,amount,amountBase,buyer,date,price,seller,side,tokenAddr,txHash
0,70000,0.749,0xdf7cd47c011f6212bf2871934f2a035f31e31abb,2017-11-02T16:05:19.000Z,0.0000107,0xdf7cd47c011f6212bf2871934f2a035f31e31abb,buy,0xdb45faeca61c70e271bffeaf66162fa68a1c4def,0xa63793cab0b8143d3fdf040de3bbf6b91c9405c112847a238014e4d72a44f6ff
1,10000,0.09889,0x75768239a714dcf95fb1ef6797df67cb55f9bf5f,2017-11-02T13:57:47.000Z,0.000009889,0x9b12d296a33f888e4f636107fbea1468167ff43c,buy,0xdb45faeca61c70e271bffeaf66162fa68a1c4def,0xf2b8044f563ddeb4b678491b42f479379e03273b5df8ca117df925eb27933ccd
2,20000,0.102,0xe6465ac907376074fbe4b900d0ab806dbf14dbde,2017-11-02T12:18:18.000Z,0.0000051,0xfe46b62a8445a5ccc9bef49ec14fa66395e40b13,sell,0xdb45faeca61c70e271bffeaf66162fa68a1c4def,0x951a8fe1de4c203223dfc2b83f739c23cda3de819f590cb9b163af865e17ee03
3,50,0.0005,0x4fda9e6bcd83af6c5cc771b5d20accc2b7720074,2017-11-02T10:05:35.000Z,0.00001,0x28df321d9885a28cfd8a4cdbd249604c30e5ff05,buy,0xdb45faeca61c70e271bffeaf66162fa68a1c4def,0x35031c864f265ba1e99eecb8a7f63fecce0fa185c8342cc94f97791942035da4
4,50,0.0005,0x3075f7f189912f4f425dd7021b9c396434197477,2017-11-02T09:53:21.000Z,0.00001,0x28df321d9885a28cfd8a4cdbd249604c30e5ff05,buy,0xdb45faeca61c70e271bffeaf66162fa68a1c4def,0x220cf66fe986dde7448eabc141874215f96518998b3e129d2629d095c33e0b58
5,285,0.00171002565,0x2a2820d424ed72e9466c89e9c7737df344be75dd,2017-11-02T09:07:07.000Z,0.00000600009,0xbbf69fa9c82932f3fbb3cff55c00c15378a609ba,sell,0xdb45faeca61c70e271bffeaf66162fa68a1c4def,0xc58900db1f1f23094e0fe56bfcc60ce9b05250b83c33e2a2345bde70d8f4fa26
6,1400,0.01134,0x28df321d9885a28cfd8a4cdbd249604c30e5ff05,2017-11-02T09:06:42.000Z,0.0000081,0xbbf69fa9c82932f3fbb3cff55c00c15378a609ba,sell,0xdb45faeca61c70e271bffeaf66162fa68a1c4def,0x85dcd8b760ce40ae4e407a73c1e6e3f1428c4e6bde69d9b210b67ffdf87f5525
7,1000,0.009,0x7af1aba9fc38c80022fe40fd561a28222db04478,2017-11-02T08:22:27.000Z,0.000009,0x8b442c5b6907c69078c442ac25b64818e683af0b,sell,0xdb45faeca61c70e271bffeaf66162fa68a1c4def,0x587c943f7a28122b86b180a00655eb1c4c61c050cdfe0704c0dc7f64bc3ab703
8,400,0.004,0x37f3fd11697bdf58a0a7be6b7e35b51edd07afac,2017-11-02T07:49:29.000Z,0.00001,0x2798573774b2f6514d917cfad5d0d17dac9cf435,buy,0xdb45faeca61c70e271bffeaf66162fa68a1c4def,0xf32fdeb64f23474d7bf9c45e8ff4966eca93fd93d6d97cb66b4d575fcbf580d6
9,299,0.00299,0x37f3fd11697bdf58a0a7be6b7e35b51edd07afac,2017-11-02T07:48:05.000Z,0.00001,0xe32c340433a440a800277ca53627d99b4414345c,buy,0xdb45faeca61c70e271bffeaf66162fa68a1c4def,0x2a11d0a50047632d57dca37b1e9de18cb0500b4940953aae4de4b2991421ed72
10,50000,0.5,0x37f3fd11697bdf58a0a7be6b7e35b51edd07afac,2017-11-02T07:25:56.000Z,0.00001,0xdf5d2aaa7769b5c8b6c534cc95651b132862b5d2,buy,0xdb45faeca61c70e271bffeaf66162fa68a1c4def,0xbd51adfc7e59fc7a661b2aff2cad4c2a965fbc44f74974891438481d6a9134ff
11,797,0.00678247,0x1fc73344279f4d402bb6eb3f41fd212013b7810c,2017-11-02T06:11:39.000Z,0.00000851,0xd7dd052ff73d9177f884592814f844a7788787d1,sell,0xdb45faeca61c70e271bffeaf66162fa68a1c4def,0x9ada40a82847811a458134f6303d6beb5c8dac15d07e4d891774b277c9629372
12,200,0.001705,0xcc1566bfa9adc2b8f64ddff7db8017c945f77830,2017-11-02T06:06:54.000Z,0.000008525,0x423b2a3ffb546d0cbaf25af92b3684a753dede35,sell,0xdb45faeca61c70e271bffeaf66162fa68a1c4def,0xd7873a0e0bb6236423ab979dcbfc88469ef28d613dfc36fd23f6e7c9d3f8cf3a
13,10,0.0001,0xc05eb25915a202c6ac9f3d9c11ab4044b6c25326,2017-11-02T05:48:45.000Z,0.00001,0x2798573774b2f6514d917cfad5d0d17dac9cf435,buy,0xdb45faeca61c70e271bffeaf66162fa68a1c4def,0xc53b879aacb3fd75aaed5b361cffad68b454928e869061f9c9de1fdb04f9b486
14,19701,0.167970726,0x1b1b7626260051158ccfb84aa06b8d862c661509,2017-11-02T05:16:39.000Z,0.000008526,0xfc5b5a90e6d724e5dd1c9c99b6b81c34544117b5,sell,0xdb45faeca61c70e271bffeaf66162fa68a1c4def,0xc9ea29eedd6f9caff8f17df5a420717fe310990a140373f43e1c4790944d6f59
15,299,0.002549274,0x1b1b7626260051158ccfb84aa06b8d862c661509,2017-11-02T05:06:02.000Z,0.000008526,0x07ee7f4efe19efef3205d25a59d682d5b4ba4b9e,sell,0xdb45faeca61c70e271bffeaf66162fa68a1c4def,0x23314e34dd8c0d64fe212491a0c99e9588e65e799d05fb1a1fb966268c44f525
16,1700,0.085,0xdf7cd47c011f6212bf2871934f2a035f31e31abb,2017-11-02T04:03:36.000Z,0.00005,0xdf7cd47c011f6212bf2871934f2a035f31e31abb,buy,0xdb45faeca61c70e271bffeaf66162fa68a1c4def,0x4977242ad903c2a55f3f190972d3ae47f807739eec7a531bab142c30f76c917a
17,3125,0.159410598,0xdf7cd47c011f6212bf2871934f2a035f31e31abb,2017-11-02T04:03:31.000Z,0.00005101139136,0xdf7cd47c011f6212bf2871934f2a035f31e31abb,buy,0xdb45faeca61c70e271bffeaf66162fa68a1c4def,0x119ae4afe8c63f05023651f22934f3e0abeb9b6c35f039624fbd0fb0466a283b
18,1700,0.09809,0xdf7cd47c011f6212bf2871934f2a035f31e31abb,2017-11-02T03:56:10.000Z,0.0000577,0xdf7cd47c011f6212bf2871934f2a035f31e31abb,buy,0xdb45faeca61c70e271bffeaf66162fa68a1c4def,0x53eb7133dfcaa22ec54c1dcae5a5a92fe16559c88a52a30142582fd5fca107f9
19,18874,0.9625893918964813,0xdf7cd47c011f6212bf2871934f2a035f31e31abb,2017-11-02T03:55:25.000Z,0.00005100081550791996,0xdf7cd47c011f6212bf2871934f2a035f31e31abb,buy,0xdb45faeca61c70e271bffeaf66162fa68a1c4def,0x97d54a84ecaddf443b2d97f7babcb6fffd0f06683d8e71b8b0b054f75d276b1d
20,23152,0.965476871324228,0xdf7cd47c011f6212bf2871934f2a035f31e31abb,2017-11-02T03:51:59.000Z,0.00004170166168470231,0xdf7cd47c011f6212bf2871934f2a035f31e31abb,buy,0xdb45faeca61c70e271bffeaf66162fa68a1c4def,0x7ec513a76c9e08deae869aa86cd0b2afca04b116506bf4293ac5338d6ab3c5df
21,19000,0.9063,0xdf7cd47c011f6212bf2871934f2a035f31e31abb,2017-11-02T03:51:09.000Z,0.0000477,0xdf7cd47c011f6212bf2871934f2a035f31e31abb,buy,0xdb45faeca61c70e271bffeaf66162fa68a1c4def,0x28bd7eb3e4c5e89018c7f21dd54c409bf3ace6cc4fc6c514d6bc5fb6b88b64ae
22,16777,0.6509476,0xdf7cd47c011f6212bf2871934f2a035f31e31abb,2017-11-02T03:50:14.000Z,0.0000388,0xdf7cd47c011f6212bf2871934f2a035f31e31abb,buy,0xdb45faeca61c70e271bffeaf66162fa68a1c4def,0xfcae433e80436d77d7e13bb47ba0cf602fb03660aab30499751652e9eaa14e3c
23,28618,0.9730442879965334,0xdf7cd47c011f6212bf2871934f2a035f31e31abb,2017-11-02T03:49:59.000Z,0.00003400112824084609,0xdf7cd47c011f6212bf2871934f2a035f31e31abb,buy,0xdb45faeca61c70e271bffeaf66162fa68a1c4def,0x7d3c8f23fade9ad1b1570c9de94ce93d4b2de4709578a7614dcb56bc1abbaad7
24,1700,0.06749,0xdf7cd47c011f6212bf2871934f2a035f31e31abb,2017-11-02T03:47:32.000Z,0.0000397,0xdf7cd47c011f6212bf2871934f2a035f31e31abb,buy,0xdb45faeca61c70e271bffeaf66162fa68a1c4def,0x609cd4cfd28ecbc58f92aec3e2008ac60af34eb68649df53be824e28c5d83116
25,22000,0.85294,0xdf7cd47c011f6212bf2871934f2a035f31e31abb,2017-11-02T03:44:11.000Z,0.00003877,0xdf7cd47c011f6212bf2871934f2a035f31e31abb,buy,0xdb45faeca61c70e271bffeaf66162fa68a1c4def,0xb62f48c4dca7bd84d0d69a7c513fcc1d93a054513b4ae48347a3ecc9271de318
26,20000,0.684,0xdf7cd47c011f6212bf2871934f2a035f31e31abb,2017-11-02T03:43:04.000Z,0.0000342,0xdf7cd47c011f6212bf2871934f2a035f31e31abb,buy,0xdb45faeca61c70e271bffeaf66162fa68a1c4def,0x4903686d41120deb03e8a69ae25c3a2e651fe8acb04534113f73eb7c4e6d7dd0
27,30000,0.96,0xdf7cd47c011f6212bf2871934f2a035f31e31abb,2017-11-02T03:42:10.000Z,0.000032,0xdf7cd47c011f6212bf2871934f2a035f31e31abb,buy,0xdb45faeca61c70e271bffeaf66162fa68a1c4def,0x60bc5bb5259388a60fdf21c0d0c10c57ad94e8c2dc9e3b570d80adf0ba31ffda
28,23588,0.9836556497243503,0xdf7cd47c011f6212bf2871934f2a035f31e31abb,2017-11-02T03:41:23.000Z,0.00004170152830779846,0xdf7cd47c011f6212bf2871934f2a035f31e31abb,buy,0xdb45faeca61c70e271bffeaf66162fa68a1c4def,0xa574462abb0b661d348da188007e44645c8489f6c3a26ea18813f2311dc8a972
29,825,0.03110663312686324,0xdf7cd47c011f6212bf2871934f2a035f31e31abb,2017-11-02T03:39:36.000Z,0.00003770500985074332,0xdf7cd47c011f6212bf2871934f2a035f31e31abb,buy,0xdb45faeca61c70e271bffeaf66162fa68a1c4def,0xf109967629e8f6996ef117daa0dbb628092ea33eab0946d6e75458e857187ccc
30,1128,0.03124802398257526,0xdf7cd47c011f6212bf2871934f2a035f31e31abb,2017-11-02T03:39:25.000Z,0.00002770214892072274,0xdf7cd47c011f6212bf2871934f2a035f31e31abb,buy,0xdb45faeca61c70e271bffeaf66162fa68a1c4def,0x7b1ceaf7ee3da803e96d37e223c99a2390fb8f189a0f533528a75da32290b1f5
31,26174,0.9867933668731368,0xdf7cd47c011f6212bf2871934f2a035f31e31abb,2017-11-02T03:36:59.000Z,0.00003770128245102532,0xdf7cd47c011f6212bf2871934f2a035f31e31abb,buy,0xdb45faeca61c70e271bffeaf66162fa68a1c4def,0xceda6f611e50e147881eff195d5c623879b1c3f11e3a315a2fc08d4b78b3efbd
32,27000,0.9639,0xdf7cd47c011f6212bf2871934f2a035f31e31abb,2017-11-02T03:35:55.000Z,0.0000357,0xdf7cd47c011f6212bf2871934f2a035f31e31abb,buy,0xdb45faeca61c70e271bffeaf66162fa68a1c4def,0x88a7f3164527cdfcd636caa6390d1d2fad7e3b99924a1da11f81efcc94e934f0
33,1700,0.0578,0xdf7cd47c011f6212bf2871934f2a035f31e31abb,2017-11-02T03:33:55.000Z,0.000034,0xdf7cd47c011f6212bf2871934f2a035f31e31abb,buy,0xdb45faeca61c70e271bffeaf66162fa68a1c4def,0xbfc856fb6fd6b6ee9ab15e0f2b818298d381fb7602e7c835aa5c3152fcc64551
34,9640,0.31812289272211797,0xdf7cd47c011f6212bf2871934f2a035f31e31abb,2017-11-02T03:33:43.000Z,0.0000330003000749085,0xdf7cd47c011f6212bf2871934f2a035f31e31abb,buy,0xdb45faeca61c70e271bffeaf66162fa68a1c4def,0x6df4d2e9b175c7934d2f80ab7fee876ea67226c2306f8426d3f420bc71b55429
35,27000,0.945,0xdf7cd47c011f6212bf2871934f2a035f31e31abb,2017-11-02T03:33:43.000Z,0.000035,0xdf7cd47c011f6212bf2871934f2a035f31e31abb,buy,0xdb45faeca61c70e271bffeaf66162fa68a1c4def,0xe230dec76475fa31c986f8f24edad884b7463b8d61cb0a461704a9f34381e379
36,25885,0.7579192353817069,0xdf7cd47c011f6212bf2871934f2a035f31e31abb,2017-11-02T03:30:42.000Z,0.0000292802486143213,0xdf7cd47c011f6212bf2871934f2a035f31e31abb,buy,0xdb45faeca61c70e271bffeaf66162fa68a1c4def,0x671ef17bbce9379cb74aed72d1f81456086a62cf9af5814e481994e2357a4606
37,34114,0.9988807646182931,0xdf7cd47c011f6212bf2871934f2a035f31e31abb,2017-11-02T03:29:11.000Z,0.00002928066965522346,0xdf7cd47c011f6212bf2871934f2a035f31e31abb,buy,0xdb45faeca61c70e271bffeaf66162fa68a1c4def,0x8a0ea771f924d6ae09ec50f169cb158da510d7cd0e74533314de95c4e07149e3
38,30359,1.001877107277882,0xdf7cd47c011f6212bf2871934f2a035f31e31abb,2017-11-02T03:27:52.000Z,0.00003300099170848453,0xdf7cd47c011f6212bf2871934f2a035f31e31abb,buy,0xdb45faeca61c70e271bffeaf66162fa68a1c4def,0xe31ea892303c2979c2bab574a4828c7959457eb9c2d0090884b56ab875486022
39,16218,0.49790864110754013,0xdf7cd47c011f6212bf2871934f2a035f31e31abb,2017-11-02T03:26:07.000Z,0.00003070098909283143,0xdf7cd47c011f6212bf2871934f2a035f31e31abb,buy,0xdb45faeca61c70e271bffeaf66162fa68a1c4def,0x09877a7954dcd7b5f9e8a02db19eb7014ee58e43141387143afc40b0362484f6
40,32781,1.0063913588924598,0xdf7cd47c011f6212bf2871934f2a035f31e31abb,2017-11-02T03:24:37.000Z,0.0000307004471764882,0xdf7cd47c011f6212bf2871934f2a035f31e31abb,buy,0xdb45faeca61c70e271bffeaf66162fa68a1c4def,0x6a09c552bbd019d4c40eb972a0490d13203f6e125c71374bf7ade96cdbc093ea
41,234,0.005115264861,0xdf7cd47c011f6212bf2871934f2a035f31e31abb,2017-11-02T03:24:26.000Z,0.00002186010624358974,0xdf7cd47c011f6212bf2871934f2a035f31e31abb,buy,0xdb45faeca61c70e271bffeaf66162fa68a1c4def,0xa36199e9485c3544f040640e4c88bf913addbbc022521e91459c56bee666bfc6
42,10000,0.2928,0xdf7cd47c011f6212bf2871934f2a035f31e31abb,2017-11-02T03:23:16.000Z,0.00002928,0xdf7cd47c011f6212bf2871934f2a035f31e31abb,buy,0xdb45faeca61c70e271bffeaf66162fa68a1c4def,0xd5e7f4220156b76f33c97a8218b7c07654211073e5d2b8475de6ea692554c906
43,1700,0.04046,0xdf7cd47c011f6212bf2871934f2a035f31e31abb,2017-11-02T03:22:42.000Z,0.0000238,0xdf7cd47c011f6212bf2871934f2a035f31e31abb,buy,0xdb45faeca61c70e271bffeaf66162fa68a1c4def,0xb07e24dc9da7e47f2059d2e3bca14d0d733a762f1053a600bb1e6c9b14db5fa1
44,28657,0.83907696,0xdf7cd47c011f6212bf2871934f2a035f31e31abb,2017-11-02T03:21:44.000Z,0.00002928,0xdf7cd47c011f6212bf2871934f2a035f31e31abb,buy,0xdb45faeca61c70e271bffeaf66162fa68a1c4def,0x135db6d56f0600bd96e94c452e1c8292bc1783b72b1cddb07c42b983e691dec6
45,1700,0.0476,0xdf7cd47c011f6212bf2871934f2a035f31e31abb,2017-11-02T03:17:25.000Z,0.000028,0xdf7cd47c011f6212bf2871934f2a035f31e31abb,buy,0xdb45faeca61c70e271bffeaf66162fa68a1c4def,0x988ad8ad35450abf4ceabb169460f2bba0ecd65334c0fcc3f4d973c4148697ef
46,36572,1.0130696760174247,0xdf7cd47c011f6212bf2871934f2a035f31e31abb,2017-11-02T03:15:48.000Z,0.00002770069113030254,0xdf7cd47c011f6212bf2871934f2a035f31e31abb,buy,0xdb45faeca61c70e271bffeaf66162fa68a1c4def,0xf677b43a13209b3220397427e2516a15722941f7cdcf61802e2bab9d12c1ce40
47,23250,0.569625,0xdf7cd47c011f6212bf2871934f2a035f31e31abb,2017-11-02T03:15:00.000Z,0.0000245,0xdf7cd47c011f6212bf2871934f2a035f31e31abb,buy,0xdb45faeca61c70e271bffeaf66162fa68a1c4def,0x02ece87dbc6bb7cfd889c00bd0a6906f40d12b16ee4b2b0e5b84a084cb1ffc74
48,1700,0.0408,0xdf7cd47c011f6212bf2871934f2a035f31e31abb,2017-11-02T03:13:23.000Z,0.000024,0xdf7cd47c011f6212bf2871934f2a035f31e31abb,buy,0xdb45faeca61c70e271bffeaf66162fa68a1c4def,0x521b46b94813b97828b89f70a6d809fd0b0c3651811b6e6e4301a0e9e52de312
49,7000,0.1547,0xdf7cd47c011f6212bf2871934f2a035f31e31abb,2017-11-02T03:12:57.000Z,0.0000221,0xdf7cd47c011f6212bf2871934f2a035f31e31abb,buy,0xdb45faeca61c70e271bffeaf66162fa68a1c4def,0x20867da9d43bb451b2682245266bb371fd130e83719ff22f5b4cdcbf7dfbf28f
50,46765,1.0184037266404147,0xdf7cd47c011f6212bf2871934f2a035f31e31abb,2017-11-02T03:11:36.000Z,0.00002177704964482871,0xdf7cd47c011f6212bf2871934f2a035f31e31abb,buy,0xdb45faeca61c70e271bffeaf66162fa68a1c4def,0x4794cd0fd15265384903ffdf0818624b57ac188ee3e893fdf5f47d96636bec73
51,1700,0.0305932,0xdf7cd47c011f6212bf2871934f2a035f31e31abb,2017-11-02T03:09:42.000Z,0.000017996,0xdf7cd47c011f6212bf2871934f2a035f31e31abb,buy,0xdb45faeca61c70e271bffeaf66162fa68a1c4def,0x6750301352186f4dd0802c0cf6dbbae6487f7414128ba18dd01119d32f1877f9
52,57000,0.91143,0xdf7cd47c011f6212bf2871934f2a035f31e31abb,2017-11-02T03:09:30.000Z,0.00001599,0xdf7cd47c011f6212bf2871934f2a035f31e31abb,buy,0xdb45faeca61c70e271bffeaf66162fa68a1c4def,0xe9a23d520b3aad75cca9b1fa3af2bcc6948745ce6154becef457a188740f4d2b
53,1400,0.020986,0xdf7cd47c011f6212bf2871934f2a035f31e31abb,2017-11-02T03:07:25.000Z,0.00001499,0xdf7cd47c011f6212bf2871934f2a035f31e31abb,buy,0xdb45faeca61c70e271bffeaf66162fa68a1c4def,0x57a4d32f23a8027a46591f4d76e7a02f8c05624449af7469fa4a5edd7c44a613
54,77000,0.962423,0xdf7cd47c011f6212bf2871934f2a035f31e31abb,2017-11-02T02:14:56.000Z,0.000012499,0xdf7cd47c011f6212bf2871934f2a035f31e31abb,buy,0xdb45faeca61c70e271bffeaf66162fa68a1c4def,0xb08d7cebca641b1a9c1df0743c4dd8e7e4b090f9230f8736b56ea271ef5f5af7
55,299,0.00254449,0x1fc73344279f4d402bb6eb3f41fd212013b7810c,2017-11-02T01:38:33.000Z,0.00000851,0x9d0f536dc95cde0486a8708e1af01a6e4a60e9b2,sell,0xdb45faeca61c70e271bffeaf66162fa68a1c4def,0xb5696ead9b1eadf6caed2efc1d97818be56e9771347c59ee3204f331a82fe1d2
56,300,0.00297,0xab45233b06b1d1f452901661f6a931c9da663cc0,2017-11-02T01:20:14.000Z,0.0000099,0x391cae7e919104499f35df632179cd5b8f015e02,buy,0xdb45faeca61c70e271bffeaf66162fa68a1c4def,0xad07c6a7fa2b1de167bbc050901fbb882c719207720180c95d548e45dadee409
57,299,0.00254449,0x1fc73344279f4d402bb6eb3f41fd212013b7810c,2017-11-02T00:58:57.000Z,0.00000851,0x17f2f425ad47a48522e730e9630e73f0a12aec02,sell,0xdb45faeca61c70e271bffeaf66162fa68a1c4def,0xb9940c37ccb70377442e9d809ffe7c663f8f6345f508826e50f615212d20a920
58,300,0.002553,0x2a298b4c8a585a2aca6e1abf72dc158ee7eada97,2017-11-01T23:30:06.000Z,0.00000851,0x04f5c03c379677dc4527d3499312f2d8934bde5c,buy,0xdb45faeca61c70e271bffeaf66162fa68a1c4def,0xb2463e36bcc242ae7e74e56026baf0bce7e0af56f0d99db7357d94a757ed871f
59,163,0.00150123,0xdf7cd47c011f6212bf2871934f2a035f31e31abb,2017-11-01T22:40:31.000Z,0.00000921,0xef66e3550569b1e22116cf6c315c40d86d373211,sell,0xdb45faeca61c70e271bffeaf66162fa68a1c4def,0xde3c6caf2dee62704403f5555b51557226eb1d5972dd48c1c672c0749d30f6b4
60,1700,0.01615,0xc456e22c41945be59d83f8e9bf121b1d8a635286,2017-11-01T22:39:54.000Z,0.0000095,0x964770094c66e72826a8ba1ab458714a0e3c2409,buy,0xdb45faeca61c70e271bffeaf66162fa68a1c4def,0x5c5e9539f0c852d3dccf557e9403a32e2fc4f02601222e113cebd9402a83619a
61,136,0.00132872,0xdf7cd47c011f6212bf2871934f2a035f31e31abb,2017-11-01T22:25:29.000Z,0.00000977,0xef66e3550569b1e22116cf6c315c40d86d373211,sell,0xdb45faeca61c70e271bffeaf66162fa68a1c4def,0x9b1262d4ca454da9e3a2d8cd631a595b15cc4f793881a5812d858f34bf70d7b6
62,100,0.00105,0xa9481a3292a51159c42f2045a716228fa01da8a3,2017-11-01T20:14:52.000Z,0.0000105,0xfc5b5a90e6d724e5dd1c9c99b6b81c34544117b5,buy,0xdb45faeca61c70e271bffeaf66162fa68a1c4def,0xe39e976eb265f355d581da2ab8241a97c33853e5149bc83f8b238f2a5b3b2f31
63,202,0.002121,0x63cd0d6d36c4b6be6df6b288d2f3efb782f919ff,2017-11-01T20:13:22.000Z,0.0000105,0xa9481a3292a51159c42f2045a716228fa01da8a3,sell,0xdb45faeca61c70e271bffeaf66162fa68a1c4def,0x6547d9e6eb780e9452fe24383ba50ee6d389452c117b669e70f75d471a27fb36
64,299,0.003139201,0xdf7cd47c011f6212bf2871934f2a035f31e31abb,2017-11-01T19:21:57.000Z,0.000010499,0xd474af8d5da4b92b51f674b937387a587a39a1a5,sell,0xdb45faeca61c70e271bffeaf66162fa68a1c4def,0x24459e364f634fa6389dfd8ba418c3aee9a66660443ac5b889fb1cd22e6509bd
65,299,0.00322023,0xdf7cd47c011f6212bf2871934f2a035f31e31abb,2017-11-01T19:14:27.000Z,0.00001077,0xfdebfd154c5d0f8ad7531361d7e479b4b59e5efb,sell,0xdb45faeca61c70e271bffeaf66162fa68a1c4def,0x1537ce7260802e9c682824ad5543ec9d8c48d4a8f3c9eb2a9b61c219875ede2c
66,300,0.00375,0xdf7cd47c011f6212bf2871934f2a035f31e31abb,2017-11-01T18:47:59.000Z,0.0000125,0xad2433afdab262f5aa4e98946c430d1e9b179b8b,buy,0xdb45faeca61c70e271bffeaf66162fa68a1c4def,0xf7ea7e8ad725905492f846ec252cf68e172c0adbac991d8079f153324f51fb9a
67,5000,0.042555,0x067be47f0d4b8380ff41321e0911a66b2b1f893e,2017-11-01T18:47:42.000Z,0.000008511,0xdf7cd47c011f6212bf2871934f2a035f31e31abb,sell,0xdb45faeca61c70e271bffeaf66162fa68a1c4def,0xdb93a04c61f14f9a6f26e0e0a1a688d3b862bcac31b1df344377ad668604f614
68,10000,0.08512,0x543a235a9515b2b10489bccd1a0287f34df5848c,2017-11-01T18:47:15.000Z,0.000008512,0xdf7cd47c011f6212bf2871934f2a035f31e31abb,sell,0xdb45faeca61c70e271bffeaf66162fa68a1c4def,0x9d64ba11ac6e669f7bda47cebfc5c1b82616d78678c39bbfb7c139f7a68940aa
69,598,0.006279,0x63cd0d6d36c4b6be6df6b288d2f3efb782f919ff,2017-11-01T18:29:24.000Z,0.0000105,0x543a235a9515b2b10489bccd1a0287f34df5848c,sell,0xdb45faeca61c70e271bffeaf66162fa68a1c4def,0xf59262b1b79b5d359a4d27830e6e0a11bc182a49af9e6e12176834c4399345bc
70,3701,0.031499211,0xe4a84c0536adb0b23419413327b2eb288a512d83,2017-11-01T16:22:24.000Z,0.000008511,0xa9481a3292a51159c42f2045a716228fa01da8a3,sell,0xdb45faeca61c70e271bffeaf66162fa68a1c4def,0xa4cbd6b0ea4a158d3652a051bf4136f2a4382430dde9da7bd37c545a81e3afa3
71,299,0.002544789,0xe4a84c0536adb0b23419413327b2eb288a512d83,2017-11-01T16:18:18.000Z,0.000008511,0xe80ba4b34b2696850cbbafd934c2dd0c3d18d26d,sell,0xdb45faeca61c70e271bffeaf66162fa68a1c4def,0x5ad18aba4f24891872b0ab5a91cef84592dcd77990e7e15e5c0fd368ac242daf
72,299,0.00254449,0x1fc73344279f4d402bb6eb3f41fd212013b7810c,2017-11-01T14:42:50.000Z,0.00000851,0x0424cd86b03a672ff4de33d01d23344b2305f641,sell,0xdb45faeca61c70e271bffeaf66162fa68a1c4def,0xfb51c3274d5f32bd1eb0c48bbc1feb81eff138b0f86955bd2938bf36b116925b
73,1894,0.016099,0x230601e5772e46987b89554ffb76eab55e1170a0,2017-11-01T13:06:56.000Z,0.0000085,0x9db1ee70e0af0baca42d8b3361b032cbe10c4ba8,sell,0xdb45faeca61c70e271bffeaf66162fa68a1c4def,0x5fffae0a30a14141574f7ae358ddedba351b0596b9cfaec184545ba97d99af0e
74,299,0.0024219,0x8b442c5b6907c69078c442ac25b64818e683af0b,2017-11-01T12:09:49.000Z,0.0000081,0x4ce32597fbe8a4097193f8a1e12befd3c51043ff,sell,0xdb45faeca61c70e271bffeaf66162fa68a1c4def,0x0ae50075c51c4eda11d663c15d4f33be06e8f5cf33d5b5721820df2dd512dccd
75,1700,0.01377,0xea77e83c306f3e3f4654e2b2e272306efc94c9bd,2017-11-01T11:26:08.000Z,0.0000081,0x6452abe798b487bc34e15baff9378c7e5b1acfd4,buy,0xdb45faeca61c70e271bffeaf66162fa68a1c4def,0x987c2f275149989feb6d53fb1e72dcbbf64b1ffcff90c21d66ded10e09a6e16b
76,1,0.000013,0x609d59802e42227942ceca5b421d0d3141cd0969,2017-11-01T10:29:18.000Z,0.000013,0xdf5d2aaa7769b5c8b6c534cc95651b132862b5d2,buy,0xdb45faeca61c70e271bffeaf66162fa68a1c4def,0x5a01c944368c2737d77ee1c498a7028ae01315567e23d7ef9d64fb27d7759e0f
77,1993,0.0155454,0x86d4b794a7ffa3a3ea81421107cf26b7ad1b3d44,2017-11-01T10:18:50.000Z,0.0000078,0xe2e53a44f71aaa1d2aa0f81dd3963f41efdfcb77,sell,0xdb45faeca61c70e271bffeaf66162fa68a1c4def,0xe01962da53456f6f0310bb4a566052413cf2d49967170a9ba2c3fcfd92297b68
78,600,0.007794,0x63cd0d6d36c4b6be6df6b288d2f3efb782f919ff,2017-11-01T10:13:09.000Z,0.00001299,0xe32c340433a440a800277ca53627d99b4414345c,buy,0xdb45faeca61c70e271bffeaf66162fa68a1c4def,0xf4a75dbdd24312a4ede2e3f3d6ee1fb49bf693848321cb02858f577a975005c4
79,23000,0.299,0xc05eb25915a202c6ac9f3d9c11ab4044b6c25326,2017-11-01T09:50:46.000Z,0.000013,0xdf5d2aaa7769b5c8b6c534cc95651b132862b5d2,buy,0xdb45faeca61c70e271bffeaf66162fa68a1c4def,0xf7409e1a6dc6a1b7ae6a5e1baec3a292c1714c102a1a98c3bef49399cd9d02e8
80,7502,0.097518498,0xc05eb25915a202c6ac9f3d9c11ab4044b6c25326,2017-11-01T09:50:44.000Z,0.000012999,0x543a235a9515b2b10489bccd1a0287f34df5848c,buy,0xdb45faeca61c70e271bffeaf66162fa68a1c4def,0xf8c24324346c66bc5d8203117ed88b59334f792626d9f728b67a30c0ec4bbc6e
81,194,0.0016878,0x1c938c6b23e6ab5b9b6f43e6b9fa45d50b107ce0,2017-11-01T08:48:42.000Z,0.0000087,0x36fef8678944d9fea67ea28f23fef98098de0995,sell,0xdb45faeca61c70e271bffeaf66162fa68a1c4def,0xe33f6a9f9f67e50beee599798b858a5b8272a597582feeb4f29eace0d0390011
82,2000,0.0166,0x304c929780c19ae230022779a75b451f63d4705f,2017-11-01T08:44:37.000Z,0.0000083,0x36fef8678944d9fea67ea28f23fef98098de0995,sell,0xdb45faeca61c70e271bffeaf66162fa68a1c4def,0xae709d6ac89e700ebf5b82ea17cefed1b106d25c49afb115b6bf2a8e9bc9ac0d
83,1900,0.01843,0x086b45fa5ff7e6956b1bf4d8befd2232ce2145e7,2017-11-01T08:37:01.000Z,0.0000097,0x36fef8678944d9fea67ea28f23fef98098de0995,sell,0xdb45faeca61c70e271bffeaf66162fa68a1c4def,0x5e8dccea7a76d3dc1b4a8963276b21a4bc2105288ec6d06adb232e40c3d26395
84,299,0.002909716394831992,0xe32c340433a440a800277ca53627d99b4414345c,2017-11-01T08:23:04.000Z,0.00000973149295930432,0x56e40443923fbb0c02b4788a1559ea1fc0306b82,buy,0xdb45faeca61c70e271bffeaf66162fa68a1c4def,0x50df6e15e7f71e9958f5da94532f0b17ccf6152b756b8921f1f2c03b8008a85e
85,300,0.0038997,0x9e80568e1a201b51e629cc32c24aeb293a85968f,2017-11-01T07:50:36.000Z,0.000012999,0x543a235a9515b2b10489bccd1a0287f34df5848c,buy,0xdb45faeca61c70e271bffeaf66162fa68a1c4def,0x7df1ac85b70baf38955ba44cb72d9b37f44b21c077af0cd46af03bafe88d0ace
86,900,0.0116991,0x9e80568e1a201b51e629cc32c24aeb293a85968f,2017-11-01T07:49:14.000Z,0.000012999,0x543a235a9515b2b10489bccd1a0287f34df5848c,buy,0xdb45faeca61c70e271bffeaf66162fa68a1c4def,0xb4ba437539f091a553e2465fe39eb2398c9b366bda7cc5adf45c487eb5c07d90
87,300,0.0036,0x9e80568e1a201b51e629cc32c24aeb293a85968f,2017-11-01T07:47:12.000Z,0.000012,0xc8e649f99b8fa38874b4b0f8e989d0dca433da61,buy,0xdb45faeca61c70e271bffeaf66162fa68a1c4def,0xae68e293b74f75876a7614031742ca3746062a9342e5ae785ddc4121b87349ac
88,200,0.002,0x9e80568e1a201b51e629cc32c24aeb293a85968f,2017-11-01T07:45:46.000Z,0.00001,0x66a9b88d6b3af31467493d4a83bf41144674035a,buy,0xdb45faeca61c70e271bffeaf66162fa68a1c4def,0xc18d929bdfca3a60d663a2a1c036c2c5eae53c810b46f435df9def7f4b9be754
89,107,0.00107,0x609d59802e42227942ceca5b421d0d3141cd0969,2017-11-01T06:48:55.000Z,0.00001,0x695b9d43733b776ea2820650ffb246082e378af4,sell,0xdb45faeca61c70e271bffeaf66162fa68a1c4def,0x9ccbacc3bd47dab6439a000be2c1c619443f680ce725df578cb436ad304fb1a8
90,694,0.00694,0x609d59802e42227942ceca5b421d0d3141cd0969,2017-11-01T06:39:59.000Z,0.00001,0xef81c273a627ffb79a7fc06d601c01d5b27c65f6,sell,0xdb45faeca61c70e271bffeaf66162fa68a1c4def,0x95b6aaddcb7dddb1041a201a18f85d62c09f148771e9d7232d9a9f3fb716c24c
91,299,0.00299,0x609d59802e42227942ceca5b421d0d3141cd0969,2017-11-01T06:27:29.000Z,0.00001,0x9f0bb02e7003767f7fe66ec6497a72e5f155c01d,sell,0xdb45faeca61c70e271bffeaf66162fa68a1c4def,0x69e86cec783ba4d75a92acbf497d51715814dba7f5979f6887fb04dfa0903bab
92,1000,0.0103,0x7af1aba9fc38c80022fe40fd561a28222db04478,2017-11-01T06:10:03.000Z,0.0000103,0xef81c273a627ffb79a7fc06d601c01d5b27c65f6,sell,0xdb45faeca61c70e271bffeaf66162fa68a1c4def,0x14a3565b36f9c69805388579afd8cd330aaf753fd96e0a63eb83b8292a9d51e3
93,1702,0.022126,0xc85073bb45458a69e1af1184d3691f6b15bc6cc2,2017-11-01T05:53:24.000Z,0.000013,0xdf5d2aaa7769b5c8b6c534cc95651b132862b5d2,buy,0xdb45faeca61c70e271bffeaf66162fa68a1c4def,0x1c50561bb43054908ffcdf88d4c78a6db5b0132d016741833893e3661493eccd
94,299,0.00299,0x609d59802e42227942ceca5b421d0d3141cd0969,2017-11-01T05:33:01.000Z,0.00001,0x1ed18caa913cafcb8b59e1d0f684671e1901c00d,sell,0xdb45faeca61c70e271bffeaf66162fa68a1c4def,0x704c9444beb7012debf718108f66cc0919a2ccd90584740de66273cd7e18469a
95,299,0.0029601,0xc85073bb45458a69e1af1184d3691f6b15bc6cc2,2017-11-01T04:23:38.000Z,0.0000099,0xee0717bfab61e234c62e10cc7a13a7c060e251df,sell,0xdb45faeca61c70e271bffeaf66162fa68a1c4def,0xd3f07319ac86c65d1057842fd123e08910f8b3880c2cc383b3643761b41dba02
96,299,0.0029601,0xc85073bb45458a69e1af1184d3691f6b15bc6cc2,2017-11-01T04:16:13.000Z,0.0000099,0x0ab17678a8146d6848c8ad9a2b168fd6c2bdb2f6,sell,0xdb45faeca61c70e271bffeaf66162fa68a1c4def,0x585d5de4370302a660c22d487c9d2ad375ebbb3aea0def6e22fe4f681bf46b00
97,5000,0.048,0x543a235a9515b2b10489bccd1a0287f34df5848c,2017-11-01T02:29:46.000Z,0.0000096,0xa18549c53ab7e81b1c9078aa746fb6e79ae80551,sell,0xdb45faeca61c70e271bffeaf66162fa68a1c4def,0x9627a73d13e76fceb42f69d6323c65d2727c7673c7614471df3d56a1070858ff
98,100,0.0011,0xcf3a26df4747e5d0990c2d1e892c6d15a4a2beaa,2017-11-01T00:58:54.000Z,0.000011,0x543a235a9515b2b10489bccd1a0287f34df5848c,sell,0xdb45faeca61c70e271bffeaf66162fa68a1c4def,0x522698a1df731aa29441629ed9a8902bf3c8f3249829a7f7813f462fce35f615
99,4801,0.0460896,0x28df321d9885a28cfd8a4cdbd249604c30e5ff05,2017-11-01T00:42:35.000Z,0.0000096,0xdf7cd47c011f6212bf2871934f2a035f31e31abb,sell,0xdb45faeca61c70e271bffeaf66162fa68a1c4def,0xb8135850513ea6060dab0f0172a9b5b89e791becec80f4ff07441499356c9d37
100,199,0.0019104,0x28df321d9885a28cfd8a4cdbd249604c30e5ff05,2017-10-31T23:57:31.000Z,0.0000096,0x850ee0810c2071205e81cf7f5a5e056736ef4567,sell,0xdb45faeca61c70e271bffeaf66162fa68a1c4def,0x9f609c6916ce72da5f898bd28018f5128148ffd2db38fc3e43874e3a4c0c79d8
101,100,0.0012,0xcf3a26df4747e5d0990c2d1e892c6d15a4a2beaa,2017-10-31T23:51:08.000Z,0.000012,0x850ee0810c2071205e81cf7f5a5e056736ef4567,sell,0xdb45faeca61c70e271bffeaf66162fa68a1c4def,0xc5adf03a50d20fb10670b7560a38db51b69da99ae3de3406a9ed30a7f7c9e157
102,1374,0.01374,0x3ff339c9b3b9af55ffe30af03484f1b3aca1a8ce,2017-10-31T21:47:15.000Z,0.00001,0xcf3a26df4747e5d0990c2d1e892c6d15a4a2beaa,buy,0xdb45faeca61c70e271bffeaf66162fa68a1c4def,0x0a7de52083778e1e32e7096996fea6f2b730a3064b3dd594d4b8f238d3f315b4
103,26,0.000263226206383238,0x3ff339c9b3b9af55ffe30af03484f1b3aca1a8ce,2017-10-31T21:45:06.000Z,0.00001012408486089376,0xcf3a26df4747e5d0990c2d1e892c6d15a4a2beaa,buy,0xdb45faeca61c70e271bffeaf66162fa68a1c4def,0xe6b74bcebe774c01fdbf50b06b5dc826e735e06ef12172fe8ec8d1713c66021e
104,100,0.0013999,0xa9481a3292a51159c42f2045a716228fa01da8a3,2017-10-31T21:26:23.000Z,0.000013999,0x715cde20fbf6e150cff8d3c6d67db661dbbdc775,buy,0xdb45faeca61c70e271bffeaf66162fa68a1c4def,0xf88df1fc31281ff2768e56177374d8aa8981ca8c13e756818844600c29a98892
105,300,0.00291,0xa0d9988eaa189db488967ae83386fc6c441a8c65,2017-10-31T21:26:23.000Z,0.0000097,0x64ede2db96373b2b64e0a6c8d2adb4ec12422d1e,sell,0xdb45faeca61c70e271bffeaf66162fa68a1c4def,0x4e29827174423dd6a8ae077ce6d03ed32484b03c3c6b689156597fd947397269
106,299,0.0029302,0xd2c694cad1be93ede30b603b26e4c80028c89fbb,2017-10-31T21:15:34.000Z,0.0000098,0x32b053dbec4e70da61fa6da70ef4bf0d86160ef5,sell,0xdb45faeca61c70e271bffeaf66162fa68a1c4def,0x718daf4d0c3e1c36fbbc4f89fcda3b6c380c5b44fe6993b54a840dac5eff47d0
107,111,0.0011322,0xa18549c53ab7e81b1c9078aa746fb6e79ae80551,2017-10-31T21:10:34.000Z,0.0000102,0x64ede2db96373b2b64e0a6c8d2adb4ec12422d1e,sell,0xdb45faeca61c70e271bffeaf66162fa68a1c4def,0x1c8753173b887e955fa7fd1eaa8c908bb5bf7a4b4e1c981f1c87187da5893a58
108,100,0.0013999,0xa18549c53ab7e81b1c9078aa746fb6e79ae80551,2017-10-31T20:46:23.000Z,0.000013999,0x715cde20fbf6e150cff8d3c6d67db661dbbdc775,buy,0xdb45faeca61c70e271bffeaf66162fa68a1c4def,0x00a6b436c1df18f3775648210abe53034372cdc3fa39a43d4a7d9f11587bd4db
109,177,0.0017346,0xd2c694cad1be93ede30b603b26e4c80028c89fbb,2017-10-31T20:33:14.000Z,0.0000098,0x67f5b5d5171b719b256bed3be30e5687a59f24d9,sell,0xdb45faeca61c70e271bffeaf66162fa68a1c4def,0xd39e49f8c73ea65647548b56c7a8301762081e1c71370ba2d45687aba0b8a652
110,122,0.00131394,0xa18549c53ab7e81b1c9078aa746fb6e79ae80551,2017-10-31T20:33:06.000Z,0.00001077,0x67f5b5d5171b719b256bed3be30e5687a59f24d9,sell,0xdb45faeca61c70e271bffeaf66162fa68a1c4def,0x49e14fd0a6dd2cef34a49084e7dbb12f913cfded1f06dc74c5a71ab713658f66
111,13,0.00014001,0xa18549c53ab7e81b1c9078aa746fb6e79ae80551,2017-10-31T19:27:57.000Z,0.00001077,0x058352fca3a740fb822bc74e5f3d33ade894086b,sell,0xdb45faeca61c70e271bffeaf66162fa68a1c4def,0x03840cf1c0b71ce2e5d74b4dae16c8f4b75971f23f51714e86ca2fc89e734f2d
112,120,0.0014124,0xa18549c53ab7e81b1c9078aa746fb6e79ae80551,2017-10-31T19:27:13.000Z,0.00001177,0x058352fca3a740fb822bc74e5f3d33ade894086b,sell,0xdb45faeca61c70e271bffeaf66162fa68a1c4def,0xd83bc5b96900072ba046ff9f3a8fec6b522074bbf9880917024da2a2711a5a47
113,166,0.0020418,0x7a9ba5e9221b8e1753a941f1fdd2fae3e9af1b1c,2017-10-31T19:26:13.000Z,0.0000123,0x058352fca3a740fb822bc74e5f3d33ade894086b,sell,0xdb45faeca61c70e271bffeaf66162fa68a1c4def,0x50725cff626444b734f36120dbfaa639a65c6986dae27916e458c4d54765ee9d
114,299,0.00322023,0xa18549c53ab7e81b1c9078aa746fb6e79ae80551,2017-10-31T19:20:37.000Z,0.00001077,0x984499cff33a132a577b2fc4a40386b60930a751,sell,0xdb45faeca61c70e271bffeaf66162fa68a1c4def,0x04ad7fbb45f168e89fae649b6c73389b2d28e0ef497e0ceb232e1269e1ce7419
115,299,0.0029302,0xd2c694cad1be93ede30b603b26e4c80028c89fbb,2017-10-31T18:54:14.000Z,0.0000098,0xcca72ddc853ad38eae133c924732327ae834ede1,sell,0xdb45faeca61c70e271bffeaf66162fa68a1c4def,0x737ab887e3308f86cf40bb4c1e1703314df0ea38b071321bce31c0cf531e9448
116,300,0.0041994,0xa18549c53ab7e81b1c9078aa746fb6e79ae80551,2017-10-31T18:47:30.000Z,0.000013998,0xc27ba127100ce61719352b8f95e568b3aa657441,buy,0xdb45faeca61c70e271bffeaf66162fa68a1c4def,0x6b7701fa6e0d3a90efc58e3e577eb947dca91c1f14bec73313f2773f20aefb66
117,266,0.003723734,0xa9481a3292a51159c42f2045a716228fa01da8a3,2017-10-31T18:35:51.000Z,0.000013999,0x715cde20fbf6e150cff8d3c6d67db661dbbdc775,buy,0xdb45faeca61c70e271bffeaf66162fa68a1c4def,0x525fa18afa94a92cc4de218a02ad1773c53ef9016e65a009239c245c0c1b3a36
118,600,0.008388,0xa9481a3292a51159c42f2045a716228fa01da8a3,2017-10-31T18:33:22.000Z,0.00001398,0x92f012808e3ac2161e8e863e4e55201044e64e85,buy,0xdb45faeca61c70e271bffeaf66162fa68a1c4def,0xd2f48e467be13d236ee38561788cfddac53c888ce9428eb750e9be9ae4b70b5d
119,1000,0.013999,0xa9481a3292a51159c42f2045a716228fa01da8a3,2017-10-31T17:54:20.000Z,0.000013999,0x715cde20fbf6e150cff8d3c6d67db661dbbdc775,buy,0xdb45faeca61c70e271bffeaf66162fa68a1c4def,0xc37f13f7155952acd9ac0615fbe3d75479f1e17aacc19e6efaa83ffe21084366
120,2100,0.02835,0xa9481a3292a51159c42f2045a716228fa01da8a3,2017-10-31T17:43:57.000Z,0.0000135,0x28df321d9885a28cfd8a4cdbd249604c30e5ff05,buy,0xdb45faeca61c70e271bffeaf66162fa68a1c4def,0xe25e1109e3e65fdac53e2c54a49556fbb20c24e7bac78258b4341e435f1d790b
121,1600,0.0192,0xa9481a3292a51159c42f2045a716228fa01da8a3,2017-10-31T17:43:46.000Z,0.000012,0x6780f75ba3e20929ec6d0de586418255cd5cb1bd,buy,0xdb45faeca61c70e271bffeaf66162fa68a1c4def,0xb5e979c8c709ed58555de591427c91d565a51d6c828b8f89915abc8f6c365a1b
122,299,0.0029302,0xd2c694cad1be93ede30b603b26e4c80028c89fbb,2017-10-31T17:28:09.000Z,0.0000098,0xb1cd4caee91590056c4bcb8fa67fa6914df4101b,sell,0xdb45faeca61c70e271bffeaf66162fa68a1c4def,0x32793ed7f8e12407b353425ef16b0a72e5ba83fb8f848fe22a7bcff8e0226a90
123,900,0.010701,0x537cb524268c26968ad512d24cb78aa7c757082d,2017-10-31T17:16:44.000Z,0.00001189,0x86d4b794a7ffa3a3ea81421107cf26b7ad1b3d44,buy,0xdb45faeca61c70e271bffeaf66162fa68a1c4def,0x2b86baca5230993ffa38275a903da28fb8b9ad733d7192bdbe5c201782979528
124,337,0.00400693,0x537cb524268c26968ad512d24cb78aa7c757082d,2017-10-31T17:15:44.000Z,0.00001189,0x86d4b794a7ffa3a3ea81421107cf26b7ad1b3d44,buy,0xdb45faeca61c70e271bffeaf66162fa68a1c4def,0x0fa0b7b003d2efbfd54c90bd418c44c0fe18b054df9c7fbba236e4edef3375f4
125,100,0.001189,0xdf7cd47c011f6212bf2871934f2a035f31e31abb,2017-10-31T17:15:01.000Z,0.00001189,0x86d4b794a7ffa3a3ea81421107cf26b7ad1b3d44,buy,0xdb45faeca61c70e271bffeaf66162fa68a1c4def,0x59825c1f91c4d7d00645811ef0fbdade2777d26be4ae481e11b613dc6774cbc0
126,1000,0.013999,0xd3488805b31ad5b3716102270aaed79af74e4573,2017-10-31T17:14:15.000Z,0.000013999,0x715cde20fbf6e150cff8d3c6d67db661dbbdc775,buy,0xdb45faeca61c70e271bffeaf66162fa68a1c4def,0x63569a170291674ac7c2208e68df9f88e70948e92117c128601ba2446458d550
127,500,0.005945,0xd3488805b31ad5b3716102270aaed79af74e4573,2017-10-31T17:12:53.000Z,0.00001189,0x86d4b794a7ffa3a3ea81421107cf26b7ad1b3d44,buy,0xdb45faeca61c70e271bffeaf66162fa68a1c4def,0xd8f9e65ded68c004c8f97bb5603ba5050d227c336fcdff985cd35ce9c2ba2130
128,300,0.0039,0xab45233b06b1d1f452901661f6a931c9da663cc0,2017-10-31T17:06:15.000Z,0.000013,0xf008944a4ece209490294c49d8fb7413b33238c5,buy,0xdb45faeca61c70e271bffeaf66162fa68a1c4def,0x0173936beb32bf6b54dfd64522c5ce9c0d548c077ba8dde6ea9b3675050352f2
129,300,0.0039,0xab45233b06b1d1f452901661f6a931c9da663cc0,2017-10-31T17:05:21.000Z,0.000013,0xa42414abd72b75866c72b0c6d5233c1809536f66,buy,0xdb45faeca61c70e271bffeaf66162fa68a1c4def,0x425a1d9b6861b28063f9a097bbd2b4d6248fd6730ba174ce638b7a391c5bab3c
130,300,0.00345,0xab45233b06b1d1f452901661f6a931c9da663cc0,2017-10-31T17:04:44.000Z,0.0000115,0x16c30df542fcc6ac9d898f3b04ca06f88874f4dd,buy,0xdb45faeca61c70e271bffeaf66162fa68a1c4def,0x7cc197da0d423907bff882b68faa7b567416825f27264d801234571bd8eebbde
131,100,0.0012,0xa0d9988eaa189db488967ae83386fc6c441a8c65,2017-10-31T16:57:55.000Z,0.000012,0x6780f75ba3e20929ec6d0de586418255cd5cb1bd,buy,0xdb45faeca61c70e271bffeaf66162fa68a1c4def,0xdec821059c02c24b003f926ab712247c5e72142b80f5f6794f23ddb201f0e1ab
132,100,0.001189,0xa9481a3292a51159c42f2045a716228fa01da8a3,2017-10-31T16:40:11.000Z,0.00001189,0x86d4b794a7ffa3a3ea81421107cf26b7ad1b3d44,buy,0xdb45faeca61c70e271bffeaf66162fa68a1c4def,0x7a642216b976b5ef6f3f0b155954e73a6a4e8d66cc9a2687768e68cb4e28fa63
133,5000,0.047,0x93e4187ec3d79e1fcee82a3458512a2b09e9b5f5,2017-10-31T16:36:43.000Z,0.0000094,0xa9481a3292a51159c42f2045a716228fa01da8a3,sell,0xdb45faeca61c70e271bffeaf66162fa68a1c4def,0x3fb73ad41b43bf3feb58448bd9455f99f3c1b3cbb2ab600141e1160d5356af24
134,2738,0.03452618,0x173426a9cc835cbb83b72180985cec8952a2a8cb,2017-10-31T16:34:40.000Z,0.00001261,0x65f2dddf638c7a7118b22d610c9aeba141f2467f,sell,0xdb45faeca61c70e271bffeaf66162fa68a1c4def,0xf8fae8f7168c78fbd86af683ae1fb9d1247a48f82de4d6cf9968ef63986f9593
135,2746,0.031579,0x65f2dddf638c7a7118b22d610c9aeba141f2467f,2017-10-31T16:34:40.000Z,0.0000115,0xb78b72808847b10ebe88f3603ad5cb8b370dd4bc,buy,0xdb45faeca61c70e271bffeaf66162fa68a1c4def,0xf8fae8f7168c78fbd86af683ae1fb9d1247a48f82de4d6cf9968ef63986f9593
136,1914,0.02275746,0xf44072eda87ede9613b6ae1b812de8a60ade27a2,2017-10-31T16:32:21.000Z,0.00001189,0x86d4b794a7ffa3a3ea81421107cf26b7ad1b3d44,buy,0xdb45faeca61c70e271bffeaf66162fa68a1c4def,0x7b63666b2fa7996c91a0fdd519f9f5ce39ae86f8d9bbf83e32c446081c2dcf35
137,1908,0.02405988,0x173426a9cc835cbb83b72180985cec8952a2a8cb,2017-10-31T16:32:21.000Z,0.00001261,0xf44072eda87ede9613b6ae1b812de8a60ade27a2,sell,0xdb45faeca61c70e271bffeaf66162fa68a1c4def,0x7b63666b2fa7996c91a0fdd519f9f5ce39ae86f8d9bbf83e32c446081c2dcf35
138,5423,0.06838403,0x173426a9cc835cbb83b72180985cec8952a2a8cb,2017-10-31T16:21:09.000Z,0.00001261,0xf44072eda87ede9613b6ae1b812de8a60ade27a2,sell,0xdb45faeca61c70e271bffeaf66162fa68a1c4def,0x9bd0c8e621a737d6091d3f317aa5ad0ea73c13904124675051c975f817746da8
139,5440,0.06256,0xf44072eda87ede9613b6ae1b812de8a60ade27a2,2017-10-31T16:21:09.000Z,0.0000115,0xb78b72808847b10ebe88f3603ad5cb8b370dd4bc,buy,0xdb45faeca61c70e271bffeaf66162fa68a1c4def,0x9bd0c8e621a737d6091d3f317aa5ad0ea73c13904124675051c975f817746da8
140,10000,0.097,0xd6fdda1fa4c34e1de87571bdd9efba9b2646c707,2017-10-31T15:43:42.000Z,0.0000097,0xe9254306fd8e3951026213c76730fe8b6739021b,sell,0xdb45faeca61c70e271bffeaf66162fa68a1c4def,0xa9f9ecc1982bd47153529d464d64e292233ff619e0f061575986e8a269313e0d
141,512,0.0050176,0xd2c694cad1be93ede30b603b26e4c80028c89fbb,2017-10-31T15:24:57.000Z,0.0000098,0x2fb78fa114374e9f6be311af209e8581c23967ca,sell,0xdb45faeca61c70e271bffeaf66162fa68a1c4def,0x8414b7ece437f1dcffdbfb1ec5d531af62971f98cfadd6d5e200996bc67e6075
142,385,0.003841145,0x1c938c6b23e6ab5b9b6f43e6b9fa45d50b107ce0,2017-10-31T15:23:04.000Z,0.000009977,0x2fb78fa114374e9f6be311af209e8581c23967ca,sell,0xdb45faeca61c70e271bffeaf66162fa68a1c4def,0xd60edc72d187e26a03e267b377a436ce5737cb2c3e51e23584f9d15f3fa6b1ea
143,20,0.00019954,0x1c938c6b23e6ab5b9b6f43e6b9fa45d50b107ce0,2017-10-31T15:17:34.000Z,0.000009977,0x42d1e57c40d47ea783c948179d5bbefa3aac97f7,sell,0xdb45faeca61c70e271bffeaf66162fa68a1c4def,0x84873bdb4a4053c64b0115924bb8596d7b658656118c850c5d2bd389f0fa8829
144,140,0.0014098,0xdf7cd47c011f6212bf2871934f2a035f31e31abb,2017-10-31T15:15:09.000Z,0.00001007,0x42d1e57c40d47ea783c948179d5bbefa3aac97f7,sell,0xdb45faeca61c70e271bffeaf66162fa68a1c4def,0x0370529ad99e7cfbeeb44b732eb4aaec487c109156c1fe0695a9b6aa01ee04ec
145,139,0.00140251,0x537cb524268c26968ad512d24cb78aa7c757082d,2017-10-31T15:14:57.000Z,0.00001009,0x42d1e57c40d47ea783c948179d5bbefa3aac97f7,sell,0xdb45faeca61c70e271bffeaf66162fa68a1c4def,0xcbe87294e7ea4ad84b5da4bb7c400db3f063670f51625ff4b59e556a54e6425f
146,295,0.002943215,0x1c938c6b23e6ab5b9b6f43e6b9fa45d50b107ce0,2017-10-31T15:05:55.000Z,0.000009977,0x270490b88d9cee7fbb12002441e9c66ccc1e8abb,sell,0xdb45faeca61c70e271bffeaf66162fa68a1c4def,0x7a5ea76cea4f654a0a8b9749c49709e59766f48d7dda634fc95a7d6622c03e79
147,1400,0.014,0xd530e787941cd4a158a72f7108efcce378cb73ea,2017-10-31T15:02:25.000Z,0.00001,0x270490b88d9cee7fbb12002441e9c66ccc1e8abb,sell,0xdb45faeca61c70e271bffeaf66162fa68a1c4def,0xa8e1ffe0a345c9144b60722de2d677fe867d2f702f061147c721b391c2d2ca20
148,1400,0.0182,0x624319d790af94ab91c1ea51ca9f4b1dd5189595,2017-10-31T14:51:02.000Z,0.000013,0xf008944a4ece209490294c49d8fb7413b33238c5,buy,0xdb45faeca61c70e271bffeaf66162fa68a1c4def,0xfeb9d322dd0839eb2992ea5bb92286e31b46d302bfadb71bedb3ddd8e580e89d
149,299,0.0036777,0x7a9ba5e9221b8e1753a941f1fdd2fae3e9af1b1c,2017-10-31T14:33:12.000Z,0.0000123,0x37ae8cf8d392f65a6517b1003d3596a722c6d94b,sell,0xdb45faeca61c70e271bffeaf66162fa68a1c4def,0x17eb40ccacfa18f46d8147933eca24205eaa98df2a6ec1a8c37c3b3cdc7d5229
150,1700,0.017153,0xf008944a4ece209490294c49d8fb7413b33238c5,2017-10-31T12:34:33.000Z,0.00001009,0xf228e9bc73c3c182983acf12a313f0f1fae8e48c,buy,0xdb45faeca61c70e271bffeaf66162fa68a1c4def,0xc04d4a91d1e936f24fc6c524855331f163914951cf78736ebecaf6ce93232e4e
151,561,0.00566049,0x537cb524268c26968ad512d24cb78aa7c757082d,2017-10-31T12:25:24.000Z,0.00001009,0x437401805369026e52313fce03b4f5a3a517fb20,sell,0xdb45faeca61c70e271bffeaf66162fa68a1c4def,0x3d668c124ed01467cb827307f33af84e7fab45579cfc7ba59b8360e0a8e040d7
152,100,0.00107,0xa0d9988eaa189db488967ae83386fc6c441a8c65,2017-10-31T12:22:56.000Z,0.0000107,0x437401805369026e52313fce03b4f5a3a517fb20,sell,0xdb45faeca61c70e271bffeaf66162fa68a1c4def,0xe6e00c9400c6dd155365021a32efe694080efaf02989665f92636e78172f9654
153,342,0.0035226,0xa18549c53ab7e81b1c9078aa746fb6e79ae80551,2017-10-31T12:22:56.000Z,0.0000103,0x437401805369026e52313fce03b4f5a3a517fb20,sell,0xdb45faeca61c70e271bffeaf66162fa68a1c4def,0xa4edf63b24ee52ae681cf2d46be253c83a084e54b14e239fc256073971076dbd
154,140,0.00153958,0xdf7cd47c011f6212bf2871934f2a035f31e31abb,2017-10-31T12:21:50.000Z,0.000010997,0x437401805369026e52313fce03b4f5a3a517fb20,sell,0xdb45faeca61c70e271bffeaf66162fa68a1c4def,0xc8995bd9ed6af486382a786664ad6e8d4ea90ad6ba3e9348fcf95161153a8855
155,277,0.002985229,0x1c938c6b23e6ab5b9b6f43e6b9fa45d50b107ce0,2017-10-31T12:21:50.000Z,0.000010777,0x437401805369026e52313fce03b4f5a3a517fb20,sell,0xdb45faeca61c70e271bffeaf66162fa68a1c4def,0x79546ae59be6a61d8de24db09337f202372407351f12eefe5e9cf35716249465
156,177,0.001907529,0xd3488805b31ad5b3716102270aaed79af74e4573,2017-10-31T12:21:50.000Z,0.000010777,0x437401805369026e52313fce03b4f5a3a517fb20,sell,0xdb45faeca61c70e271bffeaf66162fa68a1c4def,0x361178bf7000c3e01d3f8959684176c4cb2914c4d278b757fa40ad68881b26b7
157,100,0.0010999,0x537cb524268c26968ad512d24cb78aa7c757082d,2017-10-31T12:21:29.000Z,0.000010999,0x437401805369026e52313fce03b4f5a3a517fb20,sell,0xdb45faeca61c70e271bffeaf66162fa68a1c4def,0xc9b56dcce23402c2e83be18b10f571c03adf0443d69a8559749445f2a66058ad
158,4701,0.05222811,0xea77e83c306f3e3f4654e2b2e272306efc94c9bd,2017-10-31T11:31:30.000Z,0.00001111,0xe9254306fd8e3951026213c76730fe8b6739021b,sell,0xdb45faeca61c70e271bffeaf66162fa68a1c4def,0x5203b635092de862fccd72a9153ea08bed13d87695f21dce633c5f452bd70fa1
159,299,0.00332189,0xea77e83c306f3e3f4654e2b2e272306efc94c9bd,2017-10-31T11:05:23.000Z,0.00001111,0x4986ac8522e8831e71439c529e514022596c301b,sell,0xdb45faeca61c70e271bffeaf66162fa68a1c4def,0xc35e29fbd0ecebfde5ece68fe914992ef41b53682ffda7a1991072eb4a3a8048
160,100,0.0011,0x194e461959bc6d184cb611cf44a16df10a9dd4fa,2017-10-31T10:51:52.000Z,0.000011,0x4624c3879aef82a57b28bf3d77c3618d96d855fc,sell,0xdb45faeca61c70e271bffeaf66162fa68a1c4def,0x6e7c0a5c18bb5f7f3429b299f1772529dd350d6e1638b5268b6042a5208dff4c
161,1400,0.0168,0xea77e83c306f3e3f4654e2b2e272306efc94c9bd,2017-10-31T10:50:39.000Z,0.000012,0x318bd73023babf737e865228faad489024bad0ca,buy,0xdb45faeca61c70e271bffeaf66162fa68a1c4def,0x3dcb11f1fd7410ee6b3351650f34248e83859748272491eb26e83a349746dd95
162,100,0.00115,0x194e461959bc6d184cb611cf44a16df10a9dd4fa,2017-10-31T10:44:28.000Z,0.0000115,0x35c41897f9d50c7a726394cfe6e6deb6a2c1e133,sell,0xdb45faeca61c70e271bffeaf66162fa68a1c4def,0x7d31a519765e9062e6df2cce371e43dfb132a58aa3991e08c0233f95f8188ca7
163,118,0.001297882,0xdf7cd47c011f6212bf2871934f2a035f31e31abb,2017-10-31T10:42:46.000Z,0.000010999,0xc6fc6835ce16679c89567c0b33604d1e9a71bf99,sell,0xdb45faeca61c70e271bffeaf66162fa68a1c4def,0x24a6388397eab2f8c53e4fe01eaa63eda064d8e1351dc0b4839834c512615ad9
164,177,0.001947,0xd3488805b31ad5b3716102270aaed79af74e4573,2017-10-31T10:31:17.000Z,0.000011,0xc6fc6835ce16679c89567c0b33604d1e9a71bf99,sell,0xdb45faeca61c70e271bffeaf66162fa68a1c4def,0x28af9290697bb731b8633d067dc06449527d612e64fc5765d26f4e3bfb0bd6aa
165,1400,0.0153958,0xdf7cd47c011f6212bf2871934f2a035f31e31abb,2017-10-31T10:15:16.000Z,0.000010997,0xc6fc6835ce16679c89567c0b33604d1e9a71bf99,sell,0xdb45faeca61c70e271bffeaf66162fa68a1c4def,0xec3dcc3b01c7e718828d3dd9e1523390d6da0dfa6de4a228669f1d15c5fce53c
166,100,0.001161,0xd3488805b31ad5b3716102270aaed79af74e4573,2017-10-31T09:55:39.000Z,0.00001161,0x35c41897f9d50c7a726394cfe6e6deb6a2c1e133,sell,0xdb45faeca61c70e271bffeaf66162fa68a1c4def,0x718978bbc6e54782f1585703f2fb0144ddf2c04bc21af1462e18a91332c395a4
167,177,0.001960629,0x1c938c6b23e6ab5b9b6f43e6b9fa45d50b107ce0,2017-10-31T09:52:25.000Z,0.000011077,0x64ede2db96373b2b64e0a6c8d2adb4ec12422d1e,sell,0xdb45faeca61c70e271bffeaf66162fa68a1c4def,0xa8125e392dced6e4e4a7097876836c48e4ea3d822a1bf16e86959f00257c023a
168,221,0.0025857,0xa0d9988eaa189db488967ae83386fc6c441a8c65,2017-10-31T09:50:50.000Z,0.0000117,0x64ede2db96373b2b64e0a6c8d2adb4ec12422d1e,sell,0xdb45faeca61c70e271bffeaf66162fa68a1c4def,0xc7964378eb104e48c647840d7ed7178c718972519d40a5f876bb3e4446998bdd
169,50000,0.5,0xfc5b5a90e6d724e5dd1c9c99b6b81c34544117b5,2017-10-31T09:37:02.000Z,0.00001,0xe9254306fd8e3951026213c76730fe8b6739021b,sell,0xdb45faeca61c70e271bffeaf66162fa68a1c4def,0x0c2e40e3ccab52dbdc02f5be9ed73bf84014ceb8dc17155411517e3c72fcc2e1
170,556,0.0065052,0xa0d9988eaa189db488967ae83386fc6c441a8c65,2017-10-31T09:27:19.000Z,0.0000117,0x77259b80b0b7ecbfb7baaa675b9026fd3765f789,sell,0xdb45faeca61c70e271bffeaf66162fa68a1c4def,0xb714cdd0eb013bf4c0d46bf73b71fc6548f94a138354c8caecb15bd4918b9c7c
171,401,0.004722577,0x780e78a9297e6197af2e4e98b8299e5c5a7b3bb3,2017-10-31T09:25:24.000Z,0.000011777,0x77259b80b0b7ecbfb7baaa675b9026fd3765f789,sell,0xdb45faeca61c70e271bffeaf66162fa68a1c4def,0x7d19ecd8f2c4daf4e2a2fe61a0f3900de068707b9d4b1bc4bdd3e72a7943e40f
172,140,0.00167958,0xdf7cd47c011f6212bf2871934f2a035f31e31abb,2017-10-31T09:24:43.000Z,0.000011997,0x77259b80b0b7ecbfb7baaa675b9026fd3765f789,sell,0xdb45faeca61c70e271bffeaf66162fa68a1c4def,0x628ca6026be0686fe394be841e7132d1a9b82c926d7092d69d99163f1c23cf80
173,111,0.001332,0xa9481a3292a51159c42f2045a716228fa01da8a3,2017-10-31T09:23:37.000Z,0.000012,0x77259b80b0b7ecbfb7baaa675b9026fd3765f789,sell,0xdb45faeca61c70e271bffeaf66162fa68a1c4def,0x1a6c9eea4cb4a10c36f93d0aba6a5f8aad48892a4ccaa374affffb359f67ee14
174,111,0.001332,0xa9481a3292a51159c42f2045a716228fa01da8a3,2017-10-31T09:23:37.000Z,0.000012,0x77259b80b0b7ecbfb7baaa675b9026fd3765f789,sell,0xdb45faeca61c70e271bffeaf66162fa68a1c4def,0xab386da411770d7c334fcd9d207c61975418611a7d4604901263ae0948308399
175,200,0.0024,0x780e78a9297e6197af2e4e98b8299e5c5a7b3bb3,2017-10-31T09:23:29.000Z,0.000012,0x77259b80b0b7ecbfb7baaa675b9026fd3765f789,sell,0xdb45faeca61c70e271bffeaf66162fa68a1c4def,0x7262d86b582aae7de77739946ae62ef6c164d1933c4782f4a58fba2768bbc064
176,178,0.002136,0xd3488805b31ad5b3716102270aaed79af74e4573,2017-10-31T09:22:54.000Z,0.000012,0x77259b80b0b7ecbfb7baaa675b9026fd3765f789,sell,0xdb45faeca61c70e271bffeaf66162fa68a1c4def,0x82238f82f1895cf78dd29e9a88a84a89503f4577d1f624177df597f9a4658600
177,300,0.0041997,0xab45233b06b1d1f452901661f6a931c9da663cc0,2017-10-31T09:05:45.000Z,0.000013999,0xfcfa2535487c9feafd690d53e9e6a9a6fea71a46,buy,0xdb45faeca61c70e271bffeaf66162fa68a1c4def,0x93f7340d36dc2ab4e096e59d8a87fa5d11c5c55edfdf58d58e72e78b50dc5b34
178,300,0.0042,0xab45233b06b1d1f452901661f6a931c9da663cc0,2017-10-31T09:05:45.000Z,0.000014,0x7f9069bdbf9116e23e08c59695a78201100783de,buy,0xdb45faeca61c70e271bffeaf66162fa68a1c4def,0xf3c52b0c3121fa7073845dcea709af2b9034cf1ee853c25d2df1931ed54c5484
179,7841,0.0964443,0x7a9ba5e9221b8e1753a941f1fdd2fae3e9af1b1c,2017-10-31T08:17:02.000Z,0.0000123,0xe9254306fd8e3951026213c76730fe8b6739021b,sell,0xdb45faeca61c70e271bffeaf66162fa68a1c4def,0xe7d4e69911d43c45dcac20e92c381ede2831a22523c6112c64d2a47d2e05dc81
180,1694,0.0208362,0x7a9ba5e9221b8e1753a941f1fdd2fae3e9af1b1c,2017-10-31T08:13:57.000Z,0.0000123,0xd2d33fdcac630022efd218f16f8efc4191d60220,sell,0xdb45faeca61c70e271bffeaf66162fa68a1c4def,0x1aec725c3a6b4932ad369ee2c7bc2dbaa4579ce249a12ac95a2bef1c39b78b21
181,300,0.0039,0x1de0ff221a62c5a292f2818f27671c10c5fe9b68,2017-10-31T07:53:37.000Z,0.000013,0xdf7beec4a75b0971e48530c14d67385cee710b65,buy,0xdb45faeca61c70e271bffeaf66162fa68a1c4def,0x8e5d36c53fbbeca7101354d9822de256a7572e8f128bb3702aaeb5780f484047
182,0,0,0xd3488805b31ad5b3716102270aaed79af74e4573,2017-10-31T07:10:38.000Z,NaN,0xe444a40689f51f63bcd29910622035707d533d29,sell,0xdb45faeca61c70e271bffeaf66162fa68a1c4def,0x45a421c7e92a069bd6f5d87db083712a134153b1bbf586863010f41382dacf1e
183,1400,0.0196,0xd73b6a699c3fbd59a81fc139b133d7db9058eeb5,2017-10-31T06:59:40.000Z,0.000014,0xa3410448185301ce9cbd4761cea2d9296adc8812,buy,0xdb45faeca61c70e271bffeaf66162fa68a1c4def,0xfd30fdb4929b34238d9baa0d8ca9902c36d99dd60a898825e215f8cce1033459
184,300,0.0036,0xd3488805b31ad5b3716102270aaed79af74e4573,2017-10-31T05:39:54.000Z,0.000012,0x6e4e0ca28f79ff4448a3e9fbf815583c1354e216,sell,0xdb45faeca61c70e271bffeaf66162fa68a1c4def,0x8df4e8e58d56036e4f7b56dedb069765ecc9a95078b97fc3ef3a8aa0b580866a
185,300,0.003483,0x6e4e0ca28f79ff4448a3e9fbf815583c1354e216,2017-10-31T05:39:16.000Z,0.00001161,0x98408fc85b5fddd857903271865cd5586a99ee7e,buy,0xdb45faeca61c70e271bffeaf66162fa68a1c4def,0x888bdeb585ddeb14cbd0cfa349659b42d63b8a18f6ee2bd510e059c2b70c76ee
186,299,0.003588,0xd3488805b31ad5b3716102270aaed79af74e4573,2017-10-31T05:17:41.000Z,0.000012,0xb1ccc63c341fc59fb2eee8155a2ae1fb95b67904,sell,0xdb45faeca61c70e271bffeaf66162fa68a1c4def,0xfd476798fd87d5f0efa48193abc808bf61778860344f061287c2234666e38d82
187,232,0.00292552,0xf6583b9fef0f831b3ec6720c049b33531db52f8b,2017-10-31T05:12:14.000Z,0.00001261,0xf36dbca7cb5b4b272839ab84daec8976ce6291ef,sell,0xdb45faeca61c70e271bffeaf66162fa68a1c4def,0x0887daf832c335928e37b721de51e08c44188ae704b72b8f589ee25586ca45e0
188,400,0.00492,0xa18549c53ab7e81b1c9078aa746fb6e79ae80551,2017-10-31T05:12:14.000Z,0.0000123,0xf36dbca7cb5b4b272839ab84daec8976ce6291ef,sell,0xdb45faeca61c70e271bffeaf66162fa68a1c4def,0x519b3821495cdef0ebd1710f686bbefe0ec4b88c6522d05f7f65bb8e9ca1f143
189,150,0.001893,0xcc1566bfa9adc2b8f64ddff7db8017c945f77830,2017-10-31T05:12:14.000Z,0.00001262,0xf36dbca7cb5b4b272839ab84daec8976ce6291ef,sell,0xdb45faeca61c70e271bffeaf66162fa68a1c4def,0x67740f3655e558a3875f9387ed70a3986d870f074e4456b780aa3e8ab90f44bd
190,100,0.00126,0x780e78a9297e6197af2e4e98b8299e5c5a7b3bb3,2017-10-31T05:12:14.000Z,0.0000126,0xf36dbca7cb5b4b272839ab84daec8976ce6291ef,sell,0xdb45faeca61c70e271bffeaf66162fa68a1c4def,0xce8e64ea862d1ea67b4b225cf17031ed1b2266418da30bcd1c30be3ff269300c
191,151,0.0019177,0xcc1566bfa9adc2b8f64ddff7db8017c945f77830,2017-10-31T04:57:56.000Z,0.0000127,0x35c41897f9d50c7a726394cfe6e6deb6a2c1e133,sell,0xdb45faeca61c70e271bffeaf66162fa68a1c4def,0x168e11c38c05b37bc2aeb806bdcb90dda5fe3b2f858887077b721a748f90f2b9
192,0,0,0xcc1566bfa9adc2b8f64ddff7db8017c945f77830,2017-10-31T04:11:11.000Z,NaN,0xe444a40689f51f63bcd29910622035707d533d29,sell,0xdb45faeca61c70e271bffeaf66162fa68a1c4def,0xdf5be79360de13932681e9e1da7e0004da05badf3645007cc2b56c9343507b8f
193,500,0.0074945,0xcc1566bfa9adc2b8f64ddff7db8017c945f77830,2017-10-31T03:41:22.000Z,0.000014989,0xd3488805b31ad5b3716102270aaed79af74e4573,buy,0xdb45faeca61c70e271bffeaf66162fa68a1c4def,0xcdd12147b8d084e9ee14e3288a127b323f7d93b987b231221c7849dd34d85bc0
194,50,0.00074945,0xa9481a3292a51159c42f2045a716228fa01da8a3,2017-10-31T03:10:40.000Z,0.000014989,0xd3488805b31ad5b3716102270aaed79af74e4573,buy,0xdb45faeca61c70e271bffeaf66162fa68a1c4def,0x6d5f63bdc719f28f1be60c40b85736caa7959b2451cccdb130e5ab369b9ae180
195,22,0.000329758,0xa9481a3292a51159c42f2045a716228fa01da8a3,2017-10-31T03:10:08.000Z,0.000014989,0xd3488805b31ad5b3716102270aaed79af74e4573,buy,0xdb45faeca61c70e271bffeaf66162fa68a1c4def,0x70b7ac444bd65bf4740eedce0695c87ab6a2fea2251285b5bdadc088bbbedf9f
196,11,0.00016489,0xa9481a3292a51159c42f2045a716228fa01da8a3,2017-10-31T03:08:57.000Z,0.00001499,0x05c58fb41c826db1384376cb19176f9bb29fc4f6,buy,0xdb45faeca61c70e271bffeaf66162fa68a1c4def,0xf311253839859c4385413c32f50307b66dc897af07a14b112e4fd9e0f28baa60
197,40,0.00059956,0xa9481a3292a51159c42f2045a716228fa01da8a3,2017-10-31T03:08:51.000Z,0.000014989,0xd3488805b31ad5b3716102270aaed79af74e4573,buy,0xdb45faeca61c70e271bffeaf66162fa68a1c4def,0x0fd910247f656077b6c0a60953e9d3c23541a30c05e13f8e06c36e3931626b09
198,10,0.00014989,0xa9481a3292a51159c42f2045a716228fa01da8a3,2017-10-31T03:08:12.000Z,0.000014989,0xd3488805b31ad5b3716102270aaed79af74e4573,buy,0xdb45faeca61c70e271bffeaf66162fa68a1c4def,0x372e5ddf744f9c1387d21585790402f978e79f2e57a909e8ebcec6d2aa282c45
199,201,0.0025527,0xcc1566bfa9adc2b8f64ddff7db8017c945f77830,2017-10-31T03:01:31.000Z,0.0000127,0xced0e1fd2d952989489ec153b91657074259de02,sell,0xdb45faeca61c70e271bffeaf66162fa68a1c4def,0x69271136f798616b099839071f55de9b6273c6e305b499cb49fe3aeab4844c9a
200,99,0.0012573,0xcc1566bfa9adc2b8f64ddff7db8017c945f77830,2017-10-31T03:01:31.000Z,0.0000127,0xced0e1fd2d952989489ec153b91657074259de02,sell,0xdb45faeca61c70e271bffeaf66162fa68a1c4def,0x3f2249a3be1ee4a0a1617f5c6deccc51155704a5d77b6f6cabca31c489c5d9e3
201,475,0.00950475,0x194e461959bc6d184cb611cf44a16df10a9dd4fa,2017-10-31T02:44:24.000Z,0.00002001,0xd53955fa72ae2844f9add18bb455898af8e470f1,sell,0xdb45faeca61c70e271bffeaf66162fa68a1c4def,0xfb8c7eecdb4148fc0742c43af7f050f6b6d5ecd8ad12e857199ab846623e36bf
202,477,0.007150230000000001,0xd53955fa72ae2844f9add18bb455898af8e470f1,2017-10-31T02:44:24.000Z,0.00001499,0x05c58fb41c826db1384376cb19176f9bb29fc4f6,buy,0xdb45faeca61c70e271bffeaf66162fa68a1c4def,0xfb8c7eecdb4148fc0742c43af7f050f6b6d5ecd8ad12e857199ab846623e36bf
203,300,0.004497,0x537cb524268c26968ad512d24cb78aa7c757082d,2017-10-31T02:25:12.000Z,0.00001499,0x05c58fb41c826db1384376cb19176f9bb29fc4f6,buy,0xdb45faeca61c70e271bffeaf66162fa68a1c4def,0x1b12e962d4dd0fce03e0b47d0e40798bf9d1918464c02d69803764c50c9098ba
204,9923,0.12512903,0x173426a9cc835cbb83b72180985cec8952a2a8cb,2017-10-31T02:24:11.000Z,0.00001261,0x537cb524268c26968ad512d24cb78aa7c757082d,sell,0xdb45faeca61c70e271bffeaf66162fa68a1c4def,0xd84e242ce6983c27b79b94b76514d01c08d5b3b73abe1dc266b11b62763b67bd
205,10,0.00014995,0x3775d983f6890e6a09655ba0a7e45e393124aca1,2017-10-31T02:09:46.000Z,0.000014995,0xa18549c53ab7e81b1c9078aa746fb6e79ae80551,buy,0xdb45faeca61c70e271bffeaf66162fa68a1c4def,0xb3f521c03c09cb4b4629522fd209f6a6f7bbd4e9e7aba997beefd3f5e7f9fdf5
206,1399,0.020992020582365944,0x3775d983f6890e6a09655ba0a7e45e393124aca1,2017-10-31T02:07:47.000Z,0.00001500501828618008,0xd3488805b31ad5b3716102270aaed79af74e4573,buy,0xdb45faeca61c70e271bffeaf66162fa68a1c4def,0xd6e770b781b65ae6d50a963c125b00850c09e7c8fffc07922762bf240611ca24
207,1500,0.02025,0xce4e29f7bd25492509bbe004472c263d753c7c0a,2017-10-31T02:03:21.000Z,0.0000135,0x567a965250a94a9cd93e76bd4e985fdda7e06efb,sell,0xdb45faeca61c70e271bffeaf66162fa68a1c4def,0x3947c307b68782c3f594a5be5efcda151254fb4ed37754341d4085cd782c9a1d
208,1700,0.0254949,0x953823b50d896762a97f2d78b593fc08bcd850e5,2017-10-31T01:26:08.000Z,0.000014997,0xa9481a3292a51159c42f2045a716228fa01da8a3,buy,0xdb45faeca61c70e271bffeaf66162fa68a1c4def,0xf89ea46fd0bcdedfdab15432dbe590565d8768fa976832e27f5ab461eca1fe3c
209,99,0.0012573,0xcc1566bfa9adc2b8f64ddff7db8017c945f77830,2017-10-31T00:56:49.000Z,0.0000127,0xe54cf6cec956f26226c9b53cc4b9313dbbe6e300,sell,0xdb45faeca61c70e271bffeaf66162fa68a1c4def,0xd5c71676c41c52fec48f9c4a78fd1bd89552d6611ef536a679ff5ccfff66e90d
210,300,0.004482,0xdbaf12d05b2bd9e5ecfbde9383a0a9ced64a26c2,2017-10-31T00:36:39.000Z,0.00001494,0xa1c8fe68397c70fbabb4ac0d5860ad5b9d633748,buy,0xdb45faeca61c70e271bffeaf66162fa68a1c4def,0x30ecf3970a45f427032d306998efbfa06b8a148befc5253f76e02bd128ddbeaa
211,270,0.0040412541,0xdbaf12d05b2bd9e5ecfbde9383a0a9ced64a26c2,2017-10-31T00:36:39.000Z,0.00001496760777777777,0xa9fb0d773afe38beb5300658c99ffd6dac4fe10e,buy,0xdb45faeca61c70e271bffeaf66162fa68a1c4def,0x95719b945172e8b07a500bffb8688303849a09bd83740fd5725b22c3f62e703f
212,300,0.003783,0x9b86511feabff8664f87caceb31e30ef7ced0397,2017-10-30T23:04:40.000Z,0.00001261,0x702768ea4e0811a02e38c16b2ff9d418336d5ce2,buy,0xdb45faeca61c70e271bffeaf66162fa68a1c4def,0x854f6b8600ca66642128786e72106b85e567870c126d482f6fa65b3a748b8bc8
213,1400,0.020993,0x9b86511feabff8664f87caceb31e30ef7ced0397,2017-10-30T23:04:30.000Z,0.000014995,0xd3488805b31ad5b3716102270aaed79af74e4573,buy,0xdb45faeca61c70e271bffeaf66162fa68a1c4def,0x994834306365097964c0f57dc0912a40ba356bff25b802ef560e759b75af27c3
214,300,0.003783,0x9b86511feabff8664f87caceb31e30ef7ced0397,2017-10-30T23:04:25.000Z,0.00001261,0x702768ea4e0811a02e38c16b2ff9d418336d5ce2,buy,0xdb45faeca61c70e271bffeaf66162fa68a1c4def,0x854f6b8600ca66642128786e72106b85e567870c126d482f6fa65b3a748b8bc8
215,1400,0.020993,0x9b86511feabff8664f87caceb31e30ef7ced0397,2017-10-30T23:04:25.000Z,0.000014995,0xd3488805b31ad5b3716102270aaed79af74e4573,buy,0xdb45faeca61c70e271bffeaf66162fa68a1c4def,0x994834306365097964c0f57dc0912a40ba356bff25b802ef560e759b75af27c3
216,299,0.00377039,0x1de0ff221a62c5a292f2818f27671c10c5fe9b68,2017-10-30T22:28:35.000Z,0.00001261,0xc6945b49433727a14f626365dccb8f8ede98d596,sell,0xdb45faeca61c70e271bffeaf66162fa68a1c4def,0xdb5cd6111f3011b9aceba77720ebcc50c8d6a2afd44240591f778d6a1a448c63
217,329,0.004928741900109661,0xed183ef9863fb73aead27834b08c6dd56e2820ce,2017-10-30T22:26:26.000Z,0.0000149809784197862,0xa9fb0d773afe38beb5300658c99ffd6dac4fe10e,buy,0xdb45faeca61c70e271bffeaf66162fa68a1c4def,0xff92c56090ae3ed3db7ba8dada4261b16499e5d8fe8ae3dcdf6f986f683da3ad
218,117,0.00147537,0x1de0ff221a62c5a292f2818f27671c10c5fe9b68,2017-10-30T22:21:53.000Z,0.00001261,0x9eb429cb38ad55553a6e83ccacd178c7fd27a26a,sell,0xdb45faeca61c70e271bffeaf66162fa68a1c4def,0x36be26ec050bf1ffb55e562a0b34820fb2e842f7afcbf3f148c3d68e71ab5efb
219,177,0.002261529,0xd3488805b31ad5b3716102270aaed79af74e4573,2017-10-30T22:20:31.000Z,0.000012777,0x9eb429cb38ad55553a6e83ccacd178c7fd27a26a,sell,0xdb45faeca61c70e271bffeaf66162fa68a1c4def,0x0f30f0e42558cd98a87c7c480b323745ecfbea996cedc2a3d472f1fb67756343
220,295,0.00383205,0xdf7cd47c011f6212bf2871934f2a035f31e31abb,2017-10-30T22:20:31.000Z,0.00001299,0x9eb429cb38ad55553a6e83ccacd178c7fd27a26a,sell,0xdb45faeca61c70e271bffeaf66162fa68a1c4def,0xc201aa86c2e288bb6d705bac15267574f7be4968112cf9d256b4ea902470ef79
221,1705,0.0215171,0xf33bc464fb8a61db1d8cce0c22dad4f833fabb2a,2017-10-30T22:19:51.000Z,0.00001262,0x9eb429cb38ad55553a6e83ccacd178c7fd27a26a,sell,0xdb45faeca61c70e271bffeaf66162fa68a1c4def,0x5ebfb684d2170d25c4732c0dbc8fc75b083247f32e4e3a9eafa6a50b01436c17
222,1400,0.020993,0xed183ef9863fb73aead27834b08c6dd56e2820ce,2017-10-30T22:16:58.000Z,0.000014995,0xd3488805b31ad5b3716102270aaed79af74e4573,buy,0xdb45faeca61c70e271bffeaf66162fa68a1c4def,0x294778b6f8ca1b918734ab0be19d6722e69f9d524b41b4227a3e7ddc6999d508
223,45,0.00058455,0xdf7cd47c011f6212bf2871934f2a035f31e31abb,2017-10-30T22:06:52.000Z,0.00001299,0x662160d0201bacbc8ea04709e8f8f724d5efe8ba,sell,0xdb45faeca61c70e271bffeaf66162fa68a1c4def,0x18e89b9cfc5cbca6a78b67c1f5af8065812508b5ee2eca842e5aa58f1f712a2b
224,254,0.003300984,0xa18549c53ab7e81b1c9078aa746fb6e79ae80551,2017-10-30T22:06:11.000Z,0.000012996,0x662160d0201bacbc8ea04709e8f8f724d5efe8ba,sell,0xdb45faeca61c70e271bffeaf66162fa68a1c4def,0x529e7c7401d8f8964cceb55bc5d504c55d83271633b73c7a9ba7d34704b65695
225,655,0.009823558967201674,0xed183ef9863fb73aead27834b08c6dd56e2820ce,2017-10-30T22:05:39.000Z,0.00001499779994992621,0xa18549c53ab7e81b1c9078aa746fb6e79ae80551,buy,0xdb45faeca61c70e271bffeaf66162fa68a1c4def,0xb56e2866d0897008c1d8671948f83a97f6b259618e8d34145095ac1c09027f7d
226,100,0.00135,0x194e461959bc6d184cb611cf44a16df10a9dd4fa,2017-10-30T21:57:03.000Z,0.0000135,0x0cccd5ccba3c9020ae048b54cc44b95f054e247e,sell,0xdb45faeca61c70e271bffeaf66162fa68a1c4def,0x04ba64874a4354bdf6fd2c3a1ea13ccbdc10b5a7dfb373a553f15ea9b5b70010
227,1400,0.0209916,0x01178ba68f17f1f65675a00fb99d8d9a3c079412,2017-10-30T21:56:45.000Z,0.000014994,0x1de0ff221a62c5a292f2818f27671c10c5fe9b68,buy,0xdb45faeca61c70e271bffeaf66162fa68a1c4def,0x958e12bfa3e935effe72f16314ac00fdc5e00944a76449b86c14c50ce2c8802e
228,199,0.002586204,0x194e461959bc6d184cb611cf44a16df10a9dd4fa,2017-10-30T21:51:03.000Z,0.000012996,0x0cccd5ccba3c9020ae048b54cc44b95f054e247e,sell,0xdb45faeca61c70e271bffeaf66162fa68a1c4def,0xc80f20c0aad06128dfb657688c019975778f259baea8a699e2e7be66f41224cd
229,177,0.002438529,0xd3488805b31ad5b3716102270aaed79af74e4573,2017-10-30T21:26:08.000Z,0.000013777,0x537cb524268c26968ad512d24cb78aa7c757082d,sell,0xdb45faeca61c70e271bffeaf66162fa68a1c4def,0x9b37af425418e6eac733f96571784a43790272c660b04067eebbc64ed525d4fd
230,1400,0.0209944,0x2d9dc8d1f14706ece468261daee11d13b379c14b,2017-10-30T21:20:20.000Z,0.000014996,0xdf7cd47c011f6212bf2871934f2a035f31e31abb,buy,0xdb45faeca61c70e271bffeaf66162fa68a1c4def,0x7e63412935eb87edf61217296759ab5b79c49858e2d7e32438473a2cbb1e4aa7
231,1400,0.020993,0xa18549c53ab7e81b1c9078aa746fb6e79ae80551,2017-10-30T21:20:20.000Z,0.000014995,0xdf7cd47c011f6212bf2871934f2a035f31e31abb,buy,0xdb45faeca61c70e271bffeaf66162fa68a1c4def,0x14655c1b024a4659fb91ba08d73f40490c957a23b4a9199f925229e2146736cf
232,446,0.005796216,0xa18549c53ab7e81b1c9078aa746fb6e79ae80551,2017-10-30T21:20:20.000Z,0.000012996,0x90aad56da23a48591d79a9873b3bd4d9e2dde91f,sell,0xdb45faeca61c70e271bffeaf66162fa68a1c4def,0xad5ecf3d127442e75b3360f147f5509b896ed2f5e19c1230a8c5a3bb0cbd4f6e
233,1400,0.020993,0xa18549c53ab7e81b1c9078aa746fb6e79ae80551,2017-10-30T21:19:23.000Z,0.000014995,0xdf7cd47c011f6212bf2871934f2a035f31e31abb,buy,0xdb45faeca61c70e271bffeaf66162fa68a1c4def,0x14655c1b024a4659fb91ba08d73f40490c957a23b4a9199f925229e2146736cf
234,1400,0.018914,0x1de0ff221a62c5a292f2818f27671c10c5fe9b68,2017-10-30T21:19:09.000Z,0.00001351,0x90aad56da23a48591d79a9873b3bd4d9e2dde91f,sell,0xdb45faeca61c70e271bffeaf66162fa68a1c4def,0xd42a309c668ed8ce4dbf0ccf84531fdffcead25e72325c7828a9459abb926d47
235,1400,0.0209958,0x4863fb18ecbe662b62c438921ff93ef2d5e9ffc0,2017-10-30T21:11:59.000Z,0.000014997,0xa0d9988eaa189db488967ae83386fc6c441a8c65,buy,0xdb45faeca61c70e271bffeaf66162fa68a1c4def,0x93efc4938413a12dd9f9825c8b77e95b494f4d2a23994135d54161a5ca8f1874
236,1400,0.0209958,0xc2f897135ac2eb4f165aa784561f7174dce55a59,2017-10-30T21:10:14.000Z,0.000014997,0x780e78a9297e6197af2e4e98b8299e5c5a7b3bb3,buy,0xdb45faeca61c70e271bffeaf66162fa68a1c4def,0xa5c9bc0f16bb8c467c46198adf97e781d41d179659f2abee1ffbf79ef5b0fc15
237,1400,0.0182,0xed39d0d4c051921767c204147628e8b219c3c2bc,2017-10-30T21:07:31.000Z,0.000013,0x1c938c6b23e6ab5b9b6f43e6b9fa45d50b107ce0,sell,0xdb45faeca61c70e271bffeaf66162fa68a1c4def,0x67ad1e0cb22c1ae6a8710d3a182d55337666c4b15a6554930fc103b32df50643
238,1400,0.0209972,0x6e4e0ca28f79ff4448a3e9fbf815583c1354e216,2017-10-30T21:03:29.000Z,0.000014998,0xa18549c53ab7e81b1c9078aa746fb6e79ae80551,buy,0xdb45faeca61c70e271bffeaf66162fa68a1c4def,0x4fe0b7793b1e8bd788a22f0c5d79e908ea6dbeade826945f25392fb5c1a7a3ea
239,1700,0.0254949,0xa9481a3292a51159c42f2045a716228fa01da8a3,2017-10-30T20:53:45.000Z,0.000014997,0xa18549c53ab7e81b1c9078aa746fb6e79ae80551,buy,0xdb45faeca61c70e271bffeaf66162fa68a1c4def,0xe4318ec87bdf81a71269f41028ee84ec99846ba22a5490f0938622f98e5b8a56
240,1700,0.0254932,0xa9481a3292a51159c42f2045a716228fa01da8a3,2017-10-30T20:11:51.000Z,0.000014996,0xa18549c53ab7e81b1c9078aa746fb6e79ae80551,buy,0xdb45faeca61c70e271bffeaf66162fa68a1c4def,0x61dca7d6a64f7f966b4727260018d574b74d45c44c77f6b77e244a8f7d96dec0
241,300,0.0044985,0xa9481a3292a51159c42f2045a716228fa01da8a3,2017-10-30T20:11:16.000Z,0.000014995,0xfa410cbf8064c8343497883ae3bcc86977307bb3,buy,0xdb45faeca61c70e271bffeaf66162fa68a1c4def,0x1de500c3ff1a997aff0aaa6fcd128d755150bc385aad02746ff5ade0cc30382e
242,5000,0.065995,0xb9560a11b1c775b6d82568d4bdcc59edb81524d1,2017-10-30T20:11:16.000Z,0.000013199,0xa9481a3292a51159c42f2045a716228fa01da8a3,sell,0xdb45faeca61c70e271bffeaf66162fa68a1c4def,0xd59bed4fb8e5e4d8be27502a4a26662c6626367676b10e30e7580a4b5c3e87e3
243,300,0.0044985,0xa9481a3292a51159c42f2045a716228fa01da8a3,2017-10-30T20:10:56.000Z,0.000014995,0xfa410cbf8064c8343497883ae3bcc86977307bb3,buy,0xdb45faeca61c70e271bffeaf66162fa68a1c4def,0x1de500c3ff1a997aff0aaa6fcd128d755150bc385aad02746ff5ade0cc30382e
244,5000,0.065995,0xb9560a11b1c775b6d82568d4bdcc59edb81524d1,2017-10-30T20:10:56.000Z,0.000013199,0xa9481a3292a51159c42f2045a716228fa01da8a3,sell,0xdb45faeca61c70e271bffeaf66162fa68a1c4def,0xd59bed4fb8e5e4d8be27502a4a26662c6626367676b10e30e7580a4b5c3e87e3
245,600,0.0089928,0xa9481a3292a51159c42f2045a716228fa01da8a3,2017-10-30T19:59:46.000Z,0.000014988,0xfa410cbf8064c8343497883ae3bcc86977307bb3,buy,0xdb45faeca61c70e271bffeaf66162fa68a1c4def,0x1954c7409bca35030a0399f5a0cc3456fcffc11ffdba73775cd93368a392aa37
246,299,0.003521323,0x780e78a9297e6197af2e4e98b8299e5c5a7b3bb3,2017-10-30T19:59:39.000Z,0.000011777,0xab70705f17b633eb08c43405328ff6f8747ebb5f,sell,0xdb45faeca61c70e271bffeaf66162fa68a1c4def,0xa624848e714998824c7a3fdde8b46cce6771729306a93f7d90e7d78d243394d7
247,402,0.005226,0x194e461959bc6d184cb611cf44a16df10a9dd4fa,2017-10-30T19:52:32.000Z,0.000013,0xa9481a3292a51159c42f2045a716228fa01da8a3,sell,0xdb45faeca61c70e271bffeaf66162fa68a1c4def,0xa27988f7819934fc2ffd3f2d6326abf4a12b4decf2c2290ba33dec2e92d05f2e
248,2000,0.0264,0xca07d32354fd95a4198d24594010f95c759683d4,2017-10-30T19:42:33.000Z,0.0000132,0xa9481a3292a51159c42f2045a716228fa01da8a3,sell,0xdb45faeca61c70e271bffeaf66162fa68a1c4def,0xa85e83cfbc5f29c67a4ddc2d132e99e7d5e4844356d8e5290fc8f6915d86aee2
249,299,0.003887,0x194e461959bc6d184cb611cf44a16df10a9dd4fa,2017-10-30T19:34:37.000Z,0.000013,0xc5c05d6d1fd05376fb992d2754f1c1d00b7eaa7f,sell,0xdb45faeca61c70e271bffeaf66162fa68a1c4def,0xc6c4585e6da84b7e00e87b7fe43f6b7dab51590b0d046036babf1c50ce9fd23f
250,270,0.00370764,0x194e461959bc6d184cb611cf44a16df10a9dd4fa,2017-10-30T19:16:14.000Z,0.000013732,0x9bcf2b81df43e7e9049d881cf3adf17a6e066047,sell,0xdb45faeca61c70e271bffeaf66162fa68a1c4def,0xd2bab962aa3b217ca65718202121bda8de0776671265a89eea427b291cbbc580
251,200,0.003,0xa9481a3292a51159c42f2045a716228fa01da8a3,2017-10-30T19:07:53.000Z,0.000015,0x9dd9ec97bb901d5fbfaa6a6bcf7d21f629960e24,buy,0xdb45faeca61c70e271bffeaf66162fa68a1c4def,0x896a7be9c7e1124d5b2b3e587e11d6b798f08e989b1277af93867ffb7b18ccb6
252,299,0.003887,0x194e461959bc6d184cb611cf44a16df10a9dd4fa,2017-10-30T19:06:37.000Z,0.000013,0xdcc6dc85f4bd7dd69380741889e93be806a4bd70,sell,0xdb45faeca61c70e271bffeaf66162fa68a1c4def,0xc9503a4ab73a6b31758a8bd2101980ad3ba443cf0f5293ed631882f2d0ee7449
253,600,0.009,0xa9481a3292a51159c42f2045a716228fa01da8a3,2017-10-30T18:29:11.000Z,0.000015,0xb1dc1e7675ded0f5185f2e005287ca8d6cb03906,buy,0xdb45faeca61c70e271bffeaf66162fa68a1c4def,0x70562998fa9f0b39d363344f08a00686d42ba6933c168ebe15061ff780096970
254,300,0.0045,0xa9481a3292a51159c42f2045a716228fa01da8a3,2017-10-30T18:28:47.000Z,0.000015,0x5c9cab2e4cdde80f194a30e3332d13212f925066,buy,0xdb45faeca61c70e271bffeaf66162fa68a1c4def,0x4ec945cc349e4c1938f0ae9b72ec3c072e3e0925f923ca95a82e5a538d22aebb
255,507,0.006962124,0x194e461959bc6d184cb611cf44a16df10a9dd4fa,2017-10-30T18:02:48.000Z,0.000013732,0x952c73db8f515b7d84a7d4f8c7bf1a2880be7f25,sell,0xdb45faeca61c70e271bffeaf66162fa68a1c4def,0xcaca1bd215ad80898233fc7da282becb3ad63e103b6f0ff70d1968226f939df6
256,158,0.00224676,0x194e461959bc6d184cb611cf44a16df10a9dd4fa,2017-10-30T18:01:33.000Z,0.00001422,0x952c73db8f515b7d84a7d4f8c7bf1a2880be7f25,sell,0xdb45faeca61c70e271bffeaf66162fa68a1c4def,0x682043c3b8f0beb826f820feb98177c6e14cb45711be773d918176ad97d9baeb
257,333,0.00490176,0x194e461959bc6d184cb611cf44a16df10a9dd4fa,2017-10-30T18:01:22.000Z,0.00001472,0x952c73db8f515b7d84a7d4f8c7bf1a2880be7f25,sell,0xdb45faeca61c70e271bffeaf66162fa68a1c4def,0xe0dd2460ba007c15fa0d0632d620743ac2248bcab16ade55737c4e0573ecfc1b
258,299,0.004485,0x194e461959bc6d184cb611cf44a16df10a9dd4fa,2017-10-30T17:07:22.000Z,0.000015,0x3b8b8995ddaa7475ad6f7cf67639e90e2a83bcf9,sell,0xdb45faeca61c70e271bffeaf66162fa68a1c4def,0xaf4aaf0c59ee5347765fc9774d9d5e6859cc4c333ec7d4670435e26d66c29608
259,195,0.0022815,0xa18549c53ab7e81b1c9078aa746fb6e79ae80551,2017-10-30T16:35:21.000Z,0.0000117,0xd562f90fb7bcd0cfc18411eefc125c70447f6210,sell,0xdb45faeca61c70e271bffeaf66162fa68a1c4def,0xd59f13c7dd596aa3b281067ae545b340d3d194a874c03fc63dccc216db376101
260,1000,0.0104,0xa18549c53ab7e81b1c9078aa746fb6e79ae80551,2017-10-30T16:33:13.000Z,0.0000104,0xd562f90fb7bcd0cfc18411eefc125c70447f6210,sell,0xdb45faeca61c70e271bffeaf66162fa68a1c4def,0xf5df4471688dafd6b39eea173e87d79f79589fd9a7af040704f47925d49f7fb4
261,299,0.0034983,0xa18549c53ab7e81b1c9078aa746fb6e79ae80551,2017-10-30T16:28:54.000Z,0.0000117,0x1ad5b64b9992b88b8c9467ebfaa218cbfa54f709,sell,0xdb45faeca61c70e271bffeaf66162fa68a1c4def,0x923bf8fb7c55857dca51bac8e2dcea37100af0c6bd532dfc53257a988948e852
262,1694,0.017941154,0xa9481a3292a51159c42f2045a716228fa01da8a3,2017-10-30T16:19:27.000Z,0.000010591,0x975af62c3a69e315ebf0a267421026ac9a66ebc6,buy,0xdb45faeca61c70e271bffeaf66162fa68a1c4def,0xa191f6a59a91d7e93d571f1dd20f609ae86ebe39b3d7bb8f421d6049b192149b
263,500,0.0052955,0xa18549c53ab7e81b1c9078aa746fb6e79ae80551,2017-10-30T16:17:45.000Z,0.000010591,0xd562f90fb7bcd0cfc18411eefc125c70447f6210,sell,0xdb45faeca61c70e271bffeaf66162fa68a1c4def,0x80c5510733595d89a500c004bf7174b8ae5f06ab0d059ea47b048de3a23c24dc
264,201,0.002210799,0xdf7cd47c011f6212bf2871934f2a035f31e31abb,2017-10-30T16:12:54.000Z,0.000010999,0x35c41897f9d50c7a726394cfe6e6deb6a2c1e133,sell,0xdb45faeca61c70e271bffeaf66162fa68a1c4def,0x6847c23ec0084b9a57f51cf4eafe0066257d0b474fa16e65055bf1c72750099b
265,1694,0.027104,0x975af62c3a69e315ebf0a267421026ac9a66ebc6,2017-10-30T16:03:14.000Z,0.000016,0xcdd33f58cf447f861af8b55e79b20df38ff855fa,sell,0xdb45faeca61c70e271bffeaf66162fa68a1c4def,0xebdf99f5bceb8ba342761129021b3b191de3d080049caec0b56387519b43d210
266,100,0.00165,0xa9481a3292a51159c42f2045a716228fa01da8a3,2017-10-30T15:57:45.000Z,0.0000165,0xe2ec0dced4b729aae8061f3ec62ab0f28b0ac0f8,buy,0xdb45faeca61c70e271bffeaf66162fa68a1c4def,0xd8df98b254cc3aca7e4b9ccaedb7652d904078747094624a06f9c28e2fda02dd
267,300,0.0048,0xa9481a3292a51159c42f2045a716228fa01da8a3,2017-10-30T15:20:46.000Z,0.000016,0x7974490ed9b0d4a7d119e0feafbd0ed4e9e79f43,buy,0xdb45faeca61c70e271bffeaf66162fa68a1c4def,0x66a6cea4c0be416668999a7a10042d82dc1167261393d39cbe09d6bd65390995
268,298,0.0044402,0xa9481a3292a51159c42f2045a716228fa01da8a3,2017-10-30T15:20:14.000Z,0.0000149,0x00bd274e1cf3d60c4c7d2a0575a2a38a4676f1e8,buy,0xdb45faeca61c70e271bffeaf66162fa68a1c4def,0x3debb55f45aedab4542d6ccbb821594e9f5fb0fb5a956993fbe214b40e24309d
269,1700,0.02311983,0xa9481a3292a51159c42f2045a716228fa01da8a3,2017-10-30T15:20:10.000Z,0.0000135999,0x0ffeb241a155c85420704efa283e4b440943d613,buy,0xdb45faeca61c70e271bffeaf66162fa68a1c4def,0x6dcad65c6d722b968a7eb32d7313ac19fc1e79b827f804b48a2c0d48ef17e621
270,50000,0.5,0x0f708bb6340efe1ae0a69cea648a31ed46e64f15,2017-10-30T15:04:55.000Z,0.00001,0xa9481a3292a51159c42f2045a716228fa01da8a3,sell,0xdb45faeca61c70e271bffeaf66162fa68a1c4def,0xf06829db5e1316a660292e16d6e86d19caa64f5584e0ec3032db488e13a727e4
271,27445,0.301895,0x1fd1603aa6631efe9af2d1f0aa197b9f8fd22ea3,2017-10-30T15:04:23.000Z,0.000011,0xa9481a3292a51159c42f2045a716228fa01da8a3,sell,0xdb45faeca61c70e271bffeaf66162fa68a1c4def,0x8f4d134e21e5027523640ec2c9cae2754a4c4d5b5184b6c1e57b9498698d2a50
272,2467,0.027137,0x1fd1603aa6631efe9af2d1f0aa197b9f8fd22ea3,2017-10-30T15:03:18.000Z,0.000011,0xa1719da09b61c6d1fe0b1254b7e5374904e03cc2,sell,0xdb45faeca61c70e271bffeaf66162fa68a1c4def,0x5c5eb439c98b571937e074a975365d0ed5dfabeea5fa6645df4da68a711dafa1
273,54380,0.59818,0x1fd1603aa6631efe9af2d1f0aa197b9f8fd22ea3,2017-10-30T15:02:18.000Z,0.000011,0xa9481a3292a51159c42f2045a716228fa01da8a3,sell,0xdb45faeca61c70e271bffeaf66162fa68a1c4def,0x0d49676566cd815eda4418994d6b838592c5fad03b3f92b6d4686611b1aa6813
274,13000,0.1430000000000013,0x4ef101828052e3b1340145926be230bda53e112b,2017-10-30T15:01:35.000Z,0.0000110000000000001,0xa9481a3292a51159c42f2045a716228fa01da8a3,sell,0xdb45faeca61c70e271bffeaf66162fa68a1c4def,0xb44c708aa1d8b9d2f898d151053c77d4afc4afede44832f0820b1297c8022a34
275,5409,0.059499,0x1fd1603aa6631efe9af2d1f0aa197b9f8fd22ea3,2017-10-30T14:37:22.000Z,0.000011,0xe9254306fd8e3951026213c76730fe8b6739021b,sell,0xdb45faeca61c70e271bffeaf66162fa68a1c4def,0x7350d0b9f65b2b7081b700582150a5ccc1349288f7c1fa4cb000171321767a1b
276,299,0.003289,0x1fd1603aa6631efe9af2d1f0aa197b9f8fd22ea3,2017-10-30T14:11:08.000Z,0.000011,0x03e7e100484c3d927e6436fc0ee4d6ddb4c9f3a5,sell,0xdb45faeca61c70e271bffeaf66162fa68a1c4def,0xe2292c36ea2844179a62def7c4cd8713a70430238e67430e40ccdd3d570c83e2
277,29701,0.356412,0x1752d38b28f8242d084079e0e620318da9d76448,2017-10-30T14:08:28.000Z,0.000012,0x523732949909c491079f7d7385d425157b27845a,sell,0xdb45faeca61c70e271bffeaf66162fa68a1c4def,0x77d507ece5100e9a8523f748911dbf4f6f9e6e299ad710e22458e283c93336c0
278,1,0.0000149,0x6cdea8e07bf82d7a07dbf36642d6e5be8623845c,2017-10-30T14:07:22.000Z,0.0000149,0x00bd274e1cf3d60c4c7d2a0575a2a38a4676f1e8,buy,0xdb45faeca61c70e271bffeaf66162fa68a1c4def,0x1c048460d21851c4fd35098ee18011c8549a2c73bddc57b80ba63f6bfedf309b
279,1,0.0000149,0x6cdea8e07bf82d7a07dbf36642d6e5be8623845c,2017-10-30T14:06:37.000Z,0.0000149,0x00bd274e1cf3d60c4c7d2a0575a2a38a4676f1e8,buy,0xdb45faeca61c70e271bffeaf66162fa68a1c4def,0x1c048460d21851c4fd35098ee18011c8549a2c73bddc57b80ba63f6bfedf309b
280,299,0.003588,0x1752d38b28f8242d084079e0e620318da9d76448,2017-10-30T13:38:43.000Z,0.000012,0xe112dfcbb4c791e9fa7f546a712e1cb78630e329,sell,0xdb45faeca61c70e271bffeaf66162fa68a1c4def,0x13a0a00c39fd82ee38ca30a2eef7e1d7dd3daabd60fb5c2fe076f617775a4365
281,3400,0.0408,0x543a235a9515b2b10489bccd1a0287f34df5848c,2017-10-30T13:35:04.000Z,0.000012,0x08f5360f7c0ac45a354b8442972a25ee605c44ea,buy,0xdb45faeca61c70e271bffeaf66162fa68a1c4def,0x899b07fc387db05f3a6eea33cba9beb0da3dc1d60088582d036a19a72e94a36c
282,10000,0.11,0x1fd1603aa6631efe9af2d1f0aa197b9f8fd22ea3,2017-10-30T11:52:33.000Z,0.000011,0xcf3a26df4747e5d0990c2d1e892c6d15a4a2beaa,sell,0xdb45faeca61c70e271bffeaf66162fa68a1c4def,0x9f4f8e3fae6647f68a3aeabf920c699295edb0c3e03cda0a3a1317c409d1f00c
283,299,0.00329199,0x00bd274e1cf3d60c4c7d2a0575a2a38a4676f1e8,2017-10-30T11:35:54.000Z,0.00001101,0x73fe3b346cf96847ab99c485cb24341d94531b51,sell,0xdb45faeca61c70e271bffeaf66162fa68a1c4def,0x390768709c81d184580290f28fdf0c6937496eab0f6935a66d062862f384775f
284,299,0.00299,0xd237b2548226e703974390d86c6fb79d1f6025d9,2017-10-30T10:48:01.000Z,0.00001,0x2b9fdf7307379a49a2192ef4ba20d9006eb38131,sell,0xdb45faeca61c70e271bffeaf66162fa68a1c4def,0x9693610c8061ccc0804e177887fa9c984c1b5e49e9f13ac72218e76a4b740a5e
285,299,0.003288701,0xdf7cd47c011f6212bf2871934f2a035f31e31abb,2017-10-30T09:57:00.000Z,0.000010999,0x83ed35c2af39a05971f44dbe95a27fa0fff8c569,sell,0xdb45faeca61c70e271bffeaf66162fa68a1c4def,0x39c6b707aaf416eea804b6d3d1f874fb834be15fdb5e4b486ea4fbce96b90166
286,2235,0.0368775,0x0f708bb6340efe1ae0a69cea648a31ed46e64f15,2017-10-30T09:54:18.000Z,0.0000165,0x8b02ca8bbe15163fb25c9e70ee2d9e3b92a1bdd0,buy,0xdb45faeca61c70e271bffeaf66162fa68a1c4def,0x9413454821164ab2cd3a923b77196cee86ec80a6dd1d6569ff30aa499e6f88a4
287,500,0.00586,0xdf7cd47c011f6212bf2871934f2a035f31e31abb,2017-10-30T09:12:07.000Z,0.00001172,0xdf252473e22254bd2741f501810ca49c92967c01,sell,0xdb45faeca61c70e271bffeaf66162fa68a1c4def,0x7e6720b4b52f79980746562ff051fad873a975c0f87e9d65140b4722c9039f9e
288,401,0.004411,0xa18549c53ab7e81b1c9078aa746fb6e79ae80551,2017-10-30T09:12:07.000Z,0.000011,0xdf252473e22254bd2741f501810ca49c92967c01,sell,0xdb45faeca61c70e271bffeaf66162fa68a1c4def,0x0347d77f84945c8a0152ed5ce221239c2090dae2706ae9111bd2bccb5273190e
289,500,0.00606,0xdf7cd47c011f6212bf2871934f2a035f31e31abb,2017-10-30T09:12:07.000Z,0.00001212,0xdf252473e22254bd2741f501810ca49c92967c01,sell,0xdb45faeca61c70e271bffeaf66162fa68a1c4def,0xeeb13a35fe0ad8941a0312d33c86442dfe425caa911e2be55e6433992b69291b
290,1377,0.01806624,0x64ede2db96373b2b64e0a6c8d2adb4ec12422d1e,2017-10-30T09:02:54.000Z,0.00001312,0x497760aac83be3a2c38b8430da2e89f827fcc8d3,buy,0xdb45faeca61c70e271bffeaf66162fa68a1c4def,0x8d058b22fd2411452f87a37ab522d1b694cdb99fce4ab6566687006caf1528b5
291,323,0.00410856,0xa18549c53ab7e81b1c9078aa746fb6e79ae80551,2017-10-30T08:57:06.000Z,0.00001272,0x497760aac83be3a2c38b8430da2e89f827fcc8d3,sell,0xdb45faeca61c70e271bffeaf66162fa68a1c4def,0xfadb31545b228740363b6bbff4adfe197959fba84345d9434892171d5afc8255
292,299,0.00392288,0xa18549c53ab7e81b1c9078aa746fb6e79ae80551,2017-10-30T07:59:01.000Z,0.00001312,0x3439ea50ed00e9ba69d195eb0b5b403b3ba5fba2,sell,0xdb45faeca61c70e271bffeaf66162fa68a1c4def,0xfe860a72003217d69dac9852865594f2758da6e2571ec108b2ecc7135c720697
293,5000,0.066,0x93e4187ec3d79e1fcee82a3458512a2b09e9b5f5,2017-10-30T07:35:35.000Z,0.0000132,0xe9254306fd8e3951026213c76730fe8b6739021b,sell,0xdb45faeca61c70e271bffeaf66162fa68a1c4def,0xd915e26b388cd84ef45a70f04c6ca92e30bbc5dc4b73c44ac71bda183c35fb55
294,9701,0.1280532,0x18d0e72b9f4ea74e4f6c40c203d4a14ed60cd9ff,2017-10-30T07:35:35.000Z,0.0000132,0xe9254306fd8e3951026213c76730fe8b6739021b,sell,0xdb45faeca61c70e271bffeaf66162fa68a1c4def,0xb3a22a12b6b622b2218c3f58900c48b8f835aa472e92bb9e0fb3fff8b4bee3ea
295,20000,0.264,0x173426a9cc835cbb83b72180985cec8952a2a8cb,2017-10-30T07:35:03.000Z,0.0000132,0xe9254306fd8e3951026213c76730fe8b6739021b,sell,0xdb45faeca61c70e271bffeaf66162fa68a1c4def,0xab27f76f6ccab7c3d6260757930fd9b8e6a53074d1267557088e3d05351e346f
296,299,0.0039468,0x18d0e72b9f4ea74e4f6c40c203d4a14ed60cd9ff,2017-10-30T07:21:27.000Z,0.0000132,0xacce16bb49ffe0450aa8ffd4fa7c24b0af2d83ca,sell,0xdb45faeca61c70e271bffeaf66162fa68a1c4def,0xb83626b573dfb0b287a193bd7e8708c76d98f2e60f0ad605f2586b4caf447d89
297,22,0.00040081635,0x1c938c6b23e6ab5b9b6f43e6b9fa45d50b107ce0,2017-10-30T06:53:19.000Z,0.000018218925,0xa9481a3292a51159c42f2045a716228fa01da8a3,buy,0xdb45faeca61c70e271bffeaf66162fa68a1c4def,0x57086445ae4f58dba371c8ed53f1b3d046a0ccf1b16ce4d2cced84d71a246147
298,5000,0.079,0x7a9abb5b252b8e4cc483ad95cf84fa9c5983dbbb,2017-10-30T06:33:42.000Z,0.0000158,0x543a235a9515b2b10489bccd1a0287f34df5848c,buy,0xdb45faeca61c70e271bffeaf66162fa68a1c4def,0xccc901a317d3edb7b579d6bb589cdef57f0753e9d613cb4f3fca18e0f8be03d0
299,2000,0.026,0xef735ff43107ddc1ea7c452c95dbedf42687d13f,2017-10-30T06:31:12.000Z,0.000013,0xa9481a3292a51159c42f2045a716228fa01da8a3,sell,0xdb45faeca61c70e271bffeaf66162fa68a1c4def,0x521f2877242548e18bdf3b8d2a3896f97a1c58d0700b453b228a5d878bd31bb8
300,300,0.0045,0xa9481a3292a51159c42f2045a716228fa01da8a3,2017-10-30T06:31:12.000Z,0.000015,0xef00d864e642f0ceb03eb7282d5602aa110215d9,buy,0xdb45faeca61c70e271bffeaf66162fa68a1c4def,0x0e0fbb8c70e70e7fc8197ce1b85703b714258cb540cf895dbd3ea68fd3448598
301,356,0.006405864,0xa18549c53ab7e81b1c9078aa746fb6e79ae80551,2017-10-30T05:02:04.000Z,0.000017994,0xa9481a3292a51159c42f2045a716228fa01da8a3,buy,0xdb45faeca61c70e271bffeaf66162fa68a1c4def,0x8590dd350d0107fe48b04437d8db1e112c43ca3279d1166d3ab9e06980e2d05e
302,9000,0.072945,0x86d4b794a7ffa3a3ea81421107cf26b7ad1b3d44,2017-10-30T04:59:35.000Z,0.000008105,0xa9481a3292a51159c42f2045a716228fa01da8a3,sell,0xdb45faeca61c70e271bffeaf66162fa68a1c4def,0x1d1fbec5ca54edab100391cc731b02db9edf841a871e27f9b0dd47bff4a46c6b
303,300,0.0047397,0xa9481a3292a51159c42f2045a716228fa01da8a3,2017-10-30T04:45:55.000Z,0.000015799,0xcc33a452f36359d837e03140e8fa379c4699753c,buy,0xdb45faeca61c70e271bffeaf66162fa68a1c4def,0xadfa3b5cdfdbfcc11d6052577784ad856253e66cbcfe5a94df6e03e1689a8d4e
304,221,0.003989725510122038,0x1c0ea315c9258a43491227c7fb67138a4aa34395,2017-10-30T04:43:21.000Z,0.00001805305660688704,0xa9481a3292a51159c42f2045a716228fa01da8a3,buy,0xdb45faeca61c70e271bffeaf66162fa68a1c4def,0x1cbfef7db68ad8f827ac9f9dcd3d65e11a9d177562c3892debda0554ed9ca2e7
305,1700,0.0305915,0xa9481a3292a51159c42f2045a716228fa01da8a3,2017-10-30T04:35:01.000Z,0.000017995,0xdf7cd47c011f6212bf2871934f2a035f31e31abb,buy,0xdb45faeca61c70e271bffeaf66162fa68a1c4def,0xfe725c1c5ccd29067f6e07e62eaf2b77f67a5c242aaa3766c33566fac02395d5
306,500,0.00665,0xdf7cd47c011f6212bf2871934f2a035f31e31abb,2017-10-30T04:33:50.000Z,0.0000133,0x0c1b0b9cf8ee4423afbf413bfbee2c70ebf70bb8,sell,0xdb45faeca61c70e271bffeaf66162fa68a1c4def,0xb72d7ca1309953cc563351691854941fb6fedc67933e1093cedefdea8793d127
307,1000,0.009991,0xa18549c53ab7e81b1c9078aa746fb6e79ae80551,2017-10-30T04:33:45.000Z,0.000009991,0x0c1b0b9cf8ee4423afbf413bfbee2c70ebf70bb8,sell,0xdb45faeca61c70e271bffeaf66162fa68a1c4def,0xeb5a56e4ada576b6f6bddd893e583c18b4fe398d0d1682d77538e478c6a5d319
308,2265,0.040767735,0xa9481a3292a51159c42f2045a716228fa01da8a3,2017-10-30T04:09:47.000Z,0.000017999,0xa18549c53ab7e81b1c9078aa746fb6e79ae80551,buy,0xdb45faeca61c70e271bffeaf66162fa68a1c4def,0xf7e7dee09816e8de65305e711970d842492fb68a56f5532522747123f675840e
309,19300,0.18335,0xc45bfa546c72c160e40a9b140d56e083cde3fc97,2017-10-30T04:07:26.000Z,0.0000095,0xa9481a3292a51159c42f2045a716228fa01da8a3,sell,0xdb45faeca61c70e271bffeaf66162fa68a1c4def,0x2a39700a62b229b24ebb6f723487a53a763afd387d1a9392e0a212e9329bcd04
310,19300,0.18335,0xc45bfa546c72c160e40a9b140d56e083cde3fc97,2017-10-30T04:06:04.000Z,0.0000095,0xa9481a3292a51159c42f2045a716228fa01da8a3,sell,0xdb45faeca61c70e271bffeaf66162fa68a1c4def,0x2a39700a62b229b24ebb6f723487a53a763afd387d1a9392e0a212e9329bcd04
311,19700,0.197,0xd237b2548226e703974390d86c6fb79d1f6025d9,2017-10-30T04:06:04.000Z,0.00001,0xa9481a3292a51159c42f2045a716228fa01da8a3,sell,0xdb45faeca61c70e271bffeaf66162fa68a1c4def,0x7992e7754a1abb63e6705a49c8e222773d1f2989678fff0eba6f5f50efffdb76
312,300,0.0051,0xa18549c53ab7e81b1c9078aa746fb6e79ae80551,2017-10-30T03:45:55.000Z,0.000017,0x9839655f716122c5fe3594a031b1b0483058d123,buy,0xdb45faeca61c70e271bffeaf66162fa68a1c4def,0x1d4d723b4b0f334dd46b334e91bf02fafadcf89d39331754134006db1fd0a3f9
313,0,0,0x2bb2d041dcbe0fe7fd2c8e8f10bbe980a148798c,2017-10-30T03:43:19.000Z,NaN,0x379374d13077e8867ef31803c37baf9785a17c00,sell,0xdb45faeca61c70e271bffeaf66162fa68a1c4def,0x4243b180cbe1cb340b4e027ffcb1ea5ab1d66c9564c9c32697f819187aeb0a72
314,0,0,0xa18549c53ab7e81b1c9078aa746fb6e79ae80551,2017-10-30T03:42:49.000Z,NaN,0x16e5d97bbc92417e051e3b2cabfbf8ceea2acb9c,sell,0xdb45faeca61c70e271bffeaf66162fa68a1c4def,0x188c980a5f3d9bff8b6909da26ea04ce3aa2830af5e5c9a2cfd8de7c5b6d69d6
315,0,0,0x2bb2d041dcbe0fe7fd2c8e8f10bbe980a148798c,2017-10-30T03:42:49.000Z,NaN,0x379374d13077e8867ef31803c37baf9785a17c00,sell,0xdb45faeca61c70e271bffeaf66162fa68a1c4def,0x4243b180cbe1cb340b4e027ffcb1ea5ab1d66c9564c9c32697f819187aeb0a72
316,1700,0.01734,0xa18549c53ab7e81b1c9078aa746fb6e79ae80551,2017-10-30T03:40:37.000Z,0.0000102,0x0c1b0b9cf8ee4423afbf413bfbee2c70ebf70bb8,sell,0xdb45faeca61c70e271bffeaf66162fa68a1c4def,0x2eeed96835cb8c7ebadc627b7cb6d35b667c0d830bde44967e80a98a1e5de981
317,1701,0.020412,0xae810cf45c532c6c2fc8aac0db1d82f1c261d1b4,2017-10-30T03:40:17.000Z,0.000012,0x0c1b0b9cf8ee4423afbf413bfbee2c70ebf70bb8,sell,0xdb45faeca61c70e271bffeaf66162fa68a1c4def,0x5e553dc9090955bca1ec872c0d817c2b5121e560311fee7c6478de4e74724ded
318,5000,0.06,0x2bb2d041dcbe0fe7fd2c8e8f10bbe980a148798c,2017-10-30T03:36:41.000Z,0.000012,0x0c1b0b9cf8ee4423afbf413bfbee2c70ebf70bb8,sell,0xdb45faeca61c70e271bffeaf66162fa68a1c4def,0x997324dc599c6e3a9fc1bdbb96be1567b0c15851d8b01144a420228134eb0e6a
319,299,0.003588,0xae810cf45c532c6c2fc8aac0db1d82f1c261d1b4,2017-10-30T03:25:26.000Z,0.000012,0xb7cb348805dc234761868b96757662741873f37a,sell,0xdb45faeca61c70e271bffeaf66162fa68a1c4def,0x8ab7892438c88544863beabd99fb7ea9425b7bc2276100dd613be5e0c771b17c
320,3400,0.0374,0x75fd09792cc1fd8421afe069adffc846f323feb3,2017-10-30T03:06:05.000Z,0.000011,0xa5a00faae95dc1d32960b419d23cdc403c3090c9,buy,0xdb45faeca61c70e271bffeaf66162fa68a1c4def,0x370291093e8afca73e28b762b9f9c3c86f3d9d88835f1b65e744766b608ca1d5
321,700,0.0132965,0xa18549c53ab7e81b1c9078aa746fb6e79ae80551,2017-10-30T02:58:18.000Z,0.000018995,0xa9481a3292a51159c42f2045a716228fa01da8a3,buy,0xdb45faeca61c70e271bffeaf66162fa68a1c4def,0x4d0eb16b7adf5f04890e22df63362de66ddbebbc7c2a657f2d378eb07fea7cc0
322,26,0.0005,0xf9695cd65d6dfdf257fab76a3eb0cb8f001971cc,2017-10-30T02:34:31.000Z,0.00001923076923076923,0xa1719da09b61c6d1fe0b1254b7e5374904e03cc2,buy,0xdb45faeca61c70e271bffeaf66162fa68a1c4def,0x226cb1e9659870749f057b73ce32873828d1dbc975fbbfdb42b33598ca467f4c
323,0,0,0x543a235a9515b2b10489bccd1a0287f34df5848c,2017-10-30T02:14:48.000Z,NaN,0x16e5d97bbc92417e051e3b2cabfbf8ceea2acb9c,sell,0xdb45faeca61c70e271bffeaf66162fa68a1c4def,0x78eb86c926d22c3dbff840211b147f979fd160972d6cb1d18e881dcd79a00dba
324,100,0.001895,0xa9481a3292a51159c42f2045a716228fa01da8a3,2017-10-30T02:14:23.000Z,0.00001895,0xa1719da09b61c6d1fe0b1254b7e5374904e03cc2,buy,0xdb45faeca61c70e271bffeaf66162fa68a1c4def,0xac2392467c979dd7afc158b59dbbff4320b046a5a0880fe62b5fdd771d03c318
325,0,0,0xa18549c53ab7e81b1c9078aa746fb6e79ae80551,2017-10-30T02:14:23.000Z,NaN,0x379374d13077e8867ef31803c37baf9785a17c00,sell,0xdb45faeca61c70e271bffeaf66162fa68a1c4def,0xb0b07be2b6792a0e5fa068c92343a06f72dcf860b0cd2b78977defd4e46e3fc8
326,800,0.0088,0xd17e01f38f53060a7c09e94bccf87f7040acfc7d,2017-10-30T02:13:20.000Z,0.000011,0x7fd93c9d8f5bc495c75b79bd35af5615e2eefcad,buy,0xdb45faeca61c70e271bffeaf66162fa68a1c4def,0x5350bd83fabd5d5174630b861f701521a58347df1b0dc80769c3b81828371f74
327,5000,0.055005,0x543a235a9515b2b10489bccd1a0287f34df5848c,2017-10-30T02:04:25.000Z,0.000011001,0xa9481a3292a51159c42f2045a716228fa01da8a3,sell,0xdb45faeca61c70e271bffeaf66162fa68a1c4def,0xebb0124b7e2b79c0226bae45ffe96ad4e193d1f6cd5060b0566a16b17c79514c
328,299,0.003289,0xa18549c53ab7e81b1c9078aa746fb6e79ae80551,2017-10-30T01:31:36.000Z,0.000011,0x4ba01ae32eabc41f4d8ed756dfa71f4e3e739426,sell,0xdb45faeca61c70e271bffeaf66162fa68a1c4def,0xab328093c47d29b571fe6c8378889136077c31ed0eac122aa6b09914721099be
329,300,0.00567,0xa18549c53ab7e81b1c9078aa746fb6e79ae80551,2017-10-30T01:09:57.000Z,0.0000189,0x501594f178d92cdd47ec34c5aeeddb37e5d14af8,buy,0xdb45faeca61c70e271bffeaf66162fa68a1c4def,0x6442c0aff1da61dc64649316fdc8796dbfbe457d913c38003c04d3a2a63d97d0
330,1700,0.0322881,0xa18549c53ab7e81b1c9078aa746fb6e79ae80551,2017-10-30T00:15:23.000Z,0.000018993,0xa9481a3292a51159c42f2045a716228fa01da8a3,buy,0xdb45faeca61c70e271bffeaf66162fa68a1c4def,0xf782ca1016f60fa93b4445e240b05a9a5ede420b17febd1bb0f84639c727b868
331,3000,0.042,0x93e4187ec3d79e1fcee82a3458512a2b09e9b5f5,2017-10-30T00:13:33.000Z,0.000014,0xa18549c53ab7e81b1c9078aa746fb6e79ae80551,sell,0xdb45faeca61c70e271bffeaf66162fa68a1c4def,0x9d5dd4be6893564f29847c5bd357f2b4e4f9f308931fce8fb68c183a5f3932e4
332,50000,0.45,0x0e2fcafe0a0da19f14c57b875a96868e79977c47,2017-10-30T00:08:24.000Z,0.000009,0xa18549c53ab7e81b1c9078aa746fb6e79ae80551,sell,0xdb45faeca61c70e271bffeaf66162fa68a1c4def,0xfb5348893220a3f5351743ab1915f1891cdb206b064cdcc804b9d96c4191adc8
333,1600,0.0303872,0xa0d9988eaa189db488967ae83386fc6c441a8c65,2017-10-29T23:59:13.000Z,0.000018992,0xa9481a3292a51159c42f2045a716228fa01da8a3,buy,0xdb45faeca61c70e271bffeaf66162fa68a1c4def,0x598f14e5f04defafb859dbbb50d425909637ed5d4288ff99d347e41b905428eb
334,100,0.0018992,0xa18549c53ab7e81b1c9078aa746fb6e79ae80551,2017-10-29T23:58:07.000Z,0.000018992,0xa9481a3292a51159c42f2045a716228fa01da8a3,buy,0xdb45faeca61c70e271bffeaf66162fa68a1c4def,0x38d326fd06dd04fa5674b85873db93fc803ecd9c0233b232df48ead96a440e7e
335,506,0.0044022,0x1c938c6b23e6ab5b9b6f43e6b9fa45d50b107ce0,2017-10-29T23:35:54.000Z,0.0000087,0x93e4187ec3d79e1fcee82a3458512a2b09e9b5f5,sell,0xdb45faeca61c70e271bffeaf66162fa68a1c4def,0xcac7c46762504da633dad710bc6ca0d1925497a44e1136dc01ad7b4eedd6e700
336,100,0.0018999,0x93e4187ec3d79e1fcee82a3458512a2b09e9b5f5,2017-10-29T23:30:58.000Z,0.000018999,0x1c938c6b23e6ab5b9b6f43e6b9fa45d50b107ce0,buy,0xdb45faeca61c70e271bffeaf66162fa68a1c4def,0x4db2e638c1c752b289be43f496f0051b817e1c607f6e25d7f5031abc33550870
337,300,0.0056982,0x93e4187ec3d79e1fcee82a3458512a2b09e9b5f5,2017-10-29T23:28:17.000Z,0.000018994,0xa9481a3292a51159c42f2045a716228fa01da8a3,buy,0xdb45faeca61c70e271bffeaf66162fa68a1c4def,0x1360e153590222f933fe4a843dee6a43a0194ab0fa4c21f90a9f57b5fa1cc864
338,1700,0.00969,0xa9481a3292a51159c42f2045a716228fa01da8a3,2017-10-29T23:19:33.000Z,0.0000057,0x93e4187ec3d79e1fcee82a3458512a2b09e9b5f5,sell,0xdb45faeca61c70e271bffeaf66162fa68a1c4def,0xb7a1160d7fee92f7966a1de649e96bf9216422f492b0509480e79d147daf07bd
339,9000,0.0288,0x7c0223d957227044ec030ef35e99b3a6fe4825a3,2017-10-29T23:19:18.000Z,0.0000032,0x93e4187ec3d79e1fcee82a3458512a2b09e9b5f5,sell,0xdb45faeca61c70e271bffeaf66162fa68a1c4def,0x21dc319008993959ffab2f3d7f9e698194a628fe6b0d98ece2884f6a3dbdcb7f
340,1000,0.0027,0xa9481a3292a51159c42f2045a716228fa01da8a3,2017-10-29T22:57:08.000Z,0.0000027,0x93e4187ec3d79e1fcee82a3458512a2b09e9b5f5,sell,0xdb45faeca61c70e271bffeaf66162fa68a1c4def,0x1ac223443583d3ac2f7bfb15f0d06dcddebef6d6acc5402359814b8a5d7fdfec
341,10000,0.0257,0x93e4187ec3d79e1fcee82a3458512a2b09e9b5f5,2017-10-29T22:53:26.000Z,0.00000257,0xf36dbca7cb5b4b272839ab84daec8976ce6291ef,sell,0xdb45faeca61c70e271bffeaf66162fa68a1c4def,0x946160b843e12f2e85070fc96b56b8bb1ede8d47fef5eb72f369dfefad6221b7
342,700,0.00217,0xa9481a3292a51159c42f2045a716228fa01da8a3,2017-10-29T22:52:36.000Z,0.0000031,0xf36dbca7cb5b4b272839ab84daec8976ce6291ef,sell,0xdb45faeca61c70e271bffeaf66162fa68a1c4def,0xb86a4334fb7e18cd6af7c35af68a0380ad9108f4320a71120743903c98942c8d
343,843,0.00408012,0x93e4187ec3d79e1fcee82a3458512a2b09e9b5f5,2017-10-29T22:52:36.000Z,0.00000484,0xf36dbca7cb5b4b272839ab84daec8976ce6291ef,sell,0xdb45faeca61c70e271bffeaf66162fa68a1c4def,0x82bbaba2dbabdbf2868c6b1fadc9583220a4b6d23108134cba63c49b8f0e9d77
344,400,0.00148,0xa9481a3292a51159c42f2045a716228fa01da8a3,2017-10-29T22:52:36.000Z,0.0000037,0xf36dbca7cb5b4b272839ab84daec8976ce6291ef,sell,0xdb45faeca61c70e271bffeaf66162fa68a1c4def,0x8bfbac2973dc35888814809a8164298c70420135968a9b4d548d7c2f121f2cab
345,25000,0.05252475,0x5830b21bedc59df678966722f49e4d7a074aaf09,2017-10-29T22:49:12.000Z,0.00000210099,0xf36dbca7cb5b4b272839ab84daec8976ce6291ef,sell,0xdb45faeca61c70e271bffeaf66162fa68a1c4def,0x3d0c46edda07b960fe3a7ee00559063643fd61c135a17e75f8e6ff72970c35ff
346,100000,0.22,0x0398032cc72ea479f6b24ebb0ccf406ddb5b4d26,2017-10-29T22:49:01.000Z,0.0000022,0xf36dbca7cb5b4b272839ab84daec8976ce6291ef,sell,0xdb45faeca61c70e271bffeaf66162fa68a1c4def,0x7f5b24a76d7013f540e497187a893f72779564fd8521082802136b3ce01052aa
347,300,0.0005403,0x273a5d3e6721b9f5c1a6474f560c1334c63dda01,2017-10-29T22:26:15.000Z,0.000001801,0xc21e2dc25f7ebcf2eaee88d6a558a60acb471ada,buy,0xdb45faeca61c70e271bffeaf66162fa68a1c4def,0xa66dd340834440e6185f3cea8a2053fa147816f257acbbb7c41db916415aab2a
348,299,0.0012259,0xa9481a3292a51159c42f2045a716228fa01da8a3,2017-10-29T22:26:15.000Z,0.0000041,0x273a5d3e6721b9f5c1a6474f560c1334c63dda01,sell,0xdb45faeca61c70e271bffeaf66162fa68a1c4def,0xa66dd340834440e6185f3cea8a2053fa147816f257acbbb7c41db916415aab2a
349,1000,0.019,0x93e4187ec3d79e1fcee82a3458512a2b09e9b5f5,2017-10-29T22:16:44.000Z,0.000019,0xd14cc8e4ae00443cc17311993cb9027048a53fc8,buy,0xdb45faeca61c70e271bffeaf66162fa68a1c4def,0x3f1bd7cfcb5a2b7d32ac3633a6754b4b9e9c64cc9dfe4986887b71d4c9fccb9b
350,100,0.0015111,0x543a235a9515b2b10489bccd1a0287f34df5848c,2017-10-29T21:48:03.000Z,0.000015111,0xc21e2dc25f7ebcf2eaee88d6a558a60acb471ada,buy,0xdb45faeca61c70e271bffeaf66162fa68a1c4def,0xa5bfae730e6cd06f73caaf924ae0d2974c5f270219611089f9889db7de600a91
351,15047,0.02559479653,0x6c4abceb16c95785c332e79213e5f143ba4e33a3,2017-10-29T21:48:03.000Z,0.00000170099,0x543a235a9515b2b10489bccd1a0287f34df5848c,sell,0xdb45faeca61c70e271bffeaf66162fa68a1c4def,0xc6b900abbb7b6817d922a7e67d864d4354d0f65784a9d8b6d92ca1ffef68ea12
352,3400,0.0425,0x543a235a9515b2b10489bccd1a0287f34df5848c,2017-10-29T21:47:44.000Z,0.0000125,0xcddb14d18ef1369cf43b9fcffcd4c44e2e0d000a,buy,0xdb45faeca61c70e271bffeaf66162fa68a1c4def,0xc5b6a8457093d84d745d4f9d663928fc53de6e633f0a71db3081a12f22165d0c
353,11093,0.155302,0x543a235a9515b2b10489bccd1a0287f34df5848c,2017-10-29T21:47:44.000Z,0.000014,0xe386eebeb7212bad789a000f57701c15197610e1,buy,0xdb45faeca61c70e271bffeaf66162fa68a1c4def,0x80e308da27e9cec86ae85a97efc43a7e2b22f204a26c32589051ceae7dbd745a
354,600,0.00726,0x543a235a9515b2b10489bccd1a0287f34df5848c,2017-10-29T21:47:31.000Z,0.0000121,0x8cc812429b60332259a42312987ef9aacdd0d4a9,buy,0xdb45faeca61c70e271bffeaf66162fa68a1c4def,0x828915d7ec05be7475ff05b0cdb6ee54cd85cffcb095eb99c45c5b17486cd243
355,4193,0.00713225107,0x6c4abceb16c95785c332e79213e5f143ba4e33a3,2017-10-29T21:47:31.000Z,0.00000170099,0x543a235a9515b2b10489bccd1a0287f34df5848c,sell,0xdb45faeca61c70e271bffeaf66162fa68a1c4def,0xd4dbd97f7156ee6ccb0228ac095b37adba077a8be339662239fb9a7e5d990c95
356,51791,0.08809597309,0x6c4abceb16c95785c332e79213e5f143ba4e33a3,2017-10-29T21:46:40.000Z,0.00000170099,0x543a235a9515b2b10489bccd1a0287f34df5848c,sell,0xdb45faeca61c70e271bffeaf66162fa68a1c4def,0x9b2fbdd38ca3a562bb734640bef8356efceae3e7b7ff5a3f2782b6e756bfa70a
357,4200,0.0483,0x543a235a9515b2b10489bccd1a0287f34df5848c,2017-10-29T21:46:40.000Z,0.0000115,0x0799376cd3d071127ea4cef6babc670047b276d3,buy,0xdb45faeca61c70e271bffeaf66162fa68a1c4def,0x4d81aa96315d9c0fb530ed08a257f915396c900b41114e558a17ae487e6a3e8d
358,9540,0.010494,0xd14cc8e4ae00443cc17311993cb9027048a53fc8,2017-10-29T20:31:47.000Z,0.0000011,0x10a5cc530f7b308652e8c9f838cad4f6a7fa25c8,sell,0xdb45faeca61c70e271bffeaf66162fa68a1c4def,0xa1a13ef323343b30188c855afbfafab74577362425d88943198380d973259a8b
359,20000,0.103,0xc21e2dc25f7ebcf2eaee88d6a558a60acb471ada,2017-10-29T20:14:11.000Z,0.00000515,0xd14cc8e4ae00443cc17311993cb9027048a53fc8,sell,0xdb45faeca61c70e271bffeaf66162fa68a1c4def,0x615c41b5ddfc71e7c781e3112824e58325d22537a8f34667297a6c4448346f12
360,30000,0.033,0xd14cc8e4ae00443cc17311993cb9027048a53fc8,2017-10-29T20:06:57.000Z,0.0000011,0x10a5cc530f7b308652e8c9f838cad4f6a7fa25c8,sell,0xdb45faeca61c70e271bffeaf66162fa68a1c4def,0x999b3c8fd7cbb969e51f5a0690424957c75167022effad6edc294731b6aebc34
361,1000,0.0014,0x780e78a9297e6197af2e4e98b8299e5c5a7b3bb3,2017-10-29T20:02:52.000Z,0.0000014,0x10a5cc530f7b308652e8c9f838cad4f6a7fa25c8,sell,0xdb45faeca61c70e271bffeaf66162fa68a1c4def,0x29d2e21a02a1cfd67440c2a12b85b9bfa2539dafc3877e26053ce70bc361e33e
362,15000,0.03,0xd14cc8e4ae00443cc17311993cb9027048a53fc8,2017-10-29T20:02:44.000Z,0.000002,0x10a5cc530f7b308652e8c9f838cad4f6a7fa25c8,sell,0xdb45faeca61c70e271bffeaf66162fa68a1c4def,0xc28ef7df8cbe3dae8e1d5e2959822b9b935b4dc2df3d4cfdcf3b73b017084f75
363,1000,0.0014,0x780e78a9297e6197af2e4e98b8299e5c5a7b3bb3,2017-10-29T20:02:44.000Z,0.0000014,0x10a5cc530f7b308652e8c9f838cad4f6a7fa25c8,sell,0xdb45faeca61c70e271bffeaf66162fa68a1c4def,0x473e7888d1d5af7d123b3fe26c6ba3b4188cc9ce677a1ac81a86db5473e6f420
364,30000,0.03,0x523732949909c491079f7d7385d425157b27845a,2017-10-29T19:59:40.000Z,0.000001,0x10a5cc530f7b308652e8c9f838cad4f6a7fa25c8,sell,0xdb45faeca61c70e271bffeaf66162fa68a1c4def,0xdfbfe880e05975e58ff49a1e2b333fc00953ae8e4fd3bcf5c544459da1f1c180
365,70000,0.084,0xdf7cd47c011f6212bf2871934f2a035f31e31abb,2017-10-29T19:58:48.000Z,0.0000012,0x10a5cc530f7b308652e8c9f838cad4f6a7fa25c8,sell,0xdb45faeca61c70e271bffeaf66162fa68a1c4def,0x5bf882abe0a387565798015f6e8aa568156449762d70b112e9c9cf468bdb4ddb
366,12966,0.0181524,0x715cde20fbf6e150cff8d3c6d67db661dbbdc775,2017-10-29T19:58:48.000Z,0.0000014,0x10a5cc530f7b308652e8c9f838cad4f6a7fa25c8,sell,0xdb45faeca61c70e271bffeaf66162fa68a1c4def,0x9e731d4174a3987e116061f80b1e52478922a7c59e6e359c40c0528596baf628
367,20000,0.04004,0xb2ca6967588b5dc4a44a8c288cce7ee2d5a50b88,2017-10-29T19:58:43.000Z,0.000002002,0x10a5cc530f7b308652e8c9f838cad4f6a7fa25c8,sell,0xdb45faeca61c70e271bffeaf66162fa68a1c4def,0x1b627e498bf7a52404c208c1fbd076be1476af5456457235a408775278381ef9
368,100000,0.3,0xa9481a3292a51159c42f2045a716228fa01da8a3,2017-10-29T19:58:43.000Z,0.000003,0x10a5cc530f7b308652e8c9f838cad4f6a7fa25c8,sell,0xdb45faeca61c70e271bffeaf66162fa68a1c4def,0x05cf06bc8067b6a8c40ac72aed5d64b81d11141453469d3e69a49944b9af78c5
369,50000,0.2,0x0398032cc72ea479f6b24ebb0ccf406ddb5b4d26,2017-10-29T19:57:51.000Z,0.000004,0x10a5cc530f7b308652e8c9f838cad4f6a7fa25c8,sell,0xdb45faeca61c70e271bffeaf66162fa68a1c4def,0x167b054b7082ec72d59f6b11369d374df2b93fc82ba25b0120ff8e2380f4c876
370,4000,0.028,0xa9481a3292a51159c42f2045a716228fa01da8a3,2017-10-29T19:57:08.000Z,0.000007,0x10a5cc530f7b308652e8c9f838cad4f6a7fa25c8,sell,0xdb45faeca61c70e271bffeaf66162fa68a1c4def,0x3114108cd7a1ed8e92b05b839fac0aec0f146cabfb504fedc436c31974f3c4e2
371,10000,0.05005,0x93bf27a3512f28a4ce66ebd0bc0fc8dfd0602448,2017-10-29T19:56:41.000Z,0.000005005,0x10a5cc530f7b308652e8c9f838cad4f6a7fa25c8,sell,0xdb45faeca61c70e271bffeaf66162fa68a1c4def,0x420cb22a91e9cac09eca155ed23a9ffd82ae267a194c6e0ece4cb2c6581f2637
372,120000,0.48012,0x9dd9ec97bb901d5fbfaa6a6bcf7d21f629960e24,2017-10-29T19:56:41.000Z,0.000004001,0x10a5cc530f7b308652e8c9f838cad4f6a7fa25c8,sell,0xdb45faeca61c70e271bffeaf66162fa68a1c4def,0xf95077343227429f0a1341831bf86c4e5e6c15cf312f543f6a45e54349cc87f6
373,10000,0.04001,0xb2ca6967588b5dc4a44a8c288cce7ee2d5a50b88,2017-10-29T19:56:41.000Z,0.000004001,0x10a5cc530f7b308652e8c9f838cad4f6a7fa25c8,sell,0xdb45faeca61c70e271bffeaf66162fa68a1c4def,0x794c7ff09d02bbe4007a7decd1b2edf832c21abbc4fe8960413a51ce3d057774
374,5000,0.025005,0x86d4b794a7ffa3a3ea81421107cf26b7ad1b3d44,2017-10-29T19:56:41.000Z,0.000005001,0x10a5cc530f7b308652e8c9f838cad4f6a7fa25c8,sell,0xdb45faeca61c70e271bffeaf66162fa68a1c4def,0x4d5849e97139ed681c144e7b4917092e13c737596e8e922c396c348a1900fbd9
375,10000,0.05,0x0c1b0b9cf8ee4423afbf413bfbee2c70ebf70bb8,2017-10-29T19:56:41.000Z,0.000005,0x10a5cc530f7b308652e8c9f838cad4f6a7fa25c8,sell,0xdb45faeca61c70e271bffeaf66162fa68a1c4def,0x3877777a426e63bb15394e5136442c4895060ab11aaf15916771fc0b419f7ac9
376,70000,0.3507,0xdf5d2aaa7769b5c8b6c534cc95651b132862b5d2,2017-10-29T19:56:27.000Z,0.00000501,0x10a5cc530f7b308652e8c9f838cad4f6a7fa25c8,sell,0xdb45faeca61c70e271bffeaf66162fa68a1c4def,0x005912d6d7fe8439e6fd0d319ed0042c99cda84f52a4a4ae03c74715a51525f7
377,5000,0.035,0xd14cc8e4ae00443cc17311993cb9027048a53fc8,2017-10-29T19:56:02.000Z,0.000007,0x10a5cc530f7b308652e8c9f838cad4f6a7fa25c8,sell,0xdb45faeca61c70e271bffeaf66162fa68a1c4def,0x1d2a4e3deb0cb33ebb24e927999ca700f09f71f1305a477fdbabd965066cc9b4
378,4000,0.0328,0xa9481a3292a51159c42f2045a716228fa01da8a3,2017-10-29T19:55:19.000Z,0.0000082,0x10a5cc530f7b308652e8c9f838cad4f6a7fa25c8,sell,0xdb45faeca61c70e271bffeaf66162fa68a1c4def,0xa661b07c59ce548d8927d26a2734c593e3e7ee6910a5d788707c981d207126aa
379,605,0.009673345,0xc74a79f53343dc9954194115f27ec121611fc9a9,2017-10-29T19:53:41.000Z,0.000015989,0xd2ea382e498316d91b9de8557670149b479721a0,sell,0xdb45faeca61c70e271bffeaf66162fa68a1c4def,0xbf65d76531b8c4aa5702d5b759f1bfa78d0d7e473e7081d95c0693812d0d9d63
380,607,0.008498,0xd2ea382e498316d91b9de8557670149b479721a0,2017-10-29T19:53:41.000Z,0.000014,0xe386eebeb7212bad789a000f57701c15197610e1,buy,0xdb45faeca61c70e271bffeaf66162fa68a1c4def,0xbf65d76531b8c4aa5702d5b759f1bfa78d0d7e473e7081d95c0693812d0d9d63
381,3000,0.0261,0xd3488805b31ad5b3716102270aaed79af74e4573,2017-10-29T19:52:30.000Z,0.0000087,0x10a5cc530f7b308652e8c9f838cad4f6a7fa25c8,sell,0xdb45faeca61c70e271bffeaf66162fa68a1c4def,0x3ae3dae8ed441f2c320cb80332fb3c6d9f990e4f7729e5d345778692554e2152
382,607,0.009705323,0xc74a79f53343dc9954194115f27ec121611fc9a9,2017-10-29T19:44:38.000Z,0.000015989,0xc74a79f53343dc9954194115f27ec121611fc9a9,sell,0xdb45faeca61c70e271bffeaf66162fa68a1c4def,0x5cf25ff551d123cdaf681a996c538809d62007e465c77326f7c39b5d222c6ad1
383,1000,0.0097,0xd3488805b31ad5b3716102270aaed79af74e4573,2017-10-29T19:42:05.000Z,0.0000097,0xc74a79f53343dc9954194115f27ec121611fc9a9,sell,0xdb45faeca61c70e271bffeaf66162fa68a1c4def,0xa54bc7764efd1e880e0667ed84202a80b23e8c38483a9bf911dcb3bbda521faa
384,10000,0.1,0x543a235a9515b2b10489bccd1a0287f34df5848c,2017-10-29T19:34:36.000Z,0.00001,0x10a5cc530f7b308652e8c9f838cad4f6a7fa25c8,sell,0xdb45faeca61c70e271bffeaf66162fa68a1c4def,0x63c4886f6d72388d52924f8f9626b54149a6b6af6bdb2f1bb22e7e777bee0f5e
385,70,0.00105,0xa18549c53ab7e81b1c9078aa746fb6e79ae80551,2017-10-29T19:06:55.000Z,0.000015,0x543a235a9515b2b10489bccd1a0287f34df5848c,sell,0xdb45faeca61c70e271bffeaf66162fa68a1c4def,0x2f36460c013c7e2e852e682d7c5085f3055df04cefb5edbaa670faa6ce55202e
386,180,0.00234,0xa0d9988eaa189db488967ae83386fc6c441a8c65,2017-10-29T19:06:55.000Z,0.000013,0x543a235a9515b2b10489bccd1a0287f34df5848c,sell,0xdb45faeca61c70e271bffeaf66162fa68a1c4def,0x0f3f98607cde1eab5203b076454bdd55ff893e7e3d0335dc588421dcad827bb1
387,200,0.0028,0x6921a7ec06d6a0d7e15b95a7b27f1ce36d9d2b40,2017-10-29T18:28:49.000Z,0.000014,0x10a5cc530f7b308652e8c9f838cad4f6a7fa25c8,sell,0xdb45faeca61c70e271bffeaf66162fa68a1c4def,0xe7985e765c573c664b6966f5ba23e01316d54deada01e8aa9b4e779fc588589c
388,1512,0.0163296,0xf33bc464fb8a61db1d8cce0c22dad4f833fabb2a,2017-10-29T18:28:24.000Z,0.0000108,0x10a5cc530f7b308652e8c9f838cad4f6a7fa25c8,sell,0xdb45faeca61c70e271bffeaf66162fa68a1c4def,0x0f341e43e5f7b060c3941211fad04d27b8943ebd6d54fddd0a816a29a7d3df1d
389,2000,0.02,0xd3488805b31ad5b3716102270aaed79af74e4573,2017-10-29T17:26:21.000Z,0.00001,0x10a5cc530f7b308652e8c9f838cad4f6a7fa25c8,sell,0xdb45faeca61c70e271bffeaf66162fa68a1c4def,0x0a176eba8aa28508bf4f1e83bca880d6784fdafdd75a275258444fff7bbc71a5
390,500,0.006385,0xa0d9988eaa189db488967ae83386fc6c441a8c65,2017-10-29T17:26:09.000Z,0.00001277,0x10a5cc530f7b308652e8c9f838cad4f6a7fa25c8,sell,0xdb45faeca61c70e271bffeaf66162fa68a1c4def,0xd6c958cb12fdb2418be0c20569d6661ca422cabbec18f5ede979caf73d2ab878
391,770,0.009009,0xa0d9988eaa189db488967ae83386fc6c441a8c65,2017-10-29T17:26:09.000Z,0.0000117,0x10a5cc530f7b308652e8c9f838cad4f6a7fa25c8,sell,0xdb45faeca61c70e271bffeaf66162fa68a1c4def,0xa0b7ae19586b663b3b8e87c2df9ee28509d61643ade95154eaf42544b5fe7cf5
