,amount,amountBase,buyer,date,price,seller,side,tokenAddr,txHash
0,113.636,0.0005,0x4fda9e6bcd83af6c5cc771b5d20accc2b7720074,2017-11-02T11:05:15.000Z,0.00000440001408004505,0x38cde1ef8b525264ac033d40ca97343eccdf3a70,buy,0x4c5601164e2048a4154de91fa5e0b07e626cab7f,0xcb44f2c8c3b9939885a135dabc4335a2ca8baae530b9861c8738fe68bd4ac777
1,113.636,0.0005,0x3075f7f189912f4f425dd7021b9c396434197477,2017-11-02T10:53:27.000Z,0.00000440001408004505,0x38cde1ef8b525264ac033d40ca97343eccdf3a70,buy,0x4c5601164e2048a4154de91fa5e0b07e626cab7f,0xf7c731f3faedef913bee8bcfcc376e76393cc79b7947aabe54e5bfc497c1a281
2,981.955,0.002945865,0x61a8039a2a68e6bc9a4eef5d1705a0561915a4b3,2017-11-01T17:18:03.000Z,0.000003,0x8bd914304cc48c90b17ffb27574f93c3ce949310,sell,0x4c5601164e2048a4154de91fa5e0b07e626cab7f,0xe6238a009c1e40e23e22a33db98c6e34057df9903eac4fe4511927df60cbafae
3,5000,0.0105,0x162ea9c58164e2193d98cc97e8de3d962cab4044,2017-11-01T17:15:46.000Z,0.0000021,0x8bd914304cc48c90b17ffb27574f93c3ce949310,sell,0x4c5601164e2048a4154de91fa5e0b07e626cab7f,0xeff6ea90268b735f0ba9e987872aee86ef8bca3e1872e22c20cafd35a541a562
4,6479.912,0.013290299512,0x5d26ca4ee3be471a4c5eeccb3bac220603387c77,2017-10-31T19:35:36.000Z,0.000002051,0x158a31c84665af5d4131d0c9a8164326968504fc,sell,0x4c5601164e2048a4154de91fa5e0b07e626cab7f,0xbad8ec4758037b058b29729f6e644ecbd9ecb9aacff45e7f0dd0887912c11aaf
5,100,0.0005,0x0b773d7819259d78757b26dc4148812d35676d8f,2017-10-31T14:23:31.000Z,0.000005,0x61a8039a2a68e6bc9a4eef5d1705a0561915a4b3,buy,0x4c5601164e2048a4154de91fa5e0b07e626cab7f,0xf8e5d8ee91714b5ad091257ce676257372c4238b627800058bac616f5c78f4fb
6,3000,0.013998,0x61a8039a2a68e6bc9a4eef5d1705a0561915a4b3,2017-10-31T10:08:18.000Z,0.000004666,0x18d75ed5cdd83c97a5d7d318435c2ad017d0c42e,buy,0x4c5601164e2048a4154de91fa5e0b07e626cab7f,0x7e9d6ca539f4c86b52c87fb40b8008b38efc55bfdf6a72a34cc49eb411614d74
7,3000,0.0087,0x61a8039a2a68e6bc9a4eef5d1705a0561915a4b3,2017-10-31T05:45:11.000Z,0.0000029,0xc48a0a7ec1a1f274a5ff02f783d3322752d54e93,buy,0x4c5601164e2048a4154de91fa5e0b07e626cab7f,0x4876bef6af7a72d5a855528d9ac180a9c4e26b0e0690acafffaccbefdd32a9d1
8,5962.971,0.02236114125,0x61a8039a2a68e6bc9a4eef5d1705a0561915a4b3,2017-10-31T02:19:23.000Z,0.00000375,0xe1e1d0d73eeb29d0632bc4c7871bfc74dbed0741,sell,0x4c5601164e2048a4154de91fa5e0b07e626cab7f,0xb74464857b8f96b3a3a9bb61cb1055cad850501e7311ec227b024d5f3abfa1d9
9,500,0.0035,0xdbaf12d05b2bd9e5ecfbde9383a0a9ced64a26c2,2017-10-31T01:30:35.000Z,0.000007,0x6d008ff3111a579c78bd82a084cddea109d6f5e0,buy,0x4c5601164e2048a4154de91fa5e0b07e626cab7f,0xd566b3cfbc148c8aec5c8cf38202209a9ae63e5bf76306acb1c7d60815991d06
10,3017,0.01131375,0x61a8039a2a68e6bc9a4eef5d1705a0561915a4b3,2017-10-30T22:25:09.000Z,0.00000375,0x9eb429cb38ad55553a6e83ccacd178c7fd27a26a,sell,0x4c5601164e2048a4154de91fa5e0b07e626cab7f,0xcd14b79088127bc199eeebde8117278c1a77d3f7482f314b8edaf55cdb85f5b1
11,916.666,0.0055,0x61a8039a2a68e6bc9a4eef5d1705a0561915a4b3,2017-10-30T15:23:12.000Z,0.00000600000436363953,0xe395388f933c2883d658273c6a1de677329bd083,buy,0x4c5601164e2048a4154de91fa5e0b07e626cab7f,0xe78ff6f3ac27e71ce557deb0735448752170bac8bf72bbe16a15dcc2b400b7f7
12,1000,0.0064,0x61a8039a2a68e6bc9a4eef5d1705a0561915a4b3,2017-10-30T15:23:12.000Z,0.0000064,0xe395388f933c2883d658273c6a1de677329bd083,buy,0x4c5601164e2048a4154de91fa5e0b07e626cab7f,0xd37fb4482c67437fb6482198af711857fb35989a07be3056610ba60709f9de1f
13,2482.782,0.008689737,0x1a98b91d4bf41cb018af83349fb9b0409c4cad72,2017-10-30T12:22:50.000Z,0.0000035,0x9eb429cb38ad55553a6e83ccacd178c7fd27a26a,sell,0x4c5601164e2048a4154de91fa5e0b07e626cab7f,0xbbba833d98e308e13c373e4bed7e40687d9f174445332008b36323f58185c19c
14,83.333,0.0005,0xf9695cd65d6dfdf257fab76a3eb0cb8f001971cc,2017-10-30T02:52:08.000Z,0.000006000024000096,0xe395388f933c2883d658273c6a1de677329bd083,buy,0x4c5601164e2048a4154de91fa5e0b07e626cab7f,0x4932246cdaf96d9da9ea97d058dbd4061fc03d24b6654df86ea8227c82a1a651
15,2990.728,0.010470538728,0x97bb447b8b9c6e8fc625d50e4ad6780dbe54dea9,2017-10-29T21:13:25.000Z,0.000003501,0x4c8c4e09e6f281a2372355b6b4785bace328047a,sell,0x4c5601164e2048a4154de91fa5e0b07e626cab7f,0xee1066e13e8cc4c3156299fd1f624074d91ff984e5552b91cf6ad1e22754699b
16,5000,0.04,0x61a8039a2a68e6bc9a4eef5d1705a0561915a4b3,2017-10-29T10:00:05.000Z,0.000008,0x61a8039a2a68e6bc9a4eef5d1705a0561915a4b3,buy,0x4c5601164e2048a4154de91fa5e0b07e626cab7f,0xf468224c9e5ce6710cd766c93f98e0276f67c5fd2d676dfcb0c756540006b70f
17,7500,0.06375,0x61a8039a2a68e6bc9a4eef5d1705a0561915a4b3,2017-10-29T10:00:05.000Z,0.0000085,0x61a8039a2a68e6bc9a4eef5d1705a0561915a4b3,buy,0x4c5601164e2048a4154de91fa5e0b07e626cab7f,0x779ca95e5b924661861a83b74de41178ec179991ae5611e45163da3678e52706
18,3750,0.0298125,0x61a8039a2a68e6bc9a4eef5d1705a0561915a4b3,2017-10-29T09:59:48.000Z,0.00000795,0x61a8039a2a68e6bc9a4eef5d1705a0561915a4b3,buy,0x4c5601164e2048a4154de91fa5e0b07e626cab7f,0x046884c994109f019fc4b7ec677cadcc79ed01bcf955ffc6c1f84b37c1e67540
19,15000,0.0675,0x61a8039a2a68e6bc9a4eef5d1705a0561915a4b3,2017-10-29T09:53:51.000Z,0.0000045,0x61a8039a2a68e6bc9a4eef5d1705a0561915a4b3,sell,0x4c5601164e2048a4154de91fa5e0b07e626cab7f,0x187aa138e158030e7fe02bc2690bace77788981c6fecba40c8c60fbd6de8d293
20,20000,0.08,0x61a8039a2a68e6bc9a4eef5d1705a0561915a4b3,2017-10-29T09:53:51.000Z,0.000004,0x61a8039a2a68e6bc9a4eef5d1705a0561915a4b3,sell,0x4c5601164e2048a4154de91fa5e0b07e626cab7f,0xd841b92e5aa22ba3c02530e518131df5fd6c7b6f4a0dca28ce8d3e390ab37c6e
21,10000,0.05,0x61a8039a2a68e6bc9a4eef5d1705a0561915a4b3,2017-10-29T09:52:45.000Z,0.000005,0x61a8039a2a68e6bc9a4eef5d1705a0561915a4b3,sell,0x4c5601164e2048a4154de91fa5e0b07e626cab7f,0xb45eff3f289e3f16223320daf31ba9069ec794255d5c62f3be19a9d8af7d20e7
22,875,0.007,0x61a8039a2a68e6bc9a4eef5d1705a0561915a4b3,2017-10-29T09:44:57.000Z,0.000008,0x6d674eefd04792f63f80bb20b1950d3ba41d8fc9,buy,0x4c5601164e2048a4154de91fa5e0b07e626cab7f,0x7728bd9ac862e50a03b32216e802683f8e8c62ff8ea8bfdbcaa01ae8d5d1abf5
23,3685.625,0.0276421875,0x61a8039a2a68e6bc9a4eef5d1705a0561915a4b3,2017-10-29T09:44:57.000Z,0.0000075,0x61a8039a2a68e6bc9a4eef5d1705a0561915a4b3,buy,0x4c5601164e2048a4154de91fa5e0b07e626cab7f,0xf62a04153e8a859c7189243c2fc866a53364dcbd2736e0dca175089b036e2e6c
24,3000,0.015,0x61a8039a2a68e6bc9a4eef5d1705a0561915a4b3,2017-10-29T09:44:10.000Z,0.000005,0x9664ed0820a10e95851480b9821532994b7bd9d1,buy,0x4c5601164e2048a4154de91fa5e0b07e626cab7f,0x4a15080db98b13b725edc906f486f642861f7802a48be09b07e21f3cd34bcfc9
25,16500,0.0824835,0x61a8039a2a68e6bc9a4eef5d1705a0561915a4b3,2017-10-29T09:43:24.000Z,0.000004999,0x61a8039a2a68e6bc9a4eef5d1705a0561915a4b3,buy,0x4c5601164e2048a4154de91fa5e0b07e626cab7f,0x6a004c321071858d06c6b0d5562398d3a5494227ff071d78cbc30ae36f51c363
26,12500,0.046875,0x61a8039a2a68e6bc9a4eef5d1705a0561915a4b3,2017-10-29T09:39:29.000Z,0.00000375,0x61a8039a2a68e6bc9a4eef5d1705a0561915a4b3,sell,0x4c5601164e2048a4154de91fa5e0b07e626cab7f,0xd7d1654afae23043e3c5d5aa2dcea26ad4526b83b7e2ee733e19fc19c1271505
27,10000,0.04999,0x61a8039a2a68e6bc9a4eef5d1705a0561915a4b3,2017-10-29T09:36:36.000Z,0.000004999,0x61a8039a2a68e6bc9a4eef5d1705a0561915a4b3,buy,0x4c5601164e2048a4154de91fa5e0b07e626cab7f,0x7b3df24d04a6dd42b3b8f6e2abe7ae37b452c3d6b9f9edc4da0c09830e215549
28,4000,0.015,0x61a8039a2a68e6bc9a4eef5d1705a0561915a4b3,2017-10-29T09:31:37.000Z,0.00000375,0x61a8039a2a68e6bc9a4eef5d1705a0561915a4b3,sell,0x4c5601164e2048a4154de91fa5e0b07e626cab7f,0x7cddb287068dd51247e1ed2d58165595ce33f78a51af080a9d4c3c1c0905fc80
29,3500,0.0174965,0x61a8039a2a68e6bc9a4eef5d1705a0561915a4b3,2017-10-29T09:24:43.000Z,0.000004999,0x61a8039a2a68e6bc9a4eef5d1705a0561915a4b3,buy,0x4c5601164e2048a4154de91fa5e0b07e626cab7f,0x94fc8200ab47a6130c9c437a64785324ee8fc014243919500cc0361081b02a58
30,2000,0.008,0x61a8039a2a68e6bc9a4eef5d1705a0561915a4b3,2017-10-29T09:21:41.000Z,0.000004,0x61a8039a2a68e6bc9a4eef5d1705a0561915a4b3,sell,0x4c5601164e2048a4154de91fa5e0b07e626cab7f,0x53e0b7fd8afc2d4ef119e01a9ed82fb40000deded69661e355277d6873a306d4
31,1000,0.003,0x61a8039a2a68e6bc9a4eef5d1705a0561915a4b3,2017-10-29T09:18:34.000Z,0.000003,0x61a8039a2a68e6bc9a4eef5d1705a0561915a4b3,sell,0x4c5601164e2048a4154de91fa5e0b07e626cab7f,0xfe3f5cb8d4e5ff3e8f0f35e9344a6f2137da26f292477f60f19ecac9a47d81c1
32,1000,0.0035,0x61a8039a2a68e6bc9a4eef5d1705a0561915a4b3,2017-10-29T09:18:24.000Z,0.0000035,0x61a8039a2a68e6bc9a4eef5d1705a0561915a4b3,sell,0x4c5601164e2048a4154de91fa5e0b07e626cab7f,0xd6999c08fd8ac0226dbfd2cafded58c33d8bfecb57b8d92e244585d03e33fa5a
33,2000,0.0075,0x61a8039a2a68e6bc9a4eef5d1705a0561915a4b3,2017-10-29T09:18:12.000Z,0.00000375,0x61a8039a2a68e6bc9a4eef5d1705a0561915a4b3,sell,0x4c5601164e2048a4154de91fa5e0b07e626cab7f,0x67a1c31385c5728748147347e0b7815ebbbbadf8e754091b51498f320cc50765
34,4000,0.015,0x61a8039a2a68e6bc9a4eef5d1705a0561915a4b3,2017-10-29T09:16:22.000Z,0.00000375,0x61a8039a2a68e6bc9a4eef5d1705a0561915a4b3,sell,0x4c5601164e2048a4154de91fa5e0b07e626cab7f,0x4843bdde925d1a5160cca02d76fe5bf0a5dbdfe0dfabf9aed5a0ba8cd25aa4b3
35,451.12,0.00315784,0x61a8039a2a68e6bc9a4eef5d1705a0561915a4b3,2017-10-29T09:12:46.000Z,0.000007,0x61a8039a2a68e6bc9a4eef5d1705a0561915a4b3,buy,0x4c5601164e2048a4154de91fa5e0b07e626cab7f,0x9794508a6cb6ffcf57158dbc154d5884c7f0adee1488828730b9c2a89aaadddc
36,2548.879,0.01784215665769647,0x61a8039a2a68e6bc9a4eef5d1705a0561915a4b3,2017-10-29T09:10:38.000Z,0.00000700000143502161,0x61a8039a2a68e6bc9a4eef5d1705a0561915a4b3,buy,0x4c5601164e2048a4154de91fa5e0b07e626cab7f,0x699e576698a0436147a3983f0b174ce30e56755ddd48792ebbd51167309293d6
37,1000,0.004,0x61a8039a2a68e6bc9a4eef5d1705a0561915a4b3,2017-10-29T08:23:08.000Z,0.000004,0x241b2031c0b120c95861f5f2b31452321ef3d99e,sell,0x4c5601164e2048a4154de91fa5e0b07e626cab7f,0xa7021bfa8d3f0a819470cfc621ac72cfdec37010f87aafef1a53387aa4d65a65
38,10000,0.0205,0x5d26ca4ee3be471a4c5eeccb3bac220603387c77,2017-10-29T08:22:34.000Z,0.00000205,0x241b2031c0b120c95861f5f2b31452321ef3d99e,sell,0x4c5601164e2048a4154de91fa5e0b07e626cab7f,0xaa6cdbb02898736147beb3ffadb35e44d29b0c76d3cb6750e9318ffee893d97a
39,3500,0.021,0x61a8039a2a68e6bc9a4eef5d1705a0561915a4b3,2017-10-29T06:16:16.000Z,0.000006,0x61a8039a2a68e6bc9a4eef5d1705a0561915a4b3,buy,0x4c5601164e2048a4154de91fa5e0b07e626cab7f,0x6ad883ae3add51c1775506a83c8391eb8a7eb401d880d540e8d20aaeddbcba10
40,5000,0.015,0x61a8039a2a68e6bc9a4eef5d1705a0561915a4b3,2017-10-29T06:16:16.000Z,0.000003,0x61a8039a2a68e6bc9a4eef5d1705a0561915a4b3,sell,0x4c5601164e2048a4154de91fa5e0b07e626cab7f,0xe38bd54310d1aa59c66ff480860434e3773d669dad7f9370485602f414dd9aaf
41,2700,0.0135,0x61a8039a2a68e6bc9a4eef5d1705a0561915a4b3,2017-10-29T06:13:54.000Z,0.000005,0x61a8039a2a68e6bc9a4eef5d1705a0561915a4b3,buy,0x4c5601164e2048a4154de91fa5e0b07e626cab7f,0x8b39eaa9bee65079cb59ee510d284267113c43f1be8f1aee2036397aea7ab51d
42,62.5,0.0005,0x16e5d97bbc92417e051e3b2cabfbf8ceea2acb9c,2017-10-29T02:07:33.000Z,0.000008,0x6d674eefd04792f63f80bb20b1950d3ba41d8fc9,buy,0x4c5601164e2048a4154de91fa5e0b07e626cab7f,0x4e53933498c3b61f3712b3bd3617037de132744ba4732f60a4767111bde46b5c
43,62.5,0.0005,0x42c24a83bded723edfdf5883bc7efb30bc1a1bf3,2017-10-29T01:56:23.000Z,0.000008,0x6d674eefd04792f63f80bb20b1950d3ba41d8fc9,buy,0x4c5601164e2048a4154de91fa5e0b07e626cab7f,0xe052322f05e56eb6c1e173c9f60d775a53f90a9c252693af6cb601706314e200
44,55.555,0.0005,0x379374d13077e8867ef31803c37baf9785a17c00,2017-10-28T21:00:58.000Z,0.0000090000900009,0x4b0b415ea01924be143a22e60829195f984e1966,buy,0x4c5601164e2048a4154de91fa5e0b07e626cab7f,0xb4a570a244ff5499caa31b7ac0708625865420f6c24cad4fb220a5f0dc480718
45,55.555,0.0005,0x34f9560c63078eb61872a4dc2ccd20e21c34feaf,2017-10-28T20:34:40.000Z,0.0000090000900009,0x4b0b415ea01924be143a22e60829195f984e1966,buy,0x4c5601164e2048a4154de91fa5e0b07e626cab7f,0x49e9c5169d91b7fcb24d65ac5be2e57b1e18bc10bf0630ae14efa72fc2aa82ed
46,55.555,0.0005,0xe444a40689f51f63bcd29910622035707d533d29,2017-10-28T20:31:40.000Z,0.0000090000900009,0x4b0b415ea01924be143a22e60829195f984e1966,buy,0x4c5601164e2048a4154de91fa5e0b07e626cab7f,0x116705cb7dd34a1e0f0c1c9bd325e7cb0d5473632b270ce6df7a1e1227ea687b
47,2990.728,0.006133983128,0x5d26ca4ee3be471a4c5eeccb3bac220603387c77,2017-10-28T13:38:44.000Z,0.000002051,0xcdee29281a9f3df42ba2a59b938ee9b53b894225,sell,0x4c5601164e2048a4154de91fa5e0b07e626cab7f,0x19941b27fc67585cc0e19a8483e03791e6643b411a93bfd56bcc1bf33e369f47
48,498.454,0.001009867804,0x0b2de009825eac9a347868b44349aa32e91ef81f,2017-10-25T13:40:42.000Z,0.000002026,0x5c5f76f154539fff7a20695f3bbc32715c077c51,sell,0x4c5601164e2048a4154de91fa5e0b07e626cab7f,0xa185f31cfcd14b1b1284cd8669314f47b616433338515a0cd05d8026b5dd4203
49,72774.399,0.145548798,0x580d0572dbd9f27c75d5fcc88a6075ce32924c2b,2017-10-25T10:41:34.000Z,0.000002,0x9eb429cb38ad55553a6e83ccacd178c7fd27a26a,sell,0x4c5601164e2048a4154de91fa5e0b07e626cab7f,0x0b9198f868346bbaaa24f8e2e5d9c3c2f6dfd4679165129daae539a33ee0d9c2
50,6479.912,0.0131218218,0x877341abeac8f44ac69ba7c99b1d5d31ce7a11d7,2017-10-25T00:08:24.000Z,0.000002025,0xa8759794f4228712d36297f9ca59368d587657d5,sell,0x4c5601164e2048a4154de91fa5e0b07e626cab7f,0x8c46c68208ccb66e30654d3d3da4d81134578584b34c399fbb0b92071676af9a
51,2990.728,0.005987437456,0x162ea9c58164e2193d98cc97e8de3d962cab4044,2017-10-24T18:13:54.000Z,0.000002002,0x7c4c8b06bacf6591c5c716cabd144c0df9879c7c,sell,0x4c5601164e2048a4154de91fa5e0b07e626cab7f,0x41aab5effd08b1e86d5e46b2aa2a9b8f773220bbb8cd3c76fa776cbbd3d385e6
52,5981.457,0.0125610597,0xe1e1d0d73eeb29d0632bc4c7871bfc74dbed0741,2017-10-24T03:03:10.000Z,0.0000021,0xacc8be0ef84c3f56d28a56d8e421a08e8fd31b6a,sell,0x4c5601164e2048a4154de91fa5e0b07e626cab7f,0x8a3e421e3a9e4c946907033d57308e8fb3989b28ef221bd4bbe215a9d1037f85
53,6478.915,0.01328177575,0x877341abeac8f44ac69ba7c99b1d5d31ce7a11d7,2017-10-22T18:48:52.000Z,0.00000205,0xe068ab6e9d1dc859688ae424ba738b9d6220e97b,sell,0x4c5601164e2048a4154de91fa5e0b07e626cab7f,0x7b3fd99523df0ecd100c57e4e6efb8f13bc5c3f1248b49486b6b8153cc5dcc1d
54,2990.728,0.023925824,0x61a8039a2a68e6bc9a4eef5d1705a0561915a4b3,2017-10-20T06:04:42.000Z,0.000008,0x49b27c452166cccb9be69085637c1751edbfa8a4,sell,0x4c5601164e2048a4154de91fa5e0b07e626cab7f,0xcc7cd040dc24b7df1335d92b546570667cc703fbb0a3023fdc60ef93bf238d3c
55,2990.728,0.023925824,0x61a8039a2a68e6bc9a4eef5d1705a0561915a4b3,2017-10-20T05:41:11.000Z,0.000008,0xf75e1b6f5cfa94d6645bd9bd9649e977fa333968,sell,0x4c5601164e2048a4154de91fa5e0b07e626cab7f,0xa075425f81d1b2bf8165f1acbac48503f94b1510c26b8455c9f038618a4dcc3c
56,4984.547,0.039876376,0x61a8039a2a68e6bc9a4eef5d1705a0561915a4b3,2017-10-19T18:20:49.000Z,0.000008,0xaf1adb9fb02a38fade67e7fe40db26b9a7e06403,sell,0x4c5601164e2048a4154de91fa5e0b07e626cab7f,0xfd9bd1a59b22f7b030b023f345cbdf5107f087ab609229485986bbcd735a5692
57,1734.622,0.013876976,0x61a8039a2a68e6bc9a4eef5d1705a0561915a4b3,2017-10-19T13:42:43.000Z,0.000008,0xd6bc5140a70906cd32c0131c255d36fadeac65c0,sell,0x4c5601164e2048a4154de91fa5e0b07e626cab7f,0x21f562c7aab38fd0cd280da12d265cd3a2c6959ea8605d7914bc399f29ffe139
58,20000,0.2,0x61a8039a2a68e6bc9a4eef5d1705a0561915a4b3,2017-10-19T12:59:20.000Z,0.00001,0xd6bc5140a70906cd32c0131c255d36fadeac65c0,sell,0x4c5601164e2048a4154de91fa5e0b07e626cab7f,0xe7a668b00bcaec65b0a6c4a547bdae528157a29ea05c4b10501e5fd6b6e213ce
59,9969.095,0.09969095,0x61a8039a2a68e6bc9a4eef5d1705a0561915a4b3,2017-10-19T07:55:09.000Z,0.00001,0xa66629220afb166cba1993138c15cbd96b6dc0ab,sell,0x4c5601164e2048a4154de91fa5e0b07e626cab7f,0xe59a495bf31b6830c2c75a275bde8ef6cd6543b0a7fa934305f4bb4b100a9666
60,999.895,0.009999949895,0x971f30c325d9924ad472adf0bf98702502baad93,2017-10-19T06:55:54.000Z,0.000010001,0x61a8039a2a68e6bc9a4eef5d1705a0561915a4b3,sell,0x4c5601164e2048a4154de91fa5e0b07e626cab7f,0x582073d2b0b4ab9878f394f0aaf7142db0ea7e8cfbc1629786976b919dbcc392
61,500,0.005,0x61a8039a2a68e6bc9a4eef5d1705a0561915a4b3,2017-10-19T06:55:37.000Z,0.00001,0x83b7add4d370bdfcd8d0538a81fd71d4c312d849,buy,0x4c5601164e2048a4154de91fa5e0b07e626cab7f,0xfc6cc745deb7f23741a41748b161c7da81b8be797916724df2d43c926bf62614
62,500,0.005,0x61a8039a2a68e6bc9a4eef5d1705a0561915a4b3,2017-10-19T06:41:02.000Z,0.00001,0x83b7add4d370bdfcd8d0538a81fd71d4c312d849,buy,0x4c5601164e2048a4154de91fa5e0b07e626cab7f,0xa12566b49c022b608d1f12819b15c63f463ccaaa51ddc99c1ccc786cb0ad12db
63,10000,0.1,0x1d5321e125f6c7079a716705541c7b371ca79e69,2017-10-19T06:36:25.000Z,0.00001,0x83b7add4d370bdfcd8d0538a81fd71d4c312d849,buy,0x4c5601164e2048a4154de91fa5e0b07e626cab7f,0x6bb5a18c2e6ba2453110dff1d5bf74510eaac28f114d220e907e4c10fa513e65
64,9970.089,0.109670979,0x61a8039a2a68e6bc9a4eef5d1705a0561915a4b3,2017-10-19T06:36:25.000Z,0.000011,0x1d5321e125f6c7079a716705541c7b371ca79e69,sell,0x4c5601164e2048a4154de91fa5e0b07e626cab7f,0x6bb5a18c2e6ba2453110dff1d5bf74510eaac28f114d220e907e4c10fa513e65
65,1,0.000029999,0x3ac636ac5c3a2576156ac5f10066ca68abe0ad54,2017-10-18T17:55:19.000Z,0.000029999,0x61a8039a2a68e6bc9a4eef5d1705a0561915a4b3,buy,0x4c5601164e2048a4154de91fa5e0b07e626cab7f,0x6f71584d47b4f83e36e85a0db41fadcc9fbe7c4d50e182e5f84363ae1653bab8
66,996.909,0.011962908,0x61a8039a2a68e6bc9a4eef5d1705a0561915a4b3,2017-10-18T17:54:34.000Z,0.000012,0x20424bf9be9de9af3cde0c35165edc19857abd85,sell,0x4c5601164e2048a4154de91fa5e0b07e626cab7f,0xeff1ff792a7261fd531d3631dc6d309bc4984b5c8fc519a83d3c750c47473356
67,6579.603,0.078955236,0x61a8039a2a68e6bc9a4eef5d1705a0561915a4b3,2017-10-18T15:25:46.000Z,0.000012,0xff6fc474f89473ddeaf5fec9dd73b94c5b863dc1,sell,0x4c5601164e2048a4154de91fa5e0b07e626cab7f,0xc6832662efd9121a9b430cf6c4283fd3fc770b2eed21d075561905a710d40376
68,16.667,0.0005,0x379374d13077e8867ef31803c37baf9785a17c00,2017-10-18T15:13:58.000Z,0.00002999940001199976,0x61a8039a2a68e6bc9a4eef5d1705a0561915a4b3,buy,0x4c5601164e2048a4154de91fa5e0b07e626cab7f,0xc29c0b78b6e7abc48d188d0254a3752a25206c6343c06e6668dcf21e8b5dac95
69,16.667,0.0005,0xf9695cd65d6dfdf257fab76a3eb0cb8f001971cc,2017-10-18T15:13:37.000Z,0.00002999940001199976,0x61a8039a2a68e6bc9a4eef5d1705a0561915a4b3,buy,0x4c5601164e2048a4154de91fa5e0b07e626cab7f,0x542ee6395ba8fc9371b48b451955f462517be5e6a07e2a5108f94fc94ecce999
70,2990.728,0.035888736,0x61a8039a2a68e6bc9a4eef5d1705a0561915a4b3,2017-10-18T11:20:01.000Z,0.000012,0x2f44f41d28eb82547e07abb16096aca2c3c40f84,sell,0x4c5601164e2048a4154de91fa5e0b07e626cab7f,0x6b3d683c6b0bfde169b5602ee1cb0ae4d03fdaf617901a85f6bace14d258b7e8
71,3500,0.09625,0x40699789e477290466031e1abcd11c214d16bacf,2017-10-17T20:40:13.000Z,0.0000275,0x89d5d673b99e89ce7f8a6f9dec80812db80e9944,buy,0x4c5601164e2048a4154de91fa5e0b07e626cab7f,0xe081bfa9e13af05b32785cf5a9c7871767a923cce65ba12d453bdfe3950a9da7
72,5000,0.14,0x40699789e477290466031e1abcd11c214d16bacf,2017-10-17T20:35:10.000Z,0.000028,0xf1c8b6fd02c9b12c7130c371d98c095c243dc971,buy,0x4c5601164e2048a4154de91fa5e0b07e626cab7f,0x84bbf63bdf0a4a250fc489fdcc82f333596757244a9a790283eca7ce81fc16e0
73,1982.136,0.05547998664,0x40699789e477290466031e1abcd11c214d16bacf,2017-10-17T20:35:10.000Z,0.00002799,0xa9f83e7a00b84bfde3140a95d2588a73d0895a13,buy,0x4c5601164e2048a4154de91fa5e0b07e626cab7f,0xb96641c6786f7b9d21204593fcbc6cfc80c0b9af6ed35a51cf280d12a6597b08
74,3681.481,0.099399987,0x40699789e477290466031e1abcd11c214d16bacf,2017-10-17T20:34:04.000Z,0.000027,0x9da84a5a4ef8b1afa080eb1d7487f18d59646cc4,buy,0x4c5601164e2048a4154de91fa5e0b07e626cab7f,0x20770f0f4f917bf0460e5bb29a437f530f29f2a45e9ffd04dd26c5ce11a6dfc6
75,969.096,0.025681044,0xb85d14ab22a69276e57f24130ce4215e5ffe7dc0,2017-10-17T19:53:00.000Z,0.0000265,0x61a8039a2a68e6bc9a4eef5d1705a0561915a4b3,buy,0x4c5601164e2048a4154de91fa5e0b07e626cab7f,0x4250aca28f714a8f468efe264a3364b58af94d76bf76be5ce3b50107dc4c3f6b
76,18.518,0.0005,0x16e5d97bbc92417e051e3b2cabfbf8ceea2acb9c,2017-10-17T17:43:42.000Z,0.00002700075602116859,0x9da84a5a4ef8b1afa080eb1d7487f18d59646cc4,buy,0x4c5601164e2048a4154de91fa5e0b07e626cab7f,0xb09bc7a5bd6195ee431652e4abfb0b5d4596be4954bc3d9be37c7a720289f568
77,17.863,0.0005,0x42c24a83bded723edfdf5883bc7efb30bc1a1bf3,2017-10-17T15:35:04.000Z,0.00002799081901136427,0xa9f83e7a00b84bfde3140a95d2588a73d0895a13,buy,0x4c5601164e2048a4154de91fa5e0b07e626cab7f,0x4369816317868818d74c89ec3590f1927640e24353cb5e62560c6117013d4423
78,9969.095,0.07975276,0x61a8039a2a68e6bc9a4eef5d1705a0561915a4b3,2017-10-17T13:35:44.000Z,0.000008,0xc47c60e55d039e9af975ce01e528896c9ef42c4f,sell,0x4c5601164e2048a4154de91fa5e0b07e626cab7f,0xcfe48712f5ba6efba7e9c17fabf160322ffb635d8220beda1a0562e780505e49
79,5981.457,0.041870199,0x40699789e477290466031e1abcd11c214d16bacf,2017-10-17T11:42:05.000Z,0.000007,0x48b7ec299387f17fb9fd1aea979f33306bae576e,sell,0x4c5601164e2048a4154de91fa5e0b07e626cab7f,0xcbea70a7187b0dc38ee696d6b16dc28edd7a2ccb7915c0288bd6ded69c2cf0ba
80,4928.571,0.034499997,0x40699789e477290466031e1abcd11c214d16bacf,2017-10-17T10:22:58.000Z,0.000007,0x65753592de4db3482b2a2dec2406635f661d42ae,buy,0x4c5601164e2048a4154de91fa5e0b07e626cab7f,0x2205d3553685676981fcf763990ed111014badfd1f67cadbc508141dd78cd27d
81,10000,0.09,0x40699789e477290466031e1abcd11c214d16bacf,2017-10-17T10:22:58.000Z,0.000009,0x19a42f144849454fdb2b1c956e511ef111bb9017,buy,0x4c5601164e2048a4154de91fa5e0b07e626cab7f,0x802c032ebf5cccc754ce1991f16f5f6886328448947c7079a4933b10a1e65c58
82,5000,0.025,0x40699789e477290466031e1abcd11c214d16bacf,2017-10-17T10:20:03.000Z,0.000005,0xae2dc168632473910535a5cd5b95fa169fd929b6,buy,0x4c5601164e2048a4154de91fa5e0b07e626cab7f,0xd9a91694c67583c1181d2235d8c30880cf4d84c6573b9b9aa0b68e69533f5dd0
83,12959.824,0.025919648,0x580d0572dbd9f27c75d5fcc88a6075ce32924c2b,2017-10-17T09:13:13.000Z,0.000002,0xc6fc6835ce16679c89567c0b33604d1e9a71bf99,sell,0x4c5601164e2048a4154de91fa5e0b07e626cab7f,0xe7f9b48cebef05e89f913645b4901cd6b1efe0295e41d14fc1ce53d72cdb6624
84,5981.457,0.011962914,0x580d0572dbd9f27c75d5fcc88a6075ce32924c2b,2017-10-17T09:13:13.000Z,0.000002,0x5d3c2a23df34c670ea959025f18016b2566f9639,sell,0x4c5601164e2048a4154de91fa5e0b07e626cab7f,0xef9289dff673bee93602fd52faca3c300d6de1916e5045cabde0a18af68ea774
85,71.428,0.0005,0xcd912af5286dc0b0a23edb30209734ecb60838b3,2017-10-17T05:17:27.000Z,0.000007000056000448,0x65753592de4db3482b2a2dec2406635f661d42ae,buy,0x4c5601164e2048a4154de91fa5e0b07e626cab7f,0xca241021c52a83352a1d29548cffc61b6eff118fa76e3e3058d20e2f4719c553
86,5000,0.034,0x43808d5a5cc952c530ff9d0499fa0bfd8ff553bf,2017-10-16T23:08:02.000Z,0.0000068,0xa726a5844815986650b4d5b7d6c97c54f749f32b,buy,0x4c5601164e2048a4154de91fa5e0b07e626cab7f,0x162b7e7354def5d53e50b8c84fc67367952a286bc419bd4efad7d8bdca71ac73
87,3000,0.02037,0x43808d5a5cc952c530ff9d0499fa0bfd8ff553bf,2017-10-16T23:05:53.000Z,0.00000679,0x971f30c325d9924ad472adf0bf98702502baad93,buy,0x4c5601164e2048a4154de91fa5e0b07e626cab7f,0x6f87b90df6b467d2617ed50de79e9fe452ad38485598bce1243262a93df1824b
88,5483.002,0.010966004,0x580d0572dbd9f27c75d5fcc88a6075ce32924c2b,2017-10-16T07:45:27.000Z,0.000002,0xb578813e07cebfe28bd17609ecd8bef5c0d9a5ad,sell,0x4c5601164e2048a4154de91fa5e0b07e626cab7f,0xbfe4049bae5ee3eab3b170506c9f81b2c00d9d2bbb6c41f8d9f28690b97645f2
89,4518.287,0.009036574,0x580d0572dbd9f27c75d5fcc88a6075ce32924c2b,2017-10-15T18:50:48.000Z,0.000002,0x0243f67e0ad5fd0f6f90dd98135c884f67aecfb7,sell,0x4c5601164e2048a4154de91fa5e0b07e626cab7f,0x9e879525049b54205cf54ae2a0579094558858292cb595f70b6a81b06deb3bf1
90,2949.857,0.008852520857,0xc47c60e55d039e9af975ce01e528896c9ef42c4f,2017-10-15T18:47:29.000Z,0.000003001,0x0243f67e0ad5fd0f6f90dd98135c884f67aecfb7,sell,0x4c5601164e2048a4154de91fa5e0b07e626cab7f,0x78fffb5930896ae1cc89c15ee7011e0c1f71992a2a59ec00234997280859fae0
91,3000,0.009006,0x971f30c325d9924ad472adf0bf98702502baad93,2017-10-15T18:47:20.000Z,0.000003002,0x0243f67e0ad5fd0f6f90dd98135c884f67aecfb7,sell,0x4c5601164e2048a4154de91fa5e0b07e626cab7f,0xedc878e3c422dd12b47ddfbcb75799f2a1d26d9387e9393a776a2f823e9e5795
92,6420.097,0.019266711097,0xc47c60e55d039e9af975ce01e528896c9ef42c4f,2017-10-14T12:45:26.000Z,0.000003001,0x809c51e868c3977139e13cb99333eaa0e7915bdb,sell,0x4c5601164e2048a4154de91fa5e0b07e626cab7f,0x7935e542e6c3382a9599c702d6b00d4efb8dda74c74d8ff0f3427bc18401f501
93,20000,0.06,0x47cce6037f4aa5e75c99054a0468f4161362a4a5,2017-10-14T12:40:10.000Z,0.000003,0x809c51e868c3977139e13cb99333eaa0e7915bdb,sell,0x4c5601164e2048a4154de91fa5e0b07e626cab7f,0xfa2bc7eb2e2debb7ac793799d2513d65bd6a2a7f9eb799c02279a805e52f9ebb
94,6500,0.039,0x7530f85827154ce178ff6c0710af07520663f9d5,2017-10-14T08:29:28.000Z,0.000006,0xf51a629ba664517e56de5c928653b197c4dadcac,buy,0x4c5601164e2048a4154de91fa5e0b07e626cab7f,0x17f1e231cb84668582356ad83d953cdadc6b1c8dffc462d9cf9c97f8a256d7b0
95,5000,0.025,0x7530f85827154ce178ff6c0710af07520663f9d5,2017-10-14T08:26:34.000Z,0.000005,0xa66629220afb166cba1993138c15cbd96b6dc0ab,buy,0x4c5601164e2048a4154de91fa5e0b07e626cab7f,0x4d2a2c301f3f1fbed8ab351a21171b84baef348c892c36b3bd2d47bd9390b5a7
96,630.046,0.001890768046,0xc47c60e55d039e9af975ce01e528896c9ef42c4f,2017-10-14T08:10:33.000Z,0.000003001,0x4ff2dce3e9cbe3c8904370306e819cab9aa75030,sell,0x4c5601164e2048a4154de91fa5e0b07e626cab7f,0x1e9601cf31b4907c193c60a2bad988e326f155a47ee51b9d7f37a9b3c1fc3424
97,500,0.0030004,0x78b0e4933f5b7d90102367e28efcde256998411e,2017-10-13T08:34:45.000Z,0.0000060008,0x38cde1ef8b525264ac033d40ca97343eccdf3a70,sell,0x4c5601164e2048a4154de91fa5e0b07e626cab7f,0x1d01db42504c73a6a6fd5bbe1f95a74bc0aa6009595b21fcd4bb553d2d9ed3e9
98,501.546,0.003009777546,0x78b0e4933f5b7d90102367e28efcde256998411e,2017-10-13T08:34:27.000Z,0.000006001,0x38cde1ef8b525264ac033d40ca97343eccdf3a70,sell,0x4c5601164e2048a4154de91fa5e0b07e626cab7f,0x0ba812b3d9bc98529781a2de61d4b07958d83e0e36d4207fed0bc64486f454f8
99,10000,0.05999,0x47cce6037f4aa5e75c99054a0468f4161362a4a5,2017-10-13T08:31:34.000Z,0.000005999,0xc9087108b890f9aee9c5b878c6f062a2b0c730f3,buy,0x4c5601164e2048a4154de91fa5e0b07e626cab7f,0xb88dd873cfa14c18e2370f239138a012af4520016b620c8bad52622736ebaaab
100,11414.136,0.0583387905096,0xd54250551be6aa0444a2af3078e501df72519f78,2017-10-12T22:19:57.000Z,0.0000051111,0x40de6250458e6c9b41e7609dbb39172816dba22b,sell,0x4c5601164e2048a4154de91fa5e0b07e626cab7f,0xad59edd463ac089cef70da366a78bf6e0b86402a52f0241880b21872e9e19e86
101,4984.547,0.0254765181717,0xd54250551be6aa0444a2af3078e501df72519f78,2017-10-12T12:37:04.000Z,0.0000051111,0x81df114b711dcf8e5c539870100367c5bc98c29d,sell,0x4c5601164e2048a4154de91fa5e0b07e626cab7f,0xc682549021e7d8188ef572eba507135c7409e899f0669c68aad49b4b24312ff6
102,4984.547,0.0254765181717,0xd54250551be6aa0444a2af3078e501df72519f78,2017-10-12T12:07:16.000Z,0.0000051111,0x6baaba6a03af67b73510b790a3502f0bc505e5b1,sell,0x4c5601164e2048a4154de91fa5e0b07e626cab7f,0x49ad39ed4168c0c386f5bfe5abe96514975e30745868e384693f0388cebb0642
103,498.454,0.002991222454,0x78b0e4933f5b7d90102367e28efcde256998411e,2017-10-12T06:05:08.000Z,0.000006001,0xfd3ca205b3242113036923ce50f23555c3b5de81,sell,0x4c5601164e2048a4154de91fa5e0b07e626cab7f,0x244cb996b1951d66e29d78ce707296210cf109eec3f793fd351e997e4899629d
104,1000,0.011,0x035392de57aa4fe343d86494103dbe1b068a56c6,2017-10-11T23:24:34.000Z,0.000011,0x81df114b711dcf8e5c539870100367c5bc98c29d,buy,0x4c5601164e2048a4154de91fa5e0b07e626cab7f,0x4ae4fe8c6f48f3ff66a674d329740ed08a3d75114649a14995bd612e863d23d2
105,2484.637,0.014910306637,0x877341abeac8f44ac69ba7c99b1d5d31ce7a11d7,2017-10-11T16:07:42.000Z,0.000006001,0xb9a3bf4d845e6242991dedb88da7f3ed92de2500,sell,0x4c5601164e2048a4154de91fa5e0b07e626cab7f,0x07826ecd5adb47260589bf263b5669f119214537ab43a04640d218ca61aac4b7
106,14953.643,0.089736811643,0x877341abeac8f44ac69ba7c99b1d5d31ce7a11d7,2017-10-11T14:06:10.000Z,0.000006001,0x58d5040d6a08d55e0025f3f3b777a4631f1caee2,sell,0x4c5601164e2048a4154de91fa5e0b07e626cab7f,0x28c4c37361bfc1a7ad0aa88aa91badd9b36249a4ae17b3aca9e5fcc17cf6b324
107,9969.095,0.059824539095,0x877341abeac8f44ac69ba7c99b1d5d31ce7a11d7,2017-10-11T09:21:45.000Z,0.000006001,0xd68561fab1e913e128edcfddac8b45337e0821a8,sell,0x4c5601164e2048a4154de91fa5e0b07e626cab7f,0xf756551709453c97e91db14e0e1538c8908b9c1082fccefe1cd5be3db6da8b83
108,6500,0.0455,0xb9a3bf4d845e6242991dedb88da7f3ed92de2500,2017-10-10T17:26:43.000Z,0.000007,0xea407239885a632fc8f5fdc9f4ad1b044e13814c,buy,0x4c5601164e2048a4154de91fa5e0b07e626cab7f,0x53e45cdccb9457be0bb8cdd9eb817bb9133ade9f173e431af5a82c2bc2837e66
109,4517.35,0.02710861735,0x877341abeac8f44ac69ba7c99b1d5d31ce7a11d7,2017-10-10T16:15:48.000Z,0.000006001,0x54b346609d4d733e0caf4d51465680626b4ddaaf,sell,0x4c5601164e2048a4154de91fa5e0b07e626cab7f,0x9dcf98fc789fd714e7f0b488a7221560107c951f9260d79234b65f0c18013825
110,32.755,0.00019685755,0xdbbae39c54992479faac890e81eb4d8579b951d6,2017-10-10T13:32:09.000Z,0.00000601,0x1ac30ada5f3039116d799e19ba6bf0ade5791f4f,sell,0x4c5601164e2048a4154de91fa5e0b07e626cab7f,0x588ad1607f46e045accb5af14d744fe2157d1dd40528d1668992419b095f9d34
111,2958.269,0.01780877938,0xd6bc5140a70906cd32c0131c255d36fadeac65c0,2017-10-10T13:24:31.000Z,0.00000602,0x1ac30ada5f3039116d799e19ba6bf0ade5791f4f,sell,0x4c5601164e2048a4154de91fa5e0b07e626cab7f,0xa9d04da063e0a8c6bd98b2b1a3f073057df0383d233f4d9aa2dc7eccf2360582
112,4984.547,0.03000697294,0xd6bc5140a70906cd32c0131c255d36fadeac65c0,2017-10-10T11:44:45.000Z,0.00000602,0x803e560c6a6c848d74ad364242aa52107b985db6,sell,0x4c5601164e2048a4154de91fa5e0b07e626cab7f,0x84472fa460fe2211fac9cfa0821c776b9fa6177d3dcb687996f46b733d4fcc36
113,4885,0.0294077,0xd6bc5140a70906cd32c0131c255d36fadeac65c0,2017-10-10T11:21:11.000Z,0.00000602,0x0003438ef581bf1e576e218c413b77a95f8c7e0b,sell,0x4c5601164e2048a4154de91fa5e0b07e626cab7f,0xbb63db3c7c15bc18d55a1e002fd2d37037244085eebaf166460b97cc5315cbae
114,500,0.003,0xdbbae39c54992479faac890e81eb4d8579b951d6,2017-10-10T10:42:28.000Z,0.000006,0x98d7d86a36abf430d6311d8685e9760a85b222dd,buy,0x4c5601164e2048a4154de91fa5e0b07e626cab7f,0xcbe16cb942c860c5cad04f76ca6efc04af96d1fab4d18dc4e4776b6cc3ead347
115,1544.846,0.0093929726492,0x5d5065b42bdee0274e394ba9042c21e1818c69cf,2017-10-10T09:48:37.000Z,0.0000060802,0x40de6250458e6c9b41e7609dbb39172816dba22b,sell,0x4c5601164e2048a4154de91fa5e0b07e626cab7f,0x8b6513b6dea12fa1d9b0c07a5244423a70f946bd12d308eaf1253f331220c88f
116,2990.728,0.01800418256,0xd6bc5140a70906cd32c0131c255d36fadeac65c0,2017-10-10T07:21:55.000Z,0.00000602,0x312b550c9c218c436932e4623df7403d88fd372f,sell,0x4c5601164e2048a4154de91fa5e0b07e626cab7f,0xce0d5725df3fb1b4cbeee1602c882b978c051a84fdc41a891a458bbd2608edfc
117,2990.728,0.01800418256,0xd6bc5140a70906cd32c0131c255d36fadeac65c0,2017-10-10T07:21:17.000Z,0.00000602,0x4dca30bcc9c9db4408141cd67b1515e689f546d8,sell,0x4c5601164e2048a4154de91fa5e0b07e626cab7f,0x30caf8281cd7b4d4c07b0b0048402e7860412617febf33b87e76aa2a5c697625
118,2990.728,0.01800418256,0xd6bc5140a70906cd32c0131c255d36fadeac65c0,2017-10-10T07:21:17.000Z,0.00000602,0x47e9cfa8c920dd158260ceeedf0176cf01d225e1,sell,0x4c5601164e2048a4154de91fa5e0b07e626cab7f,0xf94bd894fdbf8dd5faa91773e54ecad59a01cc5191a19184f89a950d91d05b1e
119,1196.291,0.0072736885382,0x5d5065b42bdee0274e394ba9042c21e1818c69cf,2017-10-10T03:07:25.000Z,0.0000060802,0x45f625d1b4eaed944ab2af1d95d5ff1601a8199f,sell,0x4c5601164e2048a4154de91fa5e0b07e626cab7f,0xfadd1ba3f1386f4e2491eb730fa915595e8693dfe1d68132772ad41851eb4863
120,4984.547,0.029912266547,0x877341abeac8f44ac69ba7c99b1d5d31ce7a11d7,2017-10-09T09:14:26.000Z,0.000006001,0xf207f6cf9a78ca05394eb89f661d1f6092560543,sell,0x4c5601164e2048a4154de91fa5e0b07e626cab7f,0x005eb38a15e60c818168113d8147191f54575996a171057fbaf567087b99a0d5
121,0.001,0.0000998768,0x3de1655d54223f420f5d8e72ebfb27e5ad8a3a06,2017-10-08T22:04:11.000Z,0.0998768,0x78b0e4933f5b7d90102367e28efcde256998411e,buy,0x4c5601164e2048a4154de91fa5e0b07e626cab7f,0x43ea71aae7d4c5e7efe29beb343d00413067ae883ec28e6f2aefb3386481d605
122,20,0.00036,0x3de1655d54223f420f5d8e72ebfb27e5ad8a3a06,2017-10-08T22:03:19.000Z,0.000018,0x8a2972c6f1757cba79c9e056daa5d86e88e6dd11,buy,0x4c5601164e2048a4154de91fa5e0b07e626cab7f,0xf2d761faad9b608620db380b391b6d93c8ee9a64e95ce4bbd0bf40d9a4f64578
123,500,0.005,0x3de1655d54223f420f5d8e72ebfb27e5ad8a3a06,2017-10-08T22:02:18.000Z,0.00001,0x343347dcafc272a5ff207fd0455f0ee8982f3986,buy,0x4c5601164e2048a4154de91fa5e0b07e626cab7f,0xe7df6dc7d6e639fc910bb2c1f3a3549f0b80c42e934fa2cf6d228dd93b74c0fb
124,500,0.003005,0x8b182a4526944fa498970732a69a95d281c3c8a9,2017-10-08T21:59:03.000Z,0.00000601,0xf2a8c6ec5b1b7ec1361dee7dbda95c7b2ff95acb,buy,0x4c5601164e2048a4154de91fa5e0b07e626cab7f,0xaf3ad87c3e243744d863b32087b01a81ada73ea62651acd5faf0f9ebf4f5f3b2
125,2990.728,0.017947358728,0x877341abeac8f44ac69ba7c99b1d5d31ce7a11d7,2017-10-08T20:44:50.000Z,0.000006001,0xa1719da09b61c6d1fe0b1254b7e5374904e03cc2,sell,0x4c5601164e2048a4154de91fa5e0b07e626cab7f,0xdf517ba0b641ecf842dc22f93dd5b5e43055a948d139cebd446da8913714875e
126,150,0.0042,0x8b182a4526944fa498970732a69a95d281c3c8a9,2017-10-07T22:15:26.000Z,0.000028,0x45f625d1b4eaed944ab2af1d95d5ff1601a8199f,buy,0x4c5601164e2048a4154de91fa5e0b07e626cab7f,0x6e5fc9308e141bae8232dedcb6c254f71d8faedfbdac6cb192fe8db1c9b57cd6
127,150,0.0042,0x78b0e4933f5b7d90102367e28efcde256998411e,2017-10-07T21:01:05.000Z,0.000028,0x45f625d1b4eaed944ab2af1d95d5ff1601a8199f,buy,0x4c5601164e2048a4154de91fa5e0b07e626cab7f,0xe53a964383ba900546cd7f794cd4ac1030df9c607e09b7a20adacb1d20fd34f9
128,900,0.0135,0x7326c026a9525ff33f53230b82253b85f837414c,2017-10-07T20:54:06.000Z,0.000015,0xd59287c566816360f12d6ad9a6bba0ac8a1ad72b,buy,0x4c5601164e2048a4154de91fa5e0b07e626cab7f,0x12e4d4692378277535b8cd022a91ac8d7191fdd77ba98661fe7cfd021ec1d111
129,0.477,0.000477840693849067,0x89d5d673b99e89ce7f8a6f9dec80812db80e9944,2017-10-07T19:51:48.000Z,0.0010017624608995115,0x89d5d673b99e89ce7f8a6f9dec80812db80e9944,buy,0x4c5601164e2048a4154de91fa5e0b07e626cab7f,0xba7a292686a6fc6641296ab0960f81a147f97c5fd271f2d00adde64992b5e438
130,1962,0.01962,0xb3546664dfe57e5737941125086fe69f26da06f8,2017-10-07T10:06:00.000Z,0.00001,0xcb734fd46342bf1c9c01cda7509cff67612fd3c7,buy,0x4c5601164e2048a4154de91fa5e0b07e626cab7f,0x14564ab5e244f702547a1d1d771311192150d037a92f7c1a5434d60004ae6335
131,6100,0.061,0x47cce6037f4aa5e75c99054a0468f4161362a4a5,2017-10-07T07:48:04.000Z,0.00001,0xcb734fd46342bf1c9c01cda7509cff67612fd3c7,buy,0x4c5601164e2048a4154de91fa5e0b07e626cab7f,0x895dd44c00cc373e03f62400f1bcc258b4eb5fa2cc62e690406bfbcd6628b3c1
132,4922.425,0.024612125,0xc9087108b890f9aee9c5b878c6f062a2b0c730f3,2017-10-07T05:28:22.000Z,0.000005,0xcb734fd46342bf1c9c01cda7509cff67612fd3c7,sell,0x4c5601164e2048a4154de91fa5e0b07e626cab7f,0xb70e19eaffaf5b957d42b5fa4e34b81937615a14939324de9042c4dd18eeb5ce
133,2981.784,0.01490892,0xc9087108b890f9aee9c5b878c6f062a2b0c730f3,2017-10-07T00:09:18.000Z,0.000005,0x915ffa73bc66a598664fdc5d2837d85f3a398653,sell,0x4c5601164e2048a4154de91fa5e0b07e626cab7f,0x07b5ef2fb64104943010c99a771fc50efbe11bdfca81c43cd65700b24498636b
134,2095.791,0.010478955,0xc9087108b890f9aee9c5b878c6f062a2b0c730f3,2017-10-06T18:49:43.000Z,0.000005,0xd35cc4db1066b87373c5b83f2a033b4aabb8a1f2,sell,0x4c5601164e2048a4154de91fa5e0b07e626cab7f,0x517ae35f5dfdd586de6ca26e17abb7252a9fd7b8ab8b48fb83b6b71e6927b4da
135,900,0.00459,0xd59287c566816360f12d6ad9a6bba0ac8a1ad72b,2017-10-06T18:42:40.000Z,0.0000051,0xd35cc4db1066b87373c5b83f2a033b4aabb8a1f2,sell,0x4c5601164e2048a4154de91fa5e0b07e626cab7f,0xf1b7768713adbcc0f5bdeb25abe041800b142cc29e607f380c72eed6d984c963
136,1,0.00002875,0x6cdea8e07bf82d7a07dbf36642d6e5be8623845c,2017-10-06T12:00:03.000Z,0.00002875,0x40de6250458e6c9b41e7609dbb39172816dba22b,buy,0x4c5601164e2048a4154de91fa5e0b07e626cab7f,0x47776de8dbcb67c630bdf85be884a5a116afc3dd9e0abb1fb17f2c0edcf9c167
137,3004.988,0.011016286008,0xd35cc4db1066b87373c5b83f2a033b4aabb8a1f2,2017-10-06T11:04:33.000Z,0.000003666,0x3423b8bb1bc7776465adfbcaf8c8ffd1ea0b06e6,sell,0x4c5601164e2048a4154de91fa5e0b07e626cab7f,0x685558785dd46e1925469865b929d960c54158167ae90cb2a89b96fc2eecf92b
138,2990.728,0.08972184,0x915ffa73bc66a598664fdc5d2837d85f3a398653,2017-10-05T22:06:30.000Z,0.00003,0x915ffa73bc66a598664fdc5d2837d85f3a398653,sell,0x4c5601164e2048a4154de91fa5e0b07e626cab7f,0xf0fa6ce601465233b9a8389869415e2f3e407b63be839cacbd88d869bcc7409c
139,3000,0.09,0xe2e584319f57671638cb28321b830e4a79d47218,2017-10-05T20:00:56.000Z,0.00003,0x915ffa73bc66a598664fdc5d2837d85f3a398653,buy,0x4c5601164e2048a4154de91fa5e0b07e626cab7f,0xa77dfc3fcf84d99c6a8991ee96367c4430f3b6dd3c9216c7f378841b06fb8ec8
140,500,0.025,0x241b2031c0b120c95861f5f2b31452321ef3d99e,2017-10-05T09:50:33.000Z,0.00005,0x3ad5a3c5455db2208dfbd92575abd3c0a8be39e1,buy,0x4c5601164e2048a4154de91fa5e0b07e626cab7f,0x5bcdea8792e8b113d7fd0f116c01e96e097b8ab55c1f652195e40351a40b9640
141,158.991,0.007949391009,0x241b2031c0b120c95861f5f2b31452321ef3d99e,2017-10-05T09:06:35.000Z,0.000049999,0x61a8039a2a68e6bc9a4eef5d1705a0561915a4b3,buy,0x4c5601164e2048a4154de91fa5e0b07e626cab7f,0xb62de74db2de63130b418b7fcbd3b9975cb048dea3c824d338134d8696ebe615
142,6964.802,0.03482401,0x61a8039a2a68e6bc9a4eef5d1705a0561915a4b3,2017-10-05T07:28:14.000Z,0.000005,0x3423b8bb1bc7776465adfbcaf8c8ffd1ea0b06e6,sell,0x4c5601164e2048a4154de91fa5e0b07e626cab7f,0x72d86ca9aaabf04e9e7b23584e43209ffe8508ada2237ca338b1568b8161e448
143,500,0.0125,0x241b2031c0b120c95861f5f2b31452321ef3d99e,2017-10-05T06:15:00.000Z,0.000025,0x45f625d1b4eaed944ab2af1d95d5ff1601a8199f,buy,0x4c5601164e2048a4154de91fa5e0b07e626cab7f,0xe8be3c67caf9aaa909d29f25cb1c505ccf998a84def4dd026f1a9dcef001c6b5
144,9969.095,0.049845475,0x61a8039a2a68e6bc9a4eef5d1705a0561915a4b3,2017-10-05T03:22:26.000Z,0.000005,0xe6f5d722d3db8d0c41b63e740a2e11920534571e,sell,0x4c5601164e2048a4154de91fa5e0b07e626cab7f,0x9a98778373904b73b005e407933cb3209c9dcc251d0180d000ec3d34406311fe
145,9969.095,0.049845475,0x61a8039a2a68e6bc9a4eef5d1705a0561915a4b3,2017-10-04T23:38:46.000Z,0.000005,0xab70705f17b633eb08c43405328ff6f8747ebb5f,sell,0x4c5601164e2048a4154de91fa5e0b07e626cab7f,0x9d7cc7c061016de6e42151a7c8db667bad5fc55bcfb6329d47f9476c9fc7f5e1
146,286,0.00143,0x61a8039a2a68e6bc9a4eef5d1705a0561915a4b3,2017-10-04T22:51:57.000Z,0.000005,0x3de1655d54223f420f5d8e72ebfb27e5ad8a3a06,sell,0x4c5601164e2048a4154de91fa5e0b07e626cab7f,0x1a9d32919b1a2cc7b7de941974c2d562ac47e329b01c5b000e7a62467c326d26
147,30,0.0036,0x3de1655d54223f420f5d8e72ebfb27e5ad8a3a06,2017-10-04T22:32:23.000Z,0.00012,0x61a8039a2a68e6bc9a4eef5d1705a0561915a4b3,buy,0x4c5601164e2048a4154de91fa5e0b07e626cab7f,0x936ac178cc6512c858977e0595242cd0a3d53f235f472c8de9ecabbdcc2723ff
148,3000,0.15,0x61a8039a2a68e6bc9a4eef5d1705a0561915a4b3,2017-10-04T22:21:30.000Z,0.00005,0x915ffa73bc66a598664fdc5d2837d85f3a398653,buy,0x4c5601164e2048a4154de91fa5e0b07e626cab7f,0xbc734e3622a7ad67d926b4aa0222a9933e71e1b1e812db822ab5ddd9c530d824
