,amount,amountBase,buyer,date,price,seller,side,tokenAddr,txHash
0,3523.89991027,0.07400542201558027,0x4d63f7bc86b6c300953c7784a526a837200f06cb,2017-11-02T16:44:30.000Z,0.000021001,0x0bbf2e91794cf263ef68558161cf1a611ad2f27f,sell,0x2fd41f516fac94ed08e156f489f56ca3a80b04d0,0xd5b713f135afe481c22b428c07ec30962ea74bfbb31213e9a030ade3780fac53
1,10000,0.23999,0xf2d403aec27ef17b54b090f02fb7487d226aaa54,2017-11-02T16:38:53.000Z,0.000023999,0x485d715fb51c67579ca3dcc0fcf7edd165b2d659,sell,0x2fd41f516fac94ed08e156f489f56ca3a80b04d0,0x5a576237b0cef287008ae2289b6db6dcebd72e3430c346e9cb41409339e6e878
2,4219.44190688,0.10126660576513143,0x8a7c121ed5fe912c6ddddb1cad998c3a5d19e511,2017-11-02T16:33:21.000Z,0.0000240000000000027,0x485d715fb51c67579ca3dcc0fcf7edd165b2d659,buy,0x2fd41f516fac94ed08e156f489f56ca3a80b04d0,0xf3ce6269762914a10f359f984bfeaf91956eb9181d6449c9065aff513ffbe2a1
3,1000,0.0245,0x8a7c121ed5fe912c6ddddb1cad998c3a5d19e511,2017-11-02T16:14:54.000Z,0.0000245,0x485d715fb51c67579ca3dcc0fcf7edd165b2d659,buy,0x2fd41f516fac94ed08e156f489f56ca3a80b04d0,0x1653584cae542c131fc792457e07a90337216afeeda616e7b10e55ecb5b3d456
4,950,0.01995,0xa83176b460ce508eee8fdac4f5a95522c09b8abc,2017-11-02T16:08:53.000Z,0.000021,0x2364e6ea3e35a8fa696fa56f2e56ab62e0583f28,sell,0x2fd41f516fac94ed08e156f489f56ca3a80b04d0,0x21dddcc12aa4e5e6daed3a045a17033e45ed5832a482212514dd28ea1f1df128
5,500,0.0105005,0x4d63f7bc86b6c300953c7784a526a837200f06cb,2017-11-02T16:08:36.000Z,0.000021001,0x85534954a72366d141c1769c0b8f5be473af8423,sell,0x2fd41f516fac94ed08e156f489f56ca3a80b04d0,0x8e85ab09299c64bf4863d8d03848f1b8f2637e24913747c15d79fc5a21859037
6,1630.105,0.034233835105,0x4d63f7bc86b6c300953c7784a526a837200f06cb,2017-11-02T16:07:33.000Z,0.000021001,0x485d715fb51c67579ca3dcc0fcf7edd165b2d659,sell,0x2fd41f516fac94ed08e156f489f56ca3a80b04d0,0xfc59af433f52fe08ab2cc59da297afda6c7b0fc0dab03d3d27a62485f1ae0478
7,2000,0.042002,0x4d63f7bc86b6c300953c7784a526a837200f06cb,2017-11-02T16:05:16.000Z,0.000021001,0x485d715fb51c67579ca3dcc0fcf7edd165b2d659,sell,0x2fd41f516fac94ed08e156f489f56ca3a80b04d0,0x308470a1399778331e91d8172df656b0ed2a262f7c8d9173d2f3846361da09a7
8,2457.19899999,0.04914397999980001,0xf44072eda87ede9613b6ae1b812de8a60ade27a2,2017-11-02T16:04:52.000Z,0.00002,0xa9aee5373e2024eb4fb82c969cfd1fc61c74af46,buy,0x2fd41f516fac94ed08e156f489f56ca3a80b04d0,0x36e0081a86d28207fb02cd8518673b0e9f44c7335452bd0d84400d849f9048b4
9,2449.82740299,0.05144882529019299,0x4d63f7bc86b6c300953c7784a526a837200f06cb,2017-11-02T16:04:52.000Z,0.000021001,0xf44072eda87ede9613b6ae1b812de8a60ade27a2,sell,0x2fd41f516fac94ed08e156f489f56ca3a80b04d0,0x36e0081a86d28207fb02cd8518673b0e9f44c7335452bd0d84400d849f9048b4
10,20,0.00054,0x4d63f7bc86b6c300953c7784a526a837200f06cb,2017-11-02T16:00:21.000Z,0.000027,0x485d715fb51c67579ca3dcc0fcf7edd165b2d659,buy,0x2fd41f516fac94ed08e156f489f56ca3a80b04d0,0xfba987b307cfb4ce0e805b552098e1d9f827bcef52fdfaf1e6d83e31ecadf486
11,398.76383212,0.010966005383311732,0xb2bd703b860674c2bf3eecc17f6c5a2cb3ac7f97,2017-11-02T16:00:21.000Z,0.00002750000000002942,0x485d715fb51c67579ca3dcc0fcf7edd165b2d659,buy,0x2fd41f516fac94ed08e156f489f56ca3a80b04d0,0x3bedf27336925238b23e9fd03915b2b162e435fb74563acc0b3e05fa6ede687a
12,2000,0.042,0xa83176b460ce508eee8fdac4f5a95522c09b8abc,2017-11-02T15:54:15.000Z,0.000021,0x485d715fb51c67579ca3dcc0fcf7edd165b2d659,sell,0x2fd41f516fac94ed08e156f489f56ca3a80b04d0,0x986827539f795a22000773ccb0dc0f679478c15594109a92fa42df1206e45bbb
13,996.9095803,0.019938191606,0x2364e6ea3e35a8fa696fa56f2e56ab62e0583f28,2017-11-02T15:53:17.000Z,0.00002,0x56ac65dd21f1f5e3e79bac95c6f4ab2f26c7360a,sell,0x2fd41f516fac94ed08e156f489f56ca3a80b04d0,0x6b8ba362b6316608e41007265fddfa02d55ecc9cf3b3caf91cd884b30c0b7e65
14,156.759,0.003918975,0xf0ddad1698eff75a3224765123bacde150fd825b,2017-11-02T15:52:41.000Z,0.000025,0x7f49c2e0d6cbbb897f1f556a567c7a6706cfc23f,buy,0x2fd41f516fac94ed08e156f489f56ca3a80b04d0,0x3b8db56a957954e373d60f24b145d6adec0299f8a4b0d7ee33e23f423975372b
15,2000,0.049,0xa83176b460ce508eee8fdac4f5a95522c09b8abc,2017-11-02T15:50:33.000Z,0.0000245,0x485d715fb51c67579ca3dcc0fcf7edd165b2d659,buy,0x2fd41f516fac94ed08e156f489f56ca3a80b04d0,0xf02fc648ba4f0e060bf114c288ce6e3c0ccdd70b29427046fe221bb262ff064c
16,2300.24063938,0.0575060159846386,0xa021d614767da70616989e1b683ad20871476cfb,2017-11-02T15:45:32.000Z,0.00002500000000006025,0x7f49c2e0d6cbbb897f1f556a567c7a6706cfc23f,buy,0x2fd41f516fac94ed08e156f489f56ca3a80b04d0,0x12be2ebfd623d36c25aca0955ceafb075635f4cab40840b006ba270fa1f81553
17,20500,0.54325,0x245d3b421672e029b7ddf9fd5e9a1d19e72ec41b,2017-11-02T15:45:13.000Z,0.0000265,0x3ffaf6d7382bb0bec6aaf56225ae8d0acf85a6e8,buy,0x2fd41f516fac94ed08e156f489f56ca3a80b04d0,0x46d800899013ed6c558fe56c48b3ce2d746accc888d164621cad899bfdb26625
18,1000,0.018,0x245d3b421672e029b7ddf9fd5e9a1d19e72ec41b,2017-11-02T15:45:13.000Z,0.000018,0x485d715fb51c67579ca3dcc0fcf7edd165b2d659,sell,0x2fd41f516fac94ed08e156f489f56ca3a80b04d0,0x1d71d1023cf0ce356adc7f5b74ef4afbe2f6e87b3101c5fb82b264e7ff003a5e
19,2449.6052238,0.0440928940284,0x245d3b421672e029b7ddf9fd5e9a1d19e72ec41b,2017-11-02T15:45:13.000Z,0.000018,0xca28f395d1daf3be92a0e04d3c8819b822c3eff4,sell,0x2fd41f516fac94ed08e156f489f56ca3a80b04d0,0x930efb086e49918453daa2ccd30244c08b9178189b0dd1ee4513a2732a66c6c7
20,1500,0.0345,0xa021d614767da70616989e1b683ad20871476cfb,2017-11-02T15:44:38.000Z,0.000023,0x485d715fb51c67579ca3dcc0fcf7edd165b2d659,buy,0x2fd41f516fac94ed08e156f489f56ca3a80b04d0,0x41c7341351fbefb5df6d53d73307ae4a1972a81d6200e68d61683dc4cb7c611d
21,9000,0.225,0x245d3b421672e029b7ddf9fd5e9a1d19e72ec41b,2017-11-02T15:43:26.000Z,0.000025,0xcb5de25a1e81856387a2d625223037ecad4df80b,buy,0x2fd41f516fac94ed08e156f489f56ca3a80b04d0,0xdb60c3a547039a649fa2a73e419afcc7c54b2f069b8be08dc5644b90a92e0bf5
22,5500,0.13475,0xa021d614767da70616989e1b683ad20871476cfb,2017-11-02T15:43:16.000Z,0.0000245,0x7d5cf357bc756c54fa17a7f503f9dd1491575a23,buy,0x2fd41f516fac94ed08e156f489f56ca3a80b04d0,0x64480c2a447c65984f8f153dbbad79044e0b445cfb22eea1dabdd4d16d92723e
23,7604.02280485,0.1817361450360104,0xa021d614767da70616989e1b683ad20871476cfb,2017-11-02T15:43:11.000Z,0.00002390000000001254,0x1749bb6e4080ebd7317ce5d8f9fb63fbfe58d27c,buy,0x2fd41f516fac94ed08e156f489f56ca3a80b04d0,0xb0db18f7a3811a9d177af3c87c16566fc1ad39e3fac8442a14e96f23fdb19cef
24,40000,1.04,0xa021d614767da70616989e1b683ad20871476cfb,2017-11-02T15:42:36.000Z,0.000026,0x09e396aca9535fffc68c72f880ab36e252b73a43,buy,0x2fd41f516fac94ed08e156f489f56ca3a80b04d0,0xb4cbf5651350a4faf6d1fb32dcd0e6cf9bfabee0cb4df0958c95f3fe434e37c8
25,500,0.0115,0xf0ddad1698eff75a3224765123bacde150fd825b,2017-11-02T15:38:42.000Z,0.000023,0x485d715fb51c67579ca3dcc0fcf7edd165b2d659,buy,0x2fd41f516fac94ed08e156f489f56ca3a80b04d0,0x44bf07de145ea3d2de4211fb475fe2305b96beeb80c39369e617e8df401faa47
26,2091.19286339,0.04997950943512906,0xb2bd703b860674c2bf3eecc17f6c5a2cb3ac7f97,2017-11-02T15:38:21.000Z,0.00002390000000005167,0x1749bb6e4080ebd7317ce5d8f9fb63fbfe58d27c,buy,0x2fd41f516fac94ed08e156f489f56ca3a80b04d0,0xcd2cbbff757c616ca30d372769a1e68c55309d4e0d4a2301cb5a500851931629
27,2300,0.05497,0xb2bd703b860674c2bf3eecc17f6c5a2cb3ac7f97,2017-11-02T15:37:11.000Z,0.0000239,0x1749bb6e4080ebd7317ce5d8f9fb63fbfe58d27c,buy,0x2fd41f516fac94ed08e156f489f56ca3a80b04d0,0xfd382614b1b8dcbdb647c88575e8c9cda509fc90d0e1a515743a5bc918f18a67
28,100471,2.00942,0x3df86cefaecfaa31be2f74f8f832cb4ef62b79f8,2017-11-02T15:33:51.000Z,0.00002,0x0f1b76410215ed963ea2c3d3eaddd4a56350b422,buy,0x2fd41f516fac94ed08e156f489f56ca3a80b04d0,0xae4d0b8e5815105f495babb4234ab06ed391fd0358d779f4d155f6c0d315405c
29,8000,0.1912,0xb2bd703b860674c2bf3eecc17f6c5a2cb3ac7f97,2017-11-02T15:33:51.000Z,0.0000239,0x1749bb6e4080ebd7317ce5d8f9fb63fbfe58d27c,buy,0x2fd41f516fac94ed08e156f489f56ca3a80b04d0,0xde29c102c6e2c2958961d546f817cc935e458a7296ba74409a63da65e5d1d30b
30,111375.775,2.6173307125,0x0f1b76410215ed963ea2c3d3eaddd4a56350b422,2017-11-02T15:32:59.000Z,0.0000235,0x3df86cefaecfaa31be2f74f8f832cb4ef62b79f8,buy,0x2fd41f516fac94ed08e156f489f56ca3a80b04d0,0xbfd0df6c64287d3d782de38b7ea3ccea43e9d2c770908e81fc309d97868a6a9c
31,62500,1.4625,0xf142f26d1cac4ba8a6e6d7974d243eda2fe5f4f9,2017-11-02T15:30:07.000Z,0.0000234,0xa021d614767da70616989e1b683ad20871476cfb,buy,0x2fd41f516fac94ed08e156f489f56ca3a80b04d0,0xd375b150dd5befe11628be7f3921c39abc2c738fc4d1d46071d45f4c7bbc7a51
32,10000,0.21,0xf142f26d1cac4ba8a6e6d7974d243eda2fe5f4f9,2017-11-02T15:29:29.000Z,0.000021,0x09e396aca9535fffc68c72f880ab36e252b73a43,buy,0x2fd41f516fac94ed08e156f489f56ca3a80b04d0,0x6a3ac911d4828028d47ea098110f70991bfb8e62b50ed725f29c79786c7313da
33,2457.199,0.0572527367,0xf142f26d1cac4ba8a6e6d7974d243eda2fe5f4f9,2017-11-02T15:29:29.000Z,0.0000233,0xcae9aec0ee0c088db39db164d910379008715bc2,buy,0x2fd41f516fac94ed08e156f489f56ca3a80b04d0,0xb2a07ecd9573d100429ebe009f17e9fd8e798c48033d43a15d13ee7e21e6df81
34,831.648,0.01247472,0xf142f26d1cac4ba8a6e6d7974d243eda2fe5f4f9,2017-11-02T15:27:42.000Z,0.000015,0x0736e8808c597bab35a21d80444d3e98918f2f98,buy,0x2fd41f516fac94ed08e156f489f56ca3a80b04d0,0x1f8810d39bcad0b6861a748128ad9f1f7aa97edb52d34f026954df408d562768
35,1000,0.015,0xf142f26d1cac4ba8a6e6d7974d243eda2fe5f4f9,2017-11-02T15:27:32.000Z,0.000015,0xada754b500d5b1f588a67c392e445f20beb5cb98,buy,0x2fd41f516fac94ed08e156f489f56ca3a80b04d0,0x8a996c79c49dc97325e545c36184b08b85c2adf316dd5fd8974e24fd970ead8a
36,100,0.0019,0xf142f26d1cac4ba8a6e6d7974d243eda2fe5f4f9,2017-11-02T15:27:25.000Z,0.000019,0x851fdcd14b7b211145e1edb34abb2ed8f597a522,buy,0x2fd41f516fac94ed08e156f489f56ca3a80b04d0,0x8704f3b352790d32e9a3c878e9c1ad7ea11749086782514cf2b546aef30d204b
37,1270.25062187,0.0241093568030926,0xf142f26d1cac4ba8a6e6d7974d243eda2fe5f4f9,2017-11-02T15:27:25.000Z,0.00001898,0x3c138bbdb924ff17535a9bec15546498ebb8a2b3,buy,0x2fd41f516fac94ed08e156f489f56ca3a80b04d0,0x6a556f6b6675c2d918cb387738928d081ddd5586eb8f22216e53bf24a25e0655
38,4914,0.0977886,0xf142f26d1cac4ba8a6e6d7974d243eda2fe5f4f9,2017-11-02T15:27:25.000Z,0.0000199,0x3be248b92547b0fc7a0948875b0c922f0fef74ca,buy,0x2fd41f516fac94ed08e156f489f56ca3a80b04d0,0xf70dbc3d5371117b66419a3aa14b6a01ac461a5603806ec8c31629cf8ffe96d9
39,2399.99979989,0.03466559710961116,0xf142f26d1cac4ba8a6e6d7974d243eda2fe5f4f9,2017-11-02T15:27:25.000Z,0.000014444,0x105b56ba2872f70e14c079a666fc494f03437900,buy,0x2fd41f516fac94ed08e156f489f56ca3a80b04d0,0xf4ea90dc3411859286b123025886197d27af86d21f95bdb7afb587dc75813b97
40,57.2,0.0008261968,0xd37b261b1d8b522bf2f51935997918fa3a08a39b,2017-11-02T15:25:22.000Z,0.000014444,0x105b56ba2872f70e14c079a666fc494f03437900,buy,0x2fd41f516fac94ed08e156f489f56ca3a80b04d0,0x9aba3cf2ef86349791332128168217e3a152f92f0d140264c6ab9b7bd61451f3
41,2000,0.0288,0x5d2ba7d1f80e353b48ec8a214a21d1e3d6951a3a,2017-11-02T15:22:59.000Z,0.0000144,0x3c138bbdb924ff17535a9bec15546498ebb8a2b3,buy,0x2fd41f516fac94ed08e156f489f56ca3a80b04d0,0xafe4f190fc3a261bc22b2fd77b27457300b766801cb16defed03b049e266bc2e
42,1500,0.021405,0xd37b261b1d8b522bf2f51935997918fa3a08a39b,2017-11-02T15:18:40.000Z,0.00001427,0x19c7b3f2846a3ab90a950b53e93038afeff7225d,buy,0x2fd41f516fac94ed08e156f489f56ca3a80b04d0,0x2c2cb16b012bc1394bda0fedbf85eef659c24918fbe0a76fa821f1eccdfc4e3a
43,9338.39264271,0.13344563086440345,0x8a7c121ed5fe912c6ddddb1cad998c3a5d19e511,2017-11-02T15:09:23.000Z,0.0000142900000000083,0xdc234690c5339b891047f746963813a3f0fa69b0,buy,0x2fd41f516fac94ed08e156f489f56ca3a80b04d0,0xa75c4da90770ecb8d17fe18e2f0d12c9cd70da7cda348f4cb8eb25259f59900b
44,106.88261687,0.001069894994907424,0xb2bd703b860674c2bf3eecc17f6c5a2cb3ac7f97,2017-11-02T15:03:33.000Z,0.0000100100000003623,0xdbcf324ad2a0312ce4bb2c6cfc7b798f8b8b3926,buy,0x2fd41f516fac94ed08e156f489f56ca3a80b04d0,0x3aff608fae0c6cf1e71bb1076ffb43890c67ac6217bf4e23bfe72f3d79e79cf6
45,0.11738312,0.000001175005092576,0xb2bd703b860674c2bf3eecc17f6c5a2cb3ac7f97,2017-11-02T15:00:16.000Z,0.00001001000052286904,0xdbcf324ad2a0312ce4bb2c6cfc7b798f8b8b3926,buy,0x2fd41f516fac94ed08e156f489f56ca3a80b04d0,0xbf0cc067ad0ab42a003cb927388b8eecfe041d208737b8b87a6192eb0cebf629
46,5404.80235728,0.07723462568559654,0x6cdd909ef1b04e23e32f1f5bb046a6febf6ecba4,2017-11-02T14:57:27.000Z,0.00001429000000001208,0xdc234690c5339b891047f746963813a3f0fa69b0,buy,0x2fd41f516fac94ed08e156f489f56ca3a80b04d0,0x5f695ce51ce601b448031f7c31e4e0552e6c7a52ba1a43e996003a1375a70cd0
47,1156.861,0.00942841715,0x4b0925f7776c00378f9556fcd4b3aaf3efe0013f,2017-11-02T14:47:28.000Z,0.00000815,0x63eb4a24d5ed7ea1e07834bf20f9508c135760bd,buy,0x2fd41f516fac94ed08e156f489f56ca3a80b04d0,0x4390351ee1aad985fcaa3c30ce59b4caf79852cee666d7ad2531a0511dee9f4b
48,0.009,0.0000000729,0x19c7b3f2846a3ab90a950b53e93038afeff7225d,2017-11-02T14:38:12.000Z,0.0000081,0x86d3ccb700a9d71b4b6f4b5245d7a0b2b4d82a98,sell,0x2fd41f516fac94ed08e156f489f56ca3a80b04d0,0x8633ebdf35bfac616aaaf8872165cfcd10db5e2ccf045ea348187856ff14b091
49,67,0.000536,0xe89a2a7a15cbaae3c58a03d79485373e216226d6,2017-11-02T14:32:04.000Z,0.000008,0x8337bfef288817f964609338b5ce6faf0c3a1c02,sell,0x2fd41f516fac94ed08e156f489f56ca3a80b04d0,0xe2f06f46aa7cda2a6eae5186d3042b261f1978ccc60a08824cd855ace7c8ac17
50,43864.57971508,0.35091663772064,0xe89a2a7a15cbaae3c58a03d79485373e216226d6,2017-11-02T14:26:11.000Z,0.000008,0x8337bfef288817f964609338b5ce6faf0c3a1c02,sell,0x2fd41f516fac94ed08e156f489f56ca3a80b04d0,0x00017338354635aaada851d5600bac1c0b31fa9a53fa096363a82f046057a037
51,51445.13252741,0.41156106021928,0xe89a2a7a15cbaae3c58a03d79485373e216226d6,2017-11-02T14:22:31.000Z,0.000008,0x0776428f08415a88d5e44c0406b922ca82a8b086,sell,0x2fd41f516fac94ed08e156f489f56ca3a80b04d0,0x801c7e671f5a0db52ef0528e56f8d99c3c2b672f9dbfe0e7a623e72424c24817
52,1177.47013822,0.011786476083620783,0xb2bd703b860674c2bf3eecc17f6c5a2cb3ac7f97,2017-11-02T14:10:10.000Z,0.00001001000000003276,0x63eb4a24d5ed7ea1e07834bf20f9508c135760bd,buy,0x2fd41f516fac94ed08e156f489f56ca3a80b04d0,0xb9a5193a286ea0aced788f63f332553c3e54b54b57ee2d625d5b5becaf08d14e
53,4678,0.04678,0x75768239a714dcf95fb1ef6797df67cb55f9bf5f,2017-11-02T14:02:58.000Z,0.00001,0xe97307d2eb5cf05b9bbf7ada2665e6ffdd0951d7,buy,0x2fd41f516fac94ed08e156f489f56ca3a80b04d0,0x24e1501ea5728b28e011f09e16c9d7298b2599ec2b42d5ab0bf2954fa03ce586
54,494.857,0.0048495986,0xb2bd703b860674c2bf3eecc17f6c5a2cb3ac7f97,2017-11-02T14:02:58.000Z,0.0000098,0x3c138bbdb924ff17535a9bec15546498ebb8a2b3,buy,0x2fd41f516fac94ed08e156f489f56ca3a80b04d0,0xc97ebdc7592c2955baba32080ee051f8d26baf1e5f53e6396761beacfb848d32
55,269.30364327,0.002693036432799996,0x75768239a714dcf95fb1ef6797df67cb55f9bf5f,2017-11-02T14:00:24.000Z,0.00001000000000037131,0x72a2ce834f23f2bf810eee6d2e82e91534193e97,buy,0x2fd41f516fac94ed08e156f489f56ca3a80b04d0,0x24f0594c7fde05d5c1d0dce0250d69e250e1ef7216f7a7604a2e85f74125d271
56,1800,0.01764,0xb2bd703b860674c2bf3eecc17f6c5a2cb3ac7f97,2017-11-02T13:59:25.000Z,0.0000098,0x3c138bbdb924ff17535a9bec15546498ebb8a2b3,buy,0x2fd41f516fac94ed08e156f489f56ca3a80b04d0,0x549d84bf20cf15a6002ca3b3ce38ea82ba8ba67cd7fee7a980012a0f0bfe6cad
57,805.72546788,0.443149007334,0x759a30b996675a03ec18e3db0bcf407f79d81cd5,2017-11-02T13:41:10.000Z,0.00055,0xc9d56287b414e1aa0963016aa721b527f095fd9c,sell,0x2fd41f516fac94ed08e156f489f56ca3a80b04d0,0x6854bb563303ca69b959982a3d9cee75a4fa878ac8615997db4e0b2c30343b12
58,808.14264428,0.007919797913944001,0xc9d56287b414e1aa0963016aa721b527f095fd9c,2017-11-02T13:41:10.000Z,0.0000098,0x3c138bbdb924ff17535a9bec15546498ebb8a2b3,buy,0x2fd41f516fac94ed08e156f489f56ca3a80b04d0,0x6854bb563303ca69b959982a3d9cee75a4fa878ac8615997db4e0b2c30343b12
59,894.309,0.49186995,0x759a30b996675a03ec18e3db0bcf407f79d81cd5,2017-11-02T13:40:14.000Z,0.00055,0xf44072eda87ede9613b6ae1b812de8a60ade27a2,sell,0x2fd41f516fac94ed08e156f489f56ca3a80b04d0,0x8f7eac08e71332cbb42ae8485b0da52e8f520ce55b8fadd90a3480dfed5e64ee
60,896.99999999,0.008790599999999999,0xf44072eda87ede9613b6ae1b812de8a60ade27a2,2017-11-02T13:40:14.000Z,0.00000980000000010925,0x3c138bbdb924ff17535a9bec15546498ebb8a2b3,buy,0x2fd41f516fac94ed08e156f489f56ca3a80b04d0,0x8f7eac08e71332cbb42ae8485b0da52e8f520ce55b8fadd90a3480dfed5e64ee
61,977.779,0.0079200099,0xe89a2a7a15cbaae3c58a03d79485373e216226d6,2017-11-02T13:06:26.000Z,0.0000081,0xd730e3eeeba4af349573998ffa7ac3d28dac8815,buy,0x2fd41f516fac94ed08e156f489f56ca3a80b04d0,0x8ecd9f9e0d6e85619d4614795e69801510954a4557cf5acc80015d9371551863
62,100.68553087,0.000815552800064094,0xb2bd703b860674c2bf3eecc17f6c5a2cb3ac7f97,2017-11-02T12:42:19.000Z,0.00000810000000016977,0xd730e3eeeba4af349573998ffa7ac3d28dac8815,buy,0x2fd41f516fac94ed08e156f489f56ca3a80b04d0,0x335f5db6cafcaade44e478fd5952f9fe9817a2d8a1bad57a830ac302b4a289ac
63,200,0.00162,0xb2bd703b860674c2bf3eecc17f6c5a2cb3ac7f97,2017-11-02T12:41:14.000Z,0.0000081,0xd730e3eeeba4af349573998ffa7ac3d28dac8815,buy,0x2fd41f516fac94ed08e156f489f56ca3a80b04d0,0x34f2c1be538c2d49a803509b01a1c7160f89957048e40df78722c3704be99c4a
64,500,0.0035,0x7a7c8ea9ecec9dfe225dd07b8c75e54a6ab83bcf,2017-11-02T12:12:59.000Z,0.000007,0x1e71d58dbce68549948bdbd7b026501c4e17231e,buy,0x2fd41f516fac94ed08e156f489f56ca3a80b04d0,0x1cbd45065cb21c6ad39c4402e3710800d19f0aa00195d33ef2a1938b10b568fe
65,44063.5599122,0.6364540593718168,0x8337bfef288817f964609338b5ce6faf0c3a1c02,2017-11-02T12:11:29.000Z,0.000014444,0xdc234690c5339b891047f746963813a3f0fa69b0,buy,0x2fd41f516fac94ed08e156f489f56ca3a80b04d0,0x0e6fabdcc9ddefad3bb99c8c8ee9673a16a1fbd813989af50909b95578080456
66,390.64290786,0.002187600284016,0x3c138bbdb924ff17535a9bec15546498ebb8a2b3,2017-11-02T12:04:49.000Z,0.0000056,0x0ee9835b4f0e1ae8e631d8197a4a642f417d257e,sell,0x2fd41f516fac94ed08e156f489f56ca3a80b04d0,0x4e3e348856d4f23aa9c34ea8436de83212deaf4e7f5a4e828be4446e79953de4
67,199.4216394,0.0010972178599788,0x19c7b3f2846a3ab90a950b53e93038afeff7225d,2017-11-02T11:22:38.000Z,0.000005502,0x6e336aee8f7d3d346415e0e4c35f460a262057a0,sell,0x2fd41f516fac94ed08e156f489f56ca3a80b04d0,0xc8488a1f94cfc8772ca9e22ca4eafd828489e61df61776a50e50d5463276d444
68,2457.199,0.039285697612,0xa73cbd3cbe46719a162dc7bb29c002ecb9541b88,2017-11-02T10:50:44.000Z,0.000015988,0x8545a25e5119202342e6e87f3b9f20f948110fac,buy,0x2fd41f516fac94ed08e156f489f56ca3a80b04d0,0x7193e022d5ea6dbc012d8e64a1a135f3568a6d999603006b3272e1f78beac938
69,0.79506296,0.00000437364134296,0xf2d403aec27ef17b54b090f02fb7487d226aaa54,2017-11-02T10:30:33.000Z,0.000005501,0xad6311e899ca6b6e8f3a475a34a570a8706790b4,sell,0x2fd41f516fac94ed08e156f489f56ca3a80b04d0,0x89587b35290f566cb404bcc2701dc7bc2240c4b4f76e475dfd83e5ebfe41f935
70,7975.2765536,0.0438719963213536,0xf2d403aec27ef17b54b090f02fb7487d226aaa54,2017-11-02T10:29:27.000Z,0.000005501,0xad6311e899ca6b6e8f3a475a34a570a8706790b4,sell,0x2fd41f516fac94ed08e156f489f56ca3a80b04d0,0xdb40217b83f72e3c4e08c2109b6f1bee814804aa3b91a51013d1ba52b73df343
71,61.72839506,0.0005,0x34f9560c63078eb61872a4dc2ccd20e21c34feaf,2017-11-02T10:13:08.000Z,0.0000081000000002268,0xd730e3eeeba4af349573998ffa7ac3d28dac8815,buy,0x2fd41f516fac94ed08e156f489f56ca3a80b04d0,0xe0b36b972a474980c467125c77e88d78a365c693cfa6aee75084a36be46bb62f
72,61.72839506,0.0005,0x4fda9e6bcd83af6c5cc771b5d20accc2b7720074,2017-11-02T10:08:48.000Z,0.0000081000000002268,0xd730e3eeeba4af349573998ffa7ac3d28dac8815,buy,0x2fd41f516fac94ed08e156f489f56ca3a80b04d0,0x3ae94936c941ad097fad5bc56c25620a770f04f0596feca46f72ecd7025045ac
73,61.72839506,0.0005,0x3075f7f189912f4f425dd7021b9c396434197477,2017-11-02T10:00:04.000Z,0.0000081000000002268,0xd730e3eeeba4af349573998ffa7ac3d28dac8815,buy,0x2fd41f516fac94ed08e156f489f56ca3a80b04d0,0x88594592c6b82a03f2c25f1b055f7342459744cd4f969eec6dd0b32ded8219b5
74,391.85390088,0.003174016597197875,0x0ee9835b4f0e1ae8e631d8197a4a642f417d257e,2017-11-02T09:09:01.000Z,0.00000810000000017831,0xd730e3eeeba4af349573998ffa7ac3d28dac8815,buy,0x2fd41f516fac94ed08e156f489f56ca3a80b04d0,0xedc28ed51e24cb9e38ff7a801b90f006fbb0164a3e9cefe3115b413b1f1a1b21
75,6.092,0.001523,0xad6311e899ca6b6e8f3a475a34a570a8706790b4,2017-11-02T09:09:01.000Z,0.00025,0x3f3129d25295f74b09ac99edc6e4f4406074ed77,sell,0x2fd41f516fac94ed08e156f489f56ca3a80b04d0,0x971ef66c540e2343faa8600513e115269f1be3ba177ac6165c63e421c4fbc136
76,2030.69635672,0.020306963567200003,0xf44072eda87ede9613b6ae1b812de8a60ade27a2,2017-11-02T09:08:14.000Z,0.00001,0x72a2ce834f23f2bf810eee6d2e82e91534193e97,buy,0x2fd41f516fac94ed08e156f489f56ca3a80b04d0,0x6e38571f454b4109e0dc2708fbf148a38369888596f8030f7af09bbdafd21716
77,2024.60426764,0.50615106691,0xad6311e899ca6b6e8f3a475a34a570a8706790b4,2017-11-02T09:08:14.000Z,0.00025,0xf44072eda87ede9613b6ae1b812de8a60ade27a2,sell,0x2fd41f516fac94ed08e156f489f56ca3a80b04d0,0x6e38571f454b4109e0dc2708fbf148a38369888596f8030f7af09bbdafd21716
78,122.8675,0.001229903675,0x39dc3f7adc8cad2b03c831c7771a25d4fb99021e,2017-11-02T09:07:54.000Z,0.00001001,0x63eb4a24d5ed7ea1e07834bf20f9508c135760bd,buy,0x2fd41f516fac94ed08e156f489f56ca3a80b04d0,0xb3934d497f699b0fb8f90411e959a933eff13db68538a2577608f5a2109ec074
79,599.895,0.14997375,0xad6311e899ca6b6e8f3a475a34a570a8706790b4,2017-11-02T09:07:54.000Z,0.00025,0x1749bb6e4080ebd7317ce5d8f9fb63fbfe58d27c,sell,0x2fd41f516fac94ed08e156f489f56ca3a80b04d0,0x7a3f5e9dc0b864aa0be3b43a52151b4f9ba7347ce2a9ef357b9d253532efa378
80,122.5,0.030625,0xad6311e899ca6b6e8f3a475a34a570a8706790b4,2017-11-02T09:07:54.000Z,0.00025,0x39dc3f7adc8cad2b03c831c7771a25d4fb99021e,sell,0x2fd41f516fac94ed08e156f489f56ca3a80b04d0,0xb3934d497f699b0fb8f90411e959a933eff13db68538a2577608f5a2109ec074
81,599.89532227,0.1499738305675,0xad6311e899ca6b6e8f3a475a34a570a8706790b4,2017-11-02T09:07:32.000Z,0.00025,0xc9d56287b414e1aa0963016aa721b527f095fd9c,sell,0x2fd41f516fac94ed08e156f489f56ca3a80b04d0,0x3d78893425840cc731f05224930502fe08e583d4e54ab1bac0628352ff71456d
82,601.69500823,0.004873729566663001,0xc9d56287b414e1aa0963016aa721b527f095fd9c,2017-11-02T09:07:32.000Z,0.0000081,0xd730e3eeeba4af349573998ffa7ac3d28dac8815,buy,0x2fd41f516fac94ed08e156f489f56ca3a80b04d0,0x3d78893425840cc731f05224930502fe08e583d4e54ab1bac0628352ff71456d
83,3757.19941778,0.030433315284018,0x13c3fd153e23ded7477e0817ad4d5754e2d67649,2017-11-02T08:49:45.000Z,0.0000081,0x2ed3e7552f689b2e0b8478759cec0f9ca2206aa3,sell,0x2fd41f516fac94ed08e156f489f56ca3a80b04d0,0xfd93abf981c2fb5c93e585722e122e0f83475aad99beeb9d775bfeb2b183f38e
84,15774.09830145,0.127770196241745,0x13c3fd153e23ded7477e0817ad4d5754e2d67649,2017-11-02T08:45:38.000Z,0.0000081,0xce0fa5acfb70be374a7bbb1b59fe5e1a7cbcc01d,sell,0x2fd41f516fac94ed08e156f489f56ca3a80b04d0,0x0552885d12039562dd784ec7d9d1db1977e34a24641237fc39788e18fdb36443
85,4984.95926284,0.040378170029004,0x13c3fd153e23ded7477e0817ad4d5754e2d67649,2017-11-02T08:38:30.000Z,0.0000081,0x2ac41b32749262485a4fab8751b22045599ef47b,sell,0x2fd41f516fac94ed08e156f489f56ca3a80b04d0,0x1d16d7bc14370c36c2086a26d13ed9ac61b31a1e0dfbbb1bdefa58a2ec7d1b6c
86,4126.36542281,0.033423559924761,0x13c3fd153e23ded7477e0817ad4d5754e2d67649,2017-11-02T08:32:44.000Z,0.0000081,0x2ac41b32749262485a4fab8751b22045599ef47b,sell,0x2fd41f516fac94ed08e156f489f56ca3a80b04d0,0x1c75c2c76b2adbc1ef609e738f638291f814c9cd10d8ed30c042f840c1e208b3
87,5000,0.041,0x3c138bbdb924ff17535a9bec15546498ebb8a2b3,2017-11-02T07:51:04.000Z,0.0000082,0x2ed3e7552f689b2e0b8478759cec0f9ca2206aa3,sell,0x2fd41f516fac94ed08e156f489f56ca3a80b04d0,0xf38d7f310de7df4d57de192dfb76f4a542352bfb127e1dc6b48140627851edef
88,1550,0.01395,0x7749fb630050e4b5c430174e9147c68db097744b,2017-11-02T07:47:40.000Z,0.000009,0x2ed3e7552f689b2e0b8478759cec0f9ca2206aa3,sell,0x2fd41f516fac94ed08e156f489f56ca3a80b04d0,0xf7fbe6e5c904b0bf17658fe01030b7c536d2ec94824d32e091b564dcca1f5bf0
89,2449.827403,0.022048446627,0x7749fb630050e4b5c430174e9147c68db097744b,2017-11-02T07:36:27.000Z,0.000009,0xf44072eda87ede9613b6ae1b812de8a60ade27a2,sell,0x2fd41f516fac94ed08e156f489f56ca3a80b04d0,0xb34df5c99947f5ec13382c9f14d76cd08d25e0dfbf01056283395b404f7891f4
90,2457.199,0.0201490318,0xf44072eda87ede9613b6ae1b812de8a60ade27a2,2017-11-02T07:36:27.000Z,0.0000082,0xcdd7852afe60508a2f5f564153b95974a3c5212a,buy,0x2fd41f516fac94ed08e156f489f56ca3a80b04d0,0xb34df5c99947f5ec13382c9f14d76cd08d25e0dfbf01056283395b404f7891f4
91,370,0.0037037,0xf2d403aec27ef17b54b090f02fb7487d226aaa54,2017-11-02T07:26:59.000Z,0.00001001,0x4cf646e8d4fef62c03823b164bdfa4362ee341b3,sell,0x2fd41f516fac94ed08e156f489f56ca3a80b04d0,0xc71d671d52132ca199f7b4015dae4eb7dac67c393e17904fe635336393dd7c34
92,0.15936358,0.0000015952294358,0xf2d403aec27ef17b54b090f02fb7487d226aaa54,2017-11-02T07:23:34.000Z,0.00001001,0x4cf646e8d4fef62c03823b164bdfa4362ee341b3,sell,0x2fd41f516fac94ed08e156f489f56ca3a80b04d0,0x00e560581459516dfcea7fe599b9bba0fe7e3f610a012414d756c06569f453d1
93,1602.03369554,0.0160363572923554,0xf2d403aec27ef17b54b090f02fb7487d226aaa54,2017-11-02T05:43:03.000Z,0.00001001,0xdf2f0cb8216e12a417d786c98d946a08444167db,sell,0x2fd41f516fac94ed08e156f489f56ca3a80b04d0,0xcefd2b6e80e50c918a1408df596568ea2f6ffede949997d00b940dd19f2beb65
94,0.09938286,0.0000009948224286,0xf2d403aec27ef17b54b090f02fb7487d226aaa54,2017-11-02T04:51:14.000Z,0.00001001,0xd5ce72e0d6693823a2701df7f689cafb3d5b8ab7,sell,0x2fd41f516fac94ed08e156f489f56ca3a80b04d0,0x89c97ce00a222b9f580814edb1090b6b9207a69c4413224d2f5604f28fbffbfd
95,996.90943489,0.0099790634432489,0xf2d403aec27ef17b54b090f02fb7487d226aaa54,2017-11-02T04:48:13.000Z,0.00001001,0xd5ce72e0d6693823a2701df7f689cafb3d5b8ab7,sell,0x2fd41f516fac94ed08e156f489f56ca3a80b04d0,0x3dbcbcb8a29b45f2298eedc3dbbaf84d753b7c3f191a96b3538b0635ca2a0160
96,90000.574,0.990006314,0xfa5698cb38f398f1553d768ee96f9a2d8f47060a,2017-11-02T04:23:00.000Z,0.000011,0x1749bb6e4080ebd7317ce5d8f9fb63fbfe58d27c,sell,0x2fd41f516fac94ed08e156f489f56ca3a80b04d0,0xcf2a0816ec5204086fd1088f9265e5738af33ba0050dc88a02ef2dcac0e885c0
97,49595.623,0.49595623,0x09e396aca9535fffc68c72f880ab36e252b73a43,2017-11-02T04:23:00.000Z,0.00001,0x1749bb6e4080ebd7317ce5d8f9fb63fbfe58d27c,sell,0x2fd41f516fac94ed08e156f489f56ca3a80b04d0,0x0725c5cbf38f75b6d4a13caad0e73ae6e374bb337a289bd433e924cf329ea892
98,50000,0.56,0xf94abf832057eca9973ded003e1a818875f842a4,2017-11-02T04:22:52.000Z,0.0000112,0x1749bb6e4080ebd7317ce5d8f9fb63fbfe58d27c,sell,0x2fd41f516fac94ed08e156f489f56ca3a80b04d0,0xc0e3d79b90e7d1ef95c89979685da318a3470c5c071a31a49072a1d331df684e
99,337.45698491,0.00404948381892,0x2eb2ed7b58dbea2b3b5d23b0c62e2a17aabb0f09,2017-11-02T03:44:11.000Z,0.000012,0x0c8a9ea8a3844253eceb6a0301d7901119a6da8d,sell,0x2fd41f516fac94ed08e156f489f56ca3a80b04d0,0x979db8fdccacf1b3b03bf81c4fb8e5d486dd2ff86b8adbd9d4fba5bfe5d2f36c
100,365.43434111,0.00401977775221,0xfa5698cb38f398f1553d768ee96f9a2d8f47060a,2017-11-02T03:44:11.000Z,0.000011,0x0c8a9ea8a3844253eceb6a0301d7901119a6da8d,sell,0x2fd41f516fac94ed08e156f489f56ca3a80b04d0,0x979db8fdccacf1b3b03bf81c4fb8e5d486dd2ff86b8adbd9d4fba5bfe5d2f36c
101,705,0.00705,0x0c8a9ea8a3844253eceb6a0301d7901119a6da8d,2017-11-02T03:44:11.000Z,0.00001,0xb12f9c9fda554daf40dc636ade309426d256e7df,buy,0x2fd41f516fac94ed08e156f489f56ca3a80b04d0,0x979db8fdccacf1b3b03bf81c4fb8e5d486dd2ff86b8adbd9d4fba5bfe5d2f36c
102,2662.54301509,0.03195051618108,0x2eb2ed7b58dbea2b3b5d23b0c62e2a17aabb0f09,2017-11-02T02:11:37.000Z,0.000012,0x98e36f6f37b2d158e8afdc335ebd5340e7530a01,sell,0x2fd41f516fac94ed08e156f489f56ca3a80b04d0,0x41e507159dc02fc537c037ba2f77037506e647cbf4f53b71c267b5215431612d
103,2752.58498654,0.03027843485194,0xfa5698cb38f398f1553d768ee96f9a2d8f47060a,2017-11-02T01:43:58.000Z,0.000011,0x908114fca794a83fc89970368adcdd6199bdcc7b,sell,0x2fd41f516fac94ed08e156f489f56ca3a80b04d0,0xf6b1d841af4cfdf1b6f7c2b3a93d538feab7ce15b902a6882aa37f1beb876c8a
104,166.0240878,0.0023980519241832,0xf44072eda87ede9613b6ae1b812de8a60ade27a2,2017-11-02T01:22:12.000Z,0.000014444,0xdc234690c5339b891047f746963813a3f0fa69b0,buy,0x2fd41f516fac94ed08e156f489f56ca3a80b04d0,0x9402fca648294e2fe4a0e5cb257c670d3e60ac74fdeb63f4eac3a3821e54729d
105,165.52601553,0.00529683249696,0x8d6e0a79003a9d49e68a6b82bbd497189f019905,2017-11-02T01:22:12.000Z,0.000032,0xf44072eda87ede9613b6ae1b812de8a60ade27a2,sell,0x2fd41f516fac94ed08e156f489f56ca3a80b04d0,0x9402fca648294e2fe4a0e5cb257c670d3e60ac74fdeb63f4eac3a3821e54729d
106,2991,0.0523425,0x8799e8fe11b2ac73cd9da93083905e7a7d8b7fee,2017-11-02T01:09:29.000Z,0.0000175,0xf44072eda87ede9613b6ae1b812de8a60ade27a2,sell,0x2fd41f516fac94ed08e156f489f56ca3a80b04d0,0xd97cef2d439b2d309b9cc95616ae1085809c6e1cf3096eff632db391e0e519d7
107,3000,0.045,0xf44072eda87ede9613b6ae1b812de8a60ade27a2,2017-11-02T01:09:29.000Z,0.000015,0x0736e8808c597bab35a21d80444d3e98918f2f98,buy,0x2fd41f516fac94ed08e156f489f56ca3a80b04d0,0xd97cef2d439b2d309b9cc95616ae1085809c6e1cf3096eff632db391e0e519d7
108,2000,0.02202,0x3c138bbdb924ff17535a9bec15546498ebb8a2b3,2017-11-02T00:48:11.000Z,0.00001101,0x98e36f6f37b2d158e8afdc335ebd5340e7530a01,sell,0x2fd41f516fac94ed08e156f489f56ca3a80b04d0,0xc11c0df2ba9b9dbc6c87c3334a3af8166f6294c469d23c1504516390f7bc541a
109,2218.3775626,0.0244021531886,0xfa5698cb38f398f1553d768ee96f9a2d8f47060a,2017-11-02T00:31:13.000Z,0.000011,0x11dbd29ad51f4552dfefe04fce6b8590395b0850,sell,0x2fd41f516fac94ed08e156f489f56ca3a80b04d0,0x89744bcaacee4d8a52ed26571bd407616623680e3bb890fac963f080fe775e40
110,4663.02898709,0.05129331885799,0xfa5698cb38f398f1553d768ee96f9a2d8f47060a,2017-11-01T23:53:28.000Z,0.000011,0x3285de43ad6ad897cfdf0e48808b2aaca3df871d,sell,0x2fd41f516fac94ed08e156f489f56ca3a80b04d0,0xb211134d1c46e47fc277ff6a00385526e4e405e5a563e397ffa8ab2feddf548b
111,7500,0.08265,0x19c7b3f2846a3ab90a950b53e93038afeff7225d,2017-11-01T23:46:52.000Z,0.00001102,0x3285de43ad6ad897cfdf0e48808b2aaca3df871d,sell,0x2fd41f516fac94ed08e156f489f56ca3a80b04d0,0xd0464c307da99b5619cf48faf8b8aceab16a34abf789d833123c770a19728cc1
112,800,0.012,0xc5847b34697e2ec7887f42fc171402ba0c977466,2017-11-01T23:04:45.000Z,0.000015,0x0736e8808c597bab35a21d80444d3e98918f2f98,buy,0x2fd41f516fac94ed08e156f489f56ca3a80b04d0,0x0fd72f498d13890892e1e7a0aac06a88ee10c1fad2f59fed7228551b21c27067
113,397.09279076,0.005956391861434291,0x077664018c741c2df811ecd2f0ed6668c89bbb49,2017-11-01T22:52:35.000Z,0.00001500000000008635,0x0736e8808c597bab35a21d80444d3e98918f2f98,buy,0x2fd41f516fac94ed08e156f489f56ca3a80b04d0,0xc0f67fe5856cbfa98270f4f2961938fb6b99494b203f03b07ad4a64e8eb1e9ea
114,320,0.0048,0xc5847b34697e2ec7887f42fc171402ba0c977466,2017-11-01T22:51:57.000Z,0.000015,0x0736e8808c597bab35a21d80444d3e98918f2f98,buy,0x2fd41f516fac94ed08e156f489f56ca3a80b04d0,0x74a5563b2dfa54584fa438c2c88eee745249191952e14828a42d132bb1a4b5e9
115,3560,0.0534,0x6cdd909ef1b04e23e32f1f5bb046a6febf6ecba4,2017-11-01T22:16:20.000Z,0.000015,0x0736e8808c597bab35a21d80444d3e98918f2f98,buy,0x2fd41f516fac94ed08e156f489f56ca3a80b04d0,0x9a6b8f0f1d10adabbda7c76f81b447a154aa66e3764b77ae8443e68f0ec00cc2
116,0.00052421,0.000000007863151808,0x6cdd909ef1b04e23e32f1f5bb046a6febf6ecba4,2017-11-01T22:12:59.000Z,0.00001500000344899944,0x0736e8808c597bab35a21d80444d3e98918f2f98,buy,0x2fd41f516fac94ed08e156f489f56ca3a80b04d0,0x8e183b01597eb2b1d3ffbe389f178d18490b6b6108d3c32f06cb4ff7f4ea0ff8
117,5.25835171,0.000078875275778138,0x6cdd909ef1b04e23e32f1f5bb046a6febf6ecba4,2017-11-01T22:11:26.000Z,0.00001500000002436847,0x0736e8808c597bab35a21d80444d3e98918f2f98,buy,0x2fd41f516fac94ed08e156f489f56ca3a80b04d0,0xdfd432906e0af2c6488e210baa3bb6f1d590ecc9c7a30f5b8f2bace3b7715ed2
118,2449.6052238,0.026994649566276,0x19c7b3f2846a3ab90a950b53e93038afeff7225d,2017-11-01T22:09:00.000Z,0.00001102,0x580d10d404e9fd549088d636cb11f3bc5e9b847f,sell,0x2fd41f516fac94ed08e156f489f56ca3a80b04d0,0x4897a16e6a08ac999b205f56efb4fca838b532bd66625532949998cbfdd22cbb
119,1000,0.011112,0x78b2fa5077f7fd070c12e1dbcac7ca74f366aefc,2017-11-01T20:50:20.000Z,0.000011112,0x2ed3e7552f689b2e0b8478759cec0f9ca2206aa3,sell,0x2fd41f516fac94ed08e156f489f56ca3a80b04d0,0x6dfeb0470828a4665a7f4d3ac84c28c8d6a367130f3b3f7274593e286c0a5aad
120,5000,0.055555,0x19c7b3f2846a3ab90a950b53e93038afeff7225d,2017-11-01T20:43:34.000Z,0.000011111,0x2ed3e7552f689b2e0b8478759cec0f9ca2206aa3,sell,0x2fd41f516fac94ed08e156f489f56ca3a80b04d0,0x9d511aa172ef935dd4b30a39c3b989fbc2d37a8432cf649b39ffebd3e28b0b66
121,400,0.007996,0x0872cbf0d65723883b5d78306e5cfaa093e5b192,2017-11-01T20:40:13.000Z,0.00001999,0xce0fa5acfb70be374a7bbb1b59fe5e1a7cbcc01d,buy,0x2fd41f516fac94ed08e156f489f56ca3a80b04d0,0x63f529e1c97b7cfde18d80f5424d883a4b3e13019b2193f6cd49af49f5249342
122,5195,0.0524695,0x3285de43ad6ad897cfdf0e48808b2aaca3df871d,2017-11-01T20:39:59.000Z,0.0000101,0x2ed3e7552f689b2e0b8478759cec0f9ca2206aa3,sell,0x2fd41f516fac94ed08e156f489f56ca3a80b04d0,0x53d81b9b5349bac48a3b81cb1e3e8567d207d4f019137b8e4e1e8b29bb794d61
123,4900,0.09751,0xfe2de0165bb4929f97c90cb8b07511775c0ccde6,2017-11-01T20:38:30.000Z,0.0000199,0x19c7b3f2846a3ab90a950b53e93038afeff7225d,sell,0x2fd41f516fac94ed08e156f489f56ca3a80b04d0,0x0c7cbc4c3c35d3a1c7885613d533a76468fa6f8589549b4623f2ccc06eb485c8
124,1000,0.10101,0x78b2fa5077f7fd070c12e1dbcac7ca74f366aefc,2017-11-01T20:38:15.000Z,0.00010101,0x422d7c1f2f04e7582163d1381a436516f4de3c2a,sell,0x2fd41f516fac94ed08e156f489f56ca3a80b04d0,0xcaf0be7ed8596e84d2aa67cff1bf1d3d13e5acb759f2ec11491eca9d527fcad3
125,1003.99999999,0.019979599999999997,0x422d7c1f2f04e7582163d1381a436516f4de3c2a,2017-11-01T20:38:15.000Z,0.0000199000000001982,0xce0fa5acfb70be374a7bbb1b59fe5e1a7cbcc01d,buy,0x2fd41f516fac94ed08e156f489f56ca3a80b04d0,0xcaf0be7ed8596e84d2aa67cff1bf1d3d13e5acb759f2ec11491eca9d527fcad3
126,5000,0.094995,0xfe2de0165bb4929f97c90cb8b07511775c0ccde6,2017-11-01T20:34:39.000Z,0.000018999,0x19c7b3f2846a3ab90a950b53e93038afeff7225d,buy,0x2fd41f516fac94ed08e156f489f56ca3a80b04d0,0x03e3ea1b8af7bad7af59bc8827064e6f11a2ec1d8fc3b0cc6cb96af53628219b
127,2449.605,0.041643285,0xfe2de0165bb4929f97c90cb8b07511775c0ccde6,2017-11-01T20:34:29.000Z,0.000017,0x9769918b0b4c4e01555b2f6fd4dda7f35e2893bd,buy,0x2fd41f516fac94ed08e156f489f56ca3a80b04d0,0xabeb3a2b8d9a375082956bd327f1a77aa24614deba417ddf4fdbf516bb4c88ae
128,899.75974479,0.009087573422379,0x3285de43ad6ad897cfdf0e48808b2aaca3df871d,2017-11-01T20:32:21.000Z,0.0000101,0x2ed3e7552f689b2e0b8478759cec0f9ca2206aa3,sell,0x2fd41f516fac94ed08e156f489f56ca3a80b04d0,0x504cf67cad3635354092338e160f6a66ce737fba7441856df3d5f12f8a13c3b7
129,1550,0.016275,0x3c138bbdb924ff17535a9bec15546498ebb8a2b3,2017-11-01T20:21:03.000Z,0.0000105,0x2ed3e7552f689b2e0b8478759cec0f9ca2206aa3,sell,0x2fd41f516fac94ed08e156f489f56ca3a80b04d0,0xdef1d48b0c544ae5183db1062aee814d7d7fa4a59a75482b544f7ad59e9161a1
130,2449.6052238,0.02474101276038,0x3285de43ad6ad897cfdf0e48808b2aaca3df871d,2017-11-01T20:14:52.000Z,0.0000101,0x5e30bccaa8921b2fb3b5b01c29d1827b9d4f8563,sell,0x2fd41f516fac94ed08e156f489f56ca3a80b04d0,0xf0fb3139f0f8ee88aef0dc1e66795c280ad7defb2f5e058a3534fa8204c846ff
131,2449.60538331,0.025720856524755,0x3c138bbdb924ff17535a9bec15546498ebb8a2b3,2017-11-01T20:07:11.000Z,0.0000105,0xf316a79e96164573664c24f7aeb490214f5b56bf,sell,0x2fd41f516fac94ed08e156f489f56ca3a80b04d0,0xf58850a553d2189055fc6dc33f4a7e02bf2ca72177c003ce40ed0c8cafb10f49
132,559.1167771,0.00564707944871,0x3285de43ad6ad897cfdf0e48808b2aaca3df871d,2017-11-01T19:57:09.000Z,0.0000101,0x3e415b4a5eed1c2f3f46fe195e81d5c65e5acfb4,sell,0x2fd41f516fac94ed08e156f489f56ca3a80b04d0,0x1c66bf2aaa243062f745dccb66ceefb6755d43940ff18b923d5fe69f92674941
133,1335.4603735,0.01081722902535,0x13c3fd153e23ded7477e0817ad4d5754e2d67649,2017-11-01T19:51:43.000Z,0.0000081,0x5b0a97079914ff438ed76f245dc1d8a439beec5c,sell,0x2fd41f516fac94ed08e156f489f56ca3a80b04d0,0x939749dc8a4d63bdfd7398c5f31e25ab267a90a7a47dff4235d1f4e7dc699004
134,0.59820538,0.00025603190264,0x6132e92a894f168bde36ee590f1117f2a7e024de,2017-11-01T19:50:11.000Z,0.000428,0x1d5321e125f6c7079a716705541c7b371ca79e69,sell,0x2fd41f516fac94ed08e156f489f56ca3a80b04d0,0x19313b62ab78ae223eb267b347ed80f027c7dee84a1f0c6f7f4a3b2f83378f2e
135,0.6,0.0000113994,0x1d5321e125f6c7079a716705541c7b371ca79e69,2017-11-01T19:50:11.000Z,0.000018999,0x19c7b3f2846a3ab90a950b53e93038afeff7225d,buy,0x2fd41f516fac94ed08e156f489f56ca3a80b04d0,0x19313b62ab78ae223eb267b347ed80f027c7dee84a1f0c6f7f4a3b2f83378f2e
136,0.09939603,0.000001003899903,0x3285de43ad6ad897cfdf0e48808b2aaca3df871d,2017-11-01T19:45:32.000Z,0.0000101,0x7c4c8b06bacf6591c5c716cabd144c0df9879c7c,sell,0x2fd41f516fac94ed08e156f489f56ca3a80b04d0,0x0e5d18c21c0748b77ae3291b40c92f7e7903ae071bbcb3e42d9a684c391d52bb
137,997.0414424,0.01007011856824,0x3285de43ad6ad897cfdf0e48808b2aaca3df871d,2017-11-01T19:44:52.000Z,0.0000101,0x7c4c8b06bacf6591c5c716cabd144c0df9879c7c,sell,0x2fd41f516fac94ed08e156f489f56ca3a80b04d0,0x2113a5dd22c21ea4f8c09c053160dbe40de32d606c5d4fea61bc5ffc77e99b94
138,0.00000003,0.000000000000303,0x3285de43ad6ad897cfdf0e48808b2aaca3df871d,2017-11-01T19:41:55.000Z,0.0000101,0x9769918b0b4c4e01555b2f6fd4dda7f35e2893bd,sell,0x2fd41f516fac94ed08e156f489f56ca3a80b04d0,0x615ce769c63b7e76e55403d6129011f17aac6ee13585ad00fe2395c3d15e3383
139,0.0002231,0.00000000225331,0x3285de43ad6ad897cfdf0e48808b2aaca3df871d,2017-11-01T19:39:24.000Z,0.0000101,0x9769918b0b4c4e01555b2f6fd4dda7f35e2893bd,sell,0x2fd41f516fac94ed08e156f489f56ca3a80b04d0,0x7b988f1d859f515d3eb95ab586d0f32c33aaac15245a20fc09bd25b8f5dbd7c8
140,1253.36341889,0.0125461678230889,0xf2d403aec27ef17b54b090f02fb7487d226aaa54,2017-11-01T19:37:40.000Z,0.00001001,0x332d3f7a75be742808b315b2f6a1d1ec8a1cfb71,sell,0x2fd41f516fac94ed08e156f489f56ca3a80b04d0,0x8cac294f824ea5f0df0cb5111ad8d94978cf8e7a5285effbb0684fedf6b135df
141,4980.0618084,0.0553334667531324,0x19c7b3f2846a3ab90a950b53e93038afeff7225d,2017-11-01T19:28:36.000Z,0.000011111,0xce0fa5acfb70be374a7bbb1b59fe5e1a7cbcc01d,sell,0x2fd41f516fac94ed08e156f489f56ca3a80b04d0,0xaa1d47b80e10e910f2a25485fe3403cdd0209af448d7567679ff1472f551ff04
142,19.9381916,0.0002215332468676,0x19c7b3f2846a3ab90a950b53e93038afeff7225d,2017-11-01T19:24:49.000Z,0.000011111,0x1b527a1feff2bd7c8151484282100f7e6202090a,sell,0x2fd41f516fac94ed08e156f489f56ca3a80b04d0,0x8590307aed50d9af99d16f120c9494bdd362df9f48f2a21ffb429e12a1002b96
143,1607,0.030531393,0xdf2f0cb8216e12a417d786c98d946a08444167db,2017-11-01T19:10:28.000Z,0.000018999,0xf4b6e090b49b4edf517fce9e5b99d07281b0da48,buy,0x2fd41f516fac94ed08e156f489f56ca3a80b04d0,0xf0b2dfb8fa97d9e7ebf6a2d0662327db2cc5c97fb3ec1d81a635a5adf8e6edd3
144,1.63085646,0.0000158356162266,0x273a5d3e6721b9f5c1a6474f560c1334c63dda01,2017-11-01T18:47:12.000Z,0.00000971,0x2364e6ea3e35a8fa696fa56f2e56ab62e0583f28,buy,0x2fd41f516fac94ed08e156f489f56ca3a80b04d0,0x7741048ad3bb5ae7443f904bcbeced03f1f977c4e879108ca41a75eab48da88b
145,1.62596389,0.0006991644727,0x6132e92a894f168bde36ee590f1117f2a7e024de,2017-11-01T18:47:12.000Z,0.00043,0x273a5d3e6721b9f5c1a6474f560c1334c63dda01,sell,0x2fd41f516fac94ed08e156f489f56ca3a80b04d0,0x7741048ad3bb5ae7443f904bcbeced03f1f977c4e879108ca41a75eab48da88b
146,107.66623467,0.00055997208651867,0x3f3129d25295f74b09ac99edc6e4f4406074ed77,2017-11-01T18:35:32.000Z,0.000005201,0x5d1792e727ffd5d77ad119e48bc6b6f9e82f8521,sell,0x2fd41f516fac94ed08e156f489f56ca3a80b04d0,0x421c751866267f28a5cb49547f4b152cdfb5e2780436e0e5c17255e7309069c7
147,0.23788014,0.000001926829134,0x13c3fd153e23ded7477e0817ad4d5754e2d67649,2017-11-01T17:55:13.000Z,0.0000081,0xd7a12a0492a1decdb8417734167c43c89ec802a8,sell,0x2fd41f516fac94ed08e156f489f56ca3a80b04d0,0x29afd6a1efa7134dd7272adc79cc894eff4090088081a0856452c9b3f64b1f94
148,2386.17560549,0.0238617560549,0x09e396aca9535fffc68c72f880ab36e252b73a43,2017-11-01T17:54:11.000Z,0.00001,0xd7a12a0492a1decdb8417734167c43c89ec802a8,sell,0x2fd41f516fac94ed08e156f489f56ca3a80b04d0,0x04054a7de409d6d83246a38129e1d3db13183681629d9cc2e87c1919e8de0de2
149,600,0.0108,0xf4b6e090b49b4edf517fce9e5b99d07281b0da48,2017-11-01T17:36:20.000Z,0.000018,0xf6561e96977e573f96ae7761709c3bfd6677bd48,buy,0x2fd41f516fac94ed08e156f489f56ca3a80b04d0,0xf805abf9d3ebc8db05ef9eb2bf628a4f30edd199c0746268d6a18ef12e9d600b
150,4.78433175,0.000114345528860532,0x3d53269e7e2464b859a099cb4e8c0ff53b1ddd26,2017-11-01T17:35:37.000Z,0.00002390000000742674,0x1749bb6e4080ebd7317ce5d8f9fb63fbfe58d27c,buy,0x2fd41f516fac94ed08e156f489f56ca3a80b04d0,0xc52ba4480774bcb5badb1fc317aca9c014d76762f7f42e991b093f7cf414288a
151,1000,0.0249,0xf4b6e090b49b4edf517fce9e5b99d07281b0da48,2017-11-01T17:32:13.000Z,0.0000249,0xa021d614767da70616989e1b683ad20871476cfb,buy,0x2fd41f516fac94ed08e156f489f56ca3a80b04d0,0x6ef4c3bc1d85a6510dff2ddfa2d3d09564d1afd5d66201d5450a7c36290050de
152,6500,0.16185,0xf44072eda87ede9613b6ae1b812de8a60ade27a2,2017-11-01T17:30:04.000Z,0.0000249,0xa021d614767da70616989e1b683ad20871476cfb,buy,0x2fd41f516fac94ed08e156f489f56ca3a80b04d0,0x6ee2a90c00486d70c2e24bbca161fb0415849b04048d43d3ca38552a7ea7a4d7
153,6480.5,0.1879345,0x9658cb99d2077c7f52cb606ff5e8618d530dfd0c,2017-11-01T17:30:04.000Z,0.000029,0xf44072eda87ede9613b6ae1b812de8a60ade27a2,sell,0x2fd41f516fac94ed08e156f489f56ca3a80b04d0,0x6ee2a90c00486d70c2e24bbca161fb0415849b04048d43d3ca38552a7ea7a4d7
154,1000,0.021,0xd420b0a31a0fd6d7efc20c796e001af9062fc68b,2017-11-01T17:21:49.000Z,0.000021,0x062fadf94ffbe2b1910894edb5fa55998974679e,buy,0x2fd41f516fac94ed08e156f489f56ca3a80b04d0,0x4c72b1e3a04cb2d30cc3729cee052151cd225ac792668550b5876acdafe65c08
155,1000,0.021,0xd420b0a31a0fd6d7efc20c796e001af9062fc68b,2017-11-01T17:21:15.000Z,0.000021,0x062fadf94ffbe2b1910894edb5fa55998974679e,buy,0x2fd41f516fac94ed08e156f489f56ca3a80b04d0,0x4c72b1e3a04cb2d30cc3729cee052151cd225ac792668550b5876acdafe65c08
156,20,0.000478,0x75f157da5b8fe9cc61c40e8f9ba22d99cebc55d2,2017-11-01T16:54:39.000Z,0.0000239,0x3c138bbdb924ff17535a9bec15546498ebb8a2b3,buy,0x2fd41f516fac94ed08e156f489f56ca3a80b04d0,0xc952ae5a66454f6d7ce2f52e9e396385e706360465068f8808985492b175d475
157,26499.772,0.39749658,0x1749bb6e4080ebd7317ce5d8f9fb63fbfe58d27c,2017-11-01T16:50:29.000Z,0.000015,0x0d5eb395419c9d7e23ca90a2a25a0c3b96227c51,buy,0x2fd41f516fac94ed08e156f489f56ca3a80b04d0,0x152326d6a9d6e844c5322e0a652c4d6f2de473e0c4a5469ef12c34c1a6ac776e
158,5400,0.0648,0x3f3129d25295f74b09ac99edc6e4f4406074ed77,2017-11-01T16:50:29.000Z,0.000012,0x647d1c4dc83775d6e131b9eaca500d47bb90d73f,sell,0x2fd41f516fac94ed08e156f489f56ca3a80b04d0,0x227f9dff5a57240c728ab68662f26e7756ed29db28a7e395951fecf5dcf2df76
159,500,0.007,0x1e71d58dbce68549948bdbd7b026501c4e17231e,2017-11-01T16:49:13.000Z,0.000014,0x647d1c4dc83775d6e131b9eaca500d47bb90d73f,sell,0x2fd41f516fac94ed08e156f489f56ca3a80b04d0,0x97cf622b2bc30e052dd77f1db32973245f5d3685fb0b52121b496f484bb7ae7d
160,111375.776,2.673018624,0x3df86cefaecfaa31be2f74f8f832cb4ef62b79f8,2017-11-01T16:39:28.000Z,0.000024,0xdc234690c5339b891047f746963813a3f0fa69b0,buy,0x2fd41f516fac94ed08e156f489f56ca3a80b04d0,0xb8ed229e62089f85301f0abfe8057bce1c51d109410f72decf062c694dfe6e9a
161,10000,0.26,0xde6f411e90c05f4b249683c6bc63737a3b482356,2017-11-01T16:26:48.000Z,0.000026,0x09e396aca9535fffc68c72f880ab36e252b73a43,buy,0x2fd41f516fac94ed08e156f489f56ca3a80b04d0,0x5af27fb2148080398769ab02e3489afbed0c862a5c79ca765533200fe71c9de7
162,2000,0.0498,0xde6f411e90c05f4b249683c6bc63737a3b482356,2017-11-01T16:22:30.000Z,0.0000249,0x3c138bbdb924ff17535a9bec15546498ebb8a2b3,buy,0x2fd41f516fac94ed08e156f489f56ca3a80b04d0,0xb538a5b84ca7217ea45649bcdf751190349a1efbd7a9fbd2b6348fda0e721b59
163,2449.6052238,0.0269456574618,0x9769918b0b4c4e01555b2f6fd4dda7f35e2893bd,2017-11-01T15:51:16.000Z,0.000011,0x42402c8ce29cd961ad96253ca1bd402b91d3be74,sell,0x2fd41f516fac94ed08e156f489f56ca3a80b04d0,0x6286d7dfa6cd3ada58d3f1a35ac8121e7292b8b06cd886bcd00da5ad67e8548b
164,2449.6052238,0.02474101276038,0x3285de43ad6ad897cfdf0e48808b2aaca3df871d,2017-11-01T15:13:39.000Z,0.0000101,0xaa1e801601ed0309dc6f9e57d2ca921790884c0f,sell,0x2fd41f516fac94ed08e156f489f56ca3a80b04d0,0x2e5ff7aad6055b0b9fd5c6bdbccb248b94567182da2887090c58f82c5632ff30
165,0.0000102,0.1836,0xed5484bf8d581cf172e2cf53066100eba57fe3f7,2017-11-01T15:03:07.000Z,18000,0x273a5d3e6721b9f5c1a6474f560c1334c63dda01,sell,0x2fd41f516fac94ed08e156f489f56ca3a80b04d0,0x67d3c5e02d5e79b2ac1d4f54476caeffe63b987727fae76d713dcd5e942e130f
166,2449.6052238,0.02474101276038,0x3285de43ad6ad897cfdf0e48808b2aaca3df871d,2017-11-01T15:01:52.000Z,0.0000101,0xcf36729e7dc7cec5dfcf8f0e01a8895b43683ca5,sell,0x2fd41f516fac94ed08e156f489f56ca3a80b04d0,0x97e58bfac131dfc71503a8e4771612ccc41b62d3c9097a674e736d741d736118
167,100,0.0011,0xed5484bf8d581cf172e2cf53066100eba57fe3f7,2017-11-01T14:57:57.000Z,0.000011,0x3f3129d25295f74b09ac99edc6e4f4406074ed77,buy,0x2fd41f516fac94ed08e156f489f56ca3a80b04d0,0x5343071f098d1475d5fbb98955454f441d0dd7f8035b47385e2aec8d15566c2f
168,280,0.00728,0x265ca90bd2ceb257be4370d0cbd6bf8e0a6688e1,2017-11-01T14:48:37.000Z,0.000026,0x1e71d58dbce68549948bdbd7b026501c4e17231e,buy,0x2fd41f516fac94ed08e156f489f56ca3a80b04d0,0xbf9516b37bad200a2f861ba3fddfa03370fce83730cd4bd5539bc27def21daaf
169,1288,0.03333344,0x265ca90bd2ceb257be4370d0cbd6bf8e0a6688e1,2017-11-01T14:47:51.000Z,0.00002588,0x0e51e863c9cd2efe66827d5ae1a52e4f979724bb,buy,0x2fd41f516fac94ed08e156f489f56ca3a80b04d0,0xb3d83fa6dfd6c3de3163699687c468a80368b1a045fcd43f8866e6c740486eba
170,5200,0.104,0x265ca90bd2ceb257be4370d0cbd6bf8e0a6688e1,2017-11-01T14:47:03.000Z,0.00002,0xbabe38961cb3d28892d11567b73304e087bad1c6,buy,0x2fd41f516fac94ed08e156f489f56ca3a80b04d0,0x671e7c2d811bdf60d5882a3c3c2b1985f7286b8ce4fb785da9075414c9bc0f39
171,2000,0.0356,0x265ca90bd2ceb257be4370d0cbd6bf8e0a6688e1,2017-11-01T14:35:29.000Z,0.0000178,0x3c138bbdb924ff17535a9bec15546498ebb8a2b3,buy,0x2fd41f516fac94ed08e156f489f56ca3a80b04d0,0x67364f31f6d6913e4c16274fcfd34501fbaaccdbbd279eb5aa0df54da4373889
172,5000,0.0895,0x265ca90bd2ceb257be4370d0cbd6bf8e0a6688e1,2017-11-01T14:35:29.000Z,0.0000179,0xf4c314c2ca27995a1b33b771106596dfe0d4b1e3,buy,0x2fd41f516fac94ed08e156f489f56ca3a80b04d0,0x292107362b0e27632064c8592a1cc21fd8fbbdd7d9322b208e0d1681f5056de6
173,8000,0.12,0x265ca90bd2ceb257be4370d0cbd6bf8e0a6688e1,2017-11-01T14:35:29.000Z,0.000015,0x3285de43ad6ad897cfdf0e48808b2aaca3df871d,buy,0x2fd41f516fac94ed08e156f489f56ca3a80b04d0,0x9b470c09e6ebca05b636cc6c7e2c1fffc25b47f44146de53bb901ad66fbb1856
174,2000,0.020022,0x2ac41b32749262485a4fab8751b22045599ef47b,2017-11-01T14:34:47.000Z,0.000010011,0x812028886f88ef49db5e9982c97c496c8f395bd0,sell,0x2fd41f516fac94ed08e156f489f56ca3a80b04d0,0xfd382e2833fff783c4f12e9c4362601698e5d66cdccd520bdc0e4ffccf694d81
175,120,0.00132,0x265ca90bd2ceb257be4370d0cbd6bf8e0a6688e1,2017-11-01T14:34:47.000Z,0.000011,0x3f3129d25295f74b09ac99edc6e4f4406074ed77,buy,0x2fd41f516fac94ed08e156f489f56ca3a80b04d0,0x21096b8d808c69078b2b3358c2ee390854782ebf8e0fbb8f90c806c4432314ce
176,120,0.00132,0x265ca90bd2ceb257be4370d0cbd6bf8e0a6688e1,2017-11-01T14:33:43.000Z,0.000011,0x3f3129d25295f74b09ac99edc6e4f4406074ed77,buy,0x2fd41f516fac94ed08e156f489f56ca3a80b04d0,0x21096b8d808c69078b2b3358c2ee390854782ebf8e0fbb8f90c806c4432314ce
177,2000,0.020022,0x2ac41b32749262485a4fab8751b22045599ef47b,2017-11-01T14:33:43.000Z,0.000010011,0x812028886f88ef49db5e9982c97c496c8f395bd0,sell,0x2fd41f516fac94ed08e156f489f56ca3a80b04d0,0xfd382e2833fff783c4f12e9c4362601698e5d66cdccd520bdc0e4ffccf694d81
178,100,0.00101,0x265ca90bd2ceb257be4370d0cbd6bf8e0a6688e1,2017-11-01T14:33:21.000Z,0.0000101,0x3f3129d25295f74b09ac99edc6e4f4406074ed77,buy,0x2fd41f516fac94ed08e156f489f56ca3a80b04d0,0x24fa645af22da1dea52426672f002794b2d80a0ea5cc3bed6c43e13cf4ec6aca
179,765.89505356,0.00766814127624272,0x3f3129d25295f74b09ac99edc6e4f4406074ed77,2017-11-01T14:12:59.000Z,0.000010012,0x49d1331c827135e536bcf74888c698ccd5f2f551,sell,0x2fd41f516fac94ed08e156f489f56ca3a80b04d0,0xf5027e5e1cccf81cef5ae3dd83200e32beba38f7950dbceb63da4e9550002f3c
180,48018.20123048,0.4801820123048,0x09e396aca9535fffc68c72f880ab36e252b73a43,2017-11-01T14:08:10.000Z,0.00001,0xb00548770ea87482f024cd4292a975fea72e8f01,sell,0x2fd41f516fac94ed08e156f489f56ca3a80b04d0,0xac118c2d64ef88a75edf69c755985236df2ef7ae767965e850adb98e7a146324
181,2138.37129049,0.02140723498909539,0x2ac41b32749262485a4fab8751b22045599ef47b,2017-11-01T14:03:57.000Z,0.000010011,0x526cfa34851cd04f8d58e012bcb343bd573ea769,sell,0x2fd41f516fac94ed08e156f489f56ca3a80b04d0,0x8ea3d6cd5a0f69bb0ec3565ce5a268c783dda1f9b5e2a92d0b8fed6d30ab4289
182,5000,0.050055,0x2ac41b32749262485a4fab8751b22045599ef47b,2017-11-01T13:52:14.000Z,0.000010011,0x526cfa34851cd04f8d58e012bcb343bd573ea769,sell,0x2fd41f516fac94ed08e156f489f56ca3a80b04d0,0x21daedb4fdd7c28244efad6e40ca4f455264ed823584069815ef3be4df7f8754
183,22437.538,0.291687994,0x3f3129d25295f74b09ac99edc6e4f4406074ed77,2017-11-01T13:50:59.000Z,0.000013,0xe89a2a7a15cbaae3c58a03d79485373e216226d6,buy,0x2fd41f516fac94ed08e156f489f56ca3a80b04d0,0x77fc357c0537f8be235ed106ebeff4b91dac13bd64c45e1ebf01f6c036df5e30
184,4000,0.051,0x43b200b396237e1525dde133375eba5d82380486,2017-11-01T13:37:35.000Z,0.00001275,0xe89a2a7a15cbaae3c58a03d79485373e216226d6,sell,0x2fd41f516fac94ed08e156f489f56ca3a80b04d0,0x3a50bafd2e942a6c6251ec0582811c033f6aab4f22e4b02d24678c4b36921c61
185,54356.84865493,0.70663903251409,0xf2d403aec27ef17b54b090f02fb7487d226aaa54,2017-11-01T13:37:35.000Z,0.000013,0xe89a2a7a15cbaae3c58a03d79485373e216226d6,sell,0x2fd41f516fac94ed08e156f489f56ca3a80b04d0,0xfd9641e017ba76313ddb697c9e7ba822e820c1789cdc7a1deae64c6f4e673215
186,1066.69325092,0.01386701226196,0xf2d403aec27ef17b54b090f02fb7487d226aaa54,2017-11-01T13:36:36.000Z,0.000013,0x7b26e1cd35435bf375c384449dd85c5b3169f209,sell,0x2fd41f516fac94ed08e156f489f56ca3a80b04d0,0xe40257857563ee78c27487555ef61f04c8ac65b9dbaba9146dfcf0ec1cab32f9
187,11358.63390489,0.14766224076357,0xf2d403aec27ef17b54b090f02fb7487d226aaa54,2017-11-01T13:30:26.000Z,0.000013,0xe1354d439daf03506812378d0e231414ebf7350e,sell,0x2fd41f516fac94ed08e156f489f56ca3a80b04d0,0xe4c72eee9ac9c13531847add4b7f85f4c79b7ab295a59a8b65734b019cb79677
188,100,0.0022,0x2364e6ea3e35a8fa696fa56f2e56ab62e0583f28,2017-11-01T13:26:27.000Z,0.000022,0xe89a2a7a15cbaae3c58a03d79485373e216226d6,buy,0x2fd41f516fac94ed08e156f489f56ca3a80b04d0,0x3f53180e879ca71eda5cfde28fd68f68bbe6053ed442be418e28ba8402bf6e5d
189,1191.82936019,0.01549378168247,0xf2d403aec27ef17b54b090f02fb7487d226aaa54,2017-11-01T13:22:28.000Z,0.000013,0xd027015825907696f432c3105bdaa4e4087e6e9c,sell,0x2fd41f516fac94ed08e156f489f56ca3a80b04d0,0xec0d8ffed9c5ccbaaa1969d361e56b9de3e40bacc350537fe20160f823fb543b
190,8200,0.1148,0x3285de43ad6ad897cfdf0e48808b2aaca3df871d,2017-11-01T13:22:10.000Z,0.000014,0xb4ef62a512cf6ce2a548e5b4b88cfa8cd93e8aa3,buy,0x2fd41f516fac94ed08e156f489f56ca3a80b04d0,0x6bc1c2dc8dfdbd768a5f3a30984996d76cdd6705830cb581b6c11f4286971b80
191,1178.975,0.01532903295,0x05453803612af85cf2d8dbe89d4906bdd6a0baaf,2017-11-01T13:20:51.000Z,0.000013002,0xd027015825907696f432c3105bdaa4e4087e6e9c,sell,0x2fd41f516fac94ed08e156f489f56ca3a80b04d0,0x4c9ab3f1e71e2dd27bf5426323bc93c81c8bb7aba54c67bf6a5b8231a1ed22e8
192,1000,0.013003,0x3688b7673673b372c042ce875c775fa1f485e00d,2017-11-01T13:19:59.000Z,0.000013003,0xd027015825907696f432c3105bdaa4e4087e6e9c,sell,0x2fd41f516fac94ed08e156f489f56ca3a80b04d0,0x38e7fafdd45c517ace5bd46b98dabf030c633b53ae004844637ddc12bebce43b
193,1614.12167876,0.02259770350264,0x485d715fb51c67579ca3dcc0fcf7edd165b2d659,2017-11-01T13:19:41.000Z,0.000014,0xd027015825907696f432c3105bdaa4e4087e6e9c,sell,0x2fd41f516fac94ed08e156f489f56ca3a80b04d0,0x772bd6a464b2647520e9dddd88a0e25cea7b71c9cd090a60464a00fbff5f8126
194,8773.6,0.131604,0x8a7c121ed5fe912c6ddddb1cad998c3a5d19e511,2017-11-01T13:16:05.000Z,0.000015,0xf44072eda87ede9613b6ae1b812de8a60ade27a2,sell,0x2fd41f516fac94ed08e156f489f56ca3a80b04d0,0xe7dad9890f7c5af49a1c103d68cd20e0b61e22e22945377c00507180ea9af3a9
195,8800,0.1232,0xf44072eda87ede9613b6ae1b812de8a60ade27a2,2017-11-01T13:16:05.000Z,0.000014,0xb4ef62a512cf6ce2a548e5b4b88cfa8cd93e8aa3,buy,0x2fd41f516fac94ed08e156f489f56ca3a80b04d0,0xe7dad9890f7c5af49a1c103d68cd20e0b61e22e22945377c00507180ea9af3a9
196,2449.60538331,0.03429447536634,0x485d715fb51c67579ca3dcc0fcf7edd165b2d659,2017-11-01T13:14:57.000Z,0.000014,0x35cff648b0f0f98deb9795d2569966101bbe1b98,sell,0x2fd41f516fac94ed08e156f489f56ca3a80b04d0,0x2aee16a05e08fac3e00860fe081bb725ccf3312d3b341aa491172bcb0c227632
197,18873.99,0.28310985,0x8a7c121ed5fe912c6ddddb1cad998c3a5d19e511,2017-11-01T13:13:10.000Z,0.000015,0xe89a2a7a15cbaae3c58a03d79485373e216226d6,sell,0x2fd41f516fac94ed08e156f489f56ca3a80b04d0,0x79bc573e737495892cd1cf8ee93f76805cac67d59f4452913eba75357d4c9738
198,21126.00953495,0.31689014302425,0x8a7c121ed5fe912c6ddddb1cad998c3a5d19e511,2017-11-01T13:12:11.000Z,0.000015,0x0f1b76410215ed963ea2c3d3eaddd4a56350b422,sell,0x2fd41f516fac94ed08e156f489f56ca3a80b04d0,0x0cfb09b3f545b1190b86f14bc89e6c5feb1bb38ad01cd5ed240f21718c46612e
199,10000.344,0.20000688,0xe1354d439daf03506812378d0e231414ebf7350e,2017-11-01T13:11:56.000Z,0.00002,0xed69c11b29af3cc02aeca559036645c4bfcea10a,buy,0x2fd41f516fac94ed08e156f489f56ca3a80b04d0,0x490a27a10af4a44822347f54763dc5751e2d7ab3522cd6de01f3298cdc9ca9d2
200,2492.74962937,0.03489849481118,0x90c72d9f8a299896b295b04813a9526c584fd7bc,2017-11-01T13:00:40.000Z,0.000014,0x4cb8c00b2f1e0d40856496f8f16b41e7a0e4de1c,sell,0x2fd41f516fac94ed08e156f489f56ca3a80b04d0,0xf61a42ac11bd90d857f777a031bed6df7871351fac3d28b5ea51abfeee9edaf7
201,9998.89898416,0.141984365575072,0x485d715fb51c67579ca3dcc0fcf7edd165b2d659,2017-11-01T12:58:46.000Z,0.0000142,0x0f1b76410215ed963ea2c3d3eaddd4a56350b422,sell,0x2fd41f516fac94ed08e156f489f56ca3a80b04d0,0xe3b89e9b8a44e95b8f64d226a3470a5a9aa0490d94068358fbff25f2cda0cd7f
202,68046.46477672,0.95265050687408,0x90c72d9f8a299896b295b04813a9526c584fd7bc,2017-11-01T12:58:36.000Z,0.000014,0x0f1b76410215ed963ea2c3d3eaddd4a56350b422,sell,0x2fd41f516fac94ed08e156f489f56ca3a80b04d0,0x517697f5f5307dac83a6aeeacda7982eeca0f245726c3f9c98771c0c734c0e3f
203,1.10101584,0.000015634424928,0x485d715fb51c67579ca3dcc0fcf7edd165b2d659,2017-11-01T12:57:35.000Z,0.0000142,0xe6129fd8e8cd49930df1ee91ffa0f4502e611adf,sell,0x2fd41f516fac94ed08e156f489f56ca3a80b04d0,0x0c189006833d9b30b292add5ba5affb05d064b154240d0e6e3558fbd18df66a5
204,0.16657447,0.00000233204258,0x90c72d9f8a299896b295b04813a9526c584fd7bc,2017-11-01T12:55:45.000Z,0.000014,0x0f1b76410215ed963ea2c3d3eaddd4a56350b422,sell,0x2fd41f516fac94ed08e156f489f56ca3a80b04d0,0x37400655b7dbfe887f4dcd3979a47229997cb17db48c8daf6b460ced75d1ca52
205,11044.28979327,0.15462005710578,0x90c72d9f8a299896b295b04813a9526c584fd7bc,2017-11-01T12:55:45.000Z,0.000014,0xe6129fd8e8cd49930df1ee91ffa0f4502e611adf,sell,0x2fd41f516fac94ed08e156f489f56ca3a80b04d0,0x64a8a037031f4ebfb62c3bdc7756f59a3e0c90d6bcd977255ac4807be6782271
206,20909.07885554,0.29272710397756,0x90c72d9f8a299896b295b04813a9526c584fd7bc,2017-11-01T12:54:36.000Z,0.000014,0x99c92fd645ec759c573e83512e38fb1459f183f9,sell,0x2fd41f516fac94ed08e156f489f56ca3a80b04d0,0x30f1b185ba549006562733ede058fca96bd671ed4453b0abcb467944206e8485
207,10000,0.142,0x485d715fb51c67579ca3dcc0fcf7edd165b2d659,2017-11-01T12:49:44.000Z,0.0000142,0xe6129fd8e8cd49930df1ee91ffa0f4502e611adf,sell,0x2fd41f516fac94ed08e156f489f56ca3a80b04d0,0xb6eb3b489e4ba4aa49778d9916039437895ade2ff7c00ec21f1dd99b5c237550
208,1470.79952148,0.020738273252868,0x0f1b76410215ed963ea2c3d3eaddd4a56350b422,2017-11-01T12:48:43.000Z,0.0000141,0x71f4632a7f8d9841fc9cbc2c69e1bde15462822d,sell,0x2fd41f516fac94ed08e156f489f56ca3a80b04d0,0x0a394737945d147cbef209b7802e9719b39862e96563f6c983bcf29380bb21f4
209,100000,1.41,0x0f1b76410215ed963ea2c3d3eaddd4a56350b422,2017-11-01T12:48:00.000Z,0.0000141,0xe6129fd8e8cd49930df1ee91ffa0f4502e611adf,sell,0x2fd41f516fac94ed08e156f489f56ca3a80b04d0,0xa71b3572a6cd155bcba1665d5d6e0234fd7ee181a8dd30db7f2fed321d4cedda
210,7000,0.112,0x485d715fb51c67579ca3dcc0fcf7edd165b2d659,2017-11-01T12:47:54.000Z,0.000016,0xe6129fd8e8cd49930df1ee91ffa0f4502e611adf,sell,0x2fd41f516fac94ed08e156f489f56ca3a80b04d0,0xe733d40c4f41c7a1a70ff25efe5568beb4a603561318600cb084ed7fd551cf65
211,280,0.0056,0x1e71d58dbce68549948bdbd7b026501c4e17231e,2017-11-01T12:47:04.000Z,0.00002,0x71f4632a7f8d9841fc9cbc2c69e1bde15462822d,sell,0x2fd41f516fac94ed08e156f489f56ca3a80b04d0,0x5fe3c52667b79d81d69349713afd5ca5cff5e7f3fbb56aaafdc5eb33b3e52591
212,20753.897,0.601863013,0x99c92fd645ec759c573e83512e38fb1459f183f9,2017-11-01T12:33:54.000Z,0.000029,0x2249189fb2eea9d8449196c09cc171a8cf3bac88,buy,0x2fd41f516fac94ed08e156f489f56ca3a80b04d0,0xb3b0ff1d2c22b35fd0a32eb4a31f54c678d893f88b5e794a9d6ec86e0df50b58
213,2950.04577492,0.0442506866238,0x3c138bbdb924ff17535a9bec15546498ebb8a2b3,2017-11-01T12:33:48.000Z,0.000015,0xe6129fd8e8cd49930df1ee91ffa0f4502e611adf,sell,0x2fd41f516fac94ed08e156f489f56ca3a80b04d0,0x8e43fcd5f3f345738b298a89e753ed3a96868a4ca1c7e0d5f10a6290f9fecab0
214,100000,1.4,0xe89a2a7a15cbaae3c58a03d79485373e216226d6,2017-11-01T12:33:32.000Z,0.000014,0xe6129fd8e8cd49930df1ee91ffa0f4502e611adf,sell,0x2fd41f516fac94ed08e156f489f56ca3a80b04d0,0x70d61f6436c210d8f438fa1a9e37ef3b0f3f432e5b92680684a2fd04c7d18c7c
215,1900,0.02964,0x3c138bbdb924ff17535a9bec15546498ebb8a2b3,2017-11-01T12:32:10.000Z,0.0000156,0xe6129fd8e8cd49930df1ee91ffa0f4502e611adf,sell,0x2fd41f516fac94ed08e156f489f56ca3a80b04d0,0x9054a955eac1b864824e7ff1262ce835b3bfe161e9b56ebc6a0640befbca5090
216,5000,0.0755,0xf4c314c2ca27995a1b33b771106596dfe0d4b1e3,2017-11-01T12:31:53.000Z,0.0000151,0xe6129fd8e8cd49930df1ee91ffa0f4502e611adf,sell,0x2fd41f516fac94ed08e156f489f56ca3a80b04d0,0x54b182facb706aa3f1e8a4a78ae5c27109bc5f07513a67d1abfa3737b1071ff1
217,220,0.00605,0x99c92fd645ec759c573e83512e38fb1459f183f9,2017-11-01T12:31:53.000Z,0.0000275,0x1e71d58dbce68549948bdbd7b026501c4e17231e,buy,0x2fd41f516fac94ed08e156f489f56ca3a80b04d0,0xee7056518b91c31bd2635335c79c0b46c55ecb486c208a3130baa3deb5606836
218,10000,0.2,0xe5b5a0eef415e3b8e5c6cf65d3e008dd47d55587,2017-11-01T12:30:48.000Z,0.00002,0xe6129fd8e8cd49930df1ee91ffa0f4502e611adf,sell,0x2fd41f516fac94ed08e156f489f56ca3a80b04d0,0x5d0f4515dcb97e083bcf0957483f95fd84c9aaa7df8d4178054c35f17ae1a559
219,4323.833,0.1042043753,0xa021d614767da70616989e1b683ad20871476cfb,2017-11-01T12:30:41.000Z,0.0000241,0xe6129fd8e8cd49930df1ee91ffa0f4502e611adf,sell,0x2fd41f516fac94ed08e156f489f56ca3a80b04d0,0xff142e0b1330b71069ca7f04b6acf0151b7609a73a101673c4317c34b6587c2d
220,71600,1.7184,0x7749fb630050e4b5c430174e9147c68db097744b,2017-11-01T12:30:27.000Z,0.000024,0xe6129fd8e8cd49930df1ee91ffa0f4502e611adf,sell,0x2fd41f516fac94ed08e156f489f56ca3a80b04d0,0x0c8afd3a0b2ae5897427f9b4db3894c1cfbe1ca19c7902d8ad80891bfccb90a4
221,48779.12471338,1.175576905592458,0xa021d614767da70616989e1b683ad20871476cfb,2017-11-01T12:19:01.000Z,0.0000241,0x3ee0c766d2f02ddf091413781b83d82ebb126dd5,sell,0x2fd41f516fac94ed08e156f489f56ca3a80b04d0,0xb7ccbb72e610f59b83840fd7802cbccba367ee28ca67af84424dc39eddd76779
222,220,0.0055,0x1e71d58dbce68549948bdbd7b026501c4e17231e,2017-11-01T12:16:40.000Z,0.000025,0x3ee0c766d2f02ddf091413781b83d82ebb126dd5,sell,0x2fd41f516fac94ed08e156f489f56ca3a80b04d0,0x198f30938c804b0af07a068068a816f4e7b9b0bea02dd9502f0240ab3d7661b5
223,849,0.023772,0x633e795e1693805655d67c3fba6cf57887d9fb21,2017-11-01T12:15:47.000Z,0.000028,0x3ee0c766d2f02ddf091413781b83d82ebb126dd5,buy,0x2fd41f516fac94ed08e156f489f56ca3a80b04d0,0xb6aa532f58835973ece67bc6e1ae12ffa17b897c0477094743d65cea281f937f
224,1905.85101236,0.045931009397876,0xa021d614767da70616989e1b683ad20871476cfb,2017-11-01T12:12:42.000Z,0.0000241,0x11436e5de95bd057e01e89188de78f3d18c9b37e,sell,0x2fd41f516fac94ed08e156f489f56ca3a80b04d0,0x3f81b142be879be03c75f5afdde5c47d8110fa99bf76c35457fee1f133830a47
225,15511.19114958,0.373819706704878,0xa021d614767da70616989e1b683ad20871476cfb,2017-11-01T12:09:49.000Z,0.0000241,0x33f4fa2d1064904004545278a68cb711ea38c5dd,sell,0x2fd41f516fac94ed08e156f489f56ca3a80b04d0,0xc455bbea88532986e0ef3d4a225da0c73f2bb5034512bb7e1d70bcefcab1b45e
226,200,0.0056,0x6e336aee8f7d3d346415e0e4c35f460a262057a0,2017-11-01T12:05:03.000Z,0.000028,0x1e71d58dbce68549948bdbd7b026501c4e17231e,buy,0x2fd41f516fac94ed08e156f489f56ca3a80b04d0,0xbfc3028cc031f60d179fa59c6aa4afb4776959eb68c30bcd8b0788e86a6c2583
227,23578.33980536,0.6285985392108976,0x2249189fb2eea9d8449196c09cc171a8cf3bac88,2017-11-01T12:00:00.000Z,0.00002666,0xdbbee7c11b30eda8c20556920881cc6cfa5ad230,sell,0x2fd41f516fac94ed08e156f489f56ca3a80b04d0,0xd871b811b5e34363dc4e422a1bae17e25b98be468af447ad1dba8fa1df2ec5b7
228,7326.58757851,0.195619888346217,0x3ee0c766d2f02ddf091413781b83d82ebb126dd5,2017-11-01T11:57:44.000Z,0.0000267,0xdbbee7c11b30eda8c20556920881cc6cfa5ad230,sell,0x2fd41f516fac94ed08e156f489f56ca3a80b04d0,0x3a0273040598875d303c8a2095ad72276070410941d53c0eb12c8d41a81cb8d8
229,42673.41242149,1.139380111653783,0x3ee0c766d2f02ddf091413781b83d82ebb126dd5,2017-11-01T11:55:34.000Z,0.0000267,0xa2fb65d32b6fe9b99f2b7e2a46fab12913ae4cdb,sell,0x2fd41f516fac94ed08e156f489f56ca3a80b04d0,0x3fb069e6d329fc74e9248b6cca85b77b981ae4a136c7c7a856b08d0fb185f467
230,0.22426731,0.000005965510446,0x4a5400fb0e3b62317d3d58b647b0c0b902ba8573,2017-11-01T11:49:32.000Z,0.0000266,0x2870841abe904e21be3341adf039cab51267e772,sell,0x2fd41f516fac94ed08e156f489f56ca3a80b04d0,0xdcf9f1b0a059e378b54691f086f3ea17135ab844872887665d999ebc9460dd28
231,2249.6253215,0.0598400335519,0x4a5400fb0e3b62317d3d58b647b0c0b902ba8573,2017-11-01T11:44:41.000Z,0.0000266,0x2870841abe904e21be3341adf039cab51267e772,sell,0x2fd41f516fac94ed08e156f489f56ca3a80b04d0,0x0df5805d3cd593e565fce65c7549f8e7bb7875a034f1c8bb5454c09ed557d13f
232,200,0.0051,0x1e71d58dbce68549948bdbd7b026501c4e17231e,2017-11-01T11:43:35.000Z,0.0000255,0x2870841abe904e21be3341adf039cab51267e772,sell,0x2fd41f516fac94ed08e156f489f56ca3a80b04d0,0x31ad5c42ba11f5c46f37e457a8d5cc7383b5d3bda16f191d200019e6a861dec5
233,6350.19263442,0.196849621474616,0xf732b16f5aee6cd2db5b30a7a3860764a48b19ff,2017-11-01T11:28:30.000Z,0.00003099900000003628,0x09e396aca9535fffc68c72f880ab36e252b73a43,buy,0x2fd41f516fac94ed08e156f489f56ca3a80b04d0,0x6aac7ab64504f5d243b3c7edfaa3579d277a8aab411f540748220cb990d4d411
234,7000,0.1855,0x5d2ba7d1f80e353b48ec8a214a21d1e3d6951a3a,2017-11-01T11:24:54.000Z,0.0000265,0xa2fb65d32b6fe9b99f2b7e2a46fab12913ae4cdb,sell,0x2fd41f516fac94ed08e156f489f56ca3a80b04d0,0xdd5f07bfd864b1b591dca7814bc35c57746c4601c08acc30dc254c5e5da55a63
235,2151.98067493,0.056166695615673,0x2249189fb2eea9d8449196c09cc171a8cf3bac88,2017-11-01T11:08:38.000Z,0.0000261,0x0de40728663b8e2a9b116a95c1a1ab0166979461,sell,0x2fd41f516fac94ed08e156f489f56ca3a80b04d0,0xea9d0cd794fce0468c3a220d18a8e11b983588dda259e72304dc2317dacd3d9b
236,3606.02989537,0.093396174290083,0x5d2ba7d1f80e353b48ec8a214a21d1e3d6951a3a,2017-11-01T11:01:26.000Z,0.0000259,0xfcf750d7a9201a0979694033a96865e44f963d0a,sell,0x2fd41f516fac94ed08e156f489f56ca3a80b04d0,0x8c20fd908e3617c85a9c4dc23d3ea45e5301f9d4cb5ac7b376734c0f089ffe33
237,22.92892034,0.00059615192884,0x2249189fb2eea9d8449196c09cc171a8cf3bac88,2017-11-01T10:58:30.000Z,0.000026,0xeeb18a9aae905f4aba61b8127ef412912111a25a,sell,0x2fd41f516fac94ed08e156f489f56ca3a80b04d0,0x3a5841a80a6d39b4a9cb957040b5e16a234f8dfb7b125124885dd2779f633c23
238,2457.199,0.071258771,0x2249189fb2eea9d8449196c09cc171a8cf3bac88,2017-11-01T10:52:08.000Z,0.000029,0x8a48de6b305b7e4832ffe9d23ed50394e859a8b3,buy,0x2fd41f516fac94ed08e156f489f56ca3a80b04d0,0x5b027932a79fcb71fc4f70fdf1d2d7ece1fc76cdc67d0e9f12b199cb5bab65ea
239,1426.15413601,0.03708000753626,0x2249189fb2eea9d8449196c09cc171a8cf3bac88,2017-11-01T10:50:29.000Z,0.000026,0x485d715fb51c67579ca3dcc0fcf7edd165b2d659,sell,0x2fd41f516fac94ed08e156f489f56ca3a80b04d0,0xdb93d3b1c44ada49bfb98b0da7e8576cfcd37647e7cbf730ef8602ff42b4324f
240,2850,0.08549715,0x2804619d39de50a8696f009f26a97f5ce73ddf5b,2017-11-01T10:48:53.000Z,0.000029999,0x485d715fb51c67579ca3dcc0fcf7edd165b2d659,buy,0x2fd41f516fac94ed08e156f489f56ca3a80b04d0,0x5428876ad404a06d49d2bbe5a4ed282ef7418ca01cb99de17793c0a2f0696726
241,398.46475974,0.010280390801292,0x2249189fb2eea9d8449196c09cc171a8cf3bac88,2017-11-01T10:44:34.000Z,0.0000258,0x6e336aee8f7d3d346415e0e4c35f460a262057a0,sell,0x2fd41f516fac94ed08e156f489f56ca3a80b04d0,0xdfe01b0f0bafaf1f843eafcff1b591d10ab1fba6e40e9e7ac8332078df0eed99
242,100,0.0029999,0x6c0b9a99c1ed76948fea1038be2c56ebb8855763,2017-11-01T10:32:24.000Z,0.000029999,0x485d715fb51c67579ca3dcc0fcf7edd165b2d659,buy,0x2fd41f516fac94ed08e156f489f56ca3a80b04d0,0xb12269d833b2ead5a90a0be73689c410fa0b1ad8a0f8e4a412a963c746fb75d0
243,498.5,0.0121634,0x2249189fb2eea9d8449196c09cc171a8cf3bac88,2017-11-01T10:22:12.000Z,0.0000244,0xd95bac40f4e996a35946c85395bbc9db24285b22,sell,0x2fd41f516fac94ed08e156f489f56ca3a80b04d0,0x5b606262b0c262545e62bcbc269383e38a62582c3185d142e32df6bd7cc39fb3
244,2234.47137017,0.06479966973510107,0x0c7b4aad51f3911073c0ce821dc496537cbec6d6,2017-11-01T10:15:34.000Z,0.00002900000000007655,0x485d715fb51c67579ca3dcc0fcf7edd165b2d659,buy,0x2fd41f516fac94ed08e156f489f56ca3a80b04d0,0x301e9aeb1031f451504a87779c0b865cdacb798e2d677decdbe095be8847c8ef
245,2449.60538331,0.059770371352764,0x2249189fb2eea9d8449196c09cc171a8cf3bac88,2017-11-01T10:12:28.000Z,0.0000244,0xe605714ba8a3fec244ab2bfef110628bc7436b67,sell,0x2fd41f516fac94ed08e156f489f56ca3a80b04d0,0xf279b99260930e9f9835820b1cc2f6940ee652414622939fee36f6797deea71f
246,3980,0.11741,0x2249189fb2eea9d8449196c09cc171a8cf3bac88,2017-11-01T10:06:46.000Z,0.0000295,0x485d715fb51c67579ca3dcc0fcf7edd165b2d659,buy,0x2fd41f516fac94ed08e156f489f56ca3a80b04d0,0xf3ed9291ff0193adc0556277b30bc769fbec60123ab8b79ac99a5e4c0acc2cda
247,5000,0.145,0xe89a2a7a15cbaae3c58a03d79485373e216226d6,2017-11-01T10:01:51.000Z,0.000029,0xe97307d2eb5cf05b9bbf7ada2665e6ffdd0951d7,buy,0x2fd41f516fac94ed08e156f489f56ca3a80b04d0,0x50b48ce1b8cdc27cb9c481a7603c9a1d25bcff49ea737900ecbd873efa481bda
248,180,0.0036,0x3f3129d25295f74b09ac99edc6e4f4406074ed77,2017-11-01T10:01:14.000Z,0.00002,0x3285de43ad6ad897cfdf0e48808b2aaca3df871d,buy,0x2fd41f516fac94ed08e156f489f56ca3a80b04d0,0x605d45ba5c86575974447446b8b5ebe3c2391d5bcf38f68ba2b1d4418f9e6c50
249,5283.489,0.132087225,0xe89a2a7a15cbaae3c58a03d79485373e216226d6,2017-11-01T10:00:52.000Z,0.000025,0x44ae606eec65d04f2604d90cee2aa5f3b823e4af,buy,0x2fd41f516fac94ed08e156f489f56ca3a80b04d0,0x29faa2dbee4976bcb5439f381024b85a71071ddbcb5a83d7b0aa52a50adf56ef
250,50835,1.47370665,0xe89a2a7a15cbaae3c58a03d79485373e216226d6,2017-11-01T10:00:40.000Z,0.00002899,0x11d336d59874c21b5cd34dc8e862a7e89db7f4a8,buy,0x2fd41f516fac94ed08e156f489f56ca3a80b04d0,0xda94a02360bc5ebca12d539b4c7fb009ec5c7ede5d1ad403e67d2323fa1ffb36
251,49970,1.439136,0xe89a2a7a15cbaae3c58a03d79485373e216226d6,2017-11-01T10:00:21.000Z,0.0000288,0x11d336d59874c21b5cd34dc8e862a7e89db7f4a8,buy,0x2fd41f516fac94ed08e156f489f56ca3a80b04d0,0xe68c319b9b507f7c2a553c53937c9f2d445db8f78031112812a74fff1f01ae3a
252,2457.199,0.058972776,0x5d2ba7d1f80e353b48ec8a214a21d1e3d6951a3a,2017-11-01T09:56:42.000Z,0.000024,0x8a48de6b305b7e4832ffe9d23ed50394e859a8b3,buy,0x2fd41f516fac94ed08e156f489f56ca3a80b04d0,0xd39111ceb4ab47f87508704af3e40da2e6430925c902200d7ccfe21cc5e98736
253,2398.95,0.05517585,0x5d2ba7d1f80e353b48ec8a214a21d1e3d6951a3a,2017-11-01T09:56:33.000Z,0.000023,0xaf5d138b3a72858f6bad5b852f82cf7f5620f5a7,buy,0x2fd41f516fac94ed08e156f489f56ca3a80b04d0,0xbf39aeae737642fece9accfe046aa4a7b8cb9dee998c2e2e14ed7b2986383582
254,1863.918,0.041006196,0x5d2ba7d1f80e353b48ec8a214a21d1e3d6951a3a,2017-11-01T09:56:14.000Z,0.000022,0x503a6945bc893a957deda173e3b1bd235a2f9112,buy,0x2fd41f516fac94ed08e156f489f56ca3a80b04d0,0x53ff6def72936a5cc34874ea253407ecc6f8b6ee0988441915d6bd406ad37d0b
255,49.95422508,0.0007493133762,0x3c138bbdb924ff17535a9bec15546498ebb8a2b3,2017-11-01T09:53:12.000Z,0.000015,0xc310112f6cab9dfc87ab87b91ddca667ca78bbe4,sell,0x2fd41f516fac94ed08e156f489f56ca3a80b04d0,0x0b31acf7f9c40344c5885f045d7ac7f40ab0c7870930721e077b322f8e637029
256,8402.08696459,0.15963965232738783,0x3d53269e7e2464b859a099cb4e8c0ff53b1ddd26,2017-11-01T09:51:48.000Z,0.00001900000000002116,0x485d715fb51c67579ca3dcc0fcf7edd165b2d659,buy,0x2fd41f516fac94ed08e156f489f56ca3a80b04d0,0x0c3f3c9db44ea84b5ab509476528efa493fdbe29c5ed485613667d8ce28a7d5c
257,2243.04655567,0.032524175057215,0x485d715fb51c67579ca3dcc0fcf7edd165b2d659,2017-11-01T09:51:48.000Z,0.0000145,0xf58c51065b95113487b9b4229ddbde9d2dbee8d3,sell,0x2fd41f516fac94ed08e156f489f56ca3a80b04d0,0x136f43cea8318d6ea6144160ba4ef83aa56aa2298219df4ec43e179502d00d2f
258,51.4890354,0.000978291672612167,0x3d53269e7e2464b859a099cb4e8c0ff53b1ddd26,2017-11-01T09:49:37.000Z,0.0000190000000002363,0x485d715fb51c67579ca3dcc0fcf7edd165b2d659,buy,0x2fd41f516fac94ed08e156f489f56ca3a80b04d0,0x38f2077a037c632593fcc6dd74dc0c8879816b4dfdd0cf4324ffc41b02d44554
259,12175.91,0.253258928,0x3d53269e7e2464b859a099cb4e8c0ff53b1ddd26,2017-11-01T09:49:04.000Z,0.0000208,0xf732b16f5aee6cd2db5b30a7a3860764a48b19ff,buy,0x2fd41f516fac94ed08e156f489f56ca3a80b04d0,0xf3f4bffa2fd7b227b5d09a83102467393d99b64b1722590aadadde359a33bd5a
260,14.01961406,0.000291607972632294,0x3d53269e7e2464b859a099cb4e8c0ff53b1ddd26,2017-11-01T09:47:12.000Z,0.00002080000001314544,0xf732b16f5aee6cd2db5b30a7a3860764a48b19ff,buy,0x2fd41f516fac94ed08e156f489f56ca3a80b04d0,0x7dfc6d1fb945c190ee7678066b22368f367ac65947db01a9a7267d19f289236f
261,8453.576,0.135257216,0x485d715fb51c67579ca3dcc0fcf7edd165b2d659,2017-11-01T09:37:34.000Z,0.000016,0xd472c2b8fdfdd5ce11a4c4981e9fd6e6f14a9d4f,buy,0x2fd41f516fac94ed08e156f489f56ca3a80b04d0,0xf93144c884b6fe88e6d481c5b5ef489d15fc4a632510c52f8a9820dddc3cc570
262,1187.478,0.026124516,0xe89a2a7a15cbaae3c58a03d79485373e216226d6,2017-11-01T09:35:00.000Z,0.000022,0xd2d65245456bb66d7cad67ba516c04fc2c151bee,buy,0x2fd41f516fac94ed08e156f489f56ca3a80b04d0,0x5b6ee7760f375951f05ce42297151f19bb9683e1845d016c4fa503278932b9ee
263,0.20103369,0.0000502584225,0xad6311e899ca6b6e8f3a475a34a570a8706790b4,2017-11-01T09:33:05.000Z,0.00025,0x1d5321e125f6c7079a716705541c7b371ca79e69,sell,0x2fd41f516fac94ed08e156f489f56ca3a80b04d0,0xedb4dbfe539c233b16b0fe4d1ba4698451a051b591c04801d35347b57c5e6d15
264,0.2016368,0.000001514292368,0x1d5321e125f6c7079a716705541c7b371ca79e69,2017-11-01T09:33:05.000Z,0.00000751,0x13b34604ccc38b5d4b058dd6661c5ec3b13ef045,buy,0x2fd41f516fac94ed08e156f489f56ca3a80b04d0,0xedb4dbfe539c233b16b0fe4d1ba4698451a051b591c04801d35347b57c5e6d15
265,616.11865235,0.0135546103517,0xf44072eda87ede9613b6ae1b812de8a60ade27a2,2017-11-01T09:33:01.000Z,0.000022,0x503a6945bc893a957deda173e3b1bd235a2f9112,buy,0x2fd41f516fac94ed08e156f489f56ca3a80b04d0,0xfb1a9d08dcf0ce642eb9b9df8960d4d45c4c33a4ba9bde03eb7dc99128d27df2
266,614.27029639,0.1535675740975,0xad6311e899ca6b6e8f3a475a34a570a8706790b4,2017-11-01T09:33:01.000Z,0.00025,0xf44072eda87ede9613b6ae1b812de8a60ade27a2,sell,0x2fd41f516fac94ed08e156f489f56ca3a80b04d0,0xfb1a9d08dcf0ce642eb9b9df8960d4d45c4c33a4ba9bde03eb7dc99128d27df2
267,3000,0.0891,0xa2738bba359bd06501e78c4316b4a5cdd46456a8,2017-11-01T09:25:47.000Z,0.0000297,0x485d715fb51c67579ca3dcc0fcf7edd165b2d659,buy,0x2fd41f516fac94ed08e156f489f56ca3a80b04d0,0x53552253466bc3d11f34c4c824a0a356c50b1f2d46bef0c20ecd562cdbf3c259
268,261.29108565,0.005487112798808524,0x0c7b4aad51f3911073c0ce821dc496537cbec6d6,2017-11-01T09:23:38.000Z,0.00002100000000060669,0x8b648032e21eb80b10712e51daf517abd8326595,buy,0x2fd41f516fac94ed08e156f489f56ca3a80b04d0,0x189465bef006ad3453ac193aeeb7a6ee843f8bd639c4dbce4b57cbbddd87c758
269,12736.37357986,0.2661902078192112,0xf732b16f5aee6cd2db5b30a7a3860764a48b19ff,2017-11-01T09:20:38.000Z,0.00002090000000001077,0x11d336d59874c21b5cd34dc8e862a7e89db7f4a8,buy,0x2fd41f516fac94ed08e156f489f56ca3a80b04d0,0x338d6308071aa7e857fa0d5d0493c07accd7a46a4d8753f35e56e8ef9d841a02
270,15772.1700292,0.3296383536104134,0xc26b7a45edd1d723b096007b6e369d8dfa46ec3c,2017-11-01T09:19:20.000Z,0.00002090000000000845,0x11d336d59874c21b5cd34dc8e862a7e89db7f4a8,buy,0x2fd41f516fac94ed08e156f489f56ca3a80b04d0,0x423ebac276ef71365acb40772aca1b768b0c2d24631be058b1adbeb3b6d67740
271,100,0.0013003,0x2249189fb2eea9d8449196c09cc171a8cf3bac88,2017-11-01T09:17:16.000Z,0.000013003,0x6e336aee8f7d3d346415e0e4c35f460a262057a0,sell,0x2fd41f516fac94ed08e156f489f56ca3a80b04d0,0xbbd44db518e4b806d223f105e539d2580ad0a4d33e96cb9e3dd1153d82b4da7a
272,800,0.0028,0xf44072eda87ede9613b6ae1b812de8a60ade27a2,2017-11-01T09:13:54.000Z,0.0000035,0xbabe38961cb3d28892d11567b73304e087bad1c6,buy,0x2fd41f516fac94ed08e156f489f56ca3a80b04d0,0x7b6783d4a11809c8b7cc33d3ad94b638f04e3171f6741c46fbed9e3702e94a51
273,0.00000001,0.00000000000013003,0x2249189fb2eea9d8449196c09cc171a8cf3bac88,2017-11-01T09:13:54.000Z,0.000013003,0x0cd2795a623adeb9370e2895e8d7526a6e4c556d,sell,0x2fd41f516fac94ed08e156f489f56ca3a80b04d0,0xe425232b9c9a334717f899a6589ef5c1064fc77470ee64fc80f7f133d8a32ec7
274,797.6,0.0103711928,0x2249189fb2eea9d8449196c09cc171a8cf3bac88,2017-11-01T09:13:54.000Z,0.000013003,0xf44072eda87ede9613b6ae1b812de8a60ade27a2,sell,0x2fd41f516fac94ed08e156f489f56ca3a80b04d0,0x7b6783d4a11809c8b7cc33d3ad94b638f04e3171f6741c46fbed9e3702e94a51
275,805.89020959,0.016843105380431,0x0cd2795a623adeb9370e2895e8d7526a6e4c556d,2017-11-01T09:12:41.000Z,0.0000209,0x11d336d59874c21b5cd34dc8e862a7e89db7f4a8,buy,0x2fd41f516fac94ed08e156f489f56ca3a80b04d0,0xee43d86b32158ffa5f5751c2d5c4ea9385eb865e78cafff9cc7a7da1312f52ce
276,803.47977027,0.2008699425675,0xad6311e899ca6b6e8f3a475a34a570a8706790b4,2017-11-01T09:12:41.000Z,0.00025,0x0cd2795a623adeb9370e2895e8d7526a6e4c556d,sell,0x2fd41f516fac94ed08e156f489f56ca3a80b04d0,0xee43d86b32158ffa5f5751c2d5c4ea9385eb865e78cafff9cc7a7da1312f52ce
277,2407.29125576,0.050312387245384,0x0cd2795a623adeb9370e2895e8d7526a6e4c556d,2017-11-01T09:12:05.000Z,0.0000209,0x11d336d59874c21b5cd34dc8e862a7e89db7f4a8,buy,0x2fd41f516fac94ed08e156f489f56ca3a80b04d0,0xd0b0b0f0215f2fda6f85f2766a0cbfe7e255dcb6a209bc2afa1d9f0143a508a9
278,2400.09098282,0.600022745705,0xad6311e899ca6b6e8f3a475a34a570a8706790b4,2017-11-01T09:12:05.000Z,0.00025,0x0cd2795a623adeb9370e2895e8d7526a6e4c556d,sell,0x2fd41f516fac94ed08e156f489f56ca3a80b04d0,0xd0b0b0f0215f2fda6f85f2766a0cbfe7e255dcb6a209bc2afa1d9f0143a508a9
279,30.23661929,0.0075591548225,0xad6311e899ca6b6e8f3a475a34a570a8706790b4,2017-11-01T09:11:07.000Z,0.00025,0xf44072eda87ede9613b6ae1b812de8a60ade27a2,sell,0x2fd41f516fac94ed08e156f489f56ca3a80b04d0,0x68ea37214f8f548275a07a9dac6fa2337e83c8ad8dd2a7c17e715773a5a7852d
280,30.3276021,0.00063384688389,0xf44072eda87ede9613b6ae1b812de8a60ade27a2,2017-11-01T09:11:07.000Z,0.0000209,0x11d336d59874c21b5cd34dc8e862a7e89db7f4a8,buy,0x2fd41f516fac94ed08e156f489f56ca3a80b04d0,0x68ea37214f8f548275a07a9dac6fa2337e83c8ad8dd2a7c17e715773a5a7852d
281,18247.94732347,0.3813820990606704,0x2249f2fa7ca5bd91211390be3798686040b7fed7,2017-11-01T09:07:57.000Z,0.00002090000000000807,0x11d336d59874c21b5cd34dc8e862a7e89db7f4a8,buy,0x2fd41f516fac94ed08e156f489f56ca3a80b04d0,0xc2a65d7df5cc05059d1eb3e8ede0a5abc830b0cb5c499202ccfc011f74c60ee7
282,4198.86196735,0.081877808363325,0x2249189fb2eea9d8449196c09cc171a8cf3bac88,2017-11-01T09:07:28.000Z,0.0000195,0xf4c314c2ca27995a1b33b771106596dfe0d4b1e3,buy,0x2fd41f516fac94ed08e156f489f56ca3a80b04d0,0x39b6684025c46d9e6420637ea42037c386f4cc25f4a63f9ed99d3aa0371724ad
283,801.13803265,0.015622191636675,0xf44072eda87ede9613b6ae1b812de8a60ade27a2,2017-11-01T09:06:37.000Z,0.0000195,0xf4c314c2ca27995a1b33b771106596dfe0d4b1e3,buy,0x2fd41f516fac94ed08e156f489f56ca3a80b04d0,0x5a264da9d00c3271307638a764af511cd7ee540ac59302eab080ece650c5a97d
284,798.73461855,0.1996836546375,0xad6311e899ca6b6e8f3a475a34a570a8706790b4,2017-11-01T09:06:37.000Z,0.00025,0xf44072eda87ede9613b6ae1b812de8a60ade27a2,sell,0x2fd41f516fac94ed08e156f489f56ca3a80b04d0,0x5a264da9d00c3271307638a764af511cd7ee540ac59302eab080ece650c5a97d
285,3107,0.0636935,0x4b0925f7776c00378f9556fcd4b3aaf3efe0013f,2017-11-01T08:52:42.000Z,0.0000205,0x36bccda30900a839f7194630de0bb8d1b82ee37a,buy,0x2fd41f516fac94ed08e156f489f56ca3a80b04d0,0x8d16bdca473a18b8d2387e2a25a260ff52174d295660a8361dcfe2b7f78dae66
286,3692.569,0.07385138,0xf732b16f5aee6cd2db5b30a7a3860764a48b19ff,2017-11-01T08:48:30.000Z,0.00002,0xe770d23fa76fb4ac046fdd55223c5808c5532cfa,buy,0x2fd41f516fac94ed08e156f489f56ca3a80b04d0,0x705fa95628536bad1e2963646032aa4ac8ed9a72dc02465e347789fbc7d71ab2
287,9,0.0001179,0x90c72d9f8a299896b295b04813a9526c584fd7bc,2017-11-01T08:44:37.000Z,0.0000131,0x596f68c3ab25e7e3883efd9d0ca2f1fba6f3d612,sell,0x2fd41f516fac94ed08e156f489f56ca3a80b04d0,0x257b6561278cc3a7ffacfd82cacee3dbfb5eb6a6139c3adadbcc4386caafe33d
288,74.675,0.001120125,0xc26b7a45edd1d723b096007b6e369d8dfa46ec3c,2017-11-01T08:42:50.000Z,0.000015,0x982585aede09cc41d043aabcafef5233b69c78f0,buy,0x2fd41f516fac94ed08e156f489f56ca3a80b04d0,0x85bc2535f34e2c18da7936ccf0d33bea72c926a6865757e955d57ceda74a8f85
289,2000.199,0.030002985,0xc26b7a45edd1d723b096007b6e369d8dfa46ec3c,2017-11-01T08:40:46.000Z,0.000015,0x78d76b4ec630538b2284da8554aac9182a0a6fa8,buy,0x2fd41f516fac94ed08e156f489f56ca3a80b04d0,0x37f4625efb756e1c5c85c0b522f7434505ec697e3534e61b62cdd21f25392eff
290,6274.82275693,0.08158524548560386,0xc26b7a45edd1d723b096007b6e369d8dfa46ec3c,2017-11-01T08:17:22.000Z,0.000013002,0xaa32488ad27fcd70c6eef605ce07e567bd9d8fc8,sell,0x2fd41f516fac94ed08e156f489f56ca3a80b04d0,0xbb7281b66b98884746e3b418de38937ff935ce046807e57e861c240f595278c1
291,450,0.00675,0xa1d7500c8e8b6629538bcc6efd12f2f44c6843f3,2017-11-01T08:13:46.000Z,0.000015,0xaa32488ad27fcd70c6eef605ce07e567bd9d8fc8,sell,0x2fd41f516fac94ed08e156f489f56ca3a80b04d0,0xb423ec361b4440df241f15591e5947b493c76841add94140a53b9fe0499e24b0
292,0.2439,0.0000031711878,0xc26b7a45edd1d723b096007b6e369d8dfa46ec3c,2017-11-01T08:13:46.000Z,0.000013002,0x0c88d1f5b3d748118af9cb06dd047c1f946ab714,sell,0x2fd41f516fac94ed08e156f489f56ca3a80b04d0,0x70e22d2e8654ccad1fc1b14335ed63637dd87036ef09b90042681b1aeb8dc9d2
293,2550.39461669,0.038510958712019,0xf4c314c2ca27995a1b33b771106596dfe0d4b1e3,2017-11-01T08:11:12.000Z,0.0000151,0xaa32488ad27fcd70c6eef605ce07e567bd9d8fc8,sell,0x2fd41f516fac94ed08e156f489f56ca3a80b04d0,0x38ce3e81ab0b1257c8c8927efb5186130a1e66d5f907a208570ad5dd4652a3ba
294,2449.60538331,0.036989041287981,0xf4c314c2ca27995a1b33b771106596dfe0d4b1e3,2017-11-01T08:07:14.000Z,0.0000151,0x0c88d1f5b3d748118af9cb06dd047c1f946ab714,sell,0x2fd41f516fac94ed08e156f489f56ca3a80b04d0,0xa4a63c1a482f023abd6eaaf762a319143c007d343a806b852c98029017c659eb
295,7,0.000105,0x5d2ba7d1f80e353b48ec8a214a21d1e3d6951a3a,2017-11-01T07:59:55.000Z,0.000015,0x78d76b4ec630538b2284da8554aac9182a0a6fa8,buy,0x2fd41f516fac94ed08e156f489f56ca3a80b04d0,0x4601f127225168f74518b7efcbc2ebf0c4fb84269945cd977c56019c07f612a5
296,450,0.00675,0xa1d7500c8e8b6629538bcc6efd12f2f44c6843f3,2017-11-01T07:47:45.000Z,0.000015,0x78d76b4ec630538b2284da8554aac9182a0a6fa8,buy,0x2fd41f516fac94ed08e156f489f56ca3a80b04d0,0xdd31b4485fcfe7be54b05b8a5e45f91f5d262ce3a40ea14dc8471536124b6cec
297,4700,0.0611,0xf2d403aec27ef17b54b090f02fb7487d226aaa54,2017-11-01T07:36:22.000Z,0.000013,0x4cae8ecfa658f915f2fb27bf1994d0858d1efa71,sell,0x2fd41f516fac94ed08e156f489f56ca3a80b04d0,0x1aefad3bcbb12fe01eb4b53198d5a6fcb036a156610a184dc9850d851ca076ec
298,30,0.000864,0x00fa15cc5ea762a2a53d364a46fb583ec50db671,2017-11-01T07:27:10.000Z,0.0000288,0x11d336d59874c21b5cd34dc8e862a7e89db7f4a8,buy,0x2fd41f516fac94ed08e156f489f56ca3a80b04d0,0x08f3696300270f31065f1efc6941a25f6e86e43b76bcb0a7d77335588af0c8d1
299,10,0.00021,0x9778550d76b07ac9f5e57392f68ecdf6efc1774e,2017-11-01T07:12:49.000Z,0.000021,0x8b648032e21eb80b10712e51daf517abd8326595,buy,0x2fd41f516fac94ed08e156f489f56ca3a80b04d0,0x9617eaa982bac8578e3c3a4af2de411b74ef1d18947b9857e5f736980a60aa92
300,2300.0741583,0.0299009640579,0xf2d403aec27ef17b54b090f02fb7487d226aaa54,2017-11-01T07:11:00.000Z,0.000013,0xb8fe6d64aea057241d7dcd711af7f1c7083b2fd8,sell,0x2fd41f516fac94ed08e156f489f56ca3a80b04d0,0x3805f257da8adbabb58b699bb45d3d2aa4981a32ead0db834060887f46cd90e5
301,99.25859353,0.00148887890295,0xccc1d5043a4bac46bc4f8deeca7473ef2cb48f18,2017-11-01T06:58:24.000Z,0.000015,0x3f3129d25295f74b09ac99edc6e4f4406074ed77,sell,0x2fd41f516fac94ed08e156f489f56ca3a80b04d0,0x45c5e23777ff67f69d24b3f19b651b55d2e3ea730a52cf4ab6cf8bfcd79863e6
302,50000,1.095,0x3f3129d25295f74b09ac99edc6e4f4406074ed77,2017-11-01T06:57:36.000Z,0.0000219,0x11d336d59874c21b5cd34dc8e862a7e89db7f4a8,buy,0x2fd41f516fac94ed08e156f489f56ca3a80b04d0,0xba554065d1e844aa9bc6f7877a9fe35f8d418a4bcd653aa5aaee6b1e5a1f000c
303,53.88197388,0.0008082296082,0xccc1d5043a4bac46bc4f8deeca7473ef2cb48f18,2017-11-01T06:56:43.000Z,0.000015,0xb8fe6d64aea057241d7dcd711af7f1c7083b2fd8,sell,0x2fd41f516fac94ed08e156f489f56ca3a80b04d0,0x1a0df881155898d5194a1493e4e3f6979197d2734099022ac6b80c7a05304671
304,38108,0.76216,0x3f3129d25295f74b09ac99edc6e4f4406074ed77,2017-11-01T06:51:22.000Z,0.00002,0xe89a2a7a15cbaae3c58a03d79485373e216226d6,buy,0x2fd41f516fac94ed08e156f489f56ca3a80b04d0,0xee503ac58304c55d1d5d06dffba70ee6e9672efbb6208cae563ecef2f0f29a38
305,9248.95419265,0.12023640450445,0xf2d403aec27ef17b54b090f02fb7487d226aaa54,2017-11-01T06:39:59.000Z,0.000013,0xf5bedf0fdb48e812d91b352e5ffa9c402ce6bbf4,sell,0x2fd41f516fac94ed08e156f489f56ca3a80b04d0,0x8c45664d1a0c97bda0762ce52aa941eeabca454233379679c977444acf4058b0
306,3406.804,0.05110206,0x3ffaf6d7382bb0bec6aaf56225ae8d0acf85a6e8,2017-11-01T06:18:52.000Z,0.000015,0xfcf750d7a9201a0979694033a96865e44f963d0a,sell,0x2fd41f516fac94ed08e156f489f56ca3a80b04d0,0x4ef7694346bc599b764664c710716dc6e06799bd1f0050ddf6b38c0576baac94
307,8000,0.120008,0x05453803612af85cf2d8dbe89d4906bdd6a0baaf,2017-11-01T06:10:48.000Z,0.000015001,0xdc234690c5339b891047f746963813a3f0fa69b0,sell,0x2fd41f516fac94ed08e156f489f56ca3a80b04d0,0xbb7ed3a0920d5231bf7697443ae6f93fd9146c373d44d7d0c791495eba75c3c5
308,1000,0.0153,0x062fadf94ffbe2b1910894edb5fa55998974679e,2017-11-01T05:47:24.000Z,0.0000153,0xdc234690c5339b891047f746963813a3f0fa69b0,sell,0x2fd41f516fac94ed08e156f489f56ca3a80b04d0,0x4827750f47c03bf9580fd68743d4e73ccdc1cab6677180c6798e3f106a220fe4
309,15776.96647812,0.20510056421556,0xf2d403aec27ef17b54b090f02fb7487d226aaa54,2017-11-01T05:39:03.000Z,0.000013,0x716fea16c86f9f2a757ac8c34696957757206b74,sell,0x2fd41f516fac94ed08e156f489f56ca3a80b04d0,0x7316e452885e44dd9ad13b60a504abd8f05934ecc7c9cd32ea69a2bf30add34b
310,8,0.000176,0xbae1dfd111bcad2ef09d802b6474b27117e2f577,2017-11-01T05:11:35.000Z,0.000022,0xd2d65245456bb66d7cad67ba516c04fc2c151bee,buy,0x2fd41f516fac94ed08e156f489f56ca3a80b04d0,0x7f46f9e242f53ae45c5fad268aaada1696a35169b359f02f2998cec3bece93c8
311,1507.199,0.022607985,0x3ffaf6d7382bb0bec6aaf56225ae8d0acf85a6e8,2017-11-01T05:07:37.000Z,0.000015,0xd2d65245456bb66d7cad67ba516c04fc2c151bee,sell,0x2fd41f516fac94ed08e156f489f56ca3a80b04d0,0x9e21ed395b6af2692dd71025e7aed6aa47b46f8a5649e551955499ee21e75899
312,0.00004285,0.00000000064275,0x3ffaf6d7382bb0bec6aaf56225ae8d0acf85a6e8,2017-11-01T04:49:37.000Z,0.000015,0x9888269187fd69c9178f320a90765627b5faefab,sell,0x2fd41f516fac94ed08e156f489f56ca3a80b04d0,0x0c4a35a6831759b3214b6ba72e3f7bbdd2ecd4c036d5af36c73f5cb3f72b4d68
313,0.4298223,0.0000064473345,0x3ffaf6d7382bb0bec6aaf56225ae8d0acf85a6e8,2017-11-01T04:46:56.000Z,0.000015,0x9888269187fd69c9178f320a90765627b5faefab,sell,0x2fd41f516fac94ed08e156f489f56ca3a80b04d0,0x8c8b7a7e0714c695d79796cd1956a1d3c9808e6e03d0fc6b7a472a83a848260f
314,4311.54741048,0.0646732111572,0x3ffaf6d7382bb0bec6aaf56225ae8d0acf85a6e8,2017-11-01T04:39:38.000Z,0.000015,0x9888269187fd69c9178f320a90765627b5faefab,sell,0x2fd41f516fac94ed08e156f489f56ca3a80b04d0,0xa14e6a7d1f48a2deeac642a126e916e705b0b8610c93088f634145081f188ef7
315,573.06758978,0.00974214902626,0x9f2c42e7df7c6db4e089032b92dd9c99ade88862,2017-11-01T04:38:29.000Z,0.000017,0x9888269187fd69c9178f320a90765627b5faefab,sell,0x2fd41f516fac94ed08e156f489f56ca3a80b04d0,0x303f4485b9aa2f0041120da651f9125b9a06fa8cf1f08accf3f57b88f8108aef
316,100,0.00175,0x3285de43ad6ad897cfdf0e48808b2aaca3df871d,2017-11-01T04:38:09.000Z,0.0000175,0x9888269187fd69c9178f320a90765627b5faefab,sell,0x2fd41f516fac94ed08e156f489f56ca3a80b04d0,0x84fb80c903bfae944367a2b9d36dbc8752681194648ff384aa827b4ebb3a99a6
317,774.01949999,0.01161029249985,0x3ffaf6d7382bb0bec6aaf56225ae8d0acf85a6e8,2017-11-01T04:32:45.000Z,0.000015,0xd0a0f656363d9e817a810e94edd03452b61d359e,sell,0x2fd41f516fac94ed08e156f489f56ca3a80b04d0,0xdb02a3b98f8a940ba97df464cf1bc262b2b7a9a295ed441af6d1d031d9454a4d
318,500,0.007005,0x6e336aee8f7d3d346415e0e4c35f460a262057a0,2017-11-01T04:30:59.000Z,0.00001401,0xd0a0f656363d9e817a810e94edd03452b61d359e,sell,0x2fd41f516fac94ed08e156f489f56ca3a80b04d0,0xfcb3504131979f0912c9f5a26ab2ca4a488809cbbfc6b9901c9ce0d11b41b417
319,5000,0.0775,0x3ffaf6d7382bb0bec6aaf56225ae8d0acf85a6e8,2017-11-01T04:30:01.000Z,0.0000155,0xd0a0f656363d9e817a810e94edd03452b61d359e,sell,0x2fd41f516fac94ed08e156f489f56ca3a80b04d0,0xa27321d903bf3d16e02e0d689a87cc2ac947968a4d3d7fdd462c25284ddd73f0
320,100,0.0023,0x3285de43ad6ad897cfdf0e48808b2aaca3df871d,2017-11-01T04:30:01.000Z,0.000023,0xaf5d138b3a72858f6bad5b852f82cf7f5620f5a7,buy,0x2fd41f516fac94ed08e156f489f56ca3a80b04d0,0x68ae3772232566e030577d7b6fc82de908c7da832e9485603abc7a5be899e32a
321,0.49691436,0.00000844754412,0x9f2c42e7df7c6db4e089032b92dd9c99ade88862,2017-11-01T04:22:11.000Z,0.000017,0xde84e0801efcb5f39f1bb128592041fed6f98cea,sell,0x2fd41f516fac94ed08e156f489f56ca3a80b04d0,0xf7c604bca9faf0527c9c3351b2048e5901301bc225ef36d2959e63a19075fc61
322,626.43549586,0.01064940342962,0x9f2c42e7df7c6db4e089032b92dd9c99ade88862,2017-11-01T04:19:52.000Z,0.000017,0x20b10d677d4fa56e6ffaab1c9cffa34e01761a07,sell,0x2fd41f516fac94ed08e156f489f56ca3a80b04d0,0x0977e69016856f7fb4411a51ac08b5679f87398a9b4d32b07e8748e7f8a06aa1
323,1799.22487947,0.0315044276395197,0x8799e8fe11b2ac73cd9da93083905e7a7d8b7fee,2017-11-01T04:18:35.000Z,0.00001751,0x20b10d677d4fa56e6ffaab1c9cffa34e01761a07,sell,0x2fd41f516fac94ed08e156f489f56ca3a80b04d0,0x7d20d00cca6c5354e4dbafeff0da29a8239a4492bfa4b4ba83629ed17caa7480
324,4984.5479015,0.08822649785655,0xdb5fae9f8ddd9c502cd432b4640b6a12ffdfd02f,2017-11-01T04:17:04.000Z,0.0000177,0xde84e0801efcb5f39f1bb128592041fed6f98cea,sell,0x2fd41f516fac94ed08e156f489f56ca3a80b04d0,0x7aaa95e688e640f997532cc2f1f95aa736a6a960a3224fef3b88bac4f1091d9d
325,13957.1528171,0.33497166761044694,0xbae1dfd111bcad2ef09d802b6474b27117e2f577,2017-11-01T04:12:45.000Z,0.00002400000000000336,0xd0a0f656363d9e817a810e94edd03452b61d359e,buy,0x2fd41f516fac94ed08e156f489f56ca3a80b04d0,0x0c8fe81503bf8e73e91ab254426da2845c5adb10d5341aab6d628ba6febb62b5
326,707.977,0.01415954,0x11f5503defcce34fbbc25d3219f791b3a76a894f,2017-11-01T04:07:58.000Z,0.00002,0x4cae8ecfa658f915f2fb27bf1994d0858d1efa71,sell,0x2fd41f516fac94ed08e156f489f56ca3a80b04d0,0x1a238976a176b99f60700a3e20e28f374bebbd52584ec9e9b480650f01ded671
327,1150,0.023,0x0fe6090affd0b5ba58586ab18fe575a51911d098,2017-11-01T04:05:47.000Z,0.00002,0x4cae8ecfa658f915f2fb27bf1994d0858d1efa71,sell,0x2fd41f516fac94ed08e156f489f56ca3a80b04d0,0x1469627f288dec5127154e7214aba265a8c82d79c515dd20d40162f904edf9df
328,4.76153623,0.0000952307246,0x0fe6090affd0b5ba58586ab18fe575a51911d098,2017-11-01T04:04:13.000Z,0.00002,0x4cae8ecfa658f915f2fb27bf1994d0858d1efa71,sell,0x2fd41f516fac94ed08e156f489f56ca3a80b04d0,0xb774fc4eec872e7295b1b62f38f01bd249723194ccf0cbc537860a96c71fd37c
329,4.76153623,0.0000952307246,0x0fe6090affd0b5ba58586ab18fe575a51911d098,2017-11-01T04:03:37.000Z,0.00002,0x4cae8ecfa658f915f2fb27bf1994d0858d1efa71,sell,0x2fd41f516fac94ed08e156f489f56ca3a80b04d0,0x9902971463b6915dbc8287a9b95132700d6e7cff2214b9ba7d00172d0acfe866
330,434.92920257,0.0086985840514,0x11f5503defcce34fbbc25d3219f791b3a76a894f,2017-11-01T03:48:44.000Z,0.00002,0x3cf0a8dfcaafb1c11c569861922d61cfd4ac6cb4,sell,0x2fd41f516fac94ed08e156f489f56ca3a80b04d0,0x29b9ab06443bd6ceb3330adcbef14504b0ec71b241ae81378aafa73a2203a044
331,1363.23299499,0.0272646598998,0x11f5503defcce34fbbc25d3219f791b3a76a894f,2017-11-01T03:41:12.000Z,0.00002,0xf44072eda87ede9613b6ae1b812de8a60ade27a2,sell,0x2fd41f516fac94ed08e156f489f56ca3a80b04d0,0x82b0ef8dfc90c30885f0224cdf835e82cb27c91a63cb03f2ca045fc7bc84e887
332,1367.33499999,0.02597936499981,0xf44072eda87ede9613b6ae1b812de8a60ade27a2,2017-11-01T03:41:12.000Z,0.000019,0x61de80d95e4dc339c3340cba8cd697f9c89194c6,buy,0x2fd41f516fac94ed08e156f489f56ca3a80b04d0,0x82b0ef8dfc90c30885f0224cdf835e82cb27c91a63cb03f2ca045fc7bc84e887
333,10,0.000295,0xed2ca7381d82f8fb9bcc54ea6ab6526e35aece25,2017-11-01T03:23:02.000Z,0.0000295,0x485d715fb51c67579ca3dcc0fcf7edd165b2d659,buy,0x2fd41f516fac94ed08e156f489f56ca3a80b04d0,0x7d5686c15385d5965bf1747c8986409878f9f03c2ca56f8ce18755ed9b051ca9
334,10,0.000295,0xe2b48b3dd0b33283b4802e63e65518f27e635054,2017-11-01T03:22:54.000Z,0.0000295,0x485d715fb51c67579ca3dcc0fcf7edd165b2d659,buy,0x2fd41f516fac94ed08e156f489f56ca3a80b04d0,0x1e296fec5733740c7a2bb95be97dc4be5acdb40907e713cd10e6452e5dd9f33f
335,1493.86073314,0.0298772146628,0x11f5503defcce34fbbc25d3219f791b3a76a894f,2017-11-01T03:18:28.000Z,0.00002,0x65df7413e86d7c7e2e5289e77e89a50efc32fe1b,sell,0x2fd41f516fac94ed08e156f489f56ca3a80b04d0,0xaff1e286057b12d1b2e46fdbb90502d9249f4baebbca302569df7d9e9ecd06f2
336,700,0.02058,0x2e9dea0193a5cfe5c5a6b0c6bdc7a52541c0092d,2017-11-01T03:16:39.000Z,0.0000294,0x19c7b3f2846a3ab90a950b53e93038afeff7225d,buy,0x2fd41f516fac94ed08e156f489f56ca3a80b04d0,0x4bd2dd4f0f9ef9edce51d0b9da5ca0cae865e7de2d86023e93bc3d045394d4cd
337,2270.816,0.0506391968,0xa3b1d7c165be6ac5a2ebe0fa69cd2f222f801d0d,2017-11-01T03:13:01.000Z,0.0000223,0xce447ecc207d3b45ea64c285f76430e1393886c7,sell,0x2fd41f516fac94ed08e156f489f56ca3a80b04d0,0xc64ec2f5ad8d59edc64ddbee1a4de78190ed1105e3f014844ee4be174785b704
338,7000,0.168,0x485d715fb51c67579ca3dcc0fcf7edd165b2d659,2017-11-01T03:00:12.000Z,0.000024,0x23901886602bd6725d2f8e7d076e28be9f4f2cf3,buy,0x2fd41f516fac94ed08e156f489f56ca3a80b04d0,0x8943d9a3e6c84346b6f478c1c389e137fed5dd6e25c5709d1bf597c28e6dbdc0
339,6000,0.12,0x8799e8fe11b2ac73cd9da93083905e7a7d8b7fee,2017-11-01T02:43:39.000Z,0.00002,0x6ea314700745ea32544837a3819d4fc09174979c,sell,0x2fd41f516fac94ed08e156f489f56ca3a80b04d0,0x50d9c498391c182ac4e659d896585fbb01adc12cc40b2c73401169b642272ec8
340,22936.368,0.5734092,0x3d53269e7e2464b859a099cb4e8c0ff53b1ddd26,2017-11-01T02:41:04.000Z,0.000025,0x3285de43ad6ad897cfdf0e48808b2aaca3df871d,buy,0x2fd41f516fac94ed08e156f489f56ca3a80b04d0,0x748979b09040aa960b60773aeeea059cb7c4a783909b02c282c43a14a8860743
341,3072,0.067584,0x485d715fb51c67579ca3dcc0fcf7edd165b2d659,2017-11-01T02:37:47.000Z,0.000022,0x9d79b4dee7f1e0a0eeaab19a74365230f6158d84,buy,0x2fd41f516fac94ed08e156f489f56ca3a80b04d0,0x831f1d1e04ce66d7779cdd6edf0eade102719b9bace79c1b814b7f70662e0fa1
342,4500,0.11025,0x23901886602bd6725d2f8e7d076e28be9f4f2cf3,2017-11-01T02:37:47.000Z,0.0000245,0x485d715fb51c67579ca3dcc0fcf7edd165b2d659,buy,0x2fd41f516fac94ed08e156f489f56ca3a80b04d0,0xc54828276382bf5d0101c62096dc5c85c057494df11f0e6cee942c9cb6a0786e
343,3585.57277366,0.0804243973131938,0x3514a3b157ab18834ea8bdb752f727a135a961ed,2017-11-01T02:16:30.000Z,0.00002243,0xaa32488ad27fcd70c6eef605ce07e567bd9d8fc8,sell,0x2fd41f516fac94ed08e156f489f56ca3a80b04d0,0x4c6b270c9fd73eda9853f3e43d3cdb0c00b4f35f9ad0eafadf22ddfab280baf2
344,2.52647865,0.0000566689161195,0x3514a3b157ab18834ea8bdb752f727a135a961ed,2017-11-01T02:06:36.000Z,0.00002243,0xba1bbc73ada4fd8175cf8b477fb2ade38065bb48,sell,0x2fd41f516fac94ed08e156f489f56ca3a80b04d0,0x4c7974c4a64485802d4605fab7b3abd94499402b21886d0ea2bb2b750adbab77
345,25343.10736717,0.5684458982456231,0x3514a3b157ab18834ea8bdb752f727a135a961ed,2017-11-01T02:02:55.000Z,0.00002243,0xba1bbc73ada4fd8175cf8b477fb2ade38065bb48,sell,0x2fd41f516fac94ed08e156f489f56ca3a80b04d0,0x3789fb191d0c02e298d99c8b305d0bbc01e25b19a33f670796ca0bebaa417892
346,45700,1.02825,0x4a5400fb0e3b62317d3d58b647b0c0b902ba8573,2017-11-01T02:02:35.000Z,0.0000225,0xba1bbc73ada4fd8175cf8b477fb2ade38065bb48,sell,0x2fd41f516fac94ed08e156f489f56ca3a80b04d0,0x0c38aa33c919c2164c40d34c71e39e2137402b82f62f7a8f8479f374c100d10e
347,0.64420173,0.000016105043269979,0xa021d614767da70616989e1b683ad20871476cfb,2017-11-01T02:01:33.000Z,0.00002500000003101357,0x3285de43ad6ad897cfdf0e48808b2aaca3df871d,buy,0x2fd41f516fac94ed08e156f489f56ca3a80b04d0,0xcb045d1cde93ef39154bbf441896c404d9639aab01b5a3955b92bbd5f59f2fbb
348,6461.98756164,0.16154968904115638,0xa021d614767da70616989e1b683ad20871476cfb,2017-11-01T02:00:43.000Z,0.00002500000000002419,0x3285de43ad6ad897cfdf0e48808b2aaca3df871d,buy,0x2fd41f516fac94ed08e156f489f56ca3a80b04d0,0xb2158eb19a9f69af75a7759fef1c390a594a9830cd0b15e28865c3b53b0b8302
349,500,0.0112155,0x485d715fb51c67579ca3dcc0fcf7edd165b2d659,2017-11-01T01:59:53.000Z,0.000022431,0x6eedcaf4a1054aa21052176d386e3a9055566088,buy,0x2fd41f516fac94ed08e156f489f56ca3a80b04d0,0xf9376f5eaa481ce824145f291795cf9e85f1c3809a360432310fdd287c947d57
350,0.00000001,0.0000000000002,0x0cd2795a623adeb9370e2895e8d7526a6e4c556d,2017-11-01T01:55:23.000Z,0.00002,0xb47b501840970a12d0cd71754945bf8b1da68bad,buy,0x2fd41f516fac94ed08e156f489f56ca3a80b04d0,0x9ef25dafebd2662b365847c8234ce2c00bd614829c70a67f95403d9d98847dfa
351,0.00000001,0.00000000000022431,0xa021d614767da70616989e1b683ad20871476cfb,2017-11-01T01:55:23.000Z,0.000022431,0x0cd2795a623adeb9370e2895e8d7526a6e4c556d,sell,0x2fd41f516fac94ed08e156f489f56ca3a80b04d0,0x9ef25dafebd2662b365847c8234ce2c00bd614829c70a67f95403d9d98847dfa
352,19999.99999999,0.3999999999998,0xf44072eda87ede9613b6ae1b812de8a60ade27a2,2017-11-01T01:55:08.000Z,0.00002,0xb47b501840970a12d0cd71754945bf8b1da68bad,buy,0x2fd41f516fac94ed08e156f489f56ca3a80b04d0,0x136232e2ff282af05b1a43b817ef80d32f73a83698d9960df8251a958a694bb1
353,19939.99999999,0.44727413999977567,0xa021d614767da70616989e1b683ad20871476cfb,2017-11-01T01:55:08.000Z,0.000022431,0xf44072eda87ede9613b6ae1b812de8a60ade27a2,sell,0x2fd41f516fac94ed08e156f489f56ca3a80b04d0,0x136232e2ff282af05b1a43b817ef80d32f73a83698d9960df8251a958a694bb1
354,6068.79338052,0.1361230355250636,0x3514a3b157ab18834ea8bdb752f727a135a961ed,2017-11-01T01:52:47.000Z,0.00002243,0x6348883dbbedd9d647504fb40f1ee55f715a9507,sell,0x2fd41f516fac94ed08e156f489f56ca3a80b04d0,0xe66473611edc783d5c0f65fd82d37f6d0ab37273ad6253e4b4c38f9dafc6e292
355,3730,0.0833282,0x5bb2a478386b25b9f8a7b1e97110d0f3989ecc30,2017-11-01T01:51:50.000Z,0.00002234,0x6348883dbbedd9d647504fb40f1ee55f715a9507,sell,0x2fd41f516fac94ed08e156f489f56ca3a80b04d0,0x8eddd3624d3b470cdc036c88d28f7ddadb896016d1d0d6ffaa7a028236df98c7
356,1300,0.029029,0x485d715fb51c67579ca3dcc0fcf7edd165b2d659,2017-11-01T01:48:09.000Z,0.00002233,0xc010f90136aaa669086ba85e9ed2379f4c25abcb,buy,0x2fd41f516fac94ed08e156f489f56ca3a80b04d0,0x99e7c567ad1c9467c5f1060f50cf27c41693794a2c2a14fe56493c1ed7686e90
357,0.00000001,0.00000000000022326,0x5bb2a478386b25b9f8a7b1e97110d0f3989ecc30,2017-11-01T01:45:48.000Z,0.000022326,0xba1bbc73ada4fd8175cf8b477fb2ade38065bb48,sell,0x2fd41f516fac94ed08e156f489f56ca3a80b04d0,0x9d1242a59eca4dcbb43320d6757d44af257a0a67061e84a38ea5b9169401c550
358,440.2,0.011005,0xe1e1d0d73eeb29d0632bc4c7871bfc74dbed0741,2017-11-01T01:44:39.000Z,0.000025,0x98e36f6f37b2d158e8afdc335ebd5340e7530a01,buy,0x2fd41f516fac94ed08e156f489f56ca3a80b04d0,0x31cb512de287487d8195593c1e2a151a64889c2d4a851dd9c06109b1cc2133b8
359,0.00006459,0.000000001440357,0xa3b1d7c165be6ac5a2ebe0fa69cd2f222f801d0d,2017-11-01T01:42:49.000Z,0.0000223,0xba1bbc73ada4fd8175cf8b477fb2ade38065bb48,sell,0x2fd41f516fac94ed08e156f489f56ca3a80b04d0,0x6e339817a6d417872712f1f9652d2234679d1dc58321e3478630157f3048aac3
360,12000,0.371988,0xd331f2a397a43d50233a6ea993af3edf40aa80bc,2017-11-01T01:41:36.000Z,0.000030999,0x09e396aca9535fffc68c72f880ab36e252b73a43,buy,0x2fd41f516fac94ed08e156f489f56ca3a80b04d0,0xcc0b79b5d5e1ad28c85fa7e940336f372d719da1b5a186f62b97f691d8221d86
361,5451.99644804,0.121715820702493,0x4a5400fb0e3b62317d3d58b647b0c0b902ba8573,2017-11-01T01:41:36.000Z,0.000022325,0x742097391f52639b70b68909d58c7a77e37ffd4f,sell,0x2fd41f516fac94ed08e156f489f56ca3a80b04d0,0x75fdf8d3ace02aa84e2e4f895384eb3d9ac64f8d22a34965a88b626f7b04c627
362,0.64792413,0.00001446490620225,0x4a5400fb0e3b62317d3d58b647b0c0b902ba8573,2017-11-01T01:39:53.000Z,0.000022325,0xba1bbc73ada4fd8175cf8b477fb2ade38065bb48,sell,0x2fd41f516fac94ed08e156f489f56ca3a80b04d0,0xe8ace7ba297a4c2a28d0a1e28263fb7ef85963ec2a4775c2d4235e72ebc60f05
363,6499.32687924,0.145097472579033,0x4a5400fb0e3b62317d3d58b647b0c0b902ba8573,2017-11-01T01:35:10.000Z,0.000022325,0xba1bbc73ada4fd8175cf8b477fb2ade38065bb48,sell,0x2fd41f516fac94ed08e156f489f56ca3a80b04d0,0x9550776c14becb8e83f927f2d891472e69a99a0f7bbaf044f27aa3d784e4855c
364,12345.05392945,0.26086333458320793,0xa021d614767da70616989e1b683ad20871476cfb,2017-11-01T01:28:45.000Z,0.000021131,0x4b9986e2e325d70fda1e67ceb22882f0f3657374,sell,0x2fd41f516fac94ed08e156f489f56ca3a80b04d0,0xf86ba65873280344615d87572874db7c37a354553071120c07195af38d28be44
365,49.84547901,0.001111554181923,0xa3b1d7c165be6ac5a2ebe0fa69cd2f222f801d0d,2017-11-01T01:23:30.000Z,0.0000223,0xba81b7653303220a211d3a025c6f0abb42a22c0e,sell,0x2fd41f516fac94ed08e156f489f56ca3a80b04d0,0x5f7e98b92d72d1d0ecc6ba3c5a4bb5057e527ae62777e3fd2f8e4a731bf380b5
366,179.33805203,0.003999238560269,0xa3b1d7c165be6ac5a2ebe0fa69cd2f222f801d0d,2017-11-01T01:22:46.000Z,0.0000223,0xb81ffd642e8ac952906b6effe801ace2f8119f22,sell,0x2fd41f516fac94ed08e156f489f56ca3a80b04d0,0xc68948ccd1c57aadf56699d2ac181f454573d380579255001d0e4ae9f3fd6fae
367,59.8,0.001495,0x5bb2a478386b25b9f8a7b1e97110d0f3989ecc30,2017-11-01T01:20:29.000Z,0.000025,0x98e36f6f37b2d158e8afdc335ebd5340e7530a01,buy,0x2fd41f516fac94ed08e156f489f56ca3a80b04d0,0x4ccdab3a728fa3683b1ed9dade3df1775729a2c295cab5c61a050a1928662125
368,0.7,0.0000154,0x31b469dca15b93f9cbc5466fc3380f2d98f7d94e,2017-11-01T01:10:23.000Z,0.000022,0x50049301a901a030375e1f2c8eaf0e8c34129eb6,sell,0x2fd41f516fac94ed08e156f489f56ca3a80b04d0,0x18f17815a4a161887bfb839608b8d475bdfbd36751db6652ba2bc567ebbee918
369,7868.25018471,0.16612236614978224,0xa021d614767da70616989e1b683ad20871476cfb,2017-11-01T01:07:21.000Z,0.000021113,0x50049301a901a030375e1f2c8eaf0e8c34129eb6,sell,0x2fd41f516fac94ed08e156f489f56ca3a80b04d0,0x3f149c2217a9398de4ec6859d8f0f807b8fbfecacc1affcfffea9bb6ac4a1bdd
370,0.71715796,0.00001577747512,0x31b469dca15b93f9cbc5466fc3380f2d98f7d94e,2017-11-01T01:03:56.000Z,0.000022,0xd64f9a51bae07df65a546408507e5163c7a1648e,sell,0x2fd41f516fac94ed08e156f489f56ca3a80b04d0,0xec30dbe6a1ae4550cdc76082f2e6afb1c942200a932907b3170e7597bd083cd1
371,7193.8113518,0.1518685514478498,0xa021d614767da70616989e1b683ad20871476cfb,2017-11-01T01:03:12.000Z,0.000021111,0xd64f9a51bae07df65a546408507e5163c7a1648e,sell,0x2fd41f516fac94ed08e156f489f56ca3a80b04d0,0x10e335f5d8fcaef34cb01c4e9268572045d653c0263aced41d887b59419a233e
372,5000,0.1105,0x19c7b3f2846a3ab90a950b53e93038afeff7225d,2017-11-01T01:02:05.000Z,0.0000221,0xd64f9a51bae07df65a546408507e5163c7a1648e,sell,0x2fd41f516fac94ed08e156f489f56ca3a80b04d0,0x17c8b507ff33c79bf8aa089a4d556248e3acc3f171465139d1bf1cec31beb0d3
373,30000,0.6,0x3285de43ad6ad897cfdf0e48808b2aaca3df871d,2017-11-01T01:01:31.000Z,0.00002,0xd64f9a51bae07df65a546408507e5163c7a1648e,sell,0x2fd41f516fac94ed08e156f489f56ca3a80b04d0,0x2b444dadfe21157d60746f47fcdc41b1e08efead87833258f52ccc767958401c
374,19930,0.402586,0xa4f5046c5b1a9432b1e2075f3c3c9862dba4d0e6,2017-11-01T01:01:25.000Z,0.0000202,0xd64f9a51bae07df65a546408507e5163c7a1648e,sell,0x2fd41f516fac94ed08e156f489f56ca3a80b04d0,0x8af3cc7e6ffc282cf28f1c261370aa83d70eceadb9aded918545a0dbc0a96652
375,1693.533,0.037257726,0x485d715fb51c67579ca3dcc0fcf7edd165b2d659,2017-11-01T01:00:21.000Z,0.000022,0xd64f9a51bae07df65a546408507e5163c7a1648e,sell,0x2fd41f516fac94ed08e156f489f56ca3a80b04d0,0x2e15b64f35e4006868ee51ce1fa9a930f0a09518092cab87b47465f5a3ab02da
376,2000,0.046,0x485d715fb51c67579ca3dcc0fcf7edd165b2d659,2017-11-01T01:00:09.000Z,0.000023,0xd64f9a51bae07df65a546408507e5163c7a1648e,sell,0x2fd41f516fac94ed08e156f489f56ca3a80b04d0,0xcc39cc71e8a5270c9648d64fd953500dd31cba6bac617a584c5d2cfd794df422
377,2394.078,0.0553032018,0x19c7b3f2846a3ab90a950b53e93038afeff7225d,2017-11-01T00:59:57.000Z,0.0000231,0xd64f9a51bae07df65a546408507e5163c7a1648e,sell,0x2fd41f516fac94ed08e156f489f56ca3a80b04d0,0xe6bb4ea4dd3a40dabe05359f73485315d8700df5fecb809826c8e6950d26642a
378,2605.9216429,0.06019678995099,0x19c7b3f2846a3ab90a950b53e93038afeff7225d,2017-11-01T00:59:01.000Z,0.0000231,0xa041250acad2f8d10228c82cedf4835046846d0e,sell,0x2fd41f516fac94ed08e156f489f56ca3a80b04d0,0x53a0cfedf63ae8e6e56831a87084d9e2b43ec8a75633a58500ebd32f0b6192a0
379,28144.50294949,0.593849012234239,0x756cd3d5dac0c6b54f2917c06740d1231806cc4c,2017-11-01T00:53:16.000Z,0.0000211,0xfbb2fcb69073399b80643d9e4fbcf815ee444427,sell,0x2fd41f516fac94ed08e156f489f56ca3a80b04d0,0x9fa2d51b21838cb5f28569af726933f3b2c2c24774e533b05cd80e384507b82d
