,amount,amountBase,buyer,date,price,seller,side,tokenAddr,txHash
0,250000,0.5,0x511132e78da4149f08d40ca4b95ee7662ffc5658,2017-11-02T14:33:29.000Z,0.000002,0xe44247e303b7d61c6073f5d37d7b6df28ae5951b,sell,0x87611ca3403a3878dfef0da2a786e209abfc1eff,0x968bb4b29e2df1db2259be1ffd5898dafd552ac48de3dd71892bbc7c412a1927
1,107290.076,0.2253091596,0x14d6a9617a144ac2ee29a309862a3d88ba2820d6,2017-11-02T14:32:04.000Z,0.0000021,0xe44247e303b7d61c6073f5d37d7b6df28ae5951b,sell,0x87611ca3403a3878dfef0da2a786e209abfc1eff,0x45538af08628a57c5471c4351847c4e91fd95d028ff3283f275e58dd15e607f7
2,499.587,0.0020483067,0xfc4bcf831c96e650e11e6d804beaaeb2d357e138,2017-11-02T14:27:35.000Z,0.0000041,0xc3680c73935e4bd4e1cbe85a77ab6946a5bdfd15,sell,0x87611ca3403a3878dfef0da2a786e209abfc1eff,0xe019b7a2b8848e293e647ccd89984b4b5113748b2144997b966d539793970e18
3,675.79062725,0.003716848449875,0x7a8dcc431b75b2ce3f55fc44bdcb121d3e839916,2017-11-02T14:21:26.000Z,0.0000055,0xc3680c73935e4bd4e1cbe85a77ab6946a5bdfd15,sell,0x87611ca3403a3878dfef0da2a786e209abfc1eff,0xe8e5f197bff9cbcb59eb5f0e111bb8ee006c316bcd7cfd4d907a300c2bcb37c2
4,300,0.001656,0xcc1566bfa9adc2b8f64ddff7db8017c945f77830,2017-11-02T14:19:32.000Z,0.00000552,0xc3680c73935e4bd4e1cbe85a77ab6946a5bdfd15,sell,0x87611ca3403a3878dfef0da2a786e209abfc1eff,0xa0c04985a3a106f262f0d8ab221080ac4d810c41e2bfe1ab620c872fa0731e26
5,69.5410292,0.0005,0x42c24a83bded723edfdf5883bc7efb30bc1a1bf3,2017-11-02T11:06:01.000Z,0.00000719000000074776,0x78a4cc57929c751652270ebad9970f5b84a2f884,buy,0x87611ca3403a3878dfef0da2a786e209abfc1eff,0xd6e1ee611bcaa900ca2a50942bfe9d4fa8d0d63048c577f9152cc1976e428273
6,69.44444444,0.0005,0x4fda9e6bcd83af6c5cc771b5d20accc2b7720074,2017-11-02T10:52:25.000Z,0.0000072000000004608,0xe44247e303b7d61c6073f5d37d7b6df28ae5951b,buy,0x87611ca3403a3878dfef0da2a786e209abfc1eff,0x61f7ab7c5974a90cb47f343ccdadc9425265ada9ccc00df0b772ae62122536ff
7,69.44444444,0.0005,0x3075f7f189912f4f425dd7021b9c396434197477,2017-11-02T10:28:21.000Z,0.0000072000000004608,0x78a4cc57929c751652270ebad9970f5b84a2f884,buy,0x87611ca3403a3878dfef0da2a786e209abfc1eff,0x374d354de1b8bcbd3d39017154077e7d3d455e783de593b1b45c284ed6950a41
8,2709.92395129,0.005690840297709,0x14d6a9617a144ac2ee29a309862a3d88ba2820d6,2017-11-02T09:15:46.000Z,0.0000021,0x6ea314700745ea32544837a3819d4fc09174979c,sell,0x87611ca3403a3878dfef0da2a786e209abfc1eff,0x7d1e2806d97e5ef8830e775056feaa7f4064ac824d0ebfcf796bbf43275c4f0a
9,370.953,0.002596671,0xb320ffa395e8429be67732b4ff0c80bc86e9e70d,2017-11-02T04:39:31.000Z,0.000007,0x7a8dcc431b75b2ce3f55fc44bdcb121d3e839916,sell,0x87611ca3403a3878dfef0da2a786e209abfc1eff,0xa25de511103f3cf33889b49beab4851b3e7b0e51d016caf65851d21eff891164
10,10000,0.0211,0xf60b7a42f39161c8852731d2c75039c8ad439c20,2017-11-02T02:25:25.000Z,0.00000211,0x06c6fea19f72ffeccb0326805b723ae3cae131ca,sell,0x87611ca3403a3878dfef0da2a786e209abfc1eff,0x80fb63b813775d512f14dc07032616096844dd97ab48c7bf1fa3540259a7aef1
11,10000,0.021,0x3cc20253b2f7ceeec87ed6db1facdd622f975d3c,2017-11-02T02:25:25.000Z,0.0000021,0x06c6fea19f72ffeccb0326805b723ae3cae131ca,sell,0x87611ca3403a3878dfef0da2a786e209abfc1eff,0x1099b9a02ac85679cb5254d6f0c6da2336ea52b90a925854ff02e17256a4eafe
12,524.114,0.001572342,0x600ad96f349986170b734e6057a8c94e79f45186,2017-11-02T02:25:12.000Z,0.000003,0x06c6fea19f72ffeccb0326805b723ae3cae131ca,sell,0x87611ca3403a3878dfef0da2a786e209abfc1eff,0x0dfc75ff847316252af60e4f50f7fc69c4b08ec6c0345eac27fbc8231f69b1c2
13,1000,0.0055,0x7a8dcc431b75b2ce3f55fc44bdcb121d3e839916,2017-11-02T02:25:12.000Z,0.0000055,0x06c6fea19f72ffeccb0326805b723ae3cae131ca,sell,0x87611ca3403a3878dfef0da2a786e209abfc1eff,0xc48cfb544a2179d2f0e6eeae8600363e58bf198b9276a3a1e6171a5a9116bdf4
14,250000,0.5,0x511132e78da4149f08d40ca4b95ee7662ffc5658,2017-11-02T01:53:56.000Z,0.000002,0xe44247e303b7d61c6073f5d37d7b6df28ae5951b,sell,0x87611ca3403a3878dfef0da2a786e209abfc1eff,0x2a2e21c3e309c146a872a7a70d09bb924db3962e6d4b60dc40538fd38299f6a2
15,100000,0.23,0x13c3fd153e23ded7477e0817ad4d5754e2d67649,2017-11-02T01:35:43.000Z,0.0000023,0x06c6fea19f72ffeccb0326805b723ae3cae131ca,sell,0x87611ca3403a3878dfef0da2a786e209abfc1eff,0x98ae4a7a2f970780f1a279ee5e39843810adf019fa9e70605946e13756ad0bb5
16,100000,0.22,0x6917383c86c9923aad3ec3ac2525d0bf7329e146,2017-11-02T01:35:43.000Z,0.0000022,0x06c6fea19f72ffeccb0326805b723ae3cae131ca,sell,0x87611ca3403a3878dfef0da2a786e209abfc1eff,0x18e110152d4303bc892c6a7b9ddef8a544c8b7c4ed250796dc7dfd9c3beda76d
17,30000,0.105,0x6917383c86c9923aad3ec3ac2525d0bf7329e146,2017-11-02T01:28:23.000Z,0.0000035,0x06c6fea19f72ffeccb0326805b723ae3cae131ca,sell,0x87611ca3403a3878dfef0da2a786e209abfc1eff,0xf177ef6aae86b77250ac1dcd231da029ab9df37d93e7164013852b1fbaefc272
18,36000.413,0.1476016933,0xfc4bcf831c96e650e11e6d804beaaeb2d357e138,2017-11-02T01:27:39.000Z,0.0000041,0x06c6fea19f72ffeccb0326805b723ae3cae131ca,sell,0x87611ca3403a3878dfef0da2a786e209abfc1eff,0xe82e4bcd8069a97154860773a1f4b28d0d168e3347a0e7314e0a34b5b8c433b3
19,15524.811,0.0698616495,0x41395d214d0c3288dbb3936d90ea2eeae8c5b88b,2017-11-02T01:27:39.000Z,0.0000045,0x06c6fea19f72ffeccb0326805b723ae3cae131ca,sell,0x87611ca3403a3878dfef0da2a786e209abfc1eff,0xb449ce089cfe5314654fa36c90d5d547329ba82aa209bf99521893dd8ad657ce
20,50000,0.2,0x13c3fd153e23ded7477e0817ad4d5754e2d67649,2017-11-02T01:27:28.000Z,0.000004,0x06c6fea19f72ffeccb0326805b723ae3cae131ca,sell,0x87611ca3403a3878dfef0da2a786e209abfc1eff,0x6c32d569faf8efa571227a8abf8973333081a538d3918adbe77d9e3cd845c0c1
21,5000,0.039995,0x689107323fdd0062473b8ccb5cb0fc86705814a1,2017-11-02T01:03:26.000Z,0.000007999,0x2d0c0bc3ea6cb2039c0fc447f63727ee315c2748,buy,0x87611ca3403a3878dfef0da2a786e209abfc1eff,0xc13f8b2977fe4a5c116b62479fd70fe2eacb4434cf711e11d053958723554bbd
22,1500,0.0119985,0x35a5ea3c2cd618363b5bd6f02155f18320b6341d,2017-11-01T22:01:43.000Z,0.000007999,0x2d0c0bc3ea6cb2039c0fc447f63727ee315c2748,buy,0x87611ca3403a3878dfef0da2a786e209abfc1eff,0xf88aa6b080ee404dc500939f6d5385411d19dd7856addd4cad3f78707048fd57
23,815.47391103,0.005055938248386,0x56a2e0229a6d0fe6222a851329f63103ff4d8e92,2017-11-01T21:49:55.000Z,0.0000062,0xdf04829ed7aad07edf5c95eaf7ab7b924f38ce6e,sell,0x87611ca3403a3878dfef0da2a786e209abfc1eff,0xaf713764e0f4da752eefa380bf5f9859c8280493e111f9f34abd7578d672b12c
24,300000,0.6000003,0x06c6fea19f72ffeccb0326805b723ae3cae131ca,2017-11-01T21:05:19.000Z,0.000002000001,0x50cdf83dfc4443ffbd3b1d3f839d9565133086af,sell,0x87611ca3403a3878dfef0da2a786e209abfc1eff,0x073f2bf18a820ca5c89865d61251d74d994dd0446ca31af313bdbf4ed5c6b42d
25,9543,0.060321303,0x2d0c0bc3ea6cb2039c0fc447f63727ee315c2748,2017-11-01T21:02:35.000Z,0.000006321,0x5d911143b84df48302b8f7e2933c684ca4bfff4d,sell,0x87611ca3403a3878dfef0da2a786e209abfc1eff,0x591ccb2780fef5fdd8c6c0fee98e711faa7dc2ee809874b45c4784004bb3acd0
26,0.85569846,0.000005390900298,0x213f01a98c07c24782aeedf701261abb110a1045,2017-11-01T19:32:22.000Z,0.0000063,0xb734e80437b211b7d950aa56e2aba48eb37b7e5d,sell,0x87611ca3403a3878dfef0da2a786e209abfc1eff,0x0b4eb4b519519958a726a5c6e9aebd64c76486aaf0abe0c6b350b6ea7509f7c3
27,0.05976527,0.000000376521201,0x213f01a98c07c24782aeedf701261abb110a1045,2017-11-01T19:28:36.000Z,0.0000063,0x65e44324f5a4edb9fa333b1e0185975641cd5029,sell,0x87611ca3403a3878dfef0da2a786e209abfc1eff,0xc57462f83f2b7df7b4fbb7313c1efc7c053bcd57877107909147f8308c34e234
28,818.00188016,0.00654483304316016,0xdf04829ed7aad07edf5c95eaf7ab7b924f38ce6e,2017-11-01T18:41:10.000Z,0.000008001,0x508e4a96dab9bd044d0bb654d623c4ef663dfc35,sell,0x87611ca3403a3878dfef0da2a786e209abfc1eff,0x950b2fc1e992c288e3e1569eb4beab48fef30a29c158fa524759452fea683aa0
29,34227.8137773,0.2053668826638,0x1bec77791f53d5c6d59b5dd721d171aeeb49d7e5,2017-11-01T17:51:45.000Z,0.000006,0x4a1261d631094e0231968ae3e1b79e15e6ddca18,sell,0x87611ca3403a3878dfef0da2a786e209abfc1eff,0x57e3fe853f8ae7dbc2fa349b5743ad7621ba3c9ae5722d8074da50656df1c2ed
30,6969,0.05568231,0xf382c75c7edaf46a12b918128174cbf83a08f0d3,2017-11-01T17:03:57.000Z,0.00000799,0x2d0c0bc3ea6cb2039c0fc447f63727ee315c2748,buy,0x87611ca3403a3878dfef0da2a786e209abfc1eff,0x6d36ffedb862077bab2c30b1a919956481d1452cbb51b3c27da64facd6556535
31,8972.1862227,0.0538331173362,0x1bec77791f53d5c6d59b5dd721d171aeeb49d7e5,2017-11-01T16:57:27.000Z,0.000006,0x7e20a4b16244f9f10f1f2b400eba8abf5568d46e,sell,0x87611ca3403a3878dfef0da2a786e209abfc1eff,0xf8c160b3ea1d2297168f8fc552b4652111e84595efffd5671ae9414a7925228d
32,3000,0.0291,0x50cdf83dfc4443ffbd3b1d3f839d9565133086af,2017-11-01T16:06:59.000Z,0.0000097,0x78a4cc57929c751652270ebad9970f5b84a2f884,buy,0x87611ca3403a3878dfef0da2a786e209abfc1eff,0xd10a8eb6f4605ef7b6a97596aac527827a3916513a958ef019ab4b761ef1c851
33,514411.80583191,4.984650398511215,0x5d911143b84df48302b8f7e2933c684ca4bfff4d,2017-11-01T16:06:21.000Z,0.00000969000000000001,0x50cdf83dfc4443ffbd3b1d3f839d9565133086af,buy,0x87611ca3403a3878dfef0da2a786e209abfc1eff,0xcdaebbd7f82fd065b32355ce32a7991ac9e9a452bc999ac213232e8d2f75c408
34,40000,0.24,0x1bec77791f53d5c6d59b5dd721d171aeeb49d7e5,2017-11-01T15:58:28.000Z,0.000006,0x50cdf83dfc4443ffbd3b1d3f839d9565133086af,sell,0x87611ca3403a3878dfef0da2a786e209abfc1eff,0xdb8dbec67a2f1050502624d5c291e38b12c7f4d0a18bc720552d87506f2dc482
35,30000,0.18,0xc3680c73935e4bd4e1cbe85a77ab6946a5bdfd15,2017-11-01T13:36:36.000Z,0.000006,0x6ea314700745ea32544837a3819d4fc09174979c,sell,0x87611ca3403a3878dfef0da2a786e209abfc1eff,0x7210b4956b618814577beaa590090ee7d31d3b0ef9aa8e1088441e7c5f611d85
36,20000,0.122,0x6917383c86c9923aad3ec3ac2525d0bf7329e146,2017-11-01T13:34:09.000Z,0.0000061,0x6ea314700745ea32544837a3819d4fc09174979c,sell,0x87611ca3403a3878dfef0da2a786e209abfc1eff,0xaf640b669a7447dc0ad84a1aef25cc6e7933d2dcf8172ca9f5640156e3f06baf
37,10000,0.067,0x508e4a96dab9bd044d0bb654d623c4ef663dfc35,2017-11-01T13:31:15.000Z,0.0000067,0x6ea314700745ea32544837a3819d4fc09174979c,sell,0x87611ca3403a3878dfef0da2a786e209abfc1eff,0xb1244993e2a3921b8e03d7c516879a862cc03768c67398e1b7ece306b7fe5c5d
38,10000,0.066,0x508e4a96dab9bd044d0bb654d623c4ef663dfc35,2017-11-01T13:31:01.000Z,0.0000066,0x6ea314700745ea32544837a3819d4fc09174979c,sell,0x87611ca3403a3878dfef0da2a786e209abfc1eff,0x98a8afd85a076563f99cac10afb58912454f62ad39ca1fc3b26a3f89eb94c81b
39,6969,0.047173161,0x2d0c0bc3ea6cb2039c0fc447f63727ee315c2748,2017-11-01T13:29:09.000Z,0.000006769,0x6ea314700745ea32544837a3819d4fc09174979c,sell,0x87611ca3403a3878dfef0da2a786e209abfc1eff,0x155263e6f00d1d83800efb7e9bfd1c52882cdccee72a3fc7e3d490b866a6d81a
40,4600,0.0437,0xf38a93d527e9a0918e47daaea5e95f76495cdeb3,2017-11-01T12:43:54.000Z,0.0000095,0x9d413c9f3650b2d7a264373bc89c457a05dedcae,buy,0x87611ca3403a3878dfef0da2a786e209abfc1eff,0x4632b63fd2607d5392ce88515ae0b81c589971ee12b46fb5c0926a03132fa48a
41,1000,0.0095,0xb85d14ab22a69276e57f24130ce4215e5ffe7dc0,2017-11-01T12:42:20.000Z,0.0000095,0x9d413c9f3650b2d7a264373bc89c457a05dedcae,buy,0x87611ca3403a3878dfef0da2a786e209abfc1eff,0x7c79c4b7101ff7470cb6924ca1adaecfb2cc303149e610e2fcbcd9dca278d344
42,24605,0.270655,0xe44247e303b7d61c6073f5d37d7b6df28ae5951b,2017-11-01T11:58:05.000Z,0.000011,0x6b6efc597e78ffefec1900324c0069045cc71eed,buy,0x87611ca3403a3878dfef0da2a786e209abfc1eff,0x76e483a0345587ed09e44a88f6c8de77c0c6e6bed84d71064665778487dd1217
43,500,0.00475,0x5d911143b84df48302b8f7e2933c684ca4bfff4d,2017-11-01T11:23:53.000Z,0.0000095,0x00bd274e1cf3d60c4c7d2a0575a2a38a4676f1e8,buy,0x87611ca3403a3878dfef0da2a786e209abfc1eff,0x1a91d7f404e27d1e86ee9f7229573d574313ed716dbb370c33799547b74bd0da
44,5513.90688865,0.03749456684282,0x508e4a96dab9bd044d0bb654d623c4ef663dfc35,2017-11-01T11:20:01.000Z,0.0000068,0x5d911143b84df48302b8f7e2933c684ca4bfff4d,sell,0x87611ca3403a3878dfef0da2a786e209abfc1eff,0x617f465aac0cd1f379fa746ad9d8d0628590b4c3f1b6b64bae071a8c84042e10
45,2254.90265233,0.01578431856631,0xb320ffa395e8429be67732b4ff0c80bc86e9e70d,2017-11-01T11:19:51.000Z,0.000007,0x5d911143b84df48302b8f7e2933c684ca4bfff4d,sell,0x87611ca3403a3878dfef0da2a786e209abfc1eff,0x7b2e8598b1b2f80bccf99d8984120175d3211d25e40e6885d144b8b8b61d4bc2
46,4486.09311135,0.03050543315718,0x508e4a96dab9bd044d0bb654d623c4ef663dfc35,2017-11-01T08:50:45.000Z,0.0000068,0x117ac0195f2d28ba9d046e251dbf4101f9ada4e4,sell,0x87611ca3403a3878dfef0da2a786e209abfc1eff,0x48a9afbb20eb63d5781eebad3c002bd66ac70219b7068c249d2769f769f46d64
47,4500,0.04275,0x076d87bd55c01f4a54fecaaaddda528809d0216d,2017-11-01T08:34:40.000Z,0.0000095,0x00bd274e1cf3d60c4c7d2a0575a2a38a4676f1e8,buy,0x87611ca3403a3878dfef0da2a786e209abfc1eff,0x6981ee0266e8b2d3ecb1fba13ae0540da48f3d8fe9f4dc2b1ef036adfd33504f
48,20000,0.14,0x9d413c9f3650b2d7a264373bc89c457a05dedcae,2017-11-01T03:26:02.000Z,0.000007,0x06c6fea19f72ffeccb0326805b723ae3cae131ca,sell,0x87611ca3403a3878dfef0da2a786e209abfc1eff,0x2c0473f1d78fbcc607947d34a9066f6115a4536430f169382fcc1af2c0e89458
49,100000,0.65,0x508e4a96dab9bd044d0bb654d623c4ef663dfc35,2017-11-01T02:37:47.000Z,0.0000065,0x06c6fea19f72ffeccb0326805b723ae3cae131ca,sell,0x87611ca3403a3878dfef0da2a786e209abfc1eff,0x58fcb0c754544ef4c9bc56032fd46c9b011ca9c4d3d1bd6e4dafcc8257062dca
50,477.824,0.005256064,0x70fb221358a7409363a65e9c0131faf542a3ab2b,2017-11-01T01:12:50.000Z,0.000011,0x508e4a96dab9bd044d0bb654d623c4ef663dfc35,sell,0x87611ca3403a3878dfef0da2a786e209abfc1eff,0xfd5ee73d098c5af97356da280ce031408e15285e31470878c65bcd41db06cb71
51,10000,0.07,0x572d61f11413b477c83699e3ea311293437d269a,2017-11-01T00:32:37.000Z,0.000007,0x06c6fea19f72ffeccb0326805b723ae3cae131ca,sell,0x87611ca3403a3878dfef0da2a786e209abfc1eff,0x351d76ed57750007380ba8921dea92197ca343985255717cb82a93a6c01d588a
52,5000,0.03625,0x00bd274e1cf3d60c4c7d2a0575a2a38a4676f1e8,2017-11-01T00:32:37.000Z,0.00000725,0x06c6fea19f72ffeccb0326805b723ae3cae131ca,sell,0x87611ca3403a3878dfef0da2a786e209abfc1eff,0x7f1155878fa8baf9f83ae03a49ec2cf0739508383519c40a5e402b2cb263cd52
53,200,0.002426,0x50cdf83dfc4443ffbd3b1d3f839d9565133086af,2017-11-01T00:00:23.000Z,0.00001213,0xe44247e303b7d61c6073f5d37d7b6df28ae5951b,buy,0x87611ca3403a3878dfef0da2a786e209abfc1eff,0x0bf338136ce46da5bbaa5206f6efc64df7a1449a97403f9c54455559f5d2582e
54,55895.629,0.68136771751,0x5d911143b84df48302b8f7e2933c684ca4bfff4d,2017-10-31T22:14:46.000Z,0.00001219,0x50cdf83dfc4443ffbd3b1d3f839d9565133086af,buy,0x87611ca3403a3878dfef0da2a786e209abfc1eff,0x55f3f5448c1fdfd4832be3bd4b0e85fa219ee4c6c1035b65062375d7b7daf7b2
55,220808.52065733,2.69165586681288,0x5d911143b84df48302b8f7e2933c684ca4bfff4d,2017-10-31T19:58:10.000Z,0.00001219000000000012,0x50cdf83dfc4443ffbd3b1d3f839d9565133086af,buy,0x87611ca3403a3878dfef0da2a786e209abfc1eff,0x1eba72a352dc8d8a631af92a5bc1c22157aa09c572c8aae7f370baff438016b9
56,250000,3.0475,0x7a07c53f1e3c2c2eec582e1dd0d8935623872d58,2017-10-31T19:48:17.000Z,0.00001219,0x50cdf83dfc4443ffbd3b1d3f839d9565133086af,buy,0x87611ca3403a3878dfef0da2a786e209abfc1eff,0x9befa3179e6f27d78ec072e31644a90465afad0180953b96d7c4e65b7f80be3c
57,29999,0.29999,0x7a07c53f1e3c2c2eec582e1dd0d8935623872d58,2017-10-31T19:47:09.000Z,0.00001,0x49d11ec08cbb8ef22da431fda7183f9d3563f0bc,buy,0x87611ca3403a3878dfef0da2a786e209abfc1eff,0xc5bc1bef2b59f1ed9058712450c56808a7417e556b8c092d6d4a8fa0a327ed61
58,996.9095803,0.00628053035589,0x6917383c86c9923aad3ec3ac2525d0bf7329e146,2017-10-31T19:04:44.000Z,0.0000063,0x058352fca3a740fb822bc74e5f3d33ade894086b,sell,0x87611ca3403a3878dfef0da2a786e209abfc1eff,0xe5e60d932a11d8b0b4bedc6965999b8b2c15d9c84cd93dbccf67ca378604f9cd
59,3548.25973303,0.0496401536650897,0xf2543804a7b681adbdff881fe05d60a65413cfcc,2017-10-31T19:03:54.000Z,0.00001399,0xc35056578de7af9a06cd94f24221f138b763b186,buy,0x87611ca3403a3878dfef0da2a786e209abfc1eff,0x3c842482f5332c73f2a8b7d512daf2a22c81334647e012fc010c25542516eb5b
60,500,0.0051995,0x1b56b50254fb564cbe9c4d7b4765e99870dac4fb,2017-10-31T18:53:26.000Z,0.000010399,0xaa5a8763179d7e24b0230e981cf7cd5d9fa7cff8,buy,0x87611ca3403a3878dfef0da2a786e209abfc1eff,0xa937adf96dddf7b5e9d30a4b805eb9962b80b7f79f452e91214a8e6c7cfa645f
61,7000,0.036456,0xd9ea71873a22b151567c265e9bb2c0e5dbd55ac8,2017-10-31T18:14:31.000Z,0.000005208,0x2d1eb61ad0a8851931e45ede7c37838e00f60568,sell,0x87611ca3403a3878dfef0da2a786e209abfc1eff,0xf826b5ef6d025ef83d3e5ffa1fd45a51b93b4806b59eda9bd5493ebdacedd2c4
62,1057.878,0.006347268,0xaa5a8763179d7e24b0230e981cf7cd5d9fa7cff8,2017-10-31T18:13:15.000Z,0.000006,0x2d1eb61ad0a8851931e45ede7c37838e00f60568,sell,0x87611ca3403a3878dfef0da2a786e209abfc1eff,0xd85f3ad2a707ef4a4116950c553f4705ef81db4b64a43385154e04f8836ff8e3
63,50020.888,0.69979222312,0xf2543804a7b681adbdff881fe05d60a65413cfcc,2017-10-31T18:10:15.000Z,0.00001399,0xc35056578de7af9a06cd94f24221f138b763b186,buy,0x87611ca3403a3878dfef0da2a786e209abfc1eff,0x3352125eaf2769563362ab0d858a47dca1fa13511190cc56f486f1556896084f
64,3548.25965433,0.04790150533346625,0xc35056578de7af9a06cd94f24221f138b763b186,2017-10-31T18:09:03.000Z,0.00001350000000000317,0x5c5d2fa3384cd2c93338cda30066d11201b1239c,buy,0x87611ca3403a3878dfef0da2a786e209abfc1eff,0x4e9dc1b48e81a1095b82c59c4b77b320ee1b7f196f3ad1daa9b65ee609d92ab3
65,50000,0.65,0xc35056578de7af9a06cd94f24221f138b763b186,2017-10-31T18:06:35.000Z,0.000013,0x9dd9ec97bb901d5fbfaa6a6bcf7d21f629960e24,buy,0x87611ca3403a3878dfef0da2a786e209abfc1eff,0x4f21b4cc675e96bcb73f56131c14be506de0e8f1cd7ebf5582ecaedaf16ebcf4
66,24605.205,0.127947066,0x6b6efc597e78ffefec1900324c0069045cc71eed,2017-10-31T17:55:31.000Z,0.0000052,0xa317e00f024dc8a73c78692b8fa07fde545ff4c6,sell,0x87611ca3403a3878dfef0da2a786e209abfc1eff,0x3d59ec31e9fdf88e75dae6e4011f4d07f5af1223da8b57864446e2a86b15647d
67,3953.849,0.03953849,0x1b56b50254fb564cbe9c4d7b4765e99870dac4fb,2017-10-31T17:52:33.000Z,0.00001,0x06c6fea19f72ffeccb0326805b723ae3cae131ca,buy,0x87611ca3403a3878dfef0da2a786e209abfc1eff,0x2840fd6b3f61345bf26c4f9f868833e1a89ec29b2ed275d0860d5b7515253395
68,6011.57968328,0.05412225188856984,0x8397b719f59d95d250cdabef8daaaba2865558a1,2017-10-31T17:48:28.000Z,0.000009003,0x6917383c86c9923aad3ec3ac2525d0bf7329e146,sell,0x87611ca3403a3878dfef0da2a786e209abfc1eff,0xb111ab34eb13d96fb631dd1ee790c0f8a0bcc232d46fad0aee60ce2cadabb576
69,500000,1.15,0xe44247e303b7d61c6073f5d37d7b6df28ae5951b,2017-10-31T17:46:00.000Z,0.0000023,0x6c72e82323de6d316f79cf6e199fb2617aa53c1c,sell,0x87611ca3403a3878dfef0da2a786e209abfc1eff,0x9be6f8a2aab4c37023b56574ca3b1752bf0f19375e7f041533759fa012273e14
70,500000,1.10000005,0x06c6fea19f72ffeccb0326805b723ae3cae131ca,2017-10-31T17:44:58.000Z,0.0000022000001,0x1b56b50254fb564cbe9c4d7b4765e99870dac4fb,sell,0x87611ca3403a3878dfef0da2a786e209abfc1eff,0xc85648399aeb6bf958ec152c79779502aa80326af14dc24db8c89c0c78f20361
71,208880.78689882,0.41776157379764,0x508e4a96dab9bd044d0bb654d623c4ef663dfc35,2017-10-31T17:41:44.000Z,0.000002,0xc35056578de7af9a06cd94f24221f138b763b186,sell,0x87611ca3403a3878dfef0da2a786e209abfc1eff,0x321159347a426cb22df4bd23158fe0627905a4ca29fb60f76a0563b71ea4e0ef
72,391948.95822948,0.78389791645896,0x508e4a96dab9bd044d0bb654d623c4ef663dfc35,2017-10-31T17:40:16.000Z,0.000002,0x3eb689b5b0582a54241686b2d0aac615438e2485,sell,0x87611ca3403a3878dfef0da2a786e209abfc1eff,0x5e2175547358e7b5b5eaa6d3de6183f2c62010b299ddc7b3cda2969d993b04b5
73,100000,0.5000001,0x06c6fea19f72ffeccb0326805b723ae3cae131ca,2017-10-31T17:39:29.000Z,0.000005000001,0x235e78ab4b09ec5704f7ea25dc0af5ad5aaed485,sell,0x87611ca3403a3878dfef0da2a786e209abfc1eff,0xf3eeef4a153d3692930ce5a18129cccc5acce68187135f4e492d0ac0066e149a
74,40000,0.26,0x5c5d2fa3384cd2c93338cda30066d11201b1239c,2017-10-31T17:39:29.000Z,0.0000065,0x235e78ab4b09ec5704f7ea25dc0af5ad5aaed485,sell,0x87611ca3403a3878dfef0da2a786e209abfc1eff,0x7a65240b3aac9856f86628d8504f9f46e8c0dded1d41d044c1b0ef114e7a5271
75,1000000,5,0x508e4a96dab9bd044d0bb654d623c4ef663dfc35,2017-10-31T17:39:04.000Z,0.000005,0x235e78ab4b09ec5704f7ea25dc0af5ad5aaed485,sell,0x87611ca3403a3878dfef0da2a786e209abfc1eff,0x4b8649a14621743ab7e10ec0685e3dfef87252297b8eba18a18cedda4eab1276
76,100000,0.8,0x78a4cc57929c751652270ebad9970f5b84a2f884,2017-10-31T17:39:04.000Z,0.000008,0x50cdf83dfc4443ffbd3b1d3f839d9565133086af,sell,0x87611ca3403a3878dfef0da2a786e209abfc1eff,0x948bc4f71e49e7b79be89f64db380b57ebc555caa457c02b7e2266bfd2063ef7
77,88905.894,0.88905894,0x9f14a821f23039266839233cd27d09e1eba9b83c,2017-10-31T17:39:04.000Z,0.00001,0xf2543804a7b681adbdff881fe05d60a65413cfcc,sell,0x87611ca3403a3878dfef0da2a786e209abfc1eff,0xd12371d03c54630c210082eaf241df3d08027543ccc808f5a0a5965c01f07304
78,1000000,4.95,0x508e4a96dab9bd044d0bb654d623c4ef663dfc35,2017-10-31T17:39:04.000Z,0.00000495,0xf2543804a7b681adbdff881fe05d60a65413cfcc,sell,0x87611ca3403a3878dfef0da2a786e209abfc1eff,0x781b61614496d1620cec935d72442f5924153087829a0e29b7cc66bc0b34614d
79,1094.10583354,0.0109410583354,0x9f14a821f23039266839233cd27d09e1eba9b83c,2017-10-31T17:29:42.000Z,0.00001,0x45bb90d2188da25d0def69d0314ef8d44b6e9fbf,sell,0x87611ca3403a3878dfef0da2a786e209abfc1eff,0xd0cd25e8c9eca4a8c05a583199f1f44e2dd575bed59fd7cdc8fbe0e627a61a7a
80,577195.6826618,8.07496760043864,0x1b56b50254fb564cbe9c4d7b4765e99870dac4fb,2017-10-31T17:27:05.000Z,0.0000139900000000001,0xc35056578de7af9a06cd94f24221f138b763b186,buy,0x87611ca3403a3878dfef0da2a786e209abfc1eff,0x467660b4fe0049148b965ba9f1b3749029a494329e9019ea5dcf86838aa539d0
81,10000,0.1,0x9f14a821f23039266839233cd27d09e1eba9b83c,2017-10-31T17:26:27.000Z,0.00001,0x6917383c86c9923aad3ec3ac2525d0bf7329e146,sell,0x87611ca3403a3878dfef0da2a786e209abfc1eff,0x3b5e083aa618f41e4fb2671d71d10915e11b7206aae3fd197c389f938a39befb
82,5000,0.0645,0x3eb689b5b0582a54241686b2d0aac615438e2485,2017-10-31T17:08:26.000Z,0.0000129,0x0fe6090affd0b5ba58586ab18fe575a51911d098,buy,0x87611ca3403a3878dfef0da2a786e209abfc1eff,0x1239a04e7910bd6bd45166275f0375003ca806842e470b03968019d1fc623cf6
83,38997,0.4874625,0x3eb689b5b0582a54241686b2d0aac615438e2485,2017-10-31T17:07:23.000Z,0.0000125,0xaee16b378532b728368526769a4481f7f7c544dd,buy,0x87611ca3403a3878dfef0da2a786e209abfc1eff,0x9f1ef7458607c13b513e2a047a8b533bc9673cba3ab67409fe9917fa9b5aed35
84,189167,2.35891249,0x3eb689b5b0582a54241686b2d0aac615438e2485,2017-10-31T17:06:15.000Z,0.00001247,0xc9e9ec41601b98599b7d58e5a5a4529ab9062e05,buy,0x87611ca3403a3878dfef0da2a786e209abfc1eff,0x6c5e098175bff9ae76a8c2a012b5b7deef2d5cbc89e339e5ff212519e4828d53
85,160000,1.9936,0x3eb689b5b0582a54241686b2d0aac615438e2485,2017-10-31T17:05:21.000Z,0.00001246,0xe44247e303b7d61c6073f5d37d7b6df28ae5951b,buy,0x87611ca3403a3878dfef0da2a786e209abfc1eff,0xf0b245918ece0e5b19159cc88f4251eb1a5f51534799308f31aab28a718b6314
86,15000,0.10503,0x6917383c86c9923aad3ec3ac2525d0bf7329e146,2017-10-31T16:54:20.000Z,0.000007002,0x6ea314700745ea32544837a3819d4fc09174979c,sell,0x87611ca3403a3878dfef0da2a786e209abfc1eff,0x75259d5e34ca93d75d8dfd3fa20bd8e5a9f309b94a00a0f4063da00ef39722e2
87,40000,0.4984,0x9f14a821f23039266839233cd27d09e1eba9b83c,2017-10-31T16:48:35.000Z,0.00001246,0xe44247e303b7d61c6073f5d37d7b6df28ae5951b,buy,0x87611ca3403a3878dfef0da2a786e209abfc1eff,0x0591f9ea6a45ec166c608823d4898ea2181b134e9110e201754e3bd6c802d634
88,1500,0.018705,0x6c72e82323de6d316f79cf6e199fb2617aa53c1c,2017-10-31T16:22:40.000Z,0.00001247,0x789b22b57cafb8d959192e1acb8cc29d0e76fa2c,buy,0x87611ca3403a3878dfef0da2a786e209abfc1eff,0x724f3f6e2c273ab79ed4caa73ac44fad0517500b867b3fbcd33513731148f7e0
89,94729.2325998,1.1803262381936,0x6c72e82323de6d316f79cf6e199fb2617aa53c1c,2017-10-31T16:21:09.000Z,0.00001246000000000096,0xc35056578de7af9a06cd94f24221f138b763b186,buy,0x87611ca3403a3878dfef0da2a786e209abfc1eff,0x3ad4b60b310ac86672704b517ce3ce446a947e678114df7f7bc3e0bb0856d19e
90,100000,1.246,0x6c72e82323de6d316f79cf6e199fb2617aa53c1c,2017-10-31T16:14:41.000Z,0.00001246,0xc35056578de7af9a06cd94f24221f138b763b186,buy,0x87611ca3403a3878dfef0da2a786e209abfc1eff,0xbd0ac61dabb397c2d4e740a22df590d6366c3e8776f162af787357e64fb94f29
91,20148,0.25104408,0xb332f3be761f72ec1d4c3f865b0fa6fb1652f179,2017-10-31T16:13:00.000Z,0.00001246,0xc35056578de7af9a06cd94f24221f138b763b186,buy,0x87611ca3403a3878dfef0da2a786e209abfc1eff,0xa3bbed0fc80953b8c912031e44bba76d87cdbc1809fe9b87d1e0f45b59e77bb1
92,480052.76740019,5.9814574818064,0x6c72e82323de6d316f79cf6e199fb2617aa53c1c,2017-10-31T15:38:26.000Z,0.00001246000000000006,0xc35056578de7af9a06cd94f24221f138b763b186,buy,0x87611ca3403a3878dfef0da2a786e209abfc1eff,0xc7a10b49f12ad50b7eec6e4e1a8e38b7774ffa6036b18e7760cd35265029b83d
93,49999.9999955,0.6199999999442,0xa317e00f024dc8a73c78692b8fa07fde545ff4c6,2017-10-31T15:29:46.000Z,0.0000124,0x1dbefb7fd039d77c46c8e5f1a355c6c921198054,buy,0x87611ca3403a3878dfef0da2a786e209abfc1eff,0x779dcff51e38bd081962c1cf80d49838b4b048afb3008b28d5a1635441002f36
94,50000,0.615,0xf2543804a7b681adbdff881fe05d60a65413cfcc,2017-10-31T15:24:29.000Z,0.0000123,0x1dbefb7fd039d77c46c8e5f1a355c6c921198054,buy,0x87611ca3403a3878dfef0da2a786e209abfc1eff,0xf34fd694368eb59b5d8578bd66b2c6855faf9463fb7046d0be08d3b04a6bf41b
95,100000,1.2,0xa317e00f024dc8a73c78692b8fa07fde545ff4c6,2017-10-31T15:20:31.000Z,0.000012,0x1dbefb7fd039d77c46c8e5f1a355c6c921198054,buy,0x87611ca3403a3878dfef0da2a786e209abfc1eff,0x146041cbb6a20fbc25d6d1c43838efa8f2c912b9ca52bcccb0ab32bcdf2d05c2
96,34859.811,0.418317732,0xf2543804a7b681adbdff881fe05d60a65413cfcc,2017-10-31T15:18:29.000Z,0.000012,0x5c5d2fa3384cd2c93338cda30066d11201b1239c,buy,0x87611ca3403a3878dfef0da2a786e209abfc1eff,0x258092d8690d187d6fec7db8ac3b4e4a14e753baef86492f21bda49daba9f853
97,428559.81384514,5.099861784757253,0x50cdf83dfc4443ffbd3b1d3f839d9565133086af,2017-10-31T15:05:36.000Z,0.0000119000000000002,0xf2543804a7b681adbdff881fe05d60a65413cfcc,buy,0x87611ca3403a3878dfef0da2a786e209abfc1eff,0xd24b70111566bda1d5a5ebe10b4ff39b9033e11181532a071d620ac1d9126820
98,25394,0.2996492,0x50cdf83dfc4443ffbd3b1d3f839d9565133086af,2017-10-31T15:04:50.000Z,0.0000118,0x6b6efc597e78ffefec1900324c0069045cc71eed,buy,0x87611ca3403a3878dfef0da2a786e209abfc1eff,0x8b4057d259ce651d331d72164ee5e9ab0512fdddee4774d4ddcca60f4ae9fe17
99,697.83670621,0.004535938590365,0xb332f3be761f72ec1d4c3f865b0fa6fb1652f179,2017-10-31T14:48:26.000Z,0.0000065,0xacce16bb49ffe0450aa8ffd4fa7c24b0af2d83ca,sell,0x87611ca3403a3878dfef0da2a786e209abfc1eff,0x03135f3c06650f2bd83364da756c6f154b28c8a9ea77de20536b8a6dc4daa82c
100,1056224.18615485,12.569067815242747,0x235e78ab4b09ec5704f7ea25dc0af5ad5aaed485,2017-10-31T14:48:26.000Z,0.00001190000000000003,0xf2543804a7b681adbdff881fe05d60a65413cfcc,buy,0x87611ca3403a3878dfef0da2a786e209abfc1eff,0xc7e94887a1e4c9e234b616f5be3acd2522068bb6ee3d379c930c4f868a4c3ea4
101,64000,0.75456,0x235e78ab4b09ec5704f7ea25dc0af5ad5aaed485,2017-10-31T14:46:13.000Z,0.00001179,0x9b12d296a33f888e4f636107fbea1468167ff43c,buy,0x87611ca3403a3878dfef0da2a786e209abfc1eff,0x815abe4efe058abb054474d79da1e96a79b9444b19443d51b0a71af5f5f46c3c
102,98500,1.0835,0x235e78ab4b09ec5704f7ea25dc0af5ad5aaed485,2017-10-31T14:46:04.000Z,0.000011,0xe44247e303b7d61c6073f5d37d7b6df28ae5951b,buy,0x87611ca3403a3878dfef0da2a786e209abfc1eff,0xc8c2a741dd8a1e7db8d418b1efd4b6c22be36f7a5de6ec24ff4b0419585977cc
103,97746.151,0.97746151,0x235e78ab4b09ec5704f7ea25dc0af5ad5aaed485,2017-10-31T14:46:02.000Z,0.00001,0x06c6fea19f72ffeccb0326805b723ae3cae131ca,buy,0x87611ca3403a3878dfef0da2a786e209abfc1eff,0xa8afac284a66c3f307821350ce171de73dff45a3ffe9466b26f4047a26953a1f
104,3942.122,0.023652732,0xaa5a8763179d7e24b0230e981cf7cd5d9fa7cff8,2017-10-31T14:33:12.000Z,0.000006,0x06c6fea19f72ffeccb0326805b723ae3cae131ca,sell,0x87611ca3403a3878dfef0da2a786e209abfc1eff,0x77f0c545060cf5b1697f834f1b492eaea089b23bb1708662ddd96717a07055d6
105,5000,0.0325,0xaa5a8763179d7e24b0230e981cf7cd5d9fa7cff8,2017-10-31T14:30:57.000Z,0.0000065,0x6ea314700745ea32544837a3819d4fc09174979c,sell,0x87611ca3403a3878dfef0da2a786e209abfc1eff,0xdd726d750a3b658384611f706a0502a609909c21793ef55cb19c54fb4b22f186
106,10000,0.1178,0xc35056578de7af9a06cd94f24221f138b763b186,2017-10-31T13:55:41.000Z,0.00001178,0x6917383c86c9923aad3ec3ac2525d0bf7329e146,buy,0x87611ca3403a3878dfef0da2a786e209abfc1eff,0xfeefb1846e676f4e81055e9e36b885cce802ab91de1e74a480c63e395a733294
107,982952.84617685,4.91476423088425,0x508e4a96dab9bd044d0bb654d623c4ef663dfc35,2017-10-31T13:52:30.000Z,0.000005,0x508e4a96dab9bd044d0bb654d623c4ef663dfc35,sell,0x87611ca3403a3878dfef0da2a786e209abfc1eff,0x75127adab4e3b0859b1b7b8d50d337a5038ab18a84f191b5937181bbe528e72d
108,20852,0.24355136,0xc35056578de7af9a06cd94f24221f138b763b186,2017-10-31T13:40:16.000Z,0.00001168,0xf68362dbc57b30c49bff0b4c0af688962eb0186d,buy,0x87611ca3403a3878dfef0da2a786e209abfc1eff,0xafc2420c27e579214c9532dc0fada98ea96e257d9768e025139920b28c95c23b
109,500,0.0055,0xc35056578de7af9a06cd94f24221f138b763b186,2017-10-31T13:36:19.000Z,0.000011,0xd67b77f5b77f2e8b93099d3351d96f994d83a879,buy,0x87611ca3403a3878dfef0da2a786e209abfc1eff,0xceca8f0c103e077abcfd49296f9ff78c59f0204fec19ff81424a057d33931645
110,1000000,10,0xc35056578de7af9a06cd94f24221f138b763b186,2017-10-31T13:34:46.000Z,0.00001,0xf2543804a7b681adbdff881fe05d60a65413cfcc,buy,0x87611ca3403a3878dfef0da2a786e209abfc1eff,0x14bcd9420919679f6e6c5fe56b1f3fa97fd68fb029520f5cf05f7d56eb738479
111,450302,4.4579898,0xc35056578de7af9a06cd94f24221f138b763b186,2017-10-31T13:27:25.000Z,0.0000099,0xf2543804a7b681adbdff881fe05d60a65413cfcc,buy,0x87611ca3403a3878dfef0da2a786e209abfc1eff,0xe24afa2158a259a938896fb998b3c4b121777ecb37e9e8578cbe4b442c7fc8f1
112,99700,0.4985,0x06c6fea19f72ffeccb0326805b723ae3cae131ca,2017-10-31T13:23:51.000Z,0.000005,0x273a5d3e6721b9f5c1a6474f560c1334c63dda01,sell,0x87611ca3403a3878dfef0da2a786e209abfc1eff,0x012b554a3b504e1b11375aa30fb1c943ff0c93247cc3156bd0b67989f9ec812f
113,25471.20855347,0.026744768981153997,0xf44072eda87ede9613b6ae1b812de8a60ade27a2,2017-10-31T13:23:51.000Z,0.00000105000000000041,0xf2543804a7b681adbdff881fe05d60a65413cfcc,buy,0x87611ca3403a3878dfef0da2a786e209abfc1eff,0x6ba89042f1eea89b264e89422c48ade068d4887572ff69a9744542bfe68b9c3e
114,100000,0.105,0x273a5d3e6721b9f5c1a6474f560c1334c63dda01,2017-10-31T13:23:51.000Z,0.00000105,0xf2543804a7b681adbdff881fe05d60a65413cfcc,buy,0x87611ca3403a3878dfef0da2a786e209abfc1eff,0x012b554a3b504e1b11375aa30fb1c943ff0c93247cc3156bd0b67989f9ec812f
115,500000,0.525,0x273a5d3e6721b9f5c1a6474f560c1334c63dda01,2017-10-31T13:23:51.000Z,0.00000105,0xf2543804a7b681adbdff881fe05d60a65413cfcc,buy,0x87611ca3403a3878dfef0da2a786e209abfc1eff,0xc287670daf7d8a6d3893e67e3bbb304d205c7ee52857736a585930961b1516a5
116,498500,1.0967,0xe44247e303b7d61c6073f5d37d7b6df28ae5951b,2017-10-31T13:23:51.000Z,0.0000022,0x273a5d3e6721b9f5c1a6474f560c1334c63dda01,sell,0x87611ca3403a3878dfef0da2a786e209abfc1eff,0xc287670daf7d8a6d3893e67e3bbb304d205c7ee52857736a585930961b1516a5
117,25394.79492781,0.132052933624612,0x6b6efc597e78ffefec1900324c0069045cc71eed,2017-10-31T13:23:51.000Z,0.0000052,0xf44072eda87ede9613b6ae1b812de8a60ade27a2,sell,0x87611ca3403a3878dfef0da2a786e209abfc1eff,0x6ba89042f1eea89b264e89422c48ade068d4887572ff69a9744542bfe68b9c3e
118,312085.53484199,1.591636227694149,0x508e4a96dab9bd044d0bb654d623c4ef663dfc35,2017-10-31T13:23:44.000Z,0.0000051,0xd815bbdb973fcfae73f27ddc9a135e377028c1c5,sell,0x87611ca3403a3878dfef0da2a786e209abfc1eff,0x2f60642d7e278a28aba48e519f3212528b54919868bf11b5e3d90376b566e9bc
119,313021.79144651,0.3286728810188418,0xd815bbdb973fcfae73f27ddc9a135e377028c1c5,2017-10-31T13:23:44.000Z,0.00000105000000000002,0xf2543804a7b681adbdff881fe05d60a65413cfcc,buy,0x87611ca3403a3878dfef0da2a786e209abfc1eff,0x2f60642d7e278a28aba48e519f3212528b54919868bf11b5e3d90376b566e9bc
120,34611.3313991,0.22497365409415,0x5c5d2fa3384cd2c93338cda30066d11201b1239c,2017-10-31T13:13:39.000Z,0.0000065,0xc9157746e2ee2eae966632dda269de787191e758,sell,0x87611ca3403a3878dfef0da2a786e209abfc1eff,0xdcec0bc304688b4ae8a2025cbf8c9ead5e8ebfa2634d7e39f2ff353a8b09dde2
121,248.47971289,0.001615118133785,0x5c5d2fa3384cd2c93338cda30066d11201b1239c,2017-10-31T12:30:07.000Z,0.0000065,0x004d9c456b5a8f3ad9ff1f524e416663040c995a,sell,0x87611ca3403a3878dfef0da2a786e209abfc1eff,0xff0c65bb1d16fbe2766089ed2a673c4e8c64b0ac0e2be4a7e7fb102df340bcb2
122,250,0.00175,0x7ba44ae622b800d6c0c4f04fdc3478d9e2224e1a,2017-10-31T12:28:32.000Z,0.000007,0x004d9c456b5a8f3ad9ff1f524e416663040c995a,sell,0x87611ca3403a3878dfef0da2a786e209abfc1eff,0x923b6f36e79acf7ceb17f5857f32717cff5562e2f4377408615a13c99ea989d6
123,120.61227645,0.001387041179175,0xb77c1f7c6f3b44bcfce50cea8ae13d9237b99ee4,2017-10-31T10:08:23.000Z,0.0000115,0x5e0221c72f941fbc27e8ba90609a7f1594ec068a,sell,0x87611ca3403a3878dfef0da2a786e209abfc1eff,0x7eb6cf3196eeb2eab7b50fc27a9fc680175a92f135f1028bc917337ac2a2b6b0
124,4050,0.02835,0x5e0221c72f941fbc27e8ba90609a7f1594ec068a,2017-10-31T09:54:09.000Z,0.000007,0x6ea314700745ea32544837a3819d4fc09174979c,sell,0x87611ca3403a3878dfef0da2a786e209abfc1eff,0x8cf25483e90cfaf651d6418e9948cc42c4ffd10185ac11b5bf03cc5bfcb37a05
125,2000,0.0160018,0xaa5a8763179d7e24b0230e981cf7cd5d9fa7cff8,2017-10-31T09:52:14.000Z,0.0000080009,0x6ea314700745ea32544837a3819d4fc09174979c,sell,0x87611ca3403a3878dfef0da2a786e209abfc1eff,0xf2ac62284cbc0f20a0af2d98381698bf68a1b9cb6a3a3e9c4c1e277e35ca1a7f
126,2000,0.0180018,0xaa5a8763179d7e24b0230e981cf7cd5d9fa7cff8,2017-10-31T09:51:49.000Z,0.0000090009,0x6ea314700745ea32544837a3819d4fc09174979c,sell,0x87611ca3403a3878dfef0da2a786e209abfc1eff,0x94451bec1f50bb91d809810279fedd4ecf6bf348ac7690844f5ad2e290170052
127,5000,0.0375,0xaa5a8763179d7e24b0230e981cf7cd5d9fa7cff8,2017-10-31T08:45:40.000Z,0.0000075,0x6ea314700745ea32544837a3819d4fc09174979c,sell,0x87611ca3403a3878dfef0da2a786e209abfc1eff,0xa1e0d2f4022646c7c4755c62aafe23ff3179714eb447dea5cd780ed6f75e85de
128,12000,0.084,0x4b3b755ffa55768be0a2a6d1efffc96d1a7cf9c7,2017-10-31T08:45:18.000Z,0.000007,0x6ea314700745ea32544837a3819d4fc09174979c,sell,0x87611ca3403a3878dfef0da2a786e209abfc1eff,0x5c138f310fff11f7e55816f2be1a892aa76e413a7005b642d32a6e8be75260cb
129,5000,0.062495,0xd420b0a31a0fd6d7efc20c796e001af9062fc68b,2017-10-31T07:20:30.000Z,0.000012499,0x9b12d296a33f888e4f636107fbea1468167ff43c,buy,0x87611ca3403a3878dfef0da2a786e209abfc1eff,0x52ca5122ebcc576e31a6b224e5f317fd709120bf3b7bd6f4c002d6796e7a0a0c
130,1000,0.011,0xf66bdd1d3e936ba74f920cf81338b3418d232fff,2017-10-31T04:57:56.000Z,0.000011,0x6ea314700745ea32544837a3819d4fc09174979c,sell,0x87611ca3403a3878dfef0da2a786e209abfc1eff,0x575f978e8c3c27dacb1ddd8b2c88128e6ca31b528049cab203f2f8be2e9fc395
131,10000,0.0951,0x14d6a9617a144ac2ee29a309862a3d88ba2820d6,2017-10-31T04:57:34.000Z,0.00000951,0x6ea314700745ea32544837a3819d4fc09174979c,sell,0x87611ca3403a3878dfef0da2a786e209abfc1eff,0x53e3d37dd0afd4c5fb554284f6ff5b41d6a058890bb3b862ed29d592868cdb7d
132,20000,0.18002,0xd13711d8b1e219f85292dbc8adbdbbdfa92158cd,2017-10-31T04:52:00.000Z,0.000009001,0x6ea314700745ea32544837a3819d4fc09174979c,sell,0x87611ca3403a3878dfef0da2a786e209abfc1eff,0x07fbd70b2062cd66d51b1f178102d80f346c06fefe1244a4270c80976c7f2c98
133,35.105,0.0004037075,0xb77c1f7c6f3b44bcfce50cea8ae13d9237b99ee4,2017-10-31T04:22:41.000Z,0.0000115,0xe444a40689f51f63bcd29910622035707d533d29,sell,0x87611ca3403a3878dfef0da2a786e209abfc1eff,0xf066485464104cccb386b6bcd58db663862693bf7415180f3506d2e47d8ced65
134,1000,0.012,0xb320ffa395e8429be67732b4ff0c80bc86e9e70d,2017-10-31T03:47:29.000Z,0.000012,0xaee16b378532b728368526769a4481f7f7c544dd,sell,0x87611ca3403a3878dfef0da2a786e209abfc1eff,0xc5f3bc8b95c24a4166109f8e36bfa691e9f90a278a09307d04b730539f97b0e0
135,996.9095803,0.01146446017345,0xb77c1f7c6f3b44bcfce50cea8ae13d9237b99ee4,2017-10-31T02:35:02.000Z,0.0000115,0xaa569b62d106d4d59773c55e230d0373cd82f6a5,sell,0x87611ca3403a3878dfef0da2a786e209abfc1eff,0x04082e4dae3f83e527bb3b705eadd38ef8404980afa0bca2042f069bd966c8fa
136,847.37314325,0.009744791147375,0xb77c1f7c6f3b44bcfce50cea8ae13d9237b99ee4,2017-10-31T02:06:38.000Z,0.0000115,0x0a1185033bfe3559678e105d0a5c997b07d42ebf,sell,0x87611ca3403a3878dfef0da2a786e209abfc1eff,0x4f8a3a7820225bc5fd0e0f4e072363f487c02ff5c7c0fee13f9db6eba62d3429
137,937.599,0.0137827053,0xd420b0a31a0fd6d7efc20c796e001af9062fc68b,2017-10-31T01:35:18.000Z,0.0000147,0x5fe06c634519e54a07747d45fc20bbc5a6eb52bd,buy,0x87611ca3403a3878dfef0da2a786e209abfc1eff,0x5ebcbbecfbfc543eaef931cad3e77de25eec8baa535a818bd739f96e7b0c712e
138,394032.40064643,5.792276289502542,0xab46fba64f6f53dd8b9d5aa8e4fd114fdf9f1ecb,2017-10-31T01:07:31.000Z,0.00001470000000000005,0x5fe06c634519e54a07747d45fc20bbc5a6eb52bd,buy,0x87611ca3403a3878dfef0da2a786e209abfc1eff,0xdf8a346d9af588942f9c72f8727d8234aba0d03eeb3d8c8c5c4d4057d3c2df21
139,10000,0.0951,0x14d6a9617a144ac2ee29a309862a3d88ba2820d6,2017-10-31T01:02:42.000Z,0.00000951,0x5fe06c634519e54a07747d45fc20bbc5a6eb52bd,sell,0x87611ca3403a3878dfef0da2a786e209abfc1eff,0xd028d9b8bed610965f4fd423c580028e4e615075f1e216ff6df836a3f5808c87
140,145000,2.1431,0xab46fba64f6f53dd8b9d5aa8e4fd114fdf9f1ecb,2017-10-31T01:02:11.000Z,0.00001478,0x5fe06c634519e54a07747d45fc20bbc5a6eb52bd,buy,0x87611ca3403a3878dfef0da2a786e209abfc1eff,0xa1213916a3654db98b2a5c03b8fc06027cacc3b5765f94f89166438bd63718f2
141,9003.09,0.0901209309,0x6917383c86c9923aad3ec3ac2525d0bf7329e146,2017-10-30T22:10:54.000Z,0.00001001,0xc9157746e2ee2eae966632dda269de787191e758,sell,0x87611ca3403a3878dfef0da2a786e209abfc1eff,0x382811e1afd899add2733ee1ead75db6fb88170abfbba3943bb29ae13254329d
142,2500,0.03715,0xab46fba64f6f53dd8b9d5aa8e4fd114fdf9f1ecb,2017-10-30T22:07:22.000Z,0.00001486,0xc9e9ec41601b98599b7d58e5a5a4529ab9062e05,buy,0x87611ca3403a3878dfef0da2a786e209abfc1eff,0xff6c1b96fd45fc17ba3bba8c2bcb3bd6af313b9b4821e859f5cbf4a73ba140a6
143,1468.4769603,0.0168889535204103,0x93e4187ec3d79e1fcee82a3458512a2b09e9b5f5,2017-10-30T21:30:44.000Z,0.000011501,0x58e04d124d4d712bd2d08c29453184078e9ccb31,sell,0x87611ca3403a3878dfef0da2a786e209abfc1eff,0xc2c1266076814e98b0a35832fedcb6b2735561869b79ba93b1d3a7e93fe90ace
144,6400,0.0896,0x572d61f11413b477c83699e3ea311293437d269a,2017-10-30T21:22:53.000Z,0.000014,0x14c2b732f734da979d383a850a7de033585da67b,buy,0x87611ca3403a3878dfef0da2a786e209abfc1eff,0xda9b46ffd121787416c38ed6fb8ebc6a4c6c8a0033648921755ba1ffc70f95ed
145,6400,0.0896,0x572d61f11413b477c83699e3ea311293437d269a,2017-10-30T21:22:42.000Z,0.000014,0x14c2b732f734da979d383a850a7de033585da67b,buy,0x87611ca3403a3878dfef0da2a786e209abfc1eff,0xda9b46ffd121787416c38ed6fb8ebc6a4c6c8a0033648921755ba1ffc70f95ed
146,11800,0.175112,0x9981bc5828089413df2736dcbb936bb61fc17522,2017-10-30T19:09:22.000Z,0.00001484,0xa53167b3162ecda5c3c01fe0d87dd3e6c169312d,buy,0x87611ca3403a3878dfef0da2a786e209abfc1eff,0x7c4fbe8412065d1d2311ec885b53386682431db2c22f49cab79229727a595d27
147,200,0.002968,0xab46fba64f6f53dd8b9d5aa8e4fd114fdf9f1ecb,2017-10-30T17:47:14.000Z,0.00001484,0xa53167b3162ecda5c3c01fe0d87dd3e6c169312d,buy,0x87611ca3403a3878dfef0da2a786e209abfc1eff,0x760a0f58e0cd7071082c6c420a9b2b2f2d9955232c3b435b36cc71999fdf14bd
148,996.9095803,0.009979064898803,0x6917383c86c9923aad3ec3ac2525d0bf7329e146,2017-10-30T17:26:21.000Z,0.00001001,0x38cde1ef8b525264ac033d40ca97343eccdf3a70,sell,0x87611ca3403a3878dfef0da2a786e209abfc1eff,0xc15616a463c8ce1fb52598f8840fa24898758278f1b56dc48817091993daeb42
149,19938.19160602,0.1993819160602,0x7e1e88f8b509f9cf701d309f56aae0e3ca6bb266,2017-10-30T17:14:13.000Z,0.00001,0xfe4856ea92a3d9fe3691f332cb5344072ac061d1,sell,0x87611ca3403a3878dfef0da2a786e209abfc1eff,0x5e9257a4efa616e31db6d849988e76f66f3fe04522a7e303fb379eb88179bde8
150,10000,0.1486,0xfe4856ea92a3d9fe3691f332cb5344072ac061d1,2017-10-30T16:40:39.000Z,0.00001486,0xc018f8f7bc0a71fe6ea204764d6ecbffed7c265d,buy,0x87611ca3403a3878dfef0da2a786e209abfc1eff,0x96179f9c554c6bbcb0f984ad1c06134222232d02a9885985822bf77dd341c8ab
151,10000,0.1485,0xfe4856ea92a3d9fe3691f332cb5344072ac061d1,2017-10-30T16:38:18.000Z,0.00001485,0xf68362dbc57b30c49bff0b4c0af688962eb0186d,buy,0x87611ca3403a3878dfef0da2a786e209abfc1eff,0xe6064dbf6ad5289476bf354af6803889c53dc8308bdf0316850a30829eabe9d3
152,2000,0.029698,0xb21bcf6ac10d18c40b0327cfe2ef4bd5794d6409,2017-10-30T14:39:20.000Z,0.000014849,0x07a22088bf4f619c98225d633d6adf06f9df4d66,buy,0x87611ca3403a3878dfef0da2a786e209abfc1eff,0x83dd3216f213efa99068a857a025e416cecac92f8075d38e24b270b45c2218ca
153,1000,0.014849,0xb21bcf6ac10d18c40b0327cfe2ef4bd5794d6409,2017-10-30T14:38:58.000Z,0.000014849,0xf78a797dd54df900c82e728a99c01e370e8d2435,buy,0x87611ca3403a3878dfef0da2a786e209abfc1eff,0x57006e1370acb5a65d45f31c312e1f5eeb995d05ecaa15d6be0dd996731f3f4c
154,572945.971,8.50251820964,0xb21bcf6ac10d18c40b0327cfe2ef4bd5794d6409,2017-10-30T14:38:41.000Z,0.00001484,0x951e5a2e68ecad8ccd0def3ca84bec9b453b0c2c,buy,0x87611ca3403a3878dfef0da2a786e209abfc1eff,0xe530e49f74a42fa9511cadd7722e96c486bb11fc5a73fc8a8ba87577dfb1fa64
155,5820.35553203,0.08649048320606122,0x951e5a2e68ecad8ccd0def3ca84bec9b453b0c2c,2017-10-30T10:42:24.000Z,0.00001486000000001639,0xc018f8f7bc0a71fe6ea204764d6ecbffed7c265d,buy,0x87611ca3403a3878dfef0da2a786e209abfc1eff,0x2cb464102e780b084d4f95e9464cd2261defeb71a6d6ec09ce3924073a4d665a
156,67125.616,0.973321432,0x951e5a2e68ecad8ccd0def3ca84bec9b453b0c2c,2017-10-30T10:40:13.000Z,0.0000145,0x674c08802c2815d5fb68a7c51c5f656396425901,buy,0x87611ca3403a3878dfef0da2a786e209abfc1eff,0xd06ff004dac60807b59005267c0d5db6d0c2cd03533a29511b8d6d2bce87b415
157,16858.46694677,0.2505168188291297,0x674c08802c2815d5fb68a7c51c5f656396425901,2017-10-30T10:29:44.000Z,0.00001486000000000756,0xc018f8f7bc0a71fe6ea204764d6ecbffed7c265d,buy,0x87611ca3403a3878dfef0da2a786e209abfc1eff,0x9ee34105a070ef88116af4cdecb71fe628cf2b6228222390baff930440503c52
158,50267.15,0.7464671775,0x674c08802c2815d5fb68a7c51c5f656396425901,2017-10-30T10:27:08.000Z,0.00001485,0xe736f60c0fc2886a9e123da8850d8a24b46741b3,buy,0x87611ca3403a3878dfef0da2a786e209abfc1eff,0x668714cbfd6c685e3fc4daa31d7cbcd069cb8147b460e1045c6118d0848480ee
159,7650,0.098685,0xe736f60c0fc2886a9e123da8850d8a24b46741b3,2017-10-30T10:16:28.000Z,0.0000129,0x0a1185033bfe3559678e105d0a5c997b07d42ebf,buy,0x87611ca3403a3878dfef0da2a786e209abfc1eff,0x7578d07fe3c6539280bf7f12f6a50f459b8077944bb4bc5ab074a4d720e5cfe4
160,25012.76194588,0.27489025378526566,0xe736f60c0fc2886a9e123da8850d8a24b46741b3,2017-10-30T10:16:07.000Z,0.00001099000000000177,0x1a4cfe7277bfdbd108ef42a3db9e8a1c05428c6c,buy,0x87611ca3403a3878dfef0da2a786e209abfc1eff,0xc2f90326712ffabd357b68b29130314408de481f015c9316a0833210eb4932cc
161,17604.398,0.193648378,0xe736f60c0fc2886a9e123da8850d8a24b46741b3,2017-10-30T10:16:07.000Z,0.000011,0x2c4897e3dbf95f2f53211eac4c89cd2faed501ef,buy,0x87611ca3403a3878dfef0da2a786e209abfc1eff,0x8639a64a5eecec1c0c6be41d57abbbbd695a57a2e4f62c8e24c35c4fdf6d5406
162,14987.23805411,0.16470974621473433,0x01d865f37439dd720208b303c241eed07a28f01b,2017-10-30T10:07:32.000Z,0.00001099000000000436,0x1a4cfe7277bfdbd108ef42a3db9e8a1c05428c6c,buy,0x87611ca3403a3878dfef0da2a786e209abfc1eff,0x530c47c660c6c0bf19e7922c6a9b7306403f1c7bd97854d469a5a34f297474b9
163,2750,0.0301895,0x01d865f37439dd720208b303c241eed07a28f01b,2017-10-30T10:05:58.000Z,0.000010978,0xc34b69558b0df2f93e011825ba8eefa15a8c2cf6,buy,0x87611ca3403a3878dfef0da2a786e209abfc1eff,0xe3bc7e044a1c89ccd311a637c4b218418acc9e6f068a43e8bfd6e05a2f1839a6
164,9488.8,0.104187024,0x01d865f37439dd720208b303c241eed07a28f01b,2017-10-30T10:05:58.000Z,0.00001098,0x6f386979f14b4d841cb77bfddd3afba6f0c6b6a1,buy,0x87611ca3403a3878dfef0da2a786e209abfc1eff,0xa697fe01f65478052e4b43fcef6e9ee57e748c91d1c3eb0d791c10eb8fd88d65
165,255023.61138501,2.29521250246509,0x568092afe9cfc927614f14b97be86c49387eab61,2017-10-30T10:04:14.000Z,0.000009,0x371d5c6c5347f8e349adf0f38066abcadf546849,sell,0x87611ca3403a3878dfef0da2a786e209abfc1eff,0x558b00f7a5ff1fa2ac03f51e245ff9b02823aff8176163b31cefcafbbdeaaff1
166,20000,0.21958,0x7f1df7f747a77b7f557a076b642631a0204ec651,2017-10-30T08:21:01.000Z,0.000010979,0x6917383c86c9923aad3ec3ac2525d0bf7329e146,buy,0x87611ca3403a3878dfef0da2a786e209abfc1eff,0x26b27ff7174043c6f6d1b759bde8e52257694eab2c33eeaae41edad7217fff64
167,7750,0.0850795,0x568092afe9cfc927614f14b97be86c49387eab61,2017-10-30T06:53:50.000Z,0.000010978,0x6f386979f14b4d841cb77bfddd3afba6f0c6b6a1,sell,0x87611ca3403a3878dfef0da2a786e209abfc1eff,0x5165cb42009ac6b9bbf8a6fdc8fe8e75113357472d63ea331eec8235da04a165
168,5000,0.05489,0x568092afe9cfc927614f14b97be86c49387eab61,2017-10-30T06:21:28.000Z,0.000010978,0xb8da992e13e98f837a37d1b877521b1f993859cb,buy,0x87611ca3403a3878dfef0da2a786e209abfc1eff,0x3d630e8654c317cd6fe996a1b7b6ecc420974c4b11530985d50c37d1f1ffe78d
169,1495.36437045,0.01345827933405,0x568092afe9cfc927614f14b97be86c49387eab61,2017-10-30T03:26:45.000Z,0.000009,0x4a8ab3dc19bfe1ed788a6852f103aa6174960b4b,sell,0x87611ca3403a3878dfef0da2a786e209abfc1eff,0x916ae2a748163d6ae714876a22be3c0b749e8cf6d622b5ec1b2c2cce0b72ebe6
170,2492.34463354,0.02243110170186,0x568092afe9cfc927614f14b97be86c49387eab61,2017-10-30T02:38:21.000Z,0.000009,0x2ea6bd58bc3555faeebf4d5b31164d52079b9832,sell,0x87611ca3403a3878dfef0da2a786e209abfc1eff,0x860da4c98c863852ecc578b3e507e485f7c78f6e9b9f328efd6689c26a3d94f1
171,0.00075686,0.00000000605488,0x443ab1164c31e18d62ae25b710d29d0d02d35640,2017-10-30T01:15:59.000Z,0.000008,0x2bdc160ca80bc28f37d81b6d16e88201b74aa7b9,sell,0x87611ca3403a3878dfef0da2a786e209abfc1eff,0x2e602a097601857a77e7d0fc23124081b7aaf6841cb364163b5a47dc07c04fb4
172,10000,0.1098,0x60c797646b94c0f3a2a349c265f422360d7a8983,2017-10-29T18:10:55.000Z,0.00001098,0x6f386979f14b4d841cb77bfddd3afba6f0c6b6a1,buy,0x87611ca3403a3878dfef0da2a786e209abfc1eff,0x3431b30c2cf5ce82e151e10581d315b81f85ac80f07896b416436c73cc931a31
173,1909.02377902,0.0154726377289571,0x0fe6090affd0b5ba58586ab18fe575a51911d098,2017-10-29T17:25:41.000Z,0.000008105,0x5e0221c72f941fbc27e8ba90609a7f1594ec068a,sell,0x87611ca3403a3878dfef0da2a786e209abfc1eff,0x7c4cb531fa985ed4b71996af8a42ddd0fa372373b117986521fb19e751928364
174,498.45479015,0.00403997607416575,0x0fe6090affd0b5ba58586ab18fe575a51911d098,2017-10-29T17:16:33.000Z,0.000008105,0xb891fbb95baf24fd3db8857473749c596617f9c2,sell,0x87611ca3403a3878dfef0da2a786e209abfc1eff,0x6c75b7b2f794717030f992b013bee99b8c406f5da165138f30f64ce80c294510
175,47.12912448,0.000518420369282699,0xb8945e4f2aa9b0a4672455ed061b824decc960b8,2017-10-29T13:00:02.000Z,0.00001100000000005726,0x2c4897e3dbf95f2f53211eac4c89cd2faed501ef,buy,0x87611ca3403a3878dfef0da2a786e209abfc1eff,0xcf7964faa0a6d587d55b87af34257acc8c4d76e0f3dff24cacec626502169016
176,2348.47254639,0.025833198010397768,0xd87e5b3c8052cb71a8d73c7a51c8d3d87ed92ad3,2017-10-29T12:58:42.000Z,0.00001100000000004588,0x2c4897e3dbf95f2f53211eac4c89cd2faed501ef,buy,0x87611ca3403a3878dfef0da2a786e209abfc1eff,0x98eaaa1020d1db50286658f2d240966fa28d389fcb7275675597dba2653c9877
177,10000,0.128,0xd87e5b3c8052cb71a8d73c7a51c8d3d87ed92ad3,2017-10-29T12:57:50.000Z,0.0000128,0xe2603cae5a714ccac6ec758bb0d4bbb1822deec0,buy,0x87611ca3403a3878dfef0da2a786e209abfc1eff,0x622aa72bbc26e9753fa9c24ad49e69e86facf2afea82652b6d89d66f2ba63c66
178,236812.705,3.03072899859,0xd87e5b3c8052cb71a8d73c7a51c8d3d87ed92ad3,2017-10-29T12:56:30.000Z,0.000012798,0x06c94886487fc0e5b506e5d67f1b8200536d3026,buy,0x87611ca3403a3878dfef0da2a786e209abfc1eff,0xa89724eca17537110ce9b2154c841dce82f6a6fc4bb9a2e9350fe9d883527791
179,8170,0.10456783,0xd87e5b3c8052cb71a8d73c7a51c8d3d87ed92ad3,2017-10-29T12:54:56.000Z,0.000012799,0xe2603cae5a714ccac6ec758bb0d4bbb1822deec0,buy,0x87611ca3403a3878dfef0da2a786e209abfc1eff,0x64b3d21fcabc813aef85a697de8532d0e2bfb46f00c82ac08ea4a9f64e98ea79
180,1495.5,0.0170487,0x06c94886487fc0e5b506e5d67f1b8200536d3026,2017-10-29T12:47:21.000Z,0.0000114,0x273a5d3e6721b9f5c1a6474f560c1334c63dda01,sell,0x87611ca3403a3878dfef0da2a786e209abfc1eff,0xa9b1d9d398d44c4cd6f2974cd5bb17394afc54269e91ba6cb3903d27f1ce6ae2
181,1500,0.015,0x273a5d3e6721b9f5c1a6474f560c1334c63dda01,2017-10-29T12:47:21.000Z,0.00001,0x6ea314700745ea32544837a3819d4fc09174979c,buy,0x87611ca3403a3878dfef0da2a786e209abfc1eff,0xa9b1d9d398d44c4cd6f2974cd5bb17394afc54269e91ba6cb3903d27f1ce6ae2
182,15600,0.12948,0xb8945e4f2aa9b0a4672455ed061b824decc960b8,2017-10-29T12:46:55.000Z,0.0000083,0x06c94886487fc0e5b506e5d67f1b8200536d3026,sell,0x87611ca3403a3878dfef0da2a786e209abfc1eff,0xce310ab801c6293fdd111fa93fcc52492dd997c43066ddfaf0c0b9793d31f7e2
183,40000,0.328,0x1a4cfe7277bfdbd108ef42a3db9e8a1c05428c6c,2017-10-29T12:46:09.000Z,0.0000082,0x568092afe9cfc927614f14b97be86c49387eab61,sell,0x87611ca3403a3878dfef0da2a786e209abfc1eff,0x1a3ca3149c33fc3f7ec1d3e353f1011bf4e541685bbe77383eb7c2482b4bde05
184,2200,0.01958,0x5e0221c72f941fbc27e8ba90609a7f1594ec068a,2017-10-29T12:41:37.000Z,0.0000089,0x568092afe9cfc927614f14b97be86c49387eab61,sell,0x87611ca3403a3878dfef0da2a786e209abfc1eff,0x8ea95ac03e10ca75f06c6cd35b662d9ee3d0d48dd27fe02f5e263c2f3e13e3b6
185,740.90152116,0.006964474298904,0x0a1185033bfe3559678e105d0a5c997b07d42ebf,2017-10-29T12:40:38.000Z,0.0000094,0x568092afe9cfc927614f14b97be86c49387eab61,sell,0x87611ca3403a3878dfef0da2a786e209abfc1eff,0x6f7442422375c52db9017c8f1e915875c10e341c6225f1a3b2fa703c10cc2f08
186,20000,0.18,0x6917383c86c9923aad3ec3ac2525d0bf7329e146,2017-10-29T11:34:47.000Z,0.000009,0x572d61f11413b477c83699e3ea311293437d269a,sell,0x87611ca3403a3878dfef0da2a786e209abfc1eff,0xe48931718cf6fabe7a9d443f70044f355cf02737f7ba9c36b583569430900038
187,500,0.00635,0x60c797646b94c0f3a2a349c265f422360d7a8983,2017-10-29T09:16:57.000Z,0.0000127,0xb7cb348805dc234761868b96757662741873f37a,buy,0x87611ca3403a3878dfef0da2a786e209abfc1eff,0x11d11b0d9aaca6c7777b1e73ff5f974de351fe4b1a6379ec6e79a8fa3543ca69
188,10,0.00012799,0x93e4187ec3d79e1fcee82a3458512a2b09e9b5f5,2017-10-29T08:03:36.000Z,0.000012799,0xe2603cae5a714ccac6ec758bb0d4bbb1822deec0,buy,0x87611ca3403a3878dfef0da2a786e209abfc1eff,0x5948a8c6d1d8cfacb3d6d97c238893b9dad253744bfe9de44271dbe858d8e0cc
189,570,0.007296,0xeb16ba8cfde305e769f2482665a04d725809c871,2017-10-29T07:48:16.000Z,0.0000128,0xe2603cae5a714ccac6ec758bb0d4bbb1822deec0,sell,0x87611ca3403a3878dfef0da2a786e209abfc1eff,0x41b60857c9ab3ba47b27ec6fdba45f2dc5798e653653afa640bd97692b53b351
190,99.69095803,0.000937095005482,0x0a1185033bfe3559678e105d0a5c997b07d42ebf,2017-10-29T07:28:32.000Z,0.0000094,0x7a8dcc431b75b2ce3f55fc44bdcb121d3e839916,sell,0x87611ca3403a3878dfef0da2a786e209abfc1eff,0x27ecb19cebdee5afad961eff3b0946f7705bbf558be221f8885b57a1066482ac
191,7659.40752081,0.071998430695614,0x0a1185033bfe3559678e105d0a5c997b07d42ebf,2017-10-29T03:46:35.000Z,0.0000094,0xb3c74e8478cb91b17d0f78e3d0e3ea574c9fe2f8,sell,0x87611ca3403a3878dfef0da2a786e209abfc1eff,0x9f6e955a07f080abeb9a901ee9a3ef075c48c52ac6b79ed6e2a66668824724c7
192,12282,0.1129944,0xce74844950b3873a9d9e9611e7ec4ac2d9df58de,2017-10-29T03:36:50.000Z,0.0000092,0xb3c74e8478cb91b17d0f78e3d0e3ea574c9fe2f8,sell,0x87611ca3403a3878dfef0da2a786e209abfc1eff,0x519d19fbeb2c7b54cf008cd165740b2803d8c76914e315694ed1ff663e8e79ea
193,1500,0.0195,0xbda3ae1ed77728e30c7caea6430a77ff0fb41a29,2017-10-29T03:13:32.000Z,0.000013,0xe403f32a9dad5b5c17aa68dc90abda2befd29dd7,buy,0x87611ca3403a3878dfef0da2a786e209abfc1eff,0x0542a0663c992435433cfd453ca9be2b78b36d506487532d6d1f9d5ccd5f275b
194,2000,0.026,0xfbd4c8966b35b9b8ec008700cfb5da6b2591d119,2017-10-29T02:11:35.000Z,0.000013,0xe403f32a9dad5b5c17aa68dc90abda2befd29dd7,buy,0x87611ca3403a3878dfef0da2a786e209abfc1eff,0x7a1f55fc33ad9e9c55dbc79c351528fc396b9e355ab8914c39c5f4d41622c7a5
195,173.68098895,0.002171012361875,0x07a22088bf4f619c98225d633d6adf06f9df4d66,2017-10-28T22:36:54.000Z,0.0000125,0xa87a6017687f5d7607a4dde37624fa8eec9b0d45,sell,0x87611ca3403a3878dfef0da2a786e209abfc1eff,0x736e0f35aa207456fb9df760e24944a1eda34ac9c229d8c20d308a3e62c6db4e
196,16168.8,0.2263632,0x06c94886487fc0e5b506e5d67f1b8200536d3026,2017-10-28T22:04:49.000Z,0.000014,0xdda9b7c49fb204f03e41ba52c47865222189d658,buy,0x87611ca3403a3878dfef0da2a786e209abfc1eff,0xa3adcf332373e8d11d55e2516f3815dff154b44c8a76a6f136fd3b041963aeae
197,15000,0.21225,0x06c94886487fc0e5b506e5d67f1b8200536d3026,2017-10-28T22:04:18.000Z,0.00001415,0x6f386979f14b4d841cb77bfddd3afba6f0c6b6a1,buy,0x87611ca3403a3878dfef0da2a786e209abfc1eff,0x0293adf2052a3e65293e835d49bba7f2f569eda842f5d7ac2e540c7dfe7c3cb8
198,2429.577,0.0344999934,0x06c94886487fc0e5b506e5d67f1b8200536d3026,2017-10-28T22:04:18.000Z,0.0000142,0xb3c74e8478cb91b17d0f78e3d0e3ea574c9fe2f8,buy,0x87611ca3403a3878dfef0da2a786e209abfc1eff,0x81e72046a0b29c6ebdd5486b80c5001dc8af25730de909c39430788b154697dc
199,709.01904097,0.008862738012125,0x07a22088bf4f619c98225d633d6adf06f9df4d66,2017-10-28T22:04:18.000Z,0.0000125,0x2ea6bd58bc3555faeebf4d5b31164d52079b9832,sell,0x87611ca3403a3878dfef0da2a786e209abfc1eff,0x2b18ceae9f1834e57483fbdde9cea50c6076e915782b0e3f4ec3205a7cd0dfcc
200,200000,1.8,0x572d61f11413b477c83699e3ea311293437d269a,2017-10-28T22:03:17.000Z,0.000009,0x371d5c6c5347f8e349adf0f38066abcadf546849,sell,0x87611ca3403a3878dfef0da2a786e209abfc1eff,0x85e59887de183fa38cada24da0dc1f661e5f19e1ade91107be0a8ebdb050eab3
201,3761,0.0440037,0x371d5c6c5347f8e349adf0f38066abcadf546849,2017-10-28T22:02:40.000Z,0.0000117,0x2ea6bd58bc3555faeebf4d5b31164d52079b9832,sell,0x87611ca3403a3878dfef0da2a786e209abfc1eff,0x2cec030791e0681ce19ce9b398fea2d51e338093a8c9ace87c3c0df2edc0a975
202,2000,0.024,0xe91bd7026c24329d320d6d673f4989c9ae3196b2,2017-10-28T22:01:01.000Z,0.000012,0x2ea6bd58bc3555faeebf4d5b31164d52079b9832,sell,0x87611ca3403a3878dfef0da2a786e209abfc1eff,0xcb9e0cc5568ba38f65bf4882896b8c4d56ee0b67626270644c80bc4c9aefb2e5
203,2500,0.03125,0x371d5c6c5347f8e349adf0f38066abcadf546849,2017-10-28T21:58:57.000Z,0.0000125,0x2ea6bd58bc3555faeebf4d5b31164d52079b9832,sell,0x87611ca3403a3878dfef0da2a786e209abfc1eff,0xf38fffa411c5d148c633ef544e21da25c78141f16835fa6dffbf354ae25ea358
204,300,0.00405,0x06c94886487fc0e5b506e5d67f1b8200536d3026,2017-10-28T21:58:39.000Z,0.0000135,0xdda9b7c49fb204f03e41ba52c47865222189d658,sell,0x87611ca3403a3878dfef0da2a786e209abfc1eff,0xb9bb38c0869f1ea0b2133bba3911fddb3c77f1288f581a83cbf8e83fb7f3bb2a
205,100,0.0014,0x06c94886487fc0e5b506e5d67f1b8200536d3026,2017-10-28T21:58:23.000Z,0.000014,0xdda9b7c49fb204f03e41ba52c47865222189d658,sell,0x87611ca3403a3878dfef0da2a786e209abfc1eff,0xaecaf10cc37f17dc2bbbec8fb54baa750dbbbe9f3a2f3c95a7631d9647c4b257
206,1000,0.013,0x06c94886487fc0e5b506e5d67f1b8200536d3026,2017-10-28T21:56:44.000Z,0.000013,0x2ea6bd58bc3555faeebf4d5b31164d52079b9832,sell,0x87611ca3403a3878dfef0da2a786e209abfc1eff,0xafcb78debdaa26871274ae98452babd6b2ac4b64ff75a0ab8fe3354c2d27fa95
207,20000,0.283,0x14d6a9617a144ac2ee29a309862a3d88ba2820d6,2017-10-28T21:53:31.000Z,0.00001415,0x6f386979f14b4d841cb77bfddd3afba6f0c6b6a1,buy,0x87611ca3403a3878dfef0da2a786e209abfc1eff,0xa3e5e8af97828f3a4ed2e748053f9995af947b531863b955e77964e6040e435f
208,5280,0.07392,0x06c94886487fc0e5b506e5d67f1b8200536d3026,2017-10-28T21:23:47.000Z,0.000014,0xbacf586332ad2a67d54a4f68f6ab002d235074e4,buy,0x87611ca3403a3878dfef0da2a786e209abfc1eff,0xf382f1bbddd63c7a3b0736596381435194d3e1dd3a52e158ad4dda18ecf05ab9
209,20000,0.284,0x14d6a9617a144ac2ee29a309862a3d88ba2820d6,2017-10-28T20:48:07.000Z,0.0000142,0xb3c74e8478cb91b17d0f78e3d0e3ea574c9fe2f8,buy,0x87611ca3403a3878dfef0da2a786e209abfc1eff,0x260600c36d3b1136ba7b761cd21a1879099fbf6c876b977f52ccdad18afe73ab
210,35.2112676,0.0005,0x34f9560c63078eb61872a4dc2ccd20e21c34feaf,2017-10-28T20:32:31.000Z,0.000014200000002272,0xb3c74e8478cb91b17d0f78e3d0e3ea574c9fe2f8,buy,0x87611ca3403a3878dfef0da2a786e209abfc1eff,0xcdcb6a18945041f4a12427d59d489d066f4b9c9c905e69f51ddb2ac525b7812f
211,35.2112676,0.0005,0xe444a40689f51f63bcd29910622035707d533d29,2017-10-28T20:26:32.000Z,0.000014200000002272,0xb3c74e8478cb91b17d0f78e3d0e3ea574c9fe2f8,buy,0x87611ca3403a3878dfef0da2a786e209abfc1eff,0x09ebd908af7a7f7a5e6727cd8f631768e506cdbe3c6b458c61692a7ea6e078c7
212,1000,0.0142,0x3cc20253b2f7ceeec87ed6db1facdd622f975d3c,2017-10-28T19:43:28.000Z,0.0000142,0xb3c74e8478cb91b17d0f78e3d0e3ea574c9fe2f8,buy,0x87611ca3403a3878dfef0da2a786e209abfc1eff,0x8f62af4c8770cab071996d9f8ce8102f2850721afbf19b24bf4469408f352dd3
213,1500,0.0213,0x06c94886487fc0e5b506e5d67f1b8200536d3026,2017-10-28T19:24:22.000Z,0.0000142,0xb3c74e8478cb91b17d0f78e3d0e3ea574c9fe2f8,buy,0x87611ca3403a3878dfef0da2a786e209abfc1eff,0x3ce55880dfe2da9b90fb383cb59814d1e411a87053ec7c4e46bf42387e764c59
214,25000,0.362475,0x559f5862ae5e39c080f2bd9d996c39aaf22256e5,2017-10-28T18:55:14.000Z,0.000014499,0x9b12d296a33f888e4f636107fbea1468167ff43c,buy,0x87611ca3403a3878dfef0da2a786e209abfc1eff,0x6df803c1554dae0e12af426f436f4d0ba121814d7268f384e08a566d2c6eded8
215,3717.888,0.053901940224,0x06c94886487fc0e5b506e5d67f1b8200536d3026,2017-10-28T18:43:13.000Z,0.000014498,0xe91f8ed165a2eff63c348f6840bfe728c9b03e82,buy,0x87611ca3403a3878dfef0da2a786e209abfc1eff,0xbc0687088b0d5c617a1bd7581727a046f783881d5b845e986c7a9906f21f39df
216,174574.74,2.6168753526,0x06c94886487fc0e5b506e5d67f1b8200536d3026,2017-10-28T18:35:15.000Z,0.00001499,0xf43cc30cc72c4bb44f9d32cae0d54c079b5cc870,buy,0x87611ca3403a3878dfef0da2a786e209abfc1eff,0xfdcbabd0ca815ec24a1102886451ea20270b836a3f5e8b5772a0bbb0bc7fbcf4
217,1517.7946536,0.01897243317,0x07a22088bf4f619c98225d633d6adf06f9df4d66,2017-10-28T18:29:42.000Z,0.0000125,0x3e7d005ed164cc1b2066279cf625a0960281dfb2,sell,0x87611ca3403a3878dfef0da2a786e209abfc1eff,0x2f90aa5246761f99713dedb0ba422d27043b7fe847ea8006f2c55147554c3245
218,5893,0.076609,0x06c94886487fc0e5b506e5d67f1b8200536d3026,2017-10-28T18:29:00.000Z,0.000013,0x3e7d005ed164cc1b2066279cf625a0960281dfb2,sell,0x87611ca3403a3878dfef0da2a786e209abfc1eff,0xb6b183a2d9ef27328710b8c681cae98b402f6070305a0720a6c50f6dfe8de7bd
219,5000,0.072495,0x213f01a98c07c24782aeedf701261abb110a1045,2017-10-28T18:20:16.000Z,0.000014499,0x9b12d296a33f888e4f636107fbea1468167ff43c,buy,0x87611ca3403a3878dfef0da2a786e209abfc1eff,0x95ad48070cb63690dabc5b4eec6f04d7cd3cc38a530dde7385544c15e67b045b
220,1000,0.014499,0xb9b65361c4da42b14b935bc778f141afa5d71558,2017-10-28T18:14:52.000Z,0.000014499,0x9b12d296a33f888e4f636107fbea1468167ff43c,buy,0x87611ca3403a3878dfef0da2a786e209abfc1eff,0x23d1162a5ffb3418125df1bd0660fd5434dcfcb7b3f5176491c8f6b1ce8ae361
221,25000,0.35,0x06c94886487fc0e5b506e5d67f1b8200536d3026,2017-10-28T17:37:06.000Z,0.000014,0xf43cc30cc72c4bb44f9d32cae0d54c079b5cc870,buy,0x87611ca3403a3878dfef0da2a786e209abfc1eff,0xdab2ff41e7b67b17a4599b12d43e854a26ec5e240da88bbd119bd98d7bd2fc55
222,10000,0.15,0xe91bd7026c24329d320d6d673f4989c9ae3196b2,2017-10-28T16:35:42.000Z,0.000015,0x568092afe9cfc927614f14b97be86c49387eab61,buy,0x87611ca3403a3878dfef0da2a786e209abfc1eff,0xb201bf850e394764b8d012fe98935523dc29441aa052bfc66babf3350900dff3
223,1000,0.0179,0xe91bd7026c24329d320d6d673f4989c9ae3196b2,2017-10-28T16:34:42.000Z,0.0000179,0x508e4a96dab9bd044d0bb654d623c4ef663dfc35,buy,0x87611ca3403a3878dfef0da2a786e209abfc1eff,0x7e6162823961ca043cfe1b7f4953f65df9a0b227ec614e4cae1d2f763dcb2a86
224,485.07398911,0.007271259096799921,0xe91f8ed165a2eff63c348f6840bfe728c9b03e82,2017-10-28T16:32:55.000Z,0.00001499000000008456,0x371d5c6c5347f8e349adf0f38066abcadf546849,buy,0x87611ca3403a3878dfef0da2a786e209abfc1eff,0xad95812c82826e75823ab05534e8a285112a0a0555f4b0d9f968b19626142d6a
225,199514.92601088,2.9907287409032,0xf43cc30cc72c4bb44f9d32cae0d54c079b5cc870,2017-10-28T16:31:41.000Z,0.00001499000000000054,0x371d5c6c5347f8e349adf0f38066abcadf546849,buy,0x87611ca3403a3878dfef0da2a786e209abfc1eff,0x3c8e279aac295cd87fbf9022dc45bd22a2dd962b971d3a469d34fd21572ecce6
226,599.50531648,0.007493816456,0x07a22088bf4f619c98225d633d6adf06f9df4d66,2017-10-28T16:18:56.000Z,0.0000125,0x65e44324f5a4edb9fa333b1e0185975641cd5029,sell,0x87611ca3403a3878dfef0da2a786e209abfc1eff,0x59af29be66286c8f8fe0995b6428838a5085cbe36c6a8c3b6e93e1a7ec79e279
227,1390,0.01807,0xe91f8ed165a2eff63c348f6840bfe728c9b03e82,2017-10-28T16:17:47.000Z,0.000013,0x65e44324f5a4edb9fa333b1e0185975641cd5029,sell,0x87611ca3403a3878dfef0da2a786e209abfc1eff,0x2dae7473e3c72c8dc2b4d333500bf756d099e52fcad6ab040ff6d55358196bdc
228,1003.09,0.013541715,0x371d5c6c5347f8e349adf0f38066abcadf546849,2017-10-28T16:16:28.000Z,0.0000135,0x65e44324f5a4edb9fa333b1e0185975641cd5029,sell,0x87611ca3403a3878dfef0da2a786e209abfc1eff,0xbcf2d0d76c4548d53156fb4bdc4f6ca15817df943697b42baf808c3226e80094
229,1842.81476933,0.02395659200129,0xe91f8ed165a2eff63c348f6840bfe728c9b03e82,2017-10-28T16:00:03.000Z,0.000013,0x91e4a2c2af07a2a1ac1308a2fbf982dcc2233568,sell,0x87611ca3403a3878dfef0da2a786e209abfc1eff,0x459386adad465c41a10c4a18561dbfacf0bb393322695f763215cf49e95f4200
230,996.9095803,0.01345827933405,0x371d5c6c5347f8e349adf0f38066abcadf546849,2017-10-28T15:23:56.000Z,0.0000135,0x98067985526c8da91f39b5bdba59b6cf9c0000fa,sell,0x87611ca3403a3878dfef0da2a786e209abfc1eff,0x030e146d52da82bca43555f31e07ad71591c2c1d0b50300ed9c98f0bcde19d5e
231,420.185,0.00756333,0x371d5c6c5347f8e349adf0f38066abcadf546849,2017-10-28T14:21:30.000Z,0.000018,0xe91f8ed165a2eff63c348f6840bfe728c9b03e82,buy,0x87611ca3403a3878dfef0da2a786e209abfc1eff,0x0764610ee847dddfb44c6a3f15bec7fa41a82210b7e5233379d6e67d8774624d
232,5000,0.0875,0x371d5c6c5347f8e349adf0f38066abcadf546849,2017-10-28T14:19:10.000Z,0.0000175,0xe91bd7026c24329d320d6d673f4989c9ae3196b2,buy,0x87611ca3403a3878dfef0da2a786e209abfc1eff,0x97a83a541a6fdf103687e58d5d14694839b4565dcfb51da68ed3a5e89b7eabcc
233,10000,0.15,0x371d5c6c5347f8e349adf0f38066abcadf546849,2017-10-28T14:17:45.000Z,0.000015,0x568092afe9cfc927614f14b97be86c49387eab61,buy,0x87611ca3403a3878dfef0da2a786e209abfc1eff,0x60ffb24f6a404fb1c24f8e47e61b615fbe01669878099019bb67339d5d251172
234,598145.74818064,4.907785863822151,0xc018f8f7bc0a71fe6ea204764d6ecbffed7c265d,2017-10-28T14:06:16.000Z,0.000008205,0xf43cc30cc72c4bb44f9d32cae0d54c079b5cc870,sell,0x87611ca3403a3878dfef0da2a786e209abfc1eff,0x236353acf44f989115e80c483bcc5bb07d8d14465ec55b65bae32ed2e9831cb8
235,10958,0.142454,0x572d61f11413b477c83699e3ea311293437d269a,2017-10-28T12:30:45.000Z,0.000013,0xf33ed024952cea64e2237b3196e9a83b9d83b8f0,buy,0x87611ca3403a3878dfef0da2a786e209abfc1eff,0x2ac01a38a8165dd776c63d2889c0fb04fbab9284c815c8f2488e13f7e38c2617
236,5000,0.0875,0x371d5c6c5347f8e349adf0f38066abcadf546849,2017-10-28T12:23:35.000Z,0.0000175,0xe91bd7026c24329d320d6d673f4989c9ae3196b2,buy,0x87611ca3403a3878dfef0da2a786e209abfc1eff,0xcfe90b768a0b745067977e9f025e86ef65332f8cb29051233a1c64d6c09d7ad8
237,420.18515601,0.00546240702813,0xe91f8ed165a2eff63c348f6840bfe728c9b03e82,2017-10-28T12:21:53.000Z,0.000013,0xea917e28a855a5f29cb5317c80eb0215aa597f4e,sell,0x87611ca3403a3878dfef0da2a786e209abfc1eff,0x27f75c9f5c35cbfb75b6fad8bf1b462050f0e420258044f9948f9d82e7de8968
238,127733,2.171461,0x371d5c6c5347f8e349adf0f38066abcadf546849,2017-10-28T12:15:49.000Z,0.000017,0xe91bd7026c24329d320d6d673f4989c9ae3196b2,buy,0x87611ca3403a3878dfef0da2a786e209abfc1eff,0x585b2ab93b83a951e1702baac4babc70968b8ec5ac9e7c3a25ba078b0a39421d
239,500000,9.82,0xe91bd7026c24329d320d6d673f4989c9ae3196b2,2017-10-28T12:10:15.000Z,0.00001964,0x371d5c6c5347f8e349adf0f38066abcadf546849,buy,0x87611ca3403a3878dfef0da2a786e209abfc1eff,0xc040f65dd569dcd9c3661d6288b54aab66878c907abdaa2f7b3bb05bf3840156
240,2503.09,0.03504326,0xe91bd7026c24329d320d6d673f4989c9ae3196b2,2017-10-28T12:07:24.000Z,0.000014,0xea917e28a855a5f29cb5317c80eb0215aa597f4e,sell,0x87611ca3403a3878dfef0da2a786e209abfc1eff,0x975ade3faf18be35293d7ece03a049983254ecd1163eae35b79c888203280ba8
241,10000,0.175,0x273a5d3e6721b9f5c1a6474f560c1334c63dda01,2017-10-28T11:45:38.000Z,0.0000175,0xe91bd7026c24329d320d6d673f4989c9ae3196b2,buy,0x87611ca3403a3878dfef0da2a786e209abfc1eff,0x3a0cb406806d11a23942330932d64056bafbe4f290cb06a8387c96ecfbe19ce5
242,9970,0.17945003,0xd2a7252dfe5149b55c14d71881c7a6fcc79d2509,2017-10-28T11:45:38.000Z,0.000017999,0x273a5d3e6721b9f5c1a6474f560c1334c63dda01,sell,0x87611ca3403a3878dfef0da2a786e209abfc1eff,0x3a0cb406806d11a23942330932d64056bafbe4f290cb06a8387c96ecfbe19ce5
243,250,0.0045,0xe91bd7026c24329d320d6d673f4989c9ae3196b2,2017-10-28T11:32:49.000Z,0.000018,0x25ec581e32a435184ee5ab788143be4d33f69d80,buy,0x87611ca3403a3878dfef0da2a786e209abfc1eff,0x5f2eac32ca151d5f79471d22659cd35d13fce68598988305402dcc3aacdfb439
244,15875.311,0.285755598,0xe91bd7026c24329d320d6d673f4989c9ae3196b2,2017-10-28T11:32:49.000Z,0.000018,0xe91f8ed165a2eff63c348f6840bfe728c9b03e82,buy,0x87611ca3403a3878dfef0da2a786e209abfc1eff,0xb4324fd00a11dc1081adca0a51b5a10a602570c63b0b5b5376050ede68c8ff64
245,42107.034,0.757884504966,0xe91bd7026c24329d320d6d673f4989c9ae3196b2,2017-10-28T11:32:49.000Z,0.000017999,0x8adc5a9d1f26003692274e3fdf8464b3c61c35b4,buy,0x87611ca3403a3878dfef0da2a786e209abfc1eff,0x84855d8468ef011290f3dfb612b0a582bb78c95494ce4092ad4024f5f326ac5c
246,2000,0.0354,0xe91bd7026c24329d320d6d673f4989c9ae3196b2,2017-10-28T11:31:57.000Z,0.0000177,0x548d500e7d1584aff5c4e51d49bc52cbe35dc80f,buy,0x87611ca3403a3878dfef0da2a786e209abfc1eff,0x1b6a064ee30a1326b8ea9a93e7e0842d159698f2561c55ef4db83e37b6345546
247,3000,0.0534,0xc9157746e2ee2eae966632dda269de787191e758,2017-10-28T11:13:31.000Z,0.0000178,0x508e4a96dab9bd044d0bb654d623c4ef663dfc35,buy,0x87611ca3403a3878dfef0da2a786e209abfc1eff,0xdb63105ba024c9c83221502e510e03ab6822474bf6d97fffd56fa7f466031535
248,5000,0.0889995,0x713ef9bae4e3295c97de81c124c4a10694f399a1,2017-10-28T11:12:03.000Z,0.0000177999,0xc9157746e2ee2eae966632dda269de787191e758,buy,0x87611ca3403a3878dfef0da2a786e209abfc1eff,0xe45f2b41d88df7c219d40f22ce9752c832bf009a830c5357dda9e53b8328141d
249,5000,0.0889995,0xe91bd7026c24329d320d6d673f4989c9ae3196b2,2017-10-28T10:41:50.000Z,0.0000177999,0xc9157746e2ee2eae966632dda269de787191e758,buy,0x87611ca3403a3878dfef0da2a786e209abfc1eff,0xf818a4eae72522eb890504e4f1ef92dc21cf8b82b4f26f377530b57b912dc827
250,20000,0.36,0x3c70139ae2a7aa78c26dd53918b2a252378dce3d,2017-10-28T10:37:38.000Z,0.000018,0x60c797646b94c0f3a2a349c265f422360d7a8983,buy,0x87611ca3403a3878dfef0da2a786e209abfc1eff,0xb78d230ad5960d03e8383f4f32a5dd986f795a9ad5449d35eccc52527f64f07d
251,996.9095803,0.0139567341242,0xe91bd7026c24329d320d6d673f4989c9ae3196b2,2017-10-28T10:25:21.000Z,0.000014,0xb52427af585ccfb452843efd24f8d168c2aad87c,sell,0x87611ca3403a3878dfef0da2a786e209abfc1eff,0x5783b68b088254f06a44355f38077db3a36b3590dcf5518a31e0230504face82
252,1928,0.029884,0xe91bd7026c24329d320d6d673f4989c9ae3196b2,2017-10-28T10:12:12.000Z,0.0000155,0x6917383c86c9923aad3ec3ac2525d0bf7329e146,sell,0x87611ca3403a3878dfef0da2a786e209abfc1eff,0x46970015bd00663380152a764239412a50509d06f685b288c4f68f9128369107
253,500,0.0089,0xe91bd7026c24329d320d6d673f4989c9ae3196b2,2017-10-28T10:00:52.000Z,0.0000178,0x07a22088bf4f619c98225d633d6adf06f9df4d66,buy,0x87611ca3403a3878dfef0da2a786e209abfc1eff,0x1513d467859842f319833af7e74e99f79a1bf83530dc68f8b109599e55d7c95e
254,10000,0.178,0xe91bd7026c24329d320d6d673f4989c9ae3196b2,2017-10-28T09:57:47.000Z,0.0000178,0x508e4a96dab9bd044d0bb654d623c4ef663dfc35,buy,0x87611ca3403a3878dfef0da2a786e209abfc1eff,0xf6e328e5a230ba9d73f7c0c4d63c8721a1162c42ca6bfe23ab64031ac3128610
255,17678,0.309365,0x8adc5a9d1f26003692274e3fdf8464b3c61c35b4,2017-10-28T09:34:04.000Z,0.0000175,0x0a746b26693feb636cee3d524d626072c3b105da,buy,0x87611ca3403a3878dfef0da2a786e209abfc1eff,0x7509c8c2be2a7a0ead3fcc78cb96c96e9d48dae89bb10e2931d62351d7f61c14
256,24429.03468084,0.41529358957439005,0x8adc5a9d1f26003692274e3fdf8464b3c61c35b4,2017-10-28T09:32:51.000Z,0.0000170000000000045,0xe91f8ed165a2eff63c348f6840bfe728c9b03e82,buy,0x87611ca3403a3878dfef0da2a786e209abfc1eff,0xe61c814cdbf61ebdaba1fbbc29cf1b5a413cb2a09a68edf9536c867734d42cc3
257,250,0.003245,0xc9157746e2ee2eae966632dda269de787191e758,2017-10-28T09:24:25.000Z,0.00001298,0x25ec581e32a435184ee5ab788143be4d33f69d80,buy,0x87611ca3403a3878dfef0da2a786e209abfc1eff,0x69c5a6ceb37767cf22fd009598ed1c6a1150fc99e52f325fdf079e199bf03906
258,15000,0.255,0xc9157746e2ee2eae966632dda269de787191e758,2017-10-28T09:13:36.000Z,0.000017,0xe91f8ed165a2eff63c348f6840bfe728c9b03e82,buy,0x87611ca3403a3878dfef0da2a786e209abfc1eff,0x890ccb8deb71bda24ef042c70c4bc7a7358c1581b40b0e713f83ebf7870b192a
259,2932.08700088,0.04984547901505333,0xea917e28a855a5f29cb5317c80eb0215aa597f4e,2017-10-28T09:13:36.000Z,0.00001700000000003183,0xe91f8ed165a2eff63c348f6840bfe728c9b03e82,buy,0x87611ca3403a3878dfef0da2a786e209abfc1eff,0x204a0b64d0d08516789c7d18e799359eb8df49d4bb39505fb93867f626b9f57d
260,35000,0.595,0xc9157746e2ee2eae966632dda269de787191e758,2017-10-28T09:03:03.000Z,0.000017,0xe91f8ed165a2eff63c348f6840bfe728c9b03e82,buy,0x87611ca3403a3878dfef0da2a786e209abfc1eff,0x38b6d9b8d233c9a27ccfbee4e888c0268fcb3024e6a6ade2d36025421a4207d4
261,2638.87831826,0.044860931410556595,0x213a02ba61629bf012731879fad51973387b79b8,2017-10-28T08:38:21.000Z,0.00001700000000005176,0xe91f8ed165a2eff63c348f6840bfe728c9b03e82,buy,0x87611ca3403a3878dfef0da2a786e209abfc1eff,0x6c64f10deee27859037c52004d4a1cd3b650a074f203d0a498ea4265e3609de2
262,95875.311,1.342254354,0xe91f8ed165a2eff63c348f6840bfe728c9b03e82,2017-10-28T08:13:56.000Z,0.000014,0xafacaa55032765947c6dde71164fad26ef3dfb15,buy,0x87611ca3403a3878dfef0da2a786e209abfc1eff,0x4dfc6a984fc3f6fb8e2257018d299d2f4747d5f9868dbce389a5b69494bc895c
263,6540.364,0.117726552,0xafacaa55032765947c6dde71164fad26ef3dfb15,2017-10-28T08:12:16.000Z,0.000018,0xe91f8ed165a2eff63c348f6840bfe728c9b03e82,buy,0x87611ca3403a3878dfef0da2a786e209abfc1eff,0x081d423a74cae853c7aada24bf0112c1fafaea5c6aa7e38437bdb27db45dd26a
264,89334.947,1.518694099,0xafacaa55032765947c6dde71164fad26ef3dfb15,2017-10-28T08:11:18.000Z,0.000017,0xc9157746e2ee2eae966632dda269de787191e758,buy,0x87611ca3403a3878dfef0da2a786e209abfc1eff,0xc2079fa090f4f63a11496091dc576f2d209c8692db59296780b520c72c0fcf5b
265,498.725,0.00698215,0xc9157746e2ee2eae966632dda269de787191e758,2017-10-28T08:09:10.000Z,0.000014,0xafacaa55032765947c6dde71164fad26ef3dfb15,buy,0x87611ca3403a3878dfef0da2a786e209abfc1eff,0xdbaf25583233fe6f98c63142252ea369e348a463b5069aa805b6619f45a47627
266,7.59202536,0.0000759202536,0x568092afe9cfc927614f14b97be86c49387eab61,2017-10-28T08:07:57.000Z,0.00001,0x2bdc160ca80bc28f37d81b6d16e88201b74aa7b9,sell,0x87611ca3403a3878dfef0da2a786e209abfc1eff,0x59756c0314e162eafa68ce528b8eaabb47e0e977f1031fe8a38573303d6fc358
267,76155.60631844,0.7615560631844,0x568092afe9cfc927614f14b97be86c49387eab61,2017-10-28T08:06:52.000Z,0.00001,0x2bdc160ca80bc28f37d81b6d16e88201b74aa7b9,sell,0x87611ca3403a3878dfef0da2a786e209abfc1eff,0x2748227cb4b0b10d8ba6ab93694e0a384f1a72430fd55e83625dc9a725cf98d6
268,5940.364,0.106926552,0xe91f8ed165a2eff63c348f6840bfe728c9b03e82,2017-10-28T08:04:51.000Z,0.000018,0x5f18becefb4d615d1add67d1668155b5bc774931,buy,0x87611ca3403a3878dfef0da2a786e209abfc1eff,0x752a4b397f342245f14bc97ef69f5ca10e3ef6f6729fc90c1356550d11a0d6bd
269,600,0.0095994,0xe91f8ed165a2eff63c348f6840bfe728c9b03e82,2017-10-28T08:04:45.000Z,0.000015999,0xaa5a8763179d7e24b0230e981cf7cd5d9fa7cff8,buy,0x87611ca3403a3878dfef0da2a786e209abfc1eff,0xa8a1b0452dcc85ef5c3e40dde0091c6a1a71ef949acf82a64c2e0d1aeb675d89
270,498,0.0059759502,0xafacaa55032765947c6dde71164fad26ef3dfb15,2017-10-28T08:02:37.000Z,0.0000119999,0x1a4cfe7277bfdbd108ef42a3db9e8a1c05428c6c,buy,0x87611ca3403a3878dfef0da2a786e209abfc1eff,0xde459f68d1daf832a2b28b9e9d8958974a1c40c4d4aeb188682eed375c73609f
271,7252.34473133,0.0725234473133,0x568092afe9cfc927614f14b97be86c49387eab61,2017-10-28T08:01:47.000Z,0.00001,0xafacaa55032765947c6dde71164fad26ef3dfb15,sell,0x87611ca3403a3878dfef0da2a786e209abfc1eff,0xf8c6ed7a7eb7b9540ec41224d8d82c60bdded055feb009ba2dbabe335d087bcf
272,5483.00269165,0.0548300269165,0x568092afe9cfc927614f14b97be86c49387eab61,2017-10-28T07:59:19.000Z,0.00001,0x477f82d980886f99af92077bd7e7b9fef216343b,sell,0x87611ca3403a3878dfef0da2a786e209abfc1eff,0x9ae1cbd4ca1e65bf9845cac40e16af5bdf5dfc5eaca7b31e7bef5a5475ac8062
273,132121.041,1.585452492,0x568092afe9cfc927614f14b97be86c49387eab61,2017-10-28T07:02:24.000Z,0.000012,0xe91f8ed165a2eff63c348f6840bfe728c9b03e82,buy,0x87611ca3403a3878dfef0da2a786e209abfc1eff,0xbb02775d227dfa484e8369cf3eca7566e1ec73323b6de2bebb85cf3e1efd0f1d
274,24000,0.264,0x568092afe9cfc927614f14b97be86c49387eab61,2017-10-28T07:00:41.000Z,0.000011,0x341226b34bce1cc2c11f56cc6417ca511f3879cb,buy,0x87611ca3403a3878dfef0da2a786e209abfc1eff,0x7fa4c8b417e17be3b5166789b29c19ee22b070d87261adcebd399bdd91302749
275,10000,0.12,0x90e43a004de13c41f3eb59ab416d16aeb4c86433,2017-10-28T05:35:44.000Z,0.000012,0xe91f8ed165a2eff63c348f6840bfe728c9b03e82,buy,0x87611ca3403a3878dfef0da2a786e209abfc1eff,0x6f15783a5cadfd294c36bd3f0ad27afd1a19162879bf2f8c66ee4296743b0f3f
276,1247.95899674,0.014975507960901411,0x600ad96f349986170b734e6057a8c94e79f45186,2017-10-28T05:12:13.000Z,0.00001200000000001715,0xe91f8ed165a2eff63c348f6840bfe728c9b03e82,buy,0x87611ca3403a3878dfef0da2a786e209abfc1eff,0xb814d31d7b1216acb2da8e3fd0dd73627a2b26ca6a6fbc73fabf20724ec39aed
277,498.45479015,0.00448659156614015,0x1a4cfe7277bfdbd108ef42a3db9e8a1c05428c6c,2017-10-28T04:08:12.000Z,0.000009001,0x05076a8e1dfb79704b07cb855800865943425dae,sell,0x87611ca3403a3878dfef0da2a786e209abfc1eff,0x5b80f45094bd1e189d45728886efecae976432dd0083689af108144a734c162d
278,250000,2.02625,0xc018f8f7bc0a71fe6ea204764d6ecbffed7c265d,2017-10-28T02:31:35.000Z,0.000008105,0xafacaa55032765947c6dde71164fad26ef3dfb15,sell,0x87611ca3403a3878dfef0da2a786e209abfc1eff,0xacdfa19ecf4215c1d8901ee5ce6bbebe4cfe462c71aec8f8a428a6a61ed2e9bf
279,5190.51849429,0.0490503997710405,0x9af796ff72203d52cf8dbd7a1fb86f14f4d2aef4,2017-10-28T00:16:26.000Z,0.00000945,0x2c0f4bcbc2a523dc9c1b484d17ab2cab788af64a,sell,0x87611ca3403a3878dfef0da2a786e209abfc1eff,0x29d8ef16754d5899e0a9c801d7cc80a31b78112409117c97742e5af469364860
280,4000,0.038,0x443ab1164c31e18d62ae25b710d29d0d02d35640,2017-10-28T00:14:33.000Z,0.0000095,0x2c0f4bcbc2a523dc9c1b484d17ab2cab788af64a,sell,0x87611ca3403a3878dfef0da2a786e209abfc1eff,0x732ab6af39c3ec4d43d7a9f4167fe9623a3a001f5b6bedf7eec790b12d35e3a3
281,5938,0.05938,0x5f18becefb4d615d1add67d1668155b5bc774931,2017-10-28T00:14:19.000Z,0.00001,0x2c0f4bcbc2a523dc9c1b484d17ab2cab788af64a,sell,0x87611ca3403a3878dfef0da2a786e209abfc1eff,0xe3a1327410618813aca4beb7dd6f55d7b16ae02db4e4b0c80d423a63fd366c65
282,1482,0.016302,0xc9157746e2ee2eae966632dda269de787191e758,2017-10-28T00:13:15.000Z,0.000011,0x2c0f4bcbc2a523dc9c1b484d17ab2cab788af64a,sell,0x87611ca3403a3878dfef0da2a786e209abfc1eff,0x0ca57bf195e7d3616721ff4c1dfec2e5041321b315deb4d601cd78a7c53fc68b
283,7493,0.0846709,0x9af796ff72203d52cf8dbd7a1fb86f14f4d2aef4,2017-10-28T00:12:20.000Z,0.0000113,0x2c0f4bcbc2a523dc9c1b484d17ab2cab788af64a,sell,0x87611ca3403a3878dfef0da2a786e209abfc1eff,0xceb53d2e2e292fbe07acc94883cbbe28f34c0c845e4441b9ad3c7fe8b5dc81e5
284,7493,0.0846709,0x9af796ff72203d52cf8dbd7a1fb86f14f4d2aef4,2017-10-28T00:12:11.000Z,0.0000113,0x2c0f4bcbc2a523dc9c1b484d17ab2cab788af64a,sell,0x87611ca3403a3878dfef0da2a786e209abfc1eff,0xceb53d2e2e292fbe07acc94883cbbe28f34c0c845e4441b9ad3c7fe8b5dc81e5
285,3202.865,0.03731337725,0xc9157746e2ee2eae966632dda269de787191e758,2017-10-28T00:11:41.000Z,0.00001165,0x2c0f4bcbc2a523dc9c1b484d17ab2cab788af64a,sell,0x87611ca3403a3878dfef0da2a786e209abfc1eff,0x141cbc5a93ad2b961756a6e4264b9b41bd12c8420488bdd3a294d36a811b6ac7
286,7893,0.094716,0xc9157746e2ee2eae966632dda269de787191e758,2017-10-28T00:10:32.000Z,0.000012,0x2c0f4bcbc2a523dc9c1b484d17ab2cab788af64a,sell,0x87611ca3403a3878dfef0da2a786e209abfc1eff,0x5a04fe727a060c30d609c45eec5ee86c057a80555c50652b93e7b4b09e6bea24
287,1893,0.02335962,0xc9157746e2ee2eae966632dda269de787191e758,2017-10-28T00:10:00.000Z,0.00001234,0x2c0f4bcbc2a523dc9c1b484d17ab2cab788af64a,sell,0x87611ca3403a3878dfef0da2a786e209abfc1eff,0xba57da1408960aa03bc452e1559bf33d033a934f4fde1c7aebdbe34b44d873d5
288,1776.097,0.0222012125,0x0a746b26693feb636cee3d524d626072c3b105da,2017-10-28T00:09:39.000Z,0.0000125,0x2c0f4bcbc2a523dc9c1b484d17ab2cab788af64a,sell,0x87611ca3403a3878dfef0da2a786e209abfc1eff,0x68192112897eb89c84793598b7b02b725c252ad78cac8726aae309c45fa19e12
289,6632,0.09948,0x7dd84cd6fe8f76c29c775aefc0f3e577cf729704,2017-10-27T23:59:41.000Z,0.000015,0xb734e80437b211b7d950aa56e2aba48eb37b7e5d,buy,0x87611ca3403a3878dfef0da2a786e209abfc1eff,0xe097e38e16ad39229e4a084ef95d9f3cfe9c81ea3e5c1763798726fbbed11636
290,498.45479015,0.0063552985744125,0x68ca7fc4bfc3bb2a9cf6f45736dcadc2c427c5a0,2017-10-27T22:31:23.000Z,0.00001275,0x9d0f536dc95cde0486a8708e1af01a6e4a60e9b2,sell,0x87611ca3403a3878dfef0da2a786e209abfc1eff,0x952ea94173d6cef8d36ac6f15794418b58e1da85a8ce122d451176fedf883f66
291,867,0.0156927,0xc9157746e2ee2eae966632dda269de787191e758,2017-10-27T21:14:52.000Z,0.0000181,0x617e72ff1760aec6ac3917dceb24e9c1044bd8b6,buy,0x87611ca3403a3878dfef0da2a786e209abfc1eff,0xbece896dd66ec7d889b04d490765d23f6919b1024dc73042fbb4eef5f3661bc2
292,39760,0.6755224,0xc9157746e2ee2eae966632dda269de787191e758,2017-10-27T20:45:44.000Z,0.00001699,0xb99f72a8b0d3a5025ab8b2ca534973497af42899,buy,0x87611ca3403a3878dfef0da2a786e209abfc1eff,0xa2b7f22bb1effdb8f48e6e0d650a68f0ddeecac09a8a900599be10b4c0de3039
293,55596.129,0.6949516125,0xc018f8f7bc0a71fe6ea204764d6ecbffed7c265d,2017-10-27T20:43:43.000Z,0.0000125,0xc9157746e2ee2eae966632dda269de787191e758,sell,0x87611ca3403a3878dfef0da2a786e209abfc1eff,0x3117d0fdbea8691642637f979f826e4f843cc3d8f7e738adaf15c4d4c4979503
294,10000,0.14,0x572d61f11413b477c83699e3ea311293437d269a,2017-10-27T20:07:08.000Z,0.000014,0xe403f32a9dad5b5c17aa68dc90abda2befd29dd7,buy,0x87611ca3403a3878dfef0da2a786e209abfc1eff,0xc13e126dbcbc8501d486694e5a89ebf484db5e2ff80cb1dae6e64a91bea5bf59
295,4.23512317,0.000052939039625,0xc018f8f7bc0a71fe6ea204764d6ecbffed7c265d,2017-10-27T20:03:36.000Z,0.0000125,0xd9ea71873a22b151567c265e9bb2c0e5dbd55ac8,sell,0x87611ca3403a3878dfef0da2a786e209abfc1eff,0x55a52e1e05e352c412859fee3a590cc8e8e6b44417240f75421d664094bdcb31
296,51012.695,0.6376586875,0xc018f8f7bc0a71fe6ea204764d6ecbffed7c265d,2017-10-27T19:56:07.000Z,0.0000125,0x572d61f11413b477c83699e3ea311293437d269a,sell,0x87611ca3403a3878dfef0da2a786e209abfc1eff,0x6eb5dd40ae0a1d82c0b98b30c9782ceb581ead1a8719c811e95018f80156928c
297,10904.42018143,0.136305252267875,0xc018f8f7bc0a71fe6ea204764d6ecbffed7c265d,2017-10-27T19:47:23.000Z,0.0000125,0xad5b3fbc469313e21efe4117627a658424091b0a,sell,0x87611ca3403a3878dfef0da2a786e209abfc1eff,0xd403daaba0547fea3e2e4421e4b475e10664f71f0aa5eb13378024c5a803d609
298,42482.52053679,0.531031506709875,0xc018f8f7bc0a71fe6ea204764d6ecbffed7c265d,2017-10-27T19:47:23.000Z,0.0000125,0xd9ea71873a22b151567c265e9bb2c0e5dbd55ac8,sell,0x87611ca3403a3878dfef0da2a786e209abfc1eff,0x6a03cd662dace291128e29adac1b188bed0fc5c8cf46ebdc058f5fb9abfa2cd2
299,3000,0.0378,0xf33bc464fb8a61db1d8cce0c22dad4f833fabb2a,2017-10-27T19:46:25.000Z,0.0000126,0xad5b3fbc469313e21efe4117627a658424091b0a,sell,0x87611ca3403a3878dfef0da2a786e209abfc1eff,0xc04bac0fd7a22cd40e1cd8b7d7c6bd77780ecef453722f0faaba7e499461a0ac
300,1050,0.01323525,0x8747b8a010033060529d60909ab7a00b8d2a1dea,2017-10-27T19:46:25.000Z,0.000012605,0xad5b3fbc469313e21efe4117627a658424091b0a,sell,0x87611ca3403a3878dfef0da2a786e209abfc1eff,0xb70d33bbdd9fa5d887660f30bde98aee5db6c3ca02d36181e39eacc8fd78f793
301,1143.90298717,0.014298787339625,0x0a746b26693feb636cee3d524d626072c3b105da,2017-10-27T18:38:24.000Z,0.0000125,0x9eb429cb38ad55553a6e83ccacd178c7fd27a26a,sell,0x87611ca3403a3878dfef0da2a786e209abfc1eff,0x69f91c728deabd7dce1f007e59fe8981b3da52a39143afcf2342a28c13919e8a
302,570.15,0.0079821,0x70fb221358a7409363a65e9c0131faf542a3ab2b,2017-10-27T18:37:46.000Z,0.000014,0x9eb429cb38ad55553a6e83ccacd178c7fd27a26a,sell,0x87611ca3403a3878dfef0da2a786e209abfc1eff,0xb198fd7cc3b3f7457687978aa08fbeceb8d42f4453c4f2d19c8e85aa6397b13a
303,280,0.00392028,0xbacf586332ad2a67d54a4f68f6ab002d235074e4,2017-10-27T18:37:01.000Z,0.000014001,0x9eb429cb38ad55553a6e83ccacd178c7fd27a26a,sell,0x87611ca3403a3878dfef0da2a786e209abfc1eff,0xeda2ec2d69e5ed05b3c90a639a79b9a1a0b5c45e09ff146679f502d3a62b077f
304,258024.827,5.160238515173,0xafacaa55032765947c6dde71164fad26ef3dfb15,2017-10-27T17:49:57.000Z,0.000019999,0x703295054f29cbef30a76ff73207be4dae8ec82f,buy,0x87611ca3403a3878dfef0da2a786e209abfc1eff,0xc599485c9e75ed8ac1ff304c99ac86827338d25be0d19d8be900d22e1299686d
305,498.45479015,0.0069783670621,0x70fb221358a7409363a65e9c0131faf542a3ab2b,2017-10-27T17:46:57.000Z,0.000014,0x8f67d2f3c4aa2fdb36c5fe932efebdd23e7e5637,sell,0x87611ca3403a3878dfef0da2a786e209abfc1eff,0xf57aa715314b3e6117edc03d76cb0f6d85c23f79b2fe40dbdde293890840706a
306,4000,0.066,0x703295054f29cbef30a76ff73207be4dae8ec82f,2017-10-27T17:41:30.000Z,0.0000165,0x341226b34bce1cc2c11f56cc6417ca511f3879cb,buy,0x87611ca3403a3878dfef0da2a786e209abfc1eff,0x8801812e6d4fcf520805afcbb39db4137bb637fa167f648c7db8aed6b47a4c1a
307,2000,0.033,0x0a746b26693feb636cee3d524d626072c3b105da,2017-10-27T17:33:59.000Z,0.0000165,0x3e7d005ed164cc1b2066279cf625a0960281dfb2,buy,0x87611ca3403a3878dfef0da2a786e209abfc1eff,0x42fa0267f244c27bd77da7efc0bffafaa670e9de580e6599a2c4858802c6b2e9
308,9837,0.17893503,0x0a746b26693feb636cee3d524d626072c3b105da,2017-10-27T17:32:54.000Z,0.00001819,0x3cb903e5baf53c4569d759f1b1b77d0a70c8d8ee,buy,0x87611ca3403a3878dfef0da2a786e209abfc1eff,0x91ea7096c1787e3fb08ee9a78c1ed17e7bb862bb6bb2eb35fd2ae2117d5b6b41
309,10000,0.19999,0x3cb903e5baf53c4569d759f1b1b77d0a70c8d8ee,2017-10-27T17:31:57.000Z,0.000019999,0xc9157746e2ee2eae966632dda269de787191e758,buy,0x87611ca3403a3878dfef0da2a786e209abfc1eff,0xee304a7213276d044ac78c94b3ab7e28ff5a934e1a6744ea3faf84b3c2264b36
310,37000,0.4625000000037,0x6f386979f14b4d841cb77bfddd3afba6f0c6b6a1,2017-10-27T17:31:57.000Z,0.0000125000000001,0x703295054f29cbef30a76ff73207be4dae8ec82f,sell,0x87611ca3403a3878dfef0da2a786e209abfc1eff,0x5dfc64015dfccd49c290cf376c27b7f288af934caa90f265771aa88239d0a694
311,47872.89,1.10107647,0x3cb903e5baf53c4569d759f1b1b77d0a70c8d8ee,2017-10-27T17:29:41.000Z,0.000023,0x9af796ff72203d52cf8dbd7a1fb86f14f4d2aef4,buy,0x87611ca3403a3878dfef0da2a786e209abfc1eff,0xeedc8773f5fb66bba50c25f563278c90d7d714382e65f8df68f448a19e17fd55
312,10000,0.140001,0xe2ec0dced4b729aae8061f3ec62ab0f28b0ac0f8,2017-10-27T17:24:18.000Z,0.0000140001,0xe403f32a9dad5b5c17aa68dc90abda2befd29dd7,sell,0x87611ca3403a3878dfef0da2a786e209abfc1eff,0xe27dbdfaecc8c0da18b021edeee071b8f2f8d0e150331be947664c5910f98fbb
313,1500,0.027285,0x3cb903e5baf53c4569d759f1b1b77d0a70c8d8ee,2017-10-27T15:57:20.000Z,0.00001819,0x07a22088bf4f619c98225d633d6adf06f9df4d66,buy,0x87611ca3403a3878dfef0da2a786e209abfc1eff,0x480eaf8253bc2b99d6ac4462d0ef1f50691d2ded79de4c1282671cb2ee4d175b
314,15000,0.210015,0xad5b3fbc469313e21efe4117627a658424091b0a,2017-10-27T14:55:27.000Z,0.000014001,0xe403f32a9dad5b5c17aa68dc90abda2befd29dd7,sell,0x87611ca3403a3878dfef0da2a786e209abfc1eff,0xc7a45b66ab3b686c74df97fb5935a6ee4d9fe76ec8ec4b181f05ac9f22790d99
315,2000,0.0338,0x3cb903e5baf53c4569d759f1b1b77d0a70c8d8ee,2017-10-27T14:41:10.000Z,0.0000169,0x341226b34bce1cc2c11f56cc6417ca511f3879cb,buy,0x87611ca3403a3878dfef0da2a786e209abfc1eff,0x2183e4d0ae0ac15cd8749a2ddebdb562a9f18f2c32156dd983ce8d61317b9596
316,3000,0.0507,0x3cb903e5baf53c4569d759f1b1b77d0a70c8d8ee,2017-10-27T14:38:30.000Z,0.0000169,0x07a22088bf4f619c98225d633d6adf06f9df4d66,buy,0x87611ca3403a3878dfef0da2a786e209abfc1eff,0xc303eaaa84a64564f8e0da9aa778e0d817b1eac760338833a0bfec2346666d95
317,20000,0.363998,0x8d7138841f7f1ada08f4f19aba9940cc5570381f,2017-10-27T14:17:25.000Z,0.0000181999,0xad5b3fbc469313e21efe4117627a658424091b0a,buy,0x87611ca3403a3878dfef0da2a786e209abfc1eff,0x196697a66a17eb19c6bd0faa611448356943ec5a187af348afdac0774a2d4953
318,14000,0.973,0xd6b341ed32c8f650ff83d98acf07493b39296b0a,2017-10-27T13:58:31.000Z,0.0000695,0x5c5d2fa3384cd2c93338cda30066d11201b1239c,buy,0x87611ca3403a3878dfef0da2a786e209abfc1eff,0x4a3474632feff7c2a8119b3cc152905219b6af7a180e5d12cd55785bcd76bfca
319,291135.82824465,6.984348519589274,0x703295054f29cbef30a76ff73207be4dae8ec82f,2017-10-27T13:53:47.000Z,0.00002399000000000041,0x3cb903e5baf53c4569d759f1b1b77d0a70c8d8ee,buy,0x87611ca3403a3878dfef0da2a786e209abfc1eff,0x95dc74f8b1763e1743d982a3bff22f6aa4e247211651394305da6e36554c260c
320,57949,1.151968171,0xe91f8ed165a2eff63c348f6840bfe728c9b03e82,2017-10-27T13:16:18.000Z,0.000019879,0x3cb903e5baf53c4569d759f1b1b77d0a70c8d8ee,buy,0x87611ca3403a3878dfef0da2a786e209abfc1eff,0x94c106e123ee2e27428667f9f7cd958118f9b934436a9dfa95feff6830977586
321,11246,0.208051,0xe91f8ed165a2eff63c348f6840bfe728c9b03e82,2017-10-27T13:15:08.000Z,0.0000185,0xa25540dc2d1a90bd12c6c03d2b4bf19b41891070,buy,0x87611ca3403a3878dfef0da2a786e209abfc1eff,0xfeae1ebb710c313ba787e57844f26793aced0fb1aba6dd7dc3467e5898ed719b
322,20000,0.28002,0xad5b3fbc469313e21efe4117627a658424091b0a,2017-10-27T13:14:36.000Z,0.000014001,0x3cb903e5baf53c4569d759f1b1b77d0a70c8d8ee,sell,0x87611ca3403a3878dfef0da2a786e209abfc1eff,0x398b075f000e0aa4814c6e7f5df27427cbaa6e0e6206229164e0050da777a7bd
323,57949,1.147332251,0xe91f8ed165a2eff63c348f6840bfe728c9b03e82,2017-10-27T12:30:24.000Z,0.000019799,0x3cb903e5baf53c4569d759f1b1b77d0a70c8d8ee,buy,0x87611ca3403a3878dfef0da2a786e209abfc1eff,0x57126988ad95a94ce29b58e07f638c95fcbf081c9669de79d49050d0d558a779
324,1000,0.01849,0xe91f8ed165a2eff63c348f6840bfe728c9b03e82,2017-10-27T12:30:16.000Z,0.00001849,0x719f7a13cad057310bb8356ab2581041951c0e6f,buy,0x87611ca3403a3878dfef0da2a786e209abfc1eff,0x511b5331e27650cf77029b6b4d692f16c674c49d4d60459fac6101cd32637c62
325,8754,0.161949,0x9af796ff72203d52cf8dbd7a1fb86f14f4d2aef4,2017-10-27T12:18:36.000Z,0.0000185,0xa25540dc2d1a90bd12c6c03d2b4bf19b41891070,buy,0x87611ca3403a3878dfef0da2a786e209abfc1eff,0x3dd6c4afd20bc9f0a7013a7e0ab9f038c2a7c8006ff5a8f38af0f2666b69c5ef
326,23640.43627634,0.35463018458137635,0x2c0f4bcbc2a523dc9c1b484d17ab2cab788af64a,2017-10-27T12:16:11.000Z,0.000015001,0x5f18becefb4d615d1add67d1668155b5bc774931,sell,0x87611ca3403a3878dfef0da2a786e209abfc1eff,0x9e5afa997980cc2305380e0a5f2ac60903fb52846f79f7c55d2ebc0c98bc8e3c
327,9483,0.1697457,0xe91f8ed165a2eff63c348f6840bfe728c9b03e82,2017-10-27T12:14:20.000Z,0.0000179,0x3cb903e5baf53c4569d759f1b1b77d0a70c8d8ee,buy,0x87611ca3403a3878dfef0da2a786e209abfc1eff,0xe39f22d66748269424fda543f320ae7bf805dffae10f02c16e121091a723e4c9
328,15345.16871129,0.23019287583806128,0x2c0f4bcbc2a523dc9c1b484d17ab2cab788af64a,2017-10-27T12:09:17.000Z,0.000015001,0x4b83aa96d9096b4d4d74b8829403c85bf36ed5f2,buy,0x87611ca3403a3878dfef0da2a786e209abfc1eff,0x1b774f6eb1d4b1f8199a46e0c32ce09b2b4978b90e16cf9fef9f4e0b9a7a6a43
329,1034.444,0.01551666,0x3cb903e5baf53c4569d759f1b1b77d0a70c8d8ee,2017-10-27T12:03:20.000Z,0.000015,0x580d0572dbd9f27c75d5fcc88a6075ce32924c2b,buy,0x87611ca3403a3878dfef0da2a786e209abfc1eff,0xc41178d9d65ed146fa8d5f2f4a1a7d6b0b3ddce0e274dce7ff1e092f922816d0
330,241463.665,3.5978086085,0x3cb903e5baf53c4569d759f1b1b77d0a70c8d8ee,2017-10-27T12:00:52.000Z,0.0000149,0xe91f8ed165a2eff63c348f6840bfe728c9b03e82,buy,0x87611ca3403a3878dfef0da2a786e209abfc1eff,0x6d0a2bc2a125a92a5e950fc8f2e79b8a9553229f92445be596af930d240139f8
331,5742,0.08613,0xe91f8ed165a2eff63c348f6840bfe728c9b03e82,2017-10-27T11:57:06.000Z,0.000015,0x580d0572dbd9f27c75d5fcc88a6075ce32924c2b,buy,0x87611ca3403a3878dfef0da2a786e209abfc1eff,0x088dd30c07aaccf24d1d6c8cd6d96c7f474b290b0ef40404b214e7432f9d73b5
332,17493,0.262395,0x3cb903e5baf53c4569d759f1b1b77d0a70c8d8ee,2017-10-27T11:32:23.000Z,0.000015,0x580d0572dbd9f27c75d5fcc88a6075ce32924c2b,buy,0x87611ca3403a3878dfef0da2a786e209abfc1eff,0xd3bc2f9e249f063246623f4e9cfcb1437084c76120dfb3c2bd37f31c170cee44
333,30000,0.435,0x341226b34bce1cc2c11f56cc6417ca511f3879cb,2017-10-27T11:30:25.000Z,0.0000145,0x3cb903e5baf53c4569d759f1b1b77d0a70c8d8ee,sell,0x87611ca3403a3878dfef0da2a786e209abfc1eff,0x27c5328892cf558c52a8748db38c597b6e75fa035c8c463f14ff114a501d1872
334,345,0.005175,0x3cb903e5baf53c4569d759f1b1b77d0a70c8d8ee,2017-10-27T11:18:22.000Z,0.000015,0x580d0572dbd9f27c75d5fcc88a6075ce32924c2b,buy,0x87611ca3403a3878dfef0da2a786e209abfc1eff,0x7d13213a5c2c5b9ea07b6d78363d2043ccc9527a78e4453afbdb4782e053c379
335,100,0.0015,0xf82c7c1503a06fcf927ee401a7b868bf067715f8,2017-10-27T11:11:18.000Z,0.000015,0x580d0572dbd9f27c75d5fcc88a6075ce32924c2b,buy,0x87611ca3403a3878dfef0da2a786e209abfc1eff,0xdc3695918f920098a4f17418827bf39ad84a956a12e11f7874846292a208d1b8
336,7327,0.109905,0x3cb903e5baf53c4569d759f1b1b77d0a70c8d8ee,2017-10-27T10:28:53.000Z,0.000015,0x580d0572dbd9f27c75d5fcc88a6075ce32924c2b,buy,0x87611ca3403a3878dfef0da2a786e209abfc1eff,0x22d52d446452eb8120f0a110764d9e499f0935505aaa8adad3ce82074f069ac7
337,5000,0.075,0x3cb903e5baf53c4569d759f1b1b77d0a70c8d8ee,2017-10-27T10:28:13.000Z,0.000015,0x07a22088bf4f619c98225d633d6adf06f9df4d66,buy,0x87611ca3403a3878dfef0da2a786e209abfc1eff,0xecd502f88fa4e2945b744df54e9a8a24d40f52c4abf2af3f6b9ab803c2968a15
338,217381.6723712,3.9128701026816866,0x3cb903e5baf53c4569d759f1b1b77d0a70c8d8ee,2017-10-27T10:04:23.000Z,0.00001800000000000039,0x5f18becefb4d615d1add67d1668155b5bc774931,buy,0x87611ca3403a3878dfef0da2a786e209abfc1eff,0xabe72a0ec27a460de101328385fb489cb6682c0cc33fe726572ca0b5c3d1c333
339,149982.665,2.47321414585,0xe91f8ed165a2eff63c348f6840bfe728c9b03e82,2017-10-27T09:53:08.000Z,0.00001649,0xc9157746e2ee2eae966632dda269de787191e758,buy,0x87611ca3403a3878dfef0da2a786e209abfc1eff,0x377a76eef507a07c9da0bda89e4c8a7d1dcc2b464c1dbdaf93a658fdf36d49c9
340,8992,0.13488,0x5f18becefb4d615d1add67d1668155b5bc774931,2017-10-27T09:42:44.000Z,0.000015,0x580d0572dbd9f27c75d5fcc88a6075ce32924c2b,buy,0x87611ca3403a3878dfef0da2a786e209abfc1eff,0xb50c6990796621daf2d7c5e55e53bf5812e4b4df39ebf6dd90225feffc781f0d
341,700,0.0098,0xe1226c4d0a752a3ef42ee783aa1b4ac1abe47a8e,2017-10-27T09:33:00.000Z,0.000014,0x6061ec9dc92e50e73e9034d42e84b4d8b788f643,buy,0x87611ca3403a3878dfef0da2a786e209abfc1eff,0x4346cae19f4958ce5e47465e1aee17254e6045a210f4248efdf62cef42c57b65
342,18453.571,0.258349994,0x70fb221358a7409363a65e9c0131faf542a3ab2b,2017-10-27T09:22:12.000Z,0.000014,0x2789a8aff49e4e7dd134df9e090075a7a1dff24a,sell,0x87611ca3403a3878dfef0da2a786e209abfc1eff,0x9afea4ddcde6329e96d6a6e312320cf21ce38dd66d188e83263a8a1a8db1c20f
343,30000,0.45,0x70fb221358a7409363a65e9c0131faf542a3ab2b,2017-10-27T08:32:23.000Z,0.000015,0xad5b3fbc469313e21efe4117627a658424091b0a,buy,0x87611ca3403a3878dfef0da2a786e209abfc1eff,0xea18dbb68f6d0e5eddc0cd16304db40e612308ccb05f608f1c2deb21d5d2ca58
344,2921,0.0394335,0x0a746b26693feb636cee3d524d626072c3b105da,2017-10-27T07:22:33.000Z,0.0000135,0x3e7d005ed164cc1b2066279cf625a0960281dfb2,sell,0x87611ca3403a3878dfef0da2a786e209abfc1eff,0x4cb7fc7c34e0b42792df49dae294835a7c1c725c66c544d1ff3758d811406f24
345,418.7406909,0.00552737711988,0x4a1261d631094e0231968ae3e1b79e15e6ddca18,2017-10-27T07:22:33.000Z,0.0000132,0x3e7d005ed164cc1b2066279cf625a0960281dfb2,sell,0x87611ca3403a3878dfef0da2a786e209abfc1eff,0x445687ce3c605dc8034770ff4959ce938c0db3f06de34a9565b0b9644d4d9015
346,3412,0.049474,0x5f18becefb4d615d1add67d1668155b5bc774931,2017-10-27T07:22:01.000Z,0.0000145,0x3e7d005ed164cc1b2066279cf625a0960281dfb2,sell,0x87611ca3403a3878dfef0da2a786e209abfc1eff,0xb46865c859388fd986cb3dba43cd8015f8acc865ff202d13b86145ecb8cdb3fa
347,3242,0.04863,0xe91f8ed165a2eff63c348f6840bfe728c9b03e82,2017-10-27T07:21:10.000Z,0.000015,0x3e7d005ed164cc1b2066279cf625a0960281dfb2,sell,0x87611ca3403a3878dfef0da2a786e209abfc1eff,0x8b4031b923d07b8b31758e78b38f8b0ebfe50f223a8817a8afc4be137565409d
348,30000,0.45003,0xad5b3fbc469313e21efe4117627a658424091b0a,2017-10-27T07:20:32.000Z,0.000015001,0x3e7d005ed164cc1b2066279cf625a0960281dfb2,sell,0x87611ca3403a3878dfef0da2a786e209abfc1eff,0xed1a9ea5750ce359a11b34f3450cec53547ae33723104acf04921aa7aa9efeb7
349,588.06179484,0.00970301961486,0xb320ffa395e8429be67732b4ff0c80bc86e9e70d,2017-10-27T07:18:15.000Z,0.0000165,0x273a5d3e6721b9f5c1a6474f560c1334c63dda01,sell,0x87611ca3403a3878dfef0da2a786e209abfc1eff,0x87f3b577b8cb71cb045db8cf7535952980d86822cb4bc313dce11a68809c7275
350,589.83128871,0.00884805916193871,0x273a5d3e6721b9f5c1a6474f560c1334c63dda01,2017-10-27T07:18:15.000Z,0.000015001,0x4b83aa96d9096b4d4d74b8829403c85bf36ed5f2,buy,0x87611ca3403a3878dfef0da2a786e209abfc1eff,0x87f3b577b8cb71cb045db8cf7535952980d86822cb4bc313dce11a68809c7275
351,200,0.0033,0xb11154b3b7836e26881b9b1c678a548ba09553a4,2017-10-27T07:11:25.000Z,0.0000165,0x4b83aa96d9096b4d4d74b8829403c85bf36ed5f2,buy,0x87611ca3403a3878dfef0da2a786e209abfc1eff,0xe813908a475687bb8ad466e1fe0da5e95db1850944ddd8ce67ffdaaf63a03ae4
352,993.82871129,0.016398173736285,0xb320ffa395e8429be67732b4ff0c80bc86e9e70d,2017-10-27T07:10:09.000Z,0.0000165,0x68ca7fc4bfc3bb2a9cf6f45736dcadc2c427c5a0,sell,0x87611ca3403a3878dfef0da2a786e209abfc1eff,0x7ca1c72b2de88a38b021052e4e54db2e46fd47f8b68810f09d4591d7f8eaa396
353,616.34,0.01016961,0xb320ffa395e8429be67732b4ff0c80bc86e9e70d,2017-10-27T06:33:21.000Z,0.0000165,0x0f0d5ba0065828ce0cebb9567cc8e7d987154469,sell,0x87611ca3403a3878dfef0da2a786e209abfc1eff,0x564bb25d7713b144443cb2de9b6b93d3c7b4a3fe74dae866c495555ed8728587
354,748.11587288,0.014954836298969557,0x63622326de907a9341521782c0ab9fed3b1acfad,2017-10-27T06:13:14.000Z,0.00001999000000013147,0x9dd9ec97bb901d5fbfaa6a6bcf7d21f629960e24,buy,0x87611ca3403a3878dfef0da2a786e209abfc1eff,0x8fa6eacb25625b967d6616e9601da97a46522eaa16e7dfb076a7529f3c8fe7a2
355,16135,0.32253865,0x4b83aa96d9096b4d4d74b8829403c85bf36ed5f2,2017-10-27T05:36:12.000Z,0.00001999,0xdf5d2aaa7769b5c8b6c534cc95651b132862b5d2,sell,0x87611ca3403a3878dfef0da2a786e209abfc1eff,0x076bcaebf69919f5f3caff69f77c8a13dbb056fc597f74262c1bfb734cca9429
356,15000,0.3,0xe91f8ed165a2eff63c348f6840bfe728c9b03e82,2017-10-27T05:11:46.000Z,0.00002,0x715793e1beb7f48fd056e759fcd5fc94d66cfc85,buy,0x87611ca3403a3878dfef0da2a786e209abfc1eff,0xb5e2638a8e906ca6c862eeae28e1937e41107a0a861171c690c705e54ed174b6
357,745,0.01489255,0x5f18becefb4d615d1add67d1668155b5bc774931,2017-10-27T05:08:59.000Z,0.00001999,0x9dd9ec97bb901d5fbfaa6a6bcf7d21f629960e24,buy,0x87611ca3403a3878dfef0da2a786e209abfc1eff,0xeb1bd6ef5104aa9b87f0b58a61c121879deba58dfd0c8bf83de6b74a88a21287
358,20000,0.3998,0xa25540dc2d1a90bd12c6c03d2b4bf19b41891070,2017-10-27T05:05:08.000Z,0.00001999,0x5f18becefb4d615d1add67d1668155b5bc774931,sell,0x87611ca3403a3878dfef0da2a786e209abfc1eff,0x9604cdc68b580967fad0c7de4d9d10f088f93b1fff0ecc25fc7e59bcb5698d14
359,6000,0.11994,0xe91f8ed165a2eff63c348f6840bfe728c9b03e82,2017-10-27T05:00:00.000Z,0.00001999,0x9dd9ec97bb901d5fbfaa6a6bcf7d21f629960e24,buy,0x87611ca3403a3878dfef0da2a786e209abfc1eff,0x269d16addafed3521b01e77fef12f43b116a3f406840baf5ca0b2c07e83cb53d
360,200,0.003998,0xe91f8ed165a2eff63c348f6840bfe728c9b03e82,2017-10-27T04:53:58.000Z,0.00001999,0xaa5a8763179d7e24b0230e981cf7cd5d9fa7cff8,buy,0x87611ca3403a3878dfef0da2a786e209abfc1eff,0x3a2366f10ced6e692db0e55f6d31f615f249a9035ffe889201edc4f9cc3bc4e9
361,8000,0.152,0xe91f8ed165a2eff63c348f6840bfe728c9b03e82,2017-10-27T04:53:26.000Z,0.000019,0x548d500e7d1584aff5c4e51d49bc52cbe35dc80f,buy,0x87611ca3403a3878dfef0da2a786e209abfc1eff,0xedf6775000821d8e1570574952ab30618c3ec246c3eeb389e0f07b66228b7df5
362,800,0.0132,0xb320ffa395e8429be67732b4ff0c80bc86e9e70d,2017-10-27T04:36:04.000Z,0.0000165,0xa87a6017687f5d7607a4dde37624fa8eec9b0d45,sell,0x87611ca3403a3878dfef0da2a786e209abfc1eff,0x505269f42ea5dc6be1069a2added6b6fb71dd1481294e8485f3c99563b27e291
363,2500,0.04725,0xb320ffa395e8429be67732b4ff0c80bc86e9e70d,2017-10-27T04:07:19.000Z,0.0000189,0xbda3ae1ed77728e30c7caea6430a77ff0fb41a29,buy,0x87611ca3403a3878dfef0da2a786e209abfc1eff,0x3f57e6495fb97aeea837bf949a5c0bf197547c7874c850ff0a08b8c8e2257b6d
364,43983,0.8576685,0x2f46aca1762d6d0598e20ce384280c20f4d815b4,2017-10-27T03:56:54.000Z,0.0000195,0xe91f8ed165a2eff63c348f6840bfe728c9b03e82,buy,0x87611ca3403a3878dfef0da2a786e209abfc1eff,0x4aae9c30dd72c5f8abda32a2c563dda3c1592f2164b48cfa372b6432487f5a93
365,60427.68,1.1173078032,0x2f46aca1762d6d0598e20ce384280c20f4d815b4,2017-10-27T03:55:36.000Z,0.00001849,0xaa10dc038b30b1ddb5309b9c9162323a80355cfc,buy,0x87611ca3403a3878dfef0da2a786e209abfc1eff,0x21f549b8e121eb0433368cc0faf52ede549ad2d2ece4ddbbbf21175e1de00f51
366,30000,0.53958,0x2f46aca1762d6d0598e20ce384280c20f4d815b4,2017-10-27T03:55:06.000Z,0.000017986,0xad5b3fbc469313e21efe4117627a658424091b0a,buy,0x87611ca3403a3878dfef0da2a786e209abfc1eff,0xc7f1a95ed9b4d167e30d73425ea0c5fbba6079cc48e581f3948d1dc614ac9212
367,19985,0.359470195,0x2f46aca1762d6d0598e20ce384280c20f4d815b4,2017-10-27T03:55:06.000Z,0.000017987,0x07a22088bf4f619c98225d633d6adf06f9df4d66,buy,0x87611ca3403a3878dfef0da2a786e209abfc1eff,0x1371c6c7477ee5aa6d54ddd2bc49623ab6a51cb5a4d96b4848debef7f7103ae5
368,7000,0.1259216,0x2f46aca1762d6d0598e20ce384280c20f4d815b4,2017-10-27T03:55:06.000Z,0.0000179888,0xe1226c4d0a752a3ef42ee783aa1b4ac1abe47a8e,buy,0x87611ca3403a3878dfef0da2a786e209abfc1eff,0x0a1384faad473815aa3ed598f44e19b08de4badb53422782941e623f2f7b16be
369,996.9095803,0.028910377828730936,0x652e28048087f6a5bce1c3a21349d896053db392,2017-10-27T03:20:51.000Z,0.00002900000000003102,0xca580e8b9ac145063b82b677d5040fd68d335434,buy,0x87611ca3403a3878dfef0da2a786e209abfc1eff,0xbcced16953db60cbecc54bf036319cad0fe5dfe842bf24801a0e9c3444be1e09
370,30000,0.408003,0xad5b3fbc469313e21efe4117627a658424091b0a,2017-10-27T03:19:27.000Z,0.0000136001,0xb99f72a8b0d3a5025ab8b2ca534973497af42899,sell,0x87611ca3403a3878dfef0da2a786e209abfc1eff,0x85071105230974833163069d0407888802bcf0cc2e357e8f8a8e098d15853530
371,50000,0.68,0x14d6a9617a144ac2ee29a309862a3d88ba2820d6,2017-10-27T03:19:27.000Z,0.0000136,0xb99f72a8b0d3a5025ab8b2ca534973497af42899,sell,0x87611ca3403a3878dfef0da2a786e209abfc1eff,0xb22d55b02eee8f071f6317c57bdf667902406a75c1e59b95204bf0581bdcfd15
372,30000,0.408003,0xad5b3fbc469313e21efe4117627a658424091b0a,2017-10-27T03:19:03.000Z,0.0000136001,0xb99f72a8b0d3a5025ab8b2ca534973497af42899,sell,0x87611ca3403a3878dfef0da2a786e209abfc1eff,0x85071105230974833163069d0407888802bcf0cc2e357e8f8a8e098d15853530
373,645,0.01161,0xe91f8ed165a2eff63c348f6840bfe728c9b03e82,2017-10-27T01:44:06.000Z,0.000018,0xdf5d2aaa7769b5c8b6c534cc95651b132862b5d2,buy,0x87611ca3403a3878dfef0da2a786e209abfc1eff,0xc185358c5d4d2574589bfb48fc3f7489f18c70d4ab384a4038dd9436c6611c1a
374,10000,0.1849,0x14d6a9617a144ac2ee29a309862a3d88ba2820d6,2017-10-27T01:44:06.000Z,0.00001849,0xaa10dc038b30b1ddb5309b9c9162323a80355cfc,buy,0x87611ca3403a3878dfef0da2a786e209abfc1eff,0xe926b36e4d077d50721513c86400c74a82da6e7bedc7f4f943f3eeadb35d200a
375,269.63169525,0.004985490045184261,0x600ad96f349986170b734e6057a8c94e79f45186,2017-10-27T01:42:05.000Z,0.00001849000000004361,0xaa10dc038b30b1ddb5309b9c9162323a80355cfc,buy,0x87611ca3403a3878dfef0da2a786e209abfc1eff,0xddb5973b942004869488f09b73fbfbef9fd7991f85dcc1f54aea26de6ec50eca
376,1632,0.03017568,0xc9157746e2ee2eae966632dda269de787191e758,2017-10-27T01:37:28.000Z,0.00001849,0xaa10dc038b30b1ddb5309b9c9162323a80355cfc,buy,0x87611ca3403a3878dfef0da2a786e209abfc1eff,0xa60fa789417b77c42cf7b2fe4919967546f2b2c61e9bbcf2dfa9dc5b26bbc03d
377,3982,0.055748,0xe91f8ed165a2eff63c348f6840bfe728c9b03e82,2017-10-27T01:30:48.000Z,0.000014,0xd9ea71873a22b151567c265e9bb2c0e5dbd55ac8,sell,0x87611ca3403a3878dfef0da2a786e209abfc1eff,0xc76c35d2a22c681ae520532c9aee677f86481a043dca3c02866bc235ee5b6ab3
378,1453,0.02686597,0xe91f8ed165a2eff63c348f6840bfe728c9b03e82,2017-10-27T01:29:01.000Z,0.00001849,0xaa10dc038b30b1ddb5309b9c9162323a80355cfc,buy,0x87611ca3403a3878dfef0da2a786e209abfc1eff,0x14f23a62f8b3435872508da18339d7c71df21594cad5d1f1d03e180b2aa49c3a
379,20000,0.3698,0xa7ac056a98ce2d78adb07ed6254a40946ed3b130,2017-10-27T01:28:02.000Z,0.00001849,0xaa10dc038b30b1ddb5309b9c9162323a80355cfc,buy,0x87611ca3403a3878dfef0da2a786e209abfc1eff,0x03a6a09dfc9608ab205cfff6e01cba38e45c48d93b502c48df40017904286019
380,2000,0.03698,0x21a10a6c29de03506945c314484af3d6d9ca19d5,2017-10-27T01:18:48.000Z,0.00001849,0xaa10dc038b30b1ddb5309b9c9162323a80355cfc,buy,0x87611ca3403a3878dfef0da2a786e209abfc1eff,0x116e46c992e1a5f4d6059d810c898e7692f74df22dcfa0819d2f6262b3a4b066
381,1543,0.02853007,0xe91f8ed165a2eff63c348f6840bfe728c9b03e82,2017-10-27T01:18:09.000Z,0.00001849,0xaa10dc038b30b1ddb5309b9c9162323a80355cfc,buy,0x87611ca3403a3878dfef0da2a786e209abfc1eff,0xc9a98aed80ca0867d99a2cacdfc456f4fe0dc8baea713f9116557859b6b04268
382,3443,0.06366107,0xe91f8ed165a2eff63c348f6840bfe728c9b03e82,2017-10-27T01:09:49.000Z,0.00001849,0xaa10dc038b30b1ddb5309b9c9162323a80355cfc,buy,0x87611ca3403a3878dfef0da2a786e209abfc1eff,0x973aa38a20403c58bc43bc17deba83e5d26a3fe479a5c81ade129228b997727b
383,6000,0.11094,0x4a1261d631094e0231968ae3e1b79e15e6ddca18,2017-10-27T01:09:49.000Z,0.00001849,0xaa10dc038b30b1ddb5309b9c9162323a80355cfc,buy,0x87611ca3403a3878dfef0da2a786e209abfc1eff,0x03e1e73df867cc4c78d8d850ca408d57ba935ad2d00de1e6a3440dff49a403b6
