,amount,amountBase,buyer,date,price,seller,side,tokenAddr,txHash
0,5,0.1245,0x4ca1b37e8f8f2327e67ae47a24bc77375e227573,2017-11-02T08:02:07.000Z,0.0249,0xe4bbba7bedcb7bab98a14e59a723d4338abc1e62,buy,0xe7775a6e9bcf904eb39da2b68c5efb4f9360e08c,0x34f1faa9df64a9cbf54b763b09c460b75049cb6e4176697878d4c3af60783d1f
1,97.2,2.3328,0x4ca1b37e8f8f2327e67ae47a24bc77375e227573,2017-11-02T08:02:07.000Z,0.024,0xb9af9e3af2347b952e5c12950c2eeda719c4db34,buy,0xe7775a6e9bcf904eb39da2b68c5efb4f9360e08c,0x58bca73ca429695a8c2b26b4fc1fef403958d4fb7bba7caba5115f710cf66ce8
2,39.802551,0.739093569519,0x120c322c0b1477a5c2eeb6f9f06d2c98797f485f,2017-11-01T09:46:02.000Z,0.018569,0x953d1111662196af36e9d387c0f909e14111fa76,sell,0xe7775a6e9bcf904eb39da2b68c5efb4f9360e08c,0xaf553a69abe0e72bfd72b06970ecd5a5883ddeae90f32cbe5bb82c1592bf11f5
3,24.665,0.458004385,0x120c322c0b1477a5c2eeb6f9f06d2c98797f485f,2017-11-01T09:44:49.000Z,0.018569,0x953d1111662196af36e9d387c0f909e14111fa76,sell,0xe7775a6e9bcf904eb39da2b68c5efb4f9360e08c,0x20e956a7e6233ee11038c75db4983abb07a90c814e8aa28ad6714cb251b4cb79
4,97.697138,1.814138155522,0x120c322c0b1477a5c2eeb6f9f06d2c98797f485f,2017-11-01T09:44:29.000Z,0.018569,0x42e355e391a8c8379eb882661fe78dcd8dc271e2,sell,0xe7775a6e9bcf904eb39da2b68c5efb4f9360e08c,0x3986c675836d944aad8acc6230ed8d84ecc59806940df49b9d9d8914a4c78836
5,4.193,0.08386,0x2fa6c619dcccbd1c360fb21b819a8d700b4280a6,2017-11-01T01:40:30.000Z,0.02,0x953d1111662196af36e9d387c0f909e14111fa76,sell,0xe7775a6e9bcf904eb39da2b68c5efb4f9360e08c,0xfdbe4b50740a5703ef3c39871303645c3ddd4aeae24427399b15b50c6273f96d
6,28.192602,0.52353661914,0x120c322c0b1477a5c2eeb6f9f06d2c98797f485f,2017-10-31T23:34:01.000Z,0.01857,0x6c723da0e2243be0d60a23801c00039b98ce35d6,sell,0xe7775a6e9bcf904eb39da2b68c5efb4f9360e08c,0xd4db80266a02d41e95aa3d9424cb2157754ca680571f89233f44e97668f390a7
7,11.35,0.28375,0x25d33e213ca4f734895e6b7001f3b5c55282c5cd,2017-10-31T20:06:06.000Z,0.025,0x8efdb5ee103c2295dab1410b4e3d1ed7a91584d4,buy,0xe7775a6e9bcf904eb39da2b68c5efb4f9360e08c,0x4ba2d6e2718c67b2945666b422ed0579a9cd8faddecc9e8382cadf3c1aa4f103
8,2,0.05,0xf82c7c1503a06fcf927ee401a7b868bf067715f8,2017-10-31T14:38:54.000Z,0.025,0x8efdb5ee103c2295dab1410b4e3d1ed7a91584d4,buy,0xe7775a6e9bcf904eb39da2b68c5efb4f9360e08c,0x41a70977d367fb9c9c04c83d2cfdf67bfcb862baffd7bd37e193b2c3ef6ef296
9,0.1,0.0025,0x0b773d7819259d78757b26dc4148812d35676d8f,2017-10-31T12:50:09.000Z,0.025,0x8efdb5ee103c2295dab1410b4e3d1ed7a91584d4,buy,0xe7775a6e9bcf904eb39da2b68c5efb4f9360e08c,0xc2a4b955e2f18c96346ade672d2bdd80b5bef2f8be445ef8dd60b077c449eb1d
10,38.87014,0.71563814754,0x953d1111662196af36e9d387c0f909e14111fa76,2017-10-31T09:25:10.000Z,0.018411,0xee4353529821dc6bc160381f77720ce7c2e03917,sell,0xe7775a6e9bcf904eb39da2b68c5efb4f9360e08c,0x28ddfaff5f99e9ad165ee260bfbe1b6dd092b98fb1292e1651c0dd90572d37ed
11,20,0.371,0x953d1111662196af36e9d387c0f909e14111fa76,2017-10-31T09:23:41.000Z,0.01855,0xee4353529821dc6bc160381f77720ce7c2e03917,sell,0xe7775a6e9bcf904eb39da2b68c5efb4f9360e08c,0x6cbc5a523c97a5b997103fdb655b50a6a0b15293593afa0827a89fbd385c3046
12,0.806973,0.01613946,0x2fa6c619dcccbd1c360fb21b819a8d700b4280a6,2017-10-31T09:22:19.000Z,0.02,0xee4353529821dc6bc160381f77720ce7c2e03917,sell,0xe7775a6e9bcf904eb39da2b68c5efb4f9360e08c,0x581c07445eed0e86104c339e292924cd84d61bd5949065b8ac661a5bcaaef61c
13,49.99,0.927319499,0x3dee4a4e076e8d82859d241db0baf46f112cfa23,2017-10-31T09:22:19.000Z,0.0185501,0xee4353529821dc6bc160381f77720ce7c2e03917,sell,0xe7775a6e9bcf904eb39da2b68c5efb4f9360e08c,0x52936ac2932007f97c4ee9cff6facef8b81581ea1410df25961e33adca04f5e0
14,0.000001,0.000000018411,0x953d1111662196af36e9d387c0f909e14111fa76,2017-10-31T09:15:22.000Z,0.018411,0xee4353529821dc6bc160381f77720ce7c2e03917,sell,0xe7775a6e9bcf904eb39da2b68c5efb4f9360e08c,0x6bacd6a0de65b4b91224d8e3cd971a79cfc72762a77df65b1492dd7dbe028c0b
15,0.009939,0.0001843694439,0x3dee4a4e076e8d82859d241db0baf46f112cfa23,2017-10-31T09:14:56.000Z,0.0185501,0xee4353529821dc6bc160381f77720ce7c2e03917,sell,0xe7775a6e9bcf904eb39da2b68c5efb4f9360e08c,0x57099307c3e24914a253842416509fd5e7d5a66a958a500efb0b25e112d9ffd0
16,99.690958,1.85026418048,0x120c322c0b1477a5c2eeb6f9f06d2c98797f485f,2017-10-31T09:14:36.000Z,0.01856,0xee4353529821dc6bc160381f77720ce7c2e03917,sell,0xe7775a6e9bcf904eb39da2b68c5efb4f9360e08c,0x888ccd8f051bfbd7681155b96a328057c822546dcad07ef2e11880095c621ca0
17,0,0,0x2fa6c619dcccbd1c360fb21b819a8d700b4280a6,2017-10-31T08:51:09.000Z,NaN,0xe444a40689f51f63bcd29910622035707d533d29,sell,0xe7775a6e9bcf904eb39da2b68c5efb4f9360e08c,0x38624dd38ea0061f38f35b820168e25bc16092605d170e9859774eddbf5b84cc
18,0,0,0x2fa6c619dcccbd1c360fb21b819a8d700b4280a6,2017-10-31T05:50:34.000Z,NaN,0xe444a40689f51f63bcd29910622035707d533d29,sell,0xe7775a6e9bcf904eb39da2b68c5efb4f9360e08c,0x615a703da4d6a758106991618cbfa7563721f05d121e5bc1f8ccf71d70bb8635
19,0.1,0.0025,0x0c4085d8e714ca77ac5f46cd2b80a92d238a7cd3,2017-10-31T01:01:56.000Z,0.025,0x8efdb5ee103c2295dab1410b4e3d1ed7a91584d4,buy,0xe7775a6e9bcf904eb39da2b68c5efb4f9360e08c,0xa57a9654abd8bfd2469ef7763ee094b201320045dfc4cdd575eeb8f67689ca9a
20,20,0.49998,0x2fa6c619dcccbd1c360fb21b819a8d700b4280a6,2017-10-31T00:50:44.000Z,0.024999,0x953d1111662196af36e9d387c0f909e14111fa76,buy,0xe7775a6e9bcf904eb39da2b68c5efb4f9360e08c,0x52f124816140890a8b30f5fb9f930990ddee872f2bb88cf9d9c873ae56658a14
21,10,0.2439,0x2fa6c619dcccbd1c360fb21b819a8d700b4280a6,2017-10-31T00:26:05.000Z,0.02439,0xe4bbba7bedcb7bab98a14e59a723d4338abc1e62,buy,0xe7775a6e9bcf904eb39da2b68c5efb4f9360e08c,0xfdb75a14d8fdf1981199564856f91c2c9bb51434f3d5ce1e2b6377035714896a
22,30,0.6735,0xf732b16f5aee6cd2db5b30a7a3860764a48b19ff,2017-10-31T00:03:36.000Z,0.02245,0x953d1111662196af36e9d387c0f909e14111fa76,buy,0xe7775a6e9bcf904eb39da2b68c5efb4f9360e08c,0xd7d04544f74e07c58aedd68b753b36244a8fd5a85ce6a3854c39e9d2ec5000f2
23,10,0.2239,0x6c723da0e2243be0d60a23801c00039b98ce35d6,2017-10-31T00:03:00.000Z,0.02239,0xe4bbba7bedcb7bab98a14e59a723d4338abc1e62,buy,0xe7775a6e9bcf904eb39da2b68c5efb4f9360e08c,0x0c40342dab1e31680e50964fd094a16fdf69973e87d3115ec39df39fa7fee6d0
24,50.036,1.050756,0xf732b16f5aee6cd2db5b30a7a3860764a48b19ff,2017-10-31T00:00:24.000Z,0.021,0x5b137a2ce3828dc285b7fe7d5276cdb5e736e8ff,buy,0xe7775a6e9bcf904eb39da2b68c5efb4f9360e08c,0x7c0136f3af92f4ff9367ee798c6563add16e804503bf2ad066ec423b3d43f588
25,6,0.126,0x2fa6c619dcccbd1c360fb21b819a8d700b4280a6,2017-10-30T23:57:29.000Z,0.021,0x5b137a2ce3828dc285b7fe7d5276cdb5e736e8ff,buy,0xe7775a6e9bcf904eb39da2b68c5efb4f9360e08c,0x521a44c146452bfac48171068fd2eb1d38c9a72ae694af15e959de1efe3a056b
26,2.797,0.0601355,0x6c723da0e2243be0d60a23801c00039b98ce35d6,2017-10-30T23:56:25.000Z,0.0215,0x953d1111662196af36e9d387c0f909e14111fa76,buy,0xe7775a6e9bcf904eb39da2b68c5efb4f9360e08c,0x4364f73188be51d75c599d4bda0b6dff11ee699c7b55c17199c3579ffc34a49a
27,3.371,0.07075729,0x2fa6c619dcccbd1c360fb21b819a8d700b4280a6,2017-10-30T23:55:03.000Z,0.02099,0xe4bbba7bedcb7bab98a14e59a723d4338abc1e62,buy,0xe7775a6e9bcf904eb39da2b68c5efb4f9360e08c,0xdacfcaebc1597ff6eb4999fde94ff895a83f4b7729c04720cb6b94a1f9a7ef47
28,18,0.37764,0x2fa6c619dcccbd1c360fb21b819a8d700b4280a6,2017-10-30T23:53:28.000Z,0.02098,0xf9ac154b1c43a57228d8dd18175ce5c0386a3e8c,buy,0xe7775a6e9bcf904eb39da2b68c5efb4f9360e08c,0xaf13985b14aa8b9701473266d3558bd31de0dfaa745ceff5340044ad141394a6
29,30,0.6294,0x107adb31e9b0381067606288d8e4cd38dc0841e0,2017-10-30T22:50:31.000Z,0.02098,0xf9ac154b1c43a57228d8dd18175ce5c0386a3e8c,buy,0xe7775a6e9bcf904eb39da2b68c5efb4f9360e08c,0x5886e7e7297939330f448cd4b12cdd1583420861fb200de9880abd810598d0b8
30,4.023527,0.07407313207,0x25d33e213ca4f734895e6b7001f3b5c55282c5cd,2017-10-30T22:38:06.000Z,0.01841,0xee054e89931640de8ebd4157a3cf0513bcedc76e,sell,0xe7775a6e9bcf904eb39da2b68c5efb4f9360e08c,0x7c2521b62bb8a746851b4ef740e6df8fb6e73f17a8b7de20f4dd718cc79b2e70
31,2,0.04196,0xf82c7c1503a06fcf927ee401a7b868bf067715f8,2017-10-30T22:04:49.000Z,0.02098,0xf9ac154b1c43a57228d8dd18175ce5c0386a3e8c,buy,0xe7775a6e9bcf904eb39da2b68c5efb4f9360e08c,0xcaece162bde72f15170049a984ebc3d20e9ea7e12eb277822359b814a86a67bb
32,2.6,0.054574,0x7470d3d0cd75413f11a2fe76b018594ea981ea79,2017-10-30T21:05:53.000Z,0.02099,0xe4bbba7bedcb7bab98a14e59a723d4338abc1e62,buy,0xe7775a6e9bcf904eb39da2b68c5efb4f9360e08c,0xe7600326f04fbe20837311dd6b2a2c745232d3472502a5b110f3be83e4d06c28
33,9.023955,0.18941283012166948,0x735d0066db8b0baf5a4286934ba9c67622853597,2017-10-30T19:59:46.000Z,0.020990001625858005,0xe4bbba7bedcb7bab98a14e59a723d4338abc1e62,buy,0xe7775a6e9bcf904eb39da2b68c5efb4f9360e08c,0x3d70f9277e81ce438b41cf6dbeb42a13a48d1be86496e3a6392514478584fa01
34,0.004714,0.000098950466577209,0x735d0066db8b0baf5a4286934ba9c67622853597,2017-10-30T19:57:37.000Z,0.02099076507789754,0xe4bbba7bedcb7bab98a14e59a723d4338abc1e62,buy,0xe7775a6e9bcf904eb39da2b68c5efb4f9360e08c,0x1d191db54cbd14fc2d6e7c404941e9bcdca5b0e9b0fec329ca0d31f2fee868aa
35,34.82604,0.6411473964,0x25d33e213ca4f734895e6b7001f3b5c55282c5cd,2017-10-30T15:53:46.000Z,0.01841,0x6aff1466c2623675e3cb0e75e423d37a25e442eb,sell,0xe7775a6e9bcf904eb39da2b68c5efb4f9360e08c,0xf8d02f7e4c391fcea54418335bb7a4fef0f9760323e0266506dae7c12c1741ab
36,22,0.4050222,0x107adb31e9b0381067606288d8e4cd38dc0841e0,2017-10-30T15:47:11.000Z,0.0184101,0x6aff1466c2623675e3cb0e75e423d37a25e442eb,sell,0xe7775a6e9bcf904eb39da2b68c5efb4f9360e08c,0x4da8d9b674aae434dda74a1b15c36d0e42f199fc7523af4dd4bbf803f6122d52
37,15.25,0.3258925,0xace21c0ff0656183d18af63b1b3f3c1970c7e035,2017-10-30T08:05:31.000Z,0.02137,0xf9ac154b1c43a57228d8dd18175ce5c0386a3e8c,buy,0xe7775a6e9bcf904eb39da2b68c5efb4f9360e08c,0xac26d8a519224c213a2c084e5c1d39ff157b1dbd1bf67cdef7ff86da1c667783
38,0.0002,0.000004285860182212,0xace21c0ff0656183d18af63b1b3f3c1970c7e035,2017-10-30T08:00:35.000Z,0.02142930091106,0xf9ac154b1c43a57228d8dd18175ce5c0386a3e8c,buy,0xe7775a6e9bcf904eb39da2b68c5efb4f9360e08c,0x3b68da074b351eca0d3cc34cd32d08ae66d123d4f11eedf05c2cd53fac8039f7
39,4.731233,0.08710199953,0x0ce4b16411b408bc9f06d456175db3cc79b25299,2017-10-30T04:51:14.000Z,0.01841,0xd0c59eaf60315b0c92ed9ba0f47e5141449b5806,sell,0xe7775a6e9bcf904eb39da2b68c5efb4f9360e08c,0x7f0d7c9c1f4182ec91add87ee9c509f8143819d1d50e4f7b82caf83e601fd4f8
40,7.2,0.13824,0xc1b9f63f0226efb1019425248e8af8094a7595a3,2017-10-30T04:49:15.000Z,0.0192,0xd0c59eaf60315b0c92ed9ba0f47e5141449b5806,sell,0xe7775a6e9bcf904eb39da2b68c5efb4f9360e08c,0xd7b07067ddaa727fa6e286597ab93ef435a559ac638f66a6db2783bcb926f88e
41,0,0,0xc1b9f63f0226efb1019425248e8af8094a7595a3,2017-10-30T03:04:05.000Z,NaN,0x16e5d97bbc92417e051e3b2cabfbf8ceea2acb9c,sell,0xe7775a6e9bcf904eb39da2b68c5efb4f9360e08c,0x936872a7d47173128b0776311e407a192a38b2e86e0305f93a85a7a143344d9d
42,0,0,0xc1b9f63f0226efb1019425248e8af8094a7595a3,2017-10-30T03:00:53.000Z,NaN,0x379374d13077e8867ef31803c37baf9785a17c00,sell,0xe7775a6e9bcf904eb39da2b68c5efb4f9360e08c,0x5a04ca44c37d500796ed277726ac31d5a16666cb20609d72ccfedef18df4e19f
43,0.155053,0.00331348261,0x1be71e871294156b43e52ffe77deeddb9ab994eb,2017-10-30T00:52:01.000Z,0.02137,0xf9ac154b1c43a57228d8dd18175ce5c0386a3e8c,buy,0xe7775a6e9bcf904eb39da2b68c5efb4f9360e08c,0xb652b17b594d579ac652dac4db14c41f4986f5b5991f1cca51f544e203db9bf9
44,0.154589,0.003324436445,0x15691a8d70b9ae688bc027bae0ba0764603517fe,2017-10-30T00:52:01.000Z,0.021505,0x1be71e871294156b43e52ffe77deeddb9ab994eb,sell,0xe7775a6e9bcf904eb39da2b68c5efb4f9360e08c,0xb652b17b594d579ac652dac4db14c41f4986f5b5991f1cca51f544e203db9bf9
45,0.000085,0.000001564,0xf2a3d1bf4d42fd01eeb9d900eead978c08b3c07c,2017-10-29T23:06:19.000Z,0.0184,0x6aff1466c2623675e3cb0e75e423d37a25e442eb,sell,0xe7775a6e9bcf904eb39da2b68c5efb4f9360e08c,0x0dcdd2254f6daeee82167504e010cc29db52419bb5f6d3f8176cd8a4eaa151a3
46,16.947464,0.36445521332,0x15691a8d70b9ae688bc027bae0ba0764603517fe,2017-10-29T22:29:49.000Z,0.021505,0x916967e76c7b77c77101073c5a6737e466b77ea1,sell,0xe7775a6e9bcf904eb39da2b68c5efb4f9360e08c,0xb20b78b27ffa5de636a0626bf07d3d81e04c27bfd2992c389ab35852f14907ee
47,17,0.36329,0x916967e76c7b77c77101073c5a6737e466b77ea1,2017-10-29T22:28:10.000Z,0.02137,0xf9ac154b1c43a57228d8dd18175ce5c0386a3e8c,buy,0xe7775a6e9bcf904eb39da2b68c5efb4f9360e08c,0x7e5ce8eb0cb29cb42f07b971d46a68a9df7709937be5b2d69090b6120c2ee2df
48,0.002982,0.00006412791,0x15691a8d70b9ae688bc027bae0ba0764603517fe,2017-10-29T22:26:38.000Z,0.021505,0x916967e76c7b77c77101073c5a6737e466b77ea1,sell,0xe7775a6e9bcf904eb39da2b68c5efb4f9360e08c,0xcc155210f3f384850f4d2732f798d230a78645f2dbc49eef4f6314c2e9a5d12b
49,29.907287,0.643156206935,0x15691a8d70b9ae688bc027bae0ba0764603517fe,2017-10-29T22:25:12.000Z,0.021505,0x916967e76c7b77c77101073c5a6737e466b77ea1,sell,0xe7775a6e9bcf904eb39da2b68c5efb4f9360e08c,0x7efc999898f170c3c10f176dc6a6154a05bd559bc752861d7348afa7870d2a9e
50,30,0.6411,0x916967e76c7b77c77101073c5a6737e466b77ea1,2017-10-29T22:23:47.000Z,0.02137,0xf9ac154b1c43a57228d8dd18175ce5c0386a3e8c,buy,0xe7775a6e9bcf904eb39da2b68c5efb4f9360e08c,0xff7296d3ee791f70479e549c56806b5ec6fdbc55edb495bd610b987e01e1e7eb
51,17.156118,0.3688565447113947,0x0edd5989e02ea894fb7b371869dc4d04167425ef,2017-10-29T00:32:02.000Z,0.021500000449483657,0x953d1111662196af36e9d387c0f909e14111fa76,buy,0xe7775a6e9bcf904eb39da2b68c5efb4f9360e08c,0x660eeda08cc92ed8f1d91759ce5804ef13704139e0dcdf5279fd53ae830bcf5f
52,0.023255,0.0005,0x34f9560c63078eb61872a4dc2ccd20e21c34feaf,2017-10-28T21:05:14.000Z,0.021500752526338422,0x953d1111662196af36e9d387c0f909e14111fa76,buy,0xe7775a6e9bcf904eb39da2b68c5efb4f9360e08c,0x0b1fec7056154ef62c1640a69b1f094e04436db4d85ff605fd03aa7f33b342ed
53,0.023255,0.0005,0xe444a40689f51f63bcd29910622035707d533d29,2017-10-28T21:05:14.000Z,0.021500752526338422,0x953d1111662196af36e9d387c0f909e14111fa76,buy,0xe7775a6e9bcf904eb39da2b68c5efb4f9360e08c,0xb263b8232b94f681e0cafb2feb58c0d924a17d75090f22626e32ed0f0c0b0a4d
54,4,0.0872,0xf2a3d1bf4d42fd01eeb9d900eead978c08b3c07c,2017-10-28T20:28:00.000Z,0.0218,0xf9ac154b1c43a57228d8dd18175ce5c0386a3e8c,buy,0xe7775a6e9bcf904eb39da2b68c5efb4f9360e08c,0xbee76a80035a621d351e994c7f2402287bdb0d9704480e7816439257f6e2ff0d
55,5.07528,0.110641104,0xf2a3d1bf4d42fd01eeb9d900eead978c08b3c07c,2017-10-28T20:25:32.000Z,0.0218,0xf9ac154b1c43a57228d8dd18175ce5c0386a3e8c,buy,0xe7775a6e9bcf904eb39da2b68c5efb4f9360e08c,0x2b16f3ceb4502a98906aa0b83e26b2a7f1a1d0e05283b26bea8491fe751a4c0d
56,17.024869,0.3268774848,0xf2a3d1bf4d42fd01eeb9d900eead978c08b3c07c,2017-10-28T17:12:35.000Z,0.0192,0x1ed014aec47fae44c9e55bac7662c0b78ae61798,sell,0xe7775a6e9bcf904eb39da2b68c5efb4f9360e08c,0xf2a5f99454c951a67cd9cec219218247be29eb1f6ce100b1bdb7d29468877586
57,8.473731,0.1626956352,0xf2a3d1bf4d42fd01eeb9d900eead978c08b3c07c,2017-10-28T12:54:50.000Z,0.0192,0x735d0066db8b0baf5a4286934ba9c67622853597,sell,0xe7775a6e9bcf904eb39da2b68c5efb4f9360e08c,0x5b5059f016c1d8f9801216ec57e4f69e5ba4379d759afb0b993b8669cd26eac2
58,1.25,0.028125,0xf00118adac77d70abb28b6b27cb8f18a6d62750c,2017-10-28T12:44:48.000Z,0.0225,0xace21c0ff0656183d18af63b1b3f3c1970c7e035,buy,0xe7775a6e9bcf904eb39da2b68c5efb4f9360e08c,0x245f179b6b12c2cd905716334fd5b6e3c06839912ebbd5dc7fd0af31051d1f80
59,14,0.315,0xe22fa8759398630f1258b4aaa76aec59cb05e324,2017-10-28T10:00:52.000Z,0.0225,0xace21c0ff0656183d18af63b1b3f3c1970c7e035,buy,0xe7775a6e9bcf904eb39da2b68c5efb4f9360e08c,0xa5fbeb7504d1e9e6bb5b6094399ee49e72e136b79de598e5f7799662aff0648c
60,3.809,0.0830362,0xe22fa8759398630f1258b4aaa76aec59cb05e324,2017-10-28T09:58:16.000Z,0.0218,0xf9ac154b1c43a57228d8dd18175ce5c0386a3e8c,buy,0xe7775a6e9bcf904eb39da2b68c5efb4f9360e08c,0xf9316ba11edeab23f47aacea188c93905d445a45410169c36d0629e589df6997
61,4.572605,0.087794016,0xf2a3d1bf4d42fd01eeb9d900eead978c08b3c07c,2017-10-28T06:39:18.000Z,0.0192,0x10f920ffad95f53168af567ecd635a6dd03a8b43,sell,0xe7775a6e9bcf904eb39da2b68c5efb4f9360e08c,0xd6d8f2383cb69ed402bdc0291949562b7486302047f1dc9d43f9a582c3865556
62,22,0.4246,0xf843c6ffd80855c09d640b0b54305258748f88c9,2017-10-28T06:37:30.000Z,0.0193,0x10f920ffad95f53168af567ecd635a6dd03a8b43,sell,0xe7775a6e9bcf904eb39da2b68c5efb4f9360e08c,0x929ff20ef82bfb98ff0fbb14dfdb42b9a17136780fdfaaceafab7ce035af93ee
63,2.614,0.05050248,0xb3ea64e272b91d927afbda27ab781c5f74a82d15,2017-10-28T06:36:15.000Z,0.01932,0x10f920ffad95f53168af567ecd635a6dd03a8b43,sell,0xe7775a6e9bcf904eb39da2b68c5efb4f9360e08c,0x092acb6185e1ec143722d122f4e73c9ce5aa070bdc043ebcb0be466fb0998f36
64,9.681,0.187327359681,0xe03d6982dc67599496ddc2bc6fdefbd6bc85a2d1,2017-10-28T06:35:31.000Z,0.019350001,0x10f920ffad95f53168af567ecd635a6dd03a8b43,sell,0xe7775a6e9bcf904eb39da2b68c5efb4f9360e08c,0xd281c8c9c0d030d8d5617907bfed88428bc0a2f660356ed869abbe2420cdd618
65,5,0.1,0xd822346c13e251c80ac5cc5aeb1626f02ba6b64c,2017-10-28T06:34:33.000Z,0.02,0x10f920ffad95f53168af567ecd635a6dd03a8b43,sell,0xe7775a6e9bcf904eb39da2b68c5efb4f9360e08c,0x06a304f9cba0e5b5d2219fb13cc881512170d4494bf2208d752dca49feb79465
66,4.190518,0.09135329518492673,0xcdeccaa65fddfa861d322d430a84609213e58678,2017-10-28T03:57:31.000Z,0.021800000664578156,0xf9ac154b1c43a57228d8dd18175ce5c0386a3e8c,buy,0xe7775a6e9bcf904eb39da2b68c5efb4f9360e08c,0x809edfc32f29eeb35192b008c7c9105b889f0f6a1dcae9cfcb8ad1758e1738f4
67,1,0.0218,0x6a168c21f1b793ba1e6dd8bb9995a587b5ccf453,2017-10-28T03:29:24.000Z,0.0218,0xf9ac154b1c43a57228d8dd18175ce5c0386a3e8c,buy,0xe7775a6e9bcf904eb39da2b68c5efb4f9360e08c,0xdba3b935a138fd0a84cda4c0d5f042096ded59e9fbf6c863dd221c028065915b
68,2,0.045,0xd5840247f1e80d7d5d262e4687db4fa683b9eed7,2017-10-28T01:08:53.000Z,0.0225,0xf9ac154b1c43a57228d8dd18175ce5c0386a3e8c,sell,0xe7775a6e9bcf904eb39da2b68c5efb4f9360e08c,0xfed5ce39da15a79f6f68191c56037e6b65dd2ec3446280c2087ac081002ef478
69,5,0.1125,0x89d1d2cafbd15a2592e274d2f6b35b23e803f676,2017-10-27T23:29:14.000Z,0.0225,0x10f920ffad95f53168af567ecd635a6dd03a8b43,buy,0xe7775a6e9bcf904eb39da2b68c5efb4f9360e08c,0x93ca5b40d0063a51f7f540f8d0593579716a5f2b5604883318642b702dc22b4a
70,30,0.579,0xf843c6ffd80855c09d640b0b54305258748f88c9,2017-10-27T15:59:06.000Z,0.0193,0x5a6ea848c1ea89a48aa52ea2a1581bc7255708bb,sell,0xe7775a6e9bcf904eb39da2b68c5efb4f9360e08c,0x171cd6f48ddc4c6d1b4dd4ce0b103fe0add2033d85704371244dc8346a553db4
71,27.385501,0.52908787932,0xb3ea64e272b91d927afbda27ab781c5f74a82d15,2017-10-27T15:56:14.000Z,0.01932,0x6413ea9b8fd8c9e90e5f1e7c3051b9f4ec08ca1e,sell,0xe7775a6e9bcf904eb39da2b68c5efb4f9360e08c,0x4a76a563b069bd35ec39f55de2fa34451a3265e5f4ac0519a36e78c2522064d9
72,1,0.02249,0x609c8f6354bfc2738d55cad92d62d57e2ddeb1d7,2017-10-27T14:48:40.000Z,0.02249,0x10f920ffad95f53168af567ecd635a6dd03a8b43,buy,0xe7775a6e9bcf904eb39da2b68c5efb4f9360e08c,0x7f0c54bf2195b80e651996bcf0f27be8666028cabe45a322115fc9387e850ec1
73,100,2.05,0x609c8f6354bfc2738d55cad92d62d57e2ddeb1d7,2017-10-27T14:44:48.000Z,0.0205,0xf9ac154b1c43a57228d8dd18175ce5c0386a3e8c,buy,0xe7775a6e9bcf904eb39da2b68c5efb4f9360e08c,0x7f1956d3255c174a4e6b8c743f3717d9d436f0668d13a71f2453e99e6bf21bb1
74,0.853515,0.016387488,0xf2a3d1bf4d42fd01eeb9d900eead978c08b3c07c,2017-10-27T13:42:23.000Z,0.0192,0x6aff1466c2623675e3cb0e75e423d37a25e442eb,sell,0xe7775a6e9bcf904eb39da2b68c5efb4f9360e08c,0x28ed51d53fdcc62a0d7d1f0a1e5708364fbfbf3544bbfcc9efb3507004a5a9aa
75,5.812637,0.1057899934,0xad4a9f21193a77b00c1b7b091edccc9143472ab6,2017-10-26T23:17:20.000Z,0.0182,0x6aff1466c2623675e3cb0e75e423d37a25e442eb,sell,0xe7775a6e9bcf904eb39da2b68c5efb4f9360e08c,0x1d289dd2c751db4265cae64256341417d9fdee5c63ef43ad5bad2216fbed2302
76,9,0.19665,0x04a0f6e1ebb4c12676edf01c4bd5b0020059db26,2017-10-26T22:57:28.000Z,0.02185,0xf9ac154b1c43a57228d8dd18175ce5c0386a3e8c,buy,0xe7775a6e9bcf904eb39da2b68c5efb4f9360e08c,0xf54c27da6d011c2c7e0101a72a943b201c9f3db4b4719abc01b9e00a3b460029
77,15,0.32775,0x04a0f6e1ebb4c12676edf01c4bd5b0020059db26,2017-10-26T22:45:36.000Z,0.02185,0x6aff1466c2623675e3cb0e75e423d37a25e442eb,sell,0xe7775a6e9bcf904eb39da2b68c5efb4f9360e08c,0x4823df97a3d8428a2748a3211b91c7cc91793f54971e658343f6320a28994e1c
78,10,0.182,0xad4a9f21193a77b00c1b7b091edccc9143472ab6,2017-10-26T22:45:36.000Z,0.0182,0x6aff1466c2623675e3cb0e75e423d37a25e442eb,sell,0xe7775a6e9bcf904eb39da2b68c5efb4f9360e08c,0x2315f778e82606ba70cf8bec9d78b2a9dc33afb493adfcab408c07b2e129c6b8
79,8.5,0.187,0x735d0066db8b0baf5a4286934ba9c67622853597,2017-10-26T14:41:33.000Z,0.022,0x5a6ea848c1ea89a48aa52ea2a1581bc7255708bb,buy,0xe7775a6e9bcf904eb39da2b68c5efb4f9360e08c,0x81c7b03ae702404957404e656f984bbd7ae976fbf2b689a36c9aa860fb243e1d
80,0.443111,0.007777041161,0x3dee4a4e076e8d82859d241db0baf46f112cfa23,2017-10-26T02:10:24.000Z,0.017551,0xf142f26d1cac4ba8a6e6d7974d243eda2fe5f4f9,sell,0xe7775a6e9bcf904eb39da2b68c5efb4f9360e08c,0xb7525508c3aa296451aee23f6d913a08749beea9f1286c4ae8258a75aa6ec79b
81,48.29,1.06238,0xdfaba7c5ad4b6e2924e46327eac330750f9c9ce7,2017-10-26T02:07:53.000Z,0.022,0xf142f26d1cac4ba8a6e6d7974d243eda2fe5f4f9,sell,0xe7775a6e9bcf904eb39da2b68c5efb4f9360e08c,0x66dd518895856cbd0641aca5b12522c476ded0362bee6e00e3fe1047171eb0fc
82,97.615,2.14753,0x54bd8d0e210826699b91f58346f1725d0f85cc3f,2017-10-26T00:54:32.000Z,0.022,0xf9ac154b1c43a57228d8dd18175ce5c0386a3e8c,buy,0xe7775a6e9bcf904eb39da2b68c5efb4f9360e08c,0x584cbcc1690f2f3ad7d72025942600692bb6814912902c589325d0a03f80fe24
83,21.71,0.414661,0xdfaba7c5ad4b6e2924e46327eac330750f9c9ce7,2017-10-25T16:22:50.000Z,0.0191,0xf9ac154b1c43a57228d8dd18175ce5c0386a3e8c,sell,0xe7775a6e9bcf904eb39da2b68c5efb4f9360e08c,0x9233d5df87e66d171b2071207b94a7952759b598644ceee7d29c67ac626506dd
84,0.508,0.011176,0xdea025c3f2bc0f876f3649568e7c93d9396e6958,2017-10-25T11:21:57.000Z,0.022,0xf9ac154b1c43a57228d8dd18175ce5c0386a3e8c,buy,0xe7775a6e9bcf904eb39da2b68c5efb4f9360e08c,0xa832ae4f652d81bc37234316c81f1c3a28d0de68f7421705f1dc08e82318d464
85,5.491974,0.098855532,0xdea025c3f2bc0f876f3649568e7c93d9396e6958,2017-10-25T09:49:47.000Z,0.018,0x3efd9b0bd8e4595bc494539aca584821950106ee,sell,0xe7775a6e9bcf904eb39da2b68c5efb4f9360e08c,0xb4382ef6ec75019223789337c617f364b688628a99755b5977e403d70ecdeb37
86,25,0.5,0xa75fcdf436c9713b3757819f1fb235918749c3ba,2017-10-25T08:45:54.000Z,0.02,0x3efd9b0bd8e4595bc494539aca584821950106ee,sell,0xe7775a6e9bcf904eb39da2b68c5efb4f9360e08c,0x8c175ff40928d78c931ba1ed658c4d64e8f7cf2d87de4356dc330652d411bbd8
87,2.8,0.0491456,0xb3ea64e272b91d927afbda27ab781c5f74a82d15,2017-10-24T02:45:23.000Z,0.017552,0xa8596ea432d61e7a7f694a2cf73df545bfca7e26,sell,0xe7775a6e9bcf904eb39da2b68c5efb4f9360e08c,0xdc6b7d4a073748522093afc57997f6b75f416f78fcb2b625902fa92b50d9bae9
88,20,0.351,0x953d1111662196af36e9d387c0f909e14111fa76,2017-10-24T02:42:55.000Z,0.01755,0xa8596ea432d61e7a7f694a2cf73df545bfca7e26,sell,0xe7775a6e9bcf904eb39da2b68c5efb4f9360e08c,0x62beed47391b2cfd786dddfe8473ec76e9391a06a1a5d434cbcf0babc5d799ac
89,7.368588,0.13020294996,0xf9ac154b1c43a57228d8dd18175ce5c0386a3e8c,2017-10-24T02:42:43.000Z,0.01767,0xa8596ea432d61e7a7f694a2cf73df545bfca7e26,sell,0xe7775a6e9bcf904eb39da2b68c5efb4f9360e08c,0x31a6c869a4d3db356393ae49828011af29205ca34604b215982d04a7f8941b98
90,70,1.33,0xf18521dc5c211dc0ed6c85b034d4f46d456950bb,2017-10-23T15:17:55.000Z,0.019,0xf351947f05540da19252f2cad5bf4c68167b8e3c,buy,0xe7775a6e9bcf904eb39da2b68c5efb4f9360e08c,0x33211619ce780893bdf59975e2b7b952741bf2d9f8947ccc611eb8e8c53bc440
91,60,1.14,0xf9ac154b1c43a57228d8dd18175ce5c0386a3e8c,2017-10-23T14:42:01.000Z,0.019,0xf351947f05540da19252f2cad5bf4c68167b8e3c,buy,0xe7775a6e9bcf904eb39da2b68c5efb4f9360e08c,0xf992f94e4aff1650e1221345fbf419850251701d9724bc3bbcdfe8db48a8c082
92,50,0.99506000000495,0x953d1111662196af36e9d387c0f909e14111fa76,2017-10-23T13:30:22.000Z,0.019901200000099,0xf18521dc5c211dc0ed6c85b034d4f46d456950bb,sell,0xe7775a6e9bcf904eb39da2b68c5efb4f9360e08c,0x9bb682c9b76c2987ca864f9472cba3fdbc65ccc5b037f9d711c9646b5ad9d96a
93,1.65,0.033,0x621fab0e57c8671fbda84ae1885369c80a2aff93,2017-10-23T13:27:17.000Z,0.02,0xf18521dc5c211dc0ed6c85b034d4f46d456950bb,sell,0xe7775a6e9bcf904eb39da2b68c5efb4f9360e08c,0xd9d79dc94f423af5e439072032d0684efe673df2610350886598936b2df4d5e9
94,8,0.1608,0xd98a3954353055ab642c9159c7f3b25dac2dc29b,2017-10-23T13:26:52.000Z,0.0201,0xf18521dc5c211dc0ed6c85b034d4f46d456950bb,sell,0xe7775a6e9bcf904eb39da2b68c5efb4f9360e08c,0xd646b69f95657d9947444b99acf027fddc15eff7a8e60d1a026917007c6d9440
95,10,0.2011,0xe6d0bb9fbb78f10a111bc345058a9a90265622f3,2017-10-23T13:25:22.000Z,0.02011,0xf18521dc5c211dc0ed6c85b034d4f46d456950bb,sell,0xe7775a6e9bcf904eb39da2b68c5efb4f9360e08c,0x2a2f11c374c266cb80db002cb1755dd6d70cabdbd238216809eff6745a3e0de1
96,4.53,0.101925,0xe6d0bb9fbb78f10a111bc345058a9a90265622f3,2017-10-23T11:59:11.000Z,0.0225,0xf9ac154b1c43a57228d8dd18175ce5c0386a3e8c,sell,0xe7775a6e9bcf904eb39da2b68c5efb4f9360e08c,0x0bcd0d1fbd5afd63135f7241bc5f74effbcd66a2abed71307417d7d1857fba1c
97,4.53,0.101925,0xe6d0bb9fbb78f10a111bc345058a9a90265622f3,2017-10-23T11:58:39.000Z,0.0225,0xf9ac154b1c43a57228d8dd18175ce5c0386a3e8c,sell,0xe7775a6e9bcf904eb39da2b68c5efb4f9360e08c,0x250717f34f1e4a94b939b52041fcfdce240906df2f69430910d177e887cd6778
98,27.470397,0.6180839397866613,0x6413ea9b8fd8c9e90e5f1e7c3051b9f4ec08ca1e,2017-10-23T10:06:54.000Z,0.022500000265255043,0xf9ac154b1c43a57228d8dd18175ce5c0386a3e8c,buy,0xe7775a6e9bcf904eb39da2b68c5efb4f9360e08c,0x8e9799b4015934af5b3baa730ee4df793a90999a879f8407e0f59b30a1f40602
99,17.946,0.520434,0xf8b7dd23255d02052e73c9d057559450ffc93f2e,2017-10-22T20:51:34.000Z,0.029,0x273a5d3e6721b9f5c1a6474f560c1334c63dda01,sell,0xe7775a6e9bcf904eb39da2b68c5efb4f9360e08c,0xa0692609d98643410ca6726cdc0de4958466761cef78ee0f12d4c67e7b466ea6
100,18,0.405,0x273a5d3e6721b9f5c1a6474f560c1334c63dda01,2017-10-22T20:51:34.000Z,0.0225,0xf9ac154b1c43a57228d8dd18175ce5c0386a3e8c,buy,0xe7775a6e9bcf904eb39da2b68c5efb4f9360e08c,0xa0692609d98643410ca6726cdc0de4958466761cef78ee0f12d4c67e7b466ea6
101,0.925939,0.017592841,0xe3d0a0d0fcdab0f65f97c5e29b3d413e827ca3ce,2017-10-22T20:03:53.000Z,0.019,0x3b69d726ae3ebea2761de911ce87140f7b798499,sell,0xe7775a6e9bcf904eb39da2b68c5efb4f9360e08c,0x2d31fc7f811213cf84b8c815d791cad6f3e224110f6f59aad512e2fdc22b9f72
102,8.759,0.1708005,0xf9ac154b1c43a57228d8dd18175ce5c0386a3e8c,2017-10-22T12:41:37.000Z,0.0195,0xace21c0ff0656183d18af63b1b3f3c1970c7e035,buy,0xe7775a6e9bcf904eb39da2b68c5efb4f9360e08c,0x4419aa7af9b3bcc5877f9f20955ae85d2c14c6d110e1892233b299afa2d6b76a
103,0.9,0.018,0x6aff1466c2623675e3cb0e75e423d37a25e442eb,2017-10-21T22:25:56.000Z,0.02,0x69feaaa6f28bc5e8c6c533927c0a54ab6b1d7274,buy,0xe7775a6e9bcf904eb39da2b68c5efb4f9360e08c,0x212cbc51c5351800b3e03b32d744488d6436429635a5ab751a537112e4403132
104,0.279873,0.0054015489,0xf8da7d52b6174827e072ad6179254e14fa19c394,2017-10-21T05:05:07.000Z,0.0193,0xf1420d77c34098c7855407a91ff3aa6eb97142c0,sell,0xe7775a6e9bcf904eb39da2b68c5efb4f9360e08c,0x8061d5729c99c55877e29bba9f905d75cdcc8492d4c90e044afd78bfc45d51c6
105,50,1,0xf142f26d1cac4ba8a6e6d7974d243eda2fe5f4f9,2017-10-21T03:13:58.000Z,0.02,0xb049ada212db741735b4859917f6969351fcb125,buy,0xe7775a6e9bcf904eb39da2b68c5efb4f9360e08c,0xd028b35209446c9ec6128881097482ca3deab7870c5315527580f7b7ae2cf9a7
106,50,1,0xf142f26d1cac4ba8a6e6d7974d243eda2fe5f4f9,2017-10-21T03:12:21.000Z,0.02,0xb049ada212db741735b4859917f6969351fcb125,buy,0xe7775a6e9bcf904eb39da2b68c5efb4f9360e08c,0xadd91dfaaf60ad334564c8c52761ba7b76f3a7087bfac1c9f1acdae23216a330
107,9,0.17982,0xf142f26d1cac4ba8a6e6d7974d243eda2fe5f4f9,2017-10-21T02:13:34.000Z,0.01998,0xdad62a339b5cb392953f513f4c15d14f8d23c462,buy,0xe7775a6e9bcf904eb39da2b68c5efb4f9360e08c,0x07b3ebdaca4a58dfc4ab75ac2169d23b72750930c5f940a5d158e1ee04f1716f
108,74,1.47778,0xf142f26d1cac4ba8a6e6d7974d243eda2fe5f4f9,2017-10-21T02:13:34.000Z,0.01997,0xf1420d77c34098c7855407a91ff3aa6eb97142c0,buy,0xe7775a6e9bcf904eb39da2b68c5efb4f9360e08c,0x58f5bc48736b5e915cb068b0b07996a104ab5f52dd828a5965e8aee6ec775831
109,10,0.1997,0x953d1111662196af36e9d387c0f909e14111fa76,2017-10-21T00:43:45.000Z,0.01997,0xf1420d77c34098c7855407a91ff3aa6eb97142c0,buy,0xe7775a6e9bcf904eb39da2b68c5efb4f9360e08c,0xef6d2bd21fbef2c3b05250fb03361b9581d867f980e94726965c26943b640ee5
110,100,1.997,0x30dc5f4b2ac6641c8ce87d7991190ab1ecb3a68d,2017-10-20T23:07:47.000Z,0.01997,0xf1420d77c34098c7855407a91ff3aa6eb97142c0,buy,0xe7775a6e9bcf904eb39da2b68c5efb4f9360e08c,0x7f394cfa127ae60e1014f2b57f8c9e67b538578e95a281ce9ffac0211342565c
111,103.678596,2.0009969028,0xf8da7d52b6174827e072ad6179254e14fa19c394,2017-10-20T15:46:34.000Z,0.0193,0xd4f756dadd2eb06bd14066a882f611636bf16129,sell,0xe7775a6e9bcf904eb39da2b68c5efb4f9360e08c,0xa46e4f48fa4bfaa7df63d51a5d81d22e14b7e64f9c0c44b9a5a2ebe1447c0d7e
112,30,0.591,0x9778550d76b07ac9f5e57392f68ecdf6efc1774e,2017-10-20T11:40:20.000Z,0.0197,0xf9ac154b1c43a57228d8dd18175ce5c0386a3e8c,buy,0xe7775a6e9bcf904eb39da2b68c5efb4f9360e08c,0xc9d954760aac10b249b6cf53de88895ad7a55d3f11c93d384efc92a94be2defd
113,6.5,0.127335,0xf59a27dbef09c4de6851471deb581a5d59795a2c,2017-10-20T08:39:22.000Z,0.01959,0xa8596ea432d61e7a7f694a2cf73df545bfca7e26,buy,0xe7775a6e9bcf904eb39da2b68c5efb4f9360e08c,0xc5fdf95079564a9a6d8c259757d0cc7310d09dc935c65f92188eb009ecdfed8e
114,3.489183,0.06109559433,0xc1b9f63f0226efb1019425248e8af8094a7595a3,2017-10-20T02:03:36.000Z,0.01751,0x9530b0ab27f57f2d2d5e23aea464a10c65b67235,sell,0xe7775a6e9bcf904eb39da2b68c5efb4f9360e08c,0x970ec0b742c059e6475fe5e4d9eedfcb025b5ecf9f1a3fe92cd9914d78a03423
115,0.02,0.000392,0x6cdea8e07bf82d7a07dbf36642d6e5be8623845c,2017-10-19T23:53:21.000Z,0.0196,0xf9ac154b1c43a57228d8dd18175ce5c0386a3e8c,buy,0xe7775a6e9bcf904eb39da2b68c5efb4f9360e08c,0xe21897997f454a41eaae394d81b1bf7bc6d03372972b9c28eee390cbce03308e
116,19.119,0.3747324,0x04a0f6e1ebb4c12676edf01c4bd5b0020059db26,2017-10-19T13:25:28.000Z,0.0196,0xf9ac154b1c43a57228d8dd18175ce5c0386a3e8c,buy,0xe7775a6e9bcf904eb39da2b68c5efb4f9360e08c,0x0b2bdae563d9da04626a23b779af6a7f8e97ebaa30e50f14fbb33f9bad1ff1b8
117,45,0.8955,0x05adc6dedabcb279a0312b486a9c4454877070f5,2017-10-19T12:19:50.000Z,0.0199,0xf1420d77c34098c7855407a91ff3aa6eb97142c0,buy,0xe7775a6e9bcf904eb39da2b68c5efb4f9360e08c,0x0471adc5f638de63602d96058ceb3daffa9d74f40e8ab41d0a34857885e002cd
118,12.074,0.235443,0xaa666dd5b7db78516a812b772fe5c1d67c66f270,2017-10-19T01:16:56.000Z,0.0195,0xf9ac154b1c43a57228d8dd18175ce5c0386a3e8c,buy,0xe7775a6e9bcf904eb39da2b68c5efb4f9360e08c,0xa8a4208dd2f278d48ca14e14074c56862e969d043e190091940950c9e00fe32a
119,0.996909,0.0174459075,0x06811a2b589d9a80d20925ab683a32ef796b4648,2017-10-18T22:24:10.000Z,0.0175,0xbf52f67f8524587d6a7ab1f1f8d092c635b9587f,sell,0xe7775a6e9bcf904eb39da2b68c5efb4f9360e08c,0x9a2f7ea5a150ff5855a12169f904e44c2762b562235209712a08417a773a9124
120,30,0.585,0x6aff1466c2623675e3cb0e75e423d37a25e442eb,2017-10-18T18:34:58.000Z,0.0195,0xf9ac154b1c43a57228d8dd18175ce5c0386a3e8c,buy,0xe7775a6e9bcf904eb39da2b68c5efb4f9360e08c,0x1aff510edc53bfdb2b41bc8f3153cde84412c4b5de3c729854cbef414289bc8a
121,17.9,0.34905,0xf59a27dbef09c4de6851471deb581a5d59795a2c,2017-10-18T16:33:10.000Z,0.0195,0xf9ac154b1c43a57228d8dd18175ce5c0386a3e8c,buy,0xe7775a6e9bcf904eb39da2b68c5efb4f9360e08c,0x983aeb032e7aed3c1c8a863eb45ecd8bc36655f7f22ead694f60bd261e732f8a
122,0.025641,0.0005,0xf9695cd65d6dfdf257fab76a3eb0cb8f001971cc,2017-10-18T16:28:26.000Z,0.0195000195000195,0xf9ac154b1c43a57228d8dd18175ce5c0386a3e8c,buy,0xe7775a6e9bcf904eb39da2b68c5efb4f9360e08c,0xe4a0a920fd0ec085353565f41b1edc42fb32b270dbe97c979652710066466e2b
123,1,0.01998,0x3ac636ac5c3a2576156ac5f10066ca68abe0ad54,2017-10-18T16:13:43.000Z,0.01998,0xdad62a339b5cb392953f513f4c15d14f8d23c462,buy,0xe7775a6e9bcf904eb39da2b68c5efb4f9360e08c,0xfb426d99491e29e17737d7807f8a5d0825a4b34cf612764bf1dbbdeaa590a59b
124,0.026455,0.0005,0x379374d13077e8867ef31803c37baf9785a17c00,2017-10-18T15:34:36.000Z,0.0189000189000189,0x48eaedfa6ab55f414a433f0778f55ed9b827e822,buy,0xe7775a6e9bcf904eb39da2b68c5efb4f9360e08c,0x90c324ec7dbaf3f591a6021d4c0162a97160afe21f1c750e47835bae722c3528
125,65.475,1.1720025,0xf9ac154b1c43a57228d8dd18175ce5c0386a3e8c,2017-10-18T14:41:44.000Z,0.0179,0xb049ada212db741735b4859917f6969351fcb125,buy,0xe7775a6e9bcf904eb39da2b68c5efb4f9360e08c,0xe397752e9ff8d9b3d92eaac857c0e61f18b8655d8ec6acfc55b05e13f4fb24e3
126,10,0.179,0xc85d3baba724711ce7b43e746acf9c6bf38e6ec5,2017-10-18T11:45:08.000Z,0.0179,0xb049ada212db741735b4859917f6969351fcb125,buy,0xe7775a6e9bcf904eb39da2b68c5efb4f9360e08c,0xb9b4c6dc26346e2cbb55e1a3da4a8c0fb78b3e07064b56fa49e71be8493c4957
127,0.035756,0.000640034679879319,0xc85d3baba724711ce7b43e746acf9c6bf38e6ec5,2017-10-18T11:38:51.000Z,0.017900063762146746,0xb049ada212db741735b4859917f6969351fcb125,buy,0xe7775a6e9bcf904eb39da2b68c5efb4f9360e08c,0xd12c857f43f8b3f916f6680ed666e84034e7c4e1d3641a6bed0c553a87cc9032
128,1.3,0.02158091,0xf9ac154b1c43a57228d8dd18175ce5c0386a3e8c,2017-10-18T10:04:25.000Z,0.0166007,0xf81ab81ca1a6a19cc7b69b2c7876ff6543060598,sell,0xe7775a6e9bcf904eb39da2b68c5efb4f9360e08c,0xdc01f10318cc3484344fbfbaf4722a560f3aaa12264050d871aacd4cbdcc0ccd
129,12.342139,0.1975692584703,0xf9ac154b1c43a57228d8dd18175ce5c0386a3e8c,2017-10-17T23:43:19.000Z,0.0160077,0x6aff1466c2623675e3cb0e75e423d37a25e442eb,sell,0xe7775a6e9bcf904eb39da2b68c5efb4f9360e08c,0x93d388385bf71a965376c005496477a3803e79cbde3dc8f08c9407f08568204e
130,2,0.0358,0xe90379a8a74f550d491e991e1dacc1a98dd467a6,2017-10-17T19:20:02.000Z,0.0179,0xb049ada212db741735b4859917f6969351fcb125,buy,0xe7775a6e9bcf904eb39da2b68c5efb4f9360e08c,0x368f9bf41a7d6bb27b8e189dbad68b358033d86795bf63bb66f036f08d2936dd
131,0.027932,0.0005,0x16e5d97bbc92417e051e3b2cabfbf8ceea2acb9c,2017-10-17T18:32:13.000Z,0.017900615781182874,0xb049ada212db741735b4859917f6969351fcb125,buy,0xe7775a6e9bcf904eb39da2b68c5efb4f9360e08c,0xbff38fc14df34b1a57d52af52be33c35993919f11353ddfc2a50a184098c5421
132,0.027932,0.0005,0xcd912af5286dc0b0a23edb30209734ecb60838b3,2017-10-17T06:11:46.000Z,0.017900615781182874,0xb049ada212db741735b4859917f6969351fcb125,buy,0xe7775a6e9bcf904eb39da2b68c5efb4f9360e08c,0x2b2b3bde524edf0efad445959f25b4b13666b8505620d9395c51200f12987cca
133,80,1.1608008,0x3dee4a4e076e8d82859d241db0baf46f112cfa23,2017-10-17T00:22:08.000Z,0.01451001,0xafce3d722a5988a4e3f9eac3a8f0eacf05a1b7bf,sell,0xe7775a6e9bcf904eb39da2b68c5efb4f9360e08c,0x2b875205976e86240e29372fb78f42d1a5374aa2a9a00f01b2f139638b3fc74d
134,70,1.015707,0xe4bbba7bedcb7bab98a14e59a723d4338abc1e62,2017-10-17T00:22:08.000Z,0.0145101,0xafce3d722a5988a4e3f9eac3a8f0eacf05a1b7bf,sell,0xe7775a6e9bcf904eb39da2b68c5efb4f9360e08c,0x1ed8f362f2edd806e66610681c77dd5bc4b1c1c67ee65cb89466cd0425b6c583
135,135.802,1.969129,0xf9ac154b1c43a57228d8dd18175ce5c0386a3e8c,2017-10-17T00:20:09.000Z,0.0145,0xafce3d722a5988a4e3f9eac3a8f0eacf05a1b7bf,sell,0xe7775a6e9bcf904eb39da2b68c5efb4f9360e08c,0x49b92413c7e08d5cc3f6f8146c5a48de4e06f6fc97b3975b56c7d0e54376af8a
136,33.52,0.600008,0x6aff1466c2623675e3cb0e75e423d37a25e442eb,2017-10-16T21:09:09.000Z,0.0179,0xb049ada212db741735b4859917f6969351fcb125,buy,0xe7775a6e9bcf904eb39da2b68c5efb4f9360e08c,0x35f4a8c4649f73168b6e8e58cd3fdfa0a695395a9a764d34fcbb96d1bd7b0be9
137,6.385476,0.11430002494842997,0x5b137a2ce3828dc285b7fe7d5276cdb5e736e8ff,2017-10-16T20:52:26.000Z,0.01790000071230868,0xb049ada212db741735b4859917f6969351fcb125,buy,0xe7775a6e9bcf904eb39da2b68c5efb4f9360e08c,0x9b2726e84669e894bc54bccee7c3d2bcae7c0e5f9c6aac8924f9ef880b7cf182
138,58.284,0.990828,0x6aff1466c2623675e3cb0e75e423d37a25e442eb,2017-10-16T20:40:04.000Z,0.017,0x431da5d629cb7770d14561fac09c6b5df61af62b,buy,0xe7775a6e9bcf904eb39da2b68c5efb4f9360e08c,0xe26423c9348b8c058d71a32056c83a94b009d112e998578bb929a64fda41ae41
139,0.3,0.00537,0xe90379a8a74f550d491e991e1dacc1a98dd467a6,2017-10-16T14:44:13.000Z,0.0179,0xb049ada212db741735b4859917f6969351fcb125,buy,0xe7775a6e9bcf904eb39da2b68c5efb4f9360e08c,0xe9169a162b30f8db2e657cb3105db81ea270a43192dabdf74b3bbad1595298b8
140,0.745632,0.01311566688,0xe90379a8a74f550d491e991e1dacc1a98dd467a6,2017-10-16T14:34:42.000Z,0.01759,0x5104efc872d45dba3a97bf02aebe240dfc283321,buy,0xe7775a6e9bcf904eb39da2b68c5efb4f9360e08c,0xe20dbc1ba5c6a343a55c6969e3e9d4610a8ff388e005d680c2048d65957d5978
141,25.925,0.461439075,0x6aff1466c2623675e3cb0e75e423d37a25e442eb,2017-10-16T12:13:32.000Z,0.017799,0x17d5eccf0ae83671b5bb863ff0b55bdea91f54c2,buy,0xe7775a6e9bcf904eb39da2b68c5efb4f9360e08c,0xb3c061f96d44543e74a514e737ad2863ff756666e4bc8520b81af5eb580e601c
142,56.183,1.000001217,0x6aff1466c2623675e3cb0e75e423d37a25e442eb,2017-10-16T12:09:43.000Z,0.017799,0x17d5eccf0ae83671b5bb863ff0b55bdea91f54c2,buy,0xe7775a6e9bcf904eb39da2b68c5efb4f9360e08c,0x9e8cc6c67d6a749ee4236e36b453934aa6c5d607e8516ca9f66a46b016d5933b
143,20.507,0.365004093,0x6aff1466c2623675e3cb0e75e423d37a25e442eb,2017-10-16T11:34:27.000Z,0.017799,0x17d5eccf0ae83671b5bb863ff0b55bdea91f54c2,buy,0xe7775a6e9bcf904eb39da2b68c5efb4f9360e08c,0x183ca74375e13c2241acaeb015dfc1e3e186afc80c1350cbbb77146331e05696
144,69,0.9660069,0x3dee4a4e076e8d82859d241db0baf46f112cfa23,2017-10-16T08:59:19.000Z,0.0140001,0x6aff1466c2623675e3cb0e75e423d37a25e442eb,sell,0xe7775a6e9bcf904eb39da2b68c5efb4f9360e08c,0xd9f18fc92e50a236adf292136b546d2b7d9eab04ee6ed01e348f1345dbe84527
145,0.2,0.003,0x58fecd2c8d3d2daafab15e30798963b39fdcda9a,2017-10-16T08:55:15.000Z,0.015,0x6aff1466c2623675e3cb0e75e423d37a25e442eb,sell,0xe7775a6e9bcf904eb39da2b68c5efb4f9360e08c,0xc782440e2b5e17b4c8c663d3978fd8a775b9f282dd69811d45d8096e716eefda
146,10,0.140001,0x3dee4a4e076e8d82859d241db0baf46f112cfa23,2017-10-16T03:06:50.000Z,0.0140001,0x5104efc872d45dba3a97bf02aebe240dfc283321,sell,0xe7775a6e9bcf904eb39da2b68c5efb4f9360e08c,0x5fba45984d027b1d294b084052325200a46219abd070d4f2bbde4b32a36913b2
147,4.21236,0.07413755258698036,0x00631ead561bc0f8da57ce4c0bb8d7764ae885f1,2017-10-15T22:21:46.000Z,0.01760000393769297,0x5104efc872d45dba3a97bf02aebe240dfc283321,buy,0xe7775a6e9bcf904eb39da2b68c5efb4f9360e08c,0xf66decf12d8bb7e4386d6ee36b8e919b36b7df5043c4453febbe145730935d7f
148,0.027932,0.0005,0x3bfdec5343e950ce45522eef9948c977631b4000,2017-10-15T20:46:31.000Z,0.017900615781182874,0xb049ada212db741735b4859917f6969351fcb125,buy,0xe7775a6e9bcf904eb39da2b68c5efb4f9360e08c,0x9b0048e70c630a2b0e671ed8fb731808c8156d4fa2339ef5f2f81ff21dae6590
149,0.027932,0.0005,0x350f6f675b20d606bb7f6c412ef4775c9bc57168,2017-10-15T20:46:31.000Z,0.017900615781182874,0xb049ada212db741735b4859917f6969351fcb125,buy,0xe7775a6e9bcf904eb39da2b68c5efb4f9360e08c,0x75b37b619833345c66903df83c3629ffe79decf76faf77577ced9135e2767847
150,5,0.06805,0x48eaedfa6ab55f414a433f0778f55ed9b827e822,2017-10-15T03:33:16.000Z,0.01361,0x5104efc872d45dba3a97bf02aebe240dfc283321,sell,0xe7775a6e9bcf904eb39da2b68c5efb4f9360e08c,0x811522407d884555b088459a9f819d1a14df2aba5e0c1c93e5740446dad2b8c4
151,27.852187,0.49855415032516875,0x6aff1466c2623675e3cb0e75e423d37a25e442eb,2017-10-13T18:13:29.000Z,0.017900000108615127,0xb049ada212db741735b4859917f6969351fcb125,buy,0xe7775a6e9bcf904eb39da2b68c5efb4f9360e08c,0x312debf10f3c3a2c58b45fc536ce0172a6a63948e96759818289f5a991cfbc8b
152,55.680553,0.9966819117679986,0x6aff1466c2623675e3cb0e75e423d37a25e442eb,2017-10-13T17:54:47.000Z,0.017900000234695918,0xb049ada212db741735b4859917f6969351fcb125,buy,0xe7775a6e9bcf904eb39da2b68c5efb4f9360e08c,0x2b77c8dff457d27f7d9f2bfa14a57f2845eecd8aa72edbd40b4c624236ecbd95
153,18.436,0.3300044,0x6aff1466c2623675e3cb0e75e423d37a25e442eb,2017-10-13T16:08:47.000Z,0.0179,0xb049ada212db741735b4859917f6969351fcb125,buy,0xe7775a6e9bcf904eb39da2b68c5efb4f9360e08c,0xd7a5cb5afc723f037b9b566ae15662e3c4c863cde8da5e78128ea86b785cc968
154,16.76,0.300004,0x6aff1466c2623675e3cb0e75e423d37a25e442eb,2017-10-13T16:05:38.000Z,0.0179,0xb049ada212db741735b4859917f6969351fcb125,buy,0xe7775a6e9bcf904eb39da2b68c5efb4f9360e08c,0xfcb3ffb84f8acaca6fad6f2d5e4688eb9059589775a9317214f4885f132c9970
155,3.74274,0.06699504688584403,0x6aff1466c2623675e3cb0e75e423d37a25e442eb,2017-10-13T15:02:42.000Z,0.017900000236683294,0xb049ada212db741735b4859917f6969351fcb125,buy,0xe7775a6e9bcf904eb39da2b68c5efb4f9360e08c,0x1c5a74afad012c5d016343fdb6fdd2f842f0e0e6385f37dccb748d74e5570bbc
156,44.693,0.8000047,0x6aff1466c2623675e3cb0e75e423d37a25e442eb,2017-10-13T15:00:37.000Z,0.0179,0xb049ada212db741735b4859917f6969351fcb125,buy,0xe7775a6e9bcf904eb39da2b68c5efb4f9360e08c,0x2510a33ff4a9b760c4ba68ed280609b3153d7124f6ab93947b32266d33d92c22
157,32.085,0.64137915,0x6aff1466c2623675e3cb0e75e423d37a25e442eb,2017-10-13T15:00:03.000Z,0.01999,0x48eaedfa6ab55f414a433f0778f55ed9b827e822,buy,0xe7775a6e9bcf904eb39da2b68c5efb4f9360e08c,0x77bcd03d03de3e6d48cb7c9682faa110e62d73acbbe481fee53b05e6ee784fc5
158,5.571553,0.09973081190141549,0x6aff1466c2623675e3cb0e75e423d37a25e442eb,2017-10-13T14:38:22.000Z,0.017900002369431914,0xb049ada212db741735b4859917f6969351fcb125,buy,0xe7775a6e9bcf904eb39da2b68c5efb4f9360e08c,0x8c079b49ece0ad92c43fa7b6d918fccc8e0a1172364ed4f1e3ff6bac26f69edb
159,22.333753,0.3997741830988076,0x6aff1466c2623675e3cb0e75e423d37a25e442eb,2017-10-13T14:28:22.000Z,0.01790000019695783,0xb049ada212db741735b4859917f6969351fcb125,buy,0xe7775a6e9bcf904eb39da2b68c5efb4f9360e08c,0x39c0adcb8b5bdbf7fd6e958b720a0b262aa327875971b67ce34ce3efcba6d8a0
160,89.727674,1.51370586038,0x7470d3d0cd75413f11a2fe76b018594ea981ea79,2017-10-13T06:09:35.000Z,0.01687,0xd35cc4db1066b87373c5b83f2a033b4aabb8a1f2,sell,0xe7775a6e9bcf904eb39da2b68c5efb4f9360e08c,0x3ce467f8132857349f5d86046b49dc09c57b144ceac5d173b326357baa4f727e
161,5,0.088059995,0x6aff1466c2623675e3cb0e75e423d37a25e442eb,2017-10-13T01:11:45.000Z,0.017611999,0xa8596ea432d61e7a7f694a2cf73df545bfca7e26,buy,0xe7775a6e9bcf904eb39da2b68c5efb4f9360e08c,0xb0bd7350b5fa53f5e93fd362a596cca8574ece0c57c09dd4b16a1ce40c5bda2b
162,28.208,0.4999980832,0x6aff1466c2623675e3cb0e75e423d37a25e442eb,2017-10-12T23:45:16.000Z,0.0177254,0xa8596ea432d61e7a7f694a2cf73df545bfca7e26,buy,0xe7775a6e9bcf904eb39da2b68c5efb4f9360e08c,0xa84c06112df09aed332d001b1e500473c7db0ebbcede7d76fbc8f6e6d62ca97c
163,55.307,0.9899953,0x6aff1466c2623675e3cb0e75e423d37a25e442eb,2017-10-12T23:39:00.000Z,0.0179,0xb049ada212db741735b4859917f6969351fcb125,buy,0xe7775a6e9bcf904eb39da2b68c5efb4f9360e08c,0xa39c892f3896f987c896fe7dd043ac581dbfbcf4943fffc57e4cca5546ac389c
164,56,1.0023944,0x6aff1466c2623675e3cb0e75e423d37a25e442eb,2017-10-12T23:29:26.000Z,0.0178999,0xa8596ea432d61e7a7f694a2cf73df545bfca7e26,buy,0xe7775a6e9bcf904eb39da2b68c5efb4f9360e08c,0xb66f8853d733d53609095449017043c1c19d0cc61623004cc99812eb935a538d
165,55.698835,0.9970091601388454,0x6aff1466c2623675e3cb0e75e423d37a25e442eb,2017-10-12T22:28:00.000Z,0.0179000002448677,0xb049ada212db741735b4859917f6969351fcb125,buy,0xe7775a6e9bcf904eb39da2b68c5efb4f9360e08c,0x24ebccec83ff3f68748151ef92fdf9d848f257dd10ac8c2ecb8861401dfd8b2b
166,2.659529,0.04486625423,0x7470d3d0cd75413f11a2fe76b018594ea981ea79,2017-10-12T22:01:28.000Z,0.01687,0xb47d01d50bab56c217d0ea340be484f472a36773,sell,0xe7775a6e9bcf904eb39da2b68c5efb4f9360e08c,0x897b3cdc443258005f2a9c689922b1515e6aba0337280bda493a3be1148cf305
167,3,0.0477,0x17f2f425ad47a48522e730e9630e73f0a12aec02,2017-10-12T13:18:13.000Z,0.0159,0x5104efc872d45dba3a97bf02aebe240dfc283321,buy,0xe7775a6e9bcf904eb39da2b68c5efb4f9360e08c,0x6de0d7cd9b034e4edda75938e8d5c0b55a825f37af977ba78974dfa010e25410
168,70,1.253,0x956dc60c714883c17a7d0828d2178d51c5e377e1,2017-10-12T08:08:25.000Z,0.0179,0xb049ada212db741735b4859917f6969351fcb125,buy,0xe7775a6e9bcf904eb39da2b68c5efb4f9360e08c,0x28e478c869949082a5b289f4fcb0ac142299bc708efcc81a93ae044ac44f20f6
169,2,0.0318,0xaa569b62d106d4d59773c55e230d0373cd82f6a5,2017-10-12T04:44:40.000Z,0.0159,0x5104efc872d45dba3a97bf02aebe240dfc283321,buy,0xe7775a6e9bcf904eb39da2b68c5efb4f9360e08c,0x430578545951b19224c986e7da8c338afc26d43403a0399094def2ca181d609b
170,17.569,0.281104,0xd760ef23c9a203bd3718e91fc08b412ed49c5846,2017-10-12T04:44:40.000Z,0.016,0x956dc60c714883c17a7d0828d2178d51c5e377e1,buy,0xe7775a6e9bcf904eb39da2b68c5efb4f9360e08c,0x72517013d7958e2c6cd26dafbde3230c88a7273ce8f995232976ae60f0f17c99
171,5,0.0795,0xdea025c3f2bc0f876f3649568e7c93d9396e6958,2017-10-11T23:15:58.000Z,0.0159,0x5104efc872d45dba3a97bf02aebe240dfc283321,buy,0xe7775a6e9bcf904eb39da2b68c5efb4f9360e08c,0x888dce98001dc1d39093c50bd35cd217ae5994947f9a5cecd0ae04ae037464ef
172,13,0.195,0x019edcb493bd91e2b25b70f26d5d9041fd7ef946,2017-10-11T13:34:13.000Z,0.015,0x956dc60c714883c17a7d0828d2178d51c5e377e1,sell,0xe7775a6e9bcf904eb39da2b68c5efb4f9360e08c,0xa373c92c05f82483fdc970bf33af1064e2eac6491277883e87423d12ade99d7e
173,35.248,0.52872,0xeae49d8a0bff6abac8ba67409b8ec15a3801968c,2017-10-11T13:31:33.000Z,0.015,0x956dc60c714883c17a7d0828d2178d51c5e377e1,sell,0xe7775a6e9bcf904eb39da2b68c5efb4f9360e08c,0x55759da324b7b013d9d6d217dc8d9e022b63760fcc7a6823e3ac52ea2f922155
174,39,0.77922,0x5a6ea848c1ea89a48aa52ea2a1581bc7255708bb,2017-10-09T17:29:56.000Z,0.01998,0x79be04cb83a36114272286146667e0f7e52e01fc,buy,0xe7775a6e9bcf904eb39da2b68c5efb4f9360e08c,0x35580a6b87d9047bc7dfe463a7c244c071442a243fe1c67881e502b678f57f79
175,0.009918,0.00012605787918,0x3dee4a4e076e8d82859d241db0baf46f112cfa23,2017-10-08T21:51:44.000Z,0.01271001,0x9b5c533d9fb52df389a46371ae3b72141d301f5a,sell,0xe7775a6e9bcf904eb39da2b68c5efb4f9360e08c,0x3860c75df74f2366a846596b2fcc559f90953b5407ce731b5221a662cd8d3e16
176,99.474628,1.293170164,0xb543dc837dad5e6dd2b896e7ced4cc48644d1eaf,2017-10-08T21:31:18.000Z,0.013,0x9b5c533d9fb52df389a46371ae3b72141d301f5a,sell,0xe7775a6e9bcf904eb39da2b68c5efb4f9360e08c,0x007079f5d990d1ed3d5e6261829389f3282b75131e8025024c68823c7b8ff870
177,79,1.00409079,0x3dee4a4e076e8d82859d241db0baf46f112cfa23,2017-10-08T11:14:58.000Z,0.01271001,0xbc716ed08068f00ebd1f009ed0111879b4533443,sell,0xe7775a6e9bcf904eb39da2b68c5efb4f9360e08c,0x410b2ec14eca3de4758cd6d32a4078e5314d9e4968b7a85372143d4a4a47b367
178,18.949788,0.265297032,0x28ea8c3bc23d322a30200dff9281569295196cc7,2017-10-08T10:46:33.000Z,0.014,0xbc716ed08068f00ebd1f009ed0111879b4533443,sell,0xe7775a6e9bcf904eb39da2b68c5efb4f9360e08c,0xd34fcd492568c54a0bd6e1ef7e006e96a991350c6909dc8734ed84c4dee3aadb
179,60,0.84006,0xc2f897135ac2eb4f165aa784561f7174dce55a59,2017-10-08T10:45:32.000Z,0.014001,0xbc716ed08068f00ebd1f009ed0111879b4533443,sell,0xe7775a6e9bcf904eb39da2b68c5efb4f9360e08c,0x364005602a21627cbf1aca2e9ad7f7b2e5df5662b0c436a1232897e6c8f1e84e
180,1.041666,0.016666656,0x5d5065b42bdee0274e394ba9042c21e1818c69cf,2017-10-08T00:58:48.000Z,0.016,0x5100dadf11113b0730829d2047b9df4da1d80e68,sell,0xe7775a6e9bcf904eb39da2b68c5efb4f9360e08c,0x8e577c0eb052805c1438f554a1960f3e6b401a2462edd8d8b058db1fa2b25277
181,1.050212,0.014702968,0x28ea8c3bc23d322a30200dff9281569295196cc7,2017-10-08T00:58:48.000Z,0.014,0x5100dadf11113b0730829d2047b9df4da1d80e68,sell,0xe7775a6e9bcf904eb39da2b68c5efb4f9360e08c,0x80be07e2f266510dad2bb59b9db7aac8f4a009578b844568b535e4f8396369b2
182,1.050212,0.014702968,0x28ea8c3bc23d322a30200dff9281569295196cc7,2017-10-08T00:57:56.000Z,0.014,0x5100dadf11113b0730829d2047b9df4da1d80e68,sell,0xe7775a6e9bcf904eb39da2b68c5efb4f9360e08c,0x80be07e2f266510dad2bb59b9db7aac8f4a009578b844568b535e4f8396369b2
183,0.142893,0.002286288,0xcbe0168b15d763b37a56d3ee3841dcee038ec8e5,2017-10-08T00:50:41.000Z,0.016,0x5100dadf11113b0730829d2047b9df4da1d80e68,sell,0xe7775a6e9bcf904eb39da2b68c5efb4f9360e08c,0x911097a20d7072f000d745a898971b606013a36996619af5e14d55c935b31e7b
184,39.107839,0.6257254392597512,0x79be04cb83a36114272286146667e0f7e52e01fc,2017-10-07T12:08:28.000Z,0.016000000390196736,0xe89a2a7a15cbaae3c58a03d79485373e216226d6,buy,0xe7775a6e9bcf904eb39da2b68c5efb4f9360e08c,0x65f92f8c8b7782d59837034cce71524a15026f10f0038e68d098b4521abd1a10
185,19.517932,0.312286912,0xcbe0168b15d763b37a56d3ee3841dcee038ec8e5,2017-10-06T22:30:21.000Z,0.016,0xbbe8a82dc936ac8a7f188624e42a1253dbb279ec,sell,0xe7775a6e9bcf904eb39da2b68c5efb4f9360e08c,0x2c5d50523a28cc295b10e082e4c55a056c93a56d966157c65ba907bf286e9aa4
186,14,0.224,0xe03d6982dc67599496ddc2bc6fdefbd6bc85a2d1,2017-10-06T19:04:33.000Z,0.016,0xe89a2a7a15cbaae3c58a03d79485373e216226d6,buy,0xe7775a6e9bcf904eb39da2b68c5efb4f9360e08c,0x460360bba7e52edd8b7e83e32dfaa58e0c2c70799a0c20152db25e368569d0b6
187,58.284297,0.7402105719,0x431da5d629cb7770d14561fac09c6b5df61af62b,2017-10-06T02:57:22.000Z,0.0127,0xd35cc4db1066b87373c5b83f2a033b4aabb8a1f2,sell,0xe7775a6e9bcf904eb39da2b68c5efb4f9360e08c,0xf5506348d7078196cc0c00c60deb6164745a80d0dee5ed4952876e9c8fe5d873
188,1,0.0139,0xbf52f67f8524587d6a7ab1f1f8d092c635b9587f,2017-10-05T14:21:31.000Z,0.0139,0xd35cc4db1066b87373c5b83f2a033b4aabb8a1f2,buy,0xe7775a6e9bcf904eb39da2b68c5efb4f9360e08c,0xf0bd5eedd9456ebc3628555a34f719880bc3ad12360507b3334c228fc76099a1
189,27.539464,0.3827985582080735,0xd25a67dacd02085b996309011bb4b86b8049cd70,2017-10-04T21:35:08.000Z,0.013900000312572297,0xd35cc4db1066b87373c5b83f2a033b4aabb8a1f2,buy,0xe7775a6e9bcf904eb39da2b68c5efb4f9360e08c,0x7eb662ff90f4a7aef0fc6f15a943e66a3cd96faf5789ad85053b55e10d646e4f
190,1,0.0139,0x0249924245a19aa2d7f5ddb0739a7132b7d094ab,2017-10-04T19:44:36.000Z,0.0139,0xd35cc4db1066b87373c5b83f2a033b4aabb8a1f2,buy,0xe7775a6e9bcf904eb39da2b68c5efb4f9360e08c,0x0bc73e282bb06c1af83ec58c0b00fc2061ac530fdfc83c87907293a724396587
191,87.897516,1.04598131937516,0x3dee4a4e076e8d82859d241db0baf46f112cfa23,2017-10-04T15:36:03.000Z,0.01190001,0xbfb50b318ebd18975bd60b8d21488a8595debe74,sell,0xe7775a6e9bcf904eb39da2b68c5efb4f9360e08c,0xe9da0ac652ab67ca63694752a2e830192ce23972a2c7a2450cd478d5cf753ed2
192,110,1.34442,0xd35cc4db1066b87373c5b83f2a033b4aabb8a1f2,2017-10-04T15:34:47.000Z,0.012222,0xbfb50b318ebd18975bd60b8d21488a8595debe74,sell,0xe7775a6e9bcf904eb39da2b68c5efb4f9360e08c,0xbabb03bd6c81bfb3a42d4834c22b675af187a393ab5d5655b4a4b2fe7d2dd2c0
193,15,0.24,0x9938ca4d15f2c249431d6621984e3743c0add8ec,2017-10-04T07:59:15.000Z,0.016,0xe89a2a7a15cbaae3c58a03d79485373e216226d6,buy,0xe7775a6e9bcf904eb39da2b68c5efb4f9360e08c,0xccd7d8284bb41534d04cf5af2e9960d16bf2f0d7c53a133dc4c2ca66346ad717
194,5,0.08,0xe03d6982dc67599496ddc2bc6fdefbd6bc85a2d1,2017-10-04T00:39:13.000Z,0.016,0xe89a2a7a15cbaae3c58a03d79485373e216226d6,buy,0xe7775a6e9bcf904eb39da2b68c5efb4f9360e08c,0x3a4c6c19dd3919e431ff06f6000851b046295d60fde3ffc649ffa2af4f9c5714
195,3,0.03666,0xd35cc4db1066b87373c5b83f2a033b4aabb8a1f2,2017-10-03T07:03:12.000Z,0.01222,0x0fc58f715c62bdb2d64cd5390d18f0b0d31c5bea,buy,0xe7775a6e9bcf904eb39da2b68c5efb4f9360e08c,0xd66fec4d56ad21fead96539fb235b1479d7d004772b9bd4ba1aa1a8c820c6bc5
196,48.395,0.6726905,0x6a98a29aa33d70da419bde4a0524d7fc039c5c93,2017-10-02T08:53:15.000Z,0.0139,0xd35cc4db1066b87373c5b83f2a033b4aabb8a1f2,sell,0xe7775a6e9bcf904eb39da2b68c5efb4f9360e08c,0x6cfbd071bb0a8c209357994200b623763045d4460bc42368f562df79bf15514c
197,23.504819,0.3267169841,0x6a98a29aa33d70da419bde4a0524d7fc039c5c93,2017-10-02T06:20:27.000Z,0.0139,0xaa85b24ac88a0a235f1977821194adce1cda9144,sell,0xe7775a6e9bcf904eb39da2b68c5efb4f9360e08c,0xcbcef48ea1451446f06f92f518a7f7d8f146cac2f72eb88d7507cf5488a4040d
198,14.95438,0.1776580344,0xd35cc4db1066b87373c5b83f2a033b4aabb8a1f2,2017-09-29T02:18:27.000Z,0.01188,0x3dee4a4e076e8d82859d241db0baf46f112cfa23,sell,0xe7775a6e9bcf904eb39da2b68c5efb4f9360e08c,0xeea7f170ed487cfa2993fd2b4f447a4876e7f4efc7b2c59ad0c4d40eb7c9e8d6
199,0.1,0.001297777,0xa0be78d2bac6a692adba423c7af50ec86a18bddf,2017-09-28T14:45:18.000Z,0.01297777,0xd35cc4db1066b87373c5b83f2a033b4aabb8a1f2,buy,0xe7775a6e9bcf904eb39da2b68c5efb4f9360e08c,0x62a972ad08d53391f88563afa21dfae3a3d7af22db5752c1ccbc50590f042a87
200,25,0.3245,0xdad62a339b5cb392953f513f4c15d14f8d23c462,2017-09-27T09:25:39.000Z,0.01298,0x3dee4a4e076e8d82859d241db0baf46f112cfa23,buy,0xe7775a6e9bcf904eb39da2b68c5efb4f9360e08c,0xc7414b38ddafd3cb6eecf8da549ad8932df52a8a6c6b08b30cd80eb1e23de997
201,46.894626,0.539288199,0xd760ef23c9a203bd3718e91fc08b412ed49c5846,2017-09-26T16:55:51.000Z,0.0115,0x7acc335f56bdd0d60282d9274d10ea5952000ec2,sell,0xe7775a6e9bcf904eb39da2b68c5efb4f9360e08c,0x3556a3ac42112bda8e79a178dc80ab747bf13545be53f077e1b21e040565833f
202,10,0.12003,0xd760ef23c9a203bd3718e91fc08b412ed49c5846,2017-09-26T15:10:08.000Z,0.012003,0x7acc335f56bdd0d60282d9274d10ea5952000ec2,sell,0xe7775a6e9bcf904eb39da2b68c5efb4f9360e08c,0x54b86832e6e6831262415421a2cce1a68cbd9cc9a87bc1613c13371c797b06d7
203,7,0.084,0x9530b0ab27f57f2d2d5e23aea464a10c65b67235,2017-09-26T06:10:58.000Z,0.012,0xcfb24078f58ff713c64532edf38bf9e217a444f0,sell,0xe7775a6e9bcf904eb39da2b68c5efb4f9360e08c,0xd59703d69711d2382e0740fe6d7cd88bae39a126fc3237613714eb17b54fbdc6
204,0.035971,0.0005,0xc886b21b865e7c90432d9b8bdb14ad254f2232f5,2017-09-25T10:34:26.000Z,0.013900086180534319,0xd35cc4db1066b87373c5b83f2a033b4aabb8a1f2,buy,0xe7775a6e9bcf904eb39da2b68c5efb4f9360e08c,0xc8960b71d750307e28a8df824b7fefbb56addada549f2825910ec8d4755eb779
205,0.035971,0.0005,0xe37bd4d49c619e748d4efe74525489d26b6aff43,2017-09-25T09:08:11.000Z,0.013900086180534319,0xd35cc4db1066b87373c5b83f2a033b4aabb8a1f2,buy,0xe7775a6e9bcf904eb39da2b68c5efb4f9360e08c,0xc27e822e4210fc4b0e092f70e060ac0a6a0e89d19ca643840619203daabab3cf
206,0.035971,0.0005,0x23ee598e50ff1b1bde1022bf3c8a41d4c23321a0,2017-09-25T00:57:01.000Z,0.013900086180534319,0xd35cc4db1066b87373c5b83f2a033b4aabb8a1f2,buy,0xe7775a6e9bcf904eb39da2b68c5efb4f9360e08c,0x3f78b22dd0ec5ac0196becaec63e6028221d0594d8502ae6f7aee893753ea933
207,0.035971,0.0005,0xe5a759eb3e214ff0a2bbbea31acc41c9bf27b239,2017-09-25T00:34:29.000Z,0.013900086180534319,0xd35cc4db1066b87373c5b83f2a033b4aabb8a1f2,buy,0xe7775a6e9bcf904eb39da2b68c5efb4f9360e08c,0x2cf15c308aceba7b8ad69c8f9d0b88e97c1708913d5f8eafb2d63ca092d6376f
208,0.035971,0.0005,0x160506e5a5ce5dadd43623689f53d5aa1f288f0f,2017-09-25T00:18:46.000Z,0.013900086180534319,0xd35cc4db1066b87373c5b83f2a033b4aabb8a1f2,buy,0xe7775a6e9bcf904eb39da2b68c5efb4f9360e08c,0x4cb00a0e701f45a3137d5e90879bda166e3903de9b1af51bfb24081786c53fb7
209,28.544873,0.342538476,0x48eaedfa6ab55f414a433f0778f55ed9b827e822,2017-09-24T04:07:55.000Z,0.012,0xf81ab81ca1a6a19cc7b69b2c7876ff6543060598,sell,0xe7775a6e9bcf904eb39da2b68c5efb4f9360e08c,0xb8f172b1d3f1c603f49c7f53ecbfb407330618ed3b95e81a753047afbbefe7af
210,0.03125,0.0005,0xc22f5ab4f1591613a92b4d172cc7f4e4a5af58cd,2017-09-23T23:30:16.000Z,0.016,0xe89a2a7a15cbaae3c58a03d79485373e216226d6,buy,0xe7775a6e9bcf904eb39da2b68c5efb4f9360e08c,0xc9c4e7569f208507156d378977b92edf3257d4c9962d0300af6bdaa2d58612a6
211,0.03125,0.0005,0x452b06f1c61cff4c9bebaa405319a7c3b12553a2,2017-09-23T23:29:51.000Z,0.016,0xe89a2a7a15cbaae3c58a03d79485373e216226d6,buy,0xe7775a6e9bcf904eb39da2b68c5efb4f9360e08c,0x3095b3eeb285b81084a2ca76b987df7d47dc8172a7f0cf656eddd4a04e0dbc9a
212,3.540025,0.0424803,0x48eaedfa6ab55f414a433f0778f55ed9b827e822,2017-09-23T22:58:50.000Z,0.012,0xf142f26d1cac4ba8a6e6d7974d243eda2fe5f4f9,sell,0xe7775a6e9bcf904eb39da2b68c5efb4f9360e08c,0x12511ab87560b01219fc806d2674e8da77d5afb6ead62d9524f8703b84ad4d62
213,95,1.151685,0xd35cc4db1066b87373c5b83f2a033b4aabb8a1f2,2017-09-23T22:54:17.000Z,0.012123,0xf142f26d1cac4ba8a6e6d7974d243eda2fe5f4f9,sell,0xe7775a6e9bcf904eb39da2b68c5efb4f9360e08c,0xa1eba9ee42d5dc334c1bac3ea6774ea0bb7b1434a3e27940919f58d5d50a84dd
214,0.03125,0.0005,0x2ba19ec4bcd5ae8de66b110bde5ebf41092bd02f,2017-09-23T20:44:56.000Z,0.016,0xe89a2a7a15cbaae3c58a03d79485373e216226d6,buy,0xe7775a6e9bcf904eb39da2b68c5efb4f9360e08c,0xb8bbbee132f6acb01f712fb6c123ba2fc658623781e77de830e32a5bbe9c96ad
215,21.186807,0.33898892061224883,0x85d60b051652e2a27f32f72c22fe0700bee8621d,2017-09-23T16:50:06.000Z,0.016000000406491115,0xe89a2a7a15cbaae3c58a03d79485373e216226d6,buy,0xe7775a6e9bcf904eb39da2b68c5efb4f9360e08c,0x54f20a49ad946c8f3561da9d1577a94c65dcb2f0f64db114c3e5a4c70a7f431f
216,0.03125,0.0005,0x18a902dc44442205b4ba2b1dc038e67506d22c55,2017-09-23T16:34:13.000Z,0.016,0xe89a2a7a15cbaae3c58a03d79485373e216226d6,buy,0xe7775a6e9bcf904eb39da2b68c5efb4f9360e08c,0x86baae3bb22f0f70892bf3eeae356e1a6c9ab90cc6c2fa08b2d30896dcaf782d
217,0.03125,0.0005,0xd868b838b5de79f1e540b5d83c9e9a3d0b3810cd,2017-09-23T16:31:50.000Z,0.016,0xe89a2a7a15cbaae3c58a03d79485373e216226d6,buy,0xe7775a6e9bcf904eb39da2b68c5efb4f9360e08c,0x2ddf1c650c58fb7bd847ac629c4b32fc0c2bd5bd7891a953cdd7b83f34a347e1
218,0.1,0.0016,0x636d925f140f761f7a0e600db2177dd068ddada1,2017-09-23T11:49:26.000Z,0.016,0xe89a2a7a15cbaae3c58a03d79485373e216226d6,buy,0xe7775a6e9bcf904eb39da2b68c5efb4f9360e08c,0xd7d439f60ca56428b905eb449b01f9f85f166916dd58c282890a5164969b0c9d
219,6.918193,0.083018316,0x48eaedfa6ab55f414a433f0778f55ed9b827e822,2017-09-22T21:10:34.000Z,0.012,0xfd7997b32e69e101e1035d0d7530df1a79edf807,sell,0xe7775a6e9bcf904eb39da2b68c5efb4f9360e08c,0xd003410235b0164b879a0d3b3dd66702f78b292782d31ab5882afdffc8ed430b
220,0.996909,0.011962908,0x48eaedfa6ab55f414a433f0778f55ed9b827e822,2017-09-22T14:32:09.000Z,0.012,0x719b8be8e2c3f07575d41a2580011db702029e5b,sell,0xe7775a6e9bcf904eb39da2b68c5efb4f9360e08c,0x326abe5cab884524594b2acbbc664efeb0517beb3724e5839c224c8631a92f78
221,13.237,0.1839943,0x59bc3ee088d253505599a3e9833931bdd3900323,2017-09-22T07:13:01.000Z,0.0139,0xd35cc4db1066b87373c5b83f2a033b4aabb8a1f2,buy,0xe7775a6e9bcf904eb39da2b68c5efb4f9360e08c,0xde17c27c9f9218afe51fb9bf0a423e118860c03ecba2399614d5dbc588764b8c
222,19.478006,0.2707442965678052,0x59bc3ee088d253505599a3e9833931bdd3900323,2017-09-22T06:49:42.000Z,0.013900000676034559,0xd35cc4db1066b87373c5b83f2a033b4aabb8a1f2,buy,0xe7775a6e9bcf904eb39da2b68c5efb4f9360e08c,0x5fa2e2e52fe40a8a506dd7e854c5a5579ce7a1cbb4ea29521d8c44886322154d
223,0.035971,0.0005,0x999dbc9673afdd6b6c140c261297f89de35ff1b3,2017-09-22T06:32:19.000Z,0.013900086180534319,0xd35cc4db1066b87373c5b83f2a033b4aabb8a1f2,buy,0xe7775a6e9bcf904eb39da2b68c5efb4f9360e08c,0x499b07b6252355477dcd3ced291578f7c49ad5238c70f1f70e6fcd9d8663a6ec
224,52.520782,0.7300388716538715,0x59bc3ee088d253505599a3e9833931bdd3900323,2017-09-22T06:08:18.000Z,0.013900000035297864,0xd35cc4db1066b87373c5b83f2a033b4aabb8a1f2,buy,0xe7775a6e9bcf904eb39da2b68c5efb4f9360e08c,0x22f13d15287f54d58a8e5fe2a40ab0ffeab05de14816689e668f58e5f8a82656
225,0.035971,0.0005,0x999dbc9673afdd6b6c140c261297f89de35ff1b3,2017-09-22T05:39:28.000Z,0.013900086180534319,0xd35cc4db1066b87373c5b83f2a033b4aabb8a1f2,buy,0xe7775a6e9bcf904eb39da2b68c5efb4f9360e08c,0x1360bc35d250786967218633d37b3f83e47c3454862006a0c719e1668348d829
226,0.035971,0.0005,0x8612d2a48328bbf318b856ed0daaa4a7034383d0,2017-09-22T05:33:02.000Z,0.013900086180534319,0xd35cc4db1066b87373c5b83f2a033b4aabb8a1f2,buy,0xe7775a6e9bcf904eb39da2b68c5efb4f9360e08c,0x62455e5061cfdae58cb3ab50c596193c672774acb1ffe62a889190c2312717ab
227,0.035971,0.0005,0x10c12555236fa11fc988be565ab70c82a4660ecf,2017-09-22T05:29:09.000Z,0.013900086180534319,0xd35cc4db1066b87373c5b83f2a033b4aabb8a1f2,buy,0xe7775a6e9bcf904eb39da2b68c5efb4f9360e08c,0x879b25ea2f31051f7ff5d682f4c15c09858da0c5badf4f1bd86f27629bf6e475
228,0.035971,0.0005,0x8f28b1970e72adb11173044ebc762800e3128238,2017-09-22T05:20:00.000Z,0.013900086180534319,0xd35cc4db1066b87373c5b83f2a033b4aabb8a1f2,buy,0xe7775a6e9bcf904eb39da2b68c5efb4f9360e08c,0xcc168c8d825383f87175b802da17770cbb67ed551188f65798bf13683ccacac2
229,0.035971,0.0005,0x7ed2114439b24152cf18c02c10cae681a7ca2adc,2017-09-22T05:16:15.000Z,0.013900086180534319,0xd35cc4db1066b87373c5b83f2a033b4aabb8a1f2,buy,0xe7775a6e9bcf904eb39da2b68c5efb4f9360e08c,0xa77d3a3ad28c4002386f06688f832683210372b702449544cd94bacaf1cbacf0
230,0.035971,0.0005,0x03dd03643b71b06642179afb38211c0f45699bc5,2017-09-22T05:09:50.000Z,0.013900086180534319,0xd35cc4db1066b87373c5b83f2a033b4aabb8a1f2,buy,0xe7775a6e9bcf904eb39da2b68c5efb4f9360e08c,0x884fba13a6285ceb7f4d9e6759fefd2804eb6b68d1a6411e363cdcd678bcf45f
231,5.036,0.0700004,0xee054e89931640de8ebd4157a3cf0513bcedc76e,2017-09-21T23:33:40.000Z,0.0139,0xd35cc4db1066b87373c5b83f2a033b4aabb8a1f2,buy,0xe7775a6e9bcf904eb39da2b68c5efb4f9360e08c,0x5a17309f50fc48763b18712d1bdf85fa0de229226c06e5e8ae3b49901bd76989
232,14.348312,0.199441546773846,0x326f051a52a3ae4c7395d882156b49595cef132b,2017-09-21T19:45:54.000Z,0.013900000695123302,0xd35cc4db1066b87373c5b83f2a033b4aabb8a1f2,buy,0xe7775a6e9bcf904eb39da2b68c5efb4f9360e08c,0xdc8b740bfe38254dba4bfb0eaaa8db805a2051f129b86aab1989b7bb5adfc2f2
233,3.438442,0.032665199,0x861fe1a83bd48600bc376b101f4a6d92b5801a73,2017-09-21T01:02:05.000Z,0.0095,0xcbe2dd256fd1c8d3ea867ab096a89c086c8d5979,sell,0xe7775a6e9bcf904eb39da2b68c5efb4f9360e08c,0x01520b6b69a5e4adc55ff04b7cf6a824c958d4db0e4bfb51297e927d965d301b
234,112.273945,1.3809695235,0xd35cc4db1066b87373c5b83f2a033b4aabb8a1f2,2017-09-19T04:08:56.000Z,0.0123,0x669f0ab96fd3beb68bc836bb874894bbb516331a,sell,0xe7775a6e9bcf904eb39da2b68c5efb4f9360e08c,0xffe1c6ae3389746fd650db056af4eda2e94ba08c3c90f2be2e4cc1939ac0507a
235,3.449102,0.055185640128,0xcbe2dd256fd1c8d3ea867ab096a89c086c8d5979,2017-09-18T23:23:39.000Z,0.016000002356555416,0xe89a2a7a15cbaae3c58a03d79485373e216226d6,buy,0xe7775a6e9bcf904eb39da2b68c5efb4f9360e08c,0x7219729af198aec12f5b704154018de056f8a794730a938fd3756c638cd5a53d
236,1,0.013,0x35ca1f6ccca60fff19178af476ce18caa3a4a169,2017-09-18T20:53:07.000Z,0.013,0x19fff3b449a3a58a48c7f1d838761f5721401d26,buy,0xe7775a6e9bcf904eb39da2b68c5efb4f9360e08c,0xe6628e72adf0e85a2143d52719fd5bfa8f7f1a5b314f0ce8ad70c04a15c9d244
237,7.378183,0.0907516509,0xd35cc4db1066b87373c5b83f2a033b4aabb8a1f2,2017-09-18T16:53:15.000Z,0.0123,0x3dee4a4e076e8d82859d241db0baf46f112cfa23,sell,0xe7775a6e9bcf904eb39da2b68c5efb4f9360e08c,0x08240850b3e198d8f991fe189deb5310e5e6f24f822d9e4c77bc3b18e63c84ca
238,7.401056,0.08303984832,0x3dee4a4e076e8d82859d241db0baf46f112cfa23,2017-09-17T20:34:58.000Z,0.01122,0xe5712d1dff0f400f3e9f13c15d74326396fc635b,sell,0xe7775a6e9bcf904eb39da2b68c5efb4f9360e08c,0x0a71c3f325f2792975ef78c06e4a29b6ffcb763b0307f1007aaf00bb8e8b2904
239,0.333,0.004329,0x926faf4321846800c037bef00d1fb9fac45813b9,2017-09-17T04:15:17.000Z,0.013,0x19fff3b449a3a58a48c7f1d838761f5721401d26,buy,0xe7775a6e9bcf904eb39da2b68c5efb4f9360e08c,0xaea8999b813ee34e5fde74c6d45982d630eeaf3458434e9babf93095b7b96f6f
240,0.038461,0.0005,0x42c24a83bded723edfdf5883bc7efb30bc1a1bf3,2017-09-16T17:53:15.000Z,0.013000182002548035,0x19fff3b449a3a58a48c7f1d838761f5721401d26,buy,0xe7775a6e9bcf904eb39da2b68c5efb4f9360e08c,0xc6308140038fa8b75c846118450a055e3983b9ccebf717886012e577296bbeae
241,0.038461,0.0005,0x0f657c396dfcd6c59bb82b89fc3adbe5f90ce153,2017-09-16T16:06:00.000Z,0.013000182002548035,0x19fff3b449a3a58a48c7f1d838761f5721401d26,buy,0xe7775a6e9bcf904eb39da2b68c5efb4f9360e08c,0x32e6ae7d60abdc9d43e24081246146cffcc07c0c43754e1b70f8601bdd74887d
242,0.038461,0.0005,0x1f8ac99600c61189d92c85cc760735b9e0067a60,2017-09-16T15:52:31.000Z,0.013000182002548035,0x19fff3b449a3a58a48c7f1d838761f5721401d26,buy,0xe7775a6e9bcf904eb39da2b68c5efb4f9360e08c,0x1a8b19d5a8e745ccc2d2ebbfbce9d64898a9c808776e7530086c58ad692806e9
243,0.038461,0.0005,0x1f8ac99600c61189d92c85cc760735b9e0067a60,2017-09-16T15:52:04.000Z,0.013000182002548035,0x19fff3b449a3a58a48c7f1d838761f5721401d26,buy,0xe7775a6e9bcf904eb39da2b68c5efb4f9360e08c,0x1a8b19d5a8e745ccc2d2ebbfbce9d64898a9c808776e7530086c58ad692806e9
244,8.888463,0.11564780225804874,0x9530b0ab27f57f2d2d5e23aea464a10c65b67235,2017-09-16T03:29:18.000Z,0.013011001143622778,0xe62b49dd208f7c0f0be52be7667c8a92d5ce7cc2,buy,0xe7775a6e9bcf904eb39da2b68c5efb4f9360e08c,0x225f1ce5e053d3ce69a36def06600013a66c0981f4d4399032194496cc89452a
245,6.978367,0.083740404,0x9530b0ab27f57f2d2d5e23aea464a10c65b67235,2017-09-16T03:25:11.000Z,0.012,0x9530b0ab27f57f2d2d5e23aea464a10c65b67235,sell,0xe7775a6e9bcf904eb39da2b68c5efb4f9360e08c,0xe2b7abf83a704f6f7f6a925c825c2f2f7b0ed621a1a428a89759dc017dd047d9
246,7,0.084,0x9530b0ab27f57f2d2d5e23aea464a10c65b67235,2017-09-15T23:32:11.000Z,0.012,0xe62b49dd208f7c0f0be52be7667c8a92d5ce7cc2,sell,0xe7775a6e9bcf904eb39da2b68c5efb4f9360e08c,0xd724361491c14b2a39b4276156a681a3450eed1d5e2b7fa7f4ff121bd5a89a0c
247,71,0.9869,0x48eaedfa6ab55f414a433f0778f55ed9b827e822,2017-09-15T20:13:21.000Z,0.0139,0x19fff3b449a3a58a48c7f1d838761f5721401d26,buy,0xe7775a6e9bcf904eb39da2b68c5efb4f9360e08c,0xed72ccf1bc6caed6be59b4534677113ceefb6a8984e6bc6dfe1b98b8160a5bd9
248,29,0.4031,0xd8598cfba4100bd87c6e3d0fa18eb6a9d39d4df7,2017-09-15T10:06:11.000Z,0.0139,0x19fff3b449a3a58a48c7f1d838761f5721401d26,buy,0xe7775a6e9bcf904eb39da2b68c5efb4f9360e08c,0x6770e4c4e0b8199322ebd327510845dcf78ffac7c5a7331be6c56cb5903b5ac5
249,0.035971,0.0005,0x8b24d80c6dd6e1af5a000e03ca8f00886a05f6f5,2017-09-15T04:29:05.000Z,0.013900086180534319,0x55b7948a7561719f053ce7d6aa5b44bfe40158b3,buy,0xe7775a6e9bcf904eb39da2b68c5efb4f9360e08c,0xc1b4f5b26afb9917c0caf70bd175cb08f007277bfbe28814e122cbedf7862c27
250,1.084,0.0150676,0x55b7948a7561719f053ce7d6aa5b44bfe40158b3,2017-09-14T20:03:58.000Z,0.0139,0xfd7997b32e69e101e1035d0d7530df1a79edf807,sell,0xe7775a6e9bcf904eb39da2b68c5efb4f9360e08c,0x86f55d85380fdf0931ce67512b48e9f1e52424b1e8b432858f5811402f07b860
251,1,0.0139,0xc3a0dba2ac58de472a068174610bf320499f291f,2017-09-14T05:21:50.000Z,0.0139,0x55b7948a7561719f053ce7d6aa5b44bfe40158b3,buy,0xe7775a6e9bcf904eb39da2b68c5efb4f9360e08c,0xf1217029bae5c0df38a7ac97a7065d3fe805f2d50d2fb6afd0498dad053169cc
252,44.081514,0.5598352278,0xf69d03a69b316538b6eafcd2b10b21235529a2bc,2017-09-14T01:32:27.000Z,0.0127,0x19fff3b449a3a58a48c7f1d838761f5721401d26,sell,0xe7775a6e9bcf904eb39da2b68c5efb4f9360e08c,0x9973b7f4eefad27bbee051b85f1fa006b22f482b305cd7518834de643b913f45
253,50,0.65,0xf69d03a69b316538b6eafcd2b10b21235529a2bc,2017-09-14T01:30:39.000Z,0.013,0x19fff3b449a3a58a48c7f1d838761f5721401d26,sell,0xe7775a6e9bcf904eb39da2b68c5efb4f9360e08c,0xf9f0009b6a8cd22c8d6d015d07e25e4ddef63040c6545c89e5512765eb1f838c
254,100,1.26,0xf69d03a69b316538b6eafcd2b10b21235529a2bc,2017-09-14T01:30:05.000Z,0.0126,0x19fff3b449a3a58a48c7f1d838761f5721401d26,sell,0xe7775a6e9bcf904eb39da2b68c5efb4f9360e08c,0xd5eae0732ac996d0e8fdc221180b00bed4017c56fae0783246094cf725b4e1eb
255,100,1.25,0xf69d03a69b316538b6eafcd2b10b21235529a2bc,2017-09-14T01:30:05.000Z,0.0125,0x19fff3b449a3a58a48c7f1d838761f5721401d26,sell,0xe7775a6e9bcf904eb39da2b68c5efb4f9360e08c,0x1603c5c8f4e52a4c7755d58d0b86b41d94c37bb5c3b4366b50c6ee8aaa496871
256,98.484433,1.280297629,0xf69d03a69b316538b6eafcd2b10b21235529a2bc,2017-09-14T01:25:40.000Z,0.013,0x19fff3b449a3a58a48c7f1d838761f5721401d26,sell,0xe7775a6e9bcf904eb39da2b68c5efb4f9360e08c,0x46e4eb27d7fcaaf9d144f727afbdcb38a667822c03b044cbecbabfd4e5077542
257,0.03125,0.0005,0x4c2fb430e95954bcfa54ce4741a9fc2ff6e415ad,2017-09-13T21:16:54.000Z,0.016,0xfd7997b32e69e101e1035d0d7530df1a79edf807,buy,0xe7775a6e9bcf904eb39da2b68c5efb4f9360e08c,0x62f0b7b8507e136e85bc9aee4af87dcb55b56c1c4f54569e854597128546870e
258,2.661904,0.03460477861904,0x600bf5b4c26ab95cc6260e5fac8c77154308024e,2017-09-13T17:20:57.000Z,0.01300001,0x55b7948a7561719f053ce7d6aa5b44bfe40158b3,sell,0xe7775a6e9bcf904eb39da2b68c5efb4f9360e08c,0xcaf5a16f8ccd0214237fe9bc6c91df2a7381e8f9e888374ede26cf43ac8307db
259,1.559,0.020267,0xcc89ac7b3a681dcee5395436b80f98fa713e5bba,2017-09-13T13:00:44.000Z,0.013,0xf142f26d1cac4ba8a6e6d7974d243eda2fe5f4f9,sell,0xe7775a6e9bcf904eb39da2b68c5efb4f9360e08c,0x07b9a7e81aac9512fb8920501ba5fc37b0f456ac714354beca822b3f60939ded
260,297.338096,3.86539822138096,0x600bf5b4c26ab95cc6260e5fac8c77154308024e,2017-09-13T12:52:34.000Z,0.01300001,0x19fff3b449a3a58a48c7f1d838761f5721401d26,sell,0xe7775a6e9bcf904eb39da2b68c5efb4f9360e08c,0x725c0da3ae4d9c33fe350422ffe0da7e1591d492e7440e00e26e834fe0451324
261,1,0.016,0xd6f29f2fb0a1dc783aeab42ce7ce9276f8e14a54,2017-09-13T02:26:17.000Z,0.016,0xe89a2a7a15cbaae3c58a03d79485373e216226d6,buy,0xe7775a6e9bcf904eb39da2b68c5efb4f9360e08c,0xe3fc8a2d19e276669ac6e1175f9725ecf634b1a98a1e40cd5adaae7370c9e9fb
262,0.5,0.0084995,0xa3ffcd593710302e1b8fc593d8a2083f81ab439b,2017-09-12T21:59:39.000Z,0.016999,0x93bf27a3512f28a4ce66ebd0bc0fc8dfd0602448,sell,0xe7775a6e9bcf904eb39da2b68c5efb4f9360e08c,0xf11e0a2801188f6a670749f0504fe2ae82c6f049e23901d8f0cc232e510d9cbd
263,98.440815,1.279730595,0xcc89ac7b3a681dcee5395436b80f98fa713e5bba,2017-09-12T03:07:04.000Z,0.013,0x19fff3b449a3a58a48c7f1d838761f5721401d26,sell,0xe7775a6e9bcf904eb39da2b68c5efb4f9360e08c,0xa39111b7650bb00ac2c164c9e1e5aefdc90c3186684d570b7b8c097fee169180
264,0.05,0.00084995,0x0024a5046fd95c5eee6db19a69ef7ed3bacd50f1,2017-09-12T01:14:08.000Z,0.016999,0x93bf27a3512f28a4ce66ebd0bc0fc8dfd0602448,buy,0xe7775a6e9bcf904eb39da2b68c5efb4f9360e08c,0x9e6ed4bca9d6a3ecf8f8c98c7a0728c867eb87ad937f92e01223739ee958f02e
265,6.848,0.1164153152,0xcc89ac7b3a681dcee5395436b80f98fa713e5bba,2017-09-12T00:53:40.000Z,0.0169999,0x93bf27a3512f28a4ce66ebd0bc0fc8dfd0602448,buy,0xe7775a6e9bcf904eb39da2b68c5efb4f9360e08c,0x6965df1dcdac40806b43c2740f4772d14166ad550c2de25d14aa750b1e3d5421
266,78.151834,1.3285733767344605,0xf69d03a69b316538b6eafcd2b10b21235529a2bc,2017-09-11T21:38:58.000Z,0.016999900178087446,0x93bf27a3512f28a4ce66ebd0bc0fc8dfd0602448,buy,0xe7775a6e9bcf904eb39da2b68c5efb4f9360e08c,0xc4d04c5bd55092f6e395108e5fbd28941740e5ec31db9e6941dedd7adaf4c750
267,59.004,0.9263628,0xf69d03a69b316538b6eafcd2b10b21235529a2bc,2017-09-11T21:33:25.000Z,0.0157,0x669f0ab96fd3beb68bc836bb874894bbb516331a,buy,0xe7775a6e9bcf904eb39da2b68c5efb4f9360e08c,0xf9d10d4d58a49755cb908e26f4061879d8011f786c5aeb80110096c7bafb273e
268,0.22,0.0035178,0xf69d03a69b316538b6eafcd2b10b21235529a2bc,2017-09-11T21:33:25.000Z,0.01599,0xd0e0fece8a16f36bc23e07f92f98b191624f331a,buy,0xe7775a6e9bcf904eb39da2b68c5efb4f9360e08c,0x7998163172df5ce9e4d0062e4433e4efa8fcba1b31c6d20cdb8ee5777bcbd9e7
269,45,0.7425,0xf69d03a69b316538b6eafcd2b10b21235529a2bc,2017-09-11T21:33:01.000Z,0.0165,0x93bf27a3512f28a4ce66ebd0bc0fc8dfd0602448,buy,0xe7775a6e9bcf904eb39da2b68c5efb4f9360e08c,0x26c1a0e0e032b910c5e01596403fcf29e65335269a29d7d781440b34a331114e
270,60,1.0014,0xdf64ba302d5a492cb6370d9ef7da0aff6dbc2cc7,2017-09-11T20:33:28.000Z,0.01669,0x93bf27a3512f28a4ce66ebd0bc0fc8dfd0602448,sell,0xe7775a6e9bcf904eb39da2b68c5efb4f9360e08c,0xebb6eac44105f03525a19fe08c5af28ca6f0f7b849e82737e90d2bd4956ce783
271,25.479137,0.45294262564085414,0xed7b254309b8e5c69409dcf40e2b119677fce144,2017-09-10T15:40:05.000Z,0.01777700028226443,0x93bf27a3512f28a4ce66ebd0bc0fc8dfd0602448,buy,0xe7775a6e9bcf904eb39da2b68c5efb4f9360e08c,0x83cf2a85bf4705d774077d187532c5823477d911c8c0d0bb8d92ce4498593b23
272,0.22,0.0022,0xd0e0fece8a16f36bc23e07f92f98b191624f331a,2017-09-10T06:33:52.000Z,0.01,0xb86627bba051540e4e86fafb7473d304d4949200,buy,0xe7775a6e9bcf904eb39da2b68c5efb4f9360e08c,0x1fa71b84a4a1a8c11116f875a815065475c6cbdb4e8daff8e2ea8aa5f6517803
273,0.085036,0.00085036,0x861fe1a83bd48600bc376b101f4a6d92b5801a73,2017-09-10T06:32:13.000Z,0.01,0x6d3d0dfa885186833d6cf04f7890aab7d3b43cd1,sell,0xe7775a6e9bcf904eb39da2b68c5efb4f9360e08c,0x98a0db8b7ff3c3399059bee5c3a6c3e34c072bdf621b862d8f4ec503bd9953b4
274,4.9,0.049,0x861fe1a83bd48600bc376b101f4a6d92b5801a73,2017-09-10T06:09:07.000Z,0.01,0x6d3d0dfa885186833d6cf04f7890aab7d3b43cd1,sell,0xe7775a6e9bcf904eb39da2b68c5efb4f9360e08c,0xbe2c6ad8ac6fcd678d0599f59216b2b0c677e241f7d94e159040c277554cb9d6
275,0.029411,0.0005,0x64b604630e055318093215b7ed41697ca4fb5de6,2017-09-10T03:06:33.000Z,0.017000442011492298,0xb543dc837dad5e6dd2b896e7ced4cc48644d1eaf,buy,0xe7775a6e9bcf904eb39da2b68c5efb4f9360e08c,0x84d8051c8c12ab6d0cadae9dae2bf7a627bfe256cf2e13ed4b439fcbdaa3377f
276,21,0.21,0xcaf85cb19d5db660618dbaa163bd1052c311fe10,2017-09-10T01:37:11.000Z,0.01,0xb86627bba051540e4e86fafb7473d304d4949200,buy,0xe7775a6e9bcf904eb39da2b68c5efb4f9360e08c,0xb123f9c02f83bf617f0c6b9e2e26d157cfbb5318dad4627eead38f3fd02ae3a3
277,9.232379,0.110788548,0xf69d03a69b316538b6eafcd2b10b21235529a2bc,2017-09-06T01:03:05.000Z,0.012,0x9a06fbfff4fc2a339927c1cbbde1a1fc23ce3c27,sell,0xe7775a6e9bcf904eb39da2b68c5efb4f9360e08c,0xfb4b5af04bb4ba18e3f594716167de9e64fb8812255367396038194bb5e3b29e
278,6.650646,0.0997596873793051,0xb1bbc0a55dac4521ffbf892349c2d73d25612252,2017-09-04T23:50:21.000Z,0.01499999960594882,0x119c3d7f57b49abe63c36a9624399dc3ef6ac52d,buy,0xe7775a6e9bcf904eb39da2b68c5efb4f9360e08c,0xd0f47938540bb6092fb13c9341b07a05286eb86aa0be102eb2ed626244604b8f
279,2,0.03,0xd804feba2dc22164dacc1f51dbd551dbdb657ee7,2017-09-04T02:32:46.000Z,0.015,0x9a06fbfff4fc2a339927c1cbbde1a1fc23ce3c27,buy,0xe7775a6e9bcf904eb39da2b68c5efb4f9360e08c,0xd13400b307266b3cc9758c66fa792787c0435394ba41d72d70ae234623c3862e
280,325.547521,3.5809901762479,0x90a7efe7552ba6db534be1e49b0ae524ed719153,2017-09-01T21:17:26.000Z,0.0109999,0x7555e149572f92d63d2504e5e7a31d502d7c37fc,sell,0xe7775a6e9bcf904eb39da2b68c5efb4f9360e08c,0xe996019a46f0c993f683d946240c048897a11af3f60126dd0955af783117ce6a
281,177.891,2.0963742786,0x0870f0b06a5009d9f6bdad4d3961b4639bb96750,2017-09-01T10:17:43.000Z,0.0117846,0xa5ae700e3b28d7b62557da89448534dd30e87835,buy,0xe7775a6e9bcf904eb39da2b68c5efb4f9360e08c,0x42540f12ace3d493c67c163066613d81e4e1f1be3656fe6ad43110c8b5c8ab37
282,14.264923,0.159966846522,0x200c227e4227c4d24bbea017e4939e7c0053bccc,2017-09-01T04:29:22.000Z,0.011214,0x20f3027ff5affdfada79581122dcbd9309e4bf46,sell,0xe7775a6e9bcf904eb39da2b68c5efb4f9360e08c,0x7f7c8679ee7727344b3133a25f987925238b2ae4fdce9deb5642d465a93116c5
283,65,0.9997,0xdf64ba302d5a492cb6370d9ef7da0aff6dbc2cc7,2017-09-01T00:29:50.000Z,0.01538,0x7555e149572f92d63d2504e5e7a31d502d7c37fc,sell,0xe7775a6e9bcf904eb39da2b68c5efb4f9360e08c,0x1f5f6697e5f530ce9355b9d5d77b7ab12cad04b315b76dbddad76a217cdfc6ab
284,64.5,0.99975,0xdf64ba302d5a492cb6370d9ef7da0aff6dbc2cc7,2017-09-01T00:29:02.000Z,0.0155,0x7555e149572f92d63d2504e5e7a31d502d7c37fc,sell,0xe7775a6e9bcf904eb39da2b68c5efb4f9360e08c,0x98f301f933992f2df7e0b873ed5fd922304efae90ddcce8f939f8a144949bb0c
285,21.22,0.333154,0xb86627bba051540e4e86fafb7473d304d4949200,2017-09-01T00:22:38.000Z,0.0157,0xbd0d7c678214a79f5d11fa10fe84f731d083dde4,buy,0xe7775a6e9bcf904eb39da2b68c5efb4f9360e08c,0xeef67141ee9462fd5db6bfabddf8408119d98c390b5e7be146cc6a8fe6323736
286,38.2,0.6111999236,0xac195b936045fc5240b02fd75aea197056a4e48a,2017-08-30T22:12:47.000Z,0.015999998,0x93bf27a3512f28a4ce66ebd0bc0fc8dfd0602448,buy,0xe7775a6e9bcf904eb39da2b68c5efb4f9360e08c,0xd7afba0854fa207accba302f7664895ffb609cee1b118597752dfc746c60991f
287,0.000176,0.000002818156348159,0xac195b936045fc5240b02fd75aea197056a4e48a,2017-08-30T22:04:58.000Z,0.016012251978176135,0x93bf27a3512f28a4ce66ebd0bc0fc8dfd0602448,buy,0xe7775a6e9bcf904eb39da2b68c5efb4f9360e08c,0x6570c426b617b1d69774e41c22b80febc6dc3787c3dc010c66ce0cd7013fc9ea
288,1.766808,0.028268926328382016,0xac195b936045fc5240b02fd75aea197056a4e48a,2017-08-30T20:04:21.000Z,0.01599999905387683,0x93bf27a3512f28a4ce66ebd0bc0fc8dfd0602448,buy,0xe7775a6e9bcf904eb39da2b68c5efb4f9360e08c,0x52c987603e3d78640814c4ac83ba37bc783e310e0d6a66b7def2744419aec080
289,0.005,0.00007999999,0x93bf27a3512f28a4ce66ebd0bc0fc8dfd0602448,2017-08-30T18:26:53.000Z,0.015999998,0x93bf27a3512f28a4ce66ebd0bc0fc8dfd0602448,buy,0xe7775a6e9bcf904eb39da2b68c5efb4f9360e08c,0x076033eee5c84cdc1515c4a013fb61b170a7a225e695f22367c4d309715844ad
290,9.631,0.108002034,0x200c227e4227c4d24bbea017e4939e7c0053bccc,2017-08-30T18:15:00.000Z,0.011214,0x93bf27a3512f28a4ce66ebd0bc0fc8dfd0602448,sell,0xe7775a6e9bcf904eb39da2b68c5efb4f9360e08c,0x3dc505ccf6c0442246eeb34a3abb32de8ff68378331e9553b0fe6227a06ebc6f
291,13.516,0.108128,0x93bf27a3512f28a4ce66ebd0bc0fc8dfd0602448,2017-08-30T18:07:03.000Z,0.008,0x48eaedfa6ab55f414a433f0778f55ed9b827e822,buy,0xe7775a6e9bcf904eb39da2b68c5efb4f9360e08c,0x7eab2e6f4ebec2182a8ec2f1dc05cb4b256fd6cc0971be2b770373eb136d7837
292,12.075531,0.096604248,0x95fdffb33690407f5d4a943a8a725ece16ccea3b,2017-08-30T17:55:38.000Z,0.008,0x48eaedfa6ab55f414a433f0778f55ed9b827e822,buy,0xe7775a6e9bcf904eb39da2b68c5efb4f9360e08c,0x4d4569ed200cc358d01cf61a45b8aa6e448b103b9e19bc5834c0207604f5bd88
293,12.039304,0.1360441352,0xc4092f51ebed74fb74484bded74e1ebb4c5f0b05,2017-08-30T17:55:38.000Z,0.0113,0x95fdffb33690407f5d4a943a8a725ece16ccea3b,sell,0xe7775a6e9bcf904eb39da2b68c5efb4f9360e08c,0x4d4569ed200cc358d01cf61a45b8aa6e448b103b9e19bc5834c0207604f5bd88
294,149.95,2.3991997001,0xd820d6ed8ac714bc686ff237b8c8816c7e53497e,2017-08-30T15:18:43.000Z,0.015999998,0x93bf27a3512f28a4ce66ebd0bc0fc8dfd0602448,buy,0xe7775a6e9bcf904eb39da2b68c5efb4f9360e08c,0x9a7bc06bfbb205ff312f181b9b26f81fb02a0b32e417d7e23dd15672d69a435b
295,0.05,0.0007999999,0x98f0deb428b74fb5302d250af5d55e77c8519f2a,2017-08-30T13:45:57.000Z,0.015999998,0x93bf27a3512f28a4ce66ebd0bc0fc8dfd0602448,buy,0xe7775a6e9bcf904eb39da2b68c5efb4f9360e08c,0x63da04ecb0fcffe2bdbea0779784274e891f9e2e112a139f2502f1f030849384
296,65,1.0478,0xd820d6ed8ac714bc686ff237b8c8816c7e53497e,2017-08-30T09:35:00.000Z,0.01612,0xc4092f51ebed74fb74484bded74e1ebb4c5f0b05,buy,0xe7775a6e9bcf904eb39da2b68c5efb4f9360e08c,0x0244f9922a6d055dc01f75aa33f9e1edd997e2902fd9e8b9515e77a67f35a08d
297,25,0.43749975,0xcbcc6fe70270ea19219cac002524e21ba992780e,2017-08-29T23:23:35.000Z,0.01749999,0xfd7997b32e69e101e1035d0d7530df1a79edf807,buy,0xe7775a6e9bcf904eb39da2b68c5efb4f9360e08c,0x4d8e831954b6e03662836c9da5935fbd351807d3e44aa24626060c6fb4a3bf3a
298,26.104077,0.292731119478,0x200c227e4227c4d24bbea017e4939e7c0053bccc,2017-08-28T14:56:47.000Z,0.011214,0xbffe1fdc983ab29921a771acdd3e5781c1bae845,sell,0xe7775a6e9bcf904eb39da2b68c5efb4f9360e08c,0xb1828e1fb2f8d0109bec9c16275fcd2a2792057dad8254556171a89d43815152
299,49.855418,0.6886229755832,0x200c227e4227c4d24bbea017e4939e7c0053bccc,2017-08-28T13:58:56.000Z,0.0138124,0x57b3af8d3f22b54e744fc90d2757db47e6c9b2e4,sell,0xe7775a6e9bcf904eb39da2b68c5efb4f9360e08c,0xc4ef74df90b209423fadeaaec91635b90cb87a87bf1dc55cc736ba52e6604ce3
300,49.943176,0.705796963232,0x200c227e4227c4d24bbea017e4939e7c0053bccc,2017-08-28T10:35:58.000Z,0.014132,0x669f0ab96fd3beb68bc836bb874894bbb516331a,sell,0xe7775a6e9bcf904eb39da2b68c5efb4f9360e08c,0x441987c765121295b322fadfdad26cafa85aa4729ce65245024a680ff06e60ac
301,130,1.95,0xf351947f05540da19252f2cad5bf4c68167b8e3c,2017-08-28T01:21:39.000Z,0.015,0x93bf27a3512f28a4ce66ebd0bc0fc8dfd0602448,sell,0xe7775a6e9bcf904eb39da2b68c5efb4f9360e08c,0xa80fe49a6a0b82607ef33d531b8f493c066b8a0baa8b2ce517b3f5ec933c59fb
302,56.732119,0.9984847436420128,0xb1bbc0a55dac4521ffbf892349c2d73d25612252,2017-08-27T23:01:03.000Z,0.017599990291954595,0xfd7997b32e69e101e1035d0d7530df1a79edf807,buy,0xe7775a6e9bcf904eb39da2b68c5efb4f9360e08c,0xde9e95e5981a5caf8f08c65b7c41ea1f9b85749cd8e5f38adcfd7c9dd89c7de2
303,30.909375,0.5440047004445552,0x2ccabb21023a7f1f63787b5b91979429951a076e,2017-08-27T19:28:19.000Z,0.017599990308589393,0xfd7997b32e69e101e1035d0d7530df1a79edf807,buy,0xe7775a6e9bcf904eb39da2b68c5efb4f9360e08c,0xdcac6e28d9b3b1cba68c871acfcdf23de034bc65631ad41913b913ee2db9074a
304,16.32,0.2900064,0x20f3027ff5affdfada79581122dcbd9309e4bf46,2017-08-27T08:35:03.000Z,0.01777,0xfd7997b32e69e101e1035d0d7530df1a79edf807,buy,0xe7775a6e9bcf904eb39da2b68c5efb4f9360e08c,0x85e0528798ad6301e2b93d05d2b980863325b4c7392765a82a153cba1b45f362
305,99.694406,1.3159661592,0x7555e149572f92d63d2504e5e7a31d502d7c37fc,2017-08-26T18:25:25.000Z,0.0132,0x57b3af8d3f22b54e744fc90d2757db47e6c9b2e4,sell,0xe7775a6e9bcf904eb39da2b68c5efb4f9360e08c,0xa89ce460266ba8ed587b1fbc94afe0f59f6139306ea5bf4f9145a7311d4e4ebe
306,10.6,0.13992,0x7555e149572f92d63d2504e5e7a31d502d7c37fc,2017-08-26T18:07:23.000Z,0.0132,0x57b3af8d3f22b54e744fc90d2757db47e6c9b2e4,sell,0xe7775a6e9bcf904eb39da2b68c5efb4f9360e08c,0xb217f383be5c5301ad58737b6550b24253853f24a2b6a788fbbd5a19decd2ad1
307,9.6,0.16992,0xdf64ba302d5a492cb6370d9ef7da0aff6dbc2cc7,2017-08-26T14:04:15.000Z,0.0177,0x93bf27a3512f28a4ce66ebd0bc0fc8dfd0602448,sell,0xe7775a6e9bcf904eb39da2b68c5efb4f9360e08c,0x68bf72ced444afb9f7793d240e374b917a71a5eb7457bc68a347c84d93522bdd
308,60,0.96,0x56908b17009c4ba4a676a78f229d4118651de22a,2017-08-26T13:04:49.000Z,0.016,0x93bf27a3512f28a4ce66ebd0bc0fc8dfd0602448,sell,0xe7775a6e9bcf904eb39da2b68c5efb4f9360e08c,0x0bb1ceb59dbe4c22abf975e156a3e3d913231b5e37298d15357022d4fb71a739
309,3.3,0.0528,0x3fb5df6d175b7ab55eb208d08a62ba6470ac3a3e,2017-08-26T07:13:51.000Z,0.016,0x93bf27a3512f28a4ce66ebd0bc0fc8dfd0602448,sell,0xe7775a6e9bcf904eb39da2b68c5efb4f9360e08c,0xb8f5d8f9b15d6b2ccdc8ecdae3eb9ce5c01b977fe6b6088ff7a8442f787ade8f
310,0.092713,0.0016410201,0xdf64ba302d5a492cb6370d9ef7da0aff6dbc2cc7,2017-08-25T22:22:22.000Z,0.0177,0x93bf27a3512f28a4ce66ebd0bc0fc8dfd0602448,sell,0xe7775a6e9bcf904eb39da2b68c5efb4f9360e08c,0x356aaaab42ba20895e9a6e1d3a4edbe1e3e8e9ec74e37f966ae11701917ec805
311,73.584388,0.993389238,0xb5f162c18086c8fa860f190d42d54955661f04ae,2017-08-25T19:27:17.000Z,0.0135,0xd6ede39ec7618570dedf7968c1b16aef963e6f8a,sell,0xe7775a6e9bcf904eb39da2b68c5efb4f9360e08c,0x7224242e971cf0a9536966acc74d22c6fe2bf8a5f795bfa36f381ffef3b9df9f
312,29.907287,0.5293589799,0xdf64ba302d5a492cb6370d9ef7da0aff6dbc2cc7,2017-08-25T17:36:21.000Z,0.0177,0x5104efc872d45dba3a97bf02aebe240dfc283321,sell,0xe7775a6e9bcf904eb39da2b68c5efb4f9360e08c,0x9e2388651417b686ca9b9cf0ec3e103745c11dfdd2d6a72d0f8d102eb6ad7eac
313,0.5,0.00895,0xbb325a2ee38566c7a03010b2c4929fd99861bf36,2017-08-25T12:08:34.000Z,0.0179,0xb049ada212db741735b4859917f6969351fcb125,buy,0xe7775a6e9bcf904eb39da2b68c5efb4f9360e08c,0x127485c03041a9aa5d4604757bd47a4cf49e10b6f04ff37f5bc57226f7371a15
314,5,0.08885,0x6d3d0dfa885186833d6cf04f7890aab7d3b43cd1,2017-08-24T19:35:44.000Z,0.01777,0xfd7997b32e69e101e1035d0d7530df1a79edf807,buy,0xe7775a6e9bcf904eb39da2b68c5efb4f9360e08c,0xa91063b1dac51f0eabe3f0e11400bab722bfc8fe593338c37113dfcbd9889d51
315,39.247,0.54906553,0x10f920ffad95f53168af567ecd635a6dd03a8b43,2017-08-24T19:23:32.000Z,0.01399,0x57b3af8d3f22b54e744fc90d2757db47e6c9b2e4,sell,0xe7775a6e9bcf904eb39da2b68c5efb4f9360e08c,0x39b16048305447489e420288fee90232d8f5f3d04d9bdd4fdf3070648b0b8ad4
316,29.95,0.50915,0xdf64ba302d5a492cb6370d9ef7da0aff6dbc2cc7,2017-08-24T19:20:45.000Z,0.017,0x93bf27a3512f28a4ce66ebd0bc0fc8dfd0602448,sell,0xe7775a6e9bcf904eb39da2b68c5efb4f9360e08c,0x840b742b72b1f8996afb3e4afba111c6790730d1d2387d560ecb472ded7cfa6c
317,0.752666,0.01052979734,0x10f920ffad95f53168af567ecd635a6dd03a8b43,2017-08-24T17:39:23.000Z,0.01399,0x6aff1466c2623675e3cb0e75e423d37a25e442eb,sell,0xe7775a6e9bcf904eb39da2b68c5efb4f9360e08c,0x5a37ecb441c5ce4c737fe87752f9bba87ce8791dab1d5ac07dd47671f3271d4d
318,0.000046,0.0000008234,0xfd7997b32e69e101e1035d0d7530df1a79edf807,2017-08-24T14:20:18.000Z,0.0179,0xb049ada212db741735b4859917f6969351fcb125,buy,0xe7775a6e9bcf904eb39da2b68c5efb4f9360e08c,0x57acb65081b4a70bec28de3dd39ae9ba02f96ecdffd135f271f1abd2ddb4fa41
319,5,0.0895,0xf81ab81ca1a6a19cc7b69b2c7876ff6543060598,2017-08-24T14:00:06.000Z,0.0179,0xb049ada212db741735b4859917f6969351fcb125,buy,0xe7775a6e9bcf904eb39da2b68c5efb4f9360e08c,0xbe09d203aecb71a87e63fb2b91b515929f750cf7117ab025e6a0a1275b239d58
320,0.01,0.000179,0x2d7ad46c8c2128b37f7bbf1d70f81db34d1176ba,2017-08-24T13:54:31.000Z,0.0179,0xb049ada212db741735b4859917f6969351fcb125,buy,0xe7775a6e9bcf904eb39da2b68c5efb4f9360e08c,0xf97e8f6862c2f000ce190312c64f1aa8ed2a639aaf37acb80725072e9dfb9dd1
321,0.056,0.0010024,0x31d807e1ed35f84248341461c6a2c44db722877b,2017-08-24T13:49:54.000Z,0.0179,0xb049ada212db741735b4859917f6969351fcb125,buy,0xe7775a6e9bcf904eb39da2b68c5efb4f9360e08c,0x4758c9b2ab026d279936821f459d0d9659b45691903882e54dce1eaca95fb6ce
322,0.5,0.00895,0xbb325a2ee38566c7a03010b2c4929fd99861bf36,2017-08-24T13:39:00.000Z,0.0179,0xb049ada212db741735b4859917f6969351fcb125,buy,0xe7775a6e9bcf904eb39da2b68c5efb4f9360e08c,0x32a274bf0bc2e5e771e4c15aa0c42a6912ed78ce220a095f737d87b790cf5b8d
323,0.015,0.0002685,0x0003afa6dd16a9c9cdec9615c8f689bd11783e7d,2017-08-24T13:37:35.000Z,0.0179,0xb049ada212db741735b4859917f6969351fcb125,buy,0xe7775a6e9bcf904eb39da2b68c5efb4f9360e08c,0xcad51bc510b0e1c1db8b09b5068ae6bf646a71897ba1c89b2639d4528552f5b3
324,0.015,0.0002685,0xb6dba64619f3a70bdd4ffde2e1f5281a0009f041,2017-08-24T13:37:33.000Z,0.0179,0xb049ada212db741735b4859917f6969351fcb125,buy,0xe7775a6e9bcf904eb39da2b68c5efb4f9360e08c,0xe1548130290633e00e5b1c63f055647da4ebfb4ae51664ffd8c6d3636e54e914
325,10,0.15,0xd8598cfba4100bd87c6e3d0fa18eb6a9d39d4df7,2017-08-24T06:31:01.000Z,0.015,0xb049ada212db741735b4859917f6969351fcb125,buy,0xe7775a6e9bcf904eb39da2b68c5efb4f9360e08c,0xd57f252756799fcd270397510e81b5db47a76b417341b6891275b7d44f2aad37
326,10,0.15,0xd8598cfba4100bd87c6e3d0fa18eb6a9d39d4df7,2017-08-24T06:31:01.000Z,0.015,0xb049ada212db741735b4859917f6969351fcb125,buy,0xe7775a6e9bcf904eb39da2b68c5efb4f9360e08c,0x285445ad4fb05ff59e55ab81ef6872b7fc9cb8ee8133396d0176f59bb1519131
327,10,0.15,0xd8598cfba4100bd87c6e3d0fa18eb6a9d39d4df7,2017-08-24T06:31:01.000Z,0.015,0xb049ada212db741735b4859917f6969351fcb125,buy,0xe7775a6e9bcf904eb39da2b68c5efb4f9360e08c,0xacdf1c1d89a05949e3fd35acefe33fbf185d535ca17d35c072722dae47dc8558
328,10,0.15,0xd8598cfba4100bd87c6e3d0fa18eb6a9d39d4df7,2017-08-24T06:31:01.000Z,0.015,0xb049ada212db741735b4859917f6969351fcb125,buy,0xe7775a6e9bcf904eb39da2b68c5efb4f9360e08c,0xd23057691ccb4fe1b1540c380514f03376e7bf4132e70b9bfe9f2a76f2273fae
329,10,0.15,0xd8598cfba4100bd87c6e3d0fa18eb6a9d39d4df7,2017-08-24T06:31:01.000Z,0.015,0xb049ada212db741735b4859917f6969351fcb125,buy,0xe7775a6e9bcf904eb39da2b68c5efb4f9360e08c,0x9aedae744a8b37ae13d3485ad4425291dce800486b9fa4a9fc3c64a9f0df99fe
330,10,0.15,0xd8598cfba4100bd87c6e3d0fa18eb6a9d39d4df7,2017-08-24T06:30:24.000Z,0.015,0xb049ada212db741735b4859917f6969351fcb125,buy,0xe7775a6e9bcf904eb39da2b68c5efb4f9360e08c,0x3b25795f81fc256d0ec7ce90a40e437b50015ac0a805612bc76e780c7d5163b1
331,10,0.15,0xd8598cfba4100bd87c6e3d0fa18eb6a9d39d4df7,2017-08-24T06:30:09.000Z,0.015,0xb049ada212db741735b4859917f6969351fcb125,buy,0xe7775a6e9bcf904eb39da2b68c5efb4f9360e08c,0xe96ef90adc442a9ef0690118c9b738339367d40946b5cbdbb3ba504feb766579
332,10,0.15,0xd8598cfba4100bd87c6e3d0fa18eb6a9d39d4df7,2017-08-24T06:30:09.000Z,0.015,0xb049ada212db741735b4859917f6969351fcb125,buy,0xe7775a6e9bcf904eb39da2b68c5efb4f9360e08c,0xfd38c0f7b1eb7a1d492428a73298273da717d063565a8cffb6213c78a4860016
333,10,0.15,0xd8598cfba4100bd87c6e3d0fa18eb6a9d39d4df7,2017-08-24T06:30:09.000Z,0.015,0xb049ada212db741735b4859917f6969351fcb125,buy,0xe7775a6e9bcf904eb39da2b68c5efb4f9360e08c,0x9cd97e5b55444c19da16924a4ca0119a43b6f7bacdb140a401ec9ac5fe8939a6
334,5.179572,0.07769358103834766,0xd8598cfba4100bd87c6e3d0fa18eb6a9d39d4df7,2017-08-24T06:30:09.000Z,0.015000000200469779,0xb049ada212db741735b4859917f6969351fcb125,buy,0xe7775a6e9bcf904eb39da2b68c5efb4f9360e08c,0xcefaed67a54889a198a68a0c8a92f751a07cdc85f8184a8702082546ee2c3305
335,2.112451,0.0293630689,0xb13018b764c56cdcb2facce3bea52fc671dac9cc,2017-08-23T20:34:37.000Z,0.0139,0xf142f26d1cac4ba8a6e6d7974d243eda2fe5f4f9,sell,0xe7775a6e9bcf904eb39da2b68c5efb4f9360e08c,0xb22875e363f801ed75d84bf06e844e36825f8c6034bf06aa49c26ccbe72e3815
336,10,0.14,0x38602d1446fe063444b04c3ca5ecde0cba104240,2017-08-23T20:32:04.000Z,0.014,0xf142f26d1cac4ba8a6e6d7974d243eda2fe5f4f9,sell,0xe7775a6e9bcf904eb39da2b68c5efb4f9360e08c,0x63753930dd142ed9f50df30aa2553db98e521469e9961f97e5a67375f7ced6e1
337,10,0.14,0x8facaf9c8ac38401f6cdd14534a8caaf3bd9d7ad,2017-08-23T20:28:52.000Z,0.014,0xf142f26d1cac4ba8a6e6d7974d243eda2fe5f4f9,sell,0xe7775a6e9bcf904eb39da2b68c5efb4f9360e08c,0xc30c91d3b6c497c70330177d52129eb207d39f90361953d76ee82396f7e61576
338,6,0.09,0xdf64ba302d5a492cb6370d9ef7da0aff6dbc2cc7,2017-08-23T20:28:21.000Z,0.015,0xf142f26d1cac4ba8a6e6d7974d243eda2fe5f4f9,sell,0xe7775a6e9bcf904eb39da2b68c5efb4f9360e08c,0xe97166b33006ce06784979663298c31f836f1aff2d0840a9f085b71d9852bb90
339,4.820427,0.07230641896165234,0xbd0d7c678214a79f5d11fa10fe84f731d083dde4,2017-08-23T15:06:06.000Z,0.015000002896351785,0xb049ada212db741735b4859917f6969351fcb125,buy,0xe7775a6e9bcf904eb39da2b68c5efb4f9360e08c,0xa215771250598a92ac88dd83ebea6853d7e3be1b1024fce9f5525575e0eaaa26
340,10,0.15,0xbd0d7c678214a79f5d11fa10fe84f731d083dde4,2017-08-23T15:03:47.000Z,0.015,0xb049ada212db741735b4859917f6969351fcb125,buy,0xe7775a6e9bcf904eb39da2b68c5efb4f9360e08c,0x004f2747077a96d8e9d0a8e68027dd78b705add159ce113b372fecbdf4cdb6ce
341,6.4,0.096,0xbd0d7c678214a79f5d11fa10fe84f731d083dde4,2017-08-23T15:01:23.000Z,0.015,0xb049ada212db741735b4859917f6969351fcb125,buy,0xe7775a6e9bcf904eb39da2b68c5efb4f9360e08c,0xf345de6edbb62bd766c26c25729d6c9b04b0d2756de094a2dfc9cdad8361929c
342,3.6,0.054,0x3fb5df6d175b7ab55eb208d08a62ba6470ac3a3e,2017-08-23T03:54:03.000Z,0.015,0xb049ada212db741735b4859917f6969351fcb125,buy,0xe7775a6e9bcf904eb39da2b68c5efb4f9360e08c,0x1491b34ff77666b3bb1933c270138b9f07145a377fe81349e57b196472b0bb4a
343,10,0.15,0x1695d60495f10cac6018395388584819efbd0814,2017-08-22T19:27:49.000Z,0.015,0xb049ada212db741735b4859917f6969351fcb125,buy,0xe7775a6e9bcf904eb39da2b68c5efb4f9360e08c,0xb411f11313f93460c6a87b50611eb2da8e26d909e7b9eb1f27ed418c542fea3e
344,10,0.15,0x1695d60495f10cac6018395388584819efbd0814,2017-08-22T19:23:52.000Z,0.015,0xb049ada212db741735b4859917f6969351fcb125,buy,0xe7775a6e9bcf904eb39da2b68c5efb4f9360e08c,0xd33a10c4eb486503160d80a66e44f9f77c080524342d3bf9950c3b232d02c4c0
345,10,0.15,0x1695d60495f10cac6018395388584819efbd0814,2017-08-22T19:20:26.000Z,0.015,0xb049ada212db741735b4859917f6969351fcb125,buy,0xe7775a6e9bcf904eb39da2b68c5efb4f9360e08c,0x68b8a09c0baa999547c081a976758970cc1733aa0fbcee2594c349d879c16815
346,10,0.15,0x1695d60495f10cac6018395388584819efbd0814,2017-08-22T19:19:57.000Z,0.015,0xb049ada212db741735b4859917f6969351fcb125,buy,0xe7775a6e9bcf904eb39da2b68c5efb4f9360e08c,0x396e14d034c00f4bab8b57527025d4f9cb18f8ea204761e8ef3bf5456a476ade
347,78.859813,1.1750112270808732,0x1695d60495f10cac6018395388584819efbd0814,2017-08-22T18:56:12.000Z,0.014900000169679243,0x43130148060f177c78825cbd5a0d0a18879b18bc,buy,0xe7775a6e9bcf904eb39da2b68c5efb4f9360e08c,0xc07d1cae10bd601d79ee5e927ddcebf2339aa478ce70e1f885da25cb2d186143
348,25,0.3725,0xb13018b764c56cdcb2facce3bea52fc671dac9cc,2017-08-22T16:59:56.000Z,0.0149,0x0870f0b06a5009d9f6bdad4d3961b4639bb96750,sell,0xe7775a6e9bcf904eb39da2b68c5efb4f9360e08c,0xc9691764111eb0b4529617879aecaedb9d8807acfcef4e7b2f9434d891f24d83
349,0.001947,0.000029020521622721,0x42fe48c42e83777719bca13e380d629fb8ddc4e7,2017-08-21T11:19:10.000Z,0.014905249934628146,0x43130148060f177c78825cbd5a0d0a18879b18bc,buy,0xe7775a6e9bcf904eb39da2b68c5efb4f9360e08c,0xac35d0adb2c55bbd58bd4bae96aab029604cf0a9089c03eac41761a4c24e010a
350,19.537238,0.29110485239750394,0x42fe48c42e83777719bca13e380d629fb8ddc4e7,2017-08-21T11:18:34.000Z,0.014900000317214949,0x43130148060f177c78825cbd5a0d0a18879b18bc,buy,0xe7775a6e9bcf904eb39da2b68c5efb4f9360e08c,0xf426b571a0aa4c7f07b69727f67fd3cf1b9891144be6f8a7b892e6bed147c5c3
351,6.711,0.0999939,0x48ae7ea7038973e4dd8316cb37ffd01a8b3b9828,2017-08-21T01:25:08.000Z,0.0149,0x43130148060f177c78825cbd5a0d0a18879b18bc,buy,0xe7775a6e9bcf904eb39da2b68c5efb4f9360e08c,0xaf0e8e0d110c472a87b870646a3a15fc0fb6e6e25c00492adae579121838fcfb
352,1.623965,0.01948758,0x56908b17009c4ba4a676a78f229d4118651de22a,2017-08-21T00:09:27.000Z,0.012,0x9152f2dc03636d3d187bcd1c34903a4d3f62956b,sell,0xe7775a6e9bcf904eb39da2b68c5efb4f9360e08c,0xcfc6133d65f852a3a781733a4229dfd8b4b160133e6f07f042125286bd73a9ce
353,4.326601,0.05196247801,0x48ae7ea7038973e4dd8316cb37ffd01a8b3b9828,2017-08-20T08:21:07.000Z,0.01201,0x7791f89e603835a6d67939712cfad31db6a1b94c,sell,0xe7775a6e9bcf904eb39da2b68c5efb4f9360e08c,0x5c5318109a9bae50e9969abc695c901b370a0f1cba21caa42f88be257734845f
354,4.340014,0.06466622340204445,0x7791f89e603835a6d67939712cfad31db6a1b94c,2017-08-20T08:17:38.000Z,0.014900003410598316,0x43130148060f177c78825cbd5a0d0a18879b18bc,buy,0xe7775a6e9bcf904eb39da2b68c5efb4f9360e08c,0xfb3c0e70515b4d1b56fa62dae25d6233fff70965c7e0a524f34a6f4f28a0b8f6
355,8.389,0.1249961,0x48ae7ea7038973e4dd8316cb37ffd01a8b3b9828,2017-08-20T03:06:26.000Z,0.0149,0x43130148060f177c78825cbd5a0d0a18879b18bc,buy,0xe7775a6e9bcf904eb39da2b68c5efb4f9360e08c,0x63d1b2ba1268de185e6471690bb4ac08a8f215340ece71cc7215b628a3c60e48
356,67.114,0.9999986,0xd781fd4ee5f1ccdedcf0cfdd61a2b74e6e6b049c,2017-08-19T19:33:45.000Z,0.0149,0x43130148060f177c78825cbd5a0d0a18879b18bc,buy,0xe7775a6e9bcf904eb39da2b68c5efb4f9360e08c,0x7690ba1ce48071fb8fe7c18b11d0a160e3dde7724aa58d0675103a4bb32d74a5
357,4,0.0468312,0x6081172243ba9bbe33b88aae1a46a0ef2305a044,2017-08-17T20:35:49.000Z,0.0117078,0xb049ada212db741735b4859917f6969351fcb125,sell,0xe7775a6e9bcf904eb39da2b68c5efb4f9360e08c,0x9d2e6323c4fa9b749d55a55a93d94ff99d00f9b58675bb1214b0f280ffb44a64
358,4,0.048,0xc03e6fda02e1ab2093d8732b4d085c3b059f2ebb,2017-08-17T20:35:36.000Z,0.012,0xb049ada212db741735b4859917f6969351fcb125,sell,0xe7775a6e9bcf904eb39da2b68c5efb4f9360e08c,0x139ba4b56f33732da3c52f2a0de17fcf7e72c1bcafbcb3e77cdcb63e6c4f8e60
