,amount,amountBase,buyer,date,price,seller,side,tokenAddr,txHash
0,10005881.346,0.0340199965764,0x1a96f3bc6cd0e9db43e89f983d4227ec5f707539,2017-11-02T15:20:25.000Z,0.0000000034,0xbbe8a1421d8583194bd959a640cb82225650c748,buy,0xd884f9881e0aeabad79be8a69122cf998d067fff,0x43184f164f5773bef886a8962b26f7712083fcc5143d50c6b9fb19e4e6ff9ba3
1,147058.82352941178,0.0005,0x34f9560c63078eb61872a4dc2ccd20e21c34feaf,2017-11-02T15:20:25.000Z,0.0000000034,0xbbe8a1421d8583194bd959a640cb82225650c748,buy,0xd884f9881e0aeabad79be8a69122cf998d067fff,0xcb20cfbe4c50131aba0401916b9e15828986639867af973aecf3d5506b06810d
2,10000000.9,0.03400000306,0x1a96f3bc6cd0e9db43e89f983d4227ec5f707539,2017-11-02T15:12:31.000Z,0.0000000034,0xbbe8a1421d8583194bd959a640cb82225650c748,buy,0xd884f9881e0aeabad79be8a69122cf998d067fff,0x520b41955a175092f1d2e3ef78787442f36f8fbaf19d6c21eca79b639f8ad0ec
3,147058.82352941178,0.0005,0x4fda9e6bcd83af6c5cc771b5d20accc2b7720074,2017-11-02T14:40:10.000Z,0.0000000034,0xbbe8a1421d8583194bd959a640cb82225650c748,buy,0xd884f9881e0aeabad79be8a69122cf998d067fff,0x8a9a137487b1662913c4a698a407f3e777d1e601a34628993d9782e59e822018
4,147058.82352941178,0.0005,0x3075f7f189912f4f425dd7021b9c396434197477,2017-11-02T14:33:29.000Z,0.0000000034,0xbbe8a1421d8583194bd959a640cb82225650c748,buy,0xd884f9881e0aeabad79be8a69122cf998d067fff,0x453484158f9748e0a30c0c2e07f059e8eff403353519433a9cf4039a20bc330f
5,300000,0.00102,0xce7b624f9fa42ae81acec1f9fb6e995a93aeda25,2017-11-02T10:20:07.000Z,0.0000000034,0xbbe8a1421d8583194bd959a640cb82225650c748,buy,0xd884f9881e0aeabad79be8a69122cf998d067fff,0x413ebb505484619ba32df94dfb42732a160cfbc07ae56251553fbf6d393c5815
6,172000000,0.58308,0x1a96f3bc6cd0e9db43e89f983d4227ec5f707539,2017-11-02T02:50:59.000Z,0.00000000339,0xe5f80b82b325740196728fdc27130ce20166cc43,buy,0xd884f9881e0aeabad79be8a69122cf998d067fff,0x60f660863a5b440d6a81f9f0997119edb445d7b6a5a51ad6f6003e7301e69522
7,7705926.377,0.02612309041803,0x1a96f3bc6cd0e9db43e89f983d4227ec5f707539,2017-11-02T01:37:29.000Z,0.00000000339,0xe5f80b82b325740196728fdc27130ce20166cc43,buy,0xd884f9881e0aeabad79be8a69122cf998d067fff,0xd5be1a94a5881256f7c512ef4581a805e2ac0b9249a0e8da99a392bcd0749e7d
8,49800450.293386035,0.1494013508801581,0x1a96f3bc6cd0e9db43e89f983d4227ec5f707539,2017-11-01T23:39:37.000Z,0.000000003,0xc1247afc472ead93b059f15d1494cfc937809c8f,buy,0xd884f9881e0aeabad79be8a69122cf998d067fff,0xd3ce2a45346eaafe276b9ef0b44fe499602e08540e110431cf1a71d4814c5d3f
9,3572000,0.00050008,0xbbe8a1421d8583194bd959a640cb82225650c748,2017-11-01T18:39:52.000Z,0.00000000014,0x1a96f3bc6cd0e9db43e89f983d4227ec5f707539,sell,0xd884f9881e0aeabad79be8a69122cf998d067fff,0xdbd5eb722dbe2a813595c0632b02822fe23e0d526f51ec7f46f2530ec1dd1fc1
10,194549.706613965,0.000583649119841895,0x1a96f3bc6cd0e9db43e89f983d4227ec5f707539,2017-11-01T18:30:47.000Z,0.000000003,0xc1247afc472ead93b059f15d1494cfc937809c8f,buy,0xd884f9881e0aeabad79be8a69122cf998d067fff,0xc58eff856179ad95cfe2201528feedc0c31d456434209941e872b146f7eff848
11,294073.6225076891,0.000996909580301066,0x415073c6433cc4f8be30a3f416e5579288344a14,2017-11-01T11:03:24.000Z,0.00000000339,0xe5f80b82b325740196728fdc27130ce20166cc43,buy,0xd884f9881e0aeabad79be8a69122cf998d067fff,0xd62610e61e743b5c90f12ad9d3a47f53cc52e04ef4c08d7c4bb2e3947f7c40df
12,2700000,0.0187677,0x1a96f3bc6cd0e9db43e89f983d4227ec5f707539,2017-11-01T03:57:48.000Z,0.000000006951,0xe5f80b82b325740196728fdc27130ce20166cc43,buy,0xd884f9881e0aeabad79be8a69122cf998d067fff,0x5e15fc413ea7e8348657da41335673f8655e850282b84f8804a512dfa92bda1e
13,300000,0.0333,0x1a96f3bc6cd0e9db43e89f983d4227ec5f707539,2017-11-01T03:19:03.000Z,0.000000111,0xacba24578577004624344761f641a710800ee012,buy,0xd884f9881e0aeabad79be8a69122cf998d067fff,0xd46d5876f483f18f413cee1bf9493f9b7634690e29ff0efcaa0f54a887490c29
14,4944910,0.016812694,0x1a96f3bc6cd0e9db43e89f983d4227ec5f707539,2017-11-01T03:13:50.000Z,0.0000000034,0xbbe8a1421d8583194bd959a640cb82225650c748,buy,0xd884f9881e0aeabad79be8a69122cf998d067fff,0x9008443f23715da163b091e10b7458d8f46fa480425ca1ce40fd0f238e1d9953
15,700228,0.00350114,0x1a96f3bc6cd0e9db43e89f983d4227ec5f707539,2017-11-01T00:23:14.000Z,0.000000005,0x1d60bd910c04316ef95880e494cd544536ccf38d,buy,0xd884f9881e0aeabad79be8a69122cf998d067fff,0x642faa62ea1d39e6ba704fcb356170bdf970f1cb5960e1868703961de8330f22
16,177000,0.00050445,0x0a89dbfbbbefff2d1f744f481c01698dea995cdc,2017-10-28T21:39:42.000Z,0.00000000285,0xe5f80b82b325740196728fdc27130ce20166cc43,buy,0xd884f9881e0aeabad79be8a69122cf998d067fff,0x1fcd69f549045ad74118c413883ffcce9df8b93a41a95888a8f198f4b9325065
17,2500000,0.007125,0x4b098cf1624c09f41f3ba7a433fe0b669e4f188c,2017-10-28T18:35:55.000Z,0.00000000285,0xe5f80b82b325740196728fdc27130ce20166cc43,buy,0xd884f9881e0aeabad79be8a69122cf998d067fff,0xba967753a31e87d61b9d82c6301869a94719f7314934c8fe4db221a55231f81f
18,24990506.685626622,0.07497152005687988,0x4ebb57fb43d3413ec4dda35bd09db0fd6f83b7c6,2017-10-26T10:52:14.000Z,0.000000003,0x25c2937618e5510da507799bb09f2e83cca3f21b,buy,0xd884f9881e0aeabad79be8a69122cf998d067fff,0x8d9a1a97d62945fb87b4308fbb0af9665998f44a559cc959a224f9490a09e7a8
19,4015399,0.0096369576,0xe5f80b82b325740196728fdc27130ce20166cc43,2017-10-26T09:48:22.000Z,0.0000000024,0x833438ee8ac5c23f579ec08142f2285b4a596b74,buy,0xd884f9881e0aeabad79be8a69122cf998d067fff,0x9b0f88e66ed6cc87e5f7315f56f3087d01ab43ccaac30acf1b56a4b7917c1983
20,13056.929905785522,0.000038779081820183,0xd70bca39e5d99671ef6a6be62c1624df419a13c0,2017-10-26T05:11:16.000Z,0.00000000297,0xe5f80b82b325740196728fdc27130ce20166cc43,buy,0xd884f9881e0aeabad79be8a69122cf998d067fff,0x6cd931b77f05e5bb3add15efe5d174ae87f00c3a8a28f5098ff06e9fd94f14e0
21,18000,0.00005346,0xd70bca39e5d99671ef6a6be62c1624df419a13c0,2017-10-26T05:09:17.000Z,0.00000000297,0xe5f80b82b325740196728fdc27130ce20166cc43,buy,0xd884f9881e0aeabad79be8a69122cf998d067fff,0xda2feaebc16a13848d5393432f38e87e26924ba1e1c8b8a9df7fc7c478f831e5
22,0.002107292333333333,0.000000000006321877,0xb2f0a333cb207205b4f2ae9c49653bfa0615caee,2017-10-25T21:50:33.000Z,0.000000003,0x25c2937618e5510da507799bb09f2e83cca3f21b,buy,0xd884f9881e0aeabad79be8a69122cf998d067fff,0x20ecbab5aa2e7e7ddbea694180158347dc0c6ad19ecc78e44c1f9e9321f6b478
23,5000,0.000015,0xd70bca39e5d99671ef6a6be62c1624df419a13c0,2017-10-25T19:09:51.000Z,0.000000003,0xc1247afc472ead93b059f15d1494cfc937809c8f,buy,0xd884f9881e0aeabad79be8a69122cf998d067fff,0xe52c71d76e25c182922440903b5007401ec6a3f10d6e2b565455ebb37f3b5846
24,50000000,0.025,0x5670fb7ddd986b14cf7ade131d67e3b484fe162c,2017-10-25T14:47:59.000Z,0.0000000005,0xe5f80b82b325740196728fdc27130ce20166cc43,sell,0xd884f9881e0aeabad79be8a69122cf998d067fff,0x3a684490f004698d90ce21ecaf1579f32d6d550f76b6e13741128d14b01feb91
25,50000000,0.025,0xc1247afc472ead93b059f15d1494cfc937809c8f,2017-10-25T11:45:53.000Z,0.0000000005,0xe5f80b82b325740196728fdc27130ce20166cc43,sell,0xd884f9881e0aeabad79be8a69122cf998d067fff,0x8c13c6b516ce8e7bc3527a2e7467f5d818ea10abfe7a5daf69eb11b53a4613f7
26,17625000,0.017625,0xe595c80aa2236857875c9bd9f484c4d928ed63fa,2017-10-25T09:36:07.000Z,0.000000001,0xe5f80b82b325740196728fdc27130ce20166cc43,sell,0xd884f9881e0aeabad79be8a69122cf998d067fff,0xee4b4c67f337bc773a53550239a4dd4e4060a6a54d51d6131beba1bc4ecc947d
27,9000000,0.0342,0x4d43c11e912cf79c6dcf3460a75e9e76c3f6b6dc,2017-10-25T00:27:16.000Z,0.0000000038,0xe5f80b82b325740196728fdc27130ce20166cc43,buy,0xd884f9881e0aeabad79be8a69122cf998d067fff,0xe97d3813176e062643c276c7cbbd49c144949f2b27282d12ee5b0c80e11dac6b
28,15000000,0.057,0x37dd4e5111c436147b1ff6821983bcf81fb23352,2017-10-24T20:10:07.000Z,0.0000000038,0xe5f80b82b325740196728fdc27130ce20166cc43,buy,0xd884f9881e0aeabad79be8a69122cf998d067fff,0x702e313c29e3c7f279d955538068905a247ddbfe7eefaec0b186748ac3b99bf3
29,2598.427683726211,0.000000389764152558,0xe5f80b82b325740196728fdc27130ce20166cc43,2017-10-24T06:11:39.000Z,0.00000000014999999999,0x3d1749fb48be9f80617d01ff291a2859c6c6afff,sell,0xd884f9881e0aeabad79be8a69122cf998d067fff,0x239019051bbc61a9569b27c6116b10c4d4ea78fe47ee628afed238bcbdca680b
30,26064828.095457625,0.003909724214318643,0xe5f80b82b325740196728fdc27130ce20166cc43,2017-10-24T06:09:16.000Z,0.00000000014999999999,0x3d1749fb48be9f80617d01ff291a2859c6c6afff,sell,0xd884f9881e0aeabad79be8a69122cf998d067fff,0x3312a8925153b51e91c896cb9ee6cc67df1c251fd78ee47d5a2c55439a2d0d45
31,1500000,0.0045,0x49ed5d544cb2704da8569c8f7ffc3beb46edcad6,2017-10-24T06:06:05.000Z,0.000000003,0x3d1749fb48be9f80617d01ff291a2859c6c6afff,sell,0xd884f9881e0aeabad79be8a69122cf998d067fff,0x5cf81db7e4bf980714960fd9fe4b052bff61a73cde9e73399534833d77b96f8a
32,700000,0.00217,0x8b182a4526944fa498970732a69a95d281c3c8a9,2017-10-24T06:06:05.000Z,0.0000000031,0x3d1749fb48be9f80617d01ff291a2859c6c6afff,sell,0xd884f9881e0aeabad79be8a69122cf998d067fff,0xa0a8facada0df09851f4c79bc63d0929e7c8cbb5d55d3db3ece3c674bd5c604e
33,700228,0.0021707068,0x1d60bd910c04316ef95880e494cd544536ccf38d,2017-10-24T06:06:00.000Z,0.0000000031,0x3d1749fb48be9f80617d01ff291a2859c6c6afff,sell,0xd884f9881e0aeabad79be8a69122cf998d067fff,0x39c1f4b09b72d456605b439d1e112dbe1f2e83b37ecfe4e358f48b44f9abcfb6
34,263157,0.0014999949,0x5651371034fa26c6f8beeb4ba5361df3aa2a7cc6,2017-10-24T01:24:25.000Z,0.0000000057,0x833438ee8ac5c23f579ec08142f2285b4a596b74,buy,0xd884f9881e0aeabad79be8a69122cf998d067fff,0x9a63d2104d375842a51a02f6578af4f77812b8e02b66a9f2e7b40ef8ec15a7c3
35,2943667.513372252,0.016778904826221838,0x48bd59531e0ad74630cc82a813c2120abf7647ff,2017-10-24T00:06:45.000Z,0.0000000057,0x833438ee8ac5c23f579ec08142f2285b4a596b74,buy,0xd884f9881e0aeabad79be8a69122cf998d067fff,0x9e01e5e6692bb50b0a0ec4254cac7f9342b7849f95f8316f34f453940c3542b2
36,777777,0.0044333289,0x54b59cbea68b581f1fa6ae1c3d5ea0643e8e2378,2017-10-23T16:02:19.000Z,0.0000000057,0x833438ee8ac5c23f579ec08142f2285b4a596b74,buy,0xd884f9881e0aeabad79be8a69122cf998d067fff,0xc146985835c24c46f2504c57cbf455c807355f620a981f82227fa4b2551194c1
37,25000000,0.075,0x25c2937618e5510da507799bb09f2e83cca3f21b,2017-10-23T10:11:13.000Z,0.000000003,0xe5f80b82b325740196728fdc27130ce20166cc43,sell,0xd884f9881e0aeabad79be8a69122cf998d067fff,0x3eb6bb9bb03f5d894f37ada4241e08367d30953216b5316db8d726ec6ffceb1f
38,3983127,0.023898762,0x09c450150abc14c949a942d2e7573b7ce0bc5dad,2017-10-23T01:18:23.000Z,0.000000006,0x833438ee8ac5c23f579ec08142f2285b4a596b74,buy,0xd884f9881e0aeabad79be8a69122cf998d067fff,0xc8d1cd746f05aa9c83116603967b025acf364a75d4bcb2bf1b89938e2b592617
39,72463.76811594203,0.0005,0x379374d13077e8867ef31803c37baf9785a17c00,2017-10-22T15:29:44.000Z,0.0000000069,0xe5f80b82b325740196728fdc27130ce20166cc43,buy,0xd884f9881e0aeabad79be8a69122cf998d067fff,0xf557e3569b10b013c6cfb1c895cc44e19c195eb318fa463acb832c983c88390d
40,72463.76811594203,0.0005,0x16e5d97bbc92417e051e3b2cabfbf8ceea2acb9c,2017-10-22T15:29:44.000Z,0.0000000069,0xe5f80b82b325740196728fdc27130ce20166cc43,buy,0xd884f9881e0aeabad79be8a69122cf998d067fff,0xfcf0c58025fd96f62263422cae7eeef27f3c94ba963d2b4b392b1b15a9ff87f3
41,72463.76811594203,0.0005,0xf9695cd65d6dfdf257fab76a3eb0cb8f001971cc,2017-10-22T15:07:20.000Z,0.0000000069,0xe5f80b82b325740196728fdc27130ce20166cc43,buy,0xd884f9881e0aeabad79be8a69122cf998d067fff,0x226038d429321af7e056b3188feffdd210c5a86467a63a471d765797651a7190
42,50000,0.00035,0xb85d14ab22a69276e57f24130ce4215e5ffe7dc0,2017-10-22T01:25:43.000Z,0.000000007,0x833438ee8ac5c23f579ec08142f2285b4a596b74,buy,0xd884f9881e0aeabad79be8a69122cf998d067fff,0x83fad0a0fb5dcb466f3c66a272fc8022457e9be9829a8159b7089ce82c012f56
43,4000000,0.004,0x199871f6408bd2007953ad9596603f7f5f5860ab,2017-10-21T16:42:42.000Z,0.000000001,0xe5f80b82b325740196728fdc27130ce20166cc43,sell,0xd884f9881e0aeabad79be8a69122cf998d067fff,0x7328864c54900a6ce2db9c72bbc1a0c4f8f37d64c7f294e50c228eefbfaeb8cd
44,100000000,0.1,0x48eaedfa6ab55f414a433f0778f55ed9b827e822,2017-10-21T16:41:19.000Z,0.000000001,0xe5f80b82b325740196728fdc27130ce20166cc43,sell,0xd884f9881e0aeabad79be8a69122cf998d067fff,0x85df4b105c726f1fecf48fa9ce36a282c8c9e2f2d73425adf24b415d8d84338d
45,20000000,0.04,0x199871f6408bd2007953ad9596603f7f5f5860ab,2017-10-21T16:40:57.000Z,0.000000002,0xe5f80b82b325740196728fdc27130ce20166cc43,sell,0xd884f9881e0aeabad79be8a69122cf998d067fff,0x9d357b38edcb00207454e0e6f79852d5240dfd431d003de74ea80378eb669452
46,12000000,0.0252,0x833438ee8ac5c23f579ec08142f2285b4a596b74,2017-10-21T16:40:57.000Z,0.0000000021,0xe5f80b82b325740196728fdc27130ce20166cc43,sell,0xd884f9881e0aeabad79be8a69122cf998d067fff,0xa66a45a717ba6bfea1aa0cc0b50dcbf77a40352e83a9b8d28e0b45cba6415473
47,29338218.19027681,0.07041172365666434,0xea422a366b7154ac3fc029e9843ba2e0206586a9,2017-10-20T22:15:34.000Z,0.0000000024,0x3d1749fb48be9f80617d01ff291a2859c6c6afff,buy,0xd884f9881e0aeabad79be8a69122cf998d067fff,0x3301357149fdabc7e9c9f5f518c34de228f1e894dd48d1d17556a73c513417cc
48,10000000,0.024,0xb99f72a8b0d3a5025ab8b2ca534973497af42899,2017-10-20T17:32:29.000Z,0.0000000024,0x3d1749fb48be9f80617d01ff291a2859c6c6afff,buy,0xd884f9881e0aeabad79be8a69122cf998d067fff,0x84a658b50c74d40e11598b1361052d8cfa5ceaf54791274d22475bf5e45011e1
49,33127.6237098683,0.000033127623709868,0x833438ee8ac5c23f579ec08142f2285b4a596b74,2017-10-20T05:32:05.000Z,0.00000000099999999999,0xf4c314c2ca27995a1b33b771106596dfe0d4b1e3,sell,0xd884f9881e0aeabad79be8a69122cf998d067fff,0xbc585b22915f2b1e62c7ee42cfba317ef2ac76e45c3779878b82658eb0df0d37
50,1000000,0.003,0x0fe6090affd0b5ba58586ab18fe575a51911d098,2017-10-20T04:37:08.000Z,0.000000003,0x3d1749fb48be9f80617d01ff291a2859c6c6afff,sell,0xd884f9881e0aeabad79be8a69122cf998d067fff,0xa6d3833170a439a92670971fbe0b16a869a9c960fa5ced680c95d954342a2a8f
51,1,0.00000000269,0x6cdea8e07bf82d7a07dbf36642d6e5be8623845c,2017-10-20T02:33:17.000Z,0.00000000269,0xe5f80b82b325740196728fdc27130ce20166cc43,buy,0xd884f9881e0aeabad79be8a69122cf998d067fff,0x86a8263e4dfa98826233bf3053547e1b39f2a95ea06358f0b9d4a33474ffc390
52,33100000,0.098969,0xa63cacf21ea07928f1d0f17558ef823fa00c6425,2017-10-19T04:01:33.000Z,0.00000000299,0xe5f80b82b325740196728fdc27130ce20166cc43,buy,0xd884f9881e0aeabad79be8a69122cf998d067fff,0x943cf5ea476cc5bd6534f4ef335c67bf6d24becee83c3c80bd46b64c754ccfa4
53,2000000,0.00598,0x5670fb7ddd986b14cf7ade131d67e3b484fe162c,2017-10-18T19:26:01.000Z,0.00000000299,0xe5f80b82b325740196728fdc27130ce20166cc43,buy,0xd884f9881e0aeabad79be8a69122cf998d067fff,0x4e4e58385a7d7f8ad50dff04d9ae22ff0e7174211a2a15591ae17de49263ed00
54,1,0.0000000059,0x3ac636ac5c3a2576156ac5f10066ca68abe0ad54,2017-10-18T19:24:54.000Z,0.0000000059,0xbbe8a1421d8583194bd959a640cb82225650c748,buy,0xd884f9881e0aeabad79be8a69122cf998d067fff,0x6548e641115eb76840543a23474b112c03f62420bf835659fe48e096679551d4
55,700000,0.002093,0x5670fb7ddd986b14cf7ade131d67e3b484fe162c,2017-10-18T19:19:19.000Z,0.00000000299,0xe5f80b82b325740196728fdc27130ce20166cc43,buy,0xd884f9881e0aeabad79be8a69122cf998d067fff,0xae79f7978d1633023e4f3d00569ef5d2cfecd137c83761326828cde7b8fac16a
56,12375000,0.02475,0xe595c80aa2236857875c9bd9f484c4d928ed63fa,2017-10-18T15:54:03.000Z,0.000000002,0x833438ee8ac5c23f579ec08142f2285b4a596b74,buy,0xd884f9881e0aeabad79be8a69122cf998d067fff,0x4ff618abd44af1eb294c17bdfb65aac9765e9090246d85f51156dbc1fd0c2ca5
57,5000000,0.01495,0x9c1b289210263135a61022624bd0d525d5befa12,2017-10-18T06:32:33.000Z,0.00000000299,0xe5f80b82b325740196728fdc27130ce20166cc43,buy,0xd884f9881e0aeabad79be8a69122cf998d067fff,0x18872411d57d2b535a1bae9ab1585c4a001a812d7816a71d064f070a5521b6c6
58,99108533.22765091,0.011893023987318108,0x66a4e99923ff534c41936d0b28a13980b0a942f0,2017-10-18T03:30:35.000Z,0.00000000011999999999,0x74f355aeddfe000c50701d15594e37af63fddaa4,sell,0xd884f9881e0aeabad79be8a69122cf998d067fff,0x244db2808cf00bcf54de643169e0c65149746094e1bd28313a446c857a89314b
59,10000000,0.01,0x833438ee8ac5c23f579ec08142f2285b4a596b74,2017-10-17T12:23:33.000Z,0.000000001,0x3d1749fb48be9f80617d01ff291a2859c6c6afff,sell,0xd884f9881e0aeabad79be8a69122cf998d067fff,0x3553c8fe4b6bcccbcae78b69803df782bb534eef22fe972c4329f85aea80e279
60,10000000,0.06,0x3da4ebcffab7a579feffbac8a2a6e27d9e23f0d5,2017-10-16T09:14:33.000Z,0.000000006,0x833438ee8ac5c23f579ec08142f2285b4a596b74,buy,0xd884f9881e0aeabad79be8a69122cf998d067fff,0x18b26815682477f86e760c4ac401e70f9cdc450c5ea8c505bbaf8f10bee82614
61,2.014,0.0000702886,0x3d1749fb48be9f80617d01ff291a2859c6c6afff,2017-10-15T18:32:04.000Z,0.0000349,0x02d55a29766a3e63f4b459e57c6054e8b4359867,buy,0xd884f9881e0aeabad79be8a69122cf998d067fff,0xf4745781c062d5e995dd2189dd8098f555c19c406a6b68b7f991581fef20b0c2
62,334051.5259220992,0.002004309155532594,0x0fe6090affd0b5ba58586ab18fe575a51911d098,2017-10-15T18:24:38.000Z,0.00000000599999999999,0x3d1749fb48be9f80617d01ff291a2859c6c6afff,sell,0xd884f9881e0aeabad79be8a69122cf998d067fff,0xd0f6a044fc2965458e92760c6f38c086702cfc4054ba23060c301dfd3d4a2cc8
63,40000000,0.12,0x41d496d95ba5ac3906c74d031f57ab4a9cda23f1,2017-10-15T18:23:23.000Z,0.000000003,0x3d1749fb48be9f80617d01ff291a2859c6c6afff,sell,0xd884f9881e0aeabad79be8a69122cf998d067fff,0x11d4d9ba2c8cb3bc5b1fab0b2df5b3dbe755158e9e96960715cf6212bd95df98
64,10000000,0.02,0x833438ee8ac5c23f579ec08142f2285b4a596b74,2017-10-15T18:23:15.000Z,0.000000002,0x3d1749fb48be9f80617d01ff291a2859c6c6afff,sell,0xd884f9881e0aeabad79be8a69122cf998d067fff,0xc7308a6304e6e85ad3ab73ee1045b6e6d058b798eb61ec30d849acd6db161821
65,20000000,0.02,0xacba24578577004624344761f641a710800ee012,2017-10-15T18:22:17.000Z,0.000000001,0x3d1749fb48be9f80617d01ff291a2859c6c6afff,sell,0xd884f9881e0aeabad79be8a69122cf998d067fff,0xdf9a191a87484a94e02a0bb846098995e354435bbdf9de0bf89a3e6f8db49a87
66,100000000,0.0123,0x1df122223b8835ad5ddd5e358e41eece2959e7cb,2017-10-15T18:21:58.000Z,0.000000000123,0x3d1749fb48be9f80617d01ff291a2859c6c6afff,sell,0xd884f9881e0aeabad79be8a69122cf998d067fff,0x4c61f7b92c70723bffc28e8ee3eac0e719352ce112edecf94d22b670e5d7ac02
67,100000000,0.0123,0x1df122223b8835ad5ddd5e358e41eece2959e7cb,2017-10-15T18:19:39.000Z,0.000000000123,0x3d1749fb48be9f80617d01ff291a2859c6c6afff,sell,0xd884f9881e0aeabad79be8a69122cf998d067fff,0xccce9a7025b036b067b9b2580c2f6bad3e5d3cd27a7afc81956b5571ceebc9a0
68,500000000,0.06005,0xe5f80b82b325740196728fdc27130ce20166cc43,2017-10-15T18:18:47.000Z,0.0000000001201,0x3d1749fb48be9f80617d01ff291a2859c6c6afff,sell,0xd884f9881e0aeabad79be8a69122cf998d067fff,0x2bfb1a7f42c9212b0ce388ece075359da0f818ab9559d29e50524b627585f2d9
69,6.4740779011243985,0.000000038844467406,0x0fe6090affd0b5ba58586ab18fe575a51911d098,2017-10-15T18:15:33.000Z,0.00000000599999999988,0x1af00fd719e00347a517af0716dbcaeed9a7b230,sell,0xd884f9881e0aeabad79be8a69122cf998d067fff,0xe0124011f84cad2650ca056c8eaca669a364b218a5ac8197914f6b325b828973
70,1400000,0.0084,0x0fe6090affd0b5ba58586ab18fe575a51911d098,2017-10-14T16:31:44.000Z,0.000000006,0x02d55a29766a3e63f4b459e57c6054e8b4359867,sell,0xd884f9881e0aeabad79be8a69122cf998d067fff,0x592da03a565a5b140309aace3f2611ba5d4980d658f02484244b32ab2a7e5807
71,10000000,0.07,0x41d496d95ba5ac3906c74d031f57ab4a9cda23f1,2017-10-14T12:17:49.000Z,0.000000007,0x34d5e6e9e39fbba6f6d3ab97b1ae58450a3c89b3,buy,0xd884f9881e0aeabad79be8a69122cf998d067fff,0x9b4d5542df8fa2fed65ac27065f6a32c813a0bb97235be25bf5edd964241d59b
72,2375000,0.01425,0x833438ee8ac5c23f579ec08142f2285b4a596b74,2017-10-14T07:30:50.000Z,0.000000006,0x971f30c325d9924ad472adf0bf98702502baad93,buy,0xd884f9881e0aeabad79be8a69122cf998d067fff,0xc946725cb30ff7b403702b865578b3086540430e1c1d23ad2b22a97e3e8e1f8c
73,11046755.05,0.0662805303,0x27849f835bb345a26dffbfa7a8863c387b546730,2017-10-13T20:19:22.000Z,0.000000006,0x833438ee8ac5c23f579ec08142f2285b4a596b74,buy,0xd884f9881e0aeabad79be8a69122cf998d067fff,0x75f2eae1d0e7c0ba63cea160bacd177271423fffb1ec55ffc0297976c691e540
74,4285714.286,0.030000000002,0x02d55a29766a3e63f4b459e57c6054e8b4359867,2017-10-13T11:35:06.000Z,0.000000007,0x34d5e6e9e39fbba6f6d3ab97b1ae58450a3c89b3,buy,0xd884f9881e0aeabad79be8a69122cf998d067fff,0x92541e35f10a584e142e812912a644b31967b85df7129ba5f580d228cd6485a2
75,625000,0.005,0xb9b7bdf513b26ec48ce7c3e79e6d0900f91b03fe,2017-10-13T10:36:01.000Z,0.000000008,0x971f30c325d9924ad472adf0bf98702502baad93,buy,0xd884f9881e0aeabad79be8a69122cf998d067fff,0xa806ff45bc00e285e379dba5598734ee79004b9c4d4db364b23f424f62769445
76,1000000,0.001,0x25621541ae541f170aeeb4c507f3cc7cbf4c1a73,2017-10-12T13:11:11.000Z,0.000000001,0x3d1749fb48be9f80617d01ff291a2859c6c6afff,sell,0xd884f9881e0aeabad79be8a69122cf998d067fff,0x9d00fd12027607708c9c465472928138303f210a8e1a008a4cb020825d844856
77,1000000,0.001,0x035392de57aa4fe343d86494103dbe1b068a56c6,2017-10-12T13:10:11.000Z,0.000000001,0x3d1749fb48be9f80617d01ff291a2859c6c6afff,sell,0xd884f9881e0aeabad79be8a69122cf998d067fff,0xb2bd613208e5e43cea0d390eda7db3973cfe08c057d6b25866b8d2312eef5796
78,1000000,0.001,0x035392de57aa4fe343d86494103dbe1b068a56c6,2017-10-12T13:10:06.000Z,0.000000001,0x3d1749fb48be9f80617d01ff291a2859c6c6afff,sell,0xd884f9881e0aeabad79be8a69122cf998d067fff,0x7ce3d062f1b42f6425912668b9b9e3c8ea8a3e2ae7b59f7be69377dbc81a38f1
79,200000000,0.222,0x34d5e6e9e39fbba6f6d3ab97b1ae58450a3c89b3,2017-10-12T13:05:45.000Z,0.00000000111,0x3d1749fb48be9f80617d01ff291a2859c6c6afff,sell,0xd884f9881e0aeabad79be8a69122cf998d067fff,0x7d527e83e7bb224694f618c87d14b2c13cd4c4b87d902fd16abf96bdcc591aa4
80,3000000,0.006,0x971f30c325d9924ad472adf0bf98702502baad93,2017-10-12T13:05:27.000Z,0.000000002,0x3d1749fb48be9f80617d01ff291a2859c6c6afff,sell,0xd884f9881e0aeabad79be8a69122cf998d067fff,0xcf23129781e89dffc2232f5f5b4190d31060c3622bb554c45b1e8c5036e098b9
81,4935058.524573822,0.009870117049147642,0x833438ee8ac5c23f579ec08142f2285b4a596b74,2017-10-12T13:05:19.000Z,0.00000000199999999999,0x3d1749fb48be9f80617d01ff291a2859c6c6afff,sell,0xd884f9881e0aeabad79be8a69122cf998d067fff,0xacf97982b4a3f8c7febf18df740621d795aa78a5e8960941778a7d6977efcfa4
82,64941.47542617885,0.000129882950852357,0x833438ee8ac5c23f579ec08142f2285b4a596b74,2017-10-12T13:01:01.000Z,0.00000000199999999999,0x1af00fd719e00347a517af0716dbcaeed9a7b230,sell,0xd884f9881e0aeabad79be8a69122cf998d067fff,0x5f02eca39b2eacd508d6307a2144e2a8bd7161c0d16c04b208a5c6d3334f1a7b
83,500000,0.0045,0x60c4a0ee5d86f672ad45f487648b2b6c9c3dc44c,2017-10-12T08:54:45.000Z,0.000000009,0x3d1749fb48be9f80617d01ff291a2859c6c6afff,buy,0xd884f9881e0aeabad79be8a69122cf998d067fff,0x2f83af5a7f9549c562488ca2f43a0f5a145f20b3f72b8bf15e6e3d2fb4771c8d
84,4583333.333,0.054999999996,0xbc43454e4b5c4cdbb2099449b76e11664307a1f2,2017-10-12T03:35:24.000Z,0.000000012,0xbbe8a1421d8583194bd959a640cb82225650c748,buy,0xd884f9881e0aeabad79be8a69122cf998d067fff,0x23a01129e2e71e1b49d2e660d2c9b0b581c5b3a93bb15486774861282c056acd
85,3.211,0.000112385,0x3d1749fb48be9f80617d01ff291a2859c6c6afff,2017-10-11T21:47:33.000Z,0.000035,0x60c4a0ee5d86f672ad45f487648b2b6c9c3dc44c,buy,0xd884f9881e0aeabad79be8a69122cf998d067fff,0x45eca566b04df68af2164d9127f5655f4be41cfb2f7837750d5c7e37634fd0d7
86,2.147,0.000051528,0x3d1749fb48be9f80617d01ff291a2859c6c6afff,2017-10-11T21:37:46.000Z,0.000024,0x3d1749fb48be9f80617d01ff291a2859c6c6afff,buy,0xd884f9881e0aeabad79be8a69122cf998d067fff,0xae5ea91a4e2bbab763beb410509fd05083478ade930059d69ed458dc633baf3f
87,4125412.541,0.016501650164,0x5d5065b42bdee0274e394ba9042c21e1818c69cf,2017-10-11T21:31:16.000Z,0.000000004,0x3d1749fb48be9f80617d01ff291a2859c6c6afff,sell,0xd884f9881e0aeabad79be8a69122cf998d067fff,0xdbda85a88f167133acd5d95a452ffcdc11184235d5da519f3b67ff3aaf600402
88,600000,0.0042,0x8b182a4526944fa498970732a69a95d281c3c8a9,2017-10-11T21:29:59.000Z,0.000000007,0x3d1749fb48be9f80617d01ff291a2859c6c6afff,sell,0xd884f9881e0aeabad79be8a69122cf998d067fff,0x637e220a548d5805147e28d77fda46eb9c50cc8a62581476e348980d1c2c5a6d
89,5000000,0.03,0x833438ee8ac5c23f579ec08142f2285b4a596b74,2017-10-11T21:29:19.000Z,0.000000006,0x3d1749fb48be9f80617d01ff291a2859c6c6afff,sell,0xd884f9881e0aeabad79be8a69122cf998d067fff,0x67c6d5eac3d0f4269a197e6e972672882d2035ba4173b6642ee2fa39624c45af
90,49584621.007875584,0.09916924201575117,0xbbe8a1421d8583194bd959a640cb82225650c748,2017-10-11T21:28:34.000Z,0.00000000199999999999,0x3d1749fb48be9f80617d01ff291a2859c6c6afff,sell,0xd884f9881e0aeabad79be8a69122cf998d067fff,0x59fd87a70584e2e3fd357ad63b49c7ef0bacf5c83f825543b58be4aa9f4efd54
91,1000000,0.0029,0x8b182a4526944fa498970732a69a95d281c3c8a9,2017-10-11T20:55:10.000Z,0.0000000029,0x3d1749fb48be9f80617d01ff291a2859c6c6afff,sell,0xd884f9881e0aeabad79be8a69122cf998d067fff,0xf4a6557fd10730d5d4d5cd12ee235309d7ddb60a4d5f41c955a29c1d1633bb15
92,1000000,0.0046,0x8b182a4526944fa498970732a69a95d281c3c8a9,2017-10-11T20:52:56.000Z,0.0000000046,0x3d1749fb48be9f80617d01ff291a2859c6c6afff,sell,0xd884f9881e0aeabad79be8a69122cf998d067fff,0xa49d5e95104973cbddca91988b1c4b9180bfa896e186afafb835ad2704c21f51
93,200000000,0.2,0x34d5e6e9e39fbba6f6d3ab97b1ae58450a3c89b3,2017-10-11T20:25:28.000Z,0.000000001,0x3d1749fb48be9f80617d01ff291a2859c6c6afff,sell,0xd884f9881e0aeabad79be8a69122cf998d067fff,0x38b211b933cb758ebd09dc3b2bf656708de7e23880a656477394c543ad5af07a
94,500000,0.0075,0x60c4a0ee5d86f672ad45f487648b2b6c9c3dc44c,2017-10-11T17:36:09.000Z,0.000000015,0x74f355aeddfe000c50701d15594e37af63fddaa4,buy,0xd884f9881e0aeabad79be8a69122cf998d067fff,0x29161159e7e4f5a9fbe7d19c960f01855719a8592a5a8e0275ac3801acef2260
95,1046755.05931612,0.0209351011863224,0x833438ee8ac5c23f579ec08142f2285b4a596b74,2017-10-11T06:12:20.000Z,0.00000002,0xbbe8a1421d8583194bd959a640cb82225650c748,buy,0xd884f9881e0aeabad79be8a69122cf998d067fff,0x9fc6f18dd89fb798f22559b8b90fece1507929bb0c33e68e54b76bce71bdc3a5
96,1000000,0.02,0x64ef1975158f85a23a661d5c205d083a3b3ea6a1,2017-10-11T05:40:39.000Z,0.00000002,0xbbe8a1421d8583194bd959a640cb82225650c748,buy,0xd884f9881e0aeabad79be8a69122cf998d067fff,0xed5fbb91121ec2282bcce93b184940269f9d1d78e181fce80185c4b14ce7a527
97,10,0.00062,0x3d1749fb48be9f80617d01ff291a2859c6c6afff,2017-10-11T04:46:54.000Z,0.000062,0x66a4e99923ff534c41936d0b28a13980b0a942f0,buy,0xd884f9881e0aeabad79be8a69122cf998d067fff,0x5bedb1506bc0322caf5c28600be4a1585925881220221d35e34e74fad5babb02
98,415378.9921244143,0.000830757984248828,0xbbe8a1421d8583194bd959a640cb82225650c748,2017-10-11T02:44:35.000Z,0.00000000199999999999,0x42977c5d040af2e76c2664a9da9b1a53aa962d7c,sell,0xd884f9881e0aeabad79be8a69122cf998d067fff,0x236fa99efdc1105b0696fb717b0747b65c1082351249c617a28c2144317c4f1e
99,5500000,0.11,0x0ffbe1ce3ef05748cf95803a7a01b07805bac869,2017-10-11T02:08:25.000Z,0.00000002,0xbbe8a1421d8583194bd959a640cb82225650c748,buy,0xd884f9881e0aeabad79be8a69122cf998d067fff,0x574f909c5de5303b5aab90035eaa804ae636c1b6ba295db48cea252053089ce8
100,2.575,0.0000618,0x3d1749fb48be9f80617d01ff291a2859c6c6afff,2017-10-10T05:07:57.000Z,0.000024,0x3d1749fb48be9f80617d01ff291a2859c6c6afff,buy,0xd884f9881e0aeabad79be8a69122cf998d067fff,0xf408df9e548219da248c6b5aadbc0f40f022e8e55ee15c96ccad6dae8bd69d9b
101,416666.667,0.010000000008,0x42977c5d040af2e76c2664a9da9b1a53aa962d7c,2017-10-10T01:41:03.000Z,0.000000024,0x3d1749fb48be9f80617d01ff291a2859c6c6afff,buy,0xd884f9881e0aeabad79be8a69122cf998d067fff,0x1b5b96a6207243c49a48921bc77f46e93d81da3f8109eff88071d0415bb6499a
102,2.146,0.000051504,0x3d1749fb48be9f80617d01ff291a2859c6c6afff,2017-10-09T20:50:52.000Z,0.000024,0x3d1749fb48be9f80617d01ff291a2859c6c6afff,buy,0xd884f9881e0aeabad79be8a69122cf998d067fff,0x1bef9321fd4ac81a9690e75d353cadfcd07da9fae3a476f3d6d7122271ba7c83
103,2.409,0.0000004818,0x3d1749fb48be9f80617d01ff291a2859c6c6afff,2017-10-09T19:51:21.000Z,0.0000002,0x3d1749fb48be9f80617d01ff291a2859c6c6afff,buy,0xd884f9881e0aeabad79be8a69122cf998d067fff,0xe455841397061c779e718693a23fbfecf4451bbc05be72daa7c67b864a80b3c6
104,50000000,0.25,0xbbe8a1421d8583194bd959a640cb82225650c748,2017-10-09T19:51:18.000Z,0.000000005,0x3d1749fb48be9f80617d01ff291a2859c6c6afff,sell,0xd884f9881e0aeabad79be8a69122cf998d067fff,0x8a747197d9978e84a2ceaf40e45993a8b28441d60734f72979b7a7b121679b22
105,3.854,0.000001927,0x3d1749fb48be9f80617d01ff291a2859c6c6afff,2017-10-09T14:33:49.000Z,0.0000005,0x3d1749fb48be9f80617d01ff291a2859c6c6afff,buy,0xd884f9881e0aeabad79be8a69122cf998d067fff,0x09dcc318c0514862de5579c91a66039ac101da46a112e929019e04dadbf9ee4c
106,3.895,0.0000019475,0x3d1749fb48be9f80617d01ff291a2859c6c6afff,2017-10-09T14:32:57.000Z,0.0000005,0x3d1749fb48be9f80617d01ff291a2859c6c6afff,buy,0xd884f9881e0aeabad79be8a69122cf998d067fff,0x8cb63b26299b7581d4533e037b9034b011b417e185eb3dd3126068d4d18916ea
107,3.408,0.000001704,0x3d1749fb48be9f80617d01ff291a2859c6c6afff,2017-10-09T09:27:01.000Z,0.0000005,0x3d1749fb48be9f80617d01ff291a2859c6c6afff,buy,0xd884f9881e0aeabad79be8a69122cf998d067fff,0x2520190140d99995952dc1b8d0b22e3655c17a406cc61cc399a564d2b3e9320e
108,1.547,0.0000001547,0x3d1749fb48be9f80617d01ff291a2859c6c6afff,2017-10-09T09:18:50.000Z,0.0000001,0x3d1749fb48be9f80617d01ff291a2859c6c6afff,buy,0xd884f9881e0aeabad79be8a69122cf998d067fff,0x625a780750dd9a183d31d6ae98f5453d644715c51f3c8005113ad44e77901913
109,50000,0.015,0xfa7f71083f601e2365fecae3f792a3fbced9253f,2017-10-09T08:24:17.000Z,0.0000003,0x74f355aeddfe000c50701d15594e37af63fddaa4,buy,0xd884f9881e0aeabad79be8a69122cf998d067fff,0x34a2dbe2d1115a1ed5b9af91797053fd30736ae55a4c1b64af494620c553a381
110,33230.31934336889,0.009969095803010666,0xf4c314c2ca27995a1b33b771106596dfe0d4b1e3,2017-10-09T08:04:14.000Z,0.0000003,0x74f355aeddfe000c50701d15594e37af63fddaa4,buy,0xd884f9881e0aeabad79be8a69122cf998d067fff,0x3ddb792058b91826e243c55c789a0ef3c2b99af36cc56df97fbb86821932d499
111,1000,0.00207,0x78b0e4933f5b7d90102367e28efcde256998411e,2017-10-09T07:59:54.000Z,0.00000207,0xfa7f71083f601e2365fecae3f792a3fbced9253f,sell,0xd884f9881e0aeabad79be8a69122cf998d067fff,0xaf86637bb1c75eba5d7d0f3dd4373f12d2d1c4869ec12a551ddaeff5472fe29c
112,5000,0.0025,0xfa7f71083f601e2365fecae3f792a3fbced9253f,2017-10-09T07:45:45.000Z,0.0000005,0x3d1749fb48be9f80617d01ff291a2859c6c6afff,buy,0xd884f9881e0aeabad79be8a69122cf998d067fff,0x9dd58d74f92ca2d5eeaa0e24839a19e74467d112ee4e236e766b0111a79ed6c7
113,3000,0.0015,0x60c4a0ee5d86f672ad45f487648b2b6c9c3dc44c,2017-10-09T07:45:45.000Z,0.0000005,0x3d1749fb48be9f80617d01ff291a2859c6c6afff,buy,0xd884f9881e0aeabad79be8a69122cf998d067fff,0xabfdf6686abee6e3cb802c4f04212cc8006341bf3ebeff495e2660f55792f130
114,1000,0.023,0x5ae933bfbbaa04c3e05ae56295138174ada9799c,2017-10-09T07:06:08.000Z,0.000023,0x74f355aeddfe000c50701d15594e37af63fddaa4,buy,0xd884f9881e0aeabad79be8a69122cf998d067fff,0x9a92e05a7ee1acb5701d8af504b22336c48156e4420ad24fd3f67e271591c9ad
115,997,0.034895,0x3d1749fb48be9f80617d01ff291a2859c6c6afff,2017-10-09T07:06:08.000Z,0.000035,0x5ae933bfbbaa04c3e05ae56295138174ada9799c,sell,0xd884f9881e0aeabad79be8a69122cf998d067fff,0x9a92e05a7ee1acb5701d8af504b22336c48156e4420ad24fd3f67e271591c9ad
116,7.571,0.000484544,0x3d1749fb48be9f80617d01ff291a2859c6c6afff,2017-10-09T06:49:55.000Z,0.000064,0x3d1749fb48be9f80617d01ff291a2859c6c6afff,buy,0xd884f9881e0aeabad79be8a69122cf998d067fff,0x98966f6c779639d17e8d5062083b69de9ca80dc0c0d43b5fac207b682d9852de
117,1.575,0.000102375,0x3d1749fb48be9f80617d01ff291a2859c6c6afff,2017-10-09T06:46:53.000Z,0.000065,0x3d1749fb48be9f80617d01ff291a2859c6c6afff,buy,0xd884f9881e0aeabad79be8a69122cf998d067fff,0x467b56f4f3b9f8b381db73f6caafeb0adf6d3fa85e07a386989f64dab1e05cbd
118,3000,0.00618,0x78b0e4933f5b7d90102367e28efcde256998411e,2017-10-09T06:45:07.000Z,0.00000206,0x3d1749fb48be9f80617d01ff291a2859c6c6afff,sell,0xd884f9881e0aeabad79be8a69122cf998d067fff,0x013de3c98abd8a4561903282add8024b827ca55012b28e92e46b419fb16dbd07
119,1000,0.002052,0x78b0e4933f5b7d90102367e28efcde256998411e,2017-10-09T06:37:57.000Z,0.000002052,0x3d1749fb48be9f80617d01ff291a2859c6c6afff,sell,0xd884f9881e0aeabad79be8a69122cf998d067fff,0x6169e80f328a9aa746b47264199510183497829c93dc19f6e0641a8aa8b6ba0d
120,8051.529791,0.01666666666737,0x5d5065b42bdee0274e394ba9042c21e1818c69cf,2017-10-09T06:37:57.000Z,0.00000207,0x66a4e99923ff534c41936d0b28a13980b0a942f0,sell,0xd884f9881e0aeabad79be8a69122cf998d067fff,0x083f0d2b9910bc98706a2e464a7adc27693260056bac232f17a8261213269069
121,1000,0.00205,0x035392de57aa4fe343d86494103dbe1b068a56c6,2017-10-09T06:37:49.000Z,0.00000205,0x3d1749fb48be9f80617d01ff291a2859c6c6afff,sell,0xd884f9881e0aeabad79be8a69122cf998d067fff,0x0a8b90e2ad01c3c3f227b86f84e59557e89618ac88e3dbb70c0deb4cd7ddd86d
122,1000,0.00203,0x035392de57aa4fe343d86494103dbe1b068a56c6,2017-10-09T06:37:33.000Z,0.00000203,0x3d1749fb48be9f80617d01ff291a2859c6c6afff,sell,0xd884f9881e0aeabad79be8a69122cf998d067fff,0xcde3566101712153ad9edc0a0676a065b2b1c30be894536ea8eef3e8321f0e4f
123,1000,0.00201,0x035392de57aa4fe343d86494103dbe1b068a56c6,2017-10-09T06:34:07.000Z,0.00000201,0x3d1749fb48be9f80617d01ff291a2859c6c6afff,sell,0xd884f9881e0aeabad79be8a69122cf998d067fff,0xc742a8beb8679cbe8170b7293290a03da5583381b9f17b99a81924b5b63f624d
124,25600,0.0512,0x12a0f10b5fad6d888c748c2e3556464b09260376,2017-10-09T06:32:31.000Z,0.000002,0x3d1749fb48be9f80617d01ff291a2859c6c6afff,sell,0xd884f9881e0aeabad79be8a69122cf998d067fff,0x6062fcb548c853d1c67838d10f6cac4c5b763a409e20ddff46b7e20e79544454
125,20000,0.02002,0xf36990a2cb4d609e0a7d4f3bf884c0342d81fd3d,2017-10-09T06:31:56.000Z,0.000001001,0x3d1749fb48be9f80617d01ff291a2859c6c6afff,sell,0xd884f9881e0aeabad79be8a69122cf998d067fff,0x5f8285a239dda2a4b85ed4e3a175dadb31fdd4857328f891ae2e3edb54532692
126,10000,0.02071,0xf36990a2cb4d609e0a7d4f3bf884c0342d81fd3d,2017-10-09T06:31:08.000Z,0.000002071,0x66a4e99923ff534c41936d0b28a13980b0a942f0,sell,0xd884f9881e0aeabad79be8a69122cf998d067fff,0xafbd1101bf8a794f36aa57bc36657ec5714776d2f809e185cf0fd36b927734a1
127,200000,0.0202,0xf36990a2cb4d609e0a7d4f3bf884c0342d81fd3d,2017-10-09T06:30:35.000Z,0.000000101,0x3d1749fb48be9f80617d01ff291a2859c6c6afff,sell,0xd884f9881e0aeabad79be8a69122cf998d067fff,0xf2734891bdabfdd919353e6933d756fa397b8879ac6f7ab0ab4904f7b40cb108
128,100000,0.01,0x78b0e4933f5b7d90102367e28efcde256998411e,2017-10-09T06:27:29.000Z,0.0000001,0x3d1749fb48be9f80617d01ff291a2859c6c6afff,sell,0xd884f9881e0aeabad79be8a69122cf998d067fff,0x323cb79d0d514b35e7a7403ea9fedf6e8e5d3215b9d1f9a815c1086bde09fcab
129,400000,0.0396,0x27833b344300d5bb4ac6fd0f10d0abbffaa2b5a7,2017-10-09T06:27:29.000Z,0.000000099,0x3d1749fb48be9f80617d01ff291a2859c6c6afff,sell,0xd884f9881e0aeabad79be8a69122cf998d067fff,0xd4b09db023756ccac44792ed5b55ca07b797034aa1c394f7227ae917a6f12fdb
130,50000,0.0025,0x0024a5046fd95c5eee6db19a69ef7ed3bacd50f1,2017-10-09T06:27:20.000Z,0.00000005,0x3d1749fb48be9f80617d01ff291a2859c6c6afff,sell,0xd884f9881e0aeabad79be8a69122cf998d067fff,0x4fb0f88136eba7b0acc021400dd53a1d35dd1c2027ea42ccd1516865dcdde320
131,2000000,0.022,0xf36990a2cb4d609e0a7d4f3bf884c0342d81fd3d,2017-10-09T06:25:02.000Z,0.000000011,0x3d1749fb48be9f80617d01ff291a2859c6c6afff,sell,0xd884f9881e0aeabad79be8a69122cf998d067fff,0x076821e5ede0bdfd67149ada3c8790d951a634c632e5b47337388a37a12604a9
132,120000,0.216,0x5351caa25f3294be3f593f97f87ce3989eed1894,2017-10-09T06:22:42.000Z,0.0000018,0x3d1749fb48be9f80617d01ff291a2859c6c6afff,sell,0xd884f9881e0aeabad79be8a69122cf998d067fff,0xf775bfbcf8db36ec653ee1234130125331f37fec31d87ee8d9e39614268d78a7
133,999999,0.010999989,0x9bb6f1d706e2a74b700665c3cb6ae355cf412469,2017-10-09T06:18:24.000Z,0.000000011,0x3d1749fb48be9f80617d01ff291a2859c6c6afff,sell,0xd884f9881e0aeabad79be8a69122cf998d067fff,0x9a674295907b4347ab369769f45042802644645c80e6563e9ff2a80dc479e1c3
134,1000000,0.001,0x78b0e4933f5b7d90102367e28efcde256998411e,2017-10-09T06:16:14.000Z,0.000000001,0x3d1749fb48be9f80617d01ff291a2859c6c6afff,sell,0xd884f9881e0aeabad79be8a69122cf998d067fff,0x715f3cde317cdc731ec69f9065369488d6b89175aab5cf2a60a0b286b0274c7a
135,5000000,0.1,0x66a4e99923ff534c41936d0b28a13980b0a942f0,2017-10-09T05:51:38.000Z,0.00000002,0x3d1749fb48be9f80617d01ff291a2859c6c6afff,sell,0xd884f9881e0aeabad79be8a69122cf998d067fff,0xe483e0afade6012eb82f90c7c6561d74beff92ab01d2723f3d87adbd7234b225
136,100000000,0.5,0x74f355aeddfe000c50701d15594e37af63fddaa4,2017-10-09T05:39:48.000Z,0.000000005,0x3d1749fb48be9f80617d01ff291a2859c6c6afff,sell,0xd884f9881e0aeabad79be8a69122cf998d067fff,0x285c9c750a29822f69d307757ae1b29f8fc8ef487554187933cea2f0a028aad9
137,46.7301365766125,0.0029907287409032,0x3d1749fb48be9f80617d01ff291a2859c6c6afff,2017-10-09T05:39:18.000Z,0.000064,0x3d1749fb48be9f80617d01ff291a2859c6c6afff,buy,0xd884f9881e0aeabad79be8a69122cf998d067fff,0x341aadb95ebfd8727b736fe4947d45b3b5a4868352be4c6c5a1ae1edea8b27d4
