,amount,amountBase,buyer,date,price,seller,side,tokenAddr,txHash
0,9,0.060776786199581295,0xc70bae9cb401056d128ba7556a9d52985442849c,2017-11-01T17:28:39.000Z,0.006752976244397922,0x85f35923b53ca0132516ce3aad0a996114373850,buy,0xd51e852630debc24e9e1041a03d80a0107f8ef0c,0x366b952a1e37399f5fa3fe51d387a4d3f3b4841e370e4da422b0086b11c49737
1,198,1.3258897418004187,0x696b4e63811c6c33d67509e257c5fb00822e1514,2017-11-01T17:25:55.000Z,0.006696412837375852,0x85f35923b53ca0132516ce3aad0a996114373850,buy,0xd51e852630debc24e9e1041a03d80a0107f8ef0c,0x7f5cca908e7cdd8470e8c0fe2433bbbef15e6e96596cf6e07768eee149706dfe
2,36,0.20448,0xc70bae9cb401056d128ba7556a9d52985442849c,2017-10-31T12:30:32.000Z,0.00568,0x85f35923b53ca0132516ce3aad0a996114373850,sell,0xd51e852630debc24e9e1041a03d80a0107f8ef0c,0xfb44db565c6e60dbb34e34e3e6799a46c719cea7d5f0b052f596b13d7d2ba323
3,24,0.1368,0xc70bae9cb401056d128ba7556a9d52985442849c,2017-10-31T12:25:24.000Z,0.0057,0x85f35923b53ca0132516ce3aad0a996114373850,sell,0xd51e852630debc24e9e1041a03d80a0107f8ef0c,0x1fd4670c7b9680abb2a1e072f85dbb72f8ed521d8ec7f81a0eb308a46df449c6
4,10,0.057,0xc70bae9cb401056d128ba7556a9d52985442849c,2017-10-29T08:28:33.000Z,0.0057,0x0c88d715e175d89c429d266a31af0d4f9db97015,sell,0xd51e852630debc24e9e1041a03d80a0107f8ef0c,0xaf21ba2f8dcbe64510d1447da875535d25b88116f3fc018858368604f90c9b76
5,10,0.067891,0x0c88d715e175d89c429d266a31af0d4f9db97015,2017-10-29T08:21:10.000Z,0.0067891,0x1edef59fad9e802052a4b70bd23f54623109e0b7,buy,0xd51e852630debc24e9e1041a03d80a0107f8ef0c,0x8a4c2c2bda8e33c27395ba7ec65846039f0aa2a00472468d0d5dfd54cbef8e2d
6,100,0.67891,0x0c88d715e175d89c429d266a31af0d4f9db97015,2017-10-28T17:21:13.000Z,0.0067891,0x1edef59fad9e802052a4b70bd23f54623109e0b7,buy,0xd51e852630debc24e9e1041a03d80a0107f8ef0c,0xcf9edae4d4d91e4815bc19212d2647e7af713457a6608d6e579aa84857df9c06
7,1,0.0067935,0x3ac636ac5c3a2576156ac5f10066ca68abe0ad54,2017-10-25T22:18:22.000Z,0.0067935,0x1edef59fad9e802052a4b70bd23f54623109e0b7,buy,0xd51e852630debc24e9e1041a03d80a0107f8ef0c,0xb543ea46dd69c383a56e27a0bf645d7071af8bdd3ff14482d7678637ee5e7bd3
8,15,0.10155,0xc70bae9cb401056d128ba7556a9d52985442849c,2017-10-25T22:04:08.000Z,0.00677,0x48a566c4c441197bce7535e68121f3af103aaf00,buy,0xd51e852630debc24e9e1041a03d80a0107f8ef0c,0xfee7baada57b32725e5ddefa8b4d1b39fb042c72fed50b20621230b5aa1935c7
9,20,0.1124,0xc70bae9cb401056d128ba7556a9d52985442849c,2017-10-25T21:57:48.000Z,0.00562,0x1edef59fad9e802052a4b70bd23f54623109e0b7,sell,0xd51e852630debc24e9e1041a03d80a0107f8ef0c,0x1e8b0c9a9ad846abc372754172fb82e363c2a9e80c1806eef5abd117e04d1c25
10,14,0.07896,0xc70bae9cb401056d128ba7556a9d52985442849c,2017-10-25T21:55:53.000Z,0.00564,0x1edef59fad9e802052a4b70bd23f54623109e0b7,sell,0xd51e852630debc24e9e1041a03d80a0107f8ef0c,0xe7cd258506bd932178fa91bfb1283db86d9999fec3b25b905fc938536e5fa8ed
11,10,0.0564,0xc70bae9cb401056d128ba7556a9d52985442849c,2017-10-25T21:52:14.000Z,0.00564,0x1edef59fad9e802052a4b70bd23f54623109e0b7,sell,0xd51e852630debc24e9e1041a03d80a0107f8ef0c,0xe2c4c1f6593b1882f482ec73a92d1d448f4fc889f471fdd281184b87b63dd043
12,45,0.3055095,0xc70bae9cb401056d128ba7556a9d52985442849c,2017-10-22T14:49:43.000Z,0.0067891,0x1edef59fad9e802052a4b70bd23f54623109e0b7,buy,0xd51e852630debc24e9e1041a03d80a0107f8ef0c,0x5fae7bb0243a0d702ef06fdf07f56b750f388d2e7e5ab4ad8ed36df812447a17
13,40,0.271564,0xc70bae9cb401056d128ba7556a9d52985442849c,2017-10-22T14:48:46.000Z,0.0067891,0x1edef59fad9e802052a4b70bd23f54623109e0b7,buy,0xd51e852630debc24e9e1041a03d80a0107f8ef0c,0xc8241b6414d2a719bbce09d77cf4e52785ec6f939a477731e48255ddd9c1e79b
14,199,1.355920645997408,0x1edef59fad9e802052a4b70bd23f54623109e0b7,2017-10-21T19:29:16.000Z,0.006813671587926674,0x696b4e63811c6c33d67509e257c5fb00822e1514,buy,0xd51e852630debc24e9e1041a03d80a0107f8ef0c,0x650a3b3b14ffde504e03af294086856b9d5d6cbd7a5e1ea67d4a7c35ce24e319
15,93,0.627099,0x696b4e63811c6c33d67509e257c5fb00822e1514,2017-10-21T19:21:26.000Z,0.006743,0x1edef59fad9e802052a4b70bd23f54623109e0b7,buy,0xd51e852630debc24e9e1041a03d80a0107f8ef0c,0x5ea6350edd59ee3f82b56c3f1e9bafd1263606d5b1d5bb998ce28a54a9148fd6
16,109,0.733025,0x696b4e63811c6c33d67509e257c5fb00822e1514,2017-10-21T19:19:49.000Z,0.006725,0x1edef59fad9e802052a4b70bd23f54623109e0b7,buy,0xd51e852630debc24e9e1041a03d80a0107f8ef0c,0xc66bfc3377aef41aefb844ee4ae519ba600ded2eafe04eaf6141afa42ec731a9
17,16,0.0992,0xc70bae9cb401056d128ba7556a9d52985442849c,2017-10-21T19:11:00.000Z,0.0062,0x1edef59fad9e802052a4b70bd23f54623109e0b7,sell,0xd51e852630debc24e9e1041a03d80a0107f8ef0c,0x295ec08a5ebc6c450ba04c576fa7d173210e70abbe4633452abf3c13cf7746ad
18,52,0.32292,0xc70bae9cb401056d128ba7556a9d52985442849c,2017-10-21T19:10:18.000Z,0.00621,0x1edef59fad9e802052a4b70bd23f54623109e0b7,sell,0xd51e852630debc24e9e1041a03d80a0107f8ef0c,0xd88fd4b9d6d11f6fe59d083059f0b415250bde3afe3b5329290b2015a75a4794
19,100,0.6725,0xc70bae9cb401056d128ba7556a9d52985442849c,2017-10-21T19:04:43.000Z,0.006725,0x1edef59fad9e802052a4b70bd23f54623109e0b7,buy,0xd51e852630debc24e9e1041a03d80a0107f8ef0c,0x1a85da6cff0ee1bd4fd306f3af0a23f55ce2eed14f0008abef3c969e0a1e5416
20,7,0.047075,0xc70bae9cb401056d128ba7556a9d52985442849c,2017-10-20T16:08:21.000Z,0.006725,0x1edef59fad9e802052a4b70bd23f54623109e0b7,buy,0xd51e852630debc24e9e1041a03d80a0107f8ef0c,0x034f0ba5f709ad2ab0eeb8f002f9ee728d32689abab9576133243ff8254568d2
21,30,0.2016,0xc70bae9cb401056d128ba7556a9d52985442849c,2017-10-20T16:05:36.000Z,0.00672,0x696b4e63811c6c33d67509e257c5fb00822e1514,buy,0xd51e852630debc24e9e1041a03d80a0107f8ef0c,0x5eff8e1ce1a5a8fdf767a82bec195c23929fd1b169d27202bb5e7f997873853e
22,19,0.12768,0xc70bae9cb401056d128ba7556a9d52985442849c,2017-10-20T16:00:40.000Z,0.00672,0x696b4e63811c6c33d67509e257c5fb00822e1514,buy,0xd51e852630debc24e9e1041a03d80a0107f8ef0c,0x8309211f3b9939cba781c5d2df6d44d4d2686356e690b9251bf3a42ad1bc5336
23,20,0.1344,0xc70bae9cb401056d128ba7556a9d52985442849c,2017-10-20T15:57:21.000Z,0.00672,0x696b4e63811c6c33d67509e257c5fb00822e1514,buy,0xd51e852630debc24e9e1041a03d80a0107f8ef0c,0x59722dff7f028edd4cf0edd42cbd77c524147ddad13908cf4f2f305a1f7b6d68
24,30,0.2016,0x1edef59fad9e802052a4b70bd23f54623109e0b7,2017-10-20T15:13:12.000Z,0.00672,0x696b4e63811c6c33d67509e257c5fb00822e1514,buy,0xd51e852630debc24e9e1041a03d80a0107f8ef0c,0xa0bb009324fc1e0a9666e8155e50da98cb9ac520f74bfbea67bfe340eb06f105
25,15,0.0873,0xc70bae9cb401056d128ba7556a9d52985442849c,2017-10-20T14:50:47.000Z,0.00582,0x696b4e63811c6c33d67509e257c5fb00822e1514,sell,0xd51e852630debc24e9e1041a03d80a0107f8ef0c,0xc24e3554f3cab825363d642a5049ef6b0289b6f61d72199161997aa571d723ad
26,10,0.05999,0xc70bae9cb401056d128ba7556a9d52985442849c,2017-10-20T14:49:48.000Z,0.005999,0x696b4e63811c6c33d67509e257c5fb00822e1514,sell,0xd51e852630debc24e9e1041a03d80a0107f8ef0c,0xa56b1d15ca1f13171ad00872e55854b2badc6a880ab686b2632d49692c683948
27,16,0.10752,0xc70bae9cb401056d128ba7556a9d52985442849c,2017-10-20T14:45:22.000Z,0.00672,0x696b4e63811c6c33d67509e257c5fb00822e1514,buy,0xd51e852630debc24e9e1041a03d80a0107f8ef0c,0x8547c0ef5cbd4bb63e299a336f648b8595840449b57bd3088e0a764e7cb039bb
28,45,0.3024,0xc70bae9cb401056d128ba7556a9d52985442849c,2017-10-20T14:40:04.000Z,0.00672,0x696b4e63811c6c33d67509e257c5fb00822e1514,buy,0xd51e852630debc24e9e1041a03d80a0107f8ef0c,0xa30608a53cfded258408645131121753597b51472dd2275ef37691f7f0d4405e
29,180,1.2078,0xc70bae9cb401056d128ba7556a9d52985442849c,2017-10-20T14:37:29.000Z,0.00671,0x1edef59fad9e802052a4b70bd23f54623109e0b7,buy,0xd51e852630debc24e9e1041a03d80a0107f8ef0c,0xb5a8481b8a3ccd68925de9833376d0468b15b8af7ac813d3a84d381080a5d120
30,5,0.03334,0xc70bae9cb401056d128ba7556a9d52985442849c,2017-10-19T19:50:26.000Z,0.006668,0x1edef59fad9e802052a4b70bd23f54623109e0b7,buy,0xd51e852630debc24e9e1041a03d80a0107f8ef0c,0xd46ce396b4bb94f2ae49966c8b41db10be664316acc278f691dca0839b086818
31,14,0.093352,0xc70bae9cb401056d128ba7556a9d52985442849c,2017-10-19T19:24:40.000Z,0.006668,0x1edef59fad9e802052a4b70bd23f54623109e0b7,buy,0xd51e852630debc24e9e1041a03d80a0107f8ef0c,0x4c7d29176a8d4231ef5b61800824a85e4fef8a936b8ae2fd860c66276bfa1776
32,40,0.26672,0xc70bae9cb401056d128ba7556a9d52985442849c,2017-10-19T19:22:03.000Z,0.006668,0x1edef59fad9e802052a4b70bd23f54623109e0b7,buy,0xd51e852630debc24e9e1041a03d80a0107f8ef0c,0x50a028dfc96fdca520b0839319513565215178b0e8296b52c9b3eeab21e2dc5c
33,7,0.035147,0x696b4e63811c6c33d67509e257c5fb00822e1514,2017-10-19T18:58:23.000Z,0.005021,0x1edef59fad9e802052a4b70bd23f54623109e0b7,sell,0xd51e852630debc24e9e1041a03d80a0107f8ef0c,0x133732d6b3b62e7964f799258d767a1badec32ce821e2b1d9455147c0a247808
34,7,0.035147,0x696b4e63811c6c33d67509e257c5fb00822e1514,2017-10-19T18:57:40.000Z,0.005021,0x1edef59fad9e802052a4b70bd23f54623109e0b7,sell,0xd51e852630debc24e9e1041a03d80a0107f8ef0c,0xc0fdfe4c4cdb0cfe3cf3eb55d10f0df67380bee8029fb518039e81b598c91c5a
35,5,0.0285,0x696b4e63811c6c33d67509e257c5fb00822e1514,2017-10-19T18:55:20.000Z,0.0057,0x1edef59fad9e802052a4b70bd23f54623109e0b7,sell,0xd51e852630debc24e9e1041a03d80a0107f8ef0c,0x8ee1aa9c1586571ece2c1adb4d3cfe033a9c62156ab2132dc15683b15fcd8669
36,10,0.0621,0x696b4e63811c6c33d67509e257c5fb00822e1514,2017-10-19T18:54:00.000Z,0.00621,0x1edef59fad9e802052a4b70bd23f54623109e0b7,sell,0xd51e852630debc24e9e1041a03d80a0107f8ef0c,0x6904232ba5c4f1025eaeffc2ae77d45bf59f940ea22c0a97e0cf803961181355
37,10,0.0624,0x696b4e63811c6c33d67509e257c5fb00822e1514,2017-10-19T18:52:47.000Z,0.00624,0x1edef59fad9e802052a4b70bd23f54623109e0b7,sell,0xd51e852630debc24e9e1041a03d80a0107f8ef0c,0x46d5a232eae63ecc313b4f2478e9b7cc8372619aa6bd415bfbb1d4ba12602f78
38,6,0.040212,0x1edef59fad9e802052a4b70bd23f54623109e0b7,2017-10-15T14:37:56.000Z,0.006702,0x696b4e63811c6c33d67509e257c5fb00822e1514,buy,0xd51e852630debc24e9e1041a03d80a0107f8ef0c,0xe5c3bcc78b04499bf6890aebd53b4f6133f6202fe924e109d33e9f7ad9812fe2
39,10,0.06702,0x1edef59fad9e802052a4b70bd23f54623109e0b7,2017-10-15T14:30:20.000Z,0.006702,0x696b4e63811c6c33d67509e257c5fb00822e1514,buy,0xd51e852630debc24e9e1041a03d80a0107f8ef0c,0x8dd117b21ea7735a25dc86a77e2fae8494d2c7fb9cb1194f727b4ce4a4b7c26c
40,6,0.040212,0x1edef59fad9e802052a4b70bd23f54623109e0b7,2017-10-14T19:40:03.000Z,0.006702,0x696b4e63811c6c33d67509e257c5fb00822e1514,buy,0xd51e852630debc24e9e1041a03d80a0107f8ef0c,0x947475c87b8bac844d95efd95f11b0ce3ee081df4ad457cc22db7f0f0b71a120
41,7,0.046914,0x1edef59fad9e802052a4b70bd23f54623109e0b7,2017-10-14T19:36:22.000Z,0.006702,0x696b4e63811c6c33d67509e257c5fb00822e1514,buy,0xd51e852630debc24e9e1041a03d80a0107f8ef0c,0xed5d03fc22b66eeddacae40692e22bae4ca095461da63f66c44a7e19fb9b16d7
42,5,0.03351,0x1edef59fad9e802052a4b70bd23f54623109e0b7,2017-10-14T11:55:52.000Z,0.006702,0x696b4e63811c6c33d67509e257c5fb00822e1514,buy,0xd51e852630debc24e9e1041a03d80a0107f8ef0c,0xfa0265c6133cc2006c941e9441ccaeba401946a7899a43790ebbbbd163f8e36d
43,5,0.03351,0x1edef59fad9e802052a4b70bd23f54623109e0b7,2017-10-14T10:21:51.000Z,0.006702,0x696b4e63811c6c33d67509e257c5fb00822e1514,buy,0xd51e852630debc24e9e1041a03d80a0107f8ef0c,0xf3ec9118ccb2665dc43694e7db0d890966a812e9f44bd0e7c8bda5c754593792
44,9,0.06365,0x1edef59fad9e802052a4b70bd23f54623109e0b7,2017-10-14T09:55:32.000Z,0.007072222222222222,0x696b4e63811c6c33d67509e257c5fb00822e1514,buy,0xd51e852630debc24e9e1041a03d80a0107f8ef0c,0x3d450e7e7b5116d764d5de26de78ee50b592048a980dfa578b97f300f270b52e
45,7,0.05025,0x1edef59fad9e802052a4b70bd23f54623109e0b7,2017-10-13T19:31:01.000Z,0.007178571428571428,0x696b4e63811c6c33d67509e257c5fb00822e1514,buy,0xd51e852630debc24e9e1041a03d80a0107f8ef0c,0x1f54e8dbbd33dbfbc321fc633e5fbdb7b2e33c015b7c3afa4020c3b2008d5b76
46,20,0.134,0x1edef59fad9e802052a4b70bd23f54623109e0b7,2017-10-13T19:13:26.000Z,0.0067,0x696b4e63811c6c33d67509e257c5fb00822e1514,buy,0xd51e852630debc24e9e1041a03d80a0107f8ef0c,0x9fd50e33fae0cd2b72789fb4702b694f344e88b85b9dc896a374d8fc578d37cc
47,20,0.134,0x1edef59fad9e802052a4b70bd23f54623109e0b7,2017-10-13T18:59:23.000Z,0.0067,0x696b4e63811c6c33d67509e257c5fb00822e1514,buy,0xd51e852630debc24e9e1041a03d80a0107f8ef0c,0xb131f0f59c1d964d2e621e2302d7c669c9e16260294a84358a202fd6250a755d
48,13,0.0871,0x1edef59fad9e802052a4b70bd23f54623109e0b7,2017-10-13T18:34:25.000Z,0.0067,0x696b4e63811c6c33d67509e257c5fb00822e1514,buy,0xd51e852630debc24e9e1041a03d80a0107f8ef0c,0x0ee93291b660752641382c047e62bf2aa93e49f8c42f7376d8b6bd97e1e8bb55
49,30,0.201,0x1edef59fad9e802052a4b70bd23f54623109e0b7,2017-10-13T18:11:08.000Z,0.0067,0x696b4e63811c6c33d67509e257c5fb00822e1514,buy,0xd51e852630debc24e9e1041a03d80a0107f8ef0c,0x022be63da2d82faee0b8d21247cf355093686cc3dab69b87b05e6c67e054cc1a
50,1,0.0068,0x696b4e63811c6c33d67509e257c5fb00822e1514,2017-09-19T15:51:28.000Z,0.0068,0x696b4e63811c6c33d67509e257c5fb00822e1514,buy,0xd51e852630debc24e9e1041a03d80a0107f8ef0c,0xf79ac8dec5a8efa839d1b1b857648301aaaf2511d7afdb7cdea088f63fdab2b2
