,amount,amountBase,buyer,date,price,seller,side,tokenAddr,txHash
0,5213.83710497,0.0094370451599957,0x3e7d005ed164cc1b2066279cf625a0960281dfb2,2017-11-02T15:37:11.000Z,0.00000181,0x7ddc531a444635519f8c502b81864c765228b4af,sell,0xde39e5e5a1b0eeb3afe717d6d011cae88d19451e,0x9a075e6ab1024fe647ed8042f1315a705ea9fc32967adfc4fd0719162862f794
1,19938.19160602,0.035888744890836,0x7e1e88f8b509f9cf701d309f56aae0e3ca6bb266,2017-11-02T15:18:17.000Z,0.0000018,0xb78b72808847b10ebe88f3603ad5cb8b370dd4bc,sell,0xde39e5e5a1b0eeb3afe717d6d011cae88d19451e,0x7421a8962950786a71d5fda07aa18b5e95a49f36b1c08f0dd0de08dd3f85175a
2,2214.13617784,0.003985445120112,0x7e1e88f8b509f9cf701d309f56aae0e3ca6bb266,2017-11-02T13:10:58.000Z,0.0000018,0x8c8d73becc7dda3aa3c96cc6cc85c7a0b9a072fb,sell,0xde39e5e5a1b0eeb3afe717d6d011cae88d19451e,0xa6f1cc0e97e12d619c3325a49d812597cf6c089472f6e363a3699101091e87ce
3,5213.83710497,0.009384906788946,0x7e1e88f8b509f9cf701d309f56aae0e3ca6bb266,2017-11-02T13:01:51.000Z,0.0000018,0xbb3d24900039279dda91d1713a2f30277ade8f97,sell,0xde39e5e5a1b0eeb3afe717d6d011cae88d19451e,0x88ccf4cd839da6282e167a083fe93316c91476ce3e14625d92d1371970786b92
4,5213.83710497,0.009384906788946,0x7e1e88f8b509f9cf701d309f56aae0e3ca6bb266,2017-11-02T12:45:57.000Z,0.0000018,0x993154b65c2eda09e10e7687cf39ace5917da1f9,sell,0xde39e5e5a1b0eeb3afe717d6d011cae88d19451e,0x80c4baddec0f2dd3465b679603caee6e2169c12c0963d28b6fa4c29861e632cd
5,175.43859649,0.0005,0x4fda9e6bcd83af6c5cc771b5d20accc2b7720074,2017-11-02T11:06:30.000Z,0.00000285000000001995,0x5c491c32a1d0797e57d12ef51377d762adb6986b,buy,0xde39e5e5a1b0eeb3afe717d6d011cae88d19451e,0x56aee5750b0dde727c4468a43ab8276f163efb385e3746d33d22459ed85249c8
6,4000,0.0116,0xf66bdd1d3e936ba74f920cf81338b3418d232fff,2017-11-02T04:28:14.000Z,0.0000029,0x11a985d42d6fa4cac941943a63f362c3497fa0fe,buy,0xde39e5e5a1b0eeb3afe717d6d011cae88d19451e,0x23580f8f16920376e5828cbe7379a3451dc2a9ac0809cd86df9524dbc069027d
7,5230,0.0149055,0xf66bdd1d3e936ba74f920cf81338b3418d232fff,2017-11-02T04:25:22.000Z,0.00000285,0x590fa45656b8ca8d9b371c4f848ee2cb34031b3b,buy,0xde39e5e5a1b0eeb3afe717d6d011cae88d19451e,0x9f382cc4dc773b185b245e59efcc4b06ac48ea9b5fb77c57fda60309b4be5535
8,10331,0.01146833979,0x6c4abceb16c95785c332e79213e5f143ba4e33a3,2017-11-02T04:22:52.000Z,0.00000111009,0xf66bdd1d3e936ba74f920cf81338b3418d232fff,sell,0xde39e5e5a1b0eeb3afe717d6d011cae88d19451e,0x40afad2c2cbfdbdb67c24f871c246294de809901f48e7952ac09b400ec668059
9,2500,0.007,0xab45233b06b1d1f452901661f6a931c9da663cc0,2017-11-01T23:02:47.000Z,0.0000028,0xdbbae39c54992479faac890e81eb4d8579b951d6,buy,0xde39e5e5a1b0eeb3afe717d6d011cae88d19451e,0x62dbdf96f0b94d60ea595ec18deb20f656ee7712babf9dec6bfbee31a19183c1
10,2000,0.00564,0xab45233b06b1d1f452901661f6a931c9da663cc0,2017-11-01T23:02:47.000Z,0.00000282,0x3eab84f29252d0a4efda33b34419bbdc24ab4ca4,buy,0xde39e5e5a1b0eeb3afe717d6d011cae88d19451e,0x679dbbdfc83440efb9405a3064f8eb8b3dea6e21da778b093bfa32d799269f3f
11,5213.83710497,0.005328541521279334,0x6c4abceb16c95785c332e79213e5f143ba4e33a3,2017-11-01T22:09:00.000Z,0.00000102199999999999,0xb86cd6e6445d9f13cfa43cf2623e9baf86be96a1,sell,0xde39e5e5a1b0eeb3afe717d6d011cae88d19451e,0x96b1f7811fc9951428b66932c0b2cc3ced285707d215495b10d92da2012580f2
12,0.0000011,0.011,0x3e7d005ed164cc1b2066279cf625a0960281dfb2,2017-11-01T20:15:05.000Z,10000,0x273a5d3e6721b9f5c1a6474f560c1334c63dda01,sell,0xde39e5e5a1b0eeb3afe717d6d011cae88d19451e,0x5d461dda29d10470477de3449b15e40c4209e11a152e2490fbfa0420bd11431c
13,0.00000111,0.00000000000333,0x273a5d3e6721b9f5c1a6474f560c1334c63dda01,2017-11-01T20:15:05.000Z,0.000003,0xd6fdda1fa4c34e1de87571bdd9efba9b2646c707,buy,0xde39e5e5a1b0eeb3afe717d6d011cae88d19451e,0x5d461dda29d10470477de3449b15e40c4209e11a152e2490fbfa0420bd11431c
14,4786.16289503,0.00531742697637833,0xdbbae39c54992479faac890e81eb4d8579b951d6,2017-11-01T20:10:51.000Z,0.000001111,0xbabe38961cb3d28892d11567b73304e087bad1c6,sell,0xde39e5e5a1b0eeb3afe717d6d011cae88d19451e,0x309b574aaba437b177ca787bf31fc18263b6c88f9a79afbb9a4290b84c4ad6f1
15,5213.83710497,0.00579257302362167,0xdbbae39c54992479faac890e81eb4d8579b951d6,2017-11-01T19:36:43.000Z,0.000001111,0x7522b31cd0cba4e8f64dbebef846456f0aaff9f3,sell,0xde39e5e5a1b0eeb3afe717d6d011cae88d19451e,0xef930b1b0afab2ef9ebd55f116a68893dd9a10c283809b53aa9281e3900b523b
16,5230,0.00523,0x3e7d005ed164cc1b2066279cf625a0960281dfb2,2017-11-01T18:51:53.000Z,0.000001,0x169d48b30cd516cc35c6fc66c5d4edeb79579270,buy,0xde39e5e5a1b0eeb3afe717d6d011cae88d19451e,0x8d6a23d3a9349794c817b4f4eeee8fa9959279d061dd3114bdc7122383a6d30e
17,25000,0.07475,0xab45233b06b1d1f452901661f6a931c9da663cc0,2017-11-01T17:28:12.000Z,0.00000299,0x49e81aa0cfe7eea9738430212dc6677acf2f01a1,buy,0xde39e5e5a1b0eeb3afe717d6d011cae88d19451e,0xd474e2a6fda23bb394cc1f163820e193b35f56b843c135b0f0ba42fcd69f9b1d
18,5214.3568774,0.005787936133914,0x3e7d005ed164cc1b2066279cf625a0960281dfb2,2017-11-01T15:26:49.000Z,0.00000111,0x38c211219107969dbb99a761f9f01e28beb4355e,sell,0xde39e5e5a1b0eeb3afe717d6d011cae88d19451e,0xd6c3337ca703611af05ea018d2162fd665bd2f983477ffdcc83a9124a86fda2d
19,1998.32774022,0.003596989932396,0x7e1e88f8b509f9cf701d309f56aae0e3ca6bb266,2017-11-01T11:13:05.000Z,0.0000018,0x3e7d005ed164cc1b2066279cf625a0960281dfb2,sell,0xde39e5e5a1b0eeb3afe717d6d011cae88d19451e,0xf8eb6c1aef5dbcf84036b6ecccb3e85b117729fbf1613ff37525a1037c6207af
20,7858.09078336,0.0176021233547264,0xc45bfa546c72c160e40a9b140d56e083cde3fc97,2017-11-01T11:11:41.000Z,0.00000224,0x3e7d005ed164cc1b2066279cf625a0960281dfb2,sell,0xde39e5e5a1b0eeb3afe717d6d011cae88d19451e,0x6a83a64a54cc21ae66af3229c79043ec5b8d16a1dc82499c0300d77606d5d1fc
21,5786.16289503,0.0130188665138175,0x86d4b794a7ffa3a3ea81421107cf26b7ad1b3d44,2017-11-01T11:10:32.000Z,0.00000225,0x3e7d005ed164cc1b2066279cf625a0960281dfb2,sell,0xde39e5e5a1b0eeb3afe717d6d011cae88d19451e,0x10466d15bc53e70c9369ad2cf8889a798114afd9830c4e18aeb4ad356889cf07
22,5213.83710497,0.0117311334861825,0x86d4b794a7ffa3a3ea81421107cf26b7ad1b3d44,2017-11-01T09:29:12.000Z,0.00000225,0x533db3b80530e3bf91140c645bb4dfbd7424847c,sell,0xde39e5e5a1b0eeb3afe717d6d011cae88d19451e,0x3ce0995406cbee99661a68ac8dc68bfcaf6dffe38c85c4f70723df91d5ef17a5
23,5230,0.0117152,0x86d4b794a7ffa3a3ea81421107cf26b7ad1b3d44,2017-11-01T08:54:19.000Z,0.00000224,0x66a9b88d6b3af31467493d4a83bf41144674035a,buy,0xde39e5e5a1b0eeb3afe717d6d011cae88d19451e,0x7f08ca253018edbca2b7dd191b60fbfc4731da3e5411b36a956dc39e4207625e
24,1927.98049305,0.00431867630635998,0xbf3ff66b9f477e3c6f3b8b2c6053e398a243e6c1,2017-11-01T06:24:23.000Z,0.00000224000000099999,0x9f0bb02e7003767f7fe66ec6497a72e5f155c01d,sell,0xde39e5e5a1b0eeb3afe717d6d011cae88d19451e,0x5cb3cfaefb58bda7086f975016309d45d2b884de5f5fc6436c0fa520d586a0d0
25,25000,0.05875,0x49e81aa0cfe7eea9738430212dc6677acf2f01a1,2017-11-01T06:22:39.000Z,0.00000235,0x9f0bb02e7003767f7fe66ec6497a72e5f155c01d,sell,0xde39e5e5a1b0eeb3afe717d6d011cae88d19451e,0xd21f2629bc20b56e1415ffd02d5c070568464ac5e7668f28ac77a3111fe01961
26,4786.16289503,0.01125226896621553,0x86d4b794a7ffa3a3ea81421107cf26b7ad1b3d44,2017-11-01T06:21:36.000Z,0.000002351,0x9f0bb02e7003767f7fe66ec6497a72e5f155c01d,sell,0xde39e5e5a1b0eeb3afe717d6d011cae88d19451e,0xbe5d1d8abd497306942ac8faa4c0bb81cb45ecb5c4914942270b92ff3822b0ca
27,4786.16289503,0.011486790948072,0x86d4b794a7ffa3a3ea81421107cf26b7ad1b3d44,2017-11-01T06:21:08.000Z,0.0000024,0x9f0bb02e7003767f7fe66ec6497a72e5f155c01d,sell,0xde39e5e5a1b0eeb3afe717d6d011cae88d19451e,0xf68cfbf5cb5916ae73c4733668a5edbbd676213baba3a26f64a1e3b0b0e48ede
28,3190.3094227,0.008135289027885,0x86d4b794a7ffa3a3ea81421107cf26b7ad1b3d44,2017-11-01T05:11:35.000Z,0.00000255,0x7e84a6e7a515f835d3b218a66298c45d623615f8,sell,0xde39e5e5a1b0eeb3afe717d6d011cae88d19451e,0xe1ec97d723b532e0912c58f738ffc6b3e10856bdbfb7b349ec372ebb2be3434d
29,3930.81447515,0.010045392931969582,0x3e7d005ed164cc1b2066279cf625a0960281dfb2,2017-11-01T04:51:15.000Z,0.00000255554999999999,0x2a43a8b8af63037258843b18150ea47e6d77303e,sell,0xde39e5e5a1b0eeb3afe717d6d011cae88d19451e,0xa8222cc575dd34a101144f107a62eced5431c02e8295b6e442711c2c019644fb
30,5213.83710497,0.013324221413606082,0x3e7d005ed164cc1b2066279cf625a0960281dfb2,2017-11-01T02:41:44.000Z,0.00000255554999999999,0xab838be41eaf45c4fd544457b676182af3d39fe6,sell,0xde39e5e5a1b0eeb3afe717d6d011cae88d19451e,0x6b6501daf4e6aa701fe88090d9101fa445f40b8b4410d1dec758fd59bb5d6250
31,5230,0.01389088,0x3e7d005ed164cc1b2066279cf625a0960281dfb2,2017-11-01T02:01:42.000Z,0.000002656,0xc85073bb45458a69e1af1184d3691f6b15bc6cc2,buy,0xde39e5e5a1b0eeb3afe717d6d011cae88d19451e,0xc5b1787542f1dc05b33decd63cfadf7d6fefe57ee690c9eb657bc651b556bfe0
32,5213.83710497,0.013324221413606082,0x3e7d005ed164cc1b2066279cf625a0960281dfb2,2017-11-01T01:49:05.000Z,0.00000255554999999999,0x5a2cb8072702910e232b08c7ed712bb1d96320d6,sell,0xde39e5e5a1b0eeb3afe717d6d011cae88d19451e,0x346b543a878849c3f7f378a66f35b7f0d51a09d894d04bac38e726074ff4089b
33,5213.83710497,0.013324221413606082,0x3e7d005ed164cc1b2066279cf625a0960281dfb2,2017-11-01T01:37:58.000Z,0.00000255554999999999,0x31c301306ee9427369c1d3597423c90545650dff,sell,0xde39e5e5a1b0eeb3afe717d6d011cae88d19451e,0x266807167df2955ae26d9a9d12057ba375e413fbe4bf352ae014f8ee8efab085
34,5213.83710497,0.013324221413606082,0x3e7d005ed164cc1b2066279cf625a0960281dfb2,2017-10-31T20:08:54.000Z,0.00000255554999999999,0x54b346609d4d733e0caf4d51465680626b4ddaaf,sell,0xde39e5e5a1b0eeb3afe717d6d011cae88d19451e,0x7c01988d98082c10e980ebdc008f60f514945cce11443ff2266d398eb38bce78
35,5213.83710497,0.013324221413606082,0x3e7d005ed164cc1b2066279cf625a0960281dfb2,2017-10-31T19:34:51.000Z,0.00000255554999999999,0x058352fca3a740fb822bc74e5f3d33ade894086b,sell,0xde39e5e5a1b0eeb3afe717d6d011cae88d19451e,0xb15458f3c1327fc7553bb936fc1d7c1673fb62b248791bea04a81df25b08a286
36,69,0.000234531,0xdbf78e14858f193c8f4b5562739ede6d9c379ccd,2017-10-31T18:16:25.000Z,0.000003399,0xfe6a81f61c0e9875540f4e3c700673387ff51227,buy,0xde39e5e5a1b0eeb3afe717d6d011cae88d19451e,0x23420fccde30c3d981e1ea541f66378ed265d1407ad8a9212a57fbfba36e3743
37,5213.83710497,0.013034592762425,0x3e7d005ed164cc1b2066279cf625a0960281dfb2,2017-10-31T16:58:54.000Z,0.0000025,0xbb943aff95ae90cceab03f7ffcc24b55385841da,sell,0xde39e5e5a1b0eeb3afe717d6d011cae88d19451e,0x9be81661cbac1690c6e485ad0d2ca41f66feb32fccca62bcb0c5c3d70137beb4
38,5213.83710497,0.013034592762425,0x3e7d005ed164cc1b2066279cf625a0960281dfb2,2017-10-31T16:17:23.000Z,0.0000025,0x9291a9f87d5912e44eb1118a39bd63c3a9001e01,sell,0xde39e5e5a1b0eeb3afe717d6d011cae88d19451e,0xe321bacf3e75b0265b2f3394759eb87aaea8da270b93134758cac6d64b620648
39,5213.83710497,0.012513209051928,0x86d4b794a7ffa3a3ea81421107cf26b7ad1b3d44,2017-10-31T16:09:31.000Z,0.0000024,0x08eef4b6ec3b21ee1281e7dd3b2009492a9905bc,sell,0xde39e5e5a1b0eeb3afe717d6d011cae88d19451e,0xbde014660ed909cadd5955b498b2a7a22bd3370f97b00170b1d9aa5fa01dab7a
40,0.51977242,0.00000122302450426,0x3e7d005ed164cc1b2066279cf625a0960281dfb2,2017-10-31T14:33:12.000Z,0.000002353,0xc9f1e8cf888853840504336a6519e26adf34ad0c,sell,0xde39e5e5a1b0eeb3afe717d6d011cae88d19451e,0xca0ccc7b5a0cc5bd58f1e8b884e947f31d56a74a7a522c20069c6f39a25f3cc7
41,300,0.0010197,0x0b773d7819259d78757b26dc4148812d35676d8f,2017-10-31T14:21:57.000Z,0.000003399,0xfe6a81f61c0e9875540f4e3c700673387ff51227,buy,0xde39e5e5a1b0eeb3afe717d6d011cae88d19451e,0x31901ce082171a4ebf1736224b1aaa3302056741b0504b7990b81ef05e1b5905
42,5213.83710497,0.01225773103378447,0x86d4b794a7ffa3a3ea81421107cf26b7ad1b3d44,2017-10-31T13:57:03.000Z,0.000002351,0xd67b77f5b77f2e8b93099d3351d96f994d83a879,sell,0xde39e5e5a1b0eeb3afe717d6d011cae88d19451e,0x6c733d6edc1166cdb719730d14fe006992e95722e181a3fdd44ff208bb27313c
43,641.96713445,0.00154906669542785,0x3e7d005ed164cc1b2066279cf625a0960281dfb2,2017-10-31T13:46:41.000Z,0.000002413,0xef81c273a627ffb79a7fc06d601c01d5b27c65f6,sell,0xde39e5e5a1b0eeb3afe717d6d011cae88d19451e,0x76a645c458266cc0e6b836bc5eaa1d9315322eb2776f4c073346b8746525fc93
44,4572.32579006,0.01143081447515,0x3e7d005ed164cc1b2066279cf625a0960281dfb2,2017-10-31T13:45:13.000Z,0.0000025,0xef81c273a627ffb79a7fc06d601c01d5b27c65f6,sell,0xde39e5e5a1b0eeb3afe717d6d011cae88d19451e,0x1ca013dd5cb3e674b9f8001487139c298fee718b5ea5abedda44c2327cdee9ec
45,5213.83710497,0.013034592762425,0x3e7d005ed164cc1b2066279cf625a0960281dfb2,2017-10-31T13:26:37.000Z,0.0000025,0xeb764abebcdd1e0160cf46a644bc5afe249c0678,sell,0xde39e5e5a1b0eeb3afe717d6d011cae88d19451e,0xfaf787b1b69310b998d6bef6009391b4e4d94751bd97db538412b332ebb66a89
46,5213.83710497,0.013034592762425,0x3e7d005ed164cc1b2066279cf625a0960281dfb2,2017-10-31T13:24:07.000Z,0.0000025,0x5cee3b52816e3b3c2da01b8455a7bb68247afe82,sell,0xde39e5e5a1b0eeb3afe717d6d011cae88d19451e,0x35115b8ac2fb07fc3ab4313e41b6aeb3619cb527de7946cc2031a96fdb30755c
47,5213.83710497,0.013034592762425,0x3e7d005ed164cc1b2066279cf625a0960281dfb2,2017-10-31T12:18:50.000Z,0.0000025,0x56ea90578e4e1084f02be9d9a52d80f790ea776c,sell,0xde39e5e5a1b0eeb3afe717d6d011cae88d19451e,0x62d6f02567a07572cb90927299c08f11730b16dfd678ba91c40324de736b491e
48,9695.44412321,0.024238610308025,0x3e7d005ed164cc1b2066279cf625a0960281dfb2,2017-10-31T11:12:02.000Z,0.0000025,0x4986ac8522e8831e71439c529e514022596c301b,sell,0xde39e5e5a1b0eeb3afe717d6d011cae88d19451e,0x31b16a0e4d0a0f902b5253a18fbe45d8ad81070312d836547bb8b6fd9c99a28f
49,1500,0.003765,0x78b0e4933f5b7d90102367e28efcde256998411e,2017-10-31T11:10:45.000Z,0.00000251,0x4986ac8522e8831e71439c529e514022596c301b,sell,0xde39e5e5a1b0eeb3afe717d6d011cae88d19451e,0xffa9aaa6ecd2a14c2e280fe28861bb7cda410d61e66b920cd7f44e2778a4d40d
50,50000,0.11055,0x3e7d005ed164cc1b2066279cf625a0960281dfb2,2017-10-31T10:20:25.000Z,0.000002211,0x3e7d005ed164cc1b2066279cf625a0960281dfb2,sell,0xde39e5e5a1b0eeb3afe717d6d011cae88d19451e,0x6ce88fb196820d88a2f3501e4fdeeebef1888635ce9369920db10f0acb8d3264
51,5213.83710497,0.01258098893429261,0xdbf78e14858f193c8f4b5562739ede6d9c379ccd,2017-10-31T10:12:43.000Z,0.000002413,0xc6fc6835ce16679c89567c0b33604d1e9a71bf99,sell,0xde39e5e5a1b0eeb3afe717d6d011cae88d19451e,0xdddf6e51166d8eba6102786e2f9cc0e03ed9fa72c15ef27fda4ab728d9c2262e
52,57.8581607,0.00013885958568,0x3e7d005ed164cc1b2066279cf625a0960281dfb2,2017-10-31T08:09:11.000Z,0.0000024,0x612e9cd74668cf5eb3629238f025d3107ed01662,sell,0xde39e5e5a1b0eeb3afe717d6d011cae88d19451e,0xbf3ca479aa7da6f6c8193d0bbd9e9ae11b3292e1013a0f11fc2df2d7cd04c149
53,5156.493,0.012380739693,0xf757f42ac03f16b9d0e4ec16ba096e1a02bd746b,2017-10-31T08:07:07.000Z,0.000002401,0x612e9cd74668cf5eb3629238f025d3107ed01662,sell,0xde39e5e5a1b0eeb3afe717d6d011cae88d19451e,0x44c7840882f184c564721b1e2d4fda07e5bbcb0b3441fb7999f812ff16712577
54,5213.83710497,0.01251842288903297,0xf757f42ac03f16b9d0e4ec16ba096e1a02bd746b,2017-10-31T06:31:54.000Z,0.000002401,0xffd84530db27cc11d3ebf2b4854e3b2b53609a7e,sell,0xde39e5e5a1b0eeb3afe717d6d011cae88d19451e,0xe0cdffd561cb7d073922fd06e00c9a5df23b9022e63ab959b40f664bf1635d28
55,5213.83710497,0.01251842288903297,0xf757f42ac03f16b9d0e4ec16ba096e1a02bd746b,2017-10-31T05:16:32.000Z,0.000002401,0xc9f1e8cf888853840504336a6519e26adf34ad0c,sell,0xde39e5e5a1b0eeb3afe717d6d011cae88d19451e,0x7c6326c3090d756276ad1a9e0956c2e7c752d839c71906340d466148b3661812
56,933.81352176,0.003249671055727245,0x810e7561f6386c35ba220d595ca2fd3efc10a7cb,2017-10-31T03:39:49.000Z,0.00000348000000000261,0xa02aa7b26302d425fa101451a929f953835fc4c3,buy,0xde39e5e5a1b0eeb3afe717d6d011cae88d19451e,0x94c58f5b43a2833ea2eb04fca10fe210c2c901e29a67976d9228d7c8aa82815b
57,3987.6383212,0.0095743196092012,0xf757f42ac03f16b9d0e4ec16ba096e1a02bd746b,2017-10-31T03:13:55.000Z,0.000002401,0xcc98ebdda7f32497839f74f3bcd42bfc391c52ab,sell,0xde39e5e5a1b0eeb3afe717d6d011cae88d19451e,0x2fc7ef732a512049fdded28cd5d1dc7325560da37a4bfa53428b12ce7ad8ba5a
58,5230,0.019874,0x810e7561f6386c35ba220d595ca2fd3efc10a7cb,2017-10-31T02:33:58.000Z,0.0000038,0x03ebc2895c3aa91b56a24f2dc7636c4b392a0624,buy,0xde39e5e5a1b0eeb3afe717d6d011cae88d19451e,0xc188d3ed3e698f7c8af3a83aa8d4cde6978653670cd37ec53942eb6cfdb3b093
59,0.51977242,0.00000124797358042,0xf757f42ac03f16b9d0e4ec16ba096e1a02bd746b,2017-10-31T02:31:24.000Z,0.000002401,0x397d1df72547f92738bffb3579f067d22e254e1b,sell,0xde39e5e5a1b0eeb3afe717d6d011cae88d19451e,0x188ffa2272257d2b9fcedbc5301d2d7821222804e9ae6aa8f3d88a0ad7087618
60,5213.83710497,0.01251842288903297,0xf757f42ac03f16b9d0e4ec16ba096e1a02bd746b,2017-10-31T02:30:41.000Z,0.000002401,0x397d1df72547f92738bffb3579f067d22e254e1b,sell,0xde39e5e5a1b0eeb3afe717d6d011cae88d19451e,0x3847b93c85d5728fc33d69f71683c6b4a9685b8314b937ee530f948e1208d64b
61,5213.83710497,0.01251842288903297,0xf757f42ac03f16b9d0e4ec16ba096e1a02bd746b,2017-10-31T02:29:59.000Z,0.000002401,0x8a3e74db1c322b31f2680665c5978b26635c97b0,sell,0xde39e5e5a1b0eeb3afe717d6d011cae88d19451e,0xe58088a5d3aac58a67a897f4af5447eaf6a253adc9c0efb0b5ec98c1d829398f
62,5213.83710497,0.01251842288903297,0xf757f42ac03f16b9d0e4ec16ba096e1a02bd746b,2017-10-31T02:29:32.000Z,0.000002401,0x8a3e74db1c322b31f2680665c5978b26635c97b0,sell,0xde39e5e5a1b0eeb3afe717d6d011cae88d19451e,0xe58088a5d3aac58a67a897f4af5447eaf6a253adc9c0efb0b5ec98c1d829398f
63,5213.83710497,0.01251842288903297,0xf757f42ac03f16b9d0e4ec16ba096e1a02bd746b,2017-10-31T02:27:52.000Z,0.000002401,0x8a3e74db1c322b31f2680665c5978b26635c97b0,sell,0xde39e5e5a1b0eeb3afe717d6d011cae88d19451e,0xe58088a5d3aac58a67a897f4af5447eaf6a253adc9c0efb0b5ec98c1d829398f
64,5230,0.0181481,0x810e7561f6386c35ba220d595ca2fd3efc10a7cb,2017-10-31T02:24:23.000Z,0.00000347,0xf33bc464fb8a61db1d8cce0c22dad4f833fabb2a,buy,0xde39e5e5a1b0eeb3afe717d6d011cae88d19451e,0x5db70537bc5a28db305e923f0348d94a5e3fce5656af3ef856bbeb0c0761a1e5
65,5230,0.0180435,0x810e7561f6386c35ba220d595ca2fd3efc10a7cb,2017-10-31T02:23:34.000Z,0.00000345,0xa1c8fe68397c70fbabb4ac0d5860ad5b9d633748,buy,0xde39e5e5a1b0eeb3afe717d6d011cae88d19451e,0x9ec5d1d336647f350f68219f56e6888b23a052d9e584fdc942e4bf5264388ff9
66,5213.83710497,0.012513209051928,0x3e7d005ed164cc1b2066279cf625a0960281dfb2,2017-10-31T00:39:59.000Z,0.0000024,0x9eca2b748dc534c37060d82916f2a8c555704228,sell,0xde39e5e5a1b0eeb3afe717d6d011cae88d19451e,0xa8470058a13529ff734d52b43acad5a7e98bb90ff6159bdcdd7c1fae4195e146
67,5230,0.0122905,0x86d4b794a7ffa3a3ea81421107cf26b7ad1b3d44,2017-10-30T22:33:00.000Z,0.00000235,0x0cccd5ccba3c9020ae048b54cc44b95f054e247e,buy,0xde39e5e5a1b0eeb3afe717d6d011cae88d19451e,0x5725f9a113d818e3225aa61e857c7faa35d12faae307ed16b6da9f9c1d3cc49c
68,10000,0.029,0x3e7d005ed164cc1b2066279cf625a0960281dfb2,2017-10-30T18:46:19.000Z,0.0000029,0x49e81aa0cfe7eea9738430212dc6677acf2f01a1,buy,0xde39e5e5a1b0eeb3afe717d6d011cae88d19451e,0x60feef4d391379b514f6e7a37a78f7efb16ae0dbc604abba44932cf5dabbb4b0
69,5230,0.0156377,0x3e7d005ed164cc1b2066279cf625a0960281dfb2,2017-10-30T18:46:19.000Z,0.00000299,0x4705fbcf9bb6c840175500a617c21f031ded8478,buy,0xde39e5e5a1b0eeb3afe717d6d011cae88d19451e,0x59c9ba752b45ae8b78bcb5b20e6b833700c532c84baab541174f6a021770071c
70,10000,0.03,0x3e7d005ed164cc1b2066279cf625a0960281dfb2,2017-10-30T18:46:19.000Z,0.000003,0x678a4e4257aa2a5b2698b2b1f3db5799311a8872,buy,0xde39e5e5a1b0eeb3afe717d6d011cae88d19451e,0x04380b1b227265d185e408c001cbbbfb1bd7c6d78f65a6d186bff07f784ada71
71,5230,0.012552,0x3e7d005ed164cc1b2066279cf625a0960281dfb2,2017-10-30T18:46:19.000Z,0.0000024,0xc79d1065e106ff86cd513c33586a792d862be8fa,buy,0xde39e5e5a1b0eeb3afe717d6d011cae88d19451e,0xca11f2a15610550591bce96f1ae742301db2ba4cc9ec525cd615d6c7c1ef31d3
72,5230,0.015167,0x3e7d005ed164cc1b2066279cf625a0960281dfb2,2017-10-30T18:46:19.000Z,0.0000029,0x501594f178d92cdd47ec34c5aeeddb37e5d14af8,buy,0xde39e5e5a1b0eeb3afe717d6d011cae88d19451e,0xc7af204d7d0f57fb88b91e6eaf34896d15463546f4022576f6a8809504ff15a0
73,5230,0.0155854,0x3e7d005ed164cc1b2066279cf625a0960281dfb2,2017-10-30T18:46:19.000Z,0.00000298,0x92f012808e3ac2161e8e863e4e55201044e64e85,buy,0xde39e5e5a1b0eeb3afe717d6d011cae88d19451e,0x95caa0ee0ffad046848c438af9dd4f20493b9c35dcdf8c0f7ed346e2469631f9
74,69000,0.19665,0x3e7d005ed164cc1b2066279cf625a0960281dfb2,2017-10-30T18:46:19.000Z,0.00000285,0x3e7d005ed164cc1b2066279cf625a0960281dfb2,buy,0xde39e5e5a1b0eeb3afe717d6d011cae88d19451e,0x2e916cfec50bf090d542e975eb7d3bcf82a848ab60f0c0b0c01eb118c5c94a1a
75,3230,0.00969,0x3e7d005ed164cc1b2066279cf625a0960281dfb2,2017-10-30T18:46:19.000Z,0.000003,0x00f88a2eb274ba2151f89ac5cf80d15b04b20fb8,buy,0xde39e5e5a1b0eeb3afe717d6d011cae88d19451e,0x4b93448ec85be50cc87d0a3a9638aa237f9437009f46bb4a07ddc18d6c58f324
76,10000,0.028,0x3e7d005ed164cc1b2066279cf625a0960281dfb2,2017-10-30T18:46:19.000Z,0.0000028,0x3e7d005ed164cc1b2066279cf625a0960281dfb2,buy,0xde39e5e5a1b0eeb3afe717d6d011cae88d19451e,0xe8c787e85717a4f873f3bfd810d5631b02aac2d7c93ebe1b93b6442e43cbaffb
77,5230,0.014121,0x3e7d005ed164cc1b2066279cf625a0960281dfb2,2017-10-30T18:46:19.000Z,0.0000027,0x24e8a01b3c1a11badf643b8931454e036767a015,buy,0xde39e5e5a1b0eeb3afe717d6d011cae88d19451e,0x92b15a257020c02c540e10821bf74a7c2f6913aa0334efcfb43a0ae534a52148
78,7230,0.0184365,0x3e7d005ed164cc1b2066279cf625a0960281dfb2,2017-10-30T17:57:50.000Z,0.00000255,0xc47c60e55d039e9af975ce01e528896c9ef42c4f,buy,0xde39e5e5a1b0eeb3afe717d6d011cae88d19451e,0xca733270e111e588345f880c96b4f3c13cd31d5a93999b944c431743d2296fec
79,30000,0.075,0x3e7d005ed164cc1b2066279cf625a0960281dfb2,2017-10-30T17:10:42.000Z,0.0000025,0x3e7d005ed164cc1b2066279cf625a0960281dfb2,sell,0xde39e5e5a1b0eeb3afe717d6d011cae88d19451e,0x3af1cf685a18f31a669db7d754ebef3b71147c4b3401160122acece6c010f9f0
80,432.95741028,0.000909210561588,0xb8c517e3dab0368c47e2c33fb1c4e9037af60240,2017-10-30T14:09:29.000Z,0.0000021,0x0ffeb241a155c85420704efa283e4b440943d613,sell,0xde39e5e5a1b0eeb3afe717d6d011cae88d19451e,0x99abd3c3b728355db6710fa63a3a626bce0169fb1414e0ce82ebf96f22b64a18
81,1,0.0000026,0x6cdea8e07bf82d7a07dbf36642d6e5be8623845c,2017-10-30T13:27:59.000Z,0.0000026,0x3e7d005ed164cc1b2066279cf625a0960281dfb2,buy,0xde39e5e5a1b0eeb3afe717d6d011cae88d19451e,0x8847cf5352a11f9f3060be10fc6aca8573bb0a4475dc342e62d2c59f74e8bced
82,2792.34373443,0.006980859336075,0x49e81aa0cfe7eea9738430212dc6677acf2f01a1,2017-10-30T12:05:49.000Z,0.0000025,0x3e7d005ed164cc1b2066279cf625a0960281dfb2,sell,0xde39e5e5a1b0eeb3afe717d6d011cae88d19451e,0x171a98e56c60fbccb2b40cd02054094523f3636e8e8b53bff885ffa1388971a0
83,7207.65626557,0.018019140663925,0x49e81aa0cfe7eea9738430212dc6677acf2f01a1,2017-10-30T11:50:15.000Z,0.0000025,0x918722a677d5fe9ccc6389a674989c95b9000061,sell,0xde39e5e5a1b0eeb3afe717d6d011cae88d19451e,0x80da59d9c147473bed4394a24be7f48511c7bffc55206d2b29de5cc14c4644d6
84,39572.32579006,0.07914465158012,0x3e7d005ed164cc1b2066279cf625a0960281dfb2,2017-10-30T10:30:10.000Z,0.000002,0x3e7d005ed164cc1b2066279cf625a0960281dfb2,sell,0xde39e5e5a1b0eeb3afe717d6d011cae88d19451e,0xb83cd44f63ce8fd3e46c5e150d09811bead49a7abe52e39987a56f5518d9cce6
85,5213.83710497,0.01042767420994,0x3e7d005ed164cc1b2066279cf625a0960281dfb2,2017-10-30T10:13:51.000Z,0.000002,0x46e7db3f19e6f621a46a92ccb6b2d05e55ed81f3,sell,0xde39e5e5a1b0eeb3afe717d6d011cae88d19451e,0x0e2932e528f8524f84402537c9d462cea01472a0b7f8ea23587ed8073564f164
86,5213.83710497,0.01042767420994,0x3e7d005ed164cc1b2066279cf625a0960281dfb2,2017-10-30T09:56:01.000Z,0.000002,0x166a26fef3ae679347d9d66f5ee94a3965d19c01,sell,0xde39e5e5a1b0eeb3afe717d6d011cae88d19451e,0xc1a81802067490b4926b99bc4b31c8b4ff1903c00c13847f79e20348e66d63b5
87,5213.83710497,0.0102191207257412,0xd31fef7b65f64c15000ca8d24a7832846d6d65df,2017-10-30T09:09:22.000Z,0.00000196,0x1fc19d2f4acf535a509bb3e9c3ebde2f18cdc191,sell,0xde39e5e5a1b0eeb3afe717d6d011cae88d19451e,0x6432fc6ebfc830241f4efe709e13db4305be8afc5c4777bccbfc242d3e94dd7e
88,5213.83710497,0.0101669823546915,0xb8c517e3dab0368c47e2c33fb1c4e9037af60240,2017-10-30T06:33:42.000Z,0.00000195,0x6efb71d2cb77af80cbe17ea2c6914771576a9e28,sell,0xde39e5e5a1b0eeb3afe717d6d011cae88d19451e,0xf7e8d77dc6558fb28e9bc8bdab3fd6c88a2654cb9f4bd7594255b6b186378184
89,13419.39986043,0.0261678297278385,0xb8c517e3dab0368c47e2c33fb1c4e9037af60240,2017-10-30T05:30:57.000Z,0.00000195,0xa0d8b36841fbf8702c4988bde3af96777e31d0d5,sell,0xde39e5e5a1b0eeb3afe717d6d011cae88d19451e,0xf91d742a8f27b2d0ac5e6d0e3ecd89b1cc1e8a473f09c86bb27ff0aa03645592
90,224.551,0.00043787445,0xb8c517e3dab0368c47e2c33fb1c4e9037af60240,2017-10-30T03:53:39.000Z,0.00000195,0x379374d13077e8867ef31803c37baf9785a17c00,sell,0xde39e5e5a1b0eeb3afe717d6d011cae88d19451e,0x89b8bb33c1c3d4a7c42d3201bf3e85d5dd7e049720daf6b38b5dd546754c3c4e
91,224.551,0.00043113792,0x86d4b794a7ffa3a3ea81421107cf26b7ad1b3d44,2017-10-30T03:53:39.000Z,0.00000192,0x16e5d97bbc92417e051e3b2cabfbf8ceea2acb9c,sell,0xde39e5e5a1b0eeb3afe717d6d011cae88d19451e,0xfd8a7b58294400d9c18bdcf6516ac530d2032d484e6cf151a8bda42e6457ec6b
92,10427.67420994,0.020333964709383,0xb8c517e3dab0368c47e2c33fb1c4e9037af60240,2017-10-30T03:42:43.000Z,0.00000195,0x8d9c6fabbe86b246e247146684bf53678699b375,sell,0xde39e5e5a1b0eeb3afe717d6d011cae88d19451e,0x99c77bd516757845eb2fa2011b06e3531c38571d16fb6617db8bcd7fa46285c8
93,5213.83710497,0.0100105672415424,0x86d4b794a7ffa3a3ea81421107cf26b7ad1b3d44,2017-10-30T01:35:08.000Z,0.00000192,0x0f823a5ff52a4822634f0c3ccd723f4f294f1804,sell,0xde39e5e5a1b0eeb3afe717d6d011cae88d19451e,0xe89e9f5bfb04d2d24f465c5db0bf35ffb96238bd4fb52f56a2a12f0de955c625
94,5213.83710497,0.009906811883153496,0xd6fdda1fa4c34e1de87571bdd9efba9b2646c707,2017-10-29T23:02:38.000Z,0.0000019001,0xdb08617fa6bdd46342f82ddf8d3d41b2f60bf681,sell,0xde39e5e5a1b0eeb3afe717d6d011cae88d19451e,0xf9aab4f5f7fa6eace62ff0318712b088a4a4a9f19250042d47e9e6c1c7348687
95,33795.277,0.067590554,0x3e7d005ed164cc1b2066279cf625a0960281dfb2,2017-10-29T20:27:46.000Z,0.000002,0x3e7d005ed164cc1b2066279cf625a0960281dfb2,sell,0xde39e5e5a1b0eeb3afe717d6d011cae88d19451e,0x6817a84c826d1046fd8b62659f2530e5fe53aaba48a4b3e7d62385f86dda4d0c
96,67843.31228095,0.128902293333805,0x3e7d005ed164cc1b2066279cf625a0960281dfb2,2017-10-29T20:25:31.000Z,0.0000019,0x3e7d005ed164cc1b2066279cf625a0960281dfb2,sell,0xde39e5e5a1b0eeb3afe717d6d011cae88d19451e,0xa94c8b5dac11897ff3e05085406552bcab6f7174ba43befb41a6c03c1e8d7cea
97,10000,0.02,0x3e7d005ed164cc1b2066279cf625a0960281dfb2,2017-10-29T20:06:37.000Z,0.000002,0x3e7d005ed164cc1b2066279cf625a0960281dfb2,sell,0xde39e5e5a1b0eeb3afe717d6d011cae88d19451e,0xe4ed8b0775bffc56582ba47b855bfa4772678075cacc07ef65f049e79d2bef2b
98,50990.88548755,0.1019817709751,0x3e7d005ed164cc1b2066279cf625a0960281dfb2,2017-10-29T20:03:29.000Z,0.000002,0x243d25fa46782c9bcd20f306894f6774e095cfc5,sell,0xde39e5e5a1b0eeb3afe717d6d011cae88d19451e,0xa99b0147fdabf45a532cd1a7e54898700654f8ac8b63a5423efbfddf8ad5722c
99,5213.83710497,0.01042767420994,0x3e7d005ed164cc1b2066279cf625a0960281dfb2,2017-10-29T19:53:41.000Z,0.000002,0xaefe938d19813efca95ca3f4f026517b3dd1344c,sell,0xde39e5e5a1b0eeb3afe717d6d011cae88d19451e,0xa02df3f5cfb45bfdd3e762032aab47a669a7a4bdb6aa11ab6b3f0febd3776435
100,74998.58578174,0.2027211773680432,0x678a4e4257aa2a5b2698b2b1f3db5799311a8872,2017-10-29T18:55:24.000Z,0.000002703,0x3e7d005ed164cc1b2066279cf625a0960281dfb2,sell,0xde39e5e5a1b0eeb3afe717d6d011cae88d19451e,0xd6ebdf4e5fc9bfcc0da5760bc02b79fa0768fe49c6a85dd550dd483005bbef5a
101,1.41421826,0.00000382263195678,0x678a4e4257aa2a5b2698b2b1f3db5799311a8872,2017-10-29T17:06:41.000Z,0.000002703,0x07a5b48fbba6b2e0849609bd64b6c2ebdd21eafe,sell,0xde39e5e5a1b0eeb3afe717d6d011cae88d19451e,0x70d80e5d03f23373ede07b21fb2672dccf325f77389ddec03b3c42d61689b740
102,4530.95404249,0.0122788854551479,0x3e7d005ed164cc1b2066279cf625a0960281dfb2,2017-10-29T15:12:50.000Z,0.00000271,0x4ce32597fbe8a4097193f8a1e12befd3c51043ff,sell,0xde39e5e5a1b0eeb3afe717d6d011cae88d19451e,0xef20720e07e69e701bfe0961f99b6aae3fb9bf658435eeade04c26058761fd4d
103,14186.02332768,0.0384441232180128,0x3e7d005ed164cc1b2066279cf625a0960281dfb2,2017-10-29T14:26:17.000Z,0.00000271,0x07a5b48fbba6b2e0849609bd64b6c2ebdd21eafe,sell,0xde39e5e5a1b0eeb3afe717d6d011cae88d19451e,0xbd27faa3ae2a3fe7b09972d55dcbd90fe061bbcaa9777cc7988d25ef935ce13f
104,20855.34841989,0.0565179942179019,0x3e7d005ed164cc1b2066279cf625a0960281dfb2,2017-10-29T14:24:10.000Z,0.00000271,0xf73688c494c9b0658a8e4c14395b20e6229c961a,sell,0xde39e5e5a1b0eeb3afe717d6d011cae88d19451e,0x65aa21ae6852c89bbfb78d7c863cf097ee5cebad7ba627d466521444eae8f4d9
105,5230,0.0141733,0x8d9c6fabbe86b246e247146684bf53678699b375,2017-10-29T13:54:31.000Z,0.00000271,0x9e188517aa1eb23cca8e266c21268a3625ef7de2,buy,0xde39e5e5a1b0eeb3afe717d6d011cae88d19451e,0x60a119e177796a492529af01367474fc950d6566a36a11d36ce96b9cd4a7f953
106,5213.83710497,0.0141294985544687,0x3e7d005ed164cc1b2066279cf625a0960281dfb2,2017-10-29T13:10:35.000Z,0.00000271,0x8dc487e51dea6fc424cd4938a4346b6b9905bbbb,sell,0xde39e5e5a1b0eeb3afe717d6d011cae88d19451e,0xc270f58abf97ab1b6aab31b410aa06a47da0cb12dce679ff7df97361f8ab47d8
107,5230,0.0156377,0x3e7d005ed164cc1b2066279cf625a0960281dfb2,2017-10-29T13:00:02.000Z,0.00000299,0xba2236d9a90dd62e9f08a64d4928bb4791c6834a,buy,0xde39e5e5a1b0eeb3afe717d6d011cae88d19451e,0x84b9248f3665d1d7f0af2298568f6721e3cd8b38b396b78a223f43f89c8eb45f
108,5213.83710497,0.0141294985544687,0x3e7d005ed164cc1b2066279cf625a0960281dfb2,2017-10-29T12:40:38.000Z,0.00000271,0x06c6fea19f72ffeccb0326805b723ae3cae131ca,sell,0xde39e5e5a1b0eeb3afe717d6d011cae88d19451e,0x53e8b33220f3d4595625fd556bc189866ddf80468c20fd2d4cfb26da1a670fca
109,2000,0.006,0x035392de57aa4fe343d86494103dbe1b068a56c6,2017-10-29T10:52:16.000Z,0.000003,0x00f88a2eb274ba2151f89ac5cf80d15b04b20fb8,buy,0xde39e5e5a1b0eeb3afe717d6d011cae88d19451e,0x08c6b35dd594afb2a0fd3ccb84b206f8bf3a52dbc1d956113817ca282fdbbfe8
110,5213.83710497,0.0141294985544687,0x3e7d005ed164cc1b2066279cf625a0960281dfb2,2017-10-29T10:47:43.000Z,0.00000271,0x9c87d761dce93fc8de514a729b660d9da9f7a5a8,sell,0xde39e5e5a1b0eeb3afe717d6d011cae88d19451e,0x7d27c9f09e9ed8f890202f92d2e4a508c82163853c5ee08482269aa979c619c1
111,5213.83710497,0.0143380520386675,0x3e7d005ed164cc1b2066279cf625a0960281dfb2,2017-10-29T08:59:25.000Z,0.00000275,0xd68561fab1e913e128edcfddac8b45337e0821a8,sell,0xde39e5e5a1b0eeb3afe717d6d011cae88d19451e,0x0a71c263bd574e29d084db2aa9b39aa9e49f96164e4cbda5595a29bb02924478
112,10411.56126504,0.02863179347886,0x3e7d005ed164cc1b2066279cf625a0960281dfb2,2017-10-29T08:53:14.000Z,0.00000275,0xd1912a22e42a19a2a6a78f933e84a3ede96126b9,sell,0xde39e5e5a1b0eeb3afe717d6d011cae88d19451e,0x2bf33a42cd6b4486ae57c7d6b4b8d784b216087e89776c659e18203914137697
113,5230,0.014644,0xd1912a22e42a19a2a6a78f933e84a3ede96126b9,2017-10-29T08:12:23.000Z,0.0000028,0x64ef1975158f85a23a661d5c205d083a3b3ea6a1,buy,0xde39e5e5a1b0eeb3afe717d6d011cae88d19451e,0xb60d0ca92b42eda5776fc60a55214ca231f4393d68324430a523dd259c261825
114,5213.83710497,0.01434326587577247,0xd1912a22e42a19a2a6a78f933e84a3ede96126b9,2017-10-29T08:05:26.000Z,0.000002751,0x15630b7be464718162f3c713ed9d97fdac0698d0,sell,0xde39e5e5a1b0eeb3afe717d6d011cae88d19451e,0x7c1eb775d4101bab42d1987bd887eeee4685b7881d2ac63aaa7c6f0edf22e141
115,5230,0.0143825,0xc27ba127100ce61719352b8f95e568b3aa657441,2017-10-29T05:09:48.000Z,0.00000275,0xc48a0a7ec1a1f274a5ff02f783d3322752d54e93,buy,0xde39e5e5a1b0eeb3afe717d6d011cae88d19451e,0xe00f24191289377b45b3d7ad0d9f1d0bddca79f98e1441b50b18bb284834fe04
116,10000,0.0303,0x3421c555a64032f3bb56c0f1236138dc88ae4c7f,2017-10-29T03:06:06.000Z,0.00000303,0x3e7d005ed164cc1b2066279cf625a0960281dfb2,sell,0xde39e5e5a1b0eeb3afe717d6d011cae88d19451e,0xfb38d7023144ced8039f7f09aef6af487c451f2535670efdf952db33b47d7212
117,14786.16289503,0.0492379224404499,0xc12787b02b996c0c23de426b60c4dd59548a5f86,2017-10-29T03:06:02.000Z,0.00000333,0x3e7d005ed164cc1b2066279cf625a0960281dfb2,sell,0xde39e5e5a1b0eeb3afe717d6d011cae88d19451e,0x7595cb285f38c1d0e4faa42a9236b379f556503d4e4c8b62ffe593fcfe439315
118,2000,0.0066,0x7fe8d10b80ccf235771a008931e60d8da137a6a3,2017-10-29T02:59:09.000Z,0.0000033,0x7974490ed9b0d4a7d119e0feafbd0ed4e9e79f43,buy,0xde39e5e5a1b0eeb3afe717d6d011cae88d19451e,0x5965202e231eee05d0b1f1fac84ae4641153ca3e86b9f1e6ba912acc112bedb1
119,5213.83710497,0.0173620775595501,0xc12787b02b996c0c23de426b60c4dd59548a5f86,2017-10-29T01:04:05.000Z,0.00000333,0xb66b371ce93cbc0a646f42ba64b759958436fb6f,sell,0xde39e5e5a1b0eeb3afe717d6d011cae88d19451e,0xfc6ae665badb887e37dda628fa2b7f74c88e7127bbd9fde619dd9be6ab7d5489
120,5230,0.0208676477,0xd3c3ea31e739acf05c1b1d665818de818f46762b,2017-10-29T00:39:04.000Z,0.00000398999,0xe80b1d89f33e75069475d2804d1a989ec4c3862c,buy,0xde39e5e5a1b0eeb3afe717d6d011cae88d19451e,0x3b0f1ac25c591039cc5073113d7e0e9921a628a429cc8c14c65e70d1883e4717
121,2000,0.0056,0x3e7d005ed164cc1b2066279cf625a0960281dfb2,2017-10-28T22:10:59.000Z,0.0000028,0x3e7d005ed164cc1b2066279cf625a0960281dfb2,sell,0xde39e5e5a1b0eeb3afe717d6d011cae88d19451e,0x72a2f5090df90a63e63d853d95f442ec1a52051e6e9e07d16c95db41f9f84101
122,2500,0.007525,0xfe4856ea92a3d9fe3691f332cb5344072ac061d1,2017-10-28T22:04:49.000Z,0.00000301,0x3e7d005ed164cc1b2066279cf625a0960281dfb2,sell,0xde39e5e5a1b0eeb3afe717d6d011cae88d19451e,0x59a47075edc3544ce52b163da5ed2bd3759b43cd5d555e7d46c9c00df29ac469
123,770.71079654,0.00231213238962,0xfe4856ea92a3d9fe3691f332cb5344072ac061d1,2017-10-28T22:04:49.000Z,0.000003,0x3e7d005ed164cc1b2066279cf625a0960281dfb2,sell,0xde39e5e5a1b0eeb3afe717d6d011cae88d19451e,0xb43e786b946183d1c0ad5f365bdb7dfc5429024b2bbe6e197da81bb12f5a0a9f
124,5000,0.0151,0xdbaf12d05b2bd9e5ecfbde9383a0a9ced64a26c2,2017-10-28T22:04:31.000Z,0.00000302,0x3e7d005ed164cc1b2066279cf625a0960281dfb2,sell,0xde39e5e5a1b0eeb3afe717d6d011cae88d19451e,0x7b7365d08f66b638acadaea5245aa40b2b39a51f033380d5214f608f09a80ac5
125,5000,0.015055,0xbf3ff66b9f477e3c6f3b8b2c6053e398a243e6c1,2017-10-28T22:04:31.000Z,0.000003011,0x3e7d005ed164cc1b2066279cf625a0960281dfb2,sell,0xde39e5e5a1b0eeb3afe717d6d011cae88d19451e,0x5bc9d5b7d681bf291fb3fa8a2132c1a2f5def64e83713a3ecfd199280c0b5179
126,4571.84865289,0.013948710697152256,0xffe9735ecee5a3b9d043c09d4d2c5ee1df08473b,2017-10-28T22:04:31.000Z,0.00000305100009999999,0x3e7d005ed164cc1b2066279cf625a0960281dfb2,sell,0xde39e5e5a1b0eeb3afe717d6d011cae88d19451e,0x7ea50598d2556dff5ef06dbe409b5e8a9d26efcaa2dbbafb39cdfd4a9ae400eb
127,428.15134711,0.001306289802847744,0xffe9735ecee5a3b9d043c09d4d2c5ee1df08473b,2017-10-28T21:39:42.000Z,0.00000305100009999999,0x50be0c6e4a79a2bfb576c8bb67c41071671fc782,sell,0xde39e5e5a1b0eeb3afe717d6d011cae88d19451e,0x01d03069e339204ad3553a61e42f1fcedef3d834d275998e223429e9947c9970
128,4786.16289503,0.014837104974593,0xa131d5f149ae1f162cf92c4afccd8e5a1f5d6f4f,2017-10-28T21:38:16.000Z,0.0000031,0x50be0c6e4a79a2bfb576c8bb67c41071671fc782,sell,0xde39e5e5a1b0eeb3afe717d6d011cae88d19451e,0x746b7e5516fd36277c12e5753786f4537ad5ba01a34f0e8bccb71d05a42993d6
129,39572.32579006,0.120695593659683,0x678a4e4257aa2a5b2698b2b1f3db5799311a8872,2017-10-28T21:06:12.000Z,0.00000305,0x243d25fa46782c9bcd20f306894f6774e095cfc5,sell,0xde39e5e5a1b0eeb3afe717d6d011cae88d19451e,0x8ee5328157707c74403637ecf4a826355cb99dbfe16b78ce788dba17d9f4f260
130,125.3132832,0.0005,0x34f9560c63078eb61872a4dc2ccd20e21c34feaf,2017-10-28T20:35:02.000Z,0.00000399000000025536,0xa131d5f149ae1f162cf92c4afccd8e5a1f5d6f4f,buy,0xde39e5e5a1b0eeb3afe717d6d011cae88d19451e,0x860c9831701a46333cbc86d7c0a00452f845cb84ee708b399890059a4f459062
131,125.3132832,0.0005,0xe444a40689f51f63bcd29910622035707d533d29,2017-10-28T20:32:02.000Z,0.00000399000000025536,0xa131d5f149ae1f162cf92c4afccd8e5a1f5d6f4f,buy,0xde39e5e5a1b0eeb3afe717d6d011cae88d19451e,0xf2b03e85cff62739325f63e696e943d300e5b7ee3e9ef75829cace7c2817ee0e
132,5213.83710497,0.016162895025407,0xa131d5f149ae1f162cf92c4afccd8e5a1f5d6f4f,2017-10-28T19:29:45.000Z,0.0000031,0x179c8174792e42035b034d7ffd68410608bec62e,sell,0xde39e5e5a1b0eeb3afe717d6d011cae88d19451e,0x250975ccb2e7c2fc0c6e2607551b52bd6eb101705558846a43989f97038a8720
133,5213.83710497,0.0159022031701585,0x678a4e4257aa2a5b2698b2b1f3db5799311a8872,2017-10-28T19:27:32.000Z,0.00000305,0xaa8cbdfb06699c609078eabaef87f94262081f0b,sell,0xde39e5e5a1b0eeb3afe717d6d011cae88d19451e,0xf52b08bd08caed69f96149bd1b2d9797e1c3e1c9b0640ade31954803e91c48b5
134,5230,0.0159515,0x9e8696a3bafbcf1eb4329e11eb423c8f33977be4,2017-10-28T18:23:39.000Z,0.00000305,0x9d42719388bb8e8870586d8145398289ca401677,buy,0xde39e5e5a1b0eeb3afe717d6d011cae88d19451e,0x0b50810dab91e6ca3890e2f81dc8fb850a0601bfa2d9abfd4e538f3223903e8f
135,5213.83710497,0.01590741700726347,0x3e7d005ed164cc1b2066279cf625a0960281dfb2,2017-10-28T17:01:10.000Z,0.000003051,0x69264a8deee29b3627a97fae7d4bb602d9ef7427,sell,0xde39e5e5a1b0eeb3afe717d6d011cae88d19451e,0x1d8ffa662553032b0fff774ec0e584a2d1aa3a3a9bc845a7de7fc81290c044ca
136,5000,0.019995,0x9e8696a3bafbcf1eb4329e11eb423c8f33977be4,2017-10-28T16:03:37.000Z,0.000003999,0xd9b8ab82dfc874172df2446dbe213d81a03a2355,buy,0xde39e5e5a1b0eeb3afe717d6d011cae88d19451e,0x3eacfb38c343a59440754b7eeb6636420079a8f9269ddbd4c8f11e18505783c4
137,5230,0.018305,0x9e8696a3bafbcf1eb4329e11eb423c8f33977be4,2017-10-28T16:03:16.000Z,0.0000035,0xc982cc121a6651f1843f1c4dede978d9a04652d9,buy,0xde39e5e5a1b0eeb3afe717d6d011cae88d19451e,0x28d532097309f454bb883da7854c7d1b14e2729568be97bdd0ca84cb201d06c3
138,5213.83710497,0.01590741700726347,0x3e7d005ed164cc1b2066279cf625a0960281dfb2,2017-10-28T15:14:15.000Z,0.000003051,0xb3ad178d923a26c74e99d8bf2a5b6cf900376d85,sell,0xde39e5e5a1b0eeb3afe717d6d011cae88d19451e,0x6be85315ebbd4e61d268cbee6fe98358e92cd74ed7ee2510426f13a1089fbcd7
139,5213.83710497,0.0159022031701585,0x678a4e4257aa2a5b2698b2b1f3db5799311a8872,2017-10-28T13:51:33.000Z,0.00000305,0x9d0f536dc95cde0486a8708e1af01a6e4a60e9b2,sell,0xde39e5e5a1b0eeb3afe717d6d011cae88d19451e,0x7fe8329f0eb8d518b199aad33c55c414bb08ad9fb6a3a211844ca56020a6df32
140,5213.83710497,0.0158500647991088,0x3e7d005ed164cc1b2066279cf625a0960281dfb2,2017-10-28T13:20:30.000Z,0.00000304,0xb52427af585ccfb452843efd24f8d168c2aad87c,sell,0xde39e5e5a1b0eeb3afe717d6d011cae88d19451e,0xef4cc78a94a31892efde6fbdaa8fa122ecd86a364ecf1b3bc8f4a1ee6f7c86ef
141,214.33555976,0.0006558668128656,0xeb1f9082f2791aa0de054d658d197c9003d1f78a,2017-10-28T12:24:31.000Z,0.00000306,0x4e696a7448938fec65cbeef56a20874af5541a3a,sell,0xde39e5e5a1b0eeb3afe717d6d011cae88d19451e,0xdef707669219b49276d66ce92e079ab0ada55b78bb9f14ca32051a2152b22190
142,5000,0.015335,0xbf3ff66b9f477e3c6f3b8b2c6053e398a243e6c1,2017-10-28T12:23:35.000Z,0.000003067,0x4e696a7448938fec65cbeef56a20874af5541a3a,sell,0xde39e5e5a1b0eeb3afe717d6d011cae88d19451e,0x0c68dab535369a92c8099fdefbf3cc987f74997d9875b50d2a805a25574b8439
143,1307,0.0060122,0xff4c940d2879b824e5e7e90c2b7bebb31f8a9fa6,2017-10-28T10:18:25.000Z,0.0000046,0x25ec581e32a435184ee5ab788143be4d33f69d80,buy,0xde39e5e5a1b0eeb3afe717d6d011cae88d19451e,0x893422d53002aed393f4ce8cde00a4ef193f11e91bdff5133b5b044a23f32fe1
144,1307,0.003937991,0xfe4856ea92a3d9fe3691f332cb5344072ac061d1,2017-10-28T09:41:01.000Z,0.000003013,0x25ec581e32a435184ee5ab788143be4d33f69d80,buy,0xde39e5e5a1b0eeb3afe717d6d011cae88d19451e,0x60f6f71689f4dbf4954326307975aecccc929b21234856979ee7bf767f287f46
145,229.28920346,0.00068786761038,0xfe4856ea92a3d9fe3691f332cb5344072ac061d1,2017-10-28T08:28:48.000Z,0.000003,0x48b7ec299387f17fb9fd1aea979f33306bae576e,sell,0xde39e5e5a1b0eeb3afe717d6d011cae88d19451e,0x37c194b943c4c70c07a47d100f1de19d67c153120a327d132dc6cb48da53c38f
146,5230,0.041317,0xfe4856ea92a3d9fe3691f332cb5344072ac061d1,2017-10-28T08:11:18.000Z,0.0000079,0x49e5624fd79374073fc483d165ef00cce702b2c6,buy,0xde39e5e5a1b0eeb3afe717d6d011cae88d19451e,0x557198eb05583982a4814cfff4c93e0e096b4a9da9cd95a83cfeb182f31c0b26
147,5230,0.028765,0x3ea8a88dc7c5930c6ee57228a7bfe43a4f876fd3,2017-10-28T08:06:52.000Z,0.0000055,0x45ceb5b8b2c466628f3319496c9f19e6503efe50,buy,0xde39e5e5a1b0eeb3afe717d6d011cae88d19451e,0x739b82e28ce018359c2753be67a9214744d568deb7ab93f287d2d0c8b72305bc
148,15690,0.086295,0xd15bd2f84aea32a0f47e988b9da8d154f4b9e55b,2017-10-28T07:01:30.000Z,0.0000055,0x8dc030c3078ab6af850d069d2a0e5ad473327202,buy,0xde39e5e5a1b0eeb3afe717d6d011cae88d19451e,0x976fb3ba4cfcbb09732921d1fd109af1e8310ffacd3f78582c9c3ae5b2693fc3
149,5230,0.0286604,0x9e8696a3bafbcf1eb4329e11eb423c8f33977be4,2017-10-28T07:00:07.000Z,0.00000548,0x54804cbd6db2362656f743e4c4306dd4f98e6580,buy,0xde39e5e5a1b0eeb3afe717d6d011cae88d19451e,0xf889e924c10b099b1c3724f9ae9b05d2c62713927c33d84efee763fc0d9bfe9a
150,38328,0.21042072,0x8a3a64ba369697a84ce95cfaa2040c9367d8f35a,2017-10-28T06:59:37.000Z,0.00000549,0x678a4e4257aa2a5b2698b2b1f3db5799311a8872,buy,0xde39e5e5a1b0eeb3afe717d6d011cae88d19451e,0x7955d434f7cfb1c843008be9de1573ef6c74e96282a0cc9700122fe894f5b22d
151,5230,0.023535,0x9e8696a3bafbcf1eb4329e11eb423c8f33977be4,2017-10-28T06:54:06.000Z,0.0000045,0x005d931ff4aec1870eb20b044ae301665cec10cd,buy,0xde39e5e5a1b0eeb3afe717d6d011cae88d19451e,0xa258d6d87c7fb0ac54c0a1b7703d3d02c3923016b807100d23043045cc7ed80c
152,996.9095803,0.0026926527763903,0xc27ba127100ce61719352b8f95e568b3aa657441,2017-10-28T04:47:47.000Z,0.000002701,0xbd56fe45cafbc7b90619e0b14b65a0a2b5c9da39,sell,0xde39e5e5a1b0eeb3afe717d6d011cae88d19451e,0x2ba44e2d0349ec8c64228df303b0fcdedfc4901ac670ca2957d1a84d64b65cfe
153,5230,0.023535,0xab45233b06b1d1f452901661f6a931c9da663cc0,2017-10-28T04:43:43.000Z,0.0000045,0xa7ef40afda6e29b81faa91a6608dc597e292604b,buy,0xde39e5e5a1b0eeb3afe717d6d011cae88d19451e,0xf78f2d13f2d4a64835bbcac372fd656e929acfc452229c554ab1d83944eb839b
154,2230,0.010704,0x243d25fa46782c9bcd20f306894f6774e095cfc5,2017-10-28T02:26:13.000Z,0.0000048,0xde2cba2b8a65a7960e6f68ca2395958778322959,buy,0xde39e5e5a1b0eeb3afe717d6d011cae88d19451e,0x54bf79604ae2677a1299c41d72cdea918ba65b6073962426e95d4b87cdfdd9cd
155,1000,0.005,0x243d25fa46782c9bcd20f306894f6774e095cfc5,2017-10-28T02:26:13.000Z,0.000005,0x8283ba2d4c38eb6223ec384ce5f2c7c377096f30,buy,0xde39e5e5a1b0eeb3afe717d6d011cae88d19451e,0x47d09e33f326ca096870d145df44c4a46d9fc7d2eb28add356a9a6f403d5ed5e
156,2230,0.010035,0x243d25fa46782c9bcd20f306894f6774e095cfc5,2017-10-28T02:26:13.000Z,0.0000045,0xb3798daf13fa28964bc7fd887ece34cfe5459592,buy,0xde39e5e5a1b0eeb3afe717d6d011cae88d19451e,0x893acab14892e7eed15f788634e7c70f69d30b4249ade528cf30fa905ed2d134
157,5230,0.02091477,0x243d25fa46782c9bcd20f306894f6774e095cfc5,2017-10-28T02:25:06.000Z,0.000003999,0xc9c6eecbb570205a39d864a419efe9e6c48a2a85,buy,0xde39e5e5a1b0eeb3afe717d6d011cae88d19451e,0x7a96c4a170e489ff5c8bdffd26882be0c56bea71c50c4cc0d54e70a974875e86
158,5230,0.0207108,0x243d25fa46782c9bcd20f306894f6774e095cfc5,2017-10-28T02:25:06.000Z,0.00000396,0xb6dbd85555862cd184e86889cf7982aabd127c65,buy,0xde39e5e5a1b0eeb3afe717d6d011cae88d19451e,0xd6f548fd1034096dfedba71963fa9b6b7d950da2a8b506942730ca18dd59625c
159,10000,0.042,0x243d25fa46782c9bcd20f306894f6774e095cfc5,2017-10-28T02:14:01.000Z,0.0000042,0x678a4e4257aa2a5b2698b2b1f3db5799311a8872,buy,0xde39e5e5a1b0eeb3afe717d6d011cae88d19451e,0x8a8d70689c440fe08e803497ce38e0eb059b7ddc3a51b2c2534b889a686a5ec8
160,5000,0.02,0x243d25fa46782c9bcd20f306894f6774e095cfc5,2017-10-28T02:14:01.000Z,0.000004,0xffe9735ecee5a3b9d043c09d4d2c5ee1df08473b,buy,0xde39e5e5a1b0eeb3afe717d6d011cae88d19451e,0x54047df80ba69400ad37fc8d55da022bbd71d70a67bf1cce497ec31ccc9ab8e9
161,10460,0.0417354,0x243d25fa46782c9bcd20f306894f6774e095cfc5,2017-10-28T02:11:40.000Z,0.00000399,0x04e1e769161f423ae1a4b7d74ccd57737bc182e2,buy,0xde39e5e5a1b0eeb3afe717d6d011cae88d19451e,0xab7fe080b21b0a263c13a6b13b5723dcbe1a67722217b7c8363d2df6f928475a
162,3500,0.013958,0xab45233b06b1d1f452901661f6a931c9da663cc0,2017-10-28T02:01:29.000Z,0.000003988,0xfa7182a6ec853a48f0719162c33cdab951ec7d5a,buy,0xde39e5e5a1b0eeb3afe717d6d011cae88d19451e,0xcdae2a4026e7c95dc5958181d93c4080a0908e527a87cab748dd033043664ffc
163,5230,0.02085201,0xab45233b06b1d1f452901661f6a931c9da663cc0,2017-10-28T02:00:49.000Z,0.000003987,0xc8d71f27ff7841dfd01695e1867c2139191c6af3,buy,0xde39e5e5a1b0eeb3afe717d6d011cae88d19451e,0xfabe3bb3201cb9cb7bf940241d8df1ace91d56ade2004d39bc171777a8b27275
164,5230,0.0207108,0xab45233b06b1d1f452901661f6a931c9da663cc0,2017-10-28T01:55:34.000Z,0.00000396,0x1a6c67db58c7ec7b742d6625ac38a55821369fbd,buy,0xde39e5e5a1b0eeb3afe717d6d011cae88d19451e,0xac3ae502320ab61cb9ab0338a9af5374db011f882a42d3b48f5fc5edc8d8ea1f
165,5000,0.01975,0x243d25fa46782c9bcd20f306894f6774e095cfc5,2017-10-28T01:47:00.000Z,0.00000395,0x48b7ec299387f17fb9fd1aea979f33306bae576e,buy,0xde39e5e5a1b0eeb3afe717d6d011cae88d19451e,0xb64da6c06f935644510a78594345a3dbd0906e1e3adf0006f3b78f0ec7182f38
166,24000,0.094776,0x243d25fa46782c9bcd20f306894f6774e095cfc5,2017-10-28T01:45:19.000Z,0.000003949,0x476e4024213b07d0e37dcfdc196d4b33ff67e39e,buy,0xde39e5e5a1b0eeb3afe717d6d011cae88d19451e,0x170b688fe1e458cefb1559e8b4f640589b64f32496a51c5eb903f7f0e69a9347
167,6000,0.023694,0x243d25fa46782c9bcd20f306894f6774e095cfc5,2017-10-28T01:39:59.000Z,0.000003949,0x476e4024213b07d0e37dcfdc196d4b33ff67e39e,buy,0xde39e5e5a1b0eeb3afe717d6d011cae88d19451e,0x60625b7d2948a712784362ca348a97ea7200f3cce5e479d94a474ac6d0aed5ff
168,3181.72917644,0.012599647538713987,0xd3c3ea31e739acf05c1b1d665818de818f46762b,2017-10-28T01:39:59.000Z,0.00000396000000000364,0x65cac3f35f3dea58ac1b8d8b8ec55b494939b600,buy,0xde39e5e5a1b0eeb3afe717d6d011cae88d19451e,0x485ba905bed18de4249992bcf047f77a0bf143cdbb91f75a5469efbd9f71a2fe
169,5230,0.02062712,0xd3c3ea31e739acf05c1b1d665818de818f46762b,2017-10-28T01:38:39.000Z,0.000003944,0xa131d5f149ae1f162cf92c4afccd8e5a1f5d6f4f,buy,0xde39e5e5a1b0eeb3afe717d6d011cae88d19451e,0x5ddf100d27879272328d9aa87c9ad2ff55b8d07469f1008cd7047fc6853e216f
170,10460,0.040794,0xd3c3ea31e739acf05c1b1d665818de818f46762b,2017-10-28T01:37:57.000Z,0.0000039,0xf33bc464fb8a61db1d8cce0c22dad4f833fabb2a,buy,0xde39e5e5a1b0eeb3afe717d6d011cae88d19451e,0x1b589085917bb4777acfcb377eefc7cbe29931f9c3b10399796943135720362e
171,5230,0.0206062,0xd3c3ea31e739acf05c1b1d665818de818f46762b,2017-10-28T01:37:57.000Z,0.00000394,0xa131d5f149ae1f162cf92c4afccd8e5a1f5d6f4f,buy,0xde39e5e5a1b0eeb3afe717d6d011cae88d19451e,0x7aeeea92c49598d18737b14581d525bf0b70fa9cc947ca156daebcadd6f4f2e1
172,5230,0.0205539,0xd3c3ea31e739acf05c1b1d665818de818f46762b,2017-10-28T01:37:57.000Z,0.00000393,0xc9e9358b4fd98cdc2cc82867fdfca90e43c1fb22,buy,0xde39e5e5a1b0eeb3afe717d6d011cae88d19451e,0x67349f69cac95d8f076be2bcc8e130561387d8855ec734a260e9228c2eefcb22
173,5230,0.019874,0xd3c3ea31e739acf05c1b1d665818de818f46762b,2017-10-28T01:37:33.000Z,0.0000038,0x788323035874a0ebd306e40a865a70a012766c7b,buy,0xde39e5e5a1b0eeb3afe717d6d011cae88d19451e,0xca9db18b3bef9d1c41f5c55251d44afb02fe1ed7295099d9f1a03a39f4f31365
174,5230,0.0182527,0x243d25fa46782c9bcd20f306894f6774e095cfc5,2017-10-28T01:36:36.000Z,0.00000349,0x00616859400409116fb3c86f149e9e7905693a73,buy,0xde39e5e5a1b0eeb3afe717d6d011cae88d19451e,0x42266f87b02e3f03ead4e92b076957cce24fa62c3d514ff1a2334179f8ff7a80
175,5213.83710497,0.014598743893916,0xd3c3ea31e739acf05c1b1d665818de818f46762b,2017-10-28T00:35:48.000Z,0.0000028,0xc45bfa546c72c160e40a9b140d56e083cde3fc97,sell,0xde39e5e5a1b0eeb3afe717d6d011cae88d19451e,0x70eb617f52210111a213d83beb29b7658932b6af6f84f6ac7b92c2a272127416
176,5230,0.02039177,0x243d25fa46782c9bcd20f306894f6774e095cfc5,2017-10-28T00:31:45.000Z,0.000003899,0x2f6cb1bde566a0536cec0099be0d824197c72c9b,buy,0xde39e5e5a1b0eeb3afe717d6d011cae88d19451e,0x9cd2ae5fdbb0e8a8950f0ef84e2793e503877fd17045313400ce9b72ff677e28
177,4000,0.014,0x243d25fa46782c9bcd20f306894f6774e095cfc5,2017-10-28T00:31:37.000Z,0.0000035,0x49e81aa0cfe7eea9738430212dc6677acf2f01a1,buy,0xde39e5e5a1b0eeb3afe717d6d011cae88d19451e,0x979c6366b9b287ad493e68de2e88ba260b8e02ea5118da5d678142770b6a5235
178,5213.83710497,0.014077360183419,0x678a4e4257aa2a5b2698b2b1f3db5799311a8872,2017-10-27T22:46:21.000Z,0.0000027,0x2093009e6f48ff9e5fc729a10d5d3e8ceacefd41,sell,0xde39e5e5a1b0eeb3afe717d6d011cae88d19451e,0x9d648b809bfc3dc521e4bc5c6011914a6d92d7dc820813a7093d42417c461449
179,5213.83710497,0.014077360183419,0x678a4e4257aa2a5b2698b2b1f3db5799311a8872,2017-10-27T22:26:09.000Z,0.0000027,0xf26a55ed2bcdef30f8582b8eadb3600da4397190,sell,0xde39e5e5a1b0eeb3afe717d6d011cae88d19451e,0xab33c14f6b515d15a031698a05b64648e4fd0452e61bc569d22ac3578e663bad
180,5213.83710497,0.014077360183419,0x678a4e4257aa2a5b2698b2b1f3db5799311a8872,2017-10-27T22:21:42.000Z,0.0000027,0xe2afce384c47a4b12cb7cc1586e237e7693e8142,sell,0xde39e5e5a1b0eeb3afe717d6d011cae88d19451e,0x59484f23c13aae3af0cee6b3f5a049696463fe583fcee20dcabffd952b795249
181,5213.83710497,0.014077360183419,0x678a4e4257aa2a5b2698b2b1f3db5799311a8872,2017-10-27T22:18:20.000Z,0.0000027,0xd675f874fd34ea7d35f712fa8cf6ff8ec6d95446,sell,0xde39e5e5a1b0eeb3afe717d6d011cae88d19451e,0x1a0fa38e1ffc07400166e6daed936b5f791db82d31a6e8f5666de1f2bb6e219a
182,5213.83710497,0.014077360183419,0x678a4e4257aa2a5b2698b2b1f3db5799311a8872,2017-10-27T21:28:41.000Z,0.0000027,0x26f7b9867a3f9121e0ac67ed07937db91f784c68,sell,0xde39e5e5a1b0eeb3afe717d6d011cae88d19451e,0x172f91faf3e33089bebc76c160bb8fd54288d4f2ff2e7e325c00db4e40e5f1a1
183,5213.83710497,0.014077360183419,0x678a4e4257aa2a5b2698b2b1f3db5799311a8872,2017-10-27T17:21:15.000Z,0.0000027,0x1c69987540666f9b6f53b1702a4c521df3275ba9,sell,0xde39e5e5a1b0eeb3afe717d6d011cae88d19451e,0xad678b1b3601927b216eca66d14ca793af7bcc1989ead73dcffea94911dff59c
184,5230,0.01569,0xa131d5f149ae1f162cf92c4afccd8e5a1f5d6f4f,2017-10-27T16:51:07.000Z,0.000003,0xa66629220afb166cba1993138c15cbd96b6dc0ab,buy,0xde39e5e5a1b0eeb3afe717d6d011cae88d19451e,0xc0d08087014a67da8d6f7c796fb4d4c00839d78ef1ed2b98159386d6a6ef2913
185,5230,0.015167,0xa131d5f149ae1f162cf92c4afccd8e5a1f5d6f4f,2017-10-27T16:49:48.000Z,0.0000029,0x5e76660125738c38869952618336d10fbb74125c,buy,0xde39e5e5a1b0eeb3afe717d6d011cae88d19451e,0x0c404812038fa9b123028aebec22275a3abfc796b17741822ab73da73ddc2228
186,5213.83710497,0.014077360183419,0x678a4e4257aa2a5b2698b2b1f3db5799311a8872,2017-10-27T16:29:17.000Z,0.0000027,0xbc5c1b79ae33a3b762d245e1c4c69c7ef605f8d6,sell,0xde39e5e5a1b0eeb3afe717d6d011cae88d19451e,0x31d8fa8ca93c7c1a8e5662f931eb79273fbab48ce00084924d2746b844dfff04
187,5213.83710497,0.014077360183419,0x678a4e4257aa2a5b2698b2b1f3db5799311a8872,2017-10-27T16:27:05.000Z,0.0000027,0x23a34367a2902332dc4add1bbafff1dea4c63bd6,sell,0xde39e5e5a1b0eeb3afe717d6d011cae88d19451e,0x8998e5dcdab882fcb34ca8f4a480af833158fdbc3057018960f768aa6930e71f
188,5213.83710497,0.01358725949555182,0x3e7d005ed164cc1b2066279cf625a0960281dfb2,2017-10-27T13:21:32.000Z,0.000002606,0xa4a4a4b9d35fb4a4384d85976ab8e504714bc017,sell,0xde39e5e5a1b0eeb3afe717d6d011cae88d19451e,0x121bb77407a37fa4cd08a28f651b6561bc408d887a446e1e72503d22a726d88c
189,95424.18502641,0.257645299571307,0xd6fdda1fa4c34e1de87571bdd9efba9b2646c707,2017-10-27T12:38:04.000Z,0.0000027,0x06c6fea19f72ffeccb0326805b723ae3cae131ca,sell,0xde39e5e5a1b0eeb3afe717d6d011cae88d19451e,0x2b4b5d64c0324fb929cfe1d3db39139a3e812edaf02ba152cb1c1e6877b626a6
190,2990.7287409,0.00807496760043,0xd6fdda1fa4c34e1de87571bdd9efba9b2646c707,2017-10-27T12:32:18.000Z,0.0000027,0x07f964abfc00f9571b392d78d0e8d0a303f527e9,sell,0xde39e5e5a1b0eeb3afe717d6d011cae88d19451e,0x94af54cf0fab8a0ad4f18ac64a86c82e3b793ac365958b73bd6ff7f1034a108c
191,0.51977242,0.000001403385534,0xd6fdda1fa4c34e1de87571bdd9efba9b2646c707,2017-10-27T11:53:17.000Z,0.0000027,0x5ef715015478bc6502d931eecb6f653b89bd5729,sell,0xde39e5e5a1b0eeb3afe717d6d011cae88d19451e,0xc2ca5f1c8aa6dac3047b85f3634b6121e7df87d915fa23e532ee7f5018b3e596
192,5213.83710497,0.01361854251818164,0x92987541b36cff470fc54554a380612d50d68735,2017-10-27T10:52:29.000Z,0.000002612,0x5ef715015478bc6502d931eecb6f653b89bd5729,sell,0xde39e5e5a1b0eeb3afe717d6d011cae88d19451e,0x0c550e92d8bd489d47fbd1dd291461baf4ab15ecc7c741cc6818e4d813356c3b
193,5230,0.02067942,0xab45233b06b1d1f452901661f6a931c9da663cc0,2017-10-27T10:38:38.000Z,0.000003954,0xae9b16ba87f8b6ef5178803bf40e3c0704724ebf,buy,0xde39e5e5a1b0eeb3afe717d6d011cae88d19451e,0x123048f543477a6dabc9acf91f03e2c41e55b6b67208aca2d5432f762b54f6ab
194,5230,0.020397,0xab45233b06b1d1f452901661f6a931c9da663cc0,2017-10-27T10:38:24.000Z,0.0000039,0xf13aa3f2d697ad6a90e6e64019cbfd1308c5fed0,buy,0xde39e5e5a1b0eeb3afe717d6d011cae88d19451e,0xbe747bd4fbb17a08a66d1ae860896bd329e82be15f3febe7da2551175ad09fa2
195,5230,0.020397,0xab45233b06b1d1f452901661f6a931c9da663cc0,2017-10-27T10:37:32.000Z,0.0000039,0x4ced17c698862d41fe174052b25206859a57d876,buy,0xde39e5e5a1b0eeb3afe717d6d011cae88d19451e,0x0ec6a79919d7c5edbbd8f19cdb7483451fd28f4ec069b6dc3fbc322115dbc1bb
196,5230,0.0196125,0xab45233b06b1d1f452901661f6a931c9da663cc0,2017-10-27T10:37:32.000Z,0.00000375,0xcf7e5d2bbe28d27baf5e26e53135bb01e2fd5515,buy,0xde39e5e5a1b0eeb3afe717d6d011cae88d19451e,0x6095e352d9cca4763dd08290f4bc7f6ed7245fd1795d3ec4a74b08dbfebef8f9
197,5230,0.018828,0xab45233b06b1d1f452901661f6a931c9da663cc0,2017-10-27T10:37:23.000Z,0.0000036,0xa131d5f149ae1f162cf92c4afccd8e5a1f5d6f4f,buy,0xde39e5e5a1b0eeb3afe717d6d011cae88d19451e,0x79adaae4d7ce12eb6afac305fa5b0c8bbe1550b1289b072af186bb2f01d1be36
198,5230,0.01882277,0xab45233b06b1d1f452901661f6a931c9da663cc0,2017-10-27T10:37:19.000Z,0.000003599,0x7ef5010b2a0e9d3dabfc4c9aad05155876f9f423,buy,0xde39e5e5a1b0eeb3afe717d6d011cae88d19451e,0xa375e0207706918844ad6e31fee626c719c158baf1908f3650fb86fb01a25874
199,0.51977242,0.00000135764556104,0x92987541b36cff470fc54554a380612d50d68735,2017-10-27T10:30:58.000Z,0.000002612,0x8c705cba596b55a3335863228a6eb7ced84b7ee2,sell,0xde39e5e5a1b0eeb3afe717d6d011cae88d19451e,0x4e47c9a55ed509a709a953f081066ccd2601fddeed1244478fb641e2ce1bfdb5
200,5213.83710497,0.01361854251818164,0x92987541b36cff470fc54554a380612d50d68735,2017-10-27T10:07:33.000Z,0.000002612,0x8c705cba596b55a3335863228a6eb7ced84b7ee2,sell,0xde39e5e5a1b0eeb3afe717d6d011cae88d19451e,0xc01a3c320b58c60b5ded58d53e63e0624fce1fcfeb44ca3eb63e4b25659f0d32
201,5213.83710497,0.01361854251818164,0x92987541b36cff470fc54554a380612d50d68735,2017-10-27T09:35:24.000Z,0.000002612,0x56a331aa13c963f3f57b3e474bf68316bc42c60c,sell,0xde39e5e5a1b0eeb3afe717d6d011cae88d19451e,0xe7d67c127f438788b03dd934edc694e982bb388ba53209b39e87a35ec1598641
202,5213.83710497,0.01361332868107667,0x3e7d005ed164cc1b2066279cf625a0960281dfb2,2017-10-27T09:08:10.000Z,0.000002611,0x73d923358c8def832e4f7d5bc9fddb1ed5920b6a,sell,0xde39e5e5a1b0eeb3afe717d6d011cae88d19451e,0x297dfe67439414ebc58145e2b34a111e30f77f9b5cb9f97d85a33a36eb554606
203,5000,0.013055,0x3e7d005ed164cc1b2066279cf625a0960281dfb2,2017-10-27T08:17:13.000Z,0.000002611,0x6cbe9e69b54fb87cbfdc8cca2cd6e90515d1a36c,sell,0xde39e5e5a1b0eeb3afe717d6d011cae88d19451e,0xae84805a56ee0a6fd3a100032612d5407ed9c93821e6ad08020fb262a2dadbc2
204,5230,0.01569,0x38223b8ebc6d6f404f887df06c334c4702a55711,2017-10-27T06:41:52.000Z,0.000003,0x8b02ca8bbe15163fb25c9e70ee2d9e3b92a1bdd0,buy,0xde39e5e5a1b0eeb3afe717d6d011cae88d19451e,0xf3d7ab36fbe201d1f9aa851232afe2f6dde3fd61f766ff8a7d8e4594e78ae090
205,5230,0.01360323,0xfe4856ea92a3d9fe3691f332cb5344072ac061d1,2017-10-27T04:58:38.000Z,0.000002601,0xed0dea451afeaac5e2808fc9c15d609782d93b99,buy,0xde39e5e5a1b0eeb3afe717d6d011cae88d19451e,0xa1b71a65b57fa8a31731f0767d438bd970c45dfd5d160cf01a7c26948991a56f
206,1993.8191606,0.0051859236367206,0x92987541b36cff470fc54554a380612d50d68735,2017-10-27T03:47:33.000Z,0.000002601,0x7e84a6e7a515f835d3b218a66298c45d623615f8,sell,0xde39e5e5a1b0eeb3afe717d6d011cae88d19451e,0xe90b43be4d71a7de56005dd1b428a2e06b293407b374357a7fffb6c869449aae
207,5213.83710497,0.01356119031002697,0x92987541b36cff470fc54554a380612d50d68735,2017-10-27T03:46:16.000Z,0.000002601,0x85e40d0a9bce02be40187d3e9379507ceade5e97,sell,0xde39e5e5a1b0eeb3afe717d6d011cae88d19451e,0x9cd65a73dce5a9ecca54bd49e7917b3ad35bb8fe3ee464466320612f1596a0d7
208,29.9072874,0.0000777888545274,0x92987541b36cff470fc54554a380612d50d68735,2017-10-27T03:20:20.000Z,0.000002601,0x18f6d6126b5011d716e35270561877f04867a590,sell,0xde39e5e5a1b0eeb3afe717d6d011cae88d19451e,0x13c3851b08f45f3684afd0057ddf822c2e9707c923a2ba5707cf94ab7ecd4f28
209,5000,0.0185,0xd4a2deacd186d082c3746ab06b082e4651a5f343,2017-10-27T02:34:54.000Z,0.0000037,0xd9b8ab82dfc874172df2446dbe213d81a03a2355,buy,0xde39e5e5a1b0eeb3afe717d6d011cae88d19451e,0xf708dd8b33c3bc6160aacbe751560351aef59967282d598b09875613fca10fb0
210,225,0.000585225,0x92987541b36cff470fc54554a380612d50d68735,2017-10-27T01:23:40.000Z,0.000002601,0x35c41897f9d50c7a726394cfe6e6deb6a2c1e133,sell,0xde39e5e5a1b0eeb3afe717d6d011cae88d19451e,0xb711bb95b1cbc11ae4a874f2d8c71f47b705b4adbd76d12a27219ce68232652b
211,5213.83710497,0.01356119031002697,0x92987541b36cff470fc54554a380612d50d68735,2017-10-26T23:07:18.000Z,0.000002601,0x4ed71f278cd62741569a51e3e80f5b6891265d37,sell,0xde39e5e5a1b0eeb3afe717d6d011cae88d19451e,0xe31962344ad8ddefc9a60a655a07dfbac41a810163125df0ae71c55cd8407183
212,1000,0.0039,0xbd56fe45cafbc7b90619e0b14b65a0a2b5c9da39,2017-10-26T20:04:41.000Z,0.0000039,0x678a4e4257aa2a5b2698b2b1f3db5799311a8872,buy,0xde39e5e5a1b0eeb3afe717d6d011cae88d19451e,0x578a71843cbd2584ca0d9f9b0a1d15567c6c3e93d0ae04d382d8238e9cf72862
213,742,0.002597,0x4b0b415ea01924be143a22e60829195f984e1966,2017-10-26T19:20:43.000Z,0.0000035,0xbb8f4ab864e621c1ef82354b3547112ec38221cc,buy,0xde39e5e5a1b0eeb3afe717d6d011cae88d19451e,0xa0f31600ca5bb33a6ac0a8f0ac74361d21539351f9feaceb0cb099a2ff70ff4b
214,2071.806,0.006215418,0xfe4856ea92a3d9fe3691f332cb5344072ac061d1,2017-10-26T19:10:29.000Z,0.000003,0x476e4024213b07d0e37dcfdc196d4b33ff67e39e,sell,0xde39e5e5a1b0eeb3afe717d6d011cae88d19451e,0x3d1b9bc5c2fb07670ae1104e7b3fce8baa103d6d62c4ef0b7b94bf6b6b13951a
215,855.7829218,0.0021403130874218,0x92987541b36cff470fc54554a380612d50d68735,2017-10-26T17:46:53.000Z,0.000002501,0x9036b3ef4ae62f3d887ffd86f9b76f6cd7c60004,sell,0xde39e5e5a1b0eeb3afe717d6d011cae88d19451e,0x93d56ef2fcc3f3183e00e5bfc8688e3abe7ad47b177b1470a2b14d320b070200
216,4358.48868509,0.014383012660797,0xfe4856ea92a3d9fe3691f332cb5344072ac061d1,2017-10-26T17:46:18.000Z,0.0000033,0x9036b3ef4ae62f3d887ffd86f9b76f6cd7c60004,sell,0xde39e5e5a1b0eeb3afe717d6d011cae88d19451e,0xa89ae922c833100cfeea6fd10852151417c90ac060183c6a6f4361221b929ed5
217,5230,0.02092,0xfe4856ea92a3d9fe3691f332cb5344072ac061d1,2017-10-26T14:46:09.000Z,0.000004,0x3954a082d4550f83785e4f4549b10d5c036cfd1a,buy,0xde39e5e5a1b0eeb3afe717d6d011cae88d19451e,0xe2b193d38283402606f62ced7c9f0e704a0ac742a25cabaa3d977575e1238a2c
218,5230,0.021443,0xfe4856ea92a3d9fe3691f332cb5344072ac061d1,2017-10-26T14:46:09.000Z,0.0000041,0x95e27da67ce117a2b95d1dd628e7c26864904fbf,buy,0xde39e5e5a1b0eeb3afe717d6d011cae88d19451e,0x1047c2f73e646a47c14dcbfa6e3341756705e5e2e53fad69bbd0f2885250585b
219,5213.83710497,0.017205662446401,0xfe4856ea92a3d9fe3691f332cb5344072ac061d1,2017-10-26T14:30:27.000Z,0.0000033,0x101abec95a64c1cda04eaa1034247f2a5c1cac90,sell,0xde39e5e5a1b0eeb3afe717d6d011cae88d19451e,0xdf29d352e1628d6709830ea1bf454995929a1999a6f4508d232063398c4b680f
220,5213.83710497,0.017205662446401,0xfe4856ea92a3d9fe3691f332cb5344072ac061d1,2017-10-26T13:58:12.000Z,0.0000033,0x3769815524137a20e6b9abf47e04231ebf5c371c,sell,0xde39e5e5a1b0eeb3afe717d6d011cae88d19451e,0xea86c9c393a200ddb7dd5885903777707a8ccce2462eb3517ccd8b41298028b2
221,5213.83710497,0.017205662446401,0xfe4856ea92a3d9fe3691f332cb5344072ac061d1,2017-10-26T13:56:13.000Z,0.0000033,0xb12221dad518129c645b7b184a93c8e1aea0d10c,sell,0xde39e5e5a1b0eeb3afe717d6d011cae88d19451e,0xd4f5786a5a181efbafae4e3e74c1f44680fe8361f03fc5252956a52b777d552d
222,5230,0.02091477,0xfe4856ea92a3d9fe3691f332cb5344072ac061d1,2017-10-26T13:46:38.000Z,0.000003999,0x84580b51036e01fd1f9c69b70076273655f829b1,buy,0xde39e5e5a1b0eeb3afe717d6d011cae88d19451e,0x9c01a8ef16b028156d07cea6d944eafa3fa232154bf7c36d114d528f262cbd11
223,1534.042,0.0059827638,0xfe4856ea92a3d9fe3691f332cb5344072ac061d1,2017-10-26T13:12:47.000Z,0.0000039,0x678a4e4257aa2a5b2698b2b1f3db5799311a8872,buy,0xde39e5e5a1b0eeb3afe717d6d011cae88d19451e,0xd86aaefc2f8fa38e54705b1ce2c0468b51fc01d9c32809e27f8be1747df81865
224,10000,0.041,0x7fe8d10b80ccf235771a008931e60d8da137a6a3,2017-10-26T13:01:54.000Z,0.0000041,0x678a4e4257aa2a5b2698b2b1f3db5799311a8872,buy,0xde39e5e5a1b0eeb3afe717d6d011cae88d19451e,0xeb28d588b1471dbf0de7405b37fc10619bd623ba95fb084560453e518b798316
225,10000,0.04,0x7fe8d10b80ccf235771a008931e60d8da137a6a3,2017-10-26T13:01:34.000Z,0.000004,0x678a4e4257aa2a5b2698b2b1f3db5799311a8872,buy,0xde39e5e5a1b0eeb3afe717d6d011cae88d19451e,0xf411377279f84626be84b0a0a6028ff117f71ff4dd9db89db305e4548ce4e09f
226,5213.83710497,0.0164235868806555,0x3e7d005ed164cc1b2066279cf625a0960281dfb2,2017-10-26T12:59:05.000Z,0.00000315,0xf75e1b6f5cfa94d6645bd9bd9649e977fa333968,sell,0xde39e5e5a1b0eeb3afe717d6d011cae88d19451e,0x5f6ccfe0ffb980c9486560f3af19e4b75cbe0606a039ff29c906702be54b6d94
227,5213.83710497,0.0164235868806555,0x3e7d005ed164cc1b2066279cf625a0960281dfb2,2017-10-26T12:25:20.000Z,0.00000315,0xbb3dfed3f4d8a7f242ba417071dd78831617dd03,sell,0xde39e5e5a1b0eeb3afe717d6d011cae88d19451e,0xafe643ad9fe8c9c8752ba56b7a8e7659c3dbc229094c6b2a67d108977e97bc0a
228,0.45680127,0.00000178152497031,0xd3c3ea31e739acf05c1b1d665818de818f46762b,2017-10-26T12:24:51.000Z,0.00000390000003789394,0x678a4e4257aa2a5b2698b2b1f3db5799311a8872,buy,0xde39e5e5a1b0eeb3afe717d6d011cae88d19451e,0x1bfb0674dbeea05f01d16111ce7d9ad23567370fdc4ac0d1e2a7e5dfc051527d
229,4467.61924429,0.017870476977169796,0xd3c3ea31e739acf05c1b1d665818de818f46762b,2017-10-26T12:23:52.000Z,0.00000400000000000219,0xbb8f4ab864e621c1ef82354b3547112ec38221cc,buy,0xde39e5e5a1b0eeb3afe717d6d011cae88d19451e,0x7480483d7e886ff8c3087002825a35fb934d07875c97a4acd05bd91ee36cda00
230,5230,0.02039177,0xd3c3ea31e739acf05c1b1d665818de818f46762b,2017-10-26T12:22:45.000Z,0.000003899,0x662160d0201bacbc8ea04709e8f8f724d5efe8ba,buy,0xde39e5e5a1b0eeb3afe717d6d011cae88d19451e,0x88b07934aa795ea4d93be3a42ec9441f666620081f97806f06406a9ae8736037
231,730,0.00280539,0xd3c3ea31e739acf05c1b1d665818de818f46762b,2017-10-26T12:22:02.000Z,0.000003843,0x58b504525a0ef6d048670bc831532c320543f7f8,buy,0xde39e5e5a1b0eeb3afe717d6d011cae88d19451e,0x8df056e75fc0e28fd2893a18a98b5afec25c377d9733a514480beb19e2d65408
232,5230,0.019874,0xd3c3ea31e739acf05c1b1d665818de818f46762b,2017-10-26T12:21:18.000Z,0.0000038,0x7002ce0364a3a941419e67ba820760c843250a41,buy,0xde39e5e5a1b0eeb3afe717d6d011cae88d19451e,0x3ba70a90d0d8c4565bc38b27702b58a869eda9e03c452c909ebcaedf59f2ce4e
233,5230,0.019874,0xd3c3ea31e739acf05c1b1d665818de818f46762b,2017-10-26T12:18:25.000Z,0.0000038,0x081d94e8aeddf9e826cae4942a31661efbce5f8b,buy,0xde39e5e5a1b0eeb3afe717d6d011cae88d19451e,0x0fb00106ad39ddecc41f04abc2ad589882415c5dfde3a8d4d7c7436948f200ca
234,5230,0.019351,0xd3c3ea31e739acf05c1b1d665818de818f46762b,2017-10-26T12:18:07.000Z,0.0000037,0xd2727f87ffa8982cf6a2e951667470e1627563ba,buy,0xde39e5e5a1b0eeb3afe717d6d011cae88d19451e,0xff7ddfd62d3950360c45f59bd2191c9e661674a8e250c67c55499063ac2921ec
235,3402.14273252,0.01105696388069,0xd31fef7b65f64c15000ca8d24a7832846d6d65df,2017-10-26T11:59:37.000Z,0.00000325,0x4c77a7b131587320321270753df31e2ab9ec6d03,sell,0xde39e5e5a1b0eeb3afe717d6d011cae88d19451e,0xff1974aab79047cbab7ec1712d186cad37e693e6f46635517c9a515f5bf88bb0
236,5213.83710497,0.0169449705911525,0xd31fef7b65f64c15000ca8d24a7832846d6d65df,2017-10-26T11:58:55.000Z,0.00000325,0xe5712d1dff0f400f3e9f13c15d74326396fc635b,sell,0xde39e5e5a1b0eeb3afe717d6d011cae88d19451e,0x7bcce885ee882fedd8c9ca414e6be2ab5ad80a3efad1460b7fe9b2676b72d6a9
237,1811.875,0.0059791875,0x588c87a1e7bfff7cc9b047d1e3aed11e44af92cc,2017-10-26T11:58:40.000Z,0.0000033,0x4c77a7b131587320321270753df31e2ab9ec6d03,sell,0xde39e5e5a1b0eeb3afe717d6d011cae88d19451e,0x3cfd72808a23f347d2cffc015b2e244bdf9ae9bf4005209df107d1f5b42a1e96
238,5213.83710497,0.017205662446401,0x588c87a1e7bfff7cc9b047d1e3aed11e44af92cc,2017-10-26T10:28:18.000Z,0.0000033,0x27f272d0233707368a22fd4cbaf6182af3957d8c,sell,0xde39e5e5a1b0eeb3afe717d6d011cae88d19451e,0xaf207e84e1188bdae6720a780cf49f47b23c3a109011fb01b11851189ddabcbf
239,20000,0.068,0xb78b72808847b10ebe88f3603ad5cb8b370dd4bc,2017-10-26T09:35:07.000Z,0.0000034,0x803e560c6a6c848d74ad364242aa52107b985db6,sell,0xde39e5e5a1b0eeb3afe717d6d011cae88d19451e,0x236a4c96a0d4aab966c42e7a3ef727036f700389f5de9101d267fdb9e9db73e6
240,5114.14614694,0.016876682284902,0x588c87a1e7bfff7cc9b047d1e3aed11e44af92cc,2017-10-26T07:57:07.000Z,0.0000033,0x64eee4479bad0fa23310994bc73be4517a0fc425,sell,0xde39e5e5a1b0eeb3afe717d6d011cae88d19451e,0x66ea7b7964e24adf11f8441c91a54781cb4e2939d8c872eea8022e2bd50225eb
241,5213.83710497,0.017205662446401,0x588c87a1e7bfff7cc9b047d1e3aed11e44af92cc,2017-10-26T07:36:16.000Z,0.0000033,0xdd0822f3052e1ea8eee4d970afb4ae5408fbcdcb,sell,0xde39e5e5a1b0eeb3afe717d6d011cae88d19451e,0x6c903b89c6254d232cf09b138709b9cf67ffbe5a860173ba5695aa350d3aa23d
242,5200,0.01924,0xd9b8ab82dfc874172df2446dbe213d81a03a2355,2017-10-26T06:49:17.000Z,0.0000037,0xd347f7b5fab42a04177be02c1f669aab83fae992,buy,0xde39e5e5a1b0eeb3afe717d6d011cae88d19451e,0x20099ed3fe58982eb64ad53ebea24c97ca66fb3b741d29ac51ba725fb8abd937
243,5230,0.017259,0xfe4856ea92a3d9fe3691f332cb5344072ac061d1,2017-10-26T04:39:33.000Z,0.0000033,0xca20aa02b814559fd43f703efb2c308d663c8830,buy,0xde39e5e5a1b0eeb3afe717d6d011cae88d19451e,0xa0506351bdeb69a99befb5e5cfc03be2dd4132db8eab8c43e3672e367ba0d045
244,5213.83710497,0.017205662446401,0x588c87a1e7bfff7cc9b047d1e3aed11e44af92cc,2017-10-26T03:10:01.000Z,0.0000033,0x10cf8dc2dc3d3fdb5f03c3df8ed26ef6294c5444,sell,0xde39e5e5a1b0eeb3afe717d6d011cae88d19451e,0x257ffbd114b84846d371e10ba2be306bd2cecd79266d09d35bb59500dd5b844e
245,5213.83710497,0.017205662446401,0x588c87a1e7bfff7cc9b047d1e3aed11e44af92cc,2017-10-26T02:53:52.000Z,0.0000033,0x7cbf9f7f192c84e93af6e6758bb7b8b5da1c29b5,sell,0xde39e5e5a1b0eeb3afe717d6d011cae88d19451e,0x8d2d187b1ed15646e6156abc04be20de9d8b65c02e34f4c20af4772e341b3ca9
246,5213.83710497,0.017205662446401,0x588c87a1e7bfff7cc9b047d1e3aed11e44af92cc,2017-10-26T02:39:20.000Z,0.0000033,0x8b3117df72155b305dbc8c4f40df6a2b4c06a461,sell,0xde39e5e5a1b0eeb3afe717d6d011cae88d19451e,0x7ffba8852a54c1c7ceaaee0e180a70c89ef740d9e9019e7076e72fc1850718b2
247,11963.28168641,0.039478829565153,0x588c87a1e7bfff7cc9b047d1e3aed11e44af92cc,2017-10-26T01:40:45.000Z,0.0000033,0x713d577c1e2c9cd8181c6fe7d5c1c0c84fbc68b4,sell,0xde39e5e5a1b0eeb3afe717d6d011cae88d19451e,0x0b757d9f975dc0a23aa0f3e9590d9992893b457ef1770b3a49135dc6ac30f77a
248,5213.83710497,0.017205662446401,0x588c87a1e7bfff7cc9b047d1e3aed11e44af92cc,2017-10-26T01:39:20.000Z,0.0000033,0x9bfc3d49e4df2bceefe32c2e6ed93870205cc307,sell,0xde39e5e5a1b0eeb3afe717d6d011cae88d19451e,0x63f7d86c6512d4b1e6e183580f867ad58da676cb10b15654aa63012226dd80c9
249,5213.83710497,0.017205662446401,0x588c87a1e7bfff7cc9b047d1e3aed11e44af92cc,2017-10-26T01:29:55.000Z,0.0000033,0x689107323fdd0062473b8ccb5cb0fc86705814a1,sell,0xde39e5e5a1b0eeb3afe717d6d011cae88d19451e,0x755595a0338133d5d1eda84365be1ff758afc1c0d9ff017017f49731c8d300b9
250,5213.83710497,0.017205662446401,0x588c87a1e7bfff7cc9b047d1e3aed11e44af92cc,2017-10-26T00:38:35.000Z,0.0000033,0xb392a23fc325d36a590ec4962cd5f12e2b382d61,sell,0xde39e5e5a1b0eeb3afe717d6d011cae88d19451e,0xc128e2d3c51a267662dbd9be07f1b10342374c22b8814fb22415537baef40d6c
251,5213.83710497,0.0169449705911525,0xd31fef7b65f64c15000ca8d24a7832846d6d65df,2017-10-26T00:07:08.000Z,0.00000325,0x8ca3c958123fea26dab419e9686f83516e0e66ac,sell,0xde39e5e5a1b0eeb3afe717d6d011cae88d19451e,0x5f611d64b460d162b5997e02b47e83eff45ca9cd1898df86b46fbdf42410ed18
252,8465.50108892,0.03301545424681562,0x572d61f11413b477c83699e3ea311293437d269a,2017-10-25T23:25:19.000Z,0.00000390000000000326,0x678a4e4257aa2a5b2698b2b1f3db5799311a8872,buy,0xde39e5e5a1b0eeb3afe717d6d011cae88d19451e,0x95d0d64b0f3659c2a3365c0f4c186ecdb9d7e56d88b7eda01d6f4c16604d4b98
253,5600,0.0196,0x572d61f11413b477c83699e3ea311293437d269a,2017-10-25T23:22:39.000Z,0.0000035,0x38f5ecbd20276178d8cf7453aab347260c9cdea7,buy,0xde39e5e5a1b0eeb3afe717d6d011cae88d19451e,0x1c6a9c8e22f4426e74149684e5b5530d799211e2968a9cec9e563eebcd2f7f53
254,5213.83710497,0.016162895025407,0xd31fef7b65f64c15000ca8d24a7832846d6d65df,2017-10-25T22:45:08.000Z,0.0000031,0x8a23ef5ec970ffedacba10c65b9d17f3b71d03a1,sell,0xde39e5e5a1b0eeb3afe717d6d011cae88d19451e,0x71805c2d8165c5016ed737f1644013090315ca9208bc0c00313fa192eccd4e8e
255,7000,0.0217,0xd31fef7b65f64c15000ca8d24a7832846d6d65df,2017-10-25T22:38:31.000Z,0.0000031,0xd347f7b5fab42a04177be02c1f669aab83fae992,sell,0xde39e5e5a1b0eeb3afe717d6d011cae88d19451e,0xc4b65b5ad0a69812ff1c7f82203e03b5960bf560618a4ad61858b06da9d9f717
256,5213.83710497,0.016162895025407,0xd31fef7b65f64c15000ca8d24a7832846d6d65df,2017-10-25T22:35:08.000Z,0.0000031,0x913f7e43372774b1be764a2670bd102878c6c314,sell,0xde39e5e5a1b0eeb3afe717d6d011cae88d19451e,0x86d2a1f3c57fdc6004ff6774cfee85a5a1beb5bcfc14786eed82cc6ddf3646a8
257,5213.83710497,0.016162895025407,0xd31fef7b65f64c15000ca8d24a7832846d6d65df,2017-10-25T22:17:15.000Z,0.0000031,0xddea26841324e40393b167937a394c187dd7995b,sell,0xde39e5e5a1b0eeb3afe717d6d011cae88d19451e,0x336ba5e50148e572d2100cdba08d66bbd1cbc54711badda7927c7740e3426db6
258,5213.83710497,0.01564151131491,0xfe4856ea92a3d9fe3691f332cb5344072ac061d1,2017-10-25T21:26:00.000Z,0.000003,0xa403b1b7ede70afe902ae6aaf213d8dd49615d58,sell,0xde39e5e5a1b0eeb3afe717d6d011cae88d19451e,0xb36a0b9162296371004ec6250ce41265f5a86de8660c4f6c7e3292df5885608c
259,5213.83710497,0.01564151131491,0xfe4856ea92a3d9fe3691f332cb5344072ac061d1,2017-10-25T21:21:15.000Z,0.000003,0xe1d09d4871ae9a6166e6274e694d3caef5671319,sell,0xde39e5e5a1b0eeb3afe717d6d011cae88d19451e,0x2fa1de04f65ae160d192701f5dc11e738f4fa5f972e5e95708e4ffce0d079304
260,4600,0.01748,0x09466883d9a41c139ec885476354acdd6e1dcb36,2017-10-25T20:09:59.000Z,0.0000038,0x97ad2d52e8363d7a727fc04849705c1b9d2d61df,buy,0xde39e5e5a1b0eeb3afe717d6d011cae88d19451e,0x1b6467402d07027c9157f965e33c5535f02dbfc343714db1c01a04a66859b612
261,1000,0.0034,0x09466883d9a41c139ec885476354acdd6e1dcb36,2017-10-25T20:09:49.000Z,0.0000034,0x5634fc9a8194fa713558d8962ff7c3d2be45bb2a,buy,0xde39e5e5a1b0eeb3afe717d6d011cae88d19451e,0x7d7465219a1463e4db510d23223eb293bf2c571e4006742b57670a20de3cebc5
262,7000,0.021,0xfe4856ea92a3d9fe3691f332cb5344072ac061d1,2017-10-25T19:36:52.000Z,0.000003,0x38f5ecbd20276178d8cf7453aab347260c9cdea7,sell,0xde39e5e5a1b0eeb3afe717d6d011cae88d19451e,0xc4804a770b7e6510707633925fb83aff63166527c272184d70669c1dd2c83a9e
263,0.51977242,0.00000155931726,0xfe4856ea92a3d9fe3691f332cb5344072ac061d1,2017-10-25T19:22:18.000Z,0.000003,0x9381d0481ded41eb49f18f3066d6db046e290467,sell,0xde39e5e5a1b0eeb3afe717d6d011cae88d19451e,0x04ae3c969900fbec40dd4f9e3b75ba017f146af68733c04ea434ed2578f74e24
264,30500,0.0915,0xfe4856ea92a3d9fe3691f332cb5344072ac061d1,2017-10-25T19:20:51.000Z,0.000003,0x678a4e4257aa2a5b2698b2b1f3db5799311a8872,sell,0xde39e5e5a1b0eeb3afe717d6d011cae88d19451e,0x50ea69d7d3f467e6653de033f108629921c5c9434c96db9a60220237c91dde44
265,5213.83710497,0.016162895025407,0x3e7d005ed164cc1b2066279cf625a0960281dfb2,2017-10-25T19:03:02.000Z,0.0000031,0x5d3ba5db35f772a39b31495eef872a573dfe5a65,sell,0xde39e5e5a1b0eeb3afe717d6d011cae88d19451e,0x3c5a722cd5d7692d8b6ae4c0f960b70cdecffc1c9e4faa642118b88657bd8ff7
266,2300,0.00851,0xfe4856ea92a3d9fe3691f332cb5344072ac061d1,2017-10-25T18:20:20.000Z,0.0000037,0x678a4e4257aa2a5b2698b2b1f3db5799311a8872,buy,0xde39e5e5a1b0eeb3afe717d6d011cae88d19451e,0xe9e2d9753867bc72ffcb5086f6e7f4ef2997c0933d2bb916c76d68a6017ca8af
267,5230,0.016213,0xfe4856ea92a3d9fe3691f332cb5344072ac061d1,2017-10-25T18:16:58.000Z,0.0000031,0x76d4a9bc9612be738a81d0fe632b00b971e2bb9a,buy,0xde39e5e5a1b0eeb3afe717d6d011cae88d19451e,0xb95e7429efbba8c54f831990ccda75dbabe4d4fc76706d536e4132633c17fcc0
268,7700,0.02849,0xf66bdd1d3e936ba74f920cf81338b3418d232fff,2017-10-25T18:12:08.000Z,0.0000037,0x678a4e4257aa2a5b2698b2b1f3db5799311a8872,buy,0xde39e5e5a1b0eeb3afe717d6d011cae88d19451e,0x1c6561f0353591b770cf279c335ad325f3b11af94b1712228c186b5379981863
269,5213.83710497,0.016162895025407,0x3e7d005ed164cc1b2066279cf625a0960281dfb2,2017-10-25T16:48:51.000Z,0.0000031,0x9381d0481ded41eb49f18f3066d6db046e290467,sell,0xde39e5e5a1b0eeb3afe717d6d011cae88d19451e,0x48432c13cf130917a2d174ad5dd4c8b1b9a1d933be2b64d8ee23ce6cc1724582
270,1250,0.004,0xfe4856ea92a3d9fe3691f332cb5344072ac061d1,2017-10-25T16:29:11.000Z,0.0000032,0x97ad2d52e8363d7a727fc04849705c1b9d2d61df,buy,0xde39e5e5a1b0eeb3afe717d6d011cae88d19451e,0xff8bd2607aa166b4a88f37202c4c06a4441ceb238dce22bf3da17902ef4f7c83
271,5230,0.01674123,0xfe4856ea92a3d9fe3691f332cb5344072ac061d1,2017-10-25T16:22:50.000Z,0.000003201,0x718487fb8868640e8ac69774390ef5020da3aea9,buy,0xde39e5e5a1b0eeb3afe717d6d011cae88d19451e,0x032a8ae0b101953c0f987f31b13d419d3089d0b02987dfe57feec14a14bd252a
272,1871.32458735,0.005801106220785,0x3e7d005ed164cc1b2066279cf625a0960281dfb2,2017-10-25T16:15:47.000Z,0.0000031,0x1749bb6e4080ebd7317ce5d8f9fb63fbfe58d27c,sell,0xde39e5e5a1b0eeb3afe717d6d011cae88d19451e,0x25c873c674f76c8d9f5b350d304ec53efd4f9b4491ad46a706a46e716cc991ce
273,3342.84576912,0.01070044930695312,0xfe4856ea92a3d9fe3691f332cb5344072ac061d1,2017-10-25T16:15:07.000Z,0.000003201,0x1749bb6e4080ebd7317ce5d8f9fb63fbfe58d27c,sell,0xde39e5e5a1b0eeb3afe717d6d011cae88d19451e,0xb298e73765e0852f442fceda5fb0e64306c4a265d04aa45780988d4efe7363ca
274,5213.83710497,0.01668949257300897,0xfe4856ea92a3d9fe3691f332cb5344072ac061d1,2017-10-25T16:09:09.000Z,0.000003201,0xace375ee831cf31dcd89ef270b91de53b02620bf,sell,0xde39e5e5a1b0eeb3afe717d6d011cae88d19451e,0xd2ccdc82440f5e67240b52fe1b24cb4fd8463e483049f90f0e5d016f4a6a4d2f
275,5213.83710497,0.01668949257300897,0xfe4856ea92a3d9fe3691f332cb5344072ac061d1,2017-10-25T16:06:10.000Z,0.000003201,0x0769c6dc319efa81f6ad6653f81a8e458df3bdf2,sell,0xde39e5e5a1b0eeb3afe717d6d011cae88d19451e,0xa0890ab79005d5bb6eea5f50864df4b0f00316f7255da6018e02e887ac4caa6e
276,5213.83710497,0.01668949257300897,0xfe4856ea92a3d9fe3691f332cb5344072ac061d1,2017-10-25T15:37:20.000Z,0.000003201,0x6fe7366b25ffb92f643174a6d5729bbaabb9c284,sell,0xde39e5e5a1b0eeb3afe717d6d011cae88d19451e,0xb6dfdc0d31562093badf41eb6894eb9137318d89d6255942715a775eede8b246
277,5213.83710497,0.01668949257300897,0xfe4856ea92a3d9fe3691f332cb5344072ac061d1,2017-10-25T15:36:14.000Z,0.000003201,0x9e00365664411b507aff985ed8e5372353a2106f,sell,0xde39e5e5a1b0eeb3afe717d6d011cae88d19451e,0xebff18f8109724a22ce0864c4155718d4fd0d5067eb0d76bce60fd5b6bee9118
278,5213.83710497,0.01668949257300897,0xfe4856ea92a3d9fe3691f332cb5344072ac061d1,2017-10-25T15:00:22.000Z,0.000003201,0xae2dc168632473910535a5cd5b95fa169fd929b6,sell,0xde39e5e5a1b0eeb3afe717d6d011cae88d19451e,0x0d759b8a25dfc047e3df320d9eed9bf59282eed058014fee35c70cd31fa5662a
279,5213.83710497,0.01668949257300897,0xfe4856ea92a3d9fe3691f332cb5344072ac061d1,2017-10-25T14:43:29.000Z,0.000003201,0x4214397b1538503f86baa563831da1f9653fa7ae,sell,0xde39e5e5a1b0eeb3afe717d6d011cae88d19451e,0xb98c9212b1183e8192c17d51c70a6ce0a6862f8994abcc2bb8e5b4e2578a482b
280,5213.83710497,0.01668949257300897,0xfe4856ea92a3d9fe3691f332cb5344072ac061d1,2017-10-25T14:30:27.000Z,0.000003201,0xfa6c47a59abd678153eb3e30611ccb0c384aa854,sell,0xde39e5e5a1b0eeb3afe717d6d011cae88d19451e,0xe7a6d2649c9e12a8384580bead6045230e26528dcfaaf9f55cc17d16839e4430
281,10160.29449609,0.03252310268198409,0xfe4856ea92a3d9fe3691f332cb5344072ac061d1,2017-10-25T13:37:59.000Z,0.000003201,0xcdd33f58cf447f861af8b55e79b20df38ff855fa,sell,0xde39e5e5a1b0eeb3afe717d6d011cae88d19451e,0xce23cde5b274385214affeae12f3889cb6e887db47e67e29786f3be29f9e5bb6
282,5230,0.016736,0xfe4856ea92a3d9fe3691f332cb5344072ac061d1,2017-10-25T13:37:41.000Z,0.0000032,0xba5bec3f165f1aea16b8a456d941ca404e84dfee,buy,0xde39e5e5a1b0eeb3afe717d6d011cae88d19451e,0x974bda8101a3c552d5fbd94cb58bdfd361b11099664b7a2403bbdad4122f607a
283,5230,0.025104,0x6a82342937003d8b273d605bf78deaebdf756e12,2017-10-25T13:24:26.000Z,0.0000048,0x2adef0a727f1a443d61886981c89136ca866ab33,buy,0xde39e5e5a1b0eeb3afe717d6d011cae88d19451e,0x20140e696c0147f8b587d4f684c0e283f0fd8c09b53eae9bd16ddb58fee7e248
284,5210,0.01042,0xbb8f4ab864e621c1ef82354b3547112ec38221cc,2017-10-25T12:34:59.000Z,0.000002,0x750d586a03ac8b47f582523339f82aa6e8ffeb7d,sell,0xde39e5e5a1b0eeb3afe717d6d011cae88d19451e,0x70d7ce68ae7b862be8ffec880565002eb6b90d98f291210d359f47fd80a97e84
285,5213.83710497,0.0100105672415424,0xd31fef7b65f64c15000ca8d24a7832846d6d65df,2017-10-25T10:46:51.000Z,0.00000192,0xe7d2ac0d53175a43869a366d76a52e81e1a4068c,sell,0xde39e5e5a1b0eeb3afe717d6d011cae88d19451e,0xd41c4cda03609136f71a364b3d3594354921b993049d245555a21a4e616392b0
286,5213.83710497,0.009906290499443,0x9d3aeaca91a54a6b4588d2821ea105521ab0a4d3,2017-10-25T09:52:54.000Z,0.0000019,0x51ced63512eaba7d14b8f39d88f280583dcdb00d,sell,0xde39e5e5a1b0eeb3afe717d6d011cae88d19451e,0x594d11ff8cf4e6e2668ede438e5383dc124074c222e85d84de43bf1cfbd4ca39
287,5230,0.02615,0x97ad2d52e8363d7a727fc04849705c1b9d2d61df,2017-10-25T09:24:07.000Z,0.000005,0x7adc947493b5933e209385a9aff9e4082decf10d,buy,0xde39e5e5a1b0eeb3afe717d6d011cae88d19451e,0x88a1d4648eae627472dce6c2eb2619d6e2f91714a3efb7d70c4b4b967ce5a2ee
288,2500,0.0123575,0x67c0fc4b0490ab7e76c08c2bbd30fac0059bbc7a,2017-10-25T09:04:24.000Z,0.000004943,0x58b504525a0ef6d048670bc831532c320543f7f8,buy,0xde39e5e5a1b0eeb3afe717d6d011cae88d19451e,0x036f0c42f8383adf7fb7bb2157babfe57257d73c2b89d40dda8fedc2f3aa5595
289,5230,0.02092,0x67c0fc4b0490ab7e76c08c2bbd30fac0059bbc7a,2017-10-25T09:04:02.000Z,0.000004,0x56e93558a97a7921daafa3c01888ba9eae7fa364,buy,0xde39e5e5a1b0eeb3afe717d6d011cae88d19451e,0x01437fca68c938ea83cf635df72702e0f7f95b3c07a79396e78c27e1c4326a84
290,3500,0.01505,0x67c0fc4b0490ab7e76c08c2bbd30fac0059bbc7a,2017-10-25T09:04:02.000Z,0.0000043,0x2bb5a5b277181001d4142580b583e8498c419d06,buy,0xde39e5e5a1b0eeb3afe717d6d011cae88d19451e,0x7b34abe3d3bcd65aba539bb2052a4d402479fc5c331465f93ea765cb8cf10036
291,5230,0.01569,0x67c0fc4b0490ab7e76c08c2bbd30fac0059bbc7a,2017-10-25T09:02:49.000Z,0.000003,0xc449f4373158396dbacd1cc2f9c3b47725580813,buy,0xde39e5e5a1b0eeb3afe717d6d011cae88d19451e,0xb36d73e4e13f1fed48cf82c2e717ddf7c865f1fb64ab028f5d4cca851076dd76
292,5230,0.014644,0x67c0fc4b0490ab7e76c08c2bbd30fac0059bbc7a,2017-10-25T08:58:14.000Z,0.0000028,0x37c4048c39d6e6718e478b83a75e92d05575ca2c,buy,0xde39e5e5a1b0eeb3afe717d6d011cae88d19451e,0xf31834fe349c426bd22bc806be368ba5842201177e558373d546fdc5f269950c
293,5230,0.01462308,0x67c0fc4b0490ab7e76c08c2bbd30fac0059bbc7a,2017-10-25T08:57:31.000Z,0.000002796,0xe722d80424379e1de99f050bff9e2ff592b61158,buy,0xde39e5e5a1b0eeb3afe717d6d011cae88d19451e,0xf0da020f9f0a6062e8de9ef6ffce67a7a1ad30528a2f1dc0b535df710b109fef
294,5230,0.014644,0x67c0fc4b0490ab7e76c08c2bbd30fac0059bbc7a,2017-10-25T08:57:31.000Z,0.0000028,0x90e4f41d869ec6f0b73e0e94c096106d2dc0cdf7,buy,0xde39e5e5a1b0eeb3afe717d6d011cae88d19451e,0x7c0946541293bcc9a9bf7a4110b85dea71641ecdf0449390d49cbdf955721cc4
295,5230,0.01461785,0x67c0fc4b0490ab7e76c08c2bbd30fac0059bbc7a,2017-10-25T08:57:31.000Z,0.000002795,0xe15e47535a8bc8a18d41a4d52b78371054a9ac88,buy,0xde39e5e5a1b0eeb3afe717d6d011cae88d19451e,0xa2d1fe4c179d538f34614303ec5013eeb5987880793474ed2d297aff8108df4b
296,5230,0.013075,0x67c0fc4b0490ab7e76c08c2bbd30fac0059bbc7a,2017-10-25T08:57:22.000Z,0.0000025,0xf14acc627349b0fe8737f3d6f0e874f4604c2a7c,buy,0xde39e5e5a1b0eeb3afe717d6d011cae88d19451e,0x2a0353d611b18ffde51d04d5defec64fd3e4e6d1f9d0189eff513ece8c42273d
297,5230,0.013598,0x67c0fc4b0490ab7e76c08c2bbd30fac0059bbc7a,2017-10-25T08:57:22.000Z,0.0000026,0x40068d2eefb8f1dc7f73437d44d306d899edd669,buy,0xde39e5e5a1b0eeb3afe717d6d011cae88d19451e,0x80203bbc56f2d69bad2824644d4b84ead36cab5ab8dd3b632a2e5128da8ae491
298,4000,0.01036,0x67c0fc4b0490ab7e76c08c2bbd30fac0059bbc7a,2017-10-25T08:57:22.000Z,0.00000259,0x5634fc9a8194fa713558d8962ff7c3d2be45bb2a,buy,0xde39e5e5a1b0eeb3afe717d6d011cae88d19451e,0x356fd7f1118d78b9a0104cf4d09b3913dfbd37397c3f4414811b4961581156d1
299,5230,0.011506,0x67c0fc4b0490ab7e76c08c2bbd30fac0059bbc7a,2017-10-25T08:57:22.000Z,0.0000022,0x1749bb6e4080ebd7317ce5d8f9fb63fbfe58d27c,buy,0xde39e5e5a1b0eeb3afe717d6d011cae88d19451e,0x1f8b91b31e81ab91ae8b2a02337b149bea538c50f23ea602a351fcbfaa30dcc5
300,5230,0.0112445,0x67c0fc4b0490ab7e76c08c2bbd30fac0059bbc7a,2017-10-25T08:57:15.000Z,0.00000215,0xacc881c3a171d94f8d441d37326baef97012c396,buy,0xde39e5e5a1b0eeb3afe717d6d011cae88d19451e,0xafdfa9c6db42e52aa460bba6fefd3c9f0ff7f3aaa41528d9012270ca8e3eeb0a
301,5230,0.01123927,0x67c0fc4b0490ab7e76c08c2bbd30fac0059bbc7a,2017-10-25T08:56:51.000Z,0.000002149,0xa428370bc5a37f8a597ccf9a1e0f4d8a2b4ccd61,buy,0xde39e5e5a1b0eeb3afe717d6d011cae88d19451e,0x217f68161774a0736c06e74159430ed42929a45d5644ff049b89c1a2cba78306
302,5230,0.01123404,0x67c0fc4b0490ab7e76c08c2bbd30fac0059bbc7a,2017-10-25T08:51:03.000Z,0.000002148,0x12b65a6296f03a5a984a818664ec98ab20ba4de6,buy,0xde39e5e5a1b0eeb3afe717d6d011cae88d19451e,0xd3b499930f97a8364d30523ccb122e9d86b46834064b660bccb2b7a7715b53e7
303,5230,0.0107215,0x67c0fc4b0490ab7e76c08c2bbd30fac0059bbc7a,2017-10-25T08:48:30.000Z,0.00000205,0x7bfd658356246d6ac3aa4131ebde25f576990362,buy,0xde39e5e5a1b0eeb3afe717d6d011cae88d19451e,0x3a7c07832cd07f70f2f09cb120902bd81492db03cc3768cf0fc3744b6e81ad86
304,15671,0.0329091,0x67c0fc4b0490ab7e76c08c2bbd30fac0059bbc7a,2017-10-25T08:48:30.000Z,0.0000021,0xe03025d59810d073241826f77afb04301fa45012,buy,0xde39e5e5a1b0eeb3afe717d6d011cae88d19451e,0x9f0e76f6dc91e82db9eb98e28d54ab10d1e7b1bcdd53b3cae6c948693637cbcb
305,20000,0.04,0x67c0fc4b0490ab7e76c08c2bbd30fac0059bbc7a,2017-10-25T08:46:27.000Z,0.000002,0x678a4e4257aa2a5b2698b2b1f3db5799311a8872,buy,0xde39e5e5a1b0eeb3afe717d6d011cae88d19451e,0x47db33a4e306bff64c2e95c607ac4c0ff02ac870ab1a2de075baecb18e856dd0
306,5230,0.0101985,0x92987541b36cff470fc54554a380612d50d68735,2017-10-25T08:19:18.000Z,0.00000195,0xbb9c7ac3b0a60bac6233291bdca6d2d91aaf0931,buy,0xde39e5e5a1b0eeb3afe717d6d011cae88d19451e,0xd5f07554eab19f2bf6b0df55c9d119fdb387e07c53f54f9d2e9a620e407ae490
307,5213.83710497,0.009906290499443,0x9d3aeaca91a54a6b4588d2821ea105521ab0a4d3,2017-10-25T08:04:43.000Z,0.0000019,0x26554809c4c63ee939a78edb189d5c4508f8d4b1,sell,0xde39e5e5a1b0eeb3afe717d6d011cae88d19451e,0x901a8b6086022d99279b582204f2f90cdc0bf38da78b30133d110f06459b05bf
308,5213.83710497,0.009906290499443,0x9d3aeaca91a54a6b4588d2821ea105521ab0a4d3,2017-10-25T07:32:09.000Z,0.0000019,0x65bd663927e87fac03c0c501ff7cc81f6f092ff8,sell,0xde39e5e5a1b0eeb3afe717d6d011cae88d19451e,0xd3e75032750acede7062c38ef424c7824b3bbca1bdf53a120581f32e74ee1ca0
309,5213.83710497,0.009906290499443,0x9d3aeaca91a54a6b4588d2821ea105521ab0a4d3,2017-10-25T06:45:18.000Z,0.0000019,0x2f44f41d28eb82547e07abb16096aca2c3c40f84,sell,0xde39e5e5a1b0eeb3afe717d6d011cae88d19451e,0xe4a6c43ed040fa73193de8111b63f2dfee065ac4887203af9926d68608ae3202
310,5213.83710497,0.009906290499443,0x9d3aeaca91a54a6b4588d2821ea105521ab0a4d3,2017-10-25T06:45:03.000Z,0.0000019,0x2f44f41d28eb82547e07abb16096aca2c3c40f84,sell,0xde39e5e5a1b0eeb3afe717d6d011cae88d19451e,0xe4a6c43ed040fa73193de8111b63f2dfee065ac4887203af9926d68608ae3202
311,5212.84019539,0.009904396371241,0x9d3aeaca91a54a6b4588d2821ea105521ab0a4d3,2017-10-25T06:32:55.000Z,0.0000019,0x2429ebff1a4832fcb7a6824e77e1f5bfd5f393fa,sell,0xde39e5e5a1b0eeb3afe717d6d011cae88d19451e,0x6c50a08fda632a35429607db912765894ed756b82a27c4624bb3babe286fc38c
312,5213.83710497,0.009906290499443,0x9d3aeaca91a54a6b4588d2821ea105521ab0a4d3,2017-10-25T06:20:28.000Z,0.0000019,0xceab7249ae5c111762a70ef555003d0c8dc040af,sell,0xde39e5e5a1b0eeb3afe717d6d011cae88d19451e,0x3bb9e146270ca95e3d1e1498a1fa2329fc806e8c97d5eefa81d853ddd7fd2b0e
313,5213.83710497,0.009906290499443,0x9d3aeaca91a54a6b4588d2821ea105521ab0a4d3,2017-10-25T06:06:57.000Z,0.0000019,0x06e07a9c2cd37c3dff049953c594b99599529459,sell,0xde39e5e5a1b0eeb3afe717d6d011cae88d19451e,0x78d06ca48e119653a5802dc3cdf1d77b06f886b4512f268ba35279d0c718c697
314,15554.78018143,0.027998604326574,0x7e1e88f8b509f9cf701d309f56aae0e3ca6bb266,2017-10-25T00:32:19.000Z,0.0000018,0x2796d9139f6d44f3294f9bd5fa135348c786adb9,sell,0xde39e5e5a1b0eeb3afe717d6d011cae88d19451e,0x04bcf707bcedf8df1dcb01a38e96ce9b8a4f14a8f7ef4a2908dff279fbd9a7c2
315,5213.83710497,0.009384906788946,0x7e1e88f8b509f9cf701d309f56aae0e3ca6bb266,2017-10-24T23:56:27.000Z,0.0000018,0xa8759794f4228712d36297f9ca59368d587657d5,sell,0xde39e5e5a1b0eeb3afe717d6d011cae88d19451e,0x5b186d6c3454ebee300a6037e4f846c9f12eec1a2a44a3532f20cd31c764f4e5
316,5230,0.01045477,0x38f5ecbd20276178d8cf7453aab347260c9cdea7,2017-10-24T23:06:57.000Z,0.000001999,0x1d739d7ee5fe4c5cdc815a4023de117c928519e0,buy,0xde39e5e5a1b0eeb3afe717d6d011cae88d19451e,0x2513d1a6a5da268a8cf4dba7851845f67c8943915e21fc5a8f38067898f95ac0
317,5230,0.01044954,0x38f5ecbd20276178d8cf7453aab347260c9cdea7,2017-10-24T23:04:23.000Z,0.000001998,0x4e5f739f93b9a51be0ccc2ae86916b081d1206ae,buy,0xde39e5e5a1b0eeb3afe717d6d011cae88d19451e,0xeec1cc6b94ebc9a41b150eb94050a5f0cd2613d4835743effb2c9ecfc0bb6c89
318,2214.13617784,0.0040075864818904,0x082b53c60797af3ecdcb072a57b7bcbc1729bceb,2017-10-24T22:40:06.000Z,0.00000181,0xa9770b7abcaa479e68298e46ae58aef2f601ab37,sell,0xde39e5e5a1b0eeb3afe717d6d011cae88d19451e,0x9eb3933a61d14f81536f86ce5b66ce1419aaa3b3be94883f245e6599211245c6
319,3000,0.005997,0x8cccced3deee5208462e9bcc6e4d3529cebbf9c7,2017-10-24T22:37:24.000Z,0.000001999,0xa9770b7abcaa479e68298e46ae58aef2f601ab37,sell,0xde39e5e5a1b0eeb3afe717d6d011cae88d19451e,0x5edc2810420e34377df6dfa4a59c39041cc75d73dd74176217d9dd13e0c19bf5
320,214.33555976,0.00038816169872536,0x138af7a30c7b4ac9afb8c05eea7dc08f41a5c2f1,2017-10-24T19:15:54.000Z,0.000001811,0xe721ad21cc6a69080475aab2c6bc4f58fab19db8,sell,0xde39e5e5a1b0eeb3afe717d6d011cae88d19451e,0x2754ee44ef2cf1db6bbc0f46fcab30df77bed43d17179527b2a25529ef97f843
321,5000,0.0095,0x92987541b36cff470fc54554a380612d50d68735,2017-10-24T19:12:25.000Z,0.0000019,0xe721ad21cc6a69080475aab2c6bc4f58fab19db8,sell,0xde39e5e5a1b0eeb3afe717d6d011cae88d19451e,0x992cb908f14178f9ae6bb06b2a0f1b761eb9c7caab073a18d38344da1d62f658
322,2295.70042174,0.004579922341389227,0x572d61f11413b477c83699e3ea311293437d269a,2017-10-24T18:13:54.000Z,0.0000019950000000078,0x0ffeb241a155c85420704efa283e4b440943d613,buy,0xde39e5e5a1b0eeb3afe717d6d011cae88d19451e,0xa5d5c4c162aa5472395816756adcd994e6dc135c49ca359bbf309f29553ca0ab
323,5229.80174881,0.010459603497633063,0x572d61f11413b477c83699e3ea311293437d269a,2017-10-24T18:05:14.000Z,0.00000200000000000249,0x34d4ecd77d6378ebdda1c62a38881e4587109181,buy,0xde39e5e5a1b0eeb3afe717d6d011cae88d19451e,0x5fb9ad71f8e784aabd9e450ad0f27f786268feeceaceef36189ef32d0984fca4
324,2500,0.0049875,0xf66bdd1d3e936ba74f920cf81338b3418d232fff,2017-10-24T16:07:26.000Z,0.000001995,0x0ffeb241a155c85420704efa283e4b440943d613,buy,0xde39e5e5a1b0eeb3afe717d6d011cae88d19451e,0xe1825435b3b4922dfaa0b77b7869153ed1318eb1c46d93f4dee0b57151972373
325,5230,0.009937,0xd9b8ab82dfc874172df2446dbe213d81a03a2355,2017-10-24T16:05:00.000Z,0.0000019,0x034418745b0d5db25f40359d5afadb3fdff46710,buy,0xde39e5e5a1b0eeb3afe717d6d011cae88d19451e,0x813e34e6130ec4f5d016191d1090fef8365a9c616ebd26ed8957f42a7138ff06
326,5443.12630844,0.009797627355192,0x7e1e88f8b509f9cf701d309f56aae0e3ca6bb266,2017-10-24T15:29:34.000Z,0.0000018,0x4dca30bcc9c9db4408141cd67b1515e689f546d8,sell,0xde39e5e5a1b0eeb3afe717d6d011cae88d19451e,0x4ca50ac54ce372f5fb98649d6f7d2d2998f44773cf4ef4c3d1525d954d8b72e5
327,0.19825118,0.000000396502366938,0xa7078d684b2f492fbb2c81bd8278b20b83c649a6,2017-10-24T14:15:17.000Z,0.000002000000034996,0x34d4ecd77d6378ebdda1c62a38881e4587109181,buy,0xde39e5e5a1b0eeb3afe717d6d011cae88d19451e,0x5aa08531c87d10cec466119c67e0f00492b35eca07d8f17bfac903dffa3623d4
328,5213.83710497,0.009384906788946,0x7e1e88f8b509f9cf701d309f56aae0e3ca6bb266,2017-10-24T14:03:20.000Z,0.0000018,0x78e427d9a3e8bf9a62897e3428ea1530ba2ac0ab,sell,0xde39e5e5a1b0eeb3afe717d6d011cae88d19451e,0xcb3e9efd0e1000a6f2d28adf3de19916327945d15cfc5771b6ab26c9d63e4807
329,0.51977242,0.0000009407880802,0x082b53c60797af3ecdcb072a57b7bcbc1729bceb,2017-10-24T12:10:15.000Z,0.00000181,0xd474af8d5da4b92b51f674b937387a587a39a1a5,sell,0xde39e5e5a1b0eeb3afe717d6d011cae88d19451e,0xd77b87dec0ec1106441d074da51eb794232962f848e21463be09667cf9152f05
330,5213.83710497,0.0094370451599957,0x082b53c60797af3ecdcb072a57b7bcbc1729bceb,2017-10-24T11:41:10.000Z,0.00000181,0xd474af8d5da4b92b51f674b937387a587a39a1a5,sell,0xde39e5e5a1b0eeb3afe717d6d011cae88d19451e,0x33aa7b01231878a22a0e812f46eb9fb16abd7e2cf402a84f17788dad2d5d607d
331,5213.83710497,0.0094370451599957,0x082b53c60797af3ecdcb072a57b7bcbc1729bceb,2017-10-24T11:33:37.000Z,0.00000181,0xe677e2d5b13f03642f45df4e84720bd6a2a63073,sell,0xde39e5e5a1b0eeb3afe717d6d011cae88d19451e,0x90fd05a06662b4dde62014b1630c939e7f71b2b80cc31d1433e6aca29edbea33
332,5213.83710497,0.0094370451599957,0x082b53c60797af3ecdcb072a57b7bcbc1729bceb,2017-10-24T10:52:52.000Z,0.00000181,0x59a9ead96920756b16bae809ca2b3ea92c998438,sell,0xde39e5e5a1b0eeb3afe717d6d011cae88d19451e,0x3be02cd10621f1a66756770d76779e50e571b84991f8b2a5e0a217e02a2a8478
333,3000,0.0057,0xd9b8ab82dfc874172df2446dbe213d81a03a2355,2017-10-24T10:46:58.000Z,0.0000019,0xfd2042d94da8ba503a46591cf2022e0d45dbcbc5,sell,0xde39e5e5a1b0eeb3afe717d6d011cae88d19451e,0xe9b5352ae92af0b463699b47fd4334f5b8139f8db6c4a08101149fb3a111cfd9
334,20000,0.0362,0x082b53c60797af3ecdcb072a57b7bcbc1729bceb,2017-10-24T10:31:36.000Z,0.00000181,0xd9b8ab82dfc874172df2446dbe213d81a03a2355,sell,0xde39e5e5a1b0eeb3afe717d6d011cae88d19451e,0x02fc6155cfb3d11bd65dcc4944d5bf1f9daa77da31e172389202d1295ba99a57
335,5213.83710497,0.0094370451599957,0x082b53c60797af3ecdcb072a57b7bcbc1729bceb,2017-10-24T10:22:29.000Z,0.00000181,0x38c211219107969dbb99a761f9f01e28beb4355e,sell,0xde39e5e5a1b0eeb3afe717d6d011cae88d19451e,0x2f55b4bd686e292df1c9e6161d25d59c945c096f778f0c2b677dbcb87e2dc6e6
336,5230,0.013598,0xd9b8ab82dfc874172df2446dbe213d81a03a2355,2017-10-24T09:49:29.000Z,0.0000026,0x62f4b46a6fedba2fcfebfbe9d2190cca522364f1,buy,0xde39e5e5a1b0eeb3afe717d6d011cae88d19451e,0xc209e74282afb0bce76a34202955be3fe2f7e7e036978480a6ce9361d693ee54
337,5230,0.013075,0xd9b8ab82dfc874172df2446dbe213d81a03a2355,2017-10-24T09:47:57.000Z,0.0000025,0x0a7c759c68df05d622d8969a564b002787d9a778,buy,0xde39e5e5a1b0eeb3afe717d6d011cae88d19451e,0xe4debf3b178fcdb6b77a7e7b936919739727b928db3e2884e32938d3082e2b66
338,5230,0.010983,0xd9b8ab82dfc874172df2446dbe213d81a03a2355,2017-10-24T09:47:57.000Z,0.0000021,0x6f253fbe6bd605ec6ece281ffccedf37fbff0079,buy,0xde39e5e5a1b0eeb3afe717d6d011cae88d19451e,0xe6a525bebc0bfad7adf88210479c381bb40808e00aa9fd2a026633dc4103f466
339,5213.83710497,0.0094370451599957,0x082b53c60797af3ecdcb072a57b7bcbc1729bceb,2017-10-24T09:43:34.000Z,0.00000181,0x3d1a34f9154dae80d8f6655c14f0f0b59757fd2f,sell,0xde39e5e5a1b0eeb3afe717d6d011cae88d19451e,0xa68552306c9a072cd98e393a4bfd540f659d6fe8ef7f152846a3d9436ce5f2c1
340,10427.67420994,0.0188740903199914,0x082b53c60797af3ecdcb072a57b7bcbc1729bceb,2017-10-24T09:20:46.000Z,0.00000181,0x4ef1be87d95abfc25b1d4d5b8c20af7225ce3b48,sell,0xde39e5e5a1b0eeb3afe717d6d011cae88d19451e,0x6b310b051c501314938962b3d811df51197e28d1cf80b3c8299ca4939320b535
341,5210,0.0094301,0x082b53c60797af3ecdcb072a57b7bcbc1729bceb,2017-10-24T09:08:21.000Z,0.00000181,0xaec280d467b77b277f41e76872146ed560325fec,sell,0xde39e5e5a1b0eeb3afe717d6d011cae88d19451e,0x5dd18a91055b12954d92f6843d729150760013b3ba7685eae4720c9282f536ad
342,29427.73126564,0.0532641935908084,0x082b53c60797af3ecdcb072a57b7bcbc1729bceb,2017-10-24T07:24:48.000Z,0.00000181,0x478f7903d4060636d12fb17e918b4004289d7d25,sell,0xde39e5e5a1b0eeb3afe717d6d011cae88d19451e,0xeb6ac29dd44b57c209806c8014f0bab6734c7bf2c2073663ad9641563be9e94e
343,189572.32579006,0.360187419001114,0x7e1e88f8b509f9cf701d309f56aae0e3ca6bb266,2017-10-24T07:21:28.000Z,0.0000019,0x478f7903d4060636d12fb17e918b4004289d7d25,sell,0xde39e5e5a1b0eeb3afe717d6d011cae88d19451e,0x3ef91e5f2aebaff6b8f28345c17735bf7d6386d688e654a7bdc6e92bbf8920ec
344,5213.83710497,0.009906290499443,0x7e1e88f8b509f9cf701d309f56aae0e3ca6bb266,2017-10-24T05:52:57.000Z,0.0000019,0x6e4bff5cd7c26c210bab952e1d6d1dc21d59c6ba,sell,0xde39e5e5a1b0eeb3afe717d6d011cae88d19451e,0xe2b25a982e9564d259b519d70d214333e1ae3e00e0ada6152f25c4e3143f6647
345,5213.83710497,0.009906290499443,0x7e1e88f8b509f9cf701d309f56aae0e3ca6bb266,2017-10-24T05:12:38.000Z,0.0000019,0xffd03d5ce7c6aa21a64d5d027d88e48d441cb3d4,sell,0xde39e5e5a1b0eeb3afe717d6d011cae88d19451e,0x2a7e1383ca86a2ca7662d55c9c3397cea18d928fa8d1607824871b9a77c104c9
346,5213.83710497,0.0094370451599957,0x082b53c60797af3ecdcb072a57b7bcbc1729bceb,2017-10-24T04:44:54.000Z,0.00000181,0x3423b8bb1bc7776465adfbcaf8c8ffd1ea0b06e6,sell,0xde39e5e5a1b0eeb3afe717d6d011cae88d19451e,0x06423ef907b32499fd1b3be70f1c979ef6b1302984d2c05d7027b069e9d4f0b5
347,5230,0.011506,0x06c6fea19f72ffeccb0326805b723ae3cae131ca,2017-10-24T04:17:45.000Z,0.0000022,0x5055c528b57aa9e48776e557b42f8105154d3f7c,buy,0xde39e5e5a1b0eeb3afe717d6d011cae88d19451e,0x2aac4a5ac8c5e1634986e51c0283d553a276119a7212e9f0c62f377f5e2084d5
348,5230,0.010983,0x06c6fea19f72ffeccb0326805b723ae3cae131ca,2017-10-24T04:10:22.000Z,0.0000021,0x54d5ce24863dcbc8df067801f7a6796145a5f1d0,buy,0xde39e5e5a1b0eeb3afe717d6d011cae88d19451e,0xfc62d74a0e7278cfce0ddff8cc940ee50b869c5810c5314cdfe2b1e1912805ee
349,2730,0.005733,0x06c6fea19f72ffeccb0326805b723ae3cae131ca,2017-10-24T04:10:22.000Z,0.0000021,0x44b36d18bc418faa25505328d8b45a9cd7bc9413,buy,0xde39e5e5a1b0eeb3afe717d6d011cae88d19451e,0xba705267a9f4d8176115769ffd131335abd077b3fba11af2dc6265536eca7bef
350,5213.83710497,0.0094370451599957,0x082b53c60797af3ecdcb072a57b7bcbc1729bceb,2017-10-24T02:14:28.000Z,0.00000181,0x87b53f4d4cb88a808504f2d4c13b93bfaf7510b6,sell,0xde39e5e5a1b0eeb3afe717d6d011cae88d19451e,0xae98a40c3265dc6e02a318704ff923a595a73c9d8cc0fbcc5fbe3838d2da9f18
351,5213.83710497,0.0094370451599957,0x082b53c60797af3ecdcb072a57b7bcbc1729bceb,2017-10-24T01:54:51.000Z,0.00000181,0x39ec3d6a883e0a8f20aea25947857aea1442ff85,sell,0xde39e5e5a1b0eeb3afe717d6d011cae88d19451e,0x63dc739ecb55d90ad52cb0452c1fd1b2e4310aabf802b54cb11c91502b33ddfa
352,5213.83710497,0.0094370451599957,0x082b53c60797af3ecdcb072a57b7bcbc1729bceb,2017-10-24T01:49:47.000Z,0.00000181,0x846007118f4183b04fb53a3cffa9d42a66e3b669,sell,0xde39e5e5a1b0eeb3afe717d6d011cae88d19451e,0xe608bc5d9529484591893fbc28381c84d0ef10a81ff2ea0d12c78a7809f666af
353,5213.83710497,0.0094370451599957,0x082b53c60797af3ecdcb072a57b7bcbc1729bceb,2017-10-24T01:07:28.000Z,0.00000181,0xf48fb69a6e554ec8e1636d4e55b0d5143a6714fd,sell,0xde39e5e5a1b0eeb3afe717d6d011cae88d19451e,0x77a37405ef9346127c1345cc585f1bbba2746d761a90eabb17b59263cbb3b7f5
354,5213.83710497,0.0094370451599957,0x082b53c60797af3ecdcb072a57b7bcbc1729bceb,2017-10-23T23:42:45.000Z,0.00000181,0xdb5fae9f8ddd9c502cd432b4640b6a12ffdfd02f,sell,0xde39e5e5a1b0eeb3afe717d6d011cae88d19451e,0x6dead0f507fdfd0e29edc3bac015499fd4a4611bf5058ab84aee14186f8bcddb
355,5600,0.010136,0x082b53c60797af3ecdcb072a57b7bcbc1729bceb,2017-10-23T22:38:31.000Z,0.00000181,0xcdd33f58cf447f861af8b55e79b20df38ff855fa,sell,0xde39e5e5a1b0eeb3afe717d6d011cae88d19451e,0xcfa7f8a85314007fd9c3c6d44a25e0d457837f3f58863f3811549481fb64fbd6
356,2500,0.00525,0xd9b8ab82dfc874172df2446dbe213d81a03a2355,2017-10-23T22:27:32.000Z,0.0000021,0x44b36d18bc418faa25505328d8b45a9cd7bc9413,buy,0xde39e5e5a1b0eeb3afe717d6d011cae88d19451e,0x19568340a55ef998d885cb9d123ae9c80ad3d7baeced2a0f151869c4e36744fa
357,15000,0.02715,0x082b53c60797af3ecdcb072a57b7bcbc1729bceb,2017-10-23T22:26:47.000Z,0.00000181,0xd9b8ab82dfc874172df2446dbe213d81a03a2355,sell,0xde39e5e5a1b0eeb3afe717d6d011cae88d19451e,0xcd02ebaa4d7769b85b9bf542daa35f80f3236813131705ceb69af92e61f8b9f9
358,1000,0.0021,0x8cccced3deee5208462e9bcc6e4d3529cebbf9c7,2017-10-23T22:26:47.000Z,0.0000021,0xd9b8ab82dfc874172df2446dbe213d81a03a2355,sell,0xde39e5e5a1b0eeb3afe717d6d011cae88d19451e,0x7cc62406c95be9a9e5fd8d884559951d19070645514d4923534d62eb17e6176b
359,5000,0.007,0x7e1e88f8b509f9cf701d309f56aae0e3ca6bb266,2017-10-23T21:43:49.000Z,0.0000014,0x307e1218e7b34a16afa587e405c953299b25894e,sell,0xde39e5e5a1b0eeb3afe717d6d011cae88d19451e,0xa3a1a150be9945dcc877ccf3a3091d3da360e3ba166b6ecc518e81a63e224387
360,5213.83710497,0.0094370451599957,0x082b53c60797af3ecdcb072a57b7bcbc1729bceb,2017-10-23T21:08:35.000Z,0.00000181,0xaf711adb6b0699ef56d92d689c344a62858677f5,sell,0xde39e5e5a1b0eeb3afe717d6d011cae88d19451e,0xbe3ecbe04ba250ecf08747e9ba673694a8743b238f6bfb8fafc3cdb7df4c1968
361,5230,0.01046,0xd9b8ab82dfc874172df2446dbe213d81a03a2355,2017-10-23T19:53:44.000Z,0.000002,0x813bbcd22e22d3b33e6fae02e284123c175b12c3,buy,0xde39e5e5a1b0eeb3afe717d6d011cae88d19451e,0x8d5a54097581bb98c220d7eae07775831387bf335ec8fb318df0c3756653a32d
362,10000,0.0235,0xd9b8ab82dfc874172df2446dbe213d81a03a2355,2017-10-23T19:53:44.000Z,0.00000235,0x2bb5a5b277181001d4142580b583e8498c419d06,buy,0xde39e5e5a1b0eeb3afe717d6d011cae88d19451e,0x0055d122f62d5ebabc07fad6c72bd5dcab8131bf7c2b417fa1d9c98e6e950d15
363,5213.83710497,0.0094370451599957,0x082b53c60797af3ecdcb072a57b7bcbc1729bceb,2017-10-23T19:45:32.000Z,0.00000181,0x08289cf66354969aae72a0f9429da54cb4c23b84,sell,0xde39e5e5a1b0eeb3afe717d6d011cae88d19451e,0xec97ccd14bbfbb8fda8c063226f8cf6d4d2c9a7d364af5bb3b5d926649068b38
364,5230,0.0121859,0xd9b8ab82dfc874172df2446dbe213d81a03a2355,2017-10-23T19:35:31.000Z,0.00000233,0x1ac30ada5f3039116d799e19ba6bf0ade5791f4f,buy,0xde39e5e5a1b0eeb3afe717d6d011cae88d19451e,0x6c7e2fa68bc0f5b39f51fe31f2896096aa14666ce7b513ea8fa45ac7aee88090
365,5200,0.009412,0x082b53c60797af3ecdcb072a57b7bcbc1729bceb,2017-10-23T18:47:37.000Z,0.00000181,0x67c57c24e34d77c6a37a08b3d478cc731c027229,sell,0xde39e5e5a1b0eeb3afe717d6d011cae88d19451e,0xac87aa629d7df599d9ec10985d28b69a4c207447417a87a965125d661cc3ec16
366,1190,0.002618,0xfe4856ea92a3d9fe3691f332cb5344072ac061d1,2017-10-23T18:17:02.000Z,0.0000022,0x2bb5a5b277181001d4142580b583e8498c419d06,buy,0xde39e5e5a1b0eeb3afe717d6d011cae88d19451e,0x6145d5a2069c880edaad2ae982f3fc63352d46280a53b9e7b8c2ffff38270893
367,4500,0.0099,0xf66bdd1d3e936ba74f920cf81338b3418d232fff,2017-10-23T18:09:58.000Z,0.0000022,0x2bb5a5b277181001d4142580b583e8498c419d06,buy,0xde39e5e5a1b0eeb3afe717d6d011cae88d19451e,0xda6b962b730ce57cc6afcf3ab56f8156fe895229924dc642bcbe8e022916f279
368,5213.83710497,0.0094370451599957,0x082b53c60797af3ecdcb072a57b7bcbc1729bceb,2017-10-23T18:09:58.000Z,0.00000181,0xf1324968aa42b0aa4fd7fe3b70f7457b4e37d0c6,sell,0xde39e5e5a1b0eeb3afe717d6d011cae88d19451e,0x511d3ac95007280954cf2e70219f7cabbd4bcf890d75ac59d02a6f9050f7df87
369,5230,0.009937,0xfe4856ea92a3d9fe3691f332cb5344072ac061d1,2017-10-23T17:11:10.000Z,0.0000019,0x5c9cab2e4cdde80f194a30e3332d13212f925066,buy,0xde39e5e5a1b0eeb3afe717d6d011cae88d19451e,0x4b42c777442b500fec4c350444550f9930a798b5cd26d3ad3129c6e7acb4bc83
370,5213.83710497,0.0094370451599957,0x082b53c60797af3ecdcb072a57b7bcbc1729bceb,2017-10-23T16:56:46.000Z,0.00000181,0x8b66b08ad8c2e9e7177751302edcfe7892726d38,sell,0xde39e5e5a1b0eeb3afe717d6d011cae88d19451e,0x472884104f195cf285a8f5c6d5fc8522374b4c2d8e276d16b6e7fb651eba29a5
371,7382.22444511,0.0133618262456491,0x082b53c60797af3ecdcb072a57b7bcbc1729bceb,2017-10-23T16:55:49.000Z,0.00000181,0xe7ac4b81e00ec85d1ddd448fd7b640d62bb2e7c4,sell,0xde39e5e5a1b0eeb3afe717d6d011cae88d19451e,0x68cb44de3d4d3e04877bff42a1784eb4a9e4ed728b3732f09d0c361892510bbc
372,5213.83710497,0.0094370451599957,0x082b53c60797af3ecdcb072a57b7bcbc1729bceb,2017-10-23T15:35:31.000Z,0.00000181,0xc4437d1c0d9e0a9e935cf31a5e36df9d51be21ef,sell,0xde39e5e5a1b0eeb3afe717d6d011cae88d19451e,0xce1e80c61df3b07678d49abcf9bd18bede1b33880bbc11bc3bdeb0fefd70f72b
373,15641.85465193,0.0283117569199933,0x082b53c60797af3ecdcb072a57b7bcbc1729bceb,2017-10-23T15:09:27.000Z,0.00000181,0x0c16bc745fde16093d73b7544d5bf30a1341b796,sell,0xde39e5e5a1b0eeb3afe717d6d011cae88d19451e,0xb459be06c4fdc6c447c7f8764ea02051b12fc1232afe1bea4ef60d7d7c1c4f5d
374,200000,0.38,0x082b53c60797af3ecdcb072a57b7bcbc1729bceb,2017-10-23T14:52:21.000Z,0.0000019,0x082b53c60797af3ecdcb072a57b7bcbc1729bceb,sell,0xde39e5e5a1b0eeb3afe717d6d011cae88d19451e,0x8d5c4867acffb7603ff7576398957bf0e0da8ef03aa3d23fa4d5ec5fed12e1d7
375,1166.67207341,0.002100009732138,0x7e1e88f8b509f9cf701d309f56aae0e3ca6bb266,2017-10-23T14:44:08.000Z,0.0000018,0xf82c7c1503a06fcf927ee401a7b868bf067715f8,sell,0xde39e5e5a1b0eeb3afe717d6d011cae88d19451e,0x934fe8c01ca6ed317f26a2c32818e92c5861b861620b97f8803e69682e097dcb
376,184458.17964312,0.308967450902226,0x082b53c60797af3ecdcb072a57b7bcbc1729bceb,2017-10-23T14:17:18.000Z,0.000001675,0x082b53c60797af3ecdcb072a57b7bcbc1729bceb,sell,0xde39e5e5a1b0eeb3afe717d6d011cae88d19451e,0x39528e920935df43db09fae12a8c14aef11ca21f9dcfa2d8819f083558ffb19c
