,amount,amountBase,buyer,date,price,seller,side,tokenAddr,txHash
0,2000000,0.34,0x40dd1b6e5e7a5107b4b43e2b1f3aedac2ebe725e,2017-11-02T15:38:42.000Z,0.00000017,0x39e6bc7e394a5536295d5b1e0c8e7f85da634926,sell,0xeb2da9fac54284cea731d1f10bb34eecb3c00c14,0x4d9c104cc94f2b6f8e946e2e5a3b31592e038badeaf9681305508bd60577dd2d
1,1000000,0.181,0x4b0925f7776c00378f9556fcd4b3aaf3efe0013f,2017-11-02T15:28:19.000Z,0.000000181,0x40dd1b6e5e7a5107b4b43e2b1f3aedac2ebe725e,sell,0xeb2da9fac54284cea731d1f10bb34eecb3c00c14,0xec2c25e0ea67e86ba78a55dadab477dfd6d20a7db71e4a86c70d2bcbb1878edd
2,1500.00000000015,0.0005,0x4fda9e6bcd83af6c5cc771b5d20accc2b7720074,2017-11-02T14:12:34.000Z,0.0000003333333333333,0x40dd1b6e5e7a5107b4b43e2b1f3aedac2ebe725e,buy,0xeb2da9fac54284cea731d1f10bb34eecb3c00c14,0x5a3e29402b5dc4276a9abc1de876443af6f6d13de4d2865f45bd23689594124e
3,200000,0.06666666666666,0xe407e650ef934008d203a06bc0cbb4c50cf619ff,2017-11-02T14:04:11.000Z,0.0000003333333333333,0x40dd1b6e5e7a5107b4b43e2b1f3aedac2ebe725e,buy,0xeb2da9fac54284cea731d1f10bb34eecb3c00c14,0x6a97bb828f86d85774ebd0c1cc0fe9085dc0b16a7aa0f9126c32ccc3c2c9be0f
4,1500.00000000015,0.0005,0x3075f7f189912f4f425dd7021b9c396434197477,2017-11-02T13:58:31.000Z,0.0000003333333333333,0x40dd1b6e5e7a5107b4b43e2b1f3aedac2ebe725e,buy,0xeb2da9fac54284cea731d1f10bb34eecb3c00c14,0xec9e631438b05191caa06c8dc11460091fd6e6ddac8333b9efb9bbd819e4ae28
5,10000,0.00345,0xc0998c780e0e3c13791c5a32721380d4b8e4c105,2017-11-02T12:43:50.000Z,0.000000345,0x4b0925f7776c00378f9556fcd4b3aaf3efe0013f,buy,0xeb2da9fac54284cea731d1f10bb34eecb3c00c14,0x1a02daa546037c27ecf933c5f790db7324852edd7c749db23795712e8f6daae6
6,10000,0.00345,0xdbbae39c54992479faac890e81eb4d8579b951d6,2017-11-02T08:43:50.000Z,0.000000345,0x40dd1b6e5e7a5107b4b43e2b1f3aedac2ebe725e,buy,0xeb2da9fac54284cea731d1f10bb34eecb3c00c14,0xeec6a577ad82e09ca8e1f287e2de60a58593c3685868610a80b9379f19929a1f
7,50000,0.01725,0xe407e650ef934008d203a06bc0cbb4c50cf619ff,2017-11-02T07:04:17.000Z,0.000000345,0x40dd1b6e5e7a5107b4b43e2b1f3aedac2ebe725e,buy,0xeb2da9fac54284cea731d1f10bb34eecb3c00c14,0xe14e8f711d483712f33f6d6cba7ae9b8a687cf098e6a310221b51922db14cf43
8,400000,0.14,0xe407e650ef934008d203a06bc0cbb4c50cf619ff,2017-11-02T07:00:07.000Z,0.00000035,0x40dd1b6e5e7a5107b4b43e2b1f3aedac2ebe725e,buy,0xeb2da9fac54284cea731d1f10bb34eecb3c00c14,0x3759022f16e01ced3d702e88cfd8c98d537c74a224cea95be0f9c4465d7e0936
9,5000,0.00175,0xe407e650ef934008d203a06bc0cbb4c50cf619ff,2017-11-02T06:58:55.000Z,0.00000035,0x40dd1b6e5e7a5107b4b43e2b1f3aedac2ebe725e,buy,0xeb2da9fac54284cea731d1f10bb34eecb3c00c14,0x0dfec0852442a11cf196a23fbe2a006cc264912901f7dbbbd834fe677d280c91
10,4450000,0.7565,0x40dd1b6e5e7a5107b4b43e2b1f3aedac2ebe725e,2017-11-02T06:39:59.000Z,0.00000017,0x39e6bc7e394a5536295d5b1e0c8e7f85da634926,sell,0xeb2da9fac54284cea731d1f10bb34eecb3c00c14,0x04facdb12d602f912188bc897fca91b484f6137ae6825230de248dc5148d1751
11,49845.47901505333,0.0209351011863224,0x591b3807a49fe6ff4ea85f904d219bdf365dea8a,2017-11-02T01:36:11.000Z,0.00000042,0x40dd1b6e5e7a5107b4b43e2b1f3aedac2ebe725e,buy,0xeb2da9fac54284cea731d1f10bb34eecb3c00c14,0x4630b0f1b236cdf8dae73512a69c72360896675eb5cc3b4ada8d758bbe363eed
12,200000,0.059288888890908914,0xe407e650ef934008d203a06bc0cbb4c50cf619ff,2017-11-01T23:31:58.000Z,0.00000029644444445454,0x40dd1b6e5e7a5107b4b43e2b1f3aedac2ebe725e,buy,0xeb2da9fac54284cea731d1f10bb34eecb3c00c14,0xc89cc0d0672581592caf896584f05e6100281d3b822550ec5a31f151b0a56702
13,83722,0.024949156,0xe407e650ef934008d203a06bc0cbb4c50cf619ff,2017-11-01T22:44:45.000Z,0.000000298,0x40dd1b6e5e7a5107b4b43e2b1f3aedac2ebe725e,buy,0xeb2da9fac54284cea731d1f10bb34eecb3c00c14,0xe882c44cd5b1c5235a711e2594330b3e697cdd0302e818585c33444677aa11fd
14,79000,0.023463,0xe407e650ef934008d203a06bc0cbb4c50cf619ff,2017-11-01T22:42:41.000Z,0.000000297,0x76883638b90f3c35b379aa9038eaccdbb621f62c,buy,0xeb2da9fac54284cea731d1f10bb34eecb3c00c14,0x297be6095163699901d6eb9480ad2a6be023d88521c09f566a81412d7b66583a
15,200000,0.059288888890908914,0xe407e650ef934008d203a06bc0cbb4c50cf619ff,2017-11-01T22:33:42.000Z,0.00000029644444445454,0x40dd1b6e5e7a5107b4b43e2b1f3aedac2ebe725e,buy,0xeb2da9fac54284cea731d1f10bb34eecb3c00c14,0x608276737d029d6e64c35a123ec351e4168397746330b99a0d0bbc6faa3eed7d
16,200000,0.06,0xe407e650ef934008d203a06bc0cbb4c50cf619ff,2017-11-01T22:30:51.000Z,0.0000003,0x40dd1b6e5e7a5107b4b43e2b1f3aedac2ebe725e,buy,0xeb2da9fac54284cea731d1f10bb34eecb3c00c14,0x3b3e54c43fcfeb3aa7a80de6d0105f17935e099a6c6e348e924d11bdd1da5f3f
17,1.9846759364582098,0.000000339379585134,0xdbbae39c54992479faac890e81eb4d8579b951d6,2017-11-01T19:35:27.000Z,0.00000017099999999982,0x65e44324f5a4edb9fa333b1e0185975641cd5029,sell,0xeb2da9fac54284cea731d1f10bb34eecb3c00c14,0xe6003ed9f0eecce154dca7e9d43a8429a7d7adb57b5cc8c23d4f4c32f4f7dea4
18,500000,0.148,0xda335761adceaa57fe02367340c2e33ba185175e,2017-11-01T18:35:30.000Z,0.000000296,0x40dd1b6e5e7a5107b4b43e2b1f3aedac2ebe725e,buy,0xeb2da9fac54284cea731d1f10bb34eecb3c00c14,0x0dabd6d152a48c85bea469f160f43771f7b9a68e5f9cb5b91caa5bc2ad676082
19,500000,0.1495,0x08c721ccbf6a71ce81986f25c7e4a6587225019e,2017-11-01T15:50:21.000Z,0.000000299,0x40dd1b6e5e7a5107b4b43e2b1f3aedac2ebe725e,buy,0xeb2da9fac54284cea731d1f10bb34eecb3c00c14,0x303c5294b372aefdf9b5fe641a457da2923f3224d8d7586455627e0101a00923
20,79722.8591366763,0.009088405941581099,0x76883638b90f3c35b379aa9038eaccdbb621f62c,2017-11-01T14:48:42.000Z,0.00000011399999999999,0x7522b31cd0cba4e8f64dbebef846456f0aaff9f3,sell,0xeb2da9fac54284cea731d1f10bb34eecb3c00c14,0xbcfe1302c404a12b7eea75045a68bd57fe44dccdd911f3b71fa5f798cf653feb
21,10000,0.00157,0x035392de57aa4fe343d86494103dbe1b068a56c6,2017-11-01T14:39:03.000Z,0.000000157,0x7522b31cd0cba4e8f64dbebef846456f0aaff9f3,sell,0xeb2da9fac54284cea731d1f10bb34eecb3c00c14,0x7723b256dd6e0e778746b6d0a6a6ead31db7f4adb3a35d5ced3ec82f9fe3fbba
22,19938.191606021333,0.005762137374140165,0x40dd1b6e5e7a5107b4b43e2b1f3aedac2ebe725e,2017-11-01T06:28:42.000Z,0.00000028899999999999,0x9f0bb02e7003767f7fe66ec6497a72e5f155c01d,sell,0xeb2da9fac54284cea731d1f10bb34eecb3c00c14,0xf23ebcab2d71315fd0d2fb47622e5972c9d1eb5d0aaf518ac60a08169e894559
23,5000,0.0021,0xb85d14ab22a69276e57f24130ce4215e5ffe7dc0,2017-11-01T01:30:03.000Z,0.00000042,0x40dd1b6e5e7a5107b4b43e2b1f3aedac2ebe725e,buy,0xeb2da9fac54284cea731d1f10bb34eecb3c00c14,0x93688203e97ce38433c8054c003a279561134c3f5ed0c48f94782030a917a08b
24,3243,0.001358817,0x40dd1b6e5e7a5107b4b43e2b1f3aedac2ebe725e,2017-11-01T00:01:40.000Z,0.000000419,0xe1a70d75ad830cd4a9b6720b74263133d7f29c4f,sell,0xeb2da9fac54284cea731d1f10bb34eecb3c00c14,0xa54f248d0aca7dca4ae0a456772cb4fa110f3c471439f9f356006d1d21b201e2
25,9969.095803010667,0.004087329279234373,0x9aabc8a44c852c1d0a996aea4c115a68e70c3bdb,2017-10-31T11:00:16.000Z,0.00000040999999999999,0x4986ac8522e8831e71439c529e514022596c301b,sell,0xeb2da9fac54284cea731d1f10bb34eecb3c00c14,0xc1c06651f9bbc7c6055b9c180837837d759008798f9349a930851ce9a4317fa9
26,9969.095803010667,0.004087329279234373,0x9aabc8a44c852c1d0a996aea4c115a68e70c3bdb,2017-10-31T10:59:42.000Z,0.00000040999999999999,0x4986ac8522e8831e71439c529e514022596c301b,sell,0xeb2da9fac54284cea731d1f10bb34eecb3c00c14,0xc1c06651f9bbc7c6055b9c180837837d759008798f9349a930851ce9a4317fa9
27,10000,0.0041045,0x78b0e4933f5b7d90102367e28efcde256998411e,2017-10-31T10:54:12.000Z,0.00000041045,0x40dd1b6e5e7a5107b4b43e2b1f3aedac2ebe725e,buy,0xeb2da9fac54284cea731d1f10bb34eecb3c00c14,0x06c61a15cf452e596c5a1b3f451c3bce60c953e56484388a291c1f1c6caac36a
28,6.9345773006523626,0.000002843176693267,0x9aabc8a44c852c1d0a996aea4c115a68e70c3bdb,2017-10-31T10:10:07.000Z,0.00000040999999999993,0xacba24578577004624344761f641a710800ee012,sell,0xeb2da9fac54284cea731d1f10bb34eecb3c00c14,0x6aaf8af7a3142673beebe10b7c850f6ca01fcc9a0a84624a1b70f064148e13e6
29,69560.74490284386,0.02851990541016598,0x9aabc8a44c852c1d0a996aea4c115a68e70c3bdb,2017-10-31T10:07:52.000Z,0.00000040999999999999,0xacba24578577004624344761f641a710800ee012,sell,0xeb2da9fac54284cea731d1f10bb34eecb3c00c14,0xeafd6381b621a3c950a5b61355c65a42547238b3734a659dd35ad4068c27aea9
30,5981.4574818064,0.002452397567540624,0x9aabc8a44c852c1d0a996aea4c115a68e70c3bdb,2017-10-31T09:26:18.000Z,0.00000040999999999999,0xf0e99f09190e7b585c2b102ce45d7c5944637201,sell,0xeb2da9fac54284cea731d1f10bb34eecb3c00c14,0x92f585f3032fa1fb648266381a3e499142574c5e73a9735daec12fe7b427e220
31,6000,0.00246,0xf0e99f09190e7b585c2b102ce45d7c5944637201,2017-10-31T06:51:58.000Z,0.00000041,0x40dd1b6e5e7a5107b4b43e2b1f3aedac2ebe725e,buy,0xeb2da9fac54284cea731d1f10bb34eecb3c00c14,0xef659b3ffd98d7e3a31526ec7658ec2b0a1dba633566edd8d60449d611852ac1
32,4325,0.00173,0x40dd1b6e5e7a5107b4b43e2b1f3aedac2ebe725e,2017-10-31T06:06:09.000Z,0.0000004,0xffd84530db27cc11d3ebf2b4854e3b2b53609a7e,sell,0xeb2da9fac54284cea731d1f10bb34eecb3c00c14,0x16d797705b8e135a693a7c62c6f760c2f6a31166ea19cd3d86d0e84db8153bb8
33,1315.3152679165669,0.000537963944577875,0x40dd1b6e5e7a5107b4b43e2b1f3aedac2ebe725e,2017-10-31T05:18:42.000Z,0.00000040899999999999,0xe444a40689f51f63bcd29910622035707d533d29,sell,0xeb2da9fac54284cea731d1f10bb34eecb3c00c14,0xbcc1ddcf8a90ab9f0e6ddb01b9d280973ee15c2101cff457f2f134c01ebeb9f0
34,400000,0.1596,0x550a687034a671587cee298c217d9bb406be0899,2017-10-30T21:58:43.000Z,0.000000399,0x40dd1b6e5e7a5107b4b43e2b1f3aedac2ebe725e,buy,0xeb2da9fac54284cea731d1f10bb34eecb3c00c14,0x910b89ed4f67aa9f4ce51cef48e7b293d13d64ba6ed733fe768f5a7352c831fb
35,27618,0.0082854,0x40dd1b6e5e7a5107b4b43e2b1f3aedac2ebe725e,2017-10-30T18:56:16.000Z,0.0000003,0x38cde1ef8b525264ac033d40ca97343eccdf3a70,buy,0xeb2da9fac54284cea731d1f10bb34eecb3c00c14,0x03117d11638da8d5c604b50af043821b2e21f8a8b3364971acb8f555e0cfd9e6
36,150000,0.04485,0xe42b066e927089d95fc82fc864df1ecd75237cca,2017-10-30T18:45:15.000Z,0.000000299,0x40dd1b6e5e7a5107b4b43e2b1f3aedac2ebe725e,buy,0xeb2da9fac54284cea731d1f10bb34eecb3c00c14,0x99d9580cbf5a7a550a9f79f50b35e3facf03afd7833fb6f8c0ed23488222a05d
37,2018,0.0006054,0x1d5321e125f6c7079a716705541c7b371ca79e69,2017-10-30T17:32:51.000Z,0.0000003,0x38cde1ef8b525264ac033d40ca97343eccdf3a70,buy,0xeb2da9fac54284cea731d1f10bb34eecb3c00c14,0xfa8c893f17a1ea10f0ab82a545a36e7ec1662d4ec58236115258ff753ad62b93
38,2011.9641076769692,0.000742414755732801,0x40dd1b6e5e7a5107b4b43e2b1f3aedac2ebe725e,2017-10-30T17:32:51.000Z,0.00000036899999999999,0x1d5321e125f6c7079a716705541c7b371ca79e69,sell,0xeb2da9fac54284cea731d1f10bb34eecb3c00c14,0xfa8c893f17a1ea10f0ab82a545a36e7ec1662d4ec58236115258ff753ad62b93
39,10002.36765725,0.003354123953608614,0x40dd1b6e5e7a5107b4b43e2b1f3aedac2ebe725e,2017-10-30T17:21:17.000Z,0.00000033533299999999,0x38cde1ef8b525264ac033d40ca97343eccdf3a70,sell,0xeb2da9fac54284cea731d1f10bb34eecb3c00c14,0xe0452bec3fdb4e39d791e8ff8579186c26bc6ceca7c4e4f9fc6ea56ae6361e2f
40,10060.239,0.003511023411,0x40dd1b6e5e7a5107b4b43e2b1f3aedac2ebe725e,2017-10-30T17:20:30.000Z,0.000000349,0x38cde1ef8b525264ac033d40ca97343eccdf3a70,sell,0xeb2da9fac54284cea731d1f10bb34eecb3c00c14,0x950659c8b19fe4f544d33291200e40b2f2744412bbc24c703593b9697aed4758
41,10060.239,0.003511023411,0x40dd1b6e5e7a5107b4b43e2b1f3aedac2ebe725e,2017-10-30T17:20:14.000Z,0.000000349,0x38cde1ef8b525264ac033d40ca97343eccdf3a70,sell,0xeb2da9fac54284cea731d1f10bb34eecb3c00c14,0x950659c8b19fe4f544d33291200e40b2f2744412bbc24c703593b9697aed4758
42,20180,0.00744642,0x40dd1b6e5e7a5107b4b43e2b1f3aedac2ebe725e,2017-10-30T17:20:00.000Z,0.000000369,0x38cde1ef8b525264ac033d40ca97343eccdf3a70,sell,0xeb2da9fac54284cea731d1f10bb34eecb3c00c14,0xd0f9bec3a3d8d47004324277b8313339d74f7bb1fd320e7209c043fdc41675ae
43,10000,0.00369,0x40dd1b6e5e7a5107b4b43e2b1f3aedac2ebe725e,2017-10-30T16:16:52.000Z,0.000000369,0x64ef1975158f85a23a661d5c205d083a3b3ea6a1,sell,0xeb2da9fac54284cea731d1f10bb34eecb3c00c14,0x43bd5231f92b016523f29ed06ccc5e8b84884e7e26e7f6b2c1a59449caa5aefd
44,5000000,0.85,0x40dd1b6e5e7a5107b4b43e2b1f3aedac2ebe725e,2017-10-30T15:37:07.000Z,0.00000017,0x39e6bc7e394a5536295d5b1e0c8e7f85da634926,sell,0xeb2da9fac54284cea731d1f10bb34eecb3c00c14,0x6a1195a0b115f40a4320a312707ab6a29d196d5d3136eca9f8731973b54e78d1
45,100000,0.0344,0xf00dd34fa52d31aa537658baf071cbaeac59a66d,2017-10-30T14:10:35.000Z,0.000000344,0x7eba78f19bc4477eafdc29f46f6975490e54531d,buy,0xeb2da9fac54284cea731d1f10bb34eecb3c00c14,0xccc1e6dc0f269c5d062c7ba15d1d8e29f0aafc6c576a74acaae27ec0a215dea1
46,150000,0.05046666666666,0xf00dd34fa52d31aa537658baf071cbaeac59a66d,2017-10-30T14:08:28.000Z,0.0000003364444444444,0x40dd1b6e5e7a5107b4b43e2b1f3aedac2ebe725e,buy,0xeb2da9fac54284cea731d1f10bb34eecb3c00c14,0x205ece676d14f76b0356d7849507706b6c9073d6c728e42a9b54ff6fef44e82f
47,50000,0.01682222222222,0x2c0fbaab2d734b962d0a28b0fd978ff518f727c0,2017-10-30T06:29:34.000Z,0.0000003364444444444,0x40dd1b6e5e7a5107b4b43e2b1f3aedac2ebe725e,buy,0xeb2da9fac54284cea731d1f10bb34eecb3c00c14,0x5783d9e4960daacb0410463c001a1e1f64dd8f306ec0e6397efb73e37ab8baf1
48,300000,0.10093333333332,0x2c0fbaab2d734b962d0a28b0fd978ff518f727c0,2017-10-30T06:28:24.000Z,0.0000003364444444444,0x40dd1b6e5e7a5107b4b43e2b1f3aedac2ebe725e,buy,0xeb2da9fac54284cea731d1f10bb34eecb3c00c14,0x055d00fbe4c23070be6c4616c4f5e0790b26072427b30ffb6d77a6a30db532bc
49,24284,0.00801372,0x2c0fbaab2d734b962d0a28b0fd978ff518f727c0,2017-10-30T06:24:56.000Z,0.00000033,0xeb89bd1689d51bdb2f16818e03f1e9944904b407,buy,0xeb2da9fac54284cea731d1f10bb34eecb3c00c14,0x277e4065680dcd9d42598fafd27806b05d3ecace13d001235a275d64aa897429
50,30000,0.0099,0x2c0fbaab2d734b962d0a28b0fd978ff518f727c0,2017-10-30T06:22:34.000Z,0.00000033,0xeb89bd1689d51bdb2f16818e03f1e9944904b407,buy,0xeb2da9fac54284cea731d1f10bb34eecb3c00c14,0x059c6acf81bcb46c2a4bc9d828b601548d6a46b47d5a349dff0ac6e7705184b7
51,35000,0.01155,0x2c0fbaab2d734b962d0a28b0fd978ff518f727c0,2017-10-30T06:19:47.000Z,0.00000033,0xeb89bd1689d51bdb2f16818e03f1e9944904b407,buy,0xeb2da9fac54284cea731d1f10bb34eecb3c00c14,0x58437f2fb85f1aa69d0cfe9a95ce36f7e242a6603137378fe3a35fb4eb3c1af4
52,10000,0.00233,0x40dd1b6e5e7a5107b4b43e2b1f3aedac2ebe725e,2017-10-30T04:47:20.000Z,0.000000233,0x64ef1975158f85a23a661d5c205d083a3b3ea6a1,sell,0xeb2da9fac54284cea731d1f10bb34eecb3c00c14,0xcbf74f4989ebbe1bf4da00ef3f6279ad3a44d2f7753d1f799834f691964f42cf
53,10000,0.003348888888888888,0x40dd1b6e5e7a5107b4b43e2b1f3aedac2ebe725e,2017-10-30T03:57:07.000Z,0.00000033488888888888,0xeb89bd1689d51bdb2f16818e03f1e9944904b407,sell,0xeb2da9fac54284cea731d1f10bb34eecb3c00c14,0x701a09ba9f5994615d8664795ed370c84fdda165b95b3866791d24414aa9db5e
54,20000,0.00669997777777776,0x40dd1b6e5e7a5107b4b43e2b1f3aedac2ebe725e,2017-10-30T03:55:43.000Z,0.00000033499888888888,0xeb89bd1689d51bdb2f16818e03f1e9944904b407,sell,0xeb2da9fac54284cea731d1f10bb34eecb3c00c14,0x412a9b3bfec3bd15caa0338a5e33ac4f6627b7ea39828f8c0b90d3f53a4c495b
55,10200.198,0.00341706633,0x40dd1b6e5e7a5107b4b43e2b1f3aedac2ebe725e,2017-10-30T03:55:43.000Z,0.000000335,0xeb89bd1689d51bdb2f16818e03f1e9944904b407,sell,0xeb2da9fac54284cea731d1f10bb34eecb3c00c14,0x18b06c0e7a77217e489e6bddb8fbaa5c4e69ffccd20a976e2825c6790449e93a
56,2710000,0.4607,0x40dd1b6e5e7a5107b4b43e2b1f3aedac2ebe725e,2017-10-29T22:17:30.000Z,0.00000017,0x39e6bc7e394a5536295d5b1e0c8e7f85da634926,sell,0xeb2da9fac54284cea731d1f10bb34eecb3c00c14,0xc2e4f7405a5729058e08ef9aec4c05115e448b26ea2a48c284239ec3725c5212
57,2290162.899058234,0.38932769283989976,0x40dd1b6e5e7a5107b4b43e2b1f3aedac2ebe725e,2017-10-29T22:06:14.000Z,0.00000016999999999999,0x39e6bc7e394a5536295d5b1e0c8e7f85da634926,sell,0xeb2da9fac54284cea731d1f10bb34eecb3c00c14,0x5cb6ee4532ff8e7a64f52d75234d33b5f0b3482940f9e6db762e6303929702f2
58,9969.095803010667,0.001993819160602133,0x40dd1b6e5e7a5107b4b43e2b1f3aedac2ebe725e,2017-10-29T18:36:59.000Z,0.00000019999999999999,0x9d0f536dc95cde0486a8708e1af01a6e4a60e9b2,sell,0xeb2da9fac54284cea731d1f10bb34eecb3c00c14,0x509adaa708d29afaf4d27d0c81e5febc918b217ec378131e3eba6c1999ac9c68
59,11272.199,0.004272163421,0x40dd1b6e5e7a5107b4b43e2b1f3aedac2ebe725e,2017-10-29T02:40:59.000Z,0.000000379,0x6cee94dbc619bbe3355687d8862e4a48e93e6ba3,buy,0xeb2da9fac54284cea731d1f10bb34eecb3c00c14,0x57aed02e3bc86d814f9e5379f1accd7eda552a4c6bb4996c6b5f954d9a3b099a
60,1089.2782234099684,0.000412836446672378,0x14b41f6a517e13897d1fcd207abd103fb4bda4c0,2017-10-28T22:02:40.000Z,0.000000379,0x6cee94dbc619bbe3355687d8862e4a48e93e6ba3,buy,0xeb2da9fac54284cea731d1f10bb34eecb3c00c14,0x2a5a7da11bd89588c1cc26a7dfe61ea343467ad22f13efb03f325e64f4ecee60
61,1319.2612137203166,0.0005,0x34f9560c63078eb61872a4dc2ccd20e21c34feaf,2017-10-28T20:52:53.000Z,0.000000379,0x6cee94dbc619bbe3355687d8862e4a48e93e6ba3,buy,0xeb2da9fac54284cea731d1f10bb34eecb3c00c14,0xd846e2cdf161e90ea12d18fb96ed8762cc1478e1197bf350131eab931a774c4e
62,1319.2612137203166,0.0005,0xe444a40689f51f63bcd29910622035707d533d29,2017-10-28T20:51:57.000Z,0.000000379,0x6cee94dbc619bbe3355687d8862e4a48e93e6ba3,buy,0xeb2da9fac54284cea731d1f10bb34eecb3c00c14,0x6a988a8286c55fca6272fb299afe365d11ea9f191c41c18e234ea441842a56fb
63,19938.191606021333,0.002791346824842986,0x11f5503defcce34fbbc25d3219f791b3a76a894f,2017-10-28T03:51:06.000Z,0.00000013999999999999,0x11fb6aef2b0e35edd2d5d6169dccad5f50261b08,sell,0xeb2da9fac54284cea731d1f10bb34eecb3c00c14,0x4acef51b7e65fbaf2b7140a37b44823f2f30e4a67891af20d98377f7d521c711
64,10000,0.00398,0xe32c340433a440a800277ca53627d99b4414345c,2017-10-27T21:57:19.000Z,0.000000398,0xffd04803cd79fe11c6a94c84a0e227a1312f4ecc,buy,0xeb2da9fac54284cea731d1f10bb34eecb3c00c14,0x4dba9d811475ad09a38c29cbb3827158f3ed427734a07349d5665568d454e6cb
65,9969.095803010667,0.001744591765526866,0x40dd1b6e5e7a5107b4b43e2b1f3aedac2ebe725e,2017-10-27T20:59:52.000Z,0.00000017499999999999,0x68b4683475747e28a83596e94b58187d452099cf,sell,0xeb2da9fac54284cea731d1f10bb34eecb3c00c14,0xbb05a01aa28a3c9cfd91adf914d136eadfeabcf58a0dd438f4ead494d2464353
66,9969.095803010667,0.001276143953743395,0x24418ab1b19550b380652432eac1ab37bf3d0fa9,2017-10-27T00:38:38.000Z,0.00000012800999999999,0x83ed35c2af39a05971f44dbe95a27fa0fff8c569,sell,0xeb2da9fac54284cea731d1f10bb34eecb3c00c14,0x53754e68a9ae6507339a521c8e66ff39bbd7db1697adbea6ecfbbdd1eeb25615
67,15000,0.00375,0x6cee94dbc619bbe3355687d8862e4a48e93e6ba3,2017-10-26T17:45:51.000Z,0.00000025,0xc1cf7ca561ac80e66cda5fd113090ec837465b37,buy,0xeb2da9fac54284cea731d1f10bb34eecb3c00c14,0x9bc2cbf76e159cada7176f69aba09cbab261dc0dc9804f810487ef96a3ea2a89
68,15000,0.00375,0xb49b884b29e25ba3ab4d772c1b9322886a7696d7,2017-10-26T15:35:33.000Z,0.00000025,0xc1cf7ca561ac80e66cda5fd113090ec837465b37,buy,0xeb2da9fac54284cea731d1f10bb34eecb3c00c14,0x13b89f4ccaa7d8a89f84bf143fff726b728dedace92287c492d375aa114fe286
69,30000,0.0138,0x54b59cbea68b581f1fa6ae1c3d5ea0643e8e2378,2017-10-26T11:51:33.000Z,0.00000046,0xc1247afc472ead93b059f15d1494cfc937809c8f,buy,0xeb2da9fac54284cea731d1f10bb34eecb3c00c14,0x1cfd98deb21d35ac3c728c757c39d464ed69f5e4bf5aae8cd002fbab614eca5e
70,109567.341,0.05040097686,0x0b38cef547238e862017d01803baa9825581628a,2017-10-26T10:56:12.000Z,0.00000046,0xc1247afc472ead93b059f15d1494cfc937809c8f,buy,0xeb2da9fac54284cea731d1f10bb34eecb3c00c14,0x3c21a4652bb64e634ee48a5c7cea9a305cb368e44d92186a252e117ff89d55ed
71,19908.284,0.0089587278,0x0b38cef547238e862017d01803baa9825581628a,2017-10-26T10:56:06.000Z,0.00000045,0xce7b624f9fa42ae81acec1f9fb6e995a93aeda25,buy,0xeb2da9fac54284cea731d1f10bb34eecb3c00c14,0x23cf4adaac5902122019c27940ee5f7c994ddcd479000b0a785188a7a00ea951
72,20000,0.01138,0x43808d5a5cc952c530ff9d0499fa0bfd8ff553bf,2017-10-25T16:31:03.000Z,0.000000569,0xe7d2ac0d53175a43869a366d76a52e81e1a4068c,buy,0xeb2da9fac54284cea731d1f10bb34eecb3c00c14,0x2bb63ef4eebeb09fce6504cf5ea48914b3cfaecf10a418eebe32a37b348e21a8
73,139567.34124214933,0.015910676901605025,0xc1247afc472ead93b059f15d1494cfc937809c8f,2017-10-25T15:12:14.000Z,0.00000011399999999999,0xb7a64f932b1a85543adf6f1fb3c50581ef77aa35,sell,0xeb2da9fac54284cea731d1f10bb34eecb3c00c14,0x0b716c6cae64cf1cf5d6aabe691f3bd1dbb6d76da6e799e86ea81105d01b4f95
74,9969.095803010667,0.001126507825740205,0x0773dd752384d3d8714ceb1c28a199591c63cddc,2017-10-25T09:48:25.000Z,0.00000011299999999999,0xb392a23fc325d36a590ec4962cd5f12e2b382d61,sell,0xeb2da9fac54284cea731d1f10bb34eecb3c00c14,0x04d2f39132a86ec85d98c91b904018bafded746d8b3e9e385df99cc4e8017e3d
75,9970,0.00596206,0x1fc73344279f4d402bb6eb3f41fd212013b7810c,2017-10-24T16:06:18.000Z,0.000000598,0xf4b6e090b49b4edf517fce9e5b99d07281b0da48,buy,0xeb2da9fac54284cea731d1f10bb34eecb3c00c14,0x389941e0dccae3783e10ace7ad9ed98bc2059f1f929d629836de05205b8d6f66
76,6000,4.499994,0x82267862ee638f6ff28e62bb5c930528dfaf3061,2017-10-24T11:49:09.000Z,0.000749999,0x0773dd752384d3d8714ceb1c28a199591c63cddc,buy,0xeb2da9fac54284cea731d1f10bb34eecb3c00c14,0x673dd51be7b202d4bc7eb092121d8fc0ca7b8809456c814d4da2359857672438
77,19908.284318612303,0.002189911275047353,0xce7b624f9fa42ae81acec1f9fb6e995a93aeda25,2017-10-23T18:04:07.000Z,0.00000010999999999999,0x65e44324f5a4edb9fa333b1e0185975641cd5029,sell,0xeb2da9fac54284cea731d1f10bb34eecb3c00c14,0xe225297b5e954e01c45ff5f4a915438fb5dbdb606a6aa43195704777d1422661
78,10000,0.0016,0x40dd1b6e5e7a5107b4b43e2b1f3aedac2ebe725e,2017-10-23T18:02:37.000Z,0.00000016,0x65e44324f5a4edb9fa333b1e0185975641cd5029,sell,0xeb2da9fac54284cea731d1f10bb34eecb3c00c14,0xf285e6326e5b6df91e8ec31ac5bc5928fa2579997516f51845eb28caf1ba68ca
79,49845.47901505334,0.011265078257402052,0x4b0925f7776c00378f9556fcd4b3aaf3efe0013f,2017-10-22T23:21:55.000Z,0.00000022599999999999,0x4326b114db7de231fa52baa078e4e5e36497f3b3,sell,0xeb2da9fac54284cea731d1f10bb34eecb3c00c14,0xd933ffeca8f460e9c00b2cdc2e20480874ccbe24f6b14a0e74d08bc04cf1698f
80,29907.287409032,0.006759046954441232,0x4b0925f7776c00378f9556fcd4b3aaf3efe0013f,2017-10-22T11:11:30.000Z,0.00000022599999999999,0xf2a8c6ec5b1b7ec1361dee7dbda95c7b2ff95acb,sell,0xeb2da9fac54284cea731d1f10bb34eecb3c00c14,0x2995febdaf32cdb51e7e50fa5a7022da409e45491dd7fcd932667b74d5d4eafe
81,49444.997,0.049444997,0xb3a84036bf7c6d1c83aa69a1228d0fb5a3288208,2017-10-21T13:07:11.000Z,0.000001,0x7eba78f19bc4477eafdc29f46f6975490e54531d,buy,0xeb2da9fac54284cea731d1f10bb34eecb3c00c14,0xdfe257088ebb4f4023e3e73de096d189f1d4d0ee3e46b0ad27ee916169c76d34
82,6000,0.004494,0xb3a84036bf7c6d1c83aa69a1228d0fb5a3288208,2017-10-21T13:03:54.000Z,0.000000749,0x0773dd752384d3d8714ceb1c28a199591c63cddc,buy,0xeb2da9fac54284cea731d1f10bb34eecb3c00c14,0x08af3dcb084beb921f23ea513e7c166cfe33028301cae65bd47cf7b1ad53406d
83,20000,0.00998,0xb3a84036bf7c6d1c83aa69a1228d0fb5a3288208,2017-10-21T12:59:42.000Z,0.000000499,0xd14a86c1d73c2b583b540838ad2c541182138484,buy,0xeb2da9fac54284cea731d1f10bb34eecb3c00c14,0xd3a7be8668891a5152a2d44a572e428ece04c7ec26c9e89b6c74c04d2b44755c
84,10000,0.002104,0x40dd1b6e5e7a5107b4b43e2b1f3aedac2ebe725e,2017-10-21T02:55:55.000Z,0.0000002104,0x64ef1975158f85a23a661d5c205d083a3b3ea6a1,sell,0xeb2da9fac54284cea731d1f10bb34eecb3c00c14,0xeec6c436a82a055d11d3e4907857bd1a572164588cdeecd66dcef909131921bf
85,19938.191606021333,0.00418702023726448,0xacba24578577004624344761f641a710800ee012,2017-10-20T15:23:52.000Z,0.00000020999999999999,0x1ad5b64b9992b88b8c9467ebfaa218cbfa54f709,sell,0xeb2da9fac54284cea731d1f10bb34eecb3c00c14,0x8912d129bf3f65973122beb79798f40d6f21ac59303ca640c6a7a9b0d4f8d06a
86,29907.287409032,0.006026318412919948,0x40dd1b6e5e7a5107b4b43e2b1f3aedac2ebe725e,2017-10-20T10:18:35.000Z,0.00000020149999999999,0xa8759794f4228712d36297f9ca59368d587657d5,sell,0xeb2da9fac54284cea731d1f10bb34eecb3c00c14,0x349c4458df880e73b30c40d6fd0ba3de46c6101f9aaba6f073f885af560770ec
87,4984.547901505333,0.000952048649187518,0xbbe8a1421d8583194bd959a640cb82225650c748,2017-10-19T21:38:00.000Z,0.00000019099999999999,0xc09160cfb4ca21319715204a2fc730df4cf375d4,sell,0xeb2da9fac54284cea731d1f10bb34eecb3c00c14,0x316551598eefefe391b1e9dce008395c926a172902f1b3446c0a7d24dbab8746
88,19900,0.0036815,0xacba24578577004624344761f641a710800ee012,2017-10-19T19:58:02.000Z,0.000000185,0x67c57c24e34d77c6a37a08b3d478cc731c027229,sell,0xeb2da9fac54284cea731d1f10bb34eecb3c00c14,0x73c929f050b1fe73face96e546375c2c133c7d1784a484c0b06e946be1d31558
89,2192.4685875702326,0.001414142238982799,0xeb89bd1689d51bdb2f16818e03f1e9944904b407,2017-10-19T18:44:04.000Z,0.00000064499999999999,0x64ef1975158f85a23a661d5c205d083a3b3ea6a1,sell,0xeb2da9fac54284cea731d1f10bb34eecb3c00c14,0xd3a3a14965a17e64b91cd9b487ede4f9d9e5cdd29c90d1d87f6ac6980eba3f57
90,50000,0.0319,0xeb89bd1689d51bdb2f16818e03f1e9944904b407,2017-10-19T17:50:38.000Z,0.000000638,0xa9f83e7a00b84bfde3140a95d2588a73d0895a13,buy,0xeb2da9fac54284cea731d1f10bb34eecb3c00c14,0x5cb03eaad7dd8165e87d6cfd240528ab7d109b16cccc032d747857d8189f8100
91,20000,0.01,0xeb89bd1689d51bdb2f16818e03f1e9944904b407,2017-10-19T17:46:57.000Z,0.0000005,0x6bb665019956b9b728419f193aa22920daea3325,buy,0xeb2da9fac54284cea731d1f10bb34eecb3c00c14,0xbd1ece0eafc80c0e1caf03abef6ea6152c56aa20eafbb19953236b7bfd124c38
92,20000,0.01,0xeb89bd1689d51bdb2f16818e03f1e9944904b407,2017-10-19T17:46:41.000Z,0.0000005,0x6bb665019956b9b728419f193aa22920daea3325,buy,0xeb2da9fac54284cea731d1f10bb34eecb3c00c14,0xbd1ece0eafc80c0e1caf03abef6ea6152c56aa20eafbb19953236b7bfd124c38
93,10000,0.0049,0xeb89bd1689d51bdb2f16818e03f1e9944904b407,2017-10-19T17:45:54.000Z,0.00000049,0x22eb520ce1f1eaffade7c4ff769fff8599c1b24a,buy,0xeb2da9fac54284cea731d1f10bb34eecb3c00c14,0x175a090625e8510b1cf997d5f8df0f690e47a7b50b2de45647d4ff2b676df5c0
94,20000,0.0097,0xeb89bd1689d51bdb2f16818e03f1e9944904b407,2017-10-19T17:45:10.000Z,0.000000485,0xecfae215774fdb494d826b0a7419b9b50ac9c029,buy,0xeb2da9fac54284cea731d1f10bb34eecb3c00c14,0xc304dfd15cea5d3f6f0c36404a9cb80863d9c5bd41ed2504e1ca7812e2d55a66
95,18008.452,0.00864405696,0xeb89bd1689d51bdb2f16818e03f1e9944904b407,2017-10-19T17:43:59.000Z,0.00000048,0x0799376cd3d071127ea4cef6babc670047b276d3,buy,0xeb2da9fac54284cea731d1f10bb34eecb3c00c14,0xf2ebf21feb6aa4a6e15f768e4dc060dedfe7ae7651d8062ba2722c39bcd86685
96,9404,0.00441988,0xeb89bd1689d51bdb2f16818e03f1e9944904b407,2017-10-19T17:42:17.000Z,0.00000047,0xecfae215774fdb494d826b0a7419b9b50ac9c029,buy,0xeb2da9fac54284cea731d1f10bb34eecb3c00c14,0x05bc3037fb9e0ef233d5423013cf759305ffad34f8876d6389c4f9b8cebe525d
97,34711.37492,0.016668402236584,0x5d5065b42bdee0274e394ba9042c21e1818c69cf,2017-10-19T05:35:49.000Z,0.0000004802,0x0799376cd3d071127ea4cef6babc670047b276d3,sell,0xeb2da9fac54284cea731d1f10bb34eecb3c00c14,0x15a21a46f7ec6dd398e20de2d84af02c17498cbbc212323f5a00da80af0ed0a6
98,6000,0.002934,0x68ca7fc4bfc3bb2a9cf6f45736dcadc2c427c5a0,2017-10-18T20:34:32.000Z,0.000000489,0x691053a11b569b45eb2ff7788c4e138623812fa1,buy,0xeb2da9fac54284cea731d1f10bb34eecb3c00c14,0x69ef59c01f09cd889562ec988803144b6a19a5a2feb518496433be950a771009
99,1,0.000000635,0x3ac636ac5c3a2576156ac5f10066ca68abe0ad54,2017-10-18T18:28:30.000Z,0.000000635,0x0799376cd3d071127ea4cef6babc670047b276d3,buy,0xeb2da9fac54284cea731d1f10bb34eecb3c00c14,0x109e1c8ac2f18398617c17b5101c89c09ca6d3516d2321f4bc9ad92905465bba
100,787.4015748031496,0.0005,0xf9695cd65d6dfdf257fab76a3eb0cb8f001971cc,2017-10-18T15:25:46.000Z,0.000000635,0x0799376cd3d071127ea4cef6babc670047b276d3,buy,0xeb2da9fac54284cea731d1f10bb34eecb3c00c14,0x702c9418110ac7dff8afb2aa4b5d27036b70ec87ce103ca3642b2a9e3b9eb700
101,787.4015748031496,0.0005,0x379374d13077e8867ef31803c37baf9785a17c00,2017-10-18T15:24:52.000Z,0.000000635,0x0799376cd3d071127ea4cef6babc670047b276d3,buy,0xeb2da9fac54284cea731d1f10bb34eecb3c00c14,0xff1ee71a42b5e784d5d58c495c8708e278627a8bba89c86a5446e885fdc2b29e
102,1000,0.000635,0x636d925f140f761f7a0e600db2177dd068ddada1,2017-10-18T14:43:55.000Z,0.000000635,0x0799376cd3d071127ea4cef6babc670047b276d3,buy,0xeb2da9fac54284cea731d1f10bb34eecb3c00c14,0x73cc9bbbf08e30871059913817cfa3b17a0a31b659cb8bb5efea4a4bd60ccea2
103,0.000000183000099744,0.091500049872,0x24418ab1b19550b380652432eac1ab37bf3d0fa9,2017-10-18T14:04:31.000Z,500000,0xd445f61ebca3d6b4c57eef1f39fdab6595ef8972,sell,0xeb2da9fac54284cea731d1f10bb34eecb3c00c14,0xccfb34e1cdcf02c10f31970df644795391acc8ff9dfabd28916a0b51e386e5a0
104,0.000000183550752,0.000000000091775376,0xd445f61ebca3d6b4c57eef1f39fdab6595ef8972,2017-10-18T14:04:31.000Z,0.0005,0xa0e3f410e1454540f0f76063dc972d8890180740,buy,0xeb2da9fac54284cea731d1f10bb34eecb3c00c14,0xccfb34e1cdcf02c10f31970df644795391acc8ff9dfabd28916a0b51e386e5a0
105,4000,0.00256,0x64ef1975158f85a23a661d5c205d083a3b3ea6a1,2017-10-18T10:11:39.000Z,0.00000064,0x0799376cd3d071127ea4cef6babc670047b276d3,sell,0xeb2da9fac54284cea731d1f10bb34eecb3c00c14,0xeabfb74ae1b886667c090494cd0342c05851947f203cf21c43702a8ba66dc2e8
106,20000,0.012,0x64ef1975158f85a23a661d5c205d083a3b3ea6a1,2017-10-18T07:35:54.000Z,0.0000006,0x688cb7e759df27aea3779946361860357ded57b8,buy,0xeb2da9fac54284cea731d1f10bb34eecb3c00c14,0x5649fabebd4457d809b0544d6404977ca26074f11ec7c835d24dc35cea42884c
107,20000,0.01358,0x43808d5a5cc952c530ff9d0499fa0bfd8ff553bf,2017-10-18T02:03:42.000Z,0.000000679,0x971f30c325d9924ad472adf0bf98702502baad93,buy,0xeb2da9fac54284cea731d1f10bb34eecb3c00c14,0xe997556a750ee5d3bc6fb0dfdd7b22b14ecf16a9579129ede6d2d195f79ea9b7
108,19938.191606021333,0.003628750872295882,0xacba24578577004624344761f641a710800ee012,2017-10-17T22:10:29.000Z,0.00000018199999999999,0x34d4ecd77d6378ebdda1c62a38881e4587109181,sell,0xeb2da9fac54284cea731d1f10bb34eecb3c00c14,0x21b49256420f0a0409d16e32ffd9212f7dc930e97ef3ddfafd0e815cf69f8afb
109,10000,0.00182,0xacba24578577004624344761f641a710800ee012,2017-10-17T21:11:36.000Z,0.000000182,0xf4b6e090b49b4edf517fce9e5b99d07281b0da48,sell,0xeb2da9fac54284cea731d1f10bb34eecb3c00c14,0x61a12d6596d066956999ced328f582eca9c4559a56bf27bb88b0ad9e94fb303a
110,595.2380952380952,0.0005,0x16e5d97bbc92417e051e3b2cabfbf8ceea2acb9c,2017-10-17T18:08:54.000Z,0.00000084,0xecfae215774fdb494d826b0a7419b9b50ac9c029,buy,0xeb2da9fac54284cea731d1f10bb34eecb3c00c14,0xbb64343106c84b8daa5fdc172754e311d3b468d0bef8d011b14909b5e6bf794c
111,588.2352941176471,0.0005,0x42c24a83bded723edfdf5883bc7efb30bc1a1bf3,2017-10-17T16:05:20.000Z,0.00000085,0x0799376cd3d071127ea4cef6babc670047b276d3,buy,0xeb2da9fac54284cea731d1f10bb34eecb3c00c14,0xbe7cadde150db104dd0137c8511f3a5ab5b4722431408d8cc0063bc405924d23
112,19848.469743794238,0.003572724553882962,0x39e6bc7e394a5536295d5b1e0c8e7f85da634926,2017-10-17T08:31:20.000Z,0.00000017999999999999,0x491abe8711af71efb086b827a4c7d68905efb0fa,sell,0xeb2da9fac54284cea731d1f10bb34eecb3c00c14,0x074b10788092a784f0649787b939fe6cf8941a3df29db78ae35c1ef6508fad03
113,20000,0.00704,0x971f30c325d9924ad472adf0bf98702502baad93,2017-10-17T08:30:56.000Z,0.000000352,0x491abe8711af71efb086b827a4c7d68905efb0fa,sell,0xeb2da9fac54284cea731d1f10bb34eecb3c00c14,0x0af9c5018b671d09d015900b883ba2f7193688214073f6f68763069636f017db
114,10000,0.00353,0x15a160b1eaca1cedb7f2c3f3916d1de74522cbb5,2017-10-17T08:30:42.000Z,0.000000353,0x491abe8711af71efb086b827a4c7d68905efb0fa,sell,0xeb2da9fac54284cea731d1f10bb34eecb3c00c14,0x6cf8391fe06d221c236c2f17133c6cce17016abf7ed47e4bd02e5ac854cb3174
115,500,0.0005,0xcd912af5286dc0b0a23edb30209734ecb60838b3,2017-10-17T05:52:08.000Z,0.000001,0x7eba78f19bc4477eafdc29f46f6975490e54531d,buy,0xeb2da9fac54284cea731d1f10bb34eecb3c00c14,0x0a7777bdfcaefecc0814feaa9a83cefc56a196343e4141ad2130e80f13ee90c1
116,288190.27759809437,0.10115478743693113,0x0b2de009825eac9a347868b44349aa32e91ef81f,2017-10-15T00:19:50.000Z,0.00000035099999999999,0x45f625d1b4eaed944ab2af1d95d5ff1601a8199f,sell,0xeb2da9fac54284cea731d1f10bb34eecb3c00c14,0xa42957ba04868657ea39d868e56c7e6ca39521c36bbcd930fe77a7a523c75fb7
117,173684.211,0.3300000009,0x29bf0b78ff772c92ac8fd416e615973a716c9854,2017-10-14T23:20:12.000Z,0.0000019,0x1ba5e93b342374e5dbc51a60dad588422747dacf,buy,0xeb2da9fac54284cea731d1f10bb34eecb3c00c14,0xb248480b76d5e33caf7ef504bab1f5c282469cc68ed9fe259cbd46d429e32e89
118,1000,0.001003,0x035392de57aa4fe343d86494103dbe1b068a56c6,2017-10-14T16:21:37.000Z,0.000001003,0x45f625d1b4eaed944ab2af1d95d5ff1601a8199f,sell,0xeb2da9fac54284cea731d1f10bb34eecb3c00c14,0xe4e32f50c422b0bd2ba2d304868cac09bb37adcb98555fb42015d6f8bc00ad31
119,2000,0.00201,0x035392de57aa4fe343d86494103dbe1b068a56c6,2017-10-14T16:18:01.000Z,0.000001005,0x45f625d1b4eaed944ab2af1d95d5ff1601a8199f,sell,0xeb2da9fac54284cea731d1f10bb34eecb3c00c14,0xf49b5c0f9bd166ae550b1eaec333bd0ddf10117dbf9fe32a86ac90cbfebba2a1
120,8000,0.008048,0x971f30c325d9924ad472adf0bf98702502baad93,2017-10-14T05:46:55.000Z,0.000001006,0x45f625d1b4eaed944ab2af1d95d5ff1601a8199f,sell,0xeb2da9fac54284cea731d1f10bb34eecb3c00c14,0x1332d9b2aa6dbdd9c718c78ca7e0d6254b5c403709349d69834d982b03b586da
121,60000,0.042,0x39e6bc7e394a5536295d5b1e0c8e7f85da634926,2017-10-13T00:32:13.000Z,0.0000007,0x45f625d1b4eaed944ab2af1d95d5ff1601a8199f,sell,0xeb2da9fac54284cea731d1f10bb34eecb3c00c14,0x966cd4531a174780612a08cb728492941523507c48abaee9b686ef40cd411313
122,10000,0.01001,0xf36990a2cb4d609e0a7d4f3bf884c0342d81fd3d,2017-10-12T23:20:27.000Z,0.000001001,0x45f625d1b4eaed944ab2af1d95d5ff1601a8199f,sell,0xeb2da9fac54284cea731d1f10bb34eecb3c00c14,0x2aa95c3225e31b936cee836707c9432aa42f8b0c1c2691679bed22b7ced38439
123,6000,0.006042,0x035392de57aa4fe343d86494103dbe1b068a56c6,2017-10-12T23:04:45.000Z,0.000001007,0x45f625d1b4eaed944ab2af1d95d5ff1601a8199f,sell,0xeb2da9fac54284cea731d1f10bb34eecb3c00c14,0xd68660e47125c5e8f833854db9cdd00912759704f9635e749ca58d1bab851360
124,152.337,0.0011882286,0x778c879a6d29ce7579280e3a8caa4ffa8f973920,2017-10-11T23:40:16.000Z,0.0000078,0x64ef1975158f85a23a661d5c205d083a3b3ea6a1,sell,0xeb2da9fac54284cea731d1f10bb34eecb3c00c14,0xc3fba98c0eb692ce36a8c4bf25eefc4297cef804c3e57545259da3def17fea32
125,1000,0.0064,0x778c879a6d29ce7579280e3a8caa4ffa8f973920,2017-10-11T21:31:16.000Z,0.0000064,0xdbbae39c54992479faac890e81eb4d8579b951d6,sell,0xeb2da9fac54284cea731d1f10bb34eecb3c00c14,0xd19584cd4470eaff5a66d0c6db4c190a1150a055a14ee04d8228d9fbc4f51429
126,3571.4402515723273,0.02839295,0x04601b7a00f1b5a2ea8d216f4be95cbe0e8b071a,2017-10-11T21:16:46.000Z,0.00000794999999999999,0x1ba5e93b342374e5dbc51a60dad588422747dacf,sell,0xeb2da9fac54284cea731d1f10bb34eecb3c00c14,0x0dd1e05546487544f706cb6975e9d2c541d8a22f8be8f82decf98660276930ee
127,1000,0.012,0x04601b7a00f1b5a2ea8d216f4be95cbe0e8b071a,2017-10-11T20:26:43.000Z,0.000012,0xdbbae39c54992479faac890e81eb4d8579b951d6,sell,0xeb2da9fac54284cea731d1f10bb34eecb3c00c14,0x1baa0ff9159fbd170a7df7189a262ba6b4f1d798b15fcce134f71905877ce017
128,200,0.0015,0x778c879a6d29ce7579280e3a8caa4ffa8f973920,2017-10-11T18:16:07.000Z,0.0000075,0x64ef1975158f85a23a661d5c205d083a3b3ea6a1,sell,0xeb2da9fac54284cea731d1f10bb34eecb3c00c14,0xfa194e69cad2a231bdcc1f60946ddf66d84db3a8e06b076440fa446cc41e2cec
129,4000,0.052,0x4be5bd40d06c8a34c72ce12b66cc480b28bb7ce0,2017-10-11T18:10:16.000Z,0.000013,0xdbbae39c54992479faac890e81eb4d8579b951d6,buy,0xeb2da9fac54284cea731d1f10bb34eecb3c00c14,0xb13e4f9a24fb569a87dd4778876c76460808a4da73126c57bca6da3da1dd5f4e
130,523.227,0.004238661927,0x778c879a6d29ce7579280e3a8caa4ffa8f973920,2017-10-11T11:15:26.000Z,0.000008101,0x45f625d1b4eaed944ab2af1d95d5ff1601a8199f,sell,0xeb2da9fac54284cea731d1f10bb34eecb3c00c14,0xa4abf0e0b2b055b599300a5ae7dc0ee7c3b203426d397ccf3dba15e3f77312f4
131,1000,0.0064,0x4be5bd40d06c8a34c72ce12b66cc480b28bb7ce0,2017-10-11T07:15:59.000Z,0.0000064,0xdbbae39c54992479faac890e81eb4d8579b951d6,sell,0xeb2da9fac54284cea731d1f10bb34eecb3c00c14,0x1b6047adaec3e3947cee041b2a8c95df6b88380a18fd8f0318ca10195bb17e53
132,1000,0.0072,0x4be5bd40d06c8a34c72ce12b66cc480b28bb7ce0,2017-10-11T07:12:07.000Z,0.0000072,0xdbbae39c54992479faac890e81eb4d8579b951d6,sell,0xeb2da9fac54284cea731d1f10bb34eecb3c00c14,0x161ca45852bcc83f8051522a63e545d49f5df1def85afd8a56b1714add4057fd
133,100,0.00085,0x1fc73344279f4d402bb6eb3f41fd212013b7810c,2017-10-11T05:36:10.000Z,0.0000085,0x45f625d1b4eaed944ab2af1d95d5ff1601a8199f,buy,0xeb2da9fac54284cea731d1f10bb34eecb3c00c14,0x95eb7ec8d0817b5fb9da1775a7003546e1582ce0f02ae8da0577ef378a084d51
134,10000,0.0135,0xdbbae39c54992479faac890e81eb4d8579b951d6,2017-10-11T02:05:49.000Z,0.00000135,0x45f625d1b4eaed944ab2af1d95d5ff1601a8199f,sell,0xeb2da9fac54284cea731d1f10bb34eecb3c00c14,0x8b7106ddef4078096783fd7141849a6f83fc59fa5ed8deed8b55b737dcc3f25a
135,2722.4778166234796,0.003539221161610523,0x39e6bc7e394a5536295d5b1e0c8e7f85da634926,2017-10-10T10:59:31.000Z,0.00000129999999999999,0x1f05a07f49ae852a5ac2dbfa40d50958d9963fc9,sell,0xeb2da9fac54284cea731d1f10bb34eecb3c00c14,0xea7fe6a770f9898933c4bbd3764e8c2f3475ecdfe08f8be1ddf09664abcdfab9
136,222.222,0.00199555356,0x778c879a6d29ce7579280e3a8caa4ffa8f973920,2017-10-10T10:51:55.000Z,0.00000898,0x1f05a07f49ae852a5ac2dbfa40d50958d9963fc9,sell,0xeb2da9fac54284cea731d1f10bb34eecb3c00c14,0xc93be27d2aab512eeb6a6d90c7c02bc1418d58908c607d23f4d48e7afd62a403
137,55.003,0.000505972597,0x778c879a6d29ce7579280e3a8caa4ffa8f973920,2017-10-10T01:05:46.000Z,0.000009199,0x7eba78f19bc4477eafdc29f46f6975490e54531d,buy,0xeb2da9fac54284cea731d1f10bb34eecb3c00c14,0x376706dcf8e06ae9f25fb30e856cf1208557ce596c6db1f83803d7fd2f687550
138,501.002,0.0040581162,0x778c879a6d29ce7579280e3a8caa4ffa8f973920,2017-10-09T23:52:33.000Z,0.0000081,0x45f625d1b4eaed944ab2af1d95d5ff1601a8199f,sell,0xeb2da9fac54284cea731d1f10bb34eecb3c00c14,0x97dd79489b48b33db8148b0146b6a25dbebce10d10ff46dd682a70810d9784b2
139,300,0.002697,0x778c879a6d29ce7579280e3a8caa4ffa8f973920,2017-10-09T22:15:18.000Z,0.00000899,0x1ba5e93b342374e5dbc51a60dad588422747dacf,sell,0xeb2da9fac54284cea731d1f10bb34eecb3c00c14,0x083f04526c9d84d513c7c76fbeb62b504e7acf7c6bbbe02adde71a1c47aa7f6f
140,500,0.0046,0x778c879a6d29ce7579280e3a8caa4ffa8f973920,2017-10-09T21:26:38.000Z,0.0000092,0x1fc73344279f4d402bb6eb3f41fd212013b7810c,buy,0xeb2da9fac54284cea731d1f10bb34eecb3c00c14,0x648f5c989b83b494311326755c52889609493f2d5d88694e1986246f7f79571c
141,205.64857299416286,0.001439540010959139,0xf4686b75cd62e60ad801edd5bceaae369afd08e9,2017-10-09T19:32:14.000Z,0.00000699999999999999,0x58ba1743ea88caed2582b8cad19ebd2bcf0b8685,sell,0xeb2da9fac54284cea731d1f10bb34eecb3c00c14,0x6d9498a2809c702849d08076ccd36097cd7c541a7e2f9234508b73ae6a883b74
142,200,0.0016,0x778c879a6d29ce7579280e3a8caa4ffa8f973920,2017-10-09T19:32:02.000Z,0.000008,0x58ba1743ea88caed2582b8cad19ebd2bcf0b8685,sell,0xeb2da9fac54284cea731d1f10bb34eecb3c00c14,0xd32357398a6592b32c50208de368ad788a26b5b1cc7e1eaf5263f69479e79761
143,107.77700240365967,0.000969993021632937,0x1fc73344279f4d402bb6eb3f41fd212013b7810c,2017-10-09T19:20:46.000Z,0.000009,0xd37d88d01d9ea4b27a33c161706ed9720a97716e,buy,0xeb2da9fac54284cea731d1f10bb34eecb3c00c14,0xe00b4be7e480da3782b8d067a6dc5364a2ff3f83120416af7a8d56c6eb06dc4e
144,2953.8061638550125,0.03190110656963414,0x1f05a07f49ae852a5ac2dbfa40d50958d9963fc9,2017-10-09T18:57:50.000Z,0.0000108,0xdbbae39c54992479faac890e81eb4d8579b951d6,buy,0xeb2da9fac54284cea731d1f10bb34eecb3c00c14,0xef0014af82a9be81e550fed2e4c6d82135076591352c548fa7429edf83815a60
145,1000,0.009,0x1fc73344279f4d402bb6eb3f41fd212013b7810c,2017-10-09T18:30:08.000Z,0.000009,0xd37d88d01d9ea4b27a33c161706ed9720a97716e,buy,0xeb2da9fac54284cea731d1f10bb34eecb3c00c14,0x623e515f1246ae31e05a12495e386f10562ccddc66e8744fef98e4ebc47ef260
146,320,0.00288,0x778c879a6d29ce7579280e3a8caa4ffa8f973920,2017-10-09T12:47:15.000Z,0.000009,0xfd0fe438cf033aab2a6998a95f2614d231ab8e04,sell,0xeb2da9fac54284cea731d1f10bb34eecb3c00c14,0x9f75d059b326e9633520a9aed53da3dac6f58b08f8dbd818f915a2d0efbba5ea
147,300,0.0027597,0x778c879a6d29ce7579280e3a8caa4ffa8f973920,2017-10-09T12:46:23.000Z,0.000009199,0xfd0fe438cf033aab2a6998a95f2614d231ab8e04,sell,0xeb2da9fac54284cea731d1f10bb34eecb3c00c14,0x990133d58d5725c38a1ff6d31274339a9b2f0c432fe52e6cc7e5f6fef55fb596
148,26.331,0.000236979,0x778c879a6d29ce7579280e3a8caa4ffa8f973920,2017-10-09T12:08:15.000Z,0.000009,0xd37d88d01d9ea4b27a33c161706ed9720a97716e,buy,0xeb2da9fac54284cea731d1f10bb34eecb3c00c14,0xaed541507f839539c6e4d0b32dacaf3ca354f5280bc38df998df95012cee392c
149,1200,0.0108,0x778c879a6d29ce7579280e3a8caa4ffa8f973920,2017-10-09T12:06:32.000Z,0.000009,0xd37d88d01d9ea4b27a33c161706ed9720a97716e,buy,0xeb2da9fac54284cea731d1f10bb34eecb3c00c14,0xff8ee4509c40aca03fe54b572b73016085fae2cbf2cc7c8ba8c951680c154033
150,1000,0.009,0x778c879a6d29ce7579280e3a8caa4ffa8f973920,2017-10-09T12:05:43.000Z,0.000009,0xd37d88d01d9ea4b27a33c161706ed9720a97716e,buy,0xeb2da9fac54284cea731d1f10bb34eecb3c00c14,0xe309bd87a4e403339e0b71e0e5efdf3368c6ecd7eff92e9d942ff12d425b41f9
151,125.122,0.001126098,0x778c879a6d29ce7579280e3a8caa4ffa8f973920,2017-10-09T12:02:59.000Z,0.000009,0xd37d88d01d9ea4b27a33c161706ed9720a97716e,buy,0xeb2da9fac54284cea731d1f10bb34eecb3c00c14,0x96d83f80f22a3ec687f935a53fafc922987364f7ce01d47bf3731c21c08e9a98
152,55.002,0.000495018,0x778c879a6d29ce7579280e3a8caa4ffa8f973920,2017-10-09T12:02:23.000Z,0.000009,0xd37d88d01d9ea4b27a33c161706ed9720a97716e,buy,0xeb2da9fac54284cea731d1f10bb34eecb3c00c14,0x8be8d3bf27f84baa5ed4ab99e359eae44151a42f1c1f75580145321f7d2069b1
153,2500,0.0125,0x778c879a6d29ce7579280e3a8caa4ffa8f973920,2017-10-09T10:32:31.000Z,0.000005,0x45f625d1b4eaed944ab2af1d95d5ff1601a8199f,sell,0xeb2da9fac54284cea731d1f10bb34eecb3c00c14,0xc76716f7007c4e2e66a0d8e69030dfd57b3e70e38440f545d9843be4e2874ef9
154,450.5,0.0042792995,0x778c879a6d29ce7579280e3a8caa4ffa8f973920,2017-10-09T03:49:00.000Z,0.000009499,0xdbbae39c54992479faac890e81eb4d8579b951d6,buy,0xeb2da9fac54284cea731d1f10bb34eecb3c00c14,0x4baf24e9e418cb659fb8ad7389ab8e3284be73b9f85744c0f0331392a1294e34
155,220,0.00209198,0x778c879a6d29ce7579280e3a8caa4ffa8f973920,2017-10-09T03:47:12.000Z,0.000009509,0x583b640795999aa2bb22c1a62a91336ff9d325bb,buy,0xeb2da9fac54284cea731d1f10bb34eecb3c00c14,0x5a41cb249be1b726823eb0b3c5c12040c98d6c9276fa8ea29d9fd367c4b61102
156,100,0.0009499,0x778c879a6d29ce7579280e3a8caa4ffa8f973920,2017-10-09T03:46:16.000Z,0.000009499,0xdbbae39c54992479faac890e81eb4d8579b951d6,buy,0xeb2da9fac54284cea731d1f10bb34eecb3c00c14,0x47d5b62a0e09bd51b9b7f5b34a56f177609e8d5f4952aeb3d211342facc22541
157,94691.45648489681,0.12309889343036587,0x39e6bc7e394a5536295d5b1e0c8e7f85da634926,2017-10-09T02:42:43.000Z,0.00000129999999999999,0x45f625d1b4eaed944ab2af1d95d5ff1601a8199f,sell,0xeb2da9fac54284cea731d1f10bb34eecb3c00c14,0x84ec8089c97ace9d0ca4ace5e16cc97dafe71f870f3f4413e711bbcad78ac1ab
158,5000,0.025005,0xf36990a2cb4d609e0a7d4f3bf884c0342d81fd3d,2017-10-09T02:35:21.000Z,0.000005001,0x45f625d1b4eaed944ab2af1d95d5ff1601a8199f,sell,0xeb2da9fac54284cea731d1f10bb34eecb3c00c14,0xf4959455454f1464eaa25198e49e0ca46c8102da835ad0309088b05547ed1264
159,4975.075,0.039805575075,0xf36990a2cb4d609e0a7d4f3bf884c0342d81fd3d,2017-10-09T02:00:47.000Z,0.000008001,0x583b640795999aa2bb22c1a62a91336ff9d325bb,sell,0xeb2da9fac54284cea731d1f10bb34eecb3c00c14,0xfefa9fb72e60d15dada5ef2157a334f4f92f02aa755fe5b1b7b35fb51b3a37f6
160,34500,0.328095,0xf4686b75cd62e60ad801edd5bceaae369afd08e9,2017-10-09T01:13:04.000Z,0.00000951,0x1ba5e93b342374e5dbc51a60dad588422747dacf,sell,0xeb2da9fac54284cea731d1f10bb34eecb3c00c14,0x90b3cdee526ca15b95d2db3f42ff4c907e8fa20e412b0ed71683ef5686a73064
161,5000,0.047505,0xf36990a2cb4d609e0a7d4f3bf884c0342d81fd3d,2017-10-08T23:57:17.000Z,0.000009501,0x1ba5e93b342374e5dbc51a60dad588422747dacf,sell,0xeb2da9fac54284cea731d1f10bb34eecb3c00c14,0x9347e5c32eab20d0befdda5d074964c8b50e144be7184673fc47f60bf11cdea1
162,50000,0.475,0x39e6bc7e394a5536295d5b1e0c8e7f85da634926,2017-10-08T23:57:09.000Z,0.0000095,0x1ba5e93b342374e5dbc51a60dad588422747dacf,sell,0xeb2da9fac54284cea731d1f10bb34eecb3c00c14,0x1c7bd6b04bc0d041d97b2693ae5f89173cef3765a49943a3e17742756b3e0666
163,50000,0.475,0x39e6bc7e394a5536295d5b1e0c8e7f85da634926,2017-10-08T23:32:33.000Z,0.0000095,0x9ca73101071b01c28bb9ec81608ee5014877ebe9,sell,0xeb2da9fac54284cea731d1f10bb34eecb3c00c14,0x9a0d7d4b1254e4714bf3ffd31e55747f7a50801746804c70a198074d6f7c3793
164,1200,0.0114,0x778c879a6d29ce7579280e3a8caa4ffa8f973920,2017-10-08T20:27:34.000Z,0.0000095,0xdbbae39c54992479faac890e81eb4d8579b951d6,sell,0xeb2da9fac54284cea731d1f10bb34eecb3c00c14,0x75cafc86055d47ffbc48059a9dc2720767fc6e28961fcea50f06a57cde819499
165,1000,0.0105,0x778c879a6d29ce7579280e3a8caa4ffa8f973920,2017-10-08T20:19:25.000Z,0.0000105,0x70c89142a25aac78e5bba2f427da3282b8858cf4,buy,0xeb2da9fac54284cea731d1f10bb34eecb3c00c14,0xa70b3e1e7ca4ebc27607b092bff176c852bfd982c8f7829c33b73d18ea8c9b1b
166,50000,0.06,0x39e6bc7e394a5536295d5b1e0c8e7f85da634926,2017-10-08T20:05:26.000Z,0.0000012,0xd37d88d01d9ea4b27a33c161706ed9720a97716e,sell,0xeb2da9fac54284cea731d1f10bb34eecb3c00c14,0x8f24a51d3bd0e9cac8bf29f313e1b8fa4a0ab3937656066bc562c27cf35f2f90
167,363.636,0.003999996,0x44a397e02ac6a16dec85be956a314edbb519803f,2017-10-08T19:33:27.000Z,0.000011,0xdbbae39c54992479faac890e81eb4d8579b951d6,buy,0xeb2da9fac54284cea731d1f10bb34eecb3c00c14,0xdfd8d2e5733ef014d78f8f6a0a6a83b06cfd3239bbf4fa9a42266b5897d7ce8c
168,1,0.000011,0x0249924245a19aa2d7f5ddb0739a7132b7d094ab,2017-10-08T19:19:18.000Z,0.000011,0xdbbae39c54992479faac890e81eb4d8579b951d6,buy,0xeb2da9fac54284cea731d1f10bb34eecb3c00c14,0x8dcea07a592a524a48f62ca1737c4498fc724bb3097af4446cf1f59971d413b6
169,4000,0.034,0x778c879a6d29ce7579280e3a8caa4ffa8f973920,2017-10-08T18:49:57.000Z,0.0000085,0xdbbae39c54992479faac890e81eb4d8579b951d6,buy,0xeb2da9fac54284cea731d1f10bb34eecb3c00c14,0x9744790dac0001bde2492572f42b53413e624aeb561ffe4cebdcb73faee2087b
170,980000,1.274,0x778c879a6d29ce7579280e3a8caa4ffa8f973920,2017-10-08T18:48:15.000Z,0.0000013,0x39e6bc7e394a5536295d5b1e0c8e7f85da634926,buy,0xeb2da9fac54284cea731d1f10bb34eecb3c00c14,0xc9af779746ace5e2fd87e4995a38695169f1c8bff4f0d8a0daa56491ea5002d8
171,20000,0.026,0xdbbae39c54992479faac890e81eb4d8579b951d6,2017-10-08T17:28:02.000Z,0.0000013,0x39e6bc7e394a5536295d5b1e0c8e7f85da634926,buy,0xeb2da9fac54284cea731d1f10bb34eecb3c00c14,0x52378b91cd3fa7be23939ee94d7574b026e5fa99f5127200e78e7bb80de8f8ab
172,10000,0.011,0x64ef1975158f85a23a661d5c205d083a3b3ea6a1,2017-10-08T08:17:08.000Z,0.0000011,0x39e6bc7e394a5536295d5b1e0c8e7f85da634926,buy,0xeb2da9fac54284cea731d1f10bb34eecb3c00c14,0xbd15ffd13d15ec84c7193af06083d499858ab8575c8b20f60a28a206cf80f1bb
173,50000,0.05,0xd37d88d01d9ea4b27a33c161706ed9720a97716e,2017-10-08T01:32:35.000Z,0.000001,0x7eba78f19bc4477eafdc29f46f6975490e54531d,buy,0xeb2da9fac54284cea731d1f10bb34eecb3c00c14,0x2ff708604c9753ec22f6f8c57ffc1713f9dd955b5cfd6e4c1b27561e38d2a0cb
174,41823.529,0.03554999965,0xd37d88d01d9ea4b27a33c161706ed9720a97716e,2017-10-08T01:29:16.000Z,0.00000085,0x39e6bc7e394a5536295d5b1e0c8e7f85da634926,buy,0xeb2da9fac54284cea731d1f10bb34eecb3c00c14,0x28cd494867d3a06f4abdd848e0383ca3132b50fc47362734f3671e2a559543cd
175,941176.471,0.80000000035,0x8b70f814cb2dd7ad738cb94fa8ac29e8e9bb4746,2017-10-08T00:20:26.000Z,0.00000085,0x39e6bc7e394a5536295d5b1e0c8e7f85da634926,buy,0xeb2da9fac54284cea731d1f10bb34eecb3c00c14,0xfd4793267d6cc96f76bf0923f6bc363e392df63da5701b8da0a02f19c7f1aed1
176,5000,0.00425,0x8b182a4526944fa498970732a69a95d281c3c8a9,2017-10-07T22:22:58.000Z,0.00000085,0x39e6bc7e394a5536295d5b1e0c8e7f85da634926,buy,0xeb2da9fac54284cea731d1f10bb34eecb3c00c14,0x94f79bdfb83e064eadb825ce7f40a00fbb4b7db7daf193d561f65de5a53be96b
177,6000,0.0051,0x78b0e4933f5b7d90102367e28efcde256998411e,2017-10-07T20:58:14.000Z,0.00000085,0x39e6bc7e394a5536295d5b1e0c8e7f85da634926,buy,0xeb2da9fac54284cea731d1f10bb34eecb3c00c14,0x55bae4b2d93a99a35a51aaa4cc8b0aa18ff03cfc63299b217f94516ecbb95986
178,6000,0.0051,0x78b0e4933f5b7d90102367e28efcde256998411e,2017-10-07T18:46:00.000Z,0.00000085,0x39e6bc7e394a5536295d5b1e0c8e7f85da634926,buy,0xeb2da9fac54284cea731d1f10bb34eecb3c00c14,0x89552c50edd5cef66d6340a0cc6f44b59d996e84d275f899ef1eb1db6901c48c
179,150000,0.1125,0x9910752a3add8071e43d68b8a1cc1e5d3c742ede,2017-10-07T05:06:50.000Z,0.00000075,0x39e6bc7e394a5536295d5b1e0c8e7f85da634926,buy,0xeb2da9fac54284cea731d1f10bb34eecb3c00c14,0xdff89eb8704eb1726fd493929195df1f02b53018ad6abd593a73cb5c985c7225
180,100000,0.075,0xfd0fe438cf033aab2a6998a95f2614d231ab8e04,2017-10-07T04:48:12.000Z,0.00000075,0x39e6bc7e394a5536295d5b1e0c8e7f85da634926,buy,0xeb2da9fac54284cea731d1f10bb34eecb3c00c14,0xac9f1bbe2d205755c2cf6c8625334c67c299d7f90a3f445d41913e1585d38618
181,1000,0.0144,0x8febed3910ba303142eeb034bd7d7523e4d38150,2017-10-07T00:20:37.000Z,0.0000144,0x9910752a3add8071e43d68b8a1cc1e5d3c742ede,buy,0xeb2da9fac54284cea731d1f10bb34eecb3c00c14,0x61b9269c750b817237f165ad835b72d739db72b8db7b324e759c06062d21e1fc
182,1,0.0000144,0x6cdea8e07bf82d7a07dbf36642d6e5be8623845c,2017-10-06T13:23:36.000Z,0.0000144,0x9910752a3add8071e43d68b8a1cc1e5d3c742ede,buy,0xeb2da9fac54284cea731d1f10bb34eecb3c00c14,0x1121917923b6146be0ea6cc8810a380458a4e7976309f14dd5884ca124f8a8a3
183,100000,0.055,0x9910752a3add8071e43d68b8a1cc1e5d3c742ede,2017-10-06T03:07:51.000Z,0.00000055,0x39e6bc7e394a5536295d5b1e0c8e7f85da634926,buy,0xeb2da9fac54284cea731d1f10bb34eecb3c00c14,0x758df0d2fb6beb1f21bbb99a869ac63767ecdf6a56e99a08a14867f2191d6fb6
184,900000,0.495,0xa1262c7f16acc148719675c92591d608c61eb166,2017-10-05T14:24:59.000Z,0.00000055,0x39e6bc7e394a5536295d5b1e0c8e7f85da634926,buy,0xeb2da9fac54284cea731d1f10bb34eecb3c00c14,0x0e3329b23c3e933a2495333ab265f9eb8103e0de007f12129a30657774c995e5
185,1000000,0.55,0xa1262c7f16acc148719675c92591d608c61eb166,2017-10-05T14:24:59.000Z,0.00000055,0x39e6bc7e394a5536295d5b1e0c8e7f85da634926,buy,0xeb2da9fac54284cea731d1f10bb34eecb3c00c14,0x1041bbd9d69f315192016c769be55d42101903c3e5bd2cc929caa3c2c59bc601
186,100000,0.055,0x9ca73101071b01c28bb9ec81608ee5014877ebe9,2017-10-05T10:29:03.000Z,0.00000055,0x39e6bc7e394a5536295d5b1e0c8e7f85da634926,buy,0xeb2da9fac54284cea731d1f10bb34eecb3c00c14,0xff3afb516dbd21c2b1048034eb73b7241f0d19c01bc2c88f2a659657f7c467e1
187,50,0.0015,0x58ba1743ea88caed2582b8cad19ebd2bcf0b8685,2017-10-05T08:21:29.000Z,0.00003,0x884fcc7e06202f56c1671b7abdcc22c736e0c800,sell,0xeb2da9fac54284cea731d1f10bb34eecb3c00c14,0x6f38ad3d06cfad75f62712b20a1cc70fe8238b5eae5d3f9ec3ff9b8bc9bfca38
188,100000,0.055,0x58ba1743ea88caed2582b8cad19ebd2bcf0b8685,2017-10-05T03:34:36.000Z,0.00000055,0x39e6bc7e394a5536295d5b1e0c8e7f85da634926,buy,0xeb2da9fac54284cea731d1f10bb34eecb3c00c14,0x017d80c1fc1378121472de69721bd3ccc3ccd29c75d2722905095c2faba9ac26
189,10000,0.0055,0x58ba1743ea88caed2582b8cad19ebd2bcf0b8685,2017-10-05T03:34:15.000Z,0.00000055,0x39e6bc7e394a5536295d5b1e0c8e7f85da634926,buy,0xeb2da9fac54284cea731d1f10bb34eecb3c00c14,0x830c6ad97f0dc899242350506ddc94e0575e3339822a31ae4f53df3c88edfbbd
190,100000,0.055,0x70c89142a25aac78e5bba2f427da3282b8858cf4,2017-10-04T23:36:36.000Z,0.00000055,0x39e6bc7e394a5536295d5b1e0c8e7f85da634926,buy,0xeb2da9fac54284cea731d1f10bb34eecb3c00c14,0x894b6f84f572db33259df6872f8588f498263351c8142d88964e187460125289
191,100000,0.05,0xf0a59d01095c347ae52e907e05d76e84b9845677,2017-10-04T22:52:46.000Z,0.0000005,0x39e6bc7e394a5536295d5b1e0c8e7f85da634926,buy,0xeb2da9fac54284cea731d1f10bb34eecb3c00c14,0x6b1ae5d3c9c64ab1703a00a14122a541133329cb6f1e6ed52a84277e4c4c1ff4
192,100000,0.0451,0x884fcc7e06202f56c1671b7abdcc22c736e0c800,2017-10-04T13:37:56.000Z,0.000000451,0x39e6bc7e394a5536295d5b1e0c8e7f85da634926,buy,0xeb2da9fac54284cea731d1f10bb34eecb3c00c14,0xebce04b41b2918c0c507cbaedcc014d6c26f591edba737f5fee6306ef604a8e0
193,10000,0.006,0x997882f395004b023ec6dd2fda98e39d275cb171,2017-10-03T19:58:59.000Z,0.0000006,0x39e6bc7e394a5536295d5b1e0c8e7f85da634926,buy,0xeb2da9fac54284cea731d1f10bb34eecb3c00c14,0xeffe39d3bc21cef403f063b3010ec21a8c8f75172d718e370cd4e32de354376a
194,2000000,0.82,0x583b640795999aa2bb22c1a62a91336ff9d325bb,2017-10-03T17:25:14.000Z,0.00000041,0x39e6bc7e394a5536295d5b1e0c8e7f85da634926,buy,0xeb2da9fac54284cea731d1f10bb34eecb3c00c14,0xa3ede5ec6f6a5b1d9c59e0a95769694607cf8b543909e3a56856ecbf0fbdf07f
195,225000,0.07875,0x583b640795999aa2bb22c1a62a91336ff9d325bb,2017-10-03T17:22:15.000Z,0.00000035,0x39e6bc7e394a5536295d5b1e0c8e7f85da634926,buy,0xeb2da9fac54284cea731d1f10bb34eecb3c00c14,0x35a67390c1c61b213de6ff9b157fdb7b7baadf16e1dbaac315b9807e9e4a752a
196,25000,0.00875,0x0024a5046fd95c5eee6db19a69ef7ed3bacd50f1,2017-10-03T11:19:53.000Z,0.00000035,0x39e6bc7e394a5536295d5b1e0c8e7f85da634926,buy,0xeb2da9fac54284cea731d1f10bb34eecb3c00c14,0x5e4b6f7d60abd400dae21c5c77796140782247855467614e78281436db53c4e0
197,1000000,0.3,0x91e0c583fc05ad10ed9a40c07c6417e880447297,2017-10-03T06:09:00.000Z,0.0000003,0x39e6bc7e394a5536295d5b1e0c8e7f85da634926,buy,0xeb2da9fac54284cea731d1f10bb34eecb3c00c14,0xeefd97cf319d85ea13b890ff980fdc713a7896969f14e7632987f8004a02f97d
