,amount,amountBase,buyer,date,price,seller,side,tokenAddr,txHash
0,82,0.0000738,0xd64f9a51bae07df65a546408507e5163c7a1648e,2017-11-02T14:24:29.000Z,0.0000009,0x97079c598f01269a9128cad8e2d1eb0a00b07cd3,buy,0x179a2e413386db620d5b89a18550a3874385f726,0xddf6a0791e7946d6cc514994ec6f774840c6ad7aec5743fda10b05eb3605b251
1,90,0.000099,0xd64f9a51bae07df65a546408507e5163c7a1648e,2017-10-29T10:46:36.000Z,0.0000011,0x97079c598f01269a9128cad8e2d1eb0a00b07cd3,buy,0x179a2e413386db620d5b89a18550a3874385f726,0x8e81f555a5615a277363c75fb175dfaddf40765c1b73d593e76bb13fb92dc8c0
2,19898.997,0.027898393794,0x88802ae26da3c0ddb9786c01bad04529ffc4a4c0,2017-10-26T14:44:33.000Z,0.000001402,0x833438ee8ac5c23f579ec08142f2285b4a596b74,buy,0x179a2e413386db620d5b89a18550a3874385f726,0x4aaac82683f536194c9d81cd27bafe16e221f6e611ff17c38855a8b7ab3056fb
3,5000,0.0055,0x88802ae26da3c0ddb9786c01bad04529ffc4a4c0,2017-10-26T14:43:55.000Z,0.0000011,0xb417fc8781bfd509b91c6360493535512b133481,buy,0x179a2e413386db620d5b89a18550a3874385f726,0xe88ff14a0467dcdff5adece97236e89f1573c4c53c86765da8ecea1f6ac84761
4,2000,0.0027,0x88802ae26da3c0ddb9786c01bad04529ffc4a4c0,2017-10-26T14:43:55.000Z,0.00000135,0xb417fc8781bfd509b91c6360493535512b133481,buy,0x179a2e413386db620d5b89a18550a3874385f726,0x4420209bdd678225013ce810de7c9e82e25090f948b28320dec45ab7e93d50ba
5,49.84547,0.0000104675487,0xbbe8a1421d8583194bd959a640cb82225650c748,2017-10-26T12:00:28.000Z,0.00000021,0xb7cb348805dc234761868b96757662741873f37a,sell,0x179a2e413386db620d5b89a18550a3874385f726,0x145940ba848a3b3a8c9b28b939188dc8366e1339414f601541ecb4f4b0dce42a
6,0.00099,0.00099,0x2efba5bd2222fef44da8e0b6280e38591c8e3579,2017-10-24T17:08:41.000Z,1,0x1d5321e125f6c7079a716705541c7b371ca79e69,sell,0x179a2e413386db620d5b89a18550a3874385f726,0xc8b30751bdf202c2b63b3d3867bf7219e9470747172fbbac5fc16ead5b438217
7,0.001,0.0000000011,0x1d5321e125f6c7079a716705541c7b371ca79e69,2017-10-24T17:08:41.000Z,0.0000011,0xb417fc8781bfd509b91c6360493535512b133481,buy,0x179a2e413386db620d5b89a18550a3874385f726,0xc8b30751bdf202c2b63b3d3867bf7219e9470747172fbbac5fc16ead5b438217
8,0.001,0.001,0x2efba5bd2222fef44da8e0b6280e38591c8e3579,2017-10-24T17:03:59.000Z,1,0x0b773d7819259d78757b26dc4148812d35676d8f,sell,0x179a2e413386db620d5b89a18550a3874385f726,0x8f526d9a6df69106bae5381cea960066dfbccf655657e1b0e30573e9ef4975b4
9,0.001,0.001,0x2efba5bd2222fef44da8e0b6280e38591c8e3579,2017-10-24T16:48:32.000Z,1,0x0b773d7819259d78757b26dc4148812d35676d8f,sell,0x179a2e413386db620d5b89a18550a3874385f726,0xc5ba310d6c7965269992be79623ec2911e8f26e65eeb4137a81cd244f011fc97
10,0.00099,0.00099,0x2efba5bd2222fef44da8e0b6280e38591c8e3579,2017-10-24T07:19:28.000Z,1,0xd2ea382e498316d91b9de8557670149b479721a0,sell,0x179a2e413386db620d5b89a18550a3874385f726,0x05784ad3f87b2a8dee3e44a5ddae107980b97411e8f15ab0aae18caa83049dca
11,0.001,0.0000000011,0xd2ea382e498316d91b9de8557670149b479721a0,2017-10-24T07:19:28.000Z,0.0000011,0xb417fc8781bfd509b91c6360493535512b133481,buy,0x179a2e413386db620d5b89a18550a3874385f726,0x05784ad3f87b2a8dee3e44a5ddae107980b97411e8f15ab0aae18caa83049dca
12,0.001,0.0000000012,0x273a5d3e6721b9f5c1a6474f560c1334c63dda01,2017-10-23T16:47:08.000Z,0.0000012,0x833438ee8ac5c23f579ec08142f2285b4a596b74,buy,0x179a2e413386db620d5b89a18550a3874385f726,0x8f4245f4b5bb1b1dc8dccfa23a34348d17e24184cb255ff556aca3a001ad1462
13,0.00099,0.00099,0x2efba5bd2222fef44da8e0b6280e38591c8e3579,2017-10-23T16:47:08.000Z,1,0x273a5d3e6721b9f5c1a6474f560c1334c63dda01,sell,0x179a2e413386db620d5b89a18550a3874385f726,0x8f4245f4b5bb1b1dc8dccfa23a34348d17e24184cb255ff556aca3a001ad1462
14,0.00099,0.00099,0x2efba5bd2222fef44da8e0b6280e38591c8e3579,2017-10-23T16:38:03.000Z,1,0x273a5d3e6721b9f5c1a6474f560c1334c63dda01,sell,0x179a2e413386db620d5b89a18550a3874385f726,0x7ab18b6b45d9143a4f1450d0b70deb2c7290cb1f95497c583a3561b478eea13a
15,0.001,0.0000000012,0x273a5d3e6721b9f5c1a6474f560c1334c63dda01,2017-10-23T16:38:03.000Z,0.0000012,0x833438ee8ac5c23f579ec08142f2285b4a596b74,buy,0x179a2e413386db620d5b89a18550a3874385f726,0x7ab18b6b45d9143a4f1450d0b70deb2c7290cb1f95497c583a3561b478eea13a
16,0.001,0.0000000012,0x273a5d3e6721b9f5c1a6474f560c1334c63dda01,2017-10-23T16:33:07.000Z,0.0000012,0x833438ee8ac5c23f579ec08142f2285b4a596b74,buy,0x179a2e413386db620d5b89a18550a3874385f726,0xa07ed26cf1cd971d20419927aafc56a830278c79ada1fe0a29fcbea85468c0aa
17,0.00099,0.00099,0x2efba5bd2222fef44da8e0b6280e38591c8e3579,2017-10-23T16:33:07.000Z,1,0x273a5d3e6721b9f5c1a6474f560c1334c63dda01,sell,0x179a2e413386db620d5b89a18550a3874385f726,0xa07ed26cf1cd971d20419927aafc56a830278c79ada1fe0a29fcbea85468c0aa
18,100,0.00012,0x2efba5bd2222fef44da8e0b6280e38591c8e3579,2017-10-23T16:23:25.000Z,0.0000012,0x833438ee8ac5c23f579ec08142f2285b4a596b74,buy,0x179a2e413386db620d5b89a18550a3874385f726,0x739dcc0d03989021fdfac20138d9b3c5bcaa2f6eca1ae30f93b6701bb8172244
19,9.96909,0.00000210347799,0x0ae2d2b3a41f08ea2674178a6ea95a916aef0e6b,2017-10-23T15:48:07.000Z,0.000000211,0x7c6d40105cd9611d27c61adba6e78d1961dfe4a5,sell,0x179a2e413386db620d5b89a18550a3874385f726,0x63a77b78c2312b02e468a0d90054f9d5ee18eeb4c2469ee8e259046a8b1d2ace
20,115.319,0.0230638,0x83e8d2ce4b78b655c2e2d0cc5ebc8e584361c8e0,2017-10-22T20:13:43.000Z,0.0002,0x273a5d3e6721b9f5c1a6474f560c1334c63dda01,sell,0x179a2e413386db620d5b89a18550a3874385f726,0x0ea76eff1b6517e51d78321ec7f18b5bd99819df86768ad73393671bbd536450
21,115.666,0.000115434668,0x273a5d3e6721b9f5c1a6474f560c1334c63dda01,2017-10-22T20:13:43.000Z,0.000000998,0x0a72ebae0321b78bf42b5846c57f90d714a5cb31,buy,0x179a2e413386db620d5b89a18550a3874385f726,0x0ea76eff1b6517e51d78321ec7f18b5bd99819df86768ad73393671bbd536450
22,501.002,0.0005,0xcd912af5286dc0b0a23edb30209734ecb60838b3,2017-10-22T00:00:26.000Z,0.000000998000007984,0x0a72ebae0321b78bf42b5846c57f90d714a5cb31,buy,0x179a2e413386db620d5b89a18550a3874385f726,0xefa24df05fcb3579724f0209d65d905c9a9b77def4079c03e09fee704593efd2
23,501.002,0.0005,0x42c24a83bded723edfdf5883bc7efb30bc1a1bf3,2017-10-21T23:56:57.000Z,0.000000998000007984,0x0a72ebae0321b78bf42b5846c57f90d714a5cb31,buy,0x179a2e413386db620d5b89a18550a3874385f726,0x47a0f1ebd8f29d3925dadbbe7ff3ffff935ae5f2ce794acbfb6e8bc8b779f6ad
24,501.002,0.0005,0x379374d13077e8867ef31803c37baf9785a17c00,2017-10-21T23:55:12.000Z,0.000000998000007984,0x0a72ebae0321b78bf42b5846c57f90d714a5cb31,buy,0x179a2e413386db620d5b89a18550a3874385f726,0x3462e431e474eda67c5311e30d11fff04ffb1da42f0be238689fdd89b32da110
25,501.002,0.0005,0xf9695cd65d6dfdf257fab76a3eb0cb8f001971cc,2017-10-21T23:53:21.000Z,0.000000998000007984,0x0a72ebae0321b78bf42b5846c57f90d714a5cb31,buy,0x179a2e413386db620d5b89a18550a3874385f726,0x8d231a88a1fcc8bef7c9f591975385cd61b79807cca95c2f9a5ad82e5065027b
26,501.002,0.0005,0x16e5d97bbc92417e051e3b2cabfbf8ceea2acb9c,2017-10-21T23:51:59.000Z,0.000000998000007984,0x0a72ebae0321b78bf42b5846c57f90d714a5cb31,buy,0x179a2e413386db620d5b89a18550a3874385f726,0x4044c7bc4a492d72165600450cee48a676f76579e228dce1cafb9df0eb72d4ed
27,186000,0.185814,0xd64f9a51bae07df65a546408507e5163c7a1648e,2017-10-21T14:59:56.000Z,0.000000999,0x0a72ebae0321b78bf42b5846c57f90d714a5cb31,buy,0x179a2e413386db620d5b89a18550a3874385f726,0x72a12a15a122dec529f4aa2402cdedc433226f8eb6165b2c4f453577c2f61069
28,89882,0.089702236,0xd64f9a51bae07df65a546408507e5163c7a1648e,2017-10-21T14:59:12.000Z,0.000000998,0x0a72ebae0321b78bf42b5846c57f90d714a5cb31,buy,0x179a2e413386db620d5b89a18550a3874385f726,0x07a9aa0c37384a2dff9dbc1e489e03d07020adaf96779b01b76b72561337b90e
29,5000,0.00499,0xddb38be7ef79ca91d3d65f796260d6192fa6fc07,2017-10-21T01:06:02.000Z,0.000000998,0x0a72ebae0321b78bf42b5846c57f90d714a5cb31,buy,0x179a2e413386db620d5b89a18550a3874385f726,0x22a81fe2b5fab592991ab9b1ca7c6283eadfedb863bf533b911841be3293a11f
30,10000,0.01001,0xf36990a2cb4d609e0a7d4f3bf884c0342d81fd3d,2017-10-20T20:37:07.000Z,0.000001001,0xad94820b79e4288665eaf845156defa0df39858d,sell,0x179a2e413386db620d5b89a18550a3874385f726,0x9ab28b97671be75824dbf542ab0a3c6742b5ba7d27174a14bdf783d7bb6b928e
31,65000,0.1365,0xaa9b76fe4428ed447b2ae6dcdade4e487ec42261,2017-10-20T13:33:02.000Z,0.0000021,0xad94820b79e4288665eaf845156defa0df39858d,sell,0x179a2e413386db620d5b89a18550a3874385f726,0xf3f35d59eb3a7dbe8b9d835285e3655b2a9a7a3c4179d19bc4b2b40c11ede3f7
32,99690.95803,0.10985943574906,0x0fe6090affd0b5ba58586ab18fe575a51911d098,2017-10-20T09:07:19.000Z,0.000001102,0x3e7d005ed164cc1b2066279cf625a0960281dfb2,sell,0x179a2e413386db620d5b89a18550a3874385f726,0x99c8c43f1a65fdf89e2ca0581dfa49d501246e75911fd177e661302b6638a777
33,1,0.00000285,0x6cdea8e07bf82d7a07dbf36642d6e5be8623845c,2017-10-20T01:18:22.000Z,0.00000285,0x833438ee8ac5c23f579ec08142f2285b4a596b74,buy,0x179a2e413386db620d5b89a18550a3874385f726,0x4e7a5270bc97979767b8f06fc6c0e2ed517f1bbf91aa54ba14e9f0da915b29d0
34,20000,0.02204,0x833438ee8ac5c23f579ec08142f2285b4a596b74,2017-10-19T22:08:40.000Z,0.000001102,0xad94820b79e4288665eaf845156defa0df39858d,sell,0x179a2e413386db620d5b89a18550a3874385f726,0x0afb322f76a6215812a368b20de428cdb8b1cf60a0d4e68a01d65b23429ed15a
35,200000,0.23,0xbbe8a1421d8583194bd959a640cb82225650c748,2017-10-19T21:54:20.000Z,0.00000115,0xad94820b79e4288665eaf845156defa0df39858d,sell,0x179a2e413386db620d5b89a18550a3874385f726,0xc307879620417362925a51305ef9f09543fac4e59c081bfb9ef0767319ce629c
36,100000,0.15,0x3e7d005ed164cc1b2066279cf625a0960281dfb2,2017-10-19T15:13:16.000Z,0.0000015,0xad94820b79e4288665eaf845156defa0df39858d,sell,0x179a2e413386db620d5b89a18550a3874385f726,0xcc4ebe7839a947735db500eeaf1e668d222a65b6c72de64f8d9d1e7aa4cff55c
37,4208.754,0.01666666584,0x5d5065b42bdee0274e394ba9042c21e1818c69cf,2017-10-19T07:15:51.000Z,0.00000396,0x97079c598f01269a9128cad8e2d1eb0a00b07cd3,sell,0x179a2e413386db620d5b89a18550a3874385f726,0x9b1ca21f04002467b6f8b92e348233f4a70af43f00d2745365e1074e4e4ce480
38,5000,0.0249995,0x27849f835bb345a26dffbfa7a8863c387b546730,2017-10-19T05:28:21.000Z,0.0000049999,0xd6ef78ef089ff1817ee51fa6a77f6bd06091ff05,buy,0x179a2e413386db620d5b89a18550a3874385f726,0xdd2276ec5f62bcf23fd85ded015bca9e7e8a2c9c98cc6450cb0a3032f6f9cbc0
39,1,0.000005,0x0249924245a19aa2d7f5ddb0739a7132b7d094ab,2017-10-18T19:29:39.000Z,0.000005,0xad94820b79e4288665eaf845156defa0df39858d,buy,0x179a2e413386db620d5b89a18550a3874385f726,0x716461d4541cfa8066ed5ab2766c075dd11931730125037492c807a6a2e75dc9
40,1,0.000019,0x3ac636ac5c3a2576156ac5f10066ca68abe0ad54,2017-10-18T17:03:36.000Z,0.000019,0x0a72ebae0321b78bf42b5846c57f90d714a5cb31,buy,0x179a2e413386db620d5b89a18550a3874385f726,0xd6244e5a05ead184f7aa1f0a580f81b4a979fd1de927b5da00754302858d665c
41,70000,0.10514,0xd6ef78ef089ff1817ee51fa6a77f6bd06091ff05,2017-10-18T05:22:28.000Z,0.000001502,0xad94820b79e4288665eaf845156defa0df39858d,sell,0x179a2e413386db620d5b89a18550a3874385f726,0x9d7c25a248b88828a9832229a4fa306f25dd8d999ff42fb48e7489179094cd5e
42,10300,0.0154603,0x97c5c53f8acac416f87a884f6f923ae063ebaacd,2017-10-18T05:22:28.000Z,0.000001501,0xad94820b79e4288665eaf845156defa0df39858d,sell,0x179a2e413386db620d5b89a18550a3874385f726,0x7502c52f01e1f145ec45986648e7ec7dd4f6345d6eb7f4cb27599432999a76c5
43,8000,0.012016,0x97c5c53f8acac416f87a884f6f923ae063ebaacd,2017-10-18T05:22:28.000Z,0.000001502,0xad94820b79e4288665eaf845156defa0df39858d,sell,0x179a2e413386db620d5b89a18550a3874385f726,0xdffdb04a0bb1f29468823f81f1d4e528fc8efee26cf3e65618f3ed6d17e71560
44,20000,0.03,0xb417fc8781bfd509b91c6360493535512b133481,2017-10-18T05:22:28.000Z,0.0000015,0xad94820b79e4288665eaf845156defa0df39858d,sell,0x179a2e413386db620d5b89a18550a3874385f726,0x794984e4b4439c8417f4cc5e7a3604e73c899ee605407ea269ecb9c1573b6249
45,500000,1,0x770f34fdd214b36f2494ed57bb827b4c319e5baa,2017-10-18T01:18:19.000Z,0.000002,0xad94820b79e4288665eaf845156defa0df39858d,sell,0x179a2e413386db620d5b89a18550a3874385f726,0x73262395e4b317498267bdd59928a721a505acbb16164111563ed7ca8c1efc8b
46,100000,0.3,0x8909e1a4f31fc2214ea6c4a917268b833b00c000,2017-10-17T23:36:30.000Z,0.000003,0xad94820b79e4288665eaf845156defa0df39858d,buy,0x179a2e413386db620d5b89a18550a3874385f726,0xc8ee3e2f2f2fd1d455e37978e3aa417ca72cb44f3faaf5af73f0c18a3eb5f0d5
47,30000,0.09,0x8909e1a4f31fc2214ea6c4a917268b833b00c000,2017-10-17T23:33:41.000Z,0.000003,0xad94820b79e4288665eaf845156defa0df39858d,buy,0x179a2e413386db620d5b89a18550a3874385f726,0x6968dbe605c319f30469e9f4b889d9c293e44ccb92020cd813726dbc2f28fa0f
48,277411.73468,0.55482346936,0x770f34fdd214b36f2494ed57bb827b4c319e5baa,2017-10-17T22:32:50.000Z,0.000002,0xad94820b79e4288665eaf845156defa0df39858d,sell,0x179a2e413386db620d5b89a18550a3874385f726,0x89a9f1bdd916cfd09dcdf2070e1614cec64374b74a4af06ab5a21c117ccbbfe5
49,400000,0.8,0x770f34fdd214b36f2494ed57bb827b4c319e5baa,2017-10-17T22:31:46.000Z,0.000002,0xad94820b79e4288665eaf845156defa0df39858d,sell,0x179a2e413386db620d5b89a18550a3874385f726,0xe7771f707657665bde9c1975ac8a5a37731a0f6ddecc99c6980b59633b3aa6ef
50,200000,1,0x770f34fdd214b36f2494ed57bb827b4c319e5baa,2017-10-17T21:36:11.000Z,0.000005,0xad94820b79e4288665eaf845156defa0df39858d,sell,0x179a2e413386db620d5b89a18550a3874385f726,0xec3352d162a6a485428d3462b9f88c639f2e2b4033266893dbb64caa48269eeb
51,5000,0.0225,0xddb38be7ef79ca91d3d65f796260d6192fa6fc07,2017-10-17T16:07:33.000Z,0.0000045,0xad94820b79e4288665eaf845156defa0df39858d,sell,0x179a2e413386db620d5b89a18550a3874385f726,0x222ca08541274a29fa061971d00bc71eda58c18e8da661708e9b90977e9c8c6c
52,300,0.00126,0xad94820b79e4288665eaf845156defa0df39858d,2017-10-17T13:38:53.000Z,0.0000042,0x97079c598f01269a9128cad8e2d1eb0a00b07cd3,sell,0x179a2e413386db620d5b89a18550a3874385f726,0x2997453b683957fb67025e050d57619702a2192990c65511d2b3b09439011342
53,500,0.0025,0xad94820b79e4288665eaf845156defa0df39858d,2017-10-17T13:08:41.000Z,0.000005,0x97079c598f01269a9128cad8e2d1eb0a00b07cd3,sell,0x179a2e413386db620d5b89a18550a3874385f726,0xc3e74f1a20c0e825a08fe14af1d173969e3fd8260bfb70f52d9d5e2aef496947
54,1500,0.0075015,0x0a72ebae0321b78bf42b5846c57f90d714a5cb31,2017-10-17T13:07:13.000Z,0.000005001,0x97079c598f01269a9128cad8e2d1eb0a00b07cd3,sell,0x179a2e413386db620d5b89a18550a3874385f726,0x57349caca7091e06ce87539a0299a2462022d55f723e1a079271444f1e5802ed
55,1480,0.0097236,0xdd55aed1e7c65ea79b650269ce4d3a0ef5449b8e,2017-10-17T13:00:02.000Z,0.00000657,0x97079c598f01269a9128cad8e2d1eb0a00b07cd3,sell,0x179a2e413386db620d5b89a18550a3874385f726,0x578f874ea329be952d027e2ac2afce21090a68fd1293c295bfe50c44822e781e
56,241,0.003615,0xdd55aed1e7c65ea79b650269ce4d3a0ef5449b8e,2017-10-17T12:57:51.000Z,0.000015,0x97079c598f01269a9128cad8e2d1eb0a00b07cd3,sell,0x179a2e413386db620d5b89a18550a3874385f726,0x9fae5162b05f2441cdde46d23e00df199416dad651c88569d72ef4db8d9f157e
57,100,0.002,0xdd55aed1e7c65ea79b650269ce4d3a0ef5449b8e,2017-10-17T12:57:51.000Z,0.00002,0x97079c598f01269a9128cad8e2d1eb0a00b07cd3,sell,0x179a2e413386db620d5b89a18550a3874385f726,0x550c5e711142b92dd8c77cd214cd4554abf97a19c1f6c0060a4a8844a0b19871
58,88,0.004136,0x0a72ebae0321b78bf42b5846c57f90d714a5cb31,2017-10-17T12:57:42.000Z,0.000047,0x97079c598f01269a9128cad8e2d1eb0a00b07cd3,sell,0x179a2e413386db620d5b89a18550a3874385f726,0x5dca06a25faadf8e439cf523ff913820ab4540ac5a1de900a21052f71afc9c65
59,274,0.008494,0x0a72ebae0321b78bf42b5846c57f90d714a5cb31,2017-10-17T12:57:42.000Z,0.000031,0x97079c598f01269a9128cad8e2d1eb0a00b07cd3,sell,0x179a2e413386db620d5b89a18550a3874385f726,0xc28e9898c167eb26304f1ccc8d2f865db19a2b5357a2f7bff40495626619f769
60,26,0.00169,0x0a72ebae0321b78bf42b5846c57f90d714a5cb31,2017-10-17T12:57:42.000Z,0.000065,0x97079c598f01269a9128cad8e2d1eb0a00b07cd3,sell,0x179a2e413386db620d5b89a18550a3874385f726,0xe3b5df0926406eb96e2dc5c15fef57c1fdb84b499fcaaab49b335936eb1c763e
61,4.16701,0.0005,0xcd912af5286dc0b0a23edb30209734ecb60838b3,2017-10-17T05:17:14.000Z,0.00011999011281470407,0x97c5c53f8acac416f87a884f6f923ae063ebaacd,buy,0x179a2e413386db620d5b89a18550a3874385f726,0x4ddd0b5a32785895ca1d725a8b9811782edc82130c1bf3a6509daf8f7230db1a
62,21.02991,0.002102991,0x0a72ebae0321b78bf42b5846c57f90d714a5cb31,2017-10-17T03:59:40.000Z,0.0001,0x97c5c53f8acac416f87a884f6f923ae063ebaacd,sell,0x179a2e413386db620d5b89a18550a3874385f726,0xcb5c9f2e60fd5e2ff3e610cf25910e738a7356bdbad83c2b1805b0d54febb9b4
63,0.001,0.0000001,0x0a72ebae0321b78bf42b5846c57f90d714a5cb31,2017-10-16T22:32:08.000Z,0.0001,0xcf485e9b5449d9d0c13741bd8a3589280bc4f992,sell,0x179a2e413386db620d5b89a18550a3874385f726,0x217ec42ed7237d861a563de0dcceb186d3f4bff9dc16c85138a7865e34f02623
64,9.96909,0.000996909,0x0a72ebae0321b78bf42b5846c57f90d714a5cb31,2017-10-16T22:31:33.000Z,0.0001,0xcf485e9b5449d9d0c13741bd8a3589280bc4f992,sell,0x179a2e413386db620d5b89a18550a3874385f726,0x4715df3d02b3e2cfae8c4fd8b2cc5201f29d7170a6764d1adadd08d31e59e5e3
65,100,0.0149,0xdd55aed1e7c65ea79b650269ce4d3a0ef5449b8e,2017-10-16T21:27:46.000Z,0.000149,0x0a72ebae0321b78bf42b5846c57f90d714a5cb31,buy,0x179a2e413386db620d5b89a18550a3874385f726,0xdf452cc54231c3999e23a0706d62e5711ed9575ea042f6e5eb9fe9134bd402f0
66,67,0.009983,0xdd55aed1e7c65ea79b650269ce4d3a0ef5449b8e,2017-10-16T21:26:47.000Z,0.000149,0x0a72ebae0321b78bf42b5846c57f90d714a5cb31,buy,0x179a2e413386db620d5b89a18550a3874385f726,0x02a1f950e34b432d27d00720f9343adf31c277037edd8373233d8251dab1bb25
67,200,0.0209998,0x7655ea77962ecc54d8e6000358dcfd74c4f3fef2,2017-10-16T20:40:29.000Z,0.000104999,0xf36990a2cb4d609e0a7d4f3bf884c0342d81fd3d,buy,0x179a2e413386db620d5b89a18550a3874385f726,0xe136d6dd4b71360767614f69382ed9bbfc153c9d672632502043862c4730387d
68,115.66619,0.012144950560984946,0x83e8d2ce4b78b655c2e2d0cc5ebc8e584361c8e0,2017-10-16T18:14:45.000Z,0.00010500000528231237,0xad94820b79e4288665eaf845156defa0df39858d,buy,0x179a2e413386db620d5b89a18550a3874385f726,0x320270994116a9708692c2a50dbecc3a019a8b0fbb4d92e30024c9d734ea4672
69,145,0.03915,0xdd55aed1e7c65ea79b650269ce4d3a0ef5449b8e,2017-10-16T16:47:14.000Z,0.00027,0x0a72ebae0321b78bf42b5846c57f90d714a5cb31,buy,0x179a2e413386db620d5b89a18550a3874385f726,0x2f6ddc608d4f94f807e2bc0f694a889de9dd0c0563754346f85e4c8e4980aaec
70,25,0.00675,0x0a72ebae0321b78bf42b5846c57f90d714a5cb31,2017-10-16T16:46:22.000Z,0.00027,0x0a72ebae0321b78bf42b5846c57f90d714a5cb31,buy,0x179a2e413386db620d5b89a18550a3874385f726,0xd4b1e86dfb6250cabb05115e53163981b5c5bec80c95fcc7bd38029050e84e7f
71,43,0.01161,0x0a72ebae0321b78bf42b5846c57f90d714a5cb31,2017-10-16T16:45:08.000Z,0.00027,0x0a72ebae0321b78bf42b5846c57f90d714a5cb31,buy,0x179a2e413386db620d5b89a18550a3874385f726,0xad9cd8af7b816ed3e72d00b3645a303d8f51f0bf1cc637cf8007932d8742a3c3
72,35,0.00945,0xdd55aed1e7c65ea79b650269ce4d3a0ef5449b8e,2017-10-16T16:27:10.000Z,0.00027,0x0a72ebae0321b78bf42b5846c57f90d714a5cb31,buy,0x179a2e413386db620d5b89a18550a3874385f726,0x89bf8e02bd8c5d69261d2abbf3e9141f43cdd2cb30c91c59e1224da8ed6f28d3
73,9000,0.03825,0x0a72ebae0321b78bf42b5846c57f90d714a5cb31,2017-10-16T16:00:58.000Z,0.00000425,0xad94820b79e4288665eaf845156defa0df39858d,sell,0x179a2e413386db620d5b89a18550a3874385f726,0x4e36cc908b8c04f959e3d069d0f8a675f193f959a29138f8b2729b42af096293
74,1000,0.05,0xad94820b79e4288665eaf845156defa0df39858d,2017-10-16T15:58:20.000Z,0.00005,0xad94820b79e4288665eaf845156defa0df39858d,buy,0x179a2e413386db620d5b89a18550a3874385f726,0xcc63834fdec920989c1f4e34cffb7c272c95fd943c220bfdb5718d569e8c736c
75,274000,0.9042,0x0a72ebae0321b78bf42b5846c57f90d714a5cb31,2017-10-16T15:56:54.000Z,0.0000033,0xad94820b79e4288665eaf845156defa0df39858d,sell,0x179a2e413386db620d5b89a18550a3874385f726,0x8de3b9b8ad720ebe9044d9838af708b5e4b77625a9a49eb723dbb9a29806a84d
76,200000,0.8,0xd64f9a51bae07df65a546408507e5163c7a1648e,2017-10-16T15:37:15.000Z,0.000004,0xad94820b79e4288665eaf845156defa0df39858d,sell,0x179a2e413386db620d5b89a18550a3874385f726,0x3e14b04ffbf8c2ae01dbe813b1964164a4c95160aee68dbd768cf69993dd61db
77,186432,0.80352192,0x0a72ebae0321b78bf42b5846c57f90d714a5cb31,2017-10-16T15:31:38.000Z,0.00000431,0xad94820b79e4288665eaf845156defa0df39858d,sell,0x179a2e413386db620d5b89a18550a3874385f726,0xd966786a8a7b555d0b9c95b7b2b630906e22cd02f3ef8358f2e9dd055e9fabe4
78,27297.378,0.122838201,0xdd55aed1e7c65ea79b650269ce4d3a0ef5449b8e,2017-10-16T15:26:12.000Z,0.0000045,0xad94820b79e4288665eaf845156defa0df39858d,sell,0x179a2e413386db620d5b89a18550a3874385f726,0xd4d930f3f937bc6d04ee94f8a0f52d6b068cb695c6c185356992395160eca7f5
79,280.93146,0.08287422001368484,0x179c6ae2129da08767391429911ef1ea32c7b6d4,2017-10-16T15:23:19.000Z,0.0002949980041882274,0x97c5c53f8acac416f87a884f6f923ae063ebaacd,buy,0x179a2e413386db620d5b89a18550a3874385f726,0xf8c1541a095431f163e84eaf5cbe3995e515d572015c12b4f85447191f615465
80,149999.99579,0.6209999825706,0xdd55aed1e7c65ea79b650269ce4d3a0ef5449b8e,2017-10-16T15:20:24.000Z,0.00000414,0xad94820b79e4288665eaf845156defa0df39858d,sell,0x179a2e413386db620d5b89a18550a3874385f726,0x7f2c4c5d0c8dddffe4fa5cd9696bfa9d6c65e0b348f5daad8d9c510705681d16
81,149957.86,0.734793514,0x0a72ebae0321b78bf42b5846c57f90d714a5cb31,2017-10-16T15:16:47.000Z,0.0000049,0xad94820b79e4288665eaf845156defa0df39858d,sell,0x179a2e413386db620d5b89a18550a3874385f726,0x30bf0d734db4eda0411ddb10e60bd1c96654fb2978cf0dea3ed5a65990571bdf
82,0.00421,0.0000000174294,0xdd55aed1e7c65ea79b650269ce4d3a0ef5449b8e,2017-10-16T15:15:39.000Z,0.00000414,0xad94820b79e4288665eaf845156defa0df39858d,sell,0x179a2e413386db620d5b89a18550a3874385f726,0x611bfbcf1c5456bd66d8a329201c75454b4924aa0fe3dc6f8dfa2ae5f171f748
83,42.13963,0.000206484187,0x0a72ebae0321b78bf42b5846c57f90d714a5cb31,2017-10-16T15:14:25.000Z,0.0000049,0xad94820b79e4288665eaf845156defa0df39858d,sell,0x179a2e413386db620d5b89a18550a3874385f726,0xc3d83b17ec098358355db6f9faad15c139a826def713b596ad145257f6561029
84,10,0.0029,0xd64f9a51bae07df65a546408507e5163c7a1648e,2017-10-16T15:11:36.000Z,0.00029,0x0a72ebae0321b78bf42b5846c57f90d714a5cb31,sell,0x179a2e413386db620d5b89a18550a3874385f726,0xa612d7e12420f3439f0cc5e23a619cc8cbb085d70f81ae8e001669a4fd7bb1e9
85,422702.62187,1.902161798415,0xdd55aed1e7c65ea79b650269ce4d3a0ef5449b8e,2017-10-16T15:10:21.000Z,0.0000045,0xad94820b79e4288665eaf845156defa0df39858d,sell,0x179a2e413386db620d5b89a18550a3874385f726,0xe0ff99108f02c40ecae05bdbbde1721553e6c91f98f4b942fb8bbad105fba1e6
86,200000,0.8,0xd64f9a51bae07df65a546408507e5163c7a1648e,2017-10-16T15:03:36.000Z,0.000004,0xad94820b79e4288665eaf845156defa0df39858d,sell,0x179a2e413386db620d5b89a18550a3874385f726,0x65bf035f7f70e0f075ba3d6781ba691816abf4b7bb7428a9ef5cb754d3152749
87,48.595,0.014335525,0xad94820b79e4288665eaf845156defa0df39858d,2017-10-16T14:57:25.000Z,0.000295,0xad94820b79e4288665eaf845156defa0df39858d,buy,0x179a2e413386db620d5b89a18550a3874385f726,0x1ca159f327f8210d8cf03b8c839913ee9585c97cffd23f1f9b1bfcd14eb53d55
88,25000,0.1052,0x0a72ebae0321b78bf42b5846c57f90d714a5cb31,2017-10-16T14:55:15.000Z,0.000004208,0xad94820b79e4288665eaf845156defa0df39858d,sell,0x179a2e413386db620d5b89a18550a3874385f726,0x8ea488442e79288fc66587698b5a7001357e03b2217806b9aea5f56d8637cfc5
89,200000,0.914,0xd64f9a51bae07df65a546408507e5163c7a1648e,2017-10-16T14:51:27.000Z,0.00000457,0xad94820b79e4288665eaf845156defa0df39858d,sell,0x179a2e413386db620d5b89a18550a3874385f726,0xb2359eeeece8f26c80c3fd2a16825ca3a97aaae2aad8e4f28719b728138c0da4
90,55000,0.2475,0xdd55aed1e7c65ea79b650269ce4d3a0ef5449b8e,2017-10-16T14:40:45.000Z,0.0000045,0xad94820b79e4288665eaf845156defa0df39858d,sell,0x179a2e413386db620d5b89a18550a3874385f726,0x538b14ce4abcc9dd6ced215d834306a6b53423bb24dcdf3c742680eb4dfe712f
91,175000,0.7,0xdd55aed1e7c65ea79b650269ce4d3a0ef5449b8e,2017-10-16T14:39:21.000Z,0.000004,0xad94820b79e4288665eaf845156defa0df39858d,sell,0x179a2e413386db620d5b89a18550a3874385f726,0xf5e30b80032d4e8b031bdf20c085c02022914c1fb8f88540b8404a2994b4a2fd
92,5000,0.010005,0xf36990a2cb4d609e0a7d4f3bf884c0342d81fd3d,2017-10-16T13:42:36.000Z,0.000002001,0xad94820b79e4288665eaf845156defa0df39858d,sell,0x179a2e413386db620d5b89a18550a3874385f726,0x1aef4ff3931c17415e997b2cfa46ba1c83e1c9751db4e21a70a14fb212283643
93,9000,0.018,0x0a72ebae0321b78bf42b5846c57f90d714a5cb31,2017-10-16T13:42:36.000Z,0.000002,0xad94820b79e4288665eaf845156defa0df39858d,sell,0x179a2e413386db620d5b89a18550a3874385f726,0xb15d87512d09adb62ccb25ffcaa522ff852145c723aaef3099612fdff9e9afa1
94,5000,0.0105,0x0024a5046fd95c5eee6db19a69ef7ed3bacd50f1,2017-10-16T13:41:49.000Z,0.0000021,0xad94820b79e4288665eaf845156defa0df39858d,sell,0x179a2e413386db620d5b89a18550a3874385f726,0x29511693b814af64691c369033ed9be56747901726b00ed13a3d903a85518735
95,5000,0.01025,0xccd41fd2dc66d60460351afad6297ea3d00b7fb9,2017-10-16T13:41:49.000Z,0.00000205,0xad94820b79e4288665eaf845156defa0df39858d,sell,0x179a2e413386db620d5b89a18550a3874385f726,0xac4c36c2af43aed98b4af0a8364f90beae6e69e42cee25f933c5053265929280
