,amount,amountBase,buyer,date,price,seller,side,tokenAddr,txHash
0,8.773469029654326,0.0005,0x3075f7f189912f4f425dd7021b9c396434197477,2017-11-02T16:03:10.000Z,0.00005699,0xb9f1a043bf2efc5820babadf1c244a378c577fa6,buy,0x728781e75735dc0962df3a51d7ef47e798a7107e,0xb9706249a781fc02775bed26758885ed60a4cdd1f9758372dfa5d3525b624c67
1,4.9845479015053336,0.000058369055926627,0x971f30c325d9924ad472adf0bf98702502baad93,2017-11-02T04:18:11.000Z,0.0000117099999999999,0xfb9c8b9321078f80adb0e2ceebeca390ef6a7252,sell,0x728781e75735dc0962df3a51d7ef47e798a7107e,0xe31d2191854e88c10fe907cee3bff02106242ac486ac6cd5c251956329037e59
2,0.000695680097907235,0.000000008146413946,0x971f30c325d9924ad472adf0bf98702502baad93,2017-11-02T03:45:39.000Z,0.0000117099999992903,0x00505d0a66a0646c85095bbfd75f57c4e1c431ba,sell,0x728781e75735dc0962df3a51d7ef47e798a7107e,0xd692207d61938b48da1f8fddb883610722e401611a1f0239546539fe788412dc
3,6.978367062107467,0.000081716678297278,0x971f30c325d9924ad472adf0bf98702502baad93,2017-11-02T03:08:25.000Z,0.00001170999999999993,0x00505d0a66a0646c85095bbfd75f57c4e1c431ba,sell,0x728781e75735dc0962df3a51d7ef47e798a7107e,0x0d5d0e381b08b447f46beed9f6798427d4aaeb150cea7c1f4c2d265def45df9a
4,12675.698,0.2129517264,0xc6939e988f4481b549ea7059cfcc42aab1f45bdb,2017-11-01T15:43:10.000Z,0.0000168,0x5aaa7cafeed1637a16d81485e8fa579a5f8837c0,sell,0x728781e75735dc0962df3a51d7ef47e798a7107e,0x29cdf22631665556f694012811d1d6bbe2201a0c14ec010f28e002386762a896
5,1988.102,0.0335989238,0x503a6945bc893a957deda173e3b1bd235a2f9112,2017-11-01T15:38:10.000Z,0.0000169,0x5aaa7cafeed1637a16d81485e8fa579a5f8837c0,sell,0x728781e75735dc0962df3a51d7ef47e798a7107e,0xe6ae9ea91fae9cdccec44e188be29584ae2d67a7c131b233b9345928ed519b68
6,11.897602387053151,0.000201069480341198,0x503a6945bc893a957deda173e3b1bd235a2f9112,2017-11-01T13:41:18.000Z,0.00001689999999999997,0xcb57b71b80a8bc545562c556d0e8c3de35ec165a,sell,0x728781e75735dc0962df3a51d7ef47e798a7107e,0x40f8b11f45c0d25a5fcde8685e9c5e9badc93e987ac6145c38b2793d1170af5b
7,4.934484954453016,0.000160370761019723,0xcb57b71b80a8bc545562c556d0e8c3de35ec165a,2017-11-01T13:38:34.000Z,0.0000325,0xa805db026319dfe8052bf1dc6fdac396be3f05fe,buy,0x728781e75735dc0962df3a51d7ef47e798a7107e,0xac5e157c029101d4961c48c5de5a447587cdcc404753249eeca8c3ecd1e60eae
8,35000,1.1375,0x5aaa7cafeed1637a16d81485e8fa579a5f8837c0,2017-11-01T08:40:54.000Z,0.0000325,0xa805db026319dfe8052bf1dc6fdac396be3f05fe,buy,0x728781e75735dc0962df3a51d7ef47e798a7107e,0xa410053cb5215b5dbf8fe40f91f9104bef58032257f11ad49727e5bea785570a
9,2324.3016853638705,0.039048268314113024,0xc6939e988f4481b549ea7059cfcc42aab1f45bdb,2017-11-01T06:53:46.000Z,0.00001679999999999999,0x989a41d3b1cce9696fe448baefcafe3249610df0,sell,0x728781e75735dc0962df3a51d7ef47e798a7107e,0x9a22355abec83d4668df82e11f0fd08fa7bf784e6ed87adffe283b107f48ed5d
10,4985.042679129252,0.13061011221025806,0x056056ce86b7d8108f7c1febac70d637d60ea042,2017-11-01T06:51:22.000Z,0.00002620039999999999,0x989a41d3b1cce9696fe448baefcafe3249610df0,sell,0x728781e75735dc0962df3a51d7ef47e798a7107e,0x32bfeaa3897a5803bea48b15d85f7fe0c457de55192db8395e8e311efb9d3478
11,14.957320870747795,0.00039188778974194,0x056056ce86b7d8108f7c1febac70d637d60ea042,2017-10-31T18:21:31.000Z,0.00002620039999999996,0xbc1845a864aa2a7ba7513bc6837ff7d66ec191c4,sell,0x728781e75735dc0962df3a51d7ef47e798a7107e,0x2b82cbfe0de34856431ca68dc40330cc539e4594eb7fc50fcdb76fc0f5e9c806
12,10221.668303782084,0.3322042198729177,0xf77c8c25ae665ada9df275fe81ed0ff2e982bec0,2017-10-31T17:45:42.000Z,0.0000325,0xa805db026319dfe8052bf1dc6fdac396be3f05fe,buy,0x728781e75735dc0962df3a51d7ef47e798a7107e,0x184937be0557ea2b2a6a916933ebe288ee677ecc13d64a257290fb46ed8ccd1f
13,0.997,0.004985,0x8cfc163371163c5e701dbdb42d2e713a0a71f002,2017-10-31T15:33:08.000Z,0.005,0x273a5d3e6721b9f5c1a6474f560c1334c63dda01,sell,0x728781e75735dc0962df3a51d7ef47e798a7107e,0xa02dbd21a4f56c08d687ba3862a81edfe9ad0a20902bee957a0b20e9550fd570
14,1,0.0000325,0x273a5d3e6721b9f5c1a6474f560c1334c63dda01,2017-10-31T15:33:08.000Z,0.0000325,0xa805db026319dfe8052bf1dc6fdac396be3f05fe,buy,0x728781e75735dc0962df3a51d7ef47e798a7107e,0xa02dbd21a4f56c08d687ba3862a81edfe9ad0a20902bee957a0b20e9550fd570
15,8500,0.27625,0xc6939e988f4481b549ea7059cfcc42aab1f45bdb,2017-10-31T13:42:36.000Z,0.0000325,0xa805db026319dfe8052bf1dc6fdac396be3f05fe,buy,0x728781e75735dc0962df3a51d7ef47e798a7107e,0xe48922a2ffa4adc940d141fc6f8d488e6343337cc158881a687df1a56eca5cdd
16,6.978367062107467,0.000209357990230286,0xed9d2dd36a71170c2fb8c067da42433a82a2f6a2,2017-10-31T12:57:52.000Z,0.00003000099999999998,0x004d9c456b5a8f3ad9ff1f524e416663040c995a,sell,0x728781e75735dc0962df3a51d7ef47e798a7107e,0xb2ab4ead309c743b724d08a1d4539ca20042a7cd8796e3c308e4785857bd6ecd
17,30,0.000975,0x0b773d7819259d78757b26dc4148812d35676d8f,2017-10-31T12:26:42.000Z,0.0000325,0xa805db026319dfe8052bf1dc6fdac396be3f05fe,buy,0x728781e75735dc0962df3a51d7ef47e798a7107e,0xcfcda1629a909fc6eeb7d64c53e170ce4710b5ccd8cc622cc1fbc072e2280faf
18,2500,0.08125,0x7f9e3a3c0b27d6fc11102fbd2f9a1c1312a02ed9,2017-10-31T11:07:45.000Z,0.0000325,0xa805db026319dfe8052bf1dc6fdac396be3f05fe,buy,0x728781e75735dc0962df3a51d7ef47e798a7107e,0xb69b2434a3202ceddc7e3582244c6b04ed89348aee6288a9c6087f7d3eddee29
19,6.978367062107467,0.000230286113049546,0x7f9e3a3c0b27d6fc11102fbd2f9a1c1312a02ed9,2017-10-31T09:09:41.000Z,0.00003299999999999994,0xb43b73d4bc9b8dbacdfd1a36d58b2df24b081c25,sell,0x728781e75735dc0962df3a51d7ef47e798a7107e,0x213bcb69cf5a8bca7ff166386f6363b68204e033d9ac73172b1cd2b923af7d66
20,27114.71234672515,0.8134684851141013,0xed9d2dd36a71170c2fb8c067da42433a82a2f6a2,2017-10-31T06:04:19.000Z,0.00003000099999999999,0x66a4e99923ff534c41936d0b28a13980b0a942f0,sell,0x728781e75735dc0962df3a51d7ef47e798a7107e,0x53d30cfb1ba113e7a5b96662e5d6799d2eff5f216f1a1aa9f207cf616a727d3d
21,30000,0.939,0xed9d2dd36a71170c2fb8c067da42433a82a2f6a2,2017-10-31T06:01:54.000Z,0.0000313,0x66a4e99923ff534c41936d0b28a13980b0a942f0,sell,0x728781e75735dc0962df3a51d7ef47e798a7107e,0xf6d358222ad33b311e891cda30e2da8acef6ea32769ada7476cb356b26c1d013
22,33328.015,1.13315251,0xe586e8534d235dad3d46685daf7c1815f0962944,2017-10-31T05:56:26.000Z,0.000034,0x66a4e99923ff534c41936d0b28a13980b0a942f0,sell,0x728781e75735dc0962df3a51d7ef47e798a7107e,0xb638169af9b6910a3e63a0f9fe81f029d2fb5bb3f3bff0e8de2a4eca9db36dc2
23,30000,0.93615,0xc4c3f11db23126544b4bc14ab6a3e44abe90401e,2017-10-31T05:53:42.000Z,0.000031205,0x66a4e99923ff534c41936d0b28a13980b0a942f0,sell,0x728781e75735dc0962df3a51d7ef47e798a7107e,0x4eded0c629fc58737362d32b186a816cb410e6e5b95e3e87902060c778ea5a84
24,4.9845479015053336,0.000169474628651181,0xe586e8534d235dad3d46685daf7c1815f0962944,2017-10-30T21:32:34.000Z,0.00003399999999999993,0x50240902b1bd6d93746f19a68d0b3af50f887b93,sell,0x728781e75735dc0962df3a51d7ef47e798a7107e,0x608615fa154c8b2ad9806efcb9bd488dadb927b94044e68c00a49dad7ba05f43
25,996.9092205768126,0.03489182272018844,0x7f9e3a3c0b27d6fc11102fbd2f9a1c1312a02ed9,2017-10-30T07:41:07.000Z,0.00003499999999999999,0x14aae375993ba1152f425e39b44d7e06adeb493d,sell,0x728781e75735dc0962df3a51d7ef47e798a7107e,0xf6370bf6517407973fdbf73c297bc635ef0d1c265679f198a81b2bfb573554ab
26,10.966005383311733,0.000384950652975775,0x056056ce86b7d8108f7c1febac70d637d60ea042,2017-10-29T18:28:24.000Z,0.00003510399999999999,0xe4bac8191754b79f955d06eca8d95faec6b57e24,sell,0x728781e75735dc0962df3a51d7ef47e798a7107e,0x12d7533913b3faa72b2ca213174a83d264a7dd3301a9cff8d893a0ec49255545
27,5.9814574818064,0.000209973083441331,0x056056ce86b7d8108f7c1febac70d637d60ea042,2017-10-29T12:21:13.000Z,0.00003510399999999985,0xf0bf0dee9847cd8e62d335c174d99e22f955acfc,sell,0x728781e75735dc0962df3a51d7ef47e798a7107e,0x117d2a1df007fadb8afb9337ccc7ba81a1a934236e551328b97187b70dd40afa
28,5.9814574818064,0.000209973083441331,0x056056ce86b7d8108f7c1febac70d637d60ea042,2017-10-29T12:21:13.000Z,0.00003510399999999985,0x13e0d86038bc9ff69d0c75098db0755fcf2e3160,sell,0x728781e75735dc0962df3a51d7ef47e798a7107e,0x9d3e39a446ed172d2df1f2e824c75e79f93de3a181411b0e8bada531615c78bd
29,20,0.00070208,0x056056ce86b7d8108f7c1febac70d637d60ea042,2017-10-29T04:57:12.000Z,0.000035104,0x2ea6bd58bc3555faeebf4d5b31164d52079b9832,sell,0x728781e75735dc0962df3a51d7ef47e798a7107e,0xde15e74d6bf1c1e79fe66ae98728107e2792669f2982874ba1a2776850b0685b
30,10,0.0005,0x34f9560c63078eb61872a4dc2ccd20e21c34feaf,2017-10-28T21:09:34.000Z,0.00005,0xa805db026319dfe8052bf1dc6fdac396be3f05fe,buy,0x728781e75735dc0962df3a51d7ef47e798a7107e,0x4b3757aa3629934aa215b437e626b511a0e72ff9e75a528bdde0914ff442443a
31,10,0.0005,0xe444a40689f51f63bcd29910622035707d533d29,2017-10-28T21:09:34.000Z,0.00005,0xa805db026319dfe8052bf1dc6fdac396be3f05fe,buy,0x728781e75735dc0962df3a51d7ef47e798a7107e,0xf49ff5c7900c3fc8890ab4978d4de5f984f8845a5b008bb45c7d95735132989f
32,99.68443235037972,0.004984221617518986,0x503a6945bc893a957deda173e3b1bd235a2f9112,2017-10-28T00:29:35.000Z,0.00005,0xa805db026319dfe8052bf1dc6fdac396be3f05fe,buy,0x728781e75735dc0962df3a51d7ef47e798a7107e,0x4f7050773850a80416fb37ab698a69d669178a4f0314c29fc9531cbfa7ebc981
33,11220.21733619608,0.5610108668098039,0x57b8de75110c4eb4a7b772bbe35f9277c9dfb151,2017-10-27T19:57:12.000Z,0.00004999999999999999,0x80f9e474ea8de2b4eb99ba0605ae5d5772b02a8f,sell,0x728781e75735dc0962df3a51d7ef47e798a7107e,0xede6ea5bd92c966f26c1d6b503cacfff4f2daef7a15417803264efd70b974525
34,0.0993828711296049,0.00000496914355648,0x57b8de75110c4eb4a7b772bbe35f9277c9dfb151,2017-10-27T19:55:24.000Z,0.00004999999999999753,0x80f9e474ea8de2b4eb99ba0605ae5d5772b02a8f,sell,0x728781e75735dc0962df3a51d7ef47e798a7107e,0xa5b96351a5554849dff0e3da462cabd4215669c70a2c5391c1caac3de91232c9
35,996.9095803010667,0.04984547901505333,0x57b8de75110c4eb4a7b772bbe35f9277c9dfb151,2017-10-27T19:45:11.000Z,0.00004999999999999999,0x80f9e474ea8de2b4eb99ba0605ae5d5772b02a8f,sell,0x728781e75735dc0962df3a51d7ef47e798a7107e,0xc8010fc6c8c45a41a8774a9175f8141d96a140d137aaa0f3a9fbfe1908917ba7
36,1,0.00009689,0xe586e8534d235dad3d46685daf7c1815f0962944,2017-10-27T07:09:08.000Z,0.00009689,0x24418ab1b19550b380652432eac1ab37bf3d0fa9,buy,0x728781e75735dc0962df3a51d7ef47e798a7107e,0xe43b6433969e2ee2de6eab71e4c9f49b098da48a1599dc9b86cb2d46aaa7d78b
37,9741,0.48705,0xe586e8534d235dad3d46685daf7c1815f0962944,2017-10-27T05:35:50.000Z,0.00005,0x0aa7a6e48458a85ea5d2ab9ec9c6fee918992fdf,buy,0x728781e75735dc0962df3a51d7ef47e798a7107e,0xa1b955c018dc870030425ec3c8a9a7164745093bf0e596213a50eb13e34ad6c0
38,3000,0.15,0x57b8de75110c4eb4a7b772bbe35f9277c9dfb151,2017-10-27T00:06:33.000Z,0.00005,0x24418ab1b19550b380652432eac1ab37bf3d0fa9,sell,0x728781e75735dc0962df3a51d7ef47e798a7107e,0x1f9dfc52ff6a6a6520779264157a57882ca6704da9cc24cbcf86db0e49b5ab3e
39,74,0.0184926,0xaae4231025827be36e340e711bf84ef964fceff9,2017-10-26T23:12:32.000Z,0.0002499,0x691053a11b569b45eb2ff7788c4e138623812fa1,buy,0x728781e75735dc0962df3a51d7ef47e798a7107e,0x96f15c36a03ff68dd42c016a4ab42a487f396829920a10c853d7019ebad318c3
40,50,0.0025,0x0fff6e5d0127c2fd8540b11290c4e32dca6a5079,2017-10-26T17:03:28.000Z,0.00005,0x0aa7a6e48458a85ea5d2ab9ec9c6fee918992fdf,buy,0x728781e75735dc0962df3a51d7ef47e798a7107e,0xc23f13d96570f938c7a3a4908103e6da3b98c511b2b4ab9ad14a056a2fe43a9f
41,5981.457079240868,0.1860831297351834,0xed9d2dd36a71170c2fb8c067da42433a82a2f6a2,2017-10-26T11:44:49.000Z,0.00003110999999999999,0x5a86ebf9a0e6f8181ed5143557f7b8ba89957fcc,sell,0x728781e75735dc0962df3a51d7ef47e798a7107e,0xe09527605b4468bedab22ab98adb60947c44224a7bd51a7d4dcb5c07da2e8b11
42,4.9845479015053336,0.00015506928521583,0xed9d2dd36a71170c2fb8c067da42433a82a2f6a2,2017-10-26T11:41:09.000Z,0.00003110999999999981,0x8747499a65278b91f61492ac8207408490858859,sell,0x728781e75735dc0962df3a51d7ef47e798a7107e,0x1b6e4000fb4d11c09ead61f9ac1fcc2df97b2ec38f7f4e59cd4c20fed9a64f60
43,16940,0.526834,0x66a4e99923ff534c41936d0b28a13980b0a942f0,2017-10-26T10:20:07.000Z,0.0000311,0x9d9adb5da088bc5fa18114e4f3706153405c9638,sell,0x728781e75735dc0962df3a51d7ef47e798a7107e,0x8210dc9548b17e52166e3b5a5bb9dbefe80636b0f85c18a1b19f0c21f47e8b57
44,7000,0.2177,0x273a5d3e6721b9f5c1a6474f560c1334c63dda01,2017-10-26T09:42:33.000Z,0.0000311,0x9d9adb5da088bc5fa18114e4f3706153405c9638,buy,0x728781e75735dc0962df3a51d7ef47e798a7107e,0x811fd8cff7b94780637970fa6483b6c8d0e10657ebdd6ca600864696d9e9964a
45,6979,0.244265,0xed9d2dd36a71170c2fb8c067da42433a82a2f6a2,2017-10-26T09:42:33.000Z,0.000035,0x273a5d3e6721b9f5c1a6474f560c1334c63dda01,sell,0x728781e75735dc0962df3a51d7ef47e798a7107e,0x811fd8cff7b94780637970fa6483b6c8d0e10657ebdd6ca600864696d9e9964a
46,1448.1607018243446,0.07242251669823548,0xc6939e988f4481b549ea7059cfcc42aab1f45bdb,2017-10-26T07:42:08.000Z,0.00005000999999999999,0x583b640795999aa2bb22c1a62a91336ff9d325bb,sell,0x728781e75735dc0962df3a51d7ef47e798a7107e,0xfb608fc6ac13e1ffb2f74738a9ee5dc2f4de6153ad14f54ddd8ccd28e6a4c99a
47,4.9845479015053336,0.000249277240554281,0xc6939e988f4481b549ea7059cfcc42aab1f45bdb,2017-10-26T01:57:34.000Z,0.00005000999999999985,0x5ec48ea0f0a3d6c7b618cfe82a17161075072f08,sell,0x728781e75735dc0962df3a51d7ef47e798a7107e,0x5c7edb5ff6d52f56a87e513c5d223f8b4fc94a116ced41d9c4627105ca8d9530
48,3596.8497657262487,0.17984608513607817,0xed9d2dd36a71170c2fb8c067da42433a82a2f6a2,2017-10-25T21:34:36.000Z,0.00005000099999999999,0x857d1c7c78a1c9362bc9ad9f9ae29419976b95cd,sell,0x728781e75735dc0962df3a51d7ef47e798a7107e,0x648c47794c6dab2093a81f76c8fd5186477c2f4f9244e3af7936652a25d217cb
49,450,0.027,0x5d2ba7d1f80e353b48ec8a214a21d1e3d6951a3a,2017-10-25T12:37:36.000Z,0.00006,0x24418ab1b19550b380652432eac1ab37bf3d0fa9,sell,0x728781e75735dc0962df3a51d7ef47e798a7107e,0x883384f9daaa4700ae5a0908d9c7f772a42d12e4bb205f52538f795347982f55
50,36.88565447113947,0.001844651580101684,0xc6939e988f4481b549ea7059cfcc42aab1f45bdb,2017-10-25T05:18:43.000Z,0.00005000999999999997,0xbc1845a864aa2a7ba7513bc6837ff7d66ec191c4,sell,0x728781e75735dc0962df3a51d7ef47e798a7107e,0xfb5c4e8b13d69aaeaa8af8da490bb0306d9b2b026d71b352b6139d126da1fe7b
51,9.969095803010667,0.000498554481108563,0xc6939e988f4481b549ea7059cfcc42aab1f45bdb,2017-10-25T01:50:36.000Z,0.00005000999999999995,0x4fa3da8730e0c8d6f8e902968330b62cbe2ca90f,sell,0x728781e75735dc0962df3a51d7ef47e798a7107e,0xf353ec03883593d799602681e66a1e9269ad3e9dffbb32982dfd188f8f6941f1
52,2402.5520885255705,0.12012760442627854,0x9f7a7ac52a3e1b2d4acdcda0da13bb0b111e2ddd,2017-10-24T07:44:00.000Z,0.00004999999999999999,0xaeb4d487f4066b41af8f99f30ec3ad40cd47a5b1,sell,0x728781e75735dc0962df3a51d7ef47e798a7107e,0xf0dce0562fbce7cacbb0b1e3bbffd03ccdc63cd9586e82125bab55ee64d2e8b9
53,5000,0.25,0x9f7a7ac52a3e1b2d4acdcda0da13bb0b111e2ddd,2017-10-24T02:59:27.000Z,0.00005,0x24418ab1b19550b380652432eac1ab37bf3d0fa9,sell,0x728781e75735dc0962df3a51d7ef47e798a7107e,0x6181776578a3d012aedbddd83c60c95a61ef5573d88ecf259bbf9908ab765999
54,6.978367062107467,0.000348918353105373,0x9f7a7ac52a3e1b2d4acdcda0da13bb0b111e2ddd,2017-10-24T00:37:42.000Z,0.00004999999999999995,0x8a9bcdc68d19e111663d6c986caf1da1eda1c304,sell,0x728781e75735dc0962df3a51d7ef47e798a7107e,0x83e5acc2f067b76b2875739f7a45be84152f537a628d08288fac5fbc5effdfb7
55,25,0.002475,0x5651371034fa26c6f8beeb4ba5361df3aa2a7cc6,2017-10-23T21:00:51.000Z,0.000099,0x24418ab1b19550b380652432eac1ab37bf3d0fa9,buy,0x728781e75735dc0962df3a51d7ef47e798a7107e,0x0e582d2263f746b18d2bc7540b20f870e9e8cd4f50887dcee02dd2f54f728adb
56,0.000000000000020202,0.000000000000000002,0x5651371034fa26c6f8beeb4ba5361df3aa2a7cc6,2017-10-23T20:40:27.000Z,0.000099000099000099,0x24418ab1b19550b380652432eac1ab37bf3d0fa9,buy,0x728781e75735dc0962df3a51d7ef47e798a7107e,0xd15c3218e10a3350ba9ed1db43b81a0ecae776fe611d3823c31ed2affd620660
57,0.00000000016960606,0.000000000000016791,0x5651371034fa26c6f8beeb4ba5361df3aa2a7cc6,2017-10-23T20:36:59.000Z,0.00009900000035376095,0x24418ab1b19550b380652432eac1ab37bf3d0fa9,buy,0x728781e75735dc0962df3a51d7ef47e798a7107e,0xdd6d825870ec520b1153194e1848a9a9ad2c5b2737588d446ae094b1cf54862e
58,1,0.000099,0xe586e8534d235dad3d46685daf7c1815f0962944,2017-10-23T04:45:41.000Z,0.000099,0x24418ab1b19550b380652432eac1ab37bf3d0fa9,buy,0x728781e75735dc0962df3a51d7ef47e798a7107e,0x37e8d70e177061578abfaea98d51a35fbabc269d36d5394c1d06af438b70ccee
59,5.9814574818064,0.000269428770810487,0x056056ce86b7d8108f7c1febac70d637d60ea042,2017-10-23T02:57:02.000Z,0.00004504399999999991,0x7c838d644d5b60a023afed7497c311fa78175a6d,sell,0x728781e75735dc0962df3a51d7ef47e798a7107e,0xf91be17cd1ff53348f8378f0fb8ca4803891c54e88a7a133c4be3818e3b4d460
60,1,0.000099,0xe1fa699860444be91d366c21de8fef56e3dec77a,2017-10-22T18:37:54.000Z,0.000099,0x24418ab1b19550b380652432eac1ab37bf3d0fa9,buy,0x728781e75735dc0962df3a51d7ef47e798a7107e,0x07ffa2f81187f46e2bcde729720796bd4b3a265ec3f1ca96df92d7aaba6e960d
61,60,0.0024,0xe586e8534d235dad3d46685daf7c1815f0962944,2017-10-22T16:24:47.000Z,0.00004,0x341d1f0310880c1080ef982b9032991b4021a0de,sell,0x728781e75735dc0962df3a51d7ef47e798a7107e,0xbd8a85449209735769b3d60c99d0ff0b765842fe744d40470763c60925da9afe
62,120,0.01199988,0xb492cb68c05715cca847e50a48e5034d3af7ea94,2017-10-22T07:42:18.000Z,0.000099999,0xf36990a2cb4d609e0a7d4f3bf884c0342d81fd3d,buy,0x728781e75735dc0962df3a51d7ef47e798a7107e,0xb9d3345bb39c946a5c133fb6ef74695333a9ddcc6b6b932829b20c3638539405
63,4.9845479015053336,0.000291097597447911,0x9f7a7ac52a3e1b2d4acdcda0da13bb0b111e2ddd,2017-10-22T05:49:41.000Z,0.0000583999999999999,0x670e9bf3aa6a024249d0bac4a608eba05c21fbd4,sell,0x728781e75735dc0962df3a51d7ef47e798a7107e,0x4d25f38aab99a769288c243a0112d8f68a82f9c061c86c627487ac80dd7a0738
64,9.969095803010667,0.000582195194895822,0x9f7a7ac52a3e1b2d4acdcda0da13bb0b111e2ddd,2017-10-21T11:10:04.000Z,0.0000583999999999999,0x3162f2032ddce11a87098cc13fcc6117ebe92f95,sell,0x728781e75735dc0962df3a51d7ef47e798a7107e,0x26a3f2d2a691178212cd45f44affbb0c36b31d2730fe2575a404a814d6ee2cfc
65,14,0.0003836,0x90ae1ba6e3d33775b97273902a06560aa6ac4c96,2017-10-21T08:10:16.000Z,0.0000274,0x583b640795999aa2bb22c1a62a91336ff9d325bb,sell,0x728781e75735dc0962df3a51d7ef47e798a7107e,0x52dd64a68bb9d62f444031c4d5ae0a4f3c10b148564ff97a0c0d053ca24c2dae
66,10,0.000584,0x9f7a7ac52a3e1b2d4acdcda0da13bb0b111e2ddd,2017-10-21T08:09:52.000Z,0.0000584,0x583b640795999aa2bb22c1a62a91336ff9d325bb,sell,0x728781e75735dc0962df3a51d7ef47e798a7107e,0xdecf283a35c2c9a3b3a3c74afd7bb1d8d77a807539e587df870c8805c5b182f3
67,1990,0.1592,0x583b640795999aa2bb22c1a62a91336ff9d325bb,2017-10-21T07:59:12.000Z,0.00008,0xf9b90dd16205f9ac31ec7be778a6586c49b1a378,buy,0x728781e75735dc0962df3a51d7ef47e798a7107e,0xd6edb5036a2b51b58695437af04629cd745df41649383cd09a0319266b51b1a9
68,4900,0.3871,0x21d75f2a6523ba1626c9e795eb7d525e588a428b,2017-10-21T07:28:37.000Z,0.000079,0x24418ab1b19550b380652432eac1ab37bf3d0fa9,buy,0x728781e75735dc0962df3a51d7ef47e798a7107e,0x84a4eb946573d778d3308d8733574d04b332c15de301938d522f143653196b26
69,100,0.0079,0x00275bd023897da187c686e9cff29858b83b65f0,2017-10-21T02:46:11.000Z,0.000079,0x24418ab1b19550b380652432eac1ab37bf3d0fa9,buy,0x728781e75735dc0962df3a51d7ef47e798a7107e,0x2ff12907866af23d4ec0b47343220aa30a34f38d88fb69743d353ce8594eddf1
70,183.583,0.0107212472,0x66a4e99923ff534c41936d0b28a13980b0a942f0,2017-10-20T19:48:55.000Z,0.0000584,0x971f30c325d9924ad472adf0bf98702502baad93,buy,0x728781e75735dc0962df3a51d7ef47e798a7107e,0xc3ece3450b19f66d5ab2f02b14a5e505ce6c3dd70539b78cb224e8a6650b116a
71,2000,0.12,0x66a4e99923ff534c41936d0b28a13980b0a942f0,2017-10-20T19:47:38.000Z,0.00006,0xf9b90dd16205f9ac31ec7be778a6586c49b1a378,buy,0x728781e75735dc0962df3a51d7ef47e798a7107e,0x7f3a59aa0e9d82bb42591659a7beb773eef6f4dfdd66fffe9221d78c48a89da9
72,1177,0.0693253,0x66a4e99923ff534c41936d0b28a13980b0a942f0,2017-10-20T19:46:09.000Z,0.0000589,0x8717d4c20c0fff899b4fb2a8fcba7459f6e89257,buy,0x728781e75735dc0962df3a51d7ef47e798a7107e,0x5969469f3e207a5a46183268e6aeb35a17c708b8b653e3d581a97f203a223eb3
73,1500,0.08775,0x66a4e99923ff534c41936d0b28a13980b0a942f0,2017-10-20T19:45:27.000Z,0.0000585,0x341d1f0310880c1080ef982b9032991b4021a0de,buy,0x728781e75735dc0962df3a51d7ef47e798a7107e,0xf3543414f8013cecb79d538d4fc1da71fa3e1ef0b331db51b9033699023dcf4b
74,1999.881,0.07999524,0x66a4e99923ff534c41936d0b28a13980b0a942f0,2017-10-20T19:43:58.000Z,0.00004,0xf9b90dd16205f9ac31ec7be778a6586c49b1a378,buy,0x728781e75735dc0962df3a51d7ef47e798a7107e,0x473933188f7b2ddaaeca957082380f9896387c43a6c5ead7c2bfbc85be10ac63
75,2000,0.09,0x66a4e99923ff534c41936d0b28a13980b0a942f0,2017-10-20T19:43:25.000Z,0.000045,0xf9b90dd16205f9ac31ec7be778a6586c49b1a378,buy,0x728781e75735dc0962df3a51d7ef47e798a7107e,0xcdbb3e160bb69a95d025c57d8f020c9189ffb59ffc3672efd17501c2acc0c8d4
76,5506.303,0.32129278005,0x66a4e99923ff534c41936d0b28a13980b0a942f0,2017-10-20T19:42:33.000Z,0.00005835,0x583b640795999aa2bb22c1a62a91336ff9d325bb,buy,0x728781e75735dc0962df3a51d7ef47e798a7107e,0x88fa45043bb92b22a42b627841c6f3dc625c3d2b0af6ded3a12850c44f4e8208
77,10000,0.5839,0x66a4e99923ff534c41936d0b28a13980b0a942f0,2017-10-20T19:37:30.000Z,0.00005839,0x24418ab1b19550b380652432eac1ab37bf3d0fa9,buy,0x728781e75735dc0962df3a51d7ef47e798a7107e,0xffb0029e5dc14e259725636d7ea1c5f67130026e1c874e16be5dd44ffb1a269d
78,9500,0.554325,0x66a4e99923ff534c41936d0b28a13980b0a942f0,2017-10-20T19:36:47.000Z,0.00005835,0x583b640795999aa2bb22c1a62a91336ff9d325bb,buy,0x728781e75735dc0962df3a51d7ef47e798a7107e,0x9824685f00b4d9444d08477191cc6a6db854f10e45f1cb1608667a5bfc8cb613
79,10000,0.587,0x66a4e99923ff534c41936d0b28a13980b0a942f0,2017-10-20T19:29:45.000Z,0.0000587,0x583b640795999aa2bb22c1a62a91336ff9d325bb,buy,0x728781e75735dc0962df3a51d7ef47e798a7107e,0xff33ac9d3bc5c6b2350db2408e36344a978211f0ab4e4effec797d6dff60643a
80,0.118885250023475,0.000004755410000939,0x4da4ee0ffa7dda1761d4d2ac0da11f382df2f23a,2017-10-20T19:16:16.000Z,0.00004,0xf9b90dd16205f9ac31ec7be778a6586c49b1a378,buy,0x728781e75735dc0962df3a51d7ef47e798a7107e,0xb4732b2d9a5935fc8235fdc18c21519fb3418a1d58c051ef17dd3e75760bbbb4
81,30000,1.143,0x66a4e99923ff534c41936d0b28a13980b0a942f0,2017-10-20T17:54:05.000Z,0.0000381,0x583b640795999aa2bb22c1a62a91336ff9d325bb,sell,0x728781e75735dc0962df3a51d7ef47e798a7107e,0x33ce7fd23313c4ea17e595d35ea091d7734a63ab33255434230996d932d62472
82,2997.714,0.1208078742,0x5a86ebf9a0e6f8181ed5143557f7b8ba89957fcc,2017-10-20T17:54:05.000Z,0.0000403,0x583b640795999aa2bb22c1a62a91336ff9d325bb,sell,0x728781e75735dc0962df3a51d7ef47e798a7107e,0xe96f7969ff7061145726f3ab355b93d36981d95063f2e59bfe27b0161e04db80
83,2501.545,0.1008122635,0x5a86ebf9a0e6f8181ed5143557f7b8ba89957fcc,2017-10-20T17:53:43.000Z,0.0000403,0x583b640795999aa2bb22c1a62a91336ff9d325bb,sell,0x728781e75735dc0962df3a51d7ef47e798a7107e,0xb63d6c8488379b327215c9145b33e95ca850ad385d4b0131c12aa037618fad03
84,498.45479015053337,0.020087728043066494,0x5a86ebf9a0e6f8181ed5143557f7b8ba89957fcc,2017-10-20T13:54:43.000Z,0.00004029999999999999,0xda3a642a34306955c2c286afeb186618367e8616,sell,0x728781e75735dc0962df3a51d7ef47e798a7107e,0x87a6341e08ede6eafd5c92469384c7bd1cce81a86bc9de423d931c41eaf6d727
85,2.2858060359809125,0.00009211798325003,0x5a86ebf9a0e6f8181ed5143557f7b8ba89957fcc,2017-10-20T09:21:05.000Z,0.00004029999999999966,0x871c02367104c157608c9320c7021ad2b6b2206b,sell,0x728781e75735dc0962df3a51d7ef47e798a7107e,0xac8f9787c31041fc57bda98420aa46ae22ac5de06cb4ff85505dadc096776bba
86,22928.920346924533,1.031801415611604,0xe586e8534d235dad3d46685daf7c1815f0962944,2017-10-20T08:51:52.000Z,0.00004499999999999999,0x871c02367104c157608c9320c7021ad2b6b2206b,sell,0x728781e75735dc0962df3a51d7ef47e798a7107e,0x724bfebac1a274df77f4f1aacb2e49c3956f0f0626ebb5a0957a8fb789a51166
87,3.987656265576712,0.000159905016249626,0xe586e8534d235dad3d46685daf7c1815f0962944,2017-10-19T20:55:37.000Z,0.00004009999999999996,0xc3279da220428309e7538b4848c09324453bc5f1,sell,0x728781e75735dc0962df3a51d7ef47e798a7107e,0x9a155d229fdce7b72c1800f88c0441c761a3f77d90f2449e28c7cd11839cea1a
88,0.994,0.0000398594,0xe586e8534d235dad3d46685daf7c1815f0962944,2017-10-19T20:35:17.000Z,0.0000401,0xc3279da220428309e7538b4848c09324453bc5f1,sell,0x728781e75735dc0962df3a51d7ef47e798a7107e,0x5cb36eefac9371d3f3b2fcb272006330f46139d7ad5a886dd74c74a7e42b50b0
89,1,0.0000401,0xe586e8534d235dad3d46685daf7c1815f0962944,2017-10-19T20:28:30.000Z,0.0000401,0xc3279da220428309e7538b4848c09324453bc5f1,sell,0x728781e75735dc0962df3a51d7ef47e798a7107e,0x67e031321923808501c40d8aae990b5ca51a834d4bb78f6fcce4fbb2bb692c8c
90,20000,1.166,0x66a4e99923ff534c41936d0b28a13980b0a942f0,2017-10-19T20:04:34.000Z,0.0000583,0x583b640795999aa2bb22c1a62a91336ff9d325bb,buy,0x728781e75735dc0962df3a51d7ef47e798a7107e,0xa30a7333b01d10fd2d20b99935447db529c49a034f7acf2d29a8bd02dc2fa648
91,30000,1.497,0xf77c8c25ae665ada9df275fe81ed0ff2e982bec0,2017-10-19T16:35:14.000Z,0.0000499,0xe2f947f9b9d7b53ae47e72625337c557238914dd,buy,0x728781e75735dc0962df3a51d7ef47e798a7107e,0x6f6a1f90184723cdc1ee9c5df965a2291061f7bc3357abb3c0653283e655d77c
92,12959.824543913866,0.583192104476124,0xe586e8534d235dad3d46685daf7c1815f0962944,2017-10-19T16:31:03.000Z,0.00004499999999999999,0xce385eb7ec5eb29302050828f69fcff5e0a88d14,sell,0x728781e75735dc0962df3a51d7ef47e798a7107e,0x38d86eee4407d3c764fbefd5bd1f79e97962a64eeb29bb71868069e6f02089e9
93,3276.7677554733946,0.14745454899630275,0xe586e8534d235dad3d46685daf7c1815f0962944,2017-10-19T16:22:06.000Z,0.00004499999999999999,0x7e77caf74920352ccd7db96de8e8fa5b7e77d4c4,sell,0x728781e75735dc0962df3a51d7ef47e798a7107e,0xc36efbe6022a0a111396a769d1c6b2e19a4a8df72ee43acd9535678a9b970a7e
94,8500,0.49725,0x7f9e3a3c0b27d6fc11102fbd2f9a1c1312a02ed9,2017-10-19T12:25:52.000Z,0.0000585,0x341d1f0310880c1080ef982b9032991b4021a0de,buy,0x728781e75735dc0962df3a51d7ef47e798a7107e,0x18f6e82e76e8a2adfbcc632751fa81cff0838ce12914bb9d5e8b45ced6d04974
95,8500,0.49725,0xe586e8534d235dad3d46685daf7c1815f0962944,2017-10-19T09:10:30.000Z,0.0000585,0x583b640795999aa2bb22c1a62a91336ff9d325bb,buy,0x728781e75735dc0962df3a51d7ef47e798a7107e,0x8ca6380809e09cf2d7a078ca41748bf04b60bdf93a3660de653b652a82ce9126
96,500,0.02925,0xda3a642a34306955c2c286afeb186618367e8616,2017-10-19T08:43:00.000Z,0.0000585,0x583b640795999aa2bb22c1a62a91336ff9d325bb,buy,0x728781e75735dc0962df3a51d7ef47e798a7107e,0x66ede0e45505fd545b2d4f3c94a4746f5156a4454a6a28695c9d9875d3343805
97,4.9845479015053336,0.000204366463961718,0xe586e8534d235dad3d46685daf7c1815f0962944,2017-10-19T01:21:18.000Z,0.00004099999999999986,0x8f3687b7ed758fbf896aa710424b2a7a6d2d4455,sell,0x728781e75735dc0962df3a51d7ef47e798a7107e,0x11cda402c00afb88dcb8b798f3dd21ff348aff3201d53325b5a5bd67ed0a286f
98,9000,0.531,0xf77c8c25ae665ada9df275fe81ed0ff2e982bec0,2017-10-18T17:17:44.000Z,0.000059,0x583b640795999aa2bb22c1a62a91336ff9d325bb,buy,0x728781e75735dc0962df3a51d7ef47e798a7107e,0xe71bf10a81f4c2df4987121cd44239b649dae8e34e4b195fd097a70fdf4ea882
99,10000,0.5899,0xf77c8c25ae665ada9df275fe81ed0ff2e982bec0,2017-10-18T17:15:46.000Z,0.00005899,0x24418ab1b19550b380652432eac1ab37bf3d0fa9,buy,0x728781e75735dc0962df3a51d7ef47e798a7107e,0x33511b9808c8db013ffb38e7f5df95f3b3ea55acc680e45d568bf8266682086e
100,9981.481,0.538999974,0xf77c8c25ae665ada9df275fe81ed0ff2e982bec0,2017-10-18T17:09:54.000Z,0.000054,0x583b640795999aa2bb22c1a62a91336ff9d325bb,buy,0x728781e75735dc0962df3a51d7ef47e798a7107e,0xf948302b9b253ca50053f24f3fdabc8ea432f151333bb087b8544eaf2064a083
101,1,0.000059,0x3ac636ac5c3a2576156ac5f10066ca68abe0ad54,2017-10-18T16:24:15.000Z,0.000059,0x583b640795999aa2bb22c1a62a91336ff9d325bb,buy,0x728781e75735dc0962df3a51d7ef47e798a7107e,0xcc538ed0a816cbe8f075531e2afcaf1da20b5b2214b41f09135e1bb07005c3ed
102,299.07287409032,0.0119629149636128,0xf4fd890e3ed61a67a6ad80d2c56bbee6eba18f96,2017-10-18T16:23:35.000Z,0.00003999999999999999,0xe586e8534d235dad3d46685daf7c1815f0962944,sell,0x728781e75735dc0962df3a51d7ef47e798a7107e,0x89e336a92e6e36119c7d42093208f8d5b719a49e4d7db5529020f449471e2510
103,9.25925925925926,0.0005,0xf9695cd65d6dfdf257fab76a3eb0cb8f001971cc,2017-10-18T15:38:24.000Z,0.000054,0x583b640795999aa2bb22c1a62a91336ff9d325bb,buy,0x728781e75735dc0962df3a51d7ef47e798a7107e,0xa686cdd8309f9d50b0beac2e6cdcc4a38ec0d458f9973f4457f6aeb27ec66bc5
104,9.25925925925926,0.0005,0x379374d13077e8867ef31803c37baf9785a17c00,2017-10-18T15:37:34.000Z,0.000054,0x583b640795999aa2bb22c1a62a91336ff9d325bb,buy,0x728781e75735dc0962df3a51d7ef47e798a7107e,0xcbbeff04c2147f9eff69f3d94b6f5bb38f4cadda39e41d0c1cc6aa0ccf3bf248
105,19.5,0.000585,0xe586e8534d235dad3d46685daf7c1815f0962944,2017-10-18T14:44:18.000Z,0.00003,0x542f2472846d1568bfd2246a56bf54ad09e99245,buy,0x728781e75735dc0962df3a51d7ef47e798a7107e,0xadd83eedf7dc8da150ca436c4cde154c8ff48803880fc4e46f96911588cf1478
106,7279,0.36395,0xe586e8534d235dad3d46685daf7c1815f0962944,2017-10-18T14:43:20.000Z,0.00005,0x2aabd901349e260aac247ce983394fea94402594,buy,0x728781e75735dc0962df3a51d7ef47e798a7107e,0xf48be76a13b3b94df9bb41effb412a3ebe9515c28701a9dc5d62431aad94b698
107,3283.9350067353703,0.10839284276731437,0x7e77caf74920352ccd7db96de8e8fa5b7e77d4c4,2017-10-18T14:32:24.000Z,0.00003300699999999999,0x4cc6e4b4f2197bdb6d3fb513882c49cc559e5d50,sell,0x728781e75735dc0962df3a51d7ef47e798a7107e,0x244f16922c18cefbdb593a25b2012d0747c545f39aa2b915280c2d67274dd903
108,8.474576271186441,0.0005,0x42c24a83bded723edfdf5883bc7efb30bc1a1bf3,2017-10-18T13:47:51.000Z,0.000059,0x583b640795999aa2bb22c1a62a91336ff9d325bb,buy,0x728781e75735dc0962df3a51d7ef47e798a7107e,0xe26d5f912d6bc3324627ff5519d4bac6c73c55af23efcf971e2fb6ce4f9106bf
109,29907.287799914844,1.2261987997965085,0xe586e8534d235dad3d46685daf7c1815f0962944,2017-10-18T13:22:25.000Z,0.00004099999999999999,0x7e77caf74920352ccd7db96de8e8fa5b7e77d4c4,sell,0x728781e75735dc0962df3a51d7ef47e798a7107e,0xbe4f2e796b958149aa1f2e2d84aacb704dab4874b992defcd7ee527f91bebc91
110,9114.109,0.537723316891,0xe586e8534d235dad3d46685daf7c1815f0962944,2017-10-18T13:17:02.000Z,0.000058999,0x7e77caf74920352ccd7db96de8e8fa5b7e77d4c4,buy,0x728781e75735dc0962df3a51d7ef47e798a7107e,0x4225a4136ae362e94c8dbe6ce5514053c35e56f6d7f07e29425650aa8e9d0087
111,2576,0.151981424,0x610d0bf74694c91fdf9d09ab85c9659abac0dcbd,2017-10-18T13:03:58.000Z,0.000058999,0x4cc6e4b4f2197bdb6d3fb513882c49cc559e5d50,sell,0x728781e75735dc0962df3a51d7ef47e798a7107e,0xffa47eae367e3019ab58f59ac90cc7c103806eea660d05a61e5027ebe7b1c9c9
112,6.978367062107467,0.00020976971388695,0xe586e8534d235dad3d46685daf7c1815f0962944,2017-10-18T12:48:41.000Z,0.00003005999999999993,0xa3c29ffa3a2e7b1b5ffcf53dabb0991025b73d30,sell,0x728781e75735dc0962df3a51d7ef47e798a7107e,0xc26d417b31fdb79a3a3d8010d6fa61a36df75852a7fe2366a2f4678d28bb80f6
113,3000,0.105,0xce385eb7ec5eb29302050828f69fcff5e0a88d14,2017-10-18T11:26:55.000Z,0.000035,0x4cc6e4b4f2197bdb6d3fb513882c49cc559e5d50,sell,0x728781e75735dc0962df3a51d7ef47e798a7107e,0xa662cfb62968dfd97d57a203ea1427cb397a247a47d104cdd86127e7a3ad989e
114,10000,0.35,0xce385eb7ec5eb29302050828f69fcff5e0a88d14,2017-10-18T11:05:48.000Z,0.000035,0x24418ab1b19550b380652432eac1ab37bf3d0fa9,sell,0x728781e75735dc0962df3a51d7ef47e798a7107e,0x4972465eeefb69bf58af714d375e838c230124f9056fe41e17c2ffb21a939853
115,4.9845479015053336,0.000135081248130794,0xe586e8534d235dad3d46685daf7c1815f0962944,2017-10-18T07:10:38.000Z,0.00002709999999999989,0xa0c133280aeb0809a801856347661d76c6ab28d3,sell,0x728781e75735dc0962df3a51d7ef47e798a7107e,0x4b73d3f65e4e2034bc539ce4a2c3db1cb34eafa4d19094e5b0b4a8bd195fe14d
116,6.978367062107467,0.000186322400558269,0xe586e8534d235dad3d46685daf7c1815f0962944,2017-10-18T05:55:48.000Z,0.00002669999999999994,0x927d62fed24dff8ea8abd3f2a1a8e3d930f37844,sell,0x728781e75735dc0962df3a51d7ef47e798a7107e,0x271c4e10a3b4afbd19b90c2cac397f2d91daf72a7fcb41dc086ff3dd480483f7
117,133.09874236329327,0.009969095803010666,0xf3738f2125990ec53dc7cf8268751195627b4c1b,2017-10-18T05:18:25.000Z,0.0000749,0x971f30c325d9924ad472adf0bf98702502baad93,buy,0x728781e75735dc0962df3a51d7ef47e798a7107e,0x540883eb9434d3f8c0d5455aa2f88b4a8f4e7414e9e9d7dadad2ac06154167fd
118,6.978367062107467,0.000185624563852058,0xe586e8534d235dad3d46685daf7c1815f0962944,2017-10-18T04:40:39.000Z,0.00002659999999999991,0x50dd81c0c39cadbcc134c3dc6955ea63eda923ed,sell,0x728781e75735dc0962df3a51d7ef47e798a7107e,0x2f4b1c6aef43ea3909846c792e4744975423546b2aca73068a91f74bd4f064cc
119,1321,0.0702772,0xe586e8534d235dad3d46685daf7c1815f0962944,2017-10-18T04:35:40.000Z,0.0000532,0xe2f947f9b9d7b53ae47e72625337c557238914dd,buy,0x728781e75735dc0962df3a51d7ef47e798a7107e,0xda81ae6c0b46bec2e85f28549b48132f9669398f11a2274ee2794a9c814cbdf0
120,13186.27876665008,0.3454805036862321,0xe586e8534d235dad3d46685daf7c1815f0962944,2017-10-18T02:52:24.000Z,0.00002619999999999999,0xa2b950dc320f67bffe5824af17c665b1fd3423ec,sell,0x728781e75735dc0962df3a51d7ef47e798a7107e,0xf29b1c68ac3f489b0bb541471f4ed3457eb37b481572a48d15310564b341b651
121,4330,0.1299,0x2aabd901349e260aac247ce983394fea94402594,2017-10-18T02:51:11.000Z,0.00003,0xa2b950dc320f67bffe5824af17c665b1fd3423ec,sell,0x728781e75735dc0962df3a51d7ef47e798a7107e,0x7c7205ca27ead34cfe4db3c8d07f82468301bfe5c34b25de55d99600ec22574c
122,4.9,0.00012838,0xe586e8534d235dad3d46685daf7c1815f0962944,2017-10-18T01:59:39.000Z,0.0000262,0x4e62d92cbc923f02bfaff6cee0104cf9e87b08a9,sell,0x728781e75735dc0962df3a51d7ef47e798a7107e,0x4518c5983e9d597da6c2c219ad4ea3c1c329464d7d50a16bfa1cd255fa07e0a4
123,4.9,0.00012838,0xe586e8534d235dad3d46685daf7c1815f0962944,2017-10-18T01:59:34.000Z,0.0000262,0x4e62d92cbc923f02bfaff6cee0104cf9e87b08a9,sell,0x728781e75735dc0962df3a51d7ef47e798a7107e,0x4518c5983e9d597da6c2c219ad4ea3c1c329464d7d50a16bfa1cd255fa07e0a4
124,2346.725152028711,0.06148419898315223,0xe586e8534d235dad3d46685daf7c1815f0962944,2017-10-18T01:20:20.000Z,0.00002619999999999999,0x16f032aacc73433cdfe61ef1d17ea20375a1ca3f,sell,0x728781e75735dc0962df3a51d7ef47e798a7107e,0x4a3dfb41f2cd192145a008922d99a4bbf4366eba3a6ee0df8d9bfb23289d7a05
125,900,0.081,0xd76054cf54fb77a452ef841245eab576df7c0ccf,2017-10-18T00:47:24.000Z,0.00009,0x7e77caf74920352ccd7db96de8e8fa5b7e77d4c4,buy,0x728781e75735dc0962df3a51d7ef47e798a7107e,0x5ceb60ffabbef824c23d5b046477326a7dcfe1ed282a5fbed4c44a4627d7c293
126,2949.6178722049112,0.26546560849844203,0x2aabd901349e260aac247ce983394fea94402594,2017-10-18T00:44:06.000Z,0.00009,0x7e77caf74920352ccd7db96de8e8fa5b7e77d4c4,buy,0x728781e75735dc0962df3a51d7ef47e798a7107e,0x69fa2aac43f666433562ec16c64ce88e213b165c42ea8eda30f89c752b1756bf
127,0.599,0.00001198599,0x341d1f0310880c1080ef982b9032991b4021a0de,2017-10-17T22:48:47.000Z,0.00002001,0xb726c53d5fc6d1441ec8a43142458a12b7b2e475,sell,0x728781e75735dc0962df3a51d7ef47e798a7107e,0x27bff7a10842d0e1a03a6bbcf963987c72eba33505eacb900dda63e6d8d8161a
128,2213,0.04428213,0x341d1f0310880c1080ef982b9032991b4021a0de,2017-10-17T22:46:15.000Z,0.00002001,0xb726c53d5fc6d1441ec8a43142458a12b7b2e475,sell,0x728781e75735dc0962df3a51d7ef47e798a7107e,0x64a4d585d02a07872e18184154a92a2251843b79c8a45df914cb0e881a55445b
129,1847.5755159007078,0.036969986073173165,0x341d1f0310880c1080ef982b9032991b4021a0de,2017-10-17T20:26:56.000Z,0.00002000999999999999,0x442b2621147b084195a43e7e988ce9aa64c1e057,sell,0x728781e75735dc0962df3a51d7ef47e798a7107e,0x57249e63b43a866da1a8d0e5d8dd97dd9dbd5a5135db606fc55e93c85ee53f86
130,6.25,0.0005,0x16e5d97bbc92417e051e3b2cabfbf8ceea2acb9c,2017-10-17T18:38:49.000Z,0.00008,0xe2f947f9b9d7b53ae47e72625337c557238914dd,buy,0x728781e75735dc0962df3a51d7ef47e798a7107e,0xee67fd24ae0279fd695a47cc54e8ad5c4c0b7849f235210bc6d85e70757bca96
131,6000,0.12006,0x341d1f0310880c1080ef982b9032991b4021a0de,2017-10-17T18:03:00.000Z,0.00002001,0xe2f947f9b9d7b53ae47e72625337c557238914dd,sell,0x728781e75735dc0962df3a51d7ef47e798a7107e,0xb1a0196bad8e06cc386b95c8735997146d7db859064e120fed34e4d2d8cf7979
132,316.6826037356633,0.006333968757317001,0x971f30c325d9924ad472adf0bf98702502baad93,2017-10-17T15:19:53.000Z,0.00002000099999999999,0x7b3349113c37167702500ec368bd27058bda376d,sell,0x728781e75735dc0962df3a51d7ef47e798a7107e,0x8b0f380e7c29fdc01b645cb5c50f0430edeb100a752eda4a84834bd6128d5e7a
133,16500,0.3300495,0x7e77caf74920352ccd7db96de8e8fa5b7e77d4c4,2017-10-17T15:15:05.000Z,0.000020003,0x7b3349113c37167702500ec368bd27058bda376d,sell,0x728781e75735dc0962df3a51d7ef47e798a7107e,0x75519b4c9fd095e205d33fc989bc1e67c83a48569d34a2fd0251d84ff816c7af
134,93551.9888346127,1.4033733845080252,0x09e396aca9535fffc68c72f880ab36e252b73a43,2017-10-17T12:00:55.000Z,0.00001500099999999999,0xfafea99d5b39540701c896b7bdf78eff8a308ebd,sell,0x728781e75735dc0962df3a51d7ef47e798a7107e,0x94799f43b7267282c364f9f6f9feef6cc5929adb9203e6570fa8c6e15786423c
135,6000,0.108006,0x7b3349113c37167702500ec368bd27058bda376d,2017-10-17T11:16:30.000Z,0.000018001,0xe2f947f9b9d7b53ae47e72625337c557238914dd,sell,0x728781e75735dc0962df3a51d7ef47e798a7107e,0xadc18881ed7893380197e2a6c5638adfed9e5215042acb35dc0bec9498340c78
136,4069.56933506131,0.06140573169674011,0x7b3349113c37167702500ec368bd27058bda376d,2017-10-17T09:36:15.000Z,0.00001508899999999999,0x10b1d2b3dcc7d53d9d924d436a261674ce73a227,sell,0x728781e75735dc0962df3a51d7ef47e798a7107e,0x607d91774f1c80147d33bc9412726c4160663ececa91f811d8872c272b3edbee
137,1177,0.115346,0x8717d4c20c0fff899b4fb2a8fcba7459f6e89257,2017-10-17T09:06:30.000Z,0.000098,0x442b2621147b084195a43e7e988ce9aa64c1e057,buy,0x728781e75735dc0962df3a51d7ef47e798a7107e,0xecc3ed841347923155575b35434e71ffabdbec700967a0149d4c9eb071c407b8
138,3300,0.3296667,0x7b3349113c37167702500ec368bd27058bda376d,2017-10-17T08:10:43.000Z,0.000099899,0x7e77caf74920352ccd7db96de8e8fa5b7e77d4c4,buy,0x728781e75735dc0962df3a51d7ef47e798a7107e,0xffc9df30260a78360d81f5e591bbe8e39748aacbc5cb6de9be032a6519c164a4
139,2835,0.280665,0x7b3349113c37167702500ec368bd27058bda376d,2017-10-17T08:10:43.000Z,0.000099,0x8909e1a4f31fc2214ea6c4a917268b833b00c000,buy,0x728781e75735dc0962df3a51d7ef47e798a7107e,0x3c50aaa649706b20126c8703c03c34755c66d705a303515a2ba5ce73127e899c
140,664.594984745934,0.06578825754,0x7b3349113c37167702500ec368bd27058bda376d,2017-10-17T08:10:43.000Z,0.00009899,0x2249f2fa7ca5bd91211390be3798686040b7fed7,buy,0x728781e75735dc0962df3a51d7ef47e798a7107e,0x36a2a9736622e85c84f2a71ba26e71045b65c40c53c166148610a5da31b6bc4e
141,2000,0.2,0x938cd068ea9bf1d37b217f8aa696d154551a93e4,2017-10-17T07:40:52.000Z,0.0001,0x583b640795999aa2bb22c1a62a91336ff9d325bb,sell,0x728781e75735dc0962df3a51d7ef47e798a7107e,0xa719c82828bb16291f3f1940aa70b258e7768ed57c2df6fe16365f4ce520aa45
142,2000,0.2,0x938cd068ea9bf1d37b217f8aa696d154551a93e4,2017-10-17T07:40:32.000Z,0.0001,0x583b640795999aa2bb22c1a62a91336ff9d325bb,sell,0x728781e75735dc0962df3a51d7ef47e798a7107e,0x24fc9eb5533ca22912606e9d1a439d83cebf4e45584b07a1534365cb5a3c50ff
143,5.051015254066067,0.0005,0xcd912af5286dc0b0a23edb30209734ecb60838b3,2017-10-17T06:17:57.000Z,0.00009899,0x2249f2fa7ca5bd91211390be3798686040b7fed7,buy,0x728781e75735dc0962df3a51d7ef47e798a7107e,0x85b48090aaf9486f9411ff6d4dd590724b310d40f89c27b654eff2301b032b3c
144,500,0.05,0x314cbb74e9c1a5bd5a5530e2c0dcb60f4850b238,2017-10-17T04:45:55.000Z,0.0001,0x583b640795999aa2bb22c1a62a91336ff9d325bb,buy,0x728781e75735dc0962df3a51d7ef47e798a7107e,0x65b00569be5064c29e5d1d68921023122e571c81fd3c0f32a65fa225b6f7c95e
145,2000,0.026,0x10b1d2b3dcc7d53d9d924d436a261674ce73a227,2017-10-17T04:27:57.000Z,0.000013,0xf9b90dd16205f9ac31ec7be778a6586c49b1a378,buy,0x728781e75735dc0962df3a51d7ef47e798a7107e,0x55dc40a3575646b2a53866adfa79e64091a7985141a694618b986e7f3ff3ce3f
146,1000,0.013,0x10b1d2b3dcc7d53d9d924d436a261674ce73a227,2017-10-17T04:14:11.000Z,0.000013,0xf9b90dd16205f9ac31ec7be778a6586c49b1a378,buy,0x728781e75735dc0962df3a51d7ef47e798a7107e,0x02dac80d526b2f6b9e8c0b1d01875d083d643b4dfb8c244e1ec8ddaf6b493655
147,1000,0.013,0x10b1d2b3dcc7d53d9d924d436a261674ce73a227,2017-10-17T03:18:46.000Z,0.000013,0xf9b90dd16205f9ac31ec7be778a6586c49b1a378,buy,0x728781e75735dc0962df3a51d7ef47e798a7107e,0x7501637d0baca9743310f27b634c481a42b28f9a82d8f3309f8335f97cc7e2cd
148,5747.115487834249,0.07528721289062865,0x039b55c7074f37bb24a57ca277a323eb9f6fea8e,2017-10-17T01:55:07.000Z,0.00001309999999999999,0x42b866f5fe13126de20de81868ae0d2f849b38d2,sell,0x728781e75735dc0962df3a51d7ef47e798a7107e,0x4b3f3d1e9da8a140b05ff7a072c57d6242d33802eb577f3c5f5f31cc5e6edd8f
149,26400,0.34716,0x7e77caf74920352ccd7db96de8e8fa5b7e77d4c4,2017-10-17T01:54:18.000Z,0.00001315,0x42b866f5fe13126de20de81868ae0d2f849b38d2,sell,0x728781e75735dc0962df3a51d7ef47e798a7107e,0x848bcf7148c8dffe8221508f7440645a88221131e0e9fa64fb0cbf3133af1a9c
150,3363.7272642994903,0.3360363537035191,0x7e77caf74920352ccd7db96de8e8fa5b7e77d4c4,2017-10-17T01:00:06.000Z,0.0000999,0x8909e1a4f31fc2214ea6c4a917268b833b00c000,buy,0x728781e75735dc0962df3a51d7ef47e798a7107e,0x4e9057c55112904afff9f285d726dec7b7c8ef6e783bc277ce070e0e4de415a3
151,100,0.00999,0x61a3514038653fb15a4eee6e0a4cebf8ac934888,2017-10-17T00:12:42.000Z,0.0000999,0x8909e1a4f31fc2214ea6c4a917268b833b00c000,buy,0x728781e75735dc0962df3a51d7ef47e798a7107e,0xea20b36acfee38b2b5ed7274c775c7fceb9371eaa1659413bf16258ac5581f2d
152,6000,0.6,0x8909e1a4f31fc2214ea6c4a917268b833b00c000,2017-10-16T21:32:04.000Z,0.0001,0x583b640795999aa2bb22c1a62a91336ff9d325bb,buy,0x728781e75735dc0962df3a51d7ef47e798a7107e,0x48bf53cfecac6c0d449857615486603c208cf4d14302b3e9b7c168785da1545d
153,49.800796812749006,0.014940239043824702,0xfd5bca5c2aec4d0aac952308d270bfc34fb123bf,2017-10-16T19:07:44.000Z,0.0003,0x3b2ceb8a5411aa1ab60d3d8eb450d9fa39a41176,sell,0x728781e75735dc0962df3a51d7ef47e798a7107e,0xa8642fb278269d68d76873dc1daeb4a5dc6dac95a2f8a387b56b0917b42eddb5
154,50,0.005,0x3b2ceb8a5411aa1ab60d3d8eb450d9fa39a41176,2017-10-16T19:07:44.000Z,0.0001,0x583b640795999aa2bb22c1a62a91336ff9d325bb,buy,0x728781e75735dc0962df3a51d7ef47e798a7107e,0xa8642fb278269d68d76873dc1daeb4a5dc6dac95a2f8a387b56b0917b42eddb5
155,18.742010935714806,0.000234275136696435,0x23ce9f95dcda612bfbb243d576f1a1d4e1a7b658,2017-10-16T19:00:29.000Z,0.00001249999999999999,0xe1ce8ee1a4cea025e7dc282c79a62be56edaf468,sell,0x728781e75735dc0962df3a51d7ef47e798a7107e,0x8ad600bf9ade4136c4cc09f2f4a5fe2ea18525ec2977b6c0493ee670c5c7dbc5
156,20000,0.2,0xb9f1a043bf2efc5820babadf1c244a378c577fa6,2017-10-16T15:52:09.000Z,0.00001,0x583b640795999aa2bb22c1a62a91336ff9d325bb,sell,0x728781e75735dc0962df3a51d7ef47e798a7107e,0xe8e8d7027ddfca19a0b93310aac089e1ea078fdb33d2c1114e7889747ca1064a
157,90,0.00108,0x26e6196ca3d6ea0b092454af4e447c71cba7528a,2017-10-16T15:40:20.000Z,0.000012,0x2249f2fa7ca5bd91211390be3798686040b7fed7,sell,0x728781e75735dc0962df3a51d7ef47e798a7107e,0x2bb1009a864df61b443289f500484f6251e2dd81fe009c14ddc09388d14eeedf
158,90,0.00108,0x26e6196ca3d6ea0b092454af4e447c71cba7528a,2017-10-16T15:37:50.000Z,0.000012,0x2249f2fa7ca5bd91211390be3798686040b7fed7,sell,0x728781e75735dc0962df3a51d7ef47e798a7107e,0x2bb1009a864df61b443289f500484f6251e2dd81fe009c14ddc09388d14eeedf
159,0.003462332920563636,0.000000380856621262,0x8622a270b63202e1019dbde75f9bf47570926691,2017-10-16T15:34:19.000Z,0.00011,0x583b640795999aa2bb22c1a62a91336ff9d325bb,buy,0x728781e75735dc0962df3a51d7ef47e798a7107e,0x1c23e944a4160cbda49d292892917e526e2b55217e38373f74b56fafaa679085
160,5000,0.0855,0x583b640795999aa2bb22c1a62a91336ff9d325bb,2017-10-16T14:31:16.000Z,0.0000171,0x24418ab1b19550b380652432eac1ab37bf3d0fa9,sell,0x728781e75735dc0962df3a51d7ef47e798a7107e,0x9d0f269e964db9ad46914dbd12a4381024ece0bec5fd4a6e5d6b193ebf4e73c7
161,29.38748282977146,0.00382037276787029,0x8622a270b63202e1019dbde75f9bf47570926691,2017-10-16T13:45:56.000Z,0.00013,0x2249f2fa7ca5bd91211390be3798686040b7fed7,buy,0x728781e75735dc0962df3a51d7ef47e798a7107e,0xc4dfd4fdb3db1fa250435970d2af817af4259b47c8c9e991e215b31e140e559b
162,789.3041722448613,0.11365980080326003,0x2249f2fa7ca5bd91211390be3798686040b7fed7,2017-10-16T13:05:45.000Z,0.000144,0x989a41d3b1cce9696fe448baefcafe3249610df0,buy,0x728781e75735dc0962df3a51d7ef47e798a7107e,0x160b7b8103d63c0ef4b4e0ea990bbc2423b0d12c902c6c1c068b8723857a702b
163,137.931,0.019999995,0x7934e79e95965d619de5545968e49e0e65a8a53a,2017-10-16T12:44:45.000Z,0.000145,0x583b640795999aa2bb22c1a62a91336ff9d325bb,buy,0x728781e75735dc0962df3a51d7ef47e798a7107e,0x7ed0ac6e3306fa56dddfdda4d38a57e59e3cff299e3f5dd0339ff4865e93d425
164,1201,0.1201,0x90177d7d49def5a18ba392fa02c59d8e8a5e7b74,2017-10-16T12:26:53.000Z,0.0001,0x1525b75e5417b404409a0a3bf7d083579016cd83,buy,0x728781e75735dc0962df3a51d7ef47e798a7107e,0xb446cc4466991132ad59ef0443f8bd5fbcc4314e11e2510cc281ab8645a056d1
165,1408.0350912172266,0.022528561459475627,0x583b640795999aa2bb22c1a62a91336ff9d325bb,2017-10-16T12:06:06.000Z,0.00001599999999999999,0xa517b2a4dccb6a15093084848309e0826eec1ab9,sell,0x728781e75735dc0962df3a51d7ef47e798a7107e,0xf18a28e46c7166e5a74f080ddea28042e3cd35df5718bbf1e35b374916f0ba3e
166,8098.350947306572,0.12957361515690516,0x583b640795999aa2bb22c1a62a91336ff9d325bb,2017-10-16T11:53:48.000Z,0.00001599999999999999,0x989a41d3b1cce9696fe448baefcafe3249610df0,sell,0x728781e75735dc0962df3a51d7ef47e798a7107e,0x2d16ed40e6c04419d072dc7c9e50832fd12354ba514fcd43771723ed23062fc3
167,3,0.000447,0xbf52f67f8524587d6a7ab1f1f8d092c635b9587f,2017-10-16T11:40:31.000Z,0.000149,0xf6cdc1769a5c6d98ad6c87ae6eb25aa9a080d60e,buy,0x728781e75735dc0962df3a51d7ef47e798a7107e,0xc24b4247c772ce3943bf3c6669f4d869e728be9e7056b28615d8b5ce66f3ae51
168,1953.9433520489883,0.29309150280734825,0x4cc6e4b4f2197bdb6d3fb513882c49cc559e5d50,2017-10-16T11:17:19.000Z,0.00015,0x42b866f5fe13126de20de81868ae0d2f849b38d2,buy,0x728781e75735dc0962df3a51d7ef47e798a7107e,0x711bc7a86422487539c02a8bd94366bebe3beb35d96e8b26529b4bbed1490459
169,2393,0.35895,0x4cc6e4b4f2197bdb6d3fb513882c49cc559e5d50,2017-10-16T10:46:44.000Z,0.00015,0x115e4d36b59f3c09a51d265584d5f35203bc86d2,buy,0x728781e75735dc0962df3a51d7ef47e798a7107e,0x4c6f0564375ae9156650e74f09ae05e835b14a1324747517ba756a28e993acc2
170,10000,1,0x4cc6e4b4f2197bdb6d3fb513882c49cc559e5d50,2017-10-16T10:42:43.000Z,0.0001,0x42b866f5fe13126de20de81868ae0d2f849b38d2,buy,0x728781e75735dc0962df3a51d7ef47e798a7107e,0xa3198e26f2c43107a6233cf833135c14cfd82d3d6fe4d4e22a4e4a57c6a152ec
171,10000,1,0x4cc6e4b4f2197bdb6d3fb513882c49cc559e5d50,2017-10-16T10:40:06.000Z,0.0001,0x42b866f5fe13126de20de81868ae0d2f849b38d2,buy,0x728781e75735dc0962df3a51d7ef47e798a7107e,0xb9af185939fee9094fb95c356de978c6793e41eeeb858567f93ad21cd875a59e
172,1900,0.228,0x26e6196ca3d6ea0b092454af4e447c71cba7528a,2017-10-16T10:39:06.000Z,0.00012,0xc9d56287b414e1aa0963016aa721b527f095fd9c,sell,0x728781e75735dc0962df3a51d7ef47e798a7107e,0xcfe50651c7b6196f7644db6d5b599624308e3f832dc4bd71ae853082b7dfe3d1
173,1905.7,0.19057,0xc9d56287b414e1aa0963016aa721b527f095fd9c,2017-10-16T10:39:06.000Z,0.0001,0x42b866f5fe13126de20de81868ae0d2f849b38d2,buy,0x728781e75735dc0962df3a51d7ef47e798a7107e,0xcfe50651c7b6196f7644db6d5b599624308e3f832dc4bd71ae853082b7dfe3d1
174,2693.646605104477,0.2693646605104477,0x4cc6e4b4f2197bdb6d3fb513882c49cc559e5d50,2017-10-16T10:29:46.000Z,0.0001,0x42b866f5fe13126de20de81868ae0d2f849b38d2,buy,0x728781e75735dc0962df3a51d7ef47e798a7107e,0xf09346da36ad5e849944d1b563b0a173fa339f3c19653c88189f235c5f5d1406
175,2312.376744640193,0.02546389271197781,0x24418ab1b19550b380652432eac1ab37bf3d0fa9,2017-10-16T10:23:03.000Z,0.00001101199999999999,0x459e0021404e96b2cccf7ad0611c5ae87449704c,sell,0x728781e75735dc0962df3a51d7ef47e798a7107e,0xc9ed85961beb0c0638db1d2b1bf3cda730a2116b1d9218d068b025fde27dccbd
176,2312.376744640193,0.02546389271197781,0x24418ab1b19550b380652432eac1ab37bf3d0fa9,2017-10-16T10:20:27.000Z,0.00001101199999999999,0x459e0021404e96b2cccf7ad0611c5ae87449704c,sell,0x728781e75735dc0962df3a51d7ef47e798a7107e,0xc9ed85961beb0c0638db1d2b1bf3cda730a2116b1d9218d068b025fde27dccbd
177,2390,0.03107239,0x24418ab1b19550b380652432eac1ab37bf3d0fa9,2017-10-16T10:18:09.000Z,0.000013001,0x2769d1b94ea6d14c0c20001bfecdfe58d3989608,sell,0x728781e75735dc0962df3a51d7ef47e798a7107e,0x09e562809f91cb36603ff039f9a97fefc90e138b0675c62f3682fe236068a6c2
178,8196.444,0.4508052396444,0x24418ab1b19550b380652432eac1ab37bf3d0fa9,2017-10-16T10:10:00.000Z,0.0000550001,0x42b866f5fe13126de20de81868ae0d2f849b38d2,sell,0x728781e75735dc0962df3a51d7ef47e798a7107e,0x15e6aa858ec9d029c6b8ff82ef15fab8ea72e9fb32bd1658fc8ce12c1efc312b
179,753.4594879874599,0.041515617788109034,0x583b640795999aa2bb22c1a62a91336ff9d325bb,2017-10-16T10:07:10.000Z,0.00005509999999999999,0x459e0021404e96b2cccf7ad0611c5ae87449704c,sell,0x728781e75735dc0962df3a51d7ef47e798a7107e,0x943ef2aa78d1f0dbbca3c9ff889d8df80fd6a77f028087b682a4d1b718ff56a1
180,500,0.028,0xf6cdc1769a5c6d98ad6c87ae6eb25aa9a080d60e,2017-10-16T10:06:48.000Z,0.000056,0x42b866f5fe13126de20de81868ae0d2f849b38d2,sell,0x728781e75735dc0962df3a51d7ef47e798a7107e,0xe0d6d17a46cf627918d6697113ed3042c528b2b626ed3157898db04b9f8df690
181,901.778,0.0495978801778,0x24418ab1b19550b380652432eac1ab37bf3d0fa9,2017-10-16T10:06:48.000Z,0.0000550001,0x42b866f5fe13126de20de81868ae0d2f849b38d2,sell,0x728781e75735dc0962df3a51d7ef47e798a7107e,0xb3c972b7ede463cef5569fa30bc62c9bdf1fbd7263635082f239668248e2a4f4
182,1674.229,0.0922500179,0x583b640795999aa2bb22c1a62a91336ff9d325bb,2017-10-16T10:06:28.000Z,0.0000551,0x459e0021404e96b2cccf7ad0611c5ae87449704c,sell,0x728781e75735dc0962df3a51d7ef47e798a7107e,0x74294a9e19fc32e12a7cfea99b6bdd655882d39d524f765ad351d68686e61282
183,901.778,0.0495978801778,0x24418ab1b19550b380652432eac1ab37bf3d0fa9,2017-10-16T10:04:33.000Z,0.0000550001,0x459e0021404e96b2cccf7ad0611c5ae87449704c,sell,0x728781e75735dc0962df3a51d7ef47e798a7107e,0x8a54923b878d420a1a206662da259ff1e7d7b8f1784aaa30e54cabf470b85050
184,14878.044,0.8197802244,0x583b640795999aa2bb22c1a62a91336ff9d325bb,2017-10-16T10:02:30.000Z,0.0000551,0x42b866f5fe13126de20de81868ae0d2f849b38d2,sell,0x728781e75735dc0962df3a51d7ef47e798a7107e,0x81519b82c6b05b0d2c3ff7dbcd5907a126585139db999e610652570377dd7fc5
185,997.2,0.0099729972,0xf36990a2cb4d609e0a7d4f3bf884c0342d81fd3d,2017-10-16T10:01:49.000Z,0.000010001,0x42b866f5fe13126de20de81868ae0d2f849b38d2,sell,0x728781e75735dc0962df3a51d7ef47e798a7107e,0xa30a2fbc5f87d4942ae0d8ad4afb944605bcc6b894f6141063fcbcb88079188b
186,1190.3100388794737,0.065586083142259,0x583b640795999aa2bb22c1a62a91336ff9d325bb,2017-10-16T10:00:41.000Z,0.00005509999999999999,0x62bf8f52e67457a0d52437e8fa44d3a3121db041,sell,0x728781e75735dc0962df3a51d7ef47e798a7107e,0x4e41b07572bb8c1f76afc5a892f5f88658c06c3d3ac51e5587c039181434ab7b
187,1503.9574731330665,0.08286805676963196,0x583b640795999aa2bb22c1a62a91336ff9d325bb,2017-10-16T10:00:32.000Z,0.00005509999999999999,0xb556e5e53b90bb201ff0d7cd6484e2a964137829,sell,0x728781e75735dc0962df3a51d7ef47e798a7107e,0x2a67f5c8582328ee37c72f76de8eafb89019d70538e3fa9799f3d3be361685e0
188,20000,0.24002,0x24418ab1b19550b380652432eac1ab37bf3d0fa9,2017-10-16T09:58:29.000Z,0.000012001,0x42b866f5fe13126de20de81868ae0d2f849b38d2,sell,0x728781e75735dc0962df3a51d7ef47e798a7107e,0x485835a89cf98136b930f94da617c32a49eb4d75e4443277e45ca27769cc58d8
189,15,0.0045,0x58683d8032acf31ce0b90069b53fe63e4087fc40,2017-10-16T09:56:24.000Z,0.0003,0x0aa7a6e48458a85ea5d2ab9ec9c6fee918992fdf,buy,0x728781e75735dc0962df3a51d7ef47e798a7107e,0x0be826aa99d118a57fbc4fea0e0e54bb304c0b27362df7579ff79f4e4310d385
190,10553.033,0.580416815,0x583b640795999aa2bb22c1a62a91336ff9d325bb,2017-10-16T09:56:07.000Z,0.000055,0x42b866f5fe13126de20de81868ae0d2f849b38d2,sell,0x728781e75735dc0962df3a51d7ef47e798a7107e,0x5360fec83a511b9f47101758db5fccb6bfdb98f4e87156c5020c4dd689f24dba
191,5000,0.275005,0x24418ab1b19550b380652432eac1ab37bf3d0fa9,2017-10-16T09:50:07.000Z,0.000055001,0x42b866f5fe13126de20de81868ae0d2f849b38d2,sell,0x728781e75735dc0962df3a51d7ef47e798a7107e,0x45cf0e31ff871996c6a1b04405ccce7c2c44658b1b1fdbb534ffa41eea834486
192,5201.972777852072,0.28610850278186395,0x583b640795999aa2bb22c1a62a91336ff9d325bb,2017-10-16T09:33:49.000Z,0.00005499999999999999,0x72929db4fc0f69607d927d4d0120803ab5af8ba0,sell,0x728781e75735dc0962df3a51d7ef47e798a7107e,0x3a8f9b43a05d0ddcdecb83a1719565712c43944147a578355b40fffb983fdbe1
193,988.9346341339785,0.05439140487736882,0x583b640795999aa2bb22c1a62a91336ff9d325bb,2017-10-16T09:27:51.000Z,0.00005499999999999999,0x72929db4fc0f69607d927d4d0120803ab5af8ba0,sell,0x728781e75735dc0962df3a51d7ef47e798a7107e,0x6f4079a1c948fbbc1670f903e1f15c9f63f9b4dde5e675c1f6c265b845874683
194,5000,0.2750005,0x24418ab1b19550b380652432eac1ab37bf3d0fa9,2017-10-16T09:26:44.000Z,0.0000550001,0x72929db4fc0f69607d927d4d0120803ab5af8ba0,sell,0x728781e75735dc0962df3a51d7ef47e798a7107e,0x9af6ae8896f507f2f516135f6ed059193122cef7851910418f6eb10b2f2b411c
195,3.3149979387347397,0.00018232488663041,0x583b640795999aa2bb22c1a62a91336ff9d325bb,2017-10-16T09:16:27.000Z,0.00005499999999999979,0x72929db4fc0f69607d927d4d0120803ab5af8ba0,sell,0x728781e75735dc0962df3a51d7ef47e798a7107e,0x28532cfe610a8733cd86fc6e0e2f71a9e9c37c750abfc98b88b11dcf4b093c68
196,33252.744323448176,1.8289009377896495,0x583b640795999aa2bb22c1a62a91336ff9d325bb,2017-10-16T09:14:33.000Z,0.00005499999999999999,0x72929db4fc0f69607d927d4d0120803ab5af8ba0,sell,0x728781e75735dc0962df3a51d7ef47e798a7107e,0x9471167fd9611a3e6679fe776052dc3117ce209aa81fe415d34072c562b30b05
197,9999,0.509949,0x66a4e99923ff534c41936d0b28a13980b0a942f0,2017-10-16T09:11:08.000Z,0.000051,0x72929db4fc0f69607d927d4d0120803ab5af8ba0,sell,0x728781e75735dc0962df3a51d7ef47e798a7107e,0x5137bdd10fb222aa08d9f9ce733ca6ac7d6639f498ee4808d0f55592676e279a
198,2433.90061712887,0.24339006171288705,0x989a41d3b1cce9696fe448baefcafe3249610df0,2017-10-16T09:10:23.000Z,0.00009999999999999999,0x72929db4fc0f69607d927d4d0120803ab5af8ba0,sell,0x728781e75735dc0962df3a51d7ef47e798a7107e,0x8ea57d98ac0afb989d25948ccf736e86bffadac866963044f6cfc105e5ede310
199,2617.174216563301,0.1360956764355082,0x24418ab1b19550b380652432eac1ab37bf3d0fa9,2017-10-16T09:10:23.000Z,0.00005200099999999999,0x72929db4fc0f69607d927d4d0120803ab5af8ba0,sell,0x728781e75735dc0962df3a51d7ef47e798a7107e,0x4ebaf75393456c2647bdde9d255030158672783103a75301ad8f86f8c39811c3
200,9511.413,0.9511413,0x583b640795999aa2bb22c1a62a91336ff9d325bb,2017-10-16T09:09:26.000Z,0.0001,0x72929db4fc0f69607d927d4d0120803ab5af8ba0,sell,0x728781e75735dc0962df3a51d7ef47e798a7107e,0x21abdccf943158c44b651869fddea9e6a1fb64fc7f8a62d10b71543e29b55743
201,1000,0.1001,0x24418ab1b19550b380652432eac1ab37bf3d0fa9,2017-10-16T09:09:17.000Z,0.0001001,0x72929db4fc0f69607d927d4d0120803ab5af8ba0,sell,0x728781e75735dc0962df3a51d7ef47e798a7107e,0xb3bb2b2950f57f14b2747c6e5d7b2d644d700a00b94585567cb374f8ed644dea
202,0.0993828711296049,0.00000993828711296,0x989a41d3b1cce9696fe448baefcafe3249610df0,2017-10-16T08:59:39.000Z,0.00009999999999999507,0x109b91033eddfec5797a27114319d95c4c95c0d9,sell,0x728781e75735dc0962df3a51d7ef47e798a7107e,0x4b8bac534b9e8058c67e012e91a789f816f3f33456ab9cc54f6e6258197f824a
203,5901.437,3.8872765519,0x583b640795999aa2bb22c1a62a91336ff9d325bb,2017-10-16T08:55:15.000Z,0.0006587,0x90ae1ba6e3d33775b97273902a06560aa6ac4c96,buy,0x728781e75735dc0962df3a51d7ef47e798a7107e,0x8c8b3f7ebcab6131595b00894bffdf23b2e0831b765c419b2696b1ab3b7cd1cb
204,5000,3.25,0x583b640795999aa2bb22c1a62a91336ff9d325bb,2017-10-16T08:55:11.000Z,0.00065,0x583b640795999aa2bb22c1a62a91336ff9d325bb,buy,0x728781e75735dc0962df3a51d7ef47e798a7107e,0xab63c8b94bd5e05088f7eefd7d2895d521dbf25ae01895ee85185f9587c5695a
205,996.9095803010667,0.09969095803010666,0x12ed9b5f59787154b61457cf1c67755bab8eec21,2017-10-16T08:53:40.000Z,0.00009999999999999999,0x109b91033eddfec5797a27114319d95c4c95c0d9,sell,0x728781e75735dc0962df3a51d7ef47e798a7107e,0x32717e8d3d11e4396d15ee42d8fa54e083127e7c095e483fd7be00751231bb04
206,1994,0.1994,0x989a41d3b1cce9696fe448baefcafe3249610df0,2017-10-16T08:38:11.000Z,0.0001,0xfe423f6b9b3aa093cc08831d9b106027f97e132e,sell,0x728781e75735dc0962df3a51d7ef47e798a7107e,0x7b60eed38a20c906983876c1a2afc2c9f737bedaa65a0c7a47ededc060880d18
207,2000,0.10978,0xfe423f6b9b3aa093cc08831d9b106027f97e132e,2017-10-16T08:38:11.000Z,0.00005489,0x24418ab1b19550b380652432eac1ab37bf3d0fa9,buy,0x728781e75735dc0962df3a51d7ef47e798a7107e,0x7b60eed38a20c906983876c1a2afc2c9f737bedaa65a0c7a47ededc060880d18
208,1.2804411046123878,0.000128044110461238,0x583b640795999aa2bb22c1a62a91336ff9d325bb,2017-10-16T08:36:29.000Z,0.00009999999999999938,0x72929db4fc0f69607d927d4d0120803ab5af8ba0,sell,0x728781e75735dc0962df3a51d7ef47e798a7107e,0x29c9e4d58660c86491bf91d46fea28415218be6c83014473317269a20ca68a85
209,12844.104720366862,1.2844104720366862,0x583b640795999aa2bb22c1a62a91336ff9d325bb,2017-10-16T08:35:11.000Z,0.00009999999999999999,0x72929db4fc0f69607d927d4d0120803ab5af8ba0,sell,0x728781e75735dc0962df3a51d7ef47e798a7107e,0x0cb188c385d9ac999b4bc8fb7b99bf50cb1851fd8a2c0f9cf8c5df86c8deedde
210,2000,0.24,0x71393c82655e28709c4ac7c3ca5d9aa02fed5edb,2017-10-16T08:34:11.000Z,0.00012,0x72929db4fc0f69607d927d4d0120803ab5af8ba0,sell,0x728781e75735dc0962df3a51d7ef47e798a7107e,0xe0112a8e52744c41f7c7768741e8052395ebe7d51cfe10b8f65293d071632b74
211,99,0.009900099,0xf36990a2cb4d609e0a7d4f3bf884c0342d81fd3d,2017-10-16T08:32:22.000Z,0.000100001,0x72929db4fc0f69607d927d4d0120803ab5af8ba0,sell,0x728781e75735dc0962df3a51d7ef47e798a7107e,0x5c96409e7a5c9795be54d135996f3c8eaf4d6f0f5e46a585d958cd1681200bf9
212,2000,0.22,0xc6f97c821604d937e3c84082e60879e16608955a,2017-10-16T08:32:09.000Z,0.00011,0x72929db4fc0f69607d927d4d0120803ab5af8ba0,sell,0x728781e75735dc0962df3a51d7ef47e798a7107e,0x88e2e358fc4220308137889ff37d90a016753fdb5516d2bdde2575e1d8c3dec1
213,2000,0.22224,0x24418ab1b19550b380652432eac1ab37bf3d0fa9,2017-10-16T08:16:44.000Z,0.00011112,0x72929db4fc0f69607d927d4d0120803ab5af8ba0,sell,0x728781e75735dc0962df3a51d7ef47e798a7107e,0x1da1e2004cdf9af6e24a415d5a0eebb01a50c42b8ae9a56bc652b1f16cb368c4
214,2000,0.222242,0xc6f97c821604d937e3c84082e60879e16608955a,2017-10-16T08:16:05.000Z,0.000111121,0x72929db4fc0f69607d927d4d0120803ab5af8ba0,sell,0x728781e75735dc0962df3a51d7ef47e798a7107e,0x80554d747ed33e560abcf70191fd5e30a5c839dcb1729c33fb98387644470260
215,2000,0.22602,0x24418ab1b19550b380652432eac1ab37bf3d0fa9,2017-10-16T08:15:06.000Z,0.00011301,0x72929db4fc0f69607d927d4d0120803ab5af8ba0,sell,0x728781e75735dc0962df3a51d7ef47e798a7107e,0xecbae28de832b758473267d5c5ddfcfae6a87fde9da9d65f15380bfb3802c957
216,450,0.050895,0x583b640795999aa2bb22c1a62a91336ff9d325bb,2017-10-16T08:14:58.000Z,0.0001131,0x72929db4fc0f69607d927d4d0120803ab5af8ba0,sell,0x728781e75735dc0962df3a51d7ef47e798a7107e,0x866f3f2fc2a3281bbf7cd542ed8ac8a62f2a4725b9e4705116fae9ad35395882
217,82.185,0.01011598728,0x10b1d2b3dcc7d53d9d924d436a261674ce73a227,2017-10-16T08:14:41.000Z,0.000123088,0x72929db4fc0f69607d927d4d0120803ab5af8ba0,sell,0x728781e75735dc0962df3a51d7ef47e798a7107e,0xf34288bf6b9335f3cec4129416226fd6580a07ecee1a44411722dd93c182ca92
218,9550,1.080105,0x583b640795999aa2bb22c1a62a91336ff9d325bb,2017-10-16T07:52:15.000Z,0.0001131,0x2769d1b94ea6d14c0c20001bfecdfe58d3989608,sell,0x728781e75735dc0962df3a51d7ef47e798a7107e,0xf0ec9df0707133be49fa780fe0fff21e0d918e5ca7ad6cfbf034b6a970cb50f5
219,3695.455835243223,0.4548699633042531,0x989a41d3b1cce9696fe448baefcafe3249610df0,2017-10-16T06:08:33.000Z,0.000123089,0x656546de162b91ef4cdc2c7c925be94f6c31f290,sell,0x728781e75735dc0962df3a51d7ef47e798a7107e,0xc355fd2e63c9029327cc0185ac164af44410aa3ad5d1ed45365ae5a9ea787441
220,233,0.0233,0x583b640795999aa2bb22c1a62a91336ff9d325bb,2017-10-16T05:51:12.000Z,0.0001,0x557159b795dd5ed18c8de0acc25b757c168dbda9,buy,0x728781e75735dc0962df3a51d7ef47e798a7107e,0x0899fc1dcdbef64315e5621de6a7ccea338ae7f6df75c469d76b7fd3434cccd0
221,500,0.05,0x583b640795999aa2bb22c1a62a91336ff9d325bb,2017-10-16T05:49:00.000Z,0.0001,0x557159b795dd5ed18c8de0acc25b757c168dbda9,buy,0x728781e75735dc0962df3a51d7ef47e798a7107e,0x33d82566d2bb63fd4e2a453696b8be4e0d17f92591a9520b2a6e41d0bd8b6f68
222,40,0.004,0x3b2ceb8a5411aa1ab60d3d8eb450d9fa39a41176,2017-10-16T05:45:50.000Z,0.0001,0x557159b795dd5ed18c8de0acc25b757c168dbda9,buy,0x728781e75735dc0962df3a51d7ef47e798a7107e,0x988cd307ba3c8499f73b1c74c52ad11f65b54637bc2566f76a1b10e2ca6546e1
223,39.88035892323031,0.009970089730807577,0x7b0e85ebdb55e25262849ba46b0a3e31c928944d,2017-10-16T05:45:50.000Z,0.00025,0x3b2ceb8a5411aa1ab60d3d8eb450d9fa39a41176,sell,0x728781e75735dc0962df3a51d7ef47e798a7107e,0x988cd307ba3c8499f73b1c74c52ad11f65b54637bc2566f76a1b10e2ca6546e1
224,39.88035892323031,0.009970089730807577,0x7b0e85ebdb55e25262849ba46b0a3e31c928944d,2017-10-16T05:45:50.000Z,0.00025,0x3b2ceb8a5411aa1ab60d3d8eb450d9fa39a41176,sell,0x728781e75735dc0962df3a51d7ef47e798a7107e,0xe37784682e6f2552cccf90d14f210287befeab53cb2b1e3f740d7eebd2630369
225,40,0.004,0x3b2ceb8a5411aa1ab60d3d8eb450d9fa39a41176,2017-10-16T05:45:50.000Z,0.0001,0x557159b795dd5ed18c8de0acc25b757c168dbda9,buy,0x728781e75735dc0962df3a51d7ef47e798a7107e,0xe37784682e6f2552cccf90d14f210287befeab53cb2b1e3f740d7eebd2630369
226,1000,0.1,0x86d2fe5435a6a2c09b6fdecb62e1a3cd29661607,2017-10-16T05:44:14.000Z,0.0001,0x557159b795dd5ed18c8de0acc25b757c168dbda9,buy,0x728781e75735dc0962df3a51d7ef47e798a7107e,0x8c6063ab605bbeaf62313b3e0952bc1471124d8a51e038c0780de467e6350517
227,87.89998409783117,0.0228539958654361,0x90177d7d49def5a18ba392fa02c59d8e8a5e7b74,2017-10-16T05:40:56.000Z,0.00026,0x7aa6e2506316f6d613277d4f2f4e4e1dc55e528e,sell,0x728781e75735dc0962df3a51d7ef47e798a7107e,0x3095a5ea454a7cdfd989ae19f0f7bef978b6ca0870ee807a6413cbaefaf22946
228,88.16447753042242,0.008816447753042241,0x7aa6e2506316f6d613277d4f2f4e4e1dc55e528e,2017-10-16T05:40:56.000Z,0.0001,0x557159b795dd5ed18c8de0acc25b757c168dbda9,buy,0x728781e75735dc0962df3a51d7ef47e798a7107e,0x3095a5ea454a7cdfd989ae19f0f7bef978b6ca0870ee807a6413cbaefaf22946
229,4993.021632937893,0.5547247034193998,0x24418ab1b19550b380652432eac1ab37bf3d0fa9,2017-10-16T05:40:56.000Z,0.00011109999999999999,0xfe423f6b9b3aa093cc08831d9b106027f97e132e,sell,0x728781e75735dc0962df3a51d7ef47e798a7107e,0x5acf558029dfcdef4525711f86a8a98781bbb83acbf1a4c46435fed26813c1ac
230,5008.045770248638,0.5008045770248638,0xfe423f6b9b3aa093cc08831d9b106027f97e132e,2017-10-16T05:40:56.000Z,0.0001,0x557159b795dd5ed18c8de0acc25b757c168dbda9,buy,0x728781e75735dc0962df3a51d7ef47e798a7107e,0x5acf558029dfcdef4525711f86a8a98781bbb83acbf1a4c46435fed26813c1ac
231,4000,0.472,0xabfe744984c759d9b711f9bae32d323b37eec27a,2017-10-16T05:40:42.000Z,0.000118,0xfe423f6b9b3aa093cc08831d9b106027f97e132e,sell,0x728781e75735dc0962df3a51d7ef47e798a7107e,0xd3c5ef9336cac9c8f078b8487a11d80d8ffbf25d3338bd7f63ac5b357b0eba7a
232,4012.036108324975,0.4012036108324975,0xfe423f6b9b3aa093cc08831d9b106027f97e132e,2017-10-16T05:40:42.000Z,0.0001,0x557159b795dd5ed18c8de0acc25b757c168dbda9,buy,0x728781e75735dc0962df3a51d7ef47e798a7107e,0xd3c5ef9336cac9c8f078b8487a11d80d8ffbf25d3338bd7f63ac5b357b0eba7a
233,46.8990549289959,0.01406971647869877,0x90177d7d49def5a18ba392fa02c59d8e8a5e7b74,2017-10-16T05:39:13.000Z,0.0003,0x7aa6e2506316f6d613277d4f2f4e4e1dc55e528e,sell,0x728781e75735dc0962df3a51d7ef47e798a7107e,0x25ce350be0818dc88674a3eb61f53ae783db21f7e054f25889f5b53800ed4f66
234,2792.224415181027,0.2792224415181027,0xfe423f6b9b3aa093cc08831d9b106027f97e132e,2017-10-16T05:39:13.000Z,0.0001,0x557159b795dd5ed18c8de0acc25b757c168dbda9,buy,0x728781e75735dc0962df3a51d7ef47e798a7107e,0x28161ad6c99e92f8ef7d2bab5f74b13bc14354080d1ea9f36b2437e129f7976e
235,47.04017545536199,0.004704017545536199,0x7aa6e2506316f6d613277d4f2f4e4e1dc55e528e,2017-10-16T05:39:13.000Z,0.0001,0x557159b795dd5ed18c8de0acc25b757c168dbda9,buy,0x728781e75735dc0962df3a51d7ef47e798a7107e,0x25ce350be0818dc88674a3eb61f53ae783db21f7e054f25889f5b53800ed4f66
236,2783.847741935484,0.34519712,0x583b640795999aa2bb22c1a62a91336ff9d325bb,2017-10-16T05:39:13.000Z,0.00012399999999999998,0xfe423f6b9b3aa093cc08831d9b106027f97e132e,sell,0x728781e75735dc0962df3a51d7ef47e798a7107e,0x28161ad6c99e92f8ef7d2bab5f74b13bc14354080d1ea9f36b2437e129f7976e
237,5015.045135406219,0.5015045135406219,0xfe423f6b9b3aa093cc08831d9b106027f97e132e,2017-10-16T05:38:26.000Z,0.0001,0x557159b795dd5ed18c8de0acc25b757c168dbda9,buy,0x728781e75735dc0962df3a51d7ef47e798a7107e,0xa09070d07a40e5ba976f5bc0928fce72518bf8d9a455e9114f6c714d1f434306
238,5000,0.6,0xabfe744984c759d9b711f9bae32d323b37eec27a,2017-10-16T05:38:26.000Z,0.00011999999999999999,0xfe423f6b9b3aa093cc08831d9b106027f97e132e,sell,0x728781e75735dc0962df3a51d7ef47e798a7107e,0xa09070d07a40e5ba976f5bc0928fce72518bf8d9a455e9114f6c714d1f434306
239,5015.045135406219,0.5015045135406219,0xfe423f6b9b3aa093cc08831d9b106027f97e132e,2017-10-16T05:37:11.000Z,0.0001,0x557159b795dd5ed18c8de0acc25b757c168dbda9,buy,0x728781e75735dc0962df3a51d7ef47e798a7107e,0x8bcc0952a8349a6376170d16bf759800ba56b5cf263633450b907065ff3b70f8
240,5000,0.615005,0xc6f97c821604d937e3c84082e60879e16608955a,2017-10-16T05:37:11.000Z,0.000123001,0xfe423f6b9b3aa093cc08831d9b106027f97e132e,sell,0x728781e75735dc0962df3a51d7ef47e798a7107e,0x8bcc0952a8349a6376170d16bf759800ba56b5cf263633450b907065ff3b70f8
241,1034.8061430828225,0.10348061430828223,0xfe423f6b9b3aa093cc08831d9b106027f97e132e,2017-10-16T05:35:44.000Z,0.0001,0x557159b795dd5ed18c8de0acc25b757c168dbda9,buy,0x728781e75735dc0962df3a51d7ef47e798a7107e,0x047b180d61c5239174fecd6ddfeb520cad725374f13538e141d828f73886da7c
242,1031.7017246535738,0.2692741501345828,0x583b640795999aa2bb22c1a62a91336ff9d325bb,2017-10-16T05:35:44.000Z,0.000261,0xfe423f6b9b3aa093cc08831d9b106027f97e132e,sell,0x728781e75735dc0962df3a51d7ef47e798a7107e,0x047b180d61c5239174fecd6ddfeb520cad725374f13538e141d828f73886da7c
243,8144.433299899699,0.8144433299899699,0xfe423f6b9b3aa093cc08831d9b106027f97e132e,2017-10-16T05:34:43.000Z,0.0001,0x557159b795dd5ed18c8de0acc25b757c168dbda9,buy,0x728781e75735dc0962df3a51d7ef47e798a7107e,0x63c324b9f51720ab505fa89eb0f05791a9f80d906db29a041dc30eace9c06028
244,8120,0.99948268,0x989a41d3b1cce9696fe448baefcafe3249610df0,2017-10-16T05:34:43.000Z,0.000123089,0xfe423f6b9b3aa093cc08831d9b106027f97e132e,sell,0x728781e75735dc0962df3a51d7ef47e798a7107e,0x63c324b9f51720ab505fa89eb0f05791a9f80d906db29a041dc30eace9c06028
245,10030.090270812438,1.0030090270812437,0xfe423f6b9b3aa093cc08831d9b106027f97e132e,2017-10-16T05:33:18.000Z,0.0001,0x557159b795dd5ed18c8de0acc25b757c168dbda9,buy,0x728781e75735dc0962df3a51d7ef47e798a7107e,0x371ffc52a664d22c128312b97007ec95e4cd6a05ebd90e61932844af76fa82af
246,10000,1.22,0xe586e8534d235dad3d46685daf7c1815f0962944,2017-10-16T05:33:18.000Z,0.00012199999999999998,0xfe423f6b9b3aa093cc08831d9b106027f97e132e,sell,0x728781e75735dc0962df3a51d7ef47e798a7107e,0x371ffc52a664d22c128312b97007ec95e4cd6a05ebd90e61932844af76fa82af
247,2968.298275346426,0.7747258498654173,0x583b640795999aa2bb22c1a62a91336ff9d325bb,2017-10-16T04:37:59.000Z,0.000261,0x4ea7320f1896a416ed5b4d6b726829bd73452614,sell,0x728781e75735dc0962df3a51d7ef47e798a7107e,0x6cc47cf2f9581d3dd12b80820347bfc27c4291cdab0038b84318834d4a924d0a
248,299.1,0.08975991,0x8909e1a4f31fc2214ea6c4a917268b833b00c000,2017-10-16T03:14:21.000Z,0.0003001,0x5ae933bfbbaa04c3e05ae56295138174ada9799c,sell,0x728781e75735dc0962df3a51d7ef47e798a7107e,0x93ee8bd9ff41379f3b72a87b638b42f08da8aa6c5f68f9fbcc41611285a4e282
249,300.0000000000001,0.03270000000000001,0x5ae933bfbbaa04c3e05ae56295138174ada9799c,2017-10-16T03:14:21.000Z,0.000109,0x8e7bd3dc5a41971455a7e5af99c3ab77766b964e,buy,0x728781e75735dc0962df3a51d7ef47e798a7107e,0x93ee8bd9ff41379f3b72a87b638b42f08da8aa6c5f68f9fbcc41611285a4e282
250,10.171799999,0.0067123708193401,0xfd5bca5c2aec4d0aac952308d270bfc34fb123bf,2017-10-15T22:21:02.000Z,0.0006599,0x9c2238e76e267912edb7817ce2c6e13468759110,buy,0x728781e75735dc0962df3a51d7ef47e798a7107e,0xc4add07112ee6e4a9cd2cdf63f54a4323d6cecec8ecb7a13b2a08c877195a4e7
251,6,0.00293328,0xfd5bca5c2aec4d0aac952308d270bfc34fb123bf,2017-10-15T22:20:21.000Z,0.00048888,0x447a5acf5b2c315b0c8d9cdf31660f6a06360701,buy,0x728781e75735dc0962df3a51d7ef47e798a7107e,0x5043e7e3ef635dcfaa36c09d81bbdde338d69d7cd1ca2fc7268461deee5172f6
252,181.818,0.11999988,0x42f27b80b76e7599a86c58d1d6add9a1f059a5bb,2017-10-15T19:01:22.000Z,0.00066,0x656546de162b91ef4cdc2c7c925be94f6c31f290,buy,0x728781e75735dc0962df3a51d7ef47e798a7107e,0xbb71dd500050cc859cc590324cf13228015e74307ff17045b49704c3b792358c
253,6.978367062107467,0.00209351011863224,0x90177d7d49def5a18ba392fa02c59d8e8a5e7b74,2017-10-15T01:27:11.000Z,0.0003,0x74921e54e84e8a28f6cc522433a953e81e82c0dd,sell,0x728781e75735dc0962df3a51d7ef47e798a7107e,0xf5329902811b7a2426c8bf4e426f9359a25b5ffd529b47e89ccec76b7127bd83
254,5.9814574818064,0.00179443724454192,0x90177d7d49def5a18ba392fa02c59d8e8a5e7b74,2017-10-14T18:45:19.000Z,0.0003,0x738732d1691ae018bcda3aedfd7d00510816e7f0,sell,0x728781e75735dc0962df3a51d7ef47e798a7107e,0x5613cf2948e6309edc34e34ada1bc0b220210434ed1edb99aee2275a68efeb52
255,0.000000000724130065,0.000000000000217239,0x90177d7d49def5a18ba392fa02c59d8e8a5e7b74,2017-10-14T13:33:11.000Z,0.00029999997307113605,0x86d2fe5435a6a2c09b6fdecb62e1a3cd29661607,sell,0x728781e75735dc0962df3a51d7ef47e798a7107e,0x329f05dab17e42905c5b5b70cfa6723f9e4c15573d1a8c91bab2eb25dce0f61c
256,6.978367062107467,0.000775296580600139,0x24418ab1b19550b380652432eac1ab37bf3d0fa9,2017-10-13T22:39:35.000Z,0.00011109999999999991,0x877d90c3d24a6804969f5a589dea992a98ab51cc,sell,0x728781e75735dc0962df3a51d7ef47e798a7107e,0x3c7cda0abd694e924f7984d0336bd5b9432a5f017cfc0c78be272ec0019484a1
257,4600,0.5152,0x583b640795999aa2bb22c1a62a91336ff9d325bb,2017-10-13T21:18:35.000Z,0.000112,0xa2b950dc320f67bffe5824af17c665b1fd3423ec,sell,0x728781e75735dc0962df3a51d7ef47e798a7107e,0xa15a8f2ce68bf4b0a4cc494fe292d8076be4acfa1d5c5dabfedaaca4278cd00d
258,1,0.000000001,0x78b0e4933f5b7d90102367e28efcde256998411e,2017-10-13T21:00:21.000Z,0.000000001,0x28eecd75d8119db842e2e9c385d9a7aecd3d231f,sell,0x728781e75735dc0962df3a51d7ef47e798a7107e,0x3933ad0ebe25450f9708cb8a2d44ad4602ce860f442b56a09fdcd73c829527a9
259,1,0.000000002,0x78b0e4933f5b7d90102367e28efcde256998411e,2017-10-13T20:58:57.000Z,0.000000002,0x28eecd75d8119db842e2e9c385d9a7aecd3d231f,sell,0x728781e75735dc0962df3a51d7ef47e798a7107e,0x03080815861569319c4e71eaacff4e467bf8bf7fe1e97fadcf90decdf3633bbc
260,2,0.000020002,0xf36990a2cb4d609e0a7d4f3bf884c0342d81fd3d,2017-10-13T20:57:49.000Z,0.000010001,0x28eecd75d8119db842e2e9c385d9a7aecd3d231f,sell,0x728781e75735dc0962df3a51d7ef47e798a7107e,0x97d04e7e4f9ce5dfecdba2920be9c66b1636f9e0611950f4e3ab74aa08f07e60
261,1806.82492,0.542047476,0x0aa7a6e48458a85ea5d2ab9ec9c6fee918992fdf,2017-10-13T15:11:18.000Z,0.0003,0xa2b950dc320f67bffe5824af17c665b1fd3423ec,sell,0x728781e75735dc0962df3a51d7ef47e798a7107e,0x74d20b292a1900ffa0c829f6cddf0d46e5fdced4c9970eae3e54399ad17b6f7d
262,4000,1.2,0x0aa7a6e48458a85ea5d2ab9ec9c6fee918992fdf,2017-10-13T15:08:53.000Z,0.0003,0xa2b950dc320f67bffe5824af17c665b1fd3423ec,sell,0x728781e75735dc0962df3a51d7ef47e798a7107e,0x573cece4d0b220f8aac5f49497cc0db5352b33e173404b09c453c12c7b9db11f
263,4000,1.2,0x0aa7a6e48458a85ea5d2ab9ec9c6fee918992fdf,2017-10-13T15:08:39.000Z,0.0003,0xa2b950dc320f67bffe5824af17c665b1fd3423ec,sell,0x728781e75735dc0962df3a51d7ef47e798a7107e,0x57e790fde8ddcdfa132f9dc8871b7a5022b69ffe9387691889f17726a412c14e
264,4.9845479015053336,0.000499052935898713,0x24418ab1b19550b380652432eac1ab37bf3d0fa9,2017-10-13T06:05:48.000Z,0.0001001199999999998,0xbb86b227f07241dc36b3d26bf597fce62706eb96,sell,0x728781e75735dc0962df3a51d7ef47e798a7107e,0x8bc54bc9c86fa11df3928353231029d82d495cc7c007f7d6dd7f037d75180f51
265,6.978367062107467,0.000698674110258199,0x24418ab1b19550b380652432eac1ab37bf3d0fa9,2017-10-13T05:39:12.000Z,0.00010011999999999992,0x9a94771e7e73f9d8d6e880cfb12cab4e9573c45e,sell,0x728781e75735dc0962df3a51d7ef47e798a7107e,0x18ecca71eee239ab8980f3d0f68d3e1b0f763eecd95906f5910a8386d2fd99f5
266,0.8,0.0000080008,0xf36990a2cb4d609e0a7d4f3bf884c0342d81fd3d,2017-10-13T00:00:10.000Z,0.000010001,0xa2b950dc320f67bffe5824af17c665b1fd3423ec,sell,0x728781e75735dc0962df3a51d7ef47e798a7107e,0x4664873add1159060b8e7f0bc92ce9e31f4f2632b5a99958ba5aefcbb4d6cf0a
267,1,0.000051,0x66a4e99923ff534c41936d0b28a13980b0a942f0,2017-10-12T23:52:50.000Z,0.000051,0xa2b950dc320f67bffe5824af17c665b1fd3423ec,sell,0x728781e75735dc0962df3a51d7ef47e798a7107e,0xa273438a1712e36feb2d641eddbcf2485ece7e9f62be7d94972dfed1e53b68f4
268,1,0.000100001,0xf36990a2cb4d609e0a7d4f3bf884c0342d81fd3d,2017-10-12T23:49:24.000Z,0.000100001,0xa2b950dc320f67bffe5824af17c665b1fd3423ec,sell,0x728781e75735dc0962df3a51d7ef47e798a7107e,0x9d323506113741cd1c13e70f33a11a04603551c2cfe3cbf487532856daa281e1
269,0.25586696374327017,0.000025617400409976,0x24418ab1b19550b380652432eac1ab37bf3d0fa9,2017-10-12T23:44:11.000Z,0.00010011999999999918,0xa2b950dc320f67bffe5824af17c665b1fd3423ec,sell,0x728781e75735dc0962df3a51d7ef47e798a7107e,0xee4bab8c71fb0f8d2a7fa468989b22b4026b2ca72f6509040c7e69377c875f97
270,0.000000001,0.0000000000006599,0x86d2fe5435a6a2c09b6fdecb62e1a3cd29661607,2017-10-12T23:16:09.000Z,0.0006599,0x9c2238e76e267912edb7817ce2c6e13468759110,buy,0x728781e75735dc0962df3a51d7ef47e798a7107e,0xb25d9caa536e9824ae3127423ae7590b85b8207afb05287b0500fe0a826bcc6c
271,24.743002579,0.01633038170214,0x86d2fe5435a6a2c09b6fdecb62e1a3cd29661607,2017-10-12T22:28:17.000Z,0.00066,0x656546de162b91ef4cdc2c7c925be94f6c31f290,buy,0x728781e75735dc0962df3a51d7ef47e798a7107e,0xaefe44a65539e3a847e30e674108a732fca481c412253b20a8bd8e7779a9a018
272,2566.601513308743,0.2566652845339009,0x86d2fe5435a6a2c09b6fdecb62e1a3cd29661607,2017-10-12T18:22:05.000Z,0.000100002,0xa2b950dc320f67bffe5824af17c665b1fd3423ec,sell,0x728781e75735dc0962df3a51d7ef47e798a7107e,0x71b7d5bfcd81e214841873cc383812c4c254d0c069ca7e6995f3f4b286804ee6
273,922.674,0.3690696,0xb580b2ea85853254ffb54e062209a3b453f11aaa,2017-10-12T17:41:38.000Z,0.0004,0xa2b950dc320f67bffe5824af17c665b1fd3423ec,sell,0x728781e75735dc0962df3a51d7ef47e798a7107e,0x4ee740b2340d783670239cb675960cfc13ebd2b1037d7190cc39b358915f334c
274,5,0.002,0xb580b2ea85853254ffb54e062209a3b453f11aaa,2017-10-12T17:14:28.000Z,0.0004,0xeaa3371ec4fd241f7b91ca25e7daef94a03e04ac,sell,0x728781e75735dc0962df3a51d7ef47e798a7107e,0x39cda295267770f7b22aeac735c76da3a481080c855f2d2de738128ddce0e8f7
275,72.32574518991127,0.02893029807596451,0xb580b2ea85853254ffb54e062209a3b453f11aaa,2017-10-12T16:33:41.000Z,0.00039999999999999996,0x075c5e68c255784fdead104ce6504f72af394a49,sell,0x728781e75735dc0962df3a51d7ef47e798a7107e,0xcc8cd06cdf34873b0a6996442ed04969739bb066302105155f6af6dd9cd01490
276,45.015,0.02025702009,0xf36990a2cb4d609e0a7d4f3bf884c0342d81fd3d,2017-10-12T16:30:54.000Z,0.000450006,0x075c5e68c255784fdead104ce6504f72af394a49,sell,0x728781e75735dc0962df3a51d7ef47e798a7107e,0x3455018d87929ad424ca7ecdb6446a7444bee38d4b7e302eba63eb223d6d8535
277,3471.0606933508375,2.290900057611553,0x50bd7c26c560e5ac4686069a910e3b4a287ccc00,2017-10-12T14:51:23.000Z,0.00066,0x656546de162b91ef4cdc2c7c925be94f6c31f290,sell,0x728781e75735dc0962df3a51d7ef47e798a7107e,0x1fe5b5e3e1f7f26adda6ec0dc58af85db27b0f98b4b2212885fb5a0c3ac09a18
278,4.9845479015053336,0.00328980161499352,0x50bd7c26c560e5ac4686069a910e3b4a287ccc00,2017-10-12T12:29:35.000Z,0.00066,0x10c3406b5b684048c07fc3ecadf29a61bf6d9d89,sell,0x728781e75735dc0962df3a51d7ef47e798a7107e,0x834c1f1d671fa7ec5e4446346b450603d22a28821e6e99773b68caeb2b21e326
279,5.9814574818064,0.003947761937992224,0x50bd7c26c560e5ac4686069a910e3b4a287ccc00,2017-10-12T09:56:27.000Z,0.00066,0xe575387b9dfae70985866f988ad07fc8f59c1ab8,sell,0x728781e75735dc0962df3a51d7ef47e798a7107e,0x6b0b5b6256b2ac910b63298316039e2306cd5d397b9a56a4e00701ba54e5c725
280,295.9415995411971,0.1953214556971901,0x50bd7c26c560e5ac4686069a910e3b4a287ccc00,2017-10-12T09:56:20.000Z,0.00066,0x8eb79cc9a541f9a0686a27223a2696d2ff43c1b9,sell,0x728781e75735dc0962df3a51d7ef47e798a7107e,0x3b3e817198746f0602e38a2330491a7b75334450d6a2df60a462d5f3eafa5d56
281,5.9814574818064,0.003947761937992224,0x50bd7c26c560e5ac4686069a910e3b4a287ccc00,2017-10-12T08:23:19.000Z,0.00066,0x76c8cfc53247a2d0d87b47c6eb5037e324da406a,sell,0x728781e75735dc0962df3a51d7ef47e798a7107e,0xced609ef305de91418ec975fefb27d7b75fd9cdf5313715fcdafeade4333ac68
282,10.068786761040773,0.00664539926228691,0x50bd7c26c560e5ac4686069a910e3b4a287ccc00,2017-10-12T04:51:58.000Z,0.0006599999999999999,0x9c1b289210263135a61022624bd0d525d5befa12,sell,0x728781e75735dc0962df3a51d7ef47e798a7107e,0x9f7e3bb55727964a9c6a5a3c52f298b20e7678759c3be73ec8dcd06de9566ed3
283,3030.303,1.99999998,0x442b2621147b084195a43e7e988ce9aa64c1e057,2017-10-12T03:55:57.000Z,0.00066,0x656546de162b91ef4cdc2c7c925be94f6c31f290,buy,0x728781e75735dc0962df3a51d7ef47e798a7107e,0x6574ffb0bf12f72fff77ed7a8258f97b92459f6f84a5c1fd0499d9233c8344be
284,5.96983107364255,0.003641596954921955,0x50bd7c26c560e5ac4686069a910e3b4a287ccc00,2017-10-12T03:04:30.000Z,0.00061,0x50bd7c26c560e5ac4686069a910e3b4a287ccc00,sell,0x728781e75735dc0962df3a51d7ef47e798a7107e,0x4db093814c1316a9818128fca92d775ea8695c2b89c0965a1c489e2b873d7e53
285,5.9814574818064,0.003947761937992224,0x50bd7c26c560e5ac4686069a910e3b4a287ccc00,2017-10-12T02:03:14.000Z,0.00066,0x410a99f620d6382ce5e78b697519668817afbd5d,sell,0x728781e75735dc0962df3a51d7ef47e798a7107e,0x44e734e729161f601590f8a9091376c30d8512d2cb6976eafba47745f5ef03a1
286,0.006879380226419066,0.000004196421938115,0x50bd7c26c560e5ac4686069a910e3b4a287ccc00,2017-10-12T01:13:15.000Z,0.0006099999999999084,0x50bd7c26c560e5ac4686069a910e3b4a287ccc00,sell,0x728781e75735dc0962df3a51d7ef47e798a7107e,0xfc2d935a2a72e178ecd6a75107f60fbd35e1312468fef8500432f2ec316ce501
287,5.9814574818064,0.00358887448908384,0xb580b2ea85853254ffb54e062209a3b453f11aaa,2017-10-11T01:12:27.000Z,0.0006,0xa7b6aedb7bec7f9a4be8de41ac0bfce0f423249a,sell,0x728781e75735dc0962df3a51d7ef47e798a7107e,0x7ff43aaa086c794363bcac71e80930520f7ac708e065d14c327c792d243722a1
288,296.85901849977483,0.19592695220985137,0x8eb79cc9a541f9a0686a27223a2696d2ff43c1b9,2017-10-11T01:05:44.000Z,0.00066,0x656546de162b91ef4cdc2c7c925be94f6c31f290,buy,0x728781e75735dc0962df3a51d7ef47e798a7107e,0x93453bccba355d3e436a1279337eaac1741059e5c31d2f7f438ec88ca9f99735
289,207.63195493968698,0.12457917296381218,0xb580b2ea85853254ffb54e062209a3b453f11aaa,2017-10-10T20:26:04.000Z,0.0006,0x7d6f8b354f6d7232c305903befbaf8cbb1cb12d8,sell,0x728781e75735dc0962df3a51d7ef47e798a7107e,0xa51c15f70fc010f1b02ab8883300c262cef9261387a1dfcc197c2b183cae226c
290,200,0.12,0xb580b2ea85853254ffb54e062209a3b453f11aaa,2017-10-10T20:19:07.000Z,0.0006,0x7d6f8b354f6d7232c305903befbaf8cbb1cb12d8,sell,0x728781e75735dc0962df3a51d7ef47e798a7107e,0x2f18e97bb7acca399168f13d9d46f38e9fb8a787d858e429aa2641609ed19784
291,80.311,0.0522904921,0xabfe744984c759d9b711f9bae32d323b37eec27a,2017-10-10T20:15:30.000Z,0.0006511,0x7d6f8b354f6d7232c305903befbaf8cbb1cb12d8,sell,0x728781e75735dc0962df3a51d7ef47e798a7107e,0x4124dadbe22ca83c27e723cf2ac63b6a831be8705e4dfdf5e426e933390a221d
292,500,0.325,0xb580b2ea85853254ffb54e062209a3b453f11aaa,2017-10-10T20:12:24.000Z,0.00065,0x7d6f8b354f6d7232c305903befbaf8cbb1cb12d8,sell,0x728781e75735dc0962df3a51d7ef47e798a7107e,0x402153b9342eff730838d63f81c1772dd8d6e69b757ddc26cf97ae2ca24c4acd
293,181.151,0.11955966,0x14aae375993ba1152f425e39b44d7e06adeb493d,2017-10-10T20:08:34.000Z,0.00066,0x7d6f8b354f6d7232c305903befbaf8cbb1cb12d8,sell,0x728781e75735dc0962df3a51d7ef47e798a7107e,0xcce301c23f959a47d1bbb375b1432d60618b38425fd4058812e2b8be22695728
294,7.576,0.00500016,0xccef1314ac229a0a3680dc4f02ca7ba8838140bc,2017-10-10T16:40:36.000Z,0.00066,0x656546de162b91ef4cdc2c7c925be94f6c31f290,buy,0x728781e75735dc0962df3a51d7ef47e798a7107e,0x523a5fbfe41476dd70df5138f3aa8afa175fd25dbc035466e936cd1420481d03
295,13.956734124214934,0.009211444521981856,0x14aae375993ba1152f425e39b44d7e06adeb493d,2017-10-10T15:43:16.000Z,0.00066,0xccef1314ac229a0a3680dc4f02ca7ba8838140bc,sell,0x728781e75735dc0962df3a51d7ef47e798a7107e,0xa4d3115a09d651b1f54d92b662d321a5a61c5c5ccdd8e2004988c20af17d2df8
296,7,0.0042,0xccef1314ac229a0a3680dc4f02ca7ba8838140bc,2017-10-10T15:42:32.000Z,0.0006,0x4b272a1c076b92eaabed2c464c50aea99386b8b5,buy,0x728781e75735dc0962df3a51d7ef47e798a7107e,0xd99e4d5e786b639c5064df7a333e7cbc7da7f624f406dbcd3850f3d2b7cf80e9
297,14,0.0084,0xccef1314ac229a0a3680dc4f02ca7ba8838140bc,2017-10-10T15:35:40.000Z,0.0006,0xccc4df2200caf0b59bef68a008953b0a991d4b79,buy,0x728781e75735dc0962df3a51d7ef47e798a7107e,0x5b6a13c66fcc5657213689458f34a59f7c52a4fd348f04dd712ef058fc81e936
298,5.9814574818064,0.003947761937992224,0x14aae375993ba1152f425e39b44d7e06adeb493d,2017-10-10T07:36:41.000Z,0.00066,0xc0b6ebf6485ff134453e537139cab5a340125287,sell,0x728781e75735dc0962df3a51d7ef47e798a7107e,0x82cdadcf19b947b8d650973f0bf2d6d3d0aa3c6ca974a355322f8fa45558274f
299,0.07963620888701947,0.000052559897865432,0x14aae375993ba1152f425e39b44d7e06adeb493d,2017-10-10T00:11:02.000Z,0.0006599999999999893,0xbc360671093dfb7b55e8c8b9ef3cfd7f070c988a,sell,0x728781e75735dc0962df3a51d7ef47e798a7107e,0x1a3323ef0b92988c3df2e0107c9de7d0045d7a991bb4ad2263a7b62fd5eaeda0
300,798.8308113456924,0.527228335488157,0x14aae375993ba1152f425e39b44d7e06adeb493d,2017-10-10T00:05:55.000Z,0.00066,0xbc360671093dfb7b55e8c8b9ef3cfd7f070c988a,sell,0x728781e75735dc0962df3a51d7ef47e798a7107e,0x6a9306e096359fcf4bed70a8aabef886f8e938bd9753bac7abd21dd3794741ea
301,5.9814574818064,0.003895125112152327,0xc6939e988f4481b549ea7059cfcc42aab1f45bdb,2017-10-09T14:08:35.000Z,0.0006511999999999999,0x9a88014e2a0700396321edd7273f35e8c8f0c17d,sell,0x728781e75735dc0962df3a51d7ef47e798a7107e,0x3513dda2e2b0929c38df50adabe518680d1a826e984e23b17bafa9842bce5824
302,17.9443724454192,0.011685375336456983,0xc6939e988f4481b549ea7059cfcc42aab1f45bdb,2017-10-09T13:06:32.000Z,0.0006512,0xf468df57f9c7f32d3f39f61dce6a8a2587ff28c0,sell,0x728781e75735dc0962df3a51d7ef47e798a7107e,0x29f872bcd1ad087c1b43f0f02791c7a9476f6b942648704ff0f3665442da4668
303,9.969095803010667,0.006491875186920546,0xc6939e988f4481b549ea7059cfcc42aab1f45bdb,2017-10-09T08:10:44.000Z,0.0006512,0x6cf477a28992fe4af67cb8565046fea54802a4dc,sell,0x728781e75735dc0962df3a51d7ef47e798a7107e,0xb6b86049c5f72219adbc22b6fc6233bd1675cfd604285d08bed056d15240b515
304,4.9845479015053336,0.003245937593460273,0xc6939e988f4481b549ea7059cfcc42aab1f45bdb,2017-10-09T05:22:17.000Z,0.0006512,0x2b406d9d9cbbb2f2cfe1b8903a4f84fdf4e2abb5,sell,0x728781e75735dc0962df3a51d7ef47e798a7107e,0xfdf35f09895cc031a5dbe2f7c2500f203327717a3889beb7bda17c31cf275540
305,4.9845479015053336,0.003245937593460273,0xc6939e988f4481b549ea7059cfcc42aab1f45bdb,2017-10-09T04:41:12.000Z,0.0006512,0x6f253fbe6bd605ec6ece281ffccedf37fbff0079,sell,0x728781e75735dc0962df3a51d7ef47e798a7107e,0x4035ae576f785abaf8a65ef0c8771e5cbc028ea78d9e89c4edd9ace64ab9fb23
306,1000,0.75,0xfcc4514f41b0394efe6021d5516bf74c6f554d1a,2017-10-09T01:08:05.000Z,0.00075,0xbc360671093dfb7b55e8c8b9ef3cfd7f070c988a,buy,0x728781e75735dc0962df3a51d7ef47e798a7107e,0x8450a7bb95f434aaf1e4f8a36d0b8283db2ae24091ae510c84261f9dda153130
307,6.978963359334244,0.006978963359334244,0xe1ce8ee1a4cea025e7dc282c79a62be56edaf468,2017-10-08T19:16:05.000Z,0.001,0xab6c79a9d40bda2e8925207e1d38f432847354e5,buy,0x728781e75735dc0962df3a51d7ef47e798a7107e,0x10478ac63aca667e7a8229f0fcc37dd43e4e81aae0e10f3a44e45cdce6738012
308,6.828147810281279,0.0059814574818064,0xe1ce8ee1a4cea025e7dc282c79a62be56edaf468,2017-10-08T19:12:02.000Z,0.000876,0x9c2238e76e267912edb7817ce2c6e13468759110,buy,0x728781e75735dc0962df3a51d7ef47e798a7107e,0x12a56996d8061be3e9519034f0a7c72742134f402dd3ce9e0c235ec1e7b8a500
309,6,0.003906,0x71393c82655e28709c4ac7c3ca5d9aa02fed5edb,2017-10-08T12:53:02.000Z,0.000651,0x01669fe4d8196c981ecbffe5631b1874c818245e,buy,0x728781e75735dc0962df3a51d7ef47e798a7107e,0x0eaf2341a77652730450b530cef2114cae00023358d0973485a3bc8bbe66911b
310,4.9845479015053336,0.003245439138670122,0xabfe744984c759d9b711f9bae32d323b37eec27a,2017-10-08T07:25:37.000Z,0.0006510999999999998,0xd1149f5c3e4d68868b72caa93de5a267f8f6d940,sell,0x728781e75735dc0962df3a51d7ef47e798a7107e,0xd508b4a9a96247d174ac895290fee39efd5e1835bf6066e84bd6751dbd613e65
311,4.9845479015053336,0.003244940683879972,0xc6939e988f4481b549ea7059cfcc42aab1f45bdb,2017-10-08T02:53:49.000Z,0.000651,0x4ac9550455b6606bd4d64fea3d75fa6d9921ef53,sell,0x728781e75735dc0962df3a51d7ef47e798a7107e,0xee76cbb214063830677a7646771ce2dfd871492c266527b66cc4df67859f8ec0
312,22.222,0.0166665,0x5d5065b42bdee0274e394ba9042c21e1818c69cf,2017-10-08T01:04:36.000Z,0.00075,0xbc360671093dfb7b55e8c8b9ef3cfd7f070c988a,sell,0x728781e75735dc0962df3a51d7ef47e798a7107e,0x359f5c12cc83882d3eb5aecff4f20e3c1c10cb5696296d429d0a6efba092f003
313,684.049,0.51303675,0x3e7321d013167e5d2a3b591bac90baf4c75839e5,2017-10-08T01:04:14.000Z,0.00075,0xbc360671093dfb7b55e8c8b9ef3cfd7f070c988a,sell,0x728781e75735dc0962df3a51d7ef47e798a7107e,0x708621f2438afb7e6a70ae6433f47eb9d206b6f1794bd23b733e8c0df899b280
314,87.04187451558926,0.06528149292856646,0xe62b49dd208f7c0f0be52be7667c8a92d5ce7cc2,2017-10-08T01:02:58.000Z,0.000750001,0xbc360671093dfb7b55e8c8b9ef3cfd7f070c988a,sell,0x728781e75735dc0962df3a51d7ef47e798a7107e,0x2a5386f0ecbfd1106a991c1e3792406b08aa7a1c2b7e4990a69cd0c244d998ef
315,1000,0.76,0xd37d88d01d9ea4b27a33c161706ed9720a97716e,2017-10-08T01:02:36.000Z,0.00076,0xbc360671093dfb7b55e8c8b9ef3cfd7f070c988a,sell,0x728781e75735dc0962df3a51d7ef47e798a7107e,0x95e974b4af11f62ae15baa504ac49354c84dade2b64b05463ed8bceb9c9b0373
316,0.001391360195814469,0.000001043521538221,0xe62b49dd208f7c0f0be52be7667c8a92d5ce7cc2,2017-10-07T21:31:50.000Z,0.0007500009999999658,0x34b9fd661e5bfe77731157fd1ab04b4271ea2b41,sell,0x728781e75735dc0962df3a51d7ef47e798a7107e,0xb3cf5846efe8cbcd32abbd3586f4726f9b5f9b93ed8db8e85fc8514d2b96a097
317,13.956734124214934,0.010467564549895324,0xe62b49dd208f7c0f0be52be7667c8a92d5ce7cc2,2017-10-07T21:29:33.000Z,0.0007500009999999999,0x34b9fd661e5bfe77731157fd1ab04b4271ea2b41,sell,0x728781e75735dc0962df3a51d7ef47e798a7107e,0x09d31d3ea42e26b856b6951ceab26f023406b5ba8dd94d1c13448769929d203d
318,71,0.0568,0xe62b49dd208f7c0f0be52be7667c8a92d5ce7cc2,2017-10-07T20:36:41.000Z,0.0008,0xa049c647eb5ad083dd3fb06d2a43dbde30532072,buy,0x728781e75735dc0962df3a51d7ef47e798a7107e,0x858c8ba66109c4463c4099029db3f1407c8536c3c3f437563aedcb97b69801b2
319,6,0.0045,0xe62b49dd208f7c0f0be52be7667c8a92d5ce7cc2,2017-10-07T20:23:59.000Z,0.00075,0xd03aa05362dae7a2c6e608401d093d8a402d5ff4,buy,0x728781e75735dc0962df3a51d7ef47e798a7107e,0x24e045f9bd47e7930fc829fd77abced65ec6fc75c82818287d046ba00793c282
320,10.966005383311733,0.0082245040374838,0x3e7321d013167e5d2a3b591bac90baf4c75839e5,2017-10-07T14:18:25.000Z,0.00075,0x6079ca4a2d8a1b5d2a31b482ee9e5eb6ccfec368,sell,0x728781e75735dc0962df3a51d7ef47e798a7107e,0x38278738d68384892c36d515f2e1e06fe45c5c5c36755fc3e10dd78b3713c555
321,5,0.004,0xeeb12121316645ac76b40ac9d130de4b2f655f6e,2017-10-07T14:02:41.000Z,0.0008,0xa049c647eb5ad083dd3fb06d2a43dbde30532072,buy,0x728781e75735dc0962df3a51d7ef47e798a7107e,0x2d34c7f88ad705636a0c7ac64a76b0e6d41e314154c61a20cc544eee172805da
322,1191.3223528047997,0.9530578822438398,0x50bd7c26c560e5ac4686069a910e3b4a287ccc00,2017-10-07T11:16:18.000Z,0.0008,0xa049c647eb5ad083dd3fb06d2a43dbde30532072,buy,0x728781e75735dc0962df3a51d7ef47e798a7107e,0x3ebf8d2889b3fa4c127a3053c5a7ea43d64d87b3691cd70b2be09a62adadf75f
323,125,0.1,0xae92234848cf733e56ac64c56684bd47d0e7776c,2017-10-07T11:05:38.000Z,0.0008,0xa049c647eb5ad083dd3fb06d2a43dbde30532072,buy,0x728781e75735dc0962df3a51d7ef47e798a7107e,0x741e5f9ba98907c5873d0f277f2e491ab36e675c9092b3801434d8dc7d470623
324,3987.675595978826,3.190140476783061,0xae92234848cf733e56ac64c56684bd47d0e7776c,2017-10-07T11:02:34.000Z,0.0008,0xa049c647eb5ad083dd3fb06d2a43dbde30532072,buy,0x728781e75735dc0962df3a51d7ef47e798a7107e,0xb1be2fbc94384a5f43a218722006e02792eaa701d50ccfcfc154fa9e0417fed2
325,4.9845479015053336,0.003987638321204266,0x50bd7c26c560e5ac4686069a910e3b4a287ccc00,2017-10-07T10:30:36.000Z,0.0007999999999999998,0x43b2126e7a22e0c288dfb469e3de4d2c097f3ca0,sell,0x728781e75735dc0962df3a51d7ef47e798a7107e,0x55ad7fc2412b2ede7fc88a827ddc0cadbcca8be86179f89d400510f17ff2e979
326,600,0.48,0x3e7321d013167e5d2a3b591bac90baf4c75839e5,2017-10-06T20:44:26.000Z,0.0008,0xc110792b1ea9705fbeb20b4098938858fc4914d2,sell,0x728781e75735dc0962df3a51d7ef47e798a7107e,0x0de835be718bc2fcd51171b64ceb713947ee40c764412d17043405803afd7feb
327,4.9845479015053336,0.003738410926129,0x3e7321d013167e5d2a3b591bac90baf4c75839e5,2017-10-06T16:38:21.000Z,0.00075,0xc0a3b059e6ec68aa162d30cbbf343348a40521d4,sell,0x728781e75735dc0962df3a51d7ef47e798a7107e,0x9380307f3bc8acb970b15f98250f1f80f5613c92c392ee85db499cfeeb78321a
328,93,0.0744,0x583b640795999aa2bb22c1a62a91336ff9d325bb,2017-10-06T14:03:02.000Z,0.0008,0xa049c647eb5ad083dd3fb06d2a43dbde30532072,buy,0x728781e75735dc0962df3a51d7ef47e798a7107e,0x20eb3fe9d80e71b1e4c373d837500e41db416f87c8c3c598b2b81e56a3132de2
329,6250,5,0xc110792b1ea9705fbeb20b4098938858fc4914d2,2017-10-06T11:05:14.000Z,0.0008,0xa049c647eb5ad083dd3fb06d2a43dbde30532072,buy,0x728781e75735dc0962df3a51d7ef47e798a7107e,0x9dbc8d5c4d29bd946002344b046d375dbff5773098044abbd6c39994cca4362d
330,50,0.04,0x3c7839b400ed9830e97d75c3a1371b5cca7d74c3,2017-10-05T21:35:35.000Z,0.0008,0xa049c647eb5ad083dd3fb06d2a43dbde30532072,buy,0x728781e75735dc0962df3a51d7ef47e798a7107e,0xf21c32dcc5dc9c1119442fbe4eb880a4de297fbaf161a3675e91bc9d79d19c77
331,1291.3445158880165,1.1105524096301465,0xdaca9433a8058d01ba8efbc04fcddb23d32541ff,2017-10-05T20:55:03.000Z,0.000859997,0x86d2fe5435a6a2c09b6fdecb62e1a3cd29661607,buy,0x728781e75735dc0962df3a51d7ef47e798a7107e,0xb24a28a0046cc3e23ef12b66e17ee3ea315e60448fa5dc830ce87f2416ca13e4
332,1607,1.3818593,0xdaca9433a8058d01ba8efbc04fcddb23d32541ff,2017-10-05T20:53:12.000Z,0.0008599,0xbbbe9baa7501cd9fda6dab08c4722dbcc4006452,buy,0x728781e75735dc0962df3a51d7ef47e798a7107e,0x8c49bbd9f975201f25a0a9998db8aec572a0f897f4d45aa26ce31795f2dc416d
333,7,0.0056,0xae92234848cf733e56ac64c56684bd47d0e7776c,2017-10-05T20:14:17.000Z,0.0008,0xabb4639de78e88dabf47b8d659574dd660ffbb2c,buy,0x728781e75735dc0962df3a51d7ef47e798a7107e,0x1b875a422495163ac6e3b327dd69ef52a15a4451414951d3b23e9b8b8879e6d5
334,6454.912,4.595897344,0xabfe744984c759d9b711f9bae32d323b37eec27a,2017-10-05T18:29:21.000Z,0.000712,0xb726c53d5fc6d1441ec8a43142458a12b7b2e475,sell,0x728781e75735dc0962df3a51d7ef47e798a7107e,0xa358ca62b65a43268736931211ffcfd63bdf7bbdcf361fc60a44b9146650d812
335,2791.294,1.990192622,0xad3532392b4a3d427f3af5c7dd3b3dd882f74439,2017-10-05T18:28:36.000Z,0.000713,0xb726c53d5fc6d1441ec8a43142458a12b7b2e475,sell,0x728781e75735dc0962df3a51d7ef47e798a7107e,0x56214d1bea81317e4b4b8fdef077b3d8b822ec51bdfc12d38146e7156c125bfd
336,4400,3.1372,0x583b640795999aa2bb22c1a62a91336ff9d325bb,2017-10-05T18:25:08.000Z,0.000713,0xb726c53d5fc6d1441ec8a43142458a12b7b2e475,sell,0x728781e75735dc0962df3a51d7ef47e798a7107e,0x883ca387b6c39992787dc5d8df65875be139530fe3ca4ee56256d28853a0977f
337,5.9814574818064,0.004258797727046156,0xabfe744984c759d9b711f9bae32d323b37eec27a,2017-10-05T15:03:52.000Z,0.0007119999999999999,0x84449a1774971ceb5d9e5600c39e8aba17780cf6,sell,0x728781e75735dc0962df3a51d7ef47e798a7107e,0xfc2bac4825a4435088d5c3417965e272f62c5868a2ee12a9f124bb62495354dc
338,5.9814574818064,0.004258797727046156,0xabfe744984c759d9b711f9bae32d323b37eec27a,2017-10-05T11:57:31.000Z,0.0007119999999999999,0xd5c56952e1aad42f20075666b123f42334969297,sell,0x728781e75735dc0962df3a51d7ef47e798a7107e,0xa50174d7ab4411ab776fc3975e45828fca8515cfa8ce27c9e148ec1db4c8aa1e
339,4.9845479015053336,0.003548998105871797,0xabfe744984c759d9b711f9bae32d323b37eec27a,2017-10-05T05:50:07.000Z,0.000712,0xa22df85013044586f8a0367798289f8c1f400cad,sell,0x728781e75735dc0962df3a51d7ef47e798a7107e,0xa1d29657ceec9a5c6e7ed5fecb1f91034acad1523a5764d49bf5b18c17d8ce2f
340,4.9845479015053336,0.003548998105871797,0xabfe744984c759d9b711f9bae32d323b37eec27a,2017-10-04T22:21:30.000Z,0.000712,0xd495826cabb093e7dca498d1a98e4dc55e0c29db,sell,0x728781e75735dc0962df3a51d7ef47e798a7107e,0x8818216d992444655e238c1e8567fd659e79a681cb03d981b4123c0c1d7b4d3c
341,9.969095803010667,0.007097996211743594,0xabfe744984c759d9b711f9bae32d323b37eec27a,2017-10-04T14:23:06.000Z,0.000712,0xf3be840cc6b63d978dfd34de51e2fec8a47b23c3,sell,0x728781e75735dc0962df3a51d7ef47e798a7107e,0xe3fc9b67c031862f94730c9b0b659f27628ca785fcd8393f848f5b8ccc5f75f0
342,536.0923645847759,0.3816977635843604,0xabfe744984c759d9b711f9bae32d323b37eec27a,2017-10-04T12:07:04.000Z,0.000712,0x22169ccd7c8feea3f89fdbb69f860b271a597586,sell,0x728781e75735dc0962df3a51d7ef47e798a7107e,0xa915d72b1e3b490d1c23115b8d324b8aa0dd0b0d373d2f87b7603992fc62fc27
343,351.6378355782765,0.2637283766837074,0x2ccd150ba7af26144328091a2b2fa140027095de,2017-10-04T11:59:34.000Z,0.00075,0x22169ccd7c8feea3f89fdbb69f860b271a597586,sell,0x728781e75735dc0962df3a51d7ef47e798a7107e,0xe58fe6d991e3aaeb33a15ae0180ccf3e4f0313e79d083600dcd58b26043ee0d6
344,458.66299109383897,0.3953674983228892,0x12ed0e4e9ee4bdf54b73845cd726b0816b9a6489,2017-10-04T04:11:56.000Z,0.000862,0xb74795693f581144920524e1914c6fa39fc19746,buy,0x728781e75735dc0962df3a51d7ef47e798a7107e,0x4d91f1303ffcbbcce51c2fe239008a83b4fc9dc370b4c02f319eb8ec0e159031
345,280.1315920645997,0.2100986940484498,0x2ccd150ba7af26144328091a2b2fa140027095de,2017-10-04T01:24:29.000Z,0.00075,0x90784a5db70acd8d0f7ce6d27f83d7f91765f6d5,sell,0x728781e75735dc0962df3a51d7ef47e798a7107e,0x810368e38c62c1b3fa75e38621bd0931cec4533a2af03b552164b41c79de0fcc
346,5.9814574818064,0.0044860931113548,0x2ccd150ba7af26144328091a2b2fa140027095de,2017-10-03T23:27:42.000Z,0.00075,0xfbf8ed6b881ae566f4f77223aa363d464dfa4507,sell,0x728781e75735dc0962df3a51d7ef47e798a7107e,0x12b3a1524cadbb2bff2e391a0c362bdb67e6ac1af120a77a03b153b0c6ce2bfd
347,891.380258700221,0.7915456697257962,0x0dba1a04a44dbe9786bef0bf758afdd1fd32a151,2017-10-03T04:37:04.000Z,0.000888,0xb556e5e53b90bb201ff0d7cd6484e2a964137829,buy,0x728781e75735dc0962df3a51d7ef47e798a7107e,0x9b0acfe5dfdce12082ead9c6ae2be43876ccb826ac9eab8e415f393e8f208249
348,1,0.000898,0x0249924245a19aa2d7f5ddb0739a7132b7d094ab,2017-10-02T20:50:41.000Z,0.000898,0x4cc6e4b4f2197bdb6d3fb513882c49cc559e5d50,buy,0x728781e75735dc0962df3a51d7ef47e798a7107e,0xab14fb813fdfde3cf7a356d166482d551a171de568248c8332f4eaec887edb23
349,24.85,0.0186375,0x2ccd150ba7af26144328091a2b2fa140027095de,2017-10-02T15:53:34.000Z,0.00075,0xd87f5118d4a88498f053d0d327b7bbd47b4d3de5,sell,0x728781e75735dc0962df3a51d7ef47e798a7107e,0x2f1f9e9d813785fb9af6d26ec7f9376a06f2d0a79b11a6194321ca220c4b6149
350,12.959824543913866,0.0097198684079354,0x2ccd150ba7af26144328091a2b2fa140027095de,2017-10-02T14:35:34.000Z,0.00075,0x6985d776116db3fc3859a9d158ae06e5e1fa23c8,sell,0x728781e75735dc0962df3a51d7ef47e798a7107e,0xb7c8a0839259c00338530263a19ac6e609dcc215b94f17f3b4e38f2b3c290788
351,5.9814574818064,0.0044860931113548,0x2ccd150ba7af26144328091a2b2fa140027095de,2017-10-02T10:02:05.000Z,0.00075,0x2a48fda17fad2c34bbbc804878e38fc23a7906d8,sell,0x728781e75735dc0962df3a51d7ef47e798a7107e,0x86da36c631b0a8f9575118c20e062f7f42d6ec5f1e512705392b31d3c1e2f9ef
352,1024,0.91136,0xe2f947f9b9d7b53ae47e72625337c557238914dd,2017-10-02T09:23:51.000Z,0.00089,0x86d2fe5435a6a2c09b6fdecb62e1a3cd29661607,buy,0x728781e75735dc0962df3a51d7ef47e798a7107e,0xc9cff11bf44a0329a9496960d261896234e479fdd8818028f8cc767b73fb8636
353,4.9845479015053336,0.003738410926129,0x2ccd150ba7af26144328091a2b2fa140027095de,2017-10-02T08:05:22.000Z,0.00075,0xc9b8bcc68cdf4e5f5393b6d4673e20f9b5848d50,sell,0x728781e75735dc0962df3a51d7ef47e798a7107e,0xea26344a77f636b68bedb46f4d758d2c355c5cc6ee66f2ebeffa0e4222e2be7c
354,0.06602588250761274,0.000051830317768476,0xd07cbe5edfbeaab2b105ff673a195c9f4ea68503,2017-10-02T05:56:53.000Z,0.000785,0xd87f5118d4a88498f053d0d327b7bbd47b4d3de5,buy,0x728781e75735dc0962df3a51d7ef47e798a7107e,0x1c2a30d43ec262bde171e290647e16c29f79883621e83813ecf96e4c4f5e604e
355,276,0.24564,0x90784a5db70acd8d0f7ce6d27f83d7f91765f6d5,2017-10-02T05:50:56.000Z,0.00089,0x86d2fe5435a6a2c09b6fdecb62e1a3cd29661607,buy,0x728781e75735dc0962df3a51d7ef47e798a7107e,0xcbf68f8b9a3d51d90f01a97c145e931a9cf94096cd9c65aa7a7b6828e0ba5747
356,5.9814574818064,0.0044860931113548,0x2ccd150ba7af26144328091a2b2fa140027095de,2017-10-02T04:39:36.000Z,0.00075,0x668fdf891363f5e62048ebee9386b3b058256edd,sell,0x728781e75735dc0962df3a51d7ef47e798a7107e,0x773f53de1b06f4318f28fc07fb318091cf62d0a4925e34134b0b8b16afd1b683
357,340,0.3026,0x2ccd150ba7af26144328091a2b2fa140027095de,2017-10-01T21:43:43.000Z,0.00089,0x4cc6e4b4f2197bdb6d3fb513882c49cc559e5d50,buy,0x728781e75735dc0962df3a51d7ef47e798a7107e,0xa86a8b461603a305af7c5db525b7e40fd33aa61c526cea00bf7fb03572ffc869
358,340,0.3026,0xe2f947f9b9d7b53ae47e72625337c557238914dd,2017-10-01T18:53:59.000Z,0.00089,0x4cc6e4b4f2197bdb6d3fb513882c49cc559e5d50,buy,0x728781e75735dc0962df3a51d7ef47e798a7107e,0x3070c30bde203310b28934d2c7f169fe72e6e07f72bfd01691858b90bb2b487f
359,7,0.006286,0xd87f5118d4a88498f053d0d327b7bbd47b4d3de5,2017-10-01T18:01:25.000Z,0.000898,0x0bcaf5a735a42cf11cb406621884bb02098a2f5c,buy,0x728781e75735dc0962df3a51d7ef47e798a7107e,0xc3d6f7ff487eea21b7c0a847c2131eb10070e8425f4c5a524cceb9d2e6098cae
360,19.938191606021334,0.013559964111255108,0x542f2472846d1568bfd2246a56bf54ad09e99245,2017-10-01T10:28:01.000Z,0.0006801,0x00e88e7bc8575b7811a2ede1681ceaddad58d6d3,sell,0x728781e75735dc0962df3a51d7ef47e798a7107e,0x510db6f0962e5f8a07440224c428886d95fc583bd78784122a428cf35e555f18
361,4.568677530965329,0.00288831793507628,0xe62b49dd208f7c0f0be52be7667c8a92d5ce7cc2,2017-09-30T22:16:03.000Z,0.0006321999999999998,0xd03bb9ff52f863b3a41bed1939ecac61f6333bad,sell,0x728781e75735dc0962df3a51d7ef47e798a7107e,0x8e2fc5192819015820d69ea9617b61b2c54576025231a06112c3d02e8c9f3bd0
362,5,0.0034,0xc2a9da89b1b74608a652c816cb2a4ca5e17bd08c,2017-09-30T10:59:14.000Z,0.00068,0x0afe4322173f9914888d89d55fd069cecc7dd79a,buy,0x728781e75735dc0962df3a51d7ef47e798a7107e,0xb416e6435bec3dadb54c3cbef81c3c9e147638b4e4819197e7427c8e15d6fce8
363,6.978367062107467,0.00441172365666434,0xe62b49dd208f7c0f0be52be7667c8a92d5ce7cc2,2017-09-29T21:49:46.000Z,0.0006322,0x4cefa7f734a8efff792b29fa32433857fa1e4c05,sell,0x728781e75735dc0962df3a51d7ef47e798a7107e,0x59b4ed8d79b30f25d1f9d85b7eef52b796be9a6477803813a7b621ea0dbd733c
364,13.956734124214934,0.008827634333565945,0x12ed0e4e9ee4bdf54b73845cd726b0816b9a6489,2017-09-29T16:58:56.000Z,0.0006324999999999999,0x1899a21760650d300930da2bf4df4f17089d3a1d,sell,0x728781e75735dc0962df3a51d7ef47e798a7107e,0x4f0becd808b6591d0462888f6e62abc4391e6b277aa2327005ce2de930158e82
365,4.9845479015053336,0.003152726547702123,0x12ed0e4e9ee4bdf54b73845cd726b0816b9a6489,2017-09-29T16:12:57.000Z,0.0006324999999999999,0x6bebf33761c264c41f24768ed818e342fc4c678d,sell,0x728781e75735dc0962df3a51d7ef47e798a7107e,0xcdbfe63ed656567f433fc4af29363bd585de3daf374ad78b7c84aa8935043de5
366,659.0963757965552,0.4943222818474164,0x0dba1a04a44dbe9786bef0bf758afdd1fd32a151,2017-09-29T15:12:18.000Z,0.00075,0x656546de162b91ef4cdc2c7c925be94f6c31f290,buy,0x728781e75735dc0962df3a51d7ef47e798a7107e,0x1a4e8d08d31c977a1c70aebdf6a1e98ccddc96f073265acad7ea484c00f53d94
367,4.9845479015053336,0.003151231183331671,0xe62b49dd208f7c0f0be52be7667c8a92d5ce7cc2,2017-09-29T08:56:11.000Z,0.0006321999999999999,0x4b310ab322b60ea55f8732840db8bc72219bae5f,sell,0x728781e75735dc0962df3a51d7ef47e798a7107e,0xd4f7b830bd49f1a5a1053e2adfe8317e43dd3b441e913d5e9d490bb33bf79ac8
368,6.978367062107467,0.00441172365666434,0xe62b49dd208f7c0f0be52be7667c8a92d5ce7cc2,2017-09-29T03:52:06.000Z,0.0006322,0x15609d56a80be176935b519694766f231c14154b,sell,0x728781e75735dc0962df3a51d7ef47e798a7107e,0x852b8c52f1ba0d494e77f358fe571b091853139e373229bbbd7987419385563d
369,1.1,0.000825,0x58319288a01eff24620ee5237315f9e1e9dc0e36,2017-09-29T00:31:33.000Z,0.00075,0x656546de162b91ef4cdc2c7c925be94f6c31f290,buy,0x728781e75735dc0962df3a51d7ef47e798a7107e,0x7b790c4492edd9c43074547c0330e316aa8e0bef831afa33d44e545d53526ded
370,4.9845479015053336,0.00315023427375137,0xe41b5e6d7328eb3a519efe0ed8d63c8d1e63acf5,2017-09-28T23:42:57.000Z,0.0006319999999999999,0xe81a34d6551e4456a10c2b8c3a8536894034eb70,sell,0x728781e75735dc0962df3a51d7ef47e798a7107e,0x6f684a6c0916cacfba22bf82ea6d80f6c2ec61fcc807ced47f13e2a6ee553b4b
371,5,0.0031,0xa0be78d2bac6a692adba423c7af50ec86a18bddf,2017-09-28T15:44:08.000Z,0.00062,0x54b4e3fb904aadbf7d80aae42306b35b398e41d0,buy,0x728781e75735dc0962df3a51d7ef47e798a7107e,0x76a884683ffe5488d207043d2c763452da08345e3bde69be73bed83a3fbf63e7
372,4.9845479015053336,0.00314026517794836,0xc2a9da89b1b74608a652c816cb2a4ca5e17bd08c,2017-09-28T14:53:58.000Z,0.00063,0xb1b60e41e220c0b3625e07bdff8a5d43339a90d3,sell,0x728781e75735dc0962df3a51d7ef47e798a7107e,0x430088727eba3d64252e0ac3b9ed5518628ab151c200c6a17b8563f35e5806c7
