,amount,amountBase,buyer,date,price,seller,side,tokenAddr,txHash
0,0.01024740461383588,0.000005718053824001,0x3e4f6ab2d787830f338decf92b9f8ba4e597c00b,2017-11-02T15:41:24.000Z,0.0005580001999999665,0x0e68c453dad8d1f70e62f7257d22a4db2628f133,sell,0x514910771af9ca656af840dff83e8264ecf986ca,0xd68487ab3b3c9da0e970f006524e1f84e7d4f46df643733f50d255566db9c4d1
1,102.7917156813877,0.057357777350214335,0x6a912f36057ff7149c41c9140a30d5fe7cd1d7ff,2017-11-02T15:39:24.000Z,0.000558,0x0e68c453dad8d1f70e62f7257d22a4db2628f133,sell,0x514910771af9ca656af840dff83e8264ecf986ca,0x0ae665453e460cf5dc5ac46b3815de93b2b42869441d431a0b1f3f49c7667487
2,893.21,0.5000010938,0x65f403f5ce12908bfa7d8089f54f097e8b686fae,2017-11-02T15:37:11.000Z,0.00055978,0x0e68c453dad8d1f70e62f7257d22a4db2628f133,sell,0x514910771af9ca656af840dff83e8264ecf986ca,0x4797749c718eff53d9f7426a60d0f7c64da2ee443099b3d5762c0b5d7b639c04
3,4250,2.465,0x2cf26e61790c11e1f104eb03511cb28fe1fa1b16,2017-11-02T15:28:19.000Z,0.00058,0x6e1801a6c4860f390d485ce43927cf2f140f07e5,buy,0x514910771af9ca656af840dff83e8264ecf986ca,0xacccb52ad5d78084cf03acd006135e6b1d771200e215abb6c8e4348ba6c9169b
4,800,0.464,0xd0b8c90fde8397f542d05437503cd4561444bb9b,2017-11-02T15:27:25.000Z,0.00058,0x6e1801a6c4860f390d485ce43927cf2f140f07e5,buy,0x514910771af9ca656af840dff83e8264ecf986ca,0xe77d75071a2f09a361cd2ab6a7b7e83df3a6d523db32ce42b005fde7b4ee092a
5,195.52179356661506,0.11125190053940397,0xd0b8c90fde8397f542d05437503cd4561444bb9b,2017-11-02T15:26:51.000Z,0.000569,0xf1791651f3a2a0a94f068ae122675aab7e434866,buy,0x514910771af9ca656af840dff83e8264ecf986ca,0xd031de8c1ff5c5eba3030687bfcb057267000d52c741d7ab6a94e2c381981223
6,0.0005570002,2.72930098,0x3e4f6ab2d787830f338decf92b9f8ba4e597c00b,2017-11-02T15:16:08.000Z,4900,0x422d7c1f2f04e7582163d1381a436516f4de3c2a,sell,0x514910771af9ca656af840dff83e8264ecf986ca,0xfcc9c6750659f295c60e0a4145846f938cd06437d0e1f1c8b95af78e24f3055d
7,16,0.009104,0x2c14a1aa8ba6ff2d493c8ae100ee5c7c35f2deeb,2017-11-02T15:16:06.000Z,0.000569,0xf1791651f3a2a0a94f068ae122675aab7e434866,buy,0x514910771af9ca656af840dff83e8264ecf986ca,0x0719787fbfd0e26b9e0c92da62d096487ffa17f79c9524cbccdeafd40029a3b8
8,2350,1.33715,0xeef43fa1d6cc1be1231620cb62deaa3097e19c59,2017-11-02T15:01:57.000Z,0.000569,0x09e396aca9535fffc68c72f880ab36e252b73a43,buy,0x514910771af9ca656af840dff83e8264ecf986ca,0xeac305c3493614ab2b7b1272f3801e4987b2074271a4f15090fc266aeaa6d0ad
9,802.54,0.4542697416,0xeef43fa1d6cc1be1231620cb62deaa3097e19c59,2017-11-02T15:00:16.000Z,0.00056604,0x65f403f5ce12908bfa7d8089f54f097e8b686fae,buy,0x514910771af9ca656af840dff83e8264ecf986ca,0x9573ac04120ec665196b7af5c7cb41291dac8e9be1ccc54d2b623476919bf252
10,350.4425234879249,0.19940179586462928,0x00650c8e9a383476366e65d14fd449b93b65ace6,2017-11-02T14:51:49.000Z,0.000569,0xf1791651f3a2a0a94f068ae122675aab7e434866,buy,0x514910771af9ca656af840dff83e8264ecf986ca,0xebed6bb441be06d81473b6e9ba994d69cb96ed21e557c3167390a8a5b1078442
11,1576.456,0.788228,0x422d7c1f2f04e7582163d1381a436516f4de3c2a,2017-11-02T14:37:52.000Z,0.0005,0xb91581318f370e0d95bb9b2cca48e7e0cdfce815,buy,0x514910771af9ca656af840dff83e8264ecf986ca,0x5191e92085e6a10f0b619c25c63e4f5a2085cc3433ac22701d6db3fe54eaaae5
12,1563.844352,0.8444762628488703,0x3e4f6ab2d787830f338decf92b9f8ba4e597c00b,2017-11-02T14:37:52.000Z,0.0005400002,0x422d7c1f2f04e7582163d1381a436516f4de3c2a,sell,0x514910771af9ca656af840dff83e8264ecf986ca,0x5191e92085e6a10f0b619c25c63e4f5a2085cc3433ac22701d6db3fe54eaaae5
13,1239.518254204091,0.6693401051738599,0x3e4f6ab2d787830f338decf92b9f8ba4e597c00b,2017-11-02T14:29:57.000Z,0.0005400002,0x257a67c043c0866726194b883db58222c2d9c128,sell,0x514910771af9ca656af840dff83e8264ecf986ca,0x18dcb60cc64cf031907f92af37d0b11246b72008069ad41e96088d9ec12d01d8
14,950,0.551,0x0a7a79954c9cccb1c38d115d23a32331bf61f60d,2017-11-02T14:26:38.000Z,0.00058,0x6e1801a6c4860f390d485ce43927cf2f140f07e5,buy,0x514910771af9ca656af840dff83e8264ecf986ca,0x2b74b3296cdceca5e01f2e53898f554f91c45194bdbafd8e09a4eb6557b6a684
15,25,0.013500005,0x3e4f6ab2d787830f338decf92b9f8ba4e597c00b,2017-11-02T14:22:39.000Z,0.0005400002,0xf155eac36ea8e082bdcd673c58608d6f02e4225c,sell,0x514910771af9ca656af840dff83e8264ecf986ca,0x67a24eda7844522b2ff9ab7ae8fee9dd9b78f0bbd53dcd11472cf1e3c45becea
16,117,0.06595992,0xabe61029d75c4773228f06d0a3f99f392ab6241b,2017-11-02T14:20:28.000Z,0.00056376,0x65f403f5ce12908bfa7d8089f54f097e8b686fae,buy,0x514910771af9ca656af840dff83e8264ecf986ca,0x670b33a8af9f1b6797cf0437e59346d08abd5ca1fee683d16795d520d133bb86
17,550,0.29700011,0x3e4f6ab2d787830f338decf92b9f8ba4e597c00b,2017-11-02T14:20:28.000Z,0.0005400002,0x86d3ccb700a9d71b4b6f4b5245d7a0b2b4d82a98,sell,0x514910771af9ca656af840dff83e8264ecf986ca,0x71e538b8231d8d392decd47add48ab3dc4a792248cf3a27b581af17fdb1d0e18
18,100,0.0536683,0x5240c3a1e949abc4e77fe3ac24655355ecf2df8b,2017-11-02T13:48:07.000Z,0.000536683,0x1be52a01d15c1b0ceca5f0b9947d195310f60385,sell,0x514910771af9ca656af840dff83e8264ecf986ca,0xd64b9dbeb2efebe1214e9e2b2600ed46bb47ec53b599bc2f8a35f64714e76f5f
19,100,0.0536684,0x5240c3a1e949abc4e77fe3ac24655355ecf2df8b,2017-11-02T13:47:00.000Z,0.000536684,0x1be52a01d15c1b0ceca5f0b9947d195310f60385,sell,0x514910771af9ca656af840dff83e8264ecf986ca,0x7a7492647d3fe6680a11bc5c1b7fb1af8a3d12cc8ea461b9d2f85bb6cd79c8ec
20,430.7307260641247,0.23255151900202092,0x11cca0648e8c321e18f41e1f69e20ed66f346d66,2017-11-02T13:45:35.000Z,0.0005399,0x1be52a01d15c1b0ceca5f0b9947d195310f60385,sell,0x514910771af9ca656af840dff83e8264ecf986ca,0x4106390cc4e9c01bcd1e3e3fcb0dae87a857e6ed7cfa31e356c63afd70a183c7
21,1000,0.539,0x08883166cc38107ecf98e7b01bea7c904f481cae,2017-11-02T13:43:45.000Z,0.000539,0x1be52a01d15c1b0ceca5f0b9947d195310f60385,sell,0x514910771af9ca656af840dff83e8264ecf986ca,0xfdc7a84c364a4437a2ba431b1b34b0bba1e59ff9c713aee354a688c37736754d
22,246.26927393587528,0.13296078099797906,0x11cca0648e8c321e18f41e1f69e20ed66f346d66,2017-11-02T13:41:10.000Z,0.0005399,0x0999e80755e6544cbde752ae13e483645271ff52,sell,0x514910771af9ca656af840dff83e8264ecf986ca,0xfe68f4b1a68b6765a48363bc883d95bf5817a8fb97a57253992561a658c3a832
23,300,0.1626,0xae6a79d8cb513ff3637bc7daef6d8049e787f1e5,2017-11-02T13:31:23.000Z,0.000542,0x530e10078b1a5f33291c93dc3f0da9295d78c593,sell,0x514910771af9ca656af840dff83e8264ecf986ca,0xc4a1d480fb09ec66adc2e96c4e6a5e7eda94a5292de34917e668aa424a477c7d
24,919.54,0.499999875,0x65f403f5ce12908bfa7d8089f54f097e8b686fae,2017-11-02T13:24:58.000Z,0.00054375,0x09e396aca9535fffc68c72f880ab36e252b73a43,sell,0x514910771af9ca656af840dff83e8264ecf986ca,0x506675440c42dc121fcae492f2a87a3e520e0c6031fd4e4f6b338f830d719954
25,1875.438920717058,1.0148,0x642afd9a4173fef0575ddd7a0a4222a91c606f64,2017-11-02T13:24:58.000Z,0.0005411,0x09e396aca9535fffc68c72f880ab36e252b73a43,sell,0x514910771af9ca656af840dff83e8264ecf986ca,0xbb94a73b13bdb0dbc661ef39527daffa79729a40333fc0ff41d8112192054422
26,2670,1.44447,0xdba99e132e78f745c0993ed4ed5be5a53f898689,2017-11-02T13:24:58.000Z,0.000541,0x09e396aca9535fffc68c72f880ab36e252b73a43,sell,0x514910771af9ca656af840dff83e8264ecf986ca,0xe344ff28b5246abec28077252952cdd1617fa368b690af3c50592d50f7cbaf4e
27,1655,0.899989,0xacb43f91d4615f04ebba2560963dcad17711cdad,2017-11-02T13:10:14.000Z,0.0005438,0x530e10078b1a5f33291c93dc3f0da9295d78c593,sell,0x514910771af9ca656af840dff83e8264ecf986ca,0xe022346a58d36d7b341f7082f2899f17b489fe6cfedfa5596ab7aad010c130dd
28,438.03568294546005,0.24924230359596677,0x0e34fb8fb1ec873118824f75edf0f04fa2462f0a,2017-11-02T12:50:41.000Z,0.000569,0xf1791651f3a2a0a94f068ae122675aab7e434866,buy,0x514910771af9ca656af840dff83e8264ecf986ca,0x3956bfc3a14601873abedd41cd5662aeb411a9433ee773303f787ff148070190
29,5579,3.02331589,0x3e4f6ab2d787830f338decf92b9f8ba4e597c00b,2017-11-02T12:47:31.000Z,0.00054191,0xf28170cdc52b01c48d4e887458c7b0f8bc3a56c3,buy,0x514910771af9ca656af840dff83e8264ecf986ca,0xe37233e8cfdcd632effdc2342f2f949d47772e6ec055d654f607943883e2dffa
30,1838.818,1.04812626,0x16c63c70be2ac6b41ade11e6cf136cc3d3ac4d18,2017-11-02T12:40:08.000Z,0.00057,0x09e396aca9535fffc68c72f880ab36e252b73a43,buy,0x514910771af9ca656af840dff83e8264ecf986ca,0x2b26519310511877b34addd66a850919bcc1aa03bcea55a0ad908b9063267ae2
31,0.8771929824561403,0.0005,0x4fda9e6bcd83af6c5cc771b5d20accc2b7720074,2017-11-02T12:35:43.000Z,0.00057,0x09e396aca9535fffc68c72f880ab36e252b73a43,buy,0x514910771af9ca656af840dff83e8264ecf986ca,0xc00d59333b974743f7fd8fb513ad3458d3c166f5913e4aeacae15fd08cae2332
32,4000,2.27,0x6e1801a6c4860f390d485ce43927cf2f140f07e5,2017-11-02T12:20:17.000Z,0.0005675,0x105d1fea56008e7d6f13f6f5b29cf278589526eb,buy,0x514910771af9ca656af840dff83e8264ecf986ca,0xcfc3ff7e965595e4bae31fa8f407495fe352736d6bbd1aa82c29d8f2c457d891
33,2000,1.0798,0x530e10078b1a5f33291c93dc3f0da9295d78c593,2017-11-02T12:18:18.000Z,0.0005399,0x105d1fea56008e7d6f13f6f5b29cf278589526eb,buy,0x514910771af9ca656af840dff83e8264ecf986ca,0x10b83ab34e21cd1501036d7e954c3218defa3aeffa70f60f0786a5ec9d06519e
34,1190.065,0.63667287435,0x530e10078b1a5f33291c93dc3f0da9295d78c593,2017-11-02T12:14:19.000Z,0.00053499,0x71014d0b1e6f11594d91e59bbbbbb658659dfc78,buy,0x514910771af9ca656af840dff83e8264ecf986ca,0x5af1999d0ea0d730df27391594120c986cc425207af6dba4ec6593708c72160f
35,2000,1.06998,0xdac59ec90895d084616b779f2dc305a137476a03,2017-11-02T12:11:03.000Z,0.00053499,0x71014d0b1e6f11594d91e59bbbbbb658659dfc78,buy,0x514910771af9ca656af840dff83e8264ecf986ca,0x16b4a34b4059d7fc788f8a6a9cfa24ea24b9e10ce55ed3e3b030d08f46adc372
36,0.9345969083534271,0.0005,0x3075f7f189912f4f425dd7021b9c396434197477,2017-11-02T12:10:58.000Z,0.00053499,0x71014d0b1e6f11594d91e59bbbbbb658659dfc78,buy,0x514910771af9ca656af840dff83e8264ecf986ca,0x8b2d5add32e8f6f521cb45faf0980a2fa56cb10f71f569012ab78b9d624e807a
37,1000,0.53499,0x586e34fa3f5af3bef4d6d4f6294e02fec186d3ec,2017-11-02T12:08:07.000Z,0.00053499,0x71014d0b1e6f11594d91e59bbbbbb658659dfc78,buy,0x514910771af9ca656af840dff83e8264ecf986ca,0x1302788827156a8a3502202aef656e43199566515b677df7f83959dea4a244af
38,970.48,0.5198764312,0x530e10078b1a5f33291c93dc3f0da9295d78c593,2017-11-02T12:02:30.000Z,0.00053569,0x65f403f5ce12908bfa7d8089f54f097e8b686fae,buy,0x514910771af9ca656af840dff83e8264ecf986ca,0x029ca1de6dadc80a1ca411f281b0e5f8e7c3151f389f0a462dd43cbef32d256c
39,3039.6135626503624,1.5502333130873112,0x9075a0352803c414adf5739398362a6bae45dce0,2017-11-02T11:31:47.000Z,0.00051001,0xf42ddd97a317dab6367e8f5dabdc432669bb4879,sell,0x514910771af9ca656af840dff83e8264ecf986ca,0x7c6d489ff0a89451a8acc39f49dc0f773c3d27cb34e2e52834c40259ca104e33
40,1560,0.96564,0x03c8f2416c7e1b818638b745c71f742f25394a26,2017-11-02T11:25:14.000Z,0.000619,0x450573f9ec383956e44d7a62b363107594d76c70,buy,0x514910771af9ca656af840dff83e8264ecf986ca,0xe6f2c5ed625fa1ffedbb85f8c1efc85f23bf7ba8effeceb474b0efbe99ad3ce2
41,13969.21564079515,7.1244396689619345,0x9075a0352803c414adf5739398362a6bae45dce0,2017-11-02T11:12:54.000Z,0.00051001,0x8e6ec33ecbedcee5ea45f3239c58709c748ed623,sell,0x514910771af9ca656af840dff83e8264ecf986ca,0xf4281892d749b4a046136add7a5c5fe00c5b3bc95ab354fae51ea765faeaf6ce
42,3607.5214934340406,1.839872036866295,0x9075a0352803c414adf5739398362a6bae45dce0,2017-11-02T11:11:57.000Z,0.00051001,0x71014d0b1e6f11594d91e59bbbbbb658659dfc78,sell,0x514910771af9ca656af840dff83e8264ecf986ca,0x054154c634360ec9e65b859b49bf432bc4f1e7178afff000807fa7ad215f92c7
43,7882.251759634456,4.020027219931169,0x9075a0352803c414adf5739398362a6bae45dce0,2017-11-02T11:10:34.000Z,0.00051001,0x530e10078b1a5f33291c93dc3f0da9295d78c593,sell,0x514910771af9ca656af840dff83e8264ecf986ca,0xc7655274e9b892a9fe1f2e897194798c94616367dd66ae98ace8b0930600f6e2
44,571,0.29121571,0x9075a0352803c414adf5739398362a6bae45dce0,2017-11-02T11:08:15.000Z,0.00051001,0x71014d0b1e6f11594d91e59bbbbbb658659dfc78,sell,0x514910771af9ca656af840dff83e8264ecf986ca,0x4acfe90d32303d9606f4eacc6cc856118767fc0c3b45831e8c7e353473107fce
45,6225.334171362515,3.174982680736596,0x9075a0352803c414adf5739398362a6bae45dce0,2017-11-02T11:08:15.000Z,0.00051001,0x8d271b7dee29678ddbb3669c8a3f15f0a3713b9a,sell,0x514910771af9ca656af840dff83e8264ecf986ca,0x961d846d04ccc7d5f76872ede705d82ca96dc27bc769afe0e285d626c9875b74
46,250,0.1255,0x94e613bc8b2e6cd0fae9ea680cd4ea1a42a6eba2,2017-11-02T11:06:01.000Z,0.000502,0x8d271b7dee29678ddbb3669c8a3f15f0a3713b9a,sell,0x514910771af9ca656af840dff83e8264ecf986ca,0x89b6b5fef3a3f4038fb07a0d8bf8715eab5f4d8ac1fe0b7855fb598ef58f2ae1
47,100,0.0510011,0xc73604d0514ac01e63513d07601e7e98f2f117b4,2017-11-02T11:05:15.000Z,0.000510011,0x8d271b7dee29678ddbb3669c8a3f15f0a3713b9a,sell,0x514910771af9ca656af840dff83e8264ecf986ca,0xd830f06a18cb6d7918e629ad380354ae6a7f84ac3b8dd73298e345ed911bece0
48,3000,1.53003,0x9075a0352803c414adf5739398362a6bae45dce0,2017-11-02T10:57:12.000Z,0.00051001,0x530e10078b1a5f33291c93dc3f0da9295d78c593,sell,0x514910771af9ca656af840dff83e8264ecf986ca,0xa44eee8248cac47c78a4f394470a88ef74bdbffe82790dce2dd55f61c89c33db
49,876.4933937008667,0.447020395721379,0x9075a0352803c414adf5739398362a6bae45dce0,2017-11-02T10:54:19.000Z,0.00051001,0xad2aeab91aa733509e152dbed4d78fc9f7ea53d0,sell,0x514910771af9ca656af840dff83e8264ecf986ca,0x3d9436d9d00658c2dbec02f33750fc4ff61b8847974296ed321020e70272971b
50,2897.072937384239,1.477536168795336,0x9075a0352803c414adf5739398362a6bae45dce0,2017-11-02T10:42:16.000Z,0.00051001,0x8d271b7dee29678ddbb3669c8a3f15f0a3713b9a,sell,0x514910771af9ca656af840dff83e8264ecf986ca,0x84ffc9fc7d1c9acdb102ca97172f054b52491808cdb5b43b797ae07e8b9f8527
51,2000,1.02,0x652bf94db025def61d235c0a3eb986189c560a1f,2017-11-02T10:41:02.000Z,0.00051,0x8d271b7dee29678ddbb3669c8a3f15f0a3713b9a,sell,0x514910771af9ca656af840dff83e8264ecf986ca,0x83c736660fb8f0bb71a89395e98af084ac0ba3d7066cb84bf9900e2b8f3cbe94
52,1000,0.5102,0x7aaa1c7d5465e6eb3d1fe3712e5b92728595f14a,2017-11-02T10:41:02.000Z,0.0005102,0x8d271b7dee29678ddbb3669c8a3f15f0a3713b9a,sell,0x514910771af9ca656af840dff83e8264ecf986ca,0xbc9f61d0de565396084a90cdf396baa3c280876a06095d5e039a0d8bc61dfa30
53,200,0.10222,0xd558317d56e5b5a9f654437939fe5f26b6d67cd5,2017-11-02T10:39:46.000Z,0.0005111,0x8d271b7dee29678ddbb3669c8a3f15f0a3713b9a,sell,0x514910771af9ca656af840dff83e8264ecf986ca,0xa0336e15f56fcaa9ba28475bf776adb25875ebd42d674161a7ecf3dfd2100172
54,100,0.05112,0x462cdf194d12c5168e804fe7d91e639fb3bed21d,2017-11-02T10:39:31.000Z,0.0005112,0x8d271b7dee29678ddbb3669c8a3f15f0a3713b9a,sell,0x514910771af9ca656af840dff83e8264ecf986ca,0x4b0b96552a4b90cf04baadb0e035238578f045e34f433ce4e9f14a41581711c8
55,970.48,0.5000010008,0x65f403f5ce12908bfa7d8089f54f097e8b686fae,2017-11-02T10:13:52.000Z,0.00051521,0x09e396aca9535fffc68c72f880ab36e252b73a43,sell,0x514910771af9ca656af840dff83e8264ecf986ca,0x99f798401f1084f0d52bc6dbfd93da9d2a5efaf0b04b2bcb6267fb63969e04b3
56,8354.889649678029,4.286058390284828,0xf84c38e1a296e9b7b0c183d8803c72b3185326c9,2017-11-02T10:11:41.000Z,0.000513,0x09e396aca9535fffc68c72f880ab36e252b73a43,sell,0x514910771af9ca656af840dff83e8264ecf986ca,0xdaf2a0a023e148a6c866737b052d2a67dfcd9d449c184455539427626135bd79
57,957.89,0.510268003,0x4680f5c6f55b46e9d86e33c7bd49655e585cb913,2017-11-02T10:02:33.000Z,0.0005327,0x65f403f5ce12908bfa7d8089f54f097e8b686fae,buy,0x514910771af9ca656af840dff83e8264ecf986ca,0x03fee3094d1691f2d65af18f2c3e2f6a874cefd800b1c67115140db89baade14
58,623.443,0.328554461,0x4680f5c6f55b46e9d86e33c7bd49655e585cb913,2017-11-02T10:01:40.000Z,0.000527,0x81e6b15acf463ca72c4dd9aebee375305b06e20e,buy,0x514910771af9ca656af840dff83e8264ecf986ca,0xd1edff8d9cc932a5872a012c878ffc15ad8aca00e36a376b5b097cbcd92ee8f6
59,957.89,0.4999994222,0x65f403f5ce12908bfa7d8089f54f097e8b686fae,2017-11-02T09:50:26.000Z,0.00052198,0x530e10078b1a5f33291c93dc3f0da9295d78c593,sell,0x514910771af9ca656af840dff83e8264ecf986ca,0xee90ebd72047ba8dd632f0f8e151989620926b702dc8cff4da53accad5278acc
60,2850,1.482,0xc90f44d6c1bc0633d2bbba661f85062645aa0207,2017-11-02T09:47:36.000Z,0.00052,0x530e10078b1a5f33291c93dc3f0da9295d78c593,sell,0x514910771af9ca656af840dff83e8264ecf986ca,0x7483478f5ac06313b5cc5418099ad5337d360fd1bb6af81424f7314065f499d4
61,971.65,0.5102425645,0x7be04849f100b799183ca26064f7fff2777a31e2,2017-11-02T09:34:08.000Z,0.00052513,0x65f403f5ce12908bfa7d8089f54f097e8b686fae,buy,0x514910771af9ca656af840dff83e8264ecf986ca,0xf736b4e1643a4f4c96f3ce1d8bc4a628d0a141eafc87b6a5519e3a3daac12b65
62,3981.77,2.096401905,0x7be04849f100b799183ca26064f7fff2777a31e2,2017-11-02T09:31:23.000Z,0.0005265,0x2d413b4ae8a9997c04d05d632810b1093fa25c9c,buy,0x514910771af9ca656af840dff83e8264ecf986ca,0x8b6615b880cb8b7debc59a93c6eabb678a5ede638f905808ec8804827c05abc6
63,1395.1103503219717,0.7156916097151715,0xf84c38e1a296e9b7b0c183d8803c72b3185326c9,2017-11-02T09:30:31.000Z,0.000513,0xd53394bcc809ccb4c45402d701c12553ae8a1a8c,sell,0x514910771af9ca656af840dff83e8264ecf986ca,0xf66714adbf5819c799cebf8cdff39b9d3ace520eda7484a9cc9f46f0bc2b8614
64,0.017604120891571158,0.000009277371709858,0xbb6be7c4b5efca6bbb0e238f1708dbce6dced620,2017-11-02T09:28:08.000Z,0.000527,0x81e6b15acf463ca72c4dd9aebee375305b06e20e,buy,0x514910771af9ca656af840dff83e8264ecf986ca,0x1fe01446ab597aa4ac63791c949148083e59d33bdb6a95b5d5f123c797b978ec
65,971.65,0.5000013735,0x65f403f5ce12908bfa7d8089f54f097e8b686fae,2017-11-02T09:28:08.000Z,0.00051459,0xd53394bcc809ccb4c45402d701c12553ae8a1a8c,sell,0x514910771af9ca656af840dff83e8264ecf986ca,0x0fbde977c172b68c9a06b99ffdc0fb776b75eba67841f2f0ff745b641cca7979
66,3190,1.681129681,0x7be04849f100b799183ca26064f7fff2777a31e2,2017-11-02T09:27:27.000Z,0.0005269999,0x3e4f6ab2d787830f338decf92b9f8ba4e597c00b,buy,0x514910771af9ca656af840dff83e8264ecf986ca,0xc49a58ebb54d53c17cf782714213d781ede43c37e68eaf419df21220c42453c3
67,1783.156,0.943289524,0x7be04849f100b799183ca26064f7fff2777a31e2,2017-11-02T09:26:09.000Z,0.000529,0x5d3fa618ddb6b8f2d400775cd550b300e63dcbdc,buy,0x514910771af9ca656af840dff83e8264ecf986ca,0x1a2463e287b9d9ca2b8a9f4bb3209db56b2010bc6c4f2967b3a5106a76e7a788
68,9760,5.00784624,0x65a83820d3a8cd3c72e1b7f8b9e95c1571f0b062,2017-11-02T09:23:02.000Z,0.000513099,0x3e4f6ab2d787830f338decf92b9f8ba4e597c00b,sell,0x514910771af9ca656af840dff83e8264ecf986ca,0xdc923a60e6d6b2e423540de5c8a4879d7184fecc94060a6dff1d0c1c3e8238cb
69,60,0.03174,0x2b963ce07b10840fc1642aafb6c647d1fd85120b,2017-11-02T09:22:03.000Z,0.000529,0x5d3fa618ddb6b8f2d400775cd550b300e63dcbdc,buy,0x514910771af9ca656af840dff83e8264ecf986ca,0xd0a0fb3ca211d6c740ca95336dcb5304509245c0a0eb81d426ea132acb678ddb
70,4188.995907843129,2.2494908025117604,0x7be04849f100b799183ca26064f7fff2777a31e2,2017-11-02T09:20:35.000Z,0.000537,0x71014d0b1e6f11594d91e59bbbbbb658659dfc78,buy,0x514910771af9ca656af840dff83e8264ecf986ca,0x5d60ecf447802914d17a35761f59e4775cfa75fd59cba2d825e1a66542422df5
71,175.9193111939092,0.09306131562157798,0xbb6be7c4b5efca6bbb0e238f1708dbce6dced620,2017-11-02T09:19:33.000Z,0.000529,0x5d3fa618ddb6b8f2d400775cd550b300e63dcbdc,buy,0x514910771af9ca656af840dff83e8264ecf986ca,0x968861c2627fac0878a7cd1340879e2e3eb0cbf0b9d79f8e5662c48c8699b3a7
72,3863,2.039664,0x7be04849f100b799183ca26064f7fff2777a31e2,2017-11-02T09:18:09.000Z,0.000528,0x23c09abbc301e4bd6396548f5f6005ab345afb7e,buy,0x514910771af9ca656af840dff83e8264ecf986ca,0x471facb0ba6b199fe2364269d1088a6a7a856f9b519ceb3f302b5468cfe11e9f
73,716.1165227115413,0.37882564051440537,0x2b963ce07b10840fc1642aafb6c647d1fd85120b,2017-11-02T09:16:26.000Z,0.000529,0x5d3fa618ddb6b8f2d400775cd550b300e63dcbdc,buy,0x514910771af9ca656af840dff83e8264ecf986ca,0x7c5db9d03f6ff5fd4e9208b04391b31f69823165a3c08c82e30dcf2f133ee719
74,917.192,0.49022078016,0xbb6be7c4b5efca6bbb0e238f1708dbce6dced620,2017-11-02T09:13:01.000Z,0.00053448,0x65f403f5ce12908bfa7d8089f54f097e8b686fae,buy,0x514910771af9ca656af840dff83e8264ecf986ca,0x0000ad2b5430961e615e94b32ed8cbe3522138d33c863029cc88e7f286d51429
75,0.004092156870672253,0.000002197488239551,0x7be04849f100b799183ca26064f7fff2777a31e2,2017-11-02T09:10:37.000Z,0.000537,0x71014d0b1e6f11594d91e59bbbbbb658659dfc78,buy,0x514910771af9ca656af840dff83e8264ecf986ca,0xcaf1d8afb36cd24344816139ce0d6c35664c82830b05e67c4eb386f34f1c8c89
76,623.0684876881667,0.3208802711594058,0x81e6b15acf463ca72c4dd9aebee375305b06e20e,2017-11-02T09:07:07.000Z,0.0005149999999999999,0xb382cb00d46fb8e3a684a7ac37b69d9877595f5f,sell,0x514910771af9ca656af840dff83e8264ecf986ca,0x11f2c1dcb938e85f9bbd78ad8e1d2c12621f8ad1da1e83a49fc9cea7f38623e9
77,2931.497041038371,1.4950928058999797,0x9075a0352803c414adf5739398362a6bae45dce0,2017-11-02T08:11:52.000Z,0.00051001,0x3bee6efdcdd0fbee1a238c53b985820052ae68c5,sell,0x514910771af9ca656af840dff83e8264ecf986ca,0x191a49060fceb3af9ce513fdb5102fa54ec990b7d1e1da05c8b7f0e95e08b227
78,150,0.078975,0x4be7bced82b314ad60dc69274a75757e7d5d93a3,2017-11-02T07:47:33.000Z,0.0005265,0x3e4f6ab2d787830f338decf92b9f8ba4e597c00b,sell,0x514910771af9ca656af840dff83e8264ecf986ca,0xe2670dc9161ecd748f9e22cd272f15c7c45ea3c89b63b845a62c64ad1edc6e16
79,36.817,0.01951301,0xaffa298cfff078521fdc687f7a5523179df72bf1,2017-11-02T07:47:33.000Z,0.00053,0x3e4f6ab2d787830f338decf92b9f8ba4e597c00b,sell,0x514910771af9ca656af840dff83e8264ecf986ca,0x9445bff2db7578579d6b133586a3cdb134c740748b99c45e976c48e70a58b860
80,750,0.3840375,0xc852e583b197a0d5bcfaecc72dcc8d47aa2762c8,2017-11-02T07:43:47.000Z,0.00051205,0x840a570ebf6e0ee1ac387f1b63533eb4974778b9,sell,0x514910771af9ca656af840dff83e8264ecf986ca,0x01f1c5e099688286071fe551112a9b8e67a1ff03d84cf53c507fdf548de6d69a
81,343.47470829194657,0.17998074714498002,0xc109f54175ba9e43df802f458ecb68dceb673b01,2017-11-02T07:43:38.000Z,0.0005239999999999999,0x840a570ebf6e0ee1ac387f1b63533eb4974778b9,sell,0x514910771af9ca656af840dff83e8264ecf986ca,0xebdedf340b8edbb63119e676cc71ec67f4c145f8e5b671847ba308e856e9d86a
82,3448.089,1.779213924,0x335c0552eb130f3dfbe6efcb4d2895aed1e9938b,2017-11-02T07:43:38.000Z,0.000516,0x840a570ebf6e0ee1ac387f1b63533eb4974778b9,sell,0x514910771af9ca656af840dff83e8264ecf986ca,0x022f4237a103a6fd4b904276397828ede391f005c9c6444a4ca05537093ec6d8
83,499.99999999934954,0.2599999999996618,0xb580b2ea85853254ffb54e062209a3b453f11aaa,2017-11-02T07:43:38.000Z,0.00052,0x840a570ebf6e0ee1ac387f1b63533eb4974778b9,sell,0x514910771af9ca656af840dff83e8264ecf986ca,0x9308e9f24e70af8af4f679e88a1f97f2b3084f23683810323073aa74a930844f
84,295.91499073263515,0.1585367522,0x42cbe1d161ececce502a23ebdc4c0bd0f1c43015,2017-11-02T07:43:15.000Z,0.000535751,0x6e1801a6c4860f390d485ce43927cf2f140f07e5,sell,0x514910771af9ca656af840dff83e8264ecf986ca,0xcc6131b596b7c82d8b75f758cfbfbdb0467a1a062e03117e9c7db18b17882ab3
85,190.64255547801807,0.10294697995812976,0x9cf1e2584712cf3dd5532bcb18591100eaface48,2017-11-02T07:19:42.000Z,0.00054,0x3e4f6ab2d787830f338decf92b9f8ba4e597c00b,sell,0x514910771af9ca656af840dff83e8264ecf986ca,0x2707211995bebda53544e9906c2d2341b49ea6f66cbf423276f33913ef27bdd4
86,80,0.0432008,0xd92ce5941305b7cf1e5cc5713b93db2b651a4fdf,2017-11-02T07:19:34.000Z,0.00054001,0x3e4f6ab2d787830f338decf92b9f8ba4e597c00b,sell,0x514910771af9ca656af840dff83e8264ecf986ca,0xe8a409d65607faf71dc7befdec34f361b0bad947ccc05eac06d4d6f7fd3d1b70
87,0.000000000000000007,0,0x9cf1e2584712cf3dd5532bcb18591100eaface48,2017-11-02T07:17:51.000Z,0,0x09e396aca9535fffc68c72f880ab36e252b73a43,sell,0x514910771af9ca656af840dff83e8264ecf986ca,0x6803da5150d5546b802ba35de6a3954520585c96dbf47930a9b75470153fd82e
88,3121,1.613557,0x4b3aa44116262f57c01fa361a6c4248478ee15e8,2017-11-02T07:13:38.000Z,0.000517,0x23c09abbc301e4bd6396548f5f6005ab345afb7e,sell,0x514910771af9ca656af840dff83e8264ecf986ca,0x4d56e520c66fd7ae4b4b22787631c6ed9b7acb5b6020486104e0f243dcc852bc
89,999.9999934752632,0.5199999966071368,0x9fa1621d504640fe0bd3105252b66788c668223a,2017-11-02T07:13:38.000Z,0.00052,0x23c09abbc301e4bd6396548f5f6005ab345afb7e,sell,0x514910771af9ca656af840dff83e8264ecf986ca,0x83003c340bbb535b10738ad5005a4384f8e28918ae13f84bf896e0f48fee8d7d
90,0.000000000000064845,0.000000000000000035,0x9cf1e2584712cf3dd5532bcb18591100eaface48,2017-11-02T07:13:00.000Z,0.0005397486313516847,0x09e396aca9535fffc68c72f880ab36e252b73a43,sell,0x514910771af9ca656af840dff83e8264ecf986ca,0xa20ff435946b4e47f7dcc6edb418a9b6a139d65cdc566b68207f0d3d9d7b212c
91,0.000000000650457268,0.000000000000338237,0xb580b2ea85853254ffb54e062209a3b453f11aaa,2017-11-02T07:12:25.000Z,0.0005199988018275168,0x09e396aca9535fffc68c72f880ab36e252b73a43,sell,0x514910771af9ca656af840dff83e8264ecf986ca,0xd5768bde292da286e72268404923dcae24be784acdc825fcd5379cbd674d35e2
92,0.000006524736845915,0.000000003392863159,0x9fa1621d504640fe0bd3105252b66788c668223a,2017-11-02T07:11:38.000Z,0.0005199999998657724,0x09e396aca9535fffc68c72f880ab36e252b73a43,sell,0x514910771af9ca656af840dff83e8264ecf986ca,0x10f4a137ec585bc77409d506be996335974ba7eb8ccee5c2062a513c5c998541
93,712.4575503646986,0.3818772469954785,0x5272cd4dd8b48fcbd85ea40c458840924b0f086e,2017-11-02T07:11:00.000Z,0.000536,0x6e1801a6c4860f390d485ce43927cf2f140f07e5,sell,0x514910771af9ca656af840dff83e8264ecf986ca,0xb8c0dac8d6ca2cf904b297c94bdd43185e3998182e64f376332128af4df2276b
94,0.06544963530137109,0.000035081004521534,0x5272cd4dd8b48fcbd85ea40c458840924b0f086e,2017-11-02T07:08:46.000Z,0.0005359999999999861,0x09e396aca9535fffc68c72f880ab36e252b73a43,sell,0x514910771af9ca656af840dff83e8264ecf986ca,0x57a7393bd8a2c78a816d041b54a776dcd3de920355dbf493bb2277d8325af57a
95,656.5252917080534,0.34401925285502,0xc109f54175ba9e43df802f458ecb68dceb673b01,2017-11-02T07:08:03.000Z,0.0005239999999999999,0x09e396aca9535fffc68c72f880ab36e252b73a43,sell,0x514910771af9ca656af840dff83e8264ecf986ca,0xfac6b5f0e0f69a342bc91675b08931f77ec353c94b4f698dc6b5f857ce149699
96,4750,2.50087975,0xe64a8bc0caea2908afec497613efffe365535ef2,2017-11-02T07:07:07.000Z,0.000526501,0x09e396aca9535fffc68c72f880ab36e252b73a43,sell,0x514910771af9ca656af840dff83e8264ecf986ca,0x905bbcd6ab600d7b929d00db22fe2310d76aeb73333d474eff7fc8901336fca6
97,3661.906769273128,1.9261629606376653,0x48e7d4016f024710b693dcc544775fa7e041c7ce,2017-11-02T07:07:07.000Z,0.000526,0x09e396aca9535fffc68c72f880ab36e252b73a43,sell,0x514910771af9ca656af840dff83e8264ecf986ca,0xe9373afb550333e83442a11a605162977e1c448808d3d11bf34e7f2258042f94
98,24.95329365037609,0.014198424087063994,0xdc63a830d855f07f3dedddd6ecaaf6b653a33c47,2017-11-02T07:04:49.000Z,0.000569,0x1d5321e125f6c7079a716705541c7b371ca79e69,sell,0x514910771af9ca656af840dff83e8264ecf986ca,0x36b0a156dc556c0e66bdd24aeeba925d30d307b16b9e30965f71fa5db6205184
99,25.028153531327217,0.013703664903007591,0x1d5321e125f6c7079a716705541c7b371ca79e69,2017-11-02T07:04:49.000Z,0.00054753,0x65f403f5ce12908bfa7d8089f54f097e8b686fae,buy,0x514910771af9ca656af840dff83e8264ecf986ca,0x36b0a156dc556c0e66bdd24aeeba925d30d307b16b9e30965f71fa5db6205184
100,1900,1.01859,0x5272cd4dd8b48fcbd85ea40c458840924b0f086e,2017-11-02T06:58:52.000Z,0.0005361,0x6e1801a6c4860f390d485ce43927cf2f140f07e5,sell,0x514910771af9ca656af840dff83e8264ecf986ca,0xdb4396789ecf62b02b60222f09ea90548faa793c1a2393d29cfce65a4c73b569
101,942.22,0.4999984652,0x65f403f5ce12908bfa7d8089f54f097e8b686fae,2017-11-02T06:57:52.000Z,0.00053066,0x530e10078b1a5f33291c93dc3f0da9295d78c593,sell,0x514910771af9ca656af840dff83e8264ecf986ca,0xed26d31c8b0ab883e97ec3e8c2bdf711eebf715d2a03d320603202a51ccaff98
102,2500,1.425,0xdc63a830d855f07f3dedddd6ecaaf6b653a33c47,2017-11-02T06:56:48.000Z,0.00057,0x530e10078b1a5f33291c93dc3f0da9295d78c593,sell,0x514910771af9ca656af840dff83e8264ecf986ca,0xfccb50fd4f89d339a06e64b2f6248b8f065a69b5efb22e741fb743b53cf30f9a
103,1456.5758139856728,0.8274807199252606,0xf4b382491f72e8918c7fe67eccff1af2ecd28119,2017-11-02T06:34:53.000Z,0.0005681,0xb76c22caf4449ca354da2b77779e0d85fabbd31c,buy,0x514910771af9ca656af840dff83e8264ecf986ca,0x376b72b22b84e5b4cc359d30ff4960d49f1527e7fab091bed70e241a26c842fa
104,1480,0.84212,0xdc63a830d855f07f3dedddd6ecaaf6b653a33c47,2017-11-02T06:16:47.000Z,0.000569,0xb76c22caf4449ca354da2b77779e0d85fabbd31c,sell,0x514910771af9ca656af840dff83e8264ecf986ca,0x72d30722b2712eb2c0ae41a648d668560f018b7c57622e23dfbc0f0bd9bb78ab
105,716.6448852124845,0.39917120106335385,0xe54b0049f013ce0e149baf329d41a85496dd69b1,2017-11-02T05:59:22.000Z,0.000557,0x6e1801a6c4860f390d485ce43927cf2f140f07e5,sell,0x514910771af9ca656af840dff83e8264ecf986ca,0x3e82f75d9b57ec72a59a62824cb45600768de8d6c9537a391814375bb58108d8
106,3160.3045495646757,1.801373593251865,0xdc63a830d855f07f3dedddd6ecaaf6b653a33c47,2017-11-02T05:54:50.000Z,0.00057,0x09e396aca9535fffc68c72f880ab36e252b73a43,buy,0x514910771af9ca656af840dff83e8264ecf986ca,0x072b48561e85c052ce5324b85c7c6d280f9609ad29705062f89bed3017679512
107,2030.7727778922426,1.1727712792327702,0xdc63a830d855f07f3dedddd6ecaaf6b653a33c47,2017-11-02T05:53:10.000Z,0.0005775,0x26a012ea3da1fdd169141ace048143fd0a45e509,buy,0x514910771af9ca656af840dff83e8264ecf986ca,0xaf5d229c44ef19da6763317a0e7e7a0de1b0a62c7e7b68c69bb11d85b78d678f
108,5000,2.875,0xdc63a830d855f07f3dedddd6ecaaf6b653a33c47,2017-11-02T05:53:10.000Z,0.000575,0x6e1801a6c4860f390d485ce43927cf2f140f07e5,buy,0x514910771af9ca656af840dff83e8264ecf986ca,0x7804ca36c701a9d671719221c6ad4bafc63d3b17f315eb1cbcd4a56f687fa6a8
109,2346.174,1.3455774778626,0xdc63a830d855f07f3dedddd6ecaaf6b653a33c47,2017-11-02T05:53:10.000Z,0.0005735199,0x3e4f6ab2d787830f338decf92b9f8ba4e597c00b,buy,0x514910771af9ca656af840dff83e8264ecf986ca,0x2ba18dd41beda3a177510a3b9a63eb8134bccda83349c8dda826885303a16139
110,4948.704695447519,2.8207616764050862,0xdc63a830d855f07f3dedddd6ecaaf6b653a33c47,2017-11-02T05:51:24.000Z,0.00057,0xb76c22caf4449ca354da2b77779e0d85fabbd31c,buy,0x514910771af9ca656af840dff83e8264ecf986ca,0x2af10765ec3154bc4b1572b11d5d027daa1429e0a9116f70ba6b00e66d503dbd
111,630.0932307268722,0.33142903936233475,0x48e7d4016f024710b693dcc544775fa7e041c7ce,2017-11-02T05:45:09.000Z,0.000526,0xe6c92b9517a451e6479f307dc15998be0d221dab,sell,0x514910771af9ca656af840dff83e8264ecf986ca,0xf4fad904e59d81ca6576313ba01e7061b44d0e769bdec8739c06a6ee7c46ceaa
112,400,0.222,0x8fd2515a5b29e61220ee080d484d1f2ea4c46e6b,2017-11-02T05:33:38.000Z,0.000555,0x6e1801a6c4860f390d485ce43927cf2f140f07e5,sell,0x514910771af9ca656af840dff83e8264ecf986ca,0xb3f9a804c1fde69a1ae612cf575e10c4d8cb9aabe5c32d46996329d6af01a870
113,687.605,0.38230838,0x04f487bdc9e981b9d1d95dd4c440fcd270667bd3,2017-11-02T05:31:49.000Z,0.000556,0x6e1801a6c4860f390d485ce43927cf2f140f07e5,sell,0x514910771af9ca656af840dff83e8264ecf986ca,0x63a883e2888483e635f72e02f6e6525f31c7e0049591efb28f62b25587ebf192
114,419.1225868876118,0.2682384556080716,0x3c53a3d8c2e6202b1e097217d55516dee02172f6,2017-11-02T05:30:38.000Z,0.00064,0xa077c5ac99fa4f927b26db5006e78bfa4fce1480,buy,0x514910771af9ca656af840dff83e8264ecf986ca,0xe6e3aa513fd7f4ebdc73b1435c6ae3a3dfb046ebeae2be3c78dee8e5c8847a26
115,99,0.05643,0x3ddcd68862a6bfa94130706a975f4baba061e547,2017-11-02T04:59:43.000Z,0.00057,0xb76c22caf4449ca354da2b77779e0d85fabbd31c,buy,0x514910771af9ca656af840dff83e8264ecf986ca,0x3c9b1f621d9818967756cd90aa94edc590d7de78169ec47dc650a4a0d6894dd1
116,100,0.057,0xcd2356d69f7de4c1f84f33d9effde212e2b2c9ac,2017-11-02T04:41:46.000Z,0.00057,0xb76c22caf4449ca354da2b77779e0d85fabbd31c,buy,0x514910771af9ca656af840dff83e8264ecf986ca,0xd0780274ae165752870470f41abeed60035d4f10466ae3d2a7a66776c7a9a3bf
117,4.721225801374785,0.002596674190756131,0xcd2356d69f7de4c1f84f33d9effde212e2b2c9ac,2017-11-02T04:36:23.000Z,0.0005499999999999999,0xb320ffa395e8429be67732b4ff0c80bc86e9e70d,sell,0x514910771af9ca656af840dff83e8264ecf986ca,0x3fab730c862ba394d1d6c3eaac4d3271c3ac5b0cad1ebe9c7bbf03baab1dafeb
118,472.2953045524807,0.269208323594914,0x67d04b7431593a7a43c4db147a4d075ff97f19ed,2017-11-02T04:34:01.000Z,0.00057,0xb76c22caf4449ca354da2b77779e0d85fabbd31c,buy,0x514910771af9ca656af840dff83e8264ecf986ca,0xa342886c2b79ff34f2f2624a1552f809b2e7a1832faa34cfa46f221c63e953e7
119,0.146,0.00007884,0x9cf1e2584712cf3dd5532bcb18591100eaface48,2017-11-02T03:39:25.000Z,0.00054,0x3c04897fa5b4be309e92f4aa20cfea6b4ed77fdb,sell,0x514910771af9ca656af840dff83e8264ecf986ca,0x812579e2b9c9698f4ef37386e00d5dabe927124a1c67a5118750ed2cd0251c04
120,1464.8966931614955,0.7500271068986857,0x335c0552eb130f3dfbe6efcb4d2895aed1e9938b,2017-11-02T03:34:40.000Z,0.000512,0x3c04897fa5b4be309e92f4aa20cfea6b4ed77fdb,sell,0x514910771af9ca656af840dff83e8264ecf986ca,0xa1c62d543b3c78983bb5ef1137bab88af2b8012f05017ef5b0477ad1a3f9888a
121,109.21144452198186,0.0589741800418702,0x9cf1e2584712cf3dd5532bcb18591100eaface48,2017-11-02T02:58:02.000Z,0.00054,0x9cbe6dde0c603fee6dd45dda86fa6dfb33f6dd37,sell,0x514910771af9ca656af840dff83e8264ecf986ca,0xf3425ed2fdae71cc07632bb0918fb657c13d93d792564eb2b4247a5e90c0e08f
122,150,0.081,0x9cf1e2584712cf3dd5532bcb18591100eaface48,2017-11-02T02:56:29.000Z,0.00054,0x9cbe6dde0c603fee6dd45dda86fa6dfb33f6dd37,sell,0x514910771af9ca656af840dff83e8264ecf986ca,0x5871e3f29e446d748c6cdb95de370ac4c357aab5fa09a8ac95a8b51e541ecdfc
123,3482.8258033596244,1.9974699064602315,0x215c1d2c336006013cb95f59f73f61837f5fb61b,2017-11-02T02:52:28.000Z,0.0005735199,0x3e4f6ab2d787830f338decf92b9f8ba4e597c00b,buy,0x514910771af9ca656af840dff83e8264ecf986ca,0x56ef7497c85784f3bca212aeed6763906936c13ced77132e946dcfcea8700dc2
124,1795.187,1.0234781160758,0x215c1d2c336006013cb95f59f73f61837f5fb61b,2017-11-02T02:51:45.000Z,0.0005701234,0x98b8f889dbe2b5c4c5879f65e13b24012f2afdce,buy,0x514910771af9ca656af840dff83e8264ecf986ca,0x1dd5cdadc81e5e3eac85a8694d884fa2da6169fe56c10e56770c9c9cf6eae6f0
125,902.38,0.508446011,0x215c1d2c336006013cb95f59f73f61837f5fb61b,2017-11-02T02:51:06.000Z,0.00056345,0x65f403f5ce12908bfa7d8089f54f097e8b686fae,buy,0x514910771af9ca656af840dff83e8264ecf986ca,0x8aa776e5c385842e6e2c83bab51c95119649a1aa1426963ad722815d06663b6d
126,200,0.11470398,0xbe81618cf71d920f06f37feb0afd41912d9a2e1c,2017-11-02T02:29:30.000Z,0.0005735199,0x3e4f6ab2d787830f338decf92b9f8ba4e597c00b,buy,0x514910771af9ca656af840dff83e8264ecf986ca,0xce983406181b096be676fa95b7f8260daa4f78cfc57860fceb94a44be2d9a5da
127,902.38,0.4999997342,0x65f403f5ce12908bfa7d8089f54f097e8b686fae,2017-11-02T02:29:30.000Z,0.00055409,0x98b8f889dbe2b5c4c5879f65e13b24012f2afdce,sell,0x514910771af9ca656af840dff83e8264ecf986ca,0xbb91cd606fa1985123922853afe93dd1cde188af4058c37f9227f6d0d8afd7ba
128,1900,1.048686,0x6bd48938b9f9dd02ee3d6dccd0379ddf0af22d38,2017-11-02T02:28:18.000Z,0.00055194,0x98b8f889dbe2b5c4c5879f65e13b24012f2afdce,sell,0x514910771af9ca656af840dff83e8264ecf986ca,0xc74ce10b5a73c98323f7c3cab6a4b1838cfc3414532d276f6e7d3c82db8ad00a
129,4290,2.35521,0x6e1801a6c4860f390d485ce43927cf2f140f07e5,2017-11-02T02:16:14.000Z,0.000549,0xdba99e132e78f745c0993ed4ed5be5a53f898689,buy,0x514910771af9ca656af840dff83e8264ecf986ca,0x430d378e0d3662c0eb7d42b7afbe1ca02a8d57d756ef2fef936f52eeac3bbb67
130,3338.76380340462,1.819626272855518,0x215c1d2c336006013cb95f59f73f61837f5fb61b,2017-11-02T02:11:37.000Z,0.000545,0x6e1801a6c4860f390d485ce43927cf2f140f07e5,buy,0x514910771af9ca656af840dff83e8264ecf986ca,0xe14a4895b8a578b948b794379a3b1347cf573873712e13adf6c9c23a0d2e59a9
131,1187.059526542882,0.6042132990103269,0x3e4f6ab2d787830f338decf92b9f8ba4e597c00b,2017-11-02T02:10:41.000Z,0.000509,0xc6e297e5f2e0c4a2167ae5c3bc53dcf008e78537,sell,0x514910771af9ca656af840dff83e8264ecf986ca,0xc5d8ffb80c20f8157fc3e5caf2e305b6b1713b167e06ce111ea2c2f1be912bb5
132,1800,0.936,0x4036f4d6b6c7bc545a96bbb5af305945bb6f2c34,2017-11-02T02:08:02.000Z,0.00052,0xc6e297e5f2e0c4a2167ae5c3bc53dcf008e78537,sell,0x514910771af9ca656af840dff83e8264ecf986ca,0xa85bf3305d8545952c2b6e43401fe7eed8b99072963e41b1b2e58d1990e16aef
133,2000,1.02,0xf1791651f3a2a0a94f068ae122675aab7e434866,2017-11-02T02:06:00.000Z,0.00051,0xc6e297e5f2e0c4a2167ae5c3bc53dcf008e78537,sell,0x514910771af9ca656af840dff83e8264ecf986ca,0x557e25502606080a1786a9be1437f4273d1a6d042db48e7d7f8ced20a52967a0
134,2700,1.4823,0x215c1d2c336006013cb95f59f73f61837f5fb61b,2017-11-02T02:04:28.000Z,0.000549,0xdba99e132e78f745c0993ed4ed5be5a53f898689,buy,0x514910771af9ca656af840dff83e8264ecf986ca,0x1eb0661d88f9ef313589766e10184e1555780e69efbdc8bf86de3ec6ab0e0212
135,911.287,0.49649649621,0x215c1d2c336006013cb95f59f73f61837f5fb61b,2017-11-02T02:03:40.000Z,0.00054483,0x65f403f5ce12908bfa7d8089f54f097e8b686fae,buy,0x514910771af9ca656af840dff83e8264ecf986ca,0x2d249d235cabf162e729b5a931a7f42300cca4a97f17a8b9482f1e3989a5d3f2
136,1800,0.954,0x4036f4d6b6c7bc545a96bbb5af305945bb6f2c34,2017-11-02T01:58:23.000Z,0.00053,0x6e1801a6c4860f390d485ce43927cf2f140f07e5,sell,0x514910771af9ca656af840dff83e8264ecf986ca,0x20296f67420b3a19563310bfe3605e6ae10e93328146f26a5746d7845c1f685f
137,1800,0.99,0x4036f4d6b6c7bc545a96bbb5af305945bb6f2c34,2017-11-02T01:48:17.000Z,0.00055,0x6e1801a6c4860f390d485ce43927cf2f140f07e5,sell,0x514910771af9ca656af840dff83e8264ecf986ca,0x845b5a591323cc7e7e6fd47a48232c1bd8383f13a293c71552ab2db530626424
138,3845,1.9994,0xbf63a2401fa4dbd404562f456fe9d99b104eac0b,2017-11-02T01:48:05.000Z,0.00052,0x6e1801a6c4860f390d485ce43927cf2f140f07e5,sell,0x514910771af9ca656af840dff83e8264ecf986ca,0x419a43938957abd3b26ff4e17872ef1cc0bae37babb571a85cbbe2ae9750cb9d
139,2084.6117037184727,1.0756596391187319,0xcc40cdfb5edb42857b82be974b690bbe71cc0eb8,2017-11-02T01:28:23.000Z,0.000516,0xf265ea52425ab346ea0ce2da92031246bde9931b,sell,0x514910771af9ca656af840dff83e8264ecf986ca,0x98c208f2f7bc3f3086977309ca7eebe23b24888594519a18b5fba15c943330f6
140,250,0.13625,0xa8bbd768ae1bae2e29e3cea581e4d21b30727e17,2017-11-02T01:28:02.000Z,0.000545,0xf265ea52425ab346ea0ce2da92031246bde9931b,sell,0x514910771af9ca656af840dff83e8264ecf986ca,0x24a370ce6ec46b7af03d5468e67ad584b5ad83aedebacc6a6c1ce42ee480e7d9
141,2860.5446874700892,1.465585767901863,0xbc0945c667fadc26b9bf39e586b15eeb901e7d1c,2017-11-02T01:27:39.000Z,0.000512345,0xf265ea52425ab346ea0ce2da92031246bde9931b,sell,0x514910771af9ca656af840dff83e8264ecf986ca,0x0071ab71d332ce20e9d05a369bfb602433118a8c20bcd714cb315bf136d5d9c6
142,2694.965,1.3892544575,0x105d1fea56008e7d6f13f6f5b29cf278589526eb,2017-11-02T01:27:39.000Z,0.0005155,0xf265ea52425ab346ea0ce2da92031246bde9931b,sell,0x514910771af9ca656af840dff83e8264ecf986ca,0xce6d9933bcd0a74ca7442da39ffd236b987d352366c33a9a43dbce139d227b95
143,39.622,0.02099966,0x6807cc3ead56cc0e19ab70b58d82136ff5c58eea,2017-11-02T01:27:28.000Z,0.00053,0xf265ea52425ab346ea0ce2da92031246bde9931b,sell,0x514910771af9ca656af840dff83e8264ecf986ca,0x5e0cab8ebf9159ec4fdb6e1097a348cce487673a6afce8ec8d344404b1415896
144,3315.3882962815273,1.7107403608812681,0xcc40cdfb5edb42857b82be974b690bbe71cc0eb8,2017-11-02T01:26:47.000Z,0.000516,0xe41ba7cfb98a58305596d551a87d37960f5f532a,sell,0x514910771af9ca656af840dff83e8264ecf986ca,0xeeb0b42d6776960ba55d702ff92ce6fcff42a34477b91e28b9af0d31f4a74853
145,71.56091887798601,0.038642896194112444,0x9e9a2d805dd5fec393fc093b25eb43f7023dd543,2017-11-02T01:26:47.000Z,0.00054,0xf265ea52425ab346ea0ce2da92031246bde9931b,sell,0x514910771af9ca656af840dff83e8264ecf986ca,0xe50e7b2bb67bdea5884566c1f62a1b52c2f1af98e9b28f47453e31bcc9c39bc8
146,0.000000000171632297,0.000000000000088476,0x105d1fea56008e7d6f13f6f5b29cf278589526eb,2017-11-02T01:23:59.000Z,0.0005154973833392208,0xe41ba7cfb98a58305596d551a87d37960f5f532a,sell,0x514910771af9ca656af840dff83e8264ecf986ca,0xbaf62211821c0de21cb7e32b3a61bc62d924f0495de0303deeab9971e12dc78c
147,0.000001721643568858,0.000000000887507259,0x105d1fea56008e7d6f13f6f5b29cf278589526eb,2017-11-02T01:21:10.000Z,0.0005154999995665195,0xe41ba7cfb98a58305596d551a87d37960f5f532a,sell,0x514910771af9ca656af840dff83e8264ecf986ca,0x211f51f87a169820f97aa5eef268f587bee6ad6e13d29ba5d683f334a19385dd
148,0.0172698066392098,0.000008902585322512,0x105d1fea56008e7d6f13f6f5b29cf278589526eb,2017-11-02T01:19:41.000Z,0.0005154999999999623,0xe41ba7cfb98a58305596d551a87d37960f5f532a,sell,0x514910771af9ca656af840dff83e8264ecf986ca,0x9f93836de6d5218e211507c148ae01e18b46e12caef055182c729749345902e7
149,200,0.110786,0xd607d781a1d4eccdb45101b9e9c11777b438c9da,2017-11-02T01:19:20.000Z,0.00055393,0x65f403f5ce12908bfa7d8089f54f097e8b686fae,buy,0x514910771af9ca656af840dff83e8264ecf986ca,0xa117bd02ae50b002fdbf0fe808d4edb938fd7929a21874070235b9339068662b
150,305.0175559344936,0.15723655008423146,0x105d1fea56008e7d6f13f6f5b29cf278589526eb,2017-11-02T01:17:11.000Z,0.0005155,0xf751033d4e6864a88be93e36258246f26aef577c,sell,0x514910771af9ca656af840dff83e8264ecf986ca,0x7fa9920252ca9cef2cfe27416a818944e2e194cbaccbcccf277b6a6f0c2c5a79
151,324.784,0.18350296,0xd33e0d4e8eb5fb98b04bad1bddb7060c29c1eb0e,2017-11-02T01:15:12.000Z,0.000565,0xf01bddaf7a9dc5f7382a9385aba23d546ee8f5ff,buy,0x514910771af9ca656af840dff83e8264ecf986ca,0x9e1be71b6eec49d39ec3a1874d113301e80a7f02fdeadd56f0dc4096279342fc
152,100,0.05361,0x009516e639bafbe64cba7c641d105b2ccb966288,2017-11-02T01:15:01.000Z,0.0005361,0xf751033d4e6864a88be93e36258246f26aef577c,sell,0x514910771af9ca656af840dff83e8264ecf986ca,0xb9ec0518902389b995cf45ef7402802a504719af82a274f682ee43152022c18c
153,580,0.29986,0x67f5b5d5171b719b256bed3be30e5687a59f24d9,2017-11-02T01:12:18.000Z,0.000517,0xf751033d4e6864a88be93e36258246f26aef577c,sell,0x514910771af9ca656af840dff83e8264ecf986ca,0x7e040ffaea515e854ca6ee7922d32a2ce033590686e7caef9c739ce0b6ae3e27
154,2000,1.03111,0xb742b2e0489bfcb82e70d8a462434be7a93937d1,2017-11-02T01:12:18.000Z,0.000515555,0xf751033d4e6864a88be93e36258246f26aef577c,sell,0x514910771af9ca656af840dff83e8264ecf986ca,0xe887ba642e80ee005b2d556fc6e13e9b04c42c56c264535648a3002006afd407
155,2000,1.0332,0x3dee4a4e076e8d82859d241db0baf46f112cfa23,2017-11-02T01:12:18.000Z,0.0005166,0xf751033d4e6864a88be93e36258246f26aef577c,sell,0x514910771af9ca656af840dff83e8264ecf986ca,0xda1185d052410769c1d87b1cd0a59edbbff43353eb30cdfb188a9120a51dc33e
156,174.477,0.093519672,0x5272cd4dd8b48fcbd85ea40c458840924b0f086e,2017-11-02T01:11:28.000Z,0.000536,0x6e1801a6c4860f390d485ce43927cf2f140f07e5,sell,0x514910771af9ca656af840dff83e8264ecf986ca,0x031e7bc90ce57c2540557ddc63c0311d5c00decd832186f1295ea54f4085f1d5
157,2500,1.3,0xec9d8fa7084bed82ed45171fb9f33ed8c723d162,2017-11-02T01:11:20.000Z,0.00052,0x6e1801a6c4860f390d485ce43927cf2f140f07e5,sell,0x514910771af9ca656af840dff83e8264ecf986ca,0xba517c39c3aa4304619e3d0a69fcaca9cf20a55c7d8ae1f27f760b3397d605db
158,187,0.10004687,0xd92ce5941305b7cf1e5cc5713b93db2b651a4fdf,2017-11-02T01:11:20.000Z,0.00053501,0x6e1801a6c4860f390d485ce43927cf2f140f07e5,sell,0x514910771af9ca656af840dff83e8264ecf986ca,0x79b84bf2d45ea62ccdccd26d3e9a3eb56f2e5217507d3d97a4c32b7043472ac9
159,3000,1.5675,0x105d1fea56008e7d6f13f6f5b29cf278589526eb,2017-11-02T01:11:12.000Z,0.0005225,0x6e1801a6c4860f390d485ce43927cf2f140f07e5,sell,0x514910771af9ca656af840dff83e8264ecf986ca,0xc296314e7d0959dcebc64491dce68b974cb64e05a18779de20b412a33f3a6627
160,1255.5619982681999,0.659797830089939,0x9806009bc75e8eb1f580ab1034e20f74600f36fb,2017-11-02T01:08:40.000Z,0.0005255,0x6e1801a6c4860f390d485ce43927cf2f140f07e5,sell,0x514910771af9ca656af840dff83e8264ecf986ca,0x775b245a48629ac70e79345b09e3d4a1c831e9f27d588d01ef6d005f96ae9686
161,500,0.265,0x45bf821edd049a39549c2637eab76832d8cb4f96,2017-11-02T01:08:40.000Z,0.00053,0x6e1801a6c4860f390d485ce43927cf2f140f07e5,sell,0x514910771af9ca656af840dff83e8264ecf986ca,0x54695c56f6b897f697fddddb4e61d678f8d50e1c5c1da8cc9669123d3483f50d
162,2489.9118084687375,1.333347773435009,0x7ada595235d2de38c7841232f0e45bcbba534426,2017-11-02T01:07:37.000Z,0.0005355,0x98b8f889dbe2b5c4c5879f65e13b24012f2afdce,sell,0x514910771af9ca656af840dff83e8264ecf986ca,0xf5b6212d1e30770178263a0144ac69c50e90c723562945b709436598372a7a7f
163,4178.100636859869,2.2373728910384596,0x7ada595235d2de38c7841232f0e45bcbba534426,2017-11-02T01:02:51.000Z,0.0005355,0x71014d0b1e6f11594d91e59bbbbbb658659dfc78,sell,0x514910771af9ca656af840dff83e8264ecf986ca,0x78b7fe7430bd6e98df86127e1709460a013bdc11326ac9a4fd7de3a82d2e125a
164,3984.148854641486,2.133511711660516,0x7ada595235d2de38c7841232f0e45bcbba534426,2017-11-02T01:02:51.000Z,0.0005355,0x1d1d215fa73293aa50bac6d603fbd3fe784129c8,sell,0x514910771af9ca656af840dff83e8264ecf986ca,0xd82054dd22bc50e0db565dba6bb24b99123c2543439bbbe79b7cd45ab47c5387
165,1200,0.6444,0x68dc5e34a27d1653e1dbab77f73d74ce7a29199c,2017-11-02T01:01:54.000Z,0.000537,0x1d1d215fa73293aa50bac6d603fbd3fe784129c8,sell,0x514910771af9ca656af840dff83e8264ecf986ca,0x43874bf76ed70e653e11cf2b29980b5d5e1e1c9a8ab49a526ce883c72302efa2
166,0.000000000000001357,0,0x81e6b15acf463ca72c4dd9aebee375305b06e20e,2017-11-02T00:50:05.000Z,0,0x6e1801a6c4860f390d485ce43927cf2f140f07e5,sell,0x514910771af9ca656af840dff83e8264ecf986ca,0x92f4b5d2e85c1529e0d04e811744890997fa560b625e184297a673cca567dfb8
167,527.4883413437624,0.2848437043256317,0x9e9a2d805dd5fec393fc093b25eb43f7023dd543,2017-11-02T00:45:00.000Z,0.00054,0x71014d0b1e6f11594d91e59bbbbbb658659dfc78,sell,0x514910771af9ca656af840dff83e8264ecf986ca,0x7593b5c88373e6be31f362c52b93b0bcdea482820ea24def30df617995bfda43
168,800,0.432,0x7aaa1c7d5465e6eb3d1fe3712e5b92728595f14a,2017-11-02T00:43:46.000Z,0.00054,0x71014d0b1e6f11594d91e59bbbbbb658659dfc78,sell,0x514910771af9ca656af840dff83e8264ecf986ca,0x2b462df8bd9ac9e8b8f71bc6920b2a9e10a45edd0cdf13799316c268bc3b2cbc
169,400.9507397782516,0.21651339948025586,0x9e9a2d805dd5fec393fc093b25eb43f7023dd543,2017-11-02T00:38:52.000Z,0.00054,0x85fb3bc0502d23f2f48662498daac671dea8b756,sell,0x514910771af9ca656af840dff83e8264ecf986ca,0x318f14642b3c74430089b0ddcfc09171ebd27efe2fec290ca8a2b2bc121fb361
170,1815,0.99825,0x887425c514634716eb15ec18942fe67a1764bb5f,2017-11-02T00:19:33.000Z,0.00055,0x71014d0b1e6f11594d91e59bbbbbb658659dfc78,sell,0x514910771af9ca656af840dff83e8264ecf986ca,0x4035ad5e39fd6ec47d9b886c8d42fb6119ee3c46a2b1d8d31b615066adac7272
171,95.9326971344584,0.05420197388096899,0x07f288edb432ccc6d5fda16dfc5c68149f9df076,2017-11-01T23:49:45.000Z,0.000565,0xf01bddaf7a9dc5f7382a9385aba23d546ee8f5ff,buy,0x514910771af9ca656af840dff83e8264ecf986ca,0x18a98a609ecc8835d0e695f1fbc591704aa4f872e88fce7978f6124b08eff22a
172,413.71747582494265,0.22344880869305153,0xf01bddaf7a9dc5f7382a9385aba23d546ee8f5ff,2017-11-01T22:57:05.000Z,0.0005401,0xd3428571731b8769fb2578efe7fc70e111232497,sell,0x514910771af9ca656af840dff83e8264ecf986ca,0x71452bc6e2ac7bb1e3e40a91760789dfbf88f538a10882987b8ac82c44ad0be1
173,7,0.0037807,0xf01bddaf7a9dc5f7382a9385aba23d546ee8f5ff,2017-11-01T22:55:01.000Z,0.0005401,0xf155eac36ea8e082bdcd673c58608d6f02e4225c,sell,0x514910771af9ca656af840dff83e8264ecf986ca,0x2e55234e3cc5948e5e3f68f78573d791a946bb7d169bee2fd331d7c6adc25ed3
174,320,0.1823872,0xc2159dc53cb33b257db5fbcefd4b16b67497b764,2017-11-01T22:50:03.000Z,0.00056996,0x65f403f5ce12908bfa7d8089f54f097e8b686fae,buy,0x514910771af9ca656af840dff83e8264ecf986ca,0x32ec3c6aaf348b0539febc9f65553557042997259bb09a90e8778d39cf764702
175,17900,9.94345,0x23243c99d4c62c0fa06cb9a76e173a443de20a1c,2017-11-01T22:29:19.000Z,0.0005555,0x09e396aca9535fffc68c72f880ab36e252b73a43,sell,0x514910771af9ca656af840dff83e8264ecf986ca,0x01eff940c00aeca6b4a5be0efac76391095236501842d037ffc827ff6645645a
176,600,0.336,0x1d1d215fa73293aa50bac6d603fbd3fe784129c8,2017-11-01T22:01:43.000Z,0.00056,0xb79ae9c590c31c10730895fd6efd17a31413073a,buy,0x514910771af9ca656af840dff83e8264ecf986ca,0xb21a47d9c4c7c99d90b8a2d19285680153a32ced385a046d93b01739914e13b6
177,4600,2.55553,0x1d1d215fa73293aa50bac6d603fbd3fe784129c8,2017-11-01T22:01:35.000Z,0.00055555,0x09e396aca9535fffc68c72f880ab36e252b73a43,buy,0x514910771af9ca656af840dff83e8264ecf986ca,0x2f251f89bafef7f2c710a892d7285ba056ee57d5e6abf936ad91f587e3495dbc
178,533.3466254610706,0.28884453195095205,0x65f403f5ce12908bfa7d8089f54f097e8b686fae,2017-11-01T21:58:40.000Z,0.00054157,0x9f7114925d825fc2505d5c98aa1b4637d91d0087,sell,0x514910771af9ca656af840dff83e8264ecf986ca,0xc43e05473e64da3c9b59492fe5f819a052a4868389eb7298e2d5a6d1571cf90f
179,400,0.22222,0x9339b2877465325580f0b03ad861e1f1ac3246bb,2017-11-01T21:53:41.000Z,0.00055555,0x09e396aca9535fffc68c72f880ab36e252b73a43,buy,0x514910771af9ca656af840dff83e8264ecf986ca,0x103bc92b9c394b51fbb525029d1a9ec044a118c19c3d1d79c451695f99f26734
180,212.731,0.117852974,0x3ab74c323b11a54330df8cd4b1ca3b56c637b8c7,2017-11-01T21:48:30.000Z,0.000554,0xf01bddaf7a9dc5f7382a9385aba23d546ee8f5ff,buy,0x514910771af9ca656af840dff83e8264ecf986ca,0x76886880c3e6e79b77e36a6f52f9ac30c709e9c22c381e9762ada465756ceffb
181,4828.193613871537,2.6767505395303806,0x3ab74c323b11a54330df8cd4b1ca3b56c637b8c7,2017-11-01T21:36:22.000Z,0.0005544,0x26a012ea3da1fdd169141ace048143fd0a45e509,buy,0x514910771af9ca656af840dff83e8264ecf986ca,0x75863b2185a9eb2476539ff54972a86e2cd910db1c6c731629fa158c3ba8b37c
182,171.80638612846226,0.09524946046961948,0xd0b8c90fde8397f542d05437503cd4561444bb9b,2017-11-01T21:28:51.000Z,0.0005544,0x26a012ea3da1fdd169141ace048143fd0a45e509,buy,0x514910771af9ca656af840dff83e8264ecf986ca,0x46c54605582ee36e1c185f2cfc56678810668065e10bc89a688978f2783a4906
183,3000,1.6548297,0xc90f44d6c1bc0633d2bbba661f85062645aa0207,2017-11-01T21:23:39.000Z,0.0005516099,0x3e4f6ab2d787830f338decf92b9f8ba4e597c00b,buy,0x514910771af9ca656af840dff83e8264ecf986ca,0xf8060c956a2cbf2e35d3f8f7c200de38bf3a2345265f486e9fa9723409487f38
184,1787.2683797878947,0.9810316136655753,0x608f1d57e0ccea6a7ccf5f2d3a129d3c650c8050,2017-11-01T21:23:39.000Z,0.0005489,0xf01bddaf7a9dc5f7382a9385aba23d546ee8f5ff,buy,0x514910771af9ca656af840dff83e8264ecf986ca,0x8d800c5b38b810d48f5f899134b3c1e09ba34174eb7e66a418032fa4aa2edaa0
185,300,0.16467,0x6807cc3ead56cc0e19ab70b58d82136ff5c58eea,2017-11-01T21:15:10.000Z,0.0005489,0xf01bddaf7a9dc5f7382a9385aba23d546ee8f5ff,buy,0x514910771af9ca656af840dff83e8264ecf986ca,0x12431a3d8df54e2909533493619d29bf9ab457f5e5cffbecf531e12c24e1244d
186,911.749,0.49920992997,0x9b5c533d9fb52df389a46371ae3b72141d301f5a,2017-11-01T21:11:13.000Z,0.00054753,0x65f403f5ce12908bfa7d8089f54f097e8b686fae,buy,0x514910771af9ca656af840dff83e8264ecf986ca,0xdede75ddd29f7571cfa254bdd75f4f27820a6c7d6973c58a78b29b65352a502b
187,5500,2.9535,0xf71efd8a6cfdc9fbe4acce580d67e934d1f2d2c5,2017-11-01T21:03:42.000Z,0.000537,0x09e396aca9535fffc68c72f880ab36e252b73a43,sell,0x514910771af9ca656af840dff83e8264ecf986ca,0x4978fa7a1abc7e5354e6b4b6c9f95f9111911d891be19db282983bedbcfa9f02
188,2447.838700029907,1.3108176238660154,0x7ada595235d2de38c7841232f0e45bcbba534426,2017-11-01T21:02:15.000Z,0.0005355,0x704fe550cd612c1c4a0b8656e072a9fb168900da,sell,0x514910771af9ca656af840dff83e8264ecf986ca,0x5feb3333be486dcca651582c326edec48164c1b58c801a7e6e1f406c75ddedcf
189,0.3583329679724654,0.000191923137646052,0xc852e583b197a0d5bcfaecc72dcc8d47aa2762c8,2017-11-01T20:59:04.000Z,0.0005355999999999987,0x2d9604dab23952613dfda0504ab714e1cbedb5be,sell,0x514910771af9ca656af840dff83e8264ecf986ca,0xdee312bef843d69bfe418793f9967cbe420a34bb95a26b63f866ca81fa0d5804
190,3594.4380017318003,1.888877169910061,0x9806009bc75e8eb1f580ab1034e20f74600f36fb,2017-11-01T20:48:48.000Z,0.0005255,0x2d9604dab23952613dfda0504ab714e1cbedb5be,sell,0x514910771af9ca656af840dff83e8264ecf986ca,0xa8b3b545b20be6d1e5e37daefe4cb5fb264d44229463c4fb0544221e2b7f5898
191,1600,0.848,0xf01bddaf7a9dc5f7382a9385aba23d546ee8f5ff,2017-11-01T20:47:42.000Z,0.00053,0x7fba7f24df8611260c175e49204e4439e8931878,buy,0x514910771af9ca656af840dff83e8264ecf986ca,0xc80333b305b088a329593246a55dd42de27cda3b1e590e98e5c895a1540a64e2
192,800,0.4448,0x9b5c533d9fb52df389a46371ae3b72141d301f5a,2017-11-01T20:43:56.000Z,0.000556,0xf01bddaf7a9dc5f7382a9385aba23d546ee8f5ff,buy,0x514910771af9ca656af840dff83e8264ecf986ca,0x40faa859572c610dbec17bd779c3e284941ab9144694b46682b3a2d810aa8591
193,250,0.13505,0xc297ce89eb439223c078dc3f8f89d886de014e52,2017-11-01T20:37:49.000Z,0.0005402,0x3e4f6ab2d787830f338decf92b9f8ba4e597c00b,sell,0x514910771af9ca656af840dff83e8264ecf986ca,0x2415a34405871fa8b80f04f4674bcc62de93aaf1aca63c32c1fdd57e17bce02a
194,50,0.027,0x73ca63db611015808aacd9fe7d5499b97095a2d5,2017-11-01T20:37:49.000Z,0.00054,0x3e4f6ab2d787830f338decf92b9f8ba4e597c00b,sell,0x514910771af9ca656af840dff83e8264ecf986ca,0x8336dc5e7707efbb66dd465e78854ff213ff4654b85b4fe280898bfb4bb42f28
195,5000,2.67875,0x26a012ea3da1fdd169141ace048143fd0a45e509,2017-11-01T20:35:48.000Z,0.00053575,0x3e4f6ab2d787830f338decf92b9f8ba4e597c00b,sell,0x514910771af9ca656af840dff83e8264ecf986ca,0xc201cc001bd9eeb4afadd0831824c0d353a58db368c54f8b01a119d63a1b7260
196,186,0.10047906,0xd92ce5941305b7cf1e5cc5713b93db2b651a4fdf,2017-11-01T20:34:29.000Z,0.00054021,0x3e4f6ab2d787830f338decf92b9f8ba4e597c00b,sell,0x514910771af9ca656af840dff83e8264ecf986ca,0x2d0868d720a2ae435ac8bab0b98ada1b4453d66e15371929c795ea8f84242693
197,423.44988866948563,0.22870528487038919,0xf01bddaf7a9dc5f7382a9385aba23d546ee8f5ff,2017-11-01T19:55:52.000Z,0.0005401,0xfa5fa740a3b9bf6f7ac1b99e0addf3ca536ba9a3,sell,0x514910771af9ca656af840dff83e8264ecf986ca,0xb6cb19fa4857ccb2471db5de23b4bc82012a8760ba698f0bbee12b36ed6ef7e4
198,250,0.14425,0xf457e1a5e3fc2512a9075d2facd3b960dfc7daae,2017-11-01T19:53:30.000Z,0.000577,0x09e396aca9535fffc68c72f880ab36e252b73a43,sell,0x514910771af9ca656af840dff83e8264ecf986ca,0x6612921a349a254229a401766ef4224925ecf4452f8943c5e9e18b9c0d169bf2
199,0.702,0.0004050539298,0x1d5321e125f6c7079a716705541c7b371ca79e69,2017-11-01T19:51:19.000Z,0.0005769999,0x3e4f6ab2d787830f338decf92b9f8ba4e597c00b,buy,0x514910771af9ca656af840dff83e8264ecf986ca,0xb2248ee9a7fad462bcadbc435712b0bad59dbdc1abb2dbe08a74b783402caadf
200,0.6999002991026919,0.000420640079760717,0x7aaa1c7d5465e6eb3d1fe3712e5b92728595f14a,2017-11-01T19:51:19.000Z,0.0006009999999999988,0x1d5321e125f6c7079a716705541c7b371ca79e69,sell,0x514910771af9ca656af840dff83e8264ecf986ca,0xb2248ee9a7fad462bcadbc435712b0bad59dbdc1abb2dbe08a74b783402caadf
201,894.44,0.5000009044,0x65f403f5ce12908bfa7d8089f54f097e8b686fae,2017-11-01T19:49:13.000Z,0.00055901,0x09e396aca9535fffc68c72f880ab36e252b73a43,sell,0x514910771af9ca656af840dff83e8264ecf986ca,0xad072675e70459b8da954ab21c01acfd18dae8c60cce7010190788c233cabbcc
202,10000,5.57,0x130c559eb1d1d8a6cc8b6049c2190527a9987102,2017-11-01T19:48:33.000Z,0.000557,0x09e396aca9535fffc68c72f880ab36e252b73a43,sell,0x514910771af9ca656af840dff83e8264ecf986ca,0x56b865dedb49779a00fae29f330268739751dfc649fcfbadb533d46b4a7b95cd
203,234,0.1350179766,0x273a5d3e6721b9f5c1a6474f560c1334c63dda01,2017-11-01T19:42:23.000Z,0.0005769999,0x3e4f6ab2d787830f338decf92b9f8ba4e597c00b,buy,0x514910771af9ca656af840dff83e8264ecf986ca,0xcfb085b579bba48f863538425d57767e77a47d722c0c9138676b861558fb407e
204,233.298,0.140212098,0x7aaa1c7d5465e6eb3d1fe3712e5b92728595f14a,2017-11-01T19:42:23.000Z,0.000601,0x273a5d3e6721b9f5c1a6474f560c1334c63dda01,sell,0x514910771af9ca656af840dff83e8264ecf986ca,0xcfb085b579bba48f863538425d57767e77a47d722c0c9138676b861558fb407e
205,155,0.0894349845,0x80386b7d64963b5d929ff665d8e1cd75fab4bb00,2017-11-01T19:39:36.000Z,0.0005769999,0x3e4f6ab2d787830f338decf92b9f8ba4e597c00b,buy,0x514910771af9ca656af840dff83e8264ecf986ca,0xd97eedfceae807bbcb175e0561b7ffd6c8e73209d6c30f4c35045bcf14423ac4
206,5.210712591831124,0.003009186521782474,0x2b733df712cde6eb964330f8049b4aa7b7b9cebf,2017-11-01T19:26:06.000Z,0.0005775,0x26a012ea3da1fdd169141ace048143fd0a45e509,buy,0x514910771af9ca656af840dff83e8264ecf986ca,0x91758afb183db3cee4be51e63fa9bb1428b61d6f628a3a3ca453d412ca6aeb1b
207,858,0.495495,0x2b733df712cde6eb964330f8049b4aa7b7b9cebf,2017-11-01T19:25:01.000Z,0.0005775,0x26a012ea3da1fdd169141ace048143fd0a45e509,buy,0x514910771af9ca656af840dff83e8264ecf986ca,0xbcfb9b60e8b382a4363cd9c8574dcdd0daec3b6bdd0d9e1abf7c8450ba7442ce
208,171.65023322868166,0.09912800968956366,0x0f0fd03fc6ddfdf2cd041eaf9bc9f7df76ae6920,2017-11-01T19:20:44.000Z,0.0005775,0x26a012ea3da1fdd169141ace048143fd0a45e509,buy,0x514910771af9ca656af840dff83e8264ecf986ca,0x5bd1368322afe7bb80e9e341c15ac9380d9ec7e232fb0bece2315da2cf624572
209,184.36627628724455,0.10647152455588373,0xf155eac36ea8e082bdcd673c58608d6f02e4225c,2017-11-01T19:12:21.000Z,0.0005775,0x26a012ea3da1fdd169141ace048143fd0a45e509,buy,0x514910771af9ca656af840dff83e8264ecf986ca,0x1f2c79b1732cb0c2510288e9cc9d72d94866e8f24ff622d79f28f6e5a708a881
210,0.5927632996584042,0.00036157968515863,0xaddae8f7b537911ea5449235d48fc74a83e3b3b2,2017-11-01T19:00:51.000Z,0.00060999,0x09e396aca9535fffc68c72f880ab36e252b73a43,buy,0x514910771af9ca656af840dff83e8264ecf986ca,0x57a6963d2a1430ff56cdc29943b2d2baf13a21828d3ebe80e3f33bbc5477153e
211,6253.458313493472,3.627005821826214,0xaddae8f7b537911ea5449235d48fc74a83e3b3b2,2017-11-01T19:00:02.000Z,0.00058,0x135d52d6fdc0512c32bd9b840b098d26cc7e68ce,buy,0x514910771af9ca656af840dff83e8264ecf986ca,0x9eca37679058695c886695563a57f7f1d038e984d6164e6d55bd831ca1d3379a
212,250,0.145,0xaddae8f7b537911ea5449235d48fc74a83e3b3b2,2017-11-01T18:59:07.000Z,0.00058,0xc297ce89eb439223c078dc3f8f89d886de014e52,buy,0x514910771af9ca656af840dff83e8264ecf986ca,0xddda197431609d1ffa500af7b3182a653f0f545071535d62fc06433ee2bb4100
213,10000,5.99,0xaddae8f7b537911ea5449235d48fc74a83e3b3b2,2017-11-01T18:59:07.000Z,0.000599,0xb76c22caf4449ca354da2b77779e0d85fabbd31c,buy,0x514910771af9ca656af840dff83e8264ecf986ca,0x194a85ddb32daff873a104d7df5437d79b29a2fac5aa0b38acf0829169685893
214,123.49729586692821,0.07162843160281836,0xf155eac36ea8e082bdcd673c58608d6f02e4225c,2017-11-01T18:58:41.000Z,0.00058,0x135d52d6fdc0512c32bd9b840b098d26cc7e68ce,buy,0x514910771af9ca656af840dff83e8264ecf986ca,0x029b3306a287df67999dbe082034f0e44476ee983ef84ca1910a287b54cf7e2c
215,8222,4.9249771778,0xaddae8f7b537911ea5449235d48fc74a83e3b3b2,2017-11-01T18:57:02.000Z,0.0005989999,0x3e4f6ab2d787830f338decf92b9f8ba4e597c00b,buy,0x514910771af9ca656af840dff83e8264ecf986ca,0xcb96b38bd1bcfda205af72dd6dbc03d307a17a36d1abad4251dfe2169c4b116d
216,1851,0.99954,0xf9cedeb435ef2c33a0f37f456f11f40cc0261406,2017-11-01T18:56:49.000Z,0.00054,0x135d52d6fdc0512c32bd9b840b098d26cc7e68ce,sell,0x514910771af9ca656af840dff83e8264ecf986ca,0xeaed64ca3580132dadc6b1cfb0b85a0e655af1487f275147b9cd55e709182271
217,1000,0.56,0x6132e92a894f168bde36ee590f1117f2a7e024de,2017-11-01T18:51:24.000Z,0.00056,0x135d52d6fdc0512c32bd9b840b098d26cc7e68ce,sell,0x514910771af9ca656af840dff83e8264ecf986ca,0x968d7f95767f1b6203577238f280ae7e9eafd861b7730a08368ba7d3921abf07
218,200,0.10932,0x9c0355bf04baf8d2268e13dcc94fade7c037bfac,2017-11-01T18:51:24.000Z,0.0005466,0x135d52d6fdc0512c32bd9b840b098d26cc7e68ce,sell,0x514910771af9ca656af840dff83e8264ecf986ca,0x2f1646ffaceb9226b3c7f92098031e648b3e98dba543a5c5d74b70fc3ecff417
219,167,0.09185,0x8b750f0001593d2960d9d1b5f7fbebe6c2d03ff1,2017-11-01T18:51:24.000Z,0.00055,0x135d52d6fdc0512c32bd9b840b098d26cc7e68ce,sell,0x514910771af9ca656af840dff83e8264ecf986ca,0x3065fa15bd189c32b887fa92b187f050406509aa104d2a0adaf2dc0ed95abfa4
220,138.815,0.076487065,0x2badd9e217f7677a765cadd949dcf0cf9a6c6e90,2017-11-01T18:51:24.000Z,0.000551,0x135d52d6fdc0512c32bd9b840b098d26cc7e68ce,sell,0x514910771af9ca656af840dff83e8264ecf986ca,0xcdf11e34881ae503e258c1873dbc894fd3d8907c4f23c6fc94a351e48e8aef27
221,29.671794419717152,0.016023065704591458,0xd92ce5941305b7cf1e5cc5713b93db2b651a4fdf,2017-11-01T18:51:24.000Z,0.00054001,0x135d52d6fdc0512c32bd9b840b098d26cc7e68ce,sell,0x514910771af9ca656af840dff83e8264ecf986ca,0x7cb4f122994ea77b53809623eaec119eb4688f3a926cae48d8128b7faf442f10
222,10378.537,5.656302665,0x4cd9579ac5748ca60c6e8e8064b1c02a459c9147,2017-11-01T18:51:24.000Z,0.000545,0x135d52d6fdc0512c32bd9b840b098d26cc7e68ce,sell,0x514910771af9ca656af840dff83e8264ecf986ca,0xa55c9c909a692c00cad6b69ae6c61a708bcce865813fdac0a093847eedb5282c
223,250,0.14,0xc297ce89eb439223c078dc3f8f89d886de014e52,2017-11-01T18:51:24.000Z,0.00056,0x135d52d6fdc0512c32bd9b840b098d26cc7e68ce,sell,0x514910771af9ca656af840dff83e8264ecf986ca,0x0b81d5ea1c77c0af248ab824fc9469f1815f1d1cef33a9792ed707469e0b799e
224,3305.253713488187,1.806321154421294,0x26a012ea3da1fdd169141ace048143fd0a45e509,2017-11-01T18:51:24.000Z,0.0005465,0x135d52d6fdc0512c32bd9b840b098d26cc7e68ce,sell,0x514910771af9ca656af840dff83e8264ecf986ca,0x8859c5f87feec43401c3e48380607316572367690d955a151ed9d41e2d23ba4d
225,138.25471541767547,0.08433399385762787,0xaddae8f7b537911ea5449235d48fc74a83e3b3b2,2017-11-01T18:43:30.000Z,0.00060999,0x09e396aca9535fffc68c72f880ab36e252b73a43,buy,0x514910771af9ca656af840dff83e8264ecf986ca,0xf335a38b69a84d9f5e3ad5713c6cac0818b3e176a11c104b75d0617206b6c7c4
226,5000,3.1,0xaddae8f7b537911ea5449235d48fc74a83e3b3b2,2017-11-01T18:41:43.000Z,0.00062,0x09e396aca9535fffc68c72f880ab36e252b73a43,buy,0x514910771af9ca656af840dff83e8264ecf986ca,0x800e5d721fa0bf72c31aeee13bac6f82db7cf07306d20e191301abd7d6e05eef
227,663.413638579608,0.41131645591935695,0xaddae8f7b537911ea5449235d48fc74a83e3b3b2,2017-11-01T18:41:41.000Z,0.00062,0x82af6f6edd116fbf357aa5bb7668f58f969f723c,buy,0x514910771af9ca656af840dff83e8264ecf986ca,0xb56e10b2806a8265dc8e494e2310178e97164da87afe41b9071aa9afbf4b24e2
228,4084,2.336048,0xaddae8f7b537911ea5449235d48fc74a83e3b3b2,2017-11-01T18:37:49.000Z,0.000572,0x71014d0b1e6f11594d91e59bbbbbb658659dfc78,buy,0x514910771af9ca656af840dff83e8264ecf986ca,0x7fd7c079d27ec00be99b4fd90a9c262ccbd6fd86c504d0d00e28159058905401
229,4246.999,2.44202013553101,0xaddae8f7b537911ea5449235d48fc74a83e3b3b2,2017-11-01T18:35:32.000Z,0.00057499899,0x3e4f6ab2d787830f338decf92b9f8ba4e597c00b,buy,0x514910771af9ca656af840dff83e8264ecf986ca,0x86bc72d5b8802882f9c1e49502b9bdc2ed927bf2baa92242ab025c72442962d2
230,9220,5.79938,0xaddae8f7b537911ea5449235d48fc74a83e3b3b2,2017-11-01T18:35:32.000Z,0.000629,0xb76c22caf4449ca354da2b77779e0d85fabbd31c,buy,0x514910771af9ca656af840dff83e8264ecf986ca,0xc7b2e731c053aa52f8acdd3ca1f4a2a5c07b28b7283fd992af4c98afd78577ba
231,7992.582979823394,4.595727220815472,0xaddae8f7b537911ea5449235d48fc74a83e3b3b2,2017-11-01T18:35:32.000Z,0.000574999,0x09e396aca9535fffc68c72f880ab36e252b73a43,buy,0x514910771af9ca656af840dff83e8264ecf986ca,0x3b32776acc7b2385c8cdad8899340f690e5d9eba7b5017b76b0405a4b6773a27
232,1700,0.97325,0xaddae8f7b537911ea5449235d48fc74a83e3b3b2,2017-11-01T18:33:24.000Z,0.0005725,0x26a012ea3da1fdd169141ace048143fd0a45e509,buy,0x514910771af9ca656af840dff83e8264ecf986ca,0x03ce654180a81f412a0e28bfca1ff334605d68f7ecaf2e46a7c5a87c04bec540
233,1694.7462865118134,0.926178845578706,0x26a012ea3da1fdd169141ace048143fd0a45e509,2017-11-01T18:24:14.000Z,0.0005465,0x67bab4d20bebebc4e967ba3a048c735e2b298af8,sell,0x514910771af9ca656af840dff83e8264ecf986ca,0x77add051c9ff4c7015d356560b4521f13adb1d2026f8099d42198b680c2f707d
234,375,0.21562462125,0x3d1887d099211bdd496b5fc9be56d49f0836bb71,2017-11-01T18:24:00.000Z,0.00057499899,0x3e4f6ab2d787830f338decf92b9f8ba4e597c00b,buy,0x514910771af9ca656af840dff83e8264ecf986ca,0x6914b6103b6b4c98d42297fe69616248780075d4b578c2522586ef713079de23
235,0.000000000007349578,0.000000000000004226,0x3d1887d099211bdd496b5fc9be56d49f0836bb71,2017-11-01T18:14:05.000Z,0.0005749989999425817,0x3e4f6ab2d787830f338decf92b9f8ba4e597c00b,buy,0x514910771af9ca656af840dff83e8264ecf986ca,0x00a6e5d38c7dd703b0ba3e95078320cf42bcc94285f7d986b2ba762c30d8e700
236,0.000000073712477303,0.0000000000423846,0x3d1887d099211bdd496b5fc9be56d49f0836bb71,2017-11-01T18:11:59.000Z,0.0005749989900051155,0x3e4f6ab2d787830f338decf92b9f8ba4e597c00b,buy,0x514910771af9ca656af840dff83e8264ecf986ca,0x5e7df6a7a7f4c5fd16a664b09eea6e1d575b0e7fd6d95a6c40d904f850f79e7d
237,0.00073940985999471,0.000000425159922693,0x3d1887d099211bdd496b5fc9be56d49f0836bb71,2017-11-01T18:09:09.000Z,0.0005749989900000004,0x3e4f6ab2d787830f338decf92b9f8ba4e597c00b,buy,0x514910771af9ca656af840dff83e8264ecf986ca,0x4291175585b8b7affbc7e258c52c95ecef5c1f85e16ff33d99e9c9f41c412ce5
238,7.41702017660546,0.004264779184527963,0x3d1887d099211bdd496b5fc9be56d49f0836bb71,2017-11-01T18:01:59.000Z,0.000574999,0x09e396aca9535fffc68c72f880ab36e252b73a43,buy,0x514910771af9ca656af840dff83e8264ecf986ca,0xb52dc22f1752346ad894834815cfe8ac3852d097e9740c2a5c3cca17f153b4ea
239,8797,5.084666,0xaddae8f7b537911ea5449235d48fc74a83e3b3b2,2017-11-01T17:57:39.000Z,0.000578,0xb76c22caf4449ca354da2b77779e0d85fabbd31c,buy,0x514910771af9ca656af840dff83e8264ecf986ca,0xd2d6dc4dbc8ced6cef8c478ce646194ed56a7afd9ba220427ddd67b8b36b8274
240,3857,2.221632,0xaddae8f7b537911ea5449235d48fc74a83e3b3b2,2017-11-01T17:56:22.000Z,0.000576,0x71014d0b1e6f11594d91e59bbbbbb658659dfc78,buy,0x514910771af9ca656af840dff83e8264ecf986ca,0x4725cd06f4c86c34eb3979fc2c861b3b64c66d9b66365ec38b8dfaed6af60f5d
241,3000,1.9497,0xaddae8f7b537911ea5449235d48fc74a83e3b3b2,2017-11-01T17:53:48.000Z,0.0006499,0x09e396aca9535fffc68c72f880ab36e252b73a43,buy,0x514910771af9ca656af840dff83e8264ecf986ca,0x8258464f05e5b84d9f7dd588b3c0b31fbce534f3ac1a263e2f63365670794f02
242,2000,1.27,0xaddae8f7b537911ea5449235d48fc74a83e3b3b2,2017-11-01T17:53:03.000Z,0.000635,0x09e396aca9535fffc68c72f880ab36e252b73a43,buy,0x514910771af9ca656af840dff83e8264ecf986ca,0xc393fa3c94a0646fb02d3371e59d1083c55d73304452570fd97faa5c84ad17a9
243,3388.209938842203,2.0328243170071567,0xaddae8f7b537911ea5449235d48fc74a83e3b3b2,2017-11-01T17:53:03.000Z,0.00059997,0x09e396aca9535fffc68c72f880ab36e252b73a43,buy,0x514910771af9ca656af840dff83e8264ecf986ca,0xa8b6d0c8ab0ed876c0696ea2b2a3c596ce2a903554473930235bc6d3d6bfbbb7
244,3000,1.89,0xaddae8f7b537911ea5449235d48fc74a83e3b3b2,2017-11-01T17:53:03.000Z,0.00063,0x105d1fea56008e7d6f13f6f5b29cf278589526eb,buy,0x514910771af9ca656af840dff83e8264ecf986ca,0x8f936dc07b98c85b83531c7d2e07f03b3f1328415f352d769c3b7cb0306636da
245,5356.815,3.16052085,0xaddae8f7b537911ea5449235d48fc74a83e3b3b2,2017-11-01T17:53:03.000Z,0.00059,0xcfd5d60e0f447636f1643cd9b7a9547062cb0863,buy,0x514910771af9ca656af840dff83e8264ecf986ca,0x653ae18e282beba667554603252bf58071efbcefb95da71d2c056530f95178a5
246,4544,2.63552,0xaddae8f7b537911ea5449235d48fc74a83e3b3b2,2017-11-01T17:53:03.000Z,0.00058,0x5bfb2eeb3585cc7a63a3e139e8fc13e9fb968bb8,buy,0x514910771af9ca656af840dff83e8264ecf986ca,0x01520c2d797a1f99c69fe06acf04d27703d1c2bab4e7057f6c6f4ec7ebda22b4
247,9995.1127897603,5.847140982009775,0xaddae8f7b537911ea5449235d48fc74a83e3b3b2,2017-11-01T17:53:03.000Z,0.000585,0x6e1801a6c4860f390d485ce43927cf2f140f07e5,buy,0x514910771af9ca656af840dff83e8264ecf986ca,0xc68a00e56ae8ec3b2ac00b93cdff8c18ca9a17bd191f4aa0e107ce4332bbd9f4
248,293.46295988373413,0.1599373131366351,0x4cd9579ac5748ca60c6e8e8064b1c02a459c9147,2017-11-01T17:49:37.000Z,0.000545,0x9ccabe095473af82377ce44770bbbed0d83a20c5,sell,0x514910771af9ca656af840dff83e8264ecf986ca,0x26cb60d3c552e4fd7980fccb13027622616b3f70251d17238dbdd4bb0b230f4f
249,1824.5978089270882,1.0580842693968184,0xaddae8f7b537911ea5449235d48fc74a83e3b3b2,2017-11-01T17:48:41.000Z,0.0005799,0x6e1801a6c4860f390d485ce43927cf2f140f07e5,buy,0x514910771af9ca656af840dff83e8264ecf986ca,0x73814f7788c1bfdfa6615fa21c0924106008280127a34ecb0a2426a0ad93fe60
250,3344.2646962051313,1.9329849944065658,0xaddae8f7b537911ea5449235d48fc74a83e3b3b2,2017-11-01T17:48:41.000Z,0.000578,0xb76c22caf4449ca354da2b77779e0d85fabbd31c,buy,0x514910771af9ca656af840dff83e8264ecf986ca,0x693f26a3005f853db567e843eef51383bddcc6181612c70654d00b767268ed00
251,3500,2.0223,0xaddae8f7b537911ea5449235d48fc74a83e3b3b2,2017-11-01T17:48:18.000Z,0.0005778,0x530e10078b1a5f33291c93dc3f0da9295d78c593,buy,0x514910771af9ca656af840dff83e8264ecf986ca,0x5f9aa73a2abc78c6b845929c74c4ef369568eb9c0dc4f7d940c834cbbdf6baca
252,1835.82,1.009701,0x242dcc33e3c88049fd38ff20b42dc36fe1e43585,2017-11-01T17:46:59.000Z,0.00055,0x09e396aca9535fffc68c72f880ab36e252b73a43,sell,0x514910771af9ca656af840dff83e8264ecf986ca,0x8a2d83ff74dc1ab8f51acd0578061afad0e3df799727d724fba4c5ba326122c8
253,1355.7353037948687,0.7836150055934341,0xd0f7a0950e32838c3050052bbc2fcd0186e3abdf,2017-11-01T17:44:44.000Z,0.000578,0xb76c22caf4449ca354da2b77779e0d85fabbd31c,buy,0x514910771af9ca656af840dff83e8264ecf986ca,0x669f50711950d8c8d595f1d0af246e404cc5aa5821c4630e8331248299929030
254,1200,0.6936,0x130c559eb1d1d8a6cc8b6049c2190527a9987102,2017-11-01T17:44:14.000Z,0.000578,0xb76c22caf4449ca354da2b77779e0d85fabbd31c,sell,0x514910771af9ca656af840dff83e8264ecf986ca,0x71dac35798e40f11d8d1cff39a989fcd9482efd42dff27c648274f95b1441503
255,2400,1.38,0x130c559eb1d1d8a6cc8b6049c2190527a9987102,2017-11-01T17:39:50.000Z,0.000575,0x26a012ea3da1fdd169141ace048143fd0a45e509,buy,0x514910771af9ca656af840dff83e8264ecf986ca,0x930aa29ba63d91f5c196dca16b4fb5f8b6a8da87f0304c72964c2a9f9c6b0eb2
256,2600,1.495,0x0f9871ee2787be4254c2cc36492085f676c06ee2,2017-11-01T17:37:36.000Z,0.000575,0x26a012ea3da1fdd169141ace048143fd0a45e509,buy,0x514910771af9ca656af840dff83e8264ecf986ca,0xbe13cc4a106c37c2c81f48145c63fd1cd568f892d7374f5795fddc5e8c4d6afb
257,673.3820449380975,0.49695594916431596,0x130c559eb1d1d8a6cc8b6049c2190527a9987102,2017-11-01T17:36:26.000Z,0.0007379999999999999,0xd815bbdb973fcfae73f27ddc9a135e377028c1c5,sell,0x514910771af9ca656af840dff83e8264ecf986ca,0x2cd7ee023b181013c3aa7e68879cc67648668dc3029e4fa2fa2f6e1f25fd31b8
258,675.4021910729118,0.39166573060318155,0xd815bbdb973fcfae73f27ddc9a135e377028c1c5,2017-11-01T17:36:26.000Z,0.0005799,0x6e1801a6c4860f390d485ce43927cf2f140f07e5,buy,0x514910771af9ca656af840dff83e8264ecf986ca,0x2cd7ee023b181013c3aa7e68879cc67648668dc3029e4fa2fa2f6e1f25fd31b8
259,361.1845742752054,0.1990127004256382,0x2badd9e217f7677a765cadd949dcf0cf9a6c6e90,2017-11-01T17:27:06.000Z,0.000551,0xdbe1918c0a776b8805cb53fc2ea67fffa0f7d658,sell,0x514910771af9ca656af840dff83e8264ecf986ca,0xbc5b9282ddd504da1b6b43eb47b5f3cbc27c0cdc86ed8dd433e6e1d6761fbede
260,1015.4519106152911,0.5645912623021019,0xfc05318f278b0a06ea0513c8651ed5d998578a81,2017-11-01T17:26:04.000Z,0.000556,0xdbe1918c0a776b8805cb53fc2ea67fffa0f7d658,sell,0x514910771af9ca656af840dff83e8264ecf986ca,0x71fc06fcdf0c49b1234962ecd7bbdaa15921ee649633c20159b145954c7a0390
261,1.8673800183641658,0.00104013067022884,0xc4128f34093076c060e5d483923b5b4f13a2a4ce,2017-11-01T17:00:58.000Z,0.0005569999999999999,0x9ccabe095473af82377ce44770bbbed0d83a20c5,sell,0x514910771af9ca656af840dff83e8264ecf986ca,0x78b4a72eedd4725a39e66007a06e647df2ae978a347d8718291dd9004f46ee3e
262,2500,1.44975,0xde57392f4ee115dfd457404215ecb590bf6c9fc2,2017-11-01T16:58:17.000Z,0.0005799,0x6e1801a6c4860f390d485ce43927cf2f140f07e5,buy,0x514910771af9ca656af840dff83e8264ecf986ca,0xddcf209b17b2b6649a9a3e2db2e93dfa2ceb392822d8bb09081e44b8e619764b
263,10397,6.019863,0xde57392f4ee115dfd457404215ecb590bf6c9fc2,2017-11-01T16:56:52.000Z,0.000579,0x81e6b15acf463ca72c4dd9aebee375305b06e20e,buy,0x514910771af9ca656af840dff83e8264ecf986ca,0xd99965f6d463f63b8767189de51cd2ca93a9281ea8497b2c0989e1cfeaeab044
264,5000,2.89,0xde57392f4ee115dfd457404215ecb590bf6c9fc2,2017-11-01T16:56:47.000Z,0.000578,0x6e1801a6c4860f390d485ce43927cf2f140f07e5,buy,0x514910771af9ca656af840dff83e8264ecf986ca,0xf5d462ef4e0907a0563296e17f663b8ad9d4a28962e92666ac8e19b5ee3e8bf8
265,4984.548089384709,2.771408737697898,0xfc05318f278b0a06ea0513c8651ed5d998578a81,2017-11-01T16:55:36.000Z,0.000556,0x992f06a382fdf68f95d6d62e547effbb985d0b0c,sell,0x514910771af9ca656af840dff83e8264ecf986ca,0x9de3d0768300699bcd0fe0944470a8139f05ea5840941c0e02ad6937f727161a
266,4984.548089384709,2.771408737697898,0xfc05318f278b0a06ea0513c8651ed5d998578a81,2017-11-01T16:55:25.000Z,0.000556,0x992f06a382fdf68f95d6d62e547effbb985d0b0c,sell,0x514910771af9ca656af840dff83e8264ecf986ca,0x9de3d0768300699bcd0fe0944470a8139f05ea5840941c0e02ad6937f727161a
267,2300,1.35677,0x65919f4824cf41db56c2b4acb6a29b19aaf600a5,2017-11-01T16:25:43.000Z,0.0005899,0xb76c22caf4449ca354da2b77779e0d85fabbd31c,buy,0x514910771af9ca656af840dff83e8264ecf986ca,0xd934c6545be99d3e843dd98e37e43f0b0abae849d98cc028a05fbffbbc3211a8
268,250,0.145,0x65919f4824cf41db56c2b4acb6a29b19aaf600a5,2017-11-01T16:24:20.000Z,0.00058,0xc297ce89eb439223c078dc3f8f89d886de014e52,buy,0x514910771af9ca656af840dff83e8264ecf986ca,0x6cca9d3864f869db1622887a10b12cc827c8ae01a331d76214cc5e2755a46806
269,54.59599770748048,0.03139269868180127,0x65919f4824cf41db56c2b4acb6a29b19aaf600a5,2017-11-01T16:24:10.000Z,0.000575,0x9e1477cd68e8e375705ccb3dcf5764fe901de3ef,buy,0x514910771af9ca656af840dff83e8264ecf986ca,0x013c6f3e306090afafc4e3cffedf9ace3c61e2c71ce45a547e6a39f349824977
270,7000,3.815,0x4cd9579ac5748ca60c6e8e8064b1c02a459c9147,2017-11-01T16:19:56.000Z,0.000545,0x9e40c03f796a00df5307f40d51ddbf73851e5a1c,sell,0x514910771af9ca656af840dff83e8264ecf986ca,0xc65412539cc95ead5e30bd6ee2c3c2713b124fdacf09f8613a144625369cccd5
271,1830,1.0065,0x3a300b4eddf2fe4adc7f43186c4f3518136b422d,2017-11-01T16:18:33.000Z,0.00055,0x9e40c03f796a00df5307f40d51ddbf73851e5a1c,sell,0x514910771af9ca656af840dff83e8264ecf986ca,0x1b54869bd1210f11710dd2ff184fadfd352ca2d06b4d067912c48164a3009308
272,273.4040022925195,0.15720730131819874,0xbbd65f731e234ad835c964e1f6553fccb63f934c,2017-11-01T16:13:44.000Z,0.000575,0x9e1477cd68e8e375705ccb3dcf5764fe901de3ef,buy,0x514910771af9ca656af840dff83e8264ecf986ca,0x3e48e8e3adcaf387e21e50893f68bbeb111659571ef5c67e153dfa9cd84a1a0b
273,2530.0938378046126,1.4674544259266753,0xfa94be8646eb3fef7b83fc76d65cd8bea60cd3f6,2017-11-01T16:12:48.000Z,0.00058,0x6e1801a6c4860f390d485ce43927cf2f140f07e5,buy,0x514910771af9ca656af840dff83e8264ecf986ca,0x47c7c3f8f04009596509b95501c07688a419e344e0996a954bf42f6bd7541abf
274,7718,4.59221,0xfa94be8646eb3fef7b83fc76d65cd8bea60cd3f6,2017-11-01T16:12:27.000Z,0.000595,0xb76c22caf4449ca354da2b77779e0d85fabbd31c,buy,0x514910771af9ca656af840dff83e8264ecf986ca,0x7c79f74c0a3cb5198802d7b2ab41e325f1d11c9c6e4535eabd3ac7ef6cfde385
275,300,0.174,0xbbd65f731e234ad835c964e1f6553fccb63f934c,2017-11-01T16:08:40.000Z,0.00058,0x6e1801a6c4860f390d485ce43927cf2f140f07e5,buy,0x514910771af9ca656af840dff83e8264ecf986ca,0xbbaffefe1d5d137f49131aa839762ee94d9d9342e58e387616745fffc849ceff
276,343.90616219538754,0.19946557407332477,0x069fd31e226108d2d86c2f40264d2f22735294e6,2017-11-01T16:06:00.000Z,0.00058,0x6e1801a6c4860f390d485ce43927cf2f140f07e5,buy,0x514910771af9ca656af840dff83e8264ecf986ca,0x6988381207dee24f5177f596fe791122381fc87b3615a805c3148a42ab5ff5c6
277,150,0.0885,0xb4644415a639bf48418f50717ea59e7299682173,2017-11-01T16:03:19.000Z,0.00059,0xcfd5d60e0f447636f1643cd9b7a9547062cb0863,buy,0x514910771af9ca656af840dff83e8264ecf986ca,0x3e8ff8429e1d6947c6cbb36075a8e7c4c3e782471566731b13afb036fa28f0e3
278,100,0.057,0xbbd65f731e234ad835c964e1f6553fccb63f934c,2017-11-01T16:00:39.000Z,0.00057,0xa97b4e88ec68208f376df258abd7c248f8d92a16,buy,0x514910771af9ca656af840dff83e8264ecf986ca,0x5236873435618648aa18f986ba617f92c419a5dfc0a88989a2f336f78e0d5767
279,0.1326199816358343,0.000073869329771159,0xc4128f34093076c060e5d483923b5b4f13a2a4ce,2017-11-01T15:55:38.000Z,0.0005569999999999947,0xb4f6ae2cca59f0ea3fb2559e32c61df753bb542a,sell,0x514910771af9ca656af840dff83e8264ecf986ca,0x48b1cbc13a47a4ce2b0d97f461c58db801d1b8d6bd4624d7cd422e0340e1674a
280,20000,11.2,0x4cd9579ac5748ca60c6e8e8064b1c02a459c9147,2017-11-01T15:42:02.000Z,0.00056,0x2d9604dab23952613dfda0504ab714e1cbedb5be,sell,0x514910771af9ca656af840dff83e8264ecf986ca,0xe90290d027f540722dec98c581d07239cf52b9755cfd4bad65f1c065ba5976c6
281,5000,2.675,0xcfd5d60e0f447636f1643cd9b7a9547062cb0863,2017-11-01T15:35:46.000Z,0.000535,0x2d9604dab23952613dfda0504ab714e1cbedb5be,sell,0x514910771af9ca656af840dff83e8264ecf986ca,0x42bc42cea183cc4843e8f38792aa69a6b9801394d732c5271caa38a63c8447f9
282,12,0.006923988,0x2c14a1aa8ba6ff2d493c8ae100ee5c7c35f2deeb,2017-11-01T15:25:54.000Z,0.000576999,0x3e4f6ab2d787830f338decf92b9f8ba4e597c00b,buy,0x514910771af9ca656af840dff83e8264ecf986ca,0x390ba6f15094e08303c5421878a324e1cae91f3ef03fba0892b8d56fb23d34ea
283,1700,0.9808983,0x3249b1fbc40e5919cd25a325ce5b974f84c1b0fa,2017-11-01T15:23:55.000Z,0.000576999,0x3e4f6ab2d787830f338decf92b9f8ba4e597c00b,buy,0x514910771af9ca656af840dff83e8264ecf986ca,0xb733074ba8378528416fed8d42c8a9c92bcb577df24a5cefa602a00927dc3939
284,172.79559404005573,0.09970288496551812,0x7cb0d6dc2265be0f39bccf6e626344373379bee0,2017-11-01T15:21:00.000Z,0.000576999,0x3e4f6ab2d787830f338decf92b9f8ba4e597c00b,buy,0x514910771af9ca656af840dff83e8264ecf986ca,0xd6cd5eaa56b405bc2599265b3bdf098b857da5c61f41b1f5e375dcbc222ad9c4
285,156.32820558028286,0.08441879429540854,0xd92ce5941305b7cf1e5cc5713b93db2b651a4fdf,2017-11-01T15:19:24.000Z,0.00054001,0x3dee4a4e076e8d82859d241db0baf46f112cfa23,sell,0x514910771af9ca656af840dff83e8264ecf986ca,0x202d6459c7178affa62d00156412beaed386ec6ccba43e356ea76f2070bf9265
286,201,0.109545,0x2cfee705084da9d800c16c4ccf347ba819a4d483,2017-11-01T15:18:34.000Z,0.000545,0x3dee4a4e076e8d82859d241db0baf46f112cfa23,sell,0x514910771af9ca656af840dff83e8264ecf986ca,0xf7f0909982daaecebf108e67bb570a6b5f32f1ae12463989bc09f7022d80e3a8
287,5493.184907583617,3.213513170936416,0xa596a01acb9e36ae574495dced3922377abbbb74,2017-11-01T15:17:46.000Z,0.000585,0xcfd5d60e0f447636f1643cd9b7a9547062cb0863,buy,0x514910771af9ca656af840dff83e8264ecf986ca,0xbecc5a9a52d283681d6965a2c49279d6700f51601ae8e48e46ff9d0ab3cdaa9e
288,1620,0.93474,0x2725d3b81f5d66755ab883b7d943225b7f6f0a39,2017-11-01T15:17:05.000Z,0.000577,0x3dee4a4e076e8d82859d241db0baf46f112cfa23,sell,0x514910771af9ca656af840dff83e8264ecf986ca,0x7802e14ccf0cf5cdf26120d22d4fc41681bd7c178d69679c7ab333bc9a3caf2a
289,2812,1.622524,0xa596a01acb9e36ae574495dced3922377abbbb74,2017-11-01T15:16:10.000Z,0.000577,0xb76c22caf4449ca354da2b77779e0d85fabbd31c,buy,0x514910771af9ca656af840dff83e8264ecf986ca,0x79a959785e5f19c71b904ba4a70b5ba5ef21c3c12ac7151692d1edb0862b5b1c
290,20,0.0111,0x542f9a56345aef94a0658b2d235fbc737c944622,2017-11-01T15:15:20.000Z,0.000555,0x3dee4a4e076e8d82859d241db0baf46f112cfa23,sell,0x514910771af9ca656af840dff83e8264ecf986ca,0xcc36627493488b4fe2bf1470728696b4ef5d23b5ce59ccf9b38f96b0a1ccd773
291,1735,1.001093265,0xa596a01acb9e36ae574495dced3922377abbbb74,2017-11-01T15:14:57.000Z,0.000576999,0x3e4f6ab2d787830f338decf92b9f8ba4e597c00b,buy,0x514910771af9ca656af840dff83e8264ecf986ca,0x18068730abd7382b6b3f7f19e734ce2532228c530dfc82920feea50320d8b647
292,765,0.441404235,0xa1e2ccfb40dfb23e18bb77bf11202ccba7b0f4bd,2017-11-01T15:11:19.000Z,0.000576999,0x3e4f6ab2d787830f338decf92b9f8ba4e597c00b,buy,0x514910771af9ca656af840dff83e8264ecf986ca,0x71c42a56c33d4697d2faa382da35e8754c2a6806c458fa3fccd7f7a44320b4b7
293,40,0.02308,0x43c88efbbad582ab05a1deb26ec6873c0ef7b55f,2017-11-01T15:10:35.000Z,0.000577,0xb76c22caf4449ca354da2b77779e0d85fabbd31c,buy,0x514910771af9ca656af840dff83e8264ecf986ca,0x4f9c73f10dde9d90cfd611953e12909d26200a7d4c92a994fbe5fffc12b7df8f
294,716.484,0.39049094484,0x9fa1621d504640fe0bd3105252b66788c668223a,2017-11-01T15:08:49.000Z,0.00054501,0x09e396aca9535fffc68c72f880ab36e252b73a43,sell,0x514910771af9ca656af840dff83e8264ecf986ca,0x9823ed6301e009706035888e3d5915ef11d1830480dd09f4181b5a058bc0ba1c
295,1283.5157336189054,0.6995289099796397,0x9fa1621d504640fe0bd3105252b66788c668223a,2017-11-01T15:06:39.000Z,0.00054501,0x730131871710123a0260b127c5ab3612b37f49d5,sell,0x514910771af9ca656af840dff83e8264ecf986ca,0x0b9dd07fcb8ec59db39c30e6203eb0401481280053fa7dcf485bddd29823d0d9
296,2003.3358230175818,1.0349232861708828,0x3dee4a4e076e8d82859d241db0baf46f112cfa23,2017-11-01T14:56:08.000Z,0.0005166,0x00f8b5f4248272c620954477000e33ed259d0f8d,sell,0x514910771af9ca656af840dff83e8264ecf986ca,0xf65efb37bb039c2044159df5ed3e19e9890136c81bc235da754bbdbd16032a83
297,1000,0.53,0x342a73614e1aace39fb252c559cf219c33b7bf0f,2017-11-01T14:52:54.000Z,0.00053,0x00f8b5f4248272c620954477000e33ed259d0f8d,sell,0x514910771af9ca656af840dff83e8264ecf986ca,0xa9f4d7ea0f7f5635b8f18a82bb54db5c7507f87ab4003de552363a5049bdb7b0
298,5700,2.964,0x3c57707290869e5c73c3282e28d2f1a19dd5c65c,2017-11-01T14:51:51.000Z,0.00052,0x00f8b5f4248272c620954477000e33ed259d0f8d,sell,0x514910771af9ca656af840dff83e8264ecf986ca,0xebdb820b163b064c7bde47b6021a2b9ba7b84f98e19b5a13f02cec3f17d50e6c
299,5000,2.600375,0x26a012ea3da1fdd169141ace048143fd0a45e509,2017-11-01T14:51:23.000Z,0.000520075,0x00f8b5f4248272c620954477000e33ed259d0f8d,sell,0x514910771af9ca656af840dff83e8264ecf986ca,0xbbbf6172d6e0cf9234f80ce82a94113c73bb8555de739120db927c2dc694f266
300,3174.1127897602996,1.6822797785729586,0x6e1801a6c4860f390d485ce43927cf2f140f07e5,2017-11-01T14:51:01.000Z,0.00053,0x00f8b5f4248272c620954477000e33ed259d0f8d,sell,0x514910771af9ca656af840dff83e8264ecf986ca,0x168c6cd20116657d7b52f52e658cc89ff9fd284ae0fa1e5dcfa18fdf67d373e3
301,9000,4.59,0x23c09abbc301e4bd6396548f5f6005ab345afb7e,2017-11-01T14:49:27.000Z,0.00051,0x00f8b5f4248272c620954477000e33ed259d0f8d,buy,0x514910771af9ca656af840dff83e8264ecf986ca,0x790b54c43362130067be8baf84472b84259aaf72d12c999139dd6405ccafd9b5
302,32096,16.36896,0xc9d56287b414e1aa0963016aa721b527f095fd9c,2017-11-01T14:49:14.000Z,0.00051,0x00f8b5f4248272c620954477000e33ed259d0f8d,buy,0x514910771af9ca656af840dff83e8264ecf986ca,0x6efb74763d5634aaa0507120551055f16f850117196980896ee76fbb7e148487
303,32000,16.512,0x739c5f6d73d483705a08f9a52c7cd61c7933573e,2017-11-01T14:49:14.000Z,0.000516,0xc9d56287b414e1aa0963016aa721b527f095fd9c,sell,0x514910771af9ca656af840dff83e8264ecf986ca,0x6efb74763d5634aaa0507120551055f16f850117196980896ee76fbb7e148487
304,4000,2.1404,0xcfd5d60e0f447636f1643cd9b7a9547062cb0863,2017-11-01T14:49:14.000Z,0.0005351,0xb76c22caf4449ca354da2b77779e0d85fabbd31c,sell,0x514910771af9ca656af840dff83e8264ecf986ca,0x774e7a3e425ebfcbb7d4e47052118b9a0fc5bedac6891023b8788f10d76c1e55
305,1790,0.9666358,0x3d2414ec1676f4facd6725b2f175fb5522fa5c2e,2017-11-01T14:49:14.000Z,0.00054002,0xb76c22caf4449ca354da2b77779e0d85fabbd31c,sell,0x514910771af9ca656af840dff83e8264ecf986ca,0x6012523788590f7a36fa2de171587af7c24b054e3f0f36a1812180e5e910665d
306,1042.19419060268,0.5315190372073668,0xb76c22caf4449ca354da2b77779e0d85fabbd31c,2017-11-01T14:48:22.000Z,0.00051,0x00f8b5f4248272c620954477000e33ed259d0f8d,buy,0x514910771af9ca656af840dff83e8264ecf986ca,0x008b0b9f8eca6810bc0c207802929bf519c50913ccde3f0e19b9ecf89b422c6b
307,10030,5.1153,0xd815bbdb973fcfae73f27ddc9a135e377028c1c5,2017-11-01T14:48:15.000Z,0.00051,0x00f8b5f4248272c620954477000e33ed259d0f8d,buy,0x514910771af9ca656af840dff83e8264ecf986ca,0xfb354a9ef832d2a5244d9630f465f2af7020133e170230ec8a878781e6eb9496
308,575.269,0.320424833,0xc4128f34093076c060e5d483923b5b4f13a2a4ce,2017-11-01T14:48:15.000Z,0.000557,0x273a5d3e6721b9f5c1a6474f560c1334c63dda01,sell,0x514910771af9ca656af840dff83e8264ecf986ca,0x26556c73519175c7a714b4ed483d48fab2ac7df73d64b79a6ffa5803c96cbfda
309,10000,5.35011,0xc11f32a3d45a3dc54b34234dd2b9f46292e69c02,2017-11-01T14:48:15.000Z,0.000535011,0xd815bbdb973fcfae73f27ddc9a135e377028c1c5,sell,0x514910771af9ca656af840dff83e8264ecf986ca,0xfb354a9ef832d2a5244d9630f465f2af7020133e170230ec8a878781e6eb9496
310,577,0.29427,0x273a5d3e6721b9f5c1a6474f560c1334c63dda01,2017-11-01T14:48:15.000Z,0.00051,0x00f8b5f4248272c620954477000e33ed259d0f8d,buy,0x514910771af9ca656af840dff83e8264ecf986ca,0x26556c73519175c7a714b4ed483d48fab2ac7df73d64b79a6ffa5803c96cbfda
311,402.001,0.223914557,0xe54b0049f013ce0e149baf329d41a85496dd69b1,2017-11-01T14:46:53.000Z,0.000557,0x09e396aca9535fffc68c72f880ab36e252b73a43,sell,0x514910771af9ca656af840dff83e8264ecf986ca,0x9bee38672df74acbe1678c4320dfc3827883947eac91fd16e9a76e2f04c0118a
312,347.99884193085774,0.19383535495548776,0xe54b0049f013ce0e149baf329d41a85496dd69b1,2017-11-01T14:45:15.000Z,0.000557,0xc637b6002de22dae16a29d60a01c37d9cc8f4b0f,sell,0x514910771af9ca656af840dff83e8264ecf986ca,0x318d6dcf5006afd3bcd3e1b00dcefb112b09cfeea5c5990b783d1477d84f5935
313,150.471,0.083661876,0x04f487bdc9e981b9d1d95dd4c440fcd270667bd3,2017-11-01T14:44:15.000Z,0.000556,0xc637b6002de22dae16a29d60a01c37d9cc8f4b0f,sell,0x514910771af9ca656af840dff83e8264ecf986ca,0x949faedec6026b64579f375000dc79caab4b0de8afc8d0172ee8bfb8f2cbcaf9
314,15.25882010664898,0.0089721862227096,0x582e996d67d53ff589d2c7c0c0db680bec388853,2017-11-01T14:39:03.000Z,0.000588,0xb76c22caf4449ca354da2b77779e0d85fabbd31c,buy,0x514910771af9ca656af840dff83e8264ecf986ca,0xcc9d7565ece95df5fe8c6a3c9b7ec8593efff32412241e6e4e52a90c9cd8aacb
315,910.06,0.52419456,0x967e39e4f6b6f861b9bfb52a16ab43c8cacae90c,2017-11-01T14:34:47.000Z,0.000576,0xb76c22caf4449ca354da2b77779e0d85fabbd31c,sell,0x514910771af9ca656af840dff83e8264ecf986ca,0xe59efda18805e909443de532e281a8deffafe51fe5883caf31ddacb5a0460e35
316,0.009938287139043654,0.000005525687649308,0x04f487bdc9e981b9d1d95dd4c440fcd270667bd3,2017-11-01T14:32:28.000Z,0.0005559999999999727,0x994c5857751ecafecbff55b97fadda1c5b37136d,sell,0x514910771af9ca656af840dff83e8264ecf986ca,0xcd1d4447f9d6876d6d2730a3b8760af9722125635f4e8c1daad8fb8712aa3c0e
317,55,0.0319,0x1f686fd0890109346c9242ae8644985e18e1ee6d,2017-11-01T14:21:45.000Z,0.00058,0x09e396aca9535fffc68c72f880ab36e252b73a43,sell,0x514910771af9ca656af840dff83e8264ecf986ca,0x30a317e64ede9e24c101349cde6ab4a187b30361707a334d6049d2d5bff7ab8d
318,7600,4.2256,0x04f487bdc9e981b9d1d95dd4c440fcd270667bd3,2017-11-01T14:16:08.000Z,0.000556,0x2d9604dab23952613dfda0504ab714e1cbedb5be,sell,0x514910771af9ca656af840dff83e8264ecf986ca,0xd2de283eb40c811a0c2f1c0a4d5415b9a18827f7a653e70e005e4360b26dd24f
319,452.0883322800659,0.2680883810420791,0xabe61029d75c4773228f06d0a3f99f392ab6241b,2017-11-01T14:07:36.000Z,0.000593,0xb76c22caf4449ca354da2b77779e0d85fabbd31c,buy,0x514910771af9ca656af840dff83e8264ecf986ca,0x1c10965c5dbe0bfcf4943a9b38dbabffeefc645c7ded1a0b9b73cd188f83328d
320,657,0.389601,0x2122f27f3af28ad1e516ed8af1d41d03d0e05079,2017-11-01T14:04:36.000Z,0.000593,0xb76c22caf4449ca354da2b77779e0d85fabbd31c,buy,0x514910771af9ca656af840dff83e8264ecf986ca,0x90fe9353f1f5a0747636ce0eadcaf7a4ca6b7ba66d05487162b905231a1590a9
321,2000,1.185,0x2122f27f3af28ad1e516ed8af1d41d03d0e05079,2017-11-01T14:02:03.000Z,0.0005925,0xcfd5d60e0f447636f1643cd9b7a9547062cb0863,buy,0x514910771af9ca656af840dff83e8264ecf986ca,0x9bca803494ed0ed8cbb312b677fa68a1757dd6824eb3a980351c372d6952a800
322,1678.0164623818662,0.9969095803010667,0x91f393650b00852200e1ef5d4a46e6aec5d1ea0c,2017-11-01T13:44:33.000Z,0.0005941,0xb76c22caf4449ca354da2b77779e0d85fabbd31c,buy,0x514910771af9ca656af840dff83e8264ecf986ca,0x5cf433ddc9c692379c243a31b8848924e6ee6b5173423d33bdd95938ce78d28c
323,0.000000000559472268,0.000000000000332886,0x91f393650b00852200e1ef5d4a46e6aec5d1ea0c,2017-11-01T13:23:47.000Z,0.0005950000009651953,0xf42ddd97a317dab6367e8f5dabdc432669bb4879,buy,0x514910771af9ca656af840dff83e8264ecf986ca,0x9a4175b541ed891c1c8737af1c934dc3437a4d6bf91614d3152da98301eb8767
324,0.000005573650677683,0.000000003339174121,0x91f393650b00852200e1ef5d4a46e6aec5d1ea0c,2017-11-01T13:22:50.000Z,0.0005991000000000206,0xb76c22caf4449ca354da2b77779e0d85fabbd31c,buy,0x514910771af9ca656af840dff83e8264ecf986ca,0x7875831c32f0fd7179beb5104e9639cdfcf41b9eaf16bfe5df58ca38daed8872
325,1368.4750913539967,0.8198534272301794,0x273a5d3e6721b9f5c1a6474f560c1334c63dda01,2017-11-01T13:19:41.000Z,0.0005991,0xb76c22caf4449ca354da2b77779e0d85fabbd31c,buy,0x514910771af9ca656af840dff83e8264ecf986ca,0xc79d4a8fbfe10a7e75313103a4e62570fe8d68c45c0918855d95f7278a2b120a
326,1364.3696660799349,0.836358605307,0x967e39e4f6b6f861b9bfb52a16ab43c8cacae90c,2017-11-01T13:19:41.000Z,0.0006129999999999999,0x273a5d3e6721b9f5c1a6474f560c1334c63dda01,sell,0x514910771af9ca656af840dff83e8264ecf986ca,0xc79d4a8fbfe10a7e75313103a4e62570fe8d68c45c0918855d95f7278a2b120a
327,111,0.0665001,0x77c0016fea4b7c41cb7867518f23a5cde66f8cd4,2017-11-01T13:18:48.000Z,0.0005991,0xb76c22caf4449ca354da2b77779e0d85fabbd31c,buy,0x514910771af9ca656af840dff83e8264ecf986ca,0xcd9b39e70ff48ccf448a6b039779b990be2c1afbd0e57db0741355e4f0a3d438
328,807.6902345061162,0.4786130022612893,0xeef43fa1d6cc1be1231620cb62deaa3097e19c59,2017-11-01T13:13:10.000Z,0.00059257,0x65f403f5ce12908bfa7d8089f54f097e8b686fae,buy,0x514910771af9ca656af840dff83e8264ecf986ca,0xd291d10b3bca19538b089edf2d231191bebae45a232b972fc16d5ef870803749
329,1611.790061157797,0.9670256829928435,0xeef43fa1d6cc1be1231620cb62deaa3097e19c59,2017-11-01T12:53:25.000Z,0.00059997,0x09e396aca9535fffc68c72f880ab36e252b73a43,buy,0x514910771af9ca656af840dff83e8264ecf986ca,0x688fd5ea9b01d7af1559de4681392b9fd6a2ca30276f70851a7ee022954760fb
330,200,0.119994,0xe770d2241601fa821bc172522bb2e53f19906ac2,2017-11-01T12:52:23.000Z,0.00059997,0x135d52d6fdc0512c32bd9b840b098d26cc7e68ce,sell,0x514910771af9ca656af840dff83e8264ecf986ca,0x30c8c22c46882b4620f849504d23da31bbe75618c2ca0ccf3ffc9b2d2f63bab5
331,825,0.45044175,0x65f403f5ce12908bfa7d8089f54f097e8b686fae,2017-11-01T12:33:48.000Z,0.00054599,0x0163febdd1d67f640bb9c95f369ed5da265efcaa,sell,0x514910771af9ca656af840dff83e8264ecf986ca,0xe24930f3b34060d72988bb4077bffa53c1d3ca77ee628aa0373e5cc43a7e8114
332,531,0.303201,0x11436e5de95bd057e01e89188de78f3d18c9b37e,2017-11-01T12:31:53.000Z,0.000571,0x0163febdd1d67f640bb9c95f369ed5da265efcaa,sell,0x514910771af9ca656af840dff83e8264ecf986ca,0xf8c583509aeb702d20235fda2a74b45a8a80df2112cce668181dc63dec699470
333,190,0.10298,0x3d2414ec1676f4facd6725b2f175fb5522fa5c2e,2017-11-01T12:28:50.000Z,0.000542,0x0163febdd1d67f640bb9c95f369ed5da265efcaa,sell,0x514910771af9ca656af840dff83e8264ecf986ca,0xd34e6257bb102f1ebde7717c96e1f38ef7e4aa6ef851a6253fdd041e4692a14a
334,410,0.245987659,0x36d8e6cf7f9bc4c020faaf3360ef1b033f8c7b77,2017-11-01T12:28:50.000Z,0.0005999699,0x3e4f6ab2d787830f338decf92b9f8ba4e597c00b,buy,0x514910771af9ca656af840dff83e8264ecf986ca,0x4e275957703c287efbb56fece974975ad81df6eda7f30168165121a7857f464e
335,0.000000000001770864,0.000000000000001167,0xb72ef86c66fbe58754c7437ee724e9c51aedee18,2017-11-01T12:28:11.000Z,0.0006590003523703683,0x36a313d72aea756062d97ecf47841ea963c53340,buy,0x514910771af9ca656af840dff83e8264ecf986ca,0x9fcda1e3cec3a6298cee1669e9d7b4ffb9d747232dcca9eee23ba984d8de3bc8
336,302,0.1811909098,0x0b00cb7d7247b77f828360ac1af6826b01e667cb,2017-11-01T12:22:34.000Z,0.0005999699,0x3e4f6ab2d787830f338decf92b9f8ba4e597c00b,buy,0x514910771af9ca656af840dff83e8264ecf986ca,0x0e151f90bdcac0b4955e9cd5cbb4cacc440f7baba4f01641facf785140de4f61
337,0.05582822671681863,0.000033495255600467,0x91f393650b00852200e1ef5d4a46e6aec5d1ea0c,2017-11-01T12:19:01.000Z,0.0005999699,0x3e4f6ab2d787830f338decf92b9f8ba4e597c00b,buy,0x514910771af9ca656af840dff83e8264ecf986ca,0xef62229d7532e3c95402d8886ba4302d9b2b5899b084fb7e9890a5b883d2dcc3
338,400,0.237324,0xabe61029d75c4773228f06d0a3f99f392ab6241b,2017-11-01T12:13:54.000Z,0.00059331,0x65f403f5ce12908bfa7d8089f54f097e8b686fae,buy,0x514910771af9ca656af840dff83e8264ecf986ca,0xf4318c05b1e528035992e8382be510352fec8a67253f7dfabff1fbe929b74636
339,0.000000015593688,0.000000000011695266,0xb72ef86c66fbe58754c7437ee724e9c51aedee18,2017-11-01T12:04:17.000Z,0.00075,0x3c04897fa5b4be309e92f4aa20cfea6b4ed77fdb,buy,0x514910771af9ca656af840dff83e8264ecf986ca,0xb546fbf0e1cd350ded844b78f98384f81a21f44f840c63df987bf145a3a6801c
340,0.000170022038446376,0.000000117315206528,0xb72ef86c66fbe58754c7437ee724e9c51aedee18,2017-11-01T12:02:37.000Z,0.0006900000000000033,0xa077c5ac99fa4f927b26db5006e78bfa4fce1480,buy,0x514910771af9ca656af840dff83e8264ecf986ca,0x0f72ed324d0fb08fe37801b88b89a4ced6a69bee5a05da890af0bd52342a5e91
341,400,0.218396,0x65f403f5ce12908bfa7d8089f54f097e8b686fae,2017-11-01T11:59:41.000Z,0.00054599,0x3da4ebcffab7a579feffbac8a2a6e27d9e23f0d5,sell,0x514910771af9ca656af840dff83e8264ecf986ca,0x5002983d32acf519ddd10a293a8e36a48b0739cc10b1f2975e658885964e04ef
342,1100.15,0.652763001,0xabe61029d75c4773228f06d0a3f99f392ab6241b,2017-11-01T11:44:48.000Z,0.00059334,0x65f403f5ce12908bfa7d8089f54f097e8b686fae,buy,0x514910771af9ca656af840dff83e8264ecf986ca,0xcf5ad007d7c9bfda3522db2f0c5b3e0d01bb0f6a92478c513d923ddd1faa0c8d
343,1.238725091239517,0.001176788836677541,0xb72ef86c66fbe58754c7437ee724e9c51aedee18,2017-11-01T11:41:32.000Z,0.00095,0xf5a792213118935de54219f42add0a844470f327,buy,0x514910771af9ca656af840dff83e8264ecf986ca,0xae816a71897651cde491e4fd5d6cae9c61a9a56e927d7c01ec033d34c088ac41
344,25,0.02375,0xb72ef86c66fbe58754c7437ee724e9c51aedee18,2017-11-01T11:40:34.000Z,0.00095,0xaa5a8763179d7e24b0230e981cf7cd5d9fa7cff8,buy,0x514910771af9ca656af840dff83e8264ecf986ca,0x2ca1e493e5882b952013f2941889799dadba2c58449768fbaf2a78d1a19fa071
345,2.4447566249871775,0.016868820712411525,0xb72ef86c66fbe58754c7437ee724e9c51aedee18,2017-11-01T11:35:43.000Z,0.0069,0x94b0bf6dd676f7b4884557735945b927535fd822,buy,0x514910771af9ca656af840dff83e8264ecf986ca,0x1fbb54f66eb824be74c03a820ad4ac8388650bfa9f14381f0522faa03f511629
346,30,0.0465,0xb72ef86c66fbe58754c7437ee724e9c51aedee18,2017-11-01T11:34:07.000Z,0.00155,0xf7d7a18d73c9dc9603d1758612e23210bd885f4e,buy,0x514910771af9ca656af840dff83e8264ecf986ca,0xaecbcc51b5960ab0f38754de31961713a9d4b8aa1011542eee810d196dbf20bf
347,26.499,0.03486049446,0xb72ef86c66fbe58754c7437ee724e9c51aedee18,2017-11-01T11:29:35.000Z,0.00131554,0x7305f8591ab2ebf857f644e01af61f9e95f25060,buy,0x514910771af9ca656af840dff83e8264ecf986ca,0x8822009ecebc9babee3d1dd237f4c0079543e9c518dae6e1bf8d6633a4db3255
348,1000,0.6,0xabe61029d75c4773228f06d0a3f99f392ab6241b,2017-11-01T11:19:51.000Z,0.0006,0xf42ddd97a317dab6367e8f5dabdc432669bb4879,buy,0x514910771af9ca656af840dff83e8264ecf986ca,0xb3a46978bdddf438af6419d979a2d74ce9f1bd13b707d8dcb2cdb7a51465835f
349,290,0.1537,0x6e1801a6c4860f390d485ce43927cf2f140f07e5,2017-11-01T11:06:54.000Z,0.00053,0x0e14dea2bbb1f49bfa42993a6ceb67f66fa87b90,sell,0x514910771af9ca656af840dff83e8264ecf986ca,0xd47b46c54783ed89af5e3ee1bf9ef9f410bbcc8e63522aa4cccf97c40e6d8301
350,1204.0175456086133,0.6393333167181736,0x9b5c533d9fb52df389a46371ae3b72141d301f5a,2017-11-01T11:04:28.000Z,0.000531,0x0e14dea2bbb1f49bfa42993a6ceb67f66fa87b90,sell,0x514910771af9ca656af840dff83e8264ecf986ca,0xc09ce983212e1605e5bfc872cab002eec6c3351581e222e6078cad50f599285e
351,5595.801476015795,2.965774782288371,0x6e1801a6c4860f390d485ce43927cf2f140f07e5,2017-11-01T11:02:09.000Z,0.00053,0x9a13efe96c24c0a28dfe3e4674b596b51d61d0f9,sell,0x514910771af9ca656af840dff83e8264ecf986ca,0x7ab9e2c723fab4cbb68803f4071ef53c37e2458b48eb534dd93375083034dcdf
352,1295.9824543913867,0.6881666832818263,0x9b5c533d9fb52df389a46371ae3b72141d301f5a,2017-11-01T11:02:09.000Z,0.000531,0x8f89466ffe8ab2e65fa584f51829615d2c613424,sell,0x514910771af9ca656af840dff83e8264ecf986ca,0xa6a8813a47e7c46d495dc5f670de03d999149f1093b83ef34b89c9a4e4dc0d33
353,10940.085734223905,5.79824543913867,0x6e1801a6c4860f390d485ce43927cf2f140f07e5,2017-11-01T10:55:59.000Z,0.00053,0x9778550d76b07ac9f5e57392f68ecdf6efc1774e,sell,0x514910771af9ca656af840dff83e8264ecf986ca,0xec4d9ef6f3e72c0ad1001df2a2972cc53f067a6c780fd9dcb513545fae3b561d
354,2500,1.3525,0x9b5c533d9fb52df389a46371ae3b72141d301f5a,2017-11-01T10:53:28.000Z,0.000541,0x09e396aca9535fffc68c72f880ab36e252b73a43,sell,0x514910771af9ca656af840dff83e8264ecf986ca,0x76bcbd0899dca2f51341e1be928fb874df75b0da9f420cb8ffc7cbb537895b9f
355,500,0.2725,0x34f65e7c2045a7f75122caaffb2f1dc93c45468f,2017-11-01T10:53:28.000Z,0.000545,0x09e396aca9535fffc68c72f880ab36e252b73a43,sell,0x514910771af9ca656af840dff83e8264ecf986ca,0x878aeff74161419ec634100e288edc411b9eac6b805c9155606ab475fd5c4fa9
356,3000,1.62,0x9b5c533d9fb52df389a46371ae3b72141d301f5a,2017-11-01T10:47:59.000Z,0.00054,0x09e396aca9535fffc68c72f880ab36e252b73a43,sell,0x514910771af9ca656af840dff83e8264ecf986ca,0xf3a6027596c49bfc5c92282e00141ec89a39a67cb5ea51400c689d666dc51f0f
357,2000,1.062,0xcfd5d60e0f447636f1643cd9b7a9547062cb0863,2017-11-01T10:32:24.000Z,0.000531,0x09e396aca9535fffc68c72f880ab36e252b73a43,sell,0x514910771af9ca656af840dff83e8264ecf986ca,0x78de58c4481bd2b3d1ffa1fa02e4c2ca85ec28b885f5ecedc6e71d7acda6adcf
358,2000,1.07,0x105d1fea56008e7d6f13f6f5b29cf278589526eb,2017-11-01T10:32:15.000Z,0.000535,0x09e396aca9535fffc68c72f880ab36e252b73a43,sell,0x514910771af9ca656af840dff83e8264ecf986ca,0x512cc453c1a77753312c27271fb17d13a3e5f77d801a3b2a5a39fd1358853f88
359,1000,0.55,0xc8ecaa02ae41ad17d1ce19ca59bb2f541ad99324,2017-11-01T10:30:20.000Z,0.00055,0x09e396aca9535fffc68c72f880ab36e252b73a43,sell,0x514910771af9ca656af840dff83e8264ecf986ca,0x25a456f24365ddeb81f8b2271bce09f8675446b3cfeda8c59abd6a47663cac3f
360,2000,1.1,0xcfd5d60e0f447636f1643cd9b7a9547062cb0863,2017-11-01T10:30:01.000Z,0.00055,0x09e396aca9535fffc68c72f880ab36e252b73a43,sell,0x514910771af9ca656af840dff83e8264ecf986ca,0x38b82c0107fa57fd60405465d38a080856b32ecefa2f9e82e93d604323fb3c6b
361,1000,0.55,0x105d1fea56008e7d6f13f6f5b29cf278589526eb,2017-11-01T10:30:01.000Z,0.00055,0x09e396aca9535fffc68c72f880ab36e252b73a43,sell,0x514910771af9ca656af840dff83e8264ecf986ca,0x5ec699158cff89500a58a5e47e827b39a68660fc29bc699bf7a1625b423a240b
362,385.331,0.213088043,0x00b17ad3fb6332399c605d650bdf00cd456a18cf,2017-11-01T10:16:36.000Z,0.000553,0x3cc1e0ad933503c9e843d38ca3b3c069ae3a2581,sell,0x514910771af9ca656af840dff83e8264ecf986ca,0xdf9874c10edf7a9947916ab6cb0bf1edf77598626cea4e0091652bd420c21e01
363,0.669,0.000369957,0x00b17ad3fb6332399c605d650bdf00cd456a18cf,2017-11-01T10:12:28.000Z,0.000553,0x8c09b402cc380239b046329cf722337a7d94efd5,sell,0x514910771af9ca656af840dff83e8264ecf986ca,0x276b465c6a70ad6539a1e4cd999d8707e61f63ee3be90f197dda40bbb1976207
364,114,0.063042,0x00b17ad3fb6332399c605d650bdf00cd456a18cf,2017-11-01T10:10:29.000Z,0.000553,0x8c09b402cc380239b046329cf722337a7d94efd5,sell,0x514910771af9ca656af840dff83e8264ecf986ca,0x647001d1d07049b9905629b94ec7185813001c96bfe7e066ee72b69efeacc5a0
365,327.911,0.18363343911,0xf58dcfa3afb09a491be10a7e8aaf99afc9311df2,2017-11-01T10:08:32.000Z,0.00056001,0x8c09b402cc380239b046329cf722337a7d94efd5,sell,0x514910771af9ca656af840dff83e8264ecf986ca,0x59838ec68436f3d9f563eb49a75511f20ddbcca04e0de5af62b0c9eb0f4f61fc
366,2000,1.122,0x3dd434a613e6d7014ed25f1fd40e90f984a3291a,2017-11-01T10:04:35.000Z,0.000561,0x09e396aca9535fffc68c72f880ab36e252b73a43,sell,0x514910771af9ca656af840dff83e8264ecf986ca,0xf02e99ae86a7ffdf603dddc730c58dd923ee75d196581316aa790adeae305462
367,276.7930847861892,0.18821929765460865,0x0962d6d984f1843d45b5436fd94390718a0952a5,2017-11-01T10:03:12.000Z,0.0006799999999999999,0x273a5d3e6721b9f5c1a6474f560c1334c63dda01,sell,0x514910771af9ca656af840dff83e8264ecf986ca,0x6af8615837cd6b215cc3875b7064817712bebcb0d68fefb01e6fbe55dd66021f
368,277.62596267421185,0.1706122563255505,0x273a5d3e6721b9f5c1a6474f560c1334c63dda01,2017-11-01T10:03:12.000Z,0.00061453999,0x3e4f6ab2d787830f338decf92b9f8ba4e597c00b,buy,0x514910771af9ca656af840dff83e8264ecf986ca,0x6af8615837cd6b215cc3875b7064817712bebcb0d68fefb01e6fbe55dd66021f
369,1000,0.5615,0x5e36818f14e672ddd980bc522d2c1744cf06f422,2017-11-01T10:03:12.000Z,0.0005615,0x8c09b402cc380239b046329cf722337a7d94efd5,sell,0x514910771af9ca656af840dff83e8264ecf986ca,0x0635e93089fe44f08e9ea23d134806e6f547cafeb41dfc6e6b22e4622885d1f5
370,20000,11.24,0xcb6ab60ec4d9a3a7879ab0816c3b45624e8c67ae,2017-11-01T10:02:26.000Z,0.000562,0x3cc1e0ad933503c9e843d38ca3b3c069ae3a2581,sell,0x514910771af9ca656af840dff83e8264ecf986ca,0x0b90bb24eb1e92949d51eea25dcda542154b5fbad16a087e54a253cc5db7cbce
371,1334.255,0.7605254834255,0x6e1801a6c4860f390d485ce43927cf2f140f07e5,2017-11-01T10:01:33.000Z,0.0005700001,0x8c09b402cc380239b046329cf722337a7d94efd5,sell,0x514910771af9ca656af840dff83e8264ecf986ca,0x1d80fffdebcb2d8ac921ad39db55430f4f59f7fff156e7625095c413c2ea4e70
372,1808.6349013037818,1.0309220746066459,0x6e1801a6c4860f390d485ce43927cf2f140f07e5,2017-11-01T09:57:57.000Z,0.0005700001,0x8d271b7dee29678ddbb3669c8a3f15f0a3713b9a,sell,0x514910771af9ca656af840dff83e8264ecf986ca,0xc3682ccf56b2bed231da5f618e29c0366cdf7c82a39030f7d036725eec0493e5
373,4111.66263451598,2.3436477016741084,0xdf5a4eea5c9b4659426510e955e5c52fa5245421,2017-11-01T09:56:14.000Z,0.00057,0x8d271b7dee29678ddbb3669c8a3f15f0a3713b9a,sell,0x514910771af9ca656af840dff83e8264ecf986ca,0xc091bcd642dca451a58851d6afaf16ea32999180a0ee7cb50f39018288d6df55
374,16159.273046259283,9.210787252295095,0x6e1801a6c4860f390d485ce43927cf2f140f07e5,2017-11-01T09:51:48.000Z,0.0005700001,0x3e4f6ab2d787830f338decf92b9f8ba4e597c00b,sell,0x514910771af9ca656af840dff83e8264ecf986ca,0xa82b4934a50139d47943a5d963d788d12dec0b22aaa16d6f84a7bdfcaac6f9d2
375,580,0.33176,0x8be9b4fc633014f520db96c4b75de38954ce6802,2017-11-01T09:51:24.000Z,0.000572,0x3e4f6ab2d787830f338decf92b9f8ba4e597c00b,sell,0x514910771af9ca656af840dff83e8264ecf986ca,0x6e3d98e5d9c00cc59d2ee244d891d3ed27f45a6b8a94a95faefe627f6947bbd8
376,200,0.1146,0x779f7997ab5e572bf0c550b0c8530a26af7fe481,2017-11-01T09:50:46.000Z,0.000573,0x3e4f6ab2d787830f338decf92b9f8ba4e597c00b,sell,0x514910771af9ca656af840dff83e8264ecf986ca,0xa4d28bbf51965541cd4703c2f51b5f9c6400f95eacc8896120a1409f9de79427
377,63.412,0.03804783412,0xaa5a8763179d7e24b0230e981cf7cd5d9fa7cff8,2017-11-01T09:50:46.000Z,0.00060001,0x3e4f6ab2d787830f338decf92b9f8ba4e597c00b,sell,0x514910771af9ca656af840dff83e8264ecf986ca,0x6864db660a503d4c8ed806105b08fda2cec29f02435ba3652dd1120ece0b33d8
378,697.8367062107467,0.39776699232379625,0x6e1801a6c4860f390d485ce43927cf2f140f07e5,2017-11-01T09:46:50.000Z,0.0005700001,0xb1d70e579dda889cc0350a846741ba8a2ba1837a,sell,0x514910771af9ca656af840dff83e8264ecf986ca,0x4a6de8a716990614c00cc190378b1b166b806031206df5da51dcec541917d634
