,amount,amountBase,buyer,date,price,seller,side,tokenAddr,txHash
0,2982,9.2442,0x7ba6ee41b6b50ebe7d085e453c09a7a501965a01,2017-11-02T10:28:21.000Z,0.0031,0xe6fe4cbee8d62718fadb696189a83aadcca8b4e3,sell,0xff3519eeeea3e76f1f699ccce5e23ee0bdda41ac,0x61d7980e1f32a54c61953302d75ed3392b8bf02677edc191593a27df9aeccdbb
1,20,0.061,0x0006e4548aed4502ec8c844567840ce6ef1013f5,2017-11-02T06:37:30.000Z,0.00305,0xe62b49dd208f7c0f0be52be7667c8a92d5ce7cc2,sell,0xff3519eeeea3e76f1f699ccce5e23ee0bdda41ac,0x3668777fa78fb0aa1e5bf3dad540eff5e37adcfff6f6f4e662451afefaca83c2
2,490,1.4945,0x0006e4548aed4502ec8c844567840ce6ef1013f5,2017-11-02T05:29:10.000Z,0.00305,0xe62b49dd208f7c0f0be52be7667c8a92d5ce7cc2,sell,0xff3519eeeea3e76f1f699ccce5e23ee0bdda41ac,0xa60273e7496b18a2eb0267a69a58f01f5539c443ce535c1afc4d6a18d0f5a171
3,300,0.93,0xce0a39a9759f2b0d3355595dbb26ba88ab48eb5d,2017-11-02T05:27:47.000Z,0.0031,0xe62b49dd208f7c0f0be52be7667c8a92d5ce7cc2,sell,0xff3519eeeea3e76f1f699ccce5e23ee0bdda41ac,0x965ab6f1d8228d115456aa7b742e15d51e54703682484f2043fc37fbc2fd525a
4,2,0.00888,0xf180ae11d6d346279adef4894c5afd7ccbb9ac99,2017-11-01T01:03:31.000Z,0.00444,0x95d1089bfdcf8dbb5d2b3bc16573b42ed4ad6d35,buy,0xff3519eeeea3e76f1f699ccce5e23ee0bdda41ac,0x7ed24eab9ef5a414fe77d04a45514635de036f140284a5e26a58c77f1f698931
5,1,0.00408,0xf180ae11d6d346279adef4894c5afd7ccbb9ac99,2017-11-01T00:50:57.000Z,0.00408,0xa3d559a26e0252266d4d43231d7c29707c76d8b0,buy,0xff3519eeeea3e76f1f699ccce5e23ee0bdda41ac,0x0c885c5a5244bdf629076a681f39d88dc070c4beb2b2d927a410795a3d8116d8
6,16,0.0652528762335581,0x9b523cadad9e979617073e444c021bd326b74dbf,2017-10-31T14:00:22.000Z,0.0040783047645973815,0xfbf7dc0756a9768d0c71aea5f8421f3b1eaee7d1,buy,0xff3519eeeea3e76f1f699ccce5e23ee0bdda41ac,0x49a93fc800f291c98a64c8ceb67be6995c52f73b23dc797afced0cfd10c20775
7,1,0.00384,0x9b523cadad9e979617073e444c021bd326b74dbf,2017-10-31T09:40:19.000Z,0.00384,0xfbf7dc0756a9768d0c71aea5f8421f3b1eaee7d1,buy,0xff3519eeeea3e76f1f699ccce5e23ee0bdda41ac,0xb7f651a2b7733495bef6a2fca4ddfab385921b81daa1d921e0a6c21ff7f9d069
8,5,0.0195,0xe3d0a0d0fcdab0f65f97c5e29b3d413e827ca3ce,2017-10-31T03:11:47.000Z,0.0039,0xfbf7dc0756a9768d0c71aea5f8421f3b1eaee7d1,sell,0xff3519eeeea3e76f1f699ccce5e23ee0bdda41ac,0x65f3dc41694e8fba03e6b21a789e70c4690ef12c1800fc0ed9d341bb931446f8
9,1,0.00388,0x6cdea8e07bf82d7a07dbf36642d6e5be8623845c,2017-10-30T14:45:47.000Z,0.00388,0xfbf7dc0756a9768d0c71aea5f8421f3b1eaee7d1,buy,0xff3519eeeea3e76f1f699ccce5e23ee0bdda41ac,0x58c4fa987dc37e90c6421b13572e0dab00a82517b4da6a4ed4ee1ac395a14c3c
10,1,0.002915,0x0006e4548aed4502ec8c844567840ce6ef1013f5,2017-10-29T18:32:06.000Z,0.002915,0xe4bac8191754b79f955d06eca8d95faec6b57e24,sell,0xff3519eeeea3e76f1f699ccce5e23ee0bdda41ac,0xdcc5c533cdbfcbe5d438b558bc24a40330d57038270495fd976bc1a5009d3ca6
11,1,0.00296,0x934d3bac56631e528bab1432b412289129503f27,2017-10-29T18:31:35.000Z,0.00296,0xe4bac8191754b79f955d06eca8d95faec6b57e24,sell,0xff3519eeeea3e76f1f699ccce5e23ee0bdda41ac,0x9304fdf76561a157efbd5a12c6bcbb4141c25734b31be33b3e97987da60baa98
12,1980,5.8608,0x934d3bac56631e528bab1432b412289129503f27,2017-10-29T18:31:06.000Z,0.00296,0xe4bac8191754b79f955d06eca8d95faec6b57e24,sell,0xff3519eeeea3e76f1f699ccce5e23ee0bdda41ac,0x5b794169241b3dfbbc1e83755049a2ff7f068fbe9ece601e827ec737b71347d5
13,55,0.16445,0xa842db65486e996ca467833480b7e50f8a123443,2017-10-29T18:29:36.000Z,0.00299,0xe4bac8191754b79f955d06eca8d95faec6b57e24,sell,0xff3519eeeea3e76f1f699ccce5e23ee0bdda41ac,0x597dc2afb4bb9a5d031ffe8c5cc9b5ff9e431f27b417931cb4d117bc050d0020
14,203,0.609,0x1f22b9a1346ff129c014e4601e06155f5a47ec88,2017-10-29T18:26:37.000Z,0.003,0xe4bac8191754b79f955d06eca8d95faec6b57e24,sell,0xff3519eeeea3e76f1f699ccce5e23ee0bdda41ac,0x3551dbb67322d42a119b1b733d50b25d1aba2620c48d186e97187690a1309d5e
15,50,0.1525,0x7195ce4baee2ab1a5fc2d57131473ec395172450,2017-10-29T18:26:37.000Z,0.00305,0xe4bac8191754b79f955d06eca8d95faec6b57e24,sell,0xff3519eeeea3e76f1f699ccce5e23ee0bdda41ac,0xf1c644138096683de36e8af0e6885235ad319da569affde2fbb4143d0aae43ae
16,150,0.48,0x05fee3c07db6007cb08ab961760171b4decfb41c,2017-10-29T18:26:32.000Z,0.0032,0xe4bac8191754b79f955d06eca8d95faec6b57e24,sell,0xff3519eeeea3e76f1f699ccce5e23ee0bdda41ac,0x5fa9a88b1207a7dcc0b4bd54543d7813a422f1567f33f98910cc15ee5e3a312c
17,842,2.7786,0xa842db65486e996ca467833480b7e50f8a123443,2017-10-29T18:26:32.000Z,0.0033,0xe4bac8191754b79f955d06eca8d95faec6b57e24,sell,0xff3519eeeea3e76f1f699ccce5e23ee0bdda41ac,0x9e446e98719978b41127bc92c9de29410e5c24f7540dcbb2eed9f7393168b349
18,200,0.662,0xe3bb32d1e0e60c6fbba4a53f9f90450b3b794c4e,2017-10-29T18:26:22.000Z,0.00331,0xe4bac8191754b79f955d06eca8d95faec6b57e24,sell,0xff3519eeeea3e76f1f699ccce5e23ee0bdda41ac,0x6b1363a3ba2505698e69cb53405a6777f75822899cc7eb24e73af6790b41af27
19,1158,3.8214,0xa842db65486e996ca467833480b7e50f8a123443,2017-10-29T17:42:48.000Z,0.0033,0x78c8579517625d01905215c8e60e4bee6a47a14c,sell,0xff3519eeeea3e76f1f699ccce5e23ee0bdda41ac,0xd8383f00fa23b37c37ec0d8a7188fedb17c25d957a9f0df07ffeb21eb18803a9
20,147,0.441,0x1f22b9a1346ff129c014e4601e06155f5a47ec88,2017-10-28T17:07:45.000Z,0.003,0x1ed014aec47fae44c9e55bac7662c0b78ae61798,sell,0xff3519eeeea3e76f1f699ccce5e23ee0bdda41ac,0x41ff61e5d46e3aebf34ca770e54dfe00120f058087de6f4345366ce960f98c05
21,358,1.05610358,0x3f878dde0f23fee0b8e9938d93d581aa3d9cc61c,2017-10-28T13:52:33.000Z,0.00295001,0x66ae11fd341d8d1c207b7f7a228105f9652a110a,sell,0xff3519eeeea3e76f1f699ccce5e23ee0bdda41ac,0x12abb08c2c1cbdd77f46df988957352be876528d35d96d890c2f6187cbd95ae9
22,50,0.175,0x7195ce4baee2ab1a5fc2d57131473ec395172450,2017-10-27T21:18:04.000Z,0.0035,0xbdf6e91249c335ddf3f656c465326a69c13e1eb0,sell,0xff3519eeeea3e76f1f699ccce5e23ee0bdda41ac,0x0a4a945c6a5c5ab04cf34d5b58600b0f3b28a3d44b10bfdc699c6d9481f4fdb2
23,2266,7.90834,0xcc7c335f3365ae3f7e4e8c9535dc92780a4add9d,2017-10-27T12:45:12.000Z,0.00349,0xdd6d175523f04141484d8b4619a943afc880da28,sell,0xff3519eeeea3e76f1f699ccce5e23ee0bdda41ac,0x54823363ce5215ef4e8a0bd9a85ee392ff3b69d5f22f6362ef59dc926c2252bd
24,1,0.00349,0xcc7c335f3365ae3f7e4e8c9535dc92780a4add9d,2017-10-27T02:25:20.000Z,0.00349,0xa2b950dc320f67bffe5824af17c665b1fd3423ec,sell,0xff3519eeeea3e76f1f699ccce5e23ee0bdda41ac,0x08233b9deeaee3718ccd0ce58b806d671e99794174951ddce6129296534d329b
25,6460,22.5454,0xcc7c335f3365ae3f7e4e8c9535dc92780a4add9d,2017-10-27T02:22:53.000Z,0.00349,0xa2b950dc320f67bffe5824af17c665b1fd3423ec,sell,0xff3519eeeea3e76f1f699ccce5e23ee0bdda41ac,0x02ad69787a1d5481a342893fdd2561c0412eb4c81740407b0c721523edb27a18
26,50,0.1745005,0x8a9bcdc68d19e111663d6c986caf1da1eda1c304,2017-10-27T02:22:13.000Z,0.00349001,0xa2b950dc320f67bffe5824af17c665b1fd3423ec,sell,0xff3519eeeea3e76f1f699ccce5e23ee0bdda41ac,0x9a382345c0f2f0950df6f21bdb1a4b34dd6c97bd06791c8b07f74c1081af1da0
27,2818,10.1448,0x0960da039bb8151cacfef620476e8baf34bd9565,2017-10-27T02:21:55.000Z,0.0036,0xa2b950dc320f67bffe5824af17c665b1fd3423ec,sell,0xff3519eeeea3e76f1f699ccce5e23ee0bdda41ac,0xcef05d44dbc3c5bd2e0ce2c89ee7cfa327b21652f42f7156579007c9569ac0cf
28,98,0.3528,0x0960da039bb8151cacfef620476e8baf34bd9565,2017-10-26T17:03:28.000Z,0.0036,0x827c1d889e3d85a4e6b771e98d8678fb3f0bc89d,sell,0xff3519eeeea3e76f1f699ccce5e23ee0bdda41ac,0xfbf2785adae2ef83776e7393da4f6eb004dca950df7cc187be18c5439e085b85
29,41,0.14801,0xfbf7dc0756a9768d0c71aea5f8421f3b1eaee7d1,2017-10-26T10:59:08.000Z,0.00361,0x888a8969369bbef89ebf7946df871e58e5363a2e,sell,0xff3519eeeea3e76f1f699ccce5e23ee0bdda41ac,0xc118db795187c789c67711d3f71f5d5ea2bac3f01471d535910809eab7d6a790
30,1,0.003,0x8a9bcdc68d19e111663d6c986caf1da1eda1c304,2017-10-26T00:03:35.000Z,0.003,0x422d4d1f8a9373dc8b75f3e1aeab786083f38a51,buy,0xff3519eeeea3e76f1f699ccce5e23ee0bdda41ac,0x2e4dfab75b0aa042517d82a849250aff449fbd6fb56b7de3bef302ad25f80605
31,22,0.077,0xfbf7dc0756a9768d0c71aea5f8421f3b1eaee7d1,2017-10-24T12:55:58.000Z,0.0035,0x297a579da3eb123fd74109be43293454e0f88a1d,sell,0xff3519eeeea3e76f1f699ccce5e23ee0bdda41ac,0xff2da470685d2f18413c074f3b2bef07575e56c02e05380fd868154a96a3a2aa
32,4924,17.18476,0xcc7c335f3365ae3f7e4e8c9535dc92780a4add9d,2017-10-24T12:06:44.000Z,0.00349,0x7b6b2f3c88ce2ecedc01c545f13faf36034d772f,sell,0xff3519eeeea3e76f1f699ccce5e23ee0bdda41ac,0x23714c6548285ac42b8e02e78a4f7888d6c02f75577d328763c96bcdef0a102d
33,1,0.00349,0xcc7c335f3365ae3f7e4e8c9535dc92780a4add9d,2017-10-24T04:51:58.000Z,0.00349,0x74735a48cee3770441652d6abbfb107b00cea5a7,sell,0xff3519eeeea3e76f1f699ccce5e23ee0bdda41ac,0x044b18adb1bdd2d253d2a39b64fd37a37da9176c563d30179cb5bbeb238e03c6
34,12348,43.09452,0xcc7c335f3365ae3f7e4e8c9535dc92780a4add9d,2017-10-24T04:50:55.000Z,0.00349,0x74735a48cee3770441652d6abbfb107b00cea5a7,sell,0xff3519eeeea3e76f1f699ccce5e23ee0bdda41ac,0xd4a358e23ad63e45dec18c5f677a84a59590c6130164af1ede4005af7c04e872
35,1000,3.5,0xdbf41cc72d1185c4c4980312c51dda5de8ea104a,2017-10-24T04:48:46.000Z,0.0035,0x74735a48cee3770441652d6abbfb107b00cea5a7,sell,0xff3519eeeea3e76f1f699ccce5e23ee0bdda41ac,0xf82e0dcd4dd6408d86fd578f0d400026b806597ff8476818c6b3c1d22adc7e06
36,1,0.0035,0xdbf41cc72d1185c4c4980312c51dda5de8ea104a,2017-10-24T02:42:55.000Z,0.0035,0xfd35b270cef3020f50c0f1bb4b723ad470045702,buy,0xff3519eeeea3e76f1f699ccce5e23ee0bdda41ac,0xc75bf4cfcb53dfd37efa6b071497abd2a5ee398030470d233a46958060d68f25
37,2,0.0071,0xdbf41cc72d1185c4c4980312c51dda5de8ea104a,2017-10-24T02:42:43.000Z,0.00355,0xdd39b760748c1ca92133fd7fc5448f3e6413c138,buy,0xff3519eeeea3e76f1f699ccce5e23ee0bdda41ac,0x4dd3cf4b7d3b0c366468a9311f8e9eb3861684a216a1a13224cf4fb4c70a162c
38,4116,13.9944,0xcc7c335f3365ae3f7e4e8c9535dc92780a4add9d,2017-10-23T22:14:09.000Z,0.0034,0xacbca1d9c651cb4d8bee82c00d6015e1d4604604,buy,0xff3519eeeea3e76f1f699ccce5e23ee0bdda41ac,0xe2f746615e5fa6d8c3a1bac7cfa6cb8df0af9123929c6fde29d7b9bcbc934ff3
39,4150,14.11,0x5a01e248364beedae2dc37ddce5f45dc5b7011c6,2017-10-23T22:12:32.000Z,0.0034,0xacbca1d9c651cb4d8bee82c00d6015e1d4604604,buy,0xff3519eeeea3e76f1f699ccce5e23ee0bdda41ac,0xa9437bbdcc63f27867b9d305a742006dfd401e66c48a2ba5338a6225a3e28b11
40,174,0.592962195230629,0xa574be1c972bb8bd74df7d111696b130bec068a3,2017-10-23T17:04:30.000Z,0.0034078287082220052,0xacbca1d9c651cb4d8bee82c00d6015e1d4604604,buy,0xff3519eeeea3e76f1f699ccce5e23ee0bdda41ac,0x0864d654c55a688a7db867702d9941c4801c90c3d79028a696a6ef38c73d968a
41,117,0.39429,0xa574be1c972bb8bd74df7d111696b130bec068a3,2017-10-23T17:03:02.000Z,0.00337,0x14d6a9617a144ac2ee29a309862a3d88ba2820d6,buy,0xff3519eeeea3e76f1f699ccce5e23ee0bdda41ac,0x663c502fea65459e41e381d0445de352957c624bae9ff4c42150dcf64122d99a
42,1301,4.399971783471239,0xed05637cafbf838059080a3ad9bb059140995554,2017-10-23T16:53:01.000Z,0.0033819921471723593,0xdd39b760748c1ca92133fd7fc5448f3e6413c138,buy,0xff3519eeeea3e76f1f699ccce5e23ee0bdda41ac,0x7b78411e1aea909937ca10c2884534d411539a998b9a2630d29964d3fb6b2248
43,28,0.093072,0xce0a39a9759f2b0d3355595dbb26ba88ab48eb5d,2017-10-23T06:24:41.000Z,0.003324,0x8827c05bf3292d0f2c33b20a6f07fb8c287dbc74,buy,0xff3519eeeea3e76f1f699ccce5e23ee0bdda41ac,0x31aabaed0898075115059e9c292e763b892494ca3b8f4c6c79b92e0238dbabf6
44,120,0.402,0xce0a39a9759f2b0d3355595dbb26ba88ab48eb5d,2017-10-23T06:23:25.000Z,0.00335,0xe024c4ecad2c31ecbec328e69e1c32e9c26cb254,buy,0xff3519eeeea3e76f1f699ccce5e23ee0bdda41ac,0x11b9b33499511250ad7dcefdd7b8631e319862c175f5b2c834470ee298f0d71c
45,4871,14.1259,0xed05637cafbf838059080a3ad9bb059140995554,2017-10-22T21:38:07.000Z,0.0029,0xbc1845a864aa2a7ba7513bc6837ff7d66ec191c4,sell,0xff3519eeeea3e76f1f699ccce5e23ee0bdda41ac,0x5309e155afc1ed8dde0e8ad4cfd4c270e697e5432b386d52141c4539a47c77c5
46,2000,5.82004,0x934d3bac56631e528bab1432b412289129503f27,2017-10-22T21:37:48.000Z,0.00291002,0xbc1845a864aa2a7ba7513bc6837ff7d66ec191c4,sell,0xff3519eeeea3e76f1f699ccce5e23ee0bdda41ac,0xf8b2487e08f263580ab665484fd3a63dd9fad31ea8d0bd01a923f85eefadb60b
47,9,0.02610189,0x3f878dde0f23fee0b8e9938d93d581aa3d9cc61c,2017-10-21T20:11:20.000Z,0.00290021,0x422d4d1f8a9373dc8b75f3e1aeab786083f38a51,sell,0xff3519eeeea3e76f1f699ccce5e23ee0bdda41ac,0x8628e66485199a08379dff4fdbd468e1d2de02f2a3312bf78325e3a16c7285ce
48,347,1.023651735,0x3f878dde0f23fee0b8e9938d93d581aa3d9cc61c,2017-10-21T13:35:58.000Z,0.002950005,0xbc1845a864aa2a7ba7513bc6837ff7d66ec191c4,sell,0xff3519eeeea3e76f1f699ccce5e23ee0bdda41ac,0x6d2c427a60a4e9c64590c0dffe68005808d557f19852cad4ece78f760f1ec7fb
49,1200,3.54,0x934d3bac56631e528bab1432b412289129503f27,2017-10-21T13:24:37.000Z,0.00295,0xbc1845a864aa2a7ba7513bc6837ff7d66ec191c4,sell,0xff3519eeeea3e76f1f699ccce5e23ee0bdda41ac,0x070219fdf9f6181c6fe781f2ed1c438ebc5f30979a19a33d73b73cf5cdd2a93c
50,23,0.06670023,0x3f878dde0f23fee0b8e9938d93d581aa3d9cc61c,2017-10-20T13:25:08.000Z,0.00290001,0x20b74232b7159e1456205702953b65007d9401f1,sell,0xff3519eeeea3e76f1f699ccce5e23ee0bdda41ac,0x2aae73387693d9b225694896a5df264cca7db252d783fd55a201a4c6a5f5407e
51,300,0.87003,0x3f878dde0f23fee0b8e9938d93d581aa3d9cc61c,2017-10-20T13:23:26.000Z,0.0029001,0x20b74232b7159e1456205702953b65007d9401f1,sell,0xff3519eeeea3e76f1f699ccce5e23ee0bdda41ac,0x7f91c074c792ee88b258d676582450486504ce53142ae44fcbb15ba9286e8f0f
52,1117,3.2393,0xed05637cafbf838059080a3ad9bb059140995554,2017-10-19T22:39:04.000Z,0.0029,0x196f6c8982a8197bcfbd6d28ecd5535dec9ac016,sell,0xff3519eeeea3e76f1f699ccce5e23ee0bdda41ac,0x630a0adb89a3d02b66cbc9c5108da8afa7c2c9a0db526db3fe5d231ebe14be12
53,104,0.301704,0x3f878dde0f23fee0b8e9938d93d581aa3d9cc61c,2017-10-19T22:38:21.000Z,0.002901,0x196f6c8982a8197bcfbd6d28ecd5535dec9ac016,sell,0xff3519eeeea3e76f1f699ccce5e23ee0bdda41ac,0xff2e1db7819fe5d3a22d9394d06ac0dad4a054e2b541e84672edf41548d33a96
54,146,0.42194,0x3f878dde0f23fee0b8e9938d93d581aa3d9cc61c,2017-10-19T19:31:38.000Z,0.00289,0xfd35b270cef3020f50c0f1bb4b723ad470045702,buy,0xff3519eeeea3e76f1f699ccce5e23ee0bdda41ac,0x4b3a1566e4cfc5855376e5e61be51927582aa03047990e4706e1c9c3a5e16e9d
55,3,0.00867,0x93d8f97f319e0a62f8ef899ac1c2527e2ce417d6,2017-10-19T17:18:52.000Z,0.00289,0xfd35b270cef3020f50c0f1bb4b723ad470045702,buy,0xff3519eeeea3e76f1f699ccce5e23ee0bdda41ac,0xe1986c1dfae4ae7e4ec7afb44ab2129e8026b964cb50b0b22df39af3a8b21a48
56,1,0.002867,0x3f878dde0f23fee0b8e9938d93d581aa3d9cc61c,2017-10-18T22:31:22.000Z,0.002867,0xbf52f67f8524587d6a7ab1f1f8d092c635b9587f,sell,0xff3519eeeea3e76f1f699ccce5e23ee0bdda41ac,0x69924d0662d6d81b1cedf5af99eb292d37f62bdb0a8a14a073c0b6f3befaf0cd
57,74,0.21201,0x3f878dde0f23fee0b8e9938d93d581aa3d9cc61c,2017-10-18T16:16:37.000Z,0.002865,0x46899f3f40e69de70854c0c02cdc2b0a241a3187,sell,0xff3519eeeea3e76f1f699ccce5e23ee0bdda41ac,0x83ade7e7c811719471f2e7fd4918fde7615396a8a37a9714f29c91d4ef55652a
58,67,0.22511665,0xa574be1c972bb8bd74df7d111696b130bec068a3,2017-10-18T14:07:50.000Z,0.00335995,0x452c269a8a0cfd08d74ab2b6315be63c9807c259,buy,0xff3519eeeea3e76f1f699ccce5e23ee0bdda41ac,0xb81ce55e6ec0cb38fbf06ba8397656010db2f810cbb40363caaa653998765e2c
59,34,0.113594,0xa574be1c972bb8bd74df7d111696b130bec068a3,2017-10-18T12:00:41.000Z,0.003341,0x8827c05bf3292d0f2c33b20a6f07fb8c287dbc74,buy,0xff3519eeeea3e76f1f699ccce5e23ee0bdda41ac,0xd2fb34ecd591a71038027f5bb5ffb2f05c3f62b069b849ab77ebd4a39742c6cc
60,126,0.36036,0x934d3bac56631e528bab1432b412289129503f27,2017-10-18T08:48:46.000Z,0.00286,0xf59a27dbef09c4de6851471deb581a5d59795a2c,sell,0xff3519eeeea3e76f1f699ccce5e23ee0bdda41ac,0xe399f631256643b75955060a193636d2d689329cad77c881b3e0508bd4f8a31d
61,19,0.064704,0xa574be1c972bb8bd74df7d111696b130bec068a3,2017-10-17T08:43:08.000Z,0.0034054736842105264,0x8827c05bf3292d0f2c33b20a6f07fb8c287dbc74,buy,0xff3519eeeea3e76f1f699ccce5e23ee0bdda41ac,0x6d0e9f86c10ea0f1d38c1e905a24d598524e0ea7d982f928a9f7d3b789ca7925
62,96,0.2736,0xed05637cafbf838059080a3ad9bb059140995554,2017-10-17T08:42:19.000Z,0.00285,0xf7be4ac3084be99242b846c8caae5c9929839008,sell,0xff3519eeeea3e76f1f699ccce5e23ee0bdda41ac,0x268ea04eee2560a9dfcb75c12b7e32db8848ecb9dde3fd2733e125d626b723a5
63,10,0.0337,0xa574be1c972bb8bd74df7d111696b130bec068a3,2017-10-17T08:41:03.000Z,0.00337,0x8827c05bf3292d0f2c33b20a6f07fb8c287dbc74,buy,0xff3519eeeea3e76f1f699ccce5e23ee0bdda41ac,0x3032566e2a99e16f1d0adedb0e2f9803e3e0e333992a0e7aea2487076ca94126
64,195,0.55575,0xed05637cafbf838059080a3ad9bb059140995554,2017-10-17T05:18:47.000Z,0.00285,0x50e6390b1f9695b17daf0cd029ef1cd0c4ce04ce,sell,0xff3519eeeea3e76f1f699ccce5e23ee0bdda41ac,0x5ac24fad537aff5e9e535df8a577f170c8b91158626a9c2a247f20ae3d4f46ce
65,335,0.95475,0xed05637cafbf838059080a3ad9bb059140995554,2017-10-17T00:26:30.000Z,0.00285,0x9c98fac6b658a3997dd657031cf6bf9e96eccab5,sell,0xff3519eeeea3e76f1f699ccce5e23ee0bdda41ac,0xe44202309ec641a5017c67a189644cde52e0235d4890e23c525da9f64a515cce
66,1,0.0014,0x9c98fac6b658a3997dd657031cf6bf9e96eccab5,2017-10-17T00:06:56.000Z,0.0014,0xd1d61b9f613e797f08927a114caef8f51f8d5a5f,buy,0xff3519eeeea3e76f1f699ccce5e23ee0bdda41ac,0xaea0ab9e2adb3611c7e97c891b3a3af2b0e7f850312f99cafdf2e115500efa5f
67,1,0.00285,0xed05637cafbf838059080a3ad9bb059140995554,2017-10-16T22:48:25.000Z,0.00285,0x5980c0f23eee0ca13f858f47c1fd2267f1fad449,sell,0xff3519eeeea3e76f1f699ccce5e23ee0bdda41ac,0x1f47dd3245c420b6a0cdaecc4a2dc9a7064ede8ed627bc4eadea8622b8c8af84
68,6244,17.7954,0xed05637cafbf838059080a3ad9bb059140995554,2017-10-16T22:45:13.000Z,0.00285,0x5980c0f23eee0ca13f858f47c1fd2267f1fad449,sell,0xff3519eeeea3e76f1f699ccce5e23ee0bdda41ac,0x3b144ace0d6b66b87ae92982d0f56511f82b4d34f9d52314221ba6c1429ae499
69,1,0.0028,0xfd35b270cef3020f50c0f1bb4b723ad470045702,2017-10-16T15:46:06.000Z,0.0028,0xf7be4ac3084be99242b846c8caae5c9929839008,sell,0xff3519eeeea3e76f1f699ccce5e23ee0bdda41ac,0xc84254c21b3fd25cdc4a801e7d0492536256a693de2dc715ed8778b70183b203
70,8572,24.860785705491324,0xed05637cafbf838059080a3ad9bb059140995554,2017-10-16T12:36:58.000Z,0.002900231650197308,0xd1d61b9f613e797f08927a114caef8f51f8d5a5f,buy,0xff3519eeeea3e76f1f699ccce5e23ee0bdda41ac,0x18bbff9395c4a6325b7d7abf70399a33b7f7a5ee4ecb5b3d47881a2d5bbf2f3f
71,149,0.4172,0xfd35b270cef3020f50c0f1bb4b723ad470045702,2017-10-16T11:45:08.000Z,0.0028,0xc8912237e3219838c2349067c54f18c5162fbf0d,sell,0xff3519eeeea3e76f1f699ccce5e23ee0bdda41ac,0x00e75c01a02417b78302fb18a6e628a4db5d365408f36713aedba15721ed52cb
72,150,0.435,0xc8912237e3219838c2349067c54f18c5162fbf0d,2017-10-16T11:43:07.000Z,0.0029,0xd1d61b9f613e797f08927a114caef8f51f8d5a5f,buy,0xff3519eeeea3e76f1f699ccce5e23ee0bdda41ac,0xd9c3e1ec80536b246f5cfd97e333a713dc1f36272c0318446ba36338bbbd4573
73,870,2.523914294508676,0x7ba6ee41b6b50ebe7d085e453c09a7a501965a01,2017-10-16T04:59:20.000Z,0.0029010509132283632,0xd1d61b9f613e797f08927a114caef8f51f8d5a5f,buy,0xff3519eeeea3e76f1f699ccce5e23ee0bdda41ac,0x73d8023ce4302bca6fdbfdd169cfdcc9f57c7b9bbfd1ea7bd4e95adae6bc13e6
74,450,1.305,0x934d3bac56631e528bab1432b412289129503f27,2017-10-16T03:32:14.000Z,0.0029,0xacbca1d9c651cb4d8bee82c00d6015e1d4604604,sell,0xff3519eeeea3e76f1f699ccce5e23ee0bdda41ac,0xb69bb8af7b8a86107af95c773c109eb41cdddc1ee9692cb1b3b12282065ceba9
75,347,1.0063,0x934d3bac56631e528bab1432b412289129503f27,2017-10-16T03:30:25.000Z,0.0029,0xacbca1d9c651cb4d8bee82c00d6015e1d4604604,sell,0xff3519eeeea3e76f1f699ccce5e23ee0bdda41ac,0x55f76cb412ea5e35e9bd681b2371763ea7fe9eb5666def7c35fa970c0bf05fd7
76,109,0.3161109,0x452c269a8a0cfd08d74ab2b6315be63c9807c259,2017-10-16T03:29:28.000Z,0.0029001,0xacbca1d9c651cb4d8bee82c00d6015e1d4604604,sell,0xff3519eeeea3e76f1f699ccce5e23ee0bdda41ac,0xfe4826c8df1b914aadea77889a49bc70bb7b57d4b4f6da3a9f2e293620550bd5
77,573,1.6617,0x934d3bac56631e528bab1432b412289129503f27,2017-10-15T22:36:54.000Z,0.0029,0x1ed014aec47fae44c9e55bac7662c0b78ae61798,sell,0xff3519eeeea3e76f1f699ccce5e23ee0bdda41ac,0xffde137cc4555d00784eaad1973fa884440af903014a005a391e1d5dfabbcc6d
78,5,0.015055,0xf308ec90bb0b89d150adaf689b361b02fda153b3,2017-10-15T21:35:31.000Z,0.003011,0x9662be6896a8b470ecf59a7f2e681c2f4ac521b3,sell,0xff3519eeeea3e76f1f699ccce5e23ee0bdda41ac,0xa32ef306e6de26e290e3e147b2a0e7492399fcc56f5fc627fa98adc03ccd10bf
79,1580,4.582,0x934d3bac56631e528bab1432b412289129503f27,2017-10-15T20:48:32.000Z,0.0029,0x9662be6896a8b470ecf59a7f2e681c2f4ac521b3,sell,0xff3519eeeea3e76f1f699ccce5e23ee0bdda41ac,0x29169d255737444e40f915e02e0cbbc70b55a83e255a14229c9689d4edc90c18
80,35,0.110285,0x93d8f97f319e0a62f8ef899ac1c2527e2ce417d6,2017-10-15T20:40:23.000Z,0.003151,0x9662be6896a8b470ecf59a7f2e681c2f4ac521b3,sell,0xff3519eeeea3e76f1f699ccce5e23ee0bdda41ac,0x8476d42447c54e635175b0ffd0520e5b1750fe297190b93858ce81626ef5627e
81,75,0.2542882165287608,0x7ba6ee41b6b50ebe7d085e453c09a7a501965a01,2017-10-15T20:36:15.000Z,0.003390509553716811,0xdd39b760748c1ca92133fd7fc5448f3e6413c138,buy,0xff3519eeeea3e76f1f699ccce5e23ee0bdda41ac,0x2df1acf656737e7a0cac6703ea4a40bf22423cf444abb2fd3a41ac897cbd716d
82,49,0.15435,0xd2f658a64e4b3c2adf91a413f848bf701c6822af,2017-10-15T15:04:41.000Z,0.00315,0x2249f2fa7ca5bd91211390be3798686040b7fed7,sell,0xff3519eeeea3e76f1f699ccce5e23ee0bdda41ac,0x87a77d0f106963dae9fe2fe5a1daa04318adf380e9311194559de1acd07f26b9
83,68,0.1972068,0x452c269a8a0cfd08d74ab2b6315be63c9807c259,2017-10-15T07:51:42.000Z,0.0029001,0x2249f2fa7ca5bd91211390be3798686040b7fed7,sell,0xff3519eeeea3e76f1f699ccce5e23ee0bdda41ac,0xba097c7cc043f53d77b71a44e2c916e0e6f456bcb2c996a07a58f8686d6971b3
84,118,0.4022980018375528,0x2249f2fa7ca5bd91211390be3798686040b7fed7,2017-10-15T07:13:42.000Z,0.0034093051003182442,0x9c98fac6b658a3997dd657031cf6bf9e96eccab5,buy,0xff3519eeeea3e76f1f699ccce5e23ee0bdda41ac,0xfe4891b21c8720e6b4be13954b0da0f202ae92cce1fd7217048d8e4ca53704c0
85,651,1.95951,0x0960da039bb8151cacfef620476e8baf34bd9565,2017-10-15T05:30:26.000Z,0.00301,0xacbca1d9c651cb4d8bee82c00d6015e1d4604604,sell,0xff3519eeeea3e76f1f699ccce5e23ee0bdda41ac,0xd0fb0bd348a0ee8ee086926b90a3ad2546ac69e74fcd2fa6f7a350a904cb4c74
86,16349,49.21049,0x0960da039bb8151cacfef620476e8baf34bd9565,2017-10-15T04:03:45.000Z,0.00301,0x95d1089bfdcf8dbb5d2b3bc16573b42ed4ad6d35,sell,0xff3519eeeea3e76f1f699ccce5e23ee0bdda41ac,0xe7d7e60a08f72ca35256180315e429e993581c720408dfdb89717385a834edce
87,70,0.21077,0xf308ec90bb0b89d150adaf689b361b02fda153b3,2017-10-15T02:48:49.000Z,0.003011,0x9c98fac6b658a3997dd657031cf6bf9e96eccab5,sell,0xff3519eeeea3e76f1f699ccce5e23ee0bdda41ac,0x9d678027d34dc5186506888ca4bc1aa1f6c73d9325b989510df4587d3af7f19c
88,1,0.0029,0x833438ee8ac5c23f579ec08142f2285b4a596b74,2017-10-14T22:43:29.000Z,0.0029,0x4a05511011de77ad52e763a4648bb86a50e37d5e,buy,0xff3519eeeea3e76f1f699ccce5e23ee0bdda41ac,0xe60268a72b681c34e982e6ebc7f91a2759b04bbb3b2654ba37c92497368cf2cf
89,20000,63,0x0960da039bb8151cacfef620476e8baf34bd9565,2017-10-14T18:39:13.000Z,0.00315,0x95d1089bfdcf8dbb5d2b3bc16573b42ed4ad6d35,sell,0xff3519eeeea3e76f1f699ccce5e23ee0bdda41ac,0xe423ae334005b07cb8cbb91f95fb78501a19fc423bd8d3c5eafa5642129be7a1
90,28,0.09999995,0x87eb8e079ded802c2ee2b34af5641884ae5aec05,2017-10-14T14:26:58.000Z,0.0035714267857142857,0xdd39b760748c1ca92133fd7fc5448f3e6413c138,buy,0xff3519eeeea3e76f1f699ccce5e23ee0bdda41ac,0xcd017ddeb2b96583907a6c278ef68900bff9e20a1d6e3ea5415d736d806e01c1
91,4,0.014454,0x5d5065b42bdee0274e394ba9042c21e1818c69cf,2017-10-14T08:41:55.000Z,0.0036135,0x8827c05bf3292d0f2c33b20a6f07fb8c287dbc74,sell,0xff3519eeeea3e76f1f699ccce5e23ee0bdda41ac,0x155f60fa121af4ed75443f9507bf4dad6d41f4f7fb0e737ee9081dd8e60f7a08
92,52,0.1993826781270217,0xbd727bfceaa04bfff489419180b52f9eb8c76620,2017-10-14T08:10:33.000Z,0.003834282271673494,0x452c269a8a0cfd08d74ab2b6315be63c9807c259,buy,0xff3519eeeea3e76f1f699ccce5e23ee0bdda41ac,0x457284a49eafee096972f7e3dc4e168c2d5038b644061a0b49b5b5339714acf3
93,95,0.359955,0x399781b954472fb2f6e21d3ad930fffef42d8b10,2017-10-14T08:05:27.000Z,0.003789,0x452c269a8a0cfd08d74ab2b6315be63c9807c259,buy,0xff3519eeeea3e76f1f699ccce5e23ee0bdda41ac,0x7340091facedc990c8f67f7f2a25f9a0ec0c782369eded7fa4cfd855f21f4462
94,948,3.6979668993968695,0x5aae6c9740a13f0370b828c5cc6931450ddcf57d,2017-10-14T06:57:09.000Z,0.0039008089656085124,0x7b6b2f3c88ce2ecedc01c545f13faf36034d772f,buy,0xff3519eeeea3e76f1f699ccce5e23ee0bdda41ac,0xd39516963bbc30c109b9f1b49d7d26032a415b4d227041e35407e8c27d609a07
95,50,0.189999405,0x5aae6c9740a13f0370b828c5cc6931450ddcf57d,2017-10-14T06:50:31.000Z,0.0037999881,0x452c269a8a0cfd08d74ab2b6315be63c9807c259,buy,0xff3519eeeea3e76f1f699ccce5e23ee0bdda41ac,0xdee5ad6f48f4b59e45c18e637f5058b9e4fcdfe26f45a1c207a6153c86ca146b
96,1,0.00365,0x5347f352b546d1d409f186d665544bfd080d4f6f,2017-10-14T06:41:34.000Z,0.00365,0x004268a3ab83720b656fb2b5cadef931a30cf357,buy,0xff3519eeeea3e76f1f699ccce5e23ee0bdda41ac,0x99fc6d93976eb093863f2f341b4b4c7c98d380ad242b6944ae7d9701c80d2897
97,1,0.000500011,0xb902ba6e3272e66c74035d7e30f4fa9279bd56f9,2017-10-14T02:11:46.000Z,0.000500011,0x46899f3f40e69de70854c0c02cdc2b0a241a3187,sell,0xff3519eeeea3e76f1f699ccce5e23ee0bdda41ac,0xa0ce6ea71d0ae0da1014cf21c7721eda222246adc981071307ae5f040e692bc7
98,1,0.000500011,0xb902ba6e3272e66c74035d7e30f4fa9279bd56f9,2017-10-14T02:11:01.000Z,0.000500011,0x46899f3f40e69de70854c0c02cdc2b0a241a3187,sell,0xff3519eeeea3e76f1f699ccce5e23ee0bdda41ac,0xa0ce6ea71d0ae0da1014cf21c7721eda222246adc981071307ae5f040e692bc7
99,23,0.0759483,0x93d8f97f319e0a62f8ef899ac1c2527e2ce417d6,2017-10-14T02:07:13.000Z,0.0033021,0x46899f3f40e69de70854c0c02cdc2b0a241a3187,sell,0xff3519eeeea3e76f1f699ccce5e23ee0bdda41ac,0xacb5492bef87173f4334ced4ee23b8de87d3051b077656b45626ed7c13a98d29
100,300,0.84,0xbdf6e91249c335ddf3f656c465326a69c13e1eb0,2017-10-14T02:01:44.000Z,0.0028,0x46899f3f40e69de70854c0c02cdc2b0a241a3187,sell,0xff3519eeeea3e76f1f699ccce5e23ee0bdda41ac,0xed738c86ec9a660e722e5c38fb07e3986d3cd43ffc262018427e45744578518e
101,88,0.2816,0xed05637cafbf838059080a3ad9bb059140995554,2017-10-14T01:57:21.000Z,0.0032,0x46899f3f40e69de70854c0c02cdc2b0a241a3187,sell,0xff3519eeeea3e76f1f699ccce5e23ee0bdda41ac,0xd49554cfb7384694d0315e19c8f62831f0f4c6acf1ff3f3d8508d808629bdad6
102,504,1.664208,0x934d3bac56631e528bab1432b412289129503f27,2017-10-14T01:56:35.000Z,0.003302,0x46899f3f40e69de70854c0c02cdc2b0a241a3187,sell,0xff3519eeeea3e76f1f699ccce5e23ee0bdda41ac,0x4a85d0ab1ef63ecdc771917f4f2809cc2ed40a72edc727f50cdcdbf639c3f625
103,25,0.09025,0x1e530bb1d304522e4e0154a30bab497a4a243634,2017-10-14T01:46:06.000Z,0.00361,0x8827c05bf3292d0f2c33b20a6f07fb8c287dbc74,buy,0xff3519eeeea3e76f1f699ccce5e23ee0bdda41ac,0xf146820a0a5fede839e2721a096770952169f5fd5d616b9b6c9204a95b5e84fa
104,1096,3.618992,0x934d3bac56631e528bab1432b412289129503f27,2017-10-14T01:45:49.000Z,0.003302,0x004268a3ab83720b656fb2b5cadef931a30cf357,sell,0xff3519eeeea3e76f1f699ccce5e23ee0bdda41ac,0xa95c6174a64e7a53dacec637585e307258de1bc30db71008ca589c47cdfe36f7
105,15000,49.515,0x0960da039bb8151cacfef620476e8baf34bd9565,2017-10-14T01:34:44.000Z,0.003301,0x95d1089bfdcf8dbb5d2b3bc16573b42ed4ad6d35,sell,0xff3519eeeea3e76f1f699ccce5e23ee0bdda41ac,0x4aca67697d981097ed53d39bbda6ba5cf2789684e2a99ac02646b9168ca1a89b
106,15000,48.015,0x0960da039bb8151cacfef620476e8baf34bd9565,2017-10-14T01:34:10.000Z,0.003201,0x95d1089bfdcf8dbb5d2b3bc16573b42ed4ad6d35,sell,0xff3519eeeea3e76f1f699ccce5e23ee0bdda41ac,0x1fae2b7a5e0b19765ce86998c920d975bd286ce32e38877d2d1a4f79d3bac174
107,1,0.00379,0x3ac636ac5c3a2576156ac5f10066ca68abe0ad54,2017-10-13T21:15:53.000Z,0.00379,0x46899f3f40e69de70854c0c02cdc2b0a241a3187,buy,0xff3519eeeea3e76f1f699ccce5e23ee0bdda41ac,0xa91e5df4d9853d1958ed49f814729781e7ecd2e67bb5ff60abd5bd446c16815c
108,170,0.561357,0x3f878dde0f23fee0b8e9938d93d581aa3d9cc61c,2017-10-13T16:17:09.000Z,0.0033021,0x46899f3f40e69de70854c0c02cdc2b0a241a3187,buy,0xff3519eeeea3e76f1f699ccce5e23ee0bdda41ac,0x5a2a212b097c1a30fec332e613f876df20c291bb96d35319e12ac0ff543f535d
109,15000,49.515,0x0960da039bb8151cacfef620476e8baf34bd9565,2017-10-13T10:06:24.000Z,0.003301,0x95d1089bfdcf8dbb5d2b3bc16573b42ed4ad6d35,sell,0xff3519eeeea3e76f1f699ccce5e23ee0bdda41ac,0xda6480d875781c53c3b06062a19886a0800f3fa6e13a2775cf9591dbe2f30487
110,15000,49.515,0x0960da039bb8151cacfef620476e8baf34bd9565,2017-10-13T02:31:51.000Z,0.003301,0x95d1089bfdcf8dbb5d2b3bc16573b42ed4ad6d35,sell,0xff3519eeeea3e76f1f699ccce5e23ee0bdda41ac,0xa89dda180ad83042c03ac1a48788af5708922a8f54de8c4c4333ef7931889d94
111,15000,49.515,0x0960da039bb8151cacfef620476e8baf34bd9565,2017-10-12T17:14:35.000Z,0.003301,0x95d1089bfdcf8dbb5d2b3bc16573b42ed4ad6d35,sell,0xff3519eeeea3e76f1f699ccce5e23ee0bdda41ac,0x902a1efb6b7a5696c6ae1af246c818fb87408e186f25a82fb50b0ac3445c4b59
112,1517,5.53705,0xed05637cafbf838059080a3ad9bb059140995554,2017-10-12T16:54:25.000Z,0.00365,0xbb75e04be8e5356698f8b06e903a4eaf575a0114,buy,0xff3519eeeea3e76f1f699ccce5e23ee0bdda41ac,0xd43c409d42e50ada5617bd4690a9cbbee0b2b955063dcf595b4742accb19f262
113,150,0.5475,0xdae902c99336c1061f4f7e6423b7d0f73c8fd4fc,2017-10-12T16:28:01.000Z,0.00365,0xbb75e04be8e5356698f8b06e903a4eaf575a0114,sell,0xff3519eeeea3e76f1f699ccce5e23ee0bdda41ac,0x8c354f61380f01e0a1a3dbf14c56b45dcfba4b948e99988ef921e1ec7cb8ce02
114,10000,33.01,0xed05637cafbf838059080a3ad9bb059140995554,2017-10-12T13:05:45.000Z,0.003301,0x95d1089bfdcf8dbb5d2b3bc16573b42ed4ad6d35,sell,0xff3519eeeea3e76f1f699ccce5e23ee0bdda41ac,0x45c601b3a879f267d638326f71748ff215ba5be70384ebabcb8ca5514bc4664d
115,32,0.1223109360980959,0x591fb8017bdfde7a64f7d0043c9e65f33aa470b0,2017-10-12T08:23:19.000Z,0.003822216753065497,0xbb75e04be8e5356698f8b06e903a4eaf575a0114,buy,0xff3519eeeea3e76f1f699ccce5e23ee0bdda41ac,0x01118a9b2265fc988d8ca333a71b337ee42971118e4d0d4c26fa43e862beb3ae
116,1,0.0033,0x591fb8017bdfde7a64f7d0043c9e65f33aa470b0,2017-10-12T06:43:18.000Z,0.0033,0x720398c1bed5fa491b76d5705901a6027ca217a1,buy,0xff3519eeeea3e76f1f699ccce5e23ee0bdda41ac,0x2fc99c40b6cec55d8e6db8f596f91fc8c5ab24246848a0f741d19922494eb734
117,1,0.004159995,0xdd3b7b82caa14a588410caa5e37bc9c9c02f27ce,2017-10-12T04:53:07.000Z,0.004159995,0x7b6b2f3c88ce2ecedc01c545f13faf36034d772f,buy,0xff3519eeeea3e76f1f699ccce5e23ee0bdda41ac,0x3e68a50f13d51e2a82a677edbb8b8dfed425efba1d7c489b3d0a809d231eed36
118,10000,33.01,0x0960da039bb8151cacfef620476e8baf34bd9565,2017-10-12T01:56:29.000Z,0.003301,0x95d1089bfdcf8dbb5d2b3bc16573b42ed4ad6d35,sell,0xff3519eeeea3e76f1f699ccce5e23ee0bdda41ac,0xaa8a2a7ce38d4e04b957a12aa538944f3597d40109c62ef852078e65511809bf
119,433,1.5588,0xed05637cafbf838059080a3ad9bb059140995554,2017-10-12T01:54:29.000Z,0.0036,0x95d1089bfdcf8dbb5d2b3bc16573b42ed4ad6d35,sell,0xff3519eeeea3e76f1f699ccce5e23ee0bdda41ac,0xd0406a80a53beb5246b085e7051594c8f273016e4e6f95e93dc1d385609e21b8
120,700,2.625,0x399781b954472fb2f6e21d3ad930fffef42d8b10,2017-10-12T01:18:58.000Z,0.00375,0xbb75e04be8e5356698f8b06e903a4eaf575a0114,buy,0xff3519eeeea3e76f1f699ccce5e23ee0bdda41ac,0xce20db421f442e49a5e9e80712329a2ed2e0a851d385f147ba6f840da458f08f
121,36,0.1296,0xed05637cafbf838059080a3ad9bb059140995554,2017-10-11T15:32:31.000Z,0.0036,0x70377925e4eb724262aaa5a1042f89a46b9d2753,sell,0xff3519eeeea3e76f1f699ccce5e23ee0bdda41ac,0x8862467d156cc66115b6f96f543fa467454a101c20467f66d03e91153c127475
122,2031,7.3116,0xed05637cafbf838059080a3ad9bb059140995554,2017-10-11T13:39:18.000Z,0.0036,0x1ec4a6ba57ff2bd8a8db83f967a92cba52ae2a45,sell,0xff3519eeeea3e76f1f699ccce5e23ee0bdda41ac,0x9e16c3441032d549cdbc20bc7565c25cfb6019f47b0bcbcada03e5bd28fd70c6
123,2,0.008,0xbf52f67f8524587d6a7ab1f1f8d092c635b9587f,2017-10-11T09:49:51.000Z,0.004,0xf86b703db1fbf8f658a2cfdf63f339aad985ac37,buy,0xff3519eeeea3e76f1f699ccce5e23ee0bdda41ac,0x85d7bc6a2eca15373cc6c7615c0afa9f2cf41868a1334ba08be0a7b42b0a797d
124,5000,16.015,0xed05637cafbf838059080a3ad9bb059140995554,2017-10-10T13:27:28.000Z,0.003203,0x95d1089bfdcf8dbb5d2b3bc16573b42ed4ad6d35,sell,0xff3519eeeea3e76f1f699ccce5e23ee0bdda41ac,0xaa56396940dcafb0bd9fa65c3b1027e16bfe98431b995066f82320a722b2f963
125,5000,16.015,0x0960da039bb8151cacfef620476e8baf34bd9565,2017-10-10T12:21:02.000Z,0.003203,0x95d1089bfdcf8dbb5d2b3bc16573b42ed4ad6d35,sell,0xff3519eeeea3e76f1f699ccce5e23ee0bdda41ac,0x25507a11d5f61d01035801fba5e1c7cd516c208cdabc86adaef498a1965d81bd
126,3000,9.606,0x934d3bac56631e528bab1432b412289129503f27,2017-10-09T15:23:46.000Z,0.003202,0x95d1089bfdcf8dbb5d2b3bc16573b42ed4ad6d35,sell,0xff3519eeeea3e76f1f699ccce5e23ee0bdda41ac,0xa79daeb032b5a19ab2ff90a9af9237bbe9680cabd72dd992a78f7255dbaab831
127,5000,16.015,0x0960da039bb8151cacfef620476e8baf34bd9565,2017-10-09T15:20:15.000Z,0.003203,0x95d1089bfdcf8dbb5d2b3bc16573b42ed4ad6d35,sell,0xff3519eeeea3e76f1f699ccce5e23ee0bdda41ac,0x15a93c3bbc56ccf78933f78ae916625d87ec1200b2381b8860866ca5b06cd4a4
128,702,2.247102,0xed05637cafbf838059080a3ad9bb059140995554,2017-10-09T10:51:48.000Z,0.003201,0x4077b91fe0b3ada5cd812ff7ef730d59e4f43d7c,sell,0xff3519eeeea3e76f1f699ccce5e23ee0bdda41ac,0xb17b745cfefea7a358d204c1e8495a695cde069450fdb43bd34968ce4c15e544
129,3252,10.409652,0xed05637cafbf838059080a3ad9bb059140995554,2017-10-08T23:39:34.000Z,0.003201,0x95d1089bfdcf8dbb5d2b3bc16573b42ed4ad6d35,sell,0xff3519eeeea3e76f1f699ccce5e23ee0bdda41ac,0xdc34be77d679a4e95c95c87cb59386b3caa778032358889eb730223175a5e34f
130,250,0.82,0xdae902c99336c1061f4f7e6423b7d0f73c8fd4fc,2017-10-08T23:37:47.000Z,0.00328,0x95d1089bfdcf8dbb5d2b3bc16573b42ed4ad6d35,sell,0xff3519eeeea3e76f1f699ccce5e23ee0bdda41ac,0x46f07ab6be8322ff46692bd2bb7328e807339b9b18d3bc825edab41a63b03a7b
131,1,0.003201,0xdae902c99336c1061f4f7e6423b7d0f73c8fd4fc,2017-10-08T21:45:16.000Z,0.003201,0x2b95132eba0ec9cd0232e873f1bcbce6a10aaf47,buy,0xff3519eeeea3e76f1f699ccce5e23ee0bdda41ac,0xb68a7f986e3167eaa57dedf2a8a5a3f04ec9ead44c607f93d42901ecb2af2c24
132,1,0.00375,0x0024a5046fd95c5eee6db19a69ef7ed3bacd50f1,2017-10-08T17:51:28.000Z,0.00375,0xe62b49dd208f7c0f0be52be7667c8a92d5ce7cc2,buy,0xff3519eeeea3e76f1f699ccce5e23ee0bdda41ac,0xaa183b2e1ee519e1ee89f9479a0eea48d5969a906d871c6c8c7f2e309d5b3b6d
133,227,0.726627,0xed05637cafbf838059080a3ad9bb059140995554,2017-10-08T17:10:37.000Z,0.003201,0x2b95132eba0ec9cd0232e873f1bcbce6a10aaf47,sell,0xff3519eeeea3e76f1f699ccce5e23ee0bdda41ac,0x7aa7b25e640db23d70ed19b652c15f5beeb3fdf2613fe7ace9c94f43e69dc86a
134,1,0.003201,0xed05637cafbf838059080a3ad9bb059140995554,2017-10-08T12:29:50.000Z,0.003201,0x16c7c4b3e186e90966469f88588b4dbef5c516f4,sell,0xff3519eeeea3e76f1f699ccce5e23ee0bdda41ac,0xe7a3104b54b417ac87395695498837c3297c1e4ad9986cb18d5239c80c661ac9
135,1520,4.86552,0xed05637cafbf838059080a3ad9bb059140995554,2017-10-08T12:25:02.000Z,0.003201,0x804d4065101fcd07d628a9070e0b079f21a2c119,sell,0xff3519eeeea3e76f1f699ccce5e23ee0bdda41ac,0x120eca1ac1a6299d8e4b10697abf9ec54d7bf7c7427085c39110702c23856285
136,77,0.28798,0x07d1e66cb4a93e96223691f09fdc308781ef9279,2017-10-08T08:12:09.000Z,0.00374,0x292276e3b6a86e9b9e4cd9130fe8afbe9156c40d,buy,0xff3519eeeea3e76f1f699ccce5e23ee0bdda41ac,0x1e9fcbc2cf9761592d5e3b133e356676056a309a38f80417420c9ba05b97f413
137,4363,13.965963,0xed05637cafbf838059080a3ad9bb059140995554,2017-10-08T04:26:16.000Z,0.003201,0x95d1089bfdcf8dbb5d2b3bc16573b42ed4ad6d35,sell,0xff3519eeeea3e76f1f699ccce5e23ee0bdda41ac,0x855418455171a8a0657a21887a11c8286694f900a6277c03819406000934b748
138,3006,9.622206,0xed05637cafbf838059080a3ad9bb059140995554,2017-10-08T00:11:34.000Z,0.003201,0xf13278c5de06db7562c3c9e72cf3327cf1e31081,sell,0xff3519eeeea3e76f1f699ccce5e23ee0bdda41ac,0x75692aff8e760c2fed90edb301c6d7ea9d9924e10d8e6cba6b1dd7f6b3f12bcc
139,1,0.0038,0x7d053385a05276eedcaf706325ae34ae544741a6,2017-10-07T17:38:23.000Z,0.0038,0x9524dd08c7597bb632c1d490e9514c6a271345bb,buy,0xff3519eeeea3e76f1f699ccce5e23ee0bdda41ac,0x5f4edb49ee21ebbf50cc97acad885f86cff536b0d878a21557f3c54a5a1a6711
140,1939,6.206739,0xed05637cafbf838059080a3ad9bb059140995554,2017-10-07T13:32:20.000Z,0.003201,0x16c7c4b3e186e90966469f88588b4dbef5c516f4,sell,0xff3519eeeea3e76f1f699ccce5e23ee0bdda41ac,0xc948a1e912c9e8fb8c7592f634bdfb6ccae49c07c359e13748b9afa304268b1e
141,1,0.0038,0xeeb12121316645ac76b40ac9d130de4b2f655f6e,2017-10-07T13:00:25.000Z,0.0038,0xf13278c5de06db7562c3c9e72cf3327cf1e31081,buy,0xff3519eeeea3e76f1f699ccce5e23ee0bdda41ac,0x077a27152e52aefde3c4143785097d5ce3b7685b92b97c5ff3d875e2ba3fe13e
142,692,2.215092,0xed05637cafbf838059080a3ad9bb059140995554,2017-10-07T11:19:28.000Z,0.003201,0xc59f575cecf9c1dafaa88eb422027a3e45c120f9,sell,0xff3519eeeea3e76f1f699ccce5e23ee0bdda41ac,0x443f4b90e7a698300c703295da7f449944c3bbd08a2739deefe40a9fee8b4fd6
143,299,0.9867,0xed05637cafbf838059080a3ad9bb059140995554,2017-10-07T09:32:51.000Z,0.0033,0xfd984892743c3fb887ea2d63dcff5e3de1dae23b,buy,0xff3519eeeea3e76f1f699ccce5e23ee0bdda41ac,0x71eb18a6ec1f4eefda5abcd707244ec1792016ac1653eb63ec4116356166055c
144,393,1.2576,0xed05637cafbf838059080a3ad9bb059140995554,2017-10-07T09:14:21.000Z,0.0032,0x008418970d2a3dd09a430e754f77cc1c8b8aa59f,sell,0xff3519eeeea3e76f1f699ccce5e23ee0bdda41ac,0xd99e61ee3fa12ea914622b09c6b7d13e7ce54c24f2c902c8887dd751ed94aad0
145,4305,13.780305,0xed05637cafbf838059080a3ad9bb059140995554,2017-10-06T23:07:04.000Z,0.003201,0x95d1089bfdcf8dbb5d2b3bc16573b42ed4ad6d35,sell,0xff3519eeeea3e76f1f699ccce5e23ee0bdda41ac,0xdc8829de5be852162586313bca9dbd241ec55609a5807f3962d508773fd995e4
146,1946,6.2272,0x16c7c4b3e186e90966469f88588b4dbef5c516f4,2017-10-06T20:42:41.000Z,0.0032,0xddfd68ef18d2d273ee1d8a13ff6717b239816756,buy,0xff3519eeeea3e76f1f699ccce5e23ee0bdda41ac,0x285b3d608b119e63d967d4e6ed6a1b2074684ede61d746022425a76bb583436b
147,86,0.275286,0xed05637cafbf838059080a3ad9bb059140995554,2017-10-05T15:17:23.000Z,0.003201,0x9524dd08c7597bb632c1d490e9514c6a271345bb,sell,0xff3519eeeea3e76f1f699ccce5e23ee0bdda41ac,0x2e5d54cb8c48ad15e94be6a13c2baf595bb81e735e5364a929868a9eb177a9d8
148,26,0.1000008,0xb6eee08dd1fd9a5b6f45328b9196db505e754a68,2017-10-05T15:01:55.000Z,0.0038461846153846155,0x9524dd08c7597bb632c1d490e9514c6a271345bb,buy,0xff3519eeeea3e76f1f699ccce5e23ee0bdda41ac,0xaf129614a27491ac90dec09a9cfd9dcc7b4f1a71e95248b1ff0bce1b3ff1d98f
149,269,0.76665,0x934d3bac56631e528bab1432b412289129503f27,2017-10-05T04:27:45.000Z,0.00285,0x5e24a4d2dcbd989ea35920ddf4fd96b52181b770,sell,0xff3519eeeea3e76f1f699ccce5e23ee0bdda41ac,0x7cbea5c19f6baecb9d22a6edcb0a6b5884f4cf78fcbbc4ec39170f9c563d1fc2
150,5,0.02000187,0xae9e119bbc4c1c81f6711d88b3fd9e6d16ddd503,2017-10-05T01:10:32.000Z,0.004000374,0xddfd68ef18d2d273ee1d8a13ff6717b239816756,buy,0xff3519eeeea3e76f1f699ccce5e23ee0bdda41ac,0x73bca9d3ca5b8a1034e6412b38b0f6e1f0f6e5fb532bd6de1a9ec038db6e174b
151,98,0.343,0xabab4e24923db3308dfaba15688948fbc18cf1aa,2017-10-04T22:32:43.000Z,0.0035,0xbd13edac34b96bd247c2bd72dd2fe75a24351fce,sell,0xff3519eeeea3e76f1f699ccce5e23ee0bdda41ac,0xd198563a0f81d8632cb8042020e8206d0a001a55532e73b849f1fa07cbdca50c
152,100,0.36,0xabab4e24923db3308dfaba15688948fbc18cf1aa,2017-10-04T22:31:02.000Z,0.0036,0xbd13edac34b96bd247c2bd72dd2fe75a24351fce,sell,0xff3519eeeea3e76f1f699ccce5e23ee0bdda41ac,0x3fd5073f6b2142b5c59fe5e3bc60e7ea6b82393da0e573459d74be75fe656b1f
153,609,1.949409,0xed05637cafbf838059080a3ad9bb059140995554,2017-10-04T22:24:24.000Z,0.003201,0xbd13edac34b96bd247c2bd72dd2fe75a24351fce,sell,0xff3519eeeea3e76f1f699ccce5e23ee0bdda41ac,0x6723bf05102242bbdfc9bf99ba143a403b711c92f40ab4bfc9dab3dd32b609a7
154,100,0.34,0xabab4e24923db3308dfaba15688948fbc18cf1aa,2017-10-04T22:21:56.000Z,0.0034,0xbd13edac34b96bd247c2bd72dd2fe75a24351fce,sell,0xff3519eeeea3e76f1f699ccce5e23ee0bdda41ac,0x497d709b970ce11fd841d9ff6a3b275cd941fed7c79f37d664d1dd282453d5b1
155,91,0.32851,0x14d6a9617a144ac2ee29a309862a3d88ba2820d6,2017-10-04T22:18:53.000Z,0.00361,0xbd13edac34b96bd247c2bd72dd2fe75a24351fce,sell,0xff3519eeeea3e76f1f699ccce5e23ee0bdda41ac,0x330b94f2d52a909860ee402e9261171e9d454bf314f137b2bf72aba711327eb7
156,1371,6.1695,0x95d1089bfdcf8dbb5d2b3bc16573b42ed4ad6d35,2017-10-04T11:42:13.000Z,0.0045,0x95d1089bfdcf8dbb5d2b3bc16573b42ed4ad6d35,sell,0xff3519eeeea3e76f1f699ccce5e23ee0bdda41ac,0x3d40723d9446cb026ac6db66e4775af3ea223744b3fb73c65c96fad3caeb5e5b
157,2822,10.18742,0xed05637cafbf838059080a3ad9bb059140995554,2017-10-04T11:34:27.000Z,0.00361,0x95d1089bfdcf8dbb5d2b3bc16573b42ed4ad6d35,sell,0xff3519eeeea3e76f1f699ccce5e23ee0bdda41ac,0xd31729b9e38f1987f8a7259e3fe0990b5db482b52e22c4fcfe1cc0baa4531123
158,26,0.09412,0x14d6a9617a144ac2ee29a309862a3d88ba2820d6,2017-10-04T11:30:47.000Z,0.00362,0x95d1089bfdcf8dbb5d2b3bc16573b42ed4ad6d35,sell,0xff3519eeeea3e76f1f699ccce5e23ee0bdda41ac,0x8bc5e666a46420ab552b3f1f7e91f8132e6287e987aedc524f8f90ad55bc8c3e
159,50,0.1805,0x176b7983c61d387d075aa74d341e71d75edd9f70,2017-10-04T00:57:08.000Z,0.00361,0xddfd68ef18d2d273ee1d8a13ff6717b239816756,buy,0xff3519eeeea3e76f1f699ccce5e23ee0bdda41ac,0xf73e01137a204e2c7eb632b90f1f6dad183fa6defcc056d5936cecc75a5fd4dd
160,1141,4.11901,0xed05637cafbf838059080a3ad9bb059140995554,2017-10-04T00:09:26.000Z,0.00361,0x720398c1bed5fa491b76d5705901a6027ca217a1,sell,0xff3519eeeea3e76f1f699ccce5e23ee0bdda41ac,0xfebba7d24d13a8f792fae813ddbb59a26cd19c8ff95e3e164413d78ee5b74f5f
161,844,3.04684,0xed05637cafbf838059080a3ad9bb059140995554,2017-10-03T23:40:01.000Z,0.00361,0x720398c1bed5fa491b76d5705901a6027ca217a1,sell,0xff3519eeeea3e76f1f699ccce5e23ee0bdda41ac,0x5bc1968e504ad284ca90c93d3d6a27da81e5557a301c5eae2b5f32a6fa8243ac
162,100,0.361,0xed05637cafbf838059080a3ad9bb059140995554,2017-10-03T22:22:46.000Z,0.00361,0xf81ab81ca1a6a19cc7b69b2c7876ff6543060598,sell,0xff3519eeeea3e76f1f699ccce5e23ee0bdda41ac,0xad33c2c62db18dbd138c160c83035c002f883d51647ef16fdf0c430825cffb54
163,93,0.33573,0xed05637cafbf838059080a3ad9bb059140995554,2017-10-03T22:18:23.000Z,0.00361,0xf81ab81ca1a6a19cc7b69b2c7876ff6543060598,sell,0xff3519eeeea3e76f1f699ccce5e23ee0bdda41ac,0x1419a83bb8eb72e75bf0e0af3b199649ce78e19e6447b07b2814d5ebefd23d86
164,1817,7.268,0xed05637cafbf838059080a3ad9bb059140995554,2017-10-03T20:45:47.000Z,0.004,0x2b95132eba0ec9cd0232e873f1bcbce6a10aaf47,sell,0xff3519eeeea3e76f1f699ccce5e23ee0bdda41ac,0x22f673a8150a080135390e7336f3a4d181af56140d4a891c200d3558624906f6
165,1,0.00369,0x176b7983c61d387d075aa74d341e71d75edd9f70,2017-10-03T20:33:16.000Z,0.00369,0xf3772ba7953030905b8069f1abb4a051888faa91,buy,0xff3519eeeea3e76f1f699ccce5e23ee0bdda41ac,0x555edfee6a5f93708a62acdd6bbb96f476d044eb67c277fd9678ef76c489365e
166,183,0.732,0xed05637cafbf838059080a3ad9bb059140995554,2017-10-03T11:29:14.000Z,0.004,0xe5420291013c8fb0d6bb481432c8a0541694d3e6,sell,0xff3519eeeea3e76f1f699ccce5e23ee0bdda41ac,0xee1205cc207786f719a20893704383f4f753dfe0945bac1d1e87e3cc1123855f
167,690,2.208,0xed05637cafbf838059080a3ad9bb059140995554,2017-10-01T09:09:42.000Z,0.0032,0x8d98c9c7e663225bbd29167184d8af9f32cf15e5,buy,0xff3519eeeea3e76f1f699ccce5e23ee0bdda41ac,0xcdd36c65ffb62559d7c074b7f6c86a02974ffd2dbd9f5c3d9bb337bb9f9315d8
168,1010,3.232,0xed05637cafbf838059080a3ad9bb059140995554,2017-09-30T19:50:12.000Z,0.0032,0xca99a92ec8af79d3e07361d131ad503d4480aa59,sell,0xff3519eeeea3e76f1f699ccce5e23ee0bdda41ac,0x96563113463cde7bba6327345d26b7937530ddd50306a449d44c1082db604a40
169,1,0.0045,0x4390465b02069152d92be6146be0f32725891860,2017-09-30T17:52:46.000Z,0.0045,0xd8a62ad8a7efa8a3267932d2e478c026566fbe34,sell,0xff3519eeeea3e76f1f699ccce5e23ee0bdda41ac,0x2fac2e3a04fc077d68e70c9777a030a476c5f5c5acdc230802c9209938bdfe11
170,10,0.035,0xd8a62ad8a7efa8a3267932d2e478c026566fbe34,2017-09-30T17:37:57.000Z,0.0035,0x8d98c9c7e663225bbd29167184d8af9f32cf15e5,buy,0xff3519eeeea3e76f1f699ccce5e23ee0bdda41ac,0xb9b8b598045a3ed109ceb5881cb9692b4c9a9e8d54a075aa8c37ef989d030957
171,509,1.6288,0xed05637cafbf838059080a3ad9bb059140995554,2017-09-30T14:32:45.000Z,0.0032,0xf3772ba7953030905b8069f1abb4a051888faa91,sell,0xff3519eeeea3e76f1f699ccce5e23ee0bdda41ac,0x0a766cda9f38dc69f377e3ed4a7d39fa379912e8ae9a50c79672fec4738edfe2
172,1,0.00369,0xb665a81ad264b166e887fcdfa6a8879f5f1bfb44,2017-09-30T12:00:59.000Z,0.00369,0xf3772ba7953030905b8069f1abb4a051888faa91,buy,0xff3519eeeea3e76f1f699ccce5e23ee0bdda41ac,0x0918efbab8b361036270bf3afefa3d9f598bb079fbc6042016fb66e646b0433d
173,10,0.0369,0x468d01b3fe0b746430ab4ba3d652af70b913d122,2017-09-30T11:08:48.000Z,0.00369,0xf3772ba7953030905b8069f1abb4a051888faa91,buy,0xff3519eeeea3e76f1f699ccce5e23ee0bdda41ac,0xa0dc9c223f97bd05e3fc42e4d58033f50cfd1c467de5a5a6a64045c01be94fb0
174,9,0.0405,0x4390465b02069152d92be6146be0f32725891860,2017-09-30T11:08:48.000Z,0.0045,0x468d01b3fe0b746430ab4ba3d652af70b913d122,sell,0xff3519eeeea3e76f1f699ccce5e23ee0bdda41ac,0xa0dc9c223f97bd05e3fc42e4d58033f50cfd1c467de5a5a6a64045c01be94fb0
175,888,4.0000005,0x7fcd273dcef01d4dfc27a6f2bec235ca4b176246,2017-09-30T04:50:04.000Z,0.004504505067567568,0x0fd721194567b2d32a611c2d682971fe00dd7b37,buy,0xff3519eeeea3e76f1f699ccce5e23ee0bdda41ac,0xbc4f6c174258b61fe959962df645015437e339197b6e520c567e5ecc15ac8645
176,96,0.264,0xf732b16f5aee6cd2db5b30a7a3860764a48b19ff,2017-09-30T00:34:36.000Z,0.00275,0x8d98c9c7e663225bbd29167184d8af9f32cf15e5,buy,0xff3519eeeea3e76f1f699ccce5e23ee0bdda41ac,0x2e4973124092cc916726157b0a89e810bcfe3e38cf1d843c92b7c256e2e5d7bc
177,874,2.7094,0x5347f352b546d1d409f186d665544bfd080d4f6f,2017-09-29T21:39:11.000Z,0.0031,0xbc1845a864aa2a7ba7513bc6837ff7d66ec191c4,sell,0xff3519eeeea3e76f1f699ccce5e23ee0bdda41ac,0x9baf0317543511002b6f563f4cd62ba7048f5378f4284c0ae863359d1ca61394
178,2000,6.4,0xed05637cafbf838059080a3ad9bb059140995554,2017-09-29T21:37:35.000Z,0.0032,0xbc1845a864aa2a7ba7513bc6837ff7d66ec191c4,sell,0xff3519eeeea3e76f1f699ccce5e23ee0bdda41ac,0x6a2884859bda0bd1081cee1e93bafb9cb1ef40e8511de6618820fa5c97879010
179,2000,7.3,0xed05637cafbf838059080a3ad9bb059140995554,2017-09-29T15:08:19.000Z,0.00365,0xbc1845a864aa2a7ba7513bc6837ff7d66ec191c4,sell,0xff3519eeeea3e76f1f699ccce5e23ee0bdda41ac,0x693f4081c7f3483187219bc2a6ac09b574be7ae8a1c2f55c6312920a0769f3b2
180,2000,8.2,0xed05637cafbf838059080a3ad9bb059140995554,2017-09-29T05:29:58.000Z,0.0041,0x0fd721194567b2d32a611c2d682971fe00dd7b37,buy,0xff3519eeeea3e76f1f699ccce5e23ee0bdda41ac,0x40337af26c245309eca089a4d321d6e60abdb58fe1ea793a972234898baae3e7
181,126,0.3906,0x5347f352b546d1d409f186d665544bfd080d4f6f,2017-09-29T01:29:28.000Z,0.0031,0x080723e4aaefccec88d420fb81d26b73a4ee4679,sell,0xff3519eeeea3e76f1f699ccce5e23ee0bdda41ac,0xb0f9f568944c6318b176b9d523f58e9f2e5458dde75d8796ffd5005f8f5a4ec1
182,10,0.038,0x422d4d1f8a9373dc8b75f3e1aeab786083f38a51,2017-09-28T22:58:53.000Z,0.0038,0x080723e4aaefccec88d420fb81d26b73a4ee4679,sell,0xff3519eeeea3e76f1f699ccce5e23ee0bdda41ac,0x5f7aea1951b40d8b6fd27161149275d0d38392eb3c7a83b9cb2c5ef19a90510d
183,1,0.00599,0x0249924245a19aa2d7f5ddb0739a7132b7d094ab,2017-09-28T18:47:05.000Z,0.00599,0x7b6b2f3c88ce2ecedc01c545f13faf36034d772f,buy,0xff3519eeeea3e76f1f699ccce5e23ee0bdda41ac,0xb46587eea72d4837667d06cc4bdd498658de3120501f56087c8dcdcea18d1820
184,16,0.0592,0xbdf6e91249c335ddf3f656c465326a69c13e1eb0,2017-09-28T16:40:51.000Z,0.0037,0xf81ab81ca1a6a19cc7b69b2c7876ff6543060598,sell,0xff3519eeeea3e76f1f699ccce5e23ee0bdda41ac,0x53b85e17f2b96be3af380c03863f2259c12146a235876fafe988bb3b69acee9b
185,178,0.65860178,0x3dee4a4e076e8d82859d241db0baf46f112cfa23,2017-09-28T16:39:47.000Z,0.00370001,0xf81ab81ca1a6a19cc7b69b2c7876ff6543060598,sell,0xff3519eeeea3e76f1f699ccce5e23ee0bdda41ac,0x4406fea0313117dc70f51ba12fb586a93e2617be2625b7555402eb50d624d448
186,434,1.6058,0xbdf6e91249c335ddf3f656c465326a69c13e1eb0,2017-09-28T15:29:47.000Z,0.0037,0xf81ab81ca1a6a19cc7b69b2c7876ff6543060598,sell,0xff3519eeeea3e76f1f699ccce5e23ee0bdda41ac,0x44d966c663fec0f8121aa87ce55e1b4a9e7f98eb88a5b3243bf8b1d6718b0e38
187,222,0.82140222,0x3dee4a4e076e8d82859d241db0baf46f112cfa23,2017-09-28T14:59:04.000Z,0.00370001,0xf81ab81ca1a6a19cc7b69b2c7876ff6543060598,sell,0xff3519eeeea3e76f1f699ccce5e23ee0bdda41ac,0x5eb082e890dab337dcb9da036c55f11a7284f8f7ef8b3eed2f5c4cc1d82044fc
188,496,2.232,0x7fcd273dcef01d4dfc27a6f2bec235ca4b176246,2017-09-28T09:19:12.000Z,0.0045,0x669f0ab96fd3beb68bc836bb874894bbb516331a,sell,0xff3519eeeea3e76f1f699ccce5e23ee0bdda41ac,0x436269cd797b81aa193884b637e75de2a2056887441702ce4f9829eea93529aa
189,1,0.0076,0xa0be78d2bac6a692adba423c7af50ec86a18bddf,2017-09-28T04:52:49.000Z,0.0076,0xf86b703db1fbf8f658a2cfdf63f339aad985ac37,buy,0xff3519eeeea3e76f1f699ccce5e23ee0bdda41ac,0x16acffef741098ea420e3279106f5132bcce36ff2986e338880ea5d04e66b5b7
190,118,0.8999996,0x7fcd273dcef01d4dfc27a6f2bec235ca4b176246,2017-09-28T02:17:18.000Z,0.007627115254237288,0xf86b703db1fbf8f658a2cfdf63f339aad985ac37,buy,0xff3519eeeea3e76f1f699ccce5e23ee0bdda41ac,0x485d2d5d11e23ba9a3de7ca56fe72a303d04cf40cd0ba3119c8305fc13673cb6
191,500,2.75,0x7fcd273dcef01d4dfc27a6f2bec235ca4b176246,2017-09-28T01:35:40.000Z,0.0055,0xed05637cafbf838059080a3ad9bb059140995554,buy,0xff3519eeeea3e76f1f699ccce5e23ee0bdda41ac,0xf0d41a989be94d9812871aa956d532e2c0b4047da73783a94f9c7b7fa9a1ca40
192,15,0.054,0xb8186b97012530dceadc931136bf6cc7e4237f10,2017-09-27T02:21:07.000Z,0.0036,0x0fd721194567b2d32a611c2d682971fe00dd7b37,buy,0xff3519eeeea3e76f1f699ccce5e23ee0bdda41ac,0x420d545dede243b0a34465cb3da1c072c02bf8439f4a5fd6c6ecf6cacce6c1f6
193,7,0.0252,0x725d746a30c7a64d139a8cf699c81b4b0e1723ad,2017-09-26T22:05:32.000Z,0.0036,0xd735f6e3160a083d54df637772bfd9e65845cbbb,sell,0xff3519eeeea3e76f1f699ccce5e23ee0bdda41ac,0xb146db6d14c73aa20c60782504ed50750326aed464c6eafb3b3c58b0f3c6ac4c
194,500,1.50005,0x3dee4a4e076e8d82859d241db0baf46f112cfa23,2017-09-26T17:46:52.000Z,0.0030001,0xbc1845a864aa2a7ba7513bc6837ff7d66ec191c4,sell,0xff3519eeeea3e76f1f699ccce5e23ee0bdda41ac,0x82d8100a9e8c0488bebf3502cd7f8370e29789e7564d19644d9128cea4be7197
195,32,0.1184,0xbdf6e91249c335ddf3f656c465326a69c13e1eb0,2017-09-22T09:24:26.000Z,0.0037,0xf81ab81ca1a6a19cc7b69b2c7876ff6543060598,sell,0xff3519eeeea3e76f1f699ccce5e23ee0bdda41ac,0x1df2bbffcb616b494c92622d09bdbad9ddda0e52f6da40ecc211772526527ccb
196,75,0.2775,0xbdf6e91249c335ddf3f656c465326a69c13e1eb0,2017-09-22T09:19:34.000Z,0.0037,0xf81ab81ca1a6a19cc7b69b2c7876ff6543060598,sell,0xff3519eeeea3e76f1f699ccce5e23ee0bdda41ac,0x8284623bd07d5326a20f2457d487c33bd0c22ea324f9d428e4c68e4509b76793
197,22,0.0836,0xbdf6e91249c335ddf3f656c465326a69c13e1eb0,2017-09-22T09:19:06.000Z,0.0038,0xf81ab81ca1a6a19cc7b69b2c7876ff6543060598,sell,0xff3519eeeea3e76f1f699ccce5e23ee0bdda41ac,0x56aa43fe7c6751d42ab3129efde864193940984032e761fbf737383a5e5b38cc
198,1,0.0039,0x48eaedfa6ab55f414a433f0778f55ed9b827e822,2017-09-22T09:18:34.000Z,0.0039,0xf81ab81ca1a6a19cc7b69b2c7876ff6543060598,sell,0xff3519eeeea3e76f1f699ccce5e23ee0bdda41ac,0x37057dacdef71fe6051e050dabd888620992e6d8afa5747c1a41ef7bd6f7ad83
199,34,0.1292,0xbdf6e91249c335ddf3f656c465326a69c13e1eb0,2017-09-22T01:42:18.000Z,0.0038,0x19fff3b449a3a58a48c7f1d838761f5721401d26,sell,0xff3519eeeea3e76f1f699ccce5e23ee0bdda41ac,0xc591efd7ee741b3cc1d1a1ffc36e7c007a1e93c1bf6f1d262a60b2dd62b8da73
200,70,0.27300007,0xbdf6e91249c335ddf3f656c465326a69c13e1eb0,2017-09-22T01:41:06.000Z,0.003900001,0x19fff3b449a3a58a48c7f1d838761f5721401d26,sell,0xff3519eeeea3e76f1f699ccce5e23ee0bdda41ac,0xd66996376607959174fa980d19ac249ba8930b7408f1bf54f382a030b17100c4
201,26,0.1014,0x48eaedfa6ab55f414a433f0778f55ed9b827e822,2017-09-21T18:03:03.000Z,0.0039,0xfad04a8bddf97d83ca29221fa56eda3069cb7887,sell,0xff3519eeeea3e76f1f699ccce5e23ee0bdda41ac,0xd8edec413de40ddce907fce66605970e969a03ef4e15b0fe174558b161b48b98
202,46,0.1794,0x48eaedfa6ab55f414a433f0778f55ed9b827e822,2017-09-20T19:49:34.000Z,0.0039,0x3ed0cf16ba290db144bb79d6b044d26a61ae97dc,sell,0xff3519eeeea3e76f1f699ccce5e23ee0bdda41ac,0x43f789203bcd91b54a9b359b4b80480cc5d4eb06700a75418f82376cf2db3f11
203,47,0.1999998,0x3ed0cf16ba290db144bb79d6b044d26a61ae97dc,2017-09-20T19:39:20.000Z,0.004255314893617021,0x0fd721194567b2d32a611c2d682971fe00dd7b37,buy,0xff3519eeeea3e76f1f699ccce5e23ee0bdda41ac,0x7433ea5a587c750df48bc101132ee5d97785333fe583a5906fbfff2aedfcecb9
204,499,2.61975,0xf431f2085f272d931421be1f765fb76c14494540,2017-09-19T20:22:09.000Z,0.00525,0xed05637cafbf838059080a3ad9bb059140995554,buy,0xff3519eeeea3e76f1f699ccce5e23ee0bdda41ac,0x5ce9d36a1b420c183144da7c8bd2c7afdf2ba242f464c76c9355d8f9c1a54dbf
205,1,0.00525,0xd6f29f2fb0a1dc783aeab42ce7ce9276f8e14a54,2017-09-19T02:40:26.000Z,0.00525,0xed05637cafbf838059080a3ad9bb059140995554,buy,0xff3519eeeea3e76f1f699ccce5e23ee0bdda41ac,0x412976db83b8cd654cb1c669a71bc3dc4ac3a9af2cc87c5707221f88fa9f91ac
206,27,0.1053,0x48eaedfa6ab55f414a433f0778f55ed9b827e822,2017-09-19T01:35:26.000Z,0.0039,0xad3d30038d73b9d7dca8116b788fa57a2237f127,sell,0xff3519eeeea3e76f1f699ccce5e23ee0bdda41ac,0xfc55895db96e9ba1015e6eb349d0d4f968554d99c2bebbe84bf0915905631abc
207,21,0.0945,0xa2df457a2a6b3ad62bc3ebab8ac2ef62c80dc1b2,2017-09-19T01:02:16.000Z,0.0045,0x5fd3770809923fd2b017205806dfed61e20f6af2,buy,0xff3519eeeea3e76f1f699ccce5e23ee0bdda41ac,0x0d840f31f5cf81583c10254c6a7352e2dab027e9e6f29c6242fd98174e49c55d
208,500,2,0x3dee4a4e076e8d82859d241db0baf46f112cfa23,2017-09-18T22:40:00.000Z,0.004,0xbc1845a864aa2a7ba7513bc6837ff7d66ec191c4,sell,0xff3519eeeea3e76f1f699ccce5e23ee0bdda41ac,0x8645b6ce41a1f391fd911356abf80c095bf7fba1de3593871770e64986ca6607
209,29,0.116,0xbdf6e91249c335ddf3f656c465326a69c13e1eb0,2017-09-18T11:35:49.000Z,0.004,0x3dca25d72528249a844e64a762cc3bfd12da514e,sell,0xff3519eeeea3e76f1f699ccce5e23ee0bdda41ac,0x4bd2c2ad01806474ee4694e6645c26fa0e60bf8f1a51744391f0e80b17707102
210,3,0.012,0xbdf6e91249c335ddf3f656c465326a69c13e1eb0,2017-09-18T01:44:21.000Z,0.004,0x5104efc872d45dba3a97bf02aebe240dfc283321,sell,0xff3519eeeea3e76f1f699ccce5e23ee0bdda41ac,0xf1c55b6b7aba8fe04fc8a63b1a2baf0b65d7cd1fab314e85d9fd155e89b7d442
211,400,1.6,0x3dee4a4e076e8d82859d241db0baf46f112cfa23,2017-09-17T11:50:29.000Z,0.004,0xbc1845a864aa2a7ba7513bc6837ff7d66ec191c4,sell,0xff3519eeeea3e76f1f699ccce5e23ee0bdda41ac,0xc7cc8a560286dbffadfcdb3554a5c4cd97631b8b8aa22cf3961b6bfc392a8ac7
212,20,0.1,0x5fd3770809923fd2b017205806dfed61e20f6af2,2017-09-17T04:10:46.000Z,0.005,0xe62b49dd208f7c0f0be52be7667c8a92d5ce7cc2,buy,0xff3519eeeea3e76f1f699ccce5e23ee0bdda41ac,0x9926c25a2c3a31cccefc1a2a66488c8565ddb4a364e33d1fa31aa7963854efa2
213,1,0.00455,0x5fd3770809923fd2b017205806dfed61e20f6af2,2017-09-17T04:10:13.000Z,0.00455,0xdb0345e803263d01208f9054f2379c422ca48734,buy,0xff3519eeeea3e76f1f699ccce5e23ee0bdda41ac,0x67b54bbd4fd2927145fae9b0f00ac3d0c27e5b9203022d76c7ae9a7bdbf5c133
214,91,0.364,0xbdf6e91249c335ddf3f656c465326a69c13e1eb0,2017-09-16T22:49:04.000Z,0.004,0xdb0345e803263d01208f9054f2379c422ca48734,sell,0xff3519eeeea3e76f1f699ccce5e23ee0bdda41ac,0x420b1f5a71951a09de29eeccf911ca8b7f28162ad25cb31eff0d3dc4052cb429
215,1,0.00427678,0x3dec676871158170ddbd7090a69821c23472dfd0,2017-09-16T01:46:12.000Z,0.00427678,0xe62b49dd208f7c0f0be52be7667c8a92d5ce7cc2,sell,0xff3519eeeea3e76f1f699ccce5e23ee0bdda41ac,0x733226efdf4be6a180eb44bb83d5b6ab2e97ec53e7f3010c136ed47bd0201c62
216,287,1.7222659754760243,0x75fac67ab194ad9c72fc9b7be50e85f108d906e5,2017-09-08T16:49:21.000Z,0.0060009267438189,0xf86b703db1fbf8f658a2cfdf63f339aad985ac37,buy,0xff3519eeeea3e76f1f699ccce5e23ee0bdda41ac,0x7579f2518dd0275d4ca95f83c845bb788ebdb60ded65641f1d7cdda476e0fb42
217,492,2.46,0x75fac67ab194ad9c72fc9b7be50e85f108d906e5,2017-09-08T16:23:41.000Z,0.005,0xed05637cafbf838059080a3ad9bb059140995554,buy,0xff3519eeeea3e76f1f699ccce5e23ee0bdda41ac,0x99cd07556f8b95d8c87e678e30349ac3df417d032b471ead25e2dd3542723b83
218,12,0.06,0xd9fc10c3bb1085da1fc91ea6ef79ac3aa4340886,2017-09-08T16:03:44.000Z,0.005,0xed05637cafbf838059080a3ad9bb059140995554,buy,0xff3519eeeea3e76f1f699ccce5e23ee0bdda41ac,0xa5ac9c4db4e00dc5932f66962e690c95c686d97cfb0d8ce2b5cf22c406de2b65
219,10,0.05,0x5274a1342801ffb0a7c9d2068f86d807e515e964,2017-09-08T01:38:02.000Z,0.005,0xed05637cafbf838059080a3ad9bb059140995554,buy,0xff3519eeeea3e76f1f699ccce5e23ee0bdda41ac,0x4a6d67be666701c30fca90ee0ecf2f465e1b763b8b1f3640e3719dde3281b7e7
220,1,0.005,0x75fac67ab194ad9c72fc9b7be50e85f108d906e5,2017-09-07T18:24:15.000Z,0.005,0xed05637cafbf838059080a3ad9bb059140995554,buy,0xff3519eeeea3e76f1f699ccce5e23ee0bdda41ac,0x1773dd3ab1464cf6a74b573e1c1430731316209340747fb2f16a310997898947
221,10,0.05,0x090ea838b986b0788f5858d21ca054b316b180c8,2017-09-06T19:15:16.000Z,0.005,0xed05637cafbf838059080a3ad9bb059140995554,buy,0xff3519eeeea3e76f1f699ccce5e23ee0bdda41ac,0x08d5faf9275ec6652af3ab4ee80cdf25a848c1934f196b416847f3895cba75ad
222,10,0.05,0x090ea838b986b0788f5858d21ca054b316b180c8,2017-09-06T19:14:27.000Z,0.005,0xed05637cafbf838059080a3ad9bb059140995554,buy,0xff3519eeeea3e76f1f699ccce5e23ee0bdda41ac,0x08d5faf9275ec6652af3ab4ee80cdf25a848c1934f196b416847f3895cba75ad
223,250,1.0000025,0x96002c6fd7a1989e87f6e147e591447cc855b44f,2017-09-01T19:57:57.000Z,0.00400001,0xdb0345e803263d01208f9054f2379c422ca48734,sell,0xff3519eeeea3e76f1f699ccce5e23ee0bdda41ac,0xf0839681f64e0da5839714a654072680b1a8d1082d2487fb55b907cd568f08b9
224,211,0.9073,0xaaf19f78a5e7a2f6b3e8300873694dd43fdbf570,2017-09-01T15:47:53.000Z,0.0043,0xed05637cafbf838059080a3ad9bb059140995554,sell,0xff3519eeeea3e76f1f699ccce5e23ee0bdda41ac,0x9fb119b30f7916ff466205ed9a706a536dd463a69c879f7d3173d93002449e69
225,1,0.0058,0xb13018b764c56cdcb2facce3bea52fc671dac9cc,2017-08-30T23:44:49.000Z,0.0058,0xf142f26d1cac4ba8a6e6d7974d243eda2fe5f4f9,sell,0xff3519eeeea3e76f1f699ccce5e23ee0bdda41ac,0xc6d47eae7810bc1bc396833d118fce7367a0858b1303a6e82c63903c8f5c2354
226,1,0.005015,0xf142f26d1cac4ba8a6e6d7974d243eda2fe5f4f9,2017-08-30T23:38:37.000Z,0.005015,0xed05637cafbf838059080a3ad9bb059140995554,buy,0xff3519eeeea3e76f1f699ccce5e23ee0bdda41ac,0x41389002d8f549ade3801dbe8eddd05db998dd6fb4306a356084e2babdeba2e2
227,1,0.005,0x324b8706e870a692be54ffd6d22844bf84ebe527,2017-08-30T15:37:09.000Z,0.005,0xed05637cafbf838059080a3ad9bb059140995554,buy,0xff3519eeeea3e76f1f699ccce5e23ee0bdda41ac,0xbdf2eaa009d57c53e3701783b8f030822cebb961f9773bcbf26ae014f171014f
228,52,0.259948,0x96002c6fd7a1989e87f6e147e591447cc855b44f,2017-08-30T12:28:30.000Z,0.004999,0x7b6b2f3c88ce2ecedc01c545f13faf36034d772f,buy,0xff3519eeeea3e76f1f699ccce5e23ee0bdda41ac,0x8ce1b1ca12b083164eae37426cdabf2a38e933dab5a1e51672a9c53d7bf59079
229,1,0.005199,0x923b388a5e310707af20361bb5dcf2a53bfa0a20,2017-08-30T02:37:41.000Z,0.005199,0x7b6b2f3c88ce2ecedc01c545f13faf36034d772f,buy,0xff3519eeeea3e76f1f699ccce5e23ee0bdda41ac,0x51c5ec0c17597f8ae23643a77850f93aff66512cba2e0251cb9b83555838de61
230,237,0.94800237,0x96002c6fd7a1989e87f6e147e591447cc855b44f,2017-08-30T01:58:30.000Z,0.00400001,0x008d179f77893326cba1e2a292fe433e6f0d2ec5,sell,0xff3519eeeea3e76f1f699ccce5e23ee0bdda41ac,0x7a713ebee76c3e8e9d5bef629a73547da40d93b466ff1c46704da8e0034135a2
231,1000,4,0xed05637cafbf838059080a3ad9bb059140995554,2017-08-30T01:48:18.000Z,0.004,0x008d179f77893326cba1e2a292fe433e6f0d2ec5,sell,0xff3519eeeea3e76f1f699ccce5e23ee0bdda41ac,0xa21d9dab06fc9bd9f27b9d4d675e7f129ddf11099a061cfdb640a98267cd0279
232,1,0.0058,0xb13018b764c56cdcb2facce3bea52fc671dac9cc,2017-08-29T21:31:55.000Z,0.0058,0x1b265160f0cea50a34405cd2e187c49f0bab5d61,sell,0xff3519eeeea3e76f1f699ccce5e23ee0bdda41ac,0x63e58dcc8b65201377e29dbc1443b4375fc7d5a344522265af991cdec9fc63dd
233,2,0.010398,0x1b265160f0cea50a34405cd2e187c49f0bab5d61,2017-08-29T21:31:32.000Z,0.005199,0x7b6b2f3c88ce2ecedc01c545f13faf36034d772f,buy,0xff3519eeeea3e76f1f699ccce5e23ee0bdda41ac,0xee1ba6237ee95f826fb4aa71e250d5e61f6c32e05ba5e5a9286a658581ecdb2e
234,25,0.145,0xb13018b764c56cdcb2facce3bea52fc671dac9cc,2017-08-29T19:05:12.000Z,0.0058,0xed05637cafbf838059080a3ad9bb059140995554,buy,0xff3519eeeea3e76f1f699ccce5e23ee0bdda41ac,0x1d5d87e18d02cf478e93d13d91441451c8992447f8f9cace6e34a5cd2d78468b
235,23,0.1334,0xb13018b764c56cdcb2facce3bea52fc671dac9cc,2017-08-29T19:04:28.000Z,0.0058,0x669f0ab96fd3beb68bc836bb874894bbb516331a,sell,0xff3519eeeea3e76f1f699ccce5e23ee0bdda41ac,0xd72129869ee01327501b458b1741dc320c4189cbd85f5f171e904aa3890e62eb
236,150,0.78,0xb13018b764c56cdcb2facce3bea52fc671dac9cc,2017-08-29T18:59:33.000Z,0.0052,0x669f0ab96fd3beb68bc836bb874894bbb516331a,sell,0xff3519eeeea3e76f1f699ccce5e23ee0bdda41ac,0x6b9cd0bc8ca7cc22f30c96ac5ba0ae5560a73864724038a985e12b417ce2107f
237,13,0.0799994,0x8cfd64adc97c3f68450f7433f5a988b363acf280,2017-08-29T10:22:07.000Z,0.0061538,0xed05637cafbf838059080a3ad9bb059140995554,buy,0xff3519eeeea3e76f1f699ccce5e23ee0bdda41ac,0x23a97d01922c37ca91dd04c0c26d3cc02de0210352aa8d906d849d5928ceb5dd
238,9,0.05503362870834479,0xdb0345e803263d01208f9054f2379c422ca48734,2017-08-29T04:56:51.000Z,0.006114847634260532,0xf86b703db1fbf8f658a2cfdf63f339aad985ac37,buy,0xff3519eeeea3e76f1f699ccce5e23ee0bdda41ac,0x6faef6bc223d88146196fcd356a551e901b44456c0f1d0efb0404a31a3bd3d5f
239,333,1.999998,0xdb0345e803263d01208f9054f2379c422ca48734,2017-08-29T03:53:48.000Z,0.006006,0xf86b703db1fbf8f658a2cfdf63f339aad985ac37,buy,0xff3519eeeea3e76f1f699ccce5e23ee0bdda41ac,0x6ce6088b4f45078dcd3ef02653109ee0592debeef092ffe5738997bec91976df
240,202,1.0302,0x76f0a6a6c37757adf2e935bb62592eddf7290952,2017-08-29T01:56:37.000Z,0.0051,0xfcb0fac10a9726e9f1877c76ecc253e5cddd5c24,buy,0xff3519eeeea3e76f1f699ccce5e23ee0bdda41ac,0x679cc22f63485daa51e9eed2425d9d3479838c2518cb95870f593c21fa60c09d
241,1240,6.3275137772904,0x76f0a6a6c37757adf2e935bb62592eddf7290952,2017-08-29T01:49:56.000Z,0.0051028336913632255,0x7b6b2f3c88ce2ecedc01c545f13faf36034d772f,buy,0xff3519eeeea3e76f1f699ccce5e23ee0bdda41ac,0x721e9c5e5903765564064fe86c2aff22a4b79e4cd527f9039f17e495f3a13553
242,1759,8.9721862227096,0x9ff3cbd6f1e62aff27a4e20f0eac1539db8d597e,2017-08-28T23:17:31.000Z,0.00510073122382581,0x7b6b2f3c88ce2ecedc01c545f13faf36034d772f,buy,0xff3519eeeea3e76f1f699ccce5e23ee0bdda41ac,0x5c9ed75e153f3afa2d37a91830c7149565b5294e3139ed4b9e78d25631608c3e
243,5,0.022495,0x6d3d0dfa885186833d6cf04f7890aab7d3b43cd1,2017-08-24T19:05:40.000Z,0.004499,0x7b6b2f3c88ce2ecedc01c545f13faf36034d772f,buy,0xff3519eeeea3e76f1f699ccce5e23ee0bdda41ac,0xd98fa32ba534a032873733c2da6a4fe06bdc693d1b115a88f77bdd93dbb424d9
244,60,0.18420006,0x7b6b2f3c88ce2ecedc01c545f13faf36034d772f,2017-08-22T11:28:21.000Z,0.003070001,0x4c12480f5082d4179279b7b3bca1ff9353b7d700,sell,0xff3519eeeea3e76f1f699ccce5e23ee0bdda41ac,0x6956f17dcbd18da738dc600dd19020cd877622521c2052420fd6fa992a7f19de
245,2,0.0062,0x91ab10dba1a8338277aae1b723b739eefb7ea202,2017-08-20T13:13:30.000Z,0.0031,0x1657e36d67e3ca976cb3990cb611b061244a5680,buy,0xff3519eeeea3e76f1f699ccce5e23ee0bdda41ac,0x8d1eb6ca39301968f4957d83ce4a6538af80eadf529471811e17c45936ae719b
246,776,2.328,0xed05637cafbf838059080a3ad9bb059140995554,2017-08-20T04:41:17.000Z,0.003,0x5446e71152ec97d531d08f3ddfbf1dc726b54ed1,sell,0xff3519eeeea3e76f1f699ccce5e23ee0bdda41ac,0x320bde073cf5c887fc64d810f1afe89a9b48c48f2f52e559a9c8fcb20d971415
247,31,0.1519,0xfb0ed19ee2ec582cd4e7bc3c41a0bd6ca7401912,2017-08-19T05:25:23.000Z,0.0049,0x7b6b2f3c88ce2ecedc01c545f13faf36034d772f,buy,0xff3519eeeea3e76f1f699ccce5e23ee0bdda41ac,0xa07717f5a377374a949fcc8bc7545c88ea332227543f4344656af5df11fd3717
248,60,0.2953081596244206,0x2cc54bffe6cb8ab8972c7d426d9ef9aca26db101,2017-08-18T23:12:45.000Z,0.00492180266040701,0x7b6b2f3c88ce2ecedc01c545f13faf36034d772f,buy,0xff3519eeeea3e76f1f699ccce5e23ee0bdda41ac,0xf5fc58c8bdc36776cc2040f73726af25238771e49fcff427b4b7e8ec74d80385
249,8,0.03988135235567816,0xd735f6e3160a083d54df637772bfd9e65845cbbb,2017-08-17T14:03:08.000Z,0.00498516904445977,0x7b6b2f3c88ce2ecedc01c545f13faf36034d772f,buy,0xff3519eeeea3e76f1f699ccce5e23ee0bdda41ac,0x6f2dbfd73418e109cdb456a11d05f10520ce76554c4c9a1aa97a257201c7f1b9
