,amount,amountBase,buyer,date,price,seller,side,tokenAddr,txHash
0,1,0.95,0xdc734ccef6c139096afc2176e1837288a1b9e536,2017-11-02T15:30:07.000Z,0.95,0x5c4fa72c0199ca949e1abb046710ea46902f2ee3,buy,0x168296bb09e24a88805cb9c33356536b980d3fc5,0x56f1e1eaf9e7d1de2eb6e70db16ac9cc473aa72265868be744bee7eb41e7da13
1,2303.06999999,1.09395824999525,0xaa6312a204bf35712f467bcf9e0c21a5b4a19243,2017-11-02T15:26:40.000Z,0.000475,0xf44072eda87ede9613b6ae1b812de8a60ade27a2,sell,0x168296bb09e24a88805cb9c33356536b980d3fc5,0x17b9c68bc3b3dabb67e33bd5926c195d3e6776c030eb6c4080dc8d3cfd328b24
2,2309.99999999,0.9239999999960001,0xf44072eda87ede9613b6ae1b812de8a60ade27a2,2017-11-02T15:26:40.000Z,0.0004000000000000001,0xdc734ccef6c139096afc2176e1837288a1b9e536,buy,0x168296bb09e24a88805cb9c33356536b980d3fc5,0x17b9c68bc3b3dabb67e33bd5926c195d3e6776c030eb6c4080dc8d3cfd328b24
3,1,1.01,0xdc734ccef6c139096afc2176e1837288a1b9e536,2017-11-02T15:23:23.000Z,1.01,0x5c4fa72c0199ca949e1abb046710ea46902f2ee3,buy,0x168296bb09e24a88805cb9c33356536b980d3fc5,0x0f0563fed55a1390e78194fe475b55d1bbef79e87d6884a875da75cae0e5388f
4,1900,1.045,0x5c4fa72c0199ca949e1abb046710ea46902f2ee3,2017-11-02T15:17:13.000Z,0.00055,0xdc734ccef6c139096afc2176e1837288a1b9e536,buy,0x168296bb09e24a88805cb9c33356536b980d3fc5,0x23a5c140a71a91395361f080fce439b12188f8009731a6c8567014c552808b25
5,0.91157702,0.0005,0x4fda9e6bcd83af6c5cc771b5d20accc2b7720074,2017-11-02T14:32:34.000Z,0.00054850000496941,0xcfd5d60e0f447636f1643cd9b7a9547062cb0863,buy,0x168296bb09e24a88805cb9c33356536b980d3fc5,0x9b1e38417f453dbc6afdaa08a37e87045f35fb7514b0347003cd3e9c745ee0ff
6,0.91157702,0.0005,0x3075f7f189912f4f425dd7021b9c396434197477,2017-11-02T14:24:18.000Z,0.00054850000496941,0xcfd5d60e0f447636f1643cd9b7a9547062cb0863,buy,0x168296bb09e24a88805cb9c33356536b980d3fc5,0x62e443e9e8a174a98220ebd6216c18bc6b30217c49d375513d8c6d4d969502eb
7,3628.32868137,1.71619946628801,0x2519f350cc15752fe0eba296b975eb793a9c2acc,2017-11-02T08:41:10.000Z,0.000473,0x508d85d471cd81680ddea1ce76903983dec5f369,sell,0x168296bb09e24a88805cb9c33356536b980d3fc5,0xbf427b442e2fd39768b38ff7a1d8c40a81ebb0ef09dd195872c35b56f8ecbb9b
8,3000,1.422,0x260d9c8022c6017acb56f568b23156683ac1d4f0,2017-11-02T08:37:49.000Z,0.000474,0x508d85d471cd81680ddea1ce76903983dec5f369,sell,0x168296bb09e24a88805cb9c33356536b980d3fc5,0x2e5d279b11a1c15926341823bdabd65d822aa44a0bf2e9e6882877077f3c2aae
9,212,0.10049012,0xd92ce5941305b7cf1e5cc5713b93db2b651a4fdf,2017-11-02T08:37:18.000Z,0.00047401,0x508d85d471cd81680ddea1ce76903983dec5f369,sell,0x168296bb09e24a88805cb9c33356536b980d3fc5,0x20fc009c9b80d612bd9830122cf3c8fbce699934105cf7726fea13c40e35a129
10,6941.35180939,3.28325940584147,0x2519f350cc15752fe0eba296b975eb793a9c2acc,2017-11-02T03:26:07.000Z,0.000473,0x12a1e8f498501c2cce0967f8b9717b28492fc668,sell,0x168296bb09e24a88805cb9c33356536b980d3fc5,0xbc1db52a9708ba9a15222764db88d04beed465bc3bec1fc555d3f2a3a461451e
11,18710,8.88725,0x1b64f984feaee84c07e00ca6bd217f98df37bb09,2017-11-02T03:24:26.000Z,0.000475,0x12a1e8f498501c2cce0967f8b9717b28492fc668,sell,0x168296bb09e24a88805cb9c33356536b980d3fc5,0xfcce85d2882d1b09aca02d48bf1d2f948a0695b85569e7e892b5ccb1c14bd723
12,10680,5.2866,0x1b64f984feaee84c07e00ca6bd217f98df37bb09,2017-11-02T02:46:00.000Z,0.000495,0xb2f3f9b7014a026d06bbb59e89540734ad3f0729,buy,0x168296bb09e24a88805cb9c33356536b980d3fc5,0x52a08e2598d7adecccb0fe09a752d64f53a9323384bf53e3b734dcc07e96aec4
13,0.41605339,0.00019679325347,0x2519f350cc15752fe0eba296b975eb793a9c2acc,2017-11-02T02:28:06.000Z,0.000473,0x0c6ead592dd190072e898e807f2fc68e98bcd8be,sell,0x168296bb09e24a88805cb9c33356536b980d3fc5,0x358340514eb3b11294b6298e4750d3da754fa6eace0fcdfa44fc8f85f12aa522
14,4173.43153543,1.97403311625839,0x2519f350cc15752fe0eba296b975eb793a9c2acc,2017-11-02T02:23:24.000Z,0.000473,0x0c6ead592dd190072e898e807f2fc68e98bcd8be,sell,0x168296bb09e24a88805cb9c33356536b980d3fc5,0x98523de6dba249f99151e1e351bc2fa0196e6a8aab84e69bae872f6dccf1a476
15,3660.62162019,1.731840088511889,0x105d1fea56008e7d6f13f6f5b29cf278589526eb,2017-11-02T02:16:14.000Z,0.0004731,0x0c6ead592dd190072e898e807f2fc68e98bcd8be,sell,0x168296bb09e24a88805cb9c33356536b980d3fc5,0x5f3ce65a1cdedd426ebebfd9338aab14d5614020a9bfda40cc577f6f8a421f76
16,613,0.2900716,0x2bca0766285cd215539fc6092edb2f78e05bf641,2017-11-02T02:15:26.000Z,0.0004732,0x0c6ead592dd190072e898e807f2fc68e98bcd8be,sell,0x168296bb09e24a88805cb9c33356536b980d3fc5,0xedaf72c7d84103cffe840e9ac3d096b967553f3ae27ccc4f22eb303193c77662
17,10000,4.8,0x2519f350cc15752fe0eba296b975eb793a9c2acc,2017-11-02T02:14:13.000Z,0.00048,0x0c6ead592dd190072e898e807f2fc68e98bcd8be,sell,0x168296bb09e24a88805cb9c33356536b980d3fc5,0x299d425bce1f0a693520a9c9a35967fdafc5681ff9ca4f39126ac57e9d28db5c
18,647.4397318,0.3107717187037318,0x63c1de1d53e51e5756147d409e7065cabb9f3e47,2017-11-02T02:13:32.000Z,0.000480001,0x0c6ead592dd190072e898e807f2fc68e98bcd8be,sell,0x168296bb09e24a88805cb9c33356536b980d3fc5,0x48212c7463292d992c36cfa76e93904d7596db4feefed0ed70dfa2ad491e3dcc
19,1318.273,0.6329028673,0x3ec0a413a32ebeef1db7ae3ba910a53af70f0242,2017-11-02T02:13:32.000Z,0.0004801,0x0c6ead592dd190072e898e807f2fc68e98bcd8be,sell,0x168296bb09e24a88805cb9c33356536b980d3fc5,0x977d6a01ed3c17ec60c73d5abe3279f40011bad263ec514cb5b3ac1de2796f74
20,105.26268372,0.0526429207552092,0xb0483ee85005f321b1aa6e33e9a9cb0233ce5d6f,2017-11-02T02:12:54.000Z,0.00050011,0x0c6ead592dd190072e898e807f2fc68e98bcd8be,sell,0x168296bb09e24a88805cb9c33356536b980d3fc5,0x224641f5f220cf16d75606f9b7c1028d5df87e97c8a4a47bd14b2fbb7e340f38
21,84.73731628,0.0423779792447908,0xb0483ee85005f321b1aa6e33e9a9cb0233ce5d6f,2017-11-02T00:38:24.000Z,0.00050011,0x48bd59531e0ad74630cc82a813c2120abf7647ff,sell,0x168296bb09e24a88805cb9c33356536b980d3fc5,0x19ecbc5905e74122384d01ede8d2635b21ea7f11f0aa39761c81535b769446c8
22,32455.01887057,15.903283796768006,0xba9edfc1b000b974d34289fd50f3cab405256c6b,2017-11-01T23:31:58.000Z,0.00049001,0xde62a1a800c8212aa3f3419feef4e711f459f3dc,sell,0x168296bb09e24a88805cb9c33356536b980d3fc5,0x973471eebc1c1a9d50252fdc43ce23f650b1e8c05723352b25420c2ea753ea70
23,796.17186721,0.3901321766515721,0xba9edfc1b000b974d34289fd50f3cab405256c6b,2017-11-01T23:20:45.000Z,0.00049001,0xcf2c609caf69e12c85d9b94a7743c33bf5c4c52e,sell,0x168296bb09e24a88805cb9c33356536b980d3fc5,0xd766626dbaddf4d852aed6061be4b97f42ef36de3a9b0cfe8335186425476b16
24,1120,0.56,0x36d9a04ceca06f4943c4e4f38556acccfb17ebae,2017-11-01T23:18:15.000Z,0.0005,0xcf2c609caf69e12c85d9b94a7743c33bf5c4c52e,sell,0x168296bb09e24a88805cb9c33356536b980d3fc5,0x540f9ebe9975586fa91218de50a2f4c6c0a4cd351462b41d5d823137e3c97c0b
25,1000,0.50011,0xb0483ee85005f321b1aa6e33e9a9cb0233ce5d6f,2017-11-01T23:17:14.000Z,0.00050011,0xcf2c609caf69e12c85d9b94a7743c33bf5c4c52e,sell,0x168296bb09e24a88805cb9c33356536b980d3fc5,0xd529f93d4361438a10ccdab57ac2cb80e3ecdbb2ed5c0fc8dd2ce4b2fe5fcdf8
26,700,0.4025,0xb0483ee85005f321b1aa6e33e9a9cb0233ce5d6f,2017-11-01T21:49:55.000Z,0.000575,0xcfd5d60e0f447636f1643cd9b7a9547062cb0863,buy,0x168296bb09e24a88805cb9c33356536b980d3fc5,0xaa72bfcc3b2ac5643a2eed6897d22b22ab31c1a6180a1817974df0d7d95f975a
27,3,0.001725,0xb0483ee85005f321b1aa6e33e9a9cb0233ce5d6f,2017-11-01T21:34:38.000Z,0.000575,0xcfd5d60e0f447636f1643cd9b7a9547062cb0863,buy,0x168296bb09e24a88805cb9c33356536b980d3fc5,0x552de110b16f94d29d033863c8b3309e99ef1d8abbc956046a505682fc342505
28,0.05560301,0.0000272460309301,0xba9edfc1b000b974d34289fd50f3cab405256c6b,2017-11-01T18:56:13.000Z,0.00049001,0xaddae8f7b537911ea5449235d48fc74a83e3b3b2,sell,0x168296bb09e24a88805cb9c33356536b980d3fc5,0x3acca77285ccde4d356de0c44fedbcb0aa075eec9d73175967cd736f7aa42f11
29,557.75365921,0.2733048705494921,0xba9edfc1b000b974d34289fd50f3cab405256c6b,2017-11-01T18:55:17.000Z,0.00049001,0xaddae8f7b537911ea5449235d48fc74a83e3b3b2,sell,0x168296bb09e24a88805cb9c33356536b980d3fc5,0xb26a9d94952ef88a5f9f088962ce5410ae93d4b74540554d76e1223f410c861d
30,3245,1.590085695,0x63c1de1d53e51e5756147d409e7065cabb9f3e47,2017-11-01T18:52:26.000Z,0.000490011,0xaddae8f7b537911ea5449235d48fc74a83e3b3b2,sell,0x168296bb09e24a88805cb9c33356536b980d3fc5,0x28f148e415bc1b1c5e68c43cb9c4c1c9c8cf0c5364dc27b56011cd6c7c188c47
31,10800,5.3028,0x8b5583d7f53935e6d642816efa7014c51bcec5f9,2017-11-01T18:52:20.000Z,0.000491,0xaddae8f7b537911ea5449235d48fc74a83e3b3b2,sell,0x168296bb09e24a88805cb9c33356536b980d3fc5,0x287859c314f3b469d16f8dcddac1c39566e38822cf728f76258712fc7c84ea85
32,10000,4.911,0x105d1fea56008e7d6f13f6f5b29cf278589526eb,2017-11-01T18:52:10.000Z,0.0004911,0xaddae8f7b537911ea5449235d48fc74a83e3b3b2,sell,0x168296bb09e24a88805cb9c33356536b980d3fc5,0xf91e3b2528fc530aaab72cc308665b372f24d93d85cacec9df754a09ceeb72a8
33,1003.041,0.5015205,0x3ec0a413a32ebeef1db7ae3ba910a53af70f0242,2017-11-01T18:51:53.000Z,0.0005,0xaddae8f7b537911ea5449235d48fc74a83e3b3b2,sell,0x168296bb09e24a88805cb9c33356536b980d3fc5,0x83e3cda2a93fd841bc989cc7f1628d6171d4eaab9072e09e2f5e20f9d3502421
34,4104.41892467,2.052619904227467,0xcfd5d60e0f447636f1643cd9b7a9547062cb0863,2017-11-01T18:51:50.000Z,0.0005001,0xaddae8f7b537911ea5449235d48fc74a83e3b3b2,sell,0x168296bb09e24a88805cb9c33356536b980d3fc5,0xeed5038f477b334097ee9af341da0ad6bbcce9d3724ad273b1ebd66bc07c8e60
35,200,0.10004,0xe121cb63c3f6e80eb2600532d43ebbad54ddb61a,2017-11-01T18:51:50.000Z,0.0005002,0xaddae8f7b537911ea5449235d48fc74a83e3b3b2,sell,0x168296bb09e24a88805cb9c33356536b980d3fc5,0x26b90557ca935a0f3708e0b5860466ee5f3728c71e9ffe2cd28652c9852713f6
36,4000,2.392,0xf3b8cbbeeaf1eacd6fac6d3bc0450b3736482f14,2017-11-01T18:51:24.000Z,0.000598,0x6595732468a241312bc307f327ba0d64f02b3c20,buy,0x168296bb09e24a88805cb9c33356536b980d3fc5,0x7707b3680cea6659a70d5407268e0672320738bd9bb2a707ae0be2d3ae02c45f
37,935.28131005,0.5610724520576214,0x1e03d70a71988fa8ad7ba88892e2491a7d11b2a8,2017-11-01T18:09:09.000Z,0.0005998970000027334,0x36d9a04ceca06f4943c4e4f38556acccfb17ebae,buy,0x168296bb09e24a88805cb9c33356536b980d3fc5,0xedcb6a05638eea1bac1f23895393b17cc6e198f934e8b969aac086f5dda858ba
38,3178,1.900123022,0x1e03d70a71988fa8ad7ba88892e2491a7d11b2a8,2017-11-01T17:59:50.000Z,0.000597899,0x63c1de1d53e51e5756147d409e7065cabb9f3e47,buy,0x168296bb09e24a88805cb9c33356536b980d3fc5,0x7d58ba5b681dec99001a2769c73022cd591e4dbfecef2c362d624c893f80f641
39,5917.315,3.520802425,0x1e03d70a71988fa8ad7ba88892e2491a7d11b2a8,2017-11-01T17:59:02.000Z,0.000595,0x945df54583eb102061f57d3b4f3e499d7acc49b7,buy,0x168296bb09e24a88805cb9c33356536b980d3fc5,0xcd0bd60a98927731b1c3472508ed5025fbffa9ec6149b28ec05f2b6c93914edc
40,996.95889552,0.49847944776,0x3ec0a413a32ebeef1db7ae3ba910a53af70f0242,2017-11-01T17:52:23.000Z,0.0005,0xa2b16e3b6b64771396c925e61fefd851e757e38e,sell,0x168296bb09e24a88805cb9c33356536b980d3fc5,0xdccce759370d15e273ed6d48b9001a3e95e0111e0efc51fd3e5a311cf2dc118b
41,1323.68464167,0.7875923617945678,0x20c473542f8407b51e51e11523abd366dfe2e55f,2017-11-01T17:27:06.000Z,0.0005950000000006934,0x945df54583eb102061f57d3b4f3e499d7acc49b7,buy,0x168296bb09e24a88805cb9c33356536b980d3fc5,0x0be33334ba49eb30c056f038c31364bc64503c946da9afff555d44ab00682b66
42,253,0.1517494,0x4644d6e363d354db6db5b98030b969b69f3b69ff,2017-11-01T15:43:10.000Z,0.0005998,0x945df54583eb102061f57d3b4f3e499d7acc49b7,buy,0x168296bb09e24a88805cb9c33356536b980d3fc5,0x3cf206cf27629f67d716d29a67410c5aa600ecab05978adb3ad46807d4545a34
43,3178,1.589638778,0x63c1de1d53e51e5756147d409e7065cabb9f3e47,2017-11-01T13:28:31.000Z,0.000500201,0x190e77d079157a41a18ffa4083a2477dcf4945fc,sell,0x168296bb09e24a88805cb9c33356536b980d3fc5,0xb8d33bd176c3db16f54595c4834a56d203ae4acc28a39f598b97983b48179410
44,200,0.1239978,0xd616dae42822c68276be7505c0d187663889acb0,2017-11-01T08:17:22.000Z,0.000619989,0x36ac32b737afb8c3f35056fd8ea1e68cff54208f,buy,0x168296bb09e24a88805cb9c33356536b980d3fc5,0x40d0bcc1b04635d3e59f1079abe3e9d4ac656983112879911b777fcf7dd1788c
45,1,0.000699,0x422d7c1f2f04e7582163d1381a436516f4de3c2a,2017-11-01T05:03:29.000Z,0.000699,0xcfd5d60e0f447636f1643cd9b7a9547062cb0863,buy,0x168296bb09e24a88805cb9c33356536b980d3fc5,0x29e31c47b91b2c239e40dce07e2266014fa94fde126d9ff8a0b24a44841b3725
46,9000,5.31,0x7811c8d5959fb62bc9e36043a89a938b8492dfce,2017-11-01T04:49:10.000Z,0.00059,0x8b5583d7f53935e6d642816efa7014c51bcec5f9,buy,0x168296bb09e24a88805cb9c33356536b980d3fc5,0x2b775c8f11d4970db66a36406bd8ae1045ee17b09361ca8b1e17583930121897
47,1500,0.824997,0x7811c8d5959fb62bc9e36043a89a938b8492dfce,2017-11-01T04:48:32.000Z,0.000549998,0xe9e9f2d506d9d66a7b07e4f86900286991fe6d89,buy,0x168296bb09e24a88805cb9c33356536b980d3fc5,0xc1c2f10efde1b635af788d54b095ab24b607ac7e2f750c05c330cbed32df6fb9
48,2945,1.590297055,0x7811c8d5959fb62bc9e36043a89a938b8492dfce,2017-11-01T04:47:29.000Z,0.000539999,0x63c1de1d53e51e5756147d409e7065cabb9f3e47,buy,0x168296bb09e24a88805cb9c33356536b980d3fc5,0xccdb5dfd14db0b633a9f9e86567ecea36c9fc022a170abc71969b173eb27f883
49,500,0.29,0x7811c8d5959fb62bc9e36043a89a938b8492dfce,2017-11-01T04:47:29.000Z,0.00058,0x15caad4eb02d5bfd1821dd2d8feb4eb63532e12c,buy,0x168296bb09e24a88805cb9c33356536b980d3fc5,0x43c4c0fc5a7a881aa8171d6dbab79fbed98acb8b565660b68f5fea4cccfcb89a
50,10000,5.999,0x7811c8d5959fb62bc9e36043a89a938b8492dfce,2017-11-01T04:47:29.000Z,0.0005999,0xcfd5d60e0f447636f1643cd9b7a9547062cb0863,buy,0x168296bb09e24a88805cb9c33356536b980d3fc5,0xd494cb2bfe24e9fc0ce93cac91f7d423be0b9fb2d404a2e2844bdfadbca11e23
51,100000,60,0x7811c8d5959fb62bc9e36043a89a938b8492dfce,2017-11-01T04:47:29.000Z,0.0006,0x04823fabfa7f0fa5bd84ea284701337ecd8af395,buy,0x168296bb09e24a88805cb9c33356536b980d3fc5,0x46846e84b46b23874cce767a2c9e73a5266933aa4503b06434dc813439922005
52,10033,5.61496845,0x7811c8d5959fb62bc9e36043a89a938b8492dfce,2017-11-01T04:47:29.000Z,0.00055965,0x73c0cb14f182f35ee5add472cd423f3478db0143,buy,0x168296bb09e24a88805cb9c33356536b980d3fc5,0xc1a02973576a7a6b55f76d514d0b65448463215cef5864b57604857448732a12
53,10000,5.999,0x7811c8d5959fb62bc9e36043a89a938b8492dfce,2017-11-01T04:47:29.000Z,0.0005999,0x105d1fea56008e7d6f13f6f5b29cf278589526eb,buy,0x168296bb09e24a88805cb9c33356536b980d3fc5,0xec971d83bc7ca663b4727a85eadb3d852cc35a4384015cd46f515ff55b4e9806
54,50000,30,0x7811c8d5959fb62bc9e36043a89a938b8492dfce,2017-11-01T04:47:29.000Z,0.0006,0x85238f7b711bd2b31124beaa465a138bd52ab20b,buy,0x168296bb09e24a88805cb9c33356536b980d3fc5,0x9fe34f87bd8b45eadf03f6cdb129d0596362eed49695340ba496afc25bcf295e
55,987.489,0.533243072511,0x7811c8d5959fb62bc9e36043a89a938b8492dfce,2017-11-01T04:47:04.000Z,0.000539999,0x90254fba822acc022ddc701cd6242742acc118ed,buy,0x168296bb09e24a88805cb9c33356536b980d3fc5,0xef450208f4b4afe586b1471ee03564bdc1fd61755fbdd5ff7fd42db957732ce9
56,35646.011,19.070544592978,0x7811c8d5959fb62bc9e36043a89a938b8492dfce,2017-11-01T04:46:56.000Z,0.000534998,0xf8e1bb84f1dc3238a4e7ba9f3750ced169aeffd3,buy,0x168296bb09e24a88805cb9c33356536b980d3fc5,0xbca31361e534412977beeee32682438b7bbbdc63397ecbbef91b535cd2b67a09
57,10000,5.298,0x7811c8d5959fb62bc9e36043a89a938b8492dfce,2017-11-01T04:45:57.000Z,0.0005298,0xcfd5d60e0f447636f1643cd9b7a9547062cb0863,buy,0x168296bb09e24a88805cb9c33356536b980d3fc5,0x41c70be93eedac952e540b8875f3dbc3520d164c44ca7675af1846296d8083e2
58,19746.144,10.070513693856,0x7811c8d5959fb62bc9e36043a89a938b8492dfce,2017-11-01T04:45:50.000Z,0.000509999,0xb09e4b177856c95003e806e2f07ddca38257df6d,buy,0x168296bb09e24a88805cb9c33356536b980d3fc5,0x190d11a976f94909721bf3caf5981a94fb2985fe7d9161b5fc6a80d2cc684368
59,16985,8.99848315,0x7811c8d5959fb62bc9e36043a89a938b8492dfce,2017-11-01T04:45:50.000Z,0.00052979,0xb32dab4fa67cf896ecb0f43d8c52317c3562cd57,buy,0x168296bb09e24a88805cb9c33356536b980d3fc5,0xd7b1d6c2a7fc21198cd03c9b74009782ae6b320eb7f40aeebdbc355265bea6db
60,0,0,0x422d7c1f2f04e7582163d1381a436516f4de3c2a,2017-11-01T00:51:44.000Z,NaN,0xb32dab4fa67cf896ecb0f43d8c52317c3562cd57,buy,0x168296bb09e24a88805cb9c33356536b980d3fc5,0x80183981473b9f601ba02d1ec25128743dc2787ff2de08d4cf4ecbd176967ac0
61,0,0,0x422d7c1f2f04e7582163d1381a436516f4de3c2a,2017-11-01T00:50:32.000Z,NaN,0xb32dab4fa67cf896ecb0f43d8c52317c3562cd57,buy,0x168296bb09e24a88805cb9c33356536b980d3fc5,0x4dd52bfa944b5c8dbd58e1d0e795259e97c79225061cea6cd9ded963a473ceee
62,0,0,0x422d7c1f2f04e7582163d1381a436516f4de3c2a,2017-11-01T00:49:01.000Z,NaN,0xb32dab4fa67cf896ecb0f43d8c52317c3562cd57,buy,0x168296bb09e24a88805cb9c33356536b980d3fc5,0x1ce1be71389a3eee31d84fde75b0ef3969720fe7c7957b568eddbb4fd510b508
63,0,0,0x422d7c1f2f04e7582163d1381a436516f4de3c2a,2017-11-01T00:48:09.000Z,NaN,0xb32dab4fa67cf896ecb0f43d8c52317c3562cd57,buy,0x168296bb09e24a88805cb9c33356536b980d3fc5,0x6c8e7c90945709ab00e7e9f63745505ebcc905fa82dfb742e774a4978d615e01
64,2328.88907785,1.001424632364578,0x939153efae9811ad71bc1174af3007861968dd87,2017-10-31T23:40:31.000Z,0.000430001,0xfde240fc30448178f389e7d93af80f4cdada2082,sell,0x168296bb09e24a88805cb9c33356536b980d3fc5,0x24910c1de7a21f7554994a79c7f9ccb4477b0c74a05fbbe0038594dcb6922867
65,400,0.176,0x15caad4eb02d5bfd1821dd2d8feb4eb63532e12c,2017-10-31T23:37:22.000Z,0.00044,0xfde240fc30448178f389e7d93af80f4cdada2082,sell,0x168296bb09e24a88805cb9c33356536b980d3fc5,0xb87fe98c8ee7b98dfc592c9765f6d677a5ccbc25a7a373b09ae987692a33ec91
66,400,0.18,0x15caad4eb02d5bfd1821dd2d8feb4eb63532e12c,2017-10-31T23:37:22.000Z,0.00045,0xfde240fc30448178f389e7d93af80f4cdada2082,sell,0x168296bb09e24a88805cb9c33356536b980d3fc5,0xcea60e9cbf3c0aa3d0d01568470c964c2f0382910b14e33ec27873d96ef9b756
67,40.5,0.0185166,0x14c3bd20920974ca68309dc65659ee40e4380385,2017-10-31T23:37:06.000Z,0.0004572,0xfde240fc30448178f389e7d93af80f4cdada2082,sell,0x168296bb09e24a88805cb9c33356536b980d3fc5,0x2bdb7e3e0305c31beeff6c17cf562821ccc168f6cf252d4776cf69468b0a9663
68,69,0.0315468,0x7f86f9a2e509faf24632978d2a24ebc97abee437,2017-10-31T23:36:58.000Z,0.0004572,0xfde240fc30448178f389e7d93af80f4cdada2082,sell,0x168296bb09e24a88805cb9c33356536b980d3fc5,0x6039d1493d4f1e1cf4533d7248893d0c5af142e8aff2fbe631dbc7cd5b5bb161
69,20000,8.2002,0xcfd5d60e0f447636f1643cd9b7a9547062cb0863,2017-10-31T23:35:26.000Z,0.00041001,0xfde240fc30448178f389e7d93af80f4cdada2082,sell,0x168296bb09e24a88805cb9c33356536b980d3fc5,0x13c7768eafe17b326a785f74e927493ca63d34f24349cb7d202dfb25523be7eb
70,2062,0.96914,0x2a40c5a487c50857a5d00256184d094e0d236352,2017-10-31T23:32:46.000Z,0.00047,0xfde240fc30448178f389e7d93af80f4cdada2082,sell,0x168296bb09e24a88805cb9c33356536b980d3fc5,0xdf8ef8961c40fb9249f066eb3df5db727f1c6dfd378fd9052e3e04dbb56d96f4
71,200,0.0966402,0x36ac32b737afb8c3f35056fd8ea1e68cff54208f,2017-10-31T23:31:50.000Z,0.000483201,0xfde240fc30448178f389e7d93af80f4cdada2082,sell,0x168296bb09e24a88805cb9c33356536b980d3fc5,0x520d507b01e808c8d64faa44ddb9208c8b12391b36334d051b9ed0b1fa378e3a
72,151.622,0.074749646,0x0cee9942a8dc4aa6f594d680f6b9654f02ab62d1,2017-10-31T23:29:19.000Z,0.000493,0xfde240fc30448178f389e7d93af80f4cdada2082,sell,0x168296bb09e24a88805cb9c33356536b980d3fc5,0xf37c938435aca79251bc8a0ab4a7075ada85c38504dd669a1ffd08f56dd37253
73,2066,0.999944,0xbdd0b7a97044222091d72338bffbecfa78d179a6,2017-10-31T22:34:16.000Z,0.000484,0xb09e4b177856c95003e806e2f07ddca38257df6d,sell,0x168296bb09e24a88805cb9c33356536b980d3fc5,0xaf413266cf6a5880f0199c9c85937fd2dbb97f68a27c1824a5dbd5fe1f350727
74,6885.68671994,3.327163823075008,0xcfd5d60e0f447636f1643cd9b7a9547062cb0863,2017-10-31T22:20:22.000Z,0.0004832,0xb09e4b177856c95003e806e2f07ddca38257df6d,sell,0x168296bb09e24a88805cb9c33356536b980d3fc5,0xaa6f4212cd202d843ebd1c021a2494f0319d49e1d5dfcde41a04441739c0a758
75,5000,2.41555,0x105d1fea56008e7d6f13f6f5b29cf278589526eb,2017-10-31T22:20:22.000Z,0.00048311,0xb09e4b177856c95003e806e2f07ddca38257df6d,sell,0x168296bb09e24a88805cb9c33356536b980d3fc5,0xa8538a3726baad373e0ddb5f4c3bd82f76a1d5abc1756b9cb8f618fd7afcd487
76,40000,19.324,0xc5722340431d04913f7e3ce404048950cc60ce23,2017-10-31T22:20:22.000Z,0.0004831,0xb09e4b177856c95003e806e2f07ddca38257df6d,sell,0x168296bb09e24a88805cb9c33356536b980d3fc5,0x3bc4446eee258126332fef1ba4c9ff1337a7f65f3fce6d1310c02a65636426b6
77,1726.03615392,0.834020669574144,0xcfd5d60e0f447636f1643cd9b7a9547062cb0863,2017-10-31T21:47:43.000Z,0.0004832,0x52a561f94dded749051ee779dc0eaa020a4af74b,sell,0x168296bb09e24a88805cb9c33356536b980d3fc5,0x9d1430f380b96b789ee57848ae956e0f544737fc2c6c6b408a62cf9b783beb69
78,78.378,0.038640354,0x0cee9942a8dc4aa6f594d680f6b9654f02ab62d1,2017-10-31T21:46:31.000Z,0.000493,0x52a561f94dded749051ee779dc0eaa020a4af74b,sell,0x168296bb09e24a88805cb9c33356536b980d3fc5,0x50aca4bf088351399773751e555093adf5bddf35226fab9e208bc7130da51eb0
79,4500,2.254995,0xb09e4b177856c95003e806e2f07ddca38257df6d,2017-10-31T21:45:46.000Z,0.00050111,0xde62a1a800c8212aa3f3419feef4e711f459f3dc,buy,0x168296bb09e24a88805cb9c33356536b980d3fc5,0xd3548e33faf00de1994c3b3f4986cb3d7cbbcf3afbd405b574c9d9b31eec074c
80,0.13838488,0.000066867574016,0xcfd5d60e0f447636f1643cd9b7a9547062cb0863,2017-10-31T20:18:25.000Z,0.0004832,0xebc9b73e6cef821277d87be2937504ff94169d9f,sell,0x168296bb09e24a88805cb9c33356536b980d3fc5,0xf24ba17d09411ba8fcb23346868b7a01290352a0b6727d8b478b6fb4994ecb8e
81,1388.13874126,0.670748639776832,0xcfd5d60e0f447636f1643cd9b7a9547062cb0863,2017-10-31T20:17:00.000Z,0.0004832,0xebc9b73e6cef821277d87be2937504ff94169d9f,sell,0x168296bb09e24a88805cb9c33356536b980d3fc5,0xada991f5cb835e7d81b389c372d7b5b9fcd927fa777498a55176c05da2a1b874
82,975,0.488573475,0x36d9a04ceca06f4943c4e4f38556acccfb17ebae,2017-10-31T19:59:10.000Z,0.000501101,0xebc9b73e6cef821277d87be2937504ff94169d9f,sell,0x168296bb09e24a88805cb9c33356536b980d3fc5,0x6868e419f34ad6852b49c9dee197cd7670f5d6509c3320feb3fbc86151c7dc70
83,1000,0.5,0xad7f84324d7e4e042ac6bce6f29c2f9b4f536cc6,2017-10-31T19:16:23.000Z,0.0005,0xde62a1a800c8212aa3f3419feef4e711f459f3dc,sell,0x168296bb09e24a88805cb9c33356536b980d3fc5,0xad62feff6c00ca9a0d5244c48fd62e49dd4527bf5bbac0e57269835af1e7fb4b
84,1999.077,0.9995385,0xc4974402c2940657203e7cf6851559924dedca69,2017-10-31T19:13:19.000Z,0.0005,0xde62a1a800c8212aa3f3419feef4e711f459f3dc,sell,0x168296bb09e24a88805cb9c33356536b980d3fc5,0xfbd2e1bb596258f826342f8c22ec736be7d00e561136ed997475b740a3a12075
85,2945,1.501952945,0x63c1de1d53e51e5756147d409e7065cabb9f3e47,2017-10-31T19:12:48.000Z,0.000510001,0xde62a1a800c8212aa3f3419feef4e711f459f3dc,sell,0x168296bb09e24a88805cb9c33356536b980d3fc5,0x5ae61bda765cfd05a8117aa35f718da38676770948920ed37f5e449af1cb2e80
86,6000,3.012,0xd0f7a0950e32838c3050052bbc2fcd0186e3abdf,2017-10-31T19:10:27.000Z,0.000502,0xde62a1a800c8212aa3f3419feef4e711f459f3dc,sell,0x168296bb09e24a88805cb9c33356536b980d3fc5,0xe8b631d3f6bdcafa35800e726221b97094edd176b9b24865c68c37b69b349c9a
87,15000,7.5165,0xcfd5d60e0f447636f1643cd9b7a9547062cb0863,2017-10-31T19:10:27.000Z,0.0005011,0xde62a1a800c8212aa3f3419feef4e711f459f3dc,sell,0x168296bb09e24a88805cb9c33356536b980d3fc5,0x4af54167d51709e848eab464d889cf26709bb5909f67a09618f96cb8262c689a
88,8000,4.08,0x3650b69c5e20de43ea101fc97df22daf2a50d9da,2017-10-31T19:10:27.000Z,0.00051,0xde62a1a800c8212aa3f3419feef4e711f459f3dc,sell,0x168296bb09e24a88805cb9c33356536b980d3fc5,0xfd6728f3cbc6af1763bdc110514075004c74b81bf73327a059dbf9fc2d2d881c
89,10000,5.011,0x105d1fea56008e7d6f13f6f5b29cf278589526eb,2017-10-31T19:10:23.000Z,0.0005011,0xde62a1a800c8212aa3f3419feef4e711f459f3dc,sell,0x168296bb09e24a88805cb9c33356536b980d3fc5,0x5ff76cfdcd1ff63eecd9cf947a554fbdfd8dcd57dcffa78c693aa96169831249
90,100000,50.1,0xeda204f5e3d2fb6df5f72d1b45fcd8d75465839d,2017-10-31T19:10:23.000Z,0.000501,0xde62a1a800c8212aa3f3419feef4e711f459f3dc,sell,0x168296bb09e24a88805cb9c33356536b980d3fc5,0x84993f1e6cbff9b8c797d39d80ba35e5b935efefe57ee5a2bdf11205d617b9c6
91,7085.4623893,3.8261496902243244,0x77ca758a4e3ea29d4e73a95e06609d77fd2ef41f,2017-10-31T17:02:19.000Z,0.0005400000000003281,0xebc9b73e6cef821277d87be2937504ff94169d9f,buy,0x168296bb09e24a88805cb9c33356536b980d3fc5,0x3d72c3b538b1dce4762cbc992aae810e44ce40e3438eb871acfc3e478b96dbb4
92,2780.934,1.50167655066,0x77ca758a4e3ea29d4e73a95e06609d77fd2ef41f,2017-10-31T16:59:47.000Z,0.00053999,0x63c1de1d53e51e5756147d409e7065cabb9f3e47,buy,0x168296bb09e24a88805cb9c33356536b980d3fc5,0xe01bb4d412e10a7484a639e31631768ccc41a9610e4c761c9de31e7d96081b11
93,99.69095803,0.04984677499745439,0x36d9a04ceca06f4943c4e4f38556acccfb17ebae,2017-10-31T13:18:45.000Z,0.000500013,0x1785103be6422810ea36c65f069e035089cf7e3b,sell,0x168296bb09e24a88805cb9c33356536b980d3fc5,0x9d6a63abee3488ac50c89aef3a377492d746fc5063f99b6e8a453cf363a29271
94,100,0.0549999,0x1785103be6422810ea36c65f069e035089cf7e3b,2017-10-31T12:48:23.000Z,0.000549999,0xb09e4b177856c95003e806e2f07ddca38257df6d,buy,0x168296bb09e24a88805cb9c33356536b980d3fc5,0x5cefce3fde2e2c1f60c408d65c1f18ff00b04f66e9d1e9f385c75eb5a23cd461
95,3262.61910392,1.79443724454192,0xb6f20d6fa4c28a6ae5a4372d4798f2f759c25ba7,2017-10-31T11:42:19.000Z,0.0005499990000015398,0xb09e4b177856c95003e806e2f07ddca38257df6d,buy,0x168296bb09e24a88805cb9c33356536b980d3fc5,0xa4c82db963d71324c3fcd11aa16e2d3fb2e03695cd5fb8eab78acd49a5cbab5c
96,10000,5.55555,0x4929f899edbdb3dc6527712daf7e08c5af163f01,2017-10-31T08:33:38.000Z,0.000555555,0xb09e4b177856c95003e806e2f07ddca38257df6d,buy,0x168296bb09e24a88805cb9c33356536b980d3fc5,0x7a2fc72909631e44c369c322b2fac6736e4f216b46ee4c5e23d287d4a384fce4
97,14.6,0.008111103,0x6d91f54040d517e2da18aff74f1a6ecd087b839d,2017-10-31T07:35:34.000Z,0.000555555,0xb09e4b177856c95003e806e2f07ddca38257df6d,buy,0x168296bb09e24a88805cb9c33356536b980d3fc5,0xcb6314d66259913fcbcfa32adf472ff7a8ec1875811febc53e9f8eef19594ddb
98,3053.272,1.6962452596,0x6d91f54040d517e2da18aff74f1a6ecd087b839d,2017-10-31T07:33:34.000Z,0.00055555,0xcfd5d60e0f447636f1643cd9b7a9547062cb0863,buy,0x168296bb09e24a88805cb9c33356536b980d3fc5,0x1912ad276976bf7c13302561cc125c2aa1e0ada98b9c9e31cce27dc3d7c170de
99,832.113,0.46228037715,0x6d91f54040d517e2da18aff74f1a6ecd087b839d,2017-10-31T07:33:22.000Z,0.00055555,0x105d1fea56008e7d6f13f6f5b29cf278589526eb,buy,0x168296bb09e24a88805cb9c33356536b980d3fc5,0xac79fee303ce7c016b88f1e5403323aa39ed46732ef1df3ced01262833e416cb
100,6500,3.61075,0x0048f41edaabbcddf154fb070649f197c2e0dcaf,2017-10-31T06:47:31.000Z,0.0005555,0x105d1fea56008e7d6f13f6f5b29cf278589526eb,buy,0x168296bb09e24a88805cb9c33356536b980d3fc5,0x84870a67ef18ec0721b1d18b33ca9b919ae0525baaa04cedee7b9ead4fcc2ab1
101,15000,8.325,0x0048f41edaabbcddf154fb070649f197c2e0dcaf,2017-10-31T06:44:00.000Z,0.000555,0xcfd5d60e0f447636f1643cd9b7a9547062cb0863,buy,0x168296bb09e24a88805cb9c33356536b980d3fc5,0xe8de94ee2f0dee01ae08c54b4e061a2af73ac1c55319469e01be14d2a8e44f22
102,3239.68787818,1.7468397039178547,0xb11864c0940ff9bafbde895424e8b980a8cb6fc7,2017-10-31T05:46:27.000Z,0.0005392000000009874,0xcfd5d60e0f447636f1643cd9b7a9547062cb0863,buy,0x168296bb09e24a88805cb9c33356536b980d3fc5,0x46ba30068f78bb422c9fd41edc6e18033cc4bb03137227a0ec7ffb241546fe4d
103,0.923,0.0004615,0xc4974402c2940657203e7cf6851559924dedca69,2017-10-31T05:32:50.000Z,0.0005,0xe444a40689f51f63bcd29910622035707d533d29,sell,0x168296bb09e24a88805cb9c33356536b980d3fc5,0x91ef6a0156be619c3e4e1cbe6459dcae5e1212ba51b83ae58cbbff27ab78b00d
104,5000,2.696,0xb11864c0940ff9bafbde895424e8b980a8cb6fc7,2017-10-31T05:32:10.000Z,0.0005392,0x105d1fea56008e7d6f13f6f5b29cf278589526eb,buy,0x168296bb09e24a88805cb9c33356536b980d3fc5,0x790cb7fb7279cfd28606bedb7628d819b9b1f6703f2d00023cf6578babea1237
105,1000,0.5388,0xb11864c0940ff9bafbde895424e8b980a8cb6fc7,2017-10-31T05:31:44.000Z,0.0005388,0x36d9a04ceca06f4943c4e4f38556acccfb17ebae,buy,0x168296bb09e24a88805cb9c33356536b980d3fc5,0x20ae40217adda392f2d1dabe96dd980ed951de43fc6eb1cc92f5ae1121f56c55
106,6,0.003231,0xb11864c0940ff9bafbde895424e8b980a8cb6fc7,2017-10-31T05:31:44.000Z,0.0005385,0xcd3dbd556e078b9b41737a1c31d72dfe2c8eeea9,buy,0x168296bb09e24a88805cb9c33356536b980d3fc5,0xfb25f3804c9ee7ca8571e230667e6c0eb562deae0a1d1682a877b84528db687b
107,22114,11.742534,0xb09e4b177856c95003e806e2f07ddca38257df6d,2017-10-31T03:42:53.000Z,0.000531,0x3a5ca52299041fd2271cd58c229795bca54a0481,buy,0x168296bb09e24a88805cb9c33356536b980d3fc5,0xc1c506a54f2267dcbf6787960d64073229c2b2648c2899acdd3313bd51b631e9
108,7974.99978811,4.23472488749132,0xb09e4b177856c95003e806e2f07ddca38257df6d,2017-10-31T03:42:47.000Z,0.0005310000000006157,0xcfd5d60e0f447636f1643cd9b7a9547062cb0863,buy,0x168296bb09e24a88805cb9c33356536b980d3fc5,0x1449f4faa86379e500a4c29fbfc2ef7211f0c67749f7f10e9626e6e2ab445129
109,2517,1.3186563,0xb09e4b177856c95003e806e2f07ddca38257df6d,2017-10-31T03:42:14.000Z,0.0005239,0x165471acb175428a2b09f460b21a322d201e9c91,buy,0x168296bb09e24a88805cb9c33356536b980d3fc5,0xb739196ac1d1152992fb88d7811c7767dda88da83d0118626bda6eefd2c19062
110,30.568,0.016231608,0x9d695a8167ca4186df3477ebc962ca5dd91f59c5,2017-10-31T01:31:12.000Z,0.000531,0xcfd5d60e0f447636f1643cd9b7a9547062cb0863,buy,0x168296bb09e24a88805cb9c33356536b980d3fc5,0xf3f16acbad8f4ce70e60240c78b89935d84e23737dd00c0f3248cc9903963d38
111,119.43221188,0.06341850450867947,0x9d695a8167ca4186df3477ebc962ca5dd91f59c5,2017-10-31T01:28:31.000Z,0.0005310000000033448,0xcfd5d60e0f447636f1643cd9b7a9547062cb0863,buy,0x168296bb09e24a88805cb9c33356536b980d3fc5,0x80484c7cc800413d4fdd5995a35118c1449461a68b8a2226e97d7333dea0b548
112,1438,0.67586,0x2a40c5a487c50857a5d00256184d094e0d236352,2017-10-30T21:47:40.000Z,0.00047,0xd00fee3b017fbbc979d3c48caee08a9e975fe724,sell,0x168296bb09e24a88805cb9c33356536b980d3fc5,0x186e58b2c9adefd639c314c2fb0ba73453b3b0ed46acc27164e32176f16ee5a0
113,9275,4.925025,0x49c5a489cb037593701b83050ae5fb6367af6460,2017-10-30T21:45:45.000Z,0.000531,0xcfd5d60e0f447636f1643cd9b7a9547062cb0863,buy,0x168296bb09e24a88805cb9c33356536b980d3fc5,0x92813b4db88f01d03b423810cf4ccd8ed01f1abf96e99664b063642d6aff335b
114,30,0.0153,0x49c5a489cb037593701b83050ae5fb6367af6460,2017-10-30T21:44:37.000Z,0.00051,0xd00fee3b017fbbc979d3c48caee08a9e975fe724,sell,0x168296bb09e24a88805cb9c33356536b980d3fc5,0xc7ea1eeeabe96b153f56f8cfdc99c0b1e1ace8f5fcaa6422c9acd4b92e7ebf90
115,2600,1.3806,0x49c5a489cb037593701b83050ae5fb6367af6460,2017-10-30T21:24:13.000Z,0.000531,0xcfd5d60e0f447636f1643cd9b7a9547062cb0863,buy,0x168296bb09e24a88805cb9c33356536b980d3fc5,0xc15b5e5a15ffd9a1cd4e5e385ff7212a0a33a62e6bbd75b0c81fd1deaf773e7c
116,6988,3.56388,0x49c5a489cb037593701b83050ae5fb6367af6460,2017-10-30T21:22:14.000Z,0.00051,0x16f212d00f124472cc0f910d4a45cd7ad595df62,buy,0x168296bb09e24a88805cb9c33356536b980d3fc5,0x6814eb6148890778a885d7918886d809fe5f4d4f967c578309301ae731033157
117,50,0.0255,0x49c5a489cb037593701b83050ae5fb6367af6460,2017-10-30T21:20:20.000Z,0.00051,0x16f212d00f124472cc0f910d4a45cd7ad595df62,buy,0x168296bb09e24a88805cb9c33356536b980d3fc5,0xe9e84810ce3e2952d2e83188f6b437a10538aff0d1ed3db515e94a540ab6ec27
118,890,0.4539,0x49c5a489cb037593701b83050ae5fb6367af6460,2017-10-30T21:15:41.000Z,0.00051,0x16f212d00f124472cc0f910d4a45cd7ad595df62,buy,0x168296bb09e24a88805cb9c33356536b980d3fc5,0xd96dc230727e45630693e1aa427565889ada55b068152a6bc1354f5f94b88f4e
119,30,0.0153,0x49c5a489cb037593701b83050ae5fb6367af6460,2017-10-30T21:14:09.000Z,0.00051,0x16f212d00f124472cc0f910d4a45cd7ad595df62,buy,0x168296bb09e24a88805cb9c33356536b980d3fc5,0xb2554e9ec094de5246c2e3833c006624900be9bc4fb633e36ef65cf2d7c77b8b
120,683.87997208,0.3145984647562416,0x105d1fea56008e7d6f13f6f5b29cf278589526eb,2017-10-30T21:09:22.000Z,0.00046002,0x796c635dbf6891cc1cfcd1b41384c6e4414ae6b5,sell,0x168296bb09e24a88805cb9c33356536b980d3fc5,0x58a1b19ca4cdd7adbdc560fa73a42d85e25aa31527961dd22f15dcd9805725b8
121,58,0.02668116,0x105d1fea56008e7d6f13f6f5b29cf278589526eb,2017-10-30T20:41:34.000Z,0.00046002,0xa96166d9aefb9fc037ddbd466b8ece9a3a45526e,sell,0x168296bb09e24a88805cb9c33356536b980d3fc5,0x47da4f3795114b01d87e2054d2b0c45b5e0c6f0cd3348fabcd6843ec57026d80
122,37.216,0.01712010432,0x273a5d3e6721b9f5c1a6474f560c1334c63dda01,2017-10-30T20:28:57.000Z,0.00046002,0xa96166d9aefb9fc037ddbd466b8ece9a3a45526e,buy,0x168296bb09e24a88805cb9c33356536b980d3fc5,0x18c66f478a6bcebcd6815dee75eca6cbb83ec2fe10bcf0635681f51c171e2ac0
123,257.30236268,0.1183642328800536,0x273a5d3e6721b9f5c1a6474f560c1334c63dda01,2017-10-30T20:28:57.000Z,0.00046002,0xa96166d9aefb9fc037ddbd466b8ece9a3a45526e,buy,0x168296bb09e24a88805cb9c33356536b980d3fc5,0x82decb7055f7b22be94d619215e80fbf36b84eb257157c5dbebe70f9febbf86c
124,294.115,0.14411635,0x8906a128e9499c1e1c1fe5db90c4a4b4e99bc98f,2017-10-30T20:28:57.000Z,0.00049,0x273a5d3e6721b9f5c1a6474f560c1334c63dda01,sell,0x168296bb09e24a88805cb9c33356536b980d3fc5,0x02a58b48c42146126824c5cf97224561c7b5b9002801d087b6f9577f58cc07b7
125,256.53045559,0.128265227795,0xb4cfcb2b61bae99448176e1253a2916923cda0dc,2017-10-30T20:28:57.000Z,0.0005,0x273a5d3e6721b9f5c1a6474f560c1334c63dda01,sell,0x168296bb09e24a88805cb9c33356536b980d3fc5,0x82decb7055f7b22be94d619215e80fbf36b84eb257157c5dbebe70f9febbf86c
126,295,0.1357059,0x273a5d3e6721b9f5c1a6474f560c1334c63dda01,2017-10-30T20:28:57.000Z,0.00046002,0xa96166d9aefb9fc037ddbd466b8ece9a3a45526e,buy,0x168296bb09e24a88805cb9c33356536b980d3fc5,0x02a58b48c42146126824c5cf97224561c7b5b9002801d087b6f9577f58cc07b7
127,37.104352,0.018181169584352,0x63c1de1d53e51e5756147d409e7065cabb9f3e47,2017-10-30T20:28:57.000Z,0.000490001,0x273a5d3e6721b9f5c1a6474f560c1334c63dda01,sell,0x168296bb09e24a88805cb9c33356536b980d3fc5,0x18c66f478a6bcebcd6815dee75eca6cbb83ec2fe10bcf0635681f51c171e2ac0
128,1065.76463732,0.4902730484599464,0xc9d56287b414e1aa0963016aa721b527f095fd9c,2017-10-30T20:28:57.000Z,0.00046002,0xa96166d9aefb9fc037ddbd466b8ece9a3a45526e,buy,0x168296bb09e24a88805cb9c33356536b980d3fc5,0xad6874e0e58e540d5b24b60391b7465175d243a9d7cdf5901911db8966f9149b
129,1062.5769066,0.51333090357846,0xc5722340431d04913f7e3ce404048950cc60ce23,2017-10-30T20:28:57.000Z,0.0004831,0xc9d56287b414e1aa0963016aa721b527f095fd9c,sell,0x168296bb09e24a88805cb9c33356536b980d3fc5,0xad6874e0e58e540d5b24b60391b7465175d243a9d7cdf5901911db8966f9149b
130,742.69763732,0.37134881866,0xb4cfcb2b61bae99448176e1253a2916923cda0dc,2017-10-30T17:11:33.000Z,0.0005,0x009ce5b54110241a3b14b955e0a0aa29af356f0b,sell,0x168296bb09e24a88805cb9c33356536b980d3fc5,0x2863f2b6c78bbfdcc69b6ede5a7a3bb31a05fed37e58172c9f88f7583eccae50
131,302,0.15402,0x23012f74de1adbb749e9414a42de477a3b266c56,2017-10-30T14:47:50.000Z,0.00051,0x16f212d00f124472cc0f910d4a45cd7ad595df62,buy,0x168296bb09e24a88805cb9c33356536b980d3fc5,0x585a8c21ab54082b8d112e52d5ab1711fbf9b1bf1dfbc758badf70c33945f778
132,49.39677551,0.024697893789055844,0x23012f74de1adbb749e9414a42de477a3b266c56,2017-10-30T14:45:56.000Z,0.0004999900000366612,0xb09e4b177856c95003e806e2f07ddca38257df6d,buy,0x168296bb09e24a88805cb9c33356536b980d3fc5,0xdc421827a1228e43db474dd443b88ae5071fb47f8470dd861071a74e6ee85da4
133,15962.83545648,7.98125809989034,0x1b64f984feaee84c07e00ca6bd217f98df37bb09,2017-10-30T10:29:04.000Z,0.0004999900000003072,0xb09e4b177856c95003e806e2f07ddca38257df6d,buy,0x168296bb09e24a88805cb9c33356536b980d3fc5,0x4423ab35dde8da3f610e7445a66eea42b965245d9abf22ad2baae536c608d657
134,3987.76776799,1.9938440063206042,0x23012f74de1adbb749e9414a42de477a3b266c56,2017-10-30T09:22:53.000Z,0.0004999900000008235,0xb09e4b177856c95003e806e2f07ddca38257df6d,buy,0x168296bb09e24a88805cb9c33356536b980d3fc5,0xa2d350d233c4f6e75e8bb478b5328dc1ffea6d03053da4f3775bbfaecd2c965d
135,0.844,0.000413560844,0x63c1de1d53e51e5756147d409e7065cabb9f3e47,2017-10-30T02:56:39.000Z,0.000490001,0x16e5d97bbc92417e051e3b2cabfbf8ceea2acb9c,sell,0x168296bb09e24a88805cb9c33356536b980d3fc5,0x163c468eabea83f5da2f137b54a4d277a18c23dcc7a9999d3de06dc8aa28c880
136,0.94,0.00046060094,0x63c1de1d53e51e5756147d409e7065cabb9f3e47,2017-10-30T02:55:38.000Z,0.000490001,0x379374d13077e8867ef31803c37baf9785a17c00,sell,0x168296bb09e24a88805cb9c33356536b980d3fc5,0x18eedc3ee5c13cfdd2c041adb5070c749e640d58a7c1903495ea8500984938bf
137,4988.24563733,2.689662047652278,0xb6f20d6fa4c28a6ae5a4372d4798f2f759c25ba7,2017-10-29T21:25:09.000Z,0.0005392000000007903,0xcfd5d60e0f447636f1643cd9b7a9547062cb0863,buy,0x168296bb09e24a88805cb9c33356536b980d3fc5,0xdc39fe5d6d2e1549cf4578f42851e3fe71203f510cb2c992236916ccb1f177c9
138,1100,0.59312,0xf6087a8189e5014c263e898155c5c3c24b019629,2017-10-29T21:16:42.000Z,0.0005392,0xcfd5d60e0f447636f1643cd9b7a9547062cb0863,buy,0x168296bb09e24a88805cb9c33356536b980d3fc5,0xd4a48c6f0a4f2651dc1711fdaaeeb783d59619e452542af3083ac614c5d2407b
139,7900,4.26047,0xbd125f7c40e252a090871b865aca471f5cb8ee01,2017-10-29T17:37:22.000Z,0.0005393,0x105d1fea56008e7d6f13f6f5b29cf278589526eb,buy,0x168296bb09e24a88805cb9c33356536b980d3fc5,0xa775e4264f8de768c59a20d04c427f02507af7ee13e2d4fd7775decff0978769
140,2105,1.126175,0xbd125f7c40e252a090871b865aca471f5cb8ee01,2017-10-29T17:34:02.000Z,0.000535,0x99bc37ffa8c3b9e6f4792abf009cc294b34947bc,buy,0x168296bb09e24a88805cb9c33356536b980d3fc5,0x7513b8fa699d0c2d0e4c0be68362a362e56aa62a168c08389c4af80b11721167
141,1,0.000535,0x0b773d7819259d78757b26dc4148812d35676d8f,2017-10-29T16:21:10.000Z,0.000535,0x99bc37ffa8c3b9e6f4792abf009cc294b34947bc,buy,0x168296bb09e24a88805cb9c33356536b980d3fc5,0xb65a0e97474dea3cbe7678bd6cd7f10f8f32fc574dfa50621a91234db6d79aac
142,1864,0.99724,0x503fd5f11f268cca61108d4c01c4c07a9256e818,2017-10-29T16:09:38.000Z,0.000535,0x99bc37ffa8c3b9e6f4792abf009cc294b34947bc,buy,0x168296bb09e24a88805cb9c33356536b980d3fc5,0x98df0e5661e6c5485fd4395b5706ea6461ee35529fa50acb119d645146e4ef61
143,300,0.1605,0x59112a758dcb3adc232a9fb4bbf94ec99c87308e,2017-10-29T16:04:13.000Z,0.000535,0x99bc37ffa8c3b9e6f4792abf009cc294b34947bc,buy,0x168296bb09e24a88805cb9c33356536b980d3fc5,0xf73f22d4bdc636b9bf5883f78dbc40988bb721acb2462adccff3fa8feb8bdfff
144,0.00000198,0.000000001073915488,0xf6087a8189e5014c263e898155c5c3c24b019629,2017-10-29T09:59:29.000Z,0.0005423815595959596,0xb09e4b177856c95003e806e2f07ddca38257df6d,buy,0x168296bb09e24a88805cb9c33356536b980d3fc5,0x2f9ae827e2cfb5d6b07117ce56aadc138a17ef8bec64d592a4167ba831c07b2a
145,5539.13,2.98977311315,0xfe100b41e2463194787391e411948096b08ed3b2,2017-10-29T08:41:29.000Z,0.000539755,0x2519f350cc15752fe0eba296b975eb793a9c2acc,buy,0x168296bb09e24a88805cb9c33356536b980d3fc5,0x7a9db080aab102eae8ead1e3e4e2676470243e2aad54dcfcb30b2e49c94eb47f
146,5998.147,3.237523835838,0xfe100b41e2463194787391e411948096b08ed3b2,2017-10-29T08:38:57.000Z,0.000539754,0xd990b20677084e0ecc854a956cb15a401515dfe8,buy,0x168296bb09e24a88805cb9c33356536b980d3fc5,0xea07365e6ea33ea2370be735edfbfebcb4f326959a1c920a5517d03175785d4c
147,1463.749,0.790127318953,0xfe100b41e2463194787391e411948096b08ed3b2,2017-10-29T07:33:28.000Z,0.000539797,0xe13c6dc69b7ff1a7ba08a9dc2dd2ac219a34133e,buy,0x168296bb09e24a88805cb9c33356536b980d3fc5,0xd8a37b905dce2af67ae8f63a8580ba4246476bb26223146dc00041115deaf611
148,820.79114746,0.3939797507808,0x2a40c5a487c50857a5d00256184d094e0d236352,2017-10-29T06:19:54.000Z,0.00048,0x6ee63b142f7806e0277b4f05c3f0ec9f46b1ea0a,sell,0x168296bb09e24a88805cb9c33356536b980d3fc5,0xd8adfc7ca7d5f3066a8bca5a23c48e0b26f33b8262ea75d77fdcce0b723c5b36
149,6000,3.239394,0x2a40c5a487c50857a5d00256184d094e0d236352,2017-10-28T22:10:59.000Z,0.000539899,0xd990b20677084e0ecc854a956cb15a401515dfe8,buy,0x168296bb09e24a88805cb9c33356536b980d3fc5,0x83ea22f5267955cbb7eb9f6545207ad924c05c8da8c07a6593a302407e00382d
150,0.92609914,0.0005,0x34f9560c63078eb61872a4dc2ccd20e21c34feaf,2017-10-28T20:56:53.000Z,0.0005398990004461077,0xd990b20677084e0ecc854a956cb15a401515dfe8,buy,0x168296bb09e24a88805cb9c33356536b980d3fc5,0x2c8b23389753b1e293f8cf48bfcd45396681179e72a3c8e489bc743baee22328
151,0.92609914,0.0005,0xe444a40689f51f63bcd29910622035707d533d29,2017-10-28T20:56:44.000Z,0.0005398990004461077,0xd990b20677084e0ecc854a956cb15a401515dfe8,buy,0x168296bb09e24a88805cb9c33356536b980d3fc5,0x6dff0636664e30a67647607421a981ad5af7c79f4873182c66d60f1c7fe6ee24
152,494.68082918,0.226217543184014,0xee50a38e1c3faca4a18e87b988697dbfc4bfcc8c,2017-10-28T19:41:25.000Z,0.0004573,0xa2b16e3b6b64771396c925e61fefd851e757e38e,sell,0x168296bb09e24a88805cb9c33356536b980d3fc5,0x448211b2299d04a4f71bcd830a47363e96765d8ffcd85417cdd7297db454bbfa
153,390.61896435,0.1804659615297,0x1716407edd41c461d7cb57189f3eb054dd58e432,2017-10-28T19:38:40.000Z,0.000462,0xa2b16e3b6b64771396c925e61fefd851e757e38e,sell,0x168296bb09e24a88805cb9c33356536b980d3fc5,0x4bfd03097f9d4f54f16dd5234ddce9c85f38eb4925f844baad00f5c1b9733c5c
154,460.613,0.223397305,0x89a03a29010c5929c3d2a7709ab162d166295b0c,2017-10-28T19:38:22.000Z,0.000485,0xa2b16e3b6b64771396c925e61fefd851e757e38e,sell,0x168296bb09e24a88805cb9c33356536b980d3fc5,0x4be6a213546b71e14421bce454939b63631ca482c317435decc5036453f6ccf0
155,500,0.27,0xf3d86c855d3d837d1279b0757caab65fea176ca5,2017-10-28T18:34:46.000Z,0.00054,0xe13c6dc69b7ff1a7ba08a9dc2dd2ac219a34133e,sell,0x168296bb09e24a88805cb9c33356536b980d3fc5,0x517798af7139d24741b11fa917bfcb2dc8630fb98eca985f02d16a9895900230
156,904.38680208,0.4386275990088,0x89a03a29010c5929c3d2a7709ab162d166295b0c,2017-10-28T16:45:41.000Z,0.000485,0x1ed014aec47fae44c9e55bac7662c0b78ae61798,sell,0x168296bb09e24a88805cb9c33356536b980d3fc5,0xc93505779f3d9a176f24ce2cde45636eb43b818a82939f419922a991afc124f5
157,3000,1.491,0x23012f74de1adbb749e9414a42de477a3b266c56,2017-10-28T15:18:14.000Z,0.000497,0xfbf7dc0756a9768d0c71aea5f8421f3b1eaee7d1,buy,0x168296bb09e24a88805cb9c33356536b980d3fc5,0xae851f949606a03bea261193c5cc62086590036bf2af4197ab815a7e3d96a9b4
158,217.34596159,0.10823828887345693,0x23012f74de1adbb749e9414a42de477a3b266c56,2017-10-28T10:12:39.000Z,0.0004980000000075315,0x905312a807dc2daa2b7aa65839c7a8d6ef3e0ea2,buy,0x168296bb09e24a88805cb9c33356536b980d3fc5,0xaa8784d96b6ec5fae07d26f80761ca3a566d21f0f135fc033475b0e056d5cb5f
159,8435.82893031,3.8804813079426,0x2519f350cc15752fe0eba296b975eb793a9c2acc,2017-10-28T06:14:24.000Z,0.00046,0x20adc61458b00425cf72df7ec088a1a2f265b418,sell,0x168296bb09e24a88805cb9c33356536b980d3fc5,0x0023e96d1fc8b018ac626f75f022b97b5a9a019eafc23b30877ddb6ccb9ea5a4
160,2000,0.94,0xb4cfcb2b61bae99448176e1253a2916923cda0dc,2017-10-28T04:51:39.000Z,0.00047,0x905312a807dc2daa2b7aa65839c7a8d6ef3e0ea2,sell,0x168296bb09e24a88805cb9c33356536b980d3fc5,0xac8a7aa842b7551abb45d734a5c2515bb06f88c41351064d3a57cb292b5be430
161,2050,0.96555,0x1716407edd41c461d7cb57189f3eb054dd58e432,2017-10-28T04:50:36.000Z,0.000471,0x905312a807dc2daa2b7aa65839c7a8d6ef3e0ea2,sell,0x168296bb09e24a88805cb9c33356536b980d3fc5,0xb76edbee246440378e7953443bc4b30ee7cfa693902ea49a8cee97eff2c73dd9
162,427.24696298,0.209351011863224,0x1d18a0fdff04c4c462b42bccac22c1df1f5595fb,2017-10-28T01:42:12.000Z,0.0004900000000070779,0x70f86aa01ca913a195883fdbe4e5b11a5ed26c10,buy,0x168296bb09e24a88805cb9c33356536b980d3fc5,0x768a3e344137a07ad6bd56be49bf0e4eb488f1637e350cf1cb4de56371350fa1
163,4500,2.07,0xcfd5d60e0f447636f1643cd9b7a9547062cb0863,2017-10-27T20:38:23.000Z,0.00046,0xde62a1a800c8212aa3f3419feef4e711f459f3dc,buy,0x168296bb09e24a88805cb9c33356536b980d3fc5,0x24e43eda8b0367292fe4e5b1e0c8087c8e835ad397008dbc11d1f195928e27d9
164,40000,18.288,0x2519f350cc15752fe0eba296b975eb793a9c2acc,2017-10-27T20:21:50.000Z,0.0004572,0xde62a1a800c8212aa3f3419feef4e711f459f3dc,sell,0x168296bb09e24a88805cb9c33356536b980d3fc5,0x0ff41310d222520c6fef6a7c4279b3ad6b380a7fbedc97ee753f6f281000ad26
165,15000,6.9015,0xcfd5d60e0f447636f1643cd9b7a9547062cb0863,2017-10-27T20:14:36.000Z,0.0004601,0xde62a1a800c8212aa3f3419feef4e711f459f3dc,sell,0x168296bb09e24a88805cb9c33356536b980d3fc5,0xbea5c16b2f2c04ec382d7ed7db73b8f7a3e8dcf080891351c8cfa5367fa56882
166,15000,7.056,0x6595732468a241312bc307f327ba0d64f02b3c20,2017-10-27T20:14:14.000Z,0.0004704,0xde62a1a800c8212aa3f3419feef4e711f459f3dc,sell,0x168296bb09e24a88805cb9c33356536b980d3fc5,0xf69d8880c18dc92702738063d1a3b335ab182fd0e28467a45b93f58bebf2bf73
167,10000,4.711,0xcfd5d60e0f447636f1643cd9b7a9547062cb0863,2017-10-27T20:14:14.000Z,0.0004711,0xde62a1a800c8212aa3f3419feef4e711f459f3dc,sell,0x168296bb09e24a88805cb9c33356536b980d3fc5,0x7124257fee2fb32caf4358067824f373b6b45492357a030f10c587d8d3033214
168,2184,1.028664,0x81be9ecc60b0b991bf8f91af9bdf4240d07f64a6,2017-10-27T20:14:14.000Z,0.000471,0xde62a1a800c8212aa3f3419feef4e711f459f3dc,sell,0x168296bb09e24a88805cb9c33356536b980d3fc5,0xe859cdc23c60ba29dbc3412eac6e5079756bffb06a10e874c624b7172efcaef1
169,3000,1.416,0xfbf7dc0756a9768d0c71aea5f8421f3b1eaee7d1,2017-10-27T20:13:58.000Z,0.000472,0xde62a1a800c8212aa3f3419feef4e711f459f3dc,sell,0x168296bb09e24a88805cb9c33356536b980d3fc5,0xd078ddf5fc8d5ae240437d2b2b9395992beb7de1134e4b87078afa08e1a6a3a9
170,305.023,0.1525115,0xb4cfcb2b61bae99448176e1253a2916923cda0dc,2017-10-27T20:13:55.000Z,0.0005,0xde62a1a800c8212aa3f3419feef4e711f459f3dc,sell,0x168296bb09e24a88805cb9c33356536b980d3fc5,0xa43a9ec33c19d63fc0faac386c566851de6ca7d022bfb338b2466456001d6ec0
171,300,0.1437,0x526bb9ccacef10ccfe87f76ab52a155d30581880,2017-10-27T20:13:55.000Z,0.000479,0xde62a1a800c8212aa3f3419feef4e711f459f3dc,sell,0x168296bb09e24a88805cb9c33356536b980d3fc5,0xd4705cc70dafa6abf836adda9db83578a016e7538870b8d65cee1cccba1be958
172,12000,5.664012,0xd990b20677084e0ecc854a956cb15a401515dfe8,2017-10-27T20:13:55.000Z,0.000472001,0xde62a1a800c8212aa3f3419feef4e711f459f3dc,sell,0x168296bb09e24a88805cb9c33356536b980d3fc5,0x57749fc4ef607a7829548054dd6fe7d71f0767f03daa66c549ed7f5e5391cff0
173,0.00089697,0.000000496914355649,0x0ddb336a8e488d2af3e4bcf29a6c4d429237f9bd,2017-10-27T18:36:20.000Z,0.0005539921688005173,0x105d1fea56008e7d6f13f6f5b29cf278589526eb,buy,0x168296bb09e24a88805cb9c33356536b980d3fc5,0x7a9fd5f7de71c8ac833e57342edad0a8a21e5b47e3b259450b31eeb4153e0f90
174,8.99754129,0.004984547901505333,0x0ddb336a8e488d2af3e4bcf29a6c4d429237f9bd,2017-10-27T18:35:02.000Z,0.0005539900002509833,0x105d1fea56008e7d6f13f6f5b29cf278589526eb,buy,0x168296bb09e24a88805cb9c33356536b980d3fc5,0x3da86d7c2959ab0367b5754202fbb47c6b52578e3daf7fc64376e88d1bec67f9
175,2,0.00110798,0xb4c432a9559a4f1464d2bff9fcbbdc14f1c39dec,2017-10-27T13:00:18.000Z,0.00055399,0x105d1fea56008e7d6f13f6f5b29cf278589526eb,buy,0x168296bb09e24a88805cb9c33356536b980d3fc5,0x9abd60b45c1d9c72a71e868c8945178dc7ecc60b2c44805206d39690805588cd
176,1527.00693574,0.8483363381850357,0x0c37875a05b4efa04ffd1caab43ebe3b64969c81,2017-10-27T10:49:26.000Z,0.000555555,0xcfd5d60e0f447636f1643cd9b7a9547062cb0863,sell,0x168296bb09e24a88805cb9c33356536b980d3fc5,0xfaef1ba4b22c1a9538851270aa143b449597642f5d58ee8c02ff10e332a25af8
177,3000,1.666665,0x0c37875a05b4efa04ffd1caab43ebe3b64969c81,2017-10-27T10:48:24.000Z,0.000555555,0x2519f350cc15752fe0eba296b975eb793a9c2acc,sell,0x168296bb09e24a88805cb9c33356536b980d3fc5,0x25c74728f452e6b458faf9e245722e43c464afb6ca9cee32e93cb96f11f33bb7
178,3000,1.666665,0x0c37875a05b4efa04ffd1caab43ebe3b64969c81,2017-10-27T10:47:43.000Z,0.000555555,0x2519f350cc15752fe0eba296b975eb793a9c2acc,sell,0x168296bb09e24a88805cb9c33356536b980d3fc5,0x36673606fb5910700551410a676648da23915fee279c436c2d2bc424fb0d73f6
179,297,0.16615665,0x23012f74de1adbb749e9414a42de477a3b266c56,2017-10-27T09:27:45.000Z,0.00055945,0x2519f350cc15752fe0eba296b975eb793a9c2acc,buy,0x168296bb09e24a88805cb9c33356536b980d3fc5,0x0cb49c41abee6e6098389c4ee4e20d4b59c6a25d6796fb5353ee841042e0ce1c
180,297,0.16615665,0x23012f74de1adbb749e9414a42de477a3b266c56,2017-10-27T09:26:58.000Z,0.00055945,0x2519f350cc15752fe0eba296b975eb793a9c2acc,buy,0x168296bb09e24a88805cb9c33356536b980d3fc5,0xfa1c0c726a33525e04ed6789d9aa5a7d518ae56b07f90fc07aa35b460fbd9e96
181,693.64968597,0.346824842985,0xb4cfcb2b61bae99448176e1253a2916923cda0dc,2017-10-27T09:06:46.000Z,0.0005,0xb6950869e5a394200ee5910dfc5f3e3a629f1543,sell,0x168296bb09e24a88805cb9c33356536b980d3fc5,0xa67f44ede4467a3c7085e1d8fe7211850811c532d1358da23edaa37ce91fc494
182,1.32687703,0.000663438515,0xb4cfcb2b61bae99448176e1253a2916923cda0dc,2017-10-27T06:46:44.000Z,0.0005,0x557c577d8e5be52828583684665cbd5e5f7e35b6,sell,0x168296bb09e24a88805cb9c33356536b980d3fc5,0x252ea6b98a21788a32978b647f1946df38fd6045facee2482a3303e80a2907ee
183,13309.90340623,6.06931595324088,0xcfd5d60e0f447636f1643cd9b7a9547062cb0863,2017-10-27T06:45:26.000Z,0.000456,0x557c577d8e5be52828583684665cbd5e5f7e35b6,sell,0x168296bb09e24a88805cb9c33356536b980d3fc5,0xcde1e2e8faf6c131e2d6c43afb331c4579d9426be8ab2a7a0c3cbea34a5ef8c9
184,5000,2.3,0x945df54583eb102061f57d3b4f3e499d7acc49b7,2017-10-27T06:43:29.000Z,0.00046,0x557c577d8e5be52828583684665cbd5e5f7e35b6,sell,0x168296bb09e24a88805cb9c33356536b980d3fc5,0x4957be04e77aaced5f1b3e9011b2321af88df7f727dbd980c94129291b0b82a4
185,1631,0.79919,0x89a03a29010c5929c3d2a7709ab162d166295b0c,2017-10-27T06:42:06.000Z,0.00049,0x557c577d8e5be52828583684665cbd5e5f7e35b6,sell,0x168296bb09e24a88805cb9c33356536b980d3fc5,0xe97cb31df8fee1593f4b888ef722972f605c223fb8f91d9d862bade638601084
186,50,0.027495,0x9d695a8167ca4186df3477ebc962ca5dd91f59c5,2017-10-27T05:24:17.000Z,0.0005499,0xcfd5d60e0f447636f1643cd9b7a9547062cb0863,buy,0x168296bb09e24a88805cb9c33356536b980d3fc5,0x80529278d9d2309a2f8b3e6483c2993c8986ba8db64827f2977124755eb2442b
187,20571.06778778,9.374256161959133,0xb09e4b177856c95003e806e2f07ddca38257df6d,2017-10-27T04:05:39.000Z,0.000455701,0x557c577d8e5be52828583684665cbd5e5f7e35b6,sell,0x168296bb09e24a88805cb9c33356536b980d3fc5,0xb3898f7aab48e408c5123a6867a1892fce176dc3e2e4b0590275758d604ec502
188,10,0.005597,0x94b0bf6dd676f7b4884557735945b927535fd822,2017-10-26T22:55:14.000Z,0.0005597,0xcfd5d60e0f447636f1643cd9b7a9547062cb0863,buy,0x168296bb09e24a88805cb9c33356536b980d3fc5,0x2657f6d9a6d2f61fa3395fc55cde2ea30640855216adccc29aef8c123d70d481
189,0.20179948,0.0000918187634,0x2b608b5481e1eb2b6291a6309124155d40c8c036,2017-10-26T22:10:10.000Z,0.000455,0xbe69be9133daa77aeafca0d6330c7ba44f597b15,sell,0x168296bb09e24a88805cb9c33356536b980d3fc5,0xd0a2a69b6c4c5376c628a8d968201166a355868674340e86e0a19741bc5b445f
190,33,0.0158202,0xee50a38e1c3faca4a18e87b988697dbfc4bfcc8c,2017-10-26T20:03:42.000Z,0.0004794,0x2519f350cc15752fe0eba296b975eb793a9c2acc,sell,0x168296bb09e24a88805cb9c33356536b980d3fc5,0xb30a4220439c2db778d7f302d33bf8b5fdc1a443299dcf337cc80911b2e72a29
191,100,0.0425,0x273a5d3e6721b9f5c1a6474f560c1334c63dda01,2017-10-26T20:01:30.000Z,0.000425,0x2519f350cc15752fe0eba296b975eb793a9c2acc,buy,0x168296bb09e24a88805cb9c33356536b980d3fc5,0xe813d3f8cd8bb42590a6e763750d066abdc3f56c8a30bcdb11842c3b1cdcca3a
192,99.7,0.04985,0x9c0f53b0dd0f04f3de23f433a9e20ee89d30e522,2017-10-26T20:01:30.000Z,0.0005,0x273a5d3e6721b9f5c1a6474f560c1334c63dda01,sell,0x168296bb09e24a88805cb9c33356536b980d3fc5,0xe813d3f8cd8bb42590a6e763750d066abdc3f56c8a30bcdb11842c3b1cdcca3a
193,646.94042714,0.2749496815345,0x7aa6e2506316f6d613277d4f2f4e4e1dc55e528e,2017-10-26T20:01:30.000Z,0.000425,0x2519f350cc15752fe0eba296b975eb793a9c2acc,buy,0x168296bb09e24a88805cb9c33356536b980d3fc5,0xb39c98f326e5c548111bec650ecd4097cdfa18431a59dfea383e2f5320d7ff7c
194,644.99960585,0.283799826574,0x939153efae9811ad71bc1174af3007861968dd87,2017-10-26T20:01:30.000Z,0.00044,0x7aa6e2506316f6d613277d4f2f4e4e1dc55e528e,sell,0x168296bb09e24a88805cb9c33356536b980d3fc5,0xb39c98f326e5c548111bec650ecd4097cdfa18431a59dfea383e2f5320d7ff7c
195,19940,9.5712,0x2519f350cc15752fe0eba296b975eb793a9c2acc,2017-10-26T20:01:06.000Z,0.00048,0xd2ea382e498316d91b9de8557670149b479721a0,sell,0x168296bb09e24a88805cb9c33356536b980d3fc5,0x19448ad2b298ed077c61ac6852ee30fe5b130cab20ee64e8179ae6a4cdaca91e
196,10967,5.2575798,0xee50a38e1c3faca4a18e87b988697dbfc4bfcc8c,2017-10-26T20:01:06.000Z,0.0004794,0x273a5d3e6721b9f5c1a6474f560c1334c63dda01,sell,0x168296bb09e24a88805cb9c33356536b980d3fc5,0x5ca159a0ebd361c93605da1938f22d40e3ff1703e865b9289dd2811edc7cec3a
197,11000,4.675,0x273a5d3e6721b9f5c1a6474f560c1334c63dda01,2017-10-26T20:01:06.000Z,0.000425,0x2519f350cc15752fe0eba296b975eb793a9c2acc,buy,0x168296bb09e24a88805cb9c33356536b980d3fc5,0x5ca159a0ebd361c93605da1938f22d40e3ff1703e865b9289dd2811edc7cec3a
198,165.16317431,0.07019434908175,0x273a5d3e6721b9f5c1a6474f560c1334c63dda01,2017-10-26T20:01:06.000Z,0.000425,0x2519f350cc15752fe0eba296b975eb793a9c2acc,buy,0x168296bb09e24a88805cb9c33356536b980d3fc5,0x4fb4cf146a5f3aca640cf81035776c5247a99ec9829677526097bbe2363ce3d2
199,164.66768478,0.0815105039661,0xf0b5a1d460b2b1c4c74dd8613f3e996064c9d773,2017-10-26T20:01:06.000Z,0.000495,0x273a5d3e6721b9f5c1a6474f560c1334c63dda01,sell,0x168296bb09e24a88805cb9c33356536b980d3fc5,0x4fb4cf146a5f3aca640cf81035776c5247a99ec9829677526097bbe2363ce3d2
200,20000,8.5,0xd2ea382e498316d91b9de8557670149b479721a0,2017-10-26T20:01:06.000Z,0.000425,0x2519f350cc15752fe0eba296b975eb793a9c2acc,buy,0x168296bb09e24a88805cb9c33356536b980d3fc5,0x19448ad2b298ed077c61ac6852ee30fe5b130cab20ee64e8179ae6a4cdaca91e
201,650.06387908,0.313395796104468,0xff6aacee0b78e6f446ea96bf6fb01c70a7aee5b0,2017-10-26T17:10:16.000Z,0.0004821,0xde62a1a800c8212aa3f3419feef4e711f459f3dc,sell,0x168296bb09e24a88805cb9c33356536b980d3fc5,0xd58a42322e73e331a4a7fdd3c399da2ac4128302c981de492a3d08bc1c6a4dcb
202,1000,0.4401,0x4b852c092b80504354b3b6502996708005b9c5e1,2017-10-26T17:09:40.000Z,0.0004401,0xde62a1a800c8212aa3f3419feef4e711f459f3dc,sell,0x168296bb09e24a88805cb9c33356536b980d3fc5,0x3d5d7c43c55bd5051070dfabc8b0d6df8d4c9206bec25f000d7c36644a115730
203,1000,0.461,0x4b852c092b80504354b3b6502996708005b9c5e1,2017-10-26T17:09:40.000Z,0.000461,0xde62a1a800c8212aa3f3419feef4e711f459f3dc,sell,0x168296bb09e24a88805cb9c33356536b980d3fc5,0x76b087ab33b6737af75c230f58e60eab9362e9e572fc5c854f4f38706bc5bdc3
204,5600,2.5816,0x06340dc14baa5ea280b7d1d1ea52e4f2fffe2a7e,2017-10-26T17:06:55.000Z,0.000461,0xde62a1a800c8212aa3f3419feef4e711f459f3dc,sell,0x168296bb09e24a88805cb9c33356536b980d3fc5,0x16223b176c384c528246a88b0db4ca6b480044ea73a6dc73dc52a6435438410c
205,1000,0.481,0x8f9109aa106cf2789f9d2120f1d09d2f42856a24,2017-10-26T17:06:48.000Z,0.000481,0xde62a1a800c8212aa3f3419feef4e711f459f3dc,sell,0x168296bb09e24a88805cb9c33356536b980d3fc5,0x41d817f68da8bcad6284988f89cc8d36e95f1deff3670c4640864387836f5335
206,1000,0.461002,0x4b852c092b80504354b3b6502996708005b9c5e1,2017-10-26T17:06:48.000Z,0.000461002,0xde62a1a800c8212aa3f3419feef4e711f459f3dc,sell,0x168296bb09e24a88805cb9c33356536b980d3fc5,0xa9691f9bc8d3885571abd8b73960a62559c0923a60bcd214a719fa1b26878f95
207,5000,2.40025,0x905312a807dc2daa2b7aa65839c7a8d6ef3e0ea2,2017-10-26T17:05:07.000Z,0.00048005,0xde62a1a800c8212aa3f3419feef4e711f459f3dc,sell,0x168296bb09e24a88805cb9c33356536b980d3fc5,0x219ce13fc1e35d7af0330be2f2cef2bc1e2b785fb9464e2e0bdfdbd6a5a17163
208,863,0.4160523,0x219ee5a37d1ea8f5dd9893791fdd85e593202be0,2017-10-26T17:04:55.000Z,0.0004821,0xde62a1a800c8212aa3f3419feef4e711f459f3dc,sell,0x168296bb09e24a88805cb9c33356536b980d3fc5,0xe5bcb01f76d8d7b65b717d8a3323558c443018e63cce709103dd072b356fc1c7
209,5400,2.59848,0xf9ee0baf212a65e70068af62322b410758876f91,2017-10-26T17:04:55.000Z,0.0004812,0xde62a1a800c8212aa3f3419feef4e711f459f3dc,sell,0x168296bb09e24a88805cb9c33356536b980d3fc5,0x214a4541f69fdc13e0f910b4993011538fed5334ce32f1a5869216edd02eabd6
210,420,0.202944,0x15caad4eb02d5bfd1821dd2d8feb4eb63532e12c,2017-10-26T17:04:42.000Z,0.0004832,0xde62a1a800c8212aa3f3419feef4e711f459f3dc,sell,0x168296bb09e24a88805cb9c33356536b980d3fc5,0x33324283db300fe72c773cc1a1df2c86237c36ab4e5beace08eca17694510d28
211,1985.749,1.062377700749,0x36d9a04ceca06f4943c4e4f38556acccfb17ebae,2017-10-26T17:04:35.000Z,0.000535001,0xde62a1a800c8212aa3f3419feef4e711f459f3dc,sell,0x168296bb09e24a88805cb9c33356536b980d3fc5,0xbd7d78c6fbf23a90683bcb1836e023fa418f918feea369777576425c6d995caa
212,1956.952,1.060667984,0x99bc37ffa8c3b9e6f4792abf009cc294b34947bc,2017-10-26T17:01:36.000Z,0.000542,0xde62a1a800c8212aa3f3419feef4e711f459f3dc,sell,0x168296bb09e24a88805cb9c33356536b980d3fc5,0xe3b32e6b72852a44c51f739ca086d29727538f203f780686703a41982dc6e2f6
213,8115,4.341533115,0x36d9a04ceca06f4943c4e4f38556acccfb17ebae,2017-10-26T17:01:21.000Z,0.000535001,0xde62a1a800c8212aa3f3419feef4e711f459f3dc,sell,0x168296bb09e24a88805cb9c33356536b980d3fc5,0xffceb13e8a29b5b91da671d96a266d40d906fb0e4b6458c17b73574e8ee0deb3
214,2000,1.065,0xb4cfcb2b61bae99448176e1253a2916923cda0dc,2017-10-26T17:01:21.000Z,0.0005325,0xde62a1a800c8212aa3f3419feef4e711f459f3dc,sell,0x168296bb09e24a88805cb9c33356536b980d3fc5,0x7cfe026a4af34c6e31671d68c1a9715ebd18b34e1cf8f4569e94392401201642
215,750,0.40125,0xb4cfcb2b61bae99448176e1253a2916923cda0dc,2017-10-26T17:01:21.000Z,0.000535,0xde62a1a800c8212aa3f3419feef4e711f459f3dc,sell,0x168296bb09e24a88805cb9c33356536b980d3fc5,0xad2efc033fb6140c5634918b71e1405a07963406d51f2750e72e1a43b7b09088
216,64288.91485389,34.13741378741559,0xc5722340431d04913f7e3ce404048950cc60ce23,2017-10-26T17:01:21.000Z,0.000531,0xde62a1a800c8212aa3f3419feef4e711f459f3dc,sell,0x168296bb09e24a88805cb9c33356536b980d3fc5,0x7d1df444d52f8823eff13b3362ac1e778638f4ec76841e1eb382150684962432
217,2678,1.49968,0xe7ff17c50de51c70e273f94d442b4634ea1b32c7,2017-10-26T12:06:38.000Z,0.00056,0x99bc37ffa8c3b9e6f4792abf009cc294b34947bc,sell,0x168296bb09e24a88805cb9c33356536b980d3fc5,0x9cf9da7890d0ba8428cbba9b743c57b8dcedc5177573bb7a48a5fc2bd6d2da34
218,1384.37712337,0.7752511890925547,0x23012f74de1adbb749e9414a42de477a3b266c56,2017-10-26T08:19:00.000Z,0.000560000000003868,0x3a5ca52299041fd2271cd58c229795bca54a0481,buy,0x168296bb09e24a88805cb9c33356536b980d3fc5,0xcf05cb9d695ffead1fd26d4254c1bace841b79f4d1cca063189655fb116f0ffb
219,1800,0.99,0x75206f22520eeabd93f98e1eb31dd14bbacfb6c7,2017-10-26T03:27:43.000Z,0.00055,0x3a5ca52299041fd2271cd58c229795bca54a0481,buy,0x168296bb09e24a88805cb9c33356536b980d3fc5,0x3e862e79c6331467d4536502eeca15f9129adb7c40eea3bdec3fdc693ee3d196
220,161.70573253,0.08893815289421649,0xf8e1bb84f1dc3238a4e7ba9f3750ced169aeffd3,2017-10-26T02:52:18.000Z,0.0005500000000167989,0x3a5ca52299041fd2271cd58c229795bca54a0481,buy,0x168296bb09e24a88805cb9c33356536b980d3fc5,0xbb15c41367b40badb2c2f1b50f302dafc3033289f523a0089ebe0ea5caf60a30
221,18000,9.9,0xf8e1bb84f1dc3238a4e7ba9f3750ced169aeffd3,2017-10-26T02:50:58.000Z,0.00055,0x3a5ca52299041fd2271cd58c229795bca54a0481,buy,0x168296bb09e24a88805cb9c33356536b980d3fc5,0xfe0c719b4a971da7b934b922ebe49a091a1199150b5fb7013a5252f92d01c565
222,10.024,0.0055132,0xf8e1bb84f1dc3238a4e7ba9f3750ced169aeffd3,2017-10-26T02:49:49.000Z,0.00055,0x3a5ca52299041fd2271cd58c229795bca54a0481,buy,0x168296bb09e24a88805cb9c33356536b980d3fc5,0x016be3031ed7f61e2effd68086825d75b1b5ee1b41b452556b897bf3083c9f08
223,11896.657,6.5407820186,0xf8e1bb84f1dc3238a4e7ba9f3750ced169aeffd3,2017-10-26T02:47:48.000Z,0.0005498,0x2519f350cc15752fe0eba296b975eb793a9c2acc,buy,0x168296bb09e24a88805cb9c33356536b980d3fc5,0x7cbc1dd7a091f6bded9b29a38f9f2ed09dece48effeb1b210f5c51991bae509e
224,5577.625,3.06596468625,0xf8e1bb84f1dc3238a4e7ba9f3750ced169aeffd3,2017-10-26T02:47:37.000Z,0.00054969,0x99bc37ffa8c3b9e6f4792abf009cc294b34947bc,buy,0x168296bb09e24a88805cb9c33356536b980d3fc5,0x5471e3ad481c757e6fbc17891cced282fa58f79715ac851ea25aa8b1184dc959
225,2000,1.059996,0xc5722340431d04913f7e3ce404048950cc60ce23,2017-10-26T02:16:43.000Z,0.000529998,0x36d9a04ceca06f4943c4e4f38556acccfb17ebae,buy,0x168296bb09e24a88805cb9c33356536b980d3fc5,0x749f44d11fbfd6d91ddb4f50c15eb0108134f9a532cb1dd4060cb47969d912f3
226,67984,36.03152,0xc5722340431d04913f7e3ce404048950cc60ce23,2017-10-26T02:16:43.000Z,0.00053,0x3a7178bdd324025658895ca85536ebed6f300593,buy,0x168296bb09e24a88805cb9c33356536b980d3fc5,0x3c8063d54263ff073bf104017c62788f49098b83af95f06e69b2fbbb3517fdfa
227,5867.61341109,2.933806705545,0x2b608b5481e1eb2b6291a6309124155d40c8c036,2017-10-26T01:44:55.000Z,0.0005,0x7bdf3dd86b9dc5b310b009e8e5708e0be785054a,sell,0x168296bb09e24a88805cb9c33356536b980d3fc5,0xe257fa495b02892c0e1c9d049467e1d904e4a25c91ac0a95b78f6a699e22b8ab
228,1899.804729,0.9177956645799,0xc5722340431d04913f7e3ce404048950cc60ce23,2017-10-26T00:01:47.000Z,0.0004831,0x1ed014aec47fae44c9e55bac7662c0b78ae61798,sell,0x168296bb09e24a88805cb9c33356536b980d3fc5,0x38780a381b0ee8db1dccf78d156ed7ea93ea3068873abb256148737ffce98869
229,1834.83682569,0.90824422871655,0xf0b5a1d460b2b1c4c74dd8613f3e996064c9d773,2017-10-25T22:55:05.000Z,0.000495,0xe1d09d4871ae9a6166e6274e694d3caef5671319,sell,0x168296bb09e24a88805cb9c33356536b980d3fc5,0x3992bfd97fcfb87ff31a466bb680d27083029e2e4d719879ed917257f736916a
230,99.93612092,0.048179203895532,0xff6aacee0b78e6f446ea96bf6fb01c70a7aee5b0,2017-10-25T15:25:05.000Z,0.0004821,0x80831b5a5f13ae1d25c354bcab92856262451793,sell,0x168296bb09e24a88805cb9c33356536b980d3fc5,0x8f5e5ac7c30fe94c13de7c606c4ae50107d000798c1c48b0f8b9b8d74d5b6341
231,1869.80783281,0.9909775835035902,0x23012f74de1adbb749e9414a42de477a3b266c56,2017-10-25T11:00:08.000Z,0.0005299890000002413,0x7bdf3dd86b9dc5b310b009e8e5708e0be785054a,buy,0x168296bb09e24a88805cb9c33356536b980d3fc5,0xbe3dcbccaa0074e30c003ec0270ab99f8bd475c9f029f684971b9d7d9a564cc4
232,3800,2.0139962,0x0147d7ea5af37b699e63fc44c5f7c3be31ea6624,2017-10-25T09:42:20.000Z,0.000529999,0xb32dab4fa67cf896ecb0f43d8c52317c3562cd57,buy,0x168296bb09e24a88805cb9c33356536b980d3fc5,0x4b7acf59161f9414f4874c0883ec0e8ca98e57d34e64620117cd412af8e603e4
233,1813,0.9065,0x89a03a29010c5929c3d2a7709ab162d166295b0c,2017-10-25T08:16:38.000Z,0.0005,0x7bdf3dd86b9dc5b310b009e8e5708e0be785054a,sell,0x168296bb09e24a88805cb9c33356536b980d3fc5,0x040604706a123155b2e56f23f05fa1b052145d45bd4cf32cf6febe8c44200c88
234,215,0.113949785,0x80009cd3ac6446bfb1a7eeb876a2dbb5283c92a4,2017-10-25T07:41:10.000Z,0.000529999,0xb32dab4fa67cf896ecb0f43d8c52317c3562cd57,buy,0x168296bb09e24a88805cb9c33356536b980d3fc5,0xe15d87cc757a03c367626e7a564451d0a98eb1465238785f99d466653c110f0c
235,60000,28.86,0xc5722340431d04913f7e3ce404048950cc60ce23,2017-10-24T21:04:23.000Z,0.000481,0xde62a1a800c8212aa3f3419feef4e711f459f3dc,sell,0x168296bb09e24a88805cb9c33356536b980d3fc5,0xab3c18c69195b1c7c09a3c4ca003c28dda6bad1b468c77ec604e68b11525e3cc
236,5000,2.406,0xcfd5d60e0f447636f1643cd9b7a9547062cb0863,2017-10-24T20:54:59.000Z,0.0004812,0xde62a1a800c8212aa3f3419feef4e711f459f3dc,sell,0x168296bb09e24a88805cb9c33356536b980d3fc5,0x221017384bf146bf64a464c8affeec1e341bf7a8979ec08ebeffc821b565b291
237,5000,2.4255,0x105d1fea56008e7d6f13f6f5b29cf278589526eb,2017-10-24T20:54:59.000Z,0.0004851,0xde62a1a800c8212aa3f3419feef4e711f459f3dc,sell,0x168296bb09e24a88805cb9c33356536b980d3fc5,0x1e65777680ae0bef217984d23292f06fa473cf23e743c0f9528b239eefd0371a
238,1000,0.4813,0xad7f84324d7e4e042ac6bce6f29c2f9b4f536cc6,2017-10-24T20:54:59.000Z,0.0004813,0xde62a1a800c8212aa3f3419feef4e711f459f3dc,sell,0x168296bb09e24a88805cb9c33356536b980d3fc5,0xcf0024febf3b721b7d148792e41ba16e586f0ffccb445b3446489f09cd4610b1
239,20000,9.63,0x4d61e5156866d83b8b9a48d5f86a53686bde6b9d,2017-10-24T20:54:59.000Z,0.0004815,0xde62a1a800c8212aa3f3419feef4e711f459f3dc,sell,0x168296bb09e24a88805cb9c33356536b980d3fc5,0x81224adea7511dd8bb8a076e6fdcb36b95b88fe49fbc47fe2bfc89650542a9d0
240,1256.667,0.6283335,0x6965a6bb1da52e8678f1cc789492c9203226bf30,2017-10-24T20:54:45.000Z,0.0005,0xde62a1a800c8212aa3f3419feef4e711f459f3dc,sell,0x168296bb09e24a88805cb9c33356536b980d3fc5,0x43cb3fc98f0ff93e885d64bf259f90125d685a12a15424bc73a462c02b4560f4
241,17500,8.48925,0x438ccbd79f20c1e68b828211ec2ba30c0ec9c05a,2017-10-24T20:54:45.000Z,0.0004851,0xde62a1a800c8212aa3f3419feef4e711f459f3dc,sell,0x168296bb09e24a88805cb9c33356536b980d3fc5,0xead9673408c4835a5f54c308f64ece7d93a1964edf931b21d12f3c19bdf3408e
242,10000,4.8515,0x2519f350cc15752fe0eba296b975eb793a9c2acc,2017-10-24T20:54:45.000Z,0.00048515,0xde62a1a800c8212aa3f3419feef4e711f459f3dc,sell,0x168296bb09e24a88805cb9c33356536b980d3fc5,0x1840eff1002c4e12e892c6e6e076e8ff8eefca2a16b42fcc6fb1a6b70b850700
243,184.63865533,0.09398107556492909,0x2519f350cc15752fe0eba296b975eb793a9c2acc,2017-10-24T20:40:33.000Z,0.0005090000000106104,0x9b12d296a33f888e4f636107fbea1468167ff43c,buy,0x168296bb09e24a88805cb9c33356536b980d3fc5,0xa33e694d66f149e024c62c10357c0fd68bc5084bd5a696f659016d532d8fc40f
244,342.36134466,0.1742619244350709,0x2519f350cc15752fe0eba296b975eb793a9c2acc,2017-10-24T20:38:35.000Z,0.000509000000009145,0x9b12d296a33f888e4f636107fbea1468167ff43c,buy,0x168296bb09e24a88805cb9c33356536b980d3fc5,0x8633106d0a60712c558df01a45874fe669cbb464e94e97dc4ad923fe8a7148a6
245,10000,5.09,0x105d1fea56008e7d6f13f6f5b29cf278589526eb,2017-10-24T20:03:18.000Z,0.000509,0x9b12d296a33f888e4f636107fbea1468167ff43c,buy,0x168296bb09e24a88805cb9c33356536b980d3fc5,0x94e9e50e6b058e064b1cf90acc3db65f669cbaac64b1318ba65f36eb593bb825
246,10527,5.0655924,0x9b12d296a33f888e4f636107fbea1468167ff43c,2017-10-24T18:49:44.000Z,0.0004812,0x1b705cefc5cd07a8ed89a712c172d284061f2cc2,buy,0x168296bb09e24a88805cb9c33356536b980d3fc5,0xbf0a878e9933f3f9e53de3fb4b1cbbf70093d8edb58e8e3f8748f2c6e7a9b46d
247,1800,0.99,0xcdf7b436a3c07cb9ec8244901404bde97dbd9941,2017-10-24T17:30:10.000Z,0.00055,0x3a5ca52299041fd2271cd58c229795bca54a0481,buy,0x168296bb09e24a88805cb9c33356536b980d3fc5,0x9c11edbebd5028b55e304a0c526471989709af4ecee175458832b713e1b030ea
248,1,0.000559,0x7c7b6909fcb9b6f672d37cf47e4c9d233d3bba24,2017-10-24T16:12:02.000Z,0.000559,0x6446896b10465549af133800f86155f48a188943,buy,0x168296bb09e24a88805cb9c33356536b980d3fc5,0x1d992df136e845d2e528740124832a6db5bd0988e42f4dba738d5cb81c394c46
249,5000,2.5505,0xcfd5d60e0f447636f1643cd9b7a9547062cb0863,2017-10-24T16:06:51.000Z,0.0005101,0x3a7178bdd324025658895ca85536ebed6f300593,sell,0x168296bb09e24a88805cb9c33356536b980d3fc5,0xeadec021fe036a90d17ba46eb3b10c8b62aecf119e7ee54c19885031ad87f2f9
250,8129.169,4.146697236069,0x2519f350cc15752fe0eba296b975eb793a9c2acc,2017-10-24T16:06:18.000Z,0.000510101,0x3a7178bdd324025658895ca85536ebed6f300593,sell,0x168296bb09e24a88805cb9c33356536b980d3fc5,0xf2ba507d4b33b562eeec6fa0aad479062cbf197c473ae9fab75762d6237ab67e
251,40000,20.4,0xc5722340431d04913f7e3ce404048950cc60ce23,2017-10-24T16:03:52.000Z,0.00051,0x3a7178bdd324025658895ca85536ebed6f300593,sell,0x168296bb09e24a88805cb9c33356536b980d3fc5,0x91ed0accbc0cf3e3f6a6742ffab96b72e95a95641ad185d0ec4ce75b2ca6a9c9
252,49559.838,25.275566939838,0xb09e4b177856c95003e806e2f07ddca38257df6d,2017-10-24T16:01:33.000Z,0.000510001,0x3a7178bdd324025658895ca85536ebed6f300593,sell,0x168296bb09e24a88805cb9c33356536b980d3fc5,0xd73b8286cd7b762a7baac85c029182e3c4b09ead7134245d9486a014a1223cc6
253,72.65923404,0.039962578723234415,0x650d39cd34a3690eab0a6dedb7ba415ebcfa1cd3,2017-10-24T16:01:09.000Z,0.0005500000000169892,0x3a5ca52299041fd2271cd58c229795bca54a0481,buy,0x168296bb09e24a88805cb9c33356536b980d3fc5,0x6a0f8d59cca2f6f69c3856360ef5a6621d1b60a69757850b98e38f530b8485c1
254,20950,10.68869,0xb32dab4fa67cf896ecb0f43d8c52317c3562cd57,2017-10-24T15:59:03.000Z,0.0005102,0x3a7178bdd324025658895ca85536ebed6f300593,sell,0x168296bb09e24a88805cb9c33356536b980d3fc5,0x1752810dc42f76e219c9e217b70b7779379a59bc2053c7d5c9fb75b3f72af831
255,50,0.02551,0xb32dab4fa67cf896ecb0f43d8c52317c3562cd57,2017-10-24T15:54:49.000Z,0.0005102,0x80831b5a5f13ae1d25c354bcab92856262451793,sell,0x168296bb09e24a88805cb9c33356536b980d3fc5,0xa56c41aa0aa4c9bd5ec3020e0f2c307e28035fb9a0a147aca5004147641d05b3
256,3502.21648184,1.7864841296030658,0x2519f350cc15752fe0eba296b975eb793a9c2acc,2017-10-24T15:45:23.000Z,0.000510101,0x3d2c66a127008597dc3e08b5743fd4c5482b9275,sell,0x168296bb09e24a88805cb9c33356536b980d3fc5,0x9cde63892ec81ce932a86547e53af2188d60916fad9eeffb101ef501c45e8c66
257,1368.61406085,0.6981314010536458,0x2519f350cc15752fe0eba296b975eb793a9c2acc,2017-10-24T14:20:37.000Z,0.000510101,0xe4db6861121ae289c8187347c8fc5860eb4b533b,sell,0x168296bb09e24a88805cb9c33356536b980d3fc5,0xb2ac80a6cd14b917f66d211e6b9cce0802a7df32c492b2b09d6a54c40b1b8353
258,1.0709863,0.00059857424307,0x25f59655bf3ae6eb309c20e609d6320b10aede1b,2017-10-24T13:55:30.000Z,0.0005589,0x2519f350cc15752fe0eba296b975eb793a9c2acc,sell,0x168296bb09e24a88805cb9c33356536b980d3fc5,0x858157904f91a5bc111400a39a3aa5a596c8ffc1217e7e64bf6f7688d211c1cb
259,356.99543063,0.1963474868465,0xd2ea382e498316d91b9de8557670149b479721a0,2017-10-24T13:49:53.000Z,0.00055,0x3a5ca52299041fd2271cd58c229795bca54a0481,buy,0x168296bb09e24a88805cb9c33356536b980d3fc5,0xe2bd3d49cb2ce7eba1b396e2ba1cf356a99b8f776ab18e80346cbe44d151079c
260,355.92444433,0.198926171936037,0x25f59655bf3ae6eb309c20e609d6320b10aede1b,2017-10-24T13:49:53.000Z,0.0005589,0xd2ea382e498316d91b9de8557670149b479721a0,sell,0x168296bb09e24a88805cb9c33356536b980d3fc5,0xe2bd3d49cb2ce7eba1b396e2ba1cf356a99b8f776ab18e80346cbe44d151079c
261,0.00456937,0.000002553820893,0x25f59655bf3ae6eb309c20e609d6320b10aede1b,2017-10-24T13:36:01.000Z,0.0005589,0x25f59655bf3ae6eb309c20e609d6320b10aede1b,sell,0x168296bb09e24a88805cb9c33356536b980d3fc5,0xf19b43373f080e00caa746b39576e4d26c0ca759d289a67941c1aa9a40d0f999
262,5150,2.878335,0x2e0a1fe88878b60d5b3b0c5839f2a4d3f3e33ff2,2017-10-24T12:41:11.000Z,0.0005589,0x2519f350cc15752fe0eba296b975eb793a9c2acc,buy,0x168296bb09e24a88805cb9c33356536b980d3fc5,0x7cac4ed642c51387d86c44000fcac021ce9600b6005d826a0598ebe5eab55d94
263,500,0.27945,0x9c5faed48240954efe9b5f666d1b6df1de3fa2ae,2017-10-24T09:32:08.000Z,0.0005589,0x2519f350cc15752fe0eba296b975eb793a9c2acc,buy,0x168296bb09e24a88805cb9c33356536b980d3fc5,0xcee8d3c47b34dd74130fbc32dbe913049543cd23ea5e691d4bbd40888e587b22
264,10,0.005589,0x23012f74de1adbb749e9414a42de477a3b266c56,2017-10-24T08:07:56.000Z,0.0005589,0x2519f350cc15752fe0eba296b975eb793a9c2acc,buy,0x168296bb09e24a88805cb9c33356536b980d3fc5,0x29081f5e28f9c4b25dadee49087c86220c178042ce052f826f10471efaba8611
265,298,0.1665522,0x23012f74de1adbb749e9414a42de477a3b266c56,2017-10-24T08:05:05.000Z,0.0005589,0x2519f350cc15752fe0eba296b975eb793a9c2acc,buy,0x168296bb09e24a88805cb9c33356536b980d3fc5,0x37a114337a070dfce0af8d9321d5330ccf4ecbf4da91575d3bc74414421cc3c0
266,150,0.083835,0x415958bcacde2a6ab50383c54ed0a8c85e22ae41,2017-10-24T07:21:28.000Z,0.0005589,0x2519f350cc15752fe0eba296b975eb793a9c2acc,buy,0x168296bb09e24a88805cb9c33356536b980d3fc5,0x364a0acef061f6fa8128d0725e0fca64b288d21b60e2bec463bd08e2a2a2482e
267,500,0.28,0xf74fccfc0497132279917ef932dacc650fdfa0bd,2017-10-24T05:09:33.000Z,0.00056,0x3a7178bdd324025658895ca85536ebed6f300593,buy,0x168296bb09e24a88805cb9c33356536b980d3fc5,0xabdecac2b53114f7848c6f84e4d30ed8b72cfb227458dce567b9e70be62819ef
268,4500,2.52,0xf74fccfc0497132279917ef932dacc650fdfa0bd,2017-10-24T05:08:41.000Z,0.00056,0x3a7178bdd324025658895ca85536ebed6f300593,buy,0x168296bb09e24a88805cb9c33356536b980d3fc5,0xb3d526e06039e20b16837756ba33ca333bb8b974b1d8996bcdd927aa7cafe048
269,6058.328,3.3917549308,0xf74fccfc0497132279917ef932dacc650fdfa0bd,2017-10-24T05:07:15.000Z,0.00055985,0x2519f350cc15752fe0eba296b975eb793a9c2acc,buy,0x168296bb09e24a88805cb9c33356536b980d3fc5,0x8909b8c784cc6555e75f25511e820fb4af93ba10f2f33c9d73f65c38495c44c5
270,15000,8.397,0xf74fccfc0497132279917ef932dacc650fdfa0bd,2017-10-24T05:06:17.000Z,0.0005598,0x105d1fea56008e7d6f13f6f5b29cf278589526eb,buy,0x168296bb09e24a88805cb9c33356536b980d3fc5,0x4ab53317c4082905ffcf6e002dcdd37b6d81e3ba4cdcec95bde8702c0c6408e4
271,10000,5.598,0xf74fccfc0497132279917ef932dacc650fdfa0bd,2017-10-24T05:05:25.000Z,0.0005598,0xcfd5d60e0f447636f1643cd9b7a9547062cb0863,buy,0x168296bb09e24a88805cb9c33356536b980d3fc5,0xa4cc1f4874e1f9dfa37ece63a0f6956fc34b9b391fede190af1b9f11a9036a92
272,3453.024,1.726512,0xf74fccfc0497132279917ef932dacc650fdfa0bd,2017-10-24T04:26:59.000Z,0.0005,0x1651abf9c34ae98b6ec0ce670229a1fd70f2742c,buy,0x168296bb09e24a88805cb9c33356536b980d3fc5,0x65a832c21f3c326145794109de6e26f93ef63851d34badb275706d46806a02ab
273,1322.03767738,0.6610188386905786,0xf74fccfc0497132279917ef932dacc650fdfa0bd,2017-10-24T04:25:33.000Z,0.0005000000000004377,0x1651abf9c34ae98b6ec0ce670229a1fd70f2742c,buy,0x168296bb09e24a88805cb9c33356536b980d3fc5,0x4c4c58c1640e2633730fd89791a8744105f852b05600527724ab8498166d0165
274,766,0.383,0xf74fccfc0497132279917ef932dacc650fdfa0bd,2017-10-24T04:23:39.000Z,0.0005,0x4cfc8d5ed10997375481a12a86e388ec31458d36,buy,0x168296bb09e24a88805cb9c33356536b980d3fc5,0x7fe0efa457004a1101b3cd9b96cbb7beb6627ca3896c95a4a2289dbfd8776d75
275,2000,1,0xc25157fb6bf6985ac75754b660451de8ad0b9c31,2017-10-24T02:50:04.000Z,0.0005,0x4cfc8d5ed10997375481a12a86e388ec31458d36,sell,0x168296bb09e24a88805cb9c33356536b980d3fc5,0xd16ff9e1c3f29ac1aefb62f06c1677850f4127bfb180ed41c26551c37bf6b0b0
276,546.97594411,0.27348797205586983,0x04ac8b482234efb033eb96610439f7c5928ce9cd,2017-10-24T02:05:05.000Z,0.0005000000000015903,0x1651abf9c34ae98b6ec0ce670229a1fd70f2742c,buy,0x168296bb09e24a88805cb9c33356536b980d3fc5,0xe3c0293f074332533f2487ee721be90e97d191e82d935d0e6d020edd9770ad15
277,2000,1,0xf4381d04158f4809ce2324f48c465fe2ba79a884,2017-10-24T01:01:20.000Z,0.0005,0x1651abf9c34ae98b6ec0ce670229a1fd70f2742c,buy,0x168296bb09e24a88805cb9c33356536b980d3fc5,0x1006587677cba5237c2d8aef5c94e425965164ff28ff15cc1e816befd798bd49
278,677.96232261,0.3389811613094214,0x20c473542f8407b51e51e11523abd366dfe2e55f,2017-10-24T00:19:19.000Z,0.0005000000000065216,0x1651abf9c34ae98b6ec0ce670229a1fd70f2742c,buy,0x168296bb09e24a88805cb9c33356536b980d3fc5,0xb0cbd60a52c0a53350c0e023d87fb760a732606c826b1cdc22616b6e218a8f6b
279,38203,17.649786,0xb7be8b57012b8156e990ca76afe9585b3bdc1ef0,2017-10-23T23:36:13.000Z,0.000462,0xde62a1a800c8212aa3f3419feef4e711f459f3dc,sell,0x168296bb09e24a88805cb9c33356536b980d3fc5,0xd580790141c298db4101ce619f5673f2c90bef47cfbcdc0f6f4cc6442668e340
280,10000,4.625,0x105d1fea56008e7d6f13f6f5b29cf278589526eb,2017-10-23T23:36:06.000Z,0.0004625,0xde62a1a800c8212aa3f3419feef4e711f459f3dc,sell,0x168296bb09e24a88805cb9c33356536b980d3fc5,0xdb4107974604f5b6e4783c3ff197b0bd0a99eee07c9bc3a10c4452a8337e7f64
281,4294.28495874,2.040214783897374,0xcfd5d60e0f447636f1643cd9b7a9547062cb0863,2017-10-23T23:35:57.000Z,0.0004751,0xde62a1a800c8212aa3f3419feef4e711f459f3dc,sell,0x168296bb09e24a88805cb9c33356536b980d3fc5,0x3f1433ec868f7f0250631a94be0da981f5f2c4c4632d04941ced36fa5bfa2b3d
282,1404.911,0.67105573915,0x2519f350cc15752fe0eba296b975eb793a9c2acc,2017-10-23T23:35:50.000Z,0.00047765,0xde62a1a800c8212aa3f3419feef4e711f459f3dc,sell,0x168296bb09e24a88805cb9c33356536b980d3fc5,0x65221b10e23f1c235d0ec8267ddfea81c22088484b07293c182e7e2f498a63cd
283,6000,2.865,0x105d1fea56008e7d6f13f6f5b29cf278589526eb,2017-10-23T23:29:57.000Z,0.0004775,0xde62a1a800c8212aa3f3419feef4e711f459f3dc,sell,0x168296bb09e24a88805cb9c33356536b980d3fc5,0x0cdb52f3ff1dbee2d2b87e6ad21ce9de94aac7dcbc0c1e3d9e22670820694bfc
284,8373.999999,4.0002597995223,0x2bca0766285cd215539fc6092edb2f78e05bf641,2017-10-23T23:29:27.000Z,0.0004777,0xde62a1a800c8212aa3f3419feef4e711f459f3dc,sell,0x168296bb09e24a88805cb9c33356536b980d3fc5,0x0f5852ad3e8cfb8fdc0200f21470dfc396fb541c3b94bc47fb62aa2b7b22ac7f
285,22000,10.5116,0x2519f350cc15752fe0eba296b975eb793a9c2acc,2017-10-23T23:22:40.000Z,0.0004778,0xde62a1a800c8212aa3f3419feef4e711f459f3dc,sell,0x168296bb09e24a88805cb9c33356536b980d3fc5,0xcac417a3f3b0a0e96f9d3f6be74da20f9a03425e9f508bf5b0d41a342b465010
286,2000,1,0x84e772777b632a0ee148ac646eec7c043f1861c4,2017-10-23T23:22:40.000Z,0.0005,0xde62a1a800c8212aa3f3419feef4e711f459f3dc,sell,0x168296bb09e24a88805cb9c33356536b980d3fc5,0xc84a23441f3ddf07b52f050fd0c7f4ebc88abb3de0cd486e8b8a3fa5a6a54a29
287,500,0.24,0x20437fef1e3373b494e6717b7e4e06a3bd63ba18,2017-10-23T23:22:40.000Z,0.00048,0xde62a1a800c8212aa3f3419feef4e711f459f3dc,sell,0x168296bb09e24a88805cb9c33356536b980d3fc5,0x41b1f0737df31cbca6f264b43d1777e21f480d68772ff8bcba33a34172992b14
288,1775,0.887501775,0x2519f350cc15752fe0eba296b975eb793a9c2acc,2017-10-23T23:22:35.000Z,0.000500001,0xde62a1a800c8212aa3f3419feef4e711f459f3dc,sell,0x168296bb09e24a88805cb9c33356536b980d3fc5,0x88a0dc65582e752fe7209a0da8f008378439bb411c1d54423179962426f6dcc1
289,10000,5.0002,0x2519f350cc15752fe0eba296b975eb793a9c2acc,2017-10-23T23:22:35.000Z,0.00050002,0xde62a1a800c8212aa3f3419feef4e711f459f3dc,sell,0x168296bb09e24a88805cb9c33356536b980d3fc5,0x92adcb97e5e127038658f136ad67ddcc6149b350b6643de28fc68c48ca1adb2c
290,0.000001,0.0000000004777,0x2bca0766285cd215539fc6092edb2f78e05bf641,2017-10-23T20:51:08.000Z,0.0004777,0x2519f350cc15752fe0eba296b975eb793a9c2acc,sell,0x168296bb09e24a88805cb9c33356536b980d3fc5,0x057146e5d44060bdf41d20f009cb4ec721105fc67c242ae883aae08105532234
291,0.08875848,0.000049691435564803,0xde749dd1e4cdee505cffaef55fe224457d179828,2017-10-23T20:11:12.000Z,0.0005598500060479066,0x2519f350cc15752fe0eba296b975eb793a9c2acc,buy,0x168296bb09e24a88805cb9c33356536b980d3fc5,0x2fb23296940cb336e5ed8d062708f3f2b2111b04b0d1815d64d6fa5805251ee8
292,0.08875848,0.000049691435564803,0xde749dd1e4cdee505cffaef55fe224457d179828,2017-10-23T20:11:12.000Z,0.0005598500060479066,0x2519f350cc15752fe0eba296b975eb793a9c2acc,buy,0x168296bb09e24a88805cb9c33356536b980d3fc5,0x7fb5647da07bd80554d4f8120801b392158e2b6e34b44870636beec4475ebbbf
293,1780,0.996533,0xde749dd1e4cdee505cffaef55fe224457d179828,2017-10-23T20:09:41.000Z,0.00055985,0x2519f350cc15752fe0eba296b975eb793a9c2acc,buy,0x168296bb09e24a88805cb9c33356536b980d3fc5,0x7beed7b56b5c31ea45d6c46fb9e45103e2818ca909ce4d3b37a80c889b7e9f08
294,639.262,0.33241624,0xa1ddc4732fc7a7d613281cff8a33a7f407965ec1,2017-10-23T20:07:26.000Z,0.00052,0x2519f350cc15752fe0eba296b975eb793a9c2acc,sell,0x168296bb09e24a88805cb9c33356536b980d3fc5,0x4c2aaf90c0a3346c804b99bda6854ff517a19a314197ff9070fe0190949911fd
295,20000,11.22,0x0d62d1e906507abfce57491f3f072b4cc1217f3d,2017-10-23T19:55:31.000Z,0.000561,0x2519f350cc15752fe0eba296b975eb793a9c2acc,sell,0x168296bb09e24a88805cb9c33356536b980d3fc5,0x55b90043316757e8be5ac1d3bc8a76b4f743191a22cc8e90c2068144025fc755
296,2350,1.3156475,0xa2b16e3b6b64771396c925e61fefd851e757e38e,2017-10-23T19:05:45.000Z,0.00055985,0x2519f350cc15752fe0eba296b975eb793a9c2acc,buy,0x168296bb09e24a88805cb9c33356536b980d3fc5,0x161709dd60c4413b42a76b7e0f543cf8f4f5e9a1bc8d50e00d998273cc3cca29
297,293,0.16403605,0x23012f74de1adbb749e9414a42de477a3b266c56,2017-10-23T19:02:36.000Z,0.00055985,0x2519f350cc15752fe0eba296b975eb793a9c2acc,buy,0x168296bb09e24a88805cb9c33356536b980d3fc5,0xa0cbc6977af3bea79e6218276c78dc1fc0dab738e9497a6431aaf06a90102eb1
298,1000,0.55985,0xe0116a17df8ad675b1e6a14dd0420168db76ca8a,2017-10-23T18:48:47.000Z,0.00055985,0x2519f350cc15752fe0eba296b975eb793a9c2acc,buy,0x168296bb09e24a88805cb9c33356536b980d3fc5,0x4f714482820c8a9d405f691ae634d3c0c24e60cd140b74a0ecd5523be6678663
299,2847.17499941,1.5939909234196885,0x7c0c2191756e40608b90b666f12979c0a49ee02e,2017-10-23T18:39:26.000Z,0.00055985,0x2519f350cc15752fe0eba296b975eb793a9c2acc,buy,0x168296bb09e24a88805cb9c33356536b980d3fc5,0xd3de7e058c77de5897351b74099a8ab40b78521e5594f95b7f44a18ca192a63b
300,297,0.16627545,0x23012f74de1adbb749e9414a42de477a3b266c56,2017-10-23T18:16:34.000Z,0.00055985,0x2519f350cc15752fe0eba296b975eb793a9c2acc,buy,0x168296bb09e24a88805cb9c33356536b980d3fc5,0x64ee7d99964931f2c69ac0b4f256fd520132266978bebcfdd634cfd0e384831c
301,5000,2.65,0x0deacc78452abb69a4116624b4f523e384f2a8ae,2017-10-23T16:04:33.000Z,0.00053,0x945df54583eb102061f57d3b4f3e499d7acc49b7,sell,0x168296bb09e24a88805cb9c33356536b980d3fc5,0xe50dfa41382a7145d6d81df101a70a08cfbb1020c1b76938ec0b62b8a77967f3
302,172.71629377,0.09672112451400658,0x23012f74de1adbb749e9414a42de477a3b266c56,2017-10-23T15:14:51.000Z,0.0005600000000162496,0x3a7178bdd324025658895ca85536ebed6f300593,buy,0x168296bb09e24a88805cb9c33356536b980d3fc5,0x94644c622c490eff83ef2eb5ea0ad473afd460ed60a7c8db765286697d5f1d81
303,310.73784987,0.1615836819324,0xa1ddc4732fc7a7d613281cff8a33a7f407965ec1,2017-10-23T15:08:03.000Z,0.00052,0x867d6b56809d4545a7f53e1d4fabe9086fdeb60b,sell,0x168296bb09e24a88805cb9c33356536b980d3fc5,0x5e2fac9409b35a80b54f4b3df4d2e6c94f8b72a32839e3672a0915be6b049698
304,250,0.132525,0x15caad4eb02d5bfd1821dd2d8feb4eb63532e12c,2017-10-23T15:02:57.000Z,0.0005301,0x867d6b56809d4545a7f53e1d4fabe9086fdeb60b,sell,0x168296bb09e24a88805cb9c33356536b980d3fc5,0xf0782ba73da8e57c838027d41f18786eeb82f6034902d2b14c8faf9bdd6d19a5
305,1000,0.51,0xa1ddc4732fc7a7d613281cff8a33a7f407965ec1,2017-10-23T15:02:57.000Z,0.00051,0x867d6b56809d4545a7f53e1d4fabe9086fdeb60b,sell,0x168296bb09e24a88805cb9c33356536b980d3fc5,0x4455312bc3bfd8a04eaa993004dbd724e71a37a044688b3acd7ad62e460b6a00
306,2000,1.054,0xc25157fb6bf6985ac75754b660451de8ad0b9c31,2017-10-23T15:02:26.000Z,0.000527,0x867d6b56809d4545a7f53e1d4fabe9086fdeb60b,sell,0x168296bb09e24a88805cb9c33356536b980d3fc5,0x9177ae64a0f4b56c8c42b58a01d580a83ecbec93d156d9e6f0926072ce599919
307,5000,2.5005,0x9081fe49d959334a228f84f732ec36e33850a460,2017-10-23T15:02:26.000Z,0.0005001,0x867d6b56809d4545a7f53e1d4fabe9086fdeb60b,sell,0x168296bb09e24a88805cb9c33356536b980d3fc5,0xa75dd722f5424426df331e057cb6f6938895305e81e12eae1a1f37ab2f986800
308,3542.498,1.8070282298,0xcfd5d60e0f447636f1643cd9b7a9547062cb0863,2017-10-23T15:01:35.000Z,0.0005101,0x867d6b56809d4545a7f53e1d4fabe9086fdeb60b,sell,0x168296bb09e24a88805cb9c33356536b980d3fc5,0x39314ed12d9a3218e21c009fa35874729e2094f91a63183f4f68042b9e717d8a
309,15000,7.8,0x2519f350cc15752fe0eba296b975eb793a9c2acc,2017-10-23T15:01:19.000Z,0.00052,0x867d6b56809d4545a7f53e1d4fabe9086fdeb60b,sell,0x168296bb09e24a88805cb9c33356536b980d3fc5,0x1e68cee8d359c866f48ab3f81d9ad731d4ad8f53c992455476d802579649f36e
310,3774.003,2.00022159,0x5b85988f0032ee818f911ec969dd9c649caa0a14,2017-10-23T15:01:19.000Z,0.00053,0x867d6b56809d4545a7f53e1d4fabe9086fdeb60b,sell,0x168296bb09e24a88805cb9c33356536b980d3fc5,0x60613cd8b198dad6ce9cbe97e049bf0dbd3e9864d764ad96e96e36c014e59888
311,5000,2.605,0x945df54583eb102061f57d3b4f3e499d7acc49b7,2017-10-23T15:01:19.000Z,0.000521,0x867d6b56809d4545a7f53e1d4fabe9086fdeb60b,sell,0x168296bb09e24a88805cb9c33356536b980d3fc5,0x15582d2499403d2b5ed7d159f09cecaec36f2723797f75cab995faac0c9def7c
312,5000,2.6,0xb618f5566524806775449394141f5b261c7b2e48,2017-10-23T15:01:19.000Z,0.00052,0x867d6b56809d4545a7f53e1d4fabe9086fdeb60b,sell,0x168296bb09e24a88805cb9c33356536b980d3fc5,0x48bba2248673494d19f5ea85984d4152244ee4422c48e7fb18a7e87e5387e6a7
313,3915,2.000565,0xffe46bc4d25e8bf78757e856a7a3c82282bbeb6b,2017-10-23T15:01:19.000Z,0.000511,0x867d6b56809d4545a7f53e1d4fabe9086fdeb60b,sell,0x168296bb09e24a88805cb9c33356536b980d3fc5,0x0b5622fc37547a6859c915b46fef47098cd4768b6787f6cf026f92b9a55ad399
314,178,0.09968,0x23012f74de1adbb749e9414a42de477a3b266c56,2017-10-23T14:54:03.000Z,0.00056,0x3a7178bdd324025658895ca85536ebed6f300593,buy,0x168296bb09e24a88805cb9c33356536b980d3fc5,0x293eceea69c9182ac0daef8af8bb297fbe186e77845ae02b2a79175d8ea6d18c
315,150,0.079515,0x15caad4eb02d5bfd1821dd2d8feb4eb63532e12c,2017-10-23T14:38:07.000Z,0.0005301,0x80831b5a5f13ae1d25c354bcab92856262451793,sell,0x168296bb09e24a88805cb9c33356536b980d3fc5,0x7b276acb036e6374e67a76e385fb321cbefe1f7aa12aa0eff2f32ffa8abc0642
316,390.24075188,0.21853482105473032,0x352725bcc9455a806719743b645df6c5afb6489d,2017-10-23T14:33:13.000Z,0.0005600000000049465,0x3a7178bdd324025658895ca85536ebed6f300593,buy,0x168296bb09e24a88805cb9c33356536b980d3fc5,0xe3715789783c3fd872d3ffa0f2455ccc0a66b0a6c1066a633282c9fac7eed6ab
317,625,0.35000625,0xc1ae1fb188761683225f24469b74b2fb492b4b01,2017-10-23T14:26:59.000Z,0.00056001,0x3a5ca52299041fd2271cd58c229795bca54a0481,sell,0x168296bb09e24a88805cb9c33356536b980d3fc5,0xf4b91f584f25c97fe2165094b2a46619341cdd48708e3350f0b9bf170de90f3b
318,990,0.55440099,0x36d9a04ceca06f4943c4e4f38556acccfb17ebae,2017-10-23T14:26:31.000Z,0.000560001,0x3a5ca52299041fd2271cd58c229795bca54a0481,sell,0x168296bb09e24a88805cb9c33356536b980d3fc5,0xce4a141c199ef91da59f24c4da9718f8a1178f5d391ee20c2f2353c08eb343fe
319,1905.42857143,1.0670400000008,0x3a5ca52299041fd2271cd58c229795bca54a0481,2017-10-23T14:06:05.000Z,0.00056,0x3a7178bdd324025658895ca85536ebed6f300593,sell,0x168296bb09e24a88805cb9c33356536b980d3fc5,0xe86c70beb8811a7b3bd628ce34c041f0492d9c440503f0dac7477acb6ae9f759
320,9931.79583028,5.5618056649568,0xf74fccfc0497132279917ef932dacc650fdfa0bd,2017-10-23T14:06:05.000Z,0.00056,0x3a7178bdd324025658895ca85536ebed6f300593,sell,0x168296bb09e24a88805cb9c33356536b980d3fc5,0x61eb8d582f83efff53014f73a8bd406930e354a1e0bcc319b947189e86ec4b21
321,26666,14.93296,0x3a5ca52299041fd2271cd58c229795bca54a0481,2017-10-23T14:02:48.000Z,0.00056,0x3a7178bdd324025658895ca85536ebed6f300593,sell,0x168296bb09e24a88805cb9c33356536b980d3fc5,0x2858170fe0e11abc9e3fbe5f355fb1d180e126b59cda8b95a9056bfac989bfd9
322,1660,0.996,0xdcdb53e8e1123baa64a0b7d3da13e360ca843797,2017-10-23T10:13:10.000Z,0.0006,0x85238f7b711bd2b31124beaa465a138bd52ab20b,buy,0x168296bb09e24a88805cb9c33356536b980d3fc5,0x4740c62a73d6557f11166bc1190e99724916415e7740c6f45d67222c96f1310c
323,2236.48624133,1.3418917448005896,0x2e1c049df8f9a74cdab35b771c33b85a5be21df6,2017-10-23T08:40:10.000Z,0.0006000000000011579,0x85238f7b711bd2b31124beaa465a138bd52ab20b,buy,0x168296bb09e24a88805cb9c33356536b980d3fc5,0xc98757baa6436c4e4723d07a73288d015855223b898f92375320350696577c26
324,1338.36298027,0.7976643362414008,0x6965a6bb1da52e8678f1cc789492c9203226bf30,2017-10-23T06:54:23.000Z,0.0005960000000003593,0xd032fd4ceeb179f062119e0059d9c13419f96d48,buy,0x168296bb09e24a88805cb9c33356536b980d3fc5,0xa473a8fbe01852725c6267a4eb68ca60585d0b00b247092e80d9510a69105b04
325,1090,0.64964,0x7bacc3bf553740483bea7596556d6388778d0a04,2017-10-23T06:53:22.000Z,0.000596,0xd032fd4ceeb179f062119e0059d9c13419f96d48,buy,0x168296bb09e24a88805cb9c33356536b980d3fc5,0x28ea659d76aa441242dde353bdc75683ba4f90e4fed35d95f523f52859c4905a
326,1000,0.596,0x7bacc3bf553740483bea7596556d6388778d0a04,2017-10-23T06:50:16.000Z,0.000596,0xd032fd4ceeb179f062119e0059d9c13419f96d48,buy,0x168296bb09e24a88805cb9c33356536b980d3fc5,0x0d438c4f0e35976a62ba1eddb565c34d7a6c74a15d7d38dffea99faab6dad856
327,68.40878223,0.03762476181771777,0x1d5321e125f6c7079a716705541c7b371ca79e69,2017-10-23T06:37:18.000Z,0.000549999,0x867d6b56809d4545a7f53e1d4fabe9086fdeb60b,buy,0x168296bb09e24a88805cb9c33356536b980d3fc5,0x9a78307b6adf4200cf4d7b4dbeae5e8f402bd4df68251e00810df0ee7a8eb81c
328,68.20416972,0.0381943350432,0xf74fccfc0497132279917ef932dacc650fdfa0bd,2017-10-23T06:37:18.000Z,0.00056,0x1d5321e125f6c7079a716705541c7b371ca79e69,sell,0x168296bb09e24a88805cb9c33356536b980d3fc5,0x9a78307b6adf4200cf4d7b4dbeae5e8f402bd4df68251e00810df0ee7a8eb81c
329,9931.59121776,5.462365238179628,0x115c42c541b7ca52416879fb4c92b491601afc03,2017-10-23T06:02:52.000Z,0.0005499990000002866,0x867d6b56809d4545a7f53e1d4fabe9086fdeb60b,buy,0x168296bb09e24a88805cb9c33356536b980d3fc5,0x6310995156846085c8625f5c067c9268ce25800b30b4099031803a6679a85bec
330,2280,1.24944,0x115c42c541b7ca52416879fb4c92b491601afc03,2017-10-23T05:55:06.000Z,0.000548,0x9e74b8b6351c2d32e6b5e7f02f641187927dd329,buy,0x168296bb09e24a88805cb9c33356536b980d3fc5,0x1fe758c655709b18643559b544bed27548b8de4245890fa56de6af2dcb7b054f
331,1.66666666,0.001,0x4a57d0208164a1c1c63c75395dc444428a07b50a,2017-10-23T05:24:40.000Z,0.0006000000024,0x85238f7b711bd2b31124beaa465a138bd52ab20b,buy,0x168296bb09e24a88805cb9c33356536b980d3fc5,0xce89adad836399bfbfd7c4796366ae9c2f269764b0315b8e65e4da4376810662
332,720,0.39456,0x2e1c049df8f9a74cdab35b771c33b85a5be21df6,2017-10-23T05:08:38.000Z,0.000548,0x9e74b8b6351c2d32e6b5e7f02f641187927dd329,buy,0x168296bb09e24a88805cb9c33356536b980d3fc5,0x0e833cd187dfaa218a10a7de27c2c8908aa0474bd6a36cf11c31491db9c2586b
333,0.99690958,0.0005283620774,0x5b85988f0032ee818f911ec969dd9c649caa0a14,2017-10-23T04:01:20.000Z,0.00053,0x7d053385a05276eedcaf706325ae34ae544741a6,sell,0x168296bb09e24a88805cb9c33356536b980d3fc5,0xe6d81a8fc5772205ba1e5902e55c4c5dddecbde4c37bd540c3d6d5742387b774
334,1000,0.548899,0x115c42c541b7ca52416879fb4c92b491601afc03,2017-10-22T22:30:52.000Z,0.000548899,0x36d9a04ceca06f4943c4e4f38556acccfb17ebae,buy,0x168296bb09e24a88805cb9c33356536b980d3fc5,0x1913b5b0ad477ccb4b18a1217a8713e26a011c24a6c10d599ffb87aba06248a0
335,426,0.2343,0x20cf5135ae34596550f281e263af3a3c1dc6e0b9,2017-10-22T19:22:33.000Z,0.00055,0x3a7178bdd324025658895ca85536ebed6f300593,buy,0x168296bb09e24a88805cb9c33356536b980d3fc5,0x5222197dde680fc5c44723f1cbc5f2e61516ef8ea9b6c16a407876af43eb7a57
336,1591.3167775,0.8736329108494667,0x115c42c541b7ca52416879fb4c92b491601afc03,2017-10-22T18:56:23.000Z,0.0005490000000012359,0x715793e1beb7f48fd056e759fcd5fc94d66cfc85,buy,0x168296bb09e24a88805cb9c33356536b980d3fc5,0xb109c9e0f74f6317bc989b36b5780827a064f3bd2c96dbf9e7d1f367c3d97d75
337,907.93222249,0.49845479015053334,0xde749dd1e4cdee505cffaef55fe224457d179828,2017-10-22T18:23:34.000Z,0.0005490000000038806,0x715793e1beb7f48fd056e759fcd5fc94d66cfc85,buy,0x168296bb09e24a88805cb9c33356536b980d3fc5,0xcbee633bcfd7c5fdb3e7e981f75f9dbc44c946b2dc6c7c3c605ae0447d751ba0
338,1,0.000549,0xe1fa699860444be91d366c21de8fef56e3dec77a,2017-10-22T18:12:14.000Z,0.000549,0x715793e1beb7f48fd056e759fcd5fc94d66cfc85,buy,0x168296bb09e24a88805cb9c33356536b980d3fc5,0x033077acb631e57ea087794e0ced5c07465abb81f385d00399796433b1aa5216
339,1457.50174459,0.743471639915359,0xcfd5d60e0f447636f1643cd9b7a9547062cb0863,2017-10-22T16:55:38.000Z,0.0005101,0xee670c06874abea43e14b85018093d930f06b7ca,sell,0x168296bb09e24a88805cb9c33356536b980d3fc5,0xb40bc3998bfbae47745464debb41fffbab9759a129fc587af9f6a58368e685a6
340,7000,3.5707,0x105d1fea56008e7d6f13f6f5b29cf278589526eb,2017-10-22T16:52:45.000Z,0.0005101,0xee670c06874abea43e14b85018093d930f06b7ca,sell,0x168296bb09e24a88805cb9c33356536b980d3fc5,0xe1bda55c84eb7dc91cdcc92bb458e9e7176bc978077add94b3305927031d80ce
341,100,0.054,0x4d5c35a2173524da584e39c86a12e11f08eac532,2017-10-22T16:51:46.000Z,0.00054,0xee670c06874abea43e14b85018093d930f06b7ca,sell,0x168296bb09e24a88805cb9c33356536b980d3fc5,0x30c9bf04bb5b972498437fb2e75eb8011b1d51fc082b5600c3098c2c0631a58e
342,416.88946085,0.22928920346924533,0xebb3b5365f80f437d4be00fffaedec844b24ce14,2017-10-22T16:18:03.000Z,0.0005500000000041866,0x3a7178bdd324025658895ca85536ebed6f300593,buy,0x168296bb09e24a88805cb9c33356536b980d3fc5,0x1c6f66a0cbb406643aea07f9fb2409d47b97e7554150e7ec1c06f224e3aeac1a
343,2689.76811537,1.4791034866444024,0x438ccbd79f20c1e68b828211ec2ba30c0ec9c05a,2017-10-22T15:04:00.000Z,0.0005499000000009069,0x105d1fea56008e7d6f13f6f5b29cf278589526eb,buy,0x168296bb09e24a88805cb9c33356536b980d3fc5,0x3d7e6e18666c4a5916e0b86499276f74b4445119b2c364125f342f3d208d07f3
344,381.334,0.2093142326,0x438ccbd79f20c1e68b828211ec2ba30c0ec9c05a,2017-10-22T15:02:16.000Z,0.0005489,0xcfd5d60e0f447636f1643cd9b7a9547062cb0863,buy,0x168296bb09e24a88805cb9c33356536b980d3fc5,0xf424504085d80364163a41392593e80414a4e1a3ff5109745c7be13736e395cd
345,4300,2.36457,0xcf5427da2842e701fd5d905a1d429edec974ace4,2017-10-22T15:00:20.000Z,0.0005499,0x105d1fea56008e7d6f13f6f5b29cf278589526eb,buy,0x168296bb09e24a88805cb9c33356536b980d3fc5,0x8eeaf477885fafbb7dc99aca098774756e785f999ecb994ce876adab8b6fccd1
346,1500,0.82485,0x0147d7ea5af37b699e63fc44c5f7c3be31ea6624,2017-10-22T13:11:59.000Z,0.0005499,0x105d1fea56008e7d6f13f6f5b29cf278589526eb,buy,0x168296bb09e24a88805cb9c33356536b980d3fc5,0xb3ecf13e5804faffbe408411bfd4224ae86d0b7a256ce8861a4cd5e7d0bb6f23
347,8850,4.857765,0x0147d7ea5af37b699e63fc44c5f7c3be31ea6624,2017-10-22T13:09:06.000Z,0.0005489,0x105d1fea56008e7d6f13f6f5b29cf278589526eb,buy,0x168296bb09e24a88805cb9c33356536b980d3fc5,0x766a1d73d55e2f7a6db3d6d5ede047a4c5970ba718955c5c531fa621fb91f502
348,0.93748186,0.0004781157486,0x438ccbd79f20c1e68b828211ec2ba30c0ec9c05a,2017-10-22T12:38:59.000Z,0.00051,0x68f90dab0a2ac5d5e6556a8b641644ffcf096ad2,sell,0x168296bb09e24a88805cb9c33356536b980d3fc5,0x43e5cbdecb46acca5bada421bdcebf47f90078f815ee2c751d2d1f95d5387d99
349,8473.88050691,4.3216790585241,0x438ccbd79f20c1e68b828211ec2ba30c0ec9c05a,2017-10-22T12:35:06.000Z,0.00051,0x68f90dab0a2ac5d5e6556a8b641644ffcf096ad2,sell,0x168296bb09e24a88805cb9c33356536b980d3fc5,0xcc36ae957927872175fa093b5256044b323f5622c1020643b3cc8bd04475f486
350,498.45479015,0.2542119429765,0x438ccbd79f20c1e68b828211ec2ba30c0ec9c05a,2017-10-22T11:12:38.000Z,0.00051,0xf2a8c6ec5b1b7ec1361dee7dbda95c7b2ff95acb,sell,0x168296bb09e24a88805cb9c33356536b980d3fc5,0x0f58af824b0273ac24d97602eaf97123623f8bf2dd81c450cf27e20a6289fad2
351,1400,0.76846,0x0147d7ea5af37b699e63fc44c5f7c3be31ea6624,2017-10-22T10:14:47.000Z,0.0005489,0xcfd5d60e0f447636f1643cd9b7a9547062cb0863,buy,0x168296bb09e24a88805cb9c33356536b980d3fc5,0xefb3f2c98c2b36be1b7c394755f530a3869057a4302afc8608d62a49a5410034
352,3214.66561693,1.764529957132888,0xd0b97d644f16ce6668e15a5230351b3b265112ef,2017-10-22T07:19:15.000Z,0.0005489000000000034,0xcfd5d60e0f447636f1643cd9b7a9547062cb0863,buy,0x168296bb09e24a88805cb9c33356536b980d3fc5,0xb296c70d27ac96ac920c8577460f038c055cf8676cf1d1fe9fb3deb2824e56cc
353,5926.39318113,2.757550747179789,0x3162f2032ddce11a87098cc13fcc6117ebe92f95,2017-10-22T02:02:37.000Z,0.0004653,0xe3a7ca9d2306b0dc900ea618648bed9ec6cb1106,sell,0x168296bb09e24a88805cb9c33356536b980d3fc5,0xd76f6e5664ddb9cef7f377601af15c4dfa1beb398504161365bf57824b01c717
354,9465,4.42100685,0xf71efd8a6cfdc9fbe4acce580d67e934d1f2d2c5,2017-10-22T02:01:00.000Z,0.00046709,0xe3a7ca9d2306b0dc900ea618648bed9ec6cb1106,sell,0x168296bb09e24a88805cb9c33356536b980d3fc5,0xa2d20ec786cf6a7853fc8faf87960ba51bc82527386cd4844b2a2f8cf918b0a8
355,5000,2.5,0x84e772777b632a0ee148ac646eec7c043f1861c4,2017-10-22T02:01:00.000Z,0.0005,0xe3a7ca9d2306b0dc900ea618648bed9ec6cb1106,sell,0x168296bb09e24a88805cb9c33356536b980d3fc5,0xd6ab79224c1b98c8c5c5df61a3b1813c8f40d5d4923d79b05290485a2ec7c03c
356,280,0.15369172,0xaa715b150a4040ed0bb30e7c520383374dc399f7,2017-10-22T02:01:00.000Z,0.000548899,0xe3a7ca9d2306b0dc900ea618648bed9ec6cb1106,sell,0x168296bb09e24a88805cb9c33356536b980d3fc5,0x00b39f396535be26e9080f8bbfe95192505c4c46763f8861fb404dca5dd86606
357,4,0.0021956,0x6446896b10465549af133800f86155f48a188943,2017-10-21T22:57:23.000Z,0.0005489,0xcfd5d60e0f447636f1643cd9b7a9547062cb0863,buy,0x168296bb09e24a88805cb9c33356536b980d3fc5,0xc6ec39ff570dcd387075511aa851f72f43e5fdc21e6767638b1a8a230bca664c
358,1495.36485355,0.6804059620137854,0x6446896b10465549af133800f86155f48a188943,2017-10-21T20:45:57.000Z,0.00045501,0x68f90dab0a2ac5d5e6556a8b641644ffcf096ad2,sell,0x168296bb09e24a88805cb9c33356536b980d3fc5,0xde6f1eab339d1b820359ee7275fc7d60718afae610602f47d5e07736de87ea11
359,2000,1.1988,0x026e85f44e9c927819dc89671b3568d9157f4f3a,2017-10-21T19:26:55.000Z,0.0005994,0xcfd5d60e0f447636f1643cd9b7a9547062cb0863,buy,0x168296bb09e24a88805cb9c33356536b980d3fc5,0x1cf2d3ac1f184474f67e7b49b5fe09656727b14152c0c704121bd59c505cc3c8
360,500,0.275,0xfe100b41e2463194787391e411948096b08ed3b2,2017-10-21T19:26:49.000Z,0.00055,0x2519f350cc15752fe0eba296b975eb793a9c2acc,sell,0x168296bb09e24a88805cb9c33356536b980d3fc5,0xec79100745fdcc34559e72fcb831af100f8ca0ec5aa5b91b6b9f9f4e3b00c1f3
361,1150,0.631235,0xcc55417435f566108738a5df5bbabd92c0e086a3,2017-10-21T18:59:17.000Z,0.0005489,0x105d1fea56008e7d6f13f6f5b29cf278589526eb,buy,0x168296bb09e24a88805cb9c33356536b980d3fc5,0x8c123582fb101b1d97aa22855a1b2fa62c6d6dea1ad8031cdc2ac400975fe6b8
362,3000,1.8,0x026e85f44e9c927819dc89671b3568d9157f4f3a,2017-10-21T18:34:52.000Z,0.0006,0x25416b5a3f2c9d19a78222d5869bab8fea04ba67,buy,0x168296bb09e24a88805cb9c33356536b980d3fc5,0xa68d23de8227eb13bcff267f7afbf77a7476fbc946e8f8567f23f35e090a44d5
363,2500,1.3472,0xcc55417435f566108738a5df5bbabd92c0e086a3,2017-10-21T16:26:00.000Z,0.00053888,0x5c71f7ca58238adbffcb03ce76fb2f8640a015c5,buy,0x168296bb09e24a88805cb9c33356536b980d3fc5,0x717ff4f0845e7e864bfe68fe4f03df84cadafc2a01d66c8c34a7826de91b4165
364,2500,1.3472,0x03b82245483815300c14e8731e1ab6558a7f97cc,2017-10-21T16:21:41.000Z,0.00053888,0x5c71f7ca58238adbffcb03ce76fb2f8640a015c5,buy,0x168296bb09e24a88805cb9c33356536b980d3fc5,0x25ae085a4de4cf1649ae110cb780fccc5066345677b9c72c0083a4e751e6f2a8
365,1000,0.45,0x45bf821edd049a39549c2637eab76832d8cb4f96,2017-10-21T15:27:54.000Z,0.00045,0xe3a7ca9d2306b0dc900ea618648bed9ec6cb1106,sell,0x168296bb09e24a88805cb9c33356536b980d3fc5,0x23c616f3f06a85be2ddac6e64daa6e7ff08bba58cfc42400ed6441c1ee56173f
366,11111,4.99995,0x1a73697f496ea3ef8914e992e7f126ac01a710a2,2017-10-21T15:27:14.000Z,0.00045,0xe3a7ca9d2306b0dc900ea618648bed9ec6cb1106,sell,0x168296bb09e24a88805cb9c33356536b980d3fc5,0xebe4be62a11a00d2502b7919f4e3d92c205d2dc8503fae270a41c828717a118a
367,2100,0.9681,0x06340dc14baa5ea280b7d1d1ea52e4f2fffe2a7e,2017-10-21T15:26:43.000Z,0.000461,0xe3a7ca9d2306b0dc900ea618648bed9ec6cb1106,sell,0x168296bb09e24a88805cb9c33356536b980d3fc5,0x63ef718557fc534603a92133b997befb46663faa4f07b8ea2f686748d0cdc00c
368,2000,0.94,0xad7f84324d7e4e042ac6bce6f29c2f9b4f536cc6,2017-10-21T15:26:36.000Z,0.00047,0xe3a7ca9d2306b0dc900ea618648bed9ec6cb1106,sell,0x168296bb09e24a88805cb9c33356536b980d3fc5,0x27f97cb4e0e2cb05433bd8d4962645ac318c2ed350e8734799e4e0410230a9cb
369,2000,0.944,0x29d1b17c6daf9a42b4421adbcf950ea8c4f50f82,2017-10-21T15:26:36.000Z,0.000472,0xe3a7ca9d2306b0dc900ea618648bed9ec6cb1106,sell,0x168296bb09e24a88805cb9c33356536b980d3fc5,0x766cd6492d48ebda68f5797e65d885e76661a2ece9639583937637bbf8660d61
370,1000,0.54,0xc0b0a6249a0e497781cd3b2e8653ff4911804fc3,2017-10-21T15:15:07.000Z,0.00054,0xe3a7ca9d2306b0dc900ea618648bed9ec6cb1106,buy,0x168296bb09e24a88805cb9c33356536b980d3fc5,0x97ac7fd8fee22a1ac71e4b1fa597c79a2712a94657e2232d5d04481a07288ced
371,600,0.315,0x15caad4eb02d5bfd1821dd2d8feb4eb63532e12c,2017-10-21T15:10:18.000Z,0.000525,0x2519f350cc15752fe0eba296b975eb793a9c2acc,sell,0x168296bb09e24a88805cb9c33356536b980d3fc5,0x42d238d162e839903bcbe71cd1048bdf7456b1a4cf328bc070effe89d41ceb1f
372,48.12776803,0.02555584482393,0x3a5ca52299041fd2271cd58c229795bca54a0481,2017-10-21T15:10:01.000Z,0.000531,0x2519f350cc15752fe0eba296b975eb793a9c2acc,sell,0x168296bb09e24a88805cb9c33356536b980d3fc5,0xa39987ad75bc6ab3c5eb1684d62301b5069937d81a0cda2c0414cb6646ce2373
373,999.43863419,0.5297024761207,0xad7f84324d7e4e042ac6bce6f29c2f9b4f536cc6,2017-10-21T15:04:29.000Z,0.00053,0xe3a7ca9d2306b0dc900ea618648bed9ec6cb1106,sell,0x168296bb09e24a88805cb9c33356536b980d3fc5,0xa744e37fc759b3df563404064864fda421cd9b7146fe73f4374857d5d1b57b6e
374,52700,27.9837,0x3a5ca52299041fd2271cd58c229795bca54a0481,2017-10-21T14:57:36.000Z,0.000531,0x3a7178bdd324025658895ca85536ebed6f300593,sell,0x168296bb09e24a88805cb9c33356536b980d3fc5,0x0243525f5e36166aa9560d9bddb40d2efbfd67b9b2574746fe15d4adf3197115
375,10000,5.36,0x9081fe49d959334a228f84f732ec36e33850a460,2017-10-21T14:56:57.000Z,0.000536,0x3a7178bdd324025658895ca85536ebed6f300593,sell,0x168296bb09e24a88805cb9c33356536b980d3fc5,0x55600dd649bd44c7d2896417a5d63f063b0926e9aa59a73efeb0c511beb7e3a4
376,21932.01082259,11.7577510019905,0x2519f350cc15752fe0eba296b975eb793a9c2acc,2017-10-21T14:42:51.000Z,0.0005361,0xe3a7ca9d2306b0dc900ea618648bed9ec6cb1106,sell,0x168296bb09e24a88805cb9c33356536b980d3fc5,0xf1c77326ff5babf0014780c3f2741a07cc943293ddce18fc724806b14765d2da
377,123,0.073677,0x52ee0cb8a7055c6538ba622d0ad1d740b26ec73c,2017-10-21T12:15:11.000Z,0.000599,0x99bc37ffa8c3b9e6f4792abf009cc294b34947bc,buy,0x168296bb09e24a88805cb9c33356536b980d3fc5,0x91ecaac9eb8b303961f786e2ad994820a437fcd9d5d10fe3f2b8b5dd1c114ace
378,123,0.0735417,0x52ee0cb8a7055c6538ba622d0ad1d740b26ec73c,2017-10-21T12:12:32.000Z,0.0005979,0x99bc37ffa8c3b9e6f4792abf009cc294b34947bc,buy,0x168296bb09e24a88805cb9c33356536b980d3fc5,0x9b9db601df52813579b00f739f8c44a6a29fa24c20d81f25b44b390af0753e3d
379,5424.804,3.2548824,0xfe100b41e2463194787391e411948096b08ed3b2,2017-10-21T12:04:08.000Z,0.0006,0xa0291d0430c0e24c5434de65300c6fff75756125,sell,0x168296bb09e24a88805cb9c33356536b980d3fc5,0x8c220aed16381f3df80de9bb80582acf68f062a655d816eb87a6955a1c4ed681
380,176.3958671,0.10583752026,0xfe100b41e2463194787391e411948096b08ed3b2,2017-10-21T10:14:37.000Z,0.0006,0x273a5d3e6721b9f5c1a6474f560c1334c63dda01,sell,0x168296bb09e24a88805cb9c33356536b980d3fc5,0x7834b6cd840f821216fed2d93e839b90b97326667bf8093fd9cb89460c2531e3
381,176.92664705,0.10350208852425,0x273a5d3e6721b9f5c1a6474f560c1334c63dda01,2017-10-21T10:14:37.000Z,0.000585,0x6595732468a241312bc307f327ba0d64f02b3c20,buy,0x168296bb09e24a88805cb9c33356536b980d3fc5,0x7834b6cd840f821216fed2d93e839b90b97326667bf8093fd9cb89460c2531e3
382,400,0.23384,0x273a5d3e6721b9f5c1a6474f560c1334c63dda01,2017-10-21T10:14:37.000Z,0.0005846,0xcf2c609caf69e12c85d9b94a7743c33bf5c4c52e,buy,0x168296bb09e24a88805cb9c33356536b980d3fc5,0x5c59e15901482b6f80b377c57d1b329b9b64f164ddfa87438236c9ad302a8070
383,398.8,0.23928,0xfe100b41e2463194787391e411948096b08ed3b2,2017-10-21T10:14:37.000Z,0.0006,0x273a5d3e6721b9f5c1a6474f560c1334c63dda01,sell,0x168296bb09e24a88805cb9c33356536b980d3fc5,0x5c59e15901482b6f80b377c57d1b329b9b64f164ddfa87438236c9ad302a8070
384,21.863224,0.01158750872,0x252914909ed66eb32a2770f763bde100add5b9a4,2017-10-21T04:06:51.000Z,0.00053,0x3fb5df6d175b7ab55eb208d08a62ba6470ac3a3e,sell,0x168296bb09e24a88805cb9c33356536b980d3fc5,0xa59339bfe17109ce7852d1123e6a87944d47bbd9cd695aa225158a0273913f97
385,0.56136581,0.0002975238793,0xad7f84324d7e4e042ac6bce6f29c2f9b4f536cc6,2017-10-21T03:24:09.000Z,0.00053,0xe3a7ca9d2306b0dc900ea618648bed9ec6cb1106,sell,0x168296bb09e24a88805cb9c33356536b980d3fc5,0xd78e17a46fa97ec8b28f41f3a346fac74e0daf94fe83655ccbbd2cc41a78b45c
