,amount,amountBase,buyer,date,price,seller,side,tokenAddr,txHash
0,0.00000997,0.000997,0xf18521dc5c211dc0ed6c85b034d4f46d456950bb,2017-11-02T16:38:39.000Z,100,0x273a5d3e6721b9f5c1a6474f560c1334c63dda01,sell,0x27dce1ec4d3f72c3e457cc50354f1f975ddef488,0xeb3bafafbca69f0d626771b34714a7a8089d053781f1f81ee5e74630bf051139
1,0.00001,0.000000000199,0x273a5d3e6721b9f5c1a6474f560c1334c63dda01,2017-11-02T16:38:39.000Z,0.0000199,0x1eaa18a0e964d346f2b5182be3f97d7aab5145b9,buy,0x27dce1ec4d3f72c3e457cc50354f1f975ddef488,0xeb3bafafbca69f0d626771b34714a7a8089d053781f1f81ee5e74630bf051139
2,0.00001,0.000000000199,0x273a5d3e6721b9f5c1a6474f560c1334c63dda01,2017-11-02T16:32:35.000Z,0.0000199,0x1eaa18a0e964d346f2b5182be3f97d7aab5145b9,buy,0x27dce1ec4d3f72c3e457cc50354f1f975ddef488,0xe65d381a45bd259a888b4dd1be6c4b9f9cc0e530d34c097b4a502d346737a2ff
3,0.00000997,0.000997,0xf18521dc5c211dc0ed6c85b034d4f46d456950bb,2017-11-02T16:32:35.000Z,100,0x273a5d3e6721b9f5c1a6474f560c1334c63dda01,sell,0x27dce1ec4d3f72c3e457cc50354f1f975ddef488,0xe65d381a45bd259a888b4dd1be6c4b9f9cc0e530d34c097b4a502d346737a2ff
4,0.00001,0.000000000199,0x273a5d3e6721b9f5c1a6474f560c1334c63dda01,2017-11-02T16:26:28.000Z,0.0000199,0x1eaa18a0e964d346f2b5182be3f97d7aab5145b9,buy,0x27dce1ec4d3f72c3e457cc50354f1f975ddef488,0xc0443be85dac2f8e1f603d46c677c7bb6a698a2b6ff0e79ac040f5a6b6fe9131
5,0.00000997,0.000997,0xf18521dc5c211dc0ed6c85b034d4f46d456950bb,2017-11-02T16:26:28.000Z,100,0x273a5d3e6721b9f5c1a6474f560c1334c63dda01,sell,0x27dce1ec4d3f72c3e457cc50354f1f975ddef488,0xc0443be85dac2f8e1f603d46c677c7bb6a698a2b6ff0e79ac040f5a6b6fe9131
6,100,0.0020001,0xf18521dc5c211dc0ed6c85b034d4f46d456950bb,2017-11-02T16:18:28.000Z,0.000020001,0x0c4085d8e714ca77ac5f46cd2b80a92d238a7cd3,sell,0x27dce1ec4d3f72c3e457cc50354f1f975ddef488,0xa090158c2ab346124d1f2766249d2cba8e6407f13fce675b770f7c08d93bc3d4
7,100,0.0020001,0xf18521dc5c211dc0ed6c85b034d4f46d456950bb,2017-11-02T16:02:16.000Z,0.000020001,0x0c4085d8e714ca77ac5f46cd2b80a92d238a7cd3,sell,0x27dce1ec4d3f72c3e457cc50354f1f975ddef488,0x963814ecc4f35fadc6e86ff26060a1557cf74dcc06aa5dc32d0fb4b82c8ba3e4
8,19386.32298145,0.38772645962915475,0xa41baaef0bc1f4792da5fa2e32b23cba5c47dafe,2017-11-02T15:49:29.000Z,0.00002000000000000798,0xd9a9504504b9b70b2cebee489f404778d61e9ba7,buy,0x27dce1ec4d3f72c3e457cc50354f1f975ddef488,0xfc4313e5f871fd3293239351c4b274fc07b6352ef146358e5b2a9e7e79fd944c
9,9644.86785235,0.184216975979885,0xeba9184e53134a3031839c34e53889a4b26e0ec3,2017-11-02T15:44:24.000Z,0.0000191,0x5f8fe09e6f195b99b84274f00f898570d8814655,sell,0x27dce1ec4d3f72c3e457cc50354f1f975ddef488,0x438347fe179cdd1fefa264c322780400b558c373b9e8e54643f6a838b0bb7eab
10,100,0.0018001,0xf18521dc5c211dc0ed6c85b034d4f46d456950bb,2017-11-02T12:47:03.000Z,0.000018001,0x0c4085d8e714ca77ac5f46cd2b80a92d238a7cd3,sell,0x27dce1ec4d3f72c3e457cc50354f1f975ddef488,0x0fb00f4a900a375673c2d0994120598637b45464341d296206032b3f423c742b
11,31462.4663543,0.5033994616688,0x5f8fe09e6f195b99b84274f00f898570d8814655,2017-11-02T12:29:05.000Z,0.000016,0xb52ea482307332ac337a81d884d497de8bbf6832,sell,0x27dce1ec4d3f72c3e457cc50354f1f975ddef488,0x83a00900d94dd084fe86e8e5e7058ae3fe78d21d3fc6e628dbdfeaf3b8abc2be
12,627656.79946285,10.0425087914056,0x5f8fe09e6f195b99b84274f00f898570d8814655,2017-11-02T11:49:55.000Z,0.000016,0xcf2c609caf69e12c85d9b94a7743c33bf5c4c52e,sell,0x27dce1ec4d3f72c3e457cc50354f1f975ddef488,0x4e1ebf7925a69fa375e9bf60a90ff3b90ca85c19d4b9f08042e69b97bcc99073
13,25000,0.40125,0x3816bb5ddc640c455fe1057b4af65b2a3860dd5f,2017-11-02T11:48:39.000Z,0.00001605,0xcf2c609caf69e12c85d9b94a7743c33bf5c4c52e,sell,0x27dce1ec4d3f72c3e457cc50354f1f975ddef488,0x543b65c012999a4a74918860997c14691743777c35661ba99838e18eae1a9632
14,18938.46196732,0.3153632686798126,0xfb0f0495a3efac09a9d5a77ecbb83b116adb30c3,2017-11-02T11:47:55.000Z,0.000016652,0xcf2c609caf69e12c85d9b94a7743c33bf5c4c52e,sell,0x27dce1ec4d3f72c3e457cc50354f1f975ddef488,0x154c2bedd29571c523ce8e1487f56684f568f8d85e4575a90679e31dc6e42864
15,19000,0.323,0x19f6f3fde45f62e76633dc88cd42e37069211219,2017-11-02T11:47:42.000Z,0.000017,0xcf2c609caf69e12c85d9b94a7743c33bf5c4c52e,sell,0x27dce1ec4d3f72c3e457cc50354f1f975ddef488,0x40fc8fa915b3f1e90b35f3ff1c98d47429bf3a8c46eb3239e1bc60ffef422e99
16,1799.99998495,0.03525299970524575,0xfb0f0495a3efac09a9d5a77ecbb83b116adb30c3,2017-11-02T09:58:06.000Z,0.000019585,0xc2113f04f040e962fbe32a8dcf1886e0f96353f2,sell,0x27dce1ec4d3f72c3e457cc50354f1f975ddef488,0x58da5920671d23f2e1e40d9e113a20e0626026bb594a1f1c2b93dfd668356a0b
17,1000,0.01959,0x2aabd901349e260aac247ce983394fea94402594,2017-11-02T09:58:00.000Z,0.00001959,0xc2113f04f040e962fbe32a8dcf1886e0f96353f2,sell,0x27dce1ec4d3f72c3e457cc50354f1f975ddef488,0x87e56544606fd359fb3bcd3eb6f2cdb6330343d34463511b51db1f176a959322
18,734.2,0.014684,0xeba9184e53134a3031839c34e53889a4b26e0ec3,2017-11-02T09:57:48.000Z,0.00002,0xc2113f04f040e962fbe32a8dcf1886e0f96353f2,sell,0x27dce1ec4d3f72c3e457cc50354f1f975ddef488,0x233e71166e7508dee6b4c9c51f6e84b47a0e4a643237e99cea51495ca1149475
19,3000,0.0645,0x067be47f0d4b8380ff41321e0911a66b2b1f893e,2017-11-02T07:56:06.000Z,0.0000215,0xd9a9504504b9b70b2cebee489f404778d61e9ba7,buy,0x27dce1ec4d3f72c3e457cc50354f1f975ddef488,0x0b7ed306915d2e8cf6ba3438b728570d61b169d53f3170be1c8530c0c41a7cf2
20,3889.521,0.076176268785,0xfb0f0495a3efac09a9d5a77ecbb83b116adb30c3,2017-11-02T06:32:45.000Z,0.000019585,0xe62b49dd208f7c0f0be52be7667c8a92d5ce7cc2,sell,0x27dce1ec4d3f72c3e457cc50354f1f975ddef488,0xb0b3bc4967904027996b00e2927bbcbb1d8f652b7aea89c9ba24a4ebc2dcf09b
21,6000,0.11754,0x2aabd901349e260aac247ce983394fea94402594,2017-11-02T06:31:55.000Z,0.00001959,0xe62b49dd208f7c0f0be52be7667c8a92d5ce7cc2,sell,0x27dce1ec4d3f72c3e457cc50354f1f975ddef488,0x359b2c5589fd73af9b7ace9b391ce797cf60e2dc66f7d72174193462dc2325cc
22,22.93577981,0.0005,0x3075f7f189912f4f425dd7021b9c396434197477,2017-11-02T06:30:07.000Z,0.0000218000000061912,0xbd1adf7cd55a6f8e70c2c28178286c76182c1fd3,buy,0x27dce1ec4d3f72c3e457cc50354f1f975ddef488,0xc6d7f3892cd24a56610ae93edc732266c91b27c44b84508b614616a9e0942e16
23,14950,0.2928705,0x3dee4a4e076e8d82859d241db0baf46f112cfa23,2017-11-02T06:25:20.000Z,0.00001959,0xe62b49dd208f7c0f0be52be7667c8a92d5ce7cc2,sell,0x27dce1ec4d3f72c3e457cc50354f1f975ddef488,0x6b39b73bd0c73911ab0ea3b55e48518f5a06d345cefbc833dc29504c6c1530bd
24,22.93577981,0.0005,0x4fda9e6bcd83af6c5cc771b5d20accc2b7720074,2017-11-02T06:21:25.000Z,0.0000218000000061912,0xbd1adf7cd55a6f8e70c2c28178286c76182c1fd3,buy,0x27dce1ec4d3f72c3e457cc50354f1f975ddef488,0x443330695fa16d987686069ab423ed3f7ea5097818b304987eadd08efc4081c6
25,163.051,0.00326102,0xeba9184e53134a3031839c34e53889a4b26e0ec3,2017-11-02T06:17:02.000Z,0.00002,0xe62b49dd208f7c0f0be52be7667c8a92d5ce7cc2,sell,0x27dce1ec4d3f72c3e457cc50354f1f975ddef488,0x6a4e72710ab7b36b076a7f56b49899058a3bf0095a04518a4c87467df8f08e14
26,44200,0.865878,0x3dee4a4e076e8d82859d241db0baf46f112cfa23,2017-11-02T06:13:25.000Z,0.00001959,0xe62b49dd208f7c0f0be52be7667c8a92d5ce7cc2,sell,0x27dce1ec4d3f72c3e457cc50354f1f975ddef488,0xfe5174c3fd8a988c53e20fe26998472f46d16635c66eb714a12010dd80298b8f
27,2700,0.0594,0xbfbdd7f780e8f8185051642cca63bdf74727e167,2017-11-02T06:10:38.000Z,0.000022,0xe62b49dd208f7c0f0be52be7667c8a92d5ce7cc2,sell,0x27dce1ec4d3f72c3e457cc50354f1f975ddef488,0xacd518b1f5925e77936e83b64f37efe4b6197b3686cc2a6dfaf8c933365cbcd0
28,2430,0.050301,0xf3d92557bdf92cff0b0b214476122ae9de2bcfaf,2017-11-02T05:26:11.000Z,0.0000207,0xe62b49dd208f7c0f0be52be7667c8a92d5ce7cc2,sell,0x27dce1ec4d3f72c3e457cc50354f1f975ddef488,0x090e88a0e862642596796ae9b540f2738038a303d78cd2ae5cbdeadb38263d6e
29,312.514,0.0064690398,0xf0b6feeaff52411c0b9a750f41aaafbf288f4375,2017-11-02T04:36:00.000Z,0.0000207,0xe62b49dd208f7c0f0be52be7667c8a92d5ce7cc2,sell,0x27dce1ec4d3f72c3e457cc50354f1f975ddef488,0x2ce0d7553c5c20e575c9cf2106c560c00246c53668e459e751b463afd5effb83
30,396.183,0.008716026,0xfef3622bea5b1bc3296bf9144195b3568a67c94c,2017-11-02T03:40:48.000Z,0.000022,0x9f18b49bb00c24769aaec553641bcad225298662,sell,0x27dce1ec4d3f72c3e457cc50354f1f975ddef488,0x30768ecbbd3a28cd78b37a9e1bc3f950e58250efae71d67289840209639b7444
31,49845.47901505,0.9762237065097542,0xfb0f0495a3efac09a9d5a77ecbb83b116adb30c3,2017-11-02T00:17:42.000Z,0.000019585,0xf6469a4903334ee7a59b570b2a38bf79044de66f,sell,0x27dce1ec4d3f72c3e457cc50354f1f975ddef488,0xd8b07995147f8d96a1f9c6d3dea1f3611f3c94dd8ae4a5822f5bddea75f7d910
32,2000,0.046,0x149880b68367f096063dc0c51c040e8ec10a010b,2017-11-01T22:40:57.000Z,0.000023,0x99bc37ffa8c3b9e6f4792abf009cc294b34947bc,buy,0x27dce1ec4d3f72c3e457cc50354f1f975ddef488,0x9cf1fdaecbfbdc7c2a497ac94f84e02c320efd8a87b327e105228f9e36b71754
33,1.49074307,0.00003279634754,0xfef3622bea5b1bc3296bf9144195b3568a67c94c,2017-11-01T22:22:02.000Z,0.000022,0xe2603cae5a714ccac6ec758bb0d4bbb1822deec0,sell,0x27dce1ec4d3f72c3e457cc50354f1f975ddef488,0xdb3bf1f750a4dedc6931c4db945e80f4be8e26ba516b545bb55d921ab6994728
34,7500,0.165,0xfef3622bea5b1bc3296bf9144195b3568a67c94c,2017-11-01T21:55:27.000Z,0.000022,0xae11081597121016b114450ec197f1927e36dfa9,buy,0x27dce1ec4d3f72c3e457cc50354f1f975ddef488,0xd6511011e3e8753d78f6aa3ff9d3a8f69a529b12e1ed90e0090c4a968cb91472
35,1495.36437045,0.0328980161499,0xfef3622bea5b1bc3296bf9144195b3568a67c94c,2017-11-01T21:51:39.000Z,0.000022,0x442edd20fdaf8d00adb4a94665a1b2edfad915ef,sell,0x27dce1ec4d3f72c3e457cc50354f1f975ddef488,0x07dacf4fe10d3d67055bf3f21777e733bf4dc753065fca7b017112f24a146533
36,6834.938,0.14155156598,0x2249189fb2eea9d8449196c09cc171a8cf3bac88,2017-11-01T21:23:39.000Z,0.00002071,0xcf2c609caf69e12c85d9b94a7743c33bf5c4c52e,sell,0x27dce1ec4d3f72c3e457cc50354f1f975ddef488,0xc4e419112dbf3620f53732a77d8aa0ff5c1929a4767437a4c77c12152a46df00
37,6799,0.14148719,0x2249189fb2eea9d8449196c09cc171a8cf3bac88,2017-11-01T20:39:59.000Z,0.00002081,0xcf2c609caf69e12c85d9b94a7743c33bf5c4c52e,sell,0x27dce1ec4d3f72c3e457cc50354f1f975ddef488,0xf2db6feed97418e20340b1ea512ef676cc038075adad8ee49be26e800cad010e
38,44444,0.92487964,0x2249189fb2eea9d8449196c09cc171a8cf3bac88,2017-11-01T20:33:03.000Z,0.00002081,0xcf2c609caf69e12c85d9b94a7743c33bf5c4c52e,sell,0x27dce1ec4d3f72c3e457cc50354f1f975ddef488,0x14c1ea48a4d0953ce4f02c054541eceb5866dac2137f119d2e90e7b556422fca
39,15000,0.312,0x10301732409611b613f957ffb261a3eeb49ca272,2017-11-01T20:33:03.000Z,0.0000208,0xcf2c609caf69e12c85d9b94a7743c33bf5c4c52e,sell,0x27dce1ec4d3f72c3e457cc50354f1f975ddef488,0xad2f2ea157d55cfe5f91eaa40674eb065c767bfca37e1fa2e6571eb3e3b01c1b
40,5912,0.12994576,0x39b421eaf279c35f69afb85c8762d1d7a3511c98,2017-11-01T20:03:34.000Z,0.00002198,0xedb182bd13948eb26c824fc9f9f13d89c7a14d48,buy,0x27dce1ec4d3f72c3e457cc50354f1f975ddef488,0x72f44f82b3f9ff5e37e147f23f5009a13f984329c3c2683cf5991376f0a2346b
41,3042.94786162,0.0630194502141502,0x2249189fb2eea9d8449196c09cc171a8cf3bac88,2017-11-01T19:10:28.000Z,0.00002071,0x3b985dcb066a8e69eb25c2e1ade62579266f6717,sell,0x27dce1ec4d3f72c3e457cc50354f1f975ddef488,0x2fc0ab7c23591a3c983409fbfe2df90e2c8a4d1223f32374decaf58380297168
42,30000,0.60045,0xc4c3f11db23126544b4bc14ab6a3e44abe90401e,2017-11-01T18:47:25.000Z,0.000020015,0xcf2c609caf69e12c85d9b94a7743c33bf5c4c52e,sell,0x27dce1ec4d3f72c3e457cc50354f1f975ddef488,0xd887dc687638da56048ee3232868d68e34de68f90f30d31530ab5d09db242275
43,15000,0.30015,0x19f6f3fde45f62e76633dc88cd42e37069211219,2017-11-01T18:47:25.000Z,0.00002001,0xcf2c609caf69e12c85d9b94a7743c33bf5c4c52e,sell,0x27dce1ec4d3f72c3e457cc50354f1f975ddef488,0xe4afa06a84b57e8264c559e8fdf14078e58a1251f7343d06bdd3c2ab4bda0497
44,10671.42251892,0.21514654940394612,0xdf80e9f114eac2216e999ccbcbb353b6a61347d6,2017-11-01T18:47:15.000Z,0.000020161,0xcf2c609caf69e12c85d9b94a7743c33bf5c4c52e,sell,0x27dce1ec4d3f72c3e457cc50354f1f975ddef488,0xffe99eac430173c38fc6f19cebf42361de750de82bf7aa52bc1808d3e82bcecf
45,13500,0.2727,0xb28b10bf5b3ff267421ab9797d2c06e2164b5e6b,2017-11-01T18:47:12.000Z,0.0000202,0xcf2c609caf69e12c85d9b94a7743c33bf5c4c52e,sell,0x27dce1ec4d3f72c3e457cc50354f1f975ddef488,0x00cdc0bc850c2357a20881081a4bc2979535eb3d35831b6a8945563324c4b121
46,80000,1.6168,0x3dee4a4e076e8d82859d241db0baf46f112cfa23,2017-11-01T18:40:29.000Z,0.00002021,0xcf2c609caf69e12c85d9b94a7743c33bf5c4c52e,sell,0x27dce1ec4d3f72c3e457cc50354f1f975ddef488,0xe8340e75f75a759df6a8bdad13339e9f5affbcf5d6310cdaa2e984c7c2375917
47,10767.085,0.222975563265,0xa9e60f3c758cc407d90438d2bc49314db4b01f1e,2017-11-01T18:40:21.000Z,0.000020709,0xcf2c609caf69e12c85d9b94a7743c33bf5c4c52e,sell,0x27dce1ec4d3f72c3e457cc50354f1f975ddef488,0xa1466b15d198172ec682c3098a3eaa7182e25aa702d03046d3d2ec215f31b3ab
48,30000,0.62127,0x718d586f77072e14639fde0be273bbab64939458,2017-11-01T18:40:21.000Z,0.000020709,0xcf2c609caf69e12c85d9b94a7743c33bf5c4c52e,sell,0x27dce1ec4d3f72c3e457cc50354f1f975ddef488,0x97239947a7faf8045618df7be2f0a97e590195fe6d357f8c4028a5f4148693c0
49,11277,0.23354667,0x2249189fb2eea9d8449196c09cc171a8cf3bac88,2017-11-01T18:39:52.000Z,0.00002071,0xcf2c609caf69e12c85d9b94a7743c33bf5c4c52e,sell,0x27dce1ec4d3f72c3e457cc50354f1f975ddef488,0x851a4493e2fe6c0c1c48c9f07e740e63b36d83ba8c13020bf7e700b058ad3d56
50,12661,0.265881,0x2249189fb2eea9d8449196c09cc171a8cf3bac88,2017-11-01T16:57:30.000Z,0.000021,0x7e31b7678c136fb97245f1836e01fb2afcd126ed,buy,0x27dce1ec4d3f72c3e457cc50354f1f975ddef488,0xa2fa3b511ac2a90930fbbeb4c99dcc4be20a1001996374da0783dadc370a426e
51,5462.91496361,0.1131315059813995,0xa9e60f3c758cc407d90438d2bc49314db4b01f1e,2017-11-01T16:37:34.000Z,0.000020709,0x6bce2148d03e4ce04bc802c423756a72851a44b4,sell,0x27dce1ec4d3f72c3e457cc50354f1f975ddef488,0x06ca9703bc35e58844207a3eab42dfff6aee801fdd62f7af457d540fb1d84e76
52,0.53272669,0.00001273163526437,0x0cee9942a8dc4aa6f594d680f6b9654f02ab62d1,2017-11-01T16:21:54.000Z,0.00002389900018782614,0xbcce870909b3dbbe28f744f69b080dbdeeb7748a,buy,0x27dce1ec4d3f72c3e457cc50354f1f975ddef488,0x61fa4aaa28a8d922122c5e0029d29841805da834826b89750504fdaad37a182b
53,0.00430028,0.000000089015796,0xf0b6feeaff52411c0b9a750f41aaafbf288f4375,2017-11-01T15:09:07.000Z,0.0000207,0x0c498ba71b8e620e998b7cd020a86c1e3c6e3e32,sell,0x27dce1ec4d3f72c3e457cc50354f1f975ddef488,0x5974f87b5b4be2083d7ec12217668b8a0501b31dd3163a3e861a73cd86956b80
54,43.13614139,0.000892918126773,0xf0b6feeaff52411c0b9a750f41aaafbf288f4375,2017-11-01T15:07:21.000Z,0.0000207,0x0c498ba71b8e620e998b7cd020a86c1e3c6e3e32,sell,0x27dce1ec4d3f72c3e457cc50354f1f975ddef488,0x42169208c39b8e52ee448ba19e2e3971ff06bef7fa5a5eaab4fb21740f9ab08e
55,432698.63423387,7.269337055129016,0x1eaa18a0e964d346f2b5182be3f97d7aab5145b9,2017-11-01T15:05:17.000Z,0.0000168,0x0c498ba71b8e620e998b7cd020a86c1e3c6e3e32,sell,0x27dce1ec4d3f72c3e457cc50354f1f975ddef488,0xd05e6029010cd14e043324f6c0ce94309c4c1cd9dba48e07cafce4212ccf9b4a
56,150000,3,0xcfd5d60e0f447636f1643cd9b7a9547062cb0863,2017-11-01T15:03:53.000Z,0.00002,0x0c498ba71b8e620e998b7cd020a86c1e3c6e3e32,sell,0x27dce1ec4d3f72c3e457cc50354f1f975ddef488,0xfc1b9279dcddd4268ff4b294d17d8a6dbd9bbe58cb1a907c721431a831b2b6bf
57,100000,2.05,0x35aa8680b1ca1cc4256e618475f84f71ad161b52,2017-11-01T15:03:53.000Z,0.0000205,0x0c498ba71b8e620e998b7cd020a86c1e3c6e3e32,sell,0x27dce1ec4d3f72c3e457cc50354f1f975ddef488,0x3896a8b31bce0837cda6403ebc9a67c1931f09634b52e646421dd513875c9c79
58,50000,1.0255,0xcfd5d60e0f447636f1643cd9b7a9547062cb0863,2017-11-01T15:03:36.000Z,0.00002051,0x0c498ba71b8e620e998b7cd020a86c1e3c6e3e32,sell,0x27dce1ec4d3f72c3e457cc50354f1f975ddef488,0x534d66bb5819433ce865ab3f31ed0dbcc2d3c98133f1312758ea14d0a0757edb
59,20000,0.412,0x3816bb5ddc640c455fe1057b4af65b2a3860dd5f,2017-11-01T15:03:24.000Z,0.0000206,0x0c498ba71b8e620e998b7cd020a86c1e3c6e3e32,sell,0x27dce1ec4d3f72c3e457cc50354f1f975ddef488,0xbdaaea39c4ce581cd5fc5e34f9a7df74d2337baf651795997dd8901941ff8128
60,0.1927403,0.00000398972421,0xf0b6feeaff52411c0b9a750f41aaafbf288f4375,2017-11-01T13:44:33.000Z,0.0000207,0xcb57b71b80a8bc545562c556d0e8c3de35ec165a,sell,0x27dce1ec4d3f72c3e457cc50354f1f975ddef488,0x0cb0a7f8e71bf7d11099051d903bc1850fbf0488043069a80dfc652ad7f5d0f7
61,109995.401,2.2769048007,0x46dc6b56513ae75026900e7fd27aaf835cd0163a,2017-11-01T12:33:48.000Z,0.0000207,0xc6a23e09e71db012b90c65b948830525128a12d2,buy,0x27dce1ec4d3f72c3e457cc50354f1f975ddef488,0x991a399c8534debc5e9032ea2591bf4fa824b50e227ddd93afec07d6f3e09425
62,0.00001373,0.000000000284211,0xf0b6feeaff52411c0b9a750f41aaafbf288f4375,2017-11-01T11:32:55.000Z,0.0000207,0xd3e6fb404bfeeafee9e6958ef4e4eae541a23354,sell,0x27dce1ec4d3f72c3e457cc50354f1f975ddef488,0x3d1c0e6de61513f217297d46e73da2dedd629943b2e6700f2f6c4b17b001f44d
63,0.13764528,0.000002849257296,0xf0b6feeaff52411c0b9a750f41aaafbf288f4375,2017-11-01T11:31:36.000Z,0.0000207,0xd3e6fb404bfeeafee9e6958ef4e4eae541a23354,sell,0x27dce1ec4d3f72c3e457cc50354f1f975ddef488,0xebc20e3b2e1114021d935c2f4c42f19181345d820a7fc6b4691a99757985579c
64,1380.71976871,0.028580899212297,0xf0b6feeaff52411c0b9a750f41aaafbf288f4375,2017-11-01T11:29:35.000Z,0.0000207,0xd3e6fb404bfeeafee9e6958ef4e4eae541a23354,sell,0x27dce1ec4d3f72c3e457cc50354f1f975ddef488,0x53ea7982d2348c001af78322ee613f62e7526285fa14177e51882bbd695505bd
65,5000,0.12099,0x79d9bc5f52b9cebb987ec513e65d66da44946e54,2017-11-01T10:54:26.000Z,0.000024198,0xd3e6fb404bfeeafee9e6958ef4e4eae541a23354,sell,0x27dce1ec4d3f72c3e457cc50354f1f975ddef488,0x3616815539b32d64dd28e2cc5e2b55e39dd571285eb0455fbfdc0e9aa11c7d67
66,5000,0.12099,0x79d9bc5f52b9cebb987ec513e65d66da44946e54,2017-11-01T10:53:42.000Z,0.000024198,0xb67a08fcfa0bd36216d912e58cb92b00cc9a5fed,buy,0x27dce1ec4d3f72c3e457cc50354f1f975ddef488,0xa135ecc2a42ca16146a1fd8342317049176175cfaff9bcaadbe1cdfa4d140f40
67,500,0.012099,0xb85d14ab22a69276e57f24130ce4215e5ffe7dc0,2017-11-01T09:47:53.000Z,0.000024198,0xb67a08fcfa0bd36216d912e58cb92b00cc9a5fed,buy,0x27dce1ec4d3f72c3e457cc50354f1f975ddef488,0x7fcbb7adbb229c47af2462e3eca55e44caeedde0a580cb96222b3502c6b20267
68,5250,0.130725,0x2796d9139f6d44f3294f9bd5fa135348c786adb9,2017-11-01T05:20:38.000Z,0.0000249,0x16e9d38a9f4ee63385990f1a663b54f7aec14517,buy,0x27dce1ec4d3f72c3e457cc50354f1f975ddef488,0xebb469d5437d7bb2fe3a7f9bc6f3564fe7e93b1c1452f7af34001541eeba4519
69,5947.06507486,0.1226284818436132,0xff6cdae49ee78190bda0980ea478ed5a279da4f7,2017-11-01T03:54:12.000Z,0.00002062,0x009a12d4290630bc01fd82516ac57c1dc6a9bcfb,sell,0x27dce1ec4d3f72c3e457cc50354f1f975ddef488,0x05a9a99d96051f964456e8100d32a90ed8e61159ce570183d4b44348d262badf
70,20000,0.412402,0xbcce870909b3dbbe28f744f69b080dbdeeb7748a,2017-11-01T03:52:17.000Z,0.0000206201,0x009a12d4290630bc01fd82516ac57c1dc6a9bcfb,sell,0x27dce1ec4d3f72c3e457cc50354f1f975ddef488,0x8a0cbae512448f09975c9091320fa872105fbd0a7173535b30d93b1b01a58ae1
71,38287.78665934,0.9571946664835,0xd56e286c06dc71000e85cf3d70c6c9165b631667,2017-11-01T03:48:44.000Z,0.000025,0x16e9d38a9f4ee63385990f1a663b54f7aec14517,sell,0x27dce1ec4d3f72c3e457cc50354f1f975ddef488,0xb09f2083075b24e3056e00e6db58d661b94aff2326818b7016eeddac4e2ffd27
72,55832.50249252,1.395812562313,0xd56e286c06dc71000e85cf3d70c6c9165b631667,2017-11-01T03:47:31.000Z,0.000025,0x0cd2795a623adeb9370e2895e8d7526a6e4c556d,sell,0x27dce1ec4d3f72c3e457cc50354f1f975ddef488,0xc70d640630050cad2a8929539b06e8c10704a006d73eaa48f93cddbecab92b64
73,3747.42701014,0.0936856752535,0xd56e286c06dc71000e85cf3d70c6c9165b631667,2017-11-01T03:47:31.000Z,0.000025,0xf44072eda87ede9613b6ae1b812de8a60ade27a2,sell,0x27dce1ec4d3f72c3e457cc50354f1f975ddef488,0x52c29d8f04c619237ccb6d460547398b21af94fe3195e534c97d461818310df6
74,3014.4295,0.0753607375,0xd56e286c06dc71000e85cf3d70c6c9165b631667,2017-11-01T03:47:31.000Z,0.000025,0xf44072eda87ede9613b6ae1b812de8a60ade27a2,sell,0x27dce1ec4d3f72c3e457cc50354f1f975ddef488,0x468e7beb01d4d932bed4429b7ae8dfbdf77e1d892535056f414ac98a74374418
75,50000,1.245,0x0cd2795a623adeb9370e2895e8d7526a6e4c556d,2017-11-01T03:47:31.000Z,0.0000249,0x16e9d38a9f4ee63385990f1a663b54f7aec14517,buy,0x27dce1ec4d3f72c3e457cc50354f1f975ddef488,0xc70d640630050cad2a8929539b06e8c10704a006d73eaa48f93cddbecab92b64
76,3023.5,0.07407575,0xf44072eda87ede9613b6ae1b812de8a60ade27a2,2017-11-01T03:47:31.000Z,0.0000245,0x870964902e694a613e109fd539990c60f2c45569,buy,0x27dce1ec4d3f72c3e457cc50354f1f975ddef488,0x468e7beb01d4d932bed4429b7ae8dfbdf77e1d892535056f414ac98a74374418
77,3758.7031195,0.0917123561158,0xf44072eda87ede9613b6ae1b812de8a60ade27a2,2017-11-01T03:47:31.000Z,0.0000244,0x22a7036b3cc0356c43387a364bbbe4670762ffdc,buy,0x27dce1ec4d3f72c3e457cc50354f1f975ddef488,0x52c29d8f04c619237ccb6d460547398b21af94fe3195e534c97d461818310df6
78,6000,0.1431,0x0cd2795a623adeb9370e2895e8d7526a6e4c556d,2017-11-01T03:47:31.000Z,0.00002385,0xf0b6feeaff52411c0b9a750f41aaafbf288f4375,buy,0x27dce1ec4d3f72c3e457cc50354f1f975ddef488,0xc70d640630050cad2a8929539b06e8c10704a006d73eaa48f93cddbecab92b64
79,44865,1.121625,0xd56e286c06dc71000e85cf3d70c6c9165b631667,2017-11-01T03:47:11.000Z,0.000025,0x273a5d3e6721b9f5c1a6474f560c1334c63dda01,sell,0x27dce1ec4d3f72c3e457cc50354f1f975ddef488,0xf66195ec27db9421eda50f518a5913a79bb3c94c80ec847c0a831181760700bc
80,4552.854338,0.11382135845,0xd56e286c06dc71000e85cf3d70c6c9165b631667,2017-11-01T03:47:11.000Z,0.000025,0x273a5d3e6721b9f5c1a6474f560c1334c63dda01,sell,0x27dce1ec4d3f72c3e457cc50354f1f975ddef488,0x70aadd58bb4beb1a3d5c1cda87fabcd56e4cb8b48b518f538ef3ddc71cc4aa43
81,50000,1.22,0x273a5d3e6721b9f5c1a6474f560c1334c63dda01,2017-11-01T03:47:11.000Z,0.0000244,0x16e9d38a9f4ee63385990f1a663b54f7aec14517,buy,0x27dce1ec4d3f72c3e457cc50354f1f975ddef488,0xc41d43ea8d6c8ae600b48e72e6cd77ddfb1941e3c0ed669579ee86ba320189ed
82,49850,1.24625,0xd56e286c06dc71000e85cf3d70c6c9165b631667,2017-11-01T03:47:11.000Z,0.000025,0x273a5d3e6721b9f5c1a6474f560c1334c63dda01,sell,0x27dce1ec4d3f72c3e457cc50354f1f975ddef488,0xc41d43ea8d6c8ae600b48e72e6cd77ddfb1941e3c0ed669579ee86ba320189ed
83,49850,1.24625,0xd56e286c06dc71000e85cf3d70c6c9165b631667,2017-11-01T03:47:11.000Z,0.000025,0x273a5d3e6721b9f5c1a6474f560c1334c63dda01,sell,0x27dce1ec4d3f72c3e457cc50354f1f975ddef488,0xe7a66442af4e9b1c5eb5448d73017797c8ee66f79f49e10471c8c7a8e6cdc5c9
84,4566.554,0.10009886368,0x273a5d3e6721b9f5c1a6474f560c1334c63dda01,2017-11-01T03:47:11.000Z,0.00002192,0xfd2418617b08030afb197f64ec6325673b539f7c,buy,0x27dce1ec4d3f72c3e457cc50354f1f975ddef488,0x70aadd58bb4beb1a3d5c1cda87fabcd56e4cb8b48b518f538ef3ddc71cc4aa43
85,50000,1.192,0x273a5d3e6721b9f5c1a6474f560c1334c63dda01,2017-11-01T03:47:11.000Z,0.00002384,0x16e9d38a9f4ee63385990f1a663b54f7aec14517,buy,0x27dce1ec4d3f72c3e457cc50354f1f975ddef488,0xe7a66442af4e9b1c5eb5448d73017797c8ee66f79f49e10471c8c7a8e6cdc5c9
86,45000,1.07235,0x273a5d3e6721b9f5c1a6474f560c1334c63dda01,2017-11-01T03:47:11.000Z,0.00002383,0x5dd5b6a3139e8e69677d6b678f6a48987c25c890,buy,0x27dce1ec4d3f72c3e457cc50354f1f975ddef488,0xf66195ec27db9421eda50f518a5913a79bb3c94c80ec847c0a831181760700bc
87,26025.50071601,0.5365156972605462,0x009a12d4290630bc01fd82516ac57c1dc6a9bcfb,2017-10-31T23:29:04.000Z,0.000020615,0x44525d0e03fedd63445fa53c9aed398ce9df5f06,sell,0x27dce1ec4d3f72c3e457cc50354f1f975ddef488,0x4f69c8222e535cfb43b6c7a05d6990771ffe15c5ee8dbe7235f9ccead9fff49a
88,6558.61529259,0.135763336556613,0xf0b6feeaff52411c0b9a750f41aaafbf288f4375,2017-10-31T22:34:16.000Z,0.0000207,0x31c8a47c2b84ad46162316d1c82f6e226ab1a80b,sell,0x27dce1ec4d3f72c3e457cc50354f1f975ddef488,0x5d44103389a88297fb58a055f0d2a36f9e3b46fbc08df13585d5503d2463dca8
89,4.7,0.00009729,0xf0b6feeaff52411c0b9a750f41aaafbf288f4375,2017-10-31T18:57:18.000Z,0.0000207,0xc7228e4792323f13cc5e6894fd432e34d4712207,sell,0x27dce1ec4d3f72c3e457cc50354f1f975ddef488,0x9365f868631480330f4e100bc40e286fc34c316a937246f11d15cbfb091c424f
90,47901.20626059,0.9874833670620629,0x009a12d4290630bc01fd82516ac57c1dc6a9bcfb,2017-10-31T18:56:31.000Z,0.000020615,0xc7228e4792323f13cc5e6894fd432e34d4712207,sell,0x27dce1ec4d3f72c3e457cc50354f1f975ddef488,0xa49949c2c9028cd878dc8c7f55367e87240d3ae84c3c9549eaffc8b5516d5dfd
91,11100,0.2297811,0xb49fda420b9ce7334c6446af26f06225cbecb401,2017-10-31T18:54:43.000Z,0.000020701,0xc7228e4792323f13cc5e6894fd432e34d4712207,sell,0x27dce1ec4d3f72c3e457cc50354f1f975ddef488,0x56c7ea9ccb5c46873b18b7000ed8701bc44186477564208d0f411d1d2c24963c
92,13822.35317226,0.3518479999998783,0x1804111464a198d8b0450bdbf7cb9fd65a903baf,2017-10-31T16:36:43.000Z,0.000025455,0xc9d56287b414e1aa0963016aa721b527f095fd9c,sell,0x27dce1ec4d3f72c3e457cc50354f1f975ddef488,0x7abbf6b6e274a8b222ef596b75f9e72a6a9ee04deb4ae88c921c312471f69b75
93,13863.82023177,0.331345303539303,0xc9d56287b414e1aa0963016aa721b527f095fd9c,2017-10-31T16:36:43.000Z,0.0000239,0x44525d0e03fedd63445fa53c9aed398ce9df5f06,buy,0x27dce1ec4d3f72c3e457cc50354f1f975ddef488,0x7abbf6b6e274a8b222ef596b75f9e72a6a9ee04deb4ae88c921c312471f69b75
94,6699.9800618,0.13868958727926,0xf0b6feeaff52411c0b9a750f41aaafbf288f4375,2017-10-31T16:34:40.000Z,0.0000207,0xab2ff6299c8911775133360a21a7b69ded2075e0,sell,0x27dce1ec4d3f72c3e457cc50354f1f975ddef488,0xe9891a04725149c7d46b9a5e074c4a510ff82e37b3f13a6954d90a12ed39c841
95,9750,0.205725,0xa41baaef0bc1f4792da5fa2e32b23cba5c47dafe,2017-10-31T16:32:30.000Z,0.0000211,0xab2ff6299c8911775133360a21a7b69ded2075e0,sell,0x27dce1ec4d3f72c3e457cc50354f1f975ddef488,0x3f30704481e67906791263710bf126ae6306c480e37fabfa4740d4c6e3db6134
96,10000,0.239,0x06afb5bdc4a7ff2ece29bfe30a2e1ea139c84275,2017-10-31T16:24:46.000Z,0.0000239,0x44525d0e03fedd63445fa53c9aed398ce9df5f06,sell,0x27dce1ec4d3f72c3e457cc50354f1f975ddef488,0x58d88a5fa7d30c9fe3e417c6f996e90028e7576eb7c83b89bc48389bfb1ff5bb
97,2169.99999999,0.050775829999766015,0xf44072eda87ede9613b6ae1b812de8a60ade27a2,2017-10-31T14:59:37.000Z,0.000023399,0xb49fda420b9ce7334c6446af26f06225cbecb401,buy,0x27dce1ec4d3f72c3e457cc50354f1f975ddef488,0x5ca0ebe4a3bad37b91827a106f53068a2857f918a3c153aeaa169429e6a9c9ad
98,2163.48999999,0.052356457999758,0xa41baaef0bc1f4792da5fa2e32b23cba5c47dafe,2017-10-31T14:59:37.000Z,0.0000242,0xf44072eda87ede9613b6ae1b812de8a60ade27a2,sell,0x27dce1ec4d3f72c3e457cc50354f1f975ddef488,0x5ca0ebe4a3bad37b91827a106f53068a2857f918a3c153aeaa169429e6a9c9ad
99,4985,0.120637,0xa41baaef0bc1f4792da5fa2e32b23cba5c47dafe,2017-10-31T14:59:29.000Z,0.0000242,0x273a5d3e6721b9f5c1a6474f560c1334c63dda01,sell,0x27dce1ec4d3f72c3e457cc50354f1f975ddef488,0x900ecb23fc5a2be87cd089815dad55efe5c9eb0a46cd52ef9bcf15743a5c547f
100,5000,0.115,0x273a5d3e6721b9f5c1a6474f560c1334c63dda01,2017-10-31T14:59:29.000Z,0.000023,0xf0b6feeaff52411c0b9a750f41aaafbf288f4375,buy,0x27dce1ec4d3f72c3e457cc50354f1f975ddef488,0x900ecb23fc5a2be87cd089815dad55efe5c9eb0a46cd52ef9bcf15743a5c547f
101,7800,0.1825122,0xf44072eda87ede9613b6ae1b812de8a60ade27a2,2017-10-31T14:59:29.000Z,0.000023399,0xb49fda420b9ce7334c6446af26f06225cbecb401,buy,0x27dce1ec4d3f72c3e457cc50354f1f975ddef488,0x9ab2c7b0bcae9bb13dce68c19aef6be4646bdc7b68d9e42083611e9231d67c28
102,7776.6,0.18741606,0xa41baaef0bc1f4792da5fa2e32b23cba5c47dafe,2017-10-31T14:59:29.000Z,0.0000241,0xf44072eda87ede9613b6ae1b812de8a60ade27a2,sell,0x27dce1ec4d3f72c3e457cc50354f1f975ddef488,0x9ab2c7b0bcae9bb13dce68c19aef6be4646bdc7b68d9e42083611e9231d67c28
103,26816.86771009,0.541700727743818,0x3dee4a4e076e8d82859d241db0baf46f112cfa23,2017-10-31T14:36:23.000Z,0.0000202,0x50a72df43b0121a9a81219727064e5e71b702ad1,sell,0x27dce1ec4d3f72c3e457cc50354f1f975ddef488,0x72561b54fd6d6d5beafbc33cf6f06ed4bc424564f2e05f49c29e7e2315f1fd93
104,5582.73153225,0.11277117695145,0x3dee4a4e076e8d82859d241db0baf46f112cfa23,2017-10-31T14:35:41.000Z,0.0000202,0xac00f6b3fb1f653ae92589f6d40e8473ec8d3a1b,sell,0x27dce1ec4d3f72c3e457cc50354f1f975ddef488,0xa2f63a6f650c6fe372d21470bc0349b089ec74457e126da174449943c4925efb
105,5000,0.10081,0x3dee4a4e076e8d82859d241db0baf46f112cfa23,2017-10-31T14:14:42.000Z,0.000020162,0x2796d9139f6d44f3294f9bd5fa135348c786adb9,sell,0x27dce1ec4d3f72c3e457cc50354f1f975ddef488,0xc1e7cfc6089f4b3fbd0bcf53774895bdf1918c787a41f256b001a96a0dd6c824
106,40800.52026766,0.8225384885960256,0xdf80e9f114eac2216e999ccbcbb353b6a61347d6,2017-10-31T14:01:36.000Z,0.00002016,0xaa0fb1121e99e55a2b9c4f75f184525a7236dbd7,sell,0x27dce1ec4d3f72c3e457cc50354f1f975ddef488,0x8a0bc3721197fb429e6fe5ca98e38f626a1b80a804f1f440227fb8c96524e9bb
107,4900,0.0987448,0xba8acabc6da3b8c87c914aeecf9c11ab088d47d2,2017-10-31T13:59:09.000Z,0.000020152,0xaa0fb1121e99e55a2b9c4f75f184525a7236dbd7,sell,0x27dce1ec4d3f72c3e457cc50354f1f975ddef488,0x2ea0b01fcb73be2def722bcb979408b20b3cef19a57152f1c1440a8db5d334ba
108,162070.30083782,3.265716561882073,0x009a12d4290630bc01fd82516ac57c1dc6a9bcfb,2017-10-31T13:57:03.000Z,0.00002015,0x067018bacb704d9fb774fd00572d8eddb4adbbad,sell,0x27dce1ec4d3f72c3e457cc50354f1f975ddef488,0x424721157f51e9dd31506938b83b19e03896b340979004818f076835c6c5605d
109,1046.75505931,0.02109316120015581,0x3dee4a4e076e8d82859d241db0baf46f112cfa23,2017-10-31T13:36:07.000Z,0.000020151,0x4cc2fa038e2ffc190dd188dab64d7ff997744daa,sell,0x27dce1ec4d3f72c3e457cc50354f1f975ddef488,0xed68bf4cc1b9a8d6bae32c007748e51e56e48b2e39a77c28ea68342730e3dea5
110,250000,5.0265,0xd3e0af2fd0be2b6148916ab295d365c8f6fea179,2017-10-31T12:44:41.000Z,0.000020106,0x067018bacb704d9fb774fd00572d8eddb4adbbad,sell,0x27dce1ec4d3f72c3e457cc50354f1f975ddef488,0x254459ae7d493804af598e960f42793b23fc31e48a903e4b1dff6b657ae1cf63
111,5000,0.1035,0xf0b6feeaff52411c0b9a750f41aaafbf288f4375,2017-10-31T12:39:54.000Z,0.0000207,0x067018bacb704d9fb774fd00572d8eddb4adbbad,sell,0x27dce1ec4d3f72c3e457cc50354f1f975ddef488,0xacd5889571b8a6b38465ab7a3c5a9c101f1f8f6a251c471b116b850034d632b8
112,29988.6,0.621063906,0x3dee4a4e076e8d82859d241db0baf46f112cfa23,2017-10-31T12:37:40.000Z,0.00002071,0x067018bacb704d9fb774fd00572d8eddb4adbbad,sell,0x27dce1ec4d3f72c3e457cc50354f1f975ddef488,0xd7acdacb68f9af733c3189828d3235a05e284d0f805cfa0937c8b2906cf1688c
113,2355,0.04877205,0xf732b16f5aee6cd2db5b30a7a3860764a48b19ff,2017-10-31T07:05:50.000Z,0.00002071,0x20a3eb708c6613e7e8edef518627a21ac7a7fa86,buy,0x27dce1ec4d3f72c3e457cc50354f1f975ddef488,0xd84cd8e9214727974799f1e7573c40202cfaa7a20f0ca2fcccc19843b28d50c8
114,11.39961695,0.0002360860670345,0x3dee4a4e076e8d82859d241db0baf46f112cfa23,2017-10-31T06:58:48.000Z,0.00002071,0x7f40bc91ee6e0abbdc8904d326bbcc18d958d1fe,sell,0x27dce1ec4d3f72c3e457cc50354f1f975ddef488,0xd6eda4262306bfdd41e1d8a4942fe99a596e679937fe7a264f88e7f07d96fd92
115,5500,0.121,0xca0372418745d5499eb5bdc99fda28153cffd205,2017-10-31T06:57:27.000Z,0.000022,0x7f40bc91ee6e0abbdc8904d326bbcc18d958d1fe,sell,0x27dce1ec4d3f72c3e457cc50354f1f975ddef488,0x68cafbb7fb613395eddcff447014c83ed5bfec2a8c84e63817b1daa0eef0857a
116,45841.70188049,1.11853752588417,0xaa0fb1121e99e55a2b9c4f75f184525a7236dbd7,2017-10-31T06:23:18.000Z,0.00002440000000000466,0x22a7036b3cc0356c43387a364bbbe4670762ffdc,buy,0x27dce1ec4d3f72c3e457cc50354f1f975ddef488,0x13a004ac92b52ffa876d376d7f1b26b1755dc7628c50277dfbe61c71769810ee
117,4950,0.121275,0x20a3f241563a350ff2aedc7a12278b7b7fce0e5d,2017-10-31T05:36:08.000Z,0.0000245,0x870964902e694a613e109fd539990c60f2c45569,buy,0x27dce1ec4d3f72c3e457cc50354f1f975ddef488,0x8aa9a5cada105bc54aec508de608328daa41fa3fc2aa0abecce25a35651c0e17
118,36652.78496346,0.848511971904099,0x39b2a69f5aae6c45445bddbc9346ea63e9b831b7,2017-10-31T04:10:29.000Z,0.00002315,0xfe64d55eda7da553e4baef666503ccb081ab3cd9,sell,0x27dce1ec4d3f72c3e457cc50354f1f975ddef488,0x51d90a28f49330c6d9401d90db340cb4015f3288ca000df75737aa1e2992e2a7
119,6276.72096999,0.1453060904552685,0x39b2a69f5aae6c45445bddbc9346ea63e9b831b7,2017-10-31T03:47:56.000Z,0.00002315,0xaf28654d78f657c274a7cf512a9d5fdaf416b14e,sell,0x27dce1ec4d3f72c3e457cc50354f1f975ddef488,0xfe2c0f1ec0c91b8a9afb67b5302e805d975fc97a779e49c6440c3dcb42be44a0
120,45784.065,1.0759255275,0x5da8365a7d67ec3d09d72bcea2cc4fa6f640d26c,2017-10-31T03:45:39.000Z,0.0000235,0xaf28654d78f657c274a7cf512a9d5fdaf416b14e,sell,0x27dce1ec4d3f72c3e457cc50354f1f975ddef488,0x2fab3657535194e92e89d700d0a3051b89210144c748f42ddddcd5fbe0a90896
121,18.159,0.0004267365,0x5da8365a7d67ec3d09d72bcea2cc4fa6f640d26c,2017-10-31T03:40:31.000Z,0.0000235,0xe444a40689f51f63bcd29910622035707d533d29,sell,0x27dce1ec4d3f72c3e457cc50354f1f975ddef488,0x5b6077d9ec30c1fde75756879f61636445ec9b510ea0c054540fd2dfd21db2a7
122,31188.10768839,0.7432126062143337,0xcd3e9d18582697123007e7dde20d518a372e085f,2017-10-31T03:29:18.000Z,0.00002383,0x16e9d38a9f4ee63385990f1a663b54f7aec14517,sell,0x27dce1ec4d3f72c3e457cc50354f1f975ddef488,0x999430dbed22e090aacd1bfd2b537147279994a97a21b0aed65df594290be202
123,233183.89231161,5.5567721537856665,0xcd3e9d18582697123007e7dde20d518a372e085f,2017-10-31T03:24:02.000Z,0.00002383,0x16e9d38a9f4ee63385990f1a663b54f7aec14517,sell,0x27dce1ec4d3f72c3e457cc50354f1f975ddef488,0xf48d65436d15f4540b09bc57a0691efaa3bbfc4a52cd22d5c1eae99b51be0196
124,6050.11235669,0.1441741774599227,0xf3abb5139a6206da6315352ad1255d8d70a21560,2017-10-31T02:01:17.000Z,0.00002383,0x9c78b263182816c5789838f6560ab32b7c372c12,sell,0x27dce1ec4d3f72c3e457cc50354f1f975ddef488,0xdaab05011571969d0999f189b626462dc0b7f5e25a8314156b8935b49ee2eb00
125,158455.765,3.644482595,0xfb79c4879f260e03ae60e5fed2493ee9594a4edc,2017-10-31T01:59:18.000Z,0.000023,0x9c78b263182816c5789838f6560ab32b7c372c12,sell,0x27dce1ec4d3f72c3e457cc50354f1f975ddef488,0x7a2d3ebba127622a2d3b6f2830f8fa2e4543d4c9422f0e8fa813cdb9c622ef42
126,29907.28740903,0.7126906589571849,0xf3abb5139a6206da6315352ad1255d8d70a21560,2017-10-31T01:14:49.000Z,0.00002383,0xb00548770ea87482f024cd4292a975fea72e8f01,sell,0x27dce1ec4d3f72c3e457cc50354f1f975ddef488,0x3d6483b33bc78c8688279b845877aca247fcbd6780589587f3bc442463266513
127,200,0.004766,0xf3abb5139a6206da6315352ad1255d8d70a21560,2017-10-31T00:45:21.000Z,0.00002383,0x4ea9c94c8b33ee7fa141c0d1fbc782b47ce22b13,sell,0x27dce1ec4d3f72c3e457cc50354f1f975ddef488,0xc6ca216f70775e542570752d838eec5a6dd861a8c6d88a67a6d8594509d41b67
128,5726.49287209,0.1364623251419047,0xf3abb5139a6206da6315352ad1255d8d70a21560,2017-10-30T23:57:29.000Z,0.00002383,0x37dc1a0b7b743abdc6922d3117cc6732dd8a5c96,sell,0x27dce1ec4d3f72c3e457cc50354f1f975ddef488,0x1d9da87a3838e6c0933edcbcfa9b968ae7172be8bba8dee9131c88a094cdbb77
129,9969.09580301,0.2375635529857283,0xf3abb5139a6206da6315352ad1255d8d70a21560,2017-10-30T23:27:31.000Z,0.00002383,0x346eb8847ec84aae1463b80163a097ad3b24514d,sell,0x27dce1ec4d3f72c3e457cc50354f1f975ddef488,0x3722646fb8278cb81619c3f06882281de1c3c13d18310d1cfaa82868da854753
130,41892.23840309,0.9982920411456347,0xf3abb5139a6206da6315352ad1255d8d70a21560,2017-10-30T23:09:27.000Z,0.00002383,0xabbb9f579d421a72301abffbfa85b7caa998f7bd,sell,0x27dce1ec4d3f72c3e457cc50354f1f975ddef488,0xcf9a5a7c0f119efeb9c883f927c5c3a83884748fe091421e01b8a632cc708095
131,4197.77570955,0.098647729174425,0x5da8365a7d67ec3d09d72bcea2cc4fa6f640d26c,2017-10-30T21:23:35.000Z,0.0000235,0x4cf150adbd95ed35bde9cf5dc5d51c9549f9efa3,sell,0x27dce1ec4d3f72c3e457cc50354f1f975ddef488,0x527d8886f7d6e8bb6317d4779728f9680d3d70ea307ad3b9f58b0a54c270c486
132,94.23453647,0.00216739433881,0xfb79c4879f260e03ae60e5fed2493ee9594a4edc,2017-10-30T20:06:09.000Z,0.000023,0xbc1845a864aa2a7ba7513bc6837ff7d66ec191c4,sell,0x27dce1ec4d3f72c3e457cc50354f1f975ddef488,0xf5df87c814a478eb07783ebe0f4f23947dc70923781d155bc578775c7e3b0da7
133,4070.49406655,0.0942319376406325,0x39b2a69f5aae6c45445bddbc9346ea63e9b831b7,2017-10-30T18:57:47.000Z,0.00002315,0xef62c4994156a2795e81de529add711eed3b0d88,sell,0x27dce1ec4d3f72c3e457cc50354f1f975ddef488,0x29d0ab483017ec2305e6270cebc1473305ad3c5402a56df84956feb3cca236fd
134,6890,0.1601925,0x139beda68f6bb64bd31f12c458e65363f4bed8ab,2017-10-30T18:45:00.000Z,0.00002325,0xee5a2149a3048957ba56421745462591c44d0ce7,sell,0x27dce1ec4d3f72c3e457cc50354f1f975ddef488,0xc122c519259887bc9498a6fd17a4570b9b0d4bdf0427ec407c4905cbc4497c5e
135,2322.0336946,0.0557288086704,0x423635c7499d19d2f293ab41afc626fd87f3cc95,2017-10-30T18:42:53.000Z,0.000024,0xee5a2149a3048957ba56421745462591c44d0ce7,sell,0x27dce1ec4d3f72c3e457cc50354f1f975ddef488,0xed4279c4fb4b1ca829a0a100f784a5fddda9f34b89ed3223d75b1e3c1f0b8224
136,7745,0.1882035,0xa41baaef0bc1f4792da5fa2e32b23cba5c47dafe,2017-10-30T18:41:01.000Z,0.0000243,0xee5a2149a3048957ba56421745462591c44d0ce7,sell,0x27dce1ec4d3f72c3e457cc50354f1f975ddef488,0x543842f3b5b2b7a62dd83841f7a2896944bbbdda634ee36bddfdd336d3f0bfa8
137,3451.4461195,0.0897375991072079,0x5f0b4a13988e310aa5c8a891ac46a4e5e7dd283e,2017-10-30T17:27:33.000Z,0.00002600000000006023,0xcf2c609caf69e12c85d9b94a7743c33bf5c4c52e,buy,0x27dce1ec4d3f72c3e457cc50354f1f975ddef488,0xbf5307a7cd980db2908bf8b1d658cc2a060c164ad9d45dd5de14efac76509ab4
138,1.1441354,0.0000274592496,0x423635c7499d19d2f293ab41afc626fd87f3cc95,2017-10-30T16:07:25.000Z,0.000024,0xba2b7c60111387f6253704f9edc6417c6a6c1429,sell,0x27dce1ec4d3f72c3e457cc50354f1f975ddef488,0xa84b9475aeb40cac203d717762ede3126dbc95da3710c2348dae79a670c1e235
139,11476.82217,0.27544373208,0x423635c7499d19d2f293ab41afc626fd87f3cc95,2017-10-30T16:03:59.000Z,0.000024,0xba2b7c60111387f6253704f9edc6417c6a6c1429,sell,0x27dce1ec4d3f72c3e457cc50354f1f975ddef488,0x0699a47f4c0a90ff0b3f158b2e0a055b86ff8df1a3732b9849edccc26082f349
140,4972.68163637,0.119841627436517,0xba8acabc6da3b8c87c914aeecf9c11ab088d47d2,2017-10-30T15:59:41.000Z,0.0000241,0xba2b7c60111387f6253704f9edc6417c6a6c1429,sell,0x27dce1ec4d3f72c3e457cc50354f1f975ddef488,0x53ac068aec13941a8c8d0df3b30f318526afcab65622a3cb253ca0758bd17748
141,103125,2.6296874999999895,0x6c723da0e2243be0d60a23801c00039b98ce35d6,2017-10-30T15:47:36.000Z,0.0000254999999999999,0x114fc2b00aaa1604379f70e0048194cf183d14da,buy,0x27dce1ec4d3f72c3e457cc50354f1f975ddef488,0x7ef4b7148050336d03378fad4759cdfb996a87798abe5176c549314debce71e6
142,87250,2.224875,0x6c723da0e2243be0d60a23801c00039b98ce35d6,2017-10-30T15:47:36.000Z,0.0000255,0x158c43de6d264f83e4c9ef858a835c8ea4362f3c,buy,0x27dce1ec4d3f72c3e457cc50354f1f975ddef488,0xc60bdbe623d0450c33e1e6b73b1e37cea61bcb427f56d2273f69cead0f529426
143,136163,3.4585402,0x6c723da0e2243be0d60a23801c00039b98ce35d6,2017-10-30T15:40:13.000Z,0.0000254,0x1eaa18a0e964d346f2b5182be3f97d7aab5145b9,buy,0x27dce1ec4d3f72c3e457cc50354f1f975ddef488,0x2af63edf19f5a90812c58a968d5fc2c6d8f683f5ff669b4441d41f28e8e61391
144,12500,0.31875,0xdb95ffc525554da455565b6f68c2c3b0b74e8a16,2017-10-30T15:10:34.000Z,0.0000255,0x158c43de6d264f83e4c9ef858a835c8ea4362f3c,buy,0x27dce1ec4d3f72c3e457cc50354f1f975ddef488,0x66cc1f4d5978cb251b4059b3e82833184d7c27f38be27c52f66c108b76c8f89d
145,27.31836363,0.000658372563483,0xba8acabc6da3b8c87c914aeecf9c11ab088d47d2,2017-10-30T14:25:46.000Z,0.0000241,0x8e9b1fbca8936a3bd82650f9f7e238530bc9b4dc,sell,0x27dce1ec4d3f72c3e457cc50354f1f975ddef488,0x297a1b1521a02ff7e2f979cd5d4291fc56e2c8169107097ca540c1756f4f19ed
146,274030.50543315,6.4040929119727155,0xfb79c4879f260e03ae60e5fed2493ee9594a4edc,2017-10-30T14:22:07.000Z,0.00002337,0x8e9b1fbca8936a3bd82650f9f7e238530bc9b4dc,sell,0x27dce1ec4d3f72c3e457cc50354f1f975ddef488,0xab1976c10d716de423bf497efaf5d7a33f845834f87a32121f9f02e5de16b667
147,1044625.99784718,26.324575145748938,0x492a88adeda2a1c6a5d6a91991fb54a1f3b02489,2017-10-30T14:11:59.000Z,0.0000252,0xcf2c609caf69e12c85d9b94a7743c33bf5c4c52e,sell,0x27dce1ec4d3f72c3e457cc50354f1f975ddef488,0x6b1567f42501bdbbe017bfae8989b67ef0602506be41058e001f115c4705c9b3
148,100,0.0025556,0xf18521dc5c211dc0ed6c85b034d4f46d456950bb,2017-10-30T14:00:42.000Z,0.000025556,0x0c4085d8e714ca77ac5f46cd2b80a92d238a7cd3,sell,0x27dce1ec4d3f72c3e457cc50354f1f975ddef488,0x5b0e0dd5452d487cdd95c365e1308dd2664d77ffce82d2ee502304d31978da3d
149,7824.31570784,0.1991679563430672,0x1804111464a198d8b0450bdbf7cb9fd65a903baf,2017-10-30T13:57:54.000Z,0.000025455,0x81c701fb2103dcbde6ffd7755397da9561ebfa8e,sell,0x27dce1ec4d3f72c3e457cc50354f1f975ddef488,0x08c355d3c4912cb6f3a4d61de1e31d35fe83834503247a1f1c49263c411058fe
150,1951.64988536,0.05074289701936,0xb4cfcb2b61bae99448176e1253a2916923cda0dc,2017-10-30T13:56:45.000Z,0.000026,0x81c701fb2103dcbde6ffd7755397da9561ebfa8e,sell,0x27dce1ec4d3f72c3e457cc50354f1f975ddef488,0xc3c46c2d6b32fa62bcc717b4e30e9014e2e06cbb4aa5732ffdeb7cf9338a7db5
151,8048.35011464,0.20925710298064,0xb4cfcb2b61bae99448176e1253a2916923cda0dc,2017-10-30T13:45:04.000Z,0.000026,0x4461c9e445efb0162c3b75fc9d1445dfca350ce9,sell,0x27dce1ec4d3f72c3e457cc50354f1f975ddef488,0x08876b6ad31e358eb8491153693cc732957ed856ec9577206b943105a77fbb71
152,20000,0.52,0xb4cfcb2b61bae99448176e1253a2916923cda0dc,2017-10-30T13:40:44.000Z,0.000026,0x16e9d38a9f4ee63385990f1a663b54f7aec14517,sell,0x27dce1ec4d3f72c3e457cc50354f1f975ddef488,0x967c23ec40491fe038c486344a342468a23ca1838f2878d7492bad1d26c8f929
153,41356.14702154,1.087666666666502,0xfb0f0495a3efac09a9d5a77ecbb83b116adb30c3,2017-10-30T13:27:59.000Z,0.0000263,0x16e9d38a9f4ee63385990f1a663b54f7aec14517,sell,0x27dce1ec4d3f72c3e457cc50354f1f975ddef488,0x424d0a13138aed9831145c22ba6e8e2f546f62f5b8de6b5d3c069cebb9af21f4
154,60.71468573,0.00155162450851588,0x0c4085d8e714ca77ac5f46cd2b80a92d238a7cd3,2017-10-30T13:18:47.000Z,0.000025556,0x0c4085d8e714ca77ac5f46cd2b80a92d238a7cd3,sell,0x27dce1ec4d3f72c3e457cc50354f1f975ddef488,0x260155f0b3756fbd54ea73926e26a0f4393a5d0711ee770efb2cd0aa9be97606
155,0.15556,0.00000397549136,0x0c4085d8e714ca77ac5f46cd2b80a92d238a7cd3,2017-10-30T13:12:53.000Z,0.000025556,0x0c4085d8e714ca77ac5f46cd2b80a92d238a7cd3,sell,0x27dce1ec4d3f72c3e457cc50354f1f975ddef488,0x6552cd594c2f7582caf40c6a17040cff9a01bd0b8d993a1d422d5338a732429c
156,39.12975427,0.00100000000012412,0x0c4085d8e714ca77ac5f46cd2b80a92d238a7cd3,2017-10-30T13:09:08.000Z,0.000025556,0x0c4085d8e714ca77ac5f46cd2b80a92d238a7cd3,sell,0x27dce1ec4d3f72c3e457cc50354f1f975ddef488,0xfbbf7f0543d610b32da14344b9fe29acbcf121309676d55744f5545e7f9867c5
157,23837.26702734,0.6269201228192602,0x3bb496bfb528e23208ab604ea169f6c40d9bac5c,2017-10-30T13:02:19.000Z,0.00002630000000000915,0x1eaa18a0e964d346f2b5182be3f97d7aab5145b9,buy,0x27dce1ec4d3f72c3e457cc50354f1f975ddef488,0xbaff3d1ceddb9235c0d79def4c1022c6453f856909555043056832cda93c41b8
158,38369,1.0129416,0x3bb496bfb528e23208ab604ea169f6c40d9bac5c,2017-10-30T13:00:53.000Z,0.0000264,0x6c775fcae5706874f10d2a0e4438a72fa5950e8e,buy,0x27dce1ec4d3f72c3e457cc50354f1f975ddef488,0x13863bbca31370139dae6f431e0bc4f3762d410f2e03c6a46324279429eea52a
159,40000,1.052,0x3bb496bfb528e23208ab604ea169f6c40d9bac5c,2017-10-30T12:59:48.000Z,0.0000263,0x1eaa18a0e964d346f2b5182be3f97d7aab5145b9,buy,0x27dce1ec4d3f72c3e457cc50354f1f975ddef488,0x81d3e2e6061431fd774c9d59ad67bd01d5030c2734374b8add1090001f18498c
160,0.25391087,0.00000646355510672,0xf18521dc5c211dc0ed6c85b034d4f46d456950bb,2017-10-30T12:22:01.000Z,0.000025456,0x0c4085d8e714ca77ac5f46cd2b80a92d238a7cd3,sell,0x27dce1ec4d3f72c3e457cc50354f1f975ddef488,0xee7944ff9b211f9e9e691f9d83192a103e33b22e805908e813520c246ef24bcf
161,0.25456,0.00000648007936,0xf18521dc5c211dc0ed6c85b034d4f46d456950bb,2017-10-30T12:18:07.000Z,0.000025456,0x0c4085d8e714ca77ac5f46cd2b80a92d238a7cd3,sell,0x27dce1ec4d3f72c3e457cc50354f1f975ddef488,0xd0063750412b206398670dd4d6311c58b176402b6a4dfc6a73483d32b8c58fbc
162,2.01204751,0.00005121666936705,0x1804111464a198d8b0450bdbf7cb9fd65a903baf,2017-10-30T11:59:17.000Z,0.000025455,0x0c4085d8e714ca77ac5f46cd2b80a92d238a7cd3,sell,0x27dce1ec4d3f72c3e457cc50354f1f975ddef488,0xc5cfe0303114e5666756c6403affc25b208794842ff6b33ce3a539d4ea6402aa
163,2.01204751,0.00005121666936705,0x1804111464a198d8b0450bdbf7cb9fd65a903baf,2017-10-30T11:55:03.000Z,0.000025455,0x0c4085d8e714ca77ac5f46cd2b80a92d238a7cd3,sell,0x27dce1ec4d3f72c3e457cc50354f1f975ddef488,0x46354d3f1e14606b90c2651090b6882ccb74ab9c2b650806f5f368ed40943e87
164,2.01204751,0.00005121666936705,0x1804111464a198d8b0450bdbf7cb9fd65a903baf,2017-10-30T11:50:15.000Z,0.000025455,0x0c4085d8e714ca77ac5f46cd2b80a92d238a7cd3,sell,0x27dce1ec4d3f72c3e457cc50354f1f975ddef488,0xa108240db6c695e68e00bce5adc5cbffe112d6f5d137f798f5749feb25c0da88
165,59.2076749,0.00150387494246,0x492a88adeda2a1c6a5d6a91991fb54a1f3b02489,2017-10-30T11:28:48.000Z,0.0000254,0xcbb38f20996b387ec562ffc46448d5e7c3d86020,sell,0x27dce1ec4d3f72c3e457cc50354f1f975ddef488,0x1e3b6629a2403523b0940aeb7449faf697688b6c749affedde4c6578e5e3041c
166,593912.18686649,15.085369546408845,0x492a88adeda2a1c6a5d6a91991fb54a1f3b02489,2017-10-30T11:27:26.000Z,0.0000254,0xcbb38f20996b387ec562ffc46448d5e7c3d86020,sell,0x27dce1ec4d3f72c3e457cc50354f1f975ddef488,0x8c2f85719b6003d3d481f50c93e413e25ee0b3ec35a7097845ac00cf23adcbbe
167,3636.725,0.09779153525,0xc0a6ecbc52feb37551fe46a062ea660a2ccec1cb,2017-10-30T11:24:56.000Z,0.00002689,0xcbb38f20996b387ec562ffc46448d5e7c3d86020,sell,0x27dce1ec4d3f72c3e457cc50354f1f975ddef488,0xb9f5bdf8c449529bbacea08782b695e5446f1a0ca115bf4a584c74bd8edf8bdc
168,200000,5.1,0x1eaa18a0e964d346f2b5182be3f97d7aab5145b9,2017-10-30T11:23:47.000Z,0.0000255,0xcbb38f20996b387ec562ffc46448d5e7c3d86020,sell,0x27dce1ec4d3f72c3e457cc50354f1f975ddef488,0x14390169871593f23f1cdd7fc631b53ddad23db7b40f3eaa27264312dbf87960
169,2396.27481577,0.0644358297960553,0xc0a6ecbc52feb37551fe46a062ea660a2ccec1cb,2017-10-30T11:23:35.000Z,0.00002689,0x36ac32b737afb8c3f35056fd8ea1e68cff54208f,sell,0x27dce1ec4d3f72c3e457cc50354f1f975ddef488,0xd694cb7f9b31ce5bdb280ba3033ccc4a5f6f9d5c0253cefaff7e951bf01df974
170,37.60812335,0.001,0x0c4085d8e714ca77ac5f46cd2b80a92d238a7cd3,2017-10-30T11:20:18.000Z,0.00002659000000328386,0x36ac32b737afb8c3f35056fd8ea1e68cff54208f,buy,0x27dce1ec4d3f72c3e457cc50354f1f975ddef488,0xf0e1c44c7c6e4fc12c46295bc8846f93f782f82b05fa7a944375433291dbf626
171,10999.99999999,0.292599999999734,0xd53955fa72ae2844f9add18bb455898af8e470f1,2017-10-30T11:05:26.000Z,0.0000266,0x1eaa18a0e964d346f2b5182be3f97d7aab5145b9,buy,0x27dce1ec4d3f72c3e457cc50354f1f975ddef488,0xc2f5e48b29988bc7d7cbbbabaa40130f863643e3024cead1d649e01bf66a0e43
172,10966.99999999,0.2949026299997311,0xc0a6ecbc52feb37551fe46a062ea660a2ccec1cb,2017-10-30T11:05:26.000Z,0.00002689,0xd53955fa72ae2844f9add18bb455898af8e470f1,sell,0x27dce1ec4d3f72c3e457cc50354f1f975ddef488,0xc2f5e48b29988bc7d7cbbbabaa40130f863643e3024cead1d649e01bf66a0e43
173,3000,0.0798,0x1d739d7ee5fe4c5cdc815a4023de117c928519e0,2017-10-30T09:08:48.000Z,0.0000266,0x1eaa18a0e964d346f2b5182be3f97d7aab5145b9,buy,0x27dce1ec4d3f72c3e457cc50354f1f975ddef488,0x934d57ff8af773bf652f720b34490c838a768e87c41babb7d8b058f3765ec992
174,75600,2.025324,0x44ad9cf67102b3c53051e6339d81511e2a3d9948,2017-10-30T08:55:14.000Z,0.00002679,0x16e9d38a9f4ee63385990f1a663b54f7aec14517,sell,0x27dce1ec4d3f72c3e457cc50354f1f975ddef488,0xbc709e9d8d6d8fb3711a9c6b70baa7f17f5a7930f55d7524f88ed8a39c8f910b
175,5692.36560968,0.144586086485872,0x492a88adeda2a1c6a5d6a91991fb54a1f3b02489,2017-10-30T07:41:47.000Z,0.0000254,0x9ca2c4e9d7c1ef97fb754d4c831025894659f9b6,sell,0x27dce1ec4d3f72c3e457cc50354f1f975ddef488,0x177b30fe2364ed8d9a4aa16bc716ffbe88e7ed351e1dbc0967c430a313d676ea
176,14000,0.3556,0x1eaa18a0e964d346f2b5182be3f97d7aab5145b9,2017-10-30T07:40:29.000Z,0.0000254,0xba8acabc6da3b8c87c914aeecf9c11ab088d47d2,buy,0x27dce1ec4d3f72c3e457cc50354f1f975ddef488,0x0157fc7af90cecb2ea81665c7028a90202ca3b042e146748f5b53521573a6767
177,1400,0.0357,0xcb136977732af806fb4debcf6cdf2ef454310e25,2017-10-30T07:31:30.000Z,0.0000255,0x9ca2c4e9d7c1ef97fb754d4c831025894659f9b6,sell,0x27dce1ec4d3f72c3e457cc50354f1f975ddef488,0x8e0b5224e6378aea262df446713a1ee12b8c553a0ecbb0cc8a62cf223238943d
178,137500,3.6849999998625,0x8dbd7b3258be2824df1b3f87430d508638408cc1,2017-10-30T07:10:38.000Z,0.000026799999999,0x114fc2b00aaa1604379f70e0048194cf183d14da,buy,0x27dce1ec4d3f72c3e457cc50354f1f975ddef488,0x6ed09ed5c112796efc127b4335de4b3663f2f860f4d6c5b07149462e88318d2d
179,135401,3.6287468,0x8dbd7b3258be2824df1b3f87430d508638408cc1,2017-10-30T07:10:38.000Z,0.0000268,0x1eaa18a0e964d346f2b5182be3f97d7aab5145b9,buy,0x27dce1ec4d3f72c3e457cc50354f1f975ddef488,0x23896bf51639328101862e9ae7372671d74b56bfecf8b831bcf91ddf93e0689a
180,19.87657422,0.000504864985188,0x492a88adeda2a1c6a5d6a91991fb54a1f3b02489,2017-10-30T06:27:49.000Z,0.0000254,0xbc360671093dfb7b55e8c8b9ef3cfd7f070c988a,sell,0x27dce1ec4d3f72c3e457cc50354f1f975ddef488,0xe2d6afd015761acd9f33374e3f869268bbbc5b0645e9782009dd3593d1db834a
181,199381.91606032,5.064300667932128,0x492a88adeda2a1c6a5d6a91991fb54a1f3b02489,2017-10-30T06:26:31.000Z,0.0000254,0xbc360671093dfb7b55e8c8b9ef3cfd7f070c988a,sell,0x27dce1ec4d3f72c3e457cc50354f1f975ddef488,0x8ad1ed46714f84e4b0e989e6f443bd40ed3ba0af9cca8beafc8e73b32ed01b42
182,6061.9359984,0.15397317435936,0x492a88adeda2a1c6a5d6a91991fb54a1f3b02489,2017-10-30T06:26:31.000Z,0.0000254,0xf829b9a860ae25e9a91d3635c7798f9fdff357db,sell,0x27dce1ec4d3f72c3e457cc50354f1f975ddef488,0x38569d31f552c8d2d6f51ba9db5e24342648eb247d4ef8ed17cd60f63fb666f2
183,16449.00807496,0.417804805103984,0x492a88adeda2a1c6a5d6a91991fb54a1f3b02489,2017-10-30T06:14:52.000Z,0.0000254,0x6fa40c609290b9a0ea83374932a2475ca445cebf,sell,0x27dce1ec4d3f72c3e457cc50354f1f975ddef488,0xfc2ea414376d238cd78e3d8140210477fbfe1a3817018eb2a7cd0a9124205373
184,42022.10420935,1.134596813652456,0xabbb9f579d421a72301abffbfa85b7caa998f7bd,2017-10-30T06:07:11.000Z,0.00002700000000000014,0x1eaa18a0e964d346f2b5182be3f97d7aab5145b9,buy,0x27dce1ec4d3f72c3e457cc50354f1f975ddef488,0xb1e985c848bb2a42561854f668229767ae241fd6ba2d2b10c7d3e48d087b8d0e
185,0.00099076,0.000000025165304,0x492a88adeda2a1c6a5d6a91991fb54a1f3b02489,2017-10-30T05:51:54.000Z,0.0000254,0xbc360671093dfb7b55e8c8b9ef3cfd7f070c988a,sell,0x27dce1ec4d3f72c3e457cc50354f1f975ddef488,0x6d1fabb60296b3e582afa1c13360e03f9616d7a6f87589353e420dd9e72e3ebb
186,9.93828711,0.000252432492594,0x492a88adeda2a1c6a5d6a91991fb54a1f3b02489,2017-10-30T05:51:03.000Z,0.0000254,0xbc360671093dfb7b55e8c8b9ef3cfd7f070c988a,sell,0x27dce1ec4d3f72c3e457cc50354f1f975ddef488,0xd598d1ba20db3498f8b4a24cb3e95e13f51fe52595bf69010f15dd233b2fadb9
187,99690.9580301,2.53215033396454,0x492a88adeda2a1c6a5d6a91991fb54a1f3b02489,2017-10-30T05:44:18.000Z,0.0000254,0xbc360671093dfb7b55e8c8b9ef3cfd7f070c988a,sell,0x27dce1ec4d3f72c3e457cc50354f1f975ddef488,0x3ac4e1eb64e729c4fee385852200d0a31fdba91979f1075da817f2d82c400dbd
188,16.028,0.0004071112,0xcb136977732af806fb4debcf6cdf2ef454310e25,2017-10-30T03:25:26.000Z,0.0000254,0x379374d13077e8867ef31803c37baf9785a17c00,sell,0x27dce1ec4d3f72c3e457cc50354f1f975ddef488,0xc03025677b70873d766ae1f032f8e002bb51d819785a2886f4ee892b5a517520
189,15.675,0.000398145,0xcb136977732af806fb4debcf6cdf2ef454310e25,2017-10-30T03:25:26.000Z,0.0000254,0x16e5d97bbc92417e051e3b2cabfbf8ceea2acb9c,sell,0x27dce1ec4d3f72c3e457cc50354f1f975ddef488,0xe5a23c9e5a3c3b11cf3ecafdee629ecfe1a86fc3dd4e559972027e8358aff3b4
190,1000,0.02689,0x2ea6bd58bc3555faeebf4d5b31164d52079b9832,2017-10-30T03:17:27.000Z,0.00002689,0x36ac32b737afb8c3f35056fd8ea1e68cff54208f,buy,0x27dce1ec4d3f72c3e457cc50354f1f975ddef488,0xa641d66f574861ec1b5d2aeee6dbacb20eac6aada0a54953d6923d94a4f55bb4
191,6.18065606,0.000156679631121,0x8dbd7b3258be2824df1b3f87430d508638408cc1,2017-10-30T01:57:03.000Z,0.00002535,0x8682d49ec20d510120a7605e321c143ba5bc35f8,sell,0x27dce1ec4d3f72c3e457cc50354f1f975ddef488,0xe8cbbf92445501da7a3eca4ce7ba111022f78a2ed2e076eec2352bc7681654c6
192,61998.16091416,1.571653379173956,0x8dbd7b3258be2824df1b3f87430d508638408cc1,2017-10-30T01:56:07.000Z,0.00002535,0x8682d49ec20d510120a7605e321c143ba5bc35f8,sell,0x27dce1ec4d3f72c3e457cc50354f1f975ddef488,0x03d17a07a441275e92e228f8ab214db804d2c3a8f2435465b38eb4487fd322d5
193,8596.929,0.2183619966,0xff6cdae49ee78190bda0980ea478ed5a279da4f7,2017-10-30T01:52:07.000Z,0.0000254,0x8682d49ec20d510120a7605e321c143ba5bc35f8,sell,0x27dce1ec4d3f72c3e457cc50354f1f975ddef488,0x88107eb519464737b2fd2a3de4237e54f1bf7024d25a6628b080dba7fb6bdb3f
194,92510.31484077,2.3451364812135194,0x8dbd7b3258be2824df1b3f87430d508638408cc1,2017-10-30T01:19:26.000Z,0.00002535,0x8abd2110ea52d1b228a7458738774bc98dee06d2,sell,0x27dce1ec4d3f72c3e457cc50354f1f975ddef488,0x0f9c0bfab0437701596a5b5b3308126e1695395e3f03537926e380cb54b17dd1
195,0.01,0.000000254,0xff6cdae49ee78190bda0980ea478ed5a279da4f7,2017-10-30T01:13:06.000Z,0.0000254,0x6cdfab84837d4eed4f054aeee752dc2d5f6eca6d,sell,0x27dce1ec4d3f72c3e457cc50354f1f975ddef488,0xafe9fb10b0a1e9af9265dafdf76601d7036750579d055697fff4845d3b8bb5a9
196,5190.34060895,0.13956825897478756,0x1d0a3b2f93d3b0985dd733cb17605bef9ce6dbc4,2017-10-30T00:55:05.000Z,0.00002689000000002351,0x36ac32b737afb8c3f35056fd8ea1e68cff54208f,buy,0x27dce1ec4d3f72c3e457cc50354f1f975ddef488,0x55370d77b7c2e2223655b9d1c79d89430d3b495b8d8d4ad8dd877cc1b37dfcae
197,342.22215963,0.009205776094108263,0x1d0a3b2f93d3b0985dd733cb17605bef9ce6dbc4,2017-10-30T00:15:23.000Z,0.00002690000000017901,0x16e9d38a9f4ee63385990f1a663b54f7aec14517,buy,0x27dce1ec4d3f72c3e457cc50354f1f975ddef488,0xdc56c30f2b9eaad764c27f5c0b05ba3e610bebb2cbc5e641773c5e8bb7d272f0
198,16378.97137433,0.44223222710695453,0xec80442c82dde652cdbe7899cf04f6e6cc0b62bf,2017-10-29T21:35:56.000Z,0.00002700000000000271,0x1eaa18a0e964d346f2b5182be3f97d7aab5145b9,buy,0x27dce1ec4d3f72c3e457cc50354f1f975ddef488,0x9f9fb5a9613350113542cbc83bd6a046f6b80288cc23f37138b38e84c75801e4
199,10000,0.27,0x530c354a6e7bd80d6f0bdc82e37381a17db25398,2017-10-29T21:23:02.000Z,0.000027,0x1eaa18a0e964d346f2b5182be3f97d7aab5145b9,buy,0x27dce1ec4d3f72c3e457cc50354f1f975ddef488,0xc0e337f390fcaa530602344a78acf20e7f22f1377d82963d78cd6b3c96c96046
200,11403.06051241,0.289637737015214,0xff6cdae49ee78190bda0980ea478ed5a279da4f7,2017-10-29T19:38:45.000Z,0.0000254,0x31cfbced643149e290d5e4e6ad02bdce7c9358ea,sell,0x27dce1ec4d3f72c3e457cc50354f1f975ddef488,0xc206de967c41398f7a1ecc82b645118dd10c0fa69d55a758428cb6db895d3784
201,10530,0.2780973,0xc6cd97b42a09f2b742bc5a09cba523d707d6079f,2017-10-29T19:36:58.000Z,0.00002641,0x31cfbced643149e290d5e4e6ad02bdce7c9358ea,sell,0x27dce1ec4d3f72c3e457cc50354f1f975ddef488,0xa6e847e0e46814c3501c6f28277a9f083062511d8ec8626270e359d31ce4d1e1
202,8631.652,0.2278756128,0x36ac32b737afb8c3f35056fd8ea1e68cff54208f,2017-10-29T18:41:53.000Z,0.0000264,0x1eaa18a0e964d346f2b5182be3f97d7aab5145b9,buy,0x27dce1ec4d3f72c3e457cc50354f1f975ddef488,0xfeafc64e5d516b320de5a9dc88ba47879405291e0980d7e18a56d077a98ddce1
203,4470,0.1180527,0xc6cd97b42a09f2b742bc5a09cba523d707d6079f,2017-10-29T18:40:49.000Z,0.00002641,0x43994958172990dcae8344eb44c4e5c9403cc6f9,sell,0x27dce1ec4d3f72c3e457cc50354f1f975ddef488,0x389803263f69533c3e6c3ff2c95a25b357959545603f51b17cfb78710f46233b
204,12339.24479626,0.32575606262151513,0x3162f2032ddce11a87098cc13fcc6117ebe92f95,2017-10-29T18:36:59.000Z,0.00002640000000002035,0x1eaa18a0e964d346f2b5182be3f97d7aab5145b9,buy,0x27dce1ec4d3f72c3e457cc50354f1f975ddef488,0xe2c79f9947d19e2c26971d02eb0d4ab64979a6f25935155ae82a3f16b23a9b77
205,5627.34288419,0.14856185214264098,0xea36a738ba82b3066bc7e77b949cfcf3bbab3a31,2017-10-29T18:36:59.000Z,0.00002640000000000443,0x1eaa18a0e964d346f2b5182be3f97d7aab5145b9,buy,0x27dce1ec4d3f72c3e457cc50354f1f975ddef488,0x4cc89624da9c4f17864eaaabaa0035a07951c88f8d3c501015ad42c77fa84873
206,128000,3.3792,0x6c7befc256e3153026e7da79c2b285e7885db965,2017-10-29T18:31:35.000Z,0.0000264,0x16e9d38a9f4ee63385990f1a663b54f7aec14517,sell,0x27dce1ec4d3f72c3e457cc50354f1f975ddef488,0x838e153cd23edc2e67a2356eb4895dd0a5d94bcf27a378ae38c9683d0cee3426
207,23401.76021834,0.6178064697643306,0x676673355a000bfbece32d046fbd252d3596b572,2017-10-29T18:07:02.000Z,0.0000264000000000066,0x1eaa18a0e964d346f2b5182be3f97d7aab5145b9,buy,0x27dce1ec4d3f72c3e457cc50354f1f975ddef488,0x5b4b5d4d7c7d19561de382432c7697781add1ad5c355df71688dcd05fdd91e79
208,85000,2.15305,0x1eaa18a0e964d346f2b5182be3f97d7aab5145b9,2017-10-29T16:32:24.000Z,0.00002533,0x99bc37ffa8c3b9e6f4792abf009cc294b34947bc,sell,0x27dce1ec4d3f72c3e457cc50354f1f975ddef488,0x36edb557502355b748cde0544b74f5d0a5b6304ba36ff70734a324ebab638da2
209,4709.762,0.11925117384,0x1eaa18a0e964d346f2b5182be3f97d7aab5145b9,2017-10-29T16:00:53.000Z,0.00002532,0x299cc550eb4b739db84c7864d793ddbdfeef76c6,buy,0x27dce1ec4d3f72c3e457cc50354f1f975ddef488,0xe2cb5a196541b3ffb397d65751dab143c8893ee6cf92d43a15b017085e43e58d
210,3402.52317814,0.0861518868705048,0xc6cd97b42a09f2b742bc5a09cba523d707d6079f,2017-10-29T14:49:48.000Z,0.00002532,0xe1d1340d90e97a96199942ab5fe5b87670989631,sell,0x27dce1ec4d3f72c3e457cc50354f1f975ddef488,0xd3c23d49ac8f62f657ef2fe793c7cf704715398a979d337fbcefee586c4300e2
211,35800,0.98092,0x44ad9cf67102b3c53051e6339d81511e2a3d9948,2017-10-29T14:45:20.000Z,0.0000274,0x1eaa18a0e964d346f2b5182be3f97d7aab5145b9,sell,0x27dce1ec4d3f72c3e457cc50354f1f975ddef488,0xbb2d6fa0eb43ad4e05f728e1f15767b91432b5f896ef31d355d376af6da2a98a
212,99699.99999999,2.731779999999726,0x44ad9cf67102b3c53051e6339d81511e2a3d9948,2017-10-29T14:37:05.000Z,0.0000274,0xd2ea382e498316d91b9de8557670149b479721a0,sell,0x27dce1ec4d3f72c3e457cc50354f1f975ddef488,0xc55326de792262d65441f7bdf23be8506bdeebb7c41a65bff838a0d6cd70fe17
213,99999.99999999,2.719999999999728,0xd2ea382e498316d91b9de8557670149b479721a0,2017-10-29T14:37:05.000Z,0.0000272,0x1eaa18a0e964d346f2b5182be3f97d7aab5145b9,buy,0x27dce1ec4d3f72c3e457cc50354f1f975ddef488,0xc55326de792262d65441f7bdf23be8506bdeebb7c41a65bff838a0d6cd70fe17
214,11953.94277739,0.3026738311235148,0xc6cd97b42a09f2b742bc5a09cba523d707d6079f,2017-10-29T13:52:16.000Z,0.00002532,0x2dad638998a5433d8e6cfc16d5f129affb607265,sell,0x27dce1ec4d3f72c3e457cc50354f1f975ddef488,0x90529a238efc410312a50720a0450dc445fb98fde33cb940fa4aa3d3782b03a1
215,3000,0.0762,0xcb136977732af806fb4debcf6cdf2ef454310e25,2017-10-29T13:51:56.000Z,0.0000254,0x2dad638998a5433d8e6cfc16d5f129affb607265,sell,0x27dce1ec4d3f72c3e457cc50354f1f975ddef488,0xae74893251f76aafdd51aeb6558552af4f727a8a7b5d7eee9e50542580cd372e
216,1500,0.04065,0xd5f6f23b67831e2b81d37c2a15781403eae63a3f,2017-10-29T13:39:49.000Z,0.0000271,0x2dad638998a5433d8e6cfc16d5f129affb607265,buy,0x27dce1ec4d3f72c3e457cc50354f1f975ddef488,0x1c1f5e52164f395332e1e68bafd89cfe0c76211d894f36fec502ba125c7f23c8
217,0.00000028,0.0000000000070896,0xc6cd97b42a09f2b742bc5a09cba523d707d6079f,2017-10-29T13:20:28.000Z,0.00002532,0x16e9d38a9f4ee63385990f1a663b54f7aec14517,sell,0x27dce1ec4d3f72c3e457cc50354f1f975ddef488,0xb82f6e1bc4ca207777d4408e1eb55fcd2f6727c51d0f7e578f0e276dfb3b0131
218,93.9433122,0.00236737146744,0x492a88adeda2a1c6a5d6a91991fb54a1f3b02489,2017-10-29T12:30:13.000Z,0.0000252,0xb09e4b177856c95003e806e2f07ddca38257df6d,sell,0x27dce1ec4d3f72c3e457cc50354f1f975ddef488,0xb0f74e4837582d9fb7c7de10a6af58d123ef04dbd7dcbdd52e17ef251bb2c6dd
219,942345.36465077,23.747103189199404,0x492a88adeda2a1c6a5d6a91991fb54a1f3b02489,2017-10-29T12:25:47.000Z,0.0000252,0xb09e4b177856c95003e806e2f07ddca38257df6d,sell,0x27dce1ec4d3f72c3e457cc50354f1f975ddef488,0x1d25893ae69443abef9aa620d1a18ffe534b2e500e8541083915484fd98e710d
220,3000,0.0816,0x1d739d7ee5fe4c5cdc815a4023de117c928519e0,2017-10-29T12:22:18.000Z,0.0000272,0xcb136977732af806fb4debcf6cdf2ef454310e25,buy,0x27dce1ec4d3f72c3e457cc50354f1f975ddef488,0x6ad3f546a7c61e4735b729806b0e8c3317b24629e7bdcf234dba0ba6b14a36f8
221,1429,0.0372969,0x442edd20fdaf8d00adb4a94665a1b2edfad915ef,2017-10-29T11:23:35.000Z,0.0000261,0xcb136977732af806fb4debcf6cdf2ef454310e25,sell,0x27dce1ec4d3f72c3e457cc50354f1f975ddef488,0x76b9d8dee12cdd378f7ff58d239db8209fba0f647626f06ba57aa9014be0c7da
222,71,0.0018531,0x442edd20fdaf8d00adb4a94665a1b2edfad915ef,2017-10-29T11:19:25.000Z,0.0000261,0xb11154b3b7836e26881b9b1c678a548ba09553a4,sell,0x27dce1ec4d3f72c3e457cc50354f1f975ddef488,0xf7a2102777019268399fbe3589ced997af3a8e47688b94024f61e9e7900fe5d1
223,3330.47054132,0.0819628800218852,0x43994958172990dcae8344eb44c4e5c9403cc6f9,2017-10-29T10:36:00.000Z,0.00002461,0x86d621be15b493d340fcfe022cf994a8b03406b5,sell,0x27dce1ec4d3f72c3e457cc50354f1f975ddef488,0x4303408063ca58ed675ee375497969824995f21dde40e1aa55b04e340de5b25b
224,1139.6670322,0.028047205662442,0x43994958172990dcae8344eb44c4e5c9403cc6f9,2017-10-29T10:34:10.000Z,0.00002461,0xa3406b9ef2aab95b0f2431982fefdc0de4662313,sell,0x27dce1ec4d3f72c3e457cc50354f1f975ddef488,0x7c9c307cb49c27fd1936fe3c0fbba305445e62e323661d885dc587c4ea0fcfe9
225,6600,0.165,0x427370ce17ff9b7df4651c4ab7d339f4653b57dd,2017-10-29T10:32:26.000Z,0.000025,0xa3406b9ef2aab95b0f2431982fefdc0de4662313,sell,0x27dce1ec4d3f72c3e457cc50354f1f975ddef488,0x0b863c963bae0339737259175bd45e8966df401d07a289a72df499d6c916d20d
226,945266.63528119,19.0008046357872,0xb09e4b177856c95003e806e2f07ddca38257df6d,2017-10-29T10:30:18.000Z,0.000020101,0xbc1845a864aa2a7ba7513bc6837ff7d66ec191c4,sell,0x27dce1ec4d3f72c3e457cc50354f1f975ddef488,0xd1c70160cdc13fdaf88b1d989508f06fb422a2351c5c6c670daafba216a0e786
227,45000,1.035045,0x04ab12ddf43cc2d2d517d5721920be1f10320f20,2017-10-29T10:26:20.000Z,0.000023001,0xbc1845a864aa2a7ba7513bc6837ff7d66ec191c4,sell,0x27dce1ec4d3f72c3e457cc50354f1f975ddef488,0x1bb964b7f01a064fd5f93178ee8bd879b33e2ce22e062615c1fdfcbd27bf56e9
228,6200,0.15562,0xcb136977732af806fb4debcf6cdf2ef454310e25,2017-10-29T10:25:49.000Z,0.0000251,0xbc1845a864aa2a7ba7513bc6837ff7d66ec191c4,sell,0x27dce1ec4d3f72c3e457cc50354f1f975ddef488,0x9f91d2c17bc64440e77bfe254a0a6c4f181279e3e1f9caa754e1167ab1a5039a
229,300000,7.38,0x1eaa18a0e964d346f2b5182be3f97d7aab5145b9,2017-10-29T10:25:20.000Z,0.0000246,0xbc1845a864aa2a7ba7513bc6837ff7d66ec191c4,sell,0x27dce1ec4d3f72c3e457cc50354f1f975ddef488,0x829ec413392a6783796e83ac63c68841302d4d0a4870e50c96514839df0c2859
230,1445213.79675916,36.419387678330835,0xebcfda666517560fe2a030ee0c37f23ae54b98ce,2017-10-29T10:24:27.000Z,0.0000252,0xbc1845a864aa2a7ba7513bc6837ff7d66ec191c4,sell,0x27dce1ec4d3f72c3e457cc50354f1f975ddef488,0xab7afa5745d4c02c7fa2636d3afd0d95a14152b71bd8afd021fe54537f69f3fe
231,0.00281458,0.000000071208874,0xb6a34bd460f02241e80e031023ec20ce6fc310ae,2017-10-29T09:51:56.000Z,0.0000253,0x16e9d38a9f4ee63385990f1a663b54f7aec14517,sell,0x27dce1ec4d3f72c3e457cc50354f1f975ddef488,0xa052962fb1db5c33aed8ba50f0edf23604a1972d127b6c7c43be3dff13655847
232,28.23294876,0.000711470308752,0xebcfda666517560fe2a030ee0c37f23ae54b98ce,2017-10-29T09:37:55.000Z,0.0000252,0x16e9d38a9f4ee63385990f1a663b54f7aec14517,sell,0x27dce1ec4d3f72c3e457cc50354f1f975ddef488,0x8062f8411afad91641cee14df8be689a422a09c6b765e16f8d44476ce46e96eb
233,30000,0.756,0xebcfda666517560fe2a030ee0c37f23ae54b98ce,2017-10-29T09:36:36.000Z,0.0000252,0xd69256e87bd68e01213c7095f4e41f870982ed27,sell,0x27dce1ec4d3f72c3e457cc50354f1f975ddef488,0x62c4fa34569c122f3c97c8c96be3026574ca396d1c24a2005c783a736b48bffd
234,460452.59694945,11.60340544312614,0xebcfda666517560fe2a030ee0c37f23ae54b98ce,2017-10-29T09:35:05.000Z,0.0000252,0xbcf828626e744e7b40e93ded9aaa5c0ccd60190c,sell,0x27dce1ec4d3f72c3e457cc50354f1f975ddef488,0xbd7936c5eef22bbeff7bc00e20096eaef3483c53ceca88d34fc57246234cc822
235,15000,0.3795,0xc6cd97b42a09f2b742bc5a09cba523d707d6079f,2017-10-29T09:33:47.000Z,0.0000253,0xd69256e87bd68e01213c7095f4e41f870982ed27,sell,0x27dce1ec4d3f72c3e457cc50354f1f975ddef488,0xe019900126c09333c68f72bf18304ea9bc7e5e1a7e778b5a8dc81ed69ea4cbd3
236,42505.37334263,1.071135408234276,0xebcfda666517560fe2a030ee0c37f23ae54b98ce,2017-10-29T08:57:37.000Z,0.0000252,0xa7caed6a817eb629f24f98251b167c8876c8e883,sell,0x27dce1ec4d3f72c3e457cc50354f1f975ddef488,0x99f0aac6599275b3662b658e90a23cdc235d45508d1df6cdd6bdb3e63f86c321
237,2000,0.0546,0x2ea6bd58bc3555faeebf4d5b31164d52079b9832,2017-10-29T06:14:37.000Z,0.0000273,0x5fc54bb9e2a4aaeb0fbdde8b92749b121091168b,buy,0x27dce1ec4d3f72c3e457cc50354f1f975ddef488,0xda3cea221f77ebf2993d0f5e33ba10704ee37aac952f884d68772eef0bb39d59
238,2600.168,0.0707245696,0xca4248f9b0412e3bad0402505d0120f3420c54f8,2017-10-29T05:03:40.000Z,0.0000272,0x846fe155673f9fd3131be9b757d1ed9bd3d4853d,buy,0x27dce1ec4d3f72c3e457cc50354f1f975ddef488,0x0b192ab97393c90a2c2a997d474c018a8218e5a0e3a7590c7c32ae5940435227
239,57587.48114304,1.439687028576,0xebcfda666517560fe2a030ee0c37f23ae54b98ce,2017-10-29T03:10:00.000Z,0.000025,0x9778550d76b07ac9f5e57392f68ecdf6efc1774e,sell,0x27dce1ec4d3f72c3e457cc50354f1f975ddef488,0x5c0789d636b6d7bb85714c246a275ffd0675a2a2b0a88eb7b08ad9bf2e075b5a
240,4582.99272257,0.115491416608764,0x4334d95d17fd12ffac99cd1f931bf9382e9545cd,2017-10-29T03:08:52.000Z,0.0000252,0x9778550d76b07ac9f5e57392f68ecdf6efc1774e,sell,0x27dce1ec4d3f72c3e457cc50354f1f975ddef488,0xbc351a4ec963a1ac6c61507d27ee8cff7f2dfd1e29e654c18c151650b128b867
241,7417.00727743,0.186908583391236,0x4334d95d17fd12ffac99cd1f931bf9382e9545cd,2017-10-29T02:08:58.000Z,0.0000252,0xa20956b63f3e69de732a54ab0a00b1c91e160f96,sell,0x27dce1ec4d3f72c3e457cc50354f1f975ddef488,0x9150a4f3c657563c7c81a4053270600ed7bee661fe440ddfe2fd49525f47ffe2
242,7399.83161243,0.2012754198582564,0xfdc97f53d44f81f942a362a0031efd423ea307bc,2017-10-29T01:53:17.000Z,0.00002720000000002167,0x846fe155673f9fd3131be9b757d1ed9bd3d4853d,buy,0x27dce1ec4d3f72c3e457cc50354f1f975ddef488,0x7ba8ea1fb8c02a353a05f528efc45632a4e3dad53af0111f0a6222fbea014597
243,283204.70892306,7.0801177230765,0xebcfda666517560fe2a030ee0c37f23ae54b98ce,2017-10-29T01:35:50.000Z,0.000025,0x16e9d38a9f4ee63385990f1a663b54f7aec14517,sell,0x27dce1ec4d3f72c3e457cc50354f1f975ddef488,0x2c3cddaf9e6dcce08ec54588ba299536a41ee08529893a6d34057251ce3c0913
244,9332.4742353,0.2542165981698386,0xfdc97f53d44f81f942a362a0031efd423ea307bc,2017-10-29T01:23:59.000Z,0.00002724000000002856,0x4334d95d17fd12ffac99cd1f931bf9382e9545cd,buy,0x27dce1ec4d3f72c3e457cc50354f1f975ddef488,0xb4161c398f30e1a573fd7756ebda7ab1cac60c0fa7753037d3ce1446a28dd14f
245,1714.25263035,0.046696241650882264,0xfdc97f53d44f81f942a362a0031efd423ea307bc,2017-10-29T01:12:54.000Z,0.00002724000000008648,0x4334d95d17fd12ffac99cd1f931bf9382e9545cd,buy,0x27dce1ec4d3f72c3e457cc50354f1f975ddef488,0xcf3ece07f767a456cc91a63d2065cf14208dda93fea8a3d25bbef8684a2bb1e6
246,2000,0.053,0xfdc97f53d44f81f942a362a0031efd423ea307bc,2017-10-29T01:08:21.000Z,0.0000265,0xbb8f4ab864e621c1ef82354b3547112ec38221cc,buy,0x27dce1ec4d3f72c3e457cc50354f1f975ddef488,0x8228d8088e079f179b889560a7fd84b72855ce26b05639e20184be6309f32729
247,123,0.0033702,0x94b0bf6dd676f7b4884557735945b927535fd822,2017-10-29T00:30:08.000Z,0.0000274,0xefa13a52ff7085ee0dc09bf3163ae144d9fd88c9,buy,0x27dce1ec4d3f72c3e457cc50354f1f975ddef488,0x23827d9ee9c9357573674208377cb302f0fd44e0497b4af5f76ba4f16f207187
248,95765.33034523,2.346250593458135,0xebcfda666517560fe2a030ee0c37f23ae54b98ce,2017-10-28T22:43:06.000Z,0.0000245,0x95a989504914386333ec1396bc229eaf61a96bb0,sell,0x27dce1ec4d3f72c3e457cc50354f1f975ddef488,0xba030dc57f084fb23e2fb045e1036bb137c9c6495710efe831e5c910c187f85b
249,43600,1.09,0x0a95a2de430e5cdea324d269b4759687b23e8754,2017-10-28T22:34:52.000Z,0.000025,0x95a989504914386333ec1396bc229eaf61a96bb0,sell,0x27dce1ec4d3f72c3e457cc50354f1f975ddef488,0x59d0ba985ca891918a03e84ed35a7099b060eec26d24565f303587afa2abc7ea
250,63325.33070937,1.58313326773425,0xebcfda666517560fe2a030ee0c37f23ae54b98ce,2017-10-28T22:34:41.000Z,0.000025,0x95a989504914386333ec1396bc229eaf61a96bb0,sell,0x27dce1ec4d3f72c3e457cc50354f1f975ddef488,0x6ba197b074ebec90aed44ecef1b59f3b3f85768ccfdd8f58f9b8c0e96a09680e
251,50000,1.25,0xebcfda666517560fe2a030ee0c37f23ae54b98ce,2017-10-28T21:57:51.000Z,0.000025,0xd062457be36d5187a283f067da77df945d2d68af,sell,0x27dce1ec4d3f72c3e457cc50354f1f975ddef488,0x2d5a063bb973530790f347b9e2ffc1b6c2222f2c19cb03616351b342d6f0e8ee
252,2024,0.050602024,0xed76cecb4660fde885dc2019d4b3568f19f3c46d,2017-10-28T21:57:44.000Z,0.000025001,0xd062457be36d5187a283f067da77df945d2d68af,sell,0x27dce1ec4d3f72c3e457cc50354f1f975ddef488,0x19384e004cfeb990fec569781eff2631dbdba2dce81ad54f5a4d812c68eb925c
253,14040.690746,0.35101726865,0xebcfda666517560fe2a030ee0c37f23ae54b98ce,2017-10-28T21:57:17.000Z,0.000025,0x38bfd641b57bebf2fe152da4c98ba74e27411a03,sell,0x27dce1ec4d3f72c3e457cc50354f1f975ddef488,0x9614c1c6af8aa41e2fab39f3a5eb2f7407ac208bd81b73adde6652a38fb25469
254,20000,0.50004,0xff6cdae49ee78190bda0980ea478ed5a279da4f7,2017-10-28T21:24:58.000Z,0.000025002,0xa20956b63f3e69de732a54ab0a00b1c91e160f96,sell,0x27dce1ec4d3f72c3e457cc50354f1f975ddef488,0x956318b172aea2c4dd9d26dd5e1f4a607e8529aa3e8ef70ec27d0128ea9b195e
255,18.21493624,0.0005,0xe444a40689f51f63bcd29910622035707d533d29,2017-10-28T20:02:33.000Z,0.0000274500000116388,0x8fd17b6a554fc1e103e6e30dd934c5c8202371cf,buy,0x27dce1ec4d3f72c3e457cc50354f1f975ddef488,0xeece980b9e4c36a65a24db9006fcdaf7bb5c27679c86c51aad2e628d81f9b2d9
256,18.21493624,0.0005,0x34f9560c63078eb61872a4dc2ccd20e21c34feaf,2017-10-28T20:02:33.000Z,0.0000274500000116388,0x8fd17b6a554fc1e103e6e30dd934c5c8202371cf,buy,0x27dce1ec4d3f72c3e457cc50354f1f975ddef488,0xe3a66047d10ed45d649a1ab6b255bc27f427ed726a05c365e43c26973c859a38
257,282713.31836063,7.06783295901575,0xebcfda666517560fe2a030ee0c37f23ae54b98ce,2017-10-28T19:08:57.000Z,0.000025,0x61f395d725f5981ac9ce9bf34e33524f6193c878,sell,0x27dce1ec4d3f72c3e457cc50354f1f975ddef488,0xd0f8bd4bf6c78bff1fb88d80284cf49ceb01f4266ade0dd6aebf2914df294883
258,110246.79914396,2.756169978599,0xebcfda666517560fe2a030ee0c37f23ae54b98ce,2017-10-28T19:07:28.000Z,0.000025,0xd445f61ebca3d6b4c57eef1f39fdab6595ef8972,sell,0x27dce1ec4d3f72c3e457cc50354f1f975ddef488,0x50167aabbcfdd302041ebd93fc23be08d25bd48403c48347300f628ed8a96714
259,110578.53474821,2.554364152683651,0xd445f61ebca3d6b4c57eef1f39fdab6595ef8972,2017-10-28T19:07:28.000Z,0.0000231,0x1eaa18a0e964d346f2b5182be3f97d7aab5145b9,buy,0x27dce1ec4d3f72c3e457cc50354f1f975ddef488,0x50167aabbcfdd302041ebd93fc23be08d25bd48403c48347300f628ed8a96714
260,110578.53474821,2.775521222180071,0x1eaa18a0e964d346f2b5182be3f97d7aab5145b9,2017-10-28T19:06:37.000Z,0.0000251,0x61f395d725f5981ac9ce9bf34e33524f6193c878,sell,0x27dce1ec4d3f72c3e457cc50354f1f975ddef488,0xcc5c97c2fa1a36ece7b23ea78f7a7410422e0e19f4219678c52e7eaa3d8c1fba
261,29808.63233688,0.71540717608512,0xebcfda666517560fe2a030ee0c37f23ae54b98ce,2017-10-28T18:02:50.000Z,0.000024,0xd445f61ebca3d6b4c57eef1f39fdab6595ef8972,sell,0x27dce1ec4d3f72c3e457cc50354f1f975ddef488,0x63023fcf0906a4d5e5843f6f4e23cf9dff91eb43b66902d047e4cad820cdd24b
262,29898.32731884,0.690651361065204,0xd445f61ebca3d6b4c57eef1f39fdab6595ef8972,2017-10-28T18:02:50.000Z,0.0000231,0x1eaa18a0e964d346f2b5182be3f97d7aab5145b9,buy,0x27dce1ec4d3f72c3e457cc50354f1f975ddef488,0x63023fcf0906a4d5e5843f6f4e23cf9dff91eb43b66902d047e4cad820cdd24b
263,29898.32731884,0.750448015702884,0x1eaa18a0e964d346f2b5182be3f97d7aab5145b9,2017-10-28T18:01:53.000Z,0.0000251,0x83850ce180fb3cb18b313146aa8c5465ad10bafb,sell,0x27dce1ec4d3f72c3e457cc50354f1f975ddef488,0x3b472c37200b10a55ccc2ec5caf3f507127de45d979c701609c305cbf1cd7ef0
264,7018.073,0.20317321335,0x9f75a971dcfe10d7d6173f9c4d81537469034f00,2017-10-28T17:56:46.000Z,0.00002895,0x399409c4fc97f84fd7dbd276e044021fe7370844,buy,0x27dce1ec4d3f72c3e457cc50354f1f975ddef488,0x9ebeaed2f99cabecf25a106df7f59b2d8038839174df631e6a012787c1dcff8e
265,1353.973,0.04312404005,0x9f75a971dcfe10d7d6173f9c4d81537469034f00,2017-10-28T17:54:56.000Z,0.00003185,0x442edd20fdaf8d00adb4a94665a1b2edfad915ef,buy,0x27dce1ec4d3f72c3e457cc50354f1f975ddef488,0x422604cc65ed9fa732176e7507c7bd7084fef731383c01c29bac11e9a9b4f3d8
266,5069.4459,0.11710420029,0xff6cdae49ee78190bda0980ea478ed5a279da4f7,2017-10-28T17:42:55.000Z,0.0000231,0x1eaa18a0e964d346f2b5182be3f97d7aab5145b9,buy,0x27dce1ec4d3f72c3e457cc50354f1f975ddef488,0xc3fbefc3138b14b8180fd9192dd80a0906f6a13e96779db8da897e082c384666
267,5100,0.11781,0xd2ea382e498316d91b9de8557670149b479721a0,2017-10-28T17:41:37.000Z,0.0000231,0x1eaa18a0e964d346f2b5182be3f97d7aab5145b9,buy,0x27dce1ec4d3f72c3e457cc50354f1f975ddef488,0x0860c94a1f492e4daeb6d6fafc247b5a47c1cd4f4b8977a602373f3f9864b398
268,5069.4459,0.12724309209,0x1eaa18a0e964d346f2b5182be3f97d7aab5145b9,2017-10-28T17:41:37.000Z,0.0000251,0x6d2f27149fbf6c559008e95ede61ff20f3e4b847,sell,0x27dce1ec4d3f72c3e457cc50354f1f975ddef488,0x7e6341e8445e5d2a1c0b69c0cd343562dd46867f0617fd7d5fe4e182199ea18b
269,5084.7,0.11745657,0x6d2f27149fbf6c559008e95ede61ff20f3e4b847,2017-10-28T17:41:37.000Z,0.0000231,0x1eaa18a0e964d346f2b5182be3f97d7aab5145b9,buy,0x27dce1ec4d3f72c3e457cc50354f1f975ddef488,0x7e6341e8445e5d2a1c0b69c0cd343562dd46867f0617fd7d5fe4e182199ea18b
270,5084.7,0.12762597,0x1eaa18a0e964d346f2b5182be3f97d7aab5145b9,2017-10-28T17:41:37.000Z,0.0000251,0xd2ea382e498316d91b9de8557670149b479721a0,sell,0x27dce1ec4d3f72c3e457cc50354f1f975ddef488,0x0860c94a1f492e4daeb6d6fafc247b5a47c1cd4f4b8977a602373f3f9864b398
271,5100,0.12801,0x1eaa18a0e964d346f2b5182be3f97d7aab5145b9,2017-10-28T17:40:02.000Z,0.0000251,0x43994958172990dcae8344eb44c4e5c9403cc6f9,sell,0x27dce1ec4d3f72c3e457cc50354f1f975ddef488,0xcfec57aeb41b02026afea559e1e7e351c8c72af7460dd46ea5094b091b4c4a41
272,8000,0.1848,0xd445f61ebca3d6b4c57eef1f39fdab6595ef8972,2017-10-28T17:21:13.000Z,0.0000231,0x1eaa18a0e964d346f2b5182be3f97d7aab5145b9,buy,0x27dce1ec4d3f72c3e457cc50354f1f975ddef488,0x3d36835df63284924ca168db37038802e7bf796bbd8559f41905663214694876
273,7976,0.199407976,0xed76cecb4660fde885dc2019d4b3568f19f3c46d,2017-10-28T17:21:13.000Z,0.000025001,0xd445f61ebca3d6b4c57eef1f39fdab6595ef8972,sell,0x27dce1ec4d3f72c3e457cc50354f1f975ddef488,0x3d36835df63284924ca168db37038802e7bf796bbd8559f41905663214694876
274,8000,0.2008,0x1eaa18a0e964d346f2b5182be3f97d7aab5145b9,2017-10-28T17:20:48.000Z,0.0000251,0xedbf1c6149be396ccfc52893b6a5114995b1b11b,sell,0x27dce1ec4d3f72c3e457cc50354f1f975ddef488,0xf169e76f90ab7ec179a37858cefd2416a4b368433d63221cd729db021c37b4f4
275,1508.95305967,0.034856815678377,0xff6cdae49ee78190bda0980ea478ed5a279da4f7,2017-10-28T16:53:09.000Z,0.0000231,0x1eaa18a0e964d346f2b5182be3f97d7aab5145b9,buy,0x27dce1ec4d3f72c3e457cc50354f1f975ddef488,0xec56edf6b4a92ee0627fbac45e0904ac544687cb4ac779d88a8a166f7e34ceb1
276,1513.49354028,0.034961700780699,0xd2ea382e498316d91b9de8557670149b479721a0,2017-10-28T16:51:40.000Z,0.00002310000000015262,0x1eaa18a0e964d346f2b5182be3f97d7aab5145b9,buy,0x27dce1ec4d3f72c3e457cc50354f1f975ddef488,0xad2a6d68282319c815e17d4df0309a1b8c7c4af9aec08ae7ce9bc993bc314c0f
277,1508.95305966,0.037874721797466,0x1eaa18a0e964d346f2b5182be3f97d7aab5145b9,2017-10-28T16:51:40.000Z,0.0000251,0xd2ea382e498316d91b9de8557670149b479721a0,sell,0x27dce1ec4d3f72c3e457cc50354f1f975ddef488,0xad2a6d68282319c815e17d4df0309a1b8c7c4af9aec08ae7ce9bc993bc314c0f
278,1513.49354029,0.037988687861279,0x1eaa18a0e964d346f2b5182be3f97d7aab5145b9,2017-10-28T16:50:51.000Z,0.0000251,0x19f6f3fde45f62e76633dc88cd42e37069211219,sell,0x27dce1ec4d3f72c3e457cc50354f1f975ddef488,0x99f805360f628a0425d1c8d0292e392d704e62667bddbdb6b9928424aedee77c
279,9501.545,0.239438934,0xb4cfcb2b61bae99448176e1253a2916923cda0dc,2017-10-28T16:48:24.000Z,0.0000252,0x19f6f3fde45f62e76633dc88cd42e37069211219,sell,0x27dce1ec4d3f72c3e457cc50354f1f975ddef488,0x23826243729b7e460564de9333767a18fa554b2f56c9277cf4d2177b4f3afef5
280,11048.23491798,0.255214226605338,0x19f6f3fde45f62e76633dc88cd42e37069211219,2017-10-28T16:46:34.000Z,0.0000231,0x1eaa18a0e964d346f2b5182be3f97d7aab5145b9,buy,0x27dce1ec4d3f72c3e457cc50354f1f975ddef488,0xe43e3dfcb316a4c5527027c470f656a3771c21ef52484901b5b9d941ff24145b
281,11082.48444623,0.256005390707913,0x65f2dddf638c7a7118b22d610c9aeba141f2467f,2017-10-28T16:45:38.000Z,0.0000231,0x1eaa18a0e964d346f2b5182be3f97d7aab5145b9,buy,0x27dce1ec4d3f72c3e457cc50354f1f975ddef488,0xf7f1e35874032994b9589cbb575ad99bd8f5aecf57e1dd9bedf42cd78b354349
282,11048.23491798,0.277310696441298,0x1eaa18a0e964d346f2b5182be3f97d7aab5145b9,2017-10-28T16:45:38.000Z,0.0000251,0x65f2dddf638c7a7118b22d610c9aeba141f2467f,sell,0x27dce1ec4d3f72c3e457cc50354f1f975ddef488,0xf7f1e35874032994b9589cbb575ad99bd8f5aecf57e1dd9bedf42cd78b354349
283,11082.48444623,0.278170359600373,0x1eaa18a0e964d346f2b5182be3f97d7aab5145b9,2017-10-28T16:42:04.000Z,0.0000251,0xd445f61ebca3d6b4c57eef1f39fdab6595ef8972,sell,0x27dce1ec4d3f72c3e457cc50354f1f975ddef488,0x89e4f026dffc6ad7bbd41ace147ff8b0faea368c2f1a4d95baaf51cefccbc43a
284,11115.83194206,0.256775717861586,0xd445f61ebca3d6b4c57eef1f39fdab6595ef8972,2017-10-28T16:42:04.000Z,0.0000231,0x1eaa18a0e964d346f2b5182be3f97d7aab5145b9,buy,0x27dce1ec4d3f72c3e457cc50354f1f975ddef488,0x89e4f026dffc6ad7bbd41ace147ff8b0faea368c2f1a4d95baaf51cefccbc43a
285,11115.82606879,0.279007234326629,0x1eaa18a0e964d346f2b5182be3f97d7aab5145b9,2017-10-28T16:41:47.000Z,0.0000251,0x1ed014aec47fae44c9e55bac7662c0b78ae61798,sell,0x27dce1ec4d3f72c3e457cc50354f1f975ddef488,0x4a1cb977632ecac2c02d0e59a20bf07b612ced6f49d71be8efddbe6401908b79
286,498.45479015,0.01256106071178,0xb4cfcb2b61bae99448176e1253a2916923cda0dc,2017-10-28T15:20:21.000Z,0.0000252,0xd41302b1ce993b173cbb79ec7b7190793da14195,sell,0x27dce1ec4d3f72c3e457cc50354f1f975ddef488,0x8dd7d9b867d86b92f69bd503837c787d7b9022766b96383fd88a0b71d0d85b30
287,10000,0.2749,0x0cc753ad2c7c30d8c9a36702f00ffa03696e081f,2017-10-28T15:00:18.000Z,0.00002749,0x16e9d38a9f4ee63385990f1a663b54f7aec14517,buy,0x27dce1ec4d3f72c3e457cc50354f1f975ddef488,0xe1cec2ac670715d2a662a64609aff9747473ea5b12b29df1ee8ef8a18c7e9d4a
288,3076,0.0778228,0xb6a34bd460f02241e80e031023ec20ce6fc310ae,2017-10-28T14:33:13.000Z,0.0000253,0x83850ce180fb3cb18b313146aa8c5465ad10bafb,sell,0x27dce1ec4d3f72c3e457cc50354f1f975ddef488,0xe63a9e1eca46e1d24cd63571c1f612b18294e7e10456693e6bd15bc0f7c34331
289,52170.83122888,1.304270780722,0xebcfda666517560fe2a030ee0c37f23ae54b98ce,2017-10-28T12:33:41.000Z,0.000025,0x00f7384a65d427eac1bb9da2009652cec165fb63,sell,0x27dce1ec4d3f72c3e457cc50354f1f975ddef488,0x767a1a65cc55fb192ab9d449c7334e911dd61c03f76d56df4fc2e7722b73b911
290,400062.67670222,10.0015669175555,0xebcfda666517560fe2a030ee0c37f23ae54b98ce,2017-10-28T11:59:07.000Z,0.000025,0xa0a8802feee1e6955cb74e06a18c686e9cd0a912,sell,0x27dce1ec4d3f72c3e457cc50354f1f975ddef488,0x8e13dc663af2650687986c120c26014098f93dd6c2ff9cd6b95ca7172e261cdf
291,27440.35310894,0.6860088277235,0xebcfda666517560fe2a030ee0c37f23ae54b98ce,2017-10-28T11:09:23.000Z,0.000025,0x9778550d76b07ac9f5e57392f68ecdf6efc1774e,sell,0x27dce1ec4d3f72c3e457cc50354f1f975ddef488,0x81cb15863309c4e96c0b6f055532789217b82cf02e193ba3ff3ea5ec1864f5d9
292,47088.57182734,1.22430286751084,0xebcfda666517560fe2a030ee0c37f23ae54b98ce,2017-10-28T11:06:42.000Z,0.000026,0x00f7384a65d427eac1bb9da2009652cec165fb63,sell,0x27dce1ec4d3f72c3e457cc50354f1f975ddef488,0x503c025d76f6a92c0ab45b28865c093a8cbc15dfb3706d05e8cb4b2463e3ac52
293,2.39810869,0.00004316595642,0x00f7384a65d427eac1bb9da2009652cec165fb63,2017-10-28T10:59:41.000Z,0.000018,0x00f7384a65d427eac1bb9da2009652cec165fb63,sell,0x27dce1ec4d3f72c3e457cc50354f1f975ddef488,0x41ce49840995921e20af6a43c97b92e43a7d9af5aff36faad9daa8bc8e8908e1
294,24055.42817266,0.62544113248916,0xebcfda666517560fe2a030ee0c37f23ae54b98ce,2017-10-28T10:52:49.000Z,0.000026,0x00f7384a65d427eac1bb9da2009652cec165fb63,sell,0x27dce1ec4d3f72c3e457cc50354f1f975ddef488,0x1a63ebe8e44c7348ca6683595b41e5188694e29809bf9b08b00442b96e86c242
295,2659.58476587,0.06383003438088,0xa41baaef0bc1f4792da5fa2e32b23cba5c47dafe,2017-10-28T10:12:12.000Z,0.000024,0xc6fc6835ce16679c89567c0b33604d1e9a71bf99,sell,0x27dce1ec4d3f72c3e457cc50354f1f975ddef488,0xa4bd42971af59e92ced3bab4576825ece762429b9281f28ae629e69abdc16500
296,100,0.00275,0x358afde4459443d8a98dc5df7d8fb2415f964a87,2017-10-28T09:12:36.000Z,0.0000275,0xa41baaef0bc1f4792da5fa2e32b23cba5c47dafe,sell,0x27dce1ec4d3f72c3e457cc50354f1f975ddef488,0x2099a1c5817e1867da224390a0a0e24996de6a15f532b528a61b3ee4e1e04589
297,6000,0.1644,0x5776189dab7d6573453da4f4e6a6621a061bfd9a,2017-10-28T07:54:28.000Z,0.0000274,0xcb136977732af806fb4debcf6cdf2ef454310e25,buy,0x27dce1ec4d3f72c3e457cc50354f1f975ddef488,0x4b077e9c938f3567f1ffc77db094218ece346ff41a4ade99aca589df009cb6e8
298,32318,0.8531952,0x5776189dab7d6573453da4f4e6a6621a061bfd9a,2017-10-28T07:53:31.000Z,0.0000264,0xfbf7dc0756a9768d0c71aea5f8421f3b1eaee7d1,buy,0x27dce1ec4d3f72c3e457cc50354f1f975ddef488,0x21d48deef4e2701150d928c8e8517880ec6b0dbe93dfe9b40649ae7875f57f50
299,5415.01042422,0.1246535399655444,0xa41baaef0bc1f4792da5fa2e32b23cba5c47dafe,2017-10-28T07:44:08.000Z,0.00002302,0x008cd39b569505e006ec93689add83999e96ab12,sell,0x27dce1ec4d3f72c3e457cc50354f1f975ddef488,0x24650a33e9a987efeeb8f17e08ba33bb7864e2a38b86830dcf28181cc848f328
300,651.52765149,0.014463913863078,0x39b2a69f5aae6c45445bddbc9346ea63e9b831b7,2017-10-28T06:05:15.000Z,0.0000222,0x864f4efcd851f0f1a57a3a1eb37e2db6cb559d9d,sell,0x27dce1ec4d3f72c3e457cc50354f1f975ddef488,0x5e292358214f1628ea3a75535bebbd0444f0538d4b8ce6eae87b8d14d8f0adc4
301,15626,0.359569886,0x99bc37ffa8c3b9e6f4792abf009cc294b34947bc,2017-10-28T06:03:51.000Z,0.000023011,0x864f4efcd851f0f1a57a3a1eb37e2db6cb559d9d,sell,0x27dce1ec4d3f72c3e457cc50354f1f975ddef488,0x2a6aa68bfa0f1aa2df63a11bca972dad4f086cd16ce05e8a6f4cad90ec8b753e
302,49525,1.139619775,0xcfd5d60e0f447636f1643cd9b7a9547062cb0863,2017-10-28T06:03:04.000Z,0.000023011,0x864f4efcd851f0f1a57a3a1eb37e2db6cb559d9d,sell,0x27dce1ec4d3f72c3e457cc50354f1f975ddef488,0x135b91fa06abddb544aeb4bc33933c562bd20638939edcc9b75b353995e05878
303,10000,0.264,0x90e43a004de13c41f3eb59ab416d16aeb4c86433,2017-10-28T05:28:02.000Z,0.0000264,0xfbf7dc0756a9768d0c71aea5f8421f3b1eaee7d1,buy,0x27dce1ec4d3f72c3e457cc50354f1f975ddef488,0xda8925bd0690668fb0be3e482dfe67200589b2f25468d71f27800d9595fc1d43
304,42318.81168378,0.977564549895318,0xfbf7dc0756a9768d0c71aea5f8421f3b1eaee7d1,2017-10-28T04:33:14.000Z,0.0000231,0x2daf797758a4372812bc67d6d166b3a387dcfd78,sell,0x27dce1ec4d3f72c3e457cc50354f1f975ddef488,0x766de775b1b5a19b47f17f159e87743292982de0eabfc5adf8a2c1bf086bba80
305,2500,0.06825,0x5776189dab7d6573453da4f4e6a6621a061bfd9a,2017-10-28T03:54:25.000Z,0.0000273,0x6873035172a9d986e31d8b4ecf108838af8e7e23,buy,0x27dce1ec4d3f72c3e457cc50354f1f975ddef488,0x27dcb846c0a478e24cfb40482693dbe92c429e0d561a86b1623ad34c15a06c50
306,0.0000273,25.935,0x5776189dab7d6573453da4f4e6a6621a061bfd9a,2017-10-28T03:53:35.000Z,950000,0x350f6f675b20d606bb7f6c412ef4775c9bc57168,sell,0x27dce1ec4d3f72c3e457cc50354f1f975ddef488,0xa825e3ad021a2c264cf95692e9befea23ddb57366cc71f5f62070a83e726f0e2
307,37037,1.0037027,0x70196fc249465a2c7b31d753cbe61e5a25cf5bca,2017-10-28T02:49:00.000Z,0.0000271,0xd42bd417c8e5042efe018f9bc49e28807a3d4b1f,buy,0x27dce1ec4d3f72c3e457cc50354f1f975ddef488,0xb831810a2a16e0dd489f3666d8aa5def1c3254dbdbacba192b23a1821632a647
308,5105.887,0.1353060055,0x70196fc249465a2c7b31d753cbe61e5a25cf5bca,2017-10-28T02:40:04.000Z,0.0000265,0x1006ecd6ec35d85a9d43cc12898369bfcee7f7ca,buy,0x27dce1ec4d3f72c3e457cc50354f1f975ddef488,0x7a19fbd728085183d60c21305277f65a8cb38419278637f828c0b80c5490b6fa
309,33000,0.8712,0x70196fc249465a2c7b31d753cbe61e5a25cf5bca,2017-10-28T02:39:30.000Z,0.0000264,0xcf2c609caf69e12c85d9b94a7743c33bf5c4c52e,buy,0x27dce1ec4d3f72c3e457cc50354f1f975ddef488,0xdd022a39f638a33400359827b92797ec8d5bf0e5af69d4003984db6d6b4bc4d0
310,475,0.010930225,0xcfd5d60e0f447636f1643cd9b7a9547062cb0863,2017-10-28T01:17:47.000Z,0.000023011,0x46371f0751e243fef7b626031cffb8489d47e6c0,sell,0x27dce1ec4d3f72c3e457cc50354f1f975ddef488,0x8ed666d1e3012c805788a20f8b781c8e6fb42f833bb821f1bb5c6f51625ca604
311,74768.71498355,1.7204281317714856,0x5776189dab7d6573453da4f4e6a6621a061bfd9a,2017-10-28T00:16:43.000Z,0.00002301,0x2815d75ee94c6f9099ea0d090eaf154d37ae5ffe,sell,0x27dce1ec4d3f72c3e457cc50354f1f975ddef488,0xdb2fda118c83b83bc7f85eabd500ed8aa8e60c2d48514303f80e983452aaad39
312,9971.56213434,0.2692321776272339,0x01fb009d5b0648a7e4777f28552ecbc40709b41a,2017-10-27T22:37:47.000Z,0.0000270000000000054,0x3c6438ddd1bca543953327b2cc6391df60a63982,buy,0x27dce1ec4d3f72c3e457cc50354f1f975ddef488,0xf0513f1cb1bbfaae54fb45bc6afdddb56870298286c92096a6a22818a22e8dde
313,1890,0.04914,0xa80e7163aaf5c829cdd5b49c49306f01cca43c46,2017-10-27T22:23:51.000Z,0.000026,0xf18521dc5c211dc0ed6c85b034d4f46d456950bb,sell,0x27dce1ec4d3f72c3e457cc50354f1f975ddef488,0xdebb0f1e3c50ccac9dac904a7899cc3a8f9f1911fabe902f12d3c52254f287e6
314,2910,0.07566,0xa80e7163aaf5c829cdd5b49c49306f01cca43c46,2017-10-27T22:21:59.000Z,0.000026,0xf18521dc5c211dc0ed6c85b034d4f46d456950bb,sell,0x27dce1ec4d3f72c3e457cc50354f1f975ddef488,0x50e2d42bac0fd0445d83c43e42e306fc49d8894bf1f6f0a778674a8e07a47bd9
315,100,0.0026,0xa80e7163aaf5c829cdd5b49c49306f01cca43c46,2017-10-27T22:11:17.000Z,0.000026,0x0db5e7924d87d2ec27876882e7af911a58050dd1,buy,0x27dce1ec4d3f72c3e457cc50354f1f975ddef488,0xc581f9a0bd543f2c91fcbb9d70fb4787cbadccc39844144086e9302069e6a5a0
316,29000,0.7975,0x1d0a3b2f93d3b0985dd733cb17605bef9ce6dbc4,2017-10-27T22:08:46.000Z,0.0000275,0x39b2a69f5aae6c45445bddbc9346ea63e9b831b7,buy,0x27dce1ec4d3f72c3e457cc50354f1f975ddef488,0x114347deb970c0d9b3a12771ee61e75619e9ab812616f2c01da12105bc35012a
317,52217.596,1.43807259384,0xaf28654d78f657c274a7cf512a9d5fdaf416b14e,2017-10-27T22:07:59.000Z,0.00002754,0x864f4efcd851f0f1a57a3a1eb37e2db6cb559d9d,buy,0x27dce1ec4d3f72c3e457cc50354f1f975ddef488,0x669f8b39b3b6e05f206dfda5affccd3dce0ba4e8a5fa0757944632e64aa8cc5d
318,36180,0.937062,0x1d0a3b2f93d3b0985dd733cb17605bef9ce6dbc4,2017-10-27T22:03:53.000Z,0.0000259,0x68d627304a6956f5a452a422a972a7a4428b213f,buy,0x27dce1ec4d3f72c3e457cc50354f1f975ddef488,0x8d07e57411ad965beb10a7e4a32d3decb1d49557d1d9e7d9a22f443c4bd4ec0d
319,8387.5,0.251625,0x8725583048cdb6c6c71366b58cabae9948fa0560,2017-10-27T21:18:48.000Z,0.00003,0xbfb1408d86b66925bfb4d108ddb8dac4d358a66d,buy,0x27dce1ec4d3f72c3e457cc50354f1f975ddef488,0x681468d8c9b9b117724e442c6804228649ffe096eddf2b9a96d2b4d04d5f34c4
320,6008.62495193,0.159228561226145,0x8725583048cdb6c6c71366b58cabae9948fa0560,2017-10-27T21:17:07.000Z,0.0000265,0x27ed907b8df48b7c90a16d9050915ee3fa2dd1e8,buy,0x27dce1ec4d3f72c3e457cc50354f1f975ddef488,0xd07c6a82cb65df8190e743d695fd1dbd75e392173d890f792fe97104d064bad6
321,1000,0.074999,0x8725583048cdb6c6c71366b58cabae9948fa0560,2017-10-27T21:14:06.000Z,0.000074999,0x0773dd752384d3d8714ceb1c28a199591c63cddc,buy,0x27dce1ec4d3f72c3e457cc50354f1f975ddef488,0x5241e88ed7d20e00939402ed5ecd00099c9a7bd62ea5b2de89493bdf6ad34397
322,897.21862227,0.08972186222709601,0x8725583048cdb6c6c71366b58cabae9948fa0560,2017-10-27T20:59:52.000Z,0.00010000000000010699,0xaad04b23ec07d378d151985455d85b689c38ad78,buy,0x27dce1ec4d3f72c3e457cc50354f1f975ddef488,0xadd75d4c0b5810022908d8e2521b60da5335ce19e1828d596bf8edd48695abe8
323,45000,1.035495,0x1ea6ef64d914b6cb1d689b3ed1b7cfdc4c0cd7fc,2017-10-27T20:42:07.000Z,0.000023011,0x04ab12ddf43cc2d2d517d5721920be1f10320f20,sell,0x27dce1ec4d3f72c3e457cc50354f1f975ddef488,0xdf2c485fba178ea4c641bf24a84f3ca0c9ecd07faf9b71cc0bbb19c4c3e98304
324,50000,1.295,0xbddb5d1b761672780bf4859e569f0b212cbf53c2,2017-10-27T19:10:28.000Z,0.0000259,0x16e9d38a9f4ee63385990f1a663b54f7aec14517,buy,0x27dce1ec4d3f72c3e457cc50354f1f975ddef488,0x199413def3f776e6050f723470d61d0995425cc51fe02532448ffa1b566b17a6
325,0.0000001,0.000000000002301,0x5776189dab7d6573453da4f4e6a6621a061bfd9a,2017-10-27T18:29:57.000Z,0.00002301,0x16e9d38a9f4ee63385990f1a663b54f7aec14517,sell,0x27dce1ec4d3f72c3e457cc50354f1f975ddef488,0x632b76bec8f829dc8dbee5802a3d5e9bd4684f231b0d92eb99053f2dedeaf051
326,0.00099076,0.000000022787579076,0xbddb5d1b761672780bf4859e569f0b212cbf53c2,2017-10-27T18:24:02.000Z,0.0000230001,0x16e9d38a9f4ee63385990f1a663b54f7aec14517,sell,0x27dce1ec4d3f72c3e457cc50354f1f975ddef488,0x8b7930677dbd93b9b23ee033d74a95e607b7129e14008afe1e976e9f143cc60f
327,9.93828711,0.00022858060353,0x864f4efcd851f0f1a57a3a1eb37e2db6cb559d9d,2017-10-27T18:19:06.000Z,0.000023,0x16e9d38a9f4ee63385990f1a663b54f7aec14517,sell,0x27dce1ec4d3f72c3e457cc50354f1f975ddef488,0xc8557d40d3350a789d9515ad65b75b6f0bc3b51f0c4510b999890c22edf287c1
328,11066.7,0.2766675,0x864f4efcd851f0f1a57a3a1eb37e2db6cb559d9d,2017-10-27T18:09:23.000Z,0.000025,0xd445f61ebca3d6b4c57eef1f39fdab6595ef8972,sell,0x27dce1ec4d3f72c3e457cc50354f1f975ddef488,0x4506b29418037f8075207266193633916dc1c5e4bd93dd683f6025c824e90aca
329,11100,0.25863,0xd445f61ebca3d6b4c57eef1f39fdab6595ef8972,2017-10-27T18:09:23.000Z,0.0000233,0x00f7384a65d427eac1bb9da2009652cec165fb63,buy,0x27dce1ec4d3f72c3e457cc50354f1f975ddef488,0x4506b29418037f8075207266193633916dc1c5e4bd93dd683f6025c824e90aca
330,8238.37637981,0.22655535044493835,0xbc7a1ba94bced5fea1b8808b3dccb38ce4a67f31,2017-10-27T17:57:03.000Z,0.00002750000000001982,0x39b2a69f5aae6c45445bddbc9346ea63e9b831b7,buy,0x27dce1ec4d3f72c3e457cc50354f1f975ddef488,0x1c1c7be46c47ad476d8436ebd849cc5c87a9df118314a6e7d923da3d7374e05d
331,7450,0.18625,0x864f4efcd851f0f1a57a3a1eb37e2db6cb559d9d,2017-10-27T17:57:03.000Z,0.000025,0xf18521dc5c211dc0ed6c85b034d4f46d456950bb,sell,0x27dce1ec4d3f72c3e457cc50354f1f975ddef488,0xded203844caedeaa77866b03f7153cc1ac7e74dad70337d916fd12382eda6f7d
332,99690.95803011,2.49227395075275,0x864f4efcd851f0f1a57a3a1eb37e2db6cb559d9d,2017-10-27T17:38:57.000Z,0.000025,0x16e9d38a9f4ee63385990f1a663b54f7aec14517,sell,0x27dce1ec4d3f72c3e457cc50354f1f975ddef488,0x41abb73ac5009a8a7976a574f3184dd35b1998a949bd3412b79819784ae53bf4
333,31625,0.8855,0xa2b950dc320f67bffe5824af17c665b1fd3423ec,2017-10-27T17:29:41.000Z,0.000028,0x45f8dc9181be85135ae9c83954bc4355f8c3da76,buy,0x27dce1ec4d3f72c3e457cc50354f1f975ddef488,0x34b57e0815a6071d4793c377e5f7369a1decf5b258881a780dc323f31ea9eaaf
334,4854,0.12615546,0xa2b950dc320f67bffe5824af17c665b1fd3423ec,2017-10-27T17:12:50.000Z,0.00002599,0x192a2c9ae6fc9a04bb696dbf547e695e8b8ee235,buy,0x27dce1ec4d3f72c3e457cc50354f1f975ddef488,0x80a6cd68f6e6de14552faa609b3cdf495b83eaadaccd3e083cfb04e34cf1a84e
335,2707.50473532,0.05960842425280512,0x1006ecd6ec35d85a9d43cc12898369bfcee7f7ca,2017-10-27T17:07:13.000Z,0.000022016,0x477f82d980886f99af92077bd7e7b9fef216343b,sell,0x27dce1ec4d3f72c3e457cc50354f1f975ddef488,0x1a65987dd23d9432cdb2556985de17cc811c61d46821e3a7c2eaa0b7a85731b6
336,5000,0.125,0xa2b950dc320f67bffe5824af17c665b1fd3423ec,2017-10-27T17:00:51.000Z,0.000025,0x2b14d3114e76f2bc502d711f77e0a9c59a7cd3b0,buy,0x27dce1ec4d3f72c3e457cc50354f1f975ddef488,0x9d85abfb5ac38375e46c43c2145322f07f0961802893eae4aaf3c6f0c444b4ba
337,100703,2.517575,0xa2b950dc320f67bffe5824af17c665b1fd3423ec,2017-10-27T17:00:40.000Z,0.000025,0xaa3d53cdb3cd3b5cdc2d5ebf7c4ef60503364c3d,buy,0x27dce1ec4d3f72c3e457cc50354f1f975ddef488,0xc7aff3d12dd5366ad146e95dcdc88f47f0d31bfbc7a2f6c5cb0c39ef299a289c
338,3790.89,0.09477225,0xa2b950dc320f67bffe5824af17c665b1fd3423ec,2017-10-27T16:58:39.000Z,0.000025,0xf0b6feeaff52411c0b9a750f41aaafbf288f4375,buy,0x27dce1ec4d3f72c3e457cc50354f1f975ddef488,0x81f32b5857b4a4017dbea3fac9a66a5875c20587a2160e2b68426cba16435a95
339,60760,1.45824,0xa2b950dc320f67bffe5824af17c665b1fd3423ec,2017-10-27T16:58:39.000Z,0.000024,0xe8f0cc52b0d087e4eaabe1de8c0bc01f83918ea9,buy,0x27dce1ec4d3f72c3e457cc50354f1f975ddef488,0xe36b7b4dc9f406593878db51a4f3a577f95c1ceff9a21d555c4793dae9dd2895
340,50000,1.2,0xa2b950dc320f67bffe5824af17c665b1fd3423ec,2017-10-27T16:57:24.000Z,0.000024,0x16e9d38a9f4ee63385990f1a663b54f7aec14517,buy,0x27dce1ec4d3f72c3e457cc50354f1f975ddef488,0xebb98b884735f33304369c173b9b891efc0c970db7d556421aadb304d9bc01d6
341,5884.513,0.141228312,0xa2b950dc320f67bffe5824af17c665b1fd3423ec,2017-10-27T16:56:54.000Z,0.000024,0x2b14d3114e76f2bc502d711f77e0a9c59a7cd3b0,buy,0x27dce1ec4d3f72c3e457cc50354f1f975ddef488,0xd5d04947d780d09ac9d6ab0114c827374e1f5252d2d133c233d23d74e6941198
342,7993.91,0.190255058,0xa2b950dc320f67bffe5824af17c665b1fd3423ec,2017-10-27T16:56:30.000Z,0.0000238,0xeba9184e53134a3031839c34e53889a4b26e0ec3,buy,0x27dce1ec4d3f72c3e457cc50354f1f975ddef488,0x6b4c9a8d5dfe26e9d8f1a6df363102a804d5f0f6bfc174d2b886261db296096c
343,50000,1.1895,0xa2b950dc320f67bffe5824af17c665b1fd3423ec,2017-10-27T16:55:54.000Z,0.00002379,0x16e9d38a9f4ee63385990f1a663b54f7aec14517,buy,0x27dce1ec4d3f72c3e457cc50354f1f975ddef488,0xdde89549f81180b0691437202993dcbf28ea8c5b8d52650b33091dd304cc3cee
344,50000,1.175,0xa2b950dc320f67bffe5824af17c665b1fd3423ec,2017-10-27T16:55:05.000Z,0.0000235,0xe8f0cc52b0d087e4eaabe1de8c0bc01f83918ea9,buy,0x27dce1ec4d3f72c3e457cc50354f1f975ddef488,0x3779819cbcb10c76e07b92594fca8c4abbf6ff13fbedb3d884f7c15250d0d77e
345,352.82470052,0.008220815522116,0xbc7a1ba94bced5fea1b8808b3dccb38ce4a67f31,2017-10-27T16:48:40.000Z,0.0000233,0x00f7384a65d427eac1bb9da2009652cec165fb63,buy,0x27dce1ec4d3f72c3e457cc50354f1f975ddef488,0xff0cb184ab49049a6c2e1af9237ce206f79363dd28e8fe6d9c5632d2b13f0ac0
346,2398.38227638,0.05280278419678208,0x1006ecd6ec35d85a9d43cc12898369bfcee7f7ca,2017-10-27T16:32:10.000Z,0.000022016,0x6d91f54040d517e2da18aff74f1a6ecd087b839d,sell,0x27dce1ec4d3f72c3e457cc50354f1f975ddef488,0x4da9048f2d2164da69905ff73be09c33b9919e847dc85c6e69f52594ca5f4512
347,47421.931,1.044088654827,0x4a5b3a4f933c5eb40aa0767339324d71b2bb9694,2017-10-27T16:31:20.000Z,0.000022017,0x6d91f54040d517e2da18aff74f1a6ecd087b839d,sell,0x27dce1ec4d3f72c3e457cc50354f1f975ddef488,0xe1399fb3c70f558eb0310c667c38d04706c42126dea18a5d9e57ba3cf1ae99fe
348,35000,0.80815,0x7be04849f100b799183ca26064f7fff2777a31e2,2017-10-27T16:23:17.000Z,0.00002309,0x16e9d38a9f4ee63385990f1a663b54f7aec14517,buy,0x27dce1ec4d3f72c3e457cc50354f1f975ddef488,0x3bcc1955c6bfbbbeeab0b42eaff6006c46dcf050811e04b2b67ab300c61acc1f
349,10000,0.22018,0x4a5b3a4f933c5eb40aa0767339324d71b2bb9694,2017-10-27T16:17:20.000Z,0.000022018,0x6d91f54040d517e2da18aff74f1a6ecd087b839d,sell,0x27dce1ec4d3f72c3e457cc50354f1f975ddef488,0x7795547a5d57c4ea798e98b7f1aa2a3bc2189b41904736cabac2345774bf48b7
350,49543.31187319,1.0907950975120242,0x4a5b3a4f933c5eb40aa0767339324d71b2bb9694,2017-10-27T14:40:12.000Z,0.000022017,0x740d4b3119b956c1d19608da39730499dbce4c01,sell,0x27dce1ec4d3f72c3e457cc50354f1f975ddef488,0x546b420f92045008d66165e0e23696dcd68117bf9434b18599dc3556ad183151
351,15000,0.34635,0xc2e7baeee8bd51a69b2ddb3e34c507203fc9d338,2017-10-27T13:55:14.000Z,0.00002309,0x16e9d38a9f4ee63385990f1a663b54f7aec14517,buy,0x27dce1ec4d3f72c3e457cc50354f1f975ddef488,0x8760367ed2151d35949ff9b9e55ed8195c839918176a5bde0daee5d012bb90f3
352,352.78942157,0.00635020958826,0x00f7384a65d427eac1bb9da2009652cec165fb63,2017-10-27T13:51:07.000Z,0.000018,0x00f7384a65d427eac1bb9da2009652cec165fb63,sell,0x27dce1ec4d3f72c3e457cc50354f1f975ddef488,0x38594a3cc0b50568c5a345793682b66764b3d0670421bb46c7cb36c7f21abb64
353,28.70773616,0.0006320008115624,0x4a5b3a4f933c5eb40aa0767339324d71b2bb9694,2017-10-27T13:33:47.000Z,0.000022015,0x343e61d78cf99c532875a6ba5a007c29283b5c75,sell,0x27dce1ec4d3f72c3e457cc50354f1f975ddef488,0x6e16f273a58a6ad3217c7106c17e2c1f75fda8e657b31d0d9cc07280b8e337e1
354,287967.30136576,6.339024204964475,0x5776189dab7d6573453da4f4e6a6621a061bfd9a,2017-10-27T13:30:39.000Z,0.000022013,0x343e61d78cf99c532875a6ba5a007c29283b5c75,sell,0x27dce1ec4d3f72c3e457cc50354f1f975ddef488,0x30157d668e10266750b85da672825a7e449c6923140ee796da83317d21153e89
355,54182.03568936,1.192763333665571,0x4a5b3a4f933c5eb40aa0767339324d71b2bb9694,2017-10-27T12:54:39.000Z,0.000022014,0x9778550d76b07ac9f5e57392f68ecdf6efc1774e,sell,0x27dce1ec4d3f72c3e457cc50354f1f975ddef488,0xc8a8d4bceb15ff5c344dd090b454e631b0bcc410ce95cf2abe03949070c56d1f
356,250000,5.75,0x5776189dab7d6573453da4f4e6a6621a061bfd9a,2017-10-27T12:38:04.000Z,0.000023,0x1eaa18a0e964d346f2b5182be3f97d7aab5145b9,buy,0x27dce1ec4d3f72c3e457cc50354f1f975ddef488,0x79f64f3e5b8133b7a6e1ce2bb842403620ce7a797527b4408b27de38680ef570
357,2990.7287409,0.065825939587209,0x8e3b72e61ab133f768fe915d8112806a58eb2f25,2017-10-27T10:41:17.000Z,0.00002201,0xc37eb484ea0395ce0f855bd5fb77b957cf06dfe2,sell,0x27dce1ec4d3f72c3e457cc50354f1f975ddef488,0x6cc451aab6a7bf47fb7315de91fcaa050a6d2dd66e030661a4bfd2fccb47fedc
358,1365.73223008,0.03004610906176,0x5776189dab7d6573453da4f4e6a6621a061bfd9a,2017-10-27T10:24:12.000Z,0.000022,0xa3d1ed43ba62d61a8687130770dda943dc7b59bd,sell,0x27dce1ec4d3f72c3e457cc50354f1f975ddef488,0xcbf617e7dc706d6ea7df39c1b046268504b64d0ad380cd9f9594653a7ca74d90
359,37360,0.82192,0x5776189dab7d6573453da4f4e6a6621a061bfd9a,2017-10-27T09:20:14.000Z,0.000022,0xf18521dc5c211dc0ed6c85b034d4f46d456950bb,sell,0x27dce1ec4d3f72c3e457cc50354f1f975ddef488,0x146ec5f6d9a479a35fc3aa7a7d3a61f9542e299eb4c3db89c9b29668a566d7c1
360,25000,0.5525,0xb4cfcb2b61bae99448176e1253a2916923cda0dc,2017-10-27T09:18:59.000Z,0.0000221,0xf18521dc5c211dc0ed6c85b034d4f46d456950bb,sell,0x27dce1ec4d3f72c3e457cc50354f1f975ddef488,0xa70e09d06f06d45aa11313d34ece5393e743179c61652f8491415ca211ad78b0
361,35000,0.81193,0xc3f52906ba50ab3661e83e001182aa19200e32a4,2017-10-27T08:55:33.000Z,0.000023198,0x4a5b3a4f933c5eb40aa0767339324d71b2bb9694,buy,0x27dce1ec4d3f72c3e457cc50354f1f975ddef488,0x8b258214a5afeb02805c43dacf592c70afddf212ea3fda60b87376c81e833c89
362,4780,0.10516,0x5776189dab7d6573453da4f4e6a6621a061bfd9a,2017-10-27T08:55:33.000Z,0.000022,0xf18521dc5c211dc0ed6c85b034d4f46d456950bb,sell,0x27dce1ec4d3f72c3e457cc50354f1f975ddef488,0x960d3f5b035f20e0a8487a11c593f142efd3bf8d43c27344d3e86f403fb23813
363,4780,0.10516,0x5776189dab7d6573453da4f4e6a6621a061bfd9a,2017-10-27T08:55:11.000Z,0.000022,0xf18521dc5c211dc0ed6c85b034d4f46d456950bb,sell,0x27dce1ec4d3f72c3e457cc50354f1f975ddef488,0x960d3f5b035f20e0a8487a11c593f142efd3bf8d43c27344d3e86f403fb23813
364,38931.331,0.90126031265,0xc3f52906ba50ab3661e83e001182aa19200e32a4,2017-10-27T08:52:18.000Z,0.00002315,0x00f7384a65d427eac1bb9da2009652cec165fb63,buy,0x27dce1ec4d3f72c3e457cc50354f1f975ddef488,0x340129c9535e64191223dd0936db5c7b5efad3efe109aa25866346c390f74fd0
365,16290,0.35838,0x5776189dab7d6573453da4f4e6a6621a061bfd9a,2017-10-27T08:51:34.000Z,0.000022,0xf18521dc5c211dc0ed6c85b034d4f46d456950bb,sell,0x27dce1ec4d3f72c3e457cc50354f1f975ddef488,0x75092f18f25aadd869de61ec27983b5cee8937ffa6282c6e9c00b539fa10a1c6
366,0.00000012,0.00000000000264,0x5776189dab7d6573453da4f4e6a6621a061bfd9a,2017-10-27T08:48:52.000Z,0.000022,0x16e9d38a9f4ee63385990f1a663b54f7aec14517,sell,0x27dce1ec4d3f72c3e457cc50354f1f975ddef488,0xe2e55b1ea145226361fdbc574356eac032ad50a76b0c65185b1c90231e99b4b6
367,39880,1.2406668,0x8e3b72e61ab133f768fe915d8112806a58eb2f25,2017-10-27T08:42:40.000Z,0.00003111,0x7aa6e2506316f6d613277d4f2f4e4e1dc55e528e,sell,0x27dce1ec4d3f72c3e457cc50354f1f975ddef488,0x93bc3845497b0acb23258e0aa1288f8704bb0357a8886ef85f7777f733599fe6
368,40000,0.92792,0x7aa6e2506316f6d613277d4f2f4e4e1dc55e528e,2017-10-27T08:42:40.000Z,0.000023198,0x4a5b3a4f933c5eb40aa0767339324d71b2bb9694,buy,0x27dce1ec4d3f72c3e457cc50354f1f975ddef488,0x93bc3845497b0acb23258e0aa1288f8704bb0357a8886ef85f7777f733599fe6
369,71.79316214,0.001662011703718473,0xb11154b3b7836e26881b9b1c678a548ba09553a4,2017-10-27T08:29:10.000Z,0.000023150000002472,0x00f7384a65d427eac1bb9da2009652cec165fb63,buy,0x27dce1ec4d3f72c3e457cc50354f1f975ddef488,0x9691c72db899d9b67ae350983b14e82efe62165a05ece1acad401e352ab9d742
370,0.00128363,0.00000002708587663,0xc3f52906ba50ab3661e83e001182aa19200e32a4,2017-10-27T08:23:51.000Z,0.000021101,0x16e9d38a9f4ee63385990f1a663b54f7aec14517,sell,0x27dce1ec4d3f72c3e457cc50354f1f975ddef488,0xb8989f9627d9eceef07d526bc46e797a31f7702da7efa8ed237fce425b207e1d
371,270,0.005805,0x0f1c1714510e15bfb053bc1b9252b711032b28de,2017-10-27T08:20:48.000Z,0.0000215,0xf18521dc5c211dc0ed6c85b034d4f46d456950bb,sell,0x27dce1ec4d3f72c3e457cc50354f1f975ddef488,0x4bde8c691ace88b1662b047019659a74a08dda51536d856d0083878c84504f9d
372,172500,3.993375,0x47af1437f674d4e79a66bf0ad6cc48d6979dc61d,2017-10-27T08:16:11.000Z,0.00002315,0x00f7384a65d427eac1bb9da2009652cec165fb63,buy,0x27dce1ec4d3f72c3e457cc50354f1f975ddef488,0x0c53980ffb9f45d588860dcdf4907001a6deb1fd2437a6b2910d91d9c8fe7cc7
373,12.87606037,0.000276835297955,0x0f1c1714510e15bfb053bc1b9252b711032b28de,2017-10-27T08:10:29.000Z,0.0000215,0x16e9d38a9f4ee63385990f1a663b54f7aec14517,sell,0x27dce1ec4d3f72c3e457cc50354f1f975ddef488,0x41e4f8935e282568d784151bb757ab06d23b52e47ba31e726589d4fa33e31df6
374,129159.76144604,2.71235499036684,0x5776189dab7d6573453da4f4e6a6621a061bfd9a,2017-10-27T08:08:32.000Z,0.000021,0x16e9d38a9f4ee63385990f1a663b54f7aec14517,sell,0x27dce1ec4d3f72c3e457cc50354f1f975ddef488,0xcd13b00e60b57309e6f597e9f037312b2bc3e3771a05c773eb0298ccda781f64
375,81565,1.6313,0x47af1437f674d4e79a66bf0ad6cc48d6979dc61d,2017-10-27T07:28:44.000Z,0.00002,0x7e48500ca7a75ce352c160f6e31a41e999f6626b,buy,0x27dce1ec4d3f72c3e457cc50354f1f975ddef488,0xf065c71211196af8bc726289be6e9e22656df77c68ddc69143dea64d343e2c2d
376,1391.34035807,0.0278128937578193,0xed9d2dd36a71170c2fb8c067da42433a82a2f6a2,2017-10-27T06:59:46.000Z,0.00001999,0xad33f43cb3ddc2dbd5a5eb09b12423066041a219,sell,0x27dce1ec4d3f72c3e457cc50354f1f975ddef488,0xf084428e45ec4082f28a95fa5fc0dbf8e30a4a397162105b0bf0620455fce98b
377,5.78805841,0.000115182362359,0xca0372418745d5499eb5bdc99fda28153cffd205,2017-10-27T06:15:01.000Z,0.0000199,0x2bdc160ca80bc28f37d81b6d16e88201b74aa7b9,sell,0x27dce1ec4d3f72c3e457cc50354f1f975ddef488,0x286c32024ac5eb0f26fb1767d9813078ffe2689c72b033573c1335d1efcae06b
