,amount,amountBase,buyer,date,price,seller,side,tokenAddr,txHash
0,0.13513513513513514,0.0005,0x4fda9e6bcd83af6c5cc771b5d20accc2b7720074,2017-11-02T11:55:33.000Z,0.0037,0x9a06fbfff4fc2a339927c1cbbde1a1fc23ce3c27,buy,0x888666ca69e0f178ded6d75b5726cee99a87d698,0x7cf06025f623aca7103cdfda2620a3e369766be80efd7b7e7549588c4e335015
1,0.13513513513513514,0.0005,0x3075f7f189912f4f425dd7021b9c396434197477,2017-11-02T11:39:25.000Z,0.0037,0x9a06fbfff4fc2a339927c1cbbde1a1fc23ce3c27,buy,0x888666ca69e0f178ded6d75b5726cee99a87d698,0xc545c43f7d88c4cec584c4b78ddea00d803e2309549548b2f953a10fd190064b
2,6.4148538348486355,0.021169017655000497,0x899888f5f43a4521dcb8163622853168b11c9f2f,2017-11-02T08:50:02.000Z,0.0033,0x51f2ad62552c62c7f888acf5ff89d6d9496cd0ab,sell,0x888666ca69e0f178ded6d75b5726cee99a87d698,0x37f77b72e9cc425402e3ee0f5bca90585b4f2d8aa4a816bd1a36bff1296e5c44
3,23,0.07613,0x342deb294ca54dc124fe0a3843160f02dc725803,2017-11-02T08:49:45.000Z,0.00331,0x51f2ad62552c62c7f888acf5ff89d6d9496cd0ab,sell,0x888666ca69e0f178ded6d75b5726cee99a87d698,0x6db191714bad741aed5fec53e33f36913af1cf00b2d6cef17344decbd69a7ad2
4,65.7960322998704,0.21712690658957232,0x22701cde349bc4cc64276676f827269b4bf1eb34,2017-11-01T23:33:11.000Z,0.0033,0x249c0c8291399b259711a497ab480b8b6105ea15,sell,0x888666ca69e0f178ded6d75b5726cee99a87d698,0xaaec5832ad69e4ad71a7fc5b07553ccef4a35795b0ab79f14e8f5a2dd3c97e24
5,279.2313827135879,0.92146356295484,0x22701cde349bc4cc64276676f827269b4bf1eb34,2017-11-01T19:46:51.000Z,0.0033,0x3efd9b0bd8e4595bc494539aca584821950106ee,sell,0x888666ca69e0f178ded6d75b5726cee99a87d698,0x1e5a22bd35225a2812ff368c7175f880bdb84e3b7ded26f7648c4af54420a805
6,5.25,0.0198975,0x38482dc0050dc32c66e41b9d5ae8b7383ec3bb49,2017-11-01T14:03:57.000Z,0.00379,0xfbf7dc0756a9768d0c71aea5f8421f3b1eaee7d1,buy,0x888666ca69e0f178ded6d75b5726cee99a87d698,0x6a9ec585fada61863d220ce7bba112d99e0b69b644207039702d16569e432432
7,218.92432302250424,0.7027470769022386,0x22701cde349bc4cc64276676f827269b4bf1eb34,2017-11-01T13:38:28.000Z,0.00321,0x6c723da0e2243be0d60a23801c00039b98ce35d6,sell,0x888666ca69e0f178ded6d75b5726cee99a87d698,0xc88d309eacf08441c7792057aa18ab5035e700cdf7ca37cd17c97eb448f37fcc
8,291.73123873993615,0.936457276355195,0x22701cde349bc4cc64276676f827269b4bf1eb34,2017-11-01T13:27:35.000Z,0.00321,0x6c723da0e2243be0d60a23801c00039b98ce35d6,sell,0x888666ca69e0f178ded6d75b5726cee99a87d698,0x5ec56d730a3bfe3c9e6e3d31383d07c3cfccdba0299619c2715b0c7b7f1c97fb
9,226.0558002996859,0.7256391189619917,0x22701cde349bc4cc64276676f827269b4bf1eb34,2017-11-01T12:47:04.000Z,0.00321,0x6c723da0e2243be0d60a23801c00039b98ce35d6,sell,0x888666ca69e0f178ded6d75b5726cee99a87d698,0xb3ea8ee3ccee7b64b585335749c7e3f9e9dd98c634fdd5a6905dd2b20609fb3f
10,315.73280614926705,1.0135023077391472,0x22701cde349bc4cc64276676f827269b4bf1eb34,2017-11-01T12:38:38.000Z,0.00321,0x6c723da0e2243be0d60a23801c00039b98ce35d6,sell,0x888666ca69e0f178ded6d75b5726cee99a87d698,0x692bcc098f9f02c8d01643a2a86229d5f2fd7eac27141eb43ff4b6a586bbe721
11,295.7784832976001,0.9494489313852962,0x22701cde349bc4cc64276676f827269b4bf1eb34,2017-11-01T12:34:49.000Z,0.00321,0x6c723da0e2243be0d60a23801c00039b98ce35d6,sell,0x888666ca69e0f178ded6d75b5726cee99a87d698,0x1ee7719b57bbeefc31421e5fad421bd840f752b331cc3018a7a410eee6d15e1c
12,563.965958226272,1.8103307259063333,0x22701cde349bc4cc64276676f827269b4bf1eb34,2017-11-01T12:26:59.000Z,0.00321,0x6c723da0e2243be0d60a23801c00039b98ce35d6,sell,0x888666ca69e0f178ded6d75b5726cee99a87d698,0x356e0978d2ada74609a892dfb13377a9022ab07056c12686ae58c49b5b8aa303
13,382.52696773499576,1.2279115664293365,0x22701cde349bc4cc64276676f827269b4bf1eb34,2017-11-01T12:24:23.000Z,0.00321,0x6c723da0e2243be0d60a23801c00039b98ce35d6,sell,0x888666ca69e0f178ded6d75b5726cee99a87d698,0xb979fe0efca78f1b74178a809d31d6c94203c12febb2bc0fab087d58adbcba3b
14,0.019349742671410184,0.000062112673975226,0x22701cde349bc4cc64276676f827269b4bf1eb34,2017-11-01T12:22:34.000Z,0.003209999999999964,0x6c723da0e2243be0d60a23801c00039b98ce35d6,sell,0x888666ca69e0f178ded6d75b5726cee99a87d698,0x19f1d3f8d0868c3a802612a26e77ed6dcb6e10a4ba3a94e7615070e7c70720e8
15,194.09726873691557,0.6230522326454989,0x22701cde349bc4cc64276676f827269b4bf1eb34,2017-11-01T12:11:24.000Z,0.00321,0x6c723da0e2243be0d60a23801c00039b98ce35d6,sell,0x888666ca69e0f178ded6d75b5726cee99a87d698,0xf3c565c8ffd4911e50299e6d64ab1e3f9a228f7b2d6fbaf6b6068c8f61513c75
16,500,1.61,0xfbf7dc0756a9768d0c71aea5f8421f3b1eaee7d1,2017-11-01T12:10:33.000Z,0.00322,0x6c723da0e2243be0d60a23801c00039b98ce35d6,sell,0x888666ca69e0f178ded6d75b5726cee99a87d698,0x35fae4b9f21ce75f5348d8d9bda59f0307047d7cdf44891ac68ee2c685d16cf5
17,133,0.42412104,0xbc0945c667fadc26b9bf39e586b15eeb901e7d1c,2017-11-01T01:50:35.000Z,0.00318888,0x51f2ad62552c62c7f888acf5ff89d6d9496cd0ab,sell,0x888666ca69e0f178ded6d75b5726cee99a87d698,0x078797cb4d3912f376b1e39df554d003961ee59072663c18ccd68634d055f8d2
18,4,0.012880004,0x4278bfeb88b7b802629cfb8ae7949e2dd7d75e2d,2017-11-01T00:58:07.000Z,0.003220001,0x51f2ad62552c62c7f888acf5ff89d6d9496cd0ab,sell,0x888666ca69e0f178ded6d75b5726cee99a87d698,0xdff065584216a795e130aa36bd886392c9e0f1bf747abac2414643e5dcf0d387
19,7,0.0266,0x090ea838b986b0788f5858d21ca054b316b180c8,2017-10-31T20:17:00.000Z,0.0038,0x51f2ad62552c62c7f888acf5ff89d6d9496cd0ab,buy,0x888666ca69e0f178ded6d75b5726cee99a87d698,0x46bf037ae259201adc1a9acbe7bac84da613e183e3f24679f47679aa9a407543
20,5,0.0175,0x244beb883da53d9f6169762af296e944aba5bb84,2017-10-31T10:46:06.000Z,0.0035,0x51f2ad62552c62c7f888acf5ff89d6d9496cd0ab,sell,0x888666ca69e0f178ded6d75b5726cee99a87d698,0x7972f2b74fdad8a20f4174e64631727e2aa87e6c950f43c804c614dc09048dd0
21,144,0.44962848,0x3dee4a4e076e8d82859d241db0baf46f112cfa23,2017-10-31T04:19:22.000Z,0.00312242,0x2dd2fa545e53712d50fa4ae81743cce8bf560ab9,sell,0x888666ca69e0f178ded6d75b5726cee99a87d698,0x8d245974f7a6d3502e17229e528bcb4a0df50be9a890adfcdc2636675f39ff3c
22,100,0.4069,0x70c2aa00460b3870a83a2336004edbb6bda91b08,2017-10-31T04:16:39.000Z,0.004069,0x254fb89e4cab71708eaab16e067ca8156a38e18a,buy,0x888666ca69e0f178ded6d75b5726cee99a87d698,0x77ad47b3f952725b981de75d7b41192e49990c22cb8cfbdc9638ab761be6b540
23,91,0.369733,0x70c2aa00460b3870a83a2336004edbb6bda91b08,2017-10-31T04:12:40.000Z,0.004063,0xfbf7dc0756a9768d0c71aea5f8421f3b1eaee7d1,buy,0x888666ca69e0f178ded6d75b5726cee99a87d698,0xdf1ae81a5602c9584dfdfc426a1c162dd32cfbe0d894a208967846d36c475410
24,0.01,0.00004065,0x0c4085d8e714ca77ac5f46cd2b80a92d238a7cd3,2017-10-31T00:59:31.000Z,0.004065,0xfbf7dc0756a9768d0c71aea5f8421f3b1eaee7d1,buy,0x888666ca69e0f178ded6d75b5726cee99a87d698,0x8f9304429c7f02a90495cf2908655bef6d410306c9bcdb713b3d3c644050c3c5
25,3.2189612202173263,0.010050918119961718,0x00e9007f40668774f5c1f7a233d77b64ec29270a,2017-10-31T00:35:20.000Z,0.00312241044,0x829ee8815677e6db239b7e8531710d17748786bf,sell,0x888666ca69e0f178ded6d75b5726cee99a87d698,0xb095d3ba4e535bf8e30793ee138cc85b21a5feb4ae3287d123dbfc81c9327c7f
26,1000,3.42222,0xbc0945c667fadc26b9bf39e586b15eeb901e7d1c,2017-10-31T00:34:21.000Z,0.00342222,0x829ee8815677e6db239b7e8531710d17748786bf,sell,0x888666ca69e0f178ded6d75b5726cee99a87d698,0xc72021f6f3397989d188c599cd0c640df74289a3c39cb944de6dfe80c7f860c6
27,6.978367062107467,0.025044521981856246,0xbc0945c667fadc26b9bf39e586b15eeb901e7d1c,2017-10-30T17:57:53.000Z,0.00358888,0xe5c5f7b4e7d4a86da73bb6a3e7fde89a9e8f1041,sell,0x888666ca69e0f178ded6d75b5726cee99a87d698,0x35157d95a7f55833c4b83dca2844954b51a0b5fae6c48bd25a080082441cdc3a
28,22.72056624464161,0.08154138578406939,0xbc0945c667fadc26b9bf39e586b15eeb901e7d1c,2017-10-30T16:48:34.000Z,0.00358888,0x4f441769ee5ab951c7571756e0716a18bf1e7676,sell,0x888666ca69e0f178ded6d75b5726cee99a87d698,0x9a507910183600d35ad383283d7c120debe746dc44479beb452e0a01e890c33d
29,49.74269435450433,0.18902721281655188,0xbc0945c667fadc26b9bf39e586b15eeb901e7d1c,2017-10-30T16:43:49.000Z,0.0038001,0x321bf47fad06a910809d06a8f996f5865a312687,sell,0x888666ca69e0f178ded6d75b5726cee99a87d698,0x654ddce7c6ba20ef7f0d4eb9cbcfc50495439b9bfc7e191c3bb36edfd13ffff6
30,269.7779107721762,1.0251838480590791,0xdd6d175523f04141484d8b4619a943afc880da28,2017-10-30T16:42:42.000Z,0.003800103,0x321bf47fad06a910809d06a8f996f5865a312687,sell,0x888666ca69e0f178ded6d75b5726cee99a87d698,0x4a12baf88f2dde245c7a9946c40efd10b9d8e6a890dac79bc09639c0b7e925f3
31,0.0960509607977,0.000365003544280222,0xdd6d175523f04141484d8b4619a943afc880da28,2017-10-30T02:31:33.000Z,0.0038001029999999983,0x379374d13077e8867ef31803c37baf9785a17c00,sell,0x888666ca69e0f178ded6d75b5726cee99a87d698,0x4593eeb9dea4ef11d36370d71d21384d01b9c79f0c8731cd7cd157eca4dca155
32,507.3541512886167,1.9279980323743262,0xdd6d175523f04141484d8b4619a943afc880da28,2017-10-30T01:56:18.000Z,0.003800103,0x9778550d76b07ac9f5e57392f68ecdf6efc1774e,sell,0x888666ca69e0f178ded6d75b5726cee99a87d698,0x6cd630bdb9bfaa5168096cb3aa6c97cda2c2e445e89ddf12fcec508b1e9e4071
33,99.49157611404645,0.3780779383909879,0xbc0945c667fadc26b9bf39e586b15eeb901e7d1c,2017-10-30T01:43:55.000Z,0.0038001,0x9778550d76b07ac9f5e57392f68ecdf6efc1774e,sell,0x888666ca69e0f178ded6d75b5726cee99a87d698,0xf36d109cf9c7f8f0077f2ce28b74bd197586c25b39973eb0c51828a72d0e9112
34,81,0.3221937,0xb356944dde459990dd5ac684591f31e6da06276b,2017-10-29T18:54:56.000Z,0.0039777,0x12d00b993bfd0422d6bde9aa63d96e0ab74fb636,buy,0x888666ca69e0f178ded6d75b5726cee99a87d698,0xea16ae9f002cc9e3b15d169c29ac265596b615740a15cfd082007339d899f6a6
35,61.722663333665636,0.23455229293426277,0xbc0945c667fadc26b9bf39e586b15eeb901e7d1c,2017-10-29T07:31:40.000Z,0.0038001,0x5488c55fabb24691efa3134e3f0a9326a082e5c8,sell,0x888666ca69e0f178ded6d75b5726cee99a87d698,0x89d4f71895801990f61a35a1699282ee6552cc56f8ba32daba44e9453b58c0c8
36,39.57995341969337,0.15040778099017676,0xbc0945c667fadc26b9bf39e586b15eeb901e7d1c,2017-10-29T04:07:35.000Z,0.0038001,0x51f2ad62552c62c7f888acf5ff89d6d9496cd0ab,sell,0x888666ca69e0f178ded6d75b5726cee99a87d698,0x18ffa1a94bc2beb5788f22665f9d929dd509b58ae835079f3947e333eee65e40
37,0.10660980810234541,0.0005,0xe444a40689f51f63bcd29910622035707d533d29,2017-10-28T20:39:29.000Z,0.00469,0xfbf7dc0756a9768d0c71aea5f8421f3b1eaee7d1,buy,0x888666ca69e0f178ded6d75b5726cee99a87d698,0x8fd82353819d0291f257f3647e26119b8d5f4528eb1783a9aef3d8f668211051
38,0.10660980810234541,0.0005,0x34f9560c63078eb61872a4dc2ccd20e21c34feaf,2017-10-28T20:37:40.000Z,0.00469,0xfbf7dc0756a9768d0c71aea5f8421f3b1eaee7d1,buy,0x888666ca69e0f178ded6d75b5726cee99a87d698,0x9c976f9111f9da2ab6e9d28de8de54ea4f8bf712fdb961bf9c2b78bc8c095804
39,49.46311277809021,0.1879647748680206,0xbc0945c667fadc26b9bf39e586b15eeb901e7d1c,2017-10-28T17:18:49.000Z,0.0038001,0x1ed014aec47fae44c9e55bac7662c0b78ae61798,sell,0x888666ca69e0f178ded6d75b5726cee99a87d698,0xb554bdffd4ae07f21d2c78e0cb472e6a57ff1fa73e056ca0f6ab27773954ae98
40,2.6014355497956334,0.009885455089223408,0xdd6d175523f04141484d8b4619a943afc880da28,2017-10-28T14:56:59.000Z,0.0038,0xa5f282efd8db8c66dc5dcfb5ab3bfccb2637d783,sell,0x888666ca69e0f178ded6d75b5726cee99a87d698,0x09062b8b9a4c994d619f29996a91912a32590e49bff34650b0a1094b08750518
41,3,0.012030003,0xf36990a2cb4d609e0a7d4f3bf884c0342d81fd3d,2017-10-28T13:44:10.000Z,0.004010001,0xa5f282efd8db8c66dc5dcfb5ab3bfccb2637d783,sell,0x888666ca69e0f178ded6d75b5726cee99a87d698,0xa4d086a0e9934621da6efcf4da3b73474daeecd838a22335a66c917765a6c3dd
42,19.93753611635651,0.08094639663240744,0x763d860eeb6d893afad3b35fa23f6ebeeada4185,2017-10-28T11:48:28.000Z,0.00406,0x51f2ad62552c62c7f888acf5ff89d6d9496cd0ab,sell,0x888666ca69e0f178ded6d75b5726cee99a87d698,0xd2d1e495d3d5e437a221078419156c29bfc8e40bab3c03444d062f0e08ef45d3
43,4.062463883643488,0.016493603367592563,0x763d860eeb6d893afad3b35fa23f6ebeeada4185,2017-10-28T08:37:40.000Z,0.00406,0x5efdca26e7cbb98c4f23a46d7a724c6c9148d0cf,sell,0x888666ca69e0f178ded6d75b5726cee99a87d698,0x7afda696f2a053a91edfd2e88e75cffa453e763833c401016a388a6fe5f2e7e1
44,28,0.10640028,0xe146142131ba3daa2751d0346df4e381711c411b,2017-10-28T08:36:46.000Z,0.00380001,0x5efdca26e7cbb98c4f23a46d7a724c6c9148d0cf,sell,0x888666ca69e0f178ded6d75b5726cee99a87d698,0xba53c6fdf9c3386426a05aa06f312e94abc655f2216210aa0c81af88ffb26c51
45,69,0.28688613,0x9abc09df0d1962c57187aa78243cf32213015567,2017-10-27T21:38:57.000Z,0.00415777,0x12d00b993bfd0422d6bde9aa63d96e0ab74fb636,buy,0x888666ca69e0f178ded6d75b5726cee99a87d698,0x15a364fd8c84de60577fcaead1430fe65cbbf98d1e7c0a3a392fee509baf8c7b
46,91.32289901305951,0.3707709699930216,0xfbf7dc0756a9768d0c71aea5f8421f3b1eaee7d1,2017-10-27T06:27:31.000Z,0.00406,0x828afb810208e8a9d5b2a27a02e0f0add4e48312,sell,0x888666ca69e0f178ded6d75b5726cee99a87d698,0x67f4688761fdd0bf014cb011d28e4f46a443ab3495a249a837335dc729f7ef97
47,161.55617585484995,0.5995349685973482,0xbc0945c667fadc26b9bf39e586b15eeb901e7d1c,2017-10-26T21:52:25.000Z,0.003711,0x241f3fe431dc9d4169365d6a72a9c34257bbd3f1,sell,0x888666ca69e0f178ded6d75b5726cee99a87d698,0x8b3a42dc37e1211b90d3b16409c7a7fa0aa851745e1ab4a1433346956d9200e0
48,34.706269395801485,0.15964883922068684,0xa9d33755afe205b037817a14d67d8fc2a874d8e9,2017-10-26T21:42:02.000Z,0.0046,0x512e3297b365d6b9799e7719f7e1097e7b82ff4b,buy,0x888666ca69e0f178ded6d75b5726cee99a87d698,0x3488ef1ac480b7f8d68a6c29eeada51b83a64e2b8bd7f8bbcebe0b169f3e923b
49,46.258,0.2035352,0xa9d33755afe205b037817a14d67d8fc2a874d8e9,2017-10-26T21:41:00.000Z,0.0044,0x99daacbc6d3cc495519938b1b9ae913a94caa1c1,buy,0x888666ca69e0f178ded6d75b5726cee99a87d698,0x87f22bda86a1304d6c014cbfda27a27c489cb0eb76a9f388707f36c44f267ffd
50,38.524605626883236,0.15795088307022126,0xa75fcdf436c9713b3757819f1fb235918749c3ba,2017-10-26T17:31:11.000Z,0.0041,0x99daacbc6d3cc495519938b1b9ae913a94caa1c1,sell,0x888666ca69e0f178ded6d75b5726cee99a87d698,0x62ed8b996363b7cbce641a0a85a11408dc45f162936de3deff3a1afe4170de19
51,1.79443724454192,0.007357192702621872,0xa75fcdf436c9713b3757819f1fb235918749c3ba,2017-10-26T17:13:58.000Z,0.0040999999999999995,0x721401aa4a6291bf7a1ae64abe51837adec09204,sell,0x888666ca69e0f178ded6d75b5726cee99a87d698,0xe5f98908981d670902b0b016297949d44c03b2b0fc736c47d4f9146b7481fca7
52,0.000000394321430661,0.000000001616717865,0xa75fcdf436c9713b3757819f1fb235918749c3ba,2017-10-26T00:54:42.000Z,0.004099999998199185,0xbaa211bed3c29e370ba7c8d06f5374c99423467b,sell,0x888666ca69e0f178ded6d75b5726cee99a87d698,0x57c256687fc354f878a8779ca73cf7c93b8957a2d38a14f9af4d22810e068ebf
53,0.003955438270958275,0.000016217296910928,0xa75fcdf436c9713b3757819f1fb235918749c3ba,2017-10-26T00:52:38.000Z,0.004099999999999765,0xbaa211bed3c29e370ba7c8d06f5374c99423467b,sell,0x888666ca69e0f178ded6d75b5726cee99a87d698,0xfee0533da35f4708f7c2c93b57f2836ca588d8b49f82419a428b31c8c3afd8e5
54,39.67700129598246,0.16267570531352807,0xa75fcdf436c9713b3757819f1fb235918749c3ba,2017-10-26T00:36:20.000Z,0.0041,0xbaa211bed3c29e370ba7c8d06f5374c99423467b,sell,0x888666ca69e0f178ded6d75b5726cee99a87d698,0x048421562560f9f2bf9108bf4238695d161cdedc03f02ad9a1d1dccc31b3a6c7
55,36,0.1656,0x3227c868fbf12dff24fee06e1784bec6f781e253,2017-10-25T15:27:45.000Z,0.0046,0x512e3297b365d6b9799e7719f7e1097e7b82ff4b,buy,0x888666ca69e0f178ded6d75b5726cee99a87d698,0xa7d79bd6f0283fd6c2ee44afd7988a822d8030d2831ec932afba631297cfa60b
56,28.753320188685276,0.13226527286795225,0x99daacbc6d3cc495519938b1b9ae913a94caa1c1,2017-10-25T15:06:57.000Z,0.0046,0x512e3297b365d6b9799e7719f7e1097e7b82ff4b,buy,0x888666ca69e0f178ded6d75b5726cee99a87d698,0x6e35e200f0e37c5f6e7de3bad5f0caa78f4cd85ed2e1455476367709a5d68d50
57,30,0.138,0x99daacbc6d3cc495519938b1b9ae913a94caa1c1,2017-10-25T09:52:59.000Z,0.0046,0x512e3297b365d6b9799e7719f7e1097e7b82ff4b,buy,0x888666ca69e0f178ded6d75b5726cee99a87d698,0xe8c4b8c7c92b39cb1fdd6c32edfc9322c371baa478d40411c8e79a96ac07e261
58,19,0.094981,0x99daacbc6d3cc495519938b1b9ae913a94caa1c1,2017-10-25T09:31:58.000Z,0.004999,0xbc0945c667fadc26b9bf39e586b15eeb901e7d1c,buy,0x888666ca69e0f178ded6d75b5726cee99a87d698,0x45e3bf0a7ede6b90b6ffe36bf4d167ae69805b3cff81a95035ced4a8ef891387
59,7.145,0.032859847855,0x99daacbc6d3cc495519938b1b9ae913a94caa1c1,2017-10-25T09:25:15.000Z,0.004598999,0xe30a80fc2f4f97a6a7d9e030cd9369634fe1045b,buy,0x888666ca69e0f178ded6d75b5726cee99a87d698,0x7cbdd1c9c4b646f4d88ca43dfbc019157799b5c68a90d7f591addc6f7e36a0b4
60,2,0.009197998,0x0858d0a55fb5fd8da674edd6d36b8b56a458c11e,2017-10-25T01:14:40.000Z,0.004598999,0xe30a80fc2f4f97a6a7d9e030cd9369634fe1045b,buy,0x888666ca69e0f178ded6d75b5726cee99a87d698,0x94114352574a5d0816dd2a06acfb2af5c5b4b80b385cb9891bcd746dba3768fb
61,44.981,0.2069126,0x9abc09df0d1962c57187aa78243cf32213015567,2017-10-24T23:22:04.000Z,0.0046,0x512e3297b365d6b9799e7719f7e1097e7b82ff4b,buy,0x888666ca69e0f178ded6d75b5726cee99a87d698,0xb27911417e76dca4eceaf3d1210d0f580647ae1a27709ea1b547420d7683a2cb
62,5.089412112970987,0.023411295719666537,0x9abc09df0d1962c57187aa78243cf32213015567,2017-10-24T23:21:05.000Z,0.0046,0x512e3297b365d6b9799e7719f7e1097e7b82ff4b,buy,0x888666ca69e0f178ded6d75b5726cee99a87d698,0x9112d21288cc762388dbf0e5aa1d91a8b22a73448cd2895b8a397f903b5eaac8
63,98.688,0.4539648,0x9abc09df0d1962c57187aa78243cf32213015567,2017-10-24T22:25:01.000Z,0.0046,0x512e3297b365d6b9799e7719f7e1097e7b82ff4b,buy,0x888666ca69e0f178ded6d75b5726cee99a87d698,0xd9acc9f8eeb5a945e6e9584aa091d8f31c6499fb02c9589fe2afff70023464e2
64,27.012,0.121554,0x9abc09df0d1962c57187aa78243cf32213015567,2017-10-24T22:21:05.000Z,0.0045,0x492842125e4c3a7d10cda0e0291ea22788e4ad60,buy,0x888666ca69e0f178ded6d75b5726cee99a87d698,0x21faab667687f3e88bca56b29f527176593f8abf1350a259adad0e27819361b2
65,197.051,0.89658205,0x9abc09df0d1962c57187aa78243cf32213015567,2017-10-24T22:20:32.000Z,0.00455,0x12b023510137e1a2cbc6954e1cfc7c7a86865b0f,buy,0x888666ca69e0f178ded6d75b5726cee99a87d698,0x2d2b374d3f26721b233486ea10693ab1f8381b4616525da595f65e53d95e264f
66,2.248981093415467,0.010232863975040377,0x9abc09df0d1962c57187aa78243cf32213015567,2017-10-24T22:17:45.000Z,0.00455,0x12b023510137e1a2cbc6954e1cfc7c7a86865b0f,buy,0x888666ca69e0f178ded6d75b5726cee99a87d698,0xf08c597a0e6658f4e3ce4215075b3d5a008ddc807baf86da7ddbf86ec7f47b5b
67,74.44,0.342424,0x9abc09df0d1962c57187aa78243cf32213015567,2017-10-24T11:49:09.000Z,0.0046,0x512e3297b365d6b9799e7719f7e1097e7b82ff4b,buy,0x888666ca69e0f178ded6d75b5726cee99a87d698,0xf8b9555a97a797effa1ee46ab77371c4cdc4f3dfac4eb8ecf2630bfdf2da2cfc
68,150,0.555315,0x0a7914e4aa693e40dd5e55c78f72568be0c52884,2017-10-24T07:37:48.000Z,0.0037021,0xb2460f5d27c6d02f163b9c480fc0632645d21e8c,sell,0x888666ca69e0f178ded6d75b5726cee99a87d698,0x8aa11e9b892ce1221c5a8e49dc714f95dbd4da1067004704f3c8d2f8092edec2
69,30,0.11106,0xa66f08f184187245a7fc34c6feef5a0a8775b3f2,2017-10-24T07:37:48.000Z,0.003702,0xb2460f5d27c6d02f163b9c480fc0632645d21e8c,sell,0x888666ca69e0f178ded6d75b5726cee99a87d698,0x189937827b5914c4ac4a802b9c35fd57a8cf38fe85c24f08cfd299a489323fe1
70,50,0.19225,0x200c227e4227c4d24bbea017e4939e7c0053bccc,2017-10-24T07:37:48.000Z,0.003845,0xb2460f5d27c6d02f163b9c480fc0632645d21e8c,sell,0x888666ca69e0f178ded6d75b5726cee99a87d698,0xeab3d9c7538ee921aae0a33287af843b7c3c25a5cd8b8cd046c7b2ab05b7606a
71,40,0.15552,0xb0d2ce3e2bfbc1a47dbfe5b3eef5335284dfeb49,2017-10-24T07:37:41.000Z,0.003888,0xb2460f5d27c6d02f163b9c480fc0632645d21e8c,sell,0x888666ca69e0f178ded6d75b5726cee99a87d698,0xdfa0bfe96eb8e90db2f79852a63517bf13b55775990bf8316bd3341cbba79e7a
72,10,0.039,0x9abc09df0d1962c57187aa78243cf32213015567,2017-10-24T07:23:23.000Z,0.0039,0xb2460f5d27c6d02f163b9c480fc0632645d21e8c,sell,0x888666ca69e0f178ded6d75b5726cee99a87d698,0x98935051d355ace8d008726498900f923928f96d778ff1fa2612f18ffd795f05
73,40,0.1564,0xd98a3954353055ab642c9159c7f3b25dac2dc29b,2017-10-24T07:22:52.000Z,0.00391,0xb2460f5d27c6d02f163b9c480fc0632645d21e8c,sell,0x888666ca69e0f178ded6d75b5726cee99a87d698,0x1ded6737e5188d1cf66f7f1f4503b7ccc67f121ccef53095407add251c24720f
74,248.236,0.9743263,0x3906cb7e313657cf39bae08a74cba4960f7f5b5b,2017-10-24T07:21:32.000Z,0.003925,0xb2460f5d27c6d02f163b9c480fc0632645d21e8c,sell,0x888666ca69e0f178ded6d75b5726cee99a87d698,0x9989aa46d883e6fe4bd06caae97501cc9c41c4ec5d327057b66a92bb0628b188
75,60,0.2358072,0x200c227e4227c4d24bbea017e4939e7c0053bccc,2017-10-24T07:21:28.000Z,0.00393012,0xb2460f5d27c6d02f163b9c480fc0632645d21e8c,sell,0x888666ca69e0f178ded6d75b5726cee99a87d698,0x8e02cf15d5beda38960f2e0c2016ad9d1cffad032a29f2dd4e606d7dc2b46428
76,100,0.3930121,0x48eaedfa6ab55f414a433f0778f55ed9b827e822,2017-10-24T07:21:28.000Z,0.003930121,0xb2460f5d27c6d02f163b9c480fc0632645d21e8c,sell,0x888666ca69e0f178ded6d75b5726cee99a87d698,0xb8e70d7ba9b123b3c066b2413e6fe7dfb83cb141e80d26bef51472826bc1ee1e
77,14,0.0644,0x45cfb7fc554ca7f3490062473431ba0116384d72,2017-10-24T05:41:01.000Z,0.0046,0x512e3297b365d6b9799e7719f7e1097e7b82ff4b,buy,0x888666ca69e0f178ded6d75b5726cee99a87d698,0xdae80c8ba25a6dcd0266439201b40c78ed90cd424e24738dd1bc1f1958ef248e
78,80.78937927208263,0.3716311446515801,0x00c41efb72911def11bb11f56d1b959c2b1dbdaa,2017-10-24T02:56:47.000Z,0.0046,0x512e3297b365d6b9799e7719f7e1097e7b82ff4b,buy,0x888666ca69e0f178ded6d75b5726cee99a87d698,0x36ba631f091f832dbe322ddb81607c68fdc58d939ea7203b2843456d7819f766
79,11.763533047552587,0.0461718672116439,0x3906cb7e313657cf39bae08a74cba4960f7f5b5b,2017-10-23T17:11:36.000Z,0.003925,0x41a0aa5b85c96e33dcf9cd057fb33291db3387de,sell,0x888666ca69e0f178ded6d75b5726cee99a87d698,0x70b2470cbe2ad4f88c7f1b94cd63dd427ce23f9b5bfa6bb71d6df49848c9280d
80,41.54655471144266,0.19938191606021333,0xd46d78a9bf0cfb63b590d2dca815a26aead179c7,2017-10-23T14:33:13.000Z,0.004799,0xbc0945c667fadc26b9bf39e586b15eeb901e7d1c,buy,0x888666ca69e0f178ded6d75b5726cee99a87d698,0x84a2f7b890f4a2bbcea5836a82bf1c67a5137784311c05662f2935336afdb83d
81,1.2,0.0057588,0xf7de3f40dcceff9e5c7c345046beed7afe825486,2017-10-23T02:27:05.000Z,0.004799,0xa5f282efd8db8c66dc5dcfb5ab3bfccb2637d783,buy,0x888666ca69e0f178ded6d75b5726cee99a87d698,0x721ac9e113c6d3dc73a165d222143b7e861e09a07d3924046135cad3019ebe2f
82,3.6965407237563555,0.014213199082843186,0x200c227e4227c4d24bbea017e4939e7c0053bccc,2017-10-22T19:36:41.000Z,0.003845,0xa300e3aa8e5c53a93e598ba6e685a84a9cd1059c,sell,0x888666ca69e0f178ded6d75b5726cee99a87d698,0x0ff5f177037ba059ca722d272769f8f1ae0f5a34bfd288eb5dea98c2c8229405
83,1,0.004799,0xe1fa699860444be91d366c21de8fef56e3dec77a,2017-10-22T18:24:44.000Z,0.004799,0xbc0945c667fadc26b9bf39e586b15eeb901e7d1c,buy,0x888666ca69e0f178ded6d75b5726cee99a87d698,0x4256fdaf596b4f42098eabbd72e24f192e1eec14e6041eafd858621d8fbab308
84,2.1973693814174178,0.008448885271549971,0x200c227e4227c4d24bbea017e4939e7c0053bccc,2017-10-22T12:46:38.000Z,0.003845,0xa41ceb74324fd3369f7dc24c05aa2e895096c293,sell,0x888666ca69e0f178ded6d75b5726cee99a87d698,0xb49e72c14de8df28a9e0f4da773b42126da9045cf17ef63e06aecea8f89fd0f8
85,0.7934743504488417,0.00313025631252068,0x200c227e4227c4d24bbea017e4939e7c0053bccc,2017-10-22T12:45:18.000Z,0.003944999999999999,0xa41ceb74324fd3369f7dc24c05aa2e895096c293,sell,0x888666ca69e0f178ded6d75b5726cee99a87d698,0x38b97a1495a6281997c8f20148ee22f10a46e0dec8b4fd368aa16e34af6cf274
86,68.20652564955115,0.2690747436874793,0x200c227e4227c4d24bbea017e4939e7c0053bccc,2017-10-22T03:08:15.000Z,0.003945,0x3dee4a4e076e8d82859d241db0baf46f112cfa23,sell,0x888666ca69e0f178ded6d75b5726cee99a87d698,0x7dcc8f5fc8b76ff82b7096cc08c27359f7bd172b43d13e8420c40fbe61c55966
87,208,0.82368,0x4a469f259a1398bcaf7a6f3e0a41eb40f4a062dc,2017-10-22T03:07:39.000Z,0.00396,0x3dee4a4e076e8d82859d241db0baf46f112cfa23,sell,0x888666ca69e0f178ded6d75b5726cee99a87d698,0x75515346807a6754c7cce62925f2bf5b6d7c32365bdc1e46b6badedc6e30c918
88,419.65879064766824,1.666045398871243,0x8130587fba11e84c3924115ef4871c4591b364ef,2017-10-22T03:00:58.000Z,0.00397,0x3dee4a4e076e8d82859d241db0baf46f112cfa23,sell,0x888666ca69e0f178ded6d75b5726cee99a87d698,0x04aa86d86ef5403bc1d737dbce8a480eb5b5be4a0af7ee6f3f2ca6e7ae18e7cf
89,297.32898676003816,1.1803960774373514,0x8130587fba11e84c3924115ef4871c4591b364ef,2017-10-22T02:49:14.000Z,0.00397,0x3dee4a4e076e8d82859d241db0baf46f112cfa23,sell,0x888666ca69e0f178ded6d75b5726cee99a87d698,0xaa30c207020927bb4bc2b5d6f4a7dd015a950000135e2241d7d2e3d3cebad74f
90,3.3,0.0158367,0xd9283d78f34b45d93e963e4ab9f46e2b87480e74,2017-10-22T02:01:59.000Z,0.004799,0xbc0945c667fadc26b9bf39e586b15eeb901e7d1c,buy,0x888666ca69e0f178ded6d75b5726cee99a87d698,0x008cbd79e8d42233ab3022c34c20dbf41acf440600dd6a2df01159bbf1614354
91,9.307,0.04039238,0xd9283d78f34b45d93e963e4ab9f46e2b87480e74,2017-10-22T02:00:20.000Z,0.00434,0x7fccf060abf989d5675fa0a3dd7f5ee2a5945837,buy,0x888666ca69e0f178ded6d75b5726cee99a87d698,0xb4975f1ed2a023ed909f0b48710b03c78d12adcb1ff7964ce57bc9d2bc507ef9
92,7.939475245030991,0.03136092721787241,0x8130587fba11e84c3924115ef4871c4591b364ef,2017-10-21T22:10:51.000Z,0.0039499999999999995,0x639525663d0334d129ed7b89e19495bf4a2871d5,sell,0x888666ca69e0f178ded6d75b5726cee99a87d698,0x043b9e3274ddb44fa775fd0353b7a414db307077fe793d1469a7ad5c4ac2dad9
93,91.8,0.3671082,0x33cf9fbbcd40cb3ef632a63907eb17555d49ee54,2017-10-21T22:09:02.000Z,0.003999,0x639525663d0334d129ed7b89e19495bf4a2871d5,sell,0x888666ca69e0f178ded6d75b5726cee99a87d698,0xbd0ee7fef4bc460d4f78d45d054724dff353764c212af632f7873bf77480cd6b
94,67,0.2948,0xada754b500d5b1f588a67c392e445f20beb5cb98,2017-10-21T21:39:12.000Z,0.0044,0x51f2ad62552c62c7f888acf5ff89d6d9496cd0ab,buy,0x888666ca69e0f178ded6d75b5726cee99a87d698,0xee1043c5a389bec76549362c5bbefe2bd1227eaa0408fc4245a17e2b6b300280
95,24.2,0.0967758,0x33cf9fbbcd40cb3ef632a63907eb17555d49ee54,2017-10-21T20:19:01.000Z,0.003999,0xbab9d87bbf834aebf6203af0a2d4d6f26244e4d9,sell,0x888666ca69e0f178ded6d75b5726cee99a87d698,0xd9109e4b96d2441ceb6a72ed47dc17e7dc8ef8e1b8049d99fd13cf39ee78a749
96,604.7365788360239,2.4189463153440958,0x8130587fba11e84c3924115ef4871c4591b364ef,2017-10-21T20:07:21.000Z,0.004,0xbab9d87bbf834aebf6203af0a2d4d6f26244e4d9,sell,0x888666ca69e0f178ded6d75b5726cee99a87d698,0x348b8c45ab76be0a57824a68df281e8af89cc8d94a2ee1e9156fc1ab3e044d79
97,15.210416964524917,0.06084166785809966,0x8130587fba11e84c3924115ef4871c4591b364ef,2017-10-21T19:19:49.000Z,0.004,0xacd435884b803bb1847bc0e5a198400fe2bcaf1a,sell,0x888666ca69e0f178ded6d75b5726cee99a87d698,0xf6f100c6c8ea9999adf620901ee37fcd801218f09a6a6877098d5fd0e12acb86
98,78.26737114943674,0.31306948459774697,0x8130587fba11e84c3924115ef4871c4591b364ef,2017-10-21T18:27:07.000Z,0.004,0xacd435884b803bb1847bc0e5a198400fe2bcaf1a,sell,0x888666ca69e0f178ded6d75b5726cee99a87d698,0x5f8ca9e10eab93bdf9dc646e839e0986b177c98aa7fa7d78e5806b523133c879
99,100,0.4,0x8130587fba11e84c3924115ef4871c4591b364ef,2017-10-21T17:31:53.000Z,0.004,0x51f2ad62552c62c7f888acf5ff89d6d9496cd0ab,sell,0x888666ca69e0f178ded6d75b5726cee99a87d698,0x8d7e93f1ab3ad214afe31ba09ae5a5f349bb3c528cac12bdfd772733f2a63ca2
100,201.78563305001438,0.8071425322000575,0x8130587fba11e84c3924115ef4871c4591b364ef,2017-10-21T15:45:43.000Z,0.004,0x9e1477cd68e8e375705ccb3dcf5764fe901de3ef,sell,0x888666ca69e0f178ded6d75b5726cee99a87d698,0x9f4c3a94498037d8453845d5bca518f37afe29ad6fbaa5fbd27b822948ed6907
101,42.93381005735851,0.17225907564594387,0x48eaedfa6ab55f414a433f0778f55ed9b827e822,2017-10-21T15:41:08.000Z,0.004012201,0x9e1477cd68e8e375705ccb3dcf5764fe901de3ef,sell,0x888666ca69e0f178ded6d75b5726cee99a87d698,0x9dbc4b400c99e9b929d7d1f4cfd420b97f169f3585db207637e53aaf95003abf
102,7.066189942641495,0.028350974354056147,0x48eaedfa6ab55f414a433f0778f55ed9b827e822,2017-10-21T11:45:48.000Z,0.004012201,0x3dee4a4e076e8d82859d241db0baf46f112cfa23,sell,0x888666ca69e0f178ded6d75b5726cee99a87d698,0x3717ee16f6462c5817829ddaf87fee08aa769069c2e951ea229876ce56a8a6cf
103,272.7769347395384,1.0941628406272361,0x8130587fba11e84c3924115ef4871c4591b364ef,2017-10-21T07:04:24.000Z,0.0040112,0xc17a0baabe0a4397c2e91b67b4dd8c102b1043b2,sell,0x888666ca69e0f178ded6d75b5726cee99a87d698,0x4f095f2ee023afaf2ccab80361518e446d591236a1954908c3094a5ffe6114c2
104,296.012,1.1876593464,0xbc0945c667fadc26b9bf39e586b15eeb901e7d1c,2017-10-21T07:01:36.000Z,0.0040122,0xc17a0baabe0a4397c2e91b67b4dd8c102b1043b2,sell,0x888666ca69e0f178ded6d75b5726cee99a87d698,0xbb429a6fad6e9686258ce39dad5185d2be30c743db899410fe0dbdf74910081d
105,50.37574754429149,0.24180358821259917,0x1da251119e3a70bcb4aed858bd2acccff2155077,2017-10-20T22:18:25.000Z,0.0048,0x8130587fba11e84c3924115ef4871c4591b364ef,sell,0x888666ca69e0f178ded6d75b5726cee99a87d698,0xf59bc5427f20608693bf419e5f6aafb24a4f22902aa4ac1f8bfd6dcf48161ec2
106,28.624252455708508,0.13739641178740084,0x1da251119e3a70bcb4aed858bd2acccff2155077,2017-10-20T21:38:47.000Z,0.0048,0xd814d3ee1c1a995ff006b35ab31a95ea8526f48a,sell,0x888666ca69e0f178ded6d75b5726cee99a87d698,0x3cde864f0d5e9e5f936614d1e9b38a75cbbb5f8a5e0b1ac314ddb0842dea509e
107,1.988,0.0079762536,0xbc0945c667fadc26b9bf39e586b15eeb901e7d1c,2017-10-20T18:53:45.000Z,0.0040122,0xa41ceb74324fd3369f7dc24c05aa2e895096c293,sell,0x888666ca69e0f178ded6d75b5726cee99a87d698,0x31b0ac10144bcc7b460851a97f469bc391ba57cd935a2a40fefa2752352045e0
108,2,0.0080244,0xbc0945c667fadc26b9bf39e586b15eeb901e7d1c,2017-10-20T16:45:09.000Z,0.0040122,0xa41ceb74324fd3369f7dc24c05aa2e895096c293,sell,0x888666ca69e0f178ded6d75b5726cee99a87d698,0xdb9e57993071c19b3a76b40f1c424e180953d91a392719695e59eb1b7544e0d1
109,7.079,0.02840250538,0x3dee4a4e076e8d82859d241db0baf46f112cfa23,2017-10-20T15:15:01.000Z,0.00401222,0xacbfc7c92c2681b532afc7ed4867d5247a82d7ba,sell,0x888666ca69e0f178ded6d75b5726cee99a87d698,0xeb8ed543d7f3ad5cdae9f325acd82112c436b68792e600b64af84be8d502c1fb
110,51.151,0.204655151,0x8130587fba11e84c3924115ef4871c4591b364ef,2017-10-20T15:15:01.000Z,0.004001,0xacbfc7c92c2681b532afc7ed4867d5247a82d7ba,sell,0x888666ca69e0f178ded6d75b5726cee99a87d698,0x9522359e1790c48a077da2721ad3049baa9bf679f5fc81cd3eced4658b07a696
111,200,0.598,0x8d71cd37bc1c715f6d4e9b5d68aa17a8b42cac87,2017-10-20T15:15:01.000Z,0.00299,0xacbfc7c92c2681b532afc7ed4867d5247a82d7ba,sell,0x888666ca69e0f178ded6d75b5726cee99a87d698,0xd991417e0542f282d7a8c97a24cd47ea6002813c91ff16e0702281c91bbf9bfd
112,332.9208195497159,1.335751570613761,0x3dee4a4e076e8d82859d241db0baf46f112cfa23,2017-10-20T13:47:11.000Z,0.00401222,0x40bc07243c1a5ca4f9b390525e732ca8e16ca405,sell,0x888666ca69e0f178ded6d75b5726cee99a87d698,0x928347de15f78253cf9a31f3bd214455be5d7b63f2f2ff8bd9c180f67de4300f
113,227,0.9107694,0x669f0ab96fd3beb68bc836bb874894bbb516331a,2017-10-20T09:13:12.000Z,0.0040122,0x7b521dd7d98bbd54d369770583b3c7478e9ae534,buy,0x888666ca69e0f178ded6d75b5726cee99a87d698,0x422892f8c16c89780fb143210e024129c5e044f10aec9c1879fa69ee17524823
114,6,0.0310199994,0xd81179a077efdf7dba1e5b7c56e27199c7b41e35,2017-10-20T03:56:01.000Z,0.0051699999,0x00e9007f40668774f5c1f7a233d77b64ec29270a,buy,0x888666ca69e0f178ded6d75b5726cee99a87d698,0xa0143c3cdd2e6743a4f217f8415e030be55b44ee9fa2236680c2ca0ec05052bd
115,100,0.518,0xc95653ca489c7a507787a361897cee36561bd833,2017-10-19T22:54:06.000Z,0.00518,0x8130587fba11e84c3924115ef4871c4591b364ef,sell,0x888666ca69e0f178ded6d75b5726cee99a87d698,0x66ea62926205b7285729656032ce6171f04539b4335ddfdd135a79aacdca0dd3
116,117.42751142458378,0.47101349107514806,0x3dee4a4e076e8d82859d241db0baf46f112cfa23,2017-10-19T16:47:42.000Z,0.0040111,0x5f14d9bf5a30d83e2f12fac8d42872d5571bc843,sell,0x888666ca69e0f178ded6d75b5726cee99a87d698,0x41bac48a13456c10ceb27beb2c4f0190042827f20dcb7fff973eaad4025201de
117,436.84736217725055,1.7521947696929518,0x8130587fba11e84c3924115ef4871c4591b364ef,2017-10-19T14:37:04.000Z,0.004011,0xf545d3611c5d89e265e5ac9eb35a94a10b6be427,sell,0x888666ca69e0f178ded6d75b5726cee99a87d698,0x4716d9e1d3bfeb63383050f923165d667d1c3298a41b718596dbec4e4cb4191a
118,0.09,0.000466829964,0x6cdea8e07bf82d7a07dbf36642d6e5be8623845c,2017-10-19T13:54:25.000Z,0.0051869996,0x00e9007f40668774f5c1f7a233d77b64ec29270a,buy,0x888666ca69e0f178ded6d75b5726cee99a87d698,0x124e3fffad19e119ab2eb5831463cc7d71840bdf468b617ee0e22527e8a58b4b
119,0.09938979751433291,0.000398652477829989,0x8130587fba11e84c3924115ef4871c4591b364ef,2017-10-19T09:55:56.000Z,0.004010999999999997,0x53ff3caa4f9fbbf67ded92f59f910f8611174a46,sell,0x888666ca69e0f178ded6d75b5726cee99a87d698,0xf29f923111ca795dcfcf02d61daafdce19065f0b6442bb8abf8974a8ec8bdb95
120,394.8761829058659,1.5838483696354282,0x8130587fba11e84c3924115ef4871c4591b364ef,2017-10-19T09:42:37.000Z,0.004011,0x639525663d0334d129ed7b89e19495bf4a2871d5,sell,0x888666ca69e0f178ded6d75b5726cee99a87d698,0xa76620baaa8b1e7deef2baea10950c0dc14d5b9d0ae4d2a4c10ab67aa6e1be37
121,300,1.20333,0x3dee4a4e076e8d82859d241db0baf46f112cfa23,2017-10-19T09:41:25.000Z,0.0040111,0x639525663d0334d129ed7b89e19495bf4a2871d5,sell,0x888666ca69e0f178ded6d75b5726cee99a87d698,0xb971213f520e7e5ea99bdf787ac2e72178cb31a0ecbd2992b0058fb7e964fbf4
122,2.9907287409032,0.011965905692353703,0x8130587fba11e84c3924115ef4871c4591b364ef,2017-10-19T09:28:32.000Z,0.004001,0x639525663d0334d129ed7b89e19495bf4a2871d5,sell,0x888666ca69e0f178ded6d75b5726cee99a87d698,0xd6e82e799ccaec595644445fbe1f706965bb5209b83a714cc543dccc014bb201
123,996.9790588662734,3.98891321452396,0x8130587fba11e84c3924115ef4871c4591b364ef,2017-10-19T09:27:25.000Z,0.004001,0x53ff3caa4f9fbbf67ded92f59f910f8611174a46,sell,0x888666ca69e0f178ded6d75b5726cee99a87d698,0x861b69adb960ca6c6f6338a45c9b4bb74b6cadf9352337f915ff1b96b6a99585
124,696.9394875884757,2.7884548898414914,0x8130587fba11e84c3924115ef4871c4591b364ef,2017-10-19T09:18:26.000Z,0.004001,0x53ff3caa4f9fbbf67ded92f59f910f8611174a46,sell,0x888666ca69e0f178ded6d75b5726cee99a87d698,0x1f6bb4e435377cf15774be09c03c67519d9e3500d6bc3a4b739a87573d4ac9fd
125,300,1.20333,0x3dee4a4e076e8d82859d241db0baf46f112cfa23,2017-10-19T09:16:23.000Z,0.0040111,0x53ff3caa4f9fbbf67ded92f59f910f8611174a46,sell,0x888666ca69e0f178ded6d75b5726cee99a87d698,0xd19233a81486bef35c962bf25ed4e9e01385607e28b147971c8ae94dfe428e82
126,1.9394105170591642,0.007759581478753716,0x8130587fba11e84c3924115ef4871c4591b364ef,2017-10-19T03:15:28.000Z,0.004001,0x009a12d4290630bc01fd82516ac57c1dc6a9bcfb,sell,0x888666ca69e0f178ded6d75b5726cee99a87d698,0x6da358cef0b1ece54dc9b95f1bab07d5f4ed9fc0040d7b01dc1571480c68fcd5
127,5,0.0215,0xe3d0a0d0fcdab0f65f97c5e29b3d413e827ca3ce,2017-10-19T01:44:36.000Z,0.0043,0x009a12d4290630bc01fd82516ac57c1dc6a9bcfb,sell,0x888666ca69e0f178ded6d75b5726cee99a87d698,0x9af303dd314834f97e5f5ecd55d000399fedeecc75e617e6674cf33eaaf5e169
128,234.63862027714086,0.9256754018801715,0x254fb89e4cab71708eaab16e067ca8156a38e18a,2017-10-18T21:57:26.000Z,0.003945111,0x168f06edcf1681958e219251eee314e55446561a,sell,0x888666ca69e0f178ded6d75b5726cee99a87d698,0x07c6e5076522695fb40caf8fce84c360c292e1a90cfceb3c48b8390700b7dd69
129,6.960422689662048,0.027842386800917156,0x009a12d4290630bc01fd82516ac57c1dc6a9bcfb,2017-10-18T20:09:33.000Z,0.0040000999999999995,0xa0be78d2bac6a692adba423c7af50ec86a18bddf,sell,0x888666ca69e0f178ded6d75b5726cee99a87d698,0xc88acc239b1a758b912df76495877401813fc5b76e1b0bc858c5fd6d86754fef
130,5.982,0.034031598,0xa0be78d2bac6a692adba423c7af50ec86a18bddf,2017-10-18T20:03:23.000Z,0.005689,0x7aa6e2506316f6d613277d4f2f4e4e1dc55e528e,sell,0x888666ca69e0f178ded6d75b5726cee99a87d698,0x43308ba0ee97d760109d71a00893a71f174cf979240a8722de42ef7c3e95d43d
131,6,0.03114,0x7aa6e2506316f6d613277d4f2f4e4e1dc55e528e,2017-10-18T20:03:23.000Z,0.00519,0x7fccf060abf989d5675fa0a3dd7f5ee2a5945837,buy,0x888666ca69e0f178ded6d75b5726cee99a87d698,0x43308ba0ee97d760109d71a00893a71f174cf979240a8722de42ef7c3e95d43d
132,1,0.005199,0x3ac636ac5c3a2576156ac5f10066ca68abe0ad54,2017-10-18T18:11:49.000Z,0.005199,0x51f2ad62552c62c7f888acf5ff89d6d9496cd0ab,buy,0x888666ca69e0f178ded6d75b5726cee99a87d698,0x64bc079bb75414a41e74b625c71728716e986618fcdf5e5903257d595f04d7c5
133,0.09633911368015415,0.0005,0xf9695cd65d6dfdf257fab76a3eb0cb8f001971cc,2017-10-18T15:17:18.000Z,0.00519,0x7fccf060abf989d5675fa0a3dd7f5ee2a5945837,buy,0x888666ca69e0f178ded6d75b5726cee99a87d698,0x47b873feb31d7e689b995332d039d836a942373acd7d59aeeddeada1a46f3871
134,0.09633911368015415,0.0005,0x379374d13077e8867ef31803c37baf9785a17c00,2017-10-18T15:17:16.000Z,0.00519,0x7fccf060abf989d5675fa0a3dd7f5ee2a5945837,buy,0x888666ca69e0f178ded6d75b5726cee99a87d698,0xa40ab161db6f15d1c6db7c09a99c078b24c6f68f5825a51fa8c2ec805321adb4
135,25.6,0.11264,0xc17a0baabe0a4397c2e91b67b4dd8c102b1043b2,2017-10-18T14:25:13.000Z,0.0044,0x3dee4a4e076e8d82859d241db0baf46f112cfa23,buy,0x888666ca69e0f178ded6d75b5726cee99a87d698,0x52e15170048086fe0741db83c08aec8296670c278e4a7632dff4a1dee06ba0a8
136,353.947735961519,1.5573700382306837,0xc17a0baabe0a4397c2e91b67b4dd8c102b1043b2,2017-10-18T14:20:08.000Z,0.0044,0xff684104992bd26b6326bca4620d733526c0ddb1,buy,0x888666ca69e0f178ded6d75b5726cee99a87d698,0x8b1c50c87466cf05fa9d886775f6960b09009f06979358729a8f6f198d363edc
137,169.85,0.74649075,0xc17a0baabe0a4397c2e91b67b4dd8c102b1043b2,2017-10-18T14:17:30.000Z,0.004395,0x51f2ad62552c62c7f888acf5ff89d6d9496cd0ab,buy,0x888666ca69e0f178ded6d75b5726cee99a87d698,0x027dea460fad022db60317dba9dc747ae7180b4f04ef6195522183f877ec2389
138,50.84251075187939,0.20337512725859275,0x3dee4a4e076e8d82859d241db0baf46f112cfa23,2017-10-18T13:55:53.000Z,0.0040001,0x0248cf74ed50adcf0c050a7ca4136dcb90520f84,sell,0x888666ca69e0f178ded6d75b5726cee99a87d698,0x329f890ec8e7d67a6d820c03f62f868ee878221f41ddf676b2c154374bf0a1ef
139,30.15,0.13250925,0x247caa3a61ddb216a651a53af951df9c60653ad8,2017-10-18T10:59:08.000Z,0.004395,0x51f2ad62552c62c7f888acf5ff89d6d9496cd0ab,buy,0x888666ca69e0f178ded6d75b5726cee99a87d698,0xc9344eefbd5dd238530b25da1e445e4ad9197708976a5958de8dd514cb6b860d
140,24.922739507526668,0.09832048150732728,0x3dee4a4e076e8d82859d241db0baf46f112cfa23,2017-10-17T23:49:20.000Z,0.003945011,0xcfa8e05c10f8a7b9f6f613c9b1cd221b90615d17,sell,0x888666ca69e0f178ded6d75b5726cee99a87d698,0x7a899199ede8cae7ebb95ab4627a97235703022081cb3c92550a75cf05e123d3
141,0.09107468123861566,0.0005,0x16e5d97bbc92417e051e3b2cabfbf8ceea2acb9c,2017-10-17T17:50:21.000Z,0.00549,0x247caa3a61ddb216a651a53af951df9c60653ad8,buy,0x888666ca69e0f178ded6d75b5726cee99a87d698,0x203d5774a96bf6ec0699c19c8883619fb6662162df4275fe5a4e0e565abf66d9
142,0.6955138977579504,0.002743809977307989,0x3dee4a4e076e8d82859d241db0baf46f112cfa23,2017-10-17T16:11:14.000Z,0.003945010999999999,0xf142f26d1cac4ba8a6e6d7974d243eda2fe5f4f9,sell,0x888666ca69e0f178ded6d75b5726cee99a87d698,0x739a0df71c3dbc34bd0097a1db37d03ea4fc662730c75107c82488e41c2a56e9
143,30.055,0.16500195,0x4dc33b5d6c3aa7f9825d369b92906ace4e5b26fe,2017-10-17T15:58:14.000Z,0.00549,0x247caa3a61ddb216a651a53af951df9c60653ad8,buy,0x888666ca69e0f178ded6d75b5726cee99a87d698,0xbee928e9a8cdc35b92c7e110f605cfa4a604c0300969ad1622caaa7062bf7382
144,10.88294046993822,0.05984528964419027,0x4dc33b5d6c3aa7f9825d369b92906ace4e5b26fe,2017-10-17T13:52:04.000Z,0.005499,0xbc0945c667fadc26b9bf39e586b15eeb901e7d1c,buy,0x888666ca69e0f178ded6d75b5726cee99a87d698,0xca838e938ed98cf7c7966137e6ef79056c48fb69ab58480252304df72d3ab051
145,10.88294046993822,0.05984528964419027,0x4dc33b5d6c3aa7f9825d369b92906ace4e5b26fe,2017-10-17T13:51:53.000Z,0.005499,0xbc0945c667fadc26b9bf39e586b15eeb901e7d1c,buy,0x888666ca69e0f178ded6d75b5726cee99a87d698,0xca838e938ed98cf7c7966137e6ef79056c48fb69ab58480252304df72d3ab051
146,126,0.504,0xf732b16f5aee6cd2db5b30a7a3860764a48b19ff,2017-10-17T07:41:41.000Z,0.004,0xe7694c43a96d6140dc630b8f77fb8aabf1a89074,buy,0x888666ca69e0f178ded6d75b5726cee99a87d698,0xa63ac097175f20519798d618ef9d884513a1f0878f49fe909c87e5c157ab6fe9
147,0.10416666666666667,0.0005,0xcd912af5286dc0b0a23edb30209734ecb60838b3,2017-10-17T05:28:01.000Z,0.0048000000000000004,0xe7694c43a96d6140dc630b8f77fb8aabf1a89074,buy,0x888666ca69e0f178ded6d75b5726cee99a87d698,0xce8ec80bc8d7eaa222bc9fae21541c8d2d36c24540804b72ba9a07d3b0575b3f
148,31,0.122295,0x200c227e4227c4d24bbea017e4939e7c0053bccc,2017-10-17T04:44:57.000Z,0.003945,0x9768bfbf45a30ccfb44d351476ffe2cbe9e187cd,sell,0x888666ca69e0f178ded6d75b5726cee99a87d698,0x023f34d7bae6a03abe33699210198bfc9c3c987da394716c72574d4a67f1089f
149,0.5596670644391408,0.002345004999999999,0x9abc09df0d1962c57187aa78243cf32213015567,2017-10-16T18:21:33.000Z,0.004189999999999998,0x9a941cbe8f6580ebb8ec48da765b3ad49b1d5671,sell,0x888666ca69e0f178ded6d75b5726cee99a87d698,0x8914ce6dba99539b5cbc026c0724206bf3ee30fae1ece94346b69f323b5e64a0
150,40.05898684213592,0.1650430257896,0x48eaedfa6ab55f414a433f0778f55ed9b827e822,2017-10-16T11:45:08.000Z,0.00412,0xc17a0baabe0a4397c2e91b67b4dd8c102b1043b2,sell,0x888666ca69e0f178ded6d75b5726cee99a87d698,0x7ae2065401ef3f1914e23221bf5d5c204616e505f8e9d38a6bbe06dc4331d18d
151,90.2,0.41492,0x9abc09df0d1962c57187aa78243cf32213015567,2017-10-15T16:15:31.000Z,0.0046,0x66d4bacfe61df23be813089a7a6d1a749a5c936a,buy,0x888666ca69e0f178ded6d75b5726cee99a87d698,0x8a56f5dd2928a403c379f1e5a249d7b998a924a8c83513ab3451cfd5c812c5a6
152,82.81762709630218,0.38096108464299,0x91029bdc55cab346720abbe6662655cc6e6e883e,2017-10-15T14:06:49.000Z,0.0046,0x66d4bacfe61df23be813089a7a6d1a749a5c936a,buy,0x888666ca69e0f178ded6d75b5726cee99a87d698,0x160ab6c2e95c7ffe5ffb4b8c124619a7a9c52f2529232b5794e4104a7c07f657
153,300,1.26,0xbc0945c667fadc26b9bf39e586b15eeb901e7d1c,2017-10-15T02:36:10.000Z,0.0042,0x9a941cbe8f6580ebb8ec48da765b3ad49b1d5671,sell,0x888666ca69e0f178ded6d75b5726cee99a87d698,0x54fd28175972a399dd5890799590bf86e9ff989dd03ab7975666ce25851cca08
154,0.697669990841,0.0031395149587845,0xf142f26d1cac4ba8a6e6d7974d243eda2fe5f4f9,2017-10-14T21:02:59.000Z,0.0045,0x6b9fa468597e3edbcab7ecbefb0888a51020938e,buy,0x888666ca69e0f178ded6d75b5726cee99a87d698,0x98e5b9d49d4d5b1839f642ed108e831d941c6b126504730d7ce1ecf7695c663a
155,34.9,0.15705,0xc17a0baabe0a4397c2e91b67b4dd8c102b1043b2,2017-10-14T15:12:27.000Z,0.0045,0xe7694c43a96d6140dc630b8f77fb8aabf1a89074,buy,0x888666ca69e0f178ded6d75b5726cee99a87d698,0x5dee6d1f09ffcc015c98ab092ddac9b1f6a73dd972ab23045ae4ce621423f4f0
156,26.404,0.118818,0xc17a0baabe0a4397c2e91b67b4dd8c102b1043b2,2017-10-14T13:27:12.000Z,0.0045,0xee88b84a838e94bf43d659b544fe847a0228cce7,buy,0x888666ca69e0f178ded6d75b5726cee99a87d698,0x714e6aa99a79326e340ceaae838dfe8190acb137d7111d840b6bc2fadc9d383f
157,191.304,0.8799984,0x9631878dd74606068fe3693c9a1f6d2bedbbe9d3,2017-10-14T02:02:56.000Z,0.0046,0x66d4bacfe61df23be813089a7a6d1a749a5c936a,buy,0x888666ca69e0f178ded6d75b5726cee99a87d698,0xe69497fa30f63f9a107c8b4477fcb2e49e4bc3eaafe8ad6e0722f531585fce5f
158,21,0.0966,0x9abc09df0d1962c57187aa78243cf32213015567,2017-10-13T23:28:27.000Z,0.0046,0x66d4bacfe61df23be813089a7a6d1a749a5c936a,sell,0x888666ca69e0f178ded6d75b5726cee99a87d698,0xc2a03072dcdce6a1befeaa9c793dc4eabaaf132e4881b2ad52084c96e739c823
159,21.739,0.0999994,0x27849f835bb345a26dffbfa7a8863c387b546730,2017-10-13T21:36:16.000Z,0.0046,0x66d4bacfe61df23be813089a7a6d1a749a5c936a,buy,0x888666ca69e0f178ded6d75b5726cee99a87d698,0xddf8b38f70e228628b1c55d912e63726c7271c080ed52aee477a756daae09c70
160,21.739,0.0999994,0x27849f835bb345a26dffbfa7a8863c387b546730,2017-10-13T21:33:12.000Z,0.0046,0x66d4bacfe61df23be813089a7a6d1a749a5c936a,buy,0x888666ca69e0f178ded6d75b5726cee99a87d698,0xddf8b38f70e228628b1c55d912e63726c7271c080ed52aee477a756daae09c70
161,50.34393380520387,0.2069135679393879,0x0f1b76410215ed963ea2c3d3eaddd4a56350b422,2017-10-13T17:22:00.000Z,0.00411,0x5964e8d03d3be814385203522a8255c2a32553bc,sell,0x888666ca69e0f178ded6d75b5726cee99a87d698,0xa0aa006811ffbd46b17952900dc661baec8039e366f4043c95fe3d3c85f2af19
162,39.87638321204267,0.16437842687668228,0xbc0945c667fadc26b9bf39e586b15eeb901e7d1c,2017-10-13T08:24:08.000Z,0.0041222,0xd814d3ee1c1a995ff006b35ab31a95ea8526f48a,sell,0x888666ca69e0f178ded6d75b5726cee99a87d698,0xb38b1fa1a9a8a2863da2ffcc94e038baf9e11e852b0b162c8243c0a277a35112
163,1000,4.6,0xf142f26d1cac4ba8a6e6d7974d243eda2fe5f4f9,2017-10-13T00:00:10.000Z,0.0046,0x66d4bacfe61df23be813089a7a6d1a749a5c936a,buy,0x888666ca69e0f178ded6d75b5726cee99a87d698,0xc4a9cbfec0bfd4a997cf8147d887e29210a3fc03ee4616c482990f577da799cd
164,459.6863891675025,1.9306828345035105,0xfe423f6b9b3aa093cc08831d9b106027f97e132e,2017-10-12T17:09:23.000Z,0.0042,0xc677be80fbc9783413a6f9623e2e43a47a3d40a4,buy,0x888666ca69e0f178ded6d75b5726cee99a87d698,0x3764683716925ba012c069917c9fb59b3052ae508e4b50bf416977c3afb63eb1
165,458.30733,1.97133198436356,0x0b1f768fb64521f5f3527e020cb9837198819b85,2017-10-12T17:09:23.000Z,0.004301332,0xfe423f6b9b3aa093cc08831d9b106027f97e132e,sell,0x888666ca69e0f178ded6d75b5726cee99a87d698,0x3764683716925ba012c069917c9fb59b3052ae508e4b50bf416977c3afb63eb1
166,400,1.720532,0xbc0945c667fadc26b9bf39e586b15eeb901e7d1c,2017-10-12T17:07:15.000Z,0.00430133,0xfe423f6b9b3aa093cc08831d9b106027f97e132e,sell,0x888666ca69e0f178ded6d75b5726cee99a87d698,0xb56637d54e40b0b9fb61c200577a6b447ec148d29c1d247fa5657aeaa36a9d9b
167,401.2036108324975,1.6850551654964894,0xfe423f6b9b3aa093cc08831d9b106027f97e132e,2017-10-12T17:07:15.000Z,0.0042,0xc677be80fbc9783413a6f9623e2e43a47a3d40a4,buy,0x888666ca69e0f178ded6d75b5726cee99a87d698,0xb56637d54e40b0b9fb61c200577a6b447ec148d29c1d247fa5657aeaa36a9d9b
168,24.599999999999994,0.11069999999999998,0x7aa6e2506316f6d613277d4f2f4e4e1dc55e528e,2017-10-12T15:09:45.000Z,0.0045,0xc677be80fbc9783413a6f9623e2e43a47a3d40a4,buy,0x888666ca69e0f178ded6d75b5726cee99a87d698,0xf125da2007d585825bcedb800799d0a15c1e28245297768d86c9dfecfdbd0ac3
169,24.5262,0.116989974,0xd98a3954353055ab642c9159c7f3b25dac2dc29b,2017-10-12T15:09:45.000Z,0.00477,0x7aa6e2506316f6d613277d4f2f4e4e1dc55e528e,sell,0x888666ca69e0f178ded6d75b5726cee99a87d698,0xf125da2007d585825bcedb800799d0a15c1e28245297768d86c9dfecfdbd0ac3
170,35.4,0.168858,0xd98a3954353055ab642c9159c7f3b25dac2dc29b,2017-10-12T14:55:40.000Z,0.00477,0x6e4fd9b5c25c3336a7decfb7593ee08cfa91580a,sell,0x888666ca69e0f178ded6d75b5726cee99a87d698,0x6f08cfccae386abecc21fda1b904050a38ff21fbb18ea195d34e3c22c2493bc3
171,200,0.9534,0xbc0945c667fadc26b9bf39e586b15eeb901e7d1c,2017-10-12T14:25:39.000Z,0.004767,0x19fff3b449a3a58a48c7f1d838761f5721401d26,sell,0x888666ca69e0f178ded6d75b5726cee99a87d698,0xd12ec39dafc7e38d2c32aaebafe24d7b6dd5360bc5f4615155e2151e6ad12289
172,2,0.009600002,0x4278bfeb88b7b802629cfb8ae7949e2dd7d75e2d,2017-10-12T08:27:18.000Z,0.004800001,0x9a941cbe8f6580ebb8ec48da765b3ad49b1d5671,sell,0x888666ca69e0f178ded6d75b5726cee99a87d698,0xb01f946e66e13bb73c0760b1e239b9731ef0a1ff6b8dd3d9c3893fa593d42cb0
173,3,0.0171,0x8fc7cf523cc8dbaaedc20244568ddffd4cdcbb8c,2017-10-12T00:17:08.000Z,0.0057,0xbc1879b8c4f156fd55d97ab77db151388ff4eded,buy,0x888666ca69e0f178ded6d75b5726cee99a87d698,0x6128744611bf856c1e200840c2e81abf4f35d3bd828e0afbca986186535d7e6c
174,4.737,0.0270009,0x090ea838b986b0788f5858d21ca054b316b180c8,2017-10-11T22:24:44.000Z,0.0057,0xbc1879b8c4f156fd55d97ab77db151388ff4eded,buy,0x888666ca69e0f178ded6d75b5726cee99a87d698,0x4e93e991ac0fbd47e43fea2e6244f02d1f5963b3728d832d55a29d08803c3f8a
175,13.846077160801515,0.06646117037184728,0x2bae09a4bc755066299148c36b9b05a8eb59f11b,2017-10-09T23:04:21.000Z,0.0048,0x19022e6f3c328c3d17cc2fffd0724b8f91bfde98,sell,0x888666ca69e0f178ded6d75b5726cee99a87d698,0x1a3b2298a14b2b00b073ae1286472ebb69745562ef3efce98c976019b4c08dd6
176,167.03407458811134,0.8017635580229344,0x2bae09a4bc755066299148c36b9b05a8eb59f11b,2017-10-09T21:57:02.000Z,0.0048,0x840d7eac8dcd0481cff040db0092d50281f50318,sell,0x888666ca69e0f178ded6d75b5726cee99a87d698,0x62596eebb211d2e6a83b175a7adff1c1c9597512bd87309cff1b4c022f6df4a1
177,100,0.49,0x247caa3a61ddb216a651a53af951df9c60653ad8,2017-10-09T16:57:46.000Z,0.0049,0xd3e57a594ad8fb2491450f9c7a507e4d3cd4c1da,buy,0x888666ca69e0f178ded6d75b5726cee99a87d698,0x432d5af483ac8e1c6b8728af32472b0c09f3d45b5bfad47598b218434d48192c
178,4.786,0.0279981,0x090ebc7739ad7842e02aa31d2d91505186559783,2017-10-08T23:59:08.000Z,0.00585,0x18a6cbd268eef4ec450af59b7e8bf2710efc5ebb,buy,0x888666ca69e0f178ded6d75b5726cee99a87d698,0xd850871c1fbfd00f853132cf990315623f9ec5dd31affb22fbac2ce75cecee5e
179,10.035467858768271,0.0501874048681037,0xe81a34d6551e4456a10c2b8c3a8536894034eb70,2017-10-08T18:18:29.000Z,0.0050010029999999995,0x11aedac1d11ddf9d554ca92b97e7a84968ce8ac7,sell,0x888666ca69e0f178ded6d75b5726cee99a87d698,0x9a8d5fd2ebfcecacc0fba0b9c21d2a3fb3d41e4d692bbc053908976742f27a26
180,0.008052035399106766,0.000040268253187039,0xe81a34d6551e4456a10c2b8c3a8536894034eb70,2017-10-08T17:02:24.000Z,0.005001002999999984,0xbfb50b318ebd18975bd60b8d21488a8595debe74,sell,0x888666ca69e0f178ded6d75b5726cee99a87d698,0x22ec4d1bc85c229c37d7f13a9b4bb9bc0e883518870b2ac16d9fe6b08739d795
181,80.76996708843996,0.40393084771918947,0xe81a34d6551e4456a10c2b8c3a8536894034eb70,2017-10-08T16:57:51.000Z,0.005001003,0xbfb50b318ebd18975bd60b8d21488a8595debe74,sell,0x888666ca69e0f178ded6d75b5726cee99a87d698,0xbcd815e046e31cff502d39c8de61f7688c6e5185047ee13f70520570f3935fa7
182,3.988635230784568,0.02038192602930914,0xe81a34d6551e4456a10c2b8c3a8536894034eb70,2017-10-08T11:26:38.000Z,0.00511,0xf56a5813467b2b28d095877a40df468290e747e4,sell,0x888666ca69e0f178ded6d75b5726cee99a87d698,0x15354a7d9db1db931137fc9bcc8a97bec4d065931f8de2ecea7be82c230ce418
183,16.393,0.0999973,0x87eb8e079ded802c2ee2b34af5641884ae5aec05,2017-10-08T03:32:24.000Z,0.0061,0xb3b9c4c517fa6484909d9cba4d612a7fd11c6fcc,buy,0x888666ca69e0f178ded6d75b5726cee99a87d698,0xe1c566a4db480d2ff56f7285b546fad1ef3023b096d6b9b21fb79b207c0035ea
184,8.893328231310807,0.06225327983251919,0x52ea16651dd4bb703fd285894f56d0dc487de5db,2017-10-07T22:00:20.000Z,0.006999998,0x0b1f768fb64521f5f3527e020cb9837198819b85,buy,0x888666ca69e0f178ded6d75b5726cee99a87d698,0x3d301547e7921b887c041b6b97982846a9d75c9b020d865ca9c89a939742dfad
185,95.9927190599384,0.5279599548296612,0xf8e5d3a7ec1484d76186102a49cf831f399a4da5,2017-10-07T21:58:43.000Z,0.0055,0xb3b9c4c517fa6484909d9cba4d612a7fd11c6fcc,sell,0x888666ca69e0f178ded6d75b5726cee99a87d698,0x5fe2c6925e45912576e244188b2174274fe67482cf8e19874e45980aa656f697
186,0.432,0.0030024,0xff64f34e8511693e3dffa0e1fe037a6a65f3937b,2017-10-07T21:57:24.000Z,0.00695,0x18a6cbd268eef4ec450af59b7e8bf2710efc5ebb,buy,0x888666ca69e0f178ded6d75b5726cee99a87d698,0xe1741b44b2d9f162752ff453cc8a01dc9d489d3a23830e290c6c0ddafb4df843
187,142.97034562210328,0.786336900921568,0xf8e5d3a7ec1484d76186102a49cf831f399a4da5,2017-10-07T21:28:58.000Z,0.0055,0xb3b9c4c517fa6484909d9cba4d612a7fd11c6fcc,sell,0x888666ca69e0f178ded6d75b5726cee99a87d698,0xb395ee5c142d7f31bbea4beb3ddacbc810176d913d450a9539723eb15b7f57a1
188,0.697669990841,0.002790679963364,0x6b9fa468597e3edbcab7ecbefb0888a51020938e,2017-10-07T20:58:14.000Z,0.004,0x951571ecb267b433469ef2c50f4c7b74b1d631f7,buy,0x888666ca69e0f178ded6d75b5726cee99a87d698,0x3b96bc3ad6357881abb818456456e6fe550405725c2a6a2207c92b9abbf291de
189,135.53693531795832,0.7454531442487708,0xf8e5d3a7ec1484d76186102a49cf831f399a4da5,2017-10-07T20:54:39.000Z,0.0055,0xb3b9c4c517fa6484909d9cba4d612a7fd11c6fcc,sell,0x888666ca69e0f178ded6d75b5726cee99a87d698,0xd9b2be996585c7cd10a0abf1bbf012d7664ac800ca49682e8383f6431a97a72d
190,125.5,0.69025,0xf8e5d3a7ec1484d76186102a49cf831f399a4da5,2017-10-07T20:23:59.000Z,0.0055,0xb3b9c4c517fa6484909d9cba4d612a7fd11c6fcc,sell,0x888666ca69e0f178ded6d75b5726cee99a87d698,0x764b095fb621ad220d3cfedfdf1c8b23f5e2b0fd4b2a4a78994b94858124e1af
191,2.777776852,0.016666666667553703,0x5d5065b42bdee0274e394ba9042c21e1818c69cf,2017-10-07T20:20:51.000Z,0.006000002,0xb3b9c4c517fa6484909d9cba4d612a7fd11c6fcc,sell,0x888666ca69e0f178ded6d75b5726cee99a87d698,0x3808a3ef9ef7d77a9b5db5aab1670a1c3e4a232c03301fb342acab810da40bce
192,0.006261579363506762,0.000043517976576372,0xdbcbec09b690d9391cafe261d13dc053dacdde7c,2017-10-07T17:42:15.000Z,0.0069500000000000004,0x18a6cbd268eef4ec450af59b7e8bf2710efc5ebb,buy,0x888666ca69e0f178ded6d75b5726cee99a87d698,0x052bb2aba526fbc79e22b1926578888796276b14da8f3258717780db0ed5c677
193,17.986,0.1250027,0x1834fd03120c7cdff6484dd6f6d74dc1b956ffac,2017-10-07T15:00:26.000Z,0.00695,0x18a6cbd268eef4ec450af59b7e8bf2710efc5ebb,buy,0x888666ca69e0f178ded6d75b5726cee99a87d698,0x54f11ab635e4c042d189b43b0418d5dbc16b5664adb421afc2cecfdd4de496e2
194,5.867,0.042001853,0xdbcbec09b690d9391cafe261d13dc053dacdde7c,2017-10-07T13:26:40.000Z,0.007159,0xcd371e6ee9dbc386f85b8eab0c9711368d404618,buy,0x888666ca69e0f178ded6d75b5726cee99a87d698,0x0246c3fc43dd218ed09a7d63cb852737dbf835a6e187904ca499cb00d4b54403
195,1,0.007159,0xeeb12121316645ac76b40ac9d130de4b2f655f6e,2017-10-07T13:00:33.000Z,0.007159,0xcd371e6ee9dbc386f85b8eab0c9711368d404618,buy,0x888666ca69e0f178ded6d75b5726cee99a87d698,0x7391cc95a9571c0b34bf010810dd1c2f5975f20dcab9c7751ca13a549ad0d474
196,20.575216827833714,0.11522152286412123,0x0b1f768fb64521f5f3527e020cb9837198819b85,2017-10-07T02:49:07.000Z,0.005600015,0x5efdca26e7cbb98c4f23a46d7a724c6c9148d0cf,sell,0x888666ca69e0f178ded6d75b5726cee99a87d698,0x71a5df9b5080977b77c276f28b3e9045ed14d473861a7d05731753eda4380413
197,40,0.24,0xd3e57a594ad8fb2491450f9c7a507e4d3cd4c1da,2017-10-07T02:42:46.000Z,0.006,0x5efdca26e7cbb98c4f23a46d7a724c6c9148d0cf,sell,0x888666ca69e0f178ded6d75b5726cee99a87d698,0x7b21f1dfc2f9989fe1f22f5ca5247113198173d1081c5235417165582dbbe0aa
198,197,1.2017,0x958e29d7a438391b2d1c4fad8101f7c80a9dc795,2017-10-07T02:32:39.000Z,0.0061,0x5efdca26e7cbb98c4f23a46d7a724c6c9148d0cf,sell,0x888666ca69e0f178ded6d75b5726cee99a87d698,0x20f956a0ec578579b8a0ff23c2f002dd9460485cae3852c825a2aba6fd5c4b51
199,29.164810937812568,0.19248775218956296,0x06958e21a8825d358cc6e84cde56cd8dcd8c4fd3,2017-10-06T21:47:04.000Z,0.0066,0xbbe8a82dc936ac8a7f188624e42a1253dbb279ec,sell,0x888666ca69e0f178ded6d75b5726cee99a87d698,0x8a122c0ad4aac9c782f3bbb2e59e7daac478bc33ff2931a9ef13c0e5ed6c030e
200,168.399,1.0945935,0x06958e21a8825d358cc6e84cde56cd8dcd8c4fd3,2017-10-06T21:43:12.000Z,0.0065,0xbbe8a82dc936ac8a7f188624e42a1253dbb279ec,sell,0x888666ca69e0f178ded6d75b5726cee99a87d698,0x74215ca2239aa41ff0afc49167766b613bd368be9411f95ac3fcc536ab72d14f
201,204.90350714360684,1.4814521517447705,0xae92234848cf733e56ac64c56684bd47d0e7776c,2017-10-06T20:44:30.000Z,0.007229999,0x4121bd8ab6219b43af31686347a8fad622dba135,buy,0x888666ca69e0f178ded6d75b5726cee99a87d698,0xf32e41a5d24d4a617e6b09612d21525ec502e80310a4029d8051a9a78b33f577
202,111.20227295384309,0.7339350014953644,0x06958e21a8825d358cc6e84cde56cd8dcd8c4fd3,2017-10-06T20:22:17.000Z,0.0066,0x73a277768de4cc3abdb8808ad1a53b9d40068f36,sell,0x888666ca69e0f178ded6d75b5726cee99a87d698,0x65f8615024157e5c721bbc5c2afe95a247dfa17c1559276bbd79c575a7f722b3
203,151,0.996600453,0xf7ba357f87ce58dd86b7ae23fd5cf168680cee62,2017-10-06T20:20:22.000Z,0.006600003,0x73a277768de4cc3abdb8808ad1a53b9d40068f36,sell,0x888666ca69e0f178ded6d75b5726cee99a87d698,0xa15ddfd932696c6a9fa8091bd054f1fca04ee99a13ae2f8be5d9f067248fd532
204,12.448,0.089999027552,0x827ea2c64d3f5093f632ab6daa94ee8d7eee0686,2017-10-06T19:38:42.000Z,0.007229999,0x4121bd8ab6219b43af31686347a8fad622dba135,buy,0x888666ca69e0f178ded6d75b5726cee99a87d698,0x8bebd36c8b380f61f1be6cce6fc572d4f68f8043e3930582043ac796c876e58e
205,10.06561549869684,0.07277440005557816,0x11aedac1d11ddf9d554ca92b97e7a84968ce8ac7,2017-10-06T17:44:47.000Z,0.00723,0xebbda7b73eb6a235386a91d331180c38cd2eead6,buy,0x888666ca69e0f178ded6d75b5726cee99a87d698,0xd31d951732e28f7c5f2b0bf3f3bfac0b0f9ef69bc94a83a6608070c53c333b4d
206,0.000962310433613416,0.000006957504435025,0x11aedac1d11ddf9d554ca92b97e7a84968ce8ac7,2017-10-06T17:27:17.000Z,0.007230000000000002,0xebbda7b73eb6a235386a91d331180c38cd2eead6,buy,0x888666ca69e0f178ded6d75b5726cee99a87d698,0xf389e97ffde94102efb898afe23a24adbcc8fb1fdd8ec20fb9a34feaf9369494
207,20.747,0.15000081,0xdca80b92538927149747c531e2e8e6feab85790b,2017-10-06T17:23:23.000Z,0.00723,0xebbda7b73eb6a235386a91d331180c38cd2eead6,buy,0x888666ca69e0f178ded6d75b5726cee99a87d698,0xc3d9a79839259049d04195d7c2423b33a62757025cf8b346965c65e979a2ce10
208,98.937,0.71531451,0x0a6be4c9892dac3fcb22e50b570c9d5c17d2281f,2017-10-06T17:22:26.000Z,0.00723,0x65f3de22aa43e5175ebb9e194e54444d69ea6035,sell,0x888666ca69e0f178ded6d75b5726cee99a87d698,0x050ad404ca66a468cd3203bcc444cc93cb241d75682773e4cbb69e038ffb9c7d
209,333.31173362576016,2.4098438341142456,0x0a6be4c9892dac3fcb22e50b570c9d5c17d2281f,2017-10-06T17:02:43.000Z,0.00723,0x4121bd8ab6219b43af31686347a8fad622dba135,sell,0x888666ca69e0f178ded6d75b5726cee99a87d698,0x51d4b700251fc86f7d92ffe4bb14fc1984264ea40f590f8d785f4718aeb82cfe
210,530,3.8319,0x0a6be4c9892dac3fcb22e50b570c9d5c17d2281f,2017-10-06T16:59:00.000Z,0.00723,0x65f3de22aa43e5175ebb9e194e54444d69ea6035,sell,0x888666ca69e0f178ded6d75b5726cee99a87d698,0xc5d928887f82209b54b3d51680d70083944eec350511a3af9c1e30f722bb1bd3
211,737.3877850152537,5.331313685660285,0x0a6be4c9892dac3fcb22e50b570c9d5c17d2281f,2017-10-06T16:46:43.000Z,0.00723,0x669f0ab96fd3beb68bc836bb874894bbb516331a,sell,0x888666ca69e0f178ded6d75b5726cee99a87d698,0x0de0d8c9196f2fe7b1182255b7198ef706b6c44905a5aad109efff7e716432db
212,8.8299984088202,0.06384088849577005,0xbc1879b8c4f156fd55d97ab77db151388ff4eded,2017-10-06T16:27:37.000Z,0.00723,0xebbda7b73eb6a235386a91d331180c38cd2eead6,buy,0x888666ca69e0f178ded6d75b5726cee99a87d698,0x3b06e56321f5c356f292c4d263ab282dc7017182561bc8f51b2137d3ca9df972
213,291.16698800997887,2.105137323312147,0x0a6be4c9892dac3fcb22e50b570c9d5c17d2281f,2017-10-06T16:21:58.000Z,0.00723,0x669f0ab96fd3beb68bc836bb874894bbb516331a,sell,0x888666ca69e0f178ded6d75b5726cee99a87d698,0x99ada8cd0723d4688126298a15dd1b6bf51d599fb8dda5cdea121ae5e01f1b18
214,9.19649087827734,0.06649062904994517,0x0a6be4c9892dac3fcb22e50b570c9d5c17d2281f,2017-10-06T16:02:18.000Z,0.00723,0xf63f3b61b37cc13d52576a7c961111ea2610e1c1,sell,0x888666ca69e0f178ded6d75b5726cee99a87d698,0x72d2616cd2b8a31712031e146ec410f7696236f73e1f694d74d201ba8e42f0c0
215,0.07078374249879837,0.000467172700492069,0x06958e21a8825d358cc6e84cde56cd8dcd8c4fd3,2017-10-06T15:36:59.000Z,0.006599999999999996,0xc17a0baabe0a4397c2e91b67b4dd8c102b1043b2,sell,0x888666ca69e0f178ded6d75b5726cee99a87d698,0x6593c82ed126d2dea599d5eceb017ca394e968ae8073d1acd3cefeaed90bc5e8
216,44.138,0.38400059955862,0x5efdca26e7cbb98c4f23a46d7a724c6c9148d0cf,2017-10-06T14:38:32.000Z,0.00869999999,0x00e9007f40668774f5c1f7a233d77b64ec29270a,buy,0x888666ca69e0f178ded6d75b5726cee99a87d698,0x01d03a9e5488441f96421713a71e7d8154a540fc13f8e6a9012d341025445a45
217,64.312,0.5434364,0x5efdca26e7cbb98c4f23a46d7a724c6c9148d0cf,2017-10-06T14:34:43.000Z,0.00845,0xbd65794dcfe1200df1d7c3e520cda37db50d63b3,buy,0x888666ca69e0f178ded6d75b5726cee99a87d698,0xa6c28e1cac85a2a27b67dd8a9ac08c2aea70f0b2797ab6fd17c7b0a8e59f6b02
218,149.9,1.2441698501,0x5efdca26e7cbb98c4f23a46d7a724c6c9148d0cf,2017-10-06T14:31:21.000Z,0.008299999,0x854f5ca3ddb316ad40fc720337f5ecccec0fcab1,buy,0x888666ca69e0f178ded6d75b5726cee99a87d698,0x82cecea564bfe2bd8d0c1f5b932583bd0426730d56afe3f6a76fa4312a99a8a4
219,10.058,0.0724176,0xbc1879b8c4f156fd55d97ab77db151388ff4eded,2017-10-06T14:09:03.000Z,0.0072,0x247caa3a61ddb216a651a53af951df9c60653ad8,buy,0x888666ca69e0f178ded6d75b5726cee99a87d698,0x8ab578a6eca37e1e5ca766447b65abeea9b110de7dd53697ee7a2aba9a3a912e
220,50.35294000111882,0.3272941100072723,0xbc1879b8c4f156fd55d97ab77db151388ff4eded,2017-10-06T12:58:47.000Z,0.0065,0xe44056a57f5e1bc87aba73bd2d9c2f90e58860c7,buy,0x888666ca69e0f178ded6d75b5726cee99a87d698,0xa4f8c1f22438345a8f6705ba5ede5cd0079c95f67cfaf4f82a795bf08417aa30
221,66.733,0.4337645,0xbc1879b8c4f156fd55d97ab77db151388ff4eded,2017-10-06T11:09:25.000Z,0.0065,0xe44056a57f5e1bc87aba73bd2d9c2f90e58860c7,buy,0x888666ca69e0f178ded6d75b5726cee99a87d698,0x88136493cce6aff7460292f920fe1e879396da4c1aaf37c80d34c22fcf9cfc6f
222,129.40875211875584,0.8411568887719131,0x06958e21a8825d358cc6e84cde56cd8dcd8c4fd3,2017-10-06T11:05:49.000Z,0.0065,0xa9c85ea2e73f85ec6c63466991a5acf9acbf91d8,sell,0x888666ca69e0f178ded6d75b5726cee99a87d698,0xcae46b070a5e6da1c0b90d9d555297eba8c767db2a2ed28abc978170da1f6212
223,50.495,0.3282175,0x06958e21a8825d358cc6e84cde56cd8dcd8c4fd3,2017-10-06T09:49:22.000Z,0.0065,0x33cf9fbbcd40cb3ef632a63907eb17555d49ee54,sell,0x888666ca69e0f178ded6d75b5726cee99a87d698,0xb9bc2340e34a9dbe955dc8463f67ed802f33b9f54b7aa1f982c3550b330dc36e
224,99.19250323995614,0.6447512710597149,0x06958e21a8825d358cc6e84cde56cd8dcd8c4fd3,2017-10-06T09:23:41.000Z,0.0065,0xa9c85ea2e73f85ec6c63466991a5acf9acbf91d8,sell,0x888666ca69e0f178ded6d75b5726cee99a87d698,0xafa2e3484d1fdb180b2c4f119ce6537ce842c29a9620bdc766c204d08bf25b5b
225,50,0.3175,0x7aa6e2506316f6d613277d4f2f4e4e1dc55e528e,2017-10-06T09:14:48.000Z,0.00635,0x33cf9fbbcd40cb3ef632a63907eb17555d49ee54,buy,0x888666ca69e0f178ded6d75b5726cee99a87d698,0xffa7fee23c058d4dab7792822d7b9f80f5247478697732251f8a845a29e25f8a
226,49.85,0.324025,0x06958e21a8825d358cc6e84cde56cd8dcd8c4fd3,2017-10-06T09:14:48.000Z,0.0065,0x7aa6e2506316f6d613277d4f2f4e4e1dc55e528e,sell,0x888666ca69e0f178ded6d75b5726cee99a87d698,0xffa7fee23c058d4dab7792822d7b9f80f5247478697732251f8a845a29e25f8a
227,49.85,0.324025,0x06958e21a8825d358cc6e84cde56cd8dcd8c4fd3,2017-10-06T09:05:04.000Z,0.0065,0x7aa6e2506316f6d613277d4f2f4e4e1dc55e528e,sell,0x888666ca69e0f178ded6d75b5726cee99a87d698,0x5fd4a829625f6df9c69de774e6bcd4e29c8fac6f17a92612fffe0dc3a9846e4e
228,50,0.315,0x7aa6e2506316f6d613277d4f2f4e4e1dc55e528e,2017-10-06T09:05:04.000Z,0.0063,0x33cf9fbbcd40cb3ef632a63907eb17555d49ee54,buy,0x888666ca69e0f178ded6d75b5726cee99a87d698,0x5fd4a829625f6df9c69de774e6bcd4e29c8fac6f17a92612fffe0dc3a9846e4e
229,49.85,0.324025,0x06958e21a8825d358cc6e84cde56cd8dcd8c4fd3,2017-10-06T08:57:27.000Z,0.0065,0x7aa6e2506316f6d613277d4f2f4e4e1dc55e528e,sell,0x888666ca69e0f178ded6d75b5726cee99a87d698,0x1d5aa4c38ea19ffcbc3863b9b8f1d8f0b8c8d59425e505fc802b15798b7e9a59
230,710.0317210054466,4.615206186535403,0x06958e21a8825d358cc6e84cde56cd8dcd8c4fd3,2017-10-06T08:57:27.000Z,0.0065,0xc17a0baabe0a4397c2e91b67b4dd8c102b1043b2,sell,0x888666ca69e0f178ded6d75b5726cee99a87d698,0x5a60801f6ff68239e4bbfde5e93e17b65dcb8e9725e10a6462a9a9f1da348948
231,50,0.3135,0x7aa6e2506316f6d613277d4f2f4e4e1dc55e528e,2017-10-06T08:57:27.000Z,0.00627,0x33cf9fbbcd40cb3ef632a63907eb17555d49ee54,buy,0x888666ca69e0f178ded6d75b5726cee99a87d698,0x1d5aa4c38ea19ffcbc3863b9b8f1d8f0b8c8d59425e505fc802b15798b7e9a59
232,90,0.5625,0x7aa6e2506316f6d613277d4f2f4e4e1dc55e528e,2017-10-06T08:55:51.000Z,0.00625,0x33cf9fbbcd40cb3ef632a63907eb17555d49ee54,buy,0x888666ca69e0f178ded6d75b5726cee99a87d698,0x3380af04ceb0a0b3b37ac25be1fe3213cbe025138257bf58b670c69434b7e7ca
233,89.73,0.583245,0x06958e21a8825d358cc6e84cde56cd8dcd8c4fd3,2017-10-06T08:55:51.000Z,0.0065,0x7aa6e2506316f6d613277d4f2f4e4e1dc55e528e,sell,0x888666ca69e0f178ded6d75b5726cee99a87d698,0x3380af04ceb0a0b3b37ac25be1fe3213cbe025138257bf58b670c69434b7e7ca
234,203.1934056341402,1.274022653326059,0x06958e21a8825d358cc6e84cde56cd8dcd8c4fd3,2017-10-06T08:10:21.000Z,0.00627,0xc17a0baabe0a4397c2e91b67b4dd8c102b1043b2,sell,0x888666ca69e0f178ded6d75b5726cee99a87d698,0x8031dea4f93fad6823833790cad435e110de7f8285aea936d566cb93c5953cdd
235,90,0.56249982,0x4d430062b34264c525b886ea3ae8f3538f2caacb,2017-10-06T06:45:34.000Z,0.006249998,0x0b1f768fb64521f5f3527e020cb9837198819b85,buy,0x888666ca69e0f178ded6d75b5726cee99a87d698,0xd463930731c38a047d70accc165c43c706648273a39e31cc643bc8a004eb5571
236,51.25,0.41,0x84c2f4eeedd911667eb1833ecd0bfa74c0c46b9a,2017-10-06T06:34:31.000Z,0.008,0x9a06fbfff4fc2a339927c1cbbde1a1fc23ce3c27,buy,0x888666ca69e0f178ded6d75b5726cee99a87d698,0xcf8fc8b1f5a5013fcc26468d624e6cf2108d9605fffeb256dd28d325b4d24749
237,263,1.709499474,0x73a277768de4cc3abdb8808ad1a53b9d40068f36,2017-10-06T06:11:04.000Z,0.006499998,0x0b1f768fb64521f5f3527e020cb9837198819b85,buy,0x888666ca69e0f178ded6d75b5726cee99a87d698,0x52a4b2ca4c529053154404eab164af0d250fb0837398509209783d060bc7c131
238,295.211,1.771266,0x574b6b4f0968a3db2d6b84dd423911a57c9f2ac7,2017-10-06T04:49:46.000Z,0.006,0xc17a0baabe0a4397c2e91b67b4dd8c102b1043b2,sell,0x888666ca69e0f178ded6d75b5726cee99a87d698,0xb901c8fce6ee76f6336b95cca2910afefd18940ddce2be31d935c110df395a79
239,199.38191606021334,1.19629149636128,0x574b6b4f0968a3db2d6b84dd423911a57c9f2ac7,2017-10-06T04:21:22.000Z,0.006,0xc17a0baabe0a4397c2e91b67b4dd8c102b1043b2,sell,0x888666ca69e0f178ded6d75b5726cee99a87d698,0xcec0c62a3cabdc9217793cc5f2a154af94613c755e188552361ad323ec4b06f1
240,125,0.75,0x574b6b4f0968a3db2d6b84dd423911a57c9f2ac7,2017-10-06T01:34:21.000Z,0.006,0xbab9d87bbf834aebf6203af0a2d4d6f26244e4d9,sell,0x888666ca69e0f178ded6d75b5726cee99a87d698,0xa1572dda081a941879444f525a6bdc747b67c66f6145955186955c0aef8c9f85
241,55.406959625161996,0.332441757750972,0x574b6b4f0968a3db2d6b84dd423911a57c9f2ac7,2017-10-05T23:49:33.000Z,0.006,0xefec439f0a8ed62c57a76c26c17259c09a854f9e,sell,0x888666ca69e0f178ded6d75b5726cee99a87d698,0x0e5e2ac5892e607b3be83e409130ad1623aec8d47cecaefbf2a81e10fc48f958
242,37.199751217035576,0.23212644759430198,0x116e7c03b1f94e33d26ba33059035d8010ccd240,2017-10-05T23:47:17.000Z,0.00624,0x1cb8482a2e99c7d2db977c11dfd24d63b597d5b2,buy,0x888666ca69e0f178ded6d75b5726cee99a87d698,0x3ee8318fa012701ec51947e779431cc21445223c062f8e096173488cd8ba0990
243,100,0.6,0x4e6dd442ad609689901cb88264fe0ee9d774c9bd,2017-10-05T19:44:12.000Z,0.006,0x247caa3a61ddb216a651a53af951df9c60653ad8,buy,0x888666ca69e0f178ded6d75b5726cee99a87d698,0x1215c97daaa11ee2e6baed0661fe4f2aa359bd305760e984c9af96575735a956
244,126.429,0.6953595,0x9a941cbe8f6580ebb8ec48da765b3ad49b1d5671,2017-10-05T17:49:00.000Z,0.0055,0xe2fbe7b63f79fca9c2dc4375076ec81d6f55c9b4,buy,0x888666ca69e0f178ded6d75b5726cee99a87d698,0xa72e83c6b3cf17cde23fe7511ac3e2a6e8808a6be6d52e9fe9a095bcd001896d
245,110.05881766523777,0.5502940883261889,0x247caa3a61ddb216a651a53af951df9c60653ad8,2017-10-05T15:58:26.000Z,0.005,0x2eb911941d83f5a6fd934695642b7fd4aee23141,sell,0x888666ca69e0f178ded6d75b5726cee99a87d698,0xd3631c58f5f64de5fe912b65f9bfb9d3c72ab46a877a3fb0abe88b816e86d89e
246,200,1.036,0x0a68d0f4dd0b98237f1a57b4c6e14817f01a4b81,2017-10-05T15:42:35.000Z,0.00518,0x2eb911941d83f5a6fd934695642b7fd4aee23141,sell,0x888666ca69e0f178ded6d75b5726cee99a87d698,0xb38838940170d6d66d5f9aab4394d8ea14e2552524a25d351c95d5ccb1711f49
247,1,0.006239998,0xbf52f67f8524587d6a7ab1f1f8d092c635b9587f,2017-10-05T14:06:57.000Z,0.006239998,0x0b1f768fb64521f5f3527e020cb9837198819b85,buy,0x888666ca69e0f178ded6d75b5726cee99a87d698,0xbef5144c982604f5c8ff43f43b919b8881e92952424d50acbf1b9a49b0fd0c66
248,54,0.33696,0xc297ce89eb439223c078dc3f8f89d886de014e52,2017-10-05T14:06:00.000Z,0.00624,0xe2fbe7b63f79fca9c2dc4375076ec81d6f55c9b4,sell,0x888666ca69e0f178ded6d75b5726cee99a87d698,0x65c68150b9c0e7add86e8c7de3b0567f75ff1de38d154528c4a9ef69ea1a1ea8
249,200,1.06,0xc17a0baabe0a4397c2e91b67b4dd8c102b1043b2,2017-10-05T09:09:48.000Z,0.0053,0xbd7a8d6e402cb388f3bb7467e81ddda98b4e8ede,buy,0x888666ca69e0f178ded6d75b5726cee99a87d698,0x73654c60ed6b09016b02f816a920370ed166d749507e51d8398da8dd63f54f4d
250,180.591,0.9571323,0xe2fbe7b63f79fca9c2dc4375076ec81d6f55c9b4,2017-10-05T09:09:48.000Z,0.0053,0x247caa3a61ddb216a651a53af951df9c60653ad8,buy,0x888666ca69e0f178ded6d75b5726cee99a87d698,0xe3e785520799e0f79ce41f6da21136b4004b73a03731fbd751c66bda6d83986c
251,550,2.849,0x5bc4c071aff372e6039c1a8e40e91075d75e6b50,2017-10-05T08:09:49.000Z,0.00518,0x9761f2dc74d04201c4068a96d99a8745df43d500,sell,0x888666ca69e0f178ded6d75b5726cee99a87d698,0xfaf529e8bebfd32fc7b4195044d6971c9b2968bebb384f7761bbe51b50000450
252,106.745,0.555074,0x078e064a3808ef85d6b43d4a1bc8ee777315b5d8,2017-10-05T08:09:08.000Z,0.0052,0x9761f2dc74d04201c4068a96d99a8745df43d500,sell,0x888666ca69e0f178ded6d75b5726cee99a87d698,0xdfc1199e16efce8bf6be2b92bb0bfbad5752fd3aa4c03089d811e544416be45c
253,85.25471016272681,0.4433244928461794,0x078e064a3808ef85d6b43d4a1bc8ee777315b5d8,2017-10-05T06:44:33.000Z,0.0052,0x1ed014aec47fae44c9e55bac7662c0b78ae61798,sell,0x888666ca69e0f178ded6d75b5726cee99a87d698,0x6c6720de759cb1adf9a0e672ae608e8d39c08e8f755d700cd53d675156589884
254,54.33824878296443,0.33907067240569805,0xe81a34d6551e4456a10c2b8c3a8536894034eb70,2017-10-05T05:44:06.000Z,0.00624,0x1cb8482a2e99c7d2db977c11dfd24d63b597d5b2,buy,0x888666ca69e0f178ded6d75b5726cee99a87d698,0x924744c927b9ff6d34eba219e39062f34245233d46c4de72a88286ebcee27800
255,50.352905991426574,0.29053626757053136,0xe44056a57f5e1bc87aba73bd2d9c2f90e58860c7,2017-10-05T02:28:21.000Z,0.00577,0xe300b3909aad54fd05e919e39f402c842e0037d3,sell,0x888666ca69e0f178ded6d75b5726cee99a87d698,0x057c3a6fdcde15b0d80382153e37d843bb316a0cd2ab0ece1c486cdf9742258f
256,66.73303400969223,0.3850496062359242,0xe44056a57f5e1bc87aba73bd2d9c2f90e58860c7,2017-10-05T02:01:29.000Z,0.00577,0xf142f26d1cac4ba8a6e6d7974d243eda2fe5f4f9,sell,0x888666ca69e0f178ded6d75b5726cee99a87d698,0xe3b746393d1d2c2a78eba53d44d95072e987a1186e76ebb2fe5c7331246aea0d
257,33,0.198,0xc12ebaea18b002af9b30138a3b045495faf1377a,2017-10-05T01:57:25.000Z,0.006,0xf142f26d1cac4ba8a6e6d7974d243eda2fe5f4f9,sell,0x888666ca69e0f178ded6d75b5726cee99a87d698,0xfd2cd60870e8b4d3d4a2dcd12fd9c6cc2507fdc23fe91def24d9372a0a7dd3c1
258,268.32622376380345,2.3344381467450903,0x6030f4c1657b61dd2db605be4510e79f9be141bb,2017-10-04T23:23:54.000Z,0.0087,0xbe4736749ef1e1c1e686bb161fb17cdd4aea563e,buy,0x888666ca69e0f178ded6d75b5726cee99a87d698,0x840ba58218470560b1976a20f14ac6ca9d6fde43dfde56bef0eabdc6172a4232
259,243.5,1.653365,0x6030f4c1657b61dd2db605be4510e79f9be141bb,2017-10-04T23:19:36.000Z,0.00679,0x7dab7c5fb3a8f3f396a7f09512f41c5e628bd016,buy,0x888666ca69e0f178ded6d75b5726cee99a87d698,0x936c0d48001c2053a6918cbf613b345a4e46be574ec4fa8e98dbc84c003007e6
260,83,0.4897,0x90304ca21fdf65f56556886a9d1b3e36a44f2c01,2017-10-04T23:19:36.000Z,0.0059,0x8f3ab9008b1b3e1b4f3dc4c354e9192c1a3ad931,sell,0x888666ca69e0f178ded6d75b5726cee99a87d698,0xed0e0205c86624900fcaf5ef9df46b8422545d69eddc51f526ae9782343ad6c3
261,98.19555272,0.6520184700608,0x8d2441de9e54ab272f180f9c43ba91435e6c60fb,2017-10-04T23:17:32.000Z,0.00664,0xf7f1cb68aba2ff7b561ac0bc67ac469c1c9f7476,buy,0x888666ca69e0f178ded6d75b5726cee99a87d698,0x68b7ed95a10e28eedaa54e6fe22e45777ff9a7e663b33c37536a8df1d23bc397
262,222.152,1.3106745848,0x8d2441de9e54ab272f180f9c43ba91435e6c60fb,2017-10-04T23:10:11.000Z,0.0058999,0xd0e0fece8a16f36bc23e07f92f98b191624f331a,buy,0x888666ca69e0f178ded6d75b5726cee99a87d698,0x7ebac33193ef37ba14712a1003d155ceee0aea6a3760b49251490dbd5d230825
263,50.509,0.2979980491,0xe300b3909aad54fd05e919e39f402c842e0037d3,2017-10-04T22:58:06.000Z,0.0058999,0xd0e0fece8a16f36bc23e07f92f98b191624f331a,buy,0x888666ca69e0f178ded6d75b5726cee99a87d698,0x2ced8c6ff62e52661208b9f810984b94b3fc88fda6735253552354a43392da8f
264,98.372,0.5115344,0x2d97758299de7bed6f1fc1b1a401fbee40d438da,2017-10-04T21:34:44.000Z,0.0052,0xc4721cad29d2b253ea2d35714d6130992c3f0b96,buy,0x888666ca69e0f178ded6d75b5726cee99a87d698,0xdff6c9ed8b28923d7028b65bee0d26a21a570df21327efe790794ce055968b10
265,150,0.73514955,0x0c7b4aad51f3911073c0ce821dc496537cbec6d6,2017-10-04T21:14:50.000Z,0.004900997,0xb8aa1af0c69b71e280599fb5d91e0142cd86eddb,buy,0x888666ca69e0f178ded6d75b5726cee99a87d698,0xcca6fcf0155eb527f06ac5206f0ce4d525c0b0c3650c99f318f5a06a8b956451
266,247.083,1.20795913704,0x0c7b4aad51f3911073c0ce821dc496537cbec6d6,2017-10-04T21:08:26.000Z,0.00488888,0x74e4162038caf7212620fa50ce744f76ed5365c0,buy,0x888666ca69e0f178ded6d75b5726cee99a87d698,0x63e2775a4b0418c7d57f807a614b1674e75c07bbaa4e3f197c29fc68bec0d02f
267,200,1,0x0c7b4aad51f3911073c0ce821dc496537cbec6d6,2017-10-04T20:58:03.000Z,0.005,0xc4721cad29d2b253ea2d35714d6130992c3f0b96,buy,0x888666ca69e0f178ded6d75b5726cee99a87d698,0x3b9789dffa3faf1682bd88fb7e03eb115c3ffedb731906fe4d955fcc2543e1d3
268,200,1.079998,0xbd7a8d6e402cb388f3bb7467e81ddda98b4e8ede,2017-10-04T20:52:23.000Z,0.00539999,0xc4721cad29d2b253ea2d35714d6130992c3f0b96,buy,0x888666ca69e0f178ded6d75b5726cee99a87d698,0x514fe29908528694bdb4c1aaf59f1d0e593b7b29fbbeb396121d1340d315defa
269,36.762,0.16322328,0xf732b16f5aee6cd2db5b30a7a3860764a48b19ff,2017-10-04T11:17:02.000Z,0.00444,0x4bf37db6c16f5663e00936986b5b4d5278f84000,buy,0x888666ca69e0f178ded6d75b5726cee99a87d698,0x6e50143c360bbc2d8dd2308403f75722e085e974a9c9d357f0163330dbad00f9
270,0.69,0.0030636,0x247caa3a61ddb216a651a53af951df9c60653ad8,2017-10-04T10:12:33.000Z,0.00444,0xd35cc4db1066b87373c5b83f2a033b4aabb8a1f2,buy,0x888666ca69e0f178ded6d75b5726cee99a87d698,0xd1be5a022e7b73c8647c5582f68bd4c42bb4b734609f6b6adbb7676f80041d78
271,15.5,0.06882,0x7fccf060abf989d5675fa0a3dd7f5ee2a5945837,2017-10-04T07:18:33.000Z,0.00444,0xd35cc4db1066b87373c5b83f2a033b4aabb8a1f2,buy,0x888666ca69e0f178ded6d75b5726cee99a87d698,0x1210e700d51a1e17fd9a0149322eb882f653c90b4fa007eefab3ec4f95496755
272,239.1799891891892,1.061959152,0x73b7424a32b34806f9ba10129843ce9cc3069397,2017-10-04T06:27:36.000Z,0.00444,0xd35cc4db1066b87373c5b83f2a033b4aabb8a1f2,buy,0x888666ca69e0f178ded6d75b5726cee99a87d698,0x7a18313a3d0f4fb0b076083b7ff1f473d4e4ac138e58f39d42a077208e036aba
273,240,0.9148512,0xd35cc4db1066b87373c5b83f2a033b4aabb8a1f2,2017-10-04T02:46:52.000Z,0.00381188,0x15609d56a80be176935b519694766f231c14154b,sell,0x888666ca69e0f178ded6d75b5726cee99a87d698,0x7430691eb6c86132415137645fd8e9a5c1a2529539c9c6441969e4f35fbbfec8
274,79.051,0.3399193,0xd5840247f1e80d7d5d262e4687db4fa683b9eed7,2017-10-03T07:52:31.000Z,0.0043,0x7f325a2d8365385e4b189b708274526899c17453,sell,0x888666ca69e0f178ded6d75b5726cee99a87d698,0x07fb5505e934a285f1275de82b9af8e4fb2d7a58b71185f5e0de6ef41d636e3d
275,0.8205744858956121,0.004011780455798788,0xd0e0fece8a16f36bc23e07f92f98b191624f331a,2017-10-03T07:43:30.000Z,0.004888989999999999,0x7f325a2d8365385e4b189b708274526899c17453,sell,0x888666ca69e0f178ded6d75b5726cee99a87d698,0x7c6ddaae04c710a2c8e7fd2368b4d3ca2d7df7e25c14b3703a4625098eb8a19b
276,300,1.2,0x3dee4a4e076e8d82859d241db0baf46f112cfa23,2017-10-03T07:42:56.000Z,0.004,0x7f325a2d8365385e4b189b708274526899c17453,sell,0x888666ca69e0f178ded6d75b5726cee99a87d698,0x4815a4dd477448485064936af1fda1cddd8dfbb96f551a14be9464442c317ab9
277,4.145,0.01869395,0x48eaedfa6ab55f414a433f0778f55ed9b827e822,2017-10-03T07:40:49.000Z,0.00451,0x7f325a2d8365385e4b189b708274526899c17453,sell,0x888666ca69e0f178ded6d75b5726cee99a87d698,0x7b3f14b38c98413b3568e10718adbae798540add078d37ab6fbee3a49c680c5d
278,100,0.44,0xd5840247f1e80d7d5d262e4687db4fa683b9eed7,2017-10-03T07:36:40.000Z,0.0044,0x7f325a2d8365385e4b189b708274526899c17453,sell,0x888666ca69e0f178ded6d75b5726cee99a87d698,0x7d6ee28e61ed7a14e14a1cf6c684a4434b2ecadfb54807f62e8cbe769af8d29b
279,100,0.45,0xd5840247f1e80d7d5d262e4687db4fa683b9eed7,2017-10-03T07:35:01.000Z,0.0045,0x7f325a2d8365385e4b189b708274526899c17453,sell,0x888666ca69e0f178ded6d75b5726cee99a87d698,0x5c17739ee23bd8d5e18b99dc57af4d6bea7befc19097fe52f6630fd88ec75415
280,9.900771622222223,0.0445534723,0xa8596ea432d61e7a7f694a2cf73df545bfca7e26,2017-10-02T23:04:58.000Z,0.0045,0xf351947f05540da19252f2cad5bf4c68167b8e3c,buy,0x888666ca69e0f178ded6d75b5726cee99a87d698,0xcbfbe95883caf9baae1a72316a4b767f4b2f022a9ebaf58b51c0c3629af97f3a
281,140.0992283777778,0.6304465277,0x73b7424a32b34806f9ba10129843ce9cc3069397,2017-10-02T22:40:44.000Z,0.0045,0xf351947f05540da19252f2cad5bf4c68167b8e3c,buy,0x888666ca69e0f178ded6d75b5726cee99a87d698,0x004d858d407cfa04326516ddbff4158580882204979c04ca32ca42a563562e24
282,136.14395374339549,0.34172147365427175,0x7f325a2d8365385e4b189b708274526899c17453,2017-10-02T20:24:48.000Z,0.0025100011,0x2b1c81454719c88fa94e5d06cc692bfdc36d1ed1,sell,0x888666ca69e0f178ded6d75b5726cee99a87d698,0x709c4c2a2997ce654a38db852b62a1d0aae4dd2e70b96b1baa4b7101716fbe9f
283,0.04175230106481056,0.000204126582382848,0xd0e0fece8a16f36bc23e07f92f98b191624f331a,2017-10-02T19:16:37.000Z,0.004888989999999996,0x4f2e7c8cc526d98b1309255f52474c7f66031775,sell,0x888666ca69e0f178ded6d75b5726cee99a87d698,0x3b32fc3f539848c0c4f27c7f699f2e74df9c86d8b8e4903d9d964f34ff91c04c
284,418.8173319811147,1.0512319639716632,0x7f325a2d8365385e4b189b708274526899c17453,2017-10-02T19:13:26.000Z,0.0025100011,0x4f2e7c8cc526d98b1309255f52474c7f66031775,sell,0x888666ca69e0f178ded6d75b5726cee99a87d698,0x53d6e9fd494f701ed8e94e29238b039f616cb0224500874cfddd66affd268e3c
285,350,1.47,0x3dee4a4e076e8d82859d241db0baf46f112cfa23,2017-10-02T18:44:34.000Z,0.0042,0x4f2e7c8cc526d98b1309255f52474c7f66031775,sell,0x888666ca69e0f178ded6d75b5726cee99a87d698,0x846f3518f148a461eab735beb215661fc7594d7c8c42fa666a72e87c03dc8f9c
286,3.3595852856145947,0.016424978865516898,0xd0e0fece8a16f36bc23e07f92f98b191624f331a,2017-10-02T18:23:17.000Z,0.00488899,0x02a41cd2906485a286c81bbc9d2f0f629590d530,sell,0x888666ca69e0f178ded6d75b5726cee99a87d698,0xb598f8fbaef1348ac98cc71ab77c587b29d99e34daff77ffb896168948f15461
287,95.85484996510816,0.4323053733426378,0x48eaedfa6ab55f414a433f0778f55ed9b827e822,2017-10-02T16:48:32.000Z,0.00451,0x4b5abe4979e6f3db84a425dd39ebe1043a6cc444,sell,0x888666ca69e0f178ded6d75b5726cee99a87d698,0x070dc3657bba2f43000a0cdc307435911fc3b0cfad84a276b541b6ca6107032e
288,100,0.47002,0xd5840247f1e80d7d5d262e4687db4fa683b9eed7,2017-10-02T16:42:43.000Z,0.0047002,0x4b5abe4979e6f3db84a425dd39ebe1043a6cc444,sell,0x888666ca69e0f178ded6d75b5726cee99a87d698,0xdabb779225d1ea4c5a210e26e03a37300097ee303ce0013ecd341cd445897dec
289,81.36862522894835,0.40440206738787327,0x647bc16dcc2a3092a59a6b9f7944928d94301042,2017-10-02T02:48:19.000Z,0.00497,0x9761f2dc74d04201c4068a96d99a8745df43d500,buy,0x888666ca69e0f178ded6d75b5726cee99a87d698,0xc7de436b79ef98d89e7e9525305ef9f939a391a38c056c56b70017c89f0ea110
290,249.22739507526668,1.2184702422490281,0xd0e0fece8a16f36bc23e07f92f98b191624f331a,2017-10-02T00:41:05.000Z,0.00488899,0xa2df457a2a6b3ad62bc3ebab8ac2ef62c80dc1b2,sell,0x888666ca69e0f178ded6d75b5726cee99a87d698,0xbc5b53d62511422c87604ea5759a8f90aa46e0245c321e330a14b2f1cf09e854
291,11.858239457681188,0.05797481412620875,0xd0e0fece8a16f36bc23e07f92f98b191624f331a,2017-10-01T18:51:15.000Z,0.00488899,0xf80aba0665e12751169ca7e3c3feb2b1002965af,sell,0x888666ca69e0f178ded6d75b5726cee99a87d698,0xc143490b7fb411f28b8a3df20eccb42b55340382deb7a9d62b5b2277c519aa00
292,15.797,0.078210947,0xd3e57a594ad8fb2491450f9c7a507e4d3cd4c1da,2017-10-01T17:20:49.000Z,0.004951,0x4f2e7c8cc526d98b1309255f52474c7f66031775,sell,0x888666ca69e0f178ded6d75b5726cee99a87d698,0x1b8585f0a08d7554c46ed424946d75b2922d4b588e73a02dcf9c7e0e5be274d4
293,34.69245339447712,0.1696110577210647,0xd0e0fece8a16f36bc23e07f92f98b191624f331a,2017-10-01T13:54:48.000Z,0.00488899,0x3b39bcf741324b01f4d2c6a00db18f5cae8aed36,sell,0x888666ca69e0f178ded6d75b5726cee99a87d698,0x681a69996de8509734983bde0e4cca7614da21aad02456e26c40802761a7a17b
294,200.497726,1.082487222674,0x3ee0a5d5a0bd2619be64ac5ecd9467339a8aaf7a,2017-10-01T08:55:10.000Z,0.005399,0xc4721cad29d2b253ea2d35714d6130992c3f0b96,buy,0x888666ca69e0f178ded6d75b5726cee99a87d698,0x36e85e42bc7607d4b9c277c1aa6d80fa0dc01ba64a9ca3c731e01411c4b8985a
295,100.73,0.54384127,0x3ee0a5d5a0bd2619be64ac5ecd9467339a8aaf7a,2017-10-01T08:40:04.000Z,0.005399,0xc4721cad29d2b253ea2d35714d6130992c3f0b96,buy,0x888666ca69e0f178ded6d75b5726cee99a87d698,0x5fca4c4730f2c888e3bed93c5f7e4fd9dbe21f84d935958ef0676776560955ac
296,17.08604393074719,0.08353161845215133,0x3e246d0453d08ea726a39560ede13551bb73dfb4,2017-10-01T06:22:47.000Z,0.00488888,0x19fff3b449a3a58a48c7f1d838761f5721401d26,sell,0x888666ca69e0f178ded6d75b5726cee99a87d698,0x00c03778def4eded14ec472507014a78b482c057b849a891f9dbf8a8cb1e5131
297,50,0.24775,0xd3e57a594ad8fb2491450f9c7a507e4d3cd4c1da,2017-10-01T06:19:40.000Z,0.004955,0x19fff3b449a3a58a48c7f1d838761f5721401d26,sell,0x888666ca69e0f178ded6d75b5726cee99a87d698,0x5d89caadebff3ece65e9b4ad73c259cf2f55f92918006c036b5da713a84d013f
298,45,0.22275,0x3e246d0453d08ea726a39560ede13551bb73dfb4,2017-10-01T06:19:40.000Z,0.00495,0x19fff3b449a3a58a48c7f1d838761f5721401d26,sell,0x888666ca69e0f178ded6d75b5726cee99a87d698,0x4833fca67f9d44f2f0be54e485ef6adc774970b450feb413b37d34a5aadd94e8
299,45,0.2241,0x3e246d0453d08ea726a39560ede13551bb73dfb4,2017-10-01T06:18:37.000Z,0.00498,0x19fff3b449a3a58a48c7f1d838761f5721401d26,sell,0x888666ca69e0f178ded6d75b5726cee99a87d698,0x1abba5e8d11d3a2e37f98274c3f9c252f53b577205b70a1dbd1303bbf2e1216c
300,4.0113567939387895,0.019610721094207955,0xd35cc4db1066b87373c5b83f2a033b4aabb8a1f2,2017-09-29T16:58:41.000Z,0.0048888,0x0cc60d479744fbc81f472c6dfb5203cc5ab51956,sell,0x888666ca69e0f178ded6d75b5726cee99a87d698,0x2ab6e80a6efeadbb467357e8aea754091599510e73d6d70039ae2de90d636d36
301,26,0.182,0xdf6453a8256d0397c5757fada7d6711a728e9f41,2017-09-29T05:03:24.000Z,0.007,0xccec7b7038524b1cb9aa90835dbc3564153c95ee,buy,0x888666ca69e0f178ded6d75b5726cee99a87d698,0x954bee713989de43bab30d6fcf56f273113f66f5481011337b60df4175e8b64e
302,315.98492698966555,1.7379170984431604,0x8d2441de9e54ab272f180f9c43ba91435e6c60fb,2017-09-29T04:37:36.000Z,0.0055,0x8ef8fa25abfbb1dff66baf330acbf341f2b928fb,buy,0x888666ca69e0f178ded6d75b5726cee99a87d698,0xc67b9a0bfb274342a271565fb0edc1399115f9343be7417bf9b975ae8ff81fa2
303,221.43907301033448,1.2179149015568396,0xe81a34d6551e4456a10c2b8c3a8536894034eb70,2017-09-29T00:38:48.000Z,0.0055,0x8ef8fa25abfbb1dff66baf330acbf341f2b928fb,buy,0x888666ca69e0f178ded6d75b5726cee99a87d698,0x354373a94af01cb9e8a70d1f0d4f3cf9b4362f801755c39a8d3f20064f4bd1f0
304,29,0.15921,0xe81a34d6551e4456a10c2b8c3a8536894034eb70,2017-09-29T00:31:30.000Z,0.00549,0x85073ea282d71e343c5f4ad4a4448a7931855215,buy,0x888666ca69e0f178ded6d75b5726cee99a87d698,0x9760c7caa83ed71f4decef2d3e59ff5223e0f71ada7750bd797e7ef4639c762d
305,18.742,0.09995727086,0xe81a34d6551e4456a10c2b8c3a8536894034eb70,2017-09-29T00:15:32.000Z,0.00533333,0xd35cc4db1066b87373c5b83f2a033b4aabb8a1f2,buy,0x888666ca69e0f178ded6d75b5726cee99a87d698,0x1c4976b6d911f0a5c44da775a18c3efa6d172a5cb4a38e9cf9c4c8aa9ff192ed
306,148.984,0.79408472,0xe81a34d6551e4456a10c2b8c3a8536894034eb70,2017-09-28T23:44:36.000Z,0.00533,0x038b23e1d4d404d716d643ecebcbb738d81f6957,buy,0x888666ca69e0f178ded6d75b5726cee99a87d698,0x63c49d8eb0ba8cf4ace2ad60b81118d24b183fda703b16665a037655a210adbb
307,11,0.0583,0xe81a34d6551e4456a10c2b8c3a8536894034eb70,2017-09-28T23:39:21.000Z,0.0053,0x18a6cbd268eef4ec450af59b7e8bf2710efc5ebb,buy,0x888666ca69e0f178ded6d75b5726cee99a87d698,0x0475945aa708f596d3b1bfa730f21487ac34fff50e1b051dd50a429d0a630aff
308,1,0.00549,0x0249924245a19aa2d7f5ddb0739a7132b7d094ab,2017-09-28T15:49:51.000Z,0.00549,0x85073ea282d71e343c5f4ad4a4448a7931855215,buy,0x888666ca69e0f178ded6d75b5726cee99a87d698,0xc357e728e83b4cbba74a98be1cda32f17288ba877bc61bfbf94d4b2599799949
309,0.2,0.0010599998,0xdf537fe9b791ac57c4d5e94f6b2fa8d989d7f793,2017-09-28T12:55:05.000Z,0.005299999,0x951571ecb267b433469ef2c50f4c7b74b1d631f7,buy,0x888666ca69e0f178ded6d75b5726cee99a87d698,0x4924ccf27eff458c6bb2b04abfcd7ae15c2d3b41d1f942b84024067ff80de959
310,2.5,0.013333325,0x88e25665eda1d4f01ef7a844e81fc1e68c1407ca,2017-09-28T09:59:55.000Z,0.00533333,0xd35cc4db1066b87373c5b83f2a033b4aabb8a1f2,buy,0x888666ca69e0f178ded6d75b5726cee99a87d698,0x93b4ebefe948bb78199e12dc236314c7db17dc275754c22bfed4ba4d8c2c5047
311,41.757759017349386,0.2227079089,0x73b7424a32b34806f9ba10129843ce9cc3069397,2017-09-28T08:47:38.000Z,0.00533333,0xd35cc4db1066b87373c5b83f2a033b4aabb8a1f2,buy,0x888666ca69e0f178ded6d75b5726cee99a87d698,0xd719b1e0c68d97aac11784799203f2d91308d9e514fe2710bc1442728fe28e64
312,290.1722490566038,1.53791292,0x73b7424a32b34806f9ba10129843ce9cc3069397,2017-09-28T08:47:38.000Z,0.0053,0x9761f2dc74d04201c4068a96d99a8745df43d500,buy,0x888666ca69e0f178ded6d75b5726cee99a87d698,0xd719b1e0c68d97aac11784799203f2d91308d9e514fe2710bc1442728fe28e64
313,349.40318566037735,1.851836884,0x73b7424a32b34806f9ba10129843ce9cc3069397,2017-09-28T08:46:44.000Z,0.0053,0x9761f2dc74d04201c4068a96d99a8745df43d500,buy,0x888666ca69e0f178ded6d75b5726cee99a87d698,0x749e9c0f079a4eaa824a6444221ffcb01fb8fb5e8ce7daaf4154fe97fe904c1b
314,348.5340166037736,1.847230288,0x73b7424a32b34806f9ba10129843ce9cc3069397,2017-09-28T08:46:30.000Z,0.0053,0x9761f2dc74d04201c4068a96d99a8745df43d500,buy,0x888666ca69e0f178ded6d75b5726cee99a87d698,0x1ca096d4c3b6c6581f9e3cca81559761bd17e7edaa9710cc15d401bfff94db54
315,348.5824983018868,1.847487241,0x73b7424a32b34806f9ba10129843ce9cc3069397,2017-09-28T08:46:23.000Z,0.0053,0x9761f2dc74d04201c4068a96d99a8745df43d500,buy,0x888666ca69e0f178ded6d75b5726cee99a87d698,0xbcee41ee153c86721aff05871790862aafb669d8966e745bdad8a1dbd7e18ec9
316,352.4131709433962,1.867789806,0x73b7424a32b34806f9ba10129843ce9cc3069397,2017-09-28T08:42:07.000Z,0.0053,0x9761f2dc74d04201c4068a96d99a8745df43d500,buy,0x888666ca69e0f178ded6d75b5726cee99a87d698,0x79a3e6d4576eb35570dfe02a7e3934599bd3bc814352bc22b26c6d03364caf7f
317,352.11557433962264,1.866212544,0x73b7424a32b34806f9ba10129843ce9cc3069397,2017-09-28T08:39:22.000Z,0.0053,0x9761f2dc74d04201c4068a96d99a8745df43d500,buy,0x888666ca69e0f178ded6d75b5726cee99a87d698,0x99b5dbb5f46153af43c809fc6c66f8f9d610fa96cda5957c0dbecfea3639cf40
318,352.0669341509434,1.865954751,0x73b7424a32b34806f9ba10129843ce9cc3069397,2017-09-28T08:39:18.000Z,0.0053,0x9761f2dc74d04201c4068a96d99a8745df43d500,buy,0x888666ca69e0f178ded6d75b5726cee99a87d698,0x8f80165825b1f4b4ff9bf4d908d679ca958884354499bf08a36324d8eb091ad5
319,352.06698471698115,1.865955019,0x73b7424a32b34806f9ba10129843ce9cc3069397,2017-09-28T08:38:46.000Z,0.0053,0x9761f2dc74d04201c4068a96d99a8745df43d500,buy,0x888666ca69e0f178ded6d75b5726cee99a87d698,0x28bdaa35bfbbc2ced4bddf02c5816053f7e87ce826e132221d03a473281d279c
320,352.0668986792453,1.865954563,0x73b7424a32b34806f9ba10129843ce9cc3069397,2017-09-28T08:38:11.000Z,0.0053,0x9761f2dc74d04201c4068a96d99a8745df43d500,buy,0x888666ca69e0f178ded6d75b5726cee99a87d698,0x397c2d5166acf590fd3524312832f113da7d0cbf43397837dd93c885313faa06
321,352.0670816981132,1.865955533,0x73b7424a32b34806f9ba10129843ce9cc3069397,2017-09-28T08:37:44.000Z,0.0053,0x9761f2dc74d04201c4068a96d99a8745df43d500,buy,0x888666ca69e0f178ded6d75b5726cee99a87d698,0x572e55285d7ab289d49dbcc9dc30dcb473dd0b1b0be1c36758d54ba110f86ffb
322,352.06713301886793,1.865955805,0x73b7424a32b34806f9ba10129843ce9cc3069397,2017-09-28T08:37:44.000Z,0.0053,0x9761f2dc74d04201c4068a96d99a8745df43d500,buy,0x888666ca69e0f178ded6d75b5726cee99a87d698,0x73d02b3c6636edc3775a1e10ad87750be1b967cb9497f3b51db8da88ed4c4063
323,345.73343,1.832387179,0x73b7424a32b34806f9ba10129843ce9cc3069397,2017-09-28T08:33:56.000Z,0.0053,0x9761f2dc74d04201c4068a96d99a8745df43d500,buy,0x888666ca69e0f178ded6d75b5726cee99a87d698,0xdd0fa04e5a0694bbdc5ecaf69c4ea2a9539fd95a31178d94444e2410ed495e57
324,88.8485400091585,0.4708971732,0x73b7424a32b34806f9ba10129843ce9cc3069397,2017-09-28T08:33:21.000Z,0.005299999,0x951571ecb267b433469ef2c50f4c7b74b1d631f7,buy,0x888666ca69e0f178ded6d75b5726cee99a87d698,0x15b2d3c8f2ce6ea9605f8df3a2c8e10e6bdd970acbeec30c40aa5dcddb233aef
325,257.04836471698115,1.362356333,0x73b7424a32b34806f9ba10129843ce9cc3069397,2017-09-28T08:33:21.000Z,0.0053,0x9761f2dc74d04201c4068a96d99a8745df43d500,buy,0x888666ca69e0f178ded6d75b5726cee99a87d698,0x15b2d3c8f2ce6ea9605f8df3a2c8e10e6bdd970acbeec30c40aa5dcddb233aef
326,23.636,0.129998,0xb37634ac97df31d56c77dfdb676a3e9391adbc02,2017-09-28T01:49:23.000Z,0.0055,0x8ef8fa25abfbb1dff66baf330acbf341f2b928fb,buy,0x888666ca69e0f178ded6d75b5726cee99a87d698,0x9c80aabdee2868b6022abe1b61224e43a215c8fa3b9a88dbc6702cb68630b31d
327,67.36399890493585,0.33682369954461905,0xd35cc4db1066b87373c5b83f2a033b4aabb8a1f2,2017-09-27T23:09:02.000Z,0.005000055,0x8ef8fa25abfbb1dff66baf330acbf341f2b928fb,sell,0x888666ca69e0f178ded6d75b5726cee99a87d698,0x11f1ef484afe74a1c6caa15fcde72ec7e9de43d663e6bfd2628bbcfea5dafe72
328,130.261,0.651307996003,0x8f3ab9008b1b3e1b4f3dc4c354e9192c1a3ad931,2017-09-27T23:07:38.000Z,0.005000023,0x8ef8fa25abfbb1dff66baf330acbf341f2b928fb,sell,0x888666ca69e0f178ded6d75b5726cee99a87d698,0xdf96a890d03d4e5026b58f5eb771e23e3326d8ce9d79e17b5460c60973b0a112
329,240,1.2000144,0x7cde6f7686dc774a6768e7ab0636164e34cf0e1c,2017-09-27T23:07:19.000Z,0.00500006,0x8ef8fa25abfbb1dff66baf330acbf341f2b928fb,sell,0x888666ca69e0f178ded6d75b5726cee99a87d698,0xec1c59b6fbfe96e3df047c045b11843f8115d1fc22cb2ae7fbe1265291c68d74
330,19.73880968996112,0.09869450244242847,0x8f3ab9008b1b3e1b4f3dc4c354e9192c1a3ad931,2017-09-27T03:07:47.000Z,0.005000023,0x0571302ea04a020ca3fcebfe2d637e40a4dd55cd,sell,0x888666ca69e0f178ded6d75b5726cee99a87d698,0x4442b5d572c911d247a3ad412e84f1479d076eb3e7b49d52d86434c3b0498563
331,65,0.3705,0x9b0871c0ec5b54f654506ee5329d71b02a2a7f27,2017-09-26T19:09:01.000Z,0.0057,0x9761f2dc74d04201c4068a96d99a8745df43d500,buy,0x888666ca69e0f178ded6d75b5726cee99a87d698,0x753c00effbd199a5995a7404d8904f1e8b15bb45ffd12ff2e1a04840c101eeb8
332,26,0.1482,0xfff6e26306171903d08c3178052e284f7a0722cd,2017-09-26T18:07:13.000Z,0.0057,0x9761f2dc74d04201c4068a96d99a8745df43d500,buy,0x888666ca69e0f178ded6d75b5726cee99a87d698,0xe305ee315344bc3cd1a301376302c079ef0f98b9b3333636730373aa2d64c831
333,25,0.1425,0xd0fa76f9e40754b21d1ecbf2b570d28e411af388,2017-09-26T17:14:29.000Z,0.0057,0x9761f2dc74d04201c4068a96d99a8745df43d500,buy,0x888666ca69e0f178ded6d75b5726cee99a87d698,0x666c40c27639fcfce48219ab710ed00f84f6a92c0f67f5b42dc02f64da09599e
334,22.6,0.13108,0xd814d3ee1c1a995ff006b35ab31a95ea8526f48a,2017-09-26T13:39:47.000Z,0.0058,0xf142f26d1cac4ba8a6e6d7974d243eda2fe5f4f9,sell,0x888666ca69e0f178ded6d75b5726cee99a87d698,0xc3aa8d86073746f976fb3e0e717bd96b6c8fd45df74e4318ca2d0e3c3d5d4593
335,23.509,0.1340013,0xd814d3ee1c1a995ff006b35ab31a95ea8526f48a,2017-09-25T21:53:40.000Z,0.0057,0x9761f2dc74d04201c4068a96d99a8745df43d500,buy,0x888666ca69e0f178ded6d75b5726cee99a87d698,0x3137e84a7c4f4832792ad5393a04a5fd938542eb6de6939e41e06dddecb0c84a
336,22.6,0.13108,0xd814d3ee1c1a995ff006b35ab31a95ea8526f48a,2017-09-25T21:50:49.000Z,0.0058,0x5524662fa37df94a7c1c8bb7bcf001defb00f57d,sell,0x888666ca69e0f178ded6d75b5726cee99a87d698,0x65da32f176509bd7eeb14d5d1ac6ade75da50385784d152a6e5b908b8006658e
337,0.08771929824561403,0.0005,0xe5a759eb3e214ff0a2bbbea31acc41c9bf27b239,2017-09-25T15:26:29.000Z,0.0057,0x9761f2dc74d04201c4068a96d99a8745df43d500,buy,0x888666ca69e0f178ded6d75b5726cee99a87d698,0x7bc03ca55c339750ce510f51f79d1f4d75c021e3c11b77379d6022e9afd16385
338,0.089730897308,0.000448655383848973,0x4278bfeb88b7b802629cfb8ae7949e2dd7d75e2d,2017-09-25T11:42:44.000Z,0.005000009999999999,0x18a902dc44442205b4ba2b1dc038e67506d22c55,sell,0x888666ca69e0f178ded6d75b5726cee99a87d698,0xebd604017cf1a624cd3a30c960eb396b112451b3dc0997d31e333155ddafc352
339,0.08474719910506957,0.0005,0x160506e5a5ce5dadd43623689f53d5aa1f288f0f,2017-09-25T02:31:29.000Z,0.0058999000000000005,0xd0e0fece8a16f36bc23e07f92f98b191624f331a,buy,0x888666ca69e0f178ded6d75b5726cee99a87d698,0x9a2070ce18369be46eae3b2b2073c9605963bf9460540a8118ba46590bc10c10
340,0.08474719910506957,0.0005,0x23ee598e50ff1b1bde1022bf3c8a41d4c23321a0,2017-09-25T00:26:17.000Z,0.0058999000000000005,0xd0e0fece8a16f36bc23e07f92f98b191624f331a,buy,0x888666ca69e0f178ded6d75b5726cee99a87d698,0x3df22267c0b93b1a8d32c490d470f0d760d225cb1c4b95d400d69dcc39a5b903
341,0.089730897308,0.0004666006660016,0x13bad7f8f42fca4c2b29708f79e58edb391ccce3,2017-09-24T23:21:12.000Z,0.0052,0xd868b838b5de79f1e540b5d83c9e9a3d0b3810cd,sell,0x888666ca69e0f178ded6d75b5726cee99a87d698,0xd9e2f6bac57f8921bae7c6dcb1acf0e9e13c86d8db75fa2d87dc264c2d6682ac
342,0.0832227857329,0.00043275848581108,0x13bad7f8f42fca4c2b29708f79e58edb391ccce3,2017-09-24T23:04:46.000Z,0.0052,0x1f8ac99600c61189d92c85cc760735b9e0067a60,sell,0x888666ca69e0f178ded6d75b5726cee99a87d698,0x4369e5364ea54421602ab48f63700966b6acfdbbd1a33d2562a491fae6e04c96
343,10.232938611111111,0.0552578685,0xb434ca69e8760fbdb56e8e7364158e58f2ddfb55,2017-09-24T21:09:25.000Z,0.0054,0x6e7897cf3dc5c8d7349ed63d68b0fcc34435ca8f,buy,0x888666ca69e0f178ded6d75b5726cee99a87d698,0x21861b7c2108f46cb4f6a6eefca1621f14e459bb150d675a072c1b733a2252d0
344,152.69406138888888,0.8245479315,0x73b7424a32b34806f9ba10129843ce9cc3069397,2017-09-24T19:27:22.000Z,0.0054,0x6e7897cf3dc5c8d7349ed63d68b0fcc34435ca8f,buy,0x888666ca69e0f178ded6d75b5726cee99a87d698,0xfd4dda63b9279d71e432d811694c0d70606d9968657fdfaf99c08212ebbf5ec6
345,144.928,0.800002270144,0x68ef9a0b8014bdb5d63ce174f99258fcabffef83,2017-09-24T16:23:57.000Z,0.005519998,0x0b1f768fb64521f5f3527e020cb9837198819b85,buy,0x888666ca69e0f178ded6d75b5726cee99a87d698,0x75bd55854a9505a56d9927523a8b0df25d84acd3f1eb86fe5ae52d416efffd77
346,242.770707690598,1.335238892298289,0x68ef9a0b8014bdb5d63ce174f99258fcabffef83,2017-09-24T16:11:57.000Z,0.0055,0x7445bcce9a8af35708122ef3c56bef2d90e19885,buy,0x888666ca69e0f178ded6d75b5726cee99a87d698,0x01b9b57a9fc399bfb2ab24c9594e5e190063b76b7ce5b9ed002d00a9e33a829a
347,253.455,1.3940025,0x68ef9a0b8014bdb5d63ce174f99258fcabffef83,2017-09-24T14:45:55.000Z,0.0055,0x7445bcce9a8af35708122ef3c56bef2d90e19885,buy,0x888666ca69e0f178ded6d75b5726cee99a87d698,0x2896cc02ea3c0afe9391e68136a444077b0e1d35fd382c6849a36a378e9e1524
348,76.47,0.412938,0x68ef9a0b8014bdb5d63ce174f99258fcabffef83,2017-09-24T14:44:24.000Z,0.0054,0xd35cc4db1066b87373c5b83f2a033b4aabb8a1f2,buy,0x888666ca69e0f178ded6d75b5726cee99a87d698,0xaba6f955529b0c9311f884b68fed7e5aca55344dc0481b1c074a95539b8bd3a9
349,12.146346326388196,0.0607323389492573,0xd35cc4db1066b87373c5b83f2a033b4aabb8a1f2,2017-09-24T02:46:30.000Z,0.00500005,0x7e94dd5eacca631a37c3c463388204532699d0e0,sell,0x888666ca69e0f178ded6d75b5726cee99a87d698,0x1d5cca97fc92b3a7a62cf6e177263d22c15e6f044af9f6cf421774f90b7098a3
350,0.09057971014492754,0.0005,0xc22f5ab4f1591613a92b4d172cc7f4e4a5af58cd,2017-09-24T00:02:02.000Z,0.00552,0x6e7897cf3dc5c8d7349ed63d68b0fcc34435ca8f,buy,0x888666ca69e0f178ded6d75b5726cee99a87d698,0xe323d6f247711ee81551c12bd9beb9acf24040bb20fdaf6f8968139995c34235
351,0.09057971014492754,0.0005,0x452b06f1c61cff4c9bebaa405319a7c3b12553a2,2017-09-23T23:56:26.000Z,0.00552,0x6e7897cf3dc5c8d7349ed63d68b0fcc34435ca8f,buy,0x888666ca69e0f178ded6d75b5726cee99a87d698,0xec99bbcdb6679956c1d6d3a106c97493a4e547181045d1775a8ae66fa68f9d5a
352,0.09057971014492754,0.0005,0x2ba19ec4bcd5ae8de66b110bde5ebf41092bd02f,2017-09-23T23:44:21.000Z,0.00552,0x6e7897cf3dc5c8d7349ed63d68b0fcc34435ca8f,buy,0x888666ca69e0f178ded6d75b5726cee99a87d698,0xf1ae7d18bef6eeb8a46e9b92046fb35e79089ad10730addbb65598507e8b5789
353,999.9167772142671,4.999583886071336,0x976653b779e73312fa638d33bf0db0b498d669e3,2017-09-23T20:42:21.000Z,0.005,0x74e4162038caf7212620fa50ce744f76ed5365c0,sell,0x888666ca69e0f178ded6d75b5726cee99a87d698,0xb91deee13ebbfbc1a1b8cfb26fb1881fff805b5531acaffe458f8196ae18efa2
354,0.09000009000009,0.0005,0x18a902dc44442205b4ba2b1dc038e67506d22c55,2017-09-23T16:23:28.000Z,0.00555555,0x6e7897cf3dc5c8d7349ed63d68b0fcc34435ca8f,buy,0x888666ca69e0f178ded6d75b5726cee99a87d698,0xc142621b19fe3b2f96c4cbb3d44497580f006e86570437b1853959d3abe1d8dc
355,0.09000009000009,0.0005,0xd868b838b5de79f1e540b5d83c9e9a3d0b3810cd,2017-09-23T16:13:11.000Z,0.00555555,0x6e7897cf3dc5c8d7349ed63d68b0fcc34435ca8f,buy,0x888666ca69e0f178ded6d75b5726cee99a87d698,0x8c707990934d99498283c00aa1dfe3928bda18fd48dc279d3a285bad9e5094f7
356,0.0832227857329,0.0004161139286645,0x976653b779e73312fa638d33bf0db0b498d669e3,2017-09-23T13:44:01.000Z,0.005,0x0f657c396dfcd6c59bb82b89fc3adbe5f90ce153,sell,0x888666ca69e0f178ded6d75b5726cee99a87d698,0x36ce07271cac7b34f0fab7fcac81fbec2e0973b21c8ea93b92b3b958951e4626
357,0.2,0.00113,0x636d925f140f761f7a0e600db2177dd068ddada1,2017-09-23T10:49:44.000Z,0.00565,0x18a6cbd268eef4ec450af59b7e8bf2710efc5ebb,buy,0x888666ca69e0f178ded6d75b5726cee99a87d698,0xf0bfba0a942b456ceb39f8285f8becf340a9c2b8ced8c607c012b6ad7d4d6ca0
358,71.32381176777218,0.35344514921519504,0xd35cc4db1066b87373c5b83f2a033b4aabb8a1f2,2017-09-23T09:31:59.000Z,0.0049555,0x1ed014aec47fae44c9e55bac7662c0b78ae61798,sell,0x888666ca69e0f178ded6d75b5726cee99a87d698,0x1177c7621f388d7d03f38e02d1dabe8861f06c962a6f52be352bb1d8948ec9fe
359,262.05972983750377,1.3103248551605025,0xd0e0fece8a16f36bc23e07f92f98b191624f331a,2017-09-22T20:07:20.000Z,0.0050001,0x8b5d2b5556958a4ee17bd1c5e1037d17c8cf0826,sell,0x888666ca69e0f178ded6d75b5726cee99a87d698,0xe9e787358f4295e40a55cea451a41277561f5697fa4ce6c401802f886ffa7175
360,124.8398641411624,0.6242118046922261,0xd0e0fece8a16f36bc23e07f92f98b191624f331a,2017-09-22T18:18:40.000Z,0.0050001,0xbfb50b318ebd18975bd60b8d21488a8595debe74,sell,0x888666ca69e0f178ded6d75b5726cee99a87d698,0x54d7663d4c5f4486b16c41ba15ab62412f621cc936b4d6987824514ade205488
361,1211.8952984877315,6.968397966304456,0xd20cd24af65b4a847eab20d2eb1f31c2b35fe743,2017-09-22T06:56:07.000Z,0.00575,0x6e7897cf3dc5c8d7349ed63d68b0fcc34435ca8f,buy,0x888666ca69e0f178ded6d75b5726cee99a87d698,0xa8a11ecc3d36471760ce218610d678148dcece1d6787b7d04c5517693f48095f
362,0.08695652173913043,0.0005,0x999dbc9673afdd6b6c140c261297f89de35ff1b3,2017-09-22T05:57:46.000Z,0.00575,0x6e7897cf3dc5c8d7349ed63d68b0fcc34435ca8f,buy,0x888666ca69e0f178ded6d75b5726cee99a87d698,0xf79ec68725c76a99fa88e4c6ec2902bfc7e96260e358e5da8095c89b7f3cd54f
363,0.08695652173913043,0.0005,0x999dbc9673afdd6b6c140c261297f89de35ff1b3,2017-09-22T05:29:07.000Z,0.00575,0x6e7897cf3dc5c8d7349ed63d68b0fcc34435ca8f,buy,0x888666ca69e0f178ded6d75b5726cee99a87d698,0x1b606d11a0b51a1577d3c9b9a86f39101f8c8433934441338f1f50d567e38419
364,0.08695652173913043,0.0005,0x8612d2a48328bbf318b856ed0daaa4a7034383d0,2017-09-22T05:14:41.000Z,0.00575,0x6e7897cf3dc5c8d7349ed63d68b0fcc34435ca8f,buy,0x888666ca69e0f178ded6d75b5726cee99a87d698,0x908b8927c85deaa89d29bc607f158a664237eadcb0fe2139e1e2e2a138ac59a6
365,0.08695652173913043,0.0005,0x10c12555236fa11fc988be565ab70c82a4660ecf,2017-09-22T05:10:54.000Z,0.00575,0x6e7897cf3dc5c8d7349ed63d68b0fcc34435ca8f,buy,0x888666ca69e0f178ded6d75b5726cee99a87d698,0xacb5d7634266e4b67c91fca930682b0ba49d06facb67985c1f6817e61aea5149
366,0.08695652173913043,0.0005,0x8f28b1970e72adb11173044ebc762800e3128238,2017-09-22T04:59:08.000Z,0.00575,0x6e7897cf3dc5c8d7349ed63d68b0fcc34435ca8f,buy,0x888666ca69e0f178ded6d75b5726cee99a87d698,0x5c6676b88a42b5b64cf633d48a5d9a574817b0fe1d66127a8ef44ec8a2a36c69
367,0.08695652173913043,0.0005,0x7ed2114439b24152cf18c02c10cae681a7ca2adc,2017-09-22T04:58:58.000Z,0.00575,0x6e7897cf3dc5c8d7349ed63d68b0fcc34435ca8f,buy,0x888666ca69e0f178ded6d75b5726cee99a87d698,0x1ed7de6fc5174331377c921f96de52f5eed87bc22a51440537be231b73ce634f
368,0.08695652173913043,0.0005,0x03dd03643b71b06642179afb38211c0f45699bc5,2017-09-22T04:53:54.000Z,0.00575,0x6e7897cf3dc5c8d7349ed63d68b0fcc34435ca8f,buy,0x888666ca69e0f178ded6d75b5726cee99a87d698,0x14fabab1af3e4ca90fe6c8787eaa7a509090d4f4f800cfe95cc6f0529ca0a1ae
369,0.174,0.0010005,0x19b78488b79c6a45d4e060f05a2b35c4873f25c5,2017-09-22T04:52:23.000Z,0.00575,0x6e7897cf3dc5c8d7349ed63d68b0fcc34435ca8f,buy,0x888666ca69e0f178ded6d75b5726cee99a87d698,0x840d4cdc4d1e2dd60d4f9f57b58bd27fbf1b9f83eb78c9fb43c3078651c6ac70
370,18.034179224404348,0.08838554844716415,0x851638b1a455db32e74a51d8d963910049597fc8,2017-09-22T01:39:47.000Z,0.004901002,0x6681c70b0e8a331fa80e6ffb8263e3cd731ef7c4,sell,0x888666ca69e0f178ded6d75b5726cee99a87d698,0x6c1861d54ffee8000ddc5e1c10ababa69d26d5087167b6da45592364996c169c
371,2.253570255301565,0.011042539322382776,0x84cb814a3a387876598dd69ffb0ddcf0971b5e89,2017-09-21T21:41:44.000Z,0.00490002,0x7f0285fc2e7f5f5d48a4d5c1b567f338b1c4f496,sell,0x888666ca69e0f178ded6d75b5726cee99a87d698,0xfbb32255b49b1400a57443d2a4858a0ab034647b6d5eeb15be3981b408d993ad
372,25,0.14125,0xe614f4c2e33d059ca2c236cf397f95f7e8ba7c52,2017-09-21T20:24:27.000Z,0.00565,0x18a6cbd268eef4ec450af59b7e8bf2710efc5ebb,buy,0x888666ca69e0f178ded6d75b5726cee99a87d698,0x8fa68cc96b837e5d3ac070dceab132afa3445e1dba183759dc4f28ea37f81e9b
373,39.18321702721563,0.18808336005233775,0x851638b1a455db32e74a51d8d963910049597fc8,2017-09-21T18:11:53.000Z,0.0048001,0x4ca7e4ccbb54ca14d67370a989439f866900df2c,sell,0x888666ca69e0f178ded6d75b5726cee99a87d698,0x9e212328d944771fe76224922672f3d18ff9a8227902ca1d16bc11c53dc5b5c9
374,20,0.1031006,0x84cb814a3a387876598dd69ffb0ddcf0971b5e89,2017-09-21T18:06:18.000Z,0.00515503,0x4ca7e4ccbb54ca14d67370a989439f866900df2c,sell,0x888666ca69e0f178ded6d75b5726cee99a87d698,0xdc004686ca9180902ccf4b33323817300f293ae8aa3e6839de19129628d8f836
375,10.105,0.052546,0x48eaedfa6ab55f414a433f0778f55ed9b827e822,2017-09-21T18:06:01.000Z,0.0052,0x4ca7e4ccbb54ca14d67370a989439f866900df2c,sell,0x888666ca69e0f178ded6d75b5726cee99a87d698,0x68d045fbb77ddb506911915617ea27989448d1698ae255c4e82751342aa1949b
376,67.06415122283833,0.34873358635875934,0x48eaedfa6ab55f414a433f0778f55ed9b827e822,2017-09-21T15:00:59.000Z,0.0052,0xf142f26d1cac4ba8a6e6d7974d243eda2fe5f4f9,sell,0x888666ca69e0f178ded6d75b5726cee99a87d698,0x3d6aaaf776391da91f311d1306503c4e2fda293bfd586ae5438f7aa06f73d2e8
377,32.64,0.1775616,0x73e2a296eb4e332795af3f7bd8b49063e93f90cf,2017-09-21T14:54:16.000Z,0.00544,0xf142f26d1cac4ba8a6e6d7974d243eda2fe5f4f9,sell,0x888666ca69e0f178ded6d75b5726cee99a87d698,0x9e38c57741c875e6c0474001ed4389163d7872981608312a7decc38c75986d09
