,amount,amountBase,buyer,date,price,seller,side,tokenAddr,txHash
0,20,0.2270632,0x9822d473b37741449b7e3b956c3e537792fbca46,2017-11-02T17:04:12.000Z,0.01135316,0x65f403f5ce12908bfa7d8089f54f097e8b686fae,buy,0xd4fa1460f537bb9085d22c7bccb5dd450ef28e3a,0x0d8744f88459cd1114d6cfc533d9a44941053f930fa2be4ec3968cae4dacf284
1,29,0.3161,0xe1c9d09be47672fd12c4350dfe999bdda9ca6325,2017-11-02T16:58:44.000Z,0.0109,0x3f361f37d01b6fd4149a599947e55e4d24829591,sell,0xd4fa1460f537bb9085d22c7bccb5dd450ef28e3a,0xf5df3652c1e159d96164f569561aa5a6dda3dbe4af966e4a23ab15182a1bc309
2,45.66,0.4999833924,0x65f403f5ce12908bfa7d8089f54f097e8b686fae,2017-11-02T16:56:30.000Z,0.01095014,0x3f361f37d01b6fd4149a599947e55e4d24829591,sell,0xd4fa1460f537bb9085d22c7bccb5dd450ef28e3a,0x540c114b31b90c7f37f8627d30e0720d0998575038b62b8b40cc8f8a97938a1d
3,25,0.2739975,0x58ca7f973f93a1138c2864cb58b8946707cd92cb,2017-11-02T16:56:20.000Z,0.0109599,0x3f361f37d01b6fd4149a599947e55e4d24829591,sell,0xd4fa1460f537bb9085d22c7bccb5dd450ef28e3a,0xd388b79f4f2f88fa7f2a983521b684f6e6b5863a0c81e2cafe1c6164e2f2265e
4,0.1,0.00114,0xdcce32ecd82fb651983b10ba53bf3141a330c953,2017-11-02T16:34:08.000Z,0.0114,0x933153cb57b715907aa041ad25ffc343bbf657c2,buy,0xd4fa1460f537bb9085d22c7bccb5dd450ef28e3a,0x78987e424ff9ff74d051f3f34aacc0223e53272da6ee07a27c16f16dbf615598
5,27.787,0.31531187102,0x8c294dfb889cdda458316f731d12e3f3ffa47d83,2017-11-02T16:32:35.000Z,0.01134746,0x65f403f5ce12908bfa7d8089f54f097e8b686fae,buy,0xd4fa1460f537bb9085d22c7bccb5dd450ef28e3a,0xfb1daa0484ebac9e3749cc25b3ba0772dff941e849499787ad9e6ee122cea06d
6,83,0.946199917,0xf04d4e12b5220edb151a9ca8a77f2d7dafbff337,2017-11-02T16:28:35.000Z,0.011399999,0xc44d85575607a609c1d7f49819754722ca0bbc97,buy,0xd4fa1460f537bb9085d22c7bccb5dd450ef28e3a,0x7757bc07e1a500108c3da3de54a8656a433086a6ff4f8b06247a5447b997a758
7,0.18,0.001962,0xe1c9d09be47672fd12c4350dfe999bdda9ca6325,2017-11-02T16:25:47.000Z,0.0109,0x6d7837b2c0f1ec83292e2525da229e12d3583ad6,sell,0xd4fa1460f537bb9085d22c7bccb5dd450ef28e3a,0x3ec1761584308168ae09038c54c2de28987b9dc308942ea0d433d052e6a77d3d
8,17.89542171,0.1959573730835394,0x65f403f5ce12908bfa7d8089f54f097e8b686fae,2017-11-02T16:19:25.000Z,0.01095014,0x242daf62dc3abc87c36aea0b593d223f919e918f,sell,0xd4fa1460f537bb9085d22c7bccb5dd450ef28e3a,0xddf82acf01edcc69aa5190af0167a2c4e06011b191bf117c179b7ba2b380a026
9,31,0.353399969,0x012ecf2ec79db72cd9dc22b065f9ffe13d36735e,2017-11-02T16:12:04.000Z,0.011399999,0xc44d85575607a609c1d7f49819754722ca0bbc97,buy,0xd4fa1460f537bb9085d22c7bccb5dd450ef28e3a,0xf1689d94f7f2aaf2a8b3b84602ae6534af26848f5b01982769a92b2e5941be5e
10,8.975,0.102314991025,0x242daf62dc3abc87c36aea0b593d223f919e918f,2017-11-02T16:11:08.000Z,0.011399999,0xc44d85575607a609c1d7f49819754722ca0bbc97,buy,0xd4fa1460f537bb9085d22c7bccb5dd450ef28e3a,0xfd3b54a289b4a9497d08796166914920af51228d9bd465640d87c22e16859eac
11,43.74527371,0.49869607660738036,0x2cf26e61790c11e1f104eb03511cb28fe1fa1b16,2017-11-02T16:09:53.000Z,0.011399999001340809,0xc44d85575607a609c1d7f49819754722ca0bbc97,buy,0xd4fa1460f537bb9085d22c7bccb5dd450ef28e3a,0x0ad60b28d681fa23b5aa4f374652f0b0336eca0e6bfe632415ccc9bf0ae0e42a
12,19,0.215023,0x012ecf2ec79db72cd9dc22b065f9ffe13d36735e,2017-11-02T16:07:37.000Z,0.011317,0x58ca7f973f93a1138c2864cb58b8946707cd92cb,buy,0xd4fa1460f537bb9085d22c7bccb5dd450ef28e3a,0x02aea873f59976f28ca0fa8468b47267377761cea5ba1b7cfb7cb135fa8cb790
13,28.99999999,0.32819297099999994,0x012ecf2ec79db72cd9dc22b065f9ffe13d36735e,2017-11-02T16:07:33.000Z,0.011316999003902413,0xe2f8a2be286fdc7d299def7e44fab8a55aab5771,buy,0xd4fa1460f537bb9085d22c7bccb5dd450ef28e3a,0x94ef909c130a31bdc8b0678011a38ddcdc5db32192c3bc7b45665d6ef44a9847
14,98.2363651,1.13954183516,0x21d542b6403c2d4406494bdac9db0cbedcbe91da,2017-11-02T15:57:04.000Z,0.0116,0xf44072eda87ede9613b6ae1b812de8a60ade27a2,sell,0xd4fa1460f537bb9085d22c7bccb5dd450ef28e3a,0xe5cb2aeac74f7203df3de11e54e56e12853b1d114038f881540f36ab9969340d
15,98.53196098,1.123264256754039,0xf44072eda87ede9613b6ae1b812de8a60ade27a2,2017-11-02T15:57:04.000Z,0.011399999001156983,0xc44d85575607a609c1d7f49819754722ca0bbc97,buy,0xd4fa1460f537bb9085d22c7bccb5dd450ef28e3a,0xe5cb2aeac74f7203df3de11e54e56e12853b1d114038f881540f36ab9969340d
16,503.2431457,5.7369718610600815,0x82caddb468aa26530beb7fe0ddd555371c12e27a,2017-11-02T15:42:36.000Z,0.011400000000159132,0x933153cb57b715907aa041ad25ffc343bbf657c2,buy,0xd4fa1460f537bb9085d22c7bccb5dd450ef28e3a,0x52d222c9dfdb042ff5732586a5c1eb2aa938b8bb4247b0ff4adba281789e6fdb
17,77.68983023,0.8810026748082,0x82caddb468aa26530beb7fe0ddd555371c12e27a,2017-11-02T15:41:35.000Z,0.01134,0x3b617201c4b7ff9603fc7fa21f24252b98d3326f,buy,0xd4fa1460f537bb9085d22c7bccb5dd450ef28e3a,0x05425bc5332681a18df0bdcd56da100087a6b6fa93d370e9d690fcccae301a3c
18,65,0.7371,0x82caddb468aa26530beb7fe0ddd555371c12e27a,2017-11-02T15:41:35.000Z,0.01134,0x89ebab0612bc4b7139d481c5ddfed506930c6eb7,buy,0xd4fa1460f537bb9085d22c7bccb5dd450ef28e3a,0x9c1ac7353dcf05eb0cdbe6d31825583a1ab95df37ebe3cae54f0458ff3640d23
19,150,1.697598,0x82caddb468aa26530beb7fe0ddd555371c12e27a,2017-11-02T15:41:24.000Z,0.01131732,0x47d4f20ae83bcd350105f199f900e6e6104dab6a,buy,0xd4fa1460f537bb9085d22c7bccb5dd450ef28e3a,0x320be23cb99052d9152f4f630c508e196e6f169dcedf1e46d41fc9d741b9a9bb
20,5,0.056585,0x9822d473b37741449b7e3b956c3e537792fbca46,2017-11-02T15:30:07.000Z,0.011317,0x58ca7f973f93a1138c2864cb58b8946707cd92cb,buy,0xd4fa1460f537bb9085d22c7bccb5dd450ef28e3a,0xb2e53c7179c324a9bcea07d1440dab1c1fdf4efd81ca713f43ddb5ff137d34fc
21,25,0.28185775,0x9822d473b37741449b7e3b956c3e537792fbca46,2017-11-02T15:18:17.000Z,0.01127431,0x65f403f5ce12908bfa7d8089f54f097e8b686fae,buy,0xd4fa1460f537bb9085d22c7bccb5dd450ef28e3a,0xb3ac211a1997c0af886178eb2d120c80034152220e51895e2eb6881f349b7491
22,219.424,2.43999488,0xffb303c6a9243d19e4dc50f9776acc57a2c9cfe7,2017-11-02T14:53:38.000Z,0.01112,0x3b617201c4b7ff9603fc7fa21f24252b98d3326f,sell,0xd4fa1460f537bb9085d22c7bccb5dd450ef28e3a,0xd03e6483028fc2b8193aa35d74ad42bf1027ba758fa5dce94b1dc4bd08c2334b
23,34.89183531,0.3886957431901062,0x65f403f5ce12908bfa7d8089f54f097e8b686fae,2017-11-02T14:51:39.000Z,0.01114002,0xe2f8a2be286fdc7d299def7e44fab8a55aab5771,sell,0xd4fa1460f537bb9085d22c7bccb5dd450ef28e3a,0x633d0b0d32d6e227ffa08144c0270f7e7b8029b629a6b0dce186b80ee3886ff5
24,50.444,0.5698633458,0xfae38040732e50ac8b4f36488d9bb56b9398c3ea,2017-11-02T14:20:16.000Z,0.01129695,0x65f403f5ce12908bfa7d8089f54f097e8b686fae,buy,0xd4fa1460f537bb9085d22c7bccb5dd450ef28e3a,0x06a30be08433dc36b478953c7a71bf49e20244414d0774c0a73ab1bcb5eacde0
25,0.04425973,0.0005,0x4fda9e6bcd83af6c5cc771b5d20accc2b7720074,2017-11-02T14:13:54.000Z,0.011296950975525608,0x65f403f5ce12908bfa7d8089f54f097e8b686fae,buy,0xd4fa1460f537bb9085d22c7bccb5dd450ef28e3a,0x195eadf87e485f14d8befb2c12841d7c5e0d04275d926e1ba8a4d611451b4bcf
26,9.28322201,0.1032294287512,0xffb303c6a9243d19e4dc50f9776acc57a2c9cfe7,2017-11-02T14:03:12.000Z,0.01112,0x8fb4db85b9e1626e8736965096e1dbca26a2b557,sell,0xd4fa1460f537bb9085d22c7bccb5dd450ef28e3a,0x052318eabefbbd3fde5e99ca829110a1e2cd2b05afa85239349bdff978bb2e47
27,101.29260512,1.1263737689344,0xffb303c6a9243d19e4dc50f9776acc57a2c9cfe7,2017-11-02T13:58:31.000Z,0.01112,0x88b423541b8c8817336553480153f122a3f2ee19,sell,0xd4fa1460f537bb9085d22c7bccb5dd450ef28e3a,0xce6422ee6df2fe6ddc741d7ff5da25a55f60e4e3ce4e55bb60846e0e70d1b37d
28,225,2.4975,0x6e1bae643bc82bcbc622bd550ab268970c564f2a,2017-11-02T13:58:31.000Z,0.0111,0x8fb4db85b9e1626e8736965096e1dbca26a2b557,sell,0xd4fa1460f537bb9085d22c7bccb5dd450ef28e3a,0x4e0414f763f2fcf67890e38370587cd033cd468ac4471ee1868aa2922fe369f7
29,625,6.9875,0xeccb55aa8d4cd0067df7c9c68f471956d63a53c6,2017-11-02T13:53:19.000Z,0.01118,0x88b423541b8c8817336553480153f122a3f2ee19,sell,0xd4fa1460f537bb9085d22c7bccb5dd450ef28e3a,0x659b9d6c4fe00733bd4dc27e7c7c310cc6d25f80cf3d4fc8683a000b26d83a00
30,200.308,2.17534488,0x723fa2df041440651a6ac8cdddcf81a0977a97e8,2017-11-02T13:50:40.000Z,0.01086,0x3b617201c4b7ff9603fc7fa21f24252b98d3326f,sell,0xd4fa1460f537bb9085d22c7bccb5dd450ef28e3a,0xdecfc0cfa8bedf90d495cef639867d9cc98f2f49f06fd39d94cb78b330635294
31,520.5801709,5.653501176554171,0x88b423541b8c8817336553480153f122a3f2ee19,2017-11-02T13:40:47.000Z,0.010860001,0xfa4a20068f08882a44a30c75b6a0cec917c5dd5e,sell,0xd4fa1460f537bb9085d22c7bccb5dd450ef28e3a,0xad339efd637c8d82ac67acafa7e9d5dc04195208a6c9303b02ef431e5fedccd8
32,51.56114046,0.5599540369567405,0x88b423541b8c8817336553480153f122a3f2ee19,2017-11-02T13:39:35.000Z,0.010860001,0xd9f54bdfdc73e743299036db59c40c7e04538c3c,sell,0xd4fa1460f537bb9085d22c7bccb5dd450ef28e3a,0x8d385031796a948670cd63a8aa22ec31a7bb54f1a8f51208a963aa823a75e30c
33,355,3.8695,0xc8fdc5cd951ed3faf9abcf1f5ce9d32b773bdcf0,2017-11-02T13:37:55.000Z,0.0109,0xd9f54bdfdc73e743299036db59c40c7e04538c3c,sell,0xd4fa1460f537bb9085d22c7bccb5dd450ef28e3a,0xdb5aca7c8ea080c00e60f23ffad2c48a619f20394373976d6718d8a8e9ed3efe
34,500,5.430001,0xda896bd9e964386f7343414a646c8ef75d5ae009,2017-11-02T13:28:11.000Z,0.010860002,0x3b617201c4b7ff9603fc7fa21f24252b98d3326f,sell,0xd4fa1460f537bb9085d22c7bccb5dd450ef28e3a,0x6b4274870db2d007916063890e27c931b147017f5709e4b1105a561751d72c0a
35,0.00009731,0.00000102370129731,0x69ee4657c1e7759e432d6a2e01eee0dd31e68e38,2017-11-02T13:10:31.000Z,0.010520001,0xc9a37e1eb3b49b0a0eaa9bbcb34c1e5b68ec2fc3,sell,0xd4fa1460f537bb9085d22c7bccb5dd450ef28e3a,0x9b5664830645980c06cec8e961d74a62662a18028dc8901008efba613dacbefe
36,9.982,0.11539192,0x9d054644994ddf153b399b18291628387fab63f6,2017-11-02T12:59:45.000Z,0.01156,0x30404f5bc93094bd88d615ef3e89be9742017042,buy,0xd4fa1460f537bb9085d22c7bccb5dd450ef28e3a,0xe3372971ab4790b49fd4c35346757e82ca91a4c4bf744b45318a5935b3a46e20
37,23,0.26599385,0x9d054644994ddf153b399b18291628387fab63f6,2017-11-02T12:56:55.000Z,0.01156495,0x88b423541b8c8817336553480153f122a3f2ee19,buy,0xd4fa1460f537bb9085d22c7bccb5dd450ef28e3a,0x1057e12df92dd46b2abf40611c0b373bfafa36cd77ffcc97c006c025f23aa052
38,90.08650146,1.0800470661162977,0x16c63c70be2ac6b41ade11e6cf136cc3d3ac4d18,2017-11-02T12:53:21.000Z,0.01198900000124722,0x69ee4657c1e7759e432d6a2e01eee0dd31e68e38,buy,0xd4fa1460f537bb9085d22c7bccb5dd450ef28e3a,0x197197b61cd81407d407078e5808fddc1344169da32e9f9dbac45e1d6dc71269
39,29.06277936,0.31562181291237934,0x88b423541b8c8817336553480153f122a3f2ee19,2017-11-02T12:43:39.000Z,0.010860001,0x548cab36b9c0de476d0415437b44a1e7f00210f7,sell,0xd4fa1460f537bb9085d22c7bccb5dd450ef28e3a,0x7fc8f348ba601bf864f06909a8eac6fab0d690dd4dc2d27ce7a5e446ef3f2ee9
40,45.71,0.4999846649,0x65f403f5ce12908bfa7d8089f54f097e8b686fae,2017-11-02T12:42:44.000Z,0.01093819,0x548cab36b9c0de476d0415437b44a1e7f00210f7,sell,0xd4fa1460f537bb9085d22c7bccb5dd450ef28e3a,0x2c21ae3b8c15f72c9890928558ff290013b3ebd9b1b12f5ffbc710787171dc78
41,99.69199654,1.0826550824244,0x723fa2df041440651a6ac8cdddcf81a0977a97e8,2017-11-02T12:36:11.000Z,0.01086,0x34d09cb698d23a960c11899e802f2f188967f6cf,sell,0xd4fa1460f537bb9085d22c7bccb5dd450ef28e3a,0x84bf3760511677127bf115bfcc9bef68d9dba8ad951149c8d3dd4ab9cebb58b3
42,42.78581889,0.49845479015053334,0xc5ce114707eaa15e5ade4e3da7a7f992fd8d5bbd,2017-11-02T12:34:41.000Z,0.011650000001917302,0xc5ade67e26741e927bada0d3201286054c0a3cd0,buy,0xd4fa1460f537bb9085d22c7bccb5dd450ef28e3a,0xc395c3df306d93614d3f2eae74022e023cffc94c9e9fb9f3349580ac31d49458
43,114.15,1.2385391433,0x88b423541b8c8817336553480153f122a3f2ee19,2017-11-02T12:34:41.000Z,0.010850102,0xd848d35ea908828d1a064a7c0bb2aebb8486da57,sell,0xd4fa1460f537bb9085d22c7bccb5dd450ef28e3a,0xf1957b04177f598411c4c992afe6a5f6dafb2e110b6312cc3be7ada7daee577e
44,138.63273819,1.615071399953316,0x24d07fc839e5cdaf6abc706225c40cd9ab66efdf,2017-11-02T12:34:00.000Z,0.011650000000287205,0xc5ade67e26741e927bada0d3201286054c0a3cd0,buy,0xd4fa1460f537bb9085d22c7bccb5dd450ef28e3a,0xefd3ba0ad62e78d04c2d52ace1e58d93243f0ba9827e441efbf1b669a1d1460d
45,50,0.5781895,0x24d07fc839e5cdaf6abc706225c40cd9ab66efdf,2017-11-02T12:33:11.000Z,0.01156379,0x65f403f5ce12908bfa7d8089f54f097e8b686fae,buy,0xd4fa1460f537bb9085d22c7bccb5dd450ef28e3a,0xebee801335e1c2990a67fb94b207ebd670bed7f916ad09362e7adfb2090b6e0d
46,1.87965079,0.021897931711693748,0x24d07fc839e5cdaf6abc706225c40cd9ab66efdf,2017-11-02T12:30:14.000Z,0.011650000004359187,0xc5ade67e26741e927bada0d3201286054c0a3cd0,buy,0xd4fa1460f537bb9085d22c7bccb5dd450ef28e3a,0xdb415eec82bfa9a9b5edaa57faf9e33d708a3b4ee498731ad0e0d981d316cb44
47,0.02850297,0.00030926010329997,0x12e455c7f385003332e661b8d17070c8b347cf4c,2017-11-02T12:29:05.000Z,0.010850101,0x706425fdc4d00b064a5592694cf69c434e078d5e,sell,0xd4fa1460f537bb9085d22c7bccb5dd450ef28e3a,0x2bbd9b4cbdb4d86817a8dda697ef62763e1574972739febb0f10ce15125b0d2a
48,285.91317914,3.102186870900093,0x12e455c7f385003332e661b8d17070c8b347cf4c,2017-11-02T12:28:06.000Z,0.010850101,0x706425fdc4d00b064a5592694cf69c434e078d5e,sell,0xd4fa1460f537bb9085d22c7bccb5dd450ef28e3a,0x367e554a268f9d0035deae918733118662f8ae6dd8914c23a9653939be555ed6
49,586.6,6.39394,0xc5ade67e26741e927bada0d3201286054c0a3cd0,2017-11-02T12:27:03.000Z,0.0109,0x706425fdc4d00b064a5592694cf69c434e078d5e,sell,0xd4fa1460f537bb9085d22c7bccb5dd450ef28e3a,0xd595fc28303215b94f427d579e8a815a889a96d0cc2677103d9cefbaa5dd6d45
50,45.23,0.4999737769,0x65f403f5ce12908bfa7d8089f54f097e8b686fae,2017-11-02T12:26:45.000Z,0.01105403,0x706425fdc4d00b064a5592694cf69c434e078d5e,sell,0xd4fa1460f537bb9085d22c7bccb5dd450ef28e3a,0x4ad3fa58140023c126f37aec248af6154def8778624875dadec3088916fbdfe3
51,230,2.5185,0x09dcf8ea228f6d29b0ddf7ae75723ba4cbc1385d,2017-11-02T12:26:45.000Z,0.01095,0x706425fdc4d00b064a5592694cf69c434e078d5e,sell,0xd4fa1460f537bb9085d22c7bccb5dd450ef28e3a,0xd33cf23de19e52762312d81f78e3a151b91b0c70f5152c3b465ccc781910e168
52,32,0.3794928,0x3d234804e44e4e9663bdc327123e50da801e0728,2017-11-02T12:24:16.000Z,0.01185915,0x88b423541b8c8817336553480153f122a3f2ee19,buy,0xd4fa1460f537bb9085d22c7bccb5dd450ef28e3a,0x1c1740976f1599878b4fb3f95004e37743ba2a234edc28fbd721e189c80d8113
53,35.6,0.422186096,0xf119d97994ba49226c56640d0fb10dd740778b64,2017-11-02T12:21:56.000Z,0.01185916,0x65f403f5ce12908bfa7d8089f54f097e8b686fae,buy,0xd4fa1460f537bb9085d22c7bccb5dd450ef28e3a,0xfe3be18a42648e0aca74b080c8a51612efd685148bc12ff02fd2c9cedaa2670d
54,4.7,0.056165,0x8923834be74e48dc6d1aaf267fa009affb7bea73,2017-11-02T12:20:06.000Z,0.01195,0x744fe5612adba12972893f3557eee780e29f78f0,buy,0xd4fa1460f537bb9085d22c7bccb5dd450ef28e3a,0x9493c62a086a6c01947b1b33c5e5076ed65b337f2675ed9d49b07b2a7f1d5da8
55,0.0067917,0.00007369062484917,0xad5b3fbc469313e21efe4117627a658424091b0a,2017-11-02T12:19:22.000Z,0.0108501001,0xd8b4301f97492fdb0d2de7a53ba8af6622aba80c,sell,0xd4fa1460f537bb9085d22c7bccb5dd450ef28e3a,0x59cfed6f594786cf177acf0a7a2db030372fc2c57f31061ecc42b26f0107d6b9
56,0.0067917,0.00007369062484917,0xad5b3fbc469313e21efe4117627a658424091b0a,2017-11-02T12:19:19.000Z,0.0108501001,0xd8b4301f97492fdb0d2de7a53ba8af6622aba80c,sell,0xd4fa1460f537bb9085d22c7bccb5dd450ef28e3a,0x59cfed6f594786cf177acf0a7a2db030372fc2c57f31061ecc42b26f0107d6b9
57,4.7,0.056165,0x8923834be74e48dc6d1aaf267fa009affb7bea73,2017-11-02T12:19:19.000Z,0.01195,0x744fe5612adba12972893f3557eee780e29f78f0,buy,0xd4fa1460f537bb9085d22c7bccb5dd450ef28e3a,0x9493c62a086a6c01947b1b33c5e5076ed65b337f2675ed9d49b07b2a7f1d5da8
58,68.12752148,0.739190420810148,0x88b423541b8c8817336553480153f122a3f2ee19,2017-11-02T12:15:56.000Z,0.0108501,0xd8b4301f97492fdb0d2de7a53ba8af6622aba80c,sell,0xd4fa1460f537bb9085d22c7bccb5dd450ef28e3a,0xb7e15d4375806e9498ed364b3b6678597a6ea2cb7385d0aa6069cb81a1a91240
59,0.00000109,0.000000013112098706,0x8923834be74e48dc6d1aaf267fa009affb7bea73,2017-11-02T12:14:39.000Z,0.01202944835412844,0x744fe5612adba12972893f3557eee780e29f78f0,buy,0xd4fa1460f537bb9085d22c7bccb5dd450ef28e3a,0xdcee66f035c1704dcece4164ef77e39b729e47d65194d745f3c06b9bc0d2bbff
60,203.82403062,2.4428310070450743,0x3d234804e44e4e9663bdc327123e50da801e0728,2017-11-02T12:14:39.000Z,0.011985000000315832,0x09dcf8ea228f6d29b0ddf7ae75723ba4cbc1385d,buy,0xd4fa1460f537bb9085d22c7bccb5dd450ef28e3a,0x0a40c4fff366d3f36c1c539e377bcda5ea24a237ef9f08722719a54f0ff4c811
61,165,1.815,0x67dc9617cb8979b9c5fd64d35ef3130c587dd20d,2017-11-02T12:13:24.000Z,0.011,0xd8b4301f97492fdb0d2de7a53ba8af6622aba80c,sell,0xd4fa1460f537bb9085d22c7bccb5dd450ef28e3a,0xb0bbdfa23f04c032d8f0865bf6adebebff9e69b5975b4acf84a36006e7096a38
62,25,0.2997,0xf119d97994ba49226c56640d0fb10dd740778b64,2017-11-02T12:12:59.000Z,0.011988,0x18e96886612735f0d509d139f304f108f79bc18c,buy,0xd4fa1460f537bb9085d22c7bccb5dd450ef28e3a,0xd010982aff131aaf6f0a73e9ee004ef26ee492ab5650a1cf5376878e758d9982
63,45.05,0.50000995,0x65f403f5ce12908bfa7d8089f54f097e8b686fae,2017-11-02T12:11:54.000Z,0.011099,0xd8b4301f97492fdb0d2de7a53ba8af6622aba80c,sell,0xd4fa1460f537bb9085d22c7bccb5dd450ef28e3a,0xc130505be4b5d745e794b3dce08c5591445021c0723d38435c91cf13eefcc7a2
64,30,0.3315,0x744fe5612adba12972893f3557eee780e29f78f0,2017-11-02T12:10:58.000Z,0.01105,0xd8b4301f97492fdb0d2de7a53ba8af6622aba80c,sell,0xd4fa1460f537bb9085d22c7bccb5dd450ef28e3a,0x1075c29e5c941d57eee05acca28021dd15250180a0f6dcf9aea40abd4b21ac94
65,24,0.2661576,0x58ca7f973f93a1138c2864cb58b8946707cd92cb,2017-11-02T12:10:28.000Z,0.0110899,0xd8b4301f97492fdb0d2de7a53ba8af6622aba80c,sell,0xd4fa1460f537bb9085d22c7bccb5dd450ef28e3a,0xcff3cdb5b77f0698fe061d9e741f6b2110cf5d13a16992541accaa53d4f7d794
66,10,0.11985,0x90279f666538ceca8662d01dd5ba2634aaefc602,2017-11-02T12:10:28.000Z,0.011985,0x09dcf8ea228f6d29b0ddf7ae75723ba4cbc1385d,buy,0xd4fa1460f537bb9085d22c7bccb5dd450ef28e3a,0xf1eba51650a1af55b1c371b3ab746e6a701ee730a76344223946f5180a7c38a3
67,10.826,0.1288294,0x90279f666538ceca8662d01dd5ba2634aaefc602,2017-11-02T12:08:03.000Z,0.0119,0x67dc9617cb8979b9c5fd64d35ef3130c587dd20d,buy,0xd4fa1460f537bb9085d22c7bccb5dd450ef28e3a,0x26774918cc1933ee440ab3b58175bb38251e36e5a20b34b06cb38d39d45442ca
68,465,5.57535,0x90279f666538ceca8662d01dd5ba2634aaefc602,2017-11-02T12:04:24.000Z,0.01199,0xd848d35ea908828d1a064a7c0bb2aebb8486da57,buy,0xd4fa1460f537bb9085d22c7bccb5dd450ef28e3a,0x6161c73b4704fc83dfc3685392e052ed675f99f78d18e26b789319f9cf562a1a
69,376.7,4.437526,0x90279f666538ceca8662d01dd5ba2634aaefc602,2017-11-02T11:58:47.000Z,0.01178,0xc5ade67e26741e927bada0d3201286054c0a3cd0,buy,0xd4fa1460f537bb9085d22c7bccb5dd450ef28e3a,0x0505532df5273a16a73120b649fa2d1fdbb64a3ae905e2d9d1bacde457e7f0b3
70,376.7,4.437526,0x90279f666538ceca8662d01dd5ba2634aaefc602,2017-11-02T11:58:12.000Z,0.01178,0xc5ade67e26741e927bada0d3201286054c0a3cd0,buy,0xd4fa1460f537bb9085d22c7bccb5dd450ef28e3a,0x0505532df5273a16a73120b649fa2d1fdbb64a3ae905e2d9d1bacde457e7f0b3
71,84.3,0.993054,0x5a71b1979b1c392d1f96fc11207879d1632aa55f,2017-11-02T11:55:33.000Z,0.01178,0xc5ade67e26741e927bada0d3201286054c0a3cd0,buy,0xd4fa1460f537bb9085d22c7bccb5dd450ef28e3a,0x93e3b786dddea3096544c8fcbade301fb0462ae53a26d37f14f1440f36b6bf4e
72,4.63562955,0.04683378852179775,0x933153cb57b715907aa041ad25ffc343bbf657c2,2017-11-02T11:44:57.000Z,0.010103005,0xe5bed25916e8d9a30dfbb764ec7ca7225773d011,sell,0xd4fa1460f537bb9085d22c7bccb5dd450ef28e3a,0xa002454c9f2fdc09cb42a86a37fe3d7cc12817fc9202c4cfacfb39dd051b3f1a
73,88,0.9504,0x67dc9617cb8979b9c5fd64d35ef3130c587dd20d,2017-11-02T11:43:14.000Z,0.0108,0xe5bed25916e8d9a30dfbb764ec7ca7225773d011,sell,0xd4fa1460f537bb9085d22c7bccb5dd450ef28e3a,0x1b734113315d4e5186a0cc3b7885099c94bb5fa1ce88bbe710e6fb9e4952f84d
74,115,1.3547,0xb316cc92756ec285e518d5e7237a8706be0684ce,2017-11-02T11:41:17.000Z,0.01178,0xc5ade67e26741e927bada0d3201286054c0a3cd0,buy,0xd4fa1460f537bb9085d22c7bccb5dd450ef28e3a,0x9eb707a43e24995883c4be637e2a26b533c383ae747a34ee7e0d5195211c057c
75,663,7.293,0xefa252176a1fc94348c0fa5943e19d1a8a2d2cc7,2017-11-02T11:35:34.000Z,0.011,0xe5bed25916e8d9a30dfbb764ec7ca7225773d011,sell,0xd4fa1460f537bb9085d22c7bccb5dd450ef28e3a,0x0844bb7966badd60dd7deda74dd17fae62c223aab4d2618f50ec3fff7c58fb5b
76,500,5.6995,0xb1fc45e344f2ea94eae76e9b4c11bb820aff730d,2017-11-02T11:35:12.000Z,0.011399,0xe5bed25916e8d9a30dfbb764ec7ca7225773d011,sell,0xd4fa1460f537bb9085d22c7bccb5dd450ef28e3a,0xd5388825b96cf317f7934cf23804f8cba47bb6ec2a12a39787930f9b8c1021d3
77,803,8.7527,0x69ee4657c1e7759e432d6a2e01eee0dd31e68e38,2017-11-02T11:34:52.000Z,0.0109,0xe5bed25916e8d9a30dfbb764ec7ca7225773d011,sell,0xd4fa1460f537bb9085d22c7bccb5dd450ef28e3a,0x114a2a21fe320be780f9491159f0c1b3a771052576f6b23c64ee4f1aece1a497
78,350,3.91965,0xb1fc45e344f2ea94eae76e9b4c11bb820aff730d,2017-11-02T11:21:58.000Z,0.011199,0xe5bed25916e8d9a30dfbb764ec7ca7225773d011,sell,0xd4fa1460f537bb9085d22c7bccb5dd450ef28e3a,0xcdf049ace1323eaeddaf1f44f82e40f35f24804a938fa6b7a405aa34483d5e12
79,576,6.3936,0xc5ade67e26741e927bada0d3201286054c0a3cd0,2017-11-02T11:21:14.000Z,0.0111,0xe5bed25916e8d9a30dfbb764ec7ca7225773d011,sell,0xd4fa1460f537bb9085d22c7bccb5dd450ef28e3a,0x65a7902a6d506d48680a693bd6b55ff436c0c0eae713d38a5b2d6130a94962d5
80,1495.36437045,15.107673711478203,0x933153cb57b715907aa041ad25ffc343bbf657c2,2017-11-02T11:16:35.000Z,0.010103005,0xe5bed25916e8d9a30dfbb764ec7ca7225773d011,sell,0xd4fa1460f537bb9085d22c7bccb5dd450ef28e3a,0x9fe73f2c2ef9f8a057debba0d6cdd746faaf88acd4935af97928d2fa6fee4bd7
81,0.74375888,0.00884180482168112,0x075d567b34a0cdfe2f6fc2af78f6f87adcb5fb62,2017-11-02T11:02:41.000Z,0.011887999,0xf7d8adabed2ef659f317ccd8ef27d210e50026de,buy,0xd4fa1460f537bb9085d22c7bccb5dd450ef28e3a,0x3a37d090f14ebd60a2074c2e8193eb3ff62324ba245898cab974dc438235f57b
82,10,0.128,0x075d567b34a0cdfe2f6fc2af78f6f87adcb5fb62,2017-11-02T10:54:54.000Z,0.0128,0x7616bb991081160eb20ff62ba47da6e54f5c8728,buy,0xd4fa1460f537bb9085d22c7bccb5dd450ef28e3a,0x6580465eb114ab2ad78d15003c55b358495c3eb573f671f56b11c7149d5aaa63
83,316.91349853,3.799475933883702,0x1834e0baac6112f05a39656566292e23bb59b935,2017-11-02T10:50:39.000Z,0.011989000000023767,0x69ee4657c1e7759e432d6a2e01eee0dd31e68e38,buy,0xd4fa1460f537bb9085d22c7bccb5dd450ef28e3a,0x2561cb69adbbd749cb7a5f8ae9b99cf8baf031b1068320673505bd94d8a74a48
84,0.09839497,0.0010787945794824,0x65f403f5ce12908bfa7d8089f54f097e8b686fae,2017-11-02T10:47:52.000Z,0.01096392,0x33b84b532ef8e27ea3499b05f43483108d6e3b4e,sell,0xd4fa1460f537bb9085d22c7bccb5dd450ef28e3a,0x6acbdae998b48d86a98aed240e3515a913a7ec512358939a46b11e76f7300248
85,10.45423524,0.1215827558773688,0xade88a9d1e47888a486ec835c6b553c4557ba692,2017-11-02T10:36:51.000Z,0.011630000003459727,0x18e96886612735f0d509d139f304f108f79bc18c,buy,0xd4fa1460f537bb9085d22c7bccb5dd450ef28e3a,0xc0ad22329cbf718498360f886c8dcdf581cb817d40ef34c6897dcd0aa0c3b1fd
86,575.28717494,6.897693227620306,0xb02c27bc37e0281610b0dc813bccd652423d7d36,2017-11-02T10:32:40.000Z,0.011990000000155931,0xd848d35ea908828d1a064a7c0bb2aebb8486da57,buy,0xd4fa1460f537bb9085d22c7bccb5dd450ef28e3a,0x39d94b4e625467f0b4f51a50bb8a5bdb92034d67a445b4f83d83773cd9ef858f
87,88.17355998,1.0492653638546687,0xb934fffc360c8f8c92f9133e6fc45b419e1bf611,2017-11-02T10:30:33.000Z,0.01190000000105098,0x67dc9617cb8979b9c5fd64d35ef3130c587dd20d,buy,0xd4fa1460f537bb9085d22c7bccb5dd450ef28e3a,0xccda1a1ac9f31b13de17fbb16f526ed8c66ff31323be5d59665d92815ec2d125
88,499,5.932112,0xb934fffc360c8f8c92f9133e6fc45b419e1bf611,2017-11-02T10:28:21.000Z,0.011888,0x3bd940dc7dc61251875689aa7dcc347ec615f1f4,buy,0xd4fa1460f537bb9085d22c7bccb5dd450ef28e3a,0xc922fe997eed1e82aa695362c96fd0d421d3e87cae7a6f3f0b64473d5e2fd977
89,704,8.369151296,0xb934fffc360c8f8c92f9133e6fc45b419e1bf611,2017-11-02T10:26:47.000Z,0.011887999,0xf7d8adabed2ef659f317ccd8ef27d210e50026de,buy,0xd4fa1460f537bb9085d22c7bccb5dd450ef28e3a,0x56ca48274e09a44a3a4b1f4f261ae16a9a0891e4f58d9b4826fd457c5aee5bd2
90,721,8.570527,0xb934fffc360c8f8c92f9133e6fc45b419e1bf611,2017-11-02T10:25:57.000Z,0.011887,0x69ee4657c1e7759e432d6a2e01eee0dd31e68e38,buy,0xd4fa1460f537bb9085d22c7bccb5dd450ef28e3a,0x61396fcf1be5638747e098e8465936031bfb09ff88012e52473b9306d391ac8c
91,300,3.39,0xb934fffc360c8f8c92f9133e6fc45b419e1bf611,2017-11-02T10:25:32.000Z,0.0113,0xd9f54bdfdc73e743299036db59c40c7e04538c3c,buy,0xd4fa1460f537bb9085d22c7bccb5dd450ef28e3a,0x9df32a227bd39dffbed28eb0bcd52126b97450648b104532f0b9dfcff1e69707
92,214,2.354,0xb934fffc360c8f8c92f9133e6fc45b419e1bf611,2017-11-02T10:24:50.000Z,0.011,0xebab0220ac54ce46d35f79b50a64d47ec433af8a,buy,0xd4fa1460f537bb9085d22c7bccb5dd450ef28e3a,0x9eac3fe4ea343699fed9320d9168a4963191aeaf71c0283d48ebac1080bc71ed
93,16.3462123,0.18958337026271263,0xebab0220ac54ce46d35f79b50a64d47ec433af8a,2017-11-02T10:17:09.000Z,0.01159800000044736,0x69ee4657c1e7759e432d6a2e01eee0dd31e68e38,buy,0xd4fa1460f537bb9085d22c7bccb5dd450ef28e3a,0x80dff2d38d8b6f20aca3dfcccf1684e6715f8e4bb0f146b0f8bc61ed0dd8ed0f
94,109.13898664,1.26470257718432,0xebab0220ac54ce46d35f79b50a64d47ec433af8a,2017-11-02T10:16:49.000Z,0.011588,0xaabc05436fb35289c5525425eab2f16b3355263a,buy,0xd4fa1460f537bb9085d22c7bccb5dd450ef28e3a,0x00dd2155419bc82bf38f1ec7b5cfbba48326bdb745c0f964d2d3409aaf7ce1e0
95,46.34,0.5292551642,0xebab0220ac54ce46d35f79b50a64d47ec433af8a,2017-11-02T10:16:49.000Z,0.01142113,0x65f403f5ce12908bfa7d8089f54f097e8b686fae,buy,0xd4fa1460f537bb9085d22c7bccb5dd450ef28e3a,0x5c5afad72523cda92bb49df50dd00acbda33f645ecdbafe6f85395859417b42e
96,42,0.48552,0xebab0220ac54ce46d35f79b50a64d47ec433af8a,2017-11-02T10:16:46.000Z,0.01156,0x744fe5612adba12972893f3557eee780e29f78f0,buy,0xd4fa1460f537bb9085d22c7bccb5dd450ef28e3a,0xfc02dd76d54de360ca3403a6b8da6aeed3a971bfacbc938a9759655e8e91ba2e
97,1491,17.2956,0xebab0220ac54ce46d35f79b50a64d47ec433af8a,2017-11-02T10:14:32.000Z,0.0116,0xaabc05436fb35289c5525425eab2f16b3355263a,sell,0xd4fa1460f537bb9085d22c7bccb5dd450ef28e3a,0x2e5ab5309b07c2daadee2fd911cd7ad064a187c141c04b8c232f5d00860b8927
98,28,0.3234,0x62f91c944c8ea3eed07935bb926eccf5d4a460de,2017-11-02T10:14:32.000Z,0.01155,0x744fe5612adba12972893f3557eee780e29f78f0,buy,0xd4fa1460f537bb9085d22c7bccb5dd450ef28e3a,0x32aa56487ab6be29ba092f1b6268913c0c7e5643396fa939a43f445b236bb6ab
99,21,0.222621,0x18e96886612735f0d509d139f304f108f79bc18c,2017-11-02T10:13:14.000Z,0.010601,0x20f3027ff5affdfada79581122dcbd9309e4bf46,sell,0xd4fa1460f537bb9085d22c7bccb5dd450ef28e3a,0x89dcca66df21415cf75868eb3b763f9276d0571388425a57c936e0327907ba68
100,9,0.095409,0x18e96886612735f0d509d139f304f108f79bc18c,2017-11-02T10:11:41.000Z,0.010601,0x20f3027ff5affdfada79581122dcbd9309e4bf46,sell,0xd4fa1460f537bb9085d22c7bccb5dd450ef28e3a,0x8825ae0edcdc5e3e02f83517d07bd68e0a2f4872b5b93316a94dc4603ec4e09f
101,40,0.4324,0x744fe5612adba12972893f3557eee780e29f78f0,2017-11-02T10:10:44.000Z,0.01081,0x20f3027ff5affdfada79581122dcbd9309e4bf46,sell,0xd4fa1460f537bb9085d22c7bccb5dd450ef28e3a,0xe1e51c062a20bdd85c33565ea2de189cf69b50b94fb26ba020e3c6bed63226f7
102,46.34,0.4999534554,0x65f403f5ce12908bfa7d8089f54f097e8b686fae,2017-11-02T10:10:44.000Z,0.01078881,0xd9f54bdfdc73e743299036db59c40c7e04538c3c,sell,0xd4fa1460f537bb9085d22c7bccb5dd450ef28e3a,0x922e654447051673a2e62eb261ed35765ade06333d64716760758266adfc1d8f
103,188,2.0116,0xac9d314926d95a3de231bb4cb25aa27360549b4a,2017-11-02T10:09:30.000Z,0.0107,0xd9f54bdfdc73e743299036db59c40c7e04538c3c,sell,0xd4fa1460f537bb9085d22c7bccb5dd450ef28e3a,0xe764585173b0821ff9a80a8f5b12489059299e37819c3b85a48dabdbd5f2a199
104,2,0.0219,0x744fe5612adba12972893f3557eee780e29f78f0,2017-11-02T10:08:57.000Z,0.01095,0xd9f54bdfdc73e743299036db59c40c7e04538c3c,sell,0xd4fa1460f537bb9085d22c7bccb5dd450ef28e3a,0x3b6d98a6dbd02de0542271b716a728fca869254461e670d0598a38205875b623
105,28,0.3066,0x744fe5612adba12972893f3557eee780e29f78f0,2017-11-02T10:04:30.000Z,0.01095,0xd9f54bdfdc73e743299036db59c40c7e04538c3c,sell,0xd4fa1460f537bb9085d22c7bccb5dd450ef28e3a,0x32b227fc6602effdcb3de1f69543c43d24d7bdeef95defb7734c22886913f198
106,105,1.21674,0x1e3725e258c8357928f522a102716e8491da3e7c,2017-11-02T10:02:45.000Z,0.011588,0xaabc05436fb35289c5525425eab2f16b3355263a,buy,0xd4fa1460f537bb9085d22c7bccb5dd450ef28e3a,0x0f1af6f57a3f3851f0e848b3d1761465868f2bb3bcc208e162a307f42269891f
107,27,0.29457,0x48f9b81f75b3e9166d1e58413699321cc1335a08,2017-11-02T09:59:48.000Z,0.01091,0xd9f54bdfdc73e743299036db59c40c7e04538c3c,sell,0xd4fa1460f537bb9085d22c7bccb5dd450ef28e3a,0x2e5049979325f9cbf1765b95172b7f15df62918140219eb0e8285dd7db35cffd
108,481.22991528,5.53366279580472,0x76722582018ca001538e8f3ed3dd2d3c354aabc9,2017-11-02T09:58:00.000Z,0.011499,0x88b423541b8c8817336553480153f122a3f2ee19,buy,0xd4fa1460f537bb9085d22c7bccb5dd450ef28e3a,0x97a4430f9a00b0d2b7acaa34ff4a806ef7098c20c12e534efc303ff6b6fca022
109,645,7.2111,0xeccb55aa8d4cd0067df7c9c68f471956d63a53c6,2017-11-02T09:40:55.000Z,0.01118,0xaabc05436fb35289c5525425eab2f16b3355263a,sell,0xd4fa1460f537bb9085d22c7bccb5dd450ef28e3a,0x1f7fe19cc393590aa1e45f6a6470952db0bb326ef39e25c4108da95cbcde8095
110,990,10.00296,0xf9bb806edbf0059cf74c48805ccda77009ea2fea,2017-11-02T09:30:47.000Z,0.010104,0xe46b7e9ae4bc293a888f0aea28810709e9a34dfc,sell,0xd4fa1460f537bb9085d22c7bccb5dd450ef28e3a,0xcc1304d957709d13f934f8e4b258949adee19a1b1b599f805ec5739a33b344b8
111,323,3.4561,0x69ee4657c1e7759e432d6a2e01eee0dd31e68e38,2017-11-02T09:27:00.000Z,0.0107,0xe46b7e9ae4bc293a888f0aea28810709e9a34dfc,sell,0xd4fa1460f537bb9085d22c7bccb5dd450ef28e3a,0x4369436bb55c95e4dc01550dbbff783886c61b1cfa4907c7b26e2a1cbd63017d
112,100,1.070002,0x69ee4657c1e7759e432d6a2e01eee0dd31e68e38,2017-11-02T09:26:31.000Z,0.01070002,0xe46b7e9ae4bc293a888f0aea28810709e9a34dfc,sell,0xd4fa1460f537bb9085d22c7bccb5dd450ef28e3a,0x4d58aa7055726d997ed26152ecbc9f0f29845cfd76d4426e81e191819d131e56
113,150,1.72485,0x3d53269e7e2464b859a099cb4e8c0ff53b1ddd26,2017-11-02T09:15:53.000Z,0.011499,0x88b423541b8c8817336553480153f122a3f2ee19,buy,0xd4fa1460f537bb9085d22c7bccb5dd450ef28e3a,0xf60c92f2ecf4cb43ef6e7a708a0a4b76d954263f14e24edcf32d7c56dde5ce21
114,35,0.40075,0x3d53269e7e2464b859a099cb4e8c0ff53b1ddd26,2017-11-02T09:15:46.000Z,0.01145,0x744fe5612adba12972893f3557eee780e29f78f0,buy,0xd4fa1460f537bb9085d22c7bccb5dd450ef28e3a,0x3f53576a488731b22984db51e5d312dcac13be98d194b3c5666346285d0de287
115,19.848,0.24730608,0xc7a80c3f5e639658329398fa87fc5f9b3f0bb03a,2017-11-02T09:11:26.000Z,0.01246,0x989e24fcf7ae48db5f18de39a34c8c8b0f822e8c,buy,0xd4fa1460f537bb9085d22c7bccb5dd450ef28e3a,0x7dbfa0613eff3a604373373fbe93bcf093bcd3138faaf722f337733830313e3f
116,50,0.617,0xc7a80c3f5e639658329398fa87fc5f9b3f0bb03a,2017-11-02T09:10:09.000Z,0.01234,0xfc519de3e7d5c5019561eaeaaa9f2c2aa1af6245,buy,0xd4fa1460f537bb9085d22c7bccb5dd450ef28e3a,0xf5322dfa61a0e409de6211154b402243ddead5e0725659fc57ce52e04ee38644
117,71,0.8377858,0xc7a80c3f5e639658329398fa87fc5f9b3f0bb03a,2017-11-02T09:07:54.000Z,0.0117998,0x0c5719fba3a34b524ae668cb51c5e2ce0e1ead14,buy,0xd4fa1460f537bb9085d22c7bccb5dd450ef28e3a,0xe3e6e600470ea2c36e564d639b3eb1e44f6fcd05bb545b81707f3ba050695e45
118,150,1.8,0xc7a80c3f5e639658329398fa87fc5f9b3f0bb03a,2017-11-02T09:07:54.000Z,0.012,0x67dc9617cb8979b9c5fd64d35ef3130c587dd20d,buy,0xd4fa1460f537bb9085d22c7bccb5dd450ef28e3a,0x6f3eed65b966f5eabffa6af1d3d5b40e0d03b3a25ad7f35f5eddf6fbb9b225bf
119,35,0.3815,0x90c72d9f8a299896b295b04813a9526c584fd7bc,2017-11-02T09:07:14.000Z,0.0109,0x6f45cf56760ed1a988d7d845687adb01d6c42e86,sell,0xd4fa1460f537bb9085d22c7bccb5dd450ef28e3a,0xbde32efcc76fb7e10bc407614d3e8469da318f8bf8d222238208cb91a1cfd50d
120,35,0.38325,0x744fe5612adba12972893f3557eee780e29f78f0,2017-11-02T09:07:07.000Z,0.01095,0x6f45cf56760ed1a988d7d845687adb01d6c42e86,sell,0xd4fa1460f537bb9085d22c7bccb5dd450ef28e3a,0x3bf489d4e388ce20698e1cf11bf5858e383d35d3db798dc829a46ca34c38638b
121,55,0.626835,0x603e61082b584467fe5a252e93a27797e8c0d53d,2017-11-02T08:59:40.000Z,0.011397,0x88b423541b8c8817336553480153f122a3f2ee19,buy,0xd4fa1460f537bb9085d22c7bccb5dd450ef28e3a,0x37258dcb54b6329b3f49e11c485b7cd94923f7a02c6552fc7fae31f924d495b1
122,75,0.862425,0x603e61082b584467fe5a252e93a27797e8c0d53d,2017-11-02T08:39:39.000Z,0.011499,0x88b423541b8c8817336553480153f122a3f2ee19,buy,0xd4fa1460f537bb9085d22c7bccb5dd450ef28e3a,0x0c900b467325189b9d9fa624cac52d3146c2a1d05339fb1201bb1efab5679cea
123,50,0.58095,0x53dffaa9d9f4fe2fe8a23956566fbebf1f858338,2017-11-02T08:20:24.000Z,0.011619,0xaabc05436fb35289c5525425eab2f16b3355263a,sell,0xd4fa1460f537bb9085d22c7bccb5dd450ef28e3a,0xa50b7c0376aefd586814b639b87840a55100338fbbd6e4fd1f76456583792a10
124,725.10198386,7.87895815662276,0x88b423541b8c8817336553480153f122a3f2ee19,2017-11-02T08:19:02.000Z,0.010866,0xaabc05436fb35289c5525425eab2f16b3355263a,sell,0xd4fa1460f537bb9085d22c7bccb5dd450ef28e3a,0x8d6b9f5ed87f2a2d4a53dbb768d5f6b4cb64598e60ae7f7d53cd82859abccb5e
125,95,1.0735,0x06afb5bdc4a7ff2ece29bfe30a2e1ea139c84275,2017-11-02T08:14:17.000Z,0.0113,0x69ee4657c1e7759e432d6a2e01eee0dd31e68e38,sell,0xd4fa1460f537bb9085d22c7bccb5dd450ef28e3a,0xffff90cdc77f43433717dfe63177d72e5eeb960aae392f1d17cdcb1e7a9d9eac
126,204,2.2134,0xf7d8adabed2ef659f317ccd8ef27d210e50026de,2017-11-02T08:06:45.000Z,0.01085,0xdacc69e6fac6304bcfc17ed8981d63dfd1c3f6fb,buy,0xd4fa1460f537bb9085d22c7bccb5dd450ef28e3a,0x93f3eb1fe802fd15a0c64cd27a1537d2e7d6b6ea2aaf8ae0b3974d72a559fa48
127,32.89801614,0.35746984337724,0x88b423541b8c8817336553480153f122a3f2ee19,2017-11-02T08:04:17.000Z,0.010866,0x2b738c1964d6fc053d386798f7b6664909e0030b,sell,0xd4fa1460f537bb9085d22c7bccb5dd450ef28e3a,0x05cfa68d3085529476a89ca414b4f78bb8c04b813065c9afeb3aa30220acb0d7
128,14.54576475,0.1691672441226312,0x1dd0f266f8668950c5ebc175ddd21430d22261ea,2017-11-02T08:04:05.000Z,0.011630000005508902,0x18e96886612735f0d509d139f304f108f79bc18c,buy,0xd4fa1460f537bb9085d22c7bccb5dd450ef28e3a,0xaa422ce58cc2bbe0f2a1c290672ba43b45a3d9fbf603be385726800c49e37f97
129,371.99999963,4.27762799574537,0x1dd0f266f8668950c5ebc175ddd21430d22261ea,2017-11-02T07:52:47.000Z,0.011499,0xda896bd9e964386f7343414a646c8ef75d5ae009,buy,0xd4fa1460f537bb9085d22c7bccb5dd450ef28e3a,0x0aa519faf2f6883779152f989dde8113d8067d2146000e934ff9a61159bfc827
130,846.58852389,9.651109172420956,0x1dd0f266f8668950c5ebc175ddd21430d22261ea,2017-11-02T07:52:38.000Z,0.011400000000088539,0xaabc05436fb35289c5525425eab2f16b3355263a,buy,0xd4fa1460f537bb9085d22c7bccb5dd450ef28e3a,0xc5a275a76a971e96c1eeb746317078323f054e8b0e9c9139a1810c2461221658
131,3.75,0.042749625,0x5933ec2852dc662a5df3ba42744a8472e17c7866,2017-11-02T07:51:52.000Z,0.0113999,0x88b423541b8c8817336553480153f122a3f2ee19,buy,0xd4fa1460f537bb9085d22c7bccb5dd450ef28e3a,0x8bacc693993473c035e52253b0ecb71c71f9913db281ae42d5bee95ffbb3a5da
132,90.1,1.02714,0x5933ec2852dc662a5df3ba42744a8472e17c7866,2017-11-02T07:50:36.000Z,0.0114,0xaabc05436fb35289c5525425eab2f16b3355263a,buy,0xd4fa1460f537bb9085d22c7bccb5dd450ef28e3a,0x22e80883517ccc4dd77c7187dc3382ce280e640fd9c98cc3c2beaa6042445048
133,262.36907981,2.991007509856719,0x5933ec2852dc662a5df3ba42744a8472e17c7866,2017-11-02T07:29:46.000Z,0.011400000000086591,0xaabc05436fb35289c5525425eab2f16b3355263a,buy,0xd4fa1460f537bb9085d22c7bccb5dd450ef28e3a,0xa7c68f527ac41b4e3a037c88e239e05fef794c508878c264f36410a85ca5bf3e
134,45.65017061,0.5204119449778336,0x93e4c75ff6e0c7bc4bcfc7ca2f19e6733d6009eb,2017-11-02T07:26:59.000Z,0.011400000000522093,0xaabc05436fb35289c5525425eab2f16b3355263a,buy,0xd4fa1460f537bb9085d22c7bccb5dd450ef28e3a,0x7565bb78c88aa57594555f5ed0c236eefe9b8a35ed28498bbe7541b3e72e1bb5
135,245.29222567,2.796331372744492,0x5933ec2852dc662a5df3ba42744a8472e17c7866,2017-11-02T07:14:03.000Z,0.011400000000434144,0xaabc05436fb35289c5525425eab2f16b3355263a,buy,0xd4fa1460f537bb9085d22c7bccb5dd450ef28e3a,0xc1ab8e86ad7de8c6901e45445d80cedfbca13a6aa43db614ab13b2e0828f4ae1
136,107,1.2625893,0x7caf20ab0842bd81a438e7640bca1fdc01bc1d37,2017-11-02T07:13:38.000Z,0.0117999,0x1cb5f0297eab6b1a27351c1314b5bc74ee720aa0,buy,0xd4fa1460f537bb9085d22c7bccb5dd450ef28e3a,0x762157d38bd57a06e6a238e70d5268f53c6c252cbff652bcad6e188190b74fc8
137,6.9793609,0.07398122554,0x88b423541b8c8817336553480153f122a3f2ee19,2017-11-02T07:05:57.000Z,0.0106,0x95ed59abc9ad37d34980b95b64f75b6a11a2f507,sell,0xd4fa1460f537bb9085d22c7bccb5dd450ef28e3a,0xd3a0c3b8169109ca9ee61de368ad72204461c592027e5662a658dff8fa82fe9e
138,0.00000032,0.000000003963029454,0x7caf20ab0842bd81a438e7640bca1fdc01bc1d37,2017-11-02T06:56:56.000Z,0.01238446704375,0xbabfddc41cf17038132e6dbb6401f65337cc0849,buy,0xd4fa1460f537bb9085d22c7bccb5dd450ef28e3a,0x529513b994cc26403af9330e2e54821826b17ed6ff9d318061cf8f6e3969bb12
139,310,3.534,0x61a3071eb7f14bbf18ce9a3ea151c161e15fd1f5,2017-11-02T06:52:23.000Z,0.0114,0xaabc05436fb35289c5525425eab2f16b3355263a,buy,0xd4fa1460f537bb9085d22c7bccb5dd450ef28e3a,0x1b7e32b2930247affc941f553973ff5c3cfca1647d6bc450ad546ecc441a5d57
140,44.81462448,0.5064052567335764,0xc7a80c3f5e639658329398fa87fc5f9b3f0bb03a,2017-11-02T06:37:08.000Z,0.011300000002445104,0x3c0e781116e7ebcfcee0955f314bdac09bf1813d,buy,0xd4fa1460f537bb9085d22c7bccb5dd450ef28e3a,0x35472ed2a0c26c319eae82e67de7acba254b544058a70d66c7aa3785ae19af75
141,30,0.34491,0xc7a80c3f5e639658329398fa87fc5f9b3f0bb03a,2017-11-02T06:37:08.000Z,0.011497,0x18e96886612735f0d509d139f304f108f79bc18c,buy,0xd4fa1460f537bb9085d22c7bccb5dd450ef28e3a,0x181e886d53a64cf9dc624b4c16e696b42476f7420a0bb5b2039b641b5f3c24b0
142,45.89,0.5204068259,0xc7a80c3f5e639658329398fa87fc5f9b3f0bb03a,2017-11-02T06:35:23.000Z,0.01134031,0x65f403f5ce12908bfa7d8089f54f097e8b686fae,buy,0xd4fa1460f537bb9085d22c7bccb5dd450ef28e3a,0xc712ecf06253b92e6f704b302659104558032ba7c1e4e9f175e0e9c2b4e190a0
143,50.18537551,0.5670947432664236,0xc7a80c3f5e639658329398fa87fc5f9b3f0bb03a,2017-11-02T06:34:53.000Z,0.011300000000068219,0x3c0e781116e7ebcfcee0955f314bdac09bf1813d,buy,0xd4fa1460f537bb9085d22c7bccb5dd450ef28e3a,0x3ae2da5bf40522dd58871c4343a2bc39b3d91e99deed54ead9b5ce9a5469c916
144,9.4,0.100266604,0x9ffced327a1a845ea530ecbac06443f842218420,2017-11-02T06:30:53.000Z,0.01066666,0x933153cb57b715907aa041ad25ffc343bbf657c2,sell,0xd4fa1460f537bb9085d22c7bccb5dd450ef28e3a,0x5a1ef04b95123908e2d74dad632160aef74c7765c2e6d44a407abf17d726daa6
145,13.036,0.141440613036,0x264e478eea740f5007023165457a3b511ababd98,2017-11-02T06:30:07.000Z,0.010850001,0x933153cb57b715907aa041ad25ffc343bbf657c2,sell,0xd4fa1460f537bb9085d22c7bccb5dd450ef28e3a,0xd0a91d3dbc9ca955b98e7271284e5ca4addf91b3b2b676813d2d49babccb6036
146,3,0.033,0xabba67517619842ec27a4d78e088f853691b5a21,2017-11-02T06:30:07.000Z,0.011,0x933153cb57b715907aa041ad25ffc343bbf657c2,sell,0xd4fa1460f537bb9085d22c7bccb5dd450ef28e3a,0xc954b7170e5f3a0c4c64d965acd3269223c022c4edea9acde76936eeb60d740e
147,1281.7970328,12.95005951223004,0x933153cb57b715907aa041ad25ffc343bbf657c2,2017-11-02T06:29:06.000Z,0.01010305,0x805c5971a2d2aa84b663218014717c5db800276d,sell,0xd4fa1460f537bb9085d22c7bccb5dd450ef28e3a,0x7fa13028366d3b17b2100ebc1461fc998fc50d14a7e5dd149d2f9468bf2c3eb6
148,510,5.86398,0xb02c27bc37e0281610b0dc813bccd652423d7d36,2017-11-02T06:26:25.000Z,0.011498,0x88b423541b8c8817336553480153f122a3f2ee19,buy,0xd4fa1460f537bb9085d22c7bccb5dd450ef28e3a,0x9450552bac385cf1737b163456865bc0e151428e9516c9631d905b75a7030dfd
149,618.11563169,6.922895074928,0xb1fc45e344f2ea94eae76e9b4c11bb820aff730d,2017-11-02T06:25:20.000Z,0.0112,0x933153cb57b715907aa041ad25ffc343bbf657c2,sell,0xd4fa1460f537bb9085d22c7bccb5dd450ef28e3a,0x34b2fdcfdd640777403fe659c22706d3b02f035cbb94e4be31b6a4bb36b5146e
150,17,0.195432,0xc7a80c3f5e639658329398fa87fc5f9b3f0bb03a,2017-11-02T06:23:44.000Z,0.011496,0x1cb5f0297eab6b1a27351c1314b5bc74ee720aa0,buy,0xd4fa1460f537bb9085d22c7bccb5dd450ef28e3a,0xeda7d0ec7f95d41fa886ac01bf32977d9284c23cc38fed12e8c08c13548f6c5e
151,450,5.085,0xb1fc45e344f2ea94eae76e9b4c11bb820aff730d,2017-11-02T06:23:44.000Z,0.0113,0x933153cb57b715907aa041ad25ffc343bbf657c2,sell,0xd4fa1460f537bb9085d22c7bccb5dd450ef28e3a,0xee4c390a785b40da0b5ee0075ea91a0a87832659a6f827d78a719647adeca602
152,45.20153823,0.5107321804680464,0xc7a80c3f5e639658329398fa87fc5f9b3f0bb03a,2017-11-02T06:21:22.000Z,0.011299000000160975,0xa2f2d4e46b33489ed6bc645f27a2ab2b01b11d81,buy,0xd4fa1460f537bb9085d22c7bccb5dd450ef28e3a,0x1360e46923b7f3ba63868bab230f3f5cb6559cc88966f1ecb07b123f434dcebd
153,45.89,0.4999481461,0x65f403f5ce12908bfa7d8089f54f097e8b686fae,2017-11-02T06:20:36.000Z,0.01089449,0x805c5971a2d2aa84b663218014717c5db800276d,sell,0xd4fa1460f537bb9085d22c7bccb5dd450ef28e3a,0x2695702148b1a18f4df4e27359b8e2759aefd2fb438f2630b844cb3cc979e1b2
154,141.446,1.499327741446,0xc44d85575607a609c1d7f49819754722ca0bbc97,2017-11-02T06:17:10.000Z,0.010600001,0x805c5971a2d2aa84b663218014717c5db800276d,sell,0xd4fa1460f537bb9085d22c7bccb5dd450ef28e3a,0xf841a49eeb3d9c2e9c0c1a715d74d9b38a582841597ae2aae59fda917eecfbd3
155,1000,10.6007,0x933153cb57b715907aa041ad25ffc343bbf657c2,2017-11-02T06:17:02.000Z,0.0106007,0x805c5971a2d2aa84b663218014717c5db800276d,sell,0xd4fa1460f537bb9085d22c7bccb5dd450ef28e3a,0x6f77eac49d67da10a64db03b9e94009ebc4e0e8f0dbc87a5c1bf7e40d573d37d
156,134.55,1.42636455,0xb213d84b4f70bf340a1ffc22db3b983f5f01c34e,2017-11-02T06:17:02.000Z,0.010601,0x805c5971a2d2aa84b663218014717c5db800276d,sell,0xd4fa1460f537bb9085d22c7bccb5dd450ef28e3a,0xcc5cbc3e7febed5a1f325a52be10383b299bda4c7942bad10db1a0dafd663ab3
157,100,1.07,0x3c0e781116e7ebcfcee0955f314bdac09bf1813d,2017-11-02T06:16:47.000Z,0.0107,0x805c5971a2d2aa84b663218014717c5db800276d,sell,0xd4fa1460f537bb9085d22c7bccb5dd450ef28e3a,0xbfb0d97d8ead4a92728f3f2d1930cf78fe26fc05ac24e778c494de42894f8422
158,100,1.085,0xdac59ec90895d084616b779f2dc305a137476a03,2017-11-02T06:16:41.000Z,0.01085,0x805c5971a2d2aa84b663218014717c5db800276d,sell,0xd4fa1460f537bb9085d22c7bccb5dd450ef28e3a,0x6fe33e708f31b0fdd7e7db31824b0a3b0af5ad1248d6bcc58bfb5aaa41f11369
159,22.32233583,0.25222007264888363,0x93e4c75ff6e0c7bc4bcfc7ca2f19e6733d6009eb,2017-11-02T05:58:42.000Z,0.011299000004735778,0xa2f2d4e46b33489ed6bc645f27a2ab2b01b11d81,buy,0xd4fa1460f537bb9085d22c7bccb5dd450ef28e3a,0xd685153123fa76b4e0cb8c83ec032499e90317c3654cb4e659a0cd4ed34a979b
160,160,1.808,0x61b6d9a74bafce0c8204ca558e6fdc7d218b4a32,2017-11-02T05:46:10.000Z,0.0113,0xd5ded91f5f952db05fdb987ac71b41304583a2a5,buy,0xd4fa1460f537bb9085d22c7bccb5dd450ef28e3a,0x459f9a982937205b619c2cc56d61f70bf27d7288dfa4fa71bc916b9408e315ac
161,20,0.22598,0x3570f1ad564a88b042f1e3317a888934d32a1e48,2017-11-02T05:33:38.000Z,0.011299,0xa2f2d4e46b33489ed6bc645f27a2ab2b01b11d81,buy,0xd4fa1460f537bb9085d22c7bccb5dd450ef28e3a,0x8680470364c88e62e694437094b6832eca23a5893d65cfb5ec8672e5dbccbc52
162,12.47612593,0.14096774688307,0x0c8a9ea8a3844253eceb6a0301d7901119a6da8d,2017-11-02T05:31:49.000Z,0.011299,0xa2f2d4e46b33489ed6bc645f27a2ab2b01b11d81,buy,0xd4fa1460f537bb9085d22c7bccb5dd450ef28e3a,0xa8c7131145ff54d4f8d109bf81e3779251a868651214891ddce73a2653b26d93
163,12.4388095,0.14304630925,0xb1fc45e344f2ea94eae76e9b4c11bb820aff730d,2017-11-02T05:31:49.000Z,0.0115,0x0c8a9ea8a3844253eceb6a0301d7901119a6da8d,sell,0xd4fa1460f537bb9085d22c7bccb5dd450ef28e3a,0xa8c7131145ff54d4f8d109bf81e3779251a868651214891ddce73a2653b26d93
164,35.51199999,0.39900324375999996,0xf44072eda87ede9613b6ae1b812de8a60ade27a2,2017-11-02T05:30:53.000Z,0.011235730003163923,0x65f403f5ce12908bfa7d8089f54f097e8b686fae,buy,0xd4fa1460f537bb9085d22c7bccb5dd450ef28e3a,0xb07607582d1e5ed8eeb7650dcc696fe9379e4e766dbf39d8d8a6fb563104afe7
165,35.405464,0.407162836,0xb1fc45e344f2ea94eae76e9b4c11bb820aff730d,2017-11-02T05:30:53.000Z,0.0115,0xf44072eda87ede9613b6ae1b812de8a60ade27a2,sell,0xd4fa1460f537bb9085d22c7bccb5dd450ef28e3a,0xb07607582d1e5ed8eeb7650dcc696fe9379e4e766dbf39d8d8a6fb563104afe7
166,41.1557265,0.47329085475,0xb1fc45e344f2ea94eae76e9b4c11bb820aff730d,2017-11-02T05:30:33.000Z,0.0115,0x273a5d3e6721b9f5c1a6474f560c1334c63dda01,sell,0xd4fa1460f537bb9085d22c7bccb5dd450ef28e3a,0xee5c2c1902c2bbea90164cd08958b7b8db3ea4d00f012146ec928718f724e920
167,41.2795652,0.46645908676,0x273a5d3e6721b9f5c1a6474f560c1334c63dda01,2017-11-02T05:30:33.000Z,0.0113,0xe9e363db8d48a2c11f8bbfbdf7c434db11510389,buy,0xd4fa1460f537bb9085d22c7bccb5dd450ef28e3a,0xee5c2c1902c2bbea90164cd08958b7b8db3ea4d00f012146ec928718f724e920
168,215,2.4295,0x08b074cd15b344a92867bbcb57c99241350ca31f,2017-11-02T05:19:05.000Z,0.0113,0xaabc05436fb35289c5525425eab2f16b3355263a,buy,0xd4fa1460f537bb9085d22c7bccb5dd450ef28e3a,0xa6f639763a85f6d4560bd9bda82f19089c33cc99f70505905ffe4669ad84bd59
169,10,0.113,0x3570f1ad564a88b042f1e3317a888934d32a1e48,2017-11-02T05:16:19.000Z,0.0113,0xe9e363db8d48a2c11f8bbfbdf7c434db11510389,buy,0xd4fa1460f537bb9085d22c7bccb5dd450ef28e3a,0xdea036e077c34497018164a8063338550231797b401db9ea05c97d28063e43e3
170,50,0.54305005,0x7323d15c9a418b62d9fdbab0311d1ce76a9cf025,2017-11-02T05:12:45.000Z,0.010861001,0xe655000fcc1d9692488dcde817db0d1fc7a6d825,sell,0xd4fa1460f537bb9085d22c7bccb5dd450ef28e3a,0xa28a9df620a34f4da2fbf71a0f77351db8435080ff20b450289af310c02303e3
171,262.063,2.846266243,0xda896bd9e964386f7343414a646c8ef75d5ae009,2017-11-02T05:12:45.000Z,0.010861,0xe655000fcc1d9692488dcde817db0d1fc7a6d825,sell,0xd4fa1460f537bb9085d22c7bccb5dd450ef28e3a,0x74e843ec603897e0f7fbceaccb4fb665e635ea201c40c2f0dbe91e4eecd083c0
172,30,0.325833,0x18e96886612735f0d509d139f304f108f79bc18c,2017-11-02T05:12:45.000Z,0.0108611,0xe655000fcc1d9692488dcde817db0d1fc7a6d825,sell,0xd4fa1460f537bb9085d22c7bccb5dd450ef28e3a,0xd22d87144983dbae0b1677a31b312ee54480065add6ff85cf7c888472b4a1797
173,10,0.11,0x3153b0e03e7544e72250188b06979f1a97a188d2,2017-11-02T05:11:21.000Z,0.011,0xe655000fcc1d9692488dcde817db0d1fc7a6d825,sell,0xd4fa1460f537bb9085d22c7bccb5dd450ef28e3a,0x576b6de82c2815e232bcfe773dbb2f853daa3da95d4e20edd09c8172a1074d99
174,100,1.0862,0xa2f2d4e46b33489ed6bc645f27a2ab2b01b11d81,2017-11-02T05:10:45.000Z,0.010862,0xe655000fcc1d9692488dcde817db0d1fc7a6d825,sell,0xd4fa1460f537bb9085d22c7bccb5dd450ef28e3a,0xfcf79c72a7919a8bc01a054afd64e3a0c3c04c7b4630972df00b1d5a49bbbf2c
175,42,0.46242,0x67dc9617cb8979b9c5fd64d35ef3130c587dd20d,2017-11-02T05:09:58.000Z,0.01101,0xe655000fcc1d9692488dcde817db0d1fc7a6d825,sell,0xd4fa1460f537bb9085d22c7bccb5dd450ef28e3a,0x711c5ec7387b722342b3b67696534651e58b3a28c71324e46a737b960bc1c0f9
176,143,1.6159,0xb3d557f160510c543977669c6949aee475a447d7,2017-11-02T05:01:11.000Z,0.0113,0xaabc05436fb35289c5525425eab2f16b3355263a,buy,0xd4fa1460f537bb9085d22c7bccb5dd450ef28e3a,0x6e1e19dc5b4b235721e79aca708ca2b2e0c72e628e471c8fd659fb1eeaaf95ad
177,14,0.1589,0xc7a80c3f5e639658329398fa87fc5f9b3f0bb03a,2017-11-02T04:37:37.000Z,0.01135,0x67dc9617cb8979b9c5fd64d35ef3130c587dd20d,sell,0xd4fa1460f537bb9085d22c7bccb5dd450ef28e3a,0xe31ad35e6b25ebe708f39651cf6e81fd0b51054386003d9e41f65d89d3051648
178,14,0.158998,0xc7a80c3f5e639658329398fa87fc5f9b3f0bb03a,2017-11-02T04:37:02.000Z,0.011357,0x67dc9617cb8979b9c5fd64d35ef3130c587dd20d,sell,0xd4fa1460f537bb9085d22c7bccb5dd450ef28e3a,0xcab7f0bb9a3d9caf2dd6ceb1bb95e8b5c48cb77f4f0d656cd4840a2d18d95229
179,14,0.159138,0xc7a80c3f5e639658329398fa87fc5f9b3f0bb03a,2017-11-02T04:36:23.000Z,0.011367,0x67dc9617cb8979b9c5fd64d35ef3130c587dd20d,sell,0xd4fa1460f537bb9085d22c7bccb5dd450ef28e3a,0x29fd43c8ad0067e65c9d40b6c81f2fb9f1268869fd5fca0af40333c5ba3bd7e4
180,295.72043479,3.3416409131691758,0x0b2380879e140d8c873f9358af97623e6da3fb0c,2017-11-02T04:30:49.000Z,0.01130000000014262,0xe9e363db8d48a2c11f8bbfbdf7c434db11510389,buy,0xd4fa1460f537bb9085d22c7bccb5dd450ef28e3a,0x5f27362256cc30aec7111e12f8e2660434e8b404da815564160a77a4414ffc25
181,14,0.159138,0xc7a80c3f5e639658329398fa87fc5f9b3f0bb03a,2017-11-02T04:29:38.000Z,0.011367,0x21c85f9fe0abfbc4e7aa1236c36f2b6dc6abc7b4,sell,0xd4fa1460f537bb9085d22c7bccb5dd450ef28e3a,0xd8fe96955a12581f08f8ccb244cdc41b9417549b1148b91f6ffc6cee62ec5a79
182,12.566,0.14438334,0xc7a80c3f5e639658329398fa87fc5f9b3f0bb03a,2017-11-02T04:22:52.000Z,0.01149,0x18e96886612735f0d509d139f304f108f79bc18c,buy,0xd4fa1460f537bb9085d22c7bccb5dd450ef28e3a,0x1e127109d0390ee54d602a9f8218dd4027e5a234dd19be09803d2a7088cb3f2d
183,58,0.632780058,0x264e478eea740f5007023165457a3b511ababd98,2017-11-02T04:18:47.000Z,0.010910001,0xe5d9d5b02988867ef3d55044dad9c776d9b46e70,sell,0xd4fa1460f537bb9085d22c7bccb5dd450ef28e3a,0x760b1582a98565ce5edc0240420cd4934b71eef7b44a470569f2cae650de7c67
184,3,0.033,0xabba67517619842ec27a4d78e088f853691b5a21,2017-11-02T04:18:19.000Z,0.011,0xe5d9d5b02988867ef3d55044dad9c776d9b46e70,sell,0xd4fa1460f537bb9085d22c7bccb5dd450ef28e3a,0xfe1b8cf657811cf967c15f7490d047398ea70ede3cc1f44b206cb8defcdb9ffe
185,3,0.033,0xabba67517619842ec27a4d78e088f853691b5a21,2017-11-02T04:18:11.000Z,0.011,0xe5d9d5b02988867ef3d55044dad9c776d9b46e70,sell,0xd4fa1460f537bb9085d22c7bccb5dd450ef28e3a,0x7361d995e552cd308650cc7042d522ffc021a062eaa50237f1ee5920aaf3ed42
186,19,0.209,0xc7a80c3f5e639658329398fa87fc5f9b3f0bb03a,2017-11-02T04:17:57.000Z,0.011,0xe5d9d5b02988867ef3d55044dad9c776d9b46e70,sell,0xd4fa1460f537bb9085d22c7bccb5dd450ef28e3a,0xe5a27879d2f26173f150a541f06982c65db9260ea6335e305fb0b8f2a8aff218
187,35.51194734,0.3888302547709152,0x65f403f5ce12908bfa7d8089f54f097e8b686fae,2017-11-02T04:17:36.000Z,0.01094928,0x4069c009e0ca460b9194458959fe0e7172d635b9,sell,0xd4fa1460f537bb9085d22c7bccb5dd450ef28e3a,0xdebc1bb0ca670fbc0c1e995df253ba56233064a414599e90842bbd3bc7c6261b
188,19,0.209,0xc7a80c3f5e639658329398fa87fc5f9b3f0bb03a,2017-11-02T04:17:30.000Z,0.011,0xe5d9d5b02988867ef3d55044dad9c776d9b46e70,sell,0xd4fa1460f537bb9085d22c7bccb5dd450ef28e3a,0xba4b7234644528eda77b744919281bb5598a3ea597d4d9670e7d71c30e4917cb
189,350,3.955,0x723fa2df041440651a6ac8cdddcf81a0977a97e8,2017-11-02T04:14:18.000Z,0.0113,0xe9e363db8d48a2c11f8bbfbdf7c434db11510389,buy,0xd4fa1460f537bb9085d22c7bccb5dd450ef28e3a,0x639ca084d323af6b39d3b8d52abd60a1fea544b2b3ccea287683c291271b5c81
190,14,0.137284,0xc7a80c3f5e639658329398fa87fc5f9b3f0bb03a,2017-11-02T04:12:35.000Z,0.009806,0xc7a80c3f5e639658329398fa87fc5f9b3f0bb03a,sell,0xd4fa1460f537bb9085d22c7bccb5dd450ef28e3a,0x71b889fde9b391379d3dee39588879e1676f9790ec465983a3ddf32754de5fd2
191,12.43358406,0.1428618808884458,0x26823f785a610c60a8d8fe3414f35ce127a18ded,2017-11-02T04:11:10.000Z,0.011490000003140351,0x18e96886612735f0d509d139f304f108f79bc18c,buy,0xd4fa1460f537bb9085d22c7bccb5dd450ef28e3a,0x3b33ee10871ccabd0701233819a38402a6cd8b59ef78f2f6e6c69e727f723e30
192,14,0.137284,0xc7a80c3f5e639658329398fa87fc5f9b3f0bb03a,2017-11-02T04:10:30.000Z,0.009806,0xc7a80c3f5e639658329398fa87fc5f9b3f0bb03a,sell,0xd4fa1460f537bb9085d22c7bccb5dd450ef28e3a,0xaf4e3308ad29925f21618468e33fbc0ab556c741e5a36477d2f701f7ab4417ee
193,16,0.1808,0x47f77279f963420d11e9b1fc54f3ccb8b23b8bd9,2017-11-02T04:10:11.000Z,0.0113,0xe9e363db8d48a2c11f8bbfbdf7c434db11510389,buy,0xd4fa1460f537bb9085d22c7bccb5dd450ef28e3a,0xf326a43751a322de3b065623522e72676f8f5a1ac3aafd15a8d1c5229bd8bcf2
194,108.693,1.237795884,0x26823f785a610c60a8d8fe3414f35ce127a18ded,2017-11-02T04:09:57.000Z,0.011388,0x3839fe45e987cda5c1c6247ad6cae52d0d191ec0,buy,0xd4fa1460f537bb9085d22c7bccb5dd450ef28e3a,0x6ba23e176162668786ce461744246a7e2a19d0b7d3e480270f611fb4f1e4c3d1
195,14,0.137284,0xc7a80c3f5e639658329398fa87fc5f9b3f0bb03a,2017-11-02T04:08:59.000Z,0.009806,0xc7a80c3f5e639658329398fa87fc5f9b3f0bb03a,sell,0xd4fa1460f537bb9085d22c7bccb5dd450ef28e3a,0xdd5a21da442aeccb4c053ff64fe6d1dca11b70b8a88dd1803dc0e042b6ea3e3a
196,95,1.1115,0x26823f785a610c60a8d8fe3414f35ce127a18ded,2017-11-02T04:08:59.000Z,0.0117,0x3c0e781116e7ebcfcee0955f314bdac09bf1813d,buy,0xd4fa1460f537bb9085d22c7bccb5dd450ef28e3a,0x8e364500a905f99d831c724516457d25dce20ad8a0e3a3ad2f9ec317315623a9
197,45.28,0.5098220096,0x26823f785a610c60a8d8fe3414f35ce127a18ded,2017-11-02T04:08:10.000Z,0.01125932,0x65f403f5ce12908bfa7d8089f54f097e8b686fae,buy,0xd4fa1460f537bb9085d22c7bccb5dd450ef28e3a,0xc5549da7c305cd275f34a2dfc5ec9876a3174777819d893721ab6ef76dc8e928
198,3,0.033,0xabba67517619842ec27a4d78e088f853691b5a21,2017-11-02T04:08:10.000Z,0.011,0x554a29dadfe2f0fd6ff09ba609304766ce0f5b2e,sell,0xd4fa1460f537bb9085d22c7bccb5dd450ef28e3a,0x836255a963c0a8172c856e63a013d9761e2d80211573fa151a80fd6cb5ff4855
199,11,0.110396,0xc7a80c3f5e639658329398fa87fc5f9b3f0bb03a,2017-11-02T04:07:28.000Z,0.010036,0xc7a80c3f5e639658329398fa87fc5f9b3f0bb03a,sell,0xd4fa1460f537bb9085d22c7bccb5dd450ef28e3a,0xe8526159b25fb6b7b0f341ffade4194d350a8ad48815a3da434ac2acc261c9ce
200,5,0.054,0x38d48de493ec0af8f2ab8c4c8772e59d2e3357d8,2017-11-02T04:07:28.000Z,0.0108,0xc7a80c3f5e639658329398fa87fc5f9b3f0bb03a,sell,0xd4fa1460f537bb9085d22c7bccb5dd450ef28e3a,0xf7641145058c0e8eb91ee9671f14a59f6347c22e55024d735dc497fac8cbf519
201,3,0.033,0xabba67517619842ec27a4d78e088f853691b5a21,2017-11-02T04:07:07.000Z,0.011,0xc7a80c3f5e639658329398fa87fc5f9b3f0bb03a,sell,0xd4fa1460f537bb9085d22c7bccb5dd450ef28e3a,0xc5d7e5d601114f3661869fc170afce6c3431bed307eee0e81f9fe3350079a1b3
202,0.75,0.0081825,0xb19adca5a2f9b56b1bc211c34088582701c210d0,2017-11-02T04:07:07.000Z,0.01091,0xc7a80c3f5e639658329398fa87fc5f9b3f0bb03a,sell,0xd4fa1460f537bb9085d22c7bccb5dd450ef28e3a,0x9db836b19e395a2e831dee050f7843c9ee9d9e62a035d1617cddeef3261e0b7e
203,13.017,0.143226051,0xb213d84b4f70bf340a1ffc22db3b983f5f01c34e,2017-11-02T04:06:48.000Z,0.011003,0x554a29dadfe2f0fd6ff09ba609304766ce0f5b2e,sell,0xd4fa1460f537bb9085d22c7bccb5dd450ef28e3a,0x51051a2cfbf998272c82e9cb0254b2d3c0d10077b26c0c23072d4887a596f02d
204,16,0.1804,0xc7a80c3f5e639658329398fa87fc5f9b3f0bb03a,2017-11-02T04:04:22.000Z,0.011275,0x554a29dadfe2f0fd6ff09ba609304766ce0f5b2e,sell,0xd4fa1460f537bb9085d22c7bccb5dd450ef28e3a,0x022703031171b5b5944d8dc14880e4ca8ac89ca5f7014335b3f41b435f6edcaa
205,166.34168957,1.8942991609258593,0x35560b96a605f5d200e10cee3701e328439f9248,2017-11-02T04:04:16.000Z,0.011388000000617399,0x3839fe45e987cda5c1c6247ad6cae52d0d191ec0,buy,0xd4fa1460f537bb9085d22c7bccb5dd450ef28e3a,0x5478307e8d26916eef3b90ad0125d3f2a7a07b7831458c398e90ad96355b2cab
206,13,0.146627,0xc7a80c3f5e639658329398fa87fc5f9b3f0bb03a,2017-11-02T04:03:31.000Z,0.011279,0x554a29dadfe2f0fd6ff09ba609304766ce0f5b2e,sell,0xd4fa1460f537bb9085d22c7bccb5dd450ef28e3a,0xe29587e393414f995234cc4bbcfdd299db3cc8e98a8528d30b7cb42ca5d4d9bc
207,25,0.273275,0x18e96886612735f0d509d139f304f108f79bc18c,2017-11-02T04:03:06.000Z,0.010931,0xc7a80c3f5e639658329398fa87fc5f9b3f0bb03a,sell,0xd4fa1460f537bb9085d22c7bccb5dd450ef28e3a,0x953e95a10e6c82f04f347da6f7b8501c85e2455ae1929bf63df9398307c61a9b
208,19,0.2146696,0xc7a80c3f5e639658329398fa87fc5f9b3f0bb03a,2017-11-02T04:02:55.000Z,0.0112984,0x554a29dadfe2f0fd6ff09ba609304766ce0f5b2e,sell,0xd4fa1460f537bb9085d22c7bccb5dd450ef28e3a,0xe63728ac3e1907531fe6a1613e12f28c93a37bbe96d0b07c91cb7a8b959877a6
209,12,0.13518,0xc7a80c3f5e639658329398fa87fc5f9b3f0bb03a,2017-11-02T03:56:10.000Z,0.011265,0x89d400d2268df5f9e4590c632f407bda11fab028,sell,0xd4fa1460f537bb9085d22c7bccb5dd450ef28e3a,0x695d5bbefad1be1314737ec757e98186155c458a798ac97e24c8bd4993e0cf78
210,13,0.146705,0xc7a80c3f5e639658329398fa87fc5f9b3f0bb03a,2017-11-02T03:56:10.000Z,0.011285,0x554a29dadfe2f0fd6ff09ba609304766ce0f5b2e,sell,0xd4fa1460f537bb9085d22c7bccb5dd450ef28e3a,0xc1d678d4baf138e860bd2002a11bf9bd1a647e1d5f82b5a59f8529a096ab8886
211,15,0.16875,0xc7a80c3f5e639658329398fa87fc5f9b3f0bb03a,2017-11-02T03:56:10.000Z,0.01125,0x89d400d2268df5f9e4590c632f407bda11fab028,sell,0xd4fa1460f537bb9085d22c7bccb5dd450ef28e3a,0x4d8f96652834c09692c31aabe11e8502e6ca6048f703e90ca4096a8c418fa283
212,14,0.154140014,0xe266a5406a9c2fed1655d9f74825e5ce8e4df17d,2017-11-02T03:55:51.000Z,0.011010001,0x89d400d2268df5f9e4590c632f407bda11fab028,sell,0xd4fa1460f537bb9085d22c7bccb5dd450ef28e3a,0xe07659be4efafec8ab48e32a5a39fdb157376c2de5b04c841a8546482a7bc276
213,58,0.63817458,0x9f18b49bb00c24769aaec553641bcad225298662,2017-11-02T03:55:25.000Z,0.01100301,0x89d400d2268df5f9e4590c632f407bda11fab028,sell,0xd4fa1460f537bb9085d22c7bccb5dd450ef28e3a,0x82b82176c48545626c0146c128a440c5780c55885d28a42959727bdaf0c6754e
214,100,1.1010001,0xe266a5406a9c2fed1655d9f74825e5ce8e4df17d,2017-11-02T03:50:49.000Z,0.011010001,0x4069c009e0ca460b9194458959fe0e7172d635b9,sell,0xd4fa1460f537bb9085d22c7bccb5dd450ef28e3a,0xf14137cf9286f0a5fad87de9dc79fc620e580eb79dfed33cdf24aee78bbb1c1c
215,537.91468805,5.9224412533451884,0xe266a5406a9c2fed1655d9f74825e5ce8e4df17d,2017-11-02T03:46:14.000Z,0.011010001,0xaabc05436fb35289c5525425eab2f16b3355263a,sell,0xd4fa1460f537bb9085d22c7bccb5dd450ef28e3a,0x9385ef967d2d55052801500126a9de2de33eb41c23f42dba3fa7412cd59935d4
216,100,1.11,0x3c0e781116e7ebcfcee0955f314bdac09bf1813d,2017-11-02T03:45:39.000Z,0.0111,0xaabc05436fb35289c5525425eab2f16b3355263a,sell,0xd4fa1460f537bb9085d22c7bccb5dd450ef28e3a,0xf1c664a7f5061a5374412060912c4d3cd1cc1e7f1b787f48fe85d0223f7ebe26
217,77,0.85547,0x30404f5bc93094bd88d615ef3e89be9742017042,2017-11-02T03:44:24.000Z,0.01111,0xaabc05436fb35289c5525425eab2f16b3355263a,sell,0xd4fa1460f537bb9085d22c7bccb5dd450ef28e3a,0xcc5fb3698210750b7abe56c9c8945d8088ae6d260ff05245a60268e643af67f8
218,337.08531195,3.711309621654812,0xe266a5406a9c2fed1655d9f74825e5ce8e4df17d,2017-11-02T03:38:47.000Z,0.011010001,0xaabc05436fb35289c5525425eab2f16b3355263a,sell,0xd4fa1460f537bb9085d22c7bccb5dd450ef28e3a,0x5904a83658abe2389caca66cb98921c877fe6afc8cd563a849ce2f68cad5e9d9
219,825,9.000750825,0xe266a5406a9c2fed1655d9f74825e5ce8e4df17d,2017-11-02T03:36:48.000Z,0.010910001,0xaabc05436fb35289c5525425eab2f16b3355263a,sell,0xd4fa1460f537bb9085d22c7bccb5dd450ef28e3a,0xf3f89c35a311c8c05e4c5101dbb626144dedf63348b96abcc0a89d9fbc06368c
220,50,0.5501505,0x9f18b49bb00c24769aaec553641bcad225298662,2017-11-02T03:32:56.000Z,0.01100301,0xaabc05436fb35289c5525425eab2f16b3355263a,sell,0xd4fa1460f537bb9085d22c7bccb5dd450ef28e3a,0x3585cfbafc665a4dcf98f361896f6b0379f431df5ec2a5c89b019294bd239c64
221,500,5.435005,0x933153cb57b715907aa041ad25ffc343bbf657c2,2017-11-02T03:26:41.000Z,0.01087001,0xaabc05436fb35289c5525425eab2f16b3355263a,sell,0xd4fa1460f537bb9085d22c7bccb5dd450ef28e3a,0x1964b94c9e9864f9a118543ae29afc79968d0831947360b4ccc2f306aaa68b93
222,55.9,0.6149,0x30404f5bc93094bd88d615ef3e89be9742017042,2017-11-02T03:25:56.000Z,0.011,0xaabc05436fb35289c5525425eab2f16b3355263a,sell,0xd4fa1460f537bb9085d22c7bccb5dd450ef28e3a,0x26d553d09d6cb331bbc0da5e4e63bd27c8fe84b6fc3608e536dd4de60ed8614d
223,108.5,1.185905,0x8c9badc47a118f0cd262567af860c8f0f6f82250,2017-11-02T03:25:07.000Z,0.01093,0xaabc05436fb35289c5525425eab2f16b3355263a,sell,0xd4fa1460f537bb9085d22c7bccb5dd450ef28e3a,0x1ed3f7c29e6d35b471535dd7942ea96d8152d4dbe01a64f4d654fa4f65246d1c
224,75,0.854925,0x6f45cf56760ed1a988d7d845687adb01d6c42e86,2017-11-02T03:24:26.000Z,0.011399,0x30404f5bc93094bd88d615ef3e89be9742017042,buy,0xd4fa1460f537bb9085d22c7bccb5dd450ef28e3a,0x0e5cf0dc432858df23c16fa929a17acc2ff78631a7a31674ea57fb8014d75f5e
225,280,3.0744,0xf1384c34dc9c3e09d053ee8e56de552e6805fe4a,2017-11-02T03:24:09.000Z,0.01098,0xaabc05436fb35289c5525425eab2f16b3355263a,sell,0xd4fa1460f537bb9085d22c7bccb5dd450ef28e3a,0xf73c6c4e4dbd4bc43dd0d459a93dcb92cd436e7c497612d8ffbf356daa8a2cf6
226,54,0.615546,0x1af66be36d03ef8de197ab144be6f8f5ec19f0f5,2017-11-02T03:12:38.000Z,0.011399,0x30404f5bc93094bd88d615ef3e89be9742017042,buy,0xd4fa1460f537bb9085d22c7bccb5dd450ef28e3a,0x44571580a0f5f8c758daaf1bb04c248f8dbc44e88a8ecbca2e105232bb2804d4
227,290,3.19,0x956947e9392f52f3dcfdbc41465a78c592411fe9,2017-11-02T03:07:10.000Z,0.011,0x9b7a8b471ad9a43e36d69ab971c7a03c6f5b5b41,sell,0xd4fa1460f537bb9085d22c7bccb5dd450ef28e3a,0xcee041fd57372744a644203c5770a4ba7898f4981ebce5ee222291f1ea633652
228,60.2,0.668822,0x30404f5bc93094bd88d615ef3e89be9742017042,2017-11-02T02:59:37.000Z,0.01111,0x9b7a8b471ad9a43e36d69ab971c7a03c6f5b5b41,sell,0xd4fa1460f537bb9085d22c7bccb5dd450ef28e3a,0x138a425b0f90440ff5357e38af827713a4b21b232f9dbeec288bfdbea937ac09
229,45.28,0.5000093808,0x65f403f5ce12908bfa7d8089f54f097e8b686fae,2017-11-02T02:46:43.000Z,0.01104261,0x9b7a8b471ad9a43e36d69ab971c7a03c6f5b5b41,sell,0xd4fa1460f537bb9085d22c7bccb5dd450ef28e3a,0xc072a6f362caa6fc442e55ad891a43eefe66a2a19f13ce7ff9efa2798e8d7462
230,60.08274349,0.66109042662047,0xb213d84b4f70bf340a1ffc22db3b983f5f01c34e,2017-11-02T02:44:15.000Z,0.011003,0x2ce1ac9dcc540e45ba9894b6ccb42568d8fbdbf8,sell,0xd4fa1460f537bb9085d22c7bccb5dd450ef28e3a,0x2d57e8cb289872e3c3a4d3b0652a046447b8ec41bd7e560c82d5edb61ae20f7f
231,20,0.221,0x383932e5467528999954bf192452e390e1c84795,2017-11-02T02:42:58.000Z,0.01105,0x2ce1ac9dcc540e45ba9894b6ccb42568d8fbdbf8,sell,0xd4fa1460f537bb9085d22c7bccb5dd450ef28e3a,0xc8b8331a843cdda4ac0448996a17ad8ccb8f7355e11fc1aa70df6df7caf23add
232,100,1.11,0xbabfddc41cf17038132e6dbb6401f65337cc0849,2017-11-02T02:42:36.000Z,0.0111,0x2ce1ac9dcc540e45ba9894b6ccb42568d8fbdbf8,sell,0xd4fa1460f537bb9085d22c7bccb5dd450ef28e3a,0xad9c379e6406fcb667153f97fc354581cfb7034d5c9869247c7a066b918f8119
233,39,0.43323150039,0x264e478eea740f5007023165457a3b511ababd98,2017-11-02T02:41:02.000Z,0.01110850001,0x9b7a8b471ad9a43e36d69ab971c7a03c6f5b5b41,sell,0xd4fa1460f537bb9085d22c7bccb5dd450ef28e3a,0xadb7f6a2b013e842c887702aa331dd414eed7ae7cc2ff6ff7cf85d7a5039331f
234,19,0.21432,0x2fc2b5a8f531f06470ee717cfcdcab22d57e3d49,2017-11-02T02:36:37.000Z,0.01128,0x9b7a8b471ad9a43e36d69ab971c7a03c6f5b5b41,sell,0xd4fa1460f537bb9085d22c7bccb5dd450ef28e3a,0xee099303b091f22ebfab5cb7f47281ded6642ffa4a4910e63a6f44f9f6f51b75
235,13.8,0.158148,0x4dd6ef20328f31fb6b93bf47e6dbb4e8e3a78212,2017-11-02T02:23:24.000Z,0.01146,0x30404f5bc93094bd88d615ef3e89be9742017042,buy,0xd4fa1460f537bb9085d22c7bccb5dd450ef28e3a,0xbebb9a665723a5368c16ad53ef5a06a4185ae54581f409a8ea87df9cae23d6ef
236,68,0.77928,0x2fc2b5a8f531f06470ee717cfcdcab22d57e3d49,2017-11-02T02:17:38.000Z,0.01146,0x9b7a8b471ad9a43e36d69ab971c7a03c6f5b5b41,sell,0xd4fa1460f537bb9085d22c7bccb5dd450ef28e3a,0x701458a630c4edbd3a7350eb2ad43494e9f1f886c12927b891392b833f7fce7a
237,44,0.50424,0x63da2d001e185597b3d84f37e9d6d9f60741d1bd,2017-11-02T02:16:01.000Z,0.01146,0x30404f5bc93094bd88d615ef3e89be9742017042,buy,0xd4fa1460f537bb9085d22c7bccb5dd450ef28e3a,0x9f296bca9291d943c35d2491feccc847b37371fddef1fce3b6eac36f1c7bee6c
238,0.00000037,0.00000000425463,0xfcc61af0cd18b7b72e74822206c5178f09e10f1e,2017-11-02T02:09:52.000Z,0.011499,0xda896bd9e964386f7343414a646c8ef75d5ae009,buy,0xd4fa1460f537bb9085d22c7bccb5dd450ef28e3a,0x32d58b3fe845da4f157e7a435e26f1e34e3473165175f5707d7513de9c53058a
239,555,6.105,0xbd4d43682374570416cb764921b697bc9d087243,2017-11-02T02:08:29.000Z,0.011,0xaabc05436fb35289c5525425eab2f16b3355263a,sell,0xd4fa1460f537bb9085d22c7bccb5dd450ef28e3a,0x57597a908971de904c67d761fdd3b43d467ddeba18614233f25f9da93e89a905
240,100,1.135,0x4ac6008b9b6bb85246954dca184fd7af3fd6f06a,2017-11-02T02:06:00.000Z,0.01135,0xaabc05436fb35289c5525425eab2f16b3355263a,sell,0xd4fa1460f537bb9085d22c7bccb5dd450ef28e3a,0xd3b34bc2d37ed9ca5375a79b0b99294c7bfb8897b840822d167d7a8211fc785d
241,295,3.2804,0x280a39ae47aef6d05be93bdc351aea22b342a434,2017-11-02T02:05:55.000Z,0.01112,0xaabc05436fb35289c5525425eab2f16b3355263a,sell,0xd4fa1460f537bb9085d22c7bccb5dd450ef28e3a,0xa8e93de8a9f1953f39650390a353abd9e20d1b40c57802b6814e3174dd6ac018
242,4.25,0.0497675,0x48ae7ea7038973e4dd8316cb37ffd01a8b3b9828,2017-11-02T02:01:51.000Z,0.01171,0x458dbd70bad890e4d7501cbb63fd9a0dcd691327,sell,0xd4fa1460f537bb9085d22c7bccb5dd450ef28e3a,0x291aa0e2a2d2510031cc83ca1484bb67728a5d7fb1cce8f0209f5584bf67a17a
243,150,1.754985,0x4ac6008b9b6bb85246954dca184fd7af3fd6f06a,2017-11-02T01:59:06.000Z,0.0116999,0x88b423541b8c8817336553480153f122a3f2ee19,buy,0xd4fa1460f537bb9085d22c7bccb5dd450ef28e3a,0xe19ed04a47b0bf27322311c1fd95358256f3f893da1ba37017e42ca686b9fcd9
244,50,0.584995,0x63da2d001e185597b3d84f37e9d6d9f60741d1bd,2017-11-02T01:58:23.000Z,0.0116999,0x88b423541b8c8817336553480153f122a3f2ee19,buy,0xd4fa1460f537bb9085d22c7bccb5dd450ef28e3a,0x7f68ca0c401c0212f53997bb2960c9ee39bd4d84ea0bdf30b0c173dc2e29c31f
245,108,1.2204,0xe1c9d09be47672fd12c4350dfe999bdda9ca6325,2017-11-02T01:56:30.000Z,0.0113,0xaabc05436fb35289c5525425eab2f16b3355263a,sell,0xd4fa1460f537bb9085d22c7bccb5dd450ef28e3a,0x70f6b7df67422af6d59f5adc9aba45ab3182b48a3b182c33562f69e545ce135b
246,25,0.2858325,0x18e96886612735f0d509d139f304f108f79bc18c,2017-11-02T01:51:39.000Z,0.0114333,0x458dbd70bad890e4d7501cbb63fd9a0dcd691327,sell,0xd4fa1460f537bb9085d22c7bccb5dd450ef28e3a,0x360cc5ac7b2dc6a6fcf37765d93aabee2c9dc119e35e0c30858048c1346a2051
247,25,0.29475,0xa4ef00a3545411453bb747d65322bc1f245b7275,2017-11-02T01:51:19.000Z,0.01179,0x18e96886612735f0d509d139f304f108f79bc18c,buy,0xd4fa1460f537bb9085d22c7bccb5dd450ef28e3a,0xafd2cc4529d1b51eb95005c908745a668c35f1a48829c86862dbe888da3044bb
248,2120,24.19344,0x30404f5bc93094bd88d615ef3e89be9742017042,2017-11-02T01:51:15.000Z,0.011412,0xaabc05436fb35289c5525425eab2f16b3355263a,sell,0xd4fa1460f537bb9085d22c7bccb5dd450ef28e3a,0xba1e86402e4282b4ca46e576c1d3808d16bde44f6c3fd7fca858af64bd802287
249,100,1.1411501,0x7323d15c9a418b62d9fdbab0311d1ce76a9cf025,2017-11-02T01:50:15.000Z,0.011411501,0xaabc05436fb35289c5525425eab2f16b3355263a,sell,0xd4fa1460f537bb9085d22c7bccb5dd450ef28e3a,0x7407e0196615669ac9c89500962954a41d2a7b0d5a9f9ec40959900c2ac466fc
250,51.317,0.60359773838,0xa4ef00a3545411453bb747d65322bc1f245b7275,2017-11-02T01:48:54.000Z,0.01176214,0x65f403f5ce12908bfa7d8089f54f097e8b686fae,buy,0xd4fa1460f537bb9085d22c7bccb5dd450ef28e3a,0xc60a46beacb79ecee980b68c08122d10d4db6a017e93e067bf4f709b361f7ff4
251,712.57,7.8738985,0xe9e363db8d48a2c11f8bbfbdf7c434db11510389,2017-11-02T01:48:54.000Z,0.01105,0xaabc05436fb35289c5525425eab2f16b3355263a,sell,0xd4fa1460f537bb9085d22c7bccb5dd450ef28e3a,0xc8269ef62d6e238a0cd7f33b152101a0a9be3a4243a3949d51b209efcca15962
252,55.663,0.636450742,0x0352957e9a0345f8babf750f8415676a503fb635,2017-11-02T01:48:17.000Z,0.011434,0x458dbd70bad890e4d7501cbb63fd9a0dcd691327,sell,0xd4fa1460f537bb9085d22c7bccb5dd450ef28e3a,0xa6c982d1a79d64ce19824395d22de4e22862dea27607ba9fb4fff4d5dda1eca0
253,1.02479483,0.01171750408622,0xda896bd9e964386f7343414a646c8ef75d5ae009,2017-11-02T01:41:08.000Z,0.011434,0xcea2d69a39485a84436cb245e0890e18fefe2801,sell,0xd4fa1460f537bb9085d22c7bccb5dd450ef28e3a,0x7a42b27132879391c75c08decda1a5e89db65751a73b5345847cd01953b67cc0
254,5,0.055,0x38d48de493ec0af8f2ab8c4c8772e59d2e3357d8,2017-11-02T01:39:15.000Z,0.011,0xcea2d69a39485a84436cb245e0890e18fefe2801,sell,0xd4fa1460f537bb9085d22c7bccb5dd450ef28e3a,0x7cd40afebe47e18987a736194b168e9982852f92cbbcb659a6458133eefded98
255,191.4824827,2.1894107071918,0xda896bd9e964386f7343414a646c8ef75d5ae009,2017-11-02T01:38:33.000Z,0.011434,0x92feae57c6977f627de0f35cf31bcd79976b0980,sell,0xd4fa1460f537bb9085d22c7bccb5dd450ef28e3a,0x3dd84005b379d92c422bf140576aa65b3c960afd4fcec0bf5e3a9404804a72a9
256,179.48988296,2.05264630153056,0xda896bd9e964386f7343414a646c8ef75d5ae009,2017-11-02T01:37:29.000Z,0.011436,0x92feae57c6977f627de0f35cf31bcd79976b0980,sell,0xd4fa1460f537bb9085d22c7bccb5dd450ef28e3a,0xce78c0d68fc706a302f14d3778af700dce5135cd6bbf813b052c0fc1a902b472
257,3.2,0.03658272,0x8eda9d8bf5ec2591b7ddf8487d39a38a64a93a45,2017-11-02T01:36:54.000Z,0.0114321,0xcea2d69a39485a84436cb245e0890e18fefe2801,sell,0xd4fa1460f537bb9085d22c7bccb5dd450ef28e3a,0x6d49f3f7c86e95442d8807c7aedeb6362c677ce16fba33afe9c3288425f132a5
258,15,0.1716,0x383932e5467528999954bf192452e390e1c84795,2017-11-02T01:35:43.000Z,0.01144,0xcea2d69a39485a84436cb245e0890e18fefe2801,sell,0xd4fa1460f537bb9085d22c7bccb5dd450ef28e3a,0xbacc4a8bc01c244b26d674b8fbd571cd20c12244b72ee1b0f4314857e315b5f2
259,124,1.42352,0x1cb5f0297eab6b1a27351c1314b5bc74ee720aa0,2017-11-02T01:35:15.000Z,0.01148,0x92feae57c6977f627de0f35cf31bcd79976b0980,sell,0xd4fa1460f537bb9085d22c7bccb5dd450ef28e3a,0x91e87d1bfa81ed6dd17ac47ce039ea8bf82185665962481351244514bb0f59a3
260,784.995,9.01017261,0xbffe83d6a58ea4a65530462c09c8600199ea287b,2017-11-02T01:35:08.000Z,0.011478,0xaabc05436fb35289c5525425eab2f16b3355263a,sell,0xd4fa1460f537bb9085d22c7bccb5dd450ef28e3a,0x67f1dc5e6fc6d2eaebe3f7c9ada5b8ed0a4f3fd0ed26d461d9513a4eb0e1ced4
261,25,0.287025,0x18e96886612735f0d509d139f304f108f79bc18c,2017-11-02T01:34:02.000Z,0.011481,0x92feae57c6977f627de0f35cf31bcd79976b0980,sell,0xd4fa1460f537bb9085d22c7bccb5dd450ef28e3a,0x0254f398fa3ccaa6739e6f979329e33413a7e1f3ee87915ab58a0247b3877905
262,710,8.1508071,0x88b423541b8c8817336553480153f122a3f2ee19,2017-11-02T01:33:21.000Z,0.01148001,0xaabc05436fb35289c5525425eab2f16b3355263a,sell,0xd4fa1460f537bb9085d22c7bccb5dd450ef28e3a,0x8c843d30a863e989e1df0ec21aa636321d1c76b2aa2ee77a71ed471e78af88ee
263,5,0.057695,0xabba67517619842ec27a4d78e088f853691b5a21,2017-11-02T01:32:40.000Z,0.011539,0x92feae57c6977f627de0f35cf31bcd79976b0980,sell,0xd4fa1460f537bb9085d22c7bccb5dd450ef28e3a,0xbc81b7f41685942c7a77d5deb05476f05348c2c51405d46ec6008fd382749bfd
264,36.83757908,0.4236071098662256,0x0352957e9a0345f8babf750f8415676a503fb635,2017-11-02T01:31:27.000Z,0.01149932,0xcea2d69a39485a84436cb245e0890e18fefe2801,sell,0xd4fa1460f537bb9085d22c7bccb5dd450ef28e3a,0xa09df89089315e7a3575bf51924d36b900b13ca53f941e3855eaefe26e8ee492
265,5,0.057695,0xabba67517619842ec27a4d78e088f853691b5a21,2017-11-02T01:31:27.000Z,0.011539,0x92feae57c6977f627de0f35cf31bcd79976b0980,sell,0xd4fa1460f537bb9085d22c7bccb5dd450ef28e3a,0x785b5635437d5f262a6a86ba31f7b9c3ad1884ca8a2ff57dcca3d22f2a88a48c
266,5,0.057695,0xabba67517619842ec27a4d78e088f853691b5a21,2017-11-02T01:30:31.000Z,0.011539,0x92feae57c6977f627de0f35cf31bcd79976b0980,sell,0xd4fa1460f537bb9085d22c7bccb5dd450ef28e3a,0x3b4d6da0b6db188c5016fa31c3461392cc36d130c4beaff7afa35566452a7af4
267,5,0.057695,0xabba67517619842ec27a4d78e088f853691b5a21,2017-11-02T01:29:34.000Z,0.011539,0x92feae57c6977f627de0f35cf31bcd79976b0980,sell,0xd4fa1460f537bb9085d22c7bccb5dd450ef28e3a,0x08157d5119b64e5fb2df279a817ea7d970c8cb8ef223697d49386e1ebecd801e
268,1.545,0.017829301545,0xf7d8adabed2ef659f317ccd8ef27d210e50026de,2017-11-02T01:29:17.000Z,0.011540001,0x92feae57c6977f627de0f35cf31bcd79976b0980,sell,0xd4fa1460f537bb9085d22c7bccb5dd450ef28e3a,0x70ff638d43145244ae18dcc75d2ebfef3dfee34390ed45276d2d1bf812c4b5bf
269,498.45488984,5.75216992720849,0xf7d8adabed2ef659f317ccd8ef27d210e50026de,2017-11-02T01:28:44.000Z,0.011540001,0x6dc8a351ce571992b0d4f86becce5a9b5bf9fa1e,sell,0xd4fa1460f537bb9085d22c7bccb5dd450ef28e3a,0xd4a9d034fc1835f451cbce069363c0caca92966750461c8d39c9acb6d78c1d2d
270,250,3.07375,0x261090babcece97b97bc62a18a01bd02771386bf,2017-11-02T01:28:02.000Z,0.012295,0xf1384c34dc9c3e09d053ee8e56de552e6805fe4a,buy,0xd4fa1460f537bb9085d22c7bccb5dd450ef28e3a,0x712cfb9efe9ec9113b2dbd474b3c9651e3b9546050b352212e654882f564b8fc
271,20.677,0.23881935,0xf1384c34dc9c3e09d053ee8e56de552e6805fe4a,2017-11-02T01:27:39.000Z,0.01155,0xcea2d69a39485a84436cb245e0890e18fefe2801,sell,0xd4fa1460f537bb9085d22c7bccb5dd450ef28e3a,0xcb4870909d9beaca7e75a39148d8322ce60f2fadb4df39265bf21d3486b4646a
272,50,0.577,0xedf6212982fcc61717394677037692ff95dec8ae,2017-11-02T01:27:39.000Z,0.01154,0xcea2d69a39485a84436cb245e0890e18fefe2801,sell,0xd4fa1460f537bb9085d22c7bccb5dd450ef28e3a,0x757e2b12c67f751505b4995ecf172a2ea753a30402a7d10ee59954239e998830
273,43.19,0.4999579382,0x65f403f5ce12908bfa7d8089f54f097e8b686fae,2017-11-02T01:27:28.000Z,0.01157578,0xcea2d69a39485a84436cb245e0890e18fefe2801,sell,0xd4fa1460f537bb9085d22c7bccb5dd450ef28e3a,0x5d4e2a795a37556e1b1bf0badb8a95fc108007b12cebd7d05be7a10ddd324e28
274,36.15,0.417894,0xf08a1feffe696494e56b9cb10dcf4bde353ce2f2,2017-11-02T01:26:47.000Z,0.01156,0x92feae57c6977f627de0f35cf31bcd79976b0980,sell,0xd4fa1460f537bb9085d22c7bccb5dd450ef28e3a,0x06e917a9be578487f657ad4252c44cbb247bbfad890908b301b875dfb3572d05
275,0.828,0.0095634,0x0fd31c64f9d281064c5af8fa3110af8f08791a9e,2017-11-02T01:24:50.000Z,0.01155,0x92feae57c6977f627de0f35cf31bcd79976b0980,sell,0xd4fa1460f537bb9085d22c7bccb5dd450ef28e3a,0x4a4f146f79e2944b507c24526a9ba47f3ada2981ce3c90f2e344ab659a4a1c63
276,34.873125,0.41370023060625,0xfcc61af0cd18b7b72e74822206c5178f09e10f1e,2017-11-02T01:20:14.000Z,0.01186301,0x65f403f5ce12908bfa7d8089f54f097e8b686fae,buy,0xd4fa1460f537bb9085d22c7bccb5dd450ef28e3a,0xec2f5efea3a9c628edb2249309af39e0354583c1c1c9f319a299be8fc64191ae
277,274.13422828,3.262169903113876,0xa91c7fe56503888ad7ef3e492aec1d63f028f6c7,2017-11-02T01:19:50.000Z,0.011899900000017158,0x280a39ae47aef6d05be93bdc351aea22b342a434,buy,0xd4fa1460f537bb9085d22c7bccb5dd450ef28e3a,0x7e4faafe0ee6f04de4cd64cfda05a55119d84521f884391e51b143d2f1bace37
278,500,5.949949995,0xa91c7fe56503888ad7ef3e492aec1d63f028f6c7,2017-11-02T01:19:32.000Z,0.01189989999,0xf7d8adabed2ef659f317ccd8ef27d210e50026de,buy,0xd4fa1460f537bb9085d22c7bccb5dd450ef28e3a,0x4e0eaf0e440671e73ad43d017cd5cd8ba59255474db40a375012955988525383
279,6.85,0.079186,0xf08a1feffe696494e56b9cb10dcf4bde353ce2f2,2017-11-02T01:17:19.000Z,0.01156,0x3f361f37d01b6fd4149a599947e55e4d24829591,sell,0xd4fa1460f537bb9085d22c7bccb5dd450ef28e3a,0x5d7c272686c315464c79ba58ded7b41504d6d5fbb1320affe8a6af891ab2f02a
280,43,0.49736122,0x65f403f5ce12908bfa7d8089f54f097e8b686fae,2017-11-02T01:13:12.000Z,0.01156654,0x3f361f37d01b6fd4149a599947e55e4d24829591,sell,0xd4fa1460f537bb9085d22c7bccb5dd450ef28e3a,0x005a2a99cefbcc741079657b93bbabb6fa9df846f6954a82241c47b02d57fda8
281,42.3,0.501805323,0x9db81f3235c5e3823547178165a24f1d81fa5cb3,2017-11-02T01:03:01.000Z,0.01186301,0x65f403f5ce12908bfa7d8089f54f097e8b686fae,buy,0xd4fa1460f537bb9085d22c7bccb5dd450ef28e3a,0x238f46f2e16ba83f8e9b90b83cabd3ceeb7352f944d9d5bc482f4fdfca0ade45
282,2.34572824,0.027093161172,0xf1384c34dc9c3e09d053ee8e56de552e6805fe4a,2017-11-02T00:50:12.000Z,0.01155,0xa54ffa43d11698bc300d924781518b71dd10f0a8,sell,0xd4fa1460f537bb9085d22c7bccb5dd450ef28e3a,0x101c3210d0f64a9fafe11dd1a7089478f5d9463e457eea23965f77f89cf47c74
283,67.75695344,0.782592812232,0xf1384c34dc9c3e09d053ee8e56de552e6805fe4a,2017-11-02T00:31:13.000Z,0.01155,0x6a11e30823902d47673175c387ad8d7d90cbf0ee,sell,0xd4fa1460f537bb9085d22c7bccb5dd450ef28e3a,0xdd6e7680d0a808dc2590ad45a0356ba71bbfa2bcb1294d759b0b00dc0c7cde15
284,29.7198684,0.34326448002,0xf1384c34dc9c3e09d053ee8e56de552e6805fe4a,2017-11-02T00:29:45.000Z,0.01155,0xeaa9dc5a2069fbecc29c67d0b06e2e8b5a6e5e29,sell,0xd4fa1460f537bb9085d22c7bccb5dd450ef28e3a,0xb7d69848f5ba1b372685b339d0d9ef1d21355b9e1768d2da76aa63cb03dff921
285,1,0.011819991,0xe2f8a2be286fdc7d299def7e44fab8a55aab5771,2017-11-02T00:28:39.000Z,0.011819991,0x6a11e30823902d47673175c387ad8d7d90cbf0ee,sell,0xd4fa1460f537bb9085d22c7bccb5dd450ef28e3a,0x37e3d153a5ab193d91c0e41605daa422638d1bf66d5bb1703f43e712a8cdbf3b
286,400,4.64,0x723fa2df041440651a6ac8cdddcf81a0977a97e8,2017-11-02T00:26:57.000Z,0.0116,0xaabc05436fb35289c5525425eab2f16b3355263a,sell,0xd4fa1460f537bb9085d22c7bccb5dd450ef28e3a,0x87a59b700297c87107aded74898eafe7da16d97039265beb8511b6b26548d8c4
287,431,5.000036603,0xfc0048181dc8993b42f08d2d034b43a17b52aacb,2017-11-02T00:24:27.000Z,0.011601013,0xaabc05436fb35289c5525425eab2f16b3355263a,sell,0xd4fa1460f537bb9085d22c7bccb5dd450ef28e3a,0xcf60869e33b71943bdb22f6da95b0aa4cfb2eff0d1a08d628047df903bb063de
288,10,0.1161,0x383932e5467528999954bf192452e390e1c84795,2017-11-02T00:23:57.000Z,0.01161,0x6a11e30823902d47673175c387ad8d7d90cbf0ee,sell,0xd4fa1460f537bb9085d22c7bccb5dd450ef28e3a,0xf6cd283448bcd9bbfbec949b965b8018e206518488d6e2f403f138361058b33c
289,500,5.800507,0xf7d8adabed2ef659f317ccd8ef27d210e50026de,2017-11-02T00:23:33.000Z,0.011601014,0xaabc05436fb35289c5525425eab2f16b3355263a,sell,0xd4fa1460f537bb9085d22c7bccb5dd450ef28e3a,0xf34eec59b9d9441e196b3dc74ff5f309ddcb579fbee7dfd368fbda12cfc00274
290,34,0.401879694,0xe2f8a2be286fdc7d299def7e44fab8a55aab5771,2017-11-02T00:07:51.000Z,0.011819991,0x6dc8a351ce571992b0d4f86becce5a9b5bf9fa1e,sell,0xd4fa1460f537bb9085d22c7bccb5dd450ef28e3a,0x6617ec7981ab2fd81707cc6dbc5c89e6743431e650462d12d655de95a1c83ab8
291,5,0.057695,0xabba67517619842ec27a4d78e088f853691b5a21,2017-11-02T00:06:49.000Z,0.011539,0x7d133a0df849736b9d701d1d32978ac5d9cb28e0,sell,0xd4fa1460f537bb9085d22c7bccb5dd450ef28e3a,0x607afe3de4f42423ac1af3f87c67fe69833e9296030f13a6357c56735024ac31
292,5,0.057695,0xabba67517619842ec27a4d78e088f853691b5a21,2017-11-02T00:06:01.000Z,0.011539,0x7d133a0df849736b9d701d1d32978ac5d9cb28e0,sell,0xd4fa1460f537bb9085d22c7bccb5dd450ef28e3a,0xa887b4ac5cb5355e32b233af9a9a4a6f353836b510cdaab40f32a26012e53296
293,42.3,0.500035491,0x65f403f5ce12908bfa7d8089f54f097e8b686fae,2017-11-02T00:05:18.000Z,0.01182117,0x6dc8a351ce571992b0d4f86becce5a9b5bf9fa1e,sell,0xd4fa1460f537bb9085d22c7bccb5dd450ef28e3a,0x7d2bede3d519d3b32af2c160c5deab89312cc744bc71fb78fb07877cfda2be6c
294,422,4.980069264,0xfc0048181dc8993b42f08d2d034b43a17b52aacb,2017-11-02T00:04:50.000Z,0.011801112,0x6dc8a351ce571992b0d4f86becce5a9b5bf9fa1e,sell,0xd4fa1460f537bb9085d22c7bccb5dd450ef28e3a,0x51b5042436f4ec365869d53e6a510e237ec31d0a20ee1acc69895bc5291193e4
295,140,1.679986,0x456156bc25c6b8fc6feb9de8b140dedd025ec9ae,2017-11-02T00:01:47.000Z,0.0119999,0xd848d35ea908828d1a064a7c0bb2aebb8486da57,buy,0xd4fa1460f537bb9085d22c7bccb5dd450ef28e3a,0x161ecdef612d6242254e2ab992dc0169743b42d10676927f2f9d6fe3fd16eb53
296,100,1.19999,0x1714d0cf5fd25f056394228244810a09ff952be1,2017-11-01T23:54:12.000Z,0.0119999,0xd848d35ea908828d1a064a7c0bb2aebb8486da57,buy,0xd4fa1460f537bb9085d22c7bccb5dd450ef28e3a,0x1ef02424659774d22f9956def1abe693161d7b0b54ed3cea8cb18f4fa9f95508
297,10.207,0.122473793,0x1714d0cf5fd25f056394228244810a09ff952be1,2017-11-01T23:50:14.000Z,0.011999,0x9b1724be063cac9efdb4b3ad855650ac59b31fd9,buy,0xd4fa1460f537bb9085d22c7bccb5dd450ef28e3a,0x47922448f46fe63c5913050c5f5f10622addd1f0534fa8f291ce18d3ec3d4f8c
298,87.337,1.04717063,0x1714d0cf5fd25f056394228244810a09ff952be1,2017-11-01T23:49:45.000Z,0.01199,0x48af8000c9d156ac7156c4b27313bbfee6a647aa,buy,0xd4fa1460f537bb9085d22c7bccb5dd450ef28e3a,0x4e150c00bbfb24ab1e7dbfaee97c9a2680d5092a70d882bd3f2c3b39c5955117
299,112.70162956,1.3512925384796817,0xe70a443b193f5e82f4f8775004c5bf8d1bfdce54,2017-11-01T23:27:06.000Z,0.011990000000490513,0x48af8000c9d156ac7156c4b27313bbfee6a647aa,buy,0xd4fa1460f537bb9085d22c7bccb5dd450ef28e3a,0x572058247ed653fb7de2377c5b16dd020c266d6e6710e6627932045ce7d623e9
300,63.50370277,0.7588692481015,0xe70a443b193f5e82f4f8775004c5bf8d1bfdce54,2017-11-01T23:16:03.000Z,0.01195,0x01669fe4d8196c981ecbffe5631b1874c818245e,buy,0xd4fa1460f537bb9085d22c7bccb5dd450ef28e3a,0x4b34b565ba6a67ba6d6529eb746a58dc98bd626a053650deae182972dac7cd45
301,20,0.2386,0xe70a443b193f5e82f4f8775004c5bf8d1bfdce54,2017-11-01T23:13:32.000Z,0.01193,0x01669fe4d8196c981ecbffe5631b1874c818245e,buy,0xd4fa1460f537bb9085d22c7bccb5dd450ef28e3a,0x582228dd9ef72bd06c79cc59e7c54015748141b7901691e9aac7ae0b1a1c8c5c
302,20.06,0.238714,0xe70a443b193f5e82f4f8775004c5bf8d1bfdce54,2017-11-01T23:12:41.000Z,0.0119,0xb872ffcab33148382ef347f7c3b5bb3c6f5cdd6e,buy,0xd4fa1460f537bb9085d22c7bccb5dd450ef28e3a,0x6e3c5368d96f0b23ce51c837413c65ec2c845db9ea23be2dca1259ea1366233f
303,80,0.928,0xedf6212982fcc61717394677037692ff95dec8ae,2017-11-01T22:40:57.000Z,0.0116,0x01669fe4d8196c981ecbffe5631b1874c818245e,sell,0xd4fa1460f537bb9085d22c7bccb5dd450ef28e3a,0xb48db239bc572af4747c8d242d39a3804b13e52a77e4102ac423a99e67ded762
304,10,0.1186,0x383932e5467528999954bf192452e390e1c84795,2017-11-01T22:33:25.000Z,0.01186,0x01669fe4d8196c981ecbffe5631b1874c818245e,sell,0xd4fa1460f537bb9085d22c7bccb5dd450ef28e3a,0x0569e6ba742248fd183d60780e2ebd88f96c8ce09f607b2f9332b1e44c13eec3
305,2.08,0.0247728,0x383932e5467528999954bf192452e390e1c84795,2017-11-01T22:32:55.000Z,0.01191,0x01669fe4d8196c981ecbffe5631b1874c818245e,sell,0xd4fa1460f537bb9085d22c7bccb5dd450ef28e3a,0x664aa68f223b9fd90aaa03d8035449abd7d24574ca66a086c7e3b416b8a0d245
306,23.06,0.275640792,0xedf6212982fcc61717394677037692ff95dec8ae,2017-11-01T22:27:45.000Z,0.0119532,0x65f403f5ce12908bfa7d8089f54f097e8b686fae,buy,0xd4fa1460f537bb9085d22c7bccb5dd450ef28e3a,0xf54a541222b1b0da5fbd70a62fbed1aefb8e6c10543dfcbd193904350c7082c4
307,1735,20.03925,0x0c22633f0db1df05b0fef1b534b10f735837cdd1,2017-11-01T22:22:53.000Z,0.01155,0x01669fe4d8196c981ecbffe5631b1874c818245e,sell,0xd4fa1460f537bb9085d22c7bccb5dd450ef28e3a,0x5429647bb6068ea22bc6282887ac7399ac8a3429825a2e47fd7a5bfd19795b63
308,3565,42.619575,0xa0454a70d8a0dc17d77124cab798c7cfbe145f2e,2017-11-01T22:18:32.000Z,0.011955,0x9b1724be063cac9efdb4b3ad855650ac59b31fd9,sell,0xd4fa1460f537bb9085d22c7bccb5dd450ef28e3a,0xd1b146f33a482864c65d1ab7aecce734cf1be47b167fd54f9fb3e20a20c02b6d
309,15,0.179985,0xedf6212982fcc61717394677037692ff95dec8ae,2017-11-01T22:18:28.000Z,0.011999,0x9b1724be063cac9efdb4b3ad855650ac59b31fd9,buy,0xd4fa1460f537bb9085d22c7bccb5dd450ef28e3a,0x7f33d6cefe950622427b982abe025e3207b46bd4799590f7cb6de203da0c9026
310,38,0.455962,0xedf6212982fcc61717394677037692ff95dec8ae,2017-11-01T22:14:56.000Z,0.011999,0x9b1724be063cac9efdb4b3ad855650ac59b31fd9,buy,0xd4fa1460f537bb9085d22c7bccb5dd450ef28e3a,0x5131c0c65b75115ec64ad84db5cef88f1241ab5e24060ac6f967231405b5b7d4
311,25,0.29975,0xedf6212982fcc61717394677037692ff95dec8ae,2017-11-01T22:14:21.000Z,0.01199,0x18e96886612735f0d509d139f304f108f79bc18c,buy,0xd4fa1460f537bb9085d22c7bccb5dd450ef28e3a,0xf2647e9d899322bdc2e430edb05c67855360e5b9f441157c1eebcef1dfb258be
312,20.06,0.2383128,0xb872ffcab33148382ef347f7c3b5bb3c6f5cdd6e,2017-11-01T22:10:23.000Z,0.01188,0x01669fe4d8196c981ecbffe5631b1874c818245e,sell,0xd4fa1460f537bb9085d22c7bccb5dd450ef28e3a,0x0140e8094f98f1159e324fe79c8f7c526241cc09f8bd9517af5655a3e0c33503
313,22,0.25982,0x4ca7e4ccbb54ca14d67370a989439f866900df2c,2017-11-01T22:09:00.000Z,0.01181,0x01669fe4d8196c981ecbffe5631b1874c818245e,sell,0xd4fa1460f537bb9085d22c7bccb5dd450ef28e3a,0x756dcc04f5617776e1a2cc1c7259aa58870cdec3ae5af92c2711b7dcfd4a93a6
314,8.62564031,0.0998849147898,0x87d3da5a29e4f9813faa09a4a720b1c1610eafd8,2017-11-01T22:08:30.000Z,0.01158,0x01669fe4d8196c981ecbffe5631b1874c818245e,sell,0xd4fa1460f537bb9085d22c7bccb5dd450ef28e3a,0x923f2116972836f2c5fc35000a8c5e39d9465697b58f54350f5d299eabf1d453
315,285,3.29175,0x0fd31c64f9d281064c5af8fa3110af8f08791a9e,2017-11-01T22:08:18.000Z,0.01155,0x01669fe4d8196c981ecbffe5631b1874c818245e,sell,0xd4fa1460f537bb9085d22c7bccb5dd450ef28e3a,0x269fa08bc5c949cf0826d2cc53eb541b286824f498fb619c9b90327fe4f39249
316,20.06,0.239761132,0xb872ffcab33148382ef347f7c3b5bb3c6f5cdd6e,2017-11-01T22:07:37.000Z,0.0119522,0x65f403f5ce12908bfa7d8089f54f097e8b686fae,buy,0xd4fa1460f537bb9085d22c7bccb5dd450ef28e3a,0x8142075dd8a6f3c47be7df81d20284462697f3e099d8b9ed47339a5eda876664
317,25,0.28875775,0x18e96886612735f0d509d139f304f108f79bc18c,2017-11-01T21:54:24.000Z,0.01155031,0x01669fe4d8196c981ecbffe5631b1874c818245e,sell,0xd4fa1460f537bb9085d22c7bccb5dd450ef28e3a,0x9222e385b51642375686aab9aa95e7274fb8cb77730cb2d8ae1ee2371352d71f
318,2002,23.1235004,0xcd3c4c0dace35ec8af6879ce2b6486316e86bd6a,2017-11-01T21:54:03.000Z,0.0115502,0x01669fe4d8196c981ecbffe5631b1874c818245e,sell,0xd4fa1460f537bb9085d22c7bccb5dd450ef28e3a,0x4b9cf2c2301bf579202be427a45400bc020eb4d3ffc53b335afc0fa143cdaf46
319,43.12,0.499991492,0x65f403f5ce12908bfa7d8089f54f097e8b686fae,2017-11-01T21:52:26.000Z,0.01159535,0x01669fe4d8196c981ecbffe5631b1874c818245e,sell,0xd4fa1460f537bb9085d22c7bccb5dd450ef28e3a,0x0690df34e79dfa15e15fb3dfe28d0da2d4b79e3b422291371bd2deb48b4288cc
320,2002,23.1237006,0xcd3c4c0dace35ec8af6879ce2b6486316e86bd6a,2017-11-01T21:51:39.000Z,0.0115503,0x01669fe4d8196c981ecbffe5631b1874c818245e,sell,0xd4fa1460f537bb9085d22c7bccb5dd450ef28e3a,0xc0627459f2627686e0ad7a053733dc1df2945c1767bc36e15f1c67ed468892fa
321,36.79272075,0.4414758563608949,0x21d542b6403c2d4406494bdac9db0cbedcbe91da,2017-11-01T21:49:10.000Z,0.01199900000221905,0x9b1724be063cac9efdb4b3ad855650ac59b31fd9,buy,0xd4fa1460f537bb9085d22c7bccb5dd450ef28e3a,0x86ebbf7127da3895616f086ef8bacf65f8a26f1e96a313e8b19939eff69748fa
322,111.65159358,1.3922953719692288,0x754df5f4ce6ce6ae6a31be6208da52e96a245100,2017-11-01T21:45:51.000Z,0.012470000000238499,0xf1384c34dc9c3e09d053ee8e56de552e6805fe4a,buy,0xd4fa1460f537bb9085d22c7bccb5dd450ef28e3a,0x1ba68a39c909feb0667f80dfb8043a1bbe9807b27fecbb7bd2ca34e389817bb0
323,100,1.199,0x21d542b6403c2d4406494bdac9db0cbedcbe91da,2017-11-01T21:43:48.000Z,0.01199,0x9b1724be063cac9efdb4b3ad855650ac59b31fd9,buy,0xd4fa1460f537bb9085d22c7bccb5dd450ef28e3a,0xfb9a3b7738a16e35f5d20c3ea43aa3fd40f4ead520cf06954b0b937a5c05f8c3
324,4.428,0.053308692,0xb615dffb2dced17bb3c831bda8972031694cf682,2017-11-01T21:41:28.000Z,0.012039,0xeaa9dc5a2069fbecc29c67d0b06e2e8b5a6e5e29,buy,0xd4fa1460f537bb9085d22c7bccb5dd450ef28e3a,0xc1c86b60d79e9ee544171ebeb239683c9e9ee74b5c2c1334cfdad7f5efa0c33d
325,50,0.6144,0x34ae52858652e99e0d282671d6a7caa0660d49f5,2017-11-01T21:27:21.000Z,0.012288,0xfc519de3e7d5c5019561eaeaaa9f2c2aa1af6245,buy,0xd4fa1460f537bb9085d22c7bccb5dd450ef28e3a,0x1f6a52ac73ef929530fbdf8b163ff542fe4754ef736e2f9142f8c3411d2a982e
326,2.3,0.0276897,0x7eda42318d245e5c1fcd0de46e14f6ceffc62d7d,2017-11-01T21:21:43.000Z,0.012039,0xeaa9dc5a2069fbecc29c67d0b06e2e8b5a6e5e29,buy,0xd4fa1460f537bb9085d22c7bccb5dd450ef28e3a,0x11e194e729cf3c00082cd8c4ce54e6f452c189e819bac4b293433969cbe55bb3
327,20,0.2428,0x158e25df0ee49ce2ccf15fb3f42a0ae6b689afa3,2017-11-01T21:11:43.000Z,0.01214,0xb872ffcab33148382ef347f7c3b5bb3c6f5cdd6e,sell,0xd4fa1460f537bb9085d22c7bccb5dd450ef28e3a,0xaf806b446473953d6d150751cfe2816b149cf557439c258437984a4104ac710b
328,100.016,1.1951912,0xcfd956edb3bb8bb5605ae0a30083d2217f372fcf,2017-11-01T20:59:24.000Z,0.01195,0x5dde881e0f3bc23cf094a8db75eb413690c1ca06,buy,0xd4fa1460f537bb9085d22c7bccb5dd450ef28e3a,0x0fbebca97ae22ccd3215ab7e9df382f2081c11ec79b7573460b070718f2ee1c5
329,105.59789852,1.2819584880407668,0xc5ce114707eaa15e5ade4e3da7a7f992fd8d5bbd,2017-11-01T20:43:34.000Z,0.012140000000075445,0xd848d35ea908828d1a064a7c0bb2aebb8486da57,buy,0xd4fa1460f537bb9085d22c7bccb5dd450ef28e3a,0x1546264b585b00d199e296289af42ec7a6c830ae446d1143d12492a29e49edca
330,60.674,0.73658236,0xc5ce114707eaa15e5ade4e3da7a7f992fd8d5bbd,2017-11-01T20:41:05.000Z,0.01214,0x6e6c130bdc85fdc61f40920722217c5919af5a03,buy,0xd4fa1460f537bb9085d22c7bccb5dd450ef28e3a,0x5e098ff9eb7cdb66b36f9e2e28af61d0767959a3a108de37510ecfd593dfcbd6
331,130,1.5106,0x09dcf8ea228f6d29b0ddf7ae75723ba4cbc1385d,2017-11-01T20:41:05.000Z,0.01162,0x9b1724be063cac9efdb4b3ad855650ac59b31fd9,sell,0xd4fa1460f537bb9085d22c7bccb5dd450ef28e3a,0xb486868c4aa0ed93a8ba524308103fa85b8b592926e406f623e7b39b4db2db85
332,60.674,0.73658236,0xc5ce114707eaa15e5ade4e3da7a7f992fd8d5bbd,2017-11-01T20:40:47.000Z,0.01214,0x6e6c130bdc85fdc61f40920722217c5919af5a03,buy,0xd4fa1460f537bb9085d22c7bccb5dd450ef28e3a,0x5e098ff9eb7cdb66b36f9e2e28af61d0767959a3a108de37510ecfd593dfcbd6
333,1008.013,11.6430541565,0xcd3c4c0dace35ec8af6879ce2b6486316e86bd6a,2017-11-01T20:39:59.000Z,0.0115505,0x9b1724be063cac9efdb4b3ad855650ac59b31fd9,sell,0xd4fa1460f537bb9085d22c7bccb5dd450ef28e3a,0x10237852ffb1ecdfca9b48f025d1a698a3c4198c8bf7c68890301c109f13af13
334,20,0.2428,0xb775824a6898addd0d17844a460ccef1309f5dc4,2017-11-01T20:38:59.000Z,0.01214,0x6e6c130bdc85fdc61f40920722217c5919af5a03,buy,0xd4fa1460f537bb9085d22c7bccb5dd450ef28e3a,0x3fdeaf5a4a11558ed0681fa189e8598b215c29df819cdb8c13f40fef934854b2
335,1500,17.3325,0xd848d35ea908828d1a064a7c0bb2aebb8486da57,2017-11-01T20:38:59.000Z,0.011555,0x9b1724be063cac9efdb4b3ad855650ac59b31fd9,sell,0xd4fa1460f537bb9085d22c7bccb5dd450ef28e3a,0xd04691ca9ba51ec90edca1768e5bb3feaef90e7875a1c4e91127108af74b28f5
336,2002,23.1239008,0xcd3c4c0dace35ec8af6879ce2b6486316e86bd6a,2017-11-01T20:38:30.000Z,0.0115504,0x9b1724be063cac9efdb4b3ad855650ac59b31fd9,sell,0xd4fa1460f537bb9085d22c7bccb5dd450ef28e3a,0xd91cafd81e9187fa20264393e3551f314a4c78ab59176e56cbbabed3d6fb383c
337,227.31964276,2.62565553369938,0xcd3c4c0dace35ec8af6879ce2b6486316e86bd6a,2017-11-01T20:31:59.000Z,0.0115505,0x401c0dab7b5a38abd4e276df3fe0ee97121c5d74,sell,0xd4fa1460f537bb9085d22c7bccb5dd450ef28e3a,0xeb0cb71b57008e98c8e7b32e60ec9e3bd60038d1ed9f5aa2a49cd7b14474298c
338,766.66703572,8.85538759608386,0xcd3c4c0dace35ec8af6879ce2b6486316e86bd6a,2017-11-01T20:29:42.000Z,0.0115505,0x82caddb468aa26530beb7fe0ddd555371c12e27a,sell,0xd4fa1460f537bb9085d22c7bccb5dd450ef28e3a,0xa3360f9ffde13c45a73708de77291d342c9ebde71477160df1d0b1c89d10259d
339,162,1.96749,0x084533180adde5a02703cd43a25bac0ad07b80b3,2017-11-01T20:27:53.000Z,0.012145,0x82caddb468aa26530beb7fe0ddd555371c12e27a,sell,0xd4fa1460f537bb9085d22c7bccb5dd450ef28e3a,0x22bf55744ec602eececd47b48d4cd2bfe0b8b84592c8884682d9d7a11ed86fa1
340,1930,23.4688,0xab881f352120854efc281b734e23526f1177ec46,2017-11-01T20:25:17.000Z,0.01216,0x401c0dab7b5a38abd4e276df3fe0ee97121c5d74,sell,0xd4fa1460f537bb9085d22c7bccb5dd450ef28e3a,0xcb16f08f679350c4ed88df4c7524e7ebf8486c9e62989de174c2a419d860e54c
341,100,1.2145,0x49fbceef7d8d12a5000bb1a057e542d85845e62a,2017-11-01T20:24:05.000Z,0.012145,0x09dcf8ea228f6d29b0ddf7ae75723ba4cbc1385d,buy,0xd4fa1460f537bb9085d22c7bccb5dd450ef28e3a,0x411911db9716b852a07f083432efe8418a2d364f3ce85103a11f95bd5620ab01
342,3625.447,42.7802746,0x6ca323ab76aa6d0c7406520f49795470662e9c84,2017-11-01T20:23:36.000Z,0.0118,0x401c0dab7b5a38abd4e276df3fe0ee97121c5d74,sell,0xd4fa1460f537bb9085d22c7bccb5dd450ef28e3a,0xc625cc69a4de3658cd2eb2ae61732aed92e59cfed58322a654cf9c211ec50827
343,374.55288605,4.41972405539,0x6ca323ab76aa6d0c7406520f49795470662e9c84,2017-11-01T20:15:49.000Z,0.0118,0x6fc7eb96d93234fc3b2242643eec50f33b541377,sell,0xd4fa1460f537bb9085d22c7bccb5dd450ef28e3a,0x33bea6244729db941945f9114b131bbe8459399066c586cc8cf7ff748433fcc4
344,29.27144609,0.3555017128032321,0xfd35665eac7e399a414e290f8908f54696001c35,2017-11-01T20:15:18.000Z,0.012145000001372742,0x09dcf8ea228f6d29b0ddf7ae75723ba4cbc1385d,buy,0xd4fa1460f537bb9085d22c7bccb5dd450ef28e3a,0xd11dc2116f9ba2ca23441c910dac1a9098d2990df0724ebc85c287e374aa5bc0
345,498,6.050202,0x6d8e949cc1b91a5baf82aaa7a4e284287def0271,2017-11-01T20:13:39.000Z,0.012149,0x401c0dab7b5a38abd4e276df3fe0ee97121c5d74,buy,0xd4fa1460f537bb9085d22c7bccb5dd450ef28e3a,0x8c83fa2cfd8ba1f9fdf316f1da6b2b369f2f87828bcab8d305bf169244ff8c07
346,41.058,0.4973170779,0xfd35665eac7e399a414e290f8908f54696001c35,2017-11-01T20:13:34.000Z,0.01211255,0x65f403f5ce12908bfa7d8089f54f097e8b686fae,buy,0xd4fa1460f537bb9085d22c7bccb5dd450ef28e3a,0xf97c021f918fdcc97809b69759f8ee8bec5b41d66fa3e66a5323f798ac7a6849
347,4.2,0.0504042,0x48ae7ea7038973e4dd8316cb37ffd01a8b3b9828,2017-11-01T20:01:41.000Z,0.012001,0x401c0dab7b5a38abd4e276df3fe0ee97121c5d74,sell,0xd4fa1460f537bb9085d22c7bccb5dd450ef28e3a,0x3fe99f61577d3b0156f96ff4d30f4020f55e33121a1f830bbdd7363426dd3c0c
348,510,6.0486,0x09dcf8ea228f6d29b0ddf7ae75723ba4cbc1385d,2017-11-01T20:00:55.000Z,0.01186,0x401c0dab7b5a38abd4e276df3fe0ee97121c5d74,sell,0xd4fa1460f537bb9085d22c7bccb5dd450ef28e3a,0x92932ac9425f28eaa1d03fbaac980e2ab7b577d992d1133dfe38378396387f92
349,1176.59,14.001421,0xf1e91394331bd2e1493e2e67c0082157f09756e9,2017-11-01T20:00:46.000Z,0.0119,0x401c0dab7b5a38abd4e276df3fe0ee97121c5d74,sell,0xd4fa1460f537bb9085d22c7bccb5dd450ef28e3a,0x3cc86342d36e60c0b880c681578abd8644f90af1b28e409ea6db5ee87333919b
350,605,7.20555,0x280a39ae47aef6d05be93bdc351aea22b342a434,2017-11-01T20:00:25.000Z,0.01191,0x401c0dab7b5a38abd4e276df3fe0ee97121c5d74,sell,0xd4fa1460f537bb9085d22c7bccb5dd450ef28e3a,0xc93b07f90bfb6c531aba26e61591642bd26633139b641a2e0cbf9a4d6c7a95c9
351,0.87267586,0.010581805723403195,0x1dd0f266f8668950c5ebc175ddd21430d22261ea,2017-11-01T19:57:21.000Z,0.012125700054775429,0x65f403f5ce12908bfa7d8089f54f097e8b686fae,buy,0xd4fa1460f537bb9085d22c7bccb5dd450ef28e3a,0x0ec558afbe70fe8b79ab806adfcd2e3c25696499bfe0539e704a88852086709e
352,503.77813208,6.146093211457442,0x1dd0f266f8668950c5ebc175ddd21430d22261ea,2017-11-01T19:53:21.000Z,0.012200000000161663,0x336707214137ab2035aa724e0378baf0e50af962,buy,0xd4fa1460f537bb9085d22c7bccb5dd450ef28e3a,0x5998808e4181469d793775582762d500ab504334f3a8ce89320191c979d727de
353,0.52187965,0.0260939825,0x7eda42318d245e5c1fcd0de46e14f6ceffc62d7d,2017-11-01T19:53:21.000Z,0.05,0xa3d7dedda551204ccb03bd79aa87824cc453b8de,buy,0xd4fa1460f537bb9085d22c7bccb5dd450ef28e3a,0xa76e7a55983f99aaa68bfbdb004ce717328a81667b6bcfe3caeec4e3b1b905fe
354,25,0.298,0x1dd0f266f8668950c5ebc175ddd21430d22261ea,2017-11-01T19:52:26.000Z,0.01192,0xeff5e22ab9809b8e03ea9ea725b41fece4fe55b1,buy,0xd4fa1460f537bb9085d22c7bccb5dd450ef28e3a,0x09022c65c869b1d7bbd891eee6478b9df99d88ed815c94258df0f13175a5f3d3
355,10,0.1215,0xc467f4c69e67a2d4a686953f98ed0af0a5d4c868,2017-11-01T19:52:26.000Z,0.01215,0xb1092ed8000dade0a7da4cae3889f3fbefc7b8fc,buy,0xd4fa1460f537bb9085d22c7bccb5dd450ef28e3a,0x85d071ba43316a0211e398e7d025885a5b8c6a08dea3aac4a83def66ded5a6a2
356,60.72148663,0.7377660625943876,0xf05cc6308fd72dbceb9b83268987e86435fa9c2c,2017-11-01T19:46:51.000Z,0.012150000000656894,0xb1092ed8000dade0a7da4cae3889f3fbefc7b8fc,buy,0xd4fa1460f537bb9085d22c7bccb5dd450ef28e3a,0x3ef41d667abdddb88b6df1d066dbbb0fa19d3d1e33783fb0f24109711da1dc96
357,7.91965905,0.0943231392855,0x383932e5467528999954bf192452e390e1c84795,2017-11-01T19:44:14.000Z,0.01191,0x36513e2ee2751d2b679479424f0e9eb48695bfde,sell,0xd4fa1460f537bb9085d22c7bccb5dd450ef28e3a,0x380b82478243b23e431fd3502d7f2dcfcc7cacdd821edad44d6ba12136f06407
358,41.93,0.5000148307,0x65f403f5ce12908bfa7d8089f54f097e8b686fae,2017-11-01T19:43:04.000Z,0.01192499,0x36513e2ee2751d2b679479424f0e9eb48695bfde,sell,0xd4fa1460f537bb9085d22c7bccb5dd450ef28e3a,0x846a4146bd9f6e1a7121ddd5c0a72d3130cb9a2ae8eaebe3d7ae9b87a8b4f201
359,80,0.972,0x87d3da5a29e4f9813faa09a4a720b1c1610eafd8,2017-11-01T19:32:02.000Z,0.01215,0xb1092ed8000dade0a7da4cae3889f3fbefc7b8fc,buy,0xd4fa1460f537bb9085d22c7bccb5dd450ef28e3a,0x53bc96e5fcf7ba9ee2dc1d8ca8f3ba40b16d45dd15124921f37a4993c318fabe
360,8.87420954,0.10782164592534943,0x41a5b497a44415fb71bd6ac716e4ee6f1f7c5692,2017-11-01T19:23:43.000Z,0.012150000001616982,0xb1092ed8000dade0a7da4cae3889f3fbefc7b8fc,buy,0xd4fa1460f537bb9085d22c7bccb5dd450ef28e3a,0x3833dddec9fc59a4b6bdb6a644a3b939aeccd91abcf24b3ac2daf2c5015b5248
361,72.82257037,0.8847942301066317,0xdf1f8ce6dc061c9bd9d69ec794c033202210c483,2017-11-01T19:05:24.000Z,0.012150000001526062,0xb1092ed8000dade0a7da4cae3889f3fbefc7b8fc,buy,0xd4fa1460f537bb9085d22c7bccb5dd450ef28e3a,0x7e5cf4d0b1dc73605de7437ea687bb9dc21ae415f22352cb57ae08c6732863da
362,80,0.972,0xacebd6961ad8406032359e262ab049359ccc613a,2017-11-01T18:48:19.000Z,0.01215,0xb1092ed8000dade0a7da4cae3889f3fbefc7b8fc,buy,0xd4fa1460f537bb9085d22c7bccb5dd450ef28e3a,0x879dd840f191e4872a49ca9764681f61d52c160ceb83f8993edcbf53794c239a
363,2.17151984,0.025623934143446606,0xacebd6961ad8406032359e262ab049359ccc613a,2017-11-01T18:47:12.000Z,0.011800000014481381,0x7add1decc8a22741d9b83e5e8711fafc59956c23,buy,0xd4fa1460f537bb9085d22c7bccb5dd450ef28e3a,0x56fe2e427c093ec6f99c6be897add210d41a31a951c4456dce43fee784a5c335
364,22.82848015,0.2693760658565534,0x21d542b6403c2d4406494bdac9db0cbedcbe91da,2017-11-01T18:45:04.000Z,0.011800000003791465,0x7add1decc8a22741d9b83e5e8711fafc59956c23,buy,0xd4fa1460f537bb9085d22c7bccb5dd450ef28e3a,0xab1b60e8750f8d2f02da2d7595bec99ed0ae9864fe50dccc4f387e4e33ebbe66
365,235.21481344,2.8578599833639498,0x69ee4657c1e7759e432d6a2e01eee0dd31e68e38,2017-11-01T18:37:30.000Z,0.012150000000288885,0xb1092ed8000dade0a7da4cae3889f3fbefc7b8fc,buy,0xd4fa1460f537bb9085d22c7bccb5dd450ef28e3a,0x6d94d52b9f26ef36ccebbd295fbaf10f9a19a0cb9f24728ed1589b1d89beb7ed
366,150,1.8225,0x49fbceef7d8d12a5000bb1a057e542d85845e62a,2017-11-01T18:37:30.000Z,0.01215,0xb1092ed8000dade0a7da4cae3889f3fbefc7b8fc,buy,0xd4fa1460f537bb9085d22c7bccb5dd450ef28e3a,0x6a1e65491cb19d560e0d386fe3fe69f7bdcbe53b4bf4ba7e0dcff4fe15a3da0f
367,63,0.760725,0x82caddb468aa26530beb7fe0ddd555371c12e27a,2017-11-01T18:35:32.000Z,0.012075,0x280a39ae47aef6d05be93bdc351aea22b342a434,buy,0xd4fa1460f537bb9085d22c7bccb5dd450ef28e3a,0x116070020148511e98642efac497320d22cbb6b7bb7516473100140432a5ebb1
368,50,0.605,0x69ee4657c1e7759e432d6a2e01eee0dd31e68e38,2017-11-01T18:35:32.000Z,0.0121,0xfc519de3e7d5c5019561eaeaaa9f2c2aa1af6245,buy,0xd4fa1460f537bb9085d22c7bccb5dd450ef28e3a,0x62751745d8290d28de5153944a90f7398cb6380031ec0867ec2c261d6ee6bf36
369,33,0.396,0x69ee4657c1e7759e432d6a2e01eee0dd31e68e38,2017-11-01T18:35:30.000Z,0.012,0x744fe5612adba12972893f3557eee780e29f78f0,buy,0xd4fa1460f537bb9085d22c7bccb5dd450ef28e3a,0xa51e4958dd2ace3fcdc1a39bad7205558ff0a90103a2dc76338cb0ed31ea4849
370,85,1.02663,0x82caddb468aa26530beb7fe0ddd555371c12e27a,2017-11-01T18:35:30.000Z,0.012078,0x7fcecc848ef9632ef130e3bcfb32e020a70dfff9,buy,0xd4fa1460f537bb9085d22c7bccb5dd450ef28e3a,0x3038ebec3c727a806ba07da91c4dc2fca8d42706993fdf71d3183947c289836a
371,783.47980871,9.480105685455337,0x82caddb468aa26530beb7fe0ddd555371c12e27a,2017-11-01T18:33:24.000Z,0.012100000000082116,0xb74da272acbf5e8f2f563890389675231f1994c1,buy,0xd4fa1460f537bb9085d22c7bccb5dd450ef28e3a,0xf39ac17b4c3f0fbd6769667972aaf91049accfa8d4e5fe0e0f976d162a47f5a5
372,537,6.484275,0xf3621ec9cda9b5b134897e820148c8de6f0fd369,2017-11-01T18:19:08.000Z,0.012075,0x280a39ae47aef6d05be93bdc351aea22b342a434,buy,0xd4fa1460f537bb9085d22c7bccb5dd450ef28e3a,0x29470acd934f169cb95799f8d5e47dbad21b49ed92845ec17616e7a72a339b78
373,300,3.621,0xf3621ec9cda9b5b134897e820148c8de6f0fd369,2017-11-01T18:15:02.000Z,0.01207,0x09dcf8ea228f6d29b0ddf7ae75723ba4cbc1385d,buy,0xd4fa1460f537bb9085d22c7bccb5dd450ef28e3a,0x16ad66478fd005da15e8392f6ae55ed6a19f3f230239512797abf526a927611c
374,120,1.4484,0x4a0c61c5e6ca70b65024f4e811f2f26fbfea8273,2017-11-01T18:12:23.000Z,0.01207,0x09dcf8ea228f6d29b0ddf7ae75723ba4cbc1385d,buy,0xd4fa1460f537bb9085d22c7bccb5dd450ef28e3a,0x22bb203935e9e9c55c8ab8b4b5f8df5cca5cdd9e1917c9268941599ee94e6182
375,80,0.9656,0xc3d76023f5429f7e05020713b7782080aa3b5d1e,2017-11-01T18:03:10.000Z,0.01207,0x09dcf8ea228f6d29b0ddf7ae75723ba4cbc1385d,buy,0xd4fa1460f537bb9085d22c7bccb5dd450ef28e3a,0x6dd6fe013c86b45ef251fbd6dae59d6b62f2d4f0ff46089f55ee2f812a13d899
376,177,2.1363723,0xc3d76023f5429f7e05020713b7782080aa3b5d1e,2017-11-01T18:02:10.000Z,0.0120699,0xf7d8adabed2ef659f317ccd8ef27d210e50026de,buy,0xd4fa1460f537bb9085d22c7bccb5dd450ef28e3a,0xddce6ffc7c7dd0a8e324c2d86e2bd9599cb728103214c6630a1f995c7b4218d9
377,35,0.42,0xc3d76023f5429f7e05020713b7782080aa3b5d1e,2017-11-01T18:01:59.000Z,0.012,0x744fe5612adba12972893f3557eee780e29f78f0,buy,0xd4fa1460f537bb9085d22c7bccb5dd450ef28e3a,0xf5acc9e0096cf86c0ebb77271ea21e8992c19f8c998f1070a7f42695f70c7f25
378,0.0119,41.65,0x6ca323ab76aa6d0c7406520f49795470662e9c84,2017-11-01T17:57:39.000Z,3500,0x350f6f675b20d606bb7f6c412ef4775c9bc57168,sell,0xd4fa1460f537bb9085d22c7bccb5dd450ef28e3a,0x08fbb22ab8aa4528ac2a8651bb6935ea7de2eaba609c7acf5b695016ce7f43bd
379,0.00008734,0.00000100888189534,0x69ee4657c1e7759e432d6a2e01eee0dd31e68e38,2017-11-01T17:56:22.000Z,0.011551201,0xcd3c4c0dace35ec8af6879ce2b6486316e86bd6a,sell,0xd4fa1460f537bb9085d22c7bccb5dd450ef28e3a,0xa00da23b98410b78c7f3648c45f4a58114e012a8b282c181d00ee40161d19672
380,0.87612471,0.0101455241418,0x87d3da5a29e4f9813faa09a4a720b1c1610eafd8,2017-11-01T17:54:19.000Z,0.01158,0xcd3c4c0dace35ec8af6879ce2b6486316e86bd6a,sell,0xd4fa1460f537bb9085d22c7bccb5dd450ef28e3a,0x2a604f95645bcfe56366028a57dde68f8849f68d377f2f1566e1bdb84a7bd61c
381,60,0.6936,0x87d3da5a29e4f9813faa09a4a720b1c1610eafd8,2017-11-01T17:53:48.000Z,0.01156,0xcd3c4c0dace35ec8af6879ce2b6486316e86bd6a,sell,0xd4fa1460f537bb9085d22c7bccb5dd450ef28e3a,0x462de878a5ab445d7947291c82cc1d68ada49b31b988a4307701b1a77e222127
382,33,0.38181,0x744fe5612adba12972893f3557eee780e29f78f0,2017-11-01T17:53:48.000Z,0.01157,0xcd3c4c0dace35ec8af6879ce2b6486316e86bd6a,sell,0xd4fa1460f537bb9085d22c7bccb5dd450ef28e3a,0xfaad951e53b936b15ba69cf319e2490586b9b119a14522317fdf614b3798da8c
383,24.92522428,0.2879162756283603,0x69ee4657c1e7759e432d6a2e01eee0dd31e68e38,2017-11-01T17:49:49.000Z,0.011551201,0xa2b16e3b6b64771396c925e61fefd851e757e38e,sell,0xd4fa1460f537bb9085d22c7bccb5dd450ef28e3a,0xd07e7b81fba9bebac332e9a085031daa99088cc84e19e0d5e72adbc13162661f
384,94.15784069,1.087636049378328,0xcd3c4c0dace35ec8af6879ce2b6486316e86bd6a,2017-11-01T17:44:14.000Z,0.0115512,0x7da31f69c38d6ee2f15ea22e129a64202fc20d5f,sell,0xd4fa1460f537bb9085d22c7bccb5dd450ef28e3a,0x4772c694359f511232597921fcac01170d00bae6ad762cfcaef3c0338f8ad885
385,35,0.40495,0x744fe5612adba12972893f3557eee780e29f78f0,2017-11-01T17:41:12.000Z,0.01157,0x7da31f69c38d6ee2f15ea22e129a64202fc20d5f,sell,0xd4fa1460f537bb9085d22c7bccb5dd450ef28e3a,0xdf3d5abf3934511c05fbdc104d14560bda2ca8fcaa0e9fee1acae7bb9cf2fd93
386,65.09,0.7582985,0x09dcf8ea228f6d29b0ddf7ae75723ba4cbc1385d,2017-11-01T17:40:22.000Z,0.01165,0x7da31f69c38d6ee2f15ea22e129a64202fc20d5f,sell,0xd4fa1460f537bb9085d22c7bccb5dd450ef28e3a,0xf67aa9688bf0c9061d07b1d45d5d1b98b779f9673a5954a8db2e9a4c66188c64
387,206,2.4863994,0x82151cb12395ce7f085670b8003aa5d8a8e84d86,2017-11-01T17:33:54.000Z,0.0120699,0xf7d8adabed2ef659f317ccd8ef27d210e50026de,buy,0xd4fa1460f537bb9085d22c7bccb5dd450ef28e3a,0xef313fdc42b35913ac0d9b2d25103efce352a0beb29e5d470b308992531f0d12
