,amount,amountBase,buyer,date,price,seller,side,tokenAddr,txHash
0,10000,0.5,0xc05eb25915a202c6ac9f3d9c11ab4044b6c25326,2017-11-02T04:53:43.000Z,0.00005,0xd64f9a51bae07df65a546408507e5163c7a1648e,buy,0x56e7f2cd7d5382506aab084a67d70e603cdb23f7,0x9dbe2edfd7b0a36b665b8eb15bb4b338b54b1e45e640b34c9e3b2d57977c1287
1,121.41361015,0.005949266897427879,0xee5a2149a3048957ba56421745462591c44d0ce7,2017-11-01T18:40:45.000Z,0.00004900000000064143,0x86d4b794a7ffa3a3ea81421107cf26b7ad1b3d44,buy,0x56e7f2cd7d5382506aab084a67d70e603cdb23f7,0x121ba23ae4b9f08486fd2127272dabdd1baf2f9780ca9539bc099e3c8dcdea09
2,2272.05066713,0.002499255733843,0x86d4b794a7ffa3a3ea81421107cf26b7ad1b3d44,2017-10-30T16:55:46.000Z,0.0000011,0xdd55aed1e7c65ea79b650269ce4d3a0ef5449b8e,sell,0x56e7f2cd7d5382506aab084a67d70e603cdb23f7,0x97fdc5ba52b8f947988a3b04678ea567cb09dfe7e603925e108445f17b79d87f
3,100,0.0010001,0xf36990a2cb4d609e0a7d4f3bf884c0342d81fd3d,2017-10-30T13:55:28.000Z,0.000010001,0xdd55aed1e7c65ea79b650269ce4d3a0ef5449b8e,sell,0x56e7f2cd7d5382506aab084a67d70e603cdb23f7,0x6430bd81beb070cad1e4e1a3450acacec24352a1926f806d37821c9411eac2f1
4,20000,0.5,0xd64f9a51bae07df65a546408507e5163c7a1648e,2017-10-30T13:55:28.000Z,0.000025,0xdd55aed1e7c65ea79b650269ce4d3a0ef5449b8e,sell,0x56e7f2cd7d5382506aab084a67d70e603cdb23f7,0xfa1a2e0d35dbc105c81ca71ddd7778c42341c60e1b9bba69f7ec7c802cefd4ae
5,100,0.0010001,0xf36990a2cb4d609e0a7d4f3bf884c0342d81fd3d,2017-10-30T13:55:24.000Z,0.000010001,0xdd55aed1e7c65ea79b650269ce4d3a0ef5449b8e,sell,0x56e7f2cd7d5382506aab084a67d70e603cdb23f7,0x6430bd81beb070cad1e4e1a3450acacec24352a1926f806d37821c9411eac2f1
6,20000,0.5,0xd64f9a51bae07df65a546408507e5163c7a1648e,2017-10-30T13:55:24.000Z,0.000025,0xdd55aed1e7c65ea79b650269ce4d3a0ef5449b8e,sell,0x56e7f2cd7d5382506aab084a67d70e603cdb23f7,0xfa1a2e0d35dbc105c81ca71ddd7778c42341c60e1b9bba69f7ec7c802cefd4ae
7,329.341,0.0166666635801,0x5d5065b42bdee0274e394ba9042c21e1818c69cf,2017-10-30T13:55:00.000Z,0.0000506061,0xdd55aed1e7c65ea79b650269ce4d3a0ef5449b8e,sell,0x56e7f2cd7d5382506aab084a67d70e603cdb23f7,0xc7ddeac46b6a83c7687f3280b5018c07764e741ce2c4bd9ae698765135223646
8,46.13853719,0.00179940295041,0x1567591981207815cbeefe0381f491000f5d302a,2017-10-30T13:55:00.000Z,0.000039,0xdd55aed1e7c65ea79b650269ce4d3a0ef5449b8e,sell,0x56e7f2cd7d5382506aab084a67d70e603cdb23f7,0xf8cd6df46a29043a796fca43816b961735a66f12fa3c191057b5a6333c030a87
9,300,0.0159001332,0x429c7cf947d18c6e14660975ba5272621a618b36,2017-10-26T20:51:35.000Z,0.000053000444,0xee5a2149a3048957ba56421745462591c44d0ce7,sell,0x56e7f2cd7d5382506aab084a67d70e603cdb23f7,0x4d9e3188841411f284ba7a0b1427bbe8d37c53ebaef63d18f171bbd03f253005
10,100,0.019993,0xdd55aed1e7c65ea79b650269ce4d3a0ef5449b8e,2017-10-25T21:16:05.000Z,0.00019993,0xdd55aed1e7c65ea79b650269ce4d3a0ef5449b8e,buy,0x56e7f2cd7d5382506aab084a67d70e603cdb23f7,0xfb52a0df54e6fc7665c0a45e8e0d406158f3ca8bf4b30368be4c36624f25943e
11,500,0.0265,0x34b62809df67ca50355e34c62035f0f349e001c7,2017-10-25T20:44:00.000Z,0.000053,0xd33f4769624809d1ed26c2b39e95eba03af39880,sell,0x56e7f2cd7d5382506aab084a67d70e603cdb23f7,0xe0dc5b2b7bc727837dbf440ddcb832bf82e6c7b81aba5e601e22ca7cf544757d
12,250,0.02,0xdd55aed1e7c65ea79b650269ce4d3a0ef5449b8e,2017-10-25T20:43:14.000Z,0.00008,0xd33f4769624809d1ed26c2b39e95eba03af39880,sell,0x56e7f2cd7d5382506aab084a67d70e603cdb23f7,0xf0f1f14cbe5f07ada05cf1f23e994f5f9de5e001bcbaf1216393c28f2c086c88
13,5500,0.302533,0x88b1c26ad7f363a1f1c296370c5d87bd7c8b116b,2017-10-25T20:43:14.000Z,0.000055006,0xd33f4769624809d1ed26c2b39e95eba03af39880,sell,0x56e7f2cd7d5382506aab084a67d70e603cdb23f7,0xb536fbb8e3875c72f6efd3b548f318b846edec127101ff320eb207f02663b080
14,1700,0.11951,0xdd55aed1e7c65ea79b650269ce4d3a0ef5449b8e,2017-10-25T20:43:14.000Z,0.0000703,0xd33f4769624809d1ed26c2b39e95eba03af39880,sell,0x56e7f2cd7d5382506aab084a67d70e603cdb23f7,0xa2021e98e8b2e33e8fd2c072b1e75ad4f9ac66a1c21644a453c1083cb1807a87
15,1700,0.119,0xdd55aed1e7c65ea79b650269ce4d3a0ef5449b8e,2017-10-25T20:43:14.000Z,0.00007,0xd33f4769624809d1ed26c2b39e95eba03af39880,sell,0x56e7f2cd7d5382506aab084a67d70e603cdb23f7,0x2df3aa74981dd28249d6f9e3763d471030d9a020da57d6ab8f8fea8fbf0ee736
16,700,0.0497,0xdd55aed1e7c65ea79b650269ce4d3a0ef5449b8e,2017-10-25T20:43:14.000Z,0.000071,0xd33f4769624809d1ed26c2b39e95eba03af39880,sell,0x56e7f2cd7d5382506aab084a67d70e603cdb23f7,0xcf55a376b81e413ba129fb9b5da1f0b0b4b3902ea68239a5593207e8f5749954
17,7000,0.49063,0xdd55aed1e7c65ea79b650269ce4d3a0ef5449b8e,2017-10-25T20:40:55.000Z,0.00007009,0xd33f4769624809d1ed26c2b39e95eba03af39880,sell,0x56e7f2cd7d5382506aab084a67d70e603cdb23f7,0x215069a49a015a49775b734c68d5b3f02d2ce4c11918ee96a926fa3557beb4b5
18,2200,0.154,0xdd55aed1e7c65ea79b650269ce4d3a0ef5449b8e,2017-10-25T15:11:00.000Z,0.00007,0xd33f4769624809d1ed26c2b39e95eba03af39880,sell,0x56e7f2cd7d5382506aab084a67d70e603cdb23f7,0x65f114d01929869742577704d0abd5a9a9f705adec571a7e55f65a9e97421f02
19,7822,0.563528168,0xdd55aed1e7c65ea79b650269ce4d3a0ef5449b8e,2017-10-25T15:11:00.000Z,0.000072044,0xd33f4769624809d1ed26c2b39e95eba03af39880,sell,0x56e7f2cd7d5382506aab084a67d70e603cdb23f7,0xf178af4b8252263f791928461730acc10e87b9b2dda36572f0cd863f1e8f2883
20,1500,0.1083,0x0a72ebae0321b78bf42b5846c57f90d714a5cb31,2017-10-25T15:08:18.000Z,0.0000722,0xd33f4769624809d1ed26c2b39e95eba03af39880,sell,0x56e7f2cd7d5382506aab084a67d70e603cdb23f7,0xd6a991293d9900062d6bf01ee311c3cab29d0e7a761094e5a8b313d483a07520
21,1444,0.12274,0xdd55aed1e7c65ea79b650269ce4d3a0ef5449b8e,2017-10-25T15:04:35.000Z,0.000085,0xd33f4769624809d1ed26c2b39e95eba03af39880,sell,0x56e7f2cd7d5382506aab084a67d70e603cdb23f7,0xf53162821e23fbc39632943c0cd7c692e5aaf5bd44f5b1d7a8d7aaa4ea997424
22,1,0.0003999,0x0249924245a19aa2d7f5ddb0739a7132b7d094ab,2017-10-24T23:53:53.000Z,0.0003999,0xd33f4769624809d1ed26c2b39e95eba03af39880,buy,0x56e7f2cd7d5382506aab084a67d70e603cdb23f7,0x27f01c389616ae6ae6847a58cefa875db7f57e5be7fa34e5d15af793047d59a1
23,1,0.00049999,0x10e6cfe238d93bff5d75f2dce5b5feb20b924e91,2017-10-24T16:47:27.000Z,0.00049999,0xee5a2149a3048957ba56421745462591c44d0ce7,buy,0x56e7f2cd7d5382506aab084a67d70e603cdb23f7,0xe23b3a96f1327035600fa306ef39f8973c2bdb66a8ee6ffec72595dfcdd42602
24,4685.47502741,0.23895922639791,0xee5a2149a3048957ba56421745462591c44d0ce7,2017-10-24T15:42:55.000Z,0.000051,0xf87356c9f296fa42f5611d0ad2cee6596cfb0e3b,sell,0x56e7f2cd7d5382506aab084a67d70e603cdb23f7,0x58fbb03d3b085b2d285e690afe85e5b096a7c979c4653a62dd24c80ba699105e
25,300,0.09,0x273a5d3e6721b9f5c1a6474f560c1334c63dda01,2017-10-24T11:23:35.000Z,0.0003,0xf87356c9f296fa42f5611d0ad2cee6596cfb0e3b,buy,0x56e7f2cd7d5382506aab084a67d70e603cdb23f7,0xd665aeca9bfd566d9060ac4e07e1218248682a8127d6f4cdd9581fdb6447896d
26,299.1,0.092721,0xa87f25a03accba271691c43e46b19a3c8a499d9b,2017-10-24T11:23:35.000Z,0.00031,0x273a5d3e6721b9f5c1a6474f560c1334c63dda01,sell,0x56e7f2cd7d5382506aab084a67d70e603cdb23f7,0xd665aeca9bfd566d9060ac4e07e1218248682a8127d6f4cdd9581fdb6447896d
27,1,0.00089012,0x3ac636ac5c3a2576156ac5f10066ca68abe0ad54,2017-10-24T11:19:42.000Z,0.00089012,0x116742c872f990da1b9be41ad0cf155863bf01df,buy,0x56e7f2cd7d5382506aab084a67d70e603cdb23f7,0x9e18185af7f8b1716615c6a7faf4516d8adfd5051c5ab2dc430c4461b2c3bb4f
28,1,0.0005,0xe1fa699860444be91d366c21de8fef56e3dec77a,2017-10-24T10:12:38.000Z,0.0005,0xaac992940c64919d78bddbc3a7d1eeb00a5aeaea,buy,0x56e7f2cd7d5382506aab084a67d70e603cdb23f7,0xe1111470013b1df685104d87ec57a66f792427141b0a262fb54adf55d02cc9f5
29,2590,2.3054108,0x116742c872f990da1b9be41ad0cf155863bf01df,2017-10-24T05:04:41.000Z,0.00089012,0x116742c872f990da1b9be41ad0cf155863bf01df,buy,0x56e7f2cd7d5382506aab084a67d70e603cdb23f7,0xa0bf86170e36d34ecbe2608424f8536510b999602febcea51bffe2960a1a366d
30,2450,2.1805,0x116742c872f990da1b9be41ad0cf155863bf01df,2017-10-24T03:18:53.000Z,0.00089,0x116742c872f990da1b9be41ad0cf155863bf01df,buy,0x56e7f2cd7d5382506aab084a67d70e603cdb23f7,0xb7532b657cb88d7da48dbf6ac6acb9a1e062ab051b8bd02e8b138d5ef6649722
31,1350,1.2015,0x116742c872f990da1b9be41ad0cf155863bf01df,2017-10-24T03:17:40.000Z,0.00089,0x116742c872f990da1b9be41ad0cf155863bf01df,buy,0x56e7f2cd7d5382506aab084a67d70e603cdb23f7,0xf876ab7ffdde24e710ae00a6a99eb667c632fc53db8ba28992a8a8274493ec5f
32,1200,1.068,0x116742c872f990da1b9be41ad0cf155863bf01df,2017-10-24T03:17:40.000Z,0.00089,0x116742c872f990da1b9be41ad0cf155863bf01df,buy,0x56e7f2cd7d5382506aab084a67d70e603cdb23f7,0x13dd82bfa5ced9bb6f0ad3159f19d86669fbc8a1570c072fde9bba9b053d7188
33,3000,0.419997,0x116742c872f990da1b9be41ad0cf155863bf01df,2017-10-23T15:54:40.000Z,0.000139999,0xaac992940c64919d78bddbc3a7d1eeb00a5aeaea,sell,0x56e7f2cd7d5382506aab084a67d70e603cdb23f7,0x86a199ac512086325d7c18c59120bfdf34290507195d54253dc19b9bd9d50dbc
34,1000,0.15,0x4d140c10845cb9a7dc740e966d54ce54436f8584,2017-10-23T15:54:28.000Z,0.00015,0xaac992940c64919d78bddbc3a7d1eeb00a5aeaea,sell,0x56e7f2cd7d5382506aab084a67d70e603cdb23f7,0xa422f9c1db420e131e4a558a4c06bfbd48a10195999895d455adb3310df9bdf8
35,3000,0.62997,0x116742c872f990da1b9be41ad0cf155863bf01df,2017-10-23T08:52:15.000Z,0.00020999,0x2b6001980e368c2ed6d7c4d105489565a00bb263,sell,0x56e7f2cd7d5382506aab084a67d70e603cdb23f7,0x4d4a27dfb20b316ac59745ba7edc69f913657b5798adef5cab23c634dd10b64a
36,996.9095803,0.300059814574497,0x116742c872f990da1b9be41ad0cf155863bf01df,2017-10-23T08:37:47.000Z,0.00030099,0xbd47724bfc842c313543a3d2f26aa08b7e08598d,sell,0x56e7f2cd7d5382506aab084a67d70e603cdb23f7,0x74705474c3871d058fedc426f3cf2a5e183601ca89f858e919f0bf21440631d9
