,amount,amountBase,buyer,date,price,seller,side,tokenAddr,txHash
0,120,0.25486212,0x23c7bbc74261548e7db86c90019a88215976ca65,2017-11-02T11:07:00.000Z,0.002123851,0xc4ce7d6b8b01d1ce6aec1e5295aa5c91d8f420fb,sell,0x5af2be193a6abca9c8817001f45744777db30756,0x6ea1f725aad55e49e9610371c596dd1d50f9b57de65d64a9b085a00610ece12e
1,100.231,0.22739006046,0xa932045dd38f003364a8ad3e6f1f0c3d4dcbad01,2017-11-02T11:07:00.000Z,0.00226866,0xc4ce7d6b8b01d1ce6aec1e5295aa5c91d8f420fb,sell,0x5af2be193a6abca9c8817001f45744777db30756,0xa50026802b3f49a25899f5ae04827f0b24fe5be7b745a7b065ab9ca3c52a05b7
2,0.11283336,0.00023700647268,0x009a12d4290630bc01fd82516ac57c1dc6a9bcfb,2017-11-02T10:14:49.000Z,0.0021005,0x771d43b5f8d26b512ab2c6fc7e6430eddad0d98d,sell,0x5af2be193a6abca9c8817001f45744777db30756,0xeb91bde68789abd7d17e2a9560327f36c81268c46b26b2d7e9ac0661fa148043
3,1131.83142071,2.377411899201355,0x009a12d4290630bc01fd82516ac57c1dc6a9bcfb,2017-11-02T10:12:35.000Z,0.0021005,0x771d43b5f8d26b512ab2c6fc7e6430eddad0d98d,sell,0x5af2be193a6abca9c8817001f45744777db30756,0xb56c48daba818a234ae52410eb7358d3fd510795a40863b91b26472a3d21a809
4,71.941,0.16680671906,0xa932045dd38f003364a8ad3e6f1f0c3d4dcbad01,2017-11-02T10:10:08.000Z,0.00231866,0x771d43b5f8d26b512ab2c6fc7e6430eddad0d98d,sell,0x5af2be193a6abca9c8817001f45744777db30756,0x9d6a45c438b9c9ce248af01b984926fc37b6b0e548dca8b68a552fc6c7bceadf
5,353.854,0.743447254,0xc1aac4101f510c66e44f0f0aee922051efc3ae53,2017-11-02T10:08:20.000Z,0.002101,0x771d43b5f8d26b512ab2c6fc7e6430eddad0d98d,sell,0x5af2be193a6abca9c8817001f45744777db30756,0x1a2cb2ce786d09d3599e2013e6c0ea1f938b687e9ffb01b67593a2e7d4704489
6,320.598,0.676141182,0x42f69c6ad371b450e18e52fb8e7046533742b91a,2017-11-02T10:07:42.000Z,0.002109,0x771d43b5f8d26b512ab2c6fc7e6430eddad0d98d,sell,0x5af2be193a6abca9c8817001f45744777db30756,0xc5a4f20e557919d8234b30c247cf2f03de781fda06871e31551df001c7066e6d
7,0.059,0.00013680094,0xa932045dd38f003364a8ad3e6f1f0c3d4dcbad01,2017-11-02T10:07:42.000Z,0.00231866,0x6d91f54040d517e2da18aff74f1a6ecd087b839d,sell,0x5af2be193a6abca9c8817001f45744777db30756,0xd5cd7deaa750049b1de5d4a96a8920f7187bb9ccc6c828f56c678ddf4255fe69
8,75,0.165000075,0x50caf279447e23e6b10762bbc89cc3af2c6ce44c,2017-11-02T10:06:34.000Z,0.002200001,0x771d43b5f8d26b512ab2c6fc7e6430eddad0d98d,sell,0x5af2be193a6abca9c8817001f45744777db30756,0xbd4b2e1b2ecec47ea09a4c49d1d5ad52923c52750e8d006432c89b93dcbdf91c
9,598.14574818,1.25670421692618,0xc1aac4101f510c66e44f0f0aee922051efc3ae53,2017-11-02T10:06:08.000Z,0.002101,0x6d91f54040d517e2da18aff74f1a6ecd087b839d,sell,0x5af2be193a6abca9c8817001f45744777db30756,0x36f33411aec563d157c9e76f2c7a86d0a8350e7a947e76d07590c9ca6507fb57
10,40,0.0872,0xdbbae39c54992479faac890e81eb4d8579b951d6,2017-11-02T10:05:16.000Z,0.00218,0x771d43b5f8d26b512ab2c6fc7e6430eddad0d98d,sell,0x5af2be193a6abca9c8817001f45744777db30756,0xf2b48f29ca2d0edda44b1fde02205cdc11fa6334a15fbbac049aa76c616b5659
11,500,1.0792515,0x80a7b8a9d2c13519064c4be4cc2661386ac7ebf1,2017-11-02T10:04:30.000Z,0.002158503,0x771d43b5f8d26b512ab2c6fc7e6430eddad0d98d,sell,0x5af2be193a6abca9c8817001f45744777db30756,0xd02e2aeabcf637dc6c11b8ef61c73fdf69b7cf5f2883fc600130dbe4542c025b
12,500,1.0827505,0xb69db6b9ea97e2d4960f5659fe871d5d0cdcfdf4,2017-11-02T10:03:27.000Z,0.002165501,0x771d43b5f8d26b512ab2c6fc7e6430eddad0d98d,sell,0x5af2be193a6abca9c8817001f45744777db30756,0x569ceea997533663947466d9ef5304491fcf33f85629c54906116338dc41fd29
13,106.42499621,0.234134991662,0xf28ed72c7340438dc609c9b1d609966f9b9b20e8,2017-11-02T10:02:03.000Z,0.0022,0x771d43b5f8d26b512ab2c6fc7e6430eddad0d98d,sell,0x5af2be193a6abca9c8817001f45744777db30756,0xe347c5612a15901d26bae091d1c2f8c828d9a00dfca40ecfa88029a4d59711d7
14,90,0.19800009,0x70c630ee53494a7c56a9e57c8b67bfaa76da4cfd,2017-11-02T10:01:10.000Z,0.002200001,0x771d43b5f8d26b512ab2c6fc7e6430eddad0d98d,sell,0x5af2be193a6abca9c8817001f45744777db30756,0xc887dd117954812d828e69307d00e58f4428be09772d7f66ff7d45fa5960326e
15,0.66689385,0.001477876785231,0x23c7bbc74261548e7db86c90019a88215976ca65,2017-11-02T10:00:20.000Z,0.00221606,0x771d43b5f8d26b512ab2c6fc7e6430eddad0d98d,sell,0x5af2be193a6abca9c8817001f45744777db30756,0x855d714eca633e3d505d7ba70a9bd4232bae023211c8d8ef76bdbc0a6991a4ff
16,0.20833333,0.0005,0x3075f7f189912f4f425dd7021b9c396434197477,2017-11-02T08:02:07.000Z,0.0024000000384000004,0x0d1faf9cbea4b2422c0c7ae8668b519df359ed63,buy,0x5af2be193a6abca9c8817001f45744777db30756,0x56fef8ef8b8d993519f5e3e78afdd07714777cf441977341e6fdbe99fd7d12cf
17,0.20833333,0.0005,0x4fda9e6bcd83af6c5cc771b5d20accc2b7720074,2017-11-02T07:58:25.000Z,0.0024000000384000004,0x0d1faf9cbea4b2422c0c7ae8668b519df359ed63,buy,0x5af2be193a6abca9c8817001f45744777db30756,0xb56cb6fa0509fc943c49dd042bff1a2ce96642f407a330d16d7e137a22b4ea6d
18,150,0.3735,0x42f69c6ad371b450e18e52fb8e7046533742b91a,2017-11-02T05:21:18.000Z,0.00249,0x49dc235474e153367b593cab41b56dff301fbea0,buy,0x5af2be193a6abca9c8817001f45744777db30756,0xe39878cb2396e329653ac9400e69cbc8e046a12dddf033e56e5d94e4cbff5ef8
19,400,0.992,0x42f69c6ad371b450e18e52fb8e7046533742b91a,2017-11-02T05:19:05.000Z,0.00248,0x87070f1ddef4a3a60cd75af5ef801dc3d5879ce5,buy,0x5af2be193a6abca9c8817001f45744777db30756,0xa0239551d1e1fea384df317d71c6ac933415e26e89eb990713c74d3b024f829e
20,9,0.01953,0x46ee1a36b2195e22464964fc1bfa4407106b487c,2017-11-02T01:22:12.000Z,0.00217,0x261090babcece97b97bc62a18a01bd02771386bf,sell,0x5af2be193a6abca9c8817001f45744777db30756,0xf488bf2c6e3475e839654c041b7ee29220a478cffbc7322258cb4dc21835264b
21,50,0.051,0x291110e10e002a02e11d3d2dee41bb320a6cdc2b,2017-11-02T01:21:53.000Z,0.00102,0x261090babcece97b97bc62a18a01bd02771386bf,sell,0x5af2be193a6abca9c8817001f45744777db30756,0x4adf24786c589e3ca3514f61b52dd01b3f8f63063af8ea8b5707f2fe4fe92229
22,23,0.05934,0xfff899ad2829495f6d2a0a2a401c357ca5cb37ca,2017-11-02T01:21:46.000Z,0.00258,0x9bea93d689584611060da426c35cfc1690b0251a,buy,0x5af2be193a6abca9c8817001f45744777db30756,0xa0bbc51b1014a87c0e2fdd7991903b2ab3665205461a7f26b17b71e045765096
23,635.76995774,1.4155863148080816,0xf92ade24ec1249c86522139c22379719b91a7af3,2017-11-02T01:19:32.000Z,0.002226570000004608,0x261090babcece97b97bc62a18a01bd02771386bf,sell,0x5af2be193a6abca9c8817001f45744777db30756,0x113a001da67fc12709ebfb2fb73788ccc6850f2f923c853a7890004a3a77202e
24,800,1.776,0xfbf7dc0756a9768d0c71aea5f8421f3b1eaee7d1,2017-11-02T01:15:57.000Z,0.00222,0x261090babcece97b97bc62a18a01bd02771386bf,sell,0x5af2be193a6abca9c8817001f45744777db30756,0x7b044c883bdd6e771085b3ed0b3f0801cbd4e6bea3f1edb47e71edc4fe145b53
25,1343.209,3.465477876791,0x0a7a79954c9cccb1c38d115d23a32331bf61f60d,2017-11-02T01:01:36.000Z,0.002579999,0x23c7bbc74261548e7db86c90019a88215976ca65,buy,0x5af2be193a6abca9c8817001f45744777db30756,0xd13f99a86080bc02764716057e5b0b91aaab5efcc15abe681c3df6d8dc612a32
26,274.76556307,0.714390463982,0x87070f1ddef4a3a60cd75af5ef801dc3d5879ce5,2017-11-02T00:47:13.000Z,0.0026,0xf44072eda87ede9613b6ae1b812de8a60ade27a2,sell,0x5af2be193a6abca9c8817001f45744777db30756,0xf2fd9043efaf887ad5b9908b23784b3d7e004fa88da2e9ef1b2c01a69e29e2ff
27,275.5923401,0.7110279618656599,0xf44072eda87ede9613b6ae1b812de8a60ade27a2,2017-11-02T00:47:13.000Z,0.002579999,0x23c7bbc74261548e7db86c90019a88215976ca65,buy,0x5af2be193a6abca9c8817001f45744777db30756,0xf2fd9043efaf887ad5b9908b23784b3d7e004fa88da2e9ef1b2c01a69e29e2ff
28,360.68424266,0.937779030916,0x87070f1ddef4a3a60cd75af5ef801dc3d5879ce5,2017-11-02T00:29:25.000Z,0.0026,0xf44072eda87ede9613b6ae1b812de8a60ade27a2,sell,0x5af2be193a6abca9c8817001f45744777db30756,0xf55c8bb903fb9b8378864180618c6fd8260d637deb80589950c217c4a770f7db
29,361.76955132,0.9298233567286259,0xf44072eda87ede9613b6ae1b812de8a60ade27a2,2017-11-02T00:29:25.000Z,0.002570209,0x23c7bbc74261548e7db86c90019a88215976ca65,buy,0x5af2be193a6abca9c8817001f45744777db30756,0xf55c8bb903fb9b8378864180618c6fd8260d637deb80589950c217c4a770f7db
30,1.082,0.00235012564,0x46ee1a36b2195e22464964fc1bfa4407106b487c,2017-11-02T00:20:41.000Z,0.00217202,0xeb1766ec75b40cf9ce25dc3de02ea591d0c07ab7,buy,0x5af2be193a6abca9c8817001f45744777db30756,0xde07e33f62354f211eee9642738b7a23bf72c763a475b7e45138f6c58ed7c1ad
31,215.36775,0.467783060355,0xf92ade24ec1249c86522139c22379719b91a7af3,2017-11-01T22:50:53.000Z,0.00217202,0xeb1766ec75b40cf9ce25dc3de02ea591d0c07ab7,buy,0x5af2be193a6abca9c8817001f45744777db30756,0x21ae91814c2ff2f9588672e542d0a0046096ad51d559de064852f1eb8d3ebd91
32,397.21649416,0.879977532509887,0xf92ade24ec1249c86522139c22379719b91a7af3,2017-11-01T22:11:26.000Z,0.0022153600000191067,0x0248cf74ed50adcf0c050a7ca4136dcb90520f84,sell,0x5af2be193a6abca9c8817001f45744777db30756,0xd73237601782a603be3ac6ba6a78004a7f9adb531b24f1228f75d12679415bbf
33,200,0.4577798,0xb8aa1af0c69b71e280599fb5d91e0142cd86eddb,2017-11-01T22:10:34.000Z,0.002288899,0x0248cf74ed50adcf0c050a7ca4136dcb90520f84,sell,0x5af2be193a6abca9c8817001f45744777db30756,0x7353490ece95fdbac5e5315f01a7a77265555b7f06d808aad0ba97a88eb9be3a
34,500,1.24915,0x80a7b8a9d2c13519064c4be4cc2661386ac7ebf1,2017-11-01T21:13:18.000Z,0.0024983,0xb4cb3491cfa6efa84bdaed36af02489737bbb4c9,sell,0x5af2be193a6abca9c8817001f45744777db30756,0xdd1c1a5f48c30438da3024db299bae2c57739a90c93d1dfafdcd7330be25cc82
35,60.95499999,0.1281200954,0xf44072eda87ede9613b6ae1b812de8a60ade27a2,2017-11-01T20:21:00.000Z,0.0021018800003448244,0xee88b84a838e94bf43d659b544fe847a0228cce7,buy,0x5af2be193a6abca9c8817001f45744777db30756,0xfe325b4ad9f6a361d28db499824ed7853720f4c9cbcdc5b4aff1280ee3e70c65
36,60.772135,0.131802606388,0xb4cb3491cfa6efa84bdaed36af02489737bbb4c9,2017-11-01T20:21:00.000Z,0.0021688,0xf44072eda87ede9613b6ae1b812de8a60ade27a2,sell,0x5af2be193a6abca9c8817001f45744777db30756,0xfe325b4ad9f6a361d28db499824ed7853720f4c9cbcdc5b4aff1280ee3e70c65
37,139.99999999,0.3480204000010007,0x4d8063b39be029c9cd2f9d1e2e19d04ca2ce4a27,2017-11-01T20:12:59.000Z,0.0024858600001847093,0xf92ade24ec1249c86522139c22379719b91a7af3,buy,0x5af2be193a6abca9c8817001f45744777db30756,0x3cfdf0649c6cd3bf22dcc181883b21f5ee4dccf3cb7de9068fd2c8bc4751a63c
38,597,1.49249403,0x40173225bc3156ba5691585695979868d6ef459a,2017-11-01T18:51:50.000Z,0.00249999,0xf92ade24ec1249c86522139c22379719b91a7af3,sell,0x5af2be193a6abca9c8817001f45744777db30756,0x6aeade785a9c97ba3510e0bf3585c21b503a62dbf6db5d9993dad85025bcf32c
39,99.78362461,0.215382953720685,0xb4cb3491cfa6efa84bdaed36af02489737bbb4c9,2017-11-01T18:40:21.000Z,0.0021585,0x9822d473b37741449b7e3b956c3e537792fbca46,sell,0x5af2be193a6abca9c8817001f45744777db30756,0x470feac0747629a2b613dd04b2ae3dd6fcb71a0ca5bcf52cfbb3485e1ef1a8b4
40,0.4,0.001,0x9822d473b37741449b7e3b956c3e537792fbca46,2017-11-01T17:21:49.000Z,0.0025,0x0d1faf9cbea4b2422c0c7ae8668b519df359ed63,buy,0x5af2be193a6abca9c8817001f45744777db30756,0xf4adb04fa5ba564c9cf5c4d88acaf91d95e73071a083637bbe9fb8d458493541
41,99.69095803,0.24922739507526667,0x9822d473b37741449b7e3b956c3e537792fbca46,2017-11-01T17:16:44.000Z,0.002500000000002675,0x0d1faf9cbea4b2422c0c7ae8668b519df359ed63,buy,0x5af2be193a6abca9c8817001f45744777db30756,0x2e076d7a68767512f4c6ebad4629162041641552a095a0cd13e924436098373d
42,115.77549561,0.249901407274185,0xb4cb3491cfa6efa84bdaed36af02489737bbb4c9,2017-11-01T17:15:43.000Z,0.0021585,0x6a1afc7af4278351bca6125e03cc9e1a3f41e80a,sell,0x5af2be193a6abca9c8817001f45744777db30756,0x12d95ab03601e70e06f5ee5421a1bdcc359bc2f4d2e6f538beb68b8231e29463
43,30,0.07739997,0xe2a8bae98335a1c9a68e7d3990ab31a1612c70ae,2017-11-01T15:48:10.000Z,0.002579999,0x23c7bbc74261548e7db86c90019a88215976ca65,buy,0x5af2be193a6abca9c8817001f45744777db30756,0xbe0a421ff42764b42125c42640dc7d56a8ab633e19402d35fc443abc08a28446
44,15,0.0345,0x1f686fd0890109346c9242ae8644985e18e1ee6d,2017-11-01T14:28:48.000Z,0.0023,0xef50d7ed7050b2e2356cc2d6a50ec64d7f8594be,sell,0x5af2be193a6abca9c8817001f45744777db30756,0xe20f8cf9690176cc825ecc7dd53bdbfb95dbf7265ff0003db568d4fd0319c0a9
45,12.10801539,0.03234050910669,0x5104efc872d45dba3a97bf02aebe240dfc283321,2017-11-01T13:14:35.000Z,0.002671,0x273a5d3e6721b9f5c1a6474f560c1334c63dda01,sell,0x5af2be193a6abca9c8817001f45744777db30756,0xf9009e0371a3d0a1626854ec113fba8967e640c10b8c535d0357fa053143732c
46,12.14444873,0.03125386027702411,0x273a5d3e6721b9f5c1a6474f560c1334c63dda01,2017-11-01T13:14:35.000Z,0.0025735100021311644,0xf92ade24ec1249c86522139c22379719b91a7af3,buy,0x5af2be193a6abca9c8817001f45744777db30756,0xf9009e0371a3d0a1626854ec113fba8967e640c10b8c535d0357fa053143732c
47,269.55669285,0.6954559979980194,0xad64fa72c8e02e7e7979fb1b055c840cd09c319e,2017-11-01T12:37:48.000Z,0.002579999000006352,0x23c7bbc74261548e7db86c90019a88215976ca65,buy,0x5af2be193a6abca9c8817001f45744777db30756,0x5e34481f66681ec2f7beac62c511223535a1a5613708b0f164e787f53e85a45b
48,9.01816463,0.02319778563019725,0x273a5d3e6721b9f5c1a6474f560c1334c63dda01,2017-11-01T11:43:23.000Z,0.002572340002867884,0xf92ade24ec1249c86522139c22379719b91a7af3,buy,0x5af2be193a6abca9c8817001f45744777db30756,0xeb07358d07ae47b49cf9150477467c08c21cf5777e4923a64044f2a2e5f5e71a
49,8.99111014,0.02401525518394,0x5104efc872d45dba3a97bf02aebe240dfc283321,2017-11-01T11:43:23.000Z,0.002671,0x273a5d3e6721b9f5c1a6474f560c1334c63dda01,sell,0x5af2be193a6abca9c8817001f45744777db30756,0xeb07358d07ae47b49cf9150477467c08c21cf5777e4923a64044f2a2e5f5e71a
50,20.86444112,0.05572892223152,0x5104efc872d45dba3a97bf02aebe240dfc283321,2017-11-01T10:57:28.000Z,0.002671,0x0cd2795a623adeb9370e2895e8d7526a6e4c556d,sell,0x5af2be193a6abca9c8817001f45744777db30756,0x9905d70774948120034bc84e22dc5d219b7d5c7032a3c575043bfbd299f9d512
51,20.92703445,0.05420091459032775,0x0cd2795a623adeb9370e2895e8d7526a6e4c556d,2017-11-01T10:57:28.000Z,0.002589995,0x5f66551c949aee555002e7aa7fd48a61006aa966,buy,0x5af2be193a6abca9c8817001f45744777db30756,0x9905d70774948120034bc84e22dc5d219b7d5c7032a3c575043bfbd299f9d512
52,0.983,0.00260495,0xb8a60374d856f89446deb4570d5719ef6d93ffac,2017-11-01T10:52:40.000Z,0.00265,0xf84bfa23c2ab766c47056011b26e2d12ade5c754,sell,0x5af2be193a6abca9c8817001f45744777db30756,0xe41619e5ece5f2a77712f5fd5a9d7dccf723edc9d5396207447f3422aa2d660d
53,44.24568973,0.08875198657332518,0xf92ade24ec1249c86522139c22379719b91a7af3,2017-11-01T10:27:13.000Z,0.0020058900000184308,0x53871c23523453988ebd6524fcb0ea29241ca4d2,sell,0x5af2be193a6abca9c8817001f45744777db30756,0x0bb79516f58a873638b0b7c89d6494fa64ff543a85a843577478bbdb821bb7fb
54,44.38285137,0.11450775654490625,0x53871c23523453988ebd6524fcb0ea29241ca4d2,2017-11-01T10:22:02.000Z,0.0025800000002322125,0xfbf7dc0756a9768d0c71aea5f8421f3b1eaee7d1,buy,0x5af2be193a6abca9c8817001f45744777db30756,0x35de729e6b3395617908227a341bf8912e4a4c24bf59ba2cad3198cf8a7647fe
55,0.03984847,0.00007974611301198,0x98b8f889dbe2b5c4c5879f65e13b24012f2afdce,2017-11-01T10:20:14.000Z,0.002001234,0x53871c23523453988ebd6524fcb0ea29241ca4d2,sell,0x5af2be193a6abca9c8817001f45744777db30756,0x7277982886223eec79d16be08e59a5289d2bb2a22c216fcb1255231283c42e83
56,399.71997261,0.7999331996662007,0x98b8f889dbe2b5c4c5879f65e13b24012f2afdce,2017-11-01T10:19:26.000Z,0.002001234,0x53871c23523453988ebd6524fcb0ea29241ca4d2,sell,0x5af2be193a6abca9c8817001f45744777db30756,0x39b49b7ffbd2bb7be2aa7bb31e9957d9fe9f9669bc3030f0d3d2d2e059b906ce
57,0.617,0.00163505,0xb8a60374d856f89446deb4570d5719ef6d93ffac,2017-11-01T09:57:36.000Z,0.00265,0xf84bfa23c2ab766c47056011b26e2d12ade5c754,sell,0x5af2be193a6abca9c8817001f45744777db30756,0x6e994ebd0eb8763a2874a7bf2287c5a9ee119e7094c0f6b59cf04d45ae4dec72
58,0.61714862,0.001592243455093752,0xf84bfa23c2ab766c47056011b26e2d12ade5c754,2017-11-01T09:49:04.000Z,0.0025800000251053824,0xfbf7dc0756a9768d0c71aea5f8421f3b1eaee7d1,buy,0x5af2be193a6abca9c8817001f45744777db30756,0x8c5eb9d924894838745d72df97e807700bb6221c8662cae1ae24109ea4b610e4
59,159.38590369,0.31896848958515345,0x98b8f889dbe2b5c4c5879f65e13b24012f2afdce,2017-11-01T09:40:36.000Z,0.002001234,0x5efdca26e7cbb98c4f23a46d7a724c6c9148d0cf,sell,0x5af2be193a6abca9c8817001f45744777db30756,0xe2d168abe202b179562f2bba58b52ce62731c0550f15691ee2b89b96700f7f6a
60,40,0.080184,0x9bea93d689584611060da426c35cfc1690b0251a,2017-11-01T09:38:04.000Z,0.0020046,0x5efdca26e7cbb98c4f23a46d7a724c6c9148d0cf,sell,0x5af2be193a6abca9c8817001f45744777db30756,0xe6d27a45fa8a12f4de234ee91b06794b427b1f6b42e3e4b1b9b325e204f17675
61,120.09810453,0.31105409075696344,0x53871c23523453988ebd6524fcb0ea29241ca4d2,2017-11-01T06:04:34.000Z,0.00259000000020203,0xfbf7dc0756a9768d0c71aea5f8421f3b1eaee7d1,buy,0x5af2be193a6abca9c8817001f45744777db30756,0xc12c72ac759fc065dae74408693dfd0b730a04c4f7f2138f83768855ddb9dbd3
62,66.55184327,0.17236927407043365,0x5fda273343324e1ed600622eb6d1ea1a33462782,2017-11-01T05:44:31.000Z,0.002590000000017034,0xfbf7dc0756a9768d0c71aea5f8421f3b1eaee7d1,buy,0x5af2be193a6abca9c8817001f45744777db30756,0x5a595d170841b6724a451721de9417c209f486ac82c8c66e6f361a3bcdb07fa7
63,700,1.7535007,0x3dee4a4e076e8d82859d241db0baf46f112cfa23,2017-11-01T01:58:24.000Z,0.002505001,0x23c7bbc74261548e7db86c90019a88215976ca65,sell,0x5af2be193a6abca9c8817001f45744777db30756,0xda2c7dceae5847342e7d4866ba7de127e9450c83f279f4e44f5bd99031c68622
64,606.64152104,1.521942247985152,0xb4cb3491cfa6efa84bdaed36af02489737bbb4c9,2017-11-01T01:58:19.000Z,0.0025088,0x23c7bbc74261548e7db86c90019a88215976ca65,sell,0x5af2be193a6abca9c8817001f45744777db30756,0x2def30e727163ee628bb6b2c0e535b1964bf215c5162f823d1945bd390a2acc9
65,100,0.2505117,0x5557a30d864e438e7b21ef97df9d1034e7c16cf5,2017-11-01T01:58:19.000Z,0.002505117,0x23c7bbc74261548e7db86c90019a88215976ca65,sell,0x5af2be193a6abca9c8817001f45744777db30756,0x9fc8be7ddfc0dfc6166e913a39d9f059912f9d58df7ae20dfb3853db1011d0c1
66,259.849,0.65222099,0x6c7b7b774297f592ad655dddec109c8f1473a28d,2017-11-01T01:58:08.000Z,0.00251,0x23c7bbc74261548e7db86c90019a88215976ca65,sell,0x5af2be193a6abca9c8817001f45744777db30756,0xc25d05c9a766bcd7153335f8e292adb96332e35edb900f5d4f8f699f63bcf64f
67,89.73,0.2467575,0xd90f87f04f263559c8c73d3d1c0a040c19990a48,2017-11-01T01:21:57.000Z,0.00275,0xf44072eda87ede9613b6ae1b812de8a60ade27a2,sell,0x5af2be193a6abca9c8817001f45744777db30756,0x2d07fdb84d59cc7fa5b97c72cbcf439cff46c2e02bdc01bfbe44dd99699dfd89
68,90,0.2412,0xf44072eda87ede9613b6ae1b812de8a60ade27a2,2017-11-01T01:21:57.000Z,0.00268,0x5cafe4321d49717abcdf911235faf6e614b8791f,buy,0x5af2be193a6abca9c8817001f45744777db30756,0x2d07fdb84d59cc7fa5b97c72cbcf439cff46c2e02bdc01bfbe44dd99699dfd89
69,100,0.26,0x9822d473b37741449b7e3b956c3e537792fbca46,2017-11-01T01:05:07.000Z,0.0026,0x23c7bbc74261548e7db86c90019a88215976ca65,sell,0x5af2be193a6abca9c8817001f45744777db30756,0xba96304af1d12de225a6e906d8f6cf940976e3909b0bbaa260f731e8ae67e4a0
70,17.4,0.046284,0x41ac2e484520e65a1a176ab8929dc68dc38fcdd8,2017-11-01T01:02:30.000Z,0.00266,0x23c7bbc74261548e7db86c90019a88215976ca65,sell,0x5af2be193a6abca9c8817001f45744777db30756,0x99de8f6b800cbfc575fab4372babe6701431e86859813efc73c5bd05052d3f86
71,1251.054,3.2527404,0x87070f1ddef4a3a60cd75af5ef801dc3d5879ce5,2017-11-01T00:58:54.000Z,0.0026,0x23c7bbc74261548e7db86c90019a88215976ca65,sell,0x5af2be193a6abca9c8817001f45744777db30756,0xf3b5b321d9cc92b74eddccf138678bd8abc7f1a6a44593a72f9a2acf0729523a
72,100,0.268,0x9822d473b37741449b7e3b956c3e537792fbca46,2017-10-31T23:47:04.000Z,0.00268,0x5cafe4321d49717abcdf911235faf6e614b8791f,buy,0x5af2be193a6abca9c8817001f45744777db30756,0xb0a6fe4309d00249e540e114b64d42d8cddd9784b32a0b4dbe54da9d24c144ed
73,28.539,0.076199187078,0xdcdbb380953c9cfa4f51a8d9f80d88b9a362e707,2017-10-31T23:31:50.000Z,0.002670002,0x5cafe4321d49717abcdf911235faf6e614b8791f,sell,0x5af2be193a6abca9c8817001f45744777db30756,0x4160bd7edbe8faefcccf20f4365566f06abd5a20be724eb795603e91029f2898
74,75,0.20175,0x427370ce17ff9b7df4651c4ab7d339f4653b57dd,2017-10-31T23:10:14.000Z,0.00269,0xfbf7dc0756a9768d0c71aea5f8421f3b1eaee7d1,buy,0x5af2be193a6abca9c8817001f45744777db30756,0x045c8130a92bfdd44dc156cb3e1bc887fe36b4ba7e3fe7803119473561419b41
75,318.39999999,0.8437599999735,0xb8a60374d856f89446deb4570d5719ef6d93ffac,2017-10-31T21:52:26.000Z,0.00265,0xf92ade24ec1249c86522139c22379719b91a7af3,sell,0x5af2be193a6abca9c8817001f45744777db30756,0x31cd84b69cfd262675910b5ab43b28c6aa2819a3fbda1cddacfdddc3bc907879
76,184.151,0.46221901,0x6c7b7b774297f592ad655dddec109c8f1473a28d,2017-10-31T18:28:02.000Z,0.00251,0xc2e7baeee8bd51a69b2ddb3e34c507203fc9d338,sell,0x5af2be193a6abca9c8817001f45744777db30756,0x9aa3fedae8ae2ac88254f5acdb7610c96084c2ea3b458a83b70831b586e0ee9a
77,1.46088126,0.00390055588596252,0xdcdbb380953c9cfa4f51a8d9f80d88b9a362e707,2017-10-31T18:24:14.000Z,0.002670002,0x739fc8613e0177a800fdb72f4322487e1a23a064,sell,0x5af2be193a6abca9c8817001f45744777db30756,0xa4f707c9cddd31b79d44c4f6ddb140e3eefa3282a69f090009f73c7666d54d25
78,1.53,0.0041463,0xb2006deda3f1259a883b2905a1714a91ad88870c,2017-10-31T17:19:19.000Z,0.00271,0x739fc8613e0177a800fdb72f4322487e1a23a064,sell,0x5af2be193a6abca9c8817001f45744777db30756,0x1f97020b9e8b70e5bcb107de54eaeb181811b7ead6b3d2a29b6a09f45976bf04
79,3,0.00807,0x739fc8613e0177a800fdb72f4322487e1a23a064,2017-10-31T17:18:15.000Z,0.00269,0xfbf7dc0756a9768d0c71aea5f8421f3b1eaee7d1,buy,0x5af2be193a6abca9c8817001f45744777db30756,0x5a3ac772c3d8f50f56c1fff90849074d372790be747c93f438d11ae3bab8202d
80,184.76597226,0.4988681251025759,0xe7110bc0d3a125f4e9b7a0c825a8e1a0f53ee5c3,2017-10-31T16:41:52.000Z,0.002700000000003117,0x5cafe4321d49717abcdf911235faf6e614b8791f,buy,0x5af2be193a6abca9c8817001f45744777db30756,0xd6d29f11e482f6b2facb0eddbca52be020b76649357ac60f7b68199a07f8f69d
81,180.537,0.478425035907,0xa5d7d7a2b5edc37d43b5da1629cfac6c3d23c7ef,2017-10-31T15:58:09.000Z,0.002650011,0x5cafe4321d49717abcdf911235faf6e614b8791f,sell,0x5af2be193a6abca9c8817001f45744777db30756,0xb2f38eece9880e57fda387f88e1fe2a3e414eaf331233e74581bbf7b8da4d2c6
82,311.682,0.8259573,0x40173225bc3156ba5691585695979868d6ef459a,2017-10-31T15:58:09.000Z,0.00265,0x5cafe4321d49717abcdf911235faf6e614b8791f,sell,0x5af2be193a6abca9c8817001f45744777db30756,0x6d1c137859594e73220cebabdc8cd1f2985d00a34ed679583b25a8c04cef2180
83,550.31476622,1.458334130483,0x40173225bc3156ba5691585695979868d6ef459a,2017-10-31T15:35:11.000Z,0.00265,0x3df86cefaecfaa31be2f74f8f832cb4ef62b79f8,sell,0x5af2be193a6abca9c8817001f45744777db30756,0x51c86850f6e6e971fcc1cf448df529952b9b547f81055e0d9f0c9feb7af6de7c
84,205.086,0.547579825086,0x23c7bbc74261548e7db86c90019a88215976ca65,2017-10-31T15:34:02.000Z,0.002670001,0x3df86cefaecfaa31be2f74f8f832cb4ef62b79f8,sell,0x5af2be193a6abca9c8817001f45744777db30756,0xf57a4f2e50ff28bad066a857fdce055fd83a57a96aa24c7d573bb749bbde72c1
85,232.91386742,0.6218802589252674,0x23c7bbc74261548e7db86c90019a88215976ca65,2017-10-31T15:17:34.000Z,0.002670001,0xf92ade24ec1249c86522139c22379719b91a7af3,sell,0x5af2be193a6abca9c8817001f45744777db30756,0x7e79968aa8640ed99127786b281f24d6fc70b8cfb64c3e335b4167fcd62b739e
86,150,0.4425,0xa8ebce443fddd76cc1ab018d96b4f5e3b629f1e6,2017-10-31T14:52:49.000Z,0.00295,0xfbf7dc0756a9768d0c71aea5f8421f3b1eaee7d1,buy,0x5af2be193a6abca9c8817001f45744777db30756,0x4c5d403d2b4e56416541ca42c8395cd6b3791fdc22a1760f713ab4865def3e8e
87,459.69,1.2319692,0xfbf7dc0756a9768d0c71aea5f8421f3b1eaee7d1,2017-10-31T14:46:13.000Z,0.00268,0xf92ade24ec1249c86522139c22379719b91a7af3,sell,0x5af2be193a6abca9c8817001f45744777db30756,0xdf5860dd392c6bc00c298294855bbb9bb2bf6f063c313dcd75e13e2f7e80375d
88,15,0.04465917,0xa8ebce443fddd76cc1ab018d96b4f5e3b629f1e6,2017-10-31T13:43:41.000Z,0.002977278,0xcf9b7d3fc2427fff2f4dccb7298f6e3070977653,buy,0x5af2be193a6abca9c8817001f45744777db30756,0x5da804a59f6d698f7492b71e621260cd3f73fbba9c2c87bcd68afa258ec58716
89,0.06,0.0001626,0xb2006deda3f1259a883b2905a1714a91ad88870c,2017-10-31T13:00:11.000Z,0.00271,0x269edc286e4672e368936ff31f6b41627b2787d8,sell,0x5af2be193a6abca9c8817001f45744777db30756,0x7ec00cb684dbc1b19b99fb121e900e6f77111db3bcb947cf2489a139dd1e324f
90,0.09999999,0.000299237000003472,0x2a3ac54431fe70441b8147c32c66ad675681656e,2017-10-31T12:16:09.000Z,0.00299237029927175,0xf92ade24ec1249c86522139c22379719b91a7af3,buy,0x5af2be193a6abca9c8817001f45744777db30756,0x2b537a8e2d256a31afe1ccd789f2b8d96b7e34b3f784d485171dcada92f18b7c
91,604.79050149,1.6087433387539014,0x23c7bbc74261548e7db86c90019a88215976ca65,2017-10-31T11:26:20.000Z,0.002660001,0x269edc286e4672e368936ff31f6b41627b2787d8,sell,0x5af2be193a6abca9c8817001f45744777db30756,0xb11865956c325cb168fd90296e9f1fd83d83f75f057fb5b736951c8a5cfcfe0b
92,356.74664113,0.945378599,0x669f0ab96fd3beb68bc836bb874894bbb516331a,2017-10-31T09:12:20.000Z,0.002650000000015417,0xbd29e04ae135fdf24823c63ec07e148a5215995c,buy,0x5af2be193a6abca9c8817001f45744777db30756,0x2fc70f4644d0ab8d11ce80be9924d59a81f892afa660f1070254edc1136b72fe
93,695.25335886,1.842421401,0xf92ade24ec1249c86522139c22379719b91a7af3,2017-10-31T09:09:41.000Z,0.002650000000030205,0xbd29e04ae135fdf24823c63ec07e148a5215995c,buy,0x5af2be193a6abca9c8817001f45744777db30756,0x11b0b95498f366129c9ef8941115778b4f8f9f3858a338612271fca68bbf1c1f
94,0.01479362,0.0000400907102,0xb2006deda3f1259a883b2905a1714a91ad88870c,2017-10-31T08:25:09.000Z,0.00271,0x6db8336e1971d6321be02832afad4d3552b915bf,sell,0x5af2be193a6abca9c8817001f45744777db30756,0xfd4ea2d2b6df1f7521484a4ccf01bb376ac0046da41163003208570d64c14ec3
95,148.39477799,0.4021498483529,0xb2006deda3f1259a883b2905a1714a91ad88870c,2017-10-31T08:21:23.000Z,0.00271,0x6db8336e1971d6321be02832afad4d3552b915bf,sell,0x5af2be193a6abca9c8817001f45744777db30756,0xefb156e9cd41a925931b7ffe663ccc253edb4aa26fa41f6e73671a30b5d36862
96,0.93171469,0.0025622153975,0x18da8147422bf132711c6c5ccc1e62b66be194ca,2017-10-31T08:19:13.000Z,0.00275,0x6db8336e1971d6321be02832afad4d3552b915bf,sell,0x5af2be193a6abca9c8817001f45744777db30756,0xab35e17ce6cc69aa3d2e18ba655e76a07bb6bce80dbd1ef1599bf300b8244157
97,1.42285988,0.00387729459585988,0xa5d7d7a2b5edc37d43b5da1629cfac6c3d23c7ef,2017-10-31T08:19:13.000Z,0.002725001,0x6db8336e1971d6321be02832afad4d3552b915bf,sell,0x5af2be193a6abca9c8817001f45744777db30756,0x7210719b85449826ea667cea34daba297445c8df8b5355b71c437ded2ed54485
98,0.56486532,0.00172170893049468,0x0f8e39777bcb0a52cb72042ceb5d67ce44b982d1,2017-10-31T08:18:00.000Z,0.003047999,0x6db8336e1971d6321be02832afad4d3552b915bf,sell,0x5af2be193a6abca9c8817001f45744777db30756,0x954a6b26c4d3edfee9cc23abc59e658fbe75086a5d848f151636e18575c4c5a8
99,2,0.006075998,0x40173225bc3156ba5691585695979868d6ef459a,2017-10-31T07:05:20.000Z,0.003037999,0x81f8816bf5062423ebf704bbb2a8143ff30134b8,sell,0x5af2be193a6abca9c8817001f45744777db30756,0xdb5e5a14a80b23a0ad6a99fde6e097c5480413324fd8c1871b1c8fbb5c6ce650
100,1080,3.08016,0xa9d09716ed7210496a7b2d00c371db43081aa245,2017-10-31T04:06:29.000Z,0.002852,0x23c7bbc74261548e7db86c90019a88215976ca65,sell,0x5af2be193a6abca9c8817001f45744777db30756,0x9b2c90a7e202d1808e39fe0b27f74cd5a5be42631465b80132cd733d58ae4793
101,0.156,0.000475487844,0x0f8e39777bcb0a52cb72042ceb5d67ce44b982d1,2017-10-31T03:55:50.000Z,0.003047999,0xe444a40689f51f63bcd29910622035707d533d29,sell,0x5af2be193a6abca9c8817001f45744777db30756,0xdd13700f38253127ff56b0a1cc974f7424111c757b433c3ee91c022617c16727
102,50.75828531,0.1395852846025,0x18da8147422bf132711c6c5ccc1e62b66be194ca,2017-10-31T02:58:25.000Z,0.00275,0x0265afc497b9dfc5a9648d66322e19b9edcd0faa,sell,0x5af2be193a6abca9c8817001f45744777db30756,0x2ca52a82f956c89b0f7964090e1c6847c7e094b46313a279cc89c3a5e77eeb70
103,98.788,0.277791856,0x49dc235474e153367b593cab41b56dff301fbea0,2017-10-31T02:56:56.000Z,0.002812,0x0265afc497b9dfc5a9648d66322e19b9edcd0faa,sell,0x5af2be193a6abca9c8817001f45744777db30756,0x02b101bb4824e63b4339830b6c7860f0262b46178603ead62329406474ec7e8f
104,0.01,0.0000302995,0x0c4085d8e714ca77ac5f46cd2b80a92d238a7cd3,2017-10-31T00:48:32.000Z,0.00302995,0x49dc235474e153367b593cab41b56dff301fbea0,buy,0x5af2be193a6abca9c8817001f45744777db30756,0xd91cdce516edbca689892e407437168af415a97c72a6d7e3a59f3838923e39d6
105,2,0.0060599,0xf84bfa23c2ab766c47056011b26e2d12ade5c754,2017-10-31T00:45:21.000Z,0.00302995,0x49dc235474e153367b593cab41b56dff301fbea0,buy,0x5af2be193a6abca9c8817001f45744777db30756,0x19a420476177db5df773fc900237c85ffc3bf6c8fa66b6eaf5e5b3f36b645438
106,100,0.302995,0x9822d473b37741449b7e3b956c3e537792fbca46,2017-10-31T00:24:13.000Z,0.00302995,0x49dc235474e153367b593cab41b56dff301fbea0,buy,0x5af2be193a6abca9c8817001f45744777db30756,0x2ac96a98c818583e9ed453df0352f57a64f68f3961d053edd51f964c6abad9a4
107,700,2.1209972,0x65919f4824cf41db56c2b4acb6a29b19aaf600a5,2017-10-30T21:09:22.000Z,0.003029996,0x0ad2ad23e388e5b9e472bbbb87477d6463b72c98,buy,0x5af2be193a6abca9c8817001f45744777db30756,0xf7449a1b863b6a083c15572b4247eaaa6d0d05f68a982e03edc6615fe2821b36
108,0.00387128,0.38712861081120953,0x6e40a4259a5ba3ce5b1deca7b7878a72abc17349,2017-10-30T19:58:04.000Z,100.0001577801682,0xf36990a2cb4d609e0a7d4f3bf884c0342d81fd3d,buy,0x5af2be193a6abca9c8817001f45744777db30756,0x224adc5c4b54e5916964269e176ae5a24cf7f86bd17252c203d0fbf33352e293
109,18.3517088,0.05549648502709672,0xf379ef555f1e7e93ed3d14095189e463df451820,2017-10-30T19:43:21.000Z,0.003024050001659612,0xf92ade24ec1249c86522139c22379719b91a7af3,buy,0x5af2be193a6abca9c8817001f45744777db30756,0xcc1c752b7017917508aa588d1623d4c95c02648ca41143a98cd686bce6ca0bc7
110,300,0.9066987,0x65919f4824cf41db56c2b4acb6a29b19aaf600a5,2017-10-30T19:26:20.000Z,0.003022329,0x0ad2ad23e388e5b9e472bbbb87477d6463b72c98,buy,0x5af2be193a6abca9c8817001f45744777db30756,0x40cf2b1141b57c46c0ea3d327da4262e5bf1f7ab8674f8a0c8dd6452f0ccdcc6
111,700,2.1156303,0x65919f4824cf41db56c2b4acb6a29b19aaf600a5,2017-10-30T19:25:14.000Z,0.003022329,0x0ad2ad23e388e5b9e472bbbb87477d6463b72c98,buy,0x5af2be193a6abca9c8817001f45744777db30756,0xbb5d0e36149fdb863eeccc672165f6aa497821cea4d0d6a7e2696305f733fb5f
112,299.99999999,0.9055770000131118,0x65919f4824cf41db56c2b4acb6a29b19aaf600a5,2017-10-30T19:25:06.000Z,0.0030185900001443258,0xf92ade24ec1249c86522139c22379719b91a7af3,buy,0x5af2be193a6abca9c8817001f45744777db30756,0x5542e678ece9a6e570e995e1a1a040bd63b2b334beaae23729d5d3e69dfc2bf6
113,0.00012871,0.01287138518879047,0x6e40a4259a5ba3ce5b1deca7b7878a72abc17349,2017-10-30T18:16:49.000Z,100.00299268736283,0xf36990a2cb4d609e0a7d4f3bf884c0342d81fd3d,buy,0x5af2be193a6abca9c8817001f45744777db30756,0xfb97c7667e00dd524d3b9c5e1c8f2ce4f1f6dc476c2211d516ac6ffd5de1e666
114,25,0.07574995,0x50caf279447e23e6b10762bbc89cc3af2c6ce44c,2017-10-30T17:23:35.000Z,0.003029998,0x0ad2ad23e388e5b9e472bbbb87477d6463b72c98,buy,0x5af2be193a6abca9c8817001f45744777db30756,0x6a966e8dd3d0963224a2c6f4c020bf58720a5e3fc815b8fed55df6dbb9f7ffd7
115,0.27913468,0.00085080222550532,0x0f8e39777bcb0a52cb72042ceb5d67ce44b982d1,2017-10-30T17:22:10.000Z,0.003047999,0x527e6009e17c7e85ca8c3912accd8f0e12b89e2b,sell,0x5af2be193a6abca9c8817001f45744777db30756,0x5109f2444141c9dc6ed24e5620b8b7a00ed1e33c152dec7243b677693e09b63c
116,0.00271462,0.000008225297204578,0x50caf279447e23e6b10762bbc89cc3af2c6ce44c,2017-10-30T17:18:49.000Z,0.003029999485960466,0x0ad2ad23e388e5b9e472bbbb87477d6463b72c98,buy,0x5af2be193a6abca9c8817001f45744777db30756,0x5117f2a117a336afb7094bae9b78d3ab5046584a9ad0dd6bbde53614779706cf
117,75.48001196,0.21217438909957195,0x23c7bbc74261548e7db86c90019a88215976ca65,2017-10-30T14:34:46.000Z,0.002811001,0x05202bb8ecb44a77edf08b3d61cf65a299c246f0,sell,0x5af2be193a6abca9c8817001f45744777db30756,0x301b3d97db607db644c6491bf3d9913e5ff8a1ac47bf5022600ce133a07106d2
118,200,0.58,0x98b35e9447c24e45a187d8cd8d275a2e83f8f01b,2017-10-30T13:58:18.000Z,0.0029,0x23c7bbc74261548e7db86c90019a88215976ca65,sell,0x5af2be193a6abca9c8817001f45744777db30756,0x9e42b2d2c1642b0256702b1f79aa74db5adc3f648d488b339d3b635f083ce9e8
119,17.04193182,0.05112579546,0x37d59215dbb81a285d482f5a8ab51d580785b709,2017-10-30T11:34:09.000Z,0.003,0x23c7bbc74261548e7db86c90019a88215976ca65,sell,0x5af2be193a6abca9c8817001f45744777db30756,0x90cfc1c563b6b702ae64734b45d3cdb9d6c060d3e6ba5af03c046c129a8ab664
120,19.95806818,0.05987420454,0x37d59215dbb81a285d482f5a8ab51d580785b709,2017-10-30T11:19:52.000Z,0.003,0x9822d473b37741449b7e3b956c3e537792fbca46,sell,0x5af2be193a6abca9c8817001f45744777db30756,0xa23f9506cd11cc5858b68a57bd3f774e5a412c3ca98245fde021a8fe8e6c22ba
121,128.60133585,0.35043876879258584,0xa5d7d7a2b5edc37d43b5da1629cfac6c3d23c7ef,2017-10-30T11:06:37.000Z,0.002725001,0x53871c23523453988ebd6524fcb0ea29241ca4d2,sell,0x5af2be193a6abca9c8817001f45744777db30756,0xed6e84ef63bdde083cb7c63dbd0130d5ee9f874806419271b515b9d0783ee4c7
122,398,1.209123602,0x40173225bc3156ba5691585695979868d6ef459a,2017-10-30T11:01:53.000Z,0.003037999,0xf92ade24ec1249c86522139c22379719b91a7af3,sell,0x5af2be193a6abca9c8817001f45744777db30756,0x1f617413c04415d7fa1b86e02885d65f525a009e184616f3f75cb8b8e061b33d
123,984.916,2.84309792224,0x3df86cefaecfaa31be2f74f8f832cb4ef62b79f8,2017-10-30T09:51:13.000Z,0.00288664,0x56942bbbd851b7462b4233db375422ffac50ab0a,buy,0x5af2be193a6abca9c8817001f45744777db30756,0xc70cc7dd858a0db7ae24ad33b3743e8a0a6558805e0966331028cd2cea80cb44
124,464,1.322864,0x3df86cefaecfaa31be2f74f8f832cb4ef62b79f8,2017-10-30T09:50:19.000Z,0.002851,0x6f6e5e61e1734f9cf2ebbf9f977da921ff97cb7b,buy,0x5af2be193a6abca9c8817001f45744777db30756,0x4a9a003da2689be48e8acd5383f07bc6c3f20392edb17dc6476fd12c1b4a2424
125,100,0.2851,0xbfbdd7f780e8f8185051642cca63bdf74727e167,2017-10-30T09:18:05.000Z,0.002851,0x269edc286e4672e368936ff31f6b41627b2787d8,sell,0x5af2be193a6abca9c8817001f45744777db30756,0xf1aee28ebd3a6e243c7ec06b2537dfc8c68c9c3507562159b72dd3f82fdb24da
126,1050,2.99355,0x9778550d76b07ac9f5e57392f68ecdf6efc1774e,2017-10-30T04:01:50.000Z,0.002851,0x244c61e17d15807535c16da6a96dd5a7486dc517,buy,0x5af2be193a6abca9c8817001f45744777db30756,0x00a9aa4082522a4f6d7d11772db7422708ccacaec60e12c6ac93fee2cd681796
127,0.269,0.000766919,0xdcdbb380953c9cfa4f51a8d9f80d88b9a362e707,2017-10-30T02:04:25.000Z,0.002851,0x16e5d97bbc92417e051e3b2cabfbf8ceea2acb9c,sell,0x5af2be193a6abca9c8817001f45744777db30756,0x93ecd5adb57750e8cd4425669a6ec51ac9863137b127d457683a8b277c5d774d
128,0.256,0.000729856,0xdcdbb380953c9cfa4f51a8d9f80d88b9a362e707,2017-10-30T02:02:36.000Z,0.002851,0x379374d13077e8867ef31803c37baf9785a17c00,sell,0x5af2be193a6abca9c8817001f45744777db30756,0x5c8b0c82803a6d5377654c4030c2b50d31cb40efc7527b3d20432414d6ce0b5f
129,301.212,0.847008144,0x49dc235474e153367b593cab41b56dff301fbea0,2017-10-30T00:27:20.000Z,0.002812,0x8dc0b08948ad9296db80a7a6bcb0270dc01efbaf,sell,0x5af2be193a6abca9c8817001f45744777db30756,0x1c221480f4890886b828f58a187928a7b6bef2600ddc7157a60490dd1f98c536
130,283,0.795513,0x54cd1da355c89bfcb2fd8190bed4f718d314860f,2017-10-30T00:26:08.000Z,0.002811,0x8dc0b08948ad9296db80a7a6bcb0270dc01efbaf,sell,0x5af2be193a6abca9c8817001f45744777db30756,0x18dc8782a73b88abe2a431ce63bf31105326f081cacc49d01f38096471ce0462
131,269,0.76934,0x0c2ddda597af327b8cb3632cef83f81f7d8a5ca3,2017-10-29T22:36:39.000Z,0.00286,0xecba73e96217cdb23afff854446dda91a103e7fd,sell,0x5af2be193a6abca9c8817001f45744777db30756,0xf529ff81477790bef4926309969736f0b590c378259bfdcf66c289093576cb51
132,62.61120881,0.17653480769065075,0xf92ade24ec1249c86522139c22379719b91a7af3,2017-10-29T20:08:12.000Z,0.0028195400000399825,0x7e76036393c9bc6ffac3ad41a4f4da65013df39b,sell,0x5af2be193a6abca9c8817001f45744777db30756,0xcdd9830fb819b30300c3e0a2b740558e90208766ebae1d80f2308ca0c7f8fced
133,131,0.39954738,0x4d8063b39be029c9cd2f9d1e2e19d04ca2ce4a27,2017-10-29T20:07:50.000Z,0.00304998,0xecba73e96217cdb23afff854446dda91a103e7fd,buy,0x5af2be193a6abca9c8817001f45744777db30756,0x3af5b4fe0ded6d3eabcf284543db08e999f070516509cc40c11bb1799d4e5ddc
134,5.02668908,0.0153313011602184,0x1be71e871294156b43e52ffe77deeddb9ab994eb,2017-10-29T19:49:16.000Z,0.00304998,0xecba73e96217cdb23afff854446dda91a103e7fd,buy,0x5af2be193a6abca9c8817001f45744777db30756,0xc01e380da46fa8e8ace93809154373607daab896ac5965bd576b56c714908ab9
135,5.01165411,0.01586688688895178,0xee88b84a838e94bf43d659b544fe847a0228cce7,2017-10-29T19:49:16.000Z,0.003165998,0x1be71e871294156b43e52ffe77deeddb9ab994eb,sell,0x5af2be193a6abca9c8817001f45744777db30756,0xc01e380da46fa8e8ace93809154373607daab896ac5965bd576b56c714908ab9
136,20,0.057,0x9822d473b37741449b7e3b956c3e537792fbca46,2017-10-29T19:44:06.000Z,0.00285,0xee88b84a838e94bf43d659b544fe847a0228cce7,buy,0x5af2be193a6abca9c8817001f45744777db30756,0xb83eb4350a996ebe24b499f61d4356f3e8eb2720d65a2a705bab97ef34003483
137,15.03834589,0.04761137301104822,0xee88b84a838e94bf43d659b544fe847a0228cce7,2017-10-29T19:07:45.000Z,0.003165998,0x273a5d3e6721b9f5c1a6474f560c1334c63dda01,sell,0x5af2be193a6abca9c8817001f45744777db30756,0x7de84844ee5ef63acac8e78001d667fa4b6592facbd34f415a245b71409e36e5
138,15.08359669,0.0460048190685331,0x273a5d3e6721b9f5c1a6474f560c1334c63dda01,2017-10-29T19:07:45.000Z,0.00304999,0x56942bbbd851b7462b4233db375422ffac50ab0a,buy,0x5af2be193a6abca9c8817001f45744777db30756,0x7de84844ee5ef63acac8e78001d667fa4b6592facbd34f415a245b71409e36e5
139,19.94,0.05684894,0xdcdbb380953c9cfa4f51a8d9f80d88b9a362e707,2017-10-29T19:06:55.000Z,0.002851,0x273a5d3e6721b9f5c1a6474f560c1334c63dda01,sell,0x5af2be193a6abca9c8817001f45744777db30756,0xc3e116a6c178a96bab3ecbb5edde7a0df9c19af728044e1aaf6d2406f1a824f2
140,20,0.0477,0x273a5d3e6721b9f5c1a6474f560c1334c63dda01,2017-10-29T19:06:55.000Z,0.002385,0xee88b84a838e94bf43d659b544fe847a0228cce7,buy,0x5af2be193a6abca9c8817001f45744777db30756,0xc3e116a6c178a96bab3ecbb5edde7a0df9c19af728044e1aaf6d2406f1a824f2
141,250,0.725,0xac4714299a63913752aeb8b36f83ef058fec490b,2017-10-29T18:40:02.000Z,0.0029,0x269edc286e4672e368936ff31f6b41627b2787d8,sell,0x5af2be193a6abca9c8817001f45744777db30756,0x555f79f2af0c6bf838efab5515725cc0a19234ba8af32b8b4855354d7602fa7b
142,300,0.9,0xf3154b6a677bb09b6be588ecef71005cf93ea0f5,2017-10-29T18:09:56.000Z,0.003,0x142cc37b08365012c231874b44bae15ed5b06121,buy,0x5af2be193a6abca9c8817001f45744777db30756,0xd89d0c15bac47934d8242813437429d99ccf086744c98776f335a82fd38cc716
143,296.97980453,0.8347745929572864,0x200166c39876bcac54d913a1167da8a0f47c3a04,2017-10-29T17:20:35.000Z,0.00281088,0x8dc0b08948ad9296db80a7a6bcb0270dc01efbaf,sell,0x5af2be193a6abca9c8817001f45744777db30756,0x276c876414463dbcc4820248786daf29f5dfdc44f383b20296e7574b03ea63b6
144,700,1.967,0x3fd78b4d276b66280aa2ac6cb4e24063724c36b6,2017-10-29T17:18:25.000Z,0.00281,0x8dc0b08948ad9296db80a7a6bcb0270dc01efbaf,sell,0x5af2be193a6abca9c8817001f45744777db30756,0x3630242ebe24f70f1085292e79933337312782d477c8926d605d51182eb29268
145,498.45479015,1.4011005881751533,0x8327338695014f89d4ae86aadddc0daf01d335f8,2017-10-29T16:57:08.000Z,0.002810888,0x40d2cac20cb82481c4593f54edb66386feec4b44,sell,0x5af2be193a6abca9c8817001f45744777db30756,0x4713db69317236c149be232a7f5e4368e5da76bb6064d144b59dc2ffc7f3a54e
146,600,1.709718,0x59478c47d713989bf4347ded91705ad90b5b5582,2017-10-29T14:44:56.000Z,0.00284953,0x269edc286e4672e368936ff31f6b41627b2787d8,sell,0x5af2be193a6abca9c8817001f45744777db30756,0xab39801d6386a91a12455ff2dad31bdf4826fbe3a77409ac839b16b97240f081
147,968.264,2.7595524,0x2a3ac54431fe70441b8147c32c66ad675681656e,2017-10-29T14:43:51.000Z,0.00285,0x269edc286e4672e368936ff31f6b41627b2787d8,sell,0x5af2be193a6abca9c8817001f45744777db30756,0x10fd9b2641de7f50b542f5f484157806dd18a7caaf07e8586a6a17b0482cd3f4
148,65.32250024,0.186169125684,0x2a3ac54431fe70441b8147c32c66ad675681656e,2017-10-29T14:24:47.000Z,0.00285,0xcda847b5f904cb40a2c50b34f7368fd588dc8e34,sell,0x5af2be193a6abca9c8817001f45744777db30756,0x1fe2bcbf6b25ecef9c60d58f800a139faf24f25720a2e08fa9d87a3c15d0ab22
149,86,0.24939914,0xd90f87f04f263559c8c73d3d1c0a040c19990a48,2017-10-29T14:22:48.000Z,0.00289999,0xcda847b5f904cb40a2c50b34f7368fd588dc8e34,sell,0x5af2be193a6abca9c8817001f45744777db30756,0x8e524553aa4edf8871243128ee03715627127b3e23b5eddf450baca7871fc435
150,422.98573722,1.205509351077,0x2a3ac54431fe70441b8147c32c66ad675681656e,2017-10-29T14:15:45.000Z,0.00285,0xeb62ac8d1659a3971dff14e141e1027b8edcf0a1,sell,0x5af2be193a6abca9c8817001f45744777db30756,0x324778b3879848588dc374efda1f6c84e62764c0c91bfd7ea2e7c215d0979cf3
151,151.31392682,0.431244691437,0x2a3ac54431fe70441b8147c32c66ad675681656e,2017-10-29T14:00:18.000Z,0.00285,0xb19db4aa7b4df04ec02993552827a356a7ce9592,sell,0x5af2be193a6abca9c8817001f45744777db30756,0x223fd2ccb361f5262e67dbd91bb0b79d933d4646d7a305fced225138038bfd7a
152,248.4689925,0.7205575935629593,0x23c7bbc74261548e7db86c90019a88215976ca65,2017-10-29T13:47:33.000Z,0.0028999900000116086,0xeb62ac8d1659a3971dff14e141e1027b8edcf0a1,buy,0x5af2be193a6abca9c8817001f45744777db30756,0x5ec6c566322d78c238068754e752b8a8463f32eb33831119df29079bc257a059
153,392.11344831,1.1175233276835,0x2a3ac54431fe70441b8147c32c66ad675681656e,2017-10-29T13:35:04.000Z,0.00285,0x390107eb1f95edbac995de7565a5f90e13bc7575,sell,0x5af2be193a6abca9c8817001f45744777db30756,0x7dd286975b335a98699a395d8be36dd21ac4ea5eed62fa6b3f8fccfd1eeb7d7f
154,0.82011425,0.00246034275,0xf3154b6a677bb09b6be588ecef71005cf93ea0f5,2017-10-29T13:25:57.000Z,0.003,0xc72636ab43fb087d17eb4c166069b5b814350a36,sell,0x5af2be193a6abca9c8817001f45744777db30756,0xa03ea08166a87b8f1bc6c23674276c0dbc360ce93cc91d4df2e54341b913e66e
155,0.83401449,0.002460342762,0xc72636ab43fb087d17eb4c166069b5b814350a36,2017-10-29T13:25:37.000Z,0.002950000019783829,0xeb62ac8d1659a3971dff14e141e1027b8edcf0a1,buy,0x5af2be193a6abca9c8817001f45744777db30756,0x17910e770962c0c468608890fce7b97eea80d9ede1ca231f4cdc08ef7cd0a995
156,55,0.165,0x06f956c61501fc60afaca3b0912f1c9fe75b5bb0,2017-10-29T13:00:02.000Z,0.003,0x23c7bbc74261548e7db86c90019a88215976ca65,sell,0x5af2be193a6abca9c8817001f45744777db30756,0xe4a206a8f111e3e50d7eb415f6a1c31ad8699df8bf32d11772b0b941a0256451
157,993.91885156,2.792921912072116,0xecba73e96217cdb23afff854446dda91a103e7fd,2017-10-29T10:57:42.000Z,0.00281001,0x2ea6bd58bc3555faeebf4d5b31164d52079b9832,sell,0x5af2be193a6abca9c8817001f45744777db30756,0xf5da9f919a47c11a49a0e1174982947cb343ce6d3285a2f45616fe28a5c2b6fe
158,1000,2.8888,0x8327338695014f89d4ae86aadddc0daf01d335f8,2017-10-29T10:56:24.000Z,0.0028888,0x2ea6bd58bc3555faeebf4d5b31164d52079b9832,sell,0x5af2be193a6abca9c8817001f45744777db30756,0x04d8546001b5d244a8a7a35620b7382d5ba98eef6326f2c33ff4e8781bf89777
159,50,0.15824475,0x6ee3c78a15071bfca6acd1d71f8567625118d1ff,2017-10-29T04:51:12.000Z,0.003164895,0xecba73e96217cdb23afff854446dda91a103e7fd,buy,0x5af2be193a6abca9c8817001f45744777db30756,0xb93e15d5fc855a0c57d4d4a2683eebd8fb31c764ba01c45cb59152721bd272e6
160,156.18099813,0.4943127029131004,0xca0372418745d5499eb5bdc99fda28153cffd205,2017-10-29T00:50:52.000Z,0.0031649990000809864,0x23c7bbc74261548e7db86c90019a88215976ca65,buy,0x5af2be193a6abca9c8817001f45744777db30756,0x5b759c903db502a49ba94d369ee32fd84a3559322a0ebc94f95c43366cd8530f
161,20.05,0.06347827995,0xee88b84a838e94bf43d659b544fe847a0228cce7,2017-10-28T21:27:14.000Z,0.003165999,0x23c7bbc74261548e7db86c90019a88215976ca65,sell,0x5af2be193a6abca9c8817001f45744777db30756,0x112193cf1d02d1d904fdc0853c32c3bf00a2a8de1e82f1cb2b554efa8789c8a3
162,140,0.402297,0x200166c39876bcac54d913a1167da8a0f47c3a04,2017-10-28T20:53:58.000Z,0.00287355,0x1258ac82d244f6fd8199ec61d107e04b00148df6,sell,0x5af2be193a6abca9c8817001f45744777db30756,0x44fe18ec74d92f65d714d2f1f037afa715a7847d1acee86313e3628b5eefdc97
163,300,0.87,0x3fd78b4d276b66280aa2ac6cb4e24063724c36b6,2017-10-28T20:52:37.000Z,0.0029,0x1258ac82d244f6fd8199ec61d107e04b00148df6,sell,0x5af2be193a6abca9c8817001f45744777db30756,0x47a079aed941fd406346f524a390e81d19eaffe359bdb6666d6aa519f21e8887
164,0.15792798,0.0005,0x34f9560c63078eb61872a4dc2ccd20e21c34feaf,2017-10-28T20:13:00.000Z,0.003166000097006243,0x269edc286e4672e368936ff31f6b41627b2787d8,buy,0x5af2be193a6abca9c8817001f45744777db30756,0x50263d4ee2996b1a930daf689d8fb2487311b82489757ade442ab9372919f201
165,10,0.03166,0xfb62a2744ebc69c375ea1eefcb7adb5c5f661065,2017-10-28T19:51:29.000Z,0.003166,0x269edc286e4672e368936ff31f6b41627b2787d8,buy,0x5af2be193a6abca9c8817001f45744777db30756,0x725d16e11726072b0752b3d9e5f3f41787357eb84112f2e99d005420c0656d1a
166,725.806,2.1048374,0x3df86cefaecfaa31be2f74f8f832cb4ef62b79f8,2017-10-28T19:37:17.000Z,0.0029,0x0cc3d0723d8f8fe815a0c0ddb69ec6d51a8b4cba,buy,0x5af2be193a6abca9c8817001f45744777db30756,0x624d11a61cbc6ed8ca5f7ca2d73733d4a8807fc8adf3b68bbd4f7a2a41c26a53
167,274.194,0.7951626,0x273a5d3e6721b9f5c1a6474f560c1334c63dda01,2017-10-28T19:34:54.000Z,0.0029,0x0cc3d0723d8f8fe815a0c0ddb69ec6d51a8b4cba,buy,0x5af2be193a6abca9c8817001f45744777db30756,0xcea262366c867db5584d016bf54ed9ec47eefec3705c64844d63e8a64d69ad7c
168,273.371418,0.820114254,0xf3154b6a677bb09b6be588ecef71005cf93ea0f5,2017-10-28T19:34:54.000Z,0.003,0x273a5d3e6721b9f5c1a6474f560c1334c63dda01,sell,0x5af2be193a6abca9c8817001f45744777db30756,0xcea262366c867db5584d016bf54ed9ec47eefec3705c64844d63e8a64d69ad7c
169,500,1.5,0xe7110bc0d3a125f4e9b7a0c825a8e1a0f53ee5c3,2017-10-28T18:01:20.000Z,0.003,0xecba73e96217cdb23afff854446dda91a103e7fd,sell,0x5af2be193a6abca9c8817001f45744777db30756,0x4d77ed4434efcb09903f9fd4a9f28d7360f48751ad58c5f42b15509fdd29d2c2
170,3.93779357,0.0120102703885,0x40173225bc3156ba5691585695979868d6ef459a,2017-10-28T17:18:49.000Z,0.00305,0x39b421eaf279c35f69afb85c8762d1d7a3511c98,sell,0x5af2be193a6abca9c8817001f45744777db30756,0x7e32ea3542e44a094adc46b189f433ba1ebd159342fa6f081a4b156f86190924
171,550,1.67805,0xfc14a10ae3d3b30e852fa2ccdda00075acb14e93,2017-10-28T17:16:12.000Z,0.003051,0x39b421eaf279c35f69afb85c8762d1d7a3511c98,sell,0x5af2be193a6abca9c8817001f45744777db30756,0x3afb8dddffd128f4108fce3069c3896f8291dc622c92b5c9b8afd1673af46586
172,103.27834594,0.314998955117,0x40173225bc3156ba5691585695979868d6ef459a,2017-10-28T15:42:49.000Z,0.00305,0xeb27420a698cbdab6314bd17dce9bdd0e1ece35d,sell,0x5af2be193a6abca9c8817001f45744777db30756,0xc16f8b1aeba652d325d83fee81e0b1d17d00848c491a8e62b2c81ebd19b2eaa6
173,19.095,0.054844659,0x0ad2ad23e388e5b9e472bbbb87477d6463b72c98,2017-10-28T13:58:20.000Z,0.0028722,0x179db9068c45e6617c13176c4c5082c9e5e347fc,sell,0x5af2be193a6abca9c8817001f45744777db30756,0xed96f41cd78cafb3d8cefb5de2223699643d325cef61c38bc00995a8e23b7ccb
174,0.86247368,0.002477196903696,0x0ad2ad23e388e5b9e472bbbb87477d6463b72c98,2017-10-28T12:25:23.000Z,0.0028722,0x2fd290debb4bb121fad58d3003d002a9e8076d42,sell,0x5af2be193a6abca9c8817001f45744777db30756,0xeb297d98a761562332c33dd25e8c2ca97eb6e8c2efb83c03dabf1435544356f7
175,172.83316075,0.5473223499983824,0xb4af0f3caf35703a52b44ad40c043494adc7531c,2017-10-28T12:09:23.000Z,0.003166767000171189,0x0ad2ad23e388e5b9e472bbbb87477d6463b72c98,buy,0x5af2be193a6abca9c8817001f45744777db30756,0xb143e6d7f220fb945bc3e18425faf8f80ec0b8e179c27ba6492c347ab4888243
176,40.10685802,0.12032057406,0xc2832a0e76fa707f40c172d7d31144a19b10f583,2017-10-28T10:59:52.000Z,0.003,0x49dc235474e153367b593cab41b56dff301fbea0,buy,0x5af2be193a6abca9c8817001f45744777db30756,0x083d281f590f775f584d5de02f773797b187f98c476a04f88059f3b871138ee7
177,17.749,0.053051761,0xc2832a0e76fa707f40c172d7d31144a19b10f583,2017-10-28T10:59:49.000Z,0.002989,0xa36334b0909ab194b9ddb9689bfde7f6b2332220,buy,0x5af2be193a6abca9c8817001f45744777db30756,0x5088b8b8f5a87fe874de3ea11c177ea43859f129a4b2db321a1d46c4d3d4d0b9
178,1621.29600074,4.84605374624139,0x39b421eaf279c35f69afb85c8762d1d7a3511c98,2017-10-28T10:19:23.000Z,0.0029890000000182136,0xa36334b0909ab194b9ddb9689bfde7f6b2332220,buy,0x5af2be193a6abca9c8817001f45744777db30756,0x0679859cf904bedfdb760aa1e390657d9a87bc459a920a22c150c2f5fabdc4cb
179,1.089,0.003160279089,0x23c7bbc74261548e7db86c90019a88215976ca65,2017-10-28T08:59:33.000Z,0.002902001,0xc72636ab43fb087d17eb4c166069b5b814350a36,sell,0x5af2be193a6abca9c8817001f45744777db30756,0xcbb04463a6829d40092ab559559814478699aba3951e983f385374a324b1e3d4
180,530.95496036,1.5870243765243903,0x39b421eaf279c35f69afb85c8762d1d7a3511c98,2017-10-28T08:58:38.000Z,0.002989000000015727,0xa36334b0909ab194b9ddb9689bfde7f6b2332220,buy,0x5af2be193a6abca9c8817001f45744777db30756,0x5ed20a0874168e873d7a844adad588980f67220d206e8d8d73870598e258941b
181,47.513,0.136409918026,0x39b421eaf279c35f69afb85c8762d1d7a3511c98,2017-10-28T08:55:47.000Z,0.002871002,0x244c61e17d15807535c16da6a96dd5a7486dc517,buy,0x5af2be193a6abca9c8817001f45744777db30756,0x646ac89aa942bbcd422c9d6ce328a0fbd342407660771e35ee883814d8a5181f
182,1.09757375,0.003151136448985199,0xc72636ab43fb087d17eb4c166069b5b814350a36,2017-10-28T08:54:47.000Z,0.0028710020160241613,0x244c61e17d15807535c16da6a96dd5a7486dc517,buy,0x5af2be193a6abca9c8817001f45744777db30756,0xadae4aea6d390287fd313b9c44453388a54c85ea608747b61ea7af98d9a457fe
183,1.38489488,0.00401896632665488,0x23c7bbc74261548e7db86c90019a88215976ca65,2017-10-28T08:52:49.000Z,0.002902001,0xc72636ab43fb087d17eb4c166069b5b814350a36,sell,0x5af2be193a6abca9c8817001f45744777db30756,0xabebd04123ee687ac36a7c940673a3a8a3cad25f804f8a336ec540ca3ff54cc1
184,1.38906207,0.003988,0xc72636ab43fb087d17eb4c166069b5b814350a36,2017-10-28T08:52:34.000Z,0.002871002013610522,0x244c61e17d15807535c16da6a96dd5a7486dc517,buy,0x5af2be193a6abca9c8817001f45744777db30756,0x98895cec51ee3bf5d247cd1b54880d0d56eecd71f3c995831971966f982a3760
185,512.72871603,1.3946221076016,0x326e6c686c993b240991a1b199f43190f55e9f22,2017-10-28T07:53:31.000Z,0.00272,0xd263c1afc85a744290fe135704d0681c5cb02c2c,sell,0x5af2be193a6abca9c8817001f45744777db30756,0x64969f6832a7d63478dcac399f64ba9fa0a158bdb301fc35aa1f157d72e92793
186,1.34379357,0.00392390544406497,0x0ad2ad23e388e5b9e472bbbb87477d6463b72c98,2017-10-28T07:47:43.000Z,0.002920021,0xd263c1afc85a744290fe135704d0681c5cb02c2c,sell,0x5af2be193a6abca9c8817001f45744777db30756,0x438326de4b41492d72907df68babc32ce2ee21f95c0f8c785adb11e6033203a4
187,34,0.0991695,0x59478c47d713989bf4347ded91705ad90b5b5582,2017-10-28T07:46:38.000Z,0.00291675,0x49dc235474e153367b593cab41b56dff301fbea0,sell,0x5af2be193a6abca9c8817001f45744777db30756,0x5e343ec4e3a3a479c6776bae1956068321d923c63c9a47dce41a35ee8d25baa1
188,10.714,0.031499170714,0xd6c1a551073732672bac5850c66b8b70c27265ca,2017-10-28T07:46:38.000Z,0.002940001,0x49dc235474e153367b593cab41b56dff301fbea0,sell,0x5af2be193a6abca9c8817001f45744777db30756,0x3baca45cbfc254430ad7888db67da19a32fe247c33e63951b329ff7d517afab8
189,15,0.0441,0x672c8435aeb9dff5b180603d1d4a12b1977c3e67,2017-10-28T07:46:38.000Z,0.00294,0x49dc235474e153367b593cab41b56dff301fbea0,sell,0x5af2be193a6abca9c8817001f45744777db30756,0xb2710f24011d0c69aaa0ef15ad4c471cb2d49b7615941dccc31b5687f2dbfd8a
190,100,0.29,0x49dc235474e153367b593cab41b56dff301fbea0,2017-10-28T05:13:42.000Z,0.0029,0x0a8f2dffef0247042614718456d3afdf1c360806,sell,0x5af2be193a6abca9c8817001f45744777db30756,0xfd7843a9b54912f165f970d9cff5eb4cf8b058143a4c97a95daa6f954012e925
191,200,0.584004,0x81f8816bf5062423ebf704bbb2a8143ff30134b8,2017-10-28T05:09:17.000Z,0.00292002,0x0a8f2dffef0247042614718456d3afdf1c360806,sell,0x5af2be193a6abca9c8817001f45744777db30756,0xfc09f3db2bcf5c30ab8e784e196bf09d53e4912bd27dc5f0a609efdf288ad4ab
192,133,0.39102266,0x0ad2ad23e388e5b9e472bbbb87477d6463b72c98,2017-10-28T05:08:42.000Z,0.00294002,0x0a8f2dffef0247042614718456d3afdf1c360806,sell,0x5af2be193a6abca9c8817001f45744777db30756,0x76b22b418a5489509193bc818804476fa9aa51116aaeb2fa65ad55757bc932e4
193,330,0.98637,0x23c7bbc74261548e7db86c90019a88215976ca65,2017-10-28T02:28:27.000Z,0.002989,0xa36334b0909ab194b9ddb9689bfde7f6b2332220,buy,0x5af2be193a6abca9c8817001f45744777db30756,0x500ce87c59cdb44b0f7d9d4c4d318f078dc5174841652b4e44c3e8d6bfed83cf
194,314.67629033,0.996508694655559,0xc1aac4101f510c66e44f0f0aee922051efc3ae53,2017-10-28T02:19:32.000Z,0.003166774000070115,0x23c7bbc74261548e7db86c90019a88215976ca65,buy,0x5af2be193a6abca9c8817001f45744777db30756,0xd979d1046d81248a40aee6a00bd3081291d14d37daddb2a4484670ad9ffbb761
195,49.84547901,0.1455498454642592,0x0ad2ad23e388e5b9e472bbbb87477d6463b72c98,2017-10-27T21:34:25.000Z,0.002920021,0x527eee074b45bdc782075223df9d29aff1a64597,sell,0x5af2be193a6abca9c8817001f45744777db30756,0x07c1130d1b0818ab0eaa1aa2f3727ca835d55ab8a14011f702b9c0cd5ff8b83e
196,1123.7633025,3.567935000299073,0x692adae6c82569148bfa99f3722eb297959d6ab2,2017-10-27T21:23:58.000Z,0.003174988000018868,0x23c7bbc74261548e7db86c90019a88215976ca65,buy,0x5af2be193a6abca9c8817001f45744777db30756,0xa22b97ab38e2f5f2aef844b09f30993c45cb31d8c43e03265f6335280b4241d3
197,50,0.15949495,0xff64f34e8511693e3dffa0e1fe037a6a65f3937b,2017-10-27T13:34:51.000Z,0.003189899,0x23c7bbc74261548e7db86c90019a88215976ca65,buy,0x5af2be193a6abca9c8817001f45744777db30756,0x25ed36431650c57294c589fcfac67d2599593c3391a11237fbd3e7ce1ced9479
198,47,0.1457,0x98b35e9447c24e45a187d8cd8d275a2e83f8f01b,2017-10-27T13:31:54.000Z,0.0031,0x23c7bbc74261548e7db86c90019a88215976ca65,sell,0x5af2be193a6abca9c8817001f45744777db30756,0xaadd663c00bace5d6c2eeeab487070acb0f2cadb679180acc63009675fd861d2
199,47,0.1457,0x98b35e9447c24e45a187d8cd8d275a2e83f8f01b,2017-10-27T13:31:29.000Z,0.0031,0x23c7bbc74261548e7db86c90019a88215976ca65,sell,0x5af2be193a6abca9c8817001f45744777db30756,0xaadd663c00bace5d6c2eeeab487070acb0f2cadb679180acc63009675fd861d2
200,32,0.09744,0x4811939208b721e7823b0d79a1de982dd4726592,2017-10-27T12:00:52.000Z,0.003045,0xad04a36e77d7c590d3c85448a7e26a6d934f16e8,sell,0x5af2be193a6abca9c8817001f45744777db30756,0x04e5028bb464ee43c1a3a8a566a31d55a75db3b8ef5055a9675b5c78f8777e97
201,5,0.01525,0x40173225bc3156ba5691585695979868d6ef459a,2017-10-27T12:00:22.000Z,0.00305,0xad04a36e77d7c590d3c85448a7e26a6d934f16e8,sell,0x5af2be193a6abca9c8817001f45744777db30756,0xddd98e1f2f7349391cc3a466a8e357a8bf458bd8e72724a7ed335835b2f5226f
202,20.99050511,0.0640210405855,0xb3c74e8478cb91b17d0f78e3d0e3ea574c9fe2f8,2017-10-27T12:00:22.000Z,0.00305,0xad04a36e77d7c590d3c85448a7e26a6d934f16e8,sell,0x5af2be193a6abca9c8817001f45744777db30756,0xecc9f4785df1743fa973db770b0a24e7e7184231b798274f6777258be8c12d36
203,1000,3,0xfbedfbeb6e526a85381f37d2f3b0db6982430ed9,2017-10-27T11:46:54.000Z,0.003,0xcafc13a82d2f7156db3c1f978e176221206f384c,sell,0x5af2be193a6abca9c8817001f45744777db30756,0x51790b4aa16c66708a5a04f518fe91ad4c989b3202ce613e85c0347d65589c4b
204,1.87321736,0.005713312948,0xb3c74e8478cb91b17d0f78e3d0e3ea574c9fe2f8,2017-10-27T10:37:32.000Z,0.00305,0x1fca8cfd861ef4373e7f76d5bc06564ae23f4ead,sell,0x5af2be193a6abca9c8817001f45744777db30756,0xd077cf468110d76acd92e8254f2eaf0c4e9ceac35ec54e9a7581ef498380204b
205,0.87902434,0.002812877903499152,0x1fca8cfd861ef4373e7f76d5bc06564ae23f4ead,2017-10-27T10:20:10.000Z,0.003200000017632222,0xf78e54692d9365552b7e59630dc65add5dcdda7e,buy,0x5af2be193a6abca9c8817001f45744777db30756,0x19a7b41110e648599d5c58c626f3eb0de068bb1a46b91b31a4a277594be054cd
206,147,0.4704,0x3dad6202f1b6d30753062a16db6aa84950821a44,2017-10-27T10:17:27.000Z,0.0032,0xf78e54692d9365552b7e59630dc65add5dcdda7e,buy,0x5af2be193a6abca9c8817001f45744777db30756,0xf49d6d557c75fd4357879d0be370622e10a2a1244c517a6ade1a3c77f775745c
207,0.51358108,0.001643459456,0x3dad6202f1b6d30753062a16db6aa84950821a44,2017-10-27T10:04:23.000Z,0.0032,0xdbbae39c54992479faac890e81eb4d8579b951d6,buy,0x5af2be193a6abca9c8817001f45744777db30756,0x82ca07a295843f05f7bb5476fb73d383881db06abd3da75299f108ea14961331
208,175,0.56,0x40173225bc3156ba5691585695979868d6ef459a,2017-10-27T09:55:18.000Z,0.0032,0x0ad2ad23e388e5b9e472bbbb87477d6463b72c98,sell,0x5af2be193a6abca9c8817001f45744777db30756,0xdacdbe3d2fd342e1dfb4a343d3c54b265cd35135b0124065c31354f3bfaa49f1
209,100,0.309,0xfa9b28bd2a7d3562a0a78980357be64d5c8b16fb,2017-10-27T09:33:54.000Z,0.00309,0x23c7bbc74261548e7db86c90019a88215976ca65,sell,0x5af2be193a6abca9c8817001f45744777db30756,0x6137f7a72d92eafa43071237f5f915cc8db7b2d508bd87faffd0bc3afad9efde
210,382.71757553,1.1672905189543776,0xecba73e96217cdb23afff854446dda91a103e7fd,2017-10-27T09:27:17.000Z,0.003050005,0x6a1afc7af4278351bca6125e03cc9e1a3f41e80a,sell,0x5af2be193a6abca9c8817001f45744777db30756,0xf0c98d2f34ef62a6f86973109801d723066303e6703e804661ad75c578bbbca5
211,117.28242447,0.35771198104562235,0xecba73e96217cdb23afff854446dda91a103e7fd,2017-10-27T09:16:22.000Z,0.003050005,0xbbc46c6e1dd9819043112589512252198f9f985a,sell,0x5af2be193a6abca9c8817001f45744777db30756,0xf7b9be553d973108d8a39fe88186c4a6be858c1073cc3fe3f502ac5e0c701d95
212,401.75456086,1.225351410623,0xb3c74e8478cb91b17d0f78e3d0e3ea574c9fe2f8,2017-10-27T08:03:23.000Z,0.00305,0xfd0fe438cf033aab2a6998a95f2614d231ab8e04,sell,0x5af2be193a6abca9c8817001f45744777db30756,0x5b207d3af09a4377207f014cc90e225dd202d33d019e76336e316cdf689ebadd
213,1.38171667,0.0042142358435,0xb3c74e8478cb91b17d0f78e3d0e3ea574c9fe2f8,2017-10-27T07:59:35.000Z,0.00305,0x4356e668ed53d2a6ade5db082bab27bc3f7961ef,sell,0x5af2be193a6abca9c8817001f45744777db30756,0x19ba53d5838b68bd125a0618e93a1934d703e0628613daf280bea76b755137bf
214,988,3.1122,0x19ab61f87c3065a7a9c12f678fffd563bd0a8e9f,2017-10-27T04:34:26.000Z,0.00315,0x326e6c686c993b240991a1b199f43190f55e9f22,buy,0x5af2be193a6abca9c8817001f45744777db30756,0x972ef078b49bb8a0b895cfba3ee1a62f12994fb6957e177bdb9b0f1244c4bacd
215,292,0.88914,0x19ab61f87c3065a7a9c12f678fffd563bd0a8e9f,2017-10-27T04:34:17.000Z,0.003045,0xff96cb16399110f0b6bafb399dd8f39bb651ce14,buy,0x5af2be193a6abca9c8817001f45744777db30756,0xc72befb87f7e09f26f75cef6cd498e822455637d0ec1309e8f0a0a66e58d7fe9
216,101,0.307545,0xa537d985a15358e5095fa653a184454c2f142544,2017-10-27T04:32:58.000Z,0.003045,0xff96cb16399110f0b6bafb399dd8f39bb651ce14,buy,0x5af2be193a6abca9c8817001f45744777db30756,0x0c1c11f38e67cd1e8fc571523a2a68ff44155f79a63eac8aee15bdbbb2936812
217,8.1,0.025515,0xa83acd1b5c446fddd0797d83e7549a8a9f494592,2017-10-27T03:34:06.000Z,0.00315,0x0adc54fbcb39e3bcb5a632b8e0e3dc8bfa0e2e47,buy,0x5af2be193a6abca9c8817001f45744777db30756,0x39e772c2ebf38a2cbf6521e92832af425a591e7db4cf7866539901b8720777fe
218,17.306,0.05261024,0xb4644415a639bf48418f50717ea59e7299682173,2017-10-27T00:25:21.000Z,0.00304,0xf78e54692d9365552b7e59630dc65add5dcdda7e,buy,0x5af2be193a6abca9c8817001f45744777db30756,0x5593f32cf588d3c7190e1a27451fb01c51f5ccb891ccaa8f82f760f9333b6cbe
219,1250,3.78749875,0x7a7c8ea9ecec9dfe225dd07b8c75e54a6ab83bcf,2017-10-26T22:35:44.000Z,0.003029999,0xecba73e96217cdb23afff854446dda91a103e7fd,buy,0x5af2be193a6abca9c8817001f45744777db30756,0x152e13df91cd0e289e18e7f18114e51d7fbafe0c8eda173e6d16f97a0a5dbf97
220,67.907,0.20467441428,0xb3c74e8478cb91b17d0f78e3d0e3ea574c9fe2f8,2017-10-26T22:33:20.000Z,0.00301404,0x3ca29071b89c740c37e64311da85e25ab1c3f623,buy,0x5af2be193a6abca9c8817001f45744777db30756,0xaac9b39b71430b1e95f3ff46dfc8e7db64c6d931b11d9cf4df176721fa1b5243
221,582.09293419,1.7544513873742,0xfbedfbeb6e526a85381f37d2f3b0db6982430ed9,2017-10-26T22:25:33.000Z,0.00301404000001404,0x3ca29071b89c740c37e64311da85e25ab1c3f623,buy,0x5af2be193a6abca9c8817001f45744777db30756,0x335ab160cb4c16fd19dc967c06fbec2bfddce9b3affe2b9ba7fd89583ffeed15
222,39.003,0.11349873,0xdcdbb380953c9cfa4f51a8d9f80d88b9a362e707,2017-10-26T21:43:29.000Z,0.00291,0x77e38518025269c88d15159ecfc776f1ba028dcf,sell,0x5af2be193a6abca9c8817001f45744777db30756,0x2deebcec71f9a57cc389508de0fa0298a2519a90d57483588d574bdbbac02cd6
223,0.99690958,0.0029010068778,0xdcdbb380953c9cfa4f51a8d9f80d88b9a362e707,2017-10-26T21:25:57.000Z,0.00291,0xb4c432a9559a4f1464d2bff9fcbbdc14f1c39dec,sell,0x5af2be193a6abca9c8817001f45744777db30756,0x71ba47f751ff4f3ea7c82e38ae97e4ae7c3c7b8c36d702c4a010f3b91cebfaff
224,1250,3.76755,0xcb92f70517bdf70332a8341af6134d366a8111e7,2017-10-26T20:22:40.000Z,0.00301404,0x3ca29071b89c740c37e64311da85e25ab1c3f623,buy,0x5af2be193a6abca9c8817001f45744777db30756,0x0eaebb07510b77cbe4f5f70a6538cb4c3eb6eff3ba296bacea3171ebddcfd113
225,250,0.75,0xcb92f70517bdf70332a8341af6134d366a8111e7,2017-10-26T20:22:06.000Z,0.003,0x9c1e1d8afa13017f18509d20fdadf7ad46fdb934,buy,0x5af2be193a6abca9c8817001f45744777db30756,0xc57a70127b9748ffd11e84bdc85f11786e67880ef728519d96b5b3c5b39b2a07
226,1000,3.013,0xcb92f70517bdf70332a8341af6134d366a8111e7,2017-10-26T19:18:36.000Z,0.003013,0x75a609d99b6642e03fec806683c9aa8df20f847c,buy,0x5af2be193a6abca9c8817001f45744777db30756,0x1162c4386b102663c02830ee28bc4ad8e394edec810986c1976560dba46c1b13
227,199.38191706,0.5682404574401706,0x77e38518025269c88d15159ecfc776f1ba028dcf,2017-10-26T17:10:16.000Z,0.00285001,0x9822d473b37741449b7e3b956c3e537792fbca46,sell,0x5af2be193a6abca9c8817001f45744777db30756,0x9fb576f413509d5e39b327ac9c62c94d7d79c4fe1ecc61c32504b60d0721005f
228,23.694,0.07141466376,0xb4644415a639bf48418f50717ea59e7299682173,2017-10-26T15:41:21.000Z,0.00301404,0x3ca29071b89c740c37e64311da85e25ab1c3f623,buy,0x5af2be193a6abca9c8817001f45744777db30756,0x54e67fd70c68cdc8f825366264807571d1a84fe3bec3511f8e234e513fd57a5f
229,99.38291129,0.2832412971765,0x15225c483a142417a03425365f52a1eea819079a,2017-10-26T14:48:14.000Z,0.00285,0x73255d98f7ac75beb5397febd37db3b3650d8156,sell,0x5af2be193a6abca9c8817001f45744777db30756,0x8e9f4230a952745144cfbbbcedb9939e39c2cc0f176f60bee0cf4805f0468d21
230,195.26720591,0.5916576812488723,0x1258ac82d244f6fd8199ec61d107e04b00148df6,2017-10-26T14:25:08.000Z,0.003029990000069809,0x77e38518025269c88d15159ecfc776f1ba028dcf,buy,0x5af2be193a6abca9c8817001f45744777db30756,0x15c87fa8f93d12fa2aaebe44a097a2640af1b24a64959fdda63d0e540663af56
231,99.69095803,0.279134682484,0x73255d98f7ac75beb5397febd37db3b3650d8156,2017-10-26T13:57:15.000Z,0.0028,0x3ba2112383b52d416eba58c4d2824df0b984bd9c,sell,0x5af2be193a6abca9c8817001f45744777db30756,0x8de86f5b3a27d2bb80277645ebc3241db6bb5df34429908e9c65a065f69fa27a
232,30,0.0897,0xf18521dc5c211dc0ed6c85b034d4f46d456950bb,2017-10-26T13:20:14.000Z,0.00299,0x35aa8680b1ca1cc4256e618475f84f71ad161b52,buy,0x5af2be193a6abca9c8817001f45744777db30756,0x66857ab5c11b230156fb5e481a7a8bd3d7128563c2785ec26ab00d69541c9683
233,55.64665822,0.16137508627855232,0xf18521dc5c211dc0ed6c85b034d4f46d456950bb,2017-10-26T13:16:37.000Z,0.0028999960004885326,0x49dc235474e153367b593cab41b56dff301fbea0,buy,0x5af2be193a6abca9c8817001f45744777db30756,0xcb491c1e543857e424b58c0e64a9e292621338d6c9225a6091a16e960b231922
234,60.8,0.176319696,0xf18521dc5c211dc0ed6c85b034d4f46d456950bb,2017-10-26T13:13:53.000Z,0.002899995,0x2aab2950adc18cfc862770309acfdb4b4b2e0297,buy,0x5af2be193a6abca9c8817001f45744777db30756,0x1ca274cd3b4caa3ce189fc460161bb2d998edc92a739288ada359b9534f56b3b
235,141.545,0.410480075365,0xf18521dc5c211dc0ed6c85b034d4f46d456950bb,2017-10-26T13:08:16.000Z,0.002899997,0x4497dcdd22a495c1a19c4e0c6de275e3d0f84c7e,buy,0x5af2be193a6abca9c8817001f45744777db30756,0x1aaffc961390e9f8a1f9a4a3adce96a0332fb9a0708ece2c4794c05c4e11faa5
236,1470,4.3953,0x77e38518025269c88d15159ecfc776f1ba028dcf,2017-10-26T12:29:05.000Z,0.00299,0x35aa8680b1ca1cc4256e618475f84f71ad161b52,buy,0x5af2be193a6abca9c8817001f45744777db30756,0x5cd320436b213d07420ae0837240ca312922d83d42302926feb415e1771e3fc8
237,60.704,0.17179232,0x2aab2950adc18cfc862770309acfdb4b4b2e0297,2017-10-26T12:04:27.000Z,0.00283,0x3dee4a4e076e8d82859d241db0baf46f112cfa23,buy,0x5af2be193a6abca9c8817001f45744777db30756,0xc1b315832a6471eac98fa2ae11add0aeb150012f74a9ebcf791930d037d30576
238,0.00001083,0.000000030666915536,0x2aab2950adc18cfc862770309acfdb4b4b2e0297,2017-10-26T11:59:37.000Z,0.0028316634843951983,0x3dee4a4e076e8d82859d241db0baf46f112cfa23,buy,0x5af2be193a6abca9c8817001f45744777db30756,0xb018cb5aac377b0747658470f54d4f90fa896790be05a7829a5318a74121f5f5
239,0.1060758,0.000307619829738637,0x2aab2950adc18cfc862770309acfdb4b4b2e0297,2017-10-26T11:58:55.000Z,0.0029000000918082826,0x3dee4a4e076e8d82859d241db0baf46f112cfa23,buy,0x5af2be193a6abca9c8817001f45744777db30756,0xb827391e9157736f1ea5583f1f8d8bb9a660c4fb2b5b268172a54b2877814de8
240,74.7751947,0.207627535371543,0x59478c47d713989bf4347ded91705ad90b5b5582,2017-10-26T11:20:42.000Z,0.00277669,0xca4525d600ac0a5d4c306c1e6ab9202fc1580393,sell,0x5af2be193a6abca9c8817001f45744777db30756,0x72d88ce12f9f0240d7d7b741a7377c21eddc28c044aebdc29bbd65da74e6d435
241,39.98404945,0.1110233102673205,0x59478c47d713989bf4347ded91705ad90b5b5582,2017-10-26T10:22:08.000Z,0.00277669,0x35bb7ab3956738e0b6e9e1cbc1732d357bee9793,sell,0x5af2be193a6abca9c8817001f45744777db30756,0x407bf9de345f41a3a339227472c894a4244fb78e149ad37be7dba0b64ca6faee
242,182,0.5096,0x079972ac6d0133486a1b1cd3c40084e85abaf91b,2017-10-26T10:21:29.000Z,0.0028,0x35bb7ab3956738e0b6e9e1cbc1732d357bee9793,sell,0x5af2be193a6abca9c8817001f45744777db30756,0x74d756b83c4b027c9985c982e22ea53a5de4bbf2be52a6efc35de3a4e8c4145c
243,9.00000007,0.024300000189,0x1d5321e125f6c7079a716705541c7b371ca79e69,2017-10-26T07:57:31.000Z,0.0027,0x8ea2c25b97b59e62e6b2359de47f3f790e4fc79d,buy,0x5af2be193a6abca9c8817001f45744777db30756,0x28bb3bd14fab55c64b92c306efd00093a0ebc561a27455b9676f5f5e5eec8fcc
244,8.97308082,0.0249154637820858,0x59478c47d713989bf4347ded91705ad90b5b5582,2017-10-26T07:57:31.000Z,0.00277669,0x1d5321e125f6c7079a716705541c7b371ca79e69,sell,0x5af2be193a6abca9c8817001f45744777db30756,0x28bb3bd14fab55c64b92c306efd00093a0ebc561a27455b9676f5f5e5eec8fcc
245,9,0.02547,0x8ea2c25b97b59e62e6b2359de47f3f790e4fc79d,2017-10-26T07:50:14.000Z,0.00283,0x3dee4a4e076e8d82859d241db0baf46f112cfa23,buy,0x5af2be193a6abca9c8817001f45744777db30756,0x12eeba1bc96964904c27faa221f35e2d66c0bbc40eeb1ba8e4e15660d3161bac
246,50,0.1388345,0x6ee3c78a15071bfca6acd1d71f8567625118d1ff,2017-10-26T06:39:11.000Z,0.00277669,0x244c61e17d15807535c16da6a96dd5a7486dc517,buy,0x5af2be193a6abca9c8817001f45744777db30756,0xa5b6af79f2dc6a8d695da1ed28592058cbdac772b9bfb7f77982a0b3398cffae
247,3.09199808,0.0085855201487552,0x59478c47d713989bf4347ded91705ad90b5b5582,2017-10-26T05:49:17.000Z,0.00277669,0xe0e4abedefd57c4020add187b8ca1cd96ee4bc45,sell,0x5af2be193a6abca9c8817001f45744777db30756,0xf08c1d8e71a864ccfb046271de007f94e50744e495abdb543ab1d5b47033ae48
248,60.88044511,0.17655304730829105,0xa48fb6a720d7b6ec648c70d51e0d93de61c6dfef,2017-10-26T03:43:29.000Z,0.0028999960001818564,0x49dc235474e153367b593cab41b56dff301fbea0,buy,0x5af2be193a6abca9c8817001f45744777db30756,0x91fe038a0d74a980d9133346e20358fb983d49bfbb0bd88d416a363fad0f4b68
249,29.94,0.083832,0xa48fb6a720d7b6ec648c70d51e0d93de61c6dfef,2017-10-26T03:40:39.000Z,0.0028,0x3453011daa568b3fed926bb0cf5e0a7b62454c97,buy,0x5af2be193a6abca9c8817001f45744777db30756,0x7fdbcc9776109ab7a116ccf71f868b8003e52b98e50177aa6c0302112ac11e35
250,100,0.277669,0xa36334b0909ab194b9ddb9689bfde7f6b2332220,2017-10-26T03:38:49.000Z,0.00277669,0x244c61e17d15807535c16da6a96dd5a7486dc517,buy,0x5af2be193a6abca9c8817001f45744777db30756,0x9ce921605f5981a4354672554412de8df25401955d60b984edd6b98e774654ab
251,5,0.014,0xcaf0ed00c6483578fcfc43a6f38ed20409b33e55,2017-10-26T02:41:11.000Z,0.0028,0x3453011daa568b3fed926bb0cf5e0a7b62454c97,buy,0x5af2be193a6abca9c8817001f45744777db30756,0x71250d6ce10f8713a3b45f8aa79cf1eca31c8c1b88e7fe3f190cfd591a9f95cf
252,33,0.0924,0xcaf0ed00c6483578fcfc43a6f38ed20409b33e55,2017-10-26T02:36:58.000Z,0.0028,0x3453011daa568b3fed926bb0cf5e0a7b62454c97,buy,0x5af2be193a6abca9c8817001f45744777db30756,0x5203aae070bc2cd2d0754b50461c75be64470fe3cdec07377ef01e8c37f1b4b9
253,8,0.0224,0xd7fd6ed94ed2cc8b45385d3dd879c885f41f4168,2017-10-26T01:50:42.000Z,0.0028,0x3453011daa568b3fed926bb0cf5e0a7b62454c97,buy,0x5af2be193a6abca9c8817001f45744777db30756,0xd65d56f8a68a3bdce75e352d919f0bb4a5344804636412df1b4182063b0191ab
254,193.90917984,0.528402515064,0x8d271b7dee29678ddbb3669c8a3f15f0a3713b9a,2017-10-25T23:27:39.000Z,0.002725,0x1ed014aec47fae44c9e55bac7662c0b78ae61798,sell,0x5af2be193a6abca9c8817001f45744777db30756,0x3efd73469be40632532be4429ef6a3ec0400e7ce4b35a5f10cd2cdafed52a267
255,5,0.01449998,0xedf5de3807d23e5d85b0caa1e10d52b85c2a6965,2017-10-25T23:13:44.000Z,0.002899996,0x49dc235474e153367b593cab41b56dff301fbea0,buy,0x5af2be193a6abca9c8817001f45744777db30756,0x5a1dcca67af99a217e20028174880bb9375d2885f47060cd7a733be818f174e4
256,0.03547192,0.000096660982,0x8d271b7dee29678ddbb3669c8a3f15f0a3713b9a,2017-10-25T23:11:02.000Z,0.002725,0x6e562ae36a18f65897dddc9fc92b0b358776d171,sell,0x5af2be193a6abca9c8817001f45744777db30756,0xe4eaf6a82a06ee565e8c70ceda53c486ceec6808af74d54e1e3cabb221d759d6
257,355.81873326,0.9696060481335,0x8d271b7dee29678ddbb3669c8a3f15f0a3713b9a,2017-10-25T23:08:21.000Z,0.002725,0x6e562ae36a18f65897dddc9fc92b0b358776d171,sell,0x5af2be193a6abca9c8817001f45744777db30756,0x4650949803d926ddc7b014b0892e933ecbb81437c0b7ebf17c03c312b311a64f
258,785.522,2.0423572,0xb86627bba051540e4e86fafb7473d304d4949200,2017-10-25T23:07:03.000Z,0.0026,0x6e562ae36a18f65897dddc9fc92b0b358776d171,sell,0x5af2be193a6abca9c8817001f45744777db30756,0xa3e66abab60d7581c59f0562809478d7008a71e98ab45bbdf2ea736540a3d861
259,41.61798424,0.1132933090578128,0x200166c39876bcac54d913a1167da8a0f47c3a04,2017-10-25T21:35:48.000Z,0.00272222,0x0cee9942a8dc4aa6f594d680f6b9654f02ab62d1,sell,0x5af2be193a6abca9c8817001f45744777db30756,0xee8820dc3239aca65bcdf38a966bd6ce1a50678634f4531fdb0481db18b4d307
260,26.72289665,0.07749629341315661,0x7de40b76e2282d0a23e0fac22aced903c44b6ac8,2017-10-25T21:23:51.000Z,0.0028999960007388124,0x49dc235474e153367b593cab41b56dff301fbea0,buy,0x5af2be193a6abca9c8817001f45744777db30756,0x38310b43839dd73ffa6cfc91aced7e2b3dc423a4cbe87d1c73311db77b67d800
261,101,0.292899596,0x7de40b76e2282d0a23e0fac22aced903c44b6ac8,2017-10-25T19:36:01.000Z,0.002899996,0x49dc235474e153367b593cab41b56dff301fbea0,buy,0x5af2be193a6abca9c8817001f45744777db30756,0xb8b76c33e28ed9a90348849abd3c57f9f1785d2ed744f8b800f5a7bdfd58264b
262,250,0.7249995,0x40173225bc3156ba5691585695979868d6ef459a,2017-10-25T16:12:23.000Z,0.002899998,0x49dc235474e153367b593cab41b56dff301fbea0,sell,0x5af2be193a6abca9c8817001f45744777db30756,0x0575a19da9c249d37001d0b1792875286471be1eb2666758e3c90ff9b1e9f146
263,26,0.068146,0x8be9b4fc633014f520db96c4b75de38954ce6802,2017-10-25T14:20:18.000Z,0.002621,0xdbbae39c54992479faac890e81eb4d8579b951d6,sell,0x5af2be193a6abca9c8817001f45744777db30756,0xb4974b51f92152646fee258455a8621091f951b27e5a14fc04c45ecd5205a448
264,5164.16469038,13.4784698418918,0x73255d98f7ac75beb5397febd37db3b3650d8156,2017-10-25T13:39:13.000Z,0.00261,0x6aef2850c2ce2ef583ae8a36be3357080608bdc3,sell,0x5af2be193a6abca9c8817001f45744777db30756,0xc09813eea95dc8182388dbaea4f849b2ddd73c1f5d815ed7eff54b6d2832e8cc
265,5000,13.055,0x009a12d4290630bc01fd82516ac57c1dc6a9bcfb,2017-10-25T13:39:13.000Z,0.002611,0x6aef2850c2ce2ef583ae8a36be3357080608bdc3,sell,0x5af2be193a6abca9c8817001f45744777db30756,0x9d008c38801b6cc4e9e0fc54924a81606b9761743bf47ff10280a9a7fca05837
266,3180,8.30298318,0x23c7bbc74261548e7db86c90019a88215976ca65,2017-10-25T13:39:13.000Z,0.002611001,0x6aef2850c2ce2ef583ae8a36be3357080608bdc3,sell,0x5af2be193a6abca9c8817001f45744777db30756,0x071f3f758fd85362b584e8ece02e5369f9c70304533541659be73289a43c82da
267,0.65463608,0.00196390824,0xee88b84a838e94bf43d659b544fe847a0228cce7,2017-10-25T13:39:13.000Z,0.003,0x6aef2850c2ce2ef583ae8a36be3357080608bdc3,sell,0x5af2be193a6abca9c8817001f45744777db30756,0xb77302498bc80ef0a9c6ca2af3f9ce73ed275b0c1f84cfb9e84bf6b005e9a358
268,2335.83530962,6.0965301581082,0x73255d98f7ac75beb5397febd37db3b3650d8156,2017-10-25T13:09:15.000Z,0.00261,0x23c7bbc74261548e7db86c90019a88215976ca65,sell,0x5af2be193a6abca9c8817001f45744777db30756,0xc2fb2586666fac9df07743b8a716ce670f365794e7ce848a89691838aba32e1e
269,0.00009726,0.00000029178,0xee88b84a838e94bf43d659b544fe847a0228cce7,2017-10-25T11:58:09.000Z,0.003,0xbbab400ed56179fc0a099f844fb9764d6593e630,sell,0x5af2be193a6abca9c8817001f45744777db30756,0x5223d283dd1dc84b55bbb65c33d62c67daf4e93c64c56522b072874884086d4a
270,69.78367062,0.18981165387007062,0x3dee4a4e076e8d82859d241db0baf46f112cfa23,2017-10-25T11:57:11.000Z,0.002720001,0xbbab400ed56179fc0a099f844fb9764d6593e630,sell,0x5af2be193a6abca9c8817001f45744777db30756,0x1830b842d90b155c6b1a7bfbe74858c5d35d83db23beb721c03bbfb33c55edd3
271,312.30087675,0.8744527608289328,0xa5d7d7a2b5edc37d43b5da1629cfac6c3d23c7ef,2017-10-25T11:38:08.000Z,0.002800033,0x23c7bbc74261548e7db86c90019a88215976ca65,sell,0x5af2be193a6abca9c8817001f45744777db30756,0x49ac2403f0db10c78578e2820e3042e994ce981d6e2df517f9c0552d70bad240
272,230.29277557,0.644826680379267,0x4b3ca3ca83ed3665642355b6103903bcff3439bd,2017-10-25T11:38:08.000Z,0.00280003,0x23c7bbc74261548e7db86c90019a88215976ca65,sell,0x5af2be193a6abca9c8817001f45744777db30756,0x6a53b99c3fb46c78cc99bf23c1aa1e90419cd19314a80e36d71cea1aec470526
273,152.862,0.42869230728,0x200166c39876bcac54d913a1167da8a0f47c3a04,2017-10-25T11:37:50.000Z,0.00280444,0x23c7bbc74261548e7db86c90019a88215976ca65,sell,0x5af2be193a6abca9c8817001f45744777db30756,0xbc728f17218d2a39caa2fa498e43aa3a8cfa091d6db7ccd62432996e47d45f50
274,19.5,0.0600015,0x32b8e9db7aa208845b90e14111021e8e513d09ad,2017-10-25T11:24:12.000Z,0.003077,0x23c7bbc74261548e7db86c90019a88215976ca65,sell,0x5af2be193a6abca9c8817001f45744777db30756,0xd6c801ac27794f3b8aea0920b91ac57da1220f99d542d70beaad0fc5bb051825
275,65.2,0.2006202044,0xee88b84a838e94bf43d659b544fe847a0228cce7,2017-10-25T08:41:09.000Z,0.003076997,0x23c7bbc74261548e7db86c90019a88215976ca65,sell,0x5af2be193a6abca9c8817001f45744777db30756,0x4c4e3004d3e9e13fe232ece98611d43f3afbb43d24b70eb615b8d72cbf63d576
276,46.85475027,0.1314013358471988,0x200166c39876bcac54d913a1167da8a0f47c3a04,2017-10-25T08:37:17.000Z,0.00280444,0x02be1b6ed2978533a5dd32f9afb702453df966af,sell,0x5af2be193a6abca9c8817001f45744777db30756,0x03364238ed1e16cb6bb61a39163ee70829a585927e2b92263af5655604ed46ec
277,250.28312232,0.7019039995591008,0x200166c39876bcac54d913a1167da8a0f47c3a04,2017-10-25T07:55:28.000Z,0.00280444,0xcf9b7d3fc2427fff2f4dccb7298f6e3070977653,sell,0x5af2be193a6abca9c8817001f45744777db30756,0x16b04ccd541c98afca9782125cf7bd76fe277a8bbe5906b79a08d69c8ecbea97
278,268,0.751590188,0x23c7bbc74261548e7db86c90019a88215976ca65,2017-10-25T07:53:27.000Z,0.002804441,0xcf9b7d3fc2427fff2f4dccb7298f6e3070977653,sell,0x5af2be193a6abca9c8817001f45744777db30756,0xfccfac2f36c846f02ff03d278e3665e1526689eccc6e8e5242214d64e34bc9f0
279,379,1.0628831769,0x8be9b4fc633014f520db96c4b75de38954ce6802,2017-10-25T07:51:35.000Z,0.0028044411,0xcf9b7d3fc2427fff2f4dccb7298f6e3070977653,sell,0x5af2be193a6abca9c8817001f45744777db30756,0x4f2d36847deb74cd14647344e2300a43ee1e296f876c95e460a0349d0f2ec8f5
280,21,0.0588932631,0x8be9b4fc633014f520db96c4b75de38954ce6802,2017-10-25T07:06:28.000Z,0.0028044411,0xdbbae39c54992479faac890e81eb4d8579b951d6,sell,0x5af2be193a6abca9c8817001f45744777db30756,0xb4830c665057c81b4e55fe8a5846962e783673c3df740fd1f67d46f5d2f0c42f
281,58,0.16762,0xd90f87f04f263559c8c73d3d1c0a040c19990a48,2017-10-25T06:00:45.000Z,0.00289,0x15dbb6a4bf87ee1a103211e33dae36b56ae365fb,sell,0x5af2be193a6abca9c8817001f45744777db30756,0x326c29dc77c83c0eec6bb3163f1bf74669bda1efa646e4209889bb1d0ce78b45
282,104.62065307,0.303399893903,0xf78e54692d9365552b7e59630dc65add5dcdda7e,2017-10-25T05:55:59.000Z,0.0029,0x15dbb6a4bf87ee1a103211e33dae36b56ae365fb,sell,0x5af2be193a6abca9c8817001f45744777db30756,0xbeb5210f05d532852a2d552abd59a9a0ad39456ebdaa673867ca20326f628826
283,125,0.362500125,0x23c7bbc74261548e7db86c90019a88215976ca65,2017-10-25T05:07:03.000Z,0.002900001,0x15dbb6a4bf87ee1a103211e33dae36b56ae365fb,sell,0x5af2be193a6abca9c8817001f45744777db30756,0x550661e83af557f4c6659766e4a86f68ca0bf5bd9fe3646ceaee9c8483ad53a0
284,145.37934693,0.421600106097,0xf78e54692d9365552b7e59630dc65add5dcdda7e,2017-10-25T05:04:42.000Z,0.0029,0xbf8d22b16f4b81f7a9592c84c976cead494f9120,sell,0x5af2be193a6abca9c8817001f45744777db30756,0x84f259ca27c699fcc7f7f440e294b7ab82ee8a500c6539f7d650f1893953021c
285,85.13678376,0.246896672904,0x8327338695014f89d4ae86aadddc0daf01d335f8,2017-10-25T05:03:40.000Z,0.0029,0xbf8d22b16f4b81f7a9592c84c976cead494f9120,sell,0x5af2be193a6abca9c8817001f45744777db30756,0xa639bce8fafb74894f1b96d955e0dbe3d71e8c2789c7bfd9f1964ae4134ff2cf
286,2.161,0.0062669019449,0xecba73e96217cdb23afff854446dda91a103e7fd,2017-10-25T05:03:40.000Z,0.0029000009,0xbf8d22b16f4b81f7a9592c84c976cead494f9120,sell,0x5af2be193a6abca9c8817001f45744777db30756,0x1fd87b9dcf37d1764d372aa1791125963fc61bf6bb15a5e4be79f3afcad813e0
287,160.1,0.46437005,0x2b9b77c697de4913bd81577f16980fd0d5014b36,2017-10-25T05:03:19.000Z,0.0029005,0xbf8d22b16f4b81f7a9592c84c976cead494f9120,sell,0x5af2be193a6abca9c8817001f45744777db30756,0x147d39e7626e3523bf388984c9ed4c0f2b316484f4b1476636c44529ff6dadfb
288,400,1.1600008,0xa5d7d7a2b5edc37d43b5da1629cfac6c3d23c7ef,2017-10-25T05:03:19.000Z,0.002900002,0xbf8d22b16f4b81f7a9592c84c976cead494f9120,sell,0x5af2be193a6abca9c8817001f45744777db30756,0xa8a6fba01325717311c8171bcc04409e5b2037333f56a38846e97df637e42e8f
289,200,0.6179998,0xead86a7ec0668c279fdc132090aec5541554465f,2017-10-25T05:01:24.000Z,0.003089999,0x23c7bbc74261548e7db86c90019a88215976ca65,sell,0x5af2be193a6abca9c8817001f45744777db30756,0x6c77276213af83bdb851b11e2fadc5304282e3f8d8502c2b511178b1e0533f8f
290,700,2.1629993,0xead86a7ec0668c279fdc132090aec5541554465f,2017-10-25T05:00:38.000Z,0.003089999,0x15dbb6a4bf87ee1a103211e33dae36b56ae365fb,sell,0x5af2be193a6abca9c8817001f45744777db30756,0xbc1760ee0d9574c674d8e1f1c8c63441853dd142dcacddeb7279f1d5733fec47
291,500,1.4500025,0x49dc235474e153367b593cab41b56dff301fbea0,2017-10-25T05:00:17.000Z,0.002900005,0x15dbb6a4bf87ee1a103211e33dae36b56ae365fb,sell,0x5af2be193a6abca9c8817001f45744777db30756,0x204abe496c0c54c747b710765315861e7ae207dfe6dfe8e9b4feb4ac9236ba63
292,0.0003,0.6,0xd26f7cdd480496139f8e07ff3ee3b3ed2977478a,2017-10-25T04:57:23.000Z,2000,0xcd912af5286dc0b0a23edb30209734ecb60838b3,sell,0x5af2be193a6abca9c8817001f45744777db30756,0x5e323146784ba40041c3f25fded133ae707859ba7139890e1d0f94cb4298d040
293,112,0.34608,0xcaf0ed00c6483578fcfc43a6f38ed20409b33e55,2017-10-25T04:35:34.000Z,0.00309,0x23c7bbc74261548e7db86c90019a88215976ca65,sell,0x5af2be193a6abca9c8817001f45744777db30756,0x7e60a66b8ed25e0d5979092cc2279ef036b103c98af574bb4992d60215a8a2f2
294,500,1.4501845,0x8327338695014f89d4ae86aadddc0daf01d335f8,2017-10-25T03:43:44.000Z,0.002900369,0x15dbb6a4bf87ee1a103211e33dae36b56ae365fb,sell,0x5af2be193a6abca9c8817001f45744777db30756,0x95feae1e01e3f02fa7e6dd76871344e5e332bfbd8d52ac47378fbeb8a75bffea
295,34.797,0.101433255,0x3d957c6ef4c89c3d8125b6ee4f01c40cd505d633,2017-10-25T03:42:59.000Z,0.002915,0x15dbb6a4bf87ee1a103211e33dae36b56ae365fb,sell,0x5af2be193a6abca9c8817001f45744777db30756,0x8f4d7ad3e1a1eb5f5a8db24f8c7756ceaa57f1ce0b1c9404b8e7ea1bfa30bfc0
296,10,0.0299312,0x5695b06071cdf4e1a08d00418b8d8e07fe327f94,2017-10-25T00:34:04.000Z,0.00299312,0x6e562ae36a18f65897dddc9fc92b0b358776d171,buy,0x5af2be193a6abca9c8817001f45744777db30756,0xb5fb0b31a9428ef7df6af4d93cea9c2899fd77ec121a6237270b86028d93474e
297,1129.06163963,3.3794169748141947,0xc1aac4101f510c66e44f0f0aee922051efc3ae53,2017-10-24T23:36:13.000Z,0.0029931200000042945,0x6e562ae36a18f65897dddc9fc92b0b358776d171,buy,0x5af2be193a6abca9c8817001f45744777db30756,0xf4564ca750ffa00f98e4847ed154b70d7f51c4a3eb4dbaa369a273c2adfddbf3
298,139.9,0.40577995,0x2b9b77c697de4913bd81577f16980fd0d5014b36,2017-10-24T23:20:24.000Z,0.0029005,0x9d0893cea04b693bf0aaa54386805a13fc7477a3,sell,0x5af2be193a6abca9c8817001f45744777db30756,0x00e8903b8e800e37bbe46873562146c892a40e98e84d029c541f9bcb3939822d
299,253.50388397,0.7376963023527,0x8be9b4fc633014f520db96c4b75de38954ce6802,2017-10-24T23:17:36.000Z,0.00291,0x9d0893cea04b693bf0aaa54386805a13fc7477a3,sell,0x5af2be193a6abca9c8817001f45744777db30756,0x1d44aedebb8ec994284c97c693ffdbe1c8d7687b4f4a884f23860c8d722349e0
300,1850,5.5056,0xff8d75bb2c1952ee1cb043e2da49d04346dd38da,2017-10-24T23:15:05.000Z,0.002976,0x9d0893cea04b693bf0aaa54386805a13fc7477a3,sell,0x5af2be193a6abca9c8817001f45744777db30756,0x06568fa54afc60655e921e02c34a8a3a03fcb26929bd7056d160cf7c51c075de
301,1030.94246542,3.0857345121082673,0x2aab2950adc18cfc862770309acfdb4b4b2e0297,2017-10-24T23:11:26.000Z,0.002993120000010046,0x6e562ae36a18f65897dddc9fc92b0b358776d171,buy,0x5af2be193a6abca9c8817001f45744777db30756,0xe5169c0bdf6c2244fda426ac0b475012447a86dba71bd1e98b9a18c121df31ab
302,500,1.49656,0x2aab2950adc18cfc862770309acfdb4b4b2e0297,2017-10-24T22:52:39.000Z,0.00299312,0x6e562ae36a18f65897dddc9fc92b0b358776d171,buy,0x5af2be193a6abca9c8817001f45744777db30756,0x62a92e4a2e794b88d4e3832b12770a40b7b6e47ee3edf61de78834f2a3326eb6
303,242.758,0.711523698,0x6bad391397f5f6047d3b6752576ee1a4ae3d2927,2017-10-24T22:08:20.000Z,0.002931,0x184f325b27657082b3f8063363b6f7189d300241,buy,0x5af2be193a6abca9c8817001f45744777db30756,0x9f3db925e078a69c4179af197d25429b16e6699bfc8788502fa0b05d556eabbb
304,400,1.1724,0x19230915969e4bd6d27d2087ce047e65f1df2560,2017-10-24T21:17:27.000Z,0.002931,0x184f325b27657082b3f8063363b6f7189d300241,buy,0x5af2be193a6abca9c8817001f45744777db30756,0x6bbf43aa57cf5d9e79a24cc79b3ee7fb3d406c7f0913fd244736a683c82f9290
305,80.40279439,0.23437414564685,0x3d957c6ef4c89c3d8125b6ee4f01c40cd505d633,2017-10-24T21:10:02.000Z,0.002915,0x73255d98f7ac75beb5397febd37db3b3650d8156,sell,0x5af2be193a6abca9c8817001f45744777db30756,0x6a99baf6d0ee938939ef65ebb2469e5f6ad7ecfcc347fbaa0e3116d6c083f9fc
306,270.73571979,0.78946535890764,0x4bf37db6c16f5663e00936986b5b4d5278f84000,2017-10-24T21:04:51.000Z,0.002916,0x184f325b27657082b3f8063363b6f7189d300241,sell,0x5af2be193a6abca9c8817001f45744777db30756,0x7edf47cba1e092b9d0395999cca6d58c146e19129facaff106732ae204264311
307,4.59117104,0.013741925887489785,0xa8f28188b7b6adf061cae9edfa88a04dd4ad02c1,2017-10-24T20:50:45.000Z,0.0029931200052807846,0x6e562ae36a18f65897dddc9fc92b0b358776d171,buy,0x5af2be193a6abca9c8817001f45744777db30756,0x7b269d06a7bf9e7103123e28741d0f610f9abe2dbf1e0ee0aa6aa061c3358e10
308,27,0.078732,0xa8f28188b7b6adf061cae9edfa88a04dd4ad02c1,2017-10-24T20:48:12.000Z,0.002916,0xaea518821216829b13c042d81c05470b8314e533,buy,0x5af2be193a6abca9c8817001f45744777db30756,0x64b8f0c828894afa219946c9d2451cdeaabe918690806e6dffda4fbe89102abc
309,2.91980716,0.00851415767856,0x4bf37db6c16f5663e00936986b5b4d5278f84000,2017-10-24T20:37:25.000Z,0.002916,0x12b83de656e3c72431aa8bc9da7d5314e6e2f14b,sell,0x5af2be193a6abca9c8817001f45744777db30756,0xd383de61ead816110b0522e7beb67c5a1e4ba3b38f71017a23a621d4bd0fedf1
310,565.26868713,1.6919170128385934,0xc1aac4101f510c66e44f0f0aee922051efc3ae53,2017-10-24T20:26:32.000Z,0.0029931200000283898,0x6e562ae36a18f65897dddc9fc92b0b358776d171,buy,0x5af2be193a6abca9c8817001f45744777db30756,0x9f291b34c5051acdf7728a7f8a11bae97c16978a831caa52abca5cc1d015c1d3
311,50,0.1458,0x15dbb6a4bf87ee1a103211e33dae36b56ae365fb,2017-10-24T20:13:26.000Z,0.002916,0xaea518821216829b13c042d81c05470b8314e533,buy,0x5af2be193a6abca9c8817001f45744777db30756,0x3c722e378949fc259881977a39286fbf20b63ca7533c14d709c749b9251be736
312,0.00000709,0.000000021983491095,0xd9133a92e18151690a1b31c6ddc86841b64f91bb,2017-10-24T19:45:57.000Z,0.003100633440761636,0x12b83de656e3c72431aa8bc9da7d5314e6e2f14b,buy,0x5af2be193a6abca9c8817001f45744777db30756,0xe4823499b650e6e93facd48e297744b50d837cb159b2ea4781861a34483a34a0
313,0.07113434,0.000220516399162596,0xd9133a92e18151690a1b31c6ddc86841b64f91bb,2017-10-24T19:42:47.000Z,0.003099999229100825,0x12b83de656e3c72431aa8bc9da7d5314e6e2f14b,buy,0x5af2be193a6abca9c8817001f45744777db30756,0x487283e529cda531cf07e8420aabd8dda63e2097139fa763045fde0426ecc773
314,215.38169944,0.6280530355896721,0x15dbb6a4bf87ee1a103211e33dae36b56ae365fb,2017-10-24T18:33:48.000Z,0.0029160000001050785,0x6e562ae36a18f65897dddc9fc92b0b358776d171,buy,0x5af2be193a6abca9c8817001f45744777db30756,0x309a94a4119675614e24f7d9531855d590da5b3f1a6b88e6e8bcd2516370cf84
315,433.65566743,1.26453992622588,0x4bf37db6c16f5663e00936986b5b4d5278f84000,2017-10-24T18:29:42.000Z,0.002916,0x0aced4cb189c01425fd361c173fe6115a04632b2,sell,0x5af2be193a6abca9c8817001f45744777db30756,0x0b79b5e8b43d76c48297c1867bca78bb858aaca6da3d755edf8e3a3d30b44b4f
316,124.61369753,0.36337354199748,0x4bf37db6c16f5663e00936986b5b4d5278f84000,2017-10-24T18:01:14.000Z,0.002916,0xa63a343a028d70606d7f0fddfc47b7bf5954e234,sell,0x5af2be193a6abca9c8817001f45744777db30756,0x9062ce1d20f564818ec8e15abb5313fb19bfcd3fa7905b5f105a947a71bd1146
317,2.58292633,0.007981239793111721,0xc2b9dc350ee4f21f105e4feb894b12ce093f1dc1,2017-10-24T16:51:47.000Z,0.0030899990063254033,0xaea518821216829b13c042d81c05470b8314e533,buy,0x5af2be193a6abca9c8817001f45744777db30756,0xb52863152c213e5524c06329c25c733eb7515a00f4de8d15e921d0034fde42af
318,68.07510809,0.19850701519044,0x4bf37db6c16f5663e00936986b5b4d5278f84000,2017-10-24T15:35:44.000Z,0.002916,0x1f575a62b2f0933e493039d9c44a46d3dd54e5fe,sell,0x5af2be193a6abca9c8817001f45744777db30756,0x49f513d953ce9960681c8df18f1368c06b1d6f4f74effadf063b8fe5aa616882
319,330,0.96228033,0xecba73e96217cdb23afff854446dda91a103e7fd,2017-10-24T15:27:23.000Z,0.002916001,0x202fb7b351848ff3def235aac24418d70ac4adea,sell,0x5af2be193a6abca9c8817001f45744777db30756,0x71ae0fa3c83973579d2a5fc0b17c7bcb6d0243dd6f78287e4a3fc8c2db526ba1
320,10,0.03099999,0x1d5321e125f6c7079a716705541c7b371ca79e69,2017-10-24T14:43:24.000Z,0.003099999,0x12b83de656e3c72431aa8bc9da7d5314e6e2f14b,buy,0x5af2be193a6abca9c8817001f45744777db30756,0xfb26c7329909b324a240da51fae097f47b3807f1cd7f7101838340b64764deb3
321,9.97008973,0.03149551345707,0x6d14f642af21d9b7db8047693bd19ce5078a7181,2017-10-24T14:43:24.000Z,0.003159,0x1d5321e125f6c7079a716705541c7b371ca79e69,sell,0x5af2be193a6abca9c8817001f45744777db30756,0xfb26c7329909b324a240da51fae097f47b3807f1cd7f7101838340b64764deb3
322,30,0.0873,0x8be9b4fc633014f520db96c4b75de38954ce6802,2017-10-24T10:56:47.000Z,0.00291,0x6bde18351bfa5c1cd96c90544c963c21c0b41f68,sell,0x5af2be193a6abca9c8817001f45744777db30756,0x59febb315bc2e9b3e0e60c29c226caadc373b562a70d54a4ec1e3f7dbb5059aa
323,425.33335128,1.3436280567162515,0x6a1afc7af4278351bca6125e03cc9e1a3f41e80a,2017-10-24T10:39:52.000Z,0.003159000000053444,0x326e6c686c993b240991a1b199f43190f55e9f22,buy,0x5af2be193a6abca9c8817001f45744777db30756,0xace73c9d69a49262ae2c6d94d74a7bccf100af8c34f920e9163f9af3cf2828fd
324,324.90063283,1.0263588248055402,0x6a1afc7af4278351bca6125e03cc9e1a3f41e80a,2017-10-24T10:38:28.000Z,0.003158993,0x0ad2ad23e388e5b9e472bbbb87477d6463b72c98,buy,0x5af2be193a6abca9c8817001f45744777db30756,0xd16014634a6248c0f7aa3e69ce1b927762637172298b9ff1d4b185d037e14c7d
325,831.04095694,2.625250903608152,0x6a1afc7af4278351bca6125e03cc9e1a3f41e80a,2017-10-24T10:36:36.000Z,0.0031589910000039763,0x0ad2ad23e388e5b9e472bbbb87477d6463b72c98,buy,0x5af2be193a6abca9c8817001f45744777db30756,0x34bf8f4cabe6c017fc1f870f1a46fd10df90f31faf1aa62e7d253afb714b55ae
326,21.95904305,0.069368419391848,0x179db9068c45e6617c13176c4c5082c9e5e347fc,2017-10-24T09:09:07.000Z,0.0031589910012881,0x0ad2ad23e388e5b9e472bbbb87477d6463b72c98,buy,0x5af2be193a6abca9c8817001f45744777db30756,0x16e05fa966c724562ccd424d7c38ac063313e631b2675f93ecb2562c4ec03339
327,47,0.148472671,0x02be1b6ed2978533a5dd32f9afb702453df966af,2017-10-24T08:18:12.000Z,0.003158993,0x0ad2ad23e388e5b9e472bbbb87477d6463b72c98,buy,0x5af2be193a6abca9c8817001f45744777db30756,0x51aef239a8fde41c8c3f25bfbe130d0c7ffa3dda7d377d5f8ea4e5f199970c00
328,100,0.3158991,0xd2ea382e498316d91b9de8557670149b479721a0,2017-10-24T08:13:58.000Z,0.003158991,0x0ad2ad23e388e5b9e472bbbb87477d6463b72c98,buy,0x5af2be193a6abca9c8817001f45744777db30756,0x4bee717ad4b99200676c9f77a9024ee952f5f83a733518e5ad7423ddfa0bb2c6
329,99.7,0.31904,0x8d5fb732751984a1c24a2b6d99f4ba364161a7c4,2017-10-24T08:13:58.000Z,0.0032,0xd2ea382e498316d91b9de8557670149b479721a0,sell,0x5af2be193a6abca9c8817001f45744777db30756,0x4bee717ad4b99200676c9f77a9024ee952f5f83a733518e5ad7423ddfa0bb2c6
330,47,0.148472577,0xe1089b57bf22df59f18fc13765ceeb5f80bf5181,2017-10-24T07:51:38.000Z,0.003158991,0x0ad2ad23e388e5b9e472bbbb87477d6463b72c98,buy,0x5af2be193a6abca9c8817001f45744777db30756,0x1582e2dad1a3f9faadaad989ddd9e09d021066fe6b5a4491c302220f0bde807e
331,49,0.154790951,0xd814d3ee1c1a995ff006b35ab31a95ea8526f48a,2017-10-24T07:03:18.000Z,0.003158999,0x23c7bbc74261548e7db86c90019a88215976ca65,buy,0x5af2be193a6abca9c8817001f45744777db30756,0x1243ec333bd7e422e5fba3738944906e862e33d5d6613e52e8d099ded49518c6
332,133,0.412299867,0x4089bc81b3e2e986fbd429e03094faf6685200db,2017-10-24T06:24:36.000Z,0.003099999,0x23c7bbc74261548e7db86c90019a88215976ca65,buy,0x5af2be193a6abca9c8817001f45744777db30756,0x1a7efe01ece0f3bb014638ed82adfc77ca67517a8dff9e958a717d4459d10bb7
333,50,0.15499995,0xc4ce7d6b8b01d1ce6aec1e5295aa5c91d8f420fb,2017-10-24T06:19:27.000Z,0.003099999,0x23c7bbc74261548e7db86c90019a88215976ca65,buy,0x5af2be193a6abca9c8817001f45744777db30756,0x00bf66c70a957b7e30509cdc0f8dcd694dbcddb4e0d7fdf4cb9cf13fa86b41cc
334,400,1.2399996,0x4b3ca3ca83ed3665642355b6103903bcff3439bd,2017-10-24T05:45:09.000Z,0.003099999,0x23c7bbc74261548e7db86c90019a88215976ca65,buy,0x5af2be193a6abca9c8817001f45744777db30756,0x25de9116cdabcedb0f7f44c1aa85af502bd2601d4fa8582924719b69aca530ce
335,98,0.2891,0xc9a07de10d3422f3ca8ecfdaaab08e6edbbe570e,2017-10-24T05:31:39.000Z,0.00295,0xd846f51b5861ff6cc694b00277bcfacfd96f6faa,sell,0x5af2be193a6abca9c8817001f45744777db30756,0x15429d567409561f0e0410495092de3e65857bd2b56f9d1bb872b5a258f9bb75
336,102,0.3009,0xc9a07de10d3422f3ca8ecfdaaab08e6edbbe570e,2017-10-24T05:03:14.000Z,0.00295,0x15dbb6a4bf87ee1a103211e33dae36b56ae365fb,sell,0x5af2be193a6abca9c8817001f45744777db30756,0x13d673e4f97d26dc0f1fc1ecb68e352741c50919bcb6e436ac27bdf2ccbef41e
337,75,0.236999475,0xfae38040732e50ac8b4f36488d9bb56b9398c3ea,2017-10-24T04:52:40.000Z,0.003159993,0xecba73e96217cdb23afff854446dda91a103e7fd,buy,0x5af2be193a6abca9c8817001f45744777db30756,0x58eb98b554adb2320fded7f74e9b717177e3135533b79fa976f9df0b41fc98f2
338,200,0.59,0xc9a07de10d3422f3ca8ecfdaaab08e6edbbe570e,2017-10-24T04:47:23.000Z,0.00295,0x15dbb6a4bf87ee1a103211e33dae36b56ae365fb,sell,0x5af2be193a6abca9c8817001f45744777db30756,0x76b5b11ed03f8958644454e5a3d40a4f79b8f4bade1be4e42fe078458a87669c
339,25,0.07899985,0xfae38040732e50ac8b4f36488d9bb56b9398c3ea,2017-10-24T04:41:45.000Z,0.003159994,0x23c7bbc74261548e7db86c90019a88215976ca65,buy,0x5af2be193a6abca9c8817001f45744777db30756,0x2734ed8b529fc85e5c8d3628b77f1bac9f12fb71f09637d9afa1757305202966
340,50,0.15989925,0xfae38040732e50ac8b4f36488d9bb56b9398c3ea,2017-10-24T04:26:59.000Z,0.003197985,0xecba73e96217cdb23afff854446dda91a103e7fd,buy,0x5af2be193a6abca9c8817001f45744777db30756,0x464fe04950114b81992c4de9fc18e9c112687fdba419c1cf59ed0332bbb069ae
341,1296.49148165,4.146162903938719,0xe7110bc0d3a125f4e9b7a0c825a8e1a0f53ee5c3,2017-10-24T04:21:03.000Z,0.0031979870000087007,0x23c7bbc74261548e7db86c90019a88215976ca65,buy,0x5af2be193a6abca9c8817001f45744777db30756,0xc39b54e6dc814006c17fc4658fd23967918e4a56a58e95c5ceac0c06f191eadb
342,267.0062194,0.77431803626,0x8327338695014f89d4ae86aadddc0daf01d335f8,2017-10-24T04:12:59.000Z,0.0029,0x3dee4a4e076e8d82859d241db0baf46f112cfa23,sell,0x5af2be193a6abca9c8817001f45744777db30756,0x61045317e82561766e20f972c988cb58754dc54c51899fc86b8c0727cea23ea7
343,1000,2.95,0x2ea6bd58bc3555faeebf4d5b31164d52079b9832,2017-10-24T03:12:35.000Z,0.00295,0x15dbb6a4bf87ee1a103211e33dae36b56ae365fb,sell,0x5af2be193a6abca9c8817001f45744777db30756,0xb5537ae9c69157fbed7d5fd19903d4860092b84ee6b3cc05f506f086b41516f3
344,82.518,0.275032494,0xd90f87f04f263559c8c73d3d1c0a040c19990a48,2017-10-24T03:12:35.000Z,0.003333,0xbfad80ed7284b2da9bc80cacf93431ba8e48ed3c,buy,0x5af2be193a6abca9c8817001f45744777db30756,0x041198c84b119f3335d0d0fcecf6db23ecaafe49b05a3617005034a76c07791e
345,697.75388058,2.0583778551327314,0xecba73e96217cdb23afff854446dda91a103e7fd,2017-10-24T03:11:23.000Z,0.0029500056,0x15dbb6a4bf87ee1a103211e33dae36b56ae365fb,sell,0x5af2be193a6abca9c8817001f45744777db30756,0x0a4a519f7aab8a301f0a48b24f42ba652e0775dcde50f8105b7af272faf9ae72
346,250,0.7995,0x2282022ee06084b9c26c13077500239ee2d80083,2017-10-24T02:45:23.000Z,0.003198,0xb2a41af8436c2deadde16a77f0a6487f403c1fdd,buy,0x5af2be193a6abca9c8817001f45744777db30756,0xb269eb0d34107857b75ce3090bdbfbf738f0c9523238a19f89d62ac8b2a17b85
347,1000,3.1899,0x2282022ee06084b9c26c13077500239ee2d80083,2017-10-24T02:39:55.000Z,0.0031899,0x249c0c8291399b259711a497ab480b8b6105ea15,buy,0x5af2be193a6abca9c8817001f45744777db30756,0xd1dd64f88e8e7c971f8d6216d07fe0f0969e7d87c768a479656cd1e2bad43ee5
348,191.9050942,0.537340020912826,0xecba73e96217cdb23afff854446dda91a103e7fd,2017-10-24T02:09:11.000Z,0.00280003,0x53871c23523453988ebd6524fcb0ea29241ca4d2,sell,0x5af2be193a6abca9c8817001f45744777db30756,0xe4d064d3e3a3eb89621d5c985f5b01b65c05e295cdccfed521049c9f4a2c1653
349,2500,7.225,0x38297fa6ceb009353007045ac6a895bcf74d3b4d,2017-10-24T02:07:20.000Z,0.00289,0x53871c23523453988ebd6524fcb0ea29241ca4d2,sell,0x5af2be193a6abca9c8817001f45744777db30756,0x4def4d0dd63c8ab396f5b30b0423d170eb6cf16e01f7cd74d926a13681d9f94c
350,0.74383638,0.0023191107504726,0x0248cf74ed50adcf0c050a7ca4136dcb90520f84,2017-10-24T01:48:26.000Z,0.00311777,0x15dbb6a4bf87ee1a103211e33dae36b56ae365fb,buy,0x5af2be193a6abca9c8817001f45744777db30756,0x60b64f926a18768c2a0fbdb15e0b7f72d1b675c35bcc3b4c045368f923d62c9a
351,60,0.19139994,0xec4b7689eb30682f22461086da244e62741603e6,2017-10-24T01:21:42.000Z,0.003189999,0x9bea93d689584611060da426c35cfc1690b0251a,buy,0x5af2be193a6abca9c8817001f45744777db30756,0x209ef2723c5b00407d87b5a9a9f3608318e75e68bdd0474bebb735970fbf270d
352,2000,6.38,0xec4b7689eb30682f22461086da244e62741603e6,2017-10-24T01:10:49.000Z,0.00319,0xef41d59163205120ea659aa0174c9fe48317fc10,buy,0x5af2be193a6abca9c8817001f45744777db30756,0xebb98725f25ec41ac69f1db013fabeb3aaeac6cd9d8f9f050e3bbcbbc944c3a2
353,3.57954066,0.0113829392988,0x97e1e3513e8034ef2ce72563b8f6abae92472b87,2017-10-24T00:42:25.000Z,0.00318,0x1d5321e125f6c7079a716705541c7b371ca79e69,sell,0x5af2be193a6abca9c8817001f45744777db30756,0xe5e0f7b2c8fe5bd8f3829eee7dfcfd53b77740e998d8626df0b0e6ddab321280
354,3.59027929,0.0112375741777,0x1d5321e125f6c7079a716705541c7b371ca79e69,2017-10-24T00:42:25.000Z,0.00313,0xc53cd247f373a620943a10318e7a98ef61f5e655,buy,0x5af2be193a6abca9c8817001f45744777db30756,0xe5e0f7b2c8fe5bd8f3829eee7dfcfd53b77740e998d8626df0b0e6ddab321280
355,7,0.02191,0xd7fd6ed94ed2cc8b45385d3dd879c885f41f4168,2017-10-24T00:38:55.000Z,0.00313,0xc53cd247f373a620943a10318e7a98ef61f5e655,buy,0x5af2be193a6abca9c8817001f45744777db30756,0xfdd7792a9511779c30c14ec9828a35ff66d8caa9824bbcf6bb3bbac1c17aa6e4
356,217.84048147,0.6818407070305141,0x81584a1d46cd5d8b7955ceab5e4d7cc9e3394905,2017-10-24T00:12:37.000Z,0.003130000000135026,0xc53cd247f373a620943a10318e7a98ef61f5e655,buy,0x5af2be193a6abca9c8817001f45744777db30756,0x7a81afffeadb46e05aea9e713c98b8f169ce6686447630d3f252d60d2fd20d9a
357,103,0.31518,0x81584a1d46cd5d8b7955ceab5e4d7cc9e3394905,2017-10-24T00:10:16.000Z,0.00306,0x77c0016fea4b7c41cb7867518f23a5cde66f8cd4,buy,0x5af2be193a6abca9c8817001f45744777db30756,0x83ca8ae50fdec9774cc4f04b96ca1cf107bb390eb93f49ab5528fe3ce375d031
358,710.56923922,2.2240817187859405,0xb69db6b9ea97e2d4960f5659fe871d5d0cdcfdf4,2017-10-23T23:37:32.000Z,0.003130000000038477,0xc53cd247f373a620943a10318e7a98ef61f5e655,buy,0x5af2be193a6abca9c8817001f45744777db30756,0xa9df5a2a8aaba0de890375bd3d67d1e3bc607c5fb604edec4edadddf480da9eb
359,80.52094345,0.25122534356886644,0xb69db6b9ea97e2d4960f5659fe871d5d0cdcfdf4,2017-10-23T23:35:24.000Z,0.0031200000000604373,0x35bb7ab3956738e0b6e9e1cbc1732d357bee9793,buy,0x5af2be193a6abca9c8817001f45744777db30756,0xe9d8ec796ad1d048102edc116e57177a8e8f5e60c354f343119e1fe7ad4d3104
360,798.767,2.496146875,0xb69db6b9ea97e2d4960f5659fe871d5d0cdcfdf4,2017-10-23T23:33:31.000Z,0.003125,0x3459d659cee77a1560e3cb7d90fdcda5841b7e5e,buy,0x5af2be193a6abca9c8817001f45744777db30756,0xfd680c7b0d27f6effd434d653432597fd46466308d3ce62e5b7a773a117364fc
361,61,0.19093,0x45cfb7fc554ca7f3490062473431ba0116384d72,2017-10-23T23:08:13.000Z,0.00313,0xc53cd247f373a620943a10318e7a98ef61f5e655,buy,0x5af2be193a6abca9c8817001f45744777db30756,0x0e62f02f03e976a02b4eb84c096310b1b954b6fbc9bef2223cb58c64ae9e653b
362,30,0.0936,0xec4b7689eb30682f22461086da244e62741603e6,2017-10-23T22:35:27.000Z,0.00312,0x35bb7ab3956738e0b6e9e1cbc1732d357bee9793,buy,0x5af2be193a6abca9c8817001f45744777db30756,0x4888bcc0deadfe3d2f56d79b084bbf7eb0925f221546685a4c8646443d9841fc
363,109.47905654,0.34157465643113355,0x19e3cb414d3acb9b3d55ab5eacab4dfee42a7984,2017-10-23T22:34:57.000Z,0.003120000000240535,0x35bb7ab3956738e0b6e9e1cbc1732d357bee9793,buy,0x5af2be193a6abca9c8817001f45744777db30756,0x227ee8219b20a2ab5c76661c26bcb1e32bb83beac2561308793bd8cb20fff307
364,1000,3.1,0x19e3cb414d3acb9b3d55ab5eacab4dfee42a7984,2017-10-23T22:32:29.000Z,0.0031,0xc53cd247f373a620943a10318e7a98ef61f5e655,buy,0x5af2be193a6abca9c8817001f45744777db30756,0x7fbc8a0da9c645f8fd0de37057bc66496d703056ce8441308c97d6b832c7f945
365,105,0.3255,0x19e3cb414d3acb9b3d55ab5eacab4dfee42a7984,2017-10-23T22:31:57.000Z,0.0031,0x05cbb4ca270c9eef60381a7615f8d63f312471c2,buy,0x5af2be193a6abca9c8817001f45744777db30756,0x6a60b565516d9510019ca79c2fd8e06a53425d25da249d8207ae2ec807f1979f
366,1000,3.08,0x19e3cb414d3acb9b3d55ab5eacab4dfee42a7984,2017-10-23T22:29:30.000Z,0.00308,0xc53cd247f373a620943a10318e7a98ef61f5e655,buy,0x5af2be193a6abca9c8817001f45744777db30756,0x16daaa58f63d112de756f5c8008bf995da2f0ad5392e3c68f392cc996bbffcbb
367,264.43170255,0.8144493794317057,0x19e3cb414d3acb9b3d55ab5eacab4dfee42a7984,2017-10-23T22:28:19.000Z,0.003079999000035579,0x0ad2ad23e388e5b9e472bbbb87477d6463b72c98,buy,0x5af2be193a6abca9c8817001f45744777db30756,0x6b8a14d931e9b2c3856cc4eab9a59ac26f1aeecaf57e90b5b7584c76cf925198
368,605.56829744,1.8651497505682944,0x430c9d4d7bdaaa567df9a660e811706ff6b1ba3d,2017-10-23T22:22:11.000Z,0.003079999000035325,0x0ad2ad23e388e5b9e472bbbb87477d6463b72c98,buy,0x5af2be193a6abca9c8817001f45744777db30756,0xa0be924da54c211935915a4ad5485fba8af5cf4bb864edbb3f466b66984c027a
369,100,0.3079999,0xfae38040732e50ac8b4f36488d9bb56b9398c3ea,2017-10-23T22:17:43.000Z,0.003079999,0x0ad2ad23e388e5b9e472bbbb87477d6463b72c98,buy,0x5af2be193a6abca9c8817001f45744777db30756,0xa813dac85df3787979af639cd64816de2d0b8441b05db70b7f9fc5e1c870358c
370,30,0.09239997,0xec4b7689eb30682f22461086da244e62741603e6,2017-10-23T22:16:40.000Z,0.003079999,0x0ad2ad23e388e5b9e472bbbb87477d6463b72c98,buy,0x5af2be193a6abca9c8817001f45744777db30756,0xcd370985d12178171301e58b18892fa22db04ed29aac56b1c5468e9f63dc8ae2
371,500,1.535,0xb69db6b9ea97e2d4960f5659fe871d5d0cdcfdf4,2017-10-23T22:07:24.000Z,0.00307,0xa37b91282070d07599e26becb7a11b2a78c4660b,buy,0x5af2be193a6abca9c8817001f45744777db30756,0x4f0ca6595bd2fb48049c1bc30d5e70331d5eaae39a392bcf9138e870dcb6a00e
372,344.625,1.05799530375,0xb69db6b9ea97e2d4960f5659fe871d5d0cdcfdf4,2017-10-23T22:07:11.000Z,0.00306999,0x9dbab0fef899a50ef0540ec0bc71d4a3a00c7916,buy,0x5af2be193a6abca9c8817001f45744777db30756,0x97fdca4947b4e7156ddc3c13cf524971da537b4e9aafaf39ef411f04acd8f15e
373,33.965518,0.101896554,0x19e3cb414d3acb9b3d55ab5eacab4dfee42a7984,2017-10-23T21:51:43.000Z,0.003,0xa1ef0324a1a3bafb8bd966145b9414317fe5d6f9,buy,0x5af2be193a6abca9c8817001f45744777db30756,0x7830c93ee8b119ef9e37663b37208b1de824ad44a2cd168966194f4c64c46a82
374,1000,3.04,0x19e3cb414d3acb9b3d55ab5eacab4dfee42a7984,2017-10-23T21:51:43.000Z,0.00304,0xc53cd247f373a620943a10318e7a98ef61f5e655,buy,0x5af2be193a6abca9c8817001f45744777db30756,0x293560e11cd2f09a5cab4019364aa1ee46b999aae8af201d035e8fdfde49f654
375,1000,3,0x19e3cb414d3acb9b3d55ab5eacab4dfee42a7984,2017-10-23T21:49:32.000Z,0.003,0x0ad2ad23e388e5b9e472bbbb87477d6463b72c98,buy,0x5af2be193a6abca9c8817001f45744777db30756,0xc88912eadeee3194e032ce4688caff5494898b5f1bae36a701bae75e47da4217
376,14.99999697,0.04499999092914173,0x19e3cb414d3acb9b3d55ab5eacab4dfee42a7984,2017-10-23T21:48:57.000Z,0.003000000001276116,0x1b1c368395f3db0a794abe201fd43a0effe25e19,buy,0x5af2be193a6abca9c8817001f45744777db30756,0x3b999eac45e374897f759629c2be9a1bb74811a7c85f2925dbd43ff9c3ce5393
377,500,1.5,0xfbedfbeb6e526a85381f37d2f3b0db6982430ed9,2017-10-23T21:46:21.000Z,0.003,0xa1ef0324a1a3bafb8bd966145b9414317fe5d6f9,sell,0x5af2be193a6abca9c8817001f45744777db30756,0xc9526e08be844dadcf29d1c2605b29328e2a81cac6a4dfdd84563cdb410532e6
378,239.15362376,0.6696373211367128,0xecba73e96217cdb23afff854446dda91a103e7fd,2017-10-23T21:02:52.000Z,0.00280003,0x53871c23523453988ebd6524fcb0ea29241ca4d2,sell,0x5af2be193a6abca9c8817001f45744777db30756,0xd347b9706c1a122cba923734c07990f4dd2d8e091316d1824070a1a01efb4485
379,35,0.105,0x7de40b76e2282d0a23e0fac22aced903c44b6ac8,2017-10-23T21:02:19.000Z,0.003,0x53871c23523453988ebd6524fcb0ea29241ca4d2,sell,0x5af2be193a6abca9c8817001f45744777db30756,0x09bba8cfc7e0a0025a9c93977d070c0edfba2228a0be9e62668d8b3bc83c5316
380,200,0.6,0x98b35e9447c24e45a187d8cd8d275a2e83f8f01b,2017-10-23T20:47:58.000Z,0.003,0xa1ef0324a1a3bafb8bd966145b9414317fe5d6f9,buy,0x5af2be193a6abca9c8817001f45744777db30756,0xee420a4f81a67aa80c9b5c09ee3ed001507063f9350f02deffbb320787419f8c
