,amount,amountBase,buyer,date,price,seller,side,tokenAddr,txHash
0,3881,0.01292373,0x29b8eca0a380c562a00b7e5d1fbc624e5be736a5,2017-11-02T08:54:56.000Z,0.00000333,0x9b73149133c7d34a50b6b078d1244961e3c39768,sell,0xaa26b73bfdc80b5c7d2cfbfc30930038fb7fa657,0xcad44cb2678b0436c827a510980c7940f89f810d6e5291e18283a48cac956cc4
1,1,0.0000035,0xd9f2422e6ff4956017468c137ac7bcc777f423d0,2017-10-29T12:17:23.000Z,0.0000035,0xcb8c470ade68afc21e307891fc3cfdf37f960b6d,sell,0xaa26b73bfdc80b5c7d2cfbfc30930038fb7fa657,0x5f5b8091a961e7ddbb251320b3f33c4ed156ba167d7e0868bf2221c107675c31
2,331,0.0011585,0xd9f2422e6ff4956017468c137ac7bcc777f423d0,2017-10-29T12:16:43.000Z,0.0000035,0xcb8c470ade68afc21e307891fc3cfdf37f960b6d,sell,0xaa26b73bfdc80b5c7d2cfbfc30930038fb7fa657,0xe77d7633fef370f63215fbaaf7acdea97238108692539102fbd54161f6260c44
3,99690,0.30325698,0xbcce870909b3dbbe28f744f69b080dbdeeb7748a,2017-10-29T10:05:52.000Z,0.000003042,0x568f739c811eac61aa4ea2390801574c3914eb02,sell,0xaa26b73bfdc80b5c7d2cfbfc30930038fb7fa657,0x91f8eec9e18b1c8e008a7a6bffdac8d6518be5e93fa20b55e1e8019fa1f74cc2
4,41,0.0005,0x34f9560c63078eb61872a4dc2ccd20e21c34feaf,2017-10-28T21:07:50.000Z,0.00001219512195121951,0xa3d7dedda551204ccb03bd79aa87824cc453b8de,buy,0xaa26b73bfdc80b5c7d2cfbfc30930038fb7fa657,0xb5195bebe1455cb0d1b007a60aea9b65d95490a5dd6e8393dde8cc35fe03513c
5,41,0.0005,0xe444a40689f51f63bcd29910622035707d533d29,2017-10-28T21:07:06.000Z,0.00001219512195121951,0xa3d7dedda551204ccb03bd79aa87824cc453b8de,buy,0xaa26b73bfdc80b5c7d2cfbfc30930038fb7fa657,0x4e112d749163472887fb922eea451ce20f1432a9db44abe38312214afdc5d1f2
6,21818,0.185453,0x885dd0a8df8cbefaf7ed8b73709c00876356959b,2017-10-26T10:07:37.000Z,0.0000085,0xc9087108b890f9aee9c5b878c6f062a2b0c730f3,buy,0xaa26b73bfdc80b5c7d2cfbfc30930038fb7fa657,0x39662fc9468fe6b0945545a86c4ef68c1f8579225095386d59171f330e6145c9
7,41850,0.12616101,0x6bedacc2356fb151bb616f2bb5303ba2c2b78328,2017-10-25T10:47:10.000Z,0.0000030146,0x9eb429cb38ad55553a6e83ccacd178c7fd27a26a,sell,0xaa26b73bfdc80b5c7d2cfbfc30930038fb7fa657,0xde613475b28fbed738c2c033c9e7fceea886f7455339a8ea792314fef425a3c2
8,3500,0.08575,0xb16b8851a4ef8ab8ec7e7eb3c403f00443e7359e,2017-10-23T10:12:01.000Z,0.0000245,0xc9087108b890f9aee9c5b878c6f062a2b0c730f3,buy,0xaa26b73bfdc80b5c7d2cfbfc30930038fb7fa657,0x68b3b14142c2560c35d41e84cc048784879cbbf823d012bad1cbbad77a7b8d4c
9,12500,0.30625,0xb16b8851a4ef8ab8ec7e7eb3c403f00443e7359e,2017-10-23T09:50:58.000Z,0.0000245,0xc9087108b890f9aee9c5b878c6f062a2b0c730f3,buy,0xaa26b73bfdc80b5c7d2cfbfc30930038fb7fa657,0xcfc7a4fc4d92d06dab9a9cd84dab26f164e8d88b44b251e42cf09bc5025358a2
10,10000,0.2499999,0x3736cea2db033e184fde16d5dbac41fecb623bec,2017-10-23T07:15:36.000Z,0.00002499999,0xbcce870909b3dbbe28f744f69b080dbdeeb7748a,buy,0xaa26b73bfdc80b5c7d2cfbfc30930038fb7fa657,0xbb8e9f368ff0e3cde2f0d92187336e6d8c5d0b30e602f70f1b12e19391e845d2
11,19571,0.058928281,0x6bedacc2356fb151bb616f2bb5303ba2c2b78328,2017-10-22T03:56:12.000Z,0.000003011,0x949e2a08a6d5f1c8d7831fbeaf46c4d58e39dbc9,sell,0xaa26b73bfdc80b5c7d2cfbfc30930038fb7fa657,0x4d37c4541dc5b41aae6f8179c7ea6ef67668f80f1af071f38462e73781e78376
12,80000,0.248,0xbbe8a1421d8583194bd959a640cb82225650c748,2017-10-22T03:54:22.000Z,0.0000031,0x949e2a08a6d5f1c8d7831fbeaf46c4d58e39dbc9,sell,0xaa26b73bfdc80b5c7d2cfbfc30930038fb7fa657,0x9abcf2e49b273b42f654b943c1f8051394ef3407d464f895ecbea5ef659713b2
13,10,0.0015,0xc9087108b890f9aee9c5b878c6f062a2b0c730f3,2017-10-22T03:54:22.000Z,0.00015,0x949e2a08a6d5f1c8d7831fbeaf46c4d58e39dbc9,sell,0xaa26b73bfdc80b5c7d2cfbfc30930038fb7fa657,0xd469967502f509483a9d3dcd5478efac2678db35530ba8d1c6f9111ea1de5328
14,25,0.00525,0xc9087108b890f9aee9c5b878c6f062a2b0c730f3,2017-10-22T03:52:57.000Z,0.00021,0x949e2a08a6d5f1c8d7831fbeaf46c4d58e39dbc9,sell,0xaa26b73bfdc80b5c7d2cfbfc30930038fb7fa657,0x658e90f68d22f891df401a2c7399dcd0e1f9e84774049da1712060b8ebbdd142
15,1,0.000006999,0x6cdea8e07bf82d7a07dbf36642d6e5be8623845c,2017-10-20T10:36:51.000Z,0.000006999,0xc9087108b890f9aee9c5b878c6f062a2b0c730f3,buy,0xaa26b73bfdc80b5c7d2cfbfc30930038fb7fa657,0xcdca2c6ea94cf1af8fa8305615b2eb717d9ba6dd84aeac5bb889ef597b8257ab
16,1,0.0000299,0x3ac636ac5c3a2576156ac5f10066ca68abe0ad54,2017-10-19T15:28:35.000Z,0.0000299,0xc9087108b890f9aee9c5b878c6f062a2b0c730f3,buy,0xaa26b73bfdc80b5c7d2cfbfc30930038fb7fa657,0x2e8df9d507d30f99668c844eaeb1a152a87beaf2c2c434901ced69bbe49ff7a9
17,20,0.0005,0x42c24a83bded723edfdf5883bc7efb30bc1a1bf3,2017-10-18T22:15:46.000Z,0.000025,0xc9087108b890f9aee9c5b878c6f062a2b0c730f3,buy,0xaa26b73bfdc80b5c7d2cfbfc30930038fb7fa657,0x318dc25b4c6299ed063b91948d3d57c241ea58c68e3cacd826cc3fcd4bd0f7a0
18,20,0.0005,0x42c24a83bded723edfdf5883bc7efb30bc1a1bf3,2017-10-18T19:38:14.000Z,0.000025,0xc9087108b890f9aee9c5b878c6f062a2b0c730f3,buy,0xaa26b73bfdc80b5c7d2cfbfc30930038fb7fa657,0xb6a93cab2f90c19fe7e10553013ad3df0ff8278443e687c943a591c01e1b8a01
19,20,0.0005,0x379374d13077e8867ef31803c37baf9785a17c00,2017-10-18T19:28:15.000Z,0.000025,0xc9087108b890f9aee9c5b878c6f062a2b0c730f3,buy,0xaa26b73bfdc80b5c7d2cfbfc30930038fb7fa657,0xc2dc9fdfba198e74c499c912643a4ca9af2ba0835567c4b015dc5f185b63410b
20,20,0.0005,0x379374d13077e8867ef31803c37baf9785a17c00,2017-10-18T18:04:06.000Z,0.000025,0xc9087108b890f9aee9c5b878c6f062a2b0c730f3,buy,0xaa26b73bfdc80b5c7d2cfbfc30930038fb7fa657,0x08d26a2ebf368b81d78413e8743c7e1ebc0a1d82f29b0aff5cee037d76716874
21,20,0.0005,0x42c24a83bded723edfdf5883bc7efb30bc1a1bf3,2017-10-18T18:02:36.000Z,0.000025,0xc9087108b890f9aee9c5b878c6f062a2b0c730f3,buy,0xaa26b73bfdc80b5c7d2cfbfc30930038fb7fa657,0x6189a291fb429e0868d6b8091dd85c697fd5085bd38e9b7252155d33b2840eaf
22,20,0.0005,0xf9695cd65d6dfdf257fab76a3eb0cb8f001971cc,2017-10-18T17:59:45.000Z,0.000025,0xc9087108b890f9aee9c5b878c6f062a2b0c730f3,buy,0xaa26b73bfdc80b5c7d2cfbfc30930038fb7fa657,0xab326b55901821e3ebf887bd2dad94fb9d5ad702c57d397b267106de6281dde8
23,20,0.0005,0xcd912af5286dc0b0a23edb30209734ecb60838b3,2017-10-18T17:42:35.000Z,0.000025,0xc9087108b890f9aee9c5b878c6f062a2b0c730f3,buy,0xaa26b73bfdc80b5c7d2cfbfc30930038fb7fa657,0xe6f175f457b5ace40206a9733c352408c85669b2ac26b0d021921730c7b95d92
24,20,0.0005,0xf9695cd65d6dfdf257fab76a3eb0cb8f001971cc,2017-10-18T16:38:46.000Z,0.000025,0xc9087108b890f9aee9c5b878c6f062a2b0c730f3,buy,0xaa26b73bfdc80b5c7d2cfbfc30930038fb7fa657,0xd2fe0d3d19db63a28ab6450ec2e51840c789a8e2b2aaf47c1cb56ace1770e4e9
25,20,0.0005,0x42c24a83bded723edfdf5883bc7efb30bc1a1bf3,2017-10-18T16:38:35.000Z,0.000025,0xc9087108b890f9aee9c5b878c6f062a2b0c730f3,buy,0xaa26b73bfdc80b5c7d2cfbfc30930038fb7fa657,0xf2a09bbee3fb31e76448065f3fca3ffb6169b3e1fd33769b3486154962d7db83
26,20,0.0005,0x379374d13077e8867ef31803c37baf9785a17c00,2017-10-18T16:37:05.000Z,0.000025,0xc9087108b890f9aee9c5b878c6f062a2b0c730f3,buy,0xaa26b73bfdc80b5c7d2cfbfc30930038fb7fa657,0xf7eebbf74dc91de9a0614cae1aa8b7da5c18601983280042e6bfb7de857c1c34
27,20,0.0005,0x16e5d97bbc92417e051e3b2cabfbf8ceea2acb9c,2017-10-18T16:00:24.000Z,0.000025,0xc9087108b890f9aee9c5b878c6f062a2b0c730f3,buy,0xaa26b73bfdc80b5c7d2cfbfc30930038fb7fa657,0xf3ac758ddf321f37e47d4a5bb15b73c5ded65991384a5fdc375fdfca8eed7481
28,17,0.0005,0xf9695cd65d6dfdf257fab76a3eb0cb8f001971cc,2017-10-18T15:37:34.000Z,0.00002941176470588235,0xbbe8a1421d8583194bd959a640cb82225650c748,buy,0xaa26b73bfdc80b5c7d2cfbfc30930038fb7fa657,0x5c69bdd025fb9a0beab0865d74b2faa79b2a47b01788f275a8e4af32cd9103c8
29,17,0.0005,0x42c24a83bded723edfdf5883bc7efb30bc1a1bf3,2017-10-18T15:37:18.000Z,0.00002941176470588235,0xbbe8a1421d8583194bd959a640cb82225650c748,buy,0xaa26b73bfdc80b5c7d2cfbfc30930038fb7fa657,0x34e8e7e6c09f57cd7c9d27352d5de47458ff4c8b9fad8cd68db12dcc2d94e61f
30,17,0.0005,0x379374d13077e8867ef31803c37baf9785a17c00,2017-10-18T15:35:47.000Z,0.00002941176470588235,0xbbe8a1421d8583194bd959a640cb82225650c748,buy,0xaa26b73bfdc80b5c7d2cfbfc30930038fb7fa657,0xada481f71d17e8127296860cd848d073cac93cbd365150affc3e1448fd9c3375
31,17,0.0005,0xcd912af5286dc0b0a23edb30209734ecb60838b3,2017-10-18T15:22:01.000Z,0.00002941176470588235,0xbbe8a1421d8583194bd959a640cb82225650c748,buy,0xaa26b73bfdc80b5c7d2cfbfc30930038fb7fa657,0x00c037290404d9dc61c14673682498f5ead6d06f4bae7b91b7b58a1774431210
32,16,0.0005,0x42c24a83bded723edfdf5883bc7efb30bc1a1bf3,2017-10-18T13:44:38.000Z,0.00003125,0xc9087108b890f9aee9c5b878c6f062a2b0c730f3,buy,0xaa26b73bfdc80b5c7d2cfbfc30930038fb7fa657,0x082df270af6f6566dfdca8d0e348509cfe1889328a9df778760c037653cc5495
33,12,0.0005,0xcd912af5286dc0b0a23edb30209734ecb60838b3,2017-10-18T04:52:05.000Z,0.00004166666666666666,0xbbe8a1421d8583194bd959a640cb82225650c748,buy,0xaa26b73bfdc80b5c7d2cfbfc30930038fb7fa657,0xd00ac7369d175e6013f6d185a89991bc9fa4fc5f7a733fb2ac91117731eef3e0
34,10,0.0005,0x16e5d97bbc92417e051e3b2cabfbf8ceea2acb9c,2017-10-17T18:35:05.000Z,0.00005,0x9eb429cb38ad55553a6e83ccacd178c7fd27a26a,buy,0xaa26b73bfdc80b5c7d2cfbfc30930038fb7fa657,0x27529ed5beb47d04fad8eab16749989b7ff2a906d6ccea64a4ec325fcdc4b4d3
35,10,0.0005,0x42c24a83bded723edfdf5883bc7efb30bc1a1bf3,2017-10-17T16:34:53.000Z,0.00005,0x9eb429cb38ad55553a6e83ccacd178c7fd27a26a,buy,0xaa26b73bfdc80b5c7d2cfbfc30930038fb7fa657,0x3f09aef888d0e4a58922aadfc0832f1c3d041786cc6db85caed61e1526736430
36,5,0.0005,0xcd912af5286dc0b0a23edb30209734ecb60838b3,2017-10-17T06:13:32.000Z,0.0001,0xbcce870909b3dbbe28f744f69b080dbdeeb7748a,buy,0xaa26b73bfdc80b5c7d2cfbfc30930038fb7fa657,0xd20f5408bec53fcd7c6605fb848adf5710fe5054163b39cd1ee19559954f54f4
37,14883,0.089298,0xc9087108b890f9aee9c5b878c6f062a2b0c730f3,2017-10-16T23:30:59.000Z,0.000006,0xd0f770146d6abf08f51600d5bc0b358030f43609,sell,0xaa26b73bfdc80b5c7d2cfbfc30930038fb7fa657,0xa5686cc3011fd5ea24398069d5d68415531a7c3f72ef1c78253a538ce8bb79aa
38,1,0.00000301,0x035392de57aa4fe343d86494103dbe1b068a56c6,2017-10-16T00:42:54.000Z,0.00000301,0x4ce32597fbe8a4097193f8a1e12befd3c51043ff,sell,0xaa26b73bfdc80b5c7d2cfbfc30930038fb7fa657,0x31928beb12b8525f86587436305f674ee159aea8ec3f5d23411e5020a3962d12
39,1217,0.01217,0xbbe8a1421d8583194bd959a640cb82225650c748,2017-10-15T21:35:56.000Z,0.00001,0x085cb895d22ec541fb4743e973c3435dd0e829e6,sell,0xaa26b73bfdc80b5c7d2cfbfc30930038fb7fa657,0x391da269bd8831e9ad18070d01f0bfbc8b61f836f7598d1ef13331156b27387c
40,10000,0.1,0xd6146c64896d92d4d32c37cb06779ddf20a05c82,2017-10-15T20:36:15.000Z,0.00001,0x085cb895d22ec541fb4743e973c3435dd0e829e6,sell,0xaa26b73bfdc80b5c7d2cfbfc30930038fb7fa657,0x238083648efaf158425914a1404e852ff830403a6a2fd51c66bc3e4d7072cde6
41,15000,0.165,0xbbe8a1421d8583194bd959a640cb82225650c748,2017-10-15T20:33:25.000Z,0.000011,0x085cb895d22ec541fb4743e973c3435dd0e829e6,sell,0xaa26b73bfdc80b5c7d2cfbfc30930038fb7fa657,0x0187914af2e14e2d34c917ca0c4bbea13a80b219dda1a5df88a6a0480340a2dd
42,3139,0.0360985,0xc9087108b890f9aee9c5b878c6f062a2b0c730f3,2017-10-15T20:29:54.000Z,0.0000115,0x085cb895d22ec541fb4743e973c3435dd0e829e6,sell,0xaa26b73bfdc80b5c7d2cfbfc30930038fb7fa657,0x675a378d44dc4e956fca057fce5b5b8b32186b7946cadd54823eb2606eb38975
43,14164,0.162886,0xc9087108b890f9aee9c5b878c6f062a2b0c730f3,2017-10-15T19:24:57.000Z,0.0000115,0x4ce32597fbe8a4097193f8a1e12befd3c51043ff,sell,0xaa26b73bfdc80b5c7d2cfbfc30930038fb7fa657,0x0532e342b6be5e4f2bb779bfb4224ec2eef03c54e2167631c8c21f0984183197
44,1473,0.045520777588,0xa4c64c96ad9800e9f39489e23fb549507c592abf,2017-10-15T16:57:31.000Z,0.0000309034471065852,0xd0f770146d6abf08f51600d5bc0b358030f43609,buy,0xaa26b73bfdc80b5c7d2cfbfc30930038fb7fa657,0x26fef39c135b82740dffeb4414f88a519fdfe2526a63a74d3c3ae1e5b266e44f
45,300,0.00924,0xb363112ba7ed93a221efb405496e4fa3be119d81,2017-10-15T14:31:12.000Z,0.0000308,0x6bedacc2356fb151bb616f2bb5303ba2c2b78328,buy,0xaa26b73bfdc80b5c7d2cfbfc30930038fb7fa657,0xfa754a854b35d377c0f98a21390a56336fc5f0d0b2ef3fc8600b87f7f185f9ec
46,2697,0.0310155,0xc9087108b890f9aee9c5b878c6f062a2b0c730f3,2017-10-15T03:08:02.000Z,0.0000115,0x11135473df4f870018d41ea77c45c55262d84199,sell,0xaa26b73bfdc80b5c7d2cfbfc30930038fb7fa657,0x51e14599f923c8b65657b6e56c7b832faf710be854e7f70f6996463f6281acb7
47,546,0.016648632,0x5d5065b42bdee0274e394ba9042c21e1818c69cf,2017-10-14T16:17:44.000Z,0.000030492,0xc9087108b890f9aee9c5b878c6f062a2b0c730f3,sell,0xaa26b73bfdc80b5c7d2cfbfc30930038fb7fa657,0x3ecf4006f366bf5abc84da89c2c9e8ea21cf7963a350ace95edd3ff7c9c45999
48,298,0.0091784,0xb363112ba7ed93a221efb405496e4fa3be119d81,2017-10-14T16:08:07.000Z,0.0000308,0xc9087108b890f9aee9c5b878c6f062a2b0c730f3,sell,0xaa26b73bfdc80b5c7d2cfbfc30930038fb7fa657,0x2efdf77d814d3d870590cc7bf6b39aea6da4a5aa5f1d6c6931d105c95c9f6230
49,1000,0.0308,0xb363112ba7ed93a221efb405496e4fa3be119d81,2017-10-14T14:00:48.000Z,0.0000308,0xc9087108b890f9aee9c5b878c6f062a2b0c730f3,sell,0xaa26b73bfdc80b5c7d2cfbfc30930038fb7fa657,0x7b3b6672c316e3c268e42ce93aa3b6005eea940e21d366d022e8895a596cca7f
50,4486,0.0340936,0xc9087108b890f9aee9c5b878c6f062a2b0c730f3,2017-10-13T23:00:55.000Z,0.0000076,0x3de1655d54223f420f5d8e72ebfb27e5ad8a3a06,sell,0xaa26b73bfdc80b5c7d2cfbfc30930038fb7fa657,0x2efb2fd896bc2f741c12d90c8588244d0f193e4fe3d550487de95bdfa8ab2a2e
51,3200,0.0988768,0xc1b9f63f0226efb1019425248e8af8094a7595a3,2017-10-12T13:05:27.000Z,0.000030899,0xd0f770146d6abf08f51600d5bc0b358030f43609,buy,0xaa26b73bfdc80b5c7d2cfbfc30930038fb7fa657,0xf49703b6b5e5602c71f6e0554ab231d6152ac4b11533cf77ddafd0759a63b0ad
52,1294,0.03999999146,0x46c24e504d8d29a34e7daa3ab20e32f6e3d5eccb,2017-10-11T23:55:04.000Z,0.00003091189448222565,0xd0f770146d6abf08f51600d5bc0b358030f43609,buy,0xaa26b73bfdc80b5c7d2cfbfc30930038fb7fa657,0x25d6a8b5d4db8395e97f5412dbf3a984af5750d05bb8fab15b5d312499f28cc6
53,14709,0.4545010467550593,0xb84c1a928b6397f9577e3182c441dd3f48ff3a1c,2017-10-11T21:53:46.000Z,0.00003089952048100206,0xd0f770146d6abf08f51600d5bc0b358030f43609,buy,0xaa26b73bfdc80b5c7d2cfbfc30930038fb7fa657,0x07e2ad0e353f4d64e74a20bb7c7af3875650689dfff4d81e72867cea8b670702
54,9929,0.056704519,0xd0f770146d6abf08f51600d5bc0b358030f43609,2017-10-11T11:15:26.000Z,0.000005711,0x3603576f910ac545006eadbfee5798202ed07a45,sell,0xaa26b73bfdc80b5c7d2cfbfc30930038fb7fa657,0x9a99b064a4b3eaaf1fa3221b3023c47f263c1c4c56c8de1d965672ec80320b71
55,290,0.00896071,0x9b73149133c7d34a50b6b078d1244961e3c39768,2017-10-11T06:00:18.000Z,0.000030899,0xd0f770146d6abf08f51600d5bc0b358030f43609,buy,0xaa26b73bfdc80b5c7d2cfbfc30930038fb7fa657,0x61aaff2f5f6e343771ec53da6e1beedd20359067e8a8ebeb2dadfd24c00500ff
56,3600,0.0792,0x9b73149133c7d34a50b6b078d1244961e3c39768,2017-10-11T05:35:36.000Z,0.000022,0xaec2d8005fdd8d0486abca76abec7d465170c8cc,buy,0xaa26b73bfdc80b5c7d2cfbfc30930038fb7fa657,0x63122efeae8faa8d50cab3ad279cbdecc480cc30853c9bc9be64fc45dc35b12d
57,25967,0.148297537,0xd0f770146d6abf08f51600d5bc0b358030f43609,2017-10-11T05:32:09.000Z,0.000005711,0x9b73149133c7d34a50b6b078d1244961e3c39768,sell,0xaa26b73bfdc80b5c7d2cfbfc30930038fb7fa657,0x19dff265d6da2fcee5119e44d270b007bd13189850363681966caad1266c1b6c
58,27358,0.54716,0xfcc4514f41b0394efe6021d5516bf74c6f554d1a,2017-10-10T07:32:42.000Z,0.00002,0xbbe8a1421d8583194bd959a640cb82225650c748,buy,0xaa26b73bfdc80b5c7d2cfbfc30930038fb7fa657,0x39c3a7f15873b830679b7287b09e6b3297fde3a4ce200b081b7cb43e23d655e8
59,24000,0.306648,0xfcc4514f41b0394efe6021d5516bf74c6f554d1a,2017-10-10T07:32:18.000Z,0.000012777,0x2ba07ab5648351d846d7b108e11be1f6ec404099,buy,0xaa26b73bfdc80b5c7d2cfbfc30930038fb7fa657,0xac7a15379c6508118caa4e9863653deb5ec5437befa33a5b64f3a078f9e4e9a4
60,14159,0.14159374,0xfcc4514f41b0394efe6021d5516bf74c6f554d1a,2017-10-10T07:31:57.000Z,0.00001000026414294794,0x790622728897b6367b7a8709c5f69d3dbd105072,buy,0xaa26b73bfdc80b5c7d2cfbfc30930038fb7fa657,0xff99270277373fd05bed69c73eff6aae9f7e6aa3468d364efc6d0101b1d7f9a3
61,1994,0.019946259964111254,0xcb8c470ade68afc21e307891fc3cfdf37f960b6d,2017-10-09T23:26:05.000Z,0.00001000313940025639,0x790622728897b6367b7a8709c5f69d3dbd105072,buy,0xaa26b73bfdc80b5c7d2cfbfc30930038fb7fa657,0x121e3c3eea9cf7b68197add90d1bf54f704cb02ef31eb25b5ed0c206e0bd0714
62,27358,0.150469,0xbbe8a1421d8583194bd959a640cb82225650c748,2017-10-09T22:50:47.000Z,0.0000055,0x54b74d3b74463e66fd8b806da1e68b7d021902df,sell,0xaa26b73bfdc80b5c7d2cfbfc30930038fb7fa657,0xa57bb8355f5de65a6190333e4145e6357a6c90130201e301514b368232239ca0
63,18557,0.18557,0xcb8c470ade68afc21e307891fc3cfdf37f960b6d,2017-10-09T22:33:49.000Z,0.00001,0x54b74d3b74463e66fd8b806da1e68b7d021902df,sell,0xaa26b73bfdc80b5c7d2cfbfc30930038fb7fa657,0xe46d6043eaa3807ec1590232debe3927babdd692d85a54226c0bb0d368b2372f
64,33738,0.46457226,0xcb8c470ade68afc21e307891fc3cfdf37f960b6d,2017-10-09T21:05:55.000Z,0.00001377,0xdcfd6486786edff27f2e4b731020778364afcd4f,buy,0xaa26b73bfdc80b5c7d2cfbfc30930038fb7fa657,0xe22f4c3d9e9a44c0b2eac37fba5d4f8748ece2890a623190e86ee20184e83feb
65,10000,0.129,0x9630df2d2f8383177b2e2c3e1cad82038429fd2d,2017-10-09T19:09:43.000Z,0.0000129,0xc9087108b890f9aee9c5b878c6f062a2b0c730f3,buy,0xaa26b73bfdc80b5c7d2cfbfc30930038fb7fa657,0xe36b844dd058b68ca535a68aa58d1366685a021920b0109595310283f3128730
66,2666,0.036729482,0x004946d7c4a8ccb6b6dcdb68488510c93362bde3,2017-10-08T19:19:25.000Z,0.000013777,0x2ba07ab5648351d846d7b108e11be1f6ec404099,buy,0xaa26b73bfdc80b5c7d2cfbfc30930038fb7fa657,0x6cc43921ef30a08c913d0c417411c8ea7f96dd48421c6e23c3bec49371386d3a
67,13705,0.13705,0xcb8c470ade68afc21e307891fc3cfdf37f960b6d,2017-10-03T16:57:14.000Z,0.00001,0x25a645b09e77ad11c14993d8893ccd88916c7652,sell,0xaa26b73bfdc80b5c7d2cfbfc30930038fb7fa657,0xc25384c7f737d42c3e1ae1d16fc28a1c64689e52eff018dc47e984c19f36b5a0
68,8311,0.0789545,0xcb8c470ade68afc21e307891fc3cfdf37f960b6d,2017-10-03T02:25:50.000Z,0.0000095,0x0c70dc96a0fa002c0c8f33e86ab6e95610290f90,sell,0xaa26b73bfdc80b5c7d2cfbfc30930038fb7fa657,0x7abbf2f11973cf93282fe82d7b636919f602e37a4b939c94fe882c7fc4247b9c
69,3600,0.036,0xaec2d8005fdd8d0486abca76abec7d465170c8cc,2017-10-03T01:59:06.000Z,0.00001,0x0c70dc96a0fa002c0c8f33e86ab6e95610290f90,sell,0xaa26b73bfdc80b5c7d2cfbfc30930038fb7fa657,0x04671ca127b72c6193e3497d1b8d8a2f312db753959f24eb2337cdb61d148c69
70,8031,0.0843255,0xc9087108b890f9aee9c5b878c6f062a2b0c730f3,2017-10-03T01:57:33.000Z,0.0000105,0x0c70dc96a0fa002c0c8f33e86ab6e95610290f90,sell,0xaa26b73bfdc80b5c7d2cfbfc30930038fb7fa657,0x6fcff6ef387df06e47713c1e9f9f4dfd320c6ce5874c8279d7719c5ef487e1d7
71,1969,0.0206745,0xc9087108b890f9aee9c5b878c6f062a2b0c730f3,2017-10-03T01:50:38.000Z,0.0000105,0x0c70dc96a0fa002c0c8f33e86ab6e95610290f90,sell,0xaa26b73bfdc80b5c7d2cfbfc30930038fb7fa657,0xade9d728244a0c28598a5c557d061189824c1aaa5eaf63628f2e928fa300333c
72,2706,0.05087125824120569,0x11135473df4f870018d41ea77c45c55262d84199,2017-10-02T05:00:29.000Z,0.000018799430244348,0xbcce870909b3dbbe28f744f69b080dbdeeb7748a,buy,0xaa26b73bfdc80b5c7d2cfbfc30930038fb7fa657,0x12a2011abcae77492187712daa692519e185b8b2e7fc98f80ac029dbf1d3b92b
73,100,0.0018797666,0xb8186b97012530dceadc931136bf6cc7e4237f10,2017-10-01T17:14:22.000Z,0.000018797666,0xbcce870909b3dbbe28f744f69b080dbdeeb7748a,buy,0xaa26b73bfdc80b5c7d2cfbfc30930038fb7fa657,0x026b7bc66a798d4d04d84b0d0fc16621e0b2725a5a737cc6b6dccd2955160311
74,50,0.0009398833,0x83185ffbc3f8eb577ad6ec2093a2045df102c8f9,2017-10-01T12:42:58.000Z,0.000018797666,0xbcce870909b3dbbe28f744f69b080dbdeeb7748a,buy,0xaa26b73bfdc80b5c7d2cfbfc30930038fb7fa657,0x97bf3abb1fc111bb6b30cdc7b498bd43d4ef0311c6a7a9772b2b4bec6495456a
75,10000,0.0872,0xcb8c470ade68afc21e307891fc3cfdf37f960b6d,2017-09-30T12:31:59.000Z,0.00000872,0x54b74d3b74463e66fd8b806da1e68b7d021902df,buy,0xaa26b73bfdc80b5c7d2cfbfc30930038fb7fa657,0x219bc805edb170367729e7fd0b9aa2527b374b2e4ee68a9b79dbb81da739ccf3
76,14000,0.1022,0xcb8c470ade68afc21e307891fc3cfdf37f960b6d,2017-09-30T12:31:46.000Z,0.0000073,0x54b74d3b74463e66fd8b806da1e68b7d021902df,buy,0xaa26b73bfdc80b5c7d2cfbfc30930038fb7fa657,0xeca592ef45b915931ee1debc37837a44155e972d62244d5ddea6f48faf876cac
77,10000,0.09,0xd6146c64896d92d4d32c37cb06779ddf20a05c82,2017-09-29T11:45:43.000Z,0.000009,0x54b74d3b74463e66fd8b806da1e68b7d021902df,sell,0xaa26b73bfdc80b5c7d2cfbfc30930038fb7fa657,0xc0069b8ffde022818ec470a30484215c9f2a3938f443cded00c55ced61e49841
78,100,0.0018799,0xa0be78d2bac6a692adba423c7af50ec86a18bddf,2017-09-28T15:11:17.000Z,0.000018799,0x348549d789a80df36e775e0221909bbf443f73be,buy,0xaa26b73bfdc80b5c7d2cfbfc30930038fb7fa657,0xc5cf66db2af53c0bde8c7f6377055b950234d611143c8b77b961093c8bbeacc2
79,8000,0.151832,0xdb637168e6f15edf6a47f276963bb0cbae2eed70,2017-09-27T08:27:53.000Z,0.000018979,0x348549d789a80df36e775e0221909bbf443f73be,buy,0xaa26b73bfdc80b5c7d2cfbfc30930038fb7fa657,0xbc92cc1cbdfded91a34f3dd72bdaa014efc2a5d5e9626d50068293d97e93fbac
80,26,0.0005,0x23ee598e50ff1b1bde1022bf3c8a41d4c23321a0,2017-09-25T20:50:31.000Z,0.00001923076923076923,0xbcce870909b3dbbe28f744f69b080dbdeeb7748a,buy,0xaa26b73bfdc80b5c7d2cfbfc30930038fb7fa657,0xfc0d8b4dc565742ccb0cf79d739994cde0bd422f22969c7a05e4ee1558003dbf
81,26,0.0005,0xe37bd4d49c619e748d4efe74525489d26b6aff43,2017-09-25T19:00:40.000Z,0.00001923076923076923,0xbcce870909b3dbbe28f744f69b080dbdeeb7748a,buy,0xaa26b73bfdc80b5c7d2cfbfc30930038fb7fa657,0x2840f81270bdcd085870dbbca2b9c7ad200bfd5e7acf64457097a7bd824b5a3e
82,26,0.0005,0xe5a759eb3e214ff0a2bbbea31acc41c9bf27b239,2017-09-25T17:07:38.000Z,0.00001923076923076923,0xbcce870909b3dbbe28f744f69b080dbdeeb7748a,buy,0xaa26b73bfdc80b5c7d2cfbfc30930038fb7fa657,0xd06035c3e573ad3504426ede4fb5968f001a32671d6f0e0d9067da59d2fc96bc
83,26,0.0005,0x160506e5a5ce5dadd43623689f53d5aa1f288f0f,2017-09-25T16:33:18.000Z,0.00001923076923076923,0x348549d789a80df36e775e0221909bbf443f73be,buy,0xaa26b73bfdc80b5c7d2cfbfc30930038fb7fa657,0x49c8ebb4eda43ce9838656f81974ddffd62fc137a763888b27741a44af2bf52c
84,26,0.0005,0x23ee598e50ff1b1bde1022bf3c8a41d4c23321a0,2017-09-25T16:21:39.000Z,0.00001923076923076923,0xbcce870909b3dbbe28f744f69b080dbdeeb7748a,buy,0xaa26b73bfdc80b5c7d2cfbfc30930038fb7fa657,0x42f9438b27aac3ee3fd34467ceef10828f1a14bedaf0c98cfe2eae9f15b1a15e
85,26,0.0005,0xe5a759eb3e214ff0a2bbbea31acc41c9bf27b239,2017-09-25T10:54:51.000Z,0.00001923076923076923,0x348549d789a80df36e775e0221909bbf443f73be,buy,0xaa26b73bfdc80b5c7d2cfbfc30930038fb7fa657,0x276c0fa588ff051b88a03eabca7162fbcd2402e242c7e7e12badb20b580c83ec
86,26,0.0005,0xc886b21b865e7c90432d9b8bdb14ad254f2232f5,2017-09-25T10:51:05.000Z,0.00001923076923076923,0x348549d789a80df36e775e0221909bbf443f73be,buy,0xaa26b73bfdc80b5c7d2cfbfc30930038fb7fa657,0xb0ec207405712be71efdce80ba561c65ec1db066675074fade4257fd6508497c
87,26,0.0005,0x03dd03643b71b06642179afb38211c0f45699bc5,2017-09-25T10:47:39.000Z,0.00001923076923076923,0x348549d789a80df36e775e0221909bbf443f73be,buy,0xaa26b73bfdc80b5c7d2cfbfc30930038fb7fa657,0xe257e13ed4bdd052499351543d8097373a08a8a8fda68b14ebd753d6c1ba66a3
88,26,0.0005,0x8612d2a48328bbf318b856ed0daaa4a7034383d0,2017-09-25T10:40:45.000Z,0.00001923076923076923,0x348549d789a80df36e775e0221909bbf443f73be,buy,0xaa26b73bfdc80b5c7d2cfbfc30930038fb7fa657,0xabd9833c215a3b57470edea0cf52a49cf4c6ad40b255bf4734da96e10a567abc
89,26,0.0005,0x7ed2114439b24152cf18c02c10cae681a7ca2adc,2017-09-25T10:39:18.000Z,0.00001923076923076923,0x348549d789a80df36e775e0221909bbf443f73be,buy,0xaa26b73bfdc80b5c7d2cfbfc30930038fb7fa657,0xd98f38cdedd3f60de4665f3892b41a56579fb86856bbc281f3140dd6da88aa2e
90,26,0.0005,0x10c12555236fa11fc988be565ab70c82a4660ecf,2017-09-25T10:39:18.000Z,0.00001923076923076923,0x348549d789a80df36e775e0221909bbf443f73be,buy,0xaa26b73bfdc80b5c7d2cfbfc30930038fb7fa657,0x15746d8074025d73f991f87e1bdfa3a174a512e95a573626d598da105905e24c
91,26,0.0005,0x452b06f1c61cff4c9bebaa405319a7c3b12553a2,2017-09-25T10:37:02.000Z,0.00001923076923076923,0x348549d789a80df36e775e0221909bbf443f73be,buy,0xaa26b73bfdc80b5c7d2cfbfc30930038fb7fa657,0xa0409698248999804633d072306f643f231381c5a05700c1c93e06532026aec7
92,26,0.0005,0x23ee598e50ff1b1bde1022bf3c8a41d4c23321a0,2017-09-25T10:29:33.000Z,0.00001923076923076923,0x348549d789a80df36e775e0221909bbf443f73be,buy,0xaa26b73bfdc80b5c7d2cfbfc30930038fb7fa657,0xfa7e62d7c54718968e18cde6c3217cbd946fa1b8e84dc1c56c7e4a4294c693d4
93,26,0.0005,0x8f28b1970e72adb11173044ebc762800e3128238,2017-09-25T10:27:11.000Z,0.00001923076923076923,0x348549d789a80df36e775e0221909bbf443f73be,buy,0xaa26b73bfdc80b5c7d2cfbfc30930038fb7fa657,0x3b1e37010d09f6d91ffd8453cabf5e05f10a44c8e447d8429a257a83a07e258e
94,26,0.0005,0xe37bd4d49c619e748d4efe74525489d26b6aff43,2017-09-25T10:26:10.000Z,0.00001923076923076923,0x348549d789a80df36e775e0221909bbf443f73be,buy,0xaa26b73bfdc80b5c7d2cfbfc30930038fb7fa657,0xb6e89f6961d03a118c24f9f0b357f4915073991e88ef01787a0f046c60130d35
95,26,0.0005,0xc22f5ab4f1591613a92b4d172cc7f4e4a5af58cd,2017-09-25T10:24:40.000Z,0.00001923076923076923,0x348549d789a80df36e775e0221909bbf443f73be,buy,0xaa26b73bfdc80b5c7d2cfbfc30930038fb7fa657,0x6e067b24540380db66228a6ddbf947845a98dd1871e78593b32c9a568f9c1b44
96,26,0.0005,0x160506e5a5ce5dadd43623689f53d5aa1f288f0f,2017-09-25T10:15:43.000Z,0.00001923076923076923,0x348549d789a80df36e775e0221909bbf443f73be,buy,0xaa26b73bfdc80b5c7d2cfbfc30930038fb7fa657,0x5b7295b5099a3bac16a41519e565ecc387661da667a23682d37de081e7ef484a
97,26,0.0005,0x7ed2114439b24152cf18c02c10cae681a7ca2adc,2017-09-25T09:18:27.000Z,0.00001923076923076923,0x348549d789a80df36e775e0221909bbf443f73be,buy,0xaa26b73bfdc80b5c7d2cfbfc30930038fb7fa657,0x1ac2cba96522ee83a38c6f05aa115ec5f43f364c7ad78498b8e81dc353df860a
98,26,0.0005,0x10c12555236fa11fc988be565ab70c82a4660ecf,2017-09-25T08:27:33.000Z,0.00001923076923076923,0x348549d789a80df36e775e0221909bbf443f73be,buy,0xaa26b73bfdc80b5c7d2cfbfc30930038fb7fa657,0x5c347c3343f01101b26c79d8a7f0eae273bae94af011d2288b9d340db525f624
99,26,0.0005,0x03dd03643b71b06642179afb38211c0f45699bc5,2017-09-25T07:58:46.000Z,0.00001923076923076923,0x348549d789a80df36e775e0221909bbf443f73be,buy,0xaa26b73bfdc80b5c7d2cfbfc30930038fb7fa657,0x8f8fefc4df2107d73b52146a6b468420c76d81911586c3b1d9b81c1e74ea20ed
100,26,0.0005,0x10c12555236fa11fc988be565ab70c82a4660ecf,2017-09-25T05:51:27.000Z,0.00001923076923076923,0x348549d789a80df36e775e0221909bbf443f73be,buy,0xaa26b73bfdc80b5c7d2cfbfc30930038fb7fa657,0x271ea75f14e88fd1487e88ee3f0276fc4230432d4e2457faea627bcf2f65d662
101,26,0.0005,0x23ee598e50ff1b1bde1022bf3c8a41d4c23321a0,2017-09-25T05:18:43.000Z,0.00001923076923076923,0x348549d789a80df36e775e0221909bbf443f73be,buy,0xaa26b73bfdc80b5c7d2cfbfc30930038fb7fa657,0x235acc7cdbfcca8960772263433062ff4d8aae7a7397800358f77f4468ebbea9
102,26,0.0005,0x8f28b1970e72adb11173044ebc762800e3128238,2017-09-25T05:14:41.000Z,0.00001923076923076923,0x348549d789a80df36e775e0221909bbf443f73be,buy,0xaa26b73bfdc80b5c7d2cfbfc30930038fb7fa657,0x53b93d504601d78d24271cfe5584f015aa08e4a65f50d501b36e6d09c5d15575
103,26,0.0005,0xc22f5ab4f1591613a92b4d172cc7f4e4a5af58cd,2017-09-25T04:06:17.000Z,0.00001923076923076923,0x348549d789a80df36e775e0221909bbf443f73be,buy,0xaa26b73bfdc80b5c7d2cfbfc30930038fb7fa657,0xdb542a0a2f2a1a8ab7a485154f2db110b12fdbdf41d6db42f43a99edc3380952
104,26,0.0005,0x452b06f1c61cff4c9bebaa405319a7c3b12553a2,2017-09-25T03:49:01.000Z,0.00001923076923076923,0x348549d789a80df36e775e0221909bbf443f73be,buy,0xaa26b73bfdc80b5c7d2cfbfc30930038fb7fa657,0xa856af436afca8d392854d2a14ac8c3d011fc3b328499a5a7bc415506ca6401c
105,26,0.0005,0x8612d2a48328bbf318b856ed0daaa4a7034383d0,2017-09-25T03:28:17.000Z,0.00001923076923076923,0x348549d789a80df36e775e0221909bbf443f73be,buy,0xaa26b73bfdc80b5c7d2cfbfc30930038fb7fa657,0x71a26a5bbccd8fe3b410a2cb33893efb27c6f8e1d4b4df980b4616d5fa443856
106,26,0.0005,0x160506e5a5ce5dadd43623689f53d5aa1f288f0f,2017-09-25T02:45:39.000Z,0.00001923076923076923,0x348549d789a80df36e775e0221909bbf443f73be,buy,0xaa26b73bfdc80b5c7d2cfbfc30930038fb7fa657,0xf8788b37660e6be6054051b4325539adbbd1650a4259e1c76b46a9685bb78bad
107,26,0.0005,0xc22f5ab4f1591613a92b4d172cc7f4e4a5af58cd,2017-09-25T02:27:11.000Z,0.00001923076923076923,0x348549d789a80df36e775e0221909bbf443f73be,buy,0xaa26b73bfdc80b5c7d2cfbfc30930038fb7fa657,0xb89a60031ad0fa3c71574d30990ce73e556849cdfe66e37f78fb86b7f6f0cf51
108,26,0.0005,0x452b06f1c61cff4c9bebaa405319a7c3b12553a2,2017-09-25T01:46:28.000Z,0.00001923076923076923,0x348549d789a80df36e775e0221909bbf443f73be,buy,0xaa26b73bfdc80b5c7d2cfbfc30930038fb7fa657,0xa9ff90965fbc2dd3d8005a3eb263ed8e0177eab96bcd6f7ffa73c6b095a23137
109,26,0.0005,0x8612d2a48328bbf318b856ed0daaa4a7034383d0,2017-09-25T01:18:27.000Z,0.00001923076923076923,0x348549d789a80df36e775e0221909bbf443f73be,buy,0xaa26b73bfdc80b5c7d2cfbfc30930038fb7fa657,0x462b1168ced956cc85c50f922cdb486a128f3e1920ec2614999f57bf27cfc1ab
110,26,0.0005,0x7ed2114439b24152cf18c02c10cae681a7ca2adc,2017-09-25T01:08:20.000Z,0.00001923076923076923,0x348549d789a80df36e775e0221909bbf443f73be,buy,0xaa26b73bfdc80b5c7d2cfbfc30930038fb7fa657,0x258bb2fcb31722788cca2de8363ff84940cbe3591c3451b5d2d5c0aa1dff6191
111,26,0.0005,0x03dd03643b71b06642179afb38211c0f45699bc5,2017-09-25T00:56:25.000Z,0.00001923076923076923,0x348549d789a80df36e775e0221909bbf443f73be,buy,0xaa26b73bfdc80b5c7d2cfbfc30930038fb7fa657,0x6ee5d3d1bcf932f8e1bf15a84dab301ccd7eb17500bfe377d592cb5b0dc35552
112,26,0.0005,0x10c12555236fa11fc988be565ab70c82a4660ecf,2017-09-25T00:47:03.000Z,0.00001923076923076923,0x348549d789a80df36e775e0221909bbf443f73be,buy,0xaa26b73bfdc80b5c7d2cfbfc30930038fb7fa657,0x2769c046ab875ae220e79768ad963a53e8090687cda59615ed46951c5b3d6447
113,26,0.0005,0x8f28b1970e72adb11173044ebc762800e3128238,2017-09-25T00:32:24.000Z,0.00001923076923076923,0xbcce870909b3dbbe28f744f69b080dbdeeb7748a,buy,0xaa26b73bfdc80b5c7d2cfbfc30930038fb7fa657,0x6f2650b98c8e268363d1b7321f44a2d4485c956ebe372743b4addf84ad0a68a5
114,26,0.0005,0x160506e5a5ce5dadd43623689f53d5aa1f288f0f,2017-09-25T00:19:33.000Z,0.00001923076923076923,0x348549d789a80df36e775e0221909bbf443f73be,buy,0xaa26b73bfdc80b5c7d2cfbfc30930038fb7fa657,0x232593bd48c5158fa8d99a939ed652f9f0374afdb07ec7197b9c4119eba3f20c
115,26,0.0005,0xc22f5ab4f1591613a92b4d172cc7f4e4a5af58cd,2017-09-24T23:29:23.000Z,0.00001923076923076923,0x348549d789a80df36e775e0221909bbf443f73be,buy,0xaa26b73bfdc80b5c7d2cfbfc30930038fb7fa657,0x3fffa377d7d117141ed0ae16604fdefa9f43596cc56d882a09283145691ad652
116,26,0.0005,0x452b06f1c61cff4c9bebaa405319a7c3b12553a2,2017-09-24T23:21:12.000Z,0.00001923076923076923,0x348549d789a80df36e775e0221909bbf443f73be,buy,0xaa26b73bfdc80b5c7d2cfbfc30930038fb7fa657,0x58c75e33e95a4f7be75937d0c906a5993b07ce16f54093409f01950f6d16aeb9
117,22,0.0005,0xc22f5ab4f1591613a92b4d172cc7f4e4a5af58cd,2017-09-24T04:25:01.000Z,0.00002272727272727272,0x8746f30b3bc330660dc7ebe8b2812ff27768a1ea,buy,0xaa26b73bfdc80b5c7d2cfbfc30930038fb7fa657,0x9a9d4f2af297498170c7f241b6ff36de7f7c559d15b53136b6b07a8f0afec7e1
118,22,0.0005,0x452b06f1c61cff4c9bebaa405319a7c3b12553a2,2017-09-24T04:20:23.000Z,0.00002272727272727272,0x8746f30b3bc330660dc7ebe8b2812ff27768a1ea,buy,0xaa26b73bfdc80b5c7d2cfbfc30930038fb7fa657,0x877d539cda3d5a9f69ed1971441c68dbe973756553e27516373b82e648a45cd4
119,22,0.0005,0x18a902dc44442205b4ba2b1dc038e67506d22c55,2017-09-24T04:17:16.000Z,0.00002272727272727272,0x8746f30b3bc330660dc7ebe8b2812ff27768a1ea,buy,0xaa26b73bfdc80b5c7d2cfbfc30930038fb7fa657,0xa1e1ccbc603646167bbfe254d48e192198f87fc9a6188eca910ebcb64f130901
120,22,0.0005,0xd868b838b5de79f1e540b5d83c9e9a3d0b3810cd,2017-09-24T04:10:44.000Z,0.00002272727272727272,0x8746f30b3bc330660dc7ebe8b2812ff27768a1ea,buy,0xaa26b73bfdc80b5c7d2cfbfc30930038fb7fa657,0xb5dad84e7a39a9ca81aa0b3facf5d58227d9e903733e83a3f450fe053eb1bb09
121,22,0.0005,0xc22f5ab4f1591613a92b4d172cc7f4e4a5af58cd,2017-09-24T04:00:47.000Z,0.00002272727272727272,0x8746f30b3bc330660dc7ebe8b2812ff27768a1ea,buy,0xaa26b73bfdc80b5c7d2cfbfc30930038fb7fa657,0x4e6dc6b86d2fd022255e4ee29f29abb57588c7996904f74414350a55c23c3443
122,22,0.0005,0x452b06f1c61cff4c9bebaa405319a7c3b12553a2,2017-09-24T03:59:10.000Z,0.00002272727272727272,0x8746f30b3bc330660dc7ebe8b2812ff27768a1ea,buy,0xaa26b73bfdc80b5c7d2cfbfc30930038fb7fa657,0x7081e1ab78dddcdce46c061136204509ff4a0848cbaf345849b75f09b034d250
123,22,0.0005,0x2ba19ec4bcd5ae8de66b110bde5ebf41092bd02f,2017-09-24T03:45:45.000Z,0.00002272727272727272,0x8746f30b3bc330660dc7ebe8b2812ff27768a1ea,buy,0xaa26b73bfdc80b5c7d2cfbfc30930038fb7fa657,0xd0c3b0976ec9dfe7425f6c010868bb1b759ceafdc2d256426f747ee112abe7ca
124,22,0.0005,0x18a902dc44442205b4ba2b1dc038e67506d22c55,2017-09-24T03:41:06.000Z,0.00002272727272727272,0x8746f30b3bc330660dc7ebe8b2812ff27768a1ea,buy,0xaa26b73bfdc80b5c7d2cfbfc30930038fb7fa657,0xdbe770c38b6a41250b7ed41d2c1805141172b9858d75023980b6a64fdfb88899
125,22,0.0005,0xd868b838b5de79f1e540b5d83c9e9a3d0b3810cd,2017-09-24T03:33:35.000Z,0.00002272727272727272,0x8746f30b3bc330660dc7ebe8b2812ff27768a1ea,buy,0xaa26b73bfdc80b5c7d2cfbfc30930038fb7fa657,0x12007bc10dc32213406f0db904dc1cebc5278162e60b4e33d37629e5f4d002e3
126,22,0.0005,0xc22f5ab4f1591613a92b4d172cc7f4e4a5af58cd,2017-09-24T03:24:32.000Z,0.00002272727272727272,0x8746f30b3bc330660dc7ebe8b2812ff27768a1ea,buy,0xaa26b73bfdc80b5c7d2cfbfc30930038fb7fa657,0x75928e1648d10a283608ae1a54c7a3b3f55ab16d524747a9eeb5a2b81216dc00
127,22,0.0005,0x452b06f1c61cff4c9bebaa405319a7c3b12553a2,2017-09-24T03:16:49.000Z,0.00002272727272727272,0x8746f30b3bc330660dc7ebe8b2812ff27768a1ea,buy,0xaa26b73bfdc80b5c7d2cfbfc30930038fb7fa657,0x08cef7621b99b5f5d125c2b432bc2b93a2154b5587a88e44d74ee3c322df62d5
128,22,0.0005,0x2ba19ec4bcd5ae8de66b110bde5ebf41092bd02f,2017-09-24T03:12:09.000Z,0.00002272727272727272,0x8746f30b3bc330660dc7ebe8b2812ff27768a1ea,buy,0xaa26b73bfdc80b5c7d2cfbfc30930038fb7fa657,0x10ea683ff987303b6eaac0e35fddedb4d3d527a7b1aadd476df5e1cc70298d72
129,22,0.0005,0x18a902dc44442205b4ba2b1dc038e67506d22c55,2017-09-24T03:07:49.000Z,0.00002272727272727272,0x8746f30b3bc330660dc7ebe8b2812ff27768a1ea,buy,0xaa26b73bfdc80b5c7d2cfbfc30930038fb7fa657,0x77fdcd14cfbe69dd8ef58bf73098e58cefa1dec32b66f60876003facada0175b
130,22,0.0005,0xd868b838b5de79f1e540b5d83c9e9a3d0b3810cd,2017-09-24T02:57:51.000Z,0.00002272727272727272,0x8746f30b3bc330660dc7ebe8b2812ff27768a1ea,buy,0xaa26b73bfdc80b5c7d2cfbfc30930038fb7fa657,0x2405c1c18ad68481336b119cd207377a06641e56523cda8cdba51d5dd66798c2
131,22,0.0005,0xc22f5ab4f1591613a92b4d172cc7f4e4a5af58cd,2017-09-24T02:47:29.000Z,0.00002272727272727272,0x8746f30b3bc330660dc7ebe8b2812ff27768a1ea,buy,0xaa26b73bfdc80b5c7d2cfbfc30930038fb7fa657,0x8fcd884bcf16c337e310692495b99f84d58623258fafb6b4f5ffeb622bd4c936
132,22,0.0005,0x452b06f1c61cff4c9bebaa405319a7c3b12553a2,2017-09-24T02:44:33.000Z,0.00002272727272727272,0x8746f30b3bc330660dc7ebe8b2812ff27768a1ea,buy,0xaa26b73bfdc80b5c7d2cfbfc30930038fb7fa657,0xb6a0161aa9e1c01fe917a354a07f2f7e4ed1c5f921370d4da3af7c3eb6bb5288
133,22,0.0005,0x2ba19ec4bcd5ae8de66b110bde5ebf41092bd02f,2017-09-24T02:41:31.000Z,0.00002272727272727272,0x8746f30b3bc330660dc7ebe8b2812ff27768a1ea,buy,0xaa26b73bfdc80b5c7d2cfbfc30930038fb7fa657,0x5bb5fd15597de2fca80086b0c93cbfa8fc1ab76b3d2792af4a271fcfaee13b26
134,22,0.0005,0x18a902dc44442205b4ba2b1dc038e67506d22c55,2017-09-24T02:31:39.000Z,0.00002272727272727272,0x8746f30b3bc330660dc7ebe8b2812ff27768a1ea,buy,0xaa26b73bfdc80b5c7d2cfbfc30930038fb7fa657,0x014ec1a8075385b3d74b44547be59f1c65f369e26e86831426a08c625b3fb003
135,22,0.0005,0xd868b838b5de79f1e540b5d83c9e9a3d0b3810cd,2017-09-24T02:26:37.000Z,0.00002272727272727272,0x8746f30b3bc330660dc7ebe8b2812ff27768a1ea,buy,0xaa26b73bfdc80b5c7d2cfbfc30930038fb7fa657,0x0060ddbd1da9e0de344f460db8fafd2a01a5c9729a2e9dd0da9d045622a3b64c
136,22,0.0005,0xc22f5ab4f1591613a92b4d172cc7f4e4a5af58cd,2017-09-24T02:17:21.000Z,0.00002272727272727272,0x8746f30b3bc330660dc7ebe8b2812ff27768a1ea,buy,0xaa26b73bfdc80b5c7d2cfbfc30930038fb7fa657,0x29bbf9d5898aa58250fe44e25e4caaae91aee9fb3a81a8e40d9f6c389f10ab47
137,22,0.0005,0x452b06f1c61cff4c9bebaa405319a7c3b12553a2,2017-09-24T02:13:08.000Z,0.00002272727272727272,0x8746f30b3bc330660dc7ebe8b2812ff27768a1ea,buy,0xaa26b73bfdc80b5c7d2cfbfc30930038fb7fa657,0x87e67c350bf914c50f2c6851ae7a3f6b05e6ee4addc6df55a76906f2456e51f2
138,22,0.0005,0x2ba19ec4bcd5ae8de66b110bde5ebf41092bd02f,2017-09-24T02:05:49.000Z,0.00002272727272727272,0x8746f30b3bc330660dc7ebe8b2812ff27768a1ea,buy,0xaa26b73bfdc80b5c7d2cfbfc30930038fb7fa657,0x679795d721bc8972575d51533c974becb2376d6fa2b990d979f5165f5e54d3cf
139,22,0.0005,0x18a902dc44442205b4ba2b1dc038e67506d22c55,2017-09-24T02:00:55.000Z,0.00002272727272727272,0x8746f30b3bc330660dc7ebe8b2812ff27768a1ea,buy,0xaa26b73bfdc80b5c7d2cfbfc30930038fb7fa657,0x266b43dc12fb2f88a0e9eb85ad4b3717eaa5430497ccd9799c99e9004076bc60
140,22,0.0005,0xd868b838b5de79f1e540b5d83c9e9a3d0b3810cd,2017-09-24T01:55:36.000Z,0.00002272727272727272,0x8746f30b3bc330660dc7ebe8b2812ff27768a1ea,buy,0xaa26b73bfdc80b5c7d2cfbfc30930038fb7fa657,0x9e0910713089a5de62882239d43439f0579cf806b5c5426f22ece6cf0137a9ff
141,22,0.0005,0xc22f5ab4f1591613a92b4d172cc7f4e4a5af58cd,2017-09-24T01:42:34.000Z,0.00002272727272727272,0x8746f30b3bc330660dc7ebe8b2812ff27768a1ea,buy,0xaa26b73bfdc80b5c7d2cfbfc30930038fb7fa657,0xf585b82c4bc760fbb2089cc41b99026ce49d09df2118f9800bb1801cfd67ded9
142,22,0.0005,0x452b06f1c61cff4c9bebaa405319a7c3b12553a2,2017-09-24T01:37:47.000Z,0.00002272727272727272,0x8746f30b3bc330660dc7ebe8b2812ff27768a1ea,buy,0xaa26b73bfdc80b5c7d2cfbfc30930038fb7fa657,0x9d6834db77dd6bf3ef168dfbf28ce2cdf55b049c6c85a4d47ab874a2b8252068
143,22,0.0005,0x2ba19ec4bcd5ae8de66b110bde5ebf41092bd02f,2017-09-24T01:32:49.000Z,0.00002272727272727272,0x8746f30b3bc330660dc7ebe8b2812ff27768a1ea,buy,0xaa26b73bfdc80b5c7d2cfbfc30930038fb7fa657,0xb092af6f10454e8cf436c80eea383b3444553cdb279fb1c495497d0ea75c953d
144,22,0.0005,0x18a902dc44442205b4ba2b1dc038e67506d22c55,2017-09-24T01:25:12.000Z,0.00002272727272727272,0x8746f30b3bc330660dc7ebe8b2812ff27768a1ea,buy,0xaa26b73bfdc80b5c7d2cfbfc30930038fb7fa657,0x2afec098b4b94fb223b2ff56bdea5a613dc58bd6483fa4cac279bccaf77a180a
145,22,0.0005,0xd868b838b5de79f1e540b5d83c9e9a3d0b3810cd,2017-09-24T01:17:57.000Z,0.00002272727272727272,0x8746f30b3bc330660dc7ebe8b2812ff27768a1ea,buy,0xaa26b73bfdc80b5c7d2cfbfc30930038fb7fa657,0x4053701b9a439bf862ccd2ccf64b1e2d27fcfa553e1ef53d67b4b18d1917513d
146,22,0.0005,0xc22f5ab4f1591613a92b4d172cc7f4e4a5af58cd,2017-09-24T01:06:32.000Z,0.00002272727272727272,0x8746f30b3bc330660dc7ebe8b2812ff27768a1ea,buy,0xaa26b73bfdc80b5c7d2cfbfc30930038fb7fa657,0xa69258b1cd776fa5b6d973fc1da57302893b85bd85c85729f01bfaf1e5444132
147,22,0.0005,0x452b06f1c61cff4c9bebaa405319a7c3b12553a2,2017-09-24T01:04:14.000Z,0.00002272727272727272,0x8746f30b3bc330660dc7ebe8b2812ff27768a1ea,buy,0xaa26b73bfdc80b5c7d2cfbfc30930038fb7fa657,0x3d32099bc175de7ca92d01407306234711058cdcda5383019caaacec055305e4
148,22,0.0005,0x2ba19ec4bcd5ae8de66b110bde5ebf41092bd02f,2017-09-24T00:55:42.000Z,0.00002272727272727272,0x8746f30b3bc330660dc7ebe8b2812ff27768a1ea,buy,0xaa26b73bfdc80b5c7d2cfbfc30930038fb7fa657,0xe85d61090adb18d4f9a923c209472db0f5b48b892c59ff249837254fad885ef2
149,22,0.0005,0x18a902dc44442205b4ba2b1dc038e67506d22c55,2017-09-24T00:50:50.000Z,0.00002272727272727272,0x8746f30b3bc330660dc7ebe8b2812ff27768a1ea,buy,0xaa26b73bfdc80b5c7d2cfbfc30930038fb7fa657,0xc0988188327b762cc676f71ca695ae79be06a531d26be9e060349abe8b45ee28
150,22,0.0005,0xd868b838b5de79f1e540b5d83c9e9a3d0b3810cd,2017-09-24T00:46:05.000Z,0.00002272727272727272,0x8746f30b3bc330660dc7ebe8b2812ff27768a1ea,buy,0xaa26b73bfdc80b5c7d2cfbfc30930038fb7fa657,0x7231d55a0c27dc1ef1bf44e9ce3fce3c6532f8a999bd1eb88985af950108fc47
151,22,0.0005,0xc22f5ab4f1591613a92b4d172cc7f4e4a5af58cd,2017-09-24T00:36:04.000Z,0.00002272727272727272,0x8746f30b3bc330660dc7ebe8b2812ff27768a1ea,buy,0xaa26b73bfdc80b5c7d2cfbfc30930038fb7fa657,0x5be8a3a725f36920ede3f96f668470712ea77561a903c240f32ca2e7f3d109c6
152,22,0.0005,0x452b06f1c61cff4c9bebaa405319a7c3b12553a2,2017-09-24T00:29:55.000Z,0.00002272727272727272,0x8746f30b3bc330660dc7ebe8b2812ff27768a1ea,buy,0xaa26b73bfdc80b5c7d2cfbfc30930038fb7fa657,0x512b991f49fcf9ea72ec716528967e445154a6eb9fcf530de04826ebb9879723
153,22,0.0005,0x2ba19ec4bcd5ae8de66b110bde5ebf41092bd02f,2017-09-24T00:23:38.000Z,0.00002272727272727272,0x8746f30b3bc330660dc7ebe8b2812ff27768a1ea,buy,0xaa26b73bfdc80b5c7d2cfbfc30930038fb7fa657,0x1e3b3ca07fbf09192086b83b70fa105fa6d9b50e58f58c8405178abe4e10526d
154,22,0.0005,0x18a902dc44442205b4ba2b1dc038e67506d22c55,2017-09-24T00:20:57.000Z,0.00002272727272727272,0x8746f30b3bc330660dc7ebe8b2812ff27768a1ea,buy,0xaa26b73bfdc80b5c7d2cfbfc30930038fb7fa657,0xc7ee42a33ab962ced38f70fa18eb75090b703498a50a60a09b66f5f7b21639b4
155,22,0.0005,0xd868b838b5de79f1e540b5d83c9e9a3d0b3810cd,2017-09-24T00:15:12.000Z,0.00002272727272727272,0x8746f30b3bc330660dc7ebe8b2812ff27768a1ea,buy,0xaa26b73bfdc80b5c7d2cfbfc30930038fb7fa657,0x06c3f06fd7e70d703da28ec8c5299c43d58d411be6b10a04289c2941938b2efd
156,22,0.0005,0xc22f5ab4f1591613a92b4d172cc7f4e4a5af58cd,2017-09-24T00:03:49.000Z,0.00002272727272727272,0x8746f30b3bc330660dc7ebe8b2812ff27768a1ea,buy,0xaa26b73bfdc80b5c7d2cfbfc30930038fb7fa657,0xa3483b0381086206e87ff452c931cd5aa5b0cbf5e3120fbd1777ea95f3b69ffc
157,22,0.0005,0x452b06f1c61cff4c9bebaa405319a7c3b12553a2,2017-09-23T23:57:20.000Z,0.00002272727272727272,0x8746f30b3bc330660dc7ebe8b2812ff27768a1ea,buy,0xaa26b73bfdc80b5c7d2cfbfc30930038fb7fa657,0x296567d2035b0b7d0a44d8b2d0b3c1f8760619511a4f2c9dbc471f8e91ebb84c
158,22,0.0005,0x2ba19ec4bcd5ae8de66b110bde5ebf41092bd02f,2017-09-23T23:47:03.000Z,0.00002272727272727272,0x8746f30b3bc330660dc7ebe8b2812ff27768a1ea,buy,0xaa26b73bfdc80b5c7d2cfbfc30930038fb7fa657,0x1cede98acc5af21382732d6a22b19f115844ecb449dfcba7c5c953a04de58596
159,22,0.0005,0x18a902dc44442205b4ba2b1dc038e67506d22c55,2017-09-23T23:37:58.000Z,0.00002272727272727272,0x8746f30b3bc330660dc7ebe8b2812ff27768a1ea,buy,0xaa26b73bfdc80b5c7d2cfbfc30930038fb7fa657,0x911cb38ba16436a7fa717520c16bf83d74ecd6ae53ce1b8e70a55c1f53fb34f5
160,22,0.0005,0xd868b838b5de79f1e540b5d83c9e9a3d0b3810cd,2017-09-23T23:31:57.000Z,0.00002272727272727272,0x8746f30b3bc330660dc7ebe8b2812ff27768a1ea,buy,0xaa26b73bfdc80b5c7d2cfbfc30930038fb7fa657,0xa440e34eb459ca5ed5af7402009c920545670ee1a98164da34bd2287fc80f37f
161,22,0.0005,0x452b06f1c61cff4c9bebaa405319a7c3b12553a2,2017-09-23T23:30:16.000Z,0.00002272727272727272,0x254fb89e4cab71708eaab16e067ca8156a38e18a,buy,0xaa26b73bfdc80b5c7d2cfbfc30930038fb7fa657,0x4580f35c04f2304bb4b7138b57378fb1700e86c3629a3f61a7287f3a833f1df5
162,22,0.0005,0xc22f5ab4f1591613a92b4d172cc7f4e4a5af58cd,2017-09-23T23:30:16.000Z,0.00002272727272727272,0x254fb89e4cab71708eaab16e067ca8156a38e18a,buy,0xaa26b73bfdc80b5c7d2cfbfc30930038fb7fa657,0xc6dae653a9c16cd71c4882aa7c6479c06d2b0efac0a175a4c0aff8a4815a8884
163,22,0.0005,0x2ba19ec4bcd5ae8de66b110bde5ebf41092bd02f,2017-09-23T23:23:10.000Z,0.00002272727272727272,0x254fb89e4cab71708eaab16e067ca8156a38e18a,buy,0xaa26b73bfdc80b5c7d2cfbfc30930038fb7fa657,0x944bc687f80fe0b22c18a32e668ca74d9ce93ca27ae08d211c1f0aec51239874
164,22,0.0005,0x18a902dc44442205b4ba2b1dc038e67506d22c55,2017-09-23T23:22:31.000Z,0.00002272727272727272,0x254fb89e4cab71708eaab16e067ca8156a38e18a,buy,0xaa26b73bfdc80b5c7d2cfbfc30930038fb7fa657,0x43226db56b12b7efd507e637c74bd4090086eebf53240f2fdd6f2827426b5a50
165,22,0.0005,0xd868b838b5de79f1e540b5d83c9e9a3d0b3810cd,2017-09-23T23:22:31.000Z,0.00002272727272727272,0x8746f30b3bc330660dc7ebe8b2812ff27768a1ea,buy,0xaa26b73bfdc80b5c7d2cfbfc30930038fb7fa657,0xae910479bb679b3cd5a576a89890d66689bdf728b5ad4890c1d48fc8ed6c63a2
166,22,0.0005,0xd868b838b5de79f1e540b5d83c9e9a3d0b3810cd,2017-09-23T22:18:42.000Z,0.00002272727272727272,0x254fb89e4cab71708eaab16e067ca8156a38e18a,buy,0xaa26b73bfdc80b5c7d2cfbfc30930038fb7fa657,0x62dff5324378084819296cd5fc3ed6be676c0ded1d88da8660665faf0e001422
167,22,0.0005,0x18a902dc44442205b4ba2b1dc038e67506d22c55,2017-09-23T19:13:31.000Z,0.00002272727272727272,0x254fb89e4cab71708eaab16e067ca8156a38e18a,buy,0xaa26b73bfdc80b5c7d2cfbfc30930038fb7fa657,0x4020955a476a9a75eb87ebbf06346e9222d08f40f55985e97601a613d18af626
168,22,0.0005,0xd868b838b5de79f1e540b5d83c9e9a3d0b3810cd,2017-09-23T19:02:35.000Z,0.00002272727272727272,0x254fb89e4cab71708eaab16e067ca8156a38e18a,buy,0xaa26b73bfdc80b5c7d2cfbfc30930038fb7fa657,0xbc575d96f4691b1a39140a49fa45f65276351d88237c0f7da80bf149d493df68
169,16,0.0005,0x18a902dc44442205b4ba2b1dc038e67506d22c55,2017-09-23T16:37:28.000Z,0.00003125,0xa3d7dedda551204ccb03bd79aa87824cc453b8de,buy,0xaa26b73bfdc80b5c7d2cfbfc30930038fb7fa657,0x8084824d72c7af54849437097a082c77706218f45d82f9313e1393167d88f469
170,16,0.0005,0xd868b838b5de79f1e540b5d83c9e9a3d0b3810cd,2017-09-23T16:33:46.000Z,0.00003125,0xa3d7dedda551204ccb03bd79aa87824cc453b8de,buy,0xaa26b73bfdc80b5c7d2cfbfc30930038fb7fa657,0x781510798819320f3065be714d7a2cbdb1a09fdb3a24171615960e87e749757e
171,40,0.001212,0x636d925f140f761f7a0e600db2177dd068ddada1,2017-09-23T11:36:54.000Z,0.0000303,0x3603576f910ac545006eadbfee5798202ed07a45,buy,0xaa26b73bfdc80b5c7d2cfbfc30930038fb7fa657,0xda6868d6df3120c70154168663100e9b4bf05d391522aa8b50f1ca4dbb66aac5
172,10,0.000332996,0x465b35fc5cc1528f8d3f13d6f9262e35dc7e327f,2017-09-22T18:04:24.000Z,0.0000332996,0xbcce870909b3dbbe28f744f69b080dbdeeb7748a,buy,0xaa26b73bfdc80b5c7d2cfbfc30930038fb7fa657,0xa6c0515002f783336408b5422af598049658975f0701eccb5e9b36409fe3ff83
173,100,0.0367,0x9b73149133c7d34a50b6b078d1244961e3c39768,2017-09-22T07:49:05.000Z,0.000367,0x8b182a4526944fa498970732a69a95d281c3c8a9,buy,0xaa26b73bfdc80b5c7d2cfbfc30930038fb7fa657,0x78363ed002e26bd0f1083d99afdeb3130f601a5415a2ce9620936cb9bb5689a9
174,9948,0.07461,0x9b73149133c7d34a50b6b078d1244961e3c39768,2017-09-22T06:56:07.000Z,0.0000075,0xc9087108b890f9aee9c5b878c6f062a2b0c730f3,buy,0xaa26b73bfdc80b5c7d2cfbfc30930038fb7fa657,0x9faa01a660456113dadf43a49e178b893df8e1ed096a2f3e3b09873ac4f90bf6
175,1700,0.030599422,0x1d3c61bb5c3de9ad44be16bd37cb0e5824850535,2017-09-17T11:05:47.000Z,0.00001799966,0xbcce870909b3dbbe28f744f69b080dbdeeb7748a,buy,0xaa26b73bfdc80b5c7d2cfbfc30930038fb7fa657,0x05eac51a7e4663ca9771550d995e431afba32349c8ec26eab269fd1d46f65170
176,3958,0.01979,0x1d3c61bb5c3de9ad44be16bd37cb0e5824850535,2017-09-17T10:08:59.000Z,0.000005,0x00d39a4dce7a21583a08b216bae0ba91719e5ab3,sell,0xaa26b73bfdc80b5c7d2cfbfc30930038fb7fa657,0x5db2a48e45c2c71b59c032f0bf5eb726964bdee8494d12446c2a6e090f83a10a
177,26,0.0005,0x42c24a83bded723edfdf5883bc7efb30bc1a1bf3,2017-09-16T18:00:49.000Z,0.00001923076923076923,0xbcce870909b3dbbe28f744f69b080dbdeeb7748a,buy,0xaa26b73bfdc80b5c7d2cfbfc30930038fb7fa657,0x19f600e10e2a703a552c3f05f340a7e7261638790a9a28d9339f5fcd6d111c14
178,26,0.0005,0x8b24d80c6dd6e1af5a000e03ca8f00886a05f6f5,2017-09-16T17:44:17.000Z,0.00001923076923076923,0xbcce870909b3dbbe28f744f69b080dbdeeb7748a,buy,0xaa26b73bfdc80b5c7d2cfbfc30930038fb7fa657,0xdaab0c1a7d07c2b2b40eb99ad7d6cbfa87e07bb7292f5113a14131a2903b6f00
179,26,0.0005,0x1f8ac99600c61189d92c85cc760735b9e0067a60,2017-09-16T16:58:14.000Z,0.00001923076923076923,0xbcce870909b3dbbe28f744f69b080dbdeeb7748a,buy,0xaa26b73bfdc80b5c7d2cfbfc30930038fb7fa657,0xde12e793134feeb93bb47008c1a5f9aa41a3851e0b041faca3913c9604f6206b
180,26,0.0005,0x0f657c396dfcd6c59bb82b89fc3adbe5f90ce153,2017-09-16T16:57:21.000Z,0.00001923076923076923,0xbcce870909b3dbbe28f744f69b080dbdeeb7748a,buy,0xaa26b73bfdc80b5c7d2cfbfc30930038fb7fa657,0x57651f31fce20a28da261232bdcdb59e204e654108efba5153d9ec1d367ffaff
181,26,0.0005,0x0f657c396dfcd6c59bb82b89fc3adbe5f90ce153,2017-09-16T16:38:08.000Z,0.00001923076923076923,0xbcce870909b3dbbe28f744f69b080dbdeeb7748a,buy,0xaa26b73bfdc80b5c7d2cfbfc30930038fb7fa657,0x08c8a560cb0a7d50ee67ff4dab0ec8dc4513991a8f490ab67e40e85d13ef930b
182,26,0.0005,0x0f657c396dfcd6c59bb82b89fc3adbe5f90ce153,2017-09-16T16:11:05.000Z,0.00001923076923076923,0xc9087108b890f9aee9c5b878c6f062a2b0c730f3,buy,0xaa26b73bfdc80b5c7d2cfbfc30930038fb7fa657,0x98a9061fbca101676e11956e74af2551369ca8f01aae1cf207fa1f49b703b748
183,26,0.0005,0x1f8ac99600c61189d92c85cc760735b9e0067a60,2017-09-16T15:58:38.000Z,0.00001923076923076923,0xc9087108b890f9aee9c5b878c6f062a2b0c730f3,buy,0xaa26b73bfdc80b5c7d2cfbfc30930038fb7fa657,0x1059cc8269e023aa786d2a2841879ce1ab7b1d69aca9328b2b3a38fb93575b8d
184,10000,0.09,0xc9087108b890f9aee9c5b878c6f062a2b0c730f3,2017-09-15T22:53:36.000Z,0.000009,0x62034f305d56b9f56fc526455fb088af9a03531f,sell,0xaa26b73bfdc80b5c7d2cfbfc30930038fb7fa657,0x18e9539927a3ba3b7041232f88b0a51cb17c3b25df2fb8682c10823440971417
185,1,0.00004399,0xd6f29f2fb0a1dc783aeab42ce7ce9276f8e14a54,2017-09-15T17:31:45.000Z,0.00004399,0xbcce870909b3dbbe28f744f69b080dbdeeb7748a,buy,0xaa26b73bfdc80b5c7d2cfbfc30930038fb7fa657,0xa0e89d17f651840589f5e0e2e322a19886448a9aa4c15171cde50e10126c3082
186,11,0.0005,0x8b24d80c6dd6e1af5a000e03ca8f00886a05f6f5,2017-09-15T05:41:32.000Z,0.00004545454545454545,0xbcce870909b3dbbe28f744f69b080dbdeeb7748a,buy,0xaa26b73bfdc80b5c7d2cfbfc30930038fb7fa657,0xdc7900a3231b0a3ba532c370f3a925672a4d4ab9b6bcd159b3a4f7eff6c930e3
187,11,0.0005,0x8b24d80c6dd6e1af5a000e03ca8f00886a05f6f5,2017-09-15T05:08:22.000Z,0.00004545454545454545,0xbcce870909b3dbbe28f744f69b080dbdeeb7748a,buy,0xaa26b73bfdc80b5c7d2cfbfc30930038fb7fa657,0x95ccab85e7ec1eb541190cab612c54784dc9e5f52d5da4fce016d5fc357aeb22
188,11,0.0005,0x8b24d80c6dd6e1af5a000e03ca8f00886a05f6f5,2017-09-15T04:35:14.000Z,0.00004545454545454545,0xbcce870909b3dbbe28f744f69b080dbdeeb7748a,buy,0xaa26b73bfdc80b5c7d2cfbfc30930038fb7fa657,0xd1e6155faf66e5e7425c776d645b08448b23c3c2f139095b4377d3ac8e62854b
189,7646,0.07646,0x1d3c61bb5c3de9ad44be16bd37cb0e5824850535,2017-09-14T09:08:30.000Z,0.00001,0x6a1afc7af4278351bca6125e03cc9e1a3f41e80a,sell,0xaa26b73bfdc80b5c7d2cfbfc30930038fb7fa657,0x7ecb37efa334afde6c7661adb513791927a3913b9960b5d6047bb1ad4440f54c
190,11,0.0005,0x4c2fb430e95954bcfa54ce4741a9fc2ff6e415ad,2017-09-13T23:32:13.000Z,0.00004545454545454545,0x25a645b09e77ad11c14993d8893ccd88916c7652,buy,0xaa26b73bfdc80b5c7d2cfbfc30930038fb7fa657,0x1b15f6b2f2ac29d95ebebc742a12164a21cbef2f711739004b0b84032eb5b7d9
191,11,0.0005,0x4c2fb430e95954bcfa54ce4741a9fc2ff6e415ad,2017-09-13T21:55:12.000Z,0.00004545454545454545,0x25a645b09e77ad11c14993d8893ccd88916c7652,buy,0xaa26b73bfdc80b5c7d2cfbfc30930038fb7fa657,0xb63e558fd0c33cae35cc0541ad125be9e91b606baae58cf9e960e54f3ca3a4a9
192,11,0.0005,0x4c2fb430e95954bcfa54ce4741a9fc2ff6e415ad,2017-09-13T21:28:39.000Z,0.00004545454545454545,0x25a645b09e77ad11c14993d8893ccd88916c7652,buy,0xaa26b73bfdc80b5c7d2cfbfc30930038fb7fa657,0x70182d877470745e68828471b407d04dba2d6d3975ef0b412dfd236cc99a2519
193,11,0.0005,0x4c2fb430e95954bcfa54ce4741a9fc2ff6e415ad,2017-09-13T21:16:54.000Z,0.00004545454545454545,0x25a645b09e77ad11c14993d8893ccd88916c7652,buy,0xaa26b73bfdc80b5c7d2cfbfc30930038fb7fa657,0xecdc60f4b0aff9afda76fbef7cbc872ff1cb06eabd3e32423a60a3cc638b69ee
194,10,0.0005,0x0024a5046fd95c5eee6db19a69ef7ed3bacd50f1,2017-09-11T19:28:57.000Z,0.00005,0x00d39a4dce7a21583a08b216bae0ba91719e5ab3,buy,0xaa26b73bfdc80b5c7d2cfbfc30930038fb7fa657,0x160707f12c63ceb4acb29f7030768051aa64816aa1a12abb524d074f97c68eff
195,4500,0.036,0x3de1655d54223f420f5d8e72ebfb27e5ad8a3a06,2017-09-10T20:41:53.000Z,0.000008,0x00d39a4dce7a21583a08b216bae0ba91719e5ab3,buy,0xaa26b73bfdc80b5c7d2cfbfc30930038fb7fa657,0x0e0d64f676d7e0c7c0de0bb177f743e7e34e1a4bbc7c9784a2f1a2bf273a02b1
196,8250,0.004125,0x00d39a4dce7a21583a08b216bae0ba91719e5ab3,2017-09-10T16:39:55.000Z,0.0000005,0x00d39a4dce7a21583a08b216bae0ba91719e5ab3,sell,0xaa26b73bfdc80b5c7d2cfbfc30930038fb7fa657,0xa4b62835cbd7e8306614f9463b7f605bc36ca578b904fcf8da501110e7e98af8
197,7372,0.031331,0x00d39a4dce7a21583a08b216bae0ba91719e5ab3,2017-09-09T09:48:50.000Z,0.00000425,0x7e4f7845e668c75c49d1f55d62ce5ec43b428218,sell,0xaa26b73bfdc80b5c7d2cfbfc30930038fb7fa657,0x1b7541bcc0ae537fc0643275c20dfc785eae5a433043a90a0fb9d2d258982d72
198,1000,0.00425,0x00d39a4dce7a21583a08b216bae0ba91719e5ab3,2017-09-09T07:38:39.000Z,0.00000425,0x00d39a4dce7a21583a08b216bae0ba91719e5ab3,sell,0xaa26b73bfdc80b5c7d2cfbfc30930038fb7fa657,0x3cecf32677acb646a20e13d5bb067badcfcce8f18cb39e419443499929a89574
199,1136,0.004828,0x00d39a4dce7a21583a08b216bae0ba91719e5ab3,2017-09-09T01:07:20.000Z,0.00000425,0xeee382c2972dad3a157e100f3d6b3b117c353a1b,sell,0xaa26b73bfdc80b5c7d2cfbfc30930038fb7fa657,0x52ee20a03a1323d4e3c819741e618f27fa3b299a520157a6997728b2b3111bb4
200,30000,0.3,0x1f24d3571246f03fe1a4deaad74f3069b8ed3df2,2017-09-09T01:03:15.000Z,0.00001,0xeee382c2972dad3a157e100f3d6b3b117c353a1b,sell,0xaa26b73bfdc80b5c7d2cfbfc30930038fb7fa657,0xcf8273612bd5729a6816779629cfa2f219ece1e269ec5524fe05ae31b872eb5b
201,30063,0.330693,0xcb8c470ade68afc21e307891fc3cfdf37f960b6d,2017-09-06T05:29:51.000Z,0.000011,0xac82f745ef6f6f24c84de4b81d59b0bec505034a,buy,0xaa26b73bfdc80b5c7d2cfbfc30930038fb7fa657,0x623bd220e3246a0384ff2b6205c13ff7366b7d3085a4ed41ae541ed1b67f8246
202,48586,0.48586,0x28895c7e5d2e9d849209e0c5ebfa73d0f11a3a01,2017-09-06T03:48:24.000Z,0.00001,0x302fad54d1391e3dac5259e75e63f7606bc20148,sell,0xaa26b73bfdc80b5c7d2cfbfc30930038fb7fa657,0xd1f1d5f269e6acf7c66c7e23e06d5660d7b3fd10a816bd7e6e3bf1326dcb5002
203,9519,0.09519,0x28895c7e5d2e9d849209e0c5ebfa73d0f11a3a01,2017-09-06T03:24:48.000Z,0.00001,0x5f19b49693f2c537226c1c75ae0f2881795e43cd,sell,0xaa26b73bfdc80b5c7d2cfbfc30930038fb7fa657,0x45a3e3757926f12d4d5de2cb79cba57e429c617f44f6aaca92d9eb7ceade15bf
204,91,0.001001,0xbcce870909b3dbbe28f744f69b080dbdeeb7748a,2017-09-06T02:25:45.000Z,0.000011,0xac82f745ef6f6f24c84de4b81d59b0bec505034a,sell,0xaa26b73bfdc80b5c7d2cfbfc30930038fb7fa657,0xead6b9a695b4fab5b14273236a7074f2a274a38f4dc5c206035200c72b2a513f
205,5400,0.05967,0xcb8c470ade68afc21e307891fc3cfdf37f960b6d,2017-09-06T00:18:52.000Z,0.00001105,0x5f19b49693f2c537226c1c75ae0f2881795e43cd,sell,0xaa26b73bfdc80b5c7d2cfbfc30930038fb7fa657,0x6b23a44e67bd4f039ca5d141a0ccb3fc615e736886afea74443943e46d58901c
206,24909,0.273999,0xbcce870909b3dbbe28f744f69b080dbdeeb7748a,2017-09-05T17:46:09.000Z,0.000011,0x5f19b49693f2c537226c1c75ae0f2881795e43cd,sell,0xaa26b73bfdc80b5c7d2cfbfc30930038fb7fa657,0x150872bd286f706b2414fed0a4abe711417ca9cc7e64300396a79c8e7774f412
207,4996,0.054956,0x66a4e99923ff534c41936d0b28a13980b0a942f0,2017-09-05T09:02:17.000Z,0.000011,0x7e4f7845e668c75c49d1f55d62ce5ec43b428218,sell,0xaa26b73bfdc80b5c7d2cfbfc30930038fb7fa657,0x2581ee355fefcf746523b4149c4bcc27bf324301c4776b30375bdf6a138ee5f3
208,10000,0.111,0x254fb89e4cab71708eaab16e067ca8156a38e18a,2017-09-05T08:55:40.000Z,0.0000111,0x7e4f7845e668c75c49d1f55d62ce5ec43b428218,sell,0xaa26b73bfdc80b5c7d2cfbfc30930038fb7fa657,0x03ddfd9932d174b4738dc7dbe4c01c2de7a3f1a9709d59a0ff605756c1dc1b90
209,50,0.0045,0x4da4ee0ffa7dda1761d4d2ac0da11f382df2f23a,2017-09-04T16:15:47.000Z,0.00009,0x71a5355ceff2e0cb62ae6b8998f9f3ee082a5e11,buy,0xaa26b73bfdc80b5c7d2cfbfc30930038fb7fa657,0xbe9584c0074c25fc7e20aa299bf58da87effe397a76ce694625a76f8755b3051
210,5,0.00006,0xcb8c470ade68afc21e307891fc3cfdf37f960b6d,2017-09-04T12:11:17.000Z,0.000012,0x91474fe2592b19d14904d91edc57a81072b47998,sell,0xaa26b73bfdc80b5c7d2cfbfc30930038fb7fa657,0xb6b1271ec069b70f7b2771e5d27b6f0dbeefbd61759d6aa9bd4fb11340fd928e
211,1000,0.011113,0x28895c7e5d2e9d849209e0c5ebfa73d0f11a3a01,2017-09-04T06:09:51.000Z,0.000011113,0x91474fe2592b19d14904d91edc57a81072b47998,sell,0xaa26b73bfdc80b5c7d2cfbfc30930038fb7fa657,0x7c62d1815e2b78fcb5a535203fdf4524c3b1254a72e2fe8c19c22ed0b046bd96
212,2,0.000259998,0xf414413855d61cf3b126dfc6c3e19113b37837ec,2017-09-04T05:59:13.000Z,0.000129999,0x28895c7e5d2e9d849209e0c5ebfa73d0f11a3a01,buy,0xaa26b73bfdc80b5c7d2cfbfc30930038fb7fa657,0x976c7f378c8f7d5ab7f598fa9bc7504003ffc8d0d50f9b3935e1f7ae9a581c3f
213,16183,0.258911817,0x28895c7e5d2e9d849209e0c5ebfa73d0f11a3a01,2017-09-03T16:42:57.000Z,0.000015999,0x9d13b7ae8f54b7a2411df9522e851c37281aa668,buy,0xaa26b73bfdc80b5c7d2cfbfc30930038fb7fa657,0xecb63401a3006aac1d7a99e919c3b085d360b14813fc3e782e9d21e8fd8baf1b
214,2000,0.031998,0x2a1bdeeccbd37d492cb022fc9a20bfb0fd2e35e7,2017-09-03T13:33:54.000Z,0.000015999,0x9d13b7ae8f54b7a2411df9522e851c37281aa668,buy,0xaa26b73bfdc80b5c7d2cfbfc30930038fb7fa657,0xd089822689309dc596eb78c93d76e4b579ed7d9b2ad84ffb7f19207ad1a186e8
215,183,0.00293549652,0x8b182a4526944fa498970732a69a95d281c3c8a9,2017-09-03T01:55:25.000Z,0.00001604096459016393,0x9d13b7ae8f54b7a2411df9522e851c37281aa668,buy,0xaa26b73bfdc80b5c7d2cfbfc30930038fb7fa657,0xf926ab55bae86682f58fd1e607530b1eb0876e9f7eedb4a26189218198393b60
216,312,0.00500000748,0x6d3d0dfa885186833d6cf04f7890aab7d3b43cd1,2017-09-03T00:02:34.000Z,0.000016025665,0x9d13b7ae8f54b7a2411df9522e851c37281aa668,buy,0xaa26b73bfdc80b5c7d2cfbfc30930038fb7fa657,0xc8d8afdca21754d35e706c4d57315aa6072ca44e23f76448e956a98987135f5b
217,1993,0.022148209,0x28895c7e5d2e9d849209e0c5ebfa73d0f11a3a01,2017-09-02T20:46:08.000Z,0.000011113,0xa2b16e3b6b64771396c925e61fefd851e757e38e,sell,0xaa26b73bfdc80b5c7d2cfbfc30930038fb7fa657,0x7b7e4d0b65a05553f754182827b76a4b4c0b8aa2895e3cb9c1b0fb499358851a
218,10000,0.15998,0xfd6762464ed9b4b6ddff12006c0c310cef9c82e8,2017-09-02T07:16:43.000Z,0.000015998,0xbcce870909b3dbbe28f744f69b080dbdeeb7748a,buy,0xaa26b73bfdc80b5c7d2cfbfc30930038fb7fa657,0x44fdb7c4057c4110d99ee208b4e93f81f739fc3c010e6dc69e8953c8460e58c3
219,1,0.000015999,0x244e9a7b7492a8432a35a2dcd4b5dd740fe4ad2a,2017-09-01T15:09:20.000Z,0.000015999,0x9d13b7ae8f54b7a2411df9522e851c37281aa668,buy,0xaa26b73bfdc80b5c7d2cfbfc30930038fb7fa657,0x200108d4cee998f1c06e44519426eabbdcd86e7f710c03ed0f3adf507027154f
220,125,0.002,0xcb8c470ade68afc21e307891fc3cfdf37f960b6d,2017-09-01T07:05:59.000Z,0.000016,0x62034f305d56b9f56fc526455fb088af9a03531f,buy,0xaa26b73bfdc80b5c7d2cfbfc30930038fb7fa657,0x1cb56b482b24d80e779e073b062bb7fea25f746a1a8292df67de83fc8a61a017
221,1891,0.021010901,0x28895c7e5d2e9d849209e0c5ebfa73d0f11a3a01,2017-08-31T12:44:16.000Z,0.000011111,0x1931653087bb9f41ef66d73544926165f00843ca,sell,0xaa26b73bfdc80b5c7d2cfbfc30930038fb7fa657,0x6c004eed5e0cf6ea84ff16faf41d3261c67528bbd2df9e695395687a1e1f3045
222,14400,0.18,0xe47376dcb7eb6649a4f0d7deeec8ebdba148f91a,2017-08-31T11:55:28.000Z,0.0000125,0x1931653087bb9f41ef66d73544926165f00843ca,sell,0xaa26b73bfdc80b5c7d2cfbfc30930038fb7fa657,0x17a16946a1d3e95f44fc170bc80b4c7a26e50cfda2980492457b73add0a01c7d
223,4,0.000044,0x66a4e99923ff534c41936d0b28a13980b0a942f0,2017-08-31T01:01:42.000Z,0.000011,0x3162f2032ddce11a87098cc13fcc6117ebe92f95,sell,0xaa26b73bfdc80b5c7d2cfbfc30930038fb7fa657,0xa1d7577e4cab085ef778d4b72efa3c2380df8c92e143e15e6e880f4e4ecf8e2f
224,39876,0.438675876,0x28895c7e5d2e9d849209e0c5ebfa73d0f11a3a01,2017-08-31T00:24:56.000Z,0.000011001,0x3162f2032ddce11a87098cc13fcc6117ebe92f95,sell,0xaa26b73bfdc80b5c7d2cfbfc30930038fb7fa657,0x9784bb5d00ed159576f0adac007ea6963d5fd5c6cbe0e1cb9984692dc9bc97f2
225,10000,0.11002,0xbcce870909b3dbbe28f744f69b080dbdeeb7748a,2017-08-30T19:48:44.000Z,0.000011002,0x1931653087bb9f41ef66d73544926165f00843ca,sell,0xaa26b73bfdc80b5c7d2cfbfc30930038fb7fa657,0x43926665e8615edf1ba439a47ab14aa1409581c2364e1041ac6ecd3fe5f21b7d
226,6641,0.073057641,0x28895c7e5d2e9d849209e0c5ebfa73d0f11a3a01,2017-08-30T16:38:12.000Z,0.000011001,0xef767ac70fb0f1241e161eae68494690be720d20,sell,0xaa26b73bfdc80b5c7d2cfbfc30930038fb7fa657,0xb8e78533878588f12dc59b0450349de9b86b0770a1312045882a72e3139865f1
227,1009,0.0407000178,0x91474fe2592b19d14904d91edc57a81072b47998,2017-08-30T12:44:28.000Z,0.00004033698493557978,0x62034f305d56b9f56fc526455fb088af9a03531f,buy,0xaa26b73bfdc80b5c7d2cfbfc30930038fb7fa657,0xcc7ccc07e1d25d8328b3a1d35981ba175d4a9e734bb17816a2046edb92656050
228,100,0.00404,0xcb8c470ade68afc21e307891fc3cfdf37f960b6d,2017-08-30T08:21:28.000Z,0.0000404,0x7e4f7845e668c75c49d1f55d62ce5ec43b428218,buy,0xaa26b73bfdc80b5c7d2cfbfc30930038fb7fa657,0x7f6353c3db42eda80e1af26852d434008e8a647887f90154e12fa161da85c07a
229,8695,0.0999925,0xe47376dcb7eb6649a4f0d7deeec8ebdba148f91a,2017-08-30T05:44:56.000Z,0.0000115,0x7e4f7845e668c75c49d1f55d62ce5ec43b428218,sell,0xaa26b73bfdc80b5c7d2cfbfc30930038fb7fa657,0xfe24134ffceb2faf9dd9f663ec600414623b34c20758f40033dcf2fef2809939
230,750,0.03075,0xcb8c470ade68afc21e307891fc3cfdf37f960b6d,2017-08-29T10:40:37.000Z,0.000041,0xef767ac70fb0f1241e161eae68494690be720d20,buy,0xaa26b73bfdc80b5c7d2cfbfc30930038fb7fa657,0x6334be1789a14b86d0ed8247f42312c315e5cc8b1ad62aafaac68b695393ab64
231,46000,0.69,0xcb8c470ade68afc21e307891fc3cfdf37f960b6d,2017-08-29T09:26:34.000Z,0.000015,0xef767ac70fb0f1241e161eae68494690be720d20,sell,0xaa26b73bfdc80b5c7d2cfbfc30930038fb7fa657,0x8c0845c54a8b7e6f783238513765d09bdea4f1fbe060f5473fa9348d0a903bf7
232,1000,0.042,0x52d0f87d3058eeba6261c34ae464cedc14fa644c,2017-08-28T23:45:00.000Z,0.000042,0x1931653087bb9f41ef66d73544926165f00843ca,buy,0xaa26b73bfdc80b5c7d2cfbfc30930038fb7fa657,0x410065eef3061d1f6ffe8614f4692a4f76b6eafe790c9fa5c6448cbee829de5e
233,3311,0.13909285473042826,0xbc43454e4b5c4cdbb2099449b76e11664307a1f2,2017-08-28T21:46:02.000Z,0.00004200931885546006,0x1931653087bb9f41ef66d73544926165f00843ca,buy,0xaa26b73bfdc80b5c7d2cfbfc30930038fb7fa657,0xa5d2f85d4eedfb64e8e8f017ada7e00ce629e448671a886227f6806d77e8f3ea
234,102,0.004284,0x465b35fc5cc1528f8d3f13d6f9262e35dc7e327f,2017-08-28T21:38:02.000Z,0.000042,0x1931653087bb9f41ef66d73544926165f00843ca,buy,0xaa26b73bfdc80b5c7d2cfbfc30930038fb7fa657,0xb00fa9e5c973a871131f6732bd04872d5f37f12561c34715d6b094dc869f2b04
235,2,0.000084,0x465b35fc5cc1528f8d3f13d6f9262e35dc7e327f,2017-08-28T21:35:11.000Z,0.000042,0x1931653087bb9f41ef66d73544926165f00843ca,buy,0xaa26b73bfdc80b5c7d2cfbfc30930038fb7fa657,0xe49c3f442b3df3e765c13283b1bc22156c3377df5f82441ecab2ef440b224a3c
236,4281,0.21405,0xcb8c470ade68afc21e307891fc3cfdf37f960b6d,2017-08-28T10:59:01.000Z,0.00005,0xe0d463597d9a53a5fbb5d983427e23661cef6e58,buy,0xaa26b73bfdc80b5c7d2cfbfc30930038fb7fa657,0xf4d5345655cc1dc12de535b2588e0d2a24e28efe3ac1d9ba8ef199026106ad3f
237,943,0.049999988,0x48ae7ea7038973e4dd8316cb37ffd01a8b3b9828,2017-08-27T19:10:13.000Z,0.00005302225662778367,0x254fb89e4cab71708eaab16e067ca8156a38e18a,buy,0xaa26b73bfdc80b5c7d2cfbfc30930038fb7fa657,0x5bfb1fb1f6282c49ad297d1f564e51e76ffd82899c9289310362d6163cfb1b91
238,25950,0.2595,0xe47376dcb7eb6649a4f0d7deeec8ebdba148f91a,2017-08-27T00:36:13.000Z,0.00001,0x302fad54d1391e3dac5259e75e63f7606bc20148,sell,0xaa26b73bfdc80b5c7d2cfbfc30930038fb7fa657,0xde21b5a10abb5c3e604435322018655f9fb755bd5b6b4fb0b3d074b2d43c7f36
239,4281,0.12843,0xe0d463597d9a53a5fbb5d983427e23661cef6e58,2017-08-26T19:57:09.000Z,0.00003,0x302fad54d1391e3dac5259e75e63f7606bc20148,sell,0xaa26b73bfdc80b5c7d2cfbfc30930038fb7fa657,0x4bbea538805879cfc180ffee76b3a466875a66ba9c2a8333c354ca0e14cc928b
240,20881,0.626450881,0x6d2a2b8c855abd329ad1dd5bf7959b5a48d41f9b,2017-08-26T19:41:09.000Z,0.000030001,0x302fad54d1391e3dac5259e75e63f7606bc20148,sell,0xaa26b73bfdc80b5c7d2cfbfc30930038fb7fa657,0x182d6fb8001d285a07388e35f20b78e359f911b62ad3232b26e5876339fece50
241,9969,0.299079969,0x6d2a2b8c855abd329ad1dd5bf7959b5a48d41f9b,2017-08-26T18:50:45.000Z,0.000030001,0x007d6286d0cdd80930e8915ac7fe016d6a3a755e,sell,0xaa26b73bfdc80b5c7d2cfbfc30930038fb7fa657,0xb729252e8c4e6108900d6ae6ed713de1eeea8bebaee06752edbad3aea2e02701
242,3400,0.1020034,0x6d2a2b8c855abd329ad1dd5bf7959b5a48d41f9b,2017-08-26T17:59:16.000Z,0.000030001,0x1931653087bb9f41ef66d73544926165f00843ca,sell,0xaa26b73bfdc80b5c7d2cfbfc30930038fb7fa657,0xbe00ea1d5d1bd4e76aec60ac289a3c3e5a08dbdc3f4c7093b8aa8cd30bb5bd38
243,500,0.015001,0xca872b6ac295ed9f8fc664d674ca3b3428b6bf56,2017-08-26T17:59:16.000Z,0.000030002,0x1931653087bb9f41ef66d73544926165f00843ca,sell,0xaa26b73bfdc80b5c7d2cfbfc30930038fb7fa657,0x7e6513325df2ad4872b76faed2b8b16b67d70172c586f1dbf21f5e4962210e85
244,2500,0.45,0xbc18642c7e0647d6e65b53cadefb4367d8f85a97,2017-08-26T08:59:42.000Z,0.00018,0x1931653087bb9f41ef66d73544926165f00843ca,buy,0xaa26b73bfdc80b5c7d2cfbfc30930038fb7fa657,0xbeea42b29ab863bfb2f462e1436b56f9fa53f717fc6c9e74794ef500b684a7c3
245,52,0.01000008,0x6d3d0dfa885186833d6cf04f7890aab7d3b43cd1,2017-08-26T05:28:06.000Z,0.00019230923076923078,0x5f19b49693f2c537226c1c75ae0f2881795e43cd,buy,0xaa26b73bfdc80b5c7d2cfbfc30930038fb7fa657,0xca7efc1d92b15e456c63a4946d7c22ea034c3db65950fc4c3c8aea6bd14ad261
246,27109,0.54218,0xfcc4514f41b0394efe6021d5516bf74c6f554d1a,2017-08-26T01:20:53.000Z,0.00002,0x603766b9640ec5e950b2b07f91b6d955f5472a73,sell,0xaa26b73bfdc80b5c7d2cfbfc30930038fb7fa657,0xbc3da71fa2616cc4b8d9194da5d173d541c533ad6eff3852d01770eb4e3bbb0b
247,16000,0.5,0x9b73149133c7d34a50b6b078d1244961e3c39768,2017-08-26T01:07:24.000Z,0.00003125,0x603766b9640ec5e950b2b07f91b6d955f5472a73,sell,0xaa26b73bfdc80b5c7d2cfbfc30930038fb7fa657,0xafda1a4477d7eb1c197ae4d0d0e2c160cf9ac89ccfd27dd57296fcc815df2cd3
