,amount,amountBase,buyer,date,price,seller,side,tokenAddr,txHash
0,17,0.07633,0x50be0c6e4a79a2bfb576c8bb67c41071671fc782,2017-11-02T17:02:19.000Z,0.00449,0x00d32cf01c09faabe1d005585bca7b665816a151,buy,0x86fa049857e0209aa7d9e616f7eb3b3b78ecfdb0,0x6ceb9b6bc20f4c79618b196a3c0b8c571e1688defa08796061d33a69e9996788
1,8.3,0.036852,0xda5529a8fa284111befd703b6095c1ac51502772,2017-11-02T17:01:46.000Z,0.00444,0x01669fe4d8196c981ecbffe5631b1874c818245e,sell,0x86fa049857e0209aa7d9e616f7eb3b3b78ecfdb0,0x32b324e2675b9e6f56f5065702e0e60d31202f1edb73722ccf62b7b109105fa7
2,115.7744683142588,0.5198273627310219,0x3f361f37d01b6fd4149a599947e55e4d24829591,2017-11-02T17:01:18.000Z,0.00449,0x00d32cf01c09faabe1d005585bca7b665816a151,buy,0x86fa049857e0209aa7d9e616f7eb3b3b78ecfdb0,0x227c8c30c2be207d3d6848fdaffb414fd7a4d27f1800492344ac7a34a69266f3
3,173.8284342233503,0.7804896696628429,0xc7ca52dab7369669f28cf3ae21043691f80048d1,2017-11-02T17:00:42.000Z,0.00449,0x00d32cf01c09faabe1d005585bca7b665816a151,buy,0x86fa049857e0209aa7d9e616f7eb3b3b78ecfdb0,0x0ca9dc8825d6933cab60d326a82de86129d6a88a4d881c5c12e7758c09c8339a
4,127.68946872097938,0.5669412411211484,0x3f361f37d01b6fd4149a599947e55e4d24829591,2017-11-02T16:59:26.000Z,0.00444,0x01669fe4d8196c981ecbffe5631b1874c818245e,buy,0x86fa049857e0209aa7d9e616f7eb3b3b78ecfdb0,0xa2d03d4af2e2ac03c96bd88e0c74431d3d380d3a7970aa335587bb56bc3792f6
5,200,0.888,0x1ab67a4d157cb1fd690fbdec3a158e6d08897980,2017-11-02T16:57:47.000Z,0.00444,0x01669fe4d8196c981ecbffe5631b1874c818245e,buy,0x86fa049857e0209aa7d9e616f7eb3b3b78ecfdb0,0xa80d30ccdf9f4457846f2756ac54b6618d8c6e577b9932543238a1837f93a3e3
6,305.602,1.34565117456,0xb622dbf708e7876db9a4352c9ee62efb7051cd2b,2017-11-02T16:55:11.000Z,0.00440328,0x01669fe4d8196c981ecbffe5631b1874c818245e,sell,0x86fa049857e0209aa7d9e616f7eb3b3b78ecfdb0,0x9f64abe399abcf45d16924ae1138ac3b701e5f3fdcdbbf13cd0503aa7d7e18f4
7,211.96885245811512,0.9411417049140312,0x7414cb9756702fde037722773a2e6b730d386795,2017-11-02T16:54:07.000Z,0.00444,0x01669fe4d8196c981ecbffe5631b1874c818245e,buy,0x86fa049857e0209aa7d9e616f7eb3b3b78ecfdb0,0xebd8f2661d7d537b5578367d4ad32d1e49f0e148e86a0351dd932df219b6258b
8,194.39775586253458,0.8559877504343812,0xb622dbf708e7876db9a4352c9ee62efb7051cd2b,2017-11-02T16:52:39.000Z,0.00440328,0x6009502524cc23d9861056a1d2b2f89603b14bbc,sell,0x86fa049857e0209aa7d9e616f7eb3b3b78ecfdb0,0x358d370c871cf4711ce7e277ab91c226bdc3b94b2e5793f1b95ffaa6f048d6e3
9,0.006715528653597072,0.000029816947221971,0xf43c0ef9630008239b1686044ce9294d99833e39,2017-11-02T16:52:39.000Z,0.00444,0x01669fe4d8196c981ecbffe5631b1874c818245e,buy,0x86fa049857e0209aa7d9e616f7eb3b3b78ecfdb0,0x489976d704bdd68634dc22ed5446b132a0c68837eb859a886b42982548cd1fd1
10,105,0.4662,0x0aebf8217e73f8100309039309eb1f4ae55ed9dc,2017-11-02T16:47:57.000Z,0.00444,0x01669fe4d8196c981ecbffe5631b1874c818245e,buy,0x86fa049857e0209aa7d9e616f7eb3b3b78ecfdb0,0x65a52f8ebf56c5d4751c7f8d9e388e9c583b398e4927d65b0a4663f19af72351
11,0.005962972267776294,0.000024746334911271,0x603ad2cf7a65b3e3af598d6e884d9cd512056ddb,2017-11-02T16:46:37.000Z,0.004149999999999896,0xce2b2a2b89e2f203802e89914359c1a77b47fafc,sell,0x86fa049857e0209aa7d9e616f7eb3b3b78ecfdb0,0x12bb90249715cab71958e1684cce6f319bcfb633deb29a53dd4fd51f745ec572
12,59.814574818064,0.2482304854949656,0x603ad2cf7a65b3e3af598d6e884d9cd512056ddb,2017-11-02T16:45:53.000Z,0.00415,0xce2b2a2b89e2f203802e89914359c1a77b47fafc,sell,0x86fa049857e0209aa7d9e616f7eb3b3b78ecfdb0,0xf37db48c8d7dbbd57bfc4cd4ce65b3230bbeaa46b14d7e2ae665ddc8c439c5d7
13,223,0.989674,0xf9df4a0a325bb953cdef76aa12fb71ebd040eebd,2017-11-02T16:44:30.000Z,0.004438,0x3efd9b0bd8e4595bc494539aca584821950106ee,buy,0x86fa049857e0209aa7d9e616f7eb3b3b78ecfdb0,0xa6d2ee1265b60975cdf0c08ad769684e74e65811776b359170164329ffb70004
14,31.613,0.14067785,0xbc5ecc8cdb94ede945beba4f51fa3b1af1e6da44,2017-11-02T16:43:18.000Z,0.00445,0xb567d925b7f92181c7f008a3d77d63de01921ded,buy,0x86fa049857e0209aa7d9e616f7eb3b3b78ecfdb0,0x4177a8c7724a4bc333996e7b9902edb1f0ebcb217e2b474eb3d19c745ce22acb
15,220,0.9768,0x0a4f9f2ba507788803cd48a0e19c3d45df897482,2017-11-02T16:41:59.000Z,0.00444,0x01669fe4d8196c981ecbffe5631b1874c818245e,buy,0x86fa049857e0209aa7d9e616f7eb3b3b78ecfdb0,0x0bd8afd21167019c25a647d2e3a6dcae0db206c1e5014fc988d4970a686ad2d7
16,135.33496329225193,0.6008872370175985,0xfecc3d20149c204ed4f30ba11648b19e3d8209a2,2017-11-02T16:41:13.000Z,0.00444,0x01669fe4d8196c981ecbffe5631b1874c818245e,buy,0x86fa049857e0209aa7d9e616f7eb3b3b78ecfdb0,0x89a38827050dac6948d1d68a855200ca801fe6a3acb41518fac86331ff92d061
17,785.0999365517241,3.415184724,0x3e66e568931f0f32057f516e5187c6fd62d645c1,2017-11-02T16:38:39.000Z,0.00435,0x01669fe4d8196c981ecbffe5631b1874c818245e,buy,0x86fa049857e0209aa7d9e616f7eb3b3b78ecfdb0,0x36100b674b90b14db42bd218922f77868d50bff9f8898fbc9598bf85d53004a5
18,195,0.8287305,0x6009502524cc23d9861056a1d2b2f89603b14bbc,2017-11-02T16:37:54.000Z,0.0042499,0xdf936e92f73b6e6334b417e87a87350d4a4b7a8c,buy,0x86fa049857e0209aa7d9e616f7eb3b3b78ecfdb0,0xe613b866d59de87790d5ee07ee0aeccbe3b600312088d503f87f69b725a2f22b
19,254.13529379310344,1.105488528,0x73b7424a32b34806f9ba10129843ce9cc3069397,2017-11-02T16:37:54.000Z,0.00435,0x01669fe4d8196c981ecbffe5631b1874c818245e,buy,0x86fa049857e0209aa7d9e616f7eb3b3b78ecfdb0,0xbdd5580a691a04b09aafa7ec7e1be6263e1530c05c6d6fcbe29a6d7e4745ce65
20,960.7647696551724,4.179326748,0x73b7424a32b34806f9ba10129843ce9cc3069397,2017-11-02T16:37:27.000Z,0.00435,0x01669fe4d8196c981ecbffe5631b1874c818245e,buy,0x86fa049857e0209aa7d9e616f7eb3b3b78ecfdb0,0xc82728fe185ad81f77e125f5a314bb51f80fd7f271086fb978f9c745f9df560a
21,200,0.858,0x23c09abbc301e4bd6396548f5f6005ab345afb7e,2017-11-02T16:37:09.000Z,0.00429,0x00d32cf01c09faabe1d005585bca7b665816a151,buy,0x86fa049857e0209aa7d9e616f7eb3b3b78ecfdb0,0x4040480c088cd16f54edde5843dd5e430c29894eedbd011f5327d70b89d1d55a
22,26,0.10868,0xbc5ecc8cdb94ede945beba4f51fa3b1af1e6da44,2017-11-02T16:36:17.000Z,0.00418,0x0c5719fba3a34b524ae668cb51c5e2ce0e1ead14,buy,0x86fa049857e0209aa7d9e616f7eb3b3b78ecfdb0,0x990da8d8ed776364c41ad24756f806f5f3ff1186aafd5e51648da501c30a697d
23,989.2598855477855,4.243924909,0x73b7424a32b34806f9ba10129843ce9cc3069397,2017-11-02T16:36:17.000Z,0.00429,0x00d32cf01c09faabe1d005585bca7b665816a151,buy,0x86fa049857e0209aa7d9e616f7eb3b3b78ecfdb0,0x0ecc8a4c5e149420a2628cd344fba6cebbb3d961407df9e146e4dd58c0f55d2c
24,0.002,0.000008021059999999,0x01f8460e80ee010407ee6bc18c67a52a3ce996d3,2017-11-02T16:36:17.000Z,0.0040105299999995,0xfa8eb4bd294e2f07e1bf238fb10bf29d8b64f62d,sell,0x86fa049857e0209aa7d9e616f7eb3b3b78ecfdb0,0x40e64aadb06207394d2973414b7307aa71e8dd3240b9805bf492668739e95665
25,15,0.06375,0x3e66e568931f0f32057f516e5187c6fd62d645c1,2017-11-02T16:35:58.000Z,0.00425,0xb0d2ce3e2bfbc1a47dbfe5b3eef5335284dfeb49,buy,0x86fa049857e0209aa7d9e616f7eb3b3b78ecfdb0,0x46d00c7b966907add189ecb22c78fd7cbb3f983a366f80d7d34d7995fdfb3411
26,27,0.11286,0x0a4f9f2ba507788803cd48a0e19c3d45df897482,2017-11-02T16:35:58.000Z,0.00418,0x1aa0c6b033c9987d4177a129dca61d7bcb307f92,buy,0x86fa049857e0209aa7d9e616f7eb3b3b78ecfdb0,0x49b55835ab933f3604fcebea76dc3550769002b613dfdc34c96cc9ca288900fa
27,21.889143654670523,0.08757848565148041,0x7414cb9756702fde037722773a2e6b730d386795,2017-11-02T16:35:04.000Z,0.004001001,0xfa8eb4bd294e2f07e1bf238fb10bf29d8b64f62d,sell,0x86fa049857e0209aa7d9e616f7eb3b3b78ecfdb0,0x351246bfd7dc49347b623dc7c84c6219d2b01af37a4c780d9718fe083341e744
28,3,0.01254,0x1a96f3bc6cd0e9db43e89f983d4227ec5f707539,2017-11-02T16:34:39.000Z,0.00418,0x1aa0c6b033c9987d4177a129dca61d7bcb307f92,buy,0x86fa049857e0209aa7d9e616f7eb3b3b78ecfdb0,0x13782bd0e628580d0f62d111068d06897c1a1fb24b30f0b0fd52d6450f838c53
29,204.09213048121052,0.8551256175032239,0x23c09abbc301e4bd6396548f5f6005ab345afb7e,2017-11-02T16:34:08.000Z,0.0041899,0xdf936e92f73b6e6334b417e87a87350d4a4b7a8c,buy,0x86fa049857e0209aa7d9e616f7eb3b3b78ecfdb0,0x160ac94c401ae2a7112f9d7a35bf1998ded7c116b775d671fbadde2c13ac41fd
30,85.90786951878948,0.35994538249677605,0xc7ca52dab7369669f28cf3ae21043691f80048d1,2017-11-02T16:31:55.000Z,0.0041899,0xdf936e92f73b6e6334b417e87a87350d4a4b7a8c,buy,0x86fa049857e0209aa7d9e616f7eb3b3b78ecfdb0,0xd6f0e3313157b5bc2d7435db7705b5088276c970f770bd18e929a3450a855ef0
31,24,0.10032,0x3efd9b0bd8e4595bc494539aca584821950106ee,2017-11-02T16:30:05.000Z,0.00418,0x0c5719fba3a34b524ae668cb51c5e2ce0e1ead14,buy,0x86fa049857e0209aa7d9e616f7eb3b3b78ecfdb0,0x91cc0e860ebc9a669f9ff305801c699bb35c699ec5357b8af3a5f35fde0966be
32,0.411,0.002055,0xab4dd5a9d18767e2bb9368a5b2e21671173b2db5,2017-11-02T16:28:35.000Z,0.005,0xace2f0e2021ed8067a5f64eebd39bff7e67f096e,buy,0x86fa049857e0209aa7d9e616f7eb3b3b78ecfdb0,0x31b3986ff7491d133f55fc028b97cb6842a15036d52abad381cabea9c4b43e94
33,199,0.83381,0x3efd9b0bd8e4595bc494539aca584821950106ee,2017-11-02T16:28:35.000Z,0.00419,0x00d32cf01c09faabe1d005585bca7b665816a151,buy,0x86fa049857e0209aa7d9e616f7eb3b3b78ecfdb0,0x21c222ccf1123ac56463c8b00cbab982f67c1626d64fcf79852781fa4d2b0405
34,448,1.792000448,0xc0b2cc48ee4aa3a77f4da72cf0d5df640b76f7ae,2017-11-02T16:28:35.000Z,0.004000001,0x47c965caead95d3f16c3b1e4bc7ac48e3702f5b3,sell,0x86fa049857e0209aa7d9e616f7eb3b3b78ecfdb0,0x6f2d188abd8305b890b2686295241556c3fa7f402de99175574ba38fed048ae6
35,81.88115744461858,0.34308204969295186,0x51af801bd2c3960979124fb1a3e1159b61c41029,2017-11-02T16:27:01.000Z,0.00419,0x00d32cf01c09faabe1d005585bca7b665816a151,buy,0x86fa049857e0209aa7d9e616f7eb3b3b78ecfdb0,0x9f13279e096cb115672f28de79d36e02e1332bad2a5470fe06697a2dd5988893
36,30,0.12000003,0xc0b2cc48ee4aa3a77f4da72cf0d5df640b76f7ae,2017-11-02T16:27:01.000Z,0.004000001,0xb0d2ce3e2bfbc1a47dbfe5b3eef5335284dfeb49,sell,0x86fa049857e0209aa7d9e616f7eb3b3b78ecfdb0,0x95f6ee628b5b0721dee5fb9f428b7c25cff081c90696a777db02d35dc3cafe7f
37,500,2.09495,0xc0b2cc48ee4aa3a77f4da72cf0d5df640b76f7ae,2017-11-02T16:26:25.000Z,0.0041899,0xdf936e92f73b6e6334b417e87a87350d4a4b7a8c,buy,0x86fa049857e0209aa7d9e616f7eb3b3b78ecfdb0,0x919b8d871529fd4f1ff3ef560431661dd66ed6aa0803de983358766520750525
38,500,2.075,0x8246ba89b4b3e23161f6294965ca8f48f7823ae5,2017-11-02T16:25:02.000Z,0.00415,0xaad83e742cab2c3ee9d60567c14aea1336f14f87,buy,0x86fa049857e0209aa7d9e616f7eb3b3b78ecfdb0,0xe045102d4df5121c7362c32def1f79335d069e7ce92ed26dd0ad2cc2d950b9b8
39,300,1.2447,0x23c09abbc301e4bd6396548f5f6005ab345afb7e,2017-11-02T16:24:31.000Z,0.004149,0x01669fe4d8196c981ecbffe5631b1874c818245e,buy,0x86fa049857e0209aa7d9e616f7eb3b3b78ecfdb0,0x09e16c334787607944486134643a892ddde7f4753731c9c2163b345374c4f78d
40,500,2.074995,0x8246ba89b4b3e23161f6294965ca8f48f7823ae5,2017-11-02T16:24:31.000Z,0.00414999,0xdf936e92f73b6e6334b417e87a87350d4a4b7a8c,buy,0x86fa049857e0209aa7d9e616f7eb3b3b78ecfdb0,0x6b9aa45abb51b275fa8561cde23c8d0043ab3db6015bf36cb49009546e794577
41,0.28026811224489795,0.001098651,0x51af801bd2c3960979124fb1a3e1159b61c41029,2017-11-02T16:23:44.000Z,0.00392,0xf041268d020ab1d2b295d21c5d0d0e5301d3d708,buy,0x86fa049857e0209aa7d9e616f7eb3b3b78ecfdb0,0xfde352aa6ca0f502cda89288a1983c2531fd66ebd936dad0258618a0b73166b0
42,170.32,0.696676928,0x23c09abbc301e4bd6396548f5f6005ab345afb7e,2017-11-02T16:22:14.000Z,0.0040904,0x87e6e455d4f091296cb082641f63e58c98e56078,buy,0x86fa049857e0209aa7d9e616f7eb3b3b78ecfdb0,0x5adfd5994e32b1dcf290529789c2e0ca67bbc2e90e7d0f21a6780691d20fc357
43,200,0.8,0x1e468d22bab0a9235d473b9200941b907355907d,2017-11-02T16:22:14.000Z,0.004,0xdf936e92f73b6e6334b417e87a87350d4a4b7a8c,sell,0x86fa049857e0209aa7d9e616f7eb3b3b78ecfdb0,0x80b2b53f7fe42da7056dadc15c60f9ed6599ffba197205f530cff32f4bea4d06
44,500,2,0xce5f55e2f384a663ed0e2bc491be9d8ff36c1388,2017-11-02T16:18:26.000Z,0.004,0xdf936e92f73b6e6334b417e87a87350d4a4b7a8c,sell,0x86fa049857e0209aa7d9e616f7eb3b3b78ecfdb0,0xfb2ab3d2d8efd17d0aba39229dc5b29abf2f6a8053c9d3b91845eb76a78e8109
45,0.000250922996142746,0.00000100369198457,0xe2f7cc23f322b09ae8ea174f48fd8866840ed9d9,2017-11-02T16:14:54.000Z,0.003999999999996079,0xdf936e92f73b6e6334b417e87a87350d4a4b7a8c,sell,0x86fa049857e0209aa7d9e616f7eb3b3b78ecfdb0,0x2d483051c3f420f11edc77fd4b8a79d2d9307208ec0f04650cf6c98979a2ff5e
46,100,0.39999,0xe2f7cc23f322b09ae8ea174f48fd8866840ed9d9,2017-11-02T16:14:06.000Z,0.0039999,0x4ee5722804bfc187f60f776c64173357fda27032,buy,0x86fa049857e0209aa7d9e616f7eb3b3b78ecfdb0,0x5ea334a392695d245b6426b6b2fad17b2cf0b24b8b73315aa0b62584bb20d7e3
47,68.459,0.273836,0xe2f7cc23f322b09ae8ea174f48fd8866840ed9d9,2017-11-02T16:13:52.000Z,0.004,0xc9ffdeeee53736a67f0a4d22e64ab62dc9f010c4,buy,0x86fa049857e0209aa7d9e616f7eb3b3b78ecfdb0,0x385c050f107901840bfd0a0315dd212f8fcc03bd09159a38e6bec46c31e65e39
48,300,1.1967,0x6009502524cc23d9861056a1d2b2f89603b14bbc,2017-11-02T16:12:55.000Z,0.003989,0x937ef977341e686a42200d61e72b33405bf0c9c3,buy,0x86fa049857e0209aa7d9e616f7eb3b3b78ecfdb0,0x561904d09734868d0d4fefa25d794ab44a9ee25cb647ef8aa3bc6ee39925ca5a
49,1000,4.001,0x3df86cefaecfaa31be2f74f8f832cb4ef62b79f8,2017-11-02T16:11:36.000Z,0.004001,0xa6eaa51dc1d74f5d1074aa324ff07369fd2bcc2a,buy,0x86fa049857e0209aa7d9e616f7eb3b3b78ecfdb0,0x6c7416d2d3d54ac5d6ba725813097c0d9c2d8b9880d3c10083a3bd28850f0d51
50,500,1.9999985,0xe2f7cc23f322b09ae8ea174f48fd8866840ed9d9,2017-11-02T16:11:08.000Z,0.003999997,0x1ab67a4d157cb1fd690fbdec3a158e6d08897980,buy,0x86fa049857e0209aa7d9e616f7eb3b3b78ecfdb0,0x8c9a74f63f7051901ab7600ab5293602bbd671e385e7f8821c3ad3f30b510833
51,200,0.79054,0x603ad2cf7a65b3e3af598d6e884d9cd512056ddb,2017-11-02T16:11:08.000Z,0.0039527,0x87e6e455d4f091296cb082641f63e58c98e56078,buy,0x86fa049857e0209aa7d9e616f7eb3b3b78ecfdb0,0x6a9cfab6f8d1c7a93eb525b70e7a8c947d2dc45b26fba387779125fe69366bcd
52,69.398,0.2699512802,0x603ad2cf7a65b3e3af598d6e884d9cd512056ddb,2017-11-02T16:10:25.000Z,0.0038899,0xdf936e92f73b6e6334b417e87a87350d4a4b7a8c,buy,0x86fa049857e0209aa7d9e616f7eb3b3b78ecfdb0,0x867a169741b8b9f103456f368805ca6bd11a93911793ddb7a0bad14dab4dca9d
53,500,1.945,0x6009502524cc23d9861056a1d2b2f89603b14bbc,2017-11-02T16:09:53.000Z,0.00389,0x74a091a83b2540e3801a640ed0ad4b4ce53451d8,buy,0x86fa049857e0209aa7d9e616f7eb3b3b78ecfdb0,0xb4f790a43d407fe1fa1dfae75c4f18f06a96e1ab613e855fd8b19d3458730955
54,50.893,0.195937490177,0xe2f7cc23f322b09ae8ea174f48fd8866840ed9d9,2017-11-02T16:09:53.000Z,0.003849989,0xc0b2cc48ee4aa3a77f4da72cf0d5df640b76f7ae,buy,0x86fa049857e0209aa7d9e616f7eb3b3b78ecfdb0,0x819249907ba74363b4b93d0890277e5a7fbf509bc2593ed95ccff79ad3cb8b2b
55,895.5,3.49146495,0x01f8460e80ee010407ee6bc18c67a52a3ce996d3,2017-11-02T16:09:39.000Z,0.0038989,0xdf936e92f73b6e6334b417e87a87350d4a4b7a8c,buy,0x86fa049857e0209aa7d9e616f7eb3b3b78ecfdb0,0x69c1c0005a5fd077597407f77b07fdb8eed15ac39d757f465f2b6440af8e35b2
56,651.053,2.532529762594,0x23c09abbc301e4bd6396548f5f6005ab345afb7e,2017-11-02T16:08:47.000Z,0.003889898,0x1ab67a4d157cb1fd690fbdec3a158e6d08897980,buy,0x86fa049857e0209aa7d9e616f7eb3b3b78ecfdb0,0x1c077c641cad82857f7f31812801c8dab85a5f7183468d4632fd15ef9e2ce0ee
57,900,3.500991,0x603ad2cf7a65b3e3af598d6e884d9cd512056ddb,2017-11-02T16:08:36.000Z,0.00388999,0xdf936e92f73b6e6334b417e87a87350d4a4b7a8c,buy,0x86fa049857e0209aa7d9e616f7eb3b3b78ecfdb0,0x3b86bee1aaa42e0a8c7b7ee7707e8770bbd773601641774f649e7e311e8c3629
58,347.7197318877551,1.363061349,0x73b7424a32b34806f9ba10129843ce9cc3069397,2017-11-02T16:07:46.000Z,0.00392,0xf041268d020ab1d2b295d21c5d0d0e5301d3d708,buy,0x86fa049857e0209aa7d9e616f7eb3b3b78ecfdb0,0x742b1e16d78769317342e5466af54d7790c6c422deb4526806e85810ca424307
59,185.523,0.72168447,0x73b7424a32b34806f9ba10129843ce9cc3069397,2017-11-02T16:07:46.000Z,0.00389,0xe103ce33b3e32194d075cb23e56c94c14f12704c,buy,0x86fa049857e0209aa7d9e616f7eb3b3b78ecfdb0,0x742b1e16d78769317342e5466af54d7790c6c422deb4526806e85810ca424307
60,500,1.9249935,0xc0b2cc48ee4aa3a77f4da72cf0d5df640b76f7ae,2017-11-02T16:07:33.000Z,0.003849987,0xecba73e96217cdb23afff854446dda91a103e7fd,buy,0x86fa049857e0209aa7d9e616f7eb3b3b78ecfdb0,0x16eeec1fff69f84a8a244ea9cb78b09d71736ac51af2d331a395bcb7a8aed4f2
61,889.0964114666482,3.45848724,0x73b7424a32b34806f9ba10129843ce9cc3069397,2017-11-02T16:06:21.000Z,0.00388989,0xdf936e92f73b6e6334b417e87a87350d4a4b7a8c,buy,0x86fa049857e0209aa7d9e616f7eb3b3b78ecfdb0,0xa3f9d3c8a686f2d313952722b2362065e20434f6d50d070827c8fdd28e9fdd6f
62,214.51399998817448,0.8344356489,0x73b7424a32b34806f9ba10129843ce9cc3069397,2017-11-02T16:06:21.000Z,0.003889889,0x1ab67a4d157cb1fd690fbdec3a158e6d08897980,buy,0x86fa049857e0209aa7d9e616f7eb3b3b78ecfdb0,0xa3f9d3c8a686f2d313952722b2362065e20434f6d50d070827c8fdd28e9fdd6f
63,200,0.77,0x603ad2cf7a65b3e3af598d6e884d9cd512056ddb,2017-11-02T16:04:52.000Z,0.00385,0xaad83e742cab2c3ee9d60567c14aea1336f14f87,buy,0x86fa049857e0209aa7d9e616f7eb3b3b78ecfdb0,0x356f6682a5ee4e59422dac89c2a8ac82c9b8a031575ca756f06e819aff3d93aa
64,236,0.91568,0x73b7424a32b34806f9ba10129843ce9cc3069397,2017-11-02T16:04:47.000Z,0.00388,0x80cdc8b6887f0f25da9ea60db422a666432857e2,buy,0x86fa049857e0209aa7d9e616f7eb3b3b78ecfdb0,0xa6915e44290cfe936a061ddb5e8fc00376b13ea96313ecb9d60ed6a3b1f6e379
65,255,0.990675,0x73b7424a32b34806f9ba10129843ce9cc3069397,2017-11-02T16:04:47.000Z,0.003885,0xb452a11d80f78a1c44cc8406ed0bb7786287da04,buy,0x86fa049857e0209aa7d9e616f7eb3b3b78ecfdb0,0xa6915e44290cfe936a061ddb5e8fc00376b13ea96313ecb9d60ed6a3b1f6e379
66,300,1.1664,0x73b7424a32b34806f9ba10129843ce9cc3069397,2017-11-02T16:04:47.000Z,0.003888,0x937ef977341e686a42200d61e72b33405bf0c9c3,buy,0x86fa049857e0209aa7d9e616f7eb3b3b78ecfdb0,0xa6915e44290cfe936a061ddb5e8fc00376b13ea96313ecb9d60ed6a3b1f6e379
67,31.989999994805178,0.1231611161,0x73b7424a32b34806f9ba10129843ce9cc3069397,2017-11-02T16:04:47.000Z,0.003849988,0xad5b3fbc469313e21efe4117627a658424091b0a,buy,0x86fa049857e0209aa7d9e616f7eb3b3b78ecfdb0,0xa6915e44290cfe936a061ddb5e8fc00376b13ea96313ecb9d60ed6a3b1f6e379
68,285.48572877015255,1.110507796,0x73b7424a32b34806f9ba10129843ce9cc3069397,2017-11-02T16:04:47.000Z,0.003889889,0x1ab67a4d157cb1fd690fbdec3a158e6d08897980,buy,0x86fa049857e0209aa7d9e616f7eb3b3b78ecfdb0,0xa6915e44290cfe936a061ddb5e8fc00376b13ea96313ecb9d60ed6a3b1f6e379
69,500,1.800156,0xecba73e96217cdb23afff854446dda91a103e7fd,2017-11-02T15:53:50.000Z,0.003600312,0xdf936e92f73b6e6334b417e87a87350d4a4b7a8c,sell,0x86fa049857e0209aa7d9e616f7eb3b3b78ecfdb0,0x96b0e579ca1bce6c4767ec1c7b9e95e0c54ecf16449d2cbf4b8c9aef26cb5d69
70,55,0.21174934,0xd5d299c4bc8b09015e5d5784743e2e64de0f9fe3,2017-11-02T15:53:50.000Z,0.003849988,0xad5b3fbc469313e21efe4117627a658424091b0a,buy,0x86fa049857e0209aa7d9e616f7eb3b3b78ecfdb0,0xa92b8b7cf6fb0535d4fd7acb56bfbca4e323b0f38618382be0990098f58cef30
71,50.893995613597845,0.18323370330163194,0xc0b2cc48ee4aa3a77f4da72cf0d5df640b76f7ae,2017-11-02T15:42:48.000Z,0.003600301,0x74f355aeddfe000c50701d15594e37af63fddaa4,sell,0x86fa049857e0209aa7d9e616f7eb3b3b78ecfdb0,0x9c0c232d25373126bebf7ded05104d5b7034b438b188891cc27e5cb08a80c4c6
72,86.9732720777124,0.3131124768069724,0xad5b3fbc469313e21efe4117627a658424091b0a,2017-11-02T15:38:21.000Z,0.0036001,0xec63f9d1ac88ac75c95724410cc8f37e3ba3dda9,sell,0x86fa049857e0209aa7d9e616f7eb3b3b78ecfdb0,0x7f4e55fb87ee3f25c771d41b70354e5a0b0261cc803d1f1ddb0686363fcd3ca1
73,58,0.2204,0xc7ca52dab7369669f28cf3ae21043691f80048d1,2017-11-02T15:25:53.000Z,0.0038,0xdf936e92f73b6e6334b417e87a87350d4a4b7a8c,sell,0x86fa049857e0209aa7d9e616f7eb3b3b78ecfdb0,0xf2e0bc32cdd1c88f7bee2412f7fc39566899e9f5cf49503827c405db2af7a1ed
74,50,0.19,0x930b9e97c1ee0616c76decc887154c2e6f36efea,2017-11-02T15:22:59.000Z,0.0038,0xaad83e742cab2c3ee9d60567c14aea1336f14f87,sell,0x86fa049857e0209aa7d9e616f7eb3b3b78ecfdb0,0x22fca37d00054015193234e7bc1c17d69c6fe7f46daa8f6420373c8a58a02027
75,10,0.0379,0xc7ca52dab7369669f28cf3ae21043691f80048d1,2017-11-02T15:06:23.000Z,0.00379,0xaad83e742cab2c3ee9d60567c14aea1336f14f87,buy,0x86fa049857e0209aa7d9e616f7eb3b3b78ecfdb0,0xadeb99f46ec017aed8c0e2aed3a3f4d86d5297b6f9f778db1ba9fd3ce5ed057d
76,50,0.18999995,0xc7ca52dab7369669f28cf3ae21043691f80048d1,2017-11-02T15:03:42.000Z,0.003799999,0x0c5719fba3a34b524ae668cb51c5e2ce0e1ead14,buy,0x86fa049857e0209aa7d9e616f7eb3b3b78ecfdb0,0xa96e48cecedcd0c2b94c8d9b8cf5a21d6fec0d9c9e9cc67c8ef5e0dcfa874599
77,90,0.3411,0xa5f282efd8db8c66dc5dcfb5ab3bfccb2637d783,2017-11-02T14:58:30.000Z,0.00379,0xaad83e742cab2c3ee9d60567c14aea1336f14f87,buy,0x86fa049857e0209aa7d9e616f7eb3b3b78ecfdb0,0x0ec696a7b2b7d5f4c21ccce3313e940319aed0336b5083a2728d19afae59d69d
78,2.5,0.0097247225,0x1ab67a4d157cb1fd690fbdec3a158e6d08897980,2017-11-02T14:51:39.000Z,0.003889889,0xdf936e92f73b6e6334b417e87a87350d4a4b7a8c,sell,0x86fa049857e0209aa7d9e616f7eb3b3b78ecfdb0,0x9d120a8bbba6fb51b8329891ac80ac8b260760513284948a0cf5979accf33bdc
79,497.5,1.9352197775,0x1ab67a4d157cb1fd690fbdec3a158e6d08897980,2017-11-02T14:51:08.000Z,0.003889889,0x01f8460e80ee010407ee6bc18c67a52a3ce996d3,sell,0x86fa049857e0209aa7d9e616f7eb3b3b78ecfdb0,0x838ee9cb0c18036e4d58cec11e63f7c7b0c6be805f58188fd0897b76a1c703f5
80,4671.935,16.818966,0x8e69a7a7fa07ebd03ed04853b0aee4696ef6d414,2017-11-02T14:47:55.000Z,0.0036,0x2ab489db2de48f480a0ceb4479eb48b3f1978f80,buy,0x86fa049857e0209aa7d9e616f7eb3b3b78ecfdb0,0x26619d51d5178d5175864b651eef0f1807bbf8c27ba5bf73d4b711c746f2a974
81,100,0.36,0xd3fa4470cba5e5052e9c7540606a0c0ec067128e,2017-11-02T14:44:18.000Z,0.0036,0x2ab489db2de48f480a0ceb4479eb48b3f1978f80,buy,0x86fa049857e0209aa7d9e616f7eb3b3b78ecfdb0,0xd29fc076ccfb55b882c8530dc3ed7bd0a497f90e7b5183a9c5b9c0a7e7ad2e13
82,2200,7.92,0x3df86cefaecfaa31be2f74f8f832cb4ef62b79f8,2017-11-02T14:40:10.000Z,0.0036,0x2ab489db2de48f480a0ceb4479eb48b3f1978f80,buy,0x86fa049857e0209aa7d9e616f7eb3b3b78ecfdb0,0x2516cfebd61fedf141188ed3f7c60e38e2f02e3cef3a17dc7c160952820ec3b9
83,300,1.08,0x23c09abbc301e4bd6396548f5f6005ab345afb7e,2017-11-02T14:39:47.000Z,0.0036,0x2ab489db2de48f480a0ceb4479eb48b3f1978f80,buy,0x86fa049857e0209aa7d9e616f7eb3b3b78ecfdb0,0xf27bd77105f71092b578390ff4a3443ac19404dd6f8b173f790e303808834e7f
84,0.01,0.000036,0xdcce32ecd82fb651983b10ba53bf3141a330c953,2017-11-02T14:34:22.000Z,0.0036,0x2ab489db2de48f480a0ceb4479eb48b3f1978f80,buy,0x86fa049857e0209aa7d9e616f7eb3b3b78ecfdb0,0xc2b23aeb0ba5b3a4319b41f1b3354ef74feb9b46a2485d8488b7635c8de7c838
85,89.72359232546219,0.2960878546740252,0xb34f8e5c10cb528e2c3a42f0e7fb95d4a8fe1f8f,2017-11-02T14:32:04.000Z,0.0033,0x26661f15f5a4bfab16529281aadec785b086151e,sell,0x86fa049857e0209aa7d9e616f7eb3b3b78ecfdb0,0xe23dd199845d43ad3555ff60c80c2c28342bd7edbe8fe2cb5b3470b0954611dc
86,1763.0547731963034,6.3469971835066925,0xb90dd77405fdde22a4f37e98b2c8574cf4e20c98,2017-11-02T14:29:43.000Z,0.0036,0x2ab489db2de48f480a0ceb4479eb48b3f1978f80,buy,0x86fa049857e0209aa7d9e616f7eb3b3b78ecfdb0,0x125fa934fdadc8ceb198576f0b6180857cbf089b8d87314f90ea2e7773f065af
87,573,2.0628,0xb90dd77405fdde22a4f37e98b2c8574cf4e20c98,2017-11-02T14:26:19.000Z,0.0036,0xcf2ee45e4d41b438358b2ea8ec3597986f0569c4,buy,0x86fa049857e0209aa7d9e616f7eb3b3b78ecfdb0,0x9fff399607232a13038b968a6bbbd0cacf2b23db480444c6121c9272c8d3e56b
88,79.004,0.28441360996,0xb90dd77405fdde22a4f37e98b2c8574cf4e20c98,2017-11-02T14:26:11.000Z,0.00359999,0xae980ee48e5de3434faa427361573e7047d4e132,buy,0x86fa049857e0209aa7d9e616f7eb3b3b78ecfdb0,0xeae9fd0090d1ec0e9066ded3339d4752e7b913492ea59a44843c79adefda3747
89,990.1358364757368,3.5644890113126526,0x0248cf74ed50adcf0c050a7ca4136dcb90520f84,2017-11-02T14:07:50.000Z,0.0036,0xdf936e92f73b6e6334b417e87a87350d4a4b7a8c,sell,0x86fa049857e0209aa7d9e616f7eb3b3b78ecfdb0,0xd23cf6c8fca7cd87929daa20f26474330071f04352181e1410ed23e99f70e939
90,229.83707745852314,0.8274134788506833,0x0248cf74ed50adcf0c050a7ca4136dcb90520f84,2017-11-02T14:06:59.000Z,0.0036,0xf69bbb08adb77cd25b4702fe516c278705ae024a,sell,0x86fa049857e0209aa7d9e616f7eb3b3b78ecfdb0,0xcb6440dcd1be3848c8c64629126df6df7f79b8f28ca708f834fe07d5e61b3c02
91,80.02708606574004,0.28809750983666416,0x0248cf74ed50adcf0c050a7ca4136dcb90520f84,2017-11-02T13:59:07.000Z,0.0036,0x8fb4db85b9e1626e8736965096e1dbca26a2b557,sell,0x86fa049857e0209aa7d9e616f7eb3b3b78ecfdb0,0x5c50a7ed87f004a3eae6fc924df27dd33644094e834e577c63254c5e2b8f016e
92,590.0184140827114,2.295112628940339,0x6a1afc7af4278351bca6125e03cc9e1a3f41e80a,2017-11-02T13:58:31.000Z,0.0038899,0xdf936e92f73b6e6334b417e87a87350d4a4b7a8c,buy,0x86fa049857e0209aa7d9e616f7eb3b3b78ecfdb0,0x9a8b2d867042c59f12af4cc98f8fc537fd1f8ff38bcd03325c1a4d1f30da722e
93,0.411,0.002,0xf7389cba9d9e0229644c23f252e86551a100ff49,2017-11-02T13:54:12.000Z,0.004866180048661801,0xdf936e92f73b6e6334b417e87a87350d4a4b7a8c,sell,0x86fa049857e0209aa7d9e616f7eb3b3b78ecfdb0,0xc7c07699a45d7b82237ca12abe8484df83bbdcf848cd4399d7f3a7996350a6c0
94,95.576,0.34502936,0xff4914386c4ff36f738ba21b61cfe33892fc2a88,2017-11-02T13:50:35.000Z,0.00361,0xdf936e92f73b6e6334b417e87a87350d4a4b7a8c,sell,0x86fa049857e0209aa7d9e616f7eb3b3b78ecfdb0,0x60b4d5fbf884412bc6b99659d36e5cc4d59c5402932fc15a552e314533ed1e0c
95,200,0.72,0xf69bbb08adb77cd25b4702fe516c278705ae024a,2017-11-02T13:49:04.000Z,0.0036,0xc063089c043aed123d50636ba507f2f4db917bba,buy,0x86fa049857e0209aa7d9e616f7eb3b3b78ecfdb0,0xc0cbc254f69e4807f6145beabc7f01b5ea2dd082507b0fe32fb890b7bd6f2e58
96,4.411,0.017026446767,0x07ecc0bc2460dd32bb87b9ce7080458322c554de,2017-11-02T13:48:07.000Z,0.003859997,0xdf936e92f73b6e6334b417e87a87350d4a4b7a8c,sell,0x86fa049857e0209aa7d9e616f7eb3b3b78ecfdb0,0x2e99a3af61893883da71444a927eef6919bc00678dbaeeb1111f4e1698d038f9
97,4,0.0149959996,0x3af666ba60c9fedb72ef25752de6009ea86525dd,2017-11-02T13:43:31.000Z,0.0037489999,0x4ee5722804bfc187f60f776c64173357fda27032,buy,0x86fa049857e0209aa7d9e616f7eb3b3b78ecfdb0,0xe15ec573fb15dbe8f45e9c37852eaf69547466a71d04219b6cb15d74af1d5bf1
98,877.8740169369955,3.3885910717547523,0x07ecc0bc2460dd32bb87b9ce7080458322c554de,2017-11-02T13:43:04.000Z,0.003859997,0x01f8460e80ee010407ee6bc18c67a52a3ce996d3,sell,0x86fa049857e0209aa7d9e616f7eb3b3b78ecfdb0,0x0fe7793f28cdfafde925c6f4ff911f80cbd842257c520078093e8416dd672dc6
99,52,0.202279948,0x5bfdb80cc86e1fe44e335adc2ed8ad2389e0dedf,2017-11-02T13:42:33.000Z,0.003889999,0xe103ce33b3e32194d075cb23e56c94c14f12704c,buy,0x86fa049857e0209aa7d9e616f7eb3b3b78ecfdb0,0xab53237709aac71bdee694a0666f57369f80f5b8e7ec205a2259efcefa55a33a
100,289.40028849233755,1.1170842453795575,0x07ecc0bc2460dd32bb87b9ce7080458322c554de,2017-11-02T13:42:12.000Z,0.003859997,0x23c09abbc301e4bd6396548f5f6005ab345afb7e,sell,0x86fa049857e0209aa7d9e616f7eb3b3b78ecfdb0,0xbb3c00fc48b7359c4a59fe09d06aa4dbf31db0b2b6596626d7e944830efa1356
101,229.28920346924534,0.8850556375236766,0x07ecc0bc2460dd32bb87b9ce7080458322c554de,2017-11-02T13:42:12.000Z,0.003859997,0xd4149907c84dea9a9b405c552f9446ac5660bbff,sell,0x86fa049857e0209aa7d9e616f7eb3b3b78ecfdb0,0x16d51aaefd33bb2a0071a60e215c1f76b0eead89e807f5b636c1d49264d1e46c
102,149.56344872609623,0.5773144633923852,0x07ecc0bc2460dd32bb87b9ce7080458322c554de,2017-11-02T13:41:10.000Z,0.003859997,0x1aa0c6b033c9987d4177a129dca61d7bcb307f92,sell,0x86fa049857e0209aa7d9e616f7eb3b3b78ecfdb0,0x26a5142eacd31157fbe1caa04ba18580dec2fa6aa319bd7acbe0dec4effd3b56
103,110.125,0.4173627375,0x1aa0c6b033c9987d4177a129dca61d7bcb307f92,2017-11-02T13:41:10.000Z,0.0037899,0x87e6e455d4f091296cb082641f63e58c98e56078,buy,0x86fa049857e0209aa7d9e616f7eb3b3b78ecfdb0,0xe8f0290270e23e8acfdb9e6a4235d1510246084478a460d7b1e46df311d97e97
104,180,0.67446,0xc9d56287b414e1aa0963016aa721b527f095fd9c,2017-11-02T13:39:55.000Z,0.003747,0x87fc87d73aa3b4c9aeb627f42d7a21513cd920b2,buy,0x86fa049857e0209aa7d9e616f7eb3b3b78ecfdb0,0x4f8c958a01d2b6ea4d5a805fb1aa89d577741725d046273ac69bfe25d377b141
105,179.4616151545364,0.692721296111665,0x07ecc0bc2460dd32bb87b9ce7080458322c554de,2017-11-02T13:39:55.000Z,0.003859997,0xc9d56287b414e1aa0963016aa721b527f095fd9c,sell,0x86fa049857e0209aa7d9e616f7eb3b3b78ecfdb0,0x4f8c958a01d2b6ea4d5a805fb1aa89d577741725d046273ac69bfe25d377b141
106,300,1.155,0x07ecc0bc2460dd32bb87b9ce7080458322c554de,2017-11-02T13:35:48.000Z,0.00385,0x1ab67a4d157cb1fd690fbdec3a158e6d08897980,buy,0x86fa049857e0209aa7d9e616f7eb3b3b78ecfdb0,0x6cf7aa4d8b0fe1b7d95e9f1345f6f97a0de8bfd5d3760ef0ccfe5c874de93fa6
107,499.9145223101817,1.9296685563737344,0x07ecc0bc2460dd32bb87b9ce7080458322c554de,2017-11-02T13:35:48.000Z,0.003859997,0x1ab67a4d157cb1fd690fbdec3a158e6d08897980,buy,0x86fa049857e0209aa7d9e616f7eb3b3b78ecfdb0,0xf40452045421c6ed589b847d8294011bbaf3f6d7277d46c25efa9f6edee4b0ca
108,1470,5.50956,0x3c7199536bd9bf8fc7067990c20d29fe0e43bd03,2017-11-02T13:19:00.000Z,0.003748,0x80cdc8b6887f0f25da9ea60db422a666432857e2,buy,0x86fa049857e0209aa7d9e616f7eb3b3b78ecfdb0,0xe58699828dc14a43ee22ac11f5ccb260790213785f161bb430b797cb90ac2aac
109,1470,5.50956,0x3c7199536bd9bf8fc7067990c20d29fe0e43bd03,2017-11-02T13:18:15.000Z,0.003748,0x80cdc8b6887f0f25da9ea60db422a666432857e2,buy,0x86fa049857e0209aa7d9e616f7eb3b3b78ecfdb0,0xe58699828dc14a43ee22ac11f5ccb260790213785f161bb430b797cb90ac2aac
110,25,0.0937,0x9d695a8167ca4186df3477ebc962ca5dd91f59c5,2017-11-02T13:16:31.000Z,0.003748,0x80cdc8b6887f0f25da9ea60db422a666432857e2,buy,0x86fa049857e0209aa7d9e616f7eb3b3b78ecfdb0,0xc3932b025d566d76f9885184a026708632c4a57b53ae39003672dc55aa70b1ac
111,100,0.3747,0x9d695a8167ca4186df3477ebc962ca5dd91f59c5,2017-11-02T13:15:11.000Z,0.003747,0xf56c9a1a4421558224bac56049ee96fd038b6459,buy,0x86fa049857e0209aa7d9e616f7eb3b3b78ecfdb0,0x910f5f84a17f90a32136f5eb429854e461d4c58fd7574a67323f17baae03c759
112,0.000379086889187697,0.000001368503669967,0xff4914386c4ff36f738ba21b61cfe33892fc2a88,2017-11-02T13:13:46.000Z,0.003609999999998454,0xe2f8a2be286fdc7d299def7e44fab8a55aab5771,sell,0x86fa049857e0209aa7d9e616f7eb3b3b78ecfdb0,0x0307927e057415fbf6bf9a769345c0e42b3a38606821b4a047d0fe4c81d11c42
113,199.38191606021334,0.7197687169773701,0xff4914386c4ff36f738ba21b61cfe33892fc2a88,2017-11-02T13:13:40.000Z,0.00361,0x5c2ce727e2e0ed5e65146555dd0f34960635353d,sell,0x86fa049857e0209aa7d9e616f7eb3b3b78ecfdb0,0x087fbf72a3310265aedebf77d51017676fe87ab3cb5e4f6cd7524625964d200f
114,19,0.071212,0x74963c22f97a3ffe207f9e057e23e75d380a0d53,2017-11-02T13:13:00.000Z,0.003748,0x80cdc8b6887f0f25da9ea60db422a666432857e2,buy,0x86fa049857e0209aa7d9e616f7eb3b3b78ecfdb0,0x8578965a0b4433fbb6fe7e59c151f7158b333cb915085f080bd09c33c26502bf
115,349.8274642791216,1.29436161783275,0x0e2a77056e9d66f70b057966681797716dbee500,2017-11-02T13:04:00.000Z,0.0037,0x1aa0c6b033c9987d4177a129dca61d7bcb307f92,sell,0x86fa049857e0209aa7d9e616f7eb3b3b78ecfdb0,0x49e14bd229a48142242a4b9de957b8eedbdf34902c8cc13b5cb4e9ca56905dee
116,0.17305332804103912,0.000588381315339533,0x1d5321e125f6c7079a716705541c7b371ca79e69,2017-11-02T13:02:34.000Z,0.0034,0xace2f0e2021ed8067a5f64eebd39bff7e67f096e,buy,0x86fa049857e0209aa7d9e616f7eb3b3b78ecfdb0,0x23f3c3127f75a953f8342c6f13ed6fb676cf3fdf5eedf1211726d925fdebc5fd
117,0.1725357208784039,0.000638382167250094,0x0e2a77056e9d66f70b057966681797716dbee500,2017-11-02T13:02:34.000Z,0.0036999999999999976,0x1d5321e125f6c7079a716705541c7b371ca79e69,sell,0x86fa049857e0209aa7d9e616f7eb3b3b78ecfdb0,0x23f3c3127f75a953f8342c6f13ed6fb676cf3fdf5eedf1211726d925fdebc5fd
118,178,0.6586,0x723fa2df041440651a6ac8cdddcf81a0977a97e8,2017-11-02T13:00:39.000Z,0.0037,0xf69bbb08adb77cd25b4702fe516c278705ae024a,buy,0x86fa049857e0209aa7d9e616f7eb3b3b78ecfdb0,0x923381343552a75eee58c83dce2f7ddfcc99352dd017f015478c1aad62730fb5
119,120,0.4512,0x723fa2df041440651a6ac8cdddcf81a0977a97e8,2017-11-02T13:00:39.000Z,0.00376,0x87fc87d73aa3b4c9aeb627f42d7a21513cd920b2,buy,0x86fa049857e0209aa7d9e616f7eb3b3b78ecfdb0,0xbe36bb841b5a3dcaca645d88e80aa62165abc475d5ed481463f10bd211a809c3
120,67,0.24857,0x54de8a2c64004018904432e2df987ad83182a9ab,2017-11-02T12:57:44.000Z,0.00371,0xf69bbb08adb77cd25b4702fe516c278705ae024a,sell,0x86fa049857e0209aa7d9e616f7eb3b3b78ecfdb0,0xa3efc75574116f6cd31400998b5a2f0903e2d679e3a9d1d03e00c4841413be98
121,1000,3.7,0x0e2a77056e9d66f70b057966681797716dbee500,2017-11-02T12:55:51.000Z,0.0037,0xf7bc4e2c7c7e42d808ce3b510ae6d06e887eff7d,sell,0x86fa049857e0209aa7d9e616f7eb3b3b78ecfdb0,0x8415f1861284d971c7a4a087430f688f267bff4183d0f4f7b4030bf4c899df41
122,70.25001060135546,0.2633672827194805,0x54de8a2c64004018904432e2df987ad83182a9ab,2017-11-02T12:51:21.000Z,0.0037489999,0x4ee5722804bfc187f60f776c64173357fda27032,buy,0x86fa049857e0209aa7d9e616f7eb3b3b78ecfdb0,0x983458f7c00ce915659de31a164c17f4310a08c48217ccfd236d6e8d0a49b15a
123,62.9,0.235125861,0x54de8a2c64004018904432e2df987ad83182a9ab,2017-11-02T12:50:32.000Z,0.00373809,0xa36a24233168cca326767224ad7e7006a5cb6bb7,buy,0x86fa049857e0209aa7d9e616f7eb3b3b78ecfdb0,0x279081a5f1a4756ac1bed016a584ac59418d180588fea32941a9f8b9d17e8f95
124,77,0.2695,0x23c09abbc301e4bd6396548f5f6005ab345afb7e,2017-11-02T12:47:52.000Z,0.0035,0x53e97535b685fe9af462699ac9541a07f91e2844,buy,0x86fa049857e0209aa7d9e616f7eb3b3b78ecfdb0,0x95255b74be6d633a7e1b8de92cd66cd791d6075c72b032bde8a4d4455f77d1b2
125,1600,5.6,0x603ad2cf7a65b3e3af598d6e884d9cd512056ddb,2017-11-02T12:47:31.000Z,0.0035,0xa36a24233168cca326767224ad7e7006a5cb6bb7,sell,0x86fa049857e0209aa7d9e616f7eb3b3b78ecfdb0,0xdde3846ba9390590a23227fb30c158d73fee6e84ea8d4f71a506025bfa4e9e8e
126,55.139,0.20621986,0xffcce83b73ee66229726af2473c6a9bef407be64,2017-11-02T12:42:19.000Z,0.00374,0xf69bbb08adb77cd25b4702fe516c278705ae024a,sell,0x86fa049857e0209aa7d9e616f7eb3b3b78ecfdb0,0xf4eefd736f2a555c4c93ab807ba11f860041bf83d53eb9caa0cfc111a21443cc
127,0.000008520503371116,0.000000032889117451,0x0e2a77056e9d66f70b057966681797716dbee500,2017-11-02T12:41:14.000Z,0.0038599970000002762,0x1ab67a4d157cb1fd690fbdec3a158e6d08897980,buy,0x86fa049857e0209aa7d9e616f7eb3b3b78ecfdb0,0xd2401c27fb4158cea5f1f1359e348c00c64e2831ab144c281e87cad12044b603
128,300,1.122,0x87fc87d73aa3b4c9aeb627f42d7a21513cd920b2,2017-11-02T12:40:08.000Z,0.00374,0x1aa0c6b033c9987d4177a129dca61d7bcb307f92,buy,0x86fa049857e0209aa7d9e616f7eb3b3b78ecfdb0,0x211dc23467ebb3ade730180585d53b2dd76cd52ddbe56da5aba2b78841bccedf
129,0.08546916931492433,0.0003299107371481,0x0e2a77056e9d66f70b057966681797716dbee500,2017-11-02T12:38:52.000Z,0.003859997,0x1ab67a4d157cb1fd690fbdec3a158e6d08897980,buy,0x86fa049857e0209aa7d9e616f7eb3b3b78ecfdb0,0xc17c8831b423443f85fb4ea5c4e50b2034dc110c08bcaf4fb4ba7a6048eeeba3
130,44.860931113548,0.16777988236466954,0xffcce83b73ee66229726af2473c6a9bef407be64,2017-11-02T12:38:22.000Z,0.00374,0xadf08c56b02929bdc5a956fb37d6007cf4fecc0f,sell,0x86fa049857e0209aa7d9e616f7eb3b3b78ecfdb0,0x3df5cdb52eb1e89933c94183c47ab00be58071b31ecf1c5c9167feeabbcdd5bb
131,80,0.2916,0x739c5f6d73d483705a08f9a52c7cd61c7933573e,2017-11-02T12:29:30.000Z,0.003645,0xaad83e742cab2c3ee9d60567c14aea1336f14f87,buy,0x86fa049857e0209aa7d9e616f7eb3b3b78ecfdb0,0xbe40cc9f71c7b143cb30a12b2c32adb25e987badc189d7537a5a1901eaa23f6a
132,152.956,0.558136596956,0x739c5f6d73d483705a08f9a52c7cd61c7933573e,2017-11-02T12:27:37.000Z,0.003649001,0x87e6e455d4f091296cb082641f63e58c98e56078,buy,0x86fa049857e0209aa7d9e616f7eb3b3b78ecfdb0,0x8c2a3993b7c48ba26d3875769edfd8cc44fa0e4298d2c81ce3337c3b5e6e76d0
133,140,0.5103,0x0248cf74ed50adcf0c050a7ca4136dcb90520f84,2017-11-02T12:27:37.000Z,0.003645,0xaad83e742cab2c3ee9d60567c14aea1336f14f87,buy,0x86fa049857e0209aa7d9e616f7eb3b3b78ecfdb0,0x5628552d8d0f2b79b002e0706d54955629fb135cd2e26e64ad7da5dc7b041e3f
134,695,2.5359855,0x739c5f6d73d483705a08f9a52c7cd61c7933573e,2017-11-02T12:27:25.000Z,0.0036489,0xff4914386c4ff36f738ba21b61cfe33892fc2a88,buy,0x86fa049857e0209aa7d9e616f7eb3b3b78ecfdb0,0xa97e4992c94ba2efc50e5a48d46a4fbd55877107dd2386c1d95e4fe2c20f0599
135,100,0.3645,0x603ad2cf7a65b3e3af598d6e884d9cd512056ddb,2017-11-02T12:21:03.000Z,0.003645,0xaad83e742cab2c3ee9d60567c14aea1336f14f87,buy,0x86fa049857e0209aa7d9e616f7eb3b3b78ecfdb0,0x050229a7873faff460be724472598116961b3d36e1cd73e9d766fb5e1dbf42ba
136,225,0.81,0x0248cf74ed50adcf0c050a7ca4136dcb90520f84,2017-11-02T12:20:34.000Z,0.0036,0x8b93ae976acc5afaa1719d1817d91bc98a75ab4c,buy,0x86fa049857e0209aa7d9e616f7eb3b3b78ecfdb0,0x52369702f871a65e0e530ac8618e428f8208d6c0aa7d82bf3e59f0b603d6c5ed
137,189.53904610281177,0.6823403764310763,0x603ad2cf7a65b3e3af598d6e884d9cd512056ddb,2017-11-02T12:20:06.000Z,0.003599999,0xc0b2cc48ee4aa3a77f4da72cf0d5df640b76f7ae,buy,0x86fa049857e0209aa7d9e616f7eb3b3b78ecfdb0,0x5d61d699698f911529abaac04bcdf2c7abec4ec1e05c371d6de40edeb07e37c9
138,3282.0779375217094,11.815477293000217,0x8e69a7a7fa07ebd03ed04853b0aee4696ef6d414,2017-11-02T12:18:57.000Z,0.003599999,0xc0b2cc48ee4aa3a77f4da72cf0d5df640b76f7ae,buy,0x86fa049857e0209aa7d9e616f7eb3b3b78ecfdb0,0xd1a2ee96c9465e9aba012437a72649971822a4a0c99bf0576cb5016a78b64530
139,500,1.7999995,0x603ad2cf7a65b3e3af598d6e884d9cd512056ddb,2017-11-02T12:18:18.000Z,0.003599999,0xc0b2cc48ee4aa3a77f4da72cf0d5df640b76f7ae,buy,0x86fa049857e0209aa7d9e616f7eb3b3b78ecfdb0,0x0a750c648ecdd6418752cd7f5d69905d679efee95dcbb1c559e8baac7e87bf3f
140,200,0.704,0x603ad2cf7a65b3e3af598d6e884d9cd512056ddb,2017-11-02T12:16:51.000Z,0.00352,0x1aa0c6b033c9987d4177a129dca61d7bcb307f92,buy,0x86fa049857e0209aa7d9e616f7eb3b3b78ecfdb0,0xc8a8353af376bba0310ce5d1ea8e6b62b83b032b34db1a8ff7560dec65da161e
141,627,2.207039373,0x8e69a7a7fa07ebd03ed04853b0aee4696ef6d414,2017-11-02T12:15:56.000Z,0.003519999,0xc0b2cc48ee4aa3a77f4da72cf0d5df640b76f7ae,buy,0x86fa049857e0209aa7d9e616f7eb3b3b78ecfdb0,0x8b4f796dbf2924997a669437a7fe552a5e8824764aec6521912d4e3c1c52be0d
142,33,0.116159967,0x583b640795999aa2bb22c1a62a91336ff9d325bb,2017-11-02T12:11:29.000Z,0.003519999,0xc0b2cc48ee4aa3a77f4da72cf0d5df640b76f7ae,buy,0x86fa049857e0209aa7d9e616f7eb3b3b78ecfdb0,0xefb73d0b282f8c4544689a5bb37c34544181385467c84a47799081d767f8c226
143,340,1.19679966,0x0248cf74ed50adcf0c050a7ca4136dcb90520f84,2017-11-02T12:10:28.000Z,0.003519999,0xc0b2cc48ee4aa3a77f4da72cf0d5df640b76f7ae,buy,0x86fa049857e0209aa7d9e616f7eb3b3b78ecfdb0,0x8d3c4b3d72fc0a454ec5164208d8a47f600660aa317648c6eab60da5250e182a
144,248.54968379609534,0.8674383964483727,0x0248cf74ed50adcf0c050a7ca4136dcb90520f84,2017-11-02T12:08:27.000Z,0.00349,0xfd8dfe6eb8db71e84baef9f5f948847cb4ad77a6,buy,0x86fa049857e0209aa7d9e616f7eb3b3b78ecfdb0,0x9b41015cee577192b4fac8b074437848f73c1e1223a2a5904e9ea0e03c19a3fd
145,796.879,2.7890765,0x8e69a7a7fa07ebd03ed04853b0aee4696ef6d414,2017-11-02T12:06:40.000Z,0.0035,0xaf299b9977f84e7c90f86b9d36454ffb28751212,buy,0x86fa049857e0209aa7d9e616f7eb3b3b78ecfdb0,0x40b90e8e2c30723940d2da202c9a7b01c703d8eb50b4d1005ad9592f0125aaa2
146,1000,3.49,0x583b640795999aa2bb22c1a62a91336ff9d325bb,2017-11-02T12:06:40.000Z,0.00349,0xfd8dfe6eb8db71e84baef9f5f948847cb4ad77a6,buy,0x86fa049857e0209aa7d9e616f7eb3b3b78ecfdb0,0x02f820c9378ba1d041c835376aca955b7256ebee97a2dc0e189213cab12dadd5
147,13.82939376246347,0.047019938792375794,0x89ed71207f0a87ee5d9e1edb37e013361c417dc9,2017-11-02T12:05:34.000Z,0.0034,0xace2f0e2021ed8067a5f64eebd39bff7e67f096e,buy,0x86fa049857e0209aa7d9e616f7eb3b3b78ecfdb0,0xe344457a44150f1c052775b890a54e69fb2bc3ea77400df6b2e4bd87d149618a
148,400,1.392,0x8e69a7a7fa07ebd03ed04853b0aee4696ef6d414,2017-11-02T12:05:16.000Z,0.00348,0x23c09abbc301e4bd6396548f5f6005ab345afb7e,buy,0x86fa049857e0209aa7d9e616f7eb3b3b78ecfdb0,0x7786d6f607a565b0bcf263faba4e780104a62f950d10fec345c7faa6a1362386
149,217,0.75516,0x8e69a7a7fa07ebd03ed04853b0aee4696ef6d414,2017-11-02T12:04:49.000Z,0.00348,0x1aa0c6b033c9987d4177a129dca61d7bcb307f92,buy,0x86fa049857e0209aa7d9e616f7eb3b3b78ecfdb0,0xfa8154cea19f26f7ef6bffbde51ff74ee54bd0a31b2aa3b967a7ee961c5325b7
150,1751.4503162039045,6.112561603551628,0x01f8460e80ee010407ee6bc18c67a52a3ce996d3,2017-11-02T12:03:27.000Z,0.00349,0xfd8dfe6eb8db71e84baef9f5f948847cb4ad77a6,buy,0x86fa049857e0209aa7d9e616f7eb3b3b78ecfdb0,0x7f6fd2ecf2dc94760902506692cd1b800076543373b9a53901f41a510b52be7e
151,2.997552909495491,0.01019167989228467,0x94494c1fcfbab3cd580613f11d5285d567fd05da,2017-11-02T11:47:54.000Z,0.0034,0xace2f0e2021ed8067a5f64eebd39bff7e67f096e,buy,0x86fa049857e0209aa7d9e616f7eb3b3b78ecfdb0,0x64a08bc3537d1bcb8c0200a5129f4395dc764d4b4eb1392423c3a43020749dce
152,15.053,0.0481696,0x23c09abbc301e4bd6396548f5f6005ab345afb7e,2017-11-02T11:26:01.000Z,0.0032,0xeaa1c3d4f0f849abfb2f5c7b172aa60818700ba5,sell,0x86fa049857e0209aa7d9e616f7eb3b3b78ecfdb0,0xd2f17f97600d0c42572aa055846ddf8da22bd4cf374d71af359f5f7c6c501c4f
153,437.328,1.395513648,0x6c7b7b774297f592ad655dddec109c8f1473a28d,2017-11-02T11:26:01.000Z,0.003191,0xeaa1c3d4f0f849abfb2f5c7b172aa60818700ba5,sell,0x86fa049857e0209aa7d9e616f7eb3b3b78ecfdb0,0x6a22afb53996ce157a00d20644b2203813678140933deb959f5ba587f6a02d10
154,8,0.026,0x712d4f7a633e613685881bd4264da45aac514a84,2017-11-02T11:25:14.000Z,0.00325,0xeaa1c3d4f0f849abfb2f5c7b172aa60818700ba5,sell,0x86fa049857e0209aa7d9e616f7eb3b3b78ecfdb0,0x3ded157fd5e7f0791ec906ff99377bc78427f677d67dc8c96b38f815c9eaa9b6
155,100,0.348,0xa9ce6633bd9aeb51d4a427edc6ccdcd793d739f6,2017-11-02T10:53:27.000Z,0.00348,0x1aa0c6b033c9987d4177a129dca61d7bcb307f92,buy,0x86fa049857e0209aa7d9e616f7eb3b3b78ecfdb0,0xe2a5015722cddfc74922db7853b5001c82d2c06a72ce66fdfce5c40846182884
156,181.8,0.580851,0xa021d614767da70616989e1b683ad20871476cfb,2017-11-02T10:46:55.000Z,0.003195,0x1aa0c6b033c9987d4177a129dca61d7bcb307f92,sell,0x86fa049857e0209aa7d9e616f7eb3b3b78ecfdb0,0x1177615d39792595761ae84f072606a1647be866445333d1f54e071811d410c2
157,78.187,0.27521824,0x7503a2ee996cd95dc0f17eb2b94e995e27344de0,2017-11-02T10:41:27.000Z,0.00352,0xa021d614767da70616989e1b683ad20871476cfb,sell,0x86fa049857e0209aa7d9e616f7eb3b3b78ecfdb0,0xdc8e560456329796c793f4fbc80db31dd8e8dd016700e091cab3c957728ad9a9
158,11.812893604122463,0.041581385486511066,0x7503a2ee996cd95dc0f17eb2b94e995e27344de0,2017-11-02T10:38:32.000Z,0.00352,0xf44072eda87ede9613b6ae1b812de8a60ade27a2,sell,0x86fa049857e0209aa7d9e616f7eb3b3b78ecfdb0,0xde4e5232126b0b584b9533f91acb32d665fb5ba78c1e6ce0458e887197fb4310
159,11.848438920885117,0.039088,0xf44072eda87ede9613b6ae1b812de8a60ade27a2,2017-11-02T10:38:32.000Z,0.003299,0xecac176f9e75432a93cb516727173d9be46080d4,buy,0x86fa049857e0209aa7d9e616f7eb3b3b78ecfdb0,0xde4e5232126b0b584b9533f91acb32d665fb5ba78c1e6ce0458e887197fb4310
160,355.0755801593697,1.136241856509983,0xa021d614767da70616989e1b683ad20871476cfb,2017-11-02T10:38:22.000Z,0.0032,0x6164c8b1cc0d2e11551385654f7c87f8ca0c469c,sell,0x86fa049857e0209aa7d9e616f7eb3b3b78ecfdb0,0x1da8b78bc00dbc9315e7bd94601d8922ed88861bbc879752b7923f544a4e4186
161,0.15156107911488328,0.0005,0x4fda9e6bcd83af6c5cc771b5d20accc2b7720074,2017-11-02T10:34:14.000Z,0.003299,0xecac176f9e75432a93cb516727173d9be46080d4,buy,0x86fa049857e0209aa7d9e616f7eb3b3b78ecfdb0,0x9e9e8e890ade0b39db55725f4668625dc8cf9569b71738116540e753357c7fff
162,36.67188382257774,0.11701998127784556,0x6c7b7b774297f592ad655dddec109c8f1473a28d,2017-11-02T10:32:50.000Z,0.003191,0x994c5857751ecafecbff55b97fadda1c5b37136d,sell,0x86fa049857e0209aa7d9e616f7eb3b3b78ecfdb0,0x5a4c4348dc1ea32c728e094dd8b5af0fd440ec4d72d7b4addaaa947fd428a48b
163,11,0.03509,0x1abd1ea2747e39709e533dfcdffd9e422e13e56d,2017-11-02T10:32:40.000Z,0.00319,0x6164c8b1cc0d2e11551385654f7c87f8ca0c469c,sell,0x86fa049857e0209aa7d9e616f7eb3b3b78ecfdb0,0xeebe254c07e8b92416992c0e84f4bba628533bb58334ff80ccc00df3c30ae262
164,28,0.089684,0x4e305167066caaefad7e930dc04eaf14d8e3e82e,2017-11-02T10:30:55.000Z,0.003203,0x994c5857751ecafecbff55b97fadda1c5b37136d,sell,0x86fa049857e0209aa7d9e616f7eb3b3b78ecfdb0,0x134abda66308144d1961c62c230de0c13a89938f7fa7dd9dcb47bdfadca456a3
165,99.82105517755888,0.33090679791360766,0xf56c9a1a4421558224bac56049ee96fd038b6459,2017-11-02T10:29:32.000Z,0.003315,0x994c5857751ecafecbff55b97fadda1c5b37136d,sell,0x86fa049857e0209aa7d9e616f7eb3b3b78ecfdb0,0x432a71516687d7573a6a93d33c20c2a23575a20a071b8d717881befd91f1dd3a
166,28.24219488490691,0.09969491970152651,0x01669fe4d8196c981ecbffe5631b1874c818245e,2017-11-02T10:29:27.000Z,0.003529999,0xc0b2cc48ee4aa3a77f4da72cf0d5df640b76f7ae,buy,0x86fa049857e0209aa7d9e616f7eb3b3b78ecfdb0,0x0ef2b519d6f45a115f1201b6fe7d17fd0fe02319fc990873dfe68c138dd56557
167,0.14164309961560895,0.0005,0x3075f7f189912f4f425dd7021b9c396434197477,2017-11-02T10:13:14.000Z,0.003529999,0xc0b2cc48ee4aa3a77f4da72cf0d5df640b76f7ae,buy,0x86fa049857e0209aa7d9e616f7eb3b3b78ecfdb0,0x949b6680197093be70a831ee11f2919c36977d7af21fae72043cb38134a2ecc5
168,29.590627271740104,0.10238357036022076,0x4bb4397101d4628c6e1d4c0e8811b79099b1c76a,2017-11-02T10:02:51.000Z,0.00346,0x87e6e455d4f091296cb082641f63e58c98e56078,sell,0x86fa049857e0209aa7d9e616f7eb3b3b78ecfdb0,0xbd039267ddd05ed7e6036d6d17dfd3b3a9ad72ab2e546874ec63eacbddf813ed
169,12.035606569938063,0.041643198731985694,0x4bb4397101d4628c6e1d4c0e8811b79099b1c76a,2017-11-02T09:59:13.000Z,0.00346,0x5cc3b9166a950faba159f0c15f55a8c3bb908e04,sell,0x86fa049857e0209aa7d9e616f7eb3b3b78ecfdb0,0x02c0922f39e938d7d675cf83a7a4e8d488ded51e732aea35e6764c0c2d9fd0b9
170,598.14574818064,2.111454491077659,0xf7bc4e2c7c7e42d808ce3b510ae6d06e887eff7d,2017-11-02T09:33:54.000Z,0.00353,0xb8dd9811d6cf2e6bb69d4db7e6134cbeda4c79a1,sell,0x86fa049857e0209aa7d9e616f7eb3b3b78ecfdb0,0x95eebd00814d57198380a4b8c55a4aa982f6580943fc4394e6d4e5e7b705bb19
171,74,0.26122,0xf7bc4e2c7c7e42d808ce3b510ae6d06e887eff7d,2017-11-02T09:32:46.000Z,0.00353,0x23c09abbc301e4bd6396548f5f6005ab345afb7e,sell,0x86fa049857e0209aa7d9e616f7eb3b3b78ecfdb0,0x9ebdc0661512d34e90105f06853425f65cd2610b7d156646aec9df9bd3254d82
172,296.0821453494168,1.0451699730834414,0xf7bc4e2c7c7e42d808ce3b510ae6d06e887eff7d,2017-11-02T09:32:06.000Z,0.00353,0xb5dc0cb0c04257cd4a94693bd52045fd09bde812,sell,0x86fa049857e0209aa7d9e616f7eb3b3b78ecfdb0,0x1053c7b21e6da8ace6d92f56d2f41d75a242d738ea799ff5df092f8a5d37e2ff
173,538.0775061810117,1.9532213474370725,0xf7bc4e2c7c7e42d808ce3b510ae6d06e887eff7d,2017-11-02T09:30:02.000Z,0.00363,0x23c09abbc301e4bd6396548f5f6005ab345afb7e,sell,0x86fa049857e0209aa7d9e616f7eb3b3b78ecfdb0,0x28ecfa0eb6ae479d4416930cc4fb5239cf4b6b1378e6bbcf96c12772d7b2e825
174,0.3994336458918485,0.001382040414785795,0x4bb4397101d4628c6e1d4c0e8811b79099b1c76a,2017-11-02T08:56:18.000Z,0.0034599999999999982,0xd92cec94e59689baccf3ddebd2be2f02436929be,sell,0x86fa049857e0209aa7d9e616f7eb3b3b78ecfdb0,0x5e8fa913a437824134fd7156dc23767601759d17a19071b95a02e5d1c1917fcc
175,300,1.0935,0xf69bbb08adb77cd25b4702fe516c278705ae024a,2017-11-02T08:49:09.000Z,0.003645,0xaad83e742cab2c3ee9d60567c14aea1336f14f87,buy,0x86fa049857e0209aa7d9e616f7eb3b3b78ecfdb0,0xd515acde8c0ae6cc9fff6c5d43aed54a83812a3d1de0981e476b28048df87866
176,1.305,0.004749925949999999,0xf69bbb08adb77cd25b4702fe516c278705ae024a,2017-11-02T08:45:38.000Z,0.0036397899999999995,0x01f8460e80ee010407ee6bc18c67a52a3ce996d3,buy,0x86fa049857e0209aa7d9e616f7eb3b3b78ecfdb0,0xdecdbeb998d12595d59ffacbfdc20b6502474c4febb527200bc137c5d24f17ab
177,197.02880695007474,0.6817196720472586,0x4bb4397101d4628c6e1d4c0e8811b79099b1c76a,2017-11-02T08:42:09.000Z,0.00346,0xe41ba7cfb98a58305596d551a87d37960f5f532a,sell,0x86fa049857e0209aa7d9e616f7eb3b3b78ecfdb0,0x9d7e77b602c6c3ff78d58cba16b79da12b479cc40cf4cd8d0658f1fb2cd5323e
178,644.5091194213923,2.2300015531980173,0x4bb4397101d4628c6e1d4c0e8811b79099b1c76a,2017-11-02T08:35:53.000Z,0.00346,0x01f8460e80ee010407ee6bc18c67a52a3ce996d3,sell,0x86fa049857e0209aa7d9e616f7eb3b3b78ecfdb0,0x6c5f75c50cd0854cfc29958d574671b18630740e8f7e2dc13f20369dfce4e3ae
179,495.9625161997807,1.7160303060512412,0x4bb4397101d4628c6e1d4c0e8811b79099b1c76a,2017-11-02T08:34:56.000Z,0.00346,0xe41ba7cfb98a58305596d551a87d37960f5f532a,sell,0x86fa049857e0209aa7d9e616f7eb3b3b78ecfdb0,0xe71f4d217cda3b737027827dc2e3af55553dc9c2e78edf315747a3f51d3def5b
180,45.551150433655664,0.1576069805004486,0x4bb4397101d4628c6e1d4c0e8811b79099b1c76a,2017-11-02T08:18:07.000Z,0.00346,0xb3d9b4eb733f1cdb1994a880142d12c28a979ddc,sell,0x86fa049857e0209aa7d9e616f7eb3b3b78ecfdb0,0x6ae412b66d127ba1b7d67a91e4b20c7753396841382d5d0a888d9cca913c6c81
181,186.45259290313822,0.648855023302921,0xf2d91caeb7f6fe9b048334caf6099133d5c21766,2017-11-02T08:11:52.000Z,0.00348,0xad5b3fbc469313e21efe4117627a658424091b0a,sell,0x86fa049857e0209aa7d9e616f7eb3b3b78ecfdb0,0x5f79501af4a6ed39ca645a6fe040daa8ba237d3607ca32d4843f67d8e5d2f1fb
182,93.45967500747682,0.31869749177549594,0x3edc3d0f431cb4981b13a4334f37f15735dc84fb,2017-11-02T08:09:37.000Z,0.00341,0x87e6e455d4f091296cb082641f63e58c98e56078,sell,0x86fa049857e0209aa7d9e616f7eb3b3b78ecfdb0,0xc7f8e87ccda09c8f16e5322171853be514a41ecd28fef1a93be92b10c7bd2708
183,45,0.155250225,0xadf08c56b02929bdc5a956fb37d6007cf4fecc0f,2017-11-02T08:09:37.000Z,0.003450005,0x87e6e455d4f091296cb082641f63e58c98e56078,sell,0x86fa049857e0209aa7d9e616f7eb3b3b78ecfdb0,0x8e43b9635ced1c36c650eb75e1debda007d50a7f3fd522ebb24df0f36d617fdb
184,24.922739507526668,0.08623267869604227,0x4bb4397101d4628c6e1d4c0e8811b79099b1c76a,2017-11-02T08:09:37.000Z,0.00346,0x8b7bb6ac60aa4cd7657b7f79041f9a05ad6dc2ae,sell,0x86fa049857e0209aa7d9e616f7eb3b3b78ecfdb0,0xe1cd97ddac8d9a84a58285511080216c5614e728d62d3fd6c169d6f202dd29f9
185,984.9466653374539,3.1518293290798525,0x23c09abbc301e4bd6396548f5f6005ab345afb7e,2017-11-02T07:49:34.000Z,0.0032,0x2158de774b12451052e1a08abba8652c716c44bd,sell,0x86fa049857e0209aa7d9e616f7eb3b3b78ecfdb0,0xd6f2e4b678c69ad6d12492df69763050deeae912ea2122f4b273b003a05fd1e5
186,4000,13.8,0xf1ea52ac3b0998b76e2db8394f91224c06beef1c,2017-11-02T07:45:36.000Z,0.00345,0x2158de774b12451052e1a08abba8652c716c44bd,sell,0x86fa049857e0209aa7d9e616f7eb3b3b78ecfdb0,0xf30928d380d0fbcbd5624169dd9e5bb6957138698ba105d6b22c5ed12a20b20f
187,150,0.5475,0x8dbf6df5e960063cea6f9fb11dc8cf5f7bc8c4cd,2017-11-02T07:32:39.000Z,0.00365,0xfa8eb4bd294e2f07e1bf238fb10bf29d8b64f62d,buy,0x86fa049857e0209aa7d9e616f7eb3b3b78ecfdb0,0xe4ebabe08e050e4af5c0bb421e32f2d654a2478615c2f8db670364746194c2b2
188,186.9907195579259,0.6469878896704236,0xad5b3fbc469313e21efe4117627a658424091b0a,2017-11-02T07:31:08.000Z,0.00346,0x44acb7665310fe891686f68dd19df0225a274a41,sell,0x86fa049857e0209aa7d9e616f7eb3b3b78ecfdb0,0x8db07be2597bf5a93c7e6b9478a587fe8ebd84f764dad4394bb1e5b9fe3024cf
189,286,1.07536,0xbc5ecc8cdb94ede945beba4f51fa3b1af1e6da44,2017-11-02T06:22:03.000Z,0.00376,0x1aa0c6b033c9987d4177a129dca61d7bcb307f92,buy,0x86fa049857e0209aa7d9e616f7eb3b3b78ecfdb0,0x1c91db93a46a3a68c0428020b03212c716e6ec0c1bfdec8a396c18c3bde784a4
190,150.54032499252318,0.513342508224504,0x3edc3d0f431cb4981b13a4334f37f15735dc84fb,2017-11-02T05:54:06.000Z,0.00341,0x323aa94f92121ee3ba173cce400d1abe8f316ad4,sell,0x86fa049857e0209aa7d9e616f7eb3b3b78ecfdb0,0xc43bcdf3e0f89dc457550df420a8384cee2f27bc86e54901aadd8c5917030c02
191,15,0.056529,0x1a96f3bc6cd0e9db43e89f983d4227ec5f707539,2017-11-02T05:51:24.000Z,0.0037686,0x583b640795999aa2bb22c1a62a91336ff9d325bb,buy,0x86fa049857e0209aa7d9e616f7eb3b3b78ecfdb0,0x71e5bfc1c6248b8ab9520ddb9186fac622e664ac12accbf9e02a21848e60dc56
192,184.711,0.697653447,0xc05eb25915a202c6ac9f3d9c11ab4044b6c25326,2017-11-02T05:38:02.000Z,0.003777,0x583b640795999aa2bb22c1a62a91336ff9d325bb,buy,0x86fa049857e0209aa7d9e616f7eb3b3b78ecfdb0,0x5e39fcf8fd522aab1d0cda12e233037f297c58efb995c9493051e0a4dc133eb8
193,330,1.2474,0xe655000fcc1d9692488dcde817db0d1fc7a6d825,2017-11-02T05:36:17.000Z,0.00378,0xcc76ebe374d39f0219aa0c8979be84d29e16d074,buy,0x86fa049857e0209aa7d9e616f7eb3b3b78ecfdb0,0x97ff98cdb8bb9775101a9dfa07b49677a4aa8027b63ad6db5c2ca71ef96a1b20
194,250,0.94474975,0xe655000fcc1d9692488dcde817db0d1fc7a6d825,2017-11-02T05:35:56.000Z,0.003778999,0x9fd097d48245eba3bc515d6489239e8493dcb35f,buy,0x86fa049857e0209aa7d9e616f7eb3b3b78ecfdb0,0x6b884f367cccce300345a6d25ffe4d5f148d651f0143e4080a6d7d32cddf4e83
195,615,2.322855,0x20077977c9cb4ebb3df43902cfc6ae602bec051f,2017-11-02T05:35:13.000Z,0.003777,0x583b640795999aa2bb22c1a62a91336ff9d325bb,buy,0x86fa049857e0209aa7d9e616f7eb3b3b78ecfdb0,0xd54acb4e04bd15e478724ebcba945fc71e55e0e283a4ee4c92c8dcdf5c42150a
196,321.33849512491577,1.1229719987581894,0xc05eb25915a202c6ac9f3d9c11ab4044b6c25326,2017-11-02T05:34:39.000Z,0.00349467,0x01f8460e80ee010407ee6bc18c67a52a3ce996d3,buy,0x86fa049857e0209aa7d9e616f7eb3b3b78ecfdb0,0xb008847ebd0d2ac3c8151deaa54506b11fb293f33ac604c273315ad8b9ed3d25
197,14.700092835606133,0.051371973429807684,0xc05eb25915a202c6ac9f3d9c11ab4044b6c25326,2017-11-02T05:33:35.000Z,0.00349467,0x01f8460e80ee010407ee6bc18c67a52a3ce996d3,buy,0x86fa049857e0209aa7d9e616f7eb3b3b78ecfdb0,0x8f40c8bfd2a2ae7536fe7258a206e5ff45d191dc0942254c96d19f203f48a32d
198,672.9264931487102,2.3516560278120027,0xe655000fcc1d9692488dcde817db0d1fc7a6d825,2017-11-02T05:31:49.000Z,0.00349467,0x01f8460e80ee010407ee6bc18c67a52a3ce996d3,buy,0x86fa049857e0209aa7d9e616f7eb3b3b78ecfdb0,0xd56a70a9a68ec4a54936bb5ce42da4c3f8cee2e16817f0d44a5791aebb8bd1a2
199,50,0.1885,0xe655000fcc1d9692488dcde817db0d1fc7a6d825,2017-11-02T05:31:02.000Z,0.00377,0xe697070bf833af624bd637b03af6234c2606a0b7,buy,0x86fa049857e0209aa7d9e616f7eb3b3b78ecfdb0,0x22277fe0d2e0914e29396697d166e5c5734c577d58393ed039b72aa17a03290c
200,1000,3.5299,0xe655000fcc1d9692488dcde817db0d1fc7a6d825,2017-11-02T05:30:53.000Z,0.0035299,0x3d53269e7e2464b859a099cb4e8c0ff53b1ddd26,buy,0x86fa049857e0209aa7d9e616f7eb3b3b78ecfdb0,0xf7e04c5fc1e2cf3eb2814b874d9da1c123abe00ba06fe4f73f217b4dd057eb6d
201,3004.18,10.483987364,0xe655000fcc1d9692488dcde817db0d1fc7a6d825,2017-11-02T05:30:53.000Z,0.0034898,0xc0b2cc48ee4aa3a77f4da72cf0d5df640b76f7ae,buy,0x86fa049857e0209aa7d9e616f7eb3b3b78ecfdb0,0x09dfb06756640e10b1f4b889c0bf3d39b5480e737b7bbbd8683ff8ce49fd1d4c
202,485.9664980623561,1.715461738160117,0xe655000fcc1d9692488dcde817db0d1fc7a6d825,2017-11-02T05:19:45.000Z,0.00353,0xc0b2cc48ee4aa3a77f4da72cf0d5df640b76f7ae,buy,0x86fa049857e0209aa7d9e616f7eb3b3b78ecfdb0,0x2b0dce28e62570c2a30ed48631489b7c03445fe7de3f84639b2a53fa9aa14ae9
203,888,3.108,0xe655000fcc1d9692488dcde817db0d1fc7a6d825,2017-11-02T05:18:30.000Z,0.0035,0x6009502524cc23d9861056a1d2b2f89603b14bbc,buy,0x86fa049857e0209aa7d9e616f7eb3b3b78ecfdb0,0xbc59444cb6703422beda66e2b5c164ca2cc76957fc1b687281979cb6ddea409b
204,875,3.0275,0xe655000fcc1d9692488dcde817db0d1fc7a6d825,2017-11-02T05:17:05.000Z,0.00346,0xecba73e96217cdb23afff854446dda91a103e7fd,buy,0x86fa049857e0209aa7d9e616f7eb3b3b78ecfdb0,0x907c9762c1d40fdead0abcf2e4f29a7d28667a474f92532ab37203e16dd81524
205,325,1.1245,0x20077977c9cb4ebb3df43902cfc6ae602bec051f,2017-11-02T05:16:00.000Z,0.00346,0xecba73e96217cdb23afff854446dda91a103e7fd,buy,0x86fa049857e0209aa7d9e616f7eb3b3b78ecfdb0,0x04415ad04e67949d1329f810877316850a6eaebb365e7dd11c53a580580c711f
206,10,0.03459999,0x3153b0e03e7544e72250188b06979f1a97a188d2,2017-11-02T04:56:16.000Z,0.003459999,0xc0b2cc48ee4aa3a77f4da72cf0d5df640b76f7ae,buy,0x86fa049857e0209aa7d9e616f7eb3b3b78ecfdb0,0x6d17091cf0e3f23c09edd4204f26701780885b47ed323459d4cbc9b360e2af7a
207,299.07287409032,0.9920247233575915,0x3dee4a4e076e8d82859d241db0baf46f112cfa23,2017-11-02T04:44:31.000Z,0.003317,0x2990bea3e01a7f42dbbfd4b370ef50c53cbf0e42,sell,0x86fa049857e0209aa7d9e616f7eb3b3b78ecfdb0,0xfafee3ec28c1962aefbf4ea6d49bf3e6418d6483cb8020755ea1e65cd3b948dd
208,0.003898355731267564,0.000012930845960614,0x3dee4a4e076e8d82859d241db0baf46f112cfa23,2017-11-02T04:43:01.000Z,0.003316999999999869,0x5aeda141ceb7323825fb57f8c0fae9a0a97a1674,sell,0x86fa049857e0209aa7d9e616f7eb3b3b78ecfdb0,0xb8a657f8f5eed2d0a36ea6d6eb3e019b26557331d359f3d0c57c57da7e154d1e
209,39.10440634034493,0.12970931583092413,0x3dee4a4e076e8d82859d241db0baf46f112cfa23,2017-11-02T04:38:51.000Z,0.003317,0x5aeda141ceb7323825fb57f8c0fae9a0a97a1674,sell,0x86fa049857e0209aa7d9e616f7eb3b3b78ecfdb0,0x58ff5f471b8fd8e8cf9b65ee4d6fdac68c95feeded9eb50f32c8ea2ac1bea8f4
210,107.70049708718783,0.38772178951387615,0x4069c009e0ca460b9194458959fe0e7172d635b9,2017-11-02T04:34:01.000Z,0.0036,0xc0b2cc48ee4aa3a77f4da72cf0d5df640b76f7ae,buy,0x86fa049857e0209aa7d9e616f7eb3b3b78ecfdb0,0xa13f99379537e561e89d87ee6a476f187ecc0a9ee81f4543ac0687103615470f
211,173.9078855547802,0.5930258897418004,0x9d397615d90b791d4bc088484964e04dcf130804,2017-11-02T04:34:01.000Z,0.00341,0x44acb7665310fe891686f68dd19df0225a274a41,sell,0x86fa049857e0209aa7d9e616f7eb3b3b78ecfdb0,0xb9e3a34a8296a50af1abfe16cc067e564ef08be490edfe9ed771a771c48ef5e7
212,200,0.68,0x958e0fa902044009e0941447c8bcfdc7b89c98df,2017-11-02T04:34:01.000Z,0.0034,0x583b640795999aa2bb22c1a62a91336ff9d325bb,sell,0x86fa049857e0209aa7d9e616f7eb3b3b78ecfdb0,0x4ce230352f2f5717f24331d7fd280ed272b246e0e4ee2dd17765001f674ba39c
213,50,0.17503,0x1abd1ea2747e39709e533dfcdffd9e422e13e56d,2017-11-02T04:32:16.000Z,0.0035006,0x8ff3a0b7689f964774cf15faa82e639ebaa2cdff,sell,0x86fa049857e0209aa7d9e616f7eb3b3b78ecfdb0,0x899525a89c5fc6044aa679b5ebee06b2504d31cdfd2bcd0dfbfdb01feeca328e
214,500,1.75,0x0cc3d0723d8f8fe815a0c0ddb69ec6d51a8b4cba,2017-11-02T04:32:11.000Z,0.0035,0x8ff3a0b7689f964774cf15faa82e639ebaa2cdff,buy,0x86fa049857e0209aa7d9e616f7eb3b3b78ecfdb0,0x624d89f5c871ab94fc3f37c37931a26a185661e99ad4a9492bf30d827062a86b
215,303.5,1.0349353035,0xecba73e96217cdb23afff854446dda91a103e7fd,2017-11-02T04:32:11.000Z,0.003410001,0xc0b2cc48ee4aa3a77f4da72cf0d5df640b76f7ae,sell,0x86fa049857e0209aa7d9e616f7eb3b3b78ecfdb0,0x1ed2449598bf8df0129e2b3c3b9f30260ee769b3bb67f3cb5ab8494bef1b9107
216,1085,3.69985,0x299de86541f9e057b7a886524f72124b547edeeb,2017-11-02T04:31:44.000Z,0.00341,0xc0b2cc48ee4aa3a77f4da72cf0d5df640b76f7ae,sell,0x86fa049857e0209aa7d9e616f7eb3b3b78ecfdb0,0xd13fec96457376fc21ee6419ac1e08db50c13ba9afff74d522c02fb1ae9594c3
217,896.5,3.0570658965,0xecba73e96217cdb23afff854446dda91a103e7fd,2017-11-02T04:30:49.000Z,0.003410001,0x583b640795999aa2bb22c1a62a91336ff9d325bb,sell,0x86fa049857e0209aa7d9e616f7eb3b3b78ecfdb0,0xa3c8e3a9fff4e62a0e7ae4b5b10a7d10f254735786350fe4b22374eb675dc41d
218,100.5,0.37989,0xd33047e125a4d7db70b532dee53b4e1f0b9fe457,2017-11-02T04:16:05.000Z,0.00378,0x583b640795999aa2bb22c1a62a91336ff9d325bb,buy,0x86fa049857e0209aa7d9e616f7eb3b3b78ecfdb0,0x9889fb2acfd003fa75718d32d520380a430f87f5c411b3f535659c211e419f55
219,201,0.7236,0xd33047e125a4d7db70b532dee53b4e1f0b9fe457,2017-11-02T04:11:50.000Z,0.0036,0xc0b2cc48ee4aa3a77f4da72cf0d5df640b76f7ae,buy,0x86fa049857e0209aa7d9e616f7eb3b3b78ecfdb0,0xd400306d147f32ec5c39fed4d9f0421a1a142c1cc8817f183ae61293709cc008
220,201,0.7236,0xd33047e125a4d7db70b532dee53b4e1f0b9fe457,2017-11-02T04:11:26.000Z,0.0036,0xc0b2cc48ee4aa3a77f4da72cf0d5df640b76f7ae,buy,0x86fa049857e0209aa7d9e616f7eb3b3b78ecfdb0,0xd400306d147f32ec5c39fed4d9f0421a1a142c1cc8817f183ae61293709cc008
221,40,0.144,0x82b7832dc51e28305c71acc573bf8b434bb7cae6,2017-11-02T04:09:57.000Z,0.0036,0xc0b2cc48ee4aa3a77f4da72cf0d5df640b76f7ae,buy,0x86fa049857e0209aa7d9e616f7eb3b3b78ecfdb0,0xa3134979a882143e039a00295f7ec47f2fc8c0e4c33658944d71096822dd0cde
222,843,3.0348,0x63f3e983169813de75e5d9dbfdd27ceb2657f4fb,2017-11-02T04:07:28.000Z,0.0036,0xc0b2cc48ee4aa3a77f4da72cf0d5df640b76f7ae,buy,0x86fa049857e0209aa7d9e616f7eb3b3b78ecfdb0,0x751cc74fb1a62171e92eaf48fa1ceb3e5834359bfb6ff207c7e9c87376cdb98c
223,189,0.6804,0x4069c009e0ca460b9194458959fe0e7172d635b9,2017-11-02T04:07:07.000Z,0.0036,0xc0b2cc48ee4aa3a77f4da72cf0d5df640b76f7ae,buy,0x86fa049857e0209aa7d9e616f7eb3b3b78ecfdb0,0x98241afb8210cf169de07366b1a1a34febea05c6814c03b370ad808df5455882
224,2000,6.84,0x583b640795999aa2bb22c1a62a91336ff9d325bb,2017-11-02T04:03:39.000Z,0.00342,0xc0b2cc48ee4aa3a77f4da72cf0d5df640b76f7ae,sell,0x86fa049857e0209aa7d9e616f7eb3b3b78ecfdb0,0xabf9125128ce2ced35e2a9756dd0a80651f718254fb2b568830d7012bf3e7c52
225,1016.229,3.525999599009999,0x01f8460e80ee010407ee6bc18c67a52a3ce996d3,2017-11-02T04:03:36.000Z,0.0034696899999999992,0xc0b2cc48ee4aa3a77f4da72cf0d5df640b76f7ae,sell,0x86fa049857e0209aa7d9e616f7eb3b3b78ecfdb0,0x78611f188561f70ef72893d8574e661bdf0f24de558551ccdeedf6f9969e846d
226,400,1.512,0x63f3e983169813de75e5d9dbfdd27ceb2657f4fb,2017-11-02T04:03:14.000Z,0.00378,0x617c12e54d7bfc8be312c60c97cebbb8ae31799d,buy,0x86fa049857e0209aa7d9e616f7eb3b3b78ecfdb0,0x50a95ea37f87c6fc3f212050012f9cc8937b876e5b42e3c1d9ab27409b57ce34
227,103.912,0.383331368,0x4069c009e0ca460b9194458959fe0e7172d635b9,2017-11-02T04:01:52.000Z,0.003689,0xaa10dc038b30b1ddb5309b9c9162323a80355cfc,buy,0x86fa049857e0209aa7d9e616f7eb3b3b78ecfdb0,0x3dae33306028a8f69057c2a26bc4f8ab425b93c858fbc2edc0e325cbba7b49c5
228,5,0.01844444,0x4069c009e0ca460b9194458959fe0e7172d635b9,2017-11-02T04:01:17.000Z,0.003688888,0x264e478eea740f5007023165457a3b511ababd98,buy,0x86fa049857e0209aa7d9e616f7eb3b3b78ecfdb0,0x914653ec9566a386b5e522d56421eae777544239fb219b46ded44d1d79492281
229,500,1.885,0x82b7832dc51e28305c71acc573bf8b434bb7cae6,2017-11-02T03:50:14.000Z,0.00377,0x583b640795999aa2bb22c1a62a91336ff9d325bb,buy,0x86fa049857e0209aa7d9e616f7eb3b3b78ecfdb0,0xc767d64a59566db582dc8350d57f50b647f3d64c0e926b90cd0f0531b93ba3be
230,936.1479413817167,3.2771169295184928,0x01f8460e80ee010407ee6bc18c67a52a3ce996d3,2017-11-02T03:40:48.000Z,0.0035006399999999997,0x0c37875a05b4efa04ffd1caab43ebe3b64969c81,sell,0x86fa049857e0209aa7d9e616f7eb3b3b78ecfdb0,0xd23a92a38a0bb093aa27664620a6598ba3f8c9efe54aad935884f3bfecefcc56
231,1650,5.94,0x603ad2cf7a65b3e3af598d6e884d9cd512056ddb,2017-11-02T03:38:47.000Z,0.0036,0x0c37875a05b4efa04ffd1caab43ebe3b64969c81,sell,0x86fa049857e0209aa7d9e616f7eb3b3b78ecfdb0,0x6fa988fb93eb467fc7f9ac75dc63518df2ed61d1ab78b3654c05483663d00d02
232,500,1.85,0x583b640795999aa2bb22c1a62a91336ff9d325bb,2017-11-02T03:33:43.000Z,0.0037,0x9cdc370013229bf5ac914f78681d8479ab79c5a9,buy,0x86fa049857e0209aa7d9e616f7eb3b3b78ecfdb0,0xafa4ff88f563b63054659024ecd39520c8a1f1be49f8fa48a829af5b6281603c
233,295.7025521821632,1.090846715,0x73b7424a32b34806f9ba10129843ce9cc3069397,2017-11-02T03:30:42.000Z,0.003689,0xaa10dc038b30b1ddb5309b9c9162323a80355cfc,buy,0x86fa049857e0209aa7d9e616f7eb3b3b78ecfdb0,0xd20ff47b7b510de0dfca7eff8f7cd7d20d1bf1f5a27fbc001d857b82a920ecc0
234,878,3.238064,0x73b7424a32b34806f9ba10129843ce9cc3069397,2017-11-02T03:30:42.000Z,0.003688,0x583b640795999aa2bb22c1a62a91336ff9d325bb,buy,0x86fa049857e0209aa7d9e616f7eb3b3b78ecfdb0,0xd20ff47b7b510de0dfca7eff8f7cd7d20d1bf1f5a27fbc001d857b82a920ecc0
235,120,0.44256,0x3839fe45e987cda5c1c6247ad6cae52d0d191ec0,2017-11-02T03:30:07.000Z,0.003688,0x583b640795999aa2bb22c1a62a91336ff9d325bb,buy,0x86fa049857e0209aa7d9e616f7eb3b3b78ecfdb0,0xa84ac156f55d482b436f81f03dc58a446fa56a5501b780e348fa47b8f6010153
236,60,0.23519988,0x61b6d9a74bafce0c8204ca558e6fdc7d218b4a32,2017-11-02T03:28:10.000Z,0.003919998,0x0c5719fba3a34b524ae668cb51c5e2ce0e1ead14,buy,0x86fa049857e0209aa7d9e616f7eb3b3b78ecfdb0,0xe0cb973534273312023671462c6ace3db9321c6403442ba7b9d875aa161f0464
237,26.092114445219817,0.08897411025819958,0x9d397615d90b791d4bc088484964e04dcf130804,2017-11-02T03:08:13.000Z,0.00341,0x31f03e7c0139ba7fc4ab5d3b7adbb750f7b861aa,sell,0x86fa049857e0209aa7d9e616f7eb3b3b78ecfdb0,0x10806d007a2f1999d46e8796ffc83b189faaa9d94e3dc70f20c2bfdf7dbf6845
238,398.8,1.359908,0xaa10dc038b30b1ddb5309b9c9162323a80355cfc,2017-11-02T03:01:49.000Z,0.00341,0x0a15bc0c3029b33abb1eba3262a989506ee67a9e,buy,0x86fa049857e0209aa7d9e616f7eb3b3b78ecfdb0,0xb1dfdfe9e6c6f2686c44af168ec722cb6869497369f8d8ac0a172ba107c7175a
239,495.501,1.832362698,0x3839fe45e987cda5c1c6247ad6cae52d0d191ec0,2017-11-02T02:54:44.000Z,0.003698,0xecba73e96217cdb23afff854446dda91a103e7fd,buy,0x86fa049857e0209aa7d9e616f7eb3b3b78ecfdb0,0x525b4f98fecf74e100f39caf141f5db1ab0014dda31f5393dd656c85babba041
240,500,1.7505,0x5936d234ec4e7b1ca8f790603b39967ef5d87735,2017-11-02T02:53:34.000Z,0.003501,0xecba73e96217cdb23afff854446dda91a103e7fd,sell,0x86fa049857e0209aa7d9e616f7eb3b3b78ecfdb0,0xaa0357f6e7342e351d87e8b7ba6c02b7153f749fa70b415527c48cd43e2f3d4e
241,1000,3.5,0x63f3e983169813de75e5d9dbfdd27ceb2657f4fb,2017-11-02T02:53:34.000Z,0.0035,0xecba73e96217cdb23afff854446dda91a103e7fd,sell,0x86fa049857e0209aa7d9e616f7eb3b3b78ecfdb0,0x14dc9009d6e4e74c5b63fb4585a3127b2f02dfa093475bf5109ab3da76cea74e
242,2000,7.0002,0xecba73e96217cdb23afff854446dda91a103e7fd,2017-11-02T02:28:18.000Z,0.0035001,0x0c37875a05b4efa04ffd1caab43ebe3b64969c81,sell,0x86fa049857e0209aa7d9e616f7eb3b3b78ecfdb0,0xebf35cd7f7a33bb64011907fe6283ecfe98041c0bfae211fc2d9860a7a4dbb3a
243,594.995,2.3085806,0x63f3e983169813de75e5d9dbfdd27ceb2657f4fb,2017-11-02T02:23:24.000Z,0.00388,0x583b640795999aa2bb22c1a62a91336ff9d325bb,buy,0x86fa049857e0209aa7d9e616f7eb3b3b78ecfdb0,0x423be3cd8d16b0116749ca79448979c6b13e49e151ec35790eb040bc8c434c60
244,200,0.778,0x63f3e983169813de75e5d9dbfdd27ceb2657f4fb,2017-11-02T02:19:47.000Z,0.00389,0x9d397615d90b791d4bc088484964e04dcf130804,buy,0x86fa049857e0209aa7d9e616f7eb3b3b78ecfdb0,0x8e13a00ae609b5929a7a32dbbad08bad7183d1d00c7228f34bcfa29053c5e79c
245,1200,4.656,0x63f3e983169813de75e5d9dbfdd27ceb2657f4fb,2017-11-02T02:17:58.000Z,0.00388,0x583b640795999aa2bb22c1a62a91336ff9d325bb,buy,0x86fa049857e0209aa7d9e616f7eb3b3b78ecfdb0,0x4d9c5e03067cbe233adb2696948aa5495cf4223fbd760cd09741779520700569
246,0.1789448224411214,0.000593202086392317,0xf56c9a1a4421558224bac56049ee96fd038b6459,2017-11-02T02:14:28.000Z,0.0033149999999999976,0x6af25b5d4e4bf0174f591635eca03943ad513a62,sell,0x86fa049857e0209aa7d9e616f7eb3b3b78ecfdb0,0xf8828cb7c8534a42e23db50dc2a1bd02f73a55ec48802466f46c86e24bcce9ad
247,1200,4.55988,0x63f3e983169813de75e5d9dbfdd27ceb2657f4fb,2017-11-02T02:13:01.000Z,0.0037999,0x583b640795999aa2bb22c1a62a91336ff9d325bb,buy,0x86fa049857e0209aa7d9e616f7eb3b3b78ecfdb0,0x0cb6b6deb9fb8c0a6b793d2f1b3237614573c888f48b32fb1e16ac790dbdb36d
248,1794.9955139068886,5.833753370152527,0x583b640795999aa2bb22c1a62a91336ff9d325bb,2017-11-02T02:09:52.000Z,0.00325001,0x6af25b5d4e4bf0174f591635eca03943ad513a62,sell,0x86fa049857e0209aa7d9e616f7eb3b3b78ecfdb0,0xcf0ec2438f67098cf30a5dc0dc9db1b645ec0e6171d7f5fb94ce8933e9a03c3c
249,880.713,3.42402719427,0x63f3e983169813de75e5d9dbfdd27ceb2657f4fb,2017-11-02T02:06:23.000Z,0.0038877899999999995,0x01f8460e80ee010407ee6bc18c67a52a3ce996d3,buy,0x86fa049857e0209aa7d9e616f7eb3b3b78ecfdb0,0x5d2d177f4839cbb1230191dfe352c2fc8f42de942c613c009c7e0f6a78461d55
250,60,0.2338548,0x63f3e983169813de75e5d9dbfdd27ceb2657f4fb,2017-11-02T02:01:31.000Z,0.00389758,0x0c5719fba3a34b524ae668cb51c5e2ce0e1ead14,buy,0x86fa049857e0209aa7d9e616f7eb3b3b78ecfdb0,0xb1c2066fa146da26ca4ac859bc6daef0b42315a6a722ac08673e286c3b8d925f
251,3206.1980675702844,10.35601975825202,0x583b640795999aa2bb22c1a62a91336ff9d325bb,2017-11-02T01:55:05.000Z,0.00323,0x0248cf74ed50adcf0c050a7ca4136dcb90520f84,sell,0x86fa049857e0209aa7d9e616f7eb3b3b78ecfdb0,0xeda51885a7921e847062d44c6230c6db6a118b54382bcb28fcfd0c96c76a31a8
252,1200,3.8799996,0x603ad2cf7a65b3e3af598d6e884d9cd512056ddb,2017-11-02T01:51:19.000Z,0.003233333,0x0248cf74ed50adcf0c050a7ca4136dcb90520f84,sell,0x86fa049857e0209aa7d9e616f7eb3b3b78ecfdb0,0x3e37cf98e115cc62046faad7afac02521a14aedba7c82920e1f65d1e9ed4aef6
253,221.98883461270063,0.7769609211444521,0x603ad2cf7a65b3e3af598d6e884d9cd512056ddb,2017-11-02T01:40:45.000Z,0.0035,0x93f391674cf7a8b59c41a58243a92e4cb225b19d,sell,0x86fa049857e0209aa7d9e616f7eb3b3b78ecfdb0,0xacbec897969284012b0d7e08b01cfa77486c1c5fb7a5fe9fd1eb03cfcf08fd7e
254,4,0.01536,0xe3d0a0d0fcdab0f65f97c5e29b3d413e827ca3ce,2017-11-02T01:38:33.000Z,0.00384,0x93f391674cf7a8b59c41a58243a92e4cb225b19d,sell,0x86fa049857e0209aa7d9e616f7eb3b3b78ecfdb0,0x3771c40be3f5db4d700012c121ece156a81c62e697ca53a8e1e8ade05612e783
255,10,0.0397,0x2bd7b553fcf30ad6f542ba7a05755069fa536634,2017-11-02T01:37:06.000Z,0.00397,0x93f391674cf7a8b59c41a58243a92e4cb225b19d,sell,0x86fa049857e0209aa7d9e616f7eb3b3b78ecfdb0,0xd2a161048bf74d2bbae2ff07d928c3d8bdea140e6b6ed7b9534465e776b7a0f8
256,5152.226686215887,20.0421618093798,0x8006a874a94b3dc5549fe45aa8a1e5fb89f2cea7,2017-11-02T01:34:02.000Z,0.00389,0x4792e19a868aba2a82385ce44369a40233bd0a50,sell,0x86fa049857e0209aa7d9e616f7eb3b3b78ecfdb0,0x424065a36eec6f8308620f0e25d0edfd1d3ebb7c2ba523528a3d0b0cffc7c9e8
257,250.77182455204982,1.0030847904899538,0x929c3e60b605e0a5df302be2eed5ade02f2457a6,2017-11-02T01:31:27.000Z,0.00399999,0x8ff3a0b7689f964774cf15faa82e639ebaa2cdff,buy,0x86fa049857e0209aa7d9e616f7eb3b3b78ecfdb0,0x1d4abc6ecaee95b7ab239adb215d3fc3729bb9ca7a60ebe1a16599b206305588
258,249.22817544795018,0.9969102095100463,0x929c3e60b605e0a5df302be2eed5ade02f2457a6,2017-11-02T01:29:17.000Z,0.00399999,0x8ff3a0b7689f964774cf15faa82e639ebaa2cdff,buy,0x86fa049857e0209aa7d9e616f7eb3b3b78ecfdb0,0x2c0de1e7735fb730108cf3ead53a58d82c518162582f47f1669d04e46cb2a005
259,2990.7291786060136,11.633936504777393,0x8006a874a94b3dc5549fe45aa8a1e5fb89f2cea7,2017-11-02T01:28:44.000Z,0.00389,0xddeccc80d6c93cea83be545ca79ef6c36b327347,sell,0x86fa049857e0209aa7d9e616f7eb3b3b78ecfdb0,0x443c73648d473ceb09ac6c615b860abd5c16ce97a27d8b576980386f7154befc
260,48.412975792298084,0.1925384047259695,0xf415ae9c5e2bfbea8efeb450000c5a9207caea69,2017-11-02T01:28:02.000Z,0.003977,0xb4644415a639bf48418f50717ea59e7299682173,buy,0x86fa049857e0209aa7d9e616f7eb3b3b78ecfdb0,0xcef91cde49f50cf9758bf7e30a44cc8ce4635ec3609048b60b149ca878dbc4f2
261,1.5870242077019123,0.006311595274030505,0x929c3e60b605e0a5df302be2eed5ade02f2457a6,2017-11-02T01:26:12.000Z,0.003977,0xb4644415a639bf48418f50717ea59e7299682173,buy,0x86fa049857e0209aa7d9e616f7eb3b3b78ecfdb0,0x3257613f521adf7e4b2e384536c99f961c0c1d0e5a11a5d9c2d46477b128162d
262,357.04413517809934,1.3889016858428065,0x8006a874a94b3dc5549fe45aa8a1e5fb89f2cea7,2017-11-02T01:25:29.000Z,0.00389,0x7530f85827154ce178ff6c0710af07520663f9d5,sell,0x86fa049857e0209aa7d9e616f7eb3b3b78ecfdb0,0xd25fd29619027fa48d81478645942b001f21ccb796738ffccd502b0f8befe327
263,15,0.059684985,0xfa659c3f28530216b2ced5c95612ba58ea3feead,2017-11-02T01:15:57.000Z,0.003978999,0x8ff3a0b7689f964774cf15faa82e639ebaa2cdff,buy,0x86fa049857e0209aa7d9e616f7eb3b3b78ecfdb0,0x65b6c5ed13807e5f792fbc0ff3294edc482c7f579a790b5e4f03c1627f5d1bb6
264,0.56076163891935,0.00203556474927724,0xf7bc4e2c7c7e42d808ce3b510ae6d06e887eff7d,2017-11-02T01:11:08.000Z,0.003629999999999999,0xcc40cdfb5edb42857b82be974b690bbe71cc0eb8,sell,0x86fa049857e0209aa7d9e616f7eb3b3b78ecfdb0,0xd570278fdffa29fabd4dd0b7f986a5fe4942d0536c809d54dd7e62feb945c8a2
265,581,2.29495,0x63f3e983169813de75e5d9dbfdd27ceb2657f4fb,2017-11-02T01:08:40.000Z,0.00395,0xcc40cdfb5edb42857b82be974b690bbe71cc0eb8,buy,0x86fa049857e0209aa7d9e616f7eb3b3b78ecfdb0,0x25c7e259dffd919069c79dc41dcdb7c88fcccebaee446f8f0ef9651c119bf0a4
266,1.941,0.00704583,0x63f3e983169813de75e5d9dbfdd27ceb2657f4fb,2017-11-02T01:07:31.000Z,0.00363,0xecac176f9e75432a93cb516727173d9be46080d4,buy,0x86fa049857e0209aa7d9e616f7eb3b3b78ecfdb0,0xcca4cc4ac71678e26fbf37a9c2669dc45f4128237fb75c23b067e78932af4ac0
267,1.1162013958125623,0.004051811066799601,0xf7bc4e2c7c7e42d808ce3b510ae6d06e887eff7d,2017-11-02T01:06:54.000Z,0.00363,0x0c8a9ea8a3844253eceb6a0301d7901119a6da8d,sell,0x86fa049857e0209aa7d9e616f7eb3b3b78ecfdb0,0x90654bc21ce18b6238e50003d7f5b14614ac10b69b73a7b9dd9ef53a2da25c72
268,0.15,0.000585,0xb46d36a05572784ae25a7e214fb8159f9dec5730,2017-11-02T01:06:54.000Z,0.0039,0x0c8a9ea8a3844253eceb6a0301d7901119a6da8d,sell,0x86fa049857e0209aa7d9e616f7eb3b3b78ecfdb0,0x90654bc21ce18b6238e50003d7f5b14614ac10b69b73a7b9dd9ef53a2da25c72
269,1.27,0.0042418,0x0c8a9ea8a3844253eceb6a0301d7901119a6da8d,2017-11-02T01:06:54.000Z,0.00334,0x7414cb9756702fde037722773a2e6b730d386795,buy,0x86fa049857e0209aa7d9e616f7eb3b3b78ecfdb0,0x90654bc21ce18b6238e50003d7f5b14614ac10b69b73a7b9dd9ef53a2da25c72
270,50,0.167,0x273a5d3e6721b9f5c1a6474f560c1334c63dda01,2017-11-02T01:05:59.000Z,0.00334,0x7414cb9756702fde037722773a2e6b730d386795,buy,0x86fa049857e0209aa7d9e616f7eb3b3b78ecfdb0,0x5dff09ad620c409b4fc6510b8631d3e13767edbd554b5073a19fbbe11f692ff1
271,49.85,0.194415,0xb46d36a05572784ae25a7e214fb8159f9dec5730,2017-11-02T01:05:59.000Z,0.0039,0x273a5d3e6721b9f5c1a6474f560c1334c63dda01,sell,0x86fa049857e0209aa7d9e616f7eb3b3b78ecfdb0,0x5dff09ad620c409b4fc6510b8631d3e13767edbd554b5073a19fbbe11f692ff1
272,3.0499999999999345,0.011681499999999748,0x0248cf74ed50adcf0c050a7ca4136dcb90520f84,2017-11-02T01:01:54.000Z,0.0038299999999999996,0xecac176f9e75432a93cb516727173d9be46080d4,sell,0x86fa049857e0209aa7d9e616f7eb3b3b78ecfdb0,0x97710f06bfa831fbc8e50aa93c0a055bc92020c255a86347255d65f700aefb24
273,561.2467630201432,2.0204883468725154,0x603ad2cf7a65b3e3af598d6e884d9cd512056ddb,2017-11-02T00:59:18.000Z,0.0036,0x9db81f3235c5e3823547178165a24f1d81fa5cb3,sell,0x86fa049857e0209aa7d9e616f7eb3b3b78ecfdb0,0xcbdb1c2465538632190d764040c577c0b711fc8f8f49795312c680c5a355bc6f
274,10,0.03989869,0xbe81618cf71d920f06f37feb0afd41912d9a2e1c,2017-11-02T00:59:07.000Z,0.003989869,0x8ff3a0b7689f964774cf15faa82e639ebaa2cdff,buy,0x86fa049857e0209aa7d9e616f7eb3b3b78ecfdb0,0x7fca5c91cbcfae9858d896ccf47b2158b884544ac7fe4a208a1794e7f7c7025a
275,203.02,0.7329022,0x5f2ce35dca6626c5c934fed00b0c1986156ee9ff,2017-11-02T00:57:20.000Z,0.00361,0x9db81f3235c5e3823547178165a24f1d81fa5cb3,sell,0x86fa049857e0209aa7d9e616f7eb3b3b78ecfdb0,0xe847ce6f019f896ca71024f29c8a407fb7260867a93fbd0001b7e587d3b845a7
276,166.61568798550567,0.6647749350227296,0x9db81f3235c5e3823547178165a24f1d81fa5cb3,2017-11-02T00:54:21.000Z,0.00398987,0x01f8460e80ee010407ee6bc18c67a52a3ce996d3,buy,0x86fa049857e0209aa7d9e616f7eb3b3b78ecfdb0,0x8f0bcf7f7af8f39ba9d41e0dde91605b94b9c5e79de574306bcca5d4bae701db
277,606.95,2.3246185,0x0248cf74ed50adcf0c050a7ca4136dcb90520f84,2017-11-02T00:50:34.000Z,0.00383,0x01f8460e80ee010407ee6bc18c67a52a3ce996d3,sell,0x86fa049857e0209aa7d9e616f7eb3b3b78ecfdb0,0x86fafbd8aaada65a10775d6369357fe2fbbda1c3cab15746c25677cc2c337d48
278,39.432,0.157728,0x0a5d0c6910d52715abaec240d167add3c2dce207,2017-11-02T00:45:00.000Z,0.004,0xe616b0a17a5dbffbd053ea1a21d5061a8e757622,buy,0x86fa049857e0209aa7d9e616f7eb3b3b78ecfdb0,0x5eee888e17ddb6181e8fd9d56cc69bf4282aa0a278d5e2aa7a61be9faa061441
279,0.07598563874411139,0.000277347581416006,0x603ad2cf7a65b3e3af598d6e884d9cd512056ddb,2017-11-02T00:40:40.000Z,0.0036499999999999922,0x0946d25afa4d3b077f1d6cc5aeab8ff576ed5580,sell,0x86fa049857e0209aa7d9e616f7eb3b3b78ecfdb0,0xb828d64ef21efea9dd31ee3d65b4760760b25ef97764dc7fa99b66a4e90d129d
280,10.567542650907244,0.042270170603628976,0x48bd59531e0ad74630cc82a813c2120abf7647ff,2017-11-02T00:39:58.000Z,0.004,0xe616b0a17a5dbffbd053ea1a21d5061a8e757622,buy,0x86fa049857e0209aa7d9e616f7eb3b3b78ecfdb0,0x4ec9c35bb6a2c2107e6a0bbc306f68646b8edc5a5cff70eab6f797ea182fa5a0
281,762.2119422421814,2.782073589183962,0x603ad2cf7a65b3e3af598d6e884d9cd512056ddb,2017-11-02T00:38:52.000Z,0.00365,0x0946d25afa4d3b077f1d6cc5aeab8ff576ed5580,sell,0x86fa049857e0209aa7d9e616f7eb3b3b78ecfdb0,0x6cbb90b1c453a843941e5aa5bf9d023935c3f8f9a235aea6232b26466efa539e
282,27.826185258922376,0.10100905248988823,0xf7bc4e2c7c7e42d808ce3b510ae6d06e887eff7d,2017-11-02T00:34:26.000Z,0.00363,0x8dcee46691008231078757ac146db15273e414ad,sell,0x86fa049857e0209aa7d9e616f7eb3b3b78ecfdb0,0x3368897abadc6529637b7980d6b067907a6526cd2f41141559e3d3575b8b703f
283,23.46725152028711,0.08518612301864222,0xf7bc4e2c7c7e42d808ce3b510ae6d06e887eff7d,2017-11-02T00:34:26.000Z,0.00363,0xa54ffa43d11698bc300d924781518b71dd10f0a8,sell,0x86fa049857e0209aa7d9e616f7eb3b3b78ecfdb0,0xdfca8afa816ccbd795f32c4c08a9ebfd7a331e030b0a757900fce632ed2eddb8
284,550,2.2,0x0248cf74ed50adcf0c050a7ca4136dcb90520f84,2017-11-02T00:32:10.000Z,0.004,0x39fa4850b7efc379e6dd7c9d75bd31e30b08bd56,buy,0x86fa049857e0209aa7d9e616f7eb3b3b78ecfdb0,0x96faa614c6663e60d95b2bdc5099edebf5e7d7e533a85260068253e50415c9e4
285,10,0.0363,0xf7bc4e2c7c7e42d808ce3b510ae6d06e887eff7d,2017-11-02T00:31:13.000Z,0.00363,0xa53194e5e67e9eade3cfc81a6b5e426a46c58dfe,sell,0x86fa049857e0209aa7d9e616f7eb3b3b78ecfdb0,0xe8626d3cbcbe4458c3513ffc1bde7a934217a03304b791b84338e5dbb571cee7
286,1.53,0.00612,0x0248cf74ed50adcf0c050a7ca4136dcb90520f84,2017-11-02T00:31:13.000Z,0.004,0xc3421e3a52ae8643af6d357528e1ee631154e5f4,buy,0x86fa049857e0209aa7d9e616f7eb3b3b78ecfdb0,0x4d915582b7e51e56d56976d16f8d14c159d7295a20041ed77140d5a88c519705
287,498.95209400504683,1.81119610123832,0xf7bc4e2c7c7e42d808ce3b510ae6d06e887eff7d,2017-11-02T00:31:13.000Z,0.00363,0x6a1afc7af4278351bca6125e03cc9e1a3f41e80a,sell,0x86fa049857e0209aa7d9e616f7eb3b3b78ecfdb0,0xd321ad23d21fe5acd78ae9cd28077709f6a7ae094da7bed53cf6a0d2e9ba3ceb
288,237.50157643195848,0.9476075398058712,0x0248cf74ed50adcf0c050a7ca4136dcb90520f84,2017-11-02T00:28:46.000Z,0.0039899,0xbc0945c667fadc26b9bf39e586b15eeb901e7d1c,buy,0x86fa049857e0209aa7d9e616f7eb3b3b78ecfdb0,0xec234b46917e6eef334ff79083775dd29441dd443ac0475f56e6a5a3e0419d87
289,250,0.997375,0x0248cf74ed50adcf0c050a7ca4136dcb90520f84,2017-11-02T00:28:39.000Z,0.0039895,0x3dd434a613e6d7014ed25f1fd40e90f984a3291a,buy,0x86fa049857e0209aa7d9e616f7eb3b3b78ecfdb0,0x7656e0ed83861942d4904a53989388b605f07dc23a981a3c58c826b03dd6d99b
290,296.9795387362164,1.0720961348377411,0x5f2ce35dca6626c5c934fed00b0c1986156ee9ff,2017-11-02T00:25:38.000Z,0.00361,0xcf1b28cf98190af63361adb105b36c8d565e3d19,sell,0x86fa049857e0209aa7d9e616f7eb3b3b78ecfdb0,0x3dab1f899e5ab6e0568fdef6f7d340c3d42293815789d786e1a8b3ef8a512db9
291,5,0.019388,0x75505b5ae2099f716bad49c7a63f7fa44120c597,2017-11-02T00:24:27.000Z,0.0038776,0x4086084834380b6fbb9e623adee6d8c6f7e46847,buy,0x86fa049857e0209aa7d9e616f7eb3b3b78ecfdb0,0xbeece69419f2a78525176a4cdc4fb4916b003f9e9274fad044bfa0def48c852a
292,700,2.45,0x603ad2cf7a65b3e3af598d6e884d9cd512056ddb,2017-11-02T00:19:47.000Z,0.0035,0xcf1b28cf98190af63361adb105b36c8d565e3d19,sell,0x86fa049857e0209aa7d9e616f7eb3b3b78ecfdb0,0xbee24b514cc1f0e023d58486d4f8561e411a24a25c7dd2276310460278a0fc42
293,581.9212294529008,2.3218075133941287,0x0248cf74ed50adcf0c050a7ca4136dcb90520f84,2017-11-02T00:19:15.000Z,0.0039899,0xbc0945c667fadc26b9bf39e586b15eeb901e7d1c,buy,0x86fa049857e0209aa7d9e616f7eb3b3b78ecfdb0,0xf70663a78765321ae8f3ddb94618f881896099d6c08ecef4ee09118b6f583173
294,51.81926108260051,0.2009395487,0x23c09abbc301e4bd6396548f5f6005ab345afb7e,2017-11-02T00:19:15.000Z,0.0038777,0xf73a2ca173919864a896511053bc7c32cbbdaafb,buy,0x86fa049857e0209aa7d9e616f7eb3b3b78ecfdb0,0xbd48d0da4f2762c313b457648e154f592db15c9b269254828af8fc1d364d2e64
295,180.57719411514074,0.7204849468,0x73b7424a32b34806f9ba10129843ce9cc3069397,2017-11-02T00:17:06.000Z,0.0039899,0xbc0945c667fadc26b9bf39e586b15eeb901e7d1c,buy,0x86fa049857e0209aa7d9e616f7eb3b3b78ecfdb0,0xaf13c2a8b8f717671e89bfd5e6d701789f04940305b66afed0c37abf048f49b3
296,500,1.994495,0x73b7424a32b34806f9ba10129843ce9cc3069397,2017-11-02T00:17:06.000Z,0.00398899,0x5f2ce35dca6626c5c934fed00b0c1986156ee9ff,buy,0x86fa049857e0209aa7d9e616f7eb3b3b78ecfdb0,0xaf13c2a8b8f717671e89bfd5e6d701789f04940305b66afed0c37abf048f49b3
297,110,0.4367,0x73b7424a32b34806f9ba10129843ce9cc3069397,2017-11-02T00:17:06.000Z,0.00397,0x4e331c258d5010ee01a235aecfa74270700ca34d,buy,0x86fa049857e0209aa7d9e616f7eb3b3b78ecfdb0,0xaf13c2a8b8f717671e89bfd5e6d701789f04940305b66afed0c37abf048f49b3
298,69.06368736622224,0.2678082605,0x73b7424a32b34806f9ba10129843ce9cc3069397,2017-11-02T00:17:06.000Z,0.0038777,0xf73a2ca173919864a896511053bc7c32cbbdaafb,buy,0x86fa049857e0209aa7d9e616f7eb3b3b78ecfdb0,0xaf13c2a8b8f717671e89bfd5e6d701789f04940305b66afed0c37abf048f49b3
299,150,0.5835,0x73b7424a32b34806f9ba10129843ce9cc3069397,2017-11-02T00:17:06.000Z,0.00389,0xb4644415a639bf48418f50717ea59e7299682173,buy,0x86fa049857e0209aa7d9e616f7eb3b3b78ecfdb0,0xaf13c2a8b8f717671e89bfd5e6d701789f04940305b66afed0c37abf048f49b3
300,49.5,0.19305,0x73b7424a32b34806f9ba10129843ce9cc3069397,2017-11-02T00:17:06.000Z,0.0039,0xd92cec94e59689baccf3ddebd2be2f02436929be,buy,0x86fa049857e0209aa7d9e616f7eb3b3b78ecfdb0,0xaf13c2a8b8f717671e89bfd5e6d701789f04940305b66afed0c37abf048f49b3
301,995,3.858212,0x01f8460e80ee010407ee6bc18c67a52a3ce996d3,2017-11-02T00:16:55.000Z,0.0038776,0x4086084834380b6fbb9e623adee6d8c6f7e46847,buy,0x86fa049857e0209aa7d9e616f7eb3b3b78ecfdb0,0x489136a3523d9ea0b97637006ab1261f841083b1290dfee23709932150feacfa
302,69.28805155117725,0.2686782775,0x73b7424a32b34806f9ba10129843ce9cc3069397,2017-11-02T00:16:13.000Z,0.0038777,0xf73a2ca173919864a896511053bc7c32cbbdaafb,buy,0x86fa049857e0209aa7d9e616f7eb3b3b78ecfdb0,0xb98f6210705cb4d5018dbac931fd1e7deae7b9391be89c5d2f378db38d19664d
303,1000,3.8775,0x73b7424a32b34806f9ba10129843ce9cc3069397,2017-11-02T00:16:13.000Z,0.0038775,0x4086084834380b6fbb9e623adee6d8c6f7e46847,buy,0x86fa049857e0209aa7d9e616f7eb3b3b78ecfdb0,0xb98f6210705cb4d5018dbac931fd1e7deae7b9391be89c5d2f378db38d19664d
304,368.4789097002622,1.363335118,0x73b7424a32b34806f9ba10129843ce9cc3069397,2017-11-02T00:10:47.000Z,0.0036999,0x4a694caf2a8d0a6583551b15ef15b15474c1b3b5,buy,0x86fa049857e0209aa7d9e616f7eb3b3b78ecfdb0,0xf5993eb1fa08bf1be370b941b4c385104a36c36571c7aae032a93f1d37b6ccce
305,226.0668344317708,0.7686272370680207,0x603ad2cf7a65b3e3af598d6e884d9cd512056ddb,2017-11-02T00:10:23.000Z,0.0034,0x731e1a2221b8c2e6b4a973211bc59afc25b55f26,sell,0x86fa049857e0209aa7d9e616f7eb3b3b78ecfdb0,0xf9248dbc148e191f2493963a9ead70aec487e9f0a9a8512e39a76c375d0399c2
306,20,0.073998,0x75505b5ae2099f716bad49c7a63f7fa44120c597,2017-11-02T00:09:55.000Z,0.0036999,0x4a694caf2a8d0a6583551b15ef15b15474c1b3b5,buy,0x86fa049857e0209aa7d9e616f7eb3b3b78ecfdb0,0xf9b793bd6e18cca1915bee8d51261be6f4deaa10a92311fbee876cfd7e822adb
307,0.05,0.000184995,0xed2ca7381d82f8fb9bcc54ea6ab6526e35aece25,2017-11-02T00:06:49.000Z,0.0036999,0x4a694caf2a8d0a6583551b15ef15b15474c1b3b5,buy,0x86fa049857e0209aa7d9e616f7eb3b3b78ecfdb0,0x29535c51b237474b36088d6c9cd51f9c384e535d596144d2d8e064b0106b9e75
308,54.945,0.203285511,0xd649033b08546b15e284401582cb51a842d2801b,2017-11-02T00:01:12.000Z,0.0036998,0xecba73e96217cdb23afff854446dda91a103e7fd,buy,0x86fa049857e0209aa7d9e616f7eb3b3b78ecfdb0,0x737d24b0a525a2e7a0b1bd07b59e6321a68e8ef78247ba168409b68e4c31427f
309,27.912446433225035,0.08373733929967511,0x8dcee46691008231078757ac146db15273e414ad,2017-11-01T23:52:21.000Z,0.003,0xb67b3573dc6331056ca15205e53668ff9cd30145,sell,0x86fa049857e0209aa7d9e616f7eb3b3b78ecfdb0,0x4b11cf71dbc2a5064b8d5420f7d3eb0389b494d1b22dfd76a860e5d64e32e850
310,14,0.0517972,0xbace6a6f59067f7552018d8799124aeb6e262af0,2017-11-01T23:39:46.000Z,0.0036998,0xecba73e96217cdb23afff854446dda91a103e7fd,buy,0x86fa049857e0209aa7d9e616f7eb3b3b78ecfdb0,0x48879ce9ea0e39aa1b1f24d9f710a72999fb438ec035895f367338e65be637d2
311,153.582165422016,0.5682231420462094,0x58057c958997be3cae93a3f174ec751e37a6357b,2017-11-01T23:38:08.000Z,0.003699799,0x07513563a931d13fd2f0221dcaa51c328ceeb592,buy,0x86fa049857e0209aa7d9e616f7eb3b3b78ecfdb0,0x36aa35d96de79baebea0edf137bb132c97c487f4617e87fe227226a8d3f4143c
312,500,1.8499,0x41d496d95ba5ac3906c74d031f57ab4a9cda23f1,2017-11-01T23:36:23.000Z,0.0036998,0xecba73e96217cdb23afff854446dda91a103e7fd,buy,0x86fa049857e0209aa7d9e616f7eb3b3b78ecfdb0,0x28bd0040bb18579744a9a79afdc9c35ee8d3bb6fe6cd63483700563566b6b86b
313,10.185352,0.039468239,0x01669fe4d8196c981ecbffe5631b1874c818245e,2017-11-01T23:28:54.000Z,0.003875,0x273a5d3e6721b9f5c1a6474f560c1334c63dda01,sell,0x86fa049857e0209aa7d9e616f7eb3b3b78ecfdb0,0x0afe926fe8aa57f568e904f1c7172730086b6cf284861475140e6e525c62d457
314,10.216,0.0377981784,0x273a5d3e6721b9f5c1a6474f560c1334c63dda01,2017-11-01T23:28:54.000Z,0.0036999,0x4a694caf2a8d0a6583551b15ef15b15474c1b3b5,buy,0x86fa049857e0209aa7d9e616f7eb3b3b78ecfdb0,0x0afe926fe8aa57f568e904f1c7172730086b6cf284861475140e6e525c62d457
315,374.49496547514195,1.310848472602294,0x01f8460e80ee010407ee6bc18c67a52a3ce996d3,2017-11-01T23:24:12.000Z,0.0035003099999999995,0xecba73e96217cdb23afff854446dda91a103e7fd,sell,0x86fa049857e0209aa7d9e616f7eb3b3b78ecfdb0,0x1f1b1e7de36f2af7c7edc52c438a69504d123c2a70e97ca3080dedd4b95a0fff
316,87.60442627853654,0.3066426493470242,0x01f8460e80ee010407ee6bc18c67a52a3ce996d3,2017-11-01T23:23:10.000Z,0.0035003099999999995,0x1c193da9cfbe7e289bce3eb86a0f61917bc3b02f,sell,0x86fa049857e0209aa7d9e616f7eb3b3b78ecfdb0,0x318938e3fb1369f77bfac5fba8c62c6c5247375cee455552b0e11114a10eb7ad
317,354.43046761040785,1.2406165100813866,0x01f8460e80ee010407ee6bc18c67a52a3ce996d3,2017-11-01T23:21:14.000Z,0.0035003099999999995,0x53ed208fa64a38a8a5311286f8a8ea1d418a2329,sell,0x86fa049857e0209aa7d9e616f7eb3b3b78ecfdb0,0x22bb1526084417e7622355957c70b5325e12d6be8bfdd9e5e9ba78ecc35c37b6
318,190.80949057920446,0.6678923679692951,0x01f8460e80ee010407ee6bc18c67a52a3ce996d3,2017-11-01T23:21:14.000Z,0.0035003099999999995,0xcd371e6ee9dbc386f85b8eab0c9711368d404618,sell,0x86fa049857e0209aa7d9e616f7eb3b3b78ecfdb0,0xe7e9c3bc587f2e07cb43cf2d867d1edaa487347b8e1cad8164198372908ad1db
319,1052.566,3.71555798,0x01669fe4d8196c981ecbffe5631b1874c818245e,2017-11-01T23:20:14.000Z,0.00353,0xecba73e96217cdb23afff854446dda91a103e7fd,sell,0x86fa049857e0209aa7d9e616f7eb3b3b78ecfdb0,0x06ed9935734a63ac4745684e55045ec4365e82fba897085acdcfd438e69bfbc5
320,1500,5.3175,0x01669fe4d8196c981ecbffe5631b1874c818245e,2017-11-01T23:19:09.000Z,0.003545,0x53ed208fa64a38a8a5311286f8a8ea1d418a2329,sell,0x86fa049857e0209aa7d9e616f7eb3b3b78ecfdb0,0x5cb52d5952d67184dbd0d42f2b794f996b52dc7e63880b5a1332a03fcd908f46
321,700,2.485,0x045ef47fb30e316c77768d4e655c393848a858cd,2017-11-01T23:17:41.000Z,0.00355,0x53ed208fa64a38a8a5311286f8a8ea1d418a2329,sell,0x86fa049857e0209aa7d9e616f7eb3b3b78ecfdb0,0x36384187705fc91a2e9317ccd5408dccec1b6655fb47c46eb7157b7d3b793a36
322,1268.139,4.51457484,0x01669fe4d8196c981ecbffe5631b1874c818245e,2017-11-01T23:17:14.000Z,0.00356,0x53ed208fa64a38a8a5311286f8a8ea1d418a2329,sell,0x86fa049857e0209aa7d9e616f7eb3b3b78ecfdb0,0x5346f5c2482e498deb75d5576ac8c898f82b2180c95c79bb0cc8ddef8e75aa14
323,45,0.1593,0x367c05bfe8b231ee2725305cdcf25d0c0656c2e3,2017-11-01T23:17:14.000Z,0.00354,0xb3ddf3a756d4861533a749e67a42765ffcb9c981,sell,0x86fa049857e0209aa7d9e616f7eb3b3b78ecfdb0,0x783e1ef1dde6b4126cf7167042a9269a6ea0b0a686beb6a600256601604d3018
324,100,0.35,0x622d8ba16e3eac5f41d43cd09f8c18aaa5353a4a,2017-11-01T23:16:59.000Z,0.0035,0xb3ddf3a756d4861533a749e67a42765ffcb9c981,sell,0x86fa049857e0209aa7d9e616f7eb3b3b78ecfdb0,0x87f8da076b26299cfe8559683498f59c443cadf3f1a9efca26fa5f6117bcd1e3
325,2000,7.12001,0xecba73e96217cdb23afff854446dda91a103e7fd,2017-11-01T23:16:59.000Z,0.003560005,0x53ed208fa64a38a8a5311286f8a8ea1d418a2329,sell,0x86fa049857e0209aa7d9e616f7eb3b3b78ecfdb0,0x63c9e9841f4291c3c5b204c2ccb59bfd7726948c5f5e3d6673fb6971f28994c6
326,312,0.9204,0xdfc4c4edbe34d7b71d6b397d605706164496bde6,2017-11-01T23:16:03.000Z,0.00295,0xb3ddf3a756d4861533a749e67a42765ffcb9c981,sell,0x86fa049857e0209aa7d9e616f7eb3b3b78ecfdb0,0x546320ad16965c2a7a3b447eeb729b96345132aaed279de3501c4e4d13fa4628
327,124,0.4808348,0x91cfd07c94ad425ffb4e553caaf4ceb27bc6fd72,2017-11-01T23:11:09.000Z,0.0038777,0xf73a2ca173919864a896511053bc7c32cbbdaafb,buy,0x86fa049857e0209aa7d9e616f7eb3b3b78ecfdb0,0x2d6361fa6575887dbeacb2e0dcd3b995a468822b1dd5022a6fa3052d1ac552f2
328,33.206951554003,0.1285109025139916,0x91cfd07c94ad425ffb4e553caaf4ceb27bc6fd72,2017-11-01T23:08:15.000Z,0.00387,0xa99d3d94e9c7448de1f9d15eb6d22d91f7cc17a5,buy,0x86fa049857e0209aa7d9e616f7eb3b3b78ecfdb0,0x4b225573c68b6ad2660897c4918f6a8121980f1d03d12634fd029a49b3f413bd
329,300,1.1625,0x01669fe4d8196c981ecbffe5631b1874c818245e,2017-11-01T23:06:28.000Z,0.003875,0xe0a5e728e6a38940f0c940bf59fa524d8956f7bd,buy,0x86fa049857e0209aa7d9e616f7eb3b3b78ecfdb0,0xcad5d73f8e749ff1074ec280adef8c4181102d00f141c42ea8b762c9fa6b94ce
330,86.23126557671215,0.3070557397161796,0x01f8460e80ee010407ee6bc18c67a52a3ce996d3,2017-11-01T23:06:28.000Z,0.0035608399999999996,0xde7e14702b43ab77e29032ffd6e1916adf3ce206,sell,0x86fa049857e0209aa7d9e616f7eb3b3b78ecfdb0,0x4a03dbcdc6d0bb1d4b821bfdbc11a0ebc009ed591960cd082b1b962ddf6918e6
331,50,0.1925,0x91cfd07c94ad425ffb4e553caaf4ceb27bc6fd72,2017-11-01T23:06:28.000Z,0.00385,0xb1dcb9a55aff53c7b91b6ac73a7e221f1bc13e82,buy,0x86fa049857e0209aa7d9e616f7eb3b3b78ecfdb0,0x4d749c95a1dee51a90e470c95e75288a15641c612c55d66d5863e344da371778
332,50,0.1875,0x91cfd07c94ad425ffb4e553caaf4ceb27bc6fd72,2017-11-01T23:05:17.000Z,0.00375,0xb1dcb9a55aff53c7b91b6ac73a7e221f1bc13e82,buy,0x86fa049857e0209aa7d9e616f7eb3b3b78ecfdb0,0xc678910848178e36cde56fce573b1eb6d9052c68261a4758b3dafe211d2f9d03
333,598.7,2.299008,0x01669fe4d8196c981ecbffe5631b1874c818245e,2017-11-01T23:04:59.000Z,0.00384,0xc6939e988f4481b549ea7059cfcc42aab1f45bdb,buy,0x86fa049857e0209aa7d9e616f7eb3b3b78ecfdb0,0xf73ffdfc4b9ebd0f1b36896f9b3c465809962daf4227be672cb10e77515826dc
334,3977,15.23191,0x01669fe4d8196c981ecbffe5631b1874c818245e,2017-11-01T23:01:53.000Z,0.00383,0x70d692072e72e1b4b26b01be1541cb46af42d8cb,buy,0x86fa049857e0209aa7d9e616f7eb3b3b78ecfdb0,0xa8cd6153012634d99b484d47a19b20ffb04c540776051ee03e05f1b474aea7ed
335,23,0.08809,0x46775b2583502dbe0f594c725c5944543f19682b,2017-11-01T23:00:12.000Z,0.00383,0x70d692072e72e1b4b26b01be1541cb46af42d8cb,buy,0x86fa049857e0209aa7d9e616f7eb3b3b78ecfdb0,0x09a2afdd947e15650e0e51b6bccac78f0826604eb68f4d7a5c56695245255f7b
336,999,3.88611,0x01669fe4d8196c981ecbffe5631b1874c818245e,2017-11-01T22:40:02.000Z,0.00389,0x3d53269e7e2464b859a099cb4e8c0ff53b1ddd26,buy,0x86fa049857e0209aa7d9e616f7eb3b3b78ecfdb0,0x9190680d9a92608e241078c1a98634afdfa168fb21a0d8348e1a750c1d82e622
337,299.5437806117073,1.0513986699470925,0x01669fe4d8196c981ecbffe5631b1874c818245e,2017-11-01T22:39:54.000Z,0.00351,0xc8a38ab0aa4f66af58d001354544323874e32acc,sell,0x86fa049857e0209aa7d9e616f7eb3b3b78ecfdb0,0x07180fa381821d66fe8a95a590a816feac53f28e94c9069eebcaf143a5f2907f
338,44.860931113548,0.15970491476423088,0x01669fe4d8196c981ecbffe5631b1874c818245e,2017-11-01T22:39:45.000Z,0.00356,0x31c8a47c2b84ad46162316d1c82f6e226ab1a80b,sell,0x86fa049857e0209aa7d9e616f7eb3b3b78ecfdb0,0x5e6b479ebd1f6447ae6c02ea58e65fa443ee476c0092860aabae20a2b785c159
339,25,0.0948875,0x01669fe4d8196c981ecbffe5631b1874c818245e,2017-11-01T22:37:57.000Z,0.0037955,0xfff4ffcb6efec13038f09147b28582dd1038ea07,buy,0x86fa049857e0209aa7d9e616f7eb3b3b78ecfdb0,0xbd79e9de38d124653a50dc865d5eeeb10323c37306f55c14acadf3897865cde9
340,2584.974,9.8229012,0x01669fe4d8196c981ecbffe5631b1874c818245e,2017-11-01T22:37:06.000Z,0.0038,0x4bca5f04adaf947084ec04d37ccbcceab30147ac,buy,0x86fa049857e0209aa7d9e616f7eb3b3b78ecfdb0,0x0e9dd6ab9ebf0ab2ed57ccedd1f2bb94fcacadbd88b8b6a4820a45d227afb27f
341,687,2.44572,0x01669fe4d8196c981ecbffe5631b1874c818245e,2017-11-01T22:30:51.000Z,0.00356,0x2fd4c73c123aea32f98d23beb4b2435a9d5249ff,sell,0x86fa049857e0209aa7d9e616f7eb3b3b78ecfdb0,0x9a3bb25efea6331fb092059850ab4f699291d6ab1e8f7b5f97afd786f83df672
342,200,0.72,0xb1af5d1bcdc6d84bf5567d67f8a47590983cd7a2,2017-11-01T22:29:02.000Z,0.0036,0x2fd4c73c123aea32f98d23beb4b2435a9d5249ff,sell,0x86fa049857e0209aa7d9e616f7eb3b3b78ecfdb0,0x5102699aad22e88eb0b800c04a65a73da70b26b7e5951df77f81f9746f4ba453
343,1153,4.3814,0x01669fe4d8196c981ecbffe5631b1874c818245e,2017-11-01T22:28:25.000Z,0.0038,0xfd8dfe6eb8db71e84baef9f5f948847cb4ad77a6,buy,0x86fa049857e0209aa7d9e616f7eb3b3b78ecfdb0,0xc3d3677be31e878faee3169275c3e8366e9a3c9a90955b083cdd15224b0384a4
344,33.54197601994924,0.12410531127381218,0xb4644415a639bf48418f50717ea59e7299682173,2017-11-01T22:24:52.000Z,0.0037,0x1567591981207815cbeefe0381f491000f5d302a,buy,0x86fa049857e0209aa7d9e616f7eb3b3b78ecfdb0,0xd7a19afc19aeb4dfc444fcd2a4ed37ee9d99a1cb849db1e51d797c68313d3e89
345,371.90802398005076,1.3760596887261878,0x0248cf74ed50adcf0c050a7ca4136dcb90520f84,2017-11-01T22:22:45.000Z,0.0037,0x1567591981207815cbeefe0381f491000f5d302a,buy,0x86fa049857e0209aa7d9e616f7eb3b3b78ecfdb0,0x4a91a63d315c5f95c4c5313216364195a78cd4a0aac0cf67d0b4d06f38691ac3
346,0.33783783783783894,0.001250000000000003,0x5d796181dcd14b54ef3178c71f16fea84f6f06f8,2017-11-01T22:22:22.000Z,0.003699999999999997,0xb4644415a639bf48418f50717ea59e7299682173,sell,0x86fa049857e0209aa7d9e616f7eb3b3b78ecfdb0,0x9b033ba28d5aeb8a0cb50bc5cd87126900b79ae8dbb8656cf434a80e07713133
347,7.489,0.029956,0x89ed71207f0a87ee5d9e1edb37e013361c417dc9,2017-11-01T22:16:08.000Z,0.004,0xace2f0e2021ed8067a5f64eebd39bff7e67f096e,buy,0x86fa049857e0209aa7d9e616f7eb3b3b78ecfdb0,0xd34f630f457fe95d3706209851f4fca3bc1703e71b479dc9b2bcd2d68c117a18
348,0.5,0.001855,0x89ed71207f0a87ee5d9e1edb37e013361c417dc9,2017-11-01T22:12:59.000Z,0.00371,0xecac176f9e75432a93cb516727173d9be46080d4,buy,0x86fa049857e0209aa7d9e616f7eb3b3b78ecfdb0,0x3fe625d250d9beb96088b1dd3dc63bbd1530be2406e955f4c4fdc0939aeede48
349,0.4725351410627054,0.001842887050144551,0x89ed71207f0a87ee5d9e1edb37e013361c417dc9,2017-11-01T22:12:59.000Z,0.0039,0x70d692072e72e1b4b26b01be1541cb46af42d8cb,buy,0x86fa049857e0209aa7d9e616f7eb3b3b78ecfdb0,0x8f69f684ba03a06c637caad96dc0aeb70c21d2756eddc273d5a9197e2bb6b2c2
350,38.937589372943876,0.14445845657362177,0x01669fe4d8196c981ecbffe5631b1874c818245e,2017-11-01T22:11:53.000Z,0.00371,0xe616b0a17a5dbffbd053ea1a21d5061a8e757622,sell,0x86fa049857e0209aa7d9e616f7eb3b3b78ecfdb0,0xdbec75ed0be9089015ce1c1946f1a47a01171f6afa86527dda9b6dd13eaf3b2d
351,235.711,0.87448781,0x01669fe4d8196c981ecbffe5631b1874c818245e,2017-11-01T22:07:13.000Z,0.00371,0xdb03903ea156c0024d395a8e8d65aa5959399365,sell,0x86fa049857e0209aa7d9e616f7eb3b3b78ecfdb0,0x7376668133eb75f355bf8515e563719acdf095aae64b7b6839acaca10c794e33
352,4725.351410627056,17.53105373342638,0x01669fe4d8196c981ecbffe5631b1874c818245e,2017-11-01T22:04:30.000Z,0.00371,0x70d692072e72e1b4b26b01be1541cb46af42d8cb,sell,0x86fa049857e0209aa7d9e616f7eb3b3b78ecfdb0,0xc2d3c61730c2eb9c0b16ae329f51c72a9fe0e4784d985b24e4cfdfde3d5ab2b1
353,70,0.266,0xb4644415a639bf48418f50717ea59e7299682173,2017-11-01T22:04:17.000Z,0.0038,0xfd8dfe6eb8db71e84baef9f5f948847cb4ad77a6,buy,0x86fa049857e0209aa7d9e616f7eb3b3b78ecfdb0,0xef0a78b4b92c96888718f59bfc1d51144016534ba12df909ebf1f567fbb74226
354,150,0.57,0xb4644415a639bf48418f50717ea59e7299682173,2017-11-01T22:03:03.000Z,0.0038,0xfd8dfe6eb8db71e84baef9f5f948847cb4ad77a6,buy,0x86fa049857e0209aa7d9e616f7eb3b3b78ecfdb0,0x2cad5518df5bcde4dd90e12c8366c1d75491a4bbf46b1350f1a312da444b80e7
355,260,1.014,0x0248cf74ed50adcf0c050a7ca4136dcb90520f84,2017-11-01T22:00:55.000Z,0.0039,0x70d692072e72e1b4b26b01be1541cb46af42d8cb,buy,0x86fa049857e0209aa7d9e616f7eb3b3b78ecfdb0,0xac4e49e9c8250704612bce65c93d1707361ea966e9a0d76d8164b8a83b17f53c
356,34,0.12614,0xb38bc467ab6d5ff0dd261828682eaa169feacb80,2017-11-01T21:59:48.000Z,0.00371,0x9ab44cf77c1a47f7c4039fa1e0765fa3c55bf8f9,buy,0x86fa049857e0209aa7d9e616f7eb3b3b78ecfdb0,0x946a0abb1a85e06486c289299ce2feafdd0854fc81c05b3ea5712c3f262af4e4
357,450,1.7865,0x0248cf74ed50adcf0c050a7ca4136dcb90520f84,2017-11-01T21:57:12.000Z,0.00397,0x4e331c258d5010ee01a235aecfa74270700ca34d,buy,0x86fa049857e0209aa7d9e616f7eb3b3b78ecfdb0,0xfd16e5d75aac16a0e820b3765b8bacd1f365475445db0e382fd97e6860dc2cef
358,125,0.45625,0x5d796181dcd14b54ef3178c71f16fea84f6f06f8,2017-11-01T21:55:58.000Z,0.00365,0x9ab44cf77c1a47f7c4039fa1e0765fa3c55bf8f9,sell,0x86fa049857e0209aa7d9e616f7eb3b3b78ecfdb0,0x25449e2e2edc2215e41bf8bfeb554931a63f5b092993fd7fc181e85a605626da
359,1,0.00365,0xb38bc467ab6d5ff0dd261828682eaa169feacb80,2017-11-01T21:55:21.000Z,0.00365,0x4e331c258d5010ee01a235aecfa74270700ca34d,buy,0x86fa049857e0209aa7d9e616f7eb3b3b78ecfdb0,0x02dd60848ace9f31febefaf438fd5528e69425b9b7c0035e9209ba99ba6ace1e
360,25,0.1,0x8dd7ae37bed525bc2554fdf8f68bc8dd415fd616,2017-11-01T21:53:19.000Z,0.004,0xc9ffdeeee53736a67f0a4d22e64ab62dc9f010c4,buy,0x86fa049857e0209aa7d9e616f7eb3b3b78ecfdb0,0xf1b55c16786c8270fb66e7d4a16392cb5e45fa5093f5c6d2193ba4a4926f47c1
361,25,0.1,0x8dd7ae37bed525bc2554fdf8f68bc8dd415fd616,2017-11-01T21:52:36.000Z,0.004,0xc9ffdeeee53736a67f0a4d22e64ab62dc9f010c4,buy,0x86fa049857e0209aa7d9e616f7eb3b3b78ecfdb0,0xf1b55c16786c8270fb66e7d4a16392cb5e45fa5093f5c6d2193ba4a4926f47c1
362,6,0.02393322,0xf51c475d4de1e74980f1202e090a3527f8c48a54,2017-11-01T21:32:29.000Z,0.00398887,0xe442d418ff8c525bff746df5ef20198272a41201,buy,0x86fa049857e0209aa7d9e616f7eb3b3b78ecfdb0,0x98f0ba83d98cf4f1ffd959e3e3bf04215a7b355cb128a6f5a638c992a7a11737
363,49.21758333084444,0.17472242082449777,0x47c965caead95d3f16c3b1e4bc7ac48e3702f5b3,2017-11-01T21:27:55.000Z,0.0035499999999999998,0x39fa4850b7efc379e6dd7c9d75bd31e30b08bd56,sell,0x86fa049857e0209aa7d9e616f7eb3b3b78ecfdb0,0x6feaaeaef817908d1674e7650988e66be1ccc64a85e05ddf289651a659cd57e4
364,2.01,0.007035,0x39fa4850b7efc379e6dd7c9d75bd31e30b08bd56,2017-11-01T21:27:21.000Z,0.0035,0x4c2cc461733d5030f18a76dbf278fcef78ca2928,buy,0x86fa049857e0209aa7d9e616f7eb3b3b78ecfdb0,0x868865294dd04715574152ba53cd1bfe9f89ff2995f57ae8fc95c0c129b320ac
365,0.9,0.00315,0x39fa4850b7efc379e6dd7c9d75bd31e30b08bd56,2017-11-01T21:25:59.000Z,0.0035,0x4c2cc461733d5030f18a76dbf278fcef78ca2928,buy,0x86fa049857e0209aa7d9e616f7eb3b3b78ecfdb0,0x46b3f785cca393d1e8ae68dbcc2798954d014fb7f0b726499a834b66ad3c4adc
366,265.17794836008375,0.9413817166782973,0x47c965caead95d3f16c3b1e4bc7ac48e3702f5b3,2017-11-01T21:20:43.000Z,0.00355,0xf4f3e51276d6f8dcc6c26eda1d2b622759dd4505,sell,0x86fa049857e0209aa7d9e616f7eb3b3b78ecfdb0,0xccb571f74b7186ae216d2fcb079801897291ae0b0579dde3f145dc0d75bac351
367,141,0.50055,0x47c965caead95d3f16c3b1e4bc7ac48e3702f5b3,2017-11-01T21:16:23.000Z,0.00355,0xde7e14702b43ab77e29032ffd6e1916adf3ce206,sell,0x86fa049857e0209aa7d9e616f7eb3b3b78ecfdb0,0x958129a4d16f78b8fbdbafdaeb7b416bcf076a0903a46425713612911c9aa97c
368,225.0217804745644,0.8499072648524297,0x5d796181dcd14b54ef3178c71f16fea84f6f06f8,2017-11-01T21:15:33.000Z,0.003777,0x39fa4850b7efc379e6dd7c9d75bd31e30b08bd56,sell,0x86fa049857e0209aa7d9e616f7eb3b3b78ecfdb0,0xa566d4d8c2a8a565103625d1694c0de7f7965f8b2b52ac3117e9b192fa373a82
369,65.91666828388827,0.24896725610824602,0x5d796181dcd14b54ef3178c71f16fea84f6f06f8,2017-11-01T21:14:17.000Z,0.003777,0x4d7dbc3736e848ce4a47ee1afde5215a1c2f8636,sell,0x86fa049857e0209aa7d9e616f7eb3b3b78ecfdb0,0x5d4249565d31619f43e1fb024c28ae3e8fdcf2c3ce8224c5cf372dc6a0b6041f
370,3,0.011364,0xb38bc467ab6d5ff0dd261828682eaa169feacb80,2017-11-01T21:13:52.000Z,0.003788,0x4d7dbc3736e848ce4a47ee1afde5215a1c2f8636,sell,0x86fa049857e0209aa7d9e616f7eb3b3b78ecfdb0,0x6059e6ca2a0819841ed6614bd35e4f33ae80288a9e364f2ec5524a500ae89aea
371,4.970066628894889,0.018771941657335995,0x5d796181dcd14b54ef3178c71f16fea84f6f06f8,2017-11-01T21:13:18.000Z,0.003777,0xc5bdfd895b25677a5d810de76f535d3282955c8c,sell,0x86fa049857e0209aa7d9e616f7eb3b3b78ecfdb0,0x0444dba994a9e454a5657a477a7bf7d8af5bd1af4e259d6a9ea6d2c4c5bf3153
372,5.852606860940235,0.0234045748369,0xb2006deda3f1259a883b2905a1714a91ad88870c,2017-11-01T21:12:45.000Z,0.003999,0x4d7dbc3736e848ce4a47ee1afde5215a1c2f8636,sell,0x86fa049857e0209aa7d9e616f7eb3b3b78ecfdb0,0xb4638c6204ac2fcb2486b5bcb8003a2367b90c36c82b465ce9f970353e74b67f
373,130,0.519844,0xb2006deda3f1259a883b2905a1714a91ad88870c,2017-11-01T21:10:35.000Z,0.0039988,0xc5ce114707eaa15e5ade4e3da7a7f992fd8d5bbd,sell,0x86fa049857e0209aa7d9e616f7eb3b3b78ecfdb0,0x3f41a5b57a8ed8e183cc7d1877e9d21d373b94a5dea2dc884a706023266e1a6b
374,200,0.7998,0xf08a1e7d7e7b6ebdd707a34323353eb668ea0b14,2017-11-01T21:09:09.000Z,0.003999,0xc5ce114707eaa15e5ade4e3da7a7f992fd8d5bbd,buy,0x86fa049857e0209aa7d9e616f7eb3b3b78ecfdb0,0xe1918bc0efb1cb6043853f0e69ffd15c787d32e7c2dcb10f4961131a82ce6de6
375,19.938191606021334,0.07552586980360881,0xb38bc467ab6d5ff0dd261828682eaa169feacb80,2017-11-01T21:06:57.000Z,0.003788,0x1ba8d39ca6eaeee7448209160f51a71aa2803086,sell,0x86fa049857e0209aa7d9e616f7eb3b3b78ecfdb0,0xf2f4eba3ff14739a9b81b2b09142ff4fc32727b6583f6090bbfc4aebc02994ad
376,0.00029086733725825,0.000001163469349033,0x4c2cc461733d5030f18a76dbf278fcef78ca2928,2017-11-01T21:05:48.000Z,0.004,0xc9ffdeeee53736a67f0a4d22e64ab62dc9f010c4,buy,0x86fa049857e0209aa7d9e616f7eb3b3b78ecfdb0,0xda553682ce0206e9067d64bfd630cf33adddb2b1a949b9f5748f402c3b3801d3
377,0.03758587795638326,0.000142375305698779,0xb38bc467ab6d5ff0dd261828682eaa169feacb80,2017-11-01T21:05:19.000Z,0.003787999999999979,0xc0b2cc48ee4aa3a77f4da72cf0d5df640b76f7ae,sell,0x86fa049857e0209aa7d9e616f7eb3b3b78ecfdb0,0xeed81ea8d5a459db344d2874ac98770b53ee61c663a25360aa5bc8f2c30f8fcc
378,498.45496462498284,1.88266440138856,0x5d796181dcd14b54ef3178c71f16fea84f6f06f8,2017-11-01T21:03:58.000Z,0.003777,0x6a1afc7af4278351bca6125e03cc9e1a3f41e80a,sell,0x86fa049857e0209aa7d9e616f7eb3b3b78ecfdb0,0x987e40ba23c89687a000ff0dd0e49938e1e23019400e320895982e7ef509a58e
379,22.5,0.089973,0x80386b7d64963b5d929ff665d8e1cd75fab4bb00,2017-11-01T21:03:42.000Z,0.0039988,0x0edc326b97f071c1a5393ba5344bb762dee0c53a,buy,0x86fa049857e0209aa7d9e616f7eb3b3b78ecfdb0,0xa5e68d3e4e3c0625a68694f42d7a41d6f7cd51096fc5d83f6980ea14792dae3f
380,377.0239417804805,1.4281666914644602,0xb38bc467ab6d5ff0dd261828682eaa169feacb80,2017-11-01T21:02:15.000Z,0.003788,0xc0b2cc48ee4aa3a77f4da72cf0d5df640b76f7ae,sell,0x86fa049857e0209aa7d9e616f7eb3b3b78ecfdb0,0xd9b30998f620c8561c31fa439f69e1f83d9c5554346cefd6dcaa7728f32e7935
381,100,0.399,0xd607d781a1d4eccdb45101b9e9c11777b438c9da,2017-11-01T20:57:49.000Z,0.00399,0xd90cfb6fc6ffafffe551bb99fa6bb7be6349d334,buy,0x86fa049857e0209aa7d9e616f7eb3b3b78ecfdb0,0x007223e478fbf3b0db003932472a9901b52c005c7eb869891a01003781310386
