,amount,amountBase,buyer,date,price,seller,side,tokenAddr,txHash
0,10,0.23,0xe459a30e8766e6a73218d4dc6b78d781f6355d5f,2017-11-02T12:20:17.000Z,0.023,0x30ad3b0451b2595263b68fd4e04e5c3d052d3698,buy,0xd26114cd6ee289accf82350c8d8487fedb8a0c07,0x7a3716a0d9b56f2d500dc519271ee385d72b828eb9d9f7c88fd6afe91a68825e
1,5,0.1075,0x4d59fdf4a607c93db5ccaa3321af3b2c75a04b3c,2017-11-02T12:18:57.000Z,0.0215,0x5cafe4321d49717abcdf911235faf6e614b8791f,buy,0xd26114cd6ee289accf82350c8d8487fedb8a0c07,0xbbf6b8b9b98d02fa9d69bd272b4440ebcbbb3aaa575a92ac8a4eae0f63ee4d1e
2,3,0.0645,0xf00118adac77d70abb28b6b27cb8f18a6d62750c,2017-11-02T12:17:09.000Z,0.0215,0x5cafe4321d49717abcdf911235faf6e614b8791f,buy,0xd26114cd6ee289accf82350c8d8487fedb8a0c07,0x26f1b56da5cde1b260218144d69ed92963d73cc1f98217c19225fa834bead3c8
3,100,2.199,0xe459a30e8766e6a73218d4dc6b78d781f6355d5f,2017-11-02T12:17:09.000Z,0.02199,0xa2f2d4e46b33489ed6bc645f27a2ab2b01b11d81,buy,0xd26114cd6ee289accf82350c8d8487fedb8a0c07,0x52468b2aa33ada5f8658a093fa7a6d33261292eb43aba0fe291eb1f7340b7d00
4,185.47154982345427,3.9876383212042668,0x86ad2cdb744f11ee3a85e9abf719323e1890a316,2017-11-02T12:16:46.000Z,0.0215,0x5cafe4321d49717abcdf911235faf6e614b8791f,buy,0xd26114cd6ee289accf82350c8d8487fedb8a0c07,0x63d589c23eff71e71204b66278c986267b2cf45f0b14d5522191d3fcb125768b
5,4.999999999999999,0.10749999999999998,0xf44072eda87ede9613b6ae1b812de8a60ade27a2,2017-11-02T12:13:24.000Z,0.0215,0x5cafe4321d49717abcdf911235faf6e614b8791f,buy,0xd26114cd6ee289accf82350c8d8487fedb8a0c07,0x28093d43605327e6a4fc58b2661253bcde7bb3fdae016b9cc3076e98f1e0ed26
6,4.985,0.10967,0xea2996b9e0375f0251563bf581ac75a93380494b,2017-11-02T12:13:24.000Z,0.022,0xf44072eda87ede9613b6ae1b812de8a60ade27a2,sell,0xd26114cd6ee289accf82350c8d8487fedb8a0c07,0x28093d43605327e6a4fc58b2661253bcde7bb3fdae016b9cc3076e98f1e0ed26
7,100,2.15,0xced2450173480408eeba1cb5461dfa8b4db05c2b,2017-11-02T12:12:59.000Z,0.0215,0x5cafe4321d49717abcdf911235faf6e614b8791f,buy,0xd26114cd6ee289accf82350c8d8487fedb8a0c07,0xbbc694461181f2856eb382f7cd6b284f36f7ca5db83d18c4666ab223f6716ef8
8,69.68172120758925,1.498157005963169,0xd9cb9450415cb0a15dc0ab15f9bbda79d86733d1,2017-11-02T12:12:59.000Z,0.0215,0x5cafe4321d49717abcdf911235faf6e614b8791f,buy,0xd26114cd6ee289accf82350c8d8487fedb8a0c07,0xbc164593a56dccbf484dd42b8ffccbc377102a6d63ace0992d6ae81aef2b2d2d
9,4.5,0.09675,0x8e7a546fbc70f3b9e9843f22272bc126d90f7bda,2017-11-02T12:08:50.000Z,0.0215,0x5cafe4321d49717abcdf911235faf6e614b8791f,buy,0xd26114cd6ee289accf82350c8d8487fedb8a0c07,0x7fcb6e9e8b8ec40c40a2e861273501841e88d9df8c189d5bdafad2521db36ed5
10,250,5.36,0x533b0396a1696c62d4fb352366e5895c4e8f8044,2017-11-02T11:58:47.000Z,0.02144,0x1f22b9a1346ff129c014e4601e06155f5a47ec88,buy,0xd26114cd6ee289accf82350c8d8487fedb8a0c07,0x3d224c892c1dea9304cb8f15569e2f007a5fb53ccbbcdf58643fc51a087dffc2
11,0.010966005383311732,0.000230396321403648,0x5068b86fdea5d9247a4c3ec204fc8d2cfa39f577,2017-11-02T11:50:42.000Z,0.02101004999999994,0xd8b4301f97492fdb0d2de7a53ba8af6622aba80c,sell,0xd26114cd6ee289accf82350c8d8487fedb8a0c07,0x53966698b50852d71c2cfb501c1f2821b939c6284db6445b88ebddb702d83ddf
12,36.34152140271773,0.778002888,0xcc1d24a1c777dcfb8e31f64a52d52a291808fdb0,2017-11-02T11:45:41.000Z,0.021408099,0xda896bd9e964386f7343414a646c8ef75d5ae009,buy,0xd26114cd6ee289accf82350c8d8487fedb8a0c07,0x62e21545a9e9f9206cde0e9536f9d81b51e6d192c0fb185ae53d93569e441cbc
13,197.65847859728228,4.231492278,0x73b7424a32b34806f9ba10129843ce9cc3069397,2017-11-02T11:43:27.000Z,0.021408099,0xda896bd9e964386f7343414a646c8ef75d5ae009,buy,0xd26114cd6ee289accf82350c8d8487fedb8a0c07,0x482f66db5d6141bf86a0a5c33c0d5d47e3646370f9b14065abf8cfb41464e5d0
14,16,0.3456,0xcc1d24a1c777dcfb8e31f64a52d52a291808fdb0,2017-11-02T11:43:27.000Z,0.0216,0x9e991aacfe62f4bf93c13343cf1f9711e90017d9,buy,0xd26114cd6ee289accf82350c8d8487fedb8a0c07,0xbe669902905fde786d0f906f4dba57773d48d51acdb380954bba3c2108348af0
15,49.845479015053336,1.0487488784767223,0x5068b86fdea5d9247a4c3ec204fc8d2cfa39f577,2017-11-02T11:40:11.000Z,0.02104,0xa07161106423845e2a7ff82ab17fc19a1fd1babe,sell,0xd26114cd6ee289accf82350c8d8487fedb8a0c07,0x1647d76acb4252f254e250aef48428c4464a40433140ed14a05a1f2e585bfc8c
16,234,5.009494464,0x0febad916a5fd535c7b1ba392104b46c48f28d66,2017-11-02T11:37:25.000Z,0.021408096,0xda896bd9e964386f7343414a646c8ef75d5ae009,buy,0xd26114cd6ee289accf82350c8d8487fedb8a0c07,0x09d3ef9deccea06bae2ac6ba59601444f5342ff2a140d74c2a149561190d4524
17,231,4.945269945,0x0febad916a5fd535c7b1ba392104b46c48f28d66,2017-11-02T11:35:34.000Z,0.021408095,0x772d794f6c4f60ef72990c0b760526c7623b4cdf,buy,0xd26114cd6ee289accf82350c8d8487fedb8a0c07,0xf04dd46dd753c2fa5bf4834eba88d656c10ea27a45be71199aae2637aa14f8bb
18,47,1.006180465,0x9928735e58646b828be5a0ce02e939cd752adc8f,2017-11-02T11:29:35.000Z,0.021408095,0x772d794f6c4f60ef72990c0b760526c7623b4cdf,buy,0xd26114cd6ee289accf82350c8d8487fedb8a0c07,0x230915b988135569cb8c32374186382b3e59745bc21aec1c5ee594d5f6dd571a
19,16,0.34187872,0x9e991aacfe62f4bf93c13343cf1f9711e90017d9,2017-11-02T11:23:30.000Z,0.02136742,0x65f403f5ce12908bfa7d8089f54f097e8b686fae,buy,0xd26114cd6ee289accf82350c8d8487fedb8a0c07,0xc47045cf6acdc7abd273b40b5c1f1cad1a9b3841c96872c162fcdc5a1a816e2e
20,0.000245756774368932,0.000005163349829491,0x13747e9c928cbdf8b7b1d21724d5d040750e289b,2017-11-02T11:17:56.000Z,0.021009999999998936,0x274465095cc25508a23025be1ecc080c2749590e,sell,0xd26114cd6ee289accf82350c8d8487fedb8a0c07,0xa40facdd6bcced302039c87db34580218756261e661b9e3bf49ea7b4b471a384
21,2.4651862036947505,0.05176891027758976,0xcc76ebe374d39f0219aa0c8979be84d29e16d074,2017-11-02T11:17:22.000Z,0.021,0x274465095cc25508a23025be1ecc080c2749590e,sell,0xd26114cd6ee289accf82350c8d8487fedb8a0c07,0x8814b3582388a73c0b81e99c6e08adc32032353b314596aeaea441223f74a57c
22,23.76,0.499908024,0x65f403f5ce12908bfa7d8089f54f097e8b686fae,2017-11-02T11:16:35.000Z,0.0210399,0x274465095cc25508a23025be1ecc080c2749590e,sell,0xd26114cd6ee289accf82350c8d8487fedb8a0c07,0x09010455df5611d97f8662e32d3eb1602dd3d0286471dd3ca3fc1604e5bbe748
23,0.117,0.0025140960234,0x0c5719fba3a34b524ae668cb51c5e2ce0e1ead14,2017-11-02T11:16:35.000Z,0.0214880002,0x274465095cc25508a23025be1ecc080c2749590e,sell,0xd26114cd6ee289accf82350c8d8487fedb8a0c07,0x8a2da68a62d994d268e7ee6eb7bc13e3b8efd54c29b5ddde3d611a7768fb937d
24,10.92,0.235872,0xdf7db12ba0a2f3116b4432f5d00c6d493e948534,2017-11-02T11:10:34.000Z,0.0216,0x9e991aacfe62f4bf93c13343cf1f9711e90017d9,buy,0xd26114cd6ee289accf82350c8d8487fedb8a0c07,0x432458dcaced416285d9cf4e72e9e4097efddc0eaf4488caac53908d7b2aa74c
25,10,0.21408095,0xc97f1650903a2fa0b08b2e535cd45fd6baed9660,2017-11-02T11:06:01.000Z,0.021408095,0x772d794f6c4f60ef72990c0b760526c7623b4cdf,buy,0xd26114cd6ee289accf82350c8d8487fedb8a0c07,0xb4286d88578b0a1a05824ed6f756c5f187ea8c564870a58fc0557f353f5f0671
26,0.00000049845479015,0.04984547901505333,0x188371ec8dc7ec51393d43b8cb62f526d04c475b,2017-11-02T10:58:13.000Z,100000.000000107,0xaec7fad17c8adb73e36f3d1ec7d3f56a65413549,buy,0xd26114cd6ee289accf82350c8d8487fedb8a0c07,0x360ac34fa28024b767bb2032334253f69826ef5474b7c80d50c2f664a185c01c
27,55.87056774042864,1.1960825336321672,0x33b84b532ef8e27ea3499b05f43483108d6e3b4e,2017-11-02T10:51:41.000Z,0.021408097,0x772d794f6c4f60ef72990c0b760526c7623b4cdf,buy,0xd26114cd6ee289accf82350c8d8487fedb8a0c07,0x3624e93cc5935b939bde03a81b3be739489139ba90c0d02682549d1a6df11511
28,8.335395026630572,0.18171161158054647,0x9e991aacfe62f4bf93c13343cf1f9711e90017d9,2017-11-02T10:51:21.000Z,0.0218,0xf44072eda87ede9613b6ae1b812de8a60ade27a2,sell,0xd26114cd6ee289accf82350c8d8487fedb8a0c07,0x9a6c19d0c7c29a4194b1edc510d119a6b70f488d9021b2f148d38290412f05d8
29,8.360476455998567,0.17898189093623357,0xf44072eda87ede9613b6ae1b812de8a60ade27a2,2017-11-02T10:51:21.000Z,0.021408097,0x772d794f6c4f60ef72990c0b760526c7623b4cdf,buy,0xd26114cd6ee289accf82350c8d8487fedb8a0c07,0x9a6c19d0c7c29a4194b1edc510d119a6b70f488d9021b2f148d38290412f05d8
30,14.036787073035825,0.3003872433629666,0x33b84b532ef8e27ea3499b05f43483108d6e3b4e,2017-11-02T10:50:39.000Z,0.0214,0x9e991aacfe62f4bf93c13343cf1f9711e90017d9,buy,0xd26114cd6ee289accf82350c8d8487fedb8a0c07,0x97ff5ed967b75e7271b494aca399beb26614d9b178e63973204b18a83023f332
31,46,0.984772554,0x872689ab5bef4eda905ac763cf8ed5707c01d36a,2017-11-02T10:38:22.000Z,0.021408099,0xda896bd9e964386f7343414a646c8ef75d5ae009,buy,0xd26114cd6ee289accf82350c8d8487fedb8a0c07,0x80640beb3274b669cd6ac6f7cd79cafe49c097ad9e9ebad214219fe6c534ff2c
32,100,2.132719,0x7503a2ee996cd95dc0f17eb2b94e995e27344de0,2017-11-02T10:37:11.000Z,0.02132719,0x772d794f6c4f60ef72990c0b760526c7623b4cdf,sell,0xd26114cd6ee289accf82350c8d8487fedb8a0c07,0x80daab1dc35db6902c231d7977415725a184fc67e362f0ab7b1e01f40085a864
33,5,0.1075,0x462cdf194d12c5168e804fe7d91e639fb3bed21d,2017-11-02T10:33:38.000Z,0.0215,0xd1ad676676b799b7c54741e06f17fdac87ed458b,sell,0xd26114cd6ee289accf82350c8d8487fedb8a0c07,0x9072d08c05eaa7eb4eda1b2413459b4103d7114f2475ff92c1a3366e2cffbe4c
34,33,0.70379727,0xebab0220ac54ce46d35f79b50a64d47ec433af8a,2017-11-02T10:28:21.000Z,0.02132719,0x772d794f6c4f60ef72990c0b760526c7623b4cdf,buy,0xd26114cd6ee289accf82350c8d8487fedb8a0c07,0x1ee82a20450bdd1fa176b216669f7d0d232e56dcd09a6d0bbdfcfba071e195fb
35,92,1.9688,0x9c9ba4d8a3bd599746a9950037230d8a94c6c49b,2017-11-02T10:07:42.000Z,0.0214,0xd1ad676676b799b7c54741e06f17fdac87ed458b,sell,0xd26114cd6ee289accf82350c8d8487fedb8a0c07,0x2d3526dedf46fb1eca1771dd9828d65ee22f3e40dc8a53abe1244d5b2676f718
36,57,1.21565211,0x1e3725e258c8357928f522a102716e8491da3e7c,2017-11-02T10:01:40.000Z,0.02132723,0x772d794f6c4f60ef72990c0b760526c7623b4cdf,buy,0xd26114cd6ee289accf82350c8d8487fedb8a0c07,0x8021fff7567e2e3ef73dd201b43a340f32761286485db33208ba68c4d71323ca
37,5,0.1075,0x462cdf194d12c5168e804fe7d91e639fb3bed21d,2017-11-02T10:01:40.000Z,0.0215,0xd1ad676676b799b7c54741e06f17fdac87ed458b,sell,0xd26114cd6ee289accf82350c8d8487fedb8a0c07,0x8fe26ae889aa804bee243b8d2f6e494f4ba9a81b9a44c72437b739c42616b31f
38,26.09,0.5528666675,0x62f91c944c8ea3eed07935bb926eccf5d4a460de,2017-11-02T09:58:32.000Z,0.02119075,0x65f403f5ce12908bfa7d8089f54f097e8b686fae,buy,0xd26114cd6ee289accf82350c8d8487fedb8a0c07,0xe566c28a0906a3562bd95f8eb507191935088171348cdcb75bad649cbc793793
39,31,0.66114444,0xe46b7e9ae4bc293a888f0aea28810709e9a34dfc,2017-11-02T09:55:51.000Z,0.02132724,0x5d755ef2efebd5fe534d930f32ed760c78f88d2a,buy,0xd26114cd6ee289accf82350c8d8487fedb8a0c07,0xc1f4322dfe40c16975d3a76c8b160609b14a9efef4735be3623187ac22dfd839
40,150,3.21,0xe46b7e9ae4bc293a888f0aea28810709e9a34dfc,2017-11-02T09:54:35.000Z,0.0214,0xe4f0105abaea9b46782075c3e9c2636176178e01,buy,0xd26114cd6ee289accf82350c8d8487fedb8a0c07,0x7ff4009094c4e688e11c36a983ffc47dd1158bc27e981b7fed65fef38dac7e19
41,30,0.66,0xe46b7e9ae4bc293a888f0aea28810709e9a34dfc,2017-11-02T09:53:00.000Z,0.022,0x8a9b8e52258c65aef1acffef3e88de06ffe5fac3,buy,0xd26114cd6ee289accf82350c8d8487fedb8a0c07,0xb1ad5c99ebf4725ce81f7dbac115d2841df3eeb67dd65ff13bf37473fb98b7ce
42,10,0.207,0x30ad3b0451b2595263b68fd4e04e5c3d052d3698,2017-11-02T09:52:41.000Z,0.0207,0xd1ad676676b799b7c54741e06f17fdac87ed458b,sell,0xd26114cd6ee289accf82350c8d8487fedb8a0c07,0xa06ac83206d258274863040aacfa4a9ccddee894942175428e146ee12bdc5101
43,24.08,0.499951368,0x65f403f5ce12908bfa7d8089f54f097e8b686fae,2017-11-02T09:52:13.000Z,0.0207621,0xd1ad676676b799b7c54741e06f17fdac87ed458b,sell,0xd26114cd6ee289accf82350c8d8487fedb8a0c07,0x5d5dad7d4cd193c10015d668a083751c45c210c302eb36e617af329f4f5b5d8a
44,40,0.8530896,0x00dfd41164697f420639626e2ec2d775d5646b2a,2017-11-02T09:48:51.000Z,0.02132724,0x5d755ef2efebd5fe534d930f32ed760c78f88d2a,buy,0xd26114cd6ee289accf82350c8d8487fedb8a0c07,0xb49916204bd237af5e4f62095e567cec6b50c6022d4cbfa6443ec50266609025
45,11,0.236170011,0x0c5719fba3a34b524ae668cb51c5e2ce0e1ead14,2017-11-02T09:45:55.000Z,0.021470001,0xd1ad676676b799b7c54741e06f17fdac87ed458b,sell,0xd26114cd6ee289accf82350c8d8487fedb8a0c07,0x6ff7404ca20184211189356c7b07cdb4e2fe042ddc69736693eb3dd75faf33e1
46,11,0.23389586,0x1d5321e125f6c7079a716705541c7b371ca79e69,2017-11-02T09:44:21.000Z,0.02126326,0x65f403f5ce12908bfa7d8089f54f097e8b686fae,buy,0xd26114cd6ee289accf82350c8d8487fedb8a0c07,0x0b17e485da167b9aa07ff326178f509e9a26ae07a4ace73bcaf4d6a089757990
47,10.967098703888334,0.23546363110667995,0x0c5719fba3a34b524ae668cb51c5e2ce0e1ead14,2017-11-02T09:44:21.000Z,0.021470002,0x1d5321e125f6c7079a716705541c7b371ca79e69,sell,0xd26114cd6ee289accf82350c8d8487fedb8a0c07,0x0b17e485da167b9aa07ff326178f509e9a26ae07a4ace73bcaf4d6a089757990
48,19.862486842632983,0.39784624705751764,0x772d794f6c4f60ef72990c0b760526c7623b4cdf,2017-11-02T09:27:00.000Z,0.020030032,0x87d3da5a29e4f9813faa09a4a720b1c1610eafd8,sell,0xd26114cd6ee289accf82350c8d8487fedb8a0c07,0xccf4793624e8a117f6aa44e90c353c2af42f3641043f2d341f717c1a6f58d846
49,5.156,0.10729636,0xe636e487babefb9f7a3d2a7206ae1ac17797d868,2017-11-02T09:25:05.000Z,0.02081,0x87d3da5a29e4f9813faa09a4a720b1c1610eafd8,sell,0xd26114cd6ee289accf82350c8d8487fedb8a0c07,0xa2d92d71c8fb611a503dd6434ac64243aa7037e958c3e2078b1ab19d045cb092
50,20,0.428,0xa50e2cee8bd23f91be2133c573cc47ae91679571,2017-11-02T09:24:00.000Z,0.0214,0x87d3da5a29e4f9813faa09a4a720b1c1610eafd8,sell,0xd26114cd6ee289accf82350c8d8487fedb8a0c07,0x1c6462a24fe1e93248bba486cae33e8a948dbf49c4103125fb1f5f77c5ccefba
51,75,1.5022523250000008,0x5d755ef2efebd5fe534d930f32ed760c78f88d2a,2017-11-02T09:21:34.000Z,0.02003003100000001,0x3043ea96f9ca8eac7fb3c8e984d4338e4d5de62a,sell,0xd26114cd6ee289accf82350c8d8487fedb8a0c07,0x805935f982f820adacc2845ada92d3c5e695805c4ff51d2c9ef2611578039661
52,81.6,1.6891200816,0x12e455c7f385003332e661b8d17070c8b347cf4c,2017-11-02T09:20:07.000Z,0.020700001,0x3043ea96f9ca8eac7fb3c8e984d4338e4d5de62a,sell,0xd26114cd6ee289accf82350c8d8487fedb8a0c07,0x96760af18731d81158b7df7cf84d545be815e1a2eb018f237f07c349124157ce
53,30.736,0.660424432,0xe636e487babefb9f7a3d2a7206ae1ac17797d868,2017-11-02T09:19:33.000Z,0.021487,0x3043ea96f9ca8eac7fb3c8e984d4338e4d5de62a,sell,0xd26114cd6ee289accf82350c8d8487fedb8a0c07,0x656e51dc97239fc24ad835efdefb1032769c6ac0ea5c519e5ec21507a365499e
54,500,10.18,0xda896bd9e964386f7343414a646c8ef75d5ae009,2017-11-02T09:18:14.000Z,0.02036,0x3043ea96f9ca8eac7fb3c8e984d4338e4d5de62a,sell,0xd26114cd6ee289accf82350c8d8487fedb8a0c07,0x77391df27edd032b02a7f72edc1f8f16f6dcaa9e064299b7a823447a96734380
55,0.02321292696417584,0.000496756637033363,0xe636e487babefb9f7a3d2a7206ae1ac17797d868,2017-11-02T09:15:46.000Z,0.0214,0x9e991aacfe62f4bf93c13343cf1f9711e90017d9,buy,0xd26114cd6ee289accf82350c8d8487fedb8a0c07,0xc5b999fd5bfa3b2e3ff26dae098c40c39418e9d130431afedd14fcd296b5593f
56,2.643,0.056792789286,0x0c5719fba3a34b524ae668cb51c5e2ce0e1ead14,2017-11-02T09:13:40.000Z,0.021488002,0xe4f0105abaea9b46782075c3e9c2636176178e01,sell,0xd26114cd6ee289accf82350c8d8487fedb8a0c07,0x78a724134f92a74e60a344d462089eb5232acf6f49a17d2571a4826738620ce2
57,124.26358744437994,2.670051703417392,0xe636e487babefb9f7a3d2a7206ae1ac17797d868,2017-11-02T09:07:07.000Z,0.021487,0x07391e314c7ebc92dbf7af7c478855742dcc7afa,sell,0xd26114cd6ee289accf82350c8d8487fedb8a0c07,0x0876eb20f76471d7640d8610d3d12429ade4817db3517ef50c01f5a13d00abc0
58,180,3.85345746,0x25c38b9216a4560269efb5d2b0d3c0a9393fd956,2017-11-02T09:00:42.000Z,0.021408097,0x772d794f6c4f60ef72990c0b760526c7623b4cdf,buy,0xd26114cd6ee289accf82350c8d8487fedb8a0c07,0xc20869efed5e0bca38fb8b65ab1ff3c7e05840bad223e48e333bd3ed11967d0a
59,9,0.19211409,0xd92cec94e59689baccf3ddebd2be2f02436929be,2017-11-02T09:00:06.000Z,0.02134601,0x65f403f5ce12908bfa7d8089f54f097e8b686fae,buy,0xd26114cd6ee289accf82350c8d8487fedb8a0c07,0xc0e5db0964ba4832c79f5bb7339a6b4154bc2e6f9278e7008a384c6cd101677c
60,89,1.905400822,0x53dffaa9d9f4fe2fe8a23956566fbebf1f858338,2017-11-02T08:42:54.000Z,0.021408998,0x772d794f6c4f60ef72990c0b760526c7623b4cdf,buy,0xd26114cd6ee289accf82350c8d8487fedb8a0c07,0x276bce83f24040fd6481b5884aa2232bd788107176e1530b90e5e4b88a17b8f8
61,0.000000055930507868,0.000000001272419054,0x43a0958be7de5a47d529da07a4a6fed9efa2e9b5,2017-11-02T08:06:45.000Z,0.022750000000053637,0x1d2cadab05cb50a822c672498c5e59ba82dab549,buy,0xd26114cd6ee289accf82350c8d8487fedb8a0c07,0x925e66583c11659dfffed55dc3a0c3c4a7b0bae933e3ab352087a8d7bc06ffa7
62,0.000593657466107674,0.000012763635521315,0x43a0958be7de5a47d529da07a4a6fed9efa2e9b5,2017-11-02T08:04:23.000Z,0.021500000000000016,0xd1ad676676b799b7c54741e06f17fdac87ed458b,buy,0xd26114cd6ee289accf82350c8d8487fedb8a0c07,0x33b494bc9b20ddc8d944b93ca552000512c698084219099f953ff586c4ab8b73
63,0.46511627906976744,0.01,0xbf57bd607d0785705b7a065dfe5f9be86e946bd5,2017-11-02T08:01:00.000Z,0.021500000000000002,0xd1ad676676b799b7c54741e06f17fdac87ed458b,buy,0xd26114cd6ee289accf82350c8d8487fedb8a0c07,0x3059b5558b67e6be862993939f4ca44d0fe92c37ec2c17d66e19484f46aa9d6a
64,0.46325581395348836,0.00973300465116279,0x13747e9c928cbdf8b7b1d21724d5d040750e289b,2017-11-02T08:01:00.000Z,0.021009999999999997,0xbf57bd607d0785705b7a065dfe5f9be86e946bd5,sell,0xd26114cd6ee289accf82350c8d8487fedb8a0c07,0x3059b5558b67e6be862993939f4ca44d0fe92c37ec2c17d66e19484f46aa9d6a
65,20,0.41224,0x18e96886612735f0d509d139f304f108f79bc18c,2017-11-02T07:51:04.000Z,0.020612,0x1dd0f266f8668950c5ebc175ddd21430d22261ea,sell,0xd26114cd6ee289accf82350c8d8487fedb8a0c07,0xcc08b9d60cb6340057c86dfe9faf0ad5c1e650521690817763e1684deb1a43db
66,100,2.061,0xa2f2d4e46b33489ed6bc645f27a2ab2b01b11d81,2017-11-02T07:50:36.000Z,0.02061,0x1dd0f266f8668950c5ebc175ddd21430d22261ea,sell,0xd26114cd6ee289accf82350c8d8487fedb8a0c07,0xb517a1cc601170c5c7bee7dfcb453dab19de6f15f9a8339746c65bf1e724c22c
67,294.8,5.99918,0x448c710b1e037a255c453de1dfad6b0e6468454a,2017-11-02T07:47:40.000Z,0.02035,0x1dd0f266f8668950c5ebc175ddd21430d22261ea,sell,0xd26114cd6ee289accf82350c8d8487fedb8a0c07,0xe27a8c0cb2116332ea226af42f2a040ad57a93c020f12060abf4dd4468fde946
68,549,10.99648647,0x772d794f6c4f60ef72990c0b760526c7623b4cdf,2017-11-02T07:47:40.000Z,0.02003003,0x1dd0f266f8668950c5ebc175ddd21430d22261ea,sell,0xd26114cd6ee289accf82350c8d8487fedb8a0c07,0xcc7961db1231a7d6ec4d96cc6f35287c4403560042c4b4a256e6ad092acb66a6
69,0.000468619461601959,0.000009785149253818,0x18e96886612735f0d509d139f304f108f79bc18c,2017-11-02T07:47:33.000Z,0.020880799999999602,0x70d692072e72e1b4b26b01be1541cb46af42d8cb,sell,0xd26114cd6ee289accf82350c8d8487fedb8a0c07,0x6bbc0f49e63df0744fdebbfa34d9e23e86b90ac10b66d4b16a2e435af16abd85
70,4.70072181932925,0.09815483216505021,0x18e96886612735f0d509d139f304f108f79bc18c,2017-11-02T07:45:36.000Z,0.0208808,0x70d692072e72e1b4b26b01be1541cb46af42d8cb,sell,0xd26114cd6ee289accf82350c8d8487fedb8a0c07,0x6159fc5e3752870e07fe5c94a145190e5e28b9abe9111742283bdc8388ab9d02
71,50,1.04,0x50687aff84edbd13b4f03403ff8a677d20a8c04b,2017-11-02T07:44:26.000Z,0.0208,0x70d692072e72e1b4b26b01be1541cb46af42d8cb,sell,0xd26114cd6ee289accf82350c8d8487fedb8a0c07,0xb35fb68c84915cdd2c4c1b150bb76851d49cd0ae1209b7ad399f6addef3b04bb
72,45,0.9396,0xeb4932499bf0785b6965f10e8ff9a395824502e1,2017-11-02T07:43:38.000Z,0.02088,0x70d692072e72e1b4b26b01be1541cb46af42d8cb,sell,0xd26114cd6ee289accf82350c8d8487fedb8a0c07,0x47967be44aa0c3f403d7e787837beb24b1cf81917625bf62be01ae50bf437a28
73,11,0.2376,0x50be0c6e4a79a2bfb576c8bb67c41071671fc782,2017-11-02T07:41:49.000Z,0.0216,0x3d53269e7e2464b859a099cb4e8c0ff53b1ddd26,buy,0xd26114cd6ee289accf82350c8d8487fedb8a0c07,0x498be76cb9c17f37f540a3fe3bae6198bde6de3e1b6bb8cee2b638e99749d4d9
74,2.1433555976472936,0.0447549795633536,0x18e96886612735f0d509d139f304f108f79bc18c,2017-11-02T07:35:15.000Z,0.020880799999999998,0xbebe9059477d21fca1e5d6372e3ae8e37198f8a2,sell,0xd26114cd6ee289accf82350c8d8487fedb8a0c07,0x3e709d0c4442dacae427dc5b97f9d0e333d1b0e8b22315b34cfba26e58544d03
75,2.3667379133367157,0.05088249839882605,0x4bb4397101d4628c6e1d4c0e8811b79099b1c76a,2017-11-02T07:28:25.000Z,0.021499,0x5d755ef2efebd5fe534d930f32ed760c78f88d2a,buy,0xd26114cd6ee289accf82350c8d8487fedb8a0c07,0x908133ac5d3af7712469900a871c3c2545da8031699ae449ec57ca9c1cd49003
76,100,2.168899,0x4bb4397101d4628c6e1d4c0e8811b79099b1c76a,2017-11-02T07:28:21.000Z,0.02168899,0xda896bd9e964386f7343414a646c8ef75d5ae009,buy,0xd26114cd6ee289accf82350c8d8487fedb8a0c07,0x425548c4b74169139d9430b9dce3aa80783f04c5ea1e1a25d19f9e2e97ed8719
77,200,4.2998,0x4bb4397101d4628c6e1d4c0e8811b79099b1c76a,2017-11-02T07:24:39.000Z,0.021499,0xda896bd9e964386f7343414a646c8ef75d5ae009,buy,0xd26114cd6ee289accf82350c8d8487fedb8a0c07,0xe706e6614f2eea43bf3fa9de2c1ab3e2cdc86b2e5397f46de0445e43ff6a169d
78,70,1.50493,0x4bb4397101d4628c6e1d4c0e8811b79099b1c76a,2017-11-02T07:23:56.000Z,0.021499,0x5d755ef2efebd5fe534d930f32ed760c78f88d2a,buy,0xd26114cd6ee289accf82350c8d8487fedb8a0c07,0x3c19d71014f602ac0e2c4f7f95090cbe399b4df51892df2b92b6213c44737854
79,27.017,0.5727604,0x6cee94dbc619bbe3355687d8862e4a48e93e6ba3,2017-11-02T07:20:45.000Z,0.0212,0xe693155851396785973c325eeb28e101e7761386,buy,0xd26114cd6ee289accf82350c8d8487fedb8a0c07,0x97dbe551a02db6876f65033621028137031d6d50e7f8eacd795ce386f4557f3e
80,0.183,0.0038796,0x1d5321e125f6c7079a716705541c7b371ca79e69,2017-11-02T07:15:02.000Z,0.0212,0xe693155851396785973c325eeb28e101e7761386,buy,0xd26114cd6ee289accf82350c8d8487fedb8a0c07,0xfeac14afff836f95d7d1f87f3149f46aa3a6d03876b669a676be72bf907a859a
81,0.18245264207377868,0.003906329312063808,0xd5ded91f5f952db05fdb987ac71b41304583a2a5,2017-11-02T07:15:02.000Z,0.021410099999999998,0x1d5321e125f6c7079a716705541c7b371ca79e69,sell,0xd26114cd6ee289accf82350c8d8487fedb8a0c07,0xfeac14afff836f95d7d1f87f3149f46aa3a6d03876b669a676be72bf907a859a
82,12.811,0.2715932,0x6cee94dbc619bbe3355687d8862e4a48e93e6ba3,2017-11-02T07:08:28.000Z,0.0212,0xe693155851396785973c325eeb28e101e7761386,buy,0xd26114cd6ee289accf82350c8d8487fedb8a0c07,0xe15fbae71e319758965d503aefa845b48166da91540860f31635fa13864e553a
83,648.9112224300126,13.374709205504988,0xe0ea29487ed661e3c6dc3c78fe7f464053c3f2e1,2017-11-02T06:27:41.000Z,0.020611,0x805c5971a2d2aa84b663218014717c5db800276d,sell,0xd26114cd6ee289accf82350c8d8487fedb8a0c07,0x2797e46c0dc55e59ea0999dc729482a9802905340cf38b47f326c8a5e5ee03a4
84,100,2.17,0x00dfd41164697f420639626e2ec2d775d5646b2a,2017-11-02T06:19:16.000Z,0.0217,0x3e4dd033ca10f5d5ad27fde2ab809ece3c7b9444,buy,0xd26114cd6ee289accf82350c8d8487fedb8a0c07,0x0c0508f35d2c0c340924a8d851297c2700635ca63008826a2889051be50f7cc5
85,161,3.350780461,0xabca52b9137a1176212a9f3295a8c67711192b64,2017-11-02T06:18:35.000Z,0.020812301,0x805c5971a2d2aa84b663218014717c5db800276d,sell,0xd26114cd6ee289accf82350c8d8487fedb8a0c07,0x6622d0c84ae2cd039f2701995d8c259af4ece9668c511e56a1703b402bcf4560
86,11.685384427435533,0.2561436266493869,0x5e291563aa97ec35e192d1509755499e0be1d2e4,2017-11-02T06:12:17.000Z,0.02192,0x3d53269e7e2464b859a099cb4e8c0ff53b1ddd26,buy,0xd26114cd6ee289accf82350c8d8487fedb8a0c07,0xf89427fe065f6947f263c3ab7ac4ee09faa27f982d7b4a684c28e2bd35ceef65
87,26.962607521251837,0.6201399729887923,0x6488e54e910b0f8d1062fe833726ef9019e3d965,2017-11-02T05:55:10.000Z,0.023,0xe116556feef6c32bf63ab74b7d0cc0de3ec2436b,buy,0xd26114cd6ee289accf82350c8d8487fedb8a0c07,0x9f3c71e69a4c45f89267746a578c2e15c009a4d1d4c0e1329877f93d6991fdd4
88,60.817,1.3020980517,0xd5ded91f5f952db05fdb987ac71b41304583a2a5,2017-11-02T05:53:06.000Z,0.0214101,0xf44072eda87ede9613b6ae1b812de8a60ade27a2,sell,0xd26114cd6ee289accf82350c8d8487fedb8a0c07,0x20fa4a2fa0cd4b005b1c7ea7304a0a524884beec7a6d86e0140b3ecba12b1e8b
89,61,1.269471,0xf44072eda87ede9613b6ae1b812de8a60ade27a2,2017-11-02T05:53:06.000Z,0.020811,0xabca52b9137a1176212a9f3295a8c67711192b64,buy,0xd26114cd6ee289accf82350c8d8487fedb8a0c07,0x20fa4a2fa0cd4b005b1c7ea7304a0a524884beec7a6d86e0140b3ecba12b1e8b
90,94.357,2.0758445643,0x6488e54e910b0f8d1062fe833726ef9019e3d965,2017-11-02T05:50:54.000Z,0.0219999,0xabca52b9137a1176212a9f3295a8c67711192b64,buy,0xd26114cd6ee289accf82350c8d8487fedb8a0c07,0x035331f6ea964039ba721677713ca67b577a77e924e34cde4086d566bb978614
91,4,0.086,0xa3777162420e60a35a626fedc778668828b09712,2017-11-02T05:48:50.000Z,0.0215,0x3d53269e7e2464b859a099cb4e8c0ff53b1ddd26,buy,0xd26114cd6ee289accf82350c8d8487fedb8a0c07,0x0340ee2a1c91666565ca34fdcbf6a2b1819cf3dc24b25b9d5af6da1daf42accd
92,200,4.2120002,0xabca52b9137a1176212a9f3295a8c67711192b64,2017-11-02T05:47:43.000Z,0.021060001,0x805c5971a2d2aa84b663218014717c5db800276d,sell,0xd26114cd6ee289accf82350c8d8487fedb8a0c07,0x6724b9b09305f69ca35a8d4573cafd7444375e35ef982b0952321b62ab4060ef
93,475,9.99875,0xd94176e2fa8314fb3e2d4d407dacec43c8529f4b,2017-11-02T05:47:43.000Z,0.02105,0x805c5971a2d2aa84b663218014717c5db800276d,sell,0xd26114cd6ee289accf82350c8d8487fedb8a0c07,0xb9f708b96e7d0fe448f5d789eb2de13c31b20906b017678e609967df970e868e
94,44.155,0.936086,0x9f18b49bb00c24769aaec553641bcad225298662,2017-11-02T05:47:32.000Z,0.0212,0x805c5971a2d2aa84b663218014717c5db800276d,sell,0xd26114cd6ee289accf82350c8d8487fedb8a0c07,0x5f192ba0f499652d56b1def78e34a29099e530133af97c630d48a76ee0664333
95,28,0.5992,0x8ea5a3b65785b40f91cc7ff257bd1bd0d3682553,2017-11-02T05:47:32.000Z,0.0214,0x805c5971a2d2aa84b663218014717c5db800276d,sell,0xd26114cd6ee289accf82350c8d8487fedb8a0c07,0xe3e3dc8578119ca9cbc4391415fd1165b9ebb76a29dbc877e36b95a2d49c986a
96,86,1.849,0x9cdc370013229bf5ac914f78681d8479ab79c5a9,2017-11-02T05:42:17.000Z,0.0215,0x3d53269e7e2464b859a099cb4e8c0ff53b1ddd26,sell,0xd26114cd6ee289accf82350c8d8487fedb8a0c07,0x4d568db382a38edb76e0a815d67c36b20e2af09bbffc77cd21c3c4aeff8415e9
97,81.994,1.762871,0x43e9ddfd74d4382eb3527ca5a934270361e5860a,2017-11-02T05:42:14.000Z,0.0215,0x3d53269e7e2464b859a099cb4e8c0ff53b1ddd26,sell,0xd26114cd6ee289accf82350c8d8487fedb8a0c07,0xdec707592a9847595e6ef023e20cd4ebf40419ba686b4a63f6ed6209982ca42e
98,8.005740091084203,0.17212341195831035,0x43e9ddfd74d4382eb3527ca5a934270361e5860a,2017-11-02T05:40:14.000Z,0.0215,0x283df812b3d799dbe70781983e2d94073028d863,sell,0xd26114cd6ee289accf82350c8d8487fedb8a0c07,0x15625fa8f931c70b419130780dd3851b27d92960f2d8ac4569bc13d8cdc0c6b5
99,116.613,2.558489103387,0x6488e54e910b0f8d1062fe833726ef9019e3d965,2017-11-02T05:38:02.000Z,0.021939999,0xabca52b9137a1176212a9f3295a8c67711192b64,buy,0xd26114cd6ee289accf82350c8d8487fedb8a0c07,0xd6c7cf07322ef12584df074918d857c63d2e1c899c625c01a13621e0ffb04506
100,32.158453846135124,0.6978384484611322,0xbc075915236f53a3fc5b33b3ca9a2b8672da2404,2017-11-02T05:35:39.000Z,0.0217,0x3e4dd033ca10f5d5ad27fde2ab809ece3c7b9444,buy,0xd26114cd6ee289accf82350c8d8487fedb8a0c07,0xa4dbdd1e735255603e7b7b8d0bb6fdbb06a85d3f75f4fb8c79cc4fafeb046849
101,1,0.02151,0x13747e9c928cbdf8b7b1d21724d5d040750e289b,2017-11-02T05:35:39.000Z,0.02151,0x283df812b3d799dbe70781983e2d94073028d863,sell,0xd26114cd6ee289accf82350c8d8487fedb8a0c07,0xbbefc7944b2d7fad17234f4e78ad74dd1b0a6c90ee5542f74b57f6f350454f9e
102,1,0.02168047,0x369652284a6c2d9955b930052c9d4736df638234,2017-11-02T05:34:48.000Z,0.02168047,0x65f403f5ce12908bfa7d8089f54f097e8b686fae,buy,0xd26114cd6ee289accf82350c8d8487fedb8a0c07,0x79843397c5ad31d80a9f502946fafdd0fb31344dc2b3946d873c658f29672d94
103,60,1.2900003,0xabca52b9137a1176212a9f3295a8c67711192b64,2017-11-02T05:33:38.000Z,0.021500005,0x283df812b3d799dbe70781983e2d94073028d863,sell,0xd26114cd6ee289accf82350c8d8487fedb8a0c07,0x56d262f9827f5d8197d2c82f45a2817eca7ea2a8793dc62c808835cb79cd8371
104,0.6395235440014322,0.013941613259231222,0x9e991aacfe62f4bf93c13343cf1f9711e90017d9,2017-11-02T05:33:38.000Z,0.0218,0x283df812b3d799dbe70781983e2d94073028d863,sell,0xd26114cd6ee289accf82350c8d8487fedb8a0c07,0xa0954900a96e9b7ac40e1b0548790eda03da8b17c19e1d6aaf4eb24fb6c8d2db
105,34.35539189651815,0.7386410975520997,0xabca52b9137a1176212a9f3295a8c67711192b64,2017-11-02T05:33:35.000Z,0.021500005,0x5b57fab222fc075e5b2080a95fb97a62891b8306,sell,0xd26114cd6ee289accf82350c8d8487fedb8a0c07,0xfd929ef42e67cda8369deb6473bbd30f5fe1aa3ef2ef50da7af0359fb5d1b4f9
106,30,0.6483,0x8a9b8e52258c65aef1acffef3e88de06ffe5fac3,2017-11-02T05:27:21.000Z,0.02161,0x5b57fab222fc075e5b2080a95fb97a62891b8306,sell,0xd26114cd6ee289accf82350c8d8487fedb8a0c07,0x169035810181ee58ad3eb36757f81fe3d1a9292e2c5137023106e2f6ab2155ea
107,140.96183703725077,3.058871863708342,0xbda8aec3d47ef0e2bc5de57e88a3ce54176a7c21,2017-11-02T05:26:57.000Z,0.0217,0x5b57fab222fc075e5b2080a95fb97a62891b8306,sell,0xd26114cd6ee289accf82350c8d8487fedb8a0c07,0xd0d57fb6cb9c74035888097f7e70c402a63182af58492162c470d1c194cd07d1
108,23.01,0.5000160438,0x65f403f5ce12908bfa7d8089f54f097e8b686fae,2017-11-02T05:26:43.000Z,0.02173038,0x5b57fab222fc075e5b2080a95fb97a62891b8306,sell,0xd26114cd6ee289accf82350c8d8487fedb8a0c07,0xdcb5937e095d08bc3d745b4cc0c863aac365da5941a45b326f77513f4064616e
109,91,1.9747,0x3833f8dbdbd6bdcb6a883ff209b869148965b364,2017-11-02T05:20:11.000Z,0.0217,0x3e4dd033ca10f5d5ad27fde2ab809ece3c7b9444,buy,0xd26114cd6ee289accf82350c8d8487fedb8a0c07,0x0cb60f78c692f4036bd594df45f32dd64cfdc0126cc6fc49e48b6242e68d5e48
110,9,0.1953,0x9e991aacfe62f4bf93c13343cf1f9711e90017d9,2017-11-02T05:18:30.000Z,0.0217,0x3e4dd033ca10f5d5ad27fde2ab809ece3c7b9444,buy,0xd26114cd6ee289accf82350c8d8487fedb8a0c07,0x4d14b44ed264addd5f178f8ae2472b6adf6165af5bad5076ad2dc4030535b540
111,35,0.77314615,0xf95816351cdbf7a7e2f6df6e4bd92ce124defad4,2017-11-02T05:12:45.000Z,0.02208989,0xabca52b9137a1176212a9f3295a8c67711192b64,buy,0xd26114cd6ee289accf82350c8d8487fedb8a0c07,0xa4aa0c1f89751e3774e5896362efe1715c4636ee5b11398bb2306412e801d5c6
112,65.28765734043603,1.4356690561504541,0x41a5b497a44415fb71bd6ac716e4ee6f1f7c5692,2017-11-02T05:06:02.000Z,0.0219899,0xabca52b9137a1176212a9f3295a8c67711192b64,buy,0xd26114cd6ee289accf82350c8d8487fedb8a0c07,0x277298206bed814d6f5d9afc5a77f483d196b9efef1cd2b09093e511b85b9150
113,17.5,0.38482325,0xaf311d187ad3ff202c227cab2fd0926e2d2c8b17,2017-11-02T05:02:36.000Z,0.0219899,0xabca52b9137a1176212a9f3295a8c67711192b64,buy,0xd26114cd6ee289accf82350c8d8487fedb8a0c07,0x3a43b1296e24aea818a1bc9ea29b01937427a8d017db324bd644e74a4d2d0744
114,22.9,0.502916289,0xaf311d187ad3ff202c227cab2fd0926e2d2c8b17,2017-11-02T05:01:19.000Z,0.02196141,0x65f403f5ce12908bfa7d8089f54f097e8b686fae,buy,0xd26114cd6ee289accf82350c8d8487fedb8a0c07,0x26ced4fbde3b13f802663830e9eb365a38898982d619cd91ccac65b50a5b04c3
115,50,1.099995,0xaf311d187ad3ff202c227cab2fd0926e2d2c8b17,2017-11-02T04:56:52.000Z,0.0219999,0xabca52b9137a1176212a9f3295a8c67711192b64,buy,0xd26114cd6ee289accf82350c8d8487fedb8a0c07,0x421f6f5c6a189085e6f69b235dd007e44dbe5e7285d501d8405786a45b3e1f31
116,5.782075565746187,0.12547103977669224,0xbda8aec3d47ef0e2bc5de57e88a3ce54176a7c21,2017-11-02T04:55:40.000Z,0.0217,0x9624fae12c24bcdade48cbb10e50fd662bf2f9f9,sell,0xd26114cd6ee289accf82350c8d8487fedb8a0c07,0x229e14f8624c1eb0a3dba9b20b04b0edff2b46ba790b6e5b41a6ca2d2ef18ef9
117,246.73414434080595,5.181417031156925,0x422d7c1f2f04e7582163d1381a436516f4de3c2a,2017-11-02T04:50:31.000Z,0.021,0xd1ad676676b799b7c54741e06f17fdac87ed458b,buy,0xd26114cd6ee289accf82350c8d8487fedb8a0c07,0xaf272f919c19aa271acf2ef8ad0c4d4d4aa545ac37454ae5640715aa79016ac2
118,3.26585565919404,0.06858296884307484,0x0c8a9ea8a3844253eceb6a0301d7901119a6da8d,2017-11-02T04:50:31.000Z,0.021,0xd1ad676676b799b7c54741e06f17fdac87ed458b,buy,0xd26114cd6ee289accf82350c8d8487fedb8a0c07,0xb1824a84c25662323e84ad86889813474e945afc034433191140717be8720dda
119,3.256087397003031,0.07065709651496577,0xbda8aec3d47ef0e2bc5de57e88a3ce54176a7c21,2017-11-02T04:50:31.000Z,0.0217,0x0c8a9ea8a3844253eceb6a0301d7901119a6da8d,sell,0xd26114cd6ee289accf82350c8d8487fedb8a0c07,0xb1824a84c25662323e84ad86889813474e945afc034433191140717be8720dda
120,245.75113978167929,5.293479796648512,0xabca52b9137a1176212a9f3295a8c67711192b64,2017-11-02T04:50:31.000Z,0.021540001,0x422d7c1f2f04e7582163d1381a436516f4de3c2a,sell,0xd26114cd6ee289accf82350c8d8487fedb8a0c07,0xaf272f919c19aa271acf2ef8ad0c4d4d4aa545ac37454ae5640715aa79016ac2
121,23,0.50807,0x70d692072e72e1b4b26b01be1541cb46af42d8cb,2017-11-02T04:39:31.000Z,0.02209,0x3d53269e7e2464b859a099cb4e8c0ff53b1ddd26,buy,0xd26114cd6ee289accf82350c8d8487fedb8a0c07,0x1c162991dd277a042a3ffe13fb38ce6adfdd5fc6bec8cf27189b6671b5e82034
122,100,2.209,0xdac59ec90895d084616b779f2dc305a137476a03,2017-11-02T04:38:51.000Z,0.02209,0x3d53269e7e2464b859a099cb4e8c0ff53b1ddd26,buy,0xd26114cd6ee289accf82350c8d8487fedb8a0c07,0x378638b6232d0417130e726dec62736f2d8fe045c44a11330f6578926f992442
123,54.625673297007246,1.1963022452044587,0x41a5b497a44415fb71bd6ac716e4ee6f1f7c5692,2017-11-02T04:37:37.000Z,0.0219,0x3e4dd033ca10f5d5ad27fde2ab809ece3c7b9444,buy,0xd26114cd6ee289accf82350c8d8487fedb8a0c07,0x0dad3d137099dd8e3cc273c25facc7f40f5dca041b6a90908ba5654909d40e9a
124,72,1.5696,0xcf9352389986f030af9863742e9bdfceba178be0,2017-11-02T04:32:47.000Z,0.0218,0x3d53269e7e2464b859a099cb4e8c0ff53b1ddd26,sell,0xd26114cd6ee289accf82350c8d8487fedb8a0c07,0xdab507f0bfb34d8996c4c3baad0f5129ff81c090ca7d1f35602f68a757cde2cc
125,22.9,0.500068674,0x65f403f5ce12908bfa7d8089f54f097e8b686fae,2017-11-02T04:32:32.000Z,0.02183706,0x3d53269e7e2464b859a099cb4e8c0ff53b1ddd26,sell,0xd26114cd6ee289accf82350c8d8487fedb8a0c07,0x614f567cc9ebdf1d9bfdb277715c2238d26c335c258f9bc09d707581c47a6e93
126,23.049999999999997,0.509666848,0x634afaaebc4daf5f42b079523cbe09acb8c80fe6,2017-11-02T04:28:30.000Z,0.02211136,0x65f403f5ce12908bfa7d8089f54f097e8b686fae,buy,0xd26114cd6ee289accf82350c8d8487fedb8a0c07,0xba2c3e6d0e72047d15624a96d5577463b2c56646ba1359dba02fba64a95fcd9a
127,20,0.443398,0xd33047e125a4d7db70b532dee53b4e1f0b9fe457,2017-11-02T04:28:14.000Z,0.0221699,0xda896bd9e964386f7343414a646c8ef75d5ae009,buy,0xd26114cd6ee289accf82350c8d8487fedb8a0c07,0x526a2093545ca7be649c9e6f6e0a30e52d0a3c88800e7a7c0726a2246759b595
128,30,0.66,0x58057c958997be3cae93a3f174ec751e37a6357b,2017-11-02T04:22:52.000Z,0.022,0x3e4dd033ca10f5d5ad27fde2ab809ece3c7b9444,buy,0xd26114cd6ee289accf82350c8d8487fedb8a0c07,0xc889533779b44d20766637003757992e34226e9cd492231d36f16dbf570bdfa8
129,100,2.2169899,0x5ce4b1ab8b4cdb18dae671f3e26b2e0b088bae28,2017-11-02T04:21:33.000Z,0.022169899,0x3e4dd033ca10f5d5ad27fde2ab809ece3c7b9444,buy,0xd26114cd6ee289accf82350c8d8487fedb8a0c07,0x166a8f7811011ea4956903c2e99f7e20d993a0edac89367ac59c7eb953158a9c
130,238.34894362871387,5.283957731304958,0xdd3896cc7fc8091208ea750131c03cea19c3f0f7,2017-11-02T04:18:56.000Z,0.022169,0xabca52b9137a1176212a9f3295a8c67711192b64,buy,0xd26114cd6ee289accf82350c8d8487fedb8a0c07,0xdeee5ef5d0205084a90ce0a7cd1fd5a1341fc850d5f712d41388f261b54bb19f
131,94,2.058599906,0x1437ffcb7d51ead3cfc6e0ecfefec253e86e85df,2017-11-02T04:16:31.000Z,0.021899999,0x3e4dd033ca10f5d5ad27fde2ab809ece3c7b9444,buy,0xd26114cd6ee289accf82350c8d8487fedb8a0c07,0x2428fe9d06b6e9c6e02d3e85529f6c5700bc30be76daddbf187249a1edbad4e9
132,100,2.1899999,0x1437ffcb7d51ead3cfc6e0ecfefec253e86e85df,2017-11-02T04:13:47.000Z,0.021899999,0x3e4dd033ca10f5d5ad27fde2ab809ece3c7b9444,buy,0xd26114cd6ee289accf82350c8d8487fedb8a0c07,0x176d59d7fdf9712c9d99e0a09441eaaa12595b1025c30e359195383f541c084e
133,100,2.19,0x1437ffcb7d51ead3cfc6e0ecfefec253e86e85df,2017-11-02T04:10:30.000Z,0.0219,0x3e4dd033ca10f5d5ad27fde2ab809ece3c7b9444,buy,0xd26114cd6ee289accf82350c8d8487fedb8a0c07,0x20ffc66843339e7746239b40b7336a083598e6b635685aaec9a8901cae6c5693
134,125,2.676250625,0xe64a8bc0caea2908afec497613efffe365535ef2,2017-11-02T04:03:14.000Z,0.021410005,0xe0ea29487ed661e3c6dc3c78fe7f464053c3f2e1,sell,0xd26114cd6ee289accf82350c8d8487fedb8a0c07,0xdba126025c94f86375e0b183f3c5735723d729d7f43a9e2cff37b9c0aa4e5607
135,101,2.2422,0xb8c4cc262547135160c2ab8270337082e4fec274,2017-11-02T03:56:33.000Z,0.0222,0xd1ad676676b799b7c54741e06f17fdac87ed458b,buy,0xd26114cd6ee289accf82350c8d8487fedb8a0c07,0x589fbaa22b9a1e214dcaa8f1f173d3c9cf31ce2f9181a3e8abb34575de12a0a7
136,600,12.8460018,0xda896bd9e964386f7343414a646c8ef75d5ae009,2017-11-02T03:56:23.000Z,0.021410003,0xe0ea29487ed661e3c6dc3c78fe7f464053c3f2e1,sell,0xd26114cd6ee289accf82350c8d8487fedb8a0c07,0xbfb32bad9e96274bdb548eef3e41883d23bb62d19c8d045fd50ddd4fb6cb4be4
137,600,12.8466,0xd848d35ea908828d1a064a7c0bb2aebb8486da57,2017-11-02T03:56:10.000Z,0.021411,0xe0ea29487ed661e3c6dc3c78fe7f464053c3f2e1,sell,0xd26114cd6ee289accf82350c8d8487fedb8a0c07,0x45e64f543dd1724d2fbb2a4024aea58431e5050fecca242d47a0563685aea974
138,184.256,3.96887516128,0xabca52b9137a1176212a9f3295a8c67711192b64,2017-11-02T03:54:51.000Z,0.021540005,0xd1ad676676b799b7c54741e06f17fdac87ed458b,sell,0xd26114cd6ee289accf82350c8d8487fedb8a0c07,0xa10b2016c4b95a3b256e5be45182e0cd828dd0b66e99e5314e73cce69d369edd
139,62,1.3392,0x3c0e781116e7ebcfcee0955f314bdac09bf1813d,2017-11-02T03:54:09.000Z,0.0216,0xd1ad676676b799b7c54741e06f17fdac87ed458b,sell,0xd26114cd6ee289accf82350c8d8487fedb8a0c07,0x770688719c4e7c6f29efae291a8da16a042b1a5130f14ee34aa42b1c93aac989
140,23.05,0.499971096,0x65f403f5ce12908bfa7d8089f54f097e8b686fae,2017-11-02T03:51:24.000Z,0.02169072,0xd1ad676676b799b7c54741e06f17fdac87ed458b,sell,0xd26114cd6ee289accf82350c8d8487fedb8a0c07,0x72a7b3a9a4fa0560a4d821fe34dda1edea0a3de2f8c78a2f80fad894cfd33db7
141,92.74359095403513,1.9976974128678713,0xabca52b9137a1176212a9f3295a8c67711192b64,2017-11-02T03:51:09.000Z,0.021540005,0x3d53269e7e2464b859a099cb4e8c0ff53b1ddd26,sell,0xd26114cd6ee289accf82350c8d8487fedb8a0c07,0x4d42cd848731517510c30348b7837480f46d708ec2924e2cd092076f0f250759
142,1000,21.540004,0x70d692072e72e1b4b26b01be1541cb46af42d8cb,2017-11-02T03:50:14.000Z,0.021540004,0x3d53269e7e2464b859a099cb4e8c0ff53b1ddd26,sell,0xd26114cd6ee289accf82350c8d8487fedb8a0c07,0x1594387e6c737a40b815b475002b0c2ad9abde1936d90bbf70e9cd502422fe64
143,0.11964107676969092,0.002715852442671984,0x72727667ea73e5b0a1612d7d685b205c78ae4748,2017-11-02T03:45:39.000Z,0.022699999999999998,0x0c8a9ea8a3844253eceb6a0301d7901119a6da8d,sell,0xd26114cd6ee289accf82350c8d8487fedb8a0c07,0x75502b193c001f25a86a171ccd2e21d0128549ddf836953c0c57718600ee07b0
144,0.12000000000000004,0.002700000000000001,0x0c8a9ea8a3844253eceb6a0301d7901119a6da8d,2017-11-02T03:45:39.000Z,0.0225,0x3d53269e7e2464b859a099cb4e8c0ff53b1ddd26,buy,0xd26114cd6ee289accf82350c8d8487fedb8a0c07,0x75502b193c001f25a86a171ccd2e21d0128549ddf836953c0c57718600ee07b0
145,39.88035892323031,0.905284147557328,0x72727667ea73e5b0a1612d7d685b205c78ae4748,2017-11-02T03:45:18.000Z,0.0227,0x1d5321e125f6c7079a716705541c7b371ca79e69,sell,0xd26114cd6ee289accf82350c8d8487fedb8a0c07,0xbc2e62ea63d7696c97c3e6cb0294fda795c601cf0da10a2579282dc55bbefe1a
146,40,0.9,0x1d5321e125f6c7079a716705541c7b371ca79e69,2017-11-02T03:45:18.000Z,0.0225,0x3d53269e7e2464b859a099cb4e8c0ff53b1ddd26,buy,0xd26114cd6ee289accf82350c8d8487fedb8a0c07,0xbc2e62ea63d7696c97c3e6cb0294fda795c601cf0da10a2579282dc55bbefe1a
147,43.93,0.999411893,0x00a5b10d1907851f6eb681c22b5eae7d72693fee,2017-11-02T03:43:37.000Z,0.0227501,0xd1ad676676b799b7c54741e06f17fdac87ed458b,sell,0xd26114cd6ee289accf82350c8d8487fedb8a0c07,0x09f8132de1acce95b8294a2aa9c43cf403dd646f91092712dde66ccd9fc065a4
148,10,0.227,0x372450f05197402bb65079b52ab5253238ca3a46,2017-11-02T03:35:37.000Z,0.0227,0x30ad3b0451b2595263b68fd4e04e5c3d052d3698,buy,0xd26114cd6ee289accf82350c8d8487fedb8a0c07,0xab638005d6c97762b73407b5977cfb9de9fbf4db6c442619f767a31d40d88d56
149,100,2.28,0x6f45cf56760ed1a988d7d845687adb01d6c42e86,2017-11-02T03:18:49.000Z,0.0228,0x3d53269e7e2464b859a099cb4e8c0ff53b1ddd26,buy,0xd26114cd6ee289accf82350c8d8487fedb8a0c07,0x00c8deee0d31c018a68bf8cbd84117fecb2ee4f1495015ae71d2fe421cd8645f
150,0.55,0.01243,0x372450f05197402bb65079b52ab5253238ca3a46,2017-11-02T03:17:25.000Z,0.0226,0x3c0e781116e7ebcfcee0955f314bdac09bf1813d,buy,0xd26114cd6ee289accf82350c8d8487fedb8a0c07,0x95d94a32c12d5508f55fef5bf3a78a7d80e33a9c28a722fc05d49b5fac7f2d71
151,20,0.45,0x72727667ea73e5b0a1612d7d685b205c78ae4748,2017-11-02T03:10:43.000Z,0.0225,0xd1ad676676b799b7c54741e06f17fdac87ed458b,sell,0xd26114cd6ee289accf82350c8d8487fedb8a0c07,0x6559e9344fb42a5025875e9cbe5e11eddcc3136d696989bae6366118a8d73071
152,15.807996709592336,0.3571026456696909,0x9095b24ee684b232207153137da257beac85aaf1,2017-11-02T03:05:25.000Z,0.02259,0x3d53269e7e2464b859a099cb4e8c0ff53b1ddd26,buy,0xd26114cd6ee289accf82350c8d8487fedb8a0c07,0xab95940c7ce1aa396a0edb1351103263b9f482f51c524f453826780b0bec1a8d
153,15.3,0.336593115,0xb2432651ad458923432a65a28c4958b64e70590e,2017-11-02T02:57:50.000Z,0.02199955,0xd1ad676676b799b7c54741e06f17fdac87ed458b,sell,0xd26114cd6ee289accf82350c8d8487fedb8a0c07,0x7ec8e196fce1a6df63767c82594a5378df3ffdb7019d54a63ede27af4ec28845
154,82,1.82204,0xd708a29b95854f73fc51a29b73da8ba826329604,2017-11-02T02:56:42.000Z,0.02222,0x3d53269e7e2464b859a099cb4e8c0ff53b1ddd26,sell,0xd26114cd6ee289accf82350c8d8487fedb8a0c07,0x8e85d02a921a252ea524f48cc0d12f3d0d1c44e554a04ffacb19955aecab2ca8
155,15,0.3432,0x071fd0e441ea09c1ae46bb30deb242078acb694c,2017-11-02T02:52:42.000Z,0.02288,0x18e96886612735f0d509d139f304f108f79bc18c,buy,0xd26114cd6ee289accf82350c8d8487fedb8a0c07,0xad237e674dc2ba7eeadd26dbb6b5760a5b5b917e84cd448960126b9746494b54
156,10,0.2239,0xa36334b0909ab194b9ddb9689bfde7f6b2332220,2017-11-02T02:51:45.000Z,0.02239,0x18e96886612735f0d509d139f304f108f79bc18c,buy,0xd26114cd6ee289accf82350c8d8487fedb8a0c07,0xfcf7761a85e8c488edf7d234923b52923bd965beea11258ecbb3f31ec28b6655
157,56.449660166599465,1.275762319765148,0x6267434c6e98f16b37230173bbe1e9d10678b46c,2017-11-02T02:51:45.000Z,0.0226,0x3c0e781116e7ebcfcee0955f314bdac09bf1813d,buy,0xd26114cd6ee289accf82350c8d8487fedb8a0c07,0xab1f1109b2ebd3ec8766c3d29fe5806fda1acd3b01dfccf4cb896c254a85e04c
158,67,1.53363,0x071fd0e441ea09c1ae46bb30deb242078acb694c,2017-11-02T02:50:59.000Z,0.02289,0xd848d35ea908828d1a064a7c0bb2aebb8486da57,buy,0xd26114cd6ee289accf82350c8d8487fedb8a0c07,0x837d027a108a31f7cd3f46574d237fff257923639ab8256191dae86e532e7076
159,44.115194324629115,0.9969592765422933,0x7baf21b7f52d0e4862f76beabe30c517e8f599a4,2017-11-02T02:48:49.000Z,0.022599,0x3d53269e7e2464b859a099cb4e8c0ff53b1ddd26,buy,0xd26114cd6ee289accf82350c8d8487fedb8a0c07,0xb465ea6b2ee4ff624b82965f954627e51d8b699123da80cb576d0a596b6b6ad4
160,195.9078174311018,4.4860931113548,0x2df7e2f0dc50ed60ed3dafe9051198174fda86bf,2017-11-02T02:47:03.000Z,0.022899,0xe833fd7618e29aac7a121ae06b4d7e7433d6efb1,buy,0xd26114cd6ee289accf82350c8d8487fedb8a0c07,0xfb294248fe14624855fec42a08a416f7602db99195bed72a1a1d2346034238ba
161,13.27,0.2902628047,0x70d692072e72e1b4b26b01be1541cb46af42d8cb,2017-11-02T02:33:45.000Z,0.02187361,0x65f403f5ce12908bfa7d8089f54f097e8b686fae,buy,0xd26114cd6ee289accf82350c8d8487fedb8a0c07,0x6bb6b70f3479d8f16f81e6fd7e6dfb9bd6c7df8e78fc5479e8f9656f8c6dffbd
162,10,0.2187361,0x30ad3b0451b2595263b68fd4e04e5c3d052d3698,2017-11-02T02:33:02.000Z,0.02187361,0x65f403f5ce12908bfa7d8089f54f097e8b686fae,buy,0xd26114cd6ee289accf82350c8d8487fedb8a0c07,0x12743f3826758b3643c55f658082e9ca9cf62b10960eb1aab328dec7b4cc0309
163,60.952667381732,1.3714350160889701,0x5f2ce35dca6626c5c934fed00b0c1986156ee9ff,2017-11-02T02:32:48.000Z,0.0225,0x8dcee46691008231078757ac146db15273e414ad,buy,0xd26114cd6ee289accf82350c8d8487fedb8a0c07,0x7f49bcc1ef689662a022a2173be4f34c4919b84fbb6ab45cc06fe647ea493036
164,109.05966627742119,2.46,0x5f2ce35dca6626c5c934fed00b0c1986156ee9ff,2017-11-02T02:31:58.000Z,0.02255646,0x07391e314c7ebc92dbf7af7c478855742dcc7afa,buy,0xd26114cd6ee289accf82350c8d8487fedb8a0c07,0x2309bb331e40409ed28572d7d7e222fdcb1e45e27afbfa3c54563fa352744834
165,177.072,3.8512982928,0x70d692072e72e1b4b26b01be1541cb46af42d8cb,2017-11-02T02:29:30.000Z,0.0217499,0xabca52b9137a1176212a9f3295a8c67711192b64,buy,0xd26114cd6ee289accf82350c8d8487fedb8a0c07,0xb50009181d74f688c1fd51a831cf954b12463db8b8e9ba2fb779c67e455167e6
166,50,1.087495,0x49fda303070ca1cc762161d2d057f112b83b35a4,2017-11-02T02:28:26.000Z,0.0217499,0xabca52b9137a1176212a9f3295a8c67711192b64,buy,0xd26114cd6ee289accf82350c8d8487fedb8a0c07,0xe960a15feb9d49d36d930a6f80f984c8b61d986c173f512ecd5862b20fccc394
167,34.0722969859673,0.7274437110118868,0xabca52b9137a1176212a9f3295a8c67711192b64,2017-11-02T02:28:06.000Z,0.021350005,0x598f7ac7cb9e16cc7ad4ac6222b5c53cfd2d5676,sell,0xd26114cd6ee289accf82350c8d8487fedb8a0c07,0xa9269ba6182e90b56ca6cc20051b8940ccd7d5468bbceb92c15429d0ce22a567
168,20,0.424,0x93c6dee4dcca28ef89890db01e33b5ce0eba5129,2017-11-02T02:25:36.000Z,0.0212,0xd1ad676676b799b7c54741e06f17fdac87ed458b,sell,0xd26114cd6ee289accf82350c8d8487fedb8a0c07,0xb135851a78d770e057ce3b42d1ed45ce1eb4d3645aa512188278eb3f5986e35b
169,97,2.073850397,0xabca52b9137a1176212a9f3295a8c67711192b64,2017-11-02T02:24:39.000Z,0.021379901,0x598f7ac7cb9e16cc7ad4ac6222b5c53cfd2d5676,sell,0xd26114cd6ee289accf82350c8d8487fedb8a0c07,0xcc77b2dde7a7636b27415c14fa7db818ff07306c5ae4be766b7ec0226851bb01
170,119,2.549656039,0x5674c5485088f619e7c1a2b81e2271dc568059d3,2017-11-02T02:23:58.000Z,0.021425681,0xe0ea29487ed661e3c6dc3c78fe7f464053c3f2e1,sell,0xd26114cd6ee289accf82350c8d8487fedb8a0c07,0x7ea267978c1e87d131324833b76d7aca3d14e3f1d0d08552ecda9ed1ed4761f7
171,96,2.056865376,0xabca52b9137a1176212a9f3295a8c67711192b64,2017-11-02T02:23:39.000Z,0.021425681,0xe0ea29487ed661e3c6dc3c78fe7f464053c3f2e1,sell,0xd26114cd6ee289accf82350c8d8487fedb8a0c07,0x29aa78de80a789ccc507686e478864134dc29abb6423f87f4984cd5076daf7b7
172,23.27,0.4999217431,0x65f403f5ce12908bfa7d8089f54f097e8b686fae,2017-11-02T02:23:24.000Z,0.02148353,0x598f7ac7cb9e16cc7ad4ac6222b5c53cfd2d5676,sell,0xd26114cd6ee289accf82350c8d8487fedb8a0c07,0x7f426a0f9af7c5f3c5de7bb6f57c00ffec775f2766c7f9de83e98f0f195b35a2
173,7.423,0.1614495077,0xdd3896cc7fc8091208ea750131c03cea19c3f0f7,2017-11-02T02:18:57.000Z,0.0217499,0xabca52b9137a1176212a9f3295a8c67711192b64,buy,0xd26114cd6ee289accf82350c8d8487fedb8a0c07,0xdc64fa9520a11de291612c6a1e8ee64bdc2d1bd2b1a34be61947c820db32644c
174,200,4.398,0x5674c5485088f619e7c1a2b81e2271dc568059d3,2017-11-02T02:18:27.000Z,0.02199,0xd1ad676676b799b7c54741e06f17fdac87ed458b,buy,0xd26114cd6ee289accf82350c8d8487fedb8a0c07,0xc977efe9bc9b5a565cee185fc99ada5d3f9db98dd71f11fc3aa48f2fcca5ef74
175,13.953332618267998,0.31394998391102996,0x47970c3c863e03a49a4a3f28fa6e95e679099051,2017-11-02T02:17:38.000Z,0.0225,0x8dcee46691008231078757ac146db15273e414ad,buy,0xd26114cd6ee289accf82350c8d8487fedb8a0c07,0xa7ebcc3e328a63185360fbef035eb03783ef7ed7d8cb7b20d04efb8e16f7bfa7
176,5,0.1087495,0xaffa298cfff078521fdc687f7a5523179df72bf1,2017-11-02T02:17:38.000Z,0.0217499,0xabca52b9137a1176212a9f3295a8c67711192b64,buy,0xd26114cd6ee289accf82350c8d8487fedb8a0c07,0x0bfd1c53d59d020194612ed23f21de5b67d6e77f43b72dd246a8309f548b02c2
177,299.92366466590386,6.598320622649885,0x70d692072e72e1b4b26b01be1541cb46af42d8cb,2017-11-02T02:15:26.000Z,0.022,0x5cafe4321d49717abcdf911235faf6e614b8791f,buy,0xd26114cd6ee289accf82350c8d8487fedb8a0c07,0xc7a4966957b6c133f43f8966de8b329799df47ef5a6263dd458cd0e135e19ffb
178,53.558782110046,1.178287850542801,0x70d692072e72e1b4b26b01be1541cb46af42d8cb,2017-11-02T02:15:26.000Z,0.0219999,0xcfe4daf25010464546b84097756e2b4e08e6027c,buy,0xd26114cd6ee289accf82350c8d8487fedb8a0c07,0xcf50ebdd63d276b13667512d87d0448bca0d7d1b1a0a8116b29b7f6bbc28e0ca
179,14.439731,0.3118981896,0x8676e20d27ca303d7f832ba24be717457ff43021,2017-11-02T02:15:26.000Z,0.0216,0x471f6cbf775e02b7cc8b799e0cc3403608099157,buy,0xd26114cd6ee289accf82350c8d8487fedb8a0c07,0xdc306a01307d4cc552b5d2bf4f9d2a2985bba68f4ccbddb6f58efa34156ad250
180,33.09284680616018,0.7197661087493032,0x70d692072e72e1b4b26b01be1541cb46af42d8cb,2017-11-02T02:14:56.000Z,0.0217499,0xabca52b9137a1176212a9f3295a8c67711192b64,buy,0xd26114cd6ee289accf82350c8d8487fedb8a0c07,0x690d8c62d1d17b5e94b807674c68a50098a65fd1e2c8db820372d28cf4d69d1b
181,12.423,0.270113326269,0xabca52b9137a1176212a9f3295a8c67711192b64,2017-11-02T02:14:28.000Z,0.021743003,0x471f6cbf775e02b7cc8b799e0cc3403608099157,sell,0xd26114cd6ee289accf82350c8d8487fedb8a0c07,0x05656521c0eb77e21faaa0b906bccb140295b4dd7d05cf8f19c07c33d076c290
182,9.97,0.21677773991,0xabca52b9137a1176212a9f3295a8c67711192b64,2017-11-02T02:13:01.000Z,0.021743003,0xf44072eda87ede9613b6ae1b812de8a60ade27a2,sell,0xd26114cd6ee289accf82350c8d8487fedb8a0c07,0x51bfc644ef48101592e9115090295a18a407a9e138856b3e0cf8d3ec3bb5de6b
183,10,0.2149,0xf44072eda87ede9613b6ae1b812de8a60ade27a2,2017-11-02T02:13:01.000Z,0.02149,0x18e96886612735f0d509d139f304f108f79bc18c,buy,0xd26114cd6ee289accf82350c8d8487fedb8a0c07,0x51bfc644ef48101592e9115090295a18a407a9e138856b3e0cf8d3ec3bb5de6b
184,23.000999999999998,0.49170249743999994,0xf44072eda87ede9613b6ae1b812de8a60ade27a2,2017-11-02T02:12:54.000Z,0.02137744,0x65f403f5ce12908bfa7d8089f54f097e8b686fae,buy,0xd26114cd6ee289accf82350c8d8487fedb8a0c07,0xacd2debd02738912bd95c670c9ab4f5b6a7f04aa57d4ce5c9649da7125e42cbf
185,22.931996999999996,0.4986104795669909,0xabca52b9137a1176212a9f3295a8c67711192b64,2017-11-02T02:12:54.000Z,0.021743003,0xf44072eda87ede9613b6ae1b812de8a60ade27a2,sell,0xd26114cd6ee289accf82350c8d8487fedb8a0c07,0xacd2debd02738912bd95c670c9ab4f5b6a7f04aa57d4ce5c9649da7125e42cbf
186,274,5.89099726,0xe0ea29487ed661e3c6dc3c78fe7f464053c3f2e1,2017-11-02T02:12:16.000Z,0.02149999,0xabca52b9137a1176212a9f3295a8c67711192b64,buy,0xd26114cd6ee289accf82350c8d8487fedb8a0c07,0xb0c4db807091a5ba07bb966773e5239a489c19299af1215650e4118f208181ed
187,10.883,0.2338539061766,0x0c5719fba3a34b524ae668cb51c5e2ce0e1ead14,2017-11-02T02:05:45.000Z,0.0214880002,0x18e96886612735f0d509d139f304f108f79bc18c,sell,0xd26114cd6ee289accf82350c8d8487fedb8a0c07,0xbae448663c9393bbb17212ee9d77d1fb431e26e9098de5606cfa02322152df22
188,11,0.22748,0x8141c48249b9879dd565bda9a3e7e02b69ceb34d,2017-11-02T02:01:31.000Z,0.02068,0x5f2ce35dca6626c5c934fed00b0c1986156ee9ff,buy,0xd26114cd6ee289accf82350c8d8487fedb8a0c07,0x21eb9740292ef46381631d2c12afc6a6cd2291c7d392bc06795851b91076af50
189,5,0.1034,0x6a18f466f99a17c0036a3de189dfbe6e7e611fb2,2017-11-02T01:58:23.000Z,0.02068,0x5f2ce35dca6626c5c934fed00b0c1986156ee9ff,buy,0xd26114cd6ee289accf82350c8d8487fedb8a0c07,0x9d3d5bb2e5f87c48b4005bff63209bd7800572ef44d762aa565f6b4e7b2d77d0
190,9.969095803010667,0.2061609012062606,0xd752e02b912ceea4747c52cac92b009dc0e47f0a,2017-11-02T01:53:56.000Z,0.02068,0x37406b6de946de93ebf974faa3762164258fce1e,sell,0xd26114cd6ee289accf82350c8d8487fedb8a0c07,0x4d5d848e248c39f088e349a4bccbbd886131a6c40e42df6def1b572c8a8eac70
191,84,1.73712,0x985974b63d263333aff783b3a03e3f5360022f85,2017-11-02T01:53:56.000Z,0.02068,0x5f2ce35dca6626c5c934fed00b0c1986156ee9ff,buy,0xd26114cd6ee289accf82350c8d8487fedb8a0c07,0xd8dc9ca293bda1c94d317c809fc77a5d61dd05963e85274c27e60cfdb9a5d573
192,1.5889971870771717,0.03278387216433879,0xf2dbb776790dbd4744dd3c22d0e0801dfbd6b9f1,2017-11-02T01:52:59.000Z,0.0206318,0x65f403f5ce12908bfa7d8089f54f097e8b686fae,buy,0xd26114cd6ee289accf82350c8d8487fedb8a0c07,0x0f1037e760d50ade095dc0d1b50b9e334ca62f9805e89e5ddb8984d3d57c4270
193,174,3.59832,0xd752e02b912ceea4747c52cac92b009dc0e47f0a,2017-11-02T01:52:02.000Z,0.02068,0x69feaaa6f28bc5e8c6c533927c0a54ab6b1d7274,sell,0xd26114cd6ee289accf82350c8d8487fedb8a0c07,0x87ba2d46448ea5023e6983955f911968b44175339ae1b80b58954961c99f64a6
194,778.2137530961163,16.093460414027685,0xd752e02b912ceea4747c52cac92b009dc0e47f0a,2017-11-02T01:51:43.000Z,0.02068,0xe0ea29487ed661e3c6dc3c78fe7f464053c3f2e1,sell,0xd26114cd6ee289accf82350c8d8487fedb8a0c07,0xc4205dd8a13247ed52a4f4fc3948928754b987ed476e9b9fb19a15eeb2ab79af
195,600,12.180012,0x5674c5485088f619e7c1a2b81e2271dc568059d3,2017-11-02T01:44:39.000Z,0.02030002,0xe0ea29487ed661e3c6dc3c78fe7f464053c3f2e1,sell,0xd26114cd6ee289accf82350c8d8487fedb8a0c07,0x640b0cf00246b11e8309c7bbb7ee9730c56ac7d36b7ba2433b862f8da0028fc3
196,114,2.31420228,0x5674c5485088f619e7c1a2b81e2271dc568059d3,2017-11-02T01:44:39.000Z,0.02030002,0x9b1b91af2090bcac1c3acbf5f73f203c8f81b3ca,sell,0xd26114cd6ee289accf82350c8d8487fedb8a0c07,0xdc5bf950e9671d4e98c9c221b8d165bca4cf8af2daa0a7c24a322bebe021379c
197,403.48541212487294,8.086251144394579,0x71c23b0728641bd8ab7f9f8cc108671cf8e68e1f,2017-11-02T01:44:27.000Z,0.020041,0x3ae818a002eb135fd83bea974e9a8e9b43b05b04,sell,0xd26114cd6ee289accf82350c8d8487fedb8a0c07,0x7965dd48fe3087e6a344fe12625b71ac41a9e21a5ffebde5d6efc69c419a3051
198,24.59,0.5000755186,0x65f403f5ce12908bfa7d8089f54f097e8b686fae,2017-11-02T01:43:58.000Z,0.02033654,0x9b1b91af2090bcac1c3acbf5f73f203c8f81b3ca,sell,0xd26114cd6ee289accf82350c8d8487fedb8a0c07,0x7e123acec86a0b2e246095885321f57dd907c5348f5ff46c65f31a1fb2439c42
199,210,4.2630042,0x5674c5485088f619e7c1a2b81e2271dc568059d3,2017-11-02T01:42:03.000Z,0.02030002,0x3d53269e7e2464b859a099cb4e8c0ff53b1ddd26,sell,0xd26114cd6ee289accf82350c8d8487fedb8a0c07,0x0b131e78b496013fb626aaa84e55089b676553c05ab73022010a2c884a9ea2d7
200,76.881,1.5606843,0x86aac521e4a4ff7e0ed82136191e614baac26001,2017-11-02T01:40:45.000Z,0.0203,0x3d53269e7e2464b859a099cb4e8c0ff53b1ddd26,sell,0xd26114cd6ee289accf82350c8d8487fedb8a0c07,0xbb1e81746255599de92c234633652e86c079b93207f91948f3a350f2ad3f271b
201,40,0.804,0x23c07f4f81bb69d30073db1d6e0949e4e9c3bb0f,2017-11-02T01:40:08.000Z,0.0201,0x3d53269e7e2464b859a099cb4e8c0ff53b1ddd26,sell,0xd26114cd6ee289accf82350c8d8487fedb8a0c07,0x471bc964bd36c8e6bdd887828b77c81d83adf22083aff2323f52cedbd50e8238
202,110.702,2.2472506,0x1f22b9a1346ff129c014e4601e06155f5a47ec88,2017-11-02T01:39:30.000Z,0.0203,0x5f2ce35dca6626c5c934fed00b0c1986156ee9ff,sell,0xd26114cd6ee289accf82350c8d8487fedb8a0c07,0xa665651a9a46f176218dd9c8312bd0db4dbc243c33d69ad79036e6098c6dab1f
203,0.04808545416457376,0.000993878252127575,0x7bb81beb1720e7468262ebed7d53b03cbcb85466,2017-11-02T01:39:30.000Z,0.020669,0xe0ea29487ed661e3c6dc3c78fe7f464053c3f2e1,buy,0xd26114cd6ee289accf82350c8d8487fedb8a0c07,0x862026d82ea265423020224289040aa4ac4dc5ecf6255b9f5df1f9a93a8271e4
204,8,0.165352,0x1f09bb1bcf9a48c7df27925b10f96705c6f0e7ed,2017-11-02T01:39:15.000Z,0.020669,0xe0ea29487ed661e3c6dc3c78fe7f464053c3f2e1,buy,0xd26114cd6ee289accf82350c8d8487fedb8a0c07,0x6d8013fb5254fbd38384927b81218db43ae9d3312598384ac5363c4cc6cd4283
205,119.99994088672862,2.436,0x5f2ce35dca6626c5c934fed00b0c1986156ee9ff,2017-11-02T01:37:29.000Z,0.02030001,0x9b1b91af2090bcac1c3acbf5f73f203c8f81b3ca,sell,0xd26114cd6ee289accf82350c8d8487fedb8a0c07,0x091440dbd6b42923f74b79350d646abb12637b276d2833f6fb0607e3a5ef79c5
206,479.5378906730013,9.969592747091696,0x7bb81beb1720e7468262ebed7d53b03cbcb85466,2017-11-02T01:37:06.000Z,0.02079,0xe0ea29487ed661e3c6dc3c78fe7f464053c3f2e1,buy,0xd26114cd6ee289accf82350c8d8487fedb8a0c07,0xd7d1c8fa0f2b53d25e7fa8184553d13302b748e8b2877387f2e65f60823a261d
207,120,2.436,0x1f22b9a1346ff129c014e4601e06155f5a47ec88,2017-11-02T01:36:54.000Z,0.0203,0x5f2ce35dca6626c5c934fed00b0c1986156ee9ff,sell,0xd26114cd6ee289accf82350c8d8487fedb8a0c07,0xfb9b4e1218a8c992f148c24f89bb4b6d2f2b5dedf6624f337922d5795f03c9df
208,19.298,0.3917494,0x1f22b9a1346ff129c014e4601e06155f5a47ec88,2017-11-02T01:35:53.000Z,0.0203,0xe0ea29487ed661e3c6dc3c78fe7f464053c3f2e1,sell,0xd26114cd6ee289accf82350c8d8487fedb8a0c07,0xb83db454b32f5347b2b4021a17605715d05151380c9053f1fc92c57ab9f0092c
209,28.21,0.583944179,0x9611396465bf810ec022c1c3374d8ef714729b02,2017-11-02T01:35:08.000Z,0.0206999,0x81d69967d330d3c876a2376e13c1750722eff765,buy,0xd26114cd6ee289accf82350c8d8487fedb8a0c07,0x9c849d37cb4f2b9307697e52ec13f4dcd25bb88ed1da87730f3bad3339c42d07
210,40,0.82,0xd7a2a9f5bc6acd0962636a253ea87760c1037c41,2017-11-02T01:34:23.000Z,0.0205,0x9b1b91af2090bcac1c3acbf5f73f203c8f81b3ca,sell,0xd26114cd6ee289accf82350c8d8487fedb8a0c07,0x973160466b5d448783924a5a7359ef00456eb5489fc44a375d221b9bf72bf2c4
211,158.56590700739008,3.2188894979090885,0x5f2ce35dca6626c5c934fed00b0c1986156ee9ff,2017-11-02T01:33:21.000Z,0.02030001,0xe0ea29487ed661e3c6dc3c78fe7f464053c3f2e1,sell,0xd26114cd6ee289accf82350c8d8487fedb8a0c07,0xae75d6abc9a5de7d1eac9e8148bcabb471daf461cfdfda96fc61b5c4e236d3aa
212,420,8.5260042,0x5f2ce35dca6626c5c934fed00b0c1986156ee9ff,2017-11-02T01:32:32.000Z,0.02030001,0xe0ea29487ed661e3c6dc3c78fe7f464053c3f2e1,sell,0xd26114cd6ee289accf82350c8d8487fedb8a0c07,0x8f2a6f4732b17196a03ff8b8bbe8071bd60bcd182b671fb4b56336f50384e4ce
213,100,2.04,0xb9873e4ea9fd9fc5bb97dcde001b4e6045e0eb33,2017-11-02T01:32:20.000Z,0.0204,0xe0ea29487ed661e3c6dc3c78fe7f464053c3f2e1,sell,0xd26114cd6ee289accf82350c8d8487fedb8a0c07,0x06e4327bd77f68b08f2afce4c4c4117e5d33d388fadb4d205d2a1adbff17a73d
214,32.622,0.6720132,0xa03984ae8ef729d5d648fc3c81be391bd81ec631,2017-11-02T01:32:03.000Z,0.0206,0xeca1be26993c2ba6ba42440d9de78959c3a025bb,buy,0xd26114cd6ee289accf82350c8d8487fedb8a0c07,0xf8b4a38b5527f0727558e39a5b730a23f7462dfe4486ec9d34fa21ecd8d4cdad
215,30,0.620997,0xdf3ded8c434839de00bb76947cf14d345f4890a0,2017-11-02T01:31:27.000Z,0.0206999,0x81d69967d330d3c876a2376e13c1750722eff765,buy,0xd26114cd6ee289accf82350c8d8487fedb8a0c07,0x3ba98939294cc78618e71db30379672624be74c4aebbe6fea52327c6d4802f2a
216,20,0.414,0xcc1cca78f5a0130d8d546fc9ad0300cfab9ad0ff,2017-11-02T01:23:59.000Z,0.0207,0x69feaaa6f28bc5e8c6c533927c0a54ab6b1d7274,buy,0xd26114cd6ee289accf82350c8d8487fedb8a0c07,0xc3eb967b835ca58961a3c783a70d0ebbbed900109008d88682ae81acb901d7c2
217,0.6987978591720758,0.014311380155844112,0xbe1a3ceb7518c2fc70f1bcb3d64293d50c84a003,2017-11-02T01:18:01.000Z,0.020479999999999998,0x5f2ce35dca6626c5c934fed00b0c1986156ee9ff,sell,0xd26114cd6ee289accf82350c8d8487fedb8a0c07,0x040e15b5742f6d36be418255437590550fe7ecf13b9e28f1c24e1d2a57f94a62
218,0.00001,0.000000207999,0x273a5d3e6721b9f5c1a6474f560c1334c63dda01,2017-11-02T01:16:25.000Z,0.0207999,0x81d69967d330d3c876a2376e13c1750722eff765,buy,0xd26114cd6ee289accf82350c8d8487fedb8a0c07,0xaaae9b34a7bcac51fdd95d2d2fb8ababd2d43318d987220bc96e187263fd9cde
219,0.00000997,0.000997,0xf18521dc5c211dc0ed6c85b034d4f46d456950bb,2017-11-02T01:16:25.000Z,100,0x273a5d3e6721b9f5c1a6474f560c1334c63dda01,sell,0xd26114cd6ee289accf82350c8d8487fedb8a0c07,0xaaae9b34a7bcac51fdd95d2d2fb8ababd2d43318d987220bc96e187263fd9cde
220,30,0.624,0x58057c958997be3cae93a3f174ec751e37a6357b,2017-11-02T01:12:18.000Z,0.0208,0x69feaaa6f28bc5e8c6c533927c0a54ab6b1d7274,buy,0xd26114cd6ee289accf82350c8d8487fedb8a0c07,0xb34e843dc4cb146ad72c7b04bac41b7f6a99dc6cc8b1b90cd6ee89251ef33394
221,23.72,0.49214256,0x4f443799b90d2de4e5594f913a6f2801031d847a,2017-11-02T01:09:12.000Z,0.020748,0x65f403f5ce12908bfa7d8089f54f097e8b686fae,buy,0xd26114cd6ee289accf82350c8d8487fedb8a0c07,0x9f25fde4f6b07e1d97dfccc5f7bd84bb369ac6dfbbdc41f0501c7a4eb7fd7710
222,43.2677849626152,0.8999699272223962,0x9611396465bf810ec022c1c3374d8ef714729b02,2017-11-02T01:05:39.000Z,0.0208,0x69feaaa6f28bc5e8c6c533927c0a54ab6b1d7274,buy,0xd26114cd6ee289accf82350c8d8487fedb8a0c07,0x8d35919a448bc947b3e6955cb9b4766736c7ff82a67329fd873f0a0c51f94895
223,0.8422565822660727,0.017350485594681095,0x86aac521e4a4ff7e0ed82136191e614baac26001,2017-11-02T01:03:32.000Z,0.0206,0xa54ffa43d11698bc300d924781518b71dd10f0a8,sell,0xd26114cd6ee289accf82350c8d8487fedb8a0c07,0xe826fb0413ffe2de9a18c1106703a2998ba38d7da028242dce3f6b6a194b6640
224,20,0.416,0xb9ab2c6f961058ede691c08b73559457245baf23,2017-11-02T01:02:56.000Z,0.0208,0x69feaaa6f28bc5e8c6c533927c0a54ab6b1d7274,sell,0xd26114cd6ee289accf82350c8d8487fedb8a0c07,0x06e6b62faeb6217bfa69715017b547b13fcbe8cc7964d6e0c3dd52e00ca5a04c
225,27.277106545958052,0.5619083948467359,0x86aac521e4a4ff7e0ed82136191e614baac26001,2017-11-02T01:01:54.000Z,0.0206,0xa18f410cdeea7148dd2f51c217173637f5691243,sell,0xd26114cd6ee289accf82350c8d8487fedb8a0c07,0xce209166b8ed47bee6c461c1f2a6d074229a7d8e037cfedda221b8d5894bd356
226,19.301202140827925,0.39528861984415586,0xbe1a3ceb7518c2fc70f1bcb3d64293d50c84a003,2017-11-02T01:01:54.000Z,0.02048,0x3d53269e7e2464b859a099cb4e8c0ff53b1ddd26,sell,0xd26114cd6ee289accf82350c8d8487fedb8a0c07,0x3fff373533ec444c6a6c66b527a4fd9ccad05081c824994d7dce01347399c93c
227,12,0.2496,0x937ef977341e686a42200d61e72b33405bf0c9c3,2017-11-02T01:00:22.000Z,0.0208,0x69feaaa6f28bc5e8c6c533927c0a54ab6b1d7274,sell,0xd26114cd6ee289accf82350c8d8487fedb8a0c07,0x539c7ac91a88fbf5d9e6b3ff4f6e5b9f734675689e9c8061087adcaef323a35d
228,400,8.28,0x99c203d0d7f4d78849272b4ffe69764a91a09e76,2017-11-02T00:59:07.000Z,0.0207,0x3d53269e7e2464b859a099cb4e8c0ff53b1ddd26,sell,0xd26114cd6ee289accf82350c8d8487fedb8a0c07,0x506b82be6dd1eb38ae1e61e477200a2c68eaf3eab25307bcaa3a07d947373830
229,45.927,0.9598743,0x4f443799b90d2de4e5594f913a6f2801031d847a,2017-11-02T00:58:57.000Z,0.0209,0xd1ad676676b799b7c54741e06f17fdac87ed458b,sell,0xd26114cd6ee289accf82350c8d8487fedb8a0c07,0xaa71f5d465317c3facc830c65153191ff6d1ac5963ed6a4f08a39c7e4afe163b
230,0.4936107347727715,0.01053858918739867,0x4f443799b90d2de4e5594f913a6f2801031d847a,2017-11-02T00:58:07.000Z,0.021349999999999997,0xa18f410cdeea7148dd2f51c217173637f5691243,sell,0xd26114cd6ee289accf82350c8d8487fedb8a0c07,0x3f8e2037c31df673e6a89cd0f8726b283c231ab7555d5a18507dc0ee3f59cb16
231,0.8,0.016976,0x122dab2fddbe41e1448fd02e975a805034f97fc2,2017-11-02T00:58:07.000Z,0.02122,0xa18f410cdeea7148dd2f51c217173637f5691243,sell,0xd26114cd6ee289accf82350c8d8487fedb8a0c07,0x73c7b6957f2e091fef6383f02405faf1539ba967cf2ac11e237476f13acfe8c9
232,0.3,0.00642,0x3c0e781116e7ebcfcee0955f314bdac09bf1813d,2017-11-02T00:57:20.000Z,0.0214,0xa18f410cdeea7148dd2f51c217173637f5691243,sell,0xd26114cd6ee289accf82350c8d8487fedb8a0c07,0x855b0ff6eaca992b90b0397c1b814bc689eff5c2f3d73f8083511923d0b427f1
233,239,4.9880256,0x818d160511a47a51f09fb2bbbaa85b3f00ad44b5,2017-11-02T00:57:20.000Z,0.0208704,0xd1ad676676b799b7c54741e06f17fdac87ed458b,sell,0xd26114cd6ee289accf82350c8d8487fedb8a0c07,0x86b06a34a71b2cb1d711f9b3989dfd0c75523a022cf92ca23f774f4e0b66cb6b
234,5,0.1045,0xad8e360975430ebab7f4cba2163e3aecce5afdcb,2017-11-02T00:56:30.000Z,0.0209,0xd1ad676676b799b7c54741e06f17fdac87ed458b,sell,0xd26114cd6ee289accf82350c8d8487fedb8a0c07,0x1a74f4c94b4a3eb7cfe0495a9245398386f2c9b7cf955fe8b42994ece70cca5b
235,5,0.10605,0x383932e5467528999954bf192452e390e1c84795,2017-11-02T00:55:57.000Z,0.02121,0xd1ad676676b799b7c54741e06f17fdac87ed458b,sell,0xd26114cd6ee289accf82350c8d8487fedb8a0c07,0xf76d8fc4bc1c7e7a40aa94a743c885fafbc21e7c9b74ed0c4d1fcebe342c5551
236,50.995,1.070895,0x1c193da9cfbe7e289bce3eb86a0f61917bc3b02f,2017-11-02T00:55:44.000Z,0.021,0xa18f410cdeea7148dd2f51c217173637f5691243,sell,0xd26114cd6ee289accf82350c8d8487fedb8a0c07,0xb792819a0b17d536623d5df58d720548894a8b16cba815ceea75efee53656add
237,0.004593051883082345,0.000096454089544729,0x1c193da9cfbe7e289bce3eb86a0f61917bc3b02f,2017-11-02T00:51:09.000Z,0.020999999999999946,0xd0688e7a444d19ef2a94f14dfaf104a86b8acf5c,sell,0xd26114cd6ee289accf82350c8d8487fedb8a0c07,0x46dc107ccc5be324e164fc0e4d8192e9c0bcaec993e468772afb7cd9c2e850bf
238,46.072903439198996,0.962923681879259,0x4f443799b90d2de4e5594f913a6f2801031d847a,2017-11-02T00:50:34.000Z,0.0209,0xd0688e7a444d19ef2a94f14dfaf104a86b8acf5c,sell,0xd26114cd6ee289accf82350c8d8487fedb8a0c07,0x4eb69d504994657959a1d23a0e9a4ffa35a92a8cb27f3398ded281bdb4a53e5a
239,6,0.12846,0xc7a12bd12af648dd890ab83a53798f32d586a106,2017-11-02T00:50:05.000Z,0.02141,0xd1ad676676b799b7c54741e06f17fdac87ed458b,sell,0xd26114cd6ee289accf82350c8d8487fedb8a0c07,0x8be6d3687491f4bfffebf826810b5ee83b7078b9eb35e454d24434d75eab23c2
240,23.72,0.5001015688,0x65f403f5ce12908bfa7d8089f54f097e8b686fae,2017-11-02T00:50:05.000Z,0.02108354,0xd0688e7a444d19ef2a94f14dfaf104a86b8acf5c,sell,0xd26114cd6ee289accf82350c8d8487fedb8a0c07,0x5d602befb29b5859168d12692e4e56392003cbb1e19d5632362b39ec4b53a508
241,20.351793247073115,0.43552837548736467,0x4e331c258d5010ee01a235aecfa74270700ca34d,2017-11-02T00:48:11.000Z,0.0214,0x5f2ce35dca6626c5c934fed00b0c1986156ee9ff,buy,0xd26114cd6ee289accf82350c8d8487fedb8a0c07,0xfc8d5bc88cabd464a73951fc2f026911dd4aa1a41fa6e492cefb3a99458713eb
242,176.402,3.72384622,0x9611396465bf810ec022c1c3374d8ef714729b02,2017-11-02T00:47:46.000Z,0.02111,0xd1ad676676b799b7c54741e06f17fdac87ed458b,sell,0xd26114cd6ee289accf82350c8d8487fedb8a0c07,0xb4d573cf39abe806642b210451b2eccdab3cee6c785a0995bf1d967e3f9632dc
243,10,0.21301,0x18e96886612735f0d509d139f304f108f79bc18c,2017-11-02T00:47:13.000Z,0.021301,0xd1ad676676b799b7c54741e06f17fdac87ed458b,sell,0xd26114cd6ee289accf82350c8d8487fedb8a0c07,0x96339f09e5d7aa7fb39b5341895c414080c96cc7b5105d2d3606fa24495198aa
244,5,0.10655,0x383932e5467528999954bf192452e390e1c84795,2017-11-02T00:46:43.000Z,0.02131,0xd1ad676676b799b7c54741e06f17fdac87ed458b,sell,0xd26114cd6ee289accf82350c8d8487fedb8a0c07,0x0c2696f11f12e4eeac110fb9605c3abcb2a681ebc12e7fad1e6f630c07904c20
245,5,0.106550025,0x1ac4a9ac7517b725b9fe1fa8323e0c15eda42fa1,2017-11-02T00:44:32.000Z,0.021310005,0x3d53269e7e2464b859a099cb4e8c0ff53b1ddd26,sell,0xd26114cd6ee289accf82350c8d8487fedb8a0c07,0x9700d6ceb2485faa8287d168d18097906b7ad21e739daa7fc1100ea9db633103
246,12,0.252000144,0xeef325a5d8993967d88890dc0a4dbbd5deceb3db,2017-11-02T00:44:32.000Z,0.021000012,0x3d53269e7e2464b859a099cb4e8c0ff53b1ddd26,sell,0xd26114cd6ee289accf82350c8d8487fedb8a0c07,0xb02b60fb4c8b4fe41bb022ba744e0dedba52092d9f51f131441d807ed32397d4
247,73.59784667530656,1.5536505433157213,0x9611396465bf810ec022c1c3374d8ef714729b02,2017-11-02T00:44:32.000Z,0.02111,0xf751033d4e6864a88be93e36258246f26aef577c,sell,0xd26114cd6ee289accf82350c8d8487fedb8a0c07,0x555b2d336c994faf3f1df2091f072e8f9668788afb8aef9bbf0dd1adb25401db
248,11.723,0.2485276,0x9f18b49bb00c24769aaec553641bcad225298662,2017-11-02T00:44:02.000Z,0.0212,0x3d53269e7e2464b859a099cb4e8c0ff53b1ddd26,sell,0xd26114cd6ee289accf82350c8d8487fedb8a0c07,0x56f8d3add5617f6f770624d75103fddcc9bc7632968545816bc0ad48708879b9
249,10,0.21,0xbc5dd58e0fb3c1c4e441699fdb326e68d288729f,2017-11-02T00:43:21.000Z,0.021,0x3d53269e7e2464b859a099cb4e8c0ff53b1ddd26,sell,0xd26114cd6ee289accf82350c8d8487fedb8a0c07,0x5a1600479cf5ce1fe44c87345c9dfed7af05fe0cd4564c59a05ed431a2c0d9a2
250,10,0.2100001,0x25aaf162684c3d8802888ffcf249d443a4bc5ce4,2017-11-02T00:43:21.000Z,0.02100001,0x3d53269e7e2464b859a099cb4e8c0ff53b1ddd26,sell,0xd26114cd6ee289accf82350c8d8487fedb8a0c07,0x43aac18cfdb4c6c86b1d593e54b9691dfae3f5af4c7f57d2f6509ce17a77b1cc
251,9.9,0.21387168,0xbea1b77d05af2f4b5a6c30be3aa9c050538ebec9,2017-11-02T00:43:21.000Z,0.0216032,0xbd89eff33fc19ac54205701506c875248cf7c52d,buy,0xd26114cd6ee289accf82350c8d8487fedb8a0c07,0xf3ecd79de53b860ecc0233aeecc1c870778be7b788120d792c99bab6ecf2d1bf
252,408,8.5272,0x4f443799b90d2de4e5594f913a6f2801031d847a,2017-11-02T00:43:04.000Z,0.0209,0x3d53269e7e2464b859a099cb4e8c0ff53b1ddd26,sell,0xd26114cd6ee289accf82350c8d8487fedb8a0c07,0x269d486e6bae0129e55a0e2f94b51e7f61a9ac31f7c2fe7d57d650c5b901edd5
253,15,0.3151515,0x18e96886612735f0d509d139f304f108f79bc18c,2017-11-02T00:41:16.000Z,0.0210101,0x3d53269e7e2464b859a099cb4e8c0ff53b1ddd26,sell,0xd26114cd6ee289accf82350c8d8487fedb8a0c07,0xa372e357fa9d02e7089063b18bb848b5e660f44ff401c9b4cdf80806d708d5af
254,47.5,1.00225,0x0dd490d3ef56152abaa8712b75a2d6a2d88adac0,2017-11-02T00:41:16.000Z,0.0211,0x3d53269e7e2464b859a099cb4e8c0ff53b1ddd26,sell,0xd26114cd6ee289accf82350c8d8487fedb8a0c07,0x231317d95cb36454342dd05bbf2c270f9b5d74ea2cefb2c5943f3c212322af22
255,250,5.2525,0x1f22b9a1346ff129c014e4601e06155f5a47ec88,2017-11-02T00:41:16.000Z,0.02101,0x3d53269e7e2464b859a099cb4e8c0ff53b1ddd26,sell,0xd26114cd6ee289accf82350c8d8487fedb8a0c07,0xebabad7de724fda10f0e73a8d13952d867fbed1e9793863177478ea0bdd135ae
256,58.669,1.2379159,0x35669c224a468c878703468d33ee7447cd751801,2017-11-02T00:40:40.000Z,0.0211,0x3d53269e7e2464b859a099cb4e8c0ff53b1ddd26,sell,0xd26114cd6ee289accf82350c8d8487fedb8a0c07,0xf653c2f9bdc4363da231bf237fae287662b43e55e6021b355317a6b9839f43c1
257,178.31508896216545,3.7820630368875294,0x99c203d0d7f4d78849272b4ffe69764a91a09e76,2017-11-02T00:39:16.000Z,0.02121,0xd1ad676676b799b7c54741e06f17fdac87ed458b,sell,0xd26114cd6ee289accf82350c8d8487fedb8a0c07,0xa6fc9643ad8dd42e4874605cc4b1b7fff47cd49f20a3ee514651f56edc90a435
258,25.334822051639915,0.5373515757152826,0x99c203d0d7f4d78849272b4ffe69764a91a09e76,2017-11-02T00:38:52.000Z,0.02121,0x81d69967d330d3c876a2376e13c1750722eff765,sell,0xd26114cd6ee289accf82350c8d8487fedb8a0c07,0x87cfa59315f54dba38653ab18b6c8876ca7eb24d5581c25d4e08b9fad7a8edba
259,114.43,2.4499463,0xfd9d919c7057d66ec6a3329c8d061e6340baa3d5,2017-11-02T00:37:50.000Z,0.02141,0xd1ad676676b799b7c54741e06f17fdac87ed458b,sell,0xd26114cd6ee289accf82350c8d8487fedb8a0c07,0x5039ac330c6efe7be34362d8458952423fe6fe88cc6073e8df7b7c44e33eeb08
260,29.380999999999997,0.6338677506699999,0x6a11e30823902d47673175c387ad8d7d90cbf0ee,2017-11-02T00:36:58.000Z,0.02157407,0x65f403f5ce12908bfa7d8089f54f097e8b686fae,buy,0xd26114cd6ee289accf82350c8d8487fedb8a0c07,0xb2c83ee030009088ec8aa998a092ee1c49c8bba7906fc27bdbd9edb15445f595
261,18.88,0.402144,0x675a24d09ca5bd6e4b167d7001fffc84f589bf14,2017-11-02T00:35:35.000Z,0.0213,0x81d69967d330d3c876a2376e13c1750722eff765,sell,0xd26114cd6ee289accf82350c8d8487fedb8a0c07,0xeb6c551c1ee5c579f61c47a3a16252c34573ec2da24614b6196db2183051983a
262,129.23141434128712,2.7409982981786998,0x99c203d0d7f4d78849272b4ffe69764a91a09e76,2017-11-02T00:34:26.000Z,0.02121,0x9b1b91af2090bcac1c3acbf5f73f203c8f81b3ca,sell,0xd26114cd6ee289accf82350c8d8487fedb8a0c07,0x759f11177cdf38634dda307bfc1767059cd29b223a234e7721a309ec11d82d37
263,100,2.23999,0xe1c0d15e49189e2d848522c699ab475a8ed0f145,2017-11-02T00:32:22.000Z,0.0223999,0xa2f2d4e46b33489ed6bc645f27a2ab2b01b11d81,buy,0xd26114cd6ee289accf82350c8d8487fedb8a0c07,0xa69f390f9703fd10a71b63567dff8d2249462b1d5c390e966bb1b32a59ba2e92
264,67.11867464490751,1.4235870892184883,0x99c203d0d7f4d78849272b4ffe69764a91a09e76,2017-11-02T00:32:22.000Z,0.02121,0x3d53269e7e2464b859a099cb4e8c0ff53b1ddd26,sell,0xd26114cd6ee289accf82350c8d8487fedb8a0c07,0xb2ff93a544291d9375ee70ace475ee58884a4ff032d345fa10c828083ef4c872
265,50.23564468272641,1.0660003801674542,0x9759ab21a1d72b3061a1108cb8826ce3c8a37f2d,2017-11-02T00:31:28.000Z,0.02122,0x3d53269e7e2464b859a099cb4e8c0ff53b1ddd26,sell,0xd26114cd6ee289accf82350c8d8487fedb8a0c07,0x4adf63dc1def51da7b0505573537a60aa9d5a384740e9565d7044bb9cec982c8
266,65,1.38385,0x55045bcffb8569f9a96e6cb4feaf0f3cf5c9c42a,2017-11-02T00:31:13.000Z,0.02129,0x3d53269e7e2464b859a099cb4e8c0ff53b1ddd26,sell,0xd26114cd6ee289accf82350c8d8487fedb8a0c07,0x36cf979bb0bbcb076349dbc01b9002d72acaebe22a544cf4ae009c4eea1a2bde
267,24.386976547691976,0.5206643879908784,0xc73e743ee8632da507475b4e6b58f170ba6a76fe,2017-11-02T00:28:39.000Z,0.0213501,0x9b1b91af2090bcac1c3acbf5f73f203c8f81b3ca,sell,0xd26114cd6ee289accf82350c8d8487fedb8a0c07,0x341f4b2f77eac06f0950b734d4a6086de563a25153ac7452ca26fc077369d7c6
268,5,0.107,0xad8e360975430ebab7f4cba2163e3aecce5afdcb,2017-11-02T00:28:39.000Z,0.0214,0xd1ad676676b799b7c54741e06f17fdac87ed458b,sell,0xd26114cd6ee289accf82350c8d8487fedb8a0c07,0x51a11818833761d77d9959bd5d352a51d528a29f0e16cd6f9b07a5e1049cb7c7
269,13,0.27820013,0x25aaf162684c3d8802888ffcf249d443a4bc5ce4,2017-11-02T00:26:57.000Z,0.02140001,0xd1ad676676b799b7c54741e06f17fdac87ed458b,sell,0xd26114cd6ee289accf82350c8d8487fedb8a0c07,0x51e4c3cb2b6842778cc065ab953dfdcf15472a1abd6f05de04e8581cbef6a920
270,49.67474554182179,1.080078141340068,0xabca52b9137a1176212a9f3295a8c67711192b64,2017-11-02T00:26:57.000Z,0.021743003,0x9b1b91af2090bcac1c3acbf5f73f203c8f81b3ca,sell,0xd26114cd6ee289accf82350c8d8487fedb8a0c07,0x76cbe8c6a0d7ae8be54700d6d9327297745df49afd69f70248b4db85a966ea63
271,17.045,0.36493345,0xe2b567279c9ce0efd760dfb38190f23eb4c732b8,2017-11-02T00:25:54.000Z,0.02141,0xd1ad676676b799b7c54741e06f17fdac87ed458b,sell,0xd26114cd6ee289accf82350c8d8487fedb8a0c07,0xcc3b29ec901555e96af7e1522b1206a8782098076bf3f11cb68143a2dc68fe6c
272,50,1.0799995,0x61617f93fd933aab1a6121b10c40209e847c7866,2017-11-02T00:25:27.000Z,0.02159999,0xabca52b9137a1176212a9f3295a8c67711192b64,buy,0xd26114cd6ee289accf82350c8d8487fedb8a0c07,0x915049166fb07a9b0cc0977d6390f48acb896fbf70d1e26060ab116b3d9debd8
273,0.486,0.0104976,0x01669fe4d8196c981ecbffe5631b1874c818245e,2017-11-02T00:24:48.000Z,0.0216,0xa18f410cdeea7148dd2f51c217173637f5691243,sell,0xd26114cd6ee289accf82350c8d8487fedb8a0c07,0x116080c59eec59f1f0a457134b17909838f10a37457ff53a653506a5bc990f40
274,8.356885182866723,0.1795727655232105,0x0c5719fba3a34b524ae668cb51c5e2ce0e1ead14,2017-11-02T00:24:27.000Z,0.021488002,0xd1ad676676b799b7c54741e06f17fdac87ed458b,sell,0xd26114cd6ee289accf82350c8d8487fedb8a0c07,0xcee3834761a6703b853c4ed274c63bcfbb232365c6149790b4653615d3cb6a42
275,400.475,8.55014125,0x86aac521e4a4ff7e0ed82136191e614baac26001,2017-11-02T00:23:06.000Z,0.02135,0x3d53269e7e2464b859a099cb4e8c0ff53b1ddd26,sell,0xd26114cd6ee289accf82350c8d8487fedb8a0c07,0x2a3cee0e01aa72925482deb136195df688a9bc625c4c8413093509d79bb0ea23
276,3,0.06453,0x383932e5467528999954bf192452e390e1c84795,2017-11-02T00:23:06.000Z,0.02151,0xd1ad676676b799b7c54741e06f17fdac87ed458b,sell,0xd26114cd6ee289accf82350c8d8487fedb8a0c07,0xb1e9aba3f9fcc99c0daf0ed9391843325b03e1c64d6053eabfc0d7e4ebd35715
277,45.83949297150201,0.9970089721301687,0xc934f76a669bce96395e4c881be4c960061ee9c3,2017-11-02T00:23:06.000Z,0.02175,0xd1ad676676b799b7c54741e06f17fdac87ed458b,buy,0xd26114cd6ee289accf82350c8d8487fedb8a0c07,0x6147ac76e3a3a66f6d21f6289515371f6405629335eaa65e962f9b716bf16237
278,10,0.2149,0x18e96886612735f0d509d139f304f108f79bc18c,2017-11-02T00:23:06.000Z,0.02149,0xd1ad676676b799b7c54741e06f17fdac87ed458b,sell,0xd26114cd6ee289accf82350c8d8487fedb8a0c07,0x0940b94088a26221c5c166db5f3109ada0b363257d9f60890473151e47c37133
279,23.24,0.4999804796,0x65f403f5ce12908bfa7d8089f54f097e8b686fae,2017-11-02T00:22:41.000Z,0.02151379,0xd1ad676676b799b7c54741e06f17fdac87ed458b,sell,0xd26114cd6ee289accf82350c8d8487fedb8a0c07,0xf0aee97f2d17eedccbfdbe4e6828a9e242ee2866c3af5676b2c0ab212592808b
280,98.22853621977885,2.0971792482922784,0x4f443799b90d2de4e5594f913a6f2801031d847a,2017-11-02T00:21:24.000Z,0.02135,0x07391e314c7ebc92dbf7af7c478855742dcc7afa,sell,0xd26114cd6ee289accf82350c8d8487fedb8a0c07,0x6506a3aff4ba0b6c6cea14137a57d58cf9d325e3affceb8d6e7e0a05fdd5ef40
281,669.0339285840403,14.376201057413859,0x61617f93fd933aab1a6121b10c40209e847c7866,2017-11-02T00:20:41.000Z,0.021488,0x3d53269e7e2464b859a099cb4e8c0ff53b1ddd26,sell,0xd26114cd6ee289accf82350c8d8487fedb8a0c07,0x47c964f40cc8a54372464bf1fbbe8f62d20040b521e642c059415ab612e62c13
282,135.8863010175447,2.9199248362650008,0x61617f93fd933aab1a6121b10c40209e847c7866,2017-11-02T00:19:33.000Z,0.021488,0x69feaaa6f28bc5e8c6c533927c0a54ab6b1d7274,sell,0xd26114cd6ee289accf82350c8d8487fedb8a0c07,0xd4daae584cab092416bc49a16ad36aa004d5ec3d1b980de984187af9ada5a3ab
283,300,6.4464,0x61617f93fd933aab1a6121b10c40209e847c7866,2017-11-02T00:19:15.000Z,0.021488,0x9b1b91af2090bcac1c3acbf5f73f203c8f81b3ca,sell,0xd26114cd6ee289accf82350c8d8487fedb8a0c07,0xa873284addb8c681703c37585479d84e8e990a229df29f23b7358d9b4aeffdcc
284,694.5806121224572,14.92514819328736,0x61617f93fd933aab1a6121b10c40209e847c7866,2017-11-02T00:18:18.000Z,0.021488,0x3324ebf441d8aae7bd76fc4c192e84e1d993ba5b,sell,0xd26114cd6ee289accf82350c8d8487fedb8a0c07,0x7ab69e45af8efccac90b99550989949c74c98d7f979cf1866b6d8405af6d8d67
285,598.14574818064,12.852955836905593,0x61617f93fd933aab1a6121b10c40209e847c7866,2017-11-02T00:16:55.000Z,0.021488,0xd1ad676676b799b7c54741e06f17fdac87ed458b,sell,0xd26114cd6ee289accf82350c8d8487fedb8a0c07,0x7c1e6ba5d39d71637c5c2ee596485684af1be3ba2082e2871f38e8c17043d5a3
286,1255.495228737447,26.978081475110262,0x61617f93fd933aab1a6121b10c40209e847c7866,2017-11-02T00:13:14.000Z,0.021488,0x3d53269e7e2464b859a099cb4e8c0ff53b1ddd26,sell,0xd26114cd6ee289accf82350c8d8487fedb8a0c07,0x012504ba367baac40cac1bf308e5429302f56ed45e5169f4991f53751ede1e77
287,142.26707615212925,3.0570349323569532,0x61617f93fd933aab1a6121b10c40209e847c7866,2017-11-02T00:12:49.000Z,0.021488,0xfb15e295cef615ed01898de9ace7024265deef1d,sell,0xd26114cd6ee289accf82350c8d8487fedb8a0c07,0x54830bd228a604217927b46594c32cae23b32b88e63ac27d938404da20922b81
288,0.00001,0.001,0xf18521dc5c211dc0ed6c85b034d4f46d456950bb,2017-11-02T00:11:42.000Z,100,0x0c4085d8e714ca77ac5f46cd2b80a92d238a7cd3,sell,0xd26114cd6ee289accf82350c8d8487fedb8a0c07,0x78fe6dbbfb9cacde388d2a7a4a8e3033f8a5e13154982f45f32c7a20fec67c92
289,68,1.4756,0x975c8dfe6a0330c312920e3c1f99c5c698b70855,2017-11-02T00:11:42.000Z,0.0217,0x9b1b91af2090bcac1c3acbf5f73f203c8f81b3ca,sell,0xd26114cd6ee289accf82350c8d8487fedb8a0c07,0x6278c1eb345572482cf280a9c3378c4e332d0ff9b57e91962c4bad2ad88e4c75
290,0.001432276123858527,0.000030937164275344,0x01669fe4d8196c981ecbffe5631b1874c818245e,2017-11-02T00:10:57.000Z,0.021599999999999873,0xa18f410cdeea7148dd2f51c217173637f5691243,sell,0xd26114cd6ee289accf82350c8d8487fedb8a0c07,0xe8f444567c5d4f1795e30248fabbc4850a424459d57978db4d4db6db3cb56c89
291,59.7,1.27758,0x3c0e781116e7ebcfcee0955f314bdac09bf1813d,2017-11-02T00:09:15.000Z,0.0214,0x07391e314c7ebc92dbf7af7c478855742dcc7afa,sell,0xd26114cd6ee289accf82350c8d8487fedb8a0c07,0x569e90ad316412d241ca2d920aed6e9357ccb7f16f45e879525187e8d2d4cbf1
292,400,8.5952,0x61617f93fd933aab1a6121b10c40209e847c7866,2017-11-02T00:08:00.000Z,0.021488,0x5f2ce35dca6626c5c934fed00b0c1986156ee9ff,sell,0xd26114cd6ee289accf82350c8d8487fedb8a0c07,0x9dc00a2d35a8e9c4007a3914288bb95df0254c5a9ceb1cc33942eca1fcc7284c
293,40,0.8640004,0x1c193da9cfbe7e289bce3eb86a0f61917bc3b02f,2017-11-02T00:07:51.000Z,0.02160001,0x5f2ce35dca6626c5c934fed00b0c1986156ee9ff,sell,0xd26114cd6ee289accf82350c8d8487fedb8a0c07,0xdbb5220a6360a1e39686b2cc963054799ebe907930ac207abebbe9adc31a5fe0
294,11.892849464443644,0.25926411832487145,0x29587ea8cc6c8408e557afe25ef5f7a74b94e6b1,2017-11-02T00:07:26.000Z,0.0218,0x69feaaa6f28bc5e8c6c533927c0a54ab6b1d7274,buy,0xd26114cd6ee289accf82350c8d8487fedb8a0c07,0x2975e775bc547a44dc70ab61e78cd383daaccbeb6951a9b66e73e972a0936ce5
295,1.8,0.03924,0xeda40b7878f1c0137197a9f18a12d1cc8e52e4bb,2017-11-02T00:07:26.000Z,0.0218,0x69feaaa6f28bc5e8c6c533927c0a54ab6b1d7274,buy,0xd26114cd6ee289accf82350c8d8487fedb8a0c07,0x63d1d227a5027086aa6ad405b727e47debea865d34c01ead606051f6aa080533
296,199.38981527417533,4.284488350611479,0x61617f93fd933aab1a6121b10c40209e847c7866,2017-11-02T00:06:49.000Z,0.021488,0x9b1b91af2090bcac1c3acbf5f73f203c8f81b3ca,sell,0xd26114cd6ee289accf82350c8d8487fedb8a0c07,0x19580e8a2eb5be5c2c4ef31bfdda2a86bc2ea304199d1201d8e54d60e1af5a27
297,32.56182460030177,0.6996884870112845,0x61617f93fd933aab1a6121b10c40209e847c7866,2017-11-02T00:05:29.000Z,0.021488,0x3ae818a002eb135fd83bea974e9a8e9b43b05b04,sell,0xd26114cd6ee289accf82350c8d8487fedb8a0c07,0x52ec19f9ec186a71ccca1ec6f331fb41dcd10eb014e817190e3693bd274aa870
298,21.14919429165695,0.46040696214834015,0x1714d0cf5fd25f056394228244810a09ff952be1,2017-11-02T00:04:50.000Z,0.02176948,0x65f403f5ce12908bfa7d8089f54f097e8b686fae,buy,0xd26114cd6ee289accf82350c8d8487fedb8a0c07,0xc3d0072b09eb3b35851d890d0df534fe599b1f53e2582c57631951cbcc5d2b44
299,94.525,2.0313517025,0x86aac521e4a4ff7e0ed82136191e614baac26001,2017-11-01T23:59:25.000Z,0.0214901,0x07391e314c7ebc92dbf7af7c478855742dcc7afa,sell,0xd26114cd6ee289accf82350c8d8487fedb8a0c07,0xbca3d4121564aefdf0a92bd61f47311abc3fa9f1229b898ad602d1f7014bbeed
300,572.6394653312644,12.304876831038209,0x61617f93fd933aab1a6121b10c40209e847c7866,2017-11-01T23:59:08.000Z,0.021488,0x3d53269e7e2464b859a099cb4e8c0ff53b1ddd26,sell,0xd26114cd6ee289accf82350c8d8487fedb8a0c07,0x16ca599e8761388b9c9d14faa4bcc4f7cbbcd9a406ec886401a3c60478bfab55
301,20,0.432,0x870f3bd33ce1169173dd8b5fe6af6650e8d39194,2017-11-01T23:58:40.000Z,0.0216,0x3ae818a002eb135fd83bea974e9a8e9b43b05b04,sell,0xd26114cd6ee289accf82350c8d8487fedb8a0c07,0xe5b2a6d65b77840cc09cbe56a1f96dc50ad58e564aeb969f1396ca7465d4397d
302,23.21,0.4999631285,0x65f403f5ce12908bfa7d8089f54f097e8b686fae,2017-11-01T23:57:56.000Z,0.02154085,0x3d53269e7e2464b859a099cb4e8c0ff53b1ddd26,sell,0xd26114cd6ee289accf82350c8d8487fedb8a0c07,0x56cd23075a65d59bb2cf02cd3d1d2eaf35bf381cadf86ff8da6e6c3b45ae6e73
303,653.353,14.04055597,0x3e4dd033ca10f5d5ad27fde2ab809ece3c7b9444,2017-11-01T23:57:56.000Z,0.02149,0x3d53269e7e2464b859a099cb4e8c0ff53b1ddd26,sell,0xd26114cd6ee289accf82350c8d8487fedb8a0c07,0x5de610c7a78b229c57024b30c16d3e74dcdc0ab336c743c0da5e1d42374e202b
304,144,3.0945744,0x86aac521e4a4ff7e0ed82136191e614baac26001,2017-11-01T23:57:12.000Z,0.0214901,0x3ae818a002eb135fd83bea974e9a8e9b43b05b04,sell,0xd26114cd6ee289accf82350c8d8487fedb8a0c07,0x7d351b0791646e6767806769bbaa98f6844e3d314f23f157bbaf1c29a6707e26
305,200,4.3,0x09e396aca9535fffc68c72f880ab36e252b73a43,2017-11-01T23:56:49.000Z,0.0215,0x3ae818a002eb135fd83bea974e9a8e9b43b05b04,sell,0xd26114cd6ee289accf82350c8d8487fedb8a0c07,0xfd58b4acde15a3512378e2371843277f1f6f6ec7b39317143749d380c24fa074
306,236.64665903870343,5.085536702741737,0x3e4dd033ca10f5d5ad27fde2ab809ece3c7b9444,2017-11-01T23:48:57.000Z,0.02149,0x5cafe4321d49717abcdf911235faf6e614b8791f,sell,0xd26114cd6ee289accf82350c8d8487fedb8a0c07,0x88111d6899c912d9cb8cfaeb657927bff2a39400f886baab15443a0d8b13bebb
307,11,0.2414434,0x33dec5ebf2c5775e179fdd81d28c70d87281c23d,2017-11-01T23:46:16.000Z,0.0219494,0x65f403f5ce12908bfa7d8089f54f097e8b686fae,buy,0xd26114cd6ee289accf82350c8d8487fedb8a0c07,0x3f711f1f36597df3cdf343f6d7445bec9fde20ee14896d2e907ba17ec8ebe926
308,0.7943869826040993,0.017476513617290187,0xbc075915236f53a3fc5b33b3ca9a2b8672da2404,2017-11-01T23:16:03.000Z,0.022,0x5cafe4321d49717abcdf911235faf6e614b8791f,buy,0xd26114cd6ee289accf82350c8d8487fedb8a0c07,0xf8c4132ce2e4666907f2a772677feae2fb38b93880e4a02634a7c786157e1180
309,8,0.17701304,0xbc075915236f53a3fc5b33b3ca9a2b8672da2404,2017-11-01T23:13:32.000Z,0.02212663,0x65f403f5ce12908bfa7d8089f54f097e8b686fae,buy,0xd26114cd6ee289accf82350c8d8487fedb8a0c07,0x916247249f1359ffc48b5fbb6beb0339ff302db5179abb8a4237dc99ceec909c
310,73.36673791333672,1.576504537648518,0x5d755ef2efebd5fe534d930f32ed760c78f88d2a,2017-11-01T22:57:45.000Z,0.02148800100000001,0x3d53269e7e2464b859a099cb4e8c0ff53b1ddd26,sell,0xd26114cd6ee289accf82350c8d8487fedb8a0c07,0x2b9cc21d012f4f235eb7e2fb0491f8f0735f9112ca6a2170668039d4a692fddd
311,100,2.16,0xa2f2d4e46b33489ed6bc645f27a2ab2b01b11d81,2017-11-01T22:56:05.000Z,0.0216,0x3d53269e7e2464b859a099cb4e8c0ff53b1ddd26,sell,0xd26114cd6ee289accf82350c8d8487fedb8a0c07,0x06c417049c5343ad594a5770fc1b2fdd755f2b91ea61e050732a7d4ab0bff11a
312,81.78574208069837,1.817279189033118,0x9611396465bf810ec022c1c3374d8ef714729b02,2017-11-01T22:54:32.000Z,0.02222,0x3d53269e7e2464b859a099cb4e8c0ff53b1ddd26,buy,0xd26114cd6ee289accf82350c8d8487fedb8a0c07,0x5b9ff0aa85f7e0c77f1531cb3b9a8a4a98b0ca62cd6ea3115ced04cdc0d237ce
313,100,2.22,0x9b7320202e518afa961a62c6ee0f5a57f4114b14,2017-11-01T22:53:03.000Z,0.0222,0x3d53269e7e2464b859a099cb4e8c0ff53b1ddd26,buy,0xd26114cd6ee289accf82350c8d8487fedb8a0c07,0x8d7aea1cd08b226675eb3db9dff70dceef53663b56b179ca63e4b0373697a059
314,23.08,0.4999238784,0x65f403f5ce12908bfa7d8089f54f097e8b686fae,2017-11-01T22:52:35.000Z,0.02166048,0x3d53269e7e2464b859a099cb4e8c0ff53b1ddd26,sell,0xd26114cd6ee289accf82350c8d8487fedb8a0c07,0xd194b33303a522f114d5f94c6fa6ae6f7a78576bfc661a879ab14380c1b6a1c8
315,0.45,0.00999,0x3782a2a6af359e6e1eded24c27a01aec7406106c,2017-11-01T22:50:53.000Z,0.0222,0x3d53269e7e2464b859a099cb4e8c0ff53b1ddd26,buy,0xd26114cd6ee289accf82350c8d8487fedb8a0c07,0xe98b4c99eb3e3e0e32483e66307e08c00bd9e31fcff370dc59b3171ad344ef46
316,111.15068428851153,2.467545191204956,0x9611396465bf810ec022c1c3374d8ef714729b02,2017-11-01T22:40:31.000Z,0.0222,0x3d53269e7e2464b859a099cb4e8c0ff53b1ddd26,buy,0xd26114cd6ee289accf82350c8d8487fedb8a0c07,0xd9e28bf0c1dc91699fd2d4fff512ca9fd8ef9dbd20109be7fdcaa0ce53e4d1eb
317,3.624,0.08018730576,0x0c5719fba3a34b524ae668cb51c5e2ce0e1ead14,2017-11-01T22:37:44.000Z,0.02212674,0x65f403f5ce12908bfa7d8089f54f097e8b686fae,buy,0xd26114cd6ee289accf82350c8d8487fedb8a0c07,0x2cec10fbbfc15fcdc4f2b598b379751a9834d1dcb478f1c9487081c7e72a09ff
318,10.83197092975103,0.23967620445015933,0x1567591981207815cbeefe0381f491000f5d302a,2017-11-01T22:35:47.000Z,0.02212674,0x65f403f5ce12908bfa7d8089f54f097e8b686fae,buy,0xd26114cd6ee289accf82350c8d8487fedb8a0c07,0xf6871feee3284f97aff4e98d2545a408585fa2d438ee6565eedfd6e1bddf04db
319,40,0.88888,0xc9f592481551916b7bbd17d32205e07b6348f35c,2017-11-01T22:34:47.000Z,0.022222,0x3d53269e7e2464b859a099cb4e8c0ff53b1ddd26,buy,0xd26114cd6ee289accf82350c8d8487fedb8a0c07,0xee3d6bdbe28f79cfba20f4e5af0f31e8f3b2841e14e9c6359202e2db27ebb35f
320,140,3.11108,0x9310929406050fcca085623b26611fedb1222cac,2017-11-01T22:29:08.000Z,0.022222,0x3d53269e7e2464b859a099cb4e8c0ff53b1ddd26,buy,0xd26114cd6ee289accf82350c8d8487fedb8a0c07,0x450bfe92d40f6c90835cd9dc957271f9f992f8d77f427a4dc8085e941031fd31
321,10,0.2229472,0x450d90ee5536a828919c34222a77c06e18494ee2,2017-11-01T22:26:07.000Z,0.02229472,0x65f403f5ce12908bfa7d8089f54f097e8b686fae,buy,0xd26114cd6ee289accf82350c8d8487fedb8a0c07,0x3211432f4a179560d72340ad09eb95f9ce545c56730a83ee584481a7f74ed0fb
322,30.904196989333066,0.6628950254211943,0x9310929406050fcca085623b26611fedb1222cac,2017-11-01T22:18:32.000Z,0.02145,0x301146c2485a214112ac8013edd444cc71610436,sell,0xd26114cd6ee289accf82350c8d8487fedb8a0c07,0xbba6deb955e2919da5f2b798a53f2161c64bdecc524f2f3942f93fa85d822ef0
323,100,2.2463,0x2a581e091eddff9636c6d8d2f13d230b43683d00,2017-11-01T22:17:06.000Z,0.022463,0x3ae818a002eb135fd83bea974e9a8e9b43b05b04,buy,0xd26114cd6ee289accf82350c8d8487fedb8a0c07,0x6ed423b548a6e315131a41cd1746fdd2c5db104e9981d86e88636e5c32b86d49
324,235.1,5.2810513,0x963f2e71a399ffc45ae739511bd44e1ad52b611a,2017-11-01T22:15:42.000Z,0.022463,0x3ae818a002eb135fd83bea974e9a8e9b43b05b04,buy,0xd26114cd6ee289accf82350c8d8487fedb8a0c07,0x7be4ed07a0ba7824d5658a4111bc4200406be91e6e9556ca03d7f5d7cdfab7a4
325,500,11.47,0x963f2e71a399ffc45ae739511bd44e1ad52b611a,2017-11-01T22:12:59.000Z,0.02294,0x3d53269e7e2464b859a099cb4e8c0ff53b1ddd26,buy,0xd26114cd6ee289accf82350c8d8487fedb8a0c07,0x048824ee75c822508f0922de44b5c6f086dcdfc71fbe30bfcbc4d79b17ef167f
326,79.02321884706075,1.7851345137551022,0x4e331c258d5010ee01a235aecfa74270700ca34d,2017-11-01T22:08:18.000Z,0.02259,0x3d53269e7e2464b859a099cb4e8c0ff53b1ddd26,buy,0xd26114cd6ee289accf82350c8d8487fedb8a0c07,0x7fb7dd568f9fe1e20fa99eaca07f55bfeb7efd53ccb83bc16fb8ebc855a8ba62
327,3.913614511039565,0.08958263615769564,0x89ed71207f0a87ee5d9e1edb37e013361c417dc9,2017-11-01T22:07:13.000Z,0.02289,0xd848d35ea908828d1a064a7c0bb2aebb8486da57,buy,0xd26114cd6ee289accf82350c8d8487fedb8a0c07,0x882b1dd95f7ad111faf22201dbcec84cec568d64cc1cce2095aa44292e881eaf
328,4.565513648968356,0.0977476472244125,0xe2b567279c9ce0efd760dfb38190f23eb4c732b8,2017-11-01T21:50:33.000Z,0.02141,0xcf5fb6a8cc92d1f2dc5780fbf77221e75c70ad22,sell,0xd26114cd6ee289accf82350c8d8487fedb8a0c07,0x49ac42f95d919cb3e11481b95102a53ff0b16f64c2ac6d671a47d78160fc513a
329,1.2778530454483858,0.027282162520323037,0x4f443799b90d2de4e5594f913a6f2801031d847a,2017-11-01T21:48:44.000Z,0.02135,0x166e1f362539140a936366026e72761f0ff259c7,sell,0xd26114cd6ee289accf82350c8d8487fedb8a0c07,0xc1b24fe20a2659df78d5147209f7410b7aaab9dffde93de71a0895b97b459e1d
330,28.389066892632837,0.6078099221712691,0xe2b567279c9ce0efd760dfb38190f23eb4c732b8,2017-11-01T21:46:43.000Z,0.02141,0x136189e2edd46d3d181109df2d71bfd5f1ba1ccf,sell,0xd26114cd6ee289accf82350c8d8487fedb8a0c07,0x604cbe56b654ebc6f651b1a371780010397b2c43aec6d70aa18bd8b4ccf167eb
331,1.309,0.028798,0x7cea503fd36694c94a0901361bdd4cc8b4387094,2017-11-01T21:45:51.000Z,0.022,0x136189e2edd46d3d181109df2d71bfd5f1ba1ccf,sell,0xd26114cd6ee289accf82350c8d8487fedb8a0c07,0x968932c312e5de98273a03fdc76897df186022cdf16568cecbadcf43a9186d53
332,20,0.436,0x395b8d1e5c4f4de8078f0cff012f8d795ac3ac3c,2017-11-01T21:45:51.000Z,0.0218,0x136189e2edd46d3d181109df2d71bfd5f1ba1ccf,sell,0xd26114cd6ee289accf82350c8d8487fedb8a0c07,0xd17496c69bd2fdfb374b2130148ec310c37a9f5266bc19707ca9d23df4f8433a
333,50,1.0705,0xe2b567279c9ce0efd760dfb38190f23eb4c732b8,2017-11-01T21:45:51.000Z,0.02141,0x136189e2edd46d3d181109df2d71bfd5f1ba1ccf,sell,0xd26114cd6ee289accf82350c8d8487fedb8a0c07,0xee86f2e6d37b43de37e6ad14557f332f3fcfd0b2487144303843dfcfaae28ca2
334,96.08638548896043,2.1994173638423042,0x9611396465bf810ec022c1c3374d8ef714729b02,2017-11-01T21:44:47.000Z,0.02289,0xd848d35ea908828d1a064a7c0bb2aebb8486da57,buy,0xd26114cd6ee289accf82350c8d8487fedb8a0c07,0x54d3a18ab6ae5a3fda0f157c1d5d3b37c0a7a08681985c27a2b22eea58323626
335,284.154,6.3082188,0xdeb58cbc9ef2397e780bd7045a5516c9b8e5d5f5,2017-11-01T21:40:09.000Z,0.0222,0x3ae818a002eb135fd83bea974e9a8e9b43b05b04,sell,0xd26114cd6ee289accf82350c8d8487fedb8a0c07,0x417a263dc2936b6ec453e7b30387c63abd85e99bdfb1b316651011988ef09590
336,60.76333447933903,1.3489460254413266,0xdeb58cbc9ef2397e780bd7045a5516c9b8e5d5f5,2017-11-01T21:36:30.000Z,0.0222,0x8dcee46691008231078757ac146db15273e414ad,sell,0xd26114cd6ee289accf82350c8d8487fedb8a0c07,0xdb2453e93f4a49d4f08f15e0a1118dbd630ba26b9a7b1e52cb29c528e7a7fe83
337,49.845479015053336,1.106569634134184,0xdeb58cbc9ef2397e780bd7045a5516c9b8e5d5f5,2017-11-01T21:34:55.000Z,0.0222,0xf4f3e51276d6f8dcc6c26eda1d2b622759dd4505,sell,0xd26114cd6ee289accf82350c8d8487fedb8a0c07,0x46ce2d9769f10bb49186d84317381e7c6a1c6829dbefc12671fb52f4f7c1f3d4
338,79.23701525271657,1.759061738610308,0xdeb58cbc9ef2397e780bd7045a5516c9b8e5d5f5,2017-11-01T21:32:51.000Z,0.0222,0x9b1b91af2090bcac1c3acbf5f73f203c8f81b3ca,sell,0xd26114cd6ee289accf82350c8d8487fedb8a0c07,0xf39cfdc124d6d7219fdab81fd05e65653051a903d1137f962d57734e75ad63eb
339,0.1268279163616392,0.002853628118136882,0x7cea503fd36694c94a0901361bdd4cc8b4387094,2017-11-01T21:32:03.000Z,0.0225,0x166e1f362539140a936366026e72761f0ff259c7,sell,0xd26114cd6ee289accf82350c8d8487fedb8a0c07,0x5c790229d7c62e7d2f84af61b734ca36e06a9cc621d249bdeba105808d2aa2e2
340,0.217,0.0049042,0x5a92048f775ab3fe9e8da6e6a30f6adb75af544c,2017-11-01T21:31:36.000Z,0.0226,0x166e1f362539140a936366026e72761f0ff259c7,sell,0xd26114cd6ee289accf82350c8d8487fedb8a0c07,0x50d70e87fa1d302dadc18fd3a6074abaa45c3478b9c78766ae3af13cb4387537
341,22.45,0.499935009,0x65f403f5ce12908bfa7d8089f54f097e8b686fae,2017-11-01T21:31:36.000Z,0.02226882,0x9b1b91af2090bcac1c3acbf5f73f203c8f81b3ca,sell,0xd26114cd6ee289accf82350c8d8487fedb8a0c07,0xbcec5f470ca39c79537cb84495b9011acd6530306de9cc4178a773f02f4c0688
342,13.948516809136397,0.3192801549094512,0x5acd332061d0ca745aaefa56e61aac4a7c1e0ccc,2017-11-01T21:26:14.000Z,0.0228899,0x8dcee46691008231078757ac146db15273e414ad,buy,0xd26114cd6ee289accf82350c8d8487fedb8a0c07,0x971c562cc284831c5eb5e4088539cc7e52381888226d2e87af08602d5b776cb8
343,100,2.3,0x7692e072155d09314fbdd7f3ae5c64f9b2fe4b62,2017-11-01T21:26:10.000Z,0.023,0xe116556feef6c32bf63ab74b7d0cc0de3ec2436b,buy,0xd26114cd6ee289accf82350c8d8487fedb8a0c07,0x3bd178ce770eadc8379b12dd28ca845f5a725ed014ae335ad3ec11fc562dc1bb
344,23.078561504631345,0.5261912023055947,0x34ae52858652e99e0d282671d6a7caa0660d49f5,2017-11-01T21:23:39.000Z,0.0228,0x3ae818a002eb135fd83bea974e9a8e9b43b05b04,buy,0xd26114cd6ee289accf82350c8d8487fedb8a0c07,0xdc16c2a73468fcb55719c1ab4d0822a0c45852cb331970e0614c53a8765d6fca
345,44.02875,0.99504975,0x5a92048f775ab3fe9e8da6e6a30f6adb75af544c,2017-11-01T21:23:06.000Z,0.0226,0x07391e314c7ebc92dbf7af7c478855742dcc7afa,sell,0xd26114cd6ee289accf82350c8d8487fedb8a0c07,0xf5787253503f23cefcce34512e698b90b7f402415e62ad296472e8a8d4536926
346,14.429622676106078,0.32899539701521857,0xf526aa94cf553fe938766ca221f459e2f49ca93c,2017-11-01T21:21:53.000Z,0.0228,0x3ae818a002eb135fd83bea974e9a8e9b43b05b04,buy,0xd26114cd6ee289accf82350c8d8487fedb8a0c07,0xfede8ac210bf1cc89a200015acd33e13bd18a8e15a9517307a2c50c71425e7fd
347,10,0.228,0x5b63be03d7fe0d911b0618b372f9298b48c0362e,2017-11-01T21:21:14.000Z,0.0228,0x3ae818a002eb135fd83bea974e9a8e9b43b05b04,buy,0xd26114cd6ee289accf82350c8d8487fedb8a0c07,0x8dad4ad13b875e09d11bb5024e0e71ac19c6bab1108239264a6905f08195e908
348,34.49181581926258,0.7864134006791867,0xabca52b9137a1176212a9f3295a8c67711192b64,2017-11-01T21:19:54.000Z,0.0228,0x3ae818a002eb135fd83bea974e9a8e9b43b05b04,buy,0xd26114cd6ee289accf82350c8d8487fedb8a0c07,0x79b49197fd28ae1396cbad253d88e8ae85bb60a8c1656e456e9a9483e731a5fc
349,58,1.2818,0xabca52b9137a1176212a9f3295a8c67711192b64,2017-11-01T21:18:39.000Z,0.0221,0x3c0e781116e7ebcfcee0955f314bdac09bf1813d,buy,0xd26114cd6ee289accf82350c8d8487fedb8a0c07,0x8296c3d813fbc5f4aad5948c648f7975440cc56093209c69000414e59fd3bf19
350,4.833657072167191,0.1063404555876782,0xdd3896cc7fc8091208ea750131c03cea19c3f0f7,2017-11-01T21:17:16.000Z,0.022,0xee88b84a838e94bf43d659b544fe847a0228cce7,buy,0xd26114cd6ee289accf82350c8d8487fedb8a0c07,0x6a8f7e25ea2253752b5ddfc43bd42229f2cea4de460e7ecb5fd497604df8b7b6
351,112.36,2.47192,0xc73e743ee8632da507475b4e6b58f170ba6a76fe,2017-11-01T21:15:33.000Z,0.022,0x1f22b9a1346ff129c014e4601e06155f5a47ec88,buy,0xd26114cd6ee289accf82350c8d8487fedb8a0c07,0x7450772e13d0163dddcccd51002a3146677fbf0f528d33b5497ccc2af6f46b44
352,0.02134292783280918,0.000469544412321802,0xdd3896cc7fc8091208ea750131c03cea19c3f0f7,2017-11-01T21:15:33.000Z,0.022000000000000002,0xee88b84a838e94bf43d659b544fe847a0228cce7,buy,0xd26114cd6ee289accf82350c8d8487fedb8a0c07,0xba17279af8d99ba8e071dad799a7193b61c1f3621d0999ecbad02e485985be97
353,15,0.33,0x383932e5467528999954bf192452e390e1c84795,2017-11-01T21:13:52.000Z,0.022,0xee88b84a838e94bf43d659b544fe847a0228cce7,sell,0xd26114cd6ee289accf82350c8d8487fedb8a0c07,0xe733ab3b9a26117a73af9362ed3cf782ca3d654c4906f2c728c0a1b0e9412447
354,98.64,2.17008,0x86aac521e4a4ff7e0ed82136191e614baac26001,2017-11-01T21:09:09.000Z,0.022,0x1f22b9a1346ff129c014e4601e06155f5a47ec88,buy,0xd26114cd6ee289accf82350c8d8487fedb8a0c07,0xb80cb85e22b6627127dc5a3df32bf7626063c882dcd9ba947761cbeb0ebb6915
355,10,0.22,0xcfd956edb3bb8bb5605ae0a30083d2217f372fcf,2017-11-01T21:09:09.000Z,0.022,0x1f22b9a1346ff129c014e4601e06155f5a47ec88,buy,0xd26114cd6ee289accf82350c8d8487fedb8a0c07,0x5cbb8b7ade7122a579fb61c78dd8d2791771954f2197f74322efdce8dd474a75
356,50,1.08895,0xea13dc1ecf0766152c6d5992e92736dd06f03059,2017-11-01T21:01:41.000Z,0.021779,0x9b1b91af2090bcac1c3acbf5f73f203c8f81b3ca,buy,0xd26114cd6ee289accf82350c8d8487fedb8a0c07,0x12e738a56d5d66e1d6659863b853e38b0a7d6d2379362df73e15bcded7647ace
357,563,12.949,0xdb1c89d71a297fcd5fd2a1110fe5fa871c3f98f0,2017-11-01T21:00:09.000Z,0.023,0xb3bf8d2abc4087fb10f1e789bc1c44c4a707b685,buy,0xd26114cd6ee289accf82350c8d8487fedb8a0c07,0x369aa9214f9ec63625e8aa30c6a0ad16639776645ff0e2158ab32586112d6b58
358,12.744321725809963,0.2759018210420599,0x3d53269e7e2464b859a099cb4e8c0ff53b1ddd26,2017-11-01T20:53:24.000Z,0.021649,0x3ae818a002eb135fd83bea974e9a8e9b43b05b04,buy,0xd26114cd6ee289accf82350c8d8487fedb8a0c07,0xb4b8effb57dd179ef10d250db614ecaf67e936c563b68666e0ba3672c91826a5
359,191.68787080234654,4.149850715,0x73b7424a32b34806f9ba10129843ce9cc3069397,2017-11-01T20:53:24.000Z,0.021649,0x3ae818a002eb135fd83bea974e9a8e9b43b05b04,buy,0xd26114cd6ee289accf82350c8d8487fedb8a0c07,0x0a5f7db2a288a9cd2ba4c2deebbc2882ca9c9e7f674efc1da5438d6815a960be
360,32,0.692768,0x3d53269e7e2464b859a099cb4e8c0ff53b1ddd26,2017-11-01T20:52:29.000Z,0.021649,0x3ae818a002eb135fd83bea974e9a8e9b43b05b04,buy,0xd26114cd6ee289accf82350c8d8487fedb8a0c07,0x2084adfa819498e8319f6b61192edc71a54e3a1847320e1d3c6ca1d1d50e0722
361,50.65377502386689,1.0966035754916943,0x42fe48c42e83777719bca13e380d629fb8ddc4e7,2017-11-01T20:52:11.000Z,0.021649,0x3ae818a002eb135fd83bea974e9a8e9b43b05b04,buy,0xd26114cd6ee289accf82350c8d8487fedb8a0c07,0x95b983e745897048da4b934bc9cab5612d1f7666b6275ec0b62462ecd23e9e5d
362,1,0.0213799,0x65f403f5ce12908bfa7d8089f54f097e8b686fae,2017-11-01T20:51:29.000Z,0.0213799,0x772d794f6c4f60ef72990c0b760526c7623b4cdf,sell,0xd26114cd6ee289accf82350c8d8487fedb8a0c07,0x26499a93dbfef17aa7704c3ff91764a1d533f4c11684aea60c3191ca89bf7eaa
363,20,0.433,0xeebec4d48bca0a0db84a71cd89cf235d15eb95c1,2017-11-01T20:48:36.000Z,0.02165,0x3d53269e7e2464b859a099cb4e8c0ff53b1ddd26,buy,0xd26114cd6ee289accf82350c8d8487fedb8a0c07,0x07c666652fb1708bddf72622807fec426176bec7fe4201f2ae7951243a1cc498
364,0.13836956854232874,0.002995701158941417,0x79b524bcd2aac68df52ab84184a98c19d0a5ca51,2017-11-01T20:47:22.000Z,0.02165,0x3d53269e7e2464b859a099cb4e8c0ff53b1ddd26,buy,0xd26114cd6ee289accf82350c8d8487fedb8a0c07,0x45dfeabb3929ab046d401b8a70a26febc9693922345fc76826ac570ddb7bab30
365,150,3.24,0x5a2d756f54f8b0cadd5c84b89e4d787ecfa0702b,2017-11-01T20:45:29.000Z,0.0216,0x69feaaa6f28bc5e8c6c533927c0a54ab6b1d7274,buy,0xd26114cd6ee289accf82350c8d8487fedb8a0c07,0x7f7c1f6ed241c49ed733c779b81ecc62c4de3403eb93d86cde6ba474071da7a1
366,24,0.51839976,0x04ccd22bb20fbc96ad1cd75f6cf0f120df4d7b86,2017-11-01T20:31:48.000Z,0.02159999,0x5d755ef2efebd5fe534d930f32ed760c78f88d2a,buy,0xd26114cd6ee289accf82350c8d8487fedb8a0c07,0x4166db6231318d7c17bfd85982213c8c19337b8e637d19ec23a3e2d24890aed5
367,10,0.2159999,0x0db5e7924d87d2ec27876882e7af911a58050dd1,2017-11-01T20:27:53.000Z,0.02159999,0x5d755ef2efebd5fe534d930f32ed760c78f88d2a,buy,0xd26114cd6ee289accf82350c8d8487fedb8a0c07,0x22be14b2d8f4b4c2959514f18bedb67b693b88ac98259a8e692460d80aebe8e4
368,25,0.5355,0x1ac4a9ac7517b725b9fe1fa8323e0c15eda42fa1,2017-11-01T20:17:56.000Z,0.02142,0x3d53269e7e2464b859a099cb4e8c0ff53b1ddd26,sell,0xd26114cd6ee289accf82350c8d8487fedb8a0c07,0x398a20b65069c73359b39dffcb064fcf90ec38f1003875c17b00e09b0c2d3000
369,13.998,0.300957,0x21b2ec62e93954074cde69ae0ccb2faa65f66075,2017-11-01T20:12:37.000Z,0.0215,0x69feaaa6f28bc5e8c6c533927c0a54ab6b1d7274,buy,0xd26114cd6ee289accf82350c8d8487fedb8a0c07,0x5608a1aa7380213936bb197bab435d9d902448a08961b8cc4fc00d9c42e1d7c1
370,50,1.0799995,0x040eade0811ee5d0ae54b9ad658e2d3b1d710c04,2017-11-01T20:12:37.000Z,0.02159999,0xabca52b9137a1176212a9f3295a8c67711192b64,buy,0xd26114cd6ee289accf82350c8d8487fedb8a0c07,0xc3d86f018d7630a104bf423067416d8350bb2290d47e53d4dc035865b02d1e43
371,10,0.214,0x8566f8ec2b3f9354fa1f92340949125872f3a836,2017-11-01T20:06:08.000Z,0.0214,0x9b1b91af2090bcac1c3acbf5f73f203c8f81b3ca,sell,0xd26114cd6ee289accf82350c8d8487fedb8a0c07,0x95cd4754ca4c790661b6009af681e3fe68f32bfc9600e9d3cf33c3354daf3632
372,75,1.61999925,0x21b2ec62e93954074cde69ae0ccb2faa65f66075,2017-11-01T20:06:08.000Z,0.02159999,0x5d755ef2efebd5fe534d930f32ed760c78f88d2a,buy,0xd26114cd6ee289accf82350c8d8487fedb8a0c07,0xc73b99dfc8ff57ac7b9a0f48c277a5f5dae2a0ecbfaf32b6d367d0273af5962a
373,5,0.10705,0x383932e5467528999954bf192452e390e1c84795,2017-11-01T20:04:49.000Z,0.02141,0x9b1b91af2090bcac1c3acbf5f73f203c8f81b3ca,sell,0xd26114cd6ee289accf82350c8d8487fedb8a0c07,0xaeff7283680d65921b2871fbb3a3fc29479d1a3ebdc7878bc03bfea97dd39060
374,5,0.1075,0x1ac4a9ac7517b725b9fe1fa8323e0c15eda42fa1,2017-11-01T20:04:37.000Z,0.0215,0x9b1b91af2090bcac1c3acbf5f73f203c8f81b3ca,sell,0xd26114cd6ee289accf82350c8d8487fedb8a0c07,0xb762bc90b0a0b0d0db11ea1122bf4bc6b9e42d02f511bcfed174c4b7f9c78a6f
375,157.36,3.36766136,0x86aac521e4a4ff7e0ed82136191e614baac26001,2017-11-01T20:04:00.000Z,0.021401,0x9b1b91af2090bcac1c3acbf5f73f203c8f81b3ca,sell,0xd26114cd6ee289accf82350c8d8487fedb8a0c07,0x348b81b4bdd2b2cf1e4b56f03fe44d247a13d8bf6895b6ed5d04086e0a9b06da
376,32.2,0.6894020322,0x319112568bec6af88d43c258f36d94319bf1ac23,2017-11-01T20:03:34.000Z,0.021410001,0x9b1b91af2090bcac1c3acbf5f73f203c8f81b3ca,sell,0xd26114cd6ee289accf82350c8d8487fedb8a0c07,0xd62abadcf800c1c5782058afa8c05b2c18830494da9d3ea68767593c643d643a
377,10.596692431180585,0.22782888727038259,0x203ef1435a87ed676b22cc4f5f679685f9995acd,2017-11-01T19:54:42.000Z,0.0215,0x69feaaa6f28bc5e8c6c533927c0a54ab6b1d7274,buy,0xd26114cd6ee289accf82350c8d8487fedb8a0c07,0xa614a5eded6db32c5c54eff5c75163f78acf115b05e9d8d08f211575075c49d8
378,0.1,0.00215,0x9928735e58646b828be5a0ce02e939cd752adc8f,2017-11-01T19:54:35.000Z,0.0215,0x69feaaa6f28bc5e8c6c533927c0a54ab6b1d7274,buy,0xd26114cd6ee289accf82350c8d8487fedb8a0c07,0x42f467beaf8fab4e99986d1eb72499d2b928220bec1f25be7401947a40ba9a74
379,46,0.99359954,0x9928735e58646b828be5a0ce02e939cd752adc8f,2017-11-01T19:53:21.000Z,0.02159999,0xabca52b9137a1176212a9f3295a8c67711192b64,buy,0xd26114cd6ee289accf82350c8d8487fedb8a0c07,0xd810645141974a27cb1efce955883c8c3ca6d948430d1d91b191e1fb0f258f06
380,125,2.6875,0x7503a2ee996cd95dc0f17eb2b94e995e27344de0,2017-11-01T19:51:16.000Z,0.0215,0x69feaaa6f28bc5e8c6c533927c0a54ab6b1d7274,sell,0xd26114cd6ee289accf82350c8d8487fedb8a0c07,0xb2adc7b36f703beb71bd17dea69012b3d834a6bf0d71fd355277b793e1d11339
381,5,0.108,0x8566f8ec2b3f9354fa1f92340949125872f3a836,2017-11-01T19:39:24.000Z,0.0216,0x3ae818a002eb135fd83bea974e9a8e9b43b05b04,buy,0xd26114cd6ee289accf82350c8d8487fedb8a0c07,0x790cf671e6f566be5dbc9efca06d919ae2331c798f7e98a776758b8fd00e4e10
382,22.476656687092827,0.4847675407645432,0x7f94c370d85efc28eaa6b7d708e956fd5b358223,2017-11-01T19:33:44.000Z,0.0215676,0x65f403f5ce12908bfa7d8089f54f097e8b686fae,buy,0xd26114cd6ee289accf82350c8d8487fedb8a0c07,0x4432a3bfc9c6d55f4d738737d478ba45ab7cdf5fdb56b12aa0137990a2942aba
383,221.07859871077522,4.693498650629758,0x1f22b9a1346ff129c014e4601e06155f5a47ec88,2017-11-01T19:23:28.000Z,0.02123,0x3d53269e7e2464b859a099cb4e8c0ff53b1ddd26,sell,0xd26114cd6ee289accf82350c8d8487fedb8a0c07,0x1a82c27162045caa95e928b6ecd41f8c6e3a907fbef3ad4f13303ba2ab06a1dc
