,amount,amountBase,buyer,date,price,seller,side,tokenAddr,txHash
0,389.3907443669217,0.04900910847676513,0x104b9f50913ccdd26ee542d693005746403e2b95,2017-11-02T10:09:18.000Z,0.00012586099999999998,0x793807e7fcc3bc4705dcd8eb802ac06a5f580a3d,sell,0x0abdace70d3790235af448c88547603b945604ea,0x7cbd9773a12e9a20ac2e692fae0dd3372513f01c6b0ae418cb5b69abc8814769
1,163.60496144343236,0.020975792106662464,0xd95603cbd814f1dbc151bed44d743d15f51c6fa4,2017-11-02T10:07:42.000Z,0.00012821,0x793807e7fcc3bc4705dcd8eb802ac06a5f580a3d,sell,0x0abdace70d3790235af448c88547603b945604ea,0xfed5b482dc3cdd6ab0aef50df2b2971e028d001a1def35b0fbacc72a12a0a450
2,317.085,0.040611295545,0x5557a30d864e438e7b21ef97df9d1034e7c16cf5,2017-11-02T10:07:42.000Z,0.000128077,0x793807e7fcc3bc4705dcd8eb802ac06a5f580a3d,sell,0x0abdace70d3790235af448c88547603b945604ea,0x751592005c037cbf48da2900637e7723415bdcae46f3df01709838f41a40afc6
3,625.493,0.080063104,0x8c16c8fe98a50b515cf8268090bcb8886b241908,2017-11-02T10:07:42.000Z,0.000128,0x793807e7fcc3bc4705dcd8eb802ac06a5f580a3d,sell,0x0abdace70d3790235af448c88547603b945604ea,0xade1a923deea351e326efd023744c1457b61177f8014a2d89124b1dce6ac6f86
4,3.5714285714285716,0.0005,0x4fda9e6bcd83af6c5cc771b5d20accc2b7720074,2017-11-02T09:49:42.000Z,0.00014,0x5bfc2bda4e00a4e20ecb4bbbf6a5521f9fe47590,buy,0x0abdace70d3790235af448c88547603b945604ea,0x376b59581273bc21a95fc9bb9837b041f88963d020614c55eb998bf23e5cb21a
5,3.5714285714285716,0.0005,0x3075f7f189912f4f425dd7021b9c396434197477,2017-11-02T09:34:58.000Z,0.00014,0x5bfc2bda4e00a4e20ecb4bbbf6a5521f9fe47590,buy,0x0abdace70d3790235af448c88547603b945604ea,0x900e255389b60364a708fbc38bfa3ff38550b63b8b88c6b1f26b451dd206e747
6,1682.9149636128004,0.21554269979463664,0x5557a30d864e438e7b21ef97df9d1034e7c16cf5,2017-11-02T07:37:10.000Z,0.000128077,0x3a976fef9e8613b11f92dc9586e953d044b6bf52,sell,0x0abdace70d3790235af448c88547603b945604ea,0x21c2ca6648afa888694e713bcb46fba6ff3cceeec56c480fd2901c7b960bea33
7,1007,0.12910747,0xdeda7f64058ce77180ef53de5c27ddbe11968c9b,2017-11-02T07:36:27.000Z,0.00012821,0x3a976fef9e8613b11f92dc9586e953d044b6bf52,sell,0x0abdace70d3790235af448c88547603b945604ea,0x1fec05d7274d8ba5c6ae7258ac74cf42bf877d77b8bf1ca3bc63a9f22dcb29ce
8,300,0.0387,0x5aeda141ceb7323825fb57f8c0fae9a0a97a1674,2017-11-02T07:36:08.000Z,0.000129,0x3a976fef9e8613b11f92dc9586e953d044b6bf52,sell,0x0abdace70d3790235af448c88547603b945604ea,0x799c6b1c7501f801b7c66706c8400ff73b81edc21e5394960f471564df3a79b2
9,8159.571126156761,1.0444251041480654,0x8c16c8fe98a50b515cf8268090bcb8886b241908,2017-11-02T06:08:31.000Z,0.000128,0x3efd9b0bd8e4595bc494539aca584821950106ee,sell,0x0abdace70d3790235af448c88547603b945604ea,0x024b925e1bffc689d3bbbe34903197e9063cd4112435dab5bf54657126030026
10,1235.3950385565677,0.15838999789333755,0xd95603cbd814f1dbc151bed44d743d15f51c6fa4,2017-11-02T03:05:25.000Z,0.00012821,0xc97c57f3821ccc07ccbab56c9f1fe0ef8f5dc108,sell,0x0abdace70d3790235af448c88547603b945604ea,0x40ce45213f0c96e2b079de259a7d1dfa5337f24c546551bca6120ed5d0c15a57
11,198.81357602477507,0.029424409251666714,0xa8bbd768ae1bae2e29e3cea581e4d21b30727e17,2017-11-02T02:46:43.000Z,0.000148,0xdeda7f64058ce77180ef53de5c27ddbe11968c9b,buy,0x0abdace70d3790235af448c88547603b945604ea,0xd95760ddd33327ee50af7caedb3ce7e03cce5158eb73f4de0782a4cf77e1bdf0
12,680,0.10064,0xa8bbd768ae1bae2e29e3cea581e4d21b30727e17,2017-11-02T02:43:55.000Z,0.000148,0xdeda7f64058ce77180ef53de5c27ddbe11968c9b,buy,0x0abdace70d3790235af448c88547603b945604ea,0x78378073a8896d03d5667beb45421f9382c612bafe5d3dafaf254df90491fb37
13,2500,0.320525,0xd95603cbd814f1dbc151bed44d743d15f51c6fa4,2017-11-01T23:17:41.000Z,0.00012821,0xd607d781a1d4eccdb45101b9e9c11777b438c9da,sell,0x0abdace70d3790235af448c88547603b945604ea,0x00caaa6d3ff2c8cce0b4a05ba9b3068ce5554af6ea94a2d40991f31638940675
14,1214.9357897734963,0.15551178109100752,0x8c16c8fe98a50b515cf8268090bcb8886b241908,2017-11-01T18:24:49.000Z,0.000128,0xd191654db9f3194383ee2d9076947a85abb21655,sell,0x0abdace70d3790235af448c88547603b945604ea,0x2de6a1f9df27a7a244f512fc95f5a7ac9ea1c412d5eb8f4f6c1f1f8deee42ecf
15,7300,0.949,0x8c16c8fe98a50b515cf8268090bcb8886b241908,2017-11-01T18:20:37.000Z,0.00013,0xd191654db9f3194383ee2d9076947a85abb21655,sell,0x0abdace70d3790235af448c88547603b945604ea,0x263ec39f2c4318b6c59ed0f298946aba2c4d8d69c7296dc029481e085b3968d2
16,9.070697186645862,0.001279059010288932,0x5aeda141ceb7323825fb57f8c0fae9a0a97a1674,2017-11-01T18:20:37.000Z,0.00014100999999999987,0xd191654db9f3194383ee2d9076947a85abb21655,sell,0x0abdace70d3790235af448c88547603b945604ea,0x654ddcf69fedfd59afd02f552f87498708d42730ee72296f31967c9bc5dfa824
17,100,0.0135,0xd6146c64896d92d4d32c37cb06779ddf20a05c82,2017-11-01T18:20:37.000Z,0.000135,0xd191654db9f3194383ee2d9076947a85abb21655,sell,0x0abdace70d3790235af448c88547603b945604ea,0x84982f933e73a3a0439c6085ccb3330502a805d882f678198eca9f926ffbae0b
18,683.7355922139748,0.09641355585809258,0xdeda7f64058ce77180ef53de5c27ddbe11968c9b,2017-11-01T17:46:01.000Z,0.00014100999999999998,0xb830c3fd6bf97fcb7c3e086b3ea72458350ea20f,sell,0x0abdace70d3790235af448c88547603b945604ea,0xbb292d50e23a59783ed5502f2c40b55678a3eda2f5d4e92eb0de6cce82687d40
19,5030,0.7093306,0x0e000ff196d574b59e3f423785cef0a0764a3bc2,2017-11-01T17:44:44.000Z,0.00014102,0xb830c3fd6bf97fcb7c3e086b3ea72458350ea20f,sell,0x0abdace70d3790235af448c88547603b945604ea,0x75b16c9539f3977b23bc1c8af89ae3bfaf7cbc5b57cb4571a6c40d40d55a764e
20,708,0.09983508,0xdeda7f64058ce77180ef53de5c27ddbe11968c9b,2017-11-01T15:26:49.000Z,0.00014101,0x7616bb991081160eb20ff62ba47da6e54f5c8728,sell,0x0abdace70d3790235af448c88547603b945604ea,0x4d5ad5adec56dfa2c1852aa87c511b440fd1cf648cc7460a80f93ca7e23d455c
21,0.018,0.00000253818,0x5aeda141ceb7323825fb57f8c0fae9a0a97a1674,2017-11-01T14:30:09.000Z,0.00014101,0x994c5857751ecafecbff55b97fadda1c5b37136d,sell,0x0abdace70d3790235af448c88547603b945604ea,0x117ae556d59a051824da9f000a1ad89e48bdd106d03d57e2cf6e8303111f66f7
22,654.4773753459833,0.08704549092101578,0x1804111464a198d8b0450bdbf7cb9fd65a903baf,2017-11-01T14:28:40.000Z,0.00013299999999999998,0x799671dd187ac29ae1f50f75e3e3fec2282471d7,sell,0x0abdace70d3790235af448c88547603b945604ea,0xbf0945573d1b3f09c46de18c4b803f0ac31d9e2b41f5199279c009c2eadd1f0d
23,7250,1.02225,0xfb3c71bdf0af0efa63a57fd6030c57f3cbc846e1,2017-11-01T14:19:59.000Z,0.000141,0xb830c3fd6bf97fcb7c3e086b3ea72458350ea20f,sell,0x0abdace70d3790235af448c88547603b945604ea,0x98b0be91549e3abc0585aae588e013ecc2ffd132bbb7df9285e4d0f29f425f87
24,409.13165107248824,0.060792872032861024,0x86c2569d9a1a3e318fbfb448efbaf94bf061ae4a,2017-11-01T13:48:33.000Z,0.00014858999999999999,0x4ba0b4cbe5346eb1766cfd7ea30b1579e4f0d3da,buy,0x0abdace70d3790235af448c88547603b945604ea,0x3f145668661ebf237a46de809864e89909082a79acc405314c7713379d012f4b
25,1324.862,0.19663601804,0xa8ebce443fddd76cc1ab018d96b4f5e3b629f1e6,2017-11-01T11:42:23.000Z,0.00014842,0x4ba0b4cbe5346eb1766cfd7ea30b1579e4f0d3da,buy,0x0abdace70d3790235af448c88547603b945604ea,0x751c591b0da35df0dd0dd404dbbd3a2aacec52be8110e340582d195e6fe781ea
26,2700,0.351,0x8c16c8fe98a50b515cf8268090bcb8886b241908,2017-11-01T11:14:05.000Z,0.00013,0x0e14dea2bbb1f49bfa42993a6ceb67f66fa87b90,sell,0x0abdace70d3790235af448c88547603b945604ea,0xc6fcc51765c8f17a0bb9affa1c2d4315ad2cda0be19ced778d31c560d6d87772
27,3199.589647411853,0.4265053,0x5e36818f14e672ddd980bc522d2c1744cf06f422,2017-11-01T11:11:18.000Z,0.0001333,0x0e14dea2bbb1f49bfa42993a6ceb67f66fa87b90,sell,0x0abdace70d3790235af448c88547603b945604ea,0x92fe1dfd3667896ba64d065592da5685c81ab938a013a76b2203005785a47d4b
28,1234,0.1644922,0x5e36818f14e672ddd980bc522d2c1744cf06f422,2017-11-01T11:00:26.000Z,0.0001333,0x641cf5dec78db66010db72471a3fafcc9c168557,sell,0x0abdace70d3790235af448c88547603b945604ea,0x6b827c529083788676687e95b978a35cd26e77b932db4779e3cf1353f2f51186
29,5000,0.6665,0x5e36818f14e672ddd980bc522d2c1744cf06f422,2017-11-01T10:57:54.000Z,0.0001333,0x641cf5dec78db66010db72471a3fafcc9c168557,sell,0x0abdace70d3790235af448c88547603b945604ea,0x354a65e8a43bd76b84349de69c119191a0d42699c0e855863e2d60881cca11bc
30,1000,0.136,0x7616bb991081160eb20ff62ba47da6e54f5c8728,2017-11-01T10:55:59.000Z,0.000136,0x0e14dea2bbb1f49bfa42993a6ceb67f66fa87b90,sell,0x0abdace70d3790235af448c88547603b945604ea,0xb652b9f4901616d1a63601f1e6011be6bab09d3ac72882fb858dc9647ff19ce4
31,3088,0.4598032,0x1e4a7832a4f589fb9c12e88a5aa8fbfd7ed077aa,2017-11-01T05:04:18.000Z,0.0001489,0x1ca9bd189db5ab9099a4b17a15cf3ac3da289c38,buy,0x0abdace70d3790235af448c88547603b945604ea,0x7e138dc7492001cdc5ddfde68413fcc24b43e1d0a3ffe1e73d24c5ffd073f6a9
32,100,0.014,0x422eb5c53cd908dfee11c46ff2d5b9593e3c885e,2017-11-01T03:55:08.000Z,0.00014,0x8fd2515a5b29e61220ee080d484d1f2ea4c46e6b,sell,0x0abdace70d3790235af448c88547603b945604ea,0xb10bf366435ae310f37085ed11f01601796a2c59e4a9cbee95308c7fe8e179fc
33,95.79196647099118,0.013506667272409754,0xef6274bb851c1f56f699d4a4b167a4764599095d,2017-11-01T03:54:38.000Z,0.00014099999999999998,0x8fd2515a5b29e61220ee080d484d1f2ea4c46e6b,sell,0x0abdace70d3790235af448c88547603b945604ea,0xdfc357f882a937e42c492ac033ce608002d8d337a1f56192bf4691a39f857bba
34,200,0.0277382,0xf30a200444ddc48f54bdac2eb3cb4a193aff68c9,2017-11-01T03:52:59.000Z,0.000138691,0x8fd2515a5b29e61220ee080d484d1f2ea4c46e6b,sell,0x0abdace70d3790235af448c88547603b945604ea,0x63723eeccb7e3914837a8b44f8b72f9e23f89faa936950f758e5e2395f538e04
35,20000,2.70002,0x8c16c8fe98a50b515cf8268090bcb8886b241908,2017-11-01T03:49:14.000Z,0.000135001,0x8fd2515a5b29e61220ee080d484d1f2ea4c46e6b,sell,0x0abdace70d3790235af448c88547603b945604ea,0x41adcb8b688853a5c4020cb67bef5fe1b90db1693d34a410ab2b08dda27a2275
36,1500,0.2026755,0x5557a30d864e438e7b21ef97df9d1034e7c16cf5,2017-11-01T03:43:32.000Z,0.000135117,0x0bad0d4699d16b6a9c1346be706b3de39fd0ad82,sell,0x0abdace70d3790235af448c88547603b945604ea,0x7a36044916596c74e7f0bd5b1c4f772e14ebb6750dd257b1f71d13211d535bf7
37,1908.1067134280054,0.26713493987992076,0x35ac21f58e1b8936ff8d581868411f555c892b76,2017-11-01T01:59:12.000Z,0.00014,0x8fd2515a5b29e61220ee080d484d1f2ea4c46e6b,sell,0x0abdace70d3790235af448c88547603b945604ea,0x3b18f7ebee5e181d42673c05c3abb993f23f32820ff6ef53b3a58a191339a586
38,2158.2371470422245,0.32373557205633363,0x0062d86ca27204fcd8d859e07741b1222291bb9d,2017-11-01T01:57:54.000Z,0.00015,0x5438843c490dea4ad75d29f2564929017a88914a,buy,0x0abdace70d3790235af448c88547603b945604ea,0x40d25a6e1b204a0c4a2407a8e8274ba1599b1d765ceb432213bce6dec544f906
39,283,0.0419972,0x0062d86ca27204fcd8d859e07741b1222291bb9d,2017-11-01T01:49:05.000Z,0.0001484,0xdeda7f64058ce77180ef53de5c27ddbe11968c9b,buy,0x0abdace70d3790235af448c88547603b945604ea,0xb4eb31f49e044a2a6d0c44f5193bd3993ec991ced13df69c354e3fa2ebe3195d
40,100,0.0141,0x422eb5c53cd908dfee11c46ff2d5b9593e3c885e,2017-11-01T01:48:49.000Z,0.000141,0x8fd2515a5b29e61220ee080d484d1f2ea4c46e6b,sell,0x0abdace70d3790235af448c88547603b945604ea,0x023595a234e025f12cd2c08a8b993620751b63704e71ed4291ca460a9521aa2c
41,200,0.0282002,0xf30a200444ddc48f54bdac2eb3cb4a193aff68c9,2017-11-01T01:39:37.000Z,0.000141001,0x8fd2515a5b29e61220ee080d484d1f2ea4c46e6b,sell,0x0abdace70d3790235af448c88547603b945604ea,0xe0c1111bd3785a305945ecb3828b2b4e9a9c48c74f48415ef6f2e8a3c2d407df
42,12000,1.68,0x35ac21f58e1b8936ff8d581868411f555c892b76,2017-11-01T01:05:44.000Z,0.00014,0x8fd2515a5b29e61220ee080d484d1f2ea4c46e6b,sell,0x0abdace70d3790235af448c88547603b945604ea,0xf01221bfbcb3fce45c80b33e6eab669bf3fb2454d305c41c56dcdd7472e21f75
43,1448.8932865719946,0.20284506012007925,0x35ac21f58e1b8936ff8d581868411f555c892b76,2017-10-31T23:22:16.000Z,0.00014,0x0cee9942a8dc4aa6f594d680f6b9654f02ab62d1,sell,0x0abdace70d3790235af448c88547603b945604ea,0xf96e986041198f1b33c668de0f7d4afbfa76e7d4a4c44a77b6daf925d21162ee
44,414.8649187518692,0.05849595354401356,0xef6274bb851c1f56f699d4a4b167a4764599095d,2017-10-31T23:15:42.000Z,0.00014099999999999998,0x7af979b855f2ccbefa4f6bc5a81c1429a9bb851b,sell,0x0abdace70d3790235af448c88547603b945604ea,0x7fd3f2e6160dc8b144a0af841e497eacb8d41fd3c7e92c0b7d9244ed1747d050
45,283,0.039903283,0xdeda7f64058ce77180ef53de5c27ddbe11968c9b,2017-10-31T23:14:46.000Z,0.000141001,0x7af979b855f2ccbefa4f6bc5a81c1429a9bb851b,sell,0x0abdace70d3790235af448c88547603b945604ea,0xb49c5bc736ee0942d6126d891537b50a5beb1c7e19f009a9ead8e2b027da9abd
46,819.7957569687261,0.11559120173259038,0x242161026d3db889df2573b50959e5d705c9910a,2017-10-31T22:50:33.000Z,0.00014099999999999998,0x0cee9942a8dc4aa6f594d680f6b9654f02ab62d1,sell,0x0abdace70d3790235af448c88547603b945604ea,0x6937732a47fcedec53a81c0749e7d43afe1dbef2126aa08c88a91ce196285ae7
47,996.9095803010667,0.14056425082245042,0xef6274bb851c1f56f699d4a4b167a4764599095d,2017-10-31T21:51:43.000Z,0.00014099999999999998,0x527eee074b45bdc782075223df9d29aff1a64597,sell,0x0abdace70d3790235af448c88547603b945604ea,0x61583594d14a5d06c1afb6128aa431a193e5d343df49845bcb63e8c3306f1f76
48,100,0.0142,0x422eb5c53cd908dfee11c46ff2d5b9593e3c885e,2017-10-31T21:15:34.000Z,0.000142,0x0cee9942a8dc4aa6f594d680f6b9654f02ab62d1,sell,0x0abdace70d3790235af448c88547603b945604ea,0x06ab4ed222d24134c1ad9523f6519878fdc1ae71cf490a8b2769e06d3de4d6c0
49,88,0.01276,0xd6146c64896d92d4d32c37cb06779ddf20a05c82,2017-10-31T19:41:50.000Z,0.000145,0x38a4ff00c207cbd78ab34b6ddd1b8754e4498508,sell,0x0abdace70d3790235af448c88547603b945604ea,0xf10fe2ec04fadc86b66d866e3bc644cf2f5ea9de5b8a397d02831ceacc1b58ed
50,100,0.01453,0x422eb5c53cd908dfee11c46ff2d5b9593e3c885e,2017-10-31T19:39:20.000Z,0.0001453,0x38a4ff00c207cbd78ab34b6ddd1b8754e4498508,sell,0x0abdace70d3790235af448c88547603b945604ea,0xbcfff48ba249547fef3c7aaec558c23f5d0cc3016707f5d57673498dcb444924
51,100,0.014532,0x422eb5c53cd908dfee11c46ff2d5b9593e3c885e,2017-10-31T18:54:14.000Z,0.00014532,0x38a4ff00c207cbd78ab34b6ddd1b8754e4498508,sell,0x0abdace70d3790235af448c88547603b945604ea,0x3a818aef1f78d73a9b0fc1682dc15f45b10770d19aee955b8479922e04f3fb7e
52,997.9069448776494,0.14180257686711398,0xcba47dba4a8a9642b4b4f4e5e80479a17376f700,2017-10-31T18:00:05.000Z,0.00014209999999999998,0xfa659c3f28530216b2ced5c95612ba58ea3feead,sell,0x0abdace70d3790235af448c88547603b945604ea,0x438e3c4b5b18c59bf3a187eca10c286289716e60d91383c4b4dd812a0d243c42
53,7393.3062505937405,1.0424561813337174,0x242161026d3db889df2573b50959e5d705c9910a,2017-10-31T17:47:21.000Z,0.00014099999999999998,0x3b7200a758e35777c72e635ddf59e8d3aab4dadb,sell,0x0abdace70d3790235af448c88547603b945604ea,0x72552848583b7a4ed4e316b5e9eb01a326e15821d9b02addc01a09fd44f609fb
54,250,0.03633,0xb5568c80ca973525bf905251c5ba9877dfb2fe88,2017-10-31T17:33:59.000Z,0.00014532,0x3b7200a758e35777c72e635ddf59e8d3aab4dadb,sell,0x0abdace70d3790235af448c88547603b945604ea,0x6d3115156878f708b604456fe3306fa0e9800f48a2c85770e45155daf0064fb0
55,2000,0.29798,0xa536a5cba8f611fdbfd0bb79b059e24a0c6aa4c5,2017-10-31T16:47:15.000Z,0.00014899,0x3b7200a758e35777c72e635ddf59e8d3aab4dadb,sell,0x0abdace70d3790235af448c88547603b945604ea,0x4c41051d528febc5fd0703b685eddfb6bc34942a3d08d2f6153fc233696c7606
56,468.8668713962565,0.0689234300952497,0x50ce537ddd25763d7c914262c1794f6bd900c902,2017-10-31T16:38:33.000Z,0.000147,0x5438843c490dea4ad75d29f2564929017a88914a,sell,0x0abdace70d3790235af448c88547603b945604ea,0xf0964487fcc46750192508d1ef4f23940230382a07dbd85f23e229e553344e0a
57,100,0.0147001,0xf30a200444ddc48f54bdac2eb3cb4a193aff68c9,2017-10-31T16:38:23.000Z,0.000147001,0x5438843c490dea4ad75d29f2564929017a88914a,sell,0x0abdace70d3790235af448c88547603b945604ea,0x6c23745b6cb9c2034289974caf915f049817e0a06dc8c5adc7066e6f88eedef6
58,41.218,0.0060714114,0x492842125e4c3a7d10cda0e0291ea22788e4ad60,2017-10-31T16:38:17.000Z,0.0001473,0x5438843c490dea4ad75d29f2564929017a88914a,sell,0x0abdace70d3790235af448c88547603b945604ea,0x2d14a3e60559deaac914fc2493e3e24d114dcdb3b5a25cf0bdea6b031d584d2e
59,5634.13824786474,0.8845597049147642,0xde79f91a588f92cd14242bae7bed0edad872c87e,2017-10-31T15:15:44.000Z,0.000157,0x3b7200a758e35777c72e635ddf59e8d3aab4dadb,buy,0x0abdace70d3790235af448c88547603b945604ea,0xc962f3776133d952ac05d01c58111ec7174bdebb8e093876c2ded0ab746f4068
60,247.14481771154433,0.036827049287197225,0x0f5ef870283ca2d11b0a8c52cab654585b9b60d7,2017-10-31T14:25:22.000Z,0.00014900999999999998,0x3b7200a758e35777c72e635ddf59e8d3aab4dadb,sell,0x0abdace70d3790235af448c88547603b945604ea,0x89e09e47b92ac4ff0939282e4708885b32d06ea87390e55c2f2a88910f2c3b90
61,500,0.0825,0xa8ebce443fddd76cc1ab018d96b4f5e3b629f1e6,2017-10-31T13:57:03.000Z,0.000165,0x1ca9bd189db5ab9099a4b17a15cf3ac3da289c38,buy,0x0abdace70d3790235af448c88547603b945604ea,0xe9c7ae92e802550d9779c6299d4172091d978f1f4f5d747c2acb4d99e5c46780
62,30404.246653555794,4.286998778151367,0x242161026d3db889df2573b50959e5d705c9910a,2017-10-31T13:08:01.000Z,0.00014099999999999998,0xfb3df41415dc28cd70fc120d4bc643bd5ac2c087,sell,0x0abdace70d3790235af448c88547603b945604ea,0x15071bc7f60cde33606a7a31c33309bd63e9db45d38da518a8c27cdfe6a0549c
63,500,0.075,0x4f1e07dcacbc47616e0934da45123fb5ffc57599,2017-10-31T12:55:29.000Z,0.00015,0xfb3df41415dc28cd70fc120d4bc643bd5ac2c087,sell,0x0abdace70d3790235af448c88547603b945604ea,0xddf7e90e78817c63692091f359c7fcfca1aecb4ad885deeb1d63726e4b7f249f
64,0.000000000000070833,0.000000000000000017,0x815a05854329170ffc04c0421a358325128d70c1,2017-10-31T12:24:37.000Z,0.0002400011294170796,0xfae9cdbb31856a1769532e0f52ef12521b886f1c,buy,0x0abdace70d3790235af448c88547603b945604ea,0x841ee834070485801aa6567f7b93a788ae333f51d0b82923e8341d34da56cd52
65,0.000000000687270833,0.000000000000164945,0x815a05854329170ffc04c0421a358325128d70c1,2017-10-31T12:21:06.000Z,0.00024000000011640242,0xfae9cdbb31856a1769532e0f52ef12521b886f1c,buy,0x0abdace70d3790235af448c88547603b945604ea,0x5f242b553d1c057a405c0a87b3cf70a26846f24c174af34c10bcf2f5373fa7dc
66,0.000006894019991666,0.000000001654564798,0x815a05854329170ffc04c0421a358325128d70c1,2017-10-31T12:20:48.000Z,0.0002400000000000232,0xfae9cdbb31856a1769532e0f52ef12521b886f1c,buy,0x0abdace70d3790235af448c88547603b945604ea,0x8fec48dcf6ad4877ea89e6637fde495f50b17557694da8ec33cd099aaac007aa
67,0.06915391449435417,0.000016596939478645,0x815a05854329170ffc04c0421a358325128d70c1,2017-10-31T12:19:11.000Z,0.00024,0xfae9cdbb31856a1769532e0f52ef12521b886f1c,buy,0x0abdace70d3790235af448c88547603b945604ea,0x5df9fc836894516c0a90c13147bba1b9eaa0e9122f4d6eecec25dc2c4d11152e
68,996.9095803010667,0.16648389991027815,0x815a05854329170ffc04c0421a358325128d70c1,2017-10-31T12:15:12.000Z,0.000167,0xcba47dba4a8a9642b4b4f4e5e80479a17376f700,buy,0x0abdace70d3790235af448c88547603b945604ea,0xf491a441d401ed30e51286d85bd4fa34b91d7524cecd50697184cbd2c4685bfd
69,6700,1.0586,0x0e14dea2bbb1f49bfa42993a6ceb67f66fa87b90,2017-10-31T10:58:28.000Z,0.000158,0xb830c3fd6bf97fcb7c3e086b3ea72458350ea20f,buy,0x0abdace70d3790235af448c88547603b945604ea,0xe86631d0b0604571660fc5600ab21dd385c61d286f3d2ff9b51ae5310d810231
70,201,0.03015,0x0e14dea2bbb1f49bfa42993a6ceb67f66fa87b90,2017-10-31T10:55:41.000Z,0.00015,0x7e3d133519d9f83319315e058d622802f044b4e3,buy,0x0abdace70d3790235af448c88547603b945604ea,0x7ff39a98b553d9151161540fa2e245bdeb5ea91dfa26b99f44e9d60fa953eed6
71,30000,4.53,0x3cb319e3dc7432c795b70ffaa05e90ba46107305,2017-10-31T10:44:46.000Z,0.000151,0xb830c3fd6bf97fcb7c3e086b3ea72458350ea20f,sell,0x0abdace70d3790235af448c88547603b945604ea,0xd84bebae571c0712a6580f69b8b8b36e275a0cf644f0e256b62a1a371ed189b8
72,1308.781776492872,0.19278355567740005,0x492842125e4c3a7d10cda0e0291ea22788e4ad60,2017-10-31T09:18:17.000Z,0.0001473,0x527e6009e17c7e85ca8c3912accd8f0e12b89e2b,sell,0x0abdace70d3790235af448c88547603b945604ea,0x584bf48b96e756d03b51dff58b55c9aee6cb28eea40ce039159f850300adb10e
73,900,0.135,0x4c089456d94898f430ab5e2fb2b071eb1adf7864,2017-10-31T07:47:59.000Z,0.00015,0x7e3d133519d9f83319315e058d622802f044b4e3,buy,0x0abdace70d3790235af448c88547603b945604ea,0x601bf2e7202d812d9d24efc43b9e2828c0a58ce1fcae6d73c4962d20dd18fd4d
74,10018.638892154322,1.4927771949309938,0xd0d089fe18092dcb94a1a06b2496a5b9a611d3a5,2017-10-31T05:24:22.000Z,0.000149,0xf15822cf81840ea5a8e1e7748b72abee5f93a152,sell,0x0abdace70d3790235af448c88547603b945604ea,0xdf75c05d34bb2f6216ef05da5ef611e365115cb4f8bdea9d4876cecc5ae2af07
75,2869.254311633935,0.42754758497657264,0x0f5ef870283ca2d11b0a8c52cab654585b9b60d7,2017-10-31T04:40:37.000Z,0.00014900999999999998,0x31c8a47c2b84ad46162316d1c82f6e226ab1a80b,sell,0x0abdace70d3790235af448c88547603b945604ea,0x07bdff72afcafc6ebd5e55686f96057b9d1d8021b3cf8592c397a0bc69668f47
76,753.6636427076064,0.11230341939986044,0x0f5ef870283ca2d11b0a8c52cab654585b9b60d7,2017-10-31T04:31:37.000Z,0.00014900999999999998,0xa81d30697eaf18bc2d0b6a87ec5aa22e0506be42,sell,0x0abdace70d3790235af448c88547603b945604ea,0x287e3859b9ad311e9b6770f7472377ad90180a47a0e4e00149598fbd145479fd
77,7206.376777709102,1.0738222036464333,0x0f5ef870283ca2d11b0a8c52cab654585b9b60d7,2017-10-31T04:14:12.000Z,0.00014900999999999998,0x2dd2fa545e53712d50fa4ae81743cce8bf560ab9,sell,0x0abdace70d3790235af448c88547603b945604ea,0xcbcbbf2bb161a562515694408c6d2c87d1a3ff1f943d1eae28a095b3e2737550
78,3.0583097333764,0.000455718733370417,0x0f5ef870283ca2d11b0a8c52cab654585b9b60d7,2017-10-31T04:08:55.000Z,0.00014900999999999988,0xe444a40689f51f63bcd29910622035707d533d29,sell,0x0abdace70d3790235af448c88547603b945604ea,0x32ff6e46e351a199139d36dd837d8987c3ae4e2f88893bb2f9ccb3ac17d959ff
79,1670.5021405044363,0.24892152395656605,0x0f5ef870283ca2d11b0a8c52cab654585b9b60d7,2017-10-31T03:54:41.000Z,0.00014900999999999998,0x828afb810208e8a9d5b2a27a02e0f0add4e48312,sell,0x0abdace70d3790235af448c88547603b945604ea,0x924e8f28331e84ca7bcc3c1c2054267ca681bfae0ab9afd9756a328324df2180
80,503.7015252716579,0.07505152726547702,0xd0d089fe18092dcb94a1a06b2496a5b9a611d3a5,2017-10-31T01:26:20.000Z,0.000149,0x9c5faed48240954efe9b5f666d1b6df1de3fa2ae,sell,0x0abdace70d3790235af448c88547603b945604ea,0xaa0f2e36cf693ed8614485f6c0edde032f96975ce7d331fb21613305da5aec90
81,477.45,0.07161702255,0x1ca9bd189db5ab9099a4b17a15cf3ac3da289c38,2017-10-30T23:16:04.000Z,0.000149999,0xbcf46ec3a07529eec00c27a8a73e23fe48abe3dd,buy,0x0abdace70d3790235af448c88547603b945604ea,0x45705eda6847141750f01b44b626350a76a9c192d87e0f405be9fd142d9c4bb8
82,498.5,0.07477495015,0x1ca9bd189db5ab9099a4b17a15cf3ac3da289c38,2017-10-30T22:49:37.000Z,0.0001499999,0xbcf46ec3a07529eec00c27a8a73e23fe48abe3dd,buy,0x0abdace70d3790235af448c88547603b945604ea,0x077950e26b213040f4971ca4ab0b45ca99f4d63c9079ecd5ba3b8887f7f26e78
83,498.5,0.07477495015,0x1ca9bd189db5ab9099a4b17a15cf3ac3da289c38,2017-10-30T22:47:13.000Z,0.0001499999,0xbcf46ec3a07529eec00c27a8a73e23fe48abe3dd,buy,0x0abdace70d3790235af448c88547603b945604ea,0xcd4f0b03e5900d26a5311bceb8059c1e95b017607c8a7fc3e04992c993fec06a
84,498.5,0.07477495015,0x1ca9bd189db5ab9099a4b17a15cf3ac3da289c38,2017-10-30T22:46:42.000Z,0.0001499999,0xbcf46ec3a07529eec00c27a8a73e23fe48abe3dd,buy,0x0abdace70d3790235af448c88547603b945604ea,0x4a9b4012da36262e585812af63c690443012fbb7ebe9c7932733230f518a1e98
85,21.042235811165014,0.003156333267451171,0x1d5321e125f6c7079a716705541c7b371ca79e69,2017-10-30T22:44:14.000Z,0.0001499999,0xbcf46ec3a07529eec00c27a8a73e23fe48abe3dd,buy,0x0abdace70d3790235af448c88547603b945604ea,0x2f08af7e0ab5fd10e70fa0f7a41f461256790d7442321fa996db92d9f33d6f6e
86,20.979297917412776,0.003524522050125346,0xfb6a263c3defa3252b05e28a734f3e966a859862,2017-10-30T22:44:14.000Z,0.000168,0x1d5321e125f6c7079a716705541c7b371ca79e69,sell,0x0abdace70d3790235af448c88547603b945604ea,0x2f08af7e0ab5fd10e70fa0f7a41f461256790d7442321fa996db92d9f33d6f6e
87,3.748432554684932,0.000629736669187068,0xfb6a263c3defa3252b05e28a734f3e966a859862,2017-10-30T22:22:53.000Z,0.00016799999999999986,0x1d5321e125f6c7079a716705541c7b371ca79e69,sell,0x0abdace70d3790235af448c88547603b945604ea,0x7f63b6d076e514860f09bc5eb3a78e2386870ca62216e06ee9449763fe65ff26
88,3.7596778523489864,0.000560191999999999,0x1d5321e125f6c7079a716705541c7b371ca79e69,2017-10-30T22:22:53.000Z,0.000149,0x19b2014c13fb196601a1c395c2817c4010198eb5,buy,0x0abdace70d3790235af448c88547603b945604ea,0x7f63b6d076e514860f09bc5eb3a78e2386870ca62216e06ee9449763fe65ff26
89,7911.919125055326,1.1796671415457491,0x6bad391397f5f6047d3b6752576ee1a4ae3d2927,2017-10-30T22:18:38.000Z,0.0001491,0x1d5321e125f6c7079a716705541c7b371ca79e69,sell,0x0abdace70d3790235af448c88547603b945604ea,0xc0cdd79d6b31802de586a243183d89bb2e3d1bf49bb41c63d8ee32393cc9a392
90,500,0.0738995,0x273a5d3e6721b9f5c1a6474f560c1334c63dda01,2017-10-30T22:18:38.000Z,0.000147799,0xbbe8a82dc936ac8a7f188624e42a1253dbb279ec,buy,0x0abdace70d3790235af448c88547603b945604ea,0x8d2ba048bcc632a1bf1645b22c7a38713bc79e2c431fab31ecae035b69df52e2
91,498.5,0.0752735,0xbcf46ec3a07529eec00c27a8a73e23fe48abe3dd,2017-10-30T22:18:38.000Z,0.000151,0x273a5d3e6721b9f5c1a6474f560c1334c63dda01,sell,0x0abdace70d3790235af448c88547603b945604ea,0xc00cdad3f9ba351c97d27e772bc081446994689668752733e369864af97d54be
92,498.5,0.0752735,0xbcf46ec3a07529eec00c27a8a73e23fe48abe3dd,2017-10-30T22:18:38.000Z,0.000151,0x273a5d3e6721b9f5c1a6474f560c1334c63dda01,sell,0x0abdace70d3790235af448c88547603b945604ea,0x8d2ba048bcc632a1bf1645b22c7a38713bc79e2c431fab31ecae035b69df52e2
93,7935.654882430492,1.1728818559683443,0x1d5321e125f6c7079a716705541c7b371ca79e69,2017-10-30T22:18:38.000Z,0.000147799,0xbbe8a82dc936ac8a7f188624e42a1253dbb279ec,buy,0x0abdace70d3790235af448c88547603b945604ea,0xc0cdd79d6b31802de586a243183d89bb2e3d1bf49bb41c63d8ee32393cc9a392
94,500,0.0738995,0x273a5d3e6721b9f5c1a6474f560c1334c63dda01,2017-10-30T22:18:38.000Z,0.000147799,0xbbe8a82dc936ac8a7f188624e42a1253dbb279ec,buy,0x0abdace70d3790235af448c88547603b945604ea,0xffb2a02711e144077cd3c055ed622fde9788a24536e54916479af71b9d60d172
95,498.5,0.0752735,0xbcf46ec3a07529eec00c27a8a73e23fe48abe3dd,2017-10-30T22:18:38.000Z,0.000151,0x273a5d3e6721b9f5c1a6474f560c1334c63dda01,sell,0x0abdace70d3790235af448c88547603b945604ea,0xffb2a02711e144077cd3c055ed622fde9788a24536e54916479af71b9d60d172
96,500,0.0738995,0x273a5d3e6721b9f5c1a6474f560c1334c63dda01,2017-10-30T22:18:38.000Z,0.000147799,0xbbe8a82dc936ac8a7f188624e42a1253dbb279ec,buy,0x0abdace70d3790235af448c88547603b945604ea,0xc00cdad3f9ba351c97d27e772bc081446994689668752733e369864af97d54be
97,498.5,0.0752735,0xbcf46ec3a07529eec00c27a8a73e23fe48abe3dd,2017-10-30T22:18:38.000Z,0.000151,0x273a5d3e6721b9f5c1a6474f560c1334c63dda01,sell,0x0abdace70d3790235af448c88547603b945604ea,0xf3390be509978acedbbe167e145fcba46f2c8fed92151640a01a9b7ad7a7e690
98,500,0.0738995,0x273a5d3e6721b9f5c1a6474f560c1334c63dda01,2017-10-30T22:18:38.000Z,0.000147799,0xbbe8a82dc936ac8a7f188624e42a1253dbb279ec,buy,0x0abdace70d3790235af448c88547603b945604ea,0xf3390be509978acedbbe167e145fcba46f2c8fed92151640a01a9b7ad7a7e690
99,10332.70332214765,1.539572795,0x73b7424a32b34806f9ba10129843ce9cc3069397,2017-10-30T22:14:25.000Z,0.000149,0x19b2014c13fb196601a1c395c2817c4010198eb5,buy,0x0abdace70d3790235af448c88547603b945604ea,0x65c2503bba9f6488aaba622bd24761e678539487a86e00132cb98f6183a26c81
100,2775.20933163415,0.4662351677145372,0xfb6a263c3defa3252b05e28a734f3e966a859862,2017-10-30T22:11:44.000Z,0.000168,0x4ba0b4cbe5346eb1766cfd7ea30b1579e4f0d3da,sell,0x0abdace70d3790235af448c88547603b945604ea,0x23e3ad2ff3f0b38caf502678c7597167667313b06335fc1637a8593016b2bd65
101,0.001,0.0000001699,0x0c4085d8e714ca77ac5f46cd2b80a92d238a7cd3,2017-10-30T20:06:37.000Z,0.0001699,0x24418ab1b19550b380652432eac1ab37bf3d0fa9,buy,0x0abdace70d3790235af448c88547603b945604ea,0xe957b21ab15503071e8b154d97acb2ac820cfca1da0516fd637ca01490c37297
102,200,0.03398,0x35a380150ccd36ce574264752cfa0ffd87bc9a73,2017-10-30T19:46:46.000Z,0.0001699,0x24418ab1b19550b380652432eac1ab37bf3d0fa9,buy,0x0abdace70d3790235af448c88547603b945604ea,0x31963a6f1c6a6aa71521c1c660203a5f09d37a8d7a18bb19934c82d68c4c2fa7
103,2500,0.41049975,0x10c8a5e306f10744debe870a5f9cefb1361cc06c,2017-10-30T17:39:37.000Z,0.0001641999,0xb830c3fd6bf97fcb7c3e086b3ea72458350ea20f,buy,0x0abdace70d3790235af448c88547603b945604ea,0x0390a21bbc626983439ecc341c865fda1657ee3a68a4b21c88d2de7c42e1b73c
104,25,0.004082,0x10c8a5e306f10744debe870a5f9cefb1361cc06c,2017-10-30T17:39:37.000Z,0.00016328,0x492842125e4c3a7d10cda0e0291ea22788e4ad60,buy,0x0abdace70d3790235af448c88547603b945604ea,0x7cd883d0b438d2ab39d2d3c5919ac698a185c97c39cc0a719f9e5368baed87d8
105,275,0.0451549725,0xfa659c3f28530216b2ced5c95612ba58ea3feead,2017-10-30T15:52:44.000Z,0.0001641999,0xb830c3fd6bf97fcb7c3e086b3ea72458350ea20f,buy,0x0abdace70d3790235af448c88547603b945604ea,0xe93946b6c1e5ce7bbf80efa7512dd5824379da45fc65ab7b2eff4873ce99495d
106,6500,1.06729935,0x1e4a7832a4f589fb9c12e88a5aa8fbfd7ed077aa,2017-10-30T14:33:22.000Z,0.0001641999,0xb830c3fd6bf97fcb7c3e086b3ea72458350ea20f,buy,0x0abdace70d3790235af448c88547603b945604ea,0x0875f8abbac3779ef57b2f4a2b2e76b2b0e020309e2af28abc00be776c181318
107,1225,0.200018,0x1e4a7832a4f589fb9c12e88a5aa8fbfd7ed077aa,2017-10-30T14:31:43.000Z,0.00016328,0x492842125e4c3a7d10cda0e0291ea22788e4ad60,buy,0x0abdace70d3790235af448c88547603b945604ea,0xde5fb890373cd181943c2dd9e385795587020ed8683fb4ce1f44694c097b67f7
108,1293.644,0.21033357796,0x1e4a7832a4f589fb9c12e88a5aa8fbfd7ed077aa,2017-10-30T14:29:56.000Z,0.00016259,0x9608d12302321e5717f4df4908aa451c36e5b99f,buy,0x0abdace70d3790235af448c88547603b945604ea,0x0955057232d758f32a9ce51d4f12515d87e4ce091d9d6643a388135acd9f7e86
109,999.8894564067701,0.16257202671717674,0xfa659c3f28530216b2ced5c95612ba58ea3feead,2017-10-30T12:04:28.000Z,0.00016259,0x9608d12302321e5717f4df4908aa451c36e5b99f,buy,0x0abdace70d3790235af448c88547603b945604ea,0xede61f25b7f64027464073b5f2f9a08526d43ebaa04793ad8674fdf4925afdd0
110,415.0626856644402,0.05856534494725252,0x9fd80d4e303985011fa4d4f288aaac7cd051eca6,2017-10-30T10:57:31.000Z,0.0001411,0x84564586e2a60532413e91fbc11508a640037fe7,sell,0x0abdace70d3790235af448c88547603b945604ea,0x18ebc75ad355b16d42b5144ff4d4fb4ddb52de1501afc8d8fd1b57ea37764aa9
111,318,0.0448698,0x9fd80d4e303985011fa4d4f288aaac7cd051eca6,2017-10-30T09:34:16.000Z,0.0001411,0x650d7913a9840987d80b5e8646f8ef9f82cf30e5,buy,0x0abdace70d3790235af448c88547603b945604ea,0x42947122b6c5d16d6f4dc55376c0d48081d8a6a1ea14d11b26fbcc89202acfe5
112,6000,0.891,0x42604f58d8cba3f394b3c106ea7ee159bba21bc1,2017-10-30T07:24:07.000Z,0.0001485,0x7dd685508022e1dc73b2a9ee278eb7197fc87a02,buy,0x0abdace70d3790235af448c88547603b945604ea,0x288d7626a44e3b9a2c334c45ab9032132a84c458107addbef6c158b279e1e771
113,5358.426,0.81999993078,0x42604f58d8cba3f394b3c106ea7ee159bba21bc1,2017-10-30T07:22:01.000Z,0.00015303,0x4ba0b4cbe5346eb1766cfd7ea30b1579e4f0d3da,buy,0x0abdace70d3790235af448c88547603b945604ea,0x5255d182bc31f6fc7e4c685ab492e08804fc12fdb5c43f619b3ac7ffd690e14a
114,2897.121,0.428773908,0x42604f58d8cba3f394b3c106ea7ee159bba21bc1,2017-10-30T07:22:01.000Z,0.000148,0x1ca9bd189db5ab9099a4b17a15cf3ac3da289c38,buy,0x0abdace70d3790235af448c88547603b945604ea,0x3b1ca60a932b7ce8f6e0d8e0c8587f9d25b877ec8e2c6bc09cd7438d4253daae
115,2042.845,0.301932491,0x42604f58d8cba3f394b3c106ea7ee159bba21bc1,2017-10-30T07:21:27.000Z,0.0001478,0x953d1111662196af36e9d387c0f909e14111fa76,buy,0x0abdace70d3790235af448c88547603b945604ea,0x44fa77e559debfbc96616fd39fa1a3e2595e553ff156597c14dda60f2bdb4f2e
116,100,0.014201,0x42604f58d8cba3f394b3c106ea7ee159bba21bc1,2017-10-30T07:21:27.000Z,0.00014201,0x7dd685508022e1dc73b2a9ee278eb7197fc87a02,buy,0x0abdace70d3790235af448c88547603b945604ea,0x86f18c3ab4117a4d2c80bedd6f097a5ade1f7889999451e60762f78886a4a928
117,41997,6.29955,0x42604f58d8cba3f394b3c106ea7ee159bba21bc1,2017-10-30T07:20:57.000Z,0.00015,0x87add8d1b9c51f48999ea310dab4ae40d7bf0d74,buy,0x0abdace70d3790235af448c88547603b945604ea,0xa9ba085d5cd94a1ab4e881b99e8b5b01073d38e7583b93833f08f24763739b53
118,247,0.03482947,0x42604f58d8cba3f394b3c106ea7ee159bba21bc1,2017-10-30T07:18:47.000Z,0.00014101,0xa49fdb01b57e943999aade25262cca6fc7f1b94f,buy,0x0abdace70d3790235af448c88547603b945604ea,0x474bf6a668ce05f7b9688de9d78f6f220b9a439e8dec932a8616e43d0706891f
119,0.09922323836515586,0.00001399146884187,0x5aeda141ceb7323825fb57f8c0fae9a0a97a1674,2017-10-30T06:38:54.000Z,0.0001410099999999937,0x70d692072e72e1b4b26b01be1541cb46af42d8cb,sell,0x0abdace70d3790235af448c88547603b945604ea,0xda3f782109fd8e8510b9385444fe9024f491424f84530814db199fea95ca50e5
120,3.472,0.000489552,0x242161026d3db889df2573b50959e5d705c9910a,2017-10-30T06:37:35.000Z,0.000141,0x70d692072e72e1b4b26b01be1541cb46af42d8cb,sell,0x0abdace70d3790235af448c88547603b945604ea,0xa8e744592692e4f57b61cee6c76d6e73a8efa64fd4406e0bee9b12e73773b51c
121,99,0.013959,0x242161026d3db889df2573b50959e5d705c9910a,2017-10-30T06:34:34.000Z,0.000141,0x70d692072e72e1b4b26b01be1541cb46af42d8cb,sell,0x0abdace70d3790235af448c88547603b945604ea,0xf51185799c570a1cc3da70ed4c2962c165109a4b9103becb8006943924ffa8fd
122,1102.8789468304042,0.1632260841308998,0x70d692072e72e1b4b26b01be1541cb46af42d8cb,2017-10-30T06:23:47.000Z,0.000148,0x1ca9bd189db5ab9099a4b17a15cf3ac3da289c38,buy,0x0abdace70d3790235af448c88547603b945604ea,0xba260ec9fa8c9ef8253ecc32b4d16218f878eb3abc241b399e187f3917b2c5e9
123,1000,0.147999,0x70d692072e72e1b4b26b01be1541cb46af42d8cb,2017-10-30T06:22:23.000Z,0.000147999,0x7dd685508022e1dc73b2a9ee278eb7197fc87a02,buy,0x0abdace70d3790235af448c88547603b945604ea,0x42b691d77f9805113fb62d6d7e79e95262d2bea91058e150421d17c70dd387ea
124,1274.404407558681,0.179691021465774,0x242161026d3db889df2573b50959e5d705c9910a,2017-10-30T05:29:11.000Z,0.00014099999999999998,0x2dad638998a5433d8e6cfc16d5f129affb607265,sell,0x0abdace70d3790235af448c88547603b945604ea,0xa11e3a785c3a582a3c1300e3d005172aaca4d7b6a59824f065844d5f1efdde6b
125,133.39856591174618,0.01880919779355621,0x242161026d3db889df2573b50959e5d705c9910a,2017-10-30T05:16:02.000Z,0.00014099999999999998,0x8988156d003068f226aff6d4abaf8fc880a84c47,sell,0x0abdace70d3790235af448c88547603b945604ea,0xe8f37545f875aa369ee311db8881663fd26df13a0a4f1ee7d334fc74fa6f4869
126,4000,0.591196,0x3acea4869e97beab7b7714eda5e30d95c2058587,2017-10-30T03:52:58.000Z,0.000147799,0xd990b20677084e0ecc854a956cb15a401515dfe8,buy,0x0abdace70d3790235af448c88547603b945604ea,0x6d6c063cdf3eee24505181bc3647ce67ad60dd71a8a3e0cae3310dc374927317
127,250,0.0352525,0x5aeda141ceb7323825fb57f8c0fae9a0a97a1674,2017-10-30T03:28:27.000Z,0.00014101,0xa49fdb01b57e943999aade25262cca6fc7f1b94f,buy,0x0abdace70d3790235af448c88547603b945604ea,0x82b8293df7019724bdb327e30a84379a21bf1a29fa2137657044f9291e458839
128,103,0.01452403,0x5aeda141ceb7323825fb57f8c0fae9a0a97a1674,2017-10-30T03:24:35.000Z,0.00014101,0xa49fdb01b57e943999aade25262cca6fc7f1b94f,buy,0x0abdace70d3790235af448c88547603b945604ea,0x302a7ba6c1940c38f1ef850d27ef5eeb9d14f6556ff7d51b7c9c768291d7f674
129,2951.83,0.433328644,0xa7d8cc7dfcdc28f7c92d1140535d4b4648dde186,2017-10-30T02:49:28.000Z,0.0001468,0xfc69e7c9afc6454f0a074f4bd7e366a516ea8b67,buy,0x0abdace70d3790235af448c88547603b945604ea,0x83137d91c57d8c5ecc96a38359ca9570b27efe962cb0137b830e0a91196d3f38
130,6795,0.998865,0xa7d8cc7dfcdc28f7c92d1140535d4b4648dde186,2017-10-30T02:48:07.000Z,0.000147,0xfbf7dc0756a9768d0c71aea5f8421f3b1eaee7d1,buy,0x0abdace70d3790235af448c88547603b945604ea,0xe05ea41b724b920e579de1928d0a25715df01c8885ffbf252d38e281a5ddb89b
131,3.5892294317071,0.000506117242165018,0xfae9cdbb31856a1769532e0f52ef12521b886f1c,2017-10-30T02:13:48.000Z,0.00014100999999999995,0x16e5d97bbc92417e051e3b2cabfbf8ceea2acb9c,sell,0x0abdace70d3790235af448c88547603b945604ea,0x78c58a881c73aba0d859e0bf16cd4724e1cfa5b74bb5ad58b55e4b3151cbbc7c
132,3.8346498964644,0.000540723981900445,0xfae9cdbb31856a1769532e0f52ef12521b886f1c,2017-10-30T02:13:20.000Z,0.00014100999999999998,0x379374d13077e8867ef31803c37baf9785a17c00,sell,0x0abdace70d3790235af448c88547603b945604ea,0xc994adea2797a181ea78069e2f1634e85d261fe1af3a32d82c84ae73e8073edb
133,22188.75636541131,3.128614647522995,0x242161026d3db889df2573b50959e5d705c9910a,2017-10-30T01:57:28.000Z,0.00014099999999999998,0xf7f491b7986c6e1ff9fa26d9ee430d69f02160d6,sell,0x0abdace70d3790235af448c88547603b945604ea,0xbf0b2f2038a06fcb3884f680af965f29299b3147496abd30518b61ae55931874
134,3489.5,0.4920195,0x242161026d3db889df2573b50959e5d705c9910a,2017-10-30T01:26:53.000Z,0.000141,0xe2a6897398ce7f25aa85053104cc65911dd38e26,sell,0x0abdace70d3790235af448c88547603b945604ea,0x7826b05a83054e673d36ab02f15ff2dede773949cb606100394f06d18cf837c6
135,1351.809215600767,0.1993918593011131,0x1e2f9c6a4af02390cc94fd72173efeb5346169b6,2017-10-29T21:27:29.000Z,0.0001475,0xfc69e7c9afc6454f0a074f4bd7e366a516ea8b67,buy,0x0abdace70d3790235af448c88547603b945604ea,0xe24179bebb4bd9a57add708b7541a1ed60170fd7c6ef771e055998813b194119
136,28100,3.9621,0x242161026d3db889df2573b50959e5d705c9910a,2017-10-29T20:21:20.000Z,0.000141,0x97bc2d837884147db3d1574d84d14385e1f5c7d9,sell,0x0abdace70d3790235af448c88547603b945604ea,0x2633c0180432f08db61929e25f14dd400c6d68baa5e5d54065ce0b4cf5d03c54
137,600,0.08412,0x242161026d3db889df2573b50959e5d705c9910a,2017-10-29T19:52:04.000Z,0.0001402,0xb4463814e14612d95827a77eca5cc01d0a52f23c,buy,0x0abdace70d3790235af448c88547603b945604ea,0x893c89644e31bc299c384efc62bb7452300dd37e8191358cb8a8ca5191c84aa5
138,5494.12,0.7691768,0x242161026d3db889df2573b50959e5d705c9910a,2017-10-29T19:51:44.000Z,0.00014,0x49dc235474e153367b593cab41b56dff301fbea0,buy,0x0abdace70d3790235af448c88547603b945604ea,0x701cc79e2c83ef2aaac28d024a68b3386b64a3bb97ee85f379b5e4a983ba026b
139,5.8797851550408,0.000823169921705712,0xe651d0107cc442943df1ca3a6d0d601816f19262,2017-10-29T19:28:42.000Z,0.00014,0x49dc235474e153367b593cab41b56dff301fbea0,buy,0x0abdace70d3790235af448c88547603b945604ea,0x1a12d65cffc5618a8ea90c81024531580517bc0f2d5c49c92339834b57e26616
140,6969.931543434516,0.9771844023895192,0x009a12d4290630bc01fd82516ac57c1dc6a9bcfb,2017-10-29T16:48:16.000Z,0.0001402,0xa2b16e3b6b64771396c925e61fefd851e757e38e,sell,0x0abdace70d3790235af448c88547603b945604ea,0x90d6fa89795df133d88f6e740b563414fe2ee412c7ecf25aa46e2d0b856d46ad
141,500,0.075,0x89809d4c349bf4e6485bd809e19da531c9c5ac0e,2017-10-29T16:46:31.000Z,0.00015,0xfc69e7c9afc6454f0a074f4bd7e366a516ea8b67,buy,0x0abdace70d3790235af448c88547603b945604ea,0x3db24a34806765516dc8502eb128eaf5305e238c3c0769efdc2bff383940ba83
142,3000,0.4233,0x6dface00c16160a5eab33249d7e3bb9a06acc3d0,2017-10-29T16:44:59.000Z,0.0001411,0xa2b16e3b6b64771396c925e61fefd851e757e38e,sell,0x0abdace70d3790235af448c88547603b945604ea,0xb19ff4054517b9dd7e67241c39a02659e45b598a6311e7d89b9771c2c98e6b95
143,130.95766758050044,0.018425743828576414,0x5aeda141ceb7323825fb57f8c0fae9a0a97a1674,2017-10-29T15:44:51.000Z,0.00014069999999999998,0xd60657d64cf8f7ce204a3b0a76dff144740426e8,sell,0x0abdace70d3790235af448c88547603b945604ea,0x10cff12221f889bc9e880f31e434536be0bde549b636f67173a921c70b59bc6d
144,4000,0.562444,0xd990b20677084e0ecc854a956cb15a401515dfe8,2017-10-29T13:23:44.000Z,0.000140611,0x7cd0de48f0a8ed7e0c3f051a91880c8ebf0f0c32,sell,0x0abdace70d3790235af448c88547603b945604ea,0x31a0decd396f8bc55e024f3bdba2a640dbc23f33c125261681ff80c8689e66e8
145,555,0.080475,0xc83e3bc544f4b67643041f7b2cf8ef65c940e4e7,2017-10-29T12:59:14.000Z,0.000145,0xfc69e7c9afc6454f0a074f4bd7e366a516ea8b67,sell,0x0abdace70d3790235af448c88547603b945604ea,0xd01c62338eba463fb5f3499c4b25b5a45aa221aeb5e0b2051730502d8bd7ff76
146,1200,0.17412,0x492842125e4c3a7d10cda0e0291ea22788e4ad60,2017-10-29T12:53:34.000Z,0.0001451,0xfc69e7c9afc6454f0a074f4bd7e366a516ea8b67,sell,0x0abdace70d3790235af448c88547603b945604ea,0x93694afc3e2a2ef5e8310d89af9762a36adca16f5b0e8ca02fc471ea19205003
147,250,0.03625025,0x5aeda141ceb7323825fb57f8c0fae9a0a97a1674,2017-10-29T12:53:34.000Z,0.000145001,0xfc69e7c9afc6454f0a074f4bd7e366a516ea8b67,sell,0x0abdace70d3790235af448c88547603b945604ea,0x5882676b4ff6d87fad60a8203c3496f639ef9b6bc40399a83dfe8ec86c92f888
148,189.72676252368183,0.028459014378552274,0xce0cf9d8bca578297c67cb7f387c24dac4dfebc2,2017-10-29T12:52:19.000Z,0.00015,0xfc69e7c9afc6454f0a074f4bd7e366a516ea8b67,sell,0x0abdace70d3790235af448c88547603b945604ea,0x15f5ffec6495d154b986c3d8ac0b7451696911c445e306b142f08962b8bc7ed2
149,0.2732374763181755,0.000040985621447726,0xce0cf9d8bca578297c67cb7f387c24dac4dfebc2,2017-10-29T11:12:15.000Z,0.0001499999999999988,0xfc69e7c9afc6454f0a074f4bd7e366a516ea8b67,sell,0x0abdace70d3790235af448c88547603b945604ea,0xb380da5e3d4068137689019dd436a69e2712d8fdc7489986cd14d82c86daeacd
150,1100,0.18139,0x1e4a7832a4f589fb9c12e88a5aa8fbfd7ed077aa,2017-10-29T09:55:14.000Z,0.0001649,0xfbf7dc0756a9768d0c71aea5f8421f3b1eaee7d1,buy,0x0abdace70d3790235af448c88547603b945604ea,0x39e55aca374d74f27bba03d7d0211106d0208da1e50fdf47db6385b320f141e3
151,4989.053,0.8198011889599999,0x1e4a7832a4f589fb9c12e88a5aa8fbfd7ed077aa,2017-10-29T09:51:56.000Z,0.00016431999999999997,0x4ba0b4cbe5346eb1766cfd7ea30b1579e4f0d3da,buy,0x0abdace70d3790235af448c88547603b945604ea,0xa5e334fb428f1ed1736e7394f606ca128cdd3bb23b4cd5d8aaab1ff8d13deac8
152,1011.827,0.167963282,0xa46a69569b4d86dab047142a6ad657893dac287e,2017-10-29T09:47:12.000Z,0.000166,0x97ccc19febdde497629a07b4f82ea9fde58ec3e7,buy,0x0abdace70d3790235af448c88547603b945604ea,0xb11a7ea4fd97d9e94d2b9983d766207fc1aeb028cc711241940889790df260db
153,1.2096259874586783,0.00019876574225921,0x1e4a7832a4f589fb9c12e88a5aa8fbfd7ed077aa,2017-10-29T09:46:35.000Z,0.00016431999999999997,0x4ba0b4cbe5346eb1766cfd7ea30b1579e4f0d3da,buy,0x0abdace70d3790235af448c88547603b945604ea,0xf33d6381f423214635918a523ab595ca10815bc979f45f712a730fe4d543425d
154,950,0.156085,0xa46a69569b4d86dab047142a6ad657893dac287e,2017-10-29T09:45:44.000Z,0.0001643,0x492842125e4c3a7d10cda0e0291ea22788e4ad60,buy,0x0abdace70d3790235af448c88547603b945604ea,0xd0f35f4535c71b406b64ba01309c6c7d85c2173239ac5689c6064ec3303d74e8
155,1466.026,0.238962238,0xd331f2a397a43d50233a6ea993af3edf40aa80bc,2017-10-29T05:22:16.000Z,0.000163,0x1ca9bd189db5ab9099a4b17a15cf3ac3da289c38,buy,0x0abdace70d3790235af448c88547603b945604ea,0x68040e2a7abee68f68764b9b3905c204060d39bfb88bfb0cfcf9b76bda2a7f6e
156,999.998,0.14499971,0xcba47dba4a8a9642b4b4f4e5e80479a17376f700,2017-10-29T03:35:18.000Z,0.000145,0x2dad638998a5433d8e6cfc16d5f129affb607265,sell,0x0abdace70d3790235af448c88547603b945604ea,0x55b3bd99bd415791fb116f219cc252e02976e91f5d6f87914b198b602920340c
157,216.7465697082979,0.03229523888653639,0x5aeda141ceb7323825fb57f8c0fae9a0a97a1674,2017-10-29T03:35:08.000Z,0.000149,0x2dad638998a5433d8e6cfc16d5f129affb607265,sell,0x0abdace70d3790235af448c88547603b945604ea,0x7a6f65fbbf99d265f4755ad6f4bb0de49d76c69537dd20b30f783856b5a059ee
158,24.999999999999737,0.00374999999999996,0x6742f656a2914cf8d0792b5d1ed8669e3da76692,2017-10-29T03:35:08.000Z,0.00014999999999999996,0x2dad638998a5433d8e6cfc16d5f129affb607265,sell,0x0abdace70d3790235af448c88547603b945604ea,0xf2a57dc258505d91f7c28e22b0fae11b269247266ad8eced049a643e705e3e28
159,999.998,0.14499971,0xcba47dba4a8a9642b4b4f4e5e80479a17376f700,2017-10-29T03:35:08.000Z,0.000145,0x2dad638998a5433d8e6cfc16d5f129affb607265,sell,0x0abdace70d3790235af448c88547603b945604ea,0x55b3bd99bd415791fb116f219cc252e02976e91f5d6f87914b198b602920340c
160,100,0.0150001,0x5aeda141ceb7323825fb57f8c0fae9a0a97a1674,2017-10-29T03:34:42.000Z,0.000150001,0x2dad638998a5433d8e6cfc16d5f129affb607265,sell,0x0abdace70d3790235af448c88547603b945604ea,0xaf8c561a5fca8988ee74bedfae562c4b1a2703da0e28c97d850eccbdb17341c6
161,100,0.0151,0x5aeda141ceb7323825fb57f8c0fae9a0a97a1674,2017-10-29T03:34:42.000Z,0.000151,0x2dad638998a5433d8e6cfc16d5f129affb607265,sell,0x0abdace70d3790235af448c88547603b945604ea,0x9c7bc72946e2b3ab2e3abd787a60643e206646e4aab9c5fc5a35e072b17f08dc
162,7060,1.0457272,0x6dface00c16160a5eab33249d7e3bb9a06acc3d0,2017-10-29T03:27:59.000Z,0.00014812,0x2dad638998a5433d8e6cfc16d5f129affb607265,sell,0x0abdace70d3790235af448c88547603b945604ea,0x27c545dcbd04f926084529b26e6d43a2d6d3f4bbd45945bbf52a57a70a65883e
163,32258.87152079807,4.774312985078114,0x242161026d3db889df2573b50959e5d705c9910a,2017-10-29T03:27:09.000Z,0.000148,0x2dad638998a5433d8e6cfc16d5f129affb607265,sell,0x0abdace70d3790235af448c88547603b945604ea,0xea22eb97e221942e71fa3742bea3aaf7438a12488e46b0061032fecd964d831e
164,2000,0.306,0xa3c55cdef38319e613f7b0593b224448944a9b1d,2017-10-29T02:39:55.000Z,0.000153,0x1ca9bd189db5ab9099a4b17a15cf3ac3da289c38,buy,0x0abdace70d3790235af448c88547603b945604ea,0x2c2cc8d086506a6fee7d286ec1102dcf1d607cc601429968aafd2c39232bdd46
165,28021.12847920193,4.147127014921885,0x242161026d3db889df2573b50959e5d705c9910a,2017-10-29T01:16:04.000Z,0.000148,0x98b8f889dbe2b5c4c5879f65e13b24012f2afdce,sell,0x0abdace70d3790235af448c88547603b945604ea,0x898250945d02a11d0bbf6b7df61c2f4f0fccfb1cdf1b7de84ea942621ecee9ab
166,39720,5.87856,0x242161026d3db889df2573b50959e5d705c9910a,2017-10-29T01:12:28.000Z,0.000148,0x90d710c5876299765d5bf7ceae6d3438bcd62841,sell,0x0abdace70d3790235af448c88547603b945604ea,0x7b6a0ae697ba743e396e932bfaef008e93d12e3fb5a6f0640d206a8111608d0b
167,4975,0.7462500000000001,0x6742f656a2914cf8d0792b5d1ed8669e3da76692,2017-10-29T00:45:41.000Z,0.00015,0x4ba0b4cbe5346eb1766cfd7ea30b1579e4f0d3da,sell,0x0abdace70d3790235af448c88547603b945604ea,0xe3eb40b971452d473027707a14d6efd37447ac36755f96e77221752c55f7b734
168,9939.774874555691,1.4820204337962535,0x6dface00c16160a5eab33249d7e3bb9a06acc3d0,2017-10-29T00:44:31.000Z,0.0001491,0x98b8f889dbe2b5c4c5879f65e13b24012f2afdce,sell,0x0abdace70d3790235af448c88547603b945604ea,0xf453aa334146bd4ead96f9b7307be09dd9f05964afde2bc7cf77415dee7174ed
169,10933.518,1.760296398,0xe5b5a0eef415e3b8e5c6cf65d3e008dd47d55587,2017-10-28T22:26:15.000Z,0.000161,0x3a28875fe35bbbbd352dd43803a41944a57d70cc,buy,0x0abdace70d3790235af448c88547603b945604ea,0x9ff4e7bed06ff9330113135f8de96a6e96faa1a8fe74502968f393eb5a51822e
170,100,0.0156,0x5aeda141ceb7323825fb57f8c0fae9a0a97a1674,2017-10-28T21:02:51.000Z,0.000156,0x1ca9bd189db5ab9099a4b17a15cf3ac3da289c38,buy,0x0abdace70d3790235af448c88547603b945604ea,0xdf4b168ae8f07831c1c9be7fcdfa005809b2d85dea00359005005ac45a54084d
171,3.067484662576687,0.0005,0x34f9560c63078eb61872a4dc2ccd20e21c34feaf,2017-10-28T20:22:15.000Z,0.000163,0x1ca9bd189db5ab9099a4b17a15cf3ac3da289c38,buy,0x0abdace70d3790235af448c88547603b945604ea,0xb2c2b2c3818c71c55d1e71f3b222862f9229ac828cc327e6f8deed54921fd28d
172,3.067484662576687,0.0005,0xe444a40689f51f63bcd29910622035707d533d29,2017-10-28T20:17:38.000Z,0.000163,0x1ca9bd189db5ab9099a4b17a15cf3ac3da289c38,buy,0x0abdace70d3790235af448c88547603b945604ea,0x4e52d4ac329c795aeacdc99759f6b08ffd8c9f9100974483c5550a5924a147b8
173,1.2709021146307056,0.000207157044684805,0x1d5321e125f6c7079a716705541c7b371ca79e69,2017-10-28T19:57:00.000Z,0.000163,0x1ca9bd189db5ab9099a4b17a15cf3ac3da289c38,buy,0x0abdace70d3790235af448c88547603b945604ea,0xe02a365bc6025a334d9cbb7d7094fc71ac46d1dc218c7d1b326a7158c0d54281
174,1.2671008121941232,0.000243283482651352,0x0cee9942a8dc4aa6f594d680f6b9654f02ab62d1,2017-10-28T19:57:00.000Z,0.0001920000999999993,0x1d5321e125f6c7079a716705541c7b371ca79e69,sell,0x0abdace70d3790235af448c88547603b945604ea,0xe02a365bc6025a334d9cbb7d7094fc71ac46d1dc218c7d1b326a7158c0d54281
175,5383.312191632065,0.7842355367647676,0xc1c825747359dcb3d5516f369e535ce7853d5062,2017-10-28T19:30:41.000Z,0.00014567899999999999,0xa2b16e3b6b64771396c925e61fefd851e757e38e,sell,0x0abdace70d3790235af448c88547603b945604ea,0x340b7cebe88bfd170e718742f4a307be7f4fcc8d1df2f4e7a77c7ebb54587ac7
176,422.36335607640393,0.08109376436666955,0x0cee9942a8dc4aa6f594d680f6b9654f02ab62d1,2017-10-28T19:24:22.000Z,0.00019199999999999998,0x273a5d3e6721b9f5c1a6474f560c1334c63dda01,sell,0x0abdace70d3790235af448c88547603b945604ea,0x486fe0e5589c1b49d3b2e7e099e7c1bbaf8db9a8c32191292746884de07a77ca
177,423.63425885296283,0.07117055548729775,0x273a5d3e6721b9f5c1a6474f560c1334c63dda01,2017-10-28T19:24:22.000Z,0.000168,0x1ca9bd189db5ab9099a4b17a15cf3ac3da289c38,buy,0x0abdace70d3790235af448c88547603b945604ea,0x486fe0e5589c1b49d3b2e7e099e7c1bbaf8db9a8c32191292746884de07a77ca
178,247,0.040261,0x260393e86246520d5fb4cc80f3533cc1a04d28be,2017-10-28T18:55:18.000Z,0.000163,0xfc69e7c9afc6454f0a074f4bd7e366a516ea8b67,buy,0x0abdace70d3790235af448c88547603b945604ea,0xf87f3a09bb49c76247fef2fe0b95a819af8c404062374b88eb4dbdda44a2e435
179,2254.176,0.365176512,0x260393e86246520d5fb4cc80f3533cc1a04d28be,2017-10-28T18:52:29.000Z,0.000162,0x07513563a931d13fd2f0221dcaa51c328ceeb592,buy,0x0abdace70d3790235af448c88547603b945604ea,0x45a956d7862e6a9a23b46a4a3636f2a27adf47661710719998528c2c67b90be8
180,9969.095803010667,1.4522779383909878,0x98b8f889dbe2b5c4c5879f65e13b24012f2afdce,2017-10-28T18:31:14.000Z,0.000145678,0xfba8ba230c48c0f5271257e4f06ca5480c1673cf,sell,0x0abdace70d3790235af448c88547603b945604ea,0x084ff5fc1d4f739e404d76ca12de4343dec5f7cdc95d1f04d60f2c7502e536ea
181,0.3,0.0000465,0xd8be8871c52b91a1f4f8457baf0dc0946d931132,2017-10-28T18:09:32.000Z,0.000155,0xa21b427941fa57e4ca8572eef5f511f57985a90a,sell,0x0abdace70d3790235af448c88547603b945604ea,0xdd4dcee978adcc0bd5c029337e846d32182142dcdabab778ab3120a767c5e2b7
182,3519.0826597547602,0.5127303435262686,0x3dee4a4e076e8d82859d241db0baf46f112cfa23,2017-10-28T17:25:34.000Z,0.0001457,0xa21b427941fa57e4ca8572eef5f511f57985a90a,sell,0x0abdace70d3790235af448c88547603b945604ea,0xe7ab8837492cb55bc396f0cdca66ac270f8fced14f296ecff746c5d80d0454da
183,2456.728,0.3582646442400001,0x4ba0b4cbe5346eb1766cfd7ea30b1579e4f0d3da,2017-10-28T17:04:07.000Z,0.00014583000000000003,0xa21b427941fa57e4ca8572eef5f511f57985a90a,sell,0x0abdace70d3790235af448c88547603b945604ea,0xae194a4d0b235651c508f0bc3e327abcba99031f585f32a68150f915faf7db45
184,2274.808619230253,0.33173534094234786,0x4ba0b4cbe5346eb1766cfd7ea30b1579e4f0d3da,2017-10-28T16:59:27.000Z,0.00014583000000000003,0x1ed014aec47fae44c9e55bac7662c0b78ae61798,sell,0x0abdace70d3790235af448c88547603b945604ea,0xee693890d7590ac800b61ec8552b479455672fe00f48ef38813a35e2162f003b
185,2818.9110088482903,0.49922913966703225,0xe1eb334956b8e0a51ade5620917c6a496baa3de8,2017-10-28T16:56:58.000Z,0.0001771,0xfc69e7c9afc6454f0a074f4bd7e366a516ea8b67,buy,0x0abdace70d3790235af448c88547603b945604ea,0xb16dff3836edb4a6121c399c4152a2542304d3bf030751b679f46fcfa4b05a35
186,2500,0.4,0x45bf821edd049a39549c2637eab76832d8cb4f96,2017-10-28T16:55:28.000Z,0.00016,0xb830c3fd6bf97fcb7c3e086b3ea72458350ea20f,sell,0x0abdace70d3790235af448c88547603b945604ea,0x8c747e6cb4a97ee335c2c387b3ff27c6153c1d6000b819dc5eadcc26544e0550
187,7000,1.12,0x95a601a68cafb4ae04d7fbf3ea053397cf7fb68c,2017-10-28T16:55:14.000Z,0.00016,0xb830c3fd6bf97fcb7c3e086b3ea72458350ea20f,sell,0x0abdace70d3790235af448c88547603b945604ea,0xf800b8ee73067d8ff1196eabdf145680d02e27e32ae3ad3e4146e58aca528c47
188,34149.910514492294,5.463985682318767,0xe8f0cc52b0d087e4eaabe1de8c0bc01f83918ea9,2017-10-28T16:55:14.000Z,0.00015999999999999999,0xb830c3fd6bf97fcb7c3e086b3ea72458350ea20f,sell,0x0abdace70d3790235af448c88547603b945604ea,0x6f8dd09e6621b5058045182213f16b27292e95bf4c6c5a4ad767b9ed7badffd4
189,15850.089485507706,2.536014317681233,0xe8f0cc52b0d087e4eaabe1de8c0bc01f83918ea9,2017-10-28T16:50:05.000Z,0.00015999999999999999,0xb830c3fd6bf97fcb7c3e086b3ea72458350ea20f,sell,0x0abdace70d3790235af448c88547603b945604ea,0x34b2e86be72b2484e3ab698b2fce1c8d4aa4c89e56b09fafd5dffc56e8ac3470
190,130.164,0.02147706,0xd8be8871c52b91a1f4f8457baf0dc0946d931132,2017-10-28T16:48:30.000Z,0.000165,0xfc69e7c9afc6454f0a074f4bd7e366a516ea8b67,sell,0x0abdace70d3790235af448c88547603b945604ea,0x04795f81eb5dc6500f9d8ace166113224e13eeaa1f33fb567c1773ebd323fa0a
191,6000,0.966,0xb771dac0250fbb98378a7be64f8215f0d4f3845f,2017-10-28T16:40:59.000Z,0.000161,0xfc69e7c9afc6454f0a074f4bd7e366a516ea8b67,sell,0x0abdace70d3790235af448c88547603b945604ea,0x754722e37c61e424f734bd13f0a1c49c3c89c18311d0375eb56b7ea17bf92f8a
192,44.99999999999974,0.007470449999999956,0x04b0408a6b5520c690022ecc1f8a3b1c48e72ff8,2017-10-28T16:18:10.000Z,0.00016601,0xfc69e7c9afc6454f0a074f4bd7e366a516ea8b67,sell,0x0abdace70d3790235af448c88547603b945604ea,0x8de0f9aea291fa0657e0c4e9d1ce5e7b66c9797479a7ea7dd5016423d665530c
193,69.836,0.01152294,0xd8be8871c52b91a1f4f8457baf0dc0946d931132,2017-10-28T16:18:10.000Z,0.000165,0xfc69e7c9afc6454f0a074f4bd7e366a516ea8b67,sell,0x0abdace70d3790235af448c88547603b945604ea,0xad21d05772bd00f071f699a5f7159f72b752577a8f99836f329f864ecaa4c04d
194,12.499999999999869,0.002312499999999975,0x860cc66aaeaa70668e319c7a2812078d406ecf85,2017-10-28T16:12:40.000Z,0.00018499999999999994,0xfc69e7c9afc6454f0a074f4bd7e366a516ea8b67,sell,0x0abdace70d3790235af448c88547603b945604ea,0xdf5bb35faaac677617806ce57683c0efd63f097b0cf6e0e34674cfcb7c2b42a4
195,200,0.0332,0x6ccff1d926d5e95640909a390ba4522adb0b3eda,2017-10-28T16:11:06.000Z,0.000166,0xfc69e7c9afc6454f0a074f4bd7e366a516ea8b67,sell,0x0abdace70d3790235af448c88547603b945604ea,0xe75068f17e6b14dfbdf80bd69fc2c0495402171393f01697620e84c8e2e89081
196,409.262,0.07366716,0x860cc66aaeaa70668e319c7a2812078d406ecf85,2017-10-28T16:09:22.000Z,0.00018,0xfc69e7c9afc6454f0a074f4bd7e366a516ea8b67,sell,0x0abdace70d3790235af448c88547603b945604ea,0xd5239054f782acd59a5ffba800fb06f1dd1ae27964030ee4ef80bf210fbd60eb
197,2000,0.328,0xef6274bb851c1f56f699d4a4b167a4764599095d,2017-10-28T16:08:37.000Z,0.000164,0xfc69e7c9afc6454f0a074f4bd7e366a516ea8b67,sell,0x0abdace70d3790235af448c88547603b945604ea,0x418f51a990000030fab012686b54f1b3286b0007ee3cc3d0088f867bc997134c
198,525,0.08741775,0x71f4632a7f8d9841fc9cbc2c69e1bde15462822d,2017-10-28T16:06:44.000Z,0.00016651,0xfc69e7c9afc6454f0a074f4bd7e366a516ea8b67,sell,0x0abdace70d3790235af448c88547603b945604ea,0x8128c8c0d3e402744ad6598af1c7f32aa45a4e27c43297e0726dfca79bf74e4f
199,9.282,0.001550094,0x8bce57b7b84218397ffb6cefae99f4792ee8161d,2017-10-28T16:05:53.000Z,0.000167,0xfc69e7c9afc6454f0a074f4bd7e366a516ea8b67,sell,0x0abdace70d3790235af448c88547603b945604ea,0xa9ba7ed739d97bcdfb4ccb70ae2e8a4dd1181f7d4c8e1d9f7cd3e3c741340fca
200,1100,0.1837,0x8bce57b7b84218397ffb6cefae99f4792ee8161d,2017-10-28T14:36:04.000Z,0.000167,0x5438843c490dea4ad75d29f2564929017a88914a,sell,0x0abdace70d3790235af448c88547603b945604ea,0xcf356594d986744cb05e2d769670efa7772890772e49f15799c2ada4ec4cf952
201,590,0.1070437,0x20fe3a90d13d28571d5698469954cf3b3dfe5617,2017-10-28T13:07:44.000Z,0.00018143,0x4ba0b4cbe5346eb1766cfd7ea30b1579e4f0d3da,buy,0x0abdace70d3790235af448c88547603b945604ea,0x4aaea397eb94d932aa3d4e46a8ac277d32f1a06eac4655f699eaf5fb8976f396
202,4890.718,0.816749906,0x8bce57b7b84218397ffb6cefae99f4792ee8161d,2017-10-28T13:05:28.000Z,0.000167,0x2e1c049df8f9a74cdab35b771c33b85a5be21df6,sell,0x0abdace70d3790235af448c88547603b945604ea,0x128dfa88c8f48894d5fc8c2e022ee9f0709101bca4ce76cfa7ed6147086e4ce5
203,457.98856765150146,0.08326232159904297,0x554fc6e163f1434fd7270b604db26dbb3e16c5b1,2017-10-28T13:01:33.000Z,0.0001818,0x2e1c049df8f9a74cdab35b771c33b85a5be21df6,buy,0x0abdace70d3790235af448c88547603b945604ea,0x8659af9d378c5bf77dcbc988ce7d32514fb6e7599dc25e239062e19837dd2f7c
204,3830.1415487094087,0.69,0x554fc6e163f1434fd7270b604db26dbb3e16c5b1,2017-10-28T12:57:50.000Z,0.00018015,0x4ba0b4cbe5346eb1766cfd7ea30b1579e4f0d3da,buy,0x0abdace70d3790235af448c88547603b945604ea,0xa601b4bd82a19b7c5337088982f9b184df5f5c792fccfec5b24a058e07124dfe
205,1714.684,0.303499068,0x554fc6e163f1434fd7270b604db26dbb3e16c5b1,2017-10-28T12:56:25.000Z,0.000177,0x3c3aef0043c8629556d0b20425aca08a1509d1dc,buy,0x0abdace70d3790235af448c88547603b945604ea,0x5be757366c47d3c477c70b9017002095c2d375efb540e35ac8ab61725e800360
206,4470,0.74206917,0x03677bf89a5f82a2414e69f9e127610f62839631,2017-10-28T09:50:20.000Z,0.000166011,0xa21b427941fa57e4ca8572eef5f511f57985a90a,sell,0x0abdace70d3790235af448c88547603b945604ea,0x0a0d41ad78ea0532a23add23e4358b50eec24417d4e2df0c6f9b03c37769aece
207,5500,0.913,0x49dc235474e153367b593cab41b56dff301fbea0,2017-10-28T09:49:55.000Z,0.000166,0xa21b427941fa57e4ca8572eef5f511f57985a90a,sell,0x0abdace70d3790235af448c88547603b945604ea,0x3b3cb3e47db989bf953175bf68dc1fd3c7f8da6699bc805417107d511cf9ca68
208,8955,1.4866195500000001,0x04b0408a6b5520c690022ecc1f8a3b1c48e72ff8,2017-10-28T08:12:16.000Z,0.00016601,0x4ba0b4cbe5346eb1766cfd7ea30b1579e4f0d3da,sell,0x0abdace70d3790235af448c88547603b945604ea,0x91c7e24811b5a4819b7b14716aaa18654c8a026df0d32ef492ede16805b4f3dc
209,2000,0.3320202,0x24418ab1b19550b380652432eac1ab37bf3d0fa9,2017-10-28T07:29:48.000Z,0.0001660101,0xa21b427941fa57e4ca8572eef5f511f57985a90a,sell,0x0abdace70d3790235af448c88547603b945604ea,0x8afb64100bd39e99197ad4f5453126118cc1505a892bb266e1e848851a03333a
210,65,0.0118625,0x97ccc19febdde497629a07b4f82ea9fde58ec3e7,2017-10-28T04:41:36.000Z,0.0001825,0xfbf7dc0756a9768d0c71aea5f8421f3b1eaee7d1,buy,0x0abdace70d3790235af448c88547603b945604ea,0x69cf0b99d0476a7877a804a2db578546b4f4b7487d362670d2ad6f97b53e3199
211,6078.751345493483,1.0036079258923196,0xd2c0c1146009a1a2021b46c074bed3939dee3d87,2017-10-28T02:38:02.000Z,0.000165101,0x4ba0b4cbe5346eb1766cfd7ea30b1579e4f0d3da,sell,0x0abdace70d3790235af448c88547603b945604ea,0x52d914e3eea1da43093b0f8c26f001e54b6e4bf56d318b28708884e6973a1900
212,3207.4726260652,0.5308367196137905,0x3c0e781116e7ebcfcee0955f314bdac09bf1813d,2017-10-28T02:36:13.000Z,0.00016549999999999998,0x4ba0b4cbe5346eb1766cfd7ea30b1579e4f0d3da,sell,0x0abdace70d3790235af448c88547603b945604ea,0x9a24a5332997f158824ba17ce5a6d33f722287d573facf5d23b9b02bff158a2a
213,7960,1.32534,0xfbf7dc0756a9768d0c71aea5f8421f3b1eaee7d1,2017-10-28T02:26:21.000Z,0.0001665,0x4ba0b4cbe5346eb1766cfd7ea30b1579e4f0d3da,sell,0x0abdace70d3790235af448c88547603b945604ea,0x5c79deaa270ed08ea56dbb355bba20f5a41d3e5158fbef132a893dbdc1b66543
214,4065.8583270603,0.67899834061907,0x3dcbeafd4507f5a241ee6832090c7e3921fde7c2,2017-10-28T02:16:28.000Z,0.000167,0x4ba0b4cbe5346eb1766cfd7ea30b1579e4f0d3da,sell,0x0abdace70d3790235af448c88547603b945604ea,0x66bdd276f0afb18cb7e9fc7218f718e0196b3b207692d46d4f7972d8ca6c3d70
215,69.57431960921144,0.01161891137473831,0x3dcbeafd4507f5a241ee6832090c7e3921fde7c2,2017-10-28T02:06:40.000Z,0.000167,0x689107323fdd0062473b8ccb5cb0fc86705814a1,sell,0x0abdace70d3790235af448c88547603b945604ea,0xf6628f600f18c8aea156916e271bc8c14d0f3f6f842773b6f67749dd36051581
216,1525,0.29647525,0x901028e7e9cfd3e8d67602d9be6cfa522e1945b0,2017-10-28T01:42:40.000Z,0.00019441,0x4ba0b4cbe5346eb1766cfd7ea30b1579e4f0d3da,buy,0x0abdace70d3790235af448c88547603b945604ea,0x510f511289ce96f8ba5b9e155b0f08e77630738d9be1e538aa4845f10ac90d68
217,1.4593346881779794,0.000283709256728681,0x901028e7e9cfd3e8d67602d9be6cfa522e1945b0,2017-10-28T01:35:36.000Z,0.00019441,0x4ba0b4cbe5346eb1766cfd7ea30b1579e4f0d3da,buy,0x0abdace70d3790235af448c88547603b945604ea,0xaccd174791a487dbb2df2ce16e17f02d483c5195e8989e924d859abbe5a85920
218,133.9937,0.0261287715,0x38a4ff00c207cbd78ab34b6ddd1b8754e4498508,2017-10-27T23:20:42.000Z,0.000195,0x1ca9bd189db5ab9099a4b17a15cf3ac3da289c38,buy,0x0abdace70d3790235af448c88547603b945604ea,0xed8e0444dbbda7354549c045e11d7bbd26da262554f6a4a7e75d00fa204b2e10
219,1,0.00020292,0x3918f6c9366759dae887e9e60a280670706ef8a7,2017-10-27T18:40:16.000Z,0.00020292,0x4ba0b4cbe5346eb1766cfd7ea30b1579e4f0d3da,buy,0x0abdace70d3790235af448c88547603b945604ea,0x688c8480af0aa82795a011d6463985939b66be3fd3761aebe5552c9c3eb5dcc6
220,4983,0.828677883,0x3dee4a4e076e8d82859d241db0baf46f112cfa23,2017-10-27T17:54:36.000Z,0.000166301,0xfc73413d8dcc28d271cde376835edf6690fa91a8,sell,0x0abdace70d3790235af448c88547603b945604ea,0x5a33c384e7799de955d97e115652adba06ad616ffbc71b3489e261080dc12116
221,1000,0.20295000000000002,0x5a7f52c42526ddb16755d0681ddc80be166c2ff6,2017-10-27T17:51:58.000Z,0.00020295000000000003,0x4ba0b4cbe5346eb1766cfd7ea30b1579e4f0d3da,buy,0x0abdace70d3790235af448c88547603b945604ea,0xed8681df9702651838a451643f811a97198606ca19d9b7379e3a2e08e565683f
222,302.758,0.056615746,0x5a7f52c42526ddb16755d0681ddc80be166c2ff6,2017-10-27T17:26:32.000Z,0.000187,0x3c0e781116e7ebcfcee0955f314bdac09bf1813d,buy,0x0abdace70d3790235af448c88547603b945604ea,0xa4e24e575ad30f314338425210465d2cb82b8f80f895fd852a6ce295fe53e152
223,380.0185449515865,0.07067964917554558,0x5a7f52c42526ddb16755d0681ddc80be166c2ff6,2017-10-27T17:23:40.000Z,0.00018599,0x953d1111662196af36e9d387c0f909e14111fa76,buy,0x0abdace70d3790235af448c88547603b945604ea,0xb1557fddb501bab5613740f2b7c0b1a98c6ebf683801168bc77e24ccbf138063
224,119.98145504841351,0.02231535082445443,0x7b04d867086e3bba630e5030180a3338d9eead23,2017-10-27T17:02:33.000Z,0.00018599,0x953d1111662196af36e9d387c0f909e14111fa76,buy,0x0abdace70d3790235af448c88547603b945604ea,0x417de68bce84ecef053103afe83d95e646fbae3a189b2919d39842c6f41035de
225,65.224,0.0119620816,0x7b04d867086e3bba630e5030180a3338d9eead23,2017-10-27T17:00:40.000Z,0.0001834,0x49dc235474e153367b593cab41b56dff301fbea0,buy,0x0abdace70d3790235af448c88547603b945604ea,0x34773ed148276602b40a0e5f9a218eb2f377c4c388e03639460fd00ae290d346
226,83.333,0.015166606,0x7b04d867086e3bba630e5030180a3338d9eead23,2017-10-27T16:59:42.000Z,0.000182,0x1e289f3c38c0de49e608ef1fa457445e8f56de34,buy,0x0abdace70d3790235af448c88547603b945604ea,0x8cc9879fe24f95b096e0b389e1fb5c33ff3daa2f95d03dfa8e76fde85cd2c10d
227,0.029658929614079118,0.000005397925189762,0x7b04d867086e3bba630e5030180a3338d9eead23,2017-10-27T16:55:05.000Z,0.0001819999999999865,0x939248c057992a444c842909c3459689a80bc6dd,sell,0x0abdace70d3790235af448c88547603b945604ea,0xea3d9c83e529a0701322a1ac707ff7c90044ea4cd527cd9597c90c3cdebd975e
228,3600,0.6598764,0xdb95ffc525554da455565b6f68c2c3b0b74e8a16,2017-10-27T16:03:53.000Z,0.000183299,0x49dc235474e153367b593cab41b56dff301fbea0,buy,0x0abdace70d3790235af448c88547603b945604ea,0x5d06fb32fc7542a162642203a951b594b576f37e6e08ec1308ddc26871c278cd
229,3221,0.5904093,0xdb95ffc525554da455565b6f68c2c3b0b74e8a16,2017-10-27T16:03:53.000Z,0.0001833,0xfbf7dc0756a9768d0c71aea5f8421f3b1eaee7d1,buy,0x0abdace70d3790235af448c88547603b945604ea,0x180aaa4e70c37d9df8d59c73110a71def10a47bed0bd98b93e504257522b6f1e
230,961.503,0.174993546,0xdb95ffc525554da455565b6f68c2c3b0b74e8a16,2017-10-27T16:03:24.000Z,0.000182,0xfc69e7c9afc6454f0a074f4bd7e366a516ea8b67,buy,0x0abdace70d3790235af448c88547603b945604ea,0xe4dc6ca65303cd3d4832358a59797ab23d60b845026e585736ce6c535d7f47ca
231,256.78165371906675,0.042394907810671636,0xd2c0c1146009a1a2021b46c074bed3939dee3d87,2017-10-27T13:11:40.000Z,0.000165101,0xaa6aa4cda602d099bb0321610d0068fce864c4d9,sell,0x0abdace70d3790235af448c88547603b945604ea,0x57462c80a5547786d16fe3351f53008d790fb54bd3caeebdac62a2715f45694b
232,3471.254927830452,0.5731076598397354,0xd2c0c1146009a1a2021b46c074bed3939dee3d87,2017-10-27T13:08:25.000Z,0.000165101,0x09155b6ed02b3494c080959c56898d161501c19a,sell,0x0abdace70d3790235af448c88547603b945604ea,0x198c4e12b1a073ad66cfd887ff704f3517962ec68ea1887c86fb8223a441e38a
233,300,0.0501,0xd8be8871c52b91a1f4f8457baf0dc0946d931132,2017-10-27T13:05:00.000Z,0.000167,0x09155b6ed02b3494c080959c56898d161501c19a,sell,0x0abdace70d3790235af448c88547603b945604ea,0x83e3c41a88a52a2fa8256437406e83cc24980a7a6d066f3275b6247670492653
234,100,0.017,0xd8be8871c52b91a1f4f8457baf0dc0946d931132,2017-10-27T12:53:22.000Z,0.00017,0xaa6aa4cda602d099bb0321610d0068fce864c4d9,sell,0x0abdace70d3790235af448c88547603b945604ea,0xa9048ac9b46f4f97f1ecfcb9211654f6aa16bd5bc197f64c15e57dd6b0b1bb1e
235,0.000123,0.738,0x6742f656a2914cf8d0792b5d1ed8669e3da76692,2017-10-27T12:28:48.000Z,6000,0xcd912af5286dc0b0a23edb30209734ecb60838b3,sell,0x0abdace70d3790235af448c88547603b945604ea,0xf72f977b28823c07d06e15e6f124712e79019cdb590055fd85a97922a442569b
236,33978.29981826316,5.878245868559527,0xf8ce18f4aef4e5a451930a0ac8844f1263d950a7,2017-10-27T11:48:43.000Z,0.00017299999999999998,0xb830c3fd6bf97fcb7c3e086b3ea72458350ea20f,sell,0x0abdace70d3790235af448c88547603b945604ea,0xe8b523300bac8d4b1878f9b11e0e3ff9bc3e4ef6a58e4f90a5ad710ddbcc1289
237,12832.205,2.219971465,0xf8ce18f4aef4e5a451930a0ac8844f1263d950a7,2017-10-27T11:10:22.000Z,0.000173,0xfc69e7c9afc6454f0a074f4bd7e366a516ea8b67,sell,0x0abdace70d3790235af448c88547603b945604ea,0x19a48e0ae91e45ba328783daa6f9408958f117f5b6b31724945bf84481a0bb14
238,94594.80630732179,16.36490149116667,0xf8ce18f4aef4e5a451930a0ac8844f1263d950a7,2017-10-27T10:58:35.000Z,0.00017299999999999998,0xb830c3fd6bf97fcb7c3e086b3ea72458350ea20f,sell,0x0abdace70d3790235af448c88547603b945604ea,0xf5b2f90133dbe162cde26d7b8773df9475749615425764958c732610296e8414
239,6000,1.038,0xf8ce18f4aef4e5a451930a0ac8844f1263d950a7,2017-10-27T09:50:22.000Z,0.000173,0xfc69e7c9afc6454f0a074f4bd7e366a516ea8b67,sell,0x0abdace70d3790235af448c88547603b945604ea,0x56780fe347eecd07a8e40665c1401d4da07efa991437c336e5e11ee0c0d61216
240,10811.343934425091,1.8703625006555409,0xf8ce18f4aef4e5a451930a0ac8844f1263d950a7,2017-10-27T09:14:15.000Z,0.00017299999999999998,0x9778550d76b07ac9f5e57392f68ecdf6efc1774e,sell,0x0abdace70d3790235af448c88547603b945604ea,0x94348df9c69b3ccc210de994f1ba3465fbdb0a83e5c046381e89230506dd51bd
241,18591.006218093207,3.216244075730125,0xf8ce18f4aef4e5a451930a0ac8844f1263d950a7,2017-10-27T08:07:08.000Z,0.00017299999999999998,0x9778550d76b07ac9f5e57392f68ecdf6efc1774e,sell,0x0abdace70d3790235af448c88547603b945604ea,0x0a82df9b34b946ee177281e880436d96b01f97c6e5302c87aa05499f97a190af
242,16383.373692958789,2.8343236488818704,0xf8ce18f4aef4e5a451930a0ac8844f1263d950a7,2017-10-27T07:58:35.000Z,0.00017299999999999998,0x9778550d76b07ac9f5e57392f68ecdf6efc1774e,sell,0x0abdace70d3790235af448c88547603b945604ea,0x20255f9cbfabeda2f8ecffb37a9045d89f762d89cd3ee081c900fd0f2f61b2fc
243,1339.5174957631343,0.23187047851659853,0x71265b2d5191cfd829e04c55cfca279a8fc13542,2017-10-27T07:48:16.000Z,0.00017309999999999998,0xf42211cd13cc0f615b87333f87488a4ada5f01e0,sell,0x0abdace70d3790235af448c88547603b945604ea,0x07abf255ac6bf92eec576cacc00c54093c7b482d21740820d5bb145e6c888331
244,1339.5174957631343,0.23187047851659853,0x71265b2d5191cfd829e04c55cfca279a8fc13542,2017-10-27T07:47:57.000Z,0.00017309999999999998,0xf42211cd13cc0f615b87333f87488a4ada5f01e0,sell,0x0abdace70d3790235af448c88547603b945604ea,0x07abf255ac6bf92eec576cacc00c54093c7b482d21740820d5bb145e6c888331
245,598.14574818064,0.10353902901006878,0x71265b2d5191cfd829e04c55cfca279a8fc13542,2017-10-27T07:24:23.000Z,0.00017309999999999998,0xfc73413d8dcc28d271cde376835edf6690fa91a8,sell,0x0abdace70d3790235af448c88547603b945604ea,0x1ca82af2afaaf3f866de4971593ff9766f6d0526bd007d9a142bb08bf8fd475b
246,97.08186626841807,0.016795162864436327,0xf8ce18f4aef4e5a451930a0ac8844f1263d950a7,2017-10-27T06:59:53.000Z,0.00017299999999999998,0x3dee4a4e076e8d82859d241db0baf46f112cfa23,sell,0x0abdace70d3790235af448c88547603b945604ea,0xd7dda86b8c50fe28f53cfd29c0df385634f81dfb6baa49370e0ed92947f5b7ce
247,4568.677144809936,0.7903811460521191,0xf8ce18f4aef4e5a451930a0ac8844f1263d950a7,2017-10-27T06:44:14.000Z,0.00017299999999999998,0xfd26f25d6588b752a90e600aff038a654d64a42c,sell,0x0abdace70d3790235af448c88547603b945604ea,0x980cdc7425e1c6eb2fe7ab7c22b8b43d9ac9bb70f5ae5e7f8b3dad96bf9d0a30
248,133.8121014660726,0.024086178263893063,0x8988156d003068f226aff6d4abaf8fc880a84c47,2017-10-27T06:31:14.000Z,0.00018,0xfd26f25d6588b752a90e600aff038a654d64a42c,buy,0x0abdace70d3790235af448c88547603b945604ea,0xfb4c16eea7d5458e337c5364c0205c8d430be42b908e81868b41a7e7502dc764
249,2500,0.4425,0xbc1879b8c4f156fd55d97ab77db151388ff4eded,2017-10-27T06:27:31.000Z,0.000177,0xfd26f25d6588b752a90e600aff038a654d64a42c,sell,0x0abdace70d3790235af448c88547603b945604ea,0x7245d15a436907a48be196a5aa8cecc66bd6a8712d25a91dff2dca1de2848861
250,2090.738,0.37633284,0x860cc66aaeaa70668e319c7a2812078d406ecf85,2017-10-27T05:54:06.000Z,0.00018,0xb830c3fd6bf97fcb7c3e086b3ea72458350ea20f,sell,0x0abdace70d3790235af448c88547603b945604ea,0x5c5025f426696a1e5a4705bf428d08072cb8ca96d542483bc2e7fafdb4db2050
251,2500,0.45625,0x860cc66aaeaa70668e319c7a2812078d406ecf85,2017-10-27T05:52:23.000Z,0.0001825,0xb830c3fd6bf97fcb7c3e086b3ea72458350ea20f,sell,0x0abdace70d3790235af448c88547603b945604ea,0xac8e1c8e97b48c6dbc98b2659f490b16a3a15f6887a09f05fe2a094673472fd3
252,500,0.093,0x860cc66aaeaa70668e319c7a2812078d406ecf85,2017-10-27T05:52:23.000Z,0.000186,0xfbf7dc0756a9768d0c71aea5f8421f3b1eaee7d1,buy,0x0abdace70d3790235af448c88547603b945604ea,0x49218417c0a8cc4bd83373bd1f2665fb4a12f2f480b2761a83b1fdcecb958cc4
253,2500,0.46275,0x860cc66aaeaa70668e319c7a2812078d406ecf85,2017-10-27T05:52:23.000Z,0.0001851,0xb830c3fd6bf97fcb7c3e086b3ea72458350ea20f,sell,0x0abdace70d3790235af448c88547603b945604ea,0x0c19755968796fe2e6d997326d5899003e5665d51664295bc9c9d9842e9b61ee
254,1000,0.186,0x860cc66aaeaa70668e319c7a2812078d406ecf85,2017-10-27T05:49:19.000Z,0.000186,0xfbf7dc0756a9768d0c71aea5f8421f3b1eaee7d1,buy,0x0abdace70d3790235af448c88547603b945604ea,0x57c1ccd70587e1b8cf202fd6b4f245901f1feabe352739955327955a8023b650
255,2487.5,0.4601875,0x860cc66aaeaa70668e319c7a2812078d406ecf85,2017-10-27T05:44:23.000Z,0.000185,0x4ba0b4cbe5346eb1766cfd7ea30b1579e4f0d3da,sell,0x0abdace70d3790235af448c88547603b945604ea,0x2d3beebc54eed2f319c28234186cf733df8a59f909c859c0333543d937eb473e
256,0.001,0.000000145,0xcba47dba4a8a9642b4b4f4e5e80479a17376f700,2017-10-27T03:49:17.000Z,0.000145,0x491e84c3b3122f92f7111c0f5c98ee9c4b13316c,sell,0x0abdace70d3790235af448c88547603b945604ea,0x3f95af36fdd8ca3e6e8e9c76bad4c929cc9844b6d5c17514b961c880aa02440a
257,0.001,0.000000145,0xcba47dba4a8a9642b4b4f4e5e80479a17376f700,2017-10-27T03:49:01.000Z,0.000145,0x491e84c3b3122f92f7111c0f5c98ee9c4b13316c,sell,0x0abdace70d3790235af448c88547603b945604ea,0x7cf841c5008609896813b2189a34c0eaaf8fb4c37168268dca96e9958c04e9ec
258,0.001,0.000000150101,0x51aefa5e5b31e0416490a6f647efcb1a3af94c74,2017-10-27T03:48:15.000Z,0.000150101,0x491e84c3b3122f92f7111c0f5c98ee9c4b13316c,sell,0x0abdace70d3790235af448c88547603b945604ea,0xe5f61b126d32c707c6de7ca2bc4ab14aa64c73f4d31b545c9459575711733038
259,0.001,0.000000150124,0x3dee4a4e076e8d82859d241db0baf46f112cfa23,2017-10-27T03:48:07.000Z,0.000150124,0x491e84c3b3122f92f7111c0f5c98ee9c4b13316c,sell,0x0abdace70d3790235af448c88547603b945604ea,0xc0b7fe245633bd1920e54abc5534716504dd1497c3ded0869bdd9459d613505f
260,0.001,0.000000157,0xd8be8871c52b91a1f4f8457baf0dc0946d931132,2017-10-27T03:48:07.000Z,0.000157,0x491e84c3b3122f92f7111c0f5c98ee9c4b13316c,sell,0x0abdace70d3790235af448c88547603b945604ea,0x09bde48166ab55dd1373bab9c2e912e4c696bc3c4e1a338ae1eb06d9bc99d015
261,0.001,0.000000165,0x3dee4a4e076e8d82859d241db0baf46f112cfa23,2017-10-27T03:47:21.000Z,0.000165,0x491e84c3b3122f92f7111c0f5c98ee9c4b13316c,sell,0x0abdace70d3790235af448c88547603b945604ea,0x9dd50477fef85b5f3d4fbc0a5e4c453e739a4d5b39cca90dbea14f015f4f1dc0
262,20,0.00373,0x491e84c3b3122f92f7111c0f5c98ee9c4b13316c,2017-10-27T03:46:56.000Z,0.0001865,0x49dc235474e153367b593cab41b56dff301fbea0,buy,0x0abdace70d3790235af448c88547603b945604ea,0xaa86f4beccf26b3455f51786d20d53f381a01243cdafad534cabfcc07c703094
263,1612.3616787957333,0.2903944001595055,0xc4c3f11db23126544b4bc14ab6a3e44abe90401e,2017-10-27T02:40:03.000Z,0.00018010499999999998,0xfd26f25d6588b752a90e600aff038a654d64a42c,sell,0x0abdace70d3790235af448c88547603b945604ea,0x9f25922442a35ecba88fbccf153763a9b720b781c07459f0064127ec30b54f90
264,1000,0.1801,0x4c089456d94898f430ab5e2fb2b071eb1adf7864,2017-10-27T02:40:03.000Z,0.0001801,0xfd26f25d6588b752a90e600aff038a654d64a42c,sell,0x0abdace70d3790235af448c88547603b945604ea,0x0a76de42ab6497d262c206df281e9fa2f9b229812d1ebb0591c7018a402d3a53
265,53,0.009593,0x51aefa5e5b31e0416490a6f647efcb1a3af94c74,2017-10-27T02:39:53.000Z,0.000181,0xfd26f25d6588b752a90e600aff038a654d64a42c,sell,0x0abdace70d3790235af448c88547603b945604ea,0xcc2dd60c317dd595ace004ff71ab7cb8c7ad9ffd3b5509003f135e2f635d977f
266,213.03896322357724,0.03877309130669106,0x3c0e781116e7ebcfcee0955f314bdac09bf1813d,2017-10-27T02:34:15.000Z,0.00018199999999999998,0xfd26f25d6588b752a90e600aff038a654d64a42c,sell,0x0abdace70d3790235af448c88547603b945604ea,0x4c6aa262a5e5b12d874f0719b0dd46ac304414468b41a9b20c582f76443a63bb
267,11110,1.9998,0x90c9723a91ccc0880b2b8afb5f8883ef29e5832d,2017-10-27T02:33:41.000Z,0.00018,0xfd26f25d6588b752a90e600aff038a654d64a42c,sell,0x0abdace70d3790235af448c88547603b945604ea,0x9ec46fbe80e1f09a9c4edacd8e05ab9b0f7934df488278e12073c14d1ca8887b
268,684.224,0.124528768,0x49dc235474e153367b593cab41b56dff301fbea0,2017-10-27T02:33:16.000Z,0.000182,0xfd26f25d6588b752a90e600aff038a654d64a42c,sell,0x0abdace70d3790235af448c88547603b945604ea,0x171761c054cb3165b7c706daacadc16e2ecc8b48df650f2303cacda0be2a5fc2
269,8006.180839397866,1.449118731931014,0x242161026d3db889df2573b50959e5d705c9910a,2017-10-27T02:32:51.000Z,0.00018099999999999998,0xfd26f25d6588b752a90e600aff038a654d64a42c,sell,0x0abdace70d3790235af448c88547603b945604ea,0x48696d38eb9632695a39be243d49dbbde6eff3279847f086564be19c2c174dff
270,1993.8191606021335,0.3608812680689861,0x242161026d3db889df2573b50959e5d705c9910a,2017-10-27T02:22:13.000Z,0.00018099999999999998,0x04ac8b482234efb033eb96610439f7c5928ce9cd,sell,0x0abdace70d3790235af448c88547603b945604ea,0x2f3cec2931c85aaa70a68b5e76f4021c5257258efa383b127aa6c2673f76a954
271,60298.392,10.974307344,0x242161026d3db889df2573b50959e5d705c9910a,2017-10-27T02:11:57.000Z,0.000182,0xb5ddb357ea1ef0e5ea5dd92ab3adba76424bbbd3,sell,0x0abdace70d3790235af448c88547603b945604ea,0x6ecf5e28456dcf75325c992ea9c3753f4f8825d401738516e1ecb174fb35d27a
272,9940.432863485381,1.8091587811543393,0x242161026d3db889df2573b50959e5d705c9910a,2017-10-27T02:10:43.000Z,0.00018199999999999998,0xfd26f25d6588b752a90e600aff038a654d64a42c,sell,0x0abdace70d3790235af448c88547603b945604ea,0xb912fadec4751cc04efdef9eeac2108240d9dd74d569c45b8d55e9421acfd322
273,9940.432863485381,1.8091587811543393,0x242161026d3db889df2573b50959e5d705c9910a,2017-10-27T02:09:53.000Z,0.00018199999999999998,0xfd26f25d6588b752a90e600aff038a654d64a42c,sell,0x0abdace70d3790235af448c88547603b945604ea,0xb912fadec4751cc04efdef9eeac2108240d9dd74d569c45b8d55e9421acfd322
274,9761.175027437872,1.7765338549936927,0x242161026d3db889df2573b50959e5d705c9910a,2017-10-27T02:09:26.000Z,0.00018199999999999998,0xe41ba7cfb98a58305596d551a87d37960f5f532a,sell,0x0abdace70d3790235af448c88547603b945604ea,0xa1437e74f09020cf729c08193e17b3fbc0428ef33dcf0c5c47cae7f1050636eb
275,3001,0.546185001,0x49dc235474e153367b593cab41b56dff301fbea0,2017-10-27T02:08:53.000Z,0.000182001,0xe41ba7cfb98a58305596d551a87d37960f5f532a,sell,0x0abdace70d3790235af448c88547603b945604ea,0xe79adc2cc8dd8ef3939a8d8d6b7f4b22f7ff1a3a30bfb4846b0007b342ff8fa8
276,26619.548,4.844757736,0x242161026d3db889df2573b50959e5d705c9910a,2017-10-27T02:07:44.000Z,0.000182,0xb5ddb357ea1ef0e5ea5dd92ab3adba76424bbbd3,sell,0x0abdace70d3790235af448c88547603b945604ea,0x5251c922650f971dba45abe1969849a9738915c44b7c83aa168ac9dea7c39028
277,19938.191606021333,3.628750872295883,0x242161026d3db889df2573b50959e5d705c9910a,2017-10-27T02:02:03.000Z,0.00018199999999999998,0x6255688613b3983b7454e806a3fac0475b5c65d8,sell,0x0abdace70d3790235af448c88547603b945604ea,0xc35cadf3a19ca7503ba8109f56d1de6627343eff46bd41c1b0514cd3612cf146
278,36885.65447113947,6.713189113747383,0x242161026d3db889df2573b50959e5d705c9910a,2017-10-27T01:45:39.000Z,0.00018199999999999998,0xb5ddb357ea1ef0e5ea5dd92ab3adba76424bbbd3,sell,0x0abdace70d3790235af448c88547603b945604ea,0xcf89ad86db9696dce5d7899d4187779bdbed7111ae22c642c1da36d19e12da99
279,12806.700229289203,2.330819441730635,0x242161026d3db889df2573b50959e5d705c9910a,2017-10-27T01:33:51.000Z,0.00018199999999999998,0xe41ba7cfb98a58305596d551a87d37960f5f532a,sell,0x0abdace70d3790235af448c88547603b945604ea,0xf6a88bf45a81545a98c46ecab261aa7aa532a45facb1aec5ddf8fb0a3afbafb3
280,1409.242,0.270574464,0x7dc05c58d5b32648f3aab1ad6eafb7e08d1f278f,2017-10-26T23:44:01.000Z,0.000192,0x3c0e781116e7ebcfcee0955f314bdac09bf1813d,buy,0x0abdace70d3790235af448c88547603b945604ea,0xcc0b61627b5402c19874679f241aafae7eb8978b6c3e221706ce71463b0c7396
281,223.895,0.042517436605,0x7dc05c58d5b32648f3aab1ad6eafb7e08d1f278f,2017-10-26T23:22:09.000Z,0.000189899,0x49dc235474e153367b593cab41b56dff301fbea0,buy,0x0abdace70d3790235af448c88547603b945604ea,0x0f84e4b5bd6ddf37eb21eafa27db90ca974ad21f081b86bef13b272b02bfc9ca
282,1800,0.34182,0x5e5bd4035af44f566d20656469b58f84860a73a2,2017-10-26T21:48:16.000Z,0.0001899,0xfc69e7c9afc6454f0a074f4bd7e366a516ea8b67,buy,0x0abdace70d3790235af448c88547603b945604ea,0x591d908c328fdb4154c2b407d0f27d409b55198d34399f3d8ce57770a411ea6b
283,10000,1.89899,0x242161026d3db889df2573b50959e5d705c9910a,2017-10-26T21:30:31.000Z,0.000189899,0x49dc235474e153367b593cab41b56dff301fbea0,buy,0x0abdace70d3790235af448c88547603b945604ea,0xbbab413428f3253cf5465ff80fb68cb51ed50877ebbeafe38df162d33e270a83
284,1000,0.189899,0xe08c5c6d17be3ab837b421723e9215bb9902c9f1,2017-10-26T20:57:35.000Z,0.000189899,0x49dc235474e153367b593cab41b56dff301fbea0,buy,0x0abdace70d3790235af448c88547603b945604ea,0x3f5bc810903023da09493e3840dd23ea0dc47007b7083ccfebe89bfe30f50d35
285,536.8434533577453,0.09770550851110965,0x242161026d3db889df2573b50959e5d705c9910a,2017-10-26T20:47:57.000Z,0.00018199999999999998,0x994c5857751ecafecbff55b97fadda1c5b37136d,sell,0x0abdace70d3790235af448c88547603b945604ea,0x8bc34e8bdea51d1a024a0b1d097b00b01e0d22e767d7b519e3575544f07a7962
286,0.9969095803010667,0.000181437543614794,0x242161026d3db889df2573b50959e5d705c9910a,2017-10-26T20:43:20.000Z,0.00018199999999999987,0xb4c432a9559a4f1464d2bff9fcbbdc14f1c39dec,sell,0x0abdace70d3790235af448c88547603b945604ea,0x20f5410cd31ae39c38b108f18f543462e259c36f309d4a2da5790e28aadd11e5
287,70.17480751430277,0.012810411111735968,0xe2da005b771a9a7dd00f5d2cc6bc54a9144ad6b0,2017-10-26T20:41:52.000Z,0.00018255,0x994c5857751ecafecbff55b97fadda1c5b37136d,sell,0x0abdace70d3790235af448c88547603b945604ea,0x9de901f255c1236e076740ca0706ce12c4736e87aa903a3d81991c6079b3076f
288,3.825192485697234,0.00069828888826403,0xe2da005b771a9a7dd00f5d2cc6bc54a9144ad6b0,2017-10-26T20:29:54.000Z,0.00018255,0x66d4bacfe61df23be813089a7a6d1a749a5c936a,sell,0x0abdace70d3790235af448c88547603b945604ea,0xc39bd6ec7b81d445d937d2abae2c8bc54d7b206115aa807ffdbb18b1f80ff525
289,2346.965804284056,0.4271477763796982,0x242161026d3db889df2573b50959e5d705c9910a,2017-10-26T19:38:53.000Z,0.00018199999999999998,0x530e10078b1a5f33291c93dc3f0da9295d78c593,sell,0x0abdace70d3790235af448c88547603b945604ea,0x22b114d6f22ff05b749888391bfc25875aab4a68d25090ef073ad228e33e5cda
290,865.0991925032399,0.15744805303558967,0x242161026d3db889df2573b50959e5d705c9910a,2017-10-26T18:54:57.000Z,0.00018199999999999998,0xd227c0b8808fc71f0c50c16f40c0e29bc1e7dfd7,sell,0x0abdace70d3790235af448c88547603b945604ea,0x7bdf02aa492e2dca880fa0614b011625dbed01b21253eae44b7b1d3516a44182
291,41.75537509114415,0.007975276642408533,0x56c2ff53f7b631f4a011754192426a2d9805ed24,2017-10-26T17:22:03.000Z,0.000191,0xfbf7dc0756a9768d0c71aea5f8421f3b1eaee7d1,buy,0x0abdace70d3790235af448c88547603b945604ea,0x30710767a16d1841d10c7b73282f32c2bb72532e3ae1f6871141e85c2755f76c
292,19097.467637650698,3.1510821602123653,0x3dee4a4e076e8d82859d241db0baf46f112cfa23,2017-10-26T17:06:16.000Z,0.000165,0xfe8de10d077908a91c286e8967b5926ccb5b7807,sell,0x0abdace70d3790235af448c88547603b945604ea,0x3d58c3a0890336673067977091fac89dfdd1f33edab85cc7c475f21712a390f0
293,99.7194855851158,0.018148946376491077,0x3c0e781116e7ebcfcee0955f314bdac09bf1813d,2017-10-26T16:56:58.000Z,0.00018199999999999998,0x1579c988f8c718e170406a057ac44bf7a61feda7,sell,0x0abdace70d3790235af448c88547603b945604ea,0x81c64586f06fe5790cdfb9b182673564c3fddfea77ffa82aefafc585751d46ac
294,2108,0.404736,0xa2b16e3b6b64771396c925e61fefd851e757e38e,2017-10-26T16:11:34.000Z,0.000192,0x3c0e781116e7ebcfcee0955f314bdac09bf1813d,buy,0x0abdace70d3790235af448c88547603b945604ea,0x3b62b43a2bf1eb72bed316a67728d691b27fe00e792c10b4656756d29581b4e6
295,3987.638321204267,0.7181935998404945,0xc4c3f11db23126544b4bc14ab6a3e44abe90401e,2017-10-26T15:53:47.000Z,0.00018010499999999998,0x31e00ee598e542ea3a51170ca63a328d37fd05fc,sell,0x0abdace70d3790235af448c88547603b945604ea,0xb627c0002292857347bdb7998e475a92c6eb563fa96ea4d3dc970884a18146df
296,3687.241551191307,0.6710779623168178,0x3c0e781116e7ebcfcee0955f314bdac09bf1813d,2017-10-26T15:35:33.000Z,0.00018199999999999998,0x947352ef6d6e1dcf602f3679ebb5ad1374901f05,sell,0x0abdace70d3790235af448c88547603b945604ea,0xfccc6566da25af2ffc855b1fb8c883f4012b38e10934481811c10de61742bcf9
297,9.90460932642488,0.001911589600000001,0x5c87915f26b5414e9748300caa7a67f5f0c1b989,2017-10-26T13:45:14.000Z,0.0001929999999999999,0xaa6aa4cda602d099bb0321610d0068fce864c4d9,sell,0x0abdace70d3790235af448c88547603b945604ea,0x0cfcdd45c66e1e5c1d60316bc1791756f2a25a42d3633c0dc573a436f09c9968
298,30,0.00579,0x006f11323d586ae28609e72d28f1d7f06ddead9e,2017-10-26T13:37:39.000Z,0.000193,0xb989a321368b8d6c1cde21db485589ec24ba8c6f,buy,0x0abdace70d3790235af448c88547603b945604ea,0xb4f65dad280e3084dc05c18e687319263918a536baa1704a42346466a5914d67
299,400,0.078,0x006f11323d586ae28609e72d28f1d7f06ddead9e,2017-10-26T13:35:11.000Z,0.000195,0x009a12d4290630bc01fd82516ac57c1dc6a9bcfb,buy,0x0abdace70d3790235af448c88547603b945604ea,0xbc030ae11df3c1e9b3d3709ecbcbb27ee6816102e653fa32ba8679bb45f1623c
300,1100,0.20911,0x959ef0fc635d3223522edbc666f985111e5ef38c,2017-10-26T13:26:12.000Z,0.0001901,0x951571ecb267b433469ef2c50f4c7b74b1d631f7,sell,0x0abdace70d3790235af448c88547603b945604ea,0x3e7b26b59ed5d3747c7603735726a74d895e21003703479a232921bb2866bdcf
301,10.026689110179143,0.001935161024953684,0x951571ecb267b433469ef2c50f4c7b74b1d631f7,2017-10-26T13:18:41.000Z,0.0001930009999999999,0xfc69e7c9afc6454f0a074f4bd7e366a516ea8b67,sell,0x0abdace70d3790235af448c88547603b945604ea,0xebfb196360eb0959acc69f64b203146a1b237d579660abb8b27a44073dd0c0bc
302,1995.3111329257083,0.3850970439657946,0x951571ecb267b433469ef2c50f4c7b74b1d631f7,2017-10-26T13:12:47.000Z,0.000193001,0x4ba0b4cbe5346eb1766cfd7ea30b1579e4f0d3da,sell,0x0abdace70d3790235af448c88547603b945604ea,0xaa293244bd995856b51a98513b13aaae7d61698822e837eaf46d46e079a80964
303,2000,0.405998,0xe432830b1841a1766cf8c213ec9a3373b709cd62,2017-10-26T12:11:42.000Z,0.000202999,0x951571ecb267b433469ef2c50f4c7b74b1d631f7,buy,0x0abdace70d3790235af448c88547603b945604ea,0x5e9d3cc3ad7f47be59ea29b95054dc08fc6373d8cd120c5c2516cf5e73b3de59
304,1000,0.202999,0xbc1879b8c4f156fd55d97ab77db151388ff4eded,2017-10-26T12:09:36.000Z,0.000202999,0x951571ecb267b433469ef2c50f4c7b74b1d631f7,buy,0x0abdace70d3790235af448c88547603b945604ea,0x33e683b6cfe00ed7850447e094bef665d5d4515630cd6c962967fa610f4e8bbe
305,1994.6621779641127,0.3849717950092517,0x951571ecb267b433469ef2c50f4c7b74b1d631f7,2017-10-26T11:17:06.000Z,0.000193001,0x291e14d8f3632d4dc39dca11774537475006cee1,sell,0x0abdace70d3790235af448c88547603b945604ea,0xe8c6735b11de4f7ab0a4e440afbd0d043b7bd61e9ffde9a631318163873b8145
306,3000,0.5805,0xfc69e7c9afc6454f0a074f4bd7e366a516ea8b67,2017-10-26T09:44:53.000Z,0.0001935,0xb4b7c10aba4dce0552fa9449f72eb73f1d69311d,sell,0x0abdace70d3790235af448c88547603b945604ea,0xd61bd227aa20a5b1cd9094d25e547f17a02d234b83d2d3fe37720946f087656b
307,52000,10.14,0xf2b1fdc974a80ae077f285421eb39e10403fb1f2,2017-10-26T09:41:47.000Z,0.000195,0xfb43951729d4f0a990350b7a037d3e52ab6280bb,buy,0x0abdace70d3790235af448c88547603b945604ea,0x8cfaab7bd5aac4b9cfb03008fb0687abe74d6500ee5e1cf278aacdfd3f63780a
308,20000,3.86,0x009a12d4290630bc01fd82516ac57c1dc6a9bcfb,2017-10-26T09:19:51.000Z,0.000193,0xfb43951729d4f0a990350b7a037d3e52ab6280bb,sell,0x0abdace70d3790235af448c88547603b945604ea,0x35a426325f63a63e433b09752e2c7e7a96468789b7976ce386ff26ab5ccb296e
309,126618.06950032004,24.31066934406145,0xf8ce18f4aef4e5a451930a0ac8844f1263d950a7,2017-10-26T09:19:51.000Z,0.00019199999999999998,0xfb43951729d4f0a990350b7a037d3e52ab6280bb,sell,0x0abdace70d3790235af448c88547603b945604ea,0x204f9615f2891b1f057c2fc5a3fce399af486c62282d8cccdacd05cad6117430
310,5000,0.965005,0x951571ecb267b433469ef2c50f4c7b74b1d631f7,2017-10-26T09:11:16.000Z,0.000193001,0x26cae83f14c493e7c68964d698398f6bab3711ef,sell,0x0abdace70d3790235af448c88547603b945604ea,0xc7a8b427024e9de9590632f88a73d245314f5d99e825d0c21cefa3fc749f8f6f
311,160,0.0312,0x5c87915f26b5414e9748300caa7a67f5f0c1b989,2017-10-26T08:58:29.000Z,0.000195,0x26cae83f14c493e7c68964d698398f6bab3711ef,sell,0x0abdace70d3790235af448c88547603b945604ea,0xed507e26d0143b3b96f7637b912cce47e7d7ca03c479c7c22b9e8635dd3fbacd
312,8000,1.63912,0x26cae83f14c493e7c68964d698398f6bab3711ef,2017-10-26T08:56:03.000Z,0.00020489,0x951571ecb267b433469ef2c50f4c7b74b1d631f7,buy,0x0abdace70d3790235af448c88547603b945604ea,0xddf4f29915b4f7014fc936e7750f9c55e578e6952cc55ab1e0607e795c7a974d
313,2340,0.4563,0x5c87915f26b5414e9748300caa7a67f5f0c1b989,2017-10-26T07:51:00.000Z,0.000195,0x0671f73668831051b71f967938d22f3584a3051d,sell,0x0abdace70d3790235af448c88547603b945604ea,0x6990efd6c2a16c8310b359d8547af3be4944e62083fbc93637ade2d11f05018c
314,7790.115127334234,1.4957021044481729,0xf8ce18f4aef4e5a451930a0ac8844f1263d950a7,2017-10-26T06:40:30.000Z,0.00019199999999999998,0x11ebd432f4dd0324172ae8a59180d2c067b91ce9,sell,0x0abdace70d3790235af448c88547603b945604ea,0x6585018bab9b1a37ab14c989611623176c64df56935da65ffc8d3bca5fc177b4
315,830,0.16019083,0x6807cc3ead56cc0e19ab70b58d82136ff5c58eea,2017-10-26T06:39:11.000Z,0.000193001,0x11ebd432f4dd0324172ae8a59180d2c067b91ce9,sell,0x0abdace70d3790235af448c88547603b945604ea,0x887ba41726169555c1ebcdd34fd05ac3e81ef0d38d038f0b663fec3260770663
316,1281.5016673072623,0.24732982179030163,0x6742f656a2914cf8d0792b5d1ed8669e3da76692,2017-10-26T06:39:11.000Z,0.000193,0x11ebd432f4dd0324172ae8a59180d2c067b91ce9,sell,0x0abdace70d3790235af448c88547603b945604ea,0x3cf4ecf19a7aa13ddb809b1f1dbde39194a6569cb20e45d5d07de371a7f68080
317,205,0.03956541,0x38a4ff00c207cbd78ab34b6ddd1b8754e4498508,2017-10-26T06:38:58.000Z,0.000193002,0x11ebd432f4dd0324172ae8a59180d2c067b91ce9,sell,0x0abdace70d3790235af448c88547603b945604ea,0x19c9dd6501eb8d4669c6d9d7d5cbb334522f1b834ba4683f35a571aa122016d1
318,1607,0.31016707,0x0cee9942a8dc4aa6f594d680f6b9654f02ab62d1,2017-10-26T06:37:36.000Z,0.00019301,0x2e1c049df8f9a74cdab35b771c33b85a5be21df6,sell,0x0abdace70d3790235af448c88547603b945604ea,0x845eda50c0f1459328c1d68f21d7954ecd88413a6bd3dca400dc52500fa46391
319,237.1524435744146,0.04885340337632941,0xced05165068616f2f17b0681fc00f40ef8772a96,2017-10-26T03:32:37.000Z,0.000206,0xfbf7dc0756a9768d0c71aea5f8421f3b1eaee7d1,buy,0x0abdace70d3790235af448c88547603b945604ea,0xaaaa082e47e5ccba121469fa850abfb5ad5641d3f1fe7e265b859c5ee6c4570f
320,997,0.19243097,0x0cee9942a8dc4aa6f594d680f6b9654f02ab62d1,2017-10-26T01:33:38.000Z,0.00019301,0x291e14d8f3632d4dc39dca11774537475006cee1,sell,0x0abdace70d3790235af448c88547603b945604ea,0xb91287287ba6748fac73f7cc2e6bae382ac865af03cd49459226e3db4710b651
321,1000,0.193,0x6742f656a2914cf8d0792b5d1ed8669e3da76692,2017-10-25T23:29:52.000Z,0.000193,0x1ed014aec47fae44c9e55bac7662c0b78ae61798,sell,0x0abdace70d3790235af448c88547603b945604ea,0x3cff8c70d1e63c1c3e43c2378a78926bc1efe678eb4056f018e037f17bd46ee7
322,6000,1.152006,0x951571ecb267b433469ef2c50f4c7b74b1d631f7,2017-10-25T23:29:14.000Z,0.000192001,0x1ed014aec47fae44c9e55bac7662c0b78ae61798,sell,0x0abdace70d3790235af448c88547603b945604ea,0x9f2d4eb06c97ce380d985dff3c4a6990bd52f2f3a9ac61540cea844d785df118
323,718.4983326927377,0.13867017820969837,0x6742f656a2914cf8d0792b5d1ed8669e3da76692,2017-10-25T23:29:14.000Z,0.000193,0x009642d560c814fe61c58e5aae5a5bb88643411b,sell,0x0abdace70d3790235af448c88547603b945604ea,0x5162b54de61cf7c3da378532911a85f298ab4fecdded184cac5b1adfe6399b66
324,552.1376942446909,0.10711471268347003,0x45b0a2e96bc593e15f1494d6d90428f2fb24d9f0,2017-10-25T23:25:44.000Z,0.000194,0x009642d560c814fe61c58e5aae5a5bb88643411b,sell,0x0abdace70d3790235af448c88547603b945604ea,0xbd8ccc698d9f30a4a54b90beef09a500d3b7a508797e1b7b4a45f0d36f571b6c
325,1000,0.1931,0x492842125e4c3a7d10cda0e0291ea22788e4ad60,2017-10-25T23:25:44.000Z,0.0001931,0x009642d560c814fe61c58e5aae5a5bb88643411b,sell,0x0abdace70d3790235af448c88547603b945604ea,0x1c8468b59794ed1227aa811c251909aed2b401553c22aaf5f0f36ea6a600cfe6
326,2160,0.419256,0xb573c58350915a1876edc04734394cff2bd57b14,2017-10-25T23:25:19.000Z,0.0001941,0x009642d560c814fe61c58e5aae5a5bb88643411b,sell,0x0abdace70d3790235af448c88547603b945604ea,0xdacc0772655d3ec4fea8baa850a0356339d86f6ef73f7c3977c629d1b87d06aa
327,2990,0.580359,0xb573c58350915a1876edc04734394cff2bd57b14,2017-10-25T23:22:39.000Z,0.0001941,0x291e14d8f3632d4dc39dca11774537475006cee1,sell,0x0abdace70d3790235af448c88547603b945604ea,0xa26aa2a1c13f64a7b161307a9e95e2242ef449c7cc3e5eb1c645ad8a5a67bef5
328,4000,0.83996,0x31e00ee598e542ea3a51170ca63a328d37fd05fc,2017-10-25T22:59:22.000Z,0.00020999,0x951571ecb267b433469ef2c50f4c7b74b1d631f7,buy,0x0abdace70d3790235af448c88547603b945604ea,0x0a19fe5040308d62ccc9b992a53afcddec2919fd3cf90fca22f0b8003c616101
329,4000,0.83996,0x7dc05c58d5b32648f3aab1ad6eafb7e08d1f278f,2017-10-25T22:52:57.000Z,0.00020999,0x951571ecb267b433469ef2c50f4c7b74b1d631f7,buy,0x0abdace70d3790235af448c88547603b945604ea,0xbc3ec1bd67350dda737373c62ad41962150e0b9f0d61f317873c4c3c43ac3258
330,513.5927900723448,0.09963700127403488,0x45b0a2e96bc593e15f1494d6d90428f2fb24d9f0,2017-10-25T22:51:48.000Z,0.000194,0x68924f8a55d8a017aad7ce4f716c8bcea5de9685,sell,0x0abdace70d3790235af448c88547603b945604ea,0x53d71b05b8567d751aa0b8d8824dcef04b82ccd97de697cb5fa41f371df05b12
331,1292,0.270028,0xa2b16e3b6b64771396c925e61fefd851e757e38e,2017-10-25T21:57:57.000Z,0.000209,0x7bc98c332165675879e4d763cf67dddc35b1735c,buy,0x0abdace70d3790235af448c88547603b945604ea,0xc74edadeb4c557cb9d0b67f67e787ed99ecd24b12f15d86ebb5b05b6b824fa5a
332,515,0.099910515,0x68924f8a55d8a017aad7ce4f716c8bcea5de9685,2017-10-25T21:46:32.000Z,0.000194001,0x7bc98c332165675879e4d763cf67dddc35b1735c,sell,0x0abdace70d3790235af448c88547603b945604ea,0x12d59fdb8c73888a66f143c396f20046d3496659ad750bb1da608419c0672c71
333,6632.823654353127,1.399459462831966,0xc9d56287b414e1aa0963016aa721b527f095fd9c,2017-10-25T20:25:48.000Z,0.00021099,0x951571ecb267b433469ef2c50f4c7b74b1d631f7,buy,0x0abdace70d3790235af448c88547603b945604ea,0x7394aac2dec121ebd551ae1bd72a707fa75019a973ced462e315ee086a024ca1
334,6612.984700252369,1.4350242929394643,0x49dc235474e153367b593cab41b56dff301fbea0,2017-10-25T20:25:48.000Z,0.00021700099999999998,0xc9d56287b414e1aa0963016aa721b527f095fd9c,sell,0x0abdace70d3790235af448c88547603b945604ea,0x7394aac2dec121ebd551ae1bd72a707fa75019a973ced462e315ee086a024ca1
335,13591.815372345729,2.60962855149038,0xf8ce18f4aef4e5a451930a0ac8844f1263d950a7,2017-10-25T20:25:43.000Z,0.00019199999999999998,0x03b82245483815300c14e8731e1ab6558a7f97cc,sell,0x0abdace70d3790235af448c88547603b945604ea,0x2bab062b347f7c9b89fb4f38f20e104068d28dafcdad0fe29d2d803a7dc765dd
336,336.23151949885585,0.07228977669225402,0x08b1f61348f5f12006d0ebff92c5d304e746701d,2017-10-25T19:15:05.000Z,0.000215,0x9af723cdc53e63f40881631bd588df2833893246,buy,0x0abdace70d3790235af448c88547603b945604ea,0x792a98879dd0cde0d73e47f37d086611c784b6dda075efb8a6c20a1595fc7eda
337,6745,1.450175,0x08b1f61348f5f12006d0ebff92c5d304e746701d,2017-10-25T19:12:23.000Z,0.000215,0x9af723cdc53e63f40881631bd588df2833893246,buy,0x0abdace70d3790235af448c88547603b945604ea,0xe1b01cf75025966e10dc5fbe9cb246fce13fff9a1bd428e42923120357baeb56
338,4300,0.9202,0x08b1f61348f5f12006d0ebff92c5d304e746701d,2017-10-25T19:09:35.000Z,0.000214,0x1ca9bd189db5ab9099a4b17a15cf3ac3da289c38,buy,0x0abdace70d3790235af448c88547603b945604ea,0x074f19d0116eb64b9294ee4cf74a60bb05fc9070274b7ed8f1a328826de85fa9
339,1259.7922639816568,0.24073370372425484,0x4ba0b4cbe5346eb1766cfd7ea30b1579e4f0d3da,2017-10-25T18:49:42.000Z,0.00019109000000000004,0xd768538307d5c65917b70e8b013b841d7a25e8b4,sell,0x0abdace70d3790235af448c88547603b945604ea,0x01798d1003c4fa77f3bb8b51e879131d2f5e8d6f5311a8997b8f4cff7450ecc3
340,4514.46,0.902892,0xec9d8fa7084bed82ed45171fb9f33ed8c723d162,2017-10-25T18:47:59.000Z,0.0002,0xd768538307d5c65917b70e8b013b841d7a25e8b4,sell,0x0abdace70d3790235af448c88547603b945604ea,0x336c6c813b980a98281f421c0628a9db01ae2dc4b086d41c296c99643dd2d2dd
341,897.21862227096,0.17944372445419202,0xec9d8fa7084bed82ed45171fb9f33ed8c723d162,2017-10-25T18:03:03.000Z,0.00019999999999999998,0x4d7e6bf26b2aead35b25ff66b42e088bec51f2b4,sell,0x0abdace70d3790235af448c88547603b945604ea,0x671a3a2179e537a924af289edb617ac4452c88520b401992ff649abfe1f918b0
342,7.362340938361814,0.00158290330174779,0x1d5321e125f6c7079a716705541c7b371ca79e69,2017-10-25T18:01:00.000Z,0.000215,0x9af723cdc53e63f40881631bd588df2833893246,buy,0x0abdace70d3790235af448c88547603b945604ea,0x60f377c00028d8486b388c9110edb201db6fe0e335436b0465bb31f6f5e7d820
343,7.3403199784265345,0.001614870395253837,0x4f1e07dcacbc47616e0934da45123fb5ffc57599,2017-10-25T18:01:00.000Z,0.00021999999999999993,0x1d5321e125f6c7079a716705541c7b371ca79e69,sell,0x0abdace70d3790235af448c88547603b945604ea,0x60f377c00028d8486b388c9110edb201db6fe0e335436b0465bb31f6f5e7d820
344,15.732555522981421,0.003519529996046174,0x74a75be2975deb0e0be4a66625167319158b7108,2017-10-25T17:56:06.000Z,0.00022371,0x4ba0b4cbe5346eb1766cfd7ea30b1579e4f0d3da,buy,0x0abdace70d3790235af448c88547603b945604ea,0xdbe3ddcec638ccec98c21ff1822c3abc4a9878acf751824829c5ca42358f95a5
345,4.974050603249558,0.001109213284524651,0x271d73e8e8542a7dd7a3e830ce811b1b9644876f,2017-10-25T17:50:04.000Z,0.0002229999999999999,0x1d5321e125f6c7079a716705541c7b371ca79e69,sell,0x0abdace70d3790235af448c88547603b945604ea,0x8d395f0cf5eda6cf2b8f23dc76950f3c326b64ccfe12fc30a6e55a83ff2c2de1
346,4.988972755059307,0.001072629142337751,0x1d5321e125f6c7079a716705541c7b371ca79e69,2017-10-25T17:50:04.000Z,0.000215,0x9af723cdc53e63f40881631bd588df2833893246,buy,0x0abdace70d3790235af448c88547603b945604ea,0x8d395f0cf5eda6cf2b8f23dc76950f3c326b64ccfe12fc30a6e55a83ff2c2de1
347,150,0.03225,0x74a75be2975deb0e0be4a66625167319158b7108,2017-10-25T17:49:30.000Z,0.000215,0x9af723cdc53e63f40881631bd588df2833893246,buy,0x0abdace70d3790235af448c88547603b945604ea,0x61e75135eadb97b9494bbd85f1eac142b4512f7a8d4cf2309eb2470dfa6e9865
348,200,0.042,0x9c0f53b0dd0f04f3de23f433a9e20ee89d30e522,2017-10-25T17:45:17.000Z,0.00021,0x3dee4a4e076e8d82859d241db0baf46f112cfa23,sell,0x0abdace70d3790235af448c88547603b945604ea,0xd56dcdd57e6bb66c6d878eecfbe8070b02833e763a417328f1bd55530ebb17d1
349,2588.3213748905214,0.5176642749781043,0xec9d8fa7084bed82ed45171fb9f33ed8c723d162,2017-10-25T17:41:48.000Z,0.00019999999999999998,0xacd435884b803bb1847bc0e5a198400fe2bcaf1a,sell,0x0abdace70d3790235af448c88547603b945604ea,0xbcc557e9ac1ab86512498d5784e6a5dc64fd84858bc8fbbf1f29c533ce8157f7
350,7660.54812617007,1.532109625234014,0x3dee4a4e076e8d82859d241db0baf46f112cfa23,2017-10-25T17:40:20.000Z,0.00019999999999999998,0xacd435884b803bb1847bc0e5a198400fe2bcaf1a,sell,0x0abdace70d3790235af448c88547603b945604ea,0x9314dfcf316fe5f13f4e2bd09e53f905aa703cfe7002f863c03bb4f3a5f4c9b3
351,339.45187382993,0.067890374765986,0x3dee4a4e076e8d82859d241db0baf46f112cfa23,2017-10-25T17:39:24.000Z,0.00019999999999999998,0x9241691d9d7f9034ae8eb52749ebe7d828737155,sell,0x0abdace70d3790235af448c88547603b945604ea,0xc543925d0361ae9d3a9880fc43216ffe56795d9e43b54b22dccc395cf7ca9f71
352,20,0.0043,0xfba8ba230c48c0f5271257e4f06ca5480c1673cf,2017-10-25T17:39:24.000Z,0.000215,0x9af723cdc53e63f40881631bd588df2833893246,buy,0x0abdace70d3790235af448c88547603b945604ea,0xefb74d9a7b2b3dd17680e907273cbf14bed26cf748e8600e5f9c835f8b1ecc51
353,1735.9458416287991,0.3732283559501918,0xf8ce18f4aef4e5a451930a0ac8844f1263d950a7,2017-10-25T17:29:33.000Z,0.000215,0x9af723cdc53e63f40881631bd588df2833893246,sell,0x0abdace70d3790235af448c88547603b945604ea,0x2c24e96230604caf882bdafd1cb951ff09709ed9403c1d9135dc0dd569e830d1
354,4975,1.04475,0x7664b2706c4af8d34e5711217437071d57fad141,2017-10-25T17:28:44.000Z,0.00020999999999999998,0x4ba0b4cbe5346eb1766cfd7ea30b1579e4f0d3da,sell,0x0abdace70d3790235af448c88547603b945604ea,0xfe1aa3853e1d800eeeee4b99685a5bc3bec234c1bc033068ea8a0d7df5c548fc
355,14923.736561460317,3.208603360713968,0xf8ce18f4aef4e5a451930a0ac8844f1263d950a7,2017-10-25T17:27:36.000Z,0.000215,0x98b8f889dbe2b5c4c5879f65e13b24012f2afdce,sell,0x0abdace70d3790235af448c88547603b945604ea,0x67e3e8fdfdec4a19e1fa05d9963445d1c4d6e16bef901bdf1da184acab8ea3b4
356,23171.466557572054,4.981865309877992,0xf8ce18f4aef4e5a451930a0ac8844f1263d950a7,2017-10-25T17:14:40.000Z,0.000215,0x9af723cdc53e63f40881631bd588df2833893246,sell,0x0abdace70d3790235af448c88547603b945604ea,0x741fe37f63effd81791ec8b02ea8da9657d7b0fb8799c9b9aef0a5a6e8510b2e
357,1.4393052855644555,0.000309450636396357,0xf8ce18f4aef4e5a451930a0ac8844f1263d950a7,2017-10-25T17:02:30.000Z,0.00021499999999999937,0x9af723cdc53e63f40881631bd588df2833893246,sell,0x0abdace70d3790235af448c88547603b945604ea,0x301a72a152fa0a00807fcc3114f85549bc5577a2a3907e9d06e59c3e51184e37
358,14437.671319497053,3.1040993336918663,0xf8ce18f4aef4e5a451930a0ac8844f1263d950a7,2017-10-25T17:00:58.000Z,0.000215,0x9af723cdc53e63f40881631bd588df2833893246,sell,0x0abdace70d3790235af448c88547603b945604ea,0x6d5454d6af880dc87403a0d47dd4c54c1ace9e57055b633e208457c00f65ce56
359,1.4480084323583433,0.00032290588041591,0x271d73e8e8542a7dd7a3e830ce811b1b9644876f,2017-10-25T16:38:36.000Z,0.00022299999999999962,0x98b8f889dbe2b5c4c5879f65e13b24012f2afdce,sell,0x0abdace70d3790235af448c88547603b945604ea,0x7bd7cc2ef98293c0a27b9e26287676f0eec3761227518576e807b46aaf51384b
360,3980,0.8955,0xfba8ba230c48c0f5271257e4f06ca5480c1673cf,2017-10-25T16:36:15.000Z,0.000225,0x4ba0b4cbe5346eb1766cfd7ea30b1579e4f0d3da,sell,0x0abdace70d3790235af448c88547603b945604ea,0xa15cbe15240aead3426fab1197f8faada92b55bfb40db20d1315331b397d5d67
361,1094.6765028411924,0.23535544811085635,0xf8ce18f4aef4e5a451930a0ac8844f1263d950a7,2017-10-25T16:27:27.000Z,0.000215,0xcbc1e5ac12c16aeccb6e911447876bf9d3b6bb76,sell,0x0abdace70d3790235af448c88547603b945604ea,0x68c82172c0c57f14489940b6044d1f8276e37e6b8267de9acf0c5dce9787d962
362,14524.97258498654,3.1228691057721063,0xf8ce18f4aef4e5a451930a0ac8844f1263d950a7,2017-10-25T16:27:00.000Z,0.000215,0x98b8f889dbe2b5c4c5879f65e13b24012f2afdce,sell,0x0abdace70d3790235af448c88547603b945604ea,0xea12735544dabbecc4a71bc5f3fc88fab4d98f576364840e6c2c3e8e48a0418f
363,19889.83451300967,4.276314420297079,0xf8ce18f4aef4e5a451930a0ac8844f1263d950a7,2017-10-25T16:15:15.000Z,0.000215,0x09e396aca9535fffc68c72f880ab36e252b73a43,sell,0x0abdace70d3790235af448c88547603b945604ea,0x8562a258fd3b6c3f81f63e3bc4b9df4bbfbba52d10e6609d70abf0e7da299dd7
364,1199.744545128014,0.257945077202523,0xf8ce18f4aef4e5a451930a0ac8844f1263d950a7,2017-10-25T16:06:30.000Z,0.000215,0x9e1477cd68e8e375705ccb3dcf5764fe901de3ef,sell,0x0abdace70d3790235af448c88547603b945604ea,0x8246a04832ca24717067b75a7718d7019ce7edd4558dcd16474c224de94faf24
365,9020.512268590795,1.9394101377470208,0xf8ce18f4aef4e5a451930a0ac8844f1263d950a7,2017-10-25T16:05:56.000Z,0.000215,0x7a113221ebf0634348ccac761021ec9d98394c2d,sell,0x0abdace70d3790235af448c88547603b945604ea,0x07e62024ab11ce16fe05a75d5e9e42194719559dfc063333650125959bb9a7f5
366,1510.242519224416,0.32772262667169827,0xfbf7dc0756a9768d0c71aea5f8421f3b1eaee7d1,2017-10-25T16:05:24.000Z,0.000217,0x9e1477cd68e8e375705ccb3dcf5764fe901de3ef,sell,0x0abdace70d3790235af448c88547603b945604ea,0x4be08c0c2b56593a44e41998bde610a0acf5875c7844f5a243a464bf37a9ee6b
367,3000,0.6492,0x49dc235474e153367b593cab41b56dff301fbea0,2017-10-25T16:04:01.000Z,0.0002164,0x9e1477cd68e8e375705ccb3dcf5764fe901de3ef,sell,0x0abdace70d3790235af448c88547603b945604ea,0x9600c726e13b328431d672dc5668e292e996caed503528fa91d662e7a98fa288
368,199.80161499352008,0.04335695045359386,0xfbf7dc0756a9768d0c71aea5f8421f3b1eaee7d1,2017-10-25T16:02:47.000Z,0.000217,0x2818820241f5c241a2db62496e0a6e4fe95265c7,sell,0x0abdace70d3790235af448c88547603b945604ea,0x3725e51eff4ff51f4e0d25b700bf6edbbb5bf552be3911f02fee7a7f26c3b846
369,109.31907282416459,0.023722238802843718,0xfbf7dc0756a9768d0c71aea5f8421f3b1eaee7d1,2017-10-25T15:36:43.000Z,0.000217,0xaca41f3b6f18ecbf7c049cbeb31470cd1ddc5efe,sell,0x0abdace70d3790235af448c88547603b945604ea,0x757cc054feeee71f74b4c5d4c07af73131f9bcce8475a67db4634d5307eeb14b
370,139.9222712363714,0.031342728679218425,0x9f32f405deecb8ef891ef3abef7ae83095b80cfc,2017-10-25T15:33:14.000Z,0.00022400099999999999,0xaca41f3b6f18ecbf7c049cbeb31470cd1ddc5efe,sell,0x0abdace70d3790235af448c88547603b945604ea,0xe9baf8246ab7db340630697f50554a043cb5526a322ca56c4c7691e648138731
371,3180.636792957899,0.6901981840718642,0xfbf7dc0756a9768d0c71aea5f8421f3b1eaee7d1,2017-10-25T15:27:21.000Z,0.000217,0x4ba0b4cbe5346eb1766cfd7ea30b1579e4f0d3da,sell,0x0abdace70d3790235af448c88547603b945604ea,0xcdd85a5fc4acf3d0b6604289f6241210ca0c78e41753d7c28e763cbf082dc158
372,33,0.008058897,0x54b59cbea68b581f1fa6ae1c3d5ea0643e8e2378,2017-10-25T14:14:45.000Z,0.000244209,0x951571ecb267b433469ef2c50f4c7b74b1d631f7,buy,0x0abdace70d3790235af448c88547603b945604ea,0x99a88e50ad95566fdf6164547fe0192a6adce9bedeab4edf1a677119ff06afd6
