,amount,amountBase,buyer,date,price,seller,side,tokenAddr,txHash
0,100,0.3301,0x88650fdbfbb5c7933eb52008c4387050b963747d,2017-11-02T12:02:09.000Z,0.003301,0x5aa91bdb140a8f3da1dee9ed66db20acffb99a8e,sell,0x93e682107d1e9defb0b5ee701c71707a4b2e46bc,0xd660bd1b33c99792117979cc5633cc8f47ba3eb3194263fba009653c4df70863
1,2000,8.200002,0xe1e1d0d73eeb29d0632bc4c7871bfc74dbed0741,2017-11-02T12:00:21.000Z,0.004100001,0x5aa91bdb140a8f3da1dee9ed66db20acffb99a8e,sell,0x93e682107d1e9defb0b5ee701c71707a4b2e46bc,0xa9882a0ba5a4eeae1ff9205c9562137f52fb54892e61c689d550367067bcd30e
2,1900,7.7900038,0xeb19e912a51eb267cd423dcf0934d1a7f971ad66,2017-11-02T12:00:21.000Z,0.004100002,0x5aa91bdb140a8f3da1dee9ed66db20acffb99a8e,sell,0x93e682107d1e9defb0b5ee701c71707a4b2e46bc,0xea8c6a6b88e6bb8528dce3e832959762b5353d99e6797c161d723550deded93e
3,302.5488901,1.2404510545077803,0xe1e1d0d73eeb29d0632bc4c7871bfc74dbed0741,2017-11-01T14:18:48.000Z,0.004100002,0xb00548770ea87482f024cd4292a975fea72e8f01,sell,0x93e682107d1e9defb0b5ee701c71707a4b2e46bc,0x174402adfda9e0a9ad8fb86ec1bde7a22d0164cd2071d9771136b4e21838f97c
4,1400,5.7400042,0xeb19e912a51eb267cd423dcf0934d1a7f971ad66,2017-11-01T14:16:08.000Z,0.004100003,0xb00548770ea87482f024cd4292a975fea72e8f01,sell,0x93e682107d1e9defb0b5ee701c71707a4b2e46bc,0xc31dcec160515bd429d4c142c26cb1ec76621598441091a0bf0a5d14162dc303
5,337.91646648,1.3854578504844666,0xe1e1d0d73eeb29d0632bc4c7871bfc74dbed0741,2017-11-01T01:09:21.000Z,0.004100001,0xb00548770ea87482f024cd4292a975fea72e8f01,sell,0x93e682107d1e9defb0b5ee701c71707a4b2e46bc,0x18ab54189bb8c699d7fcd40a8da6130f3d6e5099edd60120ce916304cd79b9a2
6,0.071,0.0003550071,0x5a86ebf9a0e6f8181ed5143557f7b8ba89957fcc,2017-10-31T05:01:29.000Z,0.0050001,0xe444a40689f51f63bcd29910622035707d533d29,sell,0x93e682107d1e9defb0b5ee701c71707a4b2e46bc,0xda5e40d6ca25de2d2678e2feded4e667ab7c7c64fca9bb6ee325336a21fe2768
7,0.01,0.00006,0x0c4085d8e714ca77ac5f46cd2b80a92d238a7cd3,2017-10-31T01:07:44.000Z,0.006,0x5d49115235b4ca312269c4e6dc32e5a488494649,buy,0x93e682107d1e9defb0b5ee701c71707a4b2e46bc,0x7776884819ad6d25382ad4ac2a4b27122d25f3535a15d7918eb5718d50bbee31
8,0.07519331,0.000375974069331,0x5a86ebf9a0e6f8181ed5143557f7b8ba89957fcc,2017-10-31T00:53:33.000Z,0.0050001,0xb00548770ea87482f024cd4292a975fea72e8f01,sell,0x93e682107d1e9defb0b5ee701c71707a4b2e46bc,0x9b1ab864fa4855625fa2005172e313841c4f86add91f3a2b201481f18316df99
9,754.26399475,2.4899091699731675,0xb902ba6e3272e66c74035d7e30f4fa9279bd56f9,2017-10-31T00:52:32.000Z,0.003301111,0xb00548770ea87482f024cd4292a975fea72e8f01,sell,0x93e682107d1e9defb0b5ee701c71707a4b2e46bc,0xb71ce03b32852ea1197004c4ae0817531b75af829ac026e3b52f7fab60d42daf
10,50,0.250005,0x5a86ebf9a0e6f8181ed5143557f7b8ba89957fcc,2017-10-31T00:04:14.000Z,0.0050001,0x5d49115235b4ca312269c4e6dc32e5a488494649,sell,0x93e682107d1e9defb0b5ee701c71707a4b2e46bc,0x664555cfc05f69fec5487f7a61c91bc7e33150d45dd34ce3f2ce599b76a946d3
11,292.13129299,0.9640429071996687,0xe1e1d0d73eeb29d0632bc4c7871bfc74dbed0741,2017-10-29T22:35:19.000Z,0.003300033,0xb00548770ea87482f024cd4292a975fea72e8f01,sell,0x93e682107d1e9defb0b5ee701c71707a4b2e46bc,0x1ba6a8edc5d398435cd9716672dccd194091220a6c710fe376d14a20426ee58e
12,2.12196137,0.0106098280696137,0xc26b7a45edd1d723b096007b6e369d8dfa46ec3c,2017-10-29T06:05:05.000Z,0.00500001,0x0d479199250a62931f4ccb5dec399235da1b6834,sell,0x93e682107d1e9defb0b5ee701c71707a4b2e46bc,0xc61f25658f00023b9fb6f35ba78656d8e622136f3f1cf3e5eed85629ec1dffad
13,0.0729927,0.0005,0xe444a40689f51f63bcd29910622035707d533d29,2017-10-28T20:45:06.000Z,0.006850000068500001,0xddc716609b550dc3022a7c608fb78a1f6ac9805c,buy,0x93e682107d1e9defb0b5ee701c71707a4b2e46bc,0xd3c24321b6d57f5e86b3247c1c20473f4d0040fd193f1e0ef1572536a76bc3ea
14,0.0729927,0.0005,0x34f9560c63078eb61872a4dc2ccd20e21c34feaf,2017-10-28T20:45:01.000Z,0.006850000068500001,0xddc716609b550dc3022a7c608fb78a1f6ac9805c,buy,0x93e682107d1e9defb0b5ee701c71707a4b2e46bc,0xab8277bb9870e4f2d5b9473252504a7a17e7d11694b10a0929b1a68fcef8c9c6
15,2.12853946,0.00851415784,0x0d479199250a62931f4ccb5dec399235da1b6834,2017-10-27T16:24:28.000Z,0.004,0x93813c6efce1bbb88f16719cd787e9acf9cb9415,sell,0x93e682107d1e9defb0b5ee701c71707a4b2e46bc,0xc13592a40b5105b95ca62ea5df73db50cec70ea3768981c373450772027d0c43
16,0.22,0.00110000022,0xf36990a2cb4d609e0a7d4f3bf884c0342d81fd3d,2017-10-27T11:04:02.000Z,0.005000001,0x5d49115235b4ca312269c4e6dc32e5a488494649,sell,0x93e682107d1e9defb0b5ee701c71707a4b2e46bc,0x387adcc4e3cf6dca9b8b825345cdf1dd5fbce03b3268436e655e8b7e65162622
17,0.01232345,0.000073940706976086,0xddc716609b550dc3022a7c608fb78a1f6ac9805c,2017-10-27T09:29:40.000Z,0.0060000005660822255,0x93813c6efce1bbb88f16719cd787e9acf9cb9415,buy,0x93e682107d1e9defb0b5ee701c71707a4b2e46bc,0xffeefcbe2b96505b3f51033c925d0887822e6ab521984a427fb45c12a8c92393
18,123.61653861,0.741699231677101,0xddc716609b550dc3022a7c608fb78a1f6ac9805c,2017-10-27T08:23:51.000Z,0.006000000000138339,0x93813c6efce1bbb88f16719cd787e9acf9cb9415,buy,0x93e682107d1e9defb0b5ee701c71707a4b2e46bc,0xcb287feb5e5faeb3961142167948fc793078de30220d0717d275bee2c28f69f7
19,0.5,0.0035,0xe5c79c03196e61970fcddb874d69208434221577,2017-10-26T18:05:35.000Z,0.007,0xddc716609b550dc3022a7c608fb78a1f6ac9805c,sell,0x93e682107d1e9defb0b5ee701c71707a4b2e46bc,0x3c93871c56cdad6cc2b6af5ef212ccc597de196ff408f8e1c802c8067d954c07
20,25,0.125,0xe5c79c03196e61970fcddb874d69208434221577,2017-10-25T20:41:10.000Z,0.005,0x93813c6efce1bbb88f16719cd787e9acf9cb9415,sell,0x93e682107d1e9defb0b5ee701c71707a4b2e46bc,0x3bf5fd9e385c66b5ff586cd52fda183df1fca47d01080ab86da946b998b3d358
21,1,0.007,0xe5c79c03196e61970fcddb874d69208434221577,2017-10-25T17:31:19.000Z,0.007,0x3e5ab457e7091127ffa1967cae69796fcf8e3ce2,buy,0x93e682107d1e9defb0b5ee701c71707a4b2e46bc,0x12669012a2a8c82d16fb1b142666d38325bcf7003c3cface85da84cdce663e9c
22,125.5985435,0.6028730088,0x34b62809df67ca50355e34c62035f0f349e001c7,2017-10-24T11:14:11.000Z,0.0048,0xbb6be7c4b5efca6bbb0e238f1708dbce6dced620,sell,0x93e682107d1e9defb0b5ee701c71707a4b2e46bc,0x65dd20ef21d1e0b8997c5f7122b644cbd9a529a195bb62533974bd7d6a646cd3
23,1,0.007,0x3e5ab457e7091127ffa1967cae69796fcf8e3ce2,2017-10-23T05:56:32.000Z,0.007,0xddc716609b550dc3022a7c608fb78a1f6ac9805c,buy,0x93e682107d1e9defb0b5ee701c71707a4b2e46bc,0xc8ac034ea6bce598e827b2d1e75bfeb89360c4331c364a34bba91d98e79b3cdb
24,24.9227395,0.117137124877395,0xe1e1d0d73eeb29d0632bc4c7871bfc74dbed0741,2017-10-23T04:10:35.000Z,0.00470001,0xa2312851d68b8f40df119f1b63f95e7600d6fd98,sell,0x93e682107d1e9defb0b5ee701c71707a4b2e46bc,0xd9d970b22430cc69cc2ba9a83d865f8ed2d9a0e7611c373fab5bf00150e9e8c7
25,0.3,0.00144,0x540e0299db8b33ec1bde2c466bcc6466c8c62acf,2017-10-22T19:27:03.000Z,0.0048,0xddc716609b550dc3022a7c608fb78a1f6ac9805c,buy,0x93e682107d1e9defb0b5ee701c71707a4b2e46bc,0xfec97ceebca2668ca914dabb24855f9ea9065b47485ab0032eaccc7e457167f6
26,25,0.0075,0x291110e10e002a02e11d3d2dee41bb320a6cdc2b,2017-10-22T11:22:41.000Z,0.0003,0x4d517d272ce8d879d8891518e70153b49d2cdb96,sell,0x93e682107d1e9defb0b5ee701c71707a4b2e46bc,0x3d6782534eb71b6d4af0f621f93974e08f90587f2da19687bfe35d564487b047
27,43.15793123,0.2006843802195,0xce385eb7ec5eb29302050828f69fcff5e0a88d14,2017-10-22T11:22:04.000Z,0.00465,0x4d517d272ce8d879d8891518e70153b49d2cdb96,sell,0x93e682107d1e9defb0b5ee701c71707a4b2e46bc,0xc182b911e6ce7da257c1275d33fd9a8dcc0761f83508599214d0409ea236eb9a
28,400,1.84,0x34b62809df67ca50355e34c62035f0f349e001c7,2017-10-22T11:07:05.000Z,0.0046,0x4d517d272ce8d879d8891518e70153b49d2cdb96,sell,0x93e682107d1e9defb0b5ee701c71707a4b2e46bc,0x7eb7158c8dd08c73a193747b7aea56cf2f3af08bd03b2ccbc32f5e316b107013
29,52,0.2340208,0xce385eb7ec5eb29302050828f69fcff5e0a88d14,2017-10-22T11:07:05.000Z,0.0045004,0x4d517d272ce8d879d8891518e70153b49d2cdb96,sell,0x93e682107d1e9defb0b5ee701c71707a4b2e46bc,0xe65e6eae3f0d7ac4abfa3584027c9f85b37b177d7bf96d4fe5e7d5dd4de26969
30,300,1.333203,0x3dee4a4e076e8d82859d241db0baf46f112cfa23,2017-10-21T11:58:10.000Z,0.00444401,0x32fd4967caffd9276b511df4ddd0d5abd10ee8da,sell,0x93e682107d1e9defb0b5ee701c71707a4b2e46bc,0xec5ec3f2036d33176bb33c7630124ede5500c82c8e5bb4e5f6931d6eabb968b6
31,13.4,0.067,0xddc716609b550dc3022a7c608fb78a1f6ac9805c,2017-10-21T11:58:05.000Z,0.005,0x32fd4967caffd9276b511df4ddd0d5abd10ee8da,sell,0x93e682107d1e9defb0b5ee701c71707a4b2e46bc,0x07c7896a309556c561a6b6944ccef85ffca05a5deda2b96410955c475ae15a4b
32,1000,4.444,0xe1e1d0d73eeb29d0632bc4c7871bfc74dbed0741,2017-10-21T11:58:05.000Z,0.004444,0x32fd4967caffd9276b511df4ddd0d5abd10ee8da,sell,0x93e682107d1e9defb0b5ee701c71707a4b2e46bc,0xee8ee6846f393412a2bf62411e8d1300516d930e63f740c27a4a1df87b7197b6
33,3000,13.332033,0xeb19e912a51eb267cd423dcf0934d1a7f971ad66,2017-10-21T11:58:05.000Z,0.004444011,0x32fd4967caffd9276b511df4ddd0d5abd10ee8da,sell,0x93e682107d1e9defb0b5ee701c71707a4b2e46bc,0x321133f91125d7ea260f2479755c89ddb303e80fb030135cfddfab70513d35d8
34,44.2,0.380075358,0x1da251119e3a70bcb4aed858bd2acccff2155077,2017-10-20T23:27:20.000Z,0.00859899,0x9778550d76b07ac9f5e57392f68ecdf6efc1774e,sell,0x93e682107d1e9defb0b5ee701c71707a4b2e46bc,0x9adf5d2344676f58e5992c6a5b210fc067a0121c6e8dc952ea5a7ac096883b86
35,4,0.03439596,0x2346ec020397e426a781d0ad2b55e6b71432808f,2017-10-20T22:26:54.000Z,0.00859899,0xe5c79c03196e61970fcddb874d69208434221577,buy,0x93e682107d1e9defb0b5ee701c71707a4b2e46bc,0x377d4ce0c3b4af1b5c8ffde8b787cc48ca08cc2290a2575e322c507913910034
36,3,0.021,0xe3d0a0d0fcdab0f65f97c5e29b3d413e827ca3ce,2017-10-20T14:22:58.000Z,0.007,0x179db9068c45e6617c13176c4c5082c9e5e347fc,sell,0x93e682107d1e9defb0b5ee701c71707a4b2e46bc,0x30d581dd1dbd4403385b00968132512e34dbeb48d02d174fcee2ae6cdbf500f0
37,0.01,0.0000859999,0x6cdea8e07bf82d7a07dbf36642d6e5be8623845c,2017-10-20T03:23:35.000Z,0.00859999,0xe5c79c03196e61970fcddb874d69208434221577,buy,0x93e682107d1e9defb0b5ee701c71707a4b2e46bc,0x79b0a11505624b472e940c74bc55a01337536331cee74bab28bc21cc5720d1e3
38,1.913,0.0166660370613,0x5d5065b42bdee0274e394ba9042c21e1818c69cf,2017-10-19T19:09:10.000Z,0.0087119901,0xddc716609b550dc3022a7c608fb78a1f6ac9805c,sell,0x93e682107d1e9defb0b5ee701c71707a4b2e46bc,0xf7ae763e691d9c6ba8dca5fd131d5e54f63424b83b6ba9ac7cf404443ff37328
39,3,0.02639997,0x8abf98207ad56cb4ec656502ce429fb0deabe671,2017-10-19T07:58:12.000Z,0.00879999,0xe5c79c03196e61970fcddb874d69208434221577,buy,0x93e682107d1e9defb0b5ee701c71707a4b2e46bc,0xa03f38e8f334d2a5693f858455e11354bdb6318924aa8c26ad35ec6b4d4e81fb
40,1,0.05494,0x3ac636ac5c3a2576156ac5f10066ca68abe0ad54,2017-10-18T16:16:04.000Z,0.05494,0x88650fdbfbb5c7933eb52008c4387050b963747d,buy,0x93e682107d1e9defb0b5ee701c71707a4b2e46bc,0xb25e4ed8bc8fd83653f0f44c05f2d5ba5dfb6e7d023d2468c1f997d1f86cefeb
41,0.05681824,0.0005,0xf9695cd65d6dfdf257fab76a3eb0cb8f001971cc,2017-10-18T15:19:13.000Z,0.008799990988809228,0xe5c79c03196e61970fcddb874d69208434221577,buy,0x93e682107d1e9defb0b5ee701c71707a4b2e46bc,0x43088d932c52ec9812ca4e86f43a04f022fdda8192e6b033dff6b926646bb111
42,0.05681824,0.0005,0x379374d13077e8867ef31803c37baf9785a17c00,2017-10-18T15:19:13.000Z,0.008799990988809228,0xe5c79c03196e61970fcddb874d69208434221577,buy,0x93e682107d1e9defb0b5ee701c71707a4b2e46bc,0x2aaea74c89b8299193447ad89aa346ab49b0664682005504befe787fae38cc74
43,0.5,0.004399995,0x359a434bcd08ddc98f2f0ecbf5990cf922e953e6,2017-10-18T00:17:23.000Z,0.00879999,0xe5c79c03196e61970fcddb874d69208434221577,buy,0x93e682107d1e9defb0b5ee701c71707a4b2e46bc,0xf323ad0af8344d63eb890bcc1f3db13e7625a3f168c372a73d75f6141062c5a4
44,0.05681818,0.0005,0x16e5d97bbc92417e051e3b2cabfbf8ceea2acb9c,2017-10-17T17:57:53.000Z,0.00880000028160001,0xddc716609b550dc3022a7c608fb78a1f6ac9805c,buy,0x93e682107d1e9defb0b5ee701c71707a4b2e46bc,0x7a427db5bd61cb7d1f359897c2f71f03848361f29be06b2b8d0fa24ebd911cbd
45,0.05681818,0.0005,0xcd912af5286dc0b0a23edb30209734ecb60838b3,2017-10-17T05:37:19.000Z,0.00880000028160001,0xddc716609b550dc3022a7c608fb78a1f6ac9805c,buy,0x93e682107d1e9defb0b5ee701c71707a4b2e46bc,0xcd3c81d6466c90946179912a601c0ba00fa076b87e2c1535f7ed75ea261ad395
46,516.77395224,1.343663953219224,0xe1e1d0d73eeb29d0632bc4c7871bfc74dbed0741,2017-10-17T00:08:08.000Z,0.0026001,0xafce3d722a5988a4e3f9eac3a8f0eacf05a1b7bf,sell,0x93e682107d1e9defb0b5ee701c71707a4b2e46bc,0xb8995adedddc478a1538a0e77036d7a8bd794d96cbf203dc6c529a5ab6f35875
47,0.01,0.00002600023,0xeb19e912a51eb267cd423dcf0934d1a7f971ad66,2017-10-16T18:11:49.000Z,0.002600023,0xeb19e912a51eb267cd423dcf0934d1a7f971ad66,sell,0x93e682107d1e9defb0b5ee701c71707a4b2e46bc,0x8008eefb96b7db741e34d599cbbd9796e11ad3b37dc0e3da148cf571148cec1a
48,10.724,0.117964,0xeb19e912a51eb267cd423dcf0934d1a7f971ad66,2017-10-16T18:10:52.000Z,0.011,0xc26b7a45edd1d723b096007b6e369d8dfa46ec3c,buy,0x93e682107d1e9defb0b5ee701c71707a4b2e46bc,0xa3a48e742360b2d4f7c265e26d4a4a452c41ec9ad570c7c110b385a84ed99bc6
49,600,1.5600138,0xeb19e912a51eb267cd423dcf0934d1a7f971ad66,2017-10-16T17:22:55.000Z,0.002600023,0x9973ed66207fdbe0811e89f11b719ac7507572cc,sell,0x93e682107d1e9defb0b5ee701c71707a4b2e46bc,0x74a09d053fc0425ae599e33f4be62bd24e547d2ba1581eea3374a61a31db2818
50,3.98763832,0.01036790349602152,0xeb19e912a51eb267cd423dcf0934d1a7f971ad66,2017-10-15T13:09:23.000Z,0.002600011,0x693a6fa25f749a94b9b8f768b4547006c74c52d9,sell,0x93e682107d1e9defb0b5ee701c71707a4b2e46bc,0x56851cd7931a43be0d2ce728ac1b353cca80c33c46f3eba781bbbec8a0c1a721
51,0.001,0.000006282232,0xe1e1d0d73eeb29d0632bc4c7871bfc74dbed0741,2017-10-12T10:59:22.000Z,0.006282232,0xddc716609b550dc3022a7c608fb78a1f6ac9805c,sell,0x93e682107d1e9defb0b5ee701c71707a4b2e46bc,0xb60cd190cf06f48177808f31b393d006717df57469e8330f0d1eb492135e7941
52,0.001,0.000006290001,0xeb19e912a51eb267cd423dcf0934d1a7f971ad66,2017-10-12T10:59:01.000Z,0.006290001,0xddc716609b550dc3022a7c608fb78a1f6ac9805c,sell,0x93e682107d1e9defb0b5ee701c71707a4b2e46bc,0x501e46bc82b5fbfc2ec81048ab1e5c3f40c7712f8a694ad590f63e45819fb2bf
53,0.001,0.000006510001,0xeb19e912a51eb267cd423dcf0934d1a7f971ad66,2017-10-12T10:54:54.000Z,0.006510001,0xddc716609b550dc3022a7c608fb78a1f6ac9805c,sell,0x93e682107d1e9defb0b5ee701c71707a4b2e46bc,0xf2a527317fe51874770dcc3b544513df46e9687ca8592683ebab580005f55ce9
54,0.01,0.00000025,0x78b0e4933f5b7d90102367e28efcde256998411e,2017-10-12T10:19:14.000Z,0.000025,0xddc716609b550dc3022a7c608fb78a1f6ac9805c,sell,0x93e682107d1e9defb0b5ee701c71707a4b2e46bc,0xd826d3146a6325aba5b29ab1f77117e96d1cef6f75e765d46b66a683ee6f0878
55,18.31223208,0.11902952683223209,0xeb19e912a51eb267cd423dcf0934d1a7f971ad66,2017-10-12T09:19:03.000Z,0.006500001,0x3c9ab9e59b1b3b2abde7d2c105fd0b68d50569d3,sell,0x93e682107d1e9defb0b5ee701c71707a4b2e46bc,0x256a2c91a75c0fd5699f686cff1abf32a65a0b766cf48ed17786462d67665ba3
56,8,0.072,0xe5c79c03196e61970fcddb874d69208434221577,2017-10-11T23:00:07.000Z,0.009,0x2bd4c3007e18be9f4b8d947a7b81228e2fc7e6cf,buy,0x93e682107d1e9defb0b5ee701c71707a4b2e46bc,0xac4f2bdb04b1fd102a6bb941acb66260b96bdc022e7ae0cedbe431b0f745caea
57,15.9,0.1113,0xddc716609b550dc3022a7c608fb78a1f6ac9805c,2017-10-11T21:31:12.000Z,0.007,0xc03e6fda02e1ab2093d8732b4d085c3b059f2ebb,buy,0x93e682107d1e9defb0b5ee701c71707a4b2e46bc,0x33cd50d4e17a45ace0aa4fa95916c58cdcb09ab1e1921ed647851c65870a625c
58,3,0.027,0xdc95e2a469799781f98a47a684cf2a8d7a9377bb,2017-10-11T10:13:34.000Z,0.009,0x2bd4c3007e18be9f4b8d947a7b81228e2fc7e6cf,buy,0x93e682107d1e9defb0b5ee701c71707a4b2e46bc,0xab9d54ba163c9eaa77e69d89256790978a9b4add80a67bc8505e2b92832e64b1
59,0.099,0.00099,0xddc716609b550dc3022a7c608fb78a1f6ac9805c,2017-10-08T21:43:19.000Z,0.01,0xc03e6fda02e1ab2093d8732b4d085c3b059f2ebb,buy,0x93e682107d1e9defb0b5ee701c71707a4b2e46bc,0x3457c9a273c36b879b929dfda87d3c7980989be74321164b77a2129f650a8ea1
60,330,1.98,0xeb19e912a51eb267cd423dcf0934d1a7f971ad66,2017-10-08T20:33:36.000Z,0.006,0x9973ed66207fdbe0811e89f11b719ac7507572cc,buy,0x93e682107d1e9defb0b5ee701c71707a4b2e46bc,0x1eaf2db84444e38d9c8edd8ed72a92ed45fb0583f8c1763f48ffee14a408b9a1
61,470,2.82,0xe5c79c03196e61970fcddb874d69208434221577,2017-10-08T20:19:43.000Z,0.006,0x9973ed66207fdbe0811e89f11b719ac7507572cc,buy,0x93e682107d1e9defb0b5ee701c71707a4b2e46bc,0xbd43ac2bc012a180b8a81229bb32d1d0c855eff7b725837ac7e1d08e7e3c61ff
62,10.46356299,0.06278984296245892,0xeb19e912a51eb267cd423dcf0934d1a7f971ad66,2017-10-08T18:50:46.000Z,0.006000809,0x3c7f1d234d85a3edeb7209cd173f91b08e347c48,sell,0x93e682107d1e9defb0b5ee701c71707a4b2e46bc,0xff62a9eb36844f3cbc2325f62403eaa6c7ad641579116992c04a4ed3f1eed236
63,3.864,0.042504,0xdbcbec09b690d9391cafe261d13dc053dacdde7c,2017-10-07T19:23:20.000Z,0.011,0xc26b7a45edd1d723b096007b6e369d8dfa46ec3c,buy,0x93e682107d1e9defb0b5ee701c71707a4b2e46bc,0xa807b729328dfa60adb813cf9432dcb954124957fc3e7a9757506b152a83b64d
64,0.00000501,0.00000002813121513,0xe1e1d0d73eeb29d0632bc4c7871bfc74dbed0741,2017-10-07T15:43:20.000Z,0.005615013,0xf784c718cf80e5cccfd12af47061e2586c5d0a02,sell,0x93e682107d1e9defb0b5ee701c71707a4b2e46bc,0xabe9584c71216217170a5dae3f32bf6ccc9e32de41a18415978888ba6918cd64
65,0.05021082,0.0002819337543,0xe1e1d0d73eeb29d0632bc4c7871bfc74dbed0741,2017-10-07T05:58:09.000Z,0.005615,0xf784c718cf80e5cccfd12af47061e2586c5d0a02,sell,0x93e682107d1e9defb0b5ee701c71707a4b2e46bc,0x02c8f3e7890b0f5a3083a87e0f9e2bf94f206b399fb35194fe4b98f03c16da6b
66,21.93201076,0.1231482404174,0xe1e1d0d73eeb29d0632bc4c7871bfc74dbed0741,2017-10-07T02:43:43.000Z,0.005615,0xaa231de57130612389ff76e44130a27f14dc486b,sell,0x93e682107d1e9defb0b5ee701c71707a4b2e46bc,0x909e4332515d1ab27cd30a820eaede5bf8cf841185edd45b060856f5f0d0f63b
67,503.66463961,2.8275737904351796,0xeb19e912a51eb267cd423dcf0934d1a7f971ad66,2017-10-06T23:58:47.000Z,0.005614001,0xf784c718cf80e5cccfd12af47061e2586c5d0a02,sell,0x93e682107d1e9defb0b5ee701c71707a4b2e46bc,0x1ada8966e90daf52de33cda11bf9a055f7f27143d983795a4c9f64d963695b80
68,10,0.09999999,0xa36a24233168cca326767224ad7e7006a5cb6bb7,2017-10-05T14:47:02.000Z,0.009999999,0xeb19e912a51eb267cd423dcf0934d1a7f971ad66,buy,0x93e682107d1e9defb0b5ee701c71707a4b2e46bc,0x914f505a4cbe6448ef593f58d2e205a289cc68885de98f3f8f618e8b76e7acd1
69,200,1.122602,0xe5c79c03196e61970fcddb874d69208434221577,2017-10-05T12:42:27.000Z,0.00561301,0xf784c718cf80e5cccfd12af47061e2586c5d0a02,sell,0x93e682107d1e9defb0b5ee701c71707a4b2e46bc,0x15eebd20b8d4e37d852a443b1c37000984f90efb2610e0024bb20294d06d1de1
70,2,0.02,0x693a6fa25f749a94b9b8f768b4547006c74c52d9,2017-10-05T06:58:29.000Z,0.01,0xc26b7a45edd1d723b096007b6e369d8dfa46ec3c,sell,0x93e682107d1e9defb0b5ee701c71707a4b2e46bc,0x40739b276cacf2a8c11895dfc83fcba866873f38797056ce5e9fc3fe812e06f6
71,2,0.02,0x693a6fa25f749a94b9b8f768b4547006c74c52d9,2017-10-05T06:52:37.000Z,0.01,0xc26b7a45edd1d723b096007b6e369d8dfa46ec3c,sell,0x93e682107d1e9defb0b5ee701c71707a4b2e46bc,0xfa8a3c663fe0311c0d3ae9d9ac882a58b40a55b082602d1f379de16b2d012858
72,5,0.028065015,0xeb19e912a51eb267cd423dcf0934d1a7f971ad66,2017-10-05T02:50:03.000Z,0.005613003,0xf784c718cf80e5cccfd12af47061e2586c5d0a02,sell,0x93e682107d1e9defb0b5ee701c71707a4b2e46bc,0x32c97fc3d2abb0bb87b3cbcebaa6289589d96d38bf21db6a7b03162ee2fc894e
73,44.46864719,0.2495652074824776,0xeb19e912a51eb267cd423dcf0934d1a7f971ad66,2017-10-04T15:06:30.000Z,0.005612161,0x6abe2687c782a398b2fa7d7b7927704edf8eadf3,sell,0x93e682107d1e9defb0b5ee701c71707a4b2e46bc,0xfd7a5909de6b9a7e008abe1ef44154f5627babf18ca62b04b65255873e07be92
74,15.0417812,0.084417033197204,0xe5c79c03196e61970fcddb874d69208434221577,2017-10-04T14:19:12.000Z,0.00561217,0x3148839bfaaeee3f67ff28a5b8daa97277c34480,sell,0x93e682107d1e9defb0b5ee701c71707a4b2e46bc,0xe0e025635b81bb41144673d23f9c8307b91815d2f42359e23d7eb9136f1f5828
75,90.023,0.810207,0xe5c79c03196e61970fcddb874d69208434221577,2017-10-03T23:27:42.000Z,0.009,0x9adce261bd078192e788fd87e0112fa50ae5b770,buy,0x93e682107d1e9defb0b5ee701c71707a4b2e46bc,0x5cf88a66440d9cb495baa6f305cadb463e9d978b14b8f7c2ebe9daa6eb868a19
76,0.03081176,0.00033892936,0xb93727624334d96240f3fad171a07a42ec943c64,2017-10-03T16:47:18.000Z,0.011,0x483b43ad3ffac4d887daed5c1fa9dae7bce3bf73,sell,0x93e682107d1e9defb0b5ee701c71707a4b2e46bc,0x77b94d0d6daa5c9e8f90ff0ed31e826dc39d1069b89571271662b24e2c8cedcd
77,0.0309042,0.0002781378,0x483b43ad3ffac4d887daed5c1fa9dae7bce3bf73,2017-10-03T16:47:18.000Z,0.009,0x9adce261bd078192e788fd87e0112fa50ae5b770,buy,0x93e682107d1e9defb0b5ee701c71707a4b2e46bc,0x77b94d0d6daa5c9e8f90ff0ed31e826dc39d1069b89571271662b24e2c8cedcd
78,9.9690958,0.1096600538,0xb93727624334d96240f3fad171a07a42ec943c64,2017-10-03T16:45:29.000Z,0.011,0x65f2dddf638c7a7118b22d610c9aeba141f2467f,sell,0x93e682107d1e9defb0b5ee701c71707a4b2e46bc,0x3092ffbd7bee4621e953b682837d84860d1c1e535e533b31a521ab34089e05b4
79,10,0.09,0x65f2dddf638c7a7118b22d610c9aeba141f2467f,2017-10-03T16:45:29.000Z,0.009,0x9adce261bd078192e788fd87e0112fa50ae5b770,buy,0x93e682107d1e9defb0b5ee701c71707a4b2e46bc,0x3092ffbd7bee4621e953b682837d84860d1c1e535e533b31a521ab34089e05b4
80,1545.02412521,8.6675853424281,0xe1e1d0d73eeb29d0632bc4c7871bfc74dbed0741,2017-10-03T05:00:17.000Z,0.00561,0x03b82245483815300c14e8731e1ab6558a7f97cc,sell,0x93e682107d1e9defb0b5ee701c71707a4b2e46bc,0xc32971f75a946af926b4f4bad41f6b6ceba9b612039920ab19b546574a093591
81,293.98863523,1.528770302059523,0x3dee4a4e076e8d82859d241db0baf46f112cfa23,2017-09-30T03:47:29.000Z,0.0052001,0xd9a733c1950bc758a56c9524870792e2488acb94,sell,0x93e682107d1e9defb0b5ee701c71707a4b2e46bc,0x2187aa2a30fe15e93d315866a7da390c4e77d48ea7f85bed53c62da00850d2a3
82,100,0.410001,0xa36a24233168cca326767224ad7e7006a5cb6bb7,2017-09-30T03:40:48.000Z,0.00410001,0xd9a733c1950bc758a56c9524870792e2488acb94,sell,0x93e682107d1e9defb0b5ee701c71707a4b2e46bc,0x3187393d7371986333903fb0bd2360c7640d880a5c9ed16dfb4e984f1458fba2
83,100,0.5,0x9adce261bd078192e788fd87e0112fa50ae5b770,2017-09-30T03:18:33.000Z,0.005,0xd9a733c1950bc758a56c9524870792e2488acb94,sell,0x93e682107d1e9defb0b5ee701c71707a4b2e46bc,0xb57856a9cd29c7cca9a575841324863fd6c436b3d9f8665984c2f3c7e28edd70
84,1000,5.1,0xe1e1d0d73eeb29d0632bc4c7871bfc74dbed0741,2017-09-30T03:18:33.000Z,0.0051,0xd9a733c1950bc758a56c9524870792e2488acb94,sell,0x93e682107d1e9defb0b5ee701c71707a4b2e46bc,0x09dfbf8a22503d048a8a982e3fde3a5b3e68c40bce76fb50544249b8095cd659
85,200,1.020022,0x3dee4a4e076e8d82859d241db0baf46f112cfa23,2017-09-30T03:18:33.000Z,0.00510011,0xd9a733c1950bc758a56c9524870792e2488acb94,sell,0x93e682107d1e9defb0b5ee701c71707a4b2e46bc,0xefe9f0ee647ea95a38dd2d05c6fcf8e8c7f88d3bc476718ca8ad9c7e6fe65262
86,300,1.86,0xe1e1d0d73eeb29d0632bc4c7871bfc74dbed0741,2017-09-30T03:18:33.000Z,0.0062,0xd9a733c1950bc758a56c9524870792e2488acb94,sell,0x93e682107d1e9defb0b5ee701c71707a4b2e46bc,0x317effae804f14aa8e3c375a7c6ae856f8b8350f6f27638143bc531152512a40
87,1,0.0089,0x48b1fa9f8ea698fefad99fda2166ca49da27753f,2017-09-29T19:49:10.000Z,0.0089,0x34b62809df67ca50355e34c62035f0f349e001c7,buy,0x93e682107d1e9defb0b5ee701c71707a4b2e46bc,0x1be0d78f4a59e6eef0848b654680307f9247a1bf0aa3c1579cbdb8f9d908983a
88,1,0.0089,0x48b1fa9f8ea698fefad99fda2166ca49da27753f,2017-09-29T19:48:26.000Z,0.0089,0x34b62809df67ca50355e34c62035f0f349e001c7,buy,0x93e682107d1e9defb0b5ee701c71707a4b2e46bc,0x523b685aae12b9e848ac98cb06f4863fccee51cebe9b74c671807b7ddab388a1
89,28.09,0.250001,0x7791f89e603835a6d67939712cfad31db6a1b94c,2017-09-29T14:32:10.000Z,0.0089,0x34b62809df67ca50355e34c62035f0f349e001c7,buy,0x93e682107d1e9defb0b5ee701c71707a4b2e46bc,0xa122a25f8e3cb92748fa5815f7a9a65c9aeab4bf684ce052b1b01cf242150095
90,19,0.170981,0x53ccede5c061043dfb2cde2b8224bd74a42c37ff,2017-09-29T10:55:41.000Z,0.008999,0xf771322691357ab362ea1389b1c43def0f836f2d,buy,0x93e682107d1e9defb0b5ee701c71707a4b2e46bc,0x3c5a7b8615c3569c868ac13f5e395facfe0acd0a4ed9434721f8e7bb048db88c
91,1,0.009,0x0249924245a19aa2d7f5ddb0739a7132b7d094ab,2017-09-28T19:08:45.000Z,0.009,0x2f675f51200fe2a425f2adbe5c9dc7d44cae77f4,buy,0x93e682107d1e9defb0b5ee701c71707a4b2e46bc,0x5cb7580e2367fcd79402a741c9396a1c834e6e562436111a195b6b0ca49c0b2d
92,1,0.008999,0xa0be78d2bac6a692adba423c7af50ec86a18bddf,2017-09-28T12:51:55.000Z,0.008999,0xf771322691357ab362ea1389b1c43def0f836f2d,buy,0x93e682107d1e9defb0b5ee701c71707a4b2e46bc,0xa73da73ffd085f730d41207c53341109b3dee75f13ebe81513103457cccf4bc8
93,88.48069873,0.451260411592873,0x34b62809df67ca50355e34c62035f0f349e001c7,2017-09-28T04:59:36.000Z,0.0051001,0x1ed014aec47fae44c9e55bac7662c0b78ae61798,sell,0x93e682107d1e9defb0b5ee701c71707a4b2e46bc,0x94d7d755e6d579e77f7d32d5813e53002b257497f41cb1ac6e1c3804a9bee2d7
94,200,1,0xe1e1d0d73eeb29d0632bc4c7871bfc74dbed0741,2017-09-28T02:07:58.000Z,0.005,0x2f675f51200fe2a425f2adbe5c9dc7d44cae77f4,buy,0x93e682107d1e9defb0b5ee701c71707a4b2e46bc,0x188c31fa542a16f1d8f5b8a3d4ef0d9b43c0afe78bafd311f8d23eda6d5e0b57
95,100,0.5,0xe1e1d0d73eeb29d0632bc4c7871bfc74dbed0741,2017-09-28T02:03:02.000Z,0.005,0x2f675f51200fe2a425f2adbe5c9dc7d44cae77f4,buy,0x93e682107d1e9defb0b5ee701c71707a4b2e46bc,0x188d260769bce76fcdfd433e9d3f44babcc8568a23cb0a1f6eda581d9c365f2c
96,9.70142558,0.03977595159368138,0x09bc235b5a3e78b7757c362201bcc64340336b3a,2017-09-27T10:12:38.000Z,0.004100011,0x5bc947356b9a75fdcb92f3eb550682941aca376b,sell,0x93e682107d1e9defb0b5ee701c71707a4b2e46bc,0x10ec68b2b73d3c91b2d66d117f18bd0a323c20afeee7562629339fb28988bfdf
97,0.021,0.000251979,0xe5c79c03196e61970fcddb874d69208434221577,2017-09-27T04:38:21.000Z,0.011999,0xf771322691357ab362ea1389b1c43def0f836f2d,buy,0x93e682107d1e9defb0b5ee701c71707a4b2e46bc,0x60e47cf590cdeb92abe70c71dd70361c9635d4a26ad16903a17ee9b01953f806
98,2.00385611,0.017834319429767723,0xe5c79c03196e61970fcddb874d69208434221577,2017-09-27T04:26:19.000Z,0.008900000025335014,0x1fdf047bf7a114b37e7936d01e9cad754ad18803,buy,0x93e682107d1e9defb0b5ee701c71707a4b2e46bc,0x7510e2360503e3f0bb16188097b1548fb7ff9f5497463c72a18550eea64a74cf
99,3.3995,0.0299156,0xe5c79c03196e61970fcddb874d69208434221577,2017-09-27T04:26:07.000Z,0.0088,0x014c38e2f19d78293e86888f7479dbef780a734b,buy,0x93e682107d1e9defb0b5ee701c71707a4b2e46bc,0x4d9681bdb7cfb247962668ad0cf170bfd2c752f36bbba7dc059e26b283c99acb
100,10,0.02,0x5d49115235b4ca312269c4e6dc32e5a488494649,2017-09-26T06:26:04.000Z,0.002,0x53ccede5c061043dfb2cde2b8224bd74a42c37ff,sell,0x93e682107d1e9defb0b5ee701c71707a4b2e46bc,0xc938d272b6ae275812fc628cc8206beea2c020ef4cad63d74dc2feddae07326e
101,0.19773333,0.00177959997,0x179db9068c45e6617c13176c4c5082c9e5e347fc,2017-09-26T06:25:58.000Z,0.009,0x53ccede5c061043dfb2cde2b8224bd74a42c37ff,sell,0x93e682107d1e9defb0b5ee701c71707a4b2e46bc,0xab3bba562caf053da514bab1cd1d3249fb24de53fa77731b10a659199b6847a8
102,3540,3.54,0x0312ee0266ccc0be3992a413cfb840132908604c,2017-09-26T02:17:42.000Z,0.001,0x2b7b4878ce9d11daf4877e2ace27aa943418466e,sell,0x93e682107d1e9defb0b5ee701c71707a4b2e46bc,0x66dc3dce65c6028eb7626ded32f5d503c6cf2522d493d908d6c1ae874c50165f
103,500,2.3,0xe1e1d0d73eeb29d0632bc4c7871bfc74dbed0741,2017-09-26T02:14:30.000Z,0.0046,0x2b7b4878ce9d11daf4877e2ace27aa943418466e,sell,0x93e682107d1e9defb0b5ee701c71707a4b2e46bc,0x0de139be75454ac8135e059f9b481c658e8741176c6d0850674156e43e543548
104,500,2.25005,0xe1e1d0d73eeb29d0632bc4c7871bfc74dbed0741,2017-09-26T02:10:14.000Z,0.0045001,0x2b7b4878ce9d11daf4877e2ace27aa943418466e,sell,0x93e682107d1e9defb0b5ee701c71707a4b2e46bc,0x8dc4916e47a5c4a6a7b5abe445d7734e885dcd0c0562af937b0f6e83ef255600
105,500,2.3,0xe1e1d0d73eeb29d0632bc4c7871bfc74dbed0741,2017-09-26T02:08:43.000Z,0.0046,0x2b7b4878ce9d11daf4877e2ace27aa943418466e,sell,0x93e682107d1e9defb0b5ee701c71707a4b2e46bc,0xe7ee30216739916fbb3315745c3e8007b8bb0070159fb4193fd72b86ee6da350
106,423.788,1.9494248,0xe1e1d0d73eeb29d0632bc4c7871bfc74dbed0741,2017-09-26T02:03:50.000Z,0.0046,0x2b7b4878ce9d11daf4877e2ace27aa943418466e,sell,0x93e682107d1e9defb0b5ee701c71707a4b2e46bc,0x58e6d5cdc4522b618ee573df1d36c8191d6dc7998d92f73db958e4fc1f3aca43
107,76.21176562,0.350574121852,0xe1e1d0d73eeb29d0632bc4c7871bfc74dbed0741,2017-09-26T01:37:19.000Z,0.0046,0x3527b07f21668befec47fae21d30b49579265474,sell,0x93e682107d1e9defb0b5ee701c71707a4b2e46bc,0xbbd6953cd79c767a99b35c18ab34f0ea64b4e669b8fe5e38691cb0ff37f8a420
108,99.911,0.4495995,0x9adce261bd078192e788fd87e0112fa50ae5b770,2017-09-26T01:28:30.000Z,0.0045,0x3527b07f21668befec47fae21d30b49579265474,sell,0x93e682107d1e9defb0b5ee701c71707a4b2e46bc,0xcc92a5a46c5433f98b38431b887658f54bacd85c95a77ddb4d1f3451ae0c8518
109,0.049,0.000392,0x4454847b528907f6819a6696491370060a37e5d0,2017-09-25T11:50:25.000Z,0.008,0x18a902dc44442205b4ba2b1dc038e67506d22c55,sell,0x93e682107d1e9defb0b5ee701c71707a4b2e46bc,0x75eeefe34f590bea7ae65f7334bc6f581308beba6a5173bc4157d661930f22e1
110,52.32260132,0.47090341188,0x179db9068c45e6617c13176c4c5082c9e5e347fc,2017-09-25T10:58:00.000Z,0.009,0x014c38e2f19d78293e86888f7479dbef780a734b,sell,0x93e682107d1e9defb0b5ee701c71707a4b2e46bc,0xe300a586927580268e1029599d3d5577b2ef3a1ff01cd3df08326424e4ff86c6
111,55.89414388,0.49745788057023227,0x014c38e2f19d78293e86888f7479dbef780a734b,2017-09-25T10:35:20.000Z,0.008900000000684012,0x1fdf047bf7a114b37e7936d01e9cad754ad18803,buy,0x93e682107d1e9defb0b5ee701c71707a4b2e46bc,0xfda86dcc98cc3933813b103e2f7ca8ca631713ef567675fe5130378447149f1f
112,0.00030966,0.00000278694,0x179db9068c45e6617c13176c4c5082c9e5e347fc,2017-09-25T08:26:21.000Z,0.009,0x3c7f1d234d85a3edeb7209cd173f91b08e347c48,sell,0x93e682107d1e9defb0b5ee701c71707a4b2e46bc,0x89a631fd0bff6f3cb5d9c7b14f2292b5af384d6c5a8c09e95fd8aa075cfa5598
113,0.0416667,0.0005,0x23ee598e50ff1b1bde1022bf3c8a41d4c23321a0,2017-09-25T00:33:33.000Z,0.01199999040000768,0xe5c79c03196e61970fcddb874d69208434221577,buy,0x93e682107d1e9defb0b5ee701c71707a4b2e46bc,0xa890449755e7840b97893d168d2f6170dc4b6d605bac21baedbd7575e2fa5dcb
114,0.0416667,0.0005,0xe5a759eb3e214ff0a2bbbea31acc41c9bf27b239,2017-09-25T00:19:17.000Z,0.01199999040000768,0xe5c79c03196e61970fcddb874d69208434221577,buy,0x93e682107d1e9defb0b5ee701c71707a4b2e46bc,0x5a4186c2ded12eb3942f18857f262743af520fd92a21c959f753b948bc94c26f
115,0.0416667,0.0005,0x160506e5a5ce5dadd43623689f53d5aa1f288f0f,2017-09-25T00:10:07.000Z,0.01199999040000768,0xe5c79c03196e61970fcddb874d69208434221577,buy,0x93e682107d1e9defb0b5ee701c71707a4b2e46bc,0x615a495f13bf942f27c336c6bb6191e7d7fb66567e5a1893e9753ba986eee632
116,0.049,0.000392,0x4454847b528907f6819a6696491370060a37e5d0,2017-09-24T23:23:10.000Z,0.008,0xd868b838b5de79f1e540b5d83c9e9a3d0b3810cd,sell,0x93e682107d1e9defb0b5ee701c71707a4b2e46bc,0x0fee633ebe79e2b897f17c3b752059806033be720db89364b2b49692d3035a04
117,0.089,0.000712,0x4454847b528907f6819a6696491370060a37e5d0,2017-09-24T23:07:49.000Z,0.008,0x1f8ac99600c61189d92c85cc760735b9e0067a60,sell,0x93e682107d1e9defb0b5ee701c71707a4b2e46bc,0xb632a0d8d507850c8765cc29357583d8bd111f832d2878fdc9060603196861e4
118,3.6631119,0.043957306237551313,0x02a41cd2906485a286c81bbc9d2f0f629590d530,2017-09-24T22:47:11.000Z,0.01199999001874644,0xe5c79c03196e61970fcddb874d69208434221577,buy,0x93e682107d1e9defb0b5ee701c71707a4b2e46bc,0xd67afb4e4d6dfe1dc2ace572624e6357e0045970a7361bf533e73c147372d788
119,4.65085163,0.049764112441,0x02a41cd2906485a286c81bbc9d2f0f629590d530,2017-09-24T22:44:17.000Z,0.0107,0xd13e7a6d1b3f572fbd433a4f1b2c12a049e49713,buy,0x93e682107d1e9defb0b5ee701c71707a4b2e46bc,0x3b1cd66f80f467c1f21fdfcfc0834f4b16f734736c1af43b5670b2a823c4cfd5
120,1.667,0.020004,0xd54e14e2b4416c48a999720be11e6b7b8768e13f,2017-09-24T02:29:10.000Z,0.012,0x5d49115235b4ca312269c4e6dc32e5a488494649,buy,0x93e682107d1e9defb0b5ee701c71707a4b2e46bc,0x9a0efec1a22a6d0f67db808814997770138e9fde5553cb295a70ef7f17374963
121,21.1364,0.2747732,0xbb6be7c4b5efca6bbb0e238f1708dbce6dced620,2017-09-24T01:42:34.000Z,0.013,0xe755445d9ae759292262342586b90a48a44411a6,sell,0x93e682107d1e9defb0b5ee701c71707a4b2e46bc,0x7609f8da05af38042b378b793ea4f32175f72f8cec34e1d06af04ba776fb01d7
122,21.2,0.2332,0xe755445d9ae759292262342586b90a48a44411a6,2017-09-24T01:42:34.000Z,0.011,0xf771322691357ab362ea1389b1c43def0f836f2d,buy,0x93e682107d1e9defb0b5ee701c71707a4b2e46bc,0x7609f8da05af38042b378b793ea4f32175f72f8cec34e1d06af04ba776fb01d7
123,32.31295064,0.42006835832,0xbb6be7c4b5efca6bbb0e238f1708dbce6dced620,2017-09-24T01:41:39.000Z,0.013,0xe755445d9ae759292262342586b90a48a44411a6,sell,0x93e682107d1e9defb0b5ee701c71707a4b2e46bc,0x737e0191de48ffe082295f0bfb0da363aec58453403769e43d8aaf74451aee18
124,32.41018119,0.3241018119,0xe755445d9ae759292262342586b90a48a44411a6,2017-09-24T01:41:39.000Z,0.01,0xe5c79c03196e61970fcddb874d69208434221577,buy,0x93e682107d1e9defb0b5ee701c71707a4b2e46bc,0x737e0191de48ffe082295f0bfb0da363aec58453403769e43d8aaf74451aee18
125,72.53854835,0.94300112855,0xbb6be7c4b5efca6bbb0e238f1708dbce6dced620,2017-09-24T01:41:15.000Z,0.013,0x5ae933bfbbaa04c3e05ae56295138174ada9799c,sell,0x93e682107d1e9defb0b5ee701c71707a4b2e46bc,0x0353e9ef82fdfcb2855c90fb9f145d020cf9aeabac772fb9bdd7f0227d1277ed
126,72.75681881,0.7275681881,0x5ae933bfbbaa04c3e05ae56295138174ada9799c,2017-09-24T01:41:15.000Z,0.01,0xe5c79c03196e61970fcddb874d69208434221577,buy,0x93e682107d1e9defb0b5ee701c71707a4b2e46bc,0x0353e9ef82fdfcb2855c90fb9f145d020cf9aeabac772fb9bdd7f0227d1277ed
127,1.54,0.0200046,0xd54e14e2b4416c48a999720be11e6b7b8768e13f,2017-09-24T01:27:17.000Z,0.01299,0x3148839bfaaeee3f67ff28a5b8daa97277c34480,buy,0x93e682107d1e9defb0b5ee701c71707a4b2e46bc,0x0f3686166e3f73b5d3cf01744e3e80b6bf2b45f0487736c04b242a6b0955b3a6
128,0.05,0.0005,0xc22f5ab4f1591613a92b4d172cc7f4e4a5af58cd,2017-09-23T23:28:20.000Z,0.01,0xe5c79c03196e61970fcddb874d69208434221577,buy,0x93e682107d1e9defb0b5ee701c71707a4b2e46bc,0x8c8ca93cbb21d3d4ba945402a7222b7c9b59f6ee030285b35931923d5a2f3838
129,0.05,0.0005,0x452b06f1c61cff4c9bebaa405319a7c3b12553a2,2017-09-23T23:28:20.000Z,0.01,0xe5c79c03196e61970fcddb874d69208434221577,buy,0x93e682107d1e9defb0b5ee701c71707a4b2e46bc,0x1a72fc2fd74ed3ed1e4566c84b05d1322b5672b523c085d9a8499e3763a65fe7
130,0.05,0.0005,0x2ba19ec4bcd5ae8de66b110bde5ebf41092bd02f,2017-09-23T19:18:14.000Z,0.01,0xe5c79c03196e61970fcddb874d69208434221577,buy,0x93e682107d1e9defb0b5ee701c71707a4b2e46bc,0xbe3a4b5dbee2df7feb7dba79e675d36e02b9bc17981bd2b203cb3026e00b8559
131,0.05,0.0005,0x18a902dc44442205b4ba2b1dc038e67506d22c55,2017-09-23T16:24:55.000Z,0.01,0xe5c79c03196e61970fcddb874d69208434221577,buy,0x93e682107d1e9defb0b5ee701c71707a4b2e46bc,0x13bd9d06e04a53ca9ec7ebb8c978d524b5c98e784112645ed637912b093e46cb
132,0.05,0.0005,0xd868b838b5de79f1e540b5d83c9e9a3d0b3810cd,2017-09-23T16:23:27.000Z,0.01,0xe5c79c03196e61970fcddb874d69208434221577,buy,0x93e682107d1e9defb0b5ee701c71707a4b2e46bc,0x89570fb07c27f5a0dc15993fdc50f02e80f0fd08ca1676ab23ad25301f378a2e
133,0.089,0.0004005,0x9adce261bd078192e788fd87e0112fa50ae5b770,2017-09-23T13:46:59.000Z,0.0045,0x0f657c396dfcd6c59bb82b89fc3adbe5f90ce153,sell,0x93e682107d1e9defb0b5ee701c71707a4b2e46bc,0x48cdc965fd0ab19e62379c39f1f4f68788350283c916ab5c4f6eac77a2f7d083
134,0.15,0.00127499985,0x636d925f140f761f7a0e600db2177dd068ddada1,2017-09-23T11:49:36.000Z,0.008499999,0xe5c79c03196e61970fcddb874d69208434221577,buy,0x93e682107d1e9defb0b5ee701c71707a4b2e46bc,0x3f3c6a794c1c5b0b0afb3dcaba78a92a5a942c182a344a740d61bc9ab610449c
135,5,0.042499995,0x5d49115235b4ca312269c4e6dc32e5a488494649,2017-09-23T07:20:44.000Z,0.008499999,0xe5c79c03196e61970fcddb874d69208434221577,buy,0x93e682107d1e9defb0b5ee701c71707a4b2e46bc,0x7b4543c69f3afdab8a4a8d003ec7e40f54b9489a49b45332f8fe2c99f0b378cf
136,9.9690958,0.0408734024400538,0xe5c79c03196e61970fcddb874d69208434221577,2017-09-22T18:12:14.000Z,0.004100011,0x94b312f5f9f1702f4a849068534a7419e255535a,sell,0x93e682107d1e9defb0b5ee701c71707a4b2e46bc,0x54d0446eef4ad1a78a297283f0e940a2dd728f64d6525331a2cf0f067938daa7
137,1,0.0085,0x2c3bff9e587cbf918129089ee0a8d2ee37ac3dcf,2017-09-22T17:18:38.000Z,0.0085,0x1fdf047bf7a114b37e7936d01e9cad754ad18803,buy,0x93e682107d1e9defb0b5ee701c71707a4b2e46bc,0x8715d161e36555f32017cad96c728ffc302aecfdb7552d7ed11dd06f642dbcba
138,23.92582992,0.0983351609712,0x53ccede5c061043dfb2cde2b8224bd74a42c37ff,2017-09-22T10:28:40.000Z,0.00411,0xef56ccf6f2c2dcd7905c9f0e66370ddc36fab8ea,sell,0x93e682107d1e9defb0b5ee701c71707a4b2e46bc,0x1e5860cc588776111989d0557fd74af8fabe10b5fd818dfe07437f0a929bfbe7
139,0.07142857,0.0005,0x999dbc9673afdd6b6c140c261297f89de35ff1b3,2017-09-22T06:05:38.000Z,0.007000000140000003,0xebf682e5e3fc92f19ae634d598ff71f63c7190f1,buy,0x93e682107d1e9defb0b5ee701c71707a4b2e46bc,0x8af2cd68b08d6951c54f6a2ecff17f3de2ab06b8b1cc5b0a1e446156c78d463a
140,0.07142857,0.0005,0x999dbc9673afdd6b6c140c261297f89de35ff1b3,2017-09-22T05:29:32.000Z,0.007000000140000003,0xebf682e5e3fc92f19ae634d598ff71f63c7190f1,buy,0x93e682107d1e9defb0b5ee701c71707a4b2e46bc,0x401841e6cea5939549969088a6c90d6f36a8562cd34b5128974e73ac14292ee7
141,0.07142857,0.0005,0x8612d2a48328bbf318b856ed0daaa4a7034383d0,2017-09-22T05:19:22.000Z,0.007000000140000003,0xebf682e5e3fc92f19ae634d598ff71f63c7190f1,buy,0x93e682107d1e9defb0b5ee701c71707a4b2e46bc,0xec90dfed3d927f042c2471819e877c3602b8e83d5eab795e05d8143856a7dfb2
142,0.143,0.001001,0x19b78488b79c6a45d4e060f05a2b35c4873f25c5,2017-09-22T05:08:25.000Z,0.007,0xebf682e5e3fc92f19ae634d598ff71f63c7190f1,buy,0x93e682107d1e9defb0b5ee701c71707a4b2e46bc,0x904b17ec22cbc07b770544203adcbf8dd8c94ada8c8fc76d11299b25a6f44381
143,0.07142857,0.0005,0x8f28b1970e72adb11173044ebc762800e3128238,2017-09-22T05:05:01.000Z,0.007000000140000003,0xebf682e5e3fc92f19ae634d598ff71f63c7190f1,buy,0x93e682107d1e9defb0b5ee701c71707a4b2e46bc,0x9c98dad2fbd13df53ab7583be0c80c95dbe7f59051348552188dcf94bf6917a8
144,0.07142857,0.0005,0x7ed2114439b24152cf18c02c10cae681a7ca2adc,2017-09-22T05:03:50.000Z,0.007000000140000003,0xebf682e5e3fc92f19ae634d598ff71f63c7190f1,buy,0x93e682107d1e9defb0b5ee701c71707a4b2e46bc,0x8e36cab9f416ccf791c96ea88cde3a16e50a807d04846880f99d178048c3deb7
145,0.07142857,0.0005,0x03dd03643b71b06642179afb38211c0f45699bc5,2017-09-22T04:56:32.000Z,0.007000000140000003,0xebf682e5e3fc92f19ae634d598ff71f63c7190f1,buy,0x93e682107d1e9defb0b5ee701c71707a4b2e46bc,0xa676386ea2c7c55c4bea1fb4934d04a27754701422f82f6261a94eb6f76ad081
146,0.00178337,0.00000731183661707,0xe5c79c03196e61970fcddb874d69208434221577,2017-09-21T22:22:36.000Z,0.004100011,0x0312ee0266ccc0be3992a413cfb840132908604c,sell,0x93e682107d1e9defb0b5ee701c71707a4b2e46bc,0xa4643cf2aa666952beab2fc597bb993efd09f1b8a7041206f6063ab659a3c64a
147,7953.42338749,2.7042514394038624,0xb902ba6e3272e66c74035d7e30f4fa9279bd56f9,2017-09-21T22:04:19.000Z,0.000340011,0x356613c429fc6b791ac09a40b320b48936a35bbf,sell,0x93e682107d1e9defb0b5ee701c71707a4b2e46bc,0x4c616c20a67d5145e7e7f25d60c69d2c50d31f219f6edc4b24ffd8f2806d45d5
148,50,0.25,0xe5c79c03196e61970fcddb874d69208434221577,2017-09-21T14:43:50.000Z,0.005,0xebf682e5e3fc92f19ae634d598ff71f63c7190f1,buy,0x93e682107d1e9defb0b5ee701c71707a4b2e46bc,0xa68142fa1a04fac2a6b0350a876bf98d8f0b3babecb09fe1533f2de684107a99
149,41.10114546,0.34935973641608986,0x5e2113ed022feebc901825f5ac0f57d84023a297,2017-09-21T04:31:49.000Z,0.008500000000148167,0x1fdf047bf7a114b37e7936d01e9cad754ad18803,buy,0x93e682107d1e9defb0b5ee701c71707a4b2e46bc,0xf3f9f468fe12a49094da2031b132694e7bc9176e14129755149c2912bd883595
150,10,0.06,0xe5c79c03196e61970fcddb874d69208434221577,2017-09-20T16:23:10.000Z,0.006,0x5d49115235b4ca312269c4e6dc32e5a488494649,buy,0x93e682107d1e9defb0b5ee701c71707a4b2e46bc,0x9279730fff567f964b6eba598fcf84f23bf5c1d7a74b7a0f6c00231590e8ba38
151,3794.20655864,0.23182981493946264,0xb902ba6e3272e66c74035d7e30f4fa9279bd56f9,2017-09-19T18:07:20.000Z,0.000061101,0x5b27531228d8c65a0d2adcd8903fd3348f768a11,sell,0x93e682107d1e9defb0b5ee701c71707a4b2e46bc,0xe84357af1937f3db5112d0e6933b42399753662e21a2ee91e3a42652ddedc71c
152,6000,6,0xb902ba6e3272e66c74035d7e30f4fa9279bd56f9,2017-09-19T16:00:13.000Z,0.001,0x5b27531228d8c65a0d2adcd8903fd3348f768a11,sell,0x93e682107d1e9defb0b5ee701c71707a4b2e46bc,0xd43faef4997ded65c135b7418780c52f69cf8090f16e036e40f2e9bfdba3d332
153,0.23352787,0.001237697711,0xe5c79c03196e61970fcddb874d69208434221577,2017-09-19T15:30:38.000Z,0.0053,0x720b008d9115ea94500a1d7562fa20d13c4ce7e4,buy,0x93e682107d1e9defb0b5ee701c71707a4b2e46bc,0x6c820d0316cd5b80ba2f580f7c47ea87cffc7a70cebd493c079b50582b9c9fec
154,0.165,0.0005775,0x9adce261bd078192e788fd87e0112fa50ae5b770,2017-09-19T14:53:13.000Z,0.0035,0x4c2fb430e95954bcfa54ce4741a9fc2ff6e415ad,sell,0x93e682107d1e9defb0b5ee701c71707a4b2e46bc,0xb71f428c1fc631fbc6fa708415d12070f1bc40238cc3dca0fe48b089f4663977
155,140.363,0.7439239,0xe5c79c03196e61970fcddb874d69208434221577,2017-09-19T14:22:47.000Z,0.0053,0x720b008d9115ea94500a1d7562fa20d13c4ce7e4,buy,0x93e682107d1e9defb0b5ee701c71707a4b2e46bc,0x56369c8a0e620a86f663e0642aab83ff20044463829c52b1de2db606bfa30d2c
156,4.63694697,0.024575818961220217,0xef56ccf6f2c2dcd7905c9f0e66370ddc36fab8ea,2017-09-19T10:01:23.000Z,0.005300000004360675,0x720b008d9115ea94500a1d7562fa20d13c4ce7e4,buy,0x93e682107d1e9defb0b5ee701c71707a4b2e46bc,0xd312a25c7c22e42409516ea4fe43e69a9861938867e7655b680861bf4c21872f
157,17.88891679,0.062611208765,0x9adce261bd078192e788fd87e0112fa50ae5b770,2017-09-18T17:09:55.000Z,0.0035,0x0312ee0266ccc0be3992a413cfb840132908604c,sell,0x93e682107d1e9defb0b5ee701c71707a4b2e46bc,0x2ba6d1713f9121919e3020c512e1e3a74c00804ecb23ec71b2cbae1a160e2f87
158,1.333,0.005332,0xef56ccf6f2c2dcd7905c9f0e66370ddc36fab8ea,2017-09-17T22:14:14.000Z,0.004,0xc26b7a45edd1d723b096007b6e369d8dfa46ec3c,buy,0x93e682107d1e9defb0b5ee701c71707a4b2e46bc,0xa1ec079de639b58192886b2f7acc59ccd63e0e844a5839cd1ad37a2dee919e24
159,17.94437244,0.05383311732,0x0312ee0266ccc0be3992a413cfb840132908604c,2017-09-17T19:39:18.000Z,0.003,0xb409896b610f1ec1f24a35b90894ccb6f6d0bf34,sell,0x93e682107d1e9defb0b5ee701c71707a4b2e46bc,0x5c1176b25bc5158dc5a7e6ffac82b7c62bf312dc7d9fb2396162149479dee84b
160,1448.88766743,4.346678940054342,0xb902ba6e3272e66c74035d7e30f4fa9279bd56f9,2017-09-17T05:28:37.000Z,0.003000011,0x2eaa87226e56254e355eeb320e657786a2b40599,sell,0x93e682107d1e9defb0b5ee701c71707a4b2e46bc,0x1a2eb6991840fded41f1fa1a9fe468e38eba621fea61fb4b9456893726ddb2d7
161,1,0.0055,0x926faf4321846800c037bef00d1fb9fac45813b9,2017-09-17T04:03:22.000Z,0.0055,0x720b008d9115ea94500a1d7562fa20d13c4ce7e4,buy,0x93e682107d1e9defb0b5ee701c71707a4b2e46bc,0xdec992183c06a3e9f15cf6f349186be2e0d69b3e52d456414dc8fa34b35909d9
162,0.09090909,0.0005,0x42c24a83bded723edfdf5883bc7efb30bc1a1bf3,2017-09-16T17:29:34.000Z,0.005500000055000001,0x720b008d9115ea94500a1d7562fa20d13c4ce7e4,buy,0x93e682107d1e9defb0b5ee701c71707a4b2e46bc,0x64abb2ea0b28304e36247bc359a9d2043f79dff205ce579da517c194f5b9c5e7
163,0.09090909,0.0005,0x0f657c396dfcd6c59bb82b89fc3adbe5f90ce153,2017-09-16T15:50:47.000Z,0.005500000055000001,0x720b008d9115ea94500a1d7562fa20d13c4ce7e4,buy,0x93e682107d1e9defb0b5ee701c71707a4b2e46bc,0x2355be6980ce67874c7aefe23fc53793ae128f8e97670c0d9bfde6e9e1573e2c
164,0.09090909,0.0005,0x1f8ac99600c61189d92c85cc760735b9e0067a60,2017-09-16T15:43:15.000Z,0.005500000055000001,0x720b008d9115ea94500a1d7562fa20d13c4ce7e4,buy,0x93e682107d1e9defb0b5ee701c71707a4b2e46bc,0x45c7db8813c92d9e2754e1ba7dccf355ac3614eb014da946d1406a6804a85188
165,0.55533257,0.00166600381865827,0xb902ba6e3272e66c74035d7e30f4fa9279bd56f9,2017-09-16T12:54:09.000Z,0.003000011,0x42af36b3080ed6b470fc0cd2649cdeb86f9c1c9a,sell,0x93e682107d1e9defb0b5ee701c71707a4b2e46bc,0xa8143086fc2b754fec18a0fea13cdad2e5d5947ac661ec42a4e7027eb517dfa7
166,50,0.265,0x112f2fc612a62c5e7c17e76750a8250ca7f09708,2017-09-16T11:42:16.000Z,0.0053,0x720b008d9115ea94500a1d7562fa20d13c4ce7e4,buy,0x93e682107d1e9defb0b5ee701c71707a4b2e46bc,0xc7a4b2c781e65725ec1442d6c215402a4b2867c8073cf6fbcc62c0cae8414a82
167,0.08620689,0.0005,0x8b24d80c6dd6e1af5a000e03ca8f00886a05f6f5,2017-09-15T04:21:58.000Z,0.005800000440800033,0x720b008d9115ea94500a1d7562fa20d13c4ce7e4,buy,0x93e682107d1e9defb0b5ee701c71707a4b2e46bc,0x41cad5e5757a0e58dfc6239d2f0b2aa823d77bbf3777eb14f7967d05f0b729b3
168,1.197,0.007182,0xf771322691357ab362ea1389b1c43def0f836f2d,2017-09-14T17:33:35.000Z,0.006,0x720b008d9115ea94500a1d7562fa20d13c4ce7e4,sell,0x93e682107d1e9defb0b5ee701c71707a4b2e46bc,0x3cc7e3364254c4a6f0ca50715b090be97963ed1f6d17ecb08c7ece022cc4f4df
169,1,0.006,0xc3a0dba2ac58de472a068174610bf320499f291f,2017-09-14T05:21:34.000Z,0.006,0xc26b7a45edd1d723b096007b6e369d8dfa46ec3c,buy,0x93e682107d1e9defb0b5ee701c71707a4b2e46bc,0xb776cb7ef4d1974ba9ff560a51541b87664491b13895a11483d1c83bd723b00c
170,0.16697039,0.00100182237247764,0xe5c79c03196e61970fcddb874d69208434221577,2017-09-13T23:51:17.000Z,0.006000000194511374,0xc26b7a45edd1d723b096007b6e369d8dfa46ec3c,buy,0x93e682107d1e9defb0b5ee701c71707a4b2e46bc,0xee245a2ebda6ee545c95bcaef972cd9c4e098eadc360642803482e567bdc90c9
171,1,0.003,0xe5c79c03196e61970fcddb874d69208434221577,2017-09-13T23:47:04.000Z,0.003,0x5d49115235b4ca312269c4e6dc32e5a488494649,buy,0x93e682107d1e9defb0b5ee701c71707a4b2e46bc,0x830fdb062d8bf689ec3025e3bb5e3cbe7080cb79fee26b9752b9f046f1012178
172,1,0.003,0xe5c79c03196e61970fcddb874d69208434221577,2017-09-13T23:46:52.000Z,0.003,0x5d49115235b4ca312269c4e6dc32e5a488494649,buy,0x93e682107d1e9defb0b5ee701c71707a4b2e46bc,0xee6620c45bcb19bf80af30bb617d412976c2065f430d9814620f1b3f67acc017
173,0.333,0.000999,0xe5c79c03196e61970fcddb874d69208434221577,2017-09-13T23:45:41.000Z,0.003,0x5d49115235b4ca312269c4e6dc32e5a488494649,buy,0x93e682107d1e9defb0b5ee701c71707a4b2e46bc,0xb1456ef945cff34785f7c8a16101b9689f5c64b210aa9e9eaf8f377e3c61568a
174,0.16666666,0.0005,0x4c2fb430e95954bcfa54ce4741a9fc2ff6e415ad,2017-09-13T21:11:33.000Z,0.003000000120000005,0x5d49115235b4ca312269c4e6dc32e5a488494649,buy,0x93e682107d1e9defb0b5ee701c71707a4b2e46bc,0x5738b37a98ee9586251c51589cf4a2f57eb7d6fb9f7ca5dc18861f837f8c2c23
175,1,0.004,0xd6f29f2fb0a1dc783aeab42ce7ce9276f8e14a54,2017-09-13T02:36:14.000Z,0.004,0x5d49115235b4ca312269c4e6dc32e5a488494649,buy,0x93e682107d1e9defb0b5ee701c71707a4b2e46bc,0x719bcc8da671cbfadc12259abb84ed93beaddc115e172a611a9826fb49673ac5
176,50,0.15000055,0xb902ba6e3272e66c74035d7e30f4fa9279bd56f9,2017-09-12T19:22:45.000Z,0.003000011,0xebf682e5e3fc92f19ae634d598ff71f63c7190f1,sell,0x93e682107d1e9defb0b5ee701c71707a4b2e46bc,0x46cbcd3472a5765e7e19fd825295c697b8a3029f9cfe651f362392980253543e
177,3.39950169,0.02039701014,0x09d428d8fe3f92dc967549e214309040b24cf607,2017-09-12T05:53:55.000Z,0.006,0xebf682e5e3fc92f19ae634d598ff71f63c7190f1,sell,0x93e682107d1e9defb0b5ee701c71707a4b2e46bc,0x811559be72921800868b003461a566eb2c3cfd4580aa277b4847633bf15ffa09
178,0.00049831,0.00000298986,0x09d428d8fe3f92dc967549e214309040b24cf607,2017-09-12T05:45:43.000Z,0.006,0xebf682e5e3fc92f19ae634d598ff71f63c7190f1,sell,0x93e682107d1e9defb0b5ee701c71707a4b2e46bc,0x340e50cc41b78825ac6a88634f5f8bf2f3c97f70fca7f9788f71cfaa84754329
179,4.412,0.0300016,0x3bd189a9b1c11684b08f6464866dfa431362a06e,2017-09-11T21:52:23.000Z,0.0068,0x720b008d9115ea94500a1d7562fa20d13c4ce7e4,buy,0x93e682107d1e9defb0b5ee701c71707a4b2e46bc,0xca6ef914b9151fa577d7f31bb8332add041cfa9fff19aee1d6637645ed0b8612
180,2.5,0.01,0xc26b7a45edd1d723b096007b6e369d8dfa46ec3c,2017-09-11T01:24:29.000Z,0.004,0x6abe2687c782a398b2fa7d7b7927704edf8eadf3,sell,0x93e682107d1e9defb0b5ee701c71707a4b2e46bc,0x1324be8067d92bf95088c2beb6008cfdbcce1d892bdd7f1455a369ed02d8c4f1
181,5,0.05,0x4c6df76d41355d5d4227d147dfd778624baedfff,2017-09-10T17:44:52.000Z,0.01,0xab6c79a9d40bda2e8925207e1d38f432847354e5,buy,0x93e682107d1e9defb0b5ee701c71707a4b2e46bc,0xf40472fcdd3e52262f3b282d4c2fc3b0dbff59a19a57b4f3d73f6c3cf5c7c10a
182,4.91666666,0.0295,0x4c6df76d41355d5d4227d147dfd778624baedfff,2017-09-10T17:44:18.000Z,0.006000000008135593,0x83edd71ee57508b1e4ca3d81a6f175f956443763,buy,0x93e682107d1e9defb0b5ee701c71707a4b2e46bc,0xaa5ef71d8100dd92d0fbbf31b200f14e5b37ffba28aac1b062956ec199add938
183,0.557,0.001671006127,0xb902ba6e3272e66c74035d7e30f4fa9279bd56f9,2017-09-10T06:04:56.000Z,0.003000011,0x6d3d0dfa885186833d6cf04f7890aab7d3b43cd1,sell,0x93e682107d1e9defb0b5ee701c71707a4b2e46bc,0xc09aaf92bb3ab7499f183aa8e837ec5ab0f13c2d40db3f0beffbb748d4c0f4f9
184,0.08333333,0.0005,0x64b604630e055318093215b7ed41697ca4fb5de6,2017-09-10T04:07:39.000Z,0.00600000024000001,0x83edd71ee57508b1e4ca3d81a6f175f956443763,buy,0x93e682107d1e9defb0b5ee701c71707a4b2e46bc,0xafe040b8f6525c4ed2db3fe1eaeb8c3e6f74c7b13e0d12f771826e92199e1940
185,16.61847244,0.09971083465387055,0x3148839bfaaeee3f67ff28a5b8daa97277c34480,2017-09-09T11:02:22.000Z,0.006000000000834647,0xbd1559a22d0252a4459b7fd7fcc157795d78fe1e,buy,0x93e682107d1e9defb0b5ee701c71707a4b2e46bc,0xcdd307401a4ee9fea8a525a479c0881fa5c2a49297de8571e3a6f589dc903b96
186,25,0.1,0xd1f7bcd984ac9e2d664f2bd4be51b11d3d3f79dd,2017-09-09T07:18:57.000Z,0.004,0xbd1559a22d0252a4459b7fd7fcc157795d78fe1e,sell,0x93e682107d1e9defb0b5ee701c71707a4b2e46bc,0x42877dbbe12b723510cfefe7184439d6be15416a5ced3505b68cc9125cbf3457
187,6,0.036,0xe97f38d3045641ab1ada7684185a4446a1a77f2d,2017-09-09T07:18:08.000Z,0.006,0xbd1559a22d0252a4459b7fd7fcc157795d78fe1e,sell,0x93e682107d1e9defb0b5ee701c71707a4b2e46bc,0x663843fd5a6c1c7a628b641021b14287fe337442051839c731af0d19226ce424
188,56.38197612,0.327015461520067,0x1536144b2b49451245048aa80c0ec32f41744190,2017-09-08T21:00:36.000Z,0.005800000000426856,0xbd1559a22d0252a4459b7fd7fcc157795d78fe1e,buy,0x93e682107d1e9defb0b5ee701c71707a4b2e46bc,0xb78fe4f4a84dbe924ddb5e72bccae2a16268e0f837f9227ecb87aed22992261f
189,1.8941282,0.0056823846,0x66a4e99923ff534c41936d0b28a13980b0a942f0,2017-09-08T12:46:03.000Z,0.003,0xe189d663ddc62702b9d88a4d1efcda9db8081ef7,sell,0x93e682107d1e9defb0b5ee701c71707a4b2e46bc,0xff13d8c55c6d3f16b82910bb90b3f83e6c40c9f39d47944038f2165916291b3a
190,10,0.05895,0x0024a5046fd95c5eee6db19a69ef7ed3bacd50f1,2017-09-08T07:49:16.000Z,0.005895,0xbd1559a22d0252a4459b7fd7fcc157795d78fe1e,sell,0x93e682107d1e9defb0b5ee701c71707a4b2e46bc,0x0a02f492228b56845c5cf65ccc227b3aab2e7007bc3fdcce4865b0368934fa01
191,48,0.2976,0x767bcdedccdeb0f3dc4c70efe25865b065081ee8,2017-09-08T06:07:42.000Z,0.0062,0xbd1559a22d0252a4459b7fd7fcc157795d78fe1e,sell,0x93e682107d1e9defb0b5ee701c71707a4b2e46bc,0x261567a05ee2a5b5d078286e94ba0a76b7a2b10c5d8e1f0804e4a74062f052f6
192,34.722,0.2499984,0xce9f9ac98628b575e74f6e1ee3e713903a8c589f,2017-09-07T20:26:58.000Z,0.0072,0xbd1559a22d0252a4459b7fd7fcc157795d78fe1e,buy,0x93e682107d1e9defb0b5ee701c71707a4b2e46bc,0x87c0c75ade6d581909a7bbbdf9a3b38db709edee4b3166c8f49009ee2e824de3
193,27.778,0.2000016,0xce9f9ac98628b575e74f6e1ee3e713903a8c589f,2017-09-07T20:26:58.000Z,0.0072,0xbd1559a22d0252a4459b7fd7fcc157795d78fe1e,buy,0x93e682107d1e9defb0b5ee701c71707a4b2e46bc,0xc39f6624bd774132dda3ee7cefd6e816232b6a93e3f3c572c135f814b32cf4bc
194,27.778,0.2000016,0xce9f9ac98628b575e74f6e1ee3e713903a8c589f,2017-09-07T20:23:37.000Z,0.0072,0xbd1559a22d0252a4459b7fd7fcc157795d78fe1e,buy,0x93e682107d1e9defb0b5ee701c71707a4b2e46bc,0xc39f6624bd774132dda3ee7cefd6e816232b6a93e3f3c572c135f814b32cf4bc
195,29.45,0.2135125,0xce9f9ac98628b575e74f6e1ee3e713903a8c589f,2017-09-07T14:34:15.000Z,0.00725,0x9845431510781ae9eeb4bf8ef91bb187cac0e82a,buy,0x93e682107d1e9defb0b5ee701c71707a4b2e46bc,0x2e6edd89ddae46b6307ce05c6b3ac04eafdb43930edc7518c247ca79be5ecc6c
196,100,0.72,0x1fdf047bf7a114b37e7936d01e9cad754ad18803,2017-09-07T09:39:17.000Z,0.0072,0xbd1559a22d0252a4459b7fd7fcc157795d78fe1e,sell,0x93e682107d1e9defb0b5ee701c71707a4b2e46bc,0x49362ebfa51446987ebc71d1aa0fb74c134649130a03d554fc8e6926f5be6939
197,18,0.12798,0xb409896b610f1ec1f24a35b90894ccb6f6d0bf34,2017-09-06T06:56:36.000Z,0.00711,0xebf682e5e3fc92f19ae634d598ff71f63c7190f1,sell,0x93e682107d1e9defb0b5ee701c71707a4b2e46bc,0xbda19efda06028998f0786783f76503457742fff5ba84365798d194aa8c919cf
198,0.56177425,0.003988597175,0x87104f4d2258a85570e12dc07c99737bc228e38e,2017-09-06T06:45:01.000Z,0.0071,0xebf682e5e3fc92f19ae634d598ff71f63c7190f1,sell,0x93e682107d1e9defb0b5ee701c71707a4b2e46bc,0x60719eaaf6d1b31414defac470d5c1cf5b065c2d92926c88b3b03e21c44eb2c3
199,13.708,0.164496,0x6c751d2ecaa51e1acf958b6c1cb567dc38b08b70,2017-09-06T03:45:09.000Z,0.012,0x1fdf047bf7a114b37e7936d01e9cad754ad18803,buy,0x93e682107d1e9defb0b5ee701c71707a4b2e46bc,0x9581605c37ef92b1c612d3672d9cf9d3b933956e9304e437a0995d1895269f13
200,11,0.1309,0x6c751d2ecaa51e1acf958b6c1cb567dc38b08b70,2017-09-06T03:40:30.000Z,0.0119,0xb409896b610f1ec1f24a35b90894ccb6f6d0bf34,buy,0x93e682107d1e9defb0b5ee701c71707a4b2e46bc,0x39a89ed4049c6614b37bedc75e0a95f20d409adf218ca362e5a70915dcb4ff53
201,118.62814788,0.83039703516,0x06410ffda716b7c0951823f4194db32ae55d631e,2017-09-06T03:24:48.000Z,0.007,0xe579a991b5c57aa3d00445bcf9905e08a5c83ffa,sell,0x93e682107d1e9defb0b5ee701c71707a4b2e46bc,0x4d36d245a2baeda09cb7dd7ce91704760019e1cc849c57c85bf6ae9fa6a21253
202,19,0.20805,0x6c751d2ecaa51e1acf958b6c1cb567dc38b08b70,2017-09-06T01:09:42.000Z,0.01095,0x0024a5046fd95c5eee6db19a69ef7ed3bacd50f1,buy,0x93e682107d1e9defb0b5ee701c71707a4b2e46bc,0xb9d6511c0c6f00dd6efdcee898ccb4051b43b285b6968cca3b3858f4e4c403b5
203,8,0.0796,0x6c751d2ecaa51e1acf958b6c1cb567dc38b08b70,2017-09-06T01:06:54.000Z,0.00995,0x0024a5046fd95c5eee6db19a69ef7ed3bacd50f1,buy,0x93e682107d1e9defb0b5ee701c71707a4b2e46bc,0x0efa27e5dcfbec317fad15966acee2937cf1bebdadb246f903b36da53c41bf4d
204,100,0.65,0x6d7914379ef517c861d8eed98e4fa322377e716f,2017-09-05T21:59:36.000Z,0.0065,0xebf682e5e3fc92f19ae634d598ff71f63c7190f1,sell,0x93e682107d1e9defb0b5ee701c71707a4b2e46bc,0xfad7700ee8d5a477cdc0d8dd841d03799271eb9fdae92972c93278dfdd26d930
205,15,0.093075,0x0024a5046fd95c5eee6db19a69ef7ed3bacd50f1,2017-09-05T18:53:06.000Z,0.006205,0xebf682e5e3fc92f19ae634d598ff71f63c7190f1,sell,0x93e682107d1e9defb0b5ee701c71707a4b2e46bc,0x033aff5cbf0c045247f07d2e5b450b327f3d2a43f9a47b73551a37d2f53e631b
206,12,0.07446,0x0024a5046fd95c5eee6db19a69ef7ed3bacd50f1,2017-09-05T11:55:04.000Z,0.006205,0xebf682e5e3fc92f19ae634d598ff71f63c7190f1,sell,0x93e682107d1e9defb0b5ee701c71707a4b2e46bc,0x41ecacd7c5d10fb32e3fbf05ee6a6e338bd4a273637ddd916fd82ae5740cb740
207,6.29283512,0.07551402145455936,0x6c751d2ecaa51e1acf958b6c1cb567dc38b08b70,2017-09-04T22:45:48.000Z,0.01200000000231364,0x1fdf047bf7a114b37e7936d01e9cad754ad18803,buy,0x93e682107d1e9defb0b5ee701c71707a4b2e46bc,0x6dad28b37a8f5641d2aae538852931dc5699c4fad150383dac6af21d55123ffd
208,7.9996579,0.0719569228105,0x6c751d2ecaa51e1acf958b6c1cb567dc38b08b70,2017-09-04T22:39:59.000Z,0.008995,0x0024a5046fd95c5eee6db19a69ef7ed3bacd50f1,buy,0x93e682107d1e9defb0b5ee701c71707a4b2e46bc,0x110c1ff0cb3ad72ec7003a060ed49a1d9b90167a0b52ebaa7622dcca36af290b
209,8.233,0.0699805,0x6c751d2ecaa51e1acf958b6c1cb567dc38b08b70,2017-09-04T22:23:06.000Z,0.0085,0xc9087108b890f9aee9c5b878c6f062a2b0c730f3,buy,0x93e682107d1e9defb0b5ee701c71707a4b2e46bc,0x6de42b9e44eb3179bbe2a0c6a960fb64673ae02f2868e5e7736326a1ae0bf6c3
210,13.34684876,0.07340766818,0x1230549ab20150f9d55258c8288a30c5b8bc16bb,2017-09-04T16:44:53.000Z,0.0055,0xa2f2d4e46b33489ed6bc645f27a2ab2b01b11d81,sell,0x93e682107d1e9defb0b5ee701c71707a4b2e46bc,0xae7780c05b61e17a4e50a6f3f8c8ef5bf613fabf5628e72e127570aa89131082
211,6.592,0.04017824,0x0024a5046fd95c5eee6db19a69ef7ed3bacd50f1,2017-09-04T16:32:34.000Z,0.006095,0xa2f2d4e46b33489ed6bc645f27a2ab2b01b11d81,sell,0x93e682107d1e9defb0b5ee701c71707a4b2e46bc,0xd6ee44e8be35579317ded0d2f4dc6410ae7de4b1c566b28736b57ba9141001e2
212,1.4076579,0.0085796749005,0x0024a5046fd95c5eee6db19a69ef7ed3bacd50f1,2017-09-04T14:20:38.000Z,0.006095,0x4c12480f5082d4179279b7b3bca1ff9353b7d700,sell,0x93e682107d1e9defb0b5ee701c71707a4b2e46bc,0x80a3b49cbe6a6a046a7f8eec32477c3d32b5cc5c0050050a3b50283f68284f1c
213,20,0.128,0xa2f2d4e46b33489ed6bc645f27a2ab2b01b11d81,2017-09-04T13:58:59.000Z,0.0064,0x4c12480f5082d4179279b7b3bca1ff9353b7d700,sell,0x93e682107d1e9defb0b5ee701c71707a4b2e46bc,0x9edea51087e4e80a03b9b8c130562f88f45f76934c528ff75f8d476b22aff7d4
214,20,0.18,0x1fdf047bf7a114b37e7936d01e9cad754ad18803,2017-09-04T04:25:45.000Z,0.009,0xbb68075046bebeacacb5a18f5fe65d1d2ded0e8c,sell,0x93e682107d1e9defb0b5ee701c71707a4b2e46bc,0x1e2c2fdec317b2c54d30f5ad859219c5d67e3090c66265cbe55156fd1c5f08fc
215,11,0.099099,0xb409896b610f1ec1f24a35b90894ccb6f6d0bf34,2017-09-04T04:18:57.000Z,0.009009,0xbb68075046bebeacacb5a18f5fe65d1d2ded0e8c,sell,0x93e682107d1e9defb0b5ee701c71707a4b2e46bc,0xf2f3d74b0e48927ec28cdca532704347f463d1c38763a2e659af5e0f61e6b5fd
216,3,0.051,0xc17c99ded450ab1dc45d486c10b93d66e0331b95,2017-09-04T03:02:58.000Z,0.017,0xbb68075046bebeacacb5a18f5fe65d1d2ded0e8c,buy,0x93e682107d1e9defb0b5ee701c71707a4b2e46bc,0x8ab4e9227c3ac61db5e24a3f1587660e1b3e6c225f758a1fbec644fbd25c0eac
217,7.364,0.1244516,0xc17c99ded450ab1dc45d486c10b93d66e0331b95,2017-09-04T02:59:29.000Z,0.0169,0xb989a321368b8d6c1cde21db485589ec24ba8c6f,buy,0x93e682107d1e9defb0b5ee701c71707a4b2e46bc,0x2507a14a23888a5b6a6c78d5fee1aa9a2aed436da143b129ba1bfb85abf4ca77
218,7.5,0.12675,0x6c751d2ecaa51e1acf958b6c1cb567dc38b08b70,2017-09-04T00:56:29.000Z,0.0169,0xb989a321368b8d6c1cde21db485589ec24ba8c6f,buy,0x93e682107d1e9defb0b5ee701c71707a4b2e46bc,0xe4f012fa6ea718ab6178014fe3fb49184f92887457d2367ce1a2f6e4dd8b13a1
219,3,0.0579,0xce51ee0f8df0849f44201145d4ae16e18c1945d5,2017-09-03T16:18:46.000Z,0.0193,0x534cacb922c009e510fb25e0d89d307d15a8392f,buy,0x93e682107d1e9defb0b5ee701c71707a4b2e46bc,0x6448718602899cd6977d1aaa20f7a93143e3007997a693d0ff19b1381b39f625
220,16,0.2688,0xce51ee0f8df0849f44201145d4ae16e18c1945d5,2017-09-03T16:03:38.000Z,0.0168,0xdbbae39c54992479faac890e81eb4d8579b951d6,buy,0x93e682107d1e9defb0b5ee701c71707a4b2e46bc,0xef3d32c2273256bf782e55a3befdc5c5f3c3eae8b3b9b97986a6ee64731332c6
221,15,0.2535,0xce51ee0f8df0849f44201145d4ae16e18c1945d5,2017-09-03T15:58:32.000Z,0.0169,0xb989a321368b8d6c1cde21db485589ec24ba8c6f,buy,0x93e682107d1e9defb0b5ee701c71707a4b2e46bc,0xc9c8bf359d460ffbd41dc3d9c3d084e174013f3272c35d1b049a2d4e24bc574a
222,10,0.17,0xce51ee0f8df0849f44201145d4ae16e18c1945d5,2017-09-03T15:57:26.000Z,0.017,0xb989a321368b8d6c1cde21db485589ec24ba8c6f,buy,0x93e682107d1e9defb0b5ee701c71707a4b2e46bc,0x90f11d2d0e04cc79d6168d9f7383640edf9500a7f03aac078de2ddb6099a29c8
223,16,0.136,0xdbbae39c54992479faac890e81eb4d8579b951d6,2017-09-03T15:56:25.000Z,0.0085,0xd13e7a6d1b3f572fbd433a4f1b2c12a049e49713,buy,0x93e682107d1e9defb0b5ee701c71707a4b2e46bc,0x3a7164d0d367c49485f95966fa5de10d520a967fdf8a0d4ddd81b5bfc81bd078
224,6.91643902,0.123804258458,0xce51ee0f8df0849f44201145d4ae16e18c1945d5,2017-09-03T15:51:11.000Z,0.0179,0x6565e0b6b1a1702ee3ac41b5d2ad0498a71b7f5e,buy,0x93e682107d1e9defb0b5ee701c71707a4b2e46bc,0x7c71b8d6c7b8dd2ef32ff0576ef7d2b8bc2a72dfde7c92511d194ebe27c54c6a
225,0.559,0.0100061,0x6d3d0dfa885186833d6cf04f7890aab7d3b43cd1,2017-09-03T09:41:30.000Z,0.0179,0x6565e0b6b1a1702ee3ac41b5d2ad0498a71b7f5e,buy,0x93e682107d1e9defb0b5ee701c71707a4b2e46bc,0xe08402c5d571c3aaf5d9a0df1d1682cd8e3eae6a51093a9fb65fc14cd180908c
226,20,0.18,0x88040855038722cd07c28337d6926e68809f00c4,2017-09-03T08:35:05.000Z,0.009,0x896e30302edea3ef135dc1ec5dec5852eabd78fe,sell,0x93e682107d1e9defb0b5ee701c71707a4b2e46bc,0xad40417a12f007cabb6bc1c5bad12498a8a3e48c7b9d305fe476a19ffc5f6364
227,11.91832105,0.23216889419504363,0x534cacb922c009e510fb25e0d89d307d15a8392f,2017-09-03T05:59:05.000Z,0.019480000011834187,0xa3d559a26e0252266d4d43231d7c29707c76d8b0,buy,0x93e682107d1e9defb0b5ee701c71707a4b2e46bc,0x77cd2060f5616124c6b1e1c05adf4a4ae67c5b4e472116f91b296b83b416bf68
228,17.2154521,0.15321752369,0x13a2a20d90f88ffd5532f74f956d56c488ab3a7c,2017-09-03T05:39:53.000Z,0.0089,0xfc59f6d8f953de2f57753eb381ebc1430596dc95,sell,0x93e682107d1e9defb0b5ee701c71707a4b2e46bc,0x304c52c2e1b3883497903ed742c0bd0bf31f631aa32fa582e1f4ee2b2611f466
229,0.00019526,0.0000034951831492,0x855bbd6f2c39c89d21796c09c6cce916b48e516a,2017-09-03T05:28:37.000Z,0.01790014928403155,0x6565e0b6b1a1702ee3ac41b5d2ad0498a71b7f5e,buy,0x93e682107d1e9defb0b5ee701c71707a4b2e46bc,0xb26f1496fd8ca6bf5d6da96b874d844506c24b51c7e71503532a9bbf25b9cdf5
230,4.9845479,0.04436247631,0x13a2a20d90f88ffd5532f74f956d56c488ab3a7c,2017-09-03T05:02:41.000Z,0.0089,0xbb68075046bebeacacb5a18f5fe65d1d2ded0e8c,sell,0x93e682107d1e9defb0b5ee701c71707a4b2e46bc,0x7b620b654746d405191115355553c719180409e80c50c0b726c6595102537351
231,12.834,0.25000632,0x87eb8e079ded802c2ee2b34af5641884ae5aec05,2017-09-03T04:00:05.000Z,0.01948,0xa3d559a26e0252266d4d43231d7c29707c76d8b0,buy,0x93e682107d1e9defb0b5ee701c71707a4b2e46bc,0xedf179834d7d015e0da3307ce0513ccab57dc06fa875003d7859bfff58779c4b
232,5.419,0.0970001,0xff64f34e8511693e3dffa0e1fe037a6a65f3937b,2017-09-03T00:22:53.000Z,0.0179,0x6565e0b6b1a1702ee3ac41b5d2ad0498a71b7f5e,buy,0x93e682107d1e9defb0b5ee701c71707a4b2e46bc,0x34e8f2f5bd9b21f23e34fac3dfe3ad0ff765dbc956d270d8c9079a7e7af011dd
233,0.55705411,0.009971268719573071,0x42af36b3080ed6b470fc0cd2649cdeb86f9c1c9a,2017-09-02T22:49:44.000Z,0.017900000270302415,0x6565e0b6b1a1702ee3ac41b5d2ad0498a71b7f5e,buy,0x93e682107d1e9defb0b5ee701c71707a4b2e46bc,0x560bebf73e2c2ac63cd12738506f964b171283b13dc755f147edee31b8e9e2b8
234,16.31812892,0.2920945077921159,0x1536144b2b49451245048aa80c0ec32f41744190,2017-09-02T22:38:18.000Z,0.017900000007606012,0x6565e0b6b1a1702ee3ac41b5d2ad0498a71b7f5e,buy,0x93e682107d1e9defb0b5ee701c71707a4b2e46bc,0x19f0bce30c33e18396c9fe84759bb369c7c2fbb0cf66f8fda3244285de3894c6
235,1.9,0.01216,0xe189d663ddc62702b9d88a4d1efcda9db8081ef7,2017-09-02T20:37:39.000Z,0.0064,0xe9439d4993f336ce43c522a16318677c8dfb516c,sell,0x93e682107d1e9defb0b5ee701c71707a4b2e46bc,0x999f15bdcf5d2707ace20a79cd5418d85c96837cd29f223a7ac77e897c9280be
236,56.82924199,0.9064264097415364,0x8e747ce15d3c3c9786c517568d008c98457aa963,2017-09-02T20:12:51.000Z,0.015950000000018238,0x6565e0b6b1a1702ee3ac41b5d2ad0498a71b7f5e,buy,0x93e682107d1e9defb0b5ee701c71707a4b2e46bc,0x4351a478214bbd442c4c4e1d1722de657027cfea34996d21fb8fd1fbc025683a
237,48,0.47952,0x8e747ce15d3c3c9786c517568d008c98457aa963,2017-09-02T20:12:31.000Z,0.00999,0xe9439d4993f336ce43c522a16318677c8dfb516c,buy,0x93e682107d1e9defb0b5ee701c71707a4b2e46bc,0x65279bd22ad318061b8e094426c296b383e02542a757e9bbe583379d96d7299c
238,22.99589514,0.2067330973242516,0xe579a991b5c57aa3d00445bcf9905e08a5c83ffa,2017-09-02T19:08:41.000Z,0.008990000000680627,0xf5d351365c035432d8884c4920b4c8b6ac34d29a,buy,0x93e682107d1e9defb0b5ee701c71707a4b2e46bc,0xdee3dc6a0cc2f00dad7b12b77d428bab3ecd2f9c1b9d4d3f3b1d54d7723fa162
239,29.45025283,0.264757773025425,0x9845431510781ae9eeb4bf8ef91bb187cac0e82a,2017-09-02T19:01:56.000Z,0.00899000000284293,0xf5d351365c035432d8884c4920b4c8b6ac34d29a,buy,0x93e682107d1e9defb0b5ee701c71707a4b2e46bc,0xcea7368ca65e23af22abc0d8dde23496cf1c5b39ac0dd01256647f704e604ba9
240,49.94979271,0.44904863646387905,0xe9439d4993f336ce43c522a16318677c8dfb516c,2017-09-02T18:56:15.000Z,0.0089900000000196,0xf5d351365c035432d8884c4920b4c8b6ac34d29a,buy,0x93e682107d1e9defb0b5ee701c71707a4b2e46bc,0x4473c6b9494c12925c2e323590d141890e7da8fd7e14303a9542072909130f0e
241,86.5990593,0.7785255431864444,0x6565e0b6b1a1702ee3ac41b5d2ad0498a71b7f5e,2017-09-02T18:56:15.000Z,0.00899000000091738,0xf5d351365c035432d8884c4920b4c8b6ac34d29a,buy,0x93e682107d1e9defb0b5ee701c71707a4b2e46bc,0x1b5199f2940bbdce4d135bce86378796e4792b30062ca2487b1f15360c9d9ccc
242,2.8,0.0196,0x153685a03c2025b6825ae164e2ff5681ee487667,2017-09-02T18:52:48.000Z,0.007,0x09d428d8fe3f92dc967549e214309040b24cf607,buy,0x93e682107d1e9defb0b5ee701c71707a4b2e46bc,0xa0ba058c6ebe4618490c6cb290369904a1a0bcf53dc53deb146d9abae123b95c
243,20.273,0.162184,0x153685a03c2025b6825ae164e2ff5681ee487667,2017-09-02T18:52:48.000Z,0.008,0xf771322691357ab362ea1389b1c43def0f836f2d,buy,0x93e682107d1e9defb0b5ee701c71707a4b2e46bc,0xf286a0e308e8a37636d327a31b4795011197b4153ae705c618952ad527d5f413
244,4,0.0276,0x153685a03c2025b6825ae164e2ff5681ee487667,2017-09-02T18:48:46.000Z,0.0069,0x58256b133b39b705c72c47af009b56228e0a345f,buy,0x93e682107d1e9defb0b5ee701c71707a4b2e46bc,0x0211f159096313c50a52be51357112ae85c34059392353c221855bfd510e3087
245,96,0.5568,0xe579a991b5c57aa3d00445bcf9905e08a5c83ffa,2017-09-02T17:22:51.000Z,0.0058,0x425fc77bacf6b81f6cb59e866c85597b0997c4cd,buy,0x93e682107d1e9defb0b5ee701c71707a4b2e46bc,0x3317e14ef2114d0aca5aca8bf829829b5481e24f8c420673539d1613e56cfa31
246,4,0.0232,0x58256b133b39b705c72c47af009b56228e0a345f,2017-09-02T17:01:53.000Z,0.0058,0x425fc77bacf6b81f6cb59e866c85597b0997c4cd,buy,0x93e682107d1e9defb0b5ee701c71707a4b2e46bc,0x1cedad98af85366b2994e1cd4eb544678061327ca380b364f5135152edff86bb
247,49.85004366,0.24925021832319808,0xe5c79c03196e61970fcddb874d69208434221577,2017-09-02T06:33:17.000Z,0.005000000000465357,0xebf682e5e3fc92f19ae634d598ff71f63c7190f1,buy,0x93e682107d1e9defb0b5ee701c71707a4b2e46bc,0xdeba20e2ab71b3ae3d33dde30bdf21a415a8f0607b7a97abe76fe3314c88635c
248,23,0.115,0xe5c79c03196e61970fcddb874d69208434221577,2017-09-02T06:25:12.000Z,0.005,0x77d3482d56a4340f5f8de9b0c0e1cf1273b035f8,buy,0x93e682107d1e9defb0b5ee701c71707a4b2e46bc,0x1edec8e0f443683ab1df1d414c82d228e402bd7a8cd99816ad2ceff1694fcb75
249,3,0.015,0xe5c79c03196e61970fcddb874d69208434221577,2017-09-02T06:25:12.000Z,0.005,0xe80ad578c33b3db387c304e20a899e6a6c0f4e4c,buy,0x93e682107d1e9defb0b5ee701c71707a4b2e46bc,0xc2899c6beffb4776048440fc537a9027635be1f9af5b55798fe5c1d373899ed6
250,6.18083939,0.0138450802336,0xa3d559a26e0252266d4d43231d7c29707c76d8b0,2017-09-01T09:57:42.000Z,0.00224,0x810a291dcca5533457e788d831d32a69b097f72f,sell,0x93e682107d1e9defb0b5ee701c71707a4b2e46bc,0xca694ae8101ba43d27f2cd6d174ecf66616e0d35b1e1172de259155f9c56ca11
251,15.0309042,0.075154521,0xa2312851d68b8f40df119f1b63f95e7600d6fd98,2017-08-30T17:41:30.000Z,0.005,0xebf682e5e3fc92f19ae634d598ff71f63c7190f1,sell,0x93e682107d1e9defb0b5ee701c71707a4b2e46bc,0xb1e47520d858eda5887c483c13b6c11337c65d42e2859363f9f96ed59290b15a
252,2.326,0.01163,0x5f559de381f661643d6ad890b44224123656c2f8,2017-08-30T17:25:28.000Z,0.005,0xe80ad578c33b3db387c304e20a899e6a6c0f4e4c,buy,0x93e682107d1e9defb0b5ee701c71707a4b2e46bc,0x48fb7e0a0afff4fc5d7101e39b08ee9860865dc0f6bc9be3157c05a643ca287a
253,1.667,0.015003,0x5f559de381f661643d6ad890b44224123656c2f8,2017-08-27T15:02:37.000Z,0.009,0xc9087108b890f9aee9c5b878c6f062a2b0c730f3,buy,0x93e682107d1e9defb0b5ee701c71707a4b2e46bc,0xef5b16a89c35e9a532dc223ddafead1a687a94eba5bfe508f58bf7ac82f2d843
254,4.841,0.04841,0x8cfd64adc97c3f68450f7433f5a988b363acf280,2017-08-26T23:38:46.000Z,0.01,0xf771322691357ab362ea1389b1c43def0f836f2d,buy,0x93e682107d1e9defb0b5ee701c71707a4b2e46bc,0x9bdf22acc6728967af59de31ab8823d9e63e95d3ea4328cd975da5ba07ede60a
255,4.9,0.02499,0xc9087108b890f9aee9c5b878c6f062a2b0c730f3,2017-08-26T19:05:00.000Z,0.0051,0x1332fae2533e6b8fc83ca6461b13da5f3ed34806,sell,0x93e682107d1e9defb0b5ee701c71707a4b2e46bc,0xdfb8a941d81b53b958ce205d3af52f03175856790796b3a39491a944f5a48aab
256,5,0.0255,0xc9087108b890f9aee9c5b878c6f062a2b0c730f3,2017-08-26T19:00:05.000Z,0.0051,0x1332fae2533e6b8fc83ca6461b13da5f3ed34806,sell,0x93e682107d1e9defb0b5ee701c71707a4b2e46bc,0xc79d0ce905a456a7bdf61bf47b0d908621ad8e9f42650997f2523fcbe383c6c5
257,0.00993829,0.000099382973811698,0x3148839bfaaeee3f67ff28a5b8daa97277c34480,2017-08-26T18:15:04.000Z,0.010000007427001828,0xf771322691357ab362ea1389b1c43def0f836f2d,buy,0x93e682107d1e9defb0b5ee701c71707a4b2e46bc,0xaf8cbbc223bb7e7fea6367123c8d2b7c8dd893cdefc2ffc4bd46e84c9e4684d0
258,5.20707643,0.0520707643,0xc17c99ded450ab1dc45d486c10b93d66e0331b95,2017-08-26T15:17:43.000Z,0.01,0xf771322691357ab362ea1389b1c43def0f836f2d,buy,0x93e682107d1e9defb0b5ee701c71707a4b2e46bc,0xcf55703323db4ba52c7b0d59ebee2570097b04893e827d4a13371cc5f556dcb2
259,7.573,0.083303,0x5b7fa6f818de492109ebcad84ea19160c12844a3,2017-08-26T11:33:33.000Z,0.011,0x9adce261bd078192e788fd87e0112fa50ae5b770,buy,0x93e682107d1e9defb0b5ee701c71707a4b2e46bc,0xe606249cb835f2117de2977e0c8952af0d5dc3116764782994bbbbefe037cf3e
260,9.9690958,0.049845479,0xa2312851d68b8f40df119f1b63f95e7600d6fd98,2017-08-25T17:11:58.000Z,0.005,0x2b5eb271782adeefa926e0b1a461d666f74c5e74,sell,0x93e682107d1e9defb0b5ee701c71707a4b2e46bc,0x84c86720ec7586a65c2987befdbf702d324fa0a392be1a9f889896af235b4936
261,14.97,0.16449036,0x67fb29be6404a1e467168aa1e524fb798fd41fa2,2017-08-22T00:40:15.000Z,0.010988,0x88650fdbfbb5c7933eb52008c4387050b963747d,buy,0x93e682107d1e9defb0b5ee701c71707a4b2e46bc,0xae26c32d52a0b35a8a2aa19270af66a73845485483886ab4cd5fa20903fe48ab
262,11.90368937,0.11308504904944387,0x67fb29be6404a1e467168aa1e524fb798fd41fa2,2017-08-22T00:37:30.000Z,0.009500000002893546,0x31d807e1ed35f84248341461c6a2c44db722877b,buy,0x93e682107d1e9defb0b5ee701c71707a4b2e46bc,0x815117f1e58cc30ba65e9a5192af7edd74de9eab5b3b6e7f345eb002183b33f8
263,7.09631062,0.06741495095055612,0x3c7f1d234d85a3edeb7209cd173f91b08e347c48,2017-08-21T19:05:00.000Z,0.009500000008533465,0x31d807e1ed35f84248341461c6a2c44db722877b,buy,0x93e682107d1e9defb0b5ee701c71707a4b2e46bc,0xb19d7b717ea31e1415972bb14795ec78558387c72b1cd9c54759da36cf3db3d7
264,3.4,0.0323,0x3c7f1d234d85a3edeb7209cd173f91b08e347c48,2017-08-21T19:00:22.000Z,0.0095,0x9adce261bd078192e788fd87e0112fa50ae5b770,buy,0x93e682107d1e9defb0b5ee701c71707a4b2e46bc,0xac5b52be1a0fe082cec8beea2e3a70170db0d489114e05305e8a7eab5450a7a1
265,300,1.5,0xb2c30eb4aacfe40c97025cab7c2521d798fba37c,2017-08-21T06:29:20.000Z,0.005,0x9973ed66207fdbe0811e89f11b719ac7507572cc,sell,0x93e682107d1e9defb0b5ee701c71707a4b2e46bc,0x02c3273af5a4a7d072cb2fcd4f24ebceca0ffbc8b3080f35a13cd6910e6deeb3
266,149.1,0.7455001491,0xeb19e912a51eb267cd423dcf0934d1a7f971ad66,2017-08-21T06:29:07.000Z,0.005000001,0x9973ed66207fdbe0811e89f11b719ac7507572cc,sell,0x93e682107d1e9defb0b5ee701c71707a4b2e46bc,0xb2f956805f761069a8285d89a2c3abef21eb50cc7af5c6eff78480ac3248b8c2
267,20,0.12,0x31d807e1ed35f84248341461c6a2c44db722877b,2017-08-21T06:28:39.000Z,0.006,0x9973ed66207fdbe0811e89f11b719ac7507572cc,sell,0x93e682107d1e9defb0b5ee701c71707a4b2e46bc,0x7b5a6998f02ea910669fe472cba0584b7403903783fb4de96dbf70e2a69c19f6
268,0.99690958,0.004087329278,0x41866161316ce544c254ee0b8a4ce0067c3f7d31,2017-08-20T07:32:21.000Z,0.0041,0x61dd8ceb548abe66909f1267dd3b9fcd92f4f31f,sell,0x93e682107d1e9defb0b5ee701c71707a4b2e46bc,0xe596069c09e666b0f525623434854ae8fedaa459298f04c229344000239579c7
269,4.9845479,0.02043664639,0x41866161316ce544c254ee0b8a4ce0067c3f7d31,2017-08-19T12:39:21.000Z,0.0041,0x20481af2bd7ea4ea951c8a9096f304759746b334,sell,0x93e682107d1e9defb0b5ee701c71707a4b2e46bc,0xb5ab87844087005af802c4fefea2d08e190abee6d582a16c54430c26b0046f9f
270,89.6042593,1.7454909713488187,0x62acf7b97ccf7e88197a517fe456eb0576b39994,2017-08-19T11:35:41.000Z,0.01948000000206261,0xa3d559a26e0252266d4d43231d7c29707c76d8b0,buy,0x93e682107d1e9defb0b5ee701c71707a4b2e46bc,0x3d7d8c1d0a3ca3ac6e1acafdacf8411fb699a503395f561f6ceada208d3cf0ce
271,5,0.05,0x7791f89e603835a6d67939712cfad31db6a1b94c,2017-08-18T10:31:25.000Z,0.01,0x9adce261bd078192e788fd87e0112fa50ae5b770,buy,0x93e682107d1e9defb0b5ee701c71707a4b2e46bc,0x0e38fca532fc07938ff4302b52a1d41207286abd6365a67bfbad4ca83a638381
272,4.978,0.044802,0x7791f89e603835a6d67939712cfad31db6a1b94c,2017-08-18T10:06:35.000Z,0.009,0x1fdf047bf7a114b37e7936d01e9cad754ad18803,buy,0x93e682107d1e9defb0b5ee701c71707a4b2e46bc,0x50a3320ccd3106641a7171e306eb094be6dfcf45e6469e8e2d601145ae8d3ee2
273,2,0.018,0xe2e584319f57671638cb28321b830e4a79d47218,2017-08-17T00:24:03.000Z,0.009,0x1fdf047bf7a114b37e7936d01e9cad754ad18803,buy,0x93e682107d1e9defb0b5ee701c71707a4b2e46bc,0x87bd4f572bd7e309c412cf5ec60503be27b7d428ac2a563cfa93cf5cbd1c4485
