,amount,amountBase,buyer,date,price,seller,side,tokenAddr,txHash
0,5.05050505,0.0005,0x4fda9e6bcd83af6c5cc771b5d20accc2b7720074,2017-11-02T11:28:26.000Z,0.0000990000000099,0xf444d43a12dd5b6280479304bcc4d55f163a5c96,buy,0xdcb9ff81013c31ff686154b4502ef6bfaa102d2d,0xd72d7cd38584449b1c184178c49b94cf22436874b251446817b9978304dbb370
1,5.05050505,0.0005,0x3075f7f189912f4f425dd7021b9c396434197477,2017-11-02T11:12:23.000Z,0.0000990000000099,0xf444d43a12dd5b6280479304bcc4d55f163a5c96,buy,0xdcb9ff81013c31ff686154b4502ef6bfaa102d2d,0x2f38ecd2b6e2f59ecda3ff4f9daeb5d9e875f6eca42d113892d3299567850bcd
2,10,0.00099,0x0b773d7819259d78757b26dc4148812d35676d8f,2017-10-31T14:17:44.000Z,0.000099,0xf444d43a12dd5b6280479304bcc4d55f163a5c96,buy,0xdcb9ff81013c31ff686154b4502ef6bfaa102d2d,0xb089722fbfd0153041fbf4120195683c1fc455a19cf68911999043c8a869f6ff
3,100,0.007,0x78b0e4933f5b7d90102367e28efcde256998411e,2017-10-30T16:48:34.000Z,0.00007,0x24991b80b5d64f660affcafa9dca8a420715344a,buy,0xdcb9ff81013c31ff686154b4502ef6bfaa102d2d,0x930c594fe70b5197df5f3518e0ddbf9bb41a12449180b4748fe16ddecc40ad9e
4,8455.82467749,0.01691164935498,0x66a4e99923ff534c41936d0b28a13980b0a942f0,2017-10-29T07:59:44.000Z,0.000002,0x847ebc0e39799b1e3104e27bc2f862579209c384,sell,0xdcb9ff81013c31ff686154b4502ef6bfaa102d2d,0x2fc76e559271f8711a61510336b0ee0b34517b47fa847f918803531b04c9e312
5,825.793,0.023947997,0x26b1a2525f52bc071808ed8a02fcd5b96ee938b6,2017-10-29T07:59:14.000Z,0.000029,0x847ebc0e39799b1e3104e27bc2f862579209c384,sell,0xdcb9ff81013c31ff686154b4502ef6bfaa102d2d,0x3ea130132288018564773ccd5e94ac3b089f0ae378ae6f5778439659ecceeeec
6,587.629,0.01762887,0x24991b80b5d64f660affcafa9dca8a420715344a,2017-10-29T07:57:53.000Z,0.00003,0x847ebc0e39799b1e3104e27bc2f862579209c384,sell,0xdcb9ff81013c31ff686154b4502ef6bfaa102d2d,0xe141c0aa5d19bb817432418fb1006cbc36fbc4793d1ed8ec19850f20510ec1e5
7,412.37088733,0.0123711266199,0x24991b80b5d64f660affcafa9dca8a420715344a,2017-10-29T02:29:13.000Z,0.00003,0xe0fda40ed2db6505c7d9b47249ef869031ae84cb,sell,0xdcb9ff81013c31ff686154b4502ef6bfaa102d2d,0x4e2bd4016185d0bf13df078f89d948538b1757fd3b901c6a78b0c86b9bc3a90e
8,413.608,0.011994632,0xe0fda40ed2db6505c7d9b47249ef869031ae84cb,2017-10-29T02:29:13.000Z,0.000029,0x8d6e0a79003a9d49e68a6b82bbd497189f019905,buy,0xdcb9ff81013c31ff686154b4502ef6bfaa102d2d,0x4e2bd4016185d0bf13df078f89d948538b1757fd3b901c6a78b0c86b9bc3a90e
9,17.24137931,0.0005,0x34f9560c63078eb61872a4dc2ccd20e21c34feaf,2017-10-28T20:36:57.000Z,0.00002900000000058,0x8d6e0a79003a9d49e68a6b82bbd497189f019905,buy,0xdcb9ff81013c31ff686154b4502ef6bfaa102d2d,0x51bc39db6bbd9647d161264092d4eb2b9774d9732cfb6bdd06869b70cec5213e
10,17.24137931,0.0005,0xe444a40689f51f63bcd29910622035707d533d29,2017-10-28T20:35:02.000Z,0.00002900000000058,0x8d6e0a79003a9d49e68a6b82bbd497189f019905,buy,0xdcb9ff81013c31ff686154b4502ef6bfaa102d2d,0xfc859296b357eab1111c99707c1b955b2948e63e8c6326b47d7b58e91969e604
11,174.2068395,0.0050519983455,0x26b1a2525f52bc071808ed8a02fcd5b96ee938b6,2017-10-28T09:28:13.000Z,0.000029,0x7496747f049d0e2d5ad03f8880e1f2247bbdc97d,sell,0xdcb9ff81013c31ff686154b4502ef6bfaa102d2d,0xf5afad03b1e7c421b1d0e671ba551a02f113a4afb5a978393e5dc45a8155cb72
12,120.33209714,0.003489630817338624,0x7496747f049d0e2d5ad03f8880e1f2247bbdc97d,2017-10-27T09:01:15.000Z,0.00002900000000231545,0x8d6e0a79003a9d49e68a6b82bbd497189f019905,buy,0xdcb9ff81013c31ff686154b4502ef6bfaa102d2d,0xe2df6ab546358cb9afd6a2b0101610d8b7eb1008122cd045da33154dca5fc6c0
13,100,0.0035,0x26b1a2525f52bc071808ed8a02fcd5b96ee938b6,2017-10-27T08:58:58.000Z,0.000035,0x7496747f049d0e2d5ad03f8880e1f2247bbdc97d,sell,0xdcb9ff81013c31ff686154b4502ef6bfaa102d2d,0xd6d48cc6f041edc72fac34307945b2ff11d495297a420c5003f4453308127a37
14,154.71478357,0.004486728723730228,0x7496747f049d0e2d5ad03f8880e1f2247bbdc97d,2017-10-27T08:57:40.000Z,0.00002900000000129417,0x8d6e0a79003a9d49e68a6b82bbd497189f019905,buy,0xdcb9ff81013c31ff686154b4502ef6bfaa102d2d,0x643eee49a0d642891a65bd3101763d4feb7cf6b39774f773c1b42de03ffeed02
15,100,0.0029,0xf444d43a12dd5b6280479304bcc4d55f163a5c96,2017-10-27T07:28:44.000Z,0.000029,0x8d6e0a79003a9d49e68a6b82bbd497189f019905,buy,0xdcb9ff81013c31ff686154b4502ef6bfaa102d2d,0x89b027745a88ea1135bfd3e36c95812ad5997359f06ce2e6a225d275447dd0e6
16,100,0.0029,0x273a5d3e6721b9f5c1a6474f560c1334c63dda01,2017-10-27T06:35:14.000Z,0.000029,0x8d6e0a79003a9d49e68a6b82bbd497189f019905,buy,0xdcb9ff81013c31ff686154b4502ef6bfaa102d2d,0x50353d5c3bfc71129a8f7468a74f5ffb66179a34363b3e4b855c03b70e7b37e5
17,99.7,0.0036889,0x26b1a2525f52bc071808ed8a02fcd5b96ee938b6,2017-10-27T06:35:14.000Z,0.000037,0x273a5d3e6721b9f5c1a6474f560c1334c63dda01,sell,0xdcb9ff81013c31ff686154b4502ef6bfaa102d2d,0x50353d5c3bfc71129a8f7468a74f5ffb66179a34363b3e4b855c03b70e7b37e5
18,1,0.00007,0x6cdea8e07bf82d7a07dbf36642d6e5be8623845c,2017-10-25T09:27:48.000Z,0.00007,0x24991b80b5d64f660affcafa9dca8a420715344a,buy,0xdcb9ff81013c31ff686154b4502ef6bfaa102d2d,0x8348c2288b69b8be80fce4f1f5a553a447119f695b589b86609f55ab37f94218
19,1,0.0001,0x3ac636ac5c3a2576156ac5f10066ca68abe0ad54,2017-10-25T03:25:12.000Z,0.0001,0x8d6e0a79003a9d49e68a6b82bbd497189f019905,buy,0xdcb9ff81013c31ff686154b4502ef6bfaa102d2d,0x4b9d47f2d62c6d0c24abec84d087286d58e1b9d7df40a47fd046a5d352a4e792
20,100,0.0039,0x26b1a2525f52bc071808ed8a02fcd5b96ee938b6,2017-10-22T16:26:38.000Z,0.000039,0x847ebc0e39799b1e3104e27bc2f862579209c384,sell,0xdcb9ff81013c31ff686154b4502ef6bfaa102d2d,0xfa5f8acae39c85a74299e99db4c2f54a7d766aa7003bef000159b7c92524db4c
21,8.62068965,0.0005,0xf9695cd65d6dfdf257fab76a3eb0cb8f001971cc,2017-10-18T15:16:54.000Z,0.0000580000000348,0x8d6e0a79003a9d49e68a6b82bbd497189f019905,buy,0xdcb9ff81013c31ff686154b4502ef6bfaa102d2d,0xf6f0ecc6257d23d6c2fcea76bb9bf9d62ebdf0c419927c8bc9ac4a9daf8b54d7
22,8.62068965,0.0005,0x379374d13077e8867ef31803c37baf9785a17c00,2017-10-18T15:14:41.000Z,0.0000580000000348,0x8d6e0a79003a9d49e68a6b82bbd497189f019905,buy,0xdcb9ff81013c31ff686154b4502ef6bfaa102d2d,0x357ae2dd24fea933b334c501c0d827a8960b73c355fbf9e6ea4c0f6eb59ae159
23,8.62068965,0.0005,0x16e5d97bbc92417e051e3b2cabfbf8ceea2acb9c,2017-10-17T17:46:35.000Z,0.0000580000000348,0x8d6e0a79003a9d49e68a6b82bbd497189f019905,buy,0xdcb9ff81013c31ff686154b4502ef6bfaa102d2d,0x70418cbe9acc4436b604d89b4362938dd3aaee226f6204bf77e71b6196d74468
24,8.33333333,0.0005,0x42c24a83bded723edfdf5883bc7efb30bc1a1bf3,2017-10-17T15:35:23.000Z,0.000060000000024,0x24991b80b5d64f660affcafa9dca8a420715344a,buy,0xdcb9ff81013c31ff686154b4502ef6bfaa102d2d,0x2870b971b18d310492ebc999af6ee91d8cf475eed7e49b6aad49d6ad6f23827d
25,8.33333333,0.0005,0xcd912af5286dc0b0a23edb30209734ecb60838b3,2017-10-17T05:23:21.000Z,0.000060000000024,0x24991b80b5d64f660affcafa9dca8a420715344a,buy,0xdcb9ff81013c31ff686154b4502ef6bfaa102d2d,0x780170735138495dec5e471a0561d6950c8b78718608fef9cbd1c20189cc4062
26,100,0.005,0x26b1a2525f52bc071808ed8a02fcd5b96ee938b6,2017-10-14T06:15:02.000Z,0.00005,0x1ab2c34e7baa44c656983b4e40646e81b66d12ca,sell,0xdcb9ff81013c31ff686154b4502ef6bfaa102d2d,0x3575217d1181571afb40e47ce7c7dabd497623bb8c75c36590619fb2ee64789d
27,150,0.0105,0x83117d03b0030e82a62e084d3dd2d9abe6e83887,2017-10-12T00:22:50.000Z,0.00007,0x674aa7e9bac270ad3817e45a76b0252944bd6a73,buy,0xdcb9ff81013c31ff686154b4502ef6bfaa102d2d,0x9986591c39828fc68e7a1fd1d74df85d16657ec5c57a9d1b653633d1262cfa33
28,150,0.01035,0x83117d03b0030e82a62e084d3dd2d9abe6e83887,2017-10-12T00:15:32.000Z,0.000069,0x674aa7e9bac270ad3817e45a76b0252944bd6a73,buy,0xdcb9ff81013c31ff686154b4502ef6bfaa102d2d,0xe29ce9d60ae780f4c867591827df4ac6c675173a268e1e74ce2a7b3340b88db3
29,150,0.0102,0x83117d03b0030e82a62e084d3dd2d9abe6e83887,2017-10-11T23:55:04.000Z,0.000068,0x674aa7e9bac270ad3817e45a76b0252944bd6a73,buy,0xdcb9ff81013c31ff686154b4502ef6bfaa102d2d,0x69826062c2022d36c9932c821ab0c6e6e02603b3693f2365eaadaa65f2540188
30,150,0.01005,0x83117d03b0030e82a62e084d3dd2d9abe6e83887,2017-10-11T23:36:07.000Z,0.000067,0x674aa7e9bac270ad3817e45a76b0252944bd6a73,buy,0xdcb9ff81013c31ff686154b4502ef6bfaa102d2d,0x45396e241e15bcdcb625f8b521c5263485c53f26ce0e6b1aa40698661b5311c7
31,150,0.00975,0x83117d03b0030e82a62e084d3dd2d9abe6e83887,2017-10-11T23:30:52.000Z,0.000065,0x674aa7e9bac270ad3817e45a76b0252944bd6a73,buy,0xdcb9ff81013c31ff686154b4502ef6bfaa102d2d,0xe2ba694683b61cec63c21f5112f367ccb114bf65bcad31eb26cd26e3226a5657
32,60,0.00354,0x8b182a4526944fa498970732a69a95d281c3c8a9,2017-10-11T21:59:21.000Z,0.000059,0x6803740e573afe386f1d1e64a642cb67b2d1c74a,buy,0xdcb9ff81013c31ff686154b4502ef6bfaa102d2d,0xff6e77c081518389136e919c38062df39990187022892c8dad97779dc99d0bd3
33,1000,0.062,0x674aa7e9bac270ad3817e45a76b0252944bd6a73,2017-10-09T18:44:13.000Z,0.000062,0x83117d03b0030e82a62e084d3dd2d9abe6e83887,buy,0xdcb9ff81013c31ff686154b4502ef6bfaa102d2d,0xfa3f4ac56699785b40c3a28ef1bcdcef4f69f724625fdb615513ffc29d168e99
34,1000,0.0621,0x674aa7e9bac270ad3817e45a76b0252944bd6a73,2017-10-09T18:34:39.000Z,0.0000621,0x83117d03b0030e82a62e084d3dd2d9abe6e83887,buy,0xdcb9ff81013c31ff686154b4502ef6bfaa102d2d,0x8f333abd0a47d9cb09776f2ca93e4e6ae365ac2da619d05fc08123db3bd99ed1
35,1000,0.0622,0x674aa7e9bac270ad3817e45a76b0252944bd6a73,2017-10-09T17:53:34.000Z,0.0000622,0x83117d03b0030e82a62e084d3dd2d9abe6e83887,buy,0xdcb9ff81013c31ff686154b4502ef6bfaa102d2d,0x4cc02dc75c60f2b0380533ac84fa82e4cdcfcae20ab874d765748011e93547a7
36,950,0.05985,0x8d6e0a79003a9d49e68a6b82bbd497189f019905,2017-10-08T01:14:09.000Z,0.000063,0x1ab2c34e7baa44c656983b4e40646e81b66d12ca,sell,0xdcb9ff81013c31ff686154b4502ef6bfaa102d2d,0xf199f51b8e6dc52d1d145164ae88f7bc35d1077135876d30b9fbd1fc83374300
37,70,0.00441,0x8b182a4526944fa498970732a69a95d281c3c8a9,2017-10-07T22:43:47.000Z,0.000063,0x6803740e573afe386f1d1e64a642cb67b2d1c74a,buy,0xdcb9ff81013c31ff686154b4502ef6bfaa102d2d,0x2b7153af38746364efbdc9ea5a4601ae1db556ee6704ae2e0068b97b832806c0
38,50,0.00315,0x78b0e4933f5b7d90102367e28efcde256998411e,2017-10-07T21:07:45.000Z,0.000063,0x6803740e573afe386f1d1e64a642cb67b2d1c74a,buy,0xdcb9ff81013c31ff686154b4502ef6bfaa102d2d,0x0e10bd90d251284382f5234b509baf3e0460b1afdf9a2e3bea30a002cf5a73dc
39,99.99999998,0.0039999999992,0x26b1a2525f52bc071808ed8a02fcd5b96ee938b6,2017-10-07T10:55:40.000Z,0.00004,0x24991b80b5d64f660affcafa9dca8a420715344a,sell,0xdcb9ff81013c31ff686154b4502ef6bfaa102d2d,0xf93fa161c206f5be1234439a2f2581e1b3c083d2d8d7f6d4dfc0f85d6913f53f
40,416.6666667,0.016666666668,0x5d5065b42bdee0274e394ba9042c21e1818c69cf,2017-10-07T10:53:25.000Z,0.00004,0x24991b80b5d64f660affcafa9dca8a420715344a,sell,0xdcb9ff81013c31ff686154b4502ef6bfaa102d2d,0x713e3dc09a9eaef06f48b26c4682a6d98a3db4a11bf3fab6f779263845b6f644
41,150,0.0099,0x78b0e4933f5b7d90102367e28efcde256998411e,2017-10-06T20:57:54.000Z,0.000066,0x6803740e573afe386f1d1e64a642cb67b2d1c74a,buy,0xdcb9ff81013c31ff686154b4502ef6bfaa102d2d,0xbac0c7f9dc036dc1798210be3957c2b90e0fdef21d11efad3f8e13e181d97f6b
42,0.00000002,0.00000000000054,0x26b1a2525f52bc071808ed8a02fcd5b96ee938b6,2017-10-06T13:02:30.000Z,0.000027,0x9286c6522d1e904de8a1025e9e52b403f80d54e3,sell,0xdcb9ff81013c31ff686154b4502ef6bfaa102d2d,0x9de3868b53a3d07b8ed18e5cacb8f60a440c13d2961dc03d6e83ae05c514b506
43,0.00000002,0.00000000000135,0x9286c6522d1e904de8a1025e9e52b403f80d54e3,2017-10-06T13:02:09.000Z,0.0000675,0x1ab2c34e7baa44c656983b4e40646e81b66d12ca,buy,0xdcb9ff81013c31ff686154b4502ef6bfaa102d2d,0x35e128e14964292ab6cb993433b60523e64753710ed47e87da76e277a31e0a12
44,0.00000002,0.00000000000132,0x9286c6522d1e904de8a1025e9e52b403f80d54e3,2017-10-06T13:00:25.000Z,0.000066,0x6803740e573afe386f1d1e64a642cb67b2d1c74a,buy,0xdcb9ff81013c31ff686154b4502ef6bfaa102d2d,0xe4fac2423ceb47f396172776dafbd2328680f7ec7e871e84747d5e37154c3c7a
45,0.00000002,0.0000000000008,0x26b1a2525f52bc071808ed8a02fcd5b96ee938b6,2017-10-06T13:00:25.000Z,0.00004,0x9286c6522d1e904de8a1025e9e52b403f80d54e3,sell,0xdcb9ff81013c31ff686154b4502ef6bfaa102d2d,0xc1590c622b8cc8332ee13aa854955e67f821054c93d506c96411c962961bcd9a
46,100,0.00684,0x83117d03b0030e82a62e084d3dd2d9abe6e83887,2017-10-06T11:12:48.000Z,0.0000684,0x674aa7e9bac270ad3817e45a76b0252944bd6a73,buy,0xdcb9ff81013c31ff686154b4502ef6bfaa102d2d,0x32c02715c46cb1f6ceb1321a55843672a9cf9f549f8480551fe482acaaf33f6a
47,60,0.00396,0x035392de57aa4fe343d86494103dbe1b068a56c6,2017-10-06T10:41:43.000Z,0.000066,0x6803740e573afe386f1d1e64a642cb67b2d1c74a,buy,0xdcb9ff81013c31ff686154b4502ef6bfaa102d2d,0x1d1e3886cca9ff57a8be2ef699317614fbb4c1035f0c936a4558ce1396733084
48,100,0.00683,0x83117d03b0030e82a62e084d3dd2d9abe6e83887,2017-10-06T10:26:11.000Z,0.0000683,0x674aa7e9bac270ad3817e45a76b0252944bd6a73,buy,0xdcb9ff81013c31ff686154b4502ef6bfaa102d2d,0xded868e19d8c5bdc9b3ca3d276f8c6be3be212ef7840b161855106a219fa1c51
49,100,0.00682,0x83117d03b0030e82a62e084d3dd2d9abe6e83887,2017-10-06T10:01:20.000Z,0.0000682,0x674aa7e9bac270ad3817e45a76b0252944bd6a73,buy,0xdcb9ff81013c31ff686154b4502ef6bfaa102d2d,0xd22baf4abd7d47850be7f729ae1cd553ee8df86ead73db805b2ccb32b208aee4
50,100,0.00681,0x83117d03b0030e82a62e084d3dd2d9abe6e83887,2017-10-06T09:19:20.000Z,0.0000681,0x674aa7e9bac270ad3817e45a76b0252944bd6a73,buy,0xdcb9ff81013c31ff686154b4502ef6bfaa102d2d,0x1c9bb82c5145178ec8c60076e5248843a1ee1300e4da0c40b2bcab3d3ba25bcb
51,100,0.0068,0x83117d03b0030e82a62e084d3dd2d9abe6e83887,2017-10-06T08:55:25.000Z,0.000068,0x674aa7e9bac270ad3817e45a76b0252944bd6a73,buy,0xdcb9ff81013c31ff686154b4502ef6bfaa102d2d,0x918e30f634528700cd5262c0c527888bc668c7a1b7855f25189eb5ea2b5e62c1
52,100,0.005,0x26b1a2525f52bc071808ed8a02fcd5b96ee938b6,2017-10-06T03:51:29.000Z,0.00005,0x1ab2c34e7baa44c656983b4e40646e81b66d12ca,sell,0xdcb9ff81013c31ff686154b4502ef6bfaa102d2d,0x90ba71e06859d21772103ac98ad298a285767f379983ac1da8cb0e43a04a95c2
53,7.35294117,0.0005,0x350f6f675b20d606bb7f6c412ef4775c9bc57168,2017-10-05T21:31:53.000Z,0.00006800000005984,0x6803740e573afe386f1d1e64a642cb67b2d1c74a,buy,0xdcb9ff81013c31ff686154b4502ef6bfaa102d2d,0x274f55968dbe6c3634f684a0a915e27c4baafbbab90ac026d69d1851d6785194
54,7.35294117,0.0005,0x3bfdec5343e950ce45522eef9948c977631b4000,2017-10-05T21:30:36.000Z,0.00006800000005984,0x6803740e573afe386f1d1e64a642cb67b2d1c74a,buy,0xdcb9ff81013c31ff686154b4502ef6bfaa102d2d,0x78c5fa98fb608543712816823b11ad59b46716a43983dd6b4864281f05c2f97d
55,100,0.005,0x26b1a2525f52bc071808ed8a02fcd5b96ee938b6,2017-10-05T17:04:54.000Z,0.00005,0x1ab2c34e7baa44c656983b4e40646e81b66d12ca,sell,0xdcb9ff81013c31ff686154b4502ef6bfaa102d2d,0x594b1a9e0ba0ae5b45a96e2fa3609db01b9f1c37efbee1d010a66a98c80df180
56,70,0.004725,0x8b182a4526944fa498970732a69a95d281c3c8a9,2017-10-05T11:57:31.000Z,0.0000675,0x1ab2c34e7baa44c656983b4e40646e81b66d12ca,buy,0xdcb9ff81013c31ff686154b4502ef6bfaa102d2d,0xdee7ef700adc6ef527a465dcd00096fa17c216d4ee7c1984119a3cd0d76e0ae7
57,10,0.000675,0x0024a5046fd95c5eee6db19a69ef7ed3bacd50f1,2017-10-05T08:03:34.000Z,0.0000675,0x1ab2c34e7baa44c656983b4e40646e81b66d12ca,buy,0xdcb9ff81013c31ff686154b4502ef6bfaa102d2d,0x31a3c6bda4b3358d3b6169b55bd25d2122516ef83ea411181ef9ddca470f7851
58,100,0.006744,0x674aa7e9bac270ad3817e45a76b0252944bd6a73,2017-10-04T20:45:11.000Z,0.00006744,0x83117d03b0030e82a62e084d3dd2d9abe6e83887,sell,0xdcb9ff81013c31ff686154b4502ef6bfaa102d2d,0x2953ccd5c9ec4cd7048b1a2674fe2b8749de4aaa7af5c975d5e9d7774b49486e
59,100,0.006743,0x674aa7e9bac270ad3817e45a76b0252944bd6a73,2017-10-04T20:43:52.000Z,0.00006743,0x83117d03b0030e82a62e084d3dd2d9abe6e83887,sell,0xdcb9ff81013c31ff686154b4502ef6bfaa102d2d,0xbfc2fa7584499ae6d7c1889daaed13e87227148e92bc68b296eda87091616c01
60,100,0.006742,0x674aa7e9bac270ad3817e45a76b0252944bd6a73,2017-10-04T20:42:29.000Z,0.00006742,0x83117d03b0030e82a62e084d3dd2d9abe6e83887,sell,0xdcb9ff81013c31ff686154b4502ef6bfaa102d2d,0x11020d0a89f7679cc006600fd2afc230d8d6d9035a59f6e5f9ecbbf5a1e23bdf
61,100,0.006741,0x674aa7e9bac270ad3817e45a76b0252944bd6a73,2017-10-04T20:41:08.000Z,0.00006741,0x83117d03b0030e82a62e084d3dd2d9abe6e83887,sell,0xdcb9ff81013c31ff686154b4502ef6bfaa102d2d,0xb28fcc4cfd613d8254bccd229182df303883964e0bb0b02a71d2394d3da3a2e9
62,100,0.00674,0x674aa7e9bac270ad3817e45a76b0252944bd6a73,2017-10-04T20:40:52.000Z,0.0000674,0x83117d03b0030e82a62e084d3dd2d9abe6e83887,sell,0xdcb9ff81013c31ff686154b4502ef6bfaa102d2d,0xf6ffa5c18866e11ab60cf1c6ed6282e7a660af3afafbcbc0cdba841f70f832f3
63,100,0.00675,0x674aa7e9bac270ad3817e45a76b0252944bd6a73,2017-10-04T19:01:20.000Z,0.0000675,0x83117d03b0030e82a62e084d3dd2d9abe6e83887,sell,0xdcb9ff81013c31ff686154b4502ef6bfaa102d2d,0x6e8d644bf890ebeb6fbb41131ecac48a2b7f3b7f9bfff1207364fb0b98487cfd
64,100,0.00674,0x674aa7e9bac270ad3817e45a76b0252944bd6a73,2017-10-04T19:00:36.000Z,0.0000674,0x83117d03b0030e82a62e084d3dd2d9abe6e83887,sell,0xdcb9ff81013c31ff686154b4502ef6bfaa102d2d,0xc3459644e14fd9148ce17c0293e1816df2e8726bc8ac22067d74e59ea532a12a
65,100,0.00673,0x674aa7e9bac270ad3817e45a76b0252944bd6a73,2017-10-04T18:55:29.000Z,0.0000673,0x83117d03b0030e82a62e084d3dd2d9abe6e83887,sell,0xdcb9ff81013c31ff686154b4502ef6bfaa102d2d,0x9418d1ee2189f654abd1b46f0ab280efe8764e4c685bcaae57f16351c2173af8
66,100,0.00672,0x674aa7e9bac270ad3817e45a76b0252944bd6a73,2017-10-04T18:52:42.000Z,0.0000672,0x83117d03b0030e82a62e084d3dd2d9abe6e83887,sell,0xdcb9ff81013c31ff686154b4502ef6bfaa102d2d,0x6f19694c00dbf621f337440f3be9b08b1dc3eff8a76a4af2bb3c1bdff0750efc
67,100,0.00671,0x674aa7e9bac270ad3817e45a76b0252944bd6a73,2017-10-04T18:51:40.000Z,0.0000671,0x83117d03b0030e82a62e084d3dd2d9abe6e83887,sell,0xdcb9ff81013c31ff686154b4502ef6bfaa102d2d,0xb709ec406b132ff14b7286b2626fb871fd920caca3899b5f8dff2f15fac613cf
68,100,0.0067,0x674aa7e9bac270ad3817e45a76b0252944bd6a73,2017-10-04T18:37:51.000Z,0.000067,0x83117d03b0030e82a62e084d3dd2d9abe6e83887,sell,0xdcb9ff81013c31ff686154b4502ef6bfaa102d2d,0x0dd6449cd26b2708123e506ba82416b76e165bc96b03c7e47ee96ba2c0cdc8d1
69,50,0.003375,0x035392de57aa4fe343d86494103dbe1b068a56c6,2017-10-04T08:43:31.000Z,0.0000675,0x1ab2c34e7baa44c656983b4e40646e81b66d12ca,buy,0xdcb9ff81013c31ff686154b4502ef6bfaa102d2d,0x7822bfbc6d1df1f16910b68974a996f956693aff488433f08f698e5427e41ada
70,1000,0.0675,0x674aa7e9bac270ad3817e45a76b0252944bd6a73,2017-10-04T02:56:10.000Z,0.0000675,0x1ab2c34e7baa44c656983b4e40646e81b66d12ca,sell,0xdcb9ff81013c31ff686154b4502ef6bfaa102d2d,0x803a62678eec722df4cf2fd929bb9c93b944391a92a4ee69620462f29fcec3e3
71,1000,0.075,0x674aa7e9bac270ad3817e45a76b0252944bd6a73,2017-10-03T23:02:45.000Z,0.000075,0x83117d03b0030e82a62e084d3dd2d9abe6e83887,buy,0xdcb9ff81013c31ff686154b4502ef6bfaa102d2d,0xf927eb7c40c4b2782ac68bdc41bf4f970314cb31e93db15f19325ca7507e8d2f
72,1000,0.071,0x674aa7e9bac270ad3817e45a76b0252944bd6a73,2017-10-03T22:30:28.000Z,0.000071,0x83117d03b0030e82a62e084d3dd2d9abe6e83887,buy,0xdcb9ff81013c31ff686154b4502ef6bfaa102d2d,0x4ace8e88994b52fbbfebc048bb65dcf521ad1dae0110b98ff826cec971e835b6
73,1000,0.0676,0x674aa7e9bac270ad3817e45a76b0252944bd6a73,2017-10-03T22:30:28.000Z,0.0000676,0x83117d03b0030e82a62e084d3dd2d9abe6e83887,sell,0xdcb9ff81013c31ff686154b4502ef6bfaa102d2d,0x4a633fbd2e687e79ad67f41656d8d8a5def39d9072284f42ca652e855b033cc9
74,1000,0.07,0x674aa7e9bac270ad3817e45a76b0252944bd6a73,2017-10-03T22:28:56.000Z,0.00007,0x83117d03b0030e82a62e084d3dd2d9abe6e83887,buy,0xdcb9ff81013c31ff686154b4502ef6bfaa102d2d,0x34540442b333b3144102808ca2bfded422506bc3613757b3a08c3500bbd160ca
75,1000,0.0677,0x674aa7e9bac270ad3817e45a76b0252944bd6a73,2017-10-03T22:28:56.000Z,0.0000677,0x83117d03b0030e82a62e084d3dd2d9abe6e83887,sell,0xdcb9ff81013c31ff686154b4502ef6bfaa102d2d,0xeed0be4746136f73d353ab0d11b840f417ba0a1863f2d073d837baff6810861b
76,1000,0.069,0x674aa7e9bac270ad3817e45a76b0252944bd6a73,2017-10-03T22:27:35.000Z,0.000069,0x83117d03b0030e82a62e084d3dd2d9abe6e83887,buy,0xdcb9ff81013c31ff686154b4502ef6bfaa102d2d,0x545f99ab5b95112606e9313765748525f24aa420bb5a2b8b82f282e36ccf0284
77,1000,0.0678,0x674aa7e9bac270ad3817e45a76b0252944bd6a73,2017-10-03T22:27:35.000Z,0.0000678,0x83117d03b0030e82a62e084d3dd2d9abe6e83887,sell,0xdcb9ff81013c31ff686154b4502ef6bfaa102d2d,0x1fd3b5de93f50af8ce301182c27348d2f9905af3e21baefa63f2f2935f886617
78,1000,0.068,0x674aa7e9bac270ad3817e45a76b0252944bd6a73,2017-10-03T22:18:33.000Z,0.000068,0x83117d03b0030e82a62e084d3dd2d9abe6e83887,buy,0xdcb9ff81013c31ff686154b4502ef6bfaa102d2d,0xd3680f96322fb98c69f2e2862c0f39653e940c42409a65983eeb73d2143e5fac
79,1000,0.076,0x674aa7e9bac270ad3817e45a76b0252944bd6a73,2017-10-03T01:16:16.000Z,0.000076,0x83117d03b0030e82a62e084d3dd2d9abe6e83887,buy,0xdcb9ff81013c31ff686154b4502ef6bfaa102d2d,0x7160c37d3317f501f593ba6d4973ed925cff6bacb110dd57dea8e5098c4d8a98
80,735.872,0.017292992,0x24991b80b5d64f660affcafa9dca8a420715344a,2017-10-02T19:06:52.000Z,0.0000235,0x674aa7e9bac270ad3817e45a76b0252944bd6a73,buy,0xdcb9ff81013c31ff686154b4502ef6bfaa102d2d,0xcdbd5f1d4fbef3e2389c2ee0cd545fc38f09a214227090feccbf4db0afdc213a
81,2000,0.047,0x83117d03b0030e82a62e084d3dd2d9abe6e83887,2017-10-02T18:44:34.000Z,0.0000235,0x674aa7e9bac270ad3817e45a76b0252944bd6a73,buy,0xdcb9ff81013c31ff686154b4502ef6bfaa102d2d,0x76cf3a3f7f8566096af7556e2046a00a5d8a5de41a18a9782a70cff662308451
82,1000,0.099,0x674aa7e9bac270ad3817e45a76b0252944bd6a73,2017-10-02T18:08:41.000Z,0.000099,0x83117d03b0030e82a62e084d3dd2d9abe6e83887,buy,0xdcb9ff81013c31ff686154b4502ef6bfaa102d2d,0xcda803ad17cd30d8ed99633a3ee7d7160934ee1c8f5257a9f6291bbb69a62be8
83,364.12757664,0.04733658496356458,0x83117d03b0030e82a62e084d3dd2d9abe6e83887,2017-10-02T17:48:22.000Z,0.00013000000000100125,0x674aa7e9bac270ad3817e45a76b0252944bd6a73,buy,0xdcb9ff81013c31ff686154b4502ef6bfaa102d2d,0xfd4f332a1e661a558ec64ec1b47ea1884e66b5cbe337e71fbd22bc904f960277
84,1000,0.11,0x83117d03b0030e82a62e084d3dd2d9abe6e83887,2017-10-01T04:45:23.000Z,0.00011,0x674aa7e9bac270ad3817e45a76b0252944bd6a73,buy,0xdcb9ff81013c31ff686154b4502ef6bfaa102d2d,0xee8e01c07a13366e5769614cc792293abe6b103b21eb951658ea61e838f3eae1
85,1000,0.07,0x83117d03b0030e82a62e084d3dd2d9abe6e83887,2017-09-30T15:28:52.000Z,0.00007,0x24991b80b5d64f660affcafa9dca8a420715344a,sell,0xdcb9ff81013c31ff686154b4502ef6bfaa102d2d,0x13d653a54385f66e5ecb348a6a031a441d2f83cfa2bf8023116fff1f08508bfa
86,1000,0.071,0x83117d03b0030e82a62e084d3dd2d9abe6e83887,2017-09-30T15:20:45.000Z,0.000071,0x24991b80b5d64f660affcafa9dca8a420715344a,sell,0xdcb9ff81013c31ff686154b4502ef6bfaa102d2d,0x9ddd72b1cdbec4803ba6b2f1e741afdbb727cf124dd08cb34ec00ff78b60f6de
87,1000,0.072,0x83117d03b0030e82a62e084d3dd2d9abe6e83887,2017-09-30T12:09:21.000Z,0.000072,0x24991b80b5d64f660affcafa9dca8a420715344a,sell,0xdcb9ff81013c31ff686154b4502ef6bfaa102d2d,0xc7b596db70c03338b8293fa6831358e6518a4f0246fbf3e95d8ea20d717be642
88,1000,0.1,0x674aa7e9bac270ad3817e45a76b0252944bd6a73,2017-09-30T11:28:34.000Z,0.0001,0x83117d03b0030e82a62e084d3dd2d9abe6e83887,buy,0xdcb9ff81013c31ff686154b4502ef6bfaa102d2d,0x818bca32394a2635bea379b7ca380f059a1f85be561c849850349bca2ef97713
89,1000,0.073,0x83117d03b0030e82a62e084d3dd2d9abe6e83887,2017-09-30T01:42:14.000Z,0.000073,0x24991b80b5d64f660affcafa9dca8a420715344a,sell,0xdcb9ff81013c31ff686154b4502ef6bfaa102d2d,0x210efd19ec8c382459ca402b7f1c756a8b7f39f60132fec9fda1740d5179f271
90,500,0.06,0x83117d03b0030e82a62e084d3dd2d9abe6e83887,2017-09-30T00:59:49.000Z,0.00012,0x674aa7e9bac270ad3817e45a76b0252944bd6a73,buy,0xdcb9ff81013c31ff686154b4502ef6bfaa102d2d,0x15755fa4f9c59b98d579f1e9dc8784cf4a3a83f4c51afe9d2903f287214526a3
91,1000,0.11,0x674aa7e9bac270ad3817e45a76b0252944bd6a73,2017-09-29T22:40:26.000Z,0.00011,0x83117d03b0030e82a62e084d3dd2d9abe6e83887,buy,0xdcb9ff81013c31ff686154b4502ef6bfaa102d2d,0x0715a6aa5fc3a90031052d5ff14bc291143494ea6b5879256e2550bd0e2cf56a
92,1.1,0.0001078,0x58319288a01eff24620ee5237315f9e1e9dc0e36,2017-09-29T15:54:55.000Z,0.000098,0x6803740e573afe386f1d1e64a642cb67b2d1c74a,buy,0xdcb9ff81013c31ff686154b4502ef6bfaa102d2d,0x96a6184fef1da236d66fa768c03c582292af20c9c16c8519e64c685bbfd82748
93,9969.09580301,0.0996909580301,0x24991b80b5d64f660affcafa9dca8a420715344a,2017-09-28T13:23:25.000Z,0.00001,0x1ab2c34e7baa44c656983b4e40646e81b66d12ca,sell,0xdcb9ff81013c31ff686154b4502ef6bfaa102d2d,0x0c8306dae883966dddf1181abe748108247f296c535a9a28d2e46caf0b804de6
94,1,0.000098,0xa0be78d2bac6a692adba423c7af50ec86a18bddf,2017-09-28T11:39:56.000Z,0.000098,0x6803740e573afe386f1d1e64a642cb67b2d1c74a,buy,0xdcb9ff81013c31ff686154b4502ef6bfaa102d2d,0x9f6d66a0fece805c5debb8734e0121a4c2482bc94d024309b4fef9a6cd231d7a
95,1993.8191606,0.019938191606,0x24991b80b5d64f660affcafa9dca8a420715344a,2017-09-27T03:18:42.000Z,0.00001,0xf1627ffe974c921f624b3f28f63a17ddff7722ef,sell,0xdcb9ff81013c31ff686154b4502ef6bfaa102d2d,0x9709114111ce326b9cae5cbbd6156e8e7bf9d21aabfe6767accf2186c61ea8dc
96,700,0.0686,0x83117d03b0030e82a62e084d3dd2d9abe6e83887,2017-09-27T02:53:47.000Z,0.000098,0x24991b80b5d64f660affcafa9dca8a420715344a,sell,0xdcb9ff81013c31ff686154b4502ef6bfaa102d2d,0x297088152573cea1ebf2e23b0ee8b1e5fb8b21af246b2bd5a6a88e3056a6a803
97,800,0.0776,0x83117d03b0030e82a62e084d3dd2d9abe6e83887,2017-09-27T02:53:40.000Z,0.000097,0x24991b80b5d64f660affcafa9dca8a420715344a,sell,0xdcb9ff81013c31ff686154b4502ef6bfaa102d2d,0x865fa0e61e672044abca1a2de5a476581c8d2b1a797291fa23d1b53944833f2c
98,500,0.0495,0x83117d03b0030e82a62e084d3dd2d9abe6e83887,2017-09-27T02:52:53.000Z,0.000099,0x24991b80b5d64f660affcafa9dca8a420715344a,sell,0xdcb9ff81013c31ff686154b4502ef6bfaa102d2d,0xbb61df06e1245628a689e9533b07173a5a45602e660034b79d3fcd03d690c108
99,800,0.0884,0x674aa7e9bac270ad3817e45a76b0252944bd6a73,2017-09-27T01:35:29.000Z,0.0001105,0x83117d03b0030e82a62e084d3dd2d9abe6e83887,buy,0xdcb9ff81013c31ff686154b4502ef6bfaa102d2d,0x86e65554fcdbb363831f381979f933898010196262c7c6a2207c72e7154f9535
100,267.90477535,0.0369708589983,0x83117d03b0030e82a62e084d3dd2d9abe6e83887,2017-09-26T23:57:34.000Z,0.000138,0x674aa7e9bac270ad3817e45a76b0252944bd6a73,buy,0xdcb9ff81013c31ff686154b4502ef6bfaa102d2d,0x9b3fa6b47e8dece53205a1a77675126e69510e2f0127e699be89fc0c3da5f210
101,400,0.038,0x83117d03b0030e82a62e084d3dd2d9abe6e83887,2017-09-26T23:19:53.000Z,0.000095,0x674aa7e9bac270ad3817e45a76b0252944bd6a73,sell,0xdcb9ff81013c31ff686154b4502ef6bfaa102d2d,0x25accf83c0420a708875f22e76091a55001bc446434caf490d1140ca2ef104b1
102,300,0.027,0x83117d03b0030e82a62e084d3dd2d9abe6e83887,2017-09-26T22:59:52.000Z,0.00009,0x674aa7e9bac270ad3817e45a76b0252944bd6a73,sell,0xdcb9ff81013c31ff686154b4502ef6bfaa102d2d,0x4b9472a995d86f142c3d618886332d0cfa23d8b5281460bd652d25e3cb0caf8b
103,300,0.03,0x674aa7e9bac270ad3817e45a76b0252944bd6a73,2017-09-26T22:58:55.000Z,0.0001,0x83117d03b0030e82a62e084d3dd2d9abe6e83887,buy,0xdcb9ff81013c31ff686154b4502ef6bfaa102d2d,0xfe522c095b4526972cd35aa8c16c0f2174210560d07bc07c92d715380b3a977a
104,670,0.079998,0x674aa7e9bac270ad3817e45a76b0252944bd6a73,2017-09-26T00:39:40.000Z,0.0001194,0x83117d03b0030e82a62e084d3dd2d9abe6e83887,buy,0xdcb9ff81013c31ff686154b4502ef6bfaa102d2d,0x70e41a7d074b3075f0bfdfd7769616297e834dbf1434982e93d94bab72f935b1
105,600,0.079998,0x83117d03b0030e82a62e084d3dd2d9abe6e83887,2017-09-25T23:41:11.000Z,0.00013333,0x24991b80b5d64f660affcafa9dca8a420715344a,sell,0xdcb9ff81013c31ff686154b4502ef6bfaa102d2d,0x51659ed0232b8fc0f5f010d644bed62b12043dab75b3e1a97bcc83ad7f22b5f1
106,650,0.07995,0x83117d03b0030e82a62e084d3dd2d9abe6e83887,2017-09-25T22:54:55.000Z,0.000123,0x674aa7e9bac270ad3817e45a76b0252944bd6a73,buy,0xdcb9ff81013c31ff686154b4502ef6bfaa102d2d,0x90eeda786664de40d0a19291fa458bc10ffbf5b52b1806ffc05e698ac4918b54
107,800,0.08,0x83117d03b0030e82a62e084d3dd2d9abe6e83887,2017-09-24T05:51:51.000Z,0.0001,0x6803740e573afe386f1d1e64a642cb67b2d1c74a,buy,0xdcb9ff81013c31ff686154b4502ef6bfaa102d2d,0x19f0f7328e6bbfb505ef40e8dac29f7a511a7d4b5d1ff821c049118d47ecc5d1
108,450,0.04999995,0x674aa7e9bac270ad3817e45a76b0252944bd6a73,2017-09-24T05:20:39.000Z,0.000111111,0x83117d03b0030e82a62e084d3dd2d9abe6e83887,buy,0xdcb9ff81013c31ff686154b4502ef6bfaa102d2d,0xb84acc61a1528fdaca97a95f65d2557f6efb13dc520f25218a63b2fdb6eb830a
109,499.99522465,0.04999952246535739,0x83117d03b0030e82a62e084d3dd2d9abe6e83887,2017-09-24T04:50:40.000Z,0.00010000000000071479,0x674aa7e9bac270ad3817e45a76b0252944bd6a73,buy,0xdcb9ff81013c31ff686154b4502ef6bfaa102d2d,0xf84dc0cb63f3d653e02033c6e5281459e25c3c7fdf62591ab9f111cf9fc5a740
110,700,0.050001,0x674aa7e9bac270ad3817e45a76b0252944bd6a73,2017-09-24T04:32:40.000Z,0.00007143,0x83117d03b0030e82a62e084d3dd2d9abe6e83887,buy,0xdcb9ff81013c31ff686154b4502ef6bfaa102d2d,0xec49bc2a8258f4984cf7f013e91e00ea186c10d6ce2479d8ab730585b733f880
111,700,0.050001,0x83117d03b0030e82a62e084d3dd2d9abe6e83887,2017-09-23T05:23:36.000Z,0.00007143,0x30dd159747c8621da0d911f1349e718ee03d062a,sell,0xdcb9ff81013c31ff686154b4502ef6bfaa102d2d,0x01397ee593506757004c15974b0d7c752347d1b7eb66c35c40124c7a4643f4fd
112,797.52766424,0.049845479015,0x83117d03b0030e82a62e084d3dd2d9abe6e83887,2017-09-22T16:27:51.000Z,0.0000625,0x6803740e573afe386f1d1e64a642cb67b2d1c74a,sell,0xdcb9ff81013c31ff686154b4502ef6bfaa102d2d,0x418467503ca3487cbee0f2c3cb41ecfbaa51557ec5af2bf551027a5b63601977
113,997.00896317,0.0000099700896317,0x66a4e99923ff534c41936d0b28a13980b0a942f0,2017-09-21T22:03:38.000Z,0.00000001,0x30dd159747c8621da0d911f1349e718ee03d062a,sell,0xdcb9ff81013c31ff686154b4502ef6bfaa102d2d,0x3a7548d640041b1adc9c3e43339c092d9328a42a8db1e59c41df778056e74a61
114,996.9095803,0.000009969095803,0x66a4e99923ff534c41936d0b28a13980b0a942f0,2017-09-21T21:55:55.000Z,0.00000001,0x30dd159747c8621da0d911f1349e718ee03d062a,sell,0xdcb9ff81013c31ff686154b4502ef6bfaa102d2d,0x0980b23923722f0da1441caeb480e53b2b8784b90eec07041480c9527376d2cc
