,amount,amountBase,buyer,date,price,seller,side,tokenAddr,txHash
0,63,0.2961,0xa3c55cdef38319e613f7b0593b224448944a9b1d,2017-11-02T09:25:55.000Z,0.0047,0xced732ca92cb4f040239c4e8c85f14acbb5db000,sell,0x960b236a07cf122663c4303350609a66a7b288c0,0x3bc271c4356a43ade27c8a6c7d1f0ba5b57cd37a41cc65b92c3a3c2cf8b834d0
1,6,0.02286,0xd8be8871c52b91a1f4f8457baf0dc0946d931132,2017-11-02T09:16:42.000Z,0.00381,0xced732ca92cb4f040239c4e8c85f14acbb5db000,sell,0x960b236a07cf122663c4303350609a66a7b288c0,0xb1de0468fc4aadcd2234448b7477b32013674dbba1286ef0f0b65a45357db5a1
2,30,0.1035,0xd8be8871c52b91a1f4f8457baf0dc0946d931132,2017-11-02T09:15:46.000Z,0.00345,0xced732ca92cb4f040239c4e8c85f14acbb5db000,sell,0x960b236a07cf122663c4303350609a66a7b288c0,0xcea61c8377f18413239882b641edc588266b968bcea2e9725b4be8063a6a428e
3,10,0.0366,0xd8be8871c52b91a1f4f8457baf0dc0946d931132,2017-11-02T09:13:53.000Z,0.00366,0xced732ca92cb4f040239c4e8c85f14acbb5db000,sell,0x960b236a07cf122663c4303350609a66a7b288c0,0xa836d2a09fd53911fb8fd99ba74582498e950a70dbf075786f30e4def1b7a98a
4,6,0.02286,0xd8be8871c52b91a1f4f8457baf0dc0946d931132,2017-11-02T09:13:40.000Z,0.00381,0xced732ca92cb4f040239c4e8c85f14acbb5db000,sell,0x960b236a07cf122663c4303350609a66a7b288c0,0x17648b7362c734ebdda533d8233644125b9a1d70d72a140d8a37ef51050289f2
5,794.5888494502582,2.7016020881308775,0x009a12d4290630bc01fd82516ac57c1dc6a9bcfb,2017-11-02T08:34:46.000Z,0.0034,0xced732ca92cb4f040239c4e8c85f14acbb5db000,sell,0x960b236a07cf122663c4303350609a66a7b288c0,0x22d676407429d30777a6ff17ba6b9afe72fc3e37be9b8ea415ff3b723ea7000e
6,350,1.3317535,0x3dee4a4e076e8d82859d241db0baf46f112cfa23,2017-11-02T08:33:12.000Z,0.00380501,0xced732ca92cb4f040239c4e8c85f14acbb5db000,sell,0x960b236a07cf122663c4303350609a66a7b288c0,0x88958c586fe3c30f8948b20e8e4b3f95e85dbc27cd2435de84cea9249bacb6e9
7,0.09861934884010826,0.0005,0x3075f7f189912f4f425dd7021b9c396434197477,2017-11-02T06:48:29.000Z,0.005069999,0xed7f4d43a68a1353004159aa48fcf79e23b5b75f,buy,0x960b236a07cf122663c4303350609a66a7b288c0,0xd15c68686f0520a50ce27a04c39cad3f1d3e1022ccd0258d89d844586c9b2272
8,0.09861934884010826,0.0005,0x4fda9e6bcd83af6c5cc771b5d20accc2b7720074,2017-11-02T06:45:35.000Z,0.005069999,0xed7f4d43a68a1353004159aa48fcf79e23b5b75f,buy,0x960b236a07cf122663c4303350609a66a7b288c0,0x7159ff8340baf2008945edd6121d2be643e3d228a6bf9b45d399fb06cc156619
9,45.915590884435396,0.21937505097174662,0xe85fd2aff6bd741e0e1aa82c5ed54cc57101589a,2017-11-02T02:20:33.000Z,0.00477779,0xe2eabfc1e89a462bbd2ba188cd8a9591a9a0d04e,sell,0x960b236a07cf122663c4303350609a66a7b288c0,0x08cced295deab09afd1b83522f864a8b9aa7cc02a13df05b34b2b823c59ff4f7
10,89.407,0.427812495,0xe85fd2aff6bd741e0e1aa82c5ed54cc57101589a,2017-11-02T01:28:02.000Z,0.004785,0x953d1111662196af36e9d387c0f909e14111fa76,sell,0x960b236a07cf122663c4303350609a66a7b288c0,0xaab8aad69fb4244501a4d95b4f9276b0732cf0d4f551b386996356211046950e
11,50,0.25499995,0x33dec5ebf2c5775e179fdd81d28c70d87281c23d,2017-11-01T23:43:29.000Z,0.005099999,0xed7f4d43a68a1353004159aa48fcf79e23b5b75f,buy,0x960b236a07cf122663c4303350609a66a7b288c0,0x7160a15973af9d25c9c39cc10ccf24bd47109d5d27ef698216ebb30db43584a9
12,225.0011534243844,0.972252259060954,0x65a83820d3a8cd3c72e1b7f8b9e95c1571f0b062,2017-11-01T21:59:34.000Z,0.004321099,0xfaa80311c437ec25824172a74fa07f844798c502,sell,0x960b236a07cf122663c4303350609a66a7b288c0,0x1db839a69912d763125fe70b80017b6e190f528b065655828fee02c423a85713
13,394.1890140564251,1.7033297544502044,0x65a83820d3a8cd3c72e1b7f8b9e95c1571f0b062,2017-11-01T14:42:30.000Z,0.004321099,0x799671dd187ac29ae1f50f75e3e3fec2282471d7,sell,0x960b236a07cf122663c4303350609a66a7b288c0,0xf958dfba587fe75eee0a7447a8bd61fea085ca62df6fd720f275ae558738afc8
14,119.76173861030804,0.5634789921376732,0x953d1111662196af36e9d387c0f909e14111fa76,2017-11-01T07:53:09.000Z,0.0047050001,0x3efd9b0bd8e4595bc494539aca584821950106ee,sell,0x960b236a07cf122663c4303350609a66a7b288c0,0x1247c40e7e5e9927ba0b0b8aca184b831495f98bf15811e559afa149f2d96b68
15,66.83701017803264,0.3144681395713446,0x953d1111662196af36e9d387c0f909e14111fa76,2017-11-01T05:07:25.000Z,0.0047050001,0x6c723da0e2243be0d60a23801c00039b98ce35d6,sell,0x960b236a07cf122663c4303350609a66a7b288c0,0xb294203cbaba5b88b70de3a4fbbfdcc3f4778aa1150d32dea433b9ef5f26bc28
16,183.27796120679506,0.879754374368349,0x953d1111662196af36e9d387c0f909e14111fa76,2017-11-01T05:05:45.000Z,0.00480011,0x6c723da0e2243be0d60a23801c00039b98ce35d6,sell,0x960b236a07cf122663c4303350609a66a7b288c0,0x0af235ad4b1772cbc9d60efd894939da9d0f6ad76dc85ab3001db43a6d67f9d5
17,11.737490891699599,0.056341247404156164,0x953d1111662196af36e9d387c0f909e14111fa76,2017-11-01T04:00:36.000Z,0.00480011,0x3dee4a4e076e8d82859d241db0baf46f112cfa23,sell,0x960b236a07cf122663c4303350609a66a7b288c0,0xa09af58dda871bb628d4f0f09880f9527c41a19fd0d2b092d7ae98a29859e100
18,4.9845479015053336,0.023926378227494768,0x953d1111662196af36e9d387c0f909e14111fa76,2017-11-01T02:28:55.000Z,0.00480011,0x993297f85da44df0256721eb98f191f37be2847c,sell,0x960b236a07cf122663c4303350609a66a7b288c0,0x744a89b6d89647635658324185928cec22e7a22771f5304373a7247aa6e8fcc3
19,60,0.294,0xa75fcdf436c9713b3757819f1fb235918749c3ba,2017-11-01T00:05:09.000Z,0.0049,0x6c723da0e2243be0d60a23801c00039b98ce35d6,sell,0x960b236a07cf122663c4303350609a66a7b288c0,0x164cd8fd149cf042faddcf71c958baabc537b4a6ef9ff18cb973e067142bb344
20,0.25,0.02499999975,0x1a96f3bc6cd0e9db43e89f983d4227ec5f707539,2017-11-01T00:00:56.000Z,0.099999999,0xf36990a2cb4d609e0a7d4f3bf884c0342d81fd3d,buy,0x960b236a07cf122663c4303350609a66a7b288c0,0x433777c33a729333cb3f9ff2391837f2ae9afb3bdbe854ce766a8303a7fa72d4
21,43.911,0.2019906,0xa75fcdf436c9713b3757819f1fb235918749c3ba,2017-10-31T22:48:32.000Z,0.0046,0x87d3da5a29e4f9813faa09a4a720b1c1610eafd8,buy,0x960b236a07cf122663c4303350609a66a7b288c0,0xaf1d6c8ef399a724bd93e16f2970c1a8f2567e7a94eeddfecf714e0159c31a55
22,0.2,0.00108,0x0b773d7819259d78757b26dc4148812d35676d8f,2017-10-31T14:46:02.000Z,0.0054,0x3c3aef0043c8629556d0b20425aca08a1509d1dc,buy,0x960b236a07cf122663c4303350609a66a7b288c0,0x0b5e34f9c9f7ab81b025ce5bdc07d8d551344a412fa26c12577e0de51e9c9901
23,49.3,0.22185,0x3c3aef0043c8629556d0b20425aca08a1509d1dc,2017-10-31T14:40:29.000Z,0.0045,0x094733fd56e985686c3ce360e9821ea501d2dee9,buy,0x960b236a07cf122663c4303350609a66a7b288c0,0xb479205c7a4520c22e10ec756ebd8f6a834f00bfc40a8008113ab792912ec96b
24,11.770696829613646,0.05061529114398994,0x3dee4a4e076e8d82859d241db0baf46f112cfa23,2017-10-31T12:49:20.000Z,0.00430011,0x3df86cefaecfaa31be2f74f8f832cb4ef62b79f8,sell,0x960b236a07cf122663c4303350609a66a7b288c0,0x238ff7cf81b4c3be042213fd516ecc197df33d74b476f868d9ed6f84f0a215e5
25,10.592568718726298,0.05068544131910533,0xe85fd2aff6bd741e0e1aa82c5ed54cc57101589a,2017-10-31T12:45:56.000Z,0.004785,0x6c723da0e2243be0d60a23801c00039b98ce35d6,sell,0x960b236a07cf122663c4303350609a66a7b288c0,0x596a44af794fd4fe59b58751556a765921e99ee47e6b1fdb1f8d183820f6d948
26,14.941,0.07186621,0x3a0cc8afecbb6fe9567cd7e6dac685287f7a217d,2017-10-31T12:45:23.000Z,0.00481,0x6c723da0e2243be0d60a23801c00039b98ce35d6,sell,0x960b236a07cf122663c4303350609a66a7b288c0,0xab1f2938eb825da7f9edd1b2bbc9d17cbd6c692505a67055700a28214ea4b88c
27,20.6526630211511,0.09913278250152527,0xd00cc82a132f421ba6414d196bc830db95e2e7dd,2017-10-31T12:44:17.000Z,0.0048,0x3df86cefaecfaa31be2f74f8f832cb4ef62b79f8,sell,0x960b236a07cf122663c4303350609a66a7b288c0,0x0fae11377aac78d40d19793f4359dd5cab7ae05ac4aed0764237941ab5f36791
28,32,0.153600032,0xc11f32a3d45a3dc54b34234dd2b9f46292e69c02,2017-10-31T12:44:17.000Z,0.004800001,0x3df86cefaecfaa31be2f74f8f832cb4ef62b79f8,sell,0x960b236a07cf122663c4303350609a66a7b288c0,0x4790ddd3250c498de4610962b62424344988201272542a12b5b8a84ae51b71e6
29,75,0.3594,0xd00cc82a132f421ba6414d196bc830db95e2e7dd,2017-10-31T12:42:33.000Z,0.004792,0x3df86cefaecfaa31be2f74f8f832cb4ef62b79f8,sell,0x960b236a07cf122663c4303350609a66a7b288c0,0x10cffbbf50892b08d697b8706fce3c5cbb944605ff21c68086dd16ef80021789
30,100.939,0.4845072,0x254fb89e4cab71708eaab16e067ca8156a38e18a,2017-10-31T12:41:47.000Z,0.0048,0x3df86cefaecfaa31be2f74f8f832cb4ef62b79f8,sell,0x960b236a07cf122663c4303350609a66a7b288c0,0xab05c8e93335ca7f49fd6c1b198be247f282649b07bfbefcc1478b4a2c97c007
31,120.298,0.5774424298,0x254fb89e4cab71708eaab16e067ca8156a38e18a,2017-10-31T12:41:47.000Z,0.0048001,0x3df86cefaecfaa31be2f74f8f832cb4ef62b79f8,sell,0x960b236a07cf122663c4303350609a66a7b288c0,0x5a51941ad805095560703537595afd94a510f7c910d0c1afb39350505cd49787
32,137.494,0.659986461834,0x7976e652f7472830b2b2ab23980506e4512fae4f,2017-10-31T12:41:44.000Z,0.004800111,0x3df86cefaecfaa31be2f74f8f832cb4ef62b79f8,sell,0x960b236a07cf122663c4303350609a66a7b288c0,0xf9be5358bb381c27bd140e4943d8fcca6e01ce9ce96443b9fc26ba49465f7a3f
33,199.06075811047606,0.9554916389302851,0x254fb89e4cab71708eaab16e067ca8156a38e18a,2017-10-31T10:50:39.000Z,0.0048,0x669f0ab96fd3beb68bc836bb874894bbb516331a,sell,0x960b236a07cf122663c4303350609a66a7b288c0,0x1907757d555c1c1e9cc5bd7dc61513f3d8f08caf616fd3cfeedb78da630d4c50
34,70.42268966204765,0.33803672729638123,0x7976e652f7472830b2b2ab23980506e4512fae4f,2017-10-31T10:48:47.000Z,0.004800111,0x01ac7aef192ee2637afa390c4fbcfc92a00604a6,sell,0x960b236a07cf122663c4303350609a66a7b288c0,0xb3793a7f76673d782ca3d8236b3bccd89cbe6e470254483a0984b4f5d6671be8
35,3,0.015,0x244beb883da53d9f6169762af296e944aba5bb84,2017-10-31T10:44:28.000Z,0.005,0x01ac7aef192ee2637afa390c4fbcfc92a00604a6,sell,0x960b236a07cf122663c4303350609a66a7b288c0,0x8ab294390f7208f5fcb0920c43da0ddaf986a10e729bef42d1073dbc19ee0a2b
36,0.05863589396646689,0.000282038649978705,0x3a0cc8afecbb6fe9567cd7e6dac685287f7a217d,2017-10-31T09:50:50.000Z,0.004809999999999988,0x009a12d4290630bc01fd82516ac57c1dc6a9bcfb,sell,0x960b236a07cf122663c4303350609a66a7b288c0,0x66f7c3a8a5ed49759bd0577e5e0b6c85198d738f7fdae353dced9c8a572659da
37,0.0830993173498,0.000398885947303265,0x7976e652f7472830b2b2ab23980506e4512fae4f,2017-10-31T03:42:59.000Z,0.00480011099999999,0xe444a40689f51f63bcd29910622035707d533d29,sell,0x960b236a07cf122663c4303350609a66a7b288c0,0x5ada44cdee4c74c4ca9ecb215e690a4b7141ead1690f8e89cec011b5e62ef131
38,0.01,0.00005544399,0x0c4085d8e714ca77ac5f46cd2b80a92d238a7cd3,2017-10-31T01:04:23.000Z,0.005544399,0xed7f4d43a68a1353004159aa48fcf79e23b5b75f,buy,0x960b236a07cf122663c4303350609a66a7b288c0,0xcd0516bfb79777bb60588f93e00e2f0c85d3d132d3e5515f399eac782a8631c8
39,6.938490678895424,0.03330544910776592,0x254fb89e4cab71708eaab16e067ca8156a38e18a,2017-10-30T18:12:38.000Z,0.0048001,0xe5c5f7b4e7d4a86da73bb6a3e7fde89a9e8f1041,sell,0x960b236a07cf122663c4303350609a66a7b288c0,0x4c6c0c511ecac17594c8ccb05c8936ff156afaa5c322c42ec2b25a1beebf8741
40,172.76332297458032,0.829281226610283,0x254fb89e4cab71708eaab16e067ca8156a38e18a,2017-10-30T17:52:36.000Z,0.0048001,0xf142f26d1cac4ba8a6e6d7974d243eda2fe5f4f9,sell,0x960b236a07cf122663c4303350609a66a7b288c0,0x41d7dad3a77c517a8b88114d6fa983868f6018f843c933341b77b8e451698dcb
41,25,0.120125,0x462cdf194d12c5168e804fe7d91e639fb3bed21d,2017-10-30T17:52:20.000Z,0.004805,0xf142f26d1cac4ba8a6e6d7974d243eda2fe5f4f9,sell,0x960b236a07cf122663c4303350609a66a7b288c0,0xf302ddeb20bc9712305db0de95a47e294504a36c12ef5c1d083eb55a8bb979a9
42,650,3.12064935,0x65a83820d3a8cd3c72e1b7f8b9e95c1571f0b062,2017-10-30T10:35:06.000Z,0.004800999,0xced732ca92cb4f040239c4e8c85f14acbb5db000,sell,0x960b236a07cf122663c4303350609a66a7b288c0,0x92a3235cf2ac45d2de89ab7748061fcd3495aa35e433c14fb514ea12b4c1875b
43,0.0859490494034,0.000411781895691689,0x492842125e4c3a7d10cda0e0291ea22788e4ad60,2017-10-30T01:52:37.000Z,0.004790999999999995,0x16e5d97bbc92417e051e3b2cabfbf8ceea2acb9c,sell,0x960b236a07cf122663c4303350609a66a7b288c0,0x644caf0743845051b35e6f489693a4b43d18dcd1110de76241dcc3336a592b13
44,91.06745106170871,0.43630424910409743,0xced732ca92cb4f040239c4e8c85f14acbb5db000,2017-10-29T23:41:52.000Z,0.004791001,0x007ed64ac2fe49e1bcb932151e72de0ca813ecf8,sell,0x960b236a07cf122663c4303350609a66a7b288c0,0x170d9d61489450e6c65bee584c7e13752d83d2627b173fbf3eeb2c5ea0a022df
45,148.83860033894925,0.7130858830625062,0xced732ca92cb4f040239c4e8c85f14acbb5db000,2017-10-29T18:37:41.000Z,0.004791001,0xb00548770ea87482f024cd4292a975fea72e8f01,sell,0x960b236a07cf122663c4303350609a66a7b288c0,0x10226bcb8a843f8dd3912fa4d5500cef14e7047c648ea056272bb8c09cf26da0
46,3.4,0.02039286,0xdf537fe9b791ac57c4d5e94f6b2fa8d989d7f793,2017-10-29T10:45:17.000Z,0.0059979,0xced732ca92cb4f040239c4e8c85f14acbb5db000,buy,0x960b236a07cf122663c4303350609a66a7b288c0,0xd9d2a1362c21568bb09865c2f231ec5820762a823ed66d6b8522633155932758
47,200.62506230684878,0.9589879984517994,0xed7f4d43a68a1353004159aa48fcf79e23b5b75f,2017-10-29T06:57:40.000Z,0.004780001,0x02a01db6d019e10a8509184a20e8e0d67b27f655,sell,0x960b236a07cf122663c4303350609a66a7b288c0,0xdd29be7e36b747e2f81c74246a66381efba53722917a2215f2c51d92765fe458
48,1,0.0059988999,0x552955220bf453e4d506acda6242c2f1910d5ecc,2017-10-29T04:02:40.000Z,0.0059988999,0xed7f4d43a68a1353004159aa48fcf79e23b5b75f,buy,0x960b236a07cf122663c4303350609a66a7b288c0,0xa071acf561db1415d021bfc0da9e2a235ca5da7bc54e8b265f36d967eff50436
49,351.327883560961,1.6786481409331073,0x0ce4b16411b408bc9f06d456175db3cc79b25299,2017-10-28T21:25:52.000Z,0.00477801,0x7acc335f56bdd0d60282d9274d10ea5952000ec2,sell,0x960b236a07cf122663c4303350609a66a7b288c0,0xba0bfc8bfabf06b2d3f478e68e8cd7e9b36f17945b4c08dc5c13e5aa814b43f6
50,0.08334861530194894,0.0005,0xe444a40689f51f63bcd29910622035707d533d29,2017-10-28T20:05:38.000Z,0.0059988999,0xed7f4d43a68a1353004159aa48fcf79e23b5b75f,buy,0x960b236a07cf122663c4303350609a66a7b288c0,0xc5f38f4a81954bcaf2cc40485c2362bee6b2c517b7e139dcff0c484f37ac457b
51,0.08334861530194894,0.0005,0x34f9560c63078eb61872a4dc2ccd20e21c34feaf,2017-10-28T20:05:38.000Z,0.0059988999,0xed7f4d43a68a1353004159aa48fcf79e23b5b75f,buy,0x960b236a07cf122663c4303350609a66a7b288c0,0x42ca0ed9f08041312a57f94a354ffd9a45be5f65210deb465595e1a8d2343e34
52,144,0.688032144,0xed7f4d43a68a1353004159aa48fcf79e23b5b75f,2017-10-28T18:42:22.000Z,0.004778001,0xf1e23416ae0903a1d90bb996ee41a3b19383c07f,sell,0x960b236a07cf122663c4303350609a66a7b288c0,0x62457c0ee7d595b7fb9d38528ed6e1e456eaf9140fbadf6927365ab0fcf07697
53,50,0.3,0xcdd727af7a8d3b6991410b6596b261caacfe9843,2017-10-28T18:39:49.000Z,0.006,0xd90cfb6fc6ffafffe551bb99fa6bb7be6349d334,buy,0x960b236a07cf122663c4303350609a66a7b288c0,0xdc27e9d9266905bfff306ffa4476d30b276f2cdafe76d31464f4bfa54941605f
54,31.142286639768134,0.1487978767070988,0xed7f4d43a68a1353004159aa48fcf79e23b5b75f,2017-10-28T17:25:25.000Z,0.004778001,0x1ed014aec47fae44c9e55bac7662c0b78ae61798,sell,0x960b236a07cf122663c4303350609a66a7b288c0,0x2a8267bfe0cf6f906c07f06b37198c2638c51da4bf3c264437c19962156025a2
55,31.142286639768134,0.1487978767070988,0xed7f4d43a68a1353004159aa48fcf79e23b5b75f,2017-10-28T17:25:15.000Z,0.004778001,0x1ed014aec47fae44c9e55bac7662c0b78ae61798,sell,0x960b236a07cf122663c4303350609a66a7b288c0,0x2a8267bfe0cf6f906c07f06b37198c2638c51da4bf3c264437c19962156025a2
56,44.564,0.245102,0x8386cfc3a2439fba45a0a6abb45e30b2b06bc63e,2017-10-28T10:55:13.000Z,0.0055,0xced732ca92cb4f040239c4e8c85f14acbb5db000,sell,0x960b236a07cf122663c4303350609a66a7b288c0,0x7bd0a393ca3113d581995a4fdcc6a094899a69cf43f360de5e51832dd612de16
57,747.3369868841705,4.110353427862938,0x8386cfc3a2439fba45a0a6abb45e30b2b06bc63e,2017-10-28T10:43:16.000Z,0.0055,0x9778550d76b07ac9f5e57392f68ecdf6efc1774e,sell,0x960b236a07cf122663c4303350609a66a7b288c0,0x33a77fe7c9e24986bb29faec1bd127b2d0523ad0cfe9a969125b9e91e485b151
58,0.5233775296580601,0.002470341939986043,0x492842125e4c3a7d10cda0e0291ea22788e4ad60,2017-10-28T06:38:49.000Z,0.004719999999999999,0x4811939208b721e7823b0d79a1de982dd4726592,sell,0x960b236a07cf122663c4303350609a66a7b288c0,0x66abbf56ccb76db357911c1d2efe97325833b8f1e50ac2f5b14db3aa3c870faa
59,244.7371833162864,1.4904494463961842,0xc44b7aa69b7c5fe29f70ad0734f11ab1dcc83b99,2017-10-28T05:46:34.000Z,0.00609,0x4a304fa9710ec1423617f3a576e06d4dfea3ad18,buy,0x960b236a07cf122663c4303350609a66a7b288c0,0x47da6b3002ac901cfbbb07786c9f80b3148df1e84e374b7ce6c8f639bd853783
60,337.994,1.7041488483,0xff4482de17e729e19d75d70fc005f2e4ba75905f,2017-10-28T00:50:22.000Z,0.00504195,0x9c7ad45000cc1657673e7ebc12b8a4da316fa087,buy,0x960b236a07cf122663c4303350609a66a7b288c0,0x0ed1d96c733f8a1f36a06a82b7c20d6736d8a048bf2c2217a61b6c0766ba9a2c
61,2,0.0104,0xb68599528b69bd8030b08297207ab3f032b2f7b2,2017-10-27T22:20:45.000Z,0.0052,0xc5ff06991dbaf57bef6dd7a75056e62b7a2383fb,sell,0x960b236a07cf122663c4303350609a66a7b288c0,0x398bd4923c1a70becf09ab48da3f6e0b98a2395a63500ef4ad87959333e9ffc0
62,2.006,0.0101141517,0xc5ff06991dbaf57bef6dd7a75056e62b7a2383fb,2017-10-27T22:20:45.000Z,0.00504195,0x9c7ad45000cc1657673e7ebc12b8a4da316fa087,buy,0x960b236a07cf122663c4303350609a66a7b288c0,0x398bd4923c1a70becf09ab48da3f6e0b98a2395a63500ef4ad87959333e9ffc0
63,100,0.504195,0x0f8e39777bcb0a52cb72042ceb5d67ce44b982d1,2017-10-27T17:15:22.000Z,0.00504195,0x4a304fa9710ec1423617f3a576e06d4dfea3ad18,sell,0x960b236a07cf122663c4303350609a66a7b288c0,0xade30e705a552e8236dff6f0e8e0e235c235aa64bf3addded56f2fd6f36c9077
64,225.3115817,1.73487664793183,0x343366c73e897e8eb0f186db76392470be2f49c3,2017-10-26T18:57:07.000Z,0.0076999,0xbeb1fd865feea5006c74bcb615ebb00f1a05d469,buy,0x960b236a07cf122663c4303350609a66a7b288c0,0xfd8868e3d361f8e3fe3b055780b5aaae059057e45b96218dd7131dfe9a7db911
65,13.981582,0.0880825684418,0x343366c73e897e8eb0f186db76392470be2f49c3,2017-10-26T18:57:07.000Z,0.0062999,0x953d1111662196af36e9d387c0f909e14111fa76,buy,0x960b236a07cf122663c4303350609a66a7b288c0,0xc3d9de06d9f59c97601eb4b43e09cae57cb13ece1b00af52c64da4d0d26eb781
66,29.9,0.188366711,0x343366c73e897e8eb0f186db76392470be2f49c3,2017-10-26T18:56:26.000Z,0.00629989,0x7b6b2f3c88ce2ecedc01c545f13faf36034d772f,buy,0x960b236a07cf122663c4303350609a66a7b288c0,0x1d96a695223c530337d81d42213e8bc908f4e9f45971ce54c3e21b1f1e15cde0
67,199.686,1.2180846,0x343366c73e897e8eb0f186db76392470be2f49c3,2017-10-26T18:56:05.000Z,0.0061,0x8b6d5e86386db4d4e2198344c17422c1838f8b20,buy,0x960b236a07cf122663c4303350609a66a7b288c0,0x5c72f90fe57138878392c6eb785b09b490e0e3c01a496abb5115226ba398cd08
68,53.159,0.324269846841,0x343366c73e897e8eb0f186db76392470be2f49c3,2017-10-26T18:55:45.000Z,0.006099999,0xed7f4d43a68a1353004159aa48fcf79e23b5b75f,buy,0x960b236a07cf122663c4303350609a66a7b288c0,0x1f3a2a8813b42c96dbab0343aabf7b2309a54ee288c8d36ffb7c7988c645a8e8
69,214,1.30539786,0x343366c73e897e8eb0f186db76392470be2f49c3,2017-10-26T18:55:40.000Z,0.00609999,0xced732ca92cb4f040239c4e8c85f14acbb5db000,buy,0x960b236a07cf122663c4303350609a66a7b288c0,0x2a707dd77191f7698dfbd453c2d329f917ab4ca88d6f21ce0587cfd5990b6761
70,4.984999999999999,0.034894999999999995,0x2eb3892167270090150a5ac0fdf9c98d93b7e38a,2017-10-26T09:23:54.000Z,0.007,0x7aa6e2506316f6d613277d4f2f4e4e1dc55e528e,sell,0x960b236a07cf122663c4303350609a66a7b288c0,0xfae193e303e22e51481551eaac2a6739d15020cefab3ba69ea31ce1ced4ea97d
71,5,0.030499985,0x7aa6e2506316f6d613277d4f2f4e4e1dc55e528e,2017-10-26T09:23:54.000Z,0.006099997,0xed7f4d43a68a1353004159aa48fcf79e23b5b75f,buy,0x960b236a07cf122663c4303350609a66a7b288c0,0xfae193e303e22e51481551eaac2a6739d15020cefab3ba69ea31ce1ced4ea97d
72,0.05881766523776293,0.000294382414515003,0x009a12d4290630bc01fd82516ac57c1dc6a9bcfb,2017-10-26T02:56:31.000Z,0.005004999999999992,0x437ed3e05ea1e2a168e9b21cbf3d328f11ed2383,sell,0x960b236a07cf122663c4303350609a66a7b288c0,0x5e45294393d693fb5fee70c926cf2cd041630d259fc40a7a68fc01d90f498e77
73,58.15915908275174,0.2907958535729178,0xed7f4d43a68a1353004159aa48fcf79e23b5b75f,2017-10-25T03:43:44.000Z,0.005000001,0xad440e6b26dd3a044a97294bf87c017d7fb81c67,sell,0x960b236a07cf122663c4303350609a66a7b288c0,0x1c3fd0235c1023a29fa5c1820d5b88066c9e027170a40c527c0db27023ba11e9
74,10,0.052,0xa358861710e7609f58ca202ea3282eed146f49c7,2017-10-25T03:31:14.000Z,0.0052,0xad440e6b26dd3a044a97294bf87c017d7fb81c67,sell,0x960b236a07cf122663c4303350609a66a7b288c0,0x6e3c1ffc9dc9e564c480222950e0b1a2342e6c39663c377e1602984228822740
75,10,0.055,0xa358861710e7609f58ca202ea3282eed146f49c7,2017-10-24T20:51:39.000Z,0.0055,0x7acc335f56bdd0d60282d9274d10ea5952000ec2,sell,0x960b236a07cf122663c4303350609a66a7b288c0,0x47b868bfda9bdb327a91c7ef530858a6e5cc6231fbd023a8d68291fde81a1ba1
76,84,0.462,0x7c791600b86d43f692c126aecc75a66dd9019bbd,2017-10-24T20:51:31.000Z,0.0055,0x7acc335f56bdd0d60282d9274d10ea5952000ec2,sell,0x960b236a07cf122663c4303350609a66a7b288c0,0x46792a425ec4531a300978ae43e648ded6d4fc7144accbdb057a0223ca8e8daf
77,32,0.2432,0x5a7f52c42526ddb16755d0681ddc80be166c2ff6,2017-10-24T05:31:22.000Z,0.0076,0xc11f32a3d45a3dc54b34234dd2b9f46292e69c02,buy,0x960b236a07cf122663c4303350609a66a7b288c0,0x7ff71ac2d0f140e741080d38b8804cb80c8805ed4bd9dffaf675ad87b8ca5ffa
78,35,0.1785,0xf554f56622c524657808a289f09630d290257a74,2017-10-22T22:29:46.000Z,0.0051,0xced732ca92cb4f040239c4e8c85f14acbb5db000,sell,0x960b236a07cf122663c4303350609a66a7b288c0,0x08f3bc873fb17e4d1d9c54645a9a28e41013741ca0a8e7247f2229396977f67e
79,100,0.629999999,0x5a7f52c42526ddb16755d0681ddc80be166c2ff6,2017-10-22T18:44:06.000Z,0.00629999999,0xced732ca92cb4f040239c4e8c85f14acbb5db000,buy,0x960b236a07cf122663c4303350609a66a7b288c0,0x7ff337a7357b1b7633de6226a41ec895fcddb647591b18b232b27947d04d9ea0
80,16,0.0832,0xc11f32a3d45a3dc54b34234dd2b9f46292e69c02,2017-10-21T23:07:01.000Z,0.0052,0xced732ca92cb4f040239c4e8c85f14acbb5db000,sell,0x960b236a07cf122663c4303350609a66a7b288c0,0xebc54fd0a77ca2fe743548837c9b9cd27928c1429c48dcf0ed124f682f0eab8f
81,120,0.767999988,0x71f0cbcf1f973ed4ead8bcce24a9dbd6d4f55077,2017-10-21T14:42:51.000Z,0.0063999999,0xced732ca92cb4f040239c4e8c85f14acbb5db000,buy,0x960b236a07cf122663c4303350609a66a7b288c0,0xafd7ca3c946948fac0a1f85fb897b68ba65d20ca988bdfd7bce959c40b03dcf9
82,16,0.0848,0xc11f32a3d45a3dc54b34234dd2b9f46292e69c02,2017-10-21T11:52:36.000Z,0.0053,0xced732ca92cb4f040239c4e8c85f14acbb5db000,sell,0x960b236a07cf122663c4303350609a66a7b288c0,0x7e541c57c41e3ced10dbbfe8460e3d998e7e1b16f2d481082085fffc4b07d596
83,13,0.0832,0x730398eff0e7cc37cc0e172e4fea306ee13d5513,2017-10-21T03:26:32.000Z,0.0064,0x69f15a89732a07be5e59bb6687969c88afda7b93,buy,0x960b236a07cf122663c4303350609a66a7b288c0,0xd9e3b2634694fa3f9d83dc1462f638e095c61a048a7e79b54bdaca1745329d69
84,0.9923134662777607,0.006350806184177669,0xff40e811950bdf1ca9d0c18d489e6e273587e139,2017-10-21T01:21:35.000Z,0.0064,0x69f15a89732a07be5e59bb6687969c88afda7b93,buy,0x960b236a07cf122663c4303350609a66a7b288c0,0xbae61e471b7f394b173c283222f41e0dee4e7be48ae4f53135f0e9dae78333f2
85,32.077260492473336,0.2136345548798724,0x1da251119e3a70bcb4aed858bd2acccff2155077,2017-10-20T20:49:41.000Z,0.00666,0xced732ca92cb4f040239c4e8c85f14acbb5db000,sell,0x960b236a07cf122663c4303350609a66a7b288c0,0xc156b543cc1d4a366882237dfb6f0c7e905615016d8d61d6872eab9dd8d72be7
86,24.922739507526668,0.1659854451201276,0x1da251119e3a70bcb4aed858bd2acccff2155077,2017-10-20T20:37:07.000Z,0.00666,0x0bad0d4699d16b6a9c1346be706b3de39fd0ad82,sell,0x960b236a07cf122663c4303350609a66a7b288c0,0x5180ec94508764285ed7d90cd311b44aa2c6c1e55099042fe7837b789872638b
87,0.01,0.000067999999,0x6cdea8e07bf82d7a07dbf36642d6e5be8623845c,2017-10-20T03:49:27.000Z,0.0067999999,0xced732ca92cb4f040239c4e8c85f14acbb5db000,buy,0x960b236a07cf122663c4303350609a66a7b288c0,0x2eadb2b82ce597948c09820e92ae901cde9e3ef069afaaaf8d083ee776ca8552
88,0.009,0.000043290369,0xced732ca92cb4f040239c4e8c85f14acbb5db000,2017-10-19T10:06:32.000Z,0.004810041,0x4b1edc27d3870e2b47a797acb6195004a42444a0,sell,0x960b236a07cf122663c4303350609a66a7b288c0,0xa7523e2795dc6b56aeccb7c135baa7da64f97c9723a7e8ec90ad8ff6b0588b8b
89,4.974578805702323,0.023927928013159207,0xced732ca92cb4f040239c4e8c85f14acbb5db000,2017-10-19T10:00:09.000Z,0.004810041,0x4b1edc27d3870e2b47a797acb6195004a42444a0,sell,0x960b236a07cf122663c4303350609a66a7b288c0,0x041c73e9b408e1a46f502711b82939b8ebeb1c576c348073ccedf4b79acc9a01
90,2.195194895822949,0.010558887448908384,0x492842125e4c3a7d10cda0e0291ea22788e4ad60,2017-10-18T22:28:00.000Z,0.00481,0xbf52f67f8524587d6a7ab1f1f8d092c635b9587f,sell,0x960b236a07cf122663c4303350609a66a7b288c0,0x4c44b0481fc8b26f969d32b9d5b740ef21bdb9bcd4085b5ab66dc637507ec266
91,1,0.0074,0x3ac636ac5c3a2576156ac5f10066ca68abe0ad54,2017-10-18T16:13:43.000Z,0.0074,0x8b6d5e86386db4d4e2198344c17422c1838f8b20,buy,0x960b236a07cf122663c4303350609a66a7b288c0,0x4550726bdcd75224b50a082a2b449d812018c00132bd19a1a4da2110f7f60893
92,0.06944444540895063,0.0005,0x379374d13077e8867ef31803c37baf9785a17c00,2017-10-18T15:01:32.000Z,0.0071999999,0xced732ca92cb4f040239c4e8c85f14acbb5db000,buy,0x960b236a07cf122663c4303350609a66a7b288c0,0x7a694c33fe72964655edec0762e57df97be55d8eb905126848dcc10125a0338f
93,0.06944444540895063,0.0005,0xf9695cd65d6dfdf257fab76a3eb0cb8f001971cc,2017-10-18T14:59:26.000Z,0.0071999999,0xced732ca92cb4f040239c4e8c85f14acbb5db000,buy,0x960b236a07cf122663c4303350609a66a7b288c0,0x3d3d8ffd1daff95d61697b32a4b541c22ea824aac35cfa1d4e69ea8dfd18443b
94,46.90415451751733,0.3377099078357093,0x539f0b10bec4b05cc8e714f326bb98f97627c5f2,2017-10-18T11:50:42.000Z,0.0071999999,0xced732ca92cb4f040239c4e8c85f14acbb5db000,buy,0x960b236a07cf122663c4303350609a66a7b288c0,0x54ce1c15941a29be033f49e568a24998053fc4e9206bf6c1dbc7cfceb0b5812b
95,100,0.54,0x7acc335f56bdd0d60282d9274d10ea5952000ec2,2017-10-17T21:59:12.000Z,0.0054,0x9778550d76b07ac9f5e57392f68ecdf6efc1774e,sell,0x960b236a07cf122663c4303350609a66a7b288c0,0x87b1011a96dcc2c5ab8a560ae623c531dccf0b99c4f26b569d5dc4d55fb98626
96,9,0.0522,0xe90379a8a74f550d491e991e1dacc1a98dd467a6,2017-10-17T19:17:07.000Z,0.0058,0x9778550d76b07ac9f5e57392f68ecdf6efc1774e,buy,0x960b236a07cf122663c4303350609a66a7b288c0,0xa7e7eb30d5bf0c7f9bf24ee6165a51737cf00b9103d23c6eb4fef963b7c75cc7
97,0.08620689655172414,0.0005,0x16e5d97bbc92417e051e3b2cabfbf8ceea2acb9c,2017-10-17T17:08:45.000Z,0.0058000000000000005,0x9778550d76b07ac9f5e57392f68ecdf6efc1774e,buy,0x960b236a07cf122663c4303350609a66a7b288c0,0x1942c9767efa7c73371b61bef8873411c246820d3267476dd189ad3ba8083d49
98,23.115,0.1410015,0x483a3191a7982096982181788c5c2bb6b5c43e70,2017-10-17T10:51:37.000Z,0.0061,0x575e3fa1608ec75e20d91b383f15186d1228fe98,buy,0x960b236a07cf122663c4303350609a66a7b288c0,0xfd1ca093dc1859e72c9f9e790535d748a26dfdae183186a308091149b8e5cc51
99,66,0.3861,0x483a3191a7982096982181788c5c2bb6b5c43e70,2017-10-17T10:44:53.000Z,0.00585,0x575e3fa1608ec75e20d91b383f15186d1228fe98,buy,0x960b236a07cf122663c4303350609a66a7b288c0,0x1b962111e83761c89c13c3e4978d53d2d8909d9e2b81714b44c2c960f9a9903e
100,250,1.23055,0x3dee4a4e076e8d82859d241db0baf46f112cfa23,2017-10-17T09:52:18.000Z,0.0049222,0x9778550d76b07ac9f5e57392f68ecdf6efc1774e,sell,0x960b236a07cf122663c4303350609a66a7b288c0,0x7e2bfd112bde0a5655bf83df7bacf7c712bb133f0fdb45470ccd7e73c3882737
101,53.699,0.28084577,0x7acc335f56bdd0d60282d9274d10ea5952000ec2,2017-10-17T09:42:43.000Z,0.00523,0xced732ca92cb4f040239c4e8c85f14acbb5db000,sell,0x960b236a07cf122663c4303350609a66a7b288c0,0xa867872aaecce20491afa2ba7fd4d9bbffc937a0ce470a9682f9b804b7422349
102,90,0.495,0xd36f8cc61c1950dc9c0d9b1df3211ebd1faa9185,2017-10-17T09:36:15.000Z,0.0055,0xced732ca92cb4f040239c4e8c85f14acbb5db000,sell,0x960b236a07cf122663c4303350609a66a7b288c0,0x3c7b8b3dca85a743b9f3126fc4166dfec1cf533cb379a301012503d8fbc3fa7c
103,350,1.96,0x685c2b05fb20eeffd9c673cf074a9c43d922ee87,2017-10-17T09:24:05.000Z,0.0056,0xced732ca92cb4f040239c4e8c85f14acbb5db000,sell,0x960b236a07cf122663c4303350609a66a7b288c0,0x1558342b5fa2c55502d162c7e849d096e0f61d49c37e3820fdc7bae995a99866
104,0.07352941176470588,0.0005,0xcd912af5286dc0b0a23edb30209734ecb60838b3,2017-10-17T04:48:48.000Z,0.0068,0x8b6d5e86386db4d4e2198344c17422c1838f8b20,buy,0x960b236a07cf122663c4303350609a66a7b288c0,0xe6c898526bcbcf8e91f1547dd700161c16acbe4397950e0dce27b18fc5c7c276
105,133,0.797867,0x7acc335f56bdd0d60282d9274d10ea5952000ec2,2017-10-17T04:22:39.000Z,0.005999,0x575e3fa1608ec75e20d91b383f15186d1228fe98,buy,0x960b236a07cf122663c4303350609a66a7b288c0,0x8d44ae2a571dbf7a8d52f01ae58f83a7392a5a336e32e53ef1181c56b5cb9169
106,49.845479015053336,0.284119230385804,0xc109f54175ba9e43df802f458ecb68dceb673b01,2017-10-17T04:12:16.000Z,0.0057,0x2d9016f7c05c598180b411e69e1dc43a25074e32,sell,0x960b236a07cf122663c4303350609a66a7b288c0,0xdf695fd01f014ee970da28ad4f8e56bc4b6f95ebbfc848e5f0af8bdb3870e440
107,402.279,2.292909441921,0xf142f26d1cac4ba8a6e6d7974d243eda2fe5f4f9,2017-10-17T02:44:57.000Z,0.005699799,0xed7f4d43a68a1353004159aa48fcf79e23b5b75f,buy,0x960b236a07cf122663c4303350609a66a7b288c0,0xce90b4e9f107a4d0517e2e1c22827d72485fdf41f7cdebf2472bd35e18362a00
108,98.98057650877193,0.5641892861,0x73b7424a32b34806f9ba10129843ce9cc3069397,2017-10-17T02:41:44.000Z,0.0057,0x575e3fa1608ec75e20d91b383f15186d1228fe98,buy,0x960b236a07cf122663c4303350609a66a7b288c0,0xff1ed56b55428fe97103e218a467e62a04c5ce24a3557f2fa0c0e71eafd55a3d
109,399,2.2742202,0xff4482de17e729e19d75d70fc005f2e4ba75905f,2017-10-17T02:33:45.000Z,0.0056998,0x8b6d5e86386db4d4e2198344c17422c1838f8b20,buy,0x960b236a07cf122663c4303350609a66a7b288c0,0x95d6b96376d7bac2148c3d2d2f5e2935431b5bc83ae0d3b778f7c4f221fb913a
110,315,1.795436685,0x2d9016f7c05c598180b411e69e1dc43a25074e32,2017-10-17T01:19:53.000Z,0.005699799,0xad440e6b26dd3a044a97294bf87c017d7fb81c67,sell,0x960b236a07cf122663c4303350609a66a7b288c0,0x78c69a0852c3fd83006f751d5e405889020d0bc7361f67d908d842d403ac74ad
111,50,0.28498995,0x7acc335f56bdd0d60282d9274d10ea5952000ec2,2017-10-16T22:07:20.000Z,0.005699799,0xed7f4d43a68a1353004159aa48fcf79e23b5b75f,buy,0x960b236a07cf122663c4303350609a66a7b288c0,0x7310c26b1b08384baacce29ab06f61fe7adadd5d7abdbaf1d5965913eb553353
112,66,0.363,0x7acc335f56bdd0d60282d9274d10ea5952000ec2,2017-10-16T20:51:26.000Z,0.0055,0x575e3fa1608ec75e20d91b383f15186d1228fe98,buy,0x960b236a07cf122663c4303350609a66a7b288c0,0x440f12caf1f2b1d44f5bd562b8fe6fc9341aefbbba6d12b1344850ee53a00eb8
113,44,0.2332,0x7acc335f56bdd0d60282d9274d10ea5952000ec2,2017-10-16T20:26:04.000Z,0.0053,0x575e3fa1608ec75e20d91b383f15186d1228fe98,buy,0x960b236a07cf122663c4303350609a66a7b288c0,0x5a333dbb2160b26b38bb57c96010fccbef7b384f82127fe994393fbeb0cfde13
114,1,0.0056998,0xe90379a8a74f550d491e991e1dacc1a98dd467a6,2017-10-16T17:44:02.000Z,0.0056998,0x8b6d5e86386db4d4e2198344c17422c1838f8b20,buy,0x960b236a07cf122663c4303350609a66a7b288c0,0xa33191ea9cf60736b5bfe5a77376ffff1c95ca28678e4ae47f98dbf6948f350f
115,22,0.1034,0x575e3fa1608ec75e20d91b383f15186d1228fe98,2017-10-15T07:40:44.000Z,0.0047,0xc17a0baabe0a4397c2e91b67b4dd8c102b1043b2,sell,0x960b236a07cf122663c4303350609a66a7b288c0,0x4802df400135901e3b4ef0bae9fd0f17c7e6fdbb116f923fdf4e7fe16ae3280b
116,13.000530883759282,0.06709573989108165,0x8b6d5e86386db4d4e2198344c17422c1838f8b20,2017-10-15T07:20:09.000Z,0.005161,0xc17a0baabe0a4397c2e91b67b4dd8c102b1043b2,sell,0x960b236a07cf122663c4303350609a66a7b288c0,0x7ca788d600c3ed71942b53e7f7880552bd57922258e3ecd28f6bf3d00d1e1307
117,199.38440063199158,0.9997133847688058,0x4277428beb344aa1ec2117db5f5578a931cafb68,2017-10-15T01:56:28.000Z,0.005014,0x9778550d76b07ac9f5e57392f68ecdf6efc1774e,sell,0x960b236a07cf122663c4303350609a66a7b288c0,0xa2b4be07fa5f0d59d41663968bcdf522f796d2497d1f29bcebe8c3a4d084385a
118,49.94216768302385,0.28912514720839394,0x1a160f0e3a9caee557b7eca792a11ad6659d3847,2017-10-14T23:18:07.000Z,0.005789199,0xed7f4d43a68a1353004159aa48fcf79e23b5b75f,buy,0x960b236a07cf122663c4303350609a66a7b288c0,0x9a3213a0e3198edf57fd567c737b483e319489a1dc8c754afcaf0c370374d386
119,36.015519808405074,0.2841192326645459,0x30d5e67f7f2cd3dd957b035ffd5c10c6305ba19f,2017-10-14T19:43:28.000Z,0.0078888,0x953d1111662196af36e9d387c0f909e14111fa76,buy,0x960b236a07cf122663c4303350609a66a7b288c0,0x898adbf0ba372ee4f9f8097b160cb23b4dfe9773e9f5dc846234168fc474b71b
120,0.002897533257251926,0.000022858060359809,0x30d5e67f7f2cd3dd957b035ffd5c10c6305ba19f,2017-10-14T19:37:05.000Z,0.007888800000000001,0x953d1111662196af36e9d387c0f909e14111fa76,buy,0x960b236a07cf122663c4303350609a66a7b288c0,0x0a3ab4e42bf42a7795643ba77043a348f58fefc90e82eb6bc642461179ded7c1
121,50,0.258,0xd98a3954353055ab642c9159c7f3b25dac2dc29b,2017-10-14T17:59:49.000Z,0.00516,0xc17a0baabe0a4397c2e91b67b4dd8c102b1043b2,sell,0x960b236a07cf122663c4303350609a66a7b288c0,0x874b5031c00e2461d2d5996cd1772ce2167084dd649bd973ac4f888da043cc5b
122,186.99946911624073,0.9651042601089184,0x8b6d5e86386db4d4e2198344c17422c1838f8b20,2017-10-14T17:07:08.000Z,0.005161,0x17d5eccf0ae83671b5bb863ff0b55bdea91f54c2,sell,0x960b236a07cf122663c4303350609a66a7b288c0,0xf88a17268d0935f60749f9a34718244a75d588b4016c763189cac204dd20a0e6
123,199.00182704835387,1.0272474312236026,0x8b6d5e86386db4d4e2198344c17422c1838f8b20,2017-10-14T17:03:46.000Z,0.005162,0x17d5eccf0ae83671b5bb863ff0b55bdea91f54c2,sell,0x960b236a07cf122663c4303350609a66a7b288c0,0x6b55c0c2c5c76c695ec5207e445d659b08b5309559036cb2da4b82bedb462ec7
124,0.9981729516461264,0.005152568776397304,0x8b6d5e86386db4d4e2198344c17422c1838f8b20,2017-10-14T16:17:44.000Z,0.005162,0x57b070709b9baffa065ec5a284ebf26b98398dcc,sell,0x960b236a07cf122663c4303350609a66a7b288c0,0xf0b48412a0fdce54b0339b74be632f20e1317df549942e9e58902269b38ebf3d
125,4.767,0.02626617,0xf20ed20dd9fbf0126161584e28cb11e8f726fc4c,2017-10-14T10:18:14.000Z,0.00551,0xc17a0baabe0a4397c2e91b67b4dd8c102b1043b2,sell,0x960b236a07cf122663c4303350609a66a7b288c0,0xd71e3de1b86b7cd76c70af0ad9c825731eb7be9dcfaa36e110cc1786a9feb815
126,162.886,0.87187337676,0xf1764506f58516c1e17e3a72d1c7fa926b5fb9c0,2017-10-14T10:02:37.000Z,0.00535266,0xc17a0baabe0a4397c2e91b67b4dd8c102b1043b2,sell,0x960b236a07cf122663c4303350609a66a7b288c0,0xa7f14e868f90295bf3d1ef3351442ffae0b08aabbc3619ba3ff2886f37145025
127,248.61789213438342,1.3307672951299208,0xed7f4d43a68a1353004159aa48fcf79e23b5b75f,2017-10-14T09:56:48.000Z,0.005352661,0xc17a0baabe0a4397c2e91b67b4dd8c102b1043b2,sell,0x960b236a07cf122663c4303350609a66a7b288c0,0x3aa608fa5a8993b1891f639cb963d24d04b1288509021a86b752946194aef0d5
128,251.38210786561658,1.3455632048700792,0xed7f4d43a68a1353004159aa48fcf79e23b5b75f,2017-10-14T08:34:32.000Z,0.005352661,0xc17a0baabe0a4397c2e91b67b4dd8c102b1043b2,sell,0x960b236a07cf122663c4303350609a66a7b288c0,0x92426f0c656e172d07f9440a460e11403cf0dc8ac125e69885110b8fd3360d1b
129,18.96196177148815,0.11377177062892889,0x0bad0d4699d16b6a9c1346be706b3de39fd0ad82,2017-10-14T08:25:08.000Z,0.006,0xe2eabfc1e89a462bbd2ba188cd8a9591a9a0d04e,sell,0x960b236a07cf122663c4303350609a66a7b288c0,0x6f1d883d01909cc74bd6c02ed1c34fb96c1aebde70616f97360adb7fe8c5f437
130,2.9907287409032,0.0179443724454192,0x0bad0d4699d16b6a9c1346be706b3de39fd0ad82,2017-10-14T07:44:04.000Z,0.006,0x540b5366ed27c789353a2a3a0eb41d6769d0da18,sell,0x960b236a07cf122663c4303350609a66a7b288c0,0xafd63f98cc55469de165ef9466d95b51170fb2657250569ff7240b49b18d759e
131,115.81712470890447,0.6949027482534269,0x0bad0d4699d16b6a9c1346be706b3de39fd0ad82,2017-10-14T02:44:34.000Z,0.006,0xbeb1fd865feea5006c74bcb615ebb00f1a05d469,sell,0x960b236a07cf122663c4303350609a66a7b288c0,0xe63ab81ceb9595c6e3b0219a59717818750cafb9d74c7a6e90fe710e855e8cd9
132,32,0.1962784,0x730398eff0e7cc37cc0e172e4fea306ee13d5513,2017-10-14T02:28:37.000Z,0.0061337,0xbeb1fd865feea5006c74bcb615ebb00f1a05d469,sell,0x960b236a07cf122663c4303350609a66a7b288c0,0x847063663506da260f7afd949f06ba0313d29192c14dd6abb429a7d0f34c91ed
133,75,0.465,0x0bad0d4699d16b6a9c1346be706b3de39fd0ad82,2017-10-14T02:27:56.000Z,0.0062,0xbeb1fd865feea5006c74bcb615ebb00f1a05d469,sell,0x960b236a07cf122663c4303350609a66a7b288c0,0x1e3d46a2f9350f6b3e5b6996f13683156615bbdd6da93d8005d0492dd5f6e08a
134,131.335,0.7755962158,0xf2b1fdc974a80ae077f285421eb39e10403fb1f2,2017-10-13T10:13:11.000Z,0.00590548,0x1f4ebbbd00459a2b22d4cb09cfd8464482014ecb,buy,0x960b236a07cf122663c4303350609a66a7b288c0,0x2787893c32b9a840cf6146cf896f7da81ffc70f6f67d711651ce3c9190025dad
135,160,0.94464,0xf2b1fdc974a80ae077f285421eb39e10403fb1f2,2017-10-13T10:12:31.000Z,0.005904,0x8b6d5e86386db4d4e2198344c17422c1838f8b20,buy,0x960b236a07cf122663c4303350609a66a7b288c0,0xc77d8c33544c7070260b3654ab3359a0aa65c9d736efb92c124eb85d6081d3ce
136,5,0.02952,0xa1bdc06ce0336bfc35164ed25509fc63e61bf083,2017-10-13T10:08:41.000Z,0.005904,0x8b6d5e86386db4d4e2198344c17422c1838f8b20,buy,0x960b236a07cf122663c4303350609a66a7b288c0,0x132fced23126eec75913038e15ec65646aabbb1d452fdfde582a416a385fc7d2
137,19.2503239956136,0.09914111286013358,0xced732ca92cb4f040239c4e8c85f14acbb5db000,2017-10-12T05:53:44.000Z,0.005150101,0x5695b06071cdf4e1a08d00418b8d8e07fe327f94,sell,0x960b236a07cf122663c4303350609a66a7b288c0,0x2e1f773aa1d752d71c827c9251986d06198c75be6ac471be9ae08970d6510b90
138,0.355,0.00213,0x9d9c0d648f9b7feec06d6b6af025476619991e48,2017-10-11T12:07:59.000Z,0.006,0x0d9a9e54eccb3109b220b70a85594b9435192eaf,buy,0x960b236a07cf122663c4303350609a66a7b288c0,0x631170c92ffd868b2681198cc6f6fc3a243d1c4494240c3d223c4b34809eae84
139,39.98938513146336,0.2398963214036487,0x1f552b2799f5c7e7d57ffafd28cacfc8682d4752,2017-10-10T11:43:22.000Z,0.005999,0x8b6d5e86386db4d4e2198344c17422c1838f8b20,buy,0x960b236a07cf122663c4303350609a66a7b288c0,0x61f97ec2f6a91f6a7b5124427e631077dfa8ff1f48d1de7762307254cf2f2301
140,20,0.12,0x1f552b2799f5c7e7d57ffafd28cacfc8682d4752,2017-10-10T11:23:07.000Z,0.006,0x3ffaf6d7382bb0bec6aaf56225ae8d0acf85a6e8,buy,0x960b236a07cf122663c4303350609a66a7b288c0,0xfd64d615751adfa7a52ef6ae6c699cff3a1f677083cc92fe8bb9ed8446a45c6a
141,2.221195541950747,0.011131748020431449,0xed7f4d43a68a1353004159aa48fcf79e23b5b75f,2017-10-10T02:28:38.000Z,0.0050116019999999996,0xf142f26d1cac4ba8a6e6d7974d243eda2fe5f4f9,sell,0x960b236a07cf122663c4303350609a66a7b288c0,0x68c7209cfcaaf91362501fba84f1276091b39971c4a5f56b4e940b7b20ce9cf9
142,1,0.005999,0xff40e811950bdf1ca9d0c18d489e6e273587e139,2017-10-09T20:52:18.000Z,0.005999,0x8b6d5e86386db4d4e2198344c17422c1838f8b20,buy,0x960b236a07cf122663c4303350609a66a7b288c0,0xbf60e20928ebfb9586d88b30575bea5396ae19cc929979f49c95de3cca7af18a
143,35.53987876198443,0.19546933319091436,0xbd0b3dc6af6f5b1fb13667d7acd10b2f06e09eb4,2017-10-09T07:51:23.000Z,0.0055,0xced732ca92cb4f040239c4e8c85f14acbb5db000,sell,0x960b236a07cf122663c4303350609a66a7b288c0,0x48d197841a622bd75d9c7dced0e8d173685d3b306017d11208ccdd44ca83b641
144,81.11756286392746,0.446146595751601,0xf061668882151305647e4b2d92c1e008910857f2,2017-10-09T07:50:17.000Z,0.0055,0xced732ca92cb4f040239c4e8c85f14acbb5db000,sell,0x960b236a07cf122663c4303350609a66a7b288c0,0x50d83021282f3de66c4b0332abe8791b85423d4cf0984d311aad2f1f3335e25b
145,37.9368981582732,0.21054986065221257,0x953d1111662196af36e9d387c0f909e14111fa76,2017-10-09T07:50:04.000Z,0.005550002,0xced732ca92cb4f040239c4e8c85f14acbb5db000,sell,0x960b236a07cf122663c4303350609a66a7b288c0,0x4a86a78916e7e06a587e3959822522662b3b1b95d38e5f25baadbe561a667f36
146,12.26,0.068656,0x89809d4c349bf4e6485bd809e19da531c9c5ac0e,2017-10-09T07:49:50.000Z,0.0056,0xced732ca92cb4f040239c4e8c85f14acbb5db000,sell,0x960b236a07cf122663c4303350609a66a7b288c0,0xa8a13e86c5ae5d325987ceb3b14e40d5bd0de2a9f73689a868716c43b07bfa4e
147,278.4646061853206,1.5315553340192631,0xf061668882151305647e4b2d92c1e008910857f2,2017-10-09T07:25:59.000Z,0.0055,0x669f0ab96fd3beb68bc836bb874894bbb516331a,sell,0x960b236a07cf122663c4303350609a66a7b288c0,0xd4b83563e0c3ed91f9a4d4be6ee4fc851a80b0b68688cb091e7c1d3981c0ddf2
148,361.953186,1.990742523,0xf061668882151305647e4b2d92c1e008910857f2,2017-10-09T07:16:38.000Z,0.0055,0xced732ca92cb4f040239c4e8c85f14acbb5db000,sell,0x960b236a07cf122663c4303350609a66a7b288c0,0x0fe983aa8b1cd617ab6314ae6f4338923e560a8dcfad24e99c71879273a49bbc
149,278.46464495075196,1.5315555472291358,0xf061668882151305647e4b2d92c1e008910857f2,2017-10-09T07:15:30.000Z,0.0055,0x669f0ab96fd3beb68bc836bb874894bbb516331a,sell,0x960b236a07cf122663c4303350609a66a7b288c0,0xca02429c28df9424bba2462b9966f0211f3e96bb8d56ff079ada3c47d2a8b084
150,187.74,1.051344,0x89809d4c349bf4e6485bd809e19da531c9c5ac0e,2017-10-09T07:01:41.000Z,0.0056,0xced732ca92cb4f040239c4e8c85f14acbb5db000,sell,0x960b236a07cf122663c4303350609a66a7b288c0,0x5cb3957f66e6f3331fa91eff63f48fdd8b847eadbe7b255adca9630769c46a8c
151,64.10128601335859,0.3589672016748081,0x5b0840305b81aad13506bc9a6a0df14cc234dc9f,2017-10-08T16:33:28.000Z,0.0056,0xbfb50b318ebd18975bd60b8d21488a8595debe74,sell,0x960b236a07cf122663c4303350609a66a7b288c0,0xc0c04f6f474419b9c7966238541c628c9754e8a4a0e7a72a4d9a190ecfad5fed
152,2.595,0.01557,0x625b6e5036ff0108a40f241878612acc4f94ebfc,2017-10-08T15:03:23.000Z,0.006,0x0d9a9e54eccb3109b220b70a85594b9435192eaf,buy,0x960b236a07cf122663c4303350609a66a7b288c0,0x7a1dbeb894c82c722578d87fb7ba3e31747ff2c924376b8d85e38309ab94b5c6
153,0.25,0.00249999975,0x1d999e51f885076f147b96db61488fe1845bf41c,2017-10-08T15:03:23.000Z,0.009999999,0xf36990a2cb4d609e0a7d4f3bf884c0342d81fd3d,buy,0x960b236a07cf122663c4303350609a66a7b288c0,0x762cf026ac8fa81a0eed81af4600d9fbb47f6a980c8b7b2e52d8addce3399961
154,12,0.066600024,0x953d1111662196af36e9d387c0f909e14111fa76,2017-10-08T12:06:12.000Z,0.005550002,0x625b6e5036ff0108a40f241878612acc4f94ebfc,sell,0x960b236a07cf122663c4303350609a66a7b288c0,0x7e6b9da28a91c900c6475f8646d1597cbf993f2099d88de2a663276fce5b7958
155,6.539,0.036618406539,0x9129b8c6cca1f010ba7d34c6a6d59a10d82f4d86,2017-10-08T12:04:04.000Z,0.005600001,0x625b6e5036ff0108a40f241878612acc4f94ebfc,sell,0x960b236a07cf122663c4303350609a66a7b288c0,0x1787ff9db562de765bc4a4b963a925f6676a40a21898e336bf23313540b31720
156,2.873562723,0.01666666666696272,0x5d5065b42bdee0274e394ba9042c21e1818c69cf,2017-10-08T11:22:38.000Z,0.005800001,0x57b070709b9baffa065ec5a284ebf26b98398dcc,sell,0x960b236a07cf122663c4303350609a66a7b288c0,0x9b1130a47dbfaa0fe17a74b26f8a56040aad2ee3e018beb07d33066740a4278b
157,0.001859018689952683,0.000010947552855038,0x730398eff0e7cc37cc0e172e4fea306ee13d5513,2017-10-08T02:57:29.000Z,0.005888887999999959,0x595196480daacb9e81bd738b45348b780fd0fa58,sell,0x960b236a07cf122663c4303350609a66a7b288c0,0x59c9a95dfc9ea3b4c5119c315c301bb0e74ed67be1f39a1d2ad5a3527cdc5ee7
158,18.647816478915363,0.10629255392981757,0x5b0840305b81aad13506bc9a6a0df14cc234dc9f,2017-10-08T02:45:35.000Z,0.0057,0x595196480daacb9e81bd738b45348b780fd0fa58,sell,0x960b236a07cf122663c4303350609a66a7b288c0,0x65bfdfe416b7261ddf3227843998fc4d62f07079140c6ba387f7a7e54c0bf398
159,10,0.06,0x625b6e5036ff0108a40f241878612acc4f94ebfc,2017-10-08T02:43:48.000Z,0.006,0x595196480daacb9e81bd738b45348b780fd0fa58,sell,0x960b236a07cf122663c4303350609a66a7b288c0,0xb21dd09d589c98f561e61122f37bef57c6f989d975c849bdc87a811e7bab877a
160,9.01,0.0572135,0x625b6e5036ff0108a40f241878612acc4f94ebfc,2017-10-08T02:38:49.000Z,0.00635,0x595196480daacb9e81bd738b45348b780fd0fa58,sell,0x960b236a07cf122663c4303350609a66a7b288c0,0xf6600d4f0a54825597f9112face186d0249d31a45884d1506834bc74742b006a
161,0.99,0.006534,0x625b6e5036ff0108a40f241878612acc4f94ebfc,2017-10-07T23:47:29.000Z,0.0066,0xab6c79a9d40bda2e8925207e1d38f432847354e5,buy,0x960b236a07cf122663c4303350609a66a7b288c0,0x701ffdaa3800950eb4726dc49a49ac72eb43588de6c6e8fcdb9a0aa6a952db89
162,278.85350099295533,1.6731210059577322,0xf061668882151305647e4b2d92c1e008910857f2,2017-10-07T16:34:28.000Z,0.006,0x669f0ab96fd3beb68bc836bb874894bbb516331a,sell,0x960b236a07cf122663c4303350609a66a7b288c0,0xafd90e16abd62ee96fd1635e48b802e155eb1338ae06e952b76df15eef9739de
163,34.89183531053733,0.209351011863224,0xf061668882151305647e4b2d92c1e008910857f2,2017-10-07T15:47:37.000Z,0.006,0x0cfe62f8c87667f20c13f348b7e77e207aa461c5,sell,0x960b236a07cf122663c4303350609a66a7b288c0,0x0b4f897061543d6e124b4009c0d6d9b8b431faa43d7f3a23c5c4f8662cecdd1a
164,5,0.0335,0x730398eff0e7cc37cc0e172e4fea306ee13d5513,2017-10-07T06:08:23.000Z,0.0067,0xbeb1fd865feea5006c74bcb615ebb00f1a05d469,buy,0x960b236a07cf122663c4303350609a66a7b288c0,0x5d0b9ea9c21e9f05a2795413b1836aa068ccdc27b1cee34c591555bd793f16a5
165,13,0.0871,0xff40e811950bdf1ca9d0c18d489e6e273587e139,2017-10-07T05:40:57.000Z,0.0067,0xbeb1fd865feea5006c74bcb615ebb00f1a05d469,buy,0x960b236a07cf122663c4303350609a66a7b288c0,0xa37a89de7c32989f5f0f2f82840e95d3944196c24f508c872c0b8ad8be04da7c
166,7.439920398877004,0.04984746667247593,0x7387546e70a7268c4b23170cba4f74b95af3e9ec,2017-10-06T06:00:21.000Z,0.0067,0xbeb1fd865feea5006c74bcb615ebb00f1a05d469,buy,0x960b236a07cf122663c4303350609a66a7b288c0,0xb2f8f336daf1a6493089b5049e2028ae3acd59b195de41336ceeddaebc32bc87
167,6.329,0.0499991,0xbf52f67f8524587d6a7ab1f1f8d092c635b9587f,2017-10-05T10:02:36.000Z,0.0079,0x8b6d5e86386db4d4e2198344c17422c1838f8b20,buy,0x960b236a07cf122663c4303350609a66a7b288c0,0x9774e314914b7b2a2189ba38226c831a96c32ef17aebd30f46757f7b91cb4087
168,314.012,1.9782756,0x4c5155368c814bb73e4273e0f85982f989996f77,2017-10-05T01:11:27.000Z,0.0063,0xc4721cad29d2b253ea2d35714d6130992c3f0b96,buy,0x960b236a07cf122663c4303350609a66a7b288c0,0x8d98ed7feca5ec902b6abb4926fb693f12fcbfab0ce7fc9ba599b20d29132765
169,32.514992379277,0.20484441947445273,0x4c5155368c814bb73e4273e0f85982f989996f77,2017-10-05T00:56:31.000Z,0.006299999,0xed7f4d43a68a1353004159aa48fcf79e23b5b75f,buy,0x960b236a07cf122663c4303350609a66a7b288c0,0xa78c006ab71fd9500faca3eff65adfae5870be8e33f4737e5c10f08d40c61379
170,1,0.006798,0x0249924245a19aa2d7f5ddb0739a7132b7d094ab,2017-10-04T23:53:32.000Z,0.006798,0xc4721cad29d2b253ea2d35714d6130992c3f0b96,buy,0x960b236a07cf122663c4303350609a66a7b288c0,0x379ea660001c5aa4fece0b911ab5f04afb1a88b5d50a3f897c7809aa59368215
171,15.873,0.0999999,0xbf52f67f8524587d6a7ab1f1f8d092c635b9587f,2017-10-04T20:29:46.000Z,0.0063,0xc4721cad29d2b253ea2d35714d6130992c3f0b96,buy,0x960b236a07cf122663c4303350609a66a7b288c0,0x79310e1afd244d3c582c5ed584d9bca57f35a8494632f8c3a17e23c4d99320a9
172,150,0.87,0xefbe79f72e61f59f1814feaadaa96a4cfe528b7f,2017-10-04T17:17:06.000Z,0.0058,0x9e1477cd68e8e375705ccb3dcf5764fe901de3ef,sell,0x960b236a07cf122663c4303350609a66a7b288c0,0x904c44fcfcabb09a1b0fe9c73d81e9e28cc37316841edbc219943c3add8f41b5
173,200,1.162,0x8b6d5e86386db4d4e2198344c17422c1838f8b20,2017-10-04T17:16:30.000Z,0.00581,0x9e1477cd68e8e375705ccb3dcf5764fe901de3ef,sell,0x960b236a07cf122663c4303350609a66a7b288c0,0xa82cc81de856a2c25ea743f1240b3cdb4501a4eed98579410d8394489fb7e7ba
174,0.15,0.00101969985,0xdf537fe9b791ac57c4d5e94f6b2fa8d989d7f793,2017-10-03T23:33:01.000Z,0.006797999,0xed7f4d43a68a1353004159aa48fcf79e23b5b75f,buy,0x960b236a07cf122663c4303350609a66a7b288c0,0x431fdae99ee933b6c5e57ffc69a6b46fd2529b6f012f1fd5d690fb21f7f4d9f9
175,0.6,0.0040787994,0xdf537fe9b791ac57c4d5e94f6b2fa8d989d7f793,2017-10-03T23:24:52.000Z,0.006797999,0xed7f4d43a68a1353004159aa48fcf79e23b5b75f,buy,0x960b236a07cf122663c4303350609a66a7b288c0,0xbc30aaa55dd0dd5d65c3df3f9b42704c4f2552b5e4ea65d937eccfec5fd410b4
176,0.0631018417268,0.000350217114638991,0x9129b8c6cca1f010ba7d34c6a6d59a10d82f4d86,2017-10-02T00:56:03.000Z,0.005550029999999987,0x452b06f1c61cff4c9bebaa405319a7c3b12553a2,sell,0x960b236a07cf122663c4303350609a66a7b288c0,0x770381f01141caff015b4ae48ba4c8690f5f74aca5e1878a31ab07cb61622351
177,0.0651639851685,0.00036166207260473,0x9129b8c6cca1f010ba7d34c6a6d59a10d82f4d86,2017-10-01T22:21:04.000Z,0.005550029999999999,0xc886b21b865e7c90432d9b8bdb14ad254f2232f5,sell,0x960b236a07cf122663c4303350609a66a7b288c0,0x07483b8dd3252bb4cc7336386f7b7813be740d4ea41cc19d8a2a3be39f4c149a
178,5,0.033949995,0xff40e811950bdf1ca9d0c18d489e6e273587e139,2017-10-01T20:58:16.000Z,0.006789999,0xed7f4d43a68a1353004159aa48fcf79e23b5b75f,buy,0x960b236a07cf122663c4303350609a66a7b288c0,0x8623918c4179ead981f082086df4c97e9226159af0e5f14318e9ed34aa782918
179,1.1,0.0074689989,0x58319288a01eff24620ee5237315f9e1e9dc0e36,2017-10-01T13:23:27.000Z,0.006789999,0xed7f4d43a68a1353004159aa48fcf79e23b5b75f,buy,0x960b236a07cf122663c4303350609a66a7b288c0,0x3292b592d5f8ed22fddb07722206aeacce529f33f22e2e32e34812f0d1c29787
180,0.0651639851685,0.00036166207260473,0x9129b8c6cca1f010ba7d34c6a6d59a10d82f4d86,2017-10-01T12:46:26.000Z,0.005550029999999999,0xe5a759eb3e214ff0a2bbbea31acc41c9bf27b239,sell,0x960b236a07cf122663c4303350609a66a7b288c0,0x64a3676051bd4f2405d673f69ec87baa3a0446f69868997cd73df60b98b73e91
181,0.0631018417268,0.000350217114638991,0x9129b8c6cca1f010ba7d34c6a6d59a10d82f4d86,2017-10-01T11:09:41.000Z,0.005550029999999987,0x2ba19ec4bcd5ae8de66b110bde5ebf41092bd02f,sell,0x960b236a07cf122663c4303350609a66a7b288c0,0xe9f909c73d237d2dd8001ce5fded50ac3ef293997a8b21095246d470afcc73f2
182,0.0631018417268,0.000350215347787423,0x953d1111662196af36e9d387c0f909e14111fa76,2017-10-01T11:09:41.000Z,0.005550001999999993,0xc22f5ab4f1591613a92b4d172cc7f4e4a5af58cd,sell,0x960b236a07cf122663c4303350609a66a7b288c0,0xf93d9098132226dd03f03cbf48282908eba91bc79bece7e5ebd29ed4da4a2b8f
183,0.0651639851685,0.00036166207260473,0x9129b8c6cca1f010ba7d34c6a6d59a10d82f4d86,2017-10-01T06:30:43.000Z,0.005550029999999999,0x160506e5a5ce5dadd43623689f53d5aa1f288f0f,sell,0x960b236a07cf122663c4303350609a66a7b288c0,0xf75f37990b5c2c87477d5a521dd49bea00fff47f263eea70b1e6164aef0ed37c
184,0.0651639851685,0.00036166207260473,0x9129b8c6cca1f010ba7d34c6a6d59a10d82f4d86,2017-10-01T03:14:28.000Z,0.005550029999999999,0x23ee598e50ff1b1bde1022bf3c8a41d4c23321a0,sell,0x960b236a07cf122663c4303350609a66a7b288c0,0x8ede775d1b5473ed36c1143411af7bbedaeda28eddcbafcf0f76dfcae406c1a8
185,0.0651639851685,0.00036166207260473,0x9129b8c6cca1f010ba7d34c6a6d59a10d82f4d86,2017-10-01T03:09:41.000Z,0.005550029999999999,0xe37bd4d49c619e748d4efe74525489d26b6aff43,sell,0x960b236a07cf122663c4303350609a66a7b288c0,0xd92740361d621875a11e9759fb42e6895fb58128e88268d55c5eaa61dd27555f
186,20,0.13697998,0x730398eff0e7cc37cc0e172e4fea306ee13d5513,2017-09-30T09:35:17.000Z,0.006848999,0xed7f4d43a68a1353004159aa48fcf79e23b5b75f,buy,0x960b236a07cf122663c4303350609a66a7b288c0,0x58a71bf36699b880ff3833510129bd1744ac75837b94eea0215459d24721b10a
187,2.228,0.012254,0xf142f26d1cac4ba8a6e6d7974d243eda2fe5f4f9,2017-09-30T02:43:12.000Z,0.0055,0x58e1166605207811672df06605eef3b1ec202fc6,buy,0x960b236a07cf122663c4303350609a66a7b288c0,0x7fc361d46d7b80cf355e7c7d0cdae895de14f3b3db00738c5d1750ed370012ec
188,3.490237264480111,0.01919630495464061,0x7aa6e2506316f6d613277d4f2f4e4e1dc55e528e,2017-09-30T00:37:02.000Z,0.0055,0x58e1166605207811672df06605eef3b1ec202fc6,buy,0x960b236a07cf122663c4303350609a66a7b288c0,0xa6d9e1ac6cdaae2a423a6f9f6b1c78b76f9f091693d1991b9cd17996d1fd40bb
189,3.4797665526866712,0.021226579451155247,0xf36990a2cb4d609e0a7d4f3bf884c0342d81fd3d,2017-09-30T00:37:02.000Z,0.006100001,0x7aa6e2506316f6d613277d4f2f4e4e1dc55e528e,sell,0x960b236a07cf122663c4303350609a66a7b288c0,0xa6d9e1ac6cdaae2a423a6f9f6b1c78b76f9f091693d1991b9cd17996d1fd40bb
190,81.92870243636364,0.4506078634,0x73b7424a32b34806f9ba10129843ce9cc3069397,2017-09-29T20:33:59.000Z,0.0055,0x58e1166605207811672df06605eef3b1ec202fc6,buy,0x960b236a07cf122663c4303350609a66a7b288c0,0xe3a1d0d708e8411bac5251ec19ed12990d991caf8f61487d56304e7a5e9a3efb
191,1.5097627355198884,0.009209554196434055,0xf36990a2cb4d609e0a7d4f3bf884c0342d81fd3d,2017-09-28T20:35:08.000Z,0.006100001,0x80c581c56e12dbf334a791e636f324071a605d19,sell,0x960b236a07cf122663c4303350609a66a7b288c0,0xfa68d308ca23fdd7f35a861f21f5ea316942064d699f56deae974d00ae2b094d
192,58.25724047420386,0.3990619807338155,0x44d89eea5482643fe6f1308b7e4b8033645d8272,2017-09-28T14:10:46.000Z,0.006849998,0xed7f4d43a68a1353004159aa48fcf79e23b5b75f,buy,0x960b236a07cf122663c4303350609a66a7b288c0,0xca96cac634685220b7f71a729382d88fdc0ba3138e4da5657fc91bf0ec54330b
193,1,0.006849998,0xa0be78d2bac6a692adba423c7af50ec86a18bddf,2017-09-28T04:45:32.000Z,0.006849998,0xed7f4d43a68a1353004159aa48fcf79e23b5b75f,buy,0x960b236a07cf122663c4303350609a66a7b288c0,0x7724d6b3479f028b439a831bf29b07fbd597704c795c0d86512dd727f504b72c
194,20.1,0.140499,0x730398eff0e7cc37cc0e172e4fea306ee13d5513,2017-09-27T16:14:46.000Z,0.00699,0xc4721cad29d2b253ea2d35714d6130992c3f0b96,buy,0x960b236a07cf122663c4303350609a66a7b288c0,0xf302a7a60f0e776b8c4e3b110e34a6c485d2859301f28757beae617f1fbf0f94
195,9.439855940191627,0.051919311509469296,0xbce3d5826428aea6be6b9e6d4a9b30a998313781,2017-09-26T22:56:33.000Z,0.005500011,0x19fff3b449a3a58a48c7f1d838761f5721401d26,sell,0x960b236a07cf122663c4303350609a66a7b288c0,0x751228658e1c3a95ff86002e04b3ef9d0bd8f068bd97549f779b19dcbadf6a1e
196,99.69095803010667,0.6191806400159505,0xed7f4d43a68a1353004159aa48fcf79e23b5b75f,2017-09-25T15:32:25.000Z,0.006211001,0xb6eee08dd1fd9a5b6f45328b9196db505e754a68,sell,0x960b236a07cf122663c4303350609a66a7b288c0,0x0b35de34168771bbc01e7e71900bb4bdb3ada9074b0ee3f8ffad6e6aa81cbe56
197,0.008765399625296186,0.000054441905838114,0xed7f4d43a68a1353004159aa48fcf79e23b5b75f,2017-09-25T14:25:21.000Z,0.006211000999999973,0x534cacb922c009e510fb25e0d89d307d15a8392f,sell,0x960b236a07cf122663c4303350609a66a7b288c0,0x1aa13111a0691dea0754bb8235c02755c1569e70c90d9469885ea216c6fc7826
198,0.01,0.01,0x7f6bd93905a25cf0543909538ab04d95bef49111,2017-09-25T13:29:22.000Z,1,0x5c248599c12a7ddf117ec3d2afd7798fcbfe3f90,buy,0x960b236a07cf122663c4303350609a66a7b288c0,0xd608de0ba9f6e346b419280336e0ba8e859cc1ec18e8efb0dbeb1c625a1d5324
199,18.72894028511614,0.11632546683979662,0xed7f4d43a68a1353004159aa48fcf79e23b5b75f,2017-09-25T11:12:12.000Z,0.006211001,0x1394c471f18197a919426483a75d1b1a6694fdf1,sell,0x960b236a07cf122663c4303350609a66a7b288c0,0xff23efcfb5a65365dc0ff3cff80c4ec9e7bc07c9690450524f53996145216c7c
200,0.0631018337392,0.000391925552456004,0xed7f4d43a68a1353004159aa48fcf79e23b5b75f,2017-09-25T11:07:49.000Z,0.006211000999999985,0x18a902dc44442205b4ba2b1dc038e67506d22c55,sell,0x960b236a07cf122663c4303350609a66a7b288c0,0x640ade93c3e914dbaf5790d65f80800d5ac2e25ba93cf70feb43f4191b46c919
201,0.06535947712418301,0.0005,0xc886b21b865e7c90432d9b8bdb14ad254f2232f5,2017-09-25T02:45:39.000Z,0.00765,0xbeb1fd865feea5006c74bcb615ebb00f1a05d469,buy,0x960b236a07cf122663c4303350609a66a7b288c0,0x14d534cce9794a2211d3cb6ff21e62c094774f6aaabad416708f9da39d0eaffb
202,0.06535947712418301,0.0005,0xe37bd4d49c619e748d4efe74525489d26b6aff43,2017-09-25T02:42:03.000Z,0.00765,0xbeb1fd865feea5006c74bcb615ebb00f1a05d469,buy,0x960b236a07cf122663c4303350609a66a7b288c0,0x0c7fb89c45bd233db3aee98fc12f575dd4567c48af3d4b379a8bb85813051c9c
203,0.06535947712418301,0.0005,0x23ee598e50ff1b1bde1022bf3c8a41d4c23321a0,2017-09-25T00:10:06.000Z,0.00765,0xbeb1fd865feea5006c74bcb615ebb00f1a05d469,buy,0x960b236a07cf122663c4303350609a66a7b288c0,0xf6de0a53a106d44af862b421f351d901f9464e5841c8361b757804a93ccdb0aa
204,0.06535947712418301,0.0005,0xe5a759eb3e214ff0a2bbbea31acc41c9bf27b239,2017-09-24T23:42:27.000Z,0.00765,0xbeb1fd865feea5006c74bcb615ebb00f1a05d469,buy,0x960b236a07cf122663c4303350609a66a7b288c0,0x5d9f12ffb84109078a0039b9e3412eb9f2eb3fa16c759d9e2ec141e54e0f5c43
205,0.06535947712418301,0.0005,0x160506e5a5ce5dadd43623689f53d5aa1f288f0f,2017-09-24T23:34:56.000Z,0.00765,0xbeb1fd865feea5006c74bcb615ebb00f1a05d469,buy,0x960b236a07cf122663c4303350609a66a7b288c0,0x9a3e7266244ee8f07c5b2a4451ba66d2411583623fd1d1ec25f9756405e75f21
206,0.0631018337392,0.000391925552456004,0xed7f4d43a68a1353004159aa48fcf79e23b5b75f,2017-09-24T23:03:27.000Z,0.006211000999999985,0xd868b838b5de79f1e540b5d83c9e9a3d0b3810cd,sell,0x960b236a07cf122663c4303350609a66a7b288c0,0x19ac0233370488d02291d0fc6c6bedf180ca24ab03bb889e08e2c864a0d7f555
207,0.067365471154,0.000418407008702965,0xed7f4d43a68a1353004159aa48fcf79e23b5b75f,2017-09-24T22:53:03.000Z,0.006211000999999998,0x1f8ac99600c61189d92c85cc760735b9e0067a60,sell,0x960b236a07cf122663c4303350609a66a7b288c0,0xdb7c778bb72d392b4ee4297ddd219248be256c5c8efc4627d078d086713fd1b7
208,24.921729797627354,0.16448341666434055,0x014b317376c3d7789ee4df3f70bacf3cff7e1462,2017-09-24T05:03:51.000Z,0.0066,0xe2eabfc1e89a462bbd2ba188cd8a9591a9a0d04e,sell,0x960b236a07cf122663c4303350609a66a7b288c0,0xab402e9c0fe099be56dde3e7583d2402e29d39c8773b6be646bb5f85d61fb1ee
209,24.921729797627354,0.16448341666434055,0x014b317376c3d7789ee4df3f70bacf3cff7e1462,2017-09-24T05:03:36.000Z,0.0066,0xe2eabfc1e89a462bbd2ba188cd8a9591a9a0d04e,sell,0x960b236a07cf122663c4303350609a66a7b288c0,0xab402e9c0fe099be56dde3e7583d2402e29d39c8773b6be646bb5f85d61fb1ee
210,38.58198655824346,0.30479765522813673,0xc1371204228bd52465d16b10d16f1e65b814daac,2017-09-24T02:00:55.000Z,0.007899999,0xed7f4d43a68a1353004159aa48fcf79e23b5b75f,buy,0x960b236a07cf122663c4303350609a66a7b288c0,0x4e4223c2e655cc5bff59bd7de0377e0cbdde1debbcdfe8696b55796460dbfef9
211,0.06329114725204396,0.0005,0xc22f5ab4f1591613a92b4d172cc7f4e4a5af58cd,2017-09-24T00:00:50.000Z,0.007899999,0xed7f4d43a68a1353004159aa48fcf79e23b5b75f,buy,0x960b236a07cf122663c4303350609a66a7b288c0,0xc9c9bd5707bdaea9a27d575c9a6c0af1039ad49d289ac54c1cc1616e3cd36846
212,0.06329114725204396,0.0005,0x452b06f1c61cff4c9bebaa405319a7c3b12553a2,2017-09-23T19:28:54.000Z,0.007899999,0xed7f4d43a68a1353004159aa48fcf79e23b5b75f,buy,0x960b236a07cf122663c4303350609a66a7b288c0,0x12fc826b5592569d828cffac513828cec1f060122e08f1c33e2ea6dd66e405a5
213,0.06329114725204396,0.0005,0x2ba19ec4bcd5ae8de66b110bde5ebf41092bd02f,2017-09-23T19:17:10.000Z,0.007899999,0xed7f4d43a68a1353004159aa48fcf79e23b5b75f,buy,0x960b236a07cf122663c4303350609a66a7b288c0,0x82cee4d5c9d354c3e49d52077df7e51dd2ec479a75f59f57d2542116ef15df0b
214,0.06329113924050633,0.0005,0x18a902dc44442205b4ba2b1dc038e67506d22c55,2017-09-23T15:16:52.000Z,0.0079,0x8b6d5e86386db4d4e2198344c17422c1838f8b20,buy,0x960b236a07cf122663c4303350609a66a7b288c0,0xf16132583e89292dd8f7edc7be161bcc3fa41d69b994effe68805208b23dac64
215,0.06329113924050633,0.0005,0xd868b838b5de79f1e540b5d83c9e9a3d0b3810cd,2017-09-23T14:44:37.000Z,0.0079,0x8b6d5e86386db4d4e2198344c17422c1838f8b20,buy,0x960b236a07cf122663c4303350609a66a7b288c0,0x0ab65dcf05c9bb89223dc66006ffae4c069cd8fad2ba2b6caaa7008b85b9265c
216,0.067365471154,0.00041227668346248,0xefa694768c1e15bd317070c16d864bbaac22a246,2017-09-23T13:11:34.000Z,0.00612,0x0f657c396dfcd6c59bb82b89fc3adbe5f90ce153,sell,0x960b236a07cf122663c4303350609a66a7b288c0,0xbb8f590030106c29ac3331005009051f58e0f448ecb4ce9c4040fa0c1560791a
217,0.2,0.00158,0x636d925f140f761f7a0e600db2177dd068ddada1,2017-09-23T11:21:56.000Z,0.0079,0x8b6d5e86386db4d4e2198344c17422c1838f8b20,buy,0x960b236a07cf122663c4303350609a66a7b288c0,0xb5873d778fe491fccb718f712464b6df7eca21befe1a0365d7bde97c63bc2a38
218,11.235170969993021,0.06875924633635729,0xefa694768c1e15bd317070c16d864bbaac22a246,2017-09-23T10:22:13.000Z,0.00612,0x5bc947356b9a75fdcb92f3eb550682941aca376b,sell,0x960b236a07cf122663c4303350609a66a7b288c0,0xf293ab75a7cf90261cae94301a72f13c7c9156902e925439b1d5654f82213902
219,10,0.062,0x014b317376c3d7789ee4df3f70bacf3cff7e1462,2017-09-23T10:15:06.000Z,0.0062,0x5bc947356b9a75fdcb92f3eb550682941aca376b,sell,0x960b236a07cf122663c4303350609a66a7b288c0,0x36b0d485bd3c0e2ef684471f0e6adfbb198dd55780be1d4ab26158dcadf528ad
220,1,0.008388999,0x636d925f140f761f7a0e600db2177dd068ddada1,2017-09-23T02:59:19.000Z,0.008388999,0xed7f4d43a68a1353004159aa48fcf79e23b5b75f,buy,0x960b236a07cf122663c4303350609a66a7b288c0,0x68b2b857e8ce5f22feefacb071962682b36776a3d3d0d9fab3a1c07696830351
221,10,0.08388999,0x014b317376c3d7789ee4df3f70bacf3cff7e1462,2017-09-23T00:38:20.000Z,0.008388999,0xed7f4d43a68a1353004159aa48fcf79e23b5b75f,buy,0x960b236a07cf122663c4303350609a66a7b288c0,0xeeaa01dc4c3bb5b380fc484a538ffbfe10a579dcfea962ce6b1d7691017c6fed
222,20,0.128,0x730398eff0e7cc37cc0e172e4fea306ee13d5513,2017-09-22T18:03:54.000Z,0.0064,0xed7f4d43a68a1353004159aa48fcf79e23b5b75f,sell,0x960b236a07cf122663c4303350609a66a7b288c0,0x08f0885841e3e2fe5f21722b12ae30096fa605aac25743644e0856c8ec0985a0
223,29.38,0.1871506,0x65fce41c5b00ed115807a481d51b90ff2efe74d1,2017-09-22T18:03:54.000Z,0.00637,0xed7f4d43a68a1353004159aa48fcf79e23b5b75f,sell,0x960b236a07cf122663c4303350609a66a7b288c0,0xff54d6f5e040aa4ebcdada9fb9d3dc1f04254267a595a1d1f4129899085bee22
224,0.05959475566150179,0.0005,0x999dbc9673afdd6b6c140c261297f89de35ff1b3,2017-09-22T05:08:25.000Z,0.00839,0x71fe8590d29d971bbbbb17342ea62a3c52c6ed0b,buy,0x960b236a07cf122663c4303350609a66a7b288c0,0x84ec40bae66123b61e7107d5ffa6273f5358cbff686b804caae64337c4f99365
225,0.05959475566150179,0.0005,0x8612d2a48328bbf318b856ed0daaa4a7034383d0,2017-09-22T04:58:52.000Z,0.00839,0x71fe8590d29d971bbbbb17342ea62a3c52c6ed0b,buy,0x960b236a07cf122663c4303350609a66a7b288c0,0x289bbe055d15f25cdba11b77ac8d9241337b98dcd87c21296185afad43e27256
226,0.05959475566150179,0.0005,0x10c12555236fa11fc988be565ab70c82a4660ecf,2017-09-22T04:53:54.000Z,0.00839,0x71fe8590d29d971bbbbb17342ea62a3c52c6ed0b,buy,0x960b236a07cf122663c4303350609a66a7b288c0,0x11b1669c81cafe913e70595ff8846e9f2da0cf2ed6e6b78c1476ee9721bf6dc8
227,0.05959475566150179,0.0005,0x8f28b1970e72adb11173044ebc762800e3128238,2017-09-22T04:37:06.000Z,0.00839,0x71fe8590d29d971bbbbb17342ea62a3c52c6ed0b,buy,0x960b236a07cf122663c4303350609a66a7b288c0,0x4b72f9d327088e064aba873df305bff5fc6e33782e3ad42970fa1af158ec17d2
228,0.05959475566150179,0.0005,0x7ed2114439b24152cf18c02c10cae681a7ca2adc,2017-09-22T04:31:20.000Z,0.00839,0x71fe8590d29d971bbbbb17342ea62a3c52c6ed0b,buy,0x960b236a07cf122663c4303350609a66a7b288c0,0x0fefacfe55c87aef632870a0742c2a4facb8cf336e5ed5de0a32a1cbc3bbab6f
229,0.05959475566150179,0.0005,0x03dd03643b71b06642179afb38211c0f45699bc5,2017-09-22T04:17:20.000Z,0.00839,0x71fe8590d29d971bbbbb17342ea62a3c52c6ed0b,buy,0x960b236a07cf122663c4303350609a66a7b288c0,0x478c8a5fe44e162803b2723aaecb516720b5d9749799adcce32ba117cf5711e1
230,3.477,0.0281637,0xee054e89931640de8ebd4157a3cf0513bcedc76e,2017-09-21T23:31:54.000Z,0.0081,0x71fe8590d29d971bbbbb17342ea62a3c52c6ed0b,buy,0x960b236a07cf122663c4303350609a66a7b288c0,0xec63ad64b76cdf8970ecfc8eeef587caa9c78705ce963c234e2d8b762a53ad0a
231,0.123,0.0009963,0x19b78488b79c6a45d4e060f05a2b35c4873f25c5,2017-09-21T21:54:56.000Z,0.0081,0x71fe8590d29d971bbbbb17342ea62a3c52c6ed0b,buy,0x960b236a07cf122663c4303350609a66a7b288c0,0x7fa029c8bd34b63ff34d74ec6fe760f406279c6cbf6c725712a7d4ac366680ee
232,106.83281826338352,0.6527485195892733,0x8b6d5e86386db4d4e2198344c17422c1838f8b20,2017-09-21T21:50:28.000Z,0.00611,0x356613c429fc6b791ac09a40b320b48936a35bbf,sell,0x960b236a07cf122663c4303350609a66a7b288c0,0x91306a98f4d14f55a59e6d82a354aed29289f0aa2c31eebcb3dc4976e49413e0
233,99.69095803010667,0.6081148439836507,0x8b6d5e86386db4d4e2198344c17422c1838f8b20,2017-09-21T00:17:31.000Z,0.0061,0xa4b385ab07bc038dbe76bc115bc59555db00d099,sell,0x960b236a07cf122663c4303350609a66a7b288c0,0x2d728dc661b45b3256c5dcf75d8736876021aaabc6c9fdd233cb7f2216bbd79d
234,1,0.0085,0xf669cc2cb12a2586de967728421ec442b6a7a061,2017-09-19T22:35:53.000Z,0.0085,0xbeb1fd865feea5006c74bcb615ebb00f1a05d469,buy,0x960b236a07cf122663c4303350609a66a7b288c0,0xfa1354fdea81571076e54d4a1abc49f9cb296461f38868a721130335b7b8b29d
235,41.33264165172902,0.41001980518515185,0x9a54474575fd3489d5262ff12ca2a4e4cd06bcb6,2017-09-19T21:46:59.000Z,0.00992,0xb6961476fcd629fd45b06dce81375d6e07c483f9,buy,0x960b236a07cf122663c4303350609a66a7b288c0,0x61f0cff829ecdca176923a8fb4281e82468eada202e38ab0745ff5a0086fd9f6
236,40.558,0.364981442,0x9a54474575fd3489d5262ff12ca2a4e4cd06bcb6,2017-09-19T21:43:53.000Z,0.008999,0x575e3fa1608ec75e20d91b383f15186d1228fe98,buy,0x960b236a07cf122663c4303350609a66a7b288c0,0x7ad13c636b27d7c0591c281384eae730f1bd62a6bd47a5b1ee0b8541dbd93704
237,265.539,2.38454022,0x9a54474575fd3489d5262ff12ca2a4e4cd06bcb6,2017-09-19T21:42:04.000Z,0.00898,0x8b6d5e86386db4d4e2198344c17422c1838f8b20,buy,0x960b236a07cf122663c4303350609a66a7b288c0,0x4baa18c1d0cd2ca91e161e8c69ffee44e2f5efe79b64b9f896cc32f181595a46
238,6.679981932798396,0.04675987352958877,0x9a54474575fd3489d5262ff12ca2a4e4cd06bcb6,2017-09-19T21:36:40.000Z,0.007,0x383932e5467528999954bf192452e390e1c84795,buy,0x960b236a07cf122663c4303350609a66a7b288c0,0x0abfb37c9a4d0819fa56c47102d4ed83c2c5f19c6b34af0dc0284eb6213247cb
239,1.49,0.01040169,0x9a54474575fd3489d5262ff12ca2a4e4cd06bcb6,2017-09-19T21:32:20.000Z,0.006981,0x1394c471f18197a919426483a75d1b1a6694fdf1,buy,0x960b236a07cf122663c4303350609a66a7b288c0,0x22acff5e5a78677fd242e219ed903b89c50d1d36c5440f82d7318b79fe7b5791
240,0.0631018337392,0.000378614409934221,0x3dee4a4e076e8d82859d241db0baf46f112cfa23,2017-09-19T19:40:59.000Z,0.006000053999999986,0x8b24d80c6dd6e1af5a000e03ca8f00886a05f6f5,sell,0x960b236a07cf122663c4303350609a66a7b288c0,0xe9b01ce2bf1ebc0cf67c6aa0064f4342e4d9b589881e59eaac1e6aea69d17eec
241,45.442923087169774,0.27265999244086536,0x3dee4a4e076e8d82859d241db0baf46f112cfa23,2017-09-19T18:05:00.000Z,0.006000054,0x5b27531228d8c65a0d2adcd8903fd3348f768a11,sell,0x960b236a07cf122663c4303350609a66a7b288c0,0xd4def40b218ee780f320521cc6e0ba13c510c22d345e823c23aa401e1a7d049b
242,0.0664672648719,0.000398804453305843,0x3dee4a4e076e8d82859d241db0baf46f112cfa23,2017-09-19T14:13:59.000Z,0.006000012999999995,0x4c2fb430e95954bcfa54ce4741a9fc2ff6e415ad,sell,0x960b236a07cf122663c4303350609a66a7b288c0,0x6536e348a33f7837bca1efbea58a56149b57c6e2ff719b6b86824d6797beb9c4
243,0.000018054201604714,0.000000126379411233,0xbb37ead38937b16b014227825a39c29a94b84848,2017-09-19T10:25:29.000Z,0.007000000000000111,0x383932e5467528999954bf192452e390e1c84795,buy,0x960b236a07cf122663c4303350609a66a7b288c0,0x2cba943854dd4c1b2ea6e5d151aae651249d2fdd85c913e7b41840558736f87d
244,0.0000180000389999,0.00180000389999,0xc56a948b056184391b1829d78e275fd491cba7ee,2017-09-19T10:25:29.000Z,100,0xbb37ead38937b16b014227825a39c29a94b84848,sell,0x960b236a07cf122663c4303350609a66a7b288c0,0x2cba943854dd4c1b2ea6e5d151aae651249d2fdd85c913e7b41840558736f87d
245,0.2851161399661051,0.00171070026119031,0xefa694768c1e15bd317070c16d864bbaac22a246,2017-09-19T10:03:27.000Z,0.006000012,0x19b78488b79c6a45d4e060f05a2b35c4873f25c5,sell,0x960b236a07cf122663c4303350609a66a7b288c0,0x6dd119e39a99806e633bd2ee84edb01216afdeacb12c72d9488cd721922c48d9
246,0.286,0.002002,0x19b78488b79c6a45d4e060f05a2b35c4873f25c5,2017-09-19T10:01:23.000Z,0.007,0x383932e5467528999954bf192452e390e1c84795,buy,0x960b236a07cf122663c4303350609a66a7b288c0,0x4fe3748eddf1eda871756e70dffa72064e860127e4264c73ffb6143347833af9
247,0.006000013,0.000042000091,0x7aa6e2506316f6d613277d4f2f4e4e1dc55e528e,2017-09-19T09:48:44.000Z,0.007,0x383932e5467528999954bf192452e390e1c84795,buy,0x960b236a07cf122663c4303350609a66a7b288c0,0x45de918eb62ad839fda170848164a79a1b2bd330b2741b9ecf641861ed4b8158
248,0.005982012961,0.5982012961,0xc56a948b056184391b1829d78e275fd491cba7ee,2017-09-19T09:48:44.000Z,100,0x7aa6e2506316f6d613277d4f2f4e4e1dc55e528e,sell,0x960b236a07cf122663c4303350609a66a7b288c0,0x45de918eb62ad839fda170848164a79a1b2bd330b2741b9ecf641861ed4b8158
249,152.2969059833097,0.9975447341906786,0x93cc3fb43967809c667b3e7a3f7cad6336aa2f49,2017-09-18T21:17:51.000Z,0.00655,0x6e7897cf3dc5c8d7349ed63d68b0fcc34435ca8f,buy,0x960b236a07cf122663c4303350609a66a7b288c0,0xf40447a7cdfab20966111880654a754727399136dc8c3e9e792d42c0e7826a89
250,6.880980693475984,0.04128595297066284,0x8b6d5e86386db4d4e2198344c17422c1838f8b20,2017-09-18T17:12:28.000Z,0.00600001,0x3dee4a4e076e8d82859d241db0baf46f112cfa23,sell,0x960b236a07cf122663c4303350609a66a7b288c0,0xfd168a7fd371c3274164d88d86e116acdcf5de62a3f953cee1193b17b8cb5681
251,3.269,0.021575396731,0x730398eff0e7cc37cc0e172e4fea306ee13d5513,2017-09-18T12:38:55.000Z,0.006599999,0x99bc37ffa8c3b9e6f4792abf009cc294b34947bc,buy,0x960b236a07cf122663c4303350609a66a7b288c0,0xc36f6663ea4b2e65403bed944b3cdcbcd999fcb28ecaf8aac5075cd1a1b34174
252,3.1720349624469524,0.020935427580114924,0x730398eff0e7cc37cc0e172e4fea306ee13d5513,2017-09-18T12:34:47.000Z,0.006599999,0x99bc37ffa8c3b9e6f4792abf009cc294b34947bc,buy,0x960b236a07cf122663c4303350609a66a7b288c0,0xaf7fa0751c0c5c0bcd7044d119c78ec15142bd4bd5fd4342108bbdee71737e5b
253,24.922739507526668,0.17445917655268667,0x7cf39a66854ca07d0f8109339643209d1e6b8439,2017-09-18T01:35:23.000Z,0.007,0x9778550d76b07ac9f5e57392f68ecdf6efc1774e,sell,0x960b236a07cf122663c4303350609a66a7b288c0,0xa53d2d8228bee4607e54a2dc92c1369b9d49903e92f354bca17762e99fda6cf9
254,25,0.165,0x9778550d76b07ac9f5e57392f68ecdf6efc1774e,2017-09-18T01:33:24.000Z,0.0066,0x6e7897cf3dc5c8d7349ed63d68b0fcc34435ca8f,buy,0x960b236a07cf122663c4303350609a66a7b288c0,0x642527ed5a2d093f2791913d4afc9c79acf6be773c3158627b35d512e51c2151
255,1.519,0.009114,0x3dee4a4e076e8d82859d241db0baf46f112cfa23,2017-09-17T17:46:38.000Z,0.006,0x80c581c56e12dbf334a791e636f324071a605d19,sell,0x960b236a07cf122663c4303350609a66a7b288c0,0xbf500902853b0b8adaf43c10c84c035e127f4c3f7e807ca494e8c4c70fac5d1e
256,1.519,0.0103292,0x80c581c56e12dbf334a791e636f324071a605d19,2017-09-17T17:45:36.000Z,0.0068,0x6e7897cf3dc5c8d7349ed63d68b0fcc34435ca8f,buy,0x960b236a07cf122663c4303350609a66a7b288c0,0x12aecbe386b2ce31c6e6359cf52f46ccb3c73cb8b968cae48b2adef71db4352c
257,54.32885235570074,0.488905342348951,0x9a54474575fd3489d5262ff12ca2a4e4cd06bcb6,2017-09-17T16:39:26.000Z,0.008999,0x575e3fa1608ec75e20d91b383f15186d1228fe98,buy,0x960b236a07cf122663c4303350609a66a7b288c0,0xc29e2125aa801ae02b92374506a8c97cfec0ed134504dc71110fb1e057e4c0ee
258,294.693,2.6227677,0x9a54474575fd3489d5262ff12ca2a4e4cd06bcb6,2017-09-17T16:20:43.000Z,0.0089,0xbd0b3dc6af6f5b1fb13667d7acd10b2f06e09eb4,buy,0x960b236a07cf122663c4303350609a66a7b288c0,0xc005ba90ba1f0fff484237572d9a5a5bbe217088dfb2dcf4ac182b49219033f1
259,444.97,3.915736,0x9a54474575fd3489d5262ff12ca2a4e4cd06bcb6,2017-09-17T16:15:38.000Z,0.0088,0x65f3de22aa43e5175ebb9e194e54444d69ea6035,buy,0x960b236a07cf122663c4303350609a66a7b288c0,0x186f4847a017386408585586b13c204e4a2d3572d8776f3e6b8d4f88d2a4ccae
260,5.38331173362576,0.028531552188216527,0x3dee4a4e076e8d82859d241db0baf46f112cfa23,2017-09-17T09:52:20.000Z,0.0053,0x54b59cbea68b581f1fa6ae1c3d5ea0643e8e2378,sell,0x960b236a07cf122663c4303350609a66a7b288c0,0xcc3d08c5c61255985e5ea1bb6607d736ffec2fe2aef59f1e587df22f21a6a5de
261,1.2441431562157312,0.009704316618482704,0x0047e5bb93e5494e03ec6d84f8532a0faad4d2cd,2017-09-17T06:03:57.000Z,0.0078,0x0047e5bb93e5494e03ec6d84f8532a0faad4d2cd,sell,0x960b236a07cf122663c4303350609a66a7b288c0,0x24b5027af1d10beaf8898edecce9141600e5fc3483a42330726bbce1247bd977
262,188.89585727935176,1.397829343867203,0x3908175c88a455b0756d40e4c93d40abdbb3dc5c,2017-09-16T19:39:52.000Z,0.0074,0x8b6d5e86386db4d4e2198344c17422c1838f8b20,buy,0x960b236a07cf122663c4303350609a66a7b288c0,0x83bd2c13b0168806dae12984e42286709404e6d2749e3695d1005e484398a445
263,0.9999999999999999,0.007399999999999999,0xd6f29f2fb0a1dc783aeab42ce7ce9276f8e14a54,2017-09-16T18:24:31.000Z,0.0074,0x8b6d5e86386db4d4e2198344c17422c1838f8b20,buy,0x960b236a07cf122663c4303350609a66a7b288c0,0xd596aa36d419c630bea40f3bfbba0655ed4b1a4b5ce97605156de1c543ecda61
264,0.06756756756756757,0.0005,0x42c24a83bded723edfdf5883bc7efb30bc1a1bf3,2017-09-16T16:56:40.000Z,0.0074,0x8b6d5e86386db4d4e2198344c17422c1838f8b20,buy,0x960b236a07cf122663c4303350609a66a7b288c0,0x2ae7bc8f79f206a39707c0629ec1344fb76553971f863068dc959051e8946bce
265,0.06756756756756757,0.0005,0x0f657c396dfcd6c59bb82b89fc3adbe5f90ce153,2017-09-16T15:10:21.000Z,0.0074,0x8b6d5e86386db4d4e2198344c17422c1838f8b20,buy,0x960b236a07cf122663c4303350609a66a7b288c0,0x374e77f5676532f414a8fe71e2ebbd82d40391a7a3aa0f129b603c6f0c6bbee8
266,0.06756756756756757,0.0005,0x1f8ac99600c61189d92c85cc760735b9e0067a60,2017-09-16T14:28:26.000Z,0.0074,0x8b6d5e86386db4d4e2198344c17422c1838f8b20,buy,0x960b236a07cf122663c4303350609a66a7b288c0,0x05494c06989425145d0a5991d275a373ecc505d0844f05e16bc26854e1368a73
267,0.4424400179455504,0.003274056132797073,0x730398eff0e7cc37cc0e172e4fea306ee13d5513,2017-09-16T00:47:43.000Z,0.0074,0x8b6d5e86386db4d4e2198344c17422c1838f8b20,buy,0x960b236a07cf122663c4303350609a66a7b288c0,0xc44ae967bf2b3d54fe5d57f5be7d4ffb3f16d8ff91b85f977eb83df71641c2ef
268,9.459,0.0699966,0x4644d6e363d354db6db5b98030b969b69f3b69ff,2017-09-15T22:28:06.000Z,0.0074,0x8b6d5e86386db4d4e2198344c17422c1838f8b20,buy,0x960b236a07cf122663c4303350609a66a7b288c0,0x546044b4f5f6489b130af5f56e77c1f7e643703af53527d7e4bd1c3dfb73950b
269,300,1.533336,0x3dee4a4e076e8d82859d241db0baf46f112cfa23,2017-09-15T11:18:36.000Z,0.00511112,0x80c581c56e12dbf334a791e636f324071a605d19,sell,0x960b236a07cf122663c4303350609a66a7b288c0,0xdc48a69f467b402f46435e2fc8f64055340a461cba27d380ec6f63241a5572d5
270,0.06329113924050633,0.0005,0x8b24d80c6dd6e1af5a000e03ca8f00886a05f6f5,2017-09-15T03:31:24.000Z,0.0079,0x8b6d5e86386db4d4e2198344c17422c1838f8b20,buy,0x960b236a07cf122663c4303350609a66a7b288c0,0x09134f91fa044753379202edcda17b433a7874d7f57c4fb21ba35735188c26ca
271,0.8642259974305043,0.01296330353885782,0x1576c99013ee5489dc9326b2b13bc11ab32b90ce,2017-09-14T18:09:03.000Z,0.0149999,0xb049ada212db741735b4859917f6969351fcb125,buy,0x960b236a07cf122663c4303350609a66a7b288c0,0xcfaafab4bcb152515f2541cfa34572609fda7d5afad4468757584ff7d0966549
272,143.5,0.7462,0x5ef52c9f4066693a5c3145715f427f1aefe35c41,2017-09-14T04:38:33.000Z,0.0052,0xc20064aff1268ca708531fed0380dbd6ce20d286,buy,0x960b236a07cf122663c4303350609a66a7b288c0,0xc0e0c0986518c0935f324925b91eb76c6528a82d05235f354b0d3f882455ce85
273,250,1.3,0xf732b16f5aee6cd2db5b30a7a3860764a48b19ff,2017-09-14T04:35:32.000Z,0.0052,0xc20064aff1268ca708531fed0380dbd6ce20d286,buy,0x960b236a07cf122663c4303350609a66a7b288c0,0x79436ca589c4fffe4ef8252ce1059e9eb0065654ca441589c9bc7dfe1818d47a
274,0.012520059292264423,0.000065104308319775,0xf71e48a86109f40405859ecefd78b4374e03f68d,2017-09-14T04:31:43.000Z,0.0052,0xc20064aff1268ca708531fed0380dbd6ce20d286,buy,0x960b236a07cf122663c4303350609a66a7b288c0,0x68c627218196cb13eae29aa0764ab43726dafb1b658d80c82e431a9fb20d391c
275,288,1.4976,0xf732b16f5aee6cd2db5b30a7a3860764a48b19ff,2017-09-14T04:07:34.000Z,0.0052,0xc20064aff1268ca708531fed0380dbd6ce20d286,buy,0x960b236a07cf122663c4303350609a66a7b288c0,0x54af20c8036699371d480c461122028beb4dcb6288c8123668448b9e3e474348
276,99.7,0.52841,0x8b6d5e86386db4d4e2198344c17422c1838f8b20,2017-09-14T04:07:34.000Z,0.0053,0x7aa6e2506316f6d613277d4f2f4e4e1dc55e528e,sell,0x960b236a07cf122663c4303350609a66a7b288c0,0xc46d194425d86bbba1985333e5e47fbdf06c29142ac76a336d5993afdb7a2a6d
277,100.00000000000001,0.52,0x7aa6e2506316f6d613277d4f2f4e4e1dc55e528e,2017-09-14T04:07:34.000Z,0.0052,0xc20064aff1268ca708531fed0380dbd6ce20d286,buy,0x960b236a07cf122663c4303350609a66a7b288c0,0xc46d194425d86bbba1985333e5e47fbdf06c29142ac76a336d5993afdb7a2a6d
278,2,0.0291111,0xf19705ee29c94eac970554816a489cbd3a4b1f04,2017-09-14T04:01:41.000Z,0.01455555,0xb049ada212db741735b4859917f6969351fcb125,buy,0x960b236a07cf122663c4303350609a66a7b288c0,0x8c7fc32dc023bca4c4b4c02eb4d00f028d1832c837401461f6b11e29b23b0641
279,2,0.0291111,0xf19705ee29c94eac970554816a489cbd3a4b1f04,2017-09-14T03:54:13.000Z,0.01455555,0xb049ada212db741735b4859917f6969351fcb125,buy,0x960b236a07cf122663c4303350609a66a7b288c0,0xd30610a652685e4605a7ed632920dc9898a7b4299b2d8316d62c2bf97bcd94fa
280,0.9970000000000001,0.009970000000000001,0xf19705ee29c94eac970554816a489cbd3a4b1f04,2017-09-14T03:51:18.000Z,0.01,0x7aa6e2506316f6d613277d4f2f4e4e1dc55e528e,sell,0x960b236a07cf122663c4303350609a66a7b288c0,0xf3bfcd38c0135a16b14e1eec53fc970ce48df48a3173f129e35e4b7b6b79b5d2
281,1.0000000000000002,0.0079,0x7aa6e2506316f6d613277d4f2f4e4e1dc55e528e,2017-09-14T03:51:18.000Z,0.0079,0x8b6d5e86386db4d4e2198344c17422c1838f8b20,buy,0x960b236a07cf122663c4303350609a66a7b288c0,0xf3bfcd38c0135a16b14e1eec53fc970ce48df48a3173f129e35e4b7b6b79b5d2
282,2,0.0158,0xc3a0dba2ac58de472a068174610bf320499f291f,2017-09-14T03:50:24.000Z,0.0079,0x8b6d5e86386db4d4e2198344c17422c1838f8b20,buy,0x960b236a07cf122663c4303350609a66a7b288c0,0xc766f6a0031187bccf43ee877a6fabdf626a70eaecb949a60be71c351425231e
283,1,0.0149999,0xf19705ee29c94eac970554816a489cbd3a4b1f04,2017-09-14T03:50:24.000Z,0.0149999,0xb049ada212db741735b4859917f6969351fcb125,buy,0x960b236a07cf122663c4303350609a66a7b288c0,0x66d8645dc88991129ec621d4319341fc85a481246cefc65c2340eb92d055c7b5
284,100,0.77,0xa4b385ab07bc038dbe76bc115bc59555db00d099,2017-09-14T00:40:14.000Z,0.0077,0xefa694768c1e15bd317070c16d864bbaac22a246,buy,0x960b236a07cf122663c4303350609a66a7b288c0,0xde81c6b8f09e1195e278dc1d699a48414a0425f96744579e52e5bca45d332254
285,0.06666666666666667,0.0005,0x4c2fb430e95954bcfa54ce4741a9fc2ff6e415ad,2017-09-13T20:30:00.000Z,0.0075,0x8b6d5e86386db4d4e2198344c17422c1838f8b20,buy,0x960b236a07cf122663c4303350609a66a7b288c0,0x7fe3d6073e9b10ed42ca696b38cf84801806faf10b24098c1b1bf8098ccbd427
286,20,0.15,0x3ffaf6d7382bb0bec6aaf56225ae8d0acf85a6e8,2017-09-13T15:03:20.000Z,0.0075,0x8b6d5e86386db4d4e2198344c17422c1838f8b20,buy,0x960b236a07cf122663c4303350609a66a7b288c0,0x4f45a2cab74c3d470bf2d5e4bd2acb0e833a52ba411c04cce959f16aad0e5996
287,11.668,0.105000332,0x1576c99013ee5489dc9326b2b13bc11ab32b90ce,2017-09-13T14:40:42.000Z,0.008999,0x575e3fa1608ec75e20d91b383f15186d1228fe98,buy,0x960b236a07cf122663c4303350609a66a7b288c0,0x04d8e00793f6bf1f0267e9dcd34eec8a0be8ae967618942e6f40386a00e4d973
288,9.969095803010667,0.051839308144751274,0x8b6d5e86386db4d4e2198344c17422c1838f8b20,2017-09-13T13:04:44.000Z,0.005200001,0xf23b127ff5a6a8b60cc4cbf937e5683315894dda,sell,0x960b236a07cf122663c4303350609a66a7b288c0,0xea5ffe11fa8f7ac3a3c07e756fcb064dc71c8c499687c4fd6f67afb9a06bf742
289,0.07473178850438432,0.00038113212137236,0xe8f7355a17fc67219fd6d15fc9ffd5662977957b,2017-09-13T08:19:22.000Z,0.0050999999999999995,0x9bdbdfb6df8a522dbc4e29a06047bf86b5f2cc4f,sell,0x960b236a07cf122663c4303350609a66a7b288c0,0x11a0b9330fceb45bf7d69bd69ab608f8c3ea0cdba79e522913a39627f8a88362
290,68.51497458753893,0.43164433990149526,0x575e3fa1608ec75e20d91b383f15186d1228fe98,2017-09-13T04:36:01.000Z,0.0063,0x097501c95264ad3204159efaefdc5820783dbeae,sell,0x960b236a07cf122663c4303350609a66a7b288c0,0x7af6bd3abb0b36c2e9cc4d640bbc4d8c39ed44d3700e33000611bbfa889d5183
291,1,0.0085,0xd6f29f2fb0a1dc783aeab42ce7ce9276f8e14a54,2017-09-13T02:32:45.000Z,0.0085,0x8b6d5e86386db4d4e2198344c17422c1838f8b20,buy,0x960b236a07cf122663c4303350609a66a7b288c0,0xe2194c99d45d9dd57df728526296035a8a1b633846f3cef0b9c49c1486a27eea
292,4.003495397437874,0.025222021003858605,0x575e3fa1608ec75e20d91b383f15186d1228fe98,2017-09-12T20:30:06.000Z,0.0063,0xff684104992bd26b6326bca4620d733526c0ddb1,sell,0x960b236a07cf122663c4303350609a66a7b288c0,0x55d1f201330d8557bca0e664a2e1ff5432b6bdbbceb9634c116e3a5a7210255c
293,6.082,0.0407494,0x8b6d5e86386db4d4e2198344c17422c1838f8b20,2017-09-12T20:26:22.000Z,0.0067,0xff684104992bd26b6326bca4620d733526c0ddb1,sell,0x960b236a07cf122663c4303350609a66a7b288c0,0xd80432a9c53355ef79aa4f4d816dae23e243a33324056b45707a1e6fa29989c9
294,7.463,0.0500021,0x1700ee184823584631bb00ada7b7afb3802fd081,2017-09-12T11:44:26.000Z,0.0067,0xff684104992bd26b6326bca4620d733526c0ddb1,buy,0x960b236a07cf122663c4303350609a66a7b288c0,0x70ae026da69877601ad4b54f3c0d8ec2c0758aa7b1a787f94d4be77bf4ae59a7
295,7.112,0.046228,0x575e3fa1608ec75e20d91b383f15186d1228fe98,2017-09-12T09:36:02.000Z,0.0065,0xff684104992bd26b6326bca4620d733526c0ddb1,sell,0x960b236a07cf122663c4303350609a66a7b288c0,0x77538d7bc44bc6f201444f622833e2e16e04944ad24faf7f0cd17f610512f390
296,14.592762436447014,0.09791743594855946,0x8772eb92d75233a02ea2deabb8d324d0824fedbc,2017-09-12T09:35:15.000Z,0.00671,0xff684104992bd26b6326bca4620d733526c0ddb1,sell,0x960b236a07cf122663c4303350609a66a7b288c0,0x848b26f453753a81cac40f06fd57c50d4c39253e003a4710b5dd3473f49d643c
297,15.407237563552986,0.10338256405144053,0x8772eb92d75233a02ea2deabb8d324d0824fedbc,2017-09-11T22:20:50.000Z,0.00671,0xc2e0f336ba01dc07826e8f0a34365cc40fced012,sell,0x960b236a07cf122663c4303350609a66a7b288c0,0x6279803bbdc1e25ce1b4c6d2a33e0cafa48e51f69469e629ef35da3e71b9b183
298,5.882,0.049997,0x0a2f62fe0774414131717d32f72fce14d6bd3747,2017-09-11T11:25:11.000Z,0.0085,0x8b6d5e86386db4d4e2198344c17422c1838f8b20,buy,0x960b236a07cf122663c4303350609a66a7b288c0,0x63d40199fe4afe53a3b96ff1926696964d8020e35d1f842827b03a4ab313fe4b
299,75,0.487500075,0xced732ca92cb4f040239c4e8c85f14acbb5db000,2017-09-10T23:19:25.000Z,0.006500001,0x534cacb922c009e510fb25e0d89d307d15a8392f,sell,0x960b236a07cf122663c4303350609a66a7b288c0,0xa8b8ca824994c1457e5bf54c826dc8a0e402d340b4a2fcc93a546ae3bb2d8996
300,87.75,0.587925,0x8b6d5e86386db4d4e2198344c17422c1838f8b20,2017-09-10T23:00:22.000Z,0.0067,0x534cacb922c009e510fb25e0d89d307d15a8392f,sell,0x960b236a07cf122663c4303350609a66a7b288c0,0x408d08db67fe2148355f8110c14626f7a0bc18ed897866cfb06f46b9f07590eb
301,148.29956926286684,0.9936071140612077,0x8b6d5e86386db4d4e2198344c17422c1838f8b20,2017-09-10T22:23:11.000Z,0.0067,0xff684104992bd26b6326bca4620d733526c0ddb1,sell,0x960b236a07cf122663c4303350609a66a7b288c0,0x4bce77a9fc0dc5512b9f4998089ee1f05ac405736c5fb8750603ebe3d1eb1f19
302,147,0.9996,0x43713ddd3181102eb9af3c818be91b0f4932763b,2017-09-10T22:21:00.000Z,0.0068,0xff684104992bd26b6326bca4620d733526c0ddb1,sell,0x960b236a07cf122663c4303350609a66a7b288c0,0xc317f02cba97ab18ec2cc62daed1b6878a522354cb2dfbfae553fe32577c1e8d
303,0.2,0.00177998,0x0024a5046fd95c5eee6db19a69ef7ed3bacd50f1,2017-09-10T12:09:38.000Z,0.0088999,0x8b6d5e86386db4d4e2198344c17422c1838f8b20,buy,0x960b236a07cf122663c4303350609a66a7b288c0,0x639b43a9fb07367552fd553c9cf7e7e1e5197f18daaf98ee699fae4584369ed7
304,4.9850448654037,0.03240279661016891,0xced732ca92cb4f040239c4e8c85f14acbb5db000,2017-09-10T06:04:00.000Z,0.006500001,0x6d3d0dfa885186833d6cf04f7890aab7d3b43cd1,sell,0x960b236a07cf122663c4303350609a66a7b288c0,0x65e5b055004e3a86c427274fc53ee8694bc70905848654fa1ab8a95261b1c0e8
305,110.99293277611586,0.9878359917781034,0x3ae106e9f283215b2fbb7b4f5124cd7e20d88a13,2017-09-10T05:02:50.000Z,0.00889999,0x8b6d5e86386db4d4e2198344c17422c1838f8b20,buy,0x960b236a07cf122663c4303350609a66a7b288c0,0xe371addc2145017f086aa5c4e2438e21bb1fbd23b0e0c09f80193620cb03fc95
306,0.056179838404312815,0.0005,0x64b604630e055318093215b7ed41697ca4fb5de6,2017-09-10T02:25:39.000Z,0.00889999,0x8b6d5e86386db4d4e2198344c17422c1838f8b20,buy,0x960b236a07cf122663c4303350609a66a7b288c0,0x886aea3e6bb4d7175d0831e5861b92151739165d7ef67f958f79a0abf064fe86
307,125,1.11249875,0xb4319807b0dceeb0631864faa3a77479f376e9da,2017-09-10T00:32:10.000Z,0.00889999,0x8b6d5e86386db4d4e2198344c17422c1838f8b20,buy,0x960b236a07cf122663c4303350609a66a7b288c0,0x877724c133d5c075cbb33ef7d26152ae0e3a54fccf7aa9ac08ae4d38a53fa1b8
308,26.724301496396425,0.22566000183557142,0xb4319807b0dceeb0631864faa3a77479f376e9da,2017-09-10T00:25:20.000Z,0.008444,0x575e3fa1608ec75e20d91b383f15186d1228fe98,buy,0x960b236a07cf122663c4303350609a66a7b288c0,0x9fdae8664cc2e464c271c82c48cb093166d09655258a0d09d92c8627d3112ca2
309,4.445,0.040000555,0xd4b5b1f3c0f1ba76d2eeca64718f953a062fda96,2017-09-09T21:58:43.000Z,0.008999,0x575e3fa1608ec75e20d91b383f15186d1228fe98,buy,0x960b236a07cf122663c4303350609a66a7b288c0,0x5ab1cc0776259d525dcac94068edcab7f0dd24204512372c658f8bc81b14fbd7
310,22.324805464580876,0.17190100207727274,0x303c484bef2b80a2f12a7050b839d5bcb236c7b5,2017-09-09T20:19:04.000Z,0.0077,0x8b6d5e86386db4d4e2198344c17422c1838f8b20,buy,0x960b236a07cf122663c4303350609a66a7b288c0,0x828b22cfa0f7051e918ef6e485cdc9a0b77e523bc082e59eb677e3b70df7be4c
311,0.012194535419123896,0.000093897922727254,0xe0ae5e8d7dc63438a09d01f12483e9d577b38a0c,2017-09-09T15:18:36.000Z,0.0077,0x8b6d5e86386db4d4e2198344c17422c1838f8b20,buy,0x960b236a07cf122663c4303350609a66a7b288c0,0xd8e8f05fa5cafad9e0fc74fff8eabf7f55d6571e12d565c5b3fd13dfdfcf2242
312,3.04,0.02128,0x689779d2ce6c799b9a5a30daa26719b4e1afd331,2017-09-09T10:37:23.000Z,0.007,0x70e91068cf1d2baa76b779dda50fbc1399f35b10,buy,0x960b236a07cf122663c4303350609a66a7b288c0,0x31d36d91e0960858342f14f410dbd570b11155c7e8baed8a5bba2d9ad11bd16c
313,3.55,0.02485,0xa5a30418bfefa5637683b9753f25a99871eea252,2017-09-09T03:04:42.000Z,0.007,0xfe1b80ecc5704b9f7c059af0d3d52f4a25bd4b40,buy,0x960b236a07cf122663c4303350609a66a7b288c0,0x6895a751c62439a0e8129c5261cfd7737d4c6358af061c50a17bc0fe2a500337
314,3.117,0.0240009,0x730398eff0e7cc37cc0e172e4fea306ee13d5513,2017-09-08T18:53:16.000Z,0.0077,0x8b6d5e86386db4d4e2198344c17422c1838f8b20,buy,0x960b236a07cf122663c4303350609a66a7b288c0,0xa7fa11a5dac9ba78356a0cff4494dfcc6a0bcf7bfdeda81834636b9c0cf0d415
315,0.4257236413460428,0.002767203668749278,0xc6e13793b809c0c3d2ac339a2cfa20ebf1e79a33,2017-09-08T07:23:23.000Z,0.0065,0x534cacb922c009e510fb25e0d89d307d15a8392f,sell,0x960b236a07cf122663c4303350609a66a7b288c0,0xdff515aeac3948f0ed859408940a0bc91a6115e2887a2283fba479bb768e4451
316,7,0.049,0x26bdea91193616bfea2a47b1f5c09bd10d1459ff,2017-09-08T00:30:29.000Z,0.007,0xf26732a3bc9d268c42efe457ab2ac673ee72074b,sell,0x960b236a07cf122663c4303350609a66a7b288c0,0xd157bcdf0304a9eb4d501dcf0569554e653600f1057c4261586cd7c6c5d26dc4
317,273.7100876030432,1.7791155694197807,0xc6e13793b809c0c3d2ac339a2cfa20ebf1e79a33,2017-09-08T00:24:39.000Z,0.0065,0x097501c95264ad3204159efaefdc5820783dbeae,sell,0x960b236a07cf122663c4303350609a66a7b288c0,0x22a7ae6d12af135e01e52205137a3067898d2b5e2cd7d85a0124b421a5cfda30
318,72,0.504,0x790cd84be5535b73c23166fbad13c7d7019ca7b0,2017-09-08T00:21:44.000Z,0.007,0x534cacb922c009e510fb25e0d89d307d15a8392f,sell,0x960b236a07cf122663c4303350609a66a7b288c0,0x94392e28575b03f5aa344dd5facdeff0fde8076a1e7cf1d60169c418973ac6f9
319,59.46166882663742,0.40493397065556774,0x3f4663f1c750b579c75844954716ef6942094e97,2017-09-07T21:16:20.000Z,0.0068100001,0xf26732a3bc9d268c42efe457ab2ac673ee72074b,sell,0x960b236a07cf122663c4303350609a66a7b288c0,0xbf53d9637debe7990d2f5ff081308fa508d96e6afcd8b0c0478cfb320bba15b0
320,18.787,0.12816904714,0xb0d2ce3e2bfbc1a47dbfe5b3eef5335284dfeb49,2017-09-07T21:12:54.000Z,0.00682222,0xf26732a3bc9d268c42efe457ab2ac673ee72074b,sell,0x960b236a07cf122663c4303350609a66a7b288c0,0x78792e5e8f15bf68290719b1bf60d703498f9696915b7c8a8bafdd6ebdb136e1
321,600,4.8,0x17f14632a7e2820be6e8f6df823558283dadab2d,2017-09-07T20:37:35.000Z,0.008,0x53a286fa969118a178173d66ba18a590cd3d27cd,buy,0x960b236a07cf122663c4303350609a66a7b288c0,0xa5c548ff924ded37fcbfe2d893787e223a93723027f194df4dc5f6217def7fd0
322,0.119,0.00099695344,0xf81ab81ca1a6a19cc7b69b2c7876ff6543060598,2017-09-07T08:01:30.000Z,0.00837776,0x8b6d5e86386db4d4e2198344c17422c1838f8b20,buy,0x960b236a07cf122663c4303350609a66a7b288c0,0x803fc546a22242bb5a05fcb7f45694ead6f44415300316776af034d2864c5f54
323,1,0.00837776,0x8bf6a8d58c7461d963bebb72dfe9d3f281329574,2017-09-07T07:56:52.000Z,0.00837776,0x8b6d5e86386db4d4e2198344c17422c1838f8b20,buy,0x960b236a07cf122663c4303350609a66a7b288c0,0xe07ce0f8bbec840e2dd95b4d2e4c46d9b19f047c6c2d0ad3c2f445301163bb3b
324,302.419,2.99999648,0x80c581c56e12dbf334a791e636f324071a605d19,2017-09-07T07:34:18.000Z,0.00992,0xb6961476fcd629fd45b06dce81375d6e07c483f9,buy,0x960b236a07cf122663c4303350609a66a7b288c0,0x39bdaf36c49515d2d932bb7cff4fc23121dd2e3d1c1a4f00ea8467c876771ffd
325,112.42743440693945,0.9418900628770811,0xe0ae5e8d7dc63438a09d01f12483e9d577b38a0c,2017-09-07T06:03:46.000Z,0.00837776,0x8b6d5e86386db4d4e2198344c17422c1838f8b20,buy,0x960b236a07cf122663c4303350609a66a7b288c0,0x721b8ae2398885eaa5b1de3a9aa8256ae1c4ee0a8ced7659a21ffd70923da079
326,125.601,1.052033976,0xe0ae5e8d7dc63438a09d01f12483e9d577b38a0c,2017-09-07T05:54:34.000Z,0.008376,0x5347f352b546d1d409f186d665544bfd080d4f6f,buy,0x960b236a07cf122663c4303350609a66a7b288c0,0xf37a9630b7526d740808f91c4c1768c1140b8d6dac869da5286175fb909c5222
327,5.969,0.049996344,0x0a2f62fe0774414131717d32f72fce14d6bd3747,2017-09-07T03:08:01.000Z,0.008376,0x5347f352b546d1d409f186d665544bfd080d4f6f,buy,0x960b236a07cf122663c4303350609a66a7b288c0,0xcddf939e3719483e1678452f4f563a62e79c4c0fb25cd393945943b75d153e80
328,19.725849865417207,0.13433303955607617,0x3f4663f1c750b579c75844954716ef6942094e97,2017-09-06T03:32:11.000Z,0.0068100001,0x741e306946384c7909386463b5cd73c8681885fc,sell,0x960b236a07cf122663c4303350609a66a7b288c0,0xa70f1f0f8901fae6c6a832d18d3c6f43e0a69383661b9a36cbcb6c51b409bec1
329,0.708,0.00593146116,0x1114ccefc6c5c012db24105ebdb77c2cdd5e3f77,2017-09-06T01:26:24.000Z,0.00837777,0x24c66fc87ca52c38c72c0142df10b4396ceba01a,buy,0x960b236a07cf122663c4303350609a66a7b288c0,0xabd80cda547244a0b17fbecc4b37169ed9ed518e2d1a1674bc30d069af3bb200
330,6.2916148454250065,0.05270970210355626,0x1114ccefc6c5c012db24105ebdb77c2cdd5e3f77,2017-09-06T01:20:44.000Z,0.00837777,0x24c66fc87ca52c38c72c0142df10b4396ceba01a,buy,0x960b236a07cf122663c4303350609a66a7b288c0,0x30cb0101c9d1942051ae025f6c4e6313719566cf7bd1513c002441e597fa389b
331,39.457855919033754,0.333182135380321,0xc1371204228bd52465d16b10d16f1e65b814daac,2017-09-06T00:42:33.000Z,0.008444,0x575e3fa1608ec75e20d91b383f15186d1228fe98,buy,0x960b236a07cf122663c4303350609a66a7b288c0,0xa6f3a4d437a4df5202bb492068901fbe72f5e72c7e2270a22a1046bbf08f8030
332,20,0.222222,0x823b30c8d52cae187f45cf2321251f0d6da58b6e,2017-09-06T00:18:45.000Z,0.0111111,0xb0d2ce3e2bfbc1a47dbfe5b3eef5335284dfeb49,buy,0x960b236a07cf122663c4303350609a66a7b288c0,0x92e7f5dfe6152eec3c5ff6395e1323a7400f143aecc58aadf44eea8f40c51a9f
333,0.8124813079453693,0.005532997788356096,0x3f4663f1c750b579c75844954716ef6942094e97,2017-09-06T00:09:30.000Z,0.0068100001,0xf142f26d1cac4ba8a6e6d7974d243eda2fe5f4f9,sell,0x960b236a07cf122663c4303350609a66a7b288c0,0x1998822a0788c14eb4a875df603c221ac426b4542bcd5ba8322ecef0cce82b72
334,60,0.4662,0xc1371204228bd52465d16b10d16f1e65b814daac,2017-09-06T00:07:48.000Z,0.00777,0xf142f26d1cac4ba8a6e6d7974d243eda2fe5f4f9,sell,0x960b236a07cf122663c4303350609a66a7b288c0,0x3a5cab652db3d85ae495ed7e0d2094cafa99e8d5a4f1f270047c1619d9217184
335,4,0.0332,0x4b1edc27d3870e2b47a797acb6195004a42444a0,2017-09-05T10:36:08.000Z,0.0083,0xace2f0e2021ed8067a5f64eebd39bff7e67f096e,buy,0x960b236a07cf122663c4303350609a66a7b288c0,0x1e5b721735fbae3b29837ba37cebb6044fca6069a265bbaf4600868d324e975f
336,0.999,0.0067932,0x4b1edc27d3870e2b47a797acb6195004a42444a0,2017-09-05T10:18:06.000Z,0.0068,0xb7213ad55a61d65238068c8d180779d79111b8f0,buy,0x960b236a07cf122663c4303350609a66a7b288c0,0x2de3f3fe4cbaff7ec966330185a2cf7fd36bd48cdc427e457af681dbe7414d00
337,6.974382504655267,0.04749554485670237,0x383932e5467528999954bf192452e390e1c84795,2017-09-05T06:25:03.000Z,0.00681,0x0a2f62fe0774414131717d32f72fce14d6bd3747,sell,0x960b236a07cf122663c4303350609a66a7b288c0,0x7a71e4a53b8e851f18a7653e7dd9e5cf25a1020cfc482f8e926a6721fcc82413
338,45.03090419698933,0.30621014853952744,0x575e3fa1608ec75e20d91b383f15186d1228fe98,2017-09-05T06:20:30.000Z,0.0068,0x0a2f62fe0774414131717d32f72fce14d6bd3747,sell,0x960b236a07cf122663c4303350609a66a7b288c0,0x7fde15726179d01ae7e0ffbd55c16a35426801b8de608765484813207e41943e
339,11.45408959469501,0.09595972818374801,0x29ac84b0b027641d82f2f2078fa290ba81b5029e,2017-09-05T00:21:49.000Z,0.00837777,0x24c66fc87ca52c38c72c0142df10b4396ceba01a,buy,0x960b236a07cf122663c4303350609a66a7b288c0,0xc4bafe40fb1c35b5c482b2a95e4352d312a21f182176aee4bd61d84da792a620
340,1.194,0.01000305738,0x0a2f62fe0774414131717d32f72fce14d6bd3747,2017-09-04T21:41:54.000Z,0.00837777,0x24c66fc87ca52c38c72c0142df10b4396ceba01a,buy,0x960b236a07cf122663c4303350609a66a7b288c0,0x002f71fcf1b6aebc22e931a621537568659d1250c70d7986d3a599b76e26af45
341,5.968,0.04999853136,0x0a2f62fe0774414131717d32f72fce14d6bd3747,2017-09-04T09:27:09.000Z,0.00837777,0x24c66fc87ca52c38c72c0142df10b4396ceba01a,buy,0x960b236a07cf122663c4303350609a66a7b288c0,0x507e2a807e792b3305618377f19a7a74db3dd1a3a5ebcb76da47e114ed1c2b7d
342,2.387,0.02000306,0x0a2f62fe0774414131717d32f72fce14d6bd3747,2017-09-03T11:21:52.000Z,0.00838,0x017da7c01deeb908224021753d95393c9fb37e17,buy,0x960b236a07cf122663c4303350609a66a7b288c0,0x35f0c0de9478412a8aacc6326a3cc6d937a1ac85ade60c8c40b80f358f68b5e4
343,35.88874612597673,0.2799322197826185,0x2aff3281ba1c2f5b0fc7ef3583002ef2d62d173e,2017-09-03T06:47:03.000Z,0.0078,0x097501c95264ad3204159efaefdc5820783dbeae,sell,0x960b236a07cf122663c4303350609a66a7b288c0,0x0f592b210828c858709f57524da2edb8d753a53ad955b270e9e0f125ec79ba55
344,11.868564171693729,0.09969592717366316,0xd6f8de78714f2e8af6842281bc6ccb73a54e85eb,2017-09-02T22:53:00.000Z,0.008399999,0x24c66fc87ca52c38c72c0142df10b4396ceba01a,buy,0x960b236a07cf122663c4303350609a66a7b288c0,0xf12d226a0c7442d4be44aa553c142ec785369c9f6ef46203030a1bc32279c9a7
345,3.571,0.029996396429,0x0a2f62fe0774414131717d32f72fce14d6bd3747,2017-09-02T22:48:59.000Z,0.008399999,0x24c66fc87ca52c38c72c0142df10b4396ceba01a,buy,0x960b236a07cf122663c4303350609a66a7b288c0,0x6a2c61f3ba8069cfe2f5d20a38621d839a6f692f3abd897f9e8fbbe83f6780f2
346,12.5,0.105,0x00d5168b11649e8172d636aca6985d88693bc6d1,2017-09-02T22:37:34.000Z,0.0084,0xace2f0e2021ed8067a5f64eebd39bff7e67f096e,buy,0x960b236a07cf122663c4303350609a66a7b288c0,0x15f6ce66e7b281a5f34497293e2d66e1b6162f5ce048105b5c9ab26f03e80a4b
347,3,0.025199997,0x8d8cad8e95066e730de911192103aa8f3faa5103,2017-09-02T21:19:42.000Z,0.008399999,0x24c66fc87ca52c38c72c0142df10b4396ceba01a,buy,0x960b236a07cf122663c4303350609a66a7b288c0,0x8660b7771658efd4a84f2ad7131a5ea329f965fcb4a0ee27face5be47eebb8d5
348,2.5,0.021,0x0a2f62fe0774414131717d32f72fce14d6bd3747,2017-09-02T11:12:23.000Z,0.0084,0xace2f0e2021ed8067a5f64eebd39bff7e67f096e,buy,0x960b236a07cf122663c4303350609a66a7b288c0,0x3c931ae707b2595c5fe4a089c72355d7a075280876dfdd33e26d447bc1f6f9e8
349,9.969095803010667,0.06778985146047253,0x575e3fa1608ec75e20d91b383f15186d1228fe98,2017-09-02T08:21:42.000Z,0.0068,0xa63f3b9db73f4ff327e4891d95071508e413a9ca,sell,0x960b236a07cf122663c4303350609a66a7b288c0,0xff96ee7eecc263745ec408749e987c84d1285790a45ba49950a32133808abf51
350,0.01238967257492471,0.000104618395222664,0x729a7681344e0af444b8f9e493655b0bfb78b33c,2017-09-02T01:40:51.000Z,0.00844399999999998,0x097501c95264ad3204159efaefdc5820783dbeae,sell,0x960b236a07cf122663c4303350609a66a7b288c0,0x1bb73cf82693a5092f647f38beb122fa5aaf36e2d8fec0ff9ca9e3b03cc50b1f
351,124.28080559906977,1.0494271224785452,0x729a7681344e0af444b8f9e493655b0bfb78b33c,2017-09-02T01:39:10.000Z,0.008444,0x097501c95264ad3204159efaefdc5820783dbeae,sell,0x960b236a07cf122663c4303350609a66a7b288c0,0x31615498a65fa204f956bbce2e511e2004b050dacac7a5190d1c8bcc8929ae7a
352,0.31784258456982273,0.002683862784107583,0x0a2f62fe0774414131717d32f72fce14d6bd3747,2017-09-02T01:04:41.000Z,0.008444,0x575e3fa1608ec75e20d91b383f15186d1228fe98,buy,0x960b236a07cf122663c4303350609a66a7b288c0,0x36aee5ff6e8a877cc46ca2c43017d5cbf3b56b92fceb6ac6e2eadbf5185175b5
353,69.88751789248425,0.4542688663011476,0x575e3fa1608ec75e20d91b383f15186d1228fe98,2017-09-01T23:49:26.000Z,0.0065,0xd6e628823296a7deabf7387f420bbc6d6c50f3b1,sell,0x960b236a07cf122663c4303350609a66a7b288c0,0xcc75fe564088842364d13678527de02acb9e50175d62226c42bb9bc9f56ceede
354,20,0.144,0xace2f0e2021ed8067a5f64eebd39bff7e67f096e,2017-09-01T23:47:26.000Z,0.0072,0xd6e628823296a7deabf7387f420bbc6d6c50f3b1,sell,0x960b236a07cf122663c4303350609a66a7b288c0,0x1ccef01fb74d674a0e64c4f84a567f52d788a8a6127101c13983a26281cd7ce9
355,10.5,0.088662,0xb7e17d6397a1279366908f32c0e963c9eac191f1,2017-09-01T15:20:12.000Z,0.008444,0x575e3fa1608ec75e20d91b383f15186d1228fe98,buy,0x960b236a07cf122663c4303350609a66a7b288c0,0x482b69ffb518ad70c1c85de208d307a20b4d0bbf0ac9e0e2d35f4b2b0d280817
356,98.37891194638426,0.600111362872944,0x575e3fa1608ec75e20d91b383f15186d1228fe98,2017-09-01T12:50:07.000Z,0.0061,0xd5c2125ed1a5343eb195e28048bf1db66f31dffe,sell,0x960b236a07cf122663c4303350609a66a7b288c0,0xee78031aa55f6581de30f075935e06032911a057ff9e3db24cb36d34211c5d03
357,240.03090419698933,1.7258222011763533,0x00aa12f6d17212ed0c2764e7731f7906235415a8,2017-09-01T12:25:40.000Z,0.00719,0xd5c2125ed1a5343eb195e28048bf1db66f31dffe,sell,0x960b236a07cf122663c4303350609a66a7b288c0,0x3409d72409e1338aca88131ef2c491c0fb976d6dc0a4ec8d3dbccb86ff1522b8
358,163.58675205059907,1.1614659395592535,0x575e3fa1608ec75e20d91b383f15186d1228fe98,2017-09-01T12:24:32.000Z,0.0071,0xd5c2125ed1a5343eb195e28048bf1db66f31dffe,sell,0x960b236a07cf122663c4303350609a66a7b288c0,0x606adc4da090e4011ff6e6ca37a337b9db7c3811352ae5801af7433642c8a3da
359,139,0.999549,0x8b6d5e86386db4d4e2198344c17422c1838f8b20,2017-09-01T12:24:32.000Z,0.007191,0xd5c2125ed1a5343eb195e28048bf1db66f31dffe,sell,0x960b236a07cf122663c4303350609a66a7b288c0,0x370e0d55a18c2eddaf29596752f439ec27545f644b6b8f1e4c06294577644abd
360,9.969095803010667,0.0716777988236467,0x00aa12f6d17212ed0c2764e7731f7906235415a8,2017-08-31T05:49:26.000Z,0.00719,0xd7b69a37104ba4e9f8b3b418d73bc7c7ced13c1a,sell,0x960b236a07cf122663c4303350609a66a7b288c0,0xad04bd7fa97691b807cd13ea415f11e8581de09c996e7dd505c578b8bb44ffee
361,11.7932554612169,0.09198739259749182,0xa5a30418bfefa5637683b9753f25a99871eea252,2017-08-30T20:36:08.000Z,0.0078,0x03779efad7c84eacaea6f3bb20c2f3d94033a2bd,buy,0x960b236a07cf122663c4303350609a66a7b288c0,0x6764996d7c87d37f3c567c9c2da8b8bf4dd3ab0fd696a6a3da2eaec71637b334
362,0.2067445387831,0.00161260740250818,0xa5a30418bfefa5637683b9753f25a99871eea252,2017-08-30T20:32:33.000Z,0.0078,0x03779efad7c84eacaea6f3bb20c2f3d94033a2bd,buy,0x960b236a07cf122663c4303350609a66a7b288c0,0x1db4184cfd0ad7beec0f8f916173d6de3626b54d571787a43af66627ee29e6e4
363,12,0.08616,0x03779efad7c84eacaea6f3bb20c2f3d94033a2bd,2017-08-30T17:45:10.000Z,0.00718,0xb8de3184dcf4ee4200f4f215da301598e101fad4,sell,0x960b236a07cf122663c4303350609a66a7b288c0,0x2dd128db2dfec79d3b6a498f8e8a5621a8c0e00b5affcc57d6121be1c6135cbf
364,40,0.37192,0x95a95cdc4f948d40caf9fe827ac8402772616fb3,2017-08-30T15:11:44.000Z,0.009298,0x8b6d5e86386db4d4e2198344c17422c1838f8b20,buy,0x960b236a07cf122663c4303350609a66a7b288c0,0xc79030c0ec8bee48eb5026ac489a42a4a7da2d3fe5ae1638fd94383bd9ef62c4
365,0.05,0.0004645,0x98f0deb428b74fb5302d250af5d55e77c8519f2a,2017-08-30T13:43:42.000Z,0.00929,0x5347f352b546d1d409f186d665544bfd080d4f6f,buy,0x960b236a07cf122663c4303350609a66a7b288c0,0x4cf3f4291954653a5194050533baffe313e1834ab61a931b9180bbe8d91d944f
366,4.9845479015053336,0.035390290100687866,0x575e3fa1608ec75e20d91b383f15186d1228fe98,2017-08-30T06:06:44.000Z,0.0070999999999999995,0x20f3027ff5affdfada79581122dcbd9309e4bf46,sell,0x960b236a07cf122663c4303350609a66a7b288c0,0x75a8feb8f76f3842093c75144d9a7152ea20a832ed297ac206311aab71b45c79
367,107.538,0.999995862,0x77c43d33633850504c19b40abd6dca43988bef2b,2017-08-30T03:40:19.000Z,0.009299,0x5347f352b546d1d409f186d665544bfd080d4f6f,buy,0x960b236a07cf122663c4303350609a66a7b288c0,0x304c26782cff7d2c96715fed51ac05089116f1fc2258586f5cf92d89381b6de6
368,19.787,0.183999313,0x741e306946384c7909386463b5cd73c8681885fc,2017-08-30T03:17:40.000Z,0.009299,0x5347f352b546d1d409f186d665544bfd080d4f6f,buy,0x960b236a07cf122663c4303350609a66a7b288c0,0x2dccea3c293911668f35f02c95cc652f4eb00ae72ed06342ded110ed219abede
369,24.865506647386916,0.1989240531790953,0x2a0851f39f676bf0a008194575140c9ed058f921,2017-08-30T01:32:17.000Z,0.008,0x1f1638dace3175b7a20d7c1764fa239a7db58fd4,sell,0x960b236a07cf122663c4303350609a66a7b288c0,0xd2586d38f44422eadda7748569ae7098b7381f98077d81932d37fc6f52e855cb
370,40,0.3244,0x8b6d5e86386db4d4e2198344c17422c1838f8b20,2017-08-30T01:11:59.000Z,0.00811,0x097501c95264ad3204159efaefdc5820783dbeae,sell,0x960b236a07cf122663c4303350609a66a7b288c0,0x4b1fc1c17b795df5b17bf5033bd103ce8fa391cb84241ea1da0ae6218293744b
371,20,0.163,0xa79fcf7377a2b42a86bfe8f2029e1d77854db831,2017-08-30T01:09:55.000Z,0.00815,0x097501c95264ad3204159efaefdc5820783dbeae,sell,0x960b236a07cf122663c4303350609a66a7b288c0,0x4a9c6ab14a8319739d703a5fc6469f267353260faa689eda5a4bbe109ea7f673
372,10,0.082,0x3ac91e029c9f119516e2b94a996352aed9766db9,2017-08-30T01:08:11.000Z,0.0082,0x097501c95264ad3204159efaefdc5820783dbeae,sell,0x960b236a07cf122663c4303350609a66a7b288c0,0xb9d02937880d16f792967381116a497f0d32605c8299c23138fce9b09a307546
373,15,0.126,0xa79fcf7377a2b42a86bfe8f2029e1d77854db831,2017-08-30T00:18:57.000Z,0.0084,0x1f1638dace3175b7a20d7c1764fa239a7db58fd4,sell,0x960b236a07cf122663c4303350609a66a7b288c0,0x037281d6389c2dee3501e61e7715920dcebcdbd4a27ebb3e77a6dbd35bd32582
374,43.29893058403308,0.3680409099642812,0x565cd05008db81f1fc467bc831515874f54237cf,2017-08-30T00:13:37.000Z,0.0085,0x1f1638dace3175b7a20d7c1764fa239a7db58fd4,sell,0x960b236a07cf122663c4303350609a66a7b288c0,0x610eaaeb526192225bcca7468262b0d41ace5b13e48b43f462bfd5cdcbb73ad1
375,5.333,0.047997,0xab4dd5a9d18767e2bb9368a5b2e21671173b2db5,2017-08-29T23:54:39.000Z,0.009,0x82e096b1751dfa153ae43b4a0270ec70b36aa340,buy,0x960b236a07cf122663c4303350609a66a7b288c0,0x5bf47f98a6936760f3673e01f44517e923e7bf0c53aa575e3078041aa640404b
376,1.7010694159669177,0.0144590900357188,0x565cd05008db81f1fc467bc831515874f54237cf,2017-08-29T12:22:43.000Z,0.0085,0xf71e48a86109f40405859ecefd78b4374e03f68d,sell,0x960b236a07cf122663c4303350609a66a7b288c0,0x5315f889b2c4e4286afb7b8fa43cebc5a77d920ed8ee5099c1376a1f231c41f1
377,115,1.0005,0x565cd05008db81f1fc467bc831515874f54237cf,2017-08-29T12:15:07.000Z,0.0087,0xf71e48a86109f40405859ecefd78b4374e03f68d,sell,0x960b236a07cf122663c4303350609a66a7b288c0,0xabf5734ff17545e1edebd5034e729e0c1bd487d9df4c39bea50826ac0a826646
