,amount,amountBase,buyer,date,price,seller,side,tokenAddr,txHash
0,0.22727272,0.0005,0x3075f7f189912f4f425dd7021b9c396434197477,2017-11-02T15:34:25.000Z,0.0022000000704000024,0xb93a078abdb29806b94c4270494bd47a071abaaf,buy,0xa7f976c360ebbed4465c2855684d1aae5271efa9,0xde89be4972f21d07137a2ba17960c738588ec76f8e4cb08c4cfd0072e3918379
1,242.52,0.3734808,0xced732ca92cb4f040239c4e8c85f14acbb5db000,2017-11-02T11:39:10.000Z,0.00154,0xb93a078abdb29806b94c4270494bd47a071abaaf,buy,0xa7f976c360ebbed4465c2855684d1aae5271efa9,0x2385c832bf1a5a26b2aa57bab26f60032e6c7e2ec1131b72dd28616977c490b5
2,120,0.264,0x3d66acb9c5b0dc1a24855645778ed966bb795ecf,2017-11-02T11:33:10.000Z,0.0022,0x422d7c1f2f04e7582163d1381a436516f4de3c2a,sell,0xa7f976c360ebbed4465c2855684d1aae5271efa9,0x8842a3003922ab6c4110a4b65c52b17179822f46952c7364c10f0794a244b4fb
3,120.47999999,0.18553919999999996,0x422d7c1f2f04e7582163d1381a436516f4de3c2a,2017-11-02T11:33:10.000Z,0.0015400000001278217,0xb93a078abdb29806b94c4270494bd47a071abaaf,buy,0xa7f976c360ebbed4465c2855684d1aae5271efa9,0x8842a3003922ab6c4110a4b65c52b17179822f46952c7364c10f0794a244b4fb
4,219.621,0.5490525,0xeb772f9b86bbbe88136ebc190170fc09b220b31a,2017-11-02T09:18:14.000Z,0.0025,0x7cbdad3fb970dc81c17c72d7beddbb0416aae122,sell,0xa7f976c360ebbed4465c2855684d1aae5271efa9,0xaaecc07546a5d2fe64c1582e64b69d59dee2cf4c3fe2fadb38dabad945af42df
5,0.02794845,0.000069871125,0xeb772f9b86bbbe88136ebc190170fc09b220b31a,2017-11-02T09:08:40.000Z,0.0025,0xdd46b3ed8748ccc5cc9f23dc490f3a7feffdf1d5,sell,0xa7f976c360ebbed4465c2855684d1aae5271efa9,0x839a8778f09b72550605ebf508976e537654231e55ef62c7e6ad97861998e25d
6,244,0.598044,0xa2bb45002fde61814a019c023456afa0c35e4b3b,2017-11-01T18:49:59.000Z,0.002451,0x7cbdad3fb970dc81c17c72d7beddbb0416aae122,sell,0xa7f976c360ebbed4465c2855684d1aae5271efa9,0xaeb3be89b63d6fc3cfc6b824a35f249efc4fecee8fdd6b9f407bc37c44da3b86
7,99.69095803,0.24434253813153,0xa2bb45002fde61814a019c023456afa0c35e4b3b,2017-11-01T13:40:54.000Z,0.002451,0xd452583ce5f9f930e6aac906276f52070ca2a338,sell,0xa7f976c360ebbed4465c2855684d1aae5271efa9,0xbd6c618e53cbf2e93a807ff8ccd7e6e229126914d323bf84651ab23a51f2f82f
8,186.19978067,0.409658137452067,0x3dee4a4e076e8d82859d241db0baf46f112cfa23,2017-11-01T07:03:01.000Z,0.0022001,0x39c122da4cca59f5a1caf9aafb8ab780656e6b50,sell,0xa7f976c360ebbed4465c2855684d1aae5271efa9,0xa598baba80ee2e19f3dbb994dffec5f5c40b71a8f9438ff780985561d33e2c80
9,99.69095803,0.219320107666,0x7cbdad3fb970dc81c17c72d7beddbb0416aae122,2017-11-01T03:41:56.000Z,0.0022,0x31c8a47c2b84ad46162316d1c82f6e226ab1a80b,sell,0xa7f976c360ebbed4465c2855684d1aae5271efa9,0xa0421a455c678753283fa5f36037104ae83c9f980a866d901aa32158ab6937cf
10,31.57910477,0.069474030494,0x7cbdad3fb970dc81c17c72d7beddbb0416aae122,2017-11-01T01:15:52.000Z,0.0022,0x1451dbe4304a60b5b25b4d98b355effd440417af,sell,0xa7f976c360ebbed4465c2855684d1aae5271efa9,0xa9ecbe04fade520cdf68993e2761531a14e68de6bbd4e8368e8ab2c0af0ebc48
11,70.73752965,0.1591701938170068,0x7cbdad3fb970dc81c17c72d7beddbb0416aae122,2017-10-31T17:56:54.000Z,0.002250152,0x46c24e504d8d29a34e7daa3ab20e32f6e3d5eccb,sell,0xa7f976c360ebbed4465c2855684d1aae5271efa9,0x06f0cda67f3fc51a1d28ebcab6a9a0fcab9fbe0115d532c838ec09d5b77a6e11
12,0.141,0.00037225692,0x7cbdad3fb970dc81c17c72d7beddbb0416aae122,2017-10-31T05:51:46.000Z,0.00264012,0xe444a40689f51f63bcd29910622035707d533d29,sell,0xa7f976c360ebbed4465c2855684d1aae5271efa9,0xdd07bd3d53ecf25b1206576bc725dfcc9e09905c32a06d8cd5f8f751996f1211
13,0.01,0.000032699,0x0c4085d8e714ca77ac5f46cd2b80a92d238a7cd3,2017-10-31T01:15:49.000Z,0.0032699,0x7cbdad3fb970dc81c17c72d7beddbb0416aae122,buy,0xa7f976c360ebbed4465c2855684d1aae5271efa9,0x1279676db0057ed6e815b028f4fb39dd0691e8d9fdf8f229d1fc15affaeab926
14,0.00000876,0.000000028909483383,0x40abd05db682fcc24230e28551c0c9ccb5e8cb4d,2017-10-30T21:31:55.000Z,0.0033001693359589043,0x7cbdad3fb970dc81c17c72d7beddbb0416aae122,buy,0xa7f976c360ebbed4465c2855684d1aae5271efa9,0x3e73693e3c655880e8d4e64cfdc23710413b8544c96e2368260c7f2dde3bea7c
15,0.08787899,0.000289991027813777,0x40abd05db682fcc24230e28551c0c9ccb5e8cb4d,2017-10-30T20:44:38.000Z,0.0032998903129607773,0x7cbdad3fb970dc81c17c72d7beddbb0416aae122,buy,0xa7f976c360ebbed4465c2855684d1aae5271efa9,0x6bcbde9e81713a520aa82f2ebcef71427877229c2fe08d3dfb25a038fd714bce
16,12.283,0.03242847113,0x7cbdad3fb970dc81c17c72d7beddbb0416aae122,2017-10-30T14:19:26.000Z,0.00264011,0x1fcb47677fcb4a3c7a346b904de488df2deb69c4,sell,0xa7f976c360ebbed4465c2855684d1aae5271efa9,0x75d9d7ef88a9a450aeeaa23d1b994d9b7f82f65f4a51ae47483b06f581bc129f
17,47.71675855,0.13360692394,0xa2bb45002fde61814a019c023456afa0c35e4b3b,2017-10-30T14:17:10.000Z,0.0028,0x1fcb47677fcb4a3c7a346b904de488df2deb69c4,sell,0xa7f976c360ebbed4465c2855684d1aae5271efa9,0x02c16507f2e6f9a4850924cb82143347af7ae7886981ea6259ef4abfcb6c6afc
18,237.08002801,0.6259173527494811,0x7cbdad3fb970dc81c17c72d7beddbb0416aae122,2017-10-30T14:02:31.000Z,0.00264011,0xafb9da63edfccaa824e7b3aacd79023b97b43a4e,sell,0xa7f976c360ebbed4465c2855684d1aae5271efa9,0xb375308532353d14fd3c24294a71d4055370b0b9e98798a0914dd4a97a496f74
19,63.752,0.1785056,0x7cbdad3fb970dc81c17c72d7beddbb0416aae122,2017-10-30T13:22:54.000Z,0.0028,0x15ce29bde42348b97b2cce58c128e39d8e453947,buy,0xa7f976c360ebbed4465c2855684d1aae5271efa9,0xe0703fd78a43bc2fe3d496225c1d762e00a57c13e2fb17a40a43f229fbb4ac3a
20,0.177,0.0004956,0xa2bb45002fde61814a019c023456afa0c35e4b3b,2017-10-30T03:04:27.000Z,0.0028,0x16e5d97bbc92417e051e3b2cabfbf8ceea2acb9c,sell,0xa7f976c360ebbed4465c2855684d1aae5271efa9,0xc4f04657887a0a7515fa0b1b7d27e82a5c4580567149ac0ecff6ab1d9f3e8079
21,0.168,0.0004704,0xa2bb45002fde61814a019c023456afa0c35e4b3b,2017-10-30T03:02:04.000Z,0.0028,0x379374d13077e8867ef31803c37baf9785a17c00,sell,0xa7f976c360ebbed4465c2855684d1aae5271efa9,0xfa94ec8cb486c777941b529975c4cdd968751076ff820ab7513f3c45fe03ed5d
22,256.93824145,0.71942707606,0xa2bb45002fde61814a019c023456afa0c35e4b3b,2017-10-29T17:18:25.000Z,0.0028,0x6fa34230e1ed056261b2a1fdcc61947584b6b517,sell,0xa7f976c360ebbed4465c2855684d1aae5271efa9,0xba507614e366f6837a558500aea5d5065db25eaf03f7b2ca652d0c5b58830594
23,18.37,0.062454326,0xa2bb45002fde61814a019c023456afa0c35e4b3b,2017-10-29T17:10:30.000Z,0.0033998,0x7cbdad3fb970dc81c17c72d7beddbb0416aae122,buy,0xa7f976c360ebbed4465c2855684d1aae5271efa9,0xdd87bfa403f1c779bb39ad9bd9e7efb71a5ec603fc11c5d26bd0534f78755cd6
24,1.63,0.00488837,0xa2bb45002fde61814a019c023456afa0c35e4b3b,2017-10-29T17:09:35.000Z,0.002999,0x7cbdad3fb970dc81c17c72d7beddbb0416aae122,buy,0xa7f976c360ebbed4465c2855684d1aae5271efa9,0x9a693f53b888928c52b13b69223f5d837fb75369bb176b0b6ad17701d1ce2728
25,60,0.137994,0xd445f61ebca3d6b4c57eef1f39fdab6595ef8972,2017-10-29T12:53:59.000Z,0.0022999,0x7cbdad3fb970dc81c17c72d7beddbb0416aae122,buy,0xa7f976c360ebbed4465c2855684d1aae5271efa9,0x85217a1b70962a1caaef21fe62571044b863b97f81e91640a971d2c27da51f68
26,59.82,0.1495511964,0x7cbdad3fb970dc81c17c72d7beddbb0416aae122,2017-10-29T12:53:59.000Z,0.00250002,0xd445f61ebca3d6b4c57eef1f39fdab6595ef8972,sell,0xa7f976c360ebbed4465c2855684d1aae5271efa9,0x85217a1b70962a1caaef21fe62571044b863b97f81e91640a971d2c27da51f68
27,10.97973083,0.03075434683186913,0x7cbdad3fb970dc81c17c72d7beddbb0416aae122,2017-10-28T21:30:00.000Z,0.002801011,0x0c1fee1dc74a768d4071bc390d40f0c5a7ed8cdd,sell,0xa7f976c360ebbed4465c2855684d1aae5271efa9,0x19099660f8db0f8fc44da5af96e76d007a05bb76af22a758badbe00fec399f6b
28,0.14289797,0.0005,0x34f9560c63078eb61872a4dc2ccd20e21c34feaf,2017-10-28T21:07:06.000Z,0.00349900002078406,0x7cbdad3fb970dc81c17c72d7beddbb0416aae122,buy,0xa7f976c360ebbed4465c2855684d1aae5271efa9,0x2dae1d56c47b5f24799907763400a8bb810c46e48480c1585e088f6092ccd4c7
29,0.14289797,0.0005,0xe444a40689f51f63bcd29910622035707d533d29,2017-10-28T21:05:26.000Z,0.00349900002078406,0x7cbdad3fb970dc81c17c72d7beddbb0416aae122,buy,0xa7f976c360ebbed4465c2855684d1aae5271efa9,0xacc0b2cc6ae6819a69ecf1a25269f51da4be0d9043ac8669b4033e346e18fbfe
30,50.30238469,0.14089753284292159,0x7cbdad3fb970dc81c17c72d7beddbb0416aae122,2017-10-28T17:25:25.000Z,0.002801011,0x1ed014aec47fae44c9e55bac7662c0b78ae61798,sell,0xa7f976c360ebbed4465c2855684d1aae5271efa9,0xeede848e8d0f9212ed34e6f90cd68637fa62d3665fac127b2c8ac6b4ac1ac5c6
31,1.359676,0.0039766443972,0x57cef080db9482c79becff1bf23931c0b20a09a9,2017-10-28T16:37:15.000Z,0.0029247,0x0a6a437487d3d88e1f86df46cc03ac4a3f0a1ec0,sell,0xa7f976c360ebbed4465c2855684d1aae5271efa9,0xb0fc09c317f4f1ad075d9097e0152679d773bab753400be05c1bbf4096087acc
32,91,0.2548919191,0xced732ca92cb4f040239c4e8c85f14acbb5db000,2017-10-28T15:49:18.000Z,0.0028010101,0xe0e8e77de471ebf9b4841725910c3273fe95b8eb,sell,0xa7f976c360ebbed4465c2855684d1aae5271efa9,0xd4d3bb04510e2026b2c457a518fd262f4914397bcfd5584c8f82c31641191a5d
33,1000,2.802,0xced732ca92cb4f040239c4e8c85f14acbb5db000,2017-10-28T15:41:26.000Z,0.002802,0xe0e8e77de471ebf9b4841725910c3273fe95b8eb,sell,0xa7f976c360ebbed4465c2855684d1aae5271efa9,0xa81f807d1ae693fc6bbe3e88f55b56c11157f1b9f26e266c130177a778374f48
34,1000,2.802222,0xced732ca92cb4f040239c4e8c85f14acbb5db000,2017-10-28T15:41:26.000Z,0.002802222,0xe0e8e77de471ebf9b4841725910c3273fe95b8eb,sell,0xa7f976c360ebbed4465c2855684d1aae5271efa9,0xa8044cec0bfdd223891345fe274b76ba27e09e99c80f0de01cc468a7f3e39ff1
35,0.00001624,0.000000061570608737,0xafff5c7a5933e5216141e09710be9cc159cb6388,2017-10-28T14:07:37.000Z,0.003791293641440887,0xe105c03fbfd97f87b90c599b50c450c859c218fc,buy,0xa7f976c360ebbed4465c2855684d1aae5271efa9,0xf83656958e45228248350f04e95a79db479985a240fca1ab1be28b9eec87943e
36,0.16295904,0.000617614776245055,0xafff5c7a5933e5216141e09710be9cc159cb6388,2017-10-28T13:52:33.000Z,0.0037900000898695462,0xe105c03fbfd97f87b90c599b50c450c859c218fc,buy,0xa7f976c360ebbed4465c2855684d1aae5271efa9,0x7b6a5e6cfc56518f3fec2a81a1dfd0024044bec65e5f333f3bead7d53102d20b
37,396.89857975,1.377238032042642,0xb5857b45c02279e3d89aba94dd3744fe4347a83a,2017-10-28T04:44:56.000Z,0.0034699999,0xced732ca92cb4f040239c4e8c85f14acbb5db000,buy,0xa7f976c360ebbed4465c2855684d1aae5271efa9,0xb16b5230ba6845ce6ae0e25d8826ad5515b594e295e49a8766d30007107f5726
38,103.10142025,0.35776191795735796,0xa2bb45002fde61814a019c023456afa0c35e4b3b,2017-10-27T21:21:31.000Z,0.0034699999,0xced732ca92cb4f040239c4e8c85f14acbb5db000,buy,0xa7f976c360ebbed4465c2855684d1aae5271efa9,0x9f9b7a724413368254457a6966a5d602f965485f80b27994cabf142ee844e9c6
39,381.899,1.21825781,0xa2bb45002fde61814a019c023456afa0c35e4b3b,2017-10-27T21:17:07.000Z,0.00319,0xcfd5d60e0f447636f1643cd9b7a9547062cb0863,buy,0xa7f976c360ebbed4465c2855684d1aae5271efa9,0x819c699fc568f0ec662fa920c756793e0bba1a537f850533b900638fac093270
40,0.00686131,0.00001915677752,0xb44036fbb953d401184a722b0692609e9c629d9f,2017-10-27T19:26:58.000Z,0.002792,0xe006cfab550b10688942a6bd44fa4ebb844d7eb1,sell,0xa7f976c360ebbed4465c2855684d1aae5271efa9,0x6c65c8944f037031699eb13393f0a1e341274727a3b4cdaa3c346f309585a462
41,68.82580799,0.1920928369826708,0x7cbdad3fb970dc81c17c72d7beddbb0416aae122,2017-10-27T19:24:49.000Z,0.0027910001,0xe006cfab550b10688942a6bd44fa4ebb844d7eb1,sell,0xa7f976c360ebbed4465c2855684d1aae5271efa9,0xee1ce7b8e179bd2ec328ec7e56bd8d64e369216f9fb1a2a149a8e69a23d70a41
42,130.3957731,0.3638043373447731,0x7cbdad3fb970dc81c17c72d7beddbb0416aae122,2017-10-27T13:57:51.000Z,0.002790001,0x9c299486fc9b5b1ba1dbe2d6d93e3580f9a64995,sell,0xa7f976c360ebbed4465c2855684d1aae5271efa9,0x6b15a858a1e858b431de19d9a6f3f95cdc9706bf8bd5465ba5589e3f8273c085
43,33.69554381,0.0916518791632,0x28abb83a4b25416fbf04641b5ead04cff294f9a9,2017-10-27T13:33:47.000Z,0.00272,0xa73de997a32a8f9bcefecc918c4aa607030761b8,sell,0xa7f976c360ebbed4465c2855684d1aae5271efa9,0xf9e21f7d81f68eeb6c468ad8b05167516ef1f09b6e44af09d089b5b547c2021e
44,231,0.72765,0xf129edee919a9ae8d7bd5ea733df93db1e841362,2017-10-27T13:30:18.000Z,0.00315,0xcfd5d60e0f447636f1643cd9b7a9547062cb0863,buy,0xa7f976c360ebbed4465c2855684d1aae5271efa9,0x543baa28a5e42a3e9d7e04889b2698177b72b3056af30154adf90f976d17c6f3
45,231,0.72765,0xf129edee919a9ae8d7bd5ea733df93db1e841362,2017-10-27T13:30:10.000Z,0.00315,0xcfd5d60e0f447636f1643cd9b7a9547062cb0863,buy,0xa7f976c360ebbed4465c2855684d1aae5271efa9,0x543baa28a5e42a3e9d7e04889b2698177b72b3056af30154adf90f976d17c6f3
46,99.19298663,0.2757565028314,0xb44036fbb953d401184a722b0692609e9c629d9f,2017-10-27T13:27:24.000Z,0.00278,0x7cbdad3fb970dc81c17c72d7beddbb0416aae122,sell,0xa7f976c360ebbed4465c2855684d1aae5271efa9,0xbdf8ad939191f2aa57ee2e5e8b13d24d8c3edbbeacb1006edac5e82818b50748
47,100,0.34,0x98b35e9447c24e45a187d8cd8d275a2e83f8f01b,2017-10-27T13:23:10.000Z,0.0034,0xcfd5d60e0f447636f1643cd9b7a9547062cb0863,sell,0xa7f976c360ebbed4465c2855684d1aae5271efa9,0xa36b01f78fb2beb1fa8a939a400177f558fa68331b199529716da6a359083aef
48,28.6,0.0778206,0x7cbdad3fb970dc81c17c72d7beddbb0416aae122,2017-10-27T09:26:00.000Z,0.002721,0x51366fe3d005453439a17a46fecd181d03a2d787,buy,0xa7f976c360ebbed4465c2855684d1aae5271efa9,0x002123e719663f4265482534a897fcc6347d43e2123bde35c36b002229d8e2c0
49,500,1.3605,0xced732ca92cb4f040239c4e8c85f14acbb5db000,2017-10-26T23:02:40.000Z,0.002721,0xb598be36c1c4e07d9ba4b1b2d9cfd825623e05de,sell,0xa7f976c360ebbed4465c2855684d1aae5271efa9,0xf477f997adae2d8580f973a36ffbe6a57625e1407131f875d803baa3129727df
50,691.45648489,1.832360376414985,0x7cbdad3fb970dc81c17c72d7beddbb0416aae122,2017-10-26T03:21:30.000Z,0.002650001,0x0a24e3ea1fb8cdba843013635c94a614cd55deba,sell,0xa7f976c360ebbed4465c2855684d1aae5271efa9,0x13b74246da4768a098411c0496080a9c6b147163c2972108da13538d0a17754d
51,120.03856843,0.31810232637806846,0x7cbdad3fb970dc81c17c72d7beddbb0416aae122,2017-10-26T01:18:57.000Z,0.002650001,0x65d77c4c24a938efb718de5f9736e7a01bc0e074,sell,0xa7f976c360ebbed4465c2855684d1aae5271efa9,0x845da78586a769e9e6971a0d4cee39a9a349fa21cf8bd1f6e1dec5839df452ff
52,24,0.072,0x7cbdad3fb970dc81c17c72d7beddbb0416aae122,2017-10-25T22:36:32.000Z,0.003,0x024cd921773ac699abbaf0e8f8e75c13fdc43d35,buy,0xa7f976c360ebbed4465c2855684d1aae5271efa9,0x3a9d08b84efb880a449f049fb5619a7b75a550b8c3452dc09ce2839b36986865
53,234.57577509,0.6122434767122252,0x7cbdad3fb970dc81c17c72d7beddbb0416aae122,2017-10-25T19:23:42.000Z,0.002610003,0x3d53269e7e2464b859a099cb4e8c0ff53b1ddd26,sell,0xa7f976c360ebbed4465c2855684d1aae5271efa9,0xd3e660733bab93c2c392a06f659db75f1351cdb909614a3278408cb7d5df60c7
54,246.00538331,0.6396142426113833,0x7cbdad3fb970dc81c17c72d7beddbb0416aae122,2017-10-25T15:10:39.000Z,0.002600001,0xf1083c2984e351c02e94ba4f19ae82c05db06f3c,sell,0xa7f976c360ebbed4465c2855684d1aae5271efa9,0xf186b179496627807879dad2a8c37f0770de419cc978cb0b08643e7b0ccace49
55,0.5,0.0015,0xe1fa699860444be91d366c21de8fef56e3dec77a,2017-10-25T02:26:42.000Z,0.003,0xcfd5d60e0f447636f1643cd9b7a9547062cb0863,buy,0xa7f976c360ebbed4465c2855684d1aae5271efa9,0x695f876799c6892141065cc78931927b27e34e5d4f62d9d7a3f0f7222606ec58
56,94.50702821,0.2381578055962282,0x7cbdad3fb970dc81c17c72d7beddbb0416aae122,2017-10-25T02:07:03.000Z,0.002520001,0x15ce29bde42348b97b2cce58c128e39d8e453947,sell,0xa7f976c360ebbed4465c2855684d1aae5271efa9,0xfc14fd21e024f3a3394867625b42edca828dcef3757daa0432d559b0f70a867f
57,88.16269564,0.2213950429181244,0x3dee4a4e076e8d82859d241db0baf46f112cfa23,2017-10-24T20:21:18.000Z,0.00251121,0x54b4e3fb904aadbf7d80aae42306b35b398e41d0,sell,0xa7f976c360ebbed4465c2855684d1aae5271efa9,0x6b34c9dbaa69a0a5664f3a49cfeafc67621fd42519d7c264d003659349e48b6c
58,1049.11950332,2.63433907283652,0x7cbdad3fb970dc81c17c72d7beddbb0416aae122,2017-10-24T09:12:39.000Z,0.002511,0x860ead34c3a0d880954af66fea87a60390cd0d83,sell,0xa7f976c360ebbed4465c2855684d1aae5271efa9,0xa7bb79fe73e8c5ecc758990cb65e83f5800a68a1f8cc8e0397068c2978e60ddd
59,500,1.4005,0x7cbdad3fb970dc81c17c72d7beddbb0416aae122,2017-10-24T02:06:42.000Z,0.002801,0xb4694d403fafb9635d2e345fa33b4d21d93673b9,sell,0xa7f976c360ebbed4465c2855684d1aae5271efa9,0xef190caafc4639107fadf0551b9b7a37a17be82cbeee63905ee2de9e46965b9e
60,800,2.24,0xa2bb45002fde61814a019c023456afa0c35e4b3b,2017-10-24T02:06:42.000Z,0.0028,0xb4694d403fafb9635d2e345fa33b4d21d93673b9,sell,0xa7f976c360ebbed4465c2855684d1aae5271efa9,0x9d183c00a4d6d9af90e1b3998bcae5c80217146db50697fc0a43727c622126a7
61,268,0.721188,0xcfd5d60e0f447636f1643cd9b7a9547062cb0863,2017-10-23T15:48:30.000Z,0.002691,0xb297e96ff935edbbf128bf9d634a9ff0e570a3dd,buy,0xa7f976c360ebbed4465c2855684d1aae5271efa9,0x13fab46ddb091c72abe98ab9c887968c7dcc34088d2f7c4746ff6f918e181612
62,353.19558385,0.81277367755562,0x7cbdad3fb970dc81c17c72d7beddbb0416aae122,2017-10-22T12:31:59.000Z,0.0023012,0x4408530f567419feceeb8472db72596354c3bdfd,sell,0xa7f976c360ebbed4465c2855684d1aae5271efa9,0x41d2bc1e71002b4e1c393335feda2903e41d06a4db299528f211367258bbbb8a
63,291.85522713,0.67155887762613,0x7cbdad3fb970dc81c17c72d7beddbb0416aae122,2017-10-22T09:32:40.000Z,0.002301,0x860ead34c3a0d880954af66fea87a60390cd0d83,sell,0xa7f976c360ebbed4465c2855684d1aae5271efa9,0x58cb65426ff0a2dda24eb03c0a7b3abf56e9d7c38c4c0c7d5a1d56d379f92946
64,84.08159898,0.3178284441779333,0x0571302ea04a020ca3fcebfe2d637e40a4dd55cd,2017-10-22T04:59:10.000Z,0.003780000000398819,0x3dee4a4e076e8d82859d241db0baf46f112cfa23,buy,0xa7f976c360ebbed4465c2855684d1aae5271efa9,0xe3b2ff06c2ed2926fbfdc887843c17cd0e3bbfe86282445100739e500d88e212
65,500,1.3625005,0x3dee4a4e076e8d82859d241db0baf46f112cfa23,2017-10-22T04:16:58.000Z,0.002725001,0x4422faacf2bb8bd836e330937f00f2e18268cc4a,sell,0xa7f976c360ebbed4465c2855684d1aae5271efa9,0xf9acc303fe7308ac1ae602bc0eaf81b2dda90185589e01f027e960198ffd4304
66,192.02555365,0.6932122486765,0x9edf986933ff266063571c7d875a70aed97512a3,2017-10-22T04:16:49.000Z,0.00361,0x4422faacf2bb8bd836e330937f00f2e18268cc4a,sell,0xa7f976c360ebbed4465c2855684d1aae5271efa9,0xe1e119b7f284be75bb065c065138807ab8b11ce3582f07c6d0a40d9ba0ae8f3d
67,500,1.680055,0x3dee4a4e076e8d82859d241db0baf46f112cfa23,2017-10-22T04:16:49.000Z,0.00336011,0x4422faacf2bb8bd836e330937f00f2e18268cc4a,sell,0xa7f976c360ebbed4465c2855684d1aae5271efa9,0xeb66403b351267d0cc0ad49435555f6cb3e1c5d924a674637b1b0f203361b416
68,2230,5.602652,0x33a0dbb1ee415cab9661d9c1f1676aad81873e5d,2017-10-22T04:16:49.000Z,0.0025124,0x4422faacf2bb8bd836e330937f00f2e18268cc4a,sell,0xa7f976c360ebbed4465c2855684d1aae5271efa9,0x5fd97bb8568643ed9b7f829a786efe674cf65c60f3813414d77e13cb160ec874
69,909.81860678,3.366328845086,0x4422faacf2bb8bd836e330937f00f2e18268cc4a,2017-10-22T03:45:57.000Z,0.0037,0x364b9c395ca9f79b7f844cea84f57c7c024ca626,sell,0xa7f976c360ebbed4465c2855684d1aae5271efa9,0x9891210ebd3e04537f34eaa8aae8465ea08496b6ee34f40af36e8d199adbd01b
70,13,0.0481,0x4422faacf2bb8bd836e330937f00f2e18268cc4a,2017-10-22T03:43:58.000Z,0.0037,0x364b9c395ca9f79b7f844cea84f57c7c024ca626,sell,0xa7f976c360ebbed4465c2855684d1aae5271efa9,0x629b3f56d8dd23bff5105a205b77f28944d09e0cbf86684327cbbf43522600ec
71,12,0.0444,0x4422faacf2bb8bd836e330937f00f2e18268cc4a,2017-10-22T03:43:27.000Z,0.0037,0x364b9c395ca9f79b7f844cea84f57c7c024ca626,sell,0xa7f976c360ebbed4465c2855684d1aae5271efa9,0x5bf6167ed9d41f4af01570491b12fdc6b50f841039df2e629e3b256d02acc909
72,335.0264181,1.23959774697,0x4422faacf2bb8bd836e330937f00f2e18268cc4a,2017-10-22T03:16:48.000Z,0.0037,0x9778550d76b07ac9f5e57392f68ecdf6efc1774e,sell,0xa7f976c360ebbed4465c2855684d1aae5271efa9,0xe30ceaca8f6b9559c52d6dbf561c16a14e63da27189d6ece8c0adba60674242b
73,210,0.777,0x4422faacf2bb8bd836e330937f00f2e18268cc4a,2017-10-22T02:09:12.000Z,0.0037,0x846fe155673f9fd3131be9b757d1ed9bd3d4853d,sell,0xa7f976c360ebbed4465c2855684d1aae5271efa9,0x41d1fc4da04015f9bb008591fabeeae97eaad4c27f16d538e66d545f6503e121
74,459.95497512,1.701833407944,0x4422faacf2bb8bd836e330937f00f2e18268cc4a,2017-10-22T01:54:10.000Z,0.0037,0xa7c5a812e42a5b8ec3caff07a3b6563b837263d3,sell,0xa7f976c360ebbed4465c2855684d1aae5271efa9,0xde22c7f569695363305cb9338c6b4d158f239db5f8a85b5d3fc4fe905fdfd202
75,2000,7.4,0x4422faacf2bb8bd836e330937f00f2e18268cc4a,2017-10-22T00:54:43.000Z,0.0037,0x922131a0ec60fae04bda9ec7b1677705aecac960,sell,0xa7f976c360ebbed4465c2855684d1aae5271efa9,0x133d761963ca68e264e3d71ebb48f9cd3f78c254491c6ff66e66c00ff128a2c0
76,811.32498113,3.0100156799923,0x9edf986933ff266063571c7d875a70aed97512a3,2017-10-22T00:53:58.000Z,0.00371,0x922131a0ec60fae04bda9ec7b1677705aecac960,sell,0xa7f976c360ebbed4465c2855684d1aae5271efa9,0x37b853c41d67e9e5967e5460d79973d7151d1344d5eb60e0e62d1a4dcaed1349
77,85.23576911,0.3162247033981,0x9edf986933ff266063571c7d875a70aed97512a3,2017-10-21T22:14:04.000Z,0.00371,0xfc451fc713435cd4d4892350e1517a4b2695e03b,sell,0xa7f976c360ebbed4465c2855684d1aae5271efa9,0xbaf8487d483f65ec86cd44d60b835761c834dec890e079ed477311eae43f11c5
78,0.00496968,0.0000184375128,0x9edf986933ff266063571c7d875a70aed97512a3,2017-10-21T20:40:13.000Z,0.00371,0xe33c1ef7bddedf0d2b4dad461360ec96beaa4e4c,sell,0xa7f976c360ebbed4465c2855684d1aae5271efa9,0x3c515eed308a60602c8fdd6b46db2d1546c40428b2eaf01dba0da5c2a962696a
79,49.85082081,0.1849465452051,0x9edf986933ff266063571c7d875a70aed97512a3,2017-10-21T20:38:29.000Z,0.00371,0xe33c1ef7bddedf0d2b4dad461360ec96beaa4e4c,sell,0xa7f976c360ebbed4465c2855684d1aae5271efa9,0xb9f096c10c465fc1492e3d3b69ca38f59974aa5b8bb9655aaa6c1826fc8c176e
80,53.58345927,0.1987946338917,0x9edf986933ff266063571c7d875a70aed97512a3,2017-10-21T20:33:54.000Z,0.00371,0xe33c1ef7bddedf0d2b4dad461360ec96beaa4e4c,sell,0xa7f976c360ebbed4465c2855684d1aae5271efa9,0x944d15f0ad7ff0743b2ad424e75a7349170e7ca9fd589cc5da88e3e95a91885d
81,199.2,0.73704,0x4422faacf2bb8bd836e330937f00f2e18268cc4a,2017-10-21T18:23:16.000Z,0.0037,0x04d5a4748ab863f26cfdd5d45a230c6e7da8818f,sell,0xa7f976c360ebbed4465c2855684d1aae5271efa9,0xa654284bdba10329a42e6c71add00e3e10fb1d7711e7b8966cf8b0c54b97b965
82,50,0.18505,0x7cbdad3fb970dc81c17c72d7beddbb0416aae122,2017-10-21T18:18:33.000Z,0.003701,0x04d5a4748ab863f26cfdd5d45a230c6e7da8818f,sell,0xa7f976c360ebbed4465c2855684d1aae5271efa9,0x8d9e603d770a3e722eb0545229ab584b74037d215156c520254bd3fa845d1359
83,498.45936176,1.84479809787376,0x7cbdad3fb970dc81c17c72d7beddbb0416aae122,2017-10-21T16:51:23.000Z,0.003701,0x5750c3507f0a9645bdc388e49c5dbe6ad9453076,sell,0xa7f976c360ebbed4465c2855684d1aae5271efa9,0x2fafa26b4951c7151dc52446b64fa5a12bf9409ed80ec3eda3782b09108fc305
84,45.85784069,0.16971986839369,0x7cbdad3fb970dc81c17c72d7beddbb0416aae122,2017-10-21T16:36:17.000Z,0.003701,0x5750c3507f0a9645bdc388e49c5dbe6ad9453076,sell,0xa7f976c360ebbed4465c2855684d1aae5271efa9,0xc45eeedf45125b53a836bc5f7804ae613952d4006b7e518596fbb8ff7eea5134
85,10,0.04,0x994731de7be59e5d82f36f8704173028aa13822b,2017-10-21T14:58:59.000Z,0.004,0xb52c171c94e15bb81419f18b301e22258ac3bc48,buy,0xa7f976c360ebbed4465c2855684d1aae5271efa9,0x5d8888e2bffa99b43a80de82cef3e96e6679ae40e7f54efe5fb1e9f8a914d733
86,130,0.5187,0xefa7abbd5fe2aef47b325619b0824d41835f5d6c,2017-10-21T01:48:00.000Z,0.00399,0x9edf986933ff266063571c7d875a70aed97512a3,buy,0xa7f976c360ebbed4465c2855684d1aae5271efa9,0x6908acbcf458f4a05eead110d30e61aebd8c2bb8846d0d6150fcb71d665641c9
87,258,1.029162,0xefa7abbd5fe2aef47b325619b0824d41835f5d6c,2017-10-21T01:45:21.000Z,0.003989,0x7cbdad3fb970dc81c17c72d7beddbb0416aae122,buy,0xa7f976c360ebbed4465c2855684d1aae5271efa9,0xa4dcf1bf72cd26e06cb91a9e3da42fe8b4ca999f9de58ba117c37a30197067be
88,9.82395,0.0340891065,0xefa7abbd5fe2aef47b325619b0824d41835f5d6c,2017-10-21T01:31:41.000Z,0.00347,0x4bfd978349caa18ee8b5d5b9dad37c25ea2bf627,buy,0xa7f976c360ebbed4465c2855684d1aae5271efa9,0x77ebeb952dcfbf4a987521160b8f07425672f2dd0deac0dd8f1fd88829885538
89,59.4168,0.236478864,0xefa7abbd5fe2aef47b325619b0824d41835f5d6c,2017-10-21T01:30:59.000Z,0.00398,0x04d5a4748ab863f26cfdd5d45a230c6e7da8818f,buy,0xa7f976c360ebbed4465c2855684d1aae5271efa9,0x84b991fd7ed95bbadcfbac2a335a38c8bd468455f33d3a910a39f25afd14771a
90,453,1.77123,0xefa7abbd5fe2aef47b325619b0824d41835f5d6c,2017-10-21T01:30:30.000Z,0.00391,0x12a1e8f498501c2cce0967f8b9717b28492fc668,buy,0xa7f976c360ebbed4465c2855684d1aae5271efa9,0xb2eae16ec90a091375855aa9b56a3844a0fff2074f0721222f7a8354725a75da
91,165.19,0.64572771,0xefa7abbd5fe2aef47b325619b0824d41835f5d6c,2017-10-21T01:30:17.000Z,0.003909,0x7cbdad3fb970dc81c17c72d7beddbb0416aae122,buy,0xa7f976c360ebbed4465c2855684d1aae5271efa9,0x96c9669dd69d54ecb63df34815afb47543897d03d4f56848c9cc9a343581f06c
92,165.19847016,0.55358007350616,0x7cbdad3fb970dc81c17c72d7beddbb0416aae122,2017-10-20T18:25:56.000Z,0.003351,0x1ed014aec47fae44c9e55bac7662c0b78ae61798,sell,0xa7f976c360ebbed4465c2855684d1aae5271efa9,0x09d568dede4691981194af0c4771af1808a6ef93a2dfff88f1f45ebc1873abc3
93,18,0.06246,0xdb95ffc525554da455565b6f68c2c3b0b74e8a16,2017-10-20T17:09:52.000Z,0.00347,0x4bfd978349caa18ee8b5d5b9dad37c25ea2bf627,buy,0xa7f976c360ebbed4465c2855684d1aae5271efa9,0xd92b4dd59ececdd74737810b7b96e1eac6d9fa6691e8cd549d69f5302ea4b376
94,365.358,1.2422172,0xdb95ffc525554da455565b6f68c2c3b0b74e8a16,2017-10-20T17:06:17.000Z,0.0034,0x192951bf692fdf4634e818df99e4f3954a6e3a35,buy,0xa7f976c360ebbed4465c2855684d1aae5271efa9,0x7319c7b3ef4a65611ed7130bea5e6a4bdf8a1205349181dd09941c474056d59c
95,31,0.1054,0xdb95ffc525554da455565b6f68c2c3b0b74e8a16,2017-10-20T16:50:38.000Z,0.0034,0x192951bf692fdf4634e818df99e4f3954a6e3a35,buy,0xa7f976c360ebbed4465c2855684d1aae5271efa9,0x71b4a152f55d7c4546bed0842be64554a94f626e09f28e77fef8b2dd80d61b72
96,100,0.34,0xdb95ffc525554da455565b6f68c2c3b0b74e8a16,2017-10-20T15:28:19.000Z,0.0034,0x4497dcdd22a495c1a19c4e0c6de275e3d0f84c7e,buy,0xa7f976c360ebbed4465c2855684d1aae5271efa9,0x3b6471b55432c639b1ad812e5597c899a0f7261959bce8952875ccea01026eb1
97,36.777,0.12246741,0xdb95ffc525554da455565b6f68c2c3b0b74e8a16,2017-10-20T15:28:15.000Z,0.00333,0x2997bff57eb0c1db3abd8448c1babf6ae7a12b5c,buy,0xa7f976c360ebbed4465c2855684d1aae5271efa9,0x85eaadc336dac3a03462f444e476ef1793bff430b8f5350bf93ab132e6fdbacd
98,498,1.668798,0x7cbdad3fb970dc81c17c72d7beddbb0416aae122,2017-10-20T14:53:17.000Z,0.003351,0x0a6a437487d3d88e1f86df46cc03ac4a3f0a1ec0,sell,0xa7f976c360ebbed4465c2855684d1aae5271efa9,0x2d3b9a9658029a52b5b40e69774344cbd221feee5a5ef64f2dd7cf3aa5f61f6d
99,20.2191925,0.067734294875,0x4422faacf2bb8bd836e330937f00f2e18268cc4a,2017-10-20T12:36:37.000Z,0.00335,0xc8aec25691ce21dcc905855c1162bf0bdce8cd55,sell,0xa7f976c360ebbed4465c2855684d1aae5271efa9,0xe81d1d93ddce0e1ddbe7e70bf4cdad02c3e9d48c554c77af9ddb0b7b1b9b2c33
100,30,0.0999,0x5fde446016bd7bca45360efcbd6e9b9896d3a4a4,2017-10-20T12:28:29.000Z,0.00333,0x2997bff57eb0c1db3abd8448c1babf6ae7a12b5c,buy,0xa7f976c360ebbed4465c2855684d1aae5271efa9,0xe6f89b7d03abd10361124275005e2e4d31e5252fddb2fa009f4b07112ac46e2f
101,100.48848569,0.3366364270615,0x4422faacf2bb8bd836e330937f00f2e18268cc4a,2017-10-20T12:18:06.000Z,0.00335,0x46f9720ebf14e583f50967c7b070192b2809c085,sell,0xa7f976c360ebbed4465c2855684d1aae5271efa9,0x04af8524ca5ace838be77356a0c5b7d12e8c83b3a13460c1085aae8b61b36a29
102,85,0.28475,0x4422faacf2bb8bd836e330937f00f2e18268cc4a,2017-10-20T11:49:39.000Z,0.00335,0x48eaedfa6ab55f414a433f0778f55ed9b827e822,sell,0xa7f976c360ebbed4465c2855684d1aae5271efa9,0xb506fe73bfd3330d1f97df2ef8de2a50c5aed6e2f597d27ddc025d735346a22b
103,0.865,0.00288045,0x4422faacf2bb8bd836e330937f00f2e18268cc4a,2017-10-20T11:46:44.000Z,0.00333,0xa5ae91a591164905f8da53ed669cb53f1c640fbe,buy,0xa7f976c360ebbed4465c2855684d1aae5271efa9,0x1083e7809bc8b8689022a5a344bd896fa11b9ae664e602f8ba7de7122cbbbd61
104,105,0.28455,0x5fde446016bd7bca45360efcbd6e9b9896d3a4a4,2017-10-20T09:11:03.000Z,0.00271,0x48eaedfa6ab55f414a433f0778f55ed9b827e822,sell,0xa7f976c360ebbed4465c2855684d1aae5271efa9,0xdddf0b23c85dcf7608d42546784023d902d45cdba8154b5d3720028ee03e17ca
105,85,0.23035,0x5fde446016bd7bca45360efcbd6e9b9896d3a4a4,2017-10-20T09:09:11.000Z,0.00271,0x48eaedfa6ab55f414a433f0778f55ed9b827e822,sell,0xa7f976c360ebbed4465c2855684d1aae5271efa9,0x3d7751e457b728e0def58b78af38fc3f16819e0a1f4f9725ba319b48091bd13a
106,49,0.1462797,0x7cbdad3fb970dc81c17c72d7beddbb0416aae122,2017-10-20T00:42:32.000Z,0.0029853,0xd8ff437a25b92cd42b3ed48871efade709dbebe8,buy,0xa7f976c360ebbed4465c2855684d1aae5271efa9,0x7dcbcc981917848d92f468168f3c0c12a7a1898d27370d2d88951ff2726a47fc
107,395.13721419,1.03367895232104,0x7cbdad3fb970dc81c17c72d7beddbb0416aae122,2017-10-19T15:08:01.000Z,0.002616,0x36fef8678944d9fea67ea28f23fef98098de0995,sell,0xa7f976c360ebbed4465c2855684d1aae5271efa9,0xb9a70cac9e3c63f6c13c608efa21febd2746db3124e225260b20ce550aee4164
108,890,2.32824,0x7cbdad3fb970dc81c17c72d7beddbb0416aae122,2017-10-19T15:04:24.000Z,0.002616,0xcd614402b3ca0eea9905ad08a5a4a39bc378ffb1,sell,0xa7f976c360ebbed4465c2855684d1aae5271efa9,0x88ef25e3b27f1db84b4d68a0332cfa2b3643c0db025be72998d7337e4f538600
109,890,2.32824,0x7cbdad3fb970dc81c17c72d7beddbb0416aae122,2017-10-19T15:03:46.000Z,0.002616,0xcd614402b3ca0eea9905ad08a5a4a39bc378ffb1,sell,0xa7f976c360ebbed4465c2855684d1aae5271efa9,0x88ef25e3b27f1db84b4d68a0332cfa2b3643c0db025be72998d7337e4f538600
110,0.1,0.000333,0x6cdea8e07bf82d7a07dbf36642d6e5be8623845c,2017-10-19T15:00:08.000Z,0.00333,0xa5ae91a591164905f8da53ed669cb53f1c640fbe,buy,0xa7f976c360ebbed4465c2855684d1aae5271efa9,0x3f748a582be484655b95e1f2e75245c1abb7cd8ceb15ec818467d32de5a206a8
111,0.02677544,0.000067270615456,0x7cbdad3fb970dc81c17c72d7beddbb0416aae122,2017-10-19T03:36:22.000Z,0.0025124,0x49dc9f4cd197ca734e79e75e3013f40b71a73e3d,sell,0xa7f976c360ebbed4465c2855684d1aae5271efa9,0x85044eb19274b996161006fe9ef566b15952537df51b9587a967b02175ffbdd3
112,268.58438839,0.674791417391036,0x7cbdad3fb970dc81c17c72d7beddbb0416aae122,2017-10-19T03:35:27.000Z,0.0025124,0x49dc9f4cd197ca734e79e75e3013f40b71a73e3d,sell,0xa7f976c360ebbed4465c2855684d1aae5271efa9,0x4a49e7e69a895ac90ec758ca814825a5427bf2ffa33d9b773165c805d03dd52d
113,860,3.01,0xefa7abbd5fe2aef47b325619b0824d41835f5d6c,2017-10-19T01:32:24.000Z,0.0035,0x9edf986933ff266063571c7d875a70aed97512a3,buy,0xa7f976c360ebbed4465c2855684d1aae5271efa9,0x7dd9a8878d88b63d9de7989c2f4e146dbd860fc84384113197953891bb06a8de
114,236.8149761,0.80517091874,0xefa7abbd5fe2aef47b325619b0824d41835f5d6c,2017-10-19T01:31:32.000Z,0.0034,0x5c5f76f154539fff7a20695f3bbc32715c077c51,buy,0xa7f976c360ebbed4465c2855684d1aae5271efa9,0x29f6f8e42f7b51064883f12a9dc6443f2ea37d6bf485425383f93a7bb2780e32
115,130,0.39,0xdb95ffc525554da455565b6f68c2c3b0b74e8a16,2017-10-18T19:42:06.000Z,0.003,0x24437235f35b7041e37d8f0545f0c58c30b98e32,buy,0xa7f976c360ebbed4465c2855684d1aae5271efa9,0x63cc70a7b7f1eb2b21343da08fcb5e07706f234404109383816a59b5805b2e1d
116,8.311,0.02451745,0xdb95ffc525554da455565b6f68c2c3b0b74e8a16,2017-10-18T19:36:30.000Z,0.00295,0xca4381d2a5779a297e0bfb82cfef79536696c519,buy,0xa7f976c360ebbed4465c2855684d1aae5271efa9,0xc974211f17b6175351de70a3491739c97f41b5fc77315c6f5774a509d0627d66
117,50.7805802,0.12949047951,0xdb95ffc525554da455565b6f68c2c3b0b74e8a16,2017-10-18T19:10:49.000Z,0.00255,0x42872f9471a6f2b485753ab6e891fcf1e47321ee,sell,0xa7f976c360ebbed4465c2855684d1aae5271efa9,0x141489481ae3e84bfd5a5a02de89342e6a299dfa9294224a90939b68c1e5415e
118,395.66643405,1.0010360781465,0xdb95ffc525554da455565b6f68c2c3b0b74e8a16,2017-10-18T18:15:09.000Z,0.00253,0x63c7dad3785a486e50d6527ec3c62a437cafaf0e,sell,0xa7f976c360ebbed4465c2855684d1aae5271efa9,0xe610fdc802770d70f4eea488b188e8f8135acda8d25a2ffff645b2c39b3fd4f8
119,1,0.0034,0x3ac636ac5c3a2576156ac5f10066ca68abe0ad54,2017-10-18T16:13:43.000Z,0.0034,0x5c5f76f154539fff7a20695f3bbc32715c077c51,buy,0xa7f976c360ebbed4465c2855684d1aae5271efa9,0x7b69154d9b948f8442ff3d4c7d50f03c23b8bb0743b62150cf9edb6f056a57db
120,0.16949152,0.0005,0xf9695cd65d6dfdf257fab76a3eb0cb8f001971cc,2017-10-18T15:37:18.000Z,0.002950000094400003,0xca4381d2a5779a297e0bfb82cfef79536696c519,buy,0xa7f976c360ebbed4465c2855684d1aae5271efa9,0x014e239a8c4f83099f21b813e37c14b9e406e05d0198f7a2e957d132d38ca3c9
121,0.16949152,0.0005,0x379374d13077e8867ef31803c37baf9785a17c00,2017-10-18T15:35:47.000Z,0.002950000094400003,0xca4381d2a5779a297e0bfb82cfef79536696c519,buy,0xa7f976c360ebbed4465c2855684d1aae5271efa9,0x87d5e89f6bc94e2f1bf61239fd151ca2659c4ca2f8f2c5ebc5f6547e36c81234
122,100.68786761,0.246705413218022,0x7cbdad3fb970dc81c17c72d7beddbb0416aae122,2017-10-18T12:54:55.000Z,0.0024502,0xa3c29ffa3a2e7b1b5ffcf53dabb0991025b73d30,sell,0xa7f976c360ebbed4465c2855684d1aae5271efa9,0x2168428ea6b5fa8d90496604590b81b982fed26dbf3f53e6a60cc624bc817628
123,229.341,0.6421548,0x7cbdad3fb970dc81c17c72d7beddbb0416aae122,2017-10-18T10:03:24.000Z,0.0028,0x7dede2f1641f7a4682209174ac9d78c56f9a74c6,buy,0xa7f976c360ebbed4465c2855684d1aae5271efa9,0x227cb5f47b78558040263bdb13e31939f176b3d6670aeebc5fb5aac606d55b6b
124,1333,3.7324,0x7cbdad3fb970dc81c17c72d7beddbb0416aae122,2017-10-18T10:01:23.000Z,0.0028,0x026d075b0782b1b738d4e57a7e3499f1642d70d5,buy,0xa7f976c360ebbed4465c2855684d1aae5271efa9,0x4487d4772869c259eced846c3b8683b3ea937509c7a07947aa2556433fdecc0e
125,199.317,0.55609443,0xb9fb62d9d45dce9a414a9edbee062f7d80f8b8d1,2017-10-18T08:04:37.000Z,0.00279,0x7cbdad3fb970dc81c17c72d7beddbb0416aae122,buy,0xa7f976c360ebbed4465c2855684d1aae5271efa9,0x03ded283ca0a06833ccf03470e0f538a5ab6a55de50c9aab9111a9223308c537
126,0.577,0.00160983,0xa2bb45002fde61814a019c023456afa0c35e4b3b,2017-10-18T06:02:17.000Z,0.00279,0x7cbdad3fb970dc81c17c72d7beddbb0416aae122,buy,0xa7f976c360ebbed4465c2855684d1aae5271efa9,0xb116f4dbb0097a6ad8149cfdc08c49a627924f2ca11275d07125a55e83676fad
127,0.00583,0.0000162657,0xa2bb45002fde61814a019c023456afa0c35e4b3b,2017-10-18T05:59:50.000Z,0.00279,0x7cbdad3fb970dc81c17c72d7beddbb0416aae122,buy,0xa7f976c360ebbed4465c2855684d1aae5271efa9,0x59d2fa7ead0c59d6c1a468beeff22ef863c422610e2e01e09a45b3faa2489ef2
128,2198.45,4.3969,0x9778550d76b07ac9f5e57392f68ecdf6efc1774e,2017-10-17T22:44:17.000Z,0.002,0x8e12c0703faae87342c03ad17196f30ddc525319,buy,0xa7f976c360ebbed4465c2855684d1aae5271efa9,0x979ae98666dd0d0a285913a67f95e2d5f9b91aab1b554f20eee5205076730c11
129,195,0.39,0x1d5321e125f6c7079a716705541c7b371ca79e69,2017-10-17T22:34:59.000Z,0.002,0x8e12c0703faae87342c03ad17196f30ddc525319,buy,0xa7f976c360ebbed4465c2855684d1aae5271efa9,0x84c8b18b48222bc7207b7b6dca248269a9fbde7f98f191802f992aa20e55a4e6
130,194.41674975,0.408275174475,0xa2bb45002fde61814a019c023456afa0c35e4b3b,2017-10-17T22:34:59.000Z,0.0021,0x1d5321e125f6c7079a716705541c7b371ca79e69,sell,0xa7f976c360ebbed4465c2855684d1aae5271efa9,0x84c8b18b48222bc7207b7b6dca248269a9fbde7f98f191802f992aa20e55a4e6
131,1850,3.9035,0x7cbdad3fb970dc81c17c72d7beddbb0416aae122,2017-10-17T22:33:23.000Z,0.00211,0xd815bbdb973fcfae73f27ddc9a135e377028c1c5,sell,0xa7f976c360ebbed4465c2855684d1aae5271efa9,0xcb30576b8f4fbdd3baebbc6bdfac4429719767f98fce67d811a294d78d4dbadb
132,1855.55,3.7111,0xd815bbdb973fcfae73f27ddc9a135e377028c1c5,2017-10-17T22:33:23.000Z,0.002,0x8e12c0703faae87342c03ad17196f30ddc525319,buy,0xa7f976c360ebbed4465c2855684d1aae5271efa9,0xcb30576b8f4fbdd3baebbc6bdfac4429719767f98fce67d811a294d78d4dbadb
133,4.49197886,0.0094780753946,0x7cbdad3fb970dc81c17c72d7beddbb0416aae122,2017-10-17T18:54:00.000Z,0.00211,0x9d482aa44e48999975c59275ec646598e738516c,sell,0xa7f976c360ebbed4465c2855684d1aae5271efa9,0xd7bdf6d3fe7c53588739df17406f46c0ede6940d975917e05ccc38c001d2bf8b
134,0.17857142,0.0005,0x16e5d97bbc92417e051e3b2cabfbf8ceea2acb9c,2017-10-17T18:32:38.000Z,0.0028000001344000063,0x7dede2f1641f7a4682209174ac9d78c56f9a74c6,buy,0xa7f976c360ebbed4465c2855684d1aae5271efa9,0x2a0b87cbc85ba431154eea6973ec46ec64689b94e5284d08c3d8c1aa928cf48f
135,55,0.154,0x5918f90a2ff843aeff010306dbf3bd5ac47afbe1,2017-10-17T14:55:38.000Z,0.0028,0x026d075b0782b1b738d4e57a7e3499f1642d70d5,buy,0xa7f976c360ebbed4465c2855684d1aae5271efa9,0xfa4f21edb234508436ea5838aeb80832ae5bb735035b356d3c952c5a8ba9ddda
136,52.27,0.1395609,0x5918f90a2ff843aeff010306dbf3bd5ac47afbe1,2017-10-17T14:49:19.000Z,0.00267,0xf2992ad9d7ef9219e8f333a790f426b765e43b5a,buy,0xa7f976c360ebbed4465c2855684d1aae5271efa9,0x988d351a43eff46c7ee3c75cfd632e0d3e1116b6ae33fcc0a88c7c1e66fd93e9
137,113.725,0.2843125,0x7cbdad3fb970dc81c17c72d7beddbb0416aae122,2017-10-17T13:20:59.000Z,0.0025,0x63551a99ec15b2cb0665b5dc05eb65ede51fe460,buy,0xa7f976c360ebbed4465c2855684d1aae5271efa9,0xfdae50ee18e61b119ba540102eb35c99dc045abdfe43ae2a48c395d11993476b
138,562.14886162,1.4053715919239336,0x7cbdad3fb970dc81c17c72d7beddbb0416aae122,2017-10-17T13:20:08.000Z,0.00249999900004055,0xced732ca92cb4f040239c4e8c85f14acbb5db000,buy,0xa7f976c360ebbed4465c2855684d1aae5271efa9,0x95d50a0eefddd5e6df3c32f0f90a2238c82d0787104ce1358e587c133932e33c
139,327.7002253,0.8192502355519795,0xfc4d4dd4057d7e5c84ae3f09f32a8fd58171a6ec,2017-10-17T12:48:03.000Z,0.0024999990000067283,0xced732ca92cb4f040239c4e8c85f14acbb5db000,buy,0xa7f976c360ebbed4465c2855684d1aae5271efa9,0xb9f6db97b09823ef24c86609320cfc4d56d6725238acf0516bdf0ab1ae76b903
140,199.791,0.478899027,0x7cbdad3fb970dc81c17c72d7beddbb0416aae122,2017-10-17T09:26:37.000Z,0.002397,0x56fa58ee1eaed609da97f4347da12ecff2555cfb,buy,0xa7f976c360ebbed4465c2855684d1aae5271efa9,0xcea7492295b26fbc68e11d6704c6adaaa34e6deb6dfadf82ae4b3bb7b2cc5a73
141,0.20859407,0.0005,0xcd912af5286dc0b0a23edb30209734ecb60838b3,2017-10-17T06:12:16.000Z,0.002397000068122742,0x56fa58ee1eaed609da97f4347da12ecff2555cfb,buy,0xa7f976c360ebbed4465c2855684d1aae5271efa9,0x38f2331c67c67f5bac6f4320118583b8050ba157956f020136e42fb65c78b18d
142,154.763,0.36988357,0xdb95ffc525554da455565b6f68c2c3b0b74e8a16,2017-10-16T19:51:47.000Z,0.00239,0x711e7a3a04dda95ab035567de5f871169580114c,buy,0xa7f976c360ebbed4465c2855684d1aae5271efa9,0xeb83a53945ade8e16e9404f07f4bcf2384383e71931c5f34031e595834edace2
143,79.2716587,0.189459264293,0xdb95ffc525554da455565b6f68c2c3b0b74e8a16,2017-10-16T19:49:43.000Z,0.00239,0x6860d7f7562723a0db91bacb9116aad91deefd89,buy,0xa7f976c360ebbed4465c2855684d1aae5271efa9,0x45221959bc8907d86653c2b37405884fa69e2eb90da32a528963afafefbd9d7d
144,531,1.2213,0x7cbdad3fb970dc81c17c72d7beddbb0416aae122,2017-10-16T19:42:22.000Z,0.0023,0xe77463193a3ed5bf5350da6651aad24babde8123,buy,0xa7f976c360ebbed4465c2855684d1aae5271efa9,0x1aa75a3d5ad33c81b49507dc9bcdc5d94bb055f1ce06417dc2d8d749e8ce7976
145,200,0.46,0xdb95ffc525554da455565b6f68c2c3b0b74e8a16,2017-10-16T19:22:23.000Z,0.0023,0xe77463193a3ed5bf5350da6651aad24babde8123,buy,0xa7f976c360ebbed4465c2855684d1aae5271efa9,0xa3e9ae3f30aa5d0be34cddfb7e5b593b50b652ac4e439a58b388a6a1b841d54a
146,57.74144826,0.0860347579074,0xb9fb62d9d45dce9a414a9edbee062f7d80f8b8d1,2017-10-16T14:21:16.000Z,0.00149,0xa55638362ceda5245fa87471ac80189e8d7ad5c4,sell,0xa7f976c360ebbed4465c2855684d1aae5271efa9,0xf4ed2df1bb126a28f6f3acf2b90acd48380a1bc0ead9afbbba67c498627f8c2a
147,1300,1.963,0x7cbdad3fb970dc81c17c72d7beddbb0416aae122,2017-10-16T14:20:11.000Z,0.00151,0xa55638362ceda5245fa87471ac80189e8d7ad5c4,sell,0xa7f976c360ebbed4465c2855684d1aae5271efa9,0xb33d6a1d26489174bacd10fb1162303947173dd9aeda2b1ec13099d89584b62a
148,63.4034493,0.1211639916123,0x7cbdad3fb970dc81c17c72d7beddbb0416aae122,2017-10-16T12:21:20.000Z,0.001911,0x1e20dd2f2be5144e6be5f1b6cdb4c2fe132ab216,sell,0xa7f976c360ebbed4465c2855684d1aae5271efa9,0x6341c41a3445aa597fb4fafbd3943a6af07dbc7809f4b9bfbe040cf3f587470b
149,43.12755665,0.0797859798025,0xfc4d4dd4057d7e5c84ae3f09f32a8fd58171a6ec,2017-10-16T11:31:20.000Z,0.00185,0xad440e6b26dd3a044a97294bf87c017d7fb81c67,sell,0xa7f976c360ebbed4465c2855684d1aae5271efa9,0x7ca000d012c887f4b7dc2c8c8e00a3bb0f56e444a17bfcbb9a21ea234d0a5f38
150,274,0.65212,0x7cbdad3fb970dc81c17c72d7beddbb0416aae122,2017-10-15T19:43:35.000Z,0.00238,0x9304c56494b5fdacdcb6ebe8543af60f0c27d295,buy,0xa7f976c360ebbed4465c2855684d1aae5271efa9,0x4c7bb098c8709de44d53864090db98c80721a98691141c2597880a1ca4732db2
151,168.78,0.3239765856,0x7cbdad3fb970dc81c17c72d7beddbb0416aae122,2017-10-15T19:27:54.000Z,0.00191952,0x5fa130672f62c2a88b66010a43955c14a01e4e11,buy,0xa7f976c360ebbed4465c2855684d1aae5271efa9,0x1e75cedb591dd85e2d31d24cc694f509d17f0e9d70fed860ffa6f2087dfbb142
152,34,0.06526368,0x7092e6216aa3fa6e5a647bf1004d1e55e86de703,2017-10-15T18:39:30.000Z,0.00191952,0x5fa130672f62c2a88b66010a43955c14a01e4e11,buy,0xa7f976c360ebbed4465c2855684d1aae5271efa9,0x92ef1ebb723a1f44b5754f2b5d224a4c07b986922c7087cc9c93221260f70da7
153,19.78335722,0.028887658212644,0xced732ca92cb4f040239c4e8c85f14acbb5db000,2017-10-15T14:15:36.000Z,0.0014602,0x860ead34c3a0d880954af66fea87a60390cd0d83,sell,0xa7f976c360ebbed4465c2855684d1aae5271efa9,0xca9ecde1702007b5d6789be18f8c8a7656640abd400988911f0aefa35b1d487b
154,700,1.02207,0x7cbdad3fb970dc81c17c72d7beddbb0416aae122,2017-10-15T13:26:45.000Z,0.0014601,0x860ead34c3a0d880954af66fea87a60390cd0d83,sell,0xa7f976c360ebbed4465c2855684d1aae5271efa9,0xd96e8c79aadbfa12ffb40bcc08208f04237afc12063763f51e7e6feed8aec69f
155,94.90153354,0.132862146956,0x7092e6216aa3fa6e5a647bf1004d1e55e86de703,2017-10-15T06:27:15.000Z,0.0014,0x4408530f567419feceeb8472db72596354c3bdfd,sell,0xa7f976c360ebbed4465c2855684d1aae5271efa9,0x00269228b916deb9f81d5036f2edefb8bc3426f06850d0e40224e025f77ad545
156,300,0.4203,0x7cbdad3fb970dc81c17c72d7beddbb0416aae122,2017-10-15T06:17:09.000Z,0.001401,0x4408530f567419feceeb8472db72596354c3bdfd,sell,0xa7f976c360ebbed4465c2855684d1aae5271efa9,0x6ab12d26d139ff4d0b8f3a0f8390e30a2bac65b7f27a4914f6e54cc4fbf7607a
157,288.4,0.49028,0xa2bb45002fde61814a019c023456afa0c35e4b3b,2017-10-15T05:55:07.000Z,0.0017,0x4408530f567419feceeb8472db72596354c3bdfd,sell,0xa7f976c360ebbed4465c2855684d1aae5271efa9,0x63f4d3b70d32b2f5878f197c75ea6860b210b15dc32f6dcdc943e07439f6a05b
158,28,0.0504,0xb44036fbb953d401184a722b0692609e9c629d9f,2017-10-15T05:45:45.000Z,0.0018,0x4408530f567419feceeb8472db72596354c3bdfd,sell,0xa7f976c360ebbed4465c2855684d1aae5271efa9,0xde4f7b87a9dce521fdee00a7bedc31c628d178440b10a04e4d2d51e260a8dfc0
159,263.7455955,0.269026309813101,0xced732ca92cb4f040239c4e8c85f14acbb5db000,2017-10-13T20:21:57.000Z,0.001020022,0x0300be7bf524dc7322c69cfb76ec32c345b1b0d4,sell,0xa7f976c360ebbed4465c2855684d1aae5271efa9,0xbb0da685ad64f38777bf5c26f30699e5f16c57b1d45b2315e6161a45887cd656
160,25.63379315,0.0261470329564493,0xad440e6b26dd3a044a97294bf87c017d7fb81c67,2017-10-13T20:17:25.000Z,0.001020022,0x0300be7bf524dc7322c69cfb76ec32c345b1b0d4,buy,0xa7f976c360ebbed4465c2855684d1aae5271efa9,0x6f252fb7d83472bf9994fdbceeea62ed80d1134deccf77994d73e56faf0f78b3
161,10,0.02,0xb987bcd35c8a05ffaa1d8842e735ff85a94074aa,2017-10-13T20:11:26.000Z,0.002,0x0300be7bf524dc7322c69cfb76ec32c345b1b0d4,sell,0xa7f976c360ebbed4465c2855684d1aae5271efa9,0xf782be407b3b33cdfdde804fe7cef07f586c6f88bd8f5e7d50807fee1d8d965a
162,269.438,0.699999924,0xefa7abbd5fe2aef47b325619b0824d41835f5d6c,2017-10-13T14:02:13.000Z,0.002598,0xced732ca92cb4f040239c4e8c85f14acbb5db000,buy,0xa7f976c360ebbed4465c2855684d1aae5271efa9,0x5775f0c41898cf7292cfd8fc767809ea15f77a187c3a79038d394fb69eb267f5
163,323.40663394,0.711720979311758,0x3dee4a4e076e8d82859d241db0baf46f112cfa23,2017-10-13T13:13:18.000Z,0.0022007,0xad440e6b26dd3a044a97294bf87c017d7fb81c67,sell,0xa7f976c360ebbed4465c2855684d1aae5271efa9,0xb2c5769d64dc55d39923072bee3b6a39ffca0c11d7aafa9fa4be7354b186f879
164,342,0.684,0xad440e6b26dd3a044a97294bf87c017d7fb81c67,2017-10-13T13:12:05.000Z,0.002,0x9bbde356dbc8bafd6af10fe1b4886324b312464e,buy,0xa7f976c360ebbed4465c2855684d1aae5271efa9,0x2fe1a5c593a7563023585c2036b9ebd32cdb0019da1c11f8b91532f78818f916
165,3.962,0.00872008466,0x7cbdad3fb970dc81c17c72d7beddbb0416aae122,2017-10-13T13:06:18.000Z,0.00220093,0x9bbde356dbc8bafd6af10fe1b4886324b312464e,sell,0xa7f976c360ebbed4465c2855684d1aae5271efa9,0x78e2b08b0dcf14c474b9d3d8705916a0fb2af8376505ee1c5d10ea28642428d5
166,3516.545,8.439708,0x4422faacf2bb8bd836e330937f00f2e18268cc4a,2017-10-13T12:50:15.000Z,0.0024,0xa55638362ceda5245fa87471ac80189e8d7ad5c4,sell,0xa7f976c360ebbed4465c2855684d1aae5271efa9,0x857dc8265d9e28c81267fc787699f647e65c9d328e88367dc7fb4ae0060093f7
167,47.455,0.113892,0x4422faacf2bb8bd836e330937f00f2e18268cc4a,2017-10-13T08:24:08.000Z,0.0024,0x0a6a437487d3d88e1f86df46cc03ac4a3f0a1ec0,sell,0xa7f976c360ebbed4465c2855684d1aae5271efa9,0xaa29cedbee904e405e27ae1cdb97618da7d43c5fc9918a91b332a63015056d61
168,950,2.280095,0x7cbdad3fb970dc81c17c72d7beddbb0416aae122,2017-10-13T07:56:24.000Z,0.0024001,0x0a6a437487d3d88e1f86df46cc03ac4a3f0a1ec0,sell,0xa7f976c360ebbed4465c2855684d1aae5271efa9,0x391279648d65f45b049b93c25a0c938495041914a170ab78e89a1dd8b3beb0ef
169,326.923,0.8499998,0xefa7abbd5fe2aef47b325619b0824d41835f5d6c,2017-10-13T02:46:13.000Z,0.0026,0x026d075b0782b1b738d4e57a7e3499f1642d70d5,buy,0xa7f976c360ebbed4465c2855684d1aae5271efa9,0xd11413b7e41135d03fa52b7f5be4112c78434b05655fc7f6ebb5fb65a03d70c6
170,279.5,0.7174696802,0xefa7abbd5fe2aef47b325619b0824d41835f5d6c,2017-10-13T02:37:18.000Z,0.0025669756,0xf3e3027caf4bf803598221a9d0b9ad5fc0b851fc,buy,0xa7f976c360ebbed4465c2855684d1aae5271efa9,0x5ab3c67856288787d132320fc6fe23f3afe080713285d5a260dd6269439980f1
171,65.39505035,0.14392142681028,0x7cbdad3fb970dc81c17c72d7beddbb0416aae122,2017-10-12T22:54:34.000Z,0.0022008,0x90fd2243e7c19eefb0c486d01d2ca09565a57df4,sell,0xa7f976c360ebbed4465c2855684d1aae5271efa9,0xf8ca9778e07fe26f951cc328dfa87aea706cc2b0e6942a5620050e5fc3a549c1
172,9.42,0.02261742,0x7cbdad3fb970dc81c17c72d7beddbb0416aae122,2017-10-12T21:28:22.000Z,0.002401,0x361924959c542aeca5a88c4caad246ac89b73a7a,buy,0xa7f976c360ebbed4465c2855684d1aae5271efa9,0xa7c79e04932f8bd95d582e4eb144f37e21af1b4fa1ba5a486115a1908ee58118
173,276.59336606,0.608699020688242,0x3dee4a4e076e8d82859d241db0baf46f112cfa23,2017-10-12T20:12:43.000Z,0.0022007,0xd3ffbc7dea9a49ceeb69f7a8de636ba2ebdd4ea8,sell,0xa7f976c360ebbed4465c2855684d1aae5271efa9,0x34c9b88a29632d6e5d90ab39c8229376d64e2e52a578d581b04b120b54bf41e5
174,97,0.213497,0x7cbdad3fb970dc81c17c72d7beddbb0416aae122,2017-10-12T20:05:54.000Z,0.002201,0x8c9a923d669ce9ac5be2dbabbade50701782fbbc,sell,0xa7f976c360ebbed4465c2855684d1aae5271efa9,0x092300413174c27493582f05ead15ab27ae3f07df53700a87d3be7c66e0ba40a
175,200.37882564,0.44093360582082,0x7cbdad3fb970dc81c17c72d7beddbb0416aae122,2017-10-12T13:20:45.000Z,0.0022005,0x3ad332915129b19db7f063c438a1c6a6192eb2a1,sell,0xa7f976c360ebbed4465c2855684d1aae5271efa9,0x2fab9cf7dea4ea328b314d9594594210f4be85a420893959668e9e771c429f29
176,58.54292493,0.128823706308465,0x7cbdad3fb970dc81c17c72d7beddbb0416aae122,2017-10-12T06:32:46.000Z,0.0022005,0x20abf65634219512c6c98a64614c43220ca2085b,sell,0xa7f976c360ebbed4465c2855684d1aae5271efa9,0x016815edc17c4eb8f2fb88703641fa0aedbc7ec20aeb5629bd6b14a51b426faf
177,500,1.10025,0x7cbdad3fb970dc81c17c72d7beddbb0416aae122,2017-10-12T06:29:11.000Z,0.0022005,0x20abf65634219512c6c98a64614c43220ca2085b,sell,0xa7f976c360ebbed4465c2855684d1aae5271efa9,0x94468d16c52eea3a735f82ed94d8ba355a6413214cf543926a3aa2b08af02899
178,500,1.100275,0x3dee4a4e076e8d82859d241db0baf46f112cfa23,2017-10-12T06:27:22.000Z,0.00220055,0x20abf65634219512c6c98a64614c43220ca2085b,sell,0xa7f976c360ebbed4465c2855684d1aae5271efa9,0x09a1e90020b6f479bbf0986448a6ec071c171127682d472e6b9b1bd8ae8e491a
179,33.70846257,0.074175471885285,0x7cbdad3fb970dc81c17c72d7beddbb0416aae122,2017-10-12T01:23:17.000Z,0.0022005,0x36fef8678944d9fea67ea28f23fef98098de0995,sell,0xa7f976c360ebbed4465c2855684d1aae5271efa9,0x64696c676323e66abaf77a319890cf2922925b008a7b4b270d13b3cd4968322d
180,27.11186784,0.06100170264,0x9edf986933ff266063571c7d875a70aed97512a3,2017-10-12T00:48:55.000Z,0.00225,0x36fef8678944d9fea67ea28f23fef98098de0995,sell,0xa7f976c360ebbed4465c2855684d1aae5271efa9,0x0f15d48c045bed88cbffcce2ca4a8a05f05af186f101334780bc1d8ab28eec88
181,60,0.13203,0x7cbdad3fb970dc81c17c72d7beddbb0416aae122,2017-10-11T18:35:54.000Z,0.0022005,0xb0ec21cd9fcd22d0a4a997b47658c072fad8b511,sell,0xa7f976c360ebbed4465c2855684d1aae5271efa9,0x7d4903599850f40163f440e3d1cd3e967cc5e4378a495bebdf050197e875dcbf
182,1,0.0026,0xdd3b7b82caa14a588410caa5e37bc9c9c02f27ce,2017-10-11T15:05:17.000Z,0.0026,0x026d075b0782b1b738d4e57a7e3499f1642d70d5,buy,0xa7f976c360ebbed4465c2855684d1aae5271efa9,0xbe924c9a2385e7e0d7ac9a4703ff1a89b47bfb2405487dc9fbac370045990821
183,700,1.6807,0x7cbdad3fb970dc81c17c72d7beddbb0416aae122,2017-10-11T14:56:34.000Z,0.002401,0xa55638362ceda5245fa87471ac80189e8d7ad5c4,sell,0xa7f976c360ebbed4465c2855684d1aae5271efa9,0xf1e663c51a7c0ca5fd2712ff80efdf3722bc5823796667d60005681061c2c97f
184,8455.41766526,20.293002396624,0x4422faacf2bb8bd836e330937f00f2e18268cc4a,2017-10-11T14:50:09.000Z,0.0024,0xa55638362ceda5245fa87471ac80189e8d7ad5c4,sell,0xa7f976c360ebbed4465c2855684d1aae5271efa9,0xac333b9505826a33a8951ad961ca33a296857ce2f0ffabebda378f26082aa8f1
185,1,0.002401,0xbf52f67f8524587d6a7ab1f1f8d092c635b9587f,2017-10-11T10:44:02.000Z,0.002401,0x361924959c542aeca5a88c4caad246ac89b73a7a,buy,0xa7f976c360ebbed4465c2855684d1aae5271efa9,0x9151665265a042c1b42f1f23d4ddb759af34eb655e19854e287603a71dd3dc5f
186,576.06818861,1.382563652664,0x4422faacf2bb8bd836e330937f00f2e18268cc4a,2017-10-11T10:14:54.000Z,0.0024,0x3ed5ab3de43a93a8e444945c45f6d4fe322a6608,sell,0xa7f976c360ebbed4465c2855684d1aae5271efa9,0x2c14b5af2d9429ee8f59b6b0fa4f99abb66b58cefb78fc811ed35c0b4a0f77b0
187,128.27092014,0.307850208336,0x4422faacf2bb8bd836e330937f00f2e18268cc4a,2017-10-11T07:15:59.000Z,0.0024,0x251287e0ff610c0813ee765fa6e61453d46b01ce,sell,0xa7f976c360ebbed4465c2855684d1aae5271efa9,0x27f3646a635a1fd16d735bd02f765c5b9c191f04913e90077686594c55d71ca1
188,840.24322599,2.016583742376,0x4422faacf2bb8bd836e330937f00f2e18268cc4a,2017-10-11T05:47:29.000Z,0.0024,0x22a2b6e8bdd4d109ecedc0786ef9d505bf0a866b,sell,0xa7f976c360ebbed4465c2855684d1aae5271efa9,0x1d484c636376968f85ec8a167614d669906680c4f2ffd2b8de60afe389c3cecc
189,88.436,0.212334836,0x7cbdad3fb970dc81c17c72d7beddbb0416aae122,2017-10-11T00:52:04.000Z,0.002401,0xecf29c95e70dc841c06429eae16c641e6d82fe5c,buy,0xa7f976c360ebbed4465c2855684d1aae5271efa9,0xd0dcc5e7ee6c88971b635e8caea92123611c0b6492c41eae6a34fca37816c5a8
190,10.42,0.02501842,0x7cbdad3fb970dc81c17c72d7beddbb0416aae122,2017-10-10T22:04:41.000Z,0.002401,0x361924959c542aeca5a88c4caad246ac89b73a7a,sell,0xa7f976c360ebbed4465c2855684d1aae5271efa9,0x4371bc59eb3bf656fc5d9e58991b23ca248667899d660492973f964c26eea4fc
191,79.77953145,0.19155065501145,0x7cbdad3fb970dc81c17c72d7beddbb0416aae122,2017-10-10T20:51:51.000Z,0.002401,0xf6087a8189e5014c263e898155c5c3c24b019629,sell,0xa7f976c360ebbed4465c2855684d1aae5271efa9,0x8b1bde20c13813103e3163b6dfb67ecedbaf986e1b180d0de06ca66451162065
192,0.00241645,0.00000647607235976,0x3ee0c766d2f02ddf091413781b83d82ebb126dd5,2017-10-10T09:06:44.000Z,0.002679994355256678,0xced732ca92cb4f040239c4e8c85f14acbb5db000,buy,0xa7f976c360ebbed4465c2855684d1aae5271efa9,0x41bb0af3495942528ba06792623385fb07545d8ea7b875024ced46ad5c0eff3f
193,24.23944934,0.06496148184074688,0x3ee0c766d2f02ddf091413781b83d82ebb126dd5,2017-10-10T09:02:04.000Z,0.002679990000166682,0xced732ca92cb4f040239c4e8c85f14acbb5db000,buy,0xa7f976c360ebbed4465c2855684d1aae5271efa9,0x0461dfb3023ebf1d7274fe3e97977d242b61d446389c59d3fa5e0de7e5a32c36
194,559.701,1.49999868,0x4454847b528907f6819a6696491370060a37e5d0,2017-10-10T08:48:05.000Z,0.00268,0xa55638362ceda5245fa87471ac80189e8d7ad5c4,buy,0xa7f976c360ebbed4465c2855684d1aae5271efa9,0xce8b52d751b2a1454a896502c4ebc17635a28e8997e0feeb2940a4d0deaae53e
195,61.62243184,0.13865047164,0x9edf986933ff266063571c7d875a70aed97512a3,2017-10-10T05:57:02.000Z,0.00225,0x36fef8678944d9fea67ea28f23fef98098de0995,sell,0xa7f976c360ebbed4465c2855684d1aae5271efa9,0xe16c130b1de98152a8a0bfa375f3cbf3b700e3530634f06b4f4df3c0afb1e12d
196,61.26570032,0.13784782572,0x9edf986933ff266063571c7d875a70aed97512a3,2017-10-10T01:18:47.000Z,0.00225,0x1361edd10c86d9c97e5a262e23ad9fb2d76e0ac8,sell,0xa7f976c360ebbed4465c2855684d1aae5271efa9,0x3605cba030e6ff139043a83ddee15e852c8e8152bf60a1b0a406ceae49ab8f68
197,0.00311035,0.0000068428011035,0x7cbdad3fb970dc81c17c72d7beddbb0416aae122,2017-10-09T15:54:39.000Z,0.00220001,0x84449a1774971ceb5d9e5600c39e8aba17780cf6,sell,0xa7f976c360ebbed4465c2855684d1aae5271efa9,0x57806dbfa89306e28740f5435c55801c3debc77c1ab4f50df1d6ea1586eb149f
198,5.3039726,0.0106079452,0x4422faacf2bb8bd836e330937f00f2e18268cc4a,2017-10-09T14:58:19.000Z,0.002,0xfd166f50e22a400ff1ad61c3c2168f3553c34789,buy,0xa7f976c360ebbed4465c2855684d1aae5271efa9,0xb2c7766267158e65068e85d71a382fdebd1d727a31ce64a764ed29a2b27b5ceb
199,0.781,0.001562,0x1c90421773db63923e2049a569761d0fd7f286a5,2017-10-09T14:29:25.000Z,0.002,0x7250a3590fab3e1850a416f721481354adea9914,buy,0xa7f976c360ebbed4465c2855684d1aae5271efa9,0x215ba29589ce61b9cb29e79bfc934e8aa4ba9d4f2fe747468527e85d815e89e6
200,124.61369753,0.224454191991036,0x7cbdad3fb970dc81c17c72d7beddbb0416aae122,2017-10-09T11:18:23.000Z,0.0018012,0x36fef8678944d9fea67ea28f23fef98098de0995,sell,0xa7f976c360ebbed4465c2855684d1aae5271efa9,0x4a4cf6838f4d4c380220def81d624aef179f72cd004177656e13c04242640f90
201,0.1,0.0002,0x459238dd5cfb7fb7bb7f7fbef506c9521b689027,2017-10-09T02:07:59.000Z,0.002,0x7250a3590fab3e1850a416f721481354adea9914,buy,0xa7f976c360ebbed4465c2855684d1aae5271efa9,0x70fd06f089231e7e3caeb92e08c452a69d0c755c6efc223fccfafb962fae2cef
202,368.2543742,0.66285787356,0x4422faacf2bb8bd836e330937f00f2e18268cc4a,2017-10-08T23:46:24.000Z,0.0018,0x41fa6f20d83c539026d77bad0e9e2e965b81cca7,sell,0xa7f976c360ebbed4465c2855684d1aae5271efa9,0x8774a47ef836b8ddba0124e370f5bd9379707926ba548c6f6049a6dfe42e60a4
203,500,0.915,0x3dee4a4e076e8d82859d241db0baf46f112cfa23,2017-10-08T23:36:58.000Z,0.00183,0x41fa6f20d83c539026d77bad0e9e2e965b81cca7,sell,0xa7f976c360ebbed4465c2855684d1aae5271efa9,0x36686fe3f84a23a20af46f94870fc11be9840e99687a0a6d3574fbdd99ab264a
204,599.21,1.096614221,0x7cbdad3fb970dc81c17c72d7beddbb0416aae122,2017-10-08T23:31:04.000Z,0.0018301,0x41fa6f20d83c539026d77bad0e9e2e965b81cca7,sell,0xa7f976c360ebbed4465c2855684d1aae5271efa9,0xa3739b4ca9f851848c6a91c737d0ddaa8bdd15617e9bab2493057490067294ea
205,104.47552122,0.2016388007098122,0x3dee4a4e076e8d82859d241db0baf46f112cfa23,2017-10-08T23:28:28.000Z,0.00193001,0x41fa6f20d83c539026d77bad0e9e2e965b81cca7,sell,0xa7f976c360ebbed4465c2855684d1aae5271efa9,0xbe43149eced42a869d8417553755e032eaad4aa17316ad4106801d139f52f8c2
206,400,0.77204,0x7cbdad3fb970dc81c17c72d7beddbb0416aae122,2017-10-08T23:28:22.000Z,0.0019301,0x41fa6f20d83c539026d77bad0e9e2e965b81cca7,sell,0xa7f976c360ebbed4465c2855684d1aae5271efa9,0x9b9cf12642493f2bec1d7509e48ab665e6fd03f2a642cbeed2875a97701a78f2
207,1.2,0.0024,0x459238dd5cfb7fb7bb7f7fbef506c9521b689027,2017-10-08T23:25:01.000Z,0.002,0x41fa6f20d83c539026d77bad0e9e2e965b81cca7,sell,0xa7f976c360ebbed4465c2855684d1aae5271efa9,0x8b8bb5f9b2483bdc16dc3645b68d7054d31f9486d5335f66f0eee1e4563f8e97
208,50,0.10105,0x7cbdad3fb970dc81c17c72d7beddbb0416aae122,2017-10-08T23:24:04.000Z,0.002021,0x41fa6f20d83c539026d77bad0e9e2e965b81cca7,sell,0xa7f976c360ebbed4465c2855684d1aae5271efa9,0xe3ca88af3125005d74b79f834b9ad64b100890592ad095d575f70e7298972933
209,49,0.09898,0xe90ae64d87500cabf1fdf58e420815c729be6ebf,2017-10-08T23:18:39.000Z,0.00202,0x41fa6f20d83c539026d77bad0e9e2e965b81cca7,sell,0xa7f976c360ebbed4465c2855684d1aae5271efa9,0xb178929ce012dd39f6e1a6a164c2f34bf30ee0276852be137cba49a91b09be27
210,40,0.08040008,0x7cbdad3fb970dc81c17c72d7beddbb0416aae122,2017-10-08T23:18:39.000Z,0.002010002,0x41fa6f20d83c539026d77bad0e9e2e965b81cca7,sell,0xa7f976c360ebbed4465c2855684d1aae5271efa9,0xdd1922bd4c6a7956a5bdfab57f6fede4597f09d5bbe18054abb07a3059f7f74c
211,30.216,0.060734190216,0x459238dd5cfb7fb7bb7f7fbef506c9521b689027,2017-10-08T23:18:39.000Z,0.002010001,0x41fa6f20d83c539026d77bad0e9e2e965b81cca7,sell,0xa7f976c360ebbed4465c2855684d1aae5271efa9,0x4324a3dbc70949b446535c60ce8adc32fff904e4738aa31ff9745f02e94da71e
212,1952.22852179,3.806845617508145,0x3f8ba1ea37d9f72b91182845666c39bbe2283666,2017-10-08T20:01:19.000Z,0.0019500000000090385,0x7250a3590fab3e1850a416f721481354adea9914,buy,0xa7f976c360ebbed4465c2855684d1aae5271efa9,0xe4ccd00093c509150d84f0b684a945b703c3e6d055199cb5f47995cad3eb5453
213,537.56263243,1.0482471332403547,0x7cbdad3fb970dc81c17c72d7beddbb0416aae122,2017-10-08T19:50:42.000Z,0.0019500000000034503,0x7250a3590fab3e1850a416f721481354adea9914,buy,0xa7f976c360ebbed4465c2855684d1aae5271efa9,0x7758d959c0a4d3a98b5fff332a7c822d1dab3d1197226652c2723bc17504366e
214,247.46421923,0.4974030806523,0x7cbdad3fb970dc81c17c72d7beddbb0416aae122,2017-10-08T19:15:27.000Z,0.00201,0x273a5d3e6721b9f5c1a6474f560c1334c63dda01,sell,0xa7f976c360ebbed4465c2855684d1aae5271efa9,0x62705a3e5d132c5222faf2a658c43c792ac14e5d08897b5632be2bf3856b3380
215,248.20884577,0.4840072492515,0x273a5d3e6721b9f5c1a6474f560c1334c63dda01,2017-10-08T19:15:27.000Z,0.00195,0x7250a3590fab3e1850a416f721481354adea9914,buy,0xa7f976c360ebbed4465c2855684d1aae5271efa9,0x62705a3e5d132c5222faf2a658c43c792ac14e5d08897b5632be2bf3856b3380
216,398.8,0.7976,0x459238dd5cfb7fb7bb7f7fbef506c9521b689027,2017-10-08T19:14:14.000Z,0.002,0x273a5d3e6721b9f5c1a6474f560c1334c63dda01,sell,0xa7f976c360ebbed4465c2855684d1aae5271efa9,0x3333d26cce9920a9e5ea2b6615e9f7735e92f5e41b3fcb468c4485bbcb5517c2
217,400,0.78,0x273a5d3e6721b9f5c1a6474f560c1334c63dda01,2017-10-08T19:14:14.000Z,0.00195,0x7250a3590fab3e1850a416f721481354adea9914,buy,0xa7f976c360ebbed4465c2855684d1aae5271efa9,0x3333d26cce9920a9e5ea2b6615e9f7735e92f5e41b3fcb468c4485bbcb5517c2
218,110,0.22110022,0x7cbdad3fb970dc81c17c72d7beddbb0416aae122,2017-10-08T18:44:51.000Z,0.002010002,0x7250a3590fab3e1850a416f721481354adea9914,sell,0xa7f976c360ebbed4465c2855684d1aae5271efa9,0x24bc904ea1ada9c06ed9fde10ee8ff9b4e5d4d60c41a0ff8575797bdd07e3f36
219,69.78367062,0.14026524772987062,0x459238dd5cfb7fb7bb7f7fbef506c9521b689027,2017-10-08T18:28:26.000Z,0.002010001,0x4ddb43d2fd9120f7b1a261a130e0d72c4ec51e1a,sell,0xa7f976c360ebbed4465c2855684d1aae5271efa9,0x775410d5bf4d6e920dc1d599faf60c716396a9554dd5582b0c2e1c4b518977d6
220,3,0.006,0x459238dd5cfb7fb7bb7f7fbef506c9521b689027,2017-10-08T15:26:59.000Z,0.002,0xfd166f50e22a400ff1ad61c3c2168f3553c34789,buy,0xa7f976c360ebbed4465c2855684d1aae5271efa9,0xd24e12a16f8955d0eb0cf543b8651219dde11da32418300b0a833e41eef48d6e
221,64.77320307,0.1250129296571307,0x3dee4a4e076e8d82859d241db0baf46f112cfa23,2017-10-07T22:29:51.000Z,0.00193001,0x67e4c454c752a0965a098cf5ac4658854fa40bf9,sell,0xa7f976c360ebbed4465c2855684d1aae5271efa9,0x57e0fc0bedb7a3b5dbe0d89719981edd6e9561271c71e220911cabe58d9ac9f1
222,150,0.2895015,0x3dee4a4e076e8d82859d241db0baf46f112cfa23,2017-10-07T19:45:11.000Z,0.00193001,0x38c325a36e2b37de5430213493ccac195b23a82e,sell,0xa7f976c360ebbed4465c2855684d1aae5271efa9,0xf5b711191eb3dd0cc8fba251998d7ddc6078968c01524a92339f1dba397b7f60
223,0.01490743,0.0000287714889743,0x3dee4a4e076e8d82859d241db0baf46f112cfa23,2017-10-07T19:35:27.000Z,0.00193001,0x38c325a36e2b37de5430213493ccac195b23a82e,sell,0xa7f976c360ebbed4465c2855684d1aae5271efa9,0xdd21d45436d49e0c249fda0f0ff1d5bb82d77d47696bfd9d69fb2c7fb67b8409
224,149.53643704,0.2886068188515704,0x3dee4a4e076e8d82859d241db0baf46f112cfa23,2017-10-07T19:27:36.000Z,0.00193001,0x38c325a36e2b37de5430213493ccac195b23a82e,sell,0xa7f976c360ebbed4465c2855684d1aae5271efa9,0x540464f62a4a1ed77b86bbaaa0c6f5882ef3a22caeb59aff181e6c9c11df6e17
225,31.19993124,0.0602161792925124,0x3dee4a4e076e8d82859d241db0baf46f112cfa23,2017-10-07T18:37:52.000Z,0.00193001,0x84449a1774971ceb5d9e5600c39e8aba17780cf6,sell,0xa7f976c360ebbed4465c2855684d1aae5271efa9,0x76921a364a30595cfa95b35563d876eeb9efdcf5d239bfcc0c746d3ab0845e85
226,250,0.5,0x459238dd5cfb7fb7bb7f7fbef506c9521b689027,2017-10-07T17:25:59.000Z,0.002,0x84449a1774971ceb5d9e5600c39e8aba17780cf6,sell,0xa7f976c360ebbed4465c2855684d1aae5271efa9,0x19802068bf31ce69966a442653af1f486f780851219f6299ece637034152f177
227,113.151,0.226302,0x459238dd5cfb7fb7bb7f7fbef506c9521b689027,2017-10-07T17:21:00.000Z,0.002,0x84449a1774971ceb5d9e5600c39e8aba17780cf6,sell,0xa7f976c360ebbed4465c2855684d1aae5271efa9,0xddab4cae9706dbb88d3b37c45d154288806412f9d4da47aa58be45d3c41aa144
228,99.89033994,0.19978067988,0x459238dd5cfb7fb7bb7f7fbef506c9521b689027,2017-10-07T15:45:19.000Z,0.002,0xdda2dd3bca56ea616111c0f6b8aeb5a7b6845d82,sell,0xa7f976c360ebbed4465c2855684d1aae5271efa9,0x3712cfe93a57d8d698098731ab49024ebddf26a920bf9d48fbcef690afafa3e0
229,2,0.0044,0xeeb12121316645ac76b40ac9d130de4b2f655f6e,2017-10-07T13:42:32.000Z,0.0022,0x4ddb43d2fd9120f7b1a261a130e0d72c4ec51e1a,buy,0xa7f976c360ebbed4465c2855684d1aae5271efa9,0xf80301618fc6f6ad66cbeb98123fa94e3e2cbb84d74793d297c178c4f4645cdc
230,246.95836247,0.49391672494,0x459238dd5cfb7fb7bb7f7fbef506c9521b689027,2017-10-07T13:40:31.000Z,0.002,0xff96d8dc734cf36b14b4276ffe624732c8518ef3,sell,0xa7f976c360ebbed4465c2855684d1aae5271efa9,0x8e9063aa812d352a9d16abce27fd13da0c097e4d958c06022d8cf8c5d2c3b160
231,290,0.58,0x459238dd5cfb7fb7bb7f7fbef506c9521b689027,2017-10-07T13:33:26.000Z,0.002,0xb486e2f1a9bf83fe6102d1270f7dbcee6ee32fe1,sell,0xa7f976c360ebbed4465c2855684d1aae5271efa9,0xa28356e932d3befa56438b1a7881b09ab6821db17f566bdeacf5cb03d832ea5f
232,79.25973742,0.17254844836334,0x1f0b6206893b5973ff5f7e1dd04b3f8271000efb,2017-10-07T13:28:30.000Z,0.002177,0xb486e2f1a9bf83fe6102d1270f7dbcee6ee32fe1,sell,0xa7f976c360ebbed4465c2855684d1aae5271efa9,0x59221845a28d8f3d556a79b4a7caafda5fb98e21845656c5ee4d721501305615
233,444.52497258,0.96773086530666,0x1f0b6206893b5973ff5f7e1dd04b3f8271000efb,2017-10-07T12:53:38.000Z,0.002177,0x271e9da6acaf9e1eae7e5a0c269a8db62eec1120,sell,0xa7f976c360ebbed4465c2855684d1aae5271efa9,0xe974d19afd5d5ecb6cbf28c6a512967642d9a6d1e8d564552f45e08b2fed579d
234,444.52497258,0.96773086530666,0x1f0b6206893b5973ff5f7e1dd04b3f8271000efb,2017-10-07T12:22:26.000Z,0.002177,0x6df281f48a8d7f0b3042e828f19a5010a009c899,sell,0xa7f976c360ebbed4465c2855684d1aae5271efa9,0x22a08bd66e4ab047fd9aa4621b1071b11d893e4eee3bb8cfabab29b789208ca2
235,711.24008403,1.54836966293331,0x1f0b6206893b5973ff5f7e1dd04b3f8271000efb,2017-10-07T12:09:14.000Z,0.002177,0x3669d6d63ac9653d6240663334c2a0a5b2e8b573,sell,0xa7f976c360ebbed4465c2855684d1aae5271efa9,0x02c0e51ab30a008c7b9b0833e978eb86077e77c163b9a6b97358f6fe39ca515b
236,444.52497258,0.96773086530666,0x1f0b6206893b5973ff5f7e1dd04b3f8271000efb,2017-10-07T11:55:30.000Z,0.002177,0x32d9bece27dab0774ec7ad3c2819f9895f8980ec,sell,0xa7f976c360ebbed4465c2855684d1aae5271efa9,0xe04f8cb70644ee4bb9f1b96622ae29a264f080ff81345c6c835db7ebd2b10b85
237,345.7417075,0.7526796972275,0x1f0b6206893b5973ff5f7e1dd04b3f8271000efb,2017-10-07T11:19:28.000Z,0.002177,0x96e4d091d47bf67e5f59e6742f2fa6fc3117b2ad,sell,0xa7f976c360ebbed4465c2855684d1aae5271efa9,0x60ecd4d1d4132539422de9ea003c0594c4432d8b175d20d613b01bc19a105c54
238,529.732,1.153756296,0x33a0dbb1ee415cab9661d9c1f1676aad81873e5d,2017-10-07T08:50:33.000Z,0.002178,0xcb1299e4320b32266e9d146cc097a0b4c5b2ea5a,sell,0xa7f976c360ebbed4465c2855684d1aae5271efa9,0x0ec06ab48e63cfcf6af42a186525ba6052dfe9d504e40641bfe2d9da9d64e8bb
239,398.99,0.86900022,0x33a0dbb1ee415cab9661d9c1f1676aad81873e5d,2017-10-07T06:59:32.000Z,0.002178,0xcb1299e4320b32266e9d146cc097a0b4c5b2ea5a,sell,0xa7f976c360ebbed4465c2855684d1aae5271efa9,0x7c82a16c8a0158a8a7623cf223fcae57a63ba7e663ae4462fa272d296f5d3f71
240,400,0.872,0x004268a3ab83720b656fb2b5cadef931a30cf357,2017-10-07T06:12:10.000Z,0.00218,0xcb1299e4320b32266e9d146cc097a0b4c5b2ea5a,sell,0xa7f976c360ebbed4465c2855684d1aae5271efa9,0xc6bee7571d5e06096ee95b5fb7c2a2e27b46a58b2f22df7f6912214a33230af9
241,7.407,0.01666575,0x5d5065b42bdee0274e394ba9042c21e1818c69cf,2017-10-07T06:09:24.000Z,0.00225,0xcb1299e4320b32266e9d146cc097a0b4c5b2ea5a,sell,0xa7f976c360ebbed4465c2855684d1aae5271efa9,0x21c9324805cfc8056c79293d82b07dd7d7c7af04cfddf5f54484c704dc87b190
242,150,0.33,0xc30ff49429b3077fc2b9a910b072f2300dc41b9a,2017-10-07T06:09:24.000Z,0.0022,0xcb1299e4320b32266e9d146cc097a0b4c5b2ea5a,sell,0xa7f976c360ebbed4465c2855684d1aae5271efa9,0x2d02b2e22ddd1409b9dc10bfbb87e6f24130a7b07a210e62754dc105d84c6e84
243,350.49366991,0.771121123168991,0x7cbdad3fb970dc81c17c72d7beddbb0416aae122,2017-10-07T06:09:24.000Z,0.0022001,0xcb1299e4320b32266e9d146cc097a0b4c5b2ea5a,sell,0xa7f976c360ebbed4465c2855684d1aae5271efa9,0x64e174da2365e08a582e4c3f64b1dc518b21eef06b1b508adc0fd179c7085a73
244,50.861,0.11443725,0x9edf986933ff266063571c7d875a70aed97512a3,2017-10-07T06:08:43.000Z,0.00225,0xcb1299e4320b32266e9d146cc097a0b4c5b2ea5a,sell,0xa7f976c360ebbed4465c2855684d1aae5271efa9,0x2103cfe54897d5eca27b7e6fd95bd0a1f2bf877e94c7eee940e197814959844b
245,8.65,0.01948845,0xca4381d2a5779a297e0bfb82cfef79536696c519,2017-10-07T06:08:31.000Z,0.002253,0xcb1299e4320b32266e9d146cc097a0b4c5b2ea5a,sell,0xa7f976c360ebbed4465c2855684d1aae5271efa9,0xc3d205dd9c5d06db64b605661c16cb1e9f037229da84246a1656c37be944a537
246,249.13867012,0.56056200777,0x9edf986933ff266063571c7d875a70aed97512a3,2017-10-06T16:00:04.000Z,0.00225,0x875bccac5fccd6c0cef10aef00618d2e5ba2fd36,sell,0xa7f976c360ebbed4465c2855684d1aae5271efa9,0x92d6aef2e7981a4f69d48a34514a769b252e266157fa6aa20a9aff0207e1488c
247,869,1.89442,0x459238dd5cfb7fb7bb7f7fbef506c9521b689027,2017-10-06T07:22:33.000Z,0.00218,0x3f778413108b6711b212db6685451a6c7052f817,sell,0xa7f976c360ebbed4465c2855684d1aae5271efa9,0x28f2df7caef867f0d90c0eb292b63047a1266597cddd48ce05e18a83b672dc8c
248,482.248,1.0609456,0x459238dd5cfb7fb7bb7f7fbef506c9521b689027,2017-10-06T04:41:14.000Z,0.0022,0x0a6a437487d3d88e1f86df46cc03ac4a3f0a1ec0,sell,0xa7f976c360ebbed4465c2855684d1aae5271efa9,0x7f4eea1fe467f924eea85ac72ea3d92889234cacbc01a10438b9e87c5dbc606e
249,47.85165985,0.10527365167,0x459238dd5cfb7fb7bb7f7fbef506c9521b689027,2017-10-06T03:07:51.000Z,0.0022,0xab089d9432f68fa6b5137ec14b051238b931c2e7,sell,0xa7f976c360ebbed4465c2855684d1aae5271efa9,0xc9dd8585d2e85f836021fd7549d033d42b6c8d4f69044a5edc50ada79dd9defd
250,750.90007576,1.651980166672,0x459238dd5cfb7fb7bb7f7fbef506c9521b689027,2017-10-06T02:17:52.000Z,0.0022,0xba9a7bf08aad49e3c46a6a9cef85ecc42b0b1cfb,sell,0xa7f976c360ebbed4465c2855684d1aae5271efa9,0xe52b0ba68d3b6cf7e1b4ff624d1b65cb12158d03e0dbaea52716eee68bf49dd4
251,280,0.616028,0x7cbdad3fb970dc81c17c72d7beddbb0416aae122,2017-10-06T02:11:25.000Z,0.0022001,0xba9a7bf08aad49e3c46a6a9cef85ecc42b0b1cfb,sell,0xa7f976c360ebbed4465c2855684d1aae5271efa9,0x7cebacc22e753f92477700d2066c42e128abf3269ed7cebd74664f9781dce07f
252,0.1,0.0015,0x4422faacf2bb8bd836e330937f00f2e18268cc4a,2017-10-05T20:18:16.000Z,0.015,0x4422faacf2bb8bd836e330937f00f2e18268cc4a,buy,0xa7f976c360ebbed4465c2855684d1aae5271efa9,0xb9f1ccff35fd34b223f0c8e19fc0af60bd87d5380193bd3eca31a9bf0272eb62
253,7.2,0.01872,0x83e6b5e0b571030839d846656c2a4ebf614862d8,2017-10-05T19:11:02.000Z,0.0026,0x84449a1774971ceb5d9e5600c39e8aba17780cf6,sell,0xa7f976c360ebbed4465c2855684d1aae5271efa9,0xc926602abe9e148cc115d8ac0abbcf1fb84a1ea30fe6a1f8966c3dfb39794a75
254,0.1,0.0015,0x4422faacf2bb8bd836e330937f00f2e18268cc4a,2017-10-05T16:49:12.000Z,0.015,0x4422faacf2bb8bd836e330937f00f2e18268cc4a,buy,0xa7f976c360ebbed4465c2855684d1aae5271efa9,0xec3b871dfd52850655e45417a355318e1870d6f8a855aecab9826a31baffa40f
255,1,0.003289,0xcdd53f530ab4fb824fc9f2a321f3c001b4a710cc,2017-10-05T16:38:35.000Z,0.003289,0x7cbdad3fb970dc81c17c72d7beddbb0416aae122,buy,0xa7f976c360ebbed4465c2855684d1aae5271efa9,0x8a0a0f25db7820affaf9fcfda5504a339c6cc9d1d900ec16ccbff08ad4bb7c97
256,0.997,0.01994,0x4422faacf2bb8bd836e330937f00f2e18268cc4a,2017-10-05T16:38:00.000Z,0.02,0x5ae933bfbbaa04c3e05ae56295138174ada9799c,sell,0xa7f976c360ebbed4465c2855684d1aae5271efa9,0x10d8f50618d38be1b9fe7739539b381a6f40cb20597b46fb685e227bcdac901a
257,1,0.003289,0x5ae933bfbbaa04c3e05ae56295138174ada9799c,2017-10-05T16:38:00.000Z,0.003289,0x7cbdad3fb970dc81c17c72d7beddbb0416aae122,buy,0xa7f976c360ebbed4465c2855684d1aae5271efa9,0x10d8f50618d38be1b9fe7739539b381a6f40cb20597b46fb685e227bcdac901a
258,35.645,0.11762814355,0xced732ca92cb4f040239c4e8c85f14acbb5db000,2017-10-05T12:25:54.000Z,0.00329999,0x7cbdad3fb970dc81c17c72d7beddbb0416aae122,sell,0xa7f976c360ebbed4465c2855684d1aae5271efa9,0x8fdf5e2a68b9a2a7650a69194faa8fa7854979cd04a1246c66f9bf59d039f199
259,215,0.5719,0x273a5d3e6721b9f5c1a6474f560c1334c63dda01,2017-10-05T12:10:03.000Z,0.00266,0x939248c057992a444c842909c3459689a80bc6dd,buy,0xa7f976c360ebbed4465c2855684d1aae5271efa9,0xcc8a17d2d31d274d89a54f2ee40e2f99d08c282f2d257d1f0a5adefdb5823e9e
260,214.355,0.70736935645,0xced732ca92cb4f040239c4e8c85f14acbb5db000,2017-10-05T12:10:03.000Z,0.00329999,0x273a5d3e6721b9f5c1a6474f560c1334c63dda01,sell,0xa7f976c360ebbed4465c2855684d1aae5271efa9,0xcc8a17d2d31d274d89a54f2ee40e2f99d08c282f2d257d1f0a5adefdb5823e9e
261,176,0.383504176,0x7cbdad3fb970dc81c17c72d7beddbb0416aae122,2017-10-05T10:06:15.000Z,0.002179001,0xba32f93644e08ae47edfc89e7b0f6b5d5bcc985e,buy,0xa7f976c360ebbed4465c2855684d1aae5271efa9,0x323e64e9df0b4f22bdf406691bcb7f344b3a86f4dc907fc349d58dadaa97e9bc
262,170,0.37043017,0x339b48a764e04f1174990ecaeb0369daa1ed0ae3,2017-10-05T09:54:27.000Z,0.002179001,0xba32f93644e08ae47edfc89e7b0f6b5d5bcc985e,buy,0xa7f976c360ebbed4465c2855684d1aae5271efa9,0x44e05c525a233b8af0623a2171c48211f4c906578181c9928bcb289d1204afd5
263,17.854728,0.038887597584,0x7cbdad3fb970dc81c17c72d7beddbb0416aae122,2017-10-04T23:08:29.000Z,0.002178,0x4ef101828052e3b1340145926be230bda53e112b,buy,0xa7f976c360ebbed4465c2855684d1aae5271efa9,0xca348531d75f44648f589d6cd08e0b819d3ca55f2eafeeb6c955e5e2ab96e4af
264,14.35549795,0.0312662745351,0x33a0dbb1ee415cab9661d9c1f1676aad81873e5d,2017-10-04T18:47:11.000Z,0.002178,0xc76be17f2178a3b89e8f69d23524dfd26d7f34cf,sell,0xa7f976c360ebbed4465c2855684d1aae5271efa9,0x5f72b54fb6e3db4155c28e09e7cbb43fa1eaa909365f499d9c1ca7566e2d66b8
265,303.15,0.757875,0xeb772f9b86bbbe88136ebc190170fc09b220b31a,2017-10-04T17:24:23.000Z,0.0025,0x4c96abeb9d04a9674702aaba560b9b2b99eb6bdd,buy,0xa7f976c360ebbed4465c2855684d1aae5271efa9,0x2d893ca1400275a326720890cad7085e3a9c92fac274e63ba05436845efc46f2
266,425.70938191,0.92719503379998,0x33a0dbb1ee415cab9661d9c1f1676aad81873e5d,2017-10-04T17:18:36.000Z,0.002178,0x6e7c330847477bb8be07a74c44225b928fbea925,sell,0xa7f976c360ebbed4465c2855684d1aae5271efa9,0x45005b4f4c246012d38b232dec769911d61757226df19802a86dabe78788323a
267,660.973,1.439599854973,0x459238dd5cfb7fb7bb7f7fbef506c9521b689027,2017-10-04T17:16:30.000Z,0.002178001,0x6e7c330847477bb8be07a74c44225b928fbea925,sell,0xa7f976c360ebbed4465c2855684d1aae5271efa9,0xb9fa65d657622f963fa5d2820c9541b9f190f9bbe8e22161e79d195df4e63d43
268,1203.6317416,2.6215099332048,0x33a0dbb1ee415cab9661d9c1f1676aad81873e5d,2017-10-04T15:43:43.000Z,0.002178,0xbfb50b318ebd18975bd60b8d21488a8595debe74,sell,0xa7f976c360ebbed4465c2855684d1aae5271efa9,0xa69137f7bce864858de7ccec7397b997b2230eb75502405f0c54d82a94c2a73e
269,154.28471737,0.33603211443186,0x33a0dbb1ee415cab9661d9c1f1676aad81873e5d,2017-10-04T12:16:05.000Z,0.002178,0x874ed4b1ea1f3e1878f9d9b99afe44de18e91d32,sell,0xa7f976c360ebbed4465c2855684d1aae5271efa9,0xec149c1382aa6417c101bc1d9980af14a5a6d237042b859b1be0f301d83be80e
270,138.29628152,0.30120930115056,0x33a0dbb1ee415cab9661d9c1f1676aad81873e5d,2017-10-04T12:12:22.000Z,0.002178,0xc38ff609038812ce676627fc8b4e2c8c8dbfd813,sell,0xa7f976c360ebbed4465c2855684d1aae5271efa9,0xecec7113e64fde964ee835e4d757f7b3961eb65894383c93a8d59ef4a0008b2e
271,79.0266773,0.1721201821860773,0x459238dd5cfb7fb7bb7f7fbef506c9521b689027,2017-10-04T11:32:56.000Z,0.002178001,0x1682044cccf51b90d4007f88f65cfc8a14a455dc,sell,0xa7f976c360ebbed4465c2855684d1aae5271efa9,0x88ec829822e5783a65ee8c62cf8ed0e5a441a8e716d7d1694e1bf6919d1fbfc1
272,197.56654371,0.43010236565667,0x1f0b6206893b5973ff5f7e1dd04b3f8271000efb,2017-10-04T07:45:11.000Z,0.002177,0x0ccfe8017fe1f3007f0fcffc7f429dedf0669aae,sell,0xa7f976c360ebbed4465c2855684d1aae5271efa9,0x5dc027f1dd912aa28888234e53034f1466ced0996675452146b8d033e2811cda
273,0.02461952,0.00005359669504,0x1f0b6206893b5973ff5f7e1dd04b3f8271000efb,2017-10-04T06:57:05.000Z,0.002177,0x959e43afe559ca3969e826e308772db75fa4c3be,sell,0xa7f976c360ebbed4465c2855684d1aae5271efa9,0xe57177ca424f05cdcd6aceb6d36bd7cca41c80f89474cd885dffbc82bb9d2d6a
274,246.95835908,0.53762834771716,0x1f0b6206893b5973ff5f7e1dd04b3f8271000efb,2017-10-04T06:54:57.000Z,0.002177,0x959e43afe559ca3969e826e308772db75fa4c3be,sell,0xa7f976c360ebbed4465c2855684d1aae5271efa9,0x02c80340f374cbed60c26b3a51a3903829f3efc75955bfc64e57116e3870c6b1
275,230.05682384,0.50083370549968,0x1f0b6206893b5973ff5f7e1dd04b3f8271000efb,2017-10-04T06:53:36.000Z,0.002177,0x5740241812f338b0650d59ff2c40c2f82792cba0,sell,0xa7f976c360ebbed4465c2855684d1aae5271efa9,0x508424a2f4d90f7259d54ff2c5ed85e9e5fcdb029cce9dc45a7f67369a48fe87
276,88.16269564,0.169713189107,0x33a0dbb1ee415cab9661d9c1f1676aad81873e5d,2017-10-04T03:17:10.000Z,0.001925,0x8c9d774c5d5dec86a9dc9750892850ec1828a5dd,sell,0xa7f976c360ebbed4465c2855684d1aae5271efa9,0x1caed612af7366e30a237af9f654715f03bddae0e61606ba45a243bf7793a8f7
277,20,0.05,0x41fa6f20d83c539026d77bad0e9e2e965b81cca7,2017-10-04T02:34:18.000Z,0.0025,0x4c96abeb9d04a9674702aaba560b9b2b99eb6bdd,buy,0xa7f976c360ebbed4465c2855684d1aae5271efa9,0x7f6471eef3466d111dbc78d58751f98976545fb4eade391df9483202712b64cb
278,491.07348018,0.9453164493465,0x33a0dbb1ee415cab9661d9c1f1676aad81873e5d,2017-10-04T00:01:48.000Z,0.001925,0x196f6c8982a8197bcfbd6d28ecd5535dec9ac016,sell,0xa7f976c360ebbed4465c2855684d1aae5271efa9,0x7377d8c5ad27ce5945b5929d96b6e7eeb43a784aa08dcab938e9c3e7d884136c
279,236.09590432,0.45472071172032,0x7cbdad3fb970dc81c17c72d7beddbb0416aae122,2017-10-03T23:27:57.000Z,0.001926,0x196f6c8982a8197bcfbd6d28ecd5535dec9ac016,sell,0xa7f976c360ebbed4465c2855684d1aae5271efa9,0x635dc504b1ff48796fbd063744fc540d8fac896a1f08297585a8f898640e8a53
280,800,1.5408,0x459238dd5cfb7fb7bb7f7fbef506c9521b689027,2017-10-03T23:27:38.000Z,0.001926,0x196f6c8982a8197bcfbd6d28ecd5535dec9ac016,sell,0xa7f976c360ebbed4465c2855684d1aae5271efa9,0xfeecc0211ebd70e0b48887d9fcbc2ba3b12452cf20e3507b504fb08ed22b4013
281,400,0.7708,0x459238dd5cfb7fb7bb7f7fbef506c9521b689027,2017-10-03T23:11:52.000Z,0.001927,0x196f6c8982a8197bcfbd6d28ecd5535dec9ac016,sell,0xa7f976c360ebbed4465c2855684d1aae5271efa9,0x31eae6382c8b645433076affc121f7bcf04a8515c9104d3c7acce211e9c19ec9
282,115.22580001,0.22157932864503002,0x459238dd5cfb7fb7bb7f7fbef506c9521b689027,2017-10-03T13:28:52.000Z,0.001923001,0x4690da954b34270dd7a34c99f7221ef799909b3a,sell,0xa7f976c360ebbed4465c2855684d1aae5271efa9,0x39a9a83b39e9bc59cfce8ed4e944d127341d453226d93b8468daf7ecfe5fdb75
283,300,0.57693,0x7cbdad3fb970dc81c17c72d7beddbb0416aae122,2017-10-03T13:25:51.000Z,0.0019231,0x4690da954b34270dd7a34c99f7221ef799909b3a,sell,0xa7f976c360ebbed4465c2855684d1aae5271efa9,0x900ca2f89ab837fe575a9094c45bd37377092345df59cca4d314390c76a1d279
284,1,0.006,0x4422faacf2bb8bd836e330937f00f2e18268cc4a,2017-10-03T10:22:16.000Z,0.006,0x4422faacf2bb8bd836e330937f00f2e18268cc4a,buy,0xa7f976c360ebbed4465c2855684d1aae5271efa9,0x9a491981de9803a1bc5c421c31fecaffaca6fef19e7af7da7b8a4ea95702a4d1
285,1,0.015,0x4422faacf2bb8bd836e330937f00f2e18268cc4a,2017-10-03T10:10:52.000Z,0.015,0x4422faacf2bb8bd836e330937f00f2e18268cc4a,buy,0xa7f976c360ebbed4465c2855684d1aae5271efa9,0x77807eb6b50da8d8062f767f1be2ff9cefd3924d8b76557dd6a39a0fdacb9fa0
286,0.03,0.03,0x4422faacf2bb8bd836e330937f00f2e18268cc4a,2017-10-03T09:59:13.000Z,1,0x4422faacf2bb8bd836e330937f00f2e18268cc4a,buy,0xa7f976c360ebbed4465c2855684d1aae5271efa9,0xb6152e5e5a2816a4813e90868c1b03d9003d5d0c607cd3ee3c5e55061d750458
287,3.91785465,0.0075301166373,0x7cbdad3fb970dc81c17c72d7beddbb0416aae122,2017-10-02T23:36:01.000Z,0.001922,0x9d384fe998564e20926deb1f9bcafcc071cdd4e9,sell,0xa7f976c360ebbed4465c2855684d1aae5271efa9,0xb22c05716250b5f046651580b9596a06b0427049ea240b63789ffee2667624fc
288,1,0.0035,0x4422faacf2bb8bd836e330937f00f2e18268cc4a,2017-10-02T17:29:08.000Z,0.0035,0x4690da954b34270dd7a34c99f7221ef799909b3a,buy,0xa7f976c360ebbed4465c2855684d1aae5271efa9,0x9ce7d2f8e903dfd395ec568f31f08b63237cf2aa16941400ea096525cd18b45c
289,1400,3.157777,0x492a88adeda2a1c6a5d6a91991fb54a1f3b02489,2017-10-02T14:45:11.000Z,0.002255555,0xdb8cebd9cd4b2ace70a84c211f1f601f3f575da5,sell,0xa7f976c360ebbed4465c2855684d1aae5271efa9,0x4ede5fc72f07e770cd99449ab87dd2c72b376af07fee78bb93d6b012f593e9d1
290,369.98385602,1.017455604055,0x4422faacf2bb8bd836e330937f00f2e18268cc4a,2017-10-02T14:43:48.000Z,0.00275,0xdb8cebd9cd4b2ace70a84c211f1f601f3f575da5,sell,0xa7f976c360ebbed4465c2855684d1aae5271efa9,0x47bbf9b4795dca87cc401064f6e01d3c75f7ad40833676b50108f9115dc8b1e3
291,428.32120426,1.177883311715,0x4422faacf2bb8bd836e330937f00f2e18268cc4a,2017-10-02T13:36:41.000Z,0.00275,0x9d4b4c7900037864fe211186e4192c1984a66623,sell,0xa7f976c360ebbed4465c2855684d1aae5271efa9,0x0f07dda120bd3d2e12ff7b5cdb55d1c0809a81da84c1726d44bd2879cd22c1ab
292,20.70840394,0.056948110835,0x4422faacf2bb8bd836e330937f00f2e18268cc4a,2017-10-02T13:36:41.000Z,0.00275,0x67d986ddc884e2f0a5bfb102660997d85936d1dc,sell,0xa7f976c360ebbed4465c2855684d1aae5271efa9,0x1ddddeac8b066f6955e4b92b141750a778491361b99910812ab4a7b8299307b4
293,244.42029707,0.6721558169425,0x4422faacf2bb8bd836e330937f00f2e18268cc4a,2017-10-02T11:48:53.000Z,0.00275,0x505f2a4c60ce15808ff0aa8736dea72e7542daac,sell,0xa7f976c360ebbed4465c2855684d1aae5271efa9,0x68eb4c136a43bf0bd1f7a0a786abd0fd9e45a8cf3fe63f60b9bc1da148393741
294,948.31921044,2.60787782871,0x4422faacf2bb8bd836e330937f00f2e18268cc4a,2017-10-02T11:10:58.000Z,0.00275,0x5bc3ef213afee5afa6be633b7c0f72f926ec651e,sell,0xa7f976c360ebbed4465c2855684d1aae5271efa9,0x1a500ff710a2bb39be302c0fe9ef87bc7920be985733c882706cdb5d90105896
295,1,0.0038,0x31c8e4c767ea2268b69ade5956c9ef3669eaebac,2017-10-02T11:03:03.000Z,0.0038,0xd8ff437a25b92cd42b3ed48871efade709dbebe8,buy,0xa7f976c360ebbed4465c2855684d1aae5271efa9,0xbef48cf55528ac2706d1e590dd926f0c6b733a09dbb72157ab7a315160c4c9af
296,0.003,0.015,0x4422faacf2bb8bd836e330937f00f2e18268cc4a,2017-10-02T07:20:37.000Z,5,0x4422faacf2bb8bd836e330937f00f2e18268cc4a,sell,0xa7f976c360ebbed4465c2855684d1aae5271efa9,0xdb9b4f1c6d9e16e530e2f2d51bc50e9f941a9058febaafb1aaba2aefdb2f680a
297,0.0028913,0.0636086,0x4422faacf2bb8bd836e330937f00f2e18268cc4a,2017-10-02T07:08:40.000Z,22,0x5ae933bfbbaa04c3e05ae56295138174ada9799c,sell,0xa7f976c360ebbed4465c2855684d1aae5271efa9,0xdb032418766fc61a3e445c5ec88b6da23318290891be6777d1e48b5f5eb6974f
298,0.01760449,0.0000484123475,0x4422faacf2bb8bd836e330937f00f2e18268cc4a,2017-10-02T07:06:38.000Z,0.00275,0x94d94de4c7a1b29d5fe33492aaac565d74dff795,sell,0xa7f976c360ebbed4465c2855684d1aae5271efa9,0xbd569e1c37f39dd43cdf2ccba64e9bc2916f819960f3464d22c28a2c9dd77a3e
299,176.59053662,0.485623975705,0x4422faacf2bb8bd836e330937f00f2e18268cc4a,2017-10-02T07:04:14.000Z,0.00275,0x94d94de4c7a1b29d5fe33492aaac565d74dff795,sell,0xa7f976c360ebbed4465c2855684d1aae5271efa9,0xe037c5ab6d5f58286bc8de8ebf20ff4490b1b53b3a66e1e71e199c32d37fa527
300,0.004,0.0146,0x4422faacf2bb8bd836e330937f00f2e18268cc4a,2017-10-02T07:01:28.000Z,3.65,0x4422faacf2bb8bd836e330937f00f2e18268cc4a,buy,0xa7f976c360ebbed4465c2855684d1aae5271efa9,0xe6f34bdb49f6f6cac65207e8f74b7151d7852286e9763eb11443dda4066de9f0
301,19.98384917,0.0549555852175,0x4422faacf2bb8bd836e330937f00f2e18268cc4a,2017-10-02T07:00:15.000Z,0.00275,0x94d94de4c7a1b29d5fe33492aaac565d74dff795,sell,0xa7f976c360ebbed4465c2855684d1aae5271efa9,0x6a9192da91eeb9d2b8f7d6dc9aec5f5dab41391cbeb5e0625b94b6d8f9f56258
302,0.0034895,0.0244265,0x4422faacf2bb8bd836e330937f00f2e18268cc4a,2017-10-02T06:56:35.000Z,7,0x5ae933bfbbaa04c3e05ae56295138174ada9799c,sell,0xa7f976c360ebbed4465c2855684d1aae5271efa9,0xcc2d59b6176f93980c87f8bfa5c1b7d44289499f3ef0be2865d146ae7e28b3bd
303,500,1.75,0x4422faacf2bb8bd836e330937f00f2e18268cc4a,2017-10-02T06:49:39.000Z,0.0035,0x62a27c6e093e23ee9a6623bf5577f7f75f93f3cb,sell,0xa7f976c360ebbed4465c2855684d1aae5271efa9,0x4bb75738ad31a4a75924d599a9b19a2bb5e030b0a54ffb47b7cedad3e06fa36b
304,5,0.02,0x4422faacf2bb8bd836e330937f00f2e18268cc4a,2017-10-02T06:16:31.000Z,0.004,0xb52c171c94e15bb81419f18b301e22258ac3bc48,buy,0xa7f976c360ebbed4465c2855684d1aae5271efa9,0xdfec609fee44c1f9a6c1e75e9ae296ca59ca7ee490fdf20de2ea5077205aa2b5
305,1,0.004,0x4422faacf2bb8bd836e330937f00f2e18268cc4a,2017-10-02T06:12:42.000Z,0.004,0xb52c171c94e15bb81419f18b301e22258ac3bc48,buy,0xa7f976c360ebbed4465c2855684d1aae5271efa9,0xc4e08cd2c0ab5cb4f76692d378a6549c81cb47c13d67875b4db51184e0895656
306,458.574,1.375263426,0x4422faacf2bb8bd836e330937f00f2e18268cc4a,2017-10-02T06:11:16.000Z,0.002999,0x1de795ad4bb472a96417c822db9f087c111ddf8b,buy,0xa7f976c360ebbed4465c2855684d1aae5271efa9,0x586ad4e95cc1242c6fc3643554b7fbd39e75aa635c390c8cdd549ecb5a8c0a82
307,1300,3.6257,0x4422faacf2bb8bd836e330937f00f2e18268cc4a,2017-10-02T06:11:01.000Z,0.002789,0x00b17ad3fb6332399c605d650bdf00cd456a18cf,buy,0xa7f976c360ebbed4465c2855684d1aae5271efa9,0x455d9f11c1cad36c931a46c5dbcc07f73df5e5c791def3d0462ba12e6eb034c0
308,736.23,1.619632377,0x4422faacf2bb8bd836e330937f00f2e18268cc4a,2017-10-02T06:07:04.000Z,0.0021999,0xb94a2acfe0ec647789028c6a0dae3eb66136136d,buy,0xa7f976c360ebbed4465c2855684d1aae5271efa9,0x5a7aa94493c2f984505b65a0c79444ba29082945fff43af0e5da3134baa8bfa2
309,12.587,0.03134163,0x4422faacf2bb8bd836e330937f00f2e18268cc4a,2017-10-02T06:07:04.000Z,0.00249,0x1fdf047bf7a114b37e7936d01e9cad754ad18803,buy,0xa7f976c360ebbed4465c2855684d1aae5271efa9,0x369745566b2dabea6630c54f4f410f65049ce5a0a31a5ddd3ad4ec3de0c6c4ed
310,129.307,0.35818039,0x4422faacf2bb8bd836e330937f00f2e18268cc4a,2017-10-02T06:07:04.000Z,0.00277,0xfcbd1a3b6ef78b3a72d04726469c769ee26cc0d4,buy,0xa7f976c360ebbed4465c2855684d1aae5271efa9,0x641cd6c49cddc17795e9c17b21bc3214bbc241c29303bda65cb2e0eb8e8eba62
311,799.2498,1.76921935728,0x4422faacf2bb8bd836e330937f00f2e18268cc4a,2017-10-02T06:07:04.000Z,0.0022136,0x846fe155673f9fd3131be9b757d1ed9bd3d4853d,buy,0xa7f976c360ebbed4465c2855684d1aae5271efa9,0xadfd1d4da50275779ede95628488bcccbcd330d8e7f15dde4da76a24f862c2c7
312,356.62446416,0.673623670858254,0x459238dd5cfb7fb7bb7f7fbef506c9521b689027,2017-10-01T21:26:45.000Z,0.001888888,0x57e45515c679bb4a549304330e05714b7d9866fb,sell,0xa7f976c360ebbed4465c2855684d1aae5271efa9,0x2bedb1a9686ce8f30d73f2a138df0bac6201fd34bb6227b04b0fc852f5437090
313,90,0.170019,0x7cbdad3fb970dc81c17c72d7beddbb0416aae122,2017-10-01T19:58:42.000Z,0.0018891,0x57e45515c679bb4a549304330e05714b7d9866fb,sell,0xa7f976c360ebbed4465c2855684d1aae5271efa9,0x3b0409611c6687ec6cefe3de94067478e45c9846cf75ed998e5a66c73685f5e3
314,346,0.653555248,0x459238dd5cfb7fb7bb7f7fbef506c9521b689027,2017-09-30T10:53:17.000Z,0.001888888,0x846fe155673f9fd3131be9b757d1ed9bd3d4853d,sell,0xa7f976c360ebbed4465c2855684d1aae5271efa9,0x279e38bbc501d3da74229731befc1e34a897685321d26c9c3c660612198f7293
315,430,0.81184,0xb84183da611c95d6a5f2638f712bc7aadc37f34c,2017-09-29T18:44:06.000Z,0.001888,0x306b49f26ea1e9f63570b4aeaff2b255ba8b4110,sell,0xa7f976c360ebbed4465c2855684d1aae5271efa9,0xf6fbb051dd14a1ecfef90aff2e8ca8bde0753cc3246653fd21b3190345414bbc
316,312.164,0.6910062304,0x46dc6b56513ae75026900e7fd27aaf835cd0163a,2017-09-29T17:58:57.000Z,0.0022136,0x593e73c218bcc7f42e1fe6efce94952cd286442f,buy,0xa7f976c360ebbed4465c2855684d1aae5271efa9,0xf6a4ea5c63614238ce2522eac3c4cef042bed09fd5a7c961b3724f7086d3060b
317,0.99690958,0.00187120027856958,0xc28401f5cff92d51e0f570f1c1c4f5a0f43fa07d,2017-09-29T12:16:06.000Z,0.001877001,0x306b49f26ea1e9f63570b4aeaff2b255ba8b4110,sell,0xa7f976c360ebbed4465c2855684d1aae5271efa9,0x41d5b106261c1c9f6d6c9c536b5153a149a5fa9dac14df8b1eb87d2e2110e14b
318,2376.96839796,4.46156968297092,0x492a88adeda2a1c6a5d6a91991fb54a1f3b02489,2017-09-29T03:01:59.000Z,0.001877,0x492d1c0b8e2e8aa317f318c844026e7ddc3946a7,sell,0xa7f976c360ebbed4465c2855684d1aae5271efa9,0x0fcf2c43bad2787da7b7caa429b6bd114921408c2b9113ed6a71282bf38399d6
319,190.16648389,0.35675232377764,0x33a0dbb1ee415cab9661d9c1f1676aad81873e5d,2017-09-28T23:39:21.000Z,0.001876,0x99281f592cb266ed256387a2ce73ec1da1f9980c,sell,0xa7f976c360ebbed4465c2855684d1aae5271efa9,0x2b87140a15d8dfbe3b5c9282be62079827800aa8791f32b9a55e26a83e04cc1c
320,803.03125654,1.5056836060125,0x9edf986933ff266063571c7d875a70aed97512a3,2017-09-28T17:37:50.000Z,0.001875,0xb05998ce59731b1ca676a274f4d3015b6b70de6f,sell,0xa7f976c360ebbed4465c2855684d1aae5271efa9,0x4c11142a7d505f89709dcf4d53590eff5b4007dbb59e35425cf64a58cb66a620
321,1250,2.344375,0x492a88adeda2a1c6a5d6a91991fb54a1f3b02489,2017-09-28T17:35:39.000Z,0.0018755,0xb05998ce59731b1ca676a274f4d3015b6b70de6f,sell,0xa7f976c360ebbed4465c2855684d1aae5271efa9,0xe0763ec25dc8b9811ac5fcc4aa636fb573ace8e346df35ad704966b62b2d4948
322,72,0.1368,0xb44036fbb953d401184a722b0692609e9c629d9f,2017-09-28T17:35:18.000Z,0.0019,0xb05998ce59731b1ca676a274f4d3015b6b70de6f,sell,0xa7f976c360ebbed4465c2855684d1aae5271efa9,0x04e7779e518ab874bc9b55abc1baed6df5af644e120c2cd8c4c4c01bc8a1f592
323,1.453,0.00293506,0xdea806ac274c620140526d1ea9cec477810d4d7b,2017-09-28T17:34:42.000Z,0.00202,0xb05998ce59731b1ca676a274f4d3015b6b70de6f,sell,0xa7f976c360ebbed4465c2855684d1aae5271efa9,0xdaade7413c4bc64bb3dfc87520c7183419a80ff0d76e6a7e069ec8cbf1573a73
324,1,0.0025,0x0249924245a19aa2d7f5ddb0739a7132b7d094ab,2017-09-28T16:39:47.000Z,0.0025,0x57e45515c679bb4a549304330e05714b7d9866fb,buy,0xa7f976c360ebbed4465c2855684d1aae5271efa9,0x6849c6a5b22bebb276a5eceb2a9d81241398a423954e89de49a24a6e7c7ce7dc
325,1,0.0022136,0xa0be78d2bac6a692adba423c7af50ec86a18bddf,2017-09-28T14:46:27.000Z,0.0022136,0x593e73c218bcc7f42e1fe6efce94952cd286442f,buy,0xa7f976c360ebbed4465c2855684d1aae5271efa9,0x41e20fed11f5ebdf39149c9272b8a374387f23bbb3edab3b616c093d6ed97102
326,1220.21732628,2.2818064001436,0x492a88adeda2a1c6a5d6a91991fb54a1f3b02489,2017-09-28T14:28:09.000Z,0.00187,0x010f7ec243bb5e7ed2b54cce49ca147e540e56fc,sell,0xa7f976c360ebbed4465c2855684d1aae5271efa9,0x78455492b29b46ca486efeea1f5a908e59b4f22994909420e39b60ddc797c519
327,20,0.044272,0xdea806ac274c620140526d1ea9cec477810d4d7b,2017-09-28T11:54:04.000Z,0.0022136,0x593e73c218bcc7f42e1fe6efce94952cd286442f,buy,0xa7f976c360ebbed4465c2855684d1aae5271efa9,0xb5f6eb4290e16263d07dfb016fdd0b2548166f7175b024eba635e0c66158a362
328,511.03613937,0.8943132438975,0x9edf986933ff266063571c7d875a70aed97512a3,2017-09-28T04:56:35.000Z,0.00175,0x1ed014aec47fae44c9e55bac7662c0b78ae61798,sell,0xa7f976c360ebbed4465c2855684d1aae5271efa9,0x609d52fb0270ac2630d79689a2b59c3c9c1a5dcf5063945e04967cb73422a218
329,237.26448011,0.4152128401925,0x9edf986933ff266063571c7d875a70aed97512a3,2017-09-27T23:34:40.000Z,0.00175,0x3156edcc20e8853159a0283df8bbc6e67b41a06f,sell,0xa7f976c360ebbed4465c2855684d1aae5271efa9,0x8969d6b04c743fa62250d2f5292b5288cb76854032040d320d8e6133139a0584
330,1993.8844814,3.3896056122644813,0xc28401f5cff92d51e0f570f1c1c4f5a0f43fa07d,2017-09-27T22:42:06.000Z,0.001700001,0x6b7efbb5de0aba4a02a9a6733887063fd95e1693,sell,0xa7f976c360ebbed4465c2855684d1aae5271efa9,0x3dd5c5f61766b988f9eea7205fe826dbe0ad66a927a62b9865d0894bf484160e
331,1039.72584986,1.767533944762,0xcc24d8fd93eadc300d08b0dfe6536897a81d06ea,2017-09-27T09:28:39.000Z,0.0017,0xfd166f50e22a400ff1ad61c3c2168f3553c34789,sell,0xa7f976c360ebbed4465c2855684d1aae5271efa9,0x7e70f176c6d08e89211c0063e7c845139d2a415330f5f53f2d59efd3b99901c7
332,17,0.02975,0xb8186b97012530dceadc931136bf6cc7e4237f10,2017-09-27T09:24:20.000Z,0.00175,0xfd166f50e22a400ff1ad61c3c2168f3553c34789,sell,0xa7f976c360ebbed4465c2855684d1aae5271efa9,0xa147dfe7b4dfd36a4f04801f25654b7f508eb9566604c1ce5c335c87148f736b
333,178.722,0.3038274,0xc28401f5cff92d51e0f570f1c1c4f5a0f43fa07d,2017-09-27T09:19:54.000Z,0.0017,0xaf1adb9fb02a38fade67e7fe40db26b9a7e06403,buy,0xa7f976c360ebbed4465c2855684d1aae5271efa9,0xf23667872a6c9312997ce68ac4c7b406c44fa41e7a4286fe2923b359a0b081ac
334,65.29209998,0.14853952746485893,0x9d864a723ddcd924be55cd660c1e0271fd0bec96,2017-09-27T05:40:47.000Z,0.0022750000001586553,0x593e73c218bcc7f42e1fe6efce94952cd286442f,buy,0xa7f976c360ebbed4465c2855684d1aae5271efa9,0x202539103cdf641671dd9f7997635de572826e8ffbd14cbf3ef31879a2ac08fc
335,1500.6,3.15126,0xc28401f5cff92d51e0f570f1c1c4f5a0f43fa07d,2017-09-27T02:53:47.000Z,0.0021,0x10c1f38cd91c8b2aecfa4c8abbce775ce3e4c6bf,buy,0xa7f976c360ebbed4465c2855684d1aae5271efa9,0x750e97b0effcfd3f461db84f0216b09d97a66eeb6126d76f022ecd2529ac1bdf
336,97.09099999,0.18447289999900948,0x5395ee3d0d719acf302b722c9728c30c0b416cba,2017-09-26T16:55:31.000Z,0.0019000000001854907,0xf605d3d514436ebe092cdcc5541fe936ac2f26e2,buy,0xa7f976c360ebbed4465c2855684d1aae5271efa9,0x04ce27087fdd59c2083697e27de25bf0713dcf5f3ac011feb092ab5f3d66020f
337,0.6,0.00114,0x10c1f38cd91c8b2aecfa4c8abbce775ce3e4c6bf,2017-09-26T15:56:22.000Z,0.0019,0xf605d3d514436ebe092cdcc5541fe936ac2f26e2,buy,0xa7f976c360ebbed4465c2855684d1aae5271efa9,0xa6294c30924aa2047d01ac327a10a19f12d71f8dba4fc558030aaa0865265de5
338,291.579,0.5540001,0x742dafaa0a39c0bd8ca04be2a139107ddf07cd57,2017-09-26T15:20:40.000Z,0.0019,0xf605d3d514436ebe092cdcc5541fe936ac2f26e2,buy,0xa7f976c360ebbed4465c2855684d1aae5271efa9,0x639762651a3d1c6318dc1d01969fdcd1280bec5079cd306590eb8dc4fb5ce0e7
339,0.73,0.001387,0x10c1f38cd91c8b2aecfa4c8abbce775ce3e4c6bf,2017-09-26T14:14:14.000Z,0.0019,0xf605d3d514436ebe092cdcc5541fe936ac2f26e2,buy,0xa7f976c360ebbed4465c2855684d1aae5271efa9,0xc35755813516e0e8831ab3327302f7ac02c931ac253f89f18e4278f7d4be1314
340,14.95364725,0.02060313518105,0xc28401f5cff92d51e0f570f1c1c4f5a0f43fa07d,2017-09-26T04:52:36.000Z,0.0013778,0x1ddb5544049975310ef469ef86a051d9eb9537b5,sell,0xa7f976c360ebbed4465c2855684d1aae5271efa9,0xb1c0b916702cdf9edbe21dcbc1cf09d4a6f058646f1cb33fba9bbe8bbe338e79
341,0.03552769,0.000048950051282,0xc28401f5cff92d51e0f570f1c1c4f5a0f43fa07d,2017-09-26T04:22:38.000Z,0.0013778,0x1ddb5544049975310ef469ef86a051d9eb9537b5,sell,0xa7f976c360ebbed4465c2855684d1aae5271efa9,0x7c4e8c81aa12e26cccd6cf505b8a4a262e27803e8dd40a9eb8aa7f6168962b94
342,256.60452595,0.35354971585391,0xc28401f5cff92d51e0f570f1c1c4f5a0f43fa07d,2017-09-26T03:51:42.000Z,0.0013778,0x82732168b8683db87e8717ce278a7ea3075c5599,sell,0xa7f976c360ebbed4465c2855684d1aae5271efa9,0x01552b03b6c53650e11709a84628568b9d843302182560d7b32c984aeeadd86d
343,356.37822749,0.491017921835722,0xc28401f5cff92d51e0f570f1c1c4f5a0f43fa07d,2017-09-26T03:51:42.000Z,0.0013778,0x1ddb5544049975310ef469ef86a051d9eb9537b5,sell,0xa7f976c360ebbed4465c2855684d1aae5271efa9,0x076351b91c9ccc72721ae9c6a12ca01572062727e0eff9a03112df23cb430a62
344,0.00000436,0.000000009935878126,0x5395ee3d0d719acf302b722c9728c30c0b416cba,2017-09-26T01:55:11.000Z,0.002278871129816514,0x593e73c218bcc7f42e1fe6efce94952cd286442f,buy,0xa7f976c360ebbed4465c2855684d1aae5271efa9,0x4a602f41a713948b8fbd2f30d92f32014d1d2944f84c75f644d51b03a8d98a3b
345,0.04380957,0.000099666793482524,0x5395ee3d0d719acf302b722c9728c30c0b416cba,2017-09-25T23:47:35.000Z,0.0022750004960679594,0x593e73c218bcc7f42e1fe6efce94952cd286442f,buy,0xa7f976c360ebbed4465c2855684d1aae5271efa9,0x584c8c1279713da08960f3bc88dba4540c84dc447f51dec07f924c0d01bc25af
346,28,0.0385756,0xedcf7865160bd0daa610de492922c1c390a69170,2017-09-25T21:53:39.000Z,0.0013777,0xb84183da611c95d6a5f2638f712bc7aadc37f34c,sell,0xa7f976c360ebbed4465c2855684d1aae5271efa9,0x8f4cfb2b82fc8e047cb34e2346fd07044bd1c2ce81b8d4ea402cd4452f52e9c4
347,109.74663259,0.151197935719243,0xedcf7865160bd0daa610de492922c1c390a69170,2017-09-25T21:16:31.000Z,0.0013777,0xdd3b9be91ea4d427e62c3fa3f2b27b5290d98f1e,sell,0xa7f976c360ebbed4465c2855684d1aae5271efa9,0x9e78b02bacd81054c16f6a33db5b36a07c8a4c2eef76fc87e17d11b57af44bf4
348,70.254,0.0983556,0xcfd5d60e0f447636f1643cd9b7a9547062cb0863,2017-09-25T18:46:19.000Z,0.0014,0xb84183da611c95d6a5f2638f712bc7aadc37f34c,sell,0xa7f976c360ebbed4465c2855684d1aae5271efa9,0x9a744403d074deddd236e967b7c6d75f4b724e529d54733a6fee6e1c1b5ce08a
349,400,0.7,0x732c1b4df87b0387573ed0216abb370bb199befc,2017-09-25T18:44:49.000Z,0.00175,0xb84183da611c95d6a5f2638f712bc7aadc37f34c,sell,0xa7f976c360ebbed4465c2855684d1aae5271efa9,0x7cc3ff3550d43576eb7f69e9100bc6f7543758d3466b1bb6b839035b90b56acb
350,400,0.4400004,0xced732ca92cb4f040239c4e8c85f14acbb5db000,2017-09-25T18:42:18.000Z,0.001100001,0xdd3b9be91ea4d427e62c3fa3f2b27b5290d98f1e,sell,0xa7f976c360ebbed4465c2855684d1aae5271efa9,0xc798642c8e640694110b893fcceffc52f9f98990745816a14f5fd601f2096780
351,396.84161562,0.6369449999999391,0x57cef080db9482c79becff1bf23931c0b20a09a9,2017-09-25T17:19:17.000Z,0.0016050358,0xdd3b9be91ea4d427e62c3fa3f2b27b5290d98f1e,sell,0xa7f976c360ebbed4465c2855684d1aae5271efa9,0xdd3f651bcae2304dff60e5289abe06d548dbea3e7417349117b48cbbaafaaec0
352,80,0.1288,0xd524d2ab278709bb8692762342a210793c2729b3,2017-09-25T17:15:41.000Z,0.00161,0xdd3b9be91ea4d427e62c3fa3f2b27b5290d98f1e,sell,0xa7f976c360ebbed4465c2855684d1aae5271efa9,0xf06040b9da1f151938969268f356cc905667e59d8f458f14ef2adbef88c61b67
353,200,0.323,0xcfd5d60e0f447636f1643cd9b7a9547062cb0863,2017-09-25T17:14:56.000Z,0.001615,0xdd3b9be91ea4d427e62c3fa3f2b27b5290d98f1e,sell,0xa7f976c360ebbed4465c2855684d1aae5271efa9,0x18158490dcde9f468ef760a188466b9672e340b1793def4a86087ee172513a27
354,200,0.36,0xcfd5d60e0f447636f1643cd9b7a9547062cb0863,2017-09-25T17:12:36.000Z,0.0018,0xdd3b9be91ea4d427e62c3fa3f2b27b5290d98f1e,sell,0xa7f976c360ebbed4465c2855684d1aae5271efa9,0x4414fcca687429ac59e59eb9e7f45cd2764f7d2c237938a7e38d08ce64236848
355,550,0.99,0xf3019dc6a28af019e2d6730f3d2defe3bdb28e62,2017-09-25T17:09:03.000Z,0.0018,0xdd3b9be91ea4d427e62c3fa3f2b27b5290d98f1e,sell,0xa7f976c360ebbed4465c2855684d1aae5271efa9,0x98a75b6767f5cec4277c1f70d624d5e72438ff3ca1cdfc36947a7b121c017892
356,149.509,0.27061129,0x5fde446016bd7bca45360efcbd6e9b9896d3a4a4,2017-09-25T17:08:37.000Z,0.00181,0xdd3b9be91ea4d427e62c3fa3f2b27b5290d98f1e,sell,0xa7f976c360ebbed4465c2855684d1aae5271efa9,0x97568ad9316cb3c9657665a303692afe6e29d333395b92cfaab107cc9543924b
357,35.52690467,0.07105380934,0xcfd5d60e0f447636f1643cd9b7a9547062cb0863,2017-09-25T16:31:51.000Z,0.002,0xdd3b9be91ea4d427e62c3fa3f2b27b5290d98f1e,sell,0xa7f976c360ebbed4465c2855684d1aae5271efa9,0x6920f9d50f911da019dc33772880bd11bf624ffa2fc83c12e3062f65bf8002c9
358,102.32182334,0.20464364668,0xcfd5d60e0f447636f1643cd9b7a9547062cb0863,2017-09-25T16:06:43.000Z,0.002,0xea8c8d88486e979153690b0adddb9d856c96198e,sell,0xa7f976c360ebbed4465c2855684d1aae5271efa9,0xd61aa5f0fda10640833a3b0c742ec73c1d5174e8fc2ed388766d234c61730ece
359,62.15127199,0.12430254398,0xcfd5d60e0f447636f1643cd9b7a9547062cb0863,2017-09-25T15:16:49.000Z,0.002,0x22169ccd7c8feea3f89fdbb69f860b271a597586,sell,0xa7f976c360ebbed4465c2855684d1aae5271efa9,0xe3e50717514e1ffdaf1a93da5796347f6518a7dac23e6486e6fdafa7e5fce350
360,164,0.3772,0x57cef080db9482c79becff1bf23931c0b20a09a9,2017-09-25T15:14:02.000Z,0.0023,0x22169ccd7c8feea3f89fdbb69f860b271a597586,sell,0xa7f976c360ebbed4465c2855684d1aae5271efa9,0xf6113f10dbf4bb132dfd3bfe4d59797040271ff9670de5b7a067f1cc32682caf
361,260,0.598,0x492a88adeda2a1c6a5d6a91991fb54a1f3b02489,2017-09-25T11:12:12.000Z,0.0023,0xfcbd1a3b6ef78b3a72d04726469c769ee26cc0d4,sell,0xa7f976c360ebbed4465c2855684d1aae5271efa9,0xf4f3a6cf545513f60ec11771dd45e1d31ec9a21e5dd5762a419b0807d7da9e45
362,64.835,0.149185335,0x5483f27d80cd090000d42b495029ff16eedb1c8f,2017-09-25T10:54:51.000Z,0.002301,0xfcbd1a3b6ef78b3a72d04726469c769ee26cc0d4,sell,0xa7f976c360ebbed4465c2855684d1aae5271efa9,0xce51c67bf6d7c765e478a6b7aea6f481045a8e29da02ab37de01e39f001cfa86
363,0.17241379,0.0005,0xc886b21b865e7c90432d9b8bdb14ad254f2232f5,2017-09-25T10:34:53.000Z,0.002900000052200001,0x1e5d8f7677d288bb94b015d3a5844a062a6ee9a7,buy,0xa7f976c360ebbed4465c2855684d1aae5271efa9,0xbf22edecd34f020d949f3d5b089d88e5e50d33bc4d90a9084089b5d1e7741db0
364,0.17241379,0.0005,0xe37bd4d49c619e748d4efe74525489d26b6aff43,2017-09-25T09:09:28.000Z,0.002900000052200001,0x1e5d8f7677d288bb94b015d3a5844a062a6ee9a7,buy,0xa7f976c360ebbed4465c2855684d1aae5271efa9,0x2631aa5899283ab23111dcdaa7fe5025e08e63e2f7ec875f39b6d3220854346f
365,0.17241379,0.0005,0x23ee598e50ff1b1bde1022bf3c8a41d4c23321a0,2017-09-25T00:57:01.000Z,0.002900000052200001,0x1e5d8f7677d288bb94b015d3a5844a062a6ee9a7,buy,0xa7f976c360ebbed4465c2855684d1aae5271efa9,0xf3deea2a1445ab7f965987f79cedd64b2f045dc0a06aab6c06ad09ebaa545726
366,0.17241379,0.0005,0xe5a759eb3e214ff0a2bbbea31acc41c9bf27b239,2017-09-25T00:34:29.000Z,0.002900000052200001,0x1e5d8f7677d288bb94b015d3a5844a062a6ee9a7,buy,0xa7f976c360ebbed4465c2855684d1aae5271efa9,0x553b1d8cc20f6debf745d8a7946cb0ff074061c1134e5b654ee223edc290aee3
367,0.17241379,0.0005,0x160506e5a5ce5dadd43623689f53d5aa1f288f0f,2017-09-25T00:19:17.000Z,0.002900000052200001,0x1e5d8f7677d288bb94b015d3a5844a062a6ee9a7,buy,0xa7f976c360ebbed4465c2855684d1aae5271efa9,0x1061eeb02568731a0bcc96d0e39ebc924752ca3f97ee1a48cc50755da8f4b8ab
368,0.165,0.000379665,0x5483f27d80cd090000d42b495029ff16eedb1c8f,2017-09-24T23:21:12.000Z,0.002301,0x1f8ac99600c61189d92c85cc760735b9e0067a60,sell,0xa7f976c360ebbed4465c2855684d1aae5271efa9,0x94e9798d9fa72b2d15e2eba505af3e6af87bac38365be5557a734dd1462feca0
369,59,0.17582,0xe2e584319f57671638cb28321b830e4a79d47218,2017-09-24T17:57:55.000Z,0.00298,0x5fde446016bd7bca45360efcbd6e9b9896d3a4a4,buy,0xa7f976c360ebbed4465c2855684d1aae5271efa9,0x8d201ffe37fe6c64b6f3f41edf66c9b4a0fd5c758a89aa787f2ec47d83aa0c2a
370,1,0.0034499,0x18bc639218a3abdf0772a49c3c4ea2ee9148ddc4,2017-09-24T04:21:58.000Z,0.0034499,0x57e45515c679bb4a549304330e05714b7d9866fb,buy,0xa7f976c360ebbed4465c2855684d1aae5271efa9,0x1a34d8e8a940e909be575cda797f2e175f5b686eec6a7e2201ad2a82ae44f1f5
371,0.14413375,0.0005,0xc22f5ab4f1591613a92b4d172cc7f4e4a5af58cd,2017-09-23T23:30:16.000Z,0.003469000147432506,0x7c00c9f0e7aed440c0c730a9bd9ee4f49de20d5c,buy,0xa7f976c360ebbed4465c2855684d1aae5271efa9,0x71836d11b09a484d5958602e20ea841cd05e89b901880e358b9894bbe4ab9801
372,0.14413375,0.0005,0x452b06f1c61cff4c9bebaa405319a7c3b12553a2,2017-09-23T23:30:16.000Z,0.003469000147432506,0x7c00c9f0e7aed440c0c730a9bd9ee4f49de20d5c,buy,0xa7f976c360ebbed4465c2855684d1aae5271efa9,0xf7014bcbf79cf666fa45fe9781be861ff343bff16d9d1005dcae77043adad51a
373,0.14413375,0.0005,0x2ba19ec4bcd5ae8de66b110bde5ebf41092bd02f,2017-09-23T23:22:17.000Z,0.003469000147432506,0x7c00c9f0e7aed440c0c730a9bd9ee4f49de20d5c,buy,0xa7f976c360ebbed4465c2855684d1aae5271efa9,0x637fbdc39b342eb34704c06133f951c46c3a118499d053ab370de31b3b422e05
374,65.54720131,0.13109440262,0xcfd5d60e0f447636f1643cd9b7a9547062cb0863,2017-09-23T18:03:50.000Z,0.002,0x20f3027ff5affdfada79581122dcbd9309e4bf46,sell,0xa7f976c360ebbed4465c2855684d1aae5271efa9,0x36e0a7cdc9990b0ef53ff950b7032b1bf6ed36cb123516aed418bc4126298da4
375,134.569,0.3095087,0xb93a078abdb29806b94c4270494bd47a071abaaf,2017-09-23T18:00:52.000Z,0.0023,0x20f3027ff5affdfada79581122dcbd9309e4bf46,sell,0xa7f976c360ebbed4465c2855684d1aae5271efa9,0xf2a4e8fa325bec4dee0ac2eab66856accf1d3bed0d0343ee2c57f0b0e950d141
376,99.99989568,0.229999760064,0x8b6bb8eddc801cb3b6e6d1d59e4b523a280e57bc,2017-09-23T18:00:26.000Z,0.0023,0x20f3027ff5affdfada79581122dcbd9309e4bf46,sell,0xa7f976c360ebbed4465c2855684d1aae5271efa9,0x1398d1c117115c204780cdfd9f2a49e5681cf2ffc5ee0d26826fbd86c03658d3
377,295.4307407,0.67949070361,0xb93a078abdb29806b94c4270494bd47a071abaaf,2017-09-23T17:25:56.000Z,0.0023,0xf57b0d5c887b26601eaacd96ecaac1cbd16ebf01,sell,0xa7f976c360ebbed4465c2855684d1aae5271efa9,0x07a59fe72b073c2b50d6365bcecb80f10208796643b6e22bcd1b2f160ac4b069
378,702.048,1.6147104,0x8b6bb8eddc801cb3b6e6d1d59e4b523a280e57bc,2017-09-23T17:18:43.000Z,0.0023,0xf57b0d5c887b26601eaacd96ecaac1cbd16ebf01,sell,0xa7f976c360ebbed4465c2855684d1aae5271efa9,0xa3f361aff4c55211e4cae10295e5f4a2a634862320153f41d0fa34cef835c3aa
379,0.14409221,0.0005,0x18a902dc44442205b4ba2b1dc038e67506d22c55,2017-09-23T16:37:08.000Z,0.0034700002172220134,0x2997bff57eb0c1db3abd8448c1babf6ae7a12b5c,buy,0xa7f976c360ebbed4465c2855684d1aae5271efa9,0x06df1079eacdcd92fffc0cb035109313ae2f1dd00b61b73f92aa99a2a2eb2efd
380,0.14409221,0.0005,0xd868b838b5de79f1e540b5d83c9e9a3d0b3810cd,2017-09-23T16:31:50.000Z,0.0034700002172220134,0x2997bff57eb0c1db3abd8448c1babf6ae7a12b5c,buy,0xa7f976c360ebbed4465c2855684d1aae5271efa9,0x378cd340360a6ee6a19e45797ac1681a5638e9ea2df3503789be382351b1fea1
381,0.165,0.0003795,0x8b6bb8eddc801cb3b6e6d1d59e4b523a280e57bc,2017-09-23T14:07:18.000Z,0.0023,0x0f657c396dfcd6c59bb82b89fc3adbe5f90ce153,sell,0xa7f976c360ebbed4465c2855684d1aae5271efa9,0xcb4585f642c852797faaf75fee2bdb8e418678f1a038edb05572cbcfc7ab1e8d
382,197.78710432,0.454910339936,0x8b6bb8eddc801cb3b6e6d1d59e4b523a280e57bc,2017-09-23T13:13:19.000Z,0.0023,0x2f05ff97eed8f58abff3b1bf68525a8f01d63c54,sell,0xa7f976c360ebbed4465c2855684d1aae5271efa9,0xbb4ddf4e096e61feb9263ece5995b49846e201f9da1bc14880074784f55b7440
383,1000,2.3,0x8b6bb8eddc801cb3b6e6d1d59e4b523a280e57bc,2017-09-23T13:13:19.000Z,0.0023,0x9ab0d78b1059c7c97a95ff69a9a281d37f6814b3,sell,0xa7f976c360ebbed4465c2855684d1aae5271efa9,0x43d3d9181cbd283dd16d6666c3ff2714f7731c1608b6baf6ca3d65522aea39a0
384,147.679,0.36772071,0x7c00c9f0e7aed440c0c730a9bd9ee4f49de20d5c,2017-09-23T12:51:04.000Z,0.00249,0x9ab0d78b1059c7c97a95ff69a9a281d37f6814b3,sell,0xa7f976c360ebbed4465c2855684d1aae5271efa9,0xd6bdc3503062ecdbe18845597d672978f64eb98707cf1131b0e8bcc38ff63891
