,amount,amountBase,buyer,date,price,seller,side,tokenAddr,txHash
0,83.333333,0.0005,0x4fda9e6bcd83af6c5cc771b5d20accc2b7720074,2017-11-02T09:53:00.000Z,0.000006000000024,0x6f2f77791e8d219f73abaabdf45e7a91bf11b10a,buy,0x76e82406a5040b605c6d30caf4802e7eb3184bbc,0xf4e90d2e5d197079fb3f21311d920fc522f89dd49c989b064ec3bde6d429bf99
1,83.333333,0.0005,0x3075f7f189912f4f425dd7021b9c396434197477,2017-11-02T09:40:44.000Z,0.000006000000024,0x6f2f77791e8d219f73abaabdf45e7a91bf11b10a,buy,0x76e82406a5040b605c6d30caf4802e7eb3184bbc,0xa741ae3258fcd88d79fa695f6be46e27fdac9db92c9fe96e2ab0946ddbb33a66
2,8037.330522,0.037381624257822,0x183e70600937bf8eb26111c20e48c5eeada8396e,2017-11-01T20:00:55.000Z,0.000004651,0x4d1a5c0cbb5a9d0ceb11268478adf40f71d22d78,sell,0x76e82406a5040b605c6d30caf4802e7eb3184bbc,0x45b9bc2e2e2a8642cabae33f448ae6e4a945d2b6eef5be97ee2d61056d7654a1
3,25000,0.1163,0xf8c854b77ebc0216786215bd1fb4ceca5800dc9a,2017-11-01T19:17:23.000Z,0.000004652,0x9b12d296a33f888e4f636107fbea1468167ff43c,sell,0x76e82406a5040b605c6d30caf4802e7eb3184bbc,0xb9f978b5c90c50d9505d496a4a96c59ed5c2df13f13a9941184621a460f9984d
4,22000,0.143,0x008cd39b569505e006ec93689add83999e96ab12,2017-11-01T18:41:10.000Z,0.0000065,0x2bdc160ca80bc28f37d81b6d16e88201b74aa7b9,buy,0x76e82406a5040b605c6d30caf4802e7eb3184bbc,0x3a3d22a1b3e66d9d0d041b033e7bf8257191324f14842d1e5b0ecdb775e1dc16
5,2240,0.01456,0x4cabb42822c308e73dd63b8755872d7f6f40aa75,2017-11-01T18:31:58.000Z,0.0000065,0x2bdc160ca80bc28f37d81b6d16e88201b74aa7b9,buy,0x76e82406a5040b605c6d30caf4802e7eb3184bbc,0xe7263dc9f2a488cfd374a1ff3ed9c66242846c8ca67b0df0afbdef8097d517de
6,2990.72874,0.01390987936974,0x183e70600937bf8eb26111c20e48c5eeada8396e,2017-11-01T18:09:09.000Z,0.000004651,0x4cabb42822c308e73dd63b8755872d7f6f40aa75,sell,0x76e82406a5040b605c6d30caf4802e7eb3184bbc,0x515b982378b7b8a6a2a2d9b0dc46c20cd2a433e0ab2fb6eb9c901e4da7138d7b
7,30000,0.141,0x067be47f0d4b8380ff41321e0911a66b2b1f893e,2017-11-01T17:32:13.000Z,0.0000047,0xd8d825c05e994b1618552b6bed3297fbf294d751,sell,0x76e82406a5040b605c6d30caf4802e7eb3184bbc,0xb9b8bff233ff31f23ad25e394026a68131f9e12df3e558b35666cc88fe5b0949
8,3971.940738,0.018473496372438,0x183e70600937bf8eb26111c20e48c5eeada8396e,2017-11-01T14:11:18.000Z,0.000004651,0x43808d5a5cc952c530ff9d0499fa0bfd8ff553bf,sell,0x76e82406a5040b605c6d30caf4802e7eb3184bbc,0xab58398247cf5d30bd9f9f0f5753a2889f8f57100a4eae5bf0869fe9216d8605
9,20000,0.134,0x56fd6ad97cfeb09cb2ff6b94a31324e7de41d86c,2017-11-01T12:19:01.000Z,0.0000067,0xd8d825c05e994b1618552b6bed3297fbf294d751,buy,0x76e82406a5040b605c6d30caf4802e7eb3184bbc,0xf07443cf5db143268a8713d12a6973a031369c291b24137d03e11dfccbc63fd6
10,28000,0.189,0x0f54aac1acddd365455b22e6ceea005be3801c86,2017-11-01T03:58:22.000Z,0.00000675,0xe483874cc64bddc6dbb4b658f1e78b4e17131fa9,buy,0x76e82406a5040b605c6d30caf4802e7eb3184bbc,0x7d4b81b356946d033debe308b64cebafb376d7ad2d89d062c9fd6eaf7e8798fc
11,2500,0.016875,0xc6af2b783ac5fec4d2a029ad098691896c87db33,2017-11-01T01:30:46.000Z,0.00000675,0xe483874cc64bddc6dbb4b658f1e78b4e17131fa9,buy,0x76e82406a5040b605c6d30caf4802e7eb3184bbc,0xd02a89e33774c76cd552b3f921df68aa3a421dc8d115f0aedbc8d5424cfcf88d
12,30000,0.13503,0x42b350178bb2790f1facc3cc82a34ed81570ca59,2017-11-01T00:47:58.000Z,0.000004501,0x9b12d296a33f888e4f636107fbea1468167ff43c,sell,0x76e82406a5040b605c6d30caf4802e7eb3184bbc,0x84f98b6857eaaea2343a3b6d209603470c536448a8b05b5844442713749f9c9a
13,663.072,0.00663072,0xd8d06134e33e921cd7a7487a3e38cdbe82564f9c,2017-10-31T23:22:50.000Z,0.00001,0x6adaaf9858bc2303312074277b3f5fd171377e30,buy,0x76e82406a5040b605c6d30caf4802e7eb3184bbc,0x8b594395fe42bd9cf44b7b0085a3cfb56c2b83861346c532ac8e98126cc2db51
14,1000,0.0102,0xd8d06134e33e921cd7a7487a3e38cdbe82564f9c,2017-10-31T23:21:18.000Z,0.0000102,0xdbbae39c54992479faac890e81eb4d8579b951d6,buy,0x76e82406a5040b605c6d30caf4802e7eb3184bbc,0x7a6320a0337cf6e8bdda62fc04491b5d77f3c343f14be64b649a314301a7b9d1
15,1000,0.0079,0xd8d06134e33e921cd7a7487a3e38cdbe82564f9c,2017-10-31T23:18:56.000Z,0.0000079,0xdbbae39c54992479faac890e81eb4d8579b951d6,buy,0x76e82406a5040b605c6d30caf4802e7eb3184bbc,0x332a47e76ab32cb8e4379a3e57616f654ae37ea65a0b66b2ba84654229546910
16,1000,0.00699,0xd8d06134e33e921cd7a7487a3e38cdbe82564f9c,2017-10-31T23:17:48.000Z,0.00000699,0xdbbae39c54992479faac890e81eb4d8579b951d6,buy,0x76e82406a5040b605c6d30caf4802e7eb3184bbc,0xbba142e899f2a0bcad218910540c9355f3b96d1d547ece5966d28f547895d69c
17,16000,0.072,0x44cb493471579fe1ba572bd69882f1c80827f0bc,2017-10-31T19:19:55.000Z,0.0000045,0x7841178abb1a4a6471efa31158c7837d7ecd88da,sell,0x76e82406a5040b605c6d30caf4802e7eb3184bbc,0xae86e3f88369455fb2efbe2be4ca50b16920953fe905df9b0f3c81a9ae6e5b6f
18,10000,0.0475,0x824aa636f944a939cecd2e4ec8cf7531d9d4ceb7,2017-10-31T19:19:52.000Z,0.00000475,0x7841178abb1a4a6471efa31158c7837d7ecd88da,sell,0x76e82406a5040b605c6d30caf4802e7eb3184bbc,0xc2111cf6b5561472c9c04f3f1daad41a0af58500a9125b9a013705747115cb5a
19,60000,0.405,0xe43b5c7fa0149340cd5905eec06d5d3f767bc7f4,2017-10-31T18:41:08.000Z,0.00000675,0xe483874cc64bddc6dbb4b658f1e78b4e17131fa9,buy,0x76e82406a5040b605c6d30caf4802e7eb3184bbc,0x78dadebfd3d89ff5a87b6b5b32d422b3956ba9a8d9678868df2a5a23ea74b62c
20,380000,1.9,0x5daf6dada571baed742a5ed6ec585ec27303d60f,2017-10-31T12:44:17.000Z,0.000005,0x9b12d296a33f888e4f636107fbea1468167ff43c,sell,0x76e82406a5040b605c6d30caf4802e7eb3184bbc,0x86d3a79b7592529b294907a06d810d0787ec7fb43027b0e6523c815fa98fa66f
21,8000,0.04,0x6e6c15ca7d6b730420046d174297cc18feb59099,2017-10-31T12:19:49.000Z,0.000005,0x9b12d296a33f888e4f636107fbea1468167ff43c,sell,0x76e82406a5040b605c6d30caf4802e7eb3184bbc,0xacea1b8c23c91649090c24920b731500fdf4f01e85f3c8254c83fbfe9a9cd25c
22,80000,0.48,0x5daf6dada571baed742a5ed6ec585ec27303d60f,2017-10-31T12:10:01.000Z,0.000006,0xf1695582c702dd963a9abb90f1591d5bdfc22476,buy,0x76e82406a5040b605c6d30caf4802e7eb3184bbc,0xb539e530da7ed2d2637f1a107cf80fee0930b315fa9ee7251c69f516477cf159
23,8350,0.0501,0x6e6c15ca7d6b730420046d174297cc18feb59099,2017-10-31T11:46:10.000Z,0.000006,0xf1695582c702dd963a9abb90f1591d5bdfc22476,sell,0x76e82406a5040b605c6d30caf4802e7eb3184bbc,0x6051ac8f51950a7f5f43680db361eb44263af724742c51d6954de5c64a0ec345
24,111111.111,0.4999999995,0xe483874cc64bddc6dbb4b658f1e78b4e17131fa9,2017-10-31T11:38:26.000Z,0.0000045,0xf1695582c702dd963a9abb90f1591d5bdfc22476,sell,0x76e82406a5040b605c6d30caf4802e7eb3184bbc,0xbd5c13a7098b61c9a2a7ade6d785dc3002a532baf83b7a7c5582192198fbbbc8
25,10000,0.06999,0x6e6c15ca7d6b730420046d174297cc18feb59099,2017-10-31T10:36:09.000Z,0.000006999,0x9b12d296a33f888e4f636107fbea1468167ff43c,buy,0x76e82406a5040b605c6d30caf4802e7eb3184bbc,0x424311183c517acc5c6752cf9cb7cccd5daf125ab730ed074ee5871ff36ccd36
26,1169.210248,0.00584605124,0xd14cc8e4ae00443cc17311993cb9027048a53fc8,2017-10-31T09:12:20.000Z,0.000005,0xb639b33a1be6fc5926f33d3576121946b7b4d9a7,sell,0x76e82406a5040b605c6d30caf4802e7eb3184bbc,0x6aae1d2876f9ff45810577e11e42b611d68ddc37877946e9eb94800ba8c22d27
27,12000,0.102,0xaf9459c8b081fbfba7b938d0b0792574c20a42a9,2017-10-31T05:31:11.000Z,0.0000085,0xe69c0ec93893cb3ddd03b390c8bb206290b057f4,buy,0x76e82406a5040b605c6d30caf4802e7eb3184bbc,0x7f376515ad6205fdc800c753651201ed8a57ef50df3126530e12628e3a97b505
28,1000,0.0085,0xc6af2b783ac5fec4d2a029ad098691896c87db33,2017-10-31T04:24:18.000Z,0.0000085,0xe69c0ec93893cb3ddd03b390c8bb206290b057f4,buy,0x76e82406a5040b605c6d30caf4802e7eb3184bbc,0xc7c6d99387962b15e21e039eaa1c30de7b2941d9220256ae4853886618ce3358
29,8000,0.068,0x008cd39b569505e006ec93689add83999e96ab12,2017-10-31T04:20:30.000Z,0.0000085,0xe69c0ec93893cb3ddd03b390c8bb206290b057f4,buy,0x76e82406a5040b605c6d30caf4802e7eb3184bbc,0xff3b3680ac925ba5ed586ab296193a2845baf34d8f5e487e95cfe559844a35ce
30,293.2,0.0023456,0xc1798698db9311ad686ca0d06bb6614e0409d9fa,2017-10-31T04:10:29.000Z,0.000008,0xe444a40689f51f63bcd29910622035707d533d29,sell,0x76e82406a5040b605c6d30caf4802e7eb3184bbc,0xf3ec09bebe52f0a6de116a428e3eab2b38bd54a5f64da47feaae0d18af165e33
31,7986.102377,0.06788187021033416,0xd03083ac3958cbb5d2e7eaefbe63dddf9168e57c,2017-10-31T02:56:56.000Z,0.00000850000000073054,0xe69c0ec93893cb3ddd03b390c8bb206290b057f4,buy,0x76e82406a5040b605c6d30caf4802e7eb3184bbc,0x3e49157336968ee0cbefbfbd0d37651c378529f62c6310a374c7b02bdb9a5153
32,30500.102,0.259250867,0x5daf6dada571baed742a5ed6ec585ec27303d60f,2017-10-31T02:34:56.000Z,0.0000085,0xe69c0ec93893cb3ddd03b390c8bb206290b057f4,buy,0x76e82406a5040b605c6d30caf4802e7eb3184bbc,0xd38fefb849597dc0f361ad2b1fd2b74faf8b2aaa9984ccb1b26e983f384f001f
33,22213.203825,0.1888122325196107,0xb95a981abcf4ca69d36997204ed20e6624ad9b01,2017-10-31T01:46:37.000Z,0.00000850000000032011,0xe69c0ec93893cb3ddd03b390c8bb206290b057f4,buy,0x76e82406a5040b605c6d30caf4802e7eb3184bbc,0xc242f079f1b8713241bc83506aacc91aacbe3a32a04d732258e8a7784cca04f4
34,2000,0.014,0xb95a981abcf4ca69d36997204ed20e6624ad9b01,2017-10-31T01:43:39.000Z,0.000007,0x90b85e59a768d8182a682ec38f5f2da63066ab07,buy,0x76e82406a5040b605c6d30caf4802e7eb3184bbc,0xb471df7d2514ba4b966546cf9bd8cf1be601b274521d56bf33acb2bef942d083
35,41.694613,0.000354404215043096,0xb95a981abcf4ca69d36997204ed20e6624ad9b01,2017-10-31T01:31:08.000Z,0.00000850000010896122,0xe69c0ec93893cb3ddd03b390c8bb206290b057f4,buy,0x76e82406a5040b605c6d30caf4802e7eb3184bbc,0x499871fdc9cdde9125903bb456b85902c5a9fb458ddaf505d60f6f67cec887b5
36,17000,0.0867,0x90b85e59a768d8182a682ec38f5f2da63066ab07,2017-10-31T01:05:56.000Z,0.0000051,0xe69c0ec93893cb3ddd03b390c8bb206290b057f4,sell,0x76e82406a5040b605c6d30caf4802e7eb3184bbc,0x735b43e3c5c9fd8554122237d04191c8ffb9b2bcd0f465603dfb263de706b4ca
37,80000,0.64,0x5daf6dada571baed742a5ed6ec585ec27303d60f,2017-10-31T01:04:52.000Z,0.000008,0xe69c0ec93893cb3ddd03b390c8bb206290b057f4,buy,0x76e82406a5040b605c6d30caf4802e7eb3184bbc,0x8aa6c865262a3beffe645ab96d32b2cd56a0ef3f61176325092d879e0a9f5262
38,11500,0.0805,0x6c6dd36567f592a79a599f3331b6cb4d41883541,2017-10-31T01:04:23.000Z,0.000007,0xe69c0ec93893cb3ddd03b390c8bb206290b057f4,sell,0x76e82406a5040b605c6d30caf4802e7eb3184bbc,0xe27b0653ce303c8d83251061b432189eb90e3cf48e6550212fd3428c8e24dac6
39,10632.236965,0.074425658755,0x739e4601f52f0b48636236075573cadfea97bbb9,2017-10-31T01:04:23.000Z,0.000007,0xe69c0ec93893cb3ddd03b390c8bb206290b057f4,sell,0x76e82406a5040b605c6d30caf4802e7eb3184bbc,0x05ef48e7e8e5d805c3725fc98e7b8e586cac359a5d0f3948bd682b8bf52c4373
40,5000,0.04,0xc1798698db9311ad686ca0d06bb6614e0409d9fa,2017-10-31T01:03:58.000Z,0.000008,0xe69c0ec93893cb3ddd03b390c8bb206290b057f4,sell,0x76e82406a5040b605c6d30caf4802e7eb3184bbc,0x243e92d1a3245e34a6d7e009290aa23891161c87ac06105dc9362056a4ecd34e
41,17450,0.12215,0x5daf6dada571baed742a5ed6ec585ec27303d60f,2017-10-31T00:55:51.000Z,0.000007,0xe69c0ec93893cb3ddd03b390c8bb206290b057f4,buy,0x76e82406a5040b605c6d30caf4802e7eb3184bbc,0x00650e3d42fae655ff6bf9ed415680b4fd9ba1070d200c7e1b01422ec161ef41
42,19938.191606,0.139567341242,0x739e4601f52f0b48636236075573cadfea97bbb9,2017-10-31T00:02:14.000Z,0.000007,0x55c5b775825e8c7e8cceef886e3f659a378eabd4,sell,0x76e82406a5040b605c6d30caf4802e7eb3184bbc,0x6c46a5dd8327d15311507a3cc7a64aa79e5888da56ebc8eeb33d713b1246941c
43,57000,0.399,0x5daf6dada571baed742a5ed6ec585ec27303d60f,2017-10-30T23:44:37.000Z,0.000007,0xe69c0ec93893cb3ddd03b390c8bb206290b057f4,buy,0x76e82406a5040b605c6d30caf4802e7eb3184bbc,0x8270a1c0f1b1f9a3638dd7e9ddf9331eb47932740097661b0c29e26221b4306e
44,25000,0.175,0x7841178abb1a4a6471efa31158c7837d7ecd88da,2017-10-30T23:44:24.000Z,0.000007,0xe69c0ec93893cb3ddd03b390c8bb206290b057f4,buy,0x76e82406a5040b605c6d30caf4802e7eb3184bbc,0xb7d6c9f01d4a1356a21ed3621674116264fa227015280cf283900c5cf1dcefec
45,1000,0.00699,0x7841178abb1a4a6471efa31158c7837d7ecd88da,2017-10-30T23:42:26.000Z,0.00000699,0xdbbae39c54992479faac890e81eb4d8579b951d6,buy,0x76e82406a5040b605c6d30caf4802e7eb3184bbc,0xa3c6335d6da06fbf35659f1dce15a817aab58d20dc4e7f55b1e0b8e033f4f002
46,9969.095803,0.07377130894227893,0x6ba8e0bde6f3ac2efec982134b97a3daf23f8324,2017-10-30T23:38:06.000Z,0.00000740000000000791,0x3edf71c889d26110c05ffa67ca650583da80a82b,buy,0x76e82406a5040b605c6d30caf4802e7eb3184bbc,0x88856cca4e120767590cc57d2dba6c1b3206138f2be88e55ea20540b2d462a06
47,326.927729,0.001471174783223717,0xd8d825c05e994b1618552b6bed3297fbf294d751,2017-10-30T23:15:44.000Z,0.00000450000000833125,0xdbbae39c54992479faac890e81eb4d8579b951d6,buy,0x76e82406a5040b605c6d30caf4802e7eb3184bbc,0xb0975031b45b38ad05158f9eb44ddb7f7e48ad27b168ea822d294bcc3fbd3f71
48,550,0.00385,0x9874ff1cfd10656f54da38e459cd4abaf153f90b,2017-10-30T23:14:22.000Z,0.000007,0xe69c0ec93893cb3ddd03b390c8bb206290b057f4,buy,0x76e82406a5040b605c6d30caf4802e7eb3184bbc,0x2bca8b6d9eaf865dfd8271d5fd97ce31c8833ce3c199d325ec14c76fcf0517ed
49,550,0.00385,0x9874ff1cfd10656f54da38e459cd4abaf153f90b,2017-10-30T23:13:47.000Z,0.000007,0xe69c0ec93893cb3ddd03b390c8bb206290b057f4,buy,0x76e82406a5040b605c6d30caf4802e7eb3184bbc,0x2bca8b6d9eaf865dfd8271d5fd97ce31c8833ce3c199d325ec14c76fcf0517ed
50,663.07227,0.002983825216776283,0x6adaaf9858bc2303312074277b3f5fd171377e30,2017-10-30T23:13:35.000Z,0.00000450000000267886,0xdbbae39c54992479faac890e81eb4d8579b951d6,buy,0x76e82406a5040b605c6d30caf4802e7eb3184bbc,0x39c6c4229c1c5cfca7ee5a77c05ae2901d62e9f70b874b87fb1898c75ef45304
51,40000,0.2,0xd8d825c05e994b1618552b6bed3297fbf294d751,2017-10-30T23:12:27.000Z,0.000005,0x3edf71c889d26110c05ffa67ca650583da80a82b,buy,0x76e82406a5040b605c6d30caf4802e7eb3184bbc,0x45d9b2075089985b125d5fb9a71fbe4d8193a11c39d4389b5a4ed9ad4502c450
52,59213.746,0.2842259808,0xd8d825c05e994b1618552b6bed3297fbf294d751,2017-10-30T23:11:37.000Z,0.0000048,0xee02095f350042bfe8a981a82246516653bc4858,buy,0x76e82406a5040b605c6d30caf4802e7eb3184bbc,0x0f316a6219f6318cda6c0db9f62f02e4f8a8dea5c35f926a972bcb0ede6e7392
53,3000,0.0129,0xd8d825c05e994b1618552b6bed3297fbf294d751,2017-10-30T23:11:34.000Z,0.0000043,0xdbbae39c54992479faac890e81eb4d8579b951d6,buy,0x76e82406a5040b605c6d30caf4802e7eb3184bbc,0x813fb770ffd59833580ddbff0e80ffb79e832f9fbd26b1ccaad22b795efbc2c1
54,12213.494273,0.0403045311009,0x273a5d3e6721b9f5c1a6474f560c1334c63dda01,2017-10-30T23:11:10.000Z,0.0000033,0x12f8967fa9cb2b44468a453230a99ef64cbaa494,buy,0x76e82406a5040b605c6d30caf4802e7eb3184bbc,0x3e52de4276b7771fa360a5b9e1d0725eca52241fa2dda0cd892d0fb34e8fcf89
55,5000,0.016,0x273a5d3e6721b9f5c1a6474f560c1334c63dda01,2017-10-30T23:11:10.000Z,0.0000032,0xdbbae39c54992479faac890e81eb4d8579b951d6,buy,0x76e82406a5040b605c6d30caf4802e7eb3184bbc,0x6722ebf757143705c9f80ab8a0eb93f71d3803ca2cbd3987ed1c418b28f62e3c
56,4985,0.0174475,0xbf26a5a4d5ee6e94d2a6105d2ed0ac426d755256,2017-10-30T23:11:10.000Z,0.0000035,0x273a5d3e6721b9f5c1a6474f560c1334c63dda01,sell,0x76e82406a5040b605c6d30caf4802e7eb3184bbc,0x6722ebf757143705c9f80ab8a0eb93f71d3803ca2cbd3987ed1c418b28f62e3c
57,12176.85379,0.042618988265,0xbf26a5a4d5ee6e94d2a6105d2ed0ac426d755256,2017-10-30T23:11:10.000Z,0.0000035,0x273a5d3e6721b9f5c1a6474f560c1334c63dda01,sell,0x76e82406a5040b605c6d30caf4802e7eb3184bbc,0x3e52de4276b7771fa360a5b9e1d0725eca52241fa2dda0cd892d0fb34e8fcf89
58,17627.956998,0.061697849493,0xbf26a5a4d5ee6e94d2a6105d2ed0ac426d755256,2017-10-30T23:11:00.000Z,0.0000035,0x273a5d3e6721b9f5c1a6474f560c1334c63dda01,sell,0x76e82406a5040b605c6d30caf4802e7eb3184bbc,0xb324cd539c490e41a4a9f33e110089119623a1f193370cfba65e0e8969a2ef16
59,17680.999998,0.053042999994,0x273a5d3e6721b9f5c1a6474f560c1334c63dda01,2017-10-30T23:11:00.000Z,0.000003,0xee02095f350042bfe8a981a82246516653bc4858,buy,0x76e82406a5040b605c6d30caf4802e7eb3184bbc,0xb324cd539c490e41a4a9f33e110089119623a1f193370cfba65e0e8969a2ef16
60,20000,0.06,0x55c5b775825e8c7e8cceef886e3f659a378eabd4,2017-10-30T23:04:30.000Z,0.000003,0xee02095f350042bfe8a981a82246516653bc4858,buy,0x76e82406a5040b605c6d30caf4802e7eb3184bbc,0xde39f8f5da3e553449da69599c718d5b3182036a79cf6c3e83357f85621be3cd
61,12319,0.036957,0xa4a67798c305d32b0e9ef17f837d72ea77634cab,2017-10-30T23:01:39.000Z,0.000003,0xee02095f350042bfe8a981a82246516653bc4858,buy,0x76e82406a5040b605c6d30caf4802e7eb3184bbc,0xd9cae518c003b0ad4eee12220c27bb946bac02a0644e2377936b37a9eeff8d23
62,0.000001,0.000000000005420038,0x7841178abb1a4a6471efa31158c7837d7ecd88da,2017-10-30T23:00:32.000Z,0.000005420038,0xee02095f350042bfe8a981a82246516653bc4858,buy,0x76e82406a5040b605c6d30caf4802e7eb3184bbc,0x18eccad441205428c78044b1bf7b28a2247ec5f8f72a89d2fabe11ed93371e5c
63,27781.830476,0.06945457619186125,0xa4a67798c305d32b0e9ef17f837d72ea77634cab,2017-10-30T22:58:56.000Z,0.00000250000000006699,0x68ca7fc4bfc3bb2a9cf6f45736dcadc2c427c5a0,buy,0x76e82406a5040b605c6d30caf4802e7eb3184bbc,0x13f6c2bd16ba5cbe7570e78761f9169db78eba41a2ab630e1bda589d5e00ec6c
64,0.021747,0.000000054368401929,0x7841178abb1a4a6471efa31158c7837d7ecd88da,2017-10-30T22:58:32.000Z,0.00000250004147372051,0x68ca7fc4bfc3bb2a9cf6f45736dcadc2c427c5a0,buy,0x76e82406a5040b605c6d30caf4802e7eb3184bbc,0x985e231440b24f65d665c72d010bab07ed84fe608f641ab0e80bd4ee14817850
65,0.000001,0.35,0x70cbb7a4963f203ce1cb519e983128b576aeb9f9,2017-10-30T22:57:50.000Z,350000,0x0249924245a19aa2d7f5ddb0739a7132b7d094ab,sell,0x76e82406a5040b605c6d30caf4802e7eb3184bbc,0x72b99f6755201ecc2dfb6a4dbee3cf1344c91efc9f5ca1707e3249f92125853d
66,264786.505726,0.8737954688958312,0xd8d825c05e994b1618552b6bed3297fbf294d751,2017-10-30T22:57:24.000Z,0.00000330000000000011,0x12f8967fa9cb2b44468a453230a99ef64cbaa494,buy,0x76e82406a5040b605c6d30caf4802e7eb3184bbc,0x7f57373cce333bfa1f1dc3964de73c7e31ad695cd2a826b1eac0b6821a555a28
67,218.147775,0.000545369439736815,0x7841178abb1a4a6471efa31158c7837d7ecd88da,2017-10-30T22:57:24.000Z,0.00000250000001025366,0x68ca7fc4bfc3bb2a9cf6f45736dcadc2c427c5a0,buy,0x76e82406a5040b605c6d30caf4802e7eb3184bbc,0x8a6467582e69e8d2d30ef46578a85f058420e039d983eda43d5eed15cdabb987
68,3000,0.0075,0x4cabb42822c308e73dd63b8755872d7f6f40aa75,2017-10-30T22:56:17.000Z,0.0000025,0xe6dce38a61edba2cd7dc0be24aa42f1c1bd3de0c,buy,0x76e82406a5040b605c6d30caf4802e7eb3184bbc,0x01075c24d8cdc493ed4b6b5d2f0f063175dad6e9b6fd8841efadbaece441a999
69,49900,0.12475,0xa4a67798c305d32b0e9ef17f837d72ea77634cab,2017-10-30T22:43:07.000Z,0.0000025,0x68ca7fc4bfc3bb2a9cf6f45736dcadc2c427c5a0,buy,0x76e82406a5040b605c6d30caf4802e7eb3184bbc,0x51640febd420784d4cc09b613f29af666c125b7c2ecc343cae326aa9d79df94e
70,10000,0.02499,0xa4a67798c305d32b0e9ef17f837d72ea77634cab,2017-10-30T22:40:24.000Z,0.000002499,0x9b12d296a33f888e4f636107fbea1468167ff43c,buy,0x76e82406a5040b605c6d30caf4802e7eb3184bbc,0x4e9be366cfe72dc2025284776fb4a89f8fdd55aafb1631cde76c9ab3af430acf
71,80000,0.19992,0xe9a83adea43ee0f150a6d6fee7390ef91e08c4a0,2017-10-30T22:33:38.000Z,0.000002499,0x9b12d296a33f888e4f636107fbea1468167ff43c,buy,0x76e82406a5040b605c6d30caf4802e7eb3184bbc,0xaa393bca0ed50c29ff842f0189f03565f2da87be3d605cceb83f7c7577a6cb86
72,10000,0.02499,0x6f2f77791e8d219f73abaabdf45e7a91bf11b10a,2017-10-30T22:27:52.000Z,0.000002499,0x9b12d296a33f888e4f636107fbea1468167ff43c,buy,0x76e82406a5040b605c6d30caf4802e7eb3184bbc,0x6ca40c29cde010ca0957648f089f9183f161478b9863eafeaee3b289dfd28a33
73,10000,0.025,0xd420b0a31a0fd6d7efc20c796e001af9062fc68b,2017-10-30T15:52:27.000Z,0.0000025,0x68ca7fc4bfc3bb2a9cf6f45736dcadc2c427c5a0,buy,0x76e82406a5040b605c6d30caf4802e7eb3184bbc,0x7360a5e7f4cea8eb37f5474eea8bd18c814dd6ce266e04a8d0d2812239533ff2
74,362.4,0.0004352424,0xf36990a2cb4d609e0a7d4f3bf884c0342d81fd3d,2017-10-30T02:14:23.000Z,0.000001201,0x16e5d97bbc92417e051e3b2cabfbf8ceea2acb9c,sell,0x76e82406a5040b605c6d30caf4802e7eb3184bbc,0x8794c90d618f7e5a9120605bcc7ec40b4ac31a3ba8f69a6ed45c33707b73558c
75,362.4,0.0004352424,0xf36990a2cb4d609e0a7d4f3bf884c0342d81fd3d,2017-10-30T02:13:48.000Z,0.000001201,0x379374d13077e8867ef31803c37baf9785a17c00,sell,0x76e82406a5040b605c6d30caf4802e7eb3184bbc,0xd4a24cb2006e1e97ca84e3c44faff6e82c0953fe0c38ab6ca2f7948d51998fd2
76,83220,0.133152,0xee02095f350042bfe8a981a82246516653bc4858,2017-10-30T00:17:46.000Z,0.0000016,0x80bcca66f237e64a65e28e4eff02e1729ce7a22a,buy,0x76e82406a5040b605c6d30caf4802e7eb3184bbc,0x04f8f366fa834bed8d18501469fb8ee9ea06455c462967203bff1cc3da5acc37
77,25993.746,0.044163374454,0xee02095f350042bfe8a981a82246516653bc4858,2017-10-29T16:27:16.000Z,0.000001699,0x107d35bdbb393d33d6d9ce4127883b057b8e6187,buy,0x76e82406a5040b605c6d30caf4802e7eb3184bbc,0xbedc0d41d8a1ec1d817a0ef3e2cef3bfb94cca93e4dca20b972cd0bba6624332
78,788000,1.182,0x2bdc160ca80bc28f37d81b6d16e88201b74aa7b9,2017-10-29T16:10:21.000Z,0.0000015,0x80bcca66f237e64a65e28e4eff02e1729ce7a22a,buy,0x76e82406a5040b605c6d30caf4802e7eb3184bbc,0x5f72fb930d99e7ea97de53368679340aa8f62e37c176c6cda50bc92154cc948b
79,2000,0.003,0x43808d5a5cc952c530ff9d0499fa0bfd8ff553bf,2017-10-29T14:42:52.000Z,0.0000015,0x80bcca66f237e64a65e28e4eff02e1729ce7a22a,buy,0x76e82406a5040b605c6d30caf4802e7eb3184bbc,0xb437bfd1a4405448c8cfafe91b6aada0a706248cf67bd4cb86cff224586ca3ff
80,10000,0.015,0xdbbae39c54992479faac890e81eb4d8579b951d6,2017-10-29T14:40:54.000Z,0.0000015,0x80bcca66f237e64a65e28e4eff02e1729ce7a22a,buy,0x76e82406a5040b605c6d30caf4802e7eb3184bbc,0xfc2ba2b6d3d0c362e7d08d2f7333c92c85cf10927e18e920b740aa3b1bbf9783
81,2500,0.0042475,0x035392de57aa4fe343d86494103dbe1b068a56c6,2017-10-29T12:25:47.000Z,0.000001699,0x107d35bdbb393d33d6d9ce4127883b057b8e6187,buy,0x76e82406a5040b605c6d30caf4802e7eb3184bbc,0xd29b11d08c51a0f51ad5f46f5960f5a81afa0044f7b832665c2dcfd21ed3bb71
82,2500,0.0042475,0x035392de57aa4fe343d86494103dbe1b068a56c6,2017-10-29T12:24:42.000Z,0.000001699,0x107d35bdbb393d33d6d9ce4127883b057b8e6187,buy,0x76e82406a5040b605c6d30caf4802e7eb3184bbc,0x71b32725f35929c2e10fef9fb39701872b5bb2dc593c8bc870e88337e7091ff7
83,1,0.000001699,0x6cdea8e07bf82d7a07dbf36642d6e5be8623845c,2017-10-29T11:15:11.000Z,0.000001699,0x107d35bdbb393d33d6d9ce4127883b057b8e6187,buy,0x76e82406a5040b605c6d30caf4802e7eb3184bbc,0x02f5728cc389ac1c9be792b012cb93284c87bb1fa006abf463c06ee0e06668cf
84,294.117647,0.0005,0x16e5d97bbc92417e051e3b2cabfbf8ceea2acb9c,2017-10-28T20:55:56.000Z,0.00000170000000034,0x80bcca66f237e64a65e28e4eff02e1729ce7a22a,buy,0x76e82406a5040b605c6d30caf4802e7eb3184bbc,0x6d7d838b9bcd5c2f7dc317588697f80f64a3c913dcf6fd399686b2365552e8f7
85,294.117647,0.0005,0x42c24a83bded723edfdf5883bc7efb30bc1a1bf3,2017-10-28T20:55:12.000Z,0.00000170000000034,0x80bcca66f237e64a65e28e4eff02e1729ce7a22a,buy,0x76e82406a5040b605c6d30caf4802e7eb3184bbc,0x3cd7af54f4a965c3c9d40e2e1ae3cf96c80e863e65e6d7b15fd8e349d24ad8fa
86,294.117647,0.0005,0x379374d13077e8867ef31803c37baf9785a17c00,2017-10-28T20:53:34.000Z,0.00000170000000034,0x80bcca66f237e64a65e28e4eff02e1729ce7a22a,buy,0x76e82406a5040b605c6d30caf4802e7eb3184bbc,0x4657c5ebcad8b9abace2258a8725669dbe026c282a06ce86189728937a825a2a
87,294.117647,0.0005,0x34f9560c63078eb61872a4dc2ccd20e21c34feaf,2017-10-28T20:24:29.000Z,0.00000170000000034,0x80bcca66f237e64a65e28e4eff02e1729ce7a22a,buy,0x76e82406a5040b605c6d30caf4802e7eb3184bbc,0x0e670d72a00a10cbc342502466752f68be79a328409856fa277c07cdcaab8178
88,294.117647,0.0005,0xe444a40689f51f63bcd29910622035707d533d29,2017-10-28T20:18:41.000Z,0.00000170000000034,0x80bcca66f237e64a65e28e4eff02e1729ce7a22a,buy,0x76e82406a5040b605c6d30caf4802e7eb3184bbc,0xd26272064010c3143f6ec0ed6273e73b917a30600cf4b9f9870a4ea3fc208745
89,294.117647,0.0005,0xcd912af5286dc0b0a23edb30209734ecb60838b3,2017-10-28T16:55:14.000Z,0.00000170000000034,0x80bcca66f237e64a65e28e4eff02e1729ce7a22a,buy,0x76e82406a5040b605c6d30caf4802e7eb3184bbc,0xcaf7b8aff8a13dc28ff00c4ef055ebd42cf87560074d38da4caa0ea88f10d882
90,2003.09042,0.003305099193,0xdbbae39c54992479faac890e81eb4d8579b951d6,2017-10-28T11:12:52.000Z,0.00000165,0x68ca7fc4bfc3bb2a9cf6f45736dcadc2c427c5a0,sell,0x76e82406a5040b605c6d30caf4802e7eb3184bbc,0x2d84ae84c0d476198c1223ae5868f52cdfd319b968223510fe780eef1f44abb5
91,20000,0.034,0x4cc4bd0a8fc9bdb97791e44dc5e661b8c461c98b,2017-10-28T10:23:39.000Z,0.0000017,0x80bcca66f237e64a65e28e4eff02e1729ce7a22a,buy,0x76e82406a5040b605c6d30caf4802e7eb3184bbc,0xa482a5774e3ae0072886cc8f2e8e9b0ce0f7dc6367af1d0649ee5af250b9b268
92,996.90958,0.001644900807,0xdbbae39c54992479faac890e81eb4d8579b951d6,2017-10-28T04:48:33.000Z,0.00000165,0xbd56fe45cafbc7b90619e0b14b65a0a2b5c9da39,sell,0x76e82406a5040b605c6d30caf4802e7eb3184bbc,0x015074a2de734de29e325278e55bfb68cb051c0e2e109d03f6fa663101e99419
93,1172.8348,0.001993819160602133,0xb639b33a1be6fc5926f33d3576121946b7b4d9a7,2017-10-28T03:28:35.000Z,0.00000170000000051339,0x80bcca66f237e64a65e28e4eff02e1729ce7a22a,buy,0x76e82406a5040b605c6d30caf4802e7eb3184bbc,0xb4af98633b27a809586befcf79dfa266b384cad399833aa4eb9792d994578272
94,90000,0.153,0x68ca7fc4bfc3bb2a9cf6f45736dcadc2c427c5a0,2017-10-27T23:36:39.000Z,0.0000017,0x80bcca66f237e64a65e28e4eff02e1729ce7a22a,buy,0x76e82406a5040b605c6d30caf4802e7eb3184bbc,0xf7b8b3e009fc35d3efa9e25d73aca015f339487604a8c88daf9fd412489cb010
95,4000,0.0068,0x97c5c53f8acac416f87a884f6f923ae063ebaacd,2017-10-27T23:22:57.000Z,0.0000017,0x80bcca66f237e64a65e28e4eff02e1729ce7a22a,buy,0x76e82406a5040b605c6d30caf4802e7eb3184bbc,0x2bb573e1b07d0528ea50398e4a9401145961b691cd22fbcf30b47c8526016cf5
96,200000,0.4,0xf1695582c702dd963a9abb90f1591d5bdfc22476,2017-10-27T22:13:51.000Z,0.000002,0x9b12d296a33f888e4f636107fbea1468167ff43c,sell,0x76e82406a5040b605c6d30caf4802e7eb3184bbc,0x986505c0e86455e77b652edb535d7612da85bf10cdbd419e27baf6bac8b986c4
97,3000,0.010497,0x97c5c53f8acac416f87a884f6f923ae063ebaacd,2017-10-27T21:56:40.000Z,0.000003499,0x971f30c325d9924ad472adf0bf98702502baad93,buy,0x76e82406a5040b605c6d30caf4802e7eb3184bbc,0xb0da82d2115fa395faeaab260219255167746312ca691f3e66ab73acb0d02f42
98,3000,0.010497,0x97c5c53f8acac416f87a884f6f923ae063ebaacd,2017-10-27T21:56:40.000Z,0.000003499,0x12f8967fa9cb2b44468a453230a99ef64cbaa494,buy,0x76e82406a5040b605c6d30caf4802e7eb3184bbc,0x8fa20a8b9cbfe2c660ee460c59b8955b067cc0fddbcaae460da6036d4b3db841
99,25000,0.08625,0x97c5c53f8acac416f87a884f6f923ae063ebaacd,2017-10-27T19:07:18.000Z,0.00000345,0x86d4b794a7ffa3a3ea81421107cf26b7ad1b3d44,buy,0x76e82406a5040b605c6d30caf4802e7eb3184bbc,0xb82d93d6ab6f358e9d0a0a50321d470437b0a93f2e1f9b1806459ef0a901ad03
100,400,0.00148,0xe69c0ec93893cb3ddd03b390c8bb206290b057f4,2017-10-27T06:40:42.000Z,0.0000037,0x9b12d296a33f888e4f636107fbea1468167ff43c,sell,0x76e82406a5040b605c6d30caf4802e7eb3184bbc,0xa6249da345bb0db3fc200d09e5619a57e0e8f14846795da49a4691f07e3195e6
101,500000,2.5,0xe69c0ec93893cb3ddd03b390c8bb206290b057f4,2017-10-27T02:04:56.000Z,0.000005,0xe69c0ec93893cb3ddd03b390c8bb206290b057f4,buy,0x76e82406a5040b605c6d30caf4802e7eb3184bbc,0x005c1a41843e920f14d820d1c5b6518a2a1015ea44518609efcf34b2e5e8fd1e
102,1000000,1.5,0x80bcca66f237e64a65e28e4eff02e1729ce7a22a,2017-10-27T02:03:39.000Z,0.0000015,0xe69c0ec93893cb3ddd03b390c8bb206290b057f4,sell,0x76e82406a5040b605c6d30caf4802e7eb3184bbc,0x81076594e7680ba1fa2c05166e91ba326c5514a61e27cbd7287e1b1585a523b8
103,7077,0.0106183308,0x429c7cf947d18c6e14660975ba5272621a618b36,2017-10-27T02:03:33.000Z,0.0000015004,0xe69c0ec93893cb3ddd03b390c8bb206290b057f4,sell,0x76e82406a5040b605c6d30caf4802e7eb3184bbc,0xdf9cd13ae7dded8f2b36cc8fafa75b59a7d2d0d38d119d49cabd88f63eaaa483
104,10000,0.02,0x76a7fd7b41f27f0393df8d23487cef5fdb578705,2017-10-27T02:03:33.000Z,0.000002,0xe69c0ec93893cb3ddd03b390c8bb206290b057f4,sell,0x76e82406a5040b605c6d30caf4802e7eb3184bbc,0x838a156d7d50c0ac9408d4f353faaa565440072f56b8ec34e661c5b893757962
105,25000,0.05025,0x86d4b794a7ffa3a3ea81421107cf26b7ad1b3d44,2017-10-27T02:03:33.000Z,0.00000201,0xe69c0ec93893cb3ddd03b390c8bb206290b057f4,sell,0x76e82406a5040b605c6d30caf4802e7eb3184bbc,0xa18c18badbb205262da8f49875ff52ea769e82670b39ab367ea536633f83978f
106,1000,0.00376,0xbd56fe45cafbc7b90619e0b14b65a0a2b5c9da39,2017-10-26T20:07:33.000Z,0.00000376,0x971f30c325d9924ad472adf0bf98702502baad93,buy,0x76e82406a5040b605c6d30caf4802e7eb3184bbc,0xcaaff9b580823721e6a9db46248a40f2923903de2074c01287b1f70fb5631723
107,80000,0.304,0x12f8967fa9cb2b44468a453230a99ef64cbaa494,2017-10-26T08:49:58.000Z,0.0000038,0x80bcca66f237e64a65e28e4eff02e1729ce7a22a,buy,0x76e82406a5040b605c6d30caf4802e7eb3184bbc,0x97bc2cb3d7e69d6fe00ca5eb18ac9a61b9e953fbe418aad05b2f221c43b03f9c
108,200000,0.752,0x12f8967fa9cb2b44468a453230a99ef64cbaa494,2017-10-26T08:49:43.000Z,0.00000376,0x116742c872f990da1b9be41ad0cf155863bf01df,buy,0x76e82406a5040b605c6d30caf4802e7eb3184bbc,0x4956b9352cc7d6b11cdd8fcde19071307f93702fa1ac1afc44caabdd9dee4c4b
109,300,0.001125,0xe69c0ec93893cb3ddd03b390c8bb206290b057f4,2017-10-25T23:26:19.000Z,0.00000375,0x9b12d296a33f888e4f636107fbea1468167ff43c,sell,0x76e82406a5040b605c6d30caf4802e7eb3184bbc,0xd57c0e21c21ce2b1b7b57b18fccc6949be21daedef7d569fca39311f481a91f8
110,300000,1.8,0xe69c0ec93893cb3ddd03b390c8bb206290b057f4,2017-10-25T17:32:56.000Z,0.000006,0xe69c0ec93893cb3ddd03b390c8bb206290b057f4,buy,0x76e82406a5040b605c6d30caf4802e7eb3184bbc,0xeb4511d163db93737b70fbf892b15191b8f19762e5af1081e4d3825860257d19
111,100000,0.2,0x3c6438ddd1bca543953327b2cc6391df60a63982,2017-10-25T17:31:44.000Z,0.000002,0xe69c0ec93893cb3ddd03b390c8bb206290b057f4,sell,0x76e82406a5040b605c6d30caf4802e7eb3184bbc,0x5efde7551c3c4a6dbdc898bed6a97b53c85b34db673eb13b6c00d559229f741b
112,100000,0.201,0x580d0572dbd9f27c75d5fcc88a6075ce32924c2b,2017-10-25T17:31:19.000Z,0.00000201,0xe69c0ec93893cb3ddd03b390c8bb206290b057f4,sell,0x76e82406a5040b605c6d30caf4802e7eb3184bbc,0x186410c5e09167e72e605ab54d6a42c0962e579f22b60c277e0d1de77e04beff
113,30000,0.117,0x4cc4bd0a8fc9bdb97791e44dc5e661b8c461c98b,2017-10-25T07:24:50.000Z,0.0000039,0x037f96a2a6430376cff5cd297cc40c2554f8f7bf,buy,0x76e82406a5040b605c6d30caf4802e7eb3184bbc,0x81c0f4dfacff6dced81506ddeca8733e3e5a36852234944dc3865d193863e2b2
114,1,0.0000041,0x0249924245a19aa2d7f5ddb0739a7132b7d094ab,2017-10-24T23:53:12.000Z,0.0000041,0x80bcca66f237e64a65e28e4eff02e1729ce7a22a,buy,0x76e82406a5040b605c6d30caf4802e7eb3184bbc,0x146d99eb380c87048faed20e4564fd1b333bc6c8242e04a5ea721819fb3a8207
115,50000,0.2,0x3edf71c889d26110c05ffa67ca650583da80a82b,2017-10-24T22:41:56.000Z,0.000004,0x116742c872f990da1b9be41ad0cf155863bf01df,buy,0x76e82406a5040b605c6d30caf4802e7eb3184bbc,0xdeedd412f4dd97bc062c7817ec9433b8f90b2de025f82c99023aab57322ab634
116,248.330176,0.0010429867392,0xe69c0ec93893cb3ddd03b390c8bb206290b057f4,2017-10-24T20:32:32.000Z,0.0000042,0xd93645d9bfa3ebc228309182f6b2080d0a8940d1,sell,0x76e82406a5040b605c6d30caf4802e7eb3184bbc,0x6c5e228fe7f30781dd0535d4a3f8f3d5cd53083169d6cbb100d31cf353f4db27
117,300,0.00126,0xe69c0ec93893cb3ddd03b390c8bb206290b057f4,2017-10-24T20:00:46.000Z,0.0000042,0xd93645d9bfa3ebc228309182f6b2080d0a8940d1,sell,0x76e82406a5040b605c6d30caf4802e7eb3184bbc,0x7966d789ec84e2e86c6c6002ced4806775844919a003a03ef6bf2e2223c0daef
118,550,0.0022,0xd93645d9bfa3ebc228309182f6b2080d0a8940d1,2017-10-24T19:59:32.000Z,0.000004,0x116742c872f990da1b9be41ad0cf155863bf01df,buy,0x76e82406a5040b605c6d30caf4802e7eb3184bbc,0x232793b64d83adea0970b02b0f9f7a4061c3ab3192ddec69768ac86a47359130
119,255451.3,1.7881591,0xe69c0ec93893cb3ddd03b390c8bb206290b057f4,2017-10-24T01:28:01.000Z,0.000007,0xe69c0ec93893cb3ddd03b390c8bb206290b057f4,buy,0x76e82406a5040b605c6d30caf4802e7eb3184bbc,0x16f698a6b1762ab09fa683efb4d6d8673bf793a907dd990cc2e103f82f8639c3
120,250000,1.75,0xe69c0ec93893cb3ddd03b390c8bb206290b057f4,2017-10-24T01:26:35.000Z,0.000007,0xe69c0ec93893cb3ddd03b390c8bb206290b057f4,buy,0x76e82406a5040b605c6d30caf4802e7eb3184bbc,0xb321595993b9b9eb02df6ab2ef37c7c16cb68df750847347f25b7a2ba1f3eae1
121,300000,1.8,0xe69c0ec93893cb3ddd03b390c8bb206290b057f4,2017-10-24T01:24:25.000Z,0.000006,0xe69c0ec93893cb3ddd03b390c8bb206290b057f4,buy,0x76e82406a5040b605c6d30caf4802e7eb3184bbc,0x287bd3919c79b1cf93f134e8a9f33d420b1a439f25954ccf4f8e551a1f689e65
122,100000,0.68,0xe69c0ec93893cb3ddd03b390c8bb206290b057f4,2017-10-24T01:22:48.000Z,0.0000068,0xe69c0ec93893cb3ddd03b390c8bb206290b057f4,buy,0x76e82406a5040b605c6d30caf4802e7eb3184bbc,0xdb31fad01e3f941af0b9ed13c1f592148576fd434d5588f3d656a3ad2afcb122
123,100000,0.69,0xe69c0ec93893cb3ddd03b390c8bb206290b057f4,2017-10-24T01:22:18.000Z,0.0000069,0xe69c0ec93893cb3ddd03b390c8bb206290b057f4,buy,0x76e82406a5040b605c6d30caf4802e7eb3184bbc,0xdf9d77390498970b39dede3fa005f7e341cee36ce2a5183041d573df2b9b9b63
124,150000,1.062,0xe69c0ec93893cb3ddd03b390c8bb206290b057f4,2017-10-24T00:25:46.000Z,0.00000708,0xe69c0ec93893cb3ddd03b390c8bb206290b057f4,buy,0x76e82406a5040b605c6d30caf4802e7eb3184bbc,0x9e30f50dc23853027c7f72bf94518d705e65de6f6f12df5f1758ac7b5c17e746
125,50000,0.1,0x3c6438ddd1bca543953327b2cc6391df60a63982,2017-10-24T00:24:38.000Z,0.000002,0xe69c0ec93893cb3ddd03b390c8bb206290b057f4,sell,0x76e82406a5040b605c6d30caf4802e7eb3184bbc,0x00cf1a42ebf1f3210fe5c125ed12b183652efbd5e26428c9c93054f1ec2350b0
126,300000,1.26,0xe69c0ec93893cb3ddd03b390c8bb206290b057f4,2017-10-23T17:46:17.000Z,0.0000042,0xe69c0ec93893cb3ddd03b390c8bb206290b057f4,buy,0x76e82406a5040b605c6d30caf4802e7eb3184bbc,0x9d38a2ea67fbdab71a28ae2100dc04ce0b46dbec11207019f8f22371b0fcaaab
127,1000000,1,0x0a72ebae0321b78bf42b5846c57f90d714a5cb31,2017-10-23T17:35:58.000Z,0.000001,0xe69c0ec93893cb3ddd03b390c8bb206290b057f4,sell,0x76e82406a5040b605c6d30caf4802e7eb3184bbc,0x81483d8c185d005a6a9c44ff0a2f3e011b541c6181670ab4a91913779acd0ac9
128,1111,0.0049995,0x54b59cbea68b581f1fa6ae1c3d5ea0643e8e2378,2017-10-23T15:23:58.000Z,0.0000045,0x80bcca66f237e64a65e28e4eff02e1729ce7a22a,buy,0x76e82406a5040b605c6d30caf4802e7eb3184bbc,0x25dd6b6aa90799ef5b5722e184b1d66a4620dd92790ee20c90d38d6e6defe6a5
129,9969.095803,0.0109660053833,0x0cb88a60f558c10dd233652b931587d189183c77,2017-10-23T13:52:41.000Z,0.0000011,0xfe4856ea92a3d9fe3691f332cb5344072ac061d1,sell,0x76e82406a5040b605c6d30caf4802e7eb3184bbc,0xf11f418d784ffff26b01556b4677c34ca57690b4c340640f30d395ee0cdd77d6
130,18802,0.131313168,0x116742c872f990da1b9be41ad0cf155863bf01df,2017-10-23T05:42:25.000Z,0.000006984,0x116742c872f990da1b9be41ad0cf155863bf01df,buy,0x76e82406a5040b605c6d30caf4802e7eb3184bbc,0x66073c176b0fcaef08e1fdf811fa9b9ab2af714e11019271274c81273e7258cc
131,1198,0.008366832,0x116742c872f990da1b9be41ad0cf155863bf01df,2017-10-23T05:40:42.000Z,0.000006984,0x116742c872f990da1b9be41ad0cf155863bf01df,buy,0x76e82406a5040b605c6d30caf4802e7eb3184bbc,0xd6da3a873c26595fcd04a56af6a9a99224a005a9e4f850031ede5b14d2aba38c
132,81271.406502,0.1666063833291,0x80bcca66f237e64a65e28e4eff02e1729ce7a22a,2017-10-23T05:36:14.000Z,0.00000205,0x116742c872f990da1b9be41ad0cf155863bf01df,sell,0x76e82406a5040b605c6d30caf4802e7eb3184bbc,0x5e31714c6dc12ffc9f09ae7e36f3a26b351cda4a107d8c053419ca9e995949e7
133,50000,0.1135,0x8d5ebdf9d7107bd8c63e490fe616d4b89184807c,2017-10-23T05:36:06.000Z,0.00000227,0x116742c872f990da1b9be41ad0cf155863bf01df,sell,0x76e82406a5040b605c6d30caf4802e7eb3184bbc,0x3a7f17e773de13f26d08d3aa415243ffc4bdef3791784fb24e09285f126e7155
134,20000,0.05002,0x50f1208ecc1147d3b92192f423b5163b1bed31d6,2017-10-23T05:35:49.000Z,0.000002501,0x116742c872f990da1b9be41ad0cf155863bf01df,sell,0x76e82406a5040b605c6d30caf4802e7eb3184bbc,0xd278cb91f8108e918374cca1469dbeace8396a47ec3067616553645fbc12ae1c
135,4000,0.010008,0x971f30c325d9924ad472adf0bf98702502baad93,2017-10-23T05:32:49.000Z,0.000002502,0x116742c872f990da1b9be41ad0cf155863bf01df,sell,0x76e82406a5040b605c6d30caf4802e7eb3184bbc,0xad1ecc70a7ae96f8b7bc700b43b7fd12ffb3c387d02b9ab0305178b581fda5fe
136,2500,0.01,0x245d3b421672e029b7ddf9fd5e9a1d19e72ec41b,2017-10-23T05:32:06.000Z,0.000004,0x116742c872f990da1b9be41ad0cf155863bf01df,sell,0x76e82406a5040b605c6d30caf4802e7eb3184bbc,0xbc5808f3a7dfb043f3b182f6e572555fabd7f8e6f8dd05d162bef960f33c8817
137,1,0.00000699,0x3ac636ac5c3a2576156ac5f10066ca68abe0ad54,2017-10-23T04:36:26.000Z,0.00000699,0x4d1a5c0cbb5a9d0ceb11268478adf40f71d22d78,buy,0x76e82406a5040b605c6d30caf4802e7eb3184bbc,0x5edcdc8f157f110f0765c8a806af95d9833f79a05ec5b7735727e75382a983bd
138,10000,0.04,0x245d3b421672e029b7ddf9fd5e9a1d19e72ec41b,2017-10-22T23:27:00.000Z,0.000004,0x116742c872f990da1b9be41ad0cf155863bf01df,sell,0x76e82406a5040b605c6d30caf4802e7eb3184bbc,0x5194b865599fe63a6e7be5466293978f844480381d5fd4a8d3f31242c4708788
139,128275.533,0.9364113909,0xe69c0ec93893cb3ddd03b390c8bb206290b057f4,2017-10-22T23:03:38.000Z,0.0000073,0xe69c0ec93893cb3ddd03b390c8bb206290b057f4,buy,0x76e82406a5040b605c6d30caf4802e7eb3184bbc,0xe778625e102039e5c2b98376012ceacdb9b9535d5061ba84d1851152b89ef271
140,150000,1.062,0xe69c0ec93893cb3ddd03b390c8bb206290b057f4,2017-10-22T23:01:42.000Z,0.00000708,0xe69c0ec93893cb3ddd03b390c8bb206290b057f4,buy,0x76e82406a5040b605c6d30caf4802e7eb3184bbc,0x447f7d9b250a2d6d966566f6ade1daa1d832e834e0127a85136b64e3f86de0da
141,100000,0.7399,0xe69c0ec93893cb3ddd03b390c8bb206290b057f4,2017-10-22T23:00:21.000Z,0.000007399,0xe69c0ec93893cb3ddd03b390c8bb206290b057f4,buy,0x76e82406a5040b605c6d30caf4802e7eb3184bbc,0x5e22bb9d28c5dc9e5068b4b4e3ca5584ad4df202d452123db7acf9e38be4f1dd
142,171210.885785,1.2498394662373156,0xe69c0ec93893cb3ddd03b390c8bb206290b057f4,2017-10-22T22:59:13.000Z,0.0000073000000000398,0xe69c0ec93893cb3ddd03b390c8bb206290b057f4,buy,0x76e82406a5040b605c6d30caf4802e7eb3184bbc,0xbab1e427c95dbf6e166025dc124adb87f2bb46bbd698902ed8d8e06b3c32fad6
143,171724.467085,1.253588609721679,0xe69c0ec93893cb3ddd03b390c8bb206290b057f4,2017-10-22T22:51:55.000Z,0.00000730000000000686,0xe69c0ec93893cb3ddd03b390c8bb206290b057f4,buy,0x76e82406a5040b605c6d30caf4802e7eb3184bbc,0x910eeb998c2e7ea14e6c173dbef1db414c6d269903307bfeca95d4a1b4ce5b8a
144,166,0.0011288,0x116742c872f990da1b9be41ad0cf155863bf01df,2017-10-22T20:30:00.000Z,0.0000068,0x4d1a5c0cbb5a9d0ceb11268478adf40f71d22d78,sell,0x76e82406a5040b605c6d30caf4802e7eb3184bbc,0x8bf0645941c9d9201de242765b241d0e022168a6485e75ff779a2c1b974b55ff
145,150,0.001047,0x116742c872f990da1b9be41ad0cf155863bf01df,2017-10-22T20:29:47.000Z,0.00000698,0x4d1a5c0cbb5a9d0ceb11268478adf40f71d22d78,sell,0x76e82406a5040b605c6d30caf4802e7eb3184bbc,0x219452792bbd3d10effbffd54cd272837dc8277692842a15b03db421a62f2eae
146,10000,0.06999,0x23901886602bd6725d2f8e7d076e28be9f4f2cf3,2017-10-22T16:20:23.000Z,0.000006999,0x107d35bdbb393d33d6d9ce4127883b057b8e6187,buy,0x76e82406a5040b605c6d30caf4802e7eb3184bbc,0x48c15da545eb7149f0cfde7d334ce52a251ee8b1089457ed7083107aabc14130
147,1984.253755,0.013887792031868356,0x43808d5a5cc952c530ff9d0499fa0bfd8ff553bf,2017-10-22T16:00:37.000Z,0.00000699900000031415,0x107d35bdbb393d33d6d9ce4127883b057b8e6187,buy,0x76e82406a5040b605c6d30caf4802e7eb3184bbc,0x7132ecf811cf22dfb8fc9e3cbb86b3a0b5b0b0f8f5ccc0b03bdfbc6c4471a03d
148,10000,0.07,0xfe4856ea92a3d9fe3691f332cb5344072ac061d1,2017-10-22T11:33:24.000Z,0.000007,0x4d1a5c0cbb5a9d0ceb11268478adf40f71d22d78,buy,0x76e82406a5040b605c6d30caf4802e7eb3184bbc,0x5b43d1a9c87fe8114dad3f49eecb75ccffcfc7f03ac58687890034d986d32e38
149,100000,0.709,0x116742c872f990da1b9be41ad0cf155863bf01df,2017-10-22T09:42:02.000Z,0.00000709,0x116742c872f990da1b9be41ad0cf155863bf01df,buy,0x76e82406a5040b605c6d30caf4802e7eb3184bbc,0x5ed05605c016ea0947535565763206c6207a3734ca81f2befcbb1fcc2fc95e36
150,60000,0.4254,0x116742c872f990da1b9be41ad0cf155863bf01df,2017-10-22T09:40:14.000Z,0.00000709,0x116742c872f990da1b9be41ad0cf155863bf01df,buy,0x76e82406a5040b605c6d30caf4802e7eb3184bbc,0xcfa50593298cfe0052ea7977816d96668490c2d8d8cc7d5277cfe40803e160bd
151,7000,0.049,0x4d1a5c0cbb5a9d0ceb11268478adf40f71d22d78,2017-10-22T08:14:51.000Z,0.000007,0x107d35bdbb393d33d6d9ce4127883b057b8e6187,sell,0x76e82406a5040b605c6d30caf4802e7eb3184bbc,0xc839d1cfa03a31cf4394ffaff05976ce62292ecee22e419327031dd53299a22a
152,3000,0.0195,0xe6dce38a61edba2cd7dc0be24aa42f1c1bd3de0c,2017-10-22T07:22:36.000Z,0.0000065,0x4d1a5c0cbb5a9d0ceb11268478adf40f71d22d78,sell,0x76e82406a5040b605c6d30caf4802e7eb3184bbc,0x5ebf9dae62fdd44c1498c8ded8860ee384aff1ae0deca64fee36685e089a48b2
153,206,0.00116596,0x116742c872f990da1b9be41ad0cf155863bf01df,2017-10-22T06:33:05.000Z,0.00000566,0x4d1a5c0cbb5a9d0ceb11268478adf40f71d22d78,sell,0x76e82406a5040b605c6d30caf4802e7eb3184bbc,0xb08f8b29fa77c62298dee764f18600421da2e8d2bfdc1fb75c4a880b99b3b015
154,200,0.001144,0x116742c872f990da1b9be41ad0cf155863bf01df,2017-10-22T06:32:28.000Z,0.00000572,0x4d1a5c0cbb5a9d0ceb11268478adf40f71d22d78,sell,0x76e82406a5040b605c6d30caf4802e7eb3184bbc,0x495d5f646a0f6a1f264a2d6b3c41470809000d0cb70863820abaf9bdeaaff084
155,204,0.0011934,0x116742c872f990da1b9be41ad0cf155863bf01df,2017-10-22T06:28:54.000Z,0.00000585,0x4d1a5c0cbb5a9d0ceb11268478adf40f71d22d78,sell,0x76e82406a5040b605c6d30caf4802e7eb3184bbc,0xff9be0821c0610b38282152391fae0676e472410cc37868229f3c4a24d71117c
156,209,0.00124564,0x116742c872f990da1b9be41ad0cf155863bf01df,2017-10-22T06:28:54.000Z,0.00000596,0x4d1a5c0cbb5a9d0ceb11268478adf40f71d22d78,sell,0x76e82406a5040b605c6d30caf4802e7eb3184bbc,0x6c300c5aba9691f62ceaae5c518718d8df4d07039c11176204b463b5ef4ab74d
157,30000,0.19503,0x6c27e779bc2f1bdb3c1e09d7b66eb8dcb661eaf5,2017-10-22T05:57:08.000Z,0.000006501,0x116742c872f990da1b9be41ad0cf155863bf01df,sell,0x76e82406a5040b605c6d30caf4802e7eb3184bbc,0xf3c97172463177210234484c8230368617814f05255ddb0c2f0843762c48cd7c
158,4000,0.029192,0x62f5e5c4fdeafbd1b7f09d296123998c1f3a85ac,2017-10-22T02:19:25.000Z,0.000007298,0x4d1a5c0cbb5a9d0ceb11268478adf40f71d22d78,buy,0x76e82406a5040b605c6d30caf4802e7eb3184bbc,0xc43953c840f6d852b91b4146a5d69c92987835c7111abeab31957e6d0141c58c
159,2120.940695,0.015376820044470142,0x62f5e5c4fdeafbd1b7f09d296123998c1f3a85ac,2017-10-22T02:16:58.000Z,0.00000725000000269698,0x4d1a5c0cbb5a9d0ceb11268478adf40f71d22d78,buy,0x76e82406a5040b605c6d30caf4802e7eb3184bbc,0x07bf2823774f8e892c7904ddb90abcfa61bedd5b3eeefd5f0ff3f4329d843108
160,9652.777777,0.0695,0x62f5e5c4fdeafbd1b7f09d296123998c1f3a85ac,2017-10-22T02:16:58.000Z,0.00000720000000058014,0x4d1a5c0cbb5a9d0ceb11268478adf40f71d22d78,buy,0x76e82406a5040b605c6d30caf4802e7eb3184bbc,0xed4a6d901caf195b3e34757f54397ed80c6ee9d2e57d8e745263d49220d45e31
161,1000,0.00749,0xe69c0ec93893cb3ddd03b390c8bb206290b057f4,2017-10-22T01:40:49.000Z,0.00000749,0xe69c0ec93893cb3ddd03b390c8bb206290b057f4,buy,0x76e82406a5040b605c6d30caf4802e7eb3184bbc,0x372faf80c0e6bb54d13f2ca7d11f7f01c505e5258ffffccc232ce2eb89c8aa34
162,100,0.000725,0x4d1a5c0cbb5a9d0ceb11268478adf40f71d22d78,2017-10-22T01:36:30.000Z,0.00000725,0x4d1a5c0cbb5a9d0ceb11268478adf40f71d22d78,buy,0x76e82406a5040b605c6d30caf4802e7eb3184bbc,0x3af60a0ad593e0aff0b670383a786809880031f85859934a43670703fa67256c
163,69.444444,0.0005,0x42c24a83bded723edfdf5883bc7efb30bc1a1bf3,2017-10-21T23:34:12.000Z,0.00000720000004608,0x4d1a5c0cbb5a9d0ceb11268478adf40f71d22d78,buy,0x76e82406a5040b605c6d30caf4802e7eb3184bbc,0xf86a51d853e945668a29dc93c69828e3525328ecbd3ddac48ca1b1377a812859
164,69.444444,0.0005,0x379374d13077e8867ef31803c37baf9785a17c00,2017-10-21T23:33:08.000Z,0.00000720000004608,0x4d1a5c0cbb5a9d0ceb11268478adf40f71d22d78,buy,0x76e82406a5040b605c6d30caf4802e7eb3184bbc,0xb4c79b210941e149fa81ab307fa65bef2c7f5d52181653e2189c7267dcac47fa
165,69.444444,0.0005,0xcd912af5286dc0b0a23edb30209734ecb60838b3,2017-10-21T23:31:15.000Z,0.00000720000004608,0x4d1a5c0cbb5a9d0ceb11268478adf40f71d22d78,buy,0x76e82406a5040b605c6d30caf4802e7eb3184bbc,0x1704338007e7e98fe53f587664efa9207e881b920e5d2d24eff8ac09fb287c51
166,69.444444,0.0005,0xf9695cd65d6dfdf257fab76a3eb0cb8f001971cc,2017-10-21T23:28:32.000Z,0.00000720000004608,0x4d1a5c0cbb5a9d0ceb11268478adf40f71d22d78,buy,0x76e82406a5040b605c6d30caf4802e7eb3184bbc,0xa1047c5314da8b775276bcecd1afcf048900614230b7bd40d8bafd829e387020
167,69.444444,0.0005,0x16e5d97bbc92417e051e3b2cabfbf8ceea2acb9c,2017-10-21T23:28:07.000Z,0.00000720000004608,0x4d1a5c0cbb5a9d0ceb11268478adf40f71d22d78,buy,0x76e82406a5040b605c6d30caf4802e7eb3184bbc,0x121a8e63a581a255ee838ce9a2fd704e5056e86304ffd7e20bd5e9d6bc5b71ee
168,47779.059304,0.34639817995552985,0x4d1a5c0cbb5a9d0ceb11268478adf40f71d22d78,2017-10-21T23:04:55.000Z,0.00000725000000003201,0x4d1a5c0cbb5a9d0ceb11268478adf40f71d22d78,buy,0x76e82406a5040b605c6d30caf4802e7eb3184bbc,0x5e29367cdabd8b4be7d9927b827268fdae9749b811a28ea5fb1358a72ccca430
169,10000,0.072,0x8d5ebdf9d7107bd8c63e490fe616d4b89184807c,2017-10-21T21:22:17.000Z,0.0000072,0x4d1a5c0cbb5a9d0ceb11268478adf40f71d22d78,buy,0x76e82406a5040b605c6d30caf4802e7eb3184bbc,0xbc6c7ddf55b7fcdf6d8fef3d8569f688797242ba7478deac19678fa6852d8131
170,5000,0.036,0x9d79b4dee7f1e0a0eeaab19a74365230f6158d84,2017-10-21T20:16:01.000Z,0.0000072,0x4d1a5c0cbb5a9d0ceb11268478adf40f71d22d78,buy,0x76e82406a5040b605c6d30caf4802e7eb3184bbc,0x698b6bd81e4dc43e0b1a5bdc303ed9f53f0ff668cc3ad47a7f2d3b507347a620
171,5000,0.036,0xdf2f0cb8216e12a417d786c98d946a08444167db,2017-10-21T18:44:03.000Z,0.0000072,0x4d1a5c0cbb5a9d0ceb11268478adf40f71d22d78,buy,0x76e82406a5040b605c6d30caf4802e7eb3184bbc,0x203f8aaf47c37cfdbc93d7a594498830a8eee99369d4614fa4e73bf3a3cbf191
172,50000,0.36,0x4d1a5c0cbb5a9d0ceb11268478adf40f71d22d78,2017-10-21T17:59:12.000Z,0.0000072,0x4d1a5c0cbb5a9d0ceb11268478adf40f71d22d78,buy,0x76e82406a5040b605c6d30caf4802e7eb3184bbc,0x1c68aadfa7f3bd938e89bd743dd2eca334e30571205d31f4d491db421943ddbb
173,50000,0.325,0x4d1a5c0cbb5a9d0ceb11268478adf40f71d22d78,2017-10-21T17:54:54.000Z,0.0000065,0x4d1a5c0cbb5a9d0ceb11268478adf40f71d22d78,sell,0x76e82406a5040b605c6d30caf4802e7eb3184bbc,0xc00e0ad2e969d72a794ddceb0cf6c978ebba0557019762f005884ff91944ac7c
174,4000,0.0284,0x304c929780c19ae230022779a75b451f63d4705f,2017-10-21T17:53:18.000Z,0.0000071,0x4d1a5c0cbb5a9d0ceb11268478adf40f71d22d78,sell,0x76e82406a5040b605c6d30caf4802e7eb3184bbc,0x11a69dc4c5cffe3bed88f1661eb15b8d354f958981fe118a118c664a09d97815
175,100000,0.73,0xe69c0ec93893cb3ddd03b390c8bb206290b057f4,2017-10-21T15:31:15.000Z,0.0000073,0xe69c0ec93893cb3ddd03b390c8bb206290b057f4,buy,0x76e82406a5040b605c6d30caf4802e7eb3184bbc,0xf957b2f72cc2ebcf2f34f4711c528cab80897178804110467db46a2f11123a2f
176,6000,0.06,0xe69c0ec93893cb3ddd03b390c8bb206290b057f4,2017-10-21T13:09:12.000Z,0.00001,0xe69c0ec93893cb3ddd03b390c8bb206290b057f4,buy,0x76e82406a5040b605c6d30caf4802e7eb3184bbc,0x67690398c5412742fcac5d71559fb86fb4d6a8f44eb966486f48aef4181ea71e
177,50000,0.4,0xe69c0ec93893cb3ddd03b390c8bb206290b057f4,2017-10-21T13:02:21.000Z,0.000008,0xe69c0ec93893cb3ddd03b390c8bb206290b057f4,buy,0x76e82406a5040b605c6d30caf4802e7eb3184bbc,0x57814e644e7c6a24fc227c211c0db44531eda525e3eeba7e0a34e7adc101b521
178,3250,0.0238875,0xe69c0ec93893cb3ddd03b390c8bb206290b057f4,2017-10-21T13:01:36.000Z,0.00000735,0xe69c0ec93893cb3ddd03b390c8bb206290b057f4,buy,0x76e82406a5040b605c6d30caf4802e7eb3184bbc,0x73a19fe60366f74f34cdb9627614da9fdff75bc705bb9460e72bca5535b69287
179,2500,0.0175,0xe69c0ec93893cb3ddd03b390c8bb206290b057f4,2017-10-21T12:37:11.000Z,0.000007,0xe69c0ec93893cb3ddd03b390c8bb206290b057f4,buy,0x76e82406a5040b605c6d30caf4802e7eb3184bbc,0x83caa0806033eedf927b88709c2a0110b571d829591a6e49b82acc19333b39f5
180,50000,0.06055,0x107d35bdbb393d33d6d9ce4127883b057b8e6187,2017-10-21T11:33:16.000Z,0.000001211,0xe69c0ec93893cb3ddd03b390c8bb206290b057f4,sell,0x76e82406a5040b605c6d30caf4802e7eb3184bbc,0xd2f6b6ae0265b4bd6735eec14d27f7f89235f2e656d2d8ccbf499d1bfd056d57
181,2500,0.01875,0x2bdc160ca80bc28f37d81b6d16e88201b74aa7b9,2017-10-21T09:03:12.000Z,0.0000075,0x02f3f615dad26e296bec71632d7d3fdb702dae7c,buy,0x76e82406a5040b605c6d30caf4802e7eb3184bbc,0x7955daa88108d60e36b0379f10088ac65b836f7d7ed878891feed4a80efa1160
182,44000,0.33,0x2bdc160ca80bc28f37d81b6d16e88201b74aa7b9,2017-10-21T09:00:43.000Z,0.0000075,0x9b12d296a33f888e4f636107fbea1468167ff43c,sell,0x76e82406a5040b605c6d30caf4802e7eb3184bbc,0xd1f4f3bacd5a9896d02d70c88267ba85e7818eb2689f3a4ad2a74422319e2d15
183,6000,0.045,0x2bdc160ca80bc28f37d81b6d16e88201b74aa7b9,2017-10-21T08:46:47.000Z,0.0000075,0x02f3f615dad26e296bec71632d7d3fdb702dae7c,sell,0x76e82406a5040b605c6d30caf4802e7eb3184bbc,0x897282b00c8c994ae4212625857197978687d71629fe130d71013f48acc0cf4f
184,30000,0.264,0x2bdc160ca80bc28f37d81b6d16e88201b74aa7b9,2017-10-21T08:21:07.000Z,0.0000088,0x02f3f615dad26e296bec71632d7d3fdb702dae7c,buy,0x76e82406a5040b605c6d30caf4802e7eb3184bbc,0x83b0290d00d909bf4daba137c05a2d235324a781b9511972b08b143d201d292a
185,50000,0.44495,0x2bdc160ca80bc28f37d81b6d16e88201b74aa7b9,2017-10-21T08:08:49.000Z,0.000008899,0x9b12d296a33f888e4f636107fbea1468167ff43c,buy,0x76e82406a5040b605c6d30caf4802e7eb3184bbc,0x8e1b797957f2c9007e2d1c88fe2fb325396ad6e137c16cf4b007c5d50fc0a4b1
186,9000,0.063,0x4d1a5c0cbb5a9d0ceb11268478adf40f71d22d78,2017-10-21T07:38:58.000Z,0.000007,0x02f3f615dad26e296bec71632d7d3fdb702dae7c,sell,0x76e82406a5040b605c6d30caf4802e7eb3184bbc,0x4aa8f3fb5bd6542859c61973c3959af04e71946a00cb2fe46d9f863433b5c7a2
187,21000,0.147,0x4d1a5c0cbb5a9d0ceb11268478adf40f71d22d78,2017-10-21T07:38:25.000Z,0.000007,0x02f3f615dad26e296bec71632d7d3fdb702dae7c,sell,0x76e82406a5040b605c6d30caf4802e7eb3184bbc,0xc28059e81dccf63b6100c07bff5aabab132f1acd1af451057a8bcfd188f07c23
188,10000,0.05,0x4d1a5c0cbb5a9d0ceb11268478adf40f71d22d78,2017-10-21T07:33:11.000Z,0.000005,0x4d1a5c0cbb5a9d0ceb11268478adf40f71d22d78,sell,0x76e82406a5040b605c6d30caf4802e7eb3184bbc,0x57bf9ae3cd071b5fccc18f454c02d98b154406b947bcc86172b8d290a39511e1
189,10000,0.05,0x4d1a5c0cbb5a9d0ceb11268478adf40f71d22d78,2017-10-21T07:31:31.000Z,0.000005,0x8b182a4526944fa498970732a69a95d281c3c8a9,sell,0x76e82406a5040b605c6d30caf4802e7eb3184bbc,0xd2c757ddbfbeba8a2d9c331602f6e4e14a765a2fd2e54a2c19c11cda65b1a764
190,9063,0.063441,0x4d1a5c0cbb5a9d0ceb11268478adf40f71d22d78,2017-10-21T07:27:52.000Z,0.000007,0x4d1a5c0cbb5a9d0ceb11268478adf40f71d22d78,sell,0x76e82406a5040b605c6d30caf4802e7eb3184bbc,0x4476ab0c6b2f3b333dbd883cbf1733706bfd3666b7b0bea3b307b639710077b1
191,20937,0.146559,0x4d1a5c0cbb5a9d0ceb11268478adf40f71d22d78,2017-10-21T07:26:25.000Z,0.000007,0x5ae933bfbbaa04c3e05ae56295138174ada9799c,sell,0x76e82406a5040b605c6d30caf4802e7eb3184bbc,0x7b30f73ce8d5406e78af34b0fa5f6ee9ca699cc133cf0da45d031c97da2fffa3
192,21000,0.126,0x5ae933bfbbaa04c3e05ae56295138174ada9799c,2017-10-21T07:26:25.000Z,0.000006,0x02f3f615dad26e296bec71632d7d3fdb702dae7c,buy,0x76e82406a5040b605c6d30caf4802e7eb3184bbc,0x7b30f73ce8d5406e78af34b0fa5f6ee9ca699cc133cf0da45d031c97da2fffa3
193,10000,0.00755,0x4d140c10845cb9a7dc740e966d54ce54436f8584,2017-10-21T06:58:24.000Z,0.000000755,0x4d1a5c0cbb5a9d0ceb11268478adf40f71d22d78,sell,0x76e82406a5040b605c6d30caf4802e7eb3184bbc,0x40d3eab39156c5bdaf40472c761dd549fae2b390c7d015d6ca3b39d35d051fbc
194,50000,0.038,0xe5113b174ce44a53f320d7988212cea10ffaa8f7,2017-10-21T06:56:08.000Z,0.00000076,0x4d1a5c0cbb5a9d0ceb11268478adf40f71d22d78,sell,0x76e82406a5040b605c6d30caf4802e7eb3184bbc,0x6bdf8bb16ba06f66deac72bd87d050608580595961135a542453e6ff0813fcfe
195,30000,0.027,0x037f96a2a6430376cff5cd297cc40c2554f8f7bf,2017-10-21T06:49:01.000Z,0.0000009,0x4d1a5c0cbb5a9d0ceb11268478adf40f71d22d78,sell,0x76e82406a5040b605c6d30caf4802e7eb3184bbc,0x791c171e9258083c322774db7f92dd4ca1092f737b605e33bb4970d145394e2b
196,124266.862946,0.093448680935392,0xf757f42ac03f16b9d0e4ec16ba096e1a02bd746b,2017-10-21T06:41:15.000Z,0.000000752,0x4d1a5c0cbb5a9d0ceb11268478adf40f71d22d78,sell,0x76e82406a5040b605c6d30caf4802e7eb3184bbc,0x5293088d73b663b9efe150a6b2d4b3b4c8b1261fb424b5df382ffdb1212a8b14
197,124266.862946,0.093448680935392,0xf757f42ac03f16b9d0e4ec16ba096e1a02bd746b,2017-10-21T06:40:58.000Z,0.000000752,0x4d1a5c0cbb5a9d0ceb11268478adf40f71d22d78,sell,0x76e82406a5040b605c6d30caf4802e7eb3184bbc,0x5293088d73b663b9efe150a6b2d4b3b4c8b1261fb424b5df382ffdb1212a8b14
198,1000000,0.75,0x116742c872f990da1b9be41ad0cf155863bf01df,2017-10-21T06:37:25.000Z,0.00000075,0x4d1a5c0cbb5a9d0ceb11268478adf40f71d22d78,sell,0x76e82406a5040b605c6d30caf4802e7eb3184bbc,0x4874e7ef7fe015a2c28bd861b9e3ac650e0ae75add042b64cf0476e55e84f1cb
199,1000000,0.826,0x9b12d296a33f888e4f636107fbea1468167ff43c,2017-10-21T06:32:17.000Z,0.000000826,0x4d1a5c0cbb5a9d0ceb11268478adf40f71d22d78,sell,0x76e82406a5040b605c6d30caf4802e7eb3184bbc,0x576f7873a270b449e91a467d799803e2b0e5df4f7b3b4726ab215f78506c9a13
200,5000,0.005,0xc6660a835c352bf39d6b5b170c65d8e3f03a6b6a,2017-10-21T06:21:30.000Z,0.000001,0x4d1a5c0cbb5a9d0ceb11268478adf40f71d22d78,sell,0x76e82406a5040b605c6d30caf4802e7eb3184bbc,0xda768d36a21f84200c0ab9ed2c469f2de5e84ff880a0f34e8900558f38f195cb
201,0.007,0.00054439,0x8b182a4526944fa498970732a69a95d281c3c8a9,2017-10-21T06:11:32.000Z,0.07777,0xf757f42ac03f16b9d0e4ec16ba096e1a02bd746b,sell,0x76e82406a5040b605c6d30caf4802e7eb3184bbc,0x20386441d181978ceb0c7d2c768219dddd0d7a7cd24f5c1999ca02600919356a
202,0.1,0.0007,0x8b182a4526944fa498970732a69a95d281c3c8a9,2017-10-21T06:08:53.000Z,0.007,0xf757f42ac03f16b9d0e4ec16ba096e1a02bd746b,sell,0x76e82406a5040b605c6d30caf4802e7eb3184bbc,0xc8b0f2465182f08d8f44f8e57648daa515bdfc2065bd368f09d806918a73afc8
203,1,0.0008888,0x8b182a4526944fa498970732a69a95d281c3c8a9,2017-10-21T06:08:37.000Z,0.0008888,0xf757f42ac03f16b9d0e4ec16ba096e1a02bd746b,sell,0x76e82406a5040b605c6d30caf4802e7eb3184bbc,0x0f0a3907bf78c3744ea4c7f17e1171dbf3dba1c7a1708c263f57ea1127bf40b9
204,60,0.00053088,0x8b182a4526944fa498970732a69a95d281c3c8a9,2017-10-21T06:06:13.000Z,0.000008848,0xf757f42ac03f16b9d0e4ec16ba096e1a02bd746b,sell,0x76e82406a5040b605c6d30caf4802e7eb3184bbc,0x30de03083e3630ddb5f10c2e60a7951934df3be78fa6fc101b6bde2e22a412d6
205,30000,0.0279,0x02f3f615dad26e296bec71632d7d3fdb702dae7c,2017-10-21T05:55:55.000Z,0.00000093,0x4d1a5c0cbb5a9d0ceb11268478adf40f71d22d78,sell,0x76e82406a5040b605c6d30caf4802e7eb3184bbc,0xf2267f7293dac01b217e79e9bdf429442bc49b7466cba387cf8fd1e7d8fcc083
206,10000,0.00901,0x8b182a4526944fa498970732a69a95d281c3c8a9,2017-10-21T05:51:54.000Z,0.000000901,0x4d1a5c0cbb5a9d0ceb11268478adf40f71d22d78,sell,0x76e82406a5040b605c6d30caf4802e7eb3184bbc,0x94275a6453eb28d79d8410becfc0c514dc6fbfefddefaef8939efb0e2f7bfe31
207,4000,0.0038,0xf757f42ac03f16b9d0e4ec16ba096e1a02bd746b,2017-10-21T05:51:54.000Z,0.00000095,0x4d1a5c0cbb5a9d0ceb11268478adf40f71d22d78,sell,0x76e82406a5040b605c6d30caf4802e7eb3184bbc,0x473a18d389152d2646f2bf8c0fd957e4574f2874aa1e326d4842f9e0e897c9c7
208,4000,0.0038,0xf757f42ac03f16b9d0e4ec16ba096e1a02bd746b,2017-10-21T05:51:50.000Z,0.00000095,0x4d1a5c0cbb5a9d0ceb11268478adf40f71d22d78,sell,0x76e82406a5040b605c6d30caf4802e7eb3184bbc,0x473a18d389152d2646f2bf8c0fd957e4574f2874aa1e326d4842f9e0e897c9c7
209,24000,0.019392,0x02f3f615dad26e296bec71632d7d3fdb702dae7c,2017-10-21T05:48:49.000Z,0.000000808,0x4d1a5c0cbb5a9d0ceb11268478adf40f71d22d78,sell,0x76e82406a5040b605c6d30caf4802e7eb3184bbc,0xa72a6efdc538036af084cc64ce412149fc7b2b05dfec17f944744589178b12c8
210,30000,0.024,0x02f3f615dad26e296bec71632d7d3fdb702dae7c,2017-10-21T05:46:26.000Z,0.0000008,0x4d1a5c0cbb5a9d0ceb11268478adf40f71d22d78,sell,0x76e82406a5040b605c6d30caf4802e7eb3184bbc,0xd7b5e6578d1a9f3d6c3248ce09486cfe78830ddf3f83c38497f1a50150b182fb
211,3000,0.027,0x8b182a4526944fa498970732a69a95d281c3c8a9,2017-10-21T05:45:38.000Z,0.000009,0x4d1a5c0cbb5a9d0ceb11268478adf40f71d22d78,buy,0x76e82406a5040b605c6d30caf4802e7eb3184bbc,0xc276146ab4532513750c8edebff6c18f9e642af05752e5402ed50783e17e734b
212,10000,0.09,0x7aa6e2506316f6d613277d4f2f4e4e1dc55e528e,2017-10-21T05:44:17.000Z,0.000009,0x4d1a5c0cbb5a9d0ceb11268478adf40f71d22d78,buy,0x76e82406a5040b605c6d30caf4802e7eb3184bbc,0x69b883f2f93c0b4fd2954c78a3813ff5848281e8a391cc6782e42687d3131c27
213,9970,0.0997,0x4d1a5c0cbb5a9d0ceb11268478adf40f71d22d78,2017-10-21T05:44:17.000Z,0.00001,0x7aa6e2506316f6d613277d4f2f4e4e1dc55e528e,sell,0x76e82406a5040b605c6d30caf4802e7eb3184bbc,0x69b883f2f93c0b4fd2954c78a3813ff5848281e8a391cc6782e42687d3131c27
214,12000,0.009696,0x02f3f615dad26e296bec71632d7d3fdb702dae7c,2017-10-21T05:41:47.000Z,0.000000808,0x4d1a5c0cbb5a9d0ceb11268478adf40f71d22d78,sell,0x76e82406a5040b605c6d30caf4802e7eb3184bbc,0x4dbcdda9cfb0442dbec4a29b38332477e44624f234090ce98c1e4f3e6d729028
215,5000,0.003785,0x8b182a4526944fa498970732a69a95d281c3c8a9,2017-10-21T05:35:21.000Z,0.000000757,0x4d1a5c0cbb5a9d0ceb11268478adf40f71d22d78,sell,0x76e82406a5040b605c6d30caf4802e7eb3184bbc,0x4fdcd8af4e446e62ae3ff38b7fcc8a9f71cc0787e8af4eb854452d7f356b2dde
216,4000,0.003004,0x8b182a4526944fa498970732a69a95d281c3c8a9,2017-10-21T05:34:06.000Z,0.000000751,0x4d1a5c0cbb5a9d0ceb11268478adf40f71d22d78,sell,0x76e82406a5040b605c6d30caf4802e7eb3184bbc,0x505d7f2c17bd221da67b2bfb965f8d15bd4ff77beedf57b550689a3d3de93885
217,1000,0.0065,0x4d1a5c0cbb5a9d0ceb11268478adf40f71d22d78,2017-10-21T05:27:06.000Z,0.0000065,0x8b182a4526944fa498970732a69a95d281c3c8a9,sell,0x76e82406a5040b605c6d30caf4802e7eb3184bbc,0x61c7863eeb4f90f7fdf7eab57f1d9cc28ebabf258d96bcc0f114ea09cc9cc634
218,23723,0.166061,0xf757f42ac03f16b9d0e4ec16ba096e1a02bd746b,2017-10-21T05:27:06.000Z,0.000007,0x4d1a5c0cbb5a9d0ceb11268478adf40f71d22d78,buy,0x76e82406a5040b605c6d30caf4802e7eb3184bbc,0x5955e0af7fa21297ce4aa05710ca09f5152a0a7043f00751e6b52b4d7d083839
219,1000,0.007,0x8b182a4526944fa498970732a69a95d281c3c8a9,2017-10-21T05:25:53.000Z,0.000007,0x4d1a5c0cbb5a9d0ceb11268478adf40f71d22d78,buy,0x76e82406a5040b605c6d30caf4802e7eb3184bbc,0xf7dca56cdeff36f17be402f452132d281f5ca9c585186cb9768ec1148001a1dc
220,777,0.005439,0x8b182a4526944fa498970732a69a95d281c3c8a9,2017-10-21T05:24:22.000Z,0.000007,0x4d1a5c0cbb5a9d0ceb11268478adf40f71d22d78,buy,0x76e82406a5040b605c6d30caf4802e7eb3184bbc,0xe6c7223f1af359ad2fff6c43bbb5b1335392343e9a9ff5aeb42b933633a35288
221,1495.36437,0.0149536437,0x4d1a5c0cbb5a9d0ceb11268478adf40f71d22d78,2017-10-21T05:23:51.000Z,0.00001,0x8b182a4526944fa498970732a69a95d281c3c8a9,sell,0x76e82406a5040b605c6d30caf4802e7eb3184bbc,0xff212c1a512cf5f0c6ec87d2e623b3e4adf1f4600abfdc73174ce64df5bc153b
222,1500,0.0105,0x8b182a4526944fa498970732a69a95d281c3c8a9,2017-10-21T05:19:45.000Z,0.000007,0x4d1a5c0cbb5a9d0ceb11268478adf40f71d22d78,buy,0x76e82406a5040b605c6d30caf4802e7eb3184bbc,0xe9a486eb62f234eb88a0fedd432f31c4bf6d9536ab206afc3c29fda5def7970e
223,12000,0.084,0x02f3f615dad26e296bec71632d7d3fdb702dae7c,2017-10-21T05:19:17.000Z,0.000007,0x4d1a5c0cbb5a9d0ceb11268478adf40f71d22d78,buy,0x76e82406a5040b605c6d30caf4802e7eb3184bbc,0x55c635bd000088394516f9c497f71464506de0c15eaadc9904187fa86384e29d
224,12000,0.084,0x02f3f615dad26e296bec71632d7d3fdb702dae7c,2017-10-21T05:17:37.000Z,0.000007,0x4d1a5c0cbb5a9d0ceb11268478adf40f71d22d78,buy,0x76e82406a5040b605c6d30caf4802e7eb3184bbc,0x8cb0b1c28326fb00535df17fd83dd129752d953af7823f7fc8adb32387b0d627
225,6000,0.042,0xf757f42ac03f16b9d0e4ec16ba096e1a02bd746b,2017-10-21T05:00:32.000Z,0.000007,0x4d1a5c0cbb5a9d0ceb11268478adf40f71d22d78,buy,0x76e82406a5040b605c6d30caf4802e7eb3184bbc,0x932919e60274a97ebe144bfd4fe6fdcce7adfdb217eef055ee06898c85dd821e
226,1994.017946,0.01994017946,0x4d1a5c0cbb5a9d0ceb11268478adf40f71d22d78,2017-10-21T04:46:08.000Z,0.00001,0x1d5321e125f6c7079a716705541c7b371ca79e69,sell,0x76e82406a5040b605c6d30caf4802e7eb3184bbc,0x2c1eabe5fc3f41d03ba907e17b24cf5ddb6257c3160058ea488c64024a4f3223
227,2000,0.014,0x1d5321e125f6c7079a716705541c7b371ca79e69,2017-10-21T04:46:08.000Z,0.000007,0x4d1a5c0cbb5a9d0ceb11268478adf40f71d22d78,buy,0x76e82406a5040b605c6d30caf4802e7eb3184bbc,0x2c1eabe5fc3f41d03ba907e17b24cf5ddb6257c3160058ea488c64024a4f3223
228,8000,0.056,0xf757f42ac03f16b9d0e4ec16ba096e1a02bd746b,2017-10-21T04:43:18.000Z,0.000007,0x4d1a5c0cbb5a9d0ceb11268478adf40f71d22d78,buy,0x76e82406a5040b605c6d30caf4802e7eb3184bbc,0x472e4626ef6b3bef93ce3e7349775dc73cb42ff0bfb0bf6284036d90610dc5cd
229,12000,0.084,0xf757f42ac03f16b9d0e4ec16ba096e1a02bd746b,2017-10-21T04:34:43.000Z,0.000007,0x4d1a5c0cbb5a9d0ceb11268478adf40f71d22d78,buy,0x76e82406a5040b605c6d30caf4802e7eb3184bbc,0x94ddf5696e90fea51c607caa4dc1d9366d9b7040a6bbdc8cdc3ff9855669e526
230,3000,0.021,0x1d5321e125f6c7079a716705541c7b371ca79e69,2017-10-20T22:31:26.000Z,0.000007,0x4d1a5c0cbb5a9d0ceb11268478adf40f71d22d78,buy,0x76e82406a5040b605c6d30caf4802e7eb3184bbc,0x0f9793b295e045e0bba05b28ef798391b515fcee0c4dd8be754c3653c13bf210
231,2991.026919,0.02991026919,0x4d1a5c0cbb5a9d0ceb11268478adf40f71d22d78,2017-10-20T22:31:26.000Z,0.00001,0x1d5321e125f6c7079a716705541c7b371ca79e69,sell,0x76e82406a5040b605c6d30caf4802e7eb3184bbc,0x0f9793b295e045e0bba05b28ef798391b515fcee0c4dd8be754c3653c13bf210
232,8000,0.056,0x1d5321e125f6c7079a716705541c7b371ca79e69,2017-10-20T20:41:25.000Z,0.000007,0x4d1a5c0cbb5a9d0ceb11268478adf40f71d22d78,buy,0x76e82406a5040b605c6d30caf4802e7eb3184bbc,0xb91be3c1434931ae70734a83bf0b7286c4dd746d59f3cf42f5594d68c99ec218
233,7976.071784,0.063808574272,0x4d1a5c0cbb5a9d0ceb11268478adf40f71d22d78,2017-10-20T20:41:25.000Z,0.000008,0x1d5321e125f6c7079a716705541c7b371ca79e69,sell,0x76e82406a5040b605c6d30caf4802e7eb3184bbc,0xb91be3c1434931ae70734a83bf0b7286c4dd746d59f3cf42f5594d68c99ec218
234,3000,0.03,0x4d1a5c0cbb5a9d0ceb11268478adf40f71d22d78,2017-10-19T22:58:04.000Z,0.00001,0x4d1a5c0cbb5a9d0ceb11268478adf40f71d22d78,buy,0x76e82406a5040b605c6d30caf4802e7eb3184bbc,0x29bc7b246c61a98e9a2921297ee14113b8050bda3702a1469ca6064e2b53ff13
235,1000,0.01,0xe69c0ec93893cb3ddd03b390c8bb206290b057f4,2017-10-09T00:01:40.000Z,0.00001,0xe69c0ec93893cb3ddd03b390c8bb206290b057f4,buy,0x76e82406a5040b605c6d30caf4802e7eb3184bbc,0x44aec3b2541969412b52274b139a08bd220bdd397454c13157296e329f128ac4
