,amount,amountBase,buyer,date,price,seller,side,tokenAddr,txHash
0,1438.8596151074414,0.002172678018812236,0x87983902d569e393bc1eca07b076df9dbcfb5ec7,2017-11-01T17:16:59.000Z,0.00000150999999999999,0xb1dc1e7675ded0f5185f2e005287ca8d6cb03906,sell,0x64c86899bc02dd9af823b131e5acd4369f72bd39,0x47f49dedc689d45b7d3157274ce97f285c8e0347d9d0de1087afe0ed10731e57
1,2500,0.00725,0xb85d14ab22a69276e57f24130ce4215e5ffe7dc0,2017-11-01T01:33:20.000Z,0.0000029,0x68ca7fc4bfc3bb2a9cf6f45736dcadc2c427c5a0,buy,0x64c86899bc02dd9af823b131e5acd4369f72bd39,0xec90223c42107e20ae3b36043fee01d1b9c6454d8e1b75d9fc003b4195b3de9e
2,300,0.0009,0x0b773d7819259d78757b26dc4148812d35676d8f,2017-10-31T13:23:44.000Z,0.000003,0x905312a807dc2daa2b7aa65839c7a8d6ef3e0ea2,buy,0x64c86899bc02dd9af823b131e5acd4369f72bd39,0xe7a98c98a1fc0afe5abe1e509e8fd2f7478a38872b170accc7e353e77531e13c
3,3000,0.004542,0x78b0e4933f5b7d90102367e28efcde256998411e,2017-10-31T12:15:46.000Z,0.000001514,0xf017b2648063bc3d3e25da945c0ac4d15bd16bba,sell,0x64c86899bc02dd9af823b131e5acd4369f72bd39,0x331fb08833c29e9bb1c33a3d7bdc4c4f5dfd31ac8877c7810a725ab3e537b3af
4,4556.679920085726,0.014581375744274322,0x905312a807dc2daa2b7aa65839c7a8d6ef3e0ea2,2017-10-31T09:44:50.000Z,0.0000032,0xb1dc1e7675ded0f5185f2e005287ca8d6cb03906,buy,0x64c86899bc02dd9af823b131e5acd4369f72bd39,0x5b59731c739ef0fab311fe3ec30915980f2066cba8d9d76539eac907b054301f
5,57500,0.08625,0x1a98b91d4bf41cb018af83349fb9b0409c4cad72,2017-10-29T09:10:00.000Z,0.0000015,0x905312a807dc2daa2b7aa65839c7a8d6ef3e0ea2,sell,0x64c86899bc02dd9af823b131e5acd4369f72bd39,0x7d2ef9bf4494fa813a94fb651254d347f9ca1a73de5f0a23c2e3e23242c66647
6,30000,0.0363,0x68ca7fc4bfc3bb2a9cf6f45736dcadc2c427c5a0,2017-10-29T05:47:39.000Z,0.00000121,0x905312a807dc2daa2b7aa65839c7a8d6ef3e0ea2,sell,0x64c86899bc02dd9af823b131e5acd4369f72bd39,0x9f211004564231d678a3c51d6155fe6e62da54d44af21bedba40eb5f1a139100
7,41027.8137772904,0.04943851560163493,0x927a4460df1ba655363dde2fe1b2a07d3a209e83,2017-10-29T02:12:32.000Z,0.00000120499999999999,0x905312a807dc2daa2b7aa65839c7a8d6ef3e0ea2,sell,0x64c86899bc02dd9af823b131e5acd4369f72bd39,0x3582c41f27b07a2e8397051016f0801e5799ecee3ea112cdb015c084803baabc
8,8972.1862227096,0.010811484398365068,0x927a4460df1ba655363dde2fe1b2a07d3a209e83,2017-10-29T01:14:14.000Z,0.00000120499999999999,0x1c2dab0bc25205e34c7787ccf5f20b9a20b0b410,sell,0x64c86899bc02dd9af823b131e5acd4369f72bd39,0x4d57de94686390cb7f0e1c59fb5bb92a9bc80a5c615dbe85e22a2b69124e5f58
9,5000,0.007505,0x971f30c325d9924ad472adf0bf98702502baad93,2017-10-28T18:42:22.000Z,0.000001501,0x888d1964bb7be8c18c4ad550ebdab83103e02fb0,sell,0x64c86899bc02dd9af823b131e5acd4369f72bd39,0xcdcd23b695ce91a0c78b966f93178c6a4fd5eb05eb499dd4ee61cf77a3ec2ab4
10,399998.9,1.9999945,0x905312a807dc2daa2b7aa65839c7a8d6ef3e0ea2,2017-10-28T03:03:16.000Z,0.000005,0x4964e6b436e602120f702563524fd538b98d649a,buy,0x64c86899bc02dd9af823b131e5acd4369f72bd39,0x22424b129cfbc82a4c01efb6fcfb6b899d2dc041919fdf7cae09ab39590fd9f0
11,4933.50674716772,0.00594980913708427,0x035392de57aa4fe343d86494103dbe1b068a56c6,2017-10-27T17:31:57.000Z,0.00000120599999999999,0x096267c09714c42bd30554a12976ea4fa2b78d9c,sell,0x64c86899bc02dd9af823b131e5acd4369f72bd39,0x8eca6cc5d5a0b7399893ff89200bd0d9fe6c5438bd9773c8fdd376fa6fe474d7
12,4933.50674716772,0.00594980913708427,0x035392de57aa4fe343d86494103dbe1b068a56c6,2017-10-27T17:30:51.000Z,0.00000120599999999999,0x096267c09714c42bd30554a12976ea4fa2b78d9c,sell,0x64c86899bc02dd9af823b131e5acd4369f72bd39,0x8eca6cc5d5a0b7399893ff89200bd0d9fe6c5438bd9773c8fdd376fa6fe474d7
13,8006.180839397866,0.0120092712590968,0xf7a3886fa2e983d8894b8367aabcf1f8dae1f02b,2017-10-27T17:29:41.000Z,0.00000149999999999999,0x096267c09714c42bd30554a12976ea4fa2b78d9c,sell,0x64c86899bc02dd9af823b131e5acd4369f72bd39,0xe0f3329403898bf1129c544a2a08cdd2b8f70ee0cd84cfe3f5a2d7f516df007e
14,5000,0.006035,0x035392de57aa4fe343d86494103dbe1b068a56c6,2017-10-27T17:29:41.000Z,0.000001207,0x096267c09714c42bd30554a12976ea4fa2b78d9c,sell,0x64c86899bc02dd9af823b131e5acd4369f72bd39,0xe8b7af54ccf1f51c9e5c099b4b6d310b828ff23813bed2fa529ec5aa33df3f62
15,1993.8191606021335,0.0029907287409032,0xf7a3886fa2e983d8894b8367aabcf1f8dae1f02b,2017-10-27T10:35:14.000Z,0.00000149999999999999,0x242c1f16f74360a3414b48f690e0e476e1bffbe8,sell,0x64c86899bc02dd9af823b131e5acd4369f72bd39,0xc2610e10a393700825deaf0f77a917d81a2ac7ba0cc8bed4388b0b6ca141514a
16,2500,0.015,0xb85d14ab22a69276e57f24130ce4215e5ffe7dc0,2017-10-25T13:42:59.000Z,0.000006,0xf7a3886fa2e983d8894b8367aabcf1f8dae1f02b,buy,0x64c86899bc02dd9af823b131e5acd4369f72bd39,0x93c06072574b8578aed1a6a0fc304ce639b08686b57cba6df0adab41b5fb2532
17,24922.73950752667,0.02993221014853953,0xf36990a2cb4d609e0a7d4f3bf884c0342d81fd3d,2017-10-25T11:15:52.000Z,0.00000120099999999999,0x924c5735988a01b26faae86546a2be910727c43a,sell,0x64c86899bc02dd9af823b131e5acd4369f72bd39,0x82d2532aa021c9861dfa23539eef10d6e3bb182813f623be29435e82bfc20e6d
18,1999.496,0.01197698104,0x179c6ae2129da08767391429911ef1ea32c7b6d4,2017-10-23T03:10:15.000Z,0.00000599,0x971f30c325d9924ad472adf0bf98702502baad93,buy,0x64c86899bc02dd9af823b131e5acd4369f72bd39,0xdbc7d0d5077d3f411cd4805883558ba746e7ec75550fda31eb652d6a74d265ce
19,3489.1835310537335,0.004218422889043963,0x6afc2d3e5bda7402f3e6279692709be8f100006d,2017-10-23T02:07:57.000Z,0.00000120899999999999,0xcd07679a857c49b6cc0b1181a57a2f480a8ddf50,sell,0x64c86899bc02dd9af823b131e5acd4369f72bd39,0xfb4271a3e5ce7bdf120018eafc5ce277f089d9eaaa2408f09e1fb69b4498291b
20,400,0.00236,0xf23aef11371f7bdc43a3350d57e2fe4e60722f20,2017-10-22T12:22:15.000Z,0.0000059,0xf1527fd87461f89831ba9fc0d04e28c7dcbcb686,buy,0x64c86899bc02dd9af823b131e5acd4369f72bd39,0x133ef3dac0a9a3a604556bd2bc7362bf80550091e62f30b864302c407806b85a
21,58465.967282174955,0.07080228637871387,0x6afc2d3e5bda7402f3e6279692709be8f100006d,2017-10-21T20:08:38.000Z,0.00000121099999999999,0x0087fb9365e95348cc4627a361ae4b4e931acbed,sell,0x64c86899bc02dd9af823b131e5acd4369f72bd39,0xe5f6c1c2deaa7eaeced42d0ee4d2ce391d20c1036a8b9f223b5fade03e4e4220
22,1,0.000005,0x6cdea8e07bf82d7a07dbf36642d6e5be8623845c,2017-10-20T10:32:03.000Z,0.000005,0x971f30c325d9924ad472adf0bf98702502baad93,buy,0x64c86899bc02dd9af823b131e5acd4369f72bd39,0x70781cc010407e6da14263425449dacca382e89fb1a59baa3d92a175e3542761
23,1,0.000006,0x3ac636ac5c3a2576156ac5f10066ca68abe0ad54,2017-10-20T04:54:21.000Z,0.000006,0x4964e6b436e602120f702563524fd538b98d649a,buy,0x64c86899bc02dd9af823b131e5acd4369f72bd39,0x17caea5f7e3577db80b036237d31aabb0cb439a8ccd1f805c06cd22563643026
24,1,0.000006,0x3ac636ac5c3a2576156ac5f10066ca68abe0ad54,2017-10-20T04:54:19.000Z,0.000006,0x4964e6b436e602120f702563524fd538b98d649a,buy,0x64c86899bc02dd9af823b131e5acd4369f72bd39,0x17caea5f7e3577db80b036237d31aabb0cb439a8ccd1f805c06cd22563643026
25,2000,0.008336,0x971f30c325d9924ad472adf0bf98702502baad93,2017-10-17T17:19:29.000Z,0.000004168,0x096267c09714c42bd30554a12976ea4fa2b78d9c,sell,0x64c86899bc02dd9af823b131e5acd4369f72bd39,0x778949b9b934ac354578c37d356dc29739ebd81d27fd909db60710d4e73b0880
26,100,0.0010001,0x0087fb9365e95348cc4627a361ae4b4e931acbed,2017-10-15T14:09:35.000Z,0.000010001,0xedf38c384f204a4d7862283e531fabe5e203f26b,sell,0x64c86899bc02dd9af823b131e5acd4369f72bd39,0xdd708712ab266eaac2904c2d528b615037b470561e2aa4570d348d67ab06614e
27,100,0.0010002,0x0087fb9365e95348cc4627a361ae4b4e931acbed,2017-10-15T14:09:29.000Z,0.000010002,0xedf38c384f204a4d7862283e531fabe5e203f26b,sell,0x64c86899bc02dd9af823b131e5acd4369f72bd39,0x076e19d8aa5439b95afce8c5ceae5c694fd5a0378ccc78fbb621656bf84c10ea
28,100,0.001005,0x0087fb9365e95348cc4627a361ae4b4e931acbed,2017-10-15T14:08:56.000Z,0.00001005,0xedf38c384f204a4d7862283e531fabe5e203f26b,sell,0x64c86899bc02dd9af823b131e5acd4369f72bd39,0xd8a21c1b7ebac9da1615f0035863bfa6b16a2add9c90c2b2ef8a310a38cff934
29,5981.4574818064,0.024930714784169077,0xedf38c384f204a4d7862283e531fabe5e203f26b,2017-10-15T14:00:20.000Z,0.00000416799999999999,0x1761ac93c035dc0f5de7c557ee609c461c7d6a38,sell,0x64c86899bc02dd9af823b131e5acd4369f72bd39,0x8ae70693ec040d55c6aaed18bad367cb2a19432ce273624adf41ec9de950e10f
30,100,0.0010172,0x0087fb9365e95348cc4627a361ae4b4e931acbed,2017-10-15T13:58:33.000Z,0.000010172,0xedf38c384f204a4d7862283e531fabe5e203f26b,sell,0x64c86899bc02dd9af823b131e5acd4369f72bd39,0x38fe60742fd1379a7c1841585a2099bee9ecbf9888939d166e8cac3fbc5c157e
31,25000,0.2475,0x8909e1a4f31fc2214ea6c4a917268b833b00c000,2017-10-15T13:49:54.000Z,0.0000099,0x22eb520ce1f1eaffade7c4ff769fff8599c1b24a,buy,0x64c86899bc02dd9af823b131e5acd4369f72bd39,0x53d2a2ce455cc13cbfa2e8bb08be42ba54b2aeb39236b692f3955d6114ff02fe
32,12733.837929653644,0.12733837929653644,0x0087fb9365e95348cc4627a361ae4b4e931acbed,2017-10-15T02:22:08.000Z,0.00000999999999999999,0x670563c34b7889e9a6aa2f4fdb7d95a2f0ddeef6,sell,0x64c86899bc02dd9af823b131e5acd4369f72bd39,0xd8486fb3fe32afdd6fe86ef4add9f2d66f7e9e35c76fafbd615899a202aa6fbb
33,4966.162070346357,0.04966162070346356,0x0087fb9365e95348cc4627a361ae4b4e931acbed,2017-10-15T00:21:56.000Z,0.00000999999999999999,0x971f30c325d9924ad472adf0bf98702502baad93,sell,0x64c86899bc02dd9af823b131e5acd4369f72bd39,0x92a1b670633c6540bf4770c4c5909d1464784a01af4fca45f5d0ccc92397e7be
34,374078.86,1.571131212,0x4964e6b436e602120f702563524fd538b98d649a,2017-10-14T22:02:38.000Z,0.0000042,0x0087fb9365e95348cc4627a361ae4b4e931acbed,sell,0x64c86899bc02dd9af823b131e5acd4369f72bd39,0xfc3556589b7f3548616ad21ac0d7434b13495400f45afa6e9de6ea3df57cabc0
35,5981.4574818064,0.02512212142358688,0x4964e6b436e602120f702563524fd538b98d649a,2017-10-14T19:07:33.000Z,0.00000419999999999999,0x390c9a8c8df06123389704967c50206034fdbef3,sell,0x64c86899bc02dd9af823b131e5acd4369f72bd39,0xdf31467ad6ad6a8c0ba478cdfc7d9dbaf026538fe103b40fda3c3a112165f082
36,1.4907430669440733,0.000006261120881165,0x4964e6b436e602120f702563524fd538b98d649a,2017-10-14T10:57:25.000Z,0.00000419999999999992,0x9d0f536dc95cde0486a8708e1af01a6e4a60e9b2,sell,0x64c86899bc02dd9af823b131e5acd4369f72bd39,0x23019f493884c1050d98fa3a00de3bf04aec5fef92dc1744081b7e3589e9ef0a
37,14953.643704516,0.0628053035589672,0x4964e6b436e602120f702563524fd538b98d649a,2017-10-14T10:52:40.000Z,0.00000419999999999999,0x9d0f536dc95cde0486a8708e1af01a6e4a60e9b2,sell,0x64c86899bc02dd9af823b131e5acd4369f72bd39,0xe4e7b0a187d8928a28209c71290681c09fbef60f7331823e01efb0ec1820352d
38,4984.547901505333,0.0209351011863224,0x4964e6b436e602120f702563524fd538b98d649a,2017-10-14T08:41:55.000Z,0.00000419999999999999,0x22eb520ce1f1eaffade7c4ff769fff8599c1b24a,sell,0x64c86899bc02dd9af823b131e5acd4369f72bd39,0x612ef7ce5fcdff65b1a58083ad73ea4e8b7acc9076e85fdcdad1b02ab20fdd19
39,14953.643704516,0.06232678696042269,0xedf38c384f204a4d7862283e531fabe5e203f26b,2017-10-14T01:16:04.000Z,0.00000416799999999999,0xeb9b1e0b8e645c67c2f471c73c962f6fff5d46aa,sell,0x64c86899bc02dd9af823b131e5acd4369f72bd39,0x35521927e8a30fdc031af2356060a33099edcbef8f0cc29c29bc1aa435bac14a
40,5981.4574818064,0.02492533147243545,0xf7a3886fa2e983d8894b8367aabcf1f8dae1f02b,2017-10-12T13:18:13.000Z,0.00000416709999999999,0x08289cf66354969aae72a0f9429da54cb4c23b84,sell,0x64c86899bc02dd9af823b131e5acd4369f72bd39,0xb176a5c9203a1be0e40ec99f04dfb2436b45c1edd0aad1b55d623763f7f0069f
41,3987.638321204267,0.01661648888445818,0xedf38c384f204a4d7862283e531fabe5e203f26b,2017-10-10T11:17:27.000Z,0.00000416699999999999,0x21e70fee23868b5c84e3cfa093990ccc1eb5d02f,sell,0x64c86899bc02dd9af823b131e5acd4369f72bd39,0x0442e229d28a0e0b50dc04088804233244c2814ac51db3f0f3cc8fe525d2a078
42,300,0.0084,0x0087fb9365e95348cc4627a361ae4b4e931acbed,2017-10-10T08:39:22.000Z,0.000028,0x670563c34b7889e9a6aa2f4fdb7d95a2f0ddeef6,sell,0x64c86899bc02dd9af823b131e5acd4369f72bd39,0x020bf349a9b6522120f7c3f3861edf5568234d84cc5b12648ebc4179c74e4fb6
43,589.3446488,0.016666666668064,0x5d5065b42bdee0274e394ba9042c21e1818c69cf,2017-10-10T08:34:18.000Z,0.00002828,0x670563c34b7889e9a6aa2f4fdb7d95a2f0ddeef6,sell,0x64c86899bc02dd9af823b131e5acd4369f72bd39,0x49609da5914728348222feffb9177026ab09ff519770cc7049344c1416534b1c
44,50,0.0014175,0x0087fb9365e95348cc4627a361ae4b4e931acbed,2017-10-10T08:31:45.000Z,0.00002835,0x670563c34b7889e9a6aa2f4fdb7d95a2f0ddeef6,sell,0x64c86899bc02dd9af823b131e5acd4369f72bd39,0x892b0da6c0e11817426a4027f3afebf1cf0c377e0c60f8dd5bce473dfd8bf0ca
45,500,0.0075,0xf187eb34073c29ed27a39fb07f3cdd5ad75c99be,2017-10-10T01:56:31.000Z,0.000015,0x0087fb9365e95348cc4627a361ae4b4e931acbed,sell,0x64c86899bc02dd9af823b131e5acd4369f72bd39,0xbae23f48e1819d7a6d3abda8c91ae8816d93f3dc99d22087b6b15e8a75023d36
46,4981.55717276443,0.007985436147941382,0x971f30c325d9924ad472adf0bf98702502baad93,2017-10-09T15:41:22.000Z,0.00000160299999999999,0x76e059c6ff6bf9fffd5f33afdf4ab2fd511c9df4,sell,0x64c86899bc02dd9af823b131e5acd4369f72bd39,0x51c6e162467a1bd26011add9caeaee8155f461d1958e9a689a8f18795b3c5d5d
47,1000,0.001604,0xdaa6dbe69b63df377d4f92914883544426fd9081,2017-10-09T15:39:22.000Z,0.000001604,0x76e059c6ff6bf9fffd5f33afdf4ab2fd511c9df4,sell,0x64c86899bc02dd9af823b131e5acd4369f72bd39,0x04f814afd631c9a06422b46ad65963aa47241a9f412a31717676f5d587811bfa
48,6000,0.09,0x1761ac93c035dc0f5de7c557ee609c461c7d6a38,2017-10-09T12:15:44.000Z,0.000015,0x65bd663927e87fac03c0c501ff7cc81f6f092ff8,buy,0x64c86899bc02dd9af823b131e5acd4369f72bd39,0x80070b04906c92b5fd5afbef9ddd56ad92742f01ceac753d4859aa78f5225785
49,262.633,0.011030586,0x0087fb9365e95348cc4627a361ae4b4e931acbed,2017-10-09T03:41:57.000Z,0.000042,0x2adef0a727f1a443d61886981c89136ca866ab33,buy,0x64c86899bc02dd9af823b131e5acd4369f72bd39,0x46de8a2d42b2f256ada8f1799d513036bc6c8cbd4e40a5017d04101fba17a5f7
50,165.9375447066475,0.006969376877679195,0x0087fb9365e95348cc4627a361ae4b4e931acbed,2017-10-09T03:33:55.000Z,0.000042,0x2adef0a727f1a443d61886981c89136ca866ab33,buy,0x64c86899bc02dd9af823b131e5acd4369f72bd39,0x85b85fd4ce9a6776d373901814cb16ac9042b1f94fb1a57e63e4470eb1dddd45
51,1000,0.042,0x9c1b289210263135a61022624bd0d525d5befa12,2017-10-09T00:22:23.000Z,0.000042,0x2adef0a727f1a443d61886981c89136ca866ab33,buy,0x64c86899bc02dd9af823b131e5acd4369f72bd39,0x7bd31a273dd487cde2e21cc0a99e4dbb0cec13f8b3ed61ffe9163dafee13b7b4
52,71.429,0.003000018,0x0087fb9365e95348cc4627a361ae4b4e931acbed,2017-10-09T00:05:15.000Z,0.000042,0x2adef0a727f1a443d61886981c89136ca866ab33,buy,0x64c86899bc02dd9af823b131e5acd4369f72bd39,0x0d71e030e9273479932e70a6574909a401090c8d0dfe3f63cd7797059f58e8c9
53,5605.958691041472,0.08408938036562208,0x16f1078c2808287e6e33ecb98f14a91ce5b14b2a,2017-10-08T21:43:19.000Z,0.00001499999999999999,0xa1719da09b61c6d1fe0b1254b7e5374904e03cc2,sell,0x64c86899bc02dd9af823b131e5acd4369f72bd39,0x29131f40cca93af921e9495cf1ef05c459989c00d5ca8448e52d2df58da498cb
54,7965.3075466055225,0.11947961319908285,0x16f1078c2808287e6e33ecb98f14a91ce5b14b2a,2017-10-08T21:26:35.000Z,0.00001499999999999999,0xcc076a3dfe85c239e8b28ed75cce9959f8b3b360,sell,0x64c86899bc02dd9af823b131e5acd4369f72bd39,0xb6ad6894fee07a7d1262eb6cb93f9312ae62d85a8c7b152faf2e57572456cfff
55,5277.740615170787,0.22166510583717305,0x0087fb9365e95348cc4627a361ae4b4e931acbed,2017-10-08T20:42:34.000Z,0.00004199999999999999,0xa1719da09b61c6d1fe0b1254b7e5374904e03cc2,sell,0x64c86899bc02dd9af823b131e5acd4369f72bd39,0xcdd590f932da68263257ad6bb97e8ed09cbf2c1a54d11a7bc3ecf66444cc3c6d
56,9000,0.378,0x0087fb9365e95348cc4627a361ae4b4e931acbed,2017-10-08T20:28:02.000Z,0.000042,0xa1719da09b61c6d1fe0b1254b7e5374904e03cc2,sell,0x64c86899bc02dd9af823b131e5acd4369f72bd39,0xada029b5a29df54c13c909d7165481314238285a491d8049dd7c62f10a9c64e5
57,907.459,0.038113278,0x0087fb9365e95348cc4627a361ae4b4e931acbed,2017-10-08T20:05:26.000Z,0.000042,0x2adef0a727f1a443d61886981c89136ca866ab33,buy,0x64c86899bc02dd9af823b131e5acd4369f72bd39,0x68648f6df3ca3346d8b57ae832f01ed95ffa52ddbf05c0eb54861c48adaf0f47
58,42526.169,0.637892535,0x16f1078c2808287e6e33ecb98f14a91ce5b14b2a,2017-10-08T20:03:57.000Z,0.000015,0x0087fb9365e95348cc4627a361ae4b4e931acbed,sell,0x64c86899bc02dd9af823b131e5acd4369f72bd39,0x286010d2a791b9300c67520fe96e897244b615c9cdcad20026366b3ac1ea8994
59,44.921707872262644,0.001886711730635031,0x0087fb9365e95348cc4627a361ae4b4e931acbed,2017-10-08T20:01:19.000Z,0.000042,0x2adef0a727f1a443d61886981c89136ca866ab33,buy,0x64c86899bc02dd9af823b131e5acd4369f72bd39,0xe3fda3747aec8a1ca0a03fcc92f1410dc8a8533b512ade7cd9485b30221a9d12
60,47.619,0.001999998,0x0087fb9365e95348cc4627a361ae4b4e931acbed,2017-10-08T19:45:29.000Z,0.000042,0x2adef0a727f1a443d61886981c89136ca866ab33,buy,0x64c86899bc02dd9af823b131e5acd4369f72bd39,0x43f2a5e5b66506fc3da1683cbdcd5dba8fdf52acdc80b4aca93de54c8c3eb8ff
61,1,0.000044,0x0087fb9365e95348cc4627a361ae4b4e931acbed,2017-10-08T19:37:09.000Z,0.000044,0xc2962211e0349ad7e5b0cb6c4d358c1fbfaedae8,buy,0x64c86899bc02dd9af823b131e5acd4369f72bd39,0x4d59237cf5191d49a37b38c19ce701b5209eb6f734e07b9cb75cb00c52e7f92c
62,7473.831123517097,0.11210746685275645,0x16f1078c2808287e6e33ecb98f14a91ce5b14b2a,2017-10-08T19:33:27.000Z,0.00001499999999999999,0x503e91a190fbc43485215c017ee77d5dcd7029a6,sell,0x64c86899bc02dd9af823b131e5acd4369f72bd39,0x76855c42e98d27c3a470b2ed45156233bbb87f3d286dc9b3a7577a4ee1fb04af
63,7473.831123517097,0.11210746685275645,0x16f1078c2808287e6e33ecb98f14a91ce5b14b2a,2017-10-08T19:33:05.000Z,0.00001499999999999999,0x503e91a190fbc43485215c017ee77d5dcd7029a6,sell,0x64c86899bc02dd9af823b131e5acd4369f72bd39,0x76855c42e98d27c3a470b2ed45156233bbb87f3d286dc9b3a7577a4ee1fb04af
64,1000,0.019,0x0087fb9365e95348cc4627a361ae4b4e931acbed,2017-10-08T19:23:25.000Z,0.000019,0x503e91a190fbc43485215c017ee77d5dcd7029a6,sell,0x64c86899bc02dd9af823b131e5acd4369f72bd39,0x9a88d4dbe71db12cc0c5d99294895d257b308806938f56b422e3708b5b55b4b0
65,1500,0.02977983,0x0087fb9365e95348cc4627a361ae4b4e931acbed,2017-10-08T18:58:45.000Z,0.00001985322,0x503e91a190fbc43485215c017ee77d5dcd7029a6,buy,0x64c86899bc02dd9af823b131e5acd4369f72bd39,0xd2b6602caadddadcfdc69771175f767aa3688e87ec297bd8201336035b67b1e6
66,272.727,0.011999988,0x0087fb9365e95348cc4627a361ae4b4e931acbed,2017-10-08T18:55:09.000Z,0.000044,0xc2962211e0349ad7e5b0cb6c4d358c1fbfaedae8,buy,0x64c86899bc02dd9af823b131e5acd4369f72bd39,0x15a8b56be581fcefb6e4b7b6e74074f205b8dfb771e7ccc22acf20cfaa62dac7
67,7500,0.15,0x0087fb9365e95348cc4627a361ae4b4e931acbed,2017-10-08T18:50:06.000Z,0.00002,0x503e91a190fbc43485215c017ee77d5dcd7029a6,buy,0x64c86899bc02dd9af823b131e5acd4369f72bd39,0xab016451d30de32259700cc32e2b0ee1b03ea80b86d8da33f262b17e0096ae5a
68,2500,0.05,0x0087fb9365e95348cc4627a361ae4b4e931acbed,2017-10-08T18:39:32.000Z,0.00002,0x503e91a190fbc43485215c017ee77d5dcd7029a6,buy,0x64c86899bc02dd9af823b131e5acd4369f72bd39,0x23ad240ab9102e48c8368f67136d70380ab001a36d68874963745f6eacb914db
69,1,0.001,0x0087fb9365e95348cc4627a361ae4b4e931acbed,2017-10-08T18:35:39.000Z,0.001,0x89d5d673b99e89ce7f8a6f9dec80812db80e9944,buy,0x64c86899bc02dd9af823b131e5acd4369f72bd39,0x5a6df5e3bf8b93d4f3f303846dbe58ab912a105ace387f87f3baa4cc01d6011f
70,20000,0.2,0x503e91a190fbc43485215c017ee77d5dcd7029a6,2017-10-08T18:20:46.000Z,0.00001,0xa1719da09b61c6d1fe0b1254b7e5374904e03cc2,sell,0x64c86899bc02dd9af823b131e5acd4369f72bd39,0xcfee68f09f5fe620791a8e2058b7b210af7286c698fedd99f137988f685d1840
71,1.089,0.000049005,0x0087fb9365e95348cc4627a361ae4b4e931acbed,2017-10-08T18:17:31.000Z,0.000045,0xa1719da09b61c6d1fe0b1254b7e5374904e03cc2,buy,0x64c86899bc02dd9af823b131e5acd4369f72bd39,0x47c34d94cd4225f868b71cfcfed203ad8d781ad854993828cc0d1bc0714d559f
72,2000,0.1,0x242c1f16f74360a3414b48f690e0e476e1bffbe8,2017-10-08T16:25:43.000Z,0.00005,0x2adef0a727f1a443d61886981c89136ca866ab33,buy,0x64c86899bc02dd9af823b131e5acd4369f72bd39,0xad09338d1d2b7488c6a18087bebb9b33b0b0fdd54c57173d2c17e62a1ff9a13e
73,10,0.0006,0x0024a5046fd95c5eee6db19a69ef7ed3bacd50f1,2017-10-08T11:41:37.000Z,0.00006,0xcc076a3dfe85c239e8b28ed75cce9959f8b3b360,buy,0x64c86899bc02dd9af823b131e5acd4369f72bd39,0x9311c559615fc490cab89cf3f922347e1cf5cc42b8d15f46c7b58a27dbfb1836
