,amount,amountBase,buyer,date,price,seller,side,tokenAddr,txHash
0,1,0.00066,0x422d7c1f2f04e7582163d1381a436516f4de3c2a,2017-11-02T15:28:48.000Z,0.00066,0x317b707f515f89e540cb755b04921224ba546a96,buy,0x7d4b8cce0591c9044a22ee543533b72e976e36c3,0x59f3c568dff45c1bb779508285ec7b4e0ab09026a9fd7931a7535cdda88bcbc1
1,0.00000703508601729,0.00000000408034989,0x891e8ebd0430ab4360b7b74996c2aee650a960d9,2017-11-02T15:28:19.000Z,0.0005799999999959915,0xb00548770ea87482f024cd4292a975fea72e8f01,sell,0x7d4b8cce0591c9044a22ee543533b72e976e36c3,0x05b2956ddb6b2da2aaaf09c83c49cf1b8a6ba3fb783363b73b34f9ef3f84aab4
2,1000,0.6,0x2a8e1ba1053d5b7da47a9e8ea47115e870592051,2017-11-02T15:12:31.000Z,0.0006,0x28845e6e3c5a350cfadf14bf263e00fd5ec42a61,sell,0x7d4b8cce0591c9044a22ee543533b72e976e36c3,0x48a1c0a7a43036a50b8a4be4c5d50716826d7f6ab26319e291c2ef4b81bd063d
3,525,0.316575,0xe693155851396785973c325eeb28e101e7761386,2017-11-02T15:12:27.000Z,0.000603,0x28845e6e3c5a350cfadf14bf263e00fd5ec42a61,sell,0x7d4b8cce0591c9044a22ee543533b72e976e36c3,0x58138ee4501266dc0c533bc24bcb7c3ed4b7c81eb745d6d336a3a4aa24fe0fbf
4,525,0.316575,0xe693155851396785973c325eeb28e101e7761386,2017-11-02T15:11:50.000Z,0.000603,0x28845e6e3c5a350cfadf14bf263e00fd5ec42a61,sell,0x7d4b8cce0591c9044a22ee543533b72e976e36c3,0x58138ee4501266dc0c533bc24bcb7c3ed4b7c81eb745d6d336a3a4aa24fe0fbf
5,1000,0.6,0x2a8e1ba1053d5b7da47a9e8ea47115e870592051,2017-11-02T15:11:50.000Z,0.0006,0x28845e6e3c5a350cfadf14bf263e00fd5ec42a61,sell,0x7d4b8cce0591c9044a22ee543533b72e976e36c3,0x48a1c0a7a43036a50b8a4be4c5d50716826d7f6ab26319e291c2ef4b81bd063d
6,3900,2.3439,0x317b707f515f89e540cb755b04921224ba546a96,2017-11-02T15:11:40.000Z,0.000601,0x28845e6e3c5a350cfadf14bf263e00fd5ec42a61,sell,0x7d4b8cce0591c9044a22ee543533b72e976e36c3,0x14b5ed44c780a42e6fdcaa95e4592d6815420327d93647ca304d84955c5610ce
7,7674.929,4.620307258,0xd59280c8ea49acd62c56d6bc5688324f07b95786,2017-11-02T15:11:15.000Z,0.000602,0x28845e6e3c5a350cfadf14bf263e00fd5ec42a61,sell,0x7d4b8cce0591c9044a22ee543533b72e976e36c3,0x74385d9e7d5fdbc54044ac3b0410ea16ec17a4fcd3d6ef766aa4cf87ab38297b
8,0.07056894783942957,0.000042482506599336,0xd59280c8ea49acd62c56d6bc5688324f07b95786,2017-11-02T15:07:45.000Z,0.0006019999999999914,0xb00548770ea87482f024cd4292a975fea72e8f01,sell,0x7d4b8cce0591c9044a22ee543533b72e976e36c3,0xb4b9260700ab2fcc53698ceb86abfaab959848f3af95e68cab8e8f3d30d79a18
9,800,0.52,0x92989eb906d40c6385c9982b08c5953cbf763ab2,2017-11-02T14:46:40.000Z,0.00065,0x28845e6e3c5a350cfadf14bf263e00fd5ec42a61,sell,0x7d4b8cce0591c9044a22ee543533b72e976e36c3,0xe669a357fe0a850872ca0ada8bc78b4e59f88df8a80925e0438aa997c182389c
10,958.029,0.6035591322261,0x4906530a2475d7ca937aca492fc46b716ea52340,2017-11-02T14:04:17.000Z,0.0006300009,0x28845e6e3c5a350cfadf14bf263e00fd5ec42a61,sell,0x7d4b8cce0591c9044a22ee543533b72e976e36c3,0x3aeb6e42cd424e21937acdc3ca6d1b342160d157848d2f24ba44e767c2c627ee
11,15000,9.45,0x2703fa5927966410fa3f4f4301a4f56467f99d38,2017-11-02T14:02:58.000Z,0.00063,0x28845e6e3c5a350cfadf14bf263e00fd5ec42a61,sell,0x7d4b8cce0591c9044a22ee543533b72e976e36c3,0x4a02b4dba82ee85408aab821ed9f492e48790ed37668db31739a5e17f687bdcf
12,15000,9.45,0x2703fa5927966410fa3f4f4301a4f56467f99d38,2017-11-02T14:02:28.000Z,0.00063,0x28845e6e3c5a350cfadf14bf263e00fd5ec42a61,sell,0x7d4b8cce0591c9044a22ee543533b72e976e36c3,0x4a02b4dba82ee85408aab821ed9f492e48790ed37668db31739a5e17f687bdcf
13,1679,1.059449,0x4906530a2475d7ca937aca492fc46b716ea52340,2017-11-02T14:00:24.000Z,0.000631,0x28845e6e3c5a350cfadf14bf263e00fd5ec42a61,sell,0x7d4b8cce0591c9044a22ee543533b72e976e36c3,0xe7295f3a4d319109a100fa9feb1edb7e9f72a662f1e7d0a5add19fd5aa6523b1
14,2000,1.28,0x9bee2c9dd89c523d797047f21e2826220b7d985b,2017-11-02T13:54:12.000Z,0.00064,0x28845e6e3c5a350cfadf14bf263e00fd5ec42a61,sell,0x7d4b8cce0591c9044a22ee543533b72e976e36c3,0x36dc86688aa74cdc3cb8468fd8f16af2fbb3a94b67d07fca57ab615c86878158
15,1500,0.97500015,0x4906530a2475d7ca937aca492fc46b716ea52340,2017-11-02T13:54:01.000Z,0.0006500001,0x28845e6e3c5a350cfadf14bf263e00fd5ec42a61,sell,0x7d4b8cce0591c9044a22ee543533b72e976e36c3,0x5a8ca9daf22c0c7ae872b4651344d23da5417523db83cb12fa4ae716497d5e20
16,4000,2.6,0x317b707f515f89e540cb755b04921224ba546a96,2017-11-02T13:54:01.000Z,0.00065,0x28845e6e3c5a350cfadf14bf263e00fd5ec42a61,sell,0x7d4b8cce0591c9044a22ee543533b72e976e36c3,0x356127609519e21c244eb160fb4d8a80e2e04b718b9d6f488ddf65a265b2657c
17,59.16566239093623,0.04542147901752174,0xb4a63631663065653d3ff3025421065cb28fbb45,2017-11-02T13:31:23.000Z,0.0007677,0x927e9be72a655782a06298ef2cc69688849e5775,buy,0x7d4b8cce0591c9044a22ee543533b72e976e36c3,0x7e12007c12368a04633c3daabfd80d744e4ed701d386eecf2dba2d7d63eec09e
18,946.4716449579923,0.6956566590441243,0xb4a63631663065653d3ff3025421065cb28fbb45,2017-11-02T13:29:26.000Z,0.000735,0x891e8ebd0430ab4360b7b74996c2aee650a960d9,buy,0x7d4b8cce0591c9044a22ee543533b72e976e36c3,0x51433b31e6fc70aaacd78cd695181864b3800b6af2149f4b8dd936c4af9af734
19,21,0.013251,0x4906530a2475d7ca937aca492fc46b716ea52340,2017-11-02T13:29:17.000Z,0.000631,0xd5f1ea2d744fdf40a2f20dfb1ee860bd287df61e,sell,0x7d4b8cce0591c9044a22ee543533b72e976e36c3,0x9c55a843809d70aaaffe612c78a3eb72fed3f9cbdf05a92911a97d22141adb8f
20,0.6550566542107266,0.000481466640844884,0xd5f1ea2d744fdf40a2f20dfb1ee860bd287df61e,2017-11-02T13:27:23.000Z,0.000735,0x891e8ebd0430ab4360b7b74996c2aee650a960d9,buy,0x7d4b8cce0591c9044a22ee543533b72e976e36c3,0x565b6bd810caf4f4cd54887ad0bb592e61a193215e99b4f52e014fa2095f8d1d
21,6570.873298387797,4.829591874315031,0xd5f1ea2d744fdf40a2f20dfb1ee860bd287df61e,2017-11-02T13:26:35.000Z,0.000735,0x891e8ebd0430ab4360b7b74996c2aee650a960d9,buy,0x7d4b8cce0591c9044a22ee543533b72e976e36c3,0x70e44264747491f7eb38633120b409bed15c3ee69761127c857ee0ee4bccfe06
22,49.354,0.0373955258,0xb4a63631663065653d3ff3025421065cb28fbb45,2017-11-02T13:26:08.000Z,0.0007577,0x1982725b6e53591a6c0d9b024ed39c78eda21c6a,buy,0x7d4b8cce0591c9044a22ee543533b72e976e36c3,0x3f37aa6f2d9d0660619489d21b16d638c0b22ac14e9fe0ac52787f60a417ba7a
23,1000,0.73,0xd5f1ea2d744fdf40a2f20dfb1ee860bd287df61e,2017-11-02T13:25:09.000Z,0.00073,0x4906530a2475d7ca937aca492fc46b716ea52340,buy,0x7d4b8cce0591c9044a22ee543533b72e976e36c3,0xd717c8b5202beab71b98aa977caa7f581ce4b29b8ca84ed331668c5ef51649fa
24,9.519783585809364,0.006378255002492274,0xe56c69c881bad6971c2e3e97085ccae498f80915,2017-11-02T13:25:09.000Z,0.00067,0x317b707f515f89e540cb755b04921224ba546a96,buy,0x7d4b8cce0591c9044a22ee543533b72e976e36c3,0x55ea780df7655d5d8d1e3b902e5998593f66f6fd60b622ee22ba6794f6b61c7c
25,1500,1.08,0xd5f1ea2d744fdf40a2f20dfb1ee860bd287df61e,2017-11-02T13:24:27.000Z,0.00072,0x4906530a2475d7ca937aca492fc46b716ea52340,buy,0x7d4b8cce0591c9044a22ee543533b72e976e36c3,0xc7f052a9298b8f21047ba5e46af8398e22540a8ed4f6ded01473684e94cdc2c3
26,5600,3.976,0xd5f1ea2d744fdf40a2f20dfb1ee860bd287df61e,2017-11-02T13:24:14.000Z,0.00071,0x317b707f515f89e540cb755b04921224ba546a96,buy,0x7d4b8cce0591c9044a22ee543533b72e976e36c3,0xac067d1f82a101fafc815547b4f2250f65296241c59f46f5536300625d31957b
27,1250,0.837501125,0xe56c69c881bad6971c2e3e97085ccae498f80915,2017-11-02T13:23:40.000Z,0.0006700009,0x4906530a2475d7ca937aca492fc46b716ea52340,buy,0x7d4b8cce0591c9044a22ee543533b72e976e36c3,0xd6f4fa9692b9df045ec54b4f02b4a50baf93258784d50ec0b62f80d5f4e7b755
28,2084.1892164141905,1.3964067749975078,0x498d256ee53d4d05269cfa1a80c3214e525076ca,2017-11-02T13:23:11.000Z,0.00067,0x317b707f515f89e540cb755b04921224ba546a96,buy,0x7d4b8cce0591c9044a22ee543533b72e976e36c3,0xb9bfa00c499200f49cfd42cd52b1468b4782bad403b59b965f94d91f243c75b9
29,1064.1587348953822,0.7449111144267675,0x8c2851e73334a54576feeb26f3f876ff9820ab40,2017-11-02T12:31:42.000Z,0.0007,0x317b707f515f89e540cb755b04921224ba546a96,buy,0x7d4b8cce0591c9044a22ee543533b72e976e36c3,0x784ede75a43d96823b742ca105b80da9944ed351a8782f9f91af1d7f5033ae69
30,15225.168976173862,8.6783463164191,0x9be13ea3d2b77fa1c111fb2b45460e68a8136a1a,2017-11-02T12:14:39.000Z,0.00057,0x4f556dc0ddf7a2ba563d1313ad20f8f6849d5bdb,sell,0x7d4b8cce0591c9044a22ee543533b72e976e36c3,0x4b4a00ade5656d92411edcfcbe40576306093fa6734b3c85ff75ad39fb48d49f
31,100,0.061,0x1319072e7048de2910ff4fe540c83177d0f4ef85,2017-11-02T12:10:59.000Z,0.00061,0x4f556dc0ddf7a2ba563d1313ad20f8f6849d5bdb,sell,0x7d4b8cce0591c9044a22ee543533b72e976e36c3,0x80cf7bc2502fe79dcd2ef5e5926f67fe29a3edb78e5214dfd1038a7da6745fed
32,1600,0.96,0x317b707f515f89e540cb755b04921224ba546a96,2017-11-02T12:10:59.000Z,0.0006,0x4f556dc0ddf7a2ba563d1313ad20f8f6849d5bdb,sell,0x7d4b8cce0591c9044a22ee543533b72e976e36c3,0x1c2bf6fda8092bea5152ceab15de9ba1d8bce8a48bb9e6f46872897b64733685
33,1000,0.623,0x11afbc0177e65937704095a6b7c1c53bfd0553e4,2017-11-02T12:10:59.000Z,0.000623,0x4f556dc0ddf7a2ba563d1313ad20f8f6849d5bdb,sell,0x7d4b8cce0591c9044a22ee543533b72e976e36c3,0x637cdc8c71e7f1769c3560b4335a8a1e111c08558a12927b740f5d6e3de3f1d1
34,700,0.44373,0x00b17ad3fb6332399c605d650bdf00cd456a18cf,2017-11-02T12:10:58.000Z,0.0006339,0x4f556dc0ddf7a2ba563d1313ad20f8f6849d5bdb,sell,0x7d4b8cce0591c9044a22ee543533b72e976e36c3,0xaef29726c86c12da12561af9153d7957c588aa12202b2960707e156453939f19
35,50,0.0317,0x0818471d216c65c8098bcea12d0e86b2d4495059,2017-11-02T12:10:58.000Z,0.000634,0x4f556dc0ddf7a2ba563d1313ad20f8f6849d5bdb,sell,0x7d4b8cce0591c9044a22ee543533b72e976e36c3,0x7dd3e9f48ca75ebfdba1dad854f7de3d35f65c6ee48ba0d4c536e99717aeaec2
36,11,0.00704,0xa41f6028d1977d44c6e161a5f01572417236515d,2017-11-02T12:10:28.000Z,0.00064,0x4f556dc0ddf7a2ba563d1313ad20f8f6849d5bdb,sell,0x7d4b8cce0591c9044a22ee543533b72e976e36c3,0xe993cab19495444f2522c46093615cb559a7b406c7bad4a96910558d558bef18
37,499.972,0.3249818,0x787e6870754cc306c1758db62dc6cd334ba76345,2017-11-02T12:08:03.000Z,0.00065,0x28845e6e3c5a350cfadf14bf263e00fd5ec42a61,sell,0x7d4b8cce0591c9044a22ee543533b72e976e36c3,0x3ab3eb87cf47ef0ae40abf5d4ceb67edba0f87bd780d5ea4d8153e85df512212
38,4734,3.07714734,0xb4a63631663065653d3ff3025421065cb28fbb45,2017-11-02T12:06:40.000Z,0.00065001,0x28845e6e3c5a350cfadf14bf263e00fd5ec42a61,sell,0x7d4b8cce0591c9044a22ee543533b72e976e36c3,0x353db0be4223c319b3161ab6c386e5818cffb54e2bb2f4ee1d5da6ddfd7bd498
39,242.13251234842147,0.16949275864389504,0xf3a627891a800fadbaba7c7787b69ae324bc7f4b,2017-11-02T11:36:24.000Z,0.0007,0x317b707f515f89e540cb755b04921224ba546a96,buy,0x7d4b8cce0591c9044a22ee543533b72e976e36c3,0x9adf292b406e8138873d01f854c621810f8178a51240d1e153b7b004366987d9
40,0.02797876260171518,0.000018186195691114,0x787e6870754cc306c1758db62dc6cd334ba76345,2017-11-02T11:34:16.000Z,0.0006499999999999691,0xf3a627891a800fadbaba7c7787b69ae324bc7f4b,sell,0x7d4b8cce0591c9044a22ee543533b72e976e36c3,0xbdc338e107f436342f3ce0dbf35933c9d6df518cd3444ed57d194d9e77ecb8bd
41,1000,0.65,0x787e6870754cc306c1758db62dc6cd334ba76345,2017-11-02T11:03:35.000Z,0.00065,0x1982725b6e53591a6c0d9b024ed39c78eda21c6a,sell,0x7d4b8cce0591c9044a22ee543533b72e976e36c3,0xcba197200597b9d1ef6e661bd4d5fe8a2087f854d6cc8ad7bb6cb523748bc6c2
42,3400,2.176,0x317b707f515f89e540cb755b04921224ba546a96,2017-11-02T11:02:41.000Z,0.00064,0x1982725b6e53591a6c0d9b024ed39c78eda21c6a,sell,0x7d4b8cce0591c9044a22ee543533b72e976e36c3,0xde519fef36f0c0fbfa7bde4a7ecdb8e0fe68917549450373fd5efe9ec6f95d9e
43,170,0.11764,0x6f53cd6b4ec77f135a01c3d4d391c8e534bdda25,2017-11-02T11:01:25.000Z,0.000692,0x1982725b6e53591a6c0d9b024ed39c78eda21c6a,sell,0x7d4b8cce0591c9044a22ee543533b72e976e36c3,0x0bafe7f38d1453615bb288bdd144c93a6b26117fd99d07be059a2c2da21351eb
44,100,0.07,0x1319072e7048de2910ff4fe540c83177d0f4ef85,2017-11-02T10:59:38.000Z,0.0007,0x1982725b6e53591a6c0d9b024ed39c78eda21c6a,sell,0x7d4b8cce0591c9044a22ee543533b72e976e36c3,0x116af94180a9b676e21f33a850dcd1127347da8fe515c724b31b2e29c56867a4
45,7518,4.99947,0x891e8ebd0430ab4360b7b74996c2aee650a960d9,2017-11-02T10:51:09.000Z,0.000665,0xad2aeab91aa733509e152dbed4d78fc9f7ea53d0,sell,0x7d4b8cce0591c9044a22ee543533b72e976e36c3,0xf14c7fac22c221b0e2c8a74c72e20e810eb85672101d8070cbb9c29593a80da0
46,2885,1.999305,0x6c58628443f988adad86d2b174030ee1f8b84daf,2017-11-02T10:51:09.000Z,0.000693,0xad2aeab91aa733509e152dbed4d78fc9f7ea53d0,sell,0x7d4b8cce0591c9044a22ee543533b72e976e36c3,0xd4d29d2844a0d6bd521308b8d5e40e59580a16e03847be61046d61b138016b39
47,13,0.0098501,0x42e4510bb46063f5142cf562ae913d95130b82ea,2017-11-02T10:46:55.000Z,0.0007577,0x1982725b6e53591a6c0d9b024ed39c78eda21c6a,buy,0x7d4b8cce0591c9044a22ee543533b72e976e36c3,0xdd186ae76cda5bbe907210b5e50cc078b904bc907dfc344fd355e8d7abebbc8e
48,4000,2.8,0x317b707f515f89e540cb755b04921224ba546a96,2017-11-02T10:46:35.000Z,0.0007,0xad2aeab91aa733509e152dbed4d78fc9f7ea53d0,sell,0x7d4b8cce0591c9044a22ee543533b72e976e36c3,0x670ec87ac69e73ea1dd5b932714d21e23b7ba60112f9fdaf7c796553e7664e19
49,116.53797624178372,0.08830082459839954,0x42e4510bb46063f5142cf562ae913d95130b82ea,2017-11-02T10:41:02.000Z,0.0007577,0x1982725b6e53591a6c0d9b024ed39c78eda21c6a,buy,0x7d4b8cce0591c9044a22ee543533b72e976e36c3,0x15d6685908ba35d9bad34858e7671a4419633826717a40219af0abbb1c418fd3
50,170,0.119000017,0x4906530a2475d7ca937aca492fc46b716ea52340,2017-11-02T10:13:52.000Z,0.0007000001,0x28845e6e3c5a350cfadf14bf263e00fd5ec42a61,sell,0x7d4b8cce0591c9044a22ee543533b72e976e36c3,0xd2430ea47614dd7072135a04827c90b05775cdc3d833861d30c3a44415e0b448
51,1450,1.015,0x0a7914e4aa693e40dd5e55c78f72568be0c52884,2017-11-02T10:05:21.000Z,0.0007,0x28845e6e3c5a350cfadf14bf263e00fd5ec42a61,sell,0x7d4b8cce0591c9044a22ee543533b72e976e36c3,0xaba4d9ba473fd95443ce50ba55aa2e46328907c362c481bbbadfd2dc0092be47
52,700,0.490007,0xd132b7bcd51833705a0db04111fa12021878110f,2017-11-02T10:05:16.000Z,0.00070001,0x28845e6e3c5a350cfadf14bf263e00fd5ec42a61,sell,0x7d4b8cce0591c9044a22ee543533b72e976e36c3,0x570e11b17342ed488476841cf4fbbbb244fd23bee45e67cd74fc765e0420b29b
53,250,0.17525,0x6c15fc80882ddc2fc5334d36034b26f847b89efe,2017-11-02T10:05:01.000Z,0.000701,0x28845e6e3c5a350cfadf14bf263e00fd5ec42a61,sell,0x7d4b8cce0591c9044a22ee543533b72e976e36c3,0x35ad6e732a2b43bda555eedb7e0f7c3ffd4c11d023593231a672c47fbc452aa7
54,689.175969600115,0.4831124236072775,0x4906530a2475d7ca937aca492fc46b716ea52340,2017-11-02T10:02:51.000Z,0.0007010000999999999,0x28845e6e3c5a350cfadf14bf263e00fd5ec42a61,sell,0x7d4b8cce0591c9044a22ee543533b72e976e36c3,0x473b0fde2da29d0a85f8a758099a5db24291664cf21502dba41827486659db41
55,230,0.16146,0x1982725b6e53591a6c0d9b024ed39c78eda21c6a,2017-11-02T10:02:45.000Z,0.000702,0x28845e6e3c5a350cfadf14bf263e00fd5ec42a61,sell,0x7d4b8cce0591c9044a22ee543533b72e976e36c3,0x7d1785e1f9f518973431fad8f0851ddf2ca184bcb94e9c1b39b465dda3e13080
56,244.92672714584788,0.1738980007662247,0x4906530a2475d7ca937aca492fc46b716ea52340,2017-11-02T09:59:48.000Z,0.0007100000999999999,0x28845e6e3c5a350cfadf14bf263e00fd5ec42a61,sell,0x7d4b8cce0591c9044a22ee543533b72e976e36c3,0x3df384a948a2bd61465ce62474b3e6e0723cc30d78a373c2992dd9a9f3144880
57,485,0.34435,0xa41f6028d1977d44c6e161a5f01572417236515d,2017-11-02T09:59:48.000Z,0.00071,0x28845e6e3c5a350cfadf14bf263e00fd5ec42a61,sell,0x7d4b8cce0591c9044a22ee543533b72e976e36c3,0x0c364441dbd9bcc01f3d8ef2a0cca52052a905876a9d718af75ab1f5f7dc209d
58,815.0732728541522,0.5787021052337753,0x4906530a2475d7ca937aca492fc46b716ea52340,2017-11-02T09:56:34.000Z,0.0007100000999999999,0x23c2004ccca5b58ce773dc404be7a87ead5be805,sell,0x7d4b8cce0591c9044a22ee543533b72e976e36c3,0x337545140838a1af8e6be101243f3e469932156c377b7f33d0769e12ec61de13
59,4000,3.076,0x1003a8cac403dfea1fa06b57173bc509a509c4fd,2017-11-02T09:55:51.000Z,0.000769,0x317b707f515f89e540cb755b04921224ba546a96,buy,0x7d4b8cce0591c9044a22ee543533b72e976e36c3,0xe7459adf629de1de98b90df79c175bf807264640a4dcd2996fa009a796b87a07
60,800,0.5688,0x1982725b6e53591a6c0d9b024ed39c78eda21c6a,2017-11-02T09:54:40.000Z,0.000711,0x23c2004ccca5b58ce773dc404be7a87ead5be805,sell,0x7d4b8cce0591c9044a22ee543533b72e976e36c3,0xfa767cec2502a7c14ddc1061ba2f1a65c0192e9cd0223b1dd74a5ad1a3f46481
61,1000,0.7799,0x1982725b6e53591a6c0d9b024ed39c78eda21c6a,2017-11-02T09:48:51.000Z,0.0007799,0xad2aeab91aa733509e152dbed4d78fc9f7ea53d0,buy,0x7d4b8cce0591c9044a22ee543533b72e976e36c3,0x7acd4633dd4e5fa2b0da105546e1a9e793fb25b81d59a556c899c1a8f7516e38
62,1000,0.765,0x9bee2c9dd89c523d797047f21e2826220b7d985b,2017-11-02T09:46:35.000Z,0.000765,0xd0ddc5e388b4010a2a6f4113723aa40d120dbc51,buy,0x7d4b8cce0591c9044a22ee543533b72e976e36c3,0x16d84a48bb328904e3ff87547093bea4a1c5975c91c36174f3bb38a3cbc40de2
63,1000,0.765,0x1982725b6e53591a6c0d9b024ed39c78eda21c6a,2017-11-02T09:45:55.000Z,0.000765,0x53b9fb035001e1d4790110cfb25adcbaa92d1bc3,buy,0x7d4b8cce0591c9044a22ee543533b72e976e36c3,0x6d7bf81bf3dbf4bf8ea6b14b48c55e00362347980f691d40ae9f6373ab408e38
64,1000,0.76,0x1982725b6e53591a6c0d9b024ed39c78eda21c6a,2017-11-02T09:44:21.000Z,0.00076,0xc0b6ebf6485ff134453e537139cab5a340125287,buy,0x7d4b8cce0591c9044a22ee543533b72e976e36c3,0x5abb873df54ef8ded39fd9009963e5386d02b37b51e9d837bddbd45de1f7ae2f
65,200,0.149514,0x9bee2c9dd89c523d797047f21e2826220b7d985b,2017-11-02T09:42:13.000Z,0.00074757,0xc20ff6d41d9bc24564e57f494bf7a0fb258b485e,buy,0x7d4b8cce0591c9044a22ee543533b72e976e36c3,0x4aba5b6a50707f595f221839bcd5742b9aa2c99862ac3017db674421f608e36f
66,832.902,0.62884101,0x1982725b6e53591a6c0d9b024ed39c78eda21c6a,2017-11-02T09:41:26.000Z,0.000755,0x53b9fb035001e1d4790110cfb25adcbaa92d1bc3,buy,0x7d4b8cce0591c9044a22ee543533b72e976e36c3,0xee694e1d591c988cd40f57707d642a8cab84022479e15e775eed0fb67369dc62
67,1000,0.7550001,0x9bee2c9dd89c523d797047f21e2826220b7d985b,2017-11-02T09:36:11.000Z,0.0007550001,0x4906530a2475d7ca937aca492fc46b716ea52340,buy,0x7d4b8cce0591c9044a22ee543533b72e976e36c3,0x597a144ad74bafb5627e8d319e79ea60e4a77485b9d47dfd79c081a3f2e4b157
68,24.78683183177873,0.01871405803299294,0xb4a63631663065653d3ff3025421065cb28fbb45,2017-11-02T09:31:23.000Z,0.000755,0x53b9fb035001e1d4790110cfb25adcbaa92d1bc3,buy,0x7d4b8cce0591c9044a22ee543533b72e976e36c3,0xf56eb8b319c808cfd26d1c276bb5bf3e4ee5b263d7ee74e25c05ee9df86db992
69,142.31103904815393,0.10744483448135622,0x3ac8271988f6e52cb8f8b9894e8c3c57b0698a81,2017-11-02T09:01:12.000Z,0.000755,0x53b9fb035001e1d4790110cfb25adcbaa92d1bc3,buy,0x7d4b8cce0591c9044a22ee543533b72e976e36c3,0x89100abaf8b522c6123888e85648d1f61a92e5b5dce18fd2a85aa9c65d6740bf
70,1000,0.75,0x3ac8271988f6e52cb8f8b9894e8c3c57b0698a81,2017-11-02T08:52:33.000Z,0.00075,0xc0b6ebf6485ff134453e537139cab5a340125287,buy,0x7d4b8cce0591c9044a22ee543533b72e976e36c3,0xe2a02655f2c0be6eee3e93ee6a2952404fcc55d588cbaca4bf72ccc6a847150d
71,999.3288590604027,0.7445,0xe56c69c881bad6971c2e3e97085ccae498f80915,2017-11-02T08:31:43.000Z,0.000745,0x53b9fb035001e1d4790110cfb25adcbaa92d1bc3,buy,0x7d4b8cce0591c9044a22ee543533b72e976e36c3,0x505028538f14900b4436c3eb5d67fccd919eeb4c15b759f246f13c5193897515
72,0.6711409395973155,0.0005,0x3075f7f189912f4f425dd7021b9c396434197477,2017-11-02T08:29:15.000Z,0.000745,0x53b9fb035001e1d4790110cfb25adcbaa92d1bc3,buy,0x7d4b8cce0591c9044a22ee543533b72e976e36c3,0x482df52b4db287bcb29d92613874523612817e1e4e359ceb544543e32a93bc91
73,122.115,0.0903651,0xb4a63631663065653d3ff3025421065cb28fbb45,2017-11-02T08:22:32.000Z,0.00074,0xc0b6ebf6485ff134453e537139cab5a340125287,buy,0x7d4b8cce0591c9044a22ee543533b72e976e36c3,0xc0c9789253d08f134d3cc956cd44e2596f13a1c35609883c956ee054c886d3ce
74,0.6756756756756757,0.0005,0x4fda9e6bcd83af6c5cc771b5d20accc2b7720074,2017-11-02T08:18:07.000Z,0.00074,0xc0b6ebf6485ff134453e537139cab5a340125287,buy,0x7d4b8cce0591c9044a22ee543533b72e976e36c3,0x5f866d5462d402373724ed65ae9c63288ce69b8bf97ca3a90ea89212e34b1cf4
75,332.65998504635627,0.23319468278349426,0x4906530a2475d7ca937aca492fc46b716ea52340,2017-11-02T07:52:18.000Z,0.0007010000999999999,0x97bad7720f7b087a7adc7a0e81d96f864548201c,sell,0x7d4b8cce0591c9044a22ee543533b72e976e36c3,0x2050ae223a307964056bee9ded210c7fede43ebb0d2bad2233e5e83dcb409b20
76,50,0.0352,0x0818471d216c65c8098bcea12d0e86b2d4495059,2017-11-02T07:50:36.000Z,0.000704,0x97bad7720f7b087a7adc7a0e81d96f864548201c,sell,0x7d4b8cce0591c9044a22ee543533b72e976e36c3,0xa24a37facf271b7b61fe55f530af1e92a5a958e045b738622ea4f22a6eb6ad88
77,377.2090303841874,0.2791346824842987,0x3ac8271988f6e52cb8f8b9894e8c3c57b0698a81,2017-11-02T07:49:08.000Z,0.00074,0xc0b6ebf6485ff134453e537139cab5a340125287,buy,0x7d4b8cce0591c9044a22ee543533b72e976e36c3,0x1120957cba5adbdece57529c961934e8cd20f876c7918f7872a51f3f4a028731
78,1411.923,0.996817638,0x267975f50cbb31d33bdd60523a5d379dcb40502d,2017-11-02T07:48:46.000Z,0.000706,0x97bad7720f7b087a7adc7a0e81d96f864548201c,sell,0x7d4b8cce0591c9044a22ee543533b72e976e36c3,0x15f2a881422df98fc0a8989cb259777fa7d51379c93105aa1ac13cf126054529
79,1000,0.74,0xe693155851396785973c325eeb28e101e7761386,2017-11-02T07:34:52.000Z,0.00074,0xc0b6ebf6485ff134453e537139cab5a340125287,buy,0x7d4b8cce0591c9044a22ee543533b72e976e36c3,0xe506b0b531f33c053e7d77243eaf4a8a370ee758f7bd9b0407de6ce70f3ef664
80,1500,1.11,0xe56c69c881bad6971c2e3e97085ccae498f80915,2017-11-02T06:26:25.000Z,0.00074,0xc0b6ebf6485ff134453e537139cab5a340125287,buy,0x7d4b8cce0591c9044a22ee543533b72e976e36c3,0x8f9f58301f150f216cbd4a05db09b024d0ebb7e9ad318c005a18a4cb2317b7ab
81,1090.1206260592164,0.7696251619978068,0x267975f50cbb31d33bdd60523a5d379dcb40502d,2017-11-02T06:23:44.000Z,0.000706,0x28845e6e3c5a350cfadf14bf263e00fd5ec42a61,sell,0x7d4b8cce0591c9044a22ee543533b72e976e36c3,0xb6ff9799f21312df0af5f60e67f221cf19286de4db7b6094e9e9fc3483daa6d1
82,1500,1.0605,0x9be94371d514bfbab1a9ac26af98f95ed34b7912,2017-11-02T06:22:52.000Z,0.000707,0x28845e6e3c5a350cfadf14bf263e00fd5ec42a61,sell,0x7d4b8cce0591c9044a22ee543533b72e976e36c3,0x82e99b4c076927ba24c1f0dafa4cc82b44291d0d93b477a673a0c9b3d987a5f5
83,1431,1.07325,0x1003a8cac403dfea1fa06b57173bc509a509c4fd,2017-11-02T06:08:58.000Z,0.00075,0xaff27cba9a42f8a754ce7575c3674e62198fcbed,buy,0x7d4b8cce0591c9044a22ee543533b72e976e36c3,0x20286c044df9c639120251633041e811c1f46b766962699ac6cdf4cceb411274
84,1500,1.11,0x1003a8cac403dfea1fa06b57173bc509a509c4fd,2017-11-02T06:08:08.000Z,0.00074,0xc0b6ebf6485ff134453e537139cab5a340125287,buy,0x7d4b8cce0591c9044a22ee543533b72e976e36c3,0xe72eaaf54ad2756d81a83e75b0c32a2a1d9fe9c0c784db205a3da9fbcb3a3f55
85,1000,0.75,0x1003a8cac403dfea1fa06b57173bc509a509c4fd,2017-11-02T06:06:21.000Z,0.00075,0x53b9fb035001e1d4790110cfb25adcbaa92d1bc3,buy,0x7d4b8cce0591c9044a22ee543533b72e976e36c3,0xd376962c6dfd9ffdf7bf03a97bdd221982ea4377acd427ba88104407ee595d80
86,2000,1.4999998,0x1003a8cac403dfea1fa06b57173bc509a509c4fd,2017-11-02T06:03:43.000Z,0.0007499999,0x2ef0bb40a46f3276bdc8433d0a7ae78a83e5de12,buy,0x7d4b8cce0591c9044a22ee543533b72e976e36c3,0x625f0f2ef678e2f3064621cb60ff4816d5ae1717a416444e80d0ea0e4d0a63eb
87,497.9563353603828,0.35155717276443027,0x267975f50cbb31d33bdd60523a5d379dcb40502d,2017-11-02T06:02:05.000Z,0.000706,0xa541172261387e1440509b39638b1d6ccd1504eb,sell,0x7d4b8cce0591c9044a22ee543533b72e976e36c3,0x2456d156df4492f031a1f7ccc2627360d0ac053ba02e25c30b8cb25bfed334b7
88,143.16404535352873,0.1003580101092282,0x4906530a2475d7ca937aca492fc46b716ea52340,2017-11-02T05:27:47.000Z,0.0007010000999999999,0xb0f6d51654f7a01203a6afbea5f9e6e8221a6bce,sell,0x7d4b8cce0591c9044a22ee543533b72e976e36c3,0xbcf1d12a162e59bbf8903f0115414cd91fe6f06107f4352189db9661d3a72ed1
89,443,0.323390443,0xb49fda420b9ce7334c6446af26f06225cbecb401,2017-11-02T05:25:24.000Z,0.000730001,0xb0f6d51654f7a01203a6afbea5f9e6e8221a6bce,sell,0x7d4b8cce0591c9044a22ee543533b72e976e36c3,0x91e445d782b75eb581342c292e4eb8741699560c8b7d3715e9dff9b8dbd50408
90,1165,0.818995,0x4906530a2475d7ca937aca492fc46b716ea52340,2017-11-02T05:22:16.000Z,0.000703,0xb0f6d51654f7a01203a6afbea5f9e6e8221a6bce,sell,0x7d4b8cce0591c9044a22ee543533b72e976e36c3,0x0b69ca06f203510aca2ede159c7f693759ec23fd16c6dc184a0f4a19cfa8030b
91,2000,1.408002,0x6c15fc80882ddc2fc5334d36034b26f847b89efe,2017-11-02T05:15:33.000Z,0.000704001,0xb0f6d51654f7a01203a6afbea5f9e6e8221a6bce,sell,0x7d4b8cce0591c9044a22ee543533b72e976e36c3,0xc534921d884fe4df5a71397ae3c562c994f9f1226adb11c878cb2a93d378c812
92,2000,1.408004,0x6c15fc80882ddc2fc5334d36034b26f847b89efe,2017-11-02T05:15:17.000Z,0.000704002,0xb0f6d51654f7a01203a6afbea5f9e6e8221a6bce,sell,0x7d4b8cce0591c9044a22ee543533b72e976e36c3,0x2667489886260a2f3ad3cc5e6c9bab1c9e344d3e77c84653979dfee312b76775
93,2000,1.408006,0x6c15fc80882ddc2fc5334d36034b26f847b89efe,2017-11-02T05:14:58.000Z,0.000704003,0xb0f6d51654f7a01203a6afbea5f9e6e8221a6bce,sell,0x7d4b8cce0591c9044a22ee543533b72e976e36c3,0xcada071b173eee70422a8f6d12f1d8e1d4da68a5506aabc8ba289f4e9bffcbdc
94,11581,8.129862,0x927e9be72a655782a06298ef2cc69688849e5775,2017-11-02T05:12:45.000Z,0.000702,0xb0f6d51654f7a01203a6afbea5f9e6e8221a6bce,sell,0x7d4b8cce0591c9044a22ee543533b72e976e36c3,0x1851816d12abac6552d38fe233354a8a3f92e5ebefc49164f60748eea8821535
95,7000,4.97,0x0ddd4a9d67391bc036eb5a62d94e2ed57f768e9e,2017-11-02T05:11:49.000Z,0.00071,0xb0f6d51654f7a01203a6afbea5f9e6e8221a6bce,sell,0x7d4b8cce0591c9044a22ee543533b72e976e36c3,0xa70ea80eecae1f0310243c31468c25bc6aa8ca1095fa869a13521b3e79f108e4
96,10518.61190310039,7.689105301166384,0x285db9b74384aa71e36544b02ed31c9e422a0bf7,2017-11-02T04:40:56.000Z,0.000731,0xad2aeab91aa733509e152dbed4d78fc9f7ea53d0,sell,0x7d4b8cce0591c9044a22ee543533b72e976e36c3,0x7f90741cb54b1ddd450ec27d6cd5663fca60ea49bcc4b131f559106370c4e99e
97,1245.3892931911075,0.9103795733226996,0x285db9b74384aa71e36544b02ed31c9e422a0bf7,2017-11-02T04:37:46.000Z,0.000731,0x0c4a08d06723d4d6982577f479a25663e7ce8567,sell,0x7d4b8cce0591c9044a22ee543533b72e976e36c3,0x88af0963a562eb2e1c3344683af72539c5abe9ab5cee3d4216def5020b3cdaba
98,141.99880370850363,0.10380112551091616,0x285db9b74384aa71e36544b02ed31c9e422a0bf7,2017-11-02T04:23:28.000Z,0.000731,0x7a1026f12cc112828ac4952ffad3967881a785fb,sell,0x7d4b8cce0591c9044a22ee543533b72e976e36c3,0x8a19024214135a7297c1cd980dc8c2c33a7732d23a369d22c30b2c7c233aa9b1
99,1500,1.0965,0x285db9b74384aa71e36544b02ed31c9e422a0bf7,2017-11-02T04:22:52.000Z,0.000731,0xbda37b15385f49ecf82f48c115469bb45aa32f37,sell,0x7d4b8cce0591c9044a22ee543533b72e976e36c3,0x81f0bfbe65617915640eefc9022b56df4e4278bb179d2daea8ab8832ee03b631
100,1559,1.145865,0x317b707f515f89e540cb755b04921224ba546a96,2017-11-02T04:21:33.000Z,0.000735,0xbda37b15385f49ecf82f48c115469bb45aa32f37,sell,0x7d4b8cce0591c9044a22ee543533b72e976e36c3,0x310ab2b3e53ec0762922a85262fa9f11e5d5d17410094a4a24309584e9ea0dd6
101,1400,1.064,0xe56c69c881bad6971c2e3e97085ccae498f80915,2017-11-02T03:44:00.000Z,0.00076,0x12f3bca1f82e24f64bd4bc5381367ed0bc72947e,buy,0x7d4b8cce0591c9044a22ee543533b72e976e36c3,0x1a9e1b6af49c6c02e0c952b975be7a86d9bac48d1a209de4039fe22b6b768d34
102,550,0.4015,0x317b707f515f89e540cb755b04921224ba546a96,2017-11-02T03:42:31.000Z,0.00073,0x31b18e35ab2290f24fc02e37d95fb73740d86958,buy,0x7d4b8cce0591c9044a22ee543533b72e976e36c3,0xcd5f8c1f5dfdb1e8115a5adfb68941c3e691a51b195f2e225ef1deee448767d9
103,250,0.1825005,0x267975f50cbb31d33bdd60523a5d379dcb40502d,2017-11-02T03:35:55.000Z,0.000730002,0x0c4a08d06723d4d6982577f479a25663e7ce8567,sell,0x7d4b8cce0591c9044a22ee543533b72e976e36c3,0x4d9538b53cf535fd02705fc1ae5874df794330ed7bccd841b700a872200d5336
104,3000,2.193,0x267975f50cbb31d33bdd60523a5d379dcb40502d,2017-11-02T03:17:25.000Z,0.000731,0x6c9bb61020da71da7880dfeb62a5e321aae7ab21,sell,0x7d4b8cce0591c9044a22ee543533b72e976e36c3,0xd371ed2cc540e580fe3cdbd07709caec767640ef7d072db80405d832a8b30e4b
105,1000,0.79,0xe56c69c881bad6971c2e3e97085ccae498f80915,2017-11-02T02:59:14.000Z,0.00079,0x53b9fb035001e1d4790110cfb25adcbaa92d1bc3,buy,0x7d4b8cce0591c9044a22ee543533b72e976e36c3,0xbac799c0b5d59d591f4552daa9a7cefd037b94c2a9daa4c506ebcbe8451a38e0
106,1000,0.79,0x267975f50cbb31d33bdd60523a5d379dcb40502d,2017-11-02T02:36:37.000Z,0.00079,0xc0b6ebf6485ff134453e537139cab5a340125287,buy,0x7d4b8cce0591c9044a22ee543533b72e976e36c3,0x8a895cc879375dc2d175cdb39de1d75f92f719b4797db505833feb5dca1eae81
107,1199,0.93522,0xe56c69c881bad6971c2e3e97085ccae498f80915,2017-11-02T01:28:23.000Z,0.00078,0x4906530a2475d7ca937aca492fc46b716ea52340,buy,0x7d4b8cce0591c9044a22ee543533b72e976e36c3,0x0dede00303e1efb902e6a56a25fde60121afe73cac3ca53a62b960f463ff5647
108,150,0.11775,0xe56c69c881bad6971c2e3e97085ccae498f80915,2017-11-02T01:26:47.000Z,0.000785,0x580fd47531be83819026cebd71e481ee1b847e9d,buy,0x7d4b8cce0591c9044a22ee543533b72e976e36c3,0x3c6fc0b2296b013ce88fc6d0555422b2d39ceb837b133bb0462dbc7dbe9e3c50
109,150,0.1185,0xe56c69c881bad6971c2e3e97085ccae498f80915,2017-11-02T01:26:47.000Z,0.00079,0x580fd47531be83819026cebd71e481ee1b847e9d,buy,0x7d4b8cce0591c9044a22ee543533b72e976e36c3,0xdfcf8ab8569da0f1fc9a5b587644228ae572cc8b51406e645c53aab3ee671773
110,1114,0.867806,0xe56c69c881bad6971c2e3e97085ccae498f80915,2017-11-02T01:26:12.000Z,0.000779,0xfbf7dc0756a9768d0c71aea5f8421f3b1eaee7d1,buy,0x7d4b8cce0591c9044a22ee543533b72e976e36c3,0x643cfc5615463e9709f9ec82d5f7b13cd5674290c69e9b886ee4d5e9d889db45
111,600,0.462,0xe56c69c881bad6971c2e3e97085ccae498f80915,2017-11-02T01:26:12.000Z,0.00077,0x06eed451d77093950941e7836d29d9779c689233,buy,0x7d4b8cce0591c9044a22ee543533b72e976e36c3,0x07b6247278a39c3f4dcbcc95687bede42438238c482a1c441071f256c15617fe
112,360,0.28116,0xe56c69c881bad6971c2e3e97085ccae498f80915,2017-11-02T01:26:12.000Z,0.000781,0x53f69a0134b354450aacbe1432ee8b618a29e67a,buy,0x7d4b8cce0591c9044a22ee543533b72e976e36c3,0x72d1603e5c18f9edeef8ffdaf701cbe3a429deb18dd9f8090799608a6b93d1c3
113,1,0.00078,0xe2b48b3dd0b33283b4802e63e65518f27e635054,2017-11-02T01:19:50.000Z,0.00078,0x4906530a2475d7ca937aca492fc46b716ea52340,buy,0x7d4b8cce0591c9044a22ee543533b72e976e36c3,0x0d813cf08446071b7c4ee94aa461a9ce38651f7437ef8f156ed98f4c114afe82
114,1,0.000779,0xed2ca7381d82f8fb9bcc54ea6ab6526e35aece25,2017-11-02T01:17:11.000Z,0.000779,0xfbf7dc0756a9768d0c71aea5f8421f3b1eaee7d1,buy,0x7d4b8cce0591c9044a22ee543533b72e976e36c3,0x5207fdc3a873b815ec55402fe6aecd0cacdae0db51c22adacc90adf2376213fc
115,50,0.0355,0x317b707f515f89e540cb755b04921224ba546a96,2017-11-02T01:16:14.000Z,0.00071,0x1843906d36cc93f52b651f0ae78d3b5ac1c7c5b2,buy,0x7d4b8cce0591c9044a22ee543533b72e976e36c3,0x4d3bd7b87464573eadac83ef445ef393f65a777f1644c15986feda2bed41e691
116,414.591,0.325453520409,0xde6d9debd056260a78f56981e2477ffcffe7f6f7,2017-11-01T22:19:57.000Z,0.000784999,0xb49fda420b9ce7334c6446af26f06225cbecb401,buy,0x7d4b8cce0591c9044a22ee543533b72e976e36c3,0x2d7a063ea8c29ff222079ef5c2226fec31bab466d19d1e3c9ce54b84208af654
117,412.73379150527154,0.3239956135978467,0x786c6ceed6c296662c8a47cb7f4597f12f23549d,2017-11-01T20:21:03.000Z,0.000784999,0xb49fda420b9ce7334c6446af26f06225cbecb401,buy,0x7d4b8cce0591c9044a22ee543533b72e976e36c3,0xdc65419f000b4bbf8d64fdcd6906c5797d76489282356c53b32b3de7804987b6
118,14.953643704516,0.01106569634134184,0x0818471d216c65c8098bcea12d0e86b2d4495059,2017-11-01T19:53:56.000Z,0.00074,0xdedf8112c932655cf1d9d697a3f7b139da911ceb,sell,0x7d4b8cce0591c9044a22ee543533b72e976e36c3,0x59ebba2d30bd33e6d460f7f1d33f0777ecc3fac378bf3e6f0492b70f02332f52
119,500,0.3924995,0xc2b0ca851b36be61b470105abd72f9e2510e8ccf,2017-11-01T19:23:50.000Z,0.000784999,0xb49fda420b9ce7334c6446af26f06225cbecb401,buy,0x7d4b8cce0591c9044a22ee543533b72e976e36c3,0x268109de1b2fb54448729da88c7f5695a04419ea158391a4732d7e709684d65e
120,341,0.239041,0x317b707f515f89e540cb755b04921224ba546a96,2017-11-01T18:15:48.000Z,0.000701,0xc1aa4aaeb68b588872e0e9fffc1173ad19204817,sell,0x7d4b8cce0591c9044a22ee543533b72e976e36c3,0x818c0816928e5228143a5ec342ea87a148b563d8b144e865173b9f923afe4ad7
121,1500,1.0515,0x317b707f515f89e540cb755b04921224ba546a96,2017-11-01T18:14:50.000Z,0.000701,0xc1aa4aaeb68b588872e0e9fffc1173ad19204817,sell,0x7d4b8cce0591c9044a22ee543533b72e976e36c3,0x97fd15f8a9ae6fad450a4819a1870ec55bb4f51b6420af012da99e87c19608a1
122,30,0.02133,0xd9d7b7f8ab4fe180f74d9a200eef85be0f61dcec,2017-11-01T18:14:21.000Z,0.000711,0xc1aa4aaeb68b588872e0e9fffc1173ad19204817,sell,0x7d4b8cce0591c9044a22ee543533b72e976e36c3,0xdab127a0b76f960e055d557587d6ce452cd5b7a2fc8dbf2eb13dd66077de3e7b
123,3.029,0.002211176058,0x927e9be72a655782a06298ef2cc69688849e5775,2017-11-01T18:14:05.000Z,0.000730002,0xc1aa4aaeb68b588872e0e9fffc1173ad19204817,sell,0x7d4b8cce0591c9044a22ee543533b72e976e36c3,0x504032e27bb7307f71d9d4c79f963fcf6379073046b84f341b4471dc3b43769b
124,4.05,0.00296055,0x7f4c4087e3cb540421202d634d4b4cde372dae05,2017-11-01T18:13:49.000Z,0.000731,0xc1aa4aaeb68b588872e0e9fffc1173ad19204817,sell,0x7d4b8cce0591c9044a22ee543533b72e976e36c3,0x84892133b462503592d6d36fe93df59cc92aa0ec05caa613dedfc6ac3da249f3
125,2.781974884856943,0.002058666978743907,0x6c58628443f988adad86d2b174030ee1f8b84daf,2017-11-01T18:13:43.000Z,0.0007400019999999997,0xc1aa4aaeb68b588872e0e9fffc1173ad19204817,sell,0x7d4b8cce0591c9044a22ee543533b72e976e36c3,0x6f86a99c89072bcaf40602970a500c6a0eb88b092e82c2c0467395c59614e2bd
126,3.345,0.00244854,0xfbf7dc0756a9768d0c71aea5f8421f3b1eaee7d1,2017-11-01T18:13:43.000Z,0.000732,0xc1aa4aaeb68b588872e0e9fffc1173ad19204817,sell,0x7d4b8cce0591c9044a22ee543533b72e976e36c3,0x26adc12f992a173668750bb3c63b953dc8e4426c24963284838b75cbf483dfbd
127,2848,1.999296,0x6c58628443f988adad86d2b174030ee1f8b84daf,2017-11-01T18:10:45.000Z,0.000702,0xc1aa4aaeb68b588872e0e9fffc1173ad19204817,sell,0x7d4b8cce0591c9044a22ee543533b72e976e36c3,0x64f4896522481f299ae268451dedc706438154add6eae22555f2867f4b612a66
128,1400,0.994,0xc20ff6d41d9bc24564e57f494bf7a0fb258b485e,2017-11-01T18:10:34.000Z,0.00071,0xc1aa4aaeb68b588872e0e9fffc1173ad19204817,sell,0x7d4b8cce0591c9044a22ee543533b72e976e36c3,0x3b6691a8530da3d3922a50848a2d46944634714065fd7d893c22838156f8e8da
129,1000,0.710011,0x787e6870754cc306c1758db62dc6cd334ba76345,2017-11-01T18:10:02.000Z,0.000710011,0xc1aa4aaeb68b588872e0e9fffc1173ad19204817,sell,0x7d4b8cce0591c9044a22ee543533b72e976e36c3,0xc9d190e0d5e7f5f79b8d66295473185a2c19f59ba7f9280880e4041dc33fbd4e
130,1576.199,1.142744275,0x8b5583d7f53935e6d642816efa7014c51bcec5f9,2017-11-01T18:09:22.000Z,0.000725,0xc1aa4aaeb68b588872e0e9fffc1173ad19204817,sell,0x7d4b8cce0591c9044a22ee543533b72e976e36c3,0x4369a8fb57a4b14010a8d8ebb1c65887aad9b4394cc48bb09353513becadf713
131,927.325,0.6788019,0xb49fda420b9ce7334c6446af26f06225cbecb401,2017-11-01T18:09:09.000Z,0.000732,0xc1aa4aaeb68b588872e0e9fffc1173ad19204817,buy,0x7d4b8cce0591c9044a22ee543533b72e976e36c3,0x147a00067bf66cda00b9ece99cfe96ab73bc925da2d8d9f96a894ae2db536827
132,1115,0.78273,0x273a5d3e6721b9f5c1a6474f560c1334c63dda01,2017-11-01T18:03:57.000Z,0.000702,0xc1aa4aaeb68b588872e0e9fffc1173ad19204817,buy,0x7d4b8cce0591c9044a22ee543533b72e976e36c3,0x86cfc6fc7a897ec2f0bd2c07404735d0abf1e18401090c084096b68f6b84d603
133,1111.655,0.81373146,0xfbf7dc0756a9768d0c71aea5f8421f3b1eaee7d1,2017-11-01T18:03:57.000Z,0.000732,0x273a5d3e6721b9f5c1a6474f560c1334c63dda01,sell,0x7d4b8cce0591c9044a22ee543533b72e976e36c3,0x86cfc6fc7a897ec2f0bd2c07404735d0abf1e18401090c084096b68f6b84d603
134,1345.95,0.98388945,0x7f4c4087e3cb540421202d634d4b4cde372dae05,2017-11-01T18:03:57.000Z,0.000731,0x273a5d3e6721b9f5c1a6474f560c1334c63dda01,sell,0x7d4b8cce0591c9044a22ee543533b72e976e36c3,0xfa901c51bb7478f648a1aabcc2b6781787e44b7eaeafaa5f1358313188516e60
135,1350,0.9477,0x273a5d3e6721b9f5c1a6474f560c1334c63dda01,2017-11-01T18:03:57.000Z,0.000702,0xc1aa4aaeb68b588872e0e9fffc1173ad19204817,buy,0x7d4b8cce0591c9044a22ee543533b72e976e36c3,0xfa901c51bb7478f648a1aabcc2b6781787e44b7eaeafaa5f1358313188516e60
136,392.024,0.290098936072,0xb49fda420b9ce7334c6446af26f06225cbecb401,2017-11-01T18:01:59.000Z,0.000740003,0xc1aa4aaeb68b588872e0e9fffc1173ad19204817,sell,0x7d4b8cce0591c9044a22ee543533b72e976e36c3,0xb1bf86f45d9791074dd5521a6d9a50e1d2e36e8f618d98ad3edc3c6ee1cd4ed3
137,924.5429867341243,0.6841636592692254,0x6c58628443f988adad86d2b174030ee1f8b84daf,2017-11-01T18:00:51.000Z,0.000740002,0x273a5d3e6721b9f5c1a6474f560c1334c63dda01,sell,0x7d4b8cce0591c9044a22ee543533b72e976e36c3,0x5546440fee4a5948b3d064b81317ec41b610c9fcf759680ec56b9145c94f75a2
138,927.3249616189812,0.6788018719050942,0x273a5d3e6721b9f5c1a6474f560c1334c63dda01,2017-11-01T18:00:51.000Z,0.000732,0xc1aa4aaeb68b588872e0e9fffc1173ad19204817,buy,0x7d4b8cce0591c9044a22ee543533b72e976e36c3,0x5546440fee4a5948b3d064b81317ec41b610c9fcf759680ec56b9145c94f75a2
139,1774.6750383810188,1.3132630777520307,0x6c58628443f988adad86d2b174030ee1f8b84daf,2017-11-01T17:57:02.000Z,0.000740002,0xe8af12e3c4d34d3aa27a38258d6ce1b803a37e02,sell,0x7d4b8cce0591c9044a22ee543533b72e976e36c3,0x6f7e84caf4266ffe6f9fc69ed299394a14eb0c0d7cb02b82738591041e56334c
140,39.22822579612228,0.03033910983072097,0x5104efc872d45dba3a97bf02aebe240dfc283321,2017-11-01T17:57:02.000Z,0.0007733999999999999,0x273a5d3e6721b9f5c1a6474f560c1334c63dda01,sell,0x7d4b8cce0591c9044a22ee543533b72e976e36c3,0xd74274dd02758d79e90eea303b8ac8ccdfc6d0cdda192bc98e9009b209a9a275
141,39.34626458989196,0.029116275142784635,0x273a5d3e6721b9f5c1a6474f560c1334c63dda01,2017-11-01T17:57:02.000Z,0.000740001,0xc1aa4aaeb68b588872e0e9fffc1173ad19204817,buy,0x7d4b8cce0591c9044a22ee543533b72e976e36c3,0xd74274dd02758d79e90eea303b8ac8ccdfc6d0cdda192bc98e9009b209a9a275
142,230,0.17802,0x4906530a2475d7ca937aca492fc46b716ea52340,2017-11-01T17:52:23.000Z,0.000774,0xc1aa4aaeb68b588872e0e9fffc1173ad19204817,sell,0x7d4b8cce0591c9044a22ee543533b72e976e36c3,0x266d6a802e0fdb3eeb38c934c9f7c614b3e10be44d766ee1e02a83e9245c33f3
143,17666.823,13.07344902,0x581765f2396d34c47fe11b3424104fd5e0f3edc7,2017-11-01T17:52:23.000Z,0.00074,0xe8af12e3c4d34d3aa27a38258d6ce1b803a37e02,sell,0x7d4b8cce0591c9044a22ee543533b72e976e36c3,0xb3feab6ed6fb850cace66cd0648c2d8bf6432dc6cda8c2ee3bb17584317fd57e
144,11493.12492979082,9.424362442428471,0xf96ce0c54b339f41aca26cee96edcc03f53e6c5d,2017-11-01T17:42:27.000Z,0.00082,0x9075a0352803c414adf5739398362a6bae45dce0,buy,0x7d4b8cce0591c9044a22ee543533b72e976e36c3,0x7f5c3868569a7605692fbff553bda22963c6955b0f191c9e1e2c8af25579f076
145,1000,0.819,0xf96ce0c54b339f41aca26cee96edcc03f53e6c5d,2017-11-01T17:36:55.000Z,0.000819,0x4906530a2475d7ca937aca492fc46b716ea52340,buy,0x7d4b8cce0591c9044a22ee543533b72e976e36c3,0x53408723d86c0a225817b43d25b25696005dd72fe750f9219efa87bef56d10b4
146,3500,2.87,0xf96ce0c54b339f41aca26cee96edcc03f53e6c5d,2017-11-01T17:36:26.000Z,0.00082,0x317b707f515f89e540cb755b04921224ba546a96,buy,0x7d4b8cce0591c9044a22ee543533b72e976e36c3,0x8803637cb492b6e1905909372fc07ba9cb57e9f0486f558f3390ffe7ab930e16
147,884,0.722228,0xf96ce0c54b339f41aca26cee96edcc03f53e6c5d,2017-11-01T17:35:37.000Z,0.000817,0xfbf7dc0756a9768d0c71aea5f8421f3b1eaee7d1,buy,0x7d4b8cce0591c9044a22ee543533b72e976e36c3,0xb0b8c01762eaa7b32a01e5a0b784fce2b6e5d4edb2094616d879ee5d2e2866b5
148,6630,5.40345,0xf96ce0c54b339f41aca26cee96edcc03f53e6c5d,2017-11-01T17:34:14.000Z,0.000815,0xbf38f569d1cf1f635ac4d9b5da29f06663110865,buy,0x7d4b8cce0591c9044a22ee543533b72e976e36c3,0xca1df5a3a78d9ebbd57ac37339d52712e7ad0861679b26ec3c27540126ab2666
149,150,0.117,0x42e4510bb46063f5142cf562ae913d95130b82ea,2017-11-01T16:21:42.000Z,0.00078,0x580fd47531be83819026cebd71e481ee1b847e9d,buy,0x7d4b8cce0591c9044a22ee543533b72e976e36c3,0x64f9684852cc503353772247bd7549dd2c9db14f0acbaa5934a37831441c9073
150,150,0.11625,0x42e4510bb46063f5142cf562ae913d95130b82ea,2017-11-01T16:21:04.000Z,0.000775,0x580fd47531be83819026cebd71e481ee1b847e9d,buy,0x7d4b8cce0591c9044a22ee543533b72e976e36c3,0xd8743fc9fcebfe555981618ffa05ba43c1392ba90618899abf66ded5bd80392b
151,218.606,0.179038314,0x8559d914e378b64916acef3cb390e9c2d74f2843,2017-11-01T13:36:49.000Z,0.000819,0x4906530a2475d7ca937aca492fc46b716ea52340,sell,0x7d4b8cce0591c9044a22ee543533b72e976e36c3,0x788cdf905d89c96a3e8ac41c049b1eba86e69f744a3ab044f7531e6b9caaccee
152,0.1883549748834841,0.00015407436945469,0xc028cf2310d5de9084bdf7e8fa90fb6fa39112c3,2017-11-01T13:16:05.000Z,0.000818,0xaff27cba9a42f8a754ce7575c3674e62198fcbed,buy,0x7d4b8cce0591c9044a22ee543533b72e976e36c3,0x0c5ed06294e8692ae26d2446bbc61199da9b429723ee624856f8e85109be1a08
153,12,0.009816,0xc028cf2310d5de9084bdf7e8fa90fb6fa39112c3,2017-11-01T13:15:31.000Z,0.000818,0xaff27cba9a42f8a754ce7575c3674e62198fcbed,buy,0x7d4b8cce0591c9044a22ee543533b72e976e36c3,0x8651a3b5f7e0d932143f511d48a610a3c49dad3a3dbadb30e0bebe52dd677ecf
154,91.39365123332162,0.07485140036009041,0x8559d914e378b64916acef3cb390e9c2d74f2843,2017-11-01T13:08:17.000Z,0.000819,0x99ab98450804de11b2163f64fb20be108323829b,sell,0x7d4b8cce0591c9044a22ee543533b72e976e36c3,0x86346f14fe07916b94e80136a6b78cd6995346309c9909ff0c0ec2737cb39c30
155,588.1766523776294,0.4352507227594457,0x581765f2396d34c47fe11b3424104fd5e0f3edc7,2017-11-01T11:40:34.000Z,0.00074,0x318d5ed6c694631d8479d2a17dbbe6711e243d62,sell,0x7d4b8cce0591c9044a22ee543533b72e976e36c3,0xc338a76731c2d137988a01998fe11f8da68559176bacc0f423350f07654f88ad
156,220,0.1815,0x42e4510bb46063f5142cf562ae913d95130b82ea,2017-11-01T10:52:31.000Z,0.000825,0x6595732468a241312bc307f327ba0d64f02b3c20,buy,0x7d4b8cce0591c9044a22ee543533b72e976e36c3,0xdbba30e5f9a1d44d4dd74a931434a7e7659ca9947e60953bdcbeb09439e02fa8
157,1300,1.0023,0xf96ce0c54b339f41aca26cee96edcc03f53e6c5d,2017-11-01T10:51:22.000Z,0.000771,0x6595732468a241312bc307f327ba0d64f02b3c20,sell,0x7d4b8cce0591c9044a22ee543533b72e976e36c3,0x6e517558033ffdf358ced5f8330c4a0a9c16dff2d09e57e1d56d069256201611
158,1400,1.078,0x92989eb906d40c6385c9982b08c5953cbf763ab2,2017-11-01T10:48:53.000Z,0.00077,0x6595732468a241312bc307f327ba0d64f02b3c20,sell,0x7d4b8cce0591c9044a22ee543533b72e976e36c3,0x5508b21b2c3b783bea9b083d0490a6cf94d6b79e388a94dfa638b22eabc9212e
159,3500,2.625,0x317b707f515f89e540cb755b04921224ba546a96,2017-11-01T10:48:39.000Z,0.00075,0x6595732468a241312bc307f327ba0d64f02b3c20,sell,0x7d4b8cce0591c9044a22ee543533b72e976e36c3,0x0e871439578db0dc2d9df8aac1f6e841425d68eed2c817b3d1b5a5f35fb9fc38
160,2999.472743208622,2.4865629041199475,0x84265c7caec1bfb0362a00dd2db370eebf6f1c14,2017-11-01T10:39:44.000Z,0.000829,0x6595732468a241312bc307f327ba0d64f02b3c20,buy,0x7d4b8cce0591c9044a22ee543533b72e976e36c3,0xaa1f362129e7959002c7d2b600b2178a7ae5488c9004b511e4be357de753c658
161,1000,0.8379,0x84265c7caec1bfb0362a00dd2db370eebf6f1c14,2017-11-01T10:29:18.000Z,0.0008379,0xcc9746088d51b288f989c1d3e7779bbc2c067166,buy,0x7d4b8cce0591c9044a22ee543533b72e976e36c3,0x8cec474cff038f7bba826c69210a39a190765b266fefe24ee7f210414d12b1c2
162,970,0.80995,0x84265c7caec1bfb0362a00dd2db370eebf6f1c14,2017-11-01T10:26:28.000Z,0.000835,0x5eb48d53cf8e0658d8f5f6e419278a03dbf6b3fc,buy,0x7d4b8cce0591c9044a22ee543533b72e976e36c3,0x4a78c558c7c86d9bf7c29009a31f2a98dec2686a8ba9953d604c2dce70387ae6
163,3177,2.63691,0x8559d914e378b64916acef3cb390e9c2d74f2843,2017-11-01T10:15:23.000Z,0.00083,0x5eb48d53cf8e0658d8f5f6e419278a03dbf6b3fc,sell,0x7d4b8cce0591c9044a22ee543533b72e976e36c3,0x0bfd7b4d9b97a488056e527c650dfe8139f4467313348ffb570e66f01c38ad10
164,218.32542482990473,0.1746603398639238,0xd04667c147dea188bf142c8b0d4ffadc4a70de77,2017-11-01T10:02:26.000Z,0.0008,0x5eb48d53cf8e0658d8f5f6e419278a03dbf6b3fc,buy,0x7d4b8cce0591c9044a22ee543533b72e976e36c3,0x74d3a10c6c3221c2aea54adbe3a3f3f680617854b7ff7685cc487160c3b6f9ef
165,3000,2.49,0xd04667c147dea188bf142c8b0d4ffadc4a70de77,2017-11-01T10:01:14.000Z,0.00083,0x317b707f515f89e540cb755b04921224ba546a96,buy,0x7d4b8cce0591c9044a22ee543533b72e976e36c3,0xa675ff51daa50b72646d0fcd1c034879bbee43eb436af9361eaef7e11f7166dc
166,2068,1.67508,0xd04667c147dea188bf142c8b0d4ffadc4a70de77,2017-11-01T10:00:52.000Z,0.00081,0x06811a2b589d9a80d20925ab683a32ef796b4648,buy,0x7d4b8cce0591c9044a22ee543533b72e976e36c3,0x276e7f1ccddf5cecfa6f70ebf0ea8b3e0bbf23e8d7fc04427c804a1640843582
167,598.14574818064,0.43664639617186723,0xfbf7dc0756a9768d0c71aea5f8421f3b1eaee7d1,2017-11-01T08:05:00.000Z,0.00073,0xe772fd7c870306f7cc093a7bcc99687c123719e7,sell,0x7d4b8cce0591c9044a22ee543533b72e976e36c3,0x7b2bf70ea3cc22bdca078a38ae2ac0a140f633dd63effc01de76184c2e085857
168,286.61150433655666,0.20922639816568636,0xfbf7dc0756a9768d0c71aea5f8421f3b1eaee7d1,2017-11-01T07:55:47.000Z,0.00073,0x1c39c4a38ced25b4cf306d0ebfbd1fdd7d33d917,sell,0x7d4b8cce0591c9044a22ee543533b72e976e36c3,0xa2e8b4ae220ff16b0b354d62eab2378b8476223e5155f321c005f0b4fea4b86c
169,216,0.15336,0x0cd2795a623adeb9370e2895e8d7526a6e4c556d,2017-11-01T07:02:45.000Z,0.00071,0x617d5868b434067debdeedec9ca04d1a863e5b99,buy,0x7d4b8cce0591c9044a22ee543533b72e976e36c3,0x465a9888762aa00536d45855cc1634c5aea0d1cabb641a6cced6576ac7040e97
170,215.35393818544367,0.15613160518444666,0x8b5583d7f53935e6d642816efa7014c51bcec5f9,2017-11-01T07:02:45.000Z,0.000725,0x0cd2795a623adeb9370e2895e8d7526a6e4c556d,sell,0x7d4b8cce0591c9044a22ee543533b72e976e36c3,0x465a9888762aa00536d45855cc1634c5aea0d1cabb641a6cced6576ac7040e97
171,2999.999974000438,2.249999980500329,0x317b707f515f89e540cb755b04921224ba546a96,2017-11-01T06:56:43.000Z,0.00075,0x617d5868b434067debdeedec9ca04d1a863e5b99,sell,0x7d4b8cce0591c9044a22ee543533b72e976e36c3,0x31691e22735b8536604e7c5ea4f599c6d3524c11789309fb042972850f4a04d7
172,750,0.54000075,0x787e6870754cc306c1758db62dc6cd334ba76345,2017-11-01T06:55:32.000Z,0.000720001,0x617d5868b434067debdeedec9ca04d1a863e5b99,sell,0x7d4b8cce0591c9044a22ee543533b72e976e36c3,0x10a70e08d3ea392b167bfce990dcd758be690ae5f22e5d7258dc55ebbfbf8581
173,0.000025999561653828,0.00000001949967124,0x317b707f515f89e540cb755b04921224ba546a96,2017-11-01T06:55:18.000Z,0.0007499999999857305,0x617d5868b434067debdeedec9ca04d1a863e5b99,sell,0x7d4b8cce0591c9044a22ee543533b72e976e36c3,0xd541016b83d190e0afc4fc9d3d4285f14049d349ea6612512695d2446d4bb5e6
174,290,0.24795,0xde33a41bf688e7d878398d323e1d0739262329e3,2017-11-01T05:42:24.000Z,0.000855,0x54cd1da355c89bfcb2fd8190bed4f718d314860f,buy,0x7d4b8cce0591c9044a22ee543533b72e976e36c3,0xcb7c148931da3e3eb28ca27b936771a944647a59b09788e0adeee677eed6f337
175,2000,1.698,0xde33a41bf688e7d878398d323e1d0739262329e3,2017-11-01T05:39:50.000Z,0.000849,0xfbf7dc0756a9768d0c71aea5f8421f3b1eaee7d1,buy,0x7d4b8cce0591c9044a22ee543533b72e976e36c3,0x8bf4dc046d9472b9ceb19648388d181c2b244c223cd5b19c5ff8121cbbfdd026
176,3500,2.94,0xde33a41bf688e7d878398d323e1d0739262329e3,2017-11-01T05:39:03.000Z,0.00084,0x317b707f515f89e540cb755b04921224ba546a96,buy,0x7d4b8cce0591c9044a22ee543533b72e976e36c3,0x1f2afca805a53c78850757e04dd75d842976ff50540fdd9d1ca7c71007c21863
177,1282,1.09611,0xde33a41bf688e7d878398d323e1d0739262329e3,2017-11-01T05:37:10.000Z,0.000855,0x53b9fb035001e1d4790110cfb25adcbaa92d1bc3,buy,0x7d4b8cce0591c9044a22ee543533b72e976e36c3,0xd14e921d0343da9024cc8b96b2697b4165de3289a03177a67171a95895eab4f0
178,2000,1.698,0xde33a41bf688e7d878398d323e1d0739262329e3,2017-11-01T05:34:28.000Z,0.000849,0x53b9fb035001e1d4790110cfb25adcbaa92d1bc3,sell,0x7d4b8cce0591c9044a22ee543533b72e976e36c3,0xf793a190c3d8377a2725eff54dd1982e737c37ea03623bf5cbab51c61e9a18aa
179,1281.158757440049,0.9288400991440354,0x8b5583d7f53935e6d642816efa7014c51bcec5f9,2017-11-01T04:26:53.000Z,0.000725,0xcef01dfe48077d5ea00cf1ffd949c62026af577e,sell,0x7d4b8cce0591c9044a22ee543533b72e976e36c3,0x684f544301d16cdbc4dacbc018fec9ec9ee099634445cc9f67da4a67cd2d0f33
180,500,0.36695,0x00b17ad3fb6332399c605d650bdf00cd456a18cf,2017-11-01T04:26:14.000Z,0.0007339,0xcef01dfe48077d5ea00cf1ffd949c62026af577e,sell,0x7d4b8cce0591c9044a22ee543533b72e976e36c3,0xfc1ddfc82143c6517f1672c979ef7befc8dd1241088e474f7bb4d93154ee0156
181,200,0.15,0xd5d6a663a5dac398ce9eb456bab67349096a6c2e,2017-11-01T04:02:06.000Z,0.00075,0xcef01dfe48077d5ea00cf1ffd949c62026af577e,sell,0x7d4b8cce0591c9044a22ee543533b72e976e36c3,0xf3100be7cf9c041fa97af16d9e5da197bda02d5edd45db3cbc67a2d1a0dda9cc
182,749.6159053387943,0.5629615449094345,0xfbf7dc0756a9768d0c71aea5f8421f3b1eaee7d1,2017-11-01T04:00:36.000Z,0.000751,0xcef01dfe48077d5ea00cf1ffd949c62026af577e,sell,0x7d4b8cce0591c9044a22ee543533b72e976e36c3,0x075949ccfb34ab33b454a129f8ef450b284a384de8d825a036da7a51702338fc
183,1250.3840946612058,0.9390384550905655,0xfbf7dc0756a9768d0c71aea5f8421f3b1eaee7d1,2017-11-01T03:57:48.000Z,0.000751,0x93b4b6910822c9f5d3708c0161468cc1d700110e,sell,0x7d4b8cce0591c9044a22ee543533b72e976e36c3,0xa64d0493d1ded6fc91114de4843fce4d5e4844c453fe66ab323d63b749630c39
184,166.424,0.126482406424,0x4906530a2475d7ca937aca492fc46b716ea52340,2017-11-01T03:54:12.000Z,0.000760001,0x93b4b6910822c9f5d3708c0161468cc1d700110e,sell,0x7d4b8cce0591c9044a22ee543533b72e976e36c3,0x4c932d19854b417ae5def2e847d39f70104513e1d0b08b1ded73908194dbb5d6
185,18.019,0.01387463,0x4906530a2475d7ca937aca492fc46b716ea52340,2017-11-01T03:50:52.000Z,0.00077,0x93b4b6910822c9f5d3708c0161468cc1d700110e,sell,0x7d4b8cce0591c9044a22ee543533b72e976e36c3,0x74408ab9055846d4cd533e041a7afe4bb7f9d01e69bb11b02f2183341f8d10cd
186,0.9968655536891563,0.00076758647634065,0x4906530a2475d7ca937aca492fc46b716ea52340,2017-11-01T01:48:09.000Z,0.0007699999999999996,0x67a4ee63b519322a1d4148c8283a2de30578b42c,sell,0x7d4b8cce0591c9044a22ee543533b72e976e36c3,0xabcebb219d5f8f76e3c97b350e6c5b4263ab1ac060c1c7a3190f0ed7f32a4173
187,999,0.76923,0x28845e6e3c5a350cfadf14bf263e00fd5ec42a61,2017-11-01T01:35:30.000Z,0.00077,0x67a4ee63b519322a1d4148c8283a2de30578b42c,buy,0x7d4b8cce0591c9044a22ee543533b72e976e36c3,0x19f7c9bf84ffd4802821333cd0cddd9a4269c1ed7297f8f1c3f774c075b1254b
188,1353.0391417715737,0.980953377784391,0x8b5583d7f53935e6d642816efa7014c51bcec5f9,2017-11-01T01:18:08.000Z,0.000725,0x1df92fc6073f2d5fdcfdad3dc1a75b5c893f5218,sell,0x7d4b8cce0591c9044a22ee543533b72e976e36c3,0x28ee649a8ef6ef8317e5bb28f6a9d4cd68bb3509c058168c4e707372017e55b9
189,707.877115777318,0.5132109089385556,0x8b5583d7f53935e6d642816efa7014c51bcec5f9,2017-11-01T01:07:21.000Z,0.000725,0xb00548770ea87482f024cd4292a975fea72e8f01,sell,0x7d4b8cce0591c9044a22ee543533b72e976e36c3,0x9f571cd399d6813d6eee7a87cabf0717f229120514722d49f8bde9ef713c21d8
190,34.55804004893175,0.02660969083767745,0x4906530a2475d7ca937aca492fc46b716ea52340,2017-10-31T23:21:18.000Z,0.00077,0xf05ab09235c6eb912130783bafe16cfd41ae6488,sell,0x7d4b8cce0591c9044a22ee543533b72e976e36c3,0x5d2ac56f92381e8f7241623e8f22e4d0d33c710801163ee628a789d3172dcd3d
191,6.699730834413319,0.005178898634732329,0x4906530a2475d7ca937aca492fc46b716ea52340,2017-10-31T23:16:54.000Z,0.0007730009999999998,0xf05ab09235c6eb912130783bafe16cfd41ae6488,sell,0x7d4b8cce0591c9044a22ee543533b72e976e36c3,0x1bee4c2cd4efa601499f1d914ca2fad4767f410db1d7977a00715e95c0e41b1c
192,1105,0.85527,0x4906530a2475d7ca937aca492fc46b716ea52340,2017-10-31T23:15:42.000Z,0.000774,0xf05ab09235c6eb912130783bafe16cfd41ae6488,sell,0x7d4b8cce0591c9044a22ee543533b72e976e36c3,0x1d300e186bc3a3eadacd7221870570a430c1013a760926cb893494039b143c6b
193,100,0.078,0xd5d6a663a5dac398ce9eb456bab67349096a6c2e,2017-10-31T23:11:46.000Z,0.00078,0xf05ab09235c6eb912130783bafe16cfd41ae6488,sell,0x7d4b8cce0591c9044a22ee543533b72e976e36c3,0x179cdcb5b3b50fcab4641aef1af850f4b03a5d10444a5bdc1e3a4f0d5bb9084c
194,1200,1.0248,0x76f36aeb934ac5f1e9861c618ccaa6a6e91959ef,2017-10-31T22:22:33.000Z,0.000854,0x4906530a2475d7ca937aca492fc46b716ea52340,buy,0x7d4b8cce0591c9044a22ee543533b72e976e36c3,0x66ad536efae712dc5286cdd79300d215b40ca7f8d446a19c82a7cb1f28e4f5cd
195,1167,0.996618,0xa946bdcd8fa7ac107d5ca6e7168745d0ffcfb87b,2017-10-31T21:42:40.000Z,0.000854,0x53b9fb035001e1d4790110cfb25adcbaa92d1bc3,sell,0x7d4b8cce0591c9044a22ee543533b72e976e36c3,0x409c26a323971505a2dbcb8a8a0fb293f5e9e6c32651f79785bcd3b552321a6b
196,718,0.61389,0xe193654969d1b7a0624a576b642a975512209319,2017-10-31T20:06:22.000Z,0.000855,0x53b9fb035001e1d4790110cfb25adcbaa92d1bc3,buy,0x7d4b8cce0591c9044a22ee543533b72e976e36c3,0xc884ce3a217045abfb662d79a90c9c5d9ad1b2869298f11eed28eec64476cd0a
197,3266.371863809477,2.368119601261871,0x8b5583d7f53935e6d642816efa7014c51bcec5f9,2017-10-31T20:04:25.000Z,0.000725,0xbade89c5c1155016aec4beb13dbae95b6625087c,sell,0x7d4b8cce0591c9044a22ee543533b72e976e36c3,0xe13287589d6d6be090b3797bc9e3d772210b5b6fc21bdf21bf0828a3390ddd7a
198,620,0.449624,0xeee298ed238f21d489df72d2ceede612cc129e83,2017-10-31T20:03:36.000Z,0.0007252,0xbade89c5c1155016aec4beb13dbae95b6625087c,sell,0x7d4b8cce0591c9044a22ee543533b72e976e36c3,0x1ae67e918cf103d1b21792c2a747766e2e4a6a80ef87ed275316efa32ca2bd0e
199,57,0.044061285,0xa9234f5db7004732f615b87d2163ffcec0956d80,2017-10-31T20:03:25.000Z,0.000773005,0xbade89c5c1155016aec4beb13dbae95b6625087c,sell,0x7d4b8cce0591c9044a22ee543533b72e976e36c3,0x5a9fc98ee1574ca290f8d218ee3ce3f41e5a8268f903204cd62be8b1d01c56d0
200,1000,0.73,0x06811a2b589d9a80d20925ab683a32ef796b4648,2017-10-31T20:02:45.000Z,0.00073,0xbade89c5c1155016aec4beb13dbae95b6625087c,sell,0x7d4b8cce0591c9044a22ee543533b72e976e36c3,0xb82c041ff8b0d93e5bb63975992b33b8e330473daa25ed9e89de341c4abbf6b3
201,1000,0.73002,0xcc9746088d51b288f989c1d3e7779bbc2c067166,2017-10-31T20:02:35.000Z,0.00073002,0xbade89c5c1155016aec4beb13dbae95b6625087c,sell,0x7d4b8cce0591c9044a22ee543533b72e976e36c3,0xc7332e0f3ab5569e56e105ff292a07d1fd64a0a8f7b868f674e627d3a6f1b9a7
202,199.70185137987335,0.15401006778415832,0x60eb28f8c2863fc3bc99fe2d8714a46d8c255388,2017-10-31T20:01:57.000Z,0.0007712,0xbade89c5c1155016aec4beb13dbae95b6625087c,sell,0x7d4b8cce0591c9044a22ee543533b72e976e36c3,0x19c8250b3280f444468796a9797c61084bceec512707600621acacb4bc041618
203,200,0.1542,0x60eb28f8c2863fc3bc99fe2d8714a46d8c255388,2017-10-31T20:01:57.000Z,0.000771,0xbade89c5c1155016aec4beb13dbae95b6625087c,sell,0x7d4b8cce0591c9044a22ee543533b72e976e36c3,0xedcade390fa7c44e8e34d196263704b6b33bb51e85ba80c62d2178cf035d6429
204,3500,2.6985,0x317b707f515f89e540cb755b04921224ba546a96,2017-10-31T20:01:02.000Z,0.000771,0xbade89c5c1155016aec4beb13dbae95b6625087c,sell,0x7d4b8cce0591c9044a22ee543533b72e976e36c3,0xeb745c474aaf979fedff90b338f78768a5b980abccc174581ce098ffad005674
205,265.6516377230585,0.20534924726319967,0xdf80e9f114eac2216e999ccbcbb353b6a61347d6,2017-10-31T20:00:10.000Z,0.000773002,0xbade89c5c1155016aec4beb13dbae95b6625087c,sell,0x7d4b8cce0591c9044a22ee543533b72e976e36c3,0xa608c66af754704c0a1c55e00a9301cca4dba69f5b09b556a1844d134570dd9a
206,94,0.08037,0x91788d1849c5aca57646a74b54a6ebd9e0653d3f,2017-10-31T19:59:21.000Z,0.000855,0xbade89c5c1155016aec4beb13dbae95b6625087c,sell,0x7d4b8cce0591c9044a22ee543533b72e976e36c3,0x3584d94ee6aae87369675f13b688d41557050a1cd86a0598c0fe2b763692866f
207,230.6488840997539,0.17990612959780805,0x924c49f5fe3e33a8bb44b39ccac04d9ab829da79,2017-10-31T19:49:26.000Z,0.00078,0xbade89c5c1155016aec4beb13dbae95b6625087c,sell,0x7d4b8cce0591c9044a22ee543533b72e976e36c3,0x341d8245460e6020e9522ad05cf4349182287ca5b98111f573da63fc00a192a5
208,715.3483622769414,0.5529657147368003,0xdf80e9f114eac2216e999ccbcbb353b6a61347d6,2017-10-31T19:37:09.000Z,0.000773002,0xb00548770ea87482f024cd4292a975fea72e8f01,sell,0x7d4b8cce0591c9044a22ee543533b72e976e36c3,0x5cbdb917e84d4f4072916c8f6efe995e26a9bf5ff71d1a7434a81c0a78d28ee2
209,189.08756378371882,0.1616698670350796,0x91788d1849c5aca57646a74b54a6ebd9e0653d3f,2017-10-31T19:36:18.000Z,0.000855,0xf2b8e45c275486b7ab352368296c72d2712e66c7,buy,0x7d4b8cce0591c9044a22ee543533b72e976e36c3,0x7620c041e9eca986abe06fb2b3a23c323ad02c87bf00cfe9bc4491e08d7b6355
210,1150,0.889065,0x7760c2aeeca997e949f897c65859e26ef8390dbe,2017-10-31T19:34:17.000Z,0.0007731,0xb00548770ea87482f024cd4292a975fea72e8f01,sell,0x7d4b8cce0591c9044a22ee543533b72e976e36c3,0x1f4a2f48655206f9c7aa56256bef90e0de5b6dea97ef5a7df79412f082323e24
211,1150,0.891595,0x4906530a2475d7ca937aca492fc46b716ea52340,2017-10-31T19:31:15.000Z,0.0007753,0xb00548770ea87482f024cd4292a975fea72e8f01,sell,0x7d4b8cce0591c9044a22ee543533b72e976e36c3,0x85443e181ea0b55348c687918e581b4de28d2262df4a400a87d19008bac975d9
212,10356,8.0279712,0xd2f3106640db5d4f866734b45ce9dda390b8d6bd,2017-10-31T19:31:04.000Z,0.0007752,0xb00548770ea87482f024cd4292a975fea72e8f01,sell,0x7d4b8cce0591c9044a22ee543533b72e976e36c3,0xc406bf7cc713baea51050afb1cfc29ddf9eda9e767e1faff3bf640178f83c8d8
213,199.38202009723543,0.15551797567584363,0x924c49f5fe3e33a8bb44b39ccac04d9ab829da79,2017-10-31T19:20:54.000Z,0.00078,0xd04667c147dea188bf142c8b0d4ffadc4a70de77,sell,0x7d4b8cce0591c9044a22ee543533b72e976e36c3,0xbda989b4b207a4a85f2f5d1f48d7a84ef53e8e1d5dcf9f63ed2ed5b4eefb00ff
214,33.79598804787441,0.028895569780932624,0xf4e240c96a9b2e786de348b500111d920e5d4bf5,2017-10-31T19:20:37.000Z,0.000855,0xf2b8e45c275486b7ab352368296c72d2712e66c7,buy,0x7d4b8cce0591c9044a22ee543533b72e976e36c3,0xd39cbe1f4a9033ed95670b15d3f296d79d5d90c0c2aa458f8368bca9dfa21404
215,118.67734380374083,0.10146912895219841,0xb4a63631663065653d3ff3025421065cb28fbb45,2017-10-31T19:13:19.000Z,0.000855,0xf2b8e45c275486b7ab352368296c72d2712e66c7,buy,0x7d4b8cce0591c9044a22ee543533b72e976e36c3,0x76aa3b419126bb769f42825be990db45cd6a21c6e522f3d0d8c2251cd3b20448
216,5007.8791043595365,4.281736634227404,0xd04667c147dea188bf142c8b0d4ffadc4a70de77,2017-10-31T19:07:17.000Z,0.000855,0xf2b8e45c275486b7ab352368296c72d2712e66c7,buy,0x7d4b8cce0591c9044a22ee543533b72e976e36c3,0x24f156ec11782fff33e42d61fa54d09aa3d3f0645db27006f12e70c60d58ac25
217,1,0.000855,0xb4a63631663065653d3ff3025421065cb28fbb45,2017-10-31T18:45:22.000Z,0.000855,0xf2b8e45c275486b7ab352368296c72d2712e66c7,buy,0x7d4b8cce0591c9044a22ee543533b72e976e36c3,0xa9822e8a02c76b499707970f4323f100c36d521ade111243ecb21c48023caa21
218,9.969095803010667,0.00777589472634832,0x924c49f5fe3e33a8bb44b39ccac04d9ab829da79,2017-10-31T18:43:32.000Z,0.00078,0xbade89c5c1155016aec4beb13dbae95b6625087c,sell,0x7d4b8cce0591c9044a22ee543533b72e976e36c3,0x485cb132c74268b775979c0f4d9a8b741d53bcfe053de36152fae82e18c9c116
219,310.06,0.2651013,0xb4a63631663065653d3ff3025421065cb28fbb45,2017-10-31T18:40:15.000Z,0.000855,0xf2b8e45c275486b7ab352368296c72d2712e66c7,buy,0x7d4b8cce0591c9044a22ee543533b72e976e36c3,0xec3326db6b1a0141644f294591d57cda8087ee670c186e76fa4e26be04d60e79
220,0.0001,0.0000000000002,0x035392de57aa4fe343d86494103dbe1b068a56c6,2017-10-31T17:42:31.000Z,0.000000002,0xd2f3106640db5d4f866734b45ce9dda390b8d6bd,sell,0x7d4b8cce0591c9044a22ee543533b72e976e36c3,0x2d345d290cb65c0544c6410106271b31733b802bf39636cef740f61f5bd12540
221,0.001,0.00000080003,0xb4a63631663065653d3ff3025421065cb28fbb45,2017-10-31T17:40:16.000Z,0.00080003,0xd2f3106640db5d4f866734b45ce9dda390b8d6bd,sell,0x7d4b8cce0591c9044a22ee543533b72e976e36c3,0x3545f9bae93cb2911ed80bce15cdedc5e19a985bd236b0610b378b525b20a02f
222,789,0.67065,0xb4a63631663065653d3ff3025421065cb28fbb45,2017-10-31T17:31:14.000Z,0.00085,0x8a5c48b14ef1db1911a931ec867f8492b9220895,buy,0x7d4b8cce0591c9044a22ee543533b72e976e36c3,0xbba83908907cd01673bfe10c1dd28e72681dfc61f9c3f97f5be6326daca3819d
223,0.001,0.000000000001,0x035392de57aa4fe343d86494103dbe1b068a56c6,2017-10-31T17:14:43.000Z,0.000000001,0xd2f3106640db5d4f866734b45ce9dda390b8d6bd,sell,0x7d4b8cce0591c9044a22ee543533b72e976e36c3,0x73c3bbd5eb4753dfbf82645a6029704dbca19bd618b89b3e1d936151bf78b1bc
224,85.21524847070495,0.06690334372683517,0xf92130ec1965c9e5793eb1a24beae78a89a6a7b7,2017-10-31T17:10:23.000Z,0.00078511,0xcb6ab60ec4d9a3a7879ab0816c3b45624e8c67ae,sell,0x7d4b8cce0591c9044a22ee543533b72e976e36c3,0x5137d4b8054d126b2e0f6846f201baa4c723687cac158f55242655a676a85acb
225,1376.9900810712597,1.0671673128302264,0xd2f3106640db5d4f866734b45ce9dda390b8d6bd,2017-10-31T16:59:09.000Z,0.000775,0x9525c5732e441faeeb9207b17d6cf2db8ca8d2d3,buy,0x7d4b8cce0591c9044a22ee543533b72e976e36c3,0x068580c8b237f9a32428b60375da6a72815b0c4bede0137e542c507f5e73cd8a
226,0.009918928740260645,0.000007687169773702,0xd2f3106640db5d4f866734b45ce9dda390b8d6bd,2017-10-31T16:56:59.000Z,0.000775,0x9525c5732e441faeeb9207b17d6cf2db8ca8d2d3,buy,0x7d4b8cce0591c9044a22ee543533b72e976e36c3,0x84493e6fde632b1444f1b1063fad6fc16bd815d593aacf0f9fc51ff927cf8325
227,107.8855018636,0.08362205249447636,0xb4a63631663065653d3ff3025421065cb28fbb45,2017-10-31T16:49:10.000Z,0.0007751,0x9525c5732e441faeeb9207b17d6cf2db8ca8d2d3,buy,0x7d4b8cce0591c9044a22ee543533b72e976e36c3,0x16d4ed102ff93ac59a0abd7893993d6313a3edbe676e6dabe3cc947223559eae
228,92.1144981364,0.07139794750552364,0xbc0cb24e2f1ec1dd8d0f18987695cf80f42953a0,2017-10-31T16:46:20.000Z,0.0007751,0x9525c5732e441faeeb9207b17d6cf2db8ca8d2d3,buy,0x7d4b8cce0591c9044a22ee543533b72e976e36c3,0x1686b02b06601700600ea33488bfcb3b187ec9cb7bdbd1d2487ed2af9974eb40
229,235.83373042962134,0.1827947244559995,0xf92130ec1965c9e5793eb1a24beae78a89a6a7b7,2017-10-31T16:44:29.000Z,0.0007751,0x517fc43f338b3507a69a1102debeb384644566f9,sell,0x7d4b8cce0591c9044a22ee543533b72e976e36c3,0xa4516a6b97e388ad0e6741a4a4f8cb043da366bd792a52f276d3d035e836ef83
230,681.304,0.527330658608,0x4906530a2475d7ca937aca492fc46b716ea52340,2017-10-31T16:41:33.000Z,0.000774002,0x517fc43f338b3507a69a1102debeb384644566f9,sell,0x7d4b8cce0591c9044a22ee543533b72e976e36c3,0x1d035c396dc5ce0db94e0bc82552c7cd5f59958b6c103e491197e4c77445f557
231,1000,0.87,0x5a744e7efe523db5a66f90972866a3b5e25dce59,2017-10-31T16:29:20.000Z,0.00087,0x53b9fb035001e1d4790110cfb25adcbaa92d1bc3,buy,0x7d4b8cce0591c9044a22ee543533b72e976e36c3,0x8b3ed32bcd5f7aca97e0dc281b38b6c1fff0cb687782a26fcbed6b0bfdf21e82
232,0.000000005129087719,0.00000000000438537,0xb4a63631663065653d3ff3025421065cb28fbb45,2017-10-31T16:26:16.000Z,0.0008550000000497165,0xf2b8e45c275486b7ab352368296c72d2712e66c7,buy,0x7d4b8cce0591c9044a22ee543533b72e976e36c3,0x75b8907d77e3c7c7c2cc3ad726d7fffee168ddde76d32989e466b4915be102ba
233,5.75,0.0048875,0x5a744e7efe523db5a66f90972866a3b5e25dce59,2017-10-31T16:02:38.000Z,0.00085,0xd9d7b7f8ab4fe180f74d9a200eef85be0f61dcec,buy,0x7d4b8cce0591c9044a22ee543533b72e976e36c3,0x0c6a7dd5af6f78dc6542389e85adbd8a56aeb6f3ac04abfaac607701c87a0cb2
234,0.000000008204566279,0.000000000007055927,0xa946bdcd8fa7ac107d5ca6e7168745d0ffcfb87b,2017-10-31T15:24:29.000Z,0.000860000000007313,0x9075a0352803c414adf5739398362a6bae45dce0,buy,0x7d4b8cce0591c9044a22ee543533b72e976e36c3,0xc9ffbc1d8b072c59cb45d5e9e8f96ac6e04f11cefdb6ac9371f5d23d797a0e15
235,0.000082299995636046,0.000000070777996247,0xa946bdcd8fa7ac107d5ca6e7168745d0ffcfb87b,2017-10-31T15:21:42.000Z,0.0008600000000000053,0x9075a0352803c414adf5739398362a6bae45dce0,buy,0x7d4b8cce0591c9044a22ee543533b72e976e36c3,0xac5edf1bb6c06490a7ce91260de3aa356ce1bf260c0e12b92ff94fcb32bfdaac
236,2475.5305949161666,2.128956311627903,0x72f90eb02e45aec19fa7d8e012ddc17c632ccf15,2017-10-31T15:18:58.000Z,0.00086,0x9075a0352803c414adf5739398362a6bae45dce0,buy,0x7d4b8cce0591c9044a22ee543533b72e976e36c3,0x295048d1e10712735d503e42f02bb056f0f9ca3c1ec9e4e08c67b37893f75ab6
237,937.4526570068163,0.801522021740828,0x72f90eb02e45aec19fa7d8e012ddc17c632ccf15,2017-10-31T15:18:29.000Z,0.000855,0x4906530a2475d7ca937aca492fc46b716ea52340,buy,0x7d4b8cce0591c9044a22ee543533b72e976e36c3,0x77efebef7edd601e13bcb34b03bf22849055e42996c6de8aa780e6662e5ecbf1
238,0.8303790413460959,0.000709974080350912,0xa946bdcd8fa7ac107d5ca6e7168745d0ffcfb87b,2017-10-31T15:17:34.000Z,0.000855,0x4906530a2475d7ca937aca492fc46b716ea52340,buy,0x7d4b8cce0591c9044a22ee543533b72e976e36c3,0x1254cd522ca73cb97292ffbb80aeb368f4768bf0905c5f54586fd2a6ff380ad4
239,5,0.004275,0xa946bdcd8fa7ac107d5ca6e7168745d0ffcfb87b,2017-10-31T15:14:57.000Z,0.000855,0x4906530a2475d7ca937aca492fc46b716ea52340,buy,0x7d4b8cce0591c9044a22ee543533b72e976e36c3,0x9ca64667333e69c0589792ee4683087ba750179ddb3e317c860bbe6ae3260153
240,556.7169639518376,0.4759930041788212,0x4be2166a8dbe25e79a9b30b4ce26858e10d21e92,2017-10-31T15:11:48.000Z,0.000855,0x4906530a2475d7ca937aca492fc46b716ea52340,buy,0x7d4b8cce0591c9044a22ee543533b72e976e36c3,0xca4408f07f6f690410d1a447ec5b2c78136bf31fdd6f511065ad538dacd19646
241,323.99561359784667,0.25077325291596053,0x4906530a2475d7ca937aca492fc46b716ea52340,2017-10-31T15:09:49.000Z,0.000774002,0xf4f622f83071510e1ee78e992c31b0edc567a494,sell,0x7d4b8cce0591c9044a22ee543533b72e976e36c3,0x7e304af30938b5f410250771b1c82998e6bd69844dadb999d9af54f3ff83ca65
242,10322.076044724989,8.876985398463491,0xe56c69c881bad6971c2e3e97085ccae498f80915,2017-10-31T14:51:55.000Z,0.00086,0x9075a0352803c414adf5739398362a6bae45dce0,buy,0x7d4b8cce0591c9044a22ee543533b72e976e36c3,0x9e20f5a9f2c897034cc78e916c4dbc20b5efa8f629b7343ad870cd4b881e3286
243,2360,2.006,0xe56c69c881bad6971c2e3e97085ccae498f80915,2017-10-31T14:50:43.000Z,0.00085,0x0b8a97a036bcc47707a11231362435e937f35536,buy,0x7d4b8cce0591c9044a22ee543533b72e976e36c3,0x2ec3d5bf8824ad52810214fbe9e401702b8889347dea838306eaaff656b112ea
244,504.43624763233976,0.3884159106769016,0x4906530a2475d7ca937aca492fc46b716ea52340,2017-10-31T14:40:29.000Z,0.00077,0x44c2a8c707b49f1790d51305f036f79a0dad9790,sell,0x7d4b8cce0591c9044a22ee543533b72e976e36c3,0x7500caf881d3ea1d41df2510df22ed1a7ce8bdc2a8b4af10fabac0f821867632
245,100,0.075,0x273a5d3e6721b9f5c1a6474f560c1334c63dda01,2017-10-31T14:36:42.000Z,0.00075,0x44c2a8c707b49f1790d51305f036f79a0dad9790,buy,0x7d4b8cce0591c9044a22ee543533b72e976e36c3,0xdb6d196bd8612a1772f287e229f233c00acf4d0720098372a56827e4ed848a54
246,99.7,0.0771679994,0x4906530a2475d7ca937aca492fc46b716ea52340,2017-10-31T14:36:42.000Z,0.000774002,0x273a5d3e6721b9f5c1a6474f560c1334c63dda01,sell,0x7d4b8cce0591c9044a22ee543533b72e976e36c3,0xdb6d196bd8612a1772f287e229f233c00acf4d0720098372a56827e4ed848a54
247,588,0.455112,0x72f90eb02e45aec19fa7d8e012ddc17c632ccf15,2017-10-31T14:25:22.000Z,0.000774,0xbbe6325f46599831a948b6c6c974f5ff8a5f738c,buy,0x7d4b8cce0591c9044a22ee543533b72e976e36c3,0x57a1e0561800e488531ab60d1eae93b7316ce5bc20a6178a5b36f179448b41a8
248,1000,0.8500001,0xe56c69c881bad6971c2e3e97085ccae498f80915,2017-10-31T14:07:46.000Z,0.0008500001,0x4906530a2475d7ca937aca492fc46b716ea52340,buy,0x7d4b8cce0591c9044a22ee543533b72e976e36c3,0xb97068e7db12bf62bd4bd2fe9c6cc5b5f4952343c97d8cfc5db9e97965d08139
249,1.751,0.00148658149,0xe56c69c881bad6971c2e3e97085ccae498f80915,2017-10-31T14:07:46.000Z,0.00084899,0x9dd9ec97bb901d5fbfaa6a6bcf7d21f629960e24,buy,0x7d4b8cce0591c9044a22ee543533b72e976e36c3,0xa9314ab774d06eb01b717f496f7032167101c1ef4ca3bc372a0d293105872892
250,3000,2.55,0xe56c69c881bad6971c2e3e97085ccae498f80915,2017-10-31T14:07:23.000Z,0.00085,0x53b9fb035001e1d4790110cfb25adcbaa92d1bc3,buy,0x7d4b8cce0591c9044a22ee543533b72e976e36c3,0xea0f445fc7f8a0fa95e4a23974bba9a68ad9e2f73fce42b912b2d1a86663a2a5
251,250,0.2125,0xe56c69c881bad6971c2e3e97085ccae498f80915,2017-10-31T13:52:30.000Z,0.00085,0x4a84ba6e5cdc3b1ded42b0db88dd5b0057b1c6c9,buy,0x7d4b8cce0591c9044a22ee543533b72e976e36c3,0x62a581e87a67b536692482b51740af7163b4a1f34d51e684e94ce3ac10b0d980
252,4000,3.39596,0xe56c69c881bad6971c2e3e97085ccae498f80915,2017-10-31T13:52:30.000Z,0.00084899,0x72f90eb02e45aec19fa7d8e012ddc17c632ccf15,buy,0x7d4b8cce0591c9044a22ee543533b72e976e36c3,0x86d8d5f68c3cdf5885350355b4cb24aac507053c43b9757e6d4adb572bff493f
253,2185.88,1.8470686,0xe56c69c881bad6971c2e3e97085ccae498f80915,2017-10-31T13:52:30.000Z,0.000845,0x317b707f515f89e540cb755b04921224ba546a96,buy,0x7d4b8cce0591c9044a22ee543533b72e976e36c3,0x65686796e5f2975ae1b6fedd67081d90558c2f83c624707e64fa48d275b5e32a
254,548.3002691655867,0.4238366563652677,0x4906530a2475d7ca937aca492fc46b716ea52340,2017-10-31T13:02:47.000Z,0.0007730009999999999,0x0bde395e5e91b6821487aac5c81babc815d9fb3b,sell,0x7d4b8cce0591c9044a22ee543533b72e976e36c3,0x4c6d28c2997a2a91c929cbc9df4d8774a233c6dec8804b2bdcff916905365eed
255,509.85738280027016,0.43082948846622826,0xc700e6591fdab300dcd8ee5bab198fe883b51d82,2017-10-31T12:15:12.000Z,0.000845,0x317b707f515f89e540cb755b04921224ba546a96,buy,0x7d4b8cce0591c9044a22ee543533b72e976e36c3,0xd0829d67cd6fcbff77fe68b573f8fa16d65ec399fb9573becb966ded8eb0abc9
256,304.26223718311667,0.2571015904197336,0xb4a63631663065653d3ff3025421065cb28fbb45,2017-10-31T12:13:16.000Z,0.000845,0x317b707f515f89e540cb755b04921224ba546a96,buy,0x7d4b8cce0591c9044a22ee543533b72e976e36c3,0x4123681412be85d8da7b6e8ff9804faf5574743a8d1cdfa4faa7a0002196155a
257,12300,10.266318,0x8f82790149abb6dd300f4579114795ab5b2f3dae,2017-10-31T11:57:48.000Z,0.00083466,0xcb6ab60ec4d9a3a7879ab0816c3b45624e8c67ae,buy,0x7d4b8cce0591c9044a22ee543533b72e976e36c3,0xf4b1cf243a819e3c7d9ce5493be20aa116a5b582460843d98cd3d42f02b7474f
258,2,0.0014,0x1d5321e125f6c7079a716705541c7b371ca79e69,2017-10-31T11:12:18.000Z,0.0007,0x8559d914e378b64916acef3cb390e9c2d74f2843,buy,0x7d4b8cce0591c9044a22ee543533b72e976e36c3,0x2041ed0ee9f506c5ccf2ff859983abc98c1e85e2be20f215e9b9cafb36a24c30
259,1.9940179461615155,0.00153939182452642,0xc700e6591fdab300dcd8ee5bab198fe883b51d82,2017-10-31T11:12:18.000Z,0.0007720049999999997,0x1d5321e125f6c7079a716705541c7b371ca79e69,sell,0x7d4b8cce0591c9044a22ee543533b72e976e36c3,0x2041ed0ee9f506c5ccf2ff859983abc98c1e85e2be20f215e9b9cafb36a24c30
260,0.059,0.000045548295,0xc700e6591fdab300dcd8ee5bab198fe883b51d82,2017-10-31T11:11:05.000Z,0.000772005,0xad5b3fbc469313e21efe4117627a658424091b0a,sell,0x7d4b8cce0591c9044a22ee543533b72e976e36c3,0x634b42a63595c43ec271367f335d1390f86252605286d512854c1035e6c9d6d7
261,859.83451300967,0.6637922440434653,0x7760c2aeeca997e949f897c65859e26ef8390dbe,2017-10-31T10:16:47.000Z,0.000772,0xc0bee8bebcb5ae4af64ef5a04d6e0a0832015a3f,sell,0x7d4b8cce0591c9044a22ee543533b72e976e36c3,0x187a5894b49fecaa111507d70e7e77c6003b2a4902507716a9cf3b3eaf5cf66e
262,494.952,0.395466648,0x7760c2aeeca997e949f897c65859e26ef8390dbe,2017-10-31T10:05:56.000Z,0.000799,0xfbf7dc0756a9768d0c71aea5f8421f3b1eaee7d1,buy,0x7d4b8cce0591c9044a22ee543533b72e976e36c3,0x004b1ab2cdac01ce99b700ba46dfbd84077a55858e770691957da106984c18b3
263,1005.0479520994304,0.8030333137274449,0x7760c2aeeca997e949f897c65859e26ef8390dbe,2017-10-31T10:00:17.000Z,0.000799,0xfbf7dc0756a9768d0c71aea5f8421f3b1eaee7d1,buy,0x7d4b8cce0591c9044a22ee543533b72e976e36c3,0xf3b718e62075626424e39af20b9deebd8874ee8dd778c38e751d42d9517984a8
264,0.2981486201266409,0.000229932215841665,0x60eb28f8c2863fc3bc99fe2d8714a46d8c255388,2017-10-31T09:51:03.000Z,0.0007711999999999985,0x009a12d4290630bc01fd82516ac57c1dc6a9bcfb,sell,0x7d4b8cce0591c9044a22ee543533b72e976e36c3,0x6079c516325c8356a52eab0c40fed134372056c35f4eccbcb16f25cfc2935df6
265,591.9897132118369,0.45583207917311447,0x4906530a2475d7ca937aca492fc46b716ea52340,2017-10-31T09:50:39.000Z,0.00077,0xad5b3fbc469313e21efe4117627a658424091b0a,sell,0x7d4b8cce0591c9044a22ee543533b72e976e36c3,0x113f378c3306622e2c14904ce3a0978da4bf9d1323720de6619bab874eb8158b
266,694.5293517764156,0.5354821302196164,0x54cd1da355c89bfcb2fd8190bed4f718d314860f,2017-10-31T09:42:38.000Z,0.000771,0xb7dbe128051ef0ba9333d0793ca1c4bef87b5e83,sell,0x7d4b8cce0591c9044a22ee543533b72e976e36c3,0xffbcad9bb6d23ae8e432b7e0a927405deb0f593b24118c4e65af745851d230f4
267,5,0.004,0x8559d914e378b64916acef3cb390e9c2d74f2843,2017-10-31T09:41:45.000Z,0.0008,0xad5b3fbc469313e21efe4117627a658424091b0a,sell,0x7d4b8cce0591c9044a22ee543533b72e976e36c3,0x93a9289b959c4e491143fdd3b63897747894e7f289e43586c5fc13fb6966b2ed
268,1102,0.849642,0x8f01fc9aa667bdba9eed7371c3d179da0ba1e03d,2017-10-31T09:41:02.000Z,0.000771,0xb7dbe128051ef0ba9333d0793ca1c4bef87b5e83,sell,0x7d4b8cce0591c9044a22ee543533b72e976e36c3,0x4ade0c15b4c338736a1a599abd607f1da4da8c80daa30dd3f59e493c125d09e0
269,362.335,0.279432752,0xf92130ec1965c9e5793eb1a24beae78a89a6a7b7,2017-10-31T09:40:05.000Z,0.0007712,0xb7dbe128051ef0ba9333d0793ca1c4bef87b5e83,sell,0x7d4b8cce0591c9044a22ee543533b72e976e36c3,0xd6b9ae4fb34640af0c163b53a7d35c94fa9434ed2720b2754688b7d528ee1f91
270,203.97766922540126,0.15747076064200977,0x4906530a2475d7ca937aca492fc46b716ea52340,2017-10-31T09:37:51.000Z,0.000772,0xb7dbe128051ef0ba9333d0793ca1c4bef87b5e83,sell,0x7d4b8cce0591c9044a22ee543533b72e976e36c3,0xcd17996368f95f9bdd7830de40aac26ca4f0f57085afd1aa5cf73148592d305a
271,763.2495402721979,0.6479912271956934,0x84265c7caec1bfb0362a00dd2db370eebf6f1c14,2017-10-31T09:09:03.000Z,0.00084899,0x9dd9ec97bb901d5fbfaa6a6bcf7d21f629960e24,buy,0x7d4b8cce0591c9044a22ee543533b72e976e36c3,0xe2983de7a4f476206559a49f0aa34f06bf588d4f4f5eedd05692306afb0d5b11
272,400,0.34,0x84265c7caec1bfb0362a00dd2db370eebf6f1c14,2017-10-31T08:48:50.000Z,0.00085,0xad5b3fbc469313e21efe4117627a658424091b0a,sell,0x7d4b8cce0591c9044a22ee543533b72e976e36c3,0x307b28ce17a6c2ca8599fff189b00685c7b9febf5ed5fbc544d9927bf1cedce2
273,896.0223307745988,0.6917292393579902,0x4906530a2475d7ca937aca492fc46b716ea52340,2017-10-31T08:47:41.000Z,0.000772,0x873e2b59de25be7ce87a1bd88e650f43f09e8463,sell,0x7d4b8cce0591c9044a22ee543533b72e976e36c3,0x15a890787d78cba386ccc30d779a48a0d0f197f343fa7bfcd29dfe56ab9dd6a9
274,400,0.339596,0x71e71b178937eae1c7392438b3ef927a2e5105e5,2017-10-31T08:42:25.000Z,0.00084899,0x873e2b59de25be7ce87a1bd88e650f43f09e8463,sell,0x7d4b8cce0591c9044a22ee543533b72e976e36c3,0x3793ee379013cc95c0d37366d4034f81a24fba8ea80ac3e122165bfa8e167d83
275,1500,1.158,0xfbf7dc0756a9768d0c71aea5f8421f3b1eaee7d1,2017-10-31T08:07:51.000Z,0.000772,0x53b9fb035001e1d4790110cfb25adcbaa92d1bc3,sell,0x7d4b8cce0591c9044a22ee543533b72e976e36c3,0xd8b460de4166262c2c8c3609f2caffd721f583754969957ef0c4921e929ebc52
276,500,0.39,0x953d1111662196af36e9d387c0f909e14111fa76,2017-10-31T08:07:51.000Z,0.00078,0x53b9fb035001e1d4790110cfb25adcbaa92d1bc3,sell,0x7d4b8cce0591c9044a22ee543533b72e976e36c3,0x4494294cc47fc85daaf39e18f94980fdecaf0341f3eff1c40e2454995b34848a
277,1000,0.7800011,0xad5b3fbc469313e21efe4117627a658424091b0a,2017-10-31T08:07:37.000Z,0.0007800011,0x53b9fb035001e1d4790110cfb25adcbaa92d1bc3,sell,0x7d4b8cce0591c9044a22ee543533b72e976e36c3,0x15f80a5e519fd1edd54a459e5f2565f8b9e60d0e2d5304e3c7ad0f2969119bac
278,498.044,0.46318092,0x617d5868b434067debdeedec9ca04d1a863e5b99,2017-10-31T08:05:03.000Z,0.00093,0x3edf71c889d26110c05ffa67ca650583da80a82b,buy,0x7d4b8cce0591c9044a22ee543533b72e976e36c3,0x00decf898ae81fa4ed6794f892dd179e7d19094fb3d011ade2fc8ca21d132530
279,19.717781790169838,0.01732995841538027,0x617d5868b434067debdeedec9ca04d1a863e5b99,2017-10-31T07:59:07.000Z,0.0008789,0x184ef1e47cbf50f871b91389f6ad494f4ac00680,buy,0x7d4b8cce0591c9044a22ee543533b72e976e36c3,0x925c8b3bb5907adfa7a9df063baae6884f2c78bb57bfa7212090ee63a1605842
280,3.995,0.003510806,0x617d5868b434067debdeedec9ca04d1a863e5b99,2017-10-31T07:58:36.000Z,0.0008788,0xcc9746088d51b288f989c1d3e7779bbc2c067166,buy,0x7d4b8cce0591c9044a22ee543533b72e976e36c3,0xcf5c71b9f68bd62d003a46c72ec461cf0ff76dd12642174a952b186b5e2dd930
281,700,0.601993,0x617d5868b434067debdeedec9ca04d1a863e5b99,2017-10-31T07:55:44.000Z,0.00085999,0xad5b3fbc469313e21efe4117627a658424091b0a,buy,0x7d4b8cce0591c9044a22ee543533b72e976e36c3,0x2f3af8172476b775b841e17d9b5fcc38f173fc443b256db028631f628237a526
282,1025.844,0.90274272,0x617d5868b434067debdeedec9ca04d1a863e5b99,2017-10-31T07:55:22.000Z,0.00088,0x9dd9ec97bb901d5fbfaa6a6bcf7d21f629960e24,buy,0x7d4b8cce0591c9044a22ee543533b72e976e36c3,0x557f9ce08b1b3e04eaa819674e50bead453844e5ef8fdb8bf3cc32bfd7ea1ff6
283,600,0.5333328,0x617d5868b434067debdeedec9ca04d1a863e5b99,2017-10-31T07:55:22.000Z,0.000888888,0x9dd9ec97bb901d5fbfaa6a6bcf7d21f629960e24,buy,0x7d4b8cce0591c9044a22ee543533b72e976e36c3,0x623e4180304cb684fa729996798afda8160c5ea4ae78ea59e79aea7feae07409
284,179.99994428999045,0.15731995130945167,0x617d5868b434067debdeedec9ca04d1a863e5b99,2017-10-31T07:55:22.000Z,0.000874,0xabf808bd25c9d60a6bb40391222629c52cce2537,buy,0x7d4b8cce0591c9044a22ee543533b72e976e36c3,0x0f7852207037676a600e42cfed450a32d652164efaf7dc132dfe75f1279b98b0
285,700,0.546077,0xad5b3fbc469313e21efe4117627a658424091b0a,2017-10-31T07:41:31.000Z,0.00078011,0xc26ca52bd8b2832a6fc7d4000899e74fd2c77e7b,sell,0x7d4b8cce0591c9044a22ee543533b72e976e36c3,0xf406799813e6ba9856f8d635ba4937393285e8e850978d9b8e111de52eaea2e0
286,67.3649101216234,0.05726017360337989,0xd4f993c910736126b28f66cda2a8c93076baae53,2017-10-31T07:34:10.000Z,0.00085,0x953d1111662196af36e9d387c0f909e14111fa76,sell,0x7d4b8cce0591c9044a22ee543533b72e976e36c3,0x134ee49265049c76e77a9b2844ee7371af875f051484cd3a5c33e208b749b534
287,120.6350898783766,0.10253982639662011,0xd4f993c910736126b28f66cda2a8c93076baae53,2017-10-31T07:16:24.000Z,0.00085,0xe193654969d1b7a0624a576b642a975512209319,sell,0x7d4b8cce0591c9044a22ee543533b72e976e36c3,0x53d90befa8284015ac4d7ff89749f66b9281a890d1b8f5882dd6f37437db560a
288,399,0.33915,0x28845e6e3c5a350cfadf14bf263e00fd5ec42a61,2017-10-31T07:06:56.000Z,0.00085,0x06811a2b589d9a80d20925ab683a32ef796b4648,buy,0x7d4b8cce0591c9044a22ee543533b72e976e36c3,0xe28cdb57a621641b1b96a56fc67d7b0e18717ae56dccaa64eeb73deae406db0d
289,322.5156419627577,0.27252571745853027,0x953d1111662196af36e9d387c0f909e14111fa76,2017-10-31T06:34:39.000Z,0.000845,0xcb6ab60ec4d9a3a7879ab0816c3b45624e8c67ae,buy,0x7d4b8cce0591c9044a22ee543533b72e976e36c3,0x77ed64ca0e837f4659f26af39166e99cc104cb622c7a59c1383b15ab53120e8b
290,12437.484358037242,10.50967428254147,0x2098c1a696814e6da5f0af6f5931bedc1793bb05,2017-10-31T04:52:24.000Z,0.000845,0xcb6ab60ec4d9a3a7879ab0816c3b45624e8c67ae,buy,0x7d4b8cce0591c9044a22ee543533b72e976e36c3,0x57525dda379d5188fa7ec78cecebeebda6943660be986b70ef2d5a5ba939cd93
291,3000,2.283,0x317b707f515f89e540cb755b04921224ba546a96,2017-10-31T04:03:25.000Z,0.000761,0xcb6ab60ec4d9a3a7879ab0816c3b45624e8c67ae,sell,0x7d4b8cce0591c9044a22ee543533b72e976e36c3,0x5de7c384b2bb8f5cfe54bec9d3af21bfc62d375cd8e699df62dea648e1cd51f6
292,0.664762170026,0.000512664585524051,0xf92130ec1965c9e5793eb1a24beae78a89a6a7b7,2017-10-31T04:02:38.000Z,0.0007711999999999997,0xe444a40689f51f63bcd29910622035707d533d29,sell,0x7d4b8cce0591c9044a22ee543533b72e976e36c3,0xf17041c63019a184a04038c117f8e35eb288a19354b14fd66e586483f541bf91
293,1400,1.2444432,0xe5abf00b3a510505a17cdf61080d8e87f1020b4a,2017-10-31T03:40:45.000Z,0.000888888,0x9dd9ec97bb901d5fbfaa6a6bcf7d21f629960e24,buy,0x7d4b8cce0591c9044a22ee543533b72e976e36c3,0xa75d5e13f750a2523c927c99491a4ef153df41e17dbbb629aa092ad46d101bef
294,0.01,0.000007711,0x953d1111662196af36e9d387c0f909e14111fa76,2017-10-31T03:26:37.000Z,0.0007711,0xd2f3106640db5d4f866734b45ce9dda390b8d6bd,sell,0x7d4b8cce0591c9044a22ee543533b72e976e36c3,0x63bffcb7a14f3b090e3bc93ddee14b51c5a4314e66723956a9d6623a0c36b9dd
295,7.9752766424085335,0.005662454391386701,0xb49fda420b9ce7334c6446af26f06225cbecb401,2017-10-31T03:20:54.000Z,0.0007100009999999999,0x9c16659cc9c0a8a1a42bd4f4956b65f5d6684f2e,sell,0x7d4b8cce0591c9044a22ee543533b72e976e36c3,0x754d611fcc1dacb36071885db7c27887915ca4239932fe89d64a320d4e9c4335
296,8,0.02,0x9c16659cc9c0a8a1a42bd4f4956b65f5d6684f2e,2017-10-31T03:13:09.000Z,0.0025,0x0005f36429933321fd26e09d0717947b0dcaecf7,buy,0x7d4b8cce0591c9044a22ee543533b72e976e36c3,0x2af6df0402dba2821e8a526a125f23daf44a4bd6e3acae569284fb6c8aa824b2
297,0.000000000000553775,0.000000000000000484,0xd2f3106640db5d4f866734b45ce9dda390b8d6bd,2017-10-31T02:43:35.000Z,0.0008740011737619069,0xabf808bd25c9d60a6bb40391222629c52cce2537,buy,0x7d4b8cce0591c9044a22ee543533b72e976e36c3,0xf7ae9c3a1c3352c0feb5ffa9b573e90656681ba234ebaddd2f7a5505af339b52
298,0.000000005523450159,0.000000000004854008,0xd2f3106640db5d4f866734b45ce9dda390b8d6bd,2017-10-31T02:37:56.000Z,0.0008788000000490273,0xcc9746088d51b288f989c1d3e7779bbc2c067166,buy,0x7d4b8cce0591c9044a22ee543533b72e976e36c3,0x4f23f07e9717cb9782c33e70caf379552d1e80f43deac107a854c9c2110ac85b
299,0.000055710008989702,0.000000048690547857,0xd2f3106640db5d4f866734b45ce9dda390b8d6bd,2017-10-31T02:29:49.000Z,0.0008740000000000081,0xabf808bd25c9d60a6bb40391222629c52cce2537,buy,0x7d4b8cce0591c9044a22ee543533b72e976e36c3,0xae5c8e28d330b3b0a600a0ad2b6852cc9770892f5888ecda06232601bf9d6e30
300,150,0.1311,0x42e4510bb46063f5142cf562ae913d95130b82ea,2017-10-31T02:26:38.000Z,0.000874,0xabf808bd25c9d60a6bb40391222629c52cce2537,buy,0x7d4b8cce0591c9044a22ee543533b72e976e36c3,0xf82a654b311ffcd001cc8be9eb5a4d6d20b4bd47fb472066d9f05b743a0d594a
301,490.063,0.42635481,0x42e4510bb46063f5142cf562ae913d95130b82ea,2017-10-31T02:25:02.000Z,0.00087,0x9dd9ec97bb901d5fbfaa6a6bcf7d21f629960e24,buy,0x7d4b8cce0591c9044a22ee543533b72e976e36c3,0xdf349ef854c5c4041cee97625539ce9890349ae3a84a08ae2d86a028954cb52f
302,490.063,0.42635481,0x42e4510bb46063f5142cf562ae913d95130b82ea,2017-10-31T02:23:50.000Z,0.00087,0x9dd9ec97bb901d5fbfaa6a6bcf7d21f629960e24,buy,0x7d4b8cce0591c9044a22ee543533b72e976e36c3,0xfdeb6f479067fc186d5caf34f9e14e0b732645d00cba7b238842ca743615f8f8
303,9.936865830866841,0.008645073272854152,0x42e4510bb46063f5142cf562ae913d95130b82ea,2017-10-31T02:22:25.000Z,0.00087,0x9dd9ec97bb901d5fbfaa6a6bcf7d21f629960e24,buy,0x7d4b8cce0591c9044a22ee543533b72e976e36c3,0x64773f9a3b30368116684aa5d03a09c5ee1802118584b44fcfd0af8794cfd812
304,9.936865830866841,0.008645073272854152,0x42e4510bb46063f5142cf562ae913d95130b82ea,2017-10-31T02:22:18.000Z,0.00087,0x9dd9ec97bb901d5fbfaa6a6bcf7d21f629960e24,buy,0x7d4b8cce0591c9044a22ee543533b72e976e36c3,0xdfd3945e82c200fb8646776c0d4ae859e5ff27c4b71294d8e5bd6ddf7737bd89
305,0.000771,0.1542,0x60eb28f8c2863fc3bc99fe2d8714a46d8c255388,2017-10-31T00:30:26.000Z,200,0x273a5d3e6721b9f5c1a6474f560c1334c63dda01,sell,0x7d4b8cce0591c9044a22ee543533b72e976e36c3,0x59493773dcbe204bcdb84cce1d3f126f0ba9fdb2fa6175027e535a957c0d8d81
306,6244.28221820983,5.48809964158462,0xafa2a0cd8ed977c2515b266c3bcc6fe1096c573d,2017-10-30T22:29:57.000Z,0.0008789,0x184ef1e47cbf50f871b91389f6ad494f4ac00680,buy,0x7d4b8cce0591c9044a22ee543533b72e976e36c3,0x02d631271334efcdc5264459196da2f9a46dbb3a85c4b4ecc22a6b82ce8932e3
307,1283.0049332277042,1.1275047353205063,0xafa2a0cd8ed977c2515b266c3bcc6fe1096c573d,2017-10-30T22:26:26.000Z,0.0008788,0xcc9746088d51b288f989c1d3e7779bbc2c067166,buy,0x7d4b8cce0591c9044a22ee543533b72e976e36c3,0xcf3d803a15bd36be144336567cae85226779c22aa6c1ba819bf351f37cffeb99
308,488.155532481379,0.4295768685836135,0xb4a63631663065653d3ff3025421065cb28fbb45,2017-10-30T20:48:46.000Z,0.00088,0x9dd9ec97bb901d5fbfaa6a6bcf7d21f629960e24,buy,0x7d4b8cce0591c9044a22ee543533b72e976e36c3,0x2520fdb835beada19a024f3627721b44dce899f8a584c46c48359b30168d9e70
309,226,0.19888,0x1df92fc6073f2d5fdcfdad3dc1a75b5c893f5218,2017-10-30T20:30:34.000Z,0.00088,0x9dd9ec97bb901d5fbfaa6a6bcf7d21f629960e24,buy,0x7d4b8cce0591c9044a22ee543533b72e976e36c3,0x1148356a0d171b23594680cbfa17d7fb8c40d4d1d604d452f975d9f3b749d0ea
310,137,0.1096,0xb4a63631663065653d3ff3025421065cb28fbb45,2017-10-30T20:30:34.000Z,0.0008,0x7a1026f12cc112828ac4952ffad3967881a785fb,sell,0x7d4b8cce0591c9044a22ee543533b72e976e36c3,0xf17ea1f76c7417c34d4196fdf9b8ee77b2c25a02d5b782e58c550c92c2eca129
311,50,0.04,0xdff3f8bde2f9f9a02e4cf85ef38a949cbb24415c,2017-10-30T20:26:24.000Z,0.0008,0x7a1026f12cc112828ac4952ffad3967881a785fb,sell,0x7d4b8cce0591c9044a22ee543533b72e976e36c3,0xd4f1c1089f5db0910791924fa927b612c4a252b483a82c52eeb02484cca1c123
312,130,0.1144,0xa0e8d87e5caf8424c86c8d95d99d6394dc04ad22,2017-10-30T19:57:37.000Z,0.00088,0x9dd9ec97bb901d5fbfaa6a6bcf7d21f629960e24,buy,0x7d4b8cce0591c9044a22ee543533b72e976e36c3,0x3845278f37d23486a2be36d8eb4791c92bdc1a78158baf2c02793ba9303f846b
313,130,0.1144,0xa0e8d87e5caf8424c86c8d95d99d6394dc04ad22,2017-10-30T19:31:08.000Z,0.00088,0x9dd9ec97bb901d5fbfaa6a6bcf7d21f629960e24,buy,0x7d4b8cce0591c9044a22ee543533b72e976e36c3,0x5b0c18816daa458c1b39d9845a4de788d912cb322a30b4b4894d3dec7c271810
314,40,0.03516,0xa0e8d87e5caf8424c86c8d95d99d6394dc04ad22,2017-10-30T19:30:48.000Z,0.000879,0xf01cc749a4a6a3e19a5dfc88f9de1e3f0aa41390,buy,0x7d4b8cce0591c9044a22ee543533b72e976e36c3,0xa54d3138d9b6080882facb2a3335f43e2c33ff7e5e9aac7aa563258f1c5624a0
315,40,0.036,0xb4a63631663065653d3ff3025421065cb28fbb45,2017-10-30T18:40:13.000Z,0.0009,0x1319072e7048de2910ff4fe540c83177d0f4ef85,buy,0x7d4b8cce0591c9044a22ee543533b72e976e36c3,0x3c0d5ffb2ee561b03e1b579e5f1940bf9121ff84f7628246ce5956226b179a32
316,100,0.089,0xb4a63631663065653d3ff3025421065cb28fbb45,2017-10-30T18:39:07.000Z,0.00089,0xd0ba903dfd7fa044edf2b4e4a61e468b0d203b1e,buy,0x7d4b8cce0591c9044a22ee543533b72e976e36c3,0xc78f324e27cf2505d18b9d538d0457943dfdd6aec5e1ab86cdb15a73b3f1e6f6
317,1451.5065395160464,1.3058719532841672,0xd04667c147dea188bf142c8b0d4ffadc4a70de77,2017-10-30T18:34:11.000Z,0.0008996666,0x4c37fdeaa99c4334475659f775879602d7f34f11,buy,0x7d4b8cce0591c9044a22ee543533b72e976e36c3,0x5cc71f0fdf7a8a004e40f202202fffb8320fadb6f32603fc5de4e8b8bf3cb48d
318,1234,1.08592,0xd04667c147dea188bf142c8b0d4ffadc4a70de77,2017-10-30T18:31:12.000Z,0.00088,0x9dd9ec97bb901d5fbfaa6a6bcf7d21f629960e24,buy,0x7d4b8cce0591c9044a22ee543533b72e976e36c3,0xce59fb13769c81ad85bad57704fba04c5d85e448e8b5eb75f4d6a9c0c7657d74
319,1000,0.885,0xd04667c147dea188bf142c8b0d4ffadc4a70de77,2017-10-30T18:31:12.000Z,0.000885,0x4906530a2475d7ca937aca492fc46b716ea52340,buy,0x7d4b8cce0591c9044a22ee543533b72e976e36c3,0xdd5816b631476479f8b6649d6d6a8cabe32cc162d79b40bb5e394d382bccaec7
320,2000,1.758,0xd04667c147dea188bf142c8b0d4ffadc4a70de77,2017-10-30T18:27:08.000Z,0.000879,0x9dd9ec97bb901d5fbfaa6a6bcf7d21f629960e24,buy,0x7d4b8cce0591c9044a22ee543533b72e976e36c3,0xb4eb85e12ee08b2cfd8cef69460180d1b8a7839430d84242c084db620993cf44
321,231.45158579389297,0.1944193320668701,0x1df92fc6073f2d5fdcfdad3dc1a75b5c893f5218,2017-10-30T17:44:48.000Z,0.00084,0xd9e8f77e8ba91f439d2d5b496b14c0db2e78d40f,buy,0x7d4b8cce0591c9044a22ee543533b72e976e36c3,0xebd09fe04dca4b545ec6acdf63577023f0730f0c2932ca656f1b34335f7359e5
322,166,0.13944,0x117878fc423b0f7352db9e2a2d022df2e7427053,2017-10-30T17:07:22.000Z,0.00084,0xd9e8f77e8ba91f439d2d5b496b14c0db2e78d40f,buy,0x7d4b8cce0591c9044a22ee543533b72e976e36c3,0xf016a0ccd89e9bc0ee929297e3218e3fb48fee8146c3a15ecf951384b7a65469
323,1000,0.85,0x117878fc423b0f7352db9e2a2d022df2e7427053,2017-10-30T17:05:42.000Z,0.00085,0x4906530a2475d7ca937aca492fc46b716ea52340,buy,0x7d4b8cce0591c9044a22ee543533b72e976e36c3,0x5963d413bb4fe25b53fb0f11203e33a945c55ca645f29fc65cfa9fa62566e605
324,262.28566996899906,0.22031996277395918,0x1df92fc6073f2d5fdcfdad3dc1a75b5c893f5218,2017-10-30T17:00:55.000Z,0.00084,0xd9e8f77e8ba91f439d2d5b496b14c0db2e78d40f,buy,0x7d4b8cce0591c9044a22ee543533b72e976e36c3,0xe383d4a1f0a97472e269b96f508a131f9e502a37f1519c568c80c6667bf23eb5
325,94.793,0.07962612,0xb4a63631663065653d3ff3025421065cb28fbb45,2017-10-30T15:27:54.000Z,0.00084,0x60eb28f8c2863fc3bc99fe2d8714a46d8c255388,buy,0x7d4b8cce0591c9044a22ee543533b72e976e36c3,0x739f5f8ef588015c22eb28de470192037267ac51c6e456d9fe4990b048285985
326,105.20658237284543,0.08837352919319015,0x4caff56c378decef5febedd1854cda5fff4d6c83,2017-10-30T15:22:00.000Z,0.00084,0x60eb28f8c2863fc3bc99fe2d8714a46d8c255388,buy,0x7d4b8cce0591c9044a22ee543533b72e976e36c3,0x7eb9c2c8ebedae563a6bddfb96426ecb9ba66f9740f073da50ea5b7ae8b0b555
327,1,0.000747101,0xb4a63631663065653d3ff3025421065cb28fbb45,2017-10-30T15:20:10.000Z,0.000747101,0x84b263479ce8a836fd3a1af4278b342cf047a938,sell,0x7d4b8cce0591c9044a22ee543533b72e976e36c3,0xecf8655e0c6649fa11f285098588874ee6dc6b2f50854bb2d56d824447750da9
328,249.22739507526668,0.1861980360881268,0xb4a63631663065653d3ff3025421065cb28fbb45,2017-10-30T15:18:45.000Z,0.000747101,0xc0998c780e0e3c13791c5a32721380d4b8e4c105,sell,0x7d4b8cce0591c9044a22ee543533b72e976e36c3,0x8f05696c104edafc515903d64c8b15911c08ddc064d81dcd93fbac5b8643db72
329,2000,1.534204,0x2ef0bb40a46f3276bdc8433d0a7ae78a83e5de12,2017-10-30T15:03:18.000Z,0.000767102,0xcb6ab60ec4d9a3a7879ab0816c3b45624e8c67ae,sell,0x7d4b8cce0591c9044a22ee543533b72e976e36c3,0xe6bcf8549b0815819fe28a47bd2349a766d89558847032a619e6ad7f248a29fa
330,59,0.04779,0xb4a63631663065653d3ff3025421065cb28fbb45,2017-10-30T14:57:16.000Z,0.00081,0x338e25a8fa1b3f55cdb3877e9d0fed1f00fa8033,buy,0x7d4b8cce0591c9044a22ee543533b72e976e36c3,0x8cd6c48c1260a66a708cdc121d0c29fb0cb5417ab4c06bc9d556a88081d26e48
331,17809.961,14.60416802,0xb4a63631663065653d3ff3025421065cb28fbb45,2017-10-30T14:55:12.000Z,0.00082,0x04823fabfa7f0fa5bd84ea284701337ecd8af395,buy,0x7d4b8cce0591c9044a22ee543533b72e976e36c3,0x93cd4b06608e3f64fa3080f63829d49b981b0d3c63bbaab2d09358eac9ada747
332,2190.038707413252,1.7958317400788666,0x6c15fc80882ddc2fc5334d36034b26f847b89efe,2017-10-30T14:54:50.000Z,0.00082,0x04823fabfa7f0fa5bd84ea284701337ecd8af395,buy,0x7d4b8cce0591c9044a22ee543533b72e976e36c3,0x17a45a0671e24e50a8f209b018788c26b6e19a64b76d30d94e99d004b8965b55
333,496,0.40176,0x240a5eea50b4eae549725684d17526c89d50c0f0,2017-10-30T14:45:56.000Z,0.00081,0x338e25a8fa1b3f55cdb3877e9d0fed1f00fa8033,buy,0x7d4b8cce0591c9044a22ee543533b72e976e36c3,0x10849fea738ce90bb81102a6ad96bffd842bee0d421c89a94d777ca3858b55ab
334,101,0.07777,0x16731550fecd15b47db42d1c0084186dedcdf579,2017-10-30T14:41:33.000Z,0.00077,0xb4a63631663065653d3ff3025421065cb28fbb45,sell,0x7d4b8cce0591c9044a22ee543533b72e976e36c3,0xcb8a0e687cd271c57b3d248005227932af2c20ba9adb73d3961d49bcc4e1f3e3
335,647.9912271956933,0.4841148938291297,0xb4a63631663065653d3ff3025421065cb28fbb45,2017-10-30T14:39:51.000Z,0.000747101,0x620fd39abd7cd237acfc264c5e66f7bde0a2e705,sell,0x7d4b8cce0591c9044a22ee543533b72e976e36c3,0x79fe2f85092ae8fe309f419cf23dfe33cf6d5eaa8f74d8b522a7532a6d9b3d4c
336,2000,1.6398,0xb4a63631663065653d3ff3025421065cb28fbb45,2017-10-30T14:05:25.000Z,0.0008199,0x9dd9ec97bb901d5fbfaa6a6bcf7d21f629960e24,buy,0x7d4b8cce0591c9044a22ee543533b72e976e36c3,0xdc4f3f1f133b4eed83d0c58e570eb5f78d93a869a84e2fb7a24badd9b956b319
337,3565,2.919735,0xb4a63631663065653d3ff3025421065cb28fbb45,2017-10-30T14:05:02.000Z,0.000819,0x317b707f515f89e540cb755b04921224ba546a96,buy,0x7d4b8cce0591c9044a22ee543533b72e976e36c3,0x452b4d9434ee61fb5197c715766f803a34f5782c2ced304ed21b83763fd3d78c
338,1738.449,1.37337471,0x73850df49cef8599fce66903d0fad7bfa8ec6307,2017-10-30T13:55:41.000Z,0.00079,0x04823fabfa7f0fa5bd84ea284701337ecd8af395,buy,0x7d4b8cce0591c9044a22ee543533b72e976e36c3,0x03cd6bc71c635a5ad5449e6d85c3d4ed87a4502459e6639a0786558ef903ee61
339,3000,2.397,0x73850df49cef8599fce66903d0fad7bfa8ec6307,2017-10-30T13:55:41.000Z,0.000799,0x317b707f515f89e540cb755b04921224ba546a96,buy,0x7d4b8cce0591c9044a22ee543533b72e976e36c3,0x1157cf72ba838672e905ffeeb92090b2592045f5681f28249e3e4c016a08d5fe
340,7600,6.223488,0x73850df49cef8599fce66903d0fad7bfa8ec6307,2017-10-30T13:55:24.000Z,0.00081888,0x8b5583d7f53935e6d642816efa7014c51bcec5f9,buy,0x7d4b8cce0591c9044a22ee543533b72e976e36c3,0x79f06267e7a26226cd2fb52eeaba3d14f4eb17a26aa469264dbcf0d8c6380acb
341,796.3735238831656,0.6290554465153125,0x73850df49cef8599fce66903d0fad7bfa8ec6307,2017-10-30T13:47:56.000Z,0.0007899,0x2f58842f4e70c044c12e1081dcd0afa74817b499,buy,0x7d4b8cce0591c9044a22ee543533b72e976e36c3,0xc31d54b142621201d186b97748ffffba8688d098436d83ce91bc7f6d25193756
342,520,0.410748,0x0f7130c8a23442d4099fbe86f7108831053d1065,2017-10-30T13:45:12.000Z,0.0007899,0xb4a63631663065653d3ff3025421065cb28fbb45,sell,0x7d4b8cce0591c9044a22ee543533b72e976e36c3,0x39f05b6dac1700c7ce401458b58382fdba2d4e3fa1179d9a6d7a469fa48dca02
343,37.40547611683437,0.02954658558468747,0x1df92fc6073f2d5fdcfdad3dc1a75b5c893f5218,2017-10-30T13:08:44.000Z,0.0007899,0x2f58842f4e70c044c12e1081dcd0afa74817b499,buy,0x7d4b8cce0591c9044a22ee543533b72e976e36c3,0x682835da299e932438326ba983ada2208898d8c483f5a151f341502d18943d87
344,1993.8191606021335,1.4953643704516,0xb4a63631663065653d3ff3025421065cb28fbb45,2017-10-30T13:08:44.000Z,0.00075,0x6c9bb61020da71da7880dfeb62a5e321aae7ab21,sell,0x7d4b8cce0591c9044a22ee543533b72e976e36c3,0x0f0cad571c659383389b178d706e1c50173c4d9d4cc542f7481f57c096193c86
345,600,0.47394,0x1df92fc6073f2d5fdcfdad3dc1a75b5c893f5218,2017-10-30T13:07:53.000Z,0.0007899,0x2f58842f4e70c044c12e1081dcd0afa74817b499,buy,0x7d4b8cce0591c9044a22ee543533b72e976e36c3,0x3de4a6baddaf5b468622e709312d9b7c1490569bf953e3ffd7ea8902ca45da5a
346,1495.414061887168,1.1066064057965044,0xb4a63631663065653d3ff3025421065cb28fbb45,2017-10-30T12:57:23.000Z,0.00074,0x180482fa9e1cb4f505270ee0e399744c6b6e727e,sell,0x7d4b8cce0591c9044a22ee543533b72e976e36c3,0x66a47e532ef6a95aa8f5a1551a71ab6756ff33feda38a67c86ea02444bf3f39d
347,2779.9187263074214,2.1683366065197887,0x8f82790149abb6dd300f4579114795ab5b2f3dae,2017-10-30T12:43:08.000Z,0.00078,0x6f966b366eb4f38c4833c4d13d07dc6c81199b9d,buy,0x7d4b8cce0591c9044a22ee543533b72e976e36c3,0x2bde161ee2e975369ccc71672db4b07b2a7dfd8c7b2162e8014fe94ec896ec98
348,430.004,0.335402689996,0xb4a63631663065653d3ff3025421065cb28fbb45,2017-10-30T12:37:57.000Z,0.000779999,0xb49fda420b9ce7334c6446af26f06225cbecb401,buy,0x7d4b8cce0591c9044a22ee543533b72e976e36c3,0x9161cba2a57c7c1c2483efd7253e046c8aae7e0439223a41914e99200a531869
349,345.08127369257863,0.26916339348021134,0xd04667c147dea188bf142c8b0d4ffadc4a70de77,2017-10-30T11:24:16.000Z,0.00078,0x6f966b366eb4f38c4833c4d13d07dc6c81199b9d,buy,0x7d4b8cce0591c9044a22ee543533b72e976e36c3,0x485bdb58726bd01a17a4dce68608413ad6fb2ed8051a1729d1febc9fac822688
350,498.45479018167913,0.35938590372099066,0x8f82790149abb6dd300f4579114795ab5b2f3dae,2017-10-30T11:13:28.000Z,0.000721,0x180482fa9e1cb4f505270ee0e399744c6b6e727e,sell,0x7d4b8cce0591c9044a22ee543533b72e976e36c3,0xe9c43259961c502ccb27fb9eedb718c25af0a198ef70486f32eb2c11e27e05eb
351,0.000312423477385184,0.000000225257327194,0x8f82790149abb6dd300f4579114795ab5b2f3dae,2017-10-30T11:11:04.000Z,0.0007209999999977029,0x180482fa9e1cb4f505270ee0e399744c6b6e727e,sell,0x7d4b8cce0591c9044a22ee543533b72e976e36c3,0xb2e3213a77aecc4f456bae488f4dddd7584ec4251c6b31d477562171861c4b7b
352,280.65496765780495,0.20207160477911634,0x6c15fc80882ddc2fc5334d36034b26f847b89efe,2017-10-30T10:51:24.000Z,0.0007200001,0xf3a627891a800fadbaba7c7787b69ae324bc7f4b,sell,0x7d4b8cce0591c9044a22ee543533b72e976e36c3,0xd8603f5ff35e196f731c58425022b32b3f78ae4716f2998ccfcbe5c3818a3483
353,2547.103951389071,1.8339148450001312,0x54d265013552f5e0812b6ed1dd38206043e40f61,2017-10-30T09:59:39.000Z,0.0007199999999999999,0xc6acf74bb5bf2f430cdde1dfddd674befb4df945,sell,0x7d4b8cce0591c9044a22ee543533b72e976e36c3,0x215bc1bfea867073f63e0c049bdd362a7b77648d6991ddad35cbca3bee562fa4
354,480,0.3408,0x5601d537cba8b2f5e1a50755572a1d6a45e329c9,2017-10-30T08:50:34.000Z,0.00071,0x3d8bf7ceb28158b09a643461a61b5f4490fa27f2,sell,0x7d4b8cce0591c9044a22ee543533b72e976e36c3,0x176bc69f2c2ad3da440fbfa027ae346a8029ddaa8e740d9f9c38a8a6543fc284
355,398.8132279367883,0.2831573918351197,0x06811a2b589d9a80d20925ab683a32ef796b4648,2017-10-30T08:48:03.000Z,0.00071,0xad5b3fbc469313e21efe4117627a658424091b0a,sell,0x7d4b8cce0591c9044a22ee543533b72e976e36c3,0xce9e42a9da9bbad2b4cc72228680e5aef9f42fd892b57cfd0a1b5d002ccc0b62
356,498.45479015053337,0.35390290100687866,0x5601d537cba8b2f5e1a50755572a1d6a45e329c9,2017-10-30T08:44:33.000Z,0.00071,0x8fcabac42ee19111fcca56163f6c16ec7c40c4d1,sell,0x7d4b8cce0591c9044a22ee543533b72e976e36c3,0x55d1b5fc8d5d952655b517fc2fb20cb3d056dd48510bae9d454ab6e4031d77d8
357,130.9,0.0929391309,0xb49fda420b9ce7334c6446af26f06225cbecb401,2017-10-30T08:42:39.000Z,0.000710001,0x3d8bf7ceb28158b09a643461a61b5f4490fa27f2,sell,0x7d4b8cce0591c9044a22ee543533b72e976e36c3,0xed6bb7f266ce5c8bc1bc599bbc55e6bd2842403d96914da2b94709c83e744b22
358,199.38191606021334,0.14156116040275146,0x5601d537cba8b2f5e1a50755572a1d6a45e329c9,2017-10-30T08:42:39.000Z,0.00071,0x4ece6189f43aa7551b4ace3a909085f5b4a8a4b0,sell,0x7d4b8cce0591c9044a22ee543533b72e976e36c3,0x8897df8e7573a67e66da6ff28a8e22c40b666828e8731bd9dc0096f2d0b40057
359,400,0.284004,0xad5b3fbc469313e21efe4117627a658424091b0a,2017-10-30T08:41:33.000Z,0.00071001,0x3d8bf7ceb28158b09a643461a61b5f4490fa27f2,sell,0x7d4b8cce0591c9044a22ee543533b72e976e36c3,0xb93d5ee2da348707942d626e4feab8172700100bcd4a6dbf96f4578bdb9f8430
360,100,0.072,0x952a83c53b77b288ef03606656a21b50e7861abc,2017-10-30T08:41:09.000Z,0.00072,0x3d8bf7ceb28158b09a643461a61b5f4490fa27f2,sell,0x7d4b8cce0591c9044a22ee543533b72e976e36c3,0x30051bee92e9dfbf8911ac55e6998c1cc45ce0303e38e62e32b067d10f2cc25e
361,1200,0.8652,0x28845e6e3c5a350cfadf14bf263e00fd5ec42a61,2017-10-30T08:38:24.000Z,0.000721,0x3d8bf7ceb28158b09a643461a61b5f4490fa27f2,sell,0x7d4b8cce0591c9044a22ee543533b72e976e36c3,0x70e2b0c31d85422f27329b26e5b7ecaed2f3c5e50daf0fe274f562c2aaec9809
362,680,0.493,0xeee298ed238f21d489df72d2ceede612cc129e83,2017-10-30T08:35:45.000Z,0.000725,0x3d8bf7ceb28158b09a643461a61b5f4490fa27f2,sell,0x7d4b8cce0591c9044a22ee543533b72e976e36c3,0x151d7f680c7200bfcd5e113857e7158c95a01d042eefeff7d031787cd94a9de3
363,0.15629276337846945,0.000488414885557717,0xd2f3106640db5d4f866734b45ce9dda390b8d6bd,2017-10-30T07:46:03.000Z,0.003125,0x0005f36429933321fd26e09d0717947b0dcaecf7,buy,0x7d4b8cce0591c9044a22ee543533b72e976e36c3,0xf2afcb810a25465d9f7563221015ac1c8632d2082cb5911810c8fdee79cd2772
364,2378.095102642924,1.8786951310879096,0xcef01dfe48077d5ea00cf1ffd949c62026af577e,2017-10-30T07:31:34.000Z,0.00079,0x04823fabfa7f0fa5bd84ea284701337ecd8af395,buy,0x7d4b8cce0591c9044a22ee543533b72e976e36c3,0x6e2bfff8ec8023e6e744de33f2f1ca7ec75a8be3bc5ce3dd514bf7f5847340e1
365,361,0.28158,0xcef01dfe48077d5ea00cf1ffd949c62026af577e,2017-10-30T07:29:31.000Z,0.00078,0x39bd12c87b8dc8875ca72208b45465d72d6f2874,buy,0x7d4b8cce0591c9044a22ee543533b72e976e36c3,0x69ed82d8dcad65d49fb89d8be895dfe854f4e713b3a92bb51ae765949d6edb86
366,1200,0.852,0x184ef1e47cbf50f871b91389f6ad494f4ac00680,2017-10-30T06:33:01.000Z,0.00071,0x6a55822080c9670f581ead56bccb88bf05da7dc3,buy,0x7d4b8cce0591c9044a22ee543533b72e976e36c3,0x9ee4c63cfbbcb7634637f1639a5512f2091b350bd1b64149060d8e9e0457d9d9
367,299.1,0.2123612991,0xb49fda420b9ce7334c6446af26f06225cbecb401,2017-10-30T05:12:50.000Z,0.000710001,0xd2ea382e498316d91b9de8557670149b479721a0,sell,0x7d4b8cce0591c9044a22ee543533b72e976e36c3,0x571017ddfc61acd1eb635cf5afa9671e6e7ec9c0cda2704957bbfbc716291bfc
368,300,0.21,0xd2ea382e498316d91b9de8557670149b479721a0,2017-10-30T05:12:50.000Z,0.0007,0xf7f1196baa8faabdc1268a4afc8c704e1b13a62a,buy,0x7d4b8cce0591c9044a22ee543533b72e976e36c3,0x571017ddfc61acd1eb635cf5afa9671e6e7ec9c0cda2704957bbfbc716291bfc
369,50,0.039,0x64ef1975158f85a23a661d5c205d083a3b3ea6a1,2017-10-30T04:48:51.000Z,0.00078,0x39bd12c87b8dc8875ca72208b45465d72d6f2874,buy,0x7d4b8cce0591c9044a22ee543533b72e976e36c3,0x6795dd080d76d0976ecdc87436f569950f17daad3f6283bccf78559394af53d8
370,50,0.0385,0x5601d537cba8b2f5e1a50755572a1d6a45e329c9,2017-10-30T03:01:33.000Z,0.00077,0x6f53cd6b4ec77f135a01c3d4d391c8e534bdda25,buy,0x7d4b8cce0591c9044a22ee543533b72e976e36c3,0xe05aa02c3460a1c6a412da5ca7e9ae1f16d98c65e258d5f539074934b7593205
371,0.5280767865893,0.000374934518478403,0x06811a2b589d9a80d20925ab683a32ef796b4648,2017-10-30T02:06:02.000Z,0.00071,0x379374d13077e8867ef31803c37baf9785a17c00,sell,0x7d4b8cce0591c9044a22ee543533b72e976e36c3,0xc5e4919e81754b6cb8ce841d99e63b26f2e5c2dc12f2d3af7d58b149eb20e8f5
372,0.000000002563918292,0.000000000002102413,0xb0f6d51654f7a01203a6afbea5f9e6e8221a6bce,2017-10-30T00:27:20.000Z,0.0008200000002184157,0x04823fabfa7f0fa5bd84ea284701337ecd8af395,buy,0x7d4b8cce0591c9044a22ee543533b72e976e36c3,0xa175a0d886185ded92076d8055f2a4aa077428b6f6a7b2a6a6846be1b0f30df4
373,0.0000263616227425,0.000000021089298194,0xb0f6d51654f7a01203a6afbea5f9e6e8221a6bce,2017-10-30T00:24:16.000Z,0.0008,0xc6acf74bb5bf2f430cdde1dfddd674befb4df945,buy,0x7d4b8cce0591c9044a22ee543533b72e976e36c3,0xf7546d027de55dd0a200735446dce484dcc425a66bb47173f0042afa679da528
374,0.26778069643555696,0.00021154675018409,0xb0f6d51654f7a01203a6afbea5f9e6e8221a6bce,2017-10-30T00:23:29.000Z,0.00079,0x04823fabfa7f0fa5bd84ea284701337ecd8af395,buy,0x7d4b8cce0591c9044a22ee543533b72e976e36c3,0xfe9042af957daa15eb6e7f227f5ed77bc0dc7ed1b70bb520b11319b74de5f568
375,3040.4683350246955,2.128358239200637,0x184ef1e47cbf50f871b91389f6ad494f4ac00680,2017-10-29T23:46:24.000Z,0.00070001,0xb0f6d51654f7a01203a6afbea5f9e6e8221a6bce,sell,0x7d4b8cce0591c9044a22ee543533b72e976e36c3,0xa91d1754061d9230e3d72674e04f0e87ca33fe4b82fc66858d184e3f8da05629
376,883.1877478162585,0.6977183207748442,0xcd69c1ccdefbca98380ccb3461af38b08d6a5e1d,2017-10-29T23:25:06.000Z,0.00079,0x04823fabfa7f0fa5bd84ea284701337ecd8af395,buy,0x7d4b8cce0591c9044a22ee543533b72e976e36c3,0x32af2c549a4d924fc363b5a76e40a3ba41f16340bf45facd531aadcacdc87bcb
377,119.79893975507322,0.08984920481630491,0xcd69c1ccdefbca98380ccb3461af38b08d6a5e1d,2017-10-29T23:22:28.000Z,0.00075,0x2d3807680493b01a5b4f8a81fbd23fc8607520c0,buy,0x7d4b8cce0591c9044a22ee543533b72e976e36c3,0x5dc8b78c295072e616c17b0f9a00dcb52cc1bb97cdc07d755bd76915ee7d66c2
378,20,0.015,0x05944de2e509bedcdb13004f1d3ac21004133845,2017-10-29T22:51:12.000Z,0.00075,0x2d3807680493b01a5b4f8a81fbd23fc8607520c0,buy,0x7d4b8cce0591c9044a22ee543533b72e976e36c3,0x47c0412789d27f5b15f5ef7f876e0997b5d276dfa2e478c3e2b2ff2f2ff6ba2b
379,1093,0.77603,0x6c15fc80882ddc2fc5334d36034b26f847b89efe,2017-10-29T21:59:22.000Z,0.00071,0x5d8309469b066297d85b84afa851304525d8ded8,sell,0x7d4b8cce0591c9044a22ee543533b72e976e36c3,0x978faae71d50c8e9d81bfbd85f50b28e134dba092eeb7269997d0a253cc62689
380,7125,5.34375,0xd04667c147dea188bf142c8b0d4ffadc4a70de77,2017-10-29T21:24:11.000Z,0.00075,0x331bfb32f0163c6a9e500cad0cf6273d4a7354e9,buy,0x7d4b8cce0591c9044a22ee543533b72e976e36c3,0x03038010eb752fc2e59ba3191c1797d819872e8b038a735255e06a3a3ff0f652
381,999.5,0.743628,0xd04667c147dea188bf142c8b0d4ffadc4a70de77,2017-10-29T21:21:05.000Z,0.000744,0x794174e49bf065bfb97cd3b06b3b5e2caccc0a17,buy,0x7d4b8cce0591c9044a22ee543533b72e976e36c3,0x6629017ec400bbf01699388e766810ce8664a72ebf67ed796d5f86566cbc0f8b
