,amount,amountBase,buyer,date,price,seller,side,tokenAddr,txHash
0,33.40404745289602,0.04342526168876483,0xb78fe855114021afeeb6c7e924da3cd858ce7bbd,2017-11-02T00:43:23.000Z,0.0013,0xa54ffa43d11698bc300d924781518b71dd10f0a8,sell,0x701c244b988a513c945973defa05de933b23fe1d,0x7e9c3e6101083549deb5bee58b0061f00497e485e2e858bfdf71c456cc43714a
1,13.14506349317117,0.01708858254112252,0xb78fe855114021afeeb6c7e924da3cd858ce7bbd,2017-11-01T12:04:17.000Z,0.0013,0x1451dbe4304a60b5b25b4d98b355effd440417af,sell,0x701c244b988a513c945973defa05de933b23fe1d,0x30bba43f916153e5bb688e5e9185c6eab2194a409b8cc7a776836b58b458a2ab
2,99.69095803010667,0.1273053534044462,0x254fb89e4cab71708eaab16e067ca8156a38e18a,2017-10-31T21:46:55.000Z,0.001277,0x527eee074b45bdc782075223df9d29aff1a64597,sell,0x701c244b988a513c945973defa05de933b23fe1d,0xa765103eeb073d0c1a116b2d47cbfa4412c2d4b6876526e4f994e89306313500
3,1,0.0016,0x0b773d7819259d78757b26dc4148812d35676d8f,2017-10-31T13:38:56.000Z,0.0016,0x0f1b76410215ed963ea2c3d3eaddd4a56350b422,buy,0x701c244b988a513c945973defa05de933b23fe1d,0x088518f110aaf024fc9d9466b3b324312dc316a1e1278387d175168733b7c4c2
4,32.999,0.042733705,0x6c723da0e2243be0d60a23801c00039b98ce35d6,2017-10-31T11:45:17.000Z,0.001295,0x8f9afc0931303e8878e24ea8946156d260f217d8,buy,0x701c244b988a513c945973defa05de933b23fe1d,0xb8387945809e1066e4014da4ea01027f0ab209cb8bdf1944253e9633a3bc98a8
5,107.639,0.1399307,0x6c723da0e2243be0d60a23801c00039b98ce35d6,2017-10-31T11:45:12.000Z,0.0013,0x527e6009e17c7e85ca8c3912accd8f0e12b89e2b,buy,0x701c244b988a513c945973defa05de933b23fe1d,0x4136f109e7bfe9f4cc2a51e8441409b1ff8ad9eba509cacffa0ead5f6a44df33
6,190,0.24605,0x6c723da0e2243be0d60a23801c00039b98ce35d6,2017-10-31T11:44:22.000Z,0.001295,0xfbf7dc0756a9768d0c71aea5f8421f3b1eaee7d1,buy,0x701c244b988a513c945973defa05de933b23fe1d,0x84b7e8cec5f490ccc3d6988b9f04996c16d73682874f6618772d9e32d4a768c0
7,0.3522999904878,0.000437204288195359,0x739c5f6d73d483705a08f9a52c7cd61c7933573e,2017-10-31T05:12:24.000Z,0.0012409999999999977,0xe444a40689f51f63bcd29910622035707d533d29,sell,0x701c244b988a513c945973defa05de933b23fe1d,0x59cdfd9f74cc1337a5a5c113d6f71637155f4180d47b7a742c2a147b0f04134b
8,64,0.0896,0x56dfcd32d39543946691e4fefb4f454c4169b87b,2017-10-31T05:06:20.000Z,0.0014,0xfbf7dc0756a9768d0c71aea5f8421f3b1eaee7d1,buy,0x701c244b988a513c945973defa05de933b23fe1d,0x6b76523a120f41845171797fb5ebfbcaa894b7bff750c129613bbedd8ed0e324
9,0.02,0.0000282,0x0c4085d8e714ca77ac5f46cd2b80a92d238a7cd3,2017-10-31T01:09:42.000Z,0.00141,0xd6ef78ef089ff1817ee51fa6a77f6bd06091ff05,buy,0x701c244b988a513c945973defa05de933b23fe1d,0x33f624f5bb4133e50819b2095b55d884e713434c0a6da047c571eb35b052b32c
10,810.0566026814838,1.0046483997776299,0x0ce4b16411b408bc9f06d456175db3cc79b25299,2017-10-30T22:08:52.000Z,0.00124022,0x19b2014c13fb196601a1c395c2817c4010198eb5,sell,0x701c244b988a513c945973defa05de933b23fe1d,0x570fb48e8289fa714ea625509b4cdf838e6a9da293cca902352053b60138e3f8
11,996.9095803010667,1.2363672614893828,0xd6ef78ef089ff1817ee51fa6a77f6bd06091ff05,2017-10-30T17:48:31.000Z,0.0012402,0xc9a642aa09c9fdc3e2b488dfbc5b3c5126ec6f52,sell,0x701c244b988a513c945973defa05de933b23fe1d,0xff2aa0fd14578e425925893158b0aa567fc6e86b98a97b97eba51ccd33d75b5c
12,55,0.077,0xf79e28203e451d0306f4c0088f1813fa1aa1f192,2017-10-30T15:46:20.000Z,0.0014,0xfbf7dc0756a9768d0c71aea5f8421f3b1eaee7d1,buy,0x701c244b988a513c945973defa05de933b23fe1d,0x6e6323199363ddc6baf34702e28dfcf61719825a7234ae880d25cda08181e2da
13,0.3195541580386,0.000386980404938902,0xf36990a2cb4d609e0a7d4f3bf884c0342d81fd3d,2017-10-30T02:50:45.000Z,0.001211000999999998,0x16e5d97bbc92417e051e3b2cabfbf8ceea2acb9c,sell,0x701c244b988a513c945973defa05de933b23fe1d,0x590495b0116929c64c77b591b3c643c6ae943ef3c99fc5599ef6200ae51112ff
14,1158.995,1.40238395,0x6c723da0e2243be0d60a23801c00039b98ce35d6,2017-10-29T23:15:06.000Z,0.00121,0x53e4890dbbd65a0a1df073072a2f6c6541740a94,buy,0x701c244b988a513c945973defa05de933b23fe1d,0x10583a9a9123743c85892da36529efdb69c4960c08659ea43a2ec4ffa2eefe71
15,228,0.27588,0x273a5d3e6721b9f5c1a6474f560c1334c63dda01,2017-10-29T22:10:33.000Z,0.00121,0x53e4890dbbd65a0a1df073072a2f6c6541740a94,buy,0x701c244b988a513c945973defa05de933b23fe1d,0x22829a5c432bd688745f7ad68c5a365e2006b03c9cb1d1f205e1d7200a47cc2f
16,227.316,0.27959868,0xf082e67d73561f40c30a9cd41a1b24999ef57362,2017-10-29T22:10:33.000Z,0.00123,0x273a5d3e6721b9f5c1a6474f560c1334c63dda01,sell,0x701c244b988a513c945973defa05de933b23fe1d,0x22829a5c432bd688745f7ad68c5a365e2006b03c9cb1d1f205e1d7200a47cc2f
17,17.526667331273053,0.021382534144153125,0xf082e67d73561f40c30a9cd41a1b24999ef57362,2017-10-29T14:43:51.000Z,0.00122,0xff96cb16399110f0b6bafb399dd8f39bb651ce14,sell,0x701c244b988a513c945973defa05de933b23fe1d,0x798ab47bef97b98962dc570602bca654a079b46dccd986f0bbc16909a450154b
18,10.999,0.0131988,0x5efa158712f755094df88f85406ecb7949cfbda4,2017-10-29T05:25:25.000Z,0.0012,0xc48a0a7ec1a1f274a5ff02f783d3322752d54e93,buy,0x701c244b988a513c945973defa05de933b23fe1d,0x40392a1867199f30202ee537204452c8fd44913b9bf228da25305e5d8b32a46a
19,0.35335689045936397,0.0005,0x34f9560c63078eb61872a4dc2ccd20e21c34feaf,2017-10-28T20:50:32.000Z,0.001415,0xfbf7dc0756a9768d0c71aea5f8421f3b1eaee7d1,buy,0x701c244b988a513c945973defa05de933b23fe1d,0x5f12159212e9cf13ef9fe8d8ae02152e798e9d0051a6c499826caea493ec2c02
20,0.35335689045936397,0.0005,0xe444a40689f51f63bcd29910622035707d533d29,2017-10-28T20:50:32.000Z,0.001415,0xfbf7dc0756a9768d0c71aea5f8421f3b1eaee7d1,buy,0x701c244b988a513c945973defa05de933b23fe1d,0x4751da02bf0c543f97ebbfbf9ba3c0e41e2571661b936881154f4d4c0bfd2a6b
21,1.1565469451852315,0.001390296648276618,0x3dee4a4e076e8d82859d241db0baf46f112cfa23,2017-10-28T20:32:49.000Z,0.0012021099999999995,0x54727862c2beba114e425e1e539d597f96522900,sell,0x701c244b988a513c945973defa05de933b23fe1d,0xc5fe6cbef67c1a3d680b24a1aa27f3f318275aadffab5e992e93bfd6f916f897
22,11.983916011250942,0.014740216693838657,0xc30ff49429b3077fc2b9a910b072f2300dc41b9a,2017-10-28T20:30:56.000Z,0.00123,0x54727862c2beba114e425e1e539d597f96522900,sell,0x701c244b988a513c945973defa05de933b23fe1d,0xc8c42ed382532165de1806f4204f997c346b771c03fd808f3437d3ecff938be2
23,13.13926826836806,0.01616129997009271,0xc30ff49429b3077fc2b9a910b072f2300dc41b9a,2017-10-28T19:59:24.000Z,0.00123,0x179c8174792e42035b034d7ffd68410608bec62e,sell,0x701c244b988a513c945973defa05de933b23fe1d,0x5932dca15bcd4b8363bbd9a6fd6f66ab9b60d7c77b8e50fb974478158e5567c2
24,121.32,0.1716678,0xde59610af2a21676d3eada6a8e53c51f706903ea,2017-10-28T19:53:32.000Z,0.001415,0xfbf7dc0756a9768d0c71aea5f8421f3b1eaee7d1,buy,0x701c244b988a513c945973defa05de933b23fe1d,0xa420546d49c1d1e68abff097738883b62df10860290955a128da236bf8044ebf
25,610.1766663343635,0.732883193934204,0x3dee4a4e076e8d82859d241db0baf46f112cfa23,2017-10-26T06:50:36.000Z,0.0012011,0xa497615148038749447d24202b9112755111fb32,sell,0x701c244b988a513c945973defa05de933b23fe1d,0x81f1b49a40d71c6046d6d3ba972657ead451c3d4feb61f78d5c6d78759fbb24f
26,343.262,0.4332652964,0xb3bf8d2abc4087fb10f1e789bc1c44c4a707b685,2017-10-26T06:49:09.000Z,0.0012622,0xa497615148038749447d24202b9112755111fb32,sell,0x701c244b988a513c945973defa05de933b23fe1d,0x4ca1f627393ea5bedcb9793bab1a977e30b9776c6522354c86fb01b8a763a3d6
27,7,0.00994,0x690b26fb568e3ad5c15de00188f8dd09ce6da1e8,2017-10-25T07:59:23.000Z,0.00142,0x009a12d4290630bc01fd82516ac57c1dc6a9bcfb,sell,0x701c244b988a513c945973defa05de933b23fe1d,0x1a749dee20d02c17fe7e192fb20802e056f0df5668d675039fd935bca3b53a9f
28,693.8490678895424,0.8750130595155019,0x009a12d4290630bc01fd82516ac57c1dc6a9bcfb,2017-10-25T07:26:22.000Z,0.0012611,0x0644f32ac52b1496bf89cfc7a49ff8665473bfaf,sell,0x701c244b988a513c945973defa05de933b23fe1d,0x642238de709e02e8ddd8751a864472ef5240545e1b53a65b9d5a06955215cb63
29,486,0.588119778,0x98b8f889dbe2b5c4c5879f65e13b24012f2afdce,2017-10-24T14:27:20.000Z,0.001210123,0xfe7dc10140f4f1f5efeb579e8885f116f843aa3b,sell,0x701c244b988a513c945973defa05de933b23fe1d,0xe5a07ea1770725f1a318054906c547056f8cbb1724ec0441fbdd2476b1187fb2
30,431.82077979594527,0.5656852215326883,0xfbf7dc0756a9768d0c71aea5f8421f3b1eaee7d1,2017-10-24T02:42:17.000Z,0.00131,0x3dee4a4e076e8d82859d241db0baf46f112cfa23,sell,0x701c244b988a513c945973defa05de933b23fe1d,0x467759a0d052a8510886d73b257d3d9fc3e12069a553f28acc35a54643ea3b96
31,394.72997460240913,0.5131533090128525,0x3dee4a4e076e8d82859d241db0baf46f112cfa23,2017-10-23T23:55:20.000Z,0.001300011,0x5c71f7ca58238adbffcb03ce76fb2f8640a015c5,sell,0x701c244b988a513c945973defa05de933b23fe1d,0x22eb5fcc5ca9f106e4db332151510c6705b50ae69cc738b3e54666ca35dfdad4
32,896.224605303559,1.2018380919366778,0x739c5f6d73d483705a08f9a52c7cd61c7933573e,2017-10-23T13:09:49.000Z,0.001341001,0x79dfda26ff037844daabe6dc3cdd39123a3bb8df,sell,0x701c244b988a513c945973defa05de933b23fe1d,0x36f899fb1444e71adc9ff5f28754717db74115cf46d1905523c6302dc712ff6b
33,0.000000000000000025,0,0x3c3aef0043c8629556d0b20425aca08a1509d1dc,2017-10-23T11:55:45.000Z,0,0x4e0375ad69ffdee3286bec25ac53e83301b8af8e,sell,0x701c244b988a513c945973defa05de933b23fe1d,0x823acf329b82215a687b83b2bd058568acfb617ba21256d3ce45c04992d7fce7
34,0.000000000000246544,0.00000000000000033,0x739c5f6d73d483705a08f9a52c7cd61c7933573e,2017-10-23T11:16:08.000Z,0.001338503471996885,0x4e0375ad69ffdee3286bec25ac53e83301b8af8e,sell,0x701c244b988a513c945973defa05de933b23fe1d,0x3b64dd02e94494d04e5ed403e605822e99bce1f88271b1f4a127f437591edc0c
35,0.00000000247307399,0.000000000003264457,0x739c5f6d73d483705a08f9a52c7cd61c7933573e,2017-10-23T11:04:16.000Z,0.001319999730376041,0x4e0375ad69ffdee3286bec25ac53e83301b8af8e,sell,0x701c244b988a513c945973defa05de933b23fe1d,0xd0bb56e4b446153bef80f8d8ef8bd46c3217f035d52e4bb76f74c183e3713716
36,0.000024807405195157,0.000000032274434158,0x3c3aef0043c8629556d0b20425aca08a1509d1dc,2017-10-23T10:55:32.000Z,0.0013009999999637504,0x4e0375ad69ffdee3286bec25ac53e83301b8af8e,sell,0x701c244b988a513c945973defa05de933b23fe1d,0x3fc72a730315e644d9dce04d458899a7857a697c8a4372e3f87979d85668be1a
37,0.24884308151260848,0.000323496503652554,0xe7952c2991a9a4dfe15e39aa9d40fabdb4912aa4,2017-10-23T10:49:32.000Z,0.0013000019999999998,0x4e0375ad69ffdee3286bec25ac53e83301b8af8e,sell,0x701c244b988a513c945973defa05de933b23fe1d,0xff562f2281c90130d9c945a469c7cca15c0fc9c840f778daa999caf374cd04b7
38,2496.1449506529757,3.2449884358488683,0x3c3aef0043c8629556d0b20425aca08a1509d1dc,2017-10-23T10:46:23.000Z,0.0013,0x4e0375ad69ffdee3286bec25ac53e83301b8af8e,sell,0x701c244b988a513c945973defa05de933b23fe1d,0x20bd8110f69bf24883de7f387bfec9b691e3b26cd2f99fb2cf59bd96051f14d5
39,0.01661920124177705,0.000020441634146587,0xe7952c2991a9a4dfe15e39aa9d40fabdb4912aa4,2017-10-23T10:43:19.000Z,0.0012300009999999992,0xc908f66d119946b2fa0a34a0ca4b9a2724085ed4,sell,0x701c244b988a513c945973defa05de933b23fe1d,0x5f7f8e5f3c1be16f511e8d31988f02142191cf9b3f1dfb902b790a69b52ee0a2
40,166.70720765626558,0.2050500321244143,0xe7952c2991a9a4dfe15e39aa9d40fabdb4912aa4,2017-10-23T10:42:19.000Z,0.001230001,0xc908f66d119946b2fa0a34a0ca4b9a2724085ed4,sell,0x701c244b988a513c945973defa05de933b23fe1d,0xc953be0d1bf9463efbdfe88981704cedf9cc3ef306638fce1fc03a4681e7c0ca
41,13900,18.07,0x3c3aef0043c8629556d0b20425aca08a1509d1dc,2017-10-23T10:20:32.000Z,0.0013,0x4e0375ad69ffdee3286bec25ac53e83301b8af8e,sell,0x701c244b988a513c945973defa05de933b23fe1d,0x41646f337d0ea0ee4fe80603636383895211dca0dae2944ebd1cb28d3b9b6eb3
42,1,0.0015,0xe1fa699860444be91d366c21de8fef56e3dec77a,2017-10-22T18:39:34.000Z,0.0015,0x3dee4a4e076e8d82859d241db0baf46f112cfa23,buy,0x701c244b988a513c945973defa05de933b23fe1d,0x93dfc3fc339dff0bfef766515a40d7d2e25d7af7ead155c1772059df7bd9cf31
43,0.0000001,0.00000000015,0xdad62a339b5cb392953f513f4c15d14f8d23c462,2017-10-22T09:34:47.000Z,0.0015,0x3dee4a4e076e8d82859d241db0baf46f112cfa23,buy,0x701c244b988a513c945973defa05de933b23fe1d,0xe9e2c80a7c023b57bbf04b24c22bf0903625edb559c8d475be2270824cea03dd
44,1.9999999999999998,1.9999999999999998,0x1d76c2a0f74838c67a87c58c0298bd0391ae4973,2017-10-20T13:54:28.000Z,1,0xd445f61ebca3d6b4c57eef1f39fdab6595ef8972,sell,0x701c244b988a513c945973defa05de933b23fe1d,0x00d5a32879caefc39700b4fa1f4339e97ef51a4002f61840ac48947315980f80
45,2.0060180541624875,0.003329989969909729,0xd445f61ebca3d6b4c57eef1f39fdab6595ef8972,2017-10-20T13:54:28.000Z,0.00166,0xe7558aa60d1135410f03479df94ea439e782d541,buy,0x701c244b988a513c945973defa05de933b23fe1d,0x00d5a32879caefc39700b4fa1f4339e97ef51a4002f61840ac48947315980f80
46,470,0.52358047,0xe7952c2991a9a4dfe15e39aa9d40fabdb4912aa4,2017-10-20T08:57:10.000Z,0.001114001,0x5fde446016bd7bca45360efcbd6e9b9896d3a4a4,sell,0x701c244b988a513c945973defa05de933b23fe1d,0x1b329b9040e659ce1f7242690a9ba04044597b8ec87c4a5b280d4ca81222537a
47,0.001182729679037058,0.000002010640454363,0xd445f61ebca3d6b4c57eef1f39fdab6595ef8972,2017-10-20T01:44:42.000Z,0.0017000000000000012,0x3df86cefaecfaa31be2f74f8f832cb4ef62b79f8,buy,0x701c244b988a513c945973defa05de933b23fe1d,0xb45eeb878bd2f5fc752b49046f4e41697655c8079f2933304b8e1bad253297ab
48,0.001179181489999947,1.179181489999947,0x2e8924c829a7bd7c0983572d78c1d7351a35aaab,2017-10-20T01:44:42.000Z,1000,0xd445f61ebca3d6b4c57eef1f39fdab6595ef8972,sell,0x701c244b988a513c945973defa05de933b23fe1d,0xb45eeb878bd2f5fc752b49046f4e41697655c8079f2933304b8e1bad253297ab
49,0.001221,1.221,0x2e8924c829a7bd7c0983572d78c1d7351a35aaab,2017-10-20T01:44:18.000Z,1000,0x3ac636ac5c3a2576156ac5f10066ca68abe0ad54,sell,0x701c244b988a513c945973defa05de933b23fe1d,0xeff425fd738960c52b3e9f2b97b1dd3d8d0e7a03c21a75b329a90bb4838f5061
50,0.1,0.00017,0x6cdea8e07bf82d7a07dbf36642d6e5be8623845c,2017-10-20T00:02:16.000Z,0.0017,0x3df86cefaecfaa31be2f74f8f832cb4ef62b79f8,buy,0x701c244b988a513c945973defa05de933b23fe1d,0x49d736e5bd12ec4d88606d07434287b928d1ec1fe4e366501132d25d52da3648
51,39.377928421892136,0.04375675406240654,0x3dee4a4e076e8d82859d241db0baf46f112cfa23,2017-10-19T19:58:02.000Z,0.0011112,0xad33f43cb3ddc2dbd5a5eb09b12423066041a219,sell,0x701c244b988a513c945973defa05de933b23fe1d,0xaf5efdccac38296e14ed8d5ecba0e0fda45fdfd4f30b1d4b2b55b7ab6662a388
52,1000,1.25,0x1d76c2a0f74838c67a87c58c0298bd0391ae4973,2017-10-19T14:46:38.000Z,0.00125,0x4e0375ad69ffdee3286bec25ac53e83301b8af8e,sell,0x701c244b988a513c945973defa05de933b23fe1d,0xb74792d3bc8fadeced24875c1e90dc82662eafdd077c6361e45c32ddd4ea84b3
53,25.401998810209896,0.06350499702552474,0xf51a629ba664517e56de5c928653b197c4dadcac,2017-10-18T20:44:03.000Z,0.0025,0x31d807e1ed35f84248341461c6a2c44db722877b,sell,0x701c244b988a513c945973defa05de933b23fe1d,0x5bdea222e5c9c3ca2769ec78e4f49ef2098fd96eb62555caa3064e0aa31eeba0
54,1,0.0024998999,0x3ac636ac5c3a2576156ac5f10066ca68abe0ad54,2017-10-18T16:33:54.000Z,0.0024998999,0x953d1111662196af36e9d387c0f909e14111fa76,buy,0x701c244b988a513c945973defa05de933b23fe1d,0x2b2c6ba6317a1f1a3351fdd19a5b0bb031dc8905701c3e5c60507a46f3e96fbb
55,0.20000880038721705,0.0005,0xf9695cd65d6dfdf257fab76a3eb0cb8f001971cc,2017-10-18T15:20:26.000Z,0.00249989,0x2475fe4d7a9d7d2e7908baf6697b801596bf5148,buy,0x701c244b988a513c945973defa05de933b23fe1d,0x6b57aa58551a11df6e768303ad76eed27a94ec008cfe2bd8683dafd02e91fb90
56,0.20000880038721705,0.0005,0x379374d13077e8867ef31803c37baf9785a17c00,2017-10-18T15:20:26.000Z,0.00249989,0x2475fe4d7a9d7d2e7908baf6697b801596bf5148,buy,0x701c244b988a513c945973defa05de933b23fe1d,0xaf11e85143f3217049dfccab5c248387532a0e03a8885407f6882b76a048fbb2
57,299.4,0.3625734,0x3dee4a4e076e8d82859d241db0baf46f112cfa23,2017-10-17T23:49:52.000Z,0.001211,0xdbf0d9ab03e49f2713e60e599464d6fe6eeb5056,sell,0x701c244b988a513c945973defa05de933b23fe1d,0x48656cefb88b1e1af0ca40ba7c1b3e94d8bbc4eeffda1931c5e1679c086d48e7
58,0.3205128205128205,0.0005,0x16e5d97bbc92417e051e3b2cabfbf8ceea2acb9c,2017-10-17T18:03:42.000Z,0.00156,0x9733ae7ececa99c8b1db998a7e8e37bcb3f68ae2,buy,0x701c244b988a513c945973defa05de933b23fe1d,0xb27d87fd8d507e7834498dad42590f7d011e9e61228621df22ceb55ea836ca9e
59,0.3205128205128205,0.0005,0xcd912af5286dc0b0a23edb30209734ecb60838b3,2017-10-17T05:46:30.000Z,0.00156,0x9733ae7ececa99c8b1db998a7e8e37bcb3f68ae2,buy,0x701c244b988a513c945973defa05de933b23fe1d,0x010457cd74e5be8ac3c308815e40f141448b804a9a2986be55eb033b51d633b5
60,2,0.00312,0x359a434bcd08ddc98f2f0ecbf5990cf922e953e6,2017-10-17T03:23:36.000Z,0.00156,0x9733ae7ececa99c8b1db998a7e8e37bcb3f68ae2,buy,0x701c244b988a513c945973defa05de933b23fe1d,0x6a56b1bebf1b13960012023a353b36236073a119aaaa401204736ba5afc3f47d
61,143.16020336955438,0.15761938390987937,0x09e396aca9535fffc68c72f880ab36e252b73a43,2017-10-16T17:54:08.000Z,0.001101,0x992b4609935fe143891bfc7b69f18d12a87a9872,sell,0x701c244b988a513c945973defa05de933b23fe1d,0xed6cfc87ce51a23e4db415522306cb488142d815d86a7e6cf4095438bd07e6fe
62,2,0.00372978,0xbf52f67f8524587d6a7ab1f1f8d092c635b9587f,2017-10-16T11:49:03.000Z,0.00186489,0x000b75fcdc15d41277deb033c72d2c8d774ccced,buy,0x701c244b988a513c945973defa05de933b23fe1d,0xdfad8c0255bad6bc99d0bc4d6bd92e7a0886aae3f5e260e75a1cc6590a809f06
63,3070,4.60543901,0x3df86cefaecfaa31be2f74f8f832cb4ef62b79f8,2017-10-15T21:22:14.000Z,0.001500143,0x71ca3f6e9e6680c73f912ac2c3921c7833a59e92,buy,0x701c244b988a513c945973defa05de933b23fe1d,0x9623994d0526a4ee7a7d972bb520d372464f5ebb0e02fb90c4bb413fa154f088
64,1403,1.5434403,0x3dee4a4e076e8d82859d241db0baf46f112cfa23,2017-10-15T21:21:12.000Z,0.0011001,0x71ca3f6e9e6680c73f912ac2c3921c7833a59e92,sell,0x701c244b988a513c945973defa05de933b23fe1d,0x365ecbffa6f3acbdf5eaf6f731779b84d4b5daa520a9edf907dcea5072a1a2c9
65,0.16778523489932887,0.0005,0x3bfdec5343e950ce45522eef9948c977631b4000,2017-10-15T20:46:31.000Z,0.00298,0x0845ad270268891eb78c056035d6ecd6b06c2ed4,buy,0x701c244b988a513c945973defa05de933b23fe1d,0x471bcff6b2bbe28c8bc6aa0fc4f8c4696eb7f8b94c3f4ecbb10cdaab6c0722df
66,0.16778523489932887,0.0005,0x350f6f675b20d606bb7f6c412ef4775c9bc57168,2017-10-15T20:46:31.000Z,0.00298,0x0845ad270268891eb78c056035d6ecd6b06c2ed4,buy,0x701c244b988a513c945973defa05de933b23fe1d,0x856c69e270ce3f2b9307e064e65e8e0997800e62fd5adb5bc7fee2f04de33742
67,40.70670741681437,0.004478226296338582,0xb902ba6e3272e66c74035d7e30f4fa9279bd56f9,2017-10-15T02:02:21.000Z,0.00011001199999999998,0x5915ae2ca15831871fdc91459fa79fb8421159ee,sell,0x701c244b988a513c945973defa05de933b23fe1d,0x93c6153beff26bb908feb0604e7bb82594d7222296f4d30d018d40025eb7a12b
68,413.0468223801047,0.45435150461811513,0x3dee4a4e076e8d82859d241db0baf46f112cfa23,2017-10-14T23:46:59.000Z,0.0011,0x877d90c3d24a6804969f5a589dea992a98ab51cc,sell,0x701c244b988a513c945973defa05de933b23fe1d,0x836ed4c9e1dd93ae84c43112db813e3ecbeee430b69e7776f769a64e9bb738dd
69,1500,1.5,0x3dee4a4e076e8d82859d241db0baf46f112cfa23,2017-10-14T23:46:59.000Z,0.001,0x877d90c3d24a6804969f5a589dea992a98ab51cc,sell,0x701c244b988a513c945973defa05de933b23fe1d,0x0d5ed3a7a2a767b1ad3e6ed565dce2857bbd748ba42e0c7dd54b3e318ded1b8c
70,1.2085041951209192,0.00136198543640547,0xeee25e3f76a267334641ced7314fd8ddb61f934e,2017-10-14T23:46:46.000Z,0.0011270009999999992,0x877d90c3d24a6804969f5a589dea992a98ab51cc,sell,0x701c244b988a513c945973defa05de933b23fe1d,0x12b3e85c091f804c6dae2c4a9cfff3e85851ca3e79ee9e0665774b151a20329d
71,443.79297425034093,0.488172271675375,0x3dee4a4e076e8d82859d241db0baf46f112cfa23,2017-10-14T18:50:29.000Z,0.0011,0x0018bb2e2d85df0c70d0e76b6f1ccd7be18763ff,sell,0x701c244b988a513c945973defa05de933b23fe1d,0xd361cb3421a3a5b82056dee8dca966be049775235b5d2269f38074bda1ab9fa3
72,143.16020336955438,0.15747622370650982,0x3dee4a4e076e8d82859d241db0baf46f112cfa23,2017-10-14T16:40:27.000Z,0.0011,0xdee68c8b5b594feac6eb5fd761a058c728a42476,sell,0x701c244b988a513c945973defa05de933b23fe1d,0xd43b83b9996856ac7d15ddc4caaffc1721513eae13078b345a3b27fb40638df8
73,39.4367460871299,0.04831001395673412,0x9f18818a3874cd6ff01704b8a8bae50f00a4a9d8,2017-10-14T12:36:42.000Z,0.001225,0x4cd3f97ad6ed6cb4491571cce49022b1a9f1006f,sell,0x701c244b988a513c945973defa05de933b23fe1d,0xd16b9e4e1048a3240b9bfcd0fc9fdf8261008502c5024848d23a718f0b142f9f
74,625,0.765625,0xd6ef78ef089ff1817ee51fa6a77f6bd06091ff05,2017-10-14T03:27:34.000Z,0.001225,0x700a2ae2e1ebbf33a38763ed9ab73fc0479552c2,sell,0x701c244b988a513c945973defa05de933b23fe1d,0x3d855e4f460ddd0423f86972560ea09a18a053300f319bf488335cd264bf19a3
75,101.714,0.12409108,0xe7558aa60d1135410f03479df94ea439e782d541,2017-10-14T02:47:22.000Z,0.00122,0x700a2ae2e1ebbf33a38763ed9ab73fc0479552c2,sell,0x701c244b988a513c945973defa05de933b23fe1d,0x3e76f1299798b94ce0468b5435dcd7a1b5ee5a1487bdcd2b0056c1890d0c57e8
76,1000,1.1,0x3dee4a4e076e8d82859d241db0baf46f112cfa23,2017-10-14T02:47:22.000Z,0.0011,0x700a2ae2e1ebbf33a38763ed9ab73fc0479552c2,sell,0x701c244b988a513c945973defa05de933b23fe1d,0x006383bbec058c813d01db6a924ccddb1495e59dd6a90f3788aabc91d814f3f7
77,152.79184762320853,0.19560717916418402,0xdad62a339b5cb392953f513f4c15d14f8d23c462,2017-10-14T02:44:42.000Z,0.0012802199999999999,0x700a2ae2e1ebbf33a38763ed9ab73fc0479552c2,sell,0x701c244b988a513c945973defa05de933b23fe1d,0xdde12a02829a5cf70c4fc332ec11eed6478d2961d97c6019baea4244b3cf292f
78,350,0.42875,0x9f18818a3874cd6ff01704b8a8bae50f00a4a9d8,2017-10-14T02:44:42.000Z,0.001225,0x700a2ae2e1ebbf33a38763ed9ab73fc0479552c2,sell,0x701c244b988a513c945973defa05de933b23fe1d,0x3fd9a07a2e660b2bd27f1db735fb1416a7d3b2d86db98c397990066c7a1d383a
79,592,0.75789024,0xd6ef78ef089ff1817ee51fa6a77f6bd06091ff05,2017-10-14T02:44:34.000Z,0.00128022,0x700a2ae2e1ebbf33a38763ed9ab73fc0479552c2,sell,0x701c244b988a513c945973defa05de933b23fe1d,0xdc336c078d09776c21b2a30daa3bb62e5739c6861b0d4b3700347a988bb2a33a
80,250,0.4675,0xb55a3f43676f325dd503180e9e8771e0ec9f32c3,2017-10-13T18:08:36.000Z,0.00187,0xd6ef78ef089ff1817ee51fa6a77f6bd06091ff05,buy,0x701c244b988a513c945973defa05de933b23fe1d,0x135919050d8c5d17a074947264190ba0728d77073de932d459854366c9a62d51
81,152.2692054630645,0.28474341269323855,0xb55a3f43676f325dd503180e9e8771e0ec9f32c3,2017-10-13T18:03:58.000Z,0.00186999999,0xbcce870909b3dbbe28f744f69b080dbdeeb7748a,buy,0x701c244b988a513c945973defa05de933b23fe1d,0x3398e879f7f096a07abf28187a20404a6490c76b1f6a08b20530477fbfc376a9
82,184.164,0.23577043608,0xdad62a339b5cb392953f513f4c15d14f8d23c462,2017-10-13T00:11:33.000Z,0.00128022,0xdbf0d9ab03e49f2713e60e599464d6fe6eeb5056,sell,0x701c244b988a513c945973defa05de933b23fe1d,0x29c94ff3d5756a30f338f58f079950db163e4a822d8f351c585ee5836e494afb
83,39.87638321204267,0.05183929817565547,0xd24b9498feecabb6b5d047e3d26d8c9eaf5042ed,2017-10-12T02:17:10.000Z,0.0013,0x0baa215d6262917c550d30f991810e0e898e138a,sell,0x701c244b988a513c945973defa05de933b23fe1d,0x9c1b12d1913ffc29b8dcee9779f8ff71ce668eb8dee170ee0a39c125523b623f
84,99.69095803010667,0.12172265975476024,0x2256c01a9c0e2de68cb7d27f7e39dc4e1c7d3783,2017-10-11T00:49:30.000Z,0.001221,0x8934211e1de5ac2726a495a1a26db45a692789b7,sell,0x701c244b988a513c945973defa05de933b23fe1d,0x102df606581d2530ed4bd1ff41f00f6c5fc8d74c669f164554ecbef3656ac5e1
85,56.8238460771608,0.06881373442328781,0xdad62a339b5cb392953f513f4c15d14f8d23c462,2017-10-10T09:19:45.000Z,0.001211001,0x6211d76a7a545b6b108ac0ac49631d3504fb1e9a,sell,0x701c244b988a513c945973defa05de933b23fe1d,0xe2f6dbc0e0d1735dc5f04a7c3bab58936eb4d9ce07fd946d165b54337e9de234
86,8.859981052879574,0.01594885189328852,0x5d5065b42bdee0274e394ba9042c21e1818c69cf,2017-10-09T15:42:16.000Z,0.0018000999999999998,0x5efa158712f755094df88f85406ecb7949cfbda4,sell,0x701c244b988a513c945973defa05de933b23fe1d,0xfc7c434c1791c2e93c10509ba67d376c19aaf71d2536c8c4aea944e5439861ff
87,16.822,0.0302796,0x5efa158712f755094df88f85406ecb7949cfbda4,2017-10-08T10:12:41.000Z,0.0018,0xfca6e9de7ef741b6e5adfccfc15743a8e9c5bc1e,buy,0x701c244b988a513c945973defa05de933b23fe1d,0x111e587d6edae56e7e20101fc391a99c0b36a01321e3d42e22f9f18ef291c70b
88,1000,1.8,0xe24d336f095f81def9c0fccdef8c6c7952ca27f5,2017-10-08T05:45:24.000Z,0.0018,0x725950e4f614e7caf93da54ada51ab13232661b2,sell,0x701c244b988a513c945973defa05de933b23fe1d,0xa52c2eb42a3199a1939ae398c558fe5e171baf11a1ffa7c539b94e12adb87e96
89,15,0.027001665,0x006f11323d586ae28609e72d28f1d7f06ddead9e,2017-10-08T05:44:51.000Z,0.001800111,0x725950e4f614e7caf93da54ada51ab13232661b2,sell,0x701c244b988a513c945973defa05de933b23fe1d,0x500f652197196dd9dda203ff119fb8583881bc904b529110dace32c955e70229
90,1.72,0.003182,0xf263e6381a3bbe8c1db655637896ecf89bfb781c,2017-10-08T05:44:36.000Z,0.00185,0x725950e4f614e7caf93da54ada51ab13232661b2,sell,0x701c244b988a513c945973defa05de933b23fe1d,0x6f40efd873d0b4e42c74687c870a7459179fa32dca8919539fbff8776b291dc2
91,255.6932142360328,0.460247785624859,0xe24d336f095f81def9c0fccdef8c6c7952ca27f5,2017-10-07T22:47:36.000Z,0.0018,0x57e9d807c28e50432f39220ebcc01bc1ae07d7e1,sell,0x701c244b988a513c945973defa05de933b23fe1d,0x048b815283f24e0f79eaa1cf80820824f929f0e296943fd2e4b5ab2d78373e95
92,281.1285016449008,0.5200877280430665,0xf263e6381a3bbe8c1db655637896ecf89bfb781c,2017-10-07T22:39:22.000Z,0.00185,0x57e9d807c28e50432f39220ebcc01bc1ae07d7e1,sell,0x701c244b988a513c945973defa05de933b23fe1d,0x2a73aec04141da903e344917e00b11c8c06e14744ea51ba0d76fb0e4a9f6f178
93,41.471438540524375,0.07672216129997009,0xf263e6381a3bbe8c1db655637896ecf89bfb781c,2017-10-07T20:36:41.000Z,0.00185,0xc2113f04f040e962fbe32a8dcf1886e0f96353f2,sell,0x701c244b988a513c945973defa05de933b23fe1d,0x856ea1bc92110256268bb45db3464cbaa61829f13e4ec535ce0b5f41632aeb77
94,180,0.36,0x006f11323d586ae28609e72d28f1d7f06ddead9e,2017-10-07T16:42:50.000Z,0.002,0x5926fe867e951386ef17474e8eb713f17095b663,buy,0x701c244b988a513c945973defa05de933b23fe1d,0x6502443b86c339cd0402e5676207fb9cdd7935375c201fa0b146abed15051faf
95,0.39876383212042665,0.00071781477419998,0x5d5065b42bdee0274e394ba9042c21e1818c69cf,2017-10-07T07:16:39.000Z,0.0018000999999999998,0x43b2126e7a22e0c288dfb469e3de4d2c097f3ca0,sell,0x701c244b988a513c945973defa05de933b23fe1d,0x0017b271b0db46be79fec66c1e23a8b40ff88e6e8d0b07d1038537bf819b0f61
96,0.9470641012860134,0.001704724852955836,0x3dee4a4e076e8d82859d241db0baf46f112cfa23,2017-10-07T05:56:22.000Z,0.001800009999999999,0x4a7ef8c589d5c1e5b13f040f1ef91e623a658de0,sell,0x701c244b988a513c945973defa05de933b23fe1d,0x40c77ce87dac13684f0eab69bf016711ccf521ea77003f4f4d3914c124fac2e2
97,5,0.010999999999995,0x006f11323d586ae28609e72d28f1d7f06ddead9e,2017-10-06T23:49:48.000Z,0.002199999999999,0xbcce870909b3dbbe28f744f69b080dbdeeb7748a,buy,0x701c244b988a513c945973defa05de933b23fe1d,0xc1d7d3e2fc2d9ec895c105216c49d460c50ffac67784f78df616803641b610b6
98,1028.9078855547803,1.8520341939986043,0xe24d336f095f81def9c0fccdef8c6c7952ca27f5,2017-10-06T17:49:38.000Z,0.0018,0x755dfe72cff68f68627b7a6ce5ef96ece2bfcfdc,sell,0x701c244b988a513c945973defa05de933b23fe1d,0x3670dcd83d06056acd6b782aa4245426e8de008fde2b03fa983b956547fc250e
99,236,0.42480236,0x3dee4a4e076e8d82859d241db0baf46f112cfa23,2017-10-06T16:35:13.000Z,0.00180001,0x4a7ef8c589d5c1e5b13f040f1ef91e623a658de0,sell,0x701c244b988a513c945973defa05de933b23fe1d,0x6273a889e91fc5d47a0cfe1a4225de5e477d003aa134bf2e7e6531cd0a577f9c
100,40,0.0848,0x6fec202a02f7d7b6ae0f5659455b5fd307a005d9,2017-10-06T16:23:40.000Z,0.00212,0x4a7ef8c589d5c1e5b13f040f1ef91e623a658de0,sell,0x701c244b988a513c945973defa05de933b23fe1d,0xd69e3a429fad8a0bb86227466a7669506a477d1c270989b449528124563ce89f
101,100,0.22,0x6fec202a02f7d7b6ae0f5659455b5fd307a005d9,2017-10-06T15:30:17.000Z,0.0022,0xe7558aa60d1135410f03479df94ea439e782d541,sell,0x701c244b988a513c945973defa05de933b23fe1d,0x3fb06ac5ebaba798198480aa7f560b992c7cebe6c19cf86162d73109b187a694
102,269.2074924627285,0.5680305011712818,0x3dee4a4e076e8d82859d241db0baf46f112cfa23,2017-10-06T08:56:12.000Z,0.00211001,0xacdcba747f02a932d0e7e8a59c7f6a25d91ba6e5,sell,0x701c244b988a513c945973defa05de933b23fe1d,0xa488d52fe80e0830f4e4e942232707e2cd32424f5a5c0536b7e75d7c986b23d1
103,95.23977660289928,0.21048466828123757,0x902827acbeaad2b41b1ee7f126f84788684ee734,2017-10-06T02:40:04.000Z,0.00221005,0xe7558aa60d1135410f03479df94ea439e782d541,sell,0x701c244b988a513c945973defa05de933b23fe1d,0xc11b92938a4d5923f38a1d2137ccfeaec2fa7c2670fbe60d3ad040c41e83ae09
104,270,0.6007473,0xacdcba747f02a932d0e7e8a59c7f6a25d91ba6e5,2017-10-06T00:19:25.000Z,0.00222499,0xd6ef78ef089ff1817ee51fa6a77f6bd06091ff05,sell,0x701c244b988a513c945973defa05de933b23fe1d,0x83bbbe0efdf60bb93af17d09fe44c0e8430061d7e25363c2dbe16e5a3f4d6a2b
105,273.5074286574076,0.6044516908402995,0x2475fe4d7a9d7d2e7908baf6697b801596bf5148,2017-10-05T10:06:15.000Z,0.002210001,0x00823e36cb0c60f8e1c7adfca74ed34c45eb1984,sell,0x701c244b988a513c945973defa05de933b23fe1d,0x43517f6bd3f2e891a2f16ae681788f8eef9a27cfa598d3223020fdf4005b8f79
106,1295.982455382144,2.8641860255173075,0x902827acbeaad2b41b1ee7f126f84788684ee734,2017-10-05T05:33:33.000Z,0.00221005,0x90d710c5876299765d5bf7ceae6d3438bcd62841,sell,0x701c244b988a513c945973defa05de933b23fe1d,0x6185fab2612026156f1b333260b236c3d6c43983abf69f01ebc6c6c8b1f49fff
107,0.00993828711296049,0.000021964111433998,0x902827acbeaad2b41b1ee7f126f84788684ee734,2017-10-05T05:22:13.000Z,0.002210049999999967,0x90d710c5876299765d5bf7ceae6d3438bcd62841,sell,0x701c244b988a513c945973defa05de933b23fe1d,0x6a39eca6b4898e371fc19979e960ed71eed26c65a955bea9ddbc2812683ba984
108,99.69095803010667,0.22032200179443726,0x902827acbeaad2b41b1ee7f126f84788684ee734,2017-10-05T05:20:21.000Z,0.00221005,0x90d710c5876299765d5bf7ceae6d3438bcd62841,sell,0x701c244b988a513c945973defa05de933b23fe1d,0xe85bdd60f83ff70434bf8b100052e8021ea29884d10e7e35a25b91362dc5df2c
109,3189.0019040972984,7.047853658150235,0x902827acbeaad2b41b1ee7f126f84788684ee734,2017-10-05T05:09:48.000Z,0.00221005,0xe796b89e44614c67b138e2145ab13618b1d6dc4c,sell,0x701c244b988a513c945973defa05de933b23fe1d,0x4b636fb42312b5ee8e282cc9a5aa69e67a127e9330d44ad17ebf9e18807a288b
110,169.47462865118135,0.3745474030505433,0x902827acbeaad2b41b1ee7f126f84788684ee734,2017-10-05T05:08:05.000Z,0.00221005,0x204dbf65cb0f42b4c3cc873fabc206d4243b3c88,sell,0x701c244b988a513c945973defa05de933b23fe1d,0x1975f7e7819b2c18a7f9edbb4e8c0b5d48218653ab5582907bfcc556e67dd9fc
111,1,0.002397,0x3e379f55f8faae407fae416f8ca096a82d2dee70,2017-10-05T00:51:11.000Z,0.002397,0xa6917bc0d7ebee1e8e45a2593c2bafb870b43f47,buy,0x701c244b988a513c945973defa05de933b23fe1d,0xee7315b79a4dd4dfd4a91b0fa11b48fc2752577ea2ac838e40379ead1d62915c
112,238.6003389492573,0.5273186790948061,0x902827acbeaad2b41b1ee7f126f84788684ee734,2017-10-04T22:41:38.000Z,0.00221005,0xbfb50b318ebd18975bd60b8d21488a8595debe74,sell,0x701c244b988a513c945973defa05de933b23fe1d,0x37425084ae4479146f8b3208bff2d0051bf997fb0aa8866b73ebfdf49be8e95a
113,1412,3.1205906,0x902827acbeaad2b41b1ee7f126f84788684ee734,2017-10-04T21:31:31.000Z,0.00221005,0x586aafcac30efcd077f097cee75646b4426f46b3,sell,0x701c244b988a513c945973defa05de933b23fe1d,0xa1b0877698a8f63f3b78a47d95238f4e0233bd72c040eb59f95eb86a94615432
114,500,1.105025,0x739c5f6d73d483705a08f9a52c7cd61c7933573e,2017-10-04T19:56:20.000Z,0.00221005,0x094733fd56e985686c3ce360e9821ea501d2dee9,buy,0x701c244b988a513c945973defa05de933b23fe1d,0xa9cce35b36e3dff0939ca29bf215c23534935d996ca690380d967dcfaae2ebcc
115,163.58289303160203,0.3615183571827335,0x2475fe4d7a9d7d2e7908baf6697b801596bf5148,2017-10-04T13:56:01.000Z,0.002210001,0x1a2a7334aa7fc7635c8a74a29f952858001567fa,sell,0x701c244b988a513c945973defa05de933b23fe1d,0xd09e450c41cea06349d0f400e9aeb69994d426d4a544136131b4b6d78895b307
116,2041.731745677906,4.9001561896269745,0xe24d336f095f81def9c0fccdef8c6c7952ca27f5,2017-10-04T13:17:27.000Z,0.0024,0xe89a2a7a15cbaae3c58a03d79485373e216226d6,sell,0x701c244b988a513c945973defa05de933b23fe1d,0x443c449cd87eb4366134b92ddf0ae484cfea1273c743ef5b6d4457b977d10e78
117,91.643,0.2382718,0xb3fa92040c53c41a8db593876b68bfb2c8eb5002,2017-10-04T13:10:23.000Z,0.0026,0xe24d336f095f81def9c0fccdef8c6c7952ca27f5,sell,0x701c244b988a513c945973defa05de933b23fe1d,0xd6f546efe4dcec02a15bb26ea606a8326868700fae7b989cb73ec56990705ee2
118,958.268254322094,2.2998438103730257,0xe24d336f095f81def9c0fccdef8c6c7952ca27f5,2017-10-04T12:25:12.000Z,0.0024,0x05612170a8d3a88a515121893f1083ead5b75a04,sell,0x701c244b988a513c945973defa05de933b23fe1d,0xec65b32f18690f162dbcf4dc073d7bf44b835f7b62ff590c46415153b1706a21
119,500,1.200005,0x3dee4a4e076e8d82859d241db0baf46f112cfa23,2017-10-04T12:19:08.000Z,0.00240001,0x05612170a8d3a88a515121893f1083ead5b75a04,sell,0x701c244b988a513c945973defa05de933b23fe1d,0x089c2ea5281b708bba52962274bf4138d29e1059059f43f647942ef5f3afe84d
120,262.77260492473334,0.6832087728043067,0xb3fa92040c53c41a8db593876b68bfb2c8eb5002,2017-10-04T12:17:49.000Z,0.0026,0x05612170a8d3a88a515121893f1083ead5b75a04,sell,0x701c244b988a513c945973defa05de933b23fe1d,0x19a34b215579074314dd27f99cda7bf9a6158aeddfa0550deea888fc61006657
121,420.3568936297478,1.0929279234373441,0xb3fa92040c53c41a8db593876b68bfb2c8eb5002,2017-10-04T11:42:07.000Z,0.0026,0xacdcba747f02a932d0e7e8a59c7f6a25d91ba6e5,sell,0x701c244b988a513c945973defa05de933b23fe1d,0x38b301f7f5de659d71cf40a8f8dc374ebc2ebb065aed4f3e30d4864d3bcbecad
122,249.22739507526668,0.6479912271956934,0xb3fa92040c53c41a8db593876b68bfb2c8eb5002,2017-10-04T10:33:48.000Z,0.0026,0xdb03903ea156c0024d395a8e8d65aa5959399365,sell,0x701c244b988a513c945973defa05de933b23fe1d,0xe74a4c09d3b65b47be45ae6c1bc4326731699338d1ab74cb2655c6b10108b9c3
123,1600,4,0x49ce9f24bb7ece309ab0e62d0cb94093b93a6262,2017-10-04T10:00:31.000Z,0.0025,0x4e0375ad69ffdee3286bec25ac53e83301b8af8e,sell,0x701c244b988a513c945973defa05de933b23fe1d,0x7880511cc2736ac58b07a5f541b77a251f13976721f560e8eae7b469c14b28c7
124,1539,3.847503078,0xd6ef78ef089ff1817ee51fa6a77f6bd06091ff05,2017-10-04T09:46:02.000Z,0.002500002,0x4e0375ad69ffdee3286bec25ac53e83301b8af8e,sell,0x701c244b988a513c945973defa05de933b23fe1d,0xce1a145848136cd36bad607aba2982b2b924c25c6a75563031ed4dc195c06809
125,1296,3.84912,0xb3fa92040c53c41a8db593876b68bfb2c8eb5002,2017-10-04T09:35:27.000Z,0.00297,0xd6ef78ef089ff1817ee51fa6a77f6bd06091ff05,buy,0x701c244b988a513c945973defa05de933b23fe1d,0xe6203f894b32f966d37a190d4c16364b11e13bd115abb62106bdf4bb6ad71730
126,764.977,2.1419356,0xb3fa92040c53c41a8db593876b68bfb2c8eb5002,2017-10-04T09:34:42.000Z,0.0028,0x2eb8eb29973d8d658a722c228fd726b52763bfae,buy,0x701c244b988a513c945973defa05de933b23fe1d,0xca3c56f8af75eec2bb10d7e5fe80a1c8de76d96642feba44e2e67b1666604282
127,217.05,0.5426254341,0xe24d336f095f81def9c0fccdef8c6c7952ca27f5,2017-10-04T09:25:21.000Z,0.002500002,0x9fbca9f4cad1e443264935b81b0b269b5444b55c,buy,0x701c244b988a513c945973defa05de933b23fe1d,0x08328aa98873057a1c7832c5d0b702723c07e8b9a97da0e9d2d4348191d51fca
128,780,1.95000156,0x7aa6e2506316f6d613277d4f2f4e4e1dc55e528e,2017-10-04T09:18:13.000Z,0.002500002,0x9fbca9f4cad1e443264935b81b0b269b5444b55c,buy,0x701c244b988a513c945973defa05de933b23fe1d,0xd7f70cb0d6de7dd804cd701c043b86ae1bd4b15ecddb228c5412d92ea2634a07
129,777.66,1.95970475532,0xacdcba747f02a932d0e7e8a59c7f6a25d91ba6e5,2017-10-04T09:18:13.000Z,0.002520002,0x7aa6e2506316f6d613277d4f2f4e4e1dc55e528e,sell,0x701c244b988a513c945973defa05de933b23fe1d,0xd7f70cb0d6de7dd804cd701c043b86ae1bd4b15ecddb228c5412d92ea2634a07
130,0.010924259610211071,0.000030587926908591,0xd6ef78ef089ff1817ee51fa6a77f6bd06091ff05,2017-10-04T07:48:19.000Z,0.0028,0x2eb8eb29973d8d658a722c228fd726b52763bfae,buy,0x701c244b988a513c945973defa05de933b23fe1d,0x96e24b06474421e6675c876b8adbae96ad9ff2190be4f334b10113425c358833
131,100,0.28,0x1a2a7334aa7fc7635c8a74a29f952858001567fa,2017-10-04T07:37:58.000Z,0.0028,0x2eb8eb29973d8d658a722c228fd726b52763bfae,buy,0x701c244b988a513c945973defa05de933b23fe1d,0xe0ced00ea944dd92bcfc532e4f8a185480880397e085a3d4eeded8adfc664812
132,25,0.0672495,0x1a2a7334aa7fc7635c8a74a29f952858001567fa,2017-10-04T07:35:58.000Z,0.00268998,0x48eaedfa6ab55f414a433f0778f55ed9b827e822,buy,0x701c244b988a513c945973defa05de933b23fe1d,0x894630cc905e2517bb366bc005c8e4a01e389503c2c3da4e59e4eb9dedd2cb26
133,39.09,0.10421390091,0x1a2a7334aa7fc7635c8a74a29f952858001567fa,2017-10-04T07:35:38.000Z,0.002665999,0xad5b3fbc469313e21efe4117627a658424091b0a,buy,0x701c244b988a513c945973defa05de933b23fe1d,0x5d502f18f820704ef177eec094480738ee4e1e2f403fd2287658b8b0bee9e9ec
134,93.526,0.24877916,0xb3fa92040c53c41a8db593876b68bfb2c8eb5002,2017-10-04T05:00:31.000Z,0.00266,0xe7558aa60d1135410f03479df94ea439e782d541,buy,0x701c244b988a513c945973defa05de933b23fe1d,0xfd2bf8939be624593210dec523139a1b3231dd42d8a2aa48126089399636488d
135,93.526,0.24877916,0xb3fa92040c53c41a8db593876b68bfb2c8eb5002,2017-10-04T04:59:14.000Z,0.00266,0xe7558aa60d1135410f03479df94ea439e782d541,buy,0x701c244b988a513c945973defa05de933b23fe1d,0xfd2bf8939be624593210dec523139a1b3231dd42d8a2aa48126089399636488d
136,2.632,0.00700112,0xb3fa92040c53c41a8db593876b68bfb2c8eb5002,2017-10-04T04:17:51.000Z,0.00266,0xe7558aa60d1135410f03479df94ea439e782d541,buy,0x701c244b988a513c945973defa05de933b23fe1d,0xec44c547b2241df667ec961de1faa1fb0ed929c5debe17b1ae9565b344e55214
137,248.322,0.73999956,0xdbf0d9ab03e49f2713e60e599464d6fe6eeb5056,2017-10-04T01:29:27.000Z,0.00298,0x0845ad270268891eb78c056035d6ecd6b06c2ed4,buy,0x701c244b988a513c945973defa05de933b23fe1d,0x5cdbf7f496d15724f1f2170fa2ead52db7902fcb55eafe629d008ecfcc06767c
138,236.842,0.62999972,0xdbf0d9ab03e49f2713e60e599464d6fe6eeb5056,2017-10-04T00:57:08.000Z,0.00266,0xe7558aa60d1135410f03479df94ea439e782d541,buy,0x701c244b988a513c945973defa05de933b23fe1d,0xdbbee5b867cc1fa930e5de513bcf5aa7c7661b5a12e4f77fe327c3d6a6ac5f25
139,151.8692054630645,0.3204440842747483,0xbcce870909b3dbbe28f744f69b080dbdeeb7748a,2017-10-03T21:28:56.000Z,0.0021100004,0xe371c25dbe504243e8afe279c34e5cfb17275d42,sell,0x701c244b988a513c945973defa05de933b23fe1d,0xc75647d9f279d1a09226ce64165c7cd2965591910e06c7a8dc1ce98ddfb21168
140,39.08791667505857,0.08208501589678976,0xad5b3fbc469313e21efe4117627a658424091b0a,2017-10-03T08:44:22.000Z,0.00210001,0x323aa94f92121ee3ba173cce400d1abe8f316ad4,sell,0x701c244b988a513c945973defa05de933b23fe1d,0x055228e1759b9ac445a99bf407dbda2937a0eaa9ca23c6dba9c62ac6d4dca160
141,16.822,0.03532653644,0xfca6e9de7ef741b6e5adfccfc15743a8e9c5bc1e,2017-10-03T08:41:51.000Z,0.00210002,0x323aa94f92121ee3ba173cce400d1abe8f316ad4,sell,0x701c244b988a513c945973defa05de933b23fe1d,0x79135cc324db6a81558d4470db10490ebf8e2dfef112cd89991c8a0f5860ab66
142,0.46006458948030166,0.001104155014752723,0x2eb8eb29973d8d658a722c228fd726b52763bfae,2017-10-03T08:37:01.000Z,0.0023999999999999976,0x323aa94f92121ee3ba173cce400d1abe8f316ad4,sell,0x701c244b988a513c945973defa05de933b23fe1d,0x0d3ca63af02717527645e878d800019fcc04d27f86093f0acfc4a811cbd49155
143,5.4,0.011340000216,0xbcce870909b3dbbe28f744f69b080dbdeeb7748a,2017-10-03T03:52:02.000Z,0.00210000004,0x51aefa5e5b31e0416490a6f647efcb1a3af94c74,sell,0x701c244b988a513c945973defa05de933b23fe1d,0xdc49594c2f45ab69275562263ca71c201809f4b8da2090a73bf9dcb9afbbae3c
144,162.18015628262177,0.4832968657222129,0x586aafcac30efcd077f097cee75646b4426f46b3,2017-10-03T01:02:24.000Z,0.00298,0x0845ad270268891eb78c056035d6ecd6b06c2ed4,buy,0x701c244b988a513c945973defa05de933b23fe1d,0xd01c4ddede110f562286825e935a6da1e0f31def6c95fc09fdfa27cd9e4c66c2
145,322.2014447829179,0.9601603054530954,0x877d90c3d24a6804969f5a589dea992a98ab51cc,2017-10-03T00:55:22.000Z,0.00298,0x0845ad270268891eb78c056035d6ecd6b06c2ed4,buy,0x701c244b988a513c945973defa05de933b23fe1d,0x343391c4941c8c12e0c9417a68d45cf34c0dd650b84784d2ca66a3682d4c81d3
146,200,0.55,0x877d90c3d24a6804969f5a589dea992a98ab51cc,2017-10-03T00:53:47.000Z,0.00275,0x857835ce3589f9a149dab74cd2e1e58254cdd989,buy,0x701c244b988a513c945973defa05de933b23fe1d,0x0f7116fb0e1b99688272aeb10f59a98265529595431105e0ea006bda365d64d0
147,2000,6.99,0x877d90c3d24a6804969f5a589dea992a98ab51cc,2017-10-03T00:53:47.000Z,0.003495,0x8dbd7b3258be2824df1b3f87430d508638408cc1,buy,0x701c244b988a513c945973defa05de933b23fe1d,0x5a2ceae99a9b79f0b9c41075efb82ad04d7743c877a0d77445920fa0a819cb12
148,200,0.51,0x877d90c3d24a6804969f5a589dea992a98ab51cc,2017-10-03T00:53:47.000Z,0.00255,0x857835ce3589f9a149dab74cd2e1e58254cdd989,buy,0x701c244b988a513c945973defa05de933b23fe1d,0x7588e13f8d6e11037cd69416e5675413e0540aabc2918fc9e5a8f183092931b2
149,100,0.25,0x877d90c3d24a6804969f5a589dea992a98ab51cc,2017-10-03T00:53:31.000Z,0.0025,0x857835ce3589f9a149dab74cd2e1e58254cdd989,buy,0x701c244b988a513c945973defa05de933b23fe1d,0xa45769d2475e630f7f5deaa2d9b8a31fab292ae451f49cc6a728ac63d28bd503
150,3328.333,7.9879992,0x877d90c3d24a6804969f5a589dea992a98ab51cc,2017-10-03T00:51:11.000Z,0.0024,0xe89a2a7a15cbaae3c58a03d79485373e216226d6,buy,0x701c244b988a513c945973defa05de933b23fe1d,0x1ad20ab4bac1e8f5ecf5efce2068c812cfea13301a7716945e68332d422ebe8a
151,41.667,0.1000008,0x586aafcac30efcd077f097cee75646b4426f46b3,2017-10-03T00:44:34.000Z,0.0024,0xe89a2a7a15cbaae3c58a03d79485373e216226d6,buy,0x701c244b988a513c945973defa05de933b23fe1d,0x92ea11e9df8b5edbfa75bb33252c016852ee4464090f09a1c12d26f70ccef7db
152,400.833,0.9619992,0x586aafcac30efcd077f097cee75646b4426f46b3,2017-10-03T00:39:10.000Z,0.0024,0xe89a2a7a15cbaae3c58a03d79485373e216226d6,buy,0x701c244b988a513c945973defa05de933b23fe1d,0x3663e4acba13187ad21ea835e0ef0ae6e2f52d39f00855cf7b5a6c29770ec784
153,62.5,0.15,0x586aafcac30efcd077f097cee75646b4426f46b3,2017-10-03T00:29:39.000Z,0.0024,0xe89a2a7a15cbaae3c58a03d79485373e216226d6,buy,0x701c244b988a513c945973defa05de933b23fe1d,0x4c9075ab714e08d2b13b18f63f5c1b884a9d721f42e3eaedbb0a370a930a755c
154,4000,9.6,0xda390e00b63b110ab71bc31bf7d668e1deea8565,2017-10-03T00:28:23.000Z,0.0024,0xe89a2a7a15cbaae3c58a03d79485373e216226d6,buy,0x701c244b988a513c945973defa05de933b23fe1d,0x13dbacb4f0b2656799f4c657ea0dda097a2e610b741617464ffaaf7e51812ea7
155,750,1.8,0x586aafcac30efcd077f097cee75646b4426f46b3,2017-10-03T00:27:56.000Z,0.0024,0xe89a2a7a15cbaae3c58a03d79485373e216226d6,buy,0x701c244b988a513c945973defa05de933b23fe1d,0x791debd1bb0799af550cbb92fbb9b4d7ec581905dc896aceb27f1dd629e8535d
156,416.667,1.0000008,0xb552276b87d8d3389bf733e36e7fe45f1dc51661,2017-10-02T22:36:19.000Z,0.0024,0xe89a2a7a15cbaae3c58a03d79485373e216226d6,buy,0x701c244b988a513c945973defa05de933b23fe1d,0xb49aa4359a6b17a53edf5d29686a3e79cf9bf25d4bb3b7be30a23c2da8aba18f
157,222,0.532578,0xb552276b87d8d3389bf733e36e7fe45f1dc51661,2017-10-02T22:35:34.000Z,0.002399,0xe7558aa60d1135410f03479df94ea439e782d541,buy,0x701c244b988a513c945973defa05de933b23fe1d,0x38027bdf2386734438f1539968aff94f55183ef1b1b6a89fa923aeb42f9450a7
158,25.74959956033136,0.061824788544355594,0xcb3833a6a1dab47376c94ee9ca15bded513ca883,2017-10-02T19:12:38.000Z,0.002401,0xe7558aa60d1135410f03479df94ea439e782d541,sell,0x701c244b988a513c945973defa05de933b23fe1d,0x2d61492933a4029a8fb32d55fcc4806d6f48c4c2c10a8eb7f019f8cfdeeb626d
159,445.631,1.070405662,0x2eb8eb29973d8d658a722c228fd726b52763bfae,2017-10-02T18:27:26.000Z,0.002402,0xe89a2a7a15cbaae3c58a03d79485373e216226d6,sell,0x701c244b988a513c945973defa05de933b23fe1d,0x81033332eeb2897c5d94315557925b4c3f273eb2d75d204b2fad0befa132c342
160,2569.53544013558,6.169454591765527,0xcb3833a6a1dab47376c94ee9ca15bded513ca883,2017-10-02T18:24:27.000Z,0.002401,0xecc996953e976a305ee585a9c7bbbcc85d1c467b,sell,0x701c244b988a513c945973defa05de933b23fe1d,0x87ca37afa5bd483c1dc6ad11d05ef91fb38a9d193e9cca80e1bd90324443ba16
161,42.36865716279534,0.1017695145050344,0x2eb8eb29973d8d658a722c228fd726b52763bfae,2017-10-02T18:20:34.000Z,0.002402,0x7ffd220a634c5ae24b22d845814c15bae5d316de,sell,0x701c244b988a513c945973defa05de933b23fe1d,0xcfe81edb8bc5df76fc3ddbab2c51d92c2d2a0df90f12775652e41f67d968f66a
162,0.528924366755368,0.001269418480212883,0x2eb8eb29973d8d658a722c228fd726b52763bfae,2017-10-02T17:46:37.000Z,0.0024,0x21de9e523991ccb64c665315af72c7d0564e049b,sell,0x701c244b988a513c945973defa05de933b23fe1d,0x8c1f55dbb4f9326bac9c085acb144b3949dc2b3d0d9791b8e8eec207fdf0f6ec
163,5305.640322923096,12.738842415338354,0xcb3833a6a1dab47376c94ee9ca15bded513ca883,2017-10-02T17:35:53.000Z,0.002401,0x21de9e523991ccb64c665315af72c7d0564e049b,sell,0x701c244b988a513c945973defa05de933b23fe1d,0xe62fb932a58a9e257db87b3c960edd51bd9a87386b192c0778e8a1bd2f65774b
164,399.07463738099256,0.958178204351763,0xcb3833a6a1dab47376c94ee9ca15bded513ca883,2017-10-02T17:35:28.000Z,0.002401,0xa2df457a2a6b3ad62bc3ebab8ac2ef62c80dc1b2,sell,0x701c244b988a513c945973defa05de933b23fe1d,0x637e20d192737ba3591d482a0fdd9824c691266480b1d8a0ed3e86e5d04c4343
165,376,0.9024,0x2eb8eb29973d8d658a722c228fd726b52763bfae,2017-10-02T16:06:02.000Z,0.0024,0x08b87a84a85186b2110d44144d32cd7ca4b08e6d,sell,0x701c244b988a513c945973defa05de933b23fe1d,0xfc43633ccbcf2092fc43c9d6986fa24676df4bf7fdf6faae75393762ef762469
166,0.1,0.00029,0xdcce32ecd82fb651983b10ba53bf3141a330c953,2017-10-02T11:58:32.000Z,0.0029,0x1a5486b6d08a50a3f1082eee3633dc53c3d9da18,buy,0x701c244b988a513c945973defa05de933b23fe1d,0x0f7e24fee1c16a327774d3ee6bb36e6008d8567e164e3013fe1bfc607df16f94
167,10,0.029,0x2126a604190d8a3485e20778473df338513278e3,2017-10-02T11:10:22.000Z,0.0029,0x1a5486b6d08a50a3f1082eee3633dc53c3d9da18,buy,0x701c244b988a513c945973defa05de933b23fe1d,0x89aa00a89db0a614725e76eabd1694b3dfccda815155b9c1bfb347937c6d1b4b
168,1,0.0029,0x0249924245a19aa2d7f5ddb0739a7132b7d094ab,2017-10-02T02:02:55.000Z,0.0029,0x1a5486b6d08a50a3f1082eee3633dc53c3d9da18,buy,0x701c244b988a513c945973defa05de933b23fe1d,0x563fc5e847e80621906c43dc7b34dfd511c1640342e25aa96c1f953b32b28f9b
169,249.22739507526668,0.39876383212042665,0x3a213388bc51b12758112cd3026890fe6cfea42b,2017-10-02T00:22:00.000Z,0.0016,0x6b83f4486bd5a3e8bfff2f6fbe7c16d4a172c1db,sell,0x701c244b988a513c945973defa05de933b23fe1d,0x54244aa56592647fa761f58fb8785d7bd4373376bd0645a45bd395553ac0932f
170,900.149,1.7102831,0x83d7b2aa59d0668e16ca8a065f07d11155898035,2017-10-01T22:40:35.000Z,0.0019,0xed05637cafbf838059080a3ad9bb059140995554,buy,0x701c244b988a513c945973defa05de933b23fe1d,0x5598380a3af7d313cf31101c110e2b0c4563c0894276d705d01f09882de053f0
171,35.088,0.0631584,0x62208973e8cac2e82881a8e7120664c623b4a500,2017-10-01T20:49:28.000Z,0.0018,0x1a54b73bcdabb0c484db6b68ba87144f3b9c4335,buy,0x701c244b988a513c945973defa05de933b23fe1d,0xcbfbed15260bb99c0c14385a7b9ad2758fd1593c8d5bae1d48b2bca512336e79
172,246.5,0.396865,0x905e0578d5316b3597d3210b913e6f6309168272,2017-10-01T14:18:10.000Z,0.00161,0x423b9c427594872f155fa3986c508800269fe3b5,sell,0x701c244b988a513c945973defa05de933b23fe1d,0x4b574301459a1303348dced36922114e0a6a9fa5d237ce6f689f8178889f28ff
173,277.778,0.5000004,0x4a7ef8c589d5c1e5b13f040f1ef91e623a658de0,2017-09-30T21:33:33.000Z,0.0018,0x1a54b73bcdabb0c484db6b68ba87144f3b9c4335,buy,0x701c244b988a513c945973defa05de933b23fe1d,0x525f28104e1129a7b2e860522494f5addc37f8384d2e04052d171e83661f2bff
174,49.845479015053336,0.07975276642408534,0x3a213388bc51b12758112cd3026890fe6cfea42b,2017-09-30T16:35:45.000Z,0.0016,0x1f681b750f96c6801cc03b8f237a4d9e35b87655,sell,0x701c244b988a513c945973defa05de933b23fe1d,0x29ee3fa5a884c0199f58e52d531a40777ca7ad353bfdb46a383380533bd8730a
175,50,0.08,0x1f681b750f96c6801cc03b8f237a4d9e35b87655,2017-09-30T16:05:40.000Z,0.0016,0x1a54b73bcdabb0c484db6b68ba87144f3b9c4335,buy,0x701c244b988a513c945973defa05de933b23fe1d,0x377eaebb6a619d86b9e8cb427bc27a083381c5c24084b6a4ec87f43061ec3826
176,49.845479015053336,0.06235669424783172,0x1a5486b6d08a50a3f1082eee3633dc53c3d9da18,2017-09-30T12:31:59.000Z,0.001251,0x11d51c3574ec4bb1fe53e96c5c15d50d17cb9c7b,sell,0x701c244b988a513c945973defa05de933b23fe1d,0x57d6434eaae8110c8ad45350c3cd409104f5b7a1169c11dd7dd386fa8572c1f1
177,300,0.48,0x3849abe6e51232114e18d2ac76955bd14fd9c645,2017-09-30T11:07:23.000Z,0.0016,0x1a54b73bcdabb0c484db6b68ba87144f3b9c4335,buy,0x701c244b988a513c945973defa05de933b23fe1d,0xe646443e0664edb897ae36c31f7614adcacc6694bcba6857c3b61c1609b089f8
178,1036.081,1.5541215,0x1a5486b6d08a50a3f1082eee3633dc53c3d9da18,2017-09-30T09:24:17.000Z,0.0015,0xe89a2a7a15cbaae3c58a03d79485373e216226d6,buy,0x701c244b988a513c945973defa05de933b23fe1d,0x88b0c8c8233e955bf7118aa408404d0854e212e13416602265b36b9d0d9415d4
179,36.04,0.050456,0x1a5486b6d08a50a3f1082eee3633dc53c3d9da18,2017-09-30T09:17:58.000Z,0.0014,0x44c9e0f6331b5b7f51d209117fb96bc6827e56c3,buy,0x701c244b988a513c945973defa05de933b23fe1d,0xf3eb7ebd3c414c5eb0860ff026cb9a96ac2841a324eb41298d557ad4d605eb25
180,26.786,0.03723254,0x1a5486b6d08a50a3f1082eee3633dc53c3d9da18,2017-09-30T09:17:50.000Z,0.00139,0xaa27f0a04d4784ac5d1c302b581551b79f8b8eab,buy,0x701c244b988a513c945973defa05de933b23fe1d,0x0cc4dab2e718d6bbdda8d72a9dcd5f4a20121b05e5fd24ba46336c87a347764c
181,3400,5.1,0x1a5486b6d08a50a3f1082eee3633dc53c3d9da18,2017-09-30T09:11:39.000Z,0.0015,0xe89a2a7a15cbaae3c58a03d79485373e216226d6,buy,0x701c244b988a513c945973defa05de933b23fe1d,0x62f3fa3fa1f51c87cf885b92b768ace7f2295cbf9a539113f31290213211886d
182,400,0.584,0x7aa6e2506316f6d613277d4f2f4e4e1dc55e528e,2017-09-30T05:29:26.000Z,0.00146,0xd2dad63e17b970e795345dfaa23ba0c33cbf4c91,buy,0x701c244b988a513c945973defa05de933b23fe1d,0x306dae84166911674cd6c99f78d0a6fc71b67ba7fed400804dd602573480c1a0
183,398.8,0.590224,0x32ff50ab8faf349eb18b6535d639ebe9c38c54d4,2017-09-30T05:29:26.000Z,0.00148,0x7aa6e2506316f6d613277d4f2f4e4e1dc55e528e,sell,0x701c244b988a513c945973defa05de933b23fe1d,0x306dae84166911674cd6c99f78d0a6fc71b67ba7fed400804dd602573480c1a0
184,471.516,0.6883662084,0x7aa6e2506316f6d613277d4f2f4e4e1dc55e528e,2017-09-30T05:13:48.000Z,0.0014599,0xc4721cad29d2b253ea2d35714d6130992c3f0b96,buy,0x701c244b988a513c945973defa05de933b23fe1d,0xd5ee43392d0bc9c6608444c028523c6240a443aae9d6868e88f4e7d16dd257ce
185,470.101452,0.69575014896,0x32ff50ab8faf349eb18b6535d639ebe9c38c54d4,2017-09-30T05:13:48.000Z,0.00148,0x7aa6e2506316f6d613277d4f2f4e4e1dc55e528e,sell,0x701c244b988a513c945973defa05de933b23fe1d,0xd5ee43392d0bc9c6608444c028523c6240a443aae9d6868e88f4e7d16dd257ce
186,1,0.0014599,0xa0be78d2bac6a692adba423c7af50ec86a18bddf,2017-09-28T13:24:40.000Z,0.0014599,0xc4721cad29d2b253ea2d35714d6130992c3f0b96,buy,0x701c244b988a513c945973defa05de933b23fe1d,0xbea7efac5da8cc75babaf771cbccc399e423540f7e5346af57b5784c47e902c4
187,1,0.0014599,0xa0be78d2bac6a692adba423c7af50ec86a18bddf,2017-09-28T13:23:25.000Z,0.0014599,0xc4721cad29d2b253ea2d35714d6130992c3f0b96,buy,0x701c244b988a513c945973defa05de933b23fe1d,0xcbd6a0ee4df97a2d66ab2a54fa38ef2573eba0297000a3f7ec1405559de8cec1
188,40.774025702258996,0.04934117856463774,0x905e0578d5316b3597d3210b913e6f6309168272,2017-09-28T12:37:19.000Z,0.001210113,0xa81d30697eaf18bc2d0b6a87ec5aa22e0506be42,sell,0x701c244b988a513c945973defa05de933b23fe1d,0xc8657fdb5398192acb04195624047c9221d6f45b91df3791bce2a651da4d4be6
189,4.251819359984049,0.005145181881168378,0x905e0578d5316b3597d3210b913e6f6309168272,2017-09-28T11:51:34.000Z,0.001210113,0xa81d30697eaf18bc2d0b6a87ec5aa22e0506be42,sell,0x701c244b988a513c945973defa05de933b23fe1d,0x06d01245e26482347b0d4a5d6b9d05a13638d52c513f8ca45b6730a2907ae101
190,245,0.2989,0x00823e36cb0c60f8e1c7adfca74ed34c45eb1984,2017-09-28T11:46:12.000Z,0.00122,0xa81d30697eaf18bc2d0b6a87ec5aa22e0506be42,sell,0x701c244b988a513c945973defa05de933b23fe1d,0xb16b2a3f4505e96fc56fb4a0fc7a2f3d312a8c71fb040acf3e74654f3b838b72
191,286.1584654289769,0.34625460475371633,0x3dee4a4e076e8d82859d241db0baf46f112cfa23,2017-09-28T05:00:46.000Z,0.00121001,0x1ed014aec47fae44c9e55bac7662c0b78ae61798,sell,0x701c244b988a513c945973defa05de933b23fe1d,0xa1103da0e749bce334ae563c272f60ce80451531dfb70e94ebf33f09c205b6d6
192,94.61453318798375,0.12299889314437888,0x014b317376c3d7789ee4df3f70bacf3cff7e1462,2017-09-28T01:29:58.000Z,0.0013,0xdb0deefa761bed6e42a01ab9179b468d05e69cb7,sell,0x701c244b988a513c945973defa05de933b23fe1d,0xcc5ac3a529e7341ce218619b5b4fdd3186c8167deccf2ebe170944dbe5078ae1
193,8,0.0104,0xe7558aa60d1135410f03479df94ea439e782d541,2017-09-27T21:22:58.000Z,0.0013,0x0881e242a1e9f9ba80d0800834dae4549d4a3fd8,buy,0x701c244b988a513c945973defa05de933b23fe1d,0xc970589378b9421c7849036089c70ab81336924d8a34fd31effa9cb7b7312ae5
194,4.9845479015053336,0.0059814574818064,0x7fb50efba0d35efb87a73bd685ceb9cef57e236e,2017-09-26T19:06:28.000Z,0.0012,0xdde2dd78aa09329914127ef65878a37f9e526ddf,sell,0x701c244b988a513c945973defa05de933b23fe1d,0x2735329199f60ce691bc53c2da3a99f8db9e288e8a2646db31440e5b52d3e1ed
195,5,0.0065,0xdde2dd78aa09329914127ef65878a37f9e526ddf,2017-09-26T19:02:18.000Z,0.0013,0x0881e242a1e9f9ba80d0800834dae4549d4a3fd8,buy,0x701c244b988a513c945973defa05de933b23fe1d,0xe0810b1ce7847e072a3d1541b4dfe4e9ecabfc1f519c47b5443a853264e72cbd
196,4.73896245592945,0.006160651192708284,0x014b317376c3d7789ee4df3f70bacf3cff7e1462,2017-09-26T06:25:58.000Z,0.0012999999999999997,0x00823e36cb0c60f8e1c7adfca74ed34c45eb1984,sell,0x701c244b988a513c945973defa05de933b23fe1d,0x867b6d9a947e84428f12d7ed6d4410029c8be265bad1f3344bbd0a122a093663
197,91,0.11921,0xe7558aa60d1135410f03479df94ea439e782d541,2017-09-26T06:22:58.000Z,0.00131,0x00823e36cb0c60f8e1c7adfca74ed34c45eb1984,sell,0x701c244b988a513c945973defa05de933b23fe1d,0x8842953f6a06249f62b4ffd1912f31b902f5d9bb8c1dd9d4e47465d19aea5769
198,1000,1.3,0x7fb50efba0d35efb87a73bd685ceb9cef57e236e,2017-09-26T03:26:21.000Z,0.0013,0x4e0375ad69ffdee3286bec25ac53e83301b8af8e,sell,0x701c244b988a513c945973defa05de933b23fe1d,0x53c7f40dd6faef1f74a0daa0a3682d400974e2f2d33a67c52bdd19ad81092637
199,131,0.17161,0xe7558aa60d1135410f03479df94ea439e782d541,2017-09-26T01:35:07.000Z,0.00131,0x62f5e5c4fdeafbd1b7f09d296123998c1f3a85ac,sell,0x701c244b988a513c945973defa05de933b23fe1d,0x56677d71a2a03668192b123861eaa019882f0c07e338cc2ffe566e98007b4fce
200,2000,2.62,0x0549bbc301ef3e6cc8a78fecbd79881e8f4aa7f0,2017-09-26T01:17:20.000Z,0.00131,0x4e0375ad69ffdee3286bec25ac53e83301b8af8e,sell,0x701c244b988a513c945973defa05de933b23fe1d,0x10471ba829fef41472025a28cc87db41bbb58817402d11e0af546c6399377ed3
201,266.5323954283119,0.3491574380110885,0x0549bbc301ef3e6cc8a78fecbd79881e8f4aa7f0,2017-09-25T13:45:14.000Z,0.00131,0x00823e36cb0c60f8e1c7adfca74ed34c45eb1984,sell,0x701c244b988a513c945973defa05de933b23fe1d,0xafc0aac1824a0331236146926cb20ccc424d3109ca84f5ccbb2baa19f887a12b
202,258.3411413962057,0.33842689522902947,0x0549bbc301ef3e6cc8a78fecbd79881e8f4aa7f0,2017-09-25T13:17:30.000Z,0.00131,0x00823e36cb0c60f8e1c7adfca74ed34c45eb1984,sell,0x701c244b988a513c945973defa05de933b23fe1d,0x18b1710f7a0885c4d2cd06b4aff31a2db2a377dd5ae7dcf687b823b429efdf15
203,182.71924533944772,0.2393622113946765,0x0549bbc301ef3e6cc8a78fecbd79881e8f4aa7f0,2017-09-25T12:43:44.000Z,0.00131,0x00823e36cb0c60f8e1c7adfca74ed34c45eb1984,sell,0x701c244b988a513c945973defa05de933b23fe1d,0x706c22bcc6100007b958a13dd795f60a77ebb71276abcf9ec8494310cbcc19eb
204,61.46478416907586,0.08236281078656166,0x0549bbc301ef3e6cc8a78fecbd79881e8f4aa7f0,2017-09-25T12:40:57.000Z,0.00134,0x00823e36cb0c60f8e1c7adfca74ed34c45eb1984,sell,0x701c244b988a513c945973defa05de933b23fe1d,0x2fbe25bccda0df26abdcf354d1f70da52df350d5d91ecbe2ceaf9fc64de3a4bb
205,138.53521583092413,0.18563718921343833,0x0549bbc301ef3e6cc8a78fecbd79881e8f4aa7f0,2017-09-25T12:15:04.000Z,0.00134,0x00823e36cb0c60f8e1c7adfca74ed34c45eb1984,sell,0x701c244b988a513c945973defa05de933b23fe1d,0x80fc67c92994d3cf585bc9b8c925b1a790fbfdffd47eacd9709130dddb74aaa1
206,86.775,0.1204437,0x0549bbc301ef3e6cc8a78fecbd79881e8f4aa7f0,2017-09-25T12:11:49.000Z,0.001388,0x00823e36cb0c60f8e1c7adfca74ed34c45eb1984,sell,0x701c244b988a513c945973defa05de933b23fe1d,0x62c4975873a0927415a83b7cb31f66c815728ddad7e6bad7c1ad582a2fdad261
207,0.3325846542353,0.000461627500078596,0x0549bbc301ef3e6cc8a78fecbd79881e8f4aa7f0,2017-09-25T11:53:26.000Z,0.0013879999999999988,0x18a902dc44442205b4ba2b1dc038e67506d22c55,sell,0x701c244b988a513c945973defa05de933b23fe1d,0xa693ac211fd883ce2b98c53d88481c895555af68a3cf19e2d570e58aaa9c52a4
208,112.89239511514306,0.15669464441981856,0x0549bbc301ef3e6cc8a78fecbd79881e8f4aa7f0,2017-09-25T11:06:46.000Z,0.001388,0x7f39c9fff2c0a7d85e343bea2297eff9da28ffc9,sell,0x701c244b988a513c945973defa05de933b23fe1d,0xa1eee0bd07b93d9b916a242a884fd71d02ca49a65722f306cc5cfccb857f3f7c
209,248.62946020008587,0.3257045928621125,0x0549bbc301ef3e6cc8a78fecbd79881e8f4aa7f0,2017-09-25T09:54:14.000Z,0.00131,0x3dee4a4e076e8d82859d241db0baf46f112cfa23,sell,0x701c244b988a513c945973defa05de933b23fe1d,0x22852d7a2035aa94bdd31d52ae994bf8e0fe48ce2967bec38838f64c9fefa9a9
210,200,0.2954,0x0549bbc301ef3e6cc8a78fecbd79881e8f4aa7f0,2017-09-25T06:21:02.000Z,0.001477,0x3dee4a4e076e8d82859d241db0baf46f112cfa23,sell,0x701c244b988a513c945973defa05de933b23fe1d,0x403b457d718aa59e70ed96c1a76418c0568c0524cd1424fc02b81dd2526d8d7f
211,200,0.29576,0x0549bbc301ef3e6cc8a78fecbd79881e8f4aa7f0,2017-09-25T05:59:54.000Z,0.0014788,0x323aa94f92121ee3ba173cce400d1abe8f316ad4,sell,0x701c244b988a513c945973defa05de933b23fe1d,0xe8da0ece3fb9f53b13fdb4cc1d5def0fc25c5a9a1b78496486c7ad8e438422f3
212,0.3381119826886665,0.0005,0x23ee598e50ff1b1bde1022bf3c8a41d4c23321a0,2017-09-25T00:44:08.000Z,0.0014788,0x9733ae7ececa99c8b1db998a7e8e37bcb3f68ae2,buy,0x701c244b988a513c945973defa05de933b23fe1d,0x57f2c67ea374b8bc425e9d47850a00b39ca937fb78aa93723cabf64f29c92d03
213,0.3381119826886665,0.0005,0xe5a759eb3e214ff0a2bbbea31acc41c9bf27b239,2017-09-25T00:26:12.000Z,0.0014788,0x9733ae7ececa99c8b1db998a7e8e37bcb3f68ae2,buy,0x701c244b988a513c945973defa05de933b23fe1d,0xb6e6e4987041b9b47bd4a386aef0224c1f0aa5b944b595e57bab2c2de0c8bdb0
214,0.3381119826886665,0.0005,0x160506e5a5ce5dadd43623689f53d5aa1f288f0f,2017-09-25T00:13:10.000Z,0.0014788,0x9733ae7ececa99c8b1db998a7e8e37bcb3f68ae2,buy,0x701c244b988a513c945973defa05de933b23fe1d,0x7bb421fe788eddc406e3f339a187bb4ba309e919ae807c15d40c91d676bd0d5a
215,0.3325846542353,0.00043236005050589,0x014b317376c3d7789ee4df3f70bacf3cff7e1462,2017-09-24T23:29:23.000Z,0.0013,0xd868b838b5de79f1e540b5d83c9e9a3d0b3810cd,sell,0x701c244b988a513c945973defa05de933b23fe1d,0x57a0baae68f2e0d38fff682ef47dc86da120cc4d820cef9f715b25c713d0bf59
216,0.3139197018515,0.00040809561240695,0x014b317376c3d7789ee4df3f70bacf3cff7e1462,2017-09-24T23:07:53.000Z,0.0013,0x1f8ac99600c61189d92c85cc760735b9e0067a60,sell,0x701c244b988a513c945973defa05de933b23fe1d,0x5c51bf7116b73570a99078e05393c37f6c50bc56ddf446f5e9cb7caa56846bdd
217,202.867,0.2999997196,0xff64f34e8511693e3dffa0e1fe037a6a65f3937b,2017-09-24T21:25:34.000Z,0.0014788,0x9733ae7ececa99c8b1db998a7e8e37bcb3f68ae2,buy,0x701c244b988a513c945973defa05de933b23fe1d,0x4c0841e437e806f82e3fecc8742d9d4de8fba3ca5c9eabd0a4b0e54a9d204015
218,41.6,0.06147232,0xff64f34e8511693e3dffa0e1fe037a6a65f3937b,2017-09-24T20:19:10.000Z,0.0014777,0x383932e5467528999954bf192452e390e1c84795,buy,0x701c244b988a513c945973defa05de933b23fe1d,0x4fb1b1cb0259c01f7688229d8310764567835e64d3b180db232783d40ee2149e
219,0.004969143556480246,0.000005779113956186,0x0090e22fd0b705fbeb100366689a328f6dea8594,2017-09-24T17:50:02.000Z,0.0011629999999998942,0x1899a21760650d300930da2bf4df4f17089d3a1d,sell,0x701c244b988a513c945973defa05de933b23fe1d,0x9cbb0138d425b2d92d3e09f5c18bd149f73684fbcade7603a310fcd05329bec2
220,49.845479015053336,0.05797029209450703,0x0090e22fd0b705fbeb100366689a328f6dea8594,2017-09-24T16:59:47.000Z,0.001163,0x1899a21760650d300930da2bf4df4f17089d3a1d,sell,0x701c244b988a513c945973defa05de933b23fe1d,0x6e0a224e3ba54c7bae5e5bee4c19eb873027d3a4ecd770e5ada1aec27d020297
221,249.39286677595078,0.368802171388276,0x62f5e5c4fdeafbd1b7f09d296123998c1f3a85ac,2017-09-24T11:52:39.000Z,0.0014788,0x9733ae7ececa99c8b1db998a7e8e37bcb3f68ae2,buy,0x701c244b988a513c945973defa05de933b23fe1d,0x89371313b2ee23a027f7139eaa71fc7dfbd7a9f03eb52bc5c1b085d779e67ee5
222,450,0.5175045,0x3dee4a4e076e8d82859d241db0baf46f112cfa23,2017-09-24T11:26:39.000Z,0.00115001,0x62f5e5c4fdeafbd1b7f09d296123998c1f3a85ac,sell,0x701c244b988a513c945973defa05de933b23fe1d,0x0be4db6aa1b660c4cd959ced294e8226cf19cfb6fec60e389c5c31a3f0904118
223,440,0.000044,0x584e9c20775461884c00bba8e16ccf215e1a5efb,2017-09-24T03:59:05.000Z,0.0000001,0xeb9bfc15302ef4a3a7a484ef383ada02f9169b74,sell,0x701c244b988a513c945973defa05de933b23fe1d,0xa7338c2767d2643257ef75280cf576811660fd0bc78cf7017ba88c97edfe6208
224,133.433,0.20000005504,0x87eb8e079ded802c2ee2b34af5641884ae5aec05,2017-09-24T01:51:24.000Z,0.00149888,0x9733ae7ececa99c8b1db998a7e8e37bcb3f68ae2,buy,0x701c244b988a513c945973defa05de933b23fe1d,0x1c55a59ebfc985a4f05f2e7d11103af160304a271f1313e3bf8d100b4c7196d4
225,0.33557046979865773,0.0005,0xc22f5ab4f1591613a92b4d172cc7f4e4a5af58cd,2017-09-24T00:02:30.000Z,0.00149,0x9e0505a2c08db52e814fae91a383a9bb14df2548,buy,0x701c244b988a513c945973defa05de933b23fe1d,0xf63d633283c69b299455525e95e30818e079dc6a75a9ad5882dbf25bf659c9c9
226,0.33358240819812124,0.0005,0x452b06f1c61cff4c9bebaa405319a7c3b12553a2,2017-09-23T23:28:20.000Z,0.00149888,0x9733ae7ececa99c8b1db998a7e8e37bcb3f68ae2,buy,0x701c244b988a513c945973defa05de933b23fe1d,0x15cdea100d7888f13e97b29ce02437d116b42b9373f00cf549ddb9c26878c44a
227,198.2914730856072,0.27364223285813793,0x014b317376c3d7789ee4df3f70bacf3cff7e1462,2017-09-23T23:10:38.000Z,0.00138,0x9778550d76b07ac9f5e57392f68ecdf6efc1774e,sell,0x701c244b988a513c945973defa05de933b23fe1d,0x33a597303f42b6c37802d010c2a47993acae401d103a384183f36dfaa68531d9
228,100,0.149888,0x014b317376c3d7789ee4df3f70bacf3cff7e1462,2017-09-23T21:52:12.000Z,0.00149888,0x9733ae7ececa99c8b1db998a7e8e37bcb3f68ae2,buy,0x701c244b988a513c945973defa05de933b23fe1d,0x3ae931247e1f7c2cb9d875bbee997de3a80293b562ee06fdcbc6b28e840a6636
229,200,0.299776,0x4013176e5a4e7bf43a4d5ee5777ec6cf1e60ab9e,2017-09-23T21:00:14.000Z,0.00149888,0x9733ae7ececa99c8b1db998a7e8e37bcb3f68ae2,buy,0x701c244b988a513c945973defa05de933b23fe1d,0xc2b5c63388ebab14480df9ff6b51da6733e0a8906a81317eda3c76d6908ead38
230,30,0.0449631,0x014b317376c3d7789ee4df3f70bacf3cff7e1462,2017-09-23T19:50:32.000Z,0.00149877,0x383932e5467528999954bf192452e390e1c84795,buy,0x701c244b988a513c945973defa05de933b23fe1d,0xea9059735d6df0c1b79287cb309d301a087a6659aa456482cd2e2c65f971b22e
231,0.33358240819812124,0.0005,0x2ba19ec4bcd5ae8de66b110bde5ebf41092bd02f,2017-09-23T19:18:58.000Z,0.00149888,0x9733ae7ececa99c8b1db998a7e8e37bcb3f68ae2,buy,0x701c244b988a513c945973defa05de933b23fe1d,0x363c55dc82f9c1225b4ea0032107cec5ce4dbb2acee08bb4002f61b06c570902
232,0.33358240819812124,0.0005,0x18a902dc44442205b4ba2b1dc038e67506d22c55,2017-09-23T16:29:34.000Z,0.00149888,0x9733ae7ececa99c8b1db998a7e8e37bcb3f68ae2,buy,0x701c244b988a513c945973defa05de933b23fe1d,0x271501cd0880d2681fd64ba632a0739f0ac8ee8b6564bc1b24e49bc222e43176
233,0.33358240819812124,0.0005,0xd868b838b5de79f1e540b5d83c9e9a3d0b3810cd,2017-09-23T16:24:55.000Z,0.00149888,0x9733ae7ececa99c8b1db998a7e8e37bcb3f68ae2,buy,0x701c244b988a513c945973defa05de933b23fe1d,0x8388f1e0505afd11034304e46f6386688940307b7d7836fd5395ce0a13a043a1
234,0.3139197018515,0.000358182379812561,0xb035fb02b50f47c95755f6e85935541d6e02b9fa,2017-09-23T14:06:40.000Z,0.0011409999999999984,0x0f657c396dfcd6c59bb82b89fc3adbe5f90ce153,sell,0x701c244b988a513c945973defa05de933b23fe1d,0x0c72a95836fa18edddce5a28052f405416570a08c3367c18d74d27e8274152d2
235,2136.0283122320807,2.437208304256804,0xb035fb02b50f47c95755f6e85935541d6e02b9fa,2017-09-23T12:58:25.000Z,0.001141,0xe99fd1461a783bfa58feb19ff1dc45453c5891b5,sell,0x701c244b988a513c945973defa05de933b23fe1d,0x9affe1be41221ee076b72e2ea128e3a8c18238327253d3f9a8104b1fe47caf89
236,250,0.3,0x901e9ffe28c136759399025ef9d2da2ca9089bd2,2017-09-23T12:54:47.000Z,0.0012,0xe99fd1461a783bfa58feb19ff1dc45453c5891b5,sell,0x701c244b988a513c945973defa05de933b23fe1d,0xfcfb96478f186240f643cfedf2882a031c41b4e55eefd5be133668708080ac8b
237,1,0.001499,0x636d925f140f761f7a0e600db2177dd068ddada1,2017-09-23T11:44:48.000Z,0.001499,0x383932e5467528999954bf192452e390e1c84795,buy,0x701c244b988a513c945973defa05de933b23fe1d,0xfeabe2d0878923c78f632345ff4b8ab245fa652dcbfab513814ed2f270867eb7
238,1,0.001499,0x18bc639218a3abdf0772a49c3c4ea2ee9148ddc4,2017-09-23T09:41:48.000Z,0.001499,0x383932e5467528999954bf192452e390e1c84795,buy,0x701c244b988a513c945973defa05de933b23fe1d,0x040b816fa48bcb22014c0e97ab88b9f128a519a63179bab8d56dbeae4530e5fe
239,100,0.15,0x014b317376c3d7789ee4df3f70bacf3cff7e1462,2017-09-23T00:51:47.000Z,0.0015,0xe89a2a7a15cbaae3c58a03d79485373e216226d6,buy,0x701c244b988a513c945973defa05de933b23fe1d,0x91d28dc88697b4d9bc036c2b8e7bf1374ca6bdf358e3e734882438f5d7447282
240,30.71,0.046061929,0x014b317376c3d7789ee4df3f70bacf3cff7e1462,2017-09-22T22:53:32.000Z,0.0014999,0xf60b7a42f39161c8852731d2c75039c8ad439c20,buy,0x701c244b988a513c945973defa05de933b23fe1d,0x0487de9c3c6fa68412653445b746475c44ccab5d2613b69f411ebc06a244cba3
241,0.33852403520649965,0.0005,0x999dbc9673afdd6b6c140c261297f89de35ff1b3,2017-09-22T06:19:16.000Z,0.001477,0x383932e5467528999954bf192452e390e1c84795,buy,0x701c244b988a513c945973defa05de933b23fe1d,0x835c1bf8f9a736297fff2930c634bac98afcee6cab4b2ac51e6aa62291530bce
242,0.33852403520649965,0.0005,0x999dbc9673afdd6b6c140c261297f89de35ff1b3,2017-09-22T05:33:49.000Z,0.001477,0x383932e5467528999954bf192452e390e1c84795,buy,0x701c244b988a513c945973defa05de933b23fe1d,0x77746c371ead4631c677e1760f5c38d13f78a63c9383d506e7db7f281d7172f3
243,0.33852403520649965,0.0005,0x8612d2a48328bbf318b856ed0daaa4a7034383d0,2017-09-22T05:27:20.000Z,0.001477,0x383932e5467528999954bf192452e390e1c84795,buy,0x701c244b988a513c945973defa05de933b23fe1d,0x3e3b970f8d3184b610928d47ca023b9dcd52052c494133e23addfb30034b2c9b
244,0.33852403520649965,0.0005,0x10c12555236fa11fc988be565ab70c82a4660ecf,2017-09-22T05:23:58.000Z,0.001477,0x383932e5467528999954bf192452e390e1c84795,buy,0x701c244b988a513c945973defa05de933b23fe1d,0x666cb754fb9bc0827ac26dd002d11a91fbfc9ada41820d20dee997aec697c603
245,0.677,0.000999929,0x19b78488b79c6a45d4e060f05a2b35c4873f25c5,2017-09-22T05:16:15.000Z,0.001477,0x383932e5467528999954bf192452e390e1c84795,buy,0x701c244b988a513c945973defa05de933b23fe1d,0x768f10dc168ad33920e3cf5408f025423c55d21df9695816daebabf39a3b36d2
246,0.33852403520649965,0.0005,0x8f28b1970e72adb11173044ebc762800e3128238,2017-09-22T05:09:50.000Z,0.001477,0x383932e5467528999954bf192452e390e1c84795,buy,0x701c244b988a513c945973defa05de933b23fe1d,0x828f803d6c239b9c9b7dbd7f689e6deb2d7d390b99de06bbb84e29f64d8374b9
247,0.33852403520649965,0.0005,0x7ed2114439b24152cf18c02c10cae681a7ca2adc,2017-09-22T05:09:45.000Z,0.001477,0x383932e5467528999954bf192452e390e1c84795,buy,0x701c244b988a513c945973defa05de933b23fe1d,0x6a9c6987cacc4b18d7c52b0fa8538bec78ae19a87e60d0ee2959912e032cc1fe
248,0.33852403520649965,0.0005,0x03dd03643b71b06642179afb38211c0f45699bc5,2017-09-22T04:58:58.000Z,0.001477,0x383932e5467528999954bf192452e390e1c84795,buy,0x701c244b988a513c945973defa05de933b23fe1d,0x84bc328422fb41ec5d20364fc7fe75d21d740aadb64f82da5103c3646beadd77
249,44.86240996823714,0.05047021121426678,0xd2dad63e17b970e795345dfaa23ba0c33cbf4c91,2017-09-21T10:03:07.000Z,0.001125,0xeddf1956593ec725a0964401d291f4250463abaf,sell,0x701c244b988a513c945973defa05de933b23fe1d,0x0123c0b4ca3dd622050a5f4b4803b600baa4239a79bd18dbae24e3a5f516b417
250,0.036,0.0000405,0xd2dad63e17b970e795345dfaa23ba0c33cbf4c91,2017-09-21T09:20:41.000Z,0.001125,0x5d197e0f44d455d6df1632ab2775ef3de790e3eb,sell,0x701c244b988a513c945973defa05de933b23fe1d,0xbb8205c1be3df98bbc3ab4313cbc2e69f515967cd476396b42f4530a51d01cc1
251,364.18158025722744,0.40970427778938084,0xd2dad63e17b970e795345dfaa23ba0c33cbf4c91,2017-09-21T09:14:31.000Z,0.001125,0x5d197e0f44d455d6df1632ab2775ef3de790e3eb,sell,0x701c244b988a513c945973defa05de933b23fe1d,0xc013a367a8fec01781157929ea38ae75449e3fd8102acca5601d99b9e94aa97d
252,29.3809979138096,0.03528657849448533,0x383932e5467528999954bf192452e390e1c84795,2017-09-21T08:02:59.000Z,0.001201,0x5d197e0f44d455d6df1632ab2775ef3de790e3eb,sell,0x701c244b988a513c945973defa05de933b23fe1d,0xbbdf082aa1a892790760f43f213826403a7ae471fd6109c2f8a2d689a13a0a25
253,10,0.0121,0x383932e5467528999954bf192452e390e1c84795,2017-09-21T08:01:49.000Z,0.00121,0x5d197e0f44d455d6df1632ab2775ef3de790e3eb,sell,0x701c244b988a513c945973defa05de933b23fe1d,0x04d3301d09c1798c2d507e38c2b0ae882ae0d257cd4b3340be542dd513597419
254,30,0.04164,0x9606ab2f328cf5268cf2ad104256160632631bc3,2017-09-21T00:39:21.000Z,0.001388,0x383932e5467528999954bf192452e390e1c84795,buy,0x701c244b988a513c945973defa05de933b23fe1d,0x6224e70d5c918621a87025f28ff6d3504641a1ac75480e5e8a9b425469c004c6
255,250,0.30125,0x857835ce3589f9a149dab74cd2e1e58254cdd989,2017-09-20T10:38:45.000Z,0.001205,0x6a4cbda9e03d316720c3c238263eaedc910beee2,sell,0x701c244b988a513c945973defa05de933b23fe1d,0x4f71270401e6d6b92ddc41cd8296d6ccaf9043e857f2b1cab3d2be6ff98d6159
256,0.311662698681,0.000374306901115881,0x383932e5467528999954bf192452e390e1c84795,2017-09-19T19:51:30.000Z,0.001201,0x8b24d80c6dd6e1af5a000e03ca8f00886a05f6f5,sell,0x701c244b988a513c945973defa05de933b23fe1d,0xeba014e82a235520c910945ae88bc8ec1f4dc8cff812d8c3b9179610fd49d8c2
257,0.3073393875094,0.000369114604398789,0x383932e5467528999954bf192452e390e1c84795,2017-09-19T18:45:07.000Z,0.0012009999999999987,0x64b604630e055318093215b7ed41697ca4fb5de6,sell,0x701c244b988a513c945973defa05de933b23fe1d,0x847c00edccb51ad818ca8dee58a420c6b3280d37edcb2f544e9b75e79ae6a5bf
258,144,0.19872,0xf732b16f5aee6cd2db5b30a7a3860764a48b19ff,2017-09-19T15:21:37.000Z,0.00138,0xe2f947f9b9d7b53ae47e72625337c557238914dd,buy,0x701c244b988a513c945973defa05de933b23fe1d,0xbb1801ced978d658be321043542e87e9e40be62990edd22a854c153c8d9448e6
259,1000,1.2001,0x3dee4a4e076e8d82859d241db0baf46f112cfa23,2017-09-19T13:59:01.000Z,0.0012001,0xe2f947f9b9d7b53ae47e72625337c557238914dd,sell,0x701c244b988a513c945973defa05de933b23fe1d,0xf148ea7b40a42f518aebf4825818762dc7390ba9aa22161d08af3e5a1121ca3b
260,50,0.069,0x9dd07783b0518a869d999cc76dadfd584b692740,2017-09-19T08:37:32.000Z,0.00138,0xe2f947f9b9d7b53ae47e72625337c557238914dd,buy,0x701c244b988a513c945973defa05de933b23fe1d,0x5ddec6b050c5354e00df0a9aafe7ed72b0ff8e8c6ac5720701af950a4d816701
261,1000,1.2001,0x3dee4a4e076e8d82859d241db0baf46f112cfa23,2017-09-19T08:27:30.000Z,0.0012001,0xe2f947f9b9d7b53ae47e72625337c557238914dd,sell,0x701c244b988a513c945973defa05de933b23fe1d,0x21a6fe37035b07cd91f07db667fb70dcb0d42e5909023375c9192a4f860e70fb
262,633.425521823621,0.8867957305530694,0x3ffbdfb61ed2fcf9fb2e7afdc9227ccd5bc68644,2017-09-19T06:47:26.000Z,0.0014,0x6a4cbda9e03d316720c3c238263eaedc910beee2,buy,0x701c244b988a513c945973defa05de933b23fe1d,0xeaad5a1d68002218ddd1d987cff9944e6cbd21f85d62e8e1e723a17ccea94b20
263,168.41725575234958,0.20210070690281948,0x3ffbdfb61ed2fcf9fb2e7afdc9227ccd5bc68644,2017-09-19T04:35:29.000Z,0.0012,0x678718c0be74395ce96c7b3f17fd5be4e88fabe3,sell,0x701c244b988a513c945973defa05de933b23fe1d,0xd0765cfee231392a961771e6236941f242c9dabfe14863f91e19b61cefd89781
264,333,0.4329,0xe7558aa60d1135410f03479df94ea439e782d541,2017-09-18T23:05:31.000Z,0.0013,0x6a4cbda9e03d316720c3c238263eaedc910beee2,sell,0x701c244b988a513c945973defa05de933b23fe1d,0x1d35b7b1faf476595d69b192736b708a45b3b516e4ba446fa2c265eb106a5ce7
265,278,0.3888664,0x6f379c1cad3da8aac6f36b1858d8341481345c01,2017-09-18T21:26:52.000Z,0.0013988,0x42cd573e485a8822dcd3ee8bd65d20c5b486057b,buy,0x701c244b988a513c945973defa05de933b23fe1d,0x12bdb31d3d7e004859c1fa9630811af09368ef3feaee8cb39252ee205b273a60
266,29,0.040455,0x6f379c1cad3da8aac6f36b1858d8341481345c01,2017-09-18T21:25:49.000Z,0.001395,0x383932e5467528999954bf192452e390e1c84795,buy,0x701c244b988a513c945973defa05de933b23fe1d,0x7272f520fe1d103312dca1476cd6feaf0d0cc9d9badd2476d822e6d42f878718
267,1,0.001395,0x2c3bff9e587cbf918129089ee0a8d2ee37ac3dcf,2017-09-18T19:09:26.000Z,0.001395,0x383932e5467528999954bf192452e390e1c84795,buy,0x701c244b988a513c945973defa05de933b23fe1d,0xd8f9446146346817e1803c6d6f7c180d96fae9f7c7f79456bd9281f9e2f12407
268,1.98,0.002475,0xe7558aa60d1135410f03479df94ea439e782d541,2017-09-18T18:46:03.000Z,0.00125,0x2c3bff9e587cbf918129089ee0a8d2ee37ac3dcf,sell,0x701c244b988a513c945973defa05de933b23fe1d,0x9ef4ac4b11599c35a739a11ff50ea71a96783cc786ac7c1fc4a993eb9ea08b9c
269,257.143,0.3600002,0x323aa94f92121ee3ba173cce400d1abe8f316ad4,2017-09-18T16:34:54.000Z,0.0014,0x6a4cbda9e03d316720c3c238263eaedc910beee2,buy,0x701c244b988a513c945973defa05de933b23fe1d,0xfb30e26abb9bcd5160614c35e1273c59e13875a19eae961eceff44fe1374659a
270,1,0.00111,0xf81ab81ca1a6a19cc7b69b2c7876ff6543060598,2017-09-18T15:27:29.000Z,0.00111,0x2c3bff9e587cbf918129089ee0a8d2ee37ac3dcf,buy,0x701c244b988a513c945973defa05de933b23fe1d,0x84eda78445a3472d4eced27a29ffd1e55c7d75db334dbd6ac5492dca2a86dc95
271,1,0.00111,0xd6f29f2fb0a1dc783aeab42ce7ce9276f8e14a54,2017-09-18T15:14:23.000Z,0.00111,0x2c3bff9e587cbf918129089ee0a8d2ee37ac3dcf,buy,0x701c244b988a513c945973defa05de933b23fe1d,0xfe90e9842b0976bbcf4f3df719e7e083808553b5eb6fba7fa5562bded51feaa2
272,65.97850887157792,0.08841120188791442,0x16d5921407daf39ee925f86056b3c66af8bd9d76,2017-09-18T13:55:42.000Z,0.00134,0x5d197e0f44d455d6df1632ab2775ef3de790e3eb,sell,0x701c244b988a513c945973defa05de933b23fe1d,0x0b351210ec2edf39978b0a68cc44eb16af548e8141151c9b59f8016cb40cc6d6
273,5.284617685175955,0.007292772405542817,0x383932e5467528999954bf192452e390e1c84795,2017-09-18T13:48:26.000Z,0.00138,0x5d197e0f44d455d6df1632ab2775ef3de790e3eb,sell,0x701c244b988a513c945973defa05de933b23fe1d,0x413880e4a2f8c867d43e62cf681df8ff214740385c7b572301996548517c8c05
274,182.77235737106702,0.2449149588772298,0x16d5921407daf39ee925f86056b3c66af8bd9d76,2017-09-18T09:15:49.000Z,0.00134,0x1ac0dc2ac2898fa7b28944b0f3b9aaa1b3970626,sell,0x701c244b988a513c945973defa05de933b23fe1d,0xcafe94f510740fd3f6d662533834492400b27fd279d35587dfcbd6db8347d6bd
275,1000,1.36,0x16d5921407daf39ee925f86056b3c66af8bd9d76,2017-09-18T04:38:47.000Z,0.00136,0xe89a2a7a15cbaae3c58a03d79485373e216226d6,sell,0x701c244b988a513c945973defa05de933b23fe1d,0x514a8e4c3549b880a1d63c73842d16ebe6a6b49b62902f7263b3690ac15fe591
276,1000,1.37,0x16d5921407daf39ee925f86056b3c66af8bd9d76,2017-09-18T04:37:55.000Z,0.00137,0xe89a2a7a15cbaae3c58a03d79485373e216226d6,sell,0x701c244b988a513c945973defa05de933b23fe1d,0x68031a37b9a2f1c8fdaa5c18c46602dc608515c2cefaa5042eb1cb36fe45659a
277,71,0.10011,0x61c9f4cca679b4e1bf27f2f24291431ba55f5992,2017-09-18T04:35:51.000Z,0.00141,0xe89a2a7a15cbaae3c58a03d79485373e216226d6,sell,0x701c244b988a513c945973defa05de933b23fe1d,0xda45bde70ce0688b322a9dab6c748bb3893b431a4f3235a5460fe2871dc35d6f
278,1248.3620018629451,1.7601904226267526,0x0090e22fd0b705fbeb100366689a328f6dea8594,2017-09-18T04:35:51.000Z,0.00141,0xe89a2a7a15cbaae3c58a03d79485373e216226d6,sell,0x701c244b988a513c945973defa05de933b23fe1d,0x1c467ace865c2dfc67bb0dd31c616d5e9f14f5031bb4740b0fcca90f5f447ba9
279,544.510018941282,0.7677591267072077,0x0090e22fd0b705fbeb100366689a328f6dea8594,2017-09-18T04:33:50.000Z,0.00141,0x8bc6dd98da6947c35dd5858855f488f5b46be7a2,sell,0x701c244b988a513c945973defa05de933b23fe1d,0x976b5f6161a4b00b105b62f2cd130d4f3a166b0f238dd92639366135ab104221
280,807.1279791957728,1.1380504506660396,0x0090e22fd0b705fbeb100366689a328f6dea8594,2017-09-18T04:29:39.000Z,0.00141,0xbbe8a82dc936ac8a7f188624e42a1253dbb279ec,sell,0x701c244b988a513c945973defa05de933b23fe1d,0xacff5b30b5b11ce97f656c22375ceab9b02c9ac29f963090fe278860b4c28f25
281,0.000000052805553191,0.000000000084383274,0x08b87a84a85186b2110d44144d32cd7ca4b08e6d,2017-09-17T21:40:17.000Z,0.0015980000000148091,0x4a8a2e1738c8a6fa3c2d6781f9d4fa50143d18da,buy,0x701c244b988a513c945973defa05de933b23fe1d,0x8e967ab1293bd55f96ccdc1711a62ebf49cc7d6b0582ef75bc21697a4abceda2
282,0.000564299075068,0.000000846448612602,0x08b87a84a85186b2110d44144d32cd7ca4b08e6d,2017-09-17T21:05:56.000Z,0.0015,0x1ac0dc2ac2898fa7b28944b0f3b9aaa1b3970626,buy,0x701c244b988a513c945973defa05de933b23fe1d,0x50f4e21f84960da98c55f6ebd2e4fe33ef2522f7fc132f841f98104910cadaae
283,5.660484022007595,0.008490726033011393,0x08b87a84a85186b2110d44144d32cd7ca4b08e6d,2017-09-17T20:49:56.000Z,0.0015,0x1ac0dc2ac2898fa7b28944b0f3b9aaa1b3970626,buy,0x701c244b988a513c945973defa05de933b23fe1d,0x89d3948b324bc691575b642c814b25b1a8343370ae74a319db05251e99b55628
284,370.087,0.55142963,0x08b87a84a85186b2110d44144d32cd7ca4b08e6d,2017-09-17T20:47:34.000Z,0.00149,0x1fdf047bf7a114b37e7936d01e9cad754ad18803,buy,0x701c244b988a513c945973defa05de933b23fe1d,0x70b603dd6fc56375387194ba8e2dcd0c5619e2feea42e0a55bac8547db60469c
285,222,0.3219,0xe7558aa60d1135410f03479df94ea439e782d541,2017-09-17T16:47:25.000Z,0.00145,0x669f0ab96fd3beb68bc836bb874894bbb516331a,sell,0x701c244b988a513c945973defa05de933b23fe1d,0x78d25e1e514e9df9e717f0daed3298e85ee17b3704666b607851545bc5a772da
286,89.54751024077682,0.13342579025875748,0x74cc1f76fb10a48c13340718d4b01d7150b3dc5a,2017-09-17T13:38:58.000Z,0.00149,0x1fdf047bf7a114b37e7936d01e9cad754ad18803,buy,0x701c244b988a513c945973defa05de933b23fe1d,0x10e3311334cfa7e6617546122ed275aaa823447c119d7d676a764d76d7f0e8f5
287,3.9876383212042668,0.0059814574818064,0x2c3bff9e587cbf918129089ee0a8d2ee37ac3dcf,2017-09-17T06:37:19.000Z,0.0015,0x669f0ab96fd3beb68bc836bb874894bbb516331a,buy,0x701c244b988a513c945973defa05de933b23fe1d,0xadcb28fb50d528c6ac7ab830eeb8b5c4a759f98f5070215413ee8acd0af3739b
288,4.715382314824045,0.006507227594457182,0x383932e5467528999954bf192452e390e1c84795,2017-09-17T06:35:20.000Z,0.00138,0x2c3bff9e587cbf918129089ee0a8d2ee37ac3dcf,sell,0x701c244b988a513c945973defa05de933b23fe1d,0xede6da21d110d3ff6923aa32f8992b1b8893378dae32690765f324f866128d4a
289,300.084,0.4738026276,0x094733fd56e985686c3ce360e9821ea501d2dee9,2017-09-17T02:54:15.000Z,0.0015789,0xe1f28cfe6cd7772ac8623f0278fed309999df462,buy,0x701c244b988a513c945973defa05de933b23fe1d,0x8daaa3f63cdc6b7af29a25b446b5b3cd24a83cb3efd31aaceb62f7f29ab2989e
290,0.31665611146295125,0.0005,0x42c24a83bded723edfdf5883bc7efb30bc1a1bf3,2017-09-16T17:43:57.000Z,0.001579,0x383932e5467528999954bf192452e390e1c84795,buy,0x701c244b988a513c945973defa05de933b23fe1d,0xcdfeaeefad7dead2896a2d349ed464bc68b2c947e4707b594695c67feef0cb8c
291,0.3148614609571788,0.0005,0x0f657c396dfcd6c59bb82b89fc3adbe5f90ce153,2017-09-16T15:52:31.000Z,0.001588,0x42cd573e485a8822dcd3ee8bd65d20c5b486057b,buy,0x701c244b988a513c945973defa05de933b23fe1d,0xc0359e29562da8dee8277db966d6df2e34faae47f57cd98c8d7a556cb9a933f1
292,0.3148614609571788,0.0005,0x1f8ac99600c61189d92c85cc760735b9e0067a60,2017-09-16T15:49:54.000Z,0.001588,0x42cd573e485a8822dcd3ee8bd65d20c5b486057b,buy,0x701c244b988a513c945973defa05de933b23fe1d,0x9f60dc4890d7d1d99153793b409616cb4953d353413ab1ff481c75f276078e75
293,562,0.892456,0xdad62a339b5cb392953f513f4c15d14f8d23c462,2017-09-16T13:08:38.000Z,0.001588,0x42cd573e485a8822dcd3ee8bd65d20c5b486057b,buy,0x701c244b988a513c945973defa05de933b23fe1d,0x01b08dc52ef7c03860ed078a11b77d149d80eb13876bbc087c179b761774ec20
294,650,1.0322,0xf821d0c60c85df08ee1deb7caea08911356f58a7,2017-09-16T03:01:16.000Z,0.001588,0x42cd573e485a8822dcd3ee8bd65d20c5b486057b,buy,0x701c244b988a513c945973defa05de933b23fe1d,0x57bc02024cf5085a37756e61fc475336186ea0a42847414ef49213c74ae33109
295,2386.003389492573,2.8632040673910875,0x3ffbdfb61ed2fcf9fb2e7afdc9227ccd5bc68644,2017-09-16T02:31:21.000Z,0.0012,0xafce3d722a5988a4e3f9eac3a8f0eacf05a1b7bf,sell,0x701c244b988a513c945973defa05de933b23fe1d,0x056318b0266ee94647933f2e66e78d3248c41e92d67bd942645b3d5639e69be2
296,897.21862227096,1.076662346725152,0x3ffbdfb61ed2fcf9fb2e7afdc9227ccd5bc68644,2017-09-16T01:57:45.000Z,0.0012,0x52f0683472ffc82258dfc52ef2834b853c74b599,sell,0x701c244b988a513c945973defa05de933b23fe1d,0x444c7c669f93a489756276ba0426e619571f94dfa60f45b349714703d79e3e7a
297,996.9095803010667,1.0975974479114745,0x000b75fcdc15d41277deb033c72d2c8d774ccced,2017-09-15T20:41:35.000Z,0.001101,0xa6fb6c8a30075ddf037c8160e39d6ce99f4d3293,sell,0x701c244b988a513c945973defa05de933b23fe1d,0xa870edb1b3885e68a2fb1cbc1fd364ac0a4d7db4abf88551c5077f6eb71af698
298,200,0.32,0xf32d616182f0ed57d845d0f9cf8db2d3829c79ec,2017-09-15T09:11:56.000Z,0.0016,0x42cd573e485a8822dcd3ee8bd65d20c5b486057b,sell,0x701c244b988a513c945973defa05de933b23fe1d,0x2d9f2acdf4afd170d9fbb9455f78f77f67a4c80798ff0692be0d32d40b65d251
299,265.35121152670615,0.3767987203679227,0x3dee4a4e076e8d82859d241db0baf46f112cfa23,2017-09-15T05:21:07.000Z,0.00142,0x1a5486b6d08a50a3f1082eee3633dc53c3d9da18,sell,0x701c244b988a513c945973defa05de933b23fe1d,0x57a9a6df7bb60d7dc55d19f83e74f56f751f19824451662e9cdf371865bed56e
300,150,0.239925,0xdb8cf4dd7fb1c7d7ba9e229b0970e593141599e8,2017-09-15T04:51:07.000Z,0.0015995,0x8dbd7b3258be2824df1b3f87430d508638408cc1,buy,0x701c244b988a513c945973defa05de933b23fe1d,0xcbef80cdd6892a351f3aef072b63352769559448e495914e31fb6ee5548a23db
301,0.31259768677711786,0.0005,0x8b24d80c6dd6e1af5a000e03ca8f00886a05f6f5,2017-09-15T04:23:57.000Z,0.0015995,0x8dbd7b3258be2824df1b3f87430d508638408cc1,buy,0x701c244b988a513c945973defa05de933b23fe1d,0x825925859036d97a938340d29270dc53da2fcce8d30109c68787d30d63c711ab
302,1810.7950957864518,0.1810795095786452,0xe89a2a7a15cbaae3c58a03d79485373e216226d6,2017-09-14T10:44:36.000Z,0.00009999999999999999,0x6bef37280ef6520d5f466607f9ebe84ba889a822,sell,0x701c244b988a513c945973defa05de933b23fe1d,0x2d70df5df47cb075c447a0ffca936db149a69adb57b45af333b6e1c58a671e6b
303,30,0.045,0x06410ffda716b7c0951823f4194db32ae55d631e,2017-09-14T10:37:54.000Z,0.0015,0x6bef37280ef6520d5f466607f9ebe84ba889a822,sell,0x701c244b988a513c945973defa05de933b23fe1d,0xdf48167f5160d1dd5b1e6470f78089d22a1ae8173dc6f1f4385ecb5ab9ba9716
304,863.436,1.21744476,0x9e0505a2c08db52e814fae91a383a9bb14df2548,2017-09-14T10:37:51.000Z,0.00141,0x6bef37280ef6520d5f466607f9ebe84ba889a822,sell,0x701c244b988a513c945973defa05de933b23fe1d,0x79cfe0faaa8ac4e450c2235da27a218faf526bb1a65bde1f331e1850c56abe9f
305,250,0.35000025,0x6b83f4486bd5a3e8bfff2f6fbe7c16d4a172c1db,2017-09-14T10:37:51.000Z,0.001400001,0x6bef37280ef6520d5f466607f9ebe84ba889a822,sell,0x701c244b988a513c945973defa05de933b23fe1d,0x1be55c2c08500c0e3f7b8c3cf8ad7633956371dc3e2ab196809673f15624f692
306,800,1.136,0x3dee4a4e076e8d82859d241db0baf46f112cfa23,2017-09-14T10:36:44.000Z,0.00142,0x6bef37280ef6520d5f466607f9ebe84ba889a822,sell,0x701c244b988a513c945973defa05de933b23fe1d,0x6a00122e66db28cfdd331f0dec64bf5c7d8c0c369f504022b7c959fcdc09aa6a
307,205.82000321022116,0.33960300529686493,0xe7558aa60d1135410f03479df94ea439e782d541,2017-09-14T04:23:42.000Z,0.00165,0x074eb01c33023ac13034b0bdea31d67fb71d414e,sell,0x701c244b988a513c945973defa05de933b23fe1d,0x695466d821d2ce11b04795cb2680089dd845568e3a7f13ce8b59862d78410e9b
308,50,0.0872,0x59bd2ca27993eb6510418c3ee563f565413bb9e0,2017-09-14T03:26:17.000Z,0.001744,0x383932e5467528999954bf192452e390e1c84795,buy,0x701c244b988a513c945973defa05de933b23fe1d,0x9aaf6f3618c31597752062181fe80bc7152924cfaf2d9ff3ac3d497451838de4
309,80,0.132,0xe7558aa60d1135410f03479df94ea439e782d541,2017-09-14T02:44:03.000Z,0.00165,0x19fff3b449a3a58a48c7f1d838761f5721401d26,sell,0x701c244b988a513c945973defa05de933b23fe1d,0x064c11f5718eda93e333edbf8831472ce5e8cf840e20d7f1b6a04246082cbcf7
310,222,0.3774,0xe7558aa60d1135410f03479df94ea439e782d541,2017-09-14T02:40:14.000Z,0.0017,0x19fff3b449a3a58a48c7f1d838761f5721401d26,sell,0x701c244b988a513c945973defa05de933b23fe1d,0x43cea8a4fb9223c11e67506a6067599e1c78de8ae72068364238ac66e8e5e760
311,0.2785515320334262,0.0005,0x4c2fb430e95954bcfa54ce4741a9fc2ff6e415ad,2017-09-13T21:16:42.000Z,0.001795,0x8dbd7b3258be2824df1b3f87430d508638408cc1,buy,0x701c244b988a513c945973defa05de933b23fe1d,0x92961b3eb058a2ac4a71dc2a7552025a1017f173ac59450e5f816eca15156f63
312,39,0.064974,0x1ac0dc2ac2898fa7b28944b0f3b9aaa1b3970626,2017-09-13T10:23:27.000Z,0.001666,0x383932e5467528999954bf192452e390e1c84795,buy,0x701c244b988a513c945973defa05de933b23fe1d,0x1f5dcb8250274756a8d49f34d393dff544e870797978281fa07af4261be9d870
313,39.4367460871299,0.06112695643505134,0xe7558aa60d1135410f03479df94ea439e782d541,2017-09-13T08:37:41.000Z,0.00155,0x3ed5ab3de43a93a8e444945c45f6d4fe322a6608,sell,0x701c244b988a513c945973defa05de933b23fe1d,0x0c8e9ac2fffa63e763bf0a0073850e2f6c4fbba197b2d98a51c49c5d258ef911
314,388.5758338976936,0.6022925425414251,0xe7558aa60d1135410f03479df94ea439e782d541,2017-09-13T08:01:56.000Z,0.00155,0x6bef37280ef6520d5f466607f9ebe84ba889a822,sell,0x701c244b988a513c945973defa05de933b23fe1d,0xf620e6d7c9ca61731a41694dfbf5ddf4e3e6dcdbcf74c4725821833a16dfce58
315,1,0.001666,0xd6f29f2fb0a1dc783aeab42ce7ce9276f8e14a54,2017-09-13T02:26:17.000Z,0.001666,0x383932e5467528999954bf192452e390e1c84795,buy,0x701c244b988a513c945973defa05de933b23fe1d,0x4c56163e979e449643bf0ddd2ffb27df7d2cd73e16092cdd3fba9f9c2483ffce
316,123,0.17343,0xf142f26d1cac4ba8a6e6d7974d243eda2fe5f4f9,2017-09-12T03:56:03.000Z,0.00141,0x4219d94b5882c38387cecf3e2ad3e5ac2febdd02,buy,0x701c244b988a513c945973defa05de933b23fe1d,0xbd9a0b83304cf884800407646918bff9988b4fccadf7634b0ddaeedeea09a370
317,1136.5636526767023,1.6025547502741502,0x9e0505a2c08db52e814fae91a383a9bb14df2548,2017-09-12T03:21:01.000Z,0.00141,0x4fb61dd800322edd314922f38eceabdacc74c23b,sell,0x701c244b988a513c945973defa05de933b23fe1d,0x1577e9d1dfdd26f92a7f293a565fd081cae1b6223540ddb225ac6204f70df325
318,30,0.0465,0x383932e5467528999954bf192452e390e1c84795,2017-09-10T23:41:07.000Z,0.00155,0x327612e7cf129a9531348a26f2b2d0fba3d04faf,sell,0x701c244b988a513c945973defa05de933b23fe1d,0x9b77617b05193fc28f84f15f0a5a934d9127cc84174c48bf7ef707cfe54e902a
319,60,0.09726,0x779f7997ab5e572bf0c550b0c8530a26af7fe481,2017-09-10T23:39:41.000Z,0.001621,0x327612e7cf129a9531348a26f2b2d0fba3d04faf,sell,0x701c244b988a513c945973defa05de933b23fe1d,0x5eb085921c3b73ebf349862c4cf8b44d72db52c0db12e17024f09a8a6016abb9
320,320,0.32032,0x72f90eb02e45aec19fa7d8e012ddc17c632ccf15,2017-09-10T23:35:42.000Z,0.001001,0x327612e7cf129a9531348a26f2b2d0fba3d04faf,sell,0x701c244b988a513c945973defa05de933b23fe1d,0x6fee2e1615dc2e4587f79ad384e54c656b2c95ad91a43d5e6a89c00ad9e1210e
321,100,0.1621,0x28ef6c0161667aac9268f93250a7798591c428ff,2017-09-10T23:34:46.000Z,0.001621,0x327612e7cf129a9531348a26f2b2d0fba3d04faf,sell,0x701c244b988a513c945973defa05de933b23fe1d,0x34d2fd7a9ccce64f0bf829a2382f9c7110d1d6b68c8877f782d81dfd5e1d1607
322,49.69173859432799,0.0806,0x8107b4bebd1c6a0c69d71b85adb664e5e4a5674f,2017-09-10T21:00:53.000Z,0.001622,0x00c5cf465b497a773aee74f35fb2eb6897d5da04,buy,0x701c244b988a513c945973defa05de933b23fe1d,0xc52f35d446156f96cd16a4f87ad35fba72c7e792b2277d3c2130ee0f03908c79
323,954.461,1.5472767271,0x42cd573e485a8822dcd3ee8bd65d20c5b486057b,2017-09-10T06:49:15.000Z,0.0016211,0x1a5486b6d08a50a3f1082eee3633dc53c3d9da18,sell,0x701c244b988a513c945973defa05de933b23fe1d,0x96bc297a6e9bf0093103eebef2c809312b03af6f33c5d53adcd651c41085f8ab
324,3359.7078892629115,5.449446196384443,0x000b75fcdc15d41277deb033c72d2c8d774ccced,2017-09-10T06:47:54.000Z,0.001622,0x1a5486b6d08a50a3f1082eee3633dc53c3d9da18,sell,0x701c244b988a513c945973defa05de933b23fe1d,0x30f04b1518edea94ae564c28c5b013b4bf3b0c8bdb2cf3fc01fb175b8206c5f0
325,150.754,0.24572902,0x42cd573e485a8822dcd3ee8bd65d20c5b486057b,2017-09-10T06:43:51.000Z,0.00163,0x1a5486b6d08a50a3f1082eee3633dc53c3d9da18,sell,0x701c244b988a513c945973defa05de933b23fe1d,0xd3949c4427b2e87445207707ab782f5c64ef8ef48cb03f4bb526a43fd59929df
326,46.011964107677,0.07504551345962118,0x383932e5467528999954bf192452e390e1c84795,2017-09-10T06:42:12.000Z,0.001631,0x1a5486b6d08a50a3f1082eee3633dc53c3d9da18,sell,0x701c244b988a513c945973defa05de933b23fe1d,0x528d367bd7f6669a45b74b89029c834cfdc00dccfb328928810c7e6da1d3d63b
327,3.988035892323,0.006504486540378813,0x383932e5467528999954bf192452e390e1c84795,2017-09-10T06:08:34.000Z,0.001631,0x6d3d0dfa885186833d6cf04f7890aab7d3b43cd1,sell,0x701c244b988a513c945973defa05de933b23fe1d,0xd27bf4c825dc39b3adb672e622332cb526dbe5a7d41b2304ea9108d5da149289
328,66.09862426477919,0.10774075755159007,0x42cd573e485a8822dcd3ee8bd65d20c5b486057b,2017-09-10T05:48:45.000Z,0.00163,0xe8d354e910a3b9836f99ff22f16ff87cd7bef396,sell,0x701c244b988a513c945973defa05de933b23fe1d,0x7ef6439dfb7f141347f4e49fa17807c88b9afdcb8556f92beccc23cb46f45ede
329,0.3082614056720099,0.0005,0x64b604630e055318093215b7ed41697ca4fb5de6,2017-09-10T03:04:10.000Z,0.001622,0x00c5cf465b497a773aee74f35fb2eb6897d5da04,buy,0x701c244b988a513c945973defa05de933b23fe1d,0x670ff256b7cf3e61edf617234562838b31769f04874830fc94657aaa5f0f4d7d
330,133.14724354501047,0.21703000697836705,0x42cd573e485a8822dcd3ee8bd65d20c5b486057b,2017-09-10T00:08:03.000Z,0.00163,0xcf6889ce1a6c7936f73dc811b66ac16ddd25b5a7,sell,0x701c244b988a513c945973defa05de933b23fe1d,0x53b02b59d451c4faccfe843ad9ca33bd342c541549c676f631b8437535f6537b
331,50,0.0811,0x188214907e6f4202f09a2acd5e36bb1d3409d547,2017-09-09T23:16:05.000Z,0.001622,0x00c5cf465b497a773aee74f35fb2eb6897d5da04,buy,0x701c244b988a513c945973defa05de933b23fe1d,0x548c7ef7254b674cb17f87939c0ef38ad1a4273a485a2b78551f27809fb1cc37
332,0.09938287470216696,0.000161199022766914,0x000b75fcdc15d41277deb033c72d2c8d774ccced,2017-09-09T19:05:25.000Z,0.0016219999999999917,0x3650b69c5e20de43ea101fc97df22daf2a50d9da,sell,0x701c244b988a513c945973defa05de933b23fe1d,0x0f382e45d61d67607424d9ab78d990bd991ac954261e3f966ed8a077707dc487
333,996.9096161374368,1.6169873973749225,0x000b75fcdc15d41277deb033c72d2c8d774ccced,2017-09-09T19:00:42.000Z,0.001622,0x3650b69c5e20de43ea101fc97df22daf2a50d9da,sell,0x701c244b988a513c945973defa05de933b23fe1d,0x03e3bf4ac0f9eed721e1106e898b0c23763fc5b11b714a9f06be7ceedf7dbff1
334,14.953643704516,0.024254810088724953,0x000b75fcdc15d41277deb033c72d2c8d774ccced,2017-09-09T16:00:14.000Z,0.001622,0xff3b992ea9b8ab75d7628ce42954d54ecbadf5d8,sell,0x701c244b988a513c945973defa05de933b23fe1d,0x2918ec6a14712db03dbe1238e86c80a2bbf13c4bedbecbf2cd0dc8685f20fd08
335,628.3294680204334,1.0191503971291431,0x000b75fcdc15d41277deb033c72d2c8d774ccced,2017-09-09T14:27:12.000Z,0.001622,0x24e82ce747cf5dfb94942da358eeb6250466b5e2,sell,0x701c244b988a513c945973defa05de933b23fe1d,0x7d04d391d8b01c2024548572f976a17bc235c9c64af64ed441d0fb4c06d4a54a
336,245.53882962815274,0.3980429967101984,0x42cd573e485a8822dcd3ee8bd65d20c5b486057b,2017-09-09T05:45:43.000Z,0.0016211,0x85a4ad1b10e2b8242d88961cbdd40fb3a0c964c6,sell,0x701c244b988a513c945973defa05de933b23fe1d,0x1878d46379455281620384f244d654a10d574afb6da373ba69100cca40145166
337,250,0.415,0xdb03903ea156c0024d395a8e8d65aa5959399365,2017-09-09T05:44:09.000Z,0.00166,0x85a4ad1b10e2b8242d88961cbdd40fb3a0c964c6,sell,0x701c244b988a513c945973defa05de933b23fe1d,0xd9fdbb109e447f9b839ee31d89fcde6c1ca8ecc06afed5fa51b4a4489ca9d226
338,170.06380221313927,0.2738027215631542,0x1a5486b6d08a50a3f1082eee3633dc53c3d9da18,2017-09-08T09:52:57.000Z,0.0016099999999999999,0x8dbdbb1daa5ee7a45dcc5e23d4aadacf7db9bc2e,sell,0x701c244b988a513c945973defa05de933b23fe1d,0x548c61daa9465bf0254d55855d17e53b491b01223d0a8a28a7e0f6d18ee09b24
339,1062,2.111256,0x9733ae7ececa99c8b1db998a7e8e37bcb3f68ae2,2017-09-07T20:19:52.000Z,0.001988,0x42cd573e485a8822dcd3ee8bd65d20c5b486057b,buy,0x701c244b988a513c945973defa05de933b23fe1d,0x1779917eb333cd5fcf5a8c7fa4e5ed2284a4d158e5cbf89bf87c7ebf40803698
340,175.617,0.3336723,0x9733ae7ececa99c8b1db998a7e8e37bcb3f68ae2,2017-09-07T20:18:20.000Z,0.0019,0x1fdf047bf7a114b37e7936d01e9cad754ad18803,buy,0x701c244b988a513c945973defa05de933b23fe1d,0x07a2ecaa35429ae0893e8d3090c97857ad7bb44f8ffac329a2d020bf433117df
341,20,0.0376,0x0cc60d479744fbc81f472c6dfb5203cc5ab51956,2017-09-07T20:09:46.000Z,0.00188,0x383932e5467528999954bf192452e390e1c84795,buy,0x701c244b988a513c945973defa05de933b23fe1d,0x44f942bacd51fca73df0f2c9854808b362c0956431b1a167176c7b9b0ca5274f
342,100,0.19,0x94a2b835deee69ddd6073451b700c5daba97d72b,2017-09-07T19:36:08.000Z,0.0019,0x1fdf047bf7a114b37e7936d01e9cad754ad18803,buy,0x701c244b988a513c945973defa05de933b23fe1d,0x161a8a081512effe72ac235cdef4fb344ed0b27bcd790c7ed684f2617b3869b2
343,100,0.151,0x3ae106e9f283215b2fbb7b4f5124cd7e20d88a13,2017-09-07T19:18:40.000Z,0.00151,0x0018bb2e2d85df0c70d0e76b6f1ccd7be18763ff,sell,0x701c244b988a513c945973defa05de933b23fe1d,0x54092795f31de6c94b2562c14a5d21062d2fbc7beaf7530de59e2970181df7b3
344,22.245,0.040041,0x1a5486b6d08a50a3f1082eee3633dc53c3d9da18,2017-09-07T14:33:06.000Z,0.0018,0xf5f4a5dd495cfeaaf264ce122bb4fa4bc0145238,buy,0x701c244b988a513c945973defa05de933b23fe1d,0xc82d59ef0086d2033c4917c45bcb1a57b4485adfe9b6fba1da24804b5fe6f122
345,299.332656,0.5537654136,0x1a5486b6d08a50a3f1082eee3633dc53c3d9da18,2017-09-07T14:31:34.000Z,0.00185,0xda390e00b63b110ab71bc31bf7d668e1deea8565,buy,0x701c244b988a513c945973defa05de933b23fe1d,0xb55b41521e4fc1e6b60f64219342679ae14bd9e3a3de408ea42a29fc7f266181
346,624,0.9984,0x0e54fb5ebb9a5efe2e755865f4fe5418925cce0d,2017-09-07T12:04:29.000Z,0.0016,0x8dbd7b3258be2824df1b3f87430d508638408cc1,sell,0x701c244b988a513c945973defa05de933b23fe1d,0x710232259bfea373bcc2829d962e4894935af693c5db953ad08387071f59809b
347,400,0.584,0x92a8f4c470e2c243e48c14709dda9009be4d5310,2017-09-06T13:46:25.000Z,0.00146,0xda390e00b63b110ab71bc31bf7d668e1deea8565,sell,0x701c244b988a513c945973defa05de933b23fe1d,0x401d837004f7a298d38ad23e067ff36d38be8b4bc07827e712bb19e39af8dcba
348,17.529247160535466,0.0254524668770975,0x92a8f4c470e2c243e48c14709dda9009be4d5310,2017-09-06T06:34:15.000Z,0.001452,0xa6e33575fc33b29915bf65d4dce662ad16bf906c,sell,0x701c244b988a513c945973defa05de933b23fe1d,0x1e4a1e2bdb20c2a1de5da1684b24dd5ca4c9f829b131ca931e9d3ff9304a2335
349,13,0.02405,0x3a976fef9e8613b11f92dc9586e953d044b6bf52,2017-09-06T05:10:08.000Z,0.00185,0xda390e00b63b110ab71bc31bf7d668e1deea8565,buy,0x701c244b988a513c945973defa05de933b23fe1d,0x415fd60122b21f98be65d31e9c5295c27d08289ee39ab04bca96c741f6ebcf03
350,1000,1.45111,0xf142f26d1cac4ba8a6e6d7974d243eda2fe5f4f9,2017-09-06T04:36:05.000Z,0.00145111,0x2f7beef2fc15ae74d7d0b7099ea7368ecacec901,buy,0x701c244b988a513c945973defa05de933b23fe1d,0x68aae797341c32f774d90fbe9b5a6cb2d79ec893356bcb43ea391956db9bfdcc
351,35,0.05285,0xd167ffd468be89f556f80c0eaab244def6e7eda0,2017-09-06T04:20:53.000Z,0.00151,0xda390e00b63b110ab71bc31bf7d668e1deea8565,sell,0x701c244b988a513c945973defa05de933b23fe1d,0x0cde629bfe5fddd99ef701dc9a8cb615c630ac28926b8d464d948c3e05a323c3
352,141.448,0.2128933848,0x42cd573e485a8822dcd3ee8bd65d20c5b486057b,2017-09-06T04:11:48.000Z,0.0015051,0xda390e00b63b110ab71bc31bf7d668e1deea8565,sell,0x701c244b988a513c945973defa05de933b23fe1d,0x0e6e21109c45b5fed004ef6d08f2845da3a159965a326f667b2c9c5829b8ff7c
353,4984.547901505333,9.969095803010667,0x5ae8367ce61d6cefc8df4cd52a401a7faa60ecbe,2017-09-06T01:28:27.000Z,0.002,0xe89a2a7a15cbaae3c58a03d79485373e216226d6,buy,0x701c244b988a513c945973defa05de933b23fe1d,0x1c1d796c574b0c507a985e3af8d70675468898bc171529393bf7879d3cece609
354,69.11983978807291,0.13132769559733853,0x4644d6e363d354db6db5b98030b969b69f3b69ff,2017-09-05T23:21:57.000Z,0.0019,0x1fdf047bf7a114b37e7936d01e9cad754ad18803,buy,0x701c244b988a513c945973defa05de933b23fe1d,0x876be7b63e52ee071f639a7d010e865fa644be6dbd24d5f46d01c1322b83abc1
355,105.263,0.1999997,0x4644d6e363d354db6db5b98030b969b69f3b69ff,2017-09-05T22:43:02.000Z,0.0019,0x1fdf047bf7a114b37e7936d01e9cad754ad18803,buy,0x701c244b988a513c945973defa05de933b23fe1d,0x115d722b038ab0a36ca8443efcf62a47c900f2c572fcd1341dde3ab728e075a9
356,287.81419617889804,0.43318914666885944,0x42cd573e485a8822dcd3ee8bd65d20c5b486057b,2017-09-05T17:18:34.000Z,0.0015051,0x9af723cdc53e63f40881631bd588df2833893246,sell,0x701c244b988a513c945973defa05de933b23fe1d,0x515a94fbe125730bc75edbf45f0eaa19d840a8d9edf9c20bb50943460e94e61e
357,413.02557685369527,0.6220165187416651,0x1fdf047bf7a114b37e7936d01e9cad754ad18803,2017-09-05T17:16:03.000Z,0.001506,0x9af723cdc53e63f40881631bd588df2833893246,sell,0x701c244b988a513c945973defa05de933b23fe1d,0x8b5d07bb65e59d6bc3419a3c5dbcc115ed6b462ef713a9e915e66b8735775769
358,770.7377130894228,1.1600373319708903,0x42cd573e485a8822dcd3ee8bd65d20c5b486057b,2017-09-05T17:04:47.000Z,0.0015051,0x9af723cdc53e63f40881631bd588df2833893246,sell,0x701c244b988a513c945973defa05de933b23fe1d,0x762a191987e34cc6405cb8fa852251658f0abb007843777d8f7d5571f73b4839
359,162,0.2592,0xe415d63db860bb5b60ad9c7170ec4d62708ce98a,2017-09-05T11:06:32.000Z,0.0016,0x0f1b76410215ed963ea2c3d3eaddd4a56350b422,sell,0x701c244b988a513c945973defa05de933b23fe1d,0x474b2d695f04d6397cb8aba29177fd051005754d06e85d7c0cd7b9779c734f7f
360,10,0.0245,0x3a976fef9e8613b11f92dc9586e953d044b6bf52,2017-09-05T09:50:23.000Z,0.00245,0x857835ce3589f9a149dab74cd2e1e58254cdd989,buy,0x701c244b988a513c945973defa05de933b23fe1d,0x00c3d21e9a625d054b6e4fed3943a84126c2584b2d38bb1642200e26e94e4100
361,15.705870822286379,0.035809385474812945,0x3a976fef9e8613b11f92dc9586e953d044b6bf52,2017-09-05T09:42:35.000Z,0.00228,0x39fe650c384bbdabdb6bdb4a0b1e7af738acd82a,buy,0x701c244b988a513c945973defa05de933b23fe1d,0x2938c925824dd140f4706f4cd3e8b333c8e2ad97c634e705cbf1c40094e92c82
362,0.1,0.0004269999,0xcc8f72d19e9af2a071421c076e4ae1ecf893d0fe,2017-09-05T06:53:18.000Z,0.004269999,0x4717c48e3f3d63d01ee7452fcea47cb522c56a99,buy,0x701c244b988a513c945973defa05de933b23fe1d,0x2a6b8c21635e3c44e3d9e7bcca9378736d50245af1df3b91f202d05288095e62
363,0.6091132119116683,0.000917324497138972,0x1fdf047bf7a114b37e7936d01e9cad754ad18803,2017-09-05T04:21:26.000Z,0.001505999999999999,0xd0a7aeff1c017fcd86888f5acfe0752735914dce,sell,0x701c244b988a513c945973defa05de933b23fe1d,0x827aa32c3bc103db337d2fb705186c779a1eca19baffcc79555514cec62c9241
364,0.054,0.0000783,0x6571315eeddcd6371086e35adb98915817e375e1,2017-09-05T02:18:52.000Z,0.00145,0xe9c247a7dec44d2c7f93d0b38ddeaaab0435b96b,sell,0x701c244b988a513c945973defa05de933b23fe1d,0x5efb74bb45d61c654405804e777a34eec6b963a3c3c24d091015084d257395e9
365,543.9086591286108,0.7886675557364857,0x6571315eeddcd6371086e35adb98915817e375e1,2017-09-05T02:08:51.000Z,0.00145,0xe9c247a7dec44d2c7f93d0b38ddeaaab0435b96b,sell,0x701c244b988a513c945973defa05de933b23fe1d,0x7186dd92b916719969f1fa25ea0da60ff94316d7a661c605f620c48fbca3c09d
366,164.43258826330057,0.24664888239495086,0x779f7997ab5e572bf0c550b0c8530a26af7fe481,2017-09-05T02:07:03.000Z,0.0015,0xe9c247a7dec44d2c7f93d0b38ddeaaab0435b96b,sell,0x701c244b988a513c945973defa05de933b23fe1d,0x447c4a8cd7ee2509cf8d58fd90ac9f43ead4e32aee89d5337aeae42cf764bba2
367,25,0.04625,0xa6919c55da45eb052d21de7f79a75e2846b20bc9,2017-09-05T01:59:23.000Z,0.00185,0xe9c247a7dec44d2c7f93d0b38ddeaaab0435b96b,sell,0x701c244b988a513c945973defa05de933b23fe1d,0x7e10b99203f6e4745cab542abeffb6250a550bf767092c5d9521de835c67f8f2
368,90.446,0.1673251,0x18a6cbd268eef4ec450af59b7e8bf2710efc5ebb,2017-09-05T01:59:04.000Z,0.00185,0xe9c247a7dec44d2c7f93d0b38ddeaaab0435b96b,sell,0x701c244b988a513c945973defa05de933b23fe1d,0xd37a5e1ffbc3fb47744825a0cfb51a580f5b7506f559ab116621c4d7a22c8e4f
369,7,0.01302,0x383932e5467528999954bf192452e390e1c84795,2017-09-05T01:58:59.000Z,0.00186,0xe9c247a7dec44d2c7f93d0b38ddeaaab0435b96b,sell,0x701c244b988a513c945973defa05de933b23fe1d,0x01603096af8aae2deb7b2121118bcdbcd6b615354f27086dd1854cd556801107
370,62.85404522017286,0.14330722310199412,0x074eb01c33023ac13034b0bdea31d67fb71d414e,2017-09-04T18:22:51.000Z,0.00228,0x39fe650c384bbdabdb6bdb4a0b1e7af738acd82a,buy,0x701c244b988a513c945973defa05de933b23fe1d,0x68fb83becf260c02f8eb02cb21a0fe0f28fed7f93ba8e98654e79a99886ff685
371,10,0.0186,0x383932e5467528999954bf192452e390e1c84795,2017-09-04T17:05:54.000Z,0.00186,0x414fe65c4ac68fa97424c2df8bc2f26067cccd88,sell,0x701c244b988a513c945973defa05de933b23fe1d,0x02a6d91ca85deee6336fb0b5508ac67dff60d9723f478adcdf666afc15a75d13
372,73.111,0.13744868,0x779f7997ab5e572bf0c550b0c8530a26af7fe481,2017-09-04T17:05:01.000Z,0.00188,0x414fe65c4ac68fa97424c2df8bc2f26067cccd88,sell,0x701c244b988a513c945973defa05de933b23fe1d,0x249c524bd9c1dace5946236d641e802dfe53e7d49f29b51bff6e5bc09f87e138
373,26.884,0.05054192,0x779f7997ab5e572bf0c550b0c8530a26af7fe481,2017-09-04T16:52:48.000Z,0.00188,0x414fe65c4ac68fa97424c2df8bc2f26067cccd88,sell,0x701c244b988a513c945973defa05de933b23fe1d,0x3bdc79763231de1be87c4e754fc93a19b82ed814c2ba4fa663cc2966678fb9f9
374,69.80341939986043,0.12571595833914864,0xed05637cafbf838059080a3ad9bb059140995554,2017-09-04T14:20:38.000Z,0.001801,0x686ffabf44417c48ac80d0b56232ffaf699d2987,sell,0x701c244b988a513c945973defa05de933b23fe1d,0x38ea4b6288bb02298a1c8336337d7a996fdc5e0705bb26949693633b7b491614
375,0.004969143556480246,0.000009341989886182,0x779f7997ab5e572bf0c550b0c8530a26af7fe481,2017-09-04T12:31:56.000Z,0.0018799999999998265,0x8e5d6e1292f3c07ad35fd2e8848f007c7cb1d1ff,sell,0x701c244b988a513c945973defa05de933b23fe1d,0x9458d4997d3d7e9ae54c5297a071244846636263094437f7a33f9ccfbb5488a2
376,49.845479015053336,0.08977170770611105,0xed05637cafbf838059080a3ad9bb059140995554,2017-09-04T12:25:32.000Z,0.001801,0x8e5d6e1292f3c07ad35fd2e8848f007c7cb1d1ff,sell,0x701c244b988a513c945973defa05de933b23fe1d,0x4a58800594f215fb24490dea99e6a13fac82da3ff8488526f1b15d4a2e78e9f5
377,152,0.273752,0xed05637cafbf838059080a3ad9bb059140995554,2017-09-04T11:51:00.000Z,0.001801,0xb33a4cea74ad40eb906cb88b1e99ed313bbf4e4b,sell,0x701c244b988a513c945973defa05de933b23fe1d,0x2223be69d26492ad34fda3d510c4c8c5cfcab3b4bd64bd994d6cf48d7214ad41
378,148.5,0.2674485,0xed05637cafbf838059080a3ad9bb059140995554,2017-09-04T11:16:14.000Z,0.001801,0xf8c96c8670be669a641ee9f826e301a1d089042c,sell,0x701c244b988a513c945973defa05de933b23fe1d,0xdcb888a0a48337302c02c82d603d6616abdea657e78f82779d0241e504699eea
