,amount,amountBase,buyer,date,price,seller,side,tokenAddr,txHash
0,2.940567,0.024112658221701,0x7b6b2f3c88ce2ecedc01c545f13faf36034d772f,2017-11-02T00:54:21.000Z,0.008200003,0xa54ffa43d11698bc300d924781518b71dd10f0a8,sell,0x0affa06e7fbe5bc9a764c979aa66e8256a631f02,0x82a8d28fd006f67e3503e0cba1bbd60589525dd4cbd9614f27db9909b8bfee5d
1,1096.600538,10.1983850034,0xe89a2a7a15cbaae3c58a03d79485373e216226d6,2017-11-01T15:22:01.000Z,0.0093,0xcac0eb798903ffe73ab1776da3174e6e40e721c6,sell,0x0affa06e7fbe5bc9a764c979aa66e8256a631f02,0xb7420151350815144733d39aa2c094b04d4f01ad50c86b30da495c4900c8ed40
2,1100,1.1,0xcac0eb798903ffe73ab1776da3174e6e40e721c6,2017-11-01T15:20:07.000Z,0.001,0xe89a2a7a15cbaae3c58a03d79485373e216226d6,sell,0x0affa06e7fbe5bc9a764c979aa66e8256a631f02,0xe199e8fb7409c96d0f9075776b5f98e415a8f6077b9086cf27dfa6001cc41653
3,20,0.3,0xa7f6864700a3102923c167a188599aea68b7580d,2017-10-31T19:34:51.000Z,0.015,0x4af29ed1a4b8bd173b156fa26579f3784b5bf8d1,buy,0x0affa06e7fbe5bc9a764c979aa66e8256a631f02,0x7e751d13323bcff7b2237c9379b61772bde7538b1ef4f2f80cec2e2da2492ad0
4,0.1,0.0015797,0x0b773d7819259d78757b26dc4148812d35676d8f,2017-10-31T13:32:08.000Z,0.015797,0x2ebb2f906eb5fb04e3dc2987d1fb9f00b676965b,buy,0x0affa06e7fbe5bc9a764c979aa66e8256a631f02,0xef9786e4ec9a01d851c7e0a4b1ea8f7a784d55f22468527948d2ff97b99b7524
5,100,1.0334231,0x7b6b2f3c88ce2ecedc01c545f13faf36034d772f,2017-10-30T23:31:23.000Z,0.010334231,0xc515e22a48380575f25f33ed75f47366ce6c2e70,sell,0x0affa06e7fbe5bc9a764c979aa66e8256a631f02,0xf83f6bfd9a9aff3761cb5385c7199a2fa85861e78fbfd2a065756a4c6e01c8a0
6,0.131592,0.00136000332,0x708746d07fbfea9eb83583452940b84438c5a1eb,2017-10-29T23:35:50.000Z,0.010335,0xb53ac2f3787785996797b3af60bddea45a59dfd9,sell,0x0affa06e7fbe5bc9a764c979aa66e8256a631f02,0x88873aed326f987633791216d440053c8da82632cd71be007d333f24c230ae0d
7,282.859136,2.923127691856512,0x7b6b2f3c88ce2ecedc01c545f13faf36034d772f,2017-10-29T12:53:59.000Z,0.010334217,0x9778550d76b07ac9f5e57392f68ecdf6efc1774e,sell,0x0affa06e7fbe5bc9a764c979aa66e8256a631f02,0xec3edc483a4935f6d529c2b1fb0ac2a3be2767c706a1ded880f491faac389f25
8,2.09351,0.02163642585,0x708746d07fbfea9eb83583452940b84438c5a1eb,2017-10-29T11:57:55.000Z,0.010335,0xa702c091023a4cd50a32ba96833cdc8e005b0191,sell,0x0affa06e7fbe5bc9a764c979aa66e8256a631f02,0xa90b6d2df31bbbad1a7684f4ee01853b6977eb66903056b49967a4c235af8fd1
9,0.000001,0.000000010334209,0x7b6b2f3c88ce2ecedc01c545f13faf36034d772f,2017-10-29T01:57:32.000Z,0.010334209,0x6797400cd3673b322ec75d2185f9e01b06a14cde,sell,0x0affa06e7fbe5bc9a764c979aa66e8256a631f02,0xace82334e5771a42b7b2f3c2d85cb6ddb5f96e543d9dc23b0e166bb62b59ba16
10,0.03125,0.0005,0x34f9560c63078eb61872a4dc2ccd20e21c34feaf,2017-10-28T20:51:46.000Z,0.016,0x9c7def9cbbc8d32ccca47d48230626cfb61ec9b5,buy,0x0affa06e7fbe5bc9a764c979aa66e8256a631f02,0xdadaefca015981e68fd444fc5d4e6b25b46b8bb44d34f02b6f4468221b21c8d0
11,0.03125,0.0005,0xe444a40689f51f63bcd29910622035707d533d29,2017-10-28T20:51:35.000Z,0.016,0x9c7def9cbbc8d32ccca47d48230626cfb61ec9b5,buy,0x0affa06e7fbe5bc9a764c979aa66e8256a631f02,0x41f477ca2366ea4d4f7c11a5f6b59e3409f21e67f30e0936ce01b08816ec1794
12,6.230684,0.0732423134884,0x70550efb8284233091715071708bf87eac6138b8,2017-10-28T15:02:47.000Z,0.0117551,0x526a9b7994ccc5223a8a02c52f2251ec956c6eda,sell,0x0affa06e7fbe5bc9a764c979aa66e8256a631f02,0x2e47997ce3b0929304270386667b390757c71691c473c427cfe1c620efa56cce
13,33.429219,0.345464268419019,0x7b6b2f3c88ce2ecedc01c545f13faf36034d772f,2017-10-27T08:45:31.000Z,0.010334201,0xb4cfcb2b61bae99448176e1253a2916923cda0dc,sell,0x0affa06e7fbe5bc9a764c979aa66e8256a631f02,0xc3ad05ccf763a9d9900644e95d5869e2bcd6ad8508ad59b8694216662edbf97e
14,87.389093,0.9030789831900023,0x7b6b2f3c88ce2ecedc01c545f13faf36034d772f,2017-10-26T15:19:47.000Z,0.0103340011,0xaf76a895a9a5b2241d549d6dd190db0d50917fbf,sell,0x0affa06e7fbe5bc9a764c979aa66e8256a631f02,0x259aaa2d3f24d79e601785e6fc3b7dc633493885b16ed6354413e5230c4f7875
15,121.844282,1.259138932032282,0x7b6b2f3c88ce2ecedc01c545f13faf36034d772f,2017-10-26T12:47:21.000Z,0.010334001,0x1451dbe4304a60b5b25b4d98b355effd440417af,sell,0x0affa06e7fbe5bc9a764c979aa66e8256a631f02,0xcf2716be272df5e92627d928bccdd3a617d631c8b2e739ef5bac5c261d2d4600
16,17.596451,0.181824761655236,0x7b6b2f3c88ce2ecedc01c545f13faf36034d772f,2017-10-26T01:47:28.000Z,0.010333036,0x048942b623c64cbad213a69835ccd6beedaca173,sell,0x0affa06e7fbe5bc9a764c979aa66e8256a631f02,0x3056e9c8b6ec4035aa66e244076a688e6864ec1433438a6866350a664f2df32c
17,23.066411,0.253730521,0x2590e5c09537cde195ed1c20f94ec963e151ec88,2017-10-25T00:26:18.000Z,0.011,0x251287e0ff610c0813ee765fa6e61453d46b01ce,sell,0x0affa06e7fbe5bc9a764c979aa66e8256a631f02,0xb7d0ddeaad52ac06649c562896241a2a71f5a6eab9f3e2af08af7947d35adecb
18,0.014649,0.000151338848298,0xc21ebf27e82173d8fa56338828b1c826e94b5ec5,2017-10-24T07:13:12.000Z,0.010331002,0xb2460f5d27c6d02f163b9c480fc0632645d21e8c,sell,0x0affa06e7fbe5bc9a764c979aa66e8256a631f02,0x1145e5c8d431d2e2ec83c302ce6691722e3108e5fd3bcae1955a5698a96b022a
19,146.939487,1.518032134075974,0xc21ebf27e82173d8fa56338828b1c826e94b5ec5,2017-10-24T07:11:41.000Z,0.010331002,0xb2460f5d27c6d02f163b9c480fc0632645d21e8c,sell,0x0affa06e7fbe5bc9a764c979aa66e8256a631f02,0xf6a6ba0b6ee7148133274a9f7eb6868366ad39af37d3b9dbc036b0bb3c607436
20,375,3.874126125,0x7b6b2f3c88ce2ecedc01c545f13faf36034d772f,2017-10-24T07:10:25.000Z,0.010331003,0xb2460f5d27c6d02f163b9c480fc0632645d21e8c,sell,0x0affa06e7fbe5bc9a764c979aa66e8256a631f02,0x464c2d07087297f25af1c5c073bb0e5f00522755239fe20086b034b47e9469b4
21,12.461369,0.128738415600369,0x7b6b2f3c88ce2ecedc01c545f13faf36034d772f,2017-10-23T22:14:29.000Z,0.010331001,0x57e45515c679bb4a549304330e05714b7d9866fb,sell,0x0affa06e7fbe5bc9a764c979aa66e8256a631f02,0xe255a4d0672787e25dd97d6eb0f8b08874ee885878a9e39d5c9a7f94b98bf5d3
22,9.969095,0.100798725805495,0x7b6b2f3c88ce2ecedc01c545f13faf36034d772f,2017-10-22T15:52:04.000Z,0.010111121,0xff723447d3a4da1bc4bfd6ee7ee112dc6bf1dd08,sell,0x0affa06e7fbe5bc9a764c979aa66e8256a631f02,0xb7ff3fb2e06bcee195fe123e02ccfd5cbdee9532d93b181ed093fc72dd205fb3
23,15,0.255,0xa0e8d87e5caf8424c86c8d95d99d6394dc04ad22,2017-10-22T12:59:48.000Z,0.017,0x6a4f3425cb86442faca85661dcf6175a5d4a1e7b,buy,0x0affa06e7fbe5bc9a764c979aa66e8256a631f02,0x5de329796d2819e9cbdf9c844e4f94a6a1feaa9e093bc31ff1fefa931facc5cc
24,0.01,0.00017,0x6cdea8e07bf82d7a07dbf36642d6e5be8623845c,2017-10-22T05:19:46.000Z,0.017,0x6a4f3425cb86442faca85661dcf6175a5d4a1e7b,buy,0x0affa06e7fbe5bc9a764c979aa66e8256a631f02,0x18d74ff4a81695d2dc33fa94e05f5042b7477c77d08af00b8f14210d0f9e1575
25,1,0.017,0x8abf98207ad56cb4ec656502ce429fb0deabe671,2017-10-21T09:04:14.000Z,0.017,0x048942b623c64cbad213a69835ccd6beedaca173,buy,0x0affa06e7fbe5bc9a764c979aa66e8256a631f02,0xbb79405af655c98c22d6c435072c6c92b487a69b2946a0262c812cb123fe83dc
26,1.993819,0.020139565719,0x86f4307c8c7a5e1000b876ab16cce6ebae8a3309,2017-10-20T22:55:49.000Z,0.010101,0x18571042a57d59a203cc92800c67a1a726b577de,sell,0x0affa06e7fbe5bc9a764c979aa66e8256a631f02,0x124d419182d9581cde94977cc9b0fd75d6dac54c3e2b18201bb77f9e9173f0f5
27,202.78,1.847548858,0x9778550d76b07ac9f5e57392f68ecdf6efc1774e,2017-10-19T23:48:47.000Z,0.0091111,0xa69a2b71631035455e97559cfcd00d22b10bd76b,buy,0x0affa06e7fbe5bc9a764c979aa66e8256a631f02,0xf8635a9b3742b8a937f42c7f98f3940bc95eb8fc9a2807d465ec7ac4fbc5aa8b
28,0.00198,0.000018039978,0xe1e1d0d73eeb29d0632bc4c7871bfc74dbed0741,2017-10-19T22:17:27.000Z,0.0091111,0x6797400cd3673b322ec75d2185f9e01b06a14cde,sell,0x0affa06e7fbe5bc9a764c979aa66e8256a631f02,0x4c861d57e589d715198d2bb04d958662fb2441e1dbddd7da0dd7f222100c587b
29,12.433704,0.113146718833704,0x7b6b2f3c88ce2ecedc01c545f13faf36034d772f,2017-10-19T16:07:21.000Z,0.009100001,0x069fd31e226108d2d86c2f40264d2f22735294e6,sell,0x0affa06e7fbe5bc9a764c979aa66e8256a631f02,0x3329f4d7758b6b90e9e1de37d7669d55de757fcd1010f9839f2d7db5f4d06217
30,0.917,0.009170000917,0xf36990a2cb4d609e0a7d4f3bf884c0342d81fd3d,2017-10-19T16:04:15.000Z,0.010000001,0x069fd31e226108d2d86c2f40264d2f22735294e6,sell,0x0affa06e7fbe5bc9a764c979aa66e8256a631f02,0x870bfa1797494faf03941b4402aa20a57b1699a8bf7ba90f327dbfd4b200dc57
31,1.082643,0.010826431082643,0xf36990a2cb4d609e0a7d4f3bf884c0342d81fd3d,2017-10-18T17:48:34.000Z,0.010000001,0xca4525d600ac0a5d4c306c1e6ab9202fc1580393,sell,0x0affa06e7fbe5bc9a764c979aa66e8256a631f02,0xa7913ddfd15b4acef8a722be6c8387573fb162acf601558bbbdde8625a2158f5
32,1.082643,0.010826431082643,0xf36990a2cb4d609e0a7d4f3bf884c0342d81fd3d,2017-10-18T17:48:27.000Z,0.010000001,0xca4525d600ac0a5d4c306c1e6ab9202fc1580393,sell,0x0affa06e7fbe5bc9a764c979aa66e8256a631f02,0xa7913ddfd15b4acef8a722be6c8387573fb162acf601558bbbdde8625a2158f5
33,1,0.0187,0x3ac636ac5c3a2576156ac5f10066ca68abe0ad54,2017-10-18T17:46:31.000Z,0.0187,0x58ed8c641415d3939d56fead35d25c6bae334755,buy,0x0affa06e7fbe5bc9a764c979aa66e8256a631f02,0x627ebe09506d5fc44fbbc23c180eca1a37a54b97d8fe894d082fff047f962a12
34,2,0.020000002,0xf36990a2cb4d609e0a7d4f3bf884c0342d81fd3d,2017-10-18T17:45:37.000Z,0.010000001,0xca4525d600ac0a5d4c306c1e6ab9202fc1580393,sell,0x0affa06e7fbe5bc9a764c979aa66e8256a631f02,0x18e0fc98d12b083cddad9a634867a46dde3b37d0222a21cdc63bfffba1818cfc
35,0.027173,0.0005,0xf9695cd65d6dfdf257fab76a3eb0cb8f001971cc,2017-10-18T15:24:57.000Z,0.018400618260773563,0x251287e0ff610c0813ee765fa6e61453d46b01ce,buy,0x0affa06e7fbe5bc9a764c979aa66e8256a631f02,0x89e1250afad2dc0d95eae14a6e79c318b3a9e037e941aefbba122f36cf8963a6
36,0.027173,0.0005,0x379374d13077e8867ef31803c37baf9785a17c00,2017-10-18T15:24:43.000Z,0.018400618260773563,0x251287e0ff610c0813ee765fa6e61453d46b01ce,buy,0x0affa06e7fbe5bc9a764c979aa66e8256a631f02,0xe12094f3a44e1318f735dbd8d8d09fe90ff830eacacfddf01d832f62cd1f3bdd
37,1.844929,0.03450018680570786,0x70550efb8284233091715071708bf87eac6138b8,2017-10-18T04:56:30.000Z,0.018700007862474846,0x58ed8c641415d3939d56fead35d25c6bae334755,buy,0x0affa06e7fbe5bc9a764c979aa66e8256a631f02,0xb75b7ea8bd0b0d0c474f503bb17a54eccfda35931e9e3abf6c20a642218cc080
38,0.026737,0.0005,0x16e5d97bbc92417e051e3b2cabfbf8ceea2acb9c,2017-10-17T18:06:17.000Z,0.018700676964506117,0x251287e0ff610c0813ee765fa6e61453d46b01ce,buy,0x0affa06e7fbe5bc9a764c979aa66e8256a631f02,0xc02afd58fb97c6a59c4a6f8c69808103f00a05796e42592d28e8334c53100afe
39,3.842991,0.038622063392991,0x7b6b2f3c88ce2ecedc01c545f13faf36034d772f,2017-10-17T16:04:58.000Z,0.010050001,0x1099b992dffe76b4bdface01f3516aaca6309544,sell,0x0affa06e7fbe5bc9a764c979aa66e8256a631f02,0x26574264638d7c27e72b2c951c62435954236be8b62f64d8cc1e1f2d2bc58d16
40,19.943867,0.200435883293867,0x7b6b2f3c88ce2ecedc01c545f13faf36034d772f,2017-10-17T15:58:14.000Z,0.010050001,0xd7f7f6409bb576c38d8bbfef95d4359f788a7c08,sell,0x0affa06e7fbe5bc9a764c979aa66e8256a631f02,0xa7953fc0b6d9cbbead27875ffa3124dc8b1ad57b8458d60c626356c70de8639d
41,20,0.20020002,0x91ab10dba1a8338277aae1b723b739eefb7ea202,2017-10-17T13:51:32.000Z,0.010010001,0x4af29ed1a4b8bd173b156fa26579f3784b5bf8d1,sell,0x0affa06e7fbe5bc9a764c979aa66e8256a631f02,0x1e4232d2f8e1475c47c1f3d153ad25f94dd9a683d108048a6c28e8bd6df65aff
42,56.915809,0.569727305005809,0x91ab10dba1a8338277aae1b723b739eefb7ea202,2017-10-17T10:36:21.000Z,0.010010001,0xd7f7f6409bb576c38d8bbfef95d4359f788a7c08,sell,0x0affa06e7fbe5bc9a764c979aa66e8256a631f02,0xe7f5935004d6f270d1d1a843ae874a5945252f0031af4f47c30e024b60b1679a
43,22.7,0.2497,0xf082e67d73561f40c30a9cd41a1b24999ef57362,2017-10-17T10:35:43.000Z,0.011,0xd7f7f6409bb576c38d8bbfef95d4359f788a7c08,sell,0x0affa06e7fbe5bc9a764c979aa66e8256a631f02,0x52b0fc541b7c311f4af38f6976ac16b6148707db4c547d7ea73de70c8ebb0fa2
44,1,0.0183,0x9fa80fff8053afaf9598352e8390629cff8c0a7b,2017-10-17T08:05:27.000Z,0.0183,0x251287e0ff610c0813ee765fa6e61453d46b01ce,sell,0x0affa06e7fbe5bc9a764c979aa66e8256a631f02,0xbc6498b0383a6cbd47b7220fcbdd1407e6eb787eb8bb8e54a686ad1151b62cfc
45,0.026595,0.0005,0xcd912af5286dc0b0a23edb30209734ecb60838b3,2017-10-17T05:49:16.000Z,0.018800526414739612,0xee1fc05effda63eea03270b6b40b878d9fb5f5bf,buy,0x0affa06e7fbe5bc9a764c979aa66e8256a631f02,0x83e07643a281767a5577cf5a22c869518e4191ae5eef2347415a483195cb2003
46,19.866755,0.198866237416755,0x91ab10dba1a8338277aae1b723b739eefb7ea202,2017-10-16T20:51:44.000Z,0.010010001,0x6797400cd3673b322ec75d2185f9e01b06a14cde,sell,0x0affa06e7fbe5bc9a764c979aa66e8256a631f02,0xdaec86cd8eda1e197da723e466a69f9c6e8d23a81642ddf67fc21cb0d0199780
47,1.088536,0.0120942336548,0x006f11323d586ae28609e72d28f1d7f06ddead9e,2017-10-16T20:50:55.000Z,0.01111055,0x6797400cd3673b322ec75d2185f9e01b06a14cde,sell,0x0affa06e7fbe5bc9a764c979aa66e8256a631f02,0x75189ed71c0d642924ff74a9fa00a10980720c15c3a2b1447330f7828947f8cd
48,3.911464,0.0434585163452,0x006f11323d586ae28609e72d28f1d7f06ddead9e,2017-10-16T17:57:02.000Z,0.01111055,0x992b4609935fe143891bfc7b69f18d12a87a9872,sell,0x0affa06e7fbe5bc9a764c979aa66e8256a631f02,0x31ffb0ad329132ab9450aa68eff024f89bbc64c11d62a0c485245e632927d2d2
49,4.953,0.05750705415,0x006f11323d586ae28609e72d28f1d7f06ddead9e,2017-10-16T10:36:18.000Z,0.01161055,0x6797400cd3673b322ec75d2185f9e01b06a14cde,sell,0x0affa06e7fbe5bc9a764c979aa66e8256a631f02,0x77fa0bbd00462aa69919bd19dcef60f0640e2024049274087aa595e40114f6bd
50,33.915886,0.339158927831772,0x91ab10dba1a8338277aae1b723b739eefb7ea202,2017-10-16T10:31:04.000Z,0.010000002,0xcb57b71b80a8bc545562c556d0e8c3de35ec165a,sell,0x0affa06e7fbe5bc9a764c979aa66e8256a631f02,0x35f3f0adb81d27b375766b385a41aecdf4e61330d4fa98b46d5e299976dbc245
51,0.001026,0.000020492753915393,0xcb57b71b80a8bc545562c556d0e8c3de35ec165a,2017-10-16T09:45:58.000Z,0.019973444361981483,0x2ebb2f906eb5fb04e3dc2987d1fb9f00b676965b,buy,0x0affa06e7fbe5bc9a764c979aa66e8256a631f02,0x0d3f9089d34bd61aead238945c3d374c70daff07bf4e3d485e0e69370d8a4ace
52,1.046755,0.01215340126525,0x006f11323d586ae28609e72d28f1d7f06ddead9e,2017-10-15T22:59:44.000Z,0.01161055,0x837cf9698008d8a19bb9ac6fa15318a748fd0d15,sell,0x0affa06e7fbe5bc9a764c979aa66e8256a631f02,0xe7111aa3e1bae285f994ee59f667b339027e2644cb6959cbbefcb48dc1406483
53,0.020938,0.0005,0x350f6f675b20d606bb7f6c412ef4775c9bc57168,2017-10-15T20:28:42.000Z,0.023880026745629956,0x86f4307c8c7a5e1000b876ab16cce6ebae8a3309,buy,0x0affa06e7fbe5bc9a764c979aa66e8256a631f02,0x6e38975b9e2da624271b672cebdb4ac3c01399b0d2d1db6b8e1225722c4bb04e
54,0.020938,0.0005,0x3bfdec5343e950ce45522eef9948c977631b4000,2017-10-15T20:28:42.000Z,0.023880026745629956,0x86f4307c8c7a5e1000b876ab16cce6ebae8a3309,buy,0x0affa06e7fbe5bc9a764c979aa66e8256a631f02,0xa0b1b521448c6175a6b59bee4186e55783ea159dbb4358fc8eac2c917a567a82
55,143.74355,2.873433574788374,0x3bf6e8e9759fe42f1f1a43a2d30fad255dec01fe,2017-10-15T18:43:47.000Z,0.019990000071574508,0x7e5bbf4bbca24aeaffb5874333ece0e4dfb8b03a,buy,0x0affa06e7fbe5bc9a764c979aa66e8256a631f02,0x4912d84faf7b86e385482bd83ebaa6a4500244d9d9eb8dbd7fd41afbee77c44b
56,0.0119,0.000237881,0x5ae933bfbbaa04c3e05ae56295138174ada9799c,2017-10-15T06:50:05.000Z,0.01999,0x7e5bbf4bbca24aeaffb5874333ece0e4dfb8b03a,buy,0x0affa06e7fbe5bc9a764c979aa66e8256a631f02,0x5ec342ca40c3afba75434a0457445b6e4389e4a3580fc191444e9552c13b5f6c
57,0.011864,1.95756,0x3bf6e8e9759fe42f1f1a43a2d30fad255dec01fe,2017-10-15T06:50:05.000Z,165,0x5ae933bfbbaa04c3e05ae56295138174ada9799c,sell,0x0affa06e7fbe5bc9a764c979aa66e8256a631f02,0x5ec342ca40c3afba75434a0457445b6e4389e4a3580fc191444e9552c13b5f6c
58,0.0119,1.9635,0x3bf6e8e9759fe42f1f1a43a2d30fad255dec01fe,2017-10-15T06:38:46.000Z,165,0x0249924245a19aa2d7f5ddb0739a7132b7d094ab,sell,0x0affa06e7fbe5bc9a764c979aa66e8256a631f02,0x3085a94102cfea01582f039b7ce96e12bcd0afd6662fc92bb9216f43416de08d
59,1.011863,0.011939990483041,0xd9d7b7f8ab4fe180f74d9a200eef85be0f61dcec,2017-10-15T05:14:02.000Z,0.011800007,0x6b2cb52d364d76c3f079eba018750df23c51ce0f,sell,0x0affa06e7fbe5bc9a764c979aa66e8256a631f02,0x8104e365ace62f9f7b2a0f0b26328e793d8ae655a09f09dac17a50ce4dd325b6
60,4,0.0555576,0x70550efb8284233091715071708bf87eac6138b8,2017-10-15T04:33:37.000Z,0.0138894,0x6797400cd3673b322ec75d2185f9e01b06a14cde,sell,0x0affa06e7fbe5bc9a764c979aa66e8256a631f02,0x7088476d00e20d1dea7529c16c75a55cad1c6b2d67f4bd757d3cf45dad1414ae
61,0.000994,0.000011729207952,0x91ab10dba1a8338277aae1b723b739eefb7ea202,2017-10-13T05:47:59.000Z,0.011800008,0x6797400cd3673b322ec75d2185f9e01b06a14cde,sell,0x0affa06e7fbe5bc9a764c979aa66e8256a631f02,0xcbe88106aa5f8635cc44855dbd18b68bf7dedac99dd35bdd765abde18a40e7a9
62,9.969095,0.11763540075276,0x91ab10dba1a8338277aae1b723b739eefb7ea202,2017-10-13T02:26:01.000Z,0.011800008,0x6797400cd3673b322ec75d2185f9e01b06a14cde,sell,0x0affa06e7fbe5bc9a764c979aa66e8256a631f02,0x4ac836b3a93875429eaf8445c8bb73acb97c34a25766ca8d3c693e9e32801793
63,313.765078,3.702430430520624,0x91ab10dba1a8338277aae1b723b739eefb7ea202,2017-10-12T23:36:32.000Z,0.011800008,0xd356f7cb661c48a79143f469284be0e594fa5094,sell,0x0affa06e7fbe5bc9a764c979aa66e8256a631f02,0x64e888a6d87489616d671420eb765b7426eddad5e50ccd9d39a53e2c1a6252ac
64,46.862725,0.552980389313625,0x91ab10dba1a8338277aae1b723b739eefb7ea202,2017-10-12T10:56:24.000Z,0.011800005,0xb4992b032c9bde3e1e50fe5824508d3982c30c47,sell,0x0affa06e7fbe5bc9a764c979aa66e8256a631f02,0xe35a6a4aac10055965d113950f40733fb34d8272e012bb43074d986888b7baa4
65,0.002689,0.000031730213445,0x91ab10dba1a8338277aae1b723b739eefb7ea202,2017-10-12T02:53:16.000Z,0.011800005,0x3ee0a5d5a0bd2619be64ac5ecd9467339a8aaf7a,sell,0x0affa06e7fbe5bc9a764c979aa66e8256a631f02,0x64e26b129fdb8166f2e158ee9433863e1c9acd8f573e4b8d5bdae93c54805abc
66,5.97,0.077546718,0x71b1f4f132b65e515062cb0237a9d795b930ff54,2017-10-11T18:12:01.000Z,0.0129894,0x503e91a190fbc43485215c017ee77d5dcd7029a6,buy,0x0affa06e7fbe5bc9a764c979aa66e8256a631f02,0xe7c5a260077751b0f97d7f94bf07cb70794ac08e00fda59950e9a779ba442af7
67,10,0.11800002,0xed35a97f2d8ecdcd865560dff4c97cc47d6f98fc,2017-10-11T13:14:52.000Z,0.011800002,0x503e91a190fbc43485215c017ee77d5dcd7029a6,sell,0x0affa06e7fbe5bc9a764c979aa66e8256a631f02,0x98d9b3ef31484c7101878292aadc9ad6b9548a6045f5981747b1a66d36362a37
68,2.579239,0.02994643495623,0x86f4307c8c7a5e1000b876ab16cce6ebae8a3309,2017-10-10T18:04:20.000Z,0.01161057,0x7aa6e2506316f6d613277d4f2f4e4e1dc55e528e,sell,0x0affa06e7fbe5bc9a764c979aa66e8256a631f02,0x69f064ca0e42db78338152551aa67b03f30c05aa3f9549a69f4a6e4b5ce95488
69,2.587,0.02587,0x7aa6e2506316f6d613277d4f2f4e4e1dc55e528e,2017-10-10T18:04:20.000Z,0.01,0xf2d2b3fcc621e0ee070b76a56979ba1b7edf881d,buy,0x0affa06e7fbe5bc9a764c979aa66e8256a631f02,0x69f064ca0e42db78338152551aa67b03f30c05aa3f9549a69f4a6e4b5ce95488
70,134.765855,1.482424405,0x91ab10dba1a8338277aae1b723b739eefb7ea202,2017-10-09T12:26:08.000Z,0.011,0xe3f061d9724f0daacaada6438b32e7492f2bf251,sell,0x0affa06e7fbe5bc9a764c979aa66e8256a631f02,0x238cfa3f5c97541ca20dd904305e1268fbebcaa6fa49e2d4c44ae4d1e4f30d70
71,100,1.1,0x91ab10dba1a8338277aae1b723b739eefb7ea202,2017-10-09T12:19:49.000Z,0.011,0xe3f061d9724f0daacaada6438b32e7492f2bf251,sell,0x0affa06e7fbe5bc9a764c979aa66e8256a631f02,0x33178dc3500702a8f8c05ed5ecf35d4beb847cc47d4e7e56b1615842860d5c28
72,13.804589,0.151850479,0x91ab10dba1a8338277aae1b723b739eefb7ea202,2017-10-09T08:33:29.000Z,0.011,0xa6b5182acf830f24ca93118163bb2fa5434ecce1,sell,0x0affa06e7fbe5bc9a764c979aa66e8256a631f02,0x53a3004b4daf18ee71437441d47608ae253dfd1f1fe13613d66c7b22b57bd471
73,1.333,0.0166626333,0x5d5065b42bdee0274e394ba9042c21e1818c69cf,2017-10-09T08:28:35.000Z,0.0125001,0xa6b5182acf830f24ca93118163bb2fa5434ecce1,sell,0x0affa06e7fbe5bc9a764c979aa66e8256a631f02,0x0d7cbe0420e711eb768238c07baddbba33873cc61a33a5f7d966c766f5b90b21
74,56.62247,0.70834715632247,0x7b6b2f3c88ce2ecedc01c545f13faf36034d772f,2017-10-08T21:55:21.000Z,0.012510001,0xbfb50b318ebd18975bd60b8d21488a8595debe74,sell,0x0affa06e7fbe5bc9a764c979aa66e8256a631f02,0xb84d46ba5013f4913182e6970ea70352d028acb25abaef9eb89921866a7f322f
75,56.92553,0.71213843722553,0x7b6b2f3c88ce2ecedc01c545f13faf36034d772f,2017-10-08T19:33:27.000Z,0.012510001,0x59540c64f4699fdd80d370e677862e063c4c63ec,sell,0x0affa06e7fbe5bc9a764c979aa66e8256a631f02,0xdac2e9e8819c41c0af6f4638d28fe16c712b28b2ce4b97e53ce865fa3e475552
76,16,0.201422208,0x503e91a190fbc43485215c017ee77d5dcd7029a6,2017-10-08T19:19:11.000Z,0.012588888,0x59540c64f4699fdd80d370e677862e063c4c63ec,sell,0x0affa06e7fbe5bc9a764c979aa66e8256a631f02,0x51fc82916392bedb6f5aef91672c767f2f802c4401b40d15c8bd2bea92ba89a7
77,25.040374,0.313255103780374,0x7b6b2f3c88ce2ecedc01c545f13faf36034d772f,2017-10-08T17:48:07.000Z,0.012510001,0x3270d7a731be241d25b3e3ece02c221fd5867428,sell,0x0affa06e7fbe5bc9a764c979aa66e8256a631f02,0x4243fe22cc6f1ecd3f4b315958413680fdb5a00fab5934ff8f77132a06d76ab8
78,1,0.019,0x93c0c02dfc83bbe3de7bf2d382b1b35157393a87,2017-10-08T12:59:16.000Z,0.019,0x3270d7a731be241d25b3e3ece02c221fd5867428,buy,0x0affa06e7fbe5bc9a764c979aa66e8256a631f02,0x4d019b3b04874cf34118664abf3d47567c22fdce9b764f56591e4d36da9486ae
79,53.618889,0.670772355008889,0x7b6b2f3c88ce2ecedc01c545f13faf36034d772f,2017-10-07T19:19:40.000Z,0.012510001,0xb27ded47ea0d0877915f2ad81e31fdb2098283b2,sell,0x0affa06e7fbe5bc9a764c979aa66e8256a631f02,0x682b0a354e10d720d5bcd49fd0527f0a55c6d912ca772dc6d8f67ffa7ea64805
80,49.845479,0.623566992135479,0x7b6b2f3c88ce2ecedc01c545f13faf36034d772f,2017-10-07T19:09:20.000Z,0.012510001,0xb27ded47ea0d0877915f2ad81e31fdb2098283b2,sell,0x0affa06e7fbe5bc9a764c979aa66e8256a631f02,0xdc5a7668cb68e0d707b444af6771677223da12ef3a931713612c9d47806f9c22
81,49.315123,0.616488352623,0x25cb0ecbc7f8b7844531df9d137dcb594080a311,2017-10-07T09:11:25.000Z,0.012501,0x008418970d2a3dd09a430e754f77cc1c8b8aa59f,sell,0x0affa06e7fbe5bc9a764c979aa66e8256a631f02,0x6c3ad458229d6f5416a91d520711d9ae7fd555df621b1545908dd238e593652b
82,66.016748,0.825209416016748,0x7b6b2f3c88ce2ecedc01c545f13faf36034d772f,2017-10-06T12:28:02.000Z,0.012500001,0x3048756b45c1385696b14b7b2b531c14466fb2cd,sell,0x0affa06e7fbe5bc9a764c979aa66e8256a631f02,0xea118f173182a034a0d19dfbe4d9b79322132a506c3dfea369e6f23e81d11c78
83,0.400614,0.00801228,0x86f4307c8c7a5e1000b876ab16cce6ebae8a3309,2017-10-06T05:03:47.000Z,0.02,0x7d5f5af2130985fe0fb5f2bfe38563ccfbeefe23,buy,0x0affa06e7fbe5bc9a764c979aa66e8256a631f02,0xe14d4fc3bebcba69fa8d3f5c7c44b5484217fb6b597b20b2ff421dd7d08691e7
84,33.304709,0.79564949801,0x1d47932d6aab0b0a5b963cd953e0808b60d25336,2017-10-05T09:44:13.000Z,0.02389,0x0845ad270268891eb78c056035d6ecd6b06c2ed4,sell,0x0affa06e7fbe5bc9a764c979aa66e8256a631f02,0xbdce70cbca96ac6c942fd6ed0f582def7a927df98f36bb665a552a7946ea747c
85,9.203691,0.21987617799,0x1d47932d6aab0b0a5b963cd953e0808b60d25336,2017-10-05T06:34:57.000Z,0.02389,0x5ae933bfbbaa04c3e05ae56295138174ada9799c,sell,0x0affa06e7fbe5bc9a764c979aa66e8256a631f02,0xf43b2782f54ffb0d25f5f6a17e85c9ad5b1881ec700e6d1159815a6fa7c37e3c
86,9.231386,0.18462772,0x5ae933bfbbaa04c3e05ae56295138174ada9799c,2017-10-05T06:34:57.000Z,0.02,0x7d5f5af2130985fe0fb5f2bfe38563ccfbeefe23,buy,0x0affa06e7fbe5bc9a764c979aa66e8256a631f02,0xf43b2782f54ffb0d25f5f6a17e85c9ad5b1881ec700e6d1159815a6fa7c37e3c
87,102.8,2.213681836,0xfe423f6b9b3aa093cc08831d9b106027f97e132e,2017-10-05T06:33:59.000Z,0.02153387,0x48c51391121aca4e87fdded7401c9c66e3c83ee4,buy,0x0affa06e7fbe5bc9a764c979aa66e8256a631f02,0xa648ea6ce574162f0c4274f4a475c8e0a1c3322d3e3fd3dff5d05e566a5707d1
88,102.4916,2.448524324,0x1d47932d6aab0b0a5b963cd953e0808b60d25336,2017-10-05T06:33:59.000Z,0.02389,0xfe423f6b9b3aa093cc08831d9b106027f97e132e,sell,0x0affa06e7fbe5bc9a764c979aa66e8256a631f02,0xa648ea6ce574162f0c4274f4a475c8e0a1c3322d3e3fd3dff5d05e566a5707d1
89,296.082145,3.65957590436429,0x7b6b2f3c88ce2ecedc01c545f13faf36034d772f,2017-10-03T18:50:13.000Z,0.012360002,0x8e04310d147fc3fc89189750c6bcd141ac2de23c,sell,0x0affa06e7fbe5bc9a764c979aa66e8256a631f02,0x0c666e80c26148eef5969d2b2c169dc1ae7d981219e7aa4b29a111911e95ca0f
90,199.38788,2.46443439618788,0x7b6b2f3c88ce2ecedc01c545f13faf36034d772f,2017-10-03T09:28:12.000Z,0.012360001,0x6d91f54040d517e2da18aff74f1a6ecd087b839d,sell,0x0affa06e7fbe5bc9a764c979aa66e8256a631f02,0x73d39b90a0e40d45d3a188b1665b3d700d8a05a78c530647b2377cae170f6bce
91,4.655568,0.057542825135568,0x7b6b2f3c88ce2ecedc01c545f13faf36034d772f,2017-10-02T19:13:30.000Z,0.012360001,0xed35a97f2d8ecdcd865560dff4c97cc47d6f98fc,sell,0x0affa06e7fbe5bc9a764c979aa66e8256a631f02,0xb0c35a0d05a17653189dabc588c212e61cdb5074c731182cd33cc4769713d58c
92,12.052,0.14836012,0x91ab10dba1a8338277aae1b723b739eefb7ea202,2017-10-01T15:56:14.000Z,0.01231,0xd641a322ee618745bd37689299ab0c0670813f05,buy,0x0affa06e7fbe5bc9a764c979aa66e8256a631f02,0xc48f9fe6db303c9bfce7f41cbbb582eef897f8d2b1b3bca962e6bc63f89f6b46
93,26.972156,0.33229696192,0x86f4307c8c7a5e1000b876ab16cce6ebae8a3309,2017-10-01T10:15:28.000Z,0.01232,0x3ee0a5d5a0bd2619be64ac5ecd9467339a8aaf7a,sell,0x0affa06e7fbe5bc9a764c979aa66e8256a631f02,0xb299439bc3ab207f33dd96c849cc0f632607fc328a34dbb30d92fbac63522f6e
94,27.530654,0.338627071730654,0x7b6b2f3c88ce2ecedc01c545f13faf36034d772f,2017-09-30T20:51:42.000Z,0.012300001,0x3824a54b25e271b6ba422ea6e16fb19c93d45b23,sell,0x0affa06e7fbe5bc9a764c979aa66e8256a631f02,0xe166030a04d187a056dfa3113cf66b80dce43ae80f72a20e7680fc736331d489
95,0.000003,0.00000003654,0xe1e1d0d73eeb29d0632bc4c7871bfc74dbed0741,2017-09-30T04:50:51.000Z,0.01218,0xc5edbbd2ca0357654ad0ea4793f8c5cecd30e254,sell,0x0affa06e7fbe5bc9a764c979aa66e8256a631f02,0x1d5a03752b23e7d3482ea54ca5de978d54f3d073154f9e75bdc1a83ec5f75ad1
96,3.105714,0.037784116524,0x381efc3bef6f3eaeb14645a247281080558fa30a,2017-09-29T15:34:55.000Z,0.012166,0xd735f6e3160a083d54df637772bfd9e65845cbbb,sell,0x0affa06e7fbe5bc9a764c979aa66e8256a631f02,0xb654054c464dc71e423a753c87bee44d66208a8fe41d90b781274ef34309b336
97,1,0.019,0x0249924245a19aa2d7f5ddb0739a7132b7d094ab,2017-09-28T17:29:27.000Z,0.019,0x1b2813c7f0d3601dd93d8fdc742b071419335aa0,buy,0x0affa06e7fbe5bc9a764c979aa66e8256a631f02,0x61bdf43da32964818d7d8def5dc0ecd6f18645c7280528da0b4e6bf321eb950d
98,0.2,0.0038,0xa0be78d2bac6a692adba423c7af50ec86a18bddf,2017-09-28T13:39:04.000Z,0.019,0x1fdf047bf7a114b37e7936d01e9cad754ad18803,buy,0x0affa06e7fbe5bc9a764c979aa66e8256a631f02,0xf0e9de168db647f5b466c87e3101cf58fd0f45f1f0f6638dde57938fb7f07b73
99,19.536266,0.235646440492,0x381efc3bef6f3eaeb14645a247281080558fa30a,2017-09-28T05:07:01.000Z,0.012062,0x1ed014aec47fae44c9e55bac7662c0b78ae61798,sell,0x0affa06e7fbe5bc9a764c979aa66e8256a631f02,0x85eaee7682890f38beaef4765d0d1f6c030e73ac85395bb1c29c9b1a1efe2974
100,163,1.956,0x0845ad270268891eb78c056035d6ecd6b06c2ed4,2017-09-27T22:28:54.000Z,0.012,0x412c99460ad82ae8d2c57cb5502c652e917cb7c4,buy,0x0affa06e7fbe5bc9a764c979aa66e8256a631f02,0x1abb10b9d9dfd2f8b1890b57a5a59ec14bec21b71378890b71ad34f00cb706b0
101,26,0.312,0xf732b16f5aee6cd2db5b30a7a3860764a48b19ff,2017-09-27T22:16:12.000Z,0.012,0x412c99460ad82ae8d2c57cb5502c652e917cb7c4,buy,0x0affa06e7fbe5bc9a764c979aa66e8256a631f02,0x2168a86f27a563ed6002e3c14c9f208d5057524ada5b7d5886f7da088ff8ecb6
102,32.898016,0.39675007296,0x381efc3bef6f3eaeb14645a247281080558fa30a,2017-09-27T17:01:07.000Z,0.01206,0x5bc947356b9a75fdcb92f3eb550682941aca376b,sell,0x0affa06e7fbe5bc9a764c979aa66e8256a631f02,0x97f2c907505e2045c07169ac239dea648fa5c20c42b134cbe08f2d34dbfe66cd
103,75.913667,0.912482505081001,0x7b6b2f3c88ce2ecedc01c545f13faf36034d772f,2017-09-27T15:18:23.000Z,0.012020003,0x0e0193a44c0d7e36b8faff8fd3d9004d5bb5ff09,sell,0x0affa06e7fbe5bc9a764c979aa66e8256a631f02,0xd624e3f960390a44ef06744c5614bd3c4af21f022a0c71b16bec54031b51ee3a
104,19.296879,0.235421943096879,0x7b6b2f3c88ce2ecedc01c545f13faf36034d772f,2017-09-25T15:26:19.000Z,0.012200001,0xb7d666e3a6cad29b168b99930a88ae626103ded1,sell,0x0affa06e7fbe5bc9a764c979aa66e8256a631f02,0x4059560303f2ca87a49f33c2279bb555803d8f4cabb479291c5ced4cb4455625
105,0.028311,0.000345394228311,0x7b6b2f3c88ce2ecedc01c545f13faf36034d772f,2017-09-25T14:03:08.000Z,0.012200001,0xc5edbbd2ca0357654ad0ea4793f8c5cecd30e254,sell,0x0affa06e7fbe5bc9a764c979aa66e8256a631f02,0x2be06f1a506a4fabca7318bea3481fa72c0a9219a5b9ca3a7282cc0e654e7834
106,283.983211,3.464595458183211,0x7b6b2f3c88ce2ecedc01c545f13faf36034d772f,2017-09-25T13:53:05.000Z,0.012200001,0xc5edbbd2ca0357654ad0ea4793f8c5cecd30e254,sell,0x0affa06e7fbe5bc9a764c979aa66e8256a631f02,0x38e7e2e19a309b2393449314a53ee74a1e5a441ba807015d1772b4d034bebe2b
107,7.230567,0.0882129174,0x0845ad270268891eb78c056035d6ecd6b06c2ed4,2017-09-25T13:45:42.000Z,0.0122,0xc5edbbd2ca0357654ad0ea4793f8c5cecd30e254,sell,0x0affa06e7fbe5bc9a764c979aa66e8256a631f02,0x3574067008274f8adee0f87b7f7013723395b1843078d886b2f0cac177bd9476
108,2,0.024400002,0xf36990a2cb4d609e0a7d4f3bf884c0342d81fd3d,2017-09-25T13:45:31.000Z,0.012200001,0xc5edbbd2ca0357654ad0ea4793f8c5cecd30e254,sell,0x0affa06e7fbe5bc9a764c979aa66e8256a631f02,0xdc3469a07d989e22b430f91a9fee5bf168b5afc8821c3a4eac25e56c6e0d25ff
109,1.95,0.03315585195,0xf36990a2cb4d609e0a7d4f3bf884c0342d81fd3d,2017-09-25T13:38:35.000Z,0.017003001,0xc5edbbd2ca0357654ad0ea4793f8c5cecd30e254,sell,0x0affa06e7fbe5bc9a764c979aa66e8256a631f02,0x0a60485ac90f34d6b568a0de9d46d191117852bf47f5e26a14180108647d9f33
110,6.784979,0.11541249279,0x5c21287adbcb63026aedadaabc2026c4dd0854d9,2017-09-25T13:37:35.000Z,0.01701,0xc5edbbd2ca0357654ad0ea4793f8c5cecd30e254,sell,0x0affa06e7fbe5bc9a764c979aa66e8256a631f02,0xd4d2cc01cb30d0bd3c9d4bb71881da265d43766211f4f0742f920781373851cd
111,60.811484,0.741900165611484,0x7b6b2f3c88ce2ecedc01c545f13faf36034d772f,2017-09-25T10:55:12.000Z,0.012200001,0xfe17f13519aef03cd18feb56b6ee02e482a078e4,sell,0x0affa06e7fbe5bc9a764c979aa66e8256a631f02,0x69c9ec021c513dc03945df4d1613f713fe28a0c6b43711485cd67b4ca42b1b5b
112,0.025,0.0005,0xc886b21b865e7c90432d9b8bdb14ad254f2232f5,2017-09-25T05:09:19.000Z,0.02,0x0e0193a44c0d7e36b8faff8fd3d9004d5bb5ff09,buy,0x0affa06e7fbe5bc9a764c979aa66e8256a631f02,0x3c214f49d3844ac5e57c0a5656d36759a399b59c7ed114fe81f96961cb67aabd
113,0.025,0.0005,0x23ee598e50ff1b1bde1022bf3c8a41d4c23321a0,2017-09-25T00:53:01.000Z,0.02,0x0e0193a44c0d7e36b8faff8fd3d9004d5bb5ff09,buy,0x0affa06e7fbe5bc9a764c979aa66e8256a631f02,0xb5291364250d42506c6ed1eceed034c85b3f6b9297856438e1834e34c322f5e1
114,0.025,0.0005,0xe5a759eb3e214ff0a2bbbea31acc41c9bf27b239,2017-09-25T00:26:17.000Z,0.02,0x0e0193a44c0d7e36b8faff8fd3d9004d5bb5ff09,buy,0x0affa06e7fbe5bc9a764c979aa66e8256a631f02,0x929523452050b9c7134167f9a42e29f5288ae64318d644e21bc80eded8bf4342
115,0.025,0.0005,0x160506e5a5ce5dadd43623689f53d5aa1f288f0f,2017-09-25T00:13:10.000Z,0.02,0x0e0193a44c0d7e36b8faff8fd3d9004d5bb5ff09,buy,0x0affa06e7fbe5bc9a764c979aa66e8256a631f02,0x48659da2e30e50d134dd4bf85ac058477f4edc9c242a8cbfcadbff74e1bb68d7
116,0.215021,0.00365750721,0x5c21287adbcb63026aedadaabc2026c4dd0854d9,2017-09-24T04:31:16.000Z,0.01701,0xdb20b53318bb30ab68899041b2c89f03d57dfa0a,sell,0x0affa06e7fbe5bc9a764c979aa66e8256a631f02,0xb368afed001b5ab5cdddeaef89d0896fe2336a3ab5136e8e29340a119ae45f2a
117,0.025,0.0005,0x452b06f1c61cff4c9bebaa405319a7c3b12553a2,2017-09-23T23:28:20.000Z,0.02,0x0e0193a44c0d7e36b8faff8fd3d9004d5bb5ff09,buy,0x0affa06e7fbe5bc9a764c979aa66e8256a631f02,0xd2855458a43dcf2ebb362b2063905e75223909c0816a106b4ae1a61ce5f6f244
118,0.025,0.0005,0xc22f5ab4f1591613a92b4d172cc7f4e4a5af58cd,2017-09-23T23:28:20.000Z,0.02,0x0e0193a44c0d7e36b8faff8fd3d9004d5bb5ff09,buy,0x0affa06e7fbe5bc9a764c979aa66e8256a631f02,0xc7c20b2099cf4b1557b04c1b0e6f408c7316a8f20ecdb4db84c6e84c1534a01e
119,0.025,0.0005,0x2ba19ec4bcd5ae8de66b110bde5ebf41092bd02f,2017-09-23T19:20:23.000Z,0.02,0x0e0193a44c0d7e36b8faff8fd3d9004d5bb5ff09,buy,0x0affa06e7fbe5bc9a764c979aa66e8256a631f02,0x91d1d2a801147e038460fadd61ebac5d5af59f4941dffcbc30716181b75c80c1
120,0.025,0.0005,0x18a902dc44442205b4ba2b1dc038e67506d22c55,2017-09-23T16:29:58.000Z,0.02,0x0e0193a44c0d7e36b8faff8fd3d9004d5bb5ff09,buy,0x0affa06e7fbe5bc9a764c979aa66e8256a631f02,0x5a8ab80544405c3a46f279b15458b12f4582a37a45b965070d3dbc2b53b06329
121,0.025,0.0005,0xd868b838b5de79f1e540b5d83c9e9a3d0b3810cd,2017-09-23T16:25:14.000Z,0.02,0x0e0193a44c0d7e36b8faff8fd3d9004d5bb5ff09,buy,0x0affa06e7fbe5bc9a764c979aa66e8256a631f02,0xe070e54dff3eb4a34a228e05a52831a59363fbd71a55982c4776877b773ea0b7
122,0.1,0.002,0x636d925f140f761f7a0e600db2177dd068ddada1,2017-09-23T10:36:28.000Z,0.02,0x0e0193a44c0d7e36b8faff8fd3d9004d5bb5ff09,buy,0x0affa06e7fbe5bc9a764c979aa66e8256a631f02,0xe2b7d053081b21ab47f69df01d71067c1b07e719f29a75af3e4a4e4d1bf19781
123,0.049765,0.000846154344765,0xf36990a2cb4d609e0a7d4f3bf884c0342d81fd3d,2017-09-22T12:05:20.000Z,0.017003001,0xf4691e4beb9151cfbeec34a92f63d0383c5edc6d,sell,0x0affa06e7fbe5bc9a764c979aa66e8256a631f02,0x0229450cffe748d42739b2fcdb750b637791e8e33416fa46f73446c6f2be6a1a
124,0.020833,0.0005,0x999dbc9673afdd6b6c140c261297f89de35ff1b3,2017-09-22T06:24:12.000Z,0.0240003840061441,0x0845ad270268891eb78c056035d6ecd6b06c2ed4,buy,0x0affa06e7fbe5bc9a764c979aa66e8256a631f02,0x2d62f3d57ff4e8dcb153027ddc69e42f203fb311af7dea2513cb2d4f572b8a34
125,0.020833,0.0005,0x999dbc9673afdd6b6c140c261297f89de35ff1b3,2017-09-22T05:37:35.000Z,0.0240003840061441,0x0845ad270268891eb78c056035d6ecd6b06c2ed4,buy,0x0affa06e7fbe5bc9a764c979aa66e8256a631f02,0xe1900470f96d8ad1ef8c2b2561219534a64d88d91585aa2b160b6744d90c4c59
126,0.020833,0.0005,0x10c12555236fa11fc988be565ab70c82a4660ecf,2017-09-22T05:24:18.000Z,0.0240003840061441,0x0845ad270268891eb78c056035d6ecd6b06c2ed4,buy,0x0affa06e7fbe5bc9a764c979aa66e8256a631f02,0x6d1676a5f9505f61c49d822b3eb6a2e07c8c2366701ed63ef4a35bbc983198ef
127,0.020833,0.0005,0x8f28b1970e72adb11173044ebc762800e3128238,2017-09-22T05:10:54.000Z,0.0240003840061441,0x0845ad270268891eb78c056035d6ecd6b06c2ed4,buy,0x0affa06e7fbe5bc9a764c979aa66e8256a631f02,0x915edd62218854e483641c549f09f8402ce98b11e9380d450eb434dac6f3be7a
128,0.020833,0.0005,0x7ed2114439b24152cf18c02c10cae681a7ca2adc,2017-09-22T05:09:50.000Z,0.0240003840061441,0x0845ad270268891eb78c056035d6ecd6b06c2ed4,buy,0x0affa06e7fbe5bc9a764c979aa66e8256a631f02,0xbee4aa822f37dc80ffe7b67f9330813a326b5754531c4d6e2b4af8763b5e1039
129,0.020833,0.0005,0x03dd03643b71b06642179afb38211c0f45699bc5,2017-09-22T04:59:08.000Z,0.0240003840061441,0x0845ad270268891eb78c056035d6ecd6b06c2ed4,buy,0x0affa06e7fbe5bc9a764c979aa66e8256a631f02,0x72f4c9e1f8351eb2f59aefe60584daffa9bf551b4180904753b7281cd6d59e4d
130,2,0.0342,0x71b1f4f132b65e515062cb0237a9d795b930ff54,2017-09-19T07:42:21.000Z,0.0171,0x8d98df754376d1c199ec2741fa87eda4af7c6ee2,sell,0x0affa06e7fbe5bc9a764c979aa66e8256a631f02,0xdcfc29804ccd5217031d6e4b3bc5b344fba2f69213d501c3d8e0e942e28b7750
131,200,3.1042,0x7b6b2f3c88ce2ecedc01c545f13faf36034d772f,2017-09-19T07:39:14.000Z,0.015521,0x8d98df754376d1c199ec2741fa87eda4af7c6ee2,sell,0x0affa06e7fbe5bc9a764c979aa66e8256a631f02,0x130177eee10e8ff79d7cd9c860825b562e735147c634d76987b8749cce772317
132,35,0.595,0x4709568b8cfc7f0fb58759202acc368c75299ea1,2017-09-19T07:38:01.000Z,0.017,0x8d98df754376d1c199ec2741fa87eda4af7c6ee2,sell,0x0affa06e7fbe5bc9a764c979aa66e8256a631f02,0xb5d265e2236ade8f4aad4002029c26004efbf5ad502b557d2959012093b57759
133,80,1.36000008,0x7b6b2f3c88ce2ecedc01c545f13faf36034d772f,2017-09-19T07:35:57.000Z,0.017000001,0x8d98df754376d1c199ec2741fa87eda4af7c6ee2,sell,0x0affa06e7fbe5bc9a764c979aa66e8256a631f02,0x225062c033910a967964274fe193930f2368eccb9e0895cccafbd10c21c0bb22
134,50,0.8555,0x1fdf047bf7a114b37e7936d01e9cad754ad18803,2017-09-19T07:30:54.000Z,0.01711,0x8d98df754376d1c199ec2741fa87eda4af7c6ee2,sell,0x0affa06e7fbe5bc9a764c979aa66e8256a631f02,0xcabc0bc685b6517e749d52ecbb3583a497f35d341739ef9b94c06640472e10b1
135,100,1.552,0x0845ad270268891eb78c056035d6ecd6b06c2ed4,2017-09-19T07:19:46.000Z,0.01552,0x8d98df754376d1c199ec2741fa87eda4af7c6ee2,sell,0x0affa06e7fbe5bc9a764c979aa66e8256a631f02,0xf90b637504a66636ca66ada8585eef06a3ba60b2015fc0bb4d22ca4a872f806f
136,0.5,0.0122,0x35ca1f6ccca60fff19178af476ce18caa3a4a169,2017-09-18T20:50:20.000Z,0.0244,0x412c99460ad82ae8d2c57cb5502c652e917cb7c4,buy,0x0affa06e7fbe5bc9a764c979aa66e8256a631f02,0x0e4036647aa97da50c4ece7cdab924e3a43aad002fd8744840f78adabb2d8ecc
137,8.355965,0.141215816855965,0x7b6b2f3c88ce2ecedc01c545f13faf36034d772f,2017-09-18T12:58:54.000Z,0.016900001,0x80c581c56e12dbf334a791e636f324071a605d19,sell,0x0affa06e7fbe5bc9a764c979aa66e8256a631f02,0x5b69c25786b529c65b9a316796bdc9e37bae29b64fd2572b76e4e7d07ece66d7
138,100,1.68,0xb411233b3ad330ffca937670f23c5fb3e0449018,2017-09-18T09:48:12.000Z,0.0168,0x412c99460ad82ae8d2c57cb5502c652e917cb7c4,sell,0x0affa06e7fbe5bc9a764c979aa66e8256a631f02,0x9d4455bdac1434c082e2e1d70839252ef88293188741b0fd328f420e5716007f
139,0.000529,0.000008993529,0x1fdf047bf7a114b37e7936d01e9cad754ad18803,2017-09-16T21:21:32.000Z,0.017001,0xed35a97f2d8ecdcd865560dff4c97cc47d6f98fc,sell,0x0affa06e7fbe5bc9a764c979aa66e8256a631f02,0xb8ea65434aaa06472dffe6710f23f3e22c2f5427e4df0ca2216036e19484955e
140,5.303672,0.090167727672,0x1fdf047bf7a114b37e7936d01e9cad754ad18803,2017-09-16T21:19:27.000Z,0.017001,0xed35a97f2d8ecdcd865560dff4c97cc47d6f98fc,sell,0x0affa06e7fbe5bc9a764c979aa66e8256a631f02,0x8409e2f3672422b60744febb5343d8f3db3cf83522abafbe66b242eebaf1155f
141,0.019379,0.0005,0x42c24a83bded723edfdf5883bc7efb30bc1a1bf3,2017-09-16T17:46:33.000Z,0.025801124929046907,0xc515e22a48380575f25f33ed75f47366ce6c2e70,buy,0x0affa06e7fbe5bc9a764c979aa66e8256a631f02,0x07ff208ccdbf5f204bf79e35b3bebe614315e3995a5b5b3c4379a49cf1cf2d5d
142,0.019305,0.0005,0x0f657c396dfcd6c59bb82b89fc3adbe5f90ce153,2017-09-16T15:58:38.000Z,0.0259000259000259,0x4709568b8cfc7f0fb58759202acc368c75299ea1,buy,0x0affa06e7fbe5bc9a764c979aa66e8256a631f02,0x96e39e470b761a9e7956f055c4688cb9ffa7fd109e434097ae147af96ddb3b2f
143,0.019305,0.0005,0x1f8ac99600c61189d92c85cc760735b9e0067a60,2017-09-16T15:50:08.000Z,0.0259000259000259,0x4709568b8cfc7f0fb58759202acc368c75299ea1,buy,0x0affa06e7fbe5bc9a764c979aa66e8256a631f02,0x6d68755c8ff13fdccc7189e68444d80b70d218054c519ee2d70fd1c16db82d56
144,5,0.1295,0x105e0b0fd188235d89dac041f4ef3d2aee89ced3,2017-09-16T15:43:15.000Z,0.0259,0x4709568b8cfc7f0fb58759202acc368c75299ea1,buy,0x0affa06e7fbe5bc9a764c979aa66e8256a631f02,0xb72eafdca0abf5f36c6528faf46f3837e670a01fbb887e59deb24e2909a60d5e
145,19.187599,0.4969588258398963,0xaa8b0d15dfd78d8e8c7da5a22c04564b444f43a8,2017-09-16T15:38:04.000Z,0.025900000611848117,0x4709568b8cfc7f0fb58759202acc368c75299ea1,buy,0x0affa06e7fbe5bc9a764c979aa66e8256a631f02,0x972ad315f3a50aa22587ffb7390d40289de336956730d37ae85d5f8278122561
146,49.845479,0.8324194993,0xa0be78d2bac6a692adba423c7af50ec86a18bddf,2017-09-16T02:49:07.000Z,0.0167,0xb411233b3ad330ffca937670f23c5fb3e0449018,sell,0x0affa06e7fbe5bc9a764c979aa66e8256a631f02,0x9d6edc923a44012e1e5c77799bed1b6dd9a244bebf4e6b8b40dc4d6ad7b1d262
147,95.703319,1.580061892393319,0x7b6b2f3c88ce2ecedc01c545f13faf36034d772f,2017-09-15T22:15:17.000Z,0.016510001,0x6fd623ab0dff084df49975986ad8af7c306bf8b8,sell,0x0affa06e7fbe5bc9a764c979aa66e8256a631f02,0x722875d718840848dae701bc2aac2649907a8be6859369b53325e6c5585406ea
148,0.01805,0.0005,0x8b24d80c6dd6e1af5a000e03ca8f00886a05f6f5,2017-09-15T04:24:30.000Z,0.027700831024930747,0xa36a24233168cca326767224ad7e7006a5cb6bb7,buy,0x0affa06e7fbe5bc9a764c979aa66e8256a631f02,0x8c08a08b8cd6bb4d9ca0ff062c702830e4ce8690837db3bcc6dde5f1479c9815
149,50,1.385,0xb411233b3ad330ffca937670f23c5fb3e0449018,2017-09-15T01:40:59.000Z,0.0277,0xa36a24233168cca326767224ad7e7006a5cb6bb7,buy,0x0affa06e7fbe5bc9a764c979aa66e8256a631f02,0x72676b200bb81169112410fca1ed30461966d1b02fe8bb0d3b373ef4cb097d0b
150,38.622,0.849645378,0xc515e22a48380575f25f33ed75f47366ce6c2e70,2017-09-14T23:08:32.000Z,0.021999,0xa3d7dedda551204ccb03bd79aa87824cc453b8de,buy,0x0affa06e7fbe5bc9a764c979aa66e8256a631f02,0x04d94d8c1717a1287a075399484813b12a435d3b8be464fd8849e5116df8499b
151,8.828936,0.1933536984,0xc515e22a48380575f25f33ed75f47366ce6c2e70,2017-09-14T23:07:06.000Z,0.0219,0x1fdf047bf7a114b37e7936d01e9cad754ad18803,buy,0x0affa06e7fbe5bc9a764c979aa66e8256a631f02,0x9712b60d6ebcd0b874d1ec917f8c9079fe700c009936ac5a7bfda222c4232f06
152,96.967,2.1138806,0xc515e22a48380575f25f33ed75f47366ce6c2e70,2017-09-14T23:06:27.000Z,0.0218,0x0845ad270268891eb78c056035d6ecd6b06c2ed4,buy,0x0affa06e7fbe5bc9a764c979aa66e8256a631f02,0x8f4ff4fb20959ed4a75657249308fcd6d1107d699819a6fdb9b829f2f65d6cda
153,100.447612,1.558042909732,0x7b6b2f3c88ce2ecedc01c545f13faf36034d772f,2017-09-14T12:17:22.000Z,0.015511,0x1035b0fcba2fb9079a771b5be13adbd89bdbc69b,sell,0x0affa06e7fbe5bc9a764c979aa66e8256a631f02,0x52193205ab83c4d619fbba7b2e5191f4fbf7c77dd57b39f7227ecc6d8778a4af
154,1,0.0218,0xc3a0dba2ac58de472a068174610bf320499f291f,2017-09-14T05:38:47.000Z,0.0218,0x0845ad270268891eb78c056035d6ecd6b06c2ed4,buy,0x0affa06e7fbe5bc9a764c979aa66e8256a631f02,0x4f095fdffc38b2c1740d715018d79391278a06db66be80e574633e4b05f46153
155,17.472522,0.3651757185165985,0xc515e22a48380575f25f33ed75f47366ce6c2e70,2017-09-13T23:06:30.000Z,0.020900000498874666,0xf843c6ffd80855c09d640b0b54305258748f88c9,buy,0x0affa06e7fbe5bc9a764c979aa66e8256a631f02,0xb39e1149bc789cc6ac1648700a13489e1f2d1e88c99c66f1a88c3d0fb243f72d
156,14.953643,0.2302861022,0xcd89c7660d459bac3e9c89fc12000998a0dad5e9,2017-09-13T23:06:00.000Z,0.0154,0x6c5acdab7ba4abb0d2aec16269b72a7fb969398d,sell,0x0affa06e7fbe5bc9a764c979aa66e8256a631f02,0xd30af91ce40a93538e233395dcb96bd9511d1d8a446e45cf798bf44e43e3af48
157,9.95,0.20895,0xc515e22a48380575f25f33ed75f47366ce6c2e70,2017-09-13T22:44:11.000Z,0.021,0x1fdf047bf7a114b37e7936d01e9cad754ad18803,buy,0x0affa06e7fbe5bc9a764c979aa66e8256a631f02,0x5451723795fc2a373cfcad926e92727431be5f3be56f9a245ec9239233d9de25
158,70.731077,1.4782795214834015,0xc515e22a48380575f25f33ed75f47366ce6c2e70,2017-09-13T22:40:43.000Z,0.020900000172249626,0xf843c6ffd80855c09d640b0b54305258748f88c9,buy,0x0affa06e7fbe5bc9a764c979aa66e8256a631f02,0x48f066ac7619fde65e291bf9f91451184e2f8e6fd061b3cde086b8dd4aa272a5
159,40.605961,0.844604,0xc515e22a48380575f25f33ed75f47366ce6c2e70,2017-09-13T22:30:37.000Z,0.020800000275821573,0x72d56ae7f47f88f662878e5ef1ae4065982c3cb6,buy,0x0affa06e7fbe5bc9a764c979aa66e8256a631f02,0xa9b229e342a16e626521b75100fa6f66b63c0347fa626647e269398356275400
160,0.024038,0.0005,0x4c2fb430e95954bcfa54ce4741a9fc2ff6e415ad,2017-09-13T21:16:42.000Z,0.02080039936766786,0x72d56ae7f47f88f662878e5ef1ae4065982c3cb6,buy,0x0affa06e7fbe5bc9a764c979aa66e8256a631f02,0x5bce89d23608acf0dd888a3ab3bf854d7dcfb28e00ebcf7a1e2e743e1829fda6
161,1,0.0208,0xd6f29f2fb0a1dc783aeab42ce7ce9276f8e14a54,2017-09-13T02:28:40.000Z,0.0208,0x72d56ae7f47f88f662878e5ef1ae4065982c3cb6,buy,0x0affa06e7fbe5bc9a764c979aa66e8256a631f02,0xa1dfc7643a782d56da5497bfd05dbb1475c6b5d439494c0ba271f327fcdcd1ac
162,36.332,0.5595128,0xc515e22a48380575f25f33ed75f47366ce6c2e70,2017-09-13T00:33:16.000Z,0.0154,0x8a2aa47d6ea7cd71b6e9a63908a7a7642f60e9e0,buy,0x0affa06e7fbe5bc9a764c979aa66e8256a631f02,0xa9ef14c482175ab75c9c8e22f5505893a7f622f2b56eb9aa232ebaba305a4917
163,2.13888,0.032938752,0x0945c91d5ddc3cdfdf7fdd45ded0746d0f31296e,2017-09-12T22:05:05.000Z,0.0154,0xb75d3ea10ab3e39aaf17385c470e781452ec11c6,sell,0x0affa06e7fbe5bc9a764c979aa66e8256a631f02,0x6be805bca0025dd4a449c9de35f9d5ee7a250a58034d707ff2c9ab13e73fa659
164,3.987638,0.0614096252,0x0945c91d5ddc3cdfdf7fdd45ded0746d0f31296e,2017-09-12T17:50:40.000Z,0.0154,0x7f83ff169fa1980e10ecc584e0a47b5c0bd7af4b,sell,0x0affa06e7fbe5bc9a764c979aa66e8256a631f02,0xbb0bb5fb8eea1eaba5d45cecdd60da12d19a7d3ec5136142928122ae46fab121
165,0.002,0.0000308,0x0945c91d5ddc3cdfdf7fdd45ded0746d0f31296e,2017-09-12T10:42:38.000Z,0.0154,0xb08435d83f9199ec6a3e5fbfbcd8564536c128e1,sell,0x0affa06e7fbe5bc9a764c979aa66e8256a631f02,0x3b74d8df62b606d9b0c6775c9956856a8ac02057506d0d9d33f5eb7d05d07361
166,0.987436,0.015109745672,0x8107b4bebd1c6a0c69d71b85adb664e5e4a5674f,2017-09-11T19:37:43.000Z,0.015302,0x14af12c11fa2fc702add3a5f65143bc1158871e4,sell,0x0affa06e7fbe5bc9a764c979aa66e8256a631f02,0xeedacfc502813f476f92464b88d2fb17579b6157197922f3b154ca375207ce4c
167,0.05,0.00105,0x0024a5046fd95c5eee6db19a69ef7ed3bacd50f1,2017-09-11T19:35:20.000Z,0.021,0x1fdf047bf7a114b37e7936d01e9cad754ad18803,buy,0x0affa06e7fbe5bc9a764c979aa66e8256a631f02,0x76a0a8853e951962fee6f179975b20ab13caff06e319fc502d5bef2e46ae3f17
168,0.123616,0.0021756416,0x0945c91d5ddc3cdfdf7fdd45ded0746d0f31296e,2017-09-11T12:29:44.000Z,0.0176,0xf3cdbb60f534dbeb2c28a76406cf5158c0c8360d,sell,0x0affa06e7fbe5bc9a764c979aa66e8256a631f02,0x6f55faff1721251b8f9c0d8105e8b4c18b7353023a2667cc6a9b8fca6c2af1aa
169,9.803172,0.17263385892,0x1fdf047bf7a114b37e7936d01e9cad754ad18803,2017-09-11T06:50:34.000Z,0.01761,0x91031c224c8129dab371a5c50c179cec577b1132,sell,0x0affa06e7fbe5bc9a764c979aa66e8256a631f02,0x05e31743eb38ecf8daa3f7e1026c2c03c7f6c7d4eeefad1e592fddd7ffd189c1
170,0.166918,0.0027124175,0xb19adca5a2f9b56b1bc211c34088582701c210d0,2017-09-11T04:22:36.000Z,0.01625,0x91031c224c8129dab371a5c50c179cec577b1132,sell,0x0affa06e7fbe5bc9a764c979aa66e8256a631f02,0xad326e333afd78096d1b1cadcd819c39d2065f09990308c738516ed1e6682f11
171,0.002795,0.000049192,0x0945c91d5ddc3cdfdf7fdd45ded0746d0f31296e,2017-09-11T01:04:45.000Z,0.0176,0x58e3f13e428b166e7578e05183379425366b477c,sell,0x0affa06e7fbe5bc9a764c979aa66e8256a631f02,0x796e9681ed115cd23d89c4a3c246da3c9c6621a2c8f8ea6c705ccca94ef77d2f
172,28.031103,0.4933474128,0x0945c91d5ddc3cdfdf7fdd45ded0746d0f31296e,2017-09-11T01:03:43.000Z,0.0176,0x58e3f13e428b166e7578e05183379425366b477c,sell,0x0affa06e7fbe5bc9a764c979aa66e8256a631f02,0x6a201486a0d43bac47383d47c48729036f6bcccdba1d563c52a359542d227dc0
173,0.146246,0.002632428,0xec1e080dbf4da42f9dd127c895e654dd3e652422,2017-09-10T06:32:13.000Z,0.018,0x6d3d0dfa885186833d6cf04f7890aab7d3b43cd1,sell,0x0affa06e7fbe5bc9a764c979aa66e8256a631f02,0x1be227cb4e6d0c3d6534e39b7809c734e11e4ecb07f958ae2aaf4e8587b31a4f
174,1.1,0.0198,0xec1e080dbf4da42f9dd127c895e654dd3e652422,2017-09-10T06:08:34.000Z,0.018,0x6d3d0dfa885186833d6cf04f7890aab7d3b43cd1,sell,0x0affa06e7fbe5bc9a764c979aa66e8256a631f02,0x3ff340f703d75050e64c049e19b82416603511a3addcdbbd95e244ed739b712e
175,0.022935,0.0005,0x64b604630e055318093215b7ed41697ca4fb5de6,2017-09-10T04:07:39.000Z,0.021800741225201658,0x0845ad270268891eb78c056035d6ecd6b06c2ed4,buy,0x0affa06e7fbe5bc9a764c979aa66e8256a631f02,0x0f4fe69b7cdcd6e9cfb49b37ee208103f559ab8d2bae5464938c7966b0c7d128
176,9.969095,0.17944371,0xec1e080dbf4da42f9dd127c895e654dd3e652422,2017-09-10T03:23:22.000Z,0.018,0x803e560c6a6c848d74ad364242aa52107b985db6,sell,0x0affa06e7fbe5bc9a764c979aa66e8256a631f02,0x7c622df049763a0f42d8b7b120c4ce20850d53d3377813341a67e3d12debafd8
177,2,0.0436,0x18571042a57d59a203cc92800c67a1a726b577de,2017-09-09T23:20:33.000Z,0.0218,0x0845ad270268891eb78c056035d6ecd6b06c2ed4,buy,0x0affa06e7fbe5bc9a764c979aa66e8256a631f02,0x5f403ddc574e18ee8393d5d906a20fd62fa3cdb0bed4c0019de0639aae7525d4
178,6.978367,0.1067697129367,0xf91de74033fde729d98b98546fb3692a8596d3c9,2017-09-09T08:26:44.000Z,0.0153001,0xe95d69be9424131cc656402996b51c4d153d7726,sell,0x0affa06e7fbe5bc9a764c979aa66e8256a631f02,0xe1ab68beafde6839e84852cb54e762dde75b00924aa1120260ae4d2b515792c9
179,0.002787,0.0000490512,0x0945c91d5ddc3cdfdf7fdd45ded0746d0f31296e,2017-09-08T20:41:35.000Z,0.0176,0x0a3b51150a7376771efd85e61d4fba0a2fe8125d,sell,0x0affa06e7fbe5bc9a764c979aa66e8256a631f02,0xb861cebb989a60e64148ca657c4a04415267bdb3261efdbbaab82dc6b6859d23
180,27.951244,0.4919418944,0x0945c91d5ddc3cdfdf7fdd45ded0746d0f31296e,2017-09-08T20:29:57.000Z,0.0176,0x0a3b51150a7376771efd85e61d4fba0a2fe8125d,sell,0x0affa06e7fbe5bc9a764c979aa66e8256a631f02,0xb85b9c86c209a542322f1ec43523fbb5cd07aba4359406a8a14fb1b9838ed782
181,35.369,0.62390916,0x6fd387b863ef1b46cb34a47853129112f38a8e69,2017-09-08T20:03:59.000Z,0.01764,0x0a3b51150a7376771efd85e61d4fba0a2fe8125d,sell,0x0affa06e7fbe5bc9a764c979aa66e8256a631f02,0x4dfde908314f492c478bfb1100e2b01a01225131793e2f4a2dbdab61d2ecc31f
182,0.121219,0.0014667499,0x7b6b2f3c88ce2ecedc01c545f13faf36034d772f,2017-09-08T19:21:52.000Z,0.0121,0x567f309a4a44d789be836f038c281399ac086f2c,sell,0x0affa06e7fbe5bc9a764c979aa66e8256a631f02,0xa2616a92a583e4445549e50b0791a22dbf38b393055ad2192bc5756b82a7c552
183,44.026322,0.7748632672,0x0945c91d5ddc3cdfdf7fdd45ded0746d0f31296e,2017-09-08T10:39:01.000Z,0.0176,0x8dbdbb1daa5ee7a45dcc5e23d4aadacf7db9bc2e,sell,0x0affa06e7fbe5bc9a764c979aa66e8256a631f02,0xf19b3ca853966f6328c20be7c6e5443fe0d8d934cf3ea1a6f6fe28adf3904fae
184,4.630564,0.08168314896,0x6fd387b863ef1b46cb34a47853129112f38a8e69,2017-09-07T22:12:27.000Z,0.01764,0x53203e9cdda0122e31966e52ad5ceba3c828e9af,sell,0x0affa06e7fbe5bc9a764c979aa66e8256a631f02,0x46dcd85f47fa35358d6367ee84066490b400b8a46ef3fd97f36c6d048bd92be8
185,71.855,1.3005755,0xbe7c82e758e416796e3fa6295651b0f5fcf804c1,2017-09-07T22:09:15.000Z,0.0181,0x53203e9cdda0122e31966e52ad5ceba3c828e9af,sell,0x0affa06e7fbe5bc9a764c979aa66e8256a631f02,0x062625b3a93fe8998cdd34f3ee3a7c80a0f45abddb944cf29bc84b4ad99357e5
186,23.172,0.4194132023172,0x0845ad270268891eb78c056035d6ecd6b06c2ed4,2017-09-07T22:09:15.000Z,0.0181000001,0x53203e9cdda0122e31966e52ad5ceba3c828e9af,sell,0x0affa06e7fbe5bc9a764c979aa66e8256a631f02,0x4f869bffd843a92a933200b7aeebc7bdbb3f30873cb3243fec6b7bfb1a23e1a1
187,49.981952,0.9046733361981952,0x0845ad270268891eb78c056035d6ecd6b06c2ed4,2017-09-07T11:55:56.000Z,0.0181000001,0xb0225383ef79f2b0cc3f33eb613338cd1258371e,sell,0x0affa06e7fbe5bc9a764c979aa66e8256a631f02,0x2c40f7bb8eb176378537270fc0136724c6adc22dc23d9d83fd0cfbd0c468db3b
188,0.421505,0.0076292405421505,0x0845ad270268891eb78c056035d6ecd6b06c2ed4,2017-09-07T09:59:17.000Z,0.0181000001,0xb47d01d50bab56c217d0ea340be484f472a36773,sell,0x0affa06e7fbe5bc9a764c979aa66e8256a631f02,0x053e7e28fc6ab12a9b09f61a090584772e95fa11e6508489bc467f420385aa58
189,9.49193,0.171803933949193,0x0845ad270268891eb78c056035d6ecd6b06c2ed4,2017-09-07T09:34:27.000Z,0.0181000001,0x5d64b6b3280fa503a01ca57d5279ac1841323dd2,sell,0x0affa06e7fbe5bc9a764c979aa66e8256a631f02,0xf7090be780c23682340eff9021ca40e6a1aeed28115468921589d3707273c3c1
190,0.046,0.0010074,0xf81ab81ca1a6a19cc7b69b2c7876ff6543060598,2017-09-07T08:10:52.000Z,0.0219,0x1fdf047bf7a114b37e7936d01e9cad754ad18803,buy,0x0affa06e7fbe5bc9a764c979aa66e8256a631f02,0x0ad0387c7aa591078c6ca78bc582984ec967da259724287c0bf9cea826d4a29c
191,30,0.6,0x4af90672fb144954925d6d38961630ec3e364f9e,2017-09-07T00:06:49.000Z,0.02,0x7b4bfa0c6c5728486e7495c01b76fd92cbff2527,buy,0x0affa06e7fbe5bc9a764c979aa66e8256a631f02,0x646f1f8c56b394752b3029739bfd8fb86b6322a2b5df39c39318d134ce012466
192,15.935599,0.2884343434935599,0x0845ad270268891eb78c056035d6ecd6b06c2ed4,2017-09-06T19:04:57.000Z,0.0181000001,0x567f309a4a44d789be836f038c281399ac086f2c,sell,0x0affa06e7fbe5bc9a764c979aa66e8256a631f02,0x6bd9e2bf3dbf3156f5bef39d11ec82d64a8557ba0dd3a5935a493ca7c2cd0959
193,0.996909,0.0180440529996909,0x0845ad270268891eb78c056035d6ecd6b06c2ed4,2017-09-06T18:24:35.000Z,0.0181000001,0x7b4bfa0c6c5728486e7495c01b76fd92cbff2527,sell,0x0affa06e7fbe5bc9a764c979aa66e8256a631f02,0x2d06b25ed5d0374926767c9ac1d317f69fe540158c090a4223b920a404a1d92f
194,28.144751,0.5094199931,0xbe7c82e758e416796e3fa6295651b0f5fcf804c1,2017-09-06T08:27:26.000Z,0.0181,0x7d1ce470c95dbf3df8a3e87dcec63c98e567d481,sell,0x0affa06e7fbe5bc9a764c979aa66e8256a631f02,0x1fa2e363efa7cea1daec72ed8fc844052474b45600e53b2348651b295a0353d4
195,2.114,0.04228,0x5dbcc1933a8f9bd16d269816737121eebd837a86,2017-09-06T03:48:12.000Z,0.02,0xaeeafaed3d01b4e40d514db7df26c4603f2b3790,buy,0x0affa06e7fbe5bc9a764c979aa66e8256a631f02,0xc8df13e5b56bff3853d3c34f639cb760f86375064927213804c5d9cf53c69b72
196,71.468953,1.250849615406,0xbdf2937c8f736d3855b77214a07724120d9b4c5b,2017-09-05T18:29:04.000Z,0.017502,0x7cbc4e0d168744912c5afc081499145bbdc51e69,sell,0x0affa06e7fbe5bc9a764c979aa66e8256a631f02,0x79f73f55b8b0c0af2fb1120d88686e8d07c2c83a717cd0e9be4cef2325f59563
197,57.467849,1.005802293198,0xbdf2937c8f736d3855b77214a07724120d9b4c5b,2017-09-05T17:13:14.000Z,0.017502,0x2ebf252329253291e9ece3e6c1208dd247ae355f,sell,0x0affa06e7fbe5bc9a764c979aa66e8256a631f02,0xc23e77c5bad8f416588996bef0f6dc177b2d760d41e4667be035c55f63e7401f
198,24.922739,0.436172855239,0xbdf2937c8f736d3855b77214a07724120d9b4c5b,2017-09-05T16:09:30.000Z,0.017501,0x55ee94ade7c2306e3c1d2260ce6a86a58c481d42,sell,0x0affa06e7fbe5bc9a764c979aa66e8256a631f02,0x61e70531951bf391e2891eb5317f588a8736066e267f9d9994716063f810f6cd
199,0.807355,0.01308803351971,0x5d64b6b3280fa503a01ca57d5279ac1841323dd2,2017-09-05T11:20:07.000Z,0.016211002,0xf9377802421bf61a74b5cedce9beb3df78b46383,sell,0x0affa06e7fbe5bc9a764c979aa66e8256a631f02,0x1ce6e44969ea5a9b9f4d14d88584519d8a655331df08d5042fc758d56769afaa
200,80.059821,1.29785055882921,0xf91de74033fde729d98b98546fb3692a8596d3c9,2017-09-05T11:17:48.000Z,0.01621101,0xf9377802421bf61a74b5cedce9beb3df78b46383,sell,0x0affa06e7fbe5bc9a764c979aa66e8256a631f02,0xcf9eca2f5ec96d1d465d9c29fc746ca440583c4aa1aac1b6818d43518659a9c7
201,8.714,0.141262671428,0x5d64b6b3280fa503a01ca57d5279ac1841323dd2,2017-09-05T11:17:48.000Z,0.016211002,0xf9377802421bf61a74b5cedce9beb3df78b46383,sell,0x0affa06e7fbe5bc9a764c979aa66e8256a631f02,0xd118d812374e0628cf4fba29783f1d5ad8b51774f3465a7e832e696d89591d7c
202,0.001988,0.00003222748788,0xf91de74033fde729d98b98546fb3692a8596d3c9,2017-09-05T07:23:12.000Z,0.01621101,0x554a23fc3f95e6e0022eb58b124ca04abd7d8c0b,sell,0x0affa06e7fbe5bc9a764c979aa66e8256a631f02,0x854e3d504f18ab8615286f8b6480216fb78b6914cf4a0ba95c4f657e6e595506
203,19.938191,0.32321821368291,0xf91de74033fde729d98b98546fb3692a8596d3c9,2017-09-05T07:19:12.000Z,0.01621101,0x554a23fc3f95e6e0022eb58b124ca04abd7d8c0b,sell,0x0affa06e7fbe5bc9a764c979aa66e8256a631f02,0xeae53e419a9fa93cd56b2ce0fd3eaca92567534878991723f0413a946db274af
204,158.5,3.0115,0xbdf2937c8f736d3855b77214a07724120d9b4c5b,2017-09-04T12:17:36.000Z,0.019,0xaae5c13b150c14c98148df5c9a39dd7c46841201,buy,0x0affa06e7fbe5bc9a764c979aa66e8256a631f02,0x219ad86587b6c3740dab8c35d175eed7020c9a0e25a4380c51f4849d0e01ace1
205,59.362,1.127878,0xaae5c13b150c14c98148df5c9a39dd7c46841201,2017-09-04T09:17:03.000Z,0.019,0xbdf2937c8f736d3855b77214a07724120d9b4c5b,sell,0x0affa06e7fbe5bc9a764c979aa66e8256a631f02,0xde91bcd06fd3be16405e00ed81c0124b2eab3adcfa56230d1db3958fe202cf73
206,19.927704,0.378626376,0xaae5c13b150c14c98148df5c9a39dd7c46841201,2017-09-04T05:57:50.000Z,0.019,0x04ac8b482234efb033eb96610439f7c5928ce9cd,sell,0x0affa06e7fbe5bc9a764c979aa66e8256a631f02,0xa4c7ddb36bbaa3e28b9d29e7655669de041703b872b4223f0cda3181c01397cc
207,19.927704,0.378626376,0xaae5c13b150c14c98148df5c9a39dd7c46841201,2017-09-04T05:57:28.000Z,0.019,0x04ac8b482234efb033eb96610439f7c5928ce9cd,sell,0x0affa06e7fbe5bc9a764c979aa66e8256a631f02,0xa4c7ddb36bbaa3e28b9d29e7655669de041703b872b4223f0cda3181c01397cc
208,276.525231,4.4831376550644,0xbdf2937c8f736d3855b77214a07724120d9b4c5b,2017-09-04T02:51:45.000Z,0.0162124,0xf91de74033fde729d98b98546fb3692a8596d3c9,sell,0x0affa06e7fbe5bc9a764c979aa66e8256a631f02,0xfbff9ee359bcd0de441edd5a92da4968496c1edc2b482ad5917780273242def3
209,10.223,0.2044589777,0x9b56f0341da0139be0d337a664dc78b7a57c482b,2017-09-03T16:33:04.000Z,0.0199999,0x423700a1df5c8c3b9f1e20d7e93ed14f917c6eb0,buy,0x0affa06e7fbe5bc9a764c979aa66e8256a631f02,0x0257b4df7bb902957a2b772cd9870099d36294be8d87e9964ddbc0371b0f31ea
210,0.01,0.000235,0xcc8f72d19e9af2a071421c076e4ae1ecf893d0fe,2017-09-03T09:13:20.000Z,0.0235,0xfcdb6997561f2af72c0cbcc27cdb4b59d8d4a871,buy,0x0affa06e7fbe5bc9a764c979aa66e8256a631f02,0x9aebae88b2dcc22034e3086f8c93424655ec6efccb154ee80ec08ffdf97ea6b5
211,0.02,0.0004,0x09d425d76af4b59d3e03e0de4e8368539153fc69,2017-09-03T09:07:48.000Z,0.02,0x1fdf047bf7a114b37e7936d01e9cad754ad18803,buy,0x0affa06e7fbe5bc9a764c979aa66e8256a631f02,0xe468eb7cc260891c761b7ab3f69609e28990aff88696cad57133c8d98592c275
212,0.0162,1.053,0xbe7c82e758e416796e3fa6295651b0f5fcf804c1,2017-09-03T09:06:45.000Z,65,0x39dc3f7adc8cad2b03c831c7771a25d4fb99021e,sell,0x0affa06e7fbe5bc9a764c979aa66e8256a631f02,0xed933aec95f1ac69b74dfd459d964f260c4dee2a007be5bc169bd705c44b6d93
213,0.016248,0.00032496,0x39dc3f7adc8cad2b03c831c7771a25d4fb99021e,2017-09-03T09:06:45.000Z,0.02,0x1fdf047bf7a114b37e7936d01e9cad754ad18803,buy,0x0affa06e7fbe5bc9a764c979aa66e8256a631f02,0xed933aec95f1ac69b74dfd459d964f260c4dee2a007be5bc169bd705c44b6d93
214,15.761983,0.3010538753,0x71cea16bfbf0e1908e1461c2636d329ecdb44abd,2017-09-03T08:53:29.000Z,0.0191,0x423700a1df5c8c3b9f1e20d7e93ed14f917c6eb0,buy,0x0affa06e7fbe5bc9a764c979aa66e8256a631f02,0x0f2abba0f77c91a0e087633e467e86f827e0758fb8a62e629cbcfe0ade154555
215,46.85475,0.75904695,0xbe7c82e758e416796e3fa6295651b0f5fcf804c1,2017-09-03T08:40:40.000Z,0.0162,0x6aff1466c2623675e3cb0e75e423d37a25e442eb,sell,0x0affa06e7fbe5bc9a764c979aa66e8256a631f02,0x32a442f628e1411a8b1cbdade051098c81b0dc7a27bdbac338a5158bb5ab9879
216,1.25,0.025,0x6d3d0dfa885186833d6cf04f7890aab7d3b43cd1,2017-09-03T00:04:19.000Z,0.02,0x1fdf047bf7a114b37e7936d01e9cad754ad18803,buy,0x0affa06e7fbe5bc9a764c979aa66e8256a631f02,0xb8adc5f0d93fef629c08ee2188b80efbc91938e6bc5edaedfadd10ae59e43e76
217,5.320114,0.08310018068,0xece5dd8b1ee75e0b7cfc1a1ff5f9dde43d99535f,2017-09-02T22:50:25.000Z,0.01562,0x708c0f5a287ec8f8207e741024da27740ecd7119,sell,0x0affa06e7fbe5bc9a764c979aa66e8256a631f02,0x74673fbc9268d40279f0d8efcada1ba4949e784437de3ee616109d7a8ae8070c
218,10.358012,0.1615849872,0x1fdf047bf7a114b37e7936d01e9cad754ad18803,2017-09-02T14:23:16.000Z,0.0156,0xb9cc7607a079e4abad63924b875b1c54fc5bb3c6,sell,0x0affa06e7fbe5bc9a764c979aa66e8256a631f02,0x9355bcc7eb9d974ed52246fe5bcc627c74a0eb81052a3c5a3ff58b951a1caa83
219,2.026,0.03142326,0xece5dd8b1ee75e0b7cfc1a1ff5f9dde43d99535f,2017-09-02T12:58:02.000Z,0.01551,0xb9cc7607a079e4abad63924b875b1c54fc5bb3c6,sell,0x0affa06e7fbe5bc9a764c979aa66e8256a631f02,0xfeac16f9457165a8784a856d6731a6129119f1fefb41e8aea1260b2e30d1dd04
220,59.814574,0.92713247660314,0xf91de74033fde729d98b98546fb3692a8596d3c9,2017-09-02T12:34:02.000Z,0.01550011,0x6d91f54040d517e2da18aff74f1a6ecd087b839d,sell,0x0affa06e7fbe5bc9a764c979aa66e8256a631f02,0x60739470b97a91f52673ddb44e75f5c0670a2b3210690b2681cb861deec808cb
221,10.851,0.21702,0xf3ea34143e50432f9874f5d60dea146d3d38f307,2017-09-02T07:16:43.000Z,0.02,0x03c10bed3055db5566062f752042a085dbe355a2,buy,0x0affa06e7fbe5bc9a764c979aa66e8256a631f02,0x75c52698f86fe514330564e18da4e8771a7dffb16fc67212a9142aee83464518
222,7.07,0.140693,0xf3ea34143e50432f9874f5d60dea146d3d38f307,2017-09-02T07:11:27.000Z,0.0199,0xece5dd8b1ee75e0b7cfc1a1ff5f9dde43d99535f,buy,0x0affa06e7fbe5bc9a764c979aa66e8256a631f02,0x8d7222a24d11a0d70e44fda7ef98d169f7718f6bfbef79fa67404768b46249b8
223,82.185558,1.2738843675558,0xf91de74033fde729d98b98546fb3692a8596d3c9,2017-09-02T03:19:56.000Z,0.0155001,0xf91de74033fde729d98b98546fb3692a8596d3c9,sell,0x0affa06e7fbe5bc9a764c979aa66e8256a631f02,0xc3bcf7b61404cd77955b24d03cfdca08498bafb37ba96c84fb619cb129db9699
224,0.93,0.018507,0x9c1b289210263135a61022624bd0d525d5befa12,2017-09-01T23:20:34.000Z,0.0199,0xece5dd8b1ee75e0b7cfc1a1ff5f9dde43d99535f,buy,0x0affa06e7fbe5bc9a764c979aa66e8256a631f02,0x69b68f61b51995df6221d2df5d69e57e8b9e657bdea7f8773152b534b91adc73
225,162.796997,2.5233697331997,0xf91de74033fde729d98b98546fb3692a8596d3c9,2017-09-01T22:39:22.000Z,0.0155001,0xc4c3c7bf835ec2b4d1bd8e80135b146cbd124ea7,sell,0x0affa06e7fbe5bc9a764c979aa66e8256a631f02,0x823eaa4687ada147a4e60061208c4bc50187bf24613c2ae2398a57e4268c6cce
226,3.443993,0.05341633143,0xece5dd8b1ee75e0b7cfc1a1ff5f9dde43d99535f,2017-09-01T17:40:50.000Z,0.01551,0x0edb217a0ac04c70d4af33d37edabeba3e777240,sell,0x0affa06e7fbe5bc9a764c979aa66e8256a631f02,0x919109b1a23768031f833ef82f09e76377be0c4f161d40df735edf2b5abd3604
227,55.017445,0.8527758992445,0xf91de74033fde729d98b98546fb3692a8596d3c9,2017-09-01T15:21:19.000Z,0.0155001,0x837deb64317a4bed60b59a47b041312e65f1f4c6,sell,0x0affa06e7fbe5bc9a764c979aa66e8256a631f02,0x47eddf420bc92c56c1063fbb646188d095af8c5352f042e221ab5a6c9bd80352
228,4.529558,0.07025344458,0xece5dd8b1ee75e0b7cfc1a1ff5f9dde43d99535f,2017-09-01T03:50:44.000Z,0.01551,0xb3025d70cb1ffc9866bcbda4a55d5e5bf3c28bb8,sell,0x0affa06e7fbe5bc9a764c979aa66e8256a631f02,0x567c5df543229986dcf89a51398811dd23d560e2c5ee68652e35d0a5b2e67112
229,2.990728,0.0448612190728,0x1019a5495ad9b529ed29f848c8d0334dc5b95b5b,2017-08-31T11:32:24.000Z,0.0150001,0x12f5730ab7cf4e83f091f5fb540431c7771944c1,sell,0x0affa06e7fbe5bc9a764c979aa66e8256a631f02,0x4bc4cc0cf5c273f27bbf6ebc987885149e619ee9955d90aca6462063f6e3c381
230,100.7,1.21847,0x7b6b2f3c88ce2ecedc01c545f13faf36034d772f,2017-08-30T23:02:16.000Z,0.0121,0xe7b311a2d733c9ca7f517054920bb2ab9874968b,sell,0x0affa06e7fbe5bc9a764c979aa66e8256a631f02,0xc696ae99d0652cd45e4f01f1d64e599868e0132945dbd6c4df3db7b3d4a6ee44
231,5,0.075,0xf549e70a0c53696dba413770fbd8d05497944ac4,2017-08-30T16:16:16.000Z,0.015,0xd21b7c13aadfe6b4923c0b7b165820a888447dd9,sell,0x0affa06e7fbe5bc9a764c979aa66e8256a631f02,0x4fe631a83e4a4fcb581295eb72b527cbda68482e7bd66c8f6b3965318e320715
232,5.105872,0.097011568,0xb0a75bbac1f11552a24adc81f16f291148ea0153,2017-08-30T16:12:23.000Z,0.019,0xd21b7c13aadfe6b4923c0b7b165820a888447dd9,sell,0x0affa06e7fbe5bc9a764c979aa66e8256a631f02,0x7b8ff49a5f3940d34761c574c36bd5fdac5200250eef7fcadc299be5ccc834d3
233,9.4,0.21714,0x3e38451c215f8b8210160af7f63e374b7489d297,2017-08-30T16:02:29.000Z,0.0231,0xb3025d70cb1ffc9866bcbda4a55d5e5bf3c28bb8,buy,0x0affa06e7fbe5bc9a764c979aa66e8256a631f02,0x85f44dc0cc30884df13f99795a0c2fedfa93c20771912e6a9dca605193d413b1
234,0.005,0.000116,0x98f0deb428b74fb5302d250af5d55e77c8519f2a,2017-08-30T13:40:15.000Z,0.0232,0xb3025d70cb1ffc9866bcbda4a55d5e5bf3c28bb8,buy,0x0affa06e7fbe5bc9a764c979aa66e8256a631f02,0x1af9fb90bdf704937dab262866cf499d076fa364f27b49b95d0329fb9cce1313
235,22.807586,0.433344134,0xb292346fbc8d23ef7fd0e45b51298b50d2dc2507,2017-08-30T07:03:48.000Z,0.019,0xc4c3c7bf835ec2b4d1bd8e80135b146cbd124ea7,sell,0x0affa06e7fbe5bc9a764c979aa66e8256a631f02,0x5a3e822bec07cdf5bd588a2f8b97c5c9c29e4f44b72bad924ed603cb7b3439ea
236,16,0.2976,0x11fd3ad7d5b90cdb0fa490327969c9b0daa0e59f,2017-08-30T06:57:50.000Z,0.0186,0xc4c3c7bf835ec2b4d1bd8e80135b146cbd124ea7,sell,0x0affa06e7fbe5bc9a764c979aa66e8256a631f02,0xbe6445ce828fe3883489bcd08a0b08bfed0529e2b2a5d11fe83f763e48f0b828
237,58,0.999569158,0xdb53b233d89d5d4849bc48e00a79a42192ce090c,2017-08-30T06:57:50.000Z,0.017233951,0xc4c3c7bf835ec2b4d1bd8e80135b146cbd124ea7,sell,0x0affa06e7fbe5bc9a764c979aa66e8256a631f02,0x145718a827f1705ee80f831647c7a459d3d144264cb7874cac36c6cbf9e4a9c9
238,16,0.298,0x11fd3ad7d5b90cdb0fa490327969c9b0daa0e59f,2017-08-30T06:57:06.000Z,0.018625,0xc4c3c7bf835ec2b4d1bd8e80135b146cbd124ea7,sell,0x0affa06e7fbe5bc9a764c979aa66e8256a631f02,0x18407153044544fa075a6daa34a79105f3244966561c68384fcb80703fb5c0fb
239,60,1.14,0xb292346fbc8d23ef7fd0e45b51298b50d2dc2507,2017-08-30T06:56:55.000Z,0.019,0xc4c3c7bf835ec2b4d1bd8e80135b146cbd124ea7,sell,0x0affa06e7fbe5bc9a764c979aa66e8256a631f02,0xe14cc9bbf127d084c8d6baf8607328f4c99e8e3fe93be720846a44ce08603eeb
240,16,0.304,0xb292346fbc8d23ef7fd0e45b51298b50d2dc2507,2017-08-30T06:56:55.000Z,0.019,0xc4c3c7bf835ec2b4d1bd8e80135b146cbd124ea7,sell,0x0affa06e7fbe5bc9a764c979aa66e8256a631f02,0xd6e92e868f4ef5c503179f5902339cbf277b0df4fdb63f1612b532c8aecf9272
241,74.5,1.4155,0xb292346fbc8d23ef7fd0e45b51298b50d2dc2507,2017-08-30T06:56:02.000Z,0.019,0xc4c3c7bf835ec2b4d1bd8e80135b146cbd124ea7,sell,0x0affa06e7fbe5bc9a764c979aa66e8256a631f02,0xddea445b3bd4cca0b2ad207ba55e562bb05cb7d89e30ab9f83cfd5137f9f8dde
242,74.377691,1.413176129,0xb292346fbc8d23ef7fd0e45b51298b50d2dc2507,2017-08-30T06:55:51.000Z,0.019,0xc4c3c7bf835ec2b4d1bd8e80135b146cbd124ea7,sell,0x0affa06e7fbe5bc9a764c979aa66e8256a631f02,0xdc30098f9907dbf967b382773dbf4d07f4268274a362272941fc57c156a8ab42
243,0.122309,0.002323871,0xb292346fbc8d23ef7fd0e45b51298b50d2dc2507,2017-08-30T06:13:35.000Z,0.019,0x8e5d6e1292f3c07ad35fd2e8848f007c7cb1d1ff,sell,0x0affa06e7fbe5bc9a764c979aa66e8256a631f02,0xc10cf1e075cdbdc4618c019c45b9bc5481ff9ddd69da83bd91b013a9bd502f31
244,0.602151,0.01619787471994499,0x3e38451c215f8b8210160af7f63e374b7489d297,2017-08-29T23:52:43.000Z,0.02690002129024944,0xd7f7f6409bb576c38d8bbfef95d4359f788a7c08,buy,0x0affa06e7fbe5bc9a764c979aa66e8256a631f02,0xf55baecee8d30d7e60f03799dab391338c1d10fcfd76a993ef3dc9c45630809c
245,40,1.07596,0xb292346fbc8d23ef7fd0e45b51298b50d2dc2507,2017-08-29T19:58:06.000Z,0.026899,0x8e5d6e1292f3c07ad35fd2e8848f007c7cb1d1ff,buy,0x0affa06e7fbe5bc9a764c979aa66e8256a631f02,0xa6fe0290cd04ee3c2cce784cb84837ceedb196ab6a284fddedd7d6d1efa18236
246,1.894128,0.035988432,0xb0a75bbac1f11552a24adc81f16f291148ea0153,2017-08-29T18:19:23.000Z,0.019,0x37994e3382f3bb99c79dde0cb58e6e0a6382a9b7,sell,0x0affa06e7fbe5bc9a764c979aa66e8256a631f02,0x4e17b5700dd7481db489049639b46cf870a1dddddfc9f992a6d34d993b1bc184
247,10,0.2,0x72d56ae7f47f88f662878e5ef1ae4065982c3cb6,2017-08-29T14:59:24.000Z,0.02,0x423700a1df5c8c3b9f1e20d7e93ed14f917c6eb0,sell,0x0affa06e7fbe5bc9a764c979aa66e8256a631f02,0xd1e369cf8c1d46fbf7defd1da2e74ea8abf9a7d428ccf9dd06c649cf14431075
248,9.382,0.197022,0x72d56ae7f47f88f662878e5ef1ae4065982c3cb6,2017-08-28T16:16:55.000Z,0.021,0x693cdee8306b0253d2fdf3eaf501f86b345e83d0,sell,0x0affa06e7fbe5bc9a764c979aa66e8256a631f02,0x9129cc476145ebeff8c5fe5e2f26d3fc9d81984fdca1e0678e0f0ba562613df6
249,0.000561,0.000011781,0x72d56ae7f47f88f662878e5ef1ae4065982c3cb6,2017-08-28T14:35:50.000Z,0.021,0xccd95cac9385d2fc00e96189c0f2eb2d909a94fc,sell,0x0affa06e7fbe5bc9a764c979aa66e8256a631f02,0x80d663ccef73600b0df6ce24fa35d4cee6f53c5b6fb537c74036c8708f7f9641
250,5.617186,0.117960906,0x72d56ae7f47f88f662878e5ef1ae4065982c3cb6,2017-08-28T14:29:57.000Z,0.021,0xccd95cac9385d2fc00e96189c0f2eb2d909a94fc,sell,0x0affa06e7fbe5bc9a764c979aa66e8256a631f02,0x9f64a69da730f36fddfef58378cf7e0fa4c66d169fb6571292ab096f6a9ead2a
251,3.275435,0.068784135,0x72d56ae7f47f88f662878e5ef1ae4065982c3cb6,2017-08-28T11:21:50.000Z,0.021,0x45ff5a92fbe93f5655126128dfff91e3b69657fa,sell,0x0affa06e7fbe5bc9a764c979aa66e8256a631f02,0x654ee915d21ced9030eedda769013ac71e94cf8e5db0aea8fd0c86d2a32187f6
252,3.439258,0.0619063000742,0x71cea16bfbf0e1908e1461c2636d329ecdb44abd,2017-08-28T02:36:39.000Z,0.0179999,0x99fa30a931d1a35a33af9aeb413799c91158f3d0,sell,0x0affa06e7fbe5bc9a764c979aa66e8256a631f02,0x56fb9bd2d6fc8909e277b276ecbb1f9ff199c9ec1cad500f134d3e3d0251ce48
253,133.047,3.0999951,0x205c27ba7c660abd6c05c8fcdc33214c3425cbfc,2017-08-27T22:14:52.000Z,0.0233,0x5d6ccdef685023e074b72898b49df8a9754ab473,buy,0x0affa06e7fbe5bc9a764c979aa66e8256a631f02,0x19e1cebc97942c651a850ea2bb57473c6c2e8744120f385070122473c5d76450
254,25,0.55,0x205c27ba7c660abd6c05c8fcdc33214c3425cbfc,2017-08-27T22:07:14.000Z,0.022,0x1fdf047bf7a114b37e7936d01e9cad754ad18803,buy,0x0affa06e7fbe5bc9a764c979aa66e8256a631f02,0xf5f4d1602cc5385798409ac5503ea1fa4373d7438f46cc1a4455fb8c9e7ce391
255,63,1.35765,0x205c27ba7c660abd6c05c8fcdc33214c3425cbfc,2017-08-27T22:04:14.000Z,0.02155,0x0bbbedfbc145ec0618e9d3f6e29f37707648d70f,buy,0x0affa06e7fbe5bc9a764c979aa66e8256a631f02,0xd2616e497a168ae14f89df8999fec010f05b65668428105976cb748967a81bbf
256,2.3,0.0506,0x4af90672fb144954925d6d38961630ec3e364f9e,2017-08-27T10:08:23.000Z,0.022,0xa0be78d2bac6a692adba423c7af50ec86a18bddf,buy,0x0affa06e7fbe5bc9a764c979aa66e8256a631f02,0x286a977ed7f13a35fc5fa054f0a3c36ea525065b7d20bb3e792053cba47226d6
257,1,0.0179999,0x71b1f4f132b65e515062cb0237a9d795b930ff54,2017-08-27T00:33:03.000Z,0.0179999,0xb47d01d50bab56c217d0ea340be484f472a36773,sell,0x0affa06e7fbe5bc9a764c979aa66e8256a631f02,0x7ac2b86c8aff99e5327238d62c822abbaab6b180e3dc6a09a71237b3ee713348
258,13.36,0.240478664,0x72d56ae7f47f88f662878e5ef1ae4065982c3cb6,2017-08-26T20:10:20.000Z,0.0179999,0x48ae7ea7038973e4dd8316cb37ffd01a8b3b9828,buy,0x0affa06e7fbe5bc9a764c979aa66e8256a631f02,0xad6d41ba6bd148e0a50773fc1000c2222cf35566584827996b26f400f32c4c2b
259,23.141262,0.41908825482,0x1fdf047bf7a114b37e7936d01e9cad754ad18803,2017-08-25T12:15:45.000Z,0.01811,0x423b9c427594872f155fa3986c508800269fe3b5,sell,0x0affa06e7fbe5bc9a764c979aa66e8256a631f02,0x50ce786a0d5ea6e20a626f5a2d3a7cb60f4c78e229d458208d95de47d046c7ed
260,10,0.1812,0xece5dd8b1ee75e0b7cfc1a1ff5f9dde43d99535f,2017-08-25T12:11:44.000Z,0.01812,0x423b9c427594872f155fa3986c508800269fe3b5,sell,0x0affa06e7fbe5bc9a764c979aa66e8256a631f02,0xdf70a8bb5c27682ae6fcdb67c6bc250c59587f7bfab40d794283ad43be2c618d
261,1.59075,0.0288084825,0x1fdf047bf7a114b37e7936d01e9cad754ad18803,2017-08-25T06:55:29.000Z,0.01811,0x9308b8d3fc827c6ef2d3c4584a1ad5676ea6fc88,sell,0x0affa06e7fbe5bc9a764c979aa66e8256a631f02,0x112bd45b324f2e24ea7fb8d7864457cabe08c0f19e9a4a293414f3431cadb6e3
262,0.05,0.0011725,0x2d7ad46c8c2128b37f7bbf1d70f81db34d1176ba,2017-08-24T17:12:55.000Z,0.02345,0xa0be78d2bac6a692adba423c7af50ec86a18bddf,buy,0x0affa06e7fbe5bc9a764c979aa66e8256a631f02,0x2411ea7c5c063fba1ce7a3e6f4422156588353f66e0a71cae89098f126d81db6
263,10,0.234999,0x83c8a38c497721e6262bc365a2a967697837cb99,2017-08-24T11:52:31.000Z,0.0234999,0xff3e172375edafcceac3bb3acca29a67c9c3471b,buy,0x0affa06e7fbe5bc9a764c979aa66e8256a631f02,0xa7a4bea80e2bb38bbedbd098083839c425c4832f2a18b021efeb308078b633b6
264,2.785682,0.05326223984,0xece5dd8b1ee75e0b7cfc1a1ff5f9dde43d99535f,2017-08-24T07:54:41.000Z,0.01912,0x20a3eb708c6613e7e8edef518627a21ac7a7fa86,sell,0x0affa06e7fbe5bc9a764c979aa66e8256a631f02,0x24a93e9fc6882df930392030c812873bb8b17fd16fa34daa46f6bed2a036674a
265,2.698726,0.05162662838,0x37b7a4716ebdc53ac4ab5ecb3f22ad2f4de45151,2017-08-24T07:48:38.000Z,0.01913,0x20a3eb708c6613e7e8edef518627a21ac7a7fa86,sell,0x0affa06e7fbe5bc9a764c979aa66e8256a631f02,0x8ff2a3a9d3b3b0a16f748de57e1185de8ec77fa4e0bb9a7ab2bb5b9ef2352d7b
266,23.362772,0.443892668,0x4709568b8cfc7f0fb58759202acc368c75299ea1,2017-08-24T07:47:33.000Z,0.019,0x20a3eb708c6613e7e8edef518627a21ac7a7fa86,sell,0x0affa06e7fbe5bc9a764c979aa66e8256a631f02,0x4c33f6ac006389739adf317e256e853589e55fe0e1b159ac28b91f8094f45731
267,9.470641,0.18117336233,0x37b7a4716ebdc53ac4ab5ecb3f22ad2f4de45151,2017-08-23T23:53:12.000Z,0.01913,0x373a30993c7b5d69f7e7cc9845bb3a170622174b,sell,0x0affa06e7fbe5bc9a764c979aa66e8256a631f02,0x67547c4f240730c62b6fe0cd885cacb8fe09709d4a8b5284f0ba84ab49aae260
268,13.137228,0.249607332,0x4709568b8cfc7f0fb58759202acc368c75299ea1,2017-08-23T20:31:42.000Z,0.019,0xdc28a281a79b880b09d2b1afd87f278b8d6d5c62,sell,0x0affa06e7fbe5bc9a764c979aa66e8256a631f02,0x81d418c9cf0ea516ef7c48e10c473c849d66f14760c509ff189af1ca7da7ab3e
269,11.782,0.2239769982,0xff3e172375edafcceac3bb3acca29a67c9c3471b,2017-08-23T20:27:35.000Z,0.0190101,0xdc28a281a79b880b09d2b1afd87f278b8d6d5c62,sell,0x0affa06e7fbe5bc9a764c979aa66e8256a631f02,0x852f041303ae0ec49cfbc223d6b874a4f5628cd7d59a3f138f04e007498d074a
270,10.4,0.2028,0xece5dd8b1ee75e0b7cfc1a1ff5f9dde43d99535f,2017-08-23T20:24:59.000Z,0.0195,0xdc28a281a79b880b09d2b1afd87f278b8d6d5c62,sell,0x0affa06e7fbe5bc9a764c979aa66e8256a631f02,0xe7d180dd91969bd743698f8b6fc5e3089067a668dd8667aded5be6a70939372f
271,24.5,0.5201693,0x008418970d2a3dd09a430e754f77cc1c8b8aa59f,2017-08-23T20:19:35.000Z,0.0212314,0xdc28a281a79b880b09d2b1afd87f278b8d6d5c62,sell,0x0affa06e7fbe5bc9a764c979aa66e8256a631f02,0x4644ce0521cb8de07e3739cba7a2937ef42dcd2bd97afc8e4286bf469c012775
272,2.239092,0.05261867214272376,0xece5dd8b1ee75e0b7cfc1a1ff5f9dde43d99535f,2017-08-23T13:15:24.000Z,0.023500004529837883,0x1fdf047bf7a114b37e7936d01e9cad754ad18803,buy,0x0affa06e7fbe5bc9a764c979aa66e8256a631f02,0x0e7849c916bc25085e980ea80df6c0a94726e96b7d549997f85b36fcefa51ff5
273,18.2,0.4277,0xece5dd8b1ee75e0b7cfc1a1ff5f9dde43d99535f,2017-08-23T09:53:09.000Z,0.0235,0x1fdf047bf7a114b37e7936d01e9cad754ad18803,buy,0x0affa06e7fbe5bc9a764c979aa66e8256a631f02,0x0c5afdc63bc1a49e5283d79f9bfe77774d53254257ad96801a1b1f3c11415288
274,53.833117,1.0066792879,0x4709568b8cfc7f0fb58759202acc368c75299ea1,2017-08-23T01:37:48.000Z,0.0187,0x044d3eff4f328e775ff444067790fb394c07d952,sell,0x0affa06e7fbe5bc9a764c979aa66e8256a631f02,0x24b4ee264467e495713e0a61737f0623a60d4070db313246abf8ac39c682adab
275,0.000498,0.0000092877,0x4709568b8cfc7f0fb58759202acc368c75299ea1,2017-08-22T13:53:15.000Z,0.01865,0x8f25bb26b2e889cb0bd3d0384062a2ec96d2fc68,sell,0x0affa06e7fbe5bc9a764c979aa66e8256a631f02,0x6e01f61bb725de14969eb04e49f12ca87eb184d008aedb102a6794c02d4f5493
276,4.984945,0.09296922425,0x4709568b8cfc7f0fb58759202acc368c75299ea1,2017-08-22T13:52:19.000Z,0.01865,0x8f25bb26b2e889cb0bd3d0384062a2ec96d2fc68,sell,0x0affa06e7fbe5bc9a764c979aa66e8256a631f02,0xfb65e853da7a8af1e2a0415b7e11ced0191204da78706dd9b5797862338624c7
277,3.987739,0.07437133235,0x4709568b8cfc7f0fb58759202acc368c75299ea1,2017-08-22T12:41:44.000Z,0.01865,0x8f25bb26b2e889cb0bd3d0384062a2ec96d2fc68,sell,0x0affa06e7fbe5bc9a764c979aa66e8256a631f02,0xd18b9bfe882898c69f2dcfdb5f92bfc13d3967a6a235ced5e8d2966aa2c8a87a
278,2.868508,0.00866289416,0x86f4307c8c7a5e1000b876ab16cce6ebae8a3309,2017-08-22T12:40:16.000Z,0.00302,0x015a4234c89e2f27e6e6fd5aa314ca778173c16b,sell,0x0affa06e7fbe5bc9a764c979aa66e8256a631f02,0x217d76d45a84dd137456ebb4c8bd3ebf7bf7cc3c77cc94ed1e6af2342815377f
279,0.305314,0.004579712194959618,0xece5dd8b1ee75e0b7cfc1a1ff5f9dde43d99535f,2017-08-22T12:32:26.000Z,0.015000007189187583,0x015a4234c89e2f27e6e6fd5aa314ca778173c16b,buy,0x0affa06e7fbe5bc9a764c979aa66e8256a631f02,0xe701491f5d50d07f9392792500e87330d98c91fa2a141ada0ed2988c30ccc615
280,0.073947,0.001331046,0xaa3d11f1e2299ed3da340375193f4f398aa0102b,2017-08-22T12:24:54.000Z,0.018,0x015a4234c89e2f27e6e6fd5aa314ca778173c16b,sell,0x0affa06e7fbe5bc9a764c979aa66e8256a631f02,0x5ce5336b333f74dd9874727177d8dd1eff06f4a425e9abd0e00613d69a6fd0f8
281,23.812182,0.428619276,0xaa3d11f1e2299ed3da340375193f4f398aa0102b,2017-08-22T12:16:30.000Z,0.018,0x015a4234c89e2f27e6e6fd5aa314ca778173c16b,sell,0x0affa06e7fbe5bc9a764c979aa66e8256a631f02,0x0874fe98ddc1593a3fb4f38b618d9906815c6b5333cb7bc7e095000fb6a3ed81
282,25.472812,0.5247399272,0x9265f501755921b020298dc542006475a3f04656,2017-08-21T15:35:08.000Z,0.0206,0xf2eeab5de9d12f6205ad56f0287f9e348c96f3b3,sell,0x0affa06e7fbe5bc9a764c979aa66e8256a631f02,0x2442410887ab1b9c31e7ea44c15ceb190363299862203c9d0c13f72f681b4ac9
283,5.104,0.1296727344,0xfb0ed19ee2ec582cd4e7bc3c41a0bd6ca7401912,2017-08-21T11:21:44.000Z,0.0254061,0x4cfe7c9e17d3ddd9c4ac40a78b30de1fb4483fe5,sell,0x0affa06e7fbe5bc9a764c979aa66e8256a631f02,0x632b25a600a1c2847289d26c99261a2fb10b4fd62aa1572608175062a73f3667
284,0.004438,0.0001127522718,0xfb0ed19ee2ec582cd4e7bc3c41a0bd6ca7401912,2017-08-21T11:15:12.000Z,0.0254061,0x4cfe7c9e17d3ddd9c4ac40a78b30de1fb4483fe5,sell,0x0affa06e7fbe5bc9a764c979aa66e8256a631f02,0xbb146684c72eae6420292c63feaf648b0057fa91afe3886a676a9c4543037521
285,0.004438,0.000113415309,0xa5821e7329943df814ea14af97ceff1f8983cf74,2017-08-21T11:13:56.000Z,0.0255555,0x4cfe7c9e17d3ddd9c4ac40a78b30de1fb4483fe5,sell,0x0affa06e7fbe5bc9a764c979aa66e8256a631f02,0xc8173954e26f8c35221cf0b25578cb9bc89df63ff9e963118b7d0f5b920e4450
286,44.506483,1.1373854263065,0xa5821e7329943df814ea14af97ceff1f8983cf74,2017-08-21T10:28:45.000Z,0.0255555,0x4cfe7c9e17d3ddd9c4ac40a78b30de1fb4483fe5,sell,0x0affa06e7fbe5bc9a764c979aa66e8256a631f02,0x7e318519af4585b379afc300f31f5cb697b5415fc1cf80a7a25a660bf693d883
287,10,0.254572,0xfb0ed19ee2ec582cd4e7bc3c41a0bd6ca7401912,2017-08-21T10:27:01.000Z,0.0254572,0x4cfe7c9e17d3ddd9c4ac40a78b30de1fb4483fe5,sell,0x0affa06e7fbe5bc9a764c979aa66e8256a631f02,0x4e6c8a85654d6577e9dd0ae595376add911a42df3145e21e5787e796f955694c
288,154.531951,3.94915054569756,0xa5821e7329943df814ea14af97ceff1f8983cf74,2017-08-21T10:25:47.000Z,0.02555556,0x4cfe7c9e17d3ddd9c4ac40a78b30de1fb4483fe5,sell,0x0affa06e7fbe5bc9a764c979aa66e8256a631f02,0x8166bb545b121b0c3a8128f19078bedf42cecd14587bde0291456db6095a6bd6
289,25.468049,0.65085025430244,0xa5821e7329943df814ea14af97ceff1f8983cf74,2017-08-21T09:47:52.000Z,0.02555556,0x74a74dc2a74985dd1ea2dfcfc647ea9be942a781,sell,0x0affa06e7fbe5bc9a764c979aa66e8256a631f02,0x844f8a091671a702396af09d2f6b47930ce4619f792eff05d8c6a1e99b5024c7
290,20,0.44,0x0bbbedfbc145ec0618e9d3f6e29f37707648d70f,2017-08-20T21:22:09.000Z,0.022,0x6a257b9fbdfd9fc8a5c75dac4b385c5e926730c8,sell,0x0affa06e7fbe5bc9a764c979aa66e8256a631f02,0x4030bfe0b254148e53926da24a267a787dca01cc070aeb8487fb6332d708074f
291,12.81352,0.2890089436,0xa5821e7329943df814ea14af97ceff1f8983cf74,2017-08-20T21:22:09.000Z,0.022555,0x6a257b9fbdfd9fc8a5c75dac4b385c5e926730c8,sell,0x0affa06e7fbe5bc9a764c979aa66e8256a631f02,0x119e14144c972797fe40cbc12be4425bc881166144298f83fb97c86473ae5867
292,87.203652,1.96687837086,0xa5821e7329943df814ea14af97ceff1f8983cf74,2017-08-20T18:40:02.000Z,0.022555,0x32c435ddb531c59bcd7734d164a0ab584d8b283c,sell,0x0affa06e7fbe5bc9a764c979aa66e8256a631f02,0xeff8bbecf0faa7ffc429b20e8b86d122e343496c0adba645f2c1d3fdf66e7ceb
293,22,0.4967094,0xff3e172375edafcceac3bb3acca29a67c9c3471b,2017-08-20T18:19:28.000Z,0.0225777,0x32c435ddb531c59bcd7734d164a0ab584d8b283c,sell,0x0affa06e7fbe5bc9a764c979aa66e8256a631f02,0x5d07e7284d5180c7b2ebd4c9c27caaa3e95548a2ea529b7d98bc12f26f8c0f50
294,0.015328,0.00034572304,0xa5821e7329943df814ea14af97ceff1f8983cf74,2017-08-20T15:14:50.000Z,0.022555,0x37abe298c55970208af1f7b3e1e55c04ec9607e8,sell,0x0affa06e7fbe5bc9a764c979aa66e8256a631f02,0x7e6ab73ed08768dda23405b7d01d5c55d53abf7cd58ecdeb816ff85d5aeb3797
295,4.9675,0.1120419625,0xa5821e7329943df814ea14af97ceff1f8983cf74,2017-08-20T12:44:26.000Z,0.022555,0x14af12c11fa2fc702add3a5f65143bc1158871e4,sell,0x0affa06e7fbe5bc9a764c979aa66e8256a631f02,0x9fd6cdab6ed2e224fa83600f9be9d4424f42d7e7fdaa73ee7aeb37e092dd1842
296,50,1.12775,0xa5821e7329943df814ea14af97ceff1f8983cf74,2017-08-20T10:48:18.000Z,0.022555,0x9609a78c065ac4b406aa6a5905240e59e52f1c8b,sell,0x0affa06e7fbe5bc9a764c979aa66e8256a631f02,0xdf73273ec7d63948508df89e5e0c0c3071230df253732dfd731f4e3a2ce6c3d3
297,5.256826,0.120906998,0x1fdf047bf7a114b37e7936d01e9cad754ad18803,2017-08-20T10:48:18.000Z,0.023,0x9609a78c065ac4b406aa6a5905240e59e52f1c8b,sell,0x0affa06e7fbe5bc9a764c979aa66e8256a631f02,0xc6c89d36428a258eee3d2a669128a355e82fe6ef025780c5bd1300c5e10143fc
298,80.360756,1.848297388,0x1fdf047bf7a114b37e7936d01e9cad754ad18803,2017-08-20T10:32:03.000Z,0.023,0xe46e42743c46c627d251d75de6dbc00c29e97b52,sell,0x0affa06e7fbe5bc9a764c979aa66e8256a631f02,0xffef5f89c1e6e6c501c042362f0f941ec519ad34b2e979d157b7b9f36fa62a7d
299,0.011889,0.0002556135,0xa5821e7329943df814ea14af97ceff1f8983cf74,2017-08-20T04:25:10.000Z,0.0215,0x98b31d397cb7ecffe83167cef2c9f13e9722071e,sell,0x0affa06e7fbe5bc9a764c979aa66e8256a631f02,0xcd192d0d20addecff990e5b71b0f350c07af83a4f759c5f01dffd375d117b4fb
300,1.445169,0.030348549,0x0bbbedfbc145ec0618e9d3f6e29f37707648d70f,2017-08-19T22:40:04.000Z,0.021,0x7eb1e9267ab19cefe7dc068be6c8f9de42b0d85e,sell,0x0affa06e7fbe5bc9a764c979aa66e8256a631f02,0xe88e2a06180835335765c9eaa4100b6631df8bdb1812f75e6886ecd6b64971a1
301,3.4,0.0986,0x5e0e9e75c83ff64cf6ad27789d85175921b54200,2017-08-19T17:30:47.000Z,0.029,0xf4691e4beb9151cfbeec34a92f63d0383c5edc6d,buy,0x0affa06e7fbe5bc9a764c979aa66e8256a631f02,0x3ab280cdb3ad11e267a0647b8c4f76b2b26d8dbefb2ce8b5ce6e7c7d47e05062
302,20.030905,0.580896245,0x7585e7077d68c1301b3615a5541174c24959242d,2017-08-19T17:29:30.000Z,0.029,0x0bbbedfbc145ec0618e9d3f6e29f37707648d70f,sell,0x0affa06e7fbe5bc9a764c979aa66e8256a631f02,0x464c7c04bf479bf19bcfb64d030231045b1150e5e4ea245c631cadcc63aa1401
303,9.969095,0.289103755,0x7585e7077d68c1301b3615a5541174c24959242d,2017-08-19T17:06:12.000Z,0.029,0x18a6cbd268eef4ec450af59b7e8bf2710efc5ebb,sell,0x0affa06e7fbe5bc9a764c979aa66e8256a631f02,0x6fcdd6b1811ec682113daeb41e0dd2e3f947b0995ee19502dc2eadc128fd7073
304,10,0.29,0x18a6cbd268eef4ec450af59b7e8bf2710efc5ebb,2017-08-19T16:50:41.000Z,0.029,0x4709568b8cfc7f0fb58759202acc368c75299ea1,buy,0x0affa06e7fbe5bc9a764c979aa66e8256a631f02,0x71f334f41a4dfb296ee017900646481c367c3b0441f13314ae35c885c41db00c
305,50,1.45,0xaf34a43c3b6e950f5e62660aaa637a220e36e460,2017-08-19T16:25:02.000Z,0.029,0x4709568b8cfc7f0fb58759202acc368c75299ea1,buy,0x0affa06e7fbe5bc9a764c979aa66e8256a631f02,0xadda50b3216ef56e2bd7f15f65ae49ab5628109795dcdb0350c53499ada7b5cb
306,1.54,0.04466,0xece5dd8b1ee75e0b7cfc1a1ff5f9dde43d99535f,2017-08-19T16:19:50.000Z,0.029,0x4709568b8cfc7f0fb58759202acc368c75299ea1,buy,0x0affa06e7fbe5bc9a764c979aa66e8256a631f02,0x3a332307280150705fb0a96fc7d645c07b965b137e22f4997b184742d3dbfec4
307,1.574514,0.045660931639925406,0xece5dd8b1ee75e0b7cfc1a1ff5f9dde43d99535f,2017-08-19T16:18:04.000Z,0.029000016284342598,0x4709568b8cfc7f0fb58759202acc368c75299ea1,buy,0x0affa06e7fbe5bc9a764c979aa66e8256a631f02,0xacfcea6a22b3eb1c49589c4b58cd1a0902428879fb72d651e9930ca983724b06
308,0.855354,0.024805280091715683,0xece5dd8b1ee75e0b7cfc1a1ff5f9dde43d99535f,2017-08-19T16:15:53.000Z,0.029000016474717696,0x4709568b8cfc7f0fb58759202acc368c75299ea1,buy,0x0affa06e7fbe5bc9a764c979aa66e8256a631f02,0xd301be4439b6436218e6fcf441fbe962636c9212575d66d49a36a4dfe4a5b8fb
309,13.3,0.3724,0xaf34a43c3b6e950f5e62660aaa637a220e36e460,2017-08-19T16:11:35.000Z,0.028,0x0845ad270268891eb78c056035d6ecd6b06c2ed4,buy,0x0affa06e7fbe5bc9a764c979aa66e8256a631f02,0xbcf9dbbc5cb4c471732d74f27ad08618e269c0bede22a1230b357937c35d9877
310,39.73474,0.93376639,0xaf34a43c3b6e950f5e62660aaa637a220e36e460,2017-08-19T16:07:05.000Z,0.0235,0x1fdf047bf7a114b37e7936d01e9cad754ad18803,buy,0x0affa06e7fbe5bc9a764c979aa66e8256a631f02,0x34eeadb2685c9b4698e696e1c60c38bd3e46613293948e39ce35a6948cfae066
311,11.915,0.2800025,0x86f4307c8c7a5e1000b876ab16cce6ebae8a3309,2017-08-19T15:57:17.000Z,0.0235,0x1fdf047bf7a114b37e7936d01e9cad754ad18803,buy,0x0affa06e7fbe5bc9a764c979aa66e8256a631f02,0x331f80bbd243b56e8aaa05fe511ad73cc4bc1cfae2f0b15e5a5849f690bb3da7
312,7.215951,0.1695748522566784,0xfb4a448bf15750b0aa46b592a3c75503b917efc5,2017-08-19T15:53:39.000Z,0.023500000520607526,0x1fdf047bf7a114b37e7936d01e9cad754ad18803,buy,0x0affa06e7fbe5bc9a764c979aa66e8256a631f02,0x5cbaec19b33ec843f1b0e05cf8690ba620c173dfab0367d5b67165772c5bb016
313,1.9,0.04465,0x37994e3382f3bb99c79dde0cb58e6e0a6382a9b7,2017-08-19T15:51:31.000Z,0.0235,0x1fdf047bf7a114b37e7936d01e9cad754ad18803,buy,0x0affa06e7fbe5bc9a764c979aa66e8256a631f02,0xbde100d011ba2f9e0c82ecf4ae7ecda9004144ee650ea112e34dc6654745633d
314,3.05,0.071675,0xece5dd8b1ee75e0b7cfc1a1ff5f9dde43d99535f,2017-08-19T13:32:12.000Z,0.0235,0x1fdf047bf7a114b37e7936d01e9cad754ad18803,buy,0x0affa06e7fbe5bc9a764c979aa66e8256a631f02,0x55a6cfb673d3cc5b69c8f4544cc846ec7f7586493a2313e47f29359c7e234428
315,6.841,0.15720618,0xece5dd8b1ee75e0b7cfc1a1ff5f9dde43d99535f,2017-08-19T13:27:26.000Z,0.02298,0xa3d559a26e0252266d4d43231d7c29707c76d8b0,buy,0x0affa06e7fbe5bc9a764c979aa66e8256a631f02,0x10cda624c57603afd2ec2d2b40e5e6ad60892cc14fc1cec28e6584063ffe9b70
316,27.921564,0.6416375493741402,0x86f4307c8c7a5e1000b876ab16cce6ebae8a3309,2017-08-19T13:21:08.000Z,0.022980000309944678,0xa3d559a26e0252266d4d43231d7c29707c76d8b0,buy,0x0affa06e7fbe5bc9a764c979aa66e8256a631f02,0x3b1c7062f61dc98941acb2d69eda6306d8979692e0e34940df4522f2e7a962a5
317,3,0.06894,0x12f5730ab7cf4e83f091f5fb540431c7771944c1,2017-08-19T13:02:13.000Z,0.02298,0xa3d559a26e0252266d4d43231d7c29707c76d8b0,buy,0x0affa06e7fbe5bc9a764c979aa66e8256a631f02,0x8b1fecb130127940e78de2e364e8402f24b2b3656dfb7c9a506a49d024784ecb
318,13.3,0.22743,0x0845ad270268891eb78c056035d6ecd6b06c2ed4,2017-08-18T20:33:49.000Z,0.0171,0x14af12c11fa2fc702add3a5f65143bc1158871e4,buy,0x0affa06e7fbe5bc9a764c979aa66e8256a631f02,0xa5f5e21edc2b614f09801d197f9b1cb02cc5ebf96ca09bd1325ddec776aef991
319,5.7,0.09690057,0x17dd485f7952ba295fd139468ab2faa73b932a1f,2017-08-18T20:28:07.000Z,0.0170001,0x14af12c11fa2fc702add3a5f65143bc1158871e4,sell,0x0affa06e7fbe5bc9a764c979aa66e8256a631f02,0x2a1ab5d944ff7a93004511e9df637d3af0744cc606e272ac7ae5eb3a1a8ad91a
320,1.436609,0.024422353,0x17dd485f7952ba295fd139468ab2faa73b932a1f,2017-08-18T18:07:31.000Z,0.017,0xe47028a75232a2abad4c988510e353a67bfbd426,buy,0x0affa06e7fbe5bc9a764c979aa66e8256a631f02,0xcbaa00d00cbc8b0cec98f204086d60f972ed6f8116cb4127394a89a1c22195a3
321,5,0.085,0x17dd485f7952ba295fd139468ab2faa73b932a1f,2017-08-18T17:31:13.000Z,0.017,0xe47028a75232a2abad4c988510e353a67bfbd426,buy,0x0affa06e7fbe5bc9a764c979aa66e8256a631f02,0xb0e9b8a1e8dc82f6661e2e22e1f97146d867518144c6d20c9cf645e1fb85ee4a
322,5,0.09,0x55ee94ade7c2306e3c1d2260ce6a86a58c481d42,2017-08-18T16:49:03.000Z,0.018,0x567f309a4a44d789be836f038c281399ac086f2c,sell,0x0affa06e7fbe5bc9a764c979aa66e8256a631f02,0x69d20ccfc5ad33ed56c09c422bc7d153171d90d991500863a63ab66623045501
323,20,0.44,0x55ee94ade7c2306e3c1d2260ce6a86a58c481d42,2017-08-18T15:41:25.000Z,0.022,0x1fdf047bf7a114b37e7936d01e9cad754ad18803,buy,0x0affa06e7fbe5bc9a764c979aa66e8256a631f02,0xfcd09eb7fb24bf8d2789a5272379a55d2b2ed027d90261af7cdc8241f0dd4b3e
324,119.25317,2.02730389,0x0febad916a5fd535c7b1ba392104b46c48f28d66,2017-08-17T22:36:10.000Z,0.017,0x98b31d397cb7ecffe83167cef2c9f13e9722071e,sell,0x0affa06e7fbe5bc9a764c979aa66e8256a631f02,0x00f30f295b0e5c68128eb5cf905126a3430ba8aff3aa74afabe416a0ce333daa
325,2.5,0.05123025,0x4ddb43d2fd9120f7b1a261a130e0d72c4ec51e1a,2017-08-17T17:50:07.000Z,0.0204921,0x1e09e9a4de5b73da9796fa18e08a4030614aaede,sell,0x0affa06e7fbe5bc9a764c979aa66e8256a631f02,0x11ca44f1cc0eb01987e48c0ab940ab3c93bc98bd09e482300317f6016a6fff40
326,9.524,0.200004,0x48ae7ea7038973e4dd8316cb37ffd01a8b3b9828,2017-08-17T14:12:29.000Z,0.021,0xe89a2a7a15cbaae3c58a03d79485373e216226d6,buy,0x0affa06e7fbe5bc9a764c979aa66e8256a631f02,0x8d5eae2f8aac2873e7dd6cc5f1459df0b83d8af294701e03cae9bdf73db1d5e4
327,0.9,0.0189,0xece5dd8b1ee75e0b7cfc1a1ff5f9dde43d99535f,2017-08-17T11:35:37.000Z,0.021,0xe89a2a7a15cbaae3c58a03d79485373e216226d6,buy,0x0affa06e7fbe5bc9a764c979aa66e8256a631f02,0x4cb3d5170f7ac9b74e66670781df7fbfcbb08acba0d5605ae5520e5e5a53599b
328,11,0.231,0xece5dd8b1ee75e0b7cfc1a1ff5f9dde43d99535f,2017-08-17T11:30:56.000Z,0.021,0xe89a2a7a15cbaae3c58a03d79485373e216226d6,buy,0x0affa06e7fbe5bc9a764c979aa66e8256a631f02,0x522d8e39c1e7d0f6f4ecfeaf331b147cbb3cd3d2247de9790aeb7a2610da7588
329,94.943769,1.9938191606021334,0x396f5943013e0138792dfb40c8ba9dadc864aed1,2017-08-17T08:52:31.000Z,0.02100000012220005,0xe89a2a7a15cbaae3c58a03d79485373e216226d6,buy,0x0affa06e7fbe5bc9a764c979aa66e8256a631f02,0x6a94138b9cbe41c8b89b9994a392ef6c7449cb4cc8681af37d7c5a0e7127bf6b
330,105.834821,2.0108616131797605,0xa021d614767da70616989e1b683ad20871476cfb,2017-08-17T01:33:06.000Z,0.019000000133980104,0xe89a2a7a15cbaae3c58a03d79485373e216226d6,buy,0x0affa06e7fbe5bc9a764c979aa66e8256a631f02,0xc33ebad6d640588b1cb746cf1fb461da14a0c8bef1c87d87df2c7849bc760055
331,44.165178,0.8391383868202394,0xcdf57f656f8fc43a22645ca27616db56ba5758a8,2017-08-16T23:13:36.000Z,0.019000000109141175,0xe89a2a7a15cbaae3c58a03d79485373e216226d6,buy,0x0affa06e7fbe5bc9a764c979aa66e8256a631f02,0x63101dd62a491a0e2d1b65d98c253e4d411c63051eff05cd194b68c3b4365cb3
332,16.338,0.3064281759,0xcdf57f656f8fc43a22645ca27616db56ba5758a8,2017-08-16T23:11:52.000Z,0.01875555,0xc97ff6f0b9ce03879fe94900e5014030607b6bc1,buy,0x0affa06e7fbe5bc9a764c979aa66e8256a631f02,0x709592162a7ae3f9399bb523634acb4fb94737535c177eed46f52e62e5285659
333,9.964657,0.15943452019234078,0xcdf57f656f8fc43a22645ca27616db56ba5758a8,2017-08-16T22:56:29.000Z,0.016000000822139766,0xfefece52e157ebd59cfb9005f5c44103bbae219d,buy,0x0affa06e7fbe5bc9a764c979aa66e8256a631f02,0x18619e335abd916b078cc9535613049ceca9baa6d911299dd94e96e7f8b37f09
334,3.115342,0.04984547980765923,0xd735f6e3160a083d54df637772bfd9e65845cbbb,2017-08-16T22:29:57.000Z,0.016000002506196504,0xfefece52e157ebd59cfb9005f5c44103bbae219d,buy,0x0affa06e7fbe5bc9a764c979aa66e8256a631f02,0xa141c9b2599a38495bec3305a36c06c8b2a022ba50e95b655f3214145eb917bf
