,amount,amountBase,buyer,date,price,seller,side,tokenAddr,txHash
0,992594542018843000,0.0992594542018843,0x1a96f3bc6cd0e9db43e89f983d4227ec5f707539,2017-11-02T04:10:11.000Z,0.0000000000000000001,0x3cf0a8dfcaafb1c11c569861922d61cfd4ac6cb4,buy,0xdab5dfa0966c3435da991b39d205c3ba1c64fe31,0x52d7c15e28d21f922bee24c92bdf095308ccdf522cd796c156122e7746205533
1,15247179031868896,0.004574153709560669,0x5104efc872d45dba3a97bf02aebe240dfc283321,2017-11-01T12:48:59.000Z,0.0000000000000000003,0xbbe8a1421d8583194bd959a640cb82225650c748,buy,0xdab5dfa0966c3435da991b39d205c3ba1c64fe31,0x4e051ba8a04dbdffd08520fa00bd37c5166339c1682d117775fda83d12daa0cb
2,500000000000000,0.00015,0xb521c3e4c6cc5591f1f0c06e4f47e661cee64168,2017-11-01T07:53:19.000Z,0.0000000000000000003,0xbbe8a1421d8583194bd959a640cb82225650c748,buy,0xdab5dfa0966c3435da991b39d205c3ba1c64fe31,0x9d89c89b5cae0b315e4da97f41b3570e1db461de56264ba0ddef3382e5140ce6
3,100000000,0.00000000004,0x47757d87fbcc7bf9bb7baebbdfdedfda9c04c3e5,2017-10-31T15:29:46.000Z,0.0000000000000000004,0x3cf0a8dfcaafb1c11c569861922d61cfd4ac6cb4,buy,0xdab5dfa0966c3435da991b39d205c3ba1c64fe31,0xe6ec2f7c5cbe303787271ea83ebccc0e6558f19508f7aba6658bf8025e17481c
4,1000000000000000,0.0004,0x1d5321e125f6c7079a716705541c7b371ca79e69,2017-10-31T14:51:16.000Z,0.0000000000000000004,0x3cf0a8dfcaafb1c11c569861922d61cfd4ac6cb4,buy,0xdab5dfa0966c3435da991b39d205c3ba1c64fe31,0xdb43308eacd70f8542703197ebdf49c7d15f6c5619d4822501fde0bb7432e057
5,997008973080757.8,0.000997008973080757,0xb9f1a043bf2efc5820babadf1c244a378c577fa6,2017-10-31T14:51:16.000Z,0.00000000000000000099,0x1d5321e125f6c7079a716705541c7b371ca79e69,sell,0xdab5dfa0966c3435da991b39d205c3ba1c64fe31,0xdb43308eacd70f8542703197ebdf49c7d15f6c5619d4822501fde0bb7432e057
6,100000000000000000,0.01,0xb9f1a043bf2efc5820babadf1c244a378c577fa6,2017-10-31T14:44:08.000Z,0.0000000000000000001,0x3cf0a8dfcaafb1c11c569861922d61cfd4ac6cb4,sell,0xdab5dfa0966c3435da991b39d205c3ba1c64fe31,0x2bc23fa2c5c4b8173ee8ad9f2c6b538805da2ed72ff4a97b05753c7d5d1ad061
7,20000000900000,0.000179800008091,0xea77e83c306f3e3f4654e2b2e272306efc94c9bd,2017-10-31T11:09:03.000Z,0.00000000000000000899,0x81d134852b36e50659a101e9a909213b8dfb1850,buy,0xdab5dfa0966c3435da991b39d205c3ba1c64fe31,0xf398cb20bfdf2f124cef133abd737b24113f494164c286550b56e2e8f05ad096
8,10000000000000000,0.01,0xb9f1a043bf2efc5820babadf1c244a378c577fa6,2017-10-31T08:30:03.000Z,0.000000000000000001,0x3cf0a8dfcaafb1c11c569861922d61cfd4ac6cb4,sell,0xdab5dfa0966c3435da991b39d205c3ba1c64fe31,0x24f319465f1774d7a3d0d7c4227372f271b53bf431162d5327805afc862ca84f
9,199980009000000000,0.00999900045,0x81d134852b36e50659a101e9a909213b8dfb1850,2017-10-30T17:04:32.000Z,0.00000000000000000005,0x3cf0a8dfcaafb1c11c569861922d61cfd4ac6cb4,sell,0xdab5dfa0966c3435da991b39d205c3ba1c64fe31,0xea3e402b863942b5dd5cc7b86ba4de5d01f8038b4d8db3e5369ee15ce83d39e7
10,100000000000000000,0.01,0xc616023ea15e25653abccf7195500202b7397bf9,2017-10-30T14:28:03.000Z,0.0000000000000000001,0x3cf0a8dfcaafb1c11c569861922d61cfd4ac6cb4,sell,0xdab5dfa0966c3435da991b39d205c3ba1c64fe31,0x2c1e0e8a6fa75ef8febe00c6ac31cd28f43c98fecc88114af4298351540f57dc
11,109900000000000000,0.006594,0xc847559681f261b9c1481df5ff4f4ae014317da0,2017-10-29T05:34:54.000Z,0.00000000000000000006,0x3cf0a8dfcaafb1c11c569861922d61cfd4ac6cb4,sell,0xdab5dfa0966c3435da991b39d205c3ba1c64fe31,0x715388e4a60b6242d5982f192c2bccf45f245d3cef7f878db3eedf5d3d8ae4ba
12,298765490043223.3,0.000268888941038901,0xb2f0a333cb207205b4f2ae9c49653bfa0615caee,2017-10-28T23:03:18.000Z,0.0000000000000000009,0x3cf0a8dfcaafb1c11c569861922d61cfd4ac6cb4,buy,0xdab5dfa0966c3435da991b39d205c3ba1c64fe31,0xd0aecb5662152aa63f56fd804e7465a15cf1899a8197c5561c65b56c70d44d52
13,100000000000000,0.00009,0xb2f0a333cb207205b4f2ae9c49653bfa0615caee,2017-10-28T23:00:38.000Z,0.0000000000000000009,0x3cf0a8dfcaafb1c11c569861922d61cfd4ac6cb4,buy,0xdab5dfa0966c3435da991b39d205c3ba1c64fe31,0x57a021e7df48cf3635a10281ff1aa0b630d35ff875ff375516ea37de45d88683
14,269899999809898.8,0.000242909999828909,0xb2f0a333cb207205b4f2ae9c49653bfa0615caee,2017-10-28T22:59:05.000Z,0.0000000000000000009,0x3cf0a8dfcaafb1c11c569861922d61cfd4ac6cb4,buy,0xdab5dfa0966c3435da991b39d205c3ba1c64fe31,0xa9aa4021ee659c8a01f547cd4867f34a9deb2733eca5044331289c54a2d80f32
15,1107677311446.6,0.000000996909580302,0x0a89dbfbbbefff2d1f744f481c01698dea995cdc,2017-10-28T01:26:20.000Z,0.0000000000000000009,0x3cf0a8dfcaafb1c11c569861922d61cfd4ac6cb4,buy,0xdab5dfa0966c3435da991b39d205c3ba1c64fe31,0x4e7fa13f9b22d6a8d006e8cff6dd2af29f53049f0bba49795e1bd277b05925d7
16,20000000000000,0.000001,0x81d134852b36e50659a101e9a909213b8dfb1850,2017-10-28T01:20:22.000Z,0.00000000000000000005,0x0a89dbfbbbefff2d1f744f481c01698dea995cdc,sell,0xdab5dfa0966c3435da991b39d205c3ba1c64fe31,0x379af2601e415c8f711d569564eaa38d74508cbd32a9872cf20b63a0fca3ee06
17,27900000000000,0.00002511,0x0a89dbfbbbefff2d1f744f481c01698dea995cdc,2017-10-28T00:46:16.000Z,0.0000000000000000009,0x3cf0a8dfcaafb1c11c569861922d61cfd4ac6cb4,buy,0xdab5dfa0966c3435da991b39d205c3ba1c64fe31,0x1f9c0e1c0ca0f7939d621f00211aa797eb071a920560b001d81acfb4d9a7a0ef
18,279000000000000,0.0002511,0x0a89dbfbbbefff2d1f744f481c01698dea995cdc,2017-10-28T00:38:42.000Z,0.0000000000000000009,0x3cf0a8dfcaafb1c11c569861922d61cfd4ac6cb4,buy,0xdab5dfa0966c3435da991b39d205c3ba1c64fe31,0x7366f111f6708dde0206eafc60c21ad46625d84b95523515379768bd964ddf1f
19,10000000000000000,0.009,0xc847559681f261b9c1481df5ff4f4ae014317da0,2017-10-27T22:45:36.000Z,0.0000000000000000009,0x3cf0a8dfcaafb1c11c569861922d61cfd4ac6cb4,buy,0xdab5dfa0966c3435da991b39d205c3ba1c64fe31,0x3841045f3af604397ee8f557aba586ca4c30df1746b999c7116674755e5b9a6e
20,1000000000000000,0.0009,0xc847559681f261b9c1481df5ff4f4ae014317da0,2017-10-27T22:34:01.000Z,0.0000000000000000009,0x3cf0a8dfcaafb1c11c569861922d61cfd4ac6cb4,buy,0xdab5dfa0966c3435da991b39d205c3ba1c64fe31,0x1892ac87a9b049db1c69fbb2437372f67264b0d865efd00536b9aabc9dc885f2
21,10000000000000000,0.009,0xc847559681f261b9c1481df5ff4f4ae014317da0,2017-10-27T20:21:11.000Z,0.0000000000000000009,0x3cf0a8dfcaafb1c11c569861922d61cfd4ac6cb4,buy,0xdab5dfa0966c3435da991b39d205c3ba1c64fe31,0x33ea95032cea9814ae634d58d72c47bf056553ccc7cc5a18902f6f033b3448c3
22,1000000000000000,0.001,0xedf5de3807d23e5d85b0caa1e10d52b85c2a6965,2017-10-27T05:27:38.000Z,0.000000000000000001,0x3cf0a8dfcaafb1c11c569861922d61cfd4ac6cb4,buy,0xdab5dfa0966c3435da991b39d205c3ba1c64fe31,0xce56ff3d46a14564fe1a6b6b6302bf3cab3fe61cbfd7cd33264143a2cf44504e
23,47349503290243810,0.04734950329024381,0xe7fb5471c5dd4f24a0b57100fa31543b5fc4d202,2017-10-26T10:07:21.000Z,0.000000000000000001,0x3cf0a8dfcaafb1c11c569861922d61cfd4ac6cb4,buy,0xdab5dfa0966c3435da991b39d205c3ba1c64fe31,0x6b0cf4c4784c243792dad45f92765568a9896bcd064e50263a323c3a6d521a18
24,1000000000000000,0.001,0xf36990a2cb4d609e0a7d4f3bf884c0342d81fd3d,2017-10-25T21:04:07.000Z,0.000000000000000001,0x3cf0a8dfcaafb1c11c569861922d61cfd4ac6cb4,buy,0xdab5dfa0966c3435da991b39d205c3ba1c64fe31,0x610b8265c9e4b10cc983b4e50e0fd4ad3144b18cc65c474ddda546513d0fffb1
25,24837434072431,0.000024837434072431,0xd70bca39e5d99671ef6a6be62c1624df419a13c0,2017-10-25T19:07:15.000Z,0.000000000000000001,0x3cf0a8dfcaafb1c11c569861922d61cfd4ac6cb4,buy,0xdab5dfa0966c3435da991b39d205c3ba1c64fe31,0x0b1338b88ee9f74420641ae1eebe6619ed9e138892a92c23a87b13e015e63db0
26,2483768244925,0.000002483768244925,0xd70bca39e5d99671ef6a6be62c1624df419a13c0,2017-10-25T19:04:03.000Z,0.000000000000000001,0x3cf0a8dfcaafb1c11c569861922d61cfd4ac6cb4,buy,0xdab5dfa0966c3435da991b39d205c3ba1c64fe31,0x663591e66aff9b142ffbd7e155e7d3413879ace6ccd50b00e3630a32925743a7
27,24840166465902,0.000024840166465902,0xd70bca39e5d99671ef6a6be62c1624df419a13c0,2017-10-25T18:59:40.000Z,0.000000000000000001,0x3cf0a8dfcaafb1c11c569861922d61cfd4ac6cb4,buy,0xdab5dfa0966c3435da991b39d205c3ba1c64fe31,0x31e193e1387ed10d9a8441c0b731a281ec4a5f5ec56c9c8d5df9cd759a43593f
28,248650314974001,0.000248650314974001,0xd70bca39e5d99671ef6a6be62c1624df419a13c0,2017-10-25T18:45:00.000Z,0.000000000000000001,0x3cf0a8dfcaafb1c11c569861922d61cfd4ac6cb4,buy,0xdab5dfa0966c3435da991b39d205c3ba1c64fe31,0xe9e6a9de51c6eabb78539c6726e520c2a815ed03233558591a6d714a4b81ce9e
29,24867518249225,0.000024867518249225,0xd70bca39e5d99671ef6a6be62c1624df419a13c0,2017-10-25T18:38:34.000Z,0.000000000000000001,0x3cf0a8dfcaafb1c11c569861922d61cfd4ac6cb4,buy,0xdab5dfa0966c3435da991b39d205c3ba1c64fe31,0xd5ee23b7908938a54fb0796642b29cda5587ad146227e6e1d918d6d5e1202b64
30,24870005249750,0.00002487000524975,0xd70bca39e5d99671ef6a6be62c1624df419a13c0,2017-10-25T18:34:09.000Z,0.000000000000000001,0x3cf0a8dfcaafb1c11c569861922d61cfd4ac6cb4,buy,0xdab5dfa0966c3435da991b39d205c3ba1c64fe31,0x193876ebe184f590e1e96494efe32ed7dd3792036eeb786724d1eda5a56eef77
31,1000000000000000,0.001,0xce7b624f9fa42ae81acec1f9fb6e995a93aeda25,2017-10-25T18:30:20.000Z,0.000000000000000001,0x3cf0a8dfcaafb1c11c569861922d61cfd4ac6cb4,buy,0xdab5dfa0966c3435da991b39d205c3ba1c64fe31,0x965187e118666e1fc57361dfc924d1aad24bb4334ded10916d34eac9dba3e604
32,24972502500000,0.0000249725025,0xd70bca39e5d99671ef6a6be62c1624df419a13c0,2017-10-25T18:21:03.000Z,0.000000000000000001,0x3cf0a8dfcaafb1c11c569861922d61cfd4ac6cb4,buy,0xdab5dfa0966c3435da991b39d205c3ba1c64fe31,0x4daad2c26719e929fde7ca7c4dcd40b1c8eaf269b53a70533e7763e0a0b1c0da
33,24975000000000,0.000024975,0xd70bca39e5d99671ef6a6be62c1624df419a13c0,2017-10-25T18:18:34.000Z,0.000000000000000001,0x3cf0a8dfcaafb1c11c569861922d61cfd4ac6cb4,buy,0xdab5dfa0966c3435da991b39d205c3ba1c64fe31,0xf6cb15713b23f336d51b00a02ddcf507ffc40ca7ebf4bc8cd7ff49f997dfc088
34,250000000000000,0.00025,0xd70bca39e5d99671ef6a6be62c1624df419a13c0,2017-10-25T18:14:55.000Z,0.000000000000000001,0x3cf0a8dfcaafb1c11c569861922d61cfd4ac6cb4,buy,0xdab5dfa0966c3435da991b39d205c3ba1c64fe31,0x7e0943f53bcbe03ba69928d8481ee1db117a502b7b06bb9663b86bf40bebabcb
35,100000000000000000,0.1,0xe7fb5471c5dd4f24a0b57100fa31543b5fc4d202,2017-10-25T15:05:44.000Z,0.000000000000000001,0xbbe8a1421d8583194bd959a640cb82225650c748,buy,0xdab5dfa0966c3435da991b39d205c3ba1c64fe31,0x1ff45e91c55c46c1cf59ab873141ba2b12f4adfb75f303bea2b10c6ce05a6420
36,1987657421991825,0.001987657421991825,0xb67bd20bf6a257209f14b1c61a1777c57e1ee050,2017-10-25T06:45:46.000Z,0.000000000000000001,0x3cf0a8dfcaafb1c11c569861922d61cfd4ac6cb4,buy,0xdab5dfa0966c3435da991b39d205c3ba1c64fe31,0x2c347bda2aead5cd11891c83463a210c306eab85d44f977726fd57c485e7ed5d
37,10000000000000000000,0.1,0xacba24578577004624344761f641a710800ee012,2017-10-25T03:27:27.000Z,0.00000000000000000001,0x144efef99f7f126987c2b5ccd717cf6edad1e67d,sell,0xdab5dfa0966c3435da991b39d205c3ba1c64fe31,0xa6fc4608efda1cb54b87f6541b4d76aa76d65fbc5b4b57131a2bf837a5175639
38,10000000000000000000,0.1,0xacba24578577004624344761f641a710800ee012,2017-10-25T03:25:36.000Z,0.00000000000000000001,0x144efef99f7f126987c2b5ccd717cf6edad1e67d,sell,0xdab5dfa0966c3435da991b39d205c3ba1c64fe31,0xecee01be0b4b58931c63e1b0ad0d1501ed543f514047a8c46bbb4e13b74f5104
39,44,0.00000000000000044,0x4ebb57fb43d3413ec4dda35bd09db0fd6f83b7c6,2017-10-25T02:42:32.000Z,0.00000000000000001,0x3cf0a8dfcaafb1c11c569861922d61cfd4ac6cb4,buy,0xdab5dfa0966c3435da991b39d205c3ba1c64fe31,0x9fb10f8396deab11ad625deabd01fb0bff498fb3f9ecf198136099b7a748f486
40,327744,0.00000000000327744,0x4ebb57fb43d3413ec4dda35bd09db0fd6f83b7c6,2017-10-25T02:42:21.000Z,0.00000000000000001,0x3cf0a8dfcaafb1c11c569861922d61cfd4ac6cb4,buy,0xdab5dfa0966c3435da991b39d205c3ba1c64fe31,0x7d937ff3bc72c94f22ae25fe0ebff49629e1509979e77f91b4c1e6686c151795
41,49959154093785090,0.49959154093785085,0x4ebb57fb43d3413ec4dda35bd09db0fd6f83b7c6,2017-10-25T02:40:19.000Z,0.00000000000000001,0xbbe8a1421d8583194bd959a640cb82225650c748,buy,0xdab5dfa0966c3435da991b39d205c3ba1c64fe31,0x38e06cfb98614a0ec0051ce934abbe6d730f9af4e599243940a102038d15c066
42,9540100000000,0.00572406,0x656f1a01aa42d84dd7eaa649b89575822befc703,2017-10-24T20:06:00.000Z,0.0000000000000006,0xc1247afc472ead93b059f15d1494cfc937809c8f,buy,0xdab5dfa0966c3435da991b39d205c3ba1c64fe31,0x4cd7e110fab878b72cdcd573fdeca316b7950adf9bab172ddeb943e467a1f5ca
43,5990000000000,0.003594,0x656f1a01aa42d84dd7eaa649b89575822befc703,2017-10-24T18:57:45.000Z,0.0000000000000006,0xc1247afc472ead93b059f15d1494cfc937809c8f,buy,0xdab5dfa0966c3435da991b39d205c3ba1c64fe31,0xc813ed2578129f23e5311adebb86b34cd55619318afb7abfe3442862b5cb484b
44,10000000000000,0.006,0x656f1a01aa42d84dd7eaa649b89575822befc703,2017-10-24T18:56:28.000Z,0.0000000000000006,0xc1247afc472ead93b059f15d1494cfc937809c8f,buy,0xdab5dfa0966c3435da991b39d205c3ba1c64fe31,0xd9f25b7735971a67ee86e1dc46a72015a532acd4d8898ab27e068156368ae44d
45,478264672138.6,0.00047826467213861,0x656f1a01aa42d84dd7eaa649b89575822befc703,2017-10-24T18:41:45.000Z,0.000000000000001,0x3cf0a8dfcaafb1c11c569861922d61cfd4ac6cb4,buy,0xdab5dfa0966c3435da991b39d205c3ba1c64fe31,0xefbf9082b505d6dcbfdd2a6f64143c2ff1a3ca46e600904631879a4a01eb8a20
46,99999949172221.2,0.09999994917222126,0xe595c80aa2236857875c9bd9f484c4d928ed63fa,2017-10-24T15:52:52.000Z,0.000000000000001,0xc1247afc472ead93b059f15d1494cfc937809c8f,buy,0xdab5dfa0966c3435da991b39d205c3ba1c64fe31,0x7982e5aa194a48e2cde2f66910e605da3f1500c73ee00eb9746cd6a408581a9d
47,20000,0.0064,0x0408f161ab4e4be0680e4619d60e412548a43790,2017-10-24T11:06:02.000Z,0.00000032,0xdbbae39c54992479faac890e81eb4d8579b951d6,buy,0xdab5dfa0966c3435da991b39d205c3ba1c64fe31,0xa190c6edc2a529e2f58bba3bb63ca0738371d8a9026bf8803c34eb30758e5901
48,508277782.8,0.000000508277782858,0x54b59cbea68b581f1fa6ae1c3d5ea0643e8e2378,2017-10-24T10:34:20.000Z,0.000000000000001,0xc1247afc472ead93b059f15d1494cfc937809c8f,buy,0xdab5dfa0966c3435da991b39d205c3ba1c64fe31,0x8fd2427fc82066b47300576cc379dd11657e8d4ed2ce40104de54e8e1b11b364
49,9999999999999998,0.009999999999999998,0xc1247afc472ead93b059f15d1494cfc937809c8f,2017-10-24T09:09:07.000Z,0.000000000000000001,0x3cf0a8dfcaafb1c11c569861922d61cfd4ac6cb4,sell,0xdab5dfa0966c3435da991b39d205c3ba1c64fe31,0xc74e07a8302ac6c89145c810d2e841b6326f9bc2ab958af99c06de14fad055c1
50,100000000000,0.03,0x66a4e99923ff534c41936d0b28a13980b0a942f0,2017-10-24T06:36:41.000Z,0.0000000000003,0x144efef99f7f126987c2b5ccd717cf6edad1e67d,sell,0xdab5dfa0966c3435da991b39d205c3ba1c64fe31,0xb4c25066dd924d955cbbc2403698a7b45fe96231525e82e1256499092a38fde4
51,2500040850014405000,0.02500040850014405,0x3cf0a8dfcaafb1c11c569861922d61cfd4ac6cb4,2017-10-24T06:36:31.000Z,0,0x144efef99f7f126987c2b5ccd717cf6edad1e67d,sell,0xdab5dfa0966c3435da991b39d205c3ba1c64fe31,0x79804d5b34f4ab5a7ecddda28033304a83e23043bea8437d0d5a20c780dc8dee
52,7499959149999997000,0.07499959149999996,0x3cf0a8dfcaafb1c11c569861922d61cfd4ac6cb4,2017-10-24T06:33:36.000Z,0,0x144efef99f7f126987c2b5ccd717cf6edad1e67d,sell,0xdab5dfa0966c3435da991b39d205c3ba1c64fe31,0xb6e68713b674413ed5f8054747e5000dbc0e2ff70c6d2485130191baeff72c51
53,17000000000000000000,0.17,0xacba24578577004624344761f641a710800ee012,2017-10-24T06:30:59.000Z,0.00000000000000000001,0x144efef99f7f126987c2b5ccd717cf6edad1e67d,sell,0xdab5dfa0966c3435da991b39d205c3ba1c64fe31,0x28665bebaf7946073c9d241c94c5e160082b1878e857b52522595b12e63b7a13
54,250000000,0.025,0x87983902d569e393bc1eca07b076df9dbcfb5ec7,2017-10-24T06:18:30.000Z,0.0000000001,0x3cf0a8dfcaafb1c11c569861922d61cfd4ac6cb4,sell,0xdab5dfa0966c3435da991b39d205c3ba1c64fe31,0xd502e2e7292340da0912443305c6f60caeebd7f66763ce4f026b9f9f5fe468f7
55,2000000000000000,0.2002,0xacba24578577004624344761f641a710800ee012,2017-10-24T06:08:16.000Z,0.0000000000000001001,0x144efef99f7f126987c2b5ccd717cf6edad1e67d,sell,0xdab5dfa0966c3435da991b39d205c3ba1c64fe31,0xb322d2a0ec1ac6929a987b752124a31f4a3ac9bb876aff07834e9f82ade7fa28
56,50333333333331,0.050333333333331,0x64dcca9d2091012bd3e1e5235d703f72f4d65746,2017-10-24T05:43:13.000Z,0.000000000000001,0x144efef99f7f126987c2b5ccd717cf6edad1e67d,sell,0xdab5dfa0966c3435da991b39d205c3ba1c64fe31,0xa1c673dee54c3d234de22102292f6f98976df18de32cddaa620329e93e13a87b
57,50505050505047,0.050505050505047,0x64dcca9d2091012bd3e1e5235d703f72f4d65746,2017-10-24T05:38:25.000Z,0.000000000000001,0x144efef99f7f126987c2b5ccd717cf6edad1e67d,sell,0xdab5dfa0966c3435da991b39d205c3ba1c64fe31,0xa33745dbffbba3976e208b1f1b3b90c62bee73a9439bd1cf3d5058f820518696
58,30000000000,0.045,0x5670fb7ddd986b14cf7ade131d67e3b484fe162c,2017-10-24T05:33:50.000Z,0.0000000000015,0x144efef99f7f126987c2b5ccd717cf6edad1e67d,sell,0xdab5dfa0966c3435da991b39d205c3ba1c64fe31,0x7acbd3182026d3a734592a0777c634a451e7b3873d1f4f955dadaff5eefa3778
59,24280287462.1,0.05341663241662,0x3cf0a8dfcaafb1c11c569861922d61cfd4ac6cb4,2017-10-24T05:32:21.000Z,0.0000000000022,0x5670fb7ddd986b14cf7ade131d67e3b484fe162c,sell,0xdab5dfa0966c3435da991b39d205c3ba1c64fe31,0x4fc713ccf52508e57cbdf78deefbf4f0060a0a5d83619a711ed5a2ddfa0165dc
60,35000000000,0.052535,0x3cf0a8dfcaafb1c11c569861922d61cfd4ac6cb4,2017-10-24T05:28:38.000Z,0.000000000001501,0x144efef99f7f126987c2b5ccd717cf6edad1e67d,sell,0xdab5dfa0966c3435da991b39d205c3ba1c64fe31,0xc9d10e0c375d6d65454d34b5e2b267d4cdcb2e4ed15fb535865e549e4aa29bda
61,41449959150000000000,0.4144995915,0xbbe8a1421d8583194bd959a640cb82225650c748,2017-10-24T05:26:38.000Z,0,0x144efef99f7f126987c2b5ccd717cf6edad1e67d,sell,0xdab5dfa0966c3435da991b39d205c3ba1c64fe31,0xd526f4c7ffd2e26bc40f1a8126ae82831c711ba99ab4ddbf151c6bcf65d54d3b
62,49901410343121016,0.49901410343121017,0x5670fb7ddd986b14cf7ade131d67e3b484fe162c,2017-10-24T05:24:48.000Z,0.00000000000000001,0x144efef99f7f126987c2b5ccd717cf6edad1e67d,sell,0xdab5dfa0966c3435da991b39d205c3ba1c64fe31,0xa8d450c7672605670d4428e94b346b7b356831d621dba7190f7e6b7e07dfff50
63,98589656878982.9,0.000985896568789829,0x5670fb7ddd986b14cf7ade131d67e3b484fe162c,2017-10-24T05:22:04.000Z,0.00000000000000001,0x144efef99f7f126987c2b5ccd717cf6edad1e67d,sell,0xdab5dfa0966c3435da991b39d205c3ba1c64fe31,0xdb56e6cf8a57464bfe7766d517d52d876a828ba5ad2d9dfba69c06b9732072f9
64,100000000,0.01,0x87983902d569e393bc1eca07b076df9dbcfb5ec7,2017-10-24T00:50:20.000Z,0.0000000001,0x5670fb7ddd986b14cf7ade131d67e3b484fe162c,sell,0xdab5dfa0966c3435da991b39d205c3ba1c64fe31,0x47f08f8705e60c40656a89e6a13cbb1033200dd51de25b97cbb401640f76290f
65,100000000,0.02,0x87983902d569e393bc1eca07b076df9dbcfb5ec7,2017-10-23T23:40:59.000Z,0.0000000002,0x5670fb7ddd986b14cf7ade131d67e3b484fe162c,sell,0xdab5dfa0966c3435da991b39d205c3ba1c64fe31,0x168d0a2e6fca798ed3e6e575af428f1b3a36a849d22858d3daf522edd5b60316
66,50000000,0.02,0x87983902d569e393bc1eca07b076df9dbcfb5ec7,2017-10-23T23:36:32.000Z,0.0000000004,0x5670fb7ddd986b14cf7ade131d67e3b484fe162c,sell,0xdab5dfa0966c3435da991b39d205c3ba1c64fe31,0x3a9c7745975f3b7c1df0cd0c8938738666ec2aacfc229831e17e451905014ae5
67,50000000,0.0205,0x27849f835bb345a26dffbfa7a8863c387b546730,2017-10-23T22:49:14.000Z,0.00000000041,0xbbe8a1421d8583194bd959a640cb82225650c748,buy,0xdab5dfa0966c3435da991b39d205c3ba1c64fe31,0xab23cfbdf9cbf9178265a961433a9b846c0163ad36ecb1fad51a71957b2c5204
68,1111111,0.00045555551,0x54b59cbea68b581f1fa6ae1c3d5ea0643e8e2378,2017-10-23T19:47:50.000Z,0.00000000041,0xbbe8a1421d8583194bd959a640cb82225650c748,buy,0xdab5dfa0966c3435da991b39d205c3ba1c64fe31,0x1aa3264de645d03592b31a4140f74de065e13ec842def9a2af01aa2e9143f060
69,99700,0.000997,0xb3343f861195d2aa17d3b9380988f1fc42faacdf,2017-10-23T19:35:31.000Z,0.00000001,0x273a5d3e6721b9f5c1a6474f560c1334c63dda01,sell,0xdab5dfa0966c3435da991b39d205c3ba1c64fe31,0x6519ffc27b209cf7d90af51a3d3d1af69fc08c1c1417cf4849f681d809482d09
70,100000,0.000041,0x273a5d3e6721b9f5c1a6474f560c1334c63dda01,2017-10-23T19:35:31.000Z,0.00000000041,0xbbe8a1421d8583194bd959a640cb82225650c748,buy,0xdab5dfa0966c3435da991b39d205c3ba1c64fe31,0x6519ffc27b209cf7d90af51a3d3d1af69fc08c1c1417cf4849f681d809482d09
71,2500000,0.0011,0xe1b70fc15811f1d1e8993ecc765aded8531024ff,2017-10-23T15:45:52.000Z,0.00000000044,0x5670fb7ddd986b14cf7ade131d67e3b484fe162c,buy,0xdab5dfa0966c3435da991b39d205c3ba1c64fe31,0xa2201915a269770fa51f79c88f7534f79c69c01d546c8073039816b2ba7121d4
72,408.6,0.00000017982665976,0xa628f96cd6d90169b5d8e6349135eb27efae8f13,2017-10-23T15:23:58.000Z,0.00000000044010440469,0x5670fb7ddd986b14cf7ade131d67e3b484fe162c,buy,0xdab5dfa0966c3435da991b39d205c3ba1c64fe31,0xd5bd86870174686214007c3db8184c33c13eee9fcebf31645144d97cd7b0dccb
73,999999,0.00043999956,0x54b59cbea68b581f1fa6ae1c3d5ea0643e8e2378,2017-10-23T14:58:31.000Z,0.00000000044,0x5670fb7ddd986b14cf7ade131d67e3b484fe162c,buy,0xdab5dfa0966c3435da991b39d205c3ba1c64fe31,0x58c75616a383f0ca6e0e61fcc5d52f9604d5a5434806ba90ae6e321138816d85
74,999999,0.00043999956,0x54b59cbea68b581f1fa6ae1c3d5ea0643e8e2378,2017-10-23T14:51:43.000Z,0.00000000044,0x5670fb7ddd986b14cf7ade131d67e3b484fe162c,buy,0xdab5dfa0966c3435da991b39d205c3ba1c64fe31,0xcb3c1d64424105659016a7140cfb96a4c5a56cd3386200a303361378a2159f74
75,999999,0.00043999956,0x54b59cbea68b581f1fa6ae1c3d5ea0643e8e2378,2017-10-23T14:51:29.000Z,0.00000000044,0x5670fb7ddd986b14cf7ade131d67e3b484fe162c,buy,0xdab5dfa0966c3435da991b39d205c3ba1c64fe31,0x0ed9f844dc6baa7e3a054bf814d14fd7decfd173be5f7e2c9bba8863be9d843d
76,333333,0.00014666652,0x54b59cbea68b581f1fa6ae1c3d5ea0643e8e2378,2017-10-23T14:48:20.000Z,0.00000000044,0x5670fb7ddd986b14cf7ade131d67e3b484fe162c,buy,0xdab5dfa0966c3435da991b39d205c3ba1c64fe31,0xe4c3677cde4b224a9cbcc7d20f005e0b85357c1ee17f7a37dc77eb3d435b9702
77,8888888,0.00391111072,0x54b59cbea68b581f1fa6ae1c3d5ea0643e8e2378,2017-10-23T14:47:40.000Z,0.00000000044,0x5670fb7ddd986b14cf7ade131d67e3b484fe162c,buy,0xdab5dfa0966c3435da991b39d205c3ba1c64fe31,0xe9067c83916d4f0ec520d68d9274a61c34b7bcd2dedd17d20ebf7e0cd567d57d
78,9999999,0.00439999956,0x54b59cbea68b581f1fa6ae1c3d5ea0643e8e2378,2017-10-23T14:35:04.000Z,0.00000000044,0x5670fb7ddd986b14cf7ade131d67e3b484fe162c,buy,0xdab5dfa0966c3435da991b39d205c3ba1c64fe31,0xffd90aaadf5281814d163778c9b8b7b9ff901d719c2a7224e9d691042e36181b
79,100213.4,0.00000018038412,0x5670fb7ddd986b14cf7ade131d67e3b484fe162c,2017-10-23T14:32:28.000Z,0.0000000000018,0xa628f96cd6d90169b5d8e6349135eb27efae8f13,sell,0xdab5dfa0966c3435da991b39d205c3ba1c64fe31,0xe7781d86af94bf914cf17e60923b788f859b127d4071ebaf3d879d275bfd7acd
80,548.1,0.000000241168378028,0xa628f96cd6d90169b5d8e6349135eb27efae8f13,2017-10-23T14:23:21.000Z,0.00000000044000798764,0x5670fb7ddd986b14cf7ade131d67e3b484fe162c,buy,0xdab5dfa0966c3435da991b39d205c3ba1c64fe31,0xa5d5ac1d18e2f7329a633812e2fb84ce0142aa457f8970a7104e06e5109512b0
81,10000000,0.0044,0x273a5d3e6721b9f5c1a6474f560c1334c63dda01,2017-10-23T11:44:47.000Z,0.00000000044,0x5670fb7ddd986b14cf7ade131d67e3b484fe162c,buy,0xdab5dfa0966c3435da991b39d205c3ba1c64fe31,0x7f20eaab644341ce2e7307ff64e9079fcc1b6d33bb1a230e4614be979d0ff248
82,9970000,0.00997,0x993ba35bb88d457f106ef74dd434dac66720bcbd,2017-10-23T11:44:47.000Z,0.000000001,0x273a5d3e6721b9f5c1a6474f560c1334c63dda01,sell,0xdab5dfa0966c3435da991b39d205c3ba1c64fe31,0x7f20eaab644341ce2e7307ff64e9079fcc1b6d33bb1a230e4614be979d0ff248
83,30000,0.0000285,0x5670fb7ddd986b14cf7ade131d67e3b484fe162c,2017-10-23T11:15:08.000Z,0.00000000095,0xe5f80b82b325740196728fdc27130ce20166cc43,buy,0xdab5dfa0966c3435da991b39d205c3ba1c64fe31,0xae43a62e86f7d4a5a7a8caaff1f5e215a09c05850aa87ca22b5b1e3357698fc5
84,8500,0.000017,0x5670fb7ddd986b14cf7ade131d67e3b484fe162c,2017-10-23T11:14:52.000Z,0.000000002,0x971f30c325d9924ad472adf0bf98702502baad93,buy,0xdab5dfa0966c3435da991b39d205c3ba1c64fe31,0xa79ae833a68c305b61908f7a1686de887f8f071d8eb14227413bc62011d77ebd
85,720000,0.0006408,0x5670fb7ddd986b14cf7ade131d67e3b484fe162c,2017-10-23T11:14:29.000Z,0.00000000089,0xe5f80b82b325740196728fdc27130ce20166cc43,buy,0xdab5dfa0966c3435da991b39d205c3ba1c64fe31,0xb93cad4fa3b9135f797d85328b5286bef9cdf1d26bd5151160d6b0a0b51d787f
86,30000,0.0000267,0x5670fb7ddd986b14cf7ade131d67e3b484fe162c,2017-10-23T11:12:16.000Z,0.00000000089,0xe5f80b82b325740196728fdc27130ce20166cc43,buy,0xdab5dfa0966c3435da991b39d205c3ba1c64fe31,0xa32b4c0a7fa0c29abff21989f1fe5e9288d8dc594b5341a1b703927d3b8cc88d
87,10000000,0.01,0x5d6ccdef685023e074b72898b49df8a9754ab473,2017-10-23T10:40:51.000Z,0.000000001,0x5670fb7ddd986b14cf7ade131d67e3b484fe162c,sell,0xdab5dfa0966c3435da991b39d205c3ba1c64fe31,0xbf6c5ff6743fd25e1280d7e365c3e005bb5f01feeca269353017ad4751b2b563
88,99699798.6,0.0996997986,0x5d6ccdef685023e074b72898b49df8a9754ab473,2017-10-23T10:38:56.000Z,0.000000001,0x273a5d3e6721b9f5c1a6474f560c1334c63dda01,sell,0xdab5dfa0966c3435da991b39d205c3ba1c64fe31,0xecbe9b2864b3d6c8e20d027243ea9e48142cbe48b9b849ef3b059a1e136e3703
89,99999798,0.04399991112,0x273a5d3e6721b9f5c1a6474f560c1334c63dda01,2017-10-23T10:38:56.000Z,0.00000000044,0x5670fb7ddd986b14cf7ade131d67e3b484fe162c,buy,0xdab5dfa0966c3435da991b39d205c3ba1c64fe31,0xecbe9b2864b3d6c8e20d027243ea9e48142cbe48b9b849ef3b059a1e136e3703
90,152.4,0.000000137178,0x5670fb7ddd986b14cf7ade131d67e3b484fe162c,2017-10-23T08:08:49.000Z,0.00000000090011811023,0x5670fb7ddd986b14cf7ade131d67e3b484fe162c,buy,0xdab5dfa0966c3435da991b39d205c3ba1c64fe31,0x32c6538f2b2dbebf99128aa8666d4c343d99839090561212423b993e3a9354e2
91,135,0.0000001215,0x5670fb7ddd986b14cf7ade131d67e3b484fe162c,2017-10-23T08:08:49.000Z,0.0000000009,0x5670fb7ddd986b14cf7ade131d67e3b484fe162c,buy,0xdab5dfa0966c3435da991b39d205c3ba1c64fe31,0x91a3bb14119d15acb0ad0675937627d500e61876aa918c339ddd9135d07170c3
92,1000,0.0000009,0x5670fb7ddd986b14cf7ade131d67e3b484fe162c,2017-10-23T08:08:12.000Z,0.0000000009,0x5670fb7ddd986b14cf7ade131d67e3b484fe162c,buy,0xdab5dfa0966c3435da991b39d205c3ba1c64fe31,0xb030d6e03e352ac67e2a4835a15c464bfa5d6446350cf59f0f4eefb217c66130
93,100,0.00000009,0x5670fb7ddd986b14cf7ade131d67e3b484fe162c,2017-10-23T08:08:12.000Z,0.0000000009,0x5670fb7ddd986b14cf7ade131d67e3b484fe162c,buy,0xdab5dfa0966c3435da991b39d205c3ba1c64fe31,0x9c0f974308989be908c69f4b6613c956b68b301f49dc121f5ed3fcd7cadd8c84
94,100,0.000000044,0x5670fb7ddd986b14cf7ade131d67e3b484fe162c,2017-10-23T08:05:39.000Z,0.00000000044,0x5670fb7ddd986b14cf7ade131d67e3b484fe162c,buy,0xdab5dfa0966c3435da991b39d205c3ba1c64fe31,0xc34ca0ebec4b4424bce249a3d7ebdb9a107d1c0ddd9e33b3da391fe52365dfe8
95,100,0.000000044,0x5670fb7ddd986b14cf7ade131d67e3b484fe162c,2017-10-23T08:05:24.000Z,0.00000000044,0x5670fb7ddd986b14cf7ade131d67e3b484fe162c,buy,0xdab5dfa0966c3435da991b39d205c3ba1c64fe31,0x3b44aa16a52da5651256ee9face04d056e1b71c6507f1619775acac08efef641
96,1,0.00000000044,0x5670fb7ddd986b14cf7ade131d67e3b484fe162c,2017-10-23T08:05:24.000Z,0.00000000044,0x5670fb7ddd986b14cf7ade131d67e3b484fe162c,buy,0xdab5dfa0966c3435da991b39d205c3ba1c64fe31,0x006931966bdc5f5fd5c61e08feb0dc915efc7d5f99bf23abf28b4f11fd56984b
97,1,0.00000000044,0x5670fb7ddd986b14cf7ade131d67e3b484fe162c,2017-10-23T06:39:38.000Z,0.00000000044,0x5670fb7ddd986b14cf7ade131d67e3b484fe162c,buy,0xdab5dfa0966c3435da991b39d205c3ba1c64fe31,0x1db8bd6302b01e097b8a17c9fd5360064d2e336ec8cf3a21e8e895b4880deaf6
98,999999999999,0.77999999999922,0x5670fb7ddd986b14cf7ade131d67e3b484fe162c,2017-10-23T04:54:30.000Z,0.00000000000078,0x144efef99f7f126987c2b5ccd717cf6edad1e67d,sell,0xdab5dfa0966c3435da991b39d205c3ba1c64fe31,0xf49a8d6cd6d399f956979d163ff335bfa112514ad32cc1a2564043b5b0d87ac8
99,161839300,0.239522164,0x4ebb57fb43d3413ec4dda35bd09db0fd6f83b7c6,2017-10-23T04:36:13.000Z,0.00000000148,0x3cf0a8dfcaafb1c11c569861922d61cfd4ac6cb4,buy,0xdab5dfa0966c3435da991b39d205c3ba1c64fe31,0x1e641767c3d768841fdb100cf37b5c771e941854c239a160bfbbd22c1889a6a3
100,100000000,0.12,0x4ebb57fb43d3413ec4dda35bd09db0fd6f83b7c6,2017-10-23T04:30:09.000Z,0.0000000012,0x5670fb7ddd986b14cf7ade131d67e3b484fe162c,buy,0xdab5dfa0966c3435da991b39d205c3ba1c64fe31,0x500a0e7f325c6ff34235dd865eefedcdb9c9477ac8bd309e4c0163d94fe69ae7
101,499999999,0.050499999899,0xe5f80b82b325740196728fdc27130ce20166cc43,2017-10-23T03:55:58.000Z,0.000000000101,0x144efef99f7f126987c2b5ccd717cf6edad1e67d,sell,0xdab5dfa0966c3435da991b39d205c3ba1c64fe31,0x6ce2c6a064d78b3671619d4676582a510e9df383bb582850a87f81c5b8e1fe26
102,299999999,0.0307499998975,0xacba24578577004624344761f641a710800ee012,2017-10-23T03:55:28.000Z,0.0000000001025,0x144efef99f7f126987c2b5ccd717cf6edad1e67d,sell,0xdab5dfa0966c3435da991b39d205c3ba1c64fe31,0x4f8b28b9c72ec53186b6b39be5fd74c9fc0983a26504c6dbbfd0bb7fed075c33
103,999999999,0.10999999989,0x5670fb7ddd986b14cf7ade131d67e3b484fe162c,2017-10-23T03:55:06.000Z,0.00000000011,0x144efef99f7f126987c2b5ccd717cf6edad1e67d,sell,0xdab5dfa0966c3435da991b39d205c3ba1c64fe31,0xd8769d05e2ffb8998110af55330c4cc91f1e19d7c3c9407fd3706de9d253e1ab
104,1,0.0000000001,0x3f1827827dd5cf78bb8c62d3e45d8f921196d325,2017-10-22T17:49:35.000Z,0.0000000001,0xa628f96cd6d90169b5d8e6349135eb27efae8f13,sell,0xdab5dfa0966c3435da991b39d205c3ba1c64fe31,0xb80bc6d834a652b28805f6edfb71f95b498c8a6000839e1d5590b77cd8546a7b
105,1,0.000000000000009,0xbbe8a1421d8583194bd959a640cb82225650c748,2017-10-22T17:49:35.000Z,0.000000000000009,0xa628f96cd6d90169b5d8e6349135eb27efae8f13,sell,0xdab5dfa0966c3435da991b39d205c3ba1c64fe31,0x82190bf3b5029b7cb6b1d21c17d23bfe313be0332c3d3376a6a7ca784e289c08
106,1,0.000000000000009,0xbbe8a1421d8583194bd959a640cb82225650c748,2017-10-22T17:49:35.000Z,0.000000000000009,0xa628f96cd6d90169b5d8e6349135eb27efae8f13,sell,0xdab5dfa0966c3435da991b39d205c3ba1c64fe31,0x518a2ac5409abbeeded1245051e2959983781e32220b41b410777017706ee7de
107,1,0.000000000000009,0xbbe8a1421d8583194bd959a640cb82225650c748,2017-10-22T17:49:35.000Z,0.000000000000009,0xa628f96cd6d90169b5d8e6349135eb27efae8f13,sell,0xdab5dfa0966c3435da991b39d205c3ba1c64fe31,0x44c85420f044dbf17c32af357ff7f7352f3ee20bb162f3efe2de5d9d7630c093
108,1,0.000000000000009,0xbbe8a1421d8583194bd959a640cb82225650c748,2017-10-22T17:49:35.000Z,0.000000000000009,0xa628f96cd6d90169b5d8e6349135eb27efae8f13,sell,0xdab5dfa0966c3435da991b39d205c3ba1c64fe31,0xd011f82c13ae3a83f46493b4640e4ee385b1bbbea209ca26d68392d002a69c09
109,1,0.000000000000009,0xbbe8a1421d8583194bd959a640cb82225650c748,2017-10-22T17:49:35.000Z,0.000000000000009,0xa628f96cd6d90169b5d8e6349135eb27efae8f13,sell,0xdab5dfa0966c3435da991b39d205c3ba1c64fe31,0x5222330b875809a2cb1c4be58f04c1f36f07a9fc74861c833f9b8fba6bec80b6
110,1,0.000000000000009,0xbbe8a1421d8583194bd959a640cb82225650c748,2017-10-22T17:49:35.000Z,0.000000000000009,0xa628f96cd6d90169b5d8e6349135eb27efae8f13,sell,0xdab5dfa0966c3435da991b39d205c3ba1c64fe31,0xfdc661b2de2d360d2fe1cd7c86b2bf6effabe031954835c101350d35afb5b1c0
111,1,0.0000000001,0x3f1827827dd5cf78bb8c62d3e45d8f921196d325,2017-10-22T17:49:35.000Z,0.0000000001,0xa628f96cd6d90169b5d8e6349135eb27efae8f13,sell,0xdab5dfa0966c3435da991b39d205c3ba1c64fe31,0xda4aff7d9ef1e048f455604293c547b27394b1e993ad15ccdd33929da5bed4ff
112,1,0.000000000000001,0x64dcca9d2091012bd3e1e5235d703f72f4d65746,2017-10-22T17:49:35.000Z,0.000000000000001,0xa628f96cd6d90169b5d8e6349135eb27efae8f13,sell,0xdab5dfa0966c3435da991b39d205c3ba1c64fe31,0xac9a557b7e0ebea5c530e9a8c8bcb8327dbe0327d56e197386f2808b0aa06dd4
113,1,0.000000000000001,0x64dcca9d2091012bd3e1e5235d703f72f4d65746,2017-10-22T17:49:35.000Z,0.000000000000001,0xa628f96cd6d90169b5d8e6349135eb27efae8f13,sell,0xdab5dfa0966c3435da991b39d205c3ba1c64fe31,0x077b469c8c2425d8449a1bb6a3caf9ad944ce83bb87a4c5b818c03bf71ca7c17
114,1,0.000000000000009,0xbbe8a1421d8583194bd959a640cb82225650c748,2017-10-22T17:46:03.000Z,0.000000000000009,0xa628f96cd6d90169b5d8e6349135eb27efae8f13,sell,0xdab5dfa0966c3435da991b39d205c3ba1c64fe31,0x8aa87d8e15ddd56eae380d1e9ae7d47801acf6934185c3b45b30ccf4fc65896e
115,1,0.000000000000009,0xbbe8a1421d8583194bd959a640cb82225650c748,2017-10-22T17:46:03.000Z,0.000000000000009,0xa628f96cd6d90169b5d8e6349135eb27efae8f13,sell,0xdab5dfa0966c3435da991b39d205c3ba1c64fe31,0x56a3535cfa3ea53fa169b26d1c3935cb8b913e320b8b90532427691c0e61d172
116,1,0.000000000000009,0xbbe8a1421d8583194bd959a640cb82225650c748,2017-10-22T17:46:01.000Z,0.000000000000009,0xa628f96cd6d90169b5d8e6349135eb27efae8f13,sell,0xdab5dfa0966c3435da991b39d205c3ba1c64fe31,0x1db5bb10aca167c950bd29701e2a33d04e7e3af9b925504cca623d5b90cb2a94
117,1,0.000000000000009,0xbbe8a1421d8583194bd959a640cb82225650c748,2017-10-22T17:43:48.000Z,0.000000000000009,0xa628f96cd6d90169b5d8e6349135eb27efae8f13,sell,0xdab5dfa0966c3435da991b39d205c3ba1c64fe31,0xcb8d627fcef21c870dd6b6a573cb25e03ee42e1f5f373eacfd792d95561dbfeb
118,1,0.000000000000009,0xbbe8a1421d8583194bd959a640cb82225650c748,2017-10-22T17:43:05.000Z,0.000000000000009,0xa628f96cd6d90169b5d8e6349135eb27efae8f13,sell,0xdab5dfa0966c3435da991b39d205c3ba1c64fe31,0x6ccde7c1a67580bacf8f6e6aee1a945049896323cea1bbb44cb7868f31705065
119,1,0.000000000000001,0x64dcca9d2091012bd3e1e5235d703f72f4d65746,2017-10-22T17:42:26.000Z,0.000000000000001,0xa628f96cd6d90169b5d8e6349135eb27efae8f13,sell,0xdab5dfa0966c3435da991b39d205c3ba1c64fe31,0x9041604c552b83c149c02ab05a005dd09782944577c9dd82857b891e681dbb5b
120,1,0.000000000000001,0x64dcca9d2091012bd3e1e5235d703f72f4d65746,2017-10-22T17:42:24.000Z,0.000000000000001,0xa628f96cd6d90169b5d8e6349135eb27efae8f13,sell,0xdab5dfa0966c3435da991b39d205c3ba1c64fe31,0xf629747b0008b3ab9c0f9f2b1124357769283f7040159527e5ac87e4ea239162
121,1,0.0000000001,0x3f1827827dd5cf78bb8c62d3e45d8f921196d325,2017-10-22T17:42:24.000Z,0.0000000001,0xa628f96cd6d90169b5d8e6349135eb27efae8f13,sell,0xdab5dfa0966c3435da991b39d205c3ba1c64fe31,0x83524d7509bae79a98de0a439da547bbf1433f106f351b7d57d3d72867ed33d9
122,1,0.0000000001025,0xacba24578577004624344761f641a710800ee012,2017-10-22T17:42:24.000Z,0.0000000001025,0xa628f96cd6d90169b5d8e6349135eb27efae8f13,sell,0xdab5dfa0966c3435da991b39d205c3ba1c64fe31,0x65b4f6c99aca70d823e4be39941813c6aa629bf657db6d78c97af8d17e9c9fde
123,1,0.000000000000001,0x64dcca9d2091012bd3e1e5235d703f72f4d65746,2017-10-22T17:42:24.000Z,0.000000000000001,0xa628f96cd6d90169b5d8e6349135eb27efae8f13,sell,0xdab5dfa0966c3435da991b39d205c3ba1c64fe31,0x6de93f72759f61e52b11b043170065aa3012d55bc87b533ee51b9c7067ef60b2
124,1,0.0000000001,0x3f1827827dd5cf78bb8c62d3e45d8f921196d325,2017-10-22T17:42:24.000Z,0.0000000001,0xa628f96cd6d90169b5d8e6349135eb27efae8f13,sell,0xdab5dfa0966c3435da991b39d205c3ba1c64fe31,0x43c4fb4c034b88ceabc491e00418808ae3d7ad4d89b4929781b5244438eb4c8f
125,1,0.0000000001,0x3f1827827dd5cf78bb8c62d3e45d8f921196d325,2017-10-22T17:42:24.000Z,0.0000000001,0xa628f96cd6d90169b5d8e6349135eb27efae8f13,sell,0xdab5dfa0966c3435da991b39d205c3ba1c64fe31,0x92ff9f4b8a3093986c5027bd6aaa1612e8e86fd794ceeb30a897a6fcdb8f22e6
126,1,0.00000000011,0x5670fb7ddd986b14cf7ade131d67e3b484fe162c,2017-10-22T17:42:24.000Z,0.00000000011,0xa628f96cd6d90169b5d8e6349135eb27efae8f13,sell,0xdab5dfa0966c3435da991b39d205c3ba1c64fe31,0x6803c8fd90de63662177dd6ac8417d7075494c81ab22bfa30f34b1e7d261e3bc
127,1,0.000000000101,0xe5f80b82b325740196728fdc27130ce20166cc43,2017-10-22T17:42:24.000Z,0.000000000101,0xa628f96cd6d90169b5d8e6349135eb27efae8f13,sell,0xdab5dfa0966c3435da991b39d205c3ba1c64fe31,0x7fc711f1e35ca6aac988e3291d86ac5768620f02dd8970f9abddad4a5529b833
128,500000000.8,0.500000000845,0x8412aa72b3676b9c67e176ac026be71ad41e9f68,2017-10-22T13:53:24.000Z,0.00000000100000000008,0x14de556c374f1f3ad91c13641bd59ac6e016a45a,buy,0xdab5dfa0966c3435da991b39d205c3ba1c64fe31,0xb28608c4b0aafeae3c9336d641b3d1c947337d511d9776f3881ed959b4071214
129,20000000,0.02,0x66a4e99923ff534c41936d0b28a13980b0a942f0,2017-10-22T08:33:22.000Z,0.000000001,0x14de556c374f1f3ad91c13641bd59ac6e016a45a,buy,0xdab5dfa0966c3435da991b39d205c3ba1c64fe31,0xbb8f666beaa42dcf08c50b4a838ceb6c01d981e10c654edcb6580f5edbbef08c
130,10000000,0.01,0x7530f85827154ce178ff6c0710af07520663f9d5,2017-10-22T06:41:48.000Z,0.000000001,0x14de556c374f1f3ad91c13641bd59ac6e016a45a,buy,0xdab5dfa0966c3435da991b39d205c3ba1c64fe31,0x026cf04d541fa567c22c491993ecf81ae0c9ab971481435f5a933679e9104a35
131,5823.4,0.00000582345461797,0x7530f85827154ce178ff6c0710af07520663f9d5,2017-10-22T06:34:25.000Z,0.00000000100000937905,0x14de556c374f1f3ad91c13641bd59ac6e016a45a,buy,0xdab5dfa0966c3435da991b39d205c3ba1c64fe31,0xe7622aa6af662d0813649eaa63547651d241a416f81fa9ac8628b5cca04c4a95
132,0.1,0.37,0x144efef99f7f126987c2b5ccd717cf6edad1e67d,2017-10-22T04:01:17.000Z,3.7,0x144efef99f7f126987c2b5ccd717cf6edad1e67d,buy,0xdab5dfa0966c3435da991b39d205c3ba1c64fe31,0xb0b0347978ed338f7b9171a2502a9aa31a5f7f8b3d232a505be3df3332cb983e
133,0.1,0.37,0x144efef99f7f126987c2b5ccd717cf6edad1e67d,2017-10-22T04:00:35.000Z,3.7,0x144efef99f7f126987c2b5ccd717cf6edad1e67d,buy,0xdab5dfa0966c3435da991b39d205c3ba1c64fe31,0x00742b79d1789c6d6ca69d945572f900af243adb105752657d070383b94b3d32
134,0.1,0.37,0x144efef99f7f126987c2b5ccd717cf6edad1e67d,2017-10-22T03:59:22.000Z,3.7,0x144efef99f7f126987c2b5ccd717cf6edad1e67d,buy,0xdab5dfa0966c3435da991b39d205c3ba1c64fe31,0xda2514ba30bd37f46e65627af4356f9c3f7d51b4f2f50848a6e43f45e4866b20
135,1,0.35,0x144efef99f7f126987c2b5ccd717cf6edad1e67d,2017-10-22T03:58:30.000Z,0.35,0x144efef99f7f126987c2b5ccd717cf6edad1e67d,buy,0xdab5dfa0966c3435da991b39d205c3ba1c64fe31,0x8b34f526734d8397eb3070561c9f0e60a8402bcfc71a815ce3e0f0595376b6a9
136,0.1,0.35,0x144efef99f7f126987c2b5ccd717cf6edad1e67d,2017-10-22T03:57:15.000Z,3.5,0x144efef99f7f126987c2b5ccd717cf6edad1e67d,buy,0xdab5dfa0966c3435da991b39d205c3ba1c64fe31,0xfa03f2a14ada8259f37ae0140ed296aac70bf540371ea8036b49a5220780d8a7
137,0.7,0.35,0x144efef99f7f126987c2b5ccd717cf6edad1e67d,2017-10-22T03:55:06.000Z,0.5,0x144efef99f7f126987c2b5ccd717cf6edad1e67d,buy,0xdab5dfa0966c3435da991b39d205c3ba1c64fe31,0x2bc8922bae53ee6bb3d772b685f5c092423598df929a01be36c073d00cbe3c3f
138,0.1,0.2,0x144efef99f7f126987c2b5ccd717cf6edad1e67d,2017-10-22T03:52:57.000Z,2,0x144efef99f7f126987c2b5ccd717cf6edad1e67d,buy,0xdab5dfa0966c3435da991b39d205c3ba1c64fe31,0x276f97d02d9cb1efe3dba40439c61e939838787493b137ee38c806b4df29a4e0
139,0.1,0.38,0x144efef99f7f126987c2b5ccd717cf6edad1e67d,2017-10-22T03:51:07.000Z,3.8,0x144efef99f7f126987c2b5ccd717cf6edad1e67d,buy,0xdab5dfa0966c3435da991b39d205c3ba1c64fe31,0x1b70230669ffeba7040c25affd424f3d419f059c1c76f287f704c49e38a3650d
140,0.5,0.35,0x144efef99f7f126987c2b5ccd717cf6edad1e67d,2017-10-22T03:50:06.000Z,0.7,0x144efef99f7f126987c2b5ccd717cf6edad1e67d,buy,0xdab5dfa0966c3435da991b39d205c3ba1c64fe31,0xa57c5e9f7b3d77318173ef8b0380a48b66df9d4dbaf964a6cea8b2df2e4818ef
141,6,0.348,0x144efef99f7f126987c2b5ccd717cf6edad1e67d,2017-10-22T03:48:57.000Z,0.058,0x144efef99f7f126987c2b5ccd717cf6edad1e67d,buy,0xdab5dfa0966c3435da991b39d205c3ba1c64fe31,0xd98a6426a5b27f92cd7445d73f737c6efd0be07a76a06ecd2e31b0cb584ccef0
142,3,0.36,0x144efef99f7f126987c2b5ccd717cf6edad1e67d,2017-10-22T03:47:55.000Z,0.12,0x144efef99f7f126987c2b5ccd717cf6edad1e67d,buy,0xdab5dfa0966c3435da991b39d205c3ba1c64fe31,0x8f4b7dba8f7de3cf0772c6b9e42b705dc4c2de0d090d15af4bdd88e0e55b806c
143,9,0.36,0x144efef99f7f126987c2b5ccd717cf6edad1e67d,2017-10-22T03:45:57.000Z,0.04,0x144efef99f7f126987c2b5ccd717cf6edad1e67d,buy,0xdab5dfa0966c3435da991b39d205c3ba1c64fe31,0x23ec39ebb505745454d04a694265879bfd3e71d98daa0bfee99b802fc742e39d
144,5,0.35,0x144efef99f7f126987c2b5ccd717cf6edad1e67d,2017-10-22T03:44:35.000Z,0.07,0x144efef99f7f126987c2b5ccd717cf6edad1e67d,buy,0xdab5dfa0966c3435da991b39d205c3ba1c64fe31,0xa0885eafdc36c97d118edf161cbee75c35791ca29d29379b5183ebd203ebc1ef
145,10,0.35,0x144efef99f7f126987c2b5ccd717cf6edad1e67d,2017-10-22T03:43:27.000Z,0.035,0x144efef99f7f126987c2b5ccd717cf6edad1e67d,buy,0xdab5dfa0966c3435da991b39d205c3ba1c64fe31,0xdf489bb5efc5c28cca10a5eb2676e26f2fdc6dc11f5aca5b62cc1549378d6fa3
146,0.9,0.3987532422454649,0x144efef99f7f126987c2b5ccd717cf6edad1e67d,2017-10-22T03:41:34.000Z,0.4430591580505165,0x144efef99f7f126987c2b5ccd717cf6edad1e67d,buy,0xdab5dfa0966c3435da991b39d205c3ba1c64fe31,0xd4c18efbb730aac2b6c7974a31c2330d4b3b29bf856216255ebc68ec073d3d7e
147,1,0.01,0x144efef99f7f126987c2b5ccd717cf6edad1e67d,2017-10-22T03:39:58.000Z,0.01,0x144efef99f7f126987c2b5ccd717cf6edad1e67d,buy,0xdab5dfa0966c3435da991b39d205c3ba1c64fe31,0x157d040863d1f90b1d0c1254fc631b9c21006da6b82228500d8a8936a896be71
148,2153032936.2,0.0000193772964258,0xbbe8a1421d8583194bd959a640cb82225650c748,2017-10-22T02:11:03.000Z,0.000000000000009,0x144efef99f7f126987c2b5ccd717cf6edad1e67d,sell,0xdab5dfa0966c3435da991b39d205c3ba1c64fe31,0xebe4589b197d95d57233e046e7e80df356a48be46a730d3b0f32cbbca034954d
149,300000,0.0003,0x864c253182846f773742f5a346f5905c6faded78,2017-10-21T16:23:38.000Z,0.000000001,0x14de556c374f1f3ad91c13641bd59ac6e016a45a,buy,0xdab5dfa0966c3435da991b39d205c3ba1c64fe31,0xa1ae40d0a0ef2c4542927f729ebb09b7ac027a8233a32f5beeac6572e073446d
150,1500000,0.003,0xd1df0dc1c41bd6443a35d49616fd70b7bd026029,2017-10-21T15:36:36.000Z,0.000000002,0x971f30c325d9924ad472adf0bf98702502baad93,buy,0xdab5dfa0966c3435da991b39d205c3ba1c64fe31,0x9b8a9aacf7d645c0f4365b0ef1f88dfc0b429ed3fd07dd379b4a1e4fe0ceaa7c
151,17266708.7,0.01554003783,0x2574ec620b790e9f2483386ad5a09cf4b0b84115,2017-10-21T05:59:02.000Z,0.0000000009,0x833438ee8ac5c23f579ec08142f2285b4a596b74,buy,0xdab5dfa0966c3435da991b39d205c3ba1c64fe31,0x406396fbed26cc20bb95c0ada66bafe5822fecff2427de8ec8fefbff9f47b08a
152,10000000,0.0148,0xb99f72a8b0d3a5025ab8b2ca534973497af42899,2017-10-20T13:00:27.000Z,0.00000000148,0x3cf0a8dfcaafb1c11c569861922d61cfd4ac6cb4,buy,0xdab5dfa0966c3435da991b39d205c3ba1c64fe31,0x6a5f4ad97bca529539c8096aaa8b3220b5f68e623418a7f796b1091c7218f385
153,100000000,0.148,0x48eaedfa6ab55f414a433f0778f55ed9b827e822,2017-10-20T10:12:22.000Z,0.00000000148,0x3cf0a8dfcaafb1c11c569861922d61cfd4ac6cb4,buy,0xdab5dfa0966c3435da991b39d205c3ba1c64fe31,0x270e121f24c75bbaede988334cf267e08a16d8ab3c964d6fd1692a32fe6522d5
154,10000000,0.01,0x0fe6090affd0b5ba58586ab18fe575a51911d098,2017-10-20T04:02:16.000Z,0.000000001,0x3cf0a8dfcaafb1c11c569861922d61cfd4ac6cb4,sell,0xdab5dfa0966c3435da991b39d205c3ba1c64fe31,0x4fe4ab4308c264d4979c157d019530e9f11ed4ee1267502fc4decb5efcb614a0
155,1,0.00000000149,0x6cdea8e07bf82d7a07dbf36642d6e5be8623845c,2017-10-20T01:22:00.000Z,0.00000000149,0xbbe8a1421d8583194bd959a640cb82225650c748,buy,0xdab5dfa0966c3435da991b39d205c3ba1c64fe31,0x72e965b98a085936e7d8a1d0244e377982c71f15129a8c6039fb0cb4a79ab370
156,8037031,0.011975176207911945,0x68ca7fc4bfc3bb2a9cf6f45736dcadc2c427c5a0,2017-10-19T23:16:29.000Z,0.00000000149000000222,0xbbe8a1421d8583194bd959a640cb82225650c748,buy,0xdab5dfa0966c3435da991b39d205c3ba1c64fe31,0x550afd9e9b6c6ef8c6bd4f7a107006aeca1215a1a92434e0384bd1a4e5297580
157,5233291.3,0.009943253581472087,0xa628f96cd6d90169b5d8e6349135eb27efae8f13,2017-10-19T20:36:23.000Z,0.0000000019000000213,0x833438ee8ac5c23f579ec08142f2285b4a596b74,buy,0xdab5dfa0966c3435da991b39d205c3ba1c64fe31,0x5b712663bc906811b16cd2d91567026518780d1d27cd7d0a27be7035df4cb978
158,2500000,0.00475,0xcf0609bca4770b8e698250208df4bcdaf6ba5e2d,2017-10-19T19:41:29.000Z,0.0000000019,0x833438ee8ac5c23f579ec08142f2285b4a596b74,buy,0xdab5dfa0966c3435da991b39d205c3ba1c64fe31,0x4cf61205a47aebc6b94ed0332f31d7b1cf63d9105821d202d472f605a2460d91
159,10000000,0.01,0x971f30c325d9924ad472adf0bf98702502baad93,2017-10-19T15:40:20.000Z,0.000000001,0x3cf0a8dfcaafb1c11c569861922d61cfd4ac6cb4,sell,0xdab5dfa0966c3435da991b39d205c3ba1c64fe31,0xdc8eb4b67b5197aa59cda4d7f12b1bd8720c5b17d8e1dd1fd8e95d79f4f487fd
160,25000000,0.0275,0x833438ee8ac5c23f579ec08142f2285b4a596b74,2017-10-19T15:32:08.000Z,0.0000000011,0x144efef99f7f126987c2b5ccd717cf6edad1e67d,sell,0xdab5dfa0966c3435da991b39d205c3ba1c64fe31,0xe757e7961f5d6434a78752db4b19433540b94a40b8be66ef7d857d4be987147f
161,62585100,0.03129255,0x3cf0a8dfcaafb1c11c569861922d61cfd4ac6cb4,2017-10-19T15:30:20.000Z,0.0000000005,0x144efef99f7f126987c2b5ccd717cf6edad1e67d,sell,0xdab5dfa0966c3435da991b39d205c3ba1c64fe31,0x71457e927e9639584ae3c55bd24a1d5e7200f4fba63144298493cad5a9092e9d
162,150000000,0.075,0x3cf0a8dfcaafb1c11c569861922d61cfd4ac6cb4,2017-10-19T15:28:11.000Z,0.0000000005,0x144efef99f7f126987c2b5ccd717cf6edad1e67d,sell,0xdab5dfa0966c3435da991b39d205c3ba1c64fe31,0x35008b3ca8305626a507bba2a7dbe49bf95366d4dc9bda94c303ac52c6017254
163,2000000000,0.2,0xbbe8a1421d8583194bd959a640cb82225650c748,2017-10-19T15:27:52.000Z,0.0000000001,0x144efef99f7f126987c2b5ccd717cf6edad1e67d,sell,0xdab5dfa0966c3435da991b39d205c3ba1c64fe31,0x9b35c500584231a08a7d919754a4cb8d593b480c2d43113b54269cb37a25389e
164,1600000,0.0048,0x6649d3edaff0ad547c3b86765b58d425be0e7bc6,2017-10-19T03:55:31.000Z,0.000000003,0x3cf0a8dfcaafb1c11c569861922d61cfd4ac6cb4,sell,0xdab5dfa0966c3435da991b39d205c3ba1c64fe31,0xd81460906fc98df9b77d66a4c2d8424fa662eb73b2cd2998143324eb1e906438
165,10000000,0.01,0x3f1827827dd5cf78bb8c62d3e45d8f921196d325,2017-10-19T03:55:02.000Z,0.000000001,0x3cf0a8dfcaafb1c11c569861922d61cfd4ac6cb4,sell,0xdab5dfa0966c3435da991b39d205c3ba1c64fe31,0xa335689d03c083d6297bb6e962dab2e1d5d0a2b8902a23c59f2e51a5670f3f90
166,997513.8,0.002992541564716971,0x68ca7fc4bfc3bb2a9cf6f45736dcadc2c427c5a0,2017-10-19T03:00:15.000Z,0.00000000300000016512,0x14de556c374f1f3ad91c13641bd59ac6e016a45a,buy,0xdab5dfa0966c3435da991b39d205c3ba1c64fe31,0x42b766a34f549f4035f988e03bf082d2abd21daa95f1841efc9148dce72a3ff2
167,4000000,0.016,0x3da4ebcffab7a579feffbac8a2a6e27d9e23f0d5,2017-10-18T22:29:18.000Z,0.000000004,0x971f30c325d9924ad472adf0bf98702502baad93,buy,0xdab5dfa0966c3435da991b39d205c3ba1c64fe31,0xdb7a9bae77ab0ead7a6713ae855c095b8fce79a7b5e47adcd2edb38867c1bf80
168,1000000,0.001,0x8b182a4526944fa498970732a69a95d281c3c8a9,2017-10-18T20:16:46.000Z,0.000000001,0x3cf0a8dfcaafb1c11c569861922d61cfd4ac6cb4,sell,0xdab5dfa0966c3435da991b39d205c3ba1c64fe31,0x29de491f4e3ff216bbea7c2764889ba00c81dfc53efdda34b67f4fd2e2250fed
169,300000,0.0009,0x5670fb7ddd986b14cf7ade131d67e3b484fe162c,2017-10-18T20:16:16.000Z,0.000000003,0x14de556c374f1f3ad91c13641bd59ac6e016a45a,buy,0xdab5dfa0966c3435da991b39d205c3ba1c64fe31,0x83add7318a2200ecba3ce75188465ea91687bff082178465c77098bd63b32ac0
170,1000000,0.001,0x3dc6d0009cbcb9d524f83b98f675aed9cf9c1f2c,2017-10-18T20:16:16.000Z,0.000000001,0x3cf0a8dfcaafb1c11c569861922d61cfd4ac6cb4,sell,0xdab5dfa0966c3435da991b39d205c3ba1c64fe31,0x7d103fa787912d92da15879fb2a60c83c310eedd6843fed07d91cdfe837afe6c
171,1000000,0.0012,0x5670fb7ddd986b14cf7ade131d67e3b484fe162c,2017-10-18T20:15:57.000Z,0.0000000012,0x3cf0a8dfcaafb1c11c569861922d61cfd4ac6cb4,sell,0xdab5dfa0966c3435da991b39d205c3ba1c64fe31,0xd93dad531208240ee7f7795ac8354e8e030d48928698fc30a77574a88baaf37a
172,10000000,0.02,0x64ef1975158f85a23a661d5c205d083a3b3ea6a1,2017-10-18T20:03:57.000Z,0.000000002,0x3cf0a8dfcaafb1c11c569861922d61cfd4ac6cb4,sell,0xdab5dfa0966c3435da991b39d205c3ba1c64fe31,0x9e09b5670539d7b0c4ad8d7a16078c14da1773e6ec7d764505fcd95d77e5d6b0
173,1,0.00000000499,0x3ac636ac5c3a2576156ac5f10066ca68abe0ad54,2017-10-18T19:43:38.000Z,0.00000000499,0xe5f80b82b325740196728fdc27130ce20166cc43,buy,0xdab5dfa0966c3435da991b39d205c3ba1c64fe31,0xd6ab2ce34a9fc5a4589fc5d7f9b4d7744f652b5952bf6ff1fb4b4df2f8b03603
174,100000,0.0003,0x5670fb7ddd986b14cf7ade131d67e3b484fe162c,2017-10-18T19:30:31.000Z,0.000000003,0x14de556c374f1f3ad91c13641bd59ac6e016a45a,buy,0xdab5dfa0966c3435da991b39d205c3ba1c64fe31,0xf24a68dffd7b343020a04702e5fa5842d309492007c89b9055197258e64401a4
175,20151096.8,0.040302193602,0xb38bc467ab6d5ff0dd261828682eaa169feacb80,2017-10-18T18:03:25.000Z,0.00000000200000000009,0x14de556c374f1f3ad91c13641bd59ac6e016a45a,buy,0xdab5dfa0966c3435da991b39d205c3ba1c64fe31,0xf5c8b3c2dc1af489a4820febd9c8cf23e3d63e9005fba1835a028e35608c184f
176,77356529.8,0.15471305972175325,0xe595c80aa2236857875c9bd9f484c4d928ed63fa,2017-10-18T15:56:19.000Z,0.00000000200000000157,0x14de556c374f1f3ad91c13641bd59ac6e016a45a,buy,0xdab5dfa0966c3435da991b39d205c3ba1c64fe31,0x21387a7c7104e4d7e901ee8e1899554f0f1aeecab50aec0625aa428f9dd66ada
177,2492373.3,0.004984746675989704,0x98b31d397cb7ecffe83167cef2c9f13e9722071e,2017-10-18T14:40:18.000Z,0.00000000200000003048,0x14de556c374f1f3ad91c13641bd59ac6e016a45a,buy,0xdab5dfa0966c3435da991b39d205c3ba1c64fe31,0xa7c9d6bf944a103f40fd155e94af231dc34f61065bca08efca108d2dc0a04a82
178,399580.5,0.001993906852725101,0x98b31d397cb7ecffe83167cef2c9f13e9722071e,2017-10-18T08:51:49.000Z,0.00000000499000039472,0xe5f80b82b325740196728fdc27130ce20166cc43,buy,0xdab5dfa0966c3435da991b39d205c3ba1c64fe31,0x44d7479bc7b85cb1466de63bc6b6616c5f9c78d2cc7181ee93144bbfb6f0a0cf
179,250000,0.0012475,0xc6971e57461a509fd7c931e5286d94e5765dcd2b,2017-10-18T07:57:07.000Z,0.00000000499,0xe5f80b82b325740196728fdc27130ce20166cc43,buy,0xdab5dfa0966c3435da991b39d205c3ba1c64fe31,0x54ffe9f4ee2435abadb91a7c182f9185ab8647f5cbaa5714e16f53d825327fee
180,1000000000,1,0x14de556c374f1f3ad91c13641bd59ac6e016a45a,2017-10-18T05:16:31.000Z,0.000000001,0x144efef99f7f126987c2b5ccd717cf6edad1e67d,sell,0xdab5dfa0966c3435da991b39d205c3ba1c64fe31,0xed8c04a567a195cc320b7ab2db1f58bdf4bf04d7647ba228edf8985aec656267
181,59000000,0.059,0x3cf0a8dfcaafb1c11c569861922d61cfd4ac6cb4,2017-10-18T04:27:30.000Z,0.000000001,0x144efef99f7f126987c2b5ccd717cf6edad1e67d,sell,0xdab5dfa0966c3435da991b39d205c3ba1c64fe31,0xbb80283c184ea817536692fadc32e63b9621e88c87af8685285c4fdeb1634f75
182,89000000,0.089,0x3cf0a8dfcaafb1c11c569861922d61cfd4ac6cb4,2017-10-18T04:19:46.000Z,0.000000001,0x144efef99f7f126987c2b5ccd717cf6edad1e67d,sell,0xdab5dfa0966c3435da991b39d205c3ba1c64fe31,0x983ffc2ab8a287f40b3bdf2191cb6608b3838bbfd7cbc1adcbacfadb881babbc
183,85000000,0.085,0x3cf0a8dfcaafb1c11c569861922d61cfd4ac6cb4,2017-10-18T04:14:39.000Z,0.000000001,0x144efef99f7f126987c2b5ccd717cf6edad1e67d,sell,0xdab5dfa0966c3435da991b39d205c3ba1c64fe31,0xa80ce77758a0fc99f109e2bafa8f18cd8e6c82106d62bda00d49e24cdd2bd05b
184,4000000,0.008,0x971f30c325d9924ad472adf0bf98702502baad93,2017-10-18T04:14:09.000Z,0.000000002,0x3cf0a8dfcaafb1c11c569861922d61cfd4ac6cb4,sell,0xdab5dfa0966c3435da991b39d205c3ba1c64fe31,0xa646d692a3376e38365cefd15c324040d7f4e4ebca369a6d9a3f08665f3c95a1
185,100000000,0.14,0x254fb89e4cab71708eaab16e067ca8156a38e18a,2017-10-18T03:24:46.000Z,0.0000000014,0x144efef99f7f126987c2b5ccd717cf6edad1e67d,sell,0xdab5dfa0966c3435da991b39d205c3ba1c64fe31,0x46a1a11a1d674a5ee72047b7db3e052f45e67b95a9ed119c4f1a42d9c739af4b
186,44499228.9,0.3292942946,0xe595c80aa2236857875c9bd9f484c4d928ed63fa,2017-10-18T02:09:04.000Z,0.00000000740000001662,0x3cf0a8dfcaafb1c11c569861922d61cfd4ac6cb4,buy,0xdab5dfa0966c3435da991b39d205c3ba1c64fe31,0x2c1e66ab9c4f965a124fa529aa7a8a454919dd46303d497a3145c55ee6c2eaa8
187,91,0.000000673400000001,0xc9d56287b414e1aa0963016aa721b527f095fd9c,2017-10-18T01:35:42.000Z,0.00000000740000000001,0x3cf0a8dfcaafb1c11c569861922d61cfd4ac6cb4,buy,0xdab5dfa0966c3435da991b39d205c3ba1c64fe31,0x6de051db59dbd3d62ab31a457cd7a1a5a446e1498a93bd72f1b831114060885e
188,90.8,0.017252,0x144efef99f7f126987c2b5ccd717cf6edad1e67d,2017-10-18T01:35:42.000Z,0.00019,0xc9d56287b414e1aa0963016aa721b527f095fd9c,sell,0xdab5dfa0966c3435da991b39d205c3ba1c64fe31,0x6de051db59dbd3d62ab31a457cd7a1a5a446e1498a93bd72f1b831114060885e
189,678,0.11526,0x144efef99f7f126987c2b5ccd717cf6edad1e67d,2017-10-18T01:32:44.000Z,0.00017,0xc9d56287b414e1aa0963016aa721b527f095fd9c,sell,0xdab5dfa0966c3435da991b39d205c3ba1c64fe31,0xe6b1868b7a5fb70bf8bd6f4a02c2d13db691408f22ff233316a0612d43241537
190,680,0.000005032000000001,0xc9d56287b414e1aa0963016aa721b527f095fd9c,2017-10-18T01:32:44.000Z,0.0000000074,0x3cf0a8dfcaafb1c11c569861922d61cfd4ac6cb4,buy,0xdab5dfa0966c3435da991b39d205c3ba1c64fe31,0xe6b1868b7a5fb70bf8bd6f4a02c2d13db691408f22ff233316a0612d43241537
191,50000000,0.0500005,0xe5f80b82b325740196728fdc27130ce20166cc43,2017-10-18T01:25:03.000Z,0.00000000100001,0x144efef99f7f126987c2b5ccd717cf6edad1e67d,sell,0xdab5dfa0966c3435da991b39d205c3ba1c64fe31,0x4f308ea059a4b76fe5ddbe05e7a921644807f4064a93f871c6c40421036d1b37
192,75000000,0.0825,0x3cf0a8dfcaafb1c11c569861922d61cfd4ac6cb4,2017-10-18T01:23:23.000Z,0.0000000011,0x144efef99f7f126987c2b5ccd717cf6edad1e67d,sell,0xdab5dfa0966c3435da991b39d205c3ba1c64fe31,0x84ef75df5d3450e829ec1a29603a5b3ad0148be16fe225cb94311317352d55d1
193,500000,0.0037,0x3301157275574f829568039f62ee45fff899db68,2017-10-18T00:57:36.000Z,0.0000000074,0x3cf0a8dfcaafb1c11c569861922d61cfd4ac6cb4,buy,0xdab5dfa0966c3435da991b39d205c3ba1c64fe31,0xd34e51f9df1608e71fc62c17d37e03c03fa0aaf02957ab47530813e6ea054609
194,4065569.9,0.040655699,0x48eaedfa6ab55f414a433f0778f55ed9b827e822,2017-10-17T11:44:04.000Z,0.00000001,0x1d5321e125f6c7079a716705541c7b371ca79e69,sell,0xdab5dfa0966c3435da991b39d205c3ba1c64fe31,0xebcab3750d8544858264d3c8c0e5d3068c2be7628832205de66dd1373a81fdac
195,4077766.7,0.0326221336,0x1d5321e125f6c7079a716705541c7b371ca79e69,2017-10-17T11:44:04.000Z,0.000000008,0xd6ef78ef089ff1817ee51fa6a77f6bd06091ff05,buy,0xdab5dfa0966c3435da991b39d205c3ba1c64fe31,0xebcab3750d8544858264d3c8c0e5d3068c2be7628832205de66dd1373a81fdac
196,26000000,0.182,0xc9d56287b414e1aa0963016aa721b527f095fd9c,2017-10-17T11:42:25.000Z,0.000000007,0x3cf0a8dfcaafb1c11c569861922d61cfd4ac6cb4,buy,0xdab5dfa0966c3435da991b39d205c3ba1c64fe31,0xccff1b533971309c118ae4cca0bb1bd1a0058f84007f1b303f1106255e14f696
197,25922233.3,0.259222333,0x48eaedfa6ab55f414a433f0778f55ed9b827e822,2017-10-17T11:42:25.000Z,0.00000001,0xc9d56287b414e1aa0963016aa721b527f095fd9c,sell,0xdab5dfa0966c3435da991b39d205c3ba1c64fe31,0xccff1b533971309c118ae4cca0bb1bd1a0058f84007f1b303f1106255e14f696
198,11132905.8,0.17812649398270008,0x144efef99f7f126987c2b5ccd717cf6edad1e67d,2017-10-17T07:00:41.000Z,0.00000001600000010623,0x48eaedfa6ab55f414a433f0778f55ed9b827e822,buy,0xdab5dfa0966c3435da991b39d205c3ba1c64fe31,0xc0e48a6eb4cf2fe0ca3c37b6065b591c3d21b2de85aa955a2464cffcd9c85398
199,678,0.14916,0x144efef99f7f126987c2b5ccd717cf6edad1e67d,2017-10-17T06:50:58.000Z,0.00022,0x144efef99f7f126987c2b5ccd717cf6edad1e67d,buy,0xdab5dfa0966c3435da991b39d205c3ba1c64fe31,0xdae428d1da0ab12b2dcd471cb055a6516566676a93416776ad9db863ef498ba2
200,400,0.16,0x144efef99f7f126987c2b5ccd717cf6edad1e67d,2017-10-17T06:26:35.000Z,0.0004,0x144efef99f7f126987c2b5ccd717cf6edad1e67d,buy,0xdab5dfa0966c3435da991b39d205c3ba1c64fe31,0x1ee73ec29a398c7291a4fd59ea453c2fc2b00e573c0d91f5fd3c82bf93d787f4
201,13243,0.13243,0x144efef99f7f126987c2b5ccd717cf6edad1e67d,2017-10-17T06:01:12.000Z,0.00001,0x144efef99f7f126987c2b5ccd717cf6edad1e67d,buy,0xdab5dfa0966c3435da991b39d205c3ba1c64fe31,0x8c1d51b190d436fd03f4fbdfcbc840e3c1415043f8acdf3ef4ef253315413d6d
202,969,0.17442,0x144efef99f7f126987c2b5ccd717cf6edad1e67d,2017-10-17T04:56:13.000Z,0.00018,0x144efef99f7f126987c2b5ccd717cf6edad1e67d,buy,0xdab5dfa0966c3435da991b39d205c3ba1c64fe31,0xe287b9c4fc85d11856bb629f12b87d915dfd9313c29fa9633526edc6b5fb42bf
203,798,0.15162,0x144efef99f7f126987c2b5ccd717cf6edad1e67d,2017-10-17T04:42:26.000Z,0.00019,0x144efef99f7f126987c2b5ccd717cf6edad1e67d,buy,0xdab5dfa0966c3435da991b39d205c3ba1c64fe31,0x21a03630c29fcd896048a86bf348665f7c60373fd9cedd92805f50fd1570986b
204,1000,0.17,0x144efef99f7f126987c2b5ccd717cf6edad1e67d,2017-10-17T04:26:44.000Z,0.00017,0x144efef99f7f126987c2b5ccd717cf6edad1e67d,buy,0xdab5dfa0966c3435da991b39d205c3ba1c64fe31,0x7d8301ca5ef3e0b210e6b7b84a3eb30db59551597b721dd4f0c3f0b0e409c796
205,10000,0.15,0x144efef99f7f126987c2b5ccd717cf6edad1e67d,2017-10-17T04:12:16.000Z,0.000015,0x144efef99f7f126987c2b5ccd717cf6edad1e67d,buy,0xdab5dfa0966c3435da991b39d205c3ba1c64fe31,0xacff09b8f76579f108b9fe7edd6e4d89f23856e35f0c1c938a315ee201723076
206,81000000,0.081,0x3cf0a8dfcaafb1c11c569861922d61cfd4ac6cb4,2017-10-17T03:03:44.000Z,0.000000001,0x144efef99f7f126987c2b5ccd717cf6edad1e67d,sell,0xdab5dfa0966c3435da991b39d205c3ba1c64fe31,0x566cfec35979b9d996f78c616a241134c918495dd27b4b9fb5c2fc2e2951ec61
207,84000000,0.1008,0x3dc6d0009cbcb9d524f83b98f675aed9cf9c1f2c,2017-10-17T03:01:43.000Z,0.0000000012,0x144efef99f7f126987c2b5ccd717cf6edad1e67d,sell,0xdab5dfa0966c3435da991b39d205c3ba1c64fe31,0xe7f436e0f210cfbe806b1a67df215322352f81777ede80e71cb24d50965c28e0
208,1389.6,0.0000111174011669,0x3dc6d0009cbcb9d524f83b98f675aed9cf9c1f2c,2017-10-16T18:57:47.000Z,0.00000000800043261866,0xd6ef78ef089ff1817ee51fa6a77f6bd06091ff05,buy,0xdab5dfa0966c3435da991b39d205c3ba1c64fe31,0x328d935801379cce65f6c46d0dd6d3722444fa3c227b532cfb6997761d95a568
209,13939831.3,0.11151865110517385,0x3dc6d0009cbcb9d524f83b98f675aed9cf9c1f2c,2017-10-16T18:57:11.000Z,0.00000000800000005058,0xd6ef78ef089ff1817ee51fa6a77f6bd06091ff05,buy,0xdab5dfa0966c3435da991b39d205c3ba1c64fe31,0x37aa3156a9d9d1e8a2215ed25700368d2b6bd25c2878bb9f2543f98de1a83261
210,98992098.9,0.1979841978,0xb9f1a043bf2efc5820babadf1c244a378c577fa6,2017-10-16T15:31:21.000Z,0.000000002,0xc9087108b890f9aee9c5b878c6f062a2b0c730f3,buy,0xdab5dfa0966c3435da991b39d205c3ba1c64fe31,0x51d1caf158d961e28d6f48bcbaee291843010fb74fe0a2788e3d4b1a64f3b3d4
211,400000,0.0016,0x78b0e4933f5b7d90102367e28efcde256998411e,2017-10-16T14:47:39.000Z,0.000000004,0xb9f1a043bf2efc5820babadf1c244a378c577fa6,sell,0xdab5dfa0966c3435da991b39d205c3ba1c64fe31,0x5c0173c5638fd9b2b2d3e5c2ec32bbec0f746816a44f013fa60a7a63de22f9a3
212,2000000,0.004,0xb9f1a043bf2efc5820babadf1c244a378c577fa6,2017-10-16T14:43:48.000Z,0.000000002,0xc9087108b890f9aee9c5b878c6f062a2b0c730f3,buy,0xdab5dfa0966c3435da991b39d205c3ba1c64fe31,0x997fc988d5e3356fedfbbded80bdbb7f2f7bde50e9a1a252df25465643c7278a
213,400309.1,0.0036027819,0xccd41fd2dc66d60460351afad6297ea3d00b7fb9,2017-10-14T01:26:48.000Z,0.000000009,0xd6ef78ef089ff1817ee51fa6a77f6bd06091ff05,sell,0xdab5dfa0966c3435da991b39d205c3ba1c64fe31,0x75f0818e86452b68afca9b1e90ded37024978f8404e8d054cb06bff0735a2861
214,99690.9,0.0008972181,0xccd41fd2dc66d60460351afad6297ea3d00b7fb9,2017-10-13T22:04:34.000Z,0.000000009,0xb9b7bdf513b26ec48ce7c3e79e6d0900f91b03fe,sell,0xdab5dfa0966c3435da991b39d205c3ba1c64fe31,0x041d41edd092a4982b25b7bac60e618fc2b19c6f84e2430b321c8fa61982152d
215,100000,0.0017,0xb9b7bdf513b26ec48ce7c3e79e6d0900f91b03fe,2017-10-13T09:42:51.000Z,0.000000017,0x64dcca9d2091012bd3e1e5235d703f72f4d65746,buy,0xdab5dfa0966c3435da991b39d205c3ba1c64fe31,0x0416434474e30f8298bcefe2eba3c4c67741f7a76dac4362c4625f7e2c085cec
216,1,0.15,0x144efef99f7f126987c2b5ccd717cf6edad1e67d,2017-10-13T06:14:22.000Z,0.15,0x144efef99f7f126987c2b5ccd717cf6edad1e67d,buy,0xdab5dfa0966c3435da991b39d205c3ba1c64fe31,0x8694873a4e8915636bcf6994fbe4f4218500dd86663b9ecec077f8ea39513961
217,1,0.1,0x144efef99f7f126987c2b5ccd717cf6edad1e67d,2017-10-12T20:09:04.000Z,0.1,0x144efef99f7f126987c2b5ccd717cf6edad1e67d,buy,0xdab5dfa0966c3435da991b39d205c3ba1c64fe31,0xac749733c62485fca181b78d65e91ad14d02997e0596d92c9d59d8e2d22a4750
218,10,0.1,0x144efef99f7f126987c2b5ccd717cf6edad1e67d,2017-10-12T16:33:41.000Z,0.01,0x144efef99f7f126987c2b5ccd717cf6edad1e67d,buy,0xdab5dfa0966c3435da991b39d205c3ba1c64fe31,0xe8e14fc34103aa63a8451c389e9c054c516bbe0e737bf46877447fff8f7c3d50
219,10,0.1,0x144efef99f7f126987c2b5ccd717cf6edad1e67d,2017-10-12T13:14:04.000Z,0.01,0x144efef99f7f126987c2b5ccd717cf6edad1e67d,buy,0xdab5dfa0966c3435da991b39d205c3ba1c64fe31,0x461a1ee46cbc2dd55058e3521eba8d8c1e0590d8e534500b734371d2160596e7
220,1.6,0.16947462865118135,0x144efef99f7f126987c2b5ccd717cf6edad1e67d,2017-10-12T12:23:43.000Z,0.10592164290698834,0x144efef99f7f126987c2b5ccd717cf6edad1e67d,buy,0xdab5dfa0966c3435da991b39d205c3ba1c64fe31,0x65d85b51231a513dab42a7d7690a77f276ec4c8eaa716e5e4141d3455a4b01c4
221,100000000,0.1,0xc9087108b890f9aee9c5b878c6f062a2b0c730f3,2017-10-12T10:53:35.000Z,0.000000001,0x144efef99f7f126987c2b5ccd717cf6edad1e67d,sell,0xdab5dfa0966c3435da991b39d205c3ba1c64fe31,0x1606825561dbfe24a8a12f6472efa7eb1c94cf690415415e796d8d99c95c0499
222,920000,0.01288,0x64ef1975158f85a23a661d5c205d083a3b3ea6a1,2017-10-12T00:08:16.000Z,0.000000014,0xe5f80b82b325740196728fdc27130ce20166cc43,buy,0xdab5dfa0966c3435da991b39d205c3ba1c64fe31,0x9b85aadb4725926f6ed6cdc6fd23660e8a41db4a476782566af3068b21b17094
223,899022,0.011687286,0x64ef1975158f85a23a661d5c205d083a3b3ea6a1,2017-10-11T05:40:03.000Z,0.000000013,0x403a0902d22f9758df435a74921d3d7edb14d494,buy,0xdab5dfa0966c3435da991b39d205c3ba1c64fe31,0x8d9b910590cacc16ff34c893f4bef58a83043592abed93667fb1af55c2e7fc2f
224,400000,0.0048,0x64ef1975158f85a23a661d5c205d083a3b3ea6a1,2017-10-11T05:36:04.000Z,0.000000012,0x971f30c325d9924ad472adf0bf98702502baad93,buy,0xdab5dfa0966c3435da991b39d205c3ba1c64fe31,0xbe1e1ea832f632c5a038fa284177027b34912021cc86f986e62b6332b501e5e3
225,400000,0.004,0x971f30c325d9924ad472adf0bf98702502baad93,2017-10-10T11:19:51.000Z,0.00000001,0x403a0902d22f9758df435a74921d3d7edb14d494,sell,0xdab5dfa0966c3435da991b39d205c3ba1c64fe31,0x108bac12962e4118758a11e3fcabee460a5ac1761a0931bf4f6e63eacdbf6bc9
226,3125000,0.05,0x9a30d150806e8fce970cb601a954ade1f775d7ea,2017-10-09T02:46:25.000Z,0.000000016,0x64dcca9d2091012bd3e1e5235d703f72f4d65746,buy,0xdab5dfa0966c3435da991b39d205c3ba1c64fe31,0x9481aac841ccbac7eba989c57874048230feda20dd307347ca145f429e9edc51
227,176470.5,0.002999999996,0xe2603cae5a714ccac6ec758bb0d4bbb1822deec0,2017-10-08T17:47:19.000Z,0.00000001700000847733,0xd6ef78ef089ff1817ee51fa6a77f6bd06091ff05,buy,0xdab5dfa0966c3435da991b39d205c3ba1c64fe31,0xfc634d872fc2bd61a9e23d47aeb0085c7ff769435480b82a98f6805aa0cc9072
228,235294.1,0.004000000006,0xe2603cae5a714ccac6ec758bb0d4bbb1822deec0,2017-10-08T14:38:53.000Z,0.0000000170000013005,0xe7fb5471c5dd4f24a0b57100fa31543b5fc4d202,buy,0xdab5dfa0966c3435da991b39d205c3ba1c64fe31,0x5cc594510a9f735b05dee0d58205f775b32f804afd0fcd5cb9fe9df3cdc42af6
229,1666666.6,0.016666666,0x5d5065b42bdee0274e394ba9042c21e1818c69cf,2017-10-08T09:43:57.000Z,0.00000001,0xe7fb5471c5dd4f24a0b57100fa31543b5fc4d202,sell,0xdab5dfa0966c3435da991b39d205c3ba1c64fe31,0xe2fe6e57e73e0faa22290a268b8186e4736d5ac773d9fc7bf1933769ceca00bc
230,1,0.000000004,0xe1b70fc15811f1d1e8993ecc765aded8531024ff,2017-10-08T09:39:05.000Z,0.000000004,0xc73604d0514ac01e63513d07601e7e98f2f117b4,sell,0xdab5dfa0966c3435da991b39d205c3ba1c64fe31,0x91ccb6233324b62b86ef79adb3b57c862656bab017b2b04d2ae2a394a16d4e81
231,49845.4,0.0001993816,0xe1b70fc15811f1d1e8993ecc765aded8531024ff,2017-10-08T09:26:52.000Z,0.000000004,0xc73604d0514ac01e63513d07601e7e98f2f117b4,sell,0xdab5dfa0966c3435da991b39d205c3ba1c64fe31,0xe6e4f9029f1bea6d4ec6b275d3f37d9c265e02d6875e34a1ed3b4c8fedf30435
232,50000,0.00085,0xc73604d0514ac01e63513d07601e7e98f2f117b4,2017-10-08T09:26:07.000Z,0.000000017,0xe7fb5471c5dd4f24a0b57100fa31543b5fc4d202,buy,0xdab5dfa0966c3435da991b39d205c3ba1c64fe31,0xbeda3cdbf19b4c626c2499aed47f704baa32b95cb16b10a396d8d526ece132b5
233,51.7,0.0000002068,0xe1b70fc15811f1d1e8993ecc765aded8531024ff,2017-10-08T09:16:57.000Z,0.000000004,0xb9f1a043bf2efc5820babadf1c244a378c577fa6,sell,0xdab5dfa0966c3435da991b39d205c3ba1c64fe31,0xb282302adfe06f6af7f74f87c752add526fc9bdbc246e22b308652cea7903f48
234,277777.7,0.005000000004,0xd8a62ad8a7efa8a3267932d2e478c026566fbe34,2017-10-08T02:07:26.000Z,0.0000000180000050544,0xe5f80b82b325740196728fdc27130ce20166cc43,buy,0xdab5dfa0966c3435da991b39d205c3ba1c64fe31,0x93cb210516c8414ead096e185ff108388277827d1889cb5cb2458afff38a98d2
235,5,0.00000009,0xeeb12121316645ac76b40ac9d130de4b2f655f6e,2017-10-08T01:56:38.000Z,0.000000018,0xe5f80b82b325740196728fdc27130ce20166cc43,buy,0xdab5dfa0966c3435da991b39d205c3ba1c64fe31,0x7bfe77c8f9aded8bdf8859ef046a941f3024b93735055dccb278b025734b25ef
236,100,0.0000004,0xb9f1a043bf2efc5820babadf1c244a378c577fa6,2017-10-08T01:51:14.000Z,0.000000004,0x1ca9bd189db5ab9099a4b17a15cf3ac3da289c38,sell,0xdab5dfa0966c3435da991b39d205c3ba1c64fe31,0x0c54ead12ff05d1b4ed05e848678d841f36d712494363356d3d291a3601d065d
237,1000000,0.018,0x1ca9bd189db5ab9099a4b17a15cf3ac3da289c38,2017-10-08T01:48:52.000Z,0.000000018,0xe5f80b82b325740196728fdc27130ce20166cc43,buy,0xdab5dfa0966c3435da991b39d205c3ba1c64fe31,0x05ba179bc909093df6a6d46c37022430424d29c00274c22bac1c4b7cd57621b0
238,9.9,0.0000000396,0xb9f1a043bf2efc5820babadf1c244a378c577fa6,2017-10-08T00:50:41.000Z,0.000000004,0xd8a62ad8a7efa8a3267932d2e478c026566fbe34,sell,0xdab5dfa0966c3435da991b39d205c3ba1c64fe31,0x132a5f3b95c12cd7ad8b030317231791d8c8f73654f844c0d2386ef3cd3a45c4
239,110000000,0.55,0xd6ef78ef089ff1817ee51fa6a77f6bd06091ff05,2017-10-06T02:25:37.000Z,0.000000005,0x144efef99f7f126987c2b5ccd717cf6edad1e67d,sell,0xdab5dfa0966c3435da991b39d205c3ba1c64fe31,0xfe47612071d4ea569785d833c81742fc5b0258997f966260cef906669a3e31ee
240,60000000,0.36,0x48eaedfa6ab55f414a433f0778f55ed9b827e822,2017-10-06T02:02:47.000Z,0.000000006,0x144efef99f7f126987c2b5ccd717cf6edad1e67d,sell,0xdab5dfa0966c3435da991b39d205c3ba1c64fe31,0x129d4d9807c6a4d7410c7d90dbf2b7ac8f17d095f00a616938f5a14f95a21791
241,500000,0.0055,0x8b182a4526944fa498970732a69a95d281c3c8a9,2017-10-06T01:18:56.000Z,0.000000011,0xe7fb5471c5dd4f24a0b57100fa31543b5fc4d202,sell,0xdab5dfa0966c3435da991b39d205c3ba1c64fe31,0xdc6be859186e0f062a67d77d59bad91fc031108e42d991f67040824b5e0c4fa1
242,500000,0.006,0x8b182a4526944fa498970732a69a95d281c3c8a9,2017-10-05T23:58:53.000Z,0.000000012,0xe7fb5471c5dd4f24a0b57100fa31543b5fc4d202,sell,0xdab5dfa0966c3435da991b39d205c3ba1c64fe31,0xd19dddd7a3e272bf7f4975184fab88c979bd657e1e1e6832ec8ddb992059f860
243,10,0.0000002,0xd8a62ad8a7efa8a3267932d2e478c026566fbe34,2017-10-05T14:44:00.000Z,0.00000002,0xcfcf0442507964d063bc7b20719f807d2da90318,buy,0xdab5dfa0966c3435da991b39d205c3ba1c64fe31,0x24dbb1edb7eed2aa3a0497da6e080026715c0eb613fb3548d91d64162a81f4e3
244,198.8,0.0000023856,0xd45aa575a322b42e1ba2e61b7d7a0eca10c5572f,2017-10-04T21:52:44.000Z,0.000000012,0x599ad09c74422e035d28923ae48a5ab1aefb6541,sell,0xdab5dfa0966c3435da991b39d205c3ba1c64fe31,0x6ff161dbac3b568ccac3459f071aab45eac7c1f17b7c7ebd5cadf749f288b4b9
245,1993819.1,0.0239258292,0xd45aa575a322b42e1ba2e61b7d7a0eca10c5572f,2017-10-04T21:42:03.000Z,0.000000012,0x599ad09c74422e035d28923ae48a5ab1aefb6541,sell,0xdab5dfa0966c3435da991b39d205c3ba1c64fe31,0x8bcbca6af0ad954a66269d6b32c729e76c24a65527d3f273443313c754c1752f
246,10000000,0.121,0xcfcf0442507964d063bc7b20719f807d2da90318,2017-10-04T12:55:56.000Z,0.0000000121,0x144efef99f7f126987c2b5ccd717cf6edad1e67d,sell,0xdab5dfa0966c3435da991b39d205c3ba1c64fe31,0xf5c075c73ff65954c258ad8f74d97f090e80a153f06a9a1b573b1a19cd85fefa
247,29000000,0.29,0x33a4b560243a1c01eac7196aebec04ce3f3b450c,2017-10-04T05:51:11.000Z,0.00000001,0x144efef99f7f126987c2b5ccd717cf6edad1e67d,sell,0xdab5dfa0966c3435da991b39d205c3ba1c64fe31,0xb60300a6e934e1e0088c0473307e2223ea98165f3c35f782a68550cffe62388a
248,550000,0.00605,0x0024a5046fd95c5eee6db19a69ef7ed3bacd50f1,2017-10-04T04:17:51.000Z,0.000000011,0xe7fb5471c5dd4f24a0b57100fa31543b5fc4d202,sell,0xdab5dfa0966c3435da991b39d205c3ba1c64fe31,0xac9c6b1e33a7c49741c632ebddaf7394ce9d782341288d338cfa92ae179160cf
249,20000000,0.2,0x33a4b560243a1c01eac7196aebec04ce3f3b450c,2017-10-04T03:47:11.000Z,0.00000001,0x144efef99f7f126987c2b5ccd717cf6edad1e67d,sell,0xdab5dfa0966c3435da991b39d205c3ba1c64fe31,0x5620b6bd728a43f403cd9325fe0777d9098253149b78efa03fecb94838f934ab
250,2200000,0.022,0xe5f80b82b325740196728fdc27130ce20166cc43,2017-10-04T03:08:47.000Z,0.00000001,0xe7fb5471c5dd4f24a0b57100fa31543b5fc4d202,sell,0xdab5dfa0966c3435da991b39d205c3ba1c64fe31,0x4eed9e17b4ed2f25ba1fbc8f2821b06a737ab92f9cc1ffb95bbe44dfb932f5be
251,30000000,0.18,0xe7fb5471c5dd4f24a0b57100fa31543b5fc4d202,2017-10-04T00:33:26.000Z,0.000000006,0x144efef99f7f126987c2b5ccd717cf6edad1e67d,sell,0xdab5dfa0966c3435da991b39d205c3ba1c64fe31,0xdba95b06e340d2454adce8170af12c81eacb0480ea5776c9b80505f2134e3bcc
252,100000000,0.8,0xe7fb5471c5dd4f24a0b57100fa31543b5fc4d202,2017-10-04T00:21:25.000Z,0.000000008,0x144efef99f7f126987c2b5ccd717cf6edad1e67d,sell,0xdab5dfa0966c3435da991b39d205c3ba1c64fe31,0xa7e726d53a3ca8d087751ed1a9a67b50c2d4d900583878ba13e020a598860d55
253,100000,0.0016,0xdbbae39c54992479faac890e81eb4d8579b951d6,2017-10-03T15:41:08.000Z,0.000000016,0x144efef99f7f126987c2b5ccd717cf6edad1e67d,sell,0xdab5dfa0966c3435da991b39d205c3ba1c64fe31,0x37c1505e62bf9cc82c38f5d4c976411d7b7c955580e562314bb892339e0a0923
254,20000000,0.34,0x48eaedfa6ab55f414a433f0778f55ed9b827e822,2017-10-03T15:07:26.000Z,0.000000017,0x144efef99f7f126987c2b5ccd717cf6edad1e67d,sell,0xdab5dfa0966c3435da991b39d205c3ba1c64fe31,0xfead9794d7f9fc902b95f8a800d02020940503383668aae3d2bce7d1f9af513a
255,90000000,1.08,0x48eaedfa6ab55f414a433f0778f55ed9b827e822,2017-10-03T15:05:16.000Z,0.000000012,0x144efef99f7f126987c2b5ccd717cf6edad1e67d,sell,0xdab5dfa0966c3435da991b39d205c3ba1c64fe31,0x604bdb10233beac89f3a08f8092e6c17913f2d1ac3ce2bc5d5f27ef81edbedc7
256,80000000,0.32,0x742097391f52639b70b68909d58c7a77e37ffd4f,2017-10-03T14:02:09.000Z,0.000000004,0x144efef99f7f126987c2b5ccd717cf6edad1e67d,sell,0xdab5dfa0966c3435da991b39d205c3ba1c64fe31,0x25ee35c5db926d9ac1febc8ebfb1fc76ab43c165d244c107b224ce3ae7997fb0
257,79969223,0.479815338,0x742097391f52639b70b68909d58c7a77e37ffd4f,2017-10-03T13:58:10.000Z,0.000000006,0x144efef99f7f126987c2b5ccd717cf6edad1e67d,sell,0xdab5dfa0966c3435da991b39d205c3ba1c64fe31,0x6a622ada4f1eb4e9bc12d78bc807a7060651817df6d3ae3750e6d57f3faeb8bb
258,150000000,1.05,0xe7fb5471c5dd4f24a0b57100fa31543b5fc4d202,2017-10-03T13:56:42.000Z,0.000000007,0x144efef99f7f126987c2b5ccd717cf6edad1e67d,sell,0xdab5dfa0966c3435da991b39d205c3ba1c64fe31,0x8ed2420204e8015db00133b233d15a794d50a4983f327e762675e0f59a05da92
259,80000000,0.4,0x742097391f52639b70b68909d58c7a77e37ffd4f,2017-10-03T13:53:02.000Z,0.000000005,0x144efef99f7f126987c2b5ccd717cf6edad1e67d,sell,0xdab5dfa0966c3435da991b39d205c3ba1c64fe31,0xcbc00573a01e4f3fb67c86b12712a669a575cbfc4f8f47fc93fcc6bc01359188
260,490000,0.00833,0x035392de57aa4fe343d86494103dbe1b068a56c6,2017-10-03T10:16:17.000Z,0.000000017,0xe7fb5471c5dd4f24a0b57100fa31543b5fc4d202,sell,0xdab5dfa0966c3435da991b39d205c3ba1c64fe31,0x528e3987e4c19df4cb6c8496bdc4b05f4eb10f61a087956ba8b74b3c6535be95
261,400,0.0000024,0x742097391f52639b70b68909d58c7a77e37ffd4f,2017-10-03T09:21:33.000Z,0.000000006,0x2126a604190d8a3485e20778473df338513278e3,sell,0xdab5dfa0966c3435da991b39d205c3ba1c64fe31,0x1a512f9efbb375ef1d9029896276e2c92fb254f314bb95cc674d4740a28d7ca3
262,30377,0.000182262,0x742097391f52639b70b68909d58c7a77e37ffd4f,2017-10-03T09:19:31.000Z,0.000000006,0xbf52f67f8524587d6a7ab1f1f8d092c635b9587f,sell,0xdab5dfa0966c3435da991b39d205c3ba1c64fe31,0x145fbc96999ec047641a6a5a21fd2a5960986277ef6dfceaed289506a0314075
263,30471.2,0.002986181620231283,0xbf52f67f8524587d6a7ab1f1f8d092c635b9587f,2017-10-03T09:17:41.000Z,0.00000009800013193544,0xe7fb5471c5dd4f24a0b57100fa31543b5fc4d202,buy,0xdab5dfa0966c3435da991b39d205c3ba1c64fe31,0xba3121cf74841c3da97f36edc39fcdcfef455d11cab6591941fa17cd509063c5
264,1,0.000000098,0x455027745754f5702196691c94714e53c2d95364,2017-10-03T09:17:41.000Z,0.000000098,0xe7fb5471c5dd4f24a0b57100fa31543b5fc4d202,buy,0xdab5dfa0966c3435da991b39d205c3ba1c64fe31,0x1e821ea54d45b38a6dce563182e5f377f8cec9b86745333d10aa7b1950005685
265,2800000,1.092,0xd047f7330d98264db44bc3e96e4b1b8593949e00,2017-10-03T07:29:16.000Z,0.00000039,0x742097391f52639b70b68909d58c7a77e37ffd4f,buy,0xdab5dfa0966c3435da991b39d205c3ba1c64fe31,0x8c89dbf85751535bd60ccada95c334bec7fe4618eb756f9db9fc9272f060eb3b
266,1000000,0.02,0x78b0e4933f5b7d90102367e28efcde256998411e,2017-10-03T04:29:31.000Z,0.00000002,0xe7fb5471c5dd4f24a0b57100fa31543b5fc4d202,sell,0xdab5dfa0966c3435da991b39d205c3ba1c64fe31,0x791421a45b71d540c3b0d3df250f5b7156f0fe3ecf8274b2af5df76f2d852169
267,100000000,1,0xe7fb5471c5dd4f24a0b57100fa31543b5fc4d202,2017-10-03T02:37:10.000Z,0.00000001,0x144efef99f7f126987c2b5ccd717cf6edad1e67d,sell,0xdab5dfa0966c3435da991b39d205c3ba1c64fe31,0x55da8bf2a4a8a2522230c7e27ab34cd260fb76d2db1be2048a77adc7dfb788fe
268,66600000,0.5328,0x742097391f52639b70b68909d58c7a77e37ffd4f,2017-10-03T02:35:18.000Z,0.000000008,0x144efef99f7f126987c2b5ccd717cf6edad1e67d,sell,0xdab5dfa0966c3435da991b39d205c3ba1c64fe31,0x4666db0816d4c600a0f9d528a09152ff2e9328ca43098a67f90dff9fcb64ed34
269,100,1,0x144efef99f7f126987c2b5ccd717cf6edad1e67d,2017-10-03T02:30:13.000Z,0.01,0x144efef99f7f126987c2b5ccd717cf6edad1e67d,buy,0xdab5dfa0966c3435da991b39d205c3ba1c64fe31,0xfe0a561b41d77adec2ef21902c03a37979bae75a82df6b7913893837fb3b81ac
270,50000000,0.5,0x742097391f52639b70b68909d58c7a77e37ffd4f,2017-10-03T02:23:54.000Z,0.00000001,0x144efef99f7f126987c2b5ccd717cf6edad1e67d,sell,0xdab5dfa0966c3435da991b39d205c3ba1c64fe31,0x88887e122bf14d4be1e070da60ec113be174e3e6b9d976a92f8339102625c9ec
271,1000000,0.014,0x035392de57aa4fe343d86494103dbe1b068a56c6,2017-10-03T02:20:46.000Z,0.000000014,0xe7fb5471c5dd4f24a0b57100fa31543b5fc4d202,sell,0xdab5dfa0966c3435da991b39d205c3ba1c64fe31,0xd5a1b5879034cff89ab903317bd9620b688a27924cb7d18dfe81269d498e65ad
272,100000000,1,0xe7fb5471c5dd4f24a0b57100fa31543b5fc4d202,2017-10-03T02:19:42.000Z,0.00000001,0x144efef99f7f126987c2b5ccd717cf6edad1e67d,sell,0xdab5dfa0966c3435da991b39d205c3ba1c64fe31,0x4adcd9819baac6cfd9adc8c9c85a3d9268af45bd4fa66c6cd208668a0f5f09ea
273,1000000,0.015,0x78b0e4933f5b7d90102367e28efcde256998411e,2017-10-03T02:19:42.000Z,0.000000015,0xe7fb5471c5dd4f24a0b57100fa31543b5fc4d202,sell,0xdab5dfa0966c3435da991b39d205c3ba1c64fe31,0x328a2ce061255b0f1bfe6875626e04e86e0a4272c214771b86c4c1c07a86a337
274,20000000,0.34,0x742097391f52639b70b68909d58c7a77e37ffd4f,2017-10-03T02:13:17.000Z,0.000000017,0xe7fb5471c5dd4f24a0b57100fa31543b5fc4d202,sell,0xdab5dfa0966c3435da991b39d205c3ba1c64fe31,0x563d8f62cb7107f16b242d28b34fedf582d9b7b8e98d814144b27407fe324fb3
275,10000000,0.16,0x648990a3f52555f10c145e5210494cffde8066e2,2017-10-03T02:06:15.000Z,0.000000016,0xe7fb5471c5dd4f24a0b57100fa31543b5fc4d202,sell,0xdab5dfa0966c3435da991b39d205c3ba1c64fe31,0x1224a005abfccd112674e315d459ceb7691e341ff12ee5cdeff9959604449fb2
276,1000,1.4,0x144efef99f7f126987c2b5ccd717cf6edad1e67d,2017-10-03T01:07:13.000Z,0.0014,0x144efef99f7f126987c2b5ccd717cf6edad1e67d,buy,0xdab5dfa0966c3435da991b39d205c3ba1c64fe31,0x3eddb2266f9f455a3db7eb22635300880da491d922d9651ac5f55f2825716a83
277,54000000,0.432,0x122907e1fb9df862526b83353f4b4f173b755ba8,2017-10-03T00:56:17.000Z,0.000000008,0x144efef99f7f126987c2b5ccd717cf6edad1e67d,sell,0xdab5dfa0966c3435da991b39d205c3ba1c64fe31,0x392a847c0296ff5bad18ac23c22e0234a829493680dc19799c602ed8806b5520
278,100,1,0x144efef99f7f126987c2b5ccd717cf6edad1e67d,2017-10-03T00:49:03.000Z,0.01,0x144efef99f7f126987c2b5ccd717cf6edad1e67d,buy,0xdab5dfa0966c3435da991b39d205c3ba1c64fe31,0x50b704f7ea58e25c386d40cb642a88212a4e4661180f7bb99ef718b518275543
279,1,0.00000049,0x0249924245a19aa2d7f5ddb0739a7132b7d094ab,2017-10-02T20:32:31.000Z,0.00000049,0xc9087108b890f9aee9c5b878c6f062a2b0c730f3,buy,0xdab5dfa0966c3435da991b39d205c3ba1c64fe31,0xb0445cab2361186b06e717fa270d1bc04549a599c070463c09623e23d8664449
280,100000,0.01,0x2f77da8bd502346b24189e30b856f8a179d19495,2017-10-02T15:30:47.000Z,0.0000001,0x2f77da8bd502346b24189e30b856f8a179d19495,sell,0xdab5dfa0966c3435da991b39d205c3ba1c64fe31,0xb1bd831e11739ccf246e95af10bd8934db0abca610c4fa2c3b70375c7efbf4ea
281,100,1,0x144efef99f7f126987c2b5ccd717cf6edad1e67d,2017-10-02T15:23:27.000Z,0.01,0x144efef99f7f126987c2b5ccd717cf6edad1e67d,buy,0xdab5dfa0966c3435da991b39d205c3ba1c64fe31,0x1b2a95f1aadf5f3dbd0d7e21a22b0847be6e00adf0dec474c25aadf75138a2bb
282,100000000,1,0xe7fb5471c5dd4f24a0b57100fa31543b5fc4d202,2017-10-02T14:52:21.000Z,0.00000001,0x144efef99f7f126987c2b5ccd717cf6edad1e67d,sell,0xdab5dfa0966c3435da991b39d205c3ba1c64fe31,0xa35b087a29f923d0906ec516b3f692b6202bd6b63fedafc1cafc8dd0518ce258
283,1000000,0.012,0x78b0e4933f5b7d90102367e28efcde256998411e,2017-10-02T08:53:15.000Z,0.000000012,0x144efef99f7f126987c2b5ccd717cf6edad1e67d,sell,0xdab5dfa0966c3435da991b39d205c3ba1c64fe31,0x6c0c316c3a4604a877158b6e1b3052a09161068498b21bcab8ecf8293505bbe7
284,10,0.5,0x144efef99f7f126987c2b5ccd717cf6edad1e67d,2017-10-02T06:34:56.000Z,0.05,0x144efef99f7f126987c2b5ccd717cf6edad1e67d,buy,0xdab5dfa0966c3435da991b39d205c3ba1c64fe31,0x6e9f43d8ce37e22bbb78eb73417dc7e05102c6697973091c4c8dcfeaccec259d
285,2500000,0.03,0x2f77da8bd502346b24189e30b856f8a179d19495,2017-10-02T06:20:27.000Z,0.000000012,0x144efef99f7f126987c2b5ccd717cf6edad1e67d,sell,0xdab5dfa0966c3435da991b39d205c3ba1c64fe31,0x50c3cfe502cd100c5c7169ce7d01612e4fc1112d2e9b98b20afd49045f1e7f3e
286,18363821.1,0.183638211,0x3dc6d0009cbcb9d524f83b98f675aed9cf9c1f2c,2017-10-02T06:17:12.000Z,0.00000001,0x144efef99f7f126987c2b5ccd717cf6edad1e67d,sell,0xdab5dfa0966c3435da991b39d205c3ba1c64fe31,0xe9370983783a78addd157251a92b4cf4f81525b835354cb1432dbf98a6724355
287,738950.3,0.007389503,0x3dc6d0009cbcb9d524f83b98f675aed9cf9c1f2c,2017-10-02T05:56:31.000Z,0.00000001,0x2f77da8bd502346b24189e30b856f8a179d19495,sell,0xdab5dfa0966c3435da991b39d205c3ba1c64fe31,0xfcc0eb4cc1e4d0607ef2605656144583749f2c244259507ef1210b39c7c2e3a6
288,19890917,0.19890917,0x3dc6d0009cbcb9d524f83b98f675aed9cf9c1f2c,2017-10-02T05:54:01.000Z,0.00000001,0x144efef99f7f126987c2b5ccd717cf6edad1e67d,sell,0xdab5dfa0966c3435da991b39d205c3ba1c64fe31,0xaaba3f382068ea01d8ac4539fbb476694b93a67316d6a3aa76e53d72fbf1882a
289,897228.6,0.008972286,0x3dc6d0009cbcb9d524f83b98f675aed9cf9c1f2c,2017-10-02T05:52:39.000Z,0.00000001,0x144efef99f7f126987c2b5ccd717cf6edad1e67d,sell,0xdab5dfa0966c3435da991b39d205c3ba1c64fe31,0x17c55be8a2b6346c5b3d55403c005872023e44e6d60a1bbdb3cf629d79c8cd3d
290,996.9,0.000009969,0x3dc6d0009cbcb9d524f83b98f675aed9cf9c1f2c,2017-10-02T05:16:34.000Z,0.00000001,0x2a265123b2652496983b11dd0c348e93dce09a08,sell,0xdab5dfa0966c3435da991b39d205c3ba1c64fe31,0x1b16f83ab4e0e3b058787f996f01d132a227e2d20e549a6bb6cf81ed8c42c73b
291,101.7,0.000001017,0x3dc6d0009cbcb9d524f83b98f675aed9cf9c1f2c,2017-10-02T04:54:50.000Z,0.00000001,0xcdd53f530ab4fb824fc9f2a321f3c001b4a710cc,sell,0xdab5dfa0966c3435da991b39d205c3ba1c64fe31,0x712567d7425d091c70b7897df12047c5c12a1b10963d651553fc1d5d5a99ef0d
292,102,0.0010000018,0xcdd53f530ab4fb824fc9f2a321f3c001b4a710cc,2017-10-02T04:47:16.000Z,0.00000980393921568627,0xc9087108b890f9aee9c5b878c6f062a2b0c730f3,buy,0xdab5dfa0966c3435da991b39d205c3ba1c64fe31,0x20a1b5919b81c5057b6700f82cd0dd11fbc0e46d38309a8451a4bbad8a543d2a
293,0.1,0.000000001,0x3dc6d0009cbcb9d524f83b98f675aed9cf9c1f2c,2017-10-02T04:45:27.000Z,0.00000001,0xcdd53f530ab4fb824fc9f2a321f3c001b4a710cc,sell,0xdab5dfa0966c3435da991b39d205c3ba1c64fe31,0xdcf44c89e97d58881a64aff422d8572d3318ad501b8e80597362a7031e3c5e5e
294,556.8,0.000005568,0x3dc6d0009cbcb9d524f83b98f675aed9cf9c1f2c,2017-10-02T04:38:21.000Z,0.00000001,0xcdd53f530ab4fb824fc9f2a321f3c001b4a710cc,sell,0xdab5dfa0966c3435da991b39d205c3ba1c64fe31,0x36806a25ccb765bf55b58c8ecd4b1a248327eb58831c04e29990fe6e3b9d4742
295,558.6,0.00099999961,0xcdd53f530ab4fb824fc9f2a321f3c001b4a710cc,2017-10-02T04:35:20.000Z,0.00000179018906194056,0x2f77da8bd502346b24189e30b856f8a179d19495,buy,0xdab5dfa0966c3435da991b39d205c3ba1c64fe31,0x0ab68a1afd81bbc064e966b6b476e57146b4dce7e6ccf1cde4b41b29553e1887
296,1989,0.00001989,0x3dc6d0009cbcb9d524f83b98f675aed9cf9c1f2c,2017-10-02T04:03:19.000Z,0.00000001,0x2126a604190d8a3485e20778473df338513278e3,sell,0xdab5dfa0966c3435da991b39d205c3ba1c64fe31,0x6e30de56966b026df1aa689e3c3078015962ac1fbfedb9413962714ca23e63bd
297,5000,0.00005,0x3dc6d0009cbcb9d524f83b98f675aed9cf9c1f2c,2017-10-02T04:00:35.000Z,0.00000001,0x2126a604190d8a3485e20778473df338513278e3,sell,0xdab5dfa0966c3435da991b39d205c3ba1c64fe31,0x7f348fc918df19530fb3560a8bc2cfda5e197144672b36c6b849391c625d40f0
298,747.6,0.000007476,0x3dc6d0009cbcb9d524f83b98f675aed9cf9c1f2c,2017-10-02T03:59:31.000Z,0.00000001,0x2126a604190d8a3485e20778473df338513278e3,sell,0xdab5dfa0966c3435da991b39d205c3ba1c64fe31,0x2333ddb2d7365c392d2e41842358b37261307cd4bc1b7c98a7a6b86aaeddd542
299,750,0.0013425,0x636d925f140f761f7a0e600db2177dd068ddada1,2017-10-02T03:59:19.000Z,0.00000179,0x2f77da8bd502346b24189e30b856f8a179d19495,buy,0xdab5dfa0966c3435da991b39d205c3ba1c64fe31,0x1f87df073b3a86af6b5f0872d4f509dee0b19fd649b99db531580a4a7847625c
300,7500,0.013425,0x2126a604190d8a3485e20778473df338513278e3,2017-10-02T03:59:19.000Z,0.00000179,0x2f77da8bd502346b24189e30b856f8a179d19495,buy,0xdab5dfa0966c3435da991b39d205c3ba1c64fe31,0xfa98c0a9b4aaacc3427cdca02f59802e1b8070b4f1aae9c28682b5b3b1936fce
301,750,0.0013425,0x2126a604190d8a3485e20778473df338513278e3,2017-10-02T03:58:21.000Z,0.00000179,0x2f77da8bd502346b24189e30b856f8a179d19495,buy,0xdab5dfa0966c3435da991b39d205c3ba1c64fe31,0x766dc40272dc6464cb65bcefd30d5f1b3bd320a7844d252268c77b983b2b52ae
302,99690.9,0.000996909,0x3dc6d0009cbcb9d524f83b98f675aed9cf9c1f2c,2017-10-02T03:44:02.000Z,0.00000001,0x144efef99f7f126987c2b5ccd717cf6edad1e67d,sell,0xdab5dfa0966c3435da991b39d205c3ba1c64fe31,0xc2d25da05858b654a1c397fd4491496fa7f7f95f89d4a8a4fd5d594de0b2a8bf
303,1,0.05,0x144efef99f7f126987c2b5ccd717cf6edad1e67d,2017-10-01T12:26:24.000Z,0.05,0x144efef99f7f126987c2b5ccd717cf6edad1e67d,buy,0xdab5dfa0966c3435da991b39d205c3ba1c64fe31,0xcdc0b3e4851c29a264734f43d6d038f11b1ad4c502199bad6474b063f2a38148
304,6789,0.0095046,0x2f77da8bd502346b24189e30b856f8a179d19495,2017-10-01T07:01:15.000Z,0.0000014,0x2f77da8bd502346b24189e30b856f8a179d19495,sell,0xdab5dfa0966c3435da991b39d205c3ba1c64fe31,0xa1698a04b3e65ec1a1db7414c3efe25ad20f8e7977da144c9cbefe3426229832
305,9.9,0.09939500480092348,0x144efef99f7f126987c2b5ccd717cf6edad1e67d,2017-10-01T01:33:46.000Z,0.010039899474840755,0x144efef99f7f126987c2b5ccd717cf6edad1e67d,buy,0xdab5dfa0966c3435da991b39d205c3ba1c64fe31,0x17639c34e13f5abfac51d03d0bd4b2370d2cf7de6948058cee041d9656d1fb62
306,1000,0.02,0x2a265123b2652496983b11dd0c348e93dce09a08,2017-09-30T17:06:46.000Z,0.00002,0x2f77da8bd502346b24189e30b856f8a179d19495,buy,0xdab5dfa0966c3435da991b39d205c3ba1c64fe31,0xd852853ac58615e99f2f2d141523e74b452920833f2e7cfd437b0b0e6e3aa6dd
307,180180.1,0.17999991990000003,0x5ae933bfbbaa04c3e05ae56295138174ada9799c,2017-09-30T17:05:20.000Z,0.000000999,0x2f77da8bd502346b24189e30b856f8a179d19495,buy,0xdab5dfa0966c3435da991b39d205c3ba1c64fe31,0x3134df3b049619adc683f476e76538602a6ace8638a7b9cfb03df4c85f44e13a
308,31.3,0.000001878,0xc9087108b890f9aee9c5b878c6f062a2b0c730f3,2017-09-30T17:05:20.000Z,0.00000006,0x2f77da8bd502346b24189e30b856f8a179d19495,sell,0xdab5dfa0966c3435da991b39d205c3ba1c64fe31,0xa111ecdadbd72f6e64ffd8a0b1dd711103bfd1169bd6d8735dd7331fbd09e8a8
309,179639.5,0.01077837,0xc9087108b890f9aee9c5b878c6f062a2b0c730f3,2017-09-30T17:05:20.000Z,0.00000006,0x5ae933bfbbaa04c3e05ae56295138174ada9799c,sell,0xdab5dfa0966c3435da991b39d205c3ba1c64fe31,0x3134df3b049619adc683f476e76538602a6ace8638a7b9cfb03df4c85f44e13a
310,312531.1,0.018751866,0xc9087108b890f9aee9c5b878c6f062a2b0c730f3,2017-09-30T16:58:22.000Z,0.00000006,0x2f77da8bd502346b24189e30b856f8a179d19495,sell,0xdab5dfa0966c3435da991b39d205c3ba1c64fe31,0x98dcbc666096f41944e020e2ba4d2950b31ef003d4c94cc2dd548c488bc6ac05
311,500000,0.03,0xc9087108b890f9aee9c5b878c6f062a2b0c730f3,2017-09-30T16:54:51.000Z,0.00000006,0x2f77da8bd502346b24189e30b856f8a179d19495,sell,0xdab5dfa0966c3435da991b39d205c3ba1c64fe31,0xd0e605754b3f5345928fc0ab37298d4a3fac034e6b379e344a600115417f1ac2
312,9.9,0.09969315999980635,0x144efef99f7f126987c2b5ccd717cf6edad1e67d,2017-09-30T03:08:55.000Z,0.010070016161596602,0x144efef99f7f126987c2b5ccd717cf6edad1e67d,buy,0xdab5dfa0966c3435da991b39d205c3ba1c64fe31,0xe27013aebe7f465b7233b4aa62b0155eeaf7dbd64da8819b2b39600971b75b39
