,amount,amountBase,buyer,date,price,seller,side,tokenAddr,txHash
0,2681.540079178734,1.4777216545131833,0x64dcca9d2091012bd3e1e5235d703f72f4d65746,2017-11-02T11:02:41.000Z,0.000551072,0xc8aa2f1cfee78848fd31cea466fc83b5253665a2,sell,0xc42209accc14029c1012fb5680d95fbd6036e2a0,0xe143714074182d620c4fd2a898a9ff73e443dda23b5cee5a53e0c7f803c9de24
1,1013.547,0.57772179,0x13747751b6af1d598b41dd237969eba0a83ee0a2,2017-11-02T11:01:46.000Z,0.00057,0xc8aa2f1cfee78848fd31cea466fc83b5253665a2,sell,0xc42209accc14029c1012fb5680d95fbd6036e2a0,0x23fb2287cbee654bdeec517c4fe3056d1f7d9d67592e4e8ae3195323c6dc9ee0
2,176.4529957132888,0.10057820755657462,0x13747751b6af1d598b41dd237969eba0a83ee0a2,2017-11-02T10:49:52.000Z,0.00057,0x5facaadd40ae912dccf963096bcb530c413839ee,sell,0xc42209accc14029c1012fb5680d95fbd6036e2a0,0xfaf9a9ab42645706bf2fa0c2ee35e0051917ec43668f700914b942b45957ae09
3,1100,0.6798,0xb316cc92756ec285e518d5e7237a8706be0684ce,2017-11-02T10:13:08.000Z,0.000618,0x13747751b6af1d598b41dd237969eba0a83ee0a2,buy,0xc42209accc14029c1012fb5680d95fbd6036e2a0,0x9d684eb76bfbb56f401feabe8eb19f0f683a4ab95ea233eebb68db22c2cd44ed
4,348.323,0.21247703,0x76722582018ca001538e8f3ed3dd2d3c354aabc9,2017-11-02T09:50:40.000Z,0.00061,0x1387f9e57202f430f07ca0c319d65ae5ef950182,buy,0xc42209accc14029c1012fb5680d95fbd6036e2a0,0x1e7ac57d07e6818ab98df735ca34f75868253dc259460ddd1c1635684615f800
5,1447.2468480503244,0.8972930457912011,0xeb62ac8d1659a3971dff14e141e1027b8edcf0a1,2017-11-02T09:10:37.000Z,0.00062,0x7c8d8911abd05f718f04b2e2e58b21921d82010f,buy,0xc42209accc14029c1012fb5680d95fbd6036e2a0,0xe8702fc2f61db6f04760d3f6ff4ea545524f41b03d7d4adab03c7669ababa1ef
6,1.6014597253432,0.000882431533479433,0x64dcca9d2091012bd3e1e5235d703f72f4d65746,2017-11-02T09:01:12.000Z,0.0005510169999999993,0x6d885aba1385ec829dac0eb0c3f372cd802ce138,sell,0xc42209accc14029c1012fb5680d95fbd6036e2a0,0x7d627a71d405cc23bae3b60ae3bf25d1cb1c9cf4b33c74c7706e7dbecea5f7df
7,16064.242504917638,8.851670712332202,0x64dcca9d2091012bd3e1e5235d703f72f4d65746,2017-11-02T09:00:06.000Z,0.000551017,0x6d885aba1385ec829dac0eb0c3f372cd802ce138,sell,0xc42209accc14029c1012fb5680d95fbd6036e2a0,0x2fee1b23a87a965ee1266ee54c9fd021310216008e7023ea1ce84480e2188601
8,3999.916,2.2603525316,0x99c203d0d7f4d78849272b4ffe69764a91a09e76,2017-11-02T08:59:40.000Z,0.0005651,0x6d885aba1385ec829dac0eb0c3f372cd802ce138,sell,0xc42209accc14029c1012fb5680d95fbd6036e2a0,0x17aee44179c26882f3a2bcd515fea1a894a24dd2033b17fd402a817b026dbee5
9,3522.999828830625,2.008109902433456,0x43e9ddfd74d4382eb3527ca5a934270361e5860a,2017-11-02T08:59:40.000Z,0.00057,0x6d885aba1385ec829dac0eb0c3f372cd802ce138,sell,0xc42209accc14029c1012fb5680d95fbd6036e2a0,0x8172035439622818351c5d35c978bff2e8291783ab50af0ad70bfe7aedfaa932
10,4961.589,2.852913675,0x4bb4397101d4628c6e1d4c0e8811b79099b1c76a,2017-11-02T08:59:27.000Z,0.000575,0x6d885aba1385ec829dac0eb0c3f372cd802ce138,sell,0xc42209accc14029c1012fb5680d95fbd6036e2a0,0x38d8b40b399008ab39806f97c7d73eab9679d1b70f4371da90725094b579a312
11,300,0.18867,0x53dffaa9d9f4fe2fe8a23956566fbebf1f858338,2017-11-02T08:26:16.000Z,0.0006289,0xd00f15f6ba4b9382381ca0984e74026906299136,buy,0xc42209accc14029c1012fb5680d95fbd6036e2a0,0x4a993374529eb8cc32be30efa3db28497d83bb9b2e4ad42f7ecb9667745cbcf8
12,236,0.148208,0x2e6a0cebe06f1270c1287b0c77aa78aaf5b4db58,2017-11-02T08:13:23.000Z,0.000628,0x64dcca9d2091012bd3e1e5235d703f72f4d65746,buy,0xc42209accc14029c1012fb5680d95fbd6036e2a0,0x8993e3e6e260164060030c9354fd24f3be184cbbd48f3600fa815fbdf2392dc9
13,3738.410926129,2.149586282524175,0x4bb4397101d4628c6e1d4c0e8811b79099b1c76a,2017-11-02T08:05:26.000Z,0.000575,0x3bee6efdcdd0fbee1a238c53b985820052ae68c5,sell,0xc42209accc14029c1012fb5680d95fbd6036e2a0,0x5f10d45fa6e9fb7334d999616f47170ace6743db5beb414f6b860eba2339a538
14,1.177,0.00067089,0x43e9ddfd74d4382eb3527ca5a934270361e5860a,2017-11-02T07:10:18.000Z,0.00057,0x64dcca9d2091012bd3e1e5235d703f72f4d65746,sell,0xc42209accc14029c1012fb5680d95fbd6036e2a0,0x8cf1d04cc5f66dbc18b7d89e9d43a5252657f74dd0127cd18aa2de540dfc6790
15,897,0.565107309,0xf519ff7e9e4b1e07c48e47409c09ceea8e67763d,2017-11-02T06:52:23.000Z,0.000629997,0xc7954ad7f35fe1e61b088fa1367a03d19cf1ed03,buy,0xc42209accc14029c1012fb5680d95fbd6036e2a0,0xe41907357734233f1ca5c560d1c5eed1a00bdcb5b552e24a45a69db770dadf5d
16,1000,0.629996,0xf519ff7e9e4b1e07c48e47409c09ceea8e67763d,2017-11-02T06:49:20.000Z,0.000629996,0x36ac32b737afb8c3f35056fd8ea1e68cff54208f,buy,0xc42209accc14029c1012fb5680d95fbd6036e2a0,0xe7f1b182ee6c5bc5afe4471899b6a47e206db8f82bf1b38661256ee4de640f73
17,75.82317116937494,0.04321920756654372,0x43e9ddfd74d4382eb3527ca5a934270361e5860a,2017-11-02T06:43:22.000Z,0.00057,0x43e9ee67711d115ffe6d13fefb9d8013471bcd83,sell,0xc42209accc14029c1012fb5680d95fbd6036e2a0,0xf29532a49b4fd92ad15a8514e646e048c44e6945530a851394855f1b331cc9cd
18,300,0.1666503,0xecddcceb42deca308ea0f811bfb833c3d83e9269,2017-11-02T06:42:26.000Z,0.000555501,0x43e9ee67711d115ffe6d13fefb9d8013471bcd83,sell,0xc42209accc14029c1012fb5680d95fbd6036e2a0,0x1577a842b6e39cb63f7dd6e28324e1a32ba67295b4c90a65f0f56b4a44e54444
19,600,0.342,0xe00349367b5a927b656f2919bc50b70511dfd103,2017-11-02T06:41:49.000Z,0.00057,0x43e9ee67711d115ffe6d13fefb9d8013471bcd83,sell,0xc42209accc14029c1012fb5680d95fbd6036e2a0,0x244cb416111432c48a491936938fe957dce79e9aafb1f8abf875fe4fc9bcb863
20,730,0.4161,0xe00349367b5a927b656f2919bc50b70511dfd103,2017-11-02T06:39:28.000Z,0.00057,0x43e9ee67711d115ffe6d13fefb9d8013471bcd83,sell,0xc42209accc14029c1012fb5680d95fbd6036e2a0,0x2476b9b58a17db455d5d81074d903de99d5481c3a31d9328b8515ef55eab9ae7
21,1000,0.57,0x78b32758bdb650fd40a3a122b52a0a1f0e1af9b3,2017-11-02T06:39:04.000Z,0.00057,0x43e9ee67711d115ffe6d13fefb9d8013471bcd83,sell,0xc42209accc14029c1012fb5680d95fbd6036e2a0,0x81a0dedac732e9225015c22bd10571d29028773b792b5027171dece8224a3284
22,1276.259,0.736401443,0x254fb89e4cab71708eaab16e067ca8156a38e18a,2017-11-02T06:37:30.000Z,0.000577,0x43e9ee67711d115ffe6d13fefb9d8013471bcd83,sell,0xc42209accc14029c1012fb5680d95fbd6036e2a0,0x4950c1ab02c4170a91ec7be16b892cda15dc17d2b259a6be20d2db339926e9fb
23,3200,1.8496032,0xd00f15f6ba4b9382381ca0984e74026906299136,2017-11-02T06:37:30.000Z,0.000578001,0x43e9ee67711d115ffe6d13fefb9d8013471bcd83,sell,0xc42209accc14029c1012fb5680d95fbd6036e2a0,0x2ed4754090c2eaa4008ed81f39e156914f41cca0cae09b0b89707d06d3d6ba1d
24,1288,0.744464,0xf73a2ca173919864a896511053bc7c32cbbdaafb,2017-11-02T06:37:08.000Z,0.000578,0x43e9ee67711d115ffe6d13fefb9d8013471bcd83,sell,0xc42209accc14029c1012fb5680d95fbd6036e2a0,0xb6a96f5e9c854600783e97b020c0482eeea75af9b96251bea727d5bf6f6ecca7
25,1000,0.578002,0x36ac32b737afb8c3f35056fd8ea1e68cff54208f,2017-11-02T06:36:21.000Z,0.000578002,0x43e9ee67711d115ffe6d13fefb9d8013471bcd83,sell,0xc42209accc14029c1012fb5680d95fbd6036e2a0,0xb4f4db20bfe41f5a8ec0f4307345f965fcfdff33d9eddce047f7e2d082c3cde1
26,500,0.2890015,0x50687aff84edbd13b4f03403ff8a677d20a8c04b,2017-11-02T06:35:32.000Z,0.000578003,0x43e9ee67711d115ffe6d13fefb9d8013471bcd83,sell,0xc42209accc14029c1012fb5680d95fbd6036e2a0,0xe613e4d3466d8766938a6e0166a2ca79d454ab6e7d25053aca29784f1bd3ff14
27,2213.335,1.391866781425,0xf810ee30f3cb9e05999c088c6fd32932f1e1fd14,2017-11-02T05:35:39.000Z,0.000628855,0xc7954ad7f35fe1e61b088fa1367a03d19cf1ed03,sell,0xc42209accc14029c1012fb5680d95fbd6036e2a0,0x02c7e2c02b3e35bbe338517ddba520bc05a57ba8076adc9f6addc8504b596d98
28,3987.685235407774,2.99075595118536,0x6488e54e910b0f8d1062fe833726ef9019e3d965,2017-11-02T05:25:24.000Z,0.000749998,0xc2249c3dd3c18167a6f65c0cd8e0eccb6a0e29ab,buy,0xc42209accc14029c1012fb5680d95fbd6036e2a0,0xb0a4ed1737f30164080921b3767714e22c04533c6b63cf6b0fe2092803ed6463
29,259.091,0.16322733,0x3153b0e03e7544e72250188b06979f1a97a188d2,2017-11-02T04:48:31.000Z,0.00063,0xe8eed2f5ac7dd5759dcc7cb1ecc5065f7e711abb,buy,0xc42209accc14029c1012fb5680d95fbd6036e2a0,0x115ae33af8d9c0ca6fec8f602a7d61f42ec7d5a14a3574c983b906498b02cfc9
30,1598.2646602604784,1.0069067359641013,0x1cfb66cb98eecdeb6df0526f075ab5f54026844e,2017-11-02T04:37:37.000Z,0.00063,0xaabc05436fb35289c5525425eab2f16b3355263a,buy,0xc42209accc14029c1012fb5680d95fbd6036e2a0,0x5b1216735c2c2a5bd872d43cc8b50e278a19cd9dfe3385fc8603853d0ab58541
31,1105,0.69615,0x0b11fc733c413dfa8556312d4075f2aa68b90963,2017-11-02T04:37:02.000Z,0.00063,0xaabc05436fb35289c5525425eab2f16b3355263a,buy,0xc42209accc14029c1012fb5680d95fbd6036e2a0,0xefbbfdc77b6bb79c293f1962a5dfe76d3818fc7d9091593287d824675a5f283a
32,3926.397,2.47363011,0x5c2e6ea4c4217d01cbd14ee2807f2350eceee44f,2017-11-02T04:34:17.000Z,0.00063,0xc7954ad7f35fe1e61b088fa1367a03d19cf1ed03,sell,0xc42209accc14029c1012fb5680d95fbd6036e2a0,0x25f0774092a0f1f61b689cb941595c6ed6e0afa66d6910df9dfb14140385aba3
33,375,0.2365875,0x372450f05197402bb65079b52ab5253238ca3a46,2017-11-02T03:49:50.000Z,0.0006309,0x93b54e346739c9a6c9dd47fa5253e15ce3f2213a,buy,0xc42209accc14029c1012fb5680d95fbd6036e2a0,0x454844cde5f3db838f17bb18cbcf9a591f71aef1fb0b96c6c2246518814c0035
34,399.775415142853,0.25221830941362594,0x923bb8ab8fb490556420efdd09e892bb93421b7b,2017-11-02T03:41:23.000Z,0.0006309,0x93b54e346739c9a6c9dd47fa5253e15ce3f2213a,buy,0xc42209accc14029c1012fb5680d95fbd6036e2a0,0xdb3bbb3ffc4b2ef2d297481fc59a5cd6df58ce121b9ab4aa5819d15dc199444f
35,361.8205745624499,0.2087704715225336,0x254fb89e4cab71708eaab16e067ca8156a38e18a,2017-11-02T03:37:47.000Z,0.000577,0x0b0444691425c2183a5b9b33cf336cc421c2c939,sell,0xc42209accc14029c1012fb5680d95fbd6036e2a0,0x317efbaedaa5c3a699ac9015d07d98529b1781c757f6521933fa5ecc357375c2
36,84,0.050484,0x48ae7ea7038973e4dd8316cb37ffd01a8b3b9828,2017-11-02T03:32:38.000Z,0.000601,0x0b0444691425c2183a5b9b33cf336cc421c2c939,sell,0xc42209accc14029c1012fb5680d95fbd6036e2a0,0xaa8ae3d276a8c1dfb2556c65cdee092f177422d39d0b20fa3312afe470b7ca86
37,1927.265,1.2159114885,0x9b7a8b471ad9a43e36d69ab971c7a03c6f5b5b41,2017-11-02T03:14:10.000Z,0.0006309,0x93b54e346739c9a6c9dd47fa5253e15ce3f2213a,buy,0xc42209accc14029c1012fb5680d95fbd6036e2a0,0x283a0ca9e622f6e31e9cadc7a85fd8b64276a6dcf4dfdf0aa82bbcff96fdbd71
38,5530.745830554547,3.489347544496864,0xf3825db346c1e3ade9b55b6ec1c21b2d3d9bac85,2017-11-02T03:06:32.000Z,0.0006309,0x93b54e346739c9a6c9dd47fa5253e15ce3f2213a,buy,0xc42209accc14029c1012fb5680d95fbd6036e2a0,0x4d36ac6256f701682520b9237bc73f22d2773535962d813fd9f286d01738dd3d
39,1056.8562816288083,0.6667706280796152,0x9b7a8b471ad9a43e36d69ab971c7a03c6f5b5b41,2017-11-02T03:01:29.000Z,0.0006309,0x93b54e346739c9a6c9dd47fa5253e15ce3f2213a,buy,0xc42209accc14029c1012fb5680d95fbd6036e2a0,0x9914e90a76c3e4003f7ac0e4cb63a6baa8d9d5fd1fe9b244a57bb10a3a6c4826
40,556.700917973445,0.3423710645536687,0x9b7a8b471ad9a43e36d69ab971c7a03c6f5b5b41,2017-11-02T02:48:49.000Z,0.000615,0xe00349367b5a927b656f2919bc50b70511dfd103,buy,0xc42209accc14029c1012fb5680d95fbd6036e2a0,0x0806d8d9302fb06911cb08105fcafcab108deca8f40e397161efaa4db46a893d
41,702.299082026555,0.4319139354463313,0x9b7a8b471ad9a43e36d69ab971c7a03c6f5b5b41,2017-11-02T02:43:33.000Z,0.000615,0xe00349367b5a927b656f2919bc50b70511dfd103,buy,0xc42209accc14029c1012fb5680d95fbd6036e2a0,0x51b59366f82c7f7cd18d3eec32623f209cfd1b224a4d6d396a63c8bdefbc462c
42,9544.341,5.53571778,0xe7caca21c34595422731bb4edd64b800ccc38dcc,2017-11-02T02:08:13.000Z,0.00058,0xc945c77d276948533fa98f0ae981ea49c3d1df8d,buy,0xc42209accc14029c1012fb5680d95fbd6036e2a0,0x4a4fa49bd0864dd9336c67da7009cf2363f59335c16c5b778369aa02579c01a7
43,5775.067443596869,3.4650404661581216,0x69d5c3e6b88b999cab0bd5186c34b5f8c73d2fcb,2017-11-02T02:05:45.000Z,0.0006,0xc9ae52f35efe6a5b24f670ea2686913a5f3489c4,buy,0xc42209accc14029c1012fb5680d95fbd6036e2a0,0xd93c39c8341e2a9feb80d13889e9b7d63060af392b9d8645620005ee293ea48d
44,1000,0.58,0x78b32758bdb650fd40a3a122b52a0a1f0e1af9b3,2017-11-02T02:04:28.000Z,0.00058,0xc945c77d276948533fa98f0ae981ea49c3d1df8d,buy,0xc42209accc14029c1012fb5680d95fbd6036e2a0,0x6b685c7836fb752322502897832c4a8b2d3d5ab72227c0d9c77f67ee78315683
45,31,0.01798,0x1f09bb1bcf9a48c7df27925b10f96705c6f0e7ed,2017-11-02T01:58:23.000Z,0.00058,0xc945c77d276948533fa98f0ae981ea49c3d1df8d,buy,0xc42209accc14029c1012fb5680d95fbd6036e2a0,0x3ac011614dc2d9fee229c476f301f4c59cd76d2bfcbbaa0c9eb5b50794871188
46,0.08363371271982321,0.000047261411057972,0x99c203d0d7f4d78849272b4ffe69764a91a09e76,2017-11-02T01:55:05.000Z,0.0005650999999999988,0xd2936635c9c049cb49061903bf291a6f25789e45,sell,0xc42209accc14029c1012fb5680d95fbd6036e2a0,0x1f26e0b90d3925e90484389c004e803ad82b010bfdbc104eaab424594d72cbbb
47,838.9297722925465,0.4698023503433707,0x69ee4657c1e7759e432d6a2e01eee0dd31e68e38,2017-11-02T01:49:27.000Z,0.000560002,0xd2936635c9c049cb49061903bf291a6f25789e45,sell,0xc42209accc14029c1012fb5680d95fbd6036e2a0,0xc05a249596315b7a32df5efafe39393313b4494c640bf853d72aa933f4b049d6
48,6.727087206306496,0.003901710579657768,0x0c8a9ea8a3844253eceb6a0301d7901119a6da8d,2017-11-02T01:48:30.000Z,0.00058,0xc945c77d276948533fa98f0ae981ea49c3d1df8d,buy,0xc42209accc14029c1012fb5680d95fbd6036e2a0,0xaca4a2bc2e47de2e21d7af69f16bb025560eeae78156f3a18be61f536365c215
49,3.786,0.00223374,0xde1761ec63f685de1ea25834cc4cc349f12be7cc,2017-11-02T01:48:30.000Z,0.00059,0x0c8a9ea8a3844253eceb6a0301d7901119a6da8d,sell,0xc42209accc14029c1012fb5680d95fbd6036e2a0,0xaca4a2bc2e47de2e21d7af69f16bb025560eeae78156f3a18be61f536365c215
50,2.9209663073843433,0.001716856366491295,0x12d00b993bfd0422d6bde9aa63d96e0ab74fb636,2017-11-02T01:48:30.000Z,0.0005877699999999998,0x0c8a9ea8a3844253eceb6a0301d7901119a6da8d,sell,0xc42209accc14029c1012fb5680d95fbd6036e2a0,0xaca4a2bc2e47de2e21d7af69f16bb025560eeae78156f3a18be61f536365c215
51,970.7344694873965,0.5705685991306071,0x12d00b993bfd0422d6bde9aa63d96e0ab74fb636,2017-11-02T01:47:48.000Z,0.0005877699999999999,0x273a5d3e6721b9f5c1a6474f560c1334c63dda01,sell,0xc42209accc14029c1012fb5680d95fbd6036e2a0,0xf2385f1ef155b29da7b9d64f52ae0e34a3a2aae3d77be5bfe3cda57c9ce902ac
52,544.362,0.32117630181,0x282b1ac4d7a0069ee4556c19216b66c8e43215de,2017-11-02T01:47:48.000Z,0.000590005,0x273a5d3e6721b9f5c1a6474f560c1334c63dda01,sell,0xc42209accc14029c1012fb5680d95fbd6036e2a0,0x59f5684a4fbd7330ce7578028d57801440a86799f90fb237f21a078919d6f819
53,546,0.31668,0x273a5d3e6721b9f5c1a6474f560c1334c63dda01,2017-11-02T01:47:48.000Z,0.00058,0xc945c77d276948533fa98f0ae981ea49c3d1df8d,buy,0xc42209accc14029c1012fb5680d95fbd6036e2a0,0x59f5684a4fbd7330ce7578028d57801440a86799f90fb237f21a078919d6f819
54,755,0.43035,0xe00349367b5a927b656f2919bc50b70511dfd103,2017-11-02T01:47:48.000Z,0.00057,0xaf34a43c3b6e950f5e62660aaa637a220e36e460,sell,0xc42209accc14029c1012fb5680d95fbd6036e2a0,0x476ee4aa7a8e57d5d432ab8fbcf8d25f17e5dfb10355b853a32156c00547a102
55,973.6554357947808,0.5647201527609729,0x273a5d3e6721b9f5c1a6474f560c1334c63dda01,2017-11-02T01:47:48.000Z,0.00058,0xc945c77d276948533fa98f0ae981ea49c3d1df8d,buy,0xc42209accc14029c1012fb5680d95fbd6036e2a0,0xf2385f1ef155b29da7b9d64f52ae0e34a3a2aae3d77be5bfe3cda57c9ce902ac
56,1258.214,0.74234626,0xde1761ec63f685de1ea25834cc4cc349f12be7cc,2017-11-02T01:46:49.000Z,0.00059,0x273a5d3e6721b9f5c1a6474f560c1334c63dda01,sell,0xc42209accc14029c1012fb5680d95fbd6036e2a0,0xfcd027c736db34626bf0ada0337df7896acc0957a15caa6d2babb7965a54fbbd
57,1262,0.73196,0x273a5d3e6721b9f5c1a6474f560c1334c63dda01,2017-11-02T01:46:49.000Z,0.00058,0xc945c77d276948533fa98f0ae981ea49c3d1df8d,buy,0xc42209accc14029c1012fb5680d95fbd6036e2a0,0xfcd027c736db34626bf0ada0337df7896acc0957a15caa6d2babb7965a54fbbd
58,1644.9325564031303,0.9869595338418783,0x78b32758bdb650fd40a3a122b52a0a1f0e1af9b3,2017-11-02T01:40:08.000Z,0.0006,0xc9ae52f35efe6a5b24f670ea2686913a5f3489c4,buy,0xc42209accc14029c1012fb5680d95fbd6036e2a0,0x50ce608eed913b1e9074aefc5b247ddb06bac59db491e8fcb61e2cca79502302
59,507.0763815402256,0.3042458289241354,0x6214ff0afd2a91a7ef0889406acb48b84f1f0159,2017-11-02T01:35:15.000Z,0.0006,0xc945c77d276948533fa98f0ae981ea49c3d1df8d,buy,0xc42209accc14029c1012fb5680d95fbd6036e2a0,0x9a2cfa405d47ece85aadac1bfe1d3d9484536fbd5b73a2fcffef7ab0d35069fa
60,5577,3.3462,0xe2280e01e446eca796a058c9ec6442aba307822e,2017-11-02T01:33:21.000Z,0.0006,0xc9ae52f35efe6a5b24f670ea2686913a5f3489c4,sell,0xc42209accc14029c1012fb5680d95fbd6036e2a0,0x1ff24944d64c87446de75948d8a67406957e1da749640a93d9eb8dc57121c489
61,100,0.0649,0xbd89eff33fc19ac54205701506c875248cf7c52d,2017-11-02T01:31:20.000Z,0.000649,0xbde166024b8e84042dd97dc292b130bf0cc715fa,buy,0xc42209accc14029c1012fb5680d95fbd6036e2a0,0x335cb9a24cc6354170d6a928cb2b8ed0dff2746dfb1fef3969c542501db2b465
62,3902.725,2.341635,0x689de6aae98fe48334d6147b8fdb1eb4f9be95d1,2017-11-02T01:31:20.000Z,0.0006,0xc9ae52f35efe6a5b24f670ea2686913a5f3489c4,sell,0xc42209accc14029c1012fb5680d95fbd6036e2a0,0xb5792e8f36afed0226f4d49bfa621993ddebaf1e07b122eb0001334fa6bd874b
63,2498,1.57374,0xe2280e01e446eca796a058c9ec6442aba307822e,2017-11-02T01:29:45.000Z,0.00063,0x24418ab1b19550b380652432eac1ab37bf3d0fa9,buy,0xc42209accc14029c1012fb5680d95fbd6036e2a0,0x3f3b85682ec7617b8b4236cf3d48a4ca9e27f739c51d5862d6159b9741c2e65c
64,500,0.322,0xbd89eff33fc19ac54205701506c875248cf7c52d,2017-11-02T01:23:59.000Z,0.000644,0x254fb89e4cab71708eaab16e067ca8156a38e18a,buy,0xc42209accc14029c1012fb5680d95fbd6036e2a0,0x6b96525735e3ba04b28326ddc16212b217b651ce00523c6e8f1a2d694f1e10c1
65,500,0.31545,0xe43a6bc52ee106b029f738ee0cdbe8ed9f03c899,2017-11-02T01:23:59.000Z,0.0006309,0x24418ab1b19550b380652432eac1ab37bf3d0fa9,sell,0xc42209accc14029c1012fb5680d95fbd6036e2a0,0x7e8152738c815410b2d059a165bf060dea8bcaeda3cd69f540dcb39e2a30d734
66,727.272,0.46545408,0xbd89eff33fc19ac54205701506c875248cf7c52d,2017-11-02T01:21:46.000Z,0.00064,0x8094c95ea388d667452e34ad1398e28187c94a39,buy,0xc42209accc14029c1012fb5680d95fbd6036e2a0,0x014366fe43ee62218ec7e4da1c964107f28ac6c325a8cd26420f47d33027a1b4
67,597.2746175620406,0.3583647705372243,0x689de6aae98fe48334d6147b8fdb1eb4f9be95d1,2017-11-02T00:59:58.000Z,0.0006,0x369b5283d4c934867280778f8c211610f554fbbe,sell,0xc42209accc14029c1012fb5680d95fbd6036e2a0,0x24801ca927ff3af3fac2ebbf9480fae694ac1fc405f82280126665dcc8d94ec6
68,1991.1324362822534,1.2562054540504737,0xf120b8fa7403cf4e1a92765bcdb55bc13e7e2b38,2017-11-02T00:53:32.000Z,0.0006309,0x93b54e346739c9a6c9dd47fa5253e15ce3f2213a,buy,0xc42209accc14029c1012fb5680d95fbd6036e2a0,0xac19457a539c7902a7a9c7e919c1fe55c48be89496a9522c039e669b08b1aec3
69,1,0.0006309,0xe2b48b3dd0b33283b4802e63e65518f27e635054,2017-11-02T00:48:42.000Z,0.0006309,0x93b54e346739c9a6c9dd47fa5253e15ce3f2213a,buy,0xc42209accc14029c1012fb5680d95fbd6036e2a0,0xee1ab6483d3f3041427be3932240fa9cb9039909ef949ee99bcca2940f478037
70,1,0.0006309,0xed2ca7381d82f8fb9bcc54ea6ab6526e35aece25,2017-11-02T00:48:11.000Z,0.0006309,0x93b54e346739c9a6c9dd47fa5253e15ce3f2213a,buy,0xc42209accc14029c1012fb5680d95fbd6036e2a0,0x9ab605dbe5c062881f739d06e1b304708ed32bde26ade08a981ab0014ef057e8
71,1000,0.6309999,0x0dd490d3ef56152abaa8712b75a2d6a2d88adac0,2017-11-02T00:38:52.000Z,0.0006309999,0x36ac32b737afb8c3f35056fd8ea1e68cff54208f,buy,0xc42209accc14029c1012fb5680d95fbd6036e2a0,0x7947784a9abee3fbed85f14827a44d9f980584b906bfe0df75fe1779b91f708a
72,26.34456420521915,0.015484544502901657,0x12d00b993bfd0422d6bde9aa63d96e0ab74fb636,2017-11-01T23:54:26.000Z,0.0005877699999999999,0x3324ebf441d8aae7bd76fc4c192e84e1d993ba5b,sell,0xc42209accc14029c1012fb5680d95fbd6036e2a0,0x8df75b0f23324dd8f3865c7540b0969ef7e006f44a517dab6fe765d570e67c06
73,284.1276371143167,0.16763530589744688,0x41d6540ea5ac19a729efa6855e10a6b4fa149104,2017-11-01T23:54:00.000Z,0.00059,0x3324ebf441d8aae7bd76fc4c192e84e1d993ba5b,sell,0xc42209accc14029c1012fb5680d95fbd6036e2a0,0x3fdc1e4505b59ecb5501cb686c60a5207dbc4df7206effc0e9a278c3b169b095
74,825,0.48675,0x00bc39bff54a0efeede91652921c908b8d6a7c5c,2017-11-01T23:53:28.000Z,0.00059,0x3324ebf441d8aae7bd76fc4c192e84e1d993ba5b,sell,0xc42209accc14029c1012fb5680d95fbd6036e2a0,0x8d476eab79ca5d53253ec1395f73a91608797f4d26261a4be0b01f5b92e8cd46
75,800,0.4720016,0xf73a2ca173919864a896511053bc7c32cbbdaafb,2017-11-01T23:53:28.000Z,0.000590002,0x3324ebf441d8aae7bd76fc4c192e84e1d993ba5b,sell,0xc42209accc14029c1012fb5680d95fbd6036e2a0,0x2299f7e94219f083d00a6cfc34e75815b83cf33c748b00d5663578e5c5c7f5db
76,999.9919316387112,0.5899962396587712,0x36ac32b737afb8c3f35056fd8ea1e68cff54208f,2017-11-01T23:53:28.000Z,0.0005900009999999999,0x3324ebf441d8aae7bd76fc4c192e84e1d993ba5b,sell,0xc42209accc14029c1012fb5680d95fbd6036e2a0,0x8463240fd7d9400569774b31f3891b9c79942ffd9291edec6f7867ff19035907
77,0,0,0x36ac32b737afb8c3f35056fd8ea1e68cff54208f,2017-11-01T23:09:28.000Z,NaN,0x0c4085d8e714ca77ac5f46cd2b80a92d238a7cd3,sell,0xc42209accc14029c1012fb5680d95fbd6036e2a0,0x327c4d5c8d4f925c5128bd7d2640c016d81f583e4ae2bac7b763aeeceb79d896
78,1500,0.9465,0x93935ddab6a57286a480a7ce84912bb0503c603c,2017-11-01T23:07:24.000Z,0.000631,0xc9ae52f35efe6a5b24f670ea2686913a5f3489c4,buy,0xc42209accc14029c1012fb5680d95fbd6036e2a0,0x59866fd37d75576f4d83397688aed9ec41c1a178b8848057d27c58591e948431
79,17472.101,11.00742363,0x43fc16f70c73ebf74bbf928f0273546927458f70,2017-11-01T23:02:34.000Z,0.00063,0x64dcca9d2091012bd3e1e5235d703f72f4d65746,buy,0xc42209accc14029c1012fb5680d95fbd6036e2a0,0x7560e058ed6eab7e2610ee203aa17fd403691324aa996d9c747ddda952454c9d
80,760,0.4788,0x282b1ac4d7a0069ee4556c19216b66c8e43215de,2017-11-01T23:01:53.000Z,0.00063,0x64dcca9d2091012bd3e1e5235d703f72f4d65746,sell,0xc42209accc14029c1012fb5680d95fbd6036e2a0,0x3ae6078007f5ae08af6873e15fb07f495b3ca0c3d7a7a328d6d71b9d5abde4e2
81,1687.8985460677004,1.0633760840226514,0xfaa80311c437ec25824172a74fa07f844798c502,2017-11-01T22:58:50.000Z,0.00063,0x64dcca9d2091012bd3e1e5235d703f72f4d65746,buy,0xc42209accc14029c1012fb5680d95fbd6036e2a0,0x6663b4a102aa48fb936d064385a52f3737617c6e54cae67db18d1915a25bc479
82,0,0,0x36ac32b737afb8c3f35056fd8ea1e68cff54208f,2017-11-01T22:55:01.000Z,NaN,0x0c4085d8e714ca77ac5f46cd2b80a92d238a7cd3,sell,0xc42209accc14029c1012fb5680d95fbd6036e2a0,0x1caa8bdc40ee739023d69fc3a04b326fafe0e042bf0cfd7e28cc1a3c5239a92e
83,0.011,0.000006941,0x0c4085d8e714ca77ac5f46cd2b80a92d238a7cd3,2017-11-01T22:49:10.000Z,0.000631,0xc9ae52f35efe6a5b24f670ea2686913a5f3489c4,buy,0xc42209accc14029c1012fb5680d95fbd6036e2a0,0x0219fb0fe991be3b0e916e1288206cab42d47d95ffba0dca5ae322c1928ce080
84,0.008068361288793712,0.000004760341228749,0x36ac32b737afb8c3f35056fd8ea1e68cff54208f,2017-11-01T22:46:55.000Z,0.0005900009999999283,0xc6fc6835ce16679c89567c0b33604d1e9a71bf99,sell,0xc42209accc14029c1012fb5680d95fbd6036e2a0,0xa94fb44db2e3bbaca07dc6463f5298fa00f7947d9417d553a8d19d76240677ee
85,450,0.28395,0x3782a2a6af359e6e1eded24c27a01aec7406106c,2017-11-01T22:46:55.000Z,0.000631,0xc9ae52f35efe6a5b24f670ea2686913a5f3489c4,buy,0xc42209accc14029c1012fb5680d95fbd6036e2a0,0x19eb2683492fda29b2e8f1872ac444500604bf6f772bfc1c1d1e05a895d97a31
86,0,0,0x3459d659cee77a1560e3cb7d90fdcda5841b7e5e,2017-11-01T22:41:48.000Z,NaN,0x0c4085d8e714ca77ac5f46cd2b80a92d238a7cd3,sell,0xc42209accc14029c1012fb5680d95fbd6036e2a0,0x9eb70858ef96251e6ca11de3cab1fe307b394ef4852092f75fd212775f240968
87,0.000631,0.97805,0x3459d659cee77a1560e3cb7d90fdcda5841b7e5e,2017-11-01T22:41:07.000Z,1550,0x273a5d3e6721b9f5c1a6474f560c1334c63dda01,sell,0xc42209accc14029c1012fb5680d95fbd6036e2a0,0x4ead26102b35231bbdf62dcc9eca54ee4008c76f5b8c548c777d956ab244c438
88,1616,0.9696,0xfbd4e941d007ae211281462bb88a6ea14b8871bf,2017-11-01T22:37:44.000Z,0.0006,0xc9ae52f35efe6a5b24f670ea2686913a5f3489c4,sell,0xc42209accc14029c1012fb5680d95fbd6036e2a0,0x2ffc339c688094647d81938380e68e0222997a337d11c452e7347b45e045e075
89,5894.895651625258,3.7334319477307796,0xe70a443b193f5e82f4f8775004c5bf8d1bfdce54,2017-11-01T22:36:00.000Z,0.000633333,0x64dcca9d2091012bd3e1e5235d703f72f4d65746,buy,0xc42209accc14029c1012fb5680d95fbd6036e2a0,0x20a0763b98e246c449ccfa84f80b839c9d7a911c6c31b9efc1216fa3c768be3f
90,105.203,0.066698702,0x89ed71207f0a87ee5d9e1edb37e013361c417dc9,2017-11-01T22:05:20.000Z,0.000634,0x87cd32183d136ce2587ac4880d0f4e6a6cdc9ec0,buy,0xc42209accc14029c1012fb5680d95fbd6036e2a0,0x50b4c348a77796e03487281748228463f5b8ea527cbc8fe8a22b65d1fa4d935c
91,600,0.3846,0x34ae52858652e99e0d282671d6a7caa0660d49f5,2017-11-01T21:55:58.000Z,0.000641,0xc8f0ff82d4aa091da8a40fe16a9a867d104a142c,buy,0xc42209accc14029c1012fb5680d95fbd6036e2a0,0x784ad8109214368423ca2a5a1c0b1ad0c7b8976f68d8cfb5f0da5669cea116fc
92,1000,0.633999,0x89ed71207f0a87ee5d9e1edb37e013361c417dc9,2017-11-01T21:50:51.000Z,0.000633999,0x36ac32b737afb8c3f35056fd8ea1e68cff54208f,buy,0xc42209accc14029c1012fb5680d95fbd6036e2a0,0x98bc6f391d781e2cfa6cde33817bf03cdb9cfe410d56034a90386caf0bc1c70e
93,48.83461270062805,0.02881242149337055,0xfbd4e941d007ae211281462bb88a6ea14b8871bf,2017-11-01T21:47:47.000Z,0.00059,0x6d4184c8c086729ff3feac476a72a7b73bf1f029,sell,0xc42209accc14029c1012fb5680d95fbd6036e2a0,0x5ab9c7e38f70831f6b646d355109daec2adb268eef3e8d095367af95db85e0d6
94,580,0.3741,0x607a4bb4f6b1497265b705a4efa8577a1cc93c4d,2017-11-01T21:29:33.000Z,0.000645,0xe00349367b5a927b656f2919bc50b70511dfd103,buy,0xc42209accc14029c1012fb5680d95fbd6036e2a0,0xee8f77c4cd354f04c7668d6e706843422fbd730fd7f8be9688d2c472174de548
95,1000,0.587771,0x36ac32b737afb8c3f35056fd8ea1e68cff54208f,2017-11-01T21:27:21.000Z,0.000587771,0x0accf729da1412b1ade3ce352159659feb906438,sell,0xc42209accc14029c1012fb5680d95fbd6036e2a0,0x460c2c27be72007a333fd036eaa58c07fbaac3b6be249008f190a748d8507dde
96,1030.705,0.618423,0xd8a6e4eec49e57a97ee292616f82cf28642a2c48,2017-11-01T21:19:20.000Z,0.0006,0x3324ebf441d8aae7bd76fc4c192e84e1d993ba5b,sell,0xc42209accc14029c1012fb5680d95fbd6036e2a0,0x31fac5367d02e4300128df4ad8387c04fc201ee0525ed941f7a3cd4dfe5a97da
97,7975.475408150793,4.785285244890476,0xd8a6e4eec49e57a97ee292616f82cf28642a2c48,2017-11-01T21:05:38.000Z,0.0006,0x3324ebf441d8aae7bd76fc4c192e84e1d993ba5b,sell,0xc42209accc14029c1012fb5680d95fbd6036e2a0,0x9bd28213a27894712a6995837575c483f13abc6908ff791b08a1c29fb0a46bae
98,1993.8191606021335,1.19629149636128,0xd8a6e4eec49e57a97ee292616f82cf28642a2c48,2017-11-01T20:57:31.000Z,0.0006,0x3324ebf441d8aae7bd76fc4c192e84e1d993ba5b,sell,0xc42209accc14029c1012fb5680d95fbd6036e2a0,0x7580495ae1b6e66483352d978875135cc42139bc278fa717ab0e0f9274366371
99,0.01993819160602133,0.001993819160602133,0xfd5272fce47100dbf08c1c881e0a0a4eec4a7de1,2017-11-01T20:35:48.000Z,0.1,0xb46747698abc0110e280cf06d6f1f4f1cced17ed,buy,0xc42209accc14029c1012fb5680d95fbd6036e2a0,0xf2c36fcb6b73b9f390cec2558fcd49763d0fcd69850945dd56d064f5112e1e9a
100,547.47,0.3503808,0x21b2ec62e93954074cde69ae0ccb2faa65f66075,2017-11-01T20:35:08.000Z,0.00064,0x5353c15ba6845fd64cde1ebe72db1daef6523111,buy,0xc42209accc14029c1012fb5680d95fbd6036e2a0,0xaf9cc5c66fc4d220a2ce0ae1e914cd024b6d3f51f95708a0e23071bd8ba50cd5
101,2173.9461252671235,1.3956734124214933,0x772eafb316f22be80d4821644a6a8d4c1ac8637c,2017-11-01T20:33:54.000Z,0.000642,0x69ee4657c1e7759e432d6a2e01eee0dd31e68e38,buy,0xc42209accc14029c1012fb5680d95fbd6036e2a0,0x6dda8b965694745256a7ad54193b47783158538922594fff7e3850229e31aaaa
102,3274.602711951207,2.1022949410726746,0x6fc7eb96d93234fc3b2242643eec50f33b541377,2017-11-01T20:21:03.000Z,0.000642,0x69ee4657c1e7759e432d6a2e01eee0dd31e68e38,buy,0xc42209accc14029c1012fb5680d95fbd6036e2a0,0x993f9c47e0b6873ab1f30d07ce889bcb4bd41c1074b1c4b3a230c1277b1480a7
103,100.14979829271348,0.06209287494148236,0xc5ce114707eaa15e5ade4e3da7a7f992fd8d5bbd,2017-11-01T20:18:52.000Z,0.00062,0xeff5e22ab9809b8e03ea9ea725b41fece4fe55b1,buy,0xc42209accc14029c1012fb5680d95fbd6036e2a0,0x32790e40d47b4c9b9ed58fee520a664269affb69d03f8c2dd9a3a460602e3780
104,3600,2.304,0x6fc7eb96d93234fc3b2242643eec50f33b541377,2017-11-01T20:18:36.000Z,0.00064,0xd00f15f6ba4b9382381ca0984e74026906299136,buy,0xc42209accc14029c1012fb5680d95fbd6036e2a0,0xa023f88c554f6f53be2322d2d995550855029e13302ab8c0c568a92dde36308c
105,547.4750638240721,0.30111128510323965,0x5353c15ba6845fd64cde1ebe72db1daef6523111,2017-11-01T20:18:36.000Z,0.00055,0xdd3e96e7a54144c9c4586f9afd271b896d706113,sell,0xc42209accc14029c1012fb5680d95fbd6036e2a0,0x8a625c0d06ee8a3605302aca1b784ef1a1bc62c2104de1e28e7482d5347a1a4b
106,330,0.2079,0xc5ce114707eaa15e5ade4e3da7a7f992fd8d5bbd,2017-11-01T20:16:22.000Z,0.00063,0x254fb89e4cab71708eaab16e067ca8156a38e18a,buy,0xc42209accc14029c1012fb5680d95fbd6036e2a0,0x1860ae38edb676aab6d77a0c28be74d4e29c00a75f8136257bbc037861bd7725
107,168,0.10416,0xc5ce114707eaa15e5ade4e3da7a7f992fd8d5bbd,2017-11-01T20:15:49.000Z,0.00062,0xeff5e22ab9809b8e03ea9ea725b41fece4fe55b1,buy,0xc42209accc14029c1012fb5680d95fbd6036e2a0,0xd9812ec587e8197f4132982ced675bb14093eeccdb3356b2d8bbd701c026f807
108,633.0373490259761,0.3988135235559915,0x4df020c54f25570af5e2d305d3b598d49e9a0d28,2017-11-01T20:04:37.000Z,0.00062999999,0x36ac32b737afb8c3f35056fd8ea1e68cff54208f,buy,0xc42209accc14029c1012fb5680d95fbd6036e2a0,0xe1728fd612f31e51f529f80ce3315d5fa421d4e53fbdecc1748f7c2005c1ef66
109,8.742715762953027,0.004856578606320406,0x21d542b6403c2d4406494bdac9db0cbedcbe91da,2017-11-01T19:49:37.000Z,0.0005554999999999999,0x9928735e58646b828be5a0ce02e939cd752adc8f,sell,0xc42209accc14029c1012fb5680d95fbd6036e2a0,0xa9694f68beaa0121308e99fdc584c9671c89cc901dd498300d80c6482af69a5d
110,1804,0.9922,0x69ee4657c1e7759e432d6a2e01eee0dd31e68e38,2017-11-01T19:48:33.000Z,0.00055,0x9928735e58646b828be5a0ce02e939cd752adc8f,sell,0xc42209accc14029c1012fb5680d95fbd6036e2a0,0xe1147db49c3c99db9681f17ab211634827df47ba193db35fd0b7e83125d28131
111,1000,0.555501,0x36ac32b737afb8c3f35056fd8ea1e68cff54208f,2017-11-01T19:45:52.000Z,0.000555501,0xdd3e96e7a54144c9c4586f9afd271b896d706113,sell,0xc42209accc14029c1012fb5680d95fbd6036e2a0,0x7b1d2008705fba8067b9847675a051c98a2351491ed30c4994b1f59b9957ea77
112,1000.727,0.62045074,0xd3c7d671e67549e54ff47ec38d3d78fb88b89b3a,2017-11-01T19:26:06.000Z,0.00062,0x69ee4657c1e7759e432d6a2e01eee0dd31e68e38,buy,0xc42209accc14029c1012fb5680d95fbd6036e2a0,0x4a6515b0519c1d449ad52cdc37381efb8d9996e7e7e3248da0254f3afebec355
113,600,0.372,0x8ab6e20f85203fbac1726fac485f61ec5aad9393,2017-11-01T19:25:11.000Z,0.00062,0x69ee4657c1e7759e432d6a2e01eee0dd31e68e38,buy,0xc42209accc14029c1012fb5680d95fbd6036e2a0,0x090903cee5ddca8c129efb6afd2d6cd7927d8af263163cc3dac8de9ca9d29b58
114,600,0.353999994,0x8ab6e20f85203fbac1726fac485f61ec5aad9393,2017-11-01T19:22:07.000Z,0.00058999999,0x36ac32b737afb8c3f35056fd8ea1e68cff54208f,buy,0xc42209accc14029c1012fb5680d95fbd6036e2a0,0x4c8141dbd0dc339eb0f175a2d09b4b7cde5430cc7b785cc6b5c6a558f28df979
115,498.752,0.285784896,0x273a5d3e6721b9f5c1a6474f560c1334c63dda01,2017-11-01T19:21:57.000Z,0.000573,0x1943d4b6ef3e8b4cbf217a515483129832526f1c,buy,0xc42209accc14029c1012fb5680d95fbd6036e2a0,0x62ee71cbce92442f148f1ee9f33aa6b2ff511cfa054f2af0e0d5318eb962df39
116,497.255744,0.29503675058752,0x254fb89e4cab71708eaab16e067ca8156a38e18a,2017-11-01T19:21:57.000Z,0.00059333,0x273a5d3e6721b9f5c1a6474f560c1334c63dda01,sell,0xc42209accc14029c1012fb5680d95fbd6036e2a0,0x62ee71cbce92442f148f1ee9f33aa6b2ff511cfa054f2af0e0d5318eb962df39
117,265,0.152375,0x273a5d3e6721b9f5c1a6474f560c1334c63dda01,2017-11-01T19:20:44.000Z,0.000575,0x0c9719fa4cdbcd3bd74f3bcb46b4be1910b498d7,buy,0xc42209accc14029c1012fb5680d95fbd6036e2a0,0x21ca1f5502d754977646648cd85e15e6787b603a31942346ba43988c02d227c0
118,264.205,0.15676075265,0x254fb89e4cab71708eaab16e067ca8156a38e18a,2017-11-01T19:20:44.000Z,0.00059333,0x273a5d3e6721b9f5c1a6474f560c1334c63dda01,sell,0xc42209accc14029c1012fb5680d95fbd6036e2a0,0x21ca1f5502d754977646648cd85e15e6787b603a31942346ba43988c02d227c0
119,800,0.4936,0x8ab6e20f85203fbac1726fac485f61ec5aad9393,2017-11-01T19:20:15.000Z,0.000617,0x254fb89e4cab71708eaab16e067ca8156a38e18a,buy,0xc42209accc14029c1012fb5680d95fbd6036e2a0,0x6895780419f0949b927338541da9a1861f583f55c6004c913951d3ccfc0e2cfe
120,2000,1.2,0x8ab6e20f85203fbac1726fac485f61ec5aad9393,2017-11-01T19:18:32.000Z,0.0006,0x04e0f78595f70c71f91e9391d991b88b24171b86,buy,0xc42209accc14029c1012fb5680d95fbd6036e2a0,0xd9baf83a427e57087cee07ecf5bb02bc17a304720461669ff3e8a67ab2686437
121,3028.738,1.738492583262,0x8ab6e20f85203fbac1726fac485f61ec5aad9393,2017-11-01T19:17:23.000Z,0.000573999,0xe8a5507013abd71a5a676477d0ec2e99a233c74e,buy,0xc42209accc14029c1012fb5680d95fbd6036e2a0,0xdf1ed40505feae45e3633a3e110355c4c046150a8db6aa91812dba22cf7b7a08
122,938,0.537474,0xdbb4b44cfc44558e445fdb4ceb40216f5746ba63,2017-11-01T19:15:06.000Z,0.000573,0x1eaa18a0e964d346f2b5182be3f97d7aab5145b9,buy,0xc42209accc14029c1012fb5680d95fbd6036e2a0,0x338560ab0e7a486bb4d27baeb5316d1827bca9835f44e51a102cb64336c87190
123,164.4940683879972,0.09047173761339847,0x649ff43f8b95544cb2df054380e245119c4ee0e3,2017-11-01T19:01:29.000Z,0.00055,0x3b985dcb066a8e69eb25c2e1ade62579266f6717,sell,0xc42209accc14029c1012fb5680d95fbd6036e2a0,0x6fd099cfe2cb1000b14cd4577b00c99e400dee57bf09622131f83ae31f85b90e
124,844.4548123932922,0.4896993457068701,0xa31d9fa0b4a4d9aa0a8197d1d5d44aa43ee58742,2017-11-01T18:56:46.000Z,0.0005799,0x5353c15ba6845fd64cde1ebe72db1daef6523111,buy,0xc42209accc14029c1012fb5680d95fbd6036e2a0,0xd6cd5cf12cb22d7fb6d2474c3b2062df89d2ffe5e51ca50eef4efc1fd813fe1b
125,331,0.189663,0xc5f9c3f58b56d588e450ac838e65556e29a7e9ec,2017-11-01T18:45:20.000Z,0.000573,0x1eaa18a0e964d346f2b5182be3f97d7aab5145b9,buy,0xc42209accc14029c1012fb5680d95fbd6036e2a0,0xf309049ea0039aba64daa7d166159fd0a421a9fcc11752ad522cc3a8207100b0
126,830,0.45733,0x9bf7c2b235e7cbf78ceddfa12b86487a729af1ac,2017-11-01T18:42:32.000Z,0.000551,0x1943d4b6ef3e8b4cbf217a515483129832526f1c,sell,0xc42209accc14029c1012fb5680d95fbd6036e2a0,0x421eb1ac1dec17246d600df27af062970bcaf68bc9bcde8e7bf0a65752f066a0
127,10,0.00574,0xc8985bee08e34680e78686a586221c0164673605,2017-11-01T18:37:30.000Z,0.000574,0x5353c15ba6845fd64cde1ebe72db1daef6523111,buy,0xc42209accc14029c1012fb5680d95fbd6036e2a0,0x465ad5f309d3546d158e19a35189c8441cb83441e004a9278db066316e53f21d
128,140,0.08036,0xc8985bee08e34680e78686a586221c0164673605,2017-11-01T18:35:41.000Z,0.000574,0x5353c15ba6845fd64cde1ebe72db1daef6523111,buy,0xc42209accc14029c1012fb5680d95fbd6036e2a0,0x814c937cfbdb4bfa38c993f3d04b868579fd2c4e717793611a80cbf9d5879b42
129,5000,2.77775,0x3cb319e3dc7432c795b70ffaa05e90ba46107305,2017-11-01T18:35:32.000Z,0.00055555,0xbdb5b55b02fd7d9073608a95c2bde749fea47814,sell,0xc42209accc14029c1012fb5680d95fbd6036e2a0,0xf04835b37968af01d9616e938aadae29bac49b9786f062b3504715e08dbcddb6
130,890.124,0.49451283882,0x1ebdc6d831d6cc136b89c99bc4ec047a03082b26,2017-11-01T18:35:32.000Z,0.000555555,0xbdb5b55b02fd7d9073608a95c2bde749fea47814,sell,0xc42209accc14029c1012fb5680d95fbd6036e2a0,0x5c4ccb455258bee4b9bc8eb90dae0c4420d438a2c2fc222884df5415119af5c8
131,1000,0.56,0xb9e02382363e9536733d3a5338eaa4593320df04,2017-11-01T18:35:32.000Z,0.00056,0xbdb5b55b02fd7d9073608a95c2bde749fea47814,sell,0xc42209accc14029c1012fb5680d95fbd6036e2a0,0x18902b64832eac6e1ec162869dfba3999deeec309eb6352d0cc945eaa06e3ae8
132,8.661,0.0048111855,0x21d542b6403c2d4406494bdac9db0cbedcbe91da,2017-11-01T18:35:32.000Z,0.0005555,0xbdb5b55b02fd7d9073608a95c2bde749fea47814,sell,0xc42209accc14029c1012fb5680d95fbd6036e2a0,0x455c228778c9483bcad4ec0f746f0a96de244f91bc798cb697c9340530381760
133,500,0.2865,0xc46830caa686886a106bc76261f88e5702e916d8,2017-11-01T18:35:30.000Z,0.000573,0x1eaa18a0e964d346f2b5182be3f97d7aab5145b9,buy,0xc42209accc14029c1012fb5680d95fbd6036e2a0,0x44061784d35f4b7491846cb907e31bf383c5db30a636f898ca5d9fbb610bde82
134,3.2901,0.004013922,0x789e9915d993f728bd8d9a2acee1a1fec8be5c20,2017-11-01T18:24:49.000Z,0.00122,0x273a5d3e6721b9f5c1a6474f560c1334c63dda01,sell,0xc42209accc14029c1012fb5680d95fbd6036e2a0,0xd9ab21101955c2979368d88383650bb5b556e0c7c90f09192dfd6f493d659972
135,3.3,0.001890867,0x273a5d3e6721b9f5c1a6474f560c1334c63dda01,2017-11-01T18:24:49.000Z,0.00057299,0x5353c15ba6845fd64cde1ebe72db1daef6523111,buy,0xc42209accc14029c1012fb5680d95fbd6036e2a0,0xd9ab21101955c2979368d88383650bb5b556e0c7c90f09192dfd6f493d659972
136,1096.7,1.337974,0x789e9915d993f728bd8d9a2acee1a1fec8be5c20,2017-11-01T18:22:36.000Z,0.00122,0x273a5d3e6721b9f5c1a6474f560c1334c63dda01,sell,0xc42209accc14029c1012fb5680d95fbd6036e2a0,0x19b6b8e20a39f857896f629b6b7658b8c55ca81576e9ef8c8668bcbf416ae1d2
137,1100,0.6303,0x273a5d3e6721b9f5c1a6474f560c1334c63dda01,2017-11-01T18:22:36.000Z,0.000573,0x1eaa18a0e964d346f2b5182be3f97d7aab5145b9,buy,0xc42209accc14029c1012fb5680d95fbd6036e2a0,0x19b6b8e20a39f857896f629b6b7658b8c55ca81576e9ef8c8668bcbf416ae1d2
138,498.2615196395188,0.28600161401156415,0x4a0c61c5e6ca70b65024f4e811f2f26fbfea8273,2017-11-01T18:20:06.000Z,0.000573999,0xe8a5507013abd71a5a676477d0ec2e99a233c74e,buy,0xc42209accc14029c1012fb5680d95fbd6036e2a0,0xef5898a4024f74f1d4660069721f6300d9bf2e547f837f8dc0f84a09b5544ec8
139,449,0.257725551,0xda3ebe2885da8898459b736692f3790893dc6d6e,2017-11-01T18:13:43.000Z,0.000573999,0xe8a5507013abd71a5a676477d0ec2e99a233c74e,buy,0xc42209accc14029c1012fb5680d95fbd6036e2a0,0xea49e85e536fde422383e7ad5d41e5c0a7e537dd4e91128d9191c7cb8d3838e6
140,835,0.480125,0x4f101b4b0d855e5db77c368f83ecd944679a6281,2017-11-01T17:59:25.000Z,0.000575,0x0c9719fa4cdbcd3bd74f3bcb46b4be1910b498d7,buy,0xc42209accc14029c1012fb5680d95fbd6036e2a0,0xc61aa0b3b863627c674ef5dd15339eb39cb1c4d0e9841dd4a6500891c298106b
141,997.0089673136882,0.5493529379988095,0x5353c15ba6845fd64cde1ebe72db1daef6523111,2017-11-01T17:59:19.000Z,0.000551001,0xa2b16e3b6b64771396c925e61fefd851e757e38e,sell,0xc42209accc14029c1012fb5680d95fbd6036e2a0,0x8f12133b5d5b08c05e2d0353f27088afac3a1eddb00d58991feabb53d4b4e57e
142,337,0.193438,0xf56a5813467b2b28d095877a40df468290e747e4,2017-11-01T17:43:45.000Z,0.000574,0x1eaa18a0e964d346f2b5182be3f97d7aab5145b9,buy,0xc42209accc14029c1012fb5680d95fbd6036e2a0,0xb6f512b6749ea409b12fa203ed7c7e86458ad09f22aa51fe0c9110b5631460a0
143,1920,1.10208,0x0e000ff196d574b59e3f423785cef0a0764a3bc2,2017-11-01T17:35:21.000Z,0.000574,0xaf34a43c3b6e950f5e62660aaa637a220e36e460,sell,0xc42209accc14029c1012fb5680d95fbd6036e2a0,0x034f54ddad543e06155b6a887a3c1261e13ac69115abe2829ff20d7e2a5337b6
144,250,0.1435,0xd649033b08546b15e284401582cb51a842d2801b,2017-11-01T17:33:59.000Z,0.000574,0x1eaa18a0e964d346f2b5182be3f97d7aab5145b9,buy,0xc42209accc14029c1012fb5680d95fbd6036e2a0,0x8f12140b6f2985dddd48a1e13fa18b5b27d774e846673c567ca31189f7172701
145,135.345,0.07768803,0xd649033b08546b15e284401582cb51a842d2801b,2017-11-01T17:33:47.000Z,0.000574,0xcf45bf426dd8a84aec6767f0103784d99adbf215,buy,0xc42209accc14029c1012fb5680d95fbd6036e2a0,0xff704b96a6bc5dd0465fba2f853e040c71ec2bee28f79e277f3360313bcd7f05
146,80,0.04592,0x0e000ff196d574b59e3f423785cef0a0764a3bc2,2017-11-01T17:18:03.000Z,0.000574,0x5353c15ba6845fd64cde1ebe72db1daef6523111,sell,0xc42209accc14029c1012fb5680d95fbd6036e2a0,0x6fa0ea26bd2c357314ad24f96b3f24630703ec9e11db2978a0d78785519f5ba7
147,1915.184926727146,1.0993161479413818,0x0e000ff196d574b59e3f423785cef0a0764a3bc2,2017-11-01T17:12:08.000Z,0.000574,0x5353c15ba6845fd64cde1ebe72db1daef6523111,sell,0xc42209accc14029c1012fb5680d95fbd6036e2a0,0x88394df6540c4c616d22cdae1c988c795a2fc1b51e1e3ba4d1938d421ec6298f
148,84.81507327285415,0.048683852058618284,0x0e000ff196d574b59e3f423785cef0a0764a3bc2,2017-11-01T17:10:33.000Z,0.000574,0x9364a39e67c8644a28fa8c5471a5ad8f91a616df,sell,0xc42209accc14029c1012fb5680d95fbd6036e2a0,0xbb70e5aa4e14155045fbe1659cd2b46b283a37cc3a05d5fa24c843a6639dc474
149,862.3785296722031,0.49845479015053334,0x4df020c54f25570af5e2d305d3b598d49e9a0d28,2017-11-01T16:58:25.000Z,0.000578,0x1eaa18a0e964d346f2b5182be3f97d7aab5145b9,buy,0xc42209accc14029c1012fb5680d95fbd6036e2a0,0x5176cb22a31e0da0cb68a5ad25d1705303d835540e031ed2e4b710b6f64cd833
150,857.9894783297567,0.476184160473015,0x5353c15ba6845fd64cde1ebe72db1daef6523111,2017-11-01T16:37:34.000Z,0.0005549999999999999,0xaf34a43c3b6e950f5e62660aaa637a220e36e460,sell,0xc42209accc14029c1012fb5680d95fbd6036e2a0,0xdb4560737675e0b479b50440a08991bf424ac1c9b9dff2e48a75cc9ad845950b
151,1000,0.556,0x5353c15ba6845fd64cde1ebe72db1daef6523111,2017-11-01T16:36:53.000Z,0.000556,0xaf34a43c3b6e950f5e62660aaa637a220e36e460,sell,0xc42209accc14029c1012fb5680d95fbd6036e2a0,0x6917918eaa43a3670e9b2dd9111cfcbfec2be891b2f995020e12a81601281d0b
152,426.2875087229588,0.24383688127704117,0xc7954ad7f35fe1e61b088fa1367a03d19cf1ed03,2017-11-01T16:36:47.000Z,0.000572001,0xaf34a43c3b6e950f5e62660aaa637a220e36e460,sell,0xc42209accc14029c1012fb5680d95fbd6036e2a0,0x4aa8d651caf28278f48bf65200f353a0f3ecaa2e4a7bb8e7abb8802947e728f1
153,76.91673054909091,0.044611703718472735,0xf9d10e34a470351519e09f814f696a7d56deb569,2017-11-01T16:36:47.000Z,0.00058,0xe8a5507013abd71a5a676477d0ec2e99a233c74e,buy,0xc42209accc14029c1012fb5680d95fbd6036e2a0,0x2eaf8df495a2b8102b8b015e6014a1be277efb12a2a5d329c231d801493e7abf
154,273.7124912770412,0.15656381872295883,0xc7954ad7f35fe1e61b088fa1367a03d19cf1ed03,2017-11-01T15:59:16.000Z,0.000572001,0x43808d5a5cc952c530ff9d0499fa0bfd8ff553bf,sell,0xc42209accc14029c1012fb5680d95fbd6036e2a0,0x2173bb6c4376334198031ddc9cc8c56ecb7a42354ce66d6b5a71cae8af969e62
155,600,0.3432012,0x36ac32b737afb8c3f35056fd8ea1e68cff54208f,2017-11-01T15:52:31.000Z,0.000572002,0xbdb5b55b02fd7d9073608a95c2bde749fea47814,sell,0xc42209accc14029c1012fb5680d95fbd6036e2a0,0x4b74d8657288c6af33fbff8a3a1e54bb4961ec425708728624e1234654699010
156,900,0.51489,0x21d542b6403c2d4406494bdac9db0cbedcbe91da,2017-11-01T15:37:37.000Z,0.0005721,0xbdb5b55b02fd7d9073608a95c2bde749fea47814,sell,0xc42209accc14029c1012fb5680d95fbd6036e2a0,0x810ca757f0597fa08b2ebe7cdff083d01a6196044d5b6ae72e92d3bd00754dad
157,205,0.12095,0x81ad5e7e99e83861a82f4406fd28ba4ed3ed6045,2017-11-01T15:22:01.000Z,0.00059,0xc945c77d276948533fa98f0ae981ea49c3d1df8d,buy,0xc42209accc14029c1012fb5680d95fbd6036e2a0,0x611f8a516460eaf1a88e0ba2aea3de126fc729494fd3a2e385d9ecc7bb2edfa6
158,4161.056304512295,2.4924727264028648,0x9b7a8b471ad9a43e36d69ab971c7a03c6f5b5b41,2017-11-01T14:46:53.000Z,0.000599,0x1eaa18a0e964d346f2b5182be3f97d7aab5145b9,buy,0xc42209accc14029c1012fb5680d95fbd6036e2a0,0x9a3e699a98f1575dc8a467b2335fc6d1546fc3b9552ad95b58bd0b8aa5023411
159,233,0.1398,0xe1390f11a7d6c2953639e7d6121bd22a508a8bb2,2017-11-01T14:22:48.000Z,0.0006,0xc945c77d276948533fa98f0ae981ea49c3d1df8d,buy,0xc42209accc14029c1012fb5680d95fbd6036e2a0,0x87f465ffd94e2da33dfad0fe088032ac71b8f22406a4400e2bc1afa12c52fad1
160,143.92645464795353,0.08232593205862941,0x5353c15ba6845fd64cde1ebe72db1daef6523111,2017-11-01T14:12:59.000Z,0.000572,0x965957ef07c7cef5b082bfb9eb8ffec218067e29,sell,0xc42209accc14029c1012fb5680d95fbd6036e2a0,0xb46c1b90a895b3b3560e2f14f8c62f679ac3884114979c760d13b8af70a93137
161,5197.133395524117,3.191039904851808,0xe1390f11a7d6c2953639e7d6121bd22a508a8bb2,2017-11-01T13:56:34.000Z,0.000614,0x1eaa18a0e964d346f2b5182be3f97d7aab5145b9,buy,0xc42209accc14029c1012fb5680d95fbd6036e2a0,0xa613e6ca17d455395494a3983004017de57c0bd9f701be398050d1f48d157322
162,139.40484498056026,0.07743939138670122,0x21d542b6403c2d4406494bdac9db0cbedcbe91da,2017-11-01T13:52:14.000Z,0.0005555,0x4b7c1695c547062a0a52173053ed29a330c3a547,sell,0xc42209accc14029c1012fb5680d95fbd6036e2a0,0x2584b02fb3c20b42890d903f00432d113cdec265bad86394859775da254d72b9
163,721,0.41097,0xfb3c71bdf0af0efa63a57fd6030c57f3cbc846e1,2017-11-01T13:50:53.000Z,0.00057,0x4b7c1695c547062a0a52173053ed29a330c3a547,sell,0xc42209accc14029c1012fb5680d95fbd6036e2a0,0xb0c22338c567fac8263ce0c1d19b6a119021c5c45bc23f86ae46bd656e12fb55
164,492,0.30258,0xc4276e56785ac0c0d91851c44e7e7b3a1963782f,2017-11-01T13:45:27.000Z,0.000615,0xe8a5507013abd71a5a676477d0ec2e99a233c74e,buy,0xc42209accc14029c1012fb5680d95fbd6036e2a0,0xd68a07b107f679c507aaa74d80f5496942abe42df38ba21dcc5f2b98cb43fac4
165,1727,1.0362,0xc7954ad7f35fe1e61b088fa1367a03d19cf1ed03,2017-11-01T13:39:55.000Z,0.0006,0x1ff1a6d085ca5cb9692b1d43a4d0ac122317d054,buy,0xc42209accc14029c1012fb5680d95fbd6036e2a0,0xbe45fd61b3800e08b71ae2596b39b1c16abfbe4e168b80db08e31d1e6a01c003
166,431,0.258169,0xc7954ad7f35fe1e61b088fa1367a03d19cf1ed03,2017-11-01T13:39:36.000Z,0.000599,0x1eaa18a0e964d346f2b5182be3f97d7aab5145b9,buy,0xc42209accc14029c1012fb5680d95fbd6036e2a0,0x553036ff695bc0d9fcae02936edb1bdc4e67d30739d313bca00c4ac69b05341e
167,546,0.327054,0x21307819952639b45caaa70e12ab6b6a795ecfc9,2017-11-01T13:38:28.000Z,0.000599,0x1eaa18a0e964d346f2b5182be3f97d7aab5145b9,buy,0xc42209accc14029c1012fb5680d95fbd6036e2a0,0xef69525b25b06a5dea54054a35bf118bab8c59ee8ae9f625ea5437b718ba5117
168,1750,1.04825,0xc7954ad7f35fe1e61b088fa1367a03d19cf1ed03,2017-11-01T13:34:09.000Z,0.000599,0x1eaa18a0e964d346f2b5182be3f97d7aab5145b9,buy,0xc42209accc14029c1012fb5680d95fbd6036e2a0,0x38c3dbc64c207d02bd2655dd573c3025936d58d8edb3e3f9a8d6e83b561a2420
169,1155,0.710325,0x929c3e60b605e0a5df302be2eed5ade02f2457a6,2017-11-01T13:04:16.000Z,0.000615,0x1eaa18a0e964d346f2b5182be3f97d7aab5145b9,buy,0xc42209accc14029c1012fb5680d95fbd6036e2a0,0xdb82366bd8271bab0937d21441c992e387423262158a3f95fc1a8e1192c0233a
170,752.5311534243845,0.4146446655368358,0x21d542b6403c2d4406494bdac9db0cbedcbe91da,2017-11-01T12:52:29.000Z,0.000551,0x9db1ee70e0af0baca42d8b3361b032cbe10c4ba8,sell,0xc42209accc14029c1012fb5680d95fbd6036e2a0,0x85e2df7fda58ecd4bab6605d586e22a58bd4d401f0fd02973e564e723ba68229
171,7.862,0.00466476046,0x254fb89e4cab71708eaab16e067ca8156a38e18a,2017-11-01T12:51:58.000Z,0.00059333,0xc7954ad7f35fe1e61b088fa1367a03d19cf1ed03,sell,0xc42209accc14029c1012fb5680d95fbd6036e2a0,0x99a43e09de83cbd9eb424649f25a137ddc5550e9d693b82902e27712b79dfdea
172,1000,0.618,0xf941cacde5bd68cf5b7ab15a8d284cf8672b28c8,2017-11-01T12:36:21.000Z,0.000618,0x1eaa18a0e964d346f2b5182be3f97d7aab5145b9,buy,0xc42209accc14029c1012fb5680d95fbd6036e2a0,0xb8599b83235569b63bd59d4db6d6206b43467aac4c816fb38bb9bc32772ff46c
173,84.81507327285415,0.04842940683879972,0x21d542b6403c2d4406494bdac9db0cbedcbe91da,2017-11-01T11:58:05.000Z,0.000571,0x7df842fa03e8d8271d7af5da123ffd0ce7aeac6d,sell,0xc42209accc14029c1012fb5680d95fbd6036e2a0,0xfe49b07a3d63f46374b1a66a7f099652340ac6555fd459c922d4a5548f4c6ae4
174,2.4,0.001488,0x82835bd1842831f4666bb69290a5fe3f0a707c6e,2017-11-01T11:52:39.000Z,0.00062,0xbe662f22c7e8a840974b5a37abd01d82f23cb76a,sell,0xc42209accc14029c1012fb5680d95fbd6036e2a0,0xa5d80943fa88f8f789da9185da81fdfbb0ae5ee23d17ece062c4f9b585637ce1
175,56,0.0348432,0xe4c23f829957f3b1791ca5b481c59494419f841f,2017-11-01T11:11:41.000Z,0.0006222,0xe300b3909aad54fd05e919e39f402c842e0037d3,sell,0xc42209accc14029c1012fb5680d95fbd6036e2a0,0x01608a1df4b45e093a1b780af48841549367187811f11d5352a9bd2da1c6e4cb
176,8027.584082598105,4.993157299376021,0xe4c23f829957f3b1791ca5b481c59494419f841f,2017-11-01T10:59:25.000Z,0.0006219999999999999,0x87cd32183d136ce2587ac4880d0f4e6a6cdc9ec0,sell,0xc42209accc14029c1012fb5680d95fbd6036e2a0,0x0ff6e59038c4b5eede25428ddac2bf5b8c0ccc44b20228eb3aa4dd2d9b667e22
177,8000,5.03192,0xe4c23f829957f3b1791ca5b481c59494419f841f,2017-11-01T10:57:54.000Z,0.00062899,0x772d794f6c4f60ef72990c0b760526c7623b4cdf,buy,0xc42209accc14029c1012fb5680d95fbd6036e2a0,0x2213b933016237994ede7429874a6d46d969ce3b712c73f3e25e38d1fd863527
178,170,0.1071,0xaaae9672b33333264366d382a790b1608ce30b82,2017-11-01T10:22:30.000Z,0.00063,0x254fb89e4cab71708eaab16e067ca8156a38e18a,buy,0xc42209accc14029c1012fb5680d95fbd6036e2a0,0xcabe51991b9b89ba8bde02e27df4076d2f88fe8ebc60f343fee59ff674e11080
179,18558.599,9.520561287,0x1eaa18a0e964d346f2b5182be3f97d7aab5145b9,2017-11-01T09:49:18.000Z,0.000513,0x576b6ebbf131aabe2aea557a5734f64568d6fd7f,sell,0xc42209accc14029c1012fb5680d95fbd6036e2a0,0x2e462c22e321635802e873dd5d8afc0182c43f858f3adabf25510055949fb96a
180,784.45697410318,0.4039953416631377,0xdcb473fbd3c1f82901e636df558980cab22d2de8,2017-11-01T09:43:39.000Z,0.0005149999999999999,0x576b6ebbf131aabe2aea557a5734f64568d6fd7f,sell,0xc42209accc14029c1012fb5680d95fbd6036e2a0,0xbeabdc89c931cfc51ba95f04ab4601d50ffe9ab1b44010dfde68c8ccb1a7f563
181,1215.0765749234597,0.631839818960199,0x0c9719fa4cdbcd3bd74f3bcb46b4be1910b498d7,2017-11-01T09:43:39.000Z,0.00052,0x576b6ebbf131aabe2aea557a5734f64568d6fd7f,sell,0xc42209accc14029c1012fb5680d95fbd6036e2a0,0x0d1829bfd9e432411503c19fe148c6c4b251d21ff73b8074795d140c8720835a
182,8000,4.1048,0xda896bd9e964386f7343414a646c8ef75d5ae009,2017-11-01T09:43:39.000Z,0.0005131,0x576b6ebbf131aabe2aea557a5734f64568d6fd7f,sell,0xc42209accc14029c1012fb5680d95fbd6036e2a0,0x36ce102c51e0ab7cb7b71ee0b28b3b52050f52fec4e7fd90af36df232ad3c504
183,4584.156834812083,2.498365474972585,0xc8f0ff82d4aa091da8a40fe16a9a867d104a142c,2017-11-01T09:42:44.000Z,0.000545,0x576b6ebbf131aabe2aea557a5734f64568d6fd7f,sell,0xc42209accc14029c1012fb5680d95fbd6036e2a0,0x81cd4dac09bae2c8c0bc23160e19ac660f0528f98c16c1605931178e7e10eca7
184,1000,0.625,0xf810ee30f3cb9e05999c088c6fd32932f1e1fd14,2017-11-01T09:36:35.000Z,0.000625,0x48f9b81f75b3e9166d1e58413699321cc1335a08,buy,0xc42209accc14029c1012fb5680d95fbd6036e2a0,0x2d756343702b78026f99dd1f3a32929941907f2114b8577c1917741c582c7155
185,15.843165187917457,0.008634525027415014,0xc8f0ff82d4aa091da8a40fe16a9a867d104a142c,2017-11-01T09:36:09.000Z,0.000545,0xc06d1aa2f5f3dba9ccc0d294f623a6c26e11f5d8,sell,0xc42209accc14029c1012fb5680d95fbd6036e2a0,0xeff20212e3102451ffc598b8bc30f46968e6c62bd234b8d0cca2fe2c82dc4214
186,130.907,0.08111914069,0xa045ea6c97d9f07ce2e5020944ee4c1ffac9f599,2017-11-01T09:30:32.000Z,0.00061967,0xc06d1aa2f5f3dba9ccc0d294f623a6c26e11f5d8,sell,0xc42209accc14029c1012fb5680d95fbd6036e2a0,0x0669e24053f177c74610094bed1d815bba21cb0195663e1cd9551f443c5d6311
187,100,0.055,0x1416df791ad8a9eb5dc115a0e5c98fca17019041,2017-11-01T09:28:17.000Z,0.00055,0xc06d1aa2f5f3dba9ccc0d294f623a6c26e11f5d8,sell,0xc42209accc14029c1012fb5680d95fbd6036e2a0,0x6edf2d5b297f4afa9c01e2c59a50ab139c0b39ca7f6601646bfcfc8c468e1084
188,1790.268,1.1276898132,0xf810ee30f3cb9e05999c088c6fd32932f1e1fd14,2017-11-01T09:26:55.000Z,0.0006299,0xda896bd9e964386f7343414a646c8ef75d5ae009,buy,0xc42209accc14029c1012fb5680d95fbd6036e2a0,0x15ba103698e75adcea86400b3b74b90d6ab8e9a3921784e221598ef1395063ea
189,375,0.2362125,0xc50fb62777c6d4f35244c6e714cc67734ae2abb6,2017-11-01T09:17:46.000Z,0.0006299,0xda896bd9e964386f7343414a646c8ef75d5ae009,buy,0xc42209accc14029c1012fb5680d95fbd6036e2a0,0x4579b3a50a94ef85829d1eb59d1dfc2bbfaf58bc4a55b06137212ce3a6d1dc14
190,1700,1.07083,0x9cbeea9fb41374836c9ee7b268eeb625565705a8,2017-11-01T09:15:07.000Z,0.0006299,0xda896bd9e964386f7343414a646c8ef75d5ae009,buy,0xc42209accc14029c1012fb5680d95fbd6036e2a0,0xc26f6208eb21b1f2c4daea5a7bc69aee7b460016b5f4658585b6990b6bd75b04
191,38.51551992103169,0.02349446715182933,0x9cbeea9fb41374836c9ee7b268eeb625565705a8,2017-11-01T09:08:36.000Z,0.00061,0x254fb89e4cab71708eaab16e067ca8156a38e18a,buy,0xc42209accc14029c1012fb5680d95fbd6036e2a0,0xae27e55c5268a70653151fa613c3d7ef4f3385738c20d4d884d8e96787df9bfd
192,134.7319803758427,0.08486767443874332,0xf5facca49f0fb3f52724ae5bf38ca44b89116d3b,2017-11-01T09:05:08.000Z,0.0006299,0xda896bd9e964386f7343414a646c8ef75d5ae009,buy,0xc42209accc14029c1012fb5680d95fbd6036e2a0,0x4fcd683390fd8ccf8f68455753a45ef1a237201729ab15d154f68cb7403505b2
193,200,0.122,0xf5facca49f0fb3f52724ae5bf38ca44b89116d3b,2017-11-01T08:52:27.000Z,0.00061,0x254fb89e4cab71708eaab16e067ca8156a38e18a,buy,0xc42209accc14029c1012fb5680d95fbd6036e2a0,0xb855b70e54234e9267b8930f596cbd7482efe7aedac3c8dd21f8c09919df5505
194,3165.4525276050804,1.99391854713844,0x9b7a8b471ad9a43e36d69ab971c7a03c6f5b5b41,2017-11-01T08:46:00.000Z,0.0006299,0xda896bd9e964386f7343414a646c8ef75d5ae009,buy,0xc42209accc14029c1012fb5680d95fbd6036e2a0,0x3f52cf7b6786ddb2646c1229f9e0f8c30f6011b5969960640e7c412bc5301b58
195,261.4844800789683,0.15950553284817068,0xf519ff7e9e4b1e07c48e47409c09ceea8e67763d,2017-11-01T08:22:16.000Z,0.00061,0x254fb89e4cab71708eaab16e067ca8156a38e18a,buy,0xc42209accc14029c1012fb5680d95fbd6036e2a0,0xaf0211e04ca1e767c0377551b70e4fc9d8f0491ba2201f459692cd2f388d8925
196,3600,2.0916,0xd00f15f6ba4b9382381ca0984e74026906299136,2017-11-01T07:51:56.000Z,0.000581,0x576b6ebbf131aabe2aea557a5734f64568d6fd7f,sell,0xc42209accc14029c1012fb5680d95fbd6036e2a0,0x03140fd67fabc31a8e7568cee03145e15fd797bd9657b8aa9245146b5bab42c9
197,9000,5.2299,0xda896bd9e964386f7343414a646c8ef75d5ae009,2017-11-01T07:51:43.000Z,0.0005811,0x576b6ebbf131aabe2aea557a5734f64568d6fd7f,sell,0xc42209accc14029c1012fb5680d95fbd6036e2a0,0xf07374e8d3faa7fe0029b0ee121c36dab3a88bb8a7eb98e798a97a4cd0d852dd
198,8000,4.64888,0x772d794f6c4f60ef72990c0b760526c7623b4cdf,2017-11-01T07:51:39.000Z,0.00058111,0x576b6ebbf131aabe2aea557a5734f64568d6fd7f,sell,0xc42209accc14029c1012fb5680d95fbd6036e2a0,0xeb10b5d671193c63583fcf5dae5fac4b3ae3345bf46c66ba3b5cfe4ec2039753
199,270.659,0.16059010447,0x254fb89e4cab71708eaab16e067ca8156a38e18a,2017-11-01T07:51:29.000Z,0.00059333,0x576b6ebbf131aabe2aea557a5734f64568d6fd7f,sell,0xc42209accc14029c1012fb5680d95fbd6036e2a0,0x969819733e90644c8730c99ca714545d52d9cb7e71f181b928f26bab7a8e2ef9
200,115,0.074175,0xcfeb24b89ceb23952c67492f45e41ed6fddd8092,2017-11-01T07:13:13.000Z,0.000645,0xe00349367b5a927b656f2919bc50b70511dfd103,buy,0xc42209accc14029c1012fb5680d95fbd6036e2a0,0xe29f9d420b457df203ab69cf7d0b063faa72a4b1e4a17fc7a68f76760ed71db7
201,512.944,0.331874255056,0xcfeb24b89ceb23952c67492f45e41ed6fddd8092,2017-11-01T07:08:34.000Z,0.000646999,0xb6c6f37cebff29932720e2acdd1cdee7e757e908,buy,0xc42209accc14029c1012fb5680d95fbd6036e2a0,0xd756c0c48ff574db7a8136646a4b1f168dbccd771b4170b2d862cc85deb8d1da
202,996.9095803010667,0.5443126308443824,0x957de35805a9b7810000546a2f14035685969ea0,2017-11-01T07:08:34.000Z,0.0005459999999999999,0xd401b223b669b6807f744496f07225022db15337,sell,0xc42209accc14029c1012fb5680d95fbd6036e2a0,0x7391bc6e4fb39b1dd4d4dc72947f967debc6eeea91ec96db319e5629e2eac649
203,200,0.124,0xcfeb24b89ceb23952c67492f45e41ed6fddd8092,2017-11-01T07:08:10.000Z,0.00062,0x254fb89e4cab71708eaab16e067ca8156a38e18a,buy,0xc42209accc14029c1012fb5680d95fbd6036e2a0,0x3308fb8b10a25b5c566cc6cd3c4f0dbe480015fe71e4bfbd140723fd89febf93
204,6151,3.9667799,0xcfeb24b89ceb23952c67492f45e41ed6fddd8092,2017-11-01T07:07:23.000Z,0.0006449,0xda896bd9e964386f7343414a646c8ef75d5ae009,buy,0xc42209accc14029c1012fb5680d95fbd6036e2a0,0xa94bd4388a6a1c3bbc875358868c6d17d0c49aba91394f8963eee336c49814cd
205,4522.823,2.885561074,0xcfeb24b89ceb23952c67492f45e41ed6fddd8092,2017-11-01T07:03:48.000Z,0.000638,0x772d794f6c4f60ef72990c0b760526c7623b4cdf,buy,0xc42209accc14029c1012fb5680d95fbd6036e2a0,0x1b10fdcbc47e50b84e63bb2ee72a6ae4ec81d2eb6648207a303ec23ba7ad8b58
206,2409.7186056614783,1.536831776821087,0xcfeb24b89ceb23952c67492f45e41ed6fddd8092,2017-11-01T07:02:11.000Z,0.000637764,0x772d794f6c4f60ef72990c0b760526c7623b4cdf,buy,0xc42209accc14029c1012fb5680d95fbd6036e2a0,0x16b0fa3e4a7d07076c0ef66d5a59d26d368867c71fe1c055f4deaaec42e081b6
207,2349,1.497954951,0xcfeb24b89ceb23952c67492f45e41ed6fddd8092,2017-11-01T07:00:23.000Z,0.000637699,0xda896bd9e964386f7343414a646c8ef75d5ae009,buy,0xc42209accc14029c1012fb5680d95fbd6036e2a0,0x9aba25c4cbac1673c20b9889777723372ef9327afbd57d095c9c078d2aef92f2
208,1164.4805466499768,0.6909212427438307,0x254fb89e4cab71708eaab16e067ca8156a38e18a,2017-11-01T05:50:34.000Z,0.00059333,0x576b6ebbf131aabe2aea557a5734f64568d6fd7f,sell,0xc42209accc14029c1012fb5680d95fbd6036e2a0,0xff40b6594c9b5735a3efb3e8855512c1e835396b1ef87ea79cfe4d35089fd9fa
209,3424.1037564126846,1.941466829885992,0x4419f10d2caaeafb7eda2272bcbd9ae628fb6be1,2017-11-01T05:45:26.000Z,0.000567,0x576b6ebbf131aabe2aea557a5734f64568d6fd7f,sell,0xc42209accc14029c1012fb5680d95fbd6036e2a0,0x880c5d0ed58d6119f66b7f569b160fc1a0c0b76a3900cc4e69de2307a82c52ca
210,8500,5.10085,0xda896bd9e964386f7343414a646c8ef75d5ae009,2017-11-01T05:45:26.000Z,0.0006001,0x576b6ebbf131aabe2aea557a5734f64568d6fd7f,sell,0xc42209accc14029c1012fb5680d95fbd6036e2a0,0x5b959d58b85485cb82338d7bfc03f459f587a595d115f838c7bd887d68ec721a
211,2357.830588584703,1.4972224237512863,0x796602bd8904e26e96f72ec829a748e5963f8c5b,2017-11-01T05:45:16.000Z,0.000635,0x576b6ebbf131aabe2aea557a5734f64568d6fd7f,sell,0xc42209accc14029c1012fb5680d95fbd6036e2a0,0x658bae151f5ac138d85933323b4c85c21a39f6e4a5e8547c1504aacf7312e49f
212,2342.169411415297,1.4872775762487136,0x796602bd8904e26e96f72ec829a748e5963f8c5b,2017-11-01T05:41:46.000Z,0.000635,0xda896bd9e964386f7343414a646c8ef75d5ae009,sell,0xc42209accc14029c1012fb5680d95fbd6036e2a0,0x196cd8465dbfa0186a5b09e6bc62f5b7a18dd86d85d9643b443a5156670aabfd
213,500,0.318882,0xea2db1ac5fc392bb961fcfa448b8c39b64c6546d,2017-11-01T04:52:31.000Z,0.000637764,0x772d794f6c4f60ef72990c0b760526c7623b4cdf,buy,0xc42209accc14029c1012fb5680d95fbd6036e2a0,0x83c8cff21301db3c41a1ee5d1f49f0aeb0f99c98ac706d961077ab37ead96155
214,103.23325004693835,0.058533252776614045,0x4419f10d2caaeafb7eda2272bcbd9ae628fb6be1,2017-11-01T04:42:46.000Z,0.000567,0x3ef3fb3fe601beb98d154f8b0c398acb1fc66a17,sell,0xc42209accc14029c1012fb5680d95fbd6036e2a0,0xddc2edcf3351edb9a9fff6c9808affc558b1badf47ceacc75ce61543df086913
215,141,0.077550141,0x940e5ff6007e5d89fcfe46deddf2fbeae318ce44,2017-11-01T04:41:08.000Z,0.000550001,0x3ef3fb3fe601beb98d154f8b0c398acb1fc66a17,sell,0xc42209accc14029c1012fb5680d95fbd6036e2a0,0xad35954efd0a5ad28923b11cf2e01172abe909bc66506b99bb2a19e5e60a5b96
216,62.356,0.03699768548,0x254fb89e4cab71708eaab16e067ca8156a38e18a,2017-11-01T04:41:08.000Z,0.00059333,0x3ef3fb3fe601beb98d154f8b0c398acb1fc66a17,sell,0xc42209accc14029c1012fb5680d95fbd6036e2a0,0x470ab9d7114f9a9434e7c5264eb6f0dacdd799a8602c5d0a50114db844fad36c
217,3450,1.9665,0x9d246a2f5d530a074353fd60b8e6cfef04c5c08a,2017-11-01T04:39:38.000Z,0.00057,0x3ef3fb3fe601beb98d154f8b0c398acb1fc66a17,sell,0xc42209accc14029c1012fb5680d95fbd6036e2a0,0xe41ae8c10bb7426947dd617ef3711e81d35e228838c7023aef995c4c58a1200a
218,35.49389094131897,0.020267011727493133,0xbe777d408431272e371fdd81b32087333310fe05,2017-11-01T04:38:29.000Z,0.000571,0x3ef3fb3fe601beb98d154f8b0c398acb1fc66a17,sell,0xc42209accc14029c1012fb5680d95fbd6036e2a0,0x4e7ed281e7b562e46640be784d32c99168c4ecb3ddd91d0a523b0076269fd290
219,1432.542,0.8181247362,0x772d794f6c4f60ef72990c0b760526c7623b4cdf,2017-11-01T04:37:50.000Z,0.0005711,0x3ef3fb3fe601beb98d154f8b0c398acb1fc66a17,sell,0xc42209accc14029c1012fb5680d95fbd6036e2a0,0xe6142a3e729fb5aac2ab58d45cf77173ae1e533590973a5780c6f93595ae08ec
220,1000,0.57100001,0x24418ab1b19550b380652432eac1ab37bf3d0fa9,2017-11-01T04:37:14.000Z,0.00057100001,0x3ef3fb3fe601beb98d154f8b0c398acb1fc66a17,sell,0xc42209accc14029c1012fb5680d95fbd6036e2a0,0x90759891ac79948939d9c44a664b2aa0e958983b2e747b7d49f98611e3bbbbfd
221,239.466,0.14208236178,0x254fb89e4cab71708eaab16e067ca8156a38e18a,2017-11-01T04:35:45.000Z,0.00059333,0x3ef3fb3fe601beb98d154f8b0c398acb1fc66a17,sell,0xc42209accc14029c1012fb5680d95fbd6036e2a0,0xdfbcf66a024d13e818403a705f594e64c03eafedf1553d210adfa27398f60b69
222,953.264,0.57195982036336,0xda896bd9e964386f7343414a646c8ef75d5ae009,2017-11-01T04:34:03.000Z,0.00060000149,0x3ef3fb3fe601beb98d154f8b0c398acb1fc66a17,sell,0xc42209accc14029c1012fb5680d95fbd6036e2a0,0x67c4b37c3e098f58584e327815d054500169c6c548f28679dc8708f7e4be06d3
223,28.062,0.01665002646,0x254fb89e4cab71708eaab16e067ca8156a38e18a,2017-11-01T04:33:51.000Z,0.00059333,0x3ef3fb3fe601beb98d154f8b0c398acb1fc66a17,sell,0xc42209accc14029c1012fb5680d95fbd6036e2a0,0x339573e12d8c0835734149c2c1de24c77b5c183b108b7e10ffcb708c353338d7
224,481,0.27898,0x04108fc1fed5d58e113055ae24828488a26f3889,2017-11-01T04:32:45.000Z,0.00058,0x3ef3fb3fe601beb98d154f8b0c398acb1fc66a17,sell,0xc42209accc14029c1012fb5680d95fbd6036e2a0,0x1b43c01d1999f0ae4a58f39b07d76adc2af70f9703e47862777b4e1dd25beab0
225,1100,0.649,0xe00349367b5a927b656f2919bc50b70511dfd103,2017-11-01T04:30:59.000Z,0.00059,0x3ef3fb3fe601beb98d154f8b0c398acb1fc66a17,sell,0xc42209accc14029c1012fb5680d95fbd6036e2a0,0x7d353d09388ba1589dd6cc099eb07b76a7362b9882f62d44694cd2dc634f79db
226,4000,2.36,0x9f32f405deecb8ef891ef3abef7ae83095b80cfc,2017-11-01T04:30:26.000Z,0.00059,0x3ef3fb3fe601beb98d154f8b0c398acb1fc66a17,sell,0xc42209accc14029c1012fb5680d95fbd6036e2a0,0x79b5bbca6398ad040c3a27fb8f8fe76b82ffa7c5a327a7b710aad9decdce494f
227,1694,0.9996294,0x0dc61cf3de7a1bcc8e0e2462c168d7ed6557cac4,2017-11-01T04:29:34.000Z,0.0005901,0x3ef3fb3fe601beb98d154f8b0c398acb1fc66a17,sell,0xc42209accc14029c1012fb5680d95fbd6036e2a0,0xe27f54d5dfcb4253e01f90413897e34f4993acde6129588d9fe0ff9a9b0254fb
228,40,0.023644,0x303aed998b83b4aeb0a17558c3ca11df325c472d,2017-11-01T04:28:26.000Z,0.0005911,0x3ef3fb3fe601beb98d154f8b0c398acb1fc66a17,sell,0xc42209accc14029c1012fb5680d95fbd6036e2a0,0xea244898a0d40b65ad932d192d78e3750d464cca01cc3afcb886fcfd1573e1cf
229,468.59281681333323,0.27699083713216305,0x795ec9a80eaaf4c10648b2cab3aefa6544412c85,2017-11-01T04:27:29.000Z,0.000591112,0x3ef3fb3fe601beb98d154f8b0c398acb1fc66a17,sell,0xc42209accc14029c1012fb5680d95fbd6036e2a0,0x23b7443c1b1faf2b2dafb18e7669f94135fd49409f95baac50f98a671d230f98
230,1000,0.593,0x99c203d0d7f4d78849272b4ffe69764a91a09e76,2017-11-01T04:26:42.000Z,0.000593,0x3ef3fb3fe601beb98d154f8b0c398acb1fc66a17,sell,0xc42209accc14029c1012fb5680d95fbd6036e2a0,0x5526f0930eecd10a205ddc515a2ff522c74ce10aa7ad7f11b7b00349bdeac4aa
231,417.969,0.24799354677,0x254fb89e4cab71708eaab16e067ca8156a38e18a,2017-11-01T04:25:45.000Z,0.00059333,0x3ef3fb3fe601beb98d154f8b0c398acb1fc66a17,sell,0xc42209accc14029c1012fb5680d95fbd6036e2a0,0x88728474a15fdf66221073787b91b78df5090d1925ad30a2702a8aed8cef3718
232,6000,3.560004,0x772d794f6c4f60ef72990c0b760526c7623b4cdf,2017-11-01T04:24:22.000Z,0.000593334,0x3ef3fb3fe601beb98d154f8b0c398acb1fc66a17,sell,0xc42209accc14029c1012fb5680d95fbd6036e2a0,0xa3b7ce2def3559d40d4c7df89e72eec499f80c1305b3e42c269f7b6eb5ce800f
233,94.62,0.05658276,0xe00349367b5a927b656f2919bc50b70511dfd103,2017-11-01T04:23:49.000Z,0.000598,0x3ef3fb3fe601beb98d154f8b0c398acb1fc66a17,sell,0xc42209accc14029c1012fb5680d95fbd6036e2a0,0xaff7abee56f603577884e197759ce8a73419338082b69b09e3ba1e1eefc4a8f5
234,145.385,0.087231145385,0xe300b3909aad54fd05e919e39f402c842e0037d3,2017-11-01T04:23:16.000Z,0.000600001,0x3ef3fb3fe601beb98d154f8b0c398acb1fc66a17,sell,0xc42209accc14029c1012fb5680d95fbd6036e2a0,0x41bcab41f3341cd98afaa86679d766acd6bfac98382d204102040d80a74860ec
235,215.429,0.12925772098921,0xda896bd9e964386f7343414a646c8ef75d5ae009,2017-11-01T04:22:21.000Z,0.00060000149,0x3ef3fb3fe601beb98d154f8b0c398acb1fc66a17,sell,0xc42209accc14029c1012fb5680d95fbd6036e2a0,0x4f7742fef9bbc5b05a2fa03b781c7583b6c0ca921d11f9210712a324b245a623
236,309.16,0.185526916,0x2ae094ca9a915489f4efff091312508cc9dafee4,2017-11-01T04:21:01.000Z,0.0006001,0x3ef3fb3fe601beb98d154f8b0c398acb1fc66a17,sell,0xc42209accc14029c1012fb5680d95fbd6036e2a0,0x9e523a0e437b8ebf274c376cbb74eaf54a6ba884f9c333d1cfad19b105dfd1bb
237,341.60361608449693,0.2049963300123066,0x2ae094ca9a915489f4efff091312508cc9dafee4,2017-11-01T04:14:12.000Z,0.0006001,0xcdfb3244f20e645777717977ea9e7de427e3be5d,sell,0xc42209accc14029c1012fb5680d95fbd6036e2a0,0x6955f07da6fc5f814ee6eb670c4af2fadf05db1cdd785a7a84d5eea19aad080e
238,249.23624099228485,0.14956666821947012,0x2ae094ca9a915489f4efff091312508cc9dafee4,2017-11-01T04:08:40.000Z,0.0006001,0xcdfb3244f20e645777717977ea9e7de427e3be5d,sell,0xc42209accc14029c1012fb5680d95fbd6036e2a0,0x33cc17b7adf4c22c7f8bdbdac64973f51d01b58b1099ca1e6744789ba7b720cd
239,86.73237757471489,0.05602911591326582,0xd084c09ade532f884532cb7e44610ffdaf9e552e,2017-11-01T04:04:13.000Z,0.000646,0x947d19efbca9b0f8801352c8b0f52263656aa9b2,buy,0xc42209accc14029c1012fb5680d95fbd6036e2a0,0x742261ad54180c3e3b8b5f2d4d98eab90cf380ef610b07744094937ae30dea6f
240,750,0.48524925,0x78d66f92afc3a4e744fbaa60b665e7268246d420,2017-11-01T03:51:44.000Z,0.000646999,0xb6c6f37cebff29932720e2acdd1cdee7e757e908,buy,0xc42209accc14029c1012fb5680d95fbd6036e2a0,0x2a7e1cb24099862ac05351eab044324871f47ba1ef8c2f46ea7280ceb039d257
241,902.6268098247318,0.5839995459566015,0xd084c09ade532f884532cb7e44610ffdaf9e552e,2017-11-01T03:46:28.000Z,0.000647,0x4a693868650fdc449ebb599d22fecc0f7d224462,buy,0xc42209accc14029c1012fb5680d95fbd6036e2a0,0xfe726f9c79a1c79a64767b99b0929e3f345ca649036365ee0bcfc6789711b766
242,0.000595,0.5355,0x2ae094ca9a915489f4efff091312508cc9dafee4,2017-11-01T03:10:36.000Z,900,0x96373170538a83c7674ef92f41d195203a8abe09,sell,0xc42209accc14029c1012fb5680d95fbd6036e2a0,0xed13f28336e811f13b8eba8226480d0fbdfb036661e7c322ce202071c9c79e47
243,1549.6431901752683,1.0026191440433985,0xd084c09ade532f884532cb7e44610ffdaf9e552e,2017-11-01T03:06:26.000Z,0.000647,0x4a693868650fdc449ebb599d22fecc0f7d224462,buy,0xc42209accc14029c1012fb5680d95fbd6036e2a0,0x95011340eda1ce2e41c9371658a09eaf883e5404f92624b9901d9fe460882c28
244,275,0.177925,0x3a7cfadd98ad8b6d24ec8ed402ee62cfff6fa0e0,2017-11-01T02:55:25.000Z,0.000647,0x4a693868650fdc449ebb599d22fecc0f7d224462,buy,0xc42209accc14029c1012fb5680d95fbd6036e2a0,0x891ad8de14eb44336ac967d5d30a56b481c59870c1e4a20b59c5fd0dfb498916
245,10.01,0.00647647,0xde1761ec63f685de1ea25834cc4cc349f12be7cc,2017-11-01T02:23:54.000Z,0.000647,0x87cd32183d136ce2587ac4880d0f4e6a6cdc9ec0,sell,0xc42209accc14029c1012fb5680d95fbd6036e2a0,0x15743e36c04522552d6ef8e148895b77009d47b4b12beadf5ab440cb25cebe56
246,295,0.19116,0x0e68ceec28bf6580bd4e6231084bf23d1c5c4098,2017-11-01T01:28:59.000Z,0.000648,0x87cd32183d136ce2587ac4880d0f4e6a6cdc9ec0,buy,0xc42209accc14029c1012fb5680d95fbd6036e2a0,0xb3115b1267d6f20b1c8438cafa5b40b718d0e7b203870f105b2cea582f8e8040
247,1180.725867991046,0.7084372800761709,0xda896bd9e964386f7343414a646c8ef75d5ae009,2017-11-01T01:19:23.000Z,0.00060000149,0x686c8a99bfc8918e5640237e76fb40a90bcbbcf7,sell,0xc42209accc14029c1012fb5680d95fbd6036e2a0,0xd60f33494a4af86a0070177ae27737f59657239cb1a0ec89c377b7f7bb1aac7a
248,631.9,0.3854596319,0xe469084b3e4ee45c4bf60ebd98de348dfee7cba1,2017-11-01T01:17:34.000Z,0.000610001,0x686c8a99bfc8918e5640237e76fb40a90bcbbcf7,sell,0xc42209accc14029c1012fb5680d95fbd6036e2a0,0x20e60aed42cef69456767700c452c36ee726531f73517ddeff44eb4fbb9248ce
249,162.414,0.108492552,0xd90f87f04f263559c8c73d3d1c0a040c19990a48,2017-11-01T01:13:03.000Z,0.000668,0x788323035874a0ebd306e40a865a70a012766c7b,buy,0xc42209accc14029c1012fb5680d95fbd6036e2a0,0xe81f3b879f46ca79cde8495d8f3ebf0e4f8ffd97d83086f486ddc51012de88e5
250,100,0.0648,0x3782a2a6af359e6e1eded24c27a01aec7406106c,2017-11-01T00:59:53.000Z,0.000648,0x87cd32183d136ce2587ac4880d0f4e6a6cdc9ec0,buy,0xc42209accc14029c1012fb5680d95fbd6036e2a0,0x7897ac8b147e07c37917010e4ac64042145ee55bfd8c7ca06ace5d45dd109d3d
251,155,0.10044,0x622fd709ceac4c5c3c2bd626674d90a88ae2dd46,2017-11-01T00:43:22.000Z,0.000648,0x87cd32183d136ce2587ac4880d0f4e6a6cdc9ec0,buy,0xc42209accc14029c1012fb5680d95fbd6036e2a0,0xfaef20e4ade5a4a5001651098726624930df6d9091855a3ceed6814fc5b2f980
252,250,0.162,0x3782a2a6af359e6e1eded24c27a01aec7406106c,2017-11-01T00:37:28.000Z,0.000648,0x87cd32183d136ce2587ac4880d0f4e6a6cdc9ec0,buy,0xc42209accc14029c1012fb5680d95fbd6036e2a0,0x8be9531e9fab49e20395a1cdd1de311add8cca1337922175b3e6e47a9f2e711d
253,56.34274300032816,0.037693295067219544,0x7c916a91b82a775f6cc6e84a863cd5545ffcd9c9,2017-11-01T00:24:25.000Z,0.000669,0x254fb89e4cab71708eaab16e067ca8156a38e18a,buy,0xc42209accc14029c1012fb5680d95fbd6036e2a0,0x1a9e108dfdb4f14d2b44656275c87ce33f5e7b7d970d36994fc5431daa47b637
254,1030,0.6386,0x13747751b6af1d598b41dd237969eba0a83ee0a2,2017-11-01T00:20:56.000Z,0.00062,0x87cd32183d136ce2587ac4880d0f4e6a6cdc9ec0,sell,0xc42209accc14029c1012fb5680d95fbd6036e2a0,0x504a5aeba5c2a2f22e51c7933e1be7de153777b1d3416168032edf390dd78ad6
255,0.000606277796249422,0.000000393777428664,0xf422a10219a1c919bc3cd0471a4d46bb48e8a453,2017-11-01T00:15:40.000Z,0.0006495000000000007,0xb6c6f37cebff29932720e2acdd1cdee7e757e908,buy,0xc42209accc14029c1012fb5680d95fbd6036e2a0,0x42e27c81285ec58bf10fc9d4f5bdefdfd483ebc9c864822acfa046fbcfd2de92
256,4052.103605842673,2.631841291994816,0x8db0a78550d2a61cee55b57bc70764b2932b4a27,2017-11-01T00:06:17.000Z,0.0006495,0xb6c6f37cebff29932720e2acdd1cdee7e757e908,buy,0xc42209accc14029c1012fb5680d95fbd6036e2a0,0x544d0f58842eecaa136b286ca150fcaece19dd214dfe40bd49b58522ffb66eb8
257,1000,0.6495,0xe70a443b193f5e82f4f8775004c5bf8d1bfdce54,2017-10-31T23:42:12.000Z,0.0006495,0xb6c6f37cebff29932720e2acdd1cdee7e757e908,buy,0xc42209accc14029c1012fb5680d95fbd6036e2a0,0x6fbdff0d45e928b4bd7a4677c7383fced73fd356ef236c9a1ab54189e8737119
258,88.733,0.0567802467,0xe70a443b193f5e82f4f8775004c5bf8d1bfdce54,2017-10-31T23:40:05.000Z,0.0006399,0x5353c15ba6845fd64cde1ebe72db1daef6523111,buy,0xc42209accc14029c1012fb5680d95fbd6036e2a0,0xb9821be0b994f0b20a76457fd8035b8a829b0bef286b01e0b43d03ec81121984
259,1000,0.64,0xe70a443b193f5e82f4f8775004c5bf8d1bfdce54,2017-10-31T23:40:05.000Z,0.00064,0x13747751b6af1d598b41dd237969eba0a83ee0a2,buy,0xc42209accc14029c1012fb5680d95fbd6036e2a0,0x8d391a4bfe707a7428aba432aaf6adffe367444d3d1d7b3d72cce4adeae671b9
260,88.73339360922104,0.053151302771923405,0x5353c15ba6845fd64cde1ebe72db1daef6523111,2017-10-31T23:08:01.000Z,0.000599,0xcdfb3244f20e645777717977ea9e7de427e3be5d,sell,0xc42209accc14029c1012fb5680d95fbd6036e2a0,0xc9593f3146bcda7bb3ddf059dd67a7b46703277ea183f92bcc689d53af5d9c2a
261,187.938,0.122065731,0xb136930cd54e130bc024827cb966c1a728ec5b37,2017-10-31T23:02:12.000Z,0.0006495,0x23c6dc0405ac32faf56fa66558e88512f95ab04c,buy,0xc42209accc14029c1012fb5680d95fbd6036e2a0,0x8bcd0f2b7b02eeae692fe952d33098b7ee926153fd5be66414e949cba905b319
262,132.78294097389366,0.08624252016254394,0x1077ab95c1ff324842ae8dd1ca3ebf6dfbe1e16f,2017-10-31T22:57:04.000Z,0.0006495,0x23c6dc0405ac32faf56fa66558e88512f95ab04c,buy,0xc42209accc14029c1012fb5680d95fbd6036e2a0,0x47738bf328d29ba971843ede849e724668ce8d6261fbb6461c087689aaf0c0aa
263,10025.415547462124,6.441329489244414,0xa9e360b63669df7ec129e01be8dd08098e8eca28,2017-10-31T22:42:43.000Z,0.0006425,0x3642337f3e5783803872921bbacf9f05b259c802,sell,0xc42209accc14029c1012fb5680d95fbd6036e2a0,0x9f97e54c768875e354fe19026a6705295a66443791cedd8653732bb0e69794b6
264,0.522380620077759,0.00033562954839996,0xa9e360b63669df7ec129e01be8dd08098e8eca28,2017-10-31T22:37:05.000Z,0.0006424999999999997,0xc18ceb762637ec52c7e2bda2467ab9ffb8e16e7c,sell,0xc42209accc14029c1012fb5680d95fbd6036e2a0,0x32e5fd805967bfd12f562cb5262f666ee47ab0522a9c3f88b58bd6a6318c44db
265,15,0.0097425,0x209b6bfaceae0e6d321f7f965355232209bd62f0,2017-10-31T22:37:05.000Z,0.0006495,0x23c6dc0405ac32faf56fa66558e88512f95ab04c,buy,0xc42209accc14029c1012fb5680d95fbd6036e2a0,0x8a52cbd559d4c28d5d7312bb07d37c2382970a38adaf26085433e478eaa50f50
266,492,0.31611,0xa9e360b63669df7ec129e01be8dd08098e8eca28,2017-10-31T22:35:46.000Z,0.0006425,0xc18ceb762637ec52c7e2bda2467ab9ffb8e16e7c,sell,0xc42209accc14029c1012fb5680d95fbd6036e2a0,0x187d982d474a179ac5831023a906fc1c6b5dfbe0a5c9eccb66b01580124f1adb
267,2000,1.285,0xa9e360b63669df7ec129e01be8dd08098e8eca28,2017-10-31T22:34:16.000Z,0.0006425,0xc18ceb762637ec52c7e2bda2467ab9ffb8e16e7c,sell,0xc42209accc14029c1012fb5680d95fbd6036e2a0,0x6ae6c56d1281188e6f547c7f7643551726a0111475a9b75f369d635a858f6409
268,314.2787957455633,0.20412407783674333,0x548cab36b9c0de476d0415437b44a1e7f00210f7,2017-10-31T22:22:59.000Z,0.0006495,0x23c6dc0405ac32faf56fa66558e88512f95ab04c,buy,0xc42209accc14029c1012fb5680d95fbd6036e2a0,0x8dd5b0c1b3be3c24c61f0e0b535d06c28eb38245fe343e75982dfe0f2e61a61c
269,3254,2.1151,0x548cab36b9c0de476d0415437b44a1e7f00210f7,2017-10-31T22:19:20.000Z,0.00065,0x2600ad57d8c80b216e173346a75ab828911f9d03,buy,0xc42209accc14029c1012fb5680d95fbd6036e2a0,0x314249cc51736efee798528903edcb4ab395ef91d074f8aa6cca5b8ba5ab744a
270,112.68599638614208,0.07240075267809629,0xa9e360b63669df7ec129e01be8dd08098e8eca28,2017-10-31T22:18:01.000Z,0.0006425,0xda896bd9e964386f7343414a646c8ef75d5ae009,sell,0xc42209accc14029c1012fb5680d95fbd6036e2a0,0xcf90c27e20ecb7e290d05b479f7d50f03d37989efac5f87046c656cfede51e29
271,0.000000000000000905,0,0xa9e360b63669df7ec129e01be8dd08098e8eca28,2017-10-31T22:16:53.000Z,0,0x5353c15ba6845fd64cde1ebe72db1daef6523111,sell,0xc42209accc14029c1012fb5680d95fbd6036e2a0,0xb49e5a33e94d89b46133eb33ac3c987fe70b7d97d2b3c08857238b73aa4799c4
272,1369.3760755316562,0.879824128529089,0xa9e360b63669df7ec129e01be8dd08098e8eca28,2017-10-31T22:16:17.000Z,0.0006425,0x0cd2795a623adeb9370e2895e8d7526a6e4c556d,sell,0xc42209accc14029c1012fb5680d95fbd6036e2a0,0x3c4a143cea6f32e607110e1f437303cd9c5f8827094e1d7194b8287304239dc9
273,1283.2028094197294,0.8141921825768182,0x0cd2795a623adeb9370e2895e8d7526a6e4c556d,2017-10-31T22:16:17.000Z,0.0006345,0x5353c15ba6845fd64cde1ebe72db1daef6523111,buy,0xc42209accc14029c1012fb5680d95fbd6036e2a0,0x3c4a143cea6f32e607110e1f437303cd9c5f8827094e1d7194b8287304239dc9
274,90.28139433852166,0.05757822317891293,0x0cd2795a623adeb9370e2895e8d7526a6e4c556d,2017-10-31T22:16:17.000Z,0.000637764,0x772d794f6c4f60ef72990c0b760526c7623b4cdf,buy,0xc42209accc14029c1012fb5680d95fbd6036e2a0,0x3c4a143cea6f32e607110e1f437303cd9c5f8827094e1d7194b8287304239dc9
275,527.77,0.33480937145,0x25ac3aff207d7bda27f8065526c9d9ec29fef056,2017-10-31T22:08:43.000Z,0.000634385,0x5353c15ba6845fd64cde1ebe72db1daef6523111,sell,0xc42209accc14029c1012fb5680d95fbd6036e2a0,0x6731ee25500a98e36829c9a81af47c97c21b8b29e0a91e32d60ff806590c5a36
276,353.22974939114823,0.22408365456750357,0x25ac3aff207d7bda27f8065526c9d9ec29fef056,2017-10-31T22:03:35.000Z,0.000634385,0xda896bd9e964386f7343414a646c8ef75d5ae009,sell,0xc42209accc14029c1012fb5680d95fbd6036e2a0,0x87cc883e1ce4611899fa2dfb4900a5fb6b79d6ffbb2fdd4aa15afda98b77e144
277,3000,1.9032,0x6743753f84fd41c8426bcc1fa2b99215bc4467e3,2017-10-31T22:02:43.000Z,0.0006344,0xd00f15f6ba4b9382381ca0984e74026906299136,buy,0xc42209accc14029c1012fb5680d95fbd6036e2a0,0xe8ab19e1d552525a4733af082bb2e652790604e2ec9f4cb78f1e4806159cf0ac
278,300,0.19032,0xb1d331c02066d5087c250aa76e32d2d4b0e85826,2017-10-31T22:01:08.000Z,0.0006344,0xd00f15f6ba4b9382381ca0984e74026906299136,buy,0xc42209accc14029c1012fb5680d95fbd6036e2a0,0xadb55bb88fcdb4b1050bf019179b9942c65c2757595fcf947707298e4d008f02
279,886.5965389489904,0.5624444319576942,0x6743753f84fd41c8426bcc1fa2b99215bc4467e3,2017-10-31T21:59:12.000Z,0.000634386,0x772d794f6c4f60ef72990c0b760526c7623b4cdf,buy,0xc42209accc14029c1012fb5680d95fbd6036e2a0,0x568b9c56143f8ad2d9782a9b60d11ea5c57faf56d2e5c3a2ab9cd15e9aff9731
280,1389,0.881160765,0x6743753f84fd41c8426bcc1fa2b99215bc4467e3,2017-10-31T21:59:09.000Z,0.000634385,0xda896bd9e964386f7343414a646c8ef75d5ae009,buy,0xc42209accc14029c1012fb5680d95fbd6036e2a0,0xfcf58888d801170c2bf7e53cd9971dc7265aefd6243443a8bc4bf4af45996d08
281,353.9826537733028,0.21238959226398166,0xda896bd9e964386f7343414a646c8ef75d5ae009,2017-10-31T21:56:41.000Z,0.0006,0xe70a443b193f5e82f4f8775004c5bf8d1bfdce54,sell,0xc42209accc14029c1012fb5680d95fbd6036e2a0,0x749f51b633c7d39aa5d82536ae53c6021df5a85af9dbdb38645beb235f5d7c3c
282,1030,0.65341655,0x890d5c0a24a517d8e5724a652906e3a4d31c57b8,2017-10-31T21:56:41.000Z,0.000634385,0xda896bd9e964386f7343414a646c8ef75d5ae009,buy,0xc42209accc14029c1012fb5680d95fbd6036e2a0,0xd4fce867fa63ce42a4da313c94f62ebb945268c8155e2e4d89d096c1603128a5
283,220,0.13956492,0x8f709fae2ed14082e98d5b255f0ba71699994dc5,2017-10-31T21:54:25.000Z,0.000634386,0x772d794f6c4f60ef72990c0b760526c7623b4cdf,buy,0xc42209accc14029c1012fb5680d95fbd6036e2a0,0x22c2f540c02106bdc10ffab07f5c06a7a85adbf83ff4601ad854e68e4aa1acef
284,3485,2.210831725,0x8f709fae2ed14082e98d5b255f0ba71699994dc5,2017-10-31T21:53:06.000Z,0.000634385,0xda896bd9e964386f7343414a646c8ef75d5ae009,buy,0xc42209accc14029c1012fb5680d95fbd6036e2a0,0x9a415072abef7ffcc68bb0d725e761b4134260eb8636aaf727e698cfbd32a3cc
285,1640,0.984,0xa9e360b63669df7ec129e01be8dd08098e8eca28,2017-10-31T21:51:35.000Z,0.0006,0xe70a443b193f5e82f4f8775004c5bf8d1bfdce54,sell,0xc42209accc14029c1012fb5680d95fbd6036e2a0,0xc8ea72a17ab450f5aee4a333e4bd3a91e913e72f0dfba94d8ec9277343f13947
286,15,0.009515775,0x372eb05a5fc4e8eabbe23fed6112887023aa6d93,2017-10-31T21:40:32.000Z,0.000634385,0xda896bd9e964386f7343414a646c8ef75d5ae009,buy,0xc42209accc14029c1012fb5680d95fbd6036e2a0,0xb5343b25c742520569f221246097c75697420feef1e524b4539facaf23236f14
287,2593.4034610510093,1.6452188480423058,0xf3825db346c1e3ade9b55b6ec1c21b2d3d9bac85,2017-10-31T21:39:37.000Z,0.000634386,0x772d794f6c4f60ef72990c0b760526c7623b4cdf,buy,0xc42209accc14029c1012fb5680d95fbd6036e2a0,0x0bdd9c7ff867520afa761bba27861c3c410252531069dfe26afe2332fc35431e
288,15,0.00951585,0x372eb05a5fc4e8eabbe23fed6112887023aa6d93,2017-10-31T21:21:50.000Z,0.00063439,0xda896bd9e964386f7343414a646c8ef75d5ae009,buy,0xc42209accc14029c1012fb5680d95fbd6036e2a0,0x98860b6e7537db94d1b602bed45faf7358c70bbfbbe8f0562d9739cec6dcb402
289,3000,1.913337,0x93935ddab6a57286a480a7ce84912bb0503c603c,2017-10-31T20:59:59.000Z,0.000637779,0x772d794f6c4f60ef72990c0b760526c7623b4cdf,buy,0xc42209accc14029c1012fb5680d95fbd6036e2a0,0x2bac4fe30df679cae5b8d16de88fc4ce1363c7c38069a65418e74b8e22301cf6
290,3300,1.95525,0xd00f15f6ba4b9382381ca0984e74026906299136,2017-10-31T20:51:33.000Z,0.0005925,0x772d794f6c4f60ef72990c0b760526c7623b4cdf,sell,0xc42209accc14029c1012fb5680d95fbd6036e2a0,0x8caf748682e13ff7e441c5f183d790cdb0c345ba3a7d7994d0a99f053afe60bb
291,10.959,0.006739785,0x8aad9fdc9db9cd4dae39bf8e8ceb73df9bd37a7e,2017-10-31T20:50:05.000Z,0.000615,0xcdfb3244f20e645777717977ea9e7de427e3be5d,sell,0xc42209accc14029c1012fb5680d95fbd6036e2a0,0x321495621c6a023793ce94fe99ece3018ea8589fa58049d3cc1ffb801304a28e
292,7878.048876393506,4.663805825044479,0x772d794f6c4f60ef72990c0b760526c7623b4cdf,2017-10-31T20:22:57.000Z,0.000592000113,0x23c6dc0405ac32faf56fa66558e88512f95ab04c,sell,0xc42209accc14029c1012fb5680d95fbd6036e2a0,0xde22f7abde4c6120c82900c280f9f6eba3f2bd2da9bbb8f2eeb0e3c3a108fd3e
293,1501.89,0.95970771,0x461bda6baf635dd621a4e6033b50606ac306069c,2017-10-31T20:21:41.000Z,0.000639,0xda896bd9e964386f7343414a646c8ef75d5ae009,buy,0xc42209accc14029c1012fb5680d95fbd6036e2a0,0xab60cf8bf71c0f82ea8bbed8a26fffd93c84de18fbde492f373bc64f8496ab9b
294,4531.407183186667,2.678569162867837,0x795ec9a80eaaf4c10648b2cab3aefa6544412c85,2017-10-31T20:14:42.000Z,0.000591112,0x2e0d9ac683e0d5856162a11c98a598b629307c54,sell,0xc42209accc14029c1012fb5680d95fbd6036e2a0,0xa6b1e4227966107f0621bd3ef5e5a22e512ab18b6232838137cf00de26d71980
295,15.22377197262143,0.009727990290505095,0x80c581c56e12dbf334a791e636f324071a605d19,2017-10-31T20:08:40.000Z,0.000639,0xda896bd9e964386f7343414a646c8ef75d5ae009,buy,0xc42209accc14029c1012fb5680d95fbd6036e2a0,0x70ae848210e0932ddbb2ab9e9c3ac9b40e9dfd0316d50adc678d88e531438347
296,2000,1.2,0x4cdc881feb311bdcd391ffd8ca2674033399f119,2017-10-31T20:01:57.000Z,0.0006,0x23c6dc0405ac32faf56fa66558e88512f95ab04c,sell,0xc42209accc14029c1012fb5680d95fbd6036e2a0,0x6dd5449b92051d485c757e0686832a36d4b1eb225ace69ff03e5cb2f1264cc00
297,156,0.09984,0x25ac3aff207d7bda27f8065526c9d9ec29fef056,2017-10-31T19:48:53.000Z,0.00064,0x5353c15ba6845fd64cde1ebe72db1daef6523111,sell,0xc42209accc14029c1012fb5680d95fbd6036e2a0,0x5c8f3d4d87bd50d67581a80e465f1f704b77984384cfd81dde3a0534d0b4b435
298,1225,0.725200138425,0x772d794f6c4f60ef72990c0b760526c7623b4cdf,2017-10-31T19:33:48.000Z,0.000592000113,0x1a0143956776f9b4b7fc8def4fa258d0222dfbdc,sell,0xc42209accc14029c1012fb5680d95fbd6036e2a0,0x2a6b7f8bab59893d2b6184d6c1a5ca54e438c03e519c4c886e0f020db8a911cc
299,996.9511236064938,0.5901951778305212,0x772d794f6c4f60ef72990c0b760526c7623b4cdf,2017-10-31T19:32:40.000Z,0.000592000113,0xa2b16e3b6b64771396c925e61fefd851e757e38e,sell,0xc42209accc14029c1012fb5680d95fbd6036e2a0,0xb2ae83fbd53681f90be1434d3124c1509ef987e2bcaac5f28adbc4de378e3216
300,2000,1.18484,0x0eabffd8ce94ab2387fc44ba32642af0c58af433,2017-10-31T19:31:39.000Z,0.00059242,0x1a0143956776f9b4b7fc8def4fa258d0222dfbdc,sell,0xc42209accc14029c1012fb5680d95fbd6036e2a0,0xa3e945e868ec37af4524bf3bc6b7a3994cd75c202939b7b5f369368266ceeba2
301,7450,4.470745,0xda896bd9e964386f7343414a646c8ef75d5ae009,2017-10-31T19:27:57.000Z,0.0006001,0x1a0143956776f9b4b7fc8def4fa258d0222dfbdc,sell,0xc42209accc14029c1012fb5680d95fbd6036e2a0,0x4352291baa53598c110e7eda45788c6c24b9280fc72ad232817eed646deac674
302,8360,4.99928,0xfe84f677ebcd47da3e447a14825904b2c2030be0,2017-10-31T19:27:57.000Z,0.000598,0x1a0143956776f9b4b7fc8def4fa258d0222dfbdc,sell,0xc42209accc14029c1012fb5680d95fbd6036e2a0,0xda7c36fe3de779465fdd1d8d72774e5dc20015f352ffaa0035c63a47a7a615af
303,921.397,0.558366582,0x57e2cd54f829a084aa4020fa365b6d5d1692f261,2017-10-31T19:27:41.000Z,0.000606,0x1a0143956776f9b4b7fc8def4fa258d0222dfbdc,sell,0xc42209accc14029c1012fb5680d95fbd6036e2a0,0x11f329fa7b222212679fcf5488094aa1f982bce6fb162e051b35cddb6e83893a
304,1000,0.6111,0xc8c22a2ce3339ea1cf18490009681ec413c829e6,2017-10-31T19:27:03.000Z,0.0006111,0x1a0143956776f9b4b7fc8def4fa258d0222dfbdc,sell,0xc42209accc14029c1012fb5680d95fbd6036e2a0,0x163cadbb1f0059c2e76d251ac12340d61a8c990657e80fc0ae25196e07930537
305,969.0087341707947,0.5921612374517726,0x5353c15ba6845fd64cde1ebe72db1daef6523111,2017-10-31T19:25:50.000Z,0.0006111,0x1a0143956776f9b4b7fc8def4fa258d0222dfbdc,sell,0xc42209accc14029c1012fb5680d95fbd6036e2a0,0x55f8b488ae6839360c5e3d6e76fc35717862a29dbf75e3cd19efe1a89e499c88
306,1340,0.83214,0x4af01591a07a8e5dab5d272019cba8c1121a4671,2017-10-31T19:24:50.000Z,0.000621,0x1a0143956776f9b4b7fc8def4fa258d0222dfbdc,sell,0xc42209accc14029c1012fb5680d95fbd6036e2a0,0x06005a0c3609231634d8a9244ced2f912be8745c9c83e07f513b5590ab724bed
307,959.9367639678973,0.5951607936600963,0x18f9c33762e8addb9733b664be73480bb357238e,2017-10-31T19:24:50.000Z,0.00062,0x1a0143956776f9b4b7fc8def4fa258d0222dfbdc,sell,0xc42209accc14029c1012fb5680d95fbd6036e2a0,0xe5f821b4ff5a89b736b661ac0792bb211c830f6fb6e8d0b4c87fab930f26c14a
308,869.4288807309838,0.5399240292227482,0x5353c15ba6845fd64cde1ebe72db1daef6523111,2017-10-31T19:22:59.000Z,0.00062101,0xaa34321c9e8addf2ba4d703a98bf85943656a275,sell,0xc42209accc14029c1012fb5680d95fbd6036e2a0,0x692693ef408c9a1d3054ab33c5d860f5d4f1826eed007b7d2efc63004c800b65
309,130.57111926901626,0.08108597077725178,0x5353c15ba6845fd64cde1ebe72db1daef6523111,2017-10-31T19:07:05.000Z,0.00062101,0x0af69da5a1557bd16f14e51e21749166eb5dd58a,sell,0xc42209accc14029c1012fb5680d95fbd6036e2a0,0x0d16045a042e8b0c4afaa35dc31a68db2c5f27c86c70812b219982a8aee340de
310,3018,1.9613982,0xe5aacacf617b97192fda3f69a1771105d25ab347,2017-10-31T18:38:34.000Z,0.0006499,0xd00f15f6ba4b9382381ca0984e74026906299136,buy,0xc42209accc14029c1012fb5680d95fbd6036e2a0,0xb3c31a28e287e27db64292505b5ae8a2e8f6ef2c93effa5688639459e51ca697
311,20.729,0.013225102,0xcac48d3074626e5a48a3da2240666b2da618f6fa,2017-10-31T18:34:40.000Z,0.000638,0x23c6dc0405ac32faf56fa66558e88512f95ab04c,buy,0xc42209accc14029c1012fb5680d95fbd6036e2a0,0x23dab1dbca4d8dde046a81bde10eee1a576d392a3080b7b38778bb6abd0e6da4
312,1300,0.84435,0xcac48d3074626e5a48a3da2240666b2da618f6fa,2017-10-31T18:33:17.000Z,0.0006495,0x23c6dc0405ac32faf56fa66558e88512f95ab04c,buy,0xc42209accc14029c1012fb5680d95fbd6036e2a0,0xc4ea9d2f180f83cbce468e290eb547776a87ee179a6f364eb78bfdfed63a6d55
313,30.94,0.01977066,0xcac48d3074626e5a48a3da2240666b2da618f6fa,2017-10-31T18:30:35.000Z,0.000639,0xb1dc1e7675ded0f5185f2e005287ca8d6cb03906,buy,0xc42209accc14029c1012fb5680d95fbd6036e2a0,0x8bbca144b1065c3e374e42d0e786816918bc6aeae91ad8d82d772bdef7414e7f
314,14,0.00896,0xcac48d3074626e5a48a3da2240666b2da618f6fa,2017-10-31T18:30:23.000Z,0.00064,0x254fb89e4cab71708eaab16e067ca8156a38e18a,buy,0xc42209accc14029c1012fb5680d95fbd6036e2a0,0xdc365d23db0f298c8880a9c0c4817dbcb55bdc9e011f7d85a9bef7606946b2e1
315,72.184,0.0469196,0xcac48d3074626e5a48a3da2240666b2da618f6fa,2017-10-31T18:30:10.000Z,0.00065,0x27340a802cbdf612384b0749b767b5b6c9a97513,buy,0xc42209accc14029c1012fb5680d95fbd6036e2a0,0xd888f0fac5ade90b127049ee8c24fd7b7d8b5d128cb63b49d0492fd3c17b224d
316,1000,0.64,0xcac48d3074626e5a48a3da2240666b2da618f6fa,2017-10-31T18:28:36.000Z,0.00064,0xe00349367b5a927b656f2919bc50b70511dfd103,buy,0xc42209accc14029c1012fb5680d95fbd6036e2a0,0xc44a73525abda638581559606a33b5cb37024745e54cfac92d16abb92b07db9e
317,2000,1.279,0xcac48d3074626e5a48a3da2240666b2da618f6fa,2017-10-31T18:28:02.000Z,0.0006395,0x23c6dc0405ac32faf56fa66558e88512f95ab04c,buy,0xc42209accc14029c1012fb5680d95fbd6036e2a0,0x9704f32feccf4e9f209a088a4590fb0c8a60359d16ea3b6012399fc8a2a789de
318,1440.638,0.920567682,0xcac48d3074626e5a48a3da2240666b2da618f6fa,2017-10-31T18:27:12.000Z,0.000639,0x23c6dc0405ac32faf56fa66558e88512f95ab04c,buy,0xc42209accc14029c1012fb5680d95fbd6036e2a0,0x6b97243249a381aecd924f3585508532d6d47955fc521f343e00665ae1736e6b
319,0.0000020904258482,0.000000001335782117,0xe5aacacf617b97192fda3f69a1771105d25ab347,2017-10-31T18:19:39.000Z,0.0006390000000000957,0x23c6dc0405ac32faf56fa66558e88512f95ab04c,buy,0xc42209accc14029c1012fb5680d95fbd6036e2a0,0xbe787538c245ec2c528d18f31947289a10762ae6804b2680f7a1b2db90790d81
320,0.02096906166648826,0.000013399230404886,0xe5aacacf617b97192fda3f69a1771105d25ab347,2017-10-31T18:17:53.000Z,0.000639,0x23c6dc0405ac32faf56fa66558e88512f95ab04c,buy,0xc42209accc14029c1012fb5680d95fbd6036e2a0,0x9cf33edaac9e3b09f335ca95eda06d2dd73e0a4714b945984d75bc19b25c126d
321,210.34065757653622,0.13440768019140664,0xe5aacacf617b97192fda3f69a1771105d25ab347,2017-10-31T18:16:57.000Z,0.000639,0x23c6dc0405ac32faf56fa66558e88512f95ab04c,buy,0xc42209accc14029c1012fb5680d95fbd6036e2a0,0xbb111223a784330d9dc19cc2872831c0595d280e001aa6e86a5755666499a1af
322,349,0.223011,0xacab04f6d39fe4abb281d994d42cf87ec897e1dc,2017-10-31T18:13:15.000Z,0.000639,0x23c6dc0405ac32faf56fa66558e88512f95ab04c,buy,0xc42209accc14029c1012fb5680d95fbd6036e2a0,0xef3d5a5d3c1170050251dc5d580838d093b4bf5a56850a766635c4e7fd4e5ec2
323,61.688764829,0.03824703419398,0xacab04f6d39fe4abb281d994d42cf87ec897e1dc,2017-10-31T18:09:03.000Z,0.00062,0xa082e14306d0cfa8286ef771f149896240fd65fc,buy,0xc42209accc14029c1012fb5680d95fbd6036e2a0,0xe78ea19add4d677cd5a4817dcd69bd0436762150cdb4fdf015aaf48147f7c589
324,348.7819045088982,0.22322041888569485,0xacab04f6d39fe4abb281d994d42cf87ec897e1dc,2017-10-31T18:05:36.000Z,0.00064,0xd846f51b5861ff6cc694b00277bcfacfd96f6faa,buy,0xc42209accc14029c1012fb5680d95fbd6036e2a0,0xcc37e6721c3834b32e845688dd9d53851e6aca6a1d35e2837d9cbfe780633ba2
325,600,0.383999994,0xacab04f6d39fe4abb281d994d42cf87ec897e1dc,2017-10-31T18:04:08.000Z,0.00063999999,0x254fb89e4cab71708eaab16e067ca8156a38e18a,buy,0xc42209accc14029c1012fb5680d95fbd6036e2a0,0xc8ce2e6cb26c2e843e52493f0929ad0771101f46ac4a16bf6dfcccbdb2eb783d
326,1768,1.13150232,0xacab04f6d39fe4abb281d994d42cf87ec897e1dc,2017-10-31T18:02:58.000Z,0.00063999,0x0c1af9069fd35815e33eab91006eb1a3a518b70f,buy,0xc42209accc14029c1012fb5680d95fbd6036e2a0,0x5bec58dd7a40ebdcec0e424fc292ff3ab66ae1c278b8aab89d1f3df3ad1ce3d9
327,7000,4.823623,0xdd8a89e90cb8f6493a86b3adc589ba84604d3bda,2017-10-31T17:31:54.000Z,0.000689089,0x93b54e346739c9a6c9dd47fa5253e15ce3f2213a,buy,0xc42209accc14029c1012fb5680d95fbd6036e2a0,0x9edf7cb815048c25aecf4b8b4d0edfe788114f91825432ca1cbfc722ebc6ffaa
328,100.23726448011165,0.062147103977669226,0x18f9c33762e8addb9733b664be73480bb357238e,2017-10-31T17:28:45.000Z,0.00062,0xce757e8767465182ed2885099ae8c5f4066fd587,sell,0xc42209accc14029c1012fb5680d95fbd6036e2a0,0x7ec2f610b7d4b40ef69c84c85420f53116ac9220bbdf036e5cf57e093a61f2a9
329,8878.602929344836,5.38043337518297,0x57e2cd54f829a084aa4020fa365b6d5d1692f261,2017-10-31T17:14:43.000Z,0.000606,0xf4f3e51276d6f8dcc6c26eda1d2b622759dd4505,sell,0xc42209accc14029c1012fb5680d95fbd6036e2a0,0x0d2c14ca59c551229af33f7b77f8bcc399496f3a1c8c030cf69966a7cda61dbb
330,585.973482205164,0.3633035589672017,0x18f9c33762e8addb9733b664be73480bb357238e,2017-10-31T17:01:29.000Z,0.00062,0x0c9fb84d41652e9eabb5ca8544b6dc8f371b3884,sell,0xc42209accc14029c1012fb5680d95fbd6036e2a0,0x53a393f9b2a64e4e1f9bb652f314c0e9924ee4bc5a952fc2b946c9bcee2a4fae
331,153.85248934682704,0.09538854339503278,0x18f9c33762e8addb9733b664be73480bb357238e,2017-10-31T16:55:32.000Z,0.00062,0x5353c15ba6845fd64cde1ebe72db1daef6523111,sell,0xc42209accc14029c1012fb5680d95fbd6036e2a0,0xaad776a8c44ba4595413d0de785be6896bbdf9f3feba9c9e0ba9d8fad1743432
332,20.376,0.01304043624,0x76a9cdfefb8f60b7293d1a2c4895cf2e1dec7cb6,2017-10-31T16:41:33.000Z,0.00063999,0x5353c15ba6845fd64cde1ebe72db1daef6523111,sell,0xc42209accc14029c1012fb5680d95fbd6036e2a0,0x12c9f22b338974512bba66a03977f70acbaa266c6a1c7b36bc27b1245230c1f4
333,50,0.0319995,0x76a9cdfefb8f60b7293d1a2c4895cf2e1dec7cb6,2017-10-31T16:40:11.000Z,0.00063999,0x0c1af9069fd35815e33eab91006eb1a3a518b70f,buy,0xc42209accc14029c1012fb5680d95fbd6036e2a0,0x58118aace9bdc3d92e94f4e8d9abec08241fa2ce7f7e672fed931823694a6335
334,174.7662247034194,0.10358394138171668,0x5353c15ba6845fd64cde1ebe72db1daef6523111,2017-10-31T16:33:09.000Z,0.0005927,0x8c7385066cd3512865dd58d1d9d3ca8378d83c09,sell,0xc42209accc14029c1012fb5680d95fbd6036e2a0,0xdf56e1d218f9e6b3f942f3a5f2bc722d8291d5f0f9fe09d621d812ca3e7a942f
335,236,0.15104,0x9b459d91cca2a51f29e5bfab7a05693a06cc9675,2017-10-31T15:52:58.000Z,0.00064,0x254fb89e4cab71708eaab16e067ca8156a38e18a,buy,0xc42209accc14029c1012fb5680d95fbd6036e2a0,0x4c897b9f338c0cc24f17eb039d425bcfa46936d15432e7b4644a5c00a9029886
336,3000,1.9199997,0x2df7e2f0dc50ed60ed3dafe9051198174fda86bf,2017-10-31T15:38:58.000Z,0.0006399999,0x254fb89e4cab71708eaab16e067ca8156a38e18a,buy,0xc42209accc14029c1012fb5680d95fbd6036e2a0,0xc2321321b88e2470562ddc810791848ac12b54c1849e60255b213e7fa8afa38a
337,0.000000000000000555,0.000000000000000001,0xcfa59a7e534bd479955da2a979fb5e523c22d172,2017-10-31T15:38:29.000Z,0.0018018018018018018,0x5dde881e0f3bc23cf094a8db75eb413690c1ca06,buy,0xc42209accc14029c1012fb5680d95fbd6036e2a0,0x812b990d704ebdfcfa1f6c3b8f0701319839ead0f885ff7792111c7c652d4f49
338,61.688764829030006,0.03688988136775995,0xe00349367b5a927b656f2919bc50b70511dfd103,2017-10-31T15:37:46.000Z,0.000598,0x2d7ad46c8c2128b37f7bbf1d70f81db34d1176ba,sell,0xc42209accc14029c1012fb5680d95fbd6036e2a0,0xe17dba96e54acc625911fc102fea86d46467d018c81812e77d645fdd8d42fdb5
339,1000,0.6399999,0x21b2ec62e93954074cde69ae0ccb2faa65f66075,2017-10-31T15:27:25.000Z,0.0006399999,0x254fb89e4cab71708eaab16e067ca8156a38e18a,buy,0xc42209accc14029c1012fb5680d95fbd6036e2a0,0x991a0892736a98679bfb1ea5b487e2ad7671bb8b075b3fa4fab72f06b21d8c0c
340,906.2814366373334,0.5419562991091254,0xe00349367b5a927b656f2919bc50b70511dfd103,2017-10-31T15:15:44.000Z,0.000598,0x9c1e60b0be8174c63de5b9d90dcb5f703209d3c4,sell,0xc42209accc14029c1012fb5680d95fbd6036e2a0,0xd8f005fd18245ef2a8c8b593249e9c997a57b1a1a7b93e4b26ed946245114a6e
341,163,0.10758,0x3a5747b4cd3736fe50fcc902f9ffea813bd05551,2017-10-31T15:02:25.000Z,0.00066,0x1416df791ad8a9eb5dc115a0e5c98fca17019041,buy,0xc42209accc14029c1012fb5680d95fbd6036e2a0,0x1b92f99aff6ca1f5045d0cd8de70098d14762ceef2eb3468c3b43ed2a52585a5
342,818.181,0.51545403,0x3e09a7ce2ae8a86f784beb0cd2734bed359a7b2d,2017-10-31T15:02:19.000Z,0.00063,0x3ceb8f7b0120a8ce4bd63d9783a38091b40de367,buy,0xc42209accc14029c1012fb5680d95fbd6036e2a0,0x6c93c651cd15730f96a91a904f1c253b2f7bdead0a9af70671e0704e3236c9c9
343,4906.3427430003285,2.900193165157667,0x254fb89e4cab71708eaab16e067ca8156a38e18a,2017-10-31T15:02:19.000Z,0.000591111,0x576b6ebbf131aabe2aea557a5734f64568d6fd7f,sell,0xc42209accc14029c1012fb5680d95fbd6036e2a0,0x5ec0c1424b2bb28f61f3b8ca79a41bebe96b23318f1dbd9407b9d87d4fc77b50
344,3549,2.164893549,0x778e7143007fabeebe2dff0ce3fe26d4b51ec66e,2017-10-31T15:01:37.000Z,0.000610001,0x576b6ebbf131aabe2aea557a5734f64568d6fd7f,sell,0xc42209accc14029c1012fb5680d95fbd6036e2a0,0x6914f21046642077ae24f880bf9a2ec56300adb4b0051f29f81b15701f2fd810
345,1145.7985545057966,0.7218530893386518,0xb757e396389b269540ba0cb83dc1a7203c14783f,2017-10-31T15:00:17.000Z,0.00063,0x576b6ebbf131aabe2aea557a5734f64568d6fd7f,sell,0xc42209accc14029c1012fb5680d95fbd6036e2a0,0x5cd4f8bdb9c8458dbfb1bdf399a5d81c0e16b309cc71f26d9f105c2e35d868cb
346,1480.647,0.910597905,0x8aad9fdc9db9cd4dae39bf8e8ceb73df9bd37a7e,2017-10-31T15:00:17.000Z,0.000615,0x576b6ebbf131aabe2aea557a5734f64568d6fd7f,sell,0xc42209accc14029c1012fb5680d95fbd6036e2a0,0x126d024d5cbef9a5cb32f9b7ea1131d6d23f7170bb0819101793a825fefc49cc
347,54.20144549420353,0.03414691066134822,0xb757e396389b269540ba0cb83dc1a7203c14783f,2017-10-31T14:54:20.000Z,0.00063,0x64dcca9d2091012bd3e1e5235d703f72f4d65746,sell,0xc42209accc14029c1012fb5680d95fbd6036e2a0,0x81832cc77dbd754e5c651112c24311470e5d3099763245a54c5034ae9dc9ed0d
348,0.0000000006557173,0.000000000026228692,0xcfa59a7e534bd479955da2a979fb5e523c22d172,2017-10-31T14:37:30.000Z,0.04,0xe350ff7da4eb736284900af29ee141742db52f90,buy,0xc42209accc14029c1012fb5680d95fbd6036e2a0,0x73613f2b34e5222699afb66639f793533891f5e6b06a869c00a9826a2c35c456
349,173,0.11072,0x279cdd763b7d89bd19ce0877464e3f7a2fef511e,2017-10-31T14:24:11.000Z,0.00064,0x64dcca9d2091012bd3e1e5235d703f72f4d65746,sell,0xc42209accc14029c1012fb5680d95fbd6036e2a0,0x8ea549f3aa6ab6dce6bf52e64fd67a48e9907eca0531b6e770e819d00b3886ac
350,120,0.0768,0x343abd931eb7f4fe29e29e2e393618044b6dd432,2017-10-31T14:24:11.000Z,0.00064,0x64dcca9d2091012bd3e1e5235d703f72f4d65746,sell,0xc42209accc14029c1012fb5680d95fbd6036e2a0,0x71424c626803cbd2878bfb732bb3103825e0f7bf7a73af7dffa1660849d30e68
351,1000,0.642,0x2f14aea8b94f69841bdff18fbe52d64b376683ec,2017-10-31T14:17:44.000Z,0.000642,0x3ceb8f7b0120a8ce4bd63d9783a38091b40de367,buy,0xc42209accc14029c1012fb5680d95fbd6036e2a0,0x6ec4e61ee6fdd9ccc41f3fb1d4aec1537be7ad9cff507f036f50f7182d0dcc28
352,31.158095491101786,0.019941181114305144,0xaaae9672b33333264366d382a790b1608ce30b82,2017-10-31T13:53:45.000Z,0.00064,0xd846f51b5861ff6cc694b00277bcfacfd96f6faa,buy,0xc42209accc14029c1012fb5680d95fbd6036e2a0,0x3df4e6fb96db88ee536b4288789a2c5173f695ccd114a6df358b68e46176e2b6
353,600,0.384,0x8ab6e20f85203fbac1726fac485f61ec5aad9393,2017-10-31T13:26:37.000Z,0.00064,0xd846f51b5861ff6cc694b00277bcfacfd96f6faa,buy,0xc42209accc14029c1012fb5680d95fbd6036e2a0,0x4821714f4aadb92b41aa2f517e5dac9cf316549bc15057f687b35f14653e4f15
354,0.1913230584231848,0.000117663680930258,0x8aad9fdc9db9cd4dae39bf8e8ceb73df9bd37a7e,2017-10-31T13:26:37.000Z,0.0006149999999999965,0x0057d2bff8fa64bae709cc10cfa14ea73b8990c0,sell,0xc42209accc14029c1012fb5680d95fbd6036e2a0,0x0c0cbfa2d6fe424ef748a267221bba88885d5b602246796ee3a16f6bff49aee2
355,1919.1615990429668,1.1802843834114245,0x8aad9fdc9db9cd4dae39bf8e8ceb73df9bd37a7e,2017-10-31T13:23:29.000Z,0.000615,0x0057d2bff8fa64bae709cc10cfa14ea73b8990c0,sell,0xc42209accc14029c1012fb5680d95fbd6036e2a0,0xb983460113cd761df76ff292c1bea8b2ffc3130188bbedfd4cffecac01064596
356,1099.99,0.6929937,0x8ab6e20f85203fbac1726fac485f61ec5aad9393,2017-10-31T13:23:19.000Z,0.00063,0xd217e90f017ced186ce42b41311d27477964fa6a,buy,0xc42209accc14029c1012fb5680d95fbd6036e2a0,0x7587e6e586bdecd70332c4ae27c88b3ddb13bea9c0b3af79798819b2530e6350
357,5450,3.54194955,0x8ab6e20f85203fbac1726fac485f61ec5aad9393,2017-10-31T13:22:07.000Z,0.000649899,0xe300b3909aad54fd05e919e39f402c842e0037d3,buy,0xc42209accc14029c1012fb5680d95fbd6036e2a0,0x98453c606c776dde2daf19438bb8bd35234c7a7a454077420435a85bd98332f6
358,900,0.567,0x8db0a78550d2a61cee55b57bc70764b2932b4a27,2017-10-31T12:59:14.000Z,0.00063,0xd217e90f017ced186ce42b41311d27477964fa6a,buy,0xc42209accc14029c1012fb5680d95fbd6036e2a0,0xb5bbabe464fec3ebd8fc27ccc585833a933b7c1c3e044702a4aaffce10953ee4
359,1464.084,0.92237292,0x8db0a78550d2a61cee55b57bc70764b2932b4a27,2017-10-31T12:54:47.000Z,0.00063,0x4b3fe742e58fe1030456846b6c108c9a89d33015,buy,0xc42209accc14029c1012fb5680d95fbd6036e2a0,0x22daffbbd2a0f79d58791e53f11ef099b10a61fd79d8d1c1a28066e9387bfa8d
360,3175,2.00025,0xb8a71f05a4118947c8855f7cb2366d6aed04c28c,2017-10-31T12:41:47.000Z,0.00063,0x0057d2bff8fa64bae709cc10cfa14ea73b8990c0,sell,0xc42209accc14029c1012fb5680d95fbd6036e2a0,0x61a1a0369f27a8a09e53b5778411e21de2624e3933bcc38085d755e29ca0c8d8
361,35,0.02205,0xfc2acd6ac8560d587a32b6261909fcde979bd3ee,2017-10-31T12:32:26.000Z,0.00063,0x4b3fe742e58fe1030456846b6c108c9a89d33015,buy,0xc42209accc14029c1012fb5680d95fbd6036e2a0,0xc4ef4bb1c7c05f5b89d393ce513a78fb160214bc6044b582dd82ea0d6b42e9ef
362,0.9156431615781603,0.000576855191794241,0xe6da15305cf6194dd2876fdce2ed899da0835119,2017-10-31T12:16:32.000Z,0.00063,0x4b3fe742e58fe1030456846b6c108c9a89d33015,buy,0xc42209accc14029c1012fb5680d95fbd6036e2a0,0x848d4b32e531579920bc63ed5d1cb16077ff2e1f08d93c8126fd78202b3ab60a
363,33.69753763333666,0.020218522580001994,0x343abd931eb7f4fe29e29e2e393618044b6dd432,2017-10-31T11:49:56.000Z,0.0006,0x4d4f1d5ab3847a73283190382b7b8cb9ee672048,sell,0xc42209accc14029c1012fb5680d95fbd6036e2a0,0x7b7d3e5478e35ad560c6a436d3f48ae1846f026c5f9f2c9e6dc7ea0c3e0cf523
364,66,0.04026,0x8aad9fdc9db9cd4dae39bf8e8ceb73df9bd37a7e,2017-10-31T11:47:00.000Z,0.00061,0x4d4f1d5ab3847a73283190382b7b8cb9ee672048,sell,0xc42209accc14029c1012fb5680d95fbd6036e2a0,0x2a8e5f39ebfdfb130a100e707e9e2bc8dcabea4bb28720f7352c31f66aba819b
365,100,0.061,0x8aad9fdc9db9cd4dae39bf8e8ceb73df9bd37a7e,2017-10-31T11:46:10.000Z,0.00061,0x447a5acf5b2c315b0c8d9cdf31660f6a06360701,sell,0xc42209accc14029c1012fb5680d95fbd6036e2a0,0x2f87cb79cc79bedc97b5fb1c85becf16d2a9c42a09e61dc524870fb8cecbe717
366,100,0.063,0x4d4f1d5ab3847a73283190382b7b8cb9ee672048,2017-10-31T11:42:52.000Z,0.00063,0x4b3fe742e58fe1030456846b6c108c9a89d33015,buy,0xc42209accc14029c1012fb5680d95fbd6036e2a0,0x17f4113d47ffa7f2e3cce44c2f3cdc6da27e902dfe91c529158d75e5a54e042b
367,20,0.012,0x244beb883da53d9f6169762af296e944aba5bb84,2017-10-31T11:04:47.000Z,0.0006,0xd846f51b5861ff6cc694b00277bcfacfd96f6faa,sell,0xc42209accc14029c1012fb5680d95fbd6036e2a0,0x7278e860c67e7acb8560bd82aa3d4f144649bb012860601e81d0ead70a015cbe
368,4416.282821165228,2.647561551288554,0xe300b3909aad54fd05e919e39f402c842e0037d3,2017-10-31T10:35:38.000Z,0.0005995,0xdbe4ec102eb8713ef652a471cd0ca0927d2f971f,buy,0xc42209accc14029c1012fb5680d95fbd6036e2a0,0xcbc4e417088a841cb38acf62d9f3177fb9f7e6b35aed96bb4c538b9d6a1f581d
369,848.079876486312,0.508423885953544,0x64dcca9d2091012bd3e1e5235d703f72f4d65746,2017-10-31T10:28:53.000Z,0.0005995,0xdbe4ec102eb8713ef652a471cd0ca0927d2f971f,buy,0xc42209accc14029c1012fb5680d95fbd6036e2a0,0xb095094019aa7e8dd28091d4326df17b0560cbce28a6c1c3382ab30fc92b764c
370,2000,1.199,0xef69172f1a2442b3e273d2c5d56ab784cd771dda,2017-10-31T10:21:15.000Z,0.0005995,0xdbe4ec102eb8713ef652a471cd0ca0927d2f971f,buy,0xc42209accc14029c1012fb5680d95fbd6036e2a0,0xdcec50e8c040d6f5594c22ab8d33c9a6941fbbb17eda7dc3e0f4ac78195bb47a
371,1033.7188616839665,0.6197144575795378,0xe300b3909aad54fd05e919e39f402c842e0037d3,2017-10-31T10:20:00.000Z,0.0005995,0xdbe4ec102eb8713ef652a471cd0ca0927d2f971f,buy,0xc42209accc14029c1012fb5680d95fbd6036e2a0,0x2a76236344fe9e96723d5982e06c940be3d1f4e597249b74887fec60b84214fd
372,41,0.0245795,0xa3410448185301ce9cbd4761cea2d9296adc8812,2017-10-31T10:10:45.000Z,0.0005995,0xdbe4ec102eb8713ef652a471cd0ca0927d2f971f,buy,0xc42209accc14029c1012fb5680d95fbd6036e2a0,0xe771e590458aeac74d03b3e87b9881d2b10341908fefba05f453961ff546236c
373,37.40963593502737,0.022370962289146368,0xe00349367b5a927b656f2919bc50b70511dfd103,2017-10-31T10:10:07.000Z,0.000598,0xdcdc05c3aa3dc541115b0c4e5be4ba443a991452,sell,0xc42209accc14029c1012fb5680d95fbd6036e2a0,0xde8336fc13584f6b10d441799c88921c2179bc99b5d702b33e41529627178fdd
374,100,0.06,0x3153b0e03e7544e72250188b06979f1a97a188d2,2017-10-31T10:09:01.000Z,0.0006,0xdcdc05c3aa3dc541115b0c4e5be4ba443a991452,sell,0xc42209accc14029c1012fb5680d95fbd6036e2a0,0x68c562e3c4a9e60838e35612d807ef73d3197dda1e006217eda46d4925ae5506
375,232.9379049254133,0.139762742955248,0xa3410448185301ce9cbd4761cea2d9296adc8812,2017-10-31T10:08:23.000Z,0.0006,0xdcdc05c3aa3dc541115b0c4e5be4ba443a991452,sell,0xc42209accc14029c1012fb5680d95fbd6036e2a0,0x87ad6d2199c33c44b7a499f0e20120f4040310426bcb94346d62e8816bcfaaeb
376,153.846,0.0923076,0x56b8930767dd80c0495f273af8a96e0f1cdcbe7a,2017-10-31T10:08:18.000Z,0.0006,0xdcdc05c3aa3dc541115b0c4e5be4ba443a991452,sell,0xc42209accc14029c1012fb5680d95fbd6036e2a0,0xa2e3ce0e2bcbdebe650f3fb279210aad3b6315b61b5e2c8b88c0d464bea5a0cb
377,66.309,0.039786792489,0xe6da15305cf6194dd2876fdce2ed899da0835119,2017-10-31T10:07:52.000Z,0.000600021,0xdcdc05c3aa3dc541115b0c4e5be4ba443a991452,sell,0xc42209accc14029c1012fb5680d95fbd6036e2a0,0x2f2b22674ad06df0c582952a52bb22b14b60a2da661f527e54e79ecaf7567d5a
378,223.27783870002992,0.13396670322001794,0x56b8930767dd80c0495f273af8a96e0f1cdcbe7a,2017-10-31T10:05:56.000Z,0.0006,0x096267c09714c42bd30554a12976ea4fa2b78d9c,sell,0xc42209accc14029c1012fb5680d95fbd6036e2a0,0xcadf8b4a0a349e6ed03421f1ae0c34b200154ee030722ee9b136da98c3c93103
379,300,0.180003,0x87e6e455d4f091296cb082641f63e58c98e56078,2017-10-31T10:03:21.000Z,0.00060001,0x096267c09714c42bd30554a12976ea4fa2b78d9c,sell,0xc42209accc14029c1012fb5680d95fbd6036e2a0,0x7f0532b46e6e2a2444778ee3b9638d27a8ffdfc4e7a68d382f0912034000da68
380,710.8194406644941,0.4261362546783642,0xd00f15f6ba4b9382381ca0984e74026906299136,2017-10-31T10:01:24.000Z,0.0005995,0xdbe4ec102eb8713ef652a471cd0ca0927d2f971f,buy,0xc42209accc14029c1012fb5680d95fbd6036e2a0,0xaa5dce7b21c362bb0b2e2a884a3475e51f66c11cdc52a4248760fecdbe9bc98b
