,amount,amountBase,buyer,date,price,seller,side,tokenAddr,txHash
0,1.00000020000004,0.0005,0x4fda9e6bcd83af6c5cc771b5d20accc2b7720074,2017-11-02T11:54:23.000Z,0.0004999999,0x254fb89e4cab71708eaab16e067ca8156a38e18a,buy,0x5a84969bb663fb64f6d015dcf9f622aedc796750,0x590b06a56972b0a3a9d4bc1bd771233cba376bdb8e8e52ee61c514fe81f976d4
1,1.00000020000004,0.0005,0x3075f7f189912f4f425dd7021b9c396434197477,2017-11-02T11:38:09.000Z,0.0004999999,0x254fb89e4cab71708eaab16e067ca8156a38e18a,buy,0x5a84969bb663fb64f6d015dcf9f622aedc796750,0xebd9a718ffe9267515abb8a175d033e6a1ced0afd2f7d37be127c4b1c2d6aca1
2,99.7,0.02791600997,0x82d99d98115565d2a58e99fc53704cee56e3c0de,2017-11-02T02:50:41.000Z,0.0002800001,0x273a5d3e6721b9f5c1a6474f560c1334c63dda01,sell,0x5a84969bb663fb64f6d015dcf9f622aedc796750,0x41d5ce4441dbd68aebb999f9e2e3ebbb1305516689a0534508549fac89e30ac6
3,99.7,0.02791600997,0x82d99d98115565d2a58e99fc53704cee56e3c0de,2017-11-02T02:50:41.000Z,0.0002800001,0x273a5d3e6721b9f5c1a6474f560c1334c63dda01,sell,0x5a84969bb663fb64f6d015dcf9f622aedc796750,0xf9d5c61ebe87f68390a75fa4e3c2366caf4160e703190b6075a0c17f5980ccaa
4,100,0.0052,0x273a5d3e6721b9f5c1a6474f560c1334c63dda01,2017-11-02T02:50:41.000Z,0.000052,0x53b9fb035001e1d4790110cfb25adcbaa92d1bc3,buy,0x5a84969bb663fb64f6d015dcf9f622aedc796750,0xf9d5c61ebe87f68390a75fa4e3c2366caf4160e703190b6075a0c17f5980ccaa
5,100,0.0055,0x273a5d3e6721b9f5c1a6474f560c1334c63dda01,2017-11-02T02:50:41.000Z,0.000055,0x53b9fb035001e1d4790110cfb25adcbaa92d1bc3,buy,0x5a84969bb663fb64f6d015dcf9f622aedc796750,0x41d5ce4441dbd68aebb999f9e2e3ebbb1305516689a0534508549fac89e30ac6
6,64.79912271956934,0.018143760841391684,0x82d99d98115565d2a58e99fc53704cee56e3c0de,2017-11-02T00:48:11.000Z,0.00028000009999999996,0xa54ffa43d11698bc300d924781518b71dd10f0a8,sell,0x5a84969bb663fb64f6d015dcf9f622aedc796750,0xae1205ea3b6222b034144ffcfb5fcdbaabef9b15e8517b52561f7269fafa8c2f
7,360.4,0.100912,0xe2eabfc1e89a462bbd2ba188cd8a9591a9a0d04e,2017-11-01T13:15:35.000Z,0.00028,0x3c5e0f52bcea9b0edbce4840a11a74868c7d1c3a,buy,0x5a84969bb663fb64f6d015dcf9f622aedc796750,0x6a92a169576158d46b10c35deabe7bdbdd37cd0961bc69432b48a5d0318d8c53
8,257.73701525271656,0.07216639004446217,0x82d99d98115565d2a58e99fc53704cee56e3c0de,2017-11-01T10:26:12.000Z,0.0002800001,0x845059c00dc973f93251ccf2f0e48b9ecc34d5d3,sell,0x5a84969bb663fb64f6d015dcf9f622aedc796750,0x267a74c2e6668bbfde02329a82ad4bd79b955ba774e566ec5085e5691862a4bb
9,10.023557498179377,0.002806597101845975,0x82d99d98115565d2a58e99fc53704cee56e3c0de,2017-11-01T08:25:09.000Z,0.00028000009999999996,0x742097391f52639b70b68909d58c7a77e37ffd4f,sell,0x5a84969bb663fb64f6d015dcf9f622aedc796750,0x3dc96abd2b8e78a2f6103fc0d8ec627d83eec411bf90da618a84f07cbfaef170
10,4.66354301664839,0.00130579251101585,0x82d99d98115565d2a58e99fc53704cee56e3c0de,2017-11-01T06:48:55.000Z,0.0002800000999999998,0xb02e09dafdaf18ae6fcd7b35a79f4c55e40759c1,sell,0x5a84969bb663fb64f6d015dcf9f622aedc796750,0x8e1e4dcce8909ad9e9dfac18874dca3726428e5f39d217fa0a95ad30b1b3f834
11,0.001,0.0000002800001,0x82d99d98115565d2a58e99fc53704cee56e3c0de,2017-10-31T10:52:51.000Z,0.0002800001,0xbbed4fd3fa548720ba3f72ca2c13f204f557a2e2,sell,0x5a84969bb663fb64f6d015dcf9f622aedc796750,0x32141e1525e985677a6f74d680bb9ddf57dc2cd7d6c3246eb8816595e1ec8887
12,11.448478183198826,0.003205575036143489,0x82d99d98115565d2a58e99fc53704cee56e3c0de,2017-10-31T10:50:24.000Z,0.0002800000999999999,0xbbed4fd3fa548720ba3f72ca2c13f204f557a2e2,sell,0x5a84969bb663fb64f6d015dcf9f622aedc796750,0xc0e53a567a57fb826133797562e90ffb47199f69e5d9b7ebb92390f952b5ca6c
13,4,0.001120004,0xf36990a2cb4d609e0a7d4f3bf884c0342d81fd3d,2017-10-31T10:47:59.000Z,0.000280001,0xbbed4fd3fa548720ba3f72ca2c13f204f557a2e2,sell,0x5a84969bb663fb64f6d015dcf9f622aedc796750,0x0c88ef2133ddbc61a6be397d071593ad18018a1598e135467907605785c27427
14,120.07295566743096,0.033632434882447416,0x975cdd040c7b55c17528b3b10dcc1839b6c90063,2017-10-31T10:46:16.000Z,0.0002801,0xbbed4fd3fa548720ba3f72ca2c13f204f557a2e2,sell,0x5a84969bb663fb64f6d015dcf9f622aedc796750,0x5fdb1cbd8ce99f3140b4c705225ed0068f26012c908a2236f01fd004052b1c5c
15,11.619,0.0034857,0x9530b0ab27f57f2d2d5e23aea464a10c65b67235,2017-10-31T10:45:30.000Z,0.0003,0xbbed4fd3fa548720ba3f72ca2c13f204f557a2e2,sell,0x5a84969bb663fb64f6d015dcf9f622aedc796750,0x9ac6605f3214f215c214de6dc3cc883910512722272d481909fd445ba67318f8
16,5.380835774100289,0.001614250732230086,0x9530b0ab27f57f2d2d5e23aea464a10c65b67235,2017-10-29T13:50:20.000Z,0.00029999999999999987,0x390107eb1f95edbac995de7565a5f90e13bc7575,sell,0x5a84969bb663fb64f6d015dcf9f622aedc796750,0x66003be7f545aa4fe8f6da4db7d0274ac656677509eee7dd05b5bd60bcc97419
17,300,0.0924,0xe2eabfc1e89a462bbd2ba188cd8a9591a9a0d04e,2017-10-29T09:35:05.000Z,0.000308,0x1597b1aefb47997d7ec9b6d87bbfd1ddb35a53b1,buy,0x5a84969bb663fb64f6d015dcf9f622aedc796750,0xf781c21681271b4c06d285ef53c55e62ac6a0e246650c2b7a662c51173fa4ac6
18,300,0.084,0x273a5d3e6721b9f5c1a6474f560c1334c63dda01,2017-10-29T09:27:44.000Z,0.00028,0x1597b1aefb47997d7ec9b6d87bbfd1ddb35a53b1,buy,0x5a84969bb663fb64f6d015dcf9f622aedc796750,0xea71e16f0d417b93821e23f3a8fb58a68f0c16652388c2d29bc07ac77c7ebffa
19,299.1,0.0921228,0x4d63f7bc86b6c300953c7784a526a837200f06cb,2017-10-29T09:27:44.000Z,0.000308,0x273a5d3e6721b9f5c1a6474f560c1334c63dda01,sell,0x5a84969bb663fb64f6d015dcf9f622aedc796750,0xea71e16f0d417b93821e23f3a8fb58a68f0c16652388c2d29bc07ac77c7ebffa
20,142.2370650981956,0.039840601934004585,0x975cdd040c7b55c17528b3b10dcc1839b6c90063,2017-10-28T23:03:38.000Z,0.0002801,0xf355e8dc8d0f433bb409aa4268b3e4369ce26e13,sell,0x5a84969bb663fb64f6d015dcf9f622aedc796750,0x1317fd1b0724d830ac9b97376c81f3d01ebc5b6282c96987e17f1ab05221cd0b
21,0.6666666666666666,0.0005,0xe444a40689f51f63bcd29910622035707d533d29,2017-10-28T20:39:29.000Z,0.00075,0x53b9fb035001e1d4790110cfb25adcbaa92d1bc3,buy,0x5a84969bb663fb64f6d015dcf9f622aedc796750,0x13aa188a794af1f201e38a57d6fdac9fa54dd5c84d5966b2ebf0ca9d1c57ae84
22,0.6666666666666666,0.0005,0x34f9560c63078eb61872a4dc2ccd20e21c34feaf,2017-10-28T20:37:40.000Z,0.00075,0x53b9fb035001e1d4790110cfb25adcbaa92d1bc3,buy,0x5a84969bb663fb64f6d015dcf9f622aedc796750,0xb4c6d16212bc26a4bd70fa0da327eaf27cd06153a87101b0fcd5236e1b73fee4
23,52.48728940285116,0.014801415611604026,0x254fb89e4cab71708eaab16e067ca8156a38e18a,2017-10-27T07:02:47.000Z,0.00028199999999999997,0x007987ef5c518a5611daf674b2a10bb029edcdf8,sell,0x5a84969bb663fb64f6d015dcf9f622aedc796750,0x6517394d46dd0e82080350669306e80985f2947bf98f6871a3140fbab107124c
24,2.742600525248471,0.002084376399188838,0x097501c95264ad3204159efaefdc5820783dbeae,2017-10-27T00:43:13.000Z,0.00076,0xace2f0e2021ed8067a5f64eebd39bff7e67f096e,buy,0x5a84969bb663fb64f6d015dcf9f622aedc796750,0xdd4e6d378c84371f2801a589642dd1ade53eddd693b3ed5e9db365a59fa21339
25,45,0.02025,0x20685e2b7c391f412c0887b0ef4fa388633129e1,2017-10-26T02:35:23.000Z,0.00045,0x422d4d1f8a9373dc8b75f3e1aeab786083f38a51,buy,0x5a84969bb663fb64f6d015dcf9f622aedc796750,0x49c3b5eeabaecc930600f547ae8430cb0104415ad8b75f65cabde843cbfcbea3
26,37.68997923437344,0.010556963183548,0x975cdd040c7b55c17528b3b10dcc1839b6c90063,2017-10-25T17:53:29.000Z,0.0002801,0xe21b893a3f9a56f6a1e1171d8010131ed27cf03c,sell,0x5a84969bb663fb64f6d015dcf9f622aedc796750,0x8af954a495eff81e49a3c178fa01649b6b790d88c247ce6c0eba2d618046dd37
27,35,0.009450035,0x48eaedfa6ab55f414a433f0778f55ed9b827e822,2017-10-23T19:06:51.000Z,0.000270001,0xe0996387c926dc615624c2e853f124c0d6b95c90,sell,0x5a84969bb663fb64f6d015dcf9f622aedc796750,0xac0593e20955bcbe08ac20a218e8de4e9439192b7afdd926af7a93d0b5fbbb7c
28,10,0.00251,0x82d99d98115565d2a58e99fc53704cee56e3c0de,2017-10-23T04:15:44.000Z,0.000251,0xe0996387c926dc615624c2e853f124c0d6b95c90,sell,0x5a84969bb663fb64f6d015dcf9f622aedc796750,0x3cc8a19a05ba5ad921cfead85088219b8e87a18a3917d228e07bd4b3ba4d8989
29,10,0.008,0xcd0a66c8d39f2fb616e323d2caba3b156324b599,2017-10-21T12:20:17.000Z,0.0008,0x82d99d98115565d2a58e99fc53704cee56e3c0de,buy,0x5a84969bb663fb64f6d015dcf9f622aedc796750,0x867e81d36e13c6f6659957f41dde12008f95e353cb914bbe68033c3a7a9d10eb
30,6.933872313744272,0.005547097850995418,0x8286c8bbedecde7b850e7ca24bfcb45632ac35f7,2017-10-21T00:15:36.000Z,0.0008,0x8cd22c889987016ffca89bd1e9bf55f47e87d0cc,buy,0x5a84969bb663fb64f6d015dcf9f622aedc796750,0x9ec8fdf122cea1488a8875cf41219b28817b2604feb4a140c737b20a7513d10d
31,39.87638321204267,0.008772844183032598,0x48eaedfa6ab55f414a433f0778f55ed9b827e822,2017-10-20T20:47:36.000Z,0.00022000099999999997,0xd7fd6ed94ed2cc8b45385d3dd879c885f41f4168,sell,0x5a84969bb663fb64f6d015dcf9f622aedc796750,0x047d640a039d6b78e76aef82dc0ba41552805dd960c4b964db99ae79d770f245
32,5,0.004,0x70beab3340e67719b1c262ca597259f45c7ffaef,2017-10-20T20:36:43.000Z,0.0008,0x8cd22c889987016ffca89bd1e9bf55f47e87d0cc,buy,0x5a84969bb663fb64f6d015dcf9f622aedc796750,0xa2e9205c04a0c19a7e01a7f6a2844f1c72885146fe18ad15e7aea7886b5fe078
33,9.019,0.00784653,0x1597b1aefb47997d7ec9b6d87bbfd1ddb35a53b1,2017-10-20T13:50:57.000Z,0.00087,0xe1e1d0d73eeb29d0632bc4c7871bfc74dbed0741,sell,0x5a84969bb663fb64f6d015dcf9f622aedc796750,0x386dbdd70398a6ad280ca625f5e1b56da502c6e2d404181c75bd30d1e0ca3828
34,398.7638328509115,0.08772804322720053,0x0845ad270268891eb78c056035d6ecd6b06c2ed4,2017-10-20T13:14:43.000Z,0.00021999999999999998,0xb60d7fe4860bc77aaca445ab03502c1588164954,sell,0x5a84969bb663fb64f6d015dcf9f622aedc796750,0x35bbebeaa7807baf64f5eb515aecd95af329c254d3ffe7579058c2357059e285
35,0.000078019240354899,0.000000067876739108,0x1597b1aefb47997d7ec9b6d87bbfd1ddb35a53b1,2017-10-20T12:36:17.000Z,0.0008699999999902316,0x5a29aec11f14a739f8ab58edf5269ca12fb90080,sell,0x5a84969bb663fb64f6d015dcf9f622aedc796750,0x0c23d41346ded202ab02c278c5608c12ee20cf097bb01d7d1a4a75766f82bd59
36,164.77294460121345,0.14335246180305572,0x1597b1aefb47997d7ec9b6d87bbfd1ddb35a53b1,2017-10-20T09:18:37.000Z,0.00087,0xe2eabfc1e89a462bbd2ba188cd8a9591a9a0d04e,sell,0x5a84969bb663fb64f6d015dcf9f622aedc796750,0x7af3258b986adcc038db40377c2195085e55194176a83c8621129aca913f7970
37,296.56399477220725,0.2580106754518203,0x1597b1aefb47997d7ec9b6d87bbfd1ddb35a53b1,2017-10-20T09:06:53.000Z,0.00087,0xe2eabfc1e89a462bbd2ba188cd8a9591a9a0d04e,sell,0x5a84969bb663fb64f6d015dcf9f622aedc796750,0x34c908118b823bed82131a01b4a6b2ec19d6932982a768b47e700042c4d213bf
38,296.56416001097347,0.2580108192095469,0x1597b1aefb47997d7ec9b6d87bbfd1ddb35a53b1,2017-10-20T08:56:51.000Z,0.00087,0xe2eabfc1e89a462bbd2ba188cd8a9591a9a0d04e,sell,0x5a84969bb663fb64f6d015dcf9f622aedc796750,0x799b822bbd9aa2f76cae67bcb8f366ad510517d955d8e8d7558c892ab494965b
39,298.34217007467174,0.2595576879649644,0x1597b1aefb47997d7ec9b6d87bbfd1ddb35a53b1,2017-10-20T08:48:03.000Z,0.00087,0xe2eabfc1e89a462bbd2ba188cd8a9591a9a0d04e,sell,0x5a84969bb663fb64f6d015dcf9f622aedc796750,0x2fe7528981b93f2ffbca0b0496a0775269b830e20dc4d72fd0a2816a92eb4544
40,84.73731432559067,0.07372146346326389,0x1597b1aefb47997d7ec9b6d87bbfd1ddb35a53b1,2017-10-20T08:46:30.000Z,0.00087,0xa2dffc197986ec9bf77bd13511d9a2563b9acef3,sell,0x5a84969bb663fb64f6d015dcf9f622aedc796750,0x6d55a2fb202e815a474eeae556fb2e7208e840d6586c489a53ec9246ab739858
41,0.000025149486358486,0.000000025149461209,0x66f579485ad8be594a47d13d1427eae9f30777d5,2017-10-20T08:34:09.000Z,0.0009999990000000142,0xa845b9c214b4e43eb1f436be937d4cff69b05837,buy,0x5a84969bb663fb64f6d015dcf9f622aedc796750,0xd3559af5d48bfd298bc48a74f115e66d2bb4a4dfd8b00121de73395bcdf16537
42,4.098,0.0030735,0xcd0a66c8d39f2fb616e323d2caba3b156324b599,2017-10-20T04:53:49.000Z,0.00075,0xfd2418617b08030afb197f64ec6325673b539f7c,buy,0x5a84969bb663fb64f6d015dcf9f622aedc796750,0x0a11bf9ff074464c2aea10686385d54aa7bd9f54e18d1513c78d2e2ce29b126f
43,0.1,0.000075,0x6cdea8e07bf82d7a07dbf36642d6e5be8623845c,2017-10-20T02:24:19.000Z,0.00075,0xfd2418617b08030afb197f64ec6325673b539f7c,buy,0x5a84969bb663fb64f6d015dcf9f622aedc796750,0x414c39524a395d5f5f2ddfac9828e2a0691f491d93d26ae5670317357da943d7
44,109.07587098079892,0.021815174196159783,0xe1e0d53be2423d1a3347e8d459f83b9a87191626,2017-10-19T19:37:44.000Z,0.00019999999999999998,0xb1db22b14e7c57fb6b2620c2bcc3165a27451d33,sell,0x5a84969bb663fb64f6d015dcf9f622aedc796750,0xe582f00024c2e4530af51086cae6564eae4a2f9ec2781d8a538feb7c74443de5
45,408.06180839397865,0.08569297976273552,0xe1e0d53be2423d1a3347e8d459f83b9a87191626,2017-10-19T19:35:44.000Z,0.00020999999999999998,0xb1db22b14e7c57fb6b2620c2bcc3165a27451d33,sell,0x5a84969bb663fb64f6d015dcf9f622aedc796750,0xa2a92815f443fdbd2e9f724badf642f556992dc1ee294cd226fee9e9f5b6eb6e
46,1,0.00142042,0x3ac636ac5c3a2576156ac5f10066ca68abe0ad54,2017-10-18T16:10:32.000Z,0.00142042,0x4a9e422f46b9afac70ef0eb284cf3d3a2d4a4665,buy,0x5a84969bb663fb64f6d015dcf9f622aedc796750,0xe39d35556ec8ea0fb3f384a312552c52a555b26c531aac55b1c6467391c7867d
47,0.625,0.0005,0xf9695cd65d6dfdf257fab76a3eb0cb8f001971cc,2017-10-18T15:17:18.000Z,0.0008,0x53b9fb035001e1d4790110cfb25adcbaa92d1bc3,buy,0x5a84969bb663fb64f6d015dcf9f622aedc796750,0x144479b66799370ba1ab5916edaaac8c2acbf7d741ed9419c2c24dc2bed4f434
48,0.625,0.0005,0x379374d13077e8867ef31803c37baf9785a17c00,2017-10-18T15:17:02.000Z,0.0008,0x53b9fb035001e1d4790110cfb25adcbaa92d1bc3,buy,0x5a84969bb663fb64f6d015dcf9f622aedc796750,0x7248a313e53dd757eac6b154dc5b78a33ca2fe22bedf7be7c9e442c38b72c17b
49,99.69095803010667,0.02601934004585784,0xe1e0d53be2423d1a3347e8d459f83b9a87191626,2017-10-18T13:43:55.000Z,0.000261,0xa3c29ffa3a2e7b1b5ffcf53dabb0991025b73d30,sell,0x5a84969bb663fb64f6d015dcf9f622aedc796750,0xdbed1412eb032bbf216b60b5a190395cda39e13bc53b4898595596ed6e1543a9
50,0.5000005000005,0.0005,0x16e5d97bbc92417e051e3b2cabfbf8ceea2acb9c,2017-10-17T17:50:21.000Z,0.000999999,0xa37b91282070d07599e26becb7a11b2a78c4660b,buy,0x5a84969bb663fb64f6d015dcf9f622aedc796750,0xc3b03b7b6fe1dccc6cf90764f688bb6764a9d69122aaa8aa9e4bb20e7c6678c0
51,0.5000005000005,0.0005,0xcd912af5286dc0b0a23edb30209734ecb60838b3,2017-10-17T05:28:01.000Z,0.000999999,0xa37b91282070d07599e26becb7a11b2a78c4660b,buy,0x5a84969bb663fb64f6d015dcf9f622aedc796750,0x3d57549fdfac833424aa6549fbc4514c07969e28264b990d6102f94f04ea184a
52,15.113120127604427,0.004549049158408932,0xace2f0e2021ed8067a5f64eebd39bff7e67f096e,2017-10-16T14:45:16.000Z,0.00030099999999999994,0x5e7b01f9205104b6e65c78269ec9368c97fc0b2f,sell,0x5a84969bb663fb64f6d015dcf9f622aedc796750,0xd9f26ecb6252f389df7b806802dbbb44bcfd4aa676458d08bae3a8705a870b60
53,29.907287409032,0.009002093510118632,0xace2f0e2021ed8067a5f64eebd39bff7e67f096e,2017-10-16T05:46:05.000Z,0.000301,0x4867637cea4795ae13acd0d0d7c4dc77dc6a892b,sell,0x5a84969bb663fb64f6d015dcf9f622aedc796750,0xf33e5b231495b1d94b7f83b57447983768c9092ec46e31b06e8136666e9a886d
54,2.8688589412820256,0.000863526541325889,0xace2f0e2021ed8067a5f64eebd39bff7e67f096e,2017-10-14T08:02:02.000Z,0.0003009999999999997,0xac77f661d447acf0a55b79b5f3e76776aae5ea18,sell,0x5a84969bb663fb64f6d015dcf9f622aedc796750,0xd7bbf6c7360913ce09cd9f111ff0fa939c43fe5eaf18407e96d91be177ea67be
55,1462.5660452596949,0.3217645299571329,0x0845ad270268891eb78c056035d6ecd6b06c2ed4,2017-10-13T10:58:23.000Z,0.00021999999999999998,0x97677751e84c0dc6b2f598fa35cac91c209e80d2,sell,0x5a84969bb663fb64f6d015dcf9f622aedc796750,0x865d0921623ebdeedfc37d8dd53633b3a58a3843831eaff2ec446f4e0269e07a
56,16.706,0.012546206,0xace2f0e2021ed8067a5f64eebd39bff7e67f096e,2017-10-12T10:21:05.000Z,0.000751,0x20685e2b7c391f412c0887b0ef4fa388633129e1,sell,0x5a84969bb663fb64f6d015dcf9f622aedc796750,0x624ac10b6b8b8f9046e269c2810fdc85c83da05da6e1a31a2d984ad41c5ed60c
57,21.824724753264878,0.016390368289701925,0x82d99d98115565d2a58e99fc53704cee56e3c0de,2017-10-12T10:21:05.000Z,0.000751,0x20685e2b7c391f412c0887b0ef4fa388633129e1,sell,0x5a84969bb663fb64f6d015dcf9f622aedc796750,0xbc953897c436ead4c6a27f92eca48fe3803dc0ecf78b22f04866d57416de04be
58,225.8997108962217,0.16942478317216628,0x0845ad270268891eb78c056035d6ecd6b06c2ed4,2017-10-12T10:20:34.000Z,0.00075,0x20685e2b7c391f412c0887b0ef4fa388633129e1,sell,0x5a84969bb663fb64f6d015dcf9f622aedc796750,0x96961b4cd7da0b231b8fe76cfbdb76eda5f53eb9a601fb1247ba6b04bacd4de9
59,44.99,0.03378749,0x82d99d98115565d2a58e99fc53704cee56e3c0de,2017-10-12T07:11:50.000Z,0.000751,0xc9087108b890f9aee9c5b878c6f062a2b0c730f3,sell,0x5a84969bb663fb64f6d015dcf9f622aedc796750,0x4a84c15e976dc3def0861ff2619d89caaa0d8eb69a582fdaf96d8975b772b2d1
60,50,0.0375505,0xace2f0e2021ed8067a5f64eebd39bff7e67f096e,2017-10-12T07:11:27.000Z,0.00075101,0xc9087108b890f9aee9c5b878c6f062a2b0c730f3,sell,0x5a84969bb663fb64f6d015dcf9f622aedc796750,0x7fe8edbbd6baf1ec513a6e18150e0609d74105da26beb83b3b956023dfcebfd9
61,1152.4274748280332,0.8643206061210248,0x0845ad270268891eb78c056035d6ecd6b06c2ed4,2017-10-12T05:04:20.000Z,0.00075,0x864f4efcd851f0f1a57a3a1eb37e2db6cb559d9d,sell,0x5a84969bb663fb64f6d015dcf9f622aedc796750,0xd7078dc15792a5d744c5cd3a848482935f9fac810f07170c64b168f380dcf16f
62,0.016,0.000012016,0x82d99d98115565d2a58e99fc53704cee56e3c0de,2017-10-10T10:11:31.000Z,0.000751,0x9f37a171c7980f5882dcb9924e223a41b87d9f03,sell,0x5a84969bb663fb64f6d015dcf9f622aedc796750,0x20882dda2aaf1decfddf2e5dc72c8b471465e0d36fdf0bebf2604175724e592a
63,163.2937892533147,0.12263363572923935,0xace2f0e2021ed8067a5f64eebd39bff7e67f096e,2017-10-10T01:59:04.000Z,0.000751,0x9f37a171c7980f5882dcb9924e223a41b87d9f03,sell,0x5a84969bb663fb64f6d015dcf9f622aedc796750,0x6c6e1f65eb6d3044064a7f76fb9c93b84a1ebcb4ce9d985cab85527fe9f9d4a5
64,142.1692752467351,0.10676912571029808,0x82d99d98115565d2a58e99fc53704cee56e3c0de,2017-10-09T23:43:23.000Z,0.000751,0xaaeb6f855c30a0e98ccb57bd5e3e0e902308060c,sell,0x5a84969bb663fb64f6d015dcf9f622aedc796750,0x7dd8283bd9b166239c03afe9f39a535e8b8a6d3e1a659eb7c54252848fa0376b
65,1,0.000751,0x82d99d98115565d2a58e99fc53704cee56e3c0de,2017-10-09T19:03:22.000Z,0.000751,0xa37b91282070d07599e26becb7a11b2a78c4660b,sell,0x5a84969bb663fb64f6d015dcf9f622aedc796750,0xa7ec9e27df99aede635292c67c9c233a737dbeb010ed7c0ea0734fc1d8903c57
66,333.9647094008573,0.250473532050643,0x0845ad270268891eb78c056035d6ecd6b06c2ed4,2017-10-08T18:43:23.000Z,0.00075,0xbfb50b318ebd18975bd60b8d21488a8595debe74,sell,0x5a84969bb663fb64f6d015dcf9f622aedc796750,0x9b6154a7d0998226c70032a1e0648622249ca46baa2bff073e64a45d1f718a45
67,5.397516365,0.00404813727375,0x3fb5df6d175b7ab55eb208d08a62ba6470ac3a3e,2017-10-08T16:31:19.000Z,0.00075,0x931455ae7daed2a745b4b83522eafe7713ea452c,buy,0x5a84969bb663fb64f6d015dcf9f622aedc796750,0x2972c570163c9004be7a93a5e4ae1b179260b7867e342891d420620c062e9968
68,25.919649087827732,0.0194397368158708,0x0845ad270268891eb78c056035d6ecd6b06c2ed4,2017-10-08T16:24:48.000Z,0.00075,0x337782fed28899b0e453b2ec8622de91751d0cbc,sell,0x5a84969bb663fb64f6d015dcf9f622aedc796750,0xe31055750e269ea01f7924b781427f05afce42a6ea3fa71424e77834900bd898
69,132.19021034792144,0.09914265776094108,0x0845ad270268891eb78c056035d6ecd6b06c2ed4,2017-10-08T16:10:53.000Z,0.00075,0xcd4acc56a17fb99da2512724b2382c6b647744b9,sell,0x5a84969bb663fb64f6d015dcf9f622aedc796750,0xb84392e66739afc4824048add41e8841f4790586855b05569bd4952b21d587d3
70,129.59824543913868,0.097198684079354,0x0845ad270268891eb78c056035d6ecd6b06c2ed4,2017-10-08T08:48:00.000Z,0.00075,0x18097e83a56a99d0c04bfba10da13057bb580657,sell,0x5a84969bb663fb64f6d015dcf9f622aedc796750,0x1937d20de94ab97408c63d115b393ddb2edf00812e705ad9c2be84f13c5b5c13
71,61.39241903221763,0.04665860681899959,0xe1e1d0d73eeb29d0632bc4c7871bfc74dbed0741,2017-10-07T15:55:06.000Z,0.000760006,0xe2eabfc1e89a462bbd2ba188cd8a9591a9a0d04e,sell,0x5a84969bb663fb64f6d015dcf9f622aedc796750,0xc4a20baa548aba31704308c045d741df8153aaaa3ce72ade7fd677c8c25bf3d8
72,1.4344294706410128,0.001090175004263993,0xe1e1d0d73eeb29d0632bc4c7871bfc74dbed0741,2017-10-07T15:52:55.000Z,0.0007600059999999996,0x4238aaacf2e9875bf207717d6e86de66761775ee,sell,0x5a84969bb663fb64f6d015dcf9f622aedc796750,0x030a247b409e2ca16ae7758854cc697084058d1d8c43062fcb55d141d4352d1f
73,27,0.02106,0x89758e391fcdf65a73ff600af06634756535b9d7,2017-10-07T15:47:58.000Z,0.00078,0xe2eabfc1e89a462bbd2ba188cd8a9591a9a0d04e,sell,0x5a84969bb663fb64f6d015dcf9f622aedc796750,0x2012b1e8bf0617e89d368ee50a2b2c0a714eaa574f64e4d4ee4f5909994c61c0
74,13.90163205,0.016666666664745,0x5d5065b42bdee0274e394ba9042c21e1818c69cf,2017-10-07T15:47:14.000Z,0.0011989,0xe2eabfc1e89a462bbd2ba188cd8a9591a9a0d04e,sell,0x5a84969bb663fb64f6d015dcf9f622aedc796750,0xd79338142377d16cbe90a3f03c8dcdd0556d7e2ed2624dd6291959100031a93f
75,8.91383307341226,0.010686794471713957,0xe5f80b82b325740196728fdc27130ce20166cc43,2017-10-07T15:43:20.000Z,0.0011989,0xe2eabfc1e89a462bbd2ba188cd8a9591a9a0d04e,sell,0x5a84969bb663fb64f6d015dcf9f622aedc796750,0x96ff6d827f1e4f4d8047cc570e7d25b560df7da2044fb83dc04bee7ebbde14b0
76,300,0.3594,0x5f4377b100466aaa74be3682ba5560612322c88a,2017-10-06T05:34:05.000Z,0.001198,0xace2f0e2021ed8067a5f64eebd39bff7e67f096e,buy,0x5a84969bb663fb64f6d015dcf9f622aedc796750,0x24b16d95bd4a24b2c89c2ed6c4adda952b6d765da24864585b4d4ba7f9ee221b
77,112,0.1456,0x5c5d2fa3384cd2c93338cda30066d11201b1239c,2017-10-05T17:54:50.000Z,0.0013,0xace2f0e2021ed8067a5f64eebd39bff7e67f096e,buy,0x5a84969bb663fb64f6d015dcf9f622aedc796750,0x7aaa1eb7d6c926cd4b21af87f643085c75e22034dea7442d8c2912f61bc6d0b3
78,4.882,0.00375914,0x9ab087a7a42f81e6b0ff484dafb26ea78d7edc6d,2017-10-05T06:06:10.000Z,0.00077,0x66f579485ad8be594a47d13d1427eae9f30777d5,sell,0x5a84969bb663fb64f6d015dcf9f622aedc796750,0x44fe6932f9ad28f2c4164d04298f7bf1f21de07977830f86e71f4dc9493a3fd1
79,97.065,0.0737694,0xc9087108b890f9aee9c5b878c6f062a2b0c730f3,2017-10-05T03:53:31.000Z,0.00076,0x66f579485ad8be594a47d13d1427eae9f30777d5,sell,0x5a84969bb663fb64f6d015dcf9f622aedc796750,0x38252aed1af55ee7f60edc2dd83ab4ed5dfce23b74490e48ca20a2d28bc885ad
80,38,0.0456,0x66f579485ad8be594a47d13d1427eae9f30777d5,2017-10-05T03:34:36.000Z,0.0012,0x0879aaf41c98fd96600434f5aa9d27522f672e33,buy,0x5a84969bb663fb64f6d015dcf9f622aedc796750,0x32f8c77217f02261360f0e37e7f7c3cf9fa34b911c6587b55be7a523a3ca971f
81,8,0.006088,0x89758e391fcdf65a73ff600af06634756535b9d7,2017-10-05T03:34:15.000Z,0.000761,0x66f579485ad8be594a47d13d1427eae9f30777d5,sell,0x5a84969bb663fb64f6d015dcf9f622aedc796750,0xcd3839de594b94ae3b94ceb636f694f074eb87dadc32ac35a44990fc48b3bf19
82,4.875,0.003705,0x89758e391fcdf65a73ff600af06634756535b9d7,2017-10-03T05:16:55.000Z,0.00076,0x83f588b8b3138d6e08d21777ec5e315d905a06b4,buy,0x5a84969bb663fb64f6d015dcf9f622aedc796750,0xf51a82643664d10663efdc27abce93938b47649a65896b7460d956f4ba32d02e
83,0.29165058319210446,0.000221654443225999,0xc9087108b890f9aee9c5b878c6f062a2b0c730f3,2017-10-02T23:18:12.000Z,0.0007599999999999986,0xcd67629dfdba82de1596e4b9002febaebdab23ce,sell,0x5a84969bb663fb64f6d015dcf9f622aedc796750,0x5bac6eb67696176076590068157e88d4c1ca66484a50a64abc44976815db46c5
84,2.643,0.00200868,0xc9087108b890f9aee9c5b878c6f062a2b0c730f3,2017-10-02T23:12:08.000Z,0.00076,0xcd67629dfdba82de1596e4b9002febaebdab23ce,sell,0x5a84969bb663fb64f6d015dcf9f622aedc796750,0x4930263f7c34633a5bd065ece76210aaf6106c034d7852cec2aaf5a0c4709d0f
85,0.2958579881656805,0.0005,0x350f6f675b20d606bb7f6c412ef4775c9bc57168,2017-10-02T21:34:12.000Z,0.00169,0x9adce261bd078192e788fd87e0112fa50ae5b770,buy,0x5a84969bb663fb64f6d015dcf9f622aedc796750,0x4389583d3c9f080a03341a0a87787cea81c9454ccc4d57b7227ef29f5b014ac3
86,0.2958579881656805,0.0005,0x3bfdec5343e950ce45522eef9948c977631b4000,2017-10-02T21:32:56.000Z,0.00169,0x9adce261bd078192e788fd87e0112fa50ae5b770,buy,0x5a84969bb663fb64f6d015dcf9f622aedc796750,0x078e1d67835e151c88286bef3675ff891ead996d08b67fb5c5985747c32e240f
87,1,0.001398,0x0249924245a19aa2d7f5ddb0739a7132b7d094ab,2017-10-02T20:27:55.000Z,0.001398,0x153a719125b3203dc748bcb3b861cb28668c131f,buy,0x5a84969bb663fb64f6d015dcf9f622aedc796750,0x20c5a9afc15e141e01e78d01000a432edd530b3b1e064714043fe34d91b7a644
88,0.006202382840114468,0.000004651787130085,0xefa7abbd5fe2aef47b325619b0824d41835f5d6c,2017-10-02T17:55:47.000Z,0.0007499999999998628,0x226b7b79ee42353bc4079b6cdc6a61b208952f43,sell,0x5a84969bb663fb64f6d015dcf9f622aedc796750,0x76a98ac242dbce97f9e878ba12e2f49f0ebc76708952b34ed986d172237f0294
89,101.705,0.1010154401,0x25cb0ecbc7f8b7844531df9d137dcb594080a311,2017-10-02T14:48:38.000Z,0.00099322,0x51cce9bae7fd7b5216667373e0ecd9ee945ee3ce,buy,0x5a84969bb663fb64f6d015dcf9f622aedc796750,0xb568e4cd1e8b1199df7f542d3c985534d15291bd3cff1a0b529626f7d3642d52
90,2205.79,3.088106,0x25cb0ecbc7f8b7844531df9d137dcb594080a311,2017-10-02T14:48:38.000Z,0.0014,0x0845ad270268891eb78c056035d6ecd6b06c2ed4,buy,0x5a84969bb663fb64f6d015dcf9f622aedc796750,0x32a0ee4c313bf25bddd346ebf3bd2432b35067ff1b6c3a19d8c38de82425a096
91,232.26737513707508,0.1742005313528063,0xefa7abbd5fe2aef47b325619b0824d41835f5d6c,2017-10-02T08:29:29.000Z,0.00075,0x5bc947356b9a75fdcb92f3eb550682941aca376b,sell,0x5a84969bb663fb64f6d015dcf9f622aedc796750,0xf1b524bb269bae4431f312c71d50e03e2935a3f4cf265ce4cb92fcc106456be9
92,77.532,0.06357624,0x9ce34e3f15ad4263b61451553834bd98b9f8bd4f,2017-10-02T08:27:24.000Z,0.00082,0x5bc947356b9a75fdcb92f3eb550682941aca376b,sell,0x5a84969bb663fb64f6d015dcf9f622aedc796750,0x11cc3451d23cb75ead96436e99a015b781cc56fc6136f8437cd5f39d52c81882
93,4.678,0.00383596,0x89758e391fcdf65a73ff600af06634756535b9d7,2017-10-02T00:09:39.000Z,0.00082,0x5a29aec11f14a739f8ab58edf5269ca12fb90080,buy,0x5a84969bb663fb64f6d015dcf9f622aedc796750,0x51f8fb7059b370ccf2536852a9e8b8aa6a6b113f3aec8c01b4a013c008038db7
94,158.98178511731766,0.13036506379620047,0x9ce34e3f15ad4263b61451553834bd98b9f8bd4f,2017-10-01T19:28:23.000Z,0.00082,0xe1e0d53be2423d1a3347e8d459f83b9a87191626,sell,0x5a84969bb663fb64f6d015dcf9f622aedc796750,0x697341a11548e31c414a98f8bb9a91fe48e0882b0eac2b8efc2bde56b2c925f3
95,3.88794736317416,0.003188116837802811,0x9ce34e3f15ad4263b61451553834bd98b9f8bd4f,2017-09-30T21:15:19.000Z,0.0008199999999999999,0xebae28f1e0c61d5f1469f6b02a23a3f9efb0e570,sell,0x5a84969bb663fb64f6d015dcf9f622aedc796750,0x53601142efc5a8e82f6c93997ee2bf52675f2a92c252ead2312a98cf57c998a3
96,129.59824543913868,0.10627056126009371,0x9ce34e3f15ad4263b61451553834bd98b9f8bd4f,2017-09-30T15:42:19.000Z,0.00082,0xec27923f231978fe71a12b86c4b3bfcb84b67fce,sell,0x5a84969bb663fb64f6d015dcf9f622aedc796750,0xf5d7bd8eece8c12e7b02ffdc97d606c428de1d804a79e5233ac9d3ff147532af
97,1287,0.96525,0x89758e391fcdf65a73ff600af06634756535b9d7,2017-09-30T06:30:04.000Z,0.00075,0x492d1c0b8e2e8aa317f318c844026e7ddc3946a7,buy,0x5a84969bb663fb64f6d015dcf9f622aedc796750,0x74ada54c4923d45f74f744f8c44447cd82e50546e32914370a6c380cb1d00f8f
98,1.1,0.00153989,0x58319288a01eff24620ee5237315f9e1e9dc0e36,2017-09-30T02:07:23.000Z,0.0013999,0xe5f80b82b325740196728fdc27130ce20166cc43,buy,0x5a84969bb663fb64f6d015dcf9f622aedc796750,0x8a2ae240e7617fdcaa1ad1ef427b40682dc1bcd2e530466dbf341ef830f3d781
99,259.19649087827736,0.194397368158708,0xefa7abbd5fe2aef47b325619b0824d41835f5d6c,2017-09-29T12:55:43.000Z,0.00075,0x4900ecf62ecdc6cbdb3fe5a9c01fac269c48614a,sell,0x5a84969bb663fb64f6d015dcf9f622aedc796750,0x4ebb72fcfd3787265eb863e72c4437345525ac75f6b6467fd2681b6b7a397ce0
100,1,0.0013999,0xa0be78d2bac6a692adba423c7af50ec86a18bddf,2017-09-28T12:08:49.000Z,0.0013999,0xe5f80b82b325740196728fdc27130ce20166cc43,buy,0x5a84969bb663fb64f6d015dcf9f622aedc796750,0x760c66c3b611e3de861777e2ac208d37cf7e91e23c8c8581204d56b0d1c49e51
101,649.0140254114616,0.4867605190585962,0xefa7abbd5fe2aef47b325619b0824d41835f5d6c,2017-09-28T04:59:36.000Z,0.00075,0x1ed014aec47fae44c9e55bac7662c0b78ae61798,sell,0x5a84969bb663fb64f6d015dcf9f622aedc796750,0xb94ded0be183a49854f1a8ab9faa37b36a596ba9a488c87991aff4fab56db078
102,67.122,0.0436293,0x89758e391fcdf65a73ff600af06634756535b9d7,2017-09-28T01:02:25.000Z,0.00065,0xce02aa930ef7f1d68fe6e6d2ddaf84b962e68be4,buy,0x5a84969bb663fb64f6d015dcf9f622aedc796750,0x168d4c4b8b507eec17a536e7b22e3e84098d581b088c0b588d030d9c5c80c955
103,132.308,0.0860002,0x89758e391fcdf65a73ff600af06634756535b9d7,2017-09-27T23:30:38.000Z,0.00065,0xce02aa930ef7f1d68fe6e6d2ddaf84b962e68be4,buy,0x5a84969bb663fb64f6d015dcf9f622aedc796750,0xf4b6a6c8e6a86f6eab2e6d506e6c81e253b27340234acf1309eb0ad840d9eeb2
104,145,0.1015,0x89758e391fcdf65a73ff600af06634756535b9d7,2017-09-27T22:21:38.000Z,0.0007,0xce02aa930ef7f1d68fe6e6d2ddaf84b962e68be4,sell,0x5a84969bb663fb64f6d015dcf9f622aedc796750,0xca234925f240de77a479766e627eb68f9cd4fb8b0d8b0acfa42fc89e60b0078a
105,45,0.03285,0x422d4d1f8a9373dc8b75f3e1aeab786083f38a51,2017-09-27T22:12:35.000Z,0.00073,0xce02aa930ef7f1d68fe6e6d2ddaf84b962e68be4,sell,0x5a84969bb663fb64f6d015dcf9f622aedc796750,0xaec540dcd6a2ddf58559b3e51fe116cf8e6572071ea88f2dfca04d3a357371b5
106,159.87084148586817,0.10391604696581432,0x5ae8367ce61d6cefc8df4cd52a401a7faa60ecbe,2017-09-27T01:51:24.000Z,0.00065,0x925d91a5b90c30c2a466fe31ead2d8c0d6527798,sell,0x5a84969bb663fb64f6d015dcf9f622aedc796750,0xbacec44b0e7d7a7e8d5fbab0e82ef6f2a4ebb9917fa94b362c7ba4fdb8c8753b
107,0.3546099290780142,0.0005,0x23ee598e50ff1b1bde1022bf3c8a41d4c23321a0,2017-09-25T00:26:17.000Z,0.00141,0xbb6594dbc0642c89f6498d59db5f12fa58486d56,buy,0x5a84969bb663fb64f6d015dcf9f622aedc796750,0x83003667915eff50b8701abd05200477d150c7fcf00d1224b9684d78bc020051
108,0.3546099290780142,0.0005,0xe5a759eb3e214ff0a2bbbea31acc41c9bf27b239,2017-09-25T00:14:37.000Z,0.00141,0xbb6594dbc0642c89f6498d59db5f12fa58486d56,buy,0x5a84969bb663fb64f6d015dcf9f622aedc796750,0x59c5a9e883d8e050264db4d2c62bbb43606df43e0cf6118d141f9716d7fb3a1d
109,0.3546099290780142,0.0005,0x160506e5a5ce5dadd43623689f53d5aa1f288f0f,2017-09-24T23:47:57.000Z,0.00141,0xbb6594dbc0642c89f6498d59db5f12fa58486d56,buy,0x5a84969bb663fb64f6d015dcf9f622aedc796750,0x1bff6c5aa596040bec2d83cb93379f261bcb2e82eb1d5b3caefb69e174bcfc84
110,0.7669299792928,0.0003834649896464,0x9530b0ab27f57f2d2d5e23aea464a10c65b67235,2017-09-24T23:04:46.000Z,0.0005,0x1f8ac99600c61189d92c85cc760735b9e0067a60,sell,0x5a84969bb663fb64f6d015dcf9f622aedc796750,0x947eeb167ef164cef4be99f70958a11b16a54175bd2af35f2eaba73f535dc56e
111,255.526,0.38073374,0x5ae8367ce61d6cefc8df4cd52a401a7faa60ecbe,2017-09-24T06:47:05.000Z,0.00149,0xd5840247f1e80d7d5d262e4687db4fa683b9eed7,buy,0x5a84969bb663fb64f6d015dcf9f622aedc796750,0x7e05a351b8296ce21532aff385c695939ccd604ef5893d242413d97dd7032d70
112,0.3520085608481998,0.0005,0xc22f5ab4f1591613a92b4d172cc7f4e4a5af58cd,2017-09-24T00:02:02.000Z,0.00142042,0x4a9e422f46b9afac70ef0eb284cf3d3a2d4a4665,buy,0x5a84969bb663fb64f6d015dcf9f622aedc796750,0x3e35b326562ccc77f0e947a81cb1f080080ce32dd285cc745f8cb3320a89b932
113,0.3520085608481998,0.0005,0x452b06f1c61cff4c9bebaa405319a7c3b12553a2,2017-09-23T23:56:26.000Z,0.00142042,0x4a9e422f46b9afac70ef0eb284cf3d3a2d4a4665,buy,0x5a84969bb663fb64f6d015dcf9f622aedc796750,0x8255c8d90e7a8499c3d839b14817c806e25ad1403b6fa1c50f1a7953a713cc58
114,0.352112676056338,0.0005,0x2ba19ec4bcd5ae8de66b110bde5ebf41092bd02f,2017-09-23T19:17:59.000Z,0.00142,0xe5f80b82b325740196728fdc27130ce20166cc43,buy,0x5a84969bb663fb64f6d015dcf9f622aedc796750,0x85c1e16d44ac8ce769b618e1309eb8e726124107d4c59edb51504f99bf9a297d
115,11.478416907586482,0.004591366763034592,0xe4bbba7bedcb7bab98a14e59a723d4338abc1e62,2017-09-23T17:51:02.000Z,0.0003999999999999999,0x48cd0aa19ed8443151dc1b0bab50d6d3715475c9,sell,0x5a84969bb663fb64f6d015dcf9f622aedc796750,0xe4208d8a15bbab71318ceda7f84077da266470cab55070f4642e59456e89be00
116,0.352112676056338,0.0005,0x18a902dc44442205b4ba2b1dc038e67506d22c55,2017-09-23T16:23:28.000Z,0.00142,0xe5f80b82b325740196728fdc27130ce20166cc43,buy,0x5a84969bb663fb64f6d015dcf9f622aedc796750,0x07a7d4c88b0c9e9b89fd69196fdd005746e371c789ff57f30ebc0bbd0f13479b
117,0.352112676056338,0.0005,0xd868b838b5de79f1e540b5d83c9e9a3d0b3810cd,2017-09-23T16:13:11.000Z,0.00142,0xe5f80b82b325740196728fdc27130ce20166cc43,buy,0x5a84969bb663fb64f6d015dcf9f622aedc796750,0xe412d8c28a60572ad87e4b77c77fb28f159e6f4ebd991f0b2d6b1aa9c0406607
118,1141.1132631698877,0.8569760606405856,0xefa7abbd5fe2aef47b325619b0824d41835f5d6c,2017-09-23T15:03:25.000Z,0.000751,0x9733ae7ececa99c8b1db998a7e8e37bcb3f68ae2,sell,0x5a84969bb663fb64f6d015dcf9f622aedc796750,0x5d5ed6248c23bbb10dedd90376a6493a0310f238d2245667e86e16a3b41d8b89
119,0.7669299792928,0.000575964414448892,0xefa7abbd5fe2aef47b325619b0824d41835f5d6c,2017-09-23T13:44:01.000Z,0.000750999999999999,0x0f657c396dfcd6c59bb82b89fc3adbe5f90ce153,sell,0x5a84969bb663fb64f6d015dcf9f622aedc796750,0xb587482945171346be659987e74508aa36613cdfdeff728e561bfd68370ff5b7
120,1033.2100488485694,0.7759407466852757,0xefa7abbd5fe2aef47b325619b0824d41835f5d6c,2017-09-22T10:15:33.000Z,0.000751,0xbbbec709939e5a80c5a94c2948aa425f6fbdb455,sell,0x5a84969bb663fb64f6d015dcf9f622aedc796750,0x43456c493f73c36573fca22ba3b4a466ac4f12a7ede57efa3267ecc66b87b74a
121,0.352112676056338,0.0005,0x999dbc9673afdd6b6c140c261297f89de35ff1b3,2017-09-22T05:57:46.000Z,0.00142,0xe5f80b82b325740196728fdc27130ce20166cc43,buy,0x5a84969bb663fb64f6d015dcf9f622aedc796750,0x88afe66bcb7eca09d6d59800bea7cf2e2ed450c5da7c1fa5fa2f67b9495d85da
122,0.352112676056338,0.0005,0x999dbc9673afdd6b6c140c261297f89de35ff1b3,2017-09-22T05:29:07.000Z,0.00142,0xe5f80b82b325740196728fdc27130ce20166cc43,buy,0x5a84969bb663fb64f6d015dcf9f622aedc796750,0x24463ee0f5237895af358fa9155c31413ff673b5a4413bfdfa936b50183b114e
123,0.352112676056338,0.0005,0x10c12555236fa11fc988be565ab70c82a4660ecf,2017-09-22T05:10:54.000Z,0.00142,0xe5f80b82b325740196728fdc27130ce20166cc43,buy,0x5a84969bb663fb64f6d015dcf9f622aedc796750,0x4ea622cf055b0e63723284f2dabedd66101388e6e6757235ff2091f749d4ef73
124,0.352112676056338,0.0005,0x8f28b1970e72adb11173044ebc762800e3128238,2017-09-22T04:59:08.000Z,0.00142,0xe5f80b82b325740196728fdc27130ce20166cc43,buy,0x5a84969bb663fb64f6d015dcf9f622aedc796750,0xb8674a57c4d313167aa6c1adc81606a16e8bb905df1233ee7850a1954b0e9c6c
125,0.352112676056338,0.0005,0x7ed2114439b24152cf18c02c10cae681a7ca2adc,2017-09-22T04:58:52.000Z,0.00142,0xe5f80b82b325740196728fdc27130ce20166cc43,buy,0x5a84969bb663fb64f6d015dcf9f622aedc796750,0x1cfcf9add82f5383c81e65bd0c3524b137c3e272a8c351cf296ae7709230a0b5
126,0.352112676056338,0.0005,0x03dd03643b71b06642179afb38211c0f45699bc5,2017-09-22T04:53:28.000Z,0.00142,0xe5f80b82b325740196728fdc27130ce20166cc43,buy,0x5a84969bb663fb64f6d015dcf9f622aedc796750,0x1a1ef633bd673702af43070c1101f96323181c4bb6868f0c8c5c0f8cab7c05a4
127,0.704,0.00099968,0x19b78488b79c6a45d4e060f05a2b35c4873f25c5,2017-09-22T04:44:16.000Z,0.00142,0xe5f80b82b325740196728fdc27130ce20166cc43,buy,0x5a84969bb663fb64f6d015dcf9f622aedc796750,0xf7bbbffc492ca6b366244c658d3e1dc1229880a452056394d7fcfa9f83fa9479
128,423.68657162795336,0.31818861529259296,0xefa7abbd5fe2aef47b325619b0824d41835f5d6c,2017-09-21T09:28:51.000Z,0.000751,0xa717618b8d730d5d112821489ca9f76d4b91c038,sell,0x5a84969bb663fb64f6d015dcf9f622aedc796750,0x2ee2a96a2750428ea2535e356c5dfffdbc9f5e000d953edb18a91c6a94b2367a
129,0.000145697479720997,0.000000052451092699,0x3885c5f00744d4d665e0de5d306c68935a9369e2,2017-09-20T17:56:37.000Z,0.00035999999999616384,0x3dbfdeece3b05edbee26bf3ca371b4fb91a8a6a7,sell,0x5a84969bb663fb64f6d015dcf9f622aedc796750,0xc536ffdbc801f1dc69fff2f0ca7e8aa28812bce331ed1ec7af125fd95ed82e6b
130,80,0.04,0x6bad1cae33da79a26f19a30aeeae8d799b387954,2017-09-20T14:10:36.000Z,0.0005,0xa37b91282070d07599e26becb7a11b2a78c4660b,buy,0x5a84969bb663fb64f6d015dcf9f622aedc796750,0x1cdc573e2cf47d9fca2cc5b76d33e9c99e6b1fca015e50b89773cfc007b50ecc
131,149.53643704516,0.0328980161499352,0xe1e0d53be2423d1a3347e8d459f83b9a87191626,2017-09-20T01:34:20.000Z,0.00021999999999999998,0x66f579485ad8be594a47d13d1427eae9f30777d5,sell,0x5a84969bb663fb64f6d015dcf9f622aedc796750,0x0600bc660597410cc64fa3f2cb247adeae537156c5371807575bc631d158d516
132,2.771589854080052,0.000609755311077319,0x48eaedfa6ab55f414a433f0778f55ed9b827e822,2017-09-18T21:03:39.000Z,0.00022000199999999977,0xc9087108b890f9aee9c5b878c6f062a2b0c730f3,sell,0x5a84969bb663fb64f6d015dcf9f622aedc796750,0x73bb4026a2d5a8949d9c08b4ae46ad45a7311e9f87ce3bd2815d9cb3f82bfa35
133,0.000108327032304061,0.00000002383216376,0x48eaedfa6ab55f414a433f0778f55ed9b827e822,2017-09-17T20:34:58.000Z,0.00022000199999115615,0x82d99d98115565d2a58e99fc53704cee56e3c0de,sell,0x5a84969bb663fb64f6d015dcf9f622aedc796750,0xf8d82f229ec505c55313e8f3193acc7bb83fe7e2d5ac42b4ed8c461058eda3f4
134,3.228990130595155,0.000710384286711195,0x48eaedfa6ab55f414a433f0778f55ed9b827e822,2017-09-17T18:33:09.000Z,0.0002200019999999999,0x01ef9320f831d04014fc4067700e8946520d7433,sell,0x5a84969bb663fb64f6d015dcf9f622aedc796750,0xf67f764b155e3f0d59922732bd2bd4c4618fa60d51a0804314586e897ed00746
135,9.938191606021334,0.00208702023726448,0xe1e0d53be2423d1a3347e8d459f83b9a87191626,2017-09-17T09:53:44.000Z,0.00020999999999999998,0x54b59cbea68b581f1fa6ae1c3d5ea0643e8e2378,sell,0x5a84969bb663fb64f6d015dcf9f622aedc796750,0x94793ab41df96b4237e2e84be70f86e6e6b475ff7adc1a87ca0d4f8ee0454b72
136,0.7692307692307693,0.0005,0x42c24a83bded723edfdf5883bc7efb30bc1a1bf3,2017-09-16T17:24:51.000Z,0.00065,0xc9087108b890f9aee9c5b878c6f062a2b0c730f3,buy,0x5a84969bb663fb64f6d015dcf9f622aedc796750,0xd8f84be87cd83dc848c5f2cf8426da3206df34878560a5299b5024320ac818b7
137,0.7692307692307693,0.0005,0x0f657c396dfcd6c59bb82b89fc3adbe5f90ce153,2017-09-16T15:49:31.000Z,0.00065,0xc9087108b890f9aee9c5b878c6f062a2b0c730f3,buy,0x5a84969bb663fb64f6d015dcf9f622aedc796750,0x52d213dcbf58ac52f555b6e1f2476c51c09fd379c3527ee8a9308f7f7221518c
138,0.7692307692307693,0.0005,0x1f8ac99600c61189d92c85cc760735b9e0067a60,2017-09-16T15:37:50.000Z,0.00065,0xc9087108b890f9aee9c5b878c6f062a2b0c730f3,buy,0x5a84969bb663fb64f6d015dcf9f622aedc796750,0x7424be59cbc40c4552b423d726d1118bdf89d0824913a58d5e396f81d6884828
139,1,0.00065,0xd6f29f2fb0a1dc783aeab42ce7ce9276f8e14a54,2017-09-16T01:19:52.000Z,0.00065,0xc9087108b890f9aee9c5b878c6f062a2b0c730f3,buy,0x5a84969bb663fb64f6d015dcf9f622aedc796750,0x26c0d39615386ab4b8c65ff03d661b15033e492edb738aebee8c7fa6a8d94a0c
140,1,0.00065,0xd6f29f2fb0a1dc783aeab42ce7ce9276f8e14a54,2017-09-16T01:19:52.000Z,0.00065,0xc9087108b890f9aee9c5b878c6f062a2b0c730f3,buy,0x5a84969bb663fb64f6d015dcf9f622aedc796750,0xe7b5543cf77a8f84df60faa440bab35e00fdaffd6339de56f05aedadfec67c76
141,1,0.00065,0xd6f29f2fb0a1dc783aeab42ce7ce9276f8e14a54,2017-09-16T01:14:01.000Z,0.00065,0xc9087108b890f9aee9c5b878c6f062a2b0c730f3,buy,0x5a84969bb663fb64f6d015dcf9f622aedc796750,0x7bc7beac89f86c1df5aea5556c3aefda57d53ec747906cc8609a3a0c3a71c5aa
142,1,0.00065,0xd6f29f2fb0a1dc783aeab42ce7ce9276f8e14a54,2017-09-16T01:14:01.000Z,0.00065,0xc9087108b890f9aee9c5b878c6f062a2b0c730f3,buy,0x5a84969bb663fb64f6d015dcf9f622aedc796750,0xd4b570671b7f62818022e903b957d955008c7d16793e6a1cbf9b7a48b678dc6d
143,1,0.00065,0xd6f29f2fb0a1dc783aeab42ce7ce9276f8e14a54,2017-09-16T01:14:01.000Z,0.00065,0xc9087108b890f9aee9c5b878c6f062a2b0c730f3,buy,0x5a84969bb663fb64f6d015dcf9f622aedc796750,0x46b26bd73ce49ea4aa4d2a5cf453b4be32a9ef60c75fd2131f9597eb61999873
144,9.969,0.0132916677,0x54b59cbea68b581f1fa6ae1c3d5ea0643e8e2378,2017-09-15T23:52:27.000Z,0.0013333,0xb236b907580361fd4f87b759de68ca5c206644af,buy,0x5a84969bb663fb64f6d015dcf9f622aedc796750,0xb1c3c0a7da636fccb4e7e6a5de8b40c775c7ed61ab34543cb74c5e0fb540c4d1
145,361.20355890552565,0.2492304556448127,0xcb3c248032682f5a1a5e9a5b87388ffc4db32e3f,2017-09-15T22:32:22.000Z,0.00069,0x925d91a5b90c30c2a466fe31ead2d8c0d6527798,buy,0x5a84969bb663fb64f6d015dcf9f622aedc796750,0x2fe83795e96bedaabcab5dfebaa516ed42bc8d80b7c020a45eb88314a46a3340
146,10,0.0019,0xc9087108b890f9aee9c5b878c6f062a2b0c730f3,2017-09-15T21:46:07.000Z,0.00019,0xa37b91282070d07599e26becb7a11b2a78c4660b,buy,0x5a84969bb663fb64f6d015dcf9f622aedc796750,0xd1d459a6ea1eafc0c303c7121545cdddb6e4e0a0e6e2416a68b19b8d22c9cc0c
147,10,0.0019,0xe5f80b82b325740196728fdc27130ce20166cc43,2017-09-15T21:23:20.000Z,0.00019,0xa37b91282070d07599e26becb7a11b2a78c4660b,buy,0x5a84969bb663fb64f6d015dcf9f622aedc796750,0x19ab50e85002b05914831c9adc4613f6c471e364edc33727ba239a2ab8496d93
148,1146.365,0.917092,0x9733ae7ececa99c8b1db998a7e8e37bcb3f68ae2,2017-09-15T20:07:18.000Z,0.0008,0x3e7d788ac1b08a93f544c3f898c085ad3a33e6d4,buy,0x5a84969bb663fb64f6d015dcf9f622aedc796750,0xbb037e6435e60340b73c8506134226a297e9f9cdae11e48fa34eb1df28aba2b7
149,298.2857142857143,0.2088,0x9733ae7ececa99c8b1db998a7e8e37bcb3f68ae2,2017-09-15T19:50:22.000Z,0.0007,0xc9087108b890f9aee9c5b878c6f062a2b0c730f3,buy,0x5a84969bb663fb64f6d015dcf9f622aedc796750,0x979a22acb443907d5e219364d6b3c64ab5c78960948062ef6f77badb384a66e6
150,0.7142857142857143,0.0005,0x8b24d80c6dd6e1af5a000e03ca8f00886a05f6f5,2017-09-15T04:11:00.000Z,0.0007,0xc9087108b890f9aee9c5b878c6f062a2b0c730f3,buy,0x5a84969bb663fb64f6d015dcf9f622aedc796750,0x77819acf8baabeee47da338e48caf3af88237cf2cc6d51bb8b428c79e429197d
151,299.07287409032,0.029907287409032,0xc9087108b890f9aee9c5b878c6f062a2b0c730f3,2017-09-14T22:23:43.000Z,0.00009999999999999999,0x18391e67e55beae37d09f6f06ad2fdfa4692b09d,sell,0x5a84969bb663fb64f6d015dcf9f622aedc796750,0xdf0ddf0c0a2ddf85e59b05cd37c49f2e87cecab36da1921ef5c7f3e73bae5ca8
152,300,0.24,0x18391e67e55beae37d09f6f06ad2fdfa4692b09d,2017-09-14T22:22:20.000Z,0.0008,0x3e7d788ac1b08a93f544c3f898c085ad3a33e6d4,buy,0x5a84969bb663fb64f6d015dcf9f622aedc796750,0x4277f86a9d7305c15ca27629bc743b6c59f15d6f45e4451b345c407e6870fc3e
153,0.015,0.0000015,0xc9087108b890f9aee9c5b878c6f062a2b0c730f3,2017-09-14T21:27:36.000Z,0.0001,0xb1656957d5d960a422ec4a0bda200af508a94be3,sell,0x5a84969bb663fb64f6d015dcf9f622aedc796750,0x963352eeedcf50b598cf6be9c9d5d3f5748d09bc47eb69bb5c645881dfccfc07
154,0.000264619175257512,0.000000023815725773,0xbcce870909b3dbbe28f744f69b080dbdeeb7748a,2017-09-14T13:34:53.000Z,0.00008999999999933459,0x742097391f52639b70b68909d58c7a77e37ffd4f,sell,0x5a84969bb663fb64f6d015dcf9f622aedc796750,0xff37bdffa6a619d073b8939a7225dc45ed84da1aaa2f0406d867b90132025907
155,10.054630499961815,0.008043704399969452,0x742097391f52639b70b68909d58c7a77e37ffd4f,2017-09-14T13:33:23.000Z,0.0008,0x3e7d788ac1b08a93f544c3f898c085ad3a33e6d4,buy,0x5a84969bb663fb64f6d015dcf9f622aedc796750,0x01bf6c1e068fa59c91246f39c62b8b4daed75388012e154a1226b3dd4ce5cd15
156,7.49976988593262,0.00749976988593262,0xcd0a66c8d39f2fb616e323d2caba3b156324b599,2017-09-14T11:17:58.000Z,0.001,0xe1e0d53be2423d1a3347e8d459f83b9a87191626,buy,0x5a84969bb663fb64f6d015dcf9f622aedc796750,0x024512ea807154a276aa616c11a3b8ec8636af15d589274409a999305a788ca2
157,0.14517822299542607,0.000010888366724656,0x3e7d788ac1b08a93f544c3f898c085ad3a33e6d4,2017-09-14T10:21:49.000Z,0.00007499999999999342,0xf8eada7d0b93bd1db6d9f0eaf47a8f75da67d9b9,sell,0x5a84969bb663fb64f6d015dcf9f622aedc796750,0x91e47a45a9d7d4bb5e85d3dbfb4f4309d314503489a321017b37dd31ddc39755
158,1456.282754867119,0.10922120661503391,0x3e7d788ac1b08a93f544c3f898c085ad3a33e6d4,2017-09-14T10:18:54.000Z,0.000075,0xf8eada7d0b93bd1db6d9f0eaf47a8f75da67d9b9,sell,0x5a84969bb663fb64f6d015dcf9f622aedc796750,0xc20513c142624ac2b3f1a1ac0f1857d876092ce6bdefb1a5500cf90d78bf04a9
159,57.34074635373193,0.00567673388901946,0xe5f80b82b325740196728fdc27130ce20166cc43,2017-09-14T10:15:45.000Z,0.00009899999999999998,0xf8eada7d0b93bd1db6d9f0eaf47a8f75da67d9b9,sell,0x5a84969bb663fb64f6d015dcf9f622aedc796750,0x01213cb4355cbba17bb24e7c9d1774e5b0d368f02523223d72d4e67618095501
160,23.548001196291498,0.002331252118432858,0xe5f80b82b325740196728fdc27130ce20166cc43,2017-09-14T10:13:28.000Z,0.000099,0x6db397e8dfd31bc44929c98144b3676a11cba75e,sell,0x5a84969bb663fb64f6d015dcf9f622aedc796750,0xb17ff2a15239e86f0e4e1e7ce41854bbdac0825b28d4a66056d811300087dba4
161,0.000000000000423,0.000000000000000423,0xc3a0dba2ac58de472a068174610bf320499f291f,2017-09-14T05:49:34.000Z,0.001,0xe1e0d53be2423d1a3347e8d459f83b9a87191626,buy,0x5a84969bb663fb64f6d015dcf9f622aedc796750,0x3e4b855126921af3b80f2c3110f2a06e11f8062d01a9985579bb1f1dfa4d8179
162,250,0.1,0xe5a5b054965d6dd73b4755efea3dda23a13e13f1,2017-09-13T23:07:08.000Z,0.0004,0x925d91a5b90c30c2a466fe31ead2d8c0d6527798,sell,0x5a84969bb663fb64f6d015dcf9f622aedc796750,0xcf8b44d90e97b0ac4dd197afb835230341ce1f804205035ca62dd092ae0f00ca
163,200,0.0802,0xace2f0e2021ed8067a5f64eebd39bff7e67f096e,2017-09-13T23:06:30.000Z,0.000401,0x925d91a5b90c30c2a466fe31ead2d8c0d6527798,sell,0x5a84969bb663fb64f6d015dcf9f622aedc796750,0x7e36233a3173ac2b09791b16b76de6ab32a2b3c8dee4d04a390d01605b9de332
164,0.5,0.0005,0x4c2fb430e95954bcfa54ce4741a9fc2ff6e415ad,2017-09-13T20:35:16.000Z,0.001,0xe1e0d53be2423d1a3347e8d459f83b9a87191626,buy,0x5a84969bb663fb64f6d015dcf9f622aedc796750,0x42647a7308974d776bec0e63e2d7404fc73ee2d8fd6367feaa7e720b3985a165
165,504.472627790486,0.5044675830642081,0xa9d33755afe205b037817a14d67d8fc2a874d8e9,2017-09-13T16:11:29.000Z,0.00099999,0xbcce870909b3dbbe28f744f69b080dbdeeb7748a,buy,0x5a84969bb663fb64f6d015dcf9f622aedc796750,0x99d93b0118366757da734e63f9022cd52b0c09e5a90f773fabb5feb59d5827f8
166,257.0910574336869,0.38563658615053037,0x80c581c56e12dbf334a791e636f324071a605d19,2017-09-13T14:58:39.000Z,0.0015,0x0845ad270268891eb78c056035d6ecd6b06c2ed4,buy,0x5a84969bb663fb64f6d015dcf9f622aedc796750,0xbaaeaee8a9f16ab26b9f7ffcad172deddeea057648dafbe5ce105e88c0c92e5b
167,2350,1.175,0xf3019dc6a28af019e2d6730f3d2defe3bdb28e62,2017-09-11T18:40:13.000Z,0.0005,0xe1e0d53be2423d1a3347e8d459f83b9a87191626,buy,0x5a84969bb663fb64f6d015dcf9f622aedc796750,0x40510403692e9de763c1d60c30fd71f66692ad34868c5d6f36cd6b350bd00fc6
168,10.0488534396809,0.005035480458624098,0x46ee1a36b2195e22464964fc1bfa4407106b487c,2017-09-10T06:04:56.000Z,0.0005010999999999999,0x6d3d0dfa885186833d6cf04f7890aab7d3b43cd1,sell,0x5a84969bb663fb64f6d015dcf9f622aedc796750,0x546850bc173ac75821ff7a6f13d5d5c47601ebf837b74fab58e17bb77c7d58b8
169,0.47619047619047616,0.0005,0x64b604630e055318093215b7ed41697ca4fb5de6,2017-09-10T04:05:36.000Z,0.00105,0x324b8706e870a692be54ffd6d22844bf84ebe527,buy,0x5a84969bb663fb64f6d015dcf9f622aedc796750,0x82334fc47d4a5efeb739e443f28bc9527223446c987ba340b1858227c30794a8
170,4.068894,0.002034447,0x9aeb9604b1a43f0eaa85539a460425fb548b2ad4,2017-09-09T15:16:39.000Z,0.0005,0x244a3a683c48c01dd667b8463d0f3f1dc3bba8ba,sell,0x5a84969bb663fb64f6d015dcf9f622aedc796750,0x508d2e115ac6b9e60aefa6d4790dcf2ad42567e8ade0b51bc57ab7755445f640
171,24.922739507526668,0.009994018542518192,0x48eaedfa6ab55f414a433f0778f55ed9b827e822,2017-09-09T08:30:22.000Z,0.000401,0xf69d03a69b316538b6eafcd2b10b21235529a2bc,sell,0x5a84969bb663fb64f6d015dcf9f622aedc796750,0x3b08346a82a678ffa5be3b63eb8d99c440112fb4d3c3ea6614ca184e01d13646
172,104.47215730113739,0.052246525866298806,0xbcce870909b3dbbe28f744f69b080dbdeeb7748a,2017-09-09T05:32:48.000Z,0.0005001,0x244a3a683c48c01dd667b8463d0f3f1dc3bba8ba,sell,0x5a84969bb663fb64f6d015dcf9f622aedc796750,0x636cbc9f2e265a4fd46f3c57959acb6620e66ecbecd4d5e0cf0967b0cdad2127
173,200,0.10002,0xbcce870909b3dbbe28f744f69b080dbdeeb7748a,2017-09-09T05:31:37.000Z,0.0005001,0x244a3a683c48c01dd667b8463d0f3f1dc3bba8ba,sell,0x5a84969bb663fb64f6d015dcf9f622aedc796750,0x03907fbc9902a6b4bb12c45cbc2a7788ac853db1d158d06c5540f4eaf3c79ead
174,200,0.10002,0xbcce870909b3dbbe28f744f69b080dbdeeb7748a,2017-09-09T05:31:16.000Z,0.0005001,0x244a3a683c48c01dd667b8463d0f3f1dc3bba8ba,sell,0x5a84969bb663fb64f6d015dcf9f622aedc796750,0xf3df5ca1aa21e2a77d49c8b847e1ed19e8c73bd183bd5a56e7ce1b988aa32d53
175,388,0.19788,0x9aeb9604b1a43f0eaa85539a460425fb548b2ad4,2017-09-09T05:28:35.000Z,0.00051,0x244a3a683c48c01dd667b8463d0f3f1dc3bba8ba,sell,0x5a84969bb663fb64f6d015dcf9f622aedc796750,0x4749ec02461b07d174d7b831259b9207c7a8d00578d1d7214d0a9eeaa98845d3
176,2.328,0.001746,0x9530b0ab27f57f2d2d5e23aea464a10c65b67235,2017-09-08T23:03:00.000Z,0.00075,0xeefdbc16270f74b7c5c295e2df1aa336fb1098dd,sell,0x5a84969bb663fb64f6d015dcf9f622aedc796750,0x4ea6c3e43a9dcf9152490655d0c39a4c98d2a40fecabcc5cd66eb52b9dfdf484
177,35,0.02625,0x9530b0ab27f57f2d2d5e23aea464a10c65b67235,2017-09-07T21:52:07.000Z,0.00075,0x8a599073b7a9efee82bae0137a0f994a75976797,sell,0x5a84969bb663fb64f6d015dcf9f622aedc796750,0x083f5c4f2b3e1d15a7cd63e1351f58af9abdc56782ced01c10e1cdab0c7ab462
178,97.02774524913474,0.06986967935390193,0x027cc5b86ee03592ddeeb2241987d6e80fbc6304,2017-09-07T21:44:12.000Z,0.0007201,0x8a599073b7a9efee82bae0137a0f994a75976797,sell,0x5a84969bb663fb64f6d015dcf9f622aedc796750,0xbaab7c9d76ef5af6d80d64844537dcb33cd2b31e9b9ac087df68cd1fa9019b3f
179,450,0.252,0x3b4fad5764aca94b903e660045802cb85326fcff,2017-09-07T21:34:25.000Z,0.00056,0x8a599073b7a9efee82bae0137a0f994a75976797,sell,0x5a84969bb663fb64f6d015dcf9f622aedc796750,0x83450819d67dbf2e3e0c671d04eb79038e14f437c07334bf70543bb2016173aa
180,2892.4188136775992,2.172206529071877,0xefa7abbd5fe2aef47b325619b0824d41835f5d6c,2017-09-07T20:24:16.000Z,0.000751,0x8a599073b7a9efee82bae0137a0f994a75976797,sell,0x5a84969bb663fb64f6d015dcf9f622aedc796750,0x8fdc48e071c0c8965959b20681a70899d482a95c2e7d872ecf041b67077a2650
181,57.581186322400555,0.04324347092812282,0xefa7abbd5fe2aef47b325619b0824d41835f5d6c,2017-09-07T05:42:01.000Z,0.000751,0x0f505484dd5e761dc3a0620c724b855750a52fa2,sell,0x5a84969bb663fb64f6d015dcf9f622aedc796750,0x2edb346109228b1331e1a36acde47e24aca0ac8ec40ab32867e36aa5b43e0c50
182,1000,0.95,0xbbbec709939e5a80c5a94c2948aa425f6fbdb455,2017-09-07T02:17:59.000Z,0.00095,0x254fb89e4cab71708eaab16e067ca8156a38e18a,buy,0x5a84969bb663fb64f6d015dcf9f622aedc796750,0xfa99530e78040dd863654f28b1f7de95f65f32d45ceb99cccfe446325182a685
183,95.717,0.0909310159962,0xbbbec709939e5a80c5a94c2948aa425f6fbdb455,2017-09-06T22:32:29.000Z,0.0009499986,0xbcce870909b3dbbe28f744f69b080dbdeeb7748a,buy,0x5a84969bb663fb64f6d015dcf9f622aedc796750,0xe9a3469222bfe840b7112dcccc08972bbfd6a471044350999bc9f32af259d50d
184,16.901168378028114,0.012743480957033197,0xe5f80b82b325740196728fdc27130ce20166cc43,2017-09-06T04:14:40.000Z,0.000754,0x923b388a5e310707af20361bb5dcf2a53bfa0a20,sell,0x5a84969bb663fb64f6d015dcf9f622aedc796750,0x3aefe7b4d704dc6afb0b1b4bf7c2007d0797f7cfe87e9a927d5580f9a947dbec
185,16.953562,0.0118674934,0x923b388a5e310707af20361bb5dcf2a53bfa0a20,2017-09-06T03:24:37.000Z,0.0007,0x2651e7ea39d66c23aaa3497399619b6ae37cfd85,buy,0x5a84969bb663fb64f6d015dcf9f622aedc796750,0x10c202a75b53036b37c940f6d30785f4923d82a0bd4da148cb4f68434b947e89
186,21.146,0.00148022,0x13da8cf812e57aa05fd3a52a14de93856a6065d3,2017-09-06T02:07:12.000Z,0.00007,0x2651e7ea39d66c23aaa3497399619b6ae37cfd85,sell,0x5a84969bb663fb64f6d015dcf9f622aedc796750,0x17524a6f111a80bbc591c2e98bea48b3b549aa30c2d5ae6beb90b55ddd9eb6ae
187,100.0018049864,0.1045518871132812,0xcf99675a5d987a69ab353148eff581d95bd1099e,2017-09-04T23:18:26.000Z,0.0010455,0x0ba84fdf0bfd88f905d58a1ebb8624133a58db1b,buy,0x5a84969bb663fb64f6d015dcf9f622aedc796750,0x6ed8d14f74b5b698cab3297452b6d77151e4a6f226b1ead5537e99170e761580
188,200,0.21,0xcf99675a5d987a69ab353148eff581d95bd1099e,2017-09-04T23:16:14.000Z,0.00105,0xcac98b865e3f17591be9e20396f5c046ec0c93db,buy,0x5a84969bb663fb64f6d015dcf9f622aedc796750,0x6f8f49c271bf2064230c8041e8176f98b870f1080a0436efff01cfbf538c993f
189,190,0.142557,0xcf99675a5d987a69ab353148eff581d95bd1099e,2017-09-04T23:15:02.000Z,0.0007503,0x63ae3ce5f23405379c9e95075c643a3b4a6ddbb8,buy,0x5a84969bb663fb64f6d015dcf9f622aedc796750,0x058f91d03f22c67d4ccc836ced41f6c043a2c7da5318549fa14b1db464d25855
190,40.74731779483601,0.030601235663921842,0xefa7abbd5fe2aef47b325619b0824d41835f5d6c,2017-09-04T16:31:05.000Z,0.000751,0xc6916b4e64a5039463999407421d6041b928fc41,sell,0x5a84969bb663fb64f6d015dcf9f622aedc796750,0x862118de3731a35d9c7e939bb1a3ba3d8e0735baf4634e375bd045367e0f1b37
191,0.10322735289612596,0.00007752374202499,0xefa7abbd5fe2aef47b325619b0824d41835f5d6c,2017-09-04T13:39:06.000Z,0.0007509999999999942,0x6ea8bfcd3e43f322fd78fa104a8c944e560345fc,sell,0x5a84969bb663fb64f6d015dcf9f622aedc796750,0xaa5899d118009c7d7889d88357209273abad357190830f9350e51dc5112bd3f6
192,1035.4735769010395,0.7776406562526806,0xefa7abbd5fe2aef47b325619b0824d41835f5d6c,2017-09-04T13:11:55.000Z,0.000751,0x6ea8bfcd3e43f322fd78fa104a8c944e560345fc,sell,0x5a84969bb663fb64f6d015dcf9f622aedc796750,0x3c92eb11058044f3383b9754a36930ec0db004c8a62cfc5c2f14813ab1d0a293
193,10,0.007503,0x7d114b5bc46a424a2818fdce8fe688ee5e8c41f5,2017-09-04T06:57:24.000Z,0.0007503,0x63ae3ce5f23405379c9e95075c643a3b4a6ddbb8,buy,0x5a84969bb663fb64f6d015dcf9f622aedc796750,0x46c3e3e384ff9e3e7356290f77ef77e462dda78b78a1237a05436e40442f1655
194,50.859894327584485,0.03822121058717974,0xd5793048df04f90d2224706faaa76e05e2c635e6,2017-09-03T16:23:25.000Z,0.0007515,0x6ea8bfcd3e43f322fd78fa104a8c944e560345fc,sell,0x5a84969bb663fb64f6d015dcf9f622aedc796750,0x14a4bdee1f92e7daf7ee2a5f556b9ecb7e1752570840a09a2f74cdfa98dcf02e
195,149.1401056724155,0.11207878941282026,0xd5793048df04f90d2224706faaa76e05e2c635e6,2017-09-03T16:14:41.000Z,0.0007515,0xedebc0334e1c454457bf943ab2c61a0243a0265a,sell,0x5a84969bb663fb64f6d015dcf9f622aedc796750,0x6d852cdd3331f817e80ea00a7723b4b1550cf2ff0c5022d63f8b00f686342717
196,200,0.1503,0xd5793048df04f90d2224706faaa76e05e2c635e6,2017-09-03T15:59:09.000Z,0.0007515,0x6ea8bfcd3e43f322fd78fa104a8c944e560345fc,sell,0x5a84969bb663fb64f6d015dcf9f622aedc796750,0x4d0e0e960b8e1a6e571e56242b4471be7aa13b71f89f29f0e4dde492ebc8ea7b
197,200,0.1504,0xace2f0e2021ed8067a5f64eebd39bff7e67f096e,2017-09-03T15:59:09.000Z,0.000752,0x6ea8bfcd3e43f322fd78fa104a8c944e560345fc,sell,0x5a84969bb663fb64f6d015dcf9f622aedc796750,0x5d3051176399e9e3ae47c1b597237638059630c80b26f16ea68db6230c119215
198,14.953643704516,0.011218223507127903,0xe5f80b82b325740196728fdc27130ce20166cc43,2017-09-02T04:33:48.000Z,0.0007502,0x3fbc5bae414ff2ff6e827d1ac2ceb69dafdad971,sell,0x5a84969bb663fb64f6d015dcf9f622aedc796750,0xe08ada98515f6190fc559ce772db158c8bf217b9f944ec092de5849a9325f64e
199,721.818,0.5415800454,0x0845ad270268891eb78c056035d6ecd6b06c2ed4,2017-09-01T23:24:57.000Z,0.0007503,0x619ac409f634fb90b5a6dee498b00abd2c4db52d,buy,0x5a84969bb663fb64f6d015dcf9f622aedc796750,0x6841ad7684b70f9c8ba65f8dd2ed225dbd394603efe0eb1fb058c800b6f485c4
200,92.52,0.0694936224,0xbcce870909b3dbbe28f744f69b080dbdeeb7748a,2017-09-01T21:52:01.000Z,0.00075112,0xedebc0334e1c454457bf943ab2c61a0243a0265a,sell,0x5a84969bb663fb64f6d015dcf9f622aedc796750,0x93599b97015a9ca5f98387926b2307eec2b1cb5691abe4a7b1394772d1cd21c2
201,1000,0.75111,0x254fb89e4cab71708eaab16e067ca8156a38e18a,2017-09-01T21:49:15.000Z,0.00075111,0xedebc0334e1c454457bf943ab2c61a0243a0265a,sell,0x5a84969bb663fb64f6d015dcf9f622aedc796750,0x039ae757b4463a9fa0de4e871c4892613a328b47d9830ec870100e56985ed352
202,5,0.00699999995,0xb2afe33cec06e1ba1c923671d72c129a39d4469f,2017-09-01T20:52:51.000Z,0.00139999999,0xbcce870909b3dbbe28f744f69b080dbdeeb7748a,buy,0x5a84969bb663fb64f6d015dcf9f622aedc796750,0x4f071fb5354b36d3d903180f2626b7480d3479c5cb41662aaa63c2e2d51360d9
203,1.086628461042029,0.000815297334319834,0x0845ad270268891eb78c056035d6ecd6b06c2ed4,2017-09-01T17:27:00.000Z,0.0007502999999999998,0x82d99d98115565d2a58e99fc53704cee56e3c0de,sell,0x5a84969bb663fb64f6d015dcf9f622aedc796750,0x04cb5db1a1ef76425c3b24404826a05d5d07454a9a7c7e64818d286d2e047cce
204,280.9071250116436,0.21076461589623618,0x0845ad270268891eb78c056035d6ecd6b06c2ed4,2017-09-01T15:54:04.000Z,0.0007503,0x77df31542f72d9975f9605b1b5be176e3a8d3e67,sell,0x5a84969bb663fb64f6d015dcf9f622aedc796750,0x29ea72f74bc36684b9ab37a942ccde5cb8de706e54a278a4b73e9b2a404b1089
205,8.197470489352266,0.006151381855209939,0xbcce870909b3dbbe28f744f69b080dbdeeb7748a,2017-09-01T15:40:00.000Z,0.0007503999999999999,0x77df31542f72d9975f9605b1b5be176e3a8d3e67,sell,0x5a84969bb663fb64f6d015dcf9f622aedc796750,0xed2bc22e3b66ecf25b214b772969a7771c11df3cf7fe145a6cb55faa967b85d7
206,0.1,0.00015,0x244e9a7b7492a8432a35a2dcd4b5dd740fe4ad2a,2017-09-01T13:53:36.000Z,0.0015,0x4f37111b6f97b58fea0aa0a308b2464fb74b1c61,buy,0x5a84969bb663fb64f6d015dcf9f622aedc796750,0xe816023522ba1352f7ac487e18ad9c67403a4f2f9a6aac1b5734d02d5cc66dd3
207,1,0.0015,0xf732b16f5aee6cd2db5b30a7a3860764a48b19ff,2017-09-01T11:32:55.000Z,0.0015,0x4f37111b6f97b58fea0aa0a308b2464fb74b1c61,buy,0x5a84969bb663fb64f6d015dcf9f622aedc796750,0x2da5adf48986369cc987cd56451ef6c1cfbf76cb4f74d2af72588aae17c370e0
208,0.000000666,0.000000000999,0x94a00fbb63f2e2c8e7db218d75d6c5d319d166bd,2017-09-01T11:28:16.000Z,0.0015,0x4f37111b6f97b58fea0aa0a308b2464fb74b1c61,buy,0x5a84969bb663fb64f6d015dcf9f622aedc796750,0x4deb8418e9a7e9c068dcb3a4bb1eaa04fdf258fa3cef486bf5f3ec5a987aaaad
209,0.2,0.0003,0x153685a03c2025b6825ae164e2ff5681ee487667,2017-09-01T11:26:34.000Z,0.0015,0x4f37111b6f97b58fea0aa0a308b2464fb74b1c61,buy,0x5a84969bb663fb64f6d015dcf9f622aedc796750,0x42a8eb91093a8bee7c4b7304f155fb994e98dd3c3c6ab1419b0148cbf47560e3
210,0.667,0.0010005,0xf81ab81ca1a6a19cc7b69b2c7876ff6543060598,2017-09-01T11:09:30.000Z,0.0015,0x4f37111b6f97b58fea0aa0a308b2464fb74b1c61,buy,0x5a84969bb663fb64f6d015dcf9f622aedc796750,0x394980094a6dab8894365c03887edae90459819460c049707588bd5939f8aa05
211,0.0000221265,0.00000003318975,0x1a375d0880ccefae658d6351a9a700d5ff496c92,2017-09-01T11:08:52.000Z,0.0015,0x4f37111b6f97b58fea0aa0a308b2464fb74b1c61,buy,0x5a84969bb663fb64f6d015dcf9f622aedc796750,0x16619c670a9f140b931c53d214efe28f414cf04bf1593114ab800efd988c75c4
212,0.00002168397,0.0878200785,0xefa7abbd5fe2aef47b325619b0824d41835f5d6c,2017-09-01T11:08:52.000Z,4050,0x1a375d0880ccefae658d6351a9a700d5ff496c92,sell,0x5a84969bb663fb64f6d015dcf9f622aedc796750,0x16619c670a9f140b931c53d214efe28f414cf04bf1593114ab800efd988c75c4
213,0.0007425,0.00000111375,0x1a375d0880ccefae658d6351a9a700d5ff496c92,2017-09-01T11:08:01.000Z,0.0015,0x4f37111b6f97b58fea0aa0a308b2464fb74b1c61,buy,0x5a84969bb663fb64f6d015dcf9f622aedc796750,0x5a198e4530321027e1e9c9bbd41d58ce00e80f515c3ed771967131455469f639
214,0.00072765,2.9469825,0xefa7abbd5fe2aef47b325619b0824d41835f5d6c,2017-09-01T11:08:01.000Z,4050,0x1a375d0880ccefae658d6351a9a700d5ff496c92,sell,0x5a84969bb663fb64f6d015dcf9f622aedc796750,0x5a198e4530321027e1e9c9bbd41d58ce00e80f515c3ed771967131455469f639
215,459.05885853853056,0.3213412009769714,0x0845ad270268891eb78c056035d6ecd6b06c2ed4,2017-09-01T07:16:49.000Z,0.0007,0x5beaf4730e16071a405c3f2c0a09b920d63d7e91,sell,0x5a84969bb663fb64f6d015dcf9f622aedc796750,0xd5581c5da1d806cadacda87ee792575249b3b442e8ab5968e50e22d552317de4
216,388.353,0.31456593,0x0845ad270268891eb78c056035d6ecd6b06c2ed4,2017-09-01T07:14:13.000Z,0.00081,0x5beaf4730e16071a405c3f2c0a09b920d63d7e91,sell,0x5a84969bb663fb64f6d015dcf9f622aedc796750,0xb575331f3d702ebd8185bc0c8bec88e1ed82a03026bd653d9ee813b5d3a95ba2
217,537,0.43497,0x0845ad270268891eb78c056035d6ecd6b06c2ed4,2017-09-01T06:28:35.000Z,0.00081,0xc02ef37b7c2124011f07e45daab30cde79133454,sell,0x5a84969bb663fb64f6d015dcf9f622aedc796750,0x49c0eaa96c01cddb781621014625f76953f2802c76e64e256ba3bc8abab5bca9
218,74.64672415511913,0.0604638465656465,0x0845ad270268891eb78c056035d6ecd6b06c2ed4,2017-09-01T06:20:07.000Z,0.00081,0x89432877c955ee1214904cd2eef4d43e7ddf6a68,sell,0x5a84969bb663fb64f6d015dcf9f622aedc796750,0x2457f0b9fd6a854620fe5088a7023d2bac2ea50a92a3ebfbfbbd3c19f0db8c98
219,50,0.04125,0x82d99d98115565d2a58e99fc53704cee56e3c0de,2017-09-01T06:15:17.000Z,0.000825,0x89432877c955ee1214904cd2eef4d43e7ddf6a68,sell,0x5a84969bb663fb64f6d015dcf9f622aedc796750,0xa60ac728212946f33bf26fa895ee35207437bd5af1ae838a4c3c7082f9d92ebd
220,4.957,0.004957,0x4f37111b6f97b58fea0aa0a308b2464fb74b1c61,2017-09-01T06:13:14.000Z,0.001,0x89432877c955ee1214904cd2eef4d43e7ddf6a68,sell,0x5a84969bb663fb64f6d015dcf9f622aedc796750,0xadb5c8a79037506f483ec7c1503f643db92eb933b36dda662821bb2a4b6f79c6
221,16,0.016,0x9adce261bd078192e788fd87e0112fa50ae5b770,2017-09-01T05:45:29.000Z,0.001,0x386c73bfc6e04d4992b4d73a233dcdf7dc0aede2,buy,0x5a84969bb663fb64f6d015dcf9f622aedc796750,0xaa571937d85e12cd058341b2c3b0ac03887eca662ff44e9b6bacbe6c3719f905
222,130.41571129498556,0.13041571129498555,0x4f37111b6f97b58fea0aa0a308b2464fb74b1c61,2017-08-31T21:35:14.000Z,0.001,0xb77c53c705d23c527d0c7988ad553788587e9790,sell,0x5a84969bb663fb64f6d015dcf9f622aedc796750,0x23e21aac9fadcb64e744c8a79eab674caaa9c166f29d3f6ec3a2919e5df22ae5
223,497,0.7455,0xbbbec709939e5a80c5a94c2948aa425f6fbdb455,2017-08-31T10:01:43.000Z,0.0015,0x6ea8bfcd3e43f322fd78fa104a8c944e560345fc,buy,0x5a84969bb663fb64f6d015dcf9f622aedc796750,0x533db00d12861f408f4c9340af51302b98c9641412750a1295b236429c388e47
224,19.413,0.0291195,0xbbbec709939e5a80c5a94c2948aa425f6fbdb455,2017-08-31T10:01:43.000Z,0.0015,0x0845ad270268891eb78c056035d6ecd6b06c2ed4,buy,0x5a84969bb663fb64f6d015dcf9f622aedc796750,0xb33c6ac03d05435fb3b0390db5c7bc2d652b25285a14d21f8d1597ac75fc1fee
225,10.079,0.0151185,0x6d3d0dfa885186833d6cf04f7890aab7d3b43cd1,2017-08-31T09:58:12.000Z,0.0015,0x0f7ce02f8af040579eb7a93549bdcc965fa8eb7b,buy,0x5a84969bb663fb64f6d015dcf9f622aedc796750,0x1e3a2a5cadae1ea4cc0da0ab4a53ce1c7b9d31bd513b0884ba8893c3c97f7fde
226,3,0.0045,0x324b8706e870a692be54ffd6d22844bf84ebe527,2017-08-31T06:44:08.000Z,0.0015,0x6ea8bfcd3e43f322fd78fa104a8c944e560345fc,buy,0x5a84969bb663fb64f6d015dcf9f622aedc796750,0x7bbcae7e0ce6050445132d595acb2418e559000a49c69114a855b015a1ee49c2
227,290,2.9,0x77df31542f72d9975f9605b1b5be176e3a8d3e67,2017-08-31T06:43:19.000Z,0.01,0x39dc3f7adc8cad2b03c831c7771a25d4fb99021e,sell,0x5a84969bb663fb64f6d015dcf9f622aedc796750,0x3ed836f1795e2440d91106f4dd089951b341817ba8708350b112e98c6d5648c2
228,290.87,0.436305,0x39dc3f7adc8cad2b03c831c7771a25d4fb99021e,2017-08-31T06:43:19.000Z,0.0015,0x0845ad270268891eb78c056035d6ecd6b06c2ed4,buy,0x5a84969bb663fb64f6d015dcf9f622aedc796750,0x3ed836f1795e2440d91106f4dd089951b341817ba8708350b112e98c6d5648c2
229,429.375,0.6612375,0xa0db4c96039e9e00a6415177ed936a3bd3a7a4e4,2017-08-30T15:57:41.000Z,0.00154,0xe5f80b82b325740196728fdc27130ce20166cc43,buy,0x5a84969bb663fb64f6d015dcf9f622aedc796750,0x614a5b20f740a3033cd0fcd9b7a82c0423203107252fcade84de4c68224357ee
230,1.4344292692652776,0.001147543415412222,0x82d99d98115565d2a58e99fc53704cee56e3c0de,2017-08-30T15:21:17.000Z,0.0007999999999999999,0x3ac1c429a967d77917966881f2faaeef573ea701,sell,0x5a84969bb663fb64f6d015dcf9f622aedc796750,0xac1941cf71aa54239bdb2c241d786e0be9db7d8777f4bb39a6e1c9ffc14258ac
231,0.05,0.000075,0x98f0deb428b74fb5302d250af5d55e77c8519f2a,2017-08-30T13:45:21.000Z,0.0015,0x0845ad270268891eb78c056035d6ecd6b06c2ed4,buy,0x5a84969bb663fb64f6d015dcf9f622aedc796750,0x979ad75d33d19fb826f791b0348b21e4a38e264b97b828508d77501275fdaf09
232,4.655567740005981,0.003724454192004785,0x82d99d98115565d2a58e99fc53704cee56e3c0de,2017-08-30T12:11:40.000Z,0.0007999999999999999,0xc85d3baba724711ce7b43e746acf9c6bf38e6ec5,sell,0x5a84969bb663fb64f6d015dcf9f622aedc796750,0x84ed97bc4b2c973246ddb63947b380dae2d480047e2271e990b1f96d73b9fcaf
233,1600.98474947018,1.2823887843256143,0x9c18bd1f15703fcf46c034024678925b1e64be56,2017-08-30T11:43:28.000Z,0.000801,0x37e04b823ed59e47d9e617939915e0c96d76cc96,sell,0x5a84969bb663fb64f6d015dcf9f622aedc796750,0x0e38db4fcecfa6de7bcf37d4602394ffc68428521e0372e2cb33d85248b939f7
234,0.000000000000246776,0.000000000000000185,0xefa7abbd5fe2aef47b325619b0824d41835f5d6c,2017-08-30T09:23:21.000Z,0.0007496677148507148,0x82d99d98115565d2a58e99fc53704cee56e3c0de,sell,0x5a84969bb663fb64f6d015dcf9f622aedc796750,0xa78f7cb36b2a8a27d7a6c9a4101bdc9066577d70aadd33fe02a6e19d3a15d6a5
235,0.000000000151549036,0.000000000000113676,0xe1226c4d0a752a3ef42ee783aa1b4ac1abe47a8e,2017-08-30T09:13:45.000Z,0.0007500938508114297,0x82d99d98115565d2a58e99fc53704cee56e3c0de,sell,0x5a84969bb663fb64f6d015dcf9f622aedc796750,0x4e8f2762a3acc2f367f10d8a95ec2f2b9f7621c8dfd33c34dc5687d2dc08375b
236,0.00000152018837918,0.000000001217670891,0x9c18bd1f15703fcf46c034024678925b1e64be56,2017-08-30T09:10:05.000Z,0.0008009999995242826,0x82d99d98115565d2a58e99fc53704cee56e3c0de,sell,0x5a84969bb663fb64f6d015dcf9f622aedc796750,0x9ee8ea4652203fb6794e305d87810997129e64f0b8b3a60d5e60e2e65983c185
237,0.015249009631548306,0.00001221445671487,0x9c18bd1f15703fcf46c034024678925b1e64be56,2017-08-30T08:57:05.000Z,0.0008009999999999874,0x82d99d98115565d2a58e99fc53704cee56e3c0de,sell,0x5a84969bb663fb64f6d015dcf9f622aedc796750,0xa46202b234a749242950f4fce8657fc28ba48b7a90d4a427bbee84a34c789031
238,16.667,0.0250005,0xda73fe8019adb6adc39728ece54c71eb80808636,2017-08-30T00:28:04.000Z,0.0015,0x0845ad270268891eb78c056035d6ecd6b06c2ed4,buy,0x5a84969bb663fb64f6d015dcf9f622aedc796750,0x73d1ebfff408ae0783fdcefdbc98184ef38acf2c6283b8fcd65c5145fbbcea05
239,322,0.2898,0x9c18bd1f15703fcf46c034024678925b1e64be56,2017-08-30T00:18:57.000Z,0.0009,0x2abd94b8ee46ccefbd200f5f289749d285a05858,buy,0x5a84969bb663fb64f6d015dcf9f622aedc796750,0x0651d71707de6500da677c5cfff2ba8af16d87f337e5c7ea8fe35744a64fd2e0
240,299.9998062096736,0.22502985463787614,0x9adce261bd078192e788fd87e0112fa50ae5b770,2017-08-29T07:43:24.000Z,0.0007501,0x837987e0844e7f0a123787d2ab72d69864d2500d,sell,0x5a84969bb663fb64f6d015dcf9f622aedc796750,0x67bcb5a45bd6ff4836f02fdbc2ccc9bcf897aeb5ea67b3812fea43ee6039dbaa
241,1000,0.725,0x82d99d98115565d2a58e99fc53704cee56e3c0de,2017-08-29T07:34:59.000Z,0.000725,0x837987e0844e7f0a123787d2ab72d69864d2500d,sell,0x5a84969bb663fb64f6d015dcf9f622aedc796750,0x2bdebfeed6c2dac18f0bcbdf5d5968978feafe4e9b671f23f8266da68c67e4d9
242,0.000193790326437507,0.000000145536535154,0x82d99d98115565d2a58e99fc53704cee56e3c0de,2017-08-29T07:07:29.000Z,0.0007509999999970702,0x837987e0844e7f0a123787d2ab72d69864d2500d,sell,0x5a84969bb663fb64f6d015dcf9f622aedc796750,0x1f305b5c269b21cf2dca8026b9bec6b23f4b2a1de10ecd3977af539b71470d86
243,0.000193790326437507,0.000000139548414067,0x027cc5b86ee03592ddeeb2241987d6e80fbc6304,2017-08-29T06:55:51.000Z,0.0007200999999966521,0x837987e0844e7f0a123787d2ab72d69864d2500d,sell,0x5a84969bb663fb64f6d015dcf9f622aedc796750,0x9ee5eb04ed7c5da2a35375c540832fd48246a39522aebec27e690ee62dec4183
244,0.000193790326437507,0.00000014536212386,0x9adce261bd078192e788fd87e0112fa50ae5b770,2017-08-29T06:29:02.000Z,0.000750099999996006,0x837987e0844e7f0a123787d2ab72d69864d2500d,sell,0x5a84969bb663fb64f6d015dcf9f622aedc796750,0x90fea82818894214fc0832ee2f1f86b2be4b6c105ef958d4a62b77ee9e7a0be8
245,129.59824543913868,0.09344033496161898,0xe5f80b82b325740196728fdc27130ce20166cc43,2017-08-28T17:45:27.000Z,0.000721,0xc1d82a1c6ca95e5b95c6a3a0473d9a47ae1d9f30,sell,0x5a84969bb663fb64f6d015dcf9f622aedc796750,0xede460fc07fd7e2e1e62a202fec17368293f0314fd838febb6bc581ba022b505
246,2.9720609605388284,0.00214018109768401,0x027cc5b86ee03592ddeeb2241987d6e80fbc6304,2017-08-28T15:00:09.000Z,0.0007200999999999999,0x02094d8da76c73bd949d39b2f1aad93c83595d63,sell,0x5a84969bb663fb64f6d015dcf9f622aedc796750,0x68397d9ee022ab477ed56a6b03f13f335d929ced46cf35abd0c3b0aa1ca55524
247,0.014,0.00001008,0x66a4e99923ff534c41936d0b28a13980b0a942f0,2017-08-28T13:34:32.000Z,0.00072,0x0d4ea288d4949f7e629805e3598f9d801eb9fec6,sell,0x5a84969bb663fb64f6d015dcf9f622aedc796750,0x0b4dd386867da3eb30f6889fef14abf333534bdc29ebfbee792d89e13c24f9dd
248,149.2373641710697,0.10894327584488087,0xe5f80b82b325740196728fdc27130ce20166cc43,2017-08-28T13:27:06.000Z,0.00073,0x0d4ea288d4949f7e629805e3598f9d801eb9fec6,sell,0x5a84969bb663fb64f6d015dcf9f622aedc796750,0xf76673b2a6ce2e26997a2480da36a93c3c14970567a18f3e4f5de7ded119ee71
249,100,0.085,0x37e04b823ed59e47d9e617939915e0c96d76cc96,2017-08-28T13:22:12.000Z,0.00085,0x0d4ea288d4949f7e629805e3598f9d801eb9fec6,sell,0x5a84969bb663fb64f6d015dcf9f622aedc796750,0xf664d38dce26978449b6f4d8ae8369d6e0ffb75696c3dad29483e351c9c0722b
250,0.5,0.000845,0x2d7ad46c8c2128b37f7bbf1d70f81db34d1176ba,2017-08-28T11:37:18.000Z,0.00169,0x9adce261bd078192e788fd87e0112fa50ae5b770,buy,0x5a84969bb663fb64f6d015dcf9f622aedc796750,0x97b49f69dab5d5241637e9cd5b0267b4c66728e3856334f010786350a204a654
251,0.00086,0.0000014534,0xf22b9431279708fd7d18e979291e356189de7f94,2017-08-28T11:33:09.000Z,0.00169,0x9adce261bd078192e788fd87e0112fa50ae5b770,buy,0x5a84969bb663fb64f6d015dcf9f622aedc796750,0x93f317f3a64d696105fe29c93d0cb064905fec43cf939cd75dd2811ebd0ce792
252,0.00085742,0.214355,0xe5f80b82b325740196728fdc27130ce20166cc43,2017-08-28T11:33:09.000Z,250,0xf22b9431279708fd7d18e979291e356189de7f94,sell,0x5a84969bb663fb64f6d015dcf9f622aedc796750,0x93f317f3a64d696105fe29c93d0cb064905fec43cf939cd75dd2811ebd0ce792
253,129.243,0.10856412,0x9adce261bd078192e788fd87e0112fa50ae5b770,2017-08-28T09:12:30.000Z,0.00084,0x8b26f45caed1184a8ff240f0dc008a267f87e3d7,buy,0x5a84969bb663fb64f6d015dcf9f622aedc796750,0x5d9eb271d3a96b39912accd834d66bbafd0c9b3913b34f6d9aa8721e735baf34
254,0.00985526667331273,0.000006947963004685,0x82d99d98115565d2a58e99fc53704cee56e3c0de,2017-08-27T13:38:52.000Z,0.0007049999999999519,0x5cff13457a224934ea4fa17dc57caa77f08bf56a,sell,0x5a84969bb663fb64f6d015dcf9f622aedc796750,0xf885b0b4451ddabe269c8e1452a9efd6afe8b06050cbab16b50808e3adb5c853
255,12.94,0.015528,0x66f579485ad8be594a47d13d1427eae9f30777d5,2017-08-27T10:50:48.000Z,0.0012,0x5cff13457a224934ea4fa17dc57caa77f08bf56a,buy,0x5a84969bb663fb64f6d015dcf9f622aedc796750,0xa0d38a31316f758980f993b3b3f3f5b89226f31015d914ed7c0a8c7ec9a31ebd
256,33.086,0.0529376,0x66f579485ad8be594a47d13d1427eae9f30777d5,2017-08-27T10:48:42.000Z,0.0016,0xa3d7dedda551204ccb03bd79aa87824cc453b8de,buy,0x5a84969bb663fb64f6d015dcf9f622aedc796750,0xed0b3f0d4233369e4d2c488cbb9ad8ac0c23afbc5a56499911ca4bf4517aeca3
257,123.01864220915164,0.08611304954640614,0x0845ad270268891eb78c056035d6ecd6b06c2ed4,2017-08-27T08:18:58.000Z,0.0007,0x7a7595d57ba31096971eb9be8095505e3867584a,sell,0x5a84969bb663fb64f6d015dcf9f622aedc796750,0x66beec35afa631f17ef7b4427d5510f72d5489c0d9293cf53e2b67340c72cbfc
258,200,0.14,0x0845ad270268891eb78c056035d6ecd6b06c2ed4,2017-08-27T08:17:27.000Z,0.0007,0x7a7595d57ba31096971eb9be8095505e3867584a,sell,0x5a84969bb663fb64f6d015dcf9f622aedc796750,0x1c37c2f95a7f3842ec7f2420b7ff408b72ff5d14f6b0b58230c7e2be3c485700
259,54.830026916558666,0.10258698036088126,0x975cdd040c7b55c17528b3b10dcc1839b6c90063,2017-08-27T00:42:40.000Z,0.001871,0x82d99d98115565d2a58e99fc53704cee56e3c0de,sell,0x5a84969bb663fb64f6d015dcf9f622aedc796750,0xfab8a80168326c35c35f6f46d44f74c4e9194c63363d8c81a844c1c03a3bdabd
260,100,0.24,0xc5dfad47d9a344c673d75aea4df2f911d567f77d,2017-08-26T19:19:48.000Z,0.0024,0xace2f0e2021ed8067a5f64eebd39bff7e67f096e,buy,0x5a84969bb663fb64f6d015dcf9f622aedc796750,0xd44d2be77344b2912772c3baab0719c7bf2bc4dfbbfe4e804ee7b3784e4499aa
261,100,0.22,0xc5dfad47d9a344c673d75aea4df2f911d567f77d,2017-08-26T19:17:57.000Z,0.0022,0xace2f0e2021ed8067a5f64eebd39bff7e67f096e,buy,0x5a84969bb663fb64f6d015dcf9f622aedc796750,0x78a311364502c36cc8e30aaaae874da582c4bf27d3dfe81ec07b315db08b8da5
262,209,0.4389,0xc5dfad47d9a344c673d75aea4df2f911d567f77d,2017-08-26T19:15:28.000Z,0.0021,0x9314f51e51175abddfd9830def4413bcdeea08f2,buy,0x5a84969bb663fb64f6d015dcf9f622aedc796750,0x8fef1cafe571672191d7377d0ff7cced2e38a74a0e11fd9cbbca592cb4674db7
263,97,0.2037,0xc5dfad47d9a344c673d75aea4df2f911d567f77d,2017-08-26T19:13:46.000Z,0.0021,0x9adce261bd078192e788fd87e0112fa50ae5b770,buy,0x5a84969bb663fb64f6d015dcf9f622aedc796750,0x728ad923b3fb2dc814c421fa04b759b70879fff2f84cc14a5f9ad716993af355
264,196.5,0.40477035,0xc5dfad47d9a344c673d75aea4df2f911d567f77d,2017-08-26T19:13:33.000Z,0.0020599,0x3b4fad5764aca94b903e660045802cb85326fcff,buy,0x5a84969bb663fb64f6d015dcf9f622aedc796750,0x639d943a8b93a945e497adb471223017fe6a0c5c87512ae3e0f54acf9121bf5a
265,155,0.31899,0xc5dfad47d9a344c673d75aea4df2f911d567f77d,2017-08-26T19:13:33.000Z,0.002058,0xe5f80b82b325740196728fdc27130ce20166cc43,buy,0x5a84969bb663fb64f6d015dcf9f622aedc796750,0xeb5a3f2f24a6e3a944e85a9a86bb666cf01592a4bcc150f9cd05f939db649f82
266,22,0.045254,0x66f579485ad8be594a47d13d1427eae9f30777d5,2017-08-26T04:42:30.000Z,0.002057,0xbcce870909b3dbbe28f744f69b080dbdeeb7748a,buy,0x5a84969bb663fb64f6d015dcf9f622aedc796750,0x942ccb8a884681ac8ab1ae1a450d6b82061666b0e80a3968e9a02755c7f936e5
267,62.3,0.152012,0x66f579485ad8be594a47d13d1427eae9f30777d5,2017-08-26T04:39:04.000Z,0.00244,0xc8409098937bb93b55a0679d8146d4d3a81f274c,buy,0x5a84969bb663fb64f6d015dcf9f622aedc796750,0xcb826aba846026bd7f6edc25db5e6597d7983a470c0c8fd8eb5cd0bf00e28b85
268,0.9,0.0022041,0xe5f80b82b325740196728fdc27130ce20166cc43,2017-08-25T22:43:20.000Z,0.002449,0x4e21efd665b2af212471fce543fceb4a692df529,buy,0x5a84969bb663fb64f6d015dcf9f622aedc796750,0x098ee75646844438b47664332c6c9256932b306da5fd47cdfe4ac9c2da8a2c50
269,2.5,0.00514975,0xff64f34e8511693e3dffa0e1fe037a6a65f3937b,2017-08-25T19:50:36.000Z,0.0020599,0x3b4fad5764aca94b903e660045802cb85326fcff,buy,0x5a84969bb663fb64f6d015dcf9f622aedc796750,0x0462a2be9403e402c2bcebecd8cd9cff133e089789d9f01feeee28b71f113656
270,22,0.0125422,0xbcce870909b3dbbe28f744f69b080dbdeeb7748a,2017-08-25T17:41:01.000Z,0.0005701,0x157b572688203e703b7aad5e460c1d19a07ade97,sell,0x5a84969bb663fb64f6d015dcf9f622aedc796750,0x5d946f117cf5b14eb66b5bcc798b3be30b059ef0f364e22faa86cb93d0d3f918
271,130,0.07345,0xe5f80b82b325740196728fdc27130ce20166cc43,2017-08-25T13:54:02.000Z,0.000565,0xd1634274d696530f00d1e36ec1ab58295038219a,buy,0x5a84969bb663fb64f6d015dcf9f622aedc796750,0x3f2db4c10e71b31d6eb247920459f8786a3bd53bff9073a32449ea66f77b25e2
272,25,0.0125,0xe5f80b82b325740196728fdc27130ce20166cc43,2017-08-25T13:54:02.000Z,0.0005,0x66f579485ad8be594a47d13d1427eae9f30777d5,buy,0x5a84969bb663fb64f6d015dcf9f622aedc796750,0x00c4b3d0b90123de157d1b3c65562b559168e8d03f0c81af912afabf64c1b75f
273,1,0.0020599,0xbb325a2ee38566c7a03010b2c4929fd99861bf36,2017-08-25T12:19:14.000Z,0.0020599,0x3b4fad5764aca94b903e660045802cb85326fcff,buy,0x5a84969bb663fb64f6d015dcf9f622aedc796750,0x1ddb442aac2b109063f556339995c40b13988c7c028b9c1b93d2a84b1476a853
274,9.969095803010667,0.005173960721762536,0xb236b907580361fd4f87b759de68ca5c206644af,2017-08-25T10:12:51.000Z,0.000519,0xcd0a66c8d39f2fb616e323d2caba3b156324b599,sell,0x5a84969bb663fb64f6d015dcf9f622aedc796750,0x85c9744bc827a9a01e15e6f53b213116f30ae024810706786a759725d2744e5c
275,50,0.102995,0x0d2398043f2e2e77ddfe7e0a23045c8a51e56f9a,2017-08-25T00:31:19.000Z,0.0020599,0x3b4fad5764aca94b903e660045802cb85326fcff,buy,0x5a84969bb663fb64f6d015dcf9f622aedc796750,0x36b844b8f655d3d28d6fdb69d3f95e1bc992583018edc8d8bce448c2926863e8
276,150,0.078,0xe5f80b82b325740196728fdc27130ce20166cc43,2017-08-24T15:28:35.000Z,0.00052,0xdf0cc397a8f3c749000a4058b1fc2ebe4ee6365c,sell,0x5a84969bb663fb64f6d015dcf9f622aedc796750,0xe21426119d5fb8a43429dc799511eb494c2885fe3083ada990f9be09571d368a
277,250,0.1375,0x3b4fad5764aca94b903e660045802cb85326fcff,2017-08-24T15:26:20.000Z,0.00055,0xdf0cc397a8f3c749000a4058b1fc2ebe4ee6365c,sell,0x5a84969bb663fb64f6d015dcf9f622aedc796750,0x744c2a17437d76f543ff98387064ad4d51bfd94fe9879d1d9026bad47b8fe1c0
278,380,0.1976,0xdf0cc397a8f3c749000a4058b1fc2ebe4ee6365c,2017-08-24T15:24:37.000Z,0.00052,0x4e45e5d8b681965bcc366b1dad3c0c6034c32f1a,buy,0x5a84969bb663fb64f6d015dcf9f622aedc796750,0xa2646958c46b851c1110678e73cb7949b2347dad75245ecccdf5e50bd6b4a3bb
279,85.17,0.204408,0x37dd4e5111c436147b1ff6821983bcf81fb23352,2017-08-24T09:48:47.000Z,0.0024,0x5da85e39ced6683c8d9b2c9a9745b73d0bfd53d9,buy,0x5a84969bb663fb64f6d015dcf9f622aedc796750,0xe18335b3a0ffa122edbf61fd0b13ded541eff11d8216fea03485895c40b2942c
280,0.001,0.000002449,0x2ac1f553df456da04009e3bdf4232995d723d630,2017-08-23T23:08:47.000Z,0.002449,0x0845ad270268891eb78c056035d6ecd6b06c2ed4,buy,0x5a84969bb663fb64f6d015dcf9f622aedc796750,0xc2b0377c594188e4049f656cf474cf88d75e7b0bed11b8717536ac4cd11b8589
281,3,0.007347,0x2ac1f553df456da04009e3bdf4232995d723d630,2017-08-23T23:08:25.000Z,0.002449,0x0845ad270268891eb78c056035d6ecd6b06c2ed4,buy,0x5a84969bb663fb64f6d015dcf9f622aedc796750,0x08647d7bce139bdde786303058ab14b9ab7822edb657c37779cb844facaf540e
282,592.327,1.184654,0x2ac1f553df456da04009e3bdf4232995d723d630,2017-08-23T21:31:33.000Z,0.002,0x6ea8bfcd3e43f322fd78fa104a8c944e560345fc,sell,0x5a84969bb663fb64f6d015dcf9f622aedc796750,0x2b5a5841d63f09dc0daf66025cb818208f4259d7100a9d12cc4e3aacd351f037
283,101.6847771907088,0.2033695543814176,0x2ac1f553df456da04009e3bdf4232995d723d630,2017-08-23T21:23:45.000Z,0.002,0xb6dba64619f3a70bdd4ffde2e1f5281a0009f041,sell,0x5a84969bb663fb64f6d015dcf9f622aedc796750,0x0bd5a2c9dd25e9379674d77de15ccf26904426eabc7a5691c98e6188f26bd5da
284,102,0.1428,0xb6dba64619f3a70bdd4ffde2e1f5281a0009f041,2017-08-23T21:23:45.000Z,0.0014,0x1342292522ea840819e2b2d60de016dc5569aada,buy,0x5a84969bb663fb64f6d015dcf9f622aedc796750,0x0bd5a2c9dd25e9379674d77de15ccf26904426eabc7a5691c98e6188f26bd5da
285,5.987673164277121,0.009280893404629537,0x2ac1f553df456da04009e3bdf4232995d723d630,2017-08-23T19:50:03.000Z,0.00155,0xc9375f15a5701f3ec59045eddf529a8d6ceec988,buy,0x5a84969bb663fb64f6d015dcf9f622aedc796750,0x9afe453f9c56cb433f881184e92db65f9106bfab0ebe415d9efc667685747649
286,299.9999999999996,0.4199999999999995,0x2ac1f553df456da04009e3bdf4232995d723d630,2017-08-23T19:49:28.000Z,0.0014,0x5d6b360799873e95f983732f94af503c5956a2e7,buy,0x5a84969bb663fb64f6d015dcf9f622aedc796750,0xf3dd59e02a9902ded74134033638f7e11415699c74432ed2ff3674280de4837d
287,0.000000000000382142,0.000000000000000535,0x0003afa6dd16a9c9cdec9615c8f689bd11783e7d,2017-08-23T19:34:34.000Z,0.0014000031401939592,0x5d6b360799873e95f983732f94af503c5956a2e7,buy,0x5a84969bb663fb64f6d015dcf9f622aedc796750,0x4778176aebfdcb93324ab732e06f1be42fb918cb5759831f251b9d1f717e96f4
288,16.3,0.025265,0xace2f0e2021ed8067a5f64eebd39bff7e67f096e,2017-08-23T18:46:43.000Z,0.00155,0x79abf7ff39d27f7a7d07c14cb6b8639d55b05c1f,sell,0x5a84969bb663fb64f6d015dcf9f622aedc796750,0xcb372fc63f84b2ca29dd9a023729cf2091931cc160d4f2abaa766b2005d31e86
289,62.581,0.09700055,0xace2f0e2021ed8067a5f64eebd39bff7e67f096e,2017-08-23T18:43:47.000Z,0.00155,0x79abf7ff39d27f7a7d07c14cb6b8639d55b05c1f,sell,0x5a84969bb663fb64f6d015dcf9f622aedc796750,0x88157f5d45d3841e785905c1625fbee39c3e2cfee4a7673bdf0fdc876cb6f652
290,199.989,0.30998295,0xace2f0e2021ed8067a5f64eebd39bff7e67f096e,2017-08-23T18:36:04.000Z,0.00155,0x79abf7ff39d27f7a7d07c14cb6b8639d55b05c1f,sell,0x5a84969bb663fb64f6d015dcf9f622aedc796750,0x71488671d8839867b2752bc8c218adf10536c7920da1d76276dd06dcbf6ab4c2
291,0.01075322665622325,0.000016667501317146,0xace2f0e2021ed8067a5f64eebd39bff7e67f096e,2017-08-23T17:32:59.000Z,0.0015499999999999965,0x5d6b360799873e95f983732f94af503c5956a2e7,sell,0x5a84969bb663fb64f6d015dcf9f622aedc796750,0xfebd83ef3e186bd2d5114de008b6bb481efaf782e3986982bb8562a299ea8878
292,81.13,0.1500905,0xe163a2de09db61748235272dabde724d44fa48f5,2017-08-23T13:12:30.000Z,0.00185,0x25b588423d6b3a9634cfad6240cfd22fc6f31291,buy,0x5a84969bb663fb64f6d015dcf9f622aedc796750,0x73daeeacd0c2398b12ab30da0a36cca423c5af58c8f16bb2e4cea4dada12d718
293,100,0.245,0xe163a2de09db61748235272dabde724d44fa48f5,2017-08-23T13:12:30.000Z,0.00245,0xace2f0e2021ed8067a5f64eebd39bff7e67f096e,buy,0x5a84969bb663fb64f6d015dcf9f622aedc796750,0x93cc00fd85e5a4c5337359747638199125bfa62fc52609de35e43e99a09938a8
294,150,0.3675,0xe163a2de09db61748235272dabde724d44fa48f5,2017-08-23T13:12:30.000Z,0.00245,0xace2f0e2021ed8067a5f64eebd39bff7e67f096e,buy,0x5a84969bb663fb64f6d015dcf9f622aedc796750,0xc23ba47a82c03c6aefb9963a3b861bb2a0502caa7ef7515141532d7003a0bebf
295,340,0.527,0xe163a2de09db61748235272dabde724d44fa48f5,2017-08-23T13:12:12.000Z,0.00155,0x6ea8bfcd3e43f322fd78fa104a8c944e560345fc,buy,0x5a84969bb663fb64f6d015dcf9f622aedc796750,0x850e3bc7e46db1b71effaa25a685d47aacd0542edea0b7bffdbf5d3dc4816956
296,0.04135909378739548,0.000064106595370463,0xe163a2de09db61748235272dabde724d44fa48f5,2017-08-23T13:07:38.000Z,0.00155,0xc9375f15a5701f3ec59045eddf529a8d6ceec988,buy,0x5a84969bb663fb64f6d015dcf9f622aedc796750,0x4a7c941ac139d2433200694adc422cb6c309efa927f41b497ee68b2794aec224
297,116.435,0.18047425,0x975cdd040c7b55c17528b3b10dcc1839b6c90063,2017-08-23T09:09:13.000Z,0.00155,0xdf0cc397a8f3c749000a4058b1fc2ebe4ee6365c,sell,0x5a84969bb663fb64f6d015dcf9f622aedc796750,0x5d67347a6a0b3731dbe7d361bc1fe53a7c61cd6319b7372aa3e5ba24d849a951
298,10.695,0.01664142,0xace2f0e2021ed8067a5f64eebd39bff7e67f096e,2017-08-23T09:08:18.000Z,0.001556,0xdf0cc397a8f3c749000a4058b1fc2ebe4ee6365c,sell,0x5a84969bb663fb64f6d015dcf9f622aedc796750,0x1fdbb48c0ee2a22d2cbbc21c6d63fba6a4a91887884db03237d933b9bc33db46
299,70,0.1085,0xdf0cc397a8f3c749000a4058b1fc2ebe4ee6365c,2017-08-23T06:04:35.000Z,0.00155,0xc9375f15a5701f3ec59045eddf529a8d6ceec988,buy,0x5a84969bb663fb64f6d015dcf9f622aedc796750,0xb8106adce39495d7c8114cc6cbf9b802b6d667c891423b79bc3342f63eb97b79
300,3.2161562374223407,0.005004339105429162,0xace2f0e2021ed8067a5f64eebd39bff7e67f096e,2017-08-22T22:03:02.000Z,0.0015559999999999999,0x8c5cbe9b28618dd2d7e6a4110fb52dfa378a0196,sell,0x5a84969bb663fb64f6d015dcf9f622aedc796750,0x9233e9a90c489f0cd6b8fe5a7f10b8359ecf810906cb87bd9244d5ae0e44d86d
301,3.225806451612903,0.005,0x8c5cbe9b28618dd2d7e6a4110fb52dfa378a0196,2017-08-22T21:53:25.000Z,0.00155,0xc9375f15a5701f3ec59045eddf529a8d6ceec988,buy,0x5a84969bb663fb64f6d015dcf9f622aedc796750,0x29d1e0b3dda2ef8c4128c8760dd02697bb6f0d245e99be488625d39e67378e79
302,3.198701454467597,0.004977179463151581,0xace2f0e2021ed8067a5f64eebd39bff7e67f096e,2017-08-22T21:48:09.000Z,0.0015559999999999999,0x8c5cbe9b28618dd2d7e6a4110fb52dfa378a0196,sell,0x5a84969bb663fb64f6d015dcf9f622aedc796750,0x54a41be66ea5ef86e0567ec8c194cb84c3a40dc390a95e938d17c6cf22ed8130
303,0.018420225152045052,0.000028661870336582,0xace2f0e2021ed8067a5f64eebd39bff7e67f096e,2017-08-22T21:42:07.000Z,0.0015559999999999947,0x8c5cbe9b28618dd2d7e6a4110fb52dfa378a0196,sell,0x5a84969bb663fb64f6d015dcf9f622aedc796750,0x6b3ddb1e3f4a86529ee72e82f885dfc6a55b61650fa3a229983747096f5890c7
304,3.225806451612903,0.005,0x8c5cbe9b28618dd2d7e6a4110fb52dfa378a0196,2017-08-22T21:40:53.000Z,0.00155,0xc9375f15a5701f3ec59045eddf529a8d6ceec988,buy,0x5a84969bb663fb64f6d015dcf9f622aedc796750,0xc6fcc9135b66e362f081f2bcb9ed31c366df7e5f726af6ecb9d8155677dcc053
305,12.864631910446338,0.020017367252654503,0xace2f0e2021ed8067a5f64eebd39bff7e67f096e,2017-08-22T21:07:34.000Z,0.001556,0x8c5cbe9b28618dd2d7e6a4110fb52dfa378a0196,sell,0x5a84969bb663fb64f6d015dcf9f622aedc796750,0x6c285a16cb359d370d2dde26c49d7abfe9264ebbdfe6b966945ee42dc4739795
306,12.903225806451612,0.02,0x8c5cbe9b28618dd2d7e6a4110fb52dfa378a0196,2017-08-22T19:25:34.000Z,0.00155,0xc9375f15a5701f3ec59045eddf529a8d6ceec988,buy,0x5a84969bb663fb64f6d015dcf9f622aedc796750,0x950d1da0e6a3124d780385ce030f62799afef2502d12583794edb0b12803bd0c
307,12.864629171081969,0.02001736299020354,0xace2f0e2021ed8067a5f64eebd39bff7e67f096e,2017-08-22T19:23:52.000Z,0.0015559999999999999,0x8c5cbe9b28618dd2d7e6a4110fb52dfa378a0196,sell,0x5a84969bb663fb64f6d015dcf9f622aedc796750,0x940044adfddbc73c32780cd6ea88f8f64bc1e8c46d1edf7df3db2462d046c16f
308,12.903225806451612,0.02,0x8c5cbe9b28618dd2d7e6a4110fb52dfa378a0196,2017-08-22T19:17:26.000Z,0.00155,0xc9375f15a5701f3ec59045eddf529a8d6ceec988,buy,0x5a84969bb663fb64f6d015dcf9f622aedc796750,0x15021f1926b6c1c6caed5373b17e7be48ee6d7a215300a382a35408785c81589
309,12.837150607095275,0.01997460634464025,0xace2f0e2021ed8067a5f64eebd39bff7e67f096e,2017-08-22T19:01:33.000Z,0.0015559999999999999,0x8c5cbe9b28618dd2d7e6a4110fb52dfa378a0196,sell,0x5a84969bb663fb64f6d015dcf9f622aedc796750,0x45e48f1ba799e00c8a54d98390a3aeb7941ed5ec8ab37bcbcdb6308cf2b4e18b
310,0.027468540443154114,0.000042741048929547,0xace2f0e2021ed8067a5f64eebd39bff7e67f096e,2017-08-22T18:58:19.000Z,0.0015559999999999708,0x8c5cbe9b28618dd2d7e6a4110fb52dfa378a0196,sell,0x5a84969bb663fb64f6d015dcf9f622aedc796750,0x502e63323ce85ed82764831ad5a2fa3148a61eb63776ce42576e1056614e6444
311,12.903225806451612,0.02,0x8c5cbe9b28618dd2d7e6a4110fb52dfa378a0196,2017-08-22T18:43:02.000Z,0.00155,0xc9375f15a5701f3ec59045eddf529a8d6ceec988,buy,0x5a84969bb663fb64f6d015dcf9f622aedc796750,0x39d02f8cfd866c390e9292805c7b2484ef0240d066dbf7eff37320aaed9920cc
312,0.0000155,0.000000024118,0xace2f0e2021ed8067a5f64eebd39bff7e67f096e,2017-08-22T18:19:26.000Z,0.001556,0x8c5cbe9b28618dd2d7e6a4110fb52dfa378a0196,sell,0x5a84969bb663fb64f6d015dcf9f622aedc796750,0x35a8d9fa9b82a43944e73f25b3f9d8521422f78ddbbe311e14c73d53e99a2b0a
313,12.86460090141245,0.02001731900259777,0xace2f0e2021ed8067a5f64eebd39bff7e67f096e,2017-08-22T18:05:54.000Z,0.0015559999999999999,0x8c5cbe9b28618dd2d7e6a4110fb52dfa378a0196,sell,0x5a84969bb663fb64f6d015dcf9f622aedc796750,0x93ce72bdc90e7a594c7e95fc26db2a9e959ec27853f15d36eeecd98a018d9e10
314,0.000031,0.000000048236,0xace2f0e2021ed8067a5f64eebd39bff7e67f096e,2017-08-22T18:03:10.000Z,0.001556,0x8c5cbe9b28618dd2d7e6a4110fb52dfa378a0196,sell,0x5a84969bb663fb64f6d015dcf9f622aedc796750,0xa1fe8aab63b201ab4c3feb7bb83981ee4168681c822dd2977d4ab588d394e7fb
315,12.903225806451612,0.02,0x8c5cbe9b28618dd2d7e6a4110fb52dfa378a0196,2017-08-22T18:00:26.000Z,0.00155,0xc9375f15a5701f3ec59045eddf529a8d6ceec988,buy,0x5a84969bb663fb64f6d015dcf9f622aedc796750,0x62649538646415df65f4a59065cff82c2238e3ee079378de46fd2dcae889b12a
316,12.864507552150581,0.0200171737511463,0xace2f0e2021ed8067a5f64eebd39bff7e67f096e,2017-08-22T17:56:48.000Z,0.0015559999999999999,0x8c5cbe9b28618dd2d7e6a4110fb52dfa378a0196,sell,0x5a84969bb663fb64f6d015dcf9f622aedc796750,0x82fa677c2f2758383779099eea7129bc441a6ba43a5d96efda42ab0fd61aba0e
317,0.000031,0.000000048236,0xace2f0e2021ed8067a5f64eebd39bff7e67f096e,2017-08-22T17:54:35.000Z,0.001556,0x8c5cbe9b28618dd2d7e6a4110fb52dfa378a0196,sell,0x5a84969bb663fb64f6d015dcf9f622aedc796750,0xf93eb7c9297579488788bbb3e4ecc73f58c6c9b4d0ac695ab68a933f5bbc2b9c
318,12.903225806451612,0.02,0x8c5cbe9b28618dd2d7e6a4110fb52dfa378a0196,2017-08-22T17:53:49.000Z,0.00155,0xc9375f15a5701f3ec59045eddf529a8d6ceec988,buy,0x5a84969bb663fb64f6d015dcf9f622aedc796750,0x46dcfd8408c3aae8d45c0118b9c92fd4b651c79d0e9ea7ebc03b305a9c313453
319,0.000031,0.000000048236,0xace2f0e2021ed8067a5f64eebd39bff7e67f096e,2017-08-22T17:42:24.000Z,0.001556,0x8c5cbe9b28618dd2d7e6a4110fb52dfa378a0196,sell,0x5a84969bb663fb64f6d015dcf9f622aedc796750,0x2ba78074af039ce84ff474c8f01868e33cf9605bd35415219af231abbe4b7854
320,0.00003112,0.00000004842272,0xace2f0e2021ed8067a5f64eebd39bff7e67f096e,2017-08-22T17:09:53.000Z,0.001556,0x8c5cbe9b28618dd2d7e6a4110fb52dfa378a0196,sell,0x5a84969bb663fb64f6d015dcf9f622aedc796750,0x777c08e36aca78a012e0da174d1e34d24fa09f3c7fdbf9bdc8d4008809443841
321,0.00003112,0.00000004842272,0xace2f0e2021ed8067a5f64eebd39bff7e67f096e,2017-08-22T16:59:36.000Z,0.001556,0x8c5cbe9b28618dd2d7e6a4110fb52dfa378a0196,sell,0x5a84969bb663fb64f6d015dcf9f622aedc796750,0x14bbee19d56d0edea8a548e3d9346e315f64155513d16708d613a83cb1a1ed15
322,12.863318306341952,0.02001532328466808,0xace2f0e2021ed8067a5f64eebd39bff7e67f096e,2017-08-22T16:46:12.000Z,0.0015559999999999999,0x8c5cbe9b28618dd2d7e6a4110fb52dfa378a0196,sell,0x5a84969bb663fb64f6d015dcf9f622aedc796750,0xae614cd1dac64726255198dccd2ffe50b48cd0df422c7079991e00cc0e02b537
323,0.00003112,0.00000004842272,0xace2f0e2021ed8067a5f64eebd39bff7e67f096e,2017-08-22T16:41:45.000Z,0.001556,0x8c5cbe9b28618dd2d7e6a4110fb52dfa378a0196,sell,0x5a84969bb663fb64f6d015dcf9f622aedc796750,0x03073e98546fb58971c338e63761b17cea77bd64f96e9a8054dc2e3e3bdfbd23
324,12.903225806451612,0.02,0x8c5cbe9b28618dd2d7e6a4110fb52dfa378a0196,2017-08-22T16:40:48.000Z,0.00155,0xc9375f15a5701f3ec59045eddf529a8d6ceec988,buy,0x5a84969bb663fb64f6d015dcf9f622aedc796750,0xf1860cf0bd8eab9b59b9a2c372082d2f652a2ef18f86925fe664c04b485c7f19
325,69.67374060642425,0.10799429793995757,0x975cdd040c7b55c17528b3b10dcc1839b6c90063,2017-08-22T13:13:33.000Z,0.00155,0xaf4787692a209afce577504764009e36cd0e6679,sell,0x5a84969bb663fb64f6d015dcf9f622aedc796750,0x0de4c92942fc496ca72b10e1cd10cd0298210356ce8f2c9bb03682313173658b
326,106.19579304157114,0.17628501644900807,0xace2f0e2021ed8067a5f64eebd39bff7e67f096e,2017-08-22T13:09:51.000Z,0.00166,0xaf4787692a209afce577504764009e36cd0e6679,sell,0x5a84969bb663fb64f6d015dcf9f622aedc796750,0x5c816dcfa4961379d59c7def799f0b139fee9a97f853a21a9d71dd4f0544ca82
327,49.222,0.0787552,0x975cdd040c7b55c17528b3b10dcc1839b6c90063,2017-08-22T13:09:51.000Z,0.0016,0xaf4787692a209afce577504764009e36cd0e6679,sell,0x5a84969bb663fb64f6d015dcf9f622aedc796750,0x1851cb912ce966461cae3436f4e1f80db32fcc5aea127564372a02de44cf51bb
328,100,0.1555,0x975cdd040c7b55c17528b3b10dcc1839b6c90063,2017-08-22T13:09:51.000Z,0.001555,0xaf4787692a209afce577504764009e36cd0e6679,sell,0x5a84969bb663fb64f6d015dcf9f622aedc796750,0xe09c4a8e159ae5caa186b68a5e68130a8b1ce6fbd9a1c687ac1994ff8b36dd6c
329,6.695216927524673,0.01104710793041571,0x975cdd040c7b55c17528b3b10dcc1839b6c90063,2017-08-22T11:28:21.000Z,0.00165,0x4c12480f5082d4179279b7b3bca1ff9353b7d700,sell,0x5a84969bb663fb64f6d015dcf9f622aedc796750,0x0635128e8fb1d1b576ec2b2798986a7131b8d1a282ece71907d25016140e108a
330,43.80420695842887,0.07271498355099193,0xace2f0e2021ed8067a5f64eebd39bff7e67f096e,2017-08-22T11:23:00.000Z,0.00166,0x25744d35049ba353ce408ae7966e350b9a754c6d,sell,0x5a84969bb663fb64f6d015dcf9f622aedc796750,0x49ade61cc644064e61ae630bba72dc6369a6bec7b51b405e69c9b4f87eb1b953
331,60,0.149994,0xc5dfad47d9a344c673d75aea4df2f911d567f77d,2017-08-22T07:24:42.000Z,0.0024999,0x975cdd040c7b55c17528b3b10dcc1839b6c90063,buy,0x5a84969bb663fb64f6d015dcf9f622aedc796750,0x8767d7cd97618d5ddc13baab628f1f6c82161a45ac9193a37f467268f70f74a3
332,75,0.1837425,0xc5dfad47d9a344c673d75aea4df2f911d567f77d,2017-08-22T07:20:07.000Z,0.0024499,0x975cdd040c7b55c17528b3b10dcc1839b6c90063,buy,0x5a84969bb663fb64f6d015dcf9f622aedc796750,0x2776ebcc06f35a78029cefc51c8e69b65445975dd0e6508409e357427285221f
333,50,0.119995,0xc5dfad47d9a344c673d75aea4df2f911d567f77d,2017-08-22T07:18:32.000Z,0.0023999,0x975cdd040c7b55c17528b3b10dcc1839b6c90063,buy,0x5a84969bb663fb64f6d015dcf9f622aedc796750,0x21e764e687a4d545d59a2e7e2446c15b4279e8388a430d62f3c6666d9e8b8db6
334,100,0.238,0xc5dfad47d9a344c673d75aea4df2f911d567f77d,2017-08-22T07:17:10.000Z,0.00238,0xace2f0e2021ed8067a5f64eebd39bff7e67f096e,buy,0x5a84969bb663fb64f6d015dcf9f622aedc796750,0x1bd3b2f4c41b4bd10ebd920fd039c60a4d1198840d056a9570b46a3ac1442718
335,100,0.2,0xc5dfad47d9a344c673d75aea4df2f911d567f77d,2017-08-22T07:17:02.000Z,0.002,0xb97b430de466d92ba8f793a4fbb4f76ac7fe5ca1,buy,0x5a84969bb663fb64f6d015dcf9f622aedc796750,0x0993994669e04e86f09e6fc54c0c4e65ac769370147327828f31d3d3d4552722
336,100,0.22,0xc5dfad47d9a344c673d75aea4df2f911d567f77d,2017-08-22T07:17:02.000Z,0.0022,0xace2f0e2021ed8067a5f64eebd39bff7e67f096e,buy,0x5a84969bb663fb64f6d015dcf9f622aedc796750,0xa98520baeeed29aa636ff114d3ee40430aebbb21dad31c3052f543c8803b438b
337,50,0.1,0xc5dfad47d9a344c673d75aea4df2f911d567f77d,2017-08-22T07:16:41.000Z,0.002,0xb97b430de466d92ba8f793a4fbb4f76ac7fe5ca1,buy,0x5a84969bb663fb64f6d015dcf9f622aedc796750,0x8d6d04038518cca416a29cacbddbaced5cc3f0166b2e5026738e2aa2bcd46ae4
338,128,0.2048,0xc5dfad47d9a344c673d75aea4df2f911d567f77d,2017-08-22T07:16:33.000Z,0.0016,0x405857d7c398fd4bf0b50f0bc74d1143820a8722,buy,0x5a84969bb663fb64f6d015dcf9f622aedc796750,0x22ca6dd5f112a12e383190c3d7bdc8784b6cc0d86f1f5ccbaae0c97c4a0831b7
339,300,0.576,0xc5dfad47d9a344c673d75aea4df2f911d567f77d,2017-08-22T07:16:33.000Z,0.00192,0x1fdf047bf7a114b37e7936d01e9cad754ad18803,buy,0x5a84969bb663fb64f6d015dcf9f622aedc796750,0x316ecb4d769e2a2fe7713dacaa8e2f3fcd9a86e2dd0685e51c045f5b4dc9bb3b
340,105.602631841292,0.1795244741301964,0x1fdf047bf7a114b37e7936d01e9cad754ad18803,2017-08-21T23:55:29.000Z,0.0017,0xb97b430de466d92ba8f793a4fbb4f76ac7fe5ca1,sell,0x5a84969bb663fb64f6d015dcf9f622aedc796750,0x45a1899db54b884331068e01827694ad85b21166eee4e7bed47ed51a1ef77b64
341,194.39736815870802,0.3304755258698036,0x1fdf047bf7a114b37e7936d01e9cad754ad18803,2017-08-21T22:38:16.000Z,0.0017,0x21a11b66f89655a975ec02a233a8ef51593419c1,sell,0x5a84969bb663fb64f6d015dcf9f622aedc796750,0x1d2599a9686baa683cdec84b0b48e8349f7940189d4b5292b80f8048a6e6fe58
342,100.77758947263483,0.16124414315621574,0x975cdd040c7b55c17528b3b10dcc1839b6c90063,2017-08-20T22:07:11.000Z,0.0016,0xfec1e0f4cd9886574b3697537a5cac5b205b6205,sell,0x5a84969bb663fb64f6d015dcf9f622aedc796750,0xea224a7b51601d3fdaaedec6ec3bc4f4da780b12a121dd45f79cf7a0e7a65d16
343,0.000301643213286346,0.000000482629141258,0x975cdd040c7b55c17528b3b10dcc1839b6c90063,2017-08-20T17:39:17.000Z,0.0015999999999994907,0x9d64b5c3255e97909fa81294b2d3003c1373a6c7,sell,0x5a84969bb663fb64f6d015dcf9f622aedc796750,0x577fe7e06d748c5964ed322e3d592016db5ecf63fa42bd9d29d4e32349e881fa
344,0.009,0.00001485,0x975cdd040c7b55c17528b3b10dcc1839b6c90063,2017-08-20T17:38:19.000Z,0.00165,0x9d64b5c3255e97909fa81294b2d3003c1373a6c7,sell,0x5a84969bb663fb64f6d015dcf9f622aedc796750,0x4d479a772c1fec63424dce7d345ce0b62782ef9e824c67d169ea03d2756107e3
345,93.29578307247533,0.15393804206958428,0x975cdd040c7b55c17528b3b10dcc1839b6c90063,2017-08-20T17:36:11.000Z,0.00165,0x9d64b5c3255e97909fa81294b2d3003c1373a6c7,sell,0x5a84969bb663fb64f6d015dcf9f622aedc796750,0x344338bdd8e86a30312a3719365b529276492a319b1f097aee7b85a8f56fd2df
346,25,0.04375,0x975cdd040c7b55c17528b3b10dcc1839b6c90063,2017-08-20T17:34:39.000Z,0.00175,0x9d64b5c3255e97909fa81294b2d3003c1373a6c7,sell,0x5a84969bb663fb64f6d015dcf9f622aedc796750,0x317a2e307cde59f9be59971ebe28393972d5eaabc56ab0fb33762e9c9e19dacf
347,50,0.085,0x975cdd040c7b55c17528b3b10dcc1839b6c90063,2017-08-20T17:34:38.000Z,0.0017,0x9d64b5c3255e97909fa81294b2d3003c1373a6c7,sell,0x5a84969bb663fb64f6d015dcf9f622aedc796750,0x6393f72988bd7263791cd423481bc8a01c2734047d67315497f6ac0a470e1e3d
348,50.676,0.1114872,0x975cdd040c7b55c17528b3b10dcc1839b6c90063,2017-08-20T14:14:01.000Z,0.0022,0x22a6a895b8dbc044f2282edf3173e9f9bfc32953,buy,0x5a84969bb663fb64f6d015dcf9f622aedc796750,0x96033922b8f74c0c01670559e7b3c705cbfa0966624bcbf4d6c656d8da93fd85
349,50,0.11,0x975cdd040c7b55c17528b3b10dcc1839b6c90063,2017-08-20T14:09:43.000Z,0.0022,0xf204b82c948640ffbb6db3367d2f9457cddca076,buy,0x5a84969bb663fb64f6d015dcf9f622aedc796750,0xe558a39eca8b6a01989bc96c7d82a174a5f85e2b9f41479fea4db1fbd35df520
350,130,0.273,0x975cdd040c7b55c17528b3b10dcc1839b6c90063,2017-08-20T14:06:38.000Z,0.0021,0x5b4b37ede2318588f5453621ce0616b04f11c79b,buy,0x5a84969bb663fb64f6d015dcf9f622aedc796750,0xc01932addf66e95346f3ead9f9c63c610de721f14e6a20a0d74c0b5952a7f448
351,42.849,0.085698,0x975cdd040c7b55c17528b3b10dcc1839b6c90063,2017-08-20T14:05:06.000Z,0.002,0x9adce261bd078192e788fd87e0112fa50ae5b770,buy,0x5a84969bb663fb64f6d015dcf9f622aedc796750,0x7faef0a28084e6d13dd463ce428743fa5c554e44c96f68ab939e2b3dc2e88e72
352,2.761,0.005522,0x975cdd040c7b55c17528b3b10dcc1839b6c90063,2017-08-20T13:58:38.000Z,0.002,0xce6e959f2691d4cf8b162e70c5e64b696800ffe9,buy,0x5a84969bb663fb64f6d015dcf9f622aedc796750,0xc7470228d00989cc6a436f9c2080518d40ff18455fd73f8cc575f6a7721449cf
353,2.761019370895474,0.004417630993432758,0xce6e959f2691d4cf8b162e70c5e64b696800ffe9,2017-08-20T11:43:53.000Z,0.0015999999999999999,0xbb1154c3f46211100f5d83de3abd95591cbbf6ab,sell,0x5a84969bb663fb64f6d015dcf9f622aedc796750,0x80029c89b68785b97fa064f9a386e1c5c037627ba03fe2ac8793c5b7864836da
354,323.99561359784667,0.48599342039677,0x9adce261bd078192e788fd87e0112fa50ae5b770,2017-08-20T05:54:01.000Z,0.0015,0xbb555d962dbb43aa7b913cb2c55cbb44095785eb,sell,0x5a84969bb663fb64f6d015dcf9f622aedc796750,0xefed73eb4a56c28f347e3aabc0f07c62507095f5e5778850efbbfc5b192cc844
355,122.44740895527538,0.18367111343291306,0x9adce261bd078192e788fd87e0112fa50ae5b770,2017-08-19T20:28:15.000Z,0.0015,0x78a23d814c913b47eef70034f65d053fcc1e2c54,sell,0x5a84969bb663fb64f6d015dcf9f622aedc796750,0x34bea332a0ce9f6154bb4f820b10fd1cf296f55e78d3a39a0d4a894bd154b5bc
356,0.000039957091991108,0.00000008790560238,0xefa7abbd5fe2aef47b325619b0824d41835f5d6c,2017-08-19T20:26:27.000Z,0.0021999999999890484,0x78a23d814c913b47eef70034f65d053fcc1e2c54,sell,0x5a84969bb663fb64f6d015dcf9f622aedc796750,0x2299723d605ba2de4c856d43ad4005c5742d68e0dd5c939a08a195ae44a8d4fa
357,0.988,0.0021736,0xefa7abbd5fe2aef47b325619b0824d41835f5d6c,2017-08-19T20:24:48.000Z,0.0022,0x78a23d814c913b47eef70034f65d053fcc1e2c54,sell,0x5a84969bb663fb64f6d015dcf9f622aedc796750,0x4fa7365a1c2ed4dabbf27df9d7bf0cfcb45292fa7b2d074e08e30a66fa3a3c35
358,196.39118731931015,0.29458678097896523,0x9adce261bd078192e788fd87e0112fa50ae5b770,2017-08-19T20:06:07.000Z,0.0015,0x81445ad5b3090f18ea04046668c7f0ca9178afea,sell,0x5a84969bb663fb64f6d015dcf9f622aedc796750,0x9c8499969e7f32720dac46b12b7630ff32b5e798c3cc3264ec900f5acbb98c13
359,75.909,0.1669998,0xa29cd39eff2b8a5d040ac769e4f827336d58b244,2017-08-19T13:43:41.000Z,0.0022,0x22a6a895b8dbc044f2282edf3173e9f9bfc32953,buy,0x5a84969bb663fb64f6d015dcf9f622aedc796750,0x2ee356fe11b64a1caa936652f2f71c30b4374b3fc8da3fd6fbf88dbba415dc17
360,318.6252616902251,0.7009755757184952,0xefa7abbd5fe2aef47b325619b0824d41835f5d6c,2017-08-19T11:09:44.000Z,0.0022,0x90a2ee78a6a1f411b347ca329ba9c52bd812c0d1,sell,0x5a84969bb663fb64f6d015dcf9f622aedc796750,0x965b5d9a1b93820656f7a7aefa7fdcafd08a9d90052ed531950058023cb9bf4f
361,319.613,0.7031486,0x90a2ee78a6a1f411b347ca329ba9c52bd812c0d1,2017-08-19T11:03:56.000Z,0.0022,0x22a6a895b8dbc044f2282edf3173e9f9bfc32953,buy,0x5a84969bb663fb64f6d015dcf9f622aedc796750,0xeee63538e353c39e73874806437338bb6edd97cde502f5a24621941b7ed80a45
362,0.000014648107260072,0.000000032225835972,0xefa7abbd5fe2aef47b325619b0824d41835f5d6c,2017-08-19T11:03:56.000Z,0.0021999999999891863,0x90a2ee78a6a1f411b347ca329ba9c52bd812c0d1,sell,0x5a84969bb663fb64f6d015dcf9f622aedc796750,0xbdfc6a0c532fd26414326c40d736e44018ffaf40267e52b4b3298f9dee519190
363,49.88950562696375,0.10975691237932025,0xefa7abbd5fe2aef47b325619b0824d41835f5d6c,2017-08-19T10:29:28.000Z,0.0022,0x8d7e76edba1013332b703c33ea32bb06ee41615e,sell,0x5a84969bb663fb64f6d015dcf9f622aedc796750,0xbad8780661717837f061f65de691920a55d3c0b279d446830dcdb9d7493d28f1
364,395.1476423088426,0.8693248130794536,0xefa7abbd5fe2aef47b325619b0824d41835f5d6c,2017-08-19T07:57:02.000Z,0.0022,0x26c66f18bde464be7f892aa01e22ed33c6c73b99,sell,0x5a84969bb663fb64f6d015dcf9f622aedc796750,0xc0d8aa51b600c23e5b67530f01087ac319fe3b2922edf6b0384420c9ac827698
365,169.47462865118135,0.3728441830325989,0xefa7abbd5fe2aef47b325619b0824d41835f5d6c,2017-08-19T07:14:04.000Z,0.0022,0x3ea240bc0904c2f8577f0b4f16958ba8d19e7247,sell,0x5a84969bb663fb64f6d015dcf9f622aedc796750,0xb5fb937b8ea96f54708638d8098547f4d46373a6ffff325ae90b0f3e9cbcecff
366,500,1.1,0x37e04b823ed59e47d9e617939915e0c96d76cc96,2017-08-19T06:28:19.000Z,0.0022,0x22a6a895b8dbc044f2282edf3173e9f9bfc32953,buy,0x5a84969bb663fb64f6d015dcf9f622aedc796750,0x3f79c7bf6930efd865a6dd34008445af461e196c47fd509eb32e5830978e0a8d
367,9.969095803010667,0.021932010766623468,0xefa7abbd5fe2aef47b325619b0824d41835f5d6c,2017-08-19T06:20:36.000Z,0.0022,0xbf89f155ed02230b38baa01c50e624113caa774d,sell,0x5a84969bb663fb64f6d015dcf9f622aedc796750,0x1da95ab7eed2333814eb5a7b043a77a86a2ac3e3739e0c705b8b179ee39f15a9
368,10,0.022,0xefa7abbd5fe2aef47b325619b0824d41835f5d6c,2017-08-19T01:40:45.000Z,0.0022,0x23ce9f95dcda612bfbb243d576f1a1d4e1a7b658,sell,0x5a84969bb663fb64f6d015dcf9f622aedc796750,0xa91627ba45945db3dc390be3dfce32799c53ace4ecfc60b338699adc78e4c054
369,36,0.0792,0xefa7abbd5fe2aef47b325619b0824d41835f5d6c,2017-08-19T01:06:23.000Z,0.0022,0x23ce9f95dcda612bfbb243d576f1a1d4e1a7b658,sell,0x5a84969bb663fb64f6d015dcf9f622aedc796750,0x94c04f2fb3f7369102f56f5ede59351c67def2506fd030a3dc824722d703b9be
370,0.021049133583987675,0.000046308093884772,0xefa7abbd5fe2aef47b325619b0824d41835f5d6c,2017-08-18T16:26:35.000Z,0.002199999999999958,0xa021d614767da70616989e1b683ad20871476cfb,sell,0x5a84969bb663fb64f6d015dcf9f622aedc796750,0x40fb2349cea40cd3e95c8395686c87e7fc2486232c6acb684527b87b6ed08680
371,498.74090320001295,1.0972299870400286,0xefa7abbd5fe2aef47b325619b0824d41835f5d6c,2017-08-18T02:59:31.000Z,0.0022,0x2d42b7be072d69379af9cc671b085a2cf9549a08,sell,0x5a84969bb663fb64f6d015dcf9f622aedc796750,0x1e57d662139b401b67255abab330d77a0e50903dcfa08029820b884dd78c3aa3
372,161.622,0.3717306,0xf204b82c948640ffbb6db3367d2f9457cddca076,2017-08-18T00:54:52.000Z,0.0023,0x9f2b0ae6e964452549224fa369e05ee4e7ffe7c1,buy,0x5a84969bb663fb64f6d015dcf9f622aedc796750,0xb77256adf5d4f5b56f2b246c77591edb6965dc7dc5836b4763d0e7f9ad053a38
373,211.14385898098035,0.46451648975815674,0xefa7abbd5fe2aef47b325619b0824d41835f5d6c,2017-08-18T00:38:07.000Z,0.0022,0xa021d614767da70616989e1b683ad20871476cfb,sell,0x5a84969bb663fb64f6d015dcf9f622aedc796750,0x2194ef1cd4b46ff274463028be7179c4cc67eac24ccee71600088e9a97b8ba33
374,23.190712619013844,0.05101956776183046,0xefa7abbd5fe2aef47b325619b0824d41835f5d6c,2017-08-17T18:43:33.000Z,0.0022,0x23ce9f95dcda612bfbb243d576f1a1d4e1a7b658,sell,0x5a84969bb663fb64f6d015dcf9f622aedc796750,0x4be75c69257981492e90e209f6dcef499daadb16810ceb6539649f82f762ffda
375,0.00000000000013375,0.000000000000000321,0x8fe1221e696b8a66c8142c9b5f617263bb8383d2,2017-08-17T18:22:24.000Z,0.0024,0x23ce9f95dcda612bfbb243d576f1a1d4e1a7b658,buy,0x5a84969bb663fb64f6d015dcf9f622aedc796750,0x0141f14d1af4e6bd41f79c05fd74acef1d8edae18d9cdae72c2dc5137c1fcb8a
