,amount,amountBase,buyer,date,price,seller,side,tokenAddr,txHash
0,6813.060865498772,2.2483100856145946,0x1face558e1aa21ec4baae03826fba9e39c67a9d7,2017-11-02T15:22:23.000Z,0.00033,0xc4848c8c9e2325e32a1b3110229fe307ec5e6252,buy,0xe3818504c1b32bf1557b16c238b2e01fd3149c17,0x887c02054a2b86383e649314bde64e6e143c9b532cb838579a24cea61130f762
1,25005.178510254573,8.251708908384009,0x44582155170e36250a44e06f454a45657ac117b8,2017-11-02T15:21:03.000Z,0.00033,0xc4848c8c9e2325e32a1b3110229fe307ec5e6252,buy,0xe3818504c1b32bf1557b16c238b2e01fd3149c17,0x37491c20b31dbac65bec6352c7073a6109aadee6053e0e6807d4c7a80f041363
2,6042.1370557819555,1.9939052284080454,0x6e6d1b292c2dff2c20128b6b3b5cc6131419855b,2017-11-02T15:16:45.000Z,0.00033,0xc4848c8c9e2325e32a1b3110229fe307ec5e6252,buy,0xe3818504c1b32bf1557b16c238b2e01fd3149c17,0xa65fff38cffba301ccd9c953e61d58a7ff4a2bc5cfd26aa3084d3fce8a714715
3,587.84,0.19868992,0x3918f6c9366759dae887e9e60a280670706ef8a7,2017-11-02T15:06:29.000Z,0.000338,0x242daf62dc3abc87c36aea0b593d223f919e918f,buy,0xe3818504c1b32bf1557b16c238b2e01fd3149c17,0x5c96977c109bfb8ca6d106a24972be6d666e02a4a8eb52a08011880ac6c1925a
4,1504.71,0.5000000859,0x65f403f5ce12908bfa7d8089f54f097e8b686fae,2017-11-02T14:39:47.000Z,0.00033229,0x43c56f0bed0cbb91de851e39054ebeff63f394c8,sell,0xe3818504c1b32bf1557b16c238b2e01fd3149c17,0xb91844d03bef6372439e2f4156dc8d2907b610fe62650c17245563dfa52f7fd2
5,3700,1.33015,0xcf2ee45e4d41b438358b2ea8ec3597986f0569c4,2017-11-02T14:36:32.000Z,0.0003595,0x43c56f0bed0cbb91de851e39054ebeff63f394c8,sell,0xe3818504c1b32bf1557b16c238b2e01fd3149c17,0x56be64d386c5a0dc9aee7102d26deee2521fb57d93391ab027ff4d05e12ac996
6,5.45,0.002071,0xcf2ee45e4d41b438358b2ea8ec3597986f0569c4,2017-11-02T14:30:45.000Z,0.00038,0x7d540916a56758836eb260ec85aaa8b7a785c702,sell,0xe3818504c1b32bf1557b16c238b2e01fd3149c17,0xf1da76cfb23a478453450be5804550f736ff6ab26b6296b01bfed38c9a5100d3
7,1476.15,0.526424613,0xd8638b6b089ebbe495f1a7a2a7e4806f38628fbc,2017-11-02T14:27:43.000Z,0.00035662,0x65f403f5ce12908bfa7d8089f54f097e8b686fae,buy,0xe3818504c1b32bf1557b16c238b2e01fd3149c17,0xd07b47faa53335d172184b551569e5f841a3f2956191a1525364ae907a39fef5
8,1822.2714473684211,0.6560177210526316,0x1d5321e125f6c7079a716705541c7b371ca79e69,2017-11-02T14:26:59.000Z,0.00036,0x32de59a4dd4403265a5dacc15396520f1b1acd49,buy,0xe3818504c1b32bf1557b16c238b2e01fd3149c17,0xd2ddaca67391fc1a5e48ae1a30a6833f9f980fc5590ac7565ce333922ec4bb91
9,1816.8209844151754,0.6903919740777666,0xcf2ee45e4d41b438358b2ea8ec3597986f0569c4,2017-11-02T14:26:59.000Z,0.00037999999999999997,0x1d5321e125f6c7079a716705541c7b371ca79e69,sell,0xe3818504c1b32bf1557b16c238b2e01fd3149c17,0xd2ddaca67391fc1a5e48ae1a30a6833f9f980fc5590ac7565ce333922ec4bb91
10,21932.01076662347,7.217824743295783,0x43c56f0bed0cbb91de851e39054ebeff63f394c8,2017-11-02T14:14:29.000Z,0.0003291,0xe1debfa18c270d99a58d008d7f3624c25200d49d,sell,0xe3818504c1b32bf1557b16c238b2e01fd3149c17,0x10a88878c4d507a5e61fb7a8bdb302a394c3559018ae18a42814aa7b743b42e3
11,2468,0.8124656,0xd8638b6b089ebbe495f1a7a2a7e4806f38628fbc,2017-11-02T14:11:23.000Z,0.0003292,0x43c56f0bed0cbb91de851e39054ebeff63f394c8,sell,0xe3818504c1b32bf1557b16c238b2e01fd3149c17,0x0ff125eb4d96d748e4931750160721f3a0be58a36f0aa41d40edd26ea26e4c7f
12,454.28071806484286,0.14954921238694627,0xd8638b6b089ebbe495f1a7a2a7e4806f38628fbc,2017-11-02T14:08:50.000Z,0.0003292,0x8fb4db85b9e1626e8736965096e1dbca26a2b557,sell,0xe3818504c1b32bf1557b16c238b2e01fd3149c17,0x6f1adfa60be9d79cac84b6c2b2b1ddcd2a2652ee25d6525e86bdea2b7ee63306
13,1168.21,0.3855093,0x7d540916a56758836eb260ec85aaa8b7a785c702,2017-11-02T14:03:12.000Z,0.00033,0x8fb4db85b9e1626e8736965096e1dbca26a2b557,sell,0xe3818504c1b32bf1557b16c238b2e01fd3149c17,0x0ab4adfabe2ea18fcb26b7d0934135ab2cf54e8adab7f5db452ab4b2ae3ea37e
14,0.7408822337754901,0.000243824343135513,0xaccba48528d5d958f452ac0acec373dda8174612,2017-11-02T13:58:31.000Z,0.0003290999999999989,0xfa4a20068f08882a44a30c75b6a0cec917c5dd5e,sell,0xe3818504c1b32bf1557b16c238b2e01fd3149c17,0x4512787cd725a876b9e5f837d87ba79b38c9d8cfab3e15e4e812c8f7ce4de8f6
15,1.3869663993520094,0.0005,0x4fda9e6bcd83af6c5cc771b5d20accc2b7720074,2017-11-02T13:57:35.000Z,0.000360499,0x4509fd83dff3f863cf5e2a3c4991c1e66baa877c,buy,0xe3818504c1b32bf1557b16c238b2e01fd3149c17,0x53f03caff164e4447c1eff401ba77d85dd288bdbe31a2e0e39bbdc6c7adaa9a2
16,1090.5975889423291,0.36666,0xda3ebe2885da8898459b736692f3790893dc6d6e,2017-11-02T13:57:35.000Z,0.000336201,0x8fb4db85b9e1626e8736965096e1dbca26a2b557,sell,0xe3818504c1b32bf1557b16c238b2e01fd3149c17,0x189c52fd299c629b437f03f1e255e34f8e5ab9533d2e447d94f3c97c168c2c9e
17,2000,0.672424,0xad5b3fbc469313e21efe4117627a658424091b0a,2017-11-02T13:57:35.000Z,0.000336212,0x8fb4db85b9e1626e8736965096e1dbca26a2b557,sell,0xe3818504c1b32bf1557b16c238b2e01fd3149c17,0x0bf8284bd5961c3a470cf277c8400d68dbd15eefd2776e023f2b9bdd9df0e552
18,18,0.006488982,0xc132b9eefec69ae875fce464187711268b3f72e6,2017-11-02T13:56:09.000Z,0.000360499,0x4509fd83dff3f863cf5e2a3c4991c1e66baa877c,buy,0xe3818504c1b32bf1557b16c238b2e01fd3149c17,0x1ac67aceaefdbc5ff93416234e5a9b44f5fadf7e2c2f0cc2a8b4892bd8ea980c
19,587.8433149683522,0.19763997661213964,0x242daf62dc3abc87c36aea0b593d223f919e918f,2017-11-02T13:52:32.000Z,0.000336212,0xfa4a20068f08882a44a30c75b6a0cec917c5dd5e,buy,0xe3818504c1b32bf1557b16c238b2e01fd3149c17,0x13ef8d7c140fe21a2c9d9fceca99fc7c007da3083ad074787707f4fac0284c78
20,2250,0.75667725,0x8e7f4dae840efa4bf776f8d0b8830ef97485effa,2017-11-02T13:52:32.000Z,0.000336301,0xfa4a20068f08882a44a30c75b6a0cec917c5dd5e,sell,0xe3818504c1b32bf1557b16c238b2e01fd3149c17,0x156b7aac3b943804a67bcc87b328ce14b978d26b39962b084307ee11091bca39
21,5982,2.03388,0xc132b9eefec69ae875fce464187711268b3f72e6,2017-11-02T13:52:03.000Z,0.00034,0x273a5d3e6721b9f5c1a6474f560c1334c63dda01,sell,0xe3818504c1b32bf1557b16c238b2e01fd3149c17,0x7d1e728bb73c12da59ba01632b5460940c72ca70afbfbf285205d46c0b7bed20
22,6000,2.017272,0x273a5d3e6721b9f5c1a6474f560c1334c63dda01,2017-11-02T13:52:03.000Z,0.000336212,0xfa4a20068f08882a44a30c75b6a0cec917c5dd5e,buy,0xe3818504c1b32bf1557b16c238b2e01fd3149c17,0x7d1e728bb73c12da59ba01632b5460940c72ca70afbfbf285205d46c0b7bed20
23,20000,7.02,0xffb303c6a9243d19e4dc50f9776acc57a2c9cfe7,2017-11-02T13:49:29.000Z,0.000351,0xfa4a20068f08882a44a30c75b6a0cec917c5dd5e,sell,0xe3818504c1b32bf1557b16c238b2e01fd3149c17,0x1f20665d99a19cd075607f33c511d8c029fdb934f6a7fbad634044d06ce533de
24,1.3869663993520094,0.0005,0x3075f7f189912f4f425dd7021b9c396434197477,2017-11-02T13:44:17.000Z,0.000360499,0x4509fd83dff3f863cf5e2a3c4991c1e66baa877c,buy,0xe3818504c1b32bf1557b16c238b2e01fd3149c17,0xcfb0eebd7b904b14319d540891fd40e14e21e826f84cc5bf94a62693847ee6ed
25,697.079,0.2494845741,0xffb303c6a9243d19e4dc50f9776acc57a2c9cfe7,2017-11-02T13:40:47.000Z,0.0003579,0x65f403f5ce12908bfa7d8089f54f097e8b686fae,buy,0xe3818504c1b32bf1557b16c238b2e01fd3149c17,0x720282c05c3accd9a36d4c59dbbde8f2b734e5d6b9780675dfcfab006041df6a
26,724.2148390004955,0.25919649087827734,0x9ed82ad7d3e0d18881b9ab15dee1e5c9d4662852,2017-11-02T13:35:27.000Z,0.0003579,0x65f403f5ce12908bfa7d8089f54f097e8b686fae,buy,0xe3818504c1b32bf1557b16c238b2e01fd3149c17,0xc8bb245ce3bbb648d3c8f8aca03fbc50bc10124df5678a994c8dd61fba10ea08
27,0.006,0.0000021474,0x1d5321e125f6c7079a716705541c7b371ca79e69,2017-11-02T13:28:29.000Z,0.0003579,0x65f403f5ce12908bfa7d8089f54f097e8b686fae,buy,0xe3818504c1b32bf1557b16c238b2e01fd3149c17,0x9463f772090d69378033828d9bf65118c8f0381eec34e56c0037442342dae926
28,0.005982053838484546,0.000017946161515453,0xb94d3b9aeb26bdfcac18b6cabd3c0f8faaa7cae5,2017-11-02T13:28:29.000Z,0.0029999999999998934,0x1d5321e125f6c7079a716705541c7b371ca79e69,sell,0xe3818504c1b32bf1557b16c238b2e01fd3149c17,0x9463f772090d69378033828d9bf65118c8f0381eec34e56c0037442342dae926
29,28081.360145742816,10.123330332540284,0x706425fdc4d00b064a5592694cf69c434e078d5e,2017-11-02T12:33:11.000Z,0.0003605,0x43c56f0bed0cbb91de851e39054ebeff63f394c8,buy,0xe3818504c1b32bf1557b16c238b2e01fd3149c17,0x2928a33cec724f1d1feb7d0035fedb433f8a56b2c92f2f93ff4885a26fef52a5
30,2565,0.93573765,0x706425fdc4d00b064a5592694cf69c434e078d5e,2017-11-02T12:32:14.000Z,0.00036481,0xaccba48528d5d958f452ac0acec373dda8174612,buy,0xe3818504c1b32bf1557b16c238b2e01fd3149c17,0x563c0ed7c9baaaf14f3304ec733e87499b106f898cafc6084ad6a167d5f60207
31,1000,0.36666,0x706425fdc4d00b064a5592694cf69c434e078d5e,2017-11-02T12:32:14.000Z,0.00036666,0xda3ebe2885da8898459b736692f3790893dc6d6e,buy,0xe3818504c1b32bf1557b16c238b2e01fd3149c17,0x12b781ab3c097d0b2719559a4d806157a0b097d03990018187ec11dd413ee4af
32,1500,0.5472285,0x706425fdc4d00b064a5592694cf69c434e078d5e,2017-11-02T12:32:14.000Z,0.000364819,0x8e7f4dae840efa4bf776f8d0b8830ef97485effa,buy,0xe3818504c1b32bf1557b16c238b2e01fd3149c17,0x01caf0890faa89462d68c43a10569d0cf832d478db3dfe3d977827038232404e
33,396.72,0.14314411368,0x706425fdc4d00b064a5592694cf69c434e078d5e,2017-11-02T12:32:14.000Z,0.000360819,0x8e7f4dae840efa4bf776f8d0b8830ef97485effa,buy,0xe3818504c1b32bf1557b16c238b2e01fd3149c17,0x02d05b6de5b85d4e7f03204032795e357a11bc281f863ae36dae227b6439efba
34,1000,0.360819,0x706425fdc4d00b064a5592694cf69c434e078d5e,2017-11-02T12:32:02.000Z,0.000360819,0xe79b8a7d68cc48da7d456b9b202279d68fa88c32,buy,0xe3818504c1b32bf1557b16c238b2e01fd3149c17,0x1f9cea3be6676187ad6e0b6a8d4fba09bc515ffd23bd13ba1ae1ca5aa9aa9af1
35,3400,1.1594,0x4509fd83dff3f863cf5e2a3c4991c1e66baa877c,2017-11-02T12:24:39.000Z,0.000341,0x43c56f0bed0cbb91de851e39054ebeff63f394c8,sell,0xe3818504c1b32bf1557b16c238b2e01fd3149c17,0x4a2ccefaa506f7ca6a527876cfd9b453542273ee2eaa151b01756bb6df9ab44b
36,2000,0.682002,0x8e7f4dae840efa4bf776f8d0b8830ef97485effa,2017-11-02T12:24:05.000Z,0.000341001,0x43c56f0bed0cbb91de851e39054ebeff63f394c8,sell,0xe3818504c1b32bf1557b16c238b2e01fd3149c17,0x7e900d9e191e1c59f9d8fe023b66d67de697c617488501d6b89b2517905221a4
37,150,0.05412285,0xb316cc92756ec285e518d5e7237a8706be0684ce,2017-11-02T12:22:44.000Z,0.000360819,0x8e7f4dae840efa4bf776f8d0b8830ef97485effa,buy,0xe3818504c1b32bf1557b16c238b2e01fd3149c17,0xc9afaebeb4c3a7bfb92c6c1da44fde081b276e303ed7d07ca5b7d57ed60d60e6
38,2700,0.99306,0x5a71b1979b1c392d1f96fc11207879d1632aa55f,2017-11-02T11:58:56.000Z,0.0003678,0x43c56f0bed0cbb91de851e39054ebeff63f394c8,buy,0xe3818504c1b32bf1557b16c238b2e01fd3149c17,0x9081f27c9eeaef2b4e7f41d79129bc680182ef6696aa1a5f2db2110e84b84f90
39,435,0.15869235,0x5a02a9ba153eed48ff68b0c73e92e37523156b6e,2017-11-02T11:50:30.000Z,0.00036481,0xaccba48528d5d958f452ac0acec373dda8174612,buy,0xe3818504c1b32bf1557b16c238b2e01fd3149c17,0xc2778481c0feeef60d555fcdb104c0367a85fa8b787a7131ee4132fc78527fc8
40,15000,5.697,0xd848d35ea908828d1a064a7c0bb2aebb8486da57,2017-11-02T11:39:54.000Z,0.0003798,0xd815bbdb973fcfae73f27ddc9a135e377028c1c5,sell,0xe3818504c1b32bf1557b16c238b2e01fd3149c17,0xad8bff83c04d97f2ad0fea7308028c09c52f98e5b2ccd6ca33d8f0d74d985cb2
41,15045,5.533551,0xd815bbdb973fcfae73f27ddc9a135e377028c1c5,2017-11-02T11:39:54.000Z,0.0003678,0x43c56f0bed0cbb91de851e39054ebeff63f394c8,buy,0xe3818504c1b32bf1557b16c238b2e01fd3149c17,0xad8bff83c04d97f2ad0fea7308028c09c52f98e5b2ccd6ca33d8f0d74d985cb2
42,148,0.0561068,0x1ca0fff4a30b5c59966530e95b1de12bce7ed2a3,2017-11-02T11:37:33.000Z,0.0003791,0x4509fd83dff3f863cf5e2a3c4991c1e66baa877c,buy,0xe3818504c1b32bf1557b16c238b2e01fd3149c17,0xdc8fba8cdc441583968c53dddda168a82fabda6d70e2aada4568c279307ce89a
43,1953.2797226800953,0.7047804362577094,0x823970e2b23e8143c8e9934e4f02d8e7cb0f7fd4,2017-11-02T11:35:12.000Z,0.000360819,0x8e7f4dae840efa4bf776f8d0b8830ef97485effa,buy,0xe3818504c1b32bf1557b16c238b2e01fd3149c17,0x01fcfccf33972c2af88662104b02cbbdc2952bbfd5fe7f1361d677b816680266
44,2230.6757813174218,0.7334461968971683,0x61617f93fd933aab1a6121b10c40209e847c7866,2017-11-02T11:26:01.000Z,0.00032879999999999997,0xdc7439a92014f453c471839ab5bdfcf84a3dcdd4,sell,0xe3818504c1b32bf1557b16c238b2e01fd3149c17,0xfbef650a46a2783b976c1875d6c234aa3625f8a133e2b873fe55283c9679e3bd
45,18072.19254612213,5.963823540220302,0x491e84c3b3122f92f7111c0f5c98ee9c4b13316c,2017-11-02T11:23:54.000Z,0.00033,0xdc7439a92014f453c471839ab5bdfcf84a3dcdd4,sell,0xe3818504c1b32bf1557b16c238b2e01fd3149c17,0x820b21cfb7f0d194939580aa81d343ddb94558f38d3506c78d1b79c2fdada6d2
46,1573.0977412050743,0.5191222545976745,0x491e84c3b3122f92f7111c0f5c98ee9c4b13316c,2017-11-02T11:21:01.000Z,0.00033,0xa5239f07cdc6f8d49bc42f2b535f310f3c3c1a44,sell,0xe3818504c1b32bf1557b16c238b2e01fd3149c17,0xeab69b5de64598101bab4dcfa37d3a71f72f0004feb8954c6fcfd1581207dfd6
47,1.994,0.005982,0xb94d3b9aeb26bdfcac18b6cabd3c0f8faaa7cae5,2017-11-02T11:16:35.000Z,0.003,0xf44072eda87ede9613b6ae1b812de8a60ade27a2,sell,0xe3818504c1b32bf1557b16c238b2e01fd3149c17,0x61814a2b588f5b55e8e4609c69b6f3992545e6232500ece35fe8daa926a20926
48,2,0.0007582,0xf44072eda87ede9613b6ae1b812de8a60ade27a2,2017-11-02T11:16:35.000Z,0.0003791,0x4509fd83dff3f863cf5e2a3c4991c1e66baa877c,buy,0xe3818504c1b32bf1557b16c238b2e01fd3149c17,0x61814a2b588f5b55e8e4609c69b6f3992545e6232500ece35fe8daa926a20926
49,610.769,0.203589463077,0xf1b4f33007fa56c6ab0f88c3e8d13b428e1bda21,2017-11-02T11:15:14.000Z,0.000333333,0xa5239f07cdc6f8d49bc42f2b535f310f3c3c1a44,sell,0xe3818504c1b32bf1557b16c238b2e01fd3149c17,0x4c7f9e863413e1c72cc0be7b51416c20b5ffaadbfab6338cf4983c407efe210e
50,3000,0.99003,0x4ff2428c439e3623c9924ae520f16e459d1e6d99,2017-11-02T11:13:46.000Z,0.00033001,0xa5239f07cdc6f8d49bc42f2b535f310f3c3c1a44,sell,0xe3818504c1b32bf1557b16c238b2e01fd3149c17,0x7593a970905a7228c0a26b5d7ed770e5e3fe62122b232ba9eb8f29511f304e07
51,1654.4658811537288,0.5562330837097648,0xda3ebe2885da8898459b736692f3790893dc6d6e,2017-11-02T11:12:54.000Z,0.000336201,0xa5239f07cdc6f8d49bc42f2b535f310f3c3c1a44,sell,0xe3818504c1b32bf1557b16c238b2e01fd3149c17,0x4774fb0dad98ffcbc163979395cc9d2bd80acbeb08c1f97e52b9c25b8073feb3
52,1000,0.341001,0x8e7f4dae840efa4bf776f8d0b8830ef97485effa,2017-11-02T11:11:57.000Z,0.000341001,0xa5239f07cdc6f8d49bc42f2b535f310f3c3c1a44,sell,0xe3818504c1b32bf1557b16c238b2e01fd3149c17,0x2dde34496af87954b78801aba750472e31a28b010258f21be667fafb1cbe3496
53,2203.4373976493657,0.8104242748554367,0xc8aa2f1cfee78848fd31cea466fc83b5253665a2,2017-11-02T11:10:34.000Z,0.0003678,0x43c56f0bed0cbb91de851e39054ebeff63f394c8,buy,0xe3818504c1b32bf1557b16c238b2e01fd3149c17,0xa3981c73b272d7da923f4ed77dd72a1a26f60ad754be84e8e7980b79b7ebd4a2
54,3000,1.0083,0xaccba48528d5d958f452ac0acec373dda8174612,2017-11-02T11:10:34.000Z,0.0003361,0xa5239f07cdc6f8d49bc42f2b535f310f3c3c1a44,sell,0xe3818504c1b32bf1557b16c238b2e01fd3149c17,0x4f372fcb3ab6dfec88ea0d11387f415b1be16dbd2b9440b1b2450fdf6341bc4a
55,2500,0.8505,0xad8e360975430ebab7f4cba2163e3aecce5afdcb,2017-11-02T11:10:34.000Z,0.0003402,0xa5239f07cdc6f8d49bc42f2b535f310f3c3c1a44,sell,0xe3818504c1b32bf1557b16c238b2e01fd3149c17,0xd685971876b8585c3842b373306eeaf6d79923cb386170ae640ba9cf51b6c565
56,1820.39,0.61948053739,0xda3ebe2885da8898459b736692f3790893dc6d6e,2017-11-02T11:08:59.000Z,0.000340301,0xa5239f07cdc6f8d49bc42f2b535f310f3c3c1a44,sell,0xe3818504c1b32bf1557b16c238b2e01fd3149c17,0xb2d1f65bddd6c57f1ff8bd412469c005244bfd84a9f1437f3aab5a8e24673ff6
57,1500,0.5250015,0x8e7f4dae840efa4bf776f8d0b8830ef97485effa,2017-11-02T11:08:31.000Z,0.000350001,0xa5239f07cdc6f8d49bc42f2b535f310f3c3c1a44,sell,0xe3818504c1b32bf1557b16c238b2e01fd3149c17,0x26da9eea66f420a525075e71e1b54f6f24e8af84b3da816ecd3542d47b9d5c04
58,1421.3,0.499999127,0x65f403f5ce12908bfa7d8089f54f097e8b686fae,2017-11-02T11:08:31.000Z,0.00035179,0xa5239f07cdc6f8d49bc42f2b535f310f3c3c1a44,sell,0xe3818504c1b32bf1557b16c238b2e01fd3149c17,0xf72a091b343080c1f413f1b6114f85083529b1b39b5a857ef4a269c571c00c3f
59,1860,0.6603,0x13747751b6af1d598b41dd237969eba0a83ee0a2,2017-11-02T11:08:15.000Z,0.000355,0xa5239f07cdc6f8d49bc42f2b535f310f3c3c1a44,sell,0xe3818504c1b32bf1557b16c238b2e01fd3149c17,0xf0eb679176ae83117e136651b859d8df2df01e2a2080c18e0c55be9e96fefdb7
60,1175,0.43475,0x00dfe5c882d00179cd74cedd460f98776952b731,2017-11-02T11:00:16.000Z,0.00037,0x13747751b6af1d598b41dd237969eba0a83ee0a2,sell,0xe3818504c1b32bf1557b16c238b2e01fd3149c17,0xfd5c52bf0dac133810463536685256c0ffa445c93a48b0b18dcd65631ec4618d
61,1500,0.555,0x00dfe5c882d00179cd74cedd460f98776952b731,2017-11-02T10:58:59.000Z,0.00037,0xda3ebe2885da8898459b736692f3790893dc6d6e,sell,0xe3818504c1b32bf1557b16c238b2e01fd3149c17,0xa13bc4f4d3987dd8b679e0e5b57dd261145eceff8b35e64e9b025d06a2bfe3b7
62,1500,0.555,0x00dfe5c882d00179cd74cedd460f98776952b731,2017-11-02T10:58:48.000Z,0.00037,0xda3ebe2885da8898459b736692f3790893dc6d6e,sell,0xe3818504c1b32bf1557b16c238b2e01fd3149c17,0xa13bc4f4d3987dd8b679e0e5b57dd261145eceff8b35e64e9b025d06a2bfe3b7
63,2004.660581748291,0.7377130894227893,0x5a02a9ba153eed48ff68b0c73e92e37523156b6e,2017-11-02T10:55:59.000Z,0.000367999,0xb3d2860c5c13397b906e8b7781eb1cd194dec6cc,buy,0xe3818504c1b32bf1557b16c238b2e01fd3149c17,0xdd76d7b97ae60620d0d1016b233cc60b3d65722db196923285f4df97be022fad
64,8862.008562456784,3.0130829112353066,0x43c56f0bed0cbb91de851e39054ebeff63f394c8,2017-11-02T10:49:52.000Z,0.00033999999999999997,0x5d2b747bd4e337d10424c2f964c522a90c5f0780,sell,0xe3818504c1b32bf1557b16c238b2e01fd3149c17,0x8d29958ab6d806761f88a5539f99684ee3efe7a3c574d3b17134af42192b1e45
65,20000,6.802,0x99c203d0d7f4d78849272b4ffe69764a91a09e76,2017-11-02T10:49:09.000Z,0.0003401,0x5d2b747bd4e337d10424c2f964c522a90c5f0780,sell,0xe3818504c1b32bf1557b16c238b2e01fd3149c17,0x8c8703cff4477c4c76f4c449343d1e1b54dc494baa036e3e587a726843642ad9
66,300,0.1103997,0xb94d3b9aeb26bdfcac18b6cabd3c0f8faaa7cae5,2017-11-02T10:43:13.000Z,0.000367999,0xb3d2860c5c13397b906e8b7781eb1cd194dec6cc,buy,0xe3818504c1b32bf1557b16c238b2e01fd3149c17,0x83f9b270748b280450bd39e92753ecf1639fc31ecdba01268db63122fb736859
67,498.45479015053337,0.17445917655268667,0x13747751b6af1d598b41dd237969eba0a83ee0a2,2017-11-02T10:17:53.000Z,0.00035,0x793807e7fcc3bc4705dcd8eb802ac06a5f580a3d,sell,0xe3818504c1b32bf1557b16c238b2e01fd3149c17,0x7245bc4b67c62cfad2e1aab502a4b2efe7ded5aea4a02edd8be69c7ecd9b9acf
68,167.623,0.0620037477,0x9c9ba4d8a3bd599746a9950037230d8a94c6c49b,2017-11-02T10:02:33.000Z,0.0003699,0x4509fd83dff3f863cf5e2a3c4991c1e66baa877c,buy,0xe3818504c1b32bf1557b16c238b2e01fd3149c17,0xed2b7a2535274dcc3088d5e8fd45b3065dc495207392edcbe3c8c42db929cf5e
69,2300,0.8739977,0x9c9ba4d8a3bd599746a9950037230d8a94c6c49b,2017-11-02T10:02:03.000Z,0.000379999,0x8e7f4dae840efa4bf776f8d0b8830ef97485effa,buy,0xe3818504c1b32bf1557b16c238b2e01fd3149c17,0xb1d749542f1c37e147075e3518996e4538edb6f1f32fa5237ab74e0cc2877da8
70,1000,0.379,0x9c9ba4d8a3bd599746a9950037230d8a94c6c49b,2017-11-02T10:01:10.000Z,0.000379,0x32de59a4dd4403265a5dacc15396520f1b1acd49,buy,0xe3818504c1b32bf1557b16c238b2e01fd3149c17,0x7babefbc163241bcefd7dda0a5bd171ad737581a9bd024b8a33b73de8357d431
71,1000,0.375,0x9c9ba4d8a3bd599746a9950037230d8a94c6c49b,2017-11-02T10:00:47.000Z,0.000375,0x32de59a4dd4403265a5dacc15396520f1b1acd49,buy,0xe3818504c1b32bf1557b16c238b2e01fd3149c17,0x52892a387be5564c87332b8963dd069e5fec73e94cc3b63fd83761381dc6ee9d
72,7700,2.833523,0x9c9ba4d8a3bd599746a9950037230d8a94c6c49b,2017-11-02T09:59:01.000Z,0.00036799,0x7d540916a56758836eb260ec85aaa8b7a785c702,buy,0xe3818504c1b32bf1557b16c238b2e01fd3149c17,0x136ea0f06ce178170b70857b9b4577af180dd253700c84e42652997dfa7b5577
73,1100,0.4015,0x4680f5c6f55b46e9d86e33c7bd49655e585cb913,2017-11-02T09:51:37.000Z,0.000365,0x13747751b6af1d598b41dd237969eba0a83ee0a2,buy,0xe3818504c1b32bf1557b16c238b2e01fd3149c17,0xc7b5e9319aae61df783d88de29da416ecb34021b7a6c9af6c805b9bdbfd2aa42
74,1521.119,0.55453914264,0x4680f5c6f55b46e9d86e33c7bd49655e585cb913,2017-11-02T09:46:35.000Z,0.00036456,0x65f403f5ce12908bfa7d8089f54f097e8b686fae,buy,0xe3818504c1b32bf1557b16c238b2e01fd3149c17,0x181e30d4920861ef82a3673efa7ff42464ad75097d8e448f372b262d8e349dc8
75,2800,1.029,0x4680f5c6f55b46e9d86e33c7bd49655e585cb913,2017-11-02T09:45:01.000Z,0.0003675,0x4509fd83dff3f863cf5e2a3c4991c1e66baa877c,buy,0xe3818504c1b32bf1557b16c238b2e01fd3149c17,0x8f65969f8e41225613caa7587688af2ccf1b57af202f713387ef1cfbb3f8e361
76,1279.6097463367232,0.43545247628813327,0xda3ebe2885da8898459b736692f3790893dc6d6e,2017-11-02T09:13:01.000Z,0.000340301,0xe300b3909aad54fd05e919e39f402c842e0037d3,sell,0xe3818504c1b32bf1557b16c238b2e01fd3149c17,0x28965a172949f1f69f425a79e02fda86078e621b1a51a4009035c316e89ab51a
77,333.0156659450652,0.11329226257017715,0xc90bd0e7ebb1bc7cd2ec035481b7e3bcb70c1818,2017-11-02T09:04:10.000Z,0.000340201,0xe300b3909aad54fd05e919e39f402c842e0037d3,sell,0xe3818504c1b32bf1557b16c238b2e01fd3149c17,0xe458bbbf9fbe43a5ccbd2a5fbf4153d6531684f14c810636ae909e7cbfff2419
78,491.79892333765326,0.1699165280131592,0x4509fd83dff3f863cf5e2a3c4991c1e66baa877c,2017-11-02T09:03:50.000Z,0.0003455,0xe300b3909aad54fd05e919e39f402c842e0037d3,sell,0xe3818504c1b32bf1557b16c238b2e01fd3149c17,0xbfea3049e791d688520374a2479edde4572503996fafa8ca2bbd375eae2ff3a5
79,197.23596318542567,0.06804640729897185,0x12f5b0a2b35b62a909ed56a4a89a832a46cef08b,2017-11-02T09:03:50.000Z,0.000345,0xe300b3909aad54fd05e919e39f402c842e0037d3,sell,0xe3818504c1b32bf1557b16c238b2e01fd3149c17,0x1c899228106e05c6b6825c2ae8a98acce65584c60409ca2f718cd5770f4ac4ce
80,0.06359130037433304,0.000021938998629144,0x12f5b0a2b35b62a909ed56a4a89a832a46cef08b,2017-11-02T09:00:06.000Z,0.00034499999999998583,0xa110c8fb29ceb0478b4855bd6a7823d6cd639c21,sell,0xe3818504c1b32bf1557b16c238b2e01fd3149c17,0x2264642864ff7da3ce00e076a90354dde337c94c1ee3332a4304171062f1cf7d
81,2193.2010766623466,0.7577509719868408,0x4509fd83dff3f863cf5e2a3c4991c1e66baa877c,2017-11-02T08:59:40.000Z,0.0003455,0x1387f9e57202f430f07ca0c319d65ae5ef950182,sell,0xe3818504c1b32bf1557b16c238b2e01fd3149c17,0x7e160b53e56128de8e3f95c14cbcecb61ad7ce6c8210d9d8a2161f8455ad6c85
82,637.8843340549347,0.21700888832982285,0xc90bd0e7ebb1bc7cd2ec035481b7e3bcb70c1818,2017-11-02T08:59:17.000Z,0.000340201,0xa110c8fb29ceb0478b4855bd6a7823d6cd639c21,sell,0xe3818504c1b32bf1557b16c238b2e01fd3149c17,0xb430f2300329b0799c89ec3d91a642a0a96243d1dfd6e046fb329f354429b7ba
83,1454.8,0.500000212,0x65f403f5ce12908bfa7d8089f54f097e8b686fae,2017-11-02T08:58:47.000Z,0.00034369,0xa110c8fb29ceb0478b4855bd6a7823d6cd639c21,sell,0xe3818504c1b32bf1557b16c238b2e01fd3149c17,0x534ad0ac502ab670ef65b9f5aca9deb9c877da9bbfbfa3e8c797056c37d9beae
84,2000,0.682,0x873880b4ec6fd0d442148ca0fd8ef287e0e6c7c6,2017-11-02T08:58:47.000Z,0.000341,0xa110c8fb29ceb0478b4855bd6a7823d6cd639c21,sell,0xe3818504c1b32bf1557b16c238b2e01fd3149c17,0x91b801ee80a9c15aa41034407df5173996afa7a9427cb174bcde28b123f1ad15
85,7000,2.408,0x7d540916a56758836eb260ec85aaa8b7a785c702,2017-11-02T08:58:38.000Z,0.000344,0xa110c8fb29ceb0478b4855bd6a7823d6cd639c21,sell,0xe3818504c1b32bf1557b16c238b2e01fd3149c17,0x1701bce29e649820461ad2fc9d25e3c1bdd747c75c381f588d12b88dbad5cfab
86,298.7004455142,0.103051653702399,0x12f5b0a2b35b62a909ed56a4a89a832a46cef08b,2017-11-02T08:54:43.000Z,0.000345,0xf829b9a860ae25e9a91d3635c7798f9fdff357db,sell,0xe3818504c1b32bf1557b16c238b2e01fd3149c17,0xc73c3916447f17ca39be0e478995062288a627f5a17c34dd6b0777bd5f9ffee8
87,700,0.252,0x6a3eb20d9ae7fd213b185f161c64de05b94ef365,2017-11-02T08:53:22.000Z,0.00036,0xf829b9a860ae25e9a91d3635c7798f9fdff357db,sell,0xe3818504c1b32bf1557b16c238b2e01fd3149c17,0x816e3d90dfc784abda45f22493e860014adafcdb1b1af485e006620b0fe2826c
88,3691.518732328754,1.3568177100674337,0xf810ee30f3cb9e05999c088c6fd32932f1e1fd14,2017-11-02T08:51:43.000Z,0.00036755,0xf829b9a860ae25e9a91d3635c7798f9fdff357db,sell,0xe3818504c1b32bf1557b16c238b2e01fd3149c17,0x8a75e8255c8a4124e42b73f445bc756402413f109b54a9eceb8038de96d620a3
89,2688.856730401574,0.9882892912590986,0xf810ee30f3cb9e05999c088c6fd32932f1e1fd14,2017-11-02T08:32:44.000Z,0.00036755,0xd8638b6b089ebbe495f1a7a2a7e4806f38628fbc,sell,0xe3818504c1b32bf1557b16c238b2e01fd3149c17,0x43022f00a65832fdfa6dafbb850ab3f9623f68e04a3f7aa26a144de04c106999
90,747.5607286953943,0.2747659458319922,0xf810ee30f3cb9e05999c088c6fd32932f1e1fd14,2017-11-02T08:24:21.000Z,0.00036755,0xc2ef3492077355a26a7bd24386a15e1346c07ef0,sell,0xe3818504c1b32bf1557b16c238b2e01fd3149c17,0xbf801d07d0768ebbac58caf67a00d6c67869f61f5bcf527eefbd2ffccbb06f98
91,2122.063808574277,0.7799645528414756,0xf810ee30f3cb9e05999c088c6fd32932f1e1fd14,2017-11-02T08:18:35.000Z,0.00036755,0x1d5321e125f6c7079a716705541c7b371ca79e69,sell,0xe3818504c1b32bf1557b16c238b2e01fd3149c17,0x4672ef8ac5dd4598748730db577cb6de051bb4e853c641ad2f29c38d05bee858
92,2128.43,0.77474852,0x1d5321e125f6c7079a716705541c7b371ca79e69,2017-11-02T08:18:35.000Z,0.000364,0xd8638b6b089ebbe495f1a7a2a7e4806f38628fbc,buy,0xe3818504c1b32bf1557b16c238b2e01fd3149c17,0x4672ef8ac5dd4598748730db577cb6de051bb4e853c641ad2f29c38d05bee858
93,400,0.15196,0x73dcc9032d83c05d2ba65d01068dd9ce0504cd80,2017-11-02T07:38:41.000Z,0.0003799,0x7d540916a56758836eb260ec85aaa8b7a785c702,buy,0xe3818504c1b32bf1557b16c238b2e01fd3149c17,0x3d753a7d3f0a166640c0102e17554ce470cfefbac0a9788fb4e5e3153975496d
94,2111.438,0.7958009822,0x7caf20ab0842bd81a438e7640bca1fdc01bc1d37,2017-11-02T07:31:08.000Z,0.0003769,0x7d540916a56758836eb260ec85aaa8b7a785c702,buy,0xe3818504c1b32bf1557b16c238b2e01fd3149c17,0x964ebf0e0fa52453ea0dc1a3e98a180217a53acea4697d60556026cd79bc9375
95,2000,0.759,0x7caf20ab0842bd81a438e7640bca1fdc01bc1d37,2017-11-02T07:10:18.000Z,0.0003795,0x873880b4ec6fd0d442148ca0fd8ef287e0e6c7c6,buy,0xe3818504c1b32bf1557b16c238b2e01fd3149c17,0x815f7df4b740a6adec5ca88ae27214a9967db7a10ef8c009b654fb342069dc26
96,0.07155638277714337,0.000039753148451842,0x7caf20ab0842bd81a438e7640bca1fdc01bc1d37,2017-11-02T06:54:43.000Z,0.00055555,0xc39fb54b0352e4a36a694797d5b62ffd6743284f,buy,0xe3818504c1b32bf1557b16c238b2e01fd3149c17,0x6981d00a198d2090d359327a6650a346211384598571d94d00a702560c102d7d
97,1320,0.497508,0xae1c1f6d34ffed3f2fd88bd88f81ce2cb876350e,2017-11-02T06:14:31.000Z,0.0003769,0x7d540916a56758836eb260ec85aaa8b7a785c702,buy,0xe3818504c1b32bf1557b16c238b2e01fd3149c17,0x74ea17079339c3e317334b9c58e0e6361702340bda1492cace7ae4c26a9b03f1
98,67.37696541640084,0.024922739507526666,0xae1c1f6d34ffed3f2fd88bd88f81ce2cb876350e,2017-11-02T06:10:38.000Z,0.0003699,0x4509fd83dff3f863cf5e2a3c4991c1e66baa877c,buy,0xe3818504c1b32bf1557b16c238b2e01fd3149c17,0x0e23acf45452262da892eeade4957f8681e01c3826cfd3ce49ea65262984aeed
99,2500,0.94975,0x84c2f4eeedd911667eb1833ecd0bfa74c0c46b9a,2017-11-02T05:52:39.000Z,0.0003799,0x7d540916a56758836eb260ec85aaa8b7a785c702,buy,0xe3818504c1b32bf1557b16c238b2e01fd3149c17,0xfe52d259266c9842693d8f7892338b735dde838e9acac685d25521fb61c478df
100,200,0.072,0x89d400d2268df5f9e4590c632f407bda11fab028,2017-11-02T05:48:50.000Z,0.00036,0x8909e1a4f31fc2214ea6c4a917268b833b00c000,buy,0xe3818504c1b32bf1557b16c238b2e01fd3149c17,0x91755c77ad91749383b02bb7ee6f77079825ce6a153d66b79f62cde51eb51402
101,2000,0.72,0x89d400d2268df5f9e4590c632f407bda11fab028,2017-11-02T05:46:53.000Z,0.00036,0x8909e1a4f31fc2214ea6c4a917268b833b00c000,buy,0xe3818504c1b32bf1557b16c238b2e01fd3149c17,0xf79a84ef3d3fc8de5395c0e0df6e3e192d6d5a00f5668407a72c9f6b67b26b0d
102,1700,0.612,0x89d400d2268df5f9e4590c632f407bda11fab028,2017-11-02T05:45:09.000Z,0.00036,0x8909e1a4f31fc2214ea6c4a917268b833b00c000,buy,0xe3818504c1b32bf1557b16c238b2e01fd3149c17,0x4b08a259ea642b6072bd19383cd853573db3c4c8b33ffccba0b6e419da4fc869
103,2500,0.92475,0x89d400d2268df5f9e4590c632f407bda11fab028,2017-11-02T05:33:38.000Z,0.0003699,0x4509fd83dff3f863cf5e2a3c4991c1e66baa877c,buy,0xe3818504c1b32bf1557b16c238b2e01fd3149c17,0x364ec20a08e97205ad9a08aee4fc5527dff5648f647fe71f805cb4e8cdbdbcc3
104,1300,0.476684,0x89d400d2268df5f9e4590c632f407bda11fab028,2017-11-02T05:33:38.000Z,0.00036668,0x65f403f5ce12908bfa7d8089f54f097e8b686fae,buy,0xe3818504c1b32bf1557b16c238b2e01fd3149c17,0xdda9df749f675bdd15c1b9124611465656c61df4ea6f8d04a193c802f9bdf6d4
105,68.56190581747464,0.025840982302606192,0x1d5321e125f6c7079a716705541c7b371ca79e69,2017-11-02T05:26:11.000Z,0.0003769,0x7d540916a56758836eb260ec85aaa8b7a785c702,buy,0xe3818504c1b32bf1557b16c238b2e01fd3149c17,0x44b2c71995d930ba41190767941894fa2ff9ef6c22ba521cb0cbffe40cc8ed71
106,68.35683531154002,0.028792992742585642,0xc2249c3dd3c18167a6f65c0cd8e0eccb6a0e29ab,2017-11-02T05:26:11.000Z,0.000421216,0x1d5321e125f6c7079a716705541c7b371ca79e69,sell,0xe3818504c1b32bf1557b16c238b2e01fd3149c17,0x44b2c71995d930ba41190767941894fa2ff9ef6c22ba521cb0cbffe40cc8ed71
107,31137.991437543216,10.586917088764693,0x43c56f0bed0cbb91de851e39054ebeff63f394c8,2017-11-02T05:26:11.000Z,0.00033999999999999997,0x805c5971a2d2aa84b663218014717c5db800276d,sell,0xe3818504c1b32bf1557b16c238b2e01fd3149c17,0x9d4577c0589439d4736e40d560436b1e564560bf1850d644a5db02d605cf6cb9
108,7200,2.736,0x273a5d3e6721b9f5c1a6474f560c1334c63dda01,2017-11-02T05:26:11.000Z,0.00038,0x79d3f4be22079535189a20b8dcc82b638cae16b7,buy,0xe3818504c1b32bf1557b16c238b2e01fd3149c17,0xdb3461c1a125f048355f71c99d96ae746dff1aec5640c1efa5d8c2454ee3d022
109,7178.4,2.9618939808,0xc2249c3dd3c18167a6f65c0cd8e0eccb6a0e29ab,2017-11-02T05:26:11.000Z,0.000412612,0x273a5d3e6721b9f5c1a6474f560c1334c63dda01,sell,0xe3818504c1b32bf1557b16c238b2e01fd3149c17,0xdb3461c1a125f048355f71c99d96ae746dff1aec5640c1efa5d8c2454ee3d022
110,4539.263,1.579663524,0x99c203d0d7f4d78849272b4ffe69764a91a09e76,2017-11-02T05:23:43.000Z,0.000348,0x805c5971a2d2aa84b663218014717c5db800276d,sell,0xe3818504c1b32bf1557b16c238b2e01fd3149c17,0x89e91f820b50970c681015abb4c5d40d2379e0763c84c4e9926e54e247ee2b48
111,4200,1.4364,0xffb303c6a9243d19e4dc50f9776acc57a2c9cfe7,2017-11-02T05:23:43.000Z,0.000342,0x805c5971a2d2aa84b663218014717c5db800276d,sell,0xe3818504c1b32bf1557b16c238b2e01fd3149c17,0x352796de14349a90e6e18472f79474a5a09aadc06c6acbcf9fb9df22ca7a5cac
112,431.7208993431034,0.15868765097154452,0x21c85f9fe0abfbc4e7aa1236c36f2b6dc6abc7b4,2017-11-02T04:31:22.000Z,0.00036757,0x65f403f5ce12908bfa7d8089f54f097e8b686fae,buy,0xe3818504c1b32bf1557b16c238b2e01fd3149c17,0xe8ff1d0abb08089818e5b5d7c65f7387f1053a604f6d7d819d3bc03c716dac71
113,110,0.0406989,0x7b5de85c2ab8ba7c797986ed5a15915f59744a3e,2017-11-02T04:29:38.000Z,0.00036999,0x8988156d003068f226aff6d4abaf8fc880a84c47,buy,0xe3818504c1b32bf1557b16c238b2e01fd3149c17,0xe3cb84d2ab02e65291e198724d8500bd0477473c3407cf717888179e7a58173b
114,4600,1.656,0x85ff39c806668dc3eb3dcf5737c12fc8c8091998,2017-11-02T04:03:31.000Z,0.00036,0x1face558e1aa21ec4baae03826fba9e39c67a9d7,buy,0xe3818504c1b32bf1557b16c238b2e01fd3149c17,0x6c471641051d2397ba3a2ae39e7aa3394aa1690a669986aa9742efe5a058f6ec
115,5447.746585584688,1.8958158117834711,0x99c203d0d7f4d78849272b4ffe69764a91a09e76,2017-11-02T04:03:14.000Z,0.000348,0xdd3896cc7fc8091208ea750131c03cea19c3f0f7,sell,0xe3818504c1b32bf1557b16c238b2e01fd3149c17,0x1a03507601a1d9c07653c33987895fe1af851b65fdff67416fa75d9a3a3feb83
116,1319,0.46165,0x4f1b9a0c055b535d18a4932ae6d387fbc124912a,2017-11-02T03:55:25.000Z,0.00035,0xdd3896cc7fc8091208ea750131c03cea19c3f0f7,sell,0xe3818504c1b32bf1557b16c238b2e01fd3149c17,0x466c0ef301ed7698f7852c8a3300f94249a7b6144d01775360a0619d3733c533
117,1000,0.36,0xf094680aba698ab71fbfd91c7e62cd316fc91129,2017-11-02T03:52:55.000Z,0.00036,0xdd3896cc7fc8091208ea750131c03cea19c3f0f7,sell,0xe3818504c1b32bf1557b16c238b2e01fd3149c17,0x4924b8b8a520677e334de7a15396d472cc74b4c9e93ed44e7670fedde507cb48
118,1427.8,0.500001282,0x65f403f5ce12908bfa7d8089f54f097e8b686fae,2017-11-02T03:51:09.000Z,0.00035019,0xdd3896cc7fc8091208ea750131c03cea19c3f0f7,sell,0xe3818504c1b32bf1557b16c238b2e01fd3149c17,0x6893e3a6e25d5e55806724c23f33d4176a6ec07f935bfb8108816208848e918d
119,775,0.27125,0x34f9bcacf075a309d31c82637206757b3ffc0739,2017-11-02T03:51:09.000Z,0.00035,0xdd3896cc7fc8091208ea750131c03cea19c3f0f7,sell,0xe3818504c1b32bf1557b16c238b2e01fd3149c17,0x8417e9f3c39d0eb59763b2bb412f8b4781675af16b89737c252415d9a293f57d
120,85.77637222364422,0.029850177533828185,0x99c203d0d7f4d78849272b4ffe69764a91a09e76,2017-11-02T03:45:18.000Z,0.000348,0x0b0444691425c2183a5b9b33cf336cc421c2c939,sell,0xe3818504c1b32bf1557b16c238b2e01fd3149c17,0x6ca97adfcb40ae02c6b12add775ab53df17d9c79f377da7cf0814072ebfd1767
121,460,0.17019494,0x85ff39c806668dc3eb3dcf5737c12fc8c8091998,2017-11-02T03:40:48.000Z,0.000369989,0x12f5b0a2b35b62a909ed56a4a89a832a46cef08b,buy,0xe3818504c1b32bf1557b16c238b2e01fd3149c17,0x2fdfd124c6703601f5e3cc146fbb0e331ef992a1d6edfb1e1ac08f341a81f10f
122,729.863273567352,0.25399241920143856,0x99c203d0d7f4d78849272b4ffe69764a91a09e76,2017-11-02T03:18:49.000Z,0.000348,0x3839fe45e987cda5c1c6247ad6cae52d0d191ec0,sell,0xe3818504c1b32bf1557b16c238b2e01fd3149c17,0xd45ebe51c1aa892ca1e67068c970da1f52035f906d90ea904aba71b9b824c213
123,1000,0.36766,0x1af66be36d03ef8de197ab144be6f8f5ec19f0f5,2017-11-02T03:04:38.000Z,0.00036766,0x65f403f5ce12908bfa7d8089f54f097e8b686fae,buy,0xe3818504c1b32bf1557b16c238b2e01fd3149c17,0x7b6877bd37f9b547c7b92b63797bb4a559d2cac8dc90211c1e6dee5febe60582
124,5981.4574818064,2.0815472036686273,0x99c203d0d7f4d78849272b4ffe69764a91a09e76,2017-11-02T02:46:00.000Z,0.000348,0x3839fe45e987cda5c1c6247ad6cae52d0d191ec0,sell,0xe3818504c1b32bf1557b16c238b2e01fd3149c17,0xc23ad84655b95e02007f7ef03190926017dd772a52b03d081c1b17da92265100
125,107.86776162790699,0.03710651,0xcddc29125951950386d5a3d36bf6b1562801f10d,2017-11-02T02:25:25.000Z,0.000344,0xcea2d69a39485a84436cb245e0890e18fefe2801,sell,0xe3818504c1b32bf1557b16c238b2e01fd3149c17,0xbc5a8309aa36ab3ca8fd4e37017198ebfcd4359935735f298363215495214900
126,27.63596057516537,0.009706053349564404,0x8e7f4dae840efa4bf776f8d0b8830ef97485effa,2017-11-02T02:25:12.000Z,0.000351211,0xcea2d69a39485a84436cb245e0890e18fefe2801,sell,0xe3818504c1b32bf1557b16c238b2e01fd3149c17,0xd718580450ee2e3457b72f5fd1bc7471db60057a7ed6ac463f923a464c46e385
127,2000,0.67,0x873880b4ec6fd0d442148ca0fd8ef287e0e6c7c6,2017-11-02T02:24:39.000Z,0.000335,0xcea2d69a39485a84436cb245e0890e18fefe2801,sell,0xe3818504c1b32bf1557b16c238b2e01fd3149c17,0xbae05cb0b4102890a99ac388b7f0f2ba6e46863de8e3d435fe51126f8a1fd044
128,10000,3.401,0xb3d2860c5c13397b906e8b7781eb1cd194dec6cc,2017-11-02T02:24:29.000Z,0.0003401,0xcea2d69a39485a84436cb245e0890e18fefe2801,sell,0xe3818504c1b32bf1557b16c238b2e01fd3149c17,0x675730d5075b4397f8dc5059a760d65939dd9c9de765e96a5111538bc287e000
129,10000,3.45,0x99c203d0d7f4d78849272b4ffe69764a91a09e76,2017-11-02T02:24:22.000Z,0.000345,0xcea2d69a39485a84436cb245e0890e18fefe2801,sell,0xe3818504c1b32bf1557b16c238b2e01fd3149c17,0x86817b4eae7a71d06581a6963d71f70c613d3f930348121154bc7be3e6430dda
130,0.3205954552550934,0.000112596650435596,0x8e7f4dae840efa4bf776f8d0b8830ef97485effa,2017-11-02T02:12:16.000Z,0.0003512109999999981,0xe7c15a9649e78c404efc32674ae22fe68c59c7e1,sell,0xe3818504c1b32bf1557b16c238b2e01fd3149c17,0x7d450405dfad7f99dc16ec734c951784ae595331318a36f3c27312137a192527
131,3215.893011663842,1.119130768059017,0x99c203d0d7f4d78849272b4ffe69764a91a09e76,2017-11-02T02:10:52.000Z,0.000348,0xe7c15a9649e78c404efc32674ae22fe68c59c7e1,sell,0xe3818504c1b32bf1557b16c238b2e01fd3149c17,0x3c0a35c74356401e12288eb61b29f0b603f7bcdefee58ea0d967cf97362f46a1
132,459,0.162528228,0x12f5b0a2b35b62a909ed56a4a89a832a46cef08b,2017-11-02T02:08:37.000Z,0.000354092,0xe7c15a9649e78c404efc32674ae22fe68c59c7e1,sell,0xe3818504c1b32bf1557b16c238b2e01fd3149c17,0xf62e58c96c1804d7b4edda61d2cdade3671c94a4f426d2c87069a9636a81a69e
133,3384,1.1982744,0xec720d4979f8b0b1f91b136923b49a8d2c61c7db,2017-11-02T02:08:29.000Z,0.0003541,0xe7c15a9649e78c404efc32674ae22fe68c59c7e1,sell,0xe3818504c1b32bf1557b16c238b2e01fd3149c17,0x9baf690d91f4bb0bbcbd419d4bb21211e971449e17aa7d107a350fa2db29e891
134,990,0.35640099,0x8e7f4dae840efa4bf776f8d0b8830ef97485effa,2017-11-02T02:08:29.000Z,0.000360001,0xe7c15a9649e78c404efc32674ae22fe68c59c7e1,sell,0xe3818504c1b32bf1557b16c238b2e01fd3149c17,0x1e01ed5111e6204304462b1171b15fdff9bf61670adc0f783afd9eca218d6e0e
135,110,0.03960011,0x8e7f4dae840efa4bf776f8d0b8830ef97485effa,2017-11-02T02:05:15.000Z,0.000360001,0x8988156d003068f226aff6d4abaf8fc880a84c47,sell,0xe3818504c1b32bf1557b16c238b2e01fd3149c17,0x290514dc855863499e9d84056c006a8421a7b98b481ddbb928685b2bf59ddc92
136,7100,2.514891,0x7d540916a56758836eb260ec85aaa8b7a785c702,2017-11-02T02:04:42.000Z,0.00035421,0xe7c15a9649e78c404efc32674ae22fe68c59c7e1,sell,0xe3818504c1b32bf1557b16c238b2e01fd3149c17,0xcd0576ca85d87c82fec0385d7b45ca60f730e4974df80d86fa7ad74b90eabe84
137,1985,0.7146,0x13747751b6af1d598b41dd237969eba0a83ee0a2,2017-11-02T02:04:28.000Z,0.00036,0xe7c15a9649e78c404efc32674ae22fe68c59c7e1,sell,0xe3818504c1b32bf1557b16c238b2e01fd3149c17,0x160b5be82b960cf80d68a396128a587932925fc78452f1ec2002f28bd2f01c13
138,1800,0.648567,0x8e7f4dae840efa4bf776f8d0b8830ef97485effa,2017-11-02T02:03:48.000Z,0.000360315,0xe7c15a9649e78c404efc32674ae22fe68c59c7e1,sell,0xe3818504c1b32bf1557b16c238b2e01fd3149c17,0x514e20b3e9e1e06d847946a26e841a7e3b32f3604693e69f73ed2ab60e654a50
139,1750,0.63595875,0x8e7f4dae840efa4bf776f8d0b8830ef97485effa,2017-11-02T02:01:31.000Z,0.000363405,0xe7c15a9649e78c404efc32674ae22fe68c59c7e1,sell,0xe3818504c1b32bf1557b16c238b2e01fd3149c17,0xbf39c47171151a788bc2662e31205006abc1755ada7bea4bd85951ac85bb0b6c
140,3860,1.402338,0x837afac7cab52e541f20664cad439fae0b445dcc,2017-11-02T02:01:31.000Z,0.0003633,0xe7c15a9649e78c404efc32674ae22fe68c59c7e1,sell,0xe3818504c1b32bf1557b16c238b2e01fd3149c17,0xcaffceee3e6f6c210503cfcbfa4e92ae504bed1011b201680d7bf7f52ff7d792
141,1370.24,0.500000576,0x65f403f5ce12908bfa7d8089f54f097e8b686fae,2017-11-02T01:55:05.000Z,0.0003649,0xe7c15a9649e78c404efc32674ae22fe68c59c7e1,sell,0xe3818504c1b32bf1557b16c238b2e01fd3149c17,0x6fdc86e3e26c916933fecf7cc18771a064b0354df54d05b9e200dc123160e2f0
142,1609.4372828780504,0.6107814488522202,0x86951bd240924019ae66d1a175b7aa3305bea11b,2017-11-02T01:49:27.000Z,0.0003795,0xf01bddaf7a9dc5f7382a9385aba23d546ee8f5ff,buy,0xe3818504c1b32bf1557b16c238b2e01fd3149c17,0x4f4f0a995eacc38c3d41664b945f96c2e5ee787c29fb2a2a8021ecd5cea9008f
143,1300,0.4939987,0x86951bd240924019ae66d1a175b7aa3305bea11b,2017-11-02T01:46:49.000Z,0.000379999,0x8e7f4dae840efa4bf776f8d0b8830ef97485effa,buy,0xe3818504c1b32bf1557b16c238b2e01fd3149c17,0xa4e201dedf85f376338b30f3de7e043caf7cf6273b25ae4ffbecdc5ec02cfa1b
144,200,0.0759998,0x1f09bb1bcf9a48c7df27925b10f96705c6f0e7ed,2017-11-02T01:44:39.000Z,0.000379999,0x8e7f4dae840efa4bf776f8d0b8830ef97485effa,buy,0xe3818504c1b32bf1557b16c238b2e01fd3149c17,0xba0e52039bc463ec960994fb0f85f6bbefc18a7ee91162dfea36709701b1933a
145,2000,0.715,0xf01bddaf7a9dc5f7382a9385aba23d546ee8f5ff,2017-11-02T01:37:29.000Z,0.0003575,0x13747751b6af1d598b41dd237969eba0a83ee0a2,sell,0xe3818504c1b32bf1557b16c238b2e01fd3149c17,0x567277870b7a1172de77deef8c6385cd810c77687cc369636da076e9e3324e37
146,2500,0.95,0xcc1cca78f5a0130d8d546fc9ad0300cfab9ad0ff,2017-11-02T01:14:05.000Z,0.00038,0x79d3f4be22079535189a20b8dcc82b638cae16b7,buy,0xe3818504c1b32bf1557b16c238b2e01fd3149c17,0x513f258b0681947e5c033b9dec513ad9c454fb8d0d2141160b8b487bc1d66a13
147,1500,0.5684985,0xe70a443b193f5e82f4f8775004c5bf8d1bfdce54,2017-11-02T01:14:05.000Z,0.000378999,0x8e7f4dae840efa4bf776f8d0b8830ef97485effa,buy,0xe3818504c1b32bf1557b16c238b2e01fd3149c17,0x3ed5d2ba5383b37c151ad7e0019d78a371c1977a4cb32e987d885ca01f4efae3
148,6620,2.5155338,0xd657d8952c29e1190f50f3626d67c8b7a673e036,2017-11-02T01:04:54.000Z,0.00037999,0x7d540916a56758836eb260ec85aaa8b7a785c702,buy,0xe3818504c1b32bf1557b16c238b2e01fd3149c17,0x9106890489b84cf2546ba5b72807cec69180c2d6b6faf27c35740c71f4f49ca1
149,2780,1.056122,0xd657d8952c29e1190f50f3626d67c8b7a673e036,2017-11-02T01:03:19.000Z,0.0003799,0xda3ebe2885da8898459b736692f3790893dc6d6e,buy,0xe3818504c1b32bf1557b16c238b2e01fd3149c17,0xf0a5b656da6a7c08f098d1bbc0286ef2eb371046ce1ba6ebc5c35a790f33c2bd
150,1500,0.5518485,0xd657d8952c29e1190f50f3626d67c8b7a673e036,2017-11-02T01:02:56.000Z,0.000367899,0x8e7f4dae840efa4bf776f8d0b8830ef97485effa,buy,0xe3818504c1b32bf1557b16c238b2e01fd3149c17,0xf87ae18b6d271f4d5c4f0cb2f7422206ff4885cee60e80e65f752f4953a78967
151,6598.87349217426,2.2832762170272156,0xec720d4979f8b0b1f91b136923b49a8d2c61c7db,2017-11-02T01:02:12.000Z,0.00034601,0x4afde3dd7fcd69ff4dde13a3bd1a6c37205f386c,sell,0xe3818504c1b32bf1557b16c238b2e01fd3149c17,0xca075a8b815116443f4f333bf5188f5a207dc6578f8c5343aaf4fed95f309ec7
152,2500,0.9125,0xd657d8952c29e1190f50f3626d67c8b7a673e036,2017-11-02T01:01:54.000Z,0.000365,0xf01bddaf7a9dc5f7382a9385aba23d546ee8f5ff,buy,0xe3818504c1b32bf1557b16c238b2e01fd3149c17,0x223e5ba9c2820979ea3415d4988bab9b4f05fe78df576204369447c25c58d20a
153,1405.56,0.5102042244,0xd657d8952c29e1190f50f3626d67c8b7a673e036,2017-11-02T00:59:58.000Z,0.00036299,0x65f403f5ce12908bfa7d8089f54f097e8b686fae,buy,0xe3818504c1b32bf1557b16c238b2e01fd3149c17,0xda4a056e3ed39fab22a561bd53b96a5c91dc25ab895a830b5b6d89e3baf3da87
154,2450,0.8479205,0x0dd490d3ef56152abaa8712b75a2d6a2d88adac0,2017-11-02T00:54:21.000Z,0.00034609,0x48af8000c9d156ac7156c4b27313bbfee6a647aa,sell,0xe3818504c1b32bf1557b16c238b2e01fd3149c17,0x830a77ba7fe1659e21d52ea6f0a0c78fd939483853e79757090dc60e847289bf
155,414.1557560009973,0.14330203313390508,0xec720d4979f8b0b1f91b136923b49a8d2c61c7db,2017-11-02T00:40:40.000Z,0.00034601,0xd5ef71fe6207fe6aa6513d06985c7c4334c3f83e,sell,0xe3818504c1b32bf1557b16c238b2e01fd3149c17,0x408cf049c05ae3cfae64dbf06053c86654b0f7bf1e32becf7a2e544562a18470
156,621.0925546363164,0.21489802390416549,0x6214ff0afd2a91a7ef0889406acb48b84f1f0159,2017-11-02T00:37:50.000Z,0.000346,0x6a1afc7af4278351bca6125e03cc9e1a3f41e80a,sell,0xe3818504c1b32bf1557b16c238b2e01fd3149c17,0x443d5b1e0579d947aec2a6e6872143876d2f30b6725331b8f98c6ba74b996968
157,4224,1.465723776,0xda3ebe2885da8898459b736692f3790893dc6d6e,2017-11-02T00:35:11.000Z,0.000346999,0x6a1afc7af4278351bca6125e03cc9e1a3f41e80a,sell,0xe3818504c1b32bf1557b16c238b2e01fd3149c17,0x98c16b1f472318e17c2787fc745fe17386d1dcc273a97d82c1070d36dab491a2
158,2500,0.872,0xf01bddaf7a9dc5f7382a9385aba23d546ee8f5ff,2017-11-02T00:24:48.000Z,0.0003488,0xd5ef71fe6207fe6aa6513d06985c7c4334c3f83e,sell,0xe3818504c1b32bf1557b16c238b2e01fd3149c17,0x460611a576f7252d7c96b842c7db63e97b531f49f6db205a7f615cfff2bb651b
159,1290.9109483104683,0.4595642975985267,0x8e7f4dae840efa4bf776f8d0b8830ef97485effa,2017-11-02T00:23:57.000Z,0.000356,0xd5ef71fe6207fe6aa6513d06985c7c4334c3f83e,sell,0xe3818504c1b32bf1557b16c238b2e01fd3149c17,0x6b35876c7e6f99007a95c1a92ca4cba321b61f06bc65d36f755d74f90bd4231f
160,1500,0.5315715,0x8e7f4dae840efa4bf776f8d0b8830ef97485effa,2017-11-02T00:22:41.000Z,0.000354381,0xd5ef71fe6207fe6aa6513d06985c7c4334c3f83e,sell,0xe3818504c1b32bf1557b16c238b2e01fd3149c17,0x4a76311502a2163949342b527bdc2cbfc47c672f973184d9671da43d0be2d8c6
161,3000,1.119,0x1714d0cf5fd25f056394228244810a09ff952be1,2017-11-01T23:58:40.000Z,0.000373,0x3918f6c9366759dae887e9e60a280670706ef8a7,buy,0xe3818504c1b32bf1557b16c238b2e01fd3149c17,0xd8e71eb008622a742f9559936a6a6d537a6d1e0644343c1105bee9e9fdca7814
162,3500,1.30515,0x1714d0cf5fd25f056394228244810a09ff952be1,2017-11-01T23:57:25.000Z,0.0003729,0xda3ebe2885da8898459b736692f3790893dc6d6e,buy,0xe3818504c1b32bf1557b16c238b2e01fd3149c17,0x8a19cd376497482fe4b6024793976fd6a1c55710ba504c3c7db7b4ef955639d5
163,435,0.160254,0x1e3f6ad580f1149509cf4031cca898fea0b12b64,2017-11-01T23:44:18.000Z,0.0003684,0xda3ebe2885da8898459b736692f3790893dc6d6e,buy,0xe3818504c1b32bf1557b16c238b2e01fd3149c17,0x3aae9f27325c2cbe303dd711063f3c259fc439eb8f40f822d8ae41a68f84f02e
164,1500,0.5399985,0xb67a7171f017bac8f1e65dbc68053f2ca08162de,2017-11-01T23:38:45.000Z,0.000359999,0x8e7f4dae840efa4bf776f8d0b8830ef97485effa,buy,0xe3818504c1b32bf1557b16c238b2e01fd3149c17,0x982624f873895d3a066e59be1f6c691618d1c4a7b52d3c28a635620bb682196c
165,2640.672557231365,0.950615713877719,0xb67a7171f017bac8f1e65dbc68053f2ca08162de,2017-11-01T23:38:06.000Z,0.00035999,0xf01bddaf7a9dc5f7382a9385aba23d546ee8f5ff,buy,0xe3818504c1b32bf1557b16c238b2e01fd3149c17,0x38eda6505f77eea4d5cedbde26cb16009ece11b85b287af3cd2f73c8db5a4d1d
166,850,0.30515,0xb67a7171f017bac8f1e65dbc68053f2ca08162de,2017-11-01T23:36:14.000Z,0.000359,0xf01bddaf7a9dc5f7382a9385aba23d546ee8f5ff,buy,0xe3818504c1b32bf1557b16c238b2e01fd3149c17,0x95318c46420dad6211ed40b344c8bf6341384c2036246438d43627897790963f
167,9.3,0.0033387,0xcddc29125951950386d5a3d36bf6b1562801f10d,2017-11-01T23:33:32.000Z,0.000359,0xf01bddaf7a9dc5f7382a9385aba23d546ee8f5ff,sell,0xe3818504c1b32bf1557b16c238b2e01fd3149c17,0x7837e560dbb0c115be24fb40bdfc3a578023d0d2f0d1407138850b6e54d973f6
168,36623,12.927919,0xb67a7171f017bac8f1e65dbc68053f2ca08162de,2017-11-01T23:33:16.000Z,0.000353,0x25ad621f63295a5515fe34e76e0647ca158f3b1f,buy,0xe3818504c1b32bf1557b16c238b2e01fd3149c17,0x61c498a0d8e760a20aaa393f56b35a41afebb747c52d6920e6326e14eec683ed
169,3090.7,1.1095613,0xcddc29125951950386d5a3d36bf6b1562801f10d,2017-11-01T23:23:10.000Z,0.000359,0x273a5d3e6721b9f5c1a6474f560c1334c63dda01,sell,0xe3818504c1b32bf1557b16c238b2e01fd3149c17,0x5bd0ff0b8ca22b5bc8e8397779188d009e9950e9c4757b44b9986bc590fb70d6
170,3100,1.0943,0x273a5d3e6721b9f5c1a6474f560c1334c63dda01,2017-11-01T23:23:10.000Z,0.000353,0x25ad621f63295a5515fe34e76e0647ca158f3b1f,buy,0xe3818504c1b32bf1557b16c238b2e01fd3149c17,0x5bd0ff0b8ca22b5bc8e8397779188d009e9950e9c4757b44b9986bc590fb70d6
171,600,0.214722,0xeccef292e4eaacaa5c827915f02589dd0a1e1468,2017-11-01T23:13:05.000Z,0.00035787,0x65f403f5ce12908bfa7d8089f54f097e8b686fae,buy,0xe3818504c1b32bf1557b16c238b2e01fd3149c17,0x08c8ae350fa8374c27d7a7bb0bb215f7dd569fd75338c52d21e8dc18fb6c493d
172,10,0.004,0x3918f6c9366759dae887e9e60a280670706ef8a7,2017-11-01T23:05:37.000Z,0.0004,0x3918f6c9366759dae887e9e60a280670706ef8a7,buy,0xe3818504c1b32bf1557b16c238b2e01fd3149c17,0x75c0582b6abad1a6e0ab8a3637720a5314bbf1e2f1c740db6a548f6919d68a3b
173,16.8,0.00672,0x3918f6c9366759dae887e9e60a280670706ef8a7,2017-11-01T23:05:37.000Z,0.0004,0x3918f6c9366759dae887e9e60a280670706ef8a7,buy,0xe3818504c1b32bf1557b16c238b2e01fd3149c17,0xd90d80597acd48797eb15bb3f86748bbc4b814d3b02f8fcee2142cea99df355c
174,3.65,0.00146,0x3918f6c9366759dae887e9e60a280670706ef8a7,2017-11-01T23:05:17.000Z,0.0004,0x3918f6c9366759dae887e9e60a280670706ef8a7,buy,0xe3818504c1b32bf1557b16c238b2e01fd3149c17,0x036892df19a23193d4f717121319d7ba7cc1b3ea40540165ae5b9955ec0021eb
175,6.352,0.0025408,0x3918f6c9366759dae887e9e60a280670706ef8a7,2017-11-01T23:03:49.000Z,0.0004,0x3918f6c9366759dae887e9e60a280670706ef8a7,buy,0xe3818504c1b32bf1557b16c238b2e01fd3149c17,0x54a41a4f51672fc5720eb8333589b7516a561f2714cffeca266fc65d8067f4ee
176,8.2,0.00328,0x3918f6c9366759dae887e9e60a280670706ef8a7,2017-11-01T23:02:34.000Z,0.0004,0x3918f6c9366759dae887e9e60a280670706ef8a7,buy,0xe3818504c1b32bf1557b16c238b2e01fd3149c17,0x55a7b8a0d2f470c65a27181227ff25e6113d739fc45f01879e2bbf90f004b080
177,7.6,0.00304,0x3918f6c9366759dae887e9e60a280670706ef8a7,2017-11-01T23:02:34.000Z,0.0004,0x3918f6c9366759dae887e9e60a280670706ef8a7,buy,0xe3818504c1b32bf1557b16c238b2e01fd3149c17,0x2f0cbdb644b22f046be069a7fae76712dcada188b8315aacfff761ea504bd670
178,2.3,0.00092,0x3918f6c9366759dae887e9e60a280670706ef8a7,2017-11-01T23:02:34.000Z,0.0004,0x3918f6c9366759dae887e9e60a280670706ef8a7,buy,0xe3818504c1b32bf1557b16c238b2e01fd3149c17,0xa3b2cddfe5ab013c421c6aec7b72cce3447337311cacd16709c670148fe9acc1
179,1.3,0.00052,0x3918f6c9366759dae887e9e60a280670706ef8a7,2017-11-01T23:02:34.000Z,0.0004,0x3918f6c9366759dae887e9e60a280670706ef8a7,buy,0xe3818504c1b32bf1557b16c238b2e01fd3149c17,0xca85a19560ccbbf03dfec612bf609e08d1b3b04ca0624afa6acd7454c170bb45
180,276.94693886009685,0.09970089798963487,0x60b00d7b7acf54634e3c7dc9b9c69d657bbf2bae,2017-11-01T22:48:36.000Z,0.00036,0x25ad621f63295a5515fe34e76e0647ca158f3b1f,buy,0xe3818504c1b32bf1557b16c238b2e01fd3149c17,0x0d0998a33e9d7594997a9c24d34be310d513043095f392806f276f21426434f4
181,7000,2.4563,0xda3ebe2885da8898459b736692f3790893dc6d6e,2017-11-01T22:39:54.000Z,0.0003509,0x3918f6c9366759dae887e9e60a280670706ef8a7,sell,0xe3818504c1b32bf1557b16c238b2e01fd3149c17,0x125644a45ef5572c11d9ba2bce1e73bddb8fa6f9993d12d79b6b8e35ebbdbd16
182,1500,0.5355015,0x8e7f4dae840efa4bf776f8d0b8830ef97485effa,2017-11-01T22:31:32.000Z,0.000357001,0x90c72d9f8a299896b295b04813a9526c584fd7bc,sell,0xe3818504c1b32bf1557b16c238b2e01fd3149c17,0x7daaae6f7bde15e5cae5759a9bfc5e5a3046a41d8f050d44d744b562a7fbe619
183,288.77,0.10309146754,0xcfd956edb3bb8bb5605ae0a30083d2217f372fcf,2017-11-01T22:31:32.000Z,0.000357002,0x90c72d9f8a299896b295b04813a9526c584fd7bc,sell,0xe3818504c1b32bf1557b16c238b2e01fd3149c17,0xdb4ae7b70168a271f993cedd0fab72674110a7b923b2efc52a3563b3b00ac1ca
184,1491.827,0.531242578354,0x7323d15c9a418b62d9fdbab0311d1ce76a9cf025,2017-11-01T22:30:51.000Z,0.000356102,0x90c72d9f8a299896b295b04813a9526c584fd7bc,sell,0xe3818504c1b32bf1557b16c238b2e01fd3149c17,0xaecabb20776d84252e5317a79ba3e4c9bc3e6fcd233e561242969541cec27de5
185,4000,1.42,0x873880b4ec6fd0d442148ca0fd8ef287e0e6c7c6,2017-11-01T22:29:37.000Z,0.000355,0x90c72d9f8a299896b295b04813a9526c584fd7bc,sell,0xe3818504c1b32bf1557b16c238b2e01fd3149c17,0x81d6905e65f78e4c6e38ce8b09a873f7f91e502dc2a1d09d9a7d28f483ceb7cc
186,8.5,0.00255,0x491e84c3b3122f92f7111c0f5c98ee9c4b13316c,2017-11-01T22:01:05.000Z,0.0003,0x3918f6c9366759dae887e9e60a280670706ef8a7,sell,0xe3818504c1b32bf1557b16c238b2e01fd3149c17,0xc7099f8ec4e9ec1d53668f685a5937b020d82fb18150aca22841529316493903
187,14.1,0.00423,0x491e84c3b3122f92f7111c0f5c98ee9c4b13316c,2017-11-01T22:00:55.000Z,0.0003,0x3918f6c9366759dae887e9e60a280670706ef8a7,sell,0xe3818504c1b32bf1557b16c238b2e01fd3149c17,0x0c9b1976efb84e0f011e574bdd23494b9c4a9fed05e289b2db26670d5cbd1b71
188,20.3,0.00609,0x491e84c3b3122f92f7111c0f5c98ee9c4b13316c,2017-11-01T22:00:55.000Z,0.0003,0x3918f6c9366759dae887e9e60a280670706ef8a7,sell,0xe3818504c1b32bf1557b16c238b2e01fd3149c17,0xe7b7a7e76db41cf29c25cde0801069151fc259b2d0d850fa0fbb85b0c8dd0bb0
189,3.8,0.00114,0x491e84c3b3122f92f7111c0f5c98ee9c4b13316c,2017-11-01T22:00:22.000Z,0.0003,0x3918f6c9366759dae887e9e60a280670706ef8a7,sell,0xe3818504c1b32bf1557b16c238b2e01fd3149c17,0x5029266550b659c82953ae277ca4067726f120404be914e31d99febf62b78384
190,2.5,0.00075,0x491e84c3b3122f92f7111c0f5c98ee9c4b13316c,2017-11-01T22:00:11.000Z,0.0003,0x3918f6c9366759dae887e9e60a280670706ef8a7,sell,0xe3818504c1b32bf1557b16c238b2e01fd3149c17,0x47804ecf9c9f16d55a00fa30ba3905f56afadbe4e1cefdfeafa6dd750b9be05b
191,10,0.003,0x491e84c3b3122f92f7111c0f5c98ee9c4b13316c,2017-11-01T21:59:48.000Z,0.0003,0x3918f6c9366759dae887e9e60a280670706ef8a7,sell,0xe3818504c1b32bf1557b16c238b2e01fd3149c17,0xb4492df4008b706d16529f37a793f4eaceed19fac6b80f84fd9442a86adfccce
192,932.4067591574682,0.3328692130192161,0xf01bddaf7a9dc5f7382a9385aba23d546ee8f5ff,2017-11-01T21:58:24.000Z,0.000357,0xe300b3909aad54fd05e919e39f402c842e0037d3,sell,0xe3818504c1b32bf1557b16c238b2e01fd3149c17,0xa236cc9ec60d65fd90600463dc4e612e5dede4c8b68238eb37f5b3ae74fd18c9
193,2630,0.9468,0x13747751b6af1d598b41dd237969eba0a83ee0a2,2017-11-01T21:57:12.000Z,0.00036,0xe300b3909aad54fd05e919e39f402c842e0037d3,sell,0xe3818504c1b32bf1557b16c238b2e01fd3149c17,0x5c055b2d0fbc48577868b7e067fc695ead12f2911500cd973b5d1d7bab5b2999
194,3.3276563566418393,0.001264509415523898,0xcf2ee45e4d41b438358b2ea8ec3597986f0569c4,2017-11-01T21:56:42.000Z,0.0003799999999999997,0x3918f6c9366759dae887e9e60a280670706ef8a7,sell,0xe3818504c1b32bf1557b16c238b2e01fd3149c17,0x101b26cd8f39f452c9c89fc936af0687d36ceb763b68abf11fb99b7bfe4ce90e
195,1800,0.694152,0xcf2ee45e4d41b438358b2ea8ec3597986f0569c4,2017-11-01T21:55:21.000Z,0.00038564,0x3918f6c9366759dae887e9e60a280670706ef8a7,sell,0xe3818504c1b32bf1557b16c238b2e01fd3149c17,0xe068c797446b7610126be5d9c63354838d7916d1d42b10585f807db3ada48d2c
196,1000,0.4,0x34ae52858652e99e0d282671d6a7caa0660d49f5,2017-11-01T21:32:29.000Z,0.0004,0x1509f23126c9ce5798b8a6b104c35f81f7f0b212,buy,0xe3818504c1b32bf1557b16c238b2e01fd3149c17,0x7cfc433a3f5f9f1b043f073fb02474cd6cfc41ad4b683c07fcda517c1f34e592
197,1130,0.436632,0x7692e072155d09314fbdd7f3ae5c64f9b2fe4b62,2017-11-01T21:28:15.000Z,0.0003864,0x43c56f0bed0cbb91de851e39054ebeff63f394c8,buy,0xe3818504c1b32bf1557b16c238b2e01fd3149c17,0xe5b60abd758f2b1c8e47b5bd0ed6c2325bb4275a27e9b564a58b55972b2100eb
198,200,0.077128,0xecbf0c4a509a8ffb98a81f8a4903e0a3fa4cc049,2017-11-01T21:12:45.000Z,0.00038564,0x65f403f5ce12908bfa7d8089f54f097e8b686fae,buy,0xe3818504c1b32bf1557b16c238b2e01fd3149c17,0x4fa75767d4b3bb2c0a695c79f98db940fefaac3869a0edbbcf58e724e677266f
199,4859.2915592165,1.8771443293253338,0x6a1afc7af4278351bca6125e03cc9e1a3f41e80a,2017-11-01T21:08:00.000Z,0.0003863,0xd848d35ea908828d1a064a7c0bb2aebb8486da57,buy,0xe3818504c1b32bf1557b16c238b2e01fd3149c17,0x0ed94e95c4d986ade43d5b1bf3a4bd8bee6f8f141727b1b0b77ae1a0557e9cb9
200,178.82592870180363,0.06884798255019439,0xb615dffb2dced17bb3c831bda8972031694cf682,2017-11-01T20:57:15.000Z,0.000385,0x1021b3846631a428d82c8bf7ad8e0ee4b19d7718,buy,0xe3818504c1b32bf1557b16c238b2e01fd3149c17,0x8e44d1225bcef6e7e5b688a86a90e5b60a2c957120e61b00437daa6416abf3be
201,800,0.30452,0x65f403f5ce12908bfa7d8089f54f097e8b686fae,2017-11-01T20:49:56.000Z,0.00038065,0x3918f6c9366759dae887e9e60a280670706ef8a7,sell,0xe3818504c1b32bf1557b16c238b2e01fd3149c17,0x1c696aef38618bc8fdff4603a8d7483503ba73ff827fe82301fe1c2157c41634
202,70,0.02653,0xb775824a6898addd0d17844a460ccef1309f5dc4,2017-11-01T20:43:34.000Z,0.000379,0x5fae9969fece97d28771155276d7c9bf5e8a94e5,buy,0xe3818504c1b32bf1557b16c238b2e01fd3149c17,0x3665ee90e77ff54e03be5ba1c5a2a5ff24139c5c69521a5e743a89fb202f4463
203,6.980738967519901,0.002652680807657562,0xcf2ee45e4d41b438358b2ea8ec3597986f0569c4,2017-11-01T20:43:34.000Z,0.00037999999999999997,0xf01bddaf7a9dc5f7382a9385aba23d546ee8f5ff,sell,0xe3818504c1b32bf1557b16c238b2e01fd3149c17,0xce1e48cdc939ec58a655e44c37396a95efb9454436d2fc62d17ea6af7dc14a41
204,1993.8196189762439,0.7576514552109727,0xcf2ee45e4d41b438358b2ea8ec3597986f0569c4,2017-11-01T20:39:59.000Z,0.00037999999999999997,0xce3cef24b9491b1ad639f4d4832300d793d481c0,sell,0xe3818504c1b32bf1557b16c238b2e01fd3149c17,0xe33828e83ddc91a2847fcccfc6f1b69aefc1a3f08b58a53d43472a29e556e51e
205,1096.6005383311733,0.4167082045658459,0xcf2ee45e4d41b438358b2ea8ec3597986f0569c4,2017-11-01T20:39:45.000Z,0.00037999999999999997,0x20a63176af40e094b0f15008962b988c873b55b2,sell,0xe3818504c1b32bf1557b16c238b2e01fd3149c17,0x525b8c26f460531f1de67204faf6df099469e54cf58baf30b27ca1577dcda2b0
206,997,0.37886,0xcf2ee45e4d41b438358b2ea8ec3597986f0569c4,2017-11-01T20:35:48.000Z,0.00038,0x873880b4ec6fd0d442148ca0fd8ef287e0e6c7c6,sell,0xe3818504c1b32bf1557b16c238b2e01fd3149c17,0xb0cb9abeec68c5998b9dd11beeb627d18e1660e3003455dc19fa8de2bd7b531b
207,2500,0.95,0xcf2ee45e4d41b438358b2ea8ec3597986f0569c4,2017-11-01T20:34:29.000Z,0.00038,0x13747751b6af1d598b41dd237969eba0a83ee0a2,sell,0xe3818504c1b32bf1557b16c238b2e01fd3149c17,0x63683d7406a53e4e2f989539702495fec87746a5403c9a34cb15c2f7579644af
208,968.9858039234672,0.3740285203144583,0x6a3eb20d9ae7fd213b185f161c64de05b94ef365,2017-11-01T20:06:56.000Z,0.000386,0x873880b4ec6fd0d442148ca0fd8ef287e0e6c7c6,buy,0xe3818504c1b32bf1557b16c238b2e01fd3149c17,0xe4020d31d4416a33e1d831f980f35154846881370436c6c8927a097bf969669b
209,355.14554870483255,0.1342450174104267,0x6a3eb20d9ae7fd213b185f161c64de05b94ef365,2017-11-01T20:03:34.000Z,0.000378,0x491e84c3b3122f92f7111c0f5c98ee9c4b13316c,buy,0xe3818504c1b32bf1557b16c238b2e01fd3149c17,0xcb53496eb3a2d7e3f31fb97852caac16ee1f9dd413e15839a81f7d06c230c237
210,3083.5750712981962,1.1871764024498057,0xb138ee4690327836db00bb6d6d74ec97b7910ec1,2017-11-01T19:58:35.000Z,0.000385,0x1021b3846631a428d82c8bf7ad8e0ee4b19d7718,buy,0xe3818504c1b32bf1557b16c238b2e01fd3149c17,0x50848bbbef96fa3883fc89cf397aa9ef75530096bf594652e53d8cc9ec56b2b2
211,2530.04,0.9216682716,0xb138ee4690327836db00bb6d6d74ec97b7910ec1,2017-11-01T19:54:42.000Z,0.00036429,0x6bd7559f3f2cb08ccc4b5b4d5cdaab329177b3ba,buy,0xe3818504c1b32bf1557b16c238b2e01fd3149c17,0x4d609207d3974d087390499d8d76bc9a0e982c4fe70d6cf75d452a9e5756351f
212,1420.62,0.5131705626,0xb138ee4690327836db00bb6d6d74ec97b7910ec1,2017-11-01T19:52:26.000Z,0.00036123,0x65f403f5ce12908bfa7d8089f54f097e8b686fae,buy,0xe3818504c1b32bf1557b16c238b2e01fd3149c17,0x7758e119d40e53077675360df3cc4f9c368c38498c57d28011b63fd2c6c69456
213,35747.32278144288,13.81276552274953,0xcde70a8836702ebe6bfc9a12fd3f6907cfe4d4f6,2017-11-01T19:49:13.000Z,0.0003864,0x43c56f0bed0cbb91de851e39054ebeff63f394c8,buy,0xe3818504c1b32bf1557b16c238b2e01fd3149c17,0x1b19670ecfe47bad04d17e7f0e27c7d5b372c01a041fe13cc5ec8ae6d32968e7
214,10000,3.6249,0xcde70a8836702ebe6bfc9a12fd3f6907cfe4d4f6,2017-11-01T19:47:26.000Z,0.00036249,0xec720d4979f8b0b1f91b136923b49a8d2c61c7db,buy,0xe3818504c1b32bf1557b16c238b2e01fd3149c17,0x1e5d846ae8a5897b9284fb8b00a805ea54338e153fd02f42e4133a79a7853e09
215,6799,2.508831,0xcde70a8836702ebe6bfc9a12fd3f6907cfe4d4f6,2017-11-01T19:47:26.000Z,0.000369,0xdba99e132e78f745c0993ed4ed5be5a53f898689,buy,0xe3818504c1b32bf1557b16c238b2e01fd3149c17,0x819fe96cbc1ea605213aeaa60e4ad4d2663cec277ca03094c532ff0e22d48543
216,7000,2.55003,0xcde70a8836702ebe6bfc9a12fd3f6907cfe4d4f6,2017-11-01T19:47:26.000Z,0.00036429,0x491e84c3b3122f92f7111c0f5c98ee9c4b13316c,buy,0xe3818504c1b32bf1557b16c238b2e01fd3149c17,0x4565953bfb3b1c9c59ed91730921cb243e67a4b2dcb86b11f82b500a6735ea82
217,1580.788611955441,0.5758654834492476,0xd3c7d671e67549e54ff47ec38d3d78fb88b89b3a,2017-11-01T19:28:19.000Z,0.00036429,0x6bd7559f3f2cb08ccc4b5b4d5cdaab329177b3ba,buy,0xe3818504c1b32bf1557b16c238b2e01fd3149c17,0x6b0e8e10a0526f5a3ada96ff751d5dca4270c21c250b049d2e30f283ddd4a481
218,400,0.1515552,0x3a5747b4cd3736fe50fcc902f9ffea813bd05551,2017-11-01T19:26:06.000Z,0.000378888,0x12f5b0a2b35b62a909ed56a4a89a832a46cef08b,buy,0xe3818504c1b32bf1557b16c238b2e01fd3149c17,0x27027a2549577584a519084a319d6ff130a67db4b53295669a082d04d586c119
219,630,0.242487,0xa31d9fa0b4a4d9aa0a8197d1d5d44aa43ee58742,2017-11-01T19:23:50.000Z,0.0003849,0x873880b4ec6fd0d442148ca0fd8ef287e0e6c7c6,buy,0xe3818504c1b32bf1557b16c238b2e01fd3149c17,0xa739f88770ad12a3000142c79b56c2a90f2b9e710d01147c06a07cb472545231
220,1500,0.582,0xa31d9fa0b4a4d9aa0a8197d1d5d44aa43ee58742,2017-11-01T19:21:57.000Z,0.000388,0x0352957e9a0345f8babf750f8415676a503fb635,buy,0xe3818504c1b32bf1557b16c238b2e01fd3149c17,0xa4986e511d03b56ed5b1d1d0b6f1f5f89c93253a923a57479e9ee33c6a5d2a9b
221,10000,3.58,0x61617f93fd933aab1a6121b10c40209e847c7866,2017-11-01T19:20:10.000Z,0.000358,0x33fe527df0c9f0d38e3b49ef84d69459a2c2f3de,buy,0xe3818504c1b32bf1557b16c238b2e01fd3149c17,0x826962d9bf2eaae107f83bc4fedd11b2e17b74814532754441ff371e4326c1b0
222,249.25,0.0830874875,0x491e84c3b3122f92f7111c0f5c98ee9c4b13316c,2017-11-01T19:17:23.000Z,0.00033335,0x273a5d3e6721b9f5c1a6474f560c1334c63dda01,sell,0xe3818504c1b32bf1557b16c238b2e01fd3149c17,0x883dc88e138cb46bb79dd9ce28c39cac2700e7538181f1cbee8853bcad2535e3
223,250,0.08,0x273a5d3e6721b9f5c1a6474f560c1334c63dda01,2017-11-01T19:17:23.000Z,0.00032,0x7add1decc8a22741d9b83e5e8711fafc59956c23,buy,0xe3818504c1b32bf1557b16c238b2e01fd3149c17,0x883dc88e138cb46bb79dd9ce28c39cac2700e7538181f1cbee8853bcad2535e3
224,889.2306728474796,0.2964099278722689,0xf1b4f33007fa56c6ab0f88c3e8d13b428e1bda21,2017-11-01T19:06:23.000Z,0.000333333,0x8103a1614ca0f52ff629093280c46891ecd072f1,sell,0xe3818504c1b32bf1557b16c238b2e01fd3149c17,0x3ab626714c4f6108299bce22aee130b36ae7919a39a9cf373c906beb3a01a8a6
225,140,0.049,0xe1c883e16f45f8ee8acf598e4f5ef29b1e6ddea4,2017-11-01T19:05:24.000Z,0.00035,0x491e84c3b3122f92f7111c0f5c98ee9c4b13316c,sell,0xe3818504c1b32bf1557b16c238b2e01fd3149c17,0xf47c154df74fa26808127b8c8eac41f5653a2206bae594661367f5d759dd8cf4
226,700,0.266,0xa31d9fa0b4a4d9aa0a8197d1d5d44aa43ee58742,2017-11-01T18:58:22.000Z,0.00038,0x4ca7e4ccbb54ca14d67370a989439f866900df2c,buy,0xe3818504c1b32bf1557b16c238b2e01fd3149c17,0x1442e47419e9110c7f9f6a5f3bcc4dbc4f6e2c38eba64a906bfe4f3b73711b52
227,965.137,0.34369493707,0xec720d4979f8b0b1f91b136923b49a8d2c61c7db,2017-11-01T18:56:49.000Z,0.00035611,0x8103a1614ca0f52ff629093280c46891ecd072f1,sell,0xe3818504c1b32bf1557b16c238b2e01fd3149c17,0xf22d4a0ec3b9a24c1dca0f0ebd558c3555c860bbffe27b431a51ce76824659b0
228,2021.8626581897638,0.7200055112079567,0xec720d4979f8b0b1f91b136923b49a8d2c61c7db,2017-11-01T18:55:17.000Z,0.00035611,0xd8638b6b089ebbe495f1a7a2a7e4806f38628fbc,sell,0xe3818504c1b32bf1557b16c238b2e01fd3149c17,0x3a0dca149c1bf12a261d423802b945cc39196db539326354473e029158de3d28
229,10000,3.5611,0xec720d4979f8b0b1f91b136923b49a8d2c61c7db,2017-11-01T18:51:53.000Z,0.00035611,0x491e84c3b3122f92f7111c0f5c98ee9c4b13316c,sell,0xe3818504c1b32bf1557b16c238b2e01fd3149c17,0xcc3a318ab1afbb314c10fdc9f2c9ef143845e6f6ccfc3fbe5b9e8f874e803c1b
230,100,0.03563,0x3918f6c9366759dae887e9e60a280670706ef8a7,2017-11-01T18:51:24.000Z,0.0003563,0xd8638b6b089ebbe495f1a7a2a7e4806f38628fbc,sell,0xe3818504c1b32bf1557b16c238b2e01fd3149c17,0x552b7b9d613eac02b1c19932ba72392b6dda29c65ff31cc4a767240d40556788
231,10000,3.5611,0x61617f93fd933aab1a6121b10c40209e847c7866,2017-11-01T18:51:19.000Z,0.00035611,0xa110c8fb29ceb0478b4855bd6a7823d6cd639c21,buy,0xe3818504c1b32bf1557b16c238b2e01fd3149c17,0x515aacec42adf133a314ea9f80ff85325b91f97394c8d42fe77f5364623d107d
232,5417.59,1.976878591,0x34481ae99fb65fd8281ac142039ccbc10e3a82b7,2017-11-01T18:48:06.000Z,0.0003649,0xaccba48528d5d958f452ac0acec373dda8174612,buy,0xe3818504c1b32bf1557b16c238b2e01fd3149c17,0xae2adcc9cd54f32652f6f8782c1d5158afec518f9a66e882a7534d93af358a35
233,2.65,0.00053,0x491e84c3b3122f92f7111c0f5c98ee9c4b13316c,2017-11-01T18:09:34.000Z,0.0002,0x491e84c3b3122f92f7111c0f5c98ee9c4b13316c,sell,0xe3818504c1b32bf1557b16c238b2e01fd3149c17,0x50e03828a9978ba9fb68c2a907876f6aee83bec1d5e87ba1fbd9c43692756c68
234,4.12,0.000824,0x491e84c3b3122f92f7111c0f5c98ee9c4b13316c,2017-11-01T18:09:34.000Z,0.0002,0x491e84c3b3122f92f7111c0f5c98ee9c4b13316c,sell,0xe3818504c1b32bf1557b16c238b2e01fd3149c17,0x3ea2d4b746262ac9e4ed429ef2ce5b097ba8e33e372433f78454f4877c99ec0b
235,1.22,0.000244,0x491e84c3b3122f92f7111c0f5c98ee9c4b13316c,2017-11-01T18:09:34.000Z,0.0002,0x491e84c3b3122f92f7111c0f5c98ee9c4b13316c,sell,0xe3818504c1b32bf1557b16c238b2e01fd3149c17,0xb14edf1d56d56aae38559108044df49bb5679f03356fe284d2163421d0790611
236,4.6,0.00092,0x491e84c3b3122f92f7111c0f5c98ee9c4b13316c,2017-11-01T18:09:09.000Z,0.0002,0x491e84c3b3122f92f7111c0f5c98ee9c4b13316c,sell,0xe3818504c1b32bf1557b16c238b2e01fd3149c17,0xdfef7f5ff870ab148d0a07eb06599de9df22909b290455ec923f40c1b356e570
237,1300,0.4682587,0x49fbceef7d8d12a5000bb1a057e542d85845e62a,2017-11-01T18:07:17.000Z,0.000360199,0x8e7f4dae840efa4bf776f8d0b8830ef97485effa,buy,0xe3818504c1b32bf1557b16c238b2e01fd3149c17,0x42e1c1e268cd66267f2175b1eea10ed07f4d70db9408f63be23d0f2f12d406f2
238,1.2,0.00024,0x491e84c3b3122f92f7111c0f5c98ee9c4b13316c,2017-11-01T18:04:38.000Z,0.0002,0x491e84c3b3122f92f7111c0f5c98ee9c4b13316c,sell,0xe3818504c1b32bf1557b16c238b2e01fd3149c17,0x6f8c9acd598798187c4d7d6ef0494f1801ae248d16f939042d476d2eb038c6ed
239,2760,1.000362,0x4a0c61c5e6ca70b65024f4e811f2f26fbfea8273,2017-11-01T18:01:59.000Z,0.00036245,0xec720d4979f8b0b1f91b136923b49a8d2c61c7db,buy,0xe3818504c1b32bf1557b16c238b2e01fd3149c17,0xbc1fe216a2c13e1ac5c406a7bc4084bf90ac1c52cb830e7dd9027424ca33c8fe
240,100,0.0360199,0x55ae8636cf64e013081b1a61aefb32cf1a9d6c91,2017-11-01T18:01:16.000Z,0.000360199,0x8e7f4dae840efa4bf776f8d0b8830ef97485effa,buy,0xe3818504c1b32bf1557b16c238b2e01fd3149c17,0x8e2d5f9894919fc3207cd55ad1201ac6d2a23616718639c073ff81a58242479e
241,6780,2.45740422,0x49fbceef7d8d12a5000bb1a057e542d85845e62a,2017-11-01T17:59:50.000Z,0.000362449,0xda3ebe2885da8898459b736692f3790893dc6d6e,buy,0xe3818504c1b32bf1557b16c238b2e01fd3149c17,0xcffe367b44a749a15c6c5050acdb46b7349884802fcb1246eede9df2249336b3
242,744.2984485015078,0.24792581319585225,0x3918f6c9366759dae887e9e60a280670706ef8a7,2017-11-01T17:52:56.000Z,0.00033309999999999997,0xa2b16e3b6b64771396c925e61fefd851e757e38e,sell,0xe3818504c1b32bf1557b16c238b2e01fd3149c17,0xa9c15828a48e4a0fd9e3743a0648cd5b91706ca5165dacaf77a74c7dc6a00ae9
243,10000,3.6245,0xe873ef81a68bd9642bf54fcb3b663a394946f390,2017-11-01T17:52:09.000Z,0.00036245,0xec720d4979f8b0b1f91b136923b49a8d2c61c7db,buy,0xe3818504c1b32bf1557b16c238b2e01fd3149c17,0xd9379267cc249409d5912c49e47d5ed32eab0d146f6993e513ba3a5a106f5ec1
244,3846.697,1.3867342685,0xe873ef81a68bd9642bf54fcb3b663a394946f390,2017-11-01T17:49:37.000Z,0.0003605,0xf01bddaf7a9dc5f7382a9385aba23d546ee8f5ff,buy,0xe3818504c1b32bf1557b16c238b2e01fd3149c17,0x5b3bbe10fc7999388b6b14ced0d725ba44ab68309acfd0f4e5166a3b23e6d8ff
245,1178.946,0.4248921384,0xe873ef81a68bd9642bf54fcb3b663a394946f390,2017-11-01T17:48:18.000Z,0.0003604,0x3918f6c9366759dae887e9e60a280670706ef8a7,buy,0xe3818504c1b32bf1557b16c238b2e01fd3149c17,0x94ebc4e988b18e233685be88c587557195c18a6fbf318e3506ae7b73094dcab5
246,2573.422,0.91356481,0xe873ef81a68bd9642bf54fcb3b663a394946f390,2017-11-01T17:47:33.000Z,0.000355,0xd8638b6b089ebbe495f1a7a2a7e4806f38628fbc,buy,0xe3818504c1b32bf1557b16c238b2e01fd3149c17,0x0c54620656866102f179e0161fbef364912867a13d129beaa398c016f44bfa1c
247,5.6,0.00084,0x491e84c3b3122f92f7111c0f5c98ee9c4b13316c,2017-11-01T17:44:25.000Z,0.00015,0x491e84c3b3122f92f7111c0f5c98ee9c4b13316c,sell,0xe3818504c1b32bf1557b16c238b2e01fd3149c17,0x0c0446576c74185f0a0e3cf0a1aa01a34057c2c89f28fcce5c8e1d2a90d2dcd8
248,400,0.142,0xd649033b08546b15e284401582cb51a842d2801b,2017-11-01T17:44:14.000Z,0.000355,0xd8638b6b089ebbe495f1a7a2a7e4806f38628fbc,buy,0xe3818504c1b32bf1557b16c238b2e01fd3149c17,0x68e90686067a12cb430778425c4e0d84292aabe9c1e372ae9db56a7cb5b163a8
249,28.439226017209933,0.010095925236109526,0x20ae150d9d59999e9fe13b99e993669337c3dee2,2017-11-01T17:44:14.000Z,0.000355,0xd8638b6b089ebbe495f1a7a2a7e4806f38628fbc,buy,0xe3818504c1b32bf1557b16c238b2e01fd3149c17,0xdbcb3e84025f57558eaab6d9c0070253a14e8ac3624997586f463a5a298c95dd
250,4.2,0.00063,0x491e84c3b3122f92f7111c0f5c98ee9c4b13316c,2017-11-01T17:42:37.000Z,0.00015,0x491e84c3b3122f92f7111c0f5c98ee9c4b13316c,sell,0xe3818504c1b32bf1557b16c238b2e01fd3149c17,0xf41de2db2b1c80cd245188de581c6880b0d47818d4a8ed0d694d695b8011d7c9
251,1.7,0.000255,0x491e84c3b3122f92f7111c0f5c98ee9c4b13316c,2017-11-01T17:41:58.000Z,0.00015,0x491e84c3b3122f92f7111c0f5c98ee9c4b13316c,sell,0xe3818504c1b32bf1557b16c238b2e01fd3149c17,0x551cb8f1e7a4d5dd4f0c1683808dac0b927734a415d8e790095d7e81a8536730
252,1.6,0.00024,0x491e84c3b3122f92f7111c0f5c98ee9c4b13316c,2017-11-01T17:40:38.000Z,0.00015,0x491e84c3b3122f92f7111c0f5c98ee9c4b13316c,sell,0xe3818504c1b32bf1557b16c238b2e01fd3149c17,0x9b0a762d2f8c9df6b91f18c2d96a8b283cc5808f21c7d834a89991d42e559c68
253,2.3,0.000345,0x491e84c3b3122f92f7111c0f5c98ee9c4b13316c,2017-11-01T17:39:50.000Z,0.00015,0x491e84c3b3122f92f7111c0f5c98ee9c4b13316c,sell,0xe3818504c1b32bf1557b16c238b2e01fd3149c17,0xbc1d47c896b31726e8fc20c616254c590f331fac9a1288fbdf402a57878aa0bc
254,10,0.0015,0x491e84c3b3122f92f7111c0f5c98ee9c4b13316c,2017-11-01T17:39:40.000Z,0.00015,0x491e84c3b3122f92f7111c0f5c98ee9c4b13316c,sell,0xe3818504c1b32bf1557b16c238b2e01fd3149c17,0x333d987af66b122b226e652ef7e466f4dd89bf0e524c058f2b6edfe762a5037d
255,1297.514750330314,0.4606177363672615,0xed6a80ffccb7f0b2004ea1f51507183c9cd4c678,2017-11-01T17:37:28.000Z,0.000355,0xd8638b6b089ebbe495f1a7a2a7e4806f38628fbc,buy,0xe3818504c1b32bf1557b16c238b2e01fd3149c17,0x2cbc86bc9c69e0f16b54c7f5ff81d375317f2d6e1888538e1d640b6a331f55f4
256,120,0.042,0xed6a80ffccb7f0b2004ea1f51507183c9cd4c678,2017-11-01T17:34:14.000Z,0.00035,0x3918f6c9366759dae887e9e60a280670706ef8a7,buy,0xe3818504c1b32bf1557b16c238b2e01fd3149c17,0x2d1bfdc6ae5b662200ec8e8d8e1efb11dc48074f2c8bdf0a3923cb2fc080a84a
257,1117.8359220574648,0.38006533133546005,0x3918f6c9366759dae887e9e60a280670706ef8a7,2017-11-01T17:22:56.000Z,0.000340001,0x610af63930910c31c95e3e273d10aab691b5074f,buy,0xe3818504c1b32bf1557b16c238b2e01fd3149c17,0x8249143cfec2c5a7c13f8d2b1a6cebcf30ca525850f667d4b62ae78c740ff855
258,4.9,0.00098,0x491e84c3b3122f92f7111c0f5c98ee9c4b13316c,2017-11-01T17:22:03.000Z,0.0002,0x491e84c3b3122f92f7111c0f5c98ee9c4b13316c,sell,0xe3818504c1b32bf1557b16c238b2e01fd3149c17,0x8501a2258b778f86477fffb5438f4abf20cdf304fd43c6f11136b61a39499485
259,3.5,0.0007,0x491e84c3b3122f92f7111c0f5c98ee9c4b13316c,2017-11-01T17:22:03.000Z,0.0002,0x491e84c3b3122f92f7111c0f5c98ee9c4b13316c,sell,0xe3818504c1b32bf1557b16c238b2e01fd3149c17,0x236153bfd781e2fbb28c7278e192cbe48921462124688f391e21a39f3e545e26
260,1.3,0.00026,0x491e84c3b3122f92f7111c0f5c98ee9c4b13316c,2017-11-01T17:22:03.000Z,0.0002,0x491e84c3b3122f92f7111c0f5c98ee9c4b13316c,sell,0xe3818504c1b32bf1557b16c238b2e01fd3149c17,0x08bd9af57ead594026d7747918b9dc19118546afdff811b060a763b8919d640e
261,3000,1.020003,0x8e7f4dae840efa4bf776f8d0b8830ef97485effa,2017-11-01T17:21:49.000Z,0.000340001,0x610af63930910c31c95e3e273d10aab691b5074f,buy,0xe3818504c1b32bf1557b16c238b2e01fd3149c17,0x6ac4ac22d367a0f2aaf8ba590657fdd672c14420912bb0ceadbed31d9e2fa9d0
262,2.4,0.00048,0x491e84c3b3122f92f7111c0f5c98ee9c4b13316c,2017-11-01T17:21:49.000Z,0.0002,0x491e84c3b3122f92f7111c0f5c98ee9c4b13316c,sell,0xe3818504c1b32bf1557b16c238b2e01fd3149c17,0xb1e403f00184e1d8605c9cce18184bdad8c940aff0d6e3699a8040956338dcfc
263,2.4,0.00048,0x491e84c3b3122f92f7111c0f5c98ee9c4b13316c,2017-11-01T17:21:15.000Z,0.0002,0x491e84c3b3122f92f7111c0f5c98ee9c4b13316c,sell,0xe3818504c1b32bf1557b16c238b2e01fd3149c17,0xb1e403f00184e1d8605c9cce18184bdad8c940aff0d6e3699a8040956338dcfc
264,4.8,0.00096,0x491e84c3b3122f92f7111c0f5c98ee9c4b13316c,2017-11-01T17:18:10.000Z,0.0002,0x491e84c3b3122f92f7111c0f5c98ee9c4b13316c,sell,0xe3818504c1b32bf1557b16c238b2e01fd3149c17,0xbdd64c9eace8b01b7eece6ea3502fd2e65f325de476944bd0beb3dde4d7daec4
265,2.4,0.00048,0x491e84c3b3122f92f7111c0f5c98ee9c4b13316c,2017-11-01T17:18:10.000Z,0.0002,0x491e84c3b3122f92f7111c0f5c98ee9c4b13316c,sell,0xe3818504c1b32bf1557b16c238b2e01fd3149c17,0x1b73ebc7d15c7d13f93c98c6fce771a289139a254ab8dca7ec5d3f59829e334e
266,4.2,0.00084,0x491e84c3b3122f92f7111c0f5c98ee9c4b13316c,2017-11-01T17:18:10.000Z,0.0002,0x491e84c3b3122f92f7111c0f5c98ee9c4b13316c,sell,0xe3818504c1b32bf1557b16c238b2e01fd3149c17,0x7aba9f54fbdc06236a3291f4909b5f6f9ceba221ceebbaba80369128dc916f35
267,2.1,0.00042,0x491e84c3b3122f92f7111c0f5c98ee9c4b13316c,2017-11-01T17:18:03.000Z,0.0002,0x491e84c3b3122f92f7111c0f5c98ee9c4b13316c,sell,0xe3818504c1b32bf1557b16c238b2e01fd3149c17,0xeb12036f3b1ed7d58d8c4070fd55ba78408736dadaf8994f97bb43f471e1cf6c
268,10,0.002,0x491e84c3b3122f92f7111c0f5c98ee9c4b13316c,2017-11-01T17:16:59.000Z,0.0002,0x491e84c3b3122f92f7111c0f5c98ee9c4b13316c,sell,0xe3818504c1b32bf1557b16c238b2e01fd3149c17,0x9441f864d334ceaef7bf3a4e980a5f7ea2a686a3216d81d3c6f7ee213cef2913
269,3.5,0.001155,0xf01bddaf7a9dc5f7382a9385aba23d546ee8f5ff,2017-11-01T17:15:46.000Z,0.00033,0x3918f6c9366759dae887e9e60a280670706ef8a7,buy,0xe3818504c1b32bf1557b16c238b2e01fd3149c17,0xe111cbd592feb6fa6a7f7df45840fc02da93c09b744a2aeb769fa20dad575f36
270,3.5,0.001155,0xf01bddaf7a9dc5f7382a9385aba23d546ee8f5ff,2017-11-01T17:15:43.000Z,0.00033,0x3918f6c9366759dae887e9e60a280670706ef8a7,buy,0xe3818504c1b32bf1557b16c238b2e01fd3149c17,0x8f5e4eb2ab23d2a6ad7b4b7d72de52741f0ddd7893bc38cdd27bf8ecc2aa8c33
271,3846.6973751370742,1.292490318046057,0xf01bddaf7a9dc5f7382a9385aba23d546ee8f5ff,2017-11-01T17:15:22.000Z,0.000336,0x3ab9e5252a79123adcb3ee2f35ad64c3ea8c5bf3,sell,0xe3818504c1b32bf1557b16c238b2e01fd3149c17,0x06afa48451a79e6305b666128b939de5bba6533aa3c5a2e9a01aa38d4c143644
272,128.16407794253524,0.04357591466453992,0x6518d2e38a384209e62f5e2bd388477d11571737,2017-11-01T17:14:12.000Z,0.000340001,0x610af63930910c31c95e3e273d10aab691b5074f,buy,0xe3818504c1b32bf1557b16c238b2e01fd3149c17,0x6c7ae6b065025b5d9f19d1994021437d751ece4ef32337d3525fc5880dc5151e
273,1,0.0002,0x491e84c3b3122f92f7111c0f5c98ee9c4b13316c,2017-11-01T17:13:16.000Z,0.0002,0x491e84c3b3122f92f7111c0f5c98ee9c4b13316c,sell,0xe3818504c1b32bf1557b16c238b2e01fd3149c17,0xdb39e66666425c4b8e18ace1ce427888a1a5cc50dfdf51853eb0f06ae3db70c8
274,1.9,0.00057,0x491e84c3b3122f92f7111c0f5c98ee9c4b13316c,2017-11-01T17:10:04.000Z,0.0003,0x491e84c3b3122f92f7111c0f5c98ee9c4b13316c,sell,0xe3818504c1b32bf1557b16c238b2e01fd3149c17,0x447ddd41a3b09990e34df73a3e6d19d27d788a9d188e2589be99ee8f536d6e49
275,1.8,0.00054,0x491e84c3b3122f92f7111c0f5c98ee9c4b13316c,2017-11-01T17:10:04.000Z,0.0003,0x491e84c3b3122f92f7111c0f5c98ee9c4b13316c,sell,0xe3818504c1b32bf1557b16c238b2e01fd3149c17,0xc2fb94f12b2640d580c44feadffc4b231071712bb137786a02c5534c68a10540
276,1.5,0.00045,0x491e84c3b3122f92f7111c0f5c98ee9c4b13316c,2017-11-01T17:09:51.000Z,0.0003,0x491e84c3b3122f92f7111c0f5c98ee9c4b13316c,sell,0xe3818504c1b32bf1557b16c238b2e01fd3149c17,0xe1a652db67a7a51b8b7583616c1d3b2b8e166bd9a604376cd77a9ff4968fafd6
277,58,0.019720058,0x94494c1fcfbab3cd580613f11d5285d567fd05da,2017-11-01T17:09:33.000Z,0.000340001,0x610af63930910c31c95e3e273d10aab691b5074f,buy,0xe3818504c1b32bf1557b16c238b2e01fd3149c17,0x6aa3d9649dbff52f122e198310e56f9ab630aaa18767faf7018e1b5192e6586c
278,1,0.0003,0x491e84c3b3122f92f7111c0f5c98ee9c4b13316c,2017-11-01T17:08:22.000Z,0.0003,0x491e84c3b3122f92f7111c0f5c98ee9c4b13316c,sell,0xe3818504c1b32bf1557b16c238b2e01fd3149c17,0x8299e67080f60a159a67601b9d6a4c8c5588dec9128012b9fff5470669748800
279,1.2,0.00036,0x491e84c3b3122f92f7111c0f5c98ee9c4b13316c,2017-11-01T17:06:50.000Z,0.0003,0x491e84c3b3122f92f7111c0f5c98ee9c4b13316c,sell,0xe3818504c1b32bf1557b16c238b2e01fd3149c17,0xcaacfa5ad42412183e4d7526758453939090e29e7abed4d73541210dcc257617
280,1.3,0.00039,0x491e84c3b3122f92f7111c0f5c98ee9c4b13316c,2017-11-01T17:06:10.000Z,0.0003,0x491e84c3b3122f92f7111c0f5c98ee9c4b13316c,sell,0xe3818504c1b32bf1557b16c238b2e01fd3149c17,0xbad89146ba3567497e647e3b976d4111f697ed6523cc475a54c05a353cf8b806
281,56.022,0.019999854,0xd6fa435b03f0632e208dcd2eb019de5495d1725b,2017-11-01T16:56:10.000Z,0.000357,0xd8638b6b089ebbe495f1a7a2a7e4806f38628fbc,sell,0xe3818504c1b32bf1557b16c238b2e01fd3149c17,0xe1ae9406adb0f8eac015e99fe5708491a7ec72da95a2939e458e4b07fb8a1931
282,768.1297724053267,0.2742223287487016,0xd6fa435b03f0632e208dcd2eb019de5495d1725b,2017-11-01T16:55:36.000Z,0.000357,0xd8638b6b089ebbe495f1a7a2a7e4806f38628fbc,sell,0xe3818504c1b32bf1557b16c238b2e01fd3149c17,0x815467bbba23a3f034a83e8fd6b48bc9102fb772aa75deccab9b31983ced2fca
283,20.041212451422304,0.007154712845157762,0xd6fa435b03f0632e208dcd2eb019de5495d1725b,2017-11-01T16:54:39.000Z,0.00035699999999999995,0xf01bddaf7a9dc5f7382a9385aba23d546ee8f5ff,sell,0xe3818504c1b32bf1557b16c238b2e01fd3149c17,0xbaf6aabf741076dab2d5ac3678ed28de397b3dfc4e7328fd347c8199a5e666ac
284,5126,1.74284,0xd8638b6b089ebbe495f1a7a2a7e4806f38628fbc,2017-11-01T16:51:31.000Z,0.00034,0x3ab9e5252a79123adcb3ee2f35ad64c3ea8c5bf3,sell,0xe3818504c1b32bf1557b16c238b2e01fd3149c17,0xccfac68fffc3abff1493adbfa8e4bde419d5a1ed5cb88e124224d1c531ddd5f1
285,20.1,0.006633,0xf01bddaf7a9dc5f7382a9385aba23d546ee8f5ff,2017-11-01T16:51:20.000Z,0.00033,0xcbe6de482205462f6275c6d6c07b7c5a477d95c8,buy,0xe3818504c1b32bf1557b16c238b2e01fd3149c17,0x0b81c60b33b50361378a1ec07ef5bcf9411fa551df6106a6d6f5bc02dc97eb73
286,0.004,0.0000018,0x491e84c3b3122f92f7111c0f5c98ee9c4b13316c,2017-11-01T16:50:46.000Z,0.00045,0x3918f6c9366759dae887e9e60a280670706ef8a7,buy,0xe3818504c1b32bf1557b16c238b2e01fd3149c17,0x6891f67a09a22102dec40b97f54db5ae9c0bc79720fdf6a15ccecb0024441c75
287,0.002,0.0000009,0x491e84c3b3122f92f7111c0f5c98ee9c4b13316c,2017-11-01T16:50:46.000Z,0.00045,0x3918f6c9366759dae887e9e60a280670706ef8a7,buy,0xe3818504c1b32bf1557b16c238b2e01fd3149c17,0x0a9bc0246e59372a99c2f39af0ac596be74ef73c362d8d239eef98ee5017ce4d
288,0.003,0.00000135,0x491e84c3b3122f92f7111c0f5c98ee9c4b13316c,2017-11-01T16:50:46.000Z,0.00045,0x3918f6c9366759dae887e9e60a280670706ef8a7,buy,0xe3818504c1b32bf1557b16c238b2e01fd3149c17,0x0481405015aa9bd4046f429c0ce9d96f178735e911b903051fc079e52c6adfde
289,0.004,0.0000018,0x491e84c3b3122f92f7111c0f5c98ee9c4b13316c,2017-11-01T16:50:35.000Z,0.00045,0x3918f6c9366759dae887e9e60a280670706ef8a7,buy,0xe3818504c1b32bf1557b16c238b2e01fd3149c17,0xd7317bbcab5b132714fe0f2124078182a84e90dd4c8673bc3587ac873b19fd63
290,0.002,0.0000009,0x491e84c3b3122f92f7111c0f5c98ee9c4b13316c,2017-11-01T16:48:32.000Z,0.00045,0x3918f6c9366759dae887e9e60a280670706ef8a7,buy,0xe3818504c1b32bf1557b16c238b2e01fd3149c17,0x8caf4aa333bc43d37dfb46598858ad1e00e51fac19038201a186113b512d016a
291,0.001,0.00000045,0x491e84c3b3122f92f7111c0f5c98ee9c4b13316c,2017-11-01T16:47:23.000Z,0.00045,0x3918f6c9366759dae887e9e60a280670706ef8a7,buy,0xe3818504c1b32bf1557b16c238b2e01fd3149c17,0xde012b44303076e7fcaf363545c83726b8493a2d07dadf61f8ca043bffc95b29
292,0.002,0.0000009,0x491e84c3b3122f92f7111c0f5c98ee9c4b13316c,2017-11-01T16:47:23.000Z,0.00045,0x3918f6c9366759dae887e9e60a280670706ef8a7,buy,0xe3818504c1b32bf1557b16c238b2e01fd3149c17,0xe6e3158c3c52b2a51a553b759931824672b9d3b1e4d22c7dfe29b822a1be84a0
293,0.002,0.0000009,0x491e84c3b3122f92f7111c0f5c98ee9c4b13316c,2017-11-01T16:47:23.000Z,0.00045,0x3918f6c9366759dae887e9e60a280670706ef8a7,buy,0xe3818504c1b32bf1557b16c238b2e01fd3149c17,0xfacdc6e98ccc78fcb2c030c5703eda1d08fc28aa7388d303e1e6fae3d9d0754f
294,0.001,0.00000045,0x491e84c3b3122f92f7111c0f5c98ee9c4b13316c,2017-11-01T16:47:18.000Z,0.00045,0x3918f6c9366759dae887e9e60a280670706ef8a7,buy,0xe3818504c1b32bf1557b16c238b2e01fd3149c17,0x93d21086e67d563e547ec1d8262c1872a06fc34714456a7728909b266e46af65
295,0.001,0.00000045,0x491e84c3b3122f92f7111c0f5c98ee9c4b13316c,2017-11-01T16:46:05.000Z,0.00045,0x3918f6c9366759dae887e9e60a280670706ef8a7,buy,0xe3818504c1b32bf1557b16c238b2e01fd3149c17,0x37e336e889052aeff4cc858c1134c37cc7183994ca894235b41bba0f2950ba64
296,0.001,0.00000045,0x491e84c3b3122f92f7111c0f5c98ee9c4b13316c,2017-11-01T16:46:05.000Z,0.00045,0x3918f6c9366759dae887e9e60a280670706ef8a7,buy,0xe3818504c1b32bf1557b16c238b2e01fd3149c17,0x49125ac0c5a5f700418324fd5bdc0404d3b2097fa1b0f7956a4543977e9d8284
297,0.002,0.0000009,0x491e84c3b3122f92f7111c0f5c98ee9c4b13316c,2017-11-01T16:46:05.000Z,0.00045,0x3918f6c9366759dae887e9e60a280670706ef8a7,buy,0xe3818504c1b32bf1557b16c238b2e01fd3149c17,0xfe3bd0df604ee5b4b3c5eda65e5f02e30a2eb053bced0673512d516b4a64c94e
298,0.001,0.00000045,0x491e84c3b3122f92f7111c0f5c98ee9c4b13316c,2017-11-01T16:44:57.000Z,0.00045,0x3918f6c9366759dae887e9e60a280670706ef8a7,buy,0xe3818504c1b32bf1557b16c238b2e01fd3149c17,0xe480e60d68847e3588c6afc2d18d29540ffc2d2c19de640b906eb949491404f7
299,0.001,0.00000045,0x491e84c3b3122f92f7111c0f5c98ee9c4b13316c,2017-11-01T16:44:26.000Z,0.00045,0x3918f6c9366759dae887e9e60a280670706ef8a7,buy,0xe3818504c1b32bf1557b16c238b2e01fd3149c17,0xbd8bb4c5c65754d073405865bd8aec5b9c35967e8958bb5f8d4bc5a3fbc511ba
300,10,0.003,0x491e84c3b3122f92f7111c0f5c98ee9c4b13316c,2017-11-01T16:33:07.000Z,0.0003,0x491e84c3b3122f92f7111c0f5c98ee9c4b13316c,sell,0xe3818504c1b32bf1557b16c238b2e01fd3149c17,0x96cccf3e293241b131e4a8c994e774bbe0cb383c1379eeebce459f9706fd1575
301,10,0.003,0x491e84c3b3122f92f7111c0f5c98ee9c4b13316c,2017-11-01T16:31:42.000Z,0.0003,0x491e84c3b3122f92f7111c0f5c98ee9c4b13316c,sell,0xe3818504c1b32bf1557b16c238b2e01fd3149c17,0xbfa3b7234544cbe1512852380ce02f1ec8656741666c31e04f54dfc8a30740f6
302,1701,0.627669,0x62cda478a95d9a9bce06f4575224d72bee037da1,2017-11-01T16:24:10.000Z,0.000369,0xdba99e132e78f745c0993ed4ed5be5a53f898689,buy,0xe3818504c1b32bf1557b16c238b2e01fd3149c17,0x08341c78a6b2e77567ae710f87bcc9b0480b7265d6553eff74b9094a601cec37
303,82.41,0.030071409,0x89d400d2268df5f9e4590c632f407bda11fab028,2017-11-01T16:22:24.000Z,0.0003649,0xaccba48528d5d958f452ac0acec373dda8174612,buy,0xe3818504c1b32bf1557b16c238b2e01fd3149c17,0x80070ae50205a18270fcdf4c20721b0a670ccb4b38dad9fa21bd5aaf5595d3b6
304,67.59,0.024616278,0x89d400d2268df5f9e4590c632f407bda11fab028,2017-11-01T16:20:54.000Z,0.0003642,0xf01bddaf7a9dc5f7382a9385aba23d546ee8f5ff,buy,0xe3818504c1b32bf1557b16c238b2e01fd3149c17,0xdfcaffc73f67737ef7c50a8974992747c8753ae7d615b0a89d4ff289ed5b7351
305,500,0.18245,0x89d400d2268df5f9e4590c632f407bda11fab028,2017-11-01T16:18:51.000Z,0.0003649,0xaccba48528d5d958f452ac0acec373dda8174612,buy,0xe3818504c1b32bf1557b16c238b2e01fd3149c17,0xe90bb0f14d3b1cec980b7b95467eb0f727aee40a89ebb7d9a8ad545786d56c37
306,50,0.01645,0x3918f6c9366759dae887e9e60a280670706ef8a7,2017-11-01T16:17:08.000Z,0.000329,0x491e84c3b3122f92f7111c0f5c98ee9c4b13316c,sell,0xe3818504c1b32bf1557b16c238b2e01fd3149c17,0x543666f552ba7b3bb5bc9ffcae9d596c9a3122e21ef3178bed9bd577ecbcaf44
307,3299.349734102974,1.2019531081337134,0x62cda478a95d9a9bce06f4575224d72bee037da1,2017-11-01T16:16:35.000Z,0.0003643,0x3f1816c0b1e3e199933b31d89daf986317b9ecb1,buy,0xe3818504c1b32bf1557b16c238b2e01fd3149c17,0xeb0277334c45b03c1632a7978fdb25a7c3e6df47d1c95b8e8dcaa9ebb1800b1c
308,100,0.0319,0x3918f6c9366759dae887e9e60a280670706ef8a7,2017-11-01T16:16:08.000Z,0.000319,0x491e84c3b3122f92f7111c0f5c98ee9c4b13316c,sell,0xe3818504c1b32bf1557b16c238b2e01fd3149c17,0x6dfb6e45d2187a74d6456a9c8b3a3e4a52e68d1bce1072bdb0a6abc589a07c46
309,1000,0.36449,0x08c721ccbf6a71ce81986f25c7e4a6587225019e,2017-11-01T16:14:52.000Z,0.00036449,0x8e7f4dae840efa4bf776f8d0b8830ef97485effa,buy,0xe3818504c1b32bf1557b16c238b2e01fd3149c17,0x65bc7c26b718e9fa46c86b46c78ed783c44312788c9d728c7b2392301ce80396
310,150,0.054645,0x4644d6e363d354db6db5b98030b969b69f3b69ff,2017-11-01T16:08:02.000Z,0.0003643,0x3f1816c0b1e3e199933b31d89daf986317b9ecb1,buy,0xe3818504c1b32bf1557b16c238b2e01fd3149c17,0x809beb35713f2376f87cfb55b5cd3f3318a3ba3f5afee3afa474e1aea584433e
311,12817.650265897026,4.669469991866286,0xd5d299c4bc8b09015e5d5784743e2e64de0f9fe3,2017-11-01T16:04:10.000Z,0.0003643,0x3f1816c0b1e3e199933b31d89daf986317b9ecb1,buy,0xe3818504c1b32bf1557b16c238b2e01fd3149c17,0xe0c8d87d9c71ef14871422fa0fd08e866363477df2b7b64dceeae28787093336
312,1000,0.36439,0xd5d299c4bc8b09015e5d5784743e2e64de0f9fe3,2017-11-01T16:02:28.000Z,0.00036439,0x8e7f4dae840efa4bf776f8d0b8830ef97485effa,buy,0xe3818504c1b32bf1557b16c238b2e01fd3149c17,0x3a12bc7dea1bab96bc617c278aa618a8af07b1e0f686f94ddd9080ba7de95cd3
313,1000,0.36429,0xd5d299c4bc8b09015e5d5784743e2e64de0f9fe3,2017-11-01T16:01:17.000Z,0.00036429,0x8e7f4dae840efa4bf776f8d0b8830ef97485effa,buy,0xe3818504c1b32bf1557b16c238b2e01fd3149c17,0xf13aa7d6d8b9284986dc5c898d39941b79f9b44fed1c0b1b498509df2835a207
314,350,0.127505,0x89d400d2268df5f9e4590c632f407bda11fab028,2017-11-01T16:00:39.000Z,0.0003643,0x3f1816c0b1e3e199933b31d89daf986317b9ecb1,buy,0xe3818504c1b32bf1557b16c238b2e01fd3149c17,0x5c391d73edcc656873fb8ba9f5cba1aa4aeb5bb7a9fbf6bb5038bef4fdea85e2
315,1561.798471582096,0.569275542891674,0x260ea75c12d348dab09ffa4cf5be3c5a890c84bd,2017-11-01T15:58:28.000Z,0.0003645,0xf01bddaf7a9dc5f7382a9385aba23d546ee8f5ff,buy,0xe3818504c1b32bf1557b16c238b2e01fd3149c17,0x4ef3790c4ef4510987c3459928b37fa53cdc694ddc95aaa5a39a9e9e4bff25d7
316,930.555,0.333964092285,0x260ea75c12d348dab09ffa4cf5be3c5a890c84bd,2017-11-01T15:53:45.000Z,0.000358887,0x8e7f4dae840efa4bf776f8d0b8830ef97485effa,buy,0xe3818504c1b32bf1557b16c238b2e01fd3149c17,0xb1800ac456b8c16874be1b86a76f9ba0ef04b60f27a6708567f53807bdd04d13
317,69.44453130797902,0.024922739507526666,0x94494c1fcfbab3cd580613f11d5285d567fd05da,2017-11-01T15:42:23.000Z,0.000358887,0x8e7f4dae840efa4bf776f8d0b8830ef97485effa,buy,0xe3818504c1b32bf1557b16c238b2e01fd3149c17,0x4c41448708fe03c0db514a03ed0184954c3e08314d719cc3340137b2b567a887
318,1791.4507228107063,0.5822214849134796,0x491e84c3b3122f92f7111c0f5c98ee9c4b13316c,2017-11-01T15:30:17.000Z,0.000325,0x548cab36b9c0de476d0415437b44a1e7f00210f7,sell,0xe3818504c1b32bf1557b16c238b2e01fd3149c17,0x35b5daafeb1937eb7955f9ae6ee38276493b83bef80b43329c0c120f1b7b5b21
319,1000,0.33,0x32de59a4dd4403265a5dacc15396520f1b1acd49,2017-11-01T15:24:48.000Z,0.00033,0x548cab36b9c0de476d0415437b44a1e7f00210f7,sell,0xe3818504c1b32bf1557b16c238b2e01fd3149c17,0x5fce9a498abf3701f804c1b310867c978e683b8a04d9ed7f53d17da44054734d
320,332.597,0.109757675194,0x8e7f4dae840efa4bf776f8d0b8830ef97485effa,2017-11-01T15:22:36.000Z,0.000330002,0xae1af243984fbeede00fba997c2729052b013295,sell,0xe3818504c1b32bf1557b16c238b2e01fd3149c17,0x7af51c7a18b1a969926e42dea5bbec5888a14bb165cda28eb4d69a82814bc0a6
321,3886.4,1.282512,0x8752b3c46f5fb388d64b4c60f9d8db300fa1ec51,2017-11-01T15:20:38.000Z,0.00033,0xae1af243984fbeede00fba997c2729052b013295,sell,0xe3818504c1b32bf1557b16c238b2e01fd3149c17,0x25dae8bcc5da1b8414d27de9fffd6727deff389d47a96fb4d2043243613d57f0
322,1000,0.330001,0x19a195b92dc2f85ac6cfb077d35ce11d8b89fa06,2017-11-01T15:19:57.000Z,0.000330001,0xae1af243984fbeede00fba997c2729052b013295,sell,0xe3818504c1b32bf1557b16c238b2e01fd3149c17,0xd090c74e8f0b38298e2a41da2ca18038b284d68bdc1497ed426b452869189ae9
323,772.6365623666509,0.27784010782704766,0x0352957e9a0345f8babf750f8415676a503fb635,2017-11-01T15:18:43.000Z,0.0003596,0xf01bddaf7a9dc5f7382a9385aba23d546ee8f5ff,sell,0xe3818504c1b32bf1557b16c238b2e01fd3149c17,0x1f8baacf8dbc3781fc4a61714b847a53d643acaabb4ba5e7e979db7d1ac4f2db
324,1390,0.49871115,0xcf2ee45e4d41b438358b2ea8ec3597986f0569c4,2017-11-01T15:18:43.000Z,0.000358785,0xf01bddaf7a9dc5f7382a9385aba23d546ee8f5ff,sell,0xe3818504c1b32bf1557b16c238b2e01fd3149c17,0x7cc0e57b4799699aac91f65e92d997c945b3f2662eee0d33fa6fbd4bb798e99b
325,1750,0.6279,0x4c42cc937fbb26ad87cbf5d040786d07bbaf5613,2017-11-01T15:17:46.000Z,0.0003588,0xf01bddaf7a9dc5f7382a9385aba23d546ee8f5ff,buy,0xe3818504c1b32bf1557b16c238b2e01fd3149c17,0x2dba21b5e65b3b15adcea2d43f3edf095ac88e57a2ca20b783097d6a210b932e
326,1573,0.564368805,0x4c42cc937fbb26ad87cbf5d040786d07bbaf5613,2017-11-01T15:16:10.000Z,0.000358785,0xf01bddaf7a9dc5f7382a9385aba23d546ee8f5ff,buy,0xe3818504c1b32bf1557b16c238b2e01fd3149c17,0xeaac9eba3ecb201c5401f1f668852b8539a2e819d1bd70275d1d307a233a152b
327,722.072574716137,0.25965729786792285,0x0352957e9a0345f8babf750f8415676a503fb635,2017-11-01T15:15:20.000Z,0.0003596,0x1eef048e39e7ff3119203f0e2f7365719eb4fb1c,sell,0xe3818504c1b32bf1557b16c238b2e01fd3149c17,0xe505af23d69f0397447f5d7fa10d11d32c9b2f8e3123b8def115167f4bf99feb
328,1495.4190508458687,0.49423599630455956,0xf01bddaf7a9dc5f7382a9385aba23d546ee8f5ff,2017-11-01T15:01:45.000Z,0.0003305,0x1d886becdbe02398a9f9b6cf7feb55c1a9509e39,sell,0xe3818504c1b32bf1557b16c238b2e01fd3149c17,0x1846cfefb7f1f9e74fef83dcc3db71d01c85b8eb8aa708bde576259cd7c8f04e
329,1495.4190508458687,0.49423599630455956,0xf01bddaf7a9dc5f7382a9385aba23d546ee8f5ff,2017-11-01T15:01:10.000Z,0.0003305,0x1d886becdbe02398a9f9b6cf7feb55c1a9509e39,sell,0xe3818504c1b32bf1557b16c238b2e01fd3149c17,0x1846cfefb7f1f9e74fef83dcc3db71d01c85b8eb8aa708bde576259cd7c8f04e
330,42.589,0.0149998458,0xbe777d408431272e371fdd81b32087333310fe05,2017-11-01T14:55:11.000Z,0.0003522,0xf01bddaf7a9dc5f7382a9385aba23d546ee8f5ff,sell,0xe3818504c1b32bf1557b16c238b2e01fd3149c17,0xd097c792e79288d669cc613aa1930c9ba20e3cea8e0a996fda459e6a1a6832b0
331,85.17887563884157,0.03,0xbe777d408431272e371fdd81b32087333310fe05,2017-11-01T14:44:31.000Z,0.0003522,0x491e84c3b3122f92f7111c0f5c98ee9c4b13316c,sell,0xe3818504c1b32bf1557b16c238b2e01fd3149c17,0x1bcc7422c06f4f3cad3be923e113c50e1843c742182a6ab17e61f78662f1b3dc
332,5668.814,1.873543027,0xf01bddaf7a9dc5f7382a9385aba23d546ee8f5ff,2017-11-01T14:30:05.000Z,0.0003305,0x365a0e838d920ab59da751d48037ef776bbc3c8b,buy,0xe3818504c1b32bf1557b16c238b2e01fd3149c17,0x045b3d96d8c475c37115b0b7cc625b756d8d3697d10a4d9560a965da5e3cfbba
333,450,0.16199955,0x5acd332061d0ca745aaefa56e61aac4a7c1e0ccc,2017-11-01T14:24:52.000Z,0.000359999,0x8e7f4dae840efa4bf776f8d0b8830ef97485effa,buy,0xe3818504c1b32bf1557b16c238b2e01fd3149c17,0x61f81ee25a6656100e74394fde49a684ea621fdb3b06b8baf2de2b38623107f4
334,5.290862917212166,0.001902594305029494,0x0352957e9a0345f8babf750f8415676a503fb635,2017-11-01T14:07:36.000Z,0.0003595999999999998,0x491e84c3b3122f92f7111c0f5c98ee9c4b13316c,sell,0xe3818504c1b32bf1557b16c238b2e01fd3149c17,0x62981dba27e20e9290ebe76371981996f163eeebf46c2f69a7c1840398edef14
335,5.333,0.001899091966,0x7323d15c9a418b62d9fdbab0311d1ce76a9cf025,2017-11-01T13:53:49.000Z,0.000356102,0x491e84c3b3122f92f7111c0f5c98ee9c4b13316c,sell,0xe3818504c1b32bf1557b16c238b2e01fd3149c17,0xe66f4f8db82f3c996e4cb00fb6f35b26e4c274ba360f7d4d94935e9736a89980
336,250,0.08950025,0x8e7f4dae840efa4bf776f8d0b8830ef97485effa,2017-11-01T13:53:22.000Z,0.000358001,0x491e84c3b3122f92f7111c0f5c98ee9c4b13316c,sell,0xe3818504c1b32bf1557b16c238b2e01fd3149c17,0x1794a716021d9efcad6801ec60b2a5ba7edbfc5666a513be9099476d308dd9fc
337,2000,0.7,0x8752b3c46f5fb388d64b4c60f9d8db300fa1ec51,2017-11-01T13:39:34.000Z,0.00035,0x491e84c3b3122f92f7111c0f5c98ee9c4b13316c,sell,0xe3818504c1b32bf1557b16c238b2e01fd3149c17,0xa35ef543e0463b8577e5a405842e2e08f11edbddd07df7b8ff6a5ae1d278cfb7
338,250,0.09062475,0x9822d473b37741449b7e3b956c3e537792fbca46,2017-11-01T13:22:28.000Z,0.000362499,0x8e7f4dae840efa4bf776f8d0b8830ef97485effa,buy,0xe3818504c1b32bf1557b16c238b2e01fd3149c17,0x0907cae03bbe0d732bcdf0e4908acd3f8933bd2d4c520b30801ad39cbd9421c3
339,9000,3.15,0x74b92fd97b477a7e2149e1ae9653ccbe8fcd98f4,2017-11-01T13:20:51.000Z,0.00035,0x5557a30d864e438e7b21ef97df9d1034e7c16cf5,sell,0xe3818504c1b32bf1557b16c238b2e01fd3149c17,0x6791f4ba9944e941bd79f1a992852d098d8272b2e153a3bda8333c89df7f716b
340,150,0.05355,0xd6fa435b03f0632e208dcd2eb019de5495d1725b,2017-11-01T13:11:14.000Z,0.000357,0x1692cf1396192961e5bc4fb2848d7234e1f4c864,sell,0xe3818504c1b32bf1557b16c238b2e01fd3149c17,0x8b5ac13ab016f5f3be04490aee9024021ff66f1a2081d4b5452f8dde83e63e80
341,1446.594,0.519327246,0x929c3e60b605e0a5df302be2eed5ade02f2457a6,2017-11-01T12:55:28.000Z,0.000359,0xd8638b6b089ebbe495f1a7a2a7e4806f38628fbc,buy,0xe3818504c1b32bf1557b16c238b2e01fd3149c17,0x026b5358c6df5fda32bc38c6e394d77055203125fda9b9b87d7c60f854e2ffb4
342,25,0.008975,0x542f9a56345aef94a0658b2d235fbc737c944622,2017-11-01T12:53:00.000Z,0.000359,0xd8638b6b089ebbe495f1a7a2a7e4806f38628fbc,buy,0xe3818504c1b32bf1557b16c238b2e01fd3149c17,0x51f76fa71fc806021d0400088c920992e2f74cadb3508e33b937d748575d54ef
343,2.8398772836208552,0.001011285980451953,0x7323d15c9a418b62d9fdbab0311d1ce76a9cf025,2017-11-01T12:49:44.000Z,0.00035610199999999974,0x2f346d5a14f521ac4e5221140ed8098811c98d02,sell,0xe3818504c1b32bf1557b16c238b2e01fd3149c17,0xd0230de7171542bba0b8479cbc1f017602aec8dc16b4ec3709770c653c3f8659
344,3600,1.2618,0x402bd8137d8b745aae8925526a9eac89c3ea5f92,2017-11-01T12:48:59.000Z,0.0003505,0xd8638b6b089ebbe495f1a7a2a7e4806f38628fbc,sell,0xe3818504c1b32bf1557b16c238b2e01fd3149c17,0x7d87ce6899726b3f1ef0b956c18adfc2acf38b76205d66bfb32cdcb1d2fda0c1
345,1148.779,0.4029916732,0xd848d35ea908828d1a064a7c0bb2aebb8486da57,2017-11-01T12:48:28.000Z,0.0003508,0xd8638b6b089ebbe495f1a7a2a7e4806f38628fbc,sell,0xe3818504c1b32bf1557b16c238b2e01fd3149c17,0x2aa33a246023194eb18fb0fda7de75550d1e44afd7325b76f062031086168d7b
346,28486.809032000798,9.99317260842588,0xd848d35ea908828d1a064a7c0bb2aebb8486da57,2017-11-01T12:45:55.000Z,0.0003508,0x2f346d5a14f521ac4e5221140ed8098811c98d02,sell,0xe3818504c1b32bf1557b16c238b2e01fd3149c17,0xe26ee44f4ac8fc4d6566c98711eeba43c4c5bc4ca326f2bdce23db4d8547731d
347,1420.62,0.5000014152,0x65f403f5ce12908bfa7d8089f54f097e8b686fae,2017-11-01T12:44:37.000Z,0.00035196,0x2f346d5a14f521ac4e5221140ed8098811c98d02,sell,0xe3818504c1b32bf1557b16c238b2e01fd3149c17,0xf4d9497f74e73017fe09f702b66d44a177a62fff2a184d39dc459fff3c2466ae
348,7000,2.5375,0x9bccf12edb0380f51d83728e637a065523a648b7,2017-11-01T12:27:55.000Z,0.0003625,0xd8638b6b089ebbe495f1a7a2a7e4806f38628fbc,buy,0xe3818504c1b32bf1557b16c238b2e01fd3149c17,0xc9bb157bbd7eb944708b7839155fc71c9b587c4ec802cb5bf689b68e8d0102ff
349,649.75,0.234754675,0x6b083c1fb7eeb463bd75d458c6e9877a508764ff,2017-11-01T12:19:01.000Z,0.0003613,0x65f403f5ce12908bfa7d8089f54f097e8b686fae,buy,0xe3818504c1b32bf1557b16c238b2e01fd3149c17,0x0a550c536a4875eebde7d3803462d8c2ba7d06f6018bdef87a5164f4a6fc5f7f
350,100,0.0352,0x38d48de493ec0af8f2ab8c4c8772e59d2e3357d8,2017-11-01T12:06:22.000Z,0.000352,0xd8638b6b089ebbe495f1a7a2a7e4806f38628fbc,sell,0xe3818504c1b32bf1557b16c238b2e01fd3149c17,0xb6f6b05706580ce5b0c7ef227b72dd24b455705d6425f6f6b4b4755987c3f172
351,1160,0.4089,0xed630c076ff69f0795bca86d29dad9e22ab47aa7,2017-11-01T12:06:02.000Z,0.0003525,0xd8638b6b089ebbe495f1a7a2a7e4806f38628fbc,sell,0xe3818504c1b32bf1557b16c238b2e01fd3149c17,0x147d8cc6d53a4589e82c6328f13722ed2c9946196f6855e647c2e3e047d7fad7
352,400,0.1412,0x12f5b0a2b35b62a909ed56a4a89a832a46cef08b,2017-11-01T12:06:02.000Z,0.000353,0xd8638b6b089ebbe495f1a7a2a7e4806f38628fbc,sell,0xe3818504c1b32bf1557b16c238b2e01fd3149c17,0x59c4f4e74d6d25d58126a17174c49ee5fd4b83b075a5e063a594d696bbd09051
353,2331,0.822845331,0xec720d4979f8b0b1f91b136923b49a8d2c61c7db,2017-11-01T12:05:43.000Z,0.000353001,0xd8638b6b089ebbe495f1a7a2a7e4806f38628fbc,sell,0xe3818504c1b32bf1557b16c238b2e01fd3149c17,0xf269ee5ba058e3fcfc9fc545f1005cfd9c6cda1ca4ad5168f18022262c308539
354,2692.5,0.9827625,0xae1c1f6d34ffed3f2fd88bd88f81ce2cb876350e,2017-11-01T11:52:39.000Z,0.000365,0xd8638b6b089ebbe495f1a7a2a7e4806f38628fbc,buy,0xe3818504c1b32bf1557b16c238b2e01fd3149c17,0x8cdfabf6687fb5a2ced4837efda90af71903c6a6f0c8f7b0b0c1d76c361338f3
355,364.41172380965435,0.12783563271242673,0xd848d35ea908828d1a064a7c0bb2aebb8486da57,2017-11-01T11:14:01.000Z,0.0003508,0x3df86cefaecfaa31be2f74f8f832cb4ef62b79f8,sell,0xe3818504c1b32bf1557b16c238b2e01fd3149c17,0x6f040c140e75b6cc0e604d9cee4e9bb955de0665c1ebbb4d801a726d74eade69
356,1002.914784922398,0.3564559728571187,0x0eabffd8ce94ab2387fc44ba32642af0c58af433,2017-11-01T11:12:07.000Z,0.00035542,0x3df86cefaecfaa31be2f74f8f832cb4ef62b79f8,sell,0xe3818504c1b32bf1557b16c238b2e01fd3149c17,0x1108bb921ba28ef9e5f24eabc67ba8b225cb214c6bec0c7d6cdf7f0ea02aa0ad
357,3000,1.0686,0xaccba48528d5d958f452ac0acec373dda8174612,2017-11-01T11:11:49.000Z,0.0003562,0x3df86cefaecfaa31be2f74f8f832cb4ef62b79f8,sell,0xe3818504c1b32bf1557b16c238b2e01fd3149c17,0x4689e85e47e9210069ef0ac8f728b95b8c62594175876a69b037f96eaaa74226
358,3000,1.0653,0xaccba48528d5d958f452ac0acec373dda8174612,2017-11-01T11:11:49.000Z,0.0003551,0x3df86cefaecfaa31be2f74f8f832cb4ef62b79f8,sell,0xe3818504c1b32bf1557b16c238b2e01fd3149c17,0x5cad4ee43ec8b73b683d97572942f8835633f196ffdccaae625a9def28d8f2bb
359,1995,0.710421495,0x39aa35cbc1c40d147f95236799c32c0c5bd81e5e,2017-11-01T11:11:49.000Z,0.000356101,0x3df86cefaecfaa31be2f74f8f832cb4ef62b79f8,sell,0xe3818504c1b32bf1557b16c238b2e01fd3149c17,0xf91a41815c2e46221eae6375feaf28bb15a0cd47ff1cff0c22ef1ed22d449260
360,3549.4393275925686,1.2706992792781395,0x491e84c3b3122f92f7111c0f5c98ee9c4b13316c,2017-11-01T11:11:41.000Z,0.000358,0x3df86cefaecfaa31be2f74f8f832cb4ef62b79f8,sell,0xe3818504c1b32bf1557b16c238b2e01fd3149c17,0x765a33d109e3bb318b7a904c4c630d50e3ac01354d1546b8c3a4a9d189f1b3b6
361,1872.2011085634533,0.6702479968657162,0x491e84c3b3122f92f7111c0f5c98ee9c4b13316c,2017-11-01T11:10:55.000Z,0.000358,0xe300b3909aad54fd05e919e39f402c842e0037d3,sell,0xe3818504c1b32bf1557b16c238b2e01fd3149c17,0x555f177efeee854a5521c8833f9d13ab5597e7ae95f6fad04526af9db0f6cc82
362,1794.4859133246869,0.642425956970238,0x491e84c3b3122f92f7111c0f5c98ee9c4b13316c,2017-11-01T11:08:42.000Z,0.000358,0xd43ef3c9efc7d7d1995d148a9f9524be0bbccddd,sell,0xe3818504c1b32bf1557b16c238b2e01fd3149c17,0x3c7aaef592022c7ab8ac8c11751a76ff884cb0c15a6ae10e3a13e75d03943d2c
363,1546.356,0.553595448,0x491e84c3b3122f92f7111c0f5c98ee9c4b13316c,2017-11-01T11:08:38.000Z,0.000358,0xe300b3909aad54fd05e919e39f402c842e0037d3,sell,0xe3818504c1b32bf1557b16c238b2e01fd3149c17,0x7b223559ceaa17fa0640019475356ed5955e5e8830088bf3c648883bfcfaedfb
364,50000,19,0x61617f93fd933aab1a6121b10c40209e847c7866,2017-11-01T10:38:52.000Z,0.00038,0xc4848c8c9e2325e32a1b3110229fe307ec5e6252,buy,0xe3818504c1b32bf1557b16c238b2e01fd3149c17,0xd3a1728bc62cbda22e7b3e8a4ae44bb14d3749c03dd4e77828c3dc7afcd036c3
365,2313.872,0.876957488,0xf810ee30f3cb9e05999c088c6fd32932f1e1fd14,2017-11-01T10:37:10.000Z,0.000379,0xb3d2860c5c13397b906e8b7781eb1cd194dec6cc,buy,0xe3818504c1b32bf1557b16c238b2e01fd3149c17,0xcbf92d6c84602b4a05fced421b0d8716b1a9d951cee469bc2d0b95fcd70c9cd8
366,4506.009,1.694259384,0xf810ee30f3cb9e05999c088c6fd32932f1e1fd14,2017-11-01T10:32:33.000Z,0.000376,0x1eaa18a0e964d346f2b5182be3f97d7aab5145b9,buy,0xe3818504c1b32bf1557b16c238b2e01fd3149c17,0x17256ffaa8308f3a1082ab908f389bd57ae7597373d45f19e6a8d6c538554cd7
367,133.26076308427002,0.0498555166850871,0x7b1768e7a32c64760cddc2ee67e28f29b2212b6c,2017-11-01T10:26:12.000Z,0.00037412,0x65f403f5ce12908bfa7d8089f54f097e8b686fae,buy,0xe3818504c1b32bf1557b16c238b2e01fd3149c17,0xa0f80fa4953639a3a57e7260a3d30d2043fdb7d54e3732ac79cbd54f2ff1e13e
368,10493.990544206577,3.9457404446216726,0xab802fe9d0e8b41878996e641555911e54b3729e,2017-11-01T10:06:12.000Z,0.000376,0x1eaa18a0e964d346f2b5182be3f97d7aab5145b9,buy,0xe3818504c1b32bf1557b16c238b2e01fd3149c17,0x43179a54d29e3a647b17e24e37f212eb5c303580242ed7acbe54a73df30fa49a
369,930,0.34596,0xe300b3909aad54fd05e919e39f402c842e0037d3,2017-11-01T10:00:52.000Z,0.000372,0x31e99699bccde902afc7c4b6b23bb322b8459d22,buy,0xe3818504c1b32bf1557b16c238b2e01fd3149c17,0xd6fc3dd0b7a6006ef7f72a79dc26458c211dc60ac1917e5bd69712536a690af7
370,2549.383,0.92241775706,0xf810ee30f3cb9e05999c088c6fd32932f1e1fd14,2017-11-01T09:42:44.000Z,0.00036182,0x1549fca6e9a20d919f590930d08a3646420dc27c,buy,0xe3818504c1b32bf1557b16c238b2e01fd3149c17,0x4f97fd188880f4d4fe1ca91db6782be695b75fc06fc8e830fde10705763ff256
371,783.0108021865614,0.2806232413956417,0x65f403f5ce12908bfa7d8089f54f097e8b686fae,2017-11-01T09:33:01.000Z,0.00035839,0xd8638b6b089ebbe495f1a7a2a7e4806f38628fbc,sell,0xe3818504c1b32bf1557b16c238b2e01fd3149c17,0x19f9a088245eef8c1bb07e7e7174d55dbd185b58ba6a2d79b377859a55fdb592
372,914.03,0.3452108504,0xf810ee30f3cb9e05999c088c6fd32932f1e1fd14,2017-11-01T09:08:44.000Z,0.00037768,0x65f403f5ce12908bfa7d8089f54f097e8b686fae,buy,0xe3818504c1b32bf1557b16c238b2e01fd3149c17,0xc618d94d43bc1ade84dc4e3988426b800534fc6a8716000d47447391e40c94ea
373,914.0296721236318,0.32921520730548975,0x65f403f5ce12908bfa7d8089f54f097e8b686fae,2017-11-01T08:59:03.000Z,0.00036018,0x82bb6e67f8bab4926b5e5ad28a5b8d186b7cab3f,sell,0xe3818504c1b32bf1557b16c238b2e01fd3149c17,0xb66db472985f8d352ec4d1daf9f651cddb98debdcc844dbb70359e2664ae4c43
374,3.399,0.0013103145,0x3126828b3eb3178558ea23da3755f32350d417f2,2017-11-01T08:47:20.000Z,0.0003855,0x82bb6e67f8bab4926b5e5ad28a5b8d186b7cab3f,sell,0xe3818504c1b32bf1557b16c238b2e01fd3149c17,0x6c567975617f7eb8d5e29f5bead2ba1b4f1863bd06e6fe414c193e3d037a7e49
375,7985.789628297076,3.0705361120802257,0xcd396a3ded57b9156ebe5839291d75d56f26c9b2,2017-11-01T07:59:55.000Z,0.0003845,0xd8638b6b089ebbe495f1a7a2a7e4806f38628fbc,buy,0xe3818504c1b32bf1557b16c238b2e01fd3149c17,0x2fd66edc0bf1b753e293fc2e0117b33ab2c31b82e13238faef7a9162bdf523bc
376,6700,2.57949933,0xcfeb24b89ceb23952c67492f45e41ed6fddd8092,2017-11-01T07:35:25.000Z,0.0003849999,0x491e84c3b3122f92f7111c0f5c98ee9c4b13316c,buy,0xe3818504c1b32bf1557b16c238b2e01fd3149c17,0x923c70946d4acd93a51fc589ca0632b2f6f279bf7d965171bbc39567268306c2
377,10853.965985982226,4.124507074673246,0xcfeb24b89ceb23952c67492f45e41ed6fddd8092,2017-11-01T07:29:38.000Z,0.00038,0xb6c6f37cebff29932720e2acdd1cdee7e757e908,buy,0xe3818504c1b32bf1557b16c238b2e01fd3149c17,0xc7ffaa36b216319551d5871240c46cbddb3f18900517fa9d696050e3b6fdc3c3
378,8664.034014017774,3.2923329253267544,0x33d85aac755ee5fc2a6027a3200004d755ae3418,2017-11-01T07:26:05.000Z,0.00038,0xb6c6f37cebff29932720e2acdd1cdee7e757e908,buy,0xe3818504c1b32bf1557b16c238b2e01fd3149c17,0xb9148e8cbdfa9db97aa32f61f0935360f931c3a1722ebf86760e85fab73c61eb
379,3000,1.14,0x8267b481dfb0e69fa4051ca4fa55f9024a2893e7,2017-11-01T07:21:41.000Z,0.00038,0xb6c6f37cebff29932720e2acdd1cdee7e757e908,buy,0xe3818504c1b32bf1557b16c238b2e01fd3149c17,0x6f5629d365b648e416dbfa86bad6fff37532820d6e30b7aafbd2ddf3b456b28e
380,7.870338791850526,0.0029907287409032,0x4555d1c2516eebddd6e5ad22faa9bf7d0e5b55fc,2017-11-01T07:11:46.000Z,0.00038,0xcbe6de482205462f6275c6d6c07b7c5a477d95c8,buy,0xe3818504c1b32bf1557b16c238b2e01fd3149c17,0x46838a43abd3a79584f1d404f0f15e6c6e8ea96abe98e92d75e6d345d96bdd64
381,1133,0.43054,0x6d2f27149fbf6c559008e95ede61ff20f3e4b847,2017-11-01T06:53:18.000Z,0.00038,0xb6c6f37cebff29932720e2acdd1cdee7e757e908,buy,0xe3818504c1b32bf1557b16c238b2e01fd3149c17,0xb9ac4c96438fdb9a43bd1bdee68ebec83809e1beb6468de995b5e2d1411fa02c
382,1129.601,0.4354611855,0x3126828b3eb3178558ea23da3755f32350d417f2,2017-11-01T06:53:18.000Z,0.0003855,0x6d2f27149fbf6c559008e95ede61ff20f3e4b847,sell,0xe3818504c1b32bf1557b16c238b2e01fd3149c17,0xb9ac4c96438fdb9a43bd1bdee68ebec83809e1beb6468de995b5e2d1411fa02c
383,70,0.026943,0x797b3387f696974bae3eaa464cd958a8037e7cdc,2017-11-01T06:38:01.000Z,0.0003849,0x873880b4ec6fd0d442148ca0fd8ef287e0e6c7c6,buy,0xe3818504c1b32bf1557b16c238b2e01fd3149c17,0x6a260dbd9095ac56a51b51fa900f34ddba380fb89b4e9bd94e8544c0c94fd1ce
