,amount,amountBase,buyer,date,price,seller,side,tokenAddr,txHash
0,50,0.16,0xf3bf2badc4591d1a656c4c64688e823ebc87b7d0,2017-11-02T17:08:22.000Z,0.0032,0x1b5970f678c07f464e3d99579dee2281e56f949d,buy,0x1bcbc54166f6ba149934870b60506199b6c9db6d,0x8b9f5bb544aab17e4e7e6b1a4b757206b92c3c2db0fe8f9e0a3aa1692d45744d
1,0.15625,0.0005,0x4fda9e6bcd83af6c5cc771b5d20accc2b7720074,2017-11-02T14:38:00.000Z,0.0032,0x1b5970f678c07f464e3d99579dee2281e56f949d,buy,0x1bcbc54166f6ba149934870b60506199b6c9db6d,0x8605e876052693c486b6dcf01e0b74e33eaf2d8845e3ee65ed1269ec54ad5393
2,0.15625,0.0005,0x3075f7f189912f4f425dd7021b9c396434197477,2017-11-02T14:29:00.000Z,0.0032,0x1b5970f678c07f464e3d99579dee2281e56f949d,buy,0x1bcbc54166f6ba149934870b60506199b6c9db6d,0x717888938c90b182fc314fb508e459d5677855a941161048bdfb9e211b1c2b8f
3,30,0.096,0x52da5b9a5fe17abb0720544c1e45f9d3cf5d937b,2017-11-02T10:59:38.000Z,0.0032,0x1b5970f678c07f464e3d99579dee2281e56f949d,buy,0x1bcbc54166f6ba149934870b60506199b6c9db6d,0x25f03ff586ec641056b5dbce0c1621034df040fa6a8a47005838b5b6fe1949e6
4,10,0.032,0xd4cf3ca686785a623273b6f4e96dae49d19e8152,2017-11-02T10:35:36.000Z,0.0032,0x1b5970f678c07f464e3d99579dee2281e56f949d,buy,0x1bcbc54166f6ba149934870b60506199b6c9db6d,0x6236a336e4144cb7e87840d35896a535455262071dd9ee02d7716d2304b264a3
5,75,0.23925,0xf3bf2badc4591d1a656c4c64688e823ebc87b7d0,2017-11-02T10:30:33.000Z,0.00319,0xb5a8aee2e7adbc3646d3159921fa6564b499f812,buy,0x1bcbc54166f6ba149934870b60506199b6c9db6d,0x5ba5a4a3cd77a1231c93e772f36ea92c3f214ec789107d0fb3f5f232d9d3e00d
6,25,0.07975,0xf3bf2badc4591d1a656c4c64688e823ebc87b7d0,2017-11-02T10:28:21.000Z,0.00319,0xb5a8aee2e7adbc3646d3159921fa6564b499f812,buy,0x1bcbc54166f6ba149934870b60506199b6c9db6d,0xd49b2b0e0ca57f0d0626269ea04a22f75f443f73574bfeabf59212eb9bef651c
7,25,0.07975,0xf3bf2badc4591d1a656c4c64688e823ebc87b7d0,2017-11-02T10:26:47.000Z,0.00319,0xb5a8aee2e7adbc3646d3159921fa6564b499f812,buy,0x1bcbc54166f6ba149934870b60506199b6c9db6d,0xef52595ed6a91fba56d5b94b6e0be9e5ef215ecaaf3fafcd470fc97eec74219e
8,25,0.07975,0xf3bf2badc4591d1a656c4c64688e823ebc87b7d0,2017-11-02T10:25:57.000Z,0.00319,0xb5a8aee2e7adbc3646d3159921fa6564b499f812,buy,0x1bcbc54166f6ba149934870b60506199b6c9db6d,0x619b9eb4e5033de0de6c81f02208e5806b0dfd84c6b09bd4940cf70410da3768
9,150,0.4785,0xf3bf2badc4591d1a656c4c64688e823ebc87b7d0,2017-11-02T10:24:50.000Z,0.00319,0xb5a8aee2e7adbc3646d3159921fa6564b499f812,buy,0x1bcbc54166f6ba149934870b60506199b6c9db6d,0x5cf7ecc9a505046b30658fc2092a6a069108342536b5760bed117cf588a5b5f3
10,100,0.319,0xf3bf2badc4591d1a656c4c64688e823ebc87b7d0,2017-11-02T10:07:14.000Z,0.00319,0xb5a8aee2e7adbc3646d3159921fa6564b499f812,buy,0x1bcbc54166f6ba149934870b60506199b6c9db6d,0x57ac1f0a1454e7c8eebb604c911b847491a2939d88c44f72781e4f34ff959d37
11,50,0.1575,0xf3bf2badc4591d1a656c4c64688e823ebc87b7d0,2017-11-02T10:06:08.000Z,0.00315,0x529a02d528a1c135dd6bd6cf80f881e6fb6e64e4,buy,0x1bcbc54166f6ba149934870b60506199b6c9db6d,0x408c7f1df48e222bca432c56a11a55fb0fce183cd5edc06ae3bcaeb0f27a772c
12,50,0.1575,0xeb7410d2426aaecbf84554148ed5739ca1b6c5ec,2017-11-02T09:57:26.000Z,0.00315,0x529a02d528a1c135dd6bd6cf80f881e6fb6e64e4,buy,0x1bcbc54166f6ba149934870b60506199b6c9db6d,0x3dee9976ae27cb2e668ae7cf5accd393ab6c2e0c907b3483d169b78aa78f983a
13,100,0.319,0xf3bf2badc4591d1a656c4c64688e823ebc87b7d0,2017-11-02T09:53:21.000Z,0.00319,0xb5a8aee2e7adbc3646d3159921fa6564b499f812,buy,0x1bcbc54166f6ba149934870b60506199b6c9db6d,0x9f4e0c781816b84b0ca7bb867a5890344aad90a257f1019fa80839dbb387f1e6
14,100,0.325,0xd4cf3ca686785a623273b6f4e96dae49d19e8152,2017-11-02T09:49:20.000Z,0.00325,0xb5a8aee2e7adbc3646d3159921fa6564b499f812,buy,0x1bcbc54166f6ba149934870b60506199b6c9db6d,0xc67223dd022e0c64ad9ed3035de5c4939c496b447297bd67f2c4f654089e0e6b
15,50,0.1625,0xd4cf3ca686785a623273b6f4e96dae49d19e8152,2017-11-02T09:47:24.000Z,0.00325,0xb5a8aee2e7adbc3646d3159921fa6564b499f812,buy,0x1bcbc54166f6ba149934870b60506199b6c9db6d,0x8826f84466001ff834d2f48704b98005d6ae0ee0bffba733fb73ab1294c0a147
16,19,0.06118,0xd4cf3ca686785a623273b6f4e96dae49d19e8152,2017-11-02T09:46:53.000Z,0.00322,0x529a02d528a1c135dd6bd6cf80f881e6fb6e64e4,buy,0x1bcbc54166f6ba149934870b60506199b6c9db6d,0xbde35866577e212141f0202ca60ae650899ef2c56d6f1c9b8f77981ba73f7635
17,75,0.2415,0xd4cf3ca686785a623273b6f4e96dae49d19e8152,2017-11-02T09:44:21.000Z,0.00322,0x529a02d528a1c135dd6bd6cf80f881e6fb6e64e4,buy,0x1bcbc54166f6ba149934870b60506199b6c9db6d,0xdefea51341a565529ff235eb4fc40e8a11564a277f0cc0979c7bccf1d64b4026
18,100,0.322,0xeb7410d2426aaecbf84554148ed5739ca1b6c5ec,2017-11-02T09:42:13.000Z,0.00322,0x529a02d528a1c135dd6bd6cf80f881e6fb6e64e4,buy,0x1bcbc54166f6ba149934870b60506199b6c9db6d,0xe8548b263baec04a73067c4b06c49e1b85d75ba7d7617480dfda1890f5674bdc
19,66,0.21252,0xd4cf3ca686785a623273b6f4e96dae49d19e8152,2017-11-02T09:38:53.000Z,0.00322,0x529a02d528a1c135dd6bd6cf80f881e6fb6e64e4,buy,0x1bcbc54166f6ba149934870b60506199b6c9db6d,0x55f85b21085f0607340c6593f0555ccfe4d90cf2b92a6bf2cbd6b877fd7288d2
20,25,0.08125,0xd4cf3ca686785a623273b6f4e96dae49d19e8152,2017-11-02T09:35:43.000Z,0.00325,0xb5a8aee2e7adbc3646d3159921fa6564b499f812,buy,0x1bcbc54166f6ba149934870b60506199b6c9db6d,0xb7a794417af5108a238b188692fb0303abc1053c52f81b5dd2f6f91afb100242
21,25,0.08125,0xd4cf3ca686785a623273b6f4e96dae49d19e8152,2017-11-02T09:33:54.000Z,0.00325,0xb5a8aee2e7adbc3646d3159921fa6564b499f812,buy,0x1bcbc54166f6ba149934870b60506199b6c9db6d,0xcc4cf95b6c3d005e8ef9a9c2363b635ff9ba8801b62fc318b7c6c5157b6c9793
22,75,0.24375,0xeb7410d2426aaecbf84554148ed5739ca1b6c5ec,2017-11-02T09:27:00.000Z,0.00325,0xb5a8aee2e7adbc3646d3159921fa6564b499f812,buy,0x1bcbc54166f6ba149934870b60506199b6c9db6d,0x461b4361a45fb73adb49647afd8f55cae09c0816186d9f9d924187f4c16c700e
23,15,0.048,0xeb7410d2426aaecbf84554148ed5739ca1b6c5ec,2017-11-02T09:22:03.000Z,0.0032,0xb5a8aee2e7adbc3646d3159921fa6564b499f812,buy,0x1bcbc54166f6ba149934870b60506199b6c9db6d,0xf64d53aafa23af85e4c24be9b27c06b55525465ad1559f5c9c969e60e5d59839
24,100,0.32,0xf3bf2badc4591d1a656c4c64688e823ebc87b7d0,2017-11-02T09:20:07.000Z,0.0032,0xb5a8aee2e7adbc3646d3159921fa6564b499f812,buy,0x1bcbc54166f6ba149934870b60506199b6c9db6d,0xe0545c0c939ea71862b106e9e723924bc2e5b0c8c1e82df511db866ac07b9731
25,25,0.08,0xf14ffd455d0a0bc4150f8c3e11e2b4ff8060b7fd,2017-11-02T09:19:33.000Z,0.0032,0xb5a8aee2e7adbc3646d3159921fa6564b499f812,buy,0x1bcbc54166f6ba149934870b60506199b6c9db6d,0xeca33808202747a9a999498176a62dc38c306455134b845641dbbab466539f18
26,25,0.08,0xf14ffd455d0a0bc4150f8c3e11e2b4ff8060b7fd,2017-11-02T09:18:53.000Z,0.0032,0xb5a8aee2e7adbc3646d3159921fa6564b499f812,buy,0x1bcbc54166f6ba149934870b60506199b6c9db6d,0xaf353b56e47b67c346910c70d9194edc8f994e54fc835c7647bcb6823db5090f
27,85,0.272,0xeb7410d2426aaecbf84554148ed5739ca1b6c5ec,2017-11-02T09:17:51.000Z,0.0032,0xb5a8aee2e7adbc3646d3159921fa6564b499f812,buy,0x1bcbc54166f6ba149934870b60506199b6c9db6d,0x4fd6947a37bcacdd11cc744385a713d321afd92b6b11c48387ed31dca975d5ce
28,100,0.32,0xeb7410d2426aaecbf84554148ed5739ca1b6c5ec,2017-11-02T09:16:26.000Z,0.0032,0xb5a8aee2e7adbc3646d3159921fa6564b499f812,buy,0x1bcbc54166f6ba149934870b60506199b6c9db6d,0xda91d6df877d6ffaa0713e2d7ef4ebf31b960bb6c936bf4e45997e307e8c01d0
29,85,0.27115,0xf14ffd455d0a0bc4150f8c3e11e2b4ff8060b7fd,2017-11-02T09:14:01.000Z,0.00319,0xf3bf2badc4591d1a656c4c64688e823ebc87b7d0,buy,0x1bcbc54166f6ba149934870b60506199b6c9db6d,0x3918e1686ed7164a78699188f97faac9559ee18085065d8a91e676a6a7931e2e
30,100,0.319,0xeb7410d2426aaecbf84554148ed5739ca1b6c5ec,2017-11-02T09:09:06.000Z,0.00319,0xf3bf2badc4591d1a656c4c64688e823ebc87b7d0,buy,0x1bcbc54166f6ba149934870b60506199b6c9db6d,0x85a8734754f8a396993ba83ade9832811301c76afe34680662c15ed571ab41e3
31,100,0.319,0xeb7410d2426aaecbf84554148ed5739ca1b6c5ec,2017-11-02T09:06:42.000Z,0.00319,0xf3bf2badc4591d1a656c4c64688e823ebc87b7d0,buy,0x1bcbc54166f6ba149934870b60506199b6c9db6d,0xb8325ea447f7b13a9c83c12c408ab2310d17effb0cd0b9cbcbf24640491ad6bd
32,11.337,0.03552301569,0xf3bf2badc4591d1a656c4c64688e823ebc87b7d0,2017-11-02T09:04:57.000Z,0.00313337,0x5d26ca4ee3be471a4c5eeccb3bac220603387c77,buy,0x1bcbc54166f6ba149934870b60506199b6c9db6d,0xdffe8a9405647cc830fe9afeb7e4c25c9fcb2644c7a39efce7e2c63ed69297bd
33,100,0.198,0xc79d1065e106ff86cd513c33586a792d862be8fa,2017-11-02T09:04:35.000Z,0.00198,0x7b2a05f0d8a3208aa8d08f227447a398926e5525,sell,0x1bcbc54166f6ba149934870b60506199b6c9db6d,0x19985ee18d0d36bca0ac7dd0676635052a5fa7e81ec83c3118544153cacc27e7
34,124,0.124,0x0644c1a6d61e0994c73c86febdf64ec8432b1013,2017-11-02T09:03:56.000Z,0.001,0x7b2a05f0d8a3208aa8d08f227447a398926e5525,sell,0x1bcbc54166f6ba149934870b60506199b6c9db6d,0xb06cd5894e14a00d86f65ee26374cb64723ae5e6c58a77b8b4c1e70d9b12c74a
35,483.501146446,0.483501146446,0x0644c1a6d61e0994c73c86febdf64ec8432b1013,2017-11-02T09:03:50.000Z,0.001,0x2e5211ae3f716a43ff232f0657852c2a3673eae1,sell,0x1bcbc54166f6ba149934870b60506199b6c9db6d,0xcc339ff70b85bdac43182260e74e2e2a85a1aa4f2aec07b29da73d86b7369004
36,4000,4,0x0644c1a6d61e0994c73c86febdf64ec8432b1013,2017-11-02T09:02:32.000Z,0.001,0x7b2a05f0d8a3208aa8d08f227447a398926e5525,sell,0x1bcbc54166f6ba149934870b60506199b6c9db6d,0x786e4953d7444383f2d23560969c9a9a50d65cbedd0a01823d8032bf008486ee
37,3750,3.75,0x0644c1a6d61e0994c73c86febdf64ec8432b1013,2017-11-02T09:00:42.000Z,0.001,0x7b2a05f0d8a3208aa8d08f227447a398926e5525,sell,0x1bcbc54166f6ba149934870b60506199b6c9db6d,0x532dd9e051a25042c0b256308a96dd4bfcf0824d3beed7067b46e901f78a017b
38,5000,5,0x0644c1a6d61e0994c73c86febdf64ec8432b1013,2017-11-02T08:59:40.000Z,0.001,0x2e5211ae3f716a43ff232f0657852c2a3673eae1,sell,0x1bcbc54166f6ba149934870b60506199b6c9db6d,0xe4d169582f6a201bbb8d1b2cb35f7d3dab43a015d16dfe8ac3f95cd8ab5bc937
39,69.3948758847,0.177650882264832,0xf14ffd455d0a0bc4150f8c3e11e2b4ff8060b7fd,2017-11-01T22:42:20.000Z,0.00256,0x33dec5ebf2c5775e179fdd81d28c70d87281c23d,sell,0x1bcbc54166f6ba149934870b60506199b6c9db6d,0xd7fc89b850ff5f8d02e023168713cff9189cd8d14e514c9aef5e20278507267f
40,40,0.1028,0xf3bf2badc4591d1a656c4c64688e823ebc87b7d0,2017-11-01T22:40:57.000Z,0.00257,0x33dec5ebf2c5775e179fdd81d28c70d87281c23d,sell,0x1bcbc54166f6ba149934870b60506199b6c9db6d,0x0997b0be93dd144a52135645ff3fa9cefda1381839422089a11921fe9985c223
41,90,0.2322,0x5a86ebf9a0e6f8181ed5143557f7b8ba89957fcc,2017-11-01T22:40:02.000Z,0.00258,0x33dec5ebf2c5775e179fdd81d28c70d87281c23d,sell,0x1bcbc54166f6ba149934870b60506199b6c9db6d,0x58133075425fa2e865c30f1c5e592688e034ec975dd38e9a54b0634c4a9b1899
42,10,0.032,0x5a86ebf9a0e6f8181ed5143557f7b8ba89957fcc,2017-11-01T16:57:30.000Z,0.0032,0xb5a8aee2e7adbc3646d3159921fa6564b499f812,buy,0x1bcbc54166f6ba149934870b60506199b6c9db6d,0xea31b67d3a91e82e8a3374cd7770c69770c3a507228dbccd476b752ec8b6bd7a
43,200,0.64,0xeb7410d2426aaecbf84554148ed5739ca1b6c5ec,2017-11-01T12:23:13.000Z,0.0032,0xb5a8aee2e7adbc3646d3159921fa6564b499f812,buy,0x1bcbc54166f6ba149934870b60506199b6c9db6d,0x628519e3c7d4ef9434455f7b9ae313fe846722a454091b8bac6dbcdc62a65927
44,15,0.048,0xd4cf3ca686785a623273b6f4e96dae49d19e8152,2017-10-31T12:51:28.000Z,0.0032,0xb5a8aee2e7adbc3646d3159921fa6564b499f812,buy,0x1bcbc54166f6ba149934870b60506199b6c9db6d,0x1355dbcd9c1abdadeaeeaf1fc0a89b590134e192a2fc98d8c0117c0edfdeb3ae
45,30,0.096,0x529a02d528a1c135dd6bd6cf80f881e6fb6e64e4,2017-10-31T11:55:15.000Z,0.0032,0xf3bf2badc4591d1a656c4c64688e823ebc87b7d0,buy,0x1bcbc54166f6ba149934870b60506199b6c9db6d,0x2fd6a82a9859d2cae4e9cf443f5004a480e328c517a788fc8b16ed6d02524e1e
46,5,0.016,0xa4a1c5196e031c92853033fd92866b8deea321bf,2017-10-31T11:24:59.000Z,0.0032,0xf3bf2badc4591d1a656c4c64688e823ebc87b7d0,buy,0x1bcbc54166f6ba149934870b60506199b6c9db6d,0x163c918eacccfcc427379cb5f842abc5881bbe65ce43a36e35a42eecc755d497
47,40,0.126,0xd4cf3ca686785a623273b6f4e96dae49d19e8152,2017-10-31T09:48:12.000Z,0.00315,0xb5a8aee2e7adbc3646d3159921fa6564b499f812,buy,0x1bcbc54166f6ba149934870b60506199b6c9db6d,0xbdfeb9afbeef3c9cc98a2d9aad2909c3f4338eaeb88835f09c424693f3e91b46
48,100,0.315,0xd4cf3ca686785a623273b6f4e96dae49d19e8152,2017-10-31T09:47:29.000Z,0.00315,0xb5a8aee2e7adbc3646d3159921fa6564b499f812,buy,0x1bcbc54166f6ba149934870b60506199b6c9db6d,0xa2b19000b1d2790e14b1c448e768032cb756bd7f96d6c63ded5eec8a80f505bc
49,80,0.252,0xd4cf3ca686785a623273b6f4e96dae49d19e8152,2017-10-31T09:45:54.000Z,0.00315,0xb5a8aee2e7adbc3646d3159921fa6564b499f812,buy,0x1bcbc54166f6ba149934870b60506199b6c9db6d,0x0967d1e73301fa0c2b3505936e093e59d305ed2cccae39986d62b839a9e234f8
50,80,0.252,0xd4cf3ca686785a623273b6f4e96dae49d19e8152,2017-10-31T09:43:58.000Z,0.00315,0xb5a8aee2e7adbc3646d3159921fa6564b499f812,buy,0x1bcbc54166f6ba149934870b60506199b6c9db6d,0xad69d6fec0f600ea46ea2463769ba3cf82acae96010e5ef3ced3419507b7fb8c
51,175,0.56,0xeb7410d2426aaecbf84554148ed5739ca1b6c5ec,2017-10-31T09:26:01.000Z,0.0032,0xf3bf2badc4591d1a656c4c64688e823ebc87b7d0,buy,0x1bcbc54166f6ba149934870b60506199b6c9db6d,0x5ad77978e15115dbb30feda5c6bb69f6b5dbe069d08951c9bc2d9135c175da23
52,15,0.048,0xd4cf3ca686785a623273b6f4e96dae49d19e8152,2017-10-31T09:12:16.000Z,0.0032,0xf3bf2badc4591d1a656c4c64688e823ebc87b7d0,buy,0x1bcbc54166f6ba149934870b60506199b6c9db6d,0xbf444be5b2f3ddf97bdbf882b4f1b3a3ed6894750e1e1f3b68d0aeefdfbab94a
53,25,0.08,0xeb7410d2426aaecbf84554148ed5739ca1b6c5ec,2017-10-31T09:10:44.000Z,0.0032,0xf3bf2badc4591d1a656c4c64688e823ebc87b7d0,buy,0x1bcbc54166f6ba149934870b60506199b6c9db6d,0xb59940e44806bc7b14a28aa9a18ded059cf5060a817c76001210060345062262
54,20.425,0.06433875,0xeb7410d2426aaecbf84554148ed5739ca1b6c5ec,2017-10-31T09:06:31.000Z,0.00315,0x9e1f477ffbb51344afcd4de16821564988bee533,buy,0x1bcbc54166f6ba149934870b60506199b6c9db6d,0x461e984ccf1bc01d47e09a5e5e28d169408da12ffe493b8252d384977ca02ccf
55,78,0.2457,0xeb7410d2426aaecbf84554148ed5739ca1b6c5ec,2017-10-31T08:58:28.000Z,0.00315,0x9e1f477ffbb51344afcd4de16821564988bee533,buy,0x1bcbc54166f6ba149934870b60506199b6c9db6d,0xd63a451693988f2dc6f5f05c88a2a991183e1ad784b99d676e887fa6a5d8a43a
56,50,0.157,0xeb7410d2426aaecbf84554148ed5739ca1b6c5ec,2017-10-31T08:55:27.000Z,0.00314,0xb5a8aee2e7adbc3646d3159921fa6564b499f812,buy,0x1bcbc54166f6ba149934870b60506199b6c9db6d,0xd7b10e5cd00336c2ba98c35231f56ba6f311f72ffc313c91b185fbd106aee70e
57,50,0.157,0xeb7410d2426aaecbf84554148ed5739ca1b6c5ec,2017-10-31T08:52:20.000Z,0.00314,0xb5a8aee2e7adbc3646d3159921fa6564b499f812,buy,0x1bcbc54166f6ba149934870b60506199b6c9db6d,0x1bc0ee65bf66063b1aa55833efb9e87054e44019bfe5ac5787ce86c0a78f19d5
58,100,0.314,0xeb7410d2426aaecbf84554148ed5739ca1b6c5ec,2017-10-31T08:50:08.000Z,0.00314,0xb5a8aee2e7adbc3646d3159921fa6564b499f812,buy,0x1bcbc54166f6ba149934870b60506199b6c9db6d,0x8f7e66673c71d8da856bb379abb9df87ab8aeee0fd3029fff3a69470cc51fed1
59,89,0.2759,0xeb7410d2426aaecbf84554148ed5739ca1b6c5ec,2017-10-31T08:50:03.000Z,0.0031,0xb5a8aee2e7adbc3646d3159921fa6564b499f812,buy,0x1bcbc54166f6ba149934870b60506199b6c9db6d,0x532c4e99defae28564b49d2be3c72267e347a422d688eff273aec9691c8c1c3e
60,185,0.5735,0xf14ffd455d0a0bc4150f8c3e11e2b4ff8060b7fd,2017-10-31T08:42:54.000Z,0.0031,0xb5a8aee2e7adbc3646d3159921fa6564b499f812,buy,0x1bcbc54166f6ba149934870b60506199b6c9db6d,0xd63a1db421f3075edb719fff780ce1b078bedaadcf6891ac8076bee53993461e
61,20.8167116921,0.053290781931776,0xa97f9ff0fc0d784721a0a8befec026d79aaf3042,2017-10-31T08:36:18.000Z,0.00256,0xa97f9ff0fc0d784721a0a8befec026d79aaf3042,sell,0x1bcbc54166f6ba149934870b60506199b6c9db6d,0x7a1e6d44ebf7bb27bcf66b7d6010e44a09fafcf3fcae65e2d581503c20d7c5a4
62,125,0.3875,0xeb7410d2426aaecbf84554148ed5739ca1b6c5ec,2017-10-31T08:30:03.000Z,0.0031,0xb5a8aee2e7adbc3646d3159921fa6564b499f812,buy,0x1bcbc54166f6ba149934870b60506199b6c9db6d,0xad8c4e797ac9f9605b697621cc6b371986a9358bc49126751ddf8f347e39c2f0
63,20,0.0512,0xa97f9ff0fc0d784721a0a8befec026d79aaf3042,2017-10-31T08:26:35.000Z,0.00256,0xb5a8aee2e7adbc3646d3159921fa6564b499f812,sell,0x1bcbc54166f6ba149934870b60506199b6c9db6d,0xecad056c06c403503c8119c9b598fcd3ca45fe3054eff122ea22e3e8fa180776
64,35,0.1085,0xeb7410d2426aaecbf84554148ed5739ca1b6c5ec,2017-10-31T08:18:31.000Z,0.0031,0xb5a8aee2e7adbc3646d3159921fa6564b499f812,buy,0x1bcbc54166f6ba149934870b60506199b6c9db6d,0xddbe8691ec67f7f57ac5f0c036603a96b9cf0aed7ecb40ad7e35f3026d6ce4f4
65,65,0.2015,0xeb7410d2426aaecbf84554148ed5739ca1b6c5ec,2017-10-31T08:17:39.000Z,0.0031,0xb5a8aee2e7adbc3646d3159921fa6564b499f812,buy,0x1bcbc54166f6ba149934870b60506199b6c9db6d,0xe665adea3888097c4842f157f9145928121a68b7c3c6299beb110f7d3be65851
66,0.5,0.00155,0xeb7410d2426aaecbf84554148ed5739ca1b6c5ec,2017-10-31T08:17:15.000Z,0.0031,0xb5a8aee2e7adbc3646d3159921fa6564b499f812,buy,0x1bcbc54166f6ba149934870b60506199b6c9db6d,0x0d54351590e2342eb6cf0d0259a17edcb5641e91833e02b17a225f103485b414
67,0.5,0.00155,0xeb7410d2426aaecbf84554148ed5739ca1b6c5ec,2017-10-31T08:17:02.000Z,0.0031,0xb5a8aee2e7adbc3646d3159921fa6564b499f812,buy,0x1bcbc54166f6ba149934870b60506199b6c9db6d,0xde45468b3a2146c7c8480a34a466d3f91a0fa14eebd01367e276e33bf1cbd1dd
68,50,0.1275,0xf14ffd455d0a0bc4150f8c3e11e2b4ff8060b7fd,2017-10-31T08:16:34.000Z,0.00255,0xb5a8aee2e7adbc3646d3159921fa6564b499f812,sell,0x1bcbc54166f6ba149934870b60506199b6c9db6d,0x5601b0638758b0c7eadbd2675c11568214fae698b96737c1d3a532fb86ed67fd
69,36,0.09,0xeb7410d2426aaecbf84554148ed5739ca1b6c5ec,2017-10-31T08:13:18.000Z,0.0025,0xa97f9ff0fc0d784721a0a8befec026d79aaf3042,sell,0x1bcbc54166f6ba149934870b60506199b6c9db6d,0x05a8757fb9b9eb662fb641ef2e5f7e3c2ddbfdfda8c6ec178dfaddcad1a44185
70,85,0.21675,0xa4a1c5196e031c92853033fd92866b8deea321bf,2017-10-31T08:11:38.000Z,0.00255,0xa97f9ff0fc0d784721a0a8befec026d79aaf3042,sell,0x1bcbc54166f6ba149934870b60506199b6c9db6d,0xccc1a0b2cfde15cccb8ee0550d03c0c9800bda9e7b595f4387f8abc027beeb02
71,650,1.183,0x0644c1a6d61e0994c73c86febdf64ec8432b1013,2017-10-31T07:52:48.000Z,0.00182,0x9e1f477ffbb51344afcd4de16821564988bee533,sell,0x1bcbc54166f6ba149934870b60506199b6c9db6d,0x84776e4c7f19c554d336f9a83487bf8ced725c9eba4b3cae445014ac13078501
72,3987.6383212042,7.257501744591644,0x0644c1a6d61e0994c73c86febdf64ec8432b1013,2017-10-31T07:50:56.000Z,0.00182,0xb5a8aee2e7adbc3646d3159921fa6564b499f812,sell,0x1bcbc54166f6ba149934870b60506199b6c9db6d,0x2bdbd745d5ffc1f16ed20ea3fe77503cd6c72be5da8f476b23a146f06ffca217
73,1012.8102881068,1.843314724354376,0x0644c1a6d61e0994c73c86febdf64ec8432b1013,2017-10-31T07:33:34.000Z,0.00182,0xdaa4c458193c675914dc334fcb67262ab525df69,sell,0x1bcbc54166f6ba149934870b60506199b6c9db6d,0x80138129dee3cc37511d49c6308993d82f0bd9cb27917347865e526bf3b55afe
74,3752.2331397284,6.829064314305688,0x0644c1a6d61e0994c73c86febdf64ec8432b1013,2017-10-31T07:24:59.000Z,0.00182,0x9e1f477ffbb51344afcd4de16821564988bee533,sell,0x1bcbc54166f6ba149934870b60506199b6c9db6d,0x448a782c7de3e9900fd5328996c93251055b571e15e7198e4cb4d474c5e2af28
75,338,0.9126,0xc79d1065e106ff86cd513c33586a792d862be8fa,2017-10-31T07:22:14.000Z,0.0027,0x9e1f477ffbb51344afcd4de16821564988bee533,sell,0x1bcbc54166f6ba149934870b60506199b6c9db6d,0xf8ca9385b74b128044cc6c9b5fdc786f5cc13dadc477248d4a2a0a74b8edf5a7
76,0.1587301587,0.0005,0x42c24a83bded723edfdf5883bc7efb30bc1a1bf3,2017-10-31T06:47:06.000Z,0.0031500000005985,0x9e1f477ffbb51344afcd4de16821564988bee533,buy,0x1bcbc54166f6ba149934870b60506199b6c9db6d,0x8d0d97889e32a60eca86badc015f8c7659439f370795b73e07580d0d3b28c5c3
77,0.1587301587,0.0005,0x34f9560c63078eb61872a4dc2ccd20e21c34feaf,2017-10-31T06:39:43.000Z,0.0031500000005985,0x9e1f477ffbb51344afcd4de16821564988bee533,buy,0x1bcbc54166f6ba149934870b60506199b6c9db6d,0xfd65b3a92e117c615af04aca4f289b5ff7d1f752891c43ea453ae412f37e4b47
78,0.1587301587,0.0005,0xf9695cd65d6dfdf257fab76a3eb0cb8f001971cc,2017-10-31T06:36:39.000Z,0.0031500000005985,0x9e1f477ffbb51344afcd4de16821564988bee533,buy,0x1bcbc54166f6ba149934870b60506199b6c9db6d,0x9434835d0cb8786e4729ad1309685c0588fdb2de0b919667269a096ec2d3f5f6
79,298.7738012162,0.543768318213484,0xf3bf2badc4591d1a656c4c64688e823ebc87b7d0,2017-10-30T18:13:22.000Z,0.00182,0x433fffb2083d7879d212905019a73792b6c23442,sell,0x1bcbc54166f6ba149934870b60506199b6c9db6d,0xd46dc9744b791bbacf350cef5ee3db330489b5b15c7c0aacd54513657080ce30
80,100,0.2,0xae87ba686d5d67c4d91ff18cb109ba090a5b107d,2017-10-30T18:12:30.000Z,0.002,0x433fffb2083d7879d212905019a73792b6c23442,sell,0x1bcbc54166f6ba149934870b60506199b6c9db6d,0x577889250e2a89c69233d31ebfff692aaae3c9fc4c8072841a9341d4d7786b23
81,100,0.315,0xf14ffd455d0a0bc4150f8c3e11e2b4ff8060b7fd,2017-10-30T17:14:13.000Z,0.00315,0x9e1f477ffbb51344afcd4de16821564988bee533,buy,0x1bcbc54166f6ba149934870b60506199b6c9db6d,0xcfe110bcb6eb768c37da4c67a5206152ef08381f2afac9c2aebbe6f488fb30ac
82,100,0.315,0xf14ffd455d0a0bc4150f8c3e11e2b4ff8060b7fd,2017-10-30T17:14:10.000Z,0.00315,0x9e1f477ffbb51344afcd4de16821564988bee533,buy,0x1bcbc54166f6ba149934870b60506199b6c9db6d,0xcfe110bcb6eb768c37da4c67a5206152ef08381f2afac9c2aebbe6f488fb30ac
83,60,0.189,0xa4a1c5196e031c92853033fd92866b8deea321bf,2017-10-30T14:14:24.000Z,0.00315,0x9e1f477ffbb51344afcd4de16821564988bee533,buy,0x1bcbc54166f6ba149934870b60506199b6c9db6d,0x9e047b70b3e61c0c90c9e868a478a35076aebb10fd1690696da5a348b8e18f51
84,30,0.0945,0x1b5970f678c07f464e3d99579dee2281e56f949d,2017-10-30T13:58:38.000Z,0.00315,0x9e1f477ffbb51344afcd4de16821564988bee533,buy,0x1bcbc54166f6ba149934870b60506199b6c9db6d,0xe1663962033331b1a03328c47b08f9d3d1d8f0aef7b1097c8f35a7724fc0fa30
85,1,0.00315,0x1b5970f678c07f464e3d99579dee2281e56f949d,2017-10-30T13:50:26.000Z,0.00315,0x9e1f477ffbb51344afcd4de16821564988bee533,buy,0x1bcbc54166f6ba149934870b60506199b6c9db6d,0x03dfad870e4bc2d4b89fb5002b0639f8468093f0d1c82fafd7f159d130a2652d
86,300,0.945,0x1b5970f678c07f464e3d99579dee2281e56f949d,2017-10-30T13:45:48.000Z,0.00315,0x9e1f477ffbb51344afcd4de16821564988bee533,buy,0x1bcbc54166f6ba149934870b60506199b6c9db6d,0xc4c76333de8716a3859e92af10dc60b5de030832f962088583ca8d0aeec38665
87,1,0.00315,0x1b5970f678c07f464e3d99579dee2281e56f949d,2017-10-30T13:39:34.000Z,0.00315,0x9e1f477ffbb51344afcd4de16821564988bee533,buy,0x1bcbc54166f6ba149934870b60506199b6c9db6d,0xee09deaf00bf617267bb3006c17900022ce7658004d2384d34a59eabf3dc5256
88,1,0.00315,0x1b5970f678c07f464e3d99579dee2281e56f949d,2017-10-30T13:38:19.000Z,0.00315,0x9e1f477ffbb51344afcd4de16821564988bee533,buy,0x1bcbc54166f6ba149934870b60506199b6c9db6d,0x5894e866dd021eae653a1622450e37f896c723c1268df3cf460960d28ea44404
89,1,0.00315,0x1b5970f678c07f464e3d99579dee2281e56f949d,2017-10-30T13:37:23.000Z,0.00315,0x9e1f477ffbb51344afcd4de16821564988bee533,buy,0x1bcbc54166f6ba149934870b60506199b6c9db6d,0x238e9469bdb6842271cb8201a97535ff19f8e93724aa582e858b1eb54efe48a9
90,1,0.00315,0x1b5970f678c07f464e3d99579dee2281e56f949d,2017-10-30T13:37:04.000Z,0.00315,0x9e1f477ffbb51344afcd4de16821564988bee533,buy,0x1bcbc54166f6ba149934870b60506199b6c9db6d,0x5bcd29955cc74cef13f9d4795fc9a9385ee7aa6047f851228f35c3e2407d1e25
91,1,0.00315,0x1b5970f678c07f464e3d99579dee2281e56f949d,2017-10-30T13:36:16.000Z,0.00315,0x9e1f477ffbb51344afcd4de16821564988bee533,buy,0x1bcbc54166f6ba149934870b60506199b6c9db6d,0xc5026898bd5f357d05e81454baad12776ccf4d76d7bbb8bea45b54f89b3c9cdc
92,25,0.07875,0x1b5970f678c07f464e3d99579dee2281e56f949d,2017-10-30T13:32:58.000Z,0.00315,0x9e1f477ffbb51344afcd4de16821564988bee533,buy,0x1bcbc54166f6ba149934870b60506199b6c9db6d,0x1d5e18bb9ef5ec47b0606b211a6c701ee580455beab760371f2710815c48f844
93,375,1.18125,0xeb7410d2426aaecbf84554148ed5739ca1b6c5ec,2017-10-30T13:21:57.000Z,0.00315,0x9e1f477ffbb51344afcd4de16821564988bee533,buy,0x1bcbc54166f6ba149934870b60506199b6c9db6d,0xc43a0c0d55d7de89c827298bbeaaecda080328369088695eae50360b1e34be64
94,200,0.62,0xeb7410d2426aaecbf84554148ed5739ca1b6c5ec,2017-10-30T13:20:11.000Z,0.0031,0x9e1f477ffbb51344afcd4de16821564988bee533,buy,0x1bcbc54166f6ba149934870b60506199b6c9db6d,0x7aaaf42bd8cf6b22f318d5e0f786c5a5f7e0f04e65246ca33e05207cc216cdc6
95,100,0.33,0xd4cf3ca686785a623273b6f4e96dae49d19e8152,2017-10-30T12:59:48.000Z,0.0033,0xdaa4c458193c675914dc334fcb67262ab525df69,buy,0x1bcbc54166f6ba149934870b60506199b6c9db6d,0x36a5bcbdb38204f57241b64c80a0e9ed0f4d17353ef37eeb09f63a8e5d027301
96,250,0.7375,0xa4a1c5196e031c92853033fd92866b8deea321bf,2017-10-30T12:55:18.000Z,0.00295,0x5f90842fd49cb8e90ef8555983e255a979c131c2,buy,0x1bcbc54166f6ba149934870b60506199b6c9db6d,0xe90d8c2809bde0ad9a85c527ed53e9bdb023f87b90d348294f46178814a54859
97,25,0.08,0xa4a1c5196e031c92853033fd92866b8deea321bf,2017-10-30T12:52:10.000Z,0.0032,0xdaa4c458193c675914dc334fcb67262ab525df69,buy,0x1bcbc54166f6ba149934870b60506199b6c9db6d,0xde62b3af1677ebb97e56912e0cc086c4472b891e109209849e16014ec6a6478c
98,275,0.88,0xd4cf3ca686785a623273b6f4e96dae49d19e8152,2017-10-30T12:44:40.000Z,0.0032,0xdaa4c458193c675914dc334fcb67262ab525df69,buy,0x1bcbc54166f6ba149934870b60506199b6c9db6d,0xdd87563a73529e3d4dd8db9f7cc3bdf2c85785b642afab1f468b8885c8a514a7
99,200,0.64,0xd4cf3ca686785a623273b6f4e96dae49d19e8152,2017-10-30T12:44:07.000Z,0.0032,0xdaa4c458193c675914dc334fcb67262ab525df69,buy,0x1bcbc54166f6ba149934870b60506199b6c9db6d,0xd8953297928a7bb3874b920b4863bf6572861edb6e59e6101070cc790a6a08cf
100,300,0.93,0xa4a1c5196e031c92853033fd92866b8deea321bf,2017-10-30T12:43:08.000Z,0.0031,0xdaa4c458193c675914dc334fcb67262ab525df69,buy,0x1bcbc54166f6ba149934870b60506199b6c9db6d,0x96abd579c224cdf6ea3ef68c9f371092b30a3bba25e19d26bab92492ace915fa
101,200,0.62,0xeb7410d2426aaecbf84554148ed5739ca1b6c5ec,2017-10-30T12:37:48.000Z,0.0031,0xdaa4c458193c675914dc334fcb67262ab525df69,buy,0x1bcbc54166f6ba149934870b60506199b6c9db6d,0x284453e06449535787c4e457425b773251c9926f6f0c9f64d9f8d7d3b98e8996
102,15,0.045,0xeb7410d2426aaecbf84554148ed5739ca1b6c5ec,2017-10-30T12:36:10.000Z,0.003,0xdaa4c458193c675914dc334fcb67262ab525df69,buy,0x1bcbc54166f6ba149934870b60506199b6c9db6d,0xe505ea156387174a7184effbcdc6bae8d8bcb869b78d274a168e62fd3aca559f
103,250,0.725,0xeb7410d2426aaecbf84554148ed5739ca1b6c5ec,2017-10-30T12:34:25.000Z,0.0029,0xdaa4c458193c675914dc334fcb67262ab525df69,buy,0x1bcbc54166f6ba149934870b60506199b6c9db6d,0x1bc649399f44ae07b4aa32c277763843864f1ae1fe5a57ff57ce5861033582e1
104,750,2.175,0xeb7410d2426aaecbf84554148ed5739ca1b6c5ec,2017-10-30T12:32:47.000Z,0.0029,0xdaa4c458193c675914dc334fcb67262ab525df69,buy,0x1bcbc54166f6ba149934870b60506199b6c9db6d,0x5a753b15b1215862df23ad838bac654f4aee9881d47e3e2f97561eabda391c69
105,750,1.35,0xf3bf2badc4591d1a656c4c64688e823ebc87b7d0,2017-10-30T12:31:17.000Z,0.0018,0xdaa4c458193c675914dc334fcb67262ab525df69,sell,0x1bcbc54166f6ba149934870b60506199b6c9db6d,0x667fce87aac1d4d1946f92b2e51a1c4d66198cf8b35c9d21574ec65cc63f071a
106,600,1.02,0x94a65f65efc9ad2459efedd0e129c775373e086e,2017-10-30T12:30:56.000Z,0.0017,0xdaa4c458193c675914dc334fcb67262ab525df69,sell,0x1bcbc54166f6ba149934870b60506199b6c9db6d,0x1b220eb1d5b9b5198b07d9bfc437f938d61f69f47eb75fea7e01eb6cac52c3ca
107,10000,10,0x0644c1a6d61e0994c73c86febdf64ec8432b1013,2017-10-30T12:30:35.000Z,0.001,0xdaa4c458193c675914dc334fcb67262ab525df69,sell,0x1bcbc54166f6ba149934870b60506199b6c9db6d,0x04b4880150f5f8c982a8e29dc95d31b9614ec6981cac08a57a9abf883caa77f3
108,350,1.05,0x7fb99e9f58ffcb70ca34795c70ff3badf18c775d,2017-10-30T06:41:45.000Z,0.003,0xdaa4c458193c675914dc334fcb67262ab525df69,buy,0x1bcbc54166f6ba149934870b60506199b6c9db6d,0x4ddd3df5932cd08e043b58152e6f0b9be683c764382d2e4e4906989d7bf703aa
109,135,0.405,0xd4cf3ca686785a623273b6f4e96dae49d19e8152,2017-10-30T06:09:26.000Z,0.003,0xdaa4c458193c675914dc334fcb67262ab525df69,buy,0x1bcbc54166f6ba149934870b60506199b6c9db6d,0x294833474962b381b9e64c034a8ea618ecee4fe2756d250c3c9df1ec07e2a139
110,1000,3,0xf14ffd455d0a0bc4150f8c3e11e2b4ff8060b7fd,2017-10-30T05:43:51.000Z,0.003,0xf3bf2badc4591d1a656c4c64688e823ebc87b7d0,buy,0x1bcbc54166f6ba149934870b60506199b6c9db6d,0x9b6602db28e4562d89a827a93fa47a779e5a3768d0052da5430f6e0989651c61
111,125,0.36875,0xf14ffd455d0a0bc4150f8c3e11e2b4ff8060b7fd,2017-10-30T05:43:51.000Z,0.00295,0xf3bf2badc4591d1a656c4c64688e823ebc87b7d0,buy,0x1bcbc54166f6ba149934870b60506199b6c9db6d,0x0d0ed8eb42a74abd9c165efb4c82bc75f84daab66f3d8d43f654dd9e10521fe6
112,75,0.14775,0x0439f998c4524f7fd759cd36a6d3b14e0eecdf2e,2017-10-30T05:26:46.000Z,0.00197,0x9e1f477ffbb51344afcd4de16821564988bee533,sell,0x1bcbc54166f6ba149934870b60506199b6c9db6d,0x493b356a74b0d845f244a6283a6f24731d94d05cc4ed5c2faf46ab282631ce0c
113,100,0.2,0x529a02d528a1c135dd6bd6cf80f881e6fb6e64e4,2017-10-30T05:25:49.000Z,0.002,0x9e1f477ffbb51344afcd4de16821564988bee533,sell,0x1bcbc54166f6ba149934870b60506199b6c9db6d,0xf0c8603115a5ab65ddd9a82bb246945e51c2f8c099eea39547886d37c1883cdc
114,250,0.7375,0x529a02d528a1c135dd6bd6cf80f881e6fb6e64e4,2017-10-30T05:11:05.000Z,0.00295,0xf3bf2badc4591d1a656c4c64688e823ebc87b7d0,buy,0x1bcbc54166f6ba149934870b60506199b6c9db6d,0x3d2418fa719ecba05dbc86b1d2d648d5bd569e64ebf21a1b61241ec7bd9b9c39
115,181,0.398200181,0x979165d2277911b198c1c17bb04f5c9c300e6b91,2017-10-29T15:52:02.000Z,0.002200001,0x9e1f477ffbb51344afcd4de16821564988bee533,sell,0x1bcbc54166f6ba149934870b60506199b6c9db6d,0x393ae0f0cceb452f639fda83b606396a16dfdabf059609cf5184cfa086cadfdf
116,365,1.1315,0xeb7410d2426aaecbf84554148ed5739ca1b6c5ec,2017-10-29T03:01:55.000Z,0.0031,0xf3bf2badc4591d1a656c4c64688e823ebc87b7d0,buy,0x1bcbc54166f6ba149934870b60506199b6c9db6d,0xdc2b4c01c6132791a8044832d537f5d276849ca2a3c4b9de9c0976295117610b
117,35,0.1085,0xeb7410d2426aaecbf84554148ed5739ca1b6c5ec,2017-10-29T02:54:10.000Z,0.0031,0xf3bf2badc4591d1a656c4c64688e823ebc87b7d0,buy,0x1bcbc54166f6ba149934870b60506199b6c9db6d,0x5b804d0a66d9dd8eb98308637ca399a1024d125642c84e72f0b402f336b27d77
118,45,0.10125,0xf3bf2badc4591d1a656c4c64688e823ebc87b7d0,2017-10-29T02:52:01.000Z,0.00225,0x9e1f477ffbb51344afcd4de16821564988bee533,sell,0x1bcbc54166f6ba149934870b60506199b6c9db6d,0x4645817544e15dd547ab45b7157579d029c37e2e72120bce3182f12275e438d1
119,0.5,0.0011250005,0xf36990a2cb4d609e0a7d4f3bf884c0342d81fd3d,2017-10-29T02:08:58.000Z,0.002250001,0xa4a1c5196e031c92853033fd92866b8deea321bf,sell,0x1bcbc54166f6ba149934870b60506199b6c9db6d,0xf96b011b85120761ba11dd08889fc6425e5e2f2a2d9fc43aae42a133c904cd59
120,73.2773334984,0.15754626702156,0xa97f9ff0fc0d784721a0a8befec026d79aaf3042,2017-10-28T17:23:41.000Z,0.00215,0x1ed014aec47fae44c9e55bac7662c0b78ae61798,sell,0x1bcbc54166f6ba149934870b60506199b6c9db6d,0x9d587a3bf8ffd2f409ef6b53f926b58a54fafd3be590fab208a010fa2e8ae156
121,330,1.056,0xd4cf3ca686785a623273b6f4e96dae49d19e8152,2017-10-28T01:06:24.000Z,0.0032,0xf3bf2badc4591d1a656c4c64688e823ebc87b7d0,buy,0x1bcbc54166f6ba149934870b60506199b6c9db6d,0xae17f4e965caabaa86146b7888097cfa0d5a9ebf58a1e178b91e68984f7b7903
122,475,1.425,0xd4cf3ca686785a623273b6f4e96dae49d19e8152,2017-10-28T01:04:25.000Z,0.003,0xa97f9ff0fc0d784721a0a8befec026d79aaf3042,buy,0x1bcbc54166f6ba149934870b60506199b6c9db6d,0x0d6d3609053d38330ee183c546e1394013d816c8a3bc78aeba60a3708d41f2cb
123,25,0.075,0x0439f998c4524f7fd759cd36a6d3b14e0eecdf2e,2017-10-28T00:51:56.000Z,0.003,0xa97f9ff0fc0d784721a0a8befec026d79aaf3042,buy,0x1bcbc54166f6ba149934870b60506199b6c9db6d,0x5c6c6463a1d6b98aa340a759f638444458ea2b8f374727db26b9c717d4630fc0
124,50,0.16,0x0439f998c4524f7fd759cd36a6d3b14e0eecdf2e,2017-10-28T00:21:55.000Z,0.0032,0xf3bf2badc4591d1a656c4c64688e823ebc87b7d0,buy,0x1bcbc54166f6ba149934870b60506199b6c9db6d,0xe6712f523334ae844f386e9b2a36c841b87ef0398581a8bcb45a8e69ccef9aed
125,50,0.16,0x0439f998c4524f7fd759cd36a6d3b14e0eecdf2e,2017-10-28T00:17:53.000Z,0.0032,0xf3bf2badc4591d1a656c4c64688e823ebc87b7d0,buy,0x1bcbc54166f6ba149934870b60506199b6c9db6d,0x1cb81c179bcf1f7c2fabcf611206ff070103a977d3e6409f85d0ae1a718718a1
126,95,0.304,0x0439f998c4524f7fd759cd36a6d3b14e0eecdf2e,2017-10-28T00:11:30.000Z,0.0032,0xf3bf2badc4591d1a656c4c64688e823ebc87b7d0,buy,0x1bcbc54166f6ba149934870b60506199b6c9db6d,0x804308a7d3f9ecb5d6afa8ec998e9f53e3281e6e08150e12cac482c1448823d1
127,105,0.33075,0x0439f998c4524f7fd759cd36a6d3b14e0eecdf2e,2017-10-28T00:11:30.000Z,0.00315,0xdc433e5013620e06c2c0cedfc816f872ae95288e,buy,0x1bcbc54166f6ba149934870b60506199b6c9db6d,0x7ce025d5f49cb6acc23574a19ebbe959bd0225899c7f7d3a88e2342ce861840c
128,30,0.063,0x529a02d528a1c135dd6bd6cf80f881e6fb6e64e4,2017-10-28T00:03:14.000Z,0.0021,0x5f90842fd49cb8e90ef8555983e255a979c131c2,sell,0x1bcbc54166f6ba149934870b60506199b6c9db6d,0xf72e2707e9f8d3205026d00979857e2a0187e0074e541ce4756a37e2d57f10e2
129,250,0.4675,0x0644c1a6d61e0994c73c86febdf64ec8432b1013,2017-10-27T23:48:08.000Z,0.00187,0x9e1f477ffbb51344afcd4de16821564988bee533,sell,0x1bcbc54166f6ba149934870b60506199b6c9db6d,0x43c7f54aed19824b85c47b4cf393aa49f8db47aaae87d6ed4b6afecd8940198b
130,250,0.4675,0x0644c1a6d61e0994c73c86febdf64ec8432b1013,2017-10-27T23:46:04.000Z,0.00187,0x9e1f477ffbb51344afcd4de16821564988bee533,sell,0x1bcbc54166f6ba149934870b60506199b6c9db6d,0xd40f4f8a2c7fccdfe92c730775a06f614686bd5629ffd9b4ff5e48b60b310c58
131,45.0067268817,0.09451412645157,0x529a02d528a1c135dd6bd6cf80f881e6fb6e64e4,2017-10-27T23:46:04.000Z,0.0021,0x9e1f477ffbb51344afcd4de16821564988bee533,sell,0x1bcbc54166f6ba149934870b60506199b6c9db6d,0xddc6e7b4024f81f84f10b3a758dc3d572b16dd3556111075d76ce081f408a66e
132,50,0.095,0x529a02d528a1c135dd6bd6cf80f881e6fb6e64e4,2017-10-27T23:44:08.000Z,0.0019,0x9e1f477ffbb51344afcd4de16821564988bee533,sell,0x1bcbc54166f6ba149934870b60506199b6c9db6d,0xc73e688856384dfdbedc05ebfa485464393b5dc3f5ec3b3ee2d5d79b53c770ef
133,50,0.1,0x529a02d528a1c135dd6bd6cf80f881e6fb6e64e4,2017-10-27T23:44:08.000Z,0.002,0x9e1f477ffbb51344afcd4de16821564988bee533,sell,0x1bcbc54166f6ba149934870b60506199b6c9db6d,0x4aea034c4d91ffeb1ac363dcf23ef85d1e73d5aa3a545e5e626479dad64adbb4
134,500,0.935,0x0644c1a6d61e0994c73c86febdf64ec8432b1013,2017-10-27T23:43:42.000Z,0.00187,0x9e1f477ffbb51344afcd4de16821564988bee533,sell,0x1bcbc54166f6ba149934870b60506199b6c9db6d,0x2c747616926c0dffd1821b0339591e4aa8621474c3d25af17f682e78a757197c
135,25,0.07875,0xf3bf2badc4591d1a656c4c64688e823ebc87b7d0,2017-10-27T01:48:20.000Z,0.00315,0xdc433e5013620e06c2c0cedfc816f872ae95288e,buy,0x1bcbc54166f6ba149934870b60506199b6c9db6d,0x0349d6e301f52f79355889791722fe8e3d330e0ba977de1e06e2fdcdf1939a94
136,7,0.021,0xf3bf2badc4591d1a656c4c64688e823ebc87b7d0,2017-10-27T01:48:20.000Z,0.003,0x1c49d5e7500cd569706423813da17a208cf20f7f,buy,0x1bcbc54166f6ba149934870b60506199b6c9db6d,0xa4c8c26354d8cc61633b9d9943f23a93ba8fa9235cb8dec0dd415803c4164e9d
137,4.9932731183,0.01048587354843,0x529a02d528a1c135dd6bd6cf80f881e6fb6e64e4,2017-10-26T23:32:49.000Z,0.0021,0x7a8dcc431b75b2ce3f55fc44bdcb121d3e839916,sell,0x1bcbc54166f6ba149934870b60506199b6c9db6d,0xb0f65d1210ce0e9bde236827c4803ad77fa663e715dc9e4e28ac51326e9039a6
138,225,0.72,0xa97f9ff0fc0d784721a0a8befec026d79aaf3042,2017-10-26T16:51:14.000Z,0.0032,0xf3bf2badc4591d1a656c4c64688e823ebc87b7d0,buy,0x1bcbc54166f6ba149934870b60506199b6c9db6d,0x4736f34fd19f0c9f96d98be4270aacc70aeefe7fe45de324f5807965403d2586
139,73.96691,0.22190073,0xa97f9ff0fc0d784721a0a8befec026d79aaf3042,2017-10-26T16:50:45.000Z,0.003,0x98d7d86a36abf430d6311d8685e9760a85b222dd,buy,0x1bcbc54166f6ba149934870b60506199b6c9db6d,0xd77b8c4a1666a2346c1d5bf9b0c220fbccd2a3db82e5ffd41a1b25059d1373ad
140,250,0.725,0xa97f9ff0fc0d784721a0a8befec026d79aaf3042,2017-10-26T15:56:33.000Z,0.0029,0xf3bf2badc4591d1a656c4c64688e823ebc87b7d0,buy,0x1bcbc54166f6ba149934870b60506199b6c9db6d,0x6a0d5a54a8e92eca8f195a388734162eb19131c91ea4931c351b1de52e4f9c94
141,200,0.44,0x529a02d528a1c135dd6bd6cf80f881e6fb6e64e4,2017-10-26T15:08:31.000Z,0.0022,0x5d26ca4ee3be471a4c5eeccb3bac220603387c77,sell,0x1bcbc54166f6ba149934870b60506199b6c9db6d,0xa0ad384fe2373b1e89d3973ece4b48c9f8fe0492166b99e77594dcc457c795ed
142,69.9420761157,0.20283202073571927,0xa4a1c5196e031c92853033fd92866b8deea321bf,2017-10-26T14:54:38.000Z,0.002900000000002706,0xf3bf2badc4591d1a656c4c64688e823ebc87b7d0,buy,0x1bcbc54166f6ba149934870b60506199b6c9db6d,0xf9c49cea8c7b8bd1ba482eb46c671711d8b37e9c3c59b7bbd09f600e01af5a8d
143,16,0.0464,0xa4a1c5196e031c92853033fd92866b8deea321bf,2017-10-26T14:49:06.000Z,0.0029,0x5d26ca4ee3be471a4c5eeccb3bac220603387c77,buy,0x1bcbc54166f6ba149934870b60506199b6c9db6d,0xe6fa6920efb2e1bbdde579e4639307af0f1a974ed89d634d87f5ee9ebfef319e
144,100,0.2,0xf3bf2badc4591d1a656c4c64688e823ebc87b7d0,2017-10-26T14:47:53.000Z,0.002,0x5d26ca4ee3be471a4c5eeccb3bac220603387c77,sell,0x1bcbc54166f6ba149934870b60506199b6c9db6d,0xb920e6aff040ff2d0d9c3b12b8d6160d6aa0dafb6cc78dad0f2d89fe6d404c00
145,400,0.8,0xf3bf2badc4591d1a656c4c64688e823ebc87b7d0,2017-10-26T14:19:33.000Z,0.002,0xdc433e5013620e06c2c0cedfc816f872ae95288e,sell,0x1bcbc54166f6ba149934870b60506199b6c9db6d,0x345c4dec7641b2a4f39961894530cf9387fcc7fe4f93da1dd0bd55e43eba331e
146,35,0.1015,0xf3bf2badc4591d1a656c4c64688e823ebc87b7d0,2017-10-26T14:11:30.000Z,0.0029,0x5d26ca4ee3be471a4c5eeccb3bac220603387c77,buy,0x1bcbc54166f6ba149934870b60506199b6c9db6d,0x7540c70a15bed81bbbbb394307243296d5634035caa8f9510d6e7658a2e8a2f8
147,50,0.145,0xf3bf2badc4591d1a656c4c64688e823ebc87b7d0,2017-10-26T14:06:23.000Z,0.0029,0x5d26ca4ee3be471a4c5eeccb3bac220603387c77,buy,0x1bcbc54166f6ba149934870b60506199b6c9db6d,0x649b376e7a5402ddf2a03ebe833d7412d5625f4ae7fbc0359964544159bd303a
148,100,0.2,0xf3bf2badc4591d1a656c4c64688e823ebc87b7d0,2017-10-26T13:43:27.000Z,0.002,0x5d26ca4ee3be471a4c5eeccb3bac220603387c77,sell,0x1bcbc54166f6ba149934870b60506199b6c9db6d,0x0c0cc9972e70a1b0e365439c6ec09933fb3a647bebf04011c93bd91e71684d16
149,50,0.14495,0xf3bf2badc4591d1a656c4c64688e823ebc87b7d0,2017-10-26T13:32:53.000Z,0.002899,0x98d7d86a36abf430d6311d8685e9760a85b222dd,buy,0x1bcbc54166f6ba149934870b60506199b6c9db6d,0x7aa74d8ed2d46567000df22c63ef0201103c0af7e4ca968e933583df7366f6bf
150,50,0.14495,0xf3bf2badc4591d1a656c4c64688e823ebc87b7d0,2017-10-26T13:29:42.000Z,0.002899,0x98d7d86a36abf430d6311d8685e9760a85b222dd,buy,0x1bcbc54166f6ba149934870b60506199b6c9db6d,0x0ea018f28e83d7e14f7e5ef77e38f0403bfe077ad5df7898761ad2baaa58f8d7
151,1,0.000000002,0x98d7d86a36abf430d6311d8685e9760a85b222dd,2017-10-26T05:56:09.000Z,0.000000002,0x98d7d86a36abf430d6311d8685e9760a85b222dd,sell,0x1bcbc54166f6ba149934870b60506199b6c9db6d,0x3341b4038e00a1269f0f8084808dc54124cd5ce52ff1d0c0b235d65d9cbd58b4
152,0.01,0.00000000004,0x8b182a4526944fa498970732a69a95d281c3c8a9,2017-10-26T00:10:29.000Z,0.000000004,0x98d7d86a36abf430d6311d8685e9760a85b222dd,sell,0x1bcbc54166f6ba149934870b60506199b6c9db6d,0x8eeb2b6f5984175388552b82fcb8f1cebe90f61b5471ff8bd495cac1cb46ab7f
153,0.01,0.00000000002,0x8b182a4526944fa498970732a69a95d281c3c8a9,2017-10-26T00:08:02.000Z,0.000000002,0x98d7d86a36abf430d6311d8685e9760a85b222dd,sell,0x1bcbc54166f6ba149934870b60506199b6c9db6d,0xd0daed64bb6c3b141d0798571d399dffa76122f17c19c66899df618bacd6e2a8
154,35,0.168,0xeb7410d2426aaecbf84554148ed5739ca1b6c5ec,2017-10-25T19:17:59.000Z,0.0048,0x5d26ca4ee3be471a4c5eeccb3bac220603387c77,buy,0x1bcbc54166f6ba149934870b60506199b6c9db6d,0x6aef96d17c012d0e43c61a7a75f64b53c05a73c884d7c2f50ee78c850d4477ef
155,25,0.125,0xf3bf2badc4591d1a656c4c64688e823ebc87b7d0,2017-10-25T11:06:22.000Z,0.005,0x98d7d86a36abf430d6311d8685e9760a85b222dd,buy,0x1bcbc54166f6ba149934870b60506199b6c9db6d,0x4fa9e7f98d0ca19c015153d6d4f1635a9cb404dce5e9979347392194e52a8f43
156,119.9,0.353705,0xf3bf2badc4591d1a656c4c64688e823ebc87b7d0,2017-10-25T11:05:12.000Z,0.00295,0x5d26ca4ee3be471a4c5eeccb3bac220603387c77,buy,0x1bcbc54166f6ba149934870b60506199b6c9db6d,0x71a26114fe3a9869f632e9874019d996fb871835220c2473a1b7d8b24ed61680
157,0.1,0.000295,0x6cdea8e07bf82d7a07dbf36642d6e5be8623845c,2017-10-25T09:36:07.000Z,0.00295,0x5d26ca4ee3be471a4c5eeccb3bac220603387c77,buy,0x1bcbc54166f6ba149934870b60506199b6c9db6d,0xded3dc85ccb50ff833e69732c7dd8f0fc82b5de936825c95cd698af693d7c6f8
158,46.8547502741,0.00137752965805854,0x5d26ca4ee3be471a4c5eeccb3bac220603387c77,2017-10-25T00:08:36.000Z,0.0000294,0x39ed2b598b75107ad4f190a85094b1f438e0dcf7,sell,0x1bcbc54166f6ba149934870b60506199b6c9db6d,0x9baa12e51165a7bf71b0024cfeeaec33122fa6e216e31da830eb24b451bb1d66
159,0.01,0.00000000002,0x8b182a4526944fa498970732a69a95d281c3c8a9,2017-10-24T14:09:22.000Z,0.000000002,0x98d7d86a36abf430d6311d8685e9760a85b222dd,sell,0x1bcbc54166f6ba149934870b60506199b6c9db6d,0x0c9278880fc632c77697db9d3e045b71c1243fe05bec8459487f3fc1341a0d52
160,4,0.02192,0xdc433e5013620e06c2c0cedfc816f872ae95288e,2017-10-23T16:23:25.000Z,0.00548,0x5d26ca4ee3be471a4c5eeccb3bac220603387c77,buy,0x1bcbc54166f6ba149934870b60506199b6c9db6d,0x72a3427fdd50a281c3585d07bfd6424e7eca33b3aebb0330660821e4336f08c2
161,2.54,0.0127,0xdc433e5013620e06c2c0cedfc816f872ae95288e,2017-10-23T16:20:32.000Z,0.005,0x7a8dcc431b75b2ce3f55fc44bdcb121d3e839916,buy,0x1bcbc54166f6ba149934870b60506199b6c9db6d,0x88792d5b73a4d701ffbfa52ac1d1e60a37d91f3c05997631d75c32c8b554a753
162,49.6428571428,0.139,0x4c8981d5b40c7e7a62baee91faf0249a284086c2,2017-10-23T15:42:23.000Z,0.002800000000003223,0xfff4b5f3ea52c7c582ab16ba28afa42aec47c165,buy,0x1bcbc54166f6ba149934870b60506199b6c9db6d,0x64b0d46b5be583dc6f6241ea27da76cc6a1d22bdcfa7a387decb245c1b7ad5c7
163,59.283,0.165458853,0x4c8981d5b40c7e7a62baee91faf0249a284086c2,2017-10-23T15:41:58.000Z,0.002791,0x5d26ca4ee3be471a4c5eeccb3bac220603387c77,buy,0x1bcbc54166f6ba149934870b60506199b6c9db6d,0xdd661c07cfaa4edf12579a1faac9cd056f395fbf82fd26cf1df5b37aafdec67c
164,0.358294518,0.001,0x4a57d0208164a1c1c63c75395dc444428a07b50a,2017-10-23T06:45:58.000Z,0.002791000000731242,0x5d26ca4ee3be471a4c5eeccb3bac220603387c77,buy,0x1bcbc54166f6ba149934870b60506199b6c9db6d,0x060246500330ba854eefc1ac162a7ea3398e2da9c121a320b64a87f26ca89d0a
165,0.358294518,0.001,0x4a57d0208164a1c1c63c75395dc444428a07b50a,2017-10-23T06:26:07.000Z,0.002791000000731242,0x5d26ca4ee3be471a4c5eeccb3bac220603387c77,buy,0x1bcbc54166f6ba149934870b60506199b6c9db6d,0xda39a84c633b0a6362d492abaddfa99eaf26663dd34ca9c3cd9f4807a5bd2700
166,0.3571428571,0.001,0x4a57d0208164a1c1c63c75395dc444428a07b50a,2017-10-23T05:49:03.000Z,0.002800000000336,0xfff4b5f3ea52c7c582ab16ba28afa42aec47c165,buy,0x1bcbc54166f6ba149934870b60506199b6c9db6d,0xc82344d16dc0061032e3a01cdee8c98462f9fe9b1ff1bdb08151107a6c05d449
167,0.9969095803,0.000009969095803,0x7a8dcc431b75b2ce3f55fc44bdcb121d3e839916,2017-10-23T04:01:46.000Z,0.00001,0x7d053385a05276eedcaf706325ae34ae544741a6,sell,0x1bcbc54166f6ba149934870b60506199b6c9db6d,0x688d5454a0c53283be88dd4a0b10653b59787c6ddbc282032d050f5e3fd74345
168,1,0.004,0x3ac636ac5c3a2576156ac5f10066ca68abe0ad54,2017-10-20T13:20:04.000Z,0.004,0x98d7d86a36abf430d6311d8685e9760a85b222dd,buy,0x1bcbc54166f6ba149934870b60506199b6c9db6d,0xf03096d7dafa29e115b56fc6ca761669e1f6dc436212585818691fc61d732fca
169,25,0.125,0xfff4b5f3ea52c7c582ab16ba28afa42aec47c165,2017-10-17T17:16:12.000Z,0.005,0x5d26ca4ee3be471a4c5eeccb3bac220603387c77,sell,0x1bcbc54166f6ba149934870b60506199b6c9db6d,0x7b8a21d6720aadcd1b54301c6541677d94147067d63d8f33ccfea5f76910a8e1
170,3.437843784,0.016666666664832,0x5d5065b42bdee0274e394ba9042c21e1818c69cf,2017-10-11T05:30:08.000Z,0.004848,0x7a8dcc431b75b2ce3f55fc44bdcb121d3e839916,sell,0x1bcbc54166f6ba149934870b60506199b6c9db6d,0xcef408c5a4c1f56d65a0493d8df77fe0fe224e73def937276ecc8882a18cf118
171,25,0.13125,0x5f90842fd49cb8e90ef8555983e255a979c131c2,2017-10-11T00:36:07.000Z,0.00525,0xf3bf2badc4591d1a656c4c64688e823ebc87b7d0,buy,0x1bcbc54166f6ba149934870b60506199b6c9db6d,0xc565dafc5463ba9cd7f7942bb1810c69426baa23feb648aefab3d172edac72da
172,75,0.39375,0x5f90842fd49cb8e90ef8555983e255a979c131c2,2017-10-11T00:08:23.000Z,0.00525,0xf3bf2badc4591d1a656c4c64688e823ebc87b7d0,buy,0x1bcbc54166f6ba149934870b60506199b6c9db6d,0x321dfbf02aea41ca0478f50c757ce167f9382b5d1e5f0087d9ca1955ac0dbf77
173,20,0.1,0x5f90842fd49cb8e90ef8555983e255a979c131c2,2017-10-11T00:04:56.000Z,0.005,0xfff4b5f3ea52c7c582ab16ba28afa42aec47c165,buy,0x1bcbc54166f6ba149934870b60506199b6c9db6d,0xb32b2161a1d294ae45937886a57a22654dfcf63cf1fdc831ebfa5131b4259049
174,5,0.025,0xdc433e5013620e06c2c0cedfc816f872ae95288e,2017-10-10T23:21:55.000Z,0.005,0xfff4b5f3ea52c7c582ab16ba28afa42aec47c165,buy,0x1bcbc54166f6ba149934870b60506199b6c9db6d,0x080862256fd9705364000d0f62a5f10ce2836088f79bf8a351f3b7e1550d892e
175,20,0.099998,0xdc433e5013620e06c2c0cedfc816f872ae95288e,2017-10-10T23:21:40.000Z,0.0049999,0x5d26ca4ee3be471a4c5eeccb3bac220603387c77,buy,0x1bcbc54166f6ba149934870b60506199b6c9db6d,0xf4c9c9e03f12f6e9391a89d626363c2bfa3d0deab337c8d3cd6a48f73f7a2bad
176,3.472,0.0166656,0x5d5065b42bdee0274e394ba9042c21e1818c69cf,2017-10-10T11:06:15.000Z,0.0048,0x5d26ca4ee3be471a4c5eeccb3bac220603387c77,sell,0x1bcbc54166f6ba149934870b60506199b6c9db6d,0xfc7eb856112df91a1ff96cd8e31c15e238f85ea8770b5288fc5f47adbefc080d
177,25,0.1375,0x5f90842fd49cb8e90ef8555983e255a979c131c2,2017-10-09T01:12:43.000Z,0.0055,0x5d26ca4ee3be471a4c5eeccb3bac220603387c77,buy,0x1bcbc54166f6ba149934870b60506199b6c9db6d,0xc2dfc359c741ab978c0cd1dd7b3a566b7ea4ad60a5d5cb99a727f5de54000dc9
178,20,0.11,0x5f90842fd49cb8e90ef8555983e255a979c131c2,2017-10-09T00:49:32.000Z,0.0055,0x5d26ca4ee3be471a4c5eeccb3bac220603387c77,buy,0x1bcbc54166f6ba149934870b60506199b6c9db6d,0x4da9347f5323f33a0ae7034a6def4928211c315bd620ba4a9178ccea23f9e03f
179,50,0.2425,0xf3bf2badc4591d1a656c4c64688e823ebc87b7d0,2017-10-09T00:47:45.000Z,0.00485,0x5d26ca4ee3be471a4c5eeccb3bac220603387c77,sell,0x1bcbc54166f6ba149934870b60506199b6c9db6d,0x87214785963aedf878d828ee42927343b9c8c8d908e1c6de17ef8233076b7d66
180,40,0.2236,0x5f90842fd49cb8e90ef8555983e255a979c131c2,2017-10-09T00:45:20.000Z,0.00559,0x5d26ca4ee3be471a4c5eeccb3bac220603387c77,buy,0x1bcbc54166f6ba149934870b60506199b6c9db6d,0x7edb2cfb22ceb40642103cfacb01513e4329e4b0279372a59d3674a41794899b
181,114,0.65778,0x5d26ca4ee3be471a4c5eeccb3bac220603387c77,2017-10-09T00:39:33.000Z,0.00577,0xf3bf2badc4591d1a656c4c64688e823ebc87b7d0,sell,0x1bcbc54166f6ba149934870b60506199b6c9db6d,0x5ec65e58c23f52b3ab9df9810c78e0aba9aae3a1c17143fa9e58004a62d3ec28
182,17,0.0986,0x5f90842fd49cb8e90ef8555983e255a979c131c2,2017-10-09T00:35:50.000Z,0.0058,0xdc433e5013620e06c2c0cedfc816f872ae95288e,buy,0x1bcbc54166f6ba149934870b60506199b6c9db6d,0x9d1de9444ba8f570aa7f90dd3312ec0194b69ad03bf78a8978925da2d1705ed5
183,12.9999456654,0.0747496875765128,0x5f90842fd49cb8e90ef8555983e255a979c131c2,2017-10-09T00:32:44.000Z,0.005750000000035601,0x5d26ca4ee3be471a4c5eeccb3bac220603387c77,buy,0x1bcbc54166f6ba149934870b60506199b6c9db6d,0xb266693af6677023e13255d1a23d10d78215709db78e8615223b99d1343bbdbd
184,6,0.0345,0x5f90842fd49cb8e90ef8555983e255a979c131c2,2017-10-09T00:28:17.000Z,0.00575,0x5d26ca4ee3be471a4c5eeccb3bac220603387c77,buy,0x1bcbc54166f6ba149934870b60506199b6c9db6d,0x7208b88873593c173b5ee92acf288409e35f06f22d448e034cf718a9f61b1828
185,4,0.0228,0x5f90842fd49cb8e90ef8555983e255a979c131c2,2017-10-09T00:27:52.000Z,0.0057,0x5d26ca4ee3be471a4c5eeccb3bac220603387c77,buy,0x1bcbc54166f6ba149934870b60506199b6c9db6d,0xf7321a2b45aa9e6898db777c392682540c203e987b48814ff5e9e27aa5c1e7e2
186,50,0.28,0x5f90842fd49cb8e90ef8555983e255a979c131c2,2017-10-09T00:27:19.000Z,0.0056,0x5d26ca4ee3be471a4c5eeccb3bac220603387c77,buy,0x1bcbc54166f6ba149934870b60506199b6c9db6d,0x3d9548f1e7f0030a6570601fd1ff5302d4f9d8b7ffbd2f947860d1088fe11bf6
187,0.0000543345,0.000000312423487189,0xd1dcb803485e18c889882be8eda743f23cea37d2,2017-10-08T18:28:26.000Z,0.005750002064783885,0x5d26ca4ee3be471a4c5eeccb3bac220603387c77,buy,0x1bcbc54166f6ba149934870b60506199b6c9db6d,0xd5881ab677f2e20e45e37296e68bf38f4ac69ce0e1417c6844f010e44cd2ea85
188,1,0.00575,0x7d053385a05276eedcaf706325ae34ae544741a6,2017-10-07T17:33:24.000Z,0.00575,0x5d26ca4ee3be471a4c5eeccb3bac220603387c77,buy,0x1bcbc54166f6ba149934870b60506199b6c9db6d,0x35782a25bb5e77ab629a6cbba2addd7c68391017aa2a0a41dd996cbd5afc97e4
189,1,0.00575,0xeeb12121316645ac76b40ac9d130de4b2f655f6e,2017-10-07T12:58:33.000Z,0.00575,0x5d26ca4ee3be471a4c5eeccb3bac220603387c77,buy,0x1bcbc54166f6ba149934870b60506199b6c9db6d,0xb33cde7ee450c17a3ac18a02249eb68fae6f625d710d7494e128d9d94e57cad3
190,0.0001,0.00000058,0x273a5d3e6721b9f5c1a6474f560c1334c63dda01,2017-10-07T08:23:47.000Z,0.0058,0xdc433e5013620e06c2c0cedfc816f872ae95288e,buy,0x1bcbc54166f6ba149934870b60506199b6c9db6d,0xfa78df495de335a33c659b5e17ae04c4b98d200d72e8592918a29b13c5d46577
191,0.0000997,0.003988,0xe0275f6a74acff539ab5ed565804263ba53c76e3,2017-10-07T08:23:47.000Z,40,0x273a5d3e6721b9f5c1a6474f560c1334c63dda01,sell,0x1bcbc54166f6ba149934870b60506199b6c9db6d,0xfa78df495de335a33c659b5e17ae04c4b98d200d72e8592918a29b13c5d46577
192,275,1.30625,0xdc433e5013620e06c2c0cedfc816f872ae95288e,2017-10-07T05:28:30.000Z,0.00475,0x5d26ca4ee3be471a4c5eeccb3bac220603387c77,sell,0x1bcbc54166f6ba149934870b60506199b6c9db6d,0x25e1b52df086d96e211bb97aef5474474a92cc8a9e74f2ffe4ae4596ce409630
193,100,0.48,0x101ea8ca9c8b91eeadcee97e890d3b90914fae7c,2017-10-07T05:13:35.000Z,0.0048,0x5d26ca4ee3be471a4c5eeccb3bac220603387c77,sell,0x1bcbc54166f6ba149934870b60506199b6c9db6d,0x1874f552af1028bc55c24afc90eced9dae1992cdde07edd774603c55eb1d3fce
194,150.304,0.75152,0xdc433e5013620e06c2c0cedfc816f872ae95288e,2017-10-06T22:37:57.000Z,0.005,0x306c97dbfee4373f4377c086207c53a92dbbfb48,sell,0x1bcbc54166f6ba149934870b60506199b6c9db6d,0xa513b97a08a77d01b2e22ce35974f5542c1289327f1bf2c4a3214fd12a7f32ea
195,4108.178,4.5189958,0x0644c1a6d61e0994c73c86febdf64ec8432b1013,2017-10-06T22:36:02.000Z,0.0011,0xa5678e07757b07045170829d19aee8fc453bcb9c,sell,0x1bcbc54166f6ba149934870b60506199b6c9db6d,0x0cfe321d7521a4b7ef27c290cb355527efb14b6760762ade74ffaa0dc7825e07
196,4430,4.873,0x0644c1a6d61e0994c73c86febdf64ec8432b1013,2017-10-06T22:28:37.000Z,0.0011,0x306c97dbfee4373f4377c086207c53a92dbbfb48,sell,0x1bcbc54166f6ba149934870b60506199b6c9db6d,0xbb6fc0b39ef80eb87c204c22f402f17aeb214311279f969b9389259aee3f2b2c
197,3985,4.3835,0x0644c1a6d61e0994c73c86febdf64ec8432b1013,2017-10-06T22:08:37.000Z,0.0011,0xa5678e07757b07045170829d19aee8fc453bcb9c,sell,0x1bcbc54166f6ba149934870b60506199b6c9db6d,0x04d241401bac0760a0ff9e6191e0c846fa65f7f8a85690aa93ddb46af4889d94
198,1300,1.443,0x5d26ca4ee3be471a4c5eeccb3bac220603387c77,2017-10-06T21:57:05.000Z,0.00111,0x306c97dbfee4373f4377c086207c53a92dbbfb48,sell,0x1bcbc54166f6ba149934870b60506199b6c9db6d,0x1948513358c13328de58a5e513a049c7036a91e2ada4b26c2d2b90753c937f0b
199,7476.821852258,8.2245040374838,0x0644c1a6d61e0994c73c86febdf64ec8432b1013,2017-10-06T21:51:15.000Z,0.0011,0xa5678e07757b07045170829d19aee8fc453bcb9c,sell,0x1bcbc54166f6ba149934870b60506199b6c9db6d,0xf90a45051f1235049c1d98b2141de809c727fb14d334f848a5b71c8415d75d2f
200,49.695942578,0.24847971289,0xdc433e5013620e06c2c0cedfc816f872ae95288e,2017-10-06T17:56:05.000Z,0.005,0x5d26ca4ee3be471a4c5eeccb3bac220603387c77,sell,0x1bcbc54166f6ba149934870b60506199b6c9db6d,0xa05646cac47d63f9139cf8ad032edc058bd0e1ff830345492af0bf1d031b2a16
201,50,0.25,0xdc433e5013620e06c2c0cedfc816f872ae95288e,2017-10-06T17:27:17.000Z,0.005,0x5d26ca4ee3be471a4c5eeccb3bac220603387c77,sell,0x1bcbc54166f6ba149934870b60506199b6c9db6d,0x368797b80dcfd0dba27855c347722fa9e968f59eb646ca5d9da869b73ff5d287
202,1,0.0065,0xa0be78d2bac6a692adba423c7af50ec86a18bddf,2017-09-28T14:03:27.000Z,0.0065,0xeb7410d2426aaecbf84554148ed5739ca1b6c5ec,buy,0x1bcbc54166f6ba149934870b60506199b6c9db6d,0xc2c021c7499fc45e5a9a681b4b829cdd5743aa73aeab9704fd2e97f675e01e3b
203,0.1608,0.00087636,0xeb7410d2426aaecbf84554148ed5739ca1b6c5ec,2017-09-25T11:54:05.000Z,0.00545,0x18a902dc44442205b4ba2b1dc038e67506d22c55,sell,0x1bcbc54166f6ba149934870b60506199b6c9db6d,0xf8ed0b91e00791dc1124c3eca1dfa8c3072e4b603b6732779585381eb2c76389
204,0.16727,0.0009116215,0xeb7410d2426aaecbf84554148ed5739ca1b6c5ec,2017-09-24T23:34:56.000Z,0.00545,0xd868b838b5de79f1e540b5d83c9e9a3d0b3810cd,sell,0x1bcbc54166f6ba149934870b60506199b6c9db6d,0x0c931a4c039b5f7bcf20afe8cb80e7520c9d2cccb21ef800443689fd0edc0c16
205,69.7840235796,0.38032292850882,0xeb7410d2426aaecbf84554148ed5739ca1b6c5ec,2017-09-24T22:13:27.000Z,0.00545,0xdc433e5013620e06c2c0cedfc816f872ae95288e,sell,0x1bcbc54166f6ba149934870b60506199b6c9db6d,0xc8acce07eb557fbcc80a3ef56ea5ba9c0bed43951ef456f397d13bd0a5d68c27
206,15.9505532848,0.08693051540216,0xeb7410d2426aaecbf84554148ed5739ca1b6c5ec,2017-09-24T20:24:07.000Z,0.00545,0x1591c0d65168c3214e8c7b1ca3887cbbec05e1d7,sell,0x1bcbc54166f6ba149934870b60506199b6c9db6d,0xe8fed0b5fcc0da98d8ee98dc23d3f30502562c633caecf6385dcd6d201c4ba38
207,100,0.545,0xeb7410d2426aaecbf84554148ed5739ca1b6c5ec,2017-09-24T18:37:04.000Z,0.00545,0xdc433e5013620e06c2c0cedfc816f872ae95288e,sell,0x1bcbc54166f6ba149934870b60506199b6c9db6d,0x66592ddb5734b1ff78a5a84f4cf689f2d775c89d81a1c8d0ddd6d123a048ad1d
208,3.6,0.02412,0xbf1e36feb9f38240cd321ef90f711822574e363f,2017-09-23T21:02:42.000Z,0.0067,0x6a1e89b3e288308920334c90752ec6ece1f52a19,buy,0x1bcbc54166f6ba149934870b60506199b6c9db6d,0x8fdff71e48e7513c96fa0b985967920481e0b8b8dbdacae08da3fd5d93dc34c5
209,4,0.0268,0xbf1e36feb9f38240cd321ef90f711822574e363f,2017-09-23T20:56:12.000Z,0.0067,0x6a1e89b3e288308920334c90752ec6ece1f52a19,buy,0x1bcbc54166f6ba149934870b60506199b6c9db6d,0x496bfd086839a6d39009691967406e7dcfa8f131d6ea152441052e2aff28f007
210,5,0.0335,0xbf1e36feb9f38240cd321ef90f711822574e363f,2017-09-23T20:56:12.000Z,0.0067,0x6a1e89b3e288308920334c90752ec6ece1f52a19,buy,0x1bcbc54166f6ba149934870b60506199b6c9db6d,0x020ba2fb346c35bec96e4e7795f2ca561a1254538274176ec7a6a036dc24e188
211,0.1612903225,0.0005,0x2ba19ec4bcd5ae8de66b110bde5ebf41092bd02f,2017-09-23T19:20:29.000Z,0.00310000000155,0x1ed4d325b725eae8ed0c7aee56f0dd5dd3d68fa6,buy,0x1bcbc54166f6ba149934870b60506199b6c9db6d,0x6dcfc95076345cf64593d18b423ffe9a5801d4410e69bc2cf30ad65c0f764054
212,0.1612903225,0.0005,0x18a902dc44442205b4ba2b1dc038e67506d22c55,2017-09-23T19:13:31.000Z,0.00310000000155,0x1ed4d325b725eae8ed0c7aee56f0dd5dd3d68fa6,buy,0x1bcbc54166f6ba149934870b60506199b6c9db6d,0x660d6c18bc1ee55b415fbf6d696a83b0d305e96196dd147e45e1344898398abe
213,0.1677852348,0.0005,0xd868b838b5de79f1e540b5d83c9e9a3d0b3810cd,2017-09-23T16:29:34.000Z,0.00298000000176416,0x79e12fdb98653ba4e2608bd1b7ed3998f638a9be,buy,0x1bcbc54166f6ba149934870b60506199b6c9db6d,0x4484efdc2b8c5054cdd039fb0e5a37efbae37fbc0ca8fe81dd5fac9ed226acaf
214,99,0.29502,0xe0275f6a74acff539ab5ed565804263ba53c76e3,2017-09-23T15:36:13.000Z,0.00298,0x79e12fdb98653ba4e2608bd1b7ed3998f638a9be,buy,0x1bcbc54166f6ba149934870b60506199b6c9db6d,0x91c753e25730a21b15e55f73f91e00a66d42e347d41c6c4dde78de8a34d585e8
215,9,0.02682,0xe0275f6a74acff539ab5ed565804263ba53c76e3,2017-09-23T11:01:21.000Z,0.00298,0x79e12fdb98653ba4e2608bd1b7ed3998f638a9be,buy,0x1bcbc54166f6ba149934870b60506199b6c9db6d,0x85f887b10a507628ca6e159f605c08d7e356911d51f12904957dec948375969c
216,0.5,0.00149,0x636d925f140f761f7a0e600db2177dd068ddada1,2017-09-23T10:35:34.000Z,0.00298,0x79e12fdb98653ba4e2608bd1b7ed3998f638a9be,buy,0x1bcbc54166f6ba149934870b60506199b6c9db6d,0x8512dca9c85f00bb28a185da346db0d3894f5196b7bad31b8d321134accf51bd
217,160.3003540527,0.476092051536519,0xdc433e5013620e06c2c0cedfc816f872ae95288e,2017-09-23T09:32:40.000Z,0.00297,0x1ed014aec47fae44c9e55bac7662c0b78ae61798,sell,0x1bcbc54166f6ba149934870b60506199b6c9db6d,0x487ce13b6efb22bafed39a0a93128f72a2d6e65c17870a9f762189b156b958ba
218,100,0.298,0x4c8981d5b40c7e7a62baee91faf0249a284086c2,2017-09-22T20:36:48.000Z,0.00298,0x79e12fdb98653ba4e2608bd1b7ed3998f638a9be,buy,0x1bcbc54166f6ba149934870b60506199b6c9db6d,0x8bc7df8a9b8e9c017be66c0b4d5d89f771bb447378c38a2d54514c7c518e8a18
219,10,0.03001,0xdc433e5013620e06c2c0cedfc816f872ae95288e,2017-09-22T17:05:37.000Z,0.003001,0x63baa98a3e1fddead5b2abefee56ded3e67c6feb,buy,0x1bcbc54166f6ba149934870b60506199b6c9db6d,0xb40ebffddbe55c10d2241c72da0b90b084104a46a1db2fec011666c5495b31fb
220,1,0.00298,0x1b8db49e71036a75ea4ed7f3a2e18aabb3dd56ec,2017-09-22T16:34:01.000Z,0.00298,0x79e12fdb98653ba4e2608bd1b7ed3998f638a9be,buy,0x1bcbc54166f6ba149934870b60506199b6c9db6d,0xdf2eeac3499b38aec7e05db60943e9d7c1109e67bc98b2447f83241df02b3261
221,2492.2739507526,5.48300269165572,0xa6d416184336cca263dc2edc9fd3c17a04783113,2017-09-22T16:27:51.000Z,0.0022,0xd6d44dcfabd73d1089e200557603db70e0b179b3,sell,0x1bcbc54166f6ba149934870b60506199b6c9db6d,0x925e6d50dbc80e86f3ce0e5ba9034fe1c7b67570d2549d93c2918f3fc64362b0
222,0.1666111296,0.0005,0x999dbc9673afdd6b6c140c261297f89de35ff1b3,2017-09-22T06:30:04.000Z,0.0030010000004225407,0x63baa98a3e1fddead5b2abefee56ded3e67c6feb,buy,0x1bcbc54166f6ba149934870b60506199b6c9db6d,0x944c4080b672e774512bdfa20b82edb6b3e2f4010f45e6d636188ccf8bf1295d
223,0.1612903225,0.0005,0x999dbc9673afdd6b6c140c261297f89de35ff1b3,2017-09-22T05:38:17.000Z,0.00310000000155,0x1ed4d325b725eae8ed0c7aee56f0dd5dd3d68fa6,buy,0x1bcbc54166f6ba149934870b60506199b6c9db6d,0xc15db3864f0cf5ccfaa847179d0bed8d4fd3b1a54e100dc2d9aba7eccc21c6d4
224,0.1612903225,0.0005,0x8612d2a48328bbf318b856ed0daaa4a7034383d0,2017-09-22T05:29:09.000Z,0.00310000000155,0x1ed4d325b725eae8ed0c7aee56f0dd5dd3d68fa6,buy,0x1bcbc54166f6ba149934870b60506199b6c9db6d,0xa1c1845992fa806916336fbcff930db9b7e4c26ad53301aa72c273d8f305715a
225,0.1612903225,0.0005,0x10c12555236fa11fc988be565ab70c82a4660ecf,2017-09-22T05:29:07.000Z,0.00310000000155,0x1ed4d325b725eae8ed0c7aee56f0dd5dd3d68fa6,buy,0x1bcbc54166f6ba149934870b60506199b6c9db6d,0x08347a25521c3a4cd203ef0541207e6f8e59e20d24b1dc3225b6692dcfa418dd
226,0.1612903225,0.0005,0x8f28b1970e72adb11173044ebc762800e3128238,2017-09-22T05:14:41.000Z,0.00310000000155,0x1ed4d325b725eae8ed0c7aee56f0dd5dd3d68fa6,buy,0x1bcbc54166f6ba149934870b60506199b6c9db6d,0xb0b3b88add70595235e5e3f725d020e8300afe7782ce30d594cd341f414d9fb2
227,0.1612903225,0.0005,0x7ed2114439b24152cf18c02c10cae681a7ca2adc,2017-09-22T05:13:36.000Z,0.00310000000155,0x1ed4d325b725eae8ed0c7aee56f0dd5dd3d68fa6,buy,0x1bcbc54166f6ba149934870b60506199b6c9db6d,0x25b23f0fff1ce7624af59bb733cad0aa1d3372b403b9e1f69f9d4b6f72e8a18a
228,0.1612903225,0.0005,0x03dd03643b71b06642179afb38211c0f45699bc5,2017-09-22T05:05:59.000Z,0.00310000000155,0x1ed4d325b725eae8ed0c7aee56f0dd5dd3d68fa6,buy,0x1bcbc54166f6ba149934870b60506199b6c9db6d,0x6e5d8be79fc9a7ce779b288856afbace6121195479f847bfb20a07b6ee93f5b6
229,1450,1.45,0x0644c1a6d61e0994c73c86febdf64ec8432b1013,2017-09-22T04:36:25.000Z,0.001,0x50f3d360eee905dd462d3834b7070fe96c6769b9,sell,0x1bcbc54166f6ba149934870b60506199b6c9db6d,0xb881f170609133ba50121c0cc756e4f4124175b4e35c6c9126ef5d2fb8740bb7
230,0.3975314845,0.0003975314845,0x0644c1a6d61e0994c73c86febdf64ec8432b1013,2017-09-22T01:02:50.000Z,0.001,0x1ed4d325b725eae8ed0c7aee56f0dd5dd3d68fa6,sell,0x1bcbc54166f6ba149934870b60506199b6c9db6d,0xc69421658a60e4fdbde835965bdaf69770042464298959605fb821c04aaf5191
231,3987.6383212042,7.9752766424084,0x0644c1a6d61e0994c73c86febdf64ec8432b1013,2017-09-22T00:33:53.000Z,0.002,0x1ed4d325b725eae8ed0c7aee56f0dd5dd3d68fa6,sell,0x1bcbc54166f6ba149934870b60506199b6c9db6d,0xd7f4cb4ebd387a45dd5745eb2755282cbbfeee37b67a327900e3cb23ac35a17c
232,16000,32,0x0644c1a6d61e0994c73c86febdf64ec8432b1013,2017-09-21T23:57:28.000Z,0.002,0x50f3d360eee905dd462d3834b7070fe96c6769b9,sell,0x1bcbc54166f6ba149934870b60506199b6c9db6d,0x049ad4aaab08333396441b21ccf36ec4f5081a6deda50a2982022564388be864
233,100,0.216,0x5d26ca4ee3be471a4c5eeccb3bac220603387c77,2017-09-21T20:13:39.000Z,0.00216,0x50f3d360eee905dd462d3834b7070fe96c6769b9,sell,0x1bcbc54166f6ba149934870b60506199b6c9db6d,0xa00d6df5b5bc53668f06dd63904aa884703e9e7f15f58eb2c903e2a0a1866eea
234,1000,2.5,0xa6d416184336cca263dc2edc9fd3c17a04783113,2017-09-21T20:02:40.000Z,0.0025,0x50f3d360eee905dd462d3834b7070fe96c6769b9,sell,0x1bcbc54166f6ba149934870b60506199b6c9db6d,0xe8327e44b6b52eaaccc17eb35e4c4a642d65c6955f9988eee8073e29b8f21812
235,10,0.07,0x50f3d360eee905dd462d3834b7070fe96c6769b9,2017-09-21T19:59:34.000Z,0.007,0x79e12fdb98653ba4e2608bd1b7ed3998f638a9be,buy,0x1bcbc54166f6ba149934870b60506199b6c9db6d,0xcd0da04e00e3c82a7aae43fa6f6945019906e13c88bb5e8fc5128fc47036e15f
236,1000,2.5,0xa6d416184336cca263dc2edc9fd3c17a04783113,2017-09-21T19:55:05.000Z,0.0025,0x50f3d360eee905dd462d3834b7070fe96c6769b9,sell,0x1bcbc54166f6ba149934870b60506199b6c9db6d,0xc5db13fc6d74701aa345702743613e760381263788bc3e5d280d3bfb6d1a02f7
237,1000,3.78,0xa6d416184336cca263dc2edc9fd3c17a04783113,2017-09-21T19:46:10.000Z,0.00378,0x50f3d360eee905dd462d3834b7070fe96c6769b9,buy,0x1bcbc54166f6ba149934870b60506199b6c9db6d,0x838d1b62fd5c6160b4a894f2b258c5bf7be7b58e6e85cddcad815a1037aa1e25
238,1,0.007,0x01a7d3124eb5b6c85822d92b5bda3212d51ee63d,2017-09-21T16:06:20.000Z,0.007,0x79e12fdb98653ba4e2608bd1b7ed3998f638a9be,buy,0x1bcbc54166f6ba149934870b60506199b6c9db6d,0x859f9e31d79e1b9f6dd51b52b02b8c277c47cc4abd13f737756c9533ca5d95d4
239,100,0.67,0x63baa98a3e1fddead5b2abefee56ded3e67c6feb,2017-09-21T16:01:14.000Z,0.0067,0x6a1e89b3e288308920334c90752ec6ece1f52a19,buy,0x1bcbc54166f6ba149934870b60506199b6c9db6d,0xf260afde15a46018e5ac5101063d02f412ecc4fa197ac678001e9ccc979ec65c
240,500,3,0x79e12fdb98653ba4e2608bd1b7ed3998f638a9be,2017-09-21T15:51:12.000Z,0.006,0x50f3d360eee905dd462d3834b7070fe96c6769b9,buy,0x1bcbc54166f6ba149934870b60506199b6c9db6d,0x54386619bd68182d9e57106f432e42d79262041e6e94632966800b4be0240938
241,100,0.65,0x50f3d360eee905dd462d3834b7070fe96c6769b9,2017-09-21T15:40:36.000Z,0.0065,0x63baa98a3e1fddead5b2abefee56ded3e67c6feb,buy,0x1bcbc54166f6ba149934870b60506199b6c9db6d,0xf26a11e07d9c527b14771397a12b391575af0bd47459dd0a301bef8c05d9b707
242,242.3386871298,1.47826599149178,0x50f3d360eee905dd462d3834b7070fe96c6769b9,2017-09-21T15:36:34.000Z,0.0061,0x79e12fdb98653ba4e2608bd1b7ed3998f638a9be,buy,0x1bcbc54166f6ba149934870b60506199b6c9db6d,0x02507f44e8e26bdee99342b376cd4514360931e517b501a42e67ee3c63a2e5e0
243,1155,1.7325,0x6a1e89b3e288308920334c90752ec6ece1f52a19,2017-09-21T15:25:29.000Z,0.0015,0x50f3d360eee905dd462d3834b7070fe96c6769b9,sell,0x1bcbc54166f6ba149934870b60506199b6c9db6d,0xf8a1364604c7e5ebea23152e73c1c81b98a2990a206a610ed5c1c295c0a98bd3
244,242.3386871298,1.47826599149178,0x79e12fdb98653ba4e2608bd1b7ed3998f638a9be,2017-09-21T15:05:57.000Z,0.0061,0x79e12fdb98653ba4e2608bd1b7ed3998f638a9be,buy,0x1bcbc54166f6ba149934870b60506199b6c9db6d,0xc6e4e2b242e7a0680a329cd471a810ca170be59e5653a817f5bf4f7f58810d12
245,199.195,1.3824133,0x63baa98a3e1fddead5b2abefee56ded3e67c6feb,2017-09-21T14:07:05.000Z,0.00694,0x50f3d360eee905dd462d3834b7070fe96c6769b9,buy,0x1bcbc54166f6ba149934870b60506199b6c9db6d,0x5d019e2a03bbdf6d5a32c8ca909cf91dbd1d2e99e91cdb6e75090cb676dedccb
246,1993.8192596779,1.9938192596779,0x0644c1a6d61e0994c73c86febdf64ec8432b1013,2017-09-21T13:53:48.000Z,0.001,0x63baa98a3e1fddead5b2abefee56ded3e67c6feb,sell,0x1bcbc54166f6ba149934870b60506199b6c9db6d,0xe281d1951b159d4e9562ad592b0224c6cfd86a471077cfaa919f8157670f5545
247,0.9938287113,0.0009938287113,0x0644c1a6d61e0994c73c86febdf64ec8432b1013,2017-09-21T13:48:18.000Z,0.001,0x63baa98a3e1fddead5b2abefee56ded3e67c6feb,sell,0x1bcbc54166f6ba149934870b60506199b6c9db6d,0x8dfaeb957a95e51af46b54695c4e3c1c7a6ae531b7481f288ae532dde3c98c64
248,200,1.328,0x63baa98a3e1fddead5b2abefee56ded3e67c6feb,2017-09-21T13:47:54.000Z,0.00664,0x50f3d360eee905dd462d3834b7070fe96c6769b9,buy,0x1bcbc54166f6ba149934870b60506199b6c9db6d,0x75147d7fb2e50c0878289c78314e5600e03968a2e3241e3db403cdf5883f563e
249,9969.0958030106,19.9381916060212,0x0644c1a6d61e0994c73c86febdf64ec8432b1013,2017-09-21T13:43:26.000Z,0.002,0x63baa98a3e1fddead5b2abefee56ded3e67c6feb,sell,0x1bcbc54166f6ba149934870b60506199b6c9db6d,0xa9ceb94a877de3997b8d86d44781721c931a8b899a17cfd152f4b077ac441545
250,930,1.9995,0x6a1e89b3e288308920334c90752ec6ece1f52a19,2017-09-21T13:26:37.000Z,0.00215,0x79e12fdb98653ba4e2608bd1b7ed3998f638a9be,sell,0x1bcbc54166f6ba149934870b60506199b6c9db6d,0xe271e110311bdbc96135e3d96175ba9988e8b1247c63cf7ef3ff504ed7fd0a5e
251,1,0.004,0xd6f29f2fb0a1dc783aeab42ce7ce9276f8e14a54,2017-09-21T03:51:16.000Z,0.004,0x79e12fdb98653ba4e2608bd1b7ed3998f638a9be,buy,0x1bcbc54166f6ba149934870b60506199b6c9db6d,0x793df441daad1d467549e8f5a5f667103aa8d0832a79b67c31865d850b09e99b
252,0.8049973037,0.005586681288007177,0x79e12fdb98653ba4e2608bd1b7ed3998f638a9be,2017-09-21T03:18:34.000Z,0.006940000000408917,0x50f3d360eee905dd462d3834b7070fe96c6769b9,buy,0x1bcbc54166f6ba149934870b60506199b6c9db6d,0xd18d1c4f447d49b0fbe7ca8623c2dde5fa03dbe8d46649ad1ff2fe6e85ed0b85
253,20,0.132,0x79e12fdb98653ba4e2608bd1b7ed3998f638a9be,2017-09-21T01:52:52.000Z,0.0066,0x50f3d360eee905dd462d3834b7070fe96c6769b9,buy,0x1bcbc54166f6ba149934870b60506199b6c9db6d,0x441a5778b0be3f08a51bf810320da40d5c6913365ae82498ef881fd6e70a32c5
254,1.1385004132,0.02396839379975407,0x79e12fdb98653ba4e2608bd1b7ed3998f638a9be,2017-09-21T01:30:21.000Z,0.021052600000720026,0x859b2b294b5e9afb1d7cd187b4ff3b67e2625db1,buy,0x1bcbc54166f6ba149934870b60506199b6c9db6d,0xb1bcef449925a993bd2707551b6ac4a0b001dca77b893bcd4f27006fd319e1e9
255,60,0.46386,0x79e12fdb98653ba4e2608bd1b7ed3998f638a9be,2017-09-21T01:08:12.000Z,0.007731,0x79e12fdb98653ba4e2608bd1b7ed3998f638a9be,buy,0x1bcbc54166f6ba149934870b60506199b6c9db6d,0x3898e054f35bcbfc8b5f891cca9b86f84de40ca9481dbf04cf4ffccc81b19398
256,9969.0958030106,19.9381916060212,0x0644c1a6d61e0994c73c86febdf64ec8432b1013,2017-09-21T00:34:16.000Z,0.002,0x01a7d3124eb5b6c85822d92b5bda3212d51ee63d,sell,0x1bcbc54166f6ba149934870b60506199b6c9db6d,0xb1c8b6638fdce27689ca6d2a1d23ef09eb742f7b745ccb2c0f4781cd96aa98a2
257,4.8614995867,0.10234720620024593,0xc38f2745731d2fa3d4d60726546f20efe7b2d261,2017-09-20T22:45:04.000Z,0.021052600000264425,0x859b2b294b5e9afb1d7cd187b4ff3b67e2625db1,buy,0x1bcbc54166f6ba149934870b60506199b6c9db6d,0xbf1b55a168dd7d81e5cf1025a4d2d0b9e6ee23b480c11b6f419c25457d2d9ebd
258,5,0.105263,0x79e12fdb98653ba4e2608bd1b7ed3998f638a9be,2017-09-20T22:07:03.000Z,0.0210526,0x859b2b294b5e9afb1d7cd187b4ff3b67e2625db1,buy,0x1bcbc54166f6ba149934870b60506199b6c9db6d,0xba12363ade42e26e6bcd735adabec086b6ae279084701aa5797c7affe164bc76
259,20,0.15462,0x79e12fdb98653ba4e2608bd1b7ed3998f638a9be,2017-09-20T21:25:04.000Z,0.007731,0x79e12fdb98653ba4e2608bd1b7ed3998f638a9be,buy,0x1bcbc54166f6ba149934870b60506199b6c9db6d,0x2a0373b40af8793dcbea904b7b0f5859f2c1037974f18bd2b168bfa6ac75f882
260,10,0.07731,0x79e12fdb98653ba4e2608bd1b7ed3998f638a9be,2017-09-20T17:48:29.000Z,0.007731,0x79e12fdb98653ba4e2608bd1b7ed3998f638a9be,buy,0x1bcbc54166f6ba149934870b60506199b6c9db6d,0xe2cda49276a3c2db796d23cbf0b0fc9bcb1ba94830070b6a92915b75668981c8
261,10,0.07731,0x79e12fdb98653ba4e2608bd1b7ed3998f638a9be,2017-09-20T17:43:19.000Z,0.007731,0x79e12fdb98653ba4e2608bd1b7ed3998f638a9be,buy,0x1bcbc54166f6ba149934870b60506199b6c9db6d,0x9a09185b6f0e073ecb8f9f4a2db3d7d7482dbf845690e6c18d6e258026b25fa3
262,305,0.65575,0x6a1e89b3e288308920334c90752ec6ece1f52a19,2017-09-20T17:23:48.000Z,0.00215,0x79e12fdb98653ba4e2608bd1b7ed3998f638a9be,sell,0x1bcbc54166f6ba149934870b60506199b6c9db6d,0xf55586c143cfe47e2768819b445b0bcddf1a34496995294cf75e53d32b824dc7
263,10,0.07731,0x79e12fdb98653ba4e2608bd1b7ed3998f638a9be,2017-09-20T16:02:30.000Z,0.007731,0x79e12fdb98653ba4e2608bd1b7ed3998f638a9be,buy,0x1bcbc54166f6ba149934870b60506199b6c9db6d,0xc1f507a20f0dbac1cb074d313f4d17e3dbd56f47e01e61e19f40ca533a98bfa4
264,1001.8941282025,2.003788256405,0x0644c1a6d61e0994c73c86febdf64ec8432b1013,2017-09-20T14:55:56.000Z,0.002,0x79e12fdb98653ba4e2608bd1b7ed3998f638a9be,sell,0x1bcbc54166f6ba149934870b60506199b6c9db6d,0x9b405a5ab775b056c202a932fbd01dbfc8062ca962af9341755a1d469eac9421
265,0.0046727923,0.0000093455846,0x0644c1a6d61e0994c73c86febdf64ec8432b1013,2017-09-20T14:41:20.000Z,0.002,0xc38f2745731d2fa3d4d60726546f20efe7b2d261,sell,0x1bcbc54166f6ba149934870b60506199b6c9db6d,0xb3a10e55b4a7a219ad8c09a6ba15b23eb91b0cf2bb239c25bac8eb7934bd7204
266,0.0000099076,0.0000000198152,0x0644c1a6d61e0994c73c86febdf64ec8432b1013,2017-09-20T00:28:26.000Z,0.002,0x52da5b9a5fe17abb0720544c1e45f9d3cf5d937b,sell,0x1bcbc54166f6ba149934870b60506199b6c9db6d,0x9d513e5e6aee492ba2ecd44db5c9d19ccff942551056ed18261f316a10b01cfd
267,0.0993828711,0.0001987657422,0x0644c1a6d61e0994c73c86febdf64ec8432b1013,2017-09-19T22:56:58.000Z,0.002,0x52da5b9a5fe17abb0720544c1e45f9d3cf5d937b,sell,0x1bcbc54166f6ba149934870b60506199b6c9db6d,0xa785cdb835eb7598c7ab62f38b5f51c405e0d4a88c653398243afabc5665d3ae
268,996.909580301,1.993819160602,0x0644c1a6d61e0994c73c86febdf64ec8432b1013,2017-09-19T22:54:49.000Z,0.002,0x52da5b9a5fe17abb0720544c1e45f9d3cf5d937b,sell,0x1bcbc54166f6ba149934870b60506199b6c9db6d,0x2b779bbc86ecec8327457483895349b35d2c7a9cb7f63160925cacd40ca8d82e
269,46.8727783269,0.0937455566538,0x0644c1a6d61e0994c73c86febdf64ec8432b1013,2017-09-19T22:13:08.000Z,0.002,0xc38f2745731d2fa3d4d60726546f20efe7b2d261,sell,0x1bcbc54166f6ba149934870b60506199b6c9db6d,0x4d6d7b68dbc852af096ba77fdf4374cf30a2e49b4bef254d65abab9e134772da
270,1200,3.6,0x0644c1a6d61e0994c73c86febdf64ec8432b1013,2017-09-19T21:43:53.000Z,0.003,0xc38f2745731d2fa3d4d60726546f20efe7b2d261,sell,0x1bcbc54166f6ba149934870b60506199b6c9db6d,0x072a9aa634b36824f3aecb8523704a3f84449cbed5c650a4a0a6404670990811
271,199.3819160602,0.9969095803010667,0x0644c1a6d61e0994c73c86febdf64ec8432b1013,2017-09-19T19:00:18.000Z,0.005000000000000335,0xc38f2745731d2fa3d4d60726546f20efe7b2d261,buy,0x1bcbc54166f6ba149934870b60506199b6c9db6d,0xa7b3c5d8c0c860fbab68e481380bc8dceb696af52091a8539a2e3a74143a30f8
