,amount,amountBase,buyer,date,price,seller,side,tokenAddr,txHash
0,16.666666666666668,0.0005,0x4fda9e6bcd83af6c5cc771b5d20accc2b7720074,2017-11-02T10:47:24.000Z,0.00003,0x4d4f1d5ab3847a73283190382b7b8cb9ee672048,buy,0xebc86d834756621444a8a26b4cf81b625fe310cd,0xb004c108832b50dc12c40f63b8d44e1344965cbf1dc91d089df661a6e5cc4a54
1,16.666666666666668,0.0005,0x3075f7f189912f4f425dd7021b9c396434197477,2017-11-02T10:24:50.000Z,0.00003,0x4d4f1d5ab3847a73283190382b7b8cb9ee672048,buy,0xebc86d834756621444a8a26b4cf81b625fe310cd,0x61fcb49e79d52c1d4be3f838191982ad0e1b9ff18653c2acf985c51c5ebab7ce
2,1440,0.036,0x008cd39b569505e006ec93689add83999e96ab12,2017-11-02T06:40:55.000Z,0.000025,0xb89cba04266d1ef91c42cbe7d90ef60e79ca9ffc,buy,0xebc86d834756621444a8a26b4cf81b625fe310cd,0x0a7bb751abc7b36904a3a4a2da80b5b05d03e050373a5a40dd3971d2fb0ea53d
3,598.14574818064,0.01012122420496461,0x50f1208ecc1147d3b92192f423b5163b1bed31d6,2017-11-02T05:25:36.000Z,0.00001692099999999999,0x88216428e5d63491e66711051e37eb47e7cda8d3,sell,0xebc86d834756621444a8a26b4cf81b625fe310cd,0x5d5af062b6a9adcc609b96897471d141aa65c53381345048c4b58ed51d88b1d3
4,27.941869869541144,0.000878771807397069,0x7102f09bc19df4bc71aa39c85c7f390704da2078,2017-11-01T14:57:15.000Z,0.00003145,0xcefc1192af91ffb45b2f2a84ac9cd03eba8ee236,buy,0xebc86d834756621444a8a26b4cf81b625fe310cd,0x3b8f7a03375004b7630198e96a94b302c72cfd5af27a2f21d2632f7dd5666e59
5,1000,0.0319,0xa03cbeeeead4346c01f0d4f959f93835377f9988,2017-11-01T10:28:10.000Z,0.0000319,0xcefc1192af91ffb45b2f2a84ac9cd03eba8ee236,buy,0xebc86d834756621444a8a26b4cf81b625fe310cd,0x1bec7e8fcc132da8fb552411b34b8ca749834716ff24a403b2a3691a8347c6d6
6,1500,0.04785,0xb89cba04266d1ef91c42cbe7d90ef60e79ca9ffc,2017-11-01T10:22:16.000Z,0.0000319,0xcefc1192af91ffb45b2f2a84ac9cd03eba8ee236,buy,0xebc86d834756621444a8a26b4cf81b625fe310cd,0x84d8c1f3ac8051c72cb6099b5e8f68267867f587ae9ed41d68bb6986ee76507a
7,5000,0.145,0xc05eb25915a202c6ac9f3d9c11ab4044b6c25326,2017-11-01T07:15:46.000Z,0.000029,0x9d413c9f3650b2d7a264373bc89c457a05dedcae,buy,0xebc86d834756621444a8a26b4cf81b625fe310cd,0x1c014b16ef6bd3e04f6c8bb90bcea06045b91f071ab394415ed1453d22db8da6
8,100.47452896022331,0.002010495324494068,0x287fd313b8562ee7c1d5688fa1aa33c2c30af788,2017-11-01T02:11:25.000Z,0.00002000999999999999,0xc8cd137d8ad0646de03b86316bcf5ecca9e9b401,sell,0xebc86d834756621444a8a26b4cf81b625fe310cd,0xc3af28275784dcbc400b9524b393a78c86ac96ade34ed49206adda7b8ebc24eb
9,2233.3685640912827,0.0426573395741435,0x8476c9f9dd2b2337b1957c92e45880a9593d1688,2017-10-31T23:11:46.000Z,0.00001909999999999999,0x81e6b15acf463ca72c4dd9aebee375305b06e20e,sell,0xebc86d834756621444a8a26b4cf81b625fe310cd,0x42136818301f64791d9fe6ed781aae144452be56126f69d6369e55e37e409c2b
10,996.9095803010667,0.019040972983750373,0x8476c9f9dd2b2337b1957c92e45880a9593d1688,2017-10-31T21:17:45.000Z,0.00001909999999999999,0x38f5ecbd20276178d8cf7453aab347260c9cdea7,sell,0xebc86d834756621444a8a26b4cf81b625fe310cd,0x42b61a721769b21a6b5ce594404f25a031e889dc633fbd672a08c62bc3539834
11,3489.1835310537335,0.0666434054431263,0x8476c9f9dd2b2337b1957c92e45880a9593d1688,2017-10-31T20:29:47.000Z,0.00001909999999999999,0x38cde1ef8b525264ac033d40ca97343eccdf3a70,sell,0xebc86d834756621444a8a26b4cf81b625fe310cd,0x83c9f52a9c0bd128f93169be7335be4f920ae30e65d8d3460ae50f6e650ece1b
12,3489.1835310537335,0.0666434054431263,0x8476c9f9dd2b2337b1957c92e45880a9593d1688,2017-10-31T20:11:54.000Z,0.00001909999999999999,0x54b346609d4d733e0caf4d51465680626b4ddaaf,sell,0xebc86d834756621444a8a26b4cf81b625fe310cd,0xa5ff51e9ba300ff36640ceae3c1d2fabeb0174bff29ff2ce7ef97eb35aaf15df
13,15299.398748851676,0.292218516103067,0x8476c9f9dd2b2337b1957c92e45880a9593d1688,2017-10-31T19:03:54.000Z,0.00001909999999999999,0xca8ed40a1f30ce94fe78f9b12b81d7b3c288fa05,sell,0xebc86d834756621444a8a26b4cf81b625fe310cd,0x02199e55bbd373efe5ebbded676f7ab85fa3fdaaa12b943c0b5eefbfe4e91f7b
14,0.2981486133888147,0.00000596595375391,0x287fd313b8562ee7c1d5688fa1aa33c2c30af788,2017-10-31T14:09:25.000Z,0.00002000999999999939,0xdbf1e775c06010785fcf4224ddeefcc64af1e2b4,sell,0xebc86d834756621444a8a26b4cf81b625fe310cd,0xce9424e569ef08993f4df2369a75926a89ebab281ab66647d184e455624d8dd6
15,2990.7287409032,0.05984448210547303,0x287fd313b8562ee7c1d5688fa1aa33c2c30af788,2017-10-31T14:07:46.000Z,0.00002000999999999999,0xdbf1e775c06010785fcf4224ddeefcc64af1e2b4,sell,0xebc86d834756621444a8a26b4cf81b625fe310cd,0x59ee8b90eeca5d30335145db39794d7a48a07474f416c0e7358232ee6892fb42
16,2000,0.0638,0x80678d49f8ef7afd19f168a7931aeec365387a04,2017-10-31T11:22:23.000Z,0.0000319,0xcefc1192af91ffb45b2f2a84ac9cd03eba8ee236,buy,0xebc86d834756621444a8a26b4cf81b625fe310cd,0x5b02768ec64e0b89c8057efb4dee84fbbf9a3e5ebcb1ca7a1559f6329cb13e5e
17,8759.707993360034,0.2277524078273609,0x4582c009abb44d1bb9104aa2b436b41448f97600,2017-10-31T09:50:39.000Z,0.000026,0x81e6b15acf463ca72c4dd9aebee375305b06e20e,buy,0xebc86d834756621444a8a26b4cf81b625fe310cd,0x5b0d7cb934f5681ae73fd57c0388d126a76d84de87f972b5d5bf00b7ab099526
18,847.3731432559067,0.016955936596550692,0x287fd313b8562ee7c1d5688fa1aa33c2c30af788,2017-10-31T06:35:03.000Z,0.00002000999999999999,0x808794aa3a7b2ccbef5899c08f686635a5d8a4e9,sell,0xebc86d834756621444a8a26b4cf81b625fe310cd,0x7386218a4bd90fc293d00b4c10c3efe05008dd4b5182f147e3fc4f558d1e3bc0
19,99.69095803010667,0.001993819160602133,0x4582c009abb44d1bb9104aa2b436b41448f97600,2017-10-30T22:47:13.000Z,0.00001999999999999999,0xf82c7c1503a06fcf927ee401a7b868bf067715f8,sell,0xebc86d834756621444a8a26b4cf81b625fe310cd,0x1258013e233f8ad7d5868f909efae8314e6f7e3d5ee67d791d1f3e4f33325ae8
20,5764.086466549907,0.11009405151110321,0x8476c9f9dd2b2337b1957c92e45880a9593d1688,2017-10-30T20:36:00.000Z,0.00001909999999999999,0xb38bc467ab6d5ff0dd261828682eaa169feacb80,sell,0xebc86d834756621444a8a26b4cf81b625fe310cd,0xe21635c0648b3008f6a368ad8bf860cb34eb5ae94ba0cff1a28c4399aaa5201c
21,11000,0.22,0x81e6b15acf463ca72c4dd9aebee375305b06e20e,2017-10-30T20:35:02.000Z,0.00002,0xb38bc467ab6d5ff0dd261828682eaa169feacb80,sell,0xebc86d834756621444a8a26b4cf81b625fe310cd,0xef6aea06595f5dbfb56156648ee0d1239b3a014f545464b19a6a029bc40ee139
22,2470.6625186495357,0.06423722548488793,0x9d413c9f3650b2d7a264373bc89c457a05dedcae,2017-10-30T07:04:57.000Z,0.00002599999999999999,0x50af1719afddfd539fbc0b53b0be582f5b7b9abf,sell,0xebc86d834756621444a8a26b4cf81b625fe310cd,0x770b255ea9c132ecb3b8255d1c362a87b50d3cfd41aa6ebf5b1df4cd732917c6
23,18.5317652988988,0.000481825897771368,0x9d413c9f3650b2d7a264373bc89c457a05dedcae,2017-10-30T02:20:32.000Z,0.00002599999999999995,0x379374d13077e8867ef31803c37baf9785a17c00,sell,0xebc86d834756621444a8a26b4cf81b625fe310cd,0x9d31a2e26e5814d86e08f1f32b056f518e7db07362efaed86400075b0afd930f
24,18.5317652988988,0.000481825897771368,0x9d413c9f3650b2d7a264373bc89c457a05dedcae,2017-10-30T02:19:56.000Z,0.00002599999999999995,0x16e5d97bbc92417e051e3b2cabfbf8ceea2acb9c,sell,0xebc86d834756621444a8a26b4cf81b625fe310cd,0x2721ffb6f913d48589a22f248b9b9e1714d36a79e28a0897c5921c0d6a7687fb
25,2492.2739507526667,0.06479912271956934,0x9d413c9f3650b2d7a264373bc89c457a05dedcae,2017-10-30T02:17:49.000Z,0.00002599999999999999,0x243d25fa46782c9bcd20f306894f6774e095cfc5,sell,0xebc86d834756621444a8a26b4cf81b625fe310cd,0x09bd49c9f4a0e123e8c502819cc4ec124642d9fd82b8d8ce9c1ea3710ad87f42
26,4000,0.128,0x287fd313b8562ee7c1d5688fa1aa33c2c30af788,2017-10-29T23:38:21.000Z,0.000032,0x50af1719afddfd539fbc0b53b0be582f5b7b9abf,sell,0xebc86d834756621444a8a26b4cf81b625fe310cd,0x94ee4b6b722d2ee918a0ca8901c2f075b37eb3deed50eaf0077a0e32791e0d29
27,9500,0.30495,0x1d8a54cca8c998af9ed83d5c4b548229e9336c8d,2017-10-29T23:36:16.000Z,0.0000321,0x50af1719afddfd539fbc0b53b0be582f5b7b9abf,sell,0xebc86d834756621444a8a26b4cf81b625fe310cd,0x914a663d5ff26b2469a3418b759835adc99709900b780de4979f6618e28fb435
28,200,0.00756,0xc5847b34697e2ec7887f42fc171402ba0c977466,2017-10-29T22:52:36.000Z,0.0000378,0x824aa636f944a939cecd2e4ec8cf7531d9d4ceb7,buy,0xebc86d834756621444a8a26b4cf81b625fe310cd,0xb47a527e1f92947ddc170fcd1c41e16b00bb13d8b2022bcf4fac6a08e184aebf
29,2999,0.1124625,0x4582c009abb44d1bb9104aa2b436b41448f97600,2017-10-29T22:20:34.000Z,0.0000375,0xbbf69fa9c82932f3fbb3cff55c00c15378a609ba,buy,0xebc86d834756621444a8a26b4cf81b625fe310cd,0xf0bdae42cbe06ba1b59cde544e6aefa41adf01c0755375702b2496291c9f88a9
30,968.8710602532234,0.03032566418592589,0x1d8a54cca8c998af9ed83d5c4b548229e9336c8d,2017-10-29T20:33:09.000Z,0.00003129999999999999,0xd29efd58596feaac4398b8d20803c5c8af1d868c,sell,0xebc86d834756621444a8a26b4cf81b625fe310cd,0xfbe635ddc355171be5964fe721c3bb65f6ae2702f3b4f1c1af440f90cd676de3
31,1096.9965790726249,0.03301959703008601,0x1d8a54cca8c998af9ed83d5c4b548229e9336c8d,2017-10-29T19:40:56.000Z,0.00003009999999999999,0x7947c781725b5a8896ac21de852b02a9f6258858,sell,0xebc86d834756621444a8a26b4cf81b625fe310cd,0xdef03eb378afc7f161dd9e810c67feea9f0a2c97cc5eeb9cbd36e777a90fc16a
32,804.6476143953744,0.02092083797427973,0x4582c009abb44d1bb9104aa2b436b41448f97600,2017-10-29T18:58:42.000Z,0.00002599999999999999,0xb8da992e13e98f837a37d1b877521b1f993859cb,sell,0xebc86d834756621444a8a26b4cf81b625fe310cd,0xc611cd16292bcd28a03618926e7aad365a1946966e0977854e313126497d704a
33,1000,0.035,0x4582c009abb44d1bb9104aa2b436b41448f97600,2017-10-29T18:33:31.000Z,0.000035,0x5da59f4d333b75128e863af6edfda1ab8fb6b479,buy,0xebc86d834756621444a8a26b4cf81b625fe310cd,0xef9ab5e6eff297030935a0cb2909707af7362be53fb3474e60e336d8fb0c112c
34,306,0.007956306,0xa73de997a32a8f9bcefecc918c4aa607030761b8,2017-10-29T17:06:41.000Z,0.000026001,0x1d8a54cca8c998af9ed83d5c4b548229e9336c8d,sell,0xebc86d834756621444a8a26b4cf81b625fe310cd,0x9906a634ec78a87acbbf15732c033b9bfb7dc8b2ee608c92767b82b3082c597f
35,2000,0.052,0x543a235a9515b2b10489bccd1a0287f34df5848c,2017-10-29T16:53:50.000Z,0.000026,0xa73de997a32a8f9bcefecc918c4aa607030761b8,sell,0xebc86d834756621444a8a26b4cf81b625fe310cd,0x9a14b1cf32bfdcffdc69848dee99dd057ef55dc8d087dcd1e31971ec81970b89
36,3000,0.114,0x287fd313b8562ee7c1d5688fa1aa33c2c30af788,2017-10-29T13:23:44.000Z,0.000038,0xcefc1192af91ffb45b2f2a84ac9cd03eba8ee236,buy,0xebc86d834756621444a8a26b4cf81b625fe310cd,0xf17aab3b9e87460ed3b0da4a79f4b401aa03055ba7c9e13687a5a4c0c811a69a
37,1000,0.03799,0x4582c009abb44d1bb9104aa2b436b41448f97600,2017-10-29T13:21:55.000Z,0.00003799,0x213f01a98c07c24782aeedf701261abb110a1045,buy,0xebc86d834756621444a8a26b4cf81b625fe310cd,0xa4054e8b50b7ca56e90e77cc622e9ce5bfa1f85c45e6334d3d6966f99f777fd1
38,2630,0.08942,0x4582c009abb44d1bb9104aa2b436b41448f97600,2017-10-29T13:21:31.000Z,0.000034,0x9d413c9f3650b2d7a264373bc89c457a05dedcae,buy,0xebc86d834756621444a8a26b4cf81b625fe310cd,0xf9f57327d5e7d9cf2cd2aa48b528b238704c0676ac7ff48ad831d2db6efe0f3e
39,1000,0.031,0x4582c009abb44d1bb9104aa2b436b41448f97600,2017-10-29T13:21:27.000Z,0.000031,0x543a235a9515b2b10489bccd1a0287f34df5848c,buy,0xebc86d834756621444a8a26b4cf81b625fe310cd,0x4d8d273e0bf1fff0c24b8e5bae80622e60096cb566441bf72bebd5f64c209f85
40,1000,0.03,0x4582c009abb44d1bb9104aa2b436b41448f97600,2017-10-29T13:21:18.000Z,0.00003,0x13512137d004d3e8d919ced5f5f7119934917c11,buy,0xebc86d834756621444a8a26b4cf81b625fe310cd,0xcd91a782ce84df048af5fb31fe2eedc6aa20b956979e345dec2cb2aca49139ea
41,1000,0.021,0x13512137d004d3e8d919ced5f5f7119934917c11,2017-10-29T04:35:07.000Z,0.000021,0xca8ed40a1f30ce94fe78f9b12b81d7b3c288fa05,sell,0xebc86d834756621444a8a26b4cf81b625fe310cd,0x397c1f8a1a7fa53113454da573e707ac944ef319758395ef1391e56343a1a69d
42,8000,0.144,0xfe4856ea92a3d9fe3691f332cb5344072ac061d1,2017-10-29T04:35:07.000Z,0.000018,0xca8ed40a1f30ce94fe78f9b12b81d7b3c288fa05,sell,0xebc86d834756621444a8a26b4cf81b625fe310cd,0x9cd757349a96691fb2fbdc7496c51f701eceaa23c0703983a8d6fbd70f72e398
43,370,0.01258,0xf91f6caba9d5f40526617804d56fcbf70240fcfd,2017-10-29T04:18:43.000Z,0.000034,0x9d413c9f3650b2d7a264373bc89c457a05dedcae,buy,0xebc86d834756621444a8a26b4cf81b625fe310cd,0xec570cb7911273b95a962276c9cb46ea1b445c16e3842705343dd35255f06afb
44,1611.704,0.0392449924,0x824aa636f944a939cecd2e4ec8cf7531d9d4ceb7,2017-10-29T03:58:13.000Z,0.00002435,0x50af1719afddfd539fbc0b53b0be582f5b7b9abf,sell,0xebc86d834756621444a8a26b4cf81b625fe310cd,0xefa4f1d9122485fd303125af483b3d0ecbdb497a2deb64bb183fa16aab8a12cf
45,2500,0.0575,0xfe4856ea92a3d9fe3691f332cb5344072ac061d1,2017-10-29T03:56:53.000Z,0.000023,0x50af1719afddfd539fbc0b53b0be582f5b7b9abf,sell,0xebc86d834756621444a8a26b4cf81b625fe310cd,0x1c976a8e09311b522a5c8e072d0f727b002453472513b4ec8c69e272868ff17a
46,5000,0.12175,0x824aa636f944a939cecd2e4ec8cf7531d9d4ceb7,2017-10-29T03:56:53.000Z,0.00002435,0x50af1719afddfd539fbc0b53b0be582f5b7b9abf,sell,0xebc86d834756621444a8a26b4cf81b625fe310cd,0xd15cfa44698f755cfc00539ed62cef0b8f24fe844e2fea6bb802e77be68a65ea
47,3000,0.078,0x9d413c9f3650b2d7a264373bc89c457a05dedcae,2017-10-28T23:48:27.000Z,0.000026,0x50af1719afddfd539fbc0b53b0be582f5b7b9abf,sell,0xebc86d834756621444a8a26b4cf81b625fe310cd,0x901b032d9fbc7c6f5105d1556fbf046e3fef65d16b0a95f5ae3dbd14a5cb8b53
48,14.06271972999578,0.0005,0x34f9560c63078eb61872a4dc2ccd20e21c34feaf,2017-10-28T22:59:41.000Z,0.000035555,0xd29efd58596feaac4398b8d20803c5c8af1d868c,buy,0xebc86d834756621444a8a26b4cf81b625fe310cd,0x1000684016a8dde1df1942c711eb61da1fc3e7b3d1d26ffeef2c3344f4788fc5
49,14.06271972999578,0.0005,0xe444a40689f51f63bcd29910622035707d533d29,2017-10-28T22:49:58.000Z,0.000035555,0xd29efd58596feaac4398b8d20803c5c8af1d868c,buy,0xebc86d834756621444a8a26b4cf81b625fe310cd,0xa7ef417f0f37969487d1267f327533c5b131bcc705bed03559df92999b13f001
50,3554,0.1359405,0x1d8a54cca8c998af9ed83d5c4b548229e9336c8d,2017-10-28T19:49:23.000Z,0.00003825,0xcefc1192af91ffb45b2f2a84ac9cd03eba8ee236,buy,0xebc86d834756621444a8a26b4cf81b625fe310cd,0xa951044ed8b84526b823df63e3c1420c5d8666f6ac95712c625d7084d2b28049
51,1000,0.038,0x1d8a54cca8c998af9ed83d5c4b548229e9336c8d,2017-10-28T19:48:11.000Z,0.000038,0x13512137d004d3e8d919ced5f5f7119934917c11,buy,0xebc86d834756621444a8a26b4cf81b625fe310cd,0x293e8ba825cfd2f2daf222b8f3a24e987be6a892d9ba81d0dae0dd04ef550cb9
52,728.642,0.026959754,0x1d8a54cca8c998af9ed83d5c4b548229e9336c8d,2017-10-28T19:47:52.000Z,0.000037,0xcefc1192af91ffb45b2f2a84ac9cd03eba8ee236,buy,0xebc86d834756621444a8a26b4cf81b625fe310cd,0xa422f545d2abb07c0909cabdb32a9e1a20f65496b29dea74428357c70a781675
53,2694.3575693306752,0.09969123006523499,0xa73de997a32a8f9bcefecc918c4aa607030761b8,2017-10-28T19:47:15.000Z,0.000037,0xcefc1192af91ffb45b2f2a84ac9cd03eba8ee236,buy,0xebc86d834756621444a8a26b4cf81b625fe310cd,0xa30f679c921509eb50430f1aa01d7cd3e1754b56ad01fa2a3b1a75f2cb02ea13
54,4500,0.16425,0x1d8a54cca8c998af9ed83d5c4b548229e9336c8d,2017-10-28T19:40:26.000Z,0.0000365,0xcefc1192af91ffb45b2f2a84ac9cd03eba8ee236,buy,0xebc86d834756621444a8a26b4cf81b625fe310cd,0x0856d8fe9bdf211422c9126725a0a3198dc43ecfa4658546a300cc84c203b3bc
55,4500,0.162,0x1d8a54cca8c998af9ed83d5c4b548229e9336c8d,2017-10-28T19:36:48.000Z,0.000036,0xcefc1192af91ffb45b2f2a84ac9cd03eba8ee236,buy,0xebc86d834756621444a8a26b4cf81b625fe310cd,0x527e81634bc2ebd33e7de6a55004c8242e949286c31628cbeac2e8e37958c780
56,4000,0.147996,0x1d8a54cca8c998af9ed83d5c4b548229e9336c8d,2017-10-28T19:36:48.000Z,0.000036999,0xdc666c3036cc07fff1aba420211c331ed7156570,buy,0xebc86d834756621444a8a26b4cf81b625fe310cd,0xf74ac06c6963c132719aa647ba489bd62086e876ca8edf973ffd05b80cb3fc6b
57,16000,0.590208,0x1d8a54cca8c998af9ed83d5c4b548229e9336c8d,2017-10-28T19:36:38.000Z,0.000036888,0xb38bc467ab6d5ff0dd261828682eaa169feacb80,buy,0xebc86d834756621444a8a26b4cf81b625fe310cd,0xdf7336c710601aa09c4fe90c37dd39b8afd9644391b15458fa8fcb17de977aaa
58,30000,0.9,0x4582c009abb44d1bb9104aa2b436b41448f97600,2017-10-28T19:10:44.000Z,0.00003,0xcefc1192af91ffb45b2f2a84ac9cd03eba8ee236,sell,0xebc86d834756621444a8a26b4cf81b625fe310cd,0xfcb30e26281cd51e0d27989c7efa7b81c6f26dd6b56d21c409ccaaa49682961e
59,99.69095803010667,0.002702621872196191,0x1d8a54cca8c998af9ed83d5c4b548229e9336c8d,2017-10-28T18:48:06.000Z,0.00002710999999999999,0x0698dfbeb51b80d86aeeabab8acd66939b3ebe64,sell,0xebc86d834756621444a8a26b4cf81b625fe310cd,0x8f02a361284627e88cb56d7b37e8d38ea279bdb99dae08aa8771696e15d5c699
60,11909.081846276542,0.30975521882165286,0x1d8a54cca8c998af9ed83d5c4b548229e9336c8d,2017-10-28T18:42:45.000Z,0.00002600999999999999,0x28cb2cd00cf72221501bec6fcfb8f9aa34aa05ea,sell,0xebc86d834756621444a8a26b4cf81b625fe310cd,0x0513db2010bc6a5c0e9b1aa0919e353ec16e5bcfc633a680d332eba67e04786d
61,18000,0.4878,0x1d8a54cca8c998af9ed83d5c4b548229e9336c8d,2017-10-28T18:42:22.000Z,0.0000271,0x28cb2cd00cf72221501bec6fcfb8f9aa34aa05ea,sell,0xebc86d834756621444a8a26b4cf81b625fe310cd,0x04a88cee076f6366c6bf63f629084a511bcdaf92f27822d95223fa8b26a61b9a
62,85,0.00195585,0x4582c009abb44d1bb9104aa2b436b41448f97600,2017-10-28T11:48:51.000Z,0.00002301,0xc8d62644dacf4e4653037d1be93c9dfa6ddf5c11,buy,0xebc86d834756621444a8a26b4cf81b625fe310cd,0xb6f25aed92b11e5b600e1fbfd3f5402f361ce19029f21111fad7b406e2a02655
63,14.955134596211366,0.000571585244267198,0xb38bc467ab6d5ff0dd261828682eaa169feacb80,2017-10-28T11:47:51.000Z,0.00003821999999999997,0x1d5321e125f6c7079a716705541c7b371ca79e69,sell,0xebc86d834756621444a8a26b4cf81b625fe310cd,0x7f9a3e43d90ea94992ef6f899f7ad94c06eeff00d63bb00eedf0a08620238e2c
64,15,0.00034515,0x1d5321e125f6c7079a716705541c7b371ca79e69,2017-10-28T11:47:51.000Z,0.00002301,0xc8d62644dacf4e4653037d1be93c9dfa6ddf5c11,buy,0xebc86d834756621444a8a26b4cf81b625fe310cd,0x7f9a3e43d90ea94992ef6f899f7ad94c06eeff00d63bb00eedf0a08620238e2c
65,1.2775421118870693,0.000049696388152407,0xee4a25bb926bfac719f7bf00bfa155772b802f6d,2017-10-28T10:38:05.000Z,0.0000389,0xdc3776c8099db1309ae909f82309af095d030a11,buy,0xebc86d834756621444a8a26b4cf81b625fe310cd,0x623526da16db4c46d6481913676b59ac437b71ea028aa373c06efaac2354a788
66,2000,0.0442,0x1d8a54cca8c998af9ed83d5c4b548229e9336c8d,2017-10-27T23:25:17.000Z,0.0000221,0x50af1719afddfd539fbc0b53b0be582f5b7b9abf,sell,0xebc86d834756621444a8a26b4cf81b625fe310cd,0xfb09d9bb684b2d325be8a37fd8739efc8d478916298c0babf6f0ae59a93574ff
67,1000,0.022,0x13512137d004d3e8d919ced5f5f7119934917c11,2017-10-27T23:23:47.000Z,0.000022,0x50af1719afddfd539fbc0b53b0be582f5b7b9abf,sell,0xebc86d834756621444a8a26b4cf81b625fe310cd,0xd5c7dbfd4a61e5112b45e377bfa86a61a7f3360961b16ede0ac7e37b6cd791e6
68,1000,0.04,0xc05eb25915a202c6ac9f3d9c11ab4044b6c25326,2017-10-27T21:42:28.000Z,0.00004,0x9610295566cef24ed91faffe86f4fdfcfd3d907e,buy,0xebc86d834756621444a8a26b4cf81b625fe310cd,0xe5ef534515cf8498e9d3aeb13f5463d164e458a88b9281e9e4061368944af962
69,1583.938661375669,0.036192998412434035,0x1d8a54cca8c998af9ed83d5c4b548229e9336c8d,2017-10-27T19:37:00.000Z,0.00002285,0x6e53b8c9abf01f702982491a9c2a02d937b98a43,buy,0xebc86d834756621444a8a26b4cf81b625fe310cd,0xfd954281de653a743ee8c846914e6f6f8e71b74f4dccaf005b7e4efdb0e7bcec
70,200,0.00798,0xa73de997a32a8f9bcefecc918c4aa607030761b8,2017-10-27T19:18:20.000Z,0.0000399,0x14bfd118a4e23de3bfb4b022846133652ffb22ab,buy,0xebc86d834756621444a8a26b4cf81b625fe310cd,0x2ca6f1218890fd8a182f6ff983f3baecadb667895adc4ec6a68731932079fcb4
71,800,0.03192,0xa73de997a32a8f9bcefecc918c4aa607030761b8,2017-10-27T18:52:42.000Z,0.0000399,0x14bfd118a4e23de3bfb4b022846133652ffb22ab,buy,0xebc86d834756621444a8a26b4cf81b625fe310cd,0x0ddc3c345153749c8e87f029b21043b9e97e2aec17a4a1228a9100ddb36df0f6
72,1000,0.03989,0xa73de997a32a8f9bcefecc918c4aa607030761b8,2017-10-27T18:52:20.000Z,0.00003989,0xbcc1d9f54af95e574da69d128e7bbe15364ec9a3,buy,0xebc86d834756621444a8a26b4cf81b625fe310cd,0xc97240f92f006f718a28860cea8caddd5d248443dcb5da3d744a11b3869f625e
73,300,0.0117,0xa73de997a32a8f9bcefecc918c4aa607030761b8,2017-10-27T18:52:20.000Z,0.000039,0x37b4d54cc98f34d10de4596546cd4f3fa3000a4e,buy,0xebc86d834756621444a8a26b4cf81b625fe310cd,0xaf145ea40f32089e298fa66628c0cba01157879a310bfe7541f77ecbd370729f
74,3987.638321204267,0.07975276642408534,0x1b2ba681893d2b2e301e095303a419b9c2c2bbaf,2017-10-27T18:02:04.000Z,0.00001999999999999999,0x477f82d980886f99af92077bd7e7b9fef216343b,sell,0xebc86d834756621444a8a26b4cf81b625fe310cd,0xda953e5de9885e924f175c42883221e9d0fce58140259c52906d21737d583331
75,700,0.0273,0xa73de997a32a8f9bcefecc918c4aa607030761b8,2017-10-27T17:57:38.000Z,0.000039,0x37b4d54cc98f34d10de4596546cd4f3fa3000a4e,buy,0xebc86d834756621444a8a26b4cf81b625fe310cd,0x3982149835fe4c3db53f62bf9ee190af137dfcadb3923c1ac41d5995f281d303
76,4000,0.1596,0x4582c009abb44d1bb9104aa2b436b41448f97600,2017-10-27T15:37:09.000Z,0.0000399,0xfa16fedd453bfe4e394c9c99959a268d98da0779,buy,0xebc86d834756621444a8a26b4cf81b625fe310cd,0xb00743a4c9d7450d8951715d7a6ffe4cd66d27c7dc13837d6f4e2a3b7b14e9fa
77,500,0.01995,0x4582c009abb44d1bb9104aa2b436b41448f97600,2017-10-27T15:35:52.000Z,0.0000399,0x20e10d9c995c0731379818c97739ad424de6b047,buy,0xebc86d834756621444a8a26b4cf81b625fe310cd,0x2c383cc17b96a48997936f534e20575128667a542d8763811ffd5180d3fa6c55
78,8000,0.312,0x4582c009abb44d1bb9104aa2b436b41448f97600,2017-10-27T13:44:06.000Z,0.000039,0x0bae1916732de99e485674662539625912981a50,buy,0xebc86d834756621444a8a26b4cf81b625fe310cd,0x633cb0d0a49c74dc1b449c47ba86cc8f1d05c95c013b203c4d04b5daa4820428
79,10000,0.38,0x4582c009abb44d1bb9104aa2b436b41448f97600,2017-10-27T13:40:48.000Z,0.000038,0xf00dd34fa52d31aa537658baf071cbaeac59a66d,buy,0xebc86d834756621444a8a26b4cf81b625fe310cd,0x5c88f70827598668d4dc0697b4806c8dbe086537800cd9ec6e259447a0fcd478
80,100,0.0025,0xfe4856ea92a3d9fe3691f332cb5344072ac061d1,2017-10-27T13:39:19.000Z,0.000025,0xe7518ed301269bdd3b0ef10a97ab952cd409b103,buy,0xebc86d834756621444a8a26b4cf81b625fe310cd,0x3e042439afcee616f71f9995f8224008c989fc1175aa2ed1ed0a05efff6e216a
81,150,0.00375,0xfe4856ea92a3d9fe3691f332cb5344072ac061d1,2017-10-27T13:39:19.000Z,0.000025,0x4cd1ace2d57ac322437f4c853bdc492ab023de72,buy,0xebc86d834756621444a8a26b4cf81b625fe310cd,0x707efde492a8dab744111acddd3eda6c8e9700adcde9e8ea09d2644ac89dcf05
82,5000,0.112,0x1d8a54cca8c998af9ed83d5c4b548229e9336c8d,2017-10-27T11:06:05.000Z,0.0000224,0xdc666c3036cc07fff1aba420211c331ed7156570,buy,0xebc86d834756621444a8a26b4cf81b625fe310cd,0xccf1154f29b9924c9df6acdde6abdcc38d483b362983ae800db91bc4a741e378
83,5000,0.11,0x1d8a54cca8c998af9ed83d5c4b548229e9336c8d,2017-10-27T11:05:59.000Z,0.000022,0x037f96a2a6430376cff5cd297cc40c2554f8f7bf,buy,0xebc86d834756621444a8a26b4cf81b625fe310cd,0xc8082e140b85fc1149f911c9ea8ea7c9fc53f301adfeab779364d20f30ba600b
84,1000,0.0189,0x1d8a54cca8c998af9ed83d5c4b548229e9336c8d,2017-10-27T11:04:02.000Z,0.0000189,0x1a6c67db58c7ec7b742d6625ac38a55821369fbd,buy,0xebc86d834756621444a8a26b4cf81b625fe310cd,0xec06e0731635dbcf6e5fe5a679380e1802714d142a6c91a84d1199d93353ffce
85,9923.123,0.1865547124,0x1d8a54cca8c998af9ed83d5c4b548229e9336c8d,2017-10-27T11:04:02.000Z,0.0000188,0xcefc1192af91ffb45b2f2a84ac9cd03eba8ee236,buy,0xebc86d834756621444a8a26b4cf81b625fe310cd,0x576731f33a50e430081b2df81f6666dcbae9cc9cabb6cfce8f6668e4c9039621
86,9800,0.098,0xb38bc467ab6d5ff0dd261828682eaa169feacb80,2017-10-27T00:46:43.000Z,0.00001,0xca8ed40a1f30ce94fe78f9b12b81d7b3c288fa05,sell,0xebc86d834756621444a8a26b4cf81b625fe310cd,0x6f1597a4b2c6e8c76b83508b677a2316ba26e35be2302e3e43ed683bedacd740
87,15000,0.2325,0xb38bc467ab6d5ff0dd261828682eaa169feacb80,2017-10-27T00:45:17.000Z,0.0000155,0xca8ed40a1f30ce94fe78f9b12b81d7b3c288fa05,sell,0xebc86d834756621444a8a26b4cf81b625fe310cd,0x9167fcf613bb1f53b05c2353e12bee1e378eac201ce9715fcbfcf94cbbf73ea1
88,24147,0.4563783,0x3c6438ddd1bca543953327b2cc6391df60a63982,2017-10-26T22:11:49.000Z,0.0000189,0x6e53b8c9abf01f702982491a9c2a02d937b98a43,buy,0xebc86d834756621444a8a26b4cf81b625fe310cd,0xa3fbaff177ba7a231115f0702e37b6c4b187e728bda8953d6f45a68d263b3e5f
89,8000,0.144008,0xb38bc467ab6d5ff0dd261828682eaa169feacb80,2017-10-26T22:08:30.000Z,0.000018001,0x50af1719afddfd539fbc0b53b0be582f5b7b9abf,sell,0xebc86d834756621444a8a26b4cf81b625fe310cd,0x7bd643c593dc8b5b7ec7cf89d60f02410206bf298ade88266474aa66db746d51
90,9090,0.167256,0x44cb493471579fe1ba572bd69882f1c80827f0bc,2017-10-26T15:49:32.000Z,0.0000184,0x21bbb4e43d8371007b2751e4acbeba88ff2efb99,buy,0xebc86d834756621444a8a26b4cf81b625fe310cd,0xfee5fefbbde67a8fba98e7b44f0910379566e135ac5022ccb43600c33f9736c6
91,12500,0.21875,0x008cd39b569505e006ec93689add83999e96ab12,2017-10-26T15:43:29.000Z,0.0000175,0x40de6250458e6c9b41e7609dbb39172816dba22b,buy,0xebc86d834756621444a8a26b4cf81b625fe310cd,0xe487a2a4f85673ac4da44b1902a5750794e29c823bd43f606b6094ba76d66023
92,299.07287409032,0.00059814574818064,0x008cd39b569505e006ec93689add83999e96ab12,2017-10-25T12:02:32.000Z,0.00000199999999999999,0x14d6d0f3d430455b5c1f169e28548bbc61d79cda,sell,0xebc86d834756621444a8a26b4cf81b625fe310cd,0xaf5d8466032d0313d9bdcd9510502ee1362bceda988b38d628ab3ef754375ccc
93,100,0.0023001,0xd8d06134e33e921cd7a7487a3e38cdbe82564f9c,2017-10-24T13:27:07.000Z,0.000023001,0x7fd93c9d8f5bc495c75b79bd35af5615e2eefcad,buy,0xebc86d834756621444a8a26b4cf81b625fe310cd,0x52fa18c061f49dc9230944df119664a621600261799e56b1efffdda1f71da09c
94,1100,0.02244,0xd8d06134e33e921cd7a7487a3e38cdbe82564f9c,2017-10-24T13:26:39.000Z,0.0000204,0xb392a23fc325d36a590ec4962cd5f12e2b382d61,buy,0xebc86d834756621444a8a26b4cf81b625fe310cd,0x712afcabda46eede73e0624fc2748c1242f060b36704e8d7cf070660a090af9e
95,1000,0.0021,0x50af1719afddfd539fbc0b53b0be582f5b7b9abf,2017-10-24T00:55:02.000Z,0.0000021,0x04074966351842b752de6ece82c06e87def0964b,buy,0xebc86d834756621444a8a26b4cf81b625fe310cd,0x6f85e99312ef20678ddf02c276b29c0d7e83eac2df3f529e4f2dbc601677d72a
96,11000,0.0231,0x50af1719afddfd539fbc0b53b0be582f5b7b9abf,2017-10-24T00:54:30.000Z,0.0000021,0x04074966351842b752de6ece82c06e87def0964b,buy,0xebc86d834756621444a8a26b4cf81b625fe310cd,0xed7859e8af777a8f57b1a6a4e2389721056f1d858922487eaa0f728fa55a5b9a
97,32925.63800710278,0.7523508284622986,0xca8ed40a1f30ce94fe78f9b12b81d7b3c288fa05,2017-10-24T00:31:20.000Z,0.00002285,0x6e53b8c9abf01f702982491a9c2a02d937b98a43,buy,0xebc86d834756621444a8a26b4cf81b625fe310cd,0xa9dcca61ee1270ba0ddb55ff494a4f1f8fa9fd7c6da7041656625ced145df22b
98,1925.6151123434663,0.044000305317048204,0xca8ed40a1f30ce94fe78f9b12b81d7b3c288fa05,2017-10-24T00:12:19.000Z,0.00002285,0x6e53b8c9abf01f702982491a9c2a02d937b98a43,buy,0xebc86d834756621444a8a26b4cf81b625fe310cd,0x76471f073b66366e6c5caabbf41f046bf2333b44cdb0cdbd5f53af53ee6e4a5b
99,5000,0.11,0xca8ed40a1f30ce94fe78f9b12b81d7b3c288fa05,2017-10-24T00:12:06.000Z,0.000022,0x49dc235474e153367b593cab41b56dff301fbea0,buy,0xebc86d834756621444a8a26b4cf81b625fe310cd,0xe0578ba9df1a648c38900619edb53933d525372aea28fe1d94ac779cdaa30643
100,5000,0.11,0xca8ed40a1f30ce94fe78f9b12b81d7b3c288fa05,2017-10-24T00:12:06.000Z,0.000022,0x5e76660125738c38869952618336d10fbb74125c,buy,0xebc86d834756621444a8a26b4cf81b625fe310cd,0x9fda3727cac5d49634c4c1aecbd3ae4a83eca6a251884a6d1890fc4a07816bf0
101,2652.382,0.05304764,0xca8ed40a1f30ce94fe78f9b12b81d7b3c288fa05,2017-10-24T00:12:06.000Z,0.00002,0xe24be8ae0df22092d934bca881fce6106a9ad800,buy,0xebc86d834756621444a8a26b4cf81b625fe310cd,0x1dc83732cb036ee95d8bc1824ab7cfca7b8ec746c41a331557a4c21be15f4f9e
102,1744.5917655268668,0.034891835310537335,0xca8ed40a1f30ce94fe78f9b12b81d7b3c288fa05,2017-10-24T00:01:31.000Z,0.00002,0xe24be8ae0df22092d934bca881fce6106a9ad800,buy,0xebc86d834756621444a8a26b4cf81b625fe310cd,0x28d0a22a616240d66fa4c0c23b19f6a8fd1ede0610e0d6aa07387ab448e37ea5
103,5000,0.1,0x49dc235474e153367b593cab41b56dff301fbea0,2017-10-23T20:39:59.000Z,0.00002,0xe24be8ae0df22092d934bca881fce6106a9ad800,sell,0xebc86d834756621444a8a26b4cf81b625fe310cd,0xa453ed8a298ea895ddd8c0dc1cb4ae3b662b876c8f7e60e479e1df6c0f4fa977
104,536.267,0.01137422307,0x5d5065b42bdee0274e394ba9042c21e1818c69cf,2017-10-23T20:39:47.000Z,0.00002121,0xe24be8ae0df22092d934bca881fce6106a9ad800,sell,0xebc86d834756621444a8a26b4cf81b625fe310cd,0xcb98d9d29b258659f8f2934e0fa8a766718133eb4432e6a805284402f38e6eb3
105,50,0.00106055,0xf36990a2cb4d609e0a7d4f3bf884c0342d81fd3d,2017-10-23T20:39:47.000Z,0.000021211,0xe24be8ae0df22092d934bca881fce6106a9ad800,sell,0xebc86d834756621444a8a26b4cf81b625fe310cd,0x8fed91a4faa5f9d1cec57b6a786059c1d9b5e87e211a39ff741747492c913cd4
106,2250,0.05107725,0x27849f835bb345a26dffbfa7a8863c387b546730,2017-10-23T20:12:34.000Z,0.000022701,0x3eab84f29252d0a4efda33b34419bbdc24ab4ca4,buy,0xebc86d834756621444a8a26b4cf81b625fe310cd,0xfefd72872b1b43e333dd3d4d44e9ef111631a47860c9baf494e572d194c17b66
107,996.9095803010667,0.022929917256504836,0x0667589f6ec70a6573b5854b20868d2c8e9c8d7e,2017-10-23T08:19:31.000Z,0.00002300099999999999,0xa893e2816e3ddcc270dfef6d0aa771053e16a567,sell,0xebc86d834756621444a8a26b4cf81b625fe310cd,0x20f04d20aec8894caf54de972bc828379d385a546527399701e6fd237185c496
108,996.9095803010667,0.022929917256504836,0x0667589f6ec70a6573b5854b20868d2c8e9c8d7e,2017-10-23T07:38:46.000Z,0.00002300099999999999,0xdf0ca1627d056116fb56ae5cb53f4ad5647157d7,sell,0xebc86d834756621444a8a26b4cf81b625fe310cd,0x06c641971fcd94e154b22d41010bb70c9f96e98c38545daf4d5acea4bc4118cc
109,3987.638321204267,0.09171966902601934,0x0667589f6ec70a6573b5854b20868d2c8e9c8d7e,2017-10-23T06:11:12.000Z,0.00002300099999999999,0x07ee453b212e515f2b908a6d9a1f3b4bc71bd9fe,sell,0xebc86d834756621444a8a26b4cf81b625fe310cd,0x3618860ecf1d2daf2bc2187ecd3b4e4ebff2353741693f8ff97b2ffef4ae65a1
110,0.00993828711296049,0.000000228590541885,0x0667589f6ec70a6573b5854b20868d2c8e9c8d7e,2017-10-23T02:41:27.000Z,0.00002300099999997945,0xc08f2af4aa52013b51771803d89d2f6531342fec,sell,0xebc86d834756621444a8a26b4cf81b625fe310cd,0x5562f39298d664a0c0fd8079736041406baf1cb37af2bfe4844da3a69f684dc2
111,99.69095803010667,0.002292991725650483,0x0667589f6ec70a6573b5854b20868d2c8e9c8d7e,2017-10-23T02:39:48.000Z,0.00002300099999999999,0xc08f2af4aa52013b51771803d89d2f6531342fec,sell,0xebc86d834756621444a8a26b4cf81b625fe310cd,0xfaef1bd46611866e2b28304d1de611768cb01745f69b3872bfc882e93ddfdcd3
112,1993.8191606021335,0.04585983451300967,0x0667589f6ec70a6573b5854b20868d2c8e9c8d7e,2017-10-22T23:06:55.000Z,0.00002300099999999999,0x903de156b1419c5df4c6cf20d7996fec182c6ed0,sell,0xebc86d834756621444a8a26b4cf81b625fe310cd,0xb51eff3b6526b1d9652e26eadce44813447de2849359f4bbe71b49d79f8ad012
113,9969.095803010667,0.22929917256504834,0x0667589f6ec70a6573b5854b20868d2c8e9c8d7e,2017-10-22T22:26:25.000Z,0.00002300099999999999,0x27ed907b8df48b7c90a16d9050915ee3fa2dd1e8,sell,0xebc86d834756621444a8a26b4cf81b625fe310cd,0x4a718f181f42fbac56a26f94c39c955b1d29bda7613652750c83531117070150
114,9969.095803010667,0.22929917256504834,0x0667589f6ec70a6573b5854b20868d2c8e9c8d7e,2017-10-22T22:24:45.000Z,0.00002300099999999999,0x22314348624cbe6cec28b8f26f41cc56e04f153a,sell,0xebc86d834756621444a8a26b4cf81b625fe310cd,0x7c3476026f1bbe20e5f54a47630c2ee6268d4f8d389d937a9b71abe40f7b3781
115,750,0.018675,0x808794aa3a7b2ccbef5899c08f686635a5d8a4e9,2017-10-22T19:44:06.000Z,0.0000249,0x3eab84f29252d0a4efda33b34419bbdc24ab4ca4,buy,0xebc86d834756621444a8a26b4cf81b625fe310cd,0x10cb00ea2d7481bb371aaa780589e0bbfaad8a0731b5bb85a9b2764de2dd73bf
116,3987.638321204267,0.09171966902601934,0x0667589f6ec70a6573b5854b20868d2c8e9c8d7e,2017-10-22T18:44:06.000Z,0.00002300099999999999,0x087c172696900e8bff0189f2979ed230d586ea45,sell,0xebc86d834756621444a8a26b4cf81b625fe310cd,0x236087cfaa24b482e50900ff507014f3599cd34d6be6ec33bf618ff58325c22f
117,996.9095803010667,0.0239268268368059,0xfe4856ea92a3d9fe3691f332cb5344072ac061d1,2017-10-22T16:12:36.000Z,0.00002400099999999999,0xba95b4a5b130c4c1d27dc9e8adcf7f087cdb4c52,sell,0xebc86d834756621444a8a26b4cf81b625fe310cd,0x4927feaef3bec0851c0df695454d94fdca4da7cba2b711db89c5717e61fa8ca0
118,3682.4576412413703,0.08470020820619276,0x0667589f6ec70a6573b5854b20868d2c8e9c8d7e,2017-10-22T09:42:02.000Z,0.00002300099999999999,0x60fcd995cf531b63e8e9ae8ddda49bbe17e3a06a,sell,0xebc86d834756621444a8a26b4cf81b625fe310cd,0x4bfdf578a51affd4916d5ae494847d3e0f2c8e4a70818917d9113dd0fd3e6bc3
119,1993.8191606021335,0.04585983451300967,0x0667589f6ec70a6573b5854b20868d2c8e9c8d7e,2017-10-22T09:10:27.000Z,0.00002300099999999999,0xa2368b4a56f63436caf9fa2f975708f6a55cd11a,sell,0xebc86d834756621444a8a26b4cf81b625fe310cd,0x9ab49f89019e63b6cdd924c0d9640266d7f3d57d9fd6c406f621bf7ee77b63c7
120,2397.336244817621,0.0551411309670501,0x0667589f6ec70a6573b5854b20868d2c8e9c8d7e,2017-10-22T08:33:27.000Z,0.00002300099999999999,0xd6b329e0df0934fd0bb3bb305ab539bef1432721,sell,0xebc86d834756621444a8a26b4cf81b625fe310cd,0xab7860d44ff5a60a7a14e3776b858e414dc558d69560c4d4f2d69ab18fd1da60
121,3987.638321204267,0.09171966902601934,0x0667589f6ec70a6573b5854b20868d2c8e9c8d7e,2017-10-22T06:03:01.000Z,0.00002300099999999999,0xc6fc6835ce16679c89567c0b33604d1e9a71bf99,sell,0xebc86d834756621444a8a26b4cf81b625fe310cd,0x48278545af03399ec2e4586995b189b3b585a3d6c15184be18440e9932b7b918
122,250,0.006625,0x304c929780c19ae230022779a75b451f63d4705f,2017-10-22T05:37:16.000Z,0.0000265,0xd6b329e0df0934fd0bb3bb305ab539bef1432721,sell,0xebc86d834756621444a8a26b4cf81b625fe310cd,0x64e750bcca0027134288a97602b897fe5c3d4b76d4252aae97790159fe25075c
123,7975.276642408534,0.1834393380520387,0x0667589f6ec70a6573b5854b20868d2c8e9c8d7e,2017-10-22T04:40:40.000Z,0.00002300099999999999,0x67238b534de0724f027a1fbf0196a97ebbee918d,sell,0xebc86d834756621444a8a26b4cf81b625fe310cd,0x273f9ac4588deed1ce6891b6afa27f6b18c8783e81bfd79e60a6eb18eed2004f
124,6306.126740070781,0.1702654219819111,0x50af1719afddfd539fbc0b53b0be582f5b7b9abf,2017-10-22T02:42:02.000Z,0.000027,0x6e53b8c9abf01f702982491a9c2a02d937b98a43,buy,0xebc86d834756621444a8a26b4cf81b625fe310cd,0x028f5b34caa9034d8242fe539daa33bb9a4963af13ffd693267cc958d49953ce
125,8000,0.228,0x50af1719afddfd539fbc0b53b0be582f5b7b9abf,2017-10-22T02:38:54.000Z,0.0000285,0x6e53b8c9abf01f702982491a9c2a02d937b98a43,buy,0xebc86d834756621444a8a26b4cf81b625fe310cd,0xf8dce2eba37b1766890a205bb915fb6e45ed7e56eef19e8cda022558c1cabb26
126,3693.8732599292184,0.0997345780180889,0x60fcd995cf531b63e8e9ae8ddda49bbe17e3a06a,2017-10-22T00:17:36.000Z,0.000027,0x6e53b8c9abf01f702982491a9c2a02d937b98a43,buy,0xebc86d834756621444a8a26b4cf81b625fe310cd,0xd69805d77f38e36a25ddb5f76302534ea1b914d91d3d6b5a817f844c65ffd8bb
127,18.587360594795538,0.0005,0xcd912af5286dc0b0a23edb30209734ecb60838b3,2017-10-21T23:51:59.000Z,0.0000269,0xd6b329e0df0934fd0bb3bb305ab539bef1432721,buy,0xebc86d834756621444a8a26b4cf81b625fe310cd,0xbc05cd5818822e382001d1cc59183e37cfca697ea4f403c57cdaa9d2499da78c
128,18.587360594795538,0.0005,0x379374d13077e8867ef31803c37baf9785a17c00,2017-10-21T23:51:59.000Z,0.0000269,0xd6b329e0df0934fd0bb3bb305ab539bef1432721,buy,0xebc86d834756621444a8a26b4cf81b625fe310cd,0x7c840cc83a1dca8570a3fba941469292f4c0035a488ce2fae2296c4bd77c8990
129,18.587360594795538,0.0005,0x42c24a83bded723edfdf5883bc7efb30bc1a1bf3,2017-10-21T23:51:59.000Z,0.0000269,0xd6b329e0df0934fd0bb3bb305ab539bef1432721,buy,0xebc86d834756621444a8a26b4cf81b625fe310cd,0xbcc1aa96056f1257b683550a69f82bea6b806af682b97ed203948684df33b97d
130,18.587360594795538,0.0005,0x16e5d97bbc92417e051e3b2cabfbf8ceea2acb9c,2017-10-21T23:46:35.000Z,0.0000269,0xd6b329e0df0934fd0bb3bb305ab539bef1432721,buy,0xebc86d834756621444a8a26b4cf81b625fe310cd,0x7cd17b73871e35bb9194781eb370abc9296121ca8d42222b13ba40cfc1df07a4
131,18.587360594795538,0.0005,0xf9695cd65d6dfdf257fab76a3eb0cb8f001971cc,2017-10-21T23:45:39.000Z,0.0000269,0xd6b329e0df0934fd0bb3bb305ab539bef1432721,buy,0xebc86d834756621444a8a26b4cf81b625fe310cd,0x75fc710262915017d28ea5f6a6cb72b7ff6bbd192acff106d5f97a6717912be6
132,498.45479015053337,0.010577210646994318,0xd6b329e0df0934fd0bb3bb305ab539bef1432721,2017-10-21T22:55:16.000Z,0.00002121999999999999,0x5a3605315938bbde068ef0b0bfaf4f730f6968e8,sell,0xebc86d834756621444a8a26b4cf81b625fe310cd,0x4b130006ac90415fda370e06dc2f776d1c5a41521ca1ff44a5071238e211d642
133,1250,0.025,0xd6b329e0df0934fd0bb3bb305ab539bef1432721,2017-10-21T21:59:02.000Z,0.00002,0x7644972c02fbc91ed2fd5ee0bb7b6bb3d67e7ffd,buy,0xebc86d834756621444a8a26b4cf81b625fe310cd,0x68a588d6a173058d713d020bb68bde3ef9a11fcd8699b702d194852369f4b93f
134,1000,0.01995,0xd6b329e0df0934fd0bb3bb305ab539bef1432721,2017-10-21T21:58:22.000Z,0.00001995,0x3eab84f29252d0a4efda33b34419bbdc24ab4ca4,buy,0xebc86d834756621444a8a26b4cf81b625fe310cd,0xb02877b2ac8b07c450af704e9093589cf98ffbfc2d1e62ac3d29aeb28481b87e
135,996.9095803010667,0.01993819160602133,0x0667589f6ec70a6573b5854b20868d2c8e9c8d7e,2017-10-21T19:18:53.000Z,0.00001999999999999999,0x4c8c4e09e6f281a2372355b6b4785bace328047a,sell,0xebc86d834756621444a8a26b4cf81b625fe310cd,0x2f21604a85966645771376ff2001b64e9d1f0995b9623ae6b70e2c7428925aa6
136,109.74770452510124,0.002524197204077328,0xfe4856ea92a3d9fe3691f332cb5344072ac061d1,2017-10-21T13:37:01.000Z,0.00002299999999999999,0xd960ae5f5294d1c06af036e78bcd9dca1e7840b8,sell,0xebc86d834756621444a8a26b4cf81b625fe310cd,0xad09c44de29b35da3fcd608185db050fcc79ab75a2f04d6cfd4916f8491ce870
137,249.22739507526668,0.005286113049546406,0x5d5065b42bdee0274e394ba9042c21e1818c69cf,2017-10-21T09:09:19.000Z,0.00002120999999999999,0xbbfe711b4f9325b935e472b62d46012c3e87e1e2,sell,0xebc86d834756621444a8a26b4cf81b625fe310cd,0x05e6848cdaec6555be9226dadd87637cd97a0031295f837ea63ba4f59a9165dc
138,0.2981486133888147,0.000006323732089976,0x5d5065b42bdee0274e394ba9042c21e1818c69cf,2017-10-21T08:53:42.000Z,0.00002120999999999745,0x68bbd7afd66f2a2c36a817bef85f07e5f63d60f4,sell,0xebc86d834756621444a8a26b4cf81b625fe310cd,0xb3175169e9a2131db6c161f642c9bc72b6409337ff51942361f17d40d60e1818
139,2990.7287409032,0.0628053035589672,0x50af1719afddfd539fbc0b53b0be582f5b7b9abf,2017-10-21T08:52:29.000Z,0.00002099999999999999,0x68bbd7afd66f2a2c36a817bef85f07e5f63d60f4,sell,0xebc86d834756621444a8a26b4cf81b625fe310cd,0x6e5616a32d234ebb3cb01f9ba56ba4ea93586192de9b7e8d7d88d0b8fa6ca774
140,3997.6074170072775,0.08394975575715283,0x50af1719afddfd539fbc0b53b0be582f5b7b9abf,2017-10-21T08:03:17.000Z,0.00002099999999999999,0x2d923a09bf3110b21381a528552700531de83f63,sell,0xebc86d834756621444a8a26b4cf81b625fe310cd,0x4a052dd4a5840456b6edac203276320f1269396ca1240fcfcc75c5ecf5057ab9
141,2999.7875095883956,0.11699171287394743,0x2a2ceb256a17fafd0a1e7485d8d9b5fda8fc9003,2017-10-21T02:47:18.000Z,0.000039,0x8a3a64ba369697a84ce95cfaa2040c9367d8f35a,buy,0xebc86d834756621444a8a26b4cf81b625fe310cd,0x23c3ceb0e4be8aa5e9781e0681c81a7e59ac0ab71815025ea8f3b7c345fbdb34
142,0.21249041160438462,0.000008287126052571,0x2a2ceb256a17fafd0a1e7485d8d9b5fda8fc9003,2017-10-21T02:44:07.000Z,0.000039,0x8a3a64ba369697a84ce95cfaa2040c9367d8f35a,buy,0xebc86d834756621444a8a26b4cf81b625fe310cd,0x71b99cf1a9edabd28338a27861195e6c58b4e9e6ca2c6982dbbd81c7cdd7ebde
143,200,0.00402,0x035392de57aa4fe343d86494103dbe1b068a56c6,2017-10-20T19:51:53.000Z,0.0000201,0xb8da992e13e98f837a37d1b877521b1f993859cb,sell,0xebc86d834756621444a8a26b4cf81b625fe310cd,0x00981f7c0423193391271362710601d0187bf5c8836ab0ab7f03d6eae46208c2
144,1050,0.021126,0xd960ae5f5294d1c06af036e78bcd9dca1e7840b8,2017-10-20T19:49:47.000Z,0.00002012,0xb8da992e13e98f837a37d1b877521b1f993859cb,sell,0xebc86d834756621444a8a26b4cf81b625fe310cd,0xa39981c33b34825a72484e003e9bfa37108f48844a742d0a73d5bb7dac5df6ae
145,150,0.0033015,0x4cd1ace2d57ac322437f4c853bdc492ab023de72,2017-10-20T19:48:12.000Z,0.00002201,0xb8da992e13e98f837a37d1b877521b1f993859cb,sell,0xebc86d834756621444a8a26b4cf81b625fe310cd,0x037b2d7c1de7beb2bfb3414a3682c186614b32de23e0f3573845c0a6e2a6ee6f
146,3777.326,0.079323846,0x50af1719afddfd539fbc0b53b0be582f5b7b9abf,2017-10-20T19:47:00.000Z,0.000021,0xb8da992e13e98f837a37d1b877521b1f993859cb,sell,0xebc86d834756621444a8a26b4cf81b625fe310cd,0x01eb7aea67c8359a936349e362a66f00a8606179781fa90a2d8f793efa7797df
147,996.9095803010667,0.0209351011863224,0x50af1719afddfd539fbc0b53b0be582f5b7b9abf,2017-10-20T13:29:42.000Z,0.00002099999999999999,0x8573ee5247b043fc05e1e9405286c3b3dfa27cbc,sell,0xebc86d834756621444a8a26b4cf81b625fe310cd,0x0c53fbdf4e83398c8adfb5832bdc62244babcb3c7f7e4a425030adb624113f65
148,2725.7641311933007,0.05724104675505932,0x50af1719afddfd539fbc0b53b0be582f5b7b9abf,2017-10-20T13:12:40.000Z,0.00002099999999999999,0x67c1559f671935e1601eba3d688f029f87a00db6,sell,0xebc86d834756621444a8a26b4cf81b625fe310cd,0xba991efbcf9d80aa554c548a4972ce0823a9dbfb71d5fcd9e9158840950c3258
149,1262,0.027764,0x037f96a2a6430376cff5cd297cc40c2554f8f7bf,2017-10-20T13:09:42.000Z,0.000022,0x67c1559f671935e1601eba3d688f029f87a00db6,sell,0xebc86d834756621444a8a26b4cf81b625fe310cd,0x1db8326324c1349258b0d188b32e536072682f1e116dd793eed1f7bd9a92a86f
150,970.0879224091291,0.02135163517222493,0xd960ae5f5294d1c06af036e78bcd9dca1e7840b8,2017-10-20T12:11:07.000Z,0.00002200999999999999,0xf75e1b6f5cfa94d6645bd9bd9649e977fa333968,sell,0xebc86d834756621444a8a26b4cf81b625fe310cd,0xb4a89c26336008c186260f176610639d763b5ca96a2a0a3eb27f7b0f1c9c0700
151,9000,0.18909,0xe5113b174ce44a53f320d7988212cea10ffaa8f7,2017-10-20T12:10:16.000Z,0.00002101,0xf75e1b6f5cfa94d6645bd9bd9649e977fa333968,sell,0xebc86d834756621444a8a26b4cf81b625fe310cd,0xe36cc3af1ce8f54715558ea8c2005807084674083dc5abd05986a3561874d37b
152,3738,0.082236,0x037f96a2a6430376cff5cd297cc40c2554f8f7bf,2017-10-20T11:41:00.000Z,0.000022,0xc8cd137d8ad0646de03b86316bcf5ecca9e9b401,sell,0xebc86d834756621444a8a26b4cf81b625fe310cd,0x1af00a16b8658cdb5158fefe075b8a03c8a74dd7866ff0eac9b17515ddfacd32
153,100,0.0069,0xd960ae5f5294d1c06af036e78bcd9dca1e7840b8,2017-10-19T23:11:15.000Z,0.000069,0x5a3605315938bbde068ef0b0bfaf4f730f6968e8,buy,0xebc86d834756621444a8a26b4cf81b625fe310cd,0x15ae3ef96ce07b42dbe8495bb976fc5f00f54788851f040f979adecb2667548e
154,1513.2232289715132,0.10592562602800593,0xe5c55cc8174d9e272fd3fd1b2412164feb60bd86,2017-10-19T22:34:43.000Z,0.00007,0xf00dd34fa52d31aa537658baf071cbaeac59a66d,buy,0xebc86d834756621444a8a26b4cf81b625fe310cd,0x1ae43943e50896a2048493477f49ccbdf4c1605be9f9a250fd4ff85a38c7cae2
155,200,0.0096,0xe5c55cc8174d9e272fd3fd1b2412164feb60bd86,2017-10-19T22:33:43.000Z,0.000048,0x20e10d9c995c0731379818c97739ad424de6b047,buy,0xebc86d834756621444a8a26b4cf81b625fe310cd,0x23c71d10bf62a4b871916f703825ac06331984c4c6a160ae7ed5dc2ef9aa4c88
156,150,0.006,0xe5c55cc8174d9e272fd3fd1b2412164feb60bd86,2017-10-19T22:33:00.000Z,0.00004,0x4cd1ace2d57ac322437f4c853bdc492ab023de72,buy,0xebc86d834756621444a8a26b4cf81b625fe310cd,0x241a2efc459e8af9e3e15ce8773131b7bb0c75e3cc4524c469e9a4b6793644c0
157,238,0.00952,0xe5c55cc8174d9e272fd3fd1b2412164feb60bd86,2017-10-19T22:33:00.000Z,0.00004,0x20e10d9c995c0731379818c97739ad424de6b047,buy,0xebc86d834756621444a8a26b4cf81b625fe310cd,0x76a296fcc7e017b29d0109adde26956b36434de7aebbc3c9e8ebfbf2baf61535
158,1999,0.049975,0xe5c55cc8174d9e272fd3fd1b2412164feb60bd86,2017-10-19T22:31:52.000Z,0.000025,0x571a197a990a77738f7225849109d2556906e349,buy,0xebc86d834756621444a8a26b4cf81b625fe310cd,0x10f1cacd741022df599bee93a5913f8a47a3fe5c31918c0f5a07ef31f718f9f5
159,100,0.0023,0xe5c55cc8174d9e272fd3fd1b2412164feb60bd86,2017-10-19T22:31:52.000Z,0.000023,0x4cd1ace2d57ac322437f4c853bdc492ab023de72,buy,0xebc86d834756621444a8a26b4cf81b625fe310cd,0x3f5a2928ade48faa0a79d67911271a27f932912231ffb22571675a9ab4b6544e
160,2000,0.04,0xe5c55cc8174d9e272fd3fd1b2412164feb60bd86,2017-10-19T22:31:23.000Z,0.00002,0xc8f27c96c7e8d1a1a09bbc8f1988b4cff10898cb,buy,0xebc86d834756621444a8a26b4cf81b625fe310cd,0xc55d96f967b2d0d574f441eb04eb1b6ccea06f330dbac23e6956184d3cb7407a
161,6000,0.12,0xb8da992e13e98f837a37d1b877521b1f993859cb,2017-10-19T22:02:17.000Z,0.00002,0x1343ebb4d2abd16db3fc0d8eb7461532346d17c9,buy,0xebc86d834756621444a8a26b4cf81b625fe310cd,0x7a438480fec1cf252ec5a7c4989dfdc9bb02ea97fbbc9ad452ad147a2bd4fd7a
162,2000,0.04,0x68bbd7afd66f2a2c36a817bef85f07e5f63d60f4,2017-10-19T20:33:56.000Z,0.00002,0x1343ebb4d2abd16db3fc0d8eb7461532346d17c9,buy,0xebc86d834756621444a8a26b4cf81b625fe310cd,0x05568ff29fe7b416a47f95b026e491689617070b0bb479614cea6393c5c6c7fb
163,1000,0.02,0x68bbd7afd66f2a2c36a817bef85f07e5f63d60f4,2017-10-19T20:33:56.000Z,0.00002,0x4dca30bcc9c9db4408141cd67b1515e689f546d8,buy,0xebc86d834756621444a8a26b4cf81b625fe310cd,0xf79df44b8c787fca76f1ff36d1e66162f31626c64f66800e3ac680f099845a94
164,1,0.000025,0x3ac636ac5c3a2576156ac5f10066ca68abe0ad54,2017-10-19T13:12:02.000Z,0.000025,0x571a197a990a77738f7225849109d2556906e349,buy,0xebc86d834756621444a8a26b4cf81b625fe310cd,0x7e919c149f19777619d8952708ddb1edee466c9f841bb7d9aab6e3acbd62c7d9
165,996.9095803010667,0.009969095803010666,0x50af1719afddfd539fbc0b53b0be582f5b7b9abf,2017-10-19T13:11:06.000Z,0.00000999999999999999,0xa8b01089e46e607165136bd4297a790349d4f5d2,sell,0xebc86d834756621444a8a26b4cf81b625fe310cd,0x22d098a8cc1aa14b12f820bb4cbeea853669d058d7e657269a84629353e84386
166,996.9095803010667,0.009969095803010666,0x50af1719afddfd539fbc0b53b0be582f5b7b9abf,2017-10-19T13:07:01.000Z,0.00000999999999999999,0x75e6b566ad246444651e8d5c2de019edc42215b4,sell,0xebc86d834756621444a8a26b4cf81b625fe310cd,0x1a5d8a5e3f4d725a8391131b9782b72d95d76e7f33355951ddf6c1ce22bcaeab
167,1495.3643704516,0.029907287409032,0x50af1719afddfd539fbc0b53b0be582f5b7b9abf,2017-10-18T18:30:33.000Z,0.00001999999999999999,0x8a7bda8b25472ff30d4abdc403c5ccf03118a1ef,sell,0xebc86d834756621444a8a26b4cf81b625fe310cd,0x2c195480335caecfe16e39d5d7b9d28572addea8e79d93c07f99007631f0676b
168,3972.6846774997507,0.07945369354999501,0x50af1719afddfd539fbc0b53b0be582f5b7b9abf,2017-10-18T14:57:47.000Z,0.00001999999999999999,0x7947c781725b5a8896ac21de852b02a9f6258858,sell,0xebc86d834756621444a8a26b4cf81b625fe310cd,0x5bf55385ea3a18b36755bdbd73b9dd85f226f477f19a056fe4a692b5c7cf9042
169,996.9095803010667,0.01993819160602133,0x50af1719afddfd539fbc0b53b0be582f5b7b9abf,2017-10-18T12:25:57.000Z,0.00001999999999999999,0x529cc2283c4c8503c792b613a853b09a979bf6b1,sell,0xebc86d834756621444a8a26b4cf81b625fe310cd,0x611f41f0425ac158ca74d7ae352b2a9f28e26496daafb2d83dd579cf859d170d
170,951.9496859734822,0.019038993719469644,0x50af1719afddfd539fbc0b53b0be582f5b7b9abf,2017-10-18T11:53:58.000Z,0.00001999999999999999,0xf75e1b6f5cfa94d6645bd9bd9649e977fa333968,sell,0xebc86d834756621444a8a26b4cf81b625fe310cd,0xdc33735051ad35c94a9b1904342ff6035672e107bfc3fbd041d7fd9760bb14b2
171,7500,0.15,0x50af1719afddfd539fbc0b53b0be582f5b7b9abf,2017-10-18T11:52:47.000Z,0.00002,0xf75e1b6f5cfa94d6645bd9bd9649e977fa333968,sell,0xebc86d834756621444a8a26b4cf81b625fe310cd,0xcda891cbf1394bae50a1e5870af3c6c5950a338a1f28981daa5c457c30d6b253
172,6503.09,0.1300618,0x50af1719afddfd539fbc0b53b0be582f5b7b9abf,2017-10-18T11:50:42.000Z,0.00002,0xf75e1b6f5cfa94d6645bd9bd9649e977fa333968,sell,0xebc86d834756621444a8a26b4cf81b625fe310cd,0x322ba1628b8f0ef2cc53472bd441b747ea1da35571e58398961f11de0910e7ba
173,996.9095803010667,0.01993819160602133,0x50af1719afddfd539fbc0b53b0be582f5b7b9abf,2017-10-18T11:42:38.000Z,0.00001999999999999999,0x6bb665019956b9b728419f193aa22920daea3325,sell,0xebc86d834756621444a8a26b4cf81b625fe310cd,0x17537d934b00ffa1ba2ee149927bcc43e64d1f9bf5d5215504b9b6849d11248d
174,5000,0.05,0x50af1719afddfd539fbc0b53b0be582f5b7b9abf,2017-10-18T05:42:58.000Z,0.00001,0x7947c781725b5a8896ac21de852b02a9f6258858,sell,0xebc86d834756621444a8a26b4cf81b625fe310cd,0x30d9ba7252b98cf471b7b7510d19244f46cd399cb90dcc8200e41bce1220f053
175,1993.8191606021335,0.01993819160602133,0x50af1719afddfd539fbc0b53b0be582f5b7b9abf,2017-10-18T04:44:15.000Z,0.00000999999999999999,0x8e64cbf384f691bf68baeb6484fc4e1289eab131,sell,0xebc86d834756621444a8a26b4cf81b625fe310cd,0xdb2f2f68ef59e6cf003bc3acd87cd31b400c36b87fcad30e3b8ce6905346796a
176,15000,0.015,0xf75e1b6f5cfa94d6645bd9bd9649e977fa333968,2017-10-17T12:47:02.000Z,0.000001,0x20e10d9c995c0731379818c97739ad424de6b047,buy,0xebc86d834756621444a8a26b4cf81b625fe310cd,0x874ceb92cc7389c0daa13be90db90aaa049c49d5aa9652d9caf8833a85e8a3f9
