,amount,amountBase,buyer,date,price,seller,side,tokenAddr,txHash
0,33511.486,3.85382089,0x8e69a7a7fa07ebd03ed04853b0aee4696ef6d414,2017-11-02T11:16:04.000Z,0.000115,0xd92d343151d4d2a818f19b5d49fe16c6820a5f1c,buy,0x8f8221afbb33998d8584a2b05749ba73c37a938a,0xfea2782fa5a88019152a09664a861eb90a79e5cb0360aa5d3fd48d38a0c0c6b8
1,4416.179999999999,0.5060942279999999,0x09241ffa59717fa0987df2394e8b23aafcf54a60,2017-11-02T11:13:46.000Z,0.0001146,0x65f403f5ce12908bfa7d8089f54f097e8b686fae,buy,0x8f8221afbb33998d8584a2b05749ba73c37a938a,0x03013bbaaedd8f5409302585956cd95e60d09939fc4994263b5ebba597ba309c
2,4653.818687500709,0.518947321843204,0x56fe1912cacd8f4b103bb7d77763b12ad0df9db8,2017-11-02T11:08:59.000Z,0.00011151,0x09241ffa59717fa0987df2394e8b23aafcf54a60,sell,0x8f8221afbb33998d8584a2b05749ba73c37a938a,0x74ddb232a80db9f78a2c26789b96d98702d3363f7f179e8bb225e0b9c7c8380a
3,25243.744,2.827299328,0x9df668b00d9a4f875c2e38c15c67913bebdb242e,2017-11-02T11:02:41.000Z,0.000112,0x13fa426b90fb5c204b4855545f7e07d1519e234d,sell,0x8f8221afbb33998d8584a2b05749ba73c37a938a,0xbc55ad04c8c55019f5f7bda4013e99bfea169da6f424f597a0dc91f5efb8ea36
4,5247.112,0.5879388996,0x4ff2428c439e3623c9924ae520f16e459d1e6d99,2017-11-02T11:01:25.000Z,0.00011205,0x13fa426b90fb5c204b4855545f7e07d1519e234d,sell,0x8f8221afbb33998d8584a2b05749ba73c37a938a,0x77fd54c4c8d7ae8b1031bf4976b3980d0657bf1e09edc64c1871c2c66b84245b
5,10000,1.1204,0x36a507c386b0006c123b5f7cc8a66ad9a45110f5,2017-11-02T11:00:57.000Z,0.00011204,0x13fa426b90fb5c204b4855545f7e07d1519e234d,sell,0x8f8221afbb33998d8584a2b05749ba73c37a938a,0xf4df64fe955ec7895dd0463f427ef3ecc0150920e31cb2881e98025a78d63ce7
6,498.454911301527,0.0558518728113361,0x4ff2428c439e3623c9924ae520f16e459d1e6d99,2017-11-02T10:58:59.000Z,0.00011204999999999999,0x6f2f77791e8d219f73abaabdf45e7a91bf11b10a,sell,0x8f8221afbb33998d8584a2b05749ba73c37a938a,0xcef2f6dd89424f7b2ee0b1ea0eb43aa73da5b227951343dfb83fc65862dc575a
7,2.3851889071105177,0.000267260417041733,0x4ff2428c439e3623c9924ae520f16e459d1e6d99,2017-11-02T10:52:08.000Z,0.0001120499999999998,0x6d91f54040d517e2da18aff74f1a6ecd087b839d,sell,0x8f8221afbb33998d8584a2b05749ba73c37a938a,0x87dc32cfa8e72537e6d95c8bc498a4d2256a2d56968f85fd8c89c7dd7eef3853
8,40830.42568039079,4.573007676203768,0x9df668b00d9a4f875c2e38c15c67913bebdb242e,2017-11-02T10:50:44.000Z,0.00011199999999999998,0x13fa426b90fb5c204b4855545f7e07d1519e234d,sell,0x8f8221afbb33998d8584a2b05749ba73c37a938a,0x3b566e217441735d312baf741e94f8bf06ddbfb15083e38c1e52a889a2883fda
9,23925.8299272256,2.679692951849267,0x9df668b00d9a4f875c2e38c15c67913bebdb242e,2017-11-02T10:49:09.000Z,0.00011199999999999998,0x6d91f54040d517e2da18aff74f1a6ecd087b839d,sell,0x8f8221afbb33998d8584a2b05749ba73c37a938a,0xc01b2a07c3da0bcdaeb21b694717e050f49ade0ef85aa36e40b04891f80a3d93
10,1057.3270463994074,0.1184734955490536,0x4ff2428c439e3623c9924ae520f16e459d1e6d99,2017-11-02T10:41:22.000Z,0.00011204999999999999,0xb382cb00d46fb8e3a684a7ac37b69d9877595f5f,sell,0x8f8221afbb33998d8584a2b05749ba73c37a938a,0x6706c07882541b0a57c8a4b072ad21bde6b54a3d9acac412c598a60e4f529ec3
11,500,0.0566,0x462cdf194d12c5168e804fe7d91e639fb3bed21d,2017-11-02T10:37:11.000Z,0.0001132,0xb382cb00d46fb8e3a684a7ac37b69d9877595f5f,sell,0x8f8221afbb33998d8584a2b05749ba73c37a938a,0xabf67eb8f33f095e41ff08ffd6905f86616a241ef948a3a382dc13ff274af58b
12,97.60243245937623,0.011226231781477454,0xd8be8871c52b91a1f4f8457baf0dc0946d931132,2017-11-02T10:34:14.000Z,0.00011501999999999999,0xb382cb00d46fb8e3a684a7ac37b69d9877595f5f,sell,0x8f8221afbb33998d8584a2b05749ba73c37a938a,0x61bb8aac63c8590abebdecf9ca033ba96209687f263f0725446b73ceda9753c2
13,2194.7207046320764,0.24591845495402417,0x4ff2428c439e3623c9924ae520f16e459d1e6d99,2017-11-02T10:32:50.000Z,0.00011204999999999999,0x603ad2cf7a65b3e3af598d6e884d9cd512056ddb,sell,0x8f8221afbb33998d8584a2b05749ba73c37a938a,0x734c657a41349954e5452b1890ab330896a5d0f040cf4960c208ed4f1e2e987e
14,2.3975675406237706,0.000275768218522546,0xd8be8871c52b91a1f4f8457baf0dc0946d931132,2017-11-02T10:29:27.000Z,0.00011501999999999995,0x84d7a3202156e57b98cf4685c5cda2a27bba1097,sell,0x8f8221afbb33998d8584a2b05749ba73c37a938a,0xf94cffd36f6e8218c81f54e6127d46e12afd00380ce6cc4905769dbd5ef161cb
15,7624.657133001402,0.8617387491718185,0x632d7de0037bca4cdb13a4189473b7489e051dee,2017-11-02T10:28:21.000Z,0.00011301999999999999,0x8d41c3b2db390e688e5c2c90b33ade2727b11da8,sell,0x8f8221afbb33998d8584a2b05749ba73c37a938a,0x5e834296914c183e009d1cd2150232432d792203a8a71621c9cc876589fd8f75
16,500,0.05725,0x462cdf194d12c5168e804fe7d91e639fb3bed21d,2017-11-02T10:28:21.000Z,0.0001145,0x84d7a3202156e57b98cf4685c5cda2a27bba1097,sell,0x8f8221afbb33998d8584a2b05749ba73c37a938a,0x0a8925375e69c29ab9dba87c32caaf93cf5886bd0d6d8df5a122f8d8013e8080
17,500,0.057,0x462cdf194d12c5168e804fe7d91e639fb3bed21d,2017-11-02T10:26:47.000Z,0.000114,0x84d7a3202156e57b98cf4685c5cda2a27bba1097,sell,0x8f8221afbb33998d8584a2b05749ba73c37a938a,0x1e118200bb101a1242efe5eec8d9048443d1ee135c7aa703aaa8181bf7277417
18,4961.42320705812,0.5607400508617087,0x632d7de0037bca4cdb13a4189473b7489e051dee,2017-11-02T10:26:37.000Z,0.00011301999999999999,0x09241ffa59717fa0987df2394e8b23aafcf54a60,sell,0x8f8221afbb33998d8584a2b05749ba73c37a938a,0xf6e0c62d317928d6e05e53362f2ebd6b51754097fc265f7318b1e5323dee6d91
19,500,0.0575,0x462cdf194d12c5168e804fe7d91e639fb3bed21d,2017-11-02T10:26:37.000Z,0.000115,0x84d7a3202156e57b98cf4685c5cda2a27bba1097,sell,0x8f8221afbb33998d8584a2b05749ba73c37a938a,0xbce0cf089e510edf17b9420249002858a187ee38abb3bd955d685bf10fced622
20,4416.18,0.4999998996,0x65f403f5ce12908bfa7d8089f54f097e8b686fae,2017-11-02T10:25:57.000Z,0.00011322,0x8d41c3b2db390e688e5c2c90b33ade2727b11da8,sell,0x8f8221afbb33998d8584a2b05749ba73c37a938a,0xd2b31b4dc8e6a88949481c4c77bae8e98909e9c1f673ac0914c09120fbcf2849
21,23.127,0.0026619177,0xf2b05f8a997dd2ff4af0f6720baf0371b7718b48,2017-11-02T10:25:57.000Z,0.0001151,0x09241ffa59717fa0987df2394e8b23aafcf54a60,sell,0x8f8221afbb33998d8584a2b05749ba73c37a938a,0x9cdf1ebe40fc0133d878fefc7f0f73791cb821edc2940a9dbfeb3d88d855f7c4
22,181.37295746042759,0.02085789010794917,0xa3d501f28963cfc16d4f3c67094a55e233adb05c,2017-11-02T10:25:32.000Z,0.00011499999999999999,0x8d41c3b2db390e688e5c2c90b33ade2727b11da8,sell,0x8f8221afbb33998d8584a2b05749ba73c37a938a,0x533b21cf9143761e2dd4759559e5e6da4b1d039d47e23e3a4eefc0e5a738024c
23,7413.919659940478,0.8379211999664729,0x632d7de0037bca4cdb13a4189473b7489e051dee,2017-11-02T10:22:44.000Z,0.00011301999999999999,0x5aa943321f5b22bcf7a7d09c7eab8137aa1b72f8,sell,0x8f8221afbb33998d8584a2b05749ba73c37a938a,0xe5e4b2fa0d8cbd42b942282fbd76f319f4f1cc9208d304d1c4231b8a5bd05f97
24,4589.334675449834,0.5231841530012811,0x9b07fff6891e2352469a06321a993360ed411f1f,2017-11-02T10:20:39.000Z,0.00011399999999999999,0x5aa943321f5b22bcf7a7d09c7eab8137aa1b72f8,sell,0x8f8221afbb33998d8584a2b05749ba73c37a938a,0xd171b94ff8c77eb0b68bb4b029ac038a29057ee4c2a9beaea5721605281ff937
25,30000,3.45,0x39cd66cf1a4e3c1c3664029bcfabf9ea6d832f12,2017-11-02T10:19:36.000Z,0.000115,0x5aa943321f5b22bcf7a7d09c7eab8137aa1b72f8,sell,0x8f8221afbb33998d8584a2b05749ba73c37a938a,0xf523f0b3d172fe97594a31224449395045e797bac83a4d608603eec97ef0ffb5
26,1362.425,0.156678875,0xceb37817ed167eb771e482b0ebf87a4801ace4c4,2017-11-02T10:19:36.000Z,0.000115,0x5aa943321f5b22bcf7a7d09c7eab8137aa1b72f8,sell,0x8f8221afbb33998d8584a2b05749ba73c37a938a,0x1e31214a844518cb3c0c45322184d3a2fdf7e3a904fef042e530a31c0671076a
27,5410.665324550166,0.6168158469987189,0x9b07fff6891e2352469a06321a993360ed411f1f,2017-11-02T10:09:30.000Z,0.00011399999999999999,0x79b40b57a32ddc795c99faad6b573d8b474292cf,sell,0x8f8221afbb33998d8584a2b05749ba73c37a938a,0x1a9058a149f74302f4d88a875ce759d9bf94d208ae2e50ea01d74698008ecf99
28,8847.01050307003,1.0085591973499837,0x00349d285b0edc9faaf636d05c5aae51bf7eacd2,2017-11-02T10:05:51.000Z,0.00011399999999999999,0x79b40b57a32ddc795c99faad6b573d8b474292cf,sell,0x8f8221afbb33998d8584a2b05749ba73c37a938a,0x14dd61b20908f6e7201e155f125b93b3952e73d527369d8a4041dc1ea709f694
29,818.6270425395725,0.09414210989205082,0xa3d501f28963cfc16d4f3c67094a55e233adb05c,2017-11-02T09:55:51.000Z,0.00011499999999999999,0x92dfc5dbdad52902ad32c8b10c34eb93e1e80e90,sell,0x8f8221afbb33998d8584a2b05749ba73c37a938a,0xdd9d74b1871274f7c73df11ee06bbaa4609fd36ffa39918f0d253faff1d875d1
30,4350,0.50025,0x6cf51b7d6b2977714b633e27fcce6c573db1a047,2017-11-02T09:52:41.000Z,0.000115,0x92dfc5dbdad52902ad32c8b10c34eb93e1e80e90,sell,0x8f8221afbb33998d8584a2b05749ba73c37a938a,0x385333f058e6468d29a16548ba4cd853fc4176c00b9eb497f524c43e403487cd
31,4350,0.50025,0x6cf51b7d6b2977714b633e27fcce6c573db1a047,2017-11-02T09:51:30.000Z,0.000115,0x92dfc5dbdad52902ad32c8b10c34eb93e1e80e90,sell,0x8f8221afbb33998d8584a2b05749ba73c37a938a,0x385333f058e6468d29a16548ba4cd853fc4176c00b9eb497f524c43e403487cd
32,2626.0075356401576,0.3019908665986181,0x4e0d2f9acecfe4db764476c7a1dfb6d0288348af,2017-11-02T09:48:51.000Z,0.00011499999999999999,0x92dfc5dbdad52902ad32c8b10c34eb93e1e80e90,sell,0x8f8221afbb33998d8584a2b05749ba73c37a938a,0x67942dbe02ee471a18be03882c02499ea632bc07dabfbbd3153cae9dac7ad5f5
33,300,0.034599,0x4be7bced82b314ad60dc69274a75757e7d5d93a3,2017-11-02T09:42:25.000Z,0.00011533,0x92dfc5dbdad52902ad32c8b10c34eb93e1e80e90,sell,0x8f8221afbb33998d8584a2b05749ba73c37a938a,0xa7b042a90fa7783a7865a12b2c8cfb947b04439f531b1a3a0fd4d13d12f9a2e6
34,40000,4.612,0x9b07fff6891e2352469a06321a993360ed411f1f,2017-11-02T09:37:30.000Z,0.0001153,0xd92d343151d4d2a818f19b5d49fe16c6820a5f1c,buy,0x8f8221afbb33998d8584a2b05749ba73c37a938a,0xcc580b26a79ed6c82bbcea536c5e0a6bd6c26878119d64eb2438aa4e43c04e55
35,20266.28460174251,2.371155298403874,0x8d41c3b2db390e688e5c2c90b33ade2727b11da8,2017-11-02T09:36:11.000Z,0.000117,0x5aa943321f5b22bcf7a7d09c7eab8137aa1b72f8,buy,0x8f8221afbb33998d8584a2b05749ba73c37a938a,0xc19dd0a67f45e043de670d55efe24306deb2c231d68df3703750a8f70e6d4fa3
36,45683.5135016922,5.482021620203064,0xfccc604316be071ede8daef816f9b289559816fd,2017-11-02T09:25:55.000Z,0.00012,0xd92d343151d4d2a818f19b5d49fe16c6820a5f1c,buy,0x8f8221afbb33998d8584a2b05749ba73c37a938a,0x7f405ad8ed22cd2f42ebe924f648a3ce32659c51a34d51e49cdc3347b22d59a7
37,6761.214,0.8032322232,0xfccc604316be071ede8daef816f9b289559816fd,2017-11-02T09:25:05.000Z,0.0001188,0xdb8eb119800a162017e669ccc5910cd65d6ff96a,buy,0x8f8221afbb33998d8584a2b05749ba73c37a938a,0x822d38520f1a123438610f8c71fdb23d72b2e33710918a4e677780c0ec90bd1d
38,3645.9399999999996,0.43131470199999994,0xfccc604316be071ede8daef816f9b289559816fd,2017-11-02T09:24:00.000Z,0.0001183,0x65f403f5ce12908bfa7d8089f54f097e8b686fae,buy,0x8f8221afbb33998d8584a2b05749ba73c37a938a,0x5135c66affb375df251545eccb3aac7364473d63303ff8b0899852642cd3d662
39,3373.9924643598424,0.3880091334013819,0x4e0d2f9acecfe4db764476c7a1dfb6d0288348af,2017-11-02T09:09:23.000Z,0.00011499999999999999,0x603ad2cf7a65b3e3af598d6e884d9cd512056ddb,sell,0x8f8221afbb33998d8584a2b05749ba73c37a938a,0x63f554029bc1ae93f5c7b6c78bdfeec175a9d507c51541b685d454d55d554a91
40,5000,0.5755,0x9fa6ba874e0a66ed4bb22e1a667ff522d7102be1,2017-11-02T09:09:12.000Z,0.0001151,0x603ad2cf7a65b3e3af598d6e884d9cd512056ddb,sell,0x8f8221afbb33998d8584a2b05749ba73c37a938a,0xeb379bc151176484706875c7055cfe694acb7637a032b6352602033d6d5bae09
41,13388.98949692997,1.5263448026500164,0x00349d285b0edc9faaf636d05c5aae51bf7eacd2,2017-11-02T09:09:12.000Z,0.00011399999999999999,0xa512be805118987a5874be8d2c49fd3db649e0dd,sell,0x8f8221afbb33998d8584a2b05749ba73c37a938a,0x1529d7bee0e1261e6c6fd75027bd395ae21b213896f45033ab3dd23bbc0cf6ed
42,8475.592729268003,0.9747016394585495,0x0c9719fa4cdbcd3bd74f3bcb46b4be1910b498d7,2017-11-02T09:09:12.000Z,0.00011500099999999999,0x603ad2cf7a65b3e3af598d6e884d9cd512056ddb,sell,0x8f8221afbb33998d8584a2b05749ba73c37a938a,0xb884688ef2139292c7f3614663aa1d5c4a0f144735eec2e2b620e1ab795cd8a1
43,32203.9096657872,3.7069920416287645,0x3833f8dbdbd6bdcb6a883ff209b869148965b364,2017-11-02T09:07:07.000Z,0.00011510999999999999,0xfccc604316be071ede8daef816f9b289559816fd,sell,0x8f8221afbb33998d8584a2b05749ba73c37a938a,0xc85fd0a600183ba85ecd6b1c59b57b240216c50a05a26f9f54729f45396ddbbf
44,27696.399376182693,3.1881325321923897,0x3833f8dbdbd6bdcb6a883ff209b869148965b364,2017-11-02T09:06:17.000Z,0.00011510999999999999,0x41b282b77d7f5fc8e48d1a876e7523601043bf0f,sell,0x8f8221afbb33998d8584a2b05749ba73c37a938a,0xc30f999196610ab376cd63d2b3635267e8b69ba6dcfaca98e1f3229e13fe98ae
45,5000,0.577,0x531a74130ebc9e2f33e25928998a183a5e46c495,2017-11-02T09:05:34.000Z,0.0001154,0x41b282b77d7f5fc8e48d1a876e7523601043bf0f,sell,0x8f8221afbb33998d8584a2b05749ba73c37a938a,0x119aa4e8a26eb4bb3f6ae3d75741546be0ce4197dbb3a394a8f2ba1fcd92ce5b
46,4310,0.49996,0x1da172bb228518f94f7040b68f07a5af1b0e6aa8,2017-11-02T09:05:34.000Z,0.000116,0x41b282b77d7f5fc8e48d1a876e7523601043bf0f,sell,0x8f8221afbb33998d8584a2b05749ba73c37a938a,0x921ded2df6ac4b7d56419f1976efd3e752c37180fe7e83a8db1459856d9c58e9
47,63521.652,7.3240464756,0x465fa41ce86e23d808a402e82d2b87ed19eeb282,2017-11-02T09:05:28.000Z,0.0001153,0x41b282b77d7f5fc8e48d1a876e7523601043bf0f,sell,0x8f8221afbb33998d8584a2b05749ba73c37a938a,0x35dfd07df740dada3d205cfe53ef44737540d8e3e6602327d3b598ef7abba2a6
48,29966,3.506022,0xc90f44d6c1bc0633d2bbba661f85062645aa0207,2017-11-02T09:04:10.000Z,0.000117,0x41b282b77d7f5fc8e48d1a876e7523601043bf0f,sell,0x8f8221afbb33998d8584a2b05749ba73c37a938a,0x2ad9d6cdfb56ccb3c95ae9b5204d6778548a420773723a2bd9ddb914aa59ad4b
49,19865.817992133834,2.32626742106088,0x65a83820d3a8cd3c72e1b7f8b9e95c1571f0b062,2017-11-02T09:03:56.000Z,0.00011709899999999998,0x41b282b77d7f5fc8e48d1a876e7523601043bf0f,sell,0x8f8221afbb33998d8584a2b05749ba73c37a938a,0x27f401d15d6ca699edc57987fbd539023f63561ba0966f7e61756c08206128e0
50,14123.484551635007,1.6538459175119076,0x65a83820d3a8cd3c72e1b7f8b9e95c1571f0b062,2017-11-02T09:00:59.000Z,0.00011709899999999998,0x603ad2cf7a65b3e3af598d6e884d9cd512056ddb,sell,0x8f8221afbb33998d8584a2b05749ba73c37a938a,0x348407bb29dc6efdd0a026aa4ef5fc7b51e4f5e31806c85bdb3a2167bc072121
51,8010.69745623116,0.9380446614272125,0x65a83820d3a8cd3c72e1b7f8b9e95c1571f0b062,2017-11-02T08:56:18.000Z,0.00011709899999999998,0xab296c308b24c972b60a662262f144eeefc27ec8,sell,0x8f8221afbb33998d8584a2b05749ba73c37a938a,0x1c16bff6cdcc50a966390fe563dae2f434dcbf8d439ebade2b181bb4f7305d2f
52,34,0.003978,0xc90f44d6c1bc0633d2bbba661f85062645aa0207,2017-11-02T08:44:24.000Z,0.000117,0x04a0a60bb99af08fa389f5d75cea5f5249af696b,sell,0x8f8221afbb33998d8584a2b05749ba73c37a938a,0xf8c2d9f2b26ba43468aa0be7fe972ec01b03c8ecb06c37b1abd4c5c598094135
53,25899,3.030208899,0xfd64c2a459d7cc1410bb99c5c5c7296bd20bee65,2017-11-02T08:41:10.000Z,0.000117001,0xfccc604316be071ede8daef816f9b289559816fd,sell,0x8f8221afbb33998d8584a2b05749ba73c37a938a,0x5705a4d289237de4a8e8e8701c8cfd6f5b13640740d567b2edffce6e46afd93e
54,10000,1.17001,0xfd64c2a459d7cc1410bb99c5c5c7296bd20bee65,2017-11-02T08:33:12.000Z,0.000117001,0x64d9398c4592a94bb8450752e3aec2aacf3943d7,sell,0x8f8221afbb33998d8584a2b05749ba73c37a938a,0x2b129d6c0086a08652a6fd3cb0a31bb94fb53f5c2efc72f6233d003aa08cc091
55,4300,0.503143,0x1da172bb228518f94f7040b68f07a5af1b0e6aa8,2017-11-02T08:32:59.000Z,0.00011701,0x64d9398c4592a94bb8450752e3aec2aacf3943d7,sell,0x8f8221afbb33998d8584a2b05749ba73c37a938a,0x5f441600a03f5458c577a8b3dc8685abb4e223867f3a6065d8760c6e7fd18724
56,28.347714855334083,0.003268491522820019,0x465fa41ce86e23d808a402e82d2b87ed19eeb282,2017-11-02T07:43:15.000Z,0.00011529999999999997,0x4c571557888393ee279b5cfca882a28908469bc4,sell,0x8f8221afbb33998d8584a2b05749ba73c37a938a,0x273129813e243684115c984d42c4bbe7e9f7d3f9692afc4a4c93dbe701e26163
57,1450,0.167185,0x465fa41ce86e23d808a402e82d2b87ed19eeb282,2017-11-02T07:41:49.000Z,0.0001153,0x4c571557888393ee279b5cfca882a28908469bc4,sell,0x8f8221afbb33998d8584a2b05749ba73c37a938a,0x20bec1e5c144536d6bb4b0ff7916a35089778aaef1d7901bad0e0b468c38ccb0
58,19999.580604283834,2.3041516814195404,0x632d7de0037bca4cdb13a4189473b7489e051dee,2017-11-02T07:39:17.000Z,0.00011520999999999999,0x4c571557888393ee279b5cfca882a28908469bc4,sell,0x8f8221afbb33998d8584a2b05749ba73c37a938a,0xd5f3b49af6ed186c8ec98097e483cd2e31c6ad5382f1810ae3476d88e93a4b54
59,450,0.0524259,0x4be7bced82b314ad60dc69274a75757e7d5d93a3,2017-11-02T07:37:10.000Z,0.000116502,0x4c571557888393ee279b5cfca882a28908469bc4,sell,0x8f8221afbb33998d8584a2b05749ba73c37a938a,0xc3bc67a6f272530c515f25cc6db49f223e0237883c2f079e952b07dc6a5628bb
60,75891.416,8.841425855416,0xf70f84728c5f4035bc8b851128d07e1e9104060e,2017-11-02T07:37:10.000Z,0.000116501,0x4c571557888393ee279b5cfca882a28908469bc4,sell,0x8f8221afbb33998d8584a2b05749ba73c37a938a,0x40eee92cbfff20f15de8be373ef5794a8b58a8c95cef0cecd465bcc5b249b1cd
61,10000,1.16501,0xf70f84728c5f4035bc8b851128d07e1e9104060e,2017-11-02T07:17:57.000Z,0.000116501,0x638072ce19cd61c6c93475c85283ec36ec33b924,sell,0x8f8221afbb33998d8584a2b05749ba73c37a938a,0x22d959575ee71f719f2958fd0aec03b75506ed1ecbcb507a7f8d9c1e2fc7b485
62,8.58361730800594,0.000999999999999999,0xf70f84728c5f4035bc8b851128d07e1e9104060e,2017-11-02T07:10:18.000Z,0.00011650099999999989,0xeead589643e5662a18ea47586f9db4850be4a387,sell,0x8f8221afbb33998d8584a2b05749ba73c37a938a,0x32529ac6def7289f9ec52301c4a66ada225b143830a06ab0551adf7d8f72aff0
63,500,0.061185,0xc73604d0514ac01e63513d07601e7e98f2f117b4,2017-11-02T07:05:57.000Z,0.00012237,0x65f403f5ce12908bfa7d8089f54f097e8b686fae,buy,0x8f8221afbb33998d8584a2b05749ba73c37a938a,0xc9a4a13f71a66007435be7fd2f57dede40613af04affb29c038165bc1c4cbb6e
64,24000,2.808,0x03f733d1b410819d27fde1627bd044cea152fea7,2017-11-02T07:02:45.000Z,0.000117,0xeead589643e5662a18ea47586f9db4850be4a387,sell,0x8f8221afbb33998d8584a2b05749ba73c37a938a,0x4d8334e88ea98539013bb8a46209ac30856b4157dfce5fa8b6cb3be727ca85c4
65,0.41939571616693266,0.000048318580459592,0x632d7de0037bca4cdb13a4189473b7489e051dee,2017-11-02T06:21:22.000Z,0.00011520999999999924,0xa63cacf21ea07928f1d0f17558ef823fa00c6425,sell,0x8f8221afbb33998d8584a2b05749ba73c37a938a,0x2f455192eaed8e6d73e12a86745b559c25522fd4e633bdf64b4839b480c8d568
66,99.69095803010667,0.011475426178845578,0x3833f8dbdbd6bdcb6a883ff209b869148965b364,2017-11-02T05:53:10.000Z,0.00011510999999999999,0xe62b49dd208f7c0f0be52be7667c8a92d5ce7cc2,sell,0x8f8221afbb33998d8584a2b05749ba73c37a938a,0x465d8dcbf5d4a18a5e8e50e69ce87ada766c080c48176544d331886c9788dfc8
67,668,0.08016,0xb68c28e8ef4149a35e2b759bb676f0a66df73739,2017-11-02T05:49:16.000Z,0.00012,0x92dfc5dbdad52902ad32c8b10c34eb93e1e80e90,sell,0x8f8221afbb33998d8584a2b05749ba73c37a938a,0x5aa1a4ce7264ad5c29d2f8bd1b93aaf20be61e5e8b88ff7388498ab7bfe7f85b
68,11575.71683,1.3890860196,0x47c40215d36b0104545bc7b95fb6cbe583175b67,2017-11-02T05:47:32.000Z,0.00012,0x92dfc5dbdad52902ad32c8b10c34eb93e1e80e90,sell,0x8f8221afbb33998d8584a2b05749ba73c37a938a,0x371eaada1d86b2f545902a5f95e826977f11361238ffac846786f3226f847724
69,15842.898032314135,1.9011477638776961,0x47c40215d36b0104545bc7b95fb6cbe583175b67,2017-11-02T05:40:14.000Z,0.00011999999999999999,0xd3a65f8c8c5ed562d8ea7a1fc8dc4391e26c4684,sell,0x8f8221afbb33998d8584a2b05749ba73c37a938a,0xec4ab4ee24f13ef3aeb3419613924af7d8386b6f927f04824e5ca3cbc70f6049
70,4145.94,0.500000364,0x65f403f5ce12908bfa7d8089f54f097e8b686fae,2017-11-02T05:35:13.000Z,0.0001206,0xa3b2ceb252ec28d6bb74c78831ebfa56829ff4ed,sell,0x8f8221afbb33998d8584a2b05749ba73c37a938a,0xbaac27dcbfc9dd8146aa20bf513c17c5fc5dde5b14e1d7677c2c25bfc4730b8f
71,3210,0.3852,0x47c40215d36b0104545bc7b95fb6cbe583175b67,2017-11-02T05:33:35.000Z,0.00012,0xa3b2ceb252ec28d6bb74c78831ebfa56829ff4ed,sell,0x8f8221afbb33998d8584a2b05749ba73c37a938a,0xe37d01a4f2fdd4e3bbcaeea576f6969cebf1f1685d36bd668e674c39278c07a6
72,4984.547901505333,0.59814574818064,0x47c40215d36b0104545bc7b95fb6cbe583175b67,2017-11-02T05:31:54.000Z,0.00011999999999999999,0x283df812b3d799dbe70781983e2d94073028d863,sell,0x8f8221afbb33998d8584a2b05749ba73c37a938a,0xdef7bb0c9b0b161a015fafdf5a20bc8c973983b08dc020296fa6e8502e2fc00e
73,1801.2510852329199,0.21615013022795038,0x47c40215d36b0104545bc7b95fb6cbe583175b67,2017-11-02T05:27:21.000Z,0.00011999999999999999,0x92dfc5dbdad52902ad32c8b10c34eb93e1e80e90,sell,0x8f8221afbb33998d8584a2b05749ba73c37a938a,0x4d8e67e5f60d45249022c7b7e6ecdbb90a316de01f52f66d1534868228e84bd3
74,4585.58614295913,0.5502703371550955,0x47c40215d36b0104545bc7b95fb6cbe583175b67,2017-11-02T05:16:46.000Z,0.00011999999999999999,0x445e2763f58d6e50fdfb1592e90e007d260a8b9b,sell,0x8f8221afbb33998d8584a2b05749ba73c37a938a,0xac288168a4f3a64a5e7e11adc7b31d105d326b18d672dc2421beef23bca96d7f
75,21815.227,2.639642467,0x47c40215d36b0104545bc7b95fb6cbe583175b67,2017-11-02T05:13:06.000Z,0.000121,0x92dfc5dbdad52902ad32c8b10c34eb93e1e80e90,sell,0x8f8221afbb33998d8584a2b05749ba73c37a938a,0x2b98d39c952cec1e3d786bd21b534adead15bafd528ab425e367e77a9b0f230d
76,2000,0.259,0x5e291563aa97ec35e192d1509755499e0be1d2e4,2017-11-02T05:11:49.000Z,0.0001295,0x450573f9ec383956e44d7a62b363107594d76c70,buy,0x8f8221afbb33998d8584a2b05749ba73c37a938a,0xfef42dbe37a3f87eda36fc905445aa7249ead7668c3a34c38c188a94b24fb98b
77,19184.772935898713,2.3213575252437444,0x47c40215d36b0104545bc7b95fb6cbe583175b67,2017-11-02T05:10:45.000Z,0.00012099999999999999,0xa3b2ceb252ec28d6bb74c78831ebfa56829ff4ed,sell,0x8f8221afbb33998d8584a2b05749ba73c37a938a,0xe83550ab683adf838d88961c5bcb2833834add32e660cab033d1aa1041739539
78,2000,0.261,0x5e291563aa97ec35e192d1509755499e0be1d2e4,2017-11-02T05:03:58.000Z,0.0001305,0x450573f9ec383956e44d7a62b363107594d76c70,buy,0x8f8221afbb33998d8584a2b05749ba73c37a938a,0x8918f4b7ad08d908410f5212aa2b79764d64735672c85dc6f05f06a5fe7b600a
79,422,0.05420168,0xb68c28e8ef4149a35e2b759bb676f0a66df73739,2017-11-02T04:42:38.000Z,0.00012844,0xa3b2ceb252ec28d6bb74c78831ebfa56829ff4ed,buy,0x8f8221afbb33998d8584a2b05749ba73c37a938a,0x7705b51a3abd4084d9f96eecb1bd08fa9b638acef31a6465a3d216de0adf0a9d
80,19710.261,2.54715702903,0xfeb8ff1446cd67a850c2ae3305168aa6057d4f4f,2017-11-02T04:37:02.000Z,0.00012923,0x8810fe63810af7e1407e06e4eb21936b358a48cc,buy,0x8f8221afbb33998d8584a2b05749ba73c37a938a,0x07d5b6b9ef93bf5ab78f5d2e9d0a9e8bceafcf5ef1bc3048dc3fa5c8a7c797d1
81,27500,3.52,0xfeb8ff1446cd67a850c2ae3305168aa6057d4f4f,2017-11-02T04:36:23.000Z,0.000128,0x79b40b57a32ddc795c99faad6b573d8b474292cf,buy,0x8f8221afbb33998d8584a2b05749ba73c37a938a,0xec7e3b7115bee1aea295746c6c01613320a093cf2404ec7005ed77dc3be9c881
82,4300,0.54567,0xfeb8ff1446cd67a850c2ae3305168aa6057d4f4f,2017-11-02T04:36:23.000Z,0.0001269,0x1da172bb228518f94f7040b68f07a5af1b0e6aa8,buy,0x8f8221afbb33998d8584a2b05749ba73c37a938a,0xef58f6817d1efc6df7a15cc5243fd44bdc5e10ef5c970de6bcd212b185020ffe
83,8794,1.1203556,0xfeb8ff1446cd67a850c2ae3305168aa6057d4f4f,2017-11-02T04:36:23.000Z,0.0001274,0x36a507c386b0006c123b5f7cc8a66ad9a45110f5,buy,0x8f8221afbb33998d8584a2b05749ba73c37a938a,0xa3cb53953d06b13d7324a4009fefabeba1e38af49ab492c765a0868be5cee67a
84,13000,1.6575,0xfeb8ff1446cd67a850c2ae3305168aa6057d4f4f,2017-11-02T04:34:42.000Z,0.0001275,0x03c0974e0d234079280b2f9e38b10647f0a5ef86,buy,0x8f8221afbb33998d8584a2b05749ba73c37a938a,0xb808fd72b6419c3df2a6ad3d2035de006990b07d907b535e329862527296e1fc
85,15862,1.887578,0xfeb8ff1446cd67a850c2ae3305168aa6057d4f4f,2017-11-02T04:34:42.000Z,0.000119,0xc6afcaa8099be35a6c409ee15f1cf77614d67c8d,buy,0x8f8221afbb33998d8584a2b05749ba73c37a938a,0xb17a4482c3dab9e3239af63ab6dffe255be46a572b7235449693487e466d405a
86,17420,2.123498,0xfeb8ff1446cd67a850c2ae3305168aa6057d4f4f,2017-11-02T04:34:42.000Z,0.0001219,0xc6afcaa8099be35a6c409ee15f1cf77614d67c8d,buy,0x8f8221afbb33998d8584a2b05749ba73c37a938a,0x4131ca9eddea48ae060e40c22b4775d25652405def783aa670da62b03c3b7999
87,4216.92,0.500126712,0xfeb8ff1446cd67a850c2ae3305168aa6057d4f4f,2017-11-02T04:34:07.000Z,0.0001186,0x65f403f5ce12908bfa7d8089f54f097e8b686fae,buy,0x8f8221afbb33998d8584a2b05749ba73c37a938a,0xf1f2876db3673cf55616578162956b0f59ccc22f8a2eee72ab6c9de66b9888cf
88,13872.298403419145,1.5953143163932015,0xceb37817ed167eb771e482b0ebf87a4801ace4c4,2017-11-02T03:12:10.000Z,0.00011499999999999999,0x0c6ead592dd190072e898e807f2fc68e98bcd8be,sell,0x8f8221afbb33998d8584a2b05749ba73c37a938a,0xab0e4922f4760f6744589435c93a0a490dc90ad82ee15fd2de63a5a893790f4b
89,4765.276574618682,0.5480068060811485,0xceb37817ed167eb771e482b0ebf87a4801ace4c4,2017-11-02T02:58:18.000Z,0.00011499999999999999,0x353d00e7252bba726c2ad84cda699f65c427ab08,sell,0x8f8221afbb33998d8584a2b05749ba73c37a938a,0x9d4953048c96b80e5d811720947a0184693104c7801073bb27897bdc947c36fe
90,7198.356,0.82781094,0x7e866e92c5c6dd94ad2bfa126825a7b6592b757d,2017-11-02T02:57:22.000Z,0.000115,0x353d00e7252bba726c2ad84cda699f65c427ab08,sell,0x8f8221afbb33998d8584a2b05749ba73c37a938a,0xd7b813dd5398fe56aae962df88330cc2fb4af59949d662c32670645835dd98e3
91,14953.643704516,1.7196690260193401,0x7e866e92c5c6dd94ad2bfa126825a7b6592b757d,2017-11-02T02:51:56.000Z,0.00011499999999999999,0xa512be805118987a5874be8d2c49fd3db649e0dd,sell,0x8f8221afbb33998d8584a2b05749ba73c37a938a,0xad8c7b87bb57b74b2f18603a79e0d71867d44901b25f01a2158224e93698ee26
92,19590.924697437942,2.252956340205363,0xd6ee38d37c5bf2bc6cfe3a171dc6802d64381fe1,2017-11-02T02:50:11.000Z,0.00011499999999999999,0x0c6ead592dd190072e898e807f2fc68e98bcd8be,sell,0x8f8221afbb33998d8584a2b05749ba73c37a938a,0x588496a2dd9a7dc0d77e3d9090d8a5837fff5bfba4ac8ac26784d9f70bccb81b
93,4399.075302562058,0.5058936597946366,0xd6ee38d37c5bf2bc6cfe3a171dc6802d64381fe1,2017-11-02T02:17:12.000Z,0.00011499999999999999,0x2dad638998a5433d8e6cfc16d5f129affb607265,sell,0x8f8221afbb33998d8584a2b05749ba73c37a938a,0xe4db655ecbbe902224093c4cec633a7fd2be935a0edcb3ca84ed3ef56c2e2b58
94,18033.188,2.086457884788,0x5f0e787054e5e2d7d8fbeeec53828fcba9598240,2017-11-02T02:16:05.000Z,0.000115701,0x2dad638998a5433d8e6cfc16d5f129affb607265,sell,0x8f8221afbb33998d8584a2b05749ba73c37a938a,0x5c5df9899955598ff28bc2f6ae713e8c75a46c0ae2eb94457e3255e9d8d9d926
95,20288.74688465756,2.3474283033017644,0x5f0e787054e5e2d7d8fbeeec53828fcba9598240,2017-11-02T02:14:28.000Z,0.000115701,0xac6fad088f70c41f941d1d3662c0a6ee53a1bcb5,sell,0x8f8221afbb33998d8584a2b05749ba73c37a938a,0x4ec7859dd739ddc910f33e17672f1eb0f0191365fdffcd42499c4f8feeaac06b
96,4300,0.4988,0x1da172bb228518f94f7040b68f07a5af1b0e6aa8,2017-11-02T02:01:31.000Z,0.000116,0x317b77424666395488b5a21ca064b6aa1d455998,sell,0x8f8221afbb33998d8584a2b05749ba73c37a938a,0xfe32274eaaf00eba81022221ddfd21bd37fd86705394f58b0855e210741ecffd
97,70000,8.05084,0x98b8f889dbe2b5c4c5879f65e13b24012f2afdce,2017-11-02T02:01:31.000Z,0.000115012,0x317b77424666395488b5a21ca064b6aa1d455998,sell,0x8f8221afbb33998d8584a2b05749ba73c37a938a,0xa5b4d6e2423eda1f903ebed6b28951d59a284aeecee7140855b045580f0dd0a7
98,1.1794842567643535,0.000136467507991892,0x5f0e787054e5e2d7d8fbeeec53828fcba9598240,2017-11-02T01:55:05.000Z,0.0001157009999999996,0xf265ea52425ab346ea0ce2da92031246bde9931b,sell,0x8f8221afbb33998d8584a2b05749ba73c37a938a,0x0c68e102f6b51afa7a82b024a9836b46c41d7b1b5988c1e2f4797e6a3bbcebf8
99,11831.40657960323,1.3689055726666732,0x5f0e787054e5e2d7d8fbeeec53828fcba9598240,2017-11-02T01:53:56.000Z,0.000115701,0xf265ea52425ab346ea0ce2da92031246bde9931b,sell,0x8f8221afbb33998d8584a2b05749ba73c37a938a,0x078bcf7562366ae5f12e4b58ad5a72f56901ec76d9c072c6bcb5738061507844
100,200,0.0232022,0x764e9957bb9494d5a2fa0a85361359b02ddbe220,2017-11-02T01:52:30.000Z,0.000116011,0xf265ea52425ab346ea0ce2da92031246bde9931b,sell,0x8f8221afbb33998d8584a2b05749ba73c37a938a,0x4f429700171a3ad5870b8fae111de53c5205bb3225ca5dcd3e04cb0eedd41713
101,10000,1.16225,0xa59fb839e80142c9d0515155702d35f9dce4439e,2017-11-02T01:51:59.000Z,0.000116225,0xf265ea52425ab346ea0ce2da92031246bde9931b,sell,0x8f8221afbb33998d8584a2b05749ba73c37a938a,0xad9e5c28803a49094fa285aa34c4c285a7d1992b94831d6b86816caa93223cb6
102,4216.92,0.5000002044,0x65f403f5ce12908bfa7d8089f54f097e8b686fae,2017-11-02T01:51:39.000Z,0.00011857,0xf265ea52425ab346ea0ce2da92031246bde9931b,sell,0x8f8221afbb33998d8584a2b05749ba73c37a938a,0xdd36cf48436d5db31199509ed89d0ee76518ab0a5955e8d83a057971d66f4907
103,7215.1,0.85282482,0x632d7de0037bca4cdb13a4189473b7489e051dee,2017-11-02T01:49:27.000Z,0.0001182,0xf265ea52425ab346ea0ce2da92031246bde9931b,sell,0x8f8221afbb33998d8584a2b05749ba73c37a938a,0xef305c300c456a5ac305f1be4607948b552ae28714004cab4ab36f958383f5be
104,2580,0.314502,0x93f391674cf7a8b59c41a58243a92e4cb225b19d,2017-11-02T01:46:49.000Z,0.0001219,0xc6afcaa8099be35a6c409ee15f1cf77614d67c8d,buy,0x8f8221afbb33998d8584a2b05749ba73c37a938a,0x013d5bd68db0901500a1160077419daa2b87f372693a8f1c0e566b31d2332ad2
105,4306.648999999999,0.5233439864799999,0x93f391674cf7a8b59c41a58243a92e4cb225b19d,2017-11-02T01:44:39.000Z,0.00012152,0x65f403f5ce12908bfa7d8089f54f097e8b686fae,buy,0x8f8221afbb33998d8584a2b05749ba73c37a938a,0x8f392835bd96b9fb85f54620108f025f3c48550278775d51f29e81ebcd156ac3
106,3281,0.39870712,0xa3a19631b4b81f2bbb969ba16a8236df012d3d41,2017-11-02T01:36:54.000Z,0.00012152,0xc6afcaa8099be35a6c409ee15f1cf77614d67c8d,sell,0x8f8221afbb33998d8584a2b05749ba73c37a938a,0x441c8261ca57ae4925fd15be81f0e7276566c2c41432d1878d12442614f81990
107,49845.47901505334,5.7671717675206855,0x5f0e787054e5e2d7d8fbeeec53828fcba9598240,2017-11-02T01:35:43.000Z,0.000115701,0xf48b5d77d69e9e457ab3907eaafc7ef154c698fd,sell,0x8f8221afbb33998d8584a2b05749ba73c37a938a,0x2789d4ba050080e726f93ca6870cb143bf51ace823e3f4f332d771fa4bd19eeb
108,5000,0.59475,0x9cf1e2584712cf3dd5532bcb18591100eaface48,2017-11-02T01:28:23.000Z,0.00011895,0xbd042914c93361e248a56db78403e99ef01a1c14,sell,0x8f8221afbb33998d8584a2b05749ba73c37a938a,0x2c93da2d383d05e9578ef791731184d8c541a169980206026456f2c83aef2aae
109,2860,0.34034,0xf073a4cca326b7356e3930c4b46651667e6d4ee3,2017-11-02T01:28:02.000Z,0.000119,0xbd042914c93361e248a56db78403e99ef01a1c14,sell,0x8f8221afbb33998d8584a2b05749ba73c37a938a,0x4916ec2f535aad409aae923599e1b3ae62d9ad9a9cbef9c0bae9bc775add1412
110,405,0.0486,0xced05165068616f2f17b0681fc00f40ef8772a96,2017-11-02T01:27:39.000Z,0.00012,0xbd042914c93361e248a56db78403e99ef01a1c14,sell,0x8f8221afbb33998d8584a2b05749ba73c37a938a,0x765eae281e2dca3357f0fe18a1fc1a3e45c4fe02b0a1c261960968a148b21745
111,4173.27,0.4999994787,0x65f403f5ce12908bfa7d8089f54f097e8b686fae,2017-11-02T01:26:12.000Z,0.00011981,0xc6afcaa8099be35a6c409ee15f1cf77614d67c8d,sell,0x8f8221afbb33998d8584a2b05749ba73c37a938a,0x2e3fd6e8cc909e9ce61ffca7e26d7902ab08144e300d83405b04b310aff47b21
112,26200,3.1964,0x63593bcd3e9a6eafc76b5c6804ad374dc8ccaabb,2017-11-02T01:20:40.000Z,0.000122,0x41b282b77d7f5fc8e48d1a876e7523601043bf0f,sell,0x8f8221afbb33998d8584a2b05749ba73c37a938a,0xe5d1cd68224bbf830f8501fa4d3c77487f3ab2c77b29acf3f479bebd0c609812
113,711.7076684443448,0.08753933151098596,0xf02913aba543137a8826fd457a8f8d97a2e5782b,2017-11-02T01:02:51.000Z,0.000122999,0x41b282b77d7f5fc8e48d1a876e7523601043bf0f,buy,0x8f8221afbb33998d8584a2b05749ba73c37a938a,0x404bd35615682be22df01200aaa36174b0df077547b7369460d9505da7daaa3f
114,276.483,0.033182936694,0x5240c3a1e949abc4e77fe3ac24655355ecf2df8b,2017-11-02T01:01:54.000Z,0.000120018,0xc6afcaa8099be35a6c409ee15f1cf77614d67c8d,sell,0x8f8221afbb33998d8584a2b05749ba73c37a938a,0x2fd5b72956cc04e6851399458cde69e7bb7ea834e3e713c0ca879aa15277850e
115,1000,0.12,0xa3d501f28963cfc16d4f3c67094a55e233adb05c,2017-11-02T01:00:17.000Z,0.00012,0xc6afcaa8099be35a6c409ee15f1cf77614d67c8d,sell,0x8f8221afbb33998d8584a2b05749ba73c37a938a,0xb43fc70e5b3fc37be7ee22cfe8e3ac52cbaa9ba3a00cee5c624b8cb5a51ec6b7
116,678.862,0.081475320085,0xa59fb839e80142c9d0515155702d35f9dce4439e,2017-11-02T00:59:58.000Z,0.0001200175,0xc6afcaa8099be35a6c409ee15f1cf77614d67c8d,sell,0x8f8221afbb33998d8584a2b05749ba73c37a938a,0x5251211c1ac4ab19718c151ef185df11c29bb0ce5f3715e1eb359053f076cf2f
117,4300.4,0.528906196,0xd33e0d4e8eb5fb98b04bad1bddb7060c29c1eb0e,2017-11-02T00:59:07.000Z,0.00012299,0x1da172bb228518f94f7040b68f07a5af1b0e6aa8,buy,0x8f8221afbb33998d8584a2b05749ba73c37a938a,0xf3c4ca360e42a3e55da7e47b12008f4ac7764676e7630d5b7b6051c09d538268
118,950,0.1168405,0x65306ebb570958774cf75c56db4dc99d8eb7a282,2017-11-02T00:58:57.000Z,0.00012299,0x41b282b77d7f5fc8e48d1a876e7523601043bf0f,sell,0x8f8221afbb33998d8584a2b05749ba73c37a938a,0x3100fea033e3facdb957470f02204f9351c341abfd214e296b04c5613d2c6350
119,41744,5.093519392,0x6c0220af322b7abda45742a51856a7e644e5d8c4,2017-11-02T00:29:25.000Z,0.000122018,0x4b6710d4474619f13cf6fd81ad4ef87fbe5ffcf9,buy,0x8f8221afbb33998d8584a2b05749ba73c37a938a,0x92e60893e5e058f6cc4548817492bcd2a1ca42b3e7fa7ca5db9e4ecbba93aa16
120,25484,3.109048,0x6c0220af322b7abda45742a51856a7e644e5d8c4,2017-11-02T00:28:39.000Z,0.000122,0xd5552aaeec4f69f81e620623709eea0afc6b5ada,buy,0x8f8221afbb33998d8584a2b05749ba73c37a938a,0xe9d20663eb9e83c4c72ef63e06775db78ab544d885460595db4f67c6ee23612a
121,41800,5.0996,0x79b40b57a32ddc795c99faad6b573d8b474292cf,2017-11-02T00:07:51.000Z,0.000122,0x2ffa2e1cd6544efbfb3b6025604157548be62cf7,buy,0x8f8221afbb33998d8584a2b05749ba73c37a938a,0xe83280736f5cb3cf0863596b98e07455216794b9bbed544e4c580e468e4f6e0c
122,25.959525471039775,0.003167088066992323,0xe21b893a3f9a56f6a1e1171d8010131ed27cf03c,2017-11-02T00:02:02.000Z,0.00012200099999999996,0x31142f1202ca4ec846f877cceda93797f542af12,sell,0x8f8221afbb33998d8584a2b05749ba73c37a938a,0x7c201dc87aed223f51dd4c722bd390acddad38c2c77ee46a9932208813e332e6
123,2393.846888725929,0.2942995364999657,0x1ca9bd189db5ab9099a4b17a15cf3ac3da289c38,2017-11-01T23:52:40.000Z,0.00012294,0x65f403f5ce12908bfa7d8089f54f097e8b686fae,buy,0x8f8221afbb33998d8584a2b05749ba73c37a938a,0x49316bcde04ab9e073f62b43c4f3822973cc6c9c4d5e07c52cab3cd236ad47d7
124,2450,0.294042875,0xa59fb839e80142c9d0515155702d35f9dce4439e,2017-11-01T23:52:15.000Z,0.0001200175,0xf554c832ed87966a9647654e65bf9123d9e1298d,sell,0x8f8221afbb33998d8584a2b05749ba73c37a938a,0x78635c92d3e33d0dd4769c989bc40aa763a768fd7b6f004ed648ab609ffd6e84
125,7000,0.8889999993,0x65306ebb570958774cf75c56db4dc99d8eb7a282,2017-11-01T23:50:46.000Z,0.0001269999999,0x1a89240dc344578f6951f041a856edbd9efa0cd7,buy,0x8f8221afbb33998d8584a2b05749ba73c37a938a,0x124eeb34000ff0f071ef1242963cc926a0874319ec9287e81db4096bfeccb1b7
126,478.516598544512,0.05743060512411524,0x5240c3a1e949abc4e77fe3ac24655355ecf2df8b,2017-11-01T23:50:46.000Z,0.00012001799999999999,0xf42fd7d53c62311b2e9d00f148f395b593336ec7,sell,0x8f8221afbb33998d8584a2b05749ba73c37a938a,0xd8a02b32465e5e11f0c5cdc51be272eeed86a132aa37e03f5fc434b2338d54e3
127,1800,0.2196,0xc4128f34093076c060e5d483923b5b4f13a2a4ce,2017-11-01T23:46:38.000Z,0.000122,0xf554c832ed87966a9647654e65bf9123d9e1298d,sell,0x8f8221afbb33998d8584a2b05749ba73c37a938a,0xd7f5f6f15e9e4c930b20b7d04b74d02d3bce986bffe82d6dd86f45202301af5c
128,4300,0.52675,0x1da172bb228518f94f7040b68f07a5af1b0e6aa8,2017-11-01T23:45:21.000Z,0.0001225,0xf554c832ed87966a9647654e65bf9123d9e1298d,sell,0x8f8221afbb33998d8584a2b05749ba73c37a938a,0x8cb328a800499cf4d79b3807f4f7c36de5123fd5d6432eb26c45ef3ea29c95f2
129,10.095768068662887,0.001251875240514197,0x66b3a13cfa1b654f4ea90640071771c6c904b837,2017-11-01T23:44:18.000Z,0.0001239999999999999,0xf554c832ed87966a9647654e65bf9123d9e1298d,sell,0x8f8221afbb33998d8584a2b05749ba73c37a938a,0xc9107d9c675087c624478421cb2385839128f9340865f4c89c4fe4d5e962b3d0
130,10,0.0013,0x65306ebb570958774cf75c56db4dc99d8eb7a282,2017-11-01T23:37:43.000Z,0.00013,0xf554c832ed87966a9647654e65bf9123d9e1298d,sell,0x8f8221afbb33998d8584a2b05749ba73c37a938a,0x39e8511cb07b06436e810d9d25f6c17da0ba699258e7de051d905251f760c57d
131,10,0.0013,0x65306ebb570958774cf75c56db4dc99d8eb7a282,2017-11-01T23:35:38.000Z,0.00013,0xf554c832ed87966a9647654e65bf9123d9e1298d,sell,0x8f8221afbb33998d8584a2b05749ba73c37a938a,0x13ba06e08f3d2fad7fd79dbb4919b9de43ee3918340da176ac9dfd7601f589ec
132,8794,1.081662,0x36a507c386b0006c123b5f7cc8a66ad9a45110f5,2017-11-01T23:33:11.000Z,0.000123,0x4b6710d4474619f13cf6fd81ad4ef87fbe5ffcf9,sell,0x8f8221afbb33998d8584a2b05749ba73c37a938a,0x73ef5bd0186658ef35b043b3a38bc2622a4911d9c89ea3c70a8a5b1cd77989c4
133,8374.04047452896,1.0216413119330077,0xe21b893a3f9a56f6a1e1171d8010131ed27cf03c,2017-11-01T23:23:10.000Z,0.00012200099999999999,0x0fd1035b4135c1747133e3c8ede600b5c3ff5485,sell,0x8f8221afbb33998d8584a2b05749ba73c37a938a,0xbb7711ae877f89b6d8d8682fcab3eaa2783474e494107a74fddf11bd4b46363b
134,1474.3739414431593,0.18941282025720266,0xf7491aeb4db8d7c0192b79cb941903b5ea1e9c8d,2017-11-01T23:20:45.000Z,0.00012847,0x65f403f5ce12908bfa7d8089f54f097e8b686fae,buy,0x8f8221afbb33998d8584a2b05749ba73c37a938a,0x23a649a20f9774cbe747a961f45c8aa05242a97001ff5c15d85c79e66f09d38b
135,8320.034,1.08160442,0xa3a19631b4b81f2bbb969ba16a8236df012d3d41,2017-11-01T23:18:15.000Z,0.00013,0x36a507c386b0006c123b5f7cc8a66ad9a45110f5,buy,0x8f8221afbb33998d8584a2b05749ba73c37a938a,0xbe561b8ee6f5d444060af28a7c597d8a6434ec079527da12632b4f1bfae17bcf
136,851.936056397434,0.10478813493688437,0x1ca9bd189db5ab9099a4b17a15cf3ac3da289c38,2017-11-01T23:03:49.000Z,0.00012299999999999998,0x631977795532b6b3a6a6ce4419e8be852c05829e,sell,0x8f8221afbb33998d8584a2b05749ba73c37a938a,0xa8793b71457efaac64bc8f0500bae28e93d2fa0011a47c56343a774687dadbbb
137,10000,1.3,0x895837475a1652187d61cbe530ec66b1cb06c35b,2017-11-01T22:50:53.000Z,0.00013,0x1ca9bd189db5ab9099a4b17a15cf3ac3da289c38,buy,0x8f8221afbb33998d8584a2b05749ba73c37a938a,0xf3f5cc5adad91f626d0894caf17f100e1352f0006d127befe16a139d8f5aa157
138,15000,1.845,0x760de42737a127d5f2d8dba00399db569fb60cd9,2017-11-01T22:48:54.000Z,0.000123,0x2ffa2e1cd6544efbfb3b6025604157548be62cf7,buy,0x8f8221afbb33998d8584a2b05749ba73c37a938a,0x5d2e44c151acdbc76fd5e131c58d606b9f1ad56a3b9ccd740b49d806541eb14b
139,5000,0.615,0x1ca9bd189db5ab9099a4b17a15cf3ac3da289c38,2017-11-01T22:48:08.000Z,0.000123,0x2ffa2e1cd6544efbfb3b6025604157548be62cf7,buy,0x8f8221afbb33998d8584a2b05749ba73c37a938a,0x53e8235880b82ecd2abb1db86a2331872d95d532aaf87329b2b16deac8e866e5
140,1495.5,0.1929195,0xa3d501f28963cfc16d4f3c67094a55e233adb05c,2017-11-01T22:47:23.000Z,0.000129,0x273a5d3e6721b9f5c1a6474f560c1334c63dda01,sell,0x8f8221afbb33998d8584a2b05749ba73c37a938a,0x8305d30423948ba465eb3a1732cc84e4a6b5b672231261ffc97bd95a9267e2e0
141,1500,0.1845,0x273a5d3e6721b9f5c1a6474f560c1334c63dda01,2017-11-01T22:47:23.000Z,0.000123,0x2ffa2e1cd6544efbfb3b6025604157548be62cf7,buy,0x8f8221afbb33998d8584a2b05749ba73c37a938a,0x8305d30423948ba465eb3a1732cc84e4a6b5b672231261ffc97bd95a9267e2e0
142,8000,1.04,0x23243c99d4c62c0fa06cb9a76e173a443de20a1c,2017-11-01T22:46:55.000Z,0.00013,0x1ca9bd189db5ab9099a4b17a15cf3ac3da289c38,sell,0x8f8221afbb33998d8584a2b05749ba73c37a938a,0x8f7a57fb42ac3e15a1438b60a7ab85eab0a6ce7b734074a72d43d6dc35f7d02d
143,8320,1.03584,0x36a507c386b0006c123b5f7cc8a66ad9a45110f5,2017-11-01T22:44:36.000Z,0.0001245,0x631977795532b6b3a6a6ce4419e8be852c05829e,sell,0x8f8221afbb33998d8584a2b05749ba73c37a938a,0x8660b61bcbe11eda8e8c1895dc83d1e9219473ae65a9a99da5748d1ae67e0010
144,4001.6,0.49999992,0x65f403f5ce12908bfa7d8089f54f097e8b686fae,2017-11-01T22:44:36.000Z,0.00012495,0x631977795532b6b3a6a6ce4419e8be852c05829e,sell,0x8f8221afbb33998d8584a2b05749ba73c37a938a,0x2482cc5c966f8b25f8915b19162f539602f27d20574eeec88201878de0b40a59
145,3946.018,0.49999994078,0x07c92349c8b11e6450219caab4feee2e30f4adab,2017-11-01T22:43:27.000Z,0.00012671,0x631977795532b6b3a6a6ce4419e8be852c05829e,sell,0x8f8221afbb33998d8584a2b05749ba73c37a938a,0x808cea5a443b8688ea2fe15afc009b896bed2b0ffa6c072a8b2c1f9651c4ec41
146,825,0.1088175,0x1bc17feec575562e9666445da7b08343295219d3,2017-11-01T22:26:07.000Z,0.0001319,0xb10d4d83491e7be1f9451065c9dc5909b717a28c,sell,0x8f8221afbb33998d8584a2b05749ba73c37a938a,0x2960de0641e1cf80028f3899163ed36558cad08e51e6774d48ddf5cbfa5e12ef
147,22800,3.00732,0x66b3a13cfa1b654f4ea90640071771c6c904b837,2017-11-01T22:23:52.000Z,0.0001319,0x41b282b77d7f5fc8e48d1a876e7523601043bf0f,buy,0x8f8221afbb33998d8584a2b05749ba73c37a938a,0x83b47393fee0aaf8bc45dabc2357a212b3382f5b78c0eb375c66089945d403c0
148,5750,0.7475,0x65306ebb570958774cf75c56db4dc99d8eb7a282,2017-11-01T22:19:57.000Z,0.00013,0xdd3aa93c2f291e77b31a9fabf2d818a9908f6d74,buy,0x8f8221afbb33998d8584a2b05749ba73c37a938a,0xedafe305f6ff2ab6951c39c540e35a9f0b8989f51d306b22ce45d0fa05056070
149,6425,0.7947725,0x41b282b77d7f5fc8e48d1a876e7523601043bf0f,2017-11-01T21:04:14.000Z,0.0001237,0x1a188ffffc0e6bcf8a7d633e0742a49b3e5be0cc,buy,0x8f8221afbb33998d8584a2b05749ba73c37a938a,0x6a5cd97065acd4dadfd9339acd1fd3c76318af0805fe8f3261b82a2ef28323af
150,2560,0.317184,0x41b282b77d7f5fc8e48d1a876e7523601043bf0f,2017-11-01T21:04:00.000Z,0.0001239,0x78c50404624f371d72866e99394392a384ef4324,buy,0x8f8221afbb33998d8584a2b05749ba73c37a938a,0xca310ef5bb94c54cd8214e4456818330250973e0e606c9417713c28a5727ae87
151,44720,5.5448328,0x41b282b77d7f5fc8e48d1a876e7523601043bf0f,2017-11-01T21:04:00.000Z,0.00012399,0x3ae5e32c1363db91d054e770f93aa9e2d007f998,buy,0x8f8221afbb33998d8584a2b05749ba73c37a938a,0x409d893fff567630971f5494f45e2f74858d1af994de5838f16e372593855ece
152,226505.21358409623,28.285971072381937,0x41b282b77d7f5fc8e48d1a876e7523601043bf0f,2017-11-01T21:03:58.000Z,0.00012488,0x1b506501493cbc35ccdb34390fced4e8df9fdc1b,buy,0x8f8221afbb33998d8584a2b05749ba73c37a938a,0x187a968b1049fb690d7abaf0e3e793d106077ff451e7338eeab4d0f566ee0c51
153,121346.256,15.046935744,0x41b282b77d7f5fc8e48d1a876e7523601043bf0f,2017-11-01T21:03:42.000Z,0.000124,0x8d0958d2c3dfdc58982ddd4fa49a477fdd611698,buy,0x8f8221afbb33998d8584a2b05749ba73c37a938a,0x05a61bc2be132be6aece92194ecae5ddf270bfde76746bdb60e5fe6eb8512faf
154,5296.513261277313,0.6551257252873909,0xfccc604316be071ede8daef816f9b289559816fd,2017-11-01T20:57:31.000Z,0.00012369,0xe21b893a3f9a56f6a1e1171d8010131ed27cf03c,buy,0x8f8221afbb33998d8584a2b05749ba73c37a938a,0xa3470cd60bfef4264915ce1ebc149f0d0dd88285085f6d888bf4213b75574cef
155,4300,0.5318842,0xfccc604316be071ede8daef816f9b289559816fd,2017-11-01T20:56:14.000Z,0.000123694,0x1da172bb228518f94f7040b68f07a5af1b0e6aa8,buy,0x8f8221afbb33998d8584a2b05749ba73c37a938a,0x57520bf13179866e6bcc6e11730b1f85c65f481da4e6cfb76ef36d5dfe324319
156,1341.631797968599,0.16595314524972585,0x2c3e9ee243c854bc2f2f17e1464909b129726e28,2017-11-01T20:52:11.000Z,0.000123695,0xe21b893a3f9a56f6a1e1171d8010131ed27cf03c,buy,0x8f8221afbb33998d8584a2b05749ba73c37a938a,0x776f21dce1127bee540397b886187a46164f6ccda8c0ee611edb9044a9e87da9
157,1700,0.2102815,0x5cd978846ce925908ced324c6008acf8612d1281,2017-11-01T20:45:24.000Z,0.000123695,0xe21b893a3f9a56f6a1e1171d8010131ed27cf03c,buy,0x8f8221afbb33998d8584a2b05749ba73c37a938a,0x25f5788f9b467f56f4b91487357dffee79552be651789992cea0b38c74f40eb8
158,13653.743582187837,1.6930642041912918,0x273a5d3e6721b9f5c1a6474f560c1334c63dda01,2017-11-01T20:04:37.000Z,0.000124,0x8d0958d2c3dfdc58982ddd4fa49a477fdd611698,buy,0x8f8221afbb33998d8584a2b05749ba73c37a938a,0x7c428cf346df18198d56bbc36611f47c30d99fd65ce1f2d0cb0d25db4ca2c003
159,13612.782351441274,1.9334643157222584,0xc2249c3dd3c18167a6f65c0cd8e0eccb6a0e29ab,2017-11-01T20:04:37.000Z,0.000142033,0x273a5d3e6721b9f5c1a6474f560c1334c63dda01,sell,0x8f8221afbb33998d8584a2b05749ba73c37a938a,0x7c428cf346df18198d56bbc36611f47c30d99fd65ce1f2d0cb0d25db4ca2c003
160,1622.591,0.20021150349,0xa3d501f28963cfc16d4f3c67094a55e233adb05c,2017-11-01T19:55:20.000Z,0.00012339,0x65f403f5ce12908bfa7d8089f54f097e8b686fae,buy,0x8f8221afbb33998d8584a2b05749ba73c37a938a,0x0069b220ac3e220d0178280140297dd113cb386880653788f434d8fed7370475
161,5628.661,0.697953964,0xd3c7d671e67549e54ff47ec38d3d78fb88b89b3a,2017-11-01T19:27:12.000Z,0.000124,0x8d0958d2c3dfdc58982ddd4fa49a477fdd611698,buy,0x8f8221afbb33998d8584a2b05749ba73c37a938a,0xa41a2bbd8636e1a4a3c6bc1a288753e8498ca6b37dc2a947c43e6155d5575384
162,33565,3.96570475,0xb3d98d091d3229291823fcb828446f7e7f780a14,2017-11-01T19:09:05.000Z,0.00011815,0x8a810b5b5f296286ff840c40514e7f61dd729e47,sell,0x8f8221afbb33998d8584a2b05749ba73c37a938a,0xb19e60d9fc16b79993b5fdb2b2d54cabfb1492d83203bb606fd9e96213be57fe
163,2715.802013757352,0.32589624165088227,0xcfd5d60e0f447636f1643cd9b7a9547062cb0863,2017-11-01T18:35:30.000Z,0.00011999999999999999,0xc9e07c245a2d923d20ca3a9bc90da9c6bc519c9d,sell,0x8f8221afbb33998d8584a2b05749ba73c37a938a,0x67d75a68695679f28730bfc9e5dd511c246b4dfd375ad0937d113f1cd71f2bcc
164,5109.197063170909,0.6131036475805091,0xcfd5d60e0f447636f1643cd9b7a9547062cb0863,2017-11-01T18:35:30.000Z,0.00011999999999999999,0xd59280c8ea49acd62c56d6bc5688324f07b95786,sell,0x8f8221afbb33998d8584a2b05749ba73c37a938a,0xa4a915bc922e68954a14b3e0e4058e9524c58c71f28f1af58c4ab9b9d41851b1
165,478.97641590377964,0.059814574818064,0x5336db85ac7e98d606e03e76ae7f5520508ce68d,2017-11-01T18:03:10.000Z,0.00012488,0x1b506501493cbc35ccdb34390fced4e8df9fdc1b,buy,0x8f8221afbb33998d8584a2b05749ba73c37a938a,0xc97e15cebb26cef9209b7d4c7aeefde32747c5f5ab9b2f2d1debee455eeb8485
166,1490.8423595528013,0.17890108314633618,0xcfd5d60e0f447636f1643cd9b7a9547062cb0863,2017-11-01T17:57:39.000Z,0.00011999999999999999,0xb3d98d091d3229291823fcb828446f7e7f780a14,sell,0x8f8221afbb33998d8584a2b05749ba73c37a938a,0x24b341f63b6016a1ab1f735f8f2eecdb72bc7a35022e6a9a25c595395854af0d
167,80,0.01,0x9111d560d89840eb7b3d0ac041fa09e81bdb26fc,2017-11-01T17:48:08.000Z,0.000125,0xcfd5d60e0f447636f1643cd9b7a9547062cb0863,buy,0x8f8221afbb33998d8584a2b05749ba73c37a938a,0xa230236ceed0cea7dfbc88f5e48561e3989c34629ff86d96c173f964bcc4dbb8
168,1495.4637533227296,0.1764647228920821,0xb3d98d091d3229291823fcb828446f7e7f780a14,2017-11-01T17:41:12.000Z,0.000118,0xf18b220deb0665522074f7bda3e6269b72bd95aa,sell,0x8f8221afbb33998d8584a2b05749ba73c37a938a,0x66f485542702f466571f0887322b9714f4eff8c9b79c6e73bfd4fa3fe84ddc54
169,508.423885953544,0.059790648988136776,0x1b7688a79d07be5b3d03cfc59983c0d3ddf54de3,2017-11-01T17:27:21.000Z,0.00011759999999999999,0x316bf1f1034efba2d0127b2c8e978dbe96cfa19b,sell,0x8f8221afbb33998d8584a2b05749ba73c37a938a,0xaad291092ba4b1ab899b135ed9a86bd00ca7d590c7f67ac2c33470087243a9dd
170,0.007950629690368392,0.000000938182254093,0xc73604d0514ac01e63513d07601e7e98f2f117b4,2017-11-01T17:26:38.000Z,0.0001180009999999798,0xd6cdd0e2f5527203b680d5b2d24c8ed8a9b20997,sell,0x8f8221afbb33998d8584a2b05749ba73c37a938a,0x4453b87173869680b28a9d82116d70ac4ec6ba0d78cb52b29fd08be3ed17608a
171,2392.58299272256,0.2806499850463563,0x1b7688a79d07be5b3d03cfc59983c0d3ddf54de3,2017-11-01T17:17:50.000Z,0.00011729999999999999,0xbc18642c7e0647d6e65b53cadefb4367d8f85a97,sell,0x8f8221afbb33998d8584a2b05749ba73c37a938a,0x5d790bb51919fb0e9babde8241f697bf46581a91fb2414431bddaa660b53d054
172,200,0.023404,0x632d7de0037bca4cdb13a4189473b7489e051dee,2017-11-01T17:11:09.000Z,0.00011702,0x19c6430514f91cae8c6817ac8546db75bfc796b7,sell,0x8f8221afbb33998d8584a2b05749ba73c37a938a,0x2da1bd55296b759e3aa3a4bcc2f8a933b0646143228ffddb177c75150b8a6614
173,2584.787159804606,0.302471793440335,0x632d7de0037bca4cdb13a4189473b7489e051dee,2017-11-01T17:09:33.000Z,0.00011701999999999999,0xce485e854ef129d13dc1e25d103412bd25e97904,sell,0x8f8221afbb33998d8584a2b05749ba73c37a938a,0xdb5a9e3c20b3d6b22281ae9eced856cc8a089ab92869d649926294a5fb2fd115
174,5400,0.6318,0xb3d98d091d3229291823fcb828446f7e7f780a14,2017-11-01T17:04:59.000Z,0.000117,0x64d9398c4592a94bb8450752e3aec2aacf3943d7,sell,0x8f8221afbb33998d8584a2b05749ba73c37a938a,0x86633ddba37182316b809e36b8a1347aaf3dc5921b6e0f383f6c06a68b0dda34
175,318.205,0.0374527285,0xcf63dd56ec81b89dbd8b9817c20f867428fc8506,2017-11-01T17:04:31.000Z,0.0001177,0x64d9398c4592a94bb8450752e3aec2aacf3943d7,sell,0x8f8221afbb33998d8584a2b05749ba73c37a938a,0x9f78d39b306a7fe7da19900ee2fe65b681e39f095c5a19607ab7b21d3da62abd
176,181.79498837356175,0.021397270131568218,0xcf63dd56ec81b89dbd8b9817c20f867428fc8506,2017-11-01T16:55:11.000Z,0.00011769999999999999,0x697249b9977fe7ff727ce717a7c0c4b8d4ae41c8,sell,0x8f8221afbb33998d8584a2b05749ba73c37a938a,0x5e3e44c897f81ff426858e44eba40f8206055d60d3b66c9d9af1ac07709f1cb0
177,8318.64,0.98575884,0x666d61b55c6bafff2659e4598acaaec429abbeaf,2017-11-01T16:53:42.000Z,0.0001185,0x697249b9977fe7ff727ce717a7c0c4b8d4ae41c8,sell,0x8f8221afbb33998d8584a2b05749ba73c37a938a,0x0b937400b4caa23e507745caaf04ec1adc2557a4834fd5fffe62cb797130fd37
178,122558.52434935336,14.230392820727769,0x41b282b77d7f5fc8e48d1a876e7523601043bf0f,2017-11-01T16:52:57.000Z,0.00011611099999999999,0xde57392f4ee115dfd457404215ecb590bf6c9fc2,sell,0x8f8221afbb33998d8584a2b05749ba73c37a938a,0x55a80ac33314dd6583a05a0a61fdf75ab6fd2ead15e86d5b957a39a362a68393
179,1.6068176501563298,0.000190407891543525,0x666d61b55c6bafff2659e4598acaaec429abbeaf,2017-11-01T16:47:18.000Z,0.00011849999999999995,0x1519febbfe6fea17c87bf360aeeeaaa922b1addb,sell,0x8f8221afbb33998d8584a2b05749ba73c37a938a,0x06bd818dc26d8963a91a8e517a35f6be08f2baa073a18c4315cccc1a7af774f8
180,16117.987848718145,1.901922566148741,0x1b7688a79d07be5b3d03cfc59983c0d3ddf54de3,2017-11-01T16:46:19.000Z,0.000118,0x1519febbfe6fea17c87bf360aeeeaaa922b1addb,sell,0x8f8221afbb33998d8584a2b05749ba73c37a938a,0xf05d2ccd4d42f9d627997ae427615d4b849b13094b2a1e506bf1611c3c263274
181,79.75276642408534,0.009450702821254112,0x666d61b55c6bafff2659e4598acaaec429abbeaf,2017-11-01T16:46:05.000Z,0.0001185,0xd6cdd0e2f5527203b680d5b2d24c8ed8a9b20997,sell,0x8f8221afbb33998d8584a2b05749ba73c37a938a,0x0dd7e6010fbaed0f4ac666fa3d3e52b4ad3fa6cbf78c9f8d56222fdbacc96fe8
182,7.748363563234106,0.00093832682750765,0xe21b893a3f9a56f6a1e1171d8010131ed27cf03c,2017-11-01T16:37:34.000Z,0.00012109999999999998,0xde57392f4ee115dfd457404215ecb590bf6c9fc2,sell,0x8f8221afbb33998d8584a2b05749ba73c37a938a,0xb14cf3659ec7cb4220c104fc0784cf9f00271d76f6f532f16c930ba37eea3ae0
183,77723.83490280132,9.171412518530556,0x1b7688a79d07be5b3d03cfc59983c0d3ddf54de3,2017-11-01T16:36:47.000Z,0.000118,0xde57392f4ee115dfd457404215ecb590bf6c9fc2,sell,0x8f8221afbb33998d8584a2b05749ba73c37a938a,0xb5fdd457aa9349109c7535b8a8dd2f252fcdfab4b8f1ad5a70fe402b36a4d25e
184,10000,1.2,0x4e0d2f9acecfe4db764476c7a1dfb6d0288348af,2017-11-01T16:35:10.000Z,0.00012,0xde57392f4ee115dfd457404215ecb590bf6c9fc2,sell,0x8f8221afbb33998d8584a2b05749ba73c37a938a,0x4781c49eef62501da748b97236e00932427834e5c93369f0f4aad19af3b97afa
185,4200,0.4956042,0x6c2dc7c5a9a30a9c3c66c30cdc70e93d65de5dbe,2017-11-01T16:35:10.000Z,0.000118001,0xde57392f4ee115dfd457404215ecb590bf6c9fc2,sell,0x8f8221afbb33998d8584a2b05749ba73c37a938a,0xc73aeca7695f7f591c1310d39aa5f23173391f603ae4d48d1df94a546a70e282
186,17739.403,2.12872836,0xcfd5d60e0f447636f1643cd9b7a9547062cb0863,2017-11-01T16:33:07.000Z,0.00012,0xde57392f4ee115dfd457404215ecb590bf6c9fc2,sell,0x8f8221afbb33998d8584a2b05749ba73c37a938a,0x26c61bc3326cd0b777dacc2f0a6cc35baaad1945d26990b795d0e38ed1d100f6
187,6233.54599142474,0.7555681096205927,0xcfd5d60e0f447636f1643cd9b7a9547062cb0863,2017-11-01T16:04:10.000Z,0.00012120999999999999,0x806abee2e25d479c6eb1e6c13dfd019a6d8f9ca7,sell,0x8f8221afbb33998d8584a2b05749ba73c37a938a,0xeaf430cddbcdf64dcb0c5a16986cd07d7e6b7e851e1e61115e6e955d6c908a1d
188,6978.9037551309,0.8459129241594164,0xcfd5d60e0f447636f1643cd9b7a9547062cb0863,2017-11-01T16:02:34.000Z,0.00012120999999999999,0x66515175338f7c0229e65cb63888f9a2b38ceec2,sell,0x8f8221afbb33998d8584a2b05749ba73c37a938a,0x93cbd22a01a73aab583f6c77bab85db73b3637c3188d5516fd756cf144dddea1
189,1925,0.23485,0x1da172bb228518f94f7040b68f07a5af1b0e6aa8,2017-11-01T15:50:21.000Z,0.000122,0x806abee2e25d479c6eb1e6c13dfd019a6d8f9ca7,sell,0x8f8221afbb33998d8584a2b05749ba73c37a938a,0xe443dafa35c8d52f4992bdcce86eb98d28ad29c7856af2460df37b843f021b10
190,1500,0.1818165,0x84d7a3202156e57b98cf4685c5cda2a27bba1097,2017-11-01T15:46:39.000Z,0.000121211,0x806abee2e25d479c6eb1e6c13dfd019a6d8f9ca7,sell,0x8f8221afbb33998d8584a2b05749ba73c37a938a,0xb11ad1fc0103f04fdeb760b9116915fac945a1dc6ba38072f4dff1a42bfb81a0
191,1000,0.122,0x1c9e97a757f4176bc4269b51f6ed630617e522b7,2017-11-01T15:46:39.000Z,0.000122,0x806abee2e25d479c6eb1e6c13dfd019a6d8f9ca7,sell,0x8f8221afbb33998d8584a2b05749ba73c37a938a,0x02941945888a592063009d25f225bf6ef337855dd906b3d18f569ef6b7a56245
192,1875,0.249,0x4644d6e363d354db6db5b98030b969b69f3b69ff,2017-11-01T15:38:39.000Z,0.0001328,0x1da172bb228518f94f7040b68f07a5af1b0e6aa8,buy,0x8f8221afbb33998d8584a2b05749ba73c37a938a,0xe6eeeee94b8a6e92dea5d44305d5d588e1e281ab1877fcb04928bea97ad3fb8c
193,332.756,0.042260012,0x1c9e97a757f4176bc4269b51f6ed630617e522b7,2017-11-01T15:24:48.000Z,0.000127,0xa3b2ceb252ec28d6bb74c78831ebfa56829ff4ed,sell,0x8f8221afbb33998d8584a2b05749ba73c37a938a,0xca705db1aefb71c0088d9ef952173e95839aa172837f0e9ee80e19d8540df4fa
194,597.2436608869214,0.07584994493263902,0x1c9e97a757f4176bc4269b51f6ed630617e522b7,2017-11-01T15:23:10.000Z,0.000127,0xe66f896b2de35f2185005b3d8faced215825bab6,sell,0x8f8221afbb33998d8584a2b05749ba73c37a938a,0x2df07d514afb9fd8b8f3e789bd17f5a0f82ae01236d6f2cbaf0ac01086fd19e5
195,20000,2.50004,0xa3b2ceb252ec28d6bb74c78831ebfa56829ff4ed,2017-11-01T15:22:01.000Z,0.000125002,0xe66f896b2de35f2185005b3d8faced215825bab6,sell,0x8f8221afbb33998d8584a2b05749ba73c37a938a,0xa28d4817dd77bee7d05db4ccbaa0e2b07fccd6ade43bd857f315a523fb47c649
196,50000,6.31,0x26d529b6720a8fc1e9474a4ae092e54fbf544ee9,2017-11-01T15:21:00.000Z,0.0001262,0xe66f896b2de35f2185005b3d8faced215825bab6,sell,0x8f8221afbb33998d8584a2b05749ba73c37a938a,0x3cf4f27dca8a6ecdc3bde553173e146aacb69979da75caba524c12c0a91834c0
197,20000,2.542,0xc6cd97b42a09f2b742bc5a09cba523d707d6079f,2017-11-01T15:13:26.000Z,0.0001271,0xe93fbac7f346288a90246d02cea1bd3b68e0a517,sell,0x8f8221afbb33998d8584a2b05749ba73c37a938a,0x6236d8a9a29d2e415cae6c516200d63ea693ad58e48da791fc19b799759f7fbf
198,8144,1.034288,0xb10d4d83491e7be1f9451065c9dc5909b717a28c,2017-11-01T15:05:59.000Z,0.000127,0xcb50fdb8a6c85b0cec740c656d84ab98e98b3505,buy,0x8f8221afbb33998d8584a2b05749ba73c37a938a,0xd38121f347afe907c71454fdc81d97d08fbc8efc95c6d7f5ffa4025fe31599bf
199,4648,0.590296,0xd09f40a734bcb57714915e90c49e4e73086bb3ea,2017-11-01T15:05:38.000Z,0.000127,0xcb50fdb8a6c85b0cec740c656d84ab98e98b3505,buy,0x8f8221afbb33998d8584a2b05749ba73c37a938a,0x538795c21813cac4b1c8141185f6a1084781e7ceecc428e3cd2858c16826e220
200,280,0.03948,0x6a25845b0d5af5074733d2b2c9bd37f1cc1edf00,2017-11-01T14:56:08.000Z,0.000141,0x94ca2436b5b3c04525a721422fe1d1a49ab93cac,buy,0x8f8221afbb33998d8584a2b05749ba73c37a938a,0xf97b3f38fc3286938e77c531a69bf0c31ff4acf18809adbeee1d33514b98b319
201,21886,2.65280206,0xcfd5d60e0f447636f1643cd9b7a9547062cb0863,2017-11-01T14:36:40.000Z,0.00012121,0x3a11637ecc5b7fd3da965c8140b9b441cc35fb67,buy,0x8f8221afbb33998d8584a2b05749ba73c37a938a,0xcf4b5c6e7486da653f7ed10c5db3642ab9d76e5a60cb9ada5b257eb3ee77d8d6
202,13500,1.6362135,0xe21b893a3f9a56f6a1e1171d8010131ed27cf03c,2017-11-01T14:32:57.000Z,0.000121201,0x3a11637ecc5b7fd3da965c8140b9b441cc35fb67,sell,0x8f8221afbb33998d8584a2b05749ba73c37a938a,0x088b7f35922eee9c0264c79a42791ad4d9aeb49a6ca7c029ad8e0209f4f3fa2a
203,12500,1.52525,0xc1c825747359dcb3d5516f369e535ce7853d5062,2017-11-01T14:32:24.000Z,0.00012202,0x3a11637ecc5b7fd3da965c8140b9b441cc35fb67,sell,0x8f8221afbb33998d8584a2b05749ba73c37a938a,0xbf9004ae64027d46b24f5e8c0a135f000fc6d416a30ba3faad3b6a134069acdd
204,12000,1.46436,0xa3b2ceb252ec28d6bb74c78831ebfa56829ff4ed,2017-11-01T14:30:05.000Z,0.00012203,0x3a11637ecc5b7fd3da965c8140b9b441cc35fb67,sell,0x8f8221afbb33998d8584a2b05749ba73c37a938a,0xeb5bb94b36aacd96730faacd7725d50ae0adeb198fa8ba37edda631cabd3f38f
205,573.34,0.0745313333,0x09e396aca9535fffc68c72f880ab36e252b73a43,2017-11-01T13:58:02.000Z,0.000129995,0xdcbaa5ed3469ca061e1d58e85c6387fee1fd2730,buy,0x8f8221afbb33998d8584a2b05749ba73c37a938a,0xd06a2087beb84ecf7c19af68291dc3945fbe3d19664f25b7649e4a750567c0d6
206,62565,8.3524275,0xff2aee02c170272fdfa05ef79e217d5ad33db668,2017-11-01T13:55:29.000Z,0.0001335,0xa3077d270085bc7b298274aed465aeda3a41c5d7,buy,0x8f8221afbb33998d8584a2b05749ba73c37a938a,0x34f1899507be20869212be5437178965dbe8c05eba1941034279028818afb2a8
207,25000,3.3375,0xff2aee02c170272fdfa05ef79e217d5ad33db668,2017-11-01T13:55:18.000Z,0.0001335,0x54e716a91f7ca6bf037c7dacd4fa948949eda9ec,buy,0x8f8221afbb33998d8584a2b05749ba73c37a938a,0x8e376d41a39bb86153eb5b8fd9ae557039795da9eb901dfb07701a2edce9c2f1
208,10000,1.3198,0x603ad2cf7a65b3e3af598d6e884d9cd512056ddb,2017-11-01T13:55:05.000Z,0.00013198,0xc6afcaa8099be35a6c409ee15f1cf77614d67c8d,buy,0x8f8221afbb33998d8584a2b05749ba73c37a938a,0xd8443a1c2e876c36027ed6ac5038ce48f02efbae78478c148191034e162e85d3
209,7927.43,1.02879015568,0x41b282b77d7f5fc8e48d1a876e7523601043bf0f,2017-11-01T13:54:17.000Z,0.000129776,0xd1ad676676b799b7c54741e06f17fdac87ed458b,buy,0x8f8221afbb33998d8584a2b05749ba73c37a938a,0xdf99aa5a37406861f1f46bfb69ba070908228ae45f8d5af9575141a015481579
210,9000,1.1673,0x41b282b77d7f5fc8e48d1a876e7523601043bf0f,2017-11-01T13:53:49.000Z,0.0001297,0xeca1be26993c2ba6ba42440d9de78959c3a025bb,buy,0x8f8221afbb33998d8584a2b05749ba73c37a938a,0x6a47d56fb7523dc1bd678cfedaec936b4917741db74c7c09190ba8bf7033a42a
211,31768.034,4.1330212234,0x41b282b77d7f5fc8e48d1a876e7523601043bf0f,2017-11-01T13:53:38.000Z,0.0001301,0x47dd3d13e598186f326f4c6c4a4e737ecb642c39,buy,0x8f8221afbb33998d8584a2b05749ba73c37a938a,0xd123d8f4601023bca87ae82c0d539dadda44db3c43920f5df174bb65f70d0cf8
212,32000,4.16,0x41b282b77d7f5fc8e48d1a876e7523601043bf0f,2017-11-01T13:52:45.000Z,0.00013,0x47dd3d13e598186f326f4c6c4a4e737ecb642c39,buy,0x8f8221afbb33998d8584a2b05749ba73c37a938a,0x83f3e17d118321449f1db5eb6da837139b9edd0705edca4b8993efa29d9151d7
213,14899,1.907072,0x41b282b77d7f5fc8e48d1a876e7523601043bf0f,2017-11-01T13:52:14.000Z,0.000128,0xad7f84324d7e4e042ac6bce6f29c2f9b4f536cc6,buy,0x8f8221afbb33998d8584a2b05749ba73c37a938a,0xce1915bd204ca7eaa17c853a4fc6a291ea7dec6394fe547c9a69c7b9adb94775
214,41280,5.354016,0x8e69a7a7fa07ebd03ed04853b0aee4696ef6d414,2017-11-01T13:51:56.000Z,0.0001297,0xeca1be26993c2ba6ba42440d9de78959c3a025bb,buy,0x8f8221afbb33998d8584a2b05749ba73c37a938a,0x6061d0126c14835726cd0018e67ae2b698ca919a7fa6735e3e1f70e8a4af2f5f
215,12500,1.5999875,0x8e69a7a7fa07ebd03ed04853b0aee4696ef6d414,2017-11-01T13:51:23.000Z,0.000127999,0xe21b893a3f9a56f6a1e1171d8010131ed27cf03c,buy,0x8f8221afbb33998d8584a2b05749ba73c37a938a,0xd1be0bee27432aa3ad9f7c3f17653db672eb004a2e92a191cf1396c9901d578f
216,13730.517,1.688839860483,0x8e69a7a7fa07ebd03ed04853b0aee4696ef6d414,2017-11-01T13:51:14.000Z,0.000122999,0x7471cc21f84b2eeb1ba3560ed6afc60a833b5dec,buy,0x8f8221afbb33998d8584a2b05749ba73c37a938a,0x53745022d4bb7ee096e47d0e430e8f6bcaa85067329cb1b8d2cf299b1be07528
217,8106.577226871692,0.9971008923279912,0x6f270f5c2820e0df2cad2bff98318b214d1d4448,2017-11-01T13:45:56.000Z,0.000122999,0x7471cc21f84b2eeb1ba3560ed6afc60a833b5dec,buy,0x8f8221afbb33998d8584a2b05749ba73c37a938a,0x0ebbbe846375383753f7137d89e5dd355fffa32c1421b67ba07c72f30b279cb2
218,7376.070825405663,0.907249335454071,0xc4ad0b9174dbe86cbfb53a218074607cc261df6d,2017-11-01T13:36:49.000Z,0.000122999,0x7471cc21f84b2eeb1ba3560ed6afc60a833b5dec,buy,0x8f8221afbb33998d8584a2b05749ba73c37a938a,0x16f87add72fb92ccec69eaf64f13493e2e949cd1b999535abdf79507a900d3a8
219,1217.3731266162968,0.1497356772006779,0xacb85d07552ccdcffc5421e277c60ffd034ecd6b,2017-11-01T13:36:30.000Z,0.000122999,0x7471cc21f84b2eeb1ba3560ed6afc60a833b5dec,buy,0x8f8221afbb33998d8584a2b05749ba73c37a938a,0x4bc55f9950d3558dbe1c3be51f49a0723bd7c9c39a4ec7f7385301e269c2f155
220,900,0.1106991,0xf84bfa23c2ab766c47056011b26e2d12ade5c754,2017-11-01T13:36:30.000Z,0.000122999,0x7471cc21f84b2eeb1ba3560ed6afc60a833b5dec,buy,0x8f8221afbb33998d8584a2b05749ba73c37a938a,0x447e8d548896cf2b9795140fe26ed654e5342987b0ec72f5574b2dad2e1d100c
221,1686.445971418827,0.20490318552738748,0x4b49b5d5eb1f4106e9336f01077844b462650c68,2017-11-01T13:23:52.000Z,0.00012149999999999999,0x92dfc5dbdad52902ad32c8b10c34eb93e1e80e90,sell,0x8f8221afbb33998d8584a2b05749ba73c37a938a,0xfeea3367eb5b69b5a8e35d80fde9427f99283a1ad340bae09afee84a93382556
222,2308.165569211534,0.2804421166592014,0x4b49b5d5eb1f4106e9336f01077844b462650c68,2017-11-01T13:00:05.000Z,0.00012149999999999999,0xaea70b6531c650b4de9b86fd05ba642f5fd50a94,sell,0x8f8221afbb33998d8584a2b05749ba73c37a938a,0xb8ca7c37af7c5bb1a96c4ecd99f41d405ff9f0267cae94f2e9acca90ad3ad902
223,231.46176435997378,0.028469565554512417,0xb59dbf8864663544b761be1baf58bbbad39511d2,2017-11-01T13:00:05.000Z,0.000122999,0x7471cc21f84b2eeb1ba3560ed6afc60a833b5dec,buy,0x8f8221afbb33998d8584a2b05749ba73c37a938a,0x54843eb822c5c80257ab8b9fb1e63de57c92e277aca37bdba20b603302c5770a
224,26000,3.197974,0x4deb9fcc41b06d394ef78a89465028be17790181,2017-11-01T12:50:33.000Z,0.000122999,0x7471cc21f84b2eeb1ba3560ed6afc60a833b5dec,buy,0x8f8221afbb33998d8584a2b05749ba73c37a938a,0x6040e9c9869ac1a741b7922bec4a16ff9e88336b7e83def42e9a6b0196928cb1
225,2810,0.34562719,0x4deb9fcc41b06d394ef78a89465028be17790181,2017-11-01T12:48:37.000Z,0.000122999,0x7471cc21f84b2eeb1ba3560ed6afc60a833b5dec,buy,0x8f8221afbb33998d8584a2b05749ba73c37a938a,0x05deab87382814a10a4778217d6366fb57e95c9f7019e8bf8ed1d14ccac887c7
226,25,0.003074975,0x542f9a56345aef94a0658b2d235fbc737c944622,2017-11-01T12:13:54.000Z,0.000122999,0x7471cc21f84b2eeb1ba3560ed6afc60a833b5dec,buy,0x8f8221afbb33998d8584a2b05749ba73c37a938a,0xcfd0ceaf00e831b06047312c8d1322d8283081a5e5b5210f30da4ddb18b26352
227,2.014142711085451,0.000261838552441108,0x6fd350dee8989b12a9201a6e4ab54bd05156f1cd,2017-11-01T11:54:56.000Z,0.0001299999999999997,0x1d5321e125f6c7079a716705541c7b371ca79e69,sell,0x8f8221afbb33998d8584a2b05749ba73c37a938a,0xe38561ad8679e3eddeb6c1c733ea8ec5c809f67bf318ce5deb7a5a544fa54607
228,2.0201851392187073,0.000248482772123901,0x1d5321e125f6c7079a716705541c7b371ca79e69,2017-11-01T11:54:56.000Z,0.000123,0xfccc604316be071ede8daef816f9b289559816fd,buy,0x8f8221afbb33998d8584a2b05749ba73c37a938a,0xe38561ad8679e3eddeb6c1c733ea8ec5c809f67bf318ce5deb7a5a544fa54607
229,8130,0.99999,0x24ecfc153e74d5e53c757c97d065647cd665943b,2017-11-01T11:53:37.000Z,0.000123,0xfccc604316be071ede8daef816f9b289559816fd,buy,0x8f8221afbb33998d8584a2b05749ba73c37a938a,0xa132d080fd9f98af5d33d62d4b21229850e9af1698e90fdc1e1a464b134c439b
230,122,0.01534272,0xf54fe4e54eaf3f06ee59f399ace52af1a51ae0b2,2017-11-01T11:48:18.000Z,0.00012576,0x65f403f5ce12908bfa7d8089f54f097e8b686fae,buy,0x8f8221afbb33998d8584a2b05749ba73c37a938a,0xfa20e13e1ae063cafbcc5b607448f4f39f460b8f554c21cb0252c59481763c91
231,1503.662897559664,0.1804395477071597,0x1c87a83cbccfcae798443095fa85386c56140e0e,2017-11-01T11:48:16.000Z,0.00011999999999999999,0x3efd9b0bd8e4595bc494539aca584821950106ee,sell,0x8f8221afbb33998d8584a2b05749ba73c37a938a,0x54d383c2b4e3b4c244fba4e2de8aa83e1fe0ee40a9ebdb865f5b9910672930c3
232,1503.662897559664,0.1804395477071597,0x1c87a83cbccfcae798443095fa85386c56140e0e,2017-11-01T11:47:20.000Z,0.00011999999999999999,0x3efd9b0bd8e4595bc494539aca584821950106ee,sell,0x8f8221afbb33998d8584a2b05749ba73c37a938a,0x54d383c2b4e3b4c244fba4e2de8aa83e1fe0ee40a9ebdb865f5b9910672930c3
233,1508.3241949955138,0.1766247632339747,0x3efd9b0bd8e4595bc494539aca584821950106ee,2017-11-01T11:38:55.000Z,0.00011709999999999999,0x20e8878ebccbdeff1e7493d1513df365d29caca9,sell,0x8f8221afbb33998d8584a2b05749ba73c37a938a,0x63b957751eb54345d26b9429aa59ed49eb4ed77f0af04767804cfb0960936023
234,1000,0.12,0x6fd350dee8989b12a9201a6e4ab54bd05156f1cd,2017-11-01T11:35:17.000Z,0.00012,0x20e8878ebccbdeff1e7493d1513df365d29caca9,sell,0x8f8221afbb33998d8584a2b05749ba73c37a938a,0x6977692c9550594a6f0015f517cf6548ee5b369c348b3e0990dd823cdef0c14e
235,1744.5917655268668,0.2040125610607118,0x65f403f5ce12908bfa7d8089f54f097e8b686fae,2017-11-01T11:17:15.000Z,0.00011693999999999999,0x5e1be3a39a5ac4033ef0c69ed1137111cc17783c,sell,0x8f8221afbb33998d8584a2b05749ba73c37a938a,0x61b73b3129ae96fd7c393db81a5e3d339dd83a1aadd7e966d52087ba02a9f2c1
236,63549.344468071504,7.62592133616858,0xff2aee02c170272fdfa05ef79e217d5ad33db668,2017-11-01T11:08:42.000Z,0.00012,0x47dd3d13e598186f326f4c6c4a4e737ecb642c39,buy,0x8f8221afbb33998d8584a2b05749ba73c37a938a,0xf0bbdc5dec08b8f2f881294c436bbe3a5fafd60b899f5ed5c33a5d8517cda0ab
237,500,0.06,0x1624e31a51512baa9d78ba09790577a55b46e88a,2017-11-01T11:07:17.000Z,0.00012,0x47dd3d13e598186f326f4c6c4a4e737ecb642c39,buy,0x8f8221afbb33998d8584a2b05749ba73c37a938a,0x3d0c4d67bc0c7256fd81d08ad510d3e0a5d24135405a18e4014ffbb1b2ce2379
238,53000,6.36,0xfccc604316be071ede8daef816f9b289559816fd,2017-11-01T11:05:35.000Z,0.00012,0x47dd3d13e598186f326f4c6c4a4e737ecb642c39,buy,0x8f8221afbb33998d8584a2b05749ba73c37a938a,0xdc56b0bdb5d90a487df68d49bd243277a10098e334d6c691263d534ea7db31e9
239,20000,2.4,0x5c87dd923e0a136284a9adbbb01e8c1a5e6ae872,2017-11-01T11:04:17.000Z,0.00012,0x47dd3d13e598186f326f4c6c4a4e737ecb642c39,buy,0x8f8221afbb33998d8584a2b05749ba73c37a938a,0x90d70cc9b37ecab34792f60913a82885b75e05107de935bb101a5dc898d0d406
240,28992.147310325076,3.479057677239009,0xd3e0af2fd0be2b6148916ab295d365c8f6fea179,2017-11-01T11:04:17.000Z,0.00012,0x47dd3d13e598186f326f4c6c4a4e737ecb642c39,buy,0x8f8221afbb33998d8584a2b05749ba73c37a938a,0xbdba687bc5b250e7a52a67bff5354de409709d2e84b396c90282d00dee410e07
241,9542.236525283568,1.145068383034028,0xc6afcaa8099be35a6c409ee15f1cf77614d67c8d,2017-11-01T11:01:15.000Z,0.00012,0x47dd3d13e598186f326f4c6c4a4e737ecb642c39,buy,0x8f8221afbb33998d8584a2b05749ba73c37a938a,0xf735ec807b5cb099047d922de16f70a02086b24e0a93cace2ad27b68b1c2028a
242,10000,1.2,0xc6afcaa8099be35a6c409ee15f1cf77614d67c8d,2017-11-01T11:00:43.000Z,0.00012,0x47dd3d13e598186f326f4c6c4a4e737ecb642c39,buy,0x8f8221afbb33998d8584a2b05749ba73c37a938a,0x4d3e5584461cdb66eeadb06be4a50fb9dc0a656f972f283f614a4296a7525a49
243,4329.38,0.5172743224,0xd3e0af2fd0be2b6148916ab295d365c8f6fea179,2017-11-01T10:57:54.000Z,0.00011948,0x65f403f5ce12908bfa7d8089f54f097e8b686fae,buy,0x8f8221afbb33998d8584a2b05749ba73c37a938a,0xc4ec2d2d0d92c90023547e1e23b10dc29937804f6008328d9199b4a2b9621097
244,15000,1.8,0xc6afcaa8099be35a6c409ee15f1cf77614d67c8d,2017-11-01T10:55:59.000Z,0.00012,0x47dd3d13e598186f326f4c6c4a4e737ecb642c39,buy,0x8f8221afbb33998d8584a2b05749ba73c37a938a,0xf8aa1e1523c52bf9d8d09186a6c260431616f0ccefb9f43939b5745a6197858e
245,9235.958197117288,1.1083149836540747,0x89758e391fcdf65a73ff600af06634756535b9d7,2017-11-01T10:54:26.000Z,0.00012,0x47dd3d13e598186f326f4c6c4a4e737ecb642c39,buy,0x8f8221afbb33998d8584a2b05749ba73c37a938a,0x9ea13dfdf1805e6ddfa9e7678ee41c908a4245f555e18e788b0da38c51403ea5
246,50000,6,0x06463ecba9717adfe509d281b0e3ba9e39762dc6,2017-11-01T10:52:08.000Z,0.00012,0x47dd3d13e598186f326f4c6c4a4e737ecb642c39,buy,0x8f8221afbb33998d8584a2b05749ba73c37a938a,0x226a6a970b1d146d98159c700fb982bf867bcdf91a9c334943692b2f3579f4d0
247,10397.23868740331,1.1956824490513809,0x7471cc21f84b2eeb1ba3560ed6afc60a833b5dec,2017-11-01T10:45:51.000Z,0.00011499999999999999,0xf752ae4550213e3e4bd90f6931dd6e038d270201,sell,0x8f8221afbb33998d8584a2b05749ba73c37a938a,0x553c41b8291d6f7925566145b0be433090db32bcb6fd240447cc42cf5a3502d0
248,4329.38,0.5000000962,0x65f403f5ce12908bfa7d8089f54f097e8b686fae,2017-11-01T10:43:53.000Z,0.00011549,0xf752ae4550213e3e4bd90f6931dd6e038d270201,sell,0x8f8221afbb33998d8584a2b05749ba73c37a938a,0xf4b650b72e1dd3bb8060a89e5c44c1c7c8419fa3b7cefa549fee7f53387908bd
249,990.5826724851523,0.11441229867203509,0x91bf3a2f3e98e51925711a15d578bb107513da4c,2017-11-01T10:43:29.000Z,0.00011549999999999999,0xf752ae4550213e3e4bd90f6931dd6e038d270201,sell,0x8f8221afbb33998d8584a2b05749ba73c37a938a,0xac510df2a803742a3ec5c7c76fb96bcb4e78736f85567cd2b5602ff968f27d4d
250,6999,0.83988,0xc6afcaa8099be35a6c409ee15f1cf77614d67c8d,2017-11-01T10:38:52.000Z,0.00012,0x47dd3d13e598186f326f4c6c4a4e737ecb642c39,buy,0x8f8221afbb33998d8584a2b05749ba73c37a938a,0xaf3339b318db4f1790ede60bf683c8dd6853d66f21b1549dc9e205edd68b9d6d
251,200,0.024,0x354d2356a6212a078a1116218e98bf6381e1b6c9,2017-11-01T10:34:50.000Z,0.00012,0x47dd3d13e598186f326f4c6c4a4e737ecb642c39,buy,0x8f8221afbb33998d8584a2b05749ba73c37a938a,0x1bb74d39224810e10fc7c2f803c9b5484c75048912259098ea86dbe7e213d0c4
252,1477.9184527963314,0.17735021433555975,0xc6afcaa8099be35a6c409ee15f1cf77614d67c8d,2017-11-01T10:34:20.000Z,0.00012,0x47dd3d13e598186f326f4c6c4a4e737ecb642c39,buy,0x8f8221afbb33998d8584a2b05749ba73c37a938a,0x98e8f2a10e14fb08f9de9b1e2fef60e2c0f5801b9d39e476a9f4ffebdbd2ffdc
253,830,0.0996,0xa0e8d87e5caf8424c86c8d95d99d6394dc04ad22,2017-11-01T10:32:51.000Z,0.00012,0x47dd3d13e598186f326f4c6c4a4e737ecb642c39,buy,0x8f8221afbb33998d8584a2b05749ba73c37a938a,0xa864b8728c5ff0446c5aec85837ca131afe82fd27b68a45f2797d4a300fe1781
254,2000,0.24,0x6fd350dee8989b12a9201a6e4ab54bd05156f1cd,2017-11-01T10:30:33.000Z,0.00012,0x47dd3d13e598186f326f4c6c4a4e737ecb642c39,buy,0x8f8221afbb33998d8584a2b05749ba73c37a938a,0xa661968175fb5eb71a716502137fc612683e3ae8129d46f04f9630cfaf6f9f9a
255,673.3950464062359,0.08080740556874831,0x273a5d3e6721b9f5c1a6474f560c1334c63dda01,2017-11-01T10:29:47.000Z,0.00012,0x47dd3d13e598186f326f4c6c4a4e737ecb642c39,buy,0x8f8221afbb33998d8584a2b05749ba73c37a938a,0x6a820b44b4a43b05721967c123646b7d534353db854006b8dc2e3e4d1a0886c7
256,671.3748612670172,0.08727873196471224,0x6fd350dee8989b12a9201a6e4ab54bd05156f1cd,2017-11-01T10:29:47.000Z,0.00013,0x273a5d3e6721b9f5c1a6474f560c1334c63dda01,sell,0x8f8221afbb33998d8584a2b05749ba73c37a938a,0x6a820b44b4a43b05721967c123646b7d534353db854006b8dc2e3e4d1a0886c7
257,28000,3.36,0xe5830fc331aa8eb94b6a6daba5ae0ad028e5e222,2017-11-01T10:29:03.000Z,0.00012,0x47dd3d13e598186f326f4c6c4a4e737ecb642c39,buy,0x8f8221afbb33998d8584a2b05749ba73c37a938a,0x510e3c1208083b632fe616da4805c0df53dae9e83e9171e1fb1149ea993f7ce6
258,5033.005,0.6013434374,0xe5830fc331aa8eb94b6a6daba5ae0ad028e5e222,2017-11-01T10:29:03.000Z,0.00011948,0x65f403f5ce12908bfa7d8089f54f097e8b686fae,buy,0x8f8221afbb33998d8584a2b05749ba73c37a938a,0x0b4f3f75b9bf6ba344aecd7195100ed0f3accca4de87ca25ad94058172856c66
259,9.417327514847695,0.001087701327964908,0x91bf3a2f3e98e51925711a15d578bb107513da4c,2017-11-01T10:25:06.000Z,0.00011549999999999991,0x5515e656b67d2ae9d15e30f803f5aff9274576e1,sell,0x8f8221afbb33998d8584a2b05749ba73c37a938a,0x24e5f0f58363da6bef36cf03e67fe8a0633d370c62b93987b768ce4a569761aa
260,94465.21230143723,10.86349941466528,0xe8f0cc52b0d087e4eaabe1de8c0bc01f83918ea9,2017-11-01T10:24:18.000Z,0.00011499999999999999,0x5515e656b67d2ae9d15e30f803f5aff9274576e1,sell,0x8f8221afbb33998d8584a2b05749ba73c37a938a,0x0a1247490215ebeaa7a077a2c28341441cb197089f6421903b058dc3fd102766
261,17160,1.99914,0x631977795532b6b3a6a6ce4419e8be852c05829e,2017-11-01T10:22:16.000Z,0.0001165,0x5515e656b67d2ae9d15e30f803f5aff9274576e1,sell,0x8f8221afbb33998d8584a2b05749ba73c37a938a,0xc9e3553d2f687f2b768a0153fdaebfd184ecae31e965398b13cde0676c8bc92a
262,105000,12.07605,0x739c5f6d73d483705a08f9a52c7cd61c7933573e,2017-11-01T10:22:16.000Z,0.00011501,0x5515e656b67d2ae9d15e30f803f5aff9274576e1,sell,0x8f8221afbb33998d8584a2b05749ba73c37a938a,0x092c41f266e5b93da9735bfcf70c35fb14b45bd0895c9e47ad382294e7416dad
263,82469.225,9.648899325,0x89585cae5e9ae138cbfd7775ea6d4796ae76373d,2017-11-01T10:22:12.000Z,0.000117,0x5515e656b67d2ae9d15e30f803f5aff9274576e1,sell,0x8f8221afbb33998d8584a2b05749ba73c37a938a,0xd1e11653de303a895d857b2932bcd05ccf5914abcbd6a92c9d455f95609c2720
264,2530.774598743894,0.2961006280530356,0x89585cae5e9ae138cbfd7775ea6d4796ae76373d,2017-11-01T10:14:01.000Z,0.00011699999999999998,0xf71326a435fd4f8dba89a630d10776f2e96e1a35,sell,0x8f8221afbb33998d8584a2b05749ba73c37a938a,0x23664259c1752f4367b53d724c2b3eb24846615372909f04211cfd5fd4e10d0f
265,3000,0.360333,0x88650fdbfbb5c7933eb52008c4387050b963747d,2017-11-01T10:10:09.000Z,0.000120111,0xfccc604316be071ede8daef816f9b289559816fd,sell,0x8f8221afbb33998d8584a2b05749ba73c37a938a,0x5ae53aadf5c2239de175c9a24ad0be073911f43a2ae01332ebc8317dd9f86ff8
266,6871.137746974399,0.8246567745475,0xa59fb839e80142c9d0515155702d35f9dce4439e,2017-11-01T10:09:35.000Z,0.0001200175,0xfccc604316be071ede8daef816f9b289559816fd,sell,0x8f8221afbb33998d8584a2b05749ba73c37a938a,0x3d3e08617458ef399f2525b02f18b8a5c8ce5183803769539528ff21fa0ce4b6
267,2422,0.290940328,0xc9052a0730a18ea1add8c57859c08d3d1cf9dc37,2017-11-01T10:08:59.000Z,0.000120124,0xfccc604316be071ede8daef816f9b289559816fd,sell,0x8f8221afbb33998d8584a2b05749ba73c37a938a,0xb3cbc1bcaa6a4fdf3e9171f8459006cc8c7b948562cacb8767fcac1232d24c7e
268,200,0.025,0xd8be8871c52b91a1f4f8457baf0dc0946d931132,2017-11-01T10:08:32.000Z,0.000125,0x47dd3d13e598186f326f4c6c4a4e737ecb642c39,sell,0x8f8221afbb33998d8584a2b05749ba73c37a938a,0xea030e37583087d8dcf27665cafc23ce16802b5380991a617d5c87513560ad9a
269,100,0.012,0x4ec21ffaed3b96f2a51cd36bc31660fbdc5224c2,2017-11-01T10:08:16.000Z,0.00012,0x47dd3d13e598186f326f4c6c4a4e737ecb642c39,sell,0x8f8221afbb33998d8584a2b05749ba73c37a938a,0x8dfec58f8aa746a1bad7c2395cbb415adcabee35e65219b049080af91e35e9f8
270,958.132,0.11497584,0xbfd9d7554a77e82f0bfe6bc9598840a972e204ef,2017-11-01T10:08:16.000Z,0.00012,0x47dd3d13e598186f326f4c6c4a4e737ecb642c39,sell,0x8f8221afbb33998d8584a2b05749ba73c37a938a,0x1d86dfc270658cb400ea99db1ec2c1986f06622f9c55269a00e93d22c254ead9
271,1000,0.12,0x3d887d9d2bcc0206f6274c185364a8df34537d79,2017-11-01T10:08:16.000Z,0.00012,0x47dd3d13e598186f326f4c6c4a4e737ecb642c39,sell,0x8f8221afbb33998d8584a2b05749ba73c37a938a,0xf403f3d6e5af5559a13e7696b8677ac7902efd7094180c4d75c11c7222f9f0c6
272,4069.34,0.4999998058,0x65f403f5ce12908bfa7d8089f54f097e8b686fae,2017-11-01T10:08:16.000Z,0.00012287,0x47dd3d13e598186f326f4c6c4a4e737ecb642c39,sell,0x8f8221afbb33998d8584a2b05749ba73c37a938a,0x39d8d46cb81e9290d69dc6c13dbf29920268ab069697380061eee9c96d2b0e47
273,10000,1.2,0xceb37817ed167eb771e482b0ebf87a4801ace4c4,2017-11-01T10:08:13.000Z,0.00012,0x47dd3d13e598186f326f4c6c4a4e737ecb642c39,sell,0x8f8221afbb33998d8584a2b05749ba73c37a938a,0x0b3d486ebe829bbd3740b68d1385ae07960e8873819faf6e95a4a5a584946800
274,12100,1.4544321,0xf70f84728c5f4035bc8b851128d07e1e9104060e,2017-11-01T10:07:33.000Z,0.000120201,0x47dd3d13e598186f326f4c6c4a4e737ecb642c39,sell,0x8f8221afbb33998d8584a2b05749ba73c37a938a,0xc97f4280bbb3b0b67d454f40ce0796e7619ddaf0daee240fb24b711791d0a751
275,50000,6,0x7471cc21f84b2eeb1ba3560ed6afc60a833b5dec,2017-11-01T10:07:33.000Z,0.00012,0x47dd3d13e598186f326f4c6c4a4e737ecb642c39,sell,0x8f8221afbb33998d8584a2b05749ba73c37a938a,0x46484fcf407215db2b5918030b05ebe7182a641e47321babc3e70562da580212
276,100000,12.0123,0x98b8f889dbe2b5c4c5879f65e13b24012f2afdce,2017-11-01T10:07:01.000Z,0.000120123,0x47dd3d13e598186f326f4c6c4a4e737ecb642c39,sell,0x8f8221afbb33998d8584a2b05749ba73c37a938a,0xf1be79bd8f68a14fa319813bdf1bdee8b7576644f9402a1b8d1c045c8642d9bb
277,6000,0.726012,0x5cd978846ce925908ced324c6008acf8612d1281,2017-11-01T10:06:46.000Z,0.000121002,0x47dd3d13e598186f326f4c6c4a4e737ecb642c39,sell,0x8f8221afbb33998d8584a2b05749ba73c37a938a,0x154dbf5247f5f4969dabcb12b827521717cfcc2df5fce0dc93881f45e4e05b4c
278,14000,1.708,0x03f733d1b410819d27fde1627bd044cea152fea7,2017-11-01T10:06:46.000Z,0.000122,0x47dd3d13e598186f326f4c6c4a4e737ecb642c39,sell,0x8f8221afbb33998d8584a2b05749ba73c37a938a,0xe0ec0541ea02f027cf750a3f68802b1ee30b135de6dc7ae2e03106a6535ad02a
279,20000,2.406,0x632d7de0037bca4cdb13a4189473b7489e051dee,2017-11-01T10:06:46.000Z,0.0001203,0x47dd3d13e598186f326f4c6c4a4e737ecb642c39,sell,0x8f8221afbb33998d8584a2b05749ba73c37a938a,0x3918352d05cd60dce65c46538032d0a2bef768418f7a6b0f74b0247c92a3bb89
280,8000,0.968,0x777487cff709f3ff3b1a2c52675b0ccd5b40721c,2017-11-01T10:06:46.000Z,0.000121,0x47dd3d13e598186f326f4c6c4a4e737ecb642c39,sell,0x8f8221afbb33998d8584a2b05749ba73c37a938a,0x3cc97eb9bc2d40168760f00144f48b0a46bb8bffa9bfbc355aa1f69a033386d5
281,9039.468870148643,1.1028242416270047,0x9d541a4f8ca27d5067117877106feccd0bd9e062,2017-11-01T10:06:32.000Z,0.00012200099999999999,0x47dd3d13e598186f326f4c6c4a4e737ecb642c39,sell,0x8f8221afbb33998d8584a2b05749ba73c37a938a,0x290b0eb6dbc985d6b73e1b9b49a13fbd37964b55e27fedd97b9618633f1012a7
282,32423.055,3.9588550155,0x92dfc5dbdad52902ad32c8b10c34eb93e1e80e90,2017-11-01T10:06:18.000Z,0.0001221,0x47dd3d13e598186f326f4c6c4a4e737ecb642c39,sell,0x8f8221afbb33998d8584a2b05749ba73c37a938a,0xa82061612b903b5c29eb94a9589867b8021038cbb9758d6de6c79d9dbea3a5fc
283,2842.6187890413808,0.3470837541419526,0x92dfc5dbdad52902ad32c8b10c34eb93e1e80e90,2017-11-01T09:39:53.000Z,0.00012209999999999999,0x6642f9b48ee1c214241f848256f43d82324923cc,sell,0x8f8221afbb33998d8584a2b05749ba73c37a938a,0x208a129a777c2100e8fe0171aae5c080d225030eb9d5118f0924e2c03b592a97
284,963.6642119398052,0.11852106142647664,0x65f403f5ce12908bfa7d8089f54f097e8b686fae,2017-11-01T09:34:30.000Z,0.00012298999999999999,0x95eab0ed9c747af1e9b2d8762b7bed346aee5a6f,sell,0x8f8221afbb33998d8584a2b05749ba73c37a938a,0x01d4e7b456c26ef23cb3ee215d2898be4d8d8535a638b24b35b63dc9364e38f8
285,48.33970451748027,0.006235821882754954,0x47c40215d36b0104545bc7b95fb6cbe583175b67,2017-11-01T09:31:21.000Z,0.000129,0x95eab0ed9c747af1e9b2d8762b7bed346aee5a6f,sell,0x8f8221afbb33998d8584a2b05749ba73c37a938a,0x2f268d44715edcc68e4aa229b998939bb4932237f3387804409240697b51f1ec
286,11.012837606105446,0.001431668888793707,0x49280fa8b490f2fc231e4c6f50f00e8726659b26,2017-11-01T09:22:53.000Z,0.0001299999999999999,0x95eab0ed9c747af1e9b2d8762b7bed346aee5a6f,sell,0x8f8221afbb33998d8584a2b05749ba73c37a938a,0x5235e885924180d59ea175591255f205c8ac15e797ba41cb83498ab1e360fd72
287,11.012837606105446,0.001431668888793707,0x49280fa8b490f2fc231e4c6f50f00e8726659b26,2017-11-01T09:22:42.000Z,0.0001299999999999999,0x95eab0ed9c747af1e9b2d8762b7bed346aee5a6f,sell,0x8f8221afbb33998d8584a2b05749ba73c37a938a,0x5235e885924180d59ea175591255f205c8ac15e797ba41cb83498ab1e360fd72
288,2700.54,0.3511782216,0xca4248f9b0412e3bad0402505d0120f3420c54f8,2017-11-01T09:10:31.000Z,0.00013004,0x65f403f5ce12908bfa7d8089f54f097e8b686fae,buy,0x8f8221afbb33998d8584a2b05749ba73c37a938a,0x0ac7a80aac458f99f8f9351af6caaf48e4bbdd4f80339bce3537e8e36983f395
289,0.4719695110047697,0.00006135603643062,0x49280fa8b490f2fc231e4c6f50f00e8726659b26,2017-11-01T08:59:03.000Z,0.00012999999999999988,0xce1c28560f17c2aa0b0a539019bbb4492f117e40,sell,0x8f8221afbb33998d8584a2b05749ba73c37a938a,0x967cd0d726b195f5b6879b5284d1d39693e49384d564d0179a918d3e6d049302
290,4734.326164888845,0.5780612247329279,0x92dfc5dbdad52902ad32c8b10c34eb93e1e80e90,2017-11-01T08:57:23.000Z,0.00012209999999999999,0xce1c28560f17c2aa0b0a539019bbb4492f117e40,sell,0x8f8221afbb33998d8584a2b05749ba73c37a938a,0xb1f34832d7fcf3e421d7ce5a96a0b0360d9bb84a03e185707a2bf791296f028b
291,500,0.0625055,0xadfac97883d508f98bf12e07a22a5348598a5a16,2017-11-01T08:55:29.000Z,0.000125011,0xce1c28560f17c2aa0b0a539019bbb4492f117e40,sell,0x8f8221afbb33998d8584a2b05749ba73c37a938a,0xfb3c32e39ea5ebaae90bd2e4a84829162aa7ac1eae3744b9f6bd162fff15b580
292,1674.808,0.208513596,0x28e632f8838dcc6c558856d7fc1115143c3e8585,2017-11-01T08:55:29.000Z,0.0001245,0xce1c28560f17c2aa0b0a539019bbb4492f117e40,sell,0x8f8221afbb33998d8584a2b05749ba73c37a938a,0xa123ce6d9274f03de80c58a13b37e44fc392c3a67363b3ccd9878153b3c5e62e
293,20000,2.4406,0x632d7de0037bca4cdb13a4189473b7489e051dee,2017-11-01T08:52:42.000Z,0.00012203,0xce1c28560f17c2aa0b0a539019bbb4492f117e40,sell,0x8f8221afbb33998d8584a2b05749ba73c37a938a,0x24ff8a90ea6b08dc902c50aa38bc71dc86f8cb830799120f975f4217180bf1a2
294,1305,0.166518,0x9bbbb31c8fa3a88ecca4d18ec20fdabb09a50ece,2017-11-01T08:50:36.000Z,0.0001276,0xce1c28560f17c2aa0b0a539019bbb4492f117e40,sell,0x8f8221afbb33998d8584a2b05749ba73c37a938a,0xea71a7baf7b3b2fc08de0aa5ff38fcb7cb35571a3e1021f32066142d9bb9558c
295,5250,0.65363025,0xe21b893a3f9a56f6a1e1171d8010131ed27cf03c,2017-11-01T08:50:26.000Z,0.000124501,0xce1c28560f17c2aa0b0a539019bbb4492f117e40,sell,0x8f8221afbb33998d8584a2b05749ba73c37a938a,0x34a6b701bf361b282d01ab7e5c1131364105ea8a1d08ec291afa6089ad86cd9a
296,460,0.0598,0xec90fdd9f3e30497822f6d02559e20f9c84baa3b,2017-11-01T08:46:43.000Z,0.00013,0xf71326a435fd4f8dba89a630d10776f2e96e1a35,sell,0x8f8221afbb33998d8584a2b05749ba73c37a938a,0xdbc83f7d05b46cf943cac530c91e08618eec260c307bda8fc895f68fb22213c8
297,1140,0.1495224,0xacb85d07552ccdcffc5421e277c60ffd034ecd6b,2017-11-01T08:21:24.000Z,0.00013116,0x65f403f5ce12908bfa7d8089f54f097e8b686fae,buy,0x8f8221afbb33998d8584a2b05749ba73c37a938a,0x0c50e875ced11d5a25d85cdc7afc6862f3f3344498acb6474cbe7d7418749ba1
298,1.8465337455880588,0.000240049386926447,0xf55a2d285cbae36612338e3f32af234a0c56edca,2017-11-01T08:11:35.000Z,0.00012999999999999964,0x1db61b8d3a64afac73ddfacddb84c8e5b6f5c76e,sell,0x8f8221afbb33998d8584a2b05749ba73c37a938a,0x886bbfa8c28f169d319d3b204c7fff2f15a482760d5908cf4f97733dee44bf25
299,18522.580001993818,2.3060612102482305,0x28e632f8838dcc6c558856d7fc1115143c3e8585,2017-11-01T08:09:36.000Z,0.0001245,0x1db61b8d3a64afac73ddfacddb84c8e5b6f5c76e,sell,0x8f8221afbb33998d8584a2b05749ba73c37a938a,0xb3e46a78e007872ab789d2408abe102071c699e91219df92c3407efe15132e0d
300,2.9710509324195384,0.000386236621214539,0xf55a2d285cbae36612338e3f32af234a0c56edca,2017-11-01T07:29:12.000Z,0.00012999999999999966,0xdb685e47b1c360d0c6d60e780dc904f6dd9c4491,sell,0x8f8221afbb33998d8584a2b05749ba73c37a938a,0x5975dc959c7b0100f53a0b295bbd49377314dc6670d35f01fe22862db5c0786c
301,29802.611903100387,3.7104251819359986,0x28e632f8838dcc6c558856d7fc1115143c3e8585,2017-11-01T07:27:33.000Z,0.0001245,0xdb685e47b1c360d0c6d60e780dc904f6dd9c4491,sell,0x8f8221afbb33998d8584a2b05749ba73c37a938a,0xaf0a777f22d7778e5a66e72a55bdad32b94acaaf81d25347cf7ea03203990263
302,10000,1.251,0x03f733d1b410819d27fde1627bd044cea152fea7,2017-11-01T07:26:46.000Z,0.0001251,0xdb685e47b1c360d0c6d60e780dc904f6dd9c4491,sell,0x8f8221afbb33998d8584a2b05749ba73c37a938a,0xa7c292eb3d7fa4cd45e1785830f0baae73038206a2a1af4a1569991190be50f0
303,25000,3.1275,0x28e632f8838dcc6c558856d7fc1115143c3e8585,2017-11-01T07:26:46.000Z,0.0001251,0xdb685e47b1c360d0c6d60e780dc904f6dd9c4491,sell,0x8f8221afbb33998d8584a2b05749ba73c37a938a,0x98a966622cddf43f0e9b0f2d1933d3d659529c2517efbe4bc67089036f76cc6a
304,5000,0.659995,0x7a2c359bad3494cbbcc01d9ab55d0e4804a308fa,2017-11-01T06:33:58.000Z,0.000131999,0xe21b893a3f9a56f6a1e1171d8010131ed27cf03c,buy,0x8f8221afbb33998d8584a2b05749ba73c37a938a,0x6107251a0d7e5a9be12d79b14a7dcb774d1abd0282f64b7fd1611d178e10dfbc
305,9120,1.1856,0x6d6a04f7b47756a526b0f28e523bb598455264c8,2017-11-01T05:43:03.000Z,0.00013,0xd1ad676676b799b7c54741e06f17fdac87ed458b,sell,0x8f8221afbb33998d8584a2b05749ba73c37a938a,0x3faba34b8561bb8c01c0ae065edac79a58a319d15e1bf0d75f0b1331822c85a4
306,3840.54,0.4999999026,0x65f403f5ce12908bfa7d8089f54f097e8b686fae,2017-11-01T05:30:47.000Z,0.00013019,0x6cd108e094f385ec853d64685ff879fe90dd6561,sell,0x8f8221afbb33998d8584a2b05749ba73c37a938a,0xe9bd816350302253e233460339ef7a9c7112b748f6404d4bbd662111bf5effad
307,30276.919289212514,3.935999507597627,0x2b406d9d9cbbb2f2cfe1b8903a4f84fdf4e2abb5,2017-11-01T05:30:30.000Z,0.00013,0x6cd108e094f385ec853d64685ff879fe90dd6561,sell,0x8f8221afbb33998d8584a2b05749ba73c37a938a,0x3a697fddc5a18721d051893532531dc566c64c4fbf13861a96658142e693b2f9
308,0.4708015062587208,0.000061204195813633,0x2b406d9d9cbbb2f2cfe1b8903a4f84fdf4e2abb5,2017-11-01T05:30:00.000Z,0.0001299999999999985,0xbf613f2fb893ea88f64f8feacfa36cb4842af7b1,sell,0x8f8221afbb33998d8584a2b05749ba73c37a938a,0xf46ce1982d6573087ac7e9880582e36db6a40f43f2a101b1b0ef5fd617f445fc
309,4722.609909281228,0.6139392882065596,0x2b406d9d9cbbb2f2cfe1b8903a4f84fdf4e2abb5,2017-11-01T05:28:54.000Z,0.00013,0xbf613f2fb893ea88f64f8feacfa36cb4842af7b1,sell,0x8f8221afbb33998d8584a2b05749ba73c37a938a,0x50f5c9a7680de31b16ae136574178cc876ce33b519d3040eae79d894bb1a4ce6
310,900,0.117,0xbfbdd7f780e8f8185051642cca63bdf74727e167,2017-11-01T05:20:38.000Z,0.00013,0xd1ad676676b799b7c54741e06f17fdac87ed458b,sell,0x8f8221afbb33998d8584a2b05749ba73c37a938a,0x407c1a76c038a6b83683f6af152579b98d2c9b404e941d11d59915bbbfba509e
311,2000,0.264,0x2796d9139f6d44f3294f9bd5fa135348c786adb9,2017-11-01T05:12:01.000Z,0.000132,0xd1ad676676b799b7c54741e06f17fdac87ed458b,buy,0x8f8221afbb33998d8584a2b05749ba73c37a938a,0x21ad6572bfbd99bf093bdab9be9afc4202bedd97cb8f0580794e8980d513dfa8
312,4250,0.5525,0x1da172bb228518f94f7040b68f07a5af1b0e6aa8,2017-11-01T05:09:32.000Z,0.00013,0xbf613f2fb893ea88f64f8feacfa36cb4842af7b1,sell,0x8f8221afbb33998d8584a2b05749ba73c37a938a,0x34b1924d4f2d1e77a4326cad584cacceb424101a2061dce083b46dd1104c6c95
313,4264.63,0.5677928382,0x2796d9139f6d44f3294f9bd5fa135348c786adb9,2017-11-01T05:07:25.000Z,0.00013314,0x65f403f5ce12908bfa7d8089f54f097e8b686fae,buy,0x8f8221afbb33998d8584a2b05749ba73c37a938a,0x97c92af635b5b055589a85876102006485c9dcbe2b05b6d31c0f238c8b002c17
314,149.9112153442108,0.019938191640780038,0xf7cc9ccce8c100df35064eda378bb7682014bd68,2017-11-01T05:05:45.000Z,0.000133,0x0822afd1603c6772ab28c17af5d5b6fd0b1a6961,buy,0x8f8221afbb33998d8584a2b05749ba73c37a938a,0x4efb68259d40974909dac05c962475f89570da649733172134afe22bb7bc1d0d
315,0.002621538063548872,0.000000348664562452,0xf7cc9ccce8c100df35064eda378bb7682014bd68,2017-11-01T04:55:14.000Z,0.000133,0x0822afd1603c6772ab28c17af5d5b6fd0b1a6961,buy,0x8f8221afbb33998d8584a2b05749ba73c37a938a,0x75303c542c0587e18959f5a46f2002377f6356595a1e980e476895e7ad80e80c
316,18051.67029548252,2.328665468117245,0x47c40215d36b0104545bc7b95fb6cbe583175b67,2017-11-01T04:31:02.000Z,0.000129,0xadec7b6c35067fb4b7722f72780a32ac1436b5d3,sell,0x8f8221afbb33998d8584a2b05749ba73c37a938a,0x8c3d369f08050a0bc6353e9dcdf2da5961eaeb8f034db64fa85f5f9b808b9359
317,7643.376817365817,0.9936389862575562,0xcd7ac50e622d55ad66d37cd9b444f400aaa75669,2017-11-01T04:22:11.000Z,0.00013,0xadec7b6c35067fb4b7722f72780a32ac1436b5d3,sell,0x8f8221afbb33998d8584a2b05749ba73c37a938a,0xe34da3d986a91eb6702f0e38feb7ffd8bd9772914bddca457d7445f800397637
318,2308.4322819377567,0.3000985050841903,0x0c9719fa4cdbcd3bd74f3bcb46b4be1910b498d7,2017-11-01T04:15:06.000Z,0.00013000099999999998,0xadec7b6c35067fb4b7722f72780a32ac1436b5d3,sell,0x8f8221afbb33998d8584a2b05749ba73c37a938a,0xf4c731d3a1ac1a2d0fe61a02c111ed46bba362d3f6fbe20a86dc30a6eb8014b1
319,200,0.0266,0xdeb7cce1d1fc7f8b7a9573352f2ad71597dabaf1,2017-11-01T03:58:22.000Z,0.000133,0x0822afd1603c6772ab28c17af5d5b6fd0b1a6961,buy,0x8f8221afbb33998d8584a2b05749ba73c37a938a,0x974ef6fd80b94291250ada476da2d435c70af85303bba39e015ce9d4040084ce
320,5383.567718062243,0.6998691869158097,0x0c9719fa4cdbcd3bd74f3bcb46b4be1910b498d7,2017-11-01T03:54:38.000Z,0.00013000099999999998,0x66515175338f7c0229e65cb63888f9a2b38ceec2,sell,0x8f8221afbb33998d8584a2b05749ba73c37a938a,0xb6dcd7c593c380aa017a0808964874fd263f8e0e5b715fd37f171b2181141411
321,0.2640211353335425,0.000035341869175748,0xf55a2d285cbae36612338e3f32af234a0c56edca,2017-11-01T03:41:47.000Z,0.00013386,0x65f403f5ce12908bfa7d8089f54f097e8b686fae,buy,0x8f8221afbb33998d8584a2b05749ba73c37a938a,0xc23bfc0f805a6432391b307e91a9cc45de3dfddc3bcda33db986e4674f9839f4
322,3,0.00040347,0x8ed0bb52eac702619d19a7629d5c7637ab905cef,2017-11-01T02:56:41.000Z,0.00013449,0x65f403f5ce12908bfa7d8089f54f097e8b686fae,buy,0x8f8221afbb33998d8584a2b05749ba73c37a938a,0x8f23a0f8f934500e0faa8af853797174e8bea340204fae0edd5db0b739033b73
323,3,0.000412497,0xe2b48b3dd0b33283b4802e63e65518f27e635054,2017-11-01T02:45:02.000Z,0.000137499,0xeca1be26993c2ba6ba42440d9de78959c3a025bb,buy,0x8f8221afbb33998d8584a2b05749ba73c37a938a,0x7f21c605671834fec80abc7474750e7d25ba6f5a1573bf298aea06f612fd2f8d
324,7,0.0009569,0xed2ca7381d82f8fb9bcc54ea6ab6526e35aece25,2017-11-01T02:42:17.000Z,0.0001367,0x65f403f5ce12908bfa7d8089f54f097e8b686fae,buy,0x8f8221afbb33998d8584a2b05749ba73c37a938a,0xbb92cb5ce9583c19168149c6a47701f825ce7f0a6632fad11bd81891057f0882
325,2356.6231826341827,0.3063610137424438,0xcd7ac50e622d55ad66d37cd9b444f400aaa75669,2017-11-01T02:19:20.000Z,0.00013,0xe41ba7cfb98a58305596d551a87d37960f5f532a,sell,0x8f8221afbb33998d8584a2b05749ba73c37a938a,0x1fe6497607315af340a78b822d158d763677757a9fa6dd56530983a443218e1a
326,16441.339,2.13737407,0xb2bf7a6f1c47bf99a9aaf462ca01a88b856da0fc,2017-11-01T02:17:39.000Z,0.00013,0xe41ba7cfb98a58305596d551a87d37960f5f532a,sell,0x8f8221afbb33998d8584a2b05749ba73c37a938a,0x6212a8a8385945c1a2a03b51280fb36090ec7bf1598ddbf5724fe3efb58afc4a
327,11671.345716826025,1.5172749431873833,0xb2bf7a6f1c47bf99a9aaf462ca01a88b856da0fc,2017-11-01T02:16:19.000Z,0.00013,0x5515e656b67d2ae9d15e30f803f5aff9274576e1,sell,0x8f8221afbb33998d8584a2b05749ba73c37a938a,0x8cd8756232173e795b0a9aaaec91fb8c9f7e0f73a5759f79c9698e6cb3b3ea5f
328,7130,0.93403,0xdc15123384d6840ed37a9b5e04d23d1368c00733,2017-11-01T02:13:59.000Z,0.000131,0x5515e656b67d2ae9d15e30f803f5aff9274576e1,sell,0x8f8221afbb33998d8584a2b05749ba73c37a938a,0x69ad9243adbc76e6ce35acdffb88cdd94444cbf93fc8204f1e31ec6aa10863dd
329,2000,0.272,0xf142f26d1cac4ba8a6e6d7974d243eda2fe5f4f9,2017-11-01T01:57:14.000Z,0.000136,0x5515e656b67d2ae9d15e30f803f5aff9274576e1,buy,0x8f8221afbb33998d8584a2b05749ba73c37a938a,0x95e700af56dbdb9ca4e40cb89250af92ca1cc0357422f8f528a782dbc6e63b55
330,14887.315003489184,1.935350950453594,0xb2bf7a6f1c47bf99a9aaf462ca01a88b856da0fc,2017-11-01T01:56:12.000Z,0.00013,0xe41ba7cfb98a58305596d551a87d37960f5f532a,sell,0x8f8221afbb33998d8584a2b05749ba73c37a938a,0xcb44cc97d36a126aa65acb2c0fafb69de191315ab319995005214268028f5731
331,3776.44,0.500000656,0x65f403f5ce12908bfa7d8089f54f097e8b686fae,2017-11-01T01:55:27.000Z,0.0001324,0xe41ba7cfb98a58305596d551a87d37960f5f532a,sell,0x8f8221afbb33998d8584a2b05749ba73c37a938a,0x867470ef8ccec7474fa1fa86b91f57d99a4406e0d7557fce436f8fa917ef8935
332,18403.90713824562,2.5029313708014045,0x1624e31a51512baa9d78ba09790577a55b46e88a,2017-11-01T01:53:31.000Z,0.000136,0x5515e656b67d2ae9d15e30f803f5aff9274576e1,buy,0x8f8221afbb33998d8584a2b05749ba73c37a938a,0x836ba0b02ff40dad13a8c3d4b36f192808baff10b76578833099ff3f1a646e4c
333,8664.971878157525,1.1784361754294235,0x6d6a04f7b47756a526b0f28e523bb598455264c8,2017-11-01T01:49:05.000Z,0.000136,0x5515e656b67d2ae9d15e30f803f5aff9274576e1,buy,0x8f8221afbb33998d8584a2b05749ba73c37a938a,0x27eb6ee07d7153871696ea75e5d51c049e45fd2fb803886acc97fad72f1ce294
334,20,0.00276,0x3e8509460c64fdb314134c6ad9bd03e2da24a2cd,2017-11-01T01:36:45.000Z,0.000138,0x1b506501493cbc35ccdb34390fced4e8df9fdc1b,buy,0x8f8221afbb33998d8584a2b05749ba73c37a938a,0x3bc3fb7fd9041768f11cf576b02cdb38940274e61efa101395f8b7a753caa8ac
335,31402.652149636688,4.145150083752043,0xdc15123384d6840ed37a9b5e04d23d1368c00733,2017-11-01T01:26:47.000Z,0.00013199999999999998,0x9cad093dd92da1b94b110fc10a313a5d70941971,sell,0x8f8221afbb33998d8584a2b05749ba73c37a938a,0xdeb4cc6d65c73aec251792489cd369f60e23234631e59cafee15717419c95ded
336,498.45479015053337,0.06589572325790051,0x65f403f5ce12908bfa7d8089f54f097e8b686fae,2017-11-01T01:23:07.000Z,0.0001322,0xb6e82d9ef47ebdc2613a115eaa12a0061e1a4460,sell,0x8f8221afbb33998d8584a2b05749ba73c37a938a,0x48845223ca92e1a8930d398a30c19599e10de035220df781a3b9645aee3f28af
337,1.7,0.0002244,0xdc15123384d6840ed37a9b5e04d23d1368c00733,2017-11-01T01:18:08.000Z,0.000132,0xce67b8f488f5f1484bb97fb768d2e74860c16386,sell,0x8f8221afbb33998d8584a2b05749ba73c37a938a,0x373a84c0acb807b8f8127b1ca3bd1c1591a6805459364818cc4baf5d4030ce24
338,3964.542400265885,0.5233195968350968,0xdc15123384d6840ed37a9b5e04d23d1368c00733,2017-11-01T01:17:38.000Z,0.00013199999999999998,0xeca1be26993c2ba6ba42440d9de78959c3a025bb,sell,0x8f8221afbb33998d8584a2b05749ba73c37a938a,0x55a023dcd60161e4be1779b7b1323a90753c196a93554632e5b84ea1fea2fe48
339,17404.417029352448,2.2973830478745234,0xdc15123384d6840ed37a9b5e04d23d1368c00733,2017-11-01T01:16:21.000Z,0.00013199999999999998,0xce67b8f488f5f1484bb97fb768d2e74860c16386,sell,0x8f8221afbb33998d8584a2b05749ba73c37a938a,0xf9d3eb1da217b0e33c8caada15ae9be2fc599a70fd0474594e85df514c0fe4e3
340,69764.33746176277,9.348421219876212,0x23243c99d4c62c0fa06cb9a76e173a443de20a1c,2017-11-01T01:13:34.000Z,0.00013399999999999998,0xce67b8f488f5f1484bb97fb768d2e74860c16386,sell,0x8f8221afbb33998d8584a2b05749ba73c37a938a,0xcde1ad58d347ca3393fe7f85979d786a9f37fabc550a41ca80097f201b544e56
341,4235.662538237233,0.5675787801237893,0x23243c99d4c62c0fa06cb9a76e173a443de20a1c,2017-11-01T01:12:50.000Z,0.00013399999999999998,0x1da172bb228518f94f7040b68f07a5af1b0e6aa8,sell,0x8f8221afbb33998d8584a2b05749ba73c37a938a,0xfea83467bbed94435756184be1fccdc0a19aa9f5f169601ad4726f3d4331b785
342,50001.99,6.7497686301,0x47c40215d36b0104545bc7b95fb6cbe583175b67,2017-11-01T00:13:47.000Z,0.00013499,0xc1247afc472ead93b059f15d1494cfc937809c8f,buy,0x8f8221afbb33998d8584a2b05749ba73c37a938a,0xe13da6daac9a0691cf094ede627019b140fd9888ab48e5f0cdcf2db8c651e294
343,6692,0.896728,0x47c40215d36b0104545bc7b95fb6cbe583175b67,2017-11-01T00:13:42.000Z,0.000134,0x0c9719fa4cdbcd3bd74f3bcb46b4be1910b498d7,buy,0x8f8221afbb33998d8584a2b05749ba73c37a938a,0x8a281225c2f82d62867b8161a5a3a4e113475669a5fa8ce61b18565b9943dadd
344,14500,1.95749855,0x450573f9ec383956e44d7a62b363107594d76c70,2017-10-31T23:56:07.000Z,0.0001349999,0xeca1be26993c2ba6ba42440d9de78959c3a025bb,buy,0x8f8221afbb33998d8584a2b05749ba73c37a938a,0xbf0b33f89ed31ac8df565b83b5be1e9437609970c2a066a26b531bb55e37447e
345,1000,0.134,0xf71326a435fd4f8dba89a630d10776f2e96e1a35,2017-10-31T23:29:19.000Z,0.000134,0x0c9719fa4cdbcd3bd74f3bcb46b4be1910b498d7,buy,0x8f8221afbb33998d8584a2b05749ba73c37a938a,0x90296e8d4121acc786d5c2cac44b9aa3947fdf0c21125c21b3684b6c10f26d21
346,50000,6.55,0x28e632f8838dcc6c558856d7fc1115143c3e8585,2017-10-31T23:26:12.000Z,0.000131,0xce67b8f488f5f1484bb97fb768d2e74860c16386,sell,0x8f8221afbb33998d8584a2b05749ba73c37a938a,0x82b3dde285b93d812fc58f7fdede52ecf86e0f7a138ba0b88ff75c0990e66d41
347,30000,4.07997,0x1d1d215fa73293aa50bac6d603fbd3fe784129c8,2017-10-31T23:24:37.000Z,0.000135999,0xeca1be26993c2ba6ba42440d9de78959c3a025bb,buy,0x8f8221afbb33998d8584a2b05749ba73c37a938a,0xa9a0bf50042d649e5d1cf46941b5c6ef7835254c6aeb16acfac91a70ff49581d
348,3643,0.47359,0x6cd108e094f385ec853d64685ff879fe90dd6561,2017-10-31T23:22:16.000Z,0.00013,0x9db8b98482bfde6b63e72a944cd38dd04a057d15,buy,0x8f8221afbb33998d8584a2b05749ba73c37a938a,0xbc120526f3882e257d0fc48233a4a9c0247f3bea4293809b1ed7fcf8c8f9a5fa
349,1000,0.13,0xf71326a435fd4f8dba89a630d10776f2e96e1a35,2017-10-31T23:19:14.000Z,0.00013,0x9db8b98482bfde6b63e72a944cd38dd04a057d15,buy,0x8f8221afbb33998d8584a2b05749ba73c37a938a,0x68b0426bd51667a3f6eecac644c9a9051bdc626849c0139c31ad2d12c0cd9e5f
350,1000,0.13,0xf71326a435fd4f8dba89a630d10776f2e96e1a35,2017-10-31T23:18:56.000Z,0.00013,0x9db8b98482bfde6b63e72a944cd38dd04a057d15,buy,0x8f8221afbb33998d8584a2b05749ba73c37a938a,0x380c8d4706c5bcb77cddaf69ff5fb2374b4b9ef4f0994a6318a2446a32389e77
351,486.504,0.06324552,0x5cd978846ce925908ced324c6008acf8612d1281,2017-10-31T23:16:39.000Z,0.00013,0xf554c832ed87966a9647654e65bf9123d9e1298d,buy,0x8f8221afbb33998d8584a2b05749ba73c37a938a,0xe4bbf1760107a788c2852bc3cce9db6616e5cccc88b7f39ad90e337f3c604f81
352,2122.769,0.27413438866,0x5cd978846ce925908ced324c6008acf8612d1281,2017-10-31T22:52:52.000Z,0.00012914,0x65f403f5ce12908bfa7d8089f54f097e8b686fae,buy,0x8f8221afbb33998d8584a2b05749ba73c37a938a,0x4333eb17db15f05fca3cbcdd10c9ce2abe4d2c9bd18a9d89362c8497c235b2ee
353,1113.4955921417331,0.1447544269784253,0xa9fe63c238039e4e0a81db8f2ea3a98161ee065e,2017-10-31T22:37:05.000Z,0.00013,0xf554c832ed87966a9647654e65bf9123d9e1298d,buy,0x8f8221afbb33998d8584a2b05749ba73c37a938a,0xa2b15ddd62713ca714ede68885ad95bf767d371966ca0725f76f5b57645c7499
354,80,0.0103312,0xb8c4d3c48fd783800efae55dfcef124e7b4f56c9,2017-10-31T22:34:16.000Z,0.00012914,0x65f403f5ce12908bfa7d8089f54f097e8b686fae,buy,0x8f8221afbb33998d8584a2b05749ba73c37a938a,0x12370078704b0b11e3bd732886f362c1d3c3a6ace92f5b6942a230bfaede3556
355,0.5311298513568581,0.000064798372995388,0x9d541a4f8ca27d5067117877106feccd0bd9e062,2017-10-31T22:19:20.000Z,0.00012200099999999992,0xdcf213cf5fa361c0d56e03b5ae811bd1f105c0d7,sell,0x8f8221afbb33998d8584a2b05749ba73c37a938a,0x8d5ec327ec49eb151eee1fc12fa9be5981c6f727fe8af78c4b6d738ff46aef88
356,5327.763538960643,0.6499871517531984,0x6cd108e094f385ec853d64685ff879fe90dd6561,2017-10-31T22:14:46.000Z,0.00012199999999999998,0xdcf213cf5fa361c0d56e03b5ae811bd1f105c0d7,sell,0x8f8221afbb33998d8584a2b05749ba73c37a938a,0x1705c7a62eb7bf1142a95f3ab0ef7511c0b42385c11446228579d9f34d9f2215
357,1124.4565776094107,0.1360592458907387,0x00349d285b0edc9faaf636d05c5aae51bf7eacd2,2017-10-31T22:08:08.000Z,0.00012099999999999999,0x52a561f94dded749051ee779dc0eaa020a4af74b,sell,0x8f8221afbb33998d8584a2b05749ba73c37a938a,0x18e80ab592f1a71cc7fd92e92c3411050b243736c87d3cc3792c89061797b7a2
358,3000,0.363,0x00349d285b0edc9faaf636d05c5aae51bf7eacd2,2017-10-31T22:07:45.000Z,0.000121,0xdcf213cf5fa361c0d56e03b5ae811bd1f105c0d7,sell,0x8f8221afbb33998d8584a2b05749ba73c37a938a,0xb520f1071358d230a3e11463469e97129fdf6d8e057740b539682ab39294dc3c
359,4032.583,0.49999996617,0x07c92349c8b11e6450219caab4feee2e30f4adab,2017-10-31T22:06:32.000Z,0.00012399,0xdcf213cf5fa361c0d56e03b5ae811bd1f105c0d7,sell,0x8f8221afbb33998d8584a2b05749ba73c37a938a,0x8ea50144bd44a4e2b606c8f63fa85c7016abb1a713406d97b769ad8cb3b32d83
360,2880.074,0.34915137102,0xbe4736749ef1e1c1e686bb161fb17cdd4aea563e,2017-10-31T22:06:17.000Z,0.00012123,0xdcf213cf5fa361c0d56e03b5ae811bd1f105c0d7,sell,0x8f8221afbb33998d8584a2b05749ba73c37a938a,0x6d4e81f2e865841a2580b61a8f4c0de9931083171f39948cc6a708e95dc72c60
361,1000,0.125,0xbfd9d7554a77e82f0bfe6bc9598840a972e204ef,2017-10-31T22:05:47.000Z,0.000125,0x6cd108e094f385ec853d64685ff879fe90dd6561,sell,0x8f8221afbb33998d8584a2b05749ba73c37a938a,0x11b28e6ac160413ad4914fb827eae5bbb14313ba50086a002a97c2a128ebedc8
362,5999.690423751482,0.7259625412739293,0x00349d285b0edc9faaf636d05c5aae51bf7eacd2,2017-10-31T22:05:26.000Z,0.00012099999999999999,0x40812668e78149f520adb7fc55ee54f0639acef9,sell,0x8f8221afbb33998d8584a2b05749ba73c37a938a,0x3855046253719cb21ec0601a70a928a44d7e80310fa5285cf590ed8d53ea5c14
363,1714.451,0.214359522981,0x2d3807680493b01a5b4f8a81fbd23fc8607520c0,2017-10-31T22:04:29.000Z,0.000125031,0x6cd108e094f385ec853d64685ff879fe90dd6561,sell,0x8f8221afbb33998d8584a2b05749ba73c37a938a,0xc3923fbdf4175df813d151dbb943072ea7c2aa684ab72b44fd4d5a6291f167d4
364,5000,0.63,0x8476c9f9dd2b2337b1957c92e45880a9593d1688,2017-10-31T22:04:03.000Z,0.000126,0x6cd108e094f385ec853d64685ff879fe90dd6561,sell,0x8f8221afbb33998d8584a2b05749ba73c37a938a,0x88a17cd06afcfed197939889d1b34c160cbcb6fa72d7c7038a7c8004bba3a122
365,2000,0.2524,0xff6cdae49ee78190bda0980ea478ed5a279da4f7,2017-10-31T22:03:06.000Z,0.0001262,0x52a561f94dded749051ee779dc0eaa020a4af74b,sell,0x8f8221afbb33998d8584a2b05749ba73c37a938a,0x3d6be7c347af36cc91e7c99568b6f7ff0d6b8f96f19e940bf280e5aaced72ab4
366,15000,1.875,0x4e0d2f9acecfe4db764476c7a1dfb6d0288348af,2017-10-31T22:03:06.000Z,0.000125,0x6cd108e094f385ec853d64685ff879fe90dd6561,sell,0x8f8221afbb33998d8584a2b05749ba73c37a938a,0x65170e90f82c6a70b6b5a911a8d6fdc3d9c4181c988156cf5848724ec2aa8cb4
367,8211,1.026383211,0x9e593db389c9d8307b5c932dda21491e63f8f7d3,2017-10-31T22:02:43.000Z,0.000125001,0x6cd108e094f385ec853d64685ff879fe90dd6561,sell,0x8f8221afbb33998d8584a2b05749ba73c37a938a,0x26704feecfff8a91c2a7fa04de9f26603874d05aed82c2f3a06264db52ce33c1
368,312.869,0.04067297,0xf23e0db1760a82b7631a52882457b35086a67cfb,2017-10-31T22:01:08.000Z,0.00013,0x52a561f94dded749051ee779dc0eaa020a4af74b,sell,0x8f8221afbb33998d8584a2b05749ba73c37a938a,0xb71b4ab8805a87453298a5f152c5b05d133d6ea69a69d1049806a6ea6a2d7fcb
369,750,0.096,0x1ca9bd189db5ab9099a4b17a15cf3ac3da289c38,2017-10-31T22:01:08.000Z,0.000128,0x52a561f94dded749051ee779dc0eaa020a4af74b,sell,0x8f8221afbb33998d8584a2b05749ba73c37a938a,0x5bc66e6b2e0e85fc68f3bfcf5868c38e74da80305fe0b9c008e849fd73e9dac8
370,3970,0.500617,0x1da172bb228518f94f7040b68f07a5af1b0e6aa8,2017-10-31T22:01:08.000Z,0.0001261,0x40812668e78149f520adb7fc55ee54f0639acef9,sell,0x8f8221afbb33998d8584a2b05749ba73c37a938a,0xd375cb67c902440478e65fe3f950035d1c411ec7f9dd19ad9536751a4be23652
371,2200,0.286,0xb75ee5764a598403e986541c70a7168c292801f0,2017-10-31T21:57:51.000Z,0.00013,0x6cd108e094f385ec853d64685ff879fe90dd6561,sell,0x8f8221afbb33998d8584a2b05749ba73c37a938a,0x55c717bd443cd22d405a5a26a0b6c52bf56d64dd046c3ad6b2f4d35f70f9d1d6
372,80,0.01079192,0x6a967fbb192bcbcec931ac145f58c8614d55715a,2017-10-31T21:40:19.000Z,0.000134899,0xe21b893a3f9a56f6a1e1171d8010131ed27cf03c,buy,0x8f8221afbb33998d8584a2b05749ba73c37a938a,0x1a62d08a6284ab00b5b5be092c6beb3cbbd819555279745484a8870f55a49a69
373,36961.46690659368,4.9861018856994885,0x0111d8fc65e80e93fb4b89eaf03269eefa4224b1,2017-10-31T21:23:59.000Z,0.0001349,0xfccc604316be071ede8daef816f9b289559816fd,buy,0x8f8221afbb33998d8584a2b05749ba73c37a938a,0x1f23368270c38566b9a4fa5abbefd4b959652c5acbe2abc4cdf092d1aea92784
374,8285.548798723956,1.035950451853255,0x2d3807680493b01a5b4f8a81fbd23fc8607520c0,2017-10-31T21:22:28.000Z,0.000125031,0x81e489dcef1d81c022b103c31ca3b7adc962e0cf,sell,0x8f8221afbb33998d8584a2b05749ba73c37a938a,0x4631eeb8fcaffdef847998e434554ee495f87810534e7d0a0fdd4f933a4c4d4a
