,amount,amountBase,buyer,date,price,seller,side,tokenAddr,txHash
0,0.1,0.00003,0x6df1048c43cb45b2f24cbeda145101b2525a39ef,2017-11-02T12:44:23.000Z,0.0003,0x72ead76b5df672e102eb5e6d6b8d7f7a2b0c4f27,buy,0xb2f7eb1f2c37645be61d73953035360e768d81e6,0x11f92a116516bfc4d8eebfaeca34941ff27c21e015b83f10e5901d984d1bb597
1,6936.4968597348225,1.1127528262386601,0xaa92a2a7cbb3a80158254d5df721d10625e42e5f,2017-11-02T12:43:50.000Z,0.00016041999999999999,0x684f242d936d3895cf783e0a4ec1f064dced21b6,sell,0xb2f7eb1f2c37645be61d73953035360e768d81e6,0xcff29a7a260fa63699746286e11bb636a6855848645918bbfe48953b162c50c0
2,0.1,0.00003,0x6df1048c43cb45b2f24cbeda145101b2525a39ef,2017-11-02T11:22:31.000Z,0.0003,0x72ead76b5df672e102eb5e6d6b8d7f7a2b0c4f27,buy,0xb2f7eb1f2c37645be61d73953035360e768d81e6,0x08e75af395bfa99ef0b7a3206fd0571c17fdc57847034d104064d47ec7de8883
3,1329.7698548035016,0.21329508471048167,0x09e396aca9535fffc68c72f880ab36e252b73a43,2017-11-02T11:20:46.000Z,0.0001604,0xc8635b42d9c97c3289f76281558c952e15305479,sell,0xb2f7eb1f2c37645be61d73953035360e768d81e6,0x7ded06571b1f8fc2c6949b1ee271996b7ca4de951269982ad8f2dcb8b2562dde
4,0.1,0.000027777,0x6df1048c43cb45b2f24cbeda145101b2525a39ef,2017-11-02T11:19:53.000Z,0.00027777,0x8f30e498b46de4cb0aab8093c2858cfae337d7fe,buy,0xb2f7eb1f2c37645be61d73953035360e768d81e6,0x7d1fbad6f0bec355b4a305df5a15c21086ad0b26678891b744794a52ee6c68a3
5,6240.66386739959,1.0010648909695683,0x8ff74d8e18c7d1536215b4b1630e55b28905ce41,2017-11-02T11:19:13.000Z,0.00016041,0xc8635b42d9c97c3289f76281558c952e15305479,sell,0xb2f7eb1f2c37645be61d73953035360e768d81e6,0xf76bab6f08f003e384f79dd70990dd44c6d571e9a64c171e97c71135b00f2add
6,340,0.05453974,0x7104b7415d4de8e1be13d412a353d21a8b1bcf64,2017-11-02T11:19:03.000Z,0.000160411,0xc8635b42d9c97c3289f76281558c952e15305479,sell,0xb2f7eb1f2c37645be61d73953035360e768d81e6,0x6f04aad63b39303cdc058f431be7a5562670aa7fd874eea368e5af8ac0c9a6bb
7,0.1,0.0000299,0x6df1048c43cb45b2f24cbeda145101b2525a39ef,2017-11-02T11:16:57.000Z,0.000299,0x38f6db910aaaa2c4ba966d44012d88be2a81ba12,buy,0xb2f7eb1f2c37645be61d73953035360e768d81e6,0x835d7866a56f6be6c5d6ddbc09a24e32c0443e9fd9dbb3eb6f2ae282e12154bb
8,23590.838,3.798124918,0xec5404c7f4f91a4ddf75a6952e229bab27dfbfc9,2017-11-02T11:16:35.000Z,0.000161,0xf315d18225accafce4284762052e3ab23039d20d,sell,0xb2f7eb1f2c37645be61d73953035360e768d81e6,0x5ed5611d847e419a88885b0076ca90b6a2f959833f87042a62c0db157217c0d0
9,0.1,0.00002428,0x6df1048c43cb45b2f24cbeda145101b2525a39ef,2017-11-02T11:11:57.000Z,0.0002428,0xc5c6489d1feefe9ae343da667945b220b0d67451,buy,0xb2f7eb1f2c37645be61d73953035360e768d81e6,0xd803c387591b7e60836a19fc0ae0ecdd2a7cb3029775f5da949701e6ba89ecae
10,0.7785136082775138,0.000125340690932679,0xec5404c7f4f91a4ddf75a6952e229bab27dfbfc9,2017-11-02T11:10:34.000Z,0.00016099999999999906,0xafbf373a0cd6f59fd446e6e02e3a98aeffd8e60d,sell,0xb2f7eb1f2c37645be61d73953035360e768d81e6,0x83e8a1dc1f63ffe99371274a4159a193e9f9da07102a4f95a1a282240fd79a0a
11,0.1,0.000025,0x6df1048c43cb45b2f24cbeda145101b2525a39ef,2017-11-02T11:09:05.000Z,0.00025,0xe2368267b5eb26fd967ef3e087c0733ae615c2b3,buy,0xb2f7eb1f2c37645be61d73953035360e768d81e6,0x82677cba87b0d7f6319620370d43f4ba1a19e20c558f545a55ca57595aef4be2
12,7809.270004631741,1.2572924707457105,0xec5404c7f4f91a4ddf75a6952e229bab27dfbfc9,2017-11-02T11:08:31.000Z,0.00016099999999999998,0xafbf373a0cd6f59fd446e6e02e3a98aeffd8e60d,sell,0xb2f7eb1f2c37645be61d73953035360e768d81e6,0xf99e7495168b325b701cdaf5cb0b4411461eea391a97d971e28adc8ee4ae9bcf
13,0.1,0.000025,0x6df1048c43cb45b2f24cbeda145101b2525a39ef,2017-11-02T11:05:15.000Z,0.00025,0xe2368267b5eb26fd967ef3e087c0733ae615c2b3,buy,0xb2f7eb1f2c37645be61d73953035360e768d81e6,0x5e03d9a5884e1623f0287b9d6aee061d8ca054d08c32f4e1127cc49a48fce67e
14,0.1,0.000025,0x6df1048c43cb45b2f24cbeda145101b2525a39ef,2017-11-02T11:03:35.000Z,0.00025,0xe2368267b5eb26fd967ef3e087c0733ae615c2b3,buy,0xb2f7eb1f2c37645be61d73953035360e768d81e6,0xc81fba0887d72eb8c26076bab9ee1277fcdd96de0e13a878ea5c8f61d74d26c1
15,4102.78137772904,0.66259919250324,0x33720be2a4803ce0c4647cdd506056d129918a9c,2017-11-02T11:03:35.000Z,0.0001615,0x53305bfebc1c6c65bdc88362943d152dea5b061e,sell,0xb2f7eb1f2c37645be61d73953035360e768d81e6,0x2a4376e20094c2e891116b2852271f77c11a5e3a7f1bfde8ca14da590a88c88b
16,897.21862227096,0.14490080749676004,0x33720be2a4803ce0c4647cdd506056d129918a9c,2017-11-02T11:02:41.000Z,0.0001615,0xb392a23fc325d36a590ec4962cd5f12e2b382d61,sell,0xb2f7eb1f2c37645be61d73953035360e768d81e6,0xb90febc6bdb5c3b4c64ac7b23e0b6934d71469bb70a6006cb47914ec79f98df4
17,0.1,0.000025,0x6df1048c43cb45b2f24cbeda145101b2525a39ef,2017-11-02T10:55:25.000Z,0.00025,0xe2368267b5eb26fd967ef3e087c0733ae615c2b3,buy,0xb2f7eb1f2c37645be61d73953035360e768d81e6,0x7c7427e2b0d0f00ca3c6dd2db2bcf5b2f115e41919828dab90d51a4430dcdaf5
18,3879,0.6249069,0xec5404c7f4f91a4ddf75a6952e229bab27dfbfc9,2017-11-02T10:54:54.000Z,0.0001611,0x41d16a4e722cdb4d133ab22f6ce2c22bd2083101,buy,0xb2f7eb1f2c37645be61d73953035360e768d81e6,0x043922ab9d8a514dff3a109bd1a5c8a2e0d9019fcfb273ac32c9d44e49be690a
19,6120,0.98532,0xec5404c7f4f91a4ddf75a6952e229bab27dfbfc9,2017-11-02T10:54:37.000Z,0.000161,0x4d57cb55d3c0982a5cbfaabd78cba44396c0a498,buy,0xb2f7eb1f2c37645be61d73953035360e768d81e6,0x25b3b000faff4288db14b751a01ccfc464b4e024ef02ca7a8b5d9a0107622710
20,0.1,0.000025,0x6df1048c43cb45b2f24cbeda145101b2525a39ef,2017-11-02T10:50:39.000Z,0.00025,0xb0b590dc97a6b701a7dc8355600bc42fa7cbeed7,buy,0xb2f7eb1f2c37645be61d73953035360e768d81e6,0x2cd038e562864b58a57965814946f69ecdfab8bf008053457f538469dcd629be
21,685,0.11097,0x42df30201c4173833e42efad287c153bfe236c03,2017-11-02T10:50:04.000Z,0.000162,0x7b2788bd6cf36224437e13901d2326b24b88c5c3,buy,0xb2f7eb1f2c37645be61d73953035360e768d81e6,0x7d7f72f66abc70822ba4ca98e9adbf02ea6cbd0d5f7a9ea9bd6aa52edcecc37a
22,481,0.0774891,0x32c56d136a8c51bffbbc821320e65ae27bab54eb,2017-11-02T10:49:09.000Z,0.0001611,0x41d16a4e722cdb4d133ab22f6ce2c22bd2083101,buy,0xb2f7eb1f2c37645be61d73953035360e768d81e6,0x4dc11881a9a19ff631cbd248cf326fbf572f43543dc2614669ac608a615693d9
23,0.1,0.0000248,0x6df1048c43cb45b2f24cbeda145101b2525a39ef,2017-11-02T10:38:22.000Z,0.000248,0xc5c6489d1feefe9ae343da667945b220b0d67451,buy,0xb2f7eb1f2c37645be61d73953035360e768d81e6,0xabf48a4092be7041733de352283b8b0cf41ca360c29507bec4fb74508f793bba
24,18599.113390934377,2.9944572559404348,0xec5404c7f4f91a4ddf75a6952e229bab27dfbfc9,2017-11-02T10:37:50.000Z,0.00016099999999999998,0x5f69cdc39a2e27bc8d2312daaa39c94e0cbdf17e,sell,0xb2f7eb1f2c37645be61d73953035360e768d81e6,0xf0d00542d3b0ca1f8d4acfd95a03d0f973c532376f391f1e091d52fa92d4536d
25,0.1,0.00003,0x6df1048c43cb45b2f24cbeda145101b2525a39ef,2017-11-02T10:34:14.000Z,0.0003,0x16df8f6dc7cf5f31edc7702a1377833c95ffd0f2,buy,0xb2f7eb1f2c37645be61d73953035360e768d81e6,0x20b816b1dbffa9d8e4fcf7f8f5ffc9394628b3dacb3337fb05e378e49c49f68c
26,481.1039914699544,0.07793884661813262,0x260d9c8022c6017acb56f568b23156683ac1d4f0,2017-11-02T10:32:50.000Z,0.00016199999999999998,0x32c56d136a8c51bffbbc821320e65ae27bab54eb,sell,0xb2f7eb1f2c37645be61d73953035360e768d81e6,0x9e67b8c67fb648efbf334abb35b53583e2fb2595054c99561a9782f111f72eb4
27,0.1,0.000024,0x6df1048c43cb45b2f24cbeda145101b2525a39ef,2017-11-02T10:22:36.000Z,0.00024,0xaa761489ff1792687b09819065de49048e527669,buy,0xb2f7eb1f2c37645be61d73953035360e768d81e6,0xd5a323f75240b1ce66d2bc09239608b26711ded18ade53d54d94fd732940a990
28,12759.336132600409,2.0467251090304317,0x8ff74d8e18c7d1536215b4b1630e55b28905ce41,2017-11-02T10:22:11.000Z,0.00016041,0xd0f7a0950e32838c3050052bbc2fcd0186e3abdf,sell,0xb2f7eb1f2c37645be61d73953035360e768d81e6,0x028ff71f0a6d88894ad4ffe6d3eb1f1ed056d023646ba7662c465155bf52e5e2
29,0.1,0.000029,0x6df1048c43cb45b2f24cbeda145101b2525a39ef,2017-11-02T10:19:10.000Z,0.00029,0xc044ecd631253bebad1d84263faa7335fb1e0f99,buy,0xb2f7eb1f2c37645be61d73953035360e768d81e6,0x289b2bcbcea10bbba2adf9b46813703aa3db77a37f31da73b24054ac4c246cfb
30,0.005870222748357944,0.000000993828711297,0xd0f7a0950e32838c3050052bbc2fcd0186e3abdf,2017-11-02T10:18:17.000Z,0.00016930000000000002,0x61f484f7b79d82aa4b5cb5108981c0d89aafe3da,buy,0xb2f7eb1f2c37645be61d73953035360e768d81e6,0xdff6a52f7221c723e1335c3d79c63ad7fc0222b81e2d26a2c6778f8184f92e62
31,0.1,0.0000259999,0x6df1048c43cb45b2f24cbeda145101b2525a39ef,2017-11-02T10:17:09.000Z,0.000259999,0xa5d7d7a2b5edc37d43b5da1629cfac6c3d23c7ef,buy,0xb2f7eb1f2c37645be61d73953035360e768d81e6,0x54f357794181b21e930ebf4a77c64a7edd209dd59c0ff4d0d81a44f4a1acc40d
32,58.88420438872218,0.009969095803010666,0xd0f7a0950e32838c3050052bbc2fcd0186e3abdf,2017-11-02T10:16:06.000Z,0.0001693,0x61f484f7b79d82aa4b5cb5108981c0d89aafe3da,buy,0xb2f7eb1f2c37645be61d73953035360e768d81e6,0x4cbb21f024cc590825a4c9b7e8ef6fdc28143e6ec7c9ba29b568b66126a1ed5d
33,0.1,0.000025,0x6df1048c43cb45b2f24cbeda145101b2525a39ef,2017-11-02T10:02:03.000Z,0.00025,0xb0b590dc97a6b701a7dc8355600bc42fa7cbeed7,buy,0xb2f7eb1f2c37645be61d73953035360e768d81e6,0x659cacf8ff0e29d8eaa211f1a6bc24bced00d6dd2f6807f79eac2217b8673914
34,0.3776549102924986,0.000061180095467384,0x260d9c8022c6017acb56f568b23156683ac1d4f0,2017-11-02T10:01:21.000Z,0.00016199999999999795,0xe350ff7da4eb736284900af29ee141742db52f90,sell,0xb2f7eb1f2c37645be61d73953035360e768d81e6,0x83c13e6bdf80fbc999b9c92cb7301799a6578f30157dfce2a19960cb7bdea59e
35,0.1,0.000027777,0x6df1048c43cb45b2f24cbeda145101b2525a39ef,2017-11-02T09:59:48.000Z,0.00027777,0x8f30e498b46de4cb0aab8093c2858cfae337d7fe,buy,0xb2f7eb1f2c37645be61d73953035360e768d81e6,0x1eda10dacdf6aa0c1e3fbb456d846173ca171953adebd496c85f9964939dbf63
36,15871.15673351952,2.618740861030721,0x57bf68a6ff80bd84ffea189ec1a86cd29281f2e5,2017-11-02T09:59:01.000Z,0.000165,0x5f69cdc39a2e27bc8d2312daaa39c94e0cbdf17e,sell,0xb2f7eb1f2c37645be61d73953035360e768d81e6,0x94f3d6de72b699139350e932e43226fbe89075760a7baf692df145b9dc8bf59b
37,0.1,0.0000265,0x6df1048c43cb45b2f24cbeda145101b2525a39ef,2017-11-02T09:58:00.000Z,0.000265,0x6c12d0ce5171a6a476118f405d3fa4e33221491e,buy,0xb2f7eb1f2c37645be61d73953035360e768d81e6,0x8367982c131ae5a96422c90ee102ed3d361e74812bb590f8eaaad7b270a8a253
38,18.503937007874015,0.003054999999999999,0x632d03497e0e5941e8e6b801ccb7ab45b5a56f17,2017-11-02T09:57:48.000Z,0.00016509999999999995,0x5f69cdc39a2e27bc8d2312daaa39c94e0cbdf17e,sell,0xb2f7eb1f2c37645be61d73953035360e768d81e6,0x5175ee65d8df791358d22824687aea381f578a5331d13eaa2e276853f7d2a88f
39,3788.2564051440536,0.6250623068487688,0x57bf68a6ff80bd84ffea189ec1a86cd29281f2e5,2017-11-02T09:57:26.000Z,0.000165,0xe350ff7da4eb736284900af29ee141742db52f90,sell,0xb2f7eb1f2c37645be61d73953035360e768d81e6,0xc9e43c1249b69d67f446847df79973d72e1269d9bbc1a17e6790e735aa50be90
40,0.1,0.0000299,0x6df1048c43cb45b2f24cbeda145101b2525a39ef,2017-11-02T09:54:35.000Z,0.000299,0x38f6db910aaaa2c4ba966d44012d88be2a81ba12,buy,0xb2f7eb1f2c37645be61d73953035360e768d81e6,0x00c627d16f57d5790a8d89f86627377df1229fb64de4527442f51cd002718890
41,27427.2581802478,4.525497599740888,0x57bf68a6ff80bd84ffea189ec1a86cd29281f2e5,2017-11-02T09:54:04.000Z,0.000165,0xbd8524cfc191a1fb1e26f3feddf297719d11f550,sell,0xb2f7eb1f2c37645be61d73953035360e768d81e6,0x61a2fe805ecd568815295e078b5fba5b29de104cafebdf64accb98844ff7a275
42,0.1,0.00002428,0x6df1048c43cb45b2f24cbeda145101b2525a39ef,2017-11-02T09:49:20.000Z,0.0002428,0xc5c6489d1feefe9ae343da667945b220b0d67451,buy,0xb2f7eb1f2c37645be61d73953035360e768d81e6,0x2cabb2ad20844aa0232f2f55d376133e97acb36cf4d68cc5f3beca241d48ebd4
43,1950,0.321945,0x632d03497e0e5941e8e6b801ccb7ab45b5a56f17,2017-11-02T09:47:55.000Z,0.0001651,0xbd8524cfc191a1fb1e26f3feddf297719d11f550,sell,0xb2f7eb1f2c37645be61d73953035360e768d81e6,0x77a493dd51dbb88bcaff750cae330e8325314f8ca77c1f4541273355f5f7f774
44,0.1,0.000026,0x6df1048c43cb45b2f24cbeda145101b2525a39ef,2017-11-02T09:47:24.000Z,0.00026,0x161154b6cc60242afb349acf5c6662eb83647bd9,buy,0xb2f7eb1f2c37645be61d73953035360e768d81e6,0xad900acabc6a863bdace236a5a3fe0e3db55da4f0b489c54f9e475efac5d468d
45,7806.262,1.2888138562,0x61f484f7b79d82aa4b5cb5108981c0d89aafe3da,2017-11-02T09:47:24.000Z,0.0001651,0xbd8524cfc191a1fb1e26f3feddf297719d11f550,sell,0xb2f7eb1f2c37645be61d73953035360e768d81e6,0x2fde55b444f3fa8f12a8a511b5139da0a96310d06daa47c9e27be9577893114c
46,18937.194696441034,3.1265308443824145,0xf6624f3bb88c951119e7b993e4a23b65cad928a4,2017-11-02T09:46:53.000Z,0.0001651,0xbd8524cfc191a1fb1e26f3feddf297719d11f550,sell,0xb2f7eb1f2c37645be61d73953035360e768d81e6,0x7785d5587e547e9e54b4aeae354255a23850c92e824987970bbec3b9ce119db0
47,0.1,0.0000265,0x6df1048c43cb45b2f24cbeda145101b2525a39ef,2017-11-02T09:36:41.000Z,0.000265,0x6c12d0ce5171a6a476118f405d3fa4e33221491e,buy,0xb2f7eb1f2c37645be61d73953035360e768d81e6,0xc573f5238cca95db22c6d86a6030206306cb9fa9a30e9df4e09d51f37c23d6da
48,0.1,0.000026,0x6df1048c43cb45b2f24cbeda145101b2525a39ef,2017-11-02T09:34:42.000Z,0.00026,0xf163ee4d2923657101f2f6dbd4ce67a7562f3018,buy,0xb2f7eb1f2c37645be61d73953035360e768d81e6,0xd3cce3067649ab4e5e0c399bca7ab3223e4cdeefb7d188b95a746cf352df8762
49,1980.4605722260992,0.32697404047452894,0xf6624f3bb88c951119e7b993e4a23b65cad928a4,2017-11-02T09:33:54.000Z,0.0001651,0x30b1fa4875d74b45ca92b72f68c641f82e2db6c4,sell,0xb2f7eb1f2c37645be61d73953035360e768d81e6,0x968885600eaec7155205eb48be0e243badcb139a5d58c8729a541c2e310e979a
50,0.1,0.00002789,0x6df1048c43cb45b2f24cbeda145101b2525a39ef,2017-11-02T09:30:31.000Z,0.0002789,0xda18b91b4d592399669dc0f0ecd5bc4add2eb21d,buy,0xb2f7eb1f2c37645be61d73953035360e768d81e6,0xf2eaa881d8592d2ef1fdf97d483b54a9a8d6a6e149abb2b506dcd0a368c1298d
51,200,0.0330202,0xec670ebbd986f392d85b38f586c7dfa4df3a4b88,2017-11-02T09:29:44.000Z,0.000165101,0x30b1fa4875d74b45ca92b72f68c641f82e2db6c4,sell,0xb2f7eb1f2c37645be61d73953035360e768d81e6,0x1387ef91473e12bde9841e7ed34e786864fdaf6ae3357ebd8575ae87f0ce5f53
52,0.1,0.000024,0x6df1048c43cb45b2f24cbeda145101b2525a39ef,2017-11-02T09:09:01.000Z,0.00024,0xaa761489ff1792687b09819065de49048e527669,buy,0xb2f7eb1f2c37645be61d73953035360e768d81e6,0x53106bdc2b226b47a1aa6d5e20ab5a5b2395744260847f8110a2712fcaef46e3
53,1595.0553284817067,0.2633436347323298,0xf6624f3bb88c951119e7b993e4a23b65cad928a4,2017-11-02T09:08:14.000Z,0.0001651,0x9db6af535a7e85cbfa59c4d552998e83405b0a73,sell,0xb2f7eb1f2c37645be61d73953035360e768d81e6,0xbbc29d5bd1b8e6903f08ab7f038d0420f834d94f74991dd967d33c35c68e122c
54,0.1,0.0000259999,0x6df1048c43cb45b2f24cbeda145101b2525a39ef,2017-11-02T09:02:01.000Z,0.000259999,0xa5d7d7a2b5edc37d43b5da1629cfac6c3d23c7ef,buy,0xb2f7eb1f2c37645be61d73953035360e768d81e6,0x11b493a215768c8fbcd2395ab9dfccbc49a681f82dfff931f94660f43227d099
55,2392.58299272256,0.39501545209849465,0xf6624f3bb88c951119e7b993e4a23b65cad928a4,2017-11-02T09:00:42.000Z,0.0001651,0xc419aaf9bccf716857f590dc029b7bbef339194a,sell,0xb2f7eb1f2c37645be61d73953035360e768d81e6,0x1039918b0a77cf23e29c4c7db64dca41b715c9ebd6bfbb6f619197907881c3cc
56,0.1,0.000025,0x6df1048c43cb45b2f24cbeda145101b2525a39ef,2017-11-02T08:59:52.000Z,0.00025,0x8fdc77115d66948abeb5d0f3d1d5817878382467,buy,0xb2f7eb1f2c37645be61d73953035360e768d81e6,0x79f2a0e91d9744f883c90b349005f1da0dbff95b22c85ed7544101be5e7b28d3
57,2.949852507374631,0.0005,0x4fda9e6bcd83af6c5cc771b5d20accc2b7720074,2017-11-02T08:59:40.000Z,0.0001695,0x5f69cdc39a2e27bc8d2312daaa39c94e0cbdf17e,buy,0xb2f7eb1f2c37645be61d73953035360e768d81e6,0xacea6915172217fba1f69ae30bbf0b2f9dc5c892f13006d695668f2dd166b834
58,2.949852507374631,0.0005,0x3075f7f189912f4f425dd7021b9c396434197477,2017-11-02T08:59:17.000Z,0.0001695,0x5f69cdc39a2e27bc8d2312daaa39c94e0cbdf17e,buy,0xb2f7eb1f2c37645be61d73953035360e768d81e6,0x3f97a58190112744380c11548fa425964257b74a3ecf359cf2afc8967387fd13
59,0.1,0.000026,0x6df1048c43cb45b2f24cbeda145101b2525a39ef,2017-11-02T08:49:29.000Z,0.00026,0x161154b6cc60242afb349acf5c6662eb83647bd9,buy,0xb2f7eb1f2c37645be61d73953035360e768d81e6,0xb7f6e2bcd1054150d1b605fb74e93a595121a9c3ecd5cc5977c9d9bc65ebb146
60,95,0.01425,0x242daf62dc3abc87c36aea0b593d223f919e918f,2017-11-02T08:48:39.000Z,0.00015,0x7ae0863e499fcf04ea09b14a01551dd57bd3b7d5,buy,0xb2f7eb1f2c37645be61d73953035360e768d81e6,0xfc43fb02d61b1837d9eca1ed1aeef4111b934c023256a2f175426918d4099845
61,0.1,0.000024,0x6df1048c43cb45b2f24cbeda145101b2525a39ef,2017-11-02T08:42:25.000Z,0.00024,0xaa761489ff1792687b09819065de49048e527669,buy,0xb2f7eb1f2c37645be61d73953035360e768d81e6,0x182df0ea01203485fb103da9460af0037eb495231a1cd9432017f1250bc2250a
62,2193.2010766623466,0.36209749775695343,0x61f484f7b79d82aa4b5cb5108981c0d89aafe3da,2017-11-02T08:42:06.000Z,0.0001651,0x83b466e639f48cd34c56c787f3e7da8e2a437d2c,sell,0xb2f7eb1f2c37645be61d73953035360e768d81e6,0x86e0c398bfc72320a808dbf62b3e85bd4f4eaa7f9c301c393feec00f152f6105
63,0.1,0.000026,0x6df1048c43cb45b2f24cbeda145101b2525a39ef,2017-11-02T08:39:28.000Z,0.00026,0xf163ee4d2923657101f2f6dbd4ce67a7562f3018,buy,0xb2f7eb1f2c37645be61d73953035360e768d81e6,0x381b46baae0fbbb55d0ea74c4c82a83644a97007ed3d593240cdcb67114e0835
64,1800,0.3051,0x5f5c4872ca1bf56a93c00ca3b15bbe7e4ce44f4d,2017-11-02T08:38:30.000Z,0.0001695,0x5f69cdc39a2e27bc8d2312daaa39c94e0cbdf17e,buy,0xb2f7eb1f2c37645be61d73953035360e768d81e6,0xa1d58471cb9e36e32f3bf699bf833d957a499ef431068d7699ea0ac498f8ff39
65,0.1,0.000029,0x6df1048c43cb45b2f24cbeda145101b2525a39ef,2017-11-02T08:32:44.000Z,0.00029,0xc044ecd631253bebad1d84263faa7335fb1e0f99,buy,0xb2f7eb1f2c37645be61d73953035360e768d81e6,0x465a9eb680f96a11c53a93d8b821d80546a8ff16c0883cd7665a7ff1599cfd93
66,0.5366675040998664,0.000088603804926887,0x61f484f7b79d82aa4b5cb5108981c0d89aafe3da,2017-11-02T08:32:10.000Z,0.00016509999999999824,0x8ed71fd3b7a7c8c39dcf738229aa71ead2ae3948,sell,0xb2f7eb1f2c37645be61d73953035360e768d81e6,0xc055384b275ed0a402f185dcac6a93c8a31e311942d22edbe92630065cd37a9d
67,0.1,0.00003,0x6df1048c43cb45b2f24cbeda145101b2525a39ef,2017-11-02T08:10:25.000Z,0.0003,0x57bf68a6ff80bd84ffea189ec1a86cd29281f2e5,buy,0xb2f7eb1f2c37645be61d73953035360e768d81e6,0x63bc707487ca99f4c95f3569cdbca94d1f32b93b408cfb5330a4a0c1067c0790
68,0.1,0.0000299,0x6df1048c43cb45b2f24cbeda145101b2525a39ef,2017-11-02T08:09:37.000Z,0.000299,0x38f6db910aaaa2c4ba966d44012d88be2a81ba12,buy,0xb2f7eb1f2c37645be61d73953035360e768d81e6,0x58a57626f583e9d4d4544764e94b5fa0c5136c7fb40928435d15ff3fcbda5ea6
69,1200,0.198,0x07bc631858fa75ac6aedc4365318373cc1c9b935,2017-11-02T08:07:08.000Z,0.000165,0xfa410cbf8064c8343497883ae3bcc86977307bb3,buy,0xb2f7eb1f2c37645be61d73953035360e768d81e6,0x718a9369a7ac6e6a79107018ac876bc75cb91ad14b395fb1ca903fb7d4a13b88
70,0.1,0.000025,0x6df1048c43cb45b2f24cbeda145101b2525a39ef,2017-11-02T07:59:47.000Z,0.00025,0xe2368267b5eb26fd967ef3e087c0733ae615c2b3,buy,0xb2f7eb1f2c37645be61d73953035360e768d81e6,0x0d0d5f6bbf9e6db4b6af0d71d1017fc540a83a8579f406cc04fd3806aa4eec20
71,0.1,0.000026,0x6df1048c43cb45b2f24cbeda145101b2525a39ef,2017-11-02T07:58:19.000Z,0.00026,0x89dbb105b2e35b092953caa01ab5bce257412cc9,buy,0xb2f7eb1f2c37645be61d73953035360e768d81e6,0xca83fb768a134237c935da40800560582540b8903cd2441a6a83c70142af268f
72,15530.016947462866,2.562452796331373,0x57bf68a6ff80bd84ffea189ec1a86cd29281f2e5,2017-11-02T07:58:19.000Z,0.000165,0x763183615f5917cb0eeb0a3badabf9048160b136,sell,0xb2f7eb1f2c37645be61d73953035360e768d81e6,0x08fc025190fab0ea8e1c3671b0c163829e1f887dbe8f983c5a121649c1443bb9
73,5383.31173362576,0.8882464360482504,0x57bf68a6ff80bd84ffea189ec1a86cd29281f2e5,2017-11-02T07:57:13.000Z,0.000165,0x8ed71fd3b7a7c8c39dcf738229aa71ead2ae3948,sell,0xb2f7eb1f2c37645be61d73953035360e768d81e6,0xa56171aacc3e3281c984d3fe6f5385b895a0fa4a61f8a9533bf2f816b830600b
74,0.1,0.00003,0x6df1048c43cb45b2f24cbeda145101b2525a39ef,2017-11-02T07:48:13.000Z,0.0003,0x38d5b39401d0ab176a283652f08f5068a7610f6e,buy,0xb2f7eb1f2c37645be61d73953035360e768d81e6,0xc29b5935f2d1b9c37b059c2c512aa45e21d6d0002e24272bb29b1c3f8dcfe26b
75,1700,0.289,0x57bf68a6ff80bd84ffea189ec1a86cd29281f2e5,2017-11-02T07:47:33.000Z,0.00017,0x36e94e2636c6452212c8f384d2540b5ae8a44c19,buy,0xb2f7eb1f2c37645be61d73953035360e768d81e6,0xbeb5fdcedc511606213b1e5470899883b0b77ecb2156c875714fad5ef0f3c6aa
76,0.1,0.0000259999,0x6df1048c43cb45b2f24cbeda145101b2525a39ef,2017-11-02T07:46:49.000Z,0.000259999,0xa5d7d7a2b5edc37d43b5da1629cfac6c3d23c7ef,buy,0xb2f7eb1f2c37645be61d73953035360e768d81e6,0x840c164b6a692ff1356197c17848195a34c7cabd09fa527bd93955d7ad57af82
77,7600,1.2768,0x57bf68a6ff80bd84ffea189ec1a86cd29281f2e5,2017-11-02T07:44:26.000Z,0.000168,0x61f484f7b79d82aa4b5cb5108981c0d89aafe3da,buy,0xb2f7eb1f2c37645be61d73953035360e768d81e6,0x5bf5fd5b6e3b0fce3b9f042ca70019ce35d47065efe637698a4215836abb87ca
78,0.1,0.0000257,0x6df1048c43cb45b2f24cbeda145101b2525a39ef,2017-11-02T07:44:26.000Z,0.000257,0x3f81bf14d87c55a2906871b1bce7a1a9504ef154,buy,0xb2f7eb1f2c37645be61d73953035360e768d81e6,0xf372ae4d2f9b86d32d84338579b1ef2e25d69ebb5bae06996196cdc9b2ae3c5a
79,1400,0.2352,0xaa93154cf0142ae01f5f63f280e54ea2a0061491,2017-11-02T07:43:38.000Z,0.000168,0x61f484f7b79d82aa4b5cb5108981c0d89aafe3da,buy,0xb2f7eb1f2c37645be61d73953035360e768d81e6,0xe5da3cb83e1ce3994c28b2870cc7efe968e2ca9a2d2363e26f42817c5bcc70dc
80,0.1,0.000025,0x6df1048c43cb45b2f24cbeda145101b2525a39ef,2017-11-02T07:38:49.000Z,0.00025,0x8fdc77115d66948abeb5d0f3d1d5817878382467,buy,0xb2f7eb1f2c37645be61d73953035360e768d81e6,0x06c41174089cd1550d469b41307a5f7ca759d92123e2c1b878d95143ba87ce36
81,1000,0.168,0xaa93154cf0142ae01f5f63f280e54ea2a0061491,2017-11-02T07:37:27.000Z,0.000168,0x61f484f7b79d82aa4b5cb5108981c0d89aafe3da,buy,0xb2f7eb1f2c37645be61d73953035360e768d81e6,0x01da59bde2152f7c956e52ad2ded9151324e10fdc90b4852ab2758a58948acff
82,0.1,0.000029,0x6df1048c43cb45b2f24cbeda145101b2525a39ef,2017-11-02T07:24:39.000Z,0.00029,0xc044ecd631253bebad1d84263faa7335fb1e0f99,buy,0xb2f7eb1f2c37645be61d73953035360e768d81e6,0x3d502c1f469be2d1df46fce4b34095d99cee0bc38cc13ce7673ae4a5ddda14f4
83,1435.549795633536,0.2302621872196192,0x09e396aca9535fffc68c72f880ab36e252b73a43,2017-11-02T07:23:34.000Z,0.0001604,0xdda2dd3bca56ea616111c0f6b8aeb5a7b6845d82,sell,0xb2f7eb1f2c37645be61d73953035360e768d81e6,0x2808da52d8d6e5617843247704a5c45cfb67633cd4eae4069e64d3717e2f16fa
84,0.1,0.0000265,0x6df1048c43cb45b2f24cbeda145101b2525a39ef,2017-11-02T07:21:22.000Z,0.000265,0x48114463522398d2dcd66a9d75773950accada3d,buy,0xb2f7eb1f2c37645be61d73953035360e768d81e6,0x63eb0210e41e4d69e9fd14053bf97e88ae014489984c7ea3efa96fb35e1c54d8
85,1743,0.2794029,0xe1de619ffb664bf8c4668de164e4ba170607c7d1,2017-11-02T07:20:45.000Z,0.0001603,0x355b020346a94e13315542826c94156362757ff9,buy,0xb2f7eb1f2c37645be61d73953035360e768d81e6,0xcaed8f3dd65d2a6b0330a83fddfa49a0020a168b305678c0699a29087851ddc3
86,1000,0.1603,0xe1de619ffb664bf8c4668de164e4ba170607c7d1,2017-11-02T07:20:45.000Z,0.0001603,0x7b2788bd6cf36224437e13901d2326b24b88c5c3,buy,0xb2f7eb1f2c37645be61d73953035360e768d81e6,0xac9407905eb777a80b0b8a0e31ced0abbd97508609a7a604f3bf71246ca17161
87,0.1,0.0000257,0x6df1048c43cb45b2f24cbeda145101b2525a39ef,2017-11-02T07:17:36.000Z,0.000257,0x29aa952cf81cea18579355cdc21a672e5c0b607b,buy,0xb2f7eb1f2c37645be61d73953035360e768d81e6,0xe1cc2de09370b3612f3a1d98c05a094ac3b6711b8f72a502715ce00a161fddc8
88,0.29814861487035793,0.000047793222963718,0xe373a27a98e124aa2b13b2c60e8bbf02d5ad3964,2017-11-02T07:16:31.000Z,0.00016029999999999872,0xdf78cf07ef59411f3e747c54ecd0fe5aa66f54fe,sell,0xb2f7eb1f2c37645be61d73953035360e768d81e6,0x1041ff12b3e5e3d2a2f30d809bd831891f3999098d1e99039c11622383c539c5
89,0.1,0.0000299,0x6df1048c43cb45b2f24cbeda145101b2525a39ef,2017-11-02T07:15:02.000Z,0.000299,0x38f6db910aaaa2c4ba966d44012d88be2a81ba12,buy,0xb2f7eb1f2c37645be61d73953035360e768d81e6,0x9c4259ede9ed82a728326dba563690f0e0c3dd510f191763b111073a161c01a9
90,2990.7287557645604,0.47941381954905904,0xe373a27a98e124aa2b13b2c60e8bbf02d5ad3964,2017-11-02T07:14:03.000Z,0.0001603,0xdf78cf07ef59411f3e747c54ecd0fe5aa66f54fe,sell,0xb2f7eb1f2c37645be61d73953035360e768d81e6,0x2ca27dcc2437cbb636887eeb3ee55c52a50b5656d27d053b75417ff3cff800e0
91,0.1,0.000029,0x6df1048c43cb45b2f24cbeda145101b2525a39ef,2017-11-02T07:12:25.000Z,0.00029,0xc044ecd631253bebad1d84263faa7335fb1e0f99,buy,0xb2f7eb1f2c37645be61d73953035360e768d81e6,0x7129e2aebe4082e111c87470e743c86f6f502216cc80f79c63c10718422ebd91
92,9172.065053125461,1.4702820280160116,0xe373a27a98e124aa2b13b2c60e8bbf02d5ad3964,2017-11-02T07:11:21.000Z,0.0001603,0xc6f004e13340ae659f5a731ab0f3d37ad0d35147,sell,0xb2f7eb1f2c37645be61d73953035360e768d81e6,0x6b2d6d8625d974c4846d0ae986161ade9411c870d4406950ae91c856af2862f4
93,0.1,0.0000265,0x6df1048c43cb45b2f24cbeda145101b2525a39ef,2017-11-02T07:08:28.000Z,0.000265,0x6c12d0ce5171a6a476118f405d3fa4e33221491e,buy,0xb2f7eb1f2c37645be61d73953035360e768d81e6,0x6659c0d76e8b02b211f4bf71fdfd609adfd9f1dd15766f5cb722c2523d03c444
94,0.14907430669440735,0.000023896611363113,0xe373a27a98e124aa2b13b2c60e8bbf02d5ad3964,2017-11-02T07:07:15.000Z,0.00016029999999999666,0xdf78cf07ef59411f3e747c54ecd0fe5aa66f54fe,sell,0xb2f7eb1f2c37645be61d73953035360e768d81e6,0xa7e042a7a3479983ab9797af1f304868d5a310dd2ab1a472b8c86cf589f5a834
95,0.1,0.00003,0x6df1048c43cb45b2f24cbeda145101b2525a39ef,2017-11-02T07:05:57.000Z,0.0003,0x720398c1bed5fa491b76d5705901a6027ca217a1,buy,0xb2f7eb1f2c37645be61d73953035360e768d81e6,0x6e327be1b6456594fdfdd9c24ed7d3acb3efa0d06e9e2c61f91b0337857df172
96,1495.3643704516,0.2397069085833915,0xe373a27a98e124aa2b13b2c60e8bbf02d5ad3964,2017-11-02T07:05:22.000Z,0.0001603,0xdf78cf07ef59411f3e747c54ecd0fe5aa66f54fe,sell,0xb2f7eb1f2c37645be61d73953035360e768d81e6,0x44a77c6490d190be616de8e2d3b0765636a65abdd5e0ef00ee8d4e11c4d2e710
97,0.1,0.00003,0x6df1048c43cb45b2f24cbeda145101b2525a39ef,2017-11-02T06:27:13.000Z,0.0003,0x16df8f6dc7cf5f31edc7702a1377833c95ffd0f2,buy,0xb2f7eb1f2c37645be61d73953035360e768d81e6,0xaf87bca5d598179db2e4af1b0b940aacf28cea4d53482f1d31c1ac4eee64c237
98,2560,0.44288,0x51af801bd2c3960979124fb1a3e1159b61c41029,2017-11-02T06:26:25.000Z,0.000173,0x30b1fa4875d74b45ca92b72f68c641f82e2db6c4,buy,0xb2f7eb1f2c37645be61d73953035360e768d81e6,0x71c9db80c6127f660f0ddec86ca1ff5ca9b8bee8a1b08ba1bf1858aadaa7d79b
99,1871.6149935200876,0.3050732439437743,0x68d0379dd417955bb091fdba3573c79de62005c3,2017-11-02T06:25:20.000Z,0.00016299999999999998,0x6a04a9867c9f76ecd81a113ce264ea9d5b28e021,sell,0xb2f7eb1f2c37645be61d73953035360e768d81e6,0xf1f7ff1dcc05357be5a71d9716a84ce20eb71e302e2ec2a531924dfc2d2cff84
100,0.1,0.0000265,0x6df1048c43cb45b2f24cbeda145101b2525a39ef,2017-11-02T06:25:20.000Z,0.000265,0x6c12d0ce5171a6a476118f405d3fa4e33221491e,buy,0xb2f7eb1f2c37645be61d73953035360e768d81e6,0x76aa3565674a96803c6a21fa01974cb6a2fc4b2d48030ccc4401bb6f58176324
101,10,0.001603,0x51af801bd2c3960979124fb1a3e1159b61c41029,2017-11-02T06:23:44.000Z,0.0001603,0xf8715c209307924259048021287a3dedb4e26226,buy,0xb2f7eb1f2c37645be61d73953035360e768d81e6,0x2b75d2199e19436f86884f882461b306634d19dde2e4faf0078f43ae35cf2331
102,198.38500647991228,0.0323367560562257,0x68d0379dd417955bb091fdba3573c79de62005c3,2017-11-02T06:23:44.000Z,0.00016299999999999998,0xe7d2ac0d53175a43869a366d76a52e81e1a4068c,sell,0xb2f7eb1f2c37645be61d73953035360e768d81e6,0xa2759ebe046f6c6b74fa44b4439631e54654bd443a880640194fc4594c96278e
103,0.1,0.0000243888,0x6df1048c43cb45b2f24cbeda145101b2525a39ef,2017-11-02T05:30:53.000Z,0.000243888,0x4494a5fb9739c61e0ca85c6bbc3f54c1a6f611bc,buy,0xb2f7eb1f2c37645be61d73953035360e768d81e6,0x227890f79d406fd700f4cc6fe8e21573b876190a9fc0cea98c12e528444d1ba6
104,498.45479015053337,0.0799023028611305,0xe373a27a98e124aa2b13b2c60e8bbf02d5ad3964,2017-11-02T05:30:33.000Z,0.0001603,0xb8fe6d64aea057241d7dcd711af7f1c7083b2fd8,sell,0xb2f7eb1f2c37645be61d73953035360e768d81e6,0xe35fc36795c2f0fda2d560c4f060c083eab1748549f47a4801660cdb591d8ef4
105,0.1,0.00003,0x6df1048c43cb45b2f24cbeda145101b2525a39ef,2017-11-02T04:47:44.000Z,0.0003,0x16df8f6dc7cf5f31edc7702a1377833c95ffd0f2,buy,0xb2f7eb1f2c37645be61d73953035360e768d81e6,0x050b85d9645c617bd1f54c64ed02c646994bcaeb0cb4999857153c4c21f13da7
106,6000,0.9642,0xd9d42d5c13b74aac7cccdd5c1a23c6358600c98f,2017-11-02T04:47:15.000Z,0.0001607,0x53305bfebc1c6c65bdc88362943d152dea5b061e,sell,0xb2f7eb1f2c37645be61d73953035360e768d81e6,0x6cfc9848375f4eb228c82e9042e83e986453c091e386f6af90f8e3cf7885bada
107,0.1,0.00002428,0x6df1048c43cb45b2f24cbeda145101b2525a39ef,2017-11-02T04:28:44.000Z,0.0002428,0xc5c6489d1feefe9ae343da667945b220b0d67451,buy,0xb2f7eb1f2c37645be61d73953035360e768d81e6,0x43e3c6374878089a1c2f7c0e4ed498eb3a0103a886536fded3b75bab9f0aa7ce
108,31487,5.0505148,0x7d608a751ce84759e3de1a2906fa5e40db554020,2017-11-02T04:28:14.000Z,0.0001604,0x6a04a9867c9f76ecd81a113ce264ea9d5b28e021,sell,0xb2f7eb1f2c37645be61d73953035360e768d81e6,0x4309179ce06c9e2b5b607fdc9216a1299ea19472b274fb25a30d12fe7df5c067
109,0.1,0.00003,0x6df1048c43cb45b2f24cbeda145101b2525a39ef,2017-11-02T04:15:20.000Z,0.0003,0x942d8d1125be3975ed723034ae1d1005dc8f8b70,buy,0xb2f7eb1f2c37645be61d73953035360e768d81e6,0x5faa2ca71867d65c39dfcf89eb6b091c4bb4e7d9b01004e9bc24f6ad32231242
110,4984.547901505333,0.7990230286113049,0xe373a27a98e124aa2b13b2c60e8bbf02d5ad3964,2017-11-02T04:02:26.000Z,0.0001603,0xc6f004e13340ae659f5a731ab0f3d37ad0d35147,sell,0xb2f7eb1f2c37645be61d73953035360e768d81e6,0x2c911f90233bec0f0e7226931ec0b1a1c650b165ffbf3a7dac4107b98c25ffb7
111,4634.134858240034,0.7428518177758774,0xe373a27a98e124aa2b13b2c60e8bbf02d5ad3964,2017-11-02T03:51:59.000Z,0.0001603,0x60280ab32037e8fce96a6f91dffef04849b0ec16,sell,0xb2f7eb1f2c37645be61d73953035360e768d81e6,0x5d948a6fac78ac797423578f4dcbda239bcedd3fc315e4bef801136a0e764069
112,500,0.0802,0x55046f4c03f0b4bedd87fa1f14198be2aa8b47d7,2017-11-02T03:49:50.000Z,0.0001604,0x60280ab32037e8fce96a6f91dffef04849b0ec16,sell,0xb2f7eb1f2c37645be61d73953035360e768d81e6,0x6bd0811b44baf15875e3f5eb2efe335d830eb8b796f4ae390ba9c19ee6837598
113,43620,7.00101,0xfd64c2a459d7cc1410bb99c5c5c7296bd20bee65,2017-11-02T03:34:40.000Z,0.0001605,0x6a04a9867c9f76ecd81a113ce264ea9d5b28e021,sell,0xb2f7eb1f2c37645be61d73953035360e768d81e6,0x373f329f9837a5daafcaae3a0ecc41d712a2a76a59018f61873e77b024e1916e
114,43640,6.999856,0xfd64c2a459d7cc1410bb99c5c5c7296bd20bee65,2017-11-02T03:26:07.000Z,0.0001604,0xfd64c2a459d7cc1410bb99c5c5c7296bd20bee65,sell,0xb2f7eb1f2c37645be61d73953035360e768d81e6,0xcccb332c1f3f9969805a87b9184d7172d6f4c0b20c20685ef0100e6040d316b8
115,27967.94311622961,4.972084991317067,0x6c642e6dd1847b04a2b57db65b14d0c345679a89,2017-11-02T03:21:22.000Z,0.000177778,0x3061fca16bcc1dc07c7732a890f172b8e0d29b2b,buy,0xb2f7eb1f2c37645be61d73953035360e768d81e6,0xa3a49becc642a00a4f5b6625b9c6bbc910c8c0e11f2ffc09dc9f596e3a7d5f1f
116,28483.130865744763,4.9845479015053336,0x6c642e6dd1847b04a2b57db65b14d0c345679a89,2017-11-02T03:12:10.000Z,0.000175,0x12a1e8f498501c2cce0967f8b9717b28492fc668,buy,0xb2f7eb1f2c37645be61d73953035360e768d81e6,0xe7f5e1d3b75a2cb27c31bd4b4145268a5e344db71a4d139cc4c714c512287645
117,10000,1.60188,0x7b1ee579ae6167d059dc8f3253918d04bc68182c,2017-11-02T03:05:25.000Z,0.000160188,0xf315d18225accafce4284762052e3ab23039d20d,sell,0xb2f7eb1f2c37645be61d73953035360e768d81e6,0x5823ec38ee628a99a478abe380101851da8219459f12ec415b5394d004b30604
118,2400,0.38448,0x9a3cc7647eb78579530c2978486cd8448fd79d07,2017-11-02T03:04:45.000Z,0.0001602,0xf315d18225accafce4284762052e3ab23039d20d,sell,0xb2f7eb1f2c37645be61d73953035360e768d81e6,0x9fd9d7ab20519905aa8d5e3409c7158a3951391f3e420a862ae23eccf671f161
119,3000,0.498,0x6348faf47e882f220daa64fc475a1b1f682205e9,2017-11-02T02:44:15.000Z,0.000166,0xaf5c6aabe5d37b777b2e8daf5280fe5f3b66f303,buy,0xb2f7eb1f2c37645be61d73953035360e768d81e6,0x9c76364a8e659baa2ba92b2b5e4acb093733480a89232b4eb480b32231b6f30d
120,1493.792,0.247969472,0x9b7a8b471ad9a43e36d69ab971c7a03c6f5b5b41,2017-11-02T02:23:52.000Z,0.000166,0xaf5c6aabe5d37b777b2e8daf5280fe5f3b66f303,buy,0xb2f7eb1f2c37645be61d73953035360e768d81e6,0xf1004f27b12d261fdda53075e78221c76082c7223c8000c873851f483bf1ed09
121,0.1,0.0000257,0x6df1048c43cb45b2f24cbeda145101b2525a39ef,2017-11-02T01:27:28.000Z,0.000257,0x29aa952cf81cea18579355cdc21a672e5c0b607b,buy,0xb2f7eb1f2c37645be61d73953035360e768d81e6,0x38da1144372f91e60581cc1698ee9eda933bbcd24d0a2f2605924cb9aa7eff51
122,0.1,0.0000259999,0x6df1048c43cb45b2f24cbeda145101b2525a39ef,2017-11-02T01:24:50.000Z,0.000259999,0xa5d7d7a2b5edc37d43b5da1629cfac6c3d23c7ef,buy,0xb2f7eb1f2c37645be61d73953035360e768d81e6,0x586eb7b8f365763350f1b944aae1f8580182dfa2508f3857c98eaa8c5f5b5f21
123,30020,4.98332,0x55046f4c03f0b4bedd87fa1f14198be2aa8b47d7,2017-11-02T01:24:50.000Z,0.000166,0xaf5c6aabe5d37b777b2e8daf5280fe5f3b66f303,buy,0xb2f7eb1f2c37645be61d73953035360e768d81e6,0x5543a1794bf5c9646ebaab0f690a7648fbe2b8540d64fafa9187129c406f1af1
124,20,0.00332,0x036eafba7bbac262053be63d0a4326a98ce5a3c2,2017-11-02T01:24:36.000Z,0.000166,0xaf5c6aabe5d37b777b2e8daf5280fe5f3b66f303,buy,0xb2f7eb1f2c37645be61d73953035360e768d81e6,0xaf05f487a9a2943e5f0f86dcd091580da056dee975e05afa714b28f1264d52d2
125,1518.9781676801915,0.2433220747243545,0x7b1ee579ae6167d059dc8f3253918d04bc68182c,2017-11-02T01:23:59.000Z,0.000160188,0x002c1651e7eef6a1c39a3543a0dee8aa9d250b61,sell,0xb2f7eb1f2c37645be61d73953035360e768d81e6,0xf4ed551c2bf1d6a8d9ab2f5e20b95054dd13f79aa233d14d0406c8de40e6ec98
126,0.1,0.00003,0x6df1048c43cb45b2f24cbeda145101b2525a39ef,2017-11-02T01:18:18.000Z,0.0003,0x16df8f6dc7cf5f31edc7702a1377833c95ffd0f2,buy,0xb2f7eb1f2c37645be61d73953035360e768d81e6,0x0314e82e0de424c46cebc16bec50e627c065e7e281a687cee15c8acc52e502df
127,17515.440933107366,2.805780967633536,0x2c00c5dcbcad7268fe01b0310f803a653735f1d9,2017-11-02T01:17:19.000Z,0.00016018899999999998,0x6a04a9867c9f76ecd81a113ce264ea9d5b28e021,sell,0xb2f7eb1f2c37645be61d73953035360e768d81e6,0x0c40f2e58140886849017285dc13ad779672cc4dd2258922d999b5ba6914c149
128,0.1,0.0000261,0x6df1048c43cb45b2f24cbeda145101b2525a39ef,2017-11-02T01:13:32.000Z,0.000261,0x38d5b39401d0ab176a283652f08f5068a7610f6e,buy,0xb2f7eb1f2c37645be61d73953035360e768d81e6,0xf4f22bd24ff1a7558fb1858ec7ed3d9f75f6057dd7d16ce3db670bc879938851
129,1550,0.2573,0x7ae8934433c239f8a76c058574244725044d0118,2017-11-02T01:12:56.000Z,0.000166,0xaf5c6aabe5d37b777b2e8daf5280fe5f3b66f303,buy,0xb2f7eb1f2c37645be61d73953035360e768d81e6,0x44185e607d709334870059a1e73e157c954e189cbeb0a4aeea0ae379a1dd778d
130,2,0.000320378,0x2c00c5dcbcad7268fe01b0310f803a653735f1d9,2017-11-02T01:12:34.000Z,0.000160189,0x8fd1ac835e853b96c2495b58c45c5c52db508c6c,sell,0xb2f7eb1f2c37645be61d73953035360e768d81e6,0x289146c5a2687fcbc5824d712728a6fc05e4a3eaf7d21d0de9b67d9e56066486
131,0.1,0.0000243888,0x6df1048c43cb45b2f24cbeda145101b2525a39ef,2017-11-02T01:03:32.000Z,0.000243888,0x4494a5fb9739c61e0ca85c6bbc3f54c1a6f611bc,buy,0xb2f7eb1f2c37645be61d73953035360e768d81e6,0x5330d3deb734c1d9bb8e30f77764bb457e85faf5b4dc70f96ba34f0c20c7123f
132,13906.884362048166,2.3085428040999956,0x52a3c7a88053205227c99e6eed5b2508437dd9c5,2017-11-02T01:03:01.000Z,0.000166,0xaf5c6aabe5d37b777b2e8daf5280fe5f3b66f303,buy,0xb2f7eb1f2c37645be61d73953035360e768d81e6,0x2e408b25b53f9e330746e15c58530096b594ebca55c0996f6e55f870a0d07fa8
133,11432.559066892632,1.831370204366464,0x2c00c5dcbcad7268fe01b0310f803a653735f1d9,2017-11-02T01:02:51.000Z,0.00016018899999999998,0x3285de43ad6ad897cfdf0e48808b2aaca3df871d,sell,0xb2f7eb1f2c37645be61d73953035360e768d81e6,0xc0da28e41d8007b337d6c9ac294687f5cee26b447b69fba77989959334b1aaa1
134,0.1,0.0000261,0x6df1048c43cb45b2f24cbeda145101b2525a39ef,2017-11-02T00:39:45.000Z,0.000261,0x38d5b39401d0ab176a283652f08f5068a7610f6e,buy,0xb2f7eb1f2c37645be61d73953035360e768d81e6,0xb14499944d482104646d351f63d5827aeb6808bb7a71d565745626fa04369828
135,76.87269165586682,0.012384190625760143,0x30eb3f933201aef8921f96f4a43156514c9d723d,2017-11-02T00:38:52.000Z,0.00016109999999999999,0x8fd1ac835e853b96c2495b58c45c5c52db508c6c,sell,0xb2f7eb1f2c37645be61d73953035360e768d81e6,0x79da4ab6233d80ed7d0140c0db312d27299b635e60c8403ab22f159986aac3d6
136,0.1,0.0000257,0x6df1048c43cb45b2f24cbeda145101b2525a39ef,2017-11-02T00:30:46.000Z,0.000257,0x3f81bf14d87c55a2906871b1bce7a1a9504ef154,buy,0xb2f7eb1f2c37645be61d73953035360e768d81e6,0x93ff3fad097d855a9268027c13717c5f7f28429eca21d0ecaf7cafd2ae240a41
137,6211,0.999971,0xe1de619ffb664bf8c4668de164e4ba170607c7d1,2017-11-02T00:28:39.000Z,0.000161,0x8fd1ac835e853b96c2495b58c45c5c52db508c6c,sell,0xb2f7eb1f2c37645be61d73953035360e768d81e6,0x6114333e224349ea9c39dce1040fd0485490b6207664ca1e5c57b645eb39e665
138,0.1,0.0000259999,0x6df1048c43cb45b2f24cbeda145101b2525a39ef,2017-11-02T00:28:39.000Z,0.000259999,0xa5d7d7a2b5edc37d43b5da1629cfac6c3d23c7ef,buy,0xb2f7eb1f2c37645be61d73953035360e768d81e6,0xa09343c373d07176fd9aab2bfee5807bed0c6053a6b5cc786f702888728b115f
139,5149.001,0.829560700111,0x60280ab32037e8fce96a6f91dffef04849b0ec16,2017-11-02T00:27:29.000Z,0.000161111,0x8fd1ac835e853b96c2495b58c45c5c52db508c6c,sell,0xb2f7eb1f2c37645be61d73953035360e768d81e6,0x825120e7b0ccd58eaf1ed1a09917d18e55bd64530a61f2975691cbf9cb8c8b4e
140,0.1,0.00002999,0x6df1048c43cb45b2f24cbeda145101b2525a39ef,2017-11-02T00:20:55.000Z,0.0002999,0xc5c751ddaa97754342d53c0ef212b44c3455c166,buy,0xb2f7eb1f2c37645be61d73953035360e768d81e6,0xf6ca3215855add01009d7a07f65aae56406dba19e7f7684a401b04fc246f249e
141,54110.02039839398,8.9822633861334,0x8c0ba3a254a3428c225576c2100a9ea543513449,2017-11-02T00:20:04.000Z,0.000166,0xaf5c6aabe5d37b777b2e8daf5280fe5f3b66f303,buy,0xb2f7eb1f2c37645be61d73953035360e768d81e6,0x191490bc85bf9f69eb974d21f4daddeaf9ac4d367d9a99a148cd52c12e2b374b
142,0.1,0.000029,0x6df1048c43cb45b2f24cbeda145101b2525a39ef,2017-11-02T00:00:17.000Z,0.00029,0xc044ecd631253bebad1d84263faa7335fb1e0f99,buy,0xb2f7eb1f2c37645be61d73953035360e768d81e6,0x4c0d8beb3dd56ea6db9d2b1287a0e8066a737bca3949543d1cf8dd7544692fc1
143,1910,0.31706,0x30eb3f933201aef8921f96f4a43156514c9d723d,2017-11-01T23:58:59.000Z,0.000166,0x6a04a9867c9f76ecd81a113ce264ea9d5b28e021,sell,0xb2f7eb1f2c37645be61d73953035360e768d81e6,0x3bc2e9af4b37ec0aa22f32d6cbfb981131f1e0d3613db44905433d55981316bc
144,0.1,0.00003,0x6df1048c43cb45b2f24cbeda145101b2525a39ef,2017-11-01T23:58:40.000Z,0.0003,0x720398c1bed5fa491b76d5705901a6027ca217a1,buy,0xb2f7eb1f2c37645be61d73953035360e768d81e6,0x72b21292053ec2049bd837907d8c72167cdae7261a8559e36dacc81d5fdd9203
145,99,0.0159489,0x29aa952cf81cea18579355cdc21a672e5c0b607b,2017-11-01T23:57:25.000Z,0.0001611,0x8fd1ac835e853b96c2495b58c45c5c52db508c6c,sell,0xb2f7eb1f2c37645be61d73953035360e768d81e6,0xe5fa8c5bbd4fddcf281cf5452fd53d81c10a5b97e9622efd8e0a8530665d140d
146,0.1,0.0000261,0x6df1048c43cb45b2f24cbeda145101b2525a39ef,2017-11-01T23:54:26.000Z,0.000261,0x38d5b39401d0ab176a283652f08f5068a7610f6e,buy,0xb2f7eb1f2c37645be61d73953035360e768d81e6,0xc52cd3d2f5fbff595aba8c1df3e38e17c4c6d7d7c79bce581a378ad6fd3e0ec2
147,4800,0.7968,0x07bc631858fa75ac6aedc4365318373cc1c9b935,2017-11-01T23:54:12.000Z,0.000166,0x60280ab32037e8fce96a6f91dffef04849b0ec16,buy,0xb2f7eb1f2c37645be61d73953035360e768d81e6,0x985c58865725d9b6a7ce565b7fca0cd8832f4da119cdcf8566a5b4f9edbe6aee
148,0.1,0.0000263,0x6df1048c43cb45b2f24cbeda145101b2525a39ef,2017-11-01T23:50:24.000Z,0.000263,0x38d5b39401d0ab176a283652f08f5068a7610f6e,buy,0xb2f7eb1f2c37645be61d73953035360e768d81e6,0x7aa4bf68b76ae7701a04e84a18db6a2d20958f708b61da41bdcb9026d4df341c
149,1000,0.165,0x7104b7415d4de8e1be13d412a353d21a8b1bcf64,2017-11-01T23:49:45.000Z,0.000165,0xf315d18225accafce4284762052e3ab23039d20d,sell,0xb2f7eb1f2c37645be61d73953035360e768d81e6,0xc4833055420b28bbe38b306e5769c0da87ba5069b4fc5039575e135d94ec4265
150,0.1,0.000026,0x6df1048c43cb45b2f24cbeda145101b2525a39ef,2017-11-01T23:38:06.000Z,0.00026,0x89dbb105b2e35b092953caa01ab5bce257412cc9,buy,0xb2f7eb1f2c37645be61d73953035360e768d81e6,0x6451298967cd205cfb53a4914de6f176f55c438115e60c1326a9cf2e714ecb16
151,6700,1.1122402,0xb69db6b9ea97e2d4960f5659fe871d5d0cdcfdf4,2017-11-01T23:37:43.000Z,0.000166006,0x6a04a9867c9f76ecd81a113ce264ea9d5b28e021,sell,0xb2f7eb1f2c37645be61d73953035360e768d81e6,0x17c726b9d68e8d5fac78dc9dba5fb266068279fa577287a00f8774afeb8db200
152,28201.179,4.681536719895,0x09e396aca9535fffc68c72f880ab36e252b73a43,2017-11-01T23:37:43.000Z,0.000166005,0x6a04a9867c9f76ecd81a113ce264ea9d5b28e021,sell,0xb2f7eb1f2c37645be61d73953035360e768d81e6,0xb393b3145d7f41ff23e67a3e14a68fbde1f12db6f9d0197b36eebc09b612866f
153,158571.059,26.322795794,0xa781b762dcb8020a640a1d8a6193df7b7e7cb6d2,2017-11-01T23:37:43.000Z,0.000166,0x6a04a9867c9f76ecd81a113ce264ea9d5b28e021,sell,0xb2f7eb1f2c37645be61d73953035360e768d81e6,0x9f97a217cb3ad7c0390b1faae5ccb6e912d469f1428ee7ecad77da6a37063b42
154,4742.040833886749,0.7919208192590872,0xe88bc5bc7efb1c3630496ba7ced47f2e1b44e94b,2017-11-01T23:37:17.000Z,0.000167,0x6a04a9867c9f76ecd81a113ce264ea9d5b28e021,sell,0xb2f7eb1f2c37645be61d73953035360e768d81e6,0x9f8212b596076e8897fcb8aa65ec7c137f2a57948430ae0c9d1cb62269ef74f2
155,0.1,0.0000257,0x6df1048c43cb45b2f24cbeda145101b2525a39ef,2017-11-01T23:33:46.000Z,0.000257,0x3f81bf14d87c55a2906871b1bce7a1a9504ef154,buy,0xb2f7eb1f2c37645be61d73953035360e768d81e6,0x76e87f19f70d815593bed4dba073274ade0e6ecc1d152162548c66640966c997
156,4800,0.7968,0x60280ab32037e8fce96a6f91dffef04849b0ec16,2017-11-01T23:33:32.000Z,0.000166,0xaf5c6aabe5d37b777b2e8daf5280fe5f3b66f303,buy,0xb2f7eb1f2c37645be61d73953035360e768d81e6,0x2b7430f78e619b042c3a9e3c7590e1eb78d5632de8352ae69de9a35329e11617
157,1000,0.166,0x307e1218e7b34a16afa587e405c953299b25894e,2017-11-01T23:33:11.000Z,0.000166,0xaf5c6aabe5d37b777b2e8daf5280fe5f3b66f303,buy,0xb2f7eb1f2c37645be61d73953035360e768d81e6,0xcc313fbe4a6202bb47771c38b1c05a865580399ca4dd977b8217035ba8c79c04
158,0.1,0.0000259999,0x6df1048c43cb45b2f24cbeda145101b2525a39ef,2017-11-01T23:07:38.000Z,0.000259999,0xa5d7d7a2b5edc37d43b5da1629cfac6c3d23c7ef,buy,0xb2f7eb1f2c37645be61d73953035360e768d81e6,0x4302c5290d74210aef5b15215aa9656fa487bfc3602f7c2a29a1d3b36ba4eef9
159,471.4413144384809,0.07873069951122631,0xe88bc5bc7efb1c3630496ba7ced47f2e1b44e94b,2017-11-01T23:06:37.000Z,0.000167,0x945df54583eb102061f57d3b4f3e499d7acc49b7,sell,0xb2f7eb1f2c37645be61d73953035360e768d81e6,0xabf916210114d986cb100170fe75f30d57f79416027f9d742a127dbba7c5320c
160,0.1,0.00003,0x6df1048c43cb45b2f24cbeda145101b2525a39ef,2017-11-01T22:51:27.000Z,0.0003,0x942d8d1125be3975ed723034ae1d1005dc8f8b70,buy,0xb2f7eb1f2c37645be61d73953035360e768d81e6,0xd007aa985df19f8fae34173ee1f453b2c831aed39672b14fbb423c1220a6c429
161,835,0.144455,0x6f913eb3eca570a209c5d1b73575e99c8dc54b88,2017-11-01T22:49:20.000Z,0.000173,0x945df54583eb102061f57d3b4f3e499d7acc49b7,buy,0xb2f7eb1f2c37645be61d73953035360e768d81e6,0x9bf3bff64e708fa219828cb94a1c037360f95b514fc07d0f3867bba4c0e43d97
162,0.1,0.000025,0x6df1048c43cb45b2f24cbeda145101b2525a39ef,2017-11-01T22:49:18.000Z,0.00025,0xb0b590dc97a6b701a7dc8355600bc42fa7cbeed7,buy,0xb2f7eb1f2c37645be61d73953035360e768d81e6,0x3fd7310299a18dcf1d0e516bb6348631ba81ecac37e8489485b0d774af6bf65f
163,137.7838439324088,0.02383660500030672,0x04916b63ff57f98e61468cfb93450c85c9a7216c,2017-11-01T22:48:42.000Z,0.00017299999999999998,0x5201c37cdeec762e7c4824b8c87a90a304062349,sell,0xb2f7eb1f2c37645be61d73953035360e768d81e6,0xac10ef6694bff1a03cf8392edb04193dc11416a3331dbbae0c4e2ef0355890dd
164,0.1,0.00003,0x6df1048c43cb45b2f24cbeda145101b2525a39ef,2017-11-01T22:35:02.000Z,0.0003,0x720398c1bed5fa491b76d5705901a6027ca217a1,buy,0xb2f7eb1f2c37645be61d73953035360e768d81e6,0x6048424726eecba7c40d42d63ad06cbce3c70b109eecdeeaedc17cccf0d4a45b
165,8447.383,1.461397259,0x04916b63ff57f98e61468cfb93450c85c9a7216c,2017-11-01T22:34:40.000Z,0.000173,0x945df54583eb102061f57d3b4f3e499d7acc49b7,sell,0xb2f7eb1f2c37645be61d73953035360e768d81e6,0xd27262c9ae72ba506a94b516f7a1bfae1675b42abc32a673f15b5ead52239c7b
166,0.1,0.00002428,0x6df1048c43cb45b2f24cbeda145101b2525a39ef,2017-11-01T22:26:28.000Z,0.0002428,0xc5c6489d1feefe9ae343da667945b220b0d67451,buy,0xb2f7eb1f2c37645be61d73953035360e768d81e6,0x2fbc6fca1034723308b6175afcf5a321e0080c80ba63dff50a65c31da4e019ad
167,652,0.11084,0x273a5d3e6721b9f5c1a6474f560c1334c63dda01,2017-11-01T22:26:07.000Z,0.00017,0x24cd10327f6f97aaf3270e70b256e424587168fd,buy,0xb2f7eb1f2c37645be61d73953035360e768d81e6,0x192277411d36d9b64ded034e05e048da6a63b97733d45deadb4db60902a968bc
168,650.044,0.112457612,0x04916b63ff57f98e61468cfb93450c85c9a7216c,2017-11-01T22:26:07.000Z,0.000173,0x273a5d3e6721b9f5c1a6474f560c1334c63dda01,sell,0xb2f7eb1f2c37645be61d73953035360e768d81e6,0x192277411d36d9b64ded034e05e048da6a63b97733d45deadb4db60902a968bc
169,0.1,0.00002428,0x6df1048c43cb45b2f24cbeda145101b2525a39ef,2017-11-01T22:07:56.000Z,0.0002428,0xc5c6489d1feefe9ae343da667945b220b0d67451,buy,0xb2f7eb1f2c37645be61d73953035360e768d81e6,0xb61cb3ef79b3ff3059adbd5cc26e1c12393e0477e19ec99a9db8a4a812e89783
170,0.000017729409520231,0.000000003067187847,0x04916b63ff57f98e61468cfb93450c85c9a7216c,2017-11-01T22:07:13.000Z,0.0001730000000000021,0x945df54583eb102061f57d3b4f3e499d7acc49b7,buy,0xb2f7eb1f2c37645be61d73953035360e768d81e6,0x2d65ac0b804992336c35a7f612e39d2194cf98f46823fc49d214aad920c09de4
171,0.1,0.0000259999,0x6df1048c43cb45b2f24cbeda145101b2525a39ef,2017-11-01T21:50:03.000Z,0.000259999,0xa5d7d7a2b5edc37d43b5da1629cfac6c3d23c7ef,buy,0xb2f7eb1f2c37645be61d73953035360e768d81e6,0xfa9884d4ad69f22f9e9153002d045d74a27841b4edc8798cef44967bb3c48781
172,0.17784370686847978,0.000030766961288247,0x04916b63ff57f98e61468cfb93450c85c9a7216c,2017-11-01T21:49:35.000Z,0.000173,0x945df54583eb102061f57d3b4f3e499d7acc49b7,buy,0xb2f7eb1f2c37645be61d73953035360e768d81e6,0xa3d0f75e48ac6e11adf6ffe912ab38160a228a428dd3d4a8c8d4281cf6660d26
173,0.1,0.000027,0x6df1048c43cb45b2f24cbeda145101b2525a39ef,2017-11-01T21:23:58.000Z,0.00027,0xd71346588f419193d9ae0edb4e937dfc4389d75c,buy,0xb2f7eb1f2c37645be61d73953035360e768d81e6,0x5901310aa87a92a0e4ff2225515a81159af1efe1ca3d71795cc675464f44d56b
174,12329.119999999997,2.1329377599999995,0x422d7c1f2f04e7582163d1381a436516f4de3c2a,2017-11-01T21:23:31.000Z,0.000173,0x945df54583eb102061f57d3b4f3e499d7acc49b7,buy,0xb2f7eb1f2c37645be61d73953035360e768d81e6,0xa942d02c66773345580e18b77fddd352f54c8ed16768563fb3ad33b678c11413
175,12280,2.2104,0x58065a54dfcf2073b9d225a3053e6b547e388b90,2017-11-01T21:23:31.000Z,0.00018,0x422d7c1f2f04e7582163d1381a436516f4de3c2a,sell,0xb2f7eb1f2c37645be61d73953035360e768d81e6,0xa942d02c66773345580e18b77fddd352f54c8ed16768563fb3ad33b678c11413
176,0.1,0.00002789,0x6df1048c43cb45b2f24cbeda145101b2525a39ef,2017-11-01T21:19:54.000Z,0.0002789,0xda18b91b4d592399669dc0f0ecd5bc4add2eb21d,buy,0xb2f7eb1f2c37645be61d73953035360e768d81e6,0xdac1a2769922f07607cf5e2776fe35fa6703ea79bd07299cc72e50b667cd8801
177,289.33332018696956,0.05005466439234573,0x1d5321e125f6c7079a716705541c7b371ca79e69,2017-11-01T21:18:54.000Z,0.000173,0x945df54583eb102061f57d3b4f3e499d7acc49b7,buy,0xb2f7eb1f2c37645be61d73953035360e768d81e6,0x5eba5c96f4b540cc782706c496d67daf0fa41961c557cc602a471587643d49a6
178,288.4679164376566,0.051981918542065714,0x29aa952cf81cea18579355cdc21a672e5c0b607b,2017-11-01T21:18:54.000Z,0.0001802,0x1d5321e125f6c7079a716705541c7b371ca79e69,sell,0xb2f7eb1f2c37645be61d73953035360e768d81e6,0x5eba5c96f4b540cc782706c496d67daf0fa41961c557cc602a471587643d49a6
179,0.1,0.000026,0x2c7ab51cde4aed8ce1c2059cf10a07bfd9ba14ab,2017-11-01T20:49:41.000Z,0.00026,0xf163ee4d2923657101f2f6dbd4ce67a7562f3018,buy,0xb2f7eb1f2c37645be61d73953035360e768d81e6,0xe3aef9872b50f1a92b282fc978f1248ed8a4741c707c4ff2e5a6ea91d238729d
180,0.1,0.0000265,0x2c7ab51cde4aed8ce1c2059cf10a07bfd9ba14ab,2017-11-01T20:48:24.000Z,0.000265,0x48114463522398d2dcd66a9d75773950accada3d,buy,0xb2f7eb1f2c37645be61d73953035360e768d81e6,0xec3d8a5421b4b8e8f43721a030658eabb036950ad6b423ed09d3a117aa71956f
181,0.1,0.0000261,0x6df1048c43cb45b2f24cbeda145101b2525a39ef,2017-11-01T20:47:56.000Z,0.000261,0x38d5b39401d0ab176a283652f08f5068a7610f6e,buy,0xb2f7eb1f2c37645be61d73953035360e768d81e6,0x8f1c2b1783af97e1c4a27b6248ddf7c3984146c71f68379cfccbfc9b1f41df80
182,2492.5,0.4312025,0x58065a54dfcf2073b9d225a3053e6b547e388b90,2017-11-01T20:47:22.000Z,0.000173,0x273a5d3e6721b9f5c1a6474f560c1334c63dda01,sell,0xb2f7eb1f2c37645be61d73953035360e768d81e6,0xdfbf667dc95a71b1241fa418560ae34eadda32a988e457a6758a18acaa350a48
183,2500,0.4150125,0x273a5d3e6721b9f5c1a6474f560c1334c63dda01,2017-11-01T20:47:22.000Z,0.000166005,0xff53fdee053c38f3c1156a6d87d5d578ce953f0d,buy,0xb2f7eb1f2c37645be61d73953035360e768d81e6,0xdfbf667dc95a71b1241fa418560ae34eadda32a988e457a6758a18acaa350a48
184,5000,0.835,0x07bc631858fa75ac6aedc4365318373cc1c9b935,2017-11-01T20:46:07.000Z,0.000167,0xff53fdee053c38f3c1156a6d87d5d578ce953f0d,buy,0xb2f7eb1f2c37645be61d73953035360e768d81e6,0xb40d3a7285a5a00016b8e5fa8ebee7eccd2680c91d47158f74a5f05f64d2233e
185,0.1,0.0000261,0x6df1048c43cb45b2f24cbeda145101b2525a39ef,2017-11-01T20:45:50.000Z,0.000261,0x38d5b39401d0ab176a283652f08f5068a7610f6e,buy,0xb2f7eb1f2c37645be61d73953035360e768d81e6,0x1835c47aa5dea0b52a9b4d1bbd38f0293fd35b7f9537b8377341d59d39ce06a5
186,5000,0.835,0x07bc631858fa75ac6aedc4365318373cc1c9b935,2017-11-01T20:45:24.000Z,0.000167,0xff53fdee053c38f3c1156a6d87d5d578ce953f0d,buy,0xb2f7eb1f2c37645be61d73953035360e768d81e6,0xd11509bf49ca54317e72870393822c33c99602cd68e4515702140fb43c0b6eb5
187,0.1,0.00003,0x6df1048c43cb45b2f24cbeda145101b2525a39ef,2017-11-01T20:41:40.000Z,0.0003,0x720398c1bed5fa491b76d5705901a6027ca217a1,buy,0xb2f7eb1f2c37645be61d73953035360e768d81e6,0x7c3a71814fb691e74661b61dad3b10d5d00d77ad18c1301add43717693078481
188,2.960458417057416,0.000512159306150933,0x58065a54dfcf2073b9d225a3053e6b547e388b90,2017-11-01T20:41:08.000Z,0.000173,0x945df54583eb102061f57d3b4f3e499d7acc49b7,buy,0xb2f7eb1f2c37645be61d73953035360e768d81e6,0x5ba2269305574948546ab45a3e57987c48a2979b03ee7a06c68891c863ce4f0f
189,0.1,0.0000261,0x6df1048c43cb45b2f24cbeda145101b2525a39ef,2017-11-01T20:24:05.000Z,0.000261,0x38d5b39401d0ab176a283652f08f5068a7610f6e,buy,0xb2f7eb1f2c37645be61d73953035360e768d81e6,0x0cbc8578800c5042e75cb8ce51afc7605a673099fd6942e7999ad5b2cb82b93f
190,6354.916758050045,1.0612710985943574,0xe88bc5bc7efb1c3630496ba7ced47f2e1b44e94b,2017-11-01T20:23:29.000Z,0.000167,0x969252a636bc8ba5dda98f4272d93c6e89ff62f9,sell,0xb2f7eb1f2c37645be61d73953035360e768d81e6,0x47b676e065462765f6fbc6a0bbd7802736238e0560c39279eaa2f58e3eb8b560
191,0.1,0.0000257,0x6df1048c43cb45b2f24cbeda145101b2525a39ef,2017-11-01T20:00:25.000Z,0.000257,0x29aa952cf81cea18579355cdc21a672e5c0b607b,buy,0xb2f7eb1f2c37645be61d73953035360e768d81e6,0xae2f716f8b4d513a2d183c182c89d6ad0c3a884e6d994becfdaf9735c69daf51
192,4586.601093624725,0.765962382635329,0xe88bc5bc7efb1c3630496ba7ced47f2e1b44e94b,2017-11-01T19:59:23.000Z,0.000167,0xfa5fa740a3b9bf6f7ac1b99e0addf3ca536ba9a3,sell,0xb2f7eb1f2c37645be61d73953035360e768d81e6,0xe04b48f8a901d9dbe436b969d06caa038aee7d0058e3bb4c96a4782f30e68885
193,0.1,0.0000265,0x6df1048c43cb45b2f24cbeda145101b2525a39ef,2017-11-01T19:10:28.000Z,0.000265,0x48114463522398d2dcd66a9d75773950accada3d,buy,0xb2f7eb1f2c37645be61d73953035360e768d81e6,0x08cc95b3eafd8ddf32743ded3996ffc52ef4eae45b547e707815e7157adfe717
194,2400.0007521,0.4104001286091,0xb7cac43fcf1d3babe5c2d6f79c604fa3c9cc19f6,2017-11-01T19:09:44.000Z,0.000171,0x1cb5f0297eab6b1a27351c1314b5bc74ee720aa0,buy,0xb2f7eb1f2c37645be61d73953035360e768d81e6,0xfbd9b2e9c4f7177c99a9abaa2dca1905ea92814088b20f9edbc7c239c4e6ea36
195,1100,0.1881,0x19528efbba6dd5d482751e46a1334894e2ffbaad,2017-11-01T19:09:05.000Z,0.000171,0x1cb5f0297eab6b1a27351c1314b5bc74ee720aa0,buy,0xb2f7eb1f2c37645be61d73953035360e768d81e6,0xd356658c1839ac3793bb2a61b003ddfeac5c4755b763603460062f6519d3b937
196,0.1,0.00002999,0x6df1048c43cb45b2f24cbeda145101b2525a39ef,2017-11-01T19:01:29.000Z,0.0002999,0xc5c751ddaa97754342d53c0ef212b44c3455c166,buy,0xb2f7eb1f2c37645be61d73953035360e768d81e6,0x5727e01de021c834241e4e19b78d46489b575ea868b7b1cc74067d2095aff26a
197,6827.836,1.167559956,0xeb772f9b86bbbe88136ebc190170fc09b220b31a,2017-11-01T19:00:57.000Z,0.000171,0x1eaa18a0e964d346f2b5182be3f97d7aab5145b9,buy,0xb2f7eb1f2c37645be61d73953035360e768d81e6,0x4b8fa49c0062e62e09275d5133b84eb770fab8aec399e58545f1cc359d3facf4
198,0.1,0.0000275,0x6df1048c43cb45b2f24cbeda145101b2525a39ef,2017-11-01T18:59:07.000Z,0.000275,0x16df8f6dc7cf5f31edc7702a1377833c95ffd0f2,buy,0xb2f7eb1f2c37645be61d73953035360e768d81e6,0x3d3b5f98639ba8188d982a09917c02aa5944fd11a372e26c2214b2ae150902bd
199,3854.400636626458,0.6398497776831752,0x09e396aca9535fffc68c72f880ab36e252b73a43,2017-11-01T18:58:22.000Z,0.000166005,0x22d8da44830f087cc11bc2fa122cf7ae3d9e07ed,sell,0xb2f7eb1f2c37645be61d73953035360e768d81e6,0x2e531011180935ffa9761bb4c834b154880f475a6280e942e5ca834a10d26b42
200,0.1,0.000024,0x6df1048c43cb45b2f24cbeda145101b2525a39ef,2017-11-01T18:56:05.000Z,0.00024,0xd45f601a9fefe5a6e8b29ceafe83d53b5f080cfb,buy,0xb2f7eb1f2c37645be61d73953035360e768d81e6,0x2ca5e31ce7b3beba52c4aac19b6858b62c7fe3f96195e35e51572eb996566ec3
201,600,0.1002,0xdb5936126a51b5bb370ceec5f2d45e72a2e57789,2017-11-01T18:55:17.000Z,0.000167,0x22d8da44830f087cc11bc2fa122cf7ae3d9e07ed,sell,0xb2f7eb1f2c37645be61d73953035360e768d81e6,0xb141f6eef801798b4f775c2caffb43a8a4dd7c02518c5ceed9794c507388384f
202,0.1,0.000029,0x6df1048c43cb45b2f24cbeda145101b2525a39ef,2017-11-01T18:47:32.000Z,0.00029,0xc044ecd631253bebad1d84263faa7335fb1e0f99,buy,0xb2f7eb1f2c37645be61d73953035360e768d81e6,0x986350d54c80e9324ad3c3bb649b9eacc086acd3a7e0f59c76946c13a31b6136
203,50.284,0.008447712,0x459d7b3985d568c0de4e88288eb6c5c8e05e1842,2017-11-01T18:47:02.000Z,0.000168,0x22d8da44830f087cc11bc2fa122cf7ae3d9e07ed,sell,0xb2f7eb1f2c37645be61d73953035360e768d81e6,0x5b4b8de7ae73cde1178f77f065fef4385595f0d67cd695ff84efdf73b3e4abb9
204,47.197,0.00802349,0x459d7b3985d568c0de4e88288eb6c5c8e05e1842,2017-11-01T18:47:02.000Z,0.00017,0x22d8da44830f087cc11bc2fa122cf7ae3d9e07ed,sell,0xb2f7eb1f2c37645be61d73953035360e768d81e6,0x2fa4db4b210f161cf2a1fe4ae39f821aac45b303bc8383ee14e6dcb90fc9c46c
205,0.1,0.000024,0x6df1048c43cb45b2f24cbeda145101b2525a39ef,2017-11-01T18:24:00.000Z,0.00024,0x8bf9e041300c3c01f75b7ecafddb5ecc706d52bb,buy,0xb2f7eb1f2c37645be61d73953035360e768d81e6,0x0f044d2b0dc450f6de38dd56e947a5f5ad0eb05398b24be087f682bb168febfd
206,3172.163632625192,0.5424399811789078,0x29bf0b78ff772c92ac8fd416e615973a716c9854,2017-11-01T18:21:34.000Z,0.000171,0x1eaa18a0e964d346f2b5182be3f97d7aab5145b9,buy,0xb2f7eb1f2c37645be61d73953035360e768d81e6,0xa40b06b9d29d96ccbf862e7d1f880b1b4d8386783bf4dbcbea8e96334ec8f69a
207,0.1,0.0000259999,0x6df1048c43cb45b2f24cbeda145101b2525a39ef,2017-11-01T18:21:34.000Z,0.000259999,0xa5d7d7a2b5edc37d43b5da1629cfac6c3d23c7ef,buy,0xb2f7eb1f2c37645be61d73953035360e768d81e6,0x8a372c1acca0cf84d04228c00a6b525c310f3c5a18ff77382c855677632d3506
208,1442.02,0.2451434,0x29bf0b78ff772c92ac8fd416e615973a716c9854,2017-11-01T18:20:06.000Z,0.00017,0xf0d86be3bf11226bba6ed3e511360747edf891dd,buy,0xb2f7eb1f2c37645be61d73953035360e768d81e6,0xad55ce41d0898079fe0e8dbf55af640696f6c5b1d519f7b6ae4185694a2b1a33
209,0.1,0.00003,0x6df1048c43cb45b2f24cbeda145101b2525a39ef,2017-11-01T18:19:28.000Z,0.0003,0x720398c1bed5fa491b76d5705901a6027ca217a1,buy,0xb2f7eb1f2c37645be61d73953035360e768d81e6,0xe813b433c83b606c01c78f5711593ff1467d1045fa17ce71a787ac595d40b298
210,150,0.0255,0x317a7d3ead471c13b6d569aa37e38246e939ae55,2017-11-01T18:17:52.000Z,0.00017,0xf0d86be3bf11226bba6ed3e511360747edf891dd,buy,0xb2f7eb1f2c37645be61d73953035360e768d81e6,0x10162d0e8ada12ef910c7d81c9ea4848b3922633966a9a1ab0e2b1b0ffb7199f
211,0.1,0.0000257,0x6df1048c43cb45b2f24cbeda145101b2525a39ef,2017-11-01T18:17:18.000Z,0.000257,0x29aa952cf81cea18579355cdc21a672e5c0b607b,buy,0xb2f7eb1f2c37645be61d73953035360e768d81e6,0x02be116c1dc23bc8ede470bb21948ec12b277a6e85c5380db6d91bc891f34111
212,1818.2983596450294,0.30911072113965504,0x45e9defe9d19c45d6abe5d25977ce3ce4577787b,2017-11-01T18:17:05.000Z,0.00017,0xf0d86be3bf11226bba6ed3e511360747edf891dd,buy,0xb2f7eb1f2c37645be61d73953035360e768d81e6,0x524412a72aba4f2cf2b68e2dc2ac61b7d7187003b1a24fea1054ada9e2c177b6
213,10000,1.69,0x6b5d6262b03237df86e6ebace74c1e17a5b1a191,2017-11-01T18:10:49.000Z,0.000169,0x1eaa18a0e964d346f2b5182be3f97d7aab5145b9,buy,0xb2f7eb1f2c37645be61d73953035360e768d81e6,0x1e27a82015a0d72db01059c53e658cbff1c8a713f94d30e3eb81a1dceaf9d753
214,0.1,0.00003,0x6df1048c43cb45b2f24cbeda145101b2525a39ef,2017-11-01T18:06:18.000Z,0.0003,0x4809abdf8ffaa933fe9ae726dfda8cd798ca22fe,buy,0xb2f7eb1f2c37645be61d73953035360e768d81e6,0x70dbeac1909b4301cfbcfe481731cc81ca4c10d3147dbb17a83200b01f700fc6
215,1000,0.17,0x5a86ebf9a0e6f8181ed5143557f7b8ba89957fcc,2017-11-01T18:05:05.000Z,0.00017,0x1eaa18a0e964d346f2b5182be3f97d7aab5145b9,sell,0xb2f7eb1f2c37645be61d73953035360e768d81e6,0xab5a5a96d152178c148faee842939fbe4713aecd00af6e193367518d8feaab10
216,4104.968732309663,0.6978446844926428,0x1d0f4e7f22e2851ce55a1fa6f62e7e91429bf660,2017-11-01T18:05:05.000Z,0.00017,0xf0d86be3bf11226bba6ed3e511360747edf891dd,buy,0xb2f7eb1f2c37645be61d73953035360e768d81e6,0xe6fa49772869f7525488dda3cea83651f1c194df58af6abb257a54197f203241
217,0.1,0.0000257,0x6df1048c43cb45b2f24cbeda145101b2525a39ef,2017-11-01T17:41:12.000Z,0.000257,0x3f81bf14d87c55a2906871b1bce7a1a9504ef154,buy,0xb2f7eb1f2c37645be61d73953035360e768d81e6,0xf6cc003b3eb8d1b7403510d9095a881b97313d543fd0b5f91a35f6edbf8f68fd
218,470.76556293819294,0.08003014569949281,0x1d0f4e7f22e2851ce55a1fa6f62e7e91429bf660,2017-11-01T17:40:22.000Z,0.00017,0xf0d86be3bf11226bba6ed3e511360747edf891dd,buy,0xb2f7eb1f2c37645be61d73953035360e768d81e6,0x411d8cd67ec39f7f22548933158e54e07a64691df31ed8e6a6ccb76490ab3036
219,0.1,0.00002999,0x6df1048c43cb45b2f24cbeda145101b2525a39ef,2017-11-01T17:38:12.000Z,0.0002999,0xc5c751ddaa97754342d53c0ef212b44c3455c166,buy,0xb2f7eb1f2c37645be61d73953035360e768d81e6,0x127937d8791a92e1f67e46ae7a3997c22afe106ed588a1eaa1f69401a8694a81
220,2935.39,0.49021013,0xf8715c209307924259048021287a3dedb4e26226,2017-11-01T17:36:17.000Z,0.000167,0xb7b30b7f85938fbb38ee7bf67003a7ec3de4bf6f,sell,0xb2f7eb1f2c37645be61d73953035360e768d81e6,0xed13b5eaf76e2626d24881510fde7ce6164e485a4b508a05be2e10d4f2e0ffd5
221,0.1,0.000026,0x6df1048c43cb45b2f24cbeda145101b2525a39ef,2017-11-01T17:36:08.000Z,0.00026,0xf163ee4d2923657101f2f6dbd4ce67a7562f3018,buy,0xb2f7eb1f2c37645be61d73953035360e768d81e6,0x4737f69764a1a8ce6c8592e00e82c501fefaad3aaede9aaa771f3e1fd7887231
222,16083.187928394666,2.782391511612277,0x1d0f4e7f22e2851ce55a1fa6f62e7e91429bf660,2017-11-01T17:35:37.000Z,0.000173,0x945df54583eb102061f57d3b4f3e499d7acc49b7,buy,0xb2f7eb1f2c37645be61d73953035360e768d81e6,0x5abeedd227cd8f2747b3b1dad2a731151fbce92a152dd7e949a8719f511e4db8
223,0.1,0.0000243888,0x6df1048c43cb45b2f24cbeda145101b2525a39ef,2017-11-01T17:33:02.000Z,0.000243888,0x4494a5fb9739c61e0ca85c6bbc3f54c1a6f611bc,buy,0xb2f7eb1f2c37645be61d73953035360e768d81e6,0x85861ca03646de4c52cbb0c23c16dae6c0beca3f1b92b3c214bb34b2359fdac3
224,50,0.0086,0x1d5321e125f6c7079a716705541c7b371ca79e69,2017-11-01T17:32:20.000Z,0.000172,0xf0d86be3bf11226bba6ed3e511360747edf891dd,buy,0xb2f7eb1f2c37645be61d73953035360e768d81e6,0xaae6fd73f1bcd3fbfa2b27f3892f3d298f402215623cbf6babb4e63b12d0fc08
225,49.85044865403788,0.009222333000997007,0x1d0f4e7f22e2851ce55a1fa6f62e7e91429bf660,2017-11-01T17:32:20.000Z,0.00018499999999999997,0x1d5321e125f6c7079a716705541c7b371ca79e69,sell,0xb2f7eb1f2c37645be61d73953035360e768d81e6,0xaae6fd73f1bcd3fbfa2b27f3892f3d298f402215623cbf6babb4e63b12d0fc08
226,17944.419929239506,2.9788634303534045,0x09e396aca9535fffc68c72f880ab36e252b73a43,2017-11-01T17:32:13.000Z,0.000166005,0x2221cf8ec94aa3caea407709f4e5ac6cca407059,sell,0xb2f7eb1f2c37645be61d73953035360e768d81e6,0xa7f8a9e11c4a6e2b202ab90c417f2b7a652ac741911305080bab7bddcd7204dc
227,0.1,0.000028,0x6df1048c43cb45b2f24cbeda145101b2525a39ef,2017-11-01T17:19:33.000Z,0.00028,0xc5c6489d1feefe9ae343da667945b220b0d67451,buy,0xb2f7eb1f2c37645be61d73953035360e768d81e6,0x37a1658505b280a067ceb260a378202aec1821238efe55684978d463777fce70
228,5600,0.9632,0xc35de0b5c44986f365d88c5254618b8abb68dd06,2017-11-01T17:18:54.000Z,0.000172,0xf0d86be3bf11226bba6ed3e511360747edf891dd,buy,0xb2f7eb1f2c37645be61d73953035360e768d81e6,0xca9556b3191f25e02cca695a0e77927c361b361602d132ea62edf3bfaa79b548
229,0.1,0.0000257,0x6df1048c43cb45b2f24cbeda145101b2525a39ef,2017-11-01T17:06:50.000Z,0.000257,0x3f81bf14d87c55a2906871b1bce7a1a9504ef154,buy,0xb2f7eb1f2c37645be61d73953035360e768d81e6,0x7c803d6a448acbf27e2168345cd16810458270a43bd950adfb7edb3a0dfe7e27
230,13910.36623675907,2.39258299272256,0x1d0f4e7f22e2851ce55a1fa6f62e7e91429bf660,2017-11-01T17:06:33.000Z,0.000172,0xf0d86be3bf11226bba6ed3e511360747edf891dd,buy,0xb2f7eb1f2c37645be61d73953035360e768d81e6,0x2f7ecaf7f6df7d23a90936f75a8fbe0faa8f8bb0afef9a2c70c83e5fe6c0308e
231,0.1,0.0000257,0x6df1048c43cb45b2f24cbeda145101b2525a39ef,2017-11-01T17:02:32.000Z,0.000257,0x3f81bf14d87c55a2906871b1bce7a1a9504ef154,buy,0xb2f7eb1f2c37645be61d73953035360e768d81e6,0xc315ba8eec5373725b667db5ae68daab6a0d47a0da773878d4b889e5da0d7037
232,14.61,0.00243987,0xf8715c209307924259048021287a3dedb4e26226,2017-11-01T17:01:11.000Z,0.000167,0x077664018c741c2df811ecd2f0ed6668c89bbb49,sell,0xb2f7eb1f2c37645be61d73953035360e768d81e6,0x2dd78bfb8341db5ebdf68159d51566bd23ccf3101530bc76d19b99373e39931a
233,0.1,0.0000275,0x6df1048c43cb45b2f24cbeda145101b2525a39ef,2017-11-01T17:00:46.000Z,0.000275,0x16df8f6dc7cf5f31edc7702a1377833c95ffd0f2,buy,0xb2f7eb1f2c37645be61d73953035360e768d81e6,0x8faed151572f0296c460440476d7584f9429601f6f74c16f91c7b1b55d3fe58e
234,3.1385729827772058,0.000565288379928002,0x2475fe4d7a9d7d2e7908baf6697b801596bf5148,2017-11-01T16:59:36.000Z,0.00018010999999999982,0x1d5321e125f6c7079a716705541c7b371ca79e69,sell,0xb2f7eb1f2c37645be61d73953035360e768d81e6,0xb3f22d612f84904fff9980968c7798b89447bb21d104e3c2caf762820c3714f4
235,3.1479887017255375,0.000544602045398518,0x1d5321e125f6c7079a716705541c7b371ca79e69,2017-11-01T16:59:36.000Z,0.000173,0x945df54583eb102061f57d3b4f3e499d7acc49b7,buy,0xb2f7eb1f2c37645be61d73953035360e768d81e6,0xb3f22d612f84904fff9980968c7798b89447bb21d104e3c2caf762820c3714f4
236,0.1,0.00003,0x6df1048c43cb45b2f24cbeda145101b2525a39ef,2017-11-01T16:53:42.000Z,0.0003,0x8fdc77115d66948abeb5d0f3d1d5817878382467,buy,0xb2f7eb1f2c37645be61d73953035360e768d81e6,0x7c7466318a6cacd7a59c980d5f880a1ee8b69ca0c9ee4a53883d4212409a723f
237,1047.6369219457133,0.1801935505746627,0x273a5d3e6721b9f5c1a6474f560c1334c63dda01,2017-11-01T16:52:57.000Z,0.000172,0xf0d86be3bf11226bba6ed3e511360747edf891dd,buy,0xb2f7eb1f2c37645be61d73953035360e768d81e6,0x99523788597dab6881278f8109840c43e564d06baab2bb5cd3e861a5205e04b9
238,1044.4940111798762,0.18842776411086085,0x2475fe4d7a9d7d2e7908baf6697b801596bf5148,2017-11-01T16:52:57.000Z,0.00018040099999999998,0x273a5d3e6721b9f5c1a6474f560c1334c63dda01,sell,0xb2f7eb1f2c37645be61d73953035360e768d81e6,0x99523788597dab6881278f8109840c43e564d06baab2bb5cd3e861a5205e04b9
239,0.1,0.00003,0x6df1048c43cb45b2f24cbeda145101b2525a39ef,2017-11-01T16:04:56.000Z,0.0003,0x720398c1bed5fa491b76d5705901a6027ca217a1,buy,0xb2f7eb1f2c37645be61d73953035360e768d81e6,0xe4d841d2ffb2898d1277313104d4b0f76db9d4d76176ff89397d1ae5bdd745dc
240,249,0.043077,0x449582bf806226876494aadbcf97c3959f44bdde,2017-11-01T16:04:10.000Z,0.000173,0x1cb5f0297eab6b1a27351c1314b5bc74ee720aa0,buy,0xb2f7eb1f2c37645be61d73953035360e768d81e6,0x9c49d6580b784da96551b2f2dd8dbb5186b18922948f38f9152774a51fd5791b
241,0.1,0.000026,0x6df1048c43cb45b2f24cbeda145101b2525a39ef,2017-11-01T15:57:44.000Z,0.00026,0xf163ee4d2923657101f2f6dbd4ce67a7562f3018,buy,0xb2f7eb1f2c37645be61d73953035360e768d81e6,0xf59998ecde7ec955f2a8770c8bd926bd1f422ce915cd3ae6a88dd82b105ef2c4
242,1650,0.28545,0x4b7c1695c547062a0a52173053ed29a330c3a547,2017-11-01T15:56:53.000Z,0.000173,0x1cb5f0297eab6b1a27351c1314b5bc74ee720aa0,buy,0xb2f7eb1f2c37645be61d73953035360e768d81e6,0xa328860844f63dbbb88793c96eb05b529baed52d741205ce0c0cab98ebc9d283
243,0.00000004570484393,0.000000000007906938,0x1d0f4e7f22e2851ce55a1fa6f62e7e91429bf660,2017-11-01T15:56:25.000Z,0.00017300000000240674,0x945df54583eb102061f57d3b4f3e499d7acc49b7,buy,0xb2f7eb1f2c37645be61d73953035360e768d81e6,0x993ab7e5507a2f76bbbaf127403ba87f0e55d2b3175d671d81b02754908913f1
244,0.1,0.000027777,0x6df1048c43cb45b2f24cbeda145101b2525a39ef,2017-11-01T15:53:45.000Z,0.00027777,0x8f30e498b46de4cb0aab8093c2858cfae337d7fe,buy,0xb2f7eb1f2c37645be61d73953035360e768d81e6,0xe6c18b518dc07bdb96a95f597811e35a55a7a66681f1bdc2fbdace9d1bfaeb77
245,1600,0.2768,0x4b7c1695c547062a0a52173053ed29a330c3a547,2017-11-01T15:53:12.000Z,0.000173,0x1cb5f0297eab6b1a27351c1314b5bc74ee720aa0,buy,0xb2f7eb1f2c37645be61d73953035360e768d81e6,0x1c7d70166653b16540cd896a3514be1f4c4df4cca9b4aaa83878adaa5da1134d
246,1,0.000173,0x65b5ad128a7bf7ee32320d1453a4888c798c162a,2017-11-01T15:30:17.000Z,0.000173,0x1cb5f0297eab6b1a27351c1314b5bc74ee720aa0,buy,0xb2f7eb1f2c37645be61d73953035360e768d81e6,0xfbaacf8d7bacce4d85b7a50df45914771e8c5e08bdcc651819439b07a46fbdbe
247,0.1,0.0000265,0x6df1048c43cb45b2f24cbeda145101b2525a39ef,2017-11-01T15:14:13.000Z,0.000265,0x48114463522398d2dcd66a9d75773950accada3d,buy,0xb2f7eb1f2c37645be61d73953035360e768d81e6,0x713339652767be9f2eebfc3a256436be866dca83605928e2d6400c76b5febad3
248,1428.9406856291107,0.23720415381443236,0xa781b762dcb8020a640a1d8a6193df7b7e7cb6d2,2017-11-01T15:13:39.000Z,0.000166,0x75206f22520eeabd93f98e1eb31dd14bbacfb6c7,sell,0xb2f7eb1f2c37645be61d73953035360e768d81e6,0x5452524e9c3e18b053417946e5ba0dc75eecfa9f336c5f2c981170837d500647
249,0.1,0.000028,0x6df1048c43cb45b2f24cbeda145101b2525a39ef,2017-11-01T15:11:39.000Z,0.00028,0xc5c6489d1feefe9ae343da667945b220b0d67451,buy,0xb2f7eb1f2c37645be61d73953035360e768d81e6,0xf1cc518e325e8f0966baaa64cde1d8ff594f21a96e7db28169deb3c6409855be
250,1000,0.163,0x55046f4c03f0b4bedd87fa1f14198be2aa8b47d7,2017-11-01T15:11:19.000Z,0.000163,0x75206f22520eeabd93f98e1eb31dd14bbacfb6c7,sell,0xb2f7eb1f2c37645be61d73953035360e768d81e6,0x5f11c35006f46b8cc44e7d03e8b875118b5e3c26df7e31de403c6c65c1ad16b7
251,0.1,0.000027777,0x6df1048c43cb45b2f24cbeda145101b2525a39ef,2017-11-01T15:01:10.000Z,0.00027777,0x8f30e498b46de4cb0aab8093c2858cfae337d7fe,buy,0xb2f7eb1f2c37645be61d73953035360e768d81e6,0x36c45be736dc8a9b4d8940e2b9ee570cdac95176722321e863980b4d995a193d
252,4000,0.684392,0x2e26035b04213530deeea6a3874d0f4143bce939,2017-11-01T14:59:39.000Z,0.000171098,0x945df54583eb102061f57d3b4f3e499d7acc49b7,sell,0xb2f7eb1f2c37645be61d73953035360e768d81e6,0x8c9de474e60019d8f52a2b99412258c09b518a8696efba40d71c6e90e88ebd27
253,0.1,0.000028,0x6df1048c43cb45b2f24cbeda145101b2525a39ef,2017-11-01T14:59:04.000Z,0.00028,0xc5c6489d1feefe9ae343da667945b220b0d67451,buy,0xb2f7eb1f2c37645be61d73953035360e768d81e6,0x1f7d999e97aaed378a41665f201831cfd462e0c928254dcf9b5a2489e9196214
254,2000,0.344002,0x2e26035b04213530deeea6a3874d0f4143bce939,2017-11-01T14:58:35.000Z,0.000172001,0x945df54583eb102061f57d3b4f3e499d7acc49b7,sell,0xb2f7eb1f2c37645be61d73953035360e768d81e6,0x8d27c08d45e18920e34a0371d9cc1b0df4ffd69838a7c22f8d4415b3b9eaa511
255,0.1,0.00003,0x6df1048c43cb45b2f24cbeda145101b2525a39ef,2017-11-01T14:57:15.000Z,0.0003,0x8fdc77115d66948abeb5d0f3d1d5817878382467,buy,0xb2f7eb1f2c37645be61d73953035360e768d81e6,0x1de30b2bd6946c41b3c311cf328302acc9cc609134c27b5a4d0e9b8639246e96
256,0.1,0.0000246,0x6df1048c43cb45b2f24cbeda145101b2525a39ef,2017-11-01T14:54:46.000Z,0.000246,0xb10490d4c1c2c6ea2929bb160bcd73185aa5c185,buy,0xb2f7eb1f2c37645be61d73953035360e768d81e6,0x6b2600c386b9d9ec40d8849e85445428d6fae9207c3296d1d33f5ecc55f079c4
257,204.0175456086133,0.03366289502542119,0x38f6db910aaaa2c4ba966d44012d88be2a81ba12,2017-11-01T14:54:46.000Z,0.000165,0x75206f22520eeabd93f98e1eb31dd14bbacfb6c7,sell,0xb2f7eb1f2c37645be61d73953035360e768d81e6,0x8f21ed221efe4e2a3f55df82bbeebab6fb043c78f5b46e1322a8f8de6176a9ad
258,3000,0.495,0x676452d49226efe0e473cf3914fe0f40e7cb0b07,2017-11-01T14:54:16.000Z,0.000165,0x75206f22520eeabd93f98e1eb31dd14bbacfb6c7,sell,0xb2f7eb1f2c37645be61d73953035360e768d81e6,0x81997751067e03d710d795cb1c4da4c0c47edfd80ec6f7a7c8b133e0f680ba2b
259,0.1,0.0000275,0x6df1048c43cb45b2f24cbeda145101b2525a39ef,2017-11-01T14:49:14.000Z,0.000275,0x16df8f6dc7cf5f31edc7702a1377833c95ffd0f2,buy,0xb2f7eb1f2c37645be61d73953035360e768d81e6,0x8c80d2def05c65303b1fa6021b5bbecf9ae6cca8a69cfedff0faecf6c6c9d818
260,349.9148074495077,0.06053526168876483,0xf06929d5f3c41ba206f1c8a5908d2791d34ccbff,2017-11-01T14:48:37.000Z,0.000173,0x945df54583eb102061f57d3b4f3e499d7acc49b7,buy,0xb2f7eb1f2c37645be61d73953035360e768d81e6,0x05f7b08ec74abe7e1bc55c7b277244204047c5b9214c564a2fcb7d22b554d090
261,0.1,0.00003,0x6df1048c43cb45b2f24cbeda145101b2525a39ef,2017-11-01T14:45:15.000Z,0.0003,0x720398c1bed5fa491b76d5705901a6027ca217a1,buy,0xb2f7eb1f2c37645be61d73953035360e768d81e6,0x58843197ad5ce2bfaa2253b21e2242ec4dbbdf109083a4023ec37329a003e695
262,1150,0.199985,0xf06929d5f3c41ba206f1c8a5908d2791d34ccbff,2017-11-01T14:44:31.000Z,0.0001739,0x5e351a4fc2d43d7128895ab455df3e90da712c22,buy,0xb2f7eb1f2c37645be61d73953035360e768d81e6,0x00cad56e5d42e6853be99c7bcc43349aa6540c597240e9d0dcc2cae455d79799
263,0.1,0.0000245,0x6df1048c43cb45b2f24cbeda145101b2525a39ef,2017-11-01T14:42:15.000Z,0.000245,0x5fe368111745d19b92137a5a63a0802357adcedd,buy,0xb2f7eb1f2c37645be61d73953035360e768d81e6,0x239224905dc7757334601f03bb7f6ba578d990c1e03f6eebfd3fd9a513e4ae2c
264,5720,0.994708,0xf06929d5f3c41ba206f1c8a5908d2791d34ccbff,2017-11-01T14:40:53.000Z,0.0001739,0x5e351a4fc2d43d7128895ab455df3e90da712c22,buy,0xb2f7eb1f2c37645be61d73953035360e768d81e6,0xc46c571c8aa20009734e4fd9d1884740bcd5c8c1038e32316fac874f96e34a73
265,1,0.000261,0x6df1048c43cb45b2f24cbeda145101b2525a39ef,2017-11-01T14:36:56.000Z,0.000261,0x38d5b39401d0ab176a283652f08f5068a7610f6e,buy,0xb2f7eb1f2c37645be61d73953035360e768d81e6,0x66c914474f687b97895f7dd48498c978669741d230c7e4e78c87d2cc9c7cc855
266,44854.80410726747,7.405483303305752,0x945df54583eb102061f57d3b4f3e499d7acc49b7,2017-11-01T14:36:31.000Z,0.00016509899999999999,0xcb1ab94d76842a8c63ba853fe87665454f4f49b1,sell,0xb2f7eb1f2c37645be61d73953035360e768d81e6,0x441ab4cb6665f3951311076d37ba0ec5bc4c1c5c225e6faa596724421219bde6
267,1,0.00027777,0x6df1048c43cb45b2f24cbeda145101b2525a39ef,2017-11-01T14:29:15.000Z,0.00027777,0x8f30e498b46de4cb0aab8093c2858cfae337d7fe,buy,0xb2f7eb1f2c37645be61d73953035360e768d81e6,0x903ebab6bb59e921ca24e7bcec717fee4da97e769d2d402ef6ef60305d55e567
268,4000,0.68,0x676452d49226efe0e473cf3914fe0f40e7cb0b07,2017-11-01T14:28:48.000Z,0.00017,0xcb1ab94d76842a8c63ba853fe87665454f4f49b1,sell,0xb2f7eb1f2c37645be61d73953035360e768d81e6,0x06fb9dbcc57fa60e836009ef6e1e09a287cec3892d76601d86ac85f22631209f
269,5355,0.915705,0x2954ba45fb4b5ca97674dbb4104f2e98e43bdcda,2017-11-01T14:28:40.000Z,0.000171,0xcb1ab94d76842a8c63ba853fe87665454f4f49b1,sell,0xb2f7eb1f2c37645be61d73953035360e768d81e6,0xc2e8f6857d5403a3569682e3d99605b9dfb138b964ac75c3d170d5daf39f8099
270,1,0.00025499,0x6df1048c43cb45b2f24cbeda145101b2525a39ef,2017-11-01T14:05:55.000Z,0.00025499,0x1c193da9cfbe7e289bce3eb86a0f61917bc3b02f,buy,0xb2f7eb1f2c37645be61d73953035360e768d81e6,0xd8d267c7a9a5b543bc2dc93c49984db672da156f150906bf625095e1390f5027
271,1727,0.300498,0x68d0379dd417955bb091fdba3573c79de62005c3,2017-11-01T14:05:08.000Z,0.000174,0xf315d18225accafce4284762052e3ab23039d20d,sell,0xb2f7eb1f2c37645be61d73953035360e768d81e6,0x17b206100dab36dc8f3b250c81a189bad329308e3055efb908e35beafc80497e
272,1,0.000263,0x6df1048c43cb45b2f24cbeda145101b2525a39ef,2017-11-01T13:50:53.000Z,0.000263,0x38d5b39401d0ab176a283652f08f5068a7610f6e,buy,0xb2f7eb1f2c37645be61d73953035360e768d81e6,0x44cfa04b26471220273502f64748a5f46bb3b916f49022cd498e8937aa87280d
273,1200,0.2088,0x68d0379dd417955bb091fdba3573c79de62005c3,2017-11-01T13:43:01.000Z,0.000174,0xf315d18225accafce4284762052e3ab23039d20d,sell,0xb2f7eb1f2c37645be61d73953035360e768d81e6,0x2551d086632e13680846ed9bffbd8038dbe20b61da6436552cac32f125d3bee2
274,40,0.00696,0x692306857d17a8f31bb5feb17cfe765773487e66,2017-11-01T13:40:00.000Z,0.000174,0xf0d86be3bf11226bba6ed3e511360747edf891dd,buy,0xb2f7eb1f2c37645be61d73953035360e768d81e6,0x0d03a382081b7a487dc8ab04ad361d4ee8ae0c9468c0a33cd1a2d94f0654a480
275,1.9827035894328795,0.00035768171023728,0x2475fe4d7a9d7d2e7908baf6697b801596bf5148,2017-11-01T13:39:10.000Z,0.00018040099999999955,0x1d5321e125f6c7079a716705541c7b371ca79e69,sell,0xb2f7eb1f2c37645be61d73953035360e768d81e6,0x6f6bc4334b608774a126f8a142d252fa1db40098f2e0740c0d6ba6b5588db928
276,1.988651700201178,0.000346025395835005,0x1d5321e125f6c7079a716705541c7b371ca79e69,2017-11-01T13:39:10.000Z,0.000174,0xf0d86be3bf11226bba6ed3e511360747edf891dd,buy,0xb2f7eb1f2c37645be61d73953035360e768d81e6,0x6f6bc4334b608774a126f8a142d252fa1db40098f2e0740c0d6ba6b5588db928
277,50,0.00875,0xea2996b9e0375f0251563bf581ac75a93380494b,2017-11-01T13:38:28.000Z,0.000175,0x692306857d17a8f31bb5feb17cfe765773487e66,sell,0xb2f7eb1f2c37645be61d73953035360e768d81e6,0x4bb850d1a58bec605d1a84912dd24ac9d395a52e3b1ff174f90ff873409514e7
278,5860,1.01964,0x9acde673e46d9f5142cec7ae009bc4d65bae5cef,2017-11-01T13:37:35.000Z,0.000174,0x53305bfebc1c6c65bdc88362943d152dea5b061e,sell,0xb2f7eb1f2c37645be61d73953035360e768d81e6,0xa7acb4067d9f1c71ae04ad244a9bbaef9ea6b1e23ea7156bbded6711db6da4e1
279,96056.5988859825,16.713848206160957,0x2954ba45fb4b5ca97674dbb4104f2e98e43bdcda,2017-11-01T13:36:30.000Z,0.000174,0x53305bfebc1c6c65bdc88362943d152dea5b061e,sell,0xb2f7eb1f2c37645be61d73953035360e768d81e6,0x57193406451b3e607a4b5350e621728ca4403e34810ca095a4ae64da628640cf
280,1941.979862426478,0.3379044960622072,0x2954ba45fb4b5ca97674dbb4104f2e98e43bdcda,2017-11-01T13:27:50.000Z,0.000174,0x552be36440727a5811f1056f177638a0d59805d3,sell,0xb2f7eb1f2c37645be61d73953035360e768d81e6,0x8d7ff1eafefd32420030b73a340501af48f9977d9832a68b1974fe565482f8c3
281,700,0.1218,0x3b0d5161f0ae442072114dab124bc843e1ff11b7,2017-11-01T13:02:27.000Z,0.000174,0xf0d86be3bf11226bba6ed3e511360747edf891dd,buy,0xb2f7eb1f2c37645be61d73953035360e768d81e6,0x6ad985f11be2c7ab3d90590b3e7718aaf5eb499393fb47808ef8327cbeaf79f0
282,138.65080093785838,0.02412523936318736,0x2954ba45fb4b5ca97674dbb4104f2e98e43bdcda,2017-11-01T12:55:02.000Z,0.000174,0xb3296c5912cddf8af6b89deaebe2958aa8ce42d2,sell,0xb2f7eb1f2c37645be61d73953035360e768d81e6,0x5cc8389e81dd698e7df29d74e1dfbeeff7387ba688962600b066fd4d71305b56
283,661.9630431437979,0.11922616370062944,0x2475fe4d7a9d7d2e7908baf6697b801596bf5148,2017-11-01T12:39:16.000Z,0.00018010999999999998,0x273a5d3e6721b9f5c1a6474f560c1334c63dda01,sell,0xb2f7eb1f2c37645be61d73953035360e768d81e6,0x1a6359f662184c2ab8502aff13ee0e5dd9608349bb015187f112f7e55da65ddc
284,663.9549078674,0.11552815396892761,0x273a5d3e6721b9f5c1a6474f560c1334c63dda01,2017-11-01T12:39:16.000Z,0.000174,0xf0d86be3bf11226bba6ed3e511360747edf891dd,buy,0xb2f7eb1f2c37645be61d73953035360e768d81e6,0x1a6359f662184c2ab8502aff13ee0e5dd9608349bb015187f112f7e55da65ddc
285,1,0.0002428,0x6df1048c43cb45b2f24cbeda145101b2525a39ef,2017-11-01T12:38:38.000Z,0.0002428,0xc5c6489d1feefe9ae343da667945b220b0d67451,buy,0xb2f7eb1f2c37645be61d73953035360e768d81e6,0x76f05b8dc8a0ad3a8989db50ca02c2eb4e27d464f7d696d75ccbfeff7d4725d6
286,16661.888776755204,2.8991686471554052,0x2954ba45fb4b5ca97674dbb4104f2e98e43bdcda,2017-11-01T12:30:27.000Z,0.000174,0x945df54583eb102061f57d3b4f3e499d7acc49b7,sell,0xb2f7eb1f2c37645be61d73953035360e768d81e6,0x6b85554a832f8e4f6f1972ecb44fd1a4e4078a2c03ba90d30f94e7af85fe5443
287,100.88167389795565,0.01755341125824428,0x2954ba45fb4b5ca97674dbb4104f2e98e43bdcda,2017-11-01T12:24:39.000Z,0.000174,0x27c35e3d36861c7cb41d90de261d963920602510,sell,0xb2f7eb1f2c37645be61d73953035360e768d81e6,0x05af91ad15e7cb0414dcfb4160b25548066d3efff44ea1a607fa7ad0553918e7
288,460,0.08004,0x53baeee2904e326e75adea6b62cd89e3485848d4,2017-11-01T12:02:14.000Z,0.000174,0x945df54583eb102061f57d3b4f3e499d7acc49b7,buy,0xb2f7eb1f2c37645be61d73953035360e768d81e6,0xfc8a04743412d9b23cb4a4b28a5f56ba7330af69b5f0754c52649d3c9318939e
289,1295.9824543913867,0.2138371049745788,0x38f6db910aaaa2c4ba966d44012d88be2a81ba12,2017-11-01T10:52:08.000Z,0.000165,0x16dc6969d04f07a59d29ced6d04140851bbe6ded,sell,0xb2f7eb1f2c37645be61d73953035360e768d81e6,0x7012c70b0959aafebb6376bfbfbecf6e127db5fc060cbb986bd102ca3b21d0b1
290,756,0.130032,0x53baeee2904e326e75adea6b62cd89e3485848d4,2017-11-01T10:37:28.000Z,0.000172,0xc2e0ef0f0846d88b16e5545d8fe8180010ca8b6f,buy,0xb2f7eb1f2c37645be61d73953035360e768d81e6,0x004840141565ada8ca42a95ff3862d96ed7662ef6cfd330d6879847155f86386
291,2000,0.33,0xb4da07ef8d6b38eece6306392247c60269884bb9,2017-11-01T10:35:01.000Z,0.000165,0x7c18577db4a99a5716dde37fd8f08242a61b1829,sell,0xb2f7eb1f2c37645be61d73953035360e768d81e6,0x9dbe6ba648169c199bf935af1b861418c0dfd576468307b625d85a0bbcf7954d
292,1000,0.174,0x307e1218e7b34a16afa587e405c953299b25894e,2017-11-01T10:13:45.000Z,0.000174,0x945df54583eb102061f57d3b4f3e499d7acc49b7,buy,0xb2f7eb1f2c37645be61d73953035360e768d81e6,0x9423d078a685262b7a667df22039e2bff36e6cdcbbf0dfeeb810ff429c78989c
293,570.369,0.095821992,0xa96d862fd754317cbf3ae83bd85109839ae7e315,2017-11-01T10:06:18.000Z,0.000168,0xac5c1e82b614ca8c022577a857c9f6354911f900,sell,0xb2f7eb1f2c37645be61d73953035360e768d81e6,0xbc5bc0e74622d96523e7eb1aeed65f9f0d775d4f9ef992e4db9ff465356c3939
294,58823,9.99991,0xed2fd9b1bbb02a4cfa167942f771f7cfb522a0e6,2017-11-01T10:00:21.000Z,0.00017,0xf315d18225accafce4284762052e3ab23039d20d,sell,0xb2f7eb1f2c37645be61d73953035360e768d81e6,0x3ec6792215bb3bc6c55b5da5d133232453c3ccb56fa2f43d13c004675a2e425c
295,100000,17,0x7d608a751ce84759e3de1a2906fa5e40db554020,2017-11-01T09:53:28.000Z,0.00017,0xcb1ab94d76842a8c63ba853fe87665454f4f49b1,sell,0xb2f7eb1f2c37645be61d73953035360e768d81e6,0xb99b6d61ac78d45cadfb1221daf144d74d5fd04bd77c861d74402e111f6e8e31
296,115,0.02001,0xc1de3be12661804d9399ded4211cc4b30c98285e,2017-11-01T09:44:03.000Z,0.000174,0x945df54583eb102061f57d3b4f3e499d7acc49b7,buy,0xb2f7eb1f2c37645be61d73953035360e768d81e6,0x85da0353bd366d33d933f71bde2fec4dbfac9fc5694a92da6e3c34d5c84601a4
297,263.35,0.0447700267,0xf7acb513db07d10c3e82b8e8aef501054655f714,2017-11-01T08:57:36.000Z,0.000170002,0x945df54583eb102061f57d3b4f3e499d7acc49b7,sell,0xb2f7eb1f2c37645be61d73953035360e768d81e6,0x8e1076680adc705a3cdeeaf6ff3a534f13f7219118d2af44764cb4320a9c6ba8
298,500,0.0835,0x23e631a8a59f8a59804359c99e839da0822a4b37,2017-11-01T08:50:26.000Z,0.000167,0x4c1146b2730562be9e27225d332b426af2c0f0e3,sell,0xb2f7eb1f2c37645be61d73953035360e768d81e6,0x581514025403178ccd5e01d469aa71e6f3b6231d9ea60124e7ca9c2ed1174bc4
299,7000,1.169,0x1cb5f0297eab6b1a27351c1314b5bc74ee720aa0,2017-11-01T08:48:30.000Z,0.000167,0x4c1146b2730562be9e27225d332b426af2c0f0e3,sell,0xb2f7eb1f2c37645be61d73953035360e768d81e6,0x21d8e30aa942722b35edca0ea1bd6209ef9f9a92e6f762d9bc76cc026bee7ffd
300,11997,2.015496,0xf2b05f8a997dd2ff4af0f6720baf0371b7718b48,2017-11-01T08:48:04.000Z,0.000168,0x4c1146b2730562be9e27225d332b426af2c0f0e3,sell,0xb2f7eb1f2c37645be61d73953035360e768d81e6,0xc37a219241f10d63d1629f071c48c0e4d2794a921e1c5dda0d9d178f4a1fc133
301,10642.877,1.80950194754,0xf7acb513db07d10c3e82b8e8aef501054655f714,2017-11-01T08:43:32.000Z,0.00017002,0x4c1146b2730562be9e27225d332b426af2c0f0e3,sell,0xb2f7eb1f2c37645be61d73953035360e768d81e6,0x0c03b6ee4eb1230602bcd8f502016a88874e44a09f5eb5d278edca6415db6757
302,5880,0.9997764,0x7d608a751ce84759e3de1a2906fa5e40db554020,2017-11-01T08:43:03.000Z,0.00017003,0x4c1146b2730562be9e27225d332b426af2c0f0e3,sell,0xb2f7eb1f2c37645be61d73953035360e768d81e6,0x90a510d09291dfd5ed8aa2603d7451e66f422a43d2d8ac46adeeb3817b79d965
303,700,0.119028,0x34b62809df67ca50355e34c62035f0f349e001c7,2017-11-01T08:42:50.000Z,0.00017004,0x4c1146b2730562be9e27225d332b426af2c0f0e3,sell,0xb2f7eb1f2c37645be61d73953035360e768d81e6,0xce91837db5b0175e6002ae8034dc48fb094ec86ac345913b799c7f71c6f5b25d
304,44590,7.5816377,0x7d608a751ce84759e3de1a2906fa5e40db554020,2017-11-01T08:42:50.000Z,0.00017003,0x4c1146b2730562be9e27225d332b426af2c0f0e3,sell,0xb2f7eb1f2c37645be61d73953035360e768d81e6,0x5cd688010698b6f06b6f3278498a10fc06a58209f9549a2282e728dfc7b58f02
305,3000,0.528,0x2ac3fb32a96dd7ddf2d2a197c69c981101d2dbc9,2017-11-01T08:28:22.000Z,0.000176,0x945df54583eb102061f57d3b4f3e499d7acc49b7,buy,0xb2f7eb1f2c37645be61d73953035360e768d81e6,0xdf72ab89ff94abe2219b98f462fca010a6587d8fdc33d467b03c0a958b18e752
306,4376.3490084828945,0.7780175674698,0xf7bc4e2c7c7e42d808ce3b510ae6d06e887eff7d,2017-11-01T08:17:56.000Z,0.00017777777,0x6d2f27149fbf6c559008e95ede61ff20f3e4b847,sell,0xb2f7eb1f2c37645be61d73953035360e768d81e6,0xb4bdeaa50b1a874b601038f8367b1c1710dea6beafe7a92fb0174a9d24e6e97a
307,4389.5175611663935,0.7725550907652853,0x6d2f27149fbf6c559008e95ede61ff20f3e4b847,2017-11-01T08:17:56.000Z,0.000176,0x945df54583eb102061f57d3b4f3e499d7acc49b7,buy,0xb2f7eb1f2c37645be61d73953035360e768d81e6,0xb4bdeaa50b1a874b601038f8367b1c1710dea6beafe7a92fb0174a9d24e6e97a
308,3965.2862189058565,0.6978903745274307,0x21acad6e80d4f8473e66cd46d7b2f4e268b63552,2017-11-01T08:04:37.000Z,0.000176,0x945df54583eb102061f57d3b4f3e499d7acc49b7,buy,0xb2f7eb1f2c37645be61d73953035360e768d81e6,0xd8ddad19675af4e0156dfb696f1f99d92fc8791247f21da8fc40228d04939810
309,857.1225828513008,0.14572798153637814,0xf7acb513db07d10c3e82b8e8aef501054655f714,2017-11-01T08:02:58.000Z,0.00017002,0xe772fd7c870306f7cc093a7bcc99687c123719e7,sell,0xb2f7eb1f2c37645be61d73953035360e768d81e6,0xb3d134a6b45efcfe4844e9e6177710b308543662a3ac780e8ce1c7bf37b0cfdf
310,5433.918581397667,0.9400679145817964,0xa96d862fd754317cbf3ae83bd85109839ae7e315,2017-11-01T08:01:41.000Z,0.00017299999999999998,0xe772fd7c870306f7cc093a7bcc99687c123719e7,sell,0xb2f7eb1f2c37645be61d73953035360e768d81e6,0x944eb066547b0aa09ca3fee82f3bca9ccf610f125c8cda3a40ef4146ca6db445
311,1500,0.2595015,0x36ae02c0a243c1021d9b9bd675802bf49c4162df,2017-11-01T07:54:57.000Z,0.000173001,0xf315d18225accafce4284762052e3ab23039d20d,sell,0xb2f7eb1f2c37645be61d73953035360e768d81e6,0x30645c769d70fc9722cdca134cba78356f55b22ad8f8f66935b914cdf4434fef
312,1.726,0.000306844828,0x14aae375993ba1152f425e39b44d7e06adeb493d,2017-11-01T07:49:33.000Z,0.000177778,0x3061fca16bcc1dc07c7732a890f172b8e0d29b2b,buy,0xb2f7eb1f2c37645be61d73953035360e768d81e6,0xdd20b8d24065ae1ddee79c15938284ce8ab0d6e8be66974e88de8793688ee993
313,4375.392554082345,0.7569429118562456,0xa96d862fd754317cbf3ae83bd85109839ae7e315,2017-11-01T07:47:45.000Z,0.00017299999999999998,0x4cfad443ed8a309e329caf9bdd5f0dee4d15acac,sell,0xb2f7eb1f2c37645be61d73953035360e768d81e6,0xc7b41f827f783bc9348a51cb4d55fdb837015d4f46724018930efd96dc16fcc1
314,1190.688864519988,0.20598917356195792,0xa96d862fd754317cbf3ae83bd85109839ae7e315,2017-11-01T07:47:12.000Z,0.00017299999999999998,0xaacb1d6bc66184dd9ed0482c20219bc67e45d457,sell,0xb2f7eb1f2c37645be61d73953035360e768d81e6,0x496bd52d60d5e7c56f1ea590bdc75391efa0d9cefdb9a717590b32c2213b1806
315,35693.73682308027,6.345552935374094,0xf7bc4e2c7c7e42d808ce3b510ae6d06e887eff7d,2017-11-01T07:44:23.000Z,0.00017777777,0xf315d18225accafce4284762052e3ab23039d20d,sell,0xb2f7eb1f2c37645be61d73953035360e768d81e6,0x270ecd3879aee1b17f5acb6444488714341f226e166d2c573012983e02f8f40a
316,75,0.0144,0xd401b223b669b6807f744496f07225022db15337,2017-11-01T07:33:30.000Z,0.000192,0xaaa14e4fdc73a500f28da6c905992b70618a94d7,buy,0xb2f7eb1f2c37645be61d73953035360e768d81e6,0xb8d2f43d6ff158e5910a054290270bfbaf185b9aa685987ddd3cbb75c7f85cc2
317,199.99364636501826,0.039819134978567865,0xd401b223b669b6807f744496f07225022db15337,2017-11-01T07:31:37.000Z,0.000199102,0x5cc2072740d99c150b6815eccc05c8b6bcd466b7,buy,0xb2f7eb1f2c37645be61d73953035360e768d81e6,0xce71cc34409453553eb8e0802666bae28cc3c7c1067763dcfc6310552021728d
318,1118.3789,0.2225574011,0xd401b223b669b6807f744496f07225022db15337,2017-11-01T07:20:37.000Z,0.000199,0x0ffffa6ce80eee2139e8b4c76a5a210dff49a48c,buy,0xb2f7eb1f2c37645be61d73953035360e768d81e6,0x07a479e683757b0c4588858e0ad92a4c9b6011c1c124826d5059762f1d11516c
319,2982.999593259036,0.581684920685512,0xd401b223b669b6807f744496f07225022db15337,2017-11-01T07:20:17.000Z,0.000195,0x945df54583eb102061f57d3b4f3e499d7acc49b7,buy,0xb2f7eb1f2c37645be61d73953035360e768d81e6,0xdb1abbcc069b66cfe60f50352df327c5feeecdf104187197099c5e639461446f
320,49.84564410912945,0.00886144745393467,0xf7bc4e2c7c7e42d808ce3b510ae6d06e887eff7d,2017-11-01T07:13:58.000Z,0.00017777777,0x29949ca1e2480c9989c50198aba448051ffb69aa,sell,0xb2f7eb1f2c37645be61d73953035360e768d81e6,0x2d08e6c5e2924952c2e1aa89c5277c051e87cd34e58b5fe9adaf1dc916bd813b
321,1.6560586775585888,0.000308126277546551,0xf7bc4e2c7c7e42d808ce3b510ae6d06e887eff7d,2017-11-01T07:12:21.000Z,0.00018606,0x29949ca1e2480c9989c50198aba448051ffb69aa,sell,0xb2f7eb1f2c37645be61d73953035360e768d81e6,0x4a50b37c77a0d7385d9568aa8930510434b72c5290c58a2bd9ebf1791738bba3
322,16611.924594590204,2.9532309098344003,0xf7bc4e2c7c7e42d808ce3b510ae6d06e887eff7d,2017-11-01T07:11:46.000Z,0.00017777777,0x29949ca1e2480c9989c50198aba448051ffb69aa,sell,0xb2f7eb1f2c37645be61d73953035360e768d81e6,0x4865ff512799bbf65462354a944589c803810883b02c4f1f933bb810183db428
323,2114.4918859938316,0.39342236030801225,0xf7bc4e2c7c7e42d808ce3b510ae6d06e887eff7d,2017-11-01T07:10:46.000Z,0.00018606,0x6d2f27149fbf6c559008e95ede61ff20f3e4b847,sell,0xb2f7eb1f2c37645be61d73953035360e768d81e6,0x438b3ee5b128bef37671f2d04e2aa4b6b0277104af7ee6e53e754fa6d7842a6b
324,2120.854449341857,0.38175380088153427,0x6d2f27149fbf6c559008e95ede61ff20f3e4b847,2017-11-01T07:10:46.000Z,0.00018,0x945df54583eb102061f57d3b4f3e499d7acc49b7,buy,0xb2f7eb1f2c37645be61d73953035360e768d81e6,0x438b3ee5b128bef37671f2d04e2aa4b6b0277104af7ee6e53e754fa6d7842a6b
325,683.839,0.13448377774,0xf7bc4e2c7c7e42d808ce3b510ae6d06e887eff7d,2017-11-01T07:10:15.000Z,0.00019666,0x29949ca1e2480c9989c50198aba448051ffb69aa,sell,0xb2f7eb1f2c37645be61d73953035360e768d81e6,0xfa4be95e72ebaf0da0622900c6a29ccc4b590efc4c5fb86721d33d3b1eba9421
326,11456.757912197367,2.1316443771434423,0xf7bc4e2c7c7e42d808ce3b510ae6d06e887eff7d,2017-11-01T07:10:15.000Z,0.00018606,0x422d7c1f2f04e7582163d1381a436516f4de3c2a,sell,0xb2f7eb1f2c37645be61d73953035360e768d81e6,0x7e0b2b515839897a481c94115878ecf58c6ffccdee10b6b8fd3c4361affa0960
327,11422.387638460776,2.1252494440120118,0xf7bc4e2c7c7e42d808ce3b510ae6d06e887eff7d,2017-11-01T07:10:15.000Z,0.00018606,0x6d2f27149fbf6c559008e95ede61ff20f3e4b847,sell,0xb2f7eb1f2c37645be61d73953035360e768d81e6,0xb8f08f3092999b3e7c5b36847da683a697ec42b44830f1e17fef597244674fd7
328,11456.757912197367,2.062216424195526,0x6d2f27149fbf6c559008e95ede61ff20f3e4b847,2017-11-01T07:10:15.000Z,0.00018,0x945df54583eb102061f57d3b4f3e499d7acc49b7,buy,0xb2f7eb1f2c37645be61d73953035360e768d81e6,0xb8f08f3092999b3e7c5b36847da683a697ec42b44830f1e17fef597244674fd7
329,11502.584943846154,2.070465289892308,0x422d7c1f2f04e7582163d1381a436516f4de3c2a,2017-11-01T07:10:15.000Z,0.00018,0x945df54583eb102061f57d3b4f3e499d7acc49b7,buy,0xb2f7eb1f2c37645be61d73953035360e768d81e6,0x7e0b2b515839897a481c94115878ecf58c6ffccdee10b6b8fd3c4361affa0960
330,27552.575684623007,4.739043017755157,0x8d76fe9b4a9b4d391872a9e53d60a1bf3b0ce832,2017-11-01T07:08:34.000Z,0.00017199999999999998,0x29949ca1e2480c9989c50198aba448051ffb69aa,sell,0xb2f7eb1f2c37645be61d73953035360e768d81e6,0x10bd0c2f12d06495124dadb84c689a0e3b19ddd1126385246717bce2be842340
331,10.76316494333621,0.001851264370253828,0x8d76fe9b4a9b4d391872a9e53d60a1bf3b0ce832,2017-11-01T07:08:16.000Z,0.00017199999999999998,0x60684dfb5e9d6d43ac11d3cf95860a3e86ebc336,sell,0xb2f7eb1f2c37645be61d73953035360e768d81e6,0x059a6e6a8d8c17474beeae63bb311790b1083deaf5cdc84d0edd2ca24024299a
332,1788.6611504336556,0.3076497178745888,0x8d76fe9b4a9b4d391872a9e53d60a1bf3b0ce832,2017-11-01T07:04:44.000Z,0.00017199999999999998,0xdb7c7c7f6ce956c5a6c8e0fbbc9b3ca71b9a8c17,sell,0xb2f7eb1f2c37645be61d73953035360e768d81e6,0x1e88a5d07e9dcfd8d9e132f83346ee43b83306c425583e8da4dd71f0319aaa06
333,2598,0.449454,0x6d617006fc0fd60be2917f1fc49e055a42288bb1,2017-11-01T07:03:01.000Z,0.000173,0xdb7c7c7f6ce956c5a6c8e0fbbc9b3ca71b9a8c17,sell,0xb2f7eb1f2c37645be61d73953035360e768d81e6,0x397a369dafbd7f5214037d08ed88bd246a2ad2f15742f0fb2ff650a1e3c50e58
334,10030,1.8054,0x39dc3f7adc8cad2b03c831c7771a25d4fb99021e,2017-11-01T06:56:10.000Z,0.00018,0x945df54583eb102061f57d3b4f3e499d7acc49b7,buy,0xb2f7eb1f2c37645be61d73953035360e768d81e6,0x595702742393757432819e371e0a9d23edea35dc819b5b0a69b8ab4004557cc2
335,10000,1.84,0xf315d18225accafce4284762052e3ab23039d20d,2017-11-01T06:56:10.000Z,0.000184,0x39dc3f7adc8cad2b03c831c7771a25d4fb99021e,sell,0xb2f7eb1f2c37645be61d73953035360e768d81e6,0x595702742393757432819e371e0a9d23edea35dc819b5b0a69b8ab4004557cc2
336,58006.63,9.98323105615,0x945df54583eb102061f57d3b4f3e499d7acc49b7,2017-11-01T06:48:55.000Z,0.000172105,0xf315d18225accafce4284762052e3ab23039d20d,sell,0xb2f7eb1f2c37645be61d73953035360e768d81e6,0xfd7bd479dc25347e17430444f58ada32d5c7966041f3aefe3aa61a1c1b9f4102
337,303.1579293874902,0.05223411123346456,0xe5f961354b580dbebcee62ecbea01f1e0c9489a3,2017-11-01T06:40:13.000Z,0.0001723,0xf315d18225accafce4284762052e3ab23039d20d,sell,0xb2f7eb1f2c37645be61d73953035360e768d81e6,0x7075966b915a06cf503d7ccebfcf98bfec3b2a4de238a946f71a8683bf39a098
338,599.3646169036901,0.10345033287757692,0xbfbdd7f780e8f8185051642cca63bdf74727e167,2017-11-01T06:40:07.000Z,0.0001726,0xf315d18225accafce4284762052e3ab23039d20d,sell,0xb2f7eb1f2c37645be61d73953035360e768d81e6,0x51b2448d259fb92eb81f0f0643a0a0c2527f9ef01c088990fbed259187b51162
339,6993.369600973922,1.2035938751756168,0x945df54583eb102061f57d3b4f3e499d7acc49b7,2017-11-01T06:38:31.000Z,0.00017210499999999998,0x873071d7618ad2e1d8e7bce2c1d580e72f416d85,sell,0xb2f7eb1f2c37645be61d73953035360e768d81e6,0xa8ae469908f252ec93302144534b9c32f2a3e7e3471dcd8446d2ad9ea30e5cb0
340,3000,0.519003,0xa781b762dcb8020a640a1d8a6193df7b7e7cb6d2,2017-11-01T06:37:53.000Z,0.000173001,0x873071d7618ad2e1d8e7bce2c1d580e72f416d85,sell,0xb2f7eb1f2c37645be61d73953035360e768d81e6,0xe6fdabecdfebc7a7e3b150b79194c55e2b15d78fcd848cf88029354c1ad38c1c
341,47700,8.22825,0x07bf6e4fe7cf313eee90ee2e15803e014b38b3de,2017-11-01T06:36:38.000Z,0.0001725,0x873071d7618ad2e1d8e7bce2c1d580e72f416d85,sell,0xb2f7eb1f2c37645be61d73953035360e768d81e6,0xf3d280b6ba34ef9072f4df4662ca7fe6de50de1b52b206846020b0cc26b975e2
342,2126.472,0.367879656,0xa781b762dcb8020a640a1d8a6193df7b7e7cb6d2,2017-11-01T06:36:38.000Z,0.000173,0x873071d7618ad2e1d8e7bce2c1d580e72f416d85,sell,0xb2f7eb1f2c37645be61d73953035360e768d81e6,0x568e97cfde79131529d9715f41ffcdf1b71748f654de27603eb9c4cb4b3078a8
343,320,0.0592,0x7b1b4a2e1652fc6e4f09d906fc9b2a0ca0b83971,2017-11-01T05:47:39.000Z,0.000185,0x29949ca1e2480c9989c50198aba448051ffb69aa,buy,0xb2f7eb1f2c37645be61d73953035360e768d81e6,0xa44286193b9f142c630bd9600d862c6dadf30e706ffff23cac5624db3487b555
344,0.6353830963098539,0.00010966712242308,0xbfbdd7f780e8f8185051642cca63bdf74727e167,2017-11-01T05:27:10.000Z,0.00017259999999999875,0xe80239917c8319f7f6b4f53c3528d723d58b073d,sell,0xb2f7eb1f2c37645be61d73953035360e768d81e6,0xce79452a303cc621a2f1b3c6c6c6e922b7ef31231e6150fa771bf742a31a20d8
345,6373.527839084145,1.102620316161557,0xa781b762dcb8020a640a1d8a6193df7b7e7cb6d2,2017-11-01T05:26:45.000Z,0.00017299999999999998,0xe80239917c8319f7f6b4f53c3528d723d58b073d,sell,0xb2f7eb1f2c37645be61d73953035360e768d81e6,0xc4cc2ffdc30bdc47adce20f83c5cc1173c0048ee3271062a8e6195e275df09c1
346,18486.371,3.1907476346,0x1eaa18a0e964d346f2b5182be3f97d7aab5145b9,2017-11-01T05:24:25.000Z,0.0001726,0xe80239917c8319f7f6b4f53c3528d723d58b073d,sell,0xb2f7eb1f2c37645be61d73953035360e768d81e6,0x6eca197fb1e21d4cfb1fc8d05ba6ed2721b41958293c1d9c30334fdf77d5fedd
347,7020.023853055528,1.2117263172759147,0x3833f8dbdbd6bdcb6a883ff209b869148965b364,2017-11-01T05:24:17.000Z,0.00017261,0xe80239917c8319f7f6b4f53c3528d723d58b073d,sell,0xb2f7eb1f2c37645be61d73953035360e768d81e6,0xafcf00fd443bffae80089063ea0384183660fb8232936b7ad817dc112c8b1d2c
348,23.729,0.004280735329,0x2475fe4d7a9d7d2e7908baf6697b801596bf5148,2017-11-01T05:22:28.000Z,0.000180401,0xe80239917c8319f7f6b4f53c3528d723d58b073d,sell,0xb2f7eb1f2c37645be61d73953035360e768d81e6,0x700e812f8e5002e44cec024d516705fb824d97eb8ffaf9b48f8645b09984f169
349,0.7955314671462937,0.000143514672204658,0x2475fe4d7a9d7d2e7908baf6697b801596bf5148,2017-11-01T05:16:30.000Z,0.00018040099999999933,0x8e844b89e94bc8b3b5d88a6234f93c7fd308ae31,sell,0xb2f7eb1f2c37645be61d73953035360e768d81e6,0x76e129fcbacdba938506e822fdbbd439427963db3f50423ecc2f1abdde17b813
350,7979.976146944472,1.3774236827240853,0x3833f8dbdbd6bdcb6a883ff209b869148965b364,2017-11-01T05:14:59.000Z,0.00017261,0x8e844b89e94bc8b3b5d88a6234f93c7fd308ae31,sell,0xb2f7eb1f2c37645be61d73953035360e768d81e6,0x9442dcabd5dae713e6315c957c4b6e457ec7ce706e329c58c5c8f2800ae1eeef
351,228,0.0399456,0x86494a9ffdae7403988c88a9a7ae05e4c229e4e9,2017-11-01T05:12:52.000Z,0.0001752,0x8e844b89e94bc8b3b5d88a6234f93c7fd308ae31,sell,0xb2f7eb1f2c37645be61d73953035360e768d81e6,0x584eae4400dd603cdddbf008537b43df3a6f0851eec03ac21859e9816fd76fe7
352,255,0.0459,0xc2bbaec315cb43b843116e74bbac595083a3155f,2017-11-01T05:12:15.000Z,0.00018,0x8e844b89e94bc8b3b5d88a6234f93c7fd308ae31,sell,0xb2f7eb1f2c37645be61d73953035360e768d81e6,0x7bf9a3090241583e6e82c4f100bfd544964cafc695b5772e2d81945226a264ed
353,509.309,0.09168071309,0xc1de3be12661804d9399ded4211cc4b30c98285e,2017-11-01T05:12:01.000Z,0.00018001,0x8e844b89e94bc8b3b5d88a6234f93c7fd308ae31,sell,0xb2f7eb1f2c37645be61d73953035360e768d81e6,0x8487aa00a043744e819a8cd5f38a1e805270e605e6fa1c95b77672ab232633c7
354,31513.628645199882,5.439252304161499,0x1eaa18a0e964d346f2b5182be3f97d7aab5145b9,2017-11-01T05:09:04.000Z,0.0001726,0x9da7ad646dc636de4bbc54ece8723a2bc346ca36,sell,0xb2f7eb1f2c37645be61d73953035360e768d81e6,0x3907eeb5f493eec957787fe5a3dfc0fe1c04c8df871ab4648b4a822719816bcd
355,21400,3.7664,0xe5f961354b580dbebcee62ecbea01f1e0c9489a3,2017-11-01T05:07:11.000Z,0.000176,0x9da7ad646dc636de4bbc54ece8723a2bc346ca36,sell,0xb2f7eb1f2c37645be61d73953035360e768d81e6,0xfbc3a086b896e8af9f925833ef119f088b62d7c49d27ec5500b6c29208e789cc
356,1000,0.177,0xbe46dbbc1e3dafd0cbda9f40f0839d7aa4e8d659,2017-11-01T05:06:54.000Z,0.000177,0x9da7ad646dc636de4bbc54ece8723a2bc346ca36,sell,0xb2f7eb1f2c37645be61d73953035360e768d81e6,0x7b760d8be4300640f2ec4a0b685c531d0339928a4609b7e18241c9b35250f17b
357,750,0.1350225,0x4304638106f6a6998c79dfcb8315120f8ab96111,2017-11-01T05:06:54.000Z,0.00018003,0x9da7ad646dc636de4bbc54ece8723a2bc346ca36,sell,0xb2f7eb1f2c37645be61d73953035360e768d81e6,0xaeaf2984ff1dcbeba3ae53f88b8646234065e891aaf58702a7cab4501837fe6b
358,400,0.07208,0x23a0ee304fa9ca5782d4f53a5240cd545eed56c2,2017-11-01T05:06:54.000Z,0.0001802,0x9da7ad646dc636de4bbc54ece8723a2bc346ca36,sell,0xb2f7eb1f2c37645be61d73953035360e768d81e6,0x03ad49e457c08a8a24ddf8ce809f6de5bd3b04573c4a2dba81073d3c5344f832
359,500,0.0902,0x2df6164de2463b81b0266545566b3b1ae7f3ef7e,2017-11-01T05:06:54.000Z,0.0001804,0x9da7ad646dc636de4bbc54ece8723a2bc346ca36,sell,0xb2f7eb1f2c37645be61d73953035360e768d81e6,0x6d0a3f06dd3c23203a9e84526a4b325ab636d67b1ed09c6230261d9c383eee77
360,275.702,0.049736916502,0x2475fe4d7a9d7d2e7908baf6697b801596bf5148,2017-11-01T05:06:18.000Z,0.000180401,0x9da7ad646dc636de4bbc54ece8723a2bc346ca36,sell,0xb2f7eb1f2c37645be61d73953035360e768d81e6,0x5325dcba4eb904f5144126c61de17e7ae6348541154d59717a5e02bb2dbed35f
361,1100.243,0.199143983,0xa781b762dcb8020a640a1d8a6193df7b7e7cb6d2,2017-11-01T05:05:01.000Z,0.000181,0x4cfad443ed8a309e329caf9bdd5f0dee4d15acac,sell,0xb2f7eb1f2c37645be61d73953035360e768d81e6,0xf12ac2bede6a816aabb615a16648f75033eee271bc16edfa68065db28fa491ce
362,99.75677170952481,0.01805597567942399,0xa781b762dcb8020a640a1d8a6193df7b7e7cb6d2,2017-11-01T04:45:57.000Z,0.00018099999999999998,0xf786d0aca37d4965c2929cacee16ad42d7cf9bab,sell,0xb2f7eb1f2c37645be61d73953035360e768d81e6,0x071c7a6889aa31a6dc908afa574687aa0bb80f14b3a5793d48c2821d8ad1aa45
363,5350,0.98975,0xfbf7ec31b5e3fd8f82f59e1846e1e04107e5caf3,2017-11-01T04:37:14.000Z,0.000185,0x29949ca1e2480c9989c50198aba448051ffb69aa,buy,0xb2f7eb1f2c37645be61d73953035360e768d81e6,0x090531583d4a7f3734f08b62b3084be365ccce2d68077483d5a824c9102b8d70
364,7000,1.295,0x4b73aeb1a1aaf1b1f89b512f8d8bd4d738bf6cde,2017-11-01T03:23:02.000Z,0.000185,0xfc9793c6c5d2cafadd26fe8fa9458275434b4346,buy,0xb2f7eb1f2c37645be61d73953035360e768d81e6,0x46611be11de9aa2d9f0dc14b9e18298958f1d170b1b00640cd025aafb4870d35
365,19010.060723091192,3.497851173048779,0x4b73aeb1a1aaf1b1f89b512f8d8bd4d738bf6cde,2017-11-01T03:19:13.000Z,0.000184,0xfc9793c6c5d2cafadd26fe8fa9458275434b4346,buy,0xb2f7eb1f2c37645be61d73953035360e768d81e6,0x04720cb9f683f1e6e4367de8cc40dadc5aafc7fdb79fa8d9d2d9290e8223e656
366,23998,4.391634,0x4b73aeb1a1aaf1b1f89b512f8d8bd4d738bf6cde,2017-11-01T03:15:47.000Z,0.000183,0xf0d86be3bf11226bba6ed3e511360747edf891dd,buy,0xb2f7eb1f2c37645be61d73953035360e768d81e6,0xec68fd3520674bab0b4e0c28b0355ebf51eb92b9dca628fde362d35fd83b8c9a
367,1,0.000183,0xe2b48b3dd0b33283b4802e63e65518f27e635054,2017-11-01T03:13:31.000Z,0.000183,0xf0d86be3bf11226bba6ed3e511360747edf891dd,buy,0xb2f7eb1f2c37645be61d73953035360e768d81e6,0xc515eb7fb31d379cd9faacf4ef17ae32af90a5376090efc854cab8ed0d182ddf
368,1,0.000183,0xed2ca7381d82f8fb9bcc54ea6ab6526e35aece25,2017-11-01T03:13:31.000Z,0.000183,0xf0d86be3bf11226bba6ed3e511360747edf891dd,buy,0xb2f7eb1f2c37645be61d73953035360e768d81e6,0x15f1b717a913ffd24c2fb9d7acc69870450fc4520fc3bc8125009c3d51bc038b
369,36997,6.7667513,0x4b73aeb1a1aaf1b1f89b512f8d8bd4d738bf6cde,2017-11-01T03:10:55.000Z,0.0001829,0x8ff74d8e18c7d1536215b4b1630e55b28905ce41,buy,0xb2f7eb1f2c37645be61d73953035360e768d81e6,0xeab7fe2ef8e9a3d3e7e265187b63712ff3ab540e4583a41136d9335a6701df65
370,3,0.0005487,0x8ed0bb52eac702619d19a7629d5c7637ab905cef,2017-11-01T02:57:17.000Z,0.0001829,0x8ff74d8e18c7d1536215b4b1630e55b28905ce41,buy,0xb2f7eb1f2c37645be61d73953035360e768d81e6,0x26506de448c7703f468814c83bf6ddd7a0132c7d82b837603130b3982306e5f1
371,30989.939276908808,5.702148826951221,0x4b73aeb1a1aaf1b1f89b512f8d8bd4d738bf6cde,2017-11-01T02:54:38.000Z,0.000184,0xfc9793c6c5d2cafadd26fe8fa9458275434b4346,buy,0xb2f7eb1f2c37645be61d73953035360e768d81e6,0x17f404e8d8a73b54ae4df424f09c2b8e337592623e53b725fc6bbd8363908d86
372,5556.204,1.00011672,0x57b8de75110c4eb4a7b772bbe35f9277c9dfb151,2017-11-01T02:52:56.000Z,0.00018,0xfc9793c6c5d2cafadd26fe8fa9458275434b4346,sell,0xb2f7eb1f2c37645be61d73953035360e768d81e6,0xc8b45c15ed3d3e1cd039cc70c21bdcf0cdd06d389a4d89c3b9638e9856f32f2d
373,29997.219745447488,5.4003994707729115,0x4b73aeb1a1aaf1b1f89b512f8d8bd4d738bf6cde,2017-11-01T02:47:24.000Z,0.00018003,0x8ff74d8e18c7d1536215b4b1630e55b28905ce41,buy,0xb2f7eb1f2c37645be61d73953035360e768d81e6,0x4109374d848468ecf84526765c41d2576063ad1c7d7fa7bdd9b55d147105b658
374,68600,12.348686,0x4b73aeb1a1aaf1b1f89b512f8d8bd4d738bf6cde,2017-11-01T02:42:03.000Z,0.00018001,0xfc9793c6c5d2cafadd26fe8fa9458275434b4346,buy,0xb2f7eb1f2c37645be61d73953035360e768d81e6,0x58df3bcaddc4dbfe1f78432de4f2f53b8246ede694a60d69facf87a7bbbb4055
375,16800,3.024,0x4b73aeb1a1aaf1b1f89b512f8d8bd4d738bf6cde,2017-11-01T02:41:44.000Z,0.00018,0x8ff74d8e18c7d1536215b4b1630e55b28905ce41,buy,0xb2f7eb1f2c37645be61d73953035360e768d81e6,0x8bc57a85627b0e1e0449d17123254f4b3c7f9c3785de2059ebe7bc17200b7eda
376,3200,0.576,0xa781b762dcb8020a640a1d8a6193df7b7e7cb6d2,2017-11-01T02:37:47.000Z,0.00018,0x8ff74d8e18c7d1536215b4b1630e55b28905ce41,buy,0xb2f7eb1f2c37645be61d73953035360e768d81e6,0x827421b68081ddb2333497791cda572e9266a8ab29db6407b7d68ae667ebff97
377,8730,1.5714873,0x57b8de75110c4eb4a7b772bbe35f9277c9dfb151,2017-11-01T02:37:30.000Z,0.00018001,0xfc9793c6c5d2cafadd26fe8fa9458275434b4346,sell,0xb2f7eb1f2c37645be61d73953035360e768d81e6,0xe8bdca86c8060ae7d18e4532f8560ceeec1ea1a8652ea4056c7c78174f275c39
378,1400,0.252014,0xb144b693dadc1179e1c4be75cf5f23d38ce38c1a,2017-11-01T02:32:56.000Z,0.00018001,0xfc9793c6c5d2cafadd26fe8fa9458275434b4346,buy,0xb2f7eb1f2c37645be61d73953035360e768d81e6,0x86dc586aa327196a8e752cee533ea6463f33d10eb882519e5d22d2a9a87b53a7
379,1100,0.19822,0x14aae375993ba1152f425e39b44d7e06adeb493d,2017-11-01T02:30:48.000Z,0.0001802,0x61f484f7b79d82aa4b5cb5108981c0d89aafe3da,sell,0xb2f7eb1f2c37645be61d73953035360e768d81e6,0x3a45426b69e6f09c5987e1db51a4ddd96a71fc4d157c38c20fbb936b9a710fdc
380,5500,0.990165,0xa781b762dcb8020a640a1d8a6193df7b7e7cb6d2,2017-11-01T02:28:55.000Z,0.00018003,0x8ff74d8e18c7d1536215b4b1630e55b28905ce41,buy,0xb2f7eb1f2c37645be61d73953035360e768d81e6,0xa1abdb5730e8e3f9969586d0049f28466d4749fd3d24be88a93c68815f8c665d
381,4377,0.78794754,0x9e24f1c7bf1ccc912666314eccb3477aca42ae46,2017-11-01T02:24:34.000Z,0.00018002,0xfc9793c6c5d2cafadd26fe8fa9458275434b4346,sell,0xb2f7eb1f2c37645be61d73953035360e768d81e6,0x8f6a017ba4c75f9b65f081e7538890472b2277bfe87d00935e8d051f1f6e7134
