,amount,amountBase,buyer,date,price,seller,side,tokenAddr,txHash
0,21.978865516897617,0.013846685275645499,0xee02095f350042bfe8a981a82246516653bc4858,2017-11-02T15:19:40.000Z,0.0006299999999999999,0x5f19b49693f2c537226c1c75ae0f2881795e43cd,sell,0xe26517a9967299453d3f1b48aa005e6127e67210,0x76573d737ac2e33e2c14643bfd71d1374502bd8b36b20364e40febc608fea78e
1,19.606671961918053,0.012352203336008375,0xee02095f350042bfe8a981a82246516653bc4858,2017-11-02T14:08:08.000Z,0.00063,0xf75e1b6f5cfa94d6645bd9bd9649e977fa333968,sell,0xe26517a9967299453d3f1b48aa005e6127e67210,0x631bfdd9b569662e112cb71ffb2765aed57cdee46e5803cc99c20d707f466f9d
2,0.7936507936507936,0.0005,0x4fda9e6bcd83af6c5cc771b5d20accc2b7720074,2017-11-02T13:33:27.000Z,0.00063,0x7b2788bd6cf36224437e13901d2326b24b88c5c3,buy,0xe26517a9967299453d3f1b48aa005e6127e67210,0x3545848097f252a43e12930fe9b3b2262f8ecd619957dc2157d3ea4c1791dfe4
3,0.7936507936507936,0.0005,0x3075f7f189912f4f425dd7021b9c396434197477,2017-11-02T13:01:12.000Z,0.00063,0x7b2788bd6cf36224437e13901d2326b24b88c5c3,buy,0xe26517a9967299453d3f1b48aa005e6127e67210,0xdfdf019911f9f0e791496a72462cd9777728e7bea1d402c63bba071fe5246d01
4,12,0.00756,0xee02095f350042bfe8a981a82246516653bc4858,2017-11-01T18:58:22.000Z,0.00063,0x3603576f910ac545006eadbfee5798202ed07a45,sell,0xe26517a9967299453d3f1b48aa005e6127e67210,0xdbb8b92440f097b7b9e761408445ddee6f9d867bf7c83020b047f1a53540016f
5,35.455,0.02233665,0x69bc96509a19ce70f5ddbbe2cdc736ca1fd615ee,2017-11-01T18:20:06.000Z,0.00063,0xdf233f0f18f6ab1a5cc48b655e01f8094d182a39,buy,0xe26517a9967299453d3f1b48aa005e6127e67210,0xfc363e9a311f498c1b06441b7555742f9d07f8a6f69b536637b7d5a3aee03e13
6,53,0.033125053,0x4c1cf5314ab59c618808860735e0e8a54f159e22,2017-11-01T08:38:35.000Z,0.000625001,0x90aad56da23a48591d79a9873b3bd4d9e2dde91f,sell,0xe26517a9967299453d3f1b48aa005e6127e67210,0x132cc94461949a1ab4ea9ed26123ee6f2588f19ad1faa6ec16f7e65ef9e65f2f
7,18.551,0.02059161,0x69bc96509a19ce70f5ddbbe2cdc736ca1fd615ee,2017-11-01T00:44:13.000Z,0.00111,0xc369a9254bf81943cd3e9abe6764e73202c99385,buy,0xe26517a9967299453d3f1b48aa005e6127e67210,0x63410bbd7a87db6b46f31d77a4f5af9639cf93ac66e2d90e39afa52ca415ef02
8,18.923993341640912,0.01182749583852557,0xee02095f350042bfe8a981a82246516653bc4858,2017-10-31T17:10:02.000Z,0.000625,0x8c7385066cd3512865dd58d1d9d3ca8378d83c09,sell,0xe26517a9967299453d3f1b48aa005e6127e67210,0x6f3d539f84ce2d74031b241df3592c83902cd2f9819a7e73de2da3320c765179
9,1,0.0017,0x0b773d7819259d78757b26dc4148812d35676d8f,2017-10-31T13:45:13.000Z,0.0017,0x65c6ad9653f02537e6f374cf53a68007b81908fd,buy,0xe26517a9967299453d3f1b48aa005e6127e67210,0xfbe29a7d4a863a6ed68a47c4f805132f6e06d8d342e397b72ea3b53484f40440
10,21.29099790648988,0.013306873691556175,0xee02095f350042bfe8a981a82246516653bc4858,2017-10-31T08:09:36.000Z,0.0006249999999999999,0xc83f3a18574537d5ce4def4dcef818115636f3b8,sell,0xe26517a9967299453d3f1b48aa005e6127e67210,0xa55cf78e4289892137c8ff6ed43de349becefd4577119c180d093449490007d2
11,79.75276642408534,0.05008473731432559,0x69bc96509a19ce70f5ddbbe2cdc736ca1fd615ee,2017-10-31T07:38:39.000Z,0.000628,0xaf76fbfbb35ab38d51f3142fb94a98bd930d9bad,sell,0xe26517a9967299453d3f1b48aa005e6127e67210,0x66d540420f9506e1a679e4a179bf92cfaaced1f8fa0198ea6c1329856f95ec28
12,15,0.0255,0x69bc96509a19ce70f5ddbbe2cdc736ca1fd615ee,2017-10-31T02:47:45.000Z,0.0017,0x65c6ad9653f02537e6f374cf53a68007b81908fd,buy,0xe26517a9967299453d3f1b48aa005e6127e67210,0xe9e8fe48880bb454a21de106c332165241450773e4446df2f1979bb5e8392cee
13,35.18,0.0506592,0x69bc96509a19ce70f5ddbbe2cdc736ca1fd615ee,2017-10-31T02:43:29.000Z,0.00144,0x6bce2148d03e4ce04bc802c423756a72851a44b4,buy,0xe26517a9967299453d3f1b48aa005e6127e67210,0x7e5a528f7a3a9ffc7037dab94024223dd6023e1627caaeb001e4e5642488743c
14,22.029,0.0286377,0x69bc96509a19ce70f5ddbbe2cdc736ca1fd615ee,2017-10-31T02:42:14.000Z,0.0013,0x4dca30bcc9c9db4408141cd67b1515e689f546d8,buy,0xe26517a9967299453d3f1b48aa005e6127e67210,0xa140a1cd16941c6cdf41565ed2aa9f4b7725f03f4a8b1e715ed0cefeacd20642
15,100,0.15,0xee02095f350042bfe8a981a82246516653bc4858,2017-10-31T02:15:07.000Z,0.0015,0x65c6ad9653f02537e6f374cf53a68007b81908fd,buy,0xe26517a9967299453d3f1b48aa005e6127e67210,0x760f0735c4e4b1dac7d9848462b5c8253e1481f94fc1385135d5d1d3d782afc5
16,470.505,0.679879725,0xee02095f350042bfe8a981a82246516653bc4858,2017-10-31T02:14:33.000Z,0.001445,0x0799376cd3d071127ea4cef6babc670047b276d3,buy,0xe26517a9967299453d3f1b48aa005e6127e67210,0x37cef8d66c1b4b7689060d577401b55b75cde751ae0f046700eebe596bfe4512
17,1000,1.5,0xee02095f350042bfe8a981a82246516653bc4858,2017-10-31T02:13:41.000Z,0.0015,0xd983b574b2a1df39da70fb0ed50c1a8ad3b75500,buy,0xe26517a9967299453d3f1b48aa005e6127e67210,0xc659ed5580717569665a30b74deea3d19cc7b120870eb4ca0a8d565665479ef6
18,4381.617,5.6961021,0xee02095f350042bfe8a981a82246516653bc4858,2017-10-31T02:12:44.000Z,0.0013,0xdcd1965f236729943b371c018c2eb0f2d03fa43a,buy,0xe26517a9967299453d3f1b48aa005e6127e67210,0xd24bc5b5d105f59a4763e4fa8e94f2735ba262db0ed0d228dcb7e988a6cf13bc
19,4.963,0.0064519,0x7def6b4c40dcdfe73316cbc83b10b42cfde6db86,2017-10-31T01:35:18.000Z,0.0013,0x4acef8d79830d9d663e97628d2b3fb31877394f9,buy,0xe26517a9967299453d3f1b48aa005e6127e67210,0xe2bec8440511dc8dc4c6dec0fc780f8013e267587f9508fea8f7bc755d0b19e6
20,227,0.32688,0xaa151d751268ae155df114b49facff0f34422e82,2017-10-30T12:54:00.000Z,0.00144,0x5a3605315938bbde068ef0b0bfaf4f730f6968e8,buy,0xe26517a9967299453d3f1b48aa005e6127e67210,0xbfd0d30ef4f5aeb58c8051853066ef53dd377eb6bb5f4ecee2c03886cfc1370b
21,200,0.2878,0xaa151d751268ae155df114b49facff0f34422e82,2017-10-30T12:52:44.000Z,0.001439,0x5a3605315938bbde068ef0b0bfaf4f730f6968e8,buy,0xe26517a9967299453d3f1b48aa005e6127e67210,0xf1f972d5c523276e69071ef9a4de064831ff529755780278039b030d7c8aa30c
22,0.054,0.0000783,0x1d5321e125f6c7079a716705541c7b371ca79e69,2017-10-30T07:56:53.000Z,0.00145,0x4dca30bcc9c9db4408141cd67b1515e689f546d8,buy,0xe26517a9967299453d3f1b48aa005e6127e67210,0xa8afd5c52d5bf2e0cfbf603f2d9cbf02a897f94023b370dabeb8b6d2d0c9f298
23,0.053838484546360914,0.000091525423728813,0xbf7a86e1cbdbf73baaa32f2a4b8b55c4f3a246a4,2017-10-30T07:56:53.000Z,0.0016999999999999897,0x1d5321e125f6c7079a716705541c7b371ca79e69,sell,0xe26517a9967299453d3f1b48aa005e6127e67210,0xa8afd5c52d5bf2e0cfbf603f2d9cbf02a897f94023b370dabeb8b6d2d0c9f298
24,17.946,0.0305082,0xbf7a86e1cbdbf73baaa32f2a4b8b55c4f3a246a4,2017-10-30T07:53:39.000Z,0.0017,0x273a5d3e6721b9f5c1a6474f560c1334c63dda01,sell,0xe26517a9967299453d3f1b48aa005e6127e67210,0xbff8980981a304988da2e1750529c8a5d4120007a4acd27072d122f6aced8327
25,18,0.0261,0x273a5d3e6721b9f5c1a6474f560c1334c63dda01,2017-10-30T07:53:39.000Z,0.00145,0x4dca30bcc9c9db4408141cd67b1515e689f546d8,buy,0xe26517a9967299453d3f1b48aa005e6127e67210,0xbff8980981a304988da2e1750529c8a5d4120007a4acd27072d122f6aced8327
26,100,0.25,0xbf7a86e1cbdbf73baaa32f2a4b8b55c4f3a246a4,2017-10-30T07:40:10.000Z,0.0025,0x4db327cf2417c2289245e82a6b407482c0e2fc1d,buy,0xe26517a9967299453d3f1b48aa005e6127e67210,0xdb8394dac1007bfc8692117d526103fa8e2a4e86fcd3c4e998390846126517b3
27,113.834687987057,0.1707520319805855,0xbf7a86e1cbdbf73baaa32f2a4b8b55c4f3a246a4,2017-10-30T07:33:08.000Z,0.0015,0x4db327cf2417c2289245e82a6b407482c0e2fc1d,sell,0xe26517a9967299453d3f1b48aa005e6127e67210,0x8c7843ee77dceeaefbd9a0ba162b3f17abe52f9886bd1049d8ddfe5e644fb238
28,21,0.02793,0x273a5d3e6721b9f5c1a6474f560c1334c63dda01,2017-10-30T07:28:01.000Z,0.00133,0x53f54b24a2c088b695abf94a85e89a2c0318aded,buy,0xe26517a9967299453d3f1b48aa005e6127e67210,0x24c54c03dd651a7f37fef47ae57e9fed500f183c6d540dac71b8b623d6cd4595
29,20.937,0.0314055,0xbf7a86e1cbdbf73baaa32f2a4b8b55c4f3a246a4,2017-10-30T07:28:01.000Z,0.0015,0x273a5d3e6721b9f5c1a6474f560c1334c63dda01,sell,0xe26517a9967299453d3f1b48aa005e6127e67210,0x24c54c03dd651a7f37fef47ae57e9fed500f183c6d540dac71b8b623d6cd4595
30,22.518002019,0.022518002019,0xd2ea382e498316d91b9de8557670149b479721a0,2017-10-30T07:27:32.000Z,0.001,0xf3b9700203e14d79392bea3ff187367099c3fca9,buy,0xe26517a9967299453d3f1b48aa005e6127e67210,0xeda812aa24085ebaf5e20ef17519e899fee85c710a38ae1a8bad72ec16f67919
31,22.450448012943,0.0336756720194145,0xbf7a86e1cbdbf73baaa32f2a4b8b55c4f3a246a4,2017-10-30T07:27:32.000Z,0.0015,0xd2ea382e498316d91b9de8557670149b479721a0,sell,0xe26517a9967299453d3f1b48aa005e6127e67210,0xeda812aa24085ebaf5e20ef17519e899fee85c710a38ae1a8bad72ec16f67919
32,324.025,0.4860375,0xbf7a86e1cbdbf73baaa32f2a4b8b55c4f3a246a4,2017-10-30T07:26:21.000Z,0.0015,0xd53955fa72ae2844f9add18bb455898af8e470f1,sell,0xe26517a9967299453d3f1b48aa005e6127e67210,0x67f210603b0c93948046b1ae7125f72ddc3df3efb87e0642f1544cb21f33863a
33,25.71263,0.038568945,0xbf7a86e1cbdbf73baaa32f2a4b8b55c4f3a246a4,2017-10-30T07:26:21.000Z,0.0015,0x273a5d3e6721b9f5c1a6474f560c1334c63dda01,sell,0xe26517a9967299453d3f1b48aa005e6127e67210,0x232ad76fa635ef1b88fd73af4fbebf36d3efa01aa4970ece428ff914d76f78a1
34,25.79,0.02579,0x273a5d3e6721b9f5c1a6474f560c1334c63dda01,2017-10-30T07:26:21.000Z,0.001,0x515aee15907e476079c29d3d859735b0fb861136,buy,0xe26517a9967299453d3f1b48aa005e6127e67210,0x232ad76fa635ef1b88fd73af4fbebf36d3efa01aa4970ece428ff914d76f78a1
35,150,0.15,0x273a5d3e6721b9f5c1a6474f560c1334c63dda01,2017-10-30T07:26:21.000Z,0.001,0x65c6ad9653f02537e6f374cf53a68007b81908fd,buy,0xe26517a9967299453d3f1b48aa005e6127e67210,0xb0cce44c62fdd2fa5878c371e91c4a397d08a07ea03e9f80f2bad5c5089c4326
36,149.55,0.224325,0xbf7a86e1cbdbf73baaa32f2a4b8b55c4f3a246a4,2017-10-30T07:26:21.000Z,0.0015,0x273a5d3e6721b9f5c1a6474f560c1334c63dda01,sell,0xe26517a9967299453d3f1b48aa005e6127e67210,0xb0cce44c62fdd2fa5878c371e91c4a397d08a07ea03e9f80f2bad5c5089c4326
37,325,0.325,0xd53955fa72ae2844f9add18bb455898af8e470f1,2017-10-30T07:26:21.000Z,0.001,0x3603576f910ac545006eadbfee5798202ed07a45,buy,0xe26517a9967299453d3f1b48aa005e6127e67210,0x67f210603b0c93948046b1ae7125f72ddc3df3efb87e0642f1544cb21f33863a
38,143.922,0.143922,0x273a5d3e6721b9f5c1a6474f560c1334c63dda01,2017-10-30T07:26:21.000Z,0.001,0x9fca624106cf2078c54757ebb499f5703cbba58c,buy,0xe26517a9967299453d3f1b48aa005e6127e67210,0xa058db6b06da5c8690e93d48249bb24caecbd92567b1c00dc4c3f12bdf13e254
39,143.490234,0.215235351,0xbf7a86e1cbdbf73baaa32f2a4b8b55c4f3a246a4,2017-10-30T07:26:21.000Z,0.0015,0x273a5d3e6721b9f5c1a6474f560c1334c63dda01,sell,0xe26517a9967299453d3f1b48aa005e6127e67210,0xa058db6b06da5c8690e93d48249bb24caecbd92567b1c00dc4c3f12bdf13e254
40,1,0.001,0xbf7a86e1cbdbf73baaa32f2a4b8b55c4f3a246a4,2017-10-30T07:22:43.000Z,0.001,0x4db327cf2417c2289245e82a6b407482c0e2fc1d,sell,0xe26517a9967299453d3f1b48aa005e6127e67210,0x03d90d16cc519d2acc52786f9642fe6215fa0f250ed332cae957c6b6f72a1a16
41,734.6168378028112,1.4692336756056226,0x4db327cf2417c2289245e82a6b407482c0e2fc1d,2017-10-30T07:18:47.000Z,0.002,0xbf7a86e1cbdbf73baaa32f2a4b8b55c4f3a246a4,buy,0xe26517a9967299453d3f1b48aa005e6127e67210,0xc3d5c6bce2c8f10b59183aecf5af6e44684b0311bd96e3be0a79038401466cb0
42,980,1.47,0xbf7a86e1cbdbf73baaa32f2a4b8b55c4f3a246a4,2017-10-30T06:59:46.000Z,0.0015,0x4db327cf2417c2289245e82a6b407482c0e2fc1d,buy,0xe26517a9967299453d3f1b48aa005e6127e67210,0x7ec54abcb5f7ea02525913e84317d525a4eb16f17380d5664e769b42259338bc
43,830,1.1039,0x4db327cf2417c2289245e82a6b407482c0e2fc1d,2017-10-30T06:51:35.000Z,0.00133,0xbf7a86e1cbdbf73baaa32f2a4b8b55c4f3a246a4,buy,0xe26517a9967299453d3f1b48aa005e6127e67210,0x7a29215f4e585f3d39fd6111d545676fe2271bba60a2dc06443fa882e5cb34b4
44,1111,1.111,0xbf7a86e1cbdbf73baaa32f2a4b8b55c4f3a246a4,2017-10-30T06:49:18.000Z,0.001,0x4db327cf2417c2289245e82a6b407482c0e2fc1d,buy,0xe26517a9967299453d3f1b48aa005e6127e67210,0x627ac6b9e65aa47f3d6d2a63ac6d242728bb0d444c23b3389e83981e8232edaf
45,106.32937892533147,0.055822923935799025,0xee02095f350042bfe8a981a82246516653bc4858,2017-10-30T04:33:45.000Z,0.000525,0x6bdba5d6fef0781a8a65018d4e6c65928eba63f3,sell,0xe26517a9967299453d3f1b48aa005e6127e67210,0xba134d37b4604d1daae03512cc839ec68ef838bd6c4d07278b180a6e89acaf22
46,115.34243844083342,0.06055478018143754,0xee02095f350042bfe8a981a82246516653bc4858,2017-10-30T04:31:04.000Z,0.000525,0x62e8f51f1695fc6fcaae6f9bc85c35cd13b7c222,sell,0xe26517a9967299453d3f1b48aa005e6127e67210,0xb09b3085286d08f7046145cd5ae0d4b36f296f1a3ef6e389588e2d86b17bdf55
47,1000,0.515,0x65fc005bbb7eb370f474a76c38e4435644504a77,2017-10-30T04:29:38.000Z,0.000515,0x62e8f51f1695fc6fcaae6f9bc85c35cd13b7c222,sell,0xe26517a9967299453d3f1b48aa005e6127e67210,0x0dc4f194774d97b9ebc5063c82cfae099eac9a8d9ab401401698ec1e3009f313
48,7.902327859635131,0.004030187208413916,0xee02095f350042bfe8a981a82246516653bc4858,2017-10-29T14:24:52.000Z,0.0005099999999999999,0x12d65ff99c29b7a6717e41b76e6ea9eceb064cc4,sell,0xe26517a9967299453d3f1b48aa005e6127e67210,0x3f829309c3ad5299002806b7572be6047db0a84db76f3f812f20ad3b8ae2a745
49,173.41496980558554,0.08670748490279277,0x428833412f4d4f88f065ab66cb67677a92892d40,2017-10-29T10:04:10.000Z,0.0005,0x65c6ad9653f02537e6f374cf53a68007b81908fd,sell,0xe26517a9967299453d3f1b48aa005e6127e67210,0x7d8e325960680d8f7f4340351adf06e151cecda1727fcfb340777b86899aadfa
50,0.002650022946014201,0.000001325011473007,0x428833412f4d4f88f065ab66cb67677a92892d40,2017-10-29T06:00:23.000Z,0.0004999999999999621,0x3d472d144dab9c4bb75ae2107d89ed0272d19c61,sell,0xe26517a9967299453d3f1b48aa005e6127e67210,0xa954c37d5804eb7f209bec7ac35abc1b67479fb84a952fad250e2ddce5fd1821
51,26.582380171468447,0.013291190085734223,0x428833412f4d4f88f065ab66cb67677a92892d40,2017-10-29T05:54:53.000Z,0.0005,0x3d472d144dab9c4bb75ae2107d89ed0272d19c61,sell,0xe26517a9967299453d3f1b48aa005e6127e67210,0x7e26e9172b01c57efabfe929f22190365ce7f81c3a71738f62a7df5e85652c64
52,0.5,0.0005,0x34f9560c63078eb61872a4dc2ccd20e21c34feaf,2017-10-28T20:49:29.000Z,0.001,0x9fca624106cf2078c54757ebb499f5703cbba58c,buy,0xe26517a9967299453d3f1b48aa005e6127e67210,0x186ac9382cb0c7726a4afb6a61daa9010e72605ef409772336ccea114b32911d
53,0.5,0.0005,0xe444a40689f51f63bcd29910622035707d533d29,2017-10-28T20:49:29.000Z,0.001,0x9fca624106cf2078c54757ebb499f5703cbba58c,buy,0xe26517a9967299453d3f1b48aa005e6127e67210,0x3cd1aaf06425d661a26fd301b13eea7bf89208050b4c1568a6318a0ee8732ddc
54,21.464,0.01105396,0x69bc96509a19ce70f5ddbbe2cdc736ca1fd615ee,2017-10-28T11:17:39.000Z,0.000515,0xf19a780f00287c3765f1127f38808959a5390e84,buy,0xe26517a9967299453d3f1b48aa005e6127e67210,0xd1943511cbc09c8cb23268d3867d929dcd87cf9788ea80bea3f2055e1ed60be6
55,49.100984535419016,0.025287007035740793,0x65fc005bbb7eb370f474a76c38e4435644504a77,2017-10-28T08:25:38.000Z,0.0005149999999999999,0x36fef8678944d9fea67ea28f23fef98098de0995,sell,0xe26517a9967299453d3f1b48aa005e6127e67210,0xde80ff033772abcabdc626debb97caf77f659eb569765bb3d5751fa274a7eeca
56,46.975874788156716,0.030534318612301863,0xd74a3bf2c41454bf0a79bfe551795d1b747e8056,2017-10-28T08:24:10.000Z,0.00065,0x36fef8678944d9fea67ea28f23fef98098de0995,sell,0xe26517a9967299453d3f1b48aa005e6127e67210,0x3ba381bee8733b01927787926e7568684663f073c029dfccbcc0747776a89460
57,0.6024289183423677,0.000391578796922539,0x1d5321e125f6c7079a716705541c7b371ca79e69,2017-10-28T08:22:01.000Z,0.00065,0xf19a780f00287c3765f1127f38808959a5390e84,buy,0xe26517a9967299453d3f1b48aa005e6127e67210,0xc83b5e49bbce3702cee2d85e4388d960c62a265794a18884f074f12404efed1c
58,0.6006270372306757,0.000405423250130706,0xec8f09b8c72fd7befdae53802c18924dac4d4dd2,2017-10-28T08:22:01.000Z,0.0006749999999999998,0x1d5321e125f6c7079a716705541c7b371ca79e69,sell,0xe26517a9967299453d3f1b48aa005e6127e67210,0xc83b5e49bbce3702cee2d85e4388d960c62a265794a18884f074f12404efed1c
59,28.910377828730933,0.018791745588675107,0xd74a3bf2c41454bf0a79bfe551795d1b747e8056,2017-10-28T06:42:51.000Z,0.00065,0x1c2dab0bc25205e34c7787ccf5f20b9a20b0b410,sell,0xe26517a9967299453d3f1b48aa005e6127e67210,0x22ad99908c7930f017062f3c01716239fadcaa6689029aea627a7e39d7ce53a0
60,19.11374738311235,0.012423935799023029,0xd74a3bf2c41454bf0a79bfe551795d1b747e8056,2017-10-28T03:26:11.000Z,0.00065,0x89d1d2cafbd15a2592e274d2f6b35b23e803f676,sell,0xe26517a9967299453d3f1b48aa005e6127e67210,0xcc381d3a9505b9b805b702c7c172e70dd2298ae5d90e09ab9fc074bb3e88472c
61,1,0.001199998,0x4a57d0208164a1c1c63c75395dc444428a07b50a,2017-10-27T18:40:16.000Z,0.001199998,0x096267c09714c42bd30554a12976ea4fa2b78d9c,buy,0xe26517a9967299453d3f1b48aa005e6127e67210,0x3b1f4a77ab37cfcfc95ac440b0c928e3f5d089168ad64ed8d76921ff6b59037d
62,0.000675,0.12825,0xec8f09b8c72fd7befdae53802c18924dac4d4dd2,2017-10-27T18:34:36.000Z,190,0x3ac636ac5c3a2576156ac5f10066ca68abe0ad54,sell,0xe26517a9967299453d3f1b48aa005e6127e67210,0xb8c6bb9be82e43d06d82f2291f57040c55f371b16a7728a429f90df3d02dcd05
63,5.639,0.003546931,0x69bc96509a19ce70f5ddbbe2cdc736ca1fd615ee,2017-10-27T07:00:45.000Z,0.000629,0x65c6ad9653f02537e6f374cf53a68007b81908fd,sell,0xe26517a9967299453d3f1b48aa005e6127e67210,0x6ca2e640cc4ca0eb74234d2252cf7786459a2ba3e9a15e69d181c9a2b3631b08
64,12.355,0.01618505,0xf4fd890e3ed61a67a6ad80d2c56bbee6eba18f96,2017-10-27T00:41:32.000Z,0.00131,0xbc4a9e6a990a646b4cccb2b4b07cd1f3232ee9be,buy,0xe26517a9967299453d3f1b48aa005e6127e67210,0x93f218bda95b9e34b76a483554b2267cd34b359734ed4eec726abe811bf6a2ec
65,8.5,0.01105,0xf4fd890e3ed61a67a6ad80d2c56bbee6eba18f96,2017-10-27T00:41:32.000Z,0.0013,0x1d6e8b7bcad1c2cc89681a78ab95a84cce3fd77d,buy,0xe26517a9967299453d3f1b48aa005e6127e67210,0xef3b3d8f754bb1edf3ddf540220c874c43f0327bf669c5f3ad8e8f124b40049a
66,43.111,0.05690652,0xf4fd890e3ed61a67a6ad80d2c56bbee6eba18f96,2017-10-27T00:20:13.000Z,0.00132,0xa403b1b7ede70afe902ae6aaf213d8dd49615d58,buy,0xe26517a9967299453d3f1b48aa005e6127e67210,0x39060a15318422f92d78b336c1ab2e371bca8216aef212b71259c8901dc0c351
67,7.397,0.0088764,0xf4fd890e3ed61a67a6ad80d2c56bbee6eba18f96,2017-10-27T00:18:01.000Z,0.0012,0x4a8b8dea3435a38cd0bf6fe16b8d39c287ad8497,buy,0xe26517a9967299453d3f1b48aa005e6127e67210,0xc27ee1c55e93a47e6f7c23e5241542bd058e276cd9ed1384eec5b86f9035714f
68,8.989970266174858,0.007191976212939886,0xf4fd890e3ed61a67a6ad80d2c56bbee6eba18f96,2017-10-26T15:41:16.000Z,0.0007999999999999999,0xe4321372c368cd74539c923bc381328547e8aa09,sell,0xe26517a9967299453d3f1b48aa005e6127e67210,0xfabf6dc6f209e2bf83beb9be77dbdc58c03ffc739803450b45f89c371b3810f6
69,67.12880301066693,0.05437433043864021,0x69bc96509a19ce70f5ddbbe2cdc736ca1fd615ee,2017-10-26T14:32:58.000Z,0.00081,0x846fe155673f9fd3131be9b757d1ed9bd3d4853d,sell,0xe26517a9967299453d3f1b48aa005e6127e67210,0x38100269233eac47f8e94dd5da59789aeacd133b3872576a692cbf3594ab0b8e
70,8.258799409912605,0.009910559291895125,0xbfe49e7b66ff81211aa5642a4310c95c523a1960,2017-10-26T13:21:33.000Z,0.0012,0xaac27baada6d41249761e1a5ddf643bb81047e95,buy,0xe26517a9967299453d3f1b48aa005e6127e67210,0x309c425ea39772ecd545ae1d7f5f5e735624049c2b137b62c020abd0e3131758
71,18.427873591865218,0.014926577609410826,0x69bc96509a19ce70f5ddbbe2cdc736ca1fd615ee,2017-10-26T12:24:51.000Z,0.00081,0xda712c171682a40267e85a2b834bdca52d237564,sell,0xe26517a9967299453d3f1b48aa005e6127e67210,0xc71abcaf923d0e13a9660dbcc323909b9e15732bebb0c63667ca2dd4c084f01b
72,11.901827275446117,0.009699989229488585,0xec8f09b8c72fd7befdae53802c18924dac4d4dd2,2017-10-26T06:12:43.000Z,0.000815,0xcc076a3dfe85c239e8b28ed75cce9959f8b3b360,sell,0xe26517a9967299453d3f1b48aa005e6127e67210,0xddcb5e6f48688e014c99f13f7f0c47bb11284a3d330fbd8675bae945595bd800
73,0.000817452357070769,0.000001062688064192,0x6dfca959b12f86c9d35c1acaf686bfd0828e7a0e,2017-10-26T05:01:38.000Z,0.0013000000000000004,0x1d6e8b7bcad1c2cc89681a78ab95a84cce3fd77d,buy,0xe26517a9967299453d3f1b48aa005e6127e67210,0xb6282ddc8ed143f6193baff8a973a04df1d14ed68612c0fd6193af754560af50
74,0.000815,1.2225,0xec8f09b8c72fd7befdae53802c18924dac4d4dd2,2017-10-26T05:01:17.000Z,1500,0x3ac636ac5c3a2576156ac5f10066ca68abe0ad54,sell,0xe26517a9967299453d3f1b48aa005e6127e67210,0x294f5990a5c7044fdb1fc6b0bdb8de8c67d5a4957fbcf7080834b13d5fe99c29
75,18.055824643604826,0.014625217961319908,0x69bc96509a19ce70f5ddbbe2cdc736ca1fd615ee,2017-10-26T02:48:54.000Z,0.00081,0xe0de6d826ece1fc290204985484b6d1f435873e7,sell,0xe26517a9967299453d3f1b48aa005e6127e67210,0xac921d97d42d9ad44d5766cc1cfcb7f85141d5ff07a5bb8428e59e544d858878
76,13.387498753863024,0.01084387399062905,0x69bc96509a19ce70f5ddbbe2cdc736ca1fd615ee,2017-10-26T01:14:54.000Z,0.00081,0x4880c72ef18d60ba3adb68f990e908caff9784ee,sell,0xe26517a9967299453d3f1b48aa005e6127e67210,0x3151fb5db5bf44f8cc9ce3b321a614543f3e7df4ace15896be8d9f756209a222
77,9.309736683281827,0.005841859768759346,0xec8f09b8c72fd7befdae53802c18924dac4d4dd2,2017-10-25T17:55:08.000Z,0.0006275,0x1317c3279169c437f7621959c3bb4f9f96c259a1,sell,0xe26517a9967299453d3f1b48aa005e6127e67210,0xefcc1ba13a29b1d86d35c9c09a4d59cfb2b9008b6992958752cfc7df14e6a237
78,21.406,0.02868404,0x69bc96509a19ce70f5ddbbe2cdc736ca1fd615ee,2017-10-25T17:42:07.000Z,0.00134,0x6ac6eebda32e60d0dd15dc24d55ff9128a75a34c,buy,0xe26517a9967299453d3f1b48aa005e6127e67210,0xf18294397e8c67b512192c9823fcab6091b5895dabe0e19ca4ab1cf6dcfdcadd
79,22.340743694546905,0.01385126109061908,0xd74a3bf2c41454bf0a79bfe551795d1b747e8056,2017-10-25T16:12:23.000Z,0.00062,0xa710cc2c8fbf4382243b87f9850468611aa0db9a,sell,0xe26517a9967299453d3f1b48aa005e6127e67210,0x04e826c4dcb13009dc862f83231d81bf6df912c041199cc1efc8f25ac4463c14
80,11.146068832618882,0.006910562676223706,0xd74a3bf2c41454bf0a79bfe551795d1b747e8056,2017-10-25T16:02:21.000Z,0.00062,0x6fe7366b25ffb92f643174a6d5729bbaabb9c284,sell,0xe26517a9967299453d3f1b48aa005e6127e67210,0x90ac1bf61b361ddbe0d9660bde6870f2defdcb1df008e0d8439607eb829cfde2
81,110,0.154,0x2f9fe933ebb2f18d855ad2dde47c3d146804e09d,2017-10-25T06:30:33.000Z,0.0014,0xd2a462c4747bcd2bbd72fd20bf4dddbb18e311a3,sell,0xe26517a9967299453d3f1b48aa005e6127e67210,0x8471b90569d9b309bffe7afa2f9f4134097e588476f7d128e55a9be12d726561
82,77.305,0.10436175,0xaa151d751268ae155df114b49facff0f34422e82,2017-10-25T05:07:27.000Z,0.00135,0x22eb520ce1f1eaffade7c4ff769fff8599c1b24a,buy,0xe26517a9967299453d3f1b48aa005e6127e67210,0x2e4b25549bd0ebd3ee84d29f23476b47f16c5d987e8c8de8701d772b17c868bc
83,19.277240554281725,0.011566344332569036,0xd74a3bf2c41454bf0a79bfe551795d1b747e8056,2017-10-24T21:45:41.000Z,0.0006,0x0fe8c0f024b8df422f830c34e3c406cc05735f77,sell,0xe26517a9967299453d3f1b48aa005e6127e67210,0xb992afbbfcfa78df42cc40ffb8bf93b50d886e84f00e89b5f5c1c2e5a8b7c705
84,5.905692353703519,0.003023714485096201,0x69bc96509a19ce70f5ddbbe2cdc736ca1fd615ee,2017-10-24T14:44:29.000Z,0.0005119999999999999,0x1521e5141545090bc80fafa7c2a5f4b75221c845,sell,0xe26517a9967299453d3f1b48aa005e6127e67210,0xd197510289e84c996b1511c36a8298b5430211d02d8ab7e1c28ef4d45aa11316
85,0.06124013083443428,0.000300076641088728,0x961fff8b602a4c6c58fbd54ff22bbee206805e8d,2017-10-24T09:50:25.000Z,0.0049,0xf1527fd87461f89831ba9fc0d04e28c7dcbcb686,buy,0xe26517a9967299453d3f1b48aa005e6127e67210,0x35cf4ff0976671efc1aebe1deac30adaa5456818be5ac775f9ee0d9b3f49dcfa
86,8.922340743694546,0.004282723556973382,0x69bc96509a19ce70f5ddbbe2cdc736ca1fd615ee,2017-10-24T08:41:15.000Z,0.00047999999999999996,0x0881e242a1e9f9ba80d0800834dae4549d4a3fd8,sell,0xe26517a9967299453d3f1b48aa005e6127e67210,0x4162dd49f7ef95c7de6157129f4988682754ebd4a78aeeb93506b9e68a196cc8
87,24.69145648489682,0.011851899112750473,0x69bc96509a19ce70f5ddbbe2cdc736ca1fd615ee,2017-10-24T08:13:58.000Z,0.00047999999999999996,0x1e99737d62e293d6043f2407a24652d39b1ec372,sell,0xe26517a9967299453d3f1b48aa005e6127e67210,0xa082e9ada8d160f8d8a40a13d94a2fdb7a0ae9c7e88e91856ef860d8759227c5
88,20.7,0.027945,0xaa151d751268ae155df114b49facff0f34422e82,2017-10-24T00:44:07.000Z,0.00135,0x1e99737d62e293d6043f2407a24652d39b1ec372,buy,0xe26517a9967299453d3f1b48aa005e6127e67210,0x132ba3b3580a7c7072c36264e786dc829ea8603c2c12562ea4150a19de1b41e1
89,17.98,0.0178002,0xaa151d751268ae155df114b49facff0f34422e82,2017-10-24T00:43:29.000Z,0.00099,0x81df114b711dcf8e5c539870100367c5bc98c29d,buy,0xe26517a9967299453d3f1b48aa005e6127e67210,0x36877c1975b2f33e3f4ff18ad7b20f7c10de67568c5c8fef0c6d6c12c3af83e6
90,243.8,0.29256,0xaa151d751268ae155df114b49facff0f34422e82,2017-10-24T00:42:07.000Z,0.0012,0xc370be1c1ce33e0f69ce376640fac9a5dc2bbb10,buy,0xe26517a9967299453d3f1b48aa005e6127e67210,0x577713d0b573f839a0d60e8c56c4650db19412b00b551272031e16097dc7a088
91,40.93487855149038,0.01964874170471538,0x69bc96509a19ce70f5ddbbe2cdc736ca1fd615ee,2017-10-23T22:29:12.000Z,0.00048,0xb95390d77f2af27deb09abf9ad6a0c36ec1333d2,sell,0xe26517a9967299453d3f1b48aa005e6127e67210,0xa03002aecc4b29dfeaab6ef3326ce301093c79506dac26588f347eadb77921c0
92,22.67969295184927,0.010886252616887648,0x69bc96509a19ce70f5ddbbe2cdc736ca1fd615ee,2017-10-23T14:34:38.000Z,0.00047999999999999996,0x81c701fb2103dcbde6ffd7755397da9561ebfa8e,sell,0xe26517a9967299453d3f1b48aa005e6127e67210,0x053900c863f5414992e34df8baeb3287dcf7492d44bb92bf58f7d44f0a755808
93,22,0.0099,0xec8f09b8c72fd7befdae53802c18924dac4d4dd2,2017-10-23T09:21:23.000Z,0.00045,0xea407239885a632fc8f5fdc9f4ad1b044e13814c,sell,0xe26517a9967299453d3f1b48aa005e6127e67210,0x43b0a75d7155801523c08974bc178dcc759a57f2127b9549b63acd6e57a0d7c1
94,21,0.00945,0xec8f09b8c72fd7befdae53802c18924dac4d4dd2,2017-10-23T08:22:40.000Z,0.00045,0x4cf150adbd95ed35bde9cf5dc5d51c9549f9efa3,sell,0xe26517a9967299453d3f1b48aa005e6127e67210,0x28ca3a330b401facea9e4e1da3cb43688452196a7eaf046a725068277852e7f0
95,8.966668684470227,0.004035000908011602,0xec8f09b8c72fd7befdae53802c18924dac4d4dd2,2017-10-23T08:04:02.000Z,0.00045,0x046f5b22e4ec4c5f1263ee11e1496fdcd2aafe3f,sell,0xe26517a9967299453d3f1b48aa005e6127e67210,0xd747b8d172b921ee187d5afa39d3166e9ae296c6697f119933f5dff283db65cd
96,110,0.1617,0xaa151d751268ae155df114b49facff0f34422e82,2017-10-23T06:59:11.000Z,0.00147,0x2f9fe933ebb2f18d855ad2dde47c3d146804e09d,buy,0xe26517a9967299453d3f1b48aa005e6127e67210,0xe777993750818907312eba550c6c25993ae440c28a37276346391dd08ef8e899
97,106.659,0.1567887193341,0xaa151d751268ae155df114b49facff0f34422e82,2017-10-23T06:57:56.000Z,0.0014699999,0x756e8259c266229d687df5cafa7b1293ca3f6a1a,buy,0xe26517a9967299453d3f1b48aa005e6127e67210,0xd2c259cb40c1639284bc1b40db69fbbc55ed0d03ef3c2a1fc67b298c8e04cea4
98,24.282,0.0315666,0xaa151d751268ae155df114b49facff0f34422e82,2017-10-23T06:57:14.000Z,0.0013,0xfa410cbf8064c8343497883ae3bcc86977307bb3,buy,0xe26517a9967299453d3f1b48aa005e6127e67210,0x07052b4866c5bc94bd78cec99cb89327192400617f1bbd5827fd1a8088796f5b
99,17.04,0.020448,0xaa151d751268ae155df114b49facff0f34422e82,2017-10-23T06:55:52.000Z,0.0012,0xa1719da09b61c6d1fe0b1254b7e5374904e03cc2,buy,0xe26517a9967299453d3f1b48aa005e6127e67210,0x578651d7bff229112ccd45140f2161af657d98ecba994c1881b8e3c1f4118f1b
100,31.098,0.03560721,0xaa151d751268ae155df114b49facff0f34422e82,2017-10-23T06:54:23.000Z,0.001145,0xf81b3beedd011a715cacb3724873ddcc3053f6ef,buy,0xe26517a9967299453d3f1b48aa005e6127e67210,0xfa09e4fcd683d09914679753a1586fd2eb66b01ef7aca4092dea03e0f63ace56
101,7.799,0.008578892201,0xaa151d751268ae155df114b49facff0f34422e82,2017-10-23T06:53:22.000Z,0.001099999,0x611f881eb3499583c9cfd7c7c5e7ec0905cb2b69,buy,0xe26517a9967299453d3f1b48aa005e6127e67210,0xe211cb11af9624c5da822b50be709c4b38fbcc9f757f5c90ef8d77e91bfb536a
102,11.52780314,0.01266905565086,0xaa151d751268ae155df114b49facff0f34422e82,2017-10-23T06:52:32.000Z,0.001099,0xac3327da2c123c7f9aa64003a72c5548b01fb0ee,buy,0xe26517a9967299453d3f1b48aa005e6127e67210,0x8e13c4a423316d7db800b08e29fa33e49cfda3611c96609b9e44d7b338345866
103,23.2,0.0232,0xaa151d751268ae155df114b49facff0f34422e82,2017-10-23T06:51:09.000Z,0.001,0x5cb9c6a832282df6f9772de0f29a5233e0a651f0,buy,0xe26517a9967299453d3f1b48aa005e6127e67210,0xcb1672d313bb210ba7118f7c85bcba23adaabf465c980fbfb2412d202563e86d
104,58.92492736118034,0.024630619636973383,0x69bc96509a19ce70f5ddbbe2cdc736ca1fd615ee,2017-10-23T05:18:39.000Z,0.00041799999999999997,0x8cb649f655e89c270c9129f800449ec5267bad6e,sell,0xe26517a9967299453d3f1b48aa005e6127e67210,0x96b6c99d2c26befe584ad21a0f223008269c8480bc5cbb7689f4606b2204c032
105,13.425443663087753,0.005370177465235101,0xd74a3bf2c41454bf0a79bfe551795d1b747e8056,2017-10-22T11:57:20.000Z,0.00039999999999999996,0xc6fc6835ce16679c89567c0b33604d1e9a71bf99,sell,0xe26517a9967299453d3f1b48aa005e6127e67210,0x747ce162ff6d17a5298d1da3a08de3b0912de13978b087d66850edf6f93f8353
106,33.332668726946466,0.011666767381118532,0x518b7bb37a795801b4305bd39b7c78eab3ec2585,2017-10-22T10:38:33.000Z,0.00035001,0x21e70fee23868b5c84e3cfa093990ccc1eb5d02f,sell,0xe26517a9967299453d3f1b48aa005e6127e67210,0xf4964f70b95f19a12c3254d0b014c6888445ca1de369f05803ef68b2b414bd61
107,20.424,0.0245088,0x5aeda141ceb7323825fb57f8c0fae9a0a97a1674,2017-10-22T10:31:25.000Z,0.0012,0x5cb9c6a832282df6f9772de0f29a5233e0a651f0,buy,0xe26517a9967299453d3f1b48aa005e6127e67210,0x71c2b51f6f8a4517b37b010dc8ad89b89c49c221ef1d457199ebb6726a03eaa8
108,120.486,0.1445832,0xaa151d751268ae155df114b49facff0f34422e82,2017-10-22T08:05:07.000Z,0.0012,0xbc7011ddef7deb5169e0886a82a88d907914d4da,buy,0xe26517a9967299453d3f1b48aa005e6127e67210,0x689dcdcd103130da3b3adbcbf16c77b57d1c94f65a1c53ba2e349bf10fcd7e19
109,288.9,0.332235,0xaa151d751268ae155df114b49facff0f34422e82,2017-10-22T08:04:16.000Z,0.00115,0xc370be1c1ce33e0f69ce376640fac9a5dc2bbb10,buy,0xe26517a9967299453d3f1b48aa005e6127e67210,0x2be7fd33edb0d5c2e5c1a171ea9981e705399fc779c6f8dcb8a8d605b131e957
110,0.1,0.000115,0x6cdea8e07bf82d7a07dbf36642d6e5be8623845c,2017-10-22T05:28:08.000Z,0.00115,0xc370be1c1ce33e0f69ce376640fac9a5dc2bbb10,buy,0xe26517a9967299453d3f1b48aa005e6127e67210,0xceb46d4237769a027cc86fd155236203db4b417997b8f543f16cbdf0a1a8c667
111,14.65357392084538,0.004396072176253613,0x5aeda141ceb7323825fb57f8c0fae9a0a97a1674,2017-10-21T14:18:09.000Z,0.0002999999999999999,0x046f5b22e4ec4c5f1263ee11e1496fdcd2aafe3f,sell,0xe26517a9967299453d3f1b48aa005e6127e67210,0x993b0b660551bf6b604ba545ec47761874e00e775393cd7de74749ae0b2b3e4c
112,17,0.0238,0x5aeda141ceb7323825fb57f8c0fae9a0a97a1674,2017-10-21T10:33:53.000Z,0.0014,0xc370be1c1ce33e0f69ce376640fac9a5dc2bbb10,buy,0xe26517a9967299453d3f1b48aa005e6127e67210,0x693a05a9b801db121a6fd7a0c15e40a5271ba5a091b574c55aeacd2359953b69
113,33,0.0462,0x5aeda141ceb7323825fb57f8c0fae9a0a97a1674,2017-10-21T10:22:16.000Z,0.0014,0xc370be1c1ce33e0f69ce376640fac9a5dc2bbb10,buy,0xe26517a9967299453d3f1b48aa005e6127e67210,0xca69d0b32270bfce53da668ed1c2dcb68bc0e4cb8dbdd71bc35bdafc822248db
114,7.762,0.009997456,0xf4fd890e3ed61a67a6ad80d2c56bbee6eba18f96,2017-10-20T23:59:34.000Z,0.001288,0x5a29aec11f14a739f8ab58edf5269ca12fb90080,buy,0xe26517a9967299453d3f1b48aa005e6127e67210,0x445134ed45b2b610a5ec16bff321b218f1c71c8427ff3bc5c4623002a7384400
115,5.03,0.00476341,0xf4fd890e3ed61a67a6ad80d2c56bbee6eba18f96,2017-10-20T23:58:54.000Z,0.000947,0xf1527fd87461f89831ba9fc0d04e28c7dcbcb686,buy,0xe26517a9967299453d3f1b48aa005e6127e67210,0x3667de179c06aa67493ffc75cc841d990ca4b94a39453f594985ca4089c535a3
116,28.317,0.026759565,0xf4fd890e3ed61a67a6ad80d2c56bbee6eba18f96,2017-10-20T23:58:40.000Z,0.000945,0xac3327da2c123c7f9aa64003a72c5548b01fb0ee,buy,0xe26517a9967299453d3f1b48aa005e6127e67210,0xbe235b67098f11de2901da25ef3bbe8430aa6b6c9219fed053d3a88b3404b838
117,26.756,0.034488484,0xaa151d751268ae155df114b49facff0f34422e82,2017-10-20T18:04:44.000Z,0.001289,0x52d1971c0d1245badaad361394f7fb0f10421d01,buy,0xe26517a9967299453d3f1b48aa005e6127e67210,0x1c4cc33e5b0e0214664809a976b56f4d43376ea7c9a617ba0650f01cc4fd350a
118,30.474,0.02681712,0xaa151d751268ae155df114b49facff0f34422e82,2017-10-20T18:01:50.000Z,0.00088,0xcc20809d35d8465efcde023cb95fc092eec0e135,buy,0xe26517a9967299453d3f1b48aa005e6127e67210,0x9087bc9530a4c5fb99748710cd3d9d5805f6d3b5e4779c1fe0d595b95b40090f
119,144.533,0.144533,0xaa151d751268ae155df114b49facff0f34422e82,2017-10-20T18:00:27.000Z,0.001,0xacb9feda03c15c4a251567b940db880f2bf4f058,buy,0xe26517a9967299453d3f1b48aa005e6127e67210,0xa7d8ff720100d2465e8b8a0294987af48f0f4c7eb18ce5fbc78cf00c965e56ba
120,200,0.184,0xaa151d751268ae155df114b49facff0f34422e82,2017-10-20T17:58:13.000Z,0.00092,0x84896791a7d7e94707c79ed1ef0a1b61495b2f6d,buy,0xe26517a9967299453d3f1b48aa005e6127e67210,0x6fa55625a09232de2ec73fa3e64908e8069437597b7c7c6d639118fda38df741
121,0.000638494065267376,0.000000147555978483,0x0ae2d2b3a41f08ea2674178a6ea95a916aef0e6b,2017-10-20T14:58:27.000Z,0.00023109999999954486,0x9c471b289a1036c7a2301a169a5a97e9a9f8d38f,sell,0xe26517a9967299453d3f1b48aa005e6127e67210,0xc8b54908b98c4b059ec2b6c2ce75a133f348b6b1f1d2c5c026d6d284db47be7e
122,6.404733968697039,0.001377017803269863,0x0a72ebae0321b78bf42b5846c57f90d714a5cb31,2017-10-20T14:52:08.000Z,0.00021499999999999994,0x9c471b289a1036c7a2301a169a5a97e9a9f8d38f,sell,0xe26517a9967299453d3f1b48aa005e6127e67210,0xf6f3e237ed1a8edbf4645ffa73f3eafb62fd45060d9aafdbb25aaa9cb13dd5aa
123,1.202,0.00110584,0x518b7bb37a795801b4305bd39b7c78eab3ec2585,2017-10-20T09:48:16.000Z,0.00092,0xfa410cbf8064c8343497883ae3bcc86977307bb3,buy,0xe26517a9967299453d3f1b48aa005e6127e67210,0x6beee8903f78775a7423bea88805a44c89172951cec1fcb5fe600b8f90c6a7a6
124,8.843584886850763,0.001722297000299072,0x518b7bb37a795801b4305bd39b7c78eab3ec2585,2017-10-18T21:40:40.000Z,0.0001947509999999999,0x3439ea50ed00e9ba69d195eb0b5b403b3ba5fba2,sell,0xe26517a9967299453d3f1b48aa005e6127e67210,0x9418200253f75b74e995514f1254f2cf8f69b73d61cb7fb8b5900c8ac6380e16
125,1,0.0011,0x3ac636ac5c3a2576156ac5f10066ca68abe0ad54,2017-10-18T20:35:18.000Z,0.0011,0x22eb520ce1f1eaffade7c4ff769fff8599c1b24a,buy,0xe26517a9967299453d3f1b48aa005e6127e67210,0xfad26da316e3edc4811b84afd83030e357d76b8a4b60b3d702657a8763079390
126,0.5263157894736842,0.0005,0xf9695cd65d6dfdf257fab76a3eb0cb8f001971cc,2017-10-18T15:20:19.000Z,0.00095,0xbc7011ddef7deb5169e0886a82a88d907914d4da,buy,0xe26517a9967299453d3f1b48aa005e6127e67210,0xb70d196eaeb6f275c18d1f5896bc6aa393a6032ef2255ebb6f9c28124aee935d
127,0.5263157894736842,0.0005,0x379374d13077e8867ef31803c37baf9785a17c00,2017-10-18T15:20:19.000Z,0.00095,0xbc7011ddef7deb5169e0886a82a88d907914d4da,buy,0xe26517a9967299453d3f1b48aa005e6127e67210,0x0e9231fb95116d5a2c61fde1dc89d5c6c87392f08add06b84c8261f363eeed36
128,0.5,0.0005,0x16e5d97bbc92417e051e3b2cabfbf8ceea2acb9c,2017-10-17T18:03:04.000Z,0.001,0xc370be1c1ce33e0f69ce376640fac9a5dc2bbb10,buy,0xe26517a9967299453d3f1b48aa005e6127e67210,0x35342db2130356ecd651cf33324f50e75b051dba46c1b166f1c5b8e6988f5902
129,0.5,0.0005,0x42c24a83bded723edfdf5883bc7efb30bc1a1bf3,2017-10-17T16:00:01.000Z,0.001,0xc370be1c1ce33e0f69ce376640fac9a5dc2bbb10,buy,0xe26517a9967299453d3f1b48aa005e6127e67210,0xd9ae1fd96409ece5b167fbcca388949e12629293ffa9a844fef00e1c059b8108
130,9.480084433256904,0.001808582067923452,0x518b7bb37a795801b4305bd39b7c78eab3ec2585,2017-10-17T10:36:21.000Z,0.00019077699999999997,0xc6fc6835ce16679c89567c0b33604d1e9a71bf99,sell,0xe26517a9967299453d3f1b48aa005e6127e67210,0x47c9978511db9ad4ad775f5d093e795001c292fa5e59bd0edf92238089dfe317
131,0.35714285714285715,0.0005,0xcd912af5286dc0b0a23edb30209734ecb60838b3,2017-10-17T05:45:52.000Z,0.0014,0xbc7011ddef7deb5169e0886a82a88d907914d4da,buy,0xe26517a9967299453d3f1b48aa005e6127e67210,0xeebd59cbbc6660c31771572ebc75dffc7108be60763ba60f9d03886501cfe8f9
132,9.886,0.0173005,0xe1b70fc15811f1d1e8993ecc765aded8531024ff,2017-10-16T08:11:22.000Z,0.00175,0x8a36e269eab6cc7d5adf7823790f9ac1ab5f2a54,buy,0xe26517a9967299453d3f1b48aa005e6127e67210,0xa0acab6367a3c2bfe4009c929095b4dcc02178ee52255dda4db3d5b2ed6e2a3d
133,26.582380171468447,0.004814069049052935,0x518b7bb37a795801b4305bd39b7c78eab3ec2585,2017-10-16T06:33:47.000Z,0.00018109999999999996,0x7c05d26e6e283dd16a896d18661c3be87cc3abf9,sell,0xe26517a9967299453d3f1b48aa005e6127e67210,0x14e9f3f84e5aa9e8683c0dd1de04c1ce6b2c8a5aad7ad05288a4173f6f28c714
134,0.11396402534315543,0.000199437044350522,0x829dbcefc68aa16fb8da5532601bd9a7f26975ff,2017-10-15T09:58:18.000Z,0.00175,0x8a36e269eab6cc7d5adf7823790f9ac1ab5f2a54,buy,0xe26517a9967299453d3f1b48aa005e6127e67210,0xf5285d4a25ab5b45698f52fff35ba5186975844e9944c13a4fb83d770b304319
135,540,0.10206,0xc370be1c1ce33e0f69ce376640fac9a5dc2bbb10,2017-10-15T03:33:16.000Z,0.000189,0xca67a72a6f319bec968188b9bd6af9e44e52ca88,sell,0xe26517a9967299453d3f1b48aa005e6127e67210,0x842c9bd07eab7be9500b67cc031fb082233e0f3c6eabe6ea7f7f62e7496c3b68
136,5.313528063004686,0.000962279932210148,0x518b7bb37a795801b4305bd39b7c78eab3ec2585,2017-10-14T15:33:54.000Z,0.0001810999999999999,0xac77f661d447acf0a55b79b5f3e76776aae5ea18,sell,0xe26517a9967299453d3f1b48aa005e6127e67210,0x7ff7dfd01b669da897707ed672d40873c1d58a9d6c318367e704dd1831f50cf6
137,33.767,0.05807924,0x890cf03116fd0e4ec4b58660f88bedc3c188b217,2017-10-14T13:48:04.000Z,0.00172,0x22eb520ce1f1eaffade7c4ff769fff8599c1b24a,buy,0xe26517a9967299453d3f1b48aa005e6127e67210,0x8b49c9d9545d0bbfb46eea68d4752ea09a19c02c6b52392dd55b6d7d595dac04
138,9.62,0.01666665,0x5d5065b42bdee0274e394ba9042c21e1818c69cf,2017-10-14T08:46:19.000Z,0.0017325,0xd2a462c4747bcd2bbd72fd20bf4dddbb18e311a3,sell,0xe26517a9967299453d3f1b48aa005e6127e67210,0xbd23822a709914a8badd5e8e2ae1d6920eaae86ef3da338c8ea061b69997c0cb
139,5.703319708902402,0.001027173582893031,0x518b7bb37a795801b4305bd39b7c78eab3ec2585,2017-10-13T11:29:03.000Z,0.0001801009999999999,0xcf4f3a357fe858340dccff99ca30fd285b70b8a0,sell,0xe26517a9967299453d3f1b48aa005e6127e67210,0xbf5bc65cf429b48caaca166d77faf7d97f55cf9f97413f2314704d44a673c650
140,1448.0092338569978,2.607864630176453,0x3913431a763d5b4af01b5ff7ea8665c4c795ae28,2017-10-12T19:24:43.000Z,0.001801,0xdcd1965f236729943b371c018c2eb0f2d03fa43a,buy,0xe26517a9967299453d3f1b48aa005e6127e67210,0xa94d699f96c02156c8712908d8d6ca1bb6a28502f8dca33f6eb58e4ce0d8dcae
141,588.1472450153785,0.9969095803010667,0x3913431a763d5b4af01b5ff7ea8665c4c795ae28,2017-10-12T16:40:58.000Z,0.001695,0xf75e1b6f5cfa94d6645bd9bd9649e977fa333968,buy,0xe26517a9967299453d3f1b48aa005e6127e67210,0x0ecd3476d637672f63d8aaf08b7a5604e47b7e089b625db84f463c60bcb5cd4a
142,348.5397008,0.59251749136,0x3913431a763d5b4af01b5ff7ea8665c4c795ae28,2017-10-11T18:10:16.000Z,0.0017,0x1416df791ad8a9eb5dc115a0e5c98fca17019041,buy,0xe26517a9967299453d3f1b48aa005e6127e67210,0xcbe4e8374d6568f1d642bf2d15ca5761b883d5e0954477bdd253cf1ac7f5070c
143,1,0.00181,0x1c2dab0bc25205e34c7787ccf5f20b9a20b0b410,2017-10-11T13:02:59.000Z,0.00181,0xb8b131197c1ffa4dde9b36304735d63238dcfdae,sell,0xe26517a9967299453d3f1b48aa005e6127e67210,0x2514fd541d44757886317dd0171be92dfe2339b551a4241c8b4b80fb9fd75bc3
144,0.5,0.00085,0xdd3b7b82caa14a588410caa5e37bc9c9c02f27ce,2017-10-11T07:23:13.000Z,0.0017,0x1416df791ad8a9eb5dc115a0e5c98fca17019041,buy,0xe26517a9967299453d3f1b48aa005e6127e67210,0xefc033f2f3c22d43c094a26f9b8291f4d7d61e0f073c3f816af4819970c223cc
145,0.5,0.00085,0xdd3b7b82caa14a588410caa5e37bc9c9c02f27ce,2017-10-11T07:23:13.000Z,0.0017,0x1416df791ad8a9eb5dc115a0e5c98fca17019041,buy,0xe26517a9967299453d3f1b48aa005e6127e67210,0x2f1696037a33a55689f3903d0dd746b160609bceec40c3abcc25defd54479cf4
146,91.13946765028412,0.016406015571727644,0x518b7bb37a795801b4305bd39b7c78eab3ec2585,2017-10-11T04:44:20.000Z,0.00018000999999999998,0x22e2a2bf31257f767870ff5effea52cd77ab7fc4,sell,0xe26517a9967299453d3f1b48aa005e6127e67210,0x07c6db1bc07ee8cd4b5c47ca501a9275c98660553ead940606154439caefad12
147,1,0.00179,0x0249924245a19aa2d7f5ddb0739a7132b7d094ab,2017-10-11T03:16:18.000Z,0.00179,0xf75e1b6f5cfa94d6645bd9bd9649e977fa333968,buy,0xe26517a9967299453d3f1b48aa005e6127e67210,0x222122b1b6cf6231bb65340d821cc21a57e08247a3de46b14490bbeb124dc5dc
148,0.333,0.000999,0xe985ac05f01f7fa12e3322003e88bde06e6fe042,2017-10-10T22:40:23.000Z,0.003,0xf75e1b6f5cfa94d6645bd9bd9649e977fa333968,buy,0xe26517a9967299453d3f1b48aa005e6127e67210,0xfb5abbdace8f1bf4f9162fa06b78cff168f2b63283a61343d070359b19baecd3
149,3,0.00537,0xbf52f67f8524587d6a7ab1f1f8d092c635b9587f,2017-10-10T22:16:51.000Z,0.00179,0xf75e1b6f5cfa94d6645bd9bd9649e977fa333968,buy,0xe26517a9967299453d3f1b48aa005e6127e67210,0xaff918967c7d2776391cb99e2ef05fc8912df78a378fe64d22799a6fa832abb5
150,1110.8012170350248,2.0005529918800797,0x829dbcefc68aa16fb8da5532601bd9a7f26975ff,2017-10-10T16:23:23.000Z,0.001801,0xdcd1965f236729943b371c018c2eb0f2d03fa43a,buy,0xe26517a9967299453d3f1b48aa005e6127e67210,0xea16f2ac4a683b700a7f541d73db188c8843858705040b1ed7944ea080c79ef6
151,2496.9074474574486,4.496930312870865,0x829dbcefc68aa16fb8da5532601bd9a7f26975ff,2017-10-10T16:01:04.000Z,0.001801,0xdcd1965f236729943b371c018c2eb0f2d03fa43a,buy,0xe26517a9967299453d3f1b48aa005e6127e67210,0x3597f4205cd3691afc64d86e4866ee44ccd5229d7a7bbaa48cf95617400c2e65
152,5390.321159158797,9.707968407644994,0x829dbcefc68aa16fb8da5532601bd9a7f26975ff,2017-10-10T15:49:05.000Z,0.001801,0xdcd1965f236729943b371c018c2eb0f2d03fa43a,buy,0xe26517a9967299453d3f1b48aa005e6127e67210,0xcfa86a7ea5097a77817c063945d58e81f16441f1104f02bd9af7bccc28b26206
153,314.83477179892327,0.5670174240098608,0x829dbcefc68aa16fb8da5532601bd9a7f26975ff,2017-10-10T10:05:24.000Z,0.001801,0xdcd1965f236729943b371c018c2eb0f2d03fa43a,buy,0xe26517a9967299453d3f1b48aa005e6127e67210,0xaf3cf677df3428820ac847f54d50764e44d399da819adc22a8df8a551eea5dd3
154,226.73784045737136,0.40835485066372584,0x829dbcefc68aa16fb8da5532601bd9a7f26975ff,2017-10-10T09:51:50.000Z,0.001801,0xdcd1965f236729943b371c018c2eb0f2d03fa43a,buy,0xe26517a9967299453d3f1b48aa005e6127e67210,0x786ca9ea8fcedc24ba56cae8a7322b09b597aa378d1b567f212d8f0ce462ecb9
155,800,1.4408,0x829dbcefc68aa16fb8da5532601bd9a7f26975ff,2017-10-10T09:46:49.000Z,0.001801,0x65c6ad9653f02537e6f374cf53a68007b81908fd,buy,0xe26517a9967299453d3f1b48aa005e6127e67210,0xff9ffb1668ec5c408e281bbd37cc597375e67047d93a1974cdf076651421ab41
156,2728.10294724788,4.9133134079934315,0x829dbcefc68aa16fb8da5532601bd9a7f26975ff,2017-10-10T09:11:34.000Z,0.001801,0xdcd1965f236729943b371c018c2eb0f2d03fa43a,buy,0xe26517a9967299453d3f1b48aa005e6127e67210,0xca1fce66b9d95f6bbddc4c251eff91f33038a514cd5fa860eca22aa56d3499ae
157,4594.44832390826,8.274601431358777,0x829dbcefc68aa16fb8da5532601bd9a7f26975ff,2017-10-10T09:00:01.000Z,0.001801,0xdcd1965f236729943b371c018c2eb0f2d03fa43a,buy,0xe26517a9967299453d3f1b48aa005e6127e67210,0x5d3fc76dc4e993b9596253c56199e8127ac7fd539c7bd203fe7b5f5c897ee159
158,1403.0860410263424,2.526957959888443,0x829dbcefc68aa16fb8da5532601bd9a7f26975ff,2017-10-10T08:31:45.000Z,0.001801,0xdcd1965f236729943b371c018c2eb0f2d03fa43a,buy,0xe26517a9967299453d3f1b48aa005e6127e67210,0xacc2d1446406fe9cbf1cd304c4ee4e91e6149e452f8349fc2c878530793cd076
159,1439.0750760486305,2.5917742119635836,0x829dbcefc68aa16fb8da5532601bd9a7f26975ff,2017-10-10T08:27:59.000Z,0.001801,0xdcd1965f236729943b371c018c2eb0f2d03fa43a,buy,0xe26517a9967299453d3f1b48aa005e6127e67210,0xafc2f0af3c5c6e0174c9b8f0e5a9586c9d9b5d1261d267562495562d4e873b84
160,1988.2811808471274,3.5808944067056765,0x829dbcefc68aa16fb8da5532601bd9a7f26975ff,2017-10-10T08:11:18.000Z,0.001801,0xdcd1965f236729943b371c018c2eb0f2d03fa43a,buy,0xe26517a9967299453d3f1b48aa005e6127e67210,0xc5a59b8b27e4fef1fcd6b59fd2eca57c8a09c1a5a35fe95b1c807e706d64425f
161,2530.479547273586,4.557393664639728,0x829dbcefc68aa16fb8da5532601bd9a7f26975ff,2017-10-10T07:57:22.000Z,0.001801,0xdcd1965f236729943b371c018c2eb0f2d03fa43a,buy,0xe26517a9967299453d3f1b48aa005e6127e67210,0x2bd72467a77dfce6958867979ff81de293891a012823017319f4d9b976a02be5
162,0.1,0.0008,0x0024a5046fd95c5eee6db19a69ef7ed3bacd50f1,2017-10-09T21:27:18.000Z,0.008,0xf75e1b6f5cfa94d6645bd9bd9649e977fa333968,buy,0xe26517a9967299453d3f1b48aa005e6127e67210,0xdd68a91454523cc7b40df9b876bd691c9805263d841bebde40af604f98a07ad7
