,amount,amountBase,buyer,date,price,seller,side,tokenAddr,txHash
0,78.2358678,0.47723879358,0xadb60bb82fbabcf0932fc90538256989733e219c,2017-11-02T15:28:00.000Z,0.0061,0xb43e580005746560fc7e5907e39be61a1fcab312,sell,0xa8006c4ca56f24d6836727d106349320db7fef82,0xe94b3bcec17c0a2f734989e0694fb94329da75733cfd676d97d23cfd0dccf020
1,0.05681824,0.0005,0x4fda9e6bcd83af6c5cc771b5d20accc2b7720074,2017-11-02T12:02:13.000Z,0.008799990988809228,0xc07902149ed02043c5632e3470204d39e3d8ba2f,buy,0xa8006c4ca56f24d6836727d106349320db7fef82,0x3aac7d2a4704ba5dc3f303f21e65e2e44e2978fd8356ade35ad7e6a663459060
2,13.137,0.0853905,0x49ef69ad25f2f37761fd336a6024360e243614f3,2017-11-02T11:13:16.000Z,0.0065,0x1f67b4c8192adae330cd1724bb0374e39fe80530,sell,0xa8006c4ca56f24d6836727d106349320db7fef82,0xeefbf5ba42299b33d6af2f42726e71560d0053e6a94dd0b14a32e25ffb9b4cb5
3,2.18364257,0.0155050850868392,0x415017548c9b451d49736be0929c8c03321672d8,2017-11-02T11:12:54.000Z,0.00710056,0x1f67b4c8192adae330cd1724bb0374e39fe80530,sell,0xa8006c4ca56f24d6836727d106349320db7fef82,0x0a9e835b2fa7dee58cdb0bda677709e5ca4aebd47e171386ca8f345108aca748
4,20,0.1758,0x1f67b4c8192adae330cd1724bb0374e39fe80530,2017-11-02T11:11:57.000Z,0.00879,0xfbf7dc0756a9768d0c71aea5f8421f3b1eaee7d1,buy,0xa8006c4ca56f24d6836727d106349320db7fef82,0x2c846063eb93a6ad52d34a767d84cd9878871fbbf7067c1a93e292b6c98d2ee6
5,45,0.351,0x6cb38b435b56211ef7ebc838dd02e6c682e8b10e,2017-11-01T11:50:32.000Z,0.0078,0x5a91def498b2dd9c6995f92e03412574ad8c1672,buy,0xa8006c4ca56f24d6836727d106349320db7fef82,0x4ded5da05a603e886a0aa3c4fa60dc6a0e54f5b2385cd620545145c3598549c4
6,36.56997169,0.223076827309,0xadb60bb82fbabcf0932fc90538256989733e219c,2017-11-01T10:22:30.000Z,0.0061,0x0cd2795a623adeb9370e2895e8d7526a6e4c556d,sell,0xa8006c4ca56f24d6836727d106349320db7fef82,0x6f582e098fb97432ead5d2247018db2628da6e8a755210bd5a9e21651200c32d
7,36.67968161,0.21824410521270318,0x0cd2795a623adeb9370e2895e8d7526a6e4c556d,2017-11-01T10:22:30.000Z,0.00594999999,0xc07902149ed02043c5632e3470204d39e3d8ba2f,buy,0xa8006c4ca56f24d6836727d106349320db7fef82,0x6f582e098fb97432ead5d2247018db2628da6e8a755210bd5a9e21651200c32d
8,12,0.07139999988,0x273a5d3e6721b9f5c1a6474f560c1334c63dda01,2017-11-01T10:16:52.000Z,0.00594999999,0xc07902149ed02043c5632e3470204d39e3d8ba2f,buy,0xa8006c4ca56f24d6836727d106349320db7fef82,0xab0ec9a03f2a24a40e20b4a3459df4cfd74e6e42d37bd0cbb7f9b9848a56a959
9,1.32031838,0.007855894407296816,0x273a5d3e6721b9f5c1a6474f560c1334c63dda01,2017-11-01T10:16:52.000Z,0.005950000035064888,0xc07902149ed02043c5632e3470204d39e3d8ba2f,buy,0xa8006c4ca56f24d6836727d106349320db7fef82,0x78cfd8550b033dd0525ca605e3527f9987afe5541718f01bf84fdbd510f86684
10,1.31635743,0.0093468749131608,0x415017548c9b451d49736be0929c8c03321672d8,2017-11-01T10:16:52.000Z,0.00710056,0x273a5d3e6721b9f5c1a6474f560c1334c63dda01,sell,0xa8006c4ca56f24d6836727d106349320db7fef82,0x78cfd8550b033dd0525ca605e3527f9987afe5541718f01bf84fdbd510f86684
11,11.964,0.084951111804,0x6b6b9050d5b193799451a00b045939a6c9a01f1b,2017-11-01T10:16:52.000Z,0.007100561,0x273a5d3e6721b9f5c1a6474f560c1334c63dda01,sell,0xa8006c4ca56f24d6836727d106349320db7fef82,0xab0ec9a03f2a24a40e20b4a3459df4cfd74e6e42d37bd0cbb7f9b9848a56a959
12,100,0.905,0xaa1355520d66fa39891fea4812e81bb21382d5df,2017-11-01T09:38:04.000Z,0.00905,0xfbf7dc0756a9768d0c71aea5f8421f3b1eaee7d1,buy,0xa8006c4ca56f24d6836727d106349320db7fef82,0xb0415d26debcae620ad2f41a569cee5fa0d1e87ad08e25862646cddb5ecbbdbb
13,45,0.3375,0x5a91def498b2dd9c6995f92e03412574ad8c1672,2017-11-01T07:12:21.000Z,0.0075,0xf124c07cbf9bee82db79462ad5e9d809ca11d02e,sell,0xa8006c4ca56f24d6836727d106349320db7fef82,0x528eab42e188465bb1a668bce72d3035c158bfba1f8fe84f8787291e7100b026
14,0.001,0.00000907982,0x6c441655c765b20ef239e315a8aa8f85b79808c5,2017-10-31T23:32:46.000Z,0.00907982,0xd2fd00999005929be5e3983c74c196e029cee5a2,buy,0xa8006c4ca56f24d6836727d106349320db7fef82,0x756f44b3eb0e10665a524fa14409358144cb53e6579ce5ad3117344e8670e64b
15,2.92261911,0.021919643325,0x30a619640f6019ac143a142b9ff71b0cd3bc864a,2017-10-31T19:43:48.000Z,0.0075,0x009a12d4290630bc01fd82516ac57c1dc6a9bcfb,sell,0xa8006c4ca56f24d6836727d106349320db7fef82,0x1507e2ae5edf97a0a654e104e826c7d62b5b1bbf88538421fa51c16078f21b85
16,50,0.375,0x6cb38b435b56211ef7ebc838dd02e6c682e8b10e,2017-10-31T19:43:48.000Z,0.0075,0x009a12d4290630bc01fd82516ac57c1dc6a9bcfb,sell,0xa8006c4ca56f24d6836727d106349320db7fef82,0xa5c9ba131b11dab27bd10d824c122bc00b5cbe6f042dce2a7576650d0aaa12d7
17,80,0.6,0xadb60bb82fbabcf0932fc90538256989733e219c,2017-10-31T19:43:28.000Z,0.0075,0x009a12d4290630bc01fd82516ac57c1dc6a9bcfb,sell,0xa8006c4ca56f24d6836727d106349320db7fef82,0x57611a5803938ed7329e105e7ef020517d80986ca5857f422484e59b8963711c
18,50,0.376,0x316bf1f1034efba2d0127b2c8e978dbe96cfa19b,2017-10-31T19:43:14.000Z,0.00752,0x009a12d4290630bc01fd82516ac57c1dc6a9bcfb,sell,0xa8006c4ca56f24d6836727d106349320db7fef82,0x3a613efa62d4192100167d389b51ec5063a7eac667940f3dba899752b42ec054
19,200,1.502,0xfbf7dc0756a9768d0c71aea5f8421f3b1eaee7d1,2017-10-31T19:43:14.000Z,0.00751,0x009a12d4290630bc01fd82516ac57c1dc6a9bcfb,sell,0xa8006c4ca56f24d6836727d106349320db7fef82,0xc42b5179cbab9abbf337b05177521832b4572cd8d5837c553cf8bc99e1a04e51
20,29.59903285,0.26932028276394615,0xc83dcebf5bd691100e6e234fe03d20daed25d660,2017-10-31T19:37:45.000Z,0.009098955500633736,0xd2fd00999005929be5e3983c74c196e029cee5a2,buy,0xa8006c4ca56f24d6836727d106349320db7fef82,0x34f0c4b8229886ae4f1aa0eb098749767834318d8d3c075806523c6614701945
21,200,1.8199,0x6cb38b435b56211ef7ebc838dd02e6c682e8b10e,2017-10-31T14:36:42.000Z,0.0090995,0xd2fd00999005929be5e3983c74c196e029cee5a2,buy,0xa8006c4ca56f24d6836727d106349320db7fef82,0x9504fc870e923b1666e7136a0812a84459bdca131c4609bca0e9897d40caeed2
22,4.02974754,0.032640955074,0x4089bc81b3e2e986fbd429e03094faf6685200db,2017-10-31T14:31:01.000Z,0.0081,0xf01cc749a4a6a3e19a5dfc88f9de1e3f0aa41390,sell,0xa8006c4ca56f24d6836727d106349320db7fef82,0xcc47e54d2eb4487354845e7127faf0bc9c6a996f6b069b91f0ec743bff440651
23,40,0.36398,0x6cb38b435b56211ef7ebc838dd02e6c682e8b10e,2017-10-31T13:12:49.000Z,0.0090995,0xd2fd00999005929be5e3983c74c196e029cee5a2,buy,0xa8006c4ca56f24d6836727d106349320db7fef82,0xaf29d2438d8e2473417f8d0263bf4a71eabdfcdbe5587343b2680250d5d5de35
24,0.99690957,0.008074967517,0x4089bc81b3e2e986fbd429e03094faf6685200db,2017-10-31T13:03:35.000Z,0.0081,0x077664018c741c2df811ecd2f0ed6668c89bbb49,sell,0xa8006c4ca56f24d6836727d106349320db7fef82,0x04a013db42a43c67d376ac55335c9f57ca778ee66992b894cfb9b18f0b91c6c1
25,0.646,0.00587214,0x5114ad8984991f06d8413870e2a05d60b297f764,2017-10-31T08:40:24.000Z,0.00909,0xc73604d0514ac01e63513d07601e7e98f2f117b4,sell,0xa8006c4ca56f24d6836727d106349320db7fef82,0xf1bd2938379fd901664f3b6db2ff5602a405e72d199b9f8e81608c62f1200a78
26,8,0.07272,0x5114ad8984991f06d8413870e2a05d60b297f764,2017-10-31T08:01:31.000Z,0.00909,0xd2fd00999005929be5e3983c74c196e029cee5a2,sell,0xa8006c4ca56f24d6836727d106349320db7fef82,0xc885061b0fcaae62b680854072635b3073e36e8fc32e0a4bcdb30083be956d5f
27,79,0.7189,0x2c52d3aae686adb8ea39caeb71a27bda3424e6df,2017-10-31T06:58:48.000Z,0.0091,0x80479636d971ccc142716436ac94828dee000e86,buy,0xa8006c4ca56f24d6836727d106349320db7fef82,0xbe985cae49385aef1190732908c3a0fc0254e4e76ff0af8744811121d1295095
28,150,1.3635,0x2c52d3aae686adb8ea39caeb71a27bda3424e6df,2017-10-31T06:55:37.000Z,0.00909,0xfbf7dc0756a9768d0c71aea5f8421f3b1eaee7d1,buy,0xa8006c4ca56f24d6836727d106349320db7fef82,0x23dabc3227786eb89766fe59df717f29a38d032171e5634109b27e2e97ecd75a
29,0.06,0.000453,0xfbf7dc0756a9768d0c71aea5f8421f3b1eaee7d1,2017-10-31T04:49:09.000Z,0.00755,0xe444a40689f51f63bcd29910622035707d533d29,sell,0xa8006c4ca56f24d6836727d106349320db7fef82,0x584707f6b809d420d05041bf81b162b40af44fde95a975751651d57475f40843
30,150,1.2165,0xfbf7dc0756a9768d0c71aea5f8421f3b1eaee7d1,2017-10-31T04:00:51.000Z,0.00811,0xb95d753d130b387f0189d67d6b46f023966ae6b6,sell,0xa8006c4ca56f24d6836727d106349320db7fef82,0x82d01ce09b1ebfa3bbae2d21c9527e18763eccc09efb880a5f46871c59f08f50
31,123,0.996300123,0x7976e652f7472830b2b2ab23980506e4512fae4f,2017-10-31T04:00:51.000Z,0.008100001,0xb95d753d130b387f0189d67d6b46f023966ae6b6,sell,0xa8006c4ca56f24d6836727d106349320db7fef82,0x8b8524d138b409ddfc7f1e9a8f91778519c5af588982472f539812c2def0ace1
32,0.943,0.0076383,0x4089bc81b3e2e986fbd429e03094faf6685200db,2017-10-31T03:49:45.000Z,0.0081,0x009a12d4290630bc01fd82516ac57c1dc6a9bcfb,sell,0xa8006c4ca56f24d6836727d106349320db7fef82,0x0bc92a1359e917ac8a1fc547d70c9ff8291eec856c9c8eafefdb81eb03aea230
33,0.99999999,0.009099999999999999,0x077664018c741c2df811ecd2f0ed6668c89bbb49,2017-10-31T03:35:35.000Z,0.009100000091,0xc07902149ed02043c5632e3470204d39e3d8ba2f,buy,0xa8006c4ca56f24d6836727d106349320db7fef82,0xf90ce76005bad97006005d04087a9fcb183f14d0a6a05f46ca5d07008d7b7fac
34,12.9,0.11739,0xabdda95296bee3062ac3ded6bc2d68c29f691bbb,2017-10-30T23:01:39.000Z,0.0091,0x80479636d971ccc142716436ac94828dee000e86,buy,0xa8006c4ca56f24d6836727d106349320db7fef82,0x63b1a6e48db8ba5dbdbc3eae85e13a5744273bbe9f1804e3de7b3c9d64bceb64
35,3,0.029997,0xff64f34e8511693e3dffa0e1fe037a6a65f3937b,2017-10-30T22:23:51.000Z,0.009999,0xd2fd00999005929be5e3983c74c196e029cee5a2,buy,0xa8006c4ca56f24d6836727d106349320db7fef82,0x56d162961b1dbe0c10b0fca3e0f171757db77b47d76563f1823138587b57cf97
36,34,0.3111,0x7b93aa3c49fdeecb990b868ec479c73f0ce7db8c,2017-10-30T22:22:26.000Z,0.00915,0xb8dd9811d6cf2e6bb69d4db7e6134cbeda4c79a1,sell,0xa8006c4ca56f24d6836727d106349320db7fef82,0x21dc1ca35c4cf31bdcd0433b14da8ce56d3300b588ec1fb56820ccde774d22d2
37,100,1.02,0x37dd4e5111c436147b1ff6821983bcf81fb23352,2017-10-30T22:05:15.000Z,0.0102,0xd2fd00999005929be5e3983c74c196e029cee5a2,buy,0xa8006c4ca56f24d6836727d106349320db7fef82,0x9eb1d7654f86628036beaef8bab497c3972e79d7372b00dab4100b2b61d1f51f
38,76,0.6954,0x7b93aa3c49fdeecb990b868ec479c73f0ce7db8c,2017-10-30T21:59:16.000Z,0.00915,0xd2fd00999005929be5e3983c74c196e029cee5a2,sell,0xa8006c4ca56f24d6836727d106349320db7fef82,0xcd20cad04593fa8a7243cb394b8cc79426ac0433fde5d5e5278012e5a09e8107
39,14.35257221,0.14926675106246765,0x7942bbc7a6fd4ca2074f9e330d2e0103d5da9474,2017-10-30T21:15:26.000Z,0.010400000005467149,0x0a928293c3f5fb53b1110dbacc4217ebfa3a426e,buy,0xa8006c4ca56f24d6836727d106349320db7fef82,0x77dc4c1f4cd33f3b2a7fca1aa508b51702630569736f3fc472d32a18256af16b
40,15,0.1545,0x7942bbc7a6fd4ca2074f9e330d2e0103d5da9474,2017-10-30T21:13:32.000Z,0.0103,0x981ba820974f9d581db0b77ecccdb15fa0a82f48,buy,0xa8006c4ca56f24d6836727d106349320db7fef82,0xaa3f0892f655f96e99e68c26f81b426cedf0b26593175968d573494b4b24bce8
41,4,0.032000004,0xa9284aefdd8cacd510ea3ce7136608956b92c8a2,2017-10-30T20:53:26.000Z,0.008000001,0xc45a12d4151d012a133da631e5e34103b44d859c,sell,0xa8006c4ca56f24d6836727d106349320db7fef82,0x8b4d81704b820e1044d2807aec931acf841744c324e006fc807cfd6740199951
42,25,0.200125,0x73f55f675b1b035b59fed3f1bde3e42411d9e49c,2017-10-30T20:48:46.000Z,0.008005,0xc45a12d4151d012a133da631e5e34103b44d859c,sell,0xa8006c4ca56f24d6836727d106349320db7fef82,0xbe26e0a0265de002dc6aad4fc9fa93e3f5eaf6b90bb55078dd068c63748800a8
43,12.0618084,0.0964944792618084,0x0d08d3fe6fca58e82982ac4d0eada1f457f4e929,2017-10-30T20:48:46.000Z,0.008000001,0xc45a12d4151d012a133da631e5e34103b44d859c,sell,0xa8006c4ca56f24d6836727d106349320db7fef82,0xc6ddaf8631dd0c216fec2214cfa250363207e2e4ab7d87888db9c22bdeb2ca08
44,54.142,0.433136,0x80479636d971ccc142716436ac94828dee000e86,2017-10-30T20:48:07.000Z,0.008,0xc45a12d4151d012a133da631e5e34103b44d859c,sell,0xa8006c4ca56f24d6836727d106349320db7fef82,0x922b958d9e0ec4f43b30bb8ef7142d9e164aadc59f0f3b71f33399eb7e548aa8
45,19.9381916,0.1595055527381916,0x0d08d3fe6fca58e82982ac4d0eada1f457f4e929,2017-10-30T18:27:08.000Z,0.008000001,0x9392ed3a839f9e13f0e46678725afbe9473b62e4,sell,0xa8006c4ca56f24d6836727d106349320db7fef82,0xd4d885b37d442dc90d7d510f80ae717e85ad0fe9d2aa07f5e8de4d22c391f7f7
46,10,0.1075,0xb4644415a639bf48418f50717ea59e7299682173,2017-10-30T16:57:07.000Z,0.01075,0x300fcd2f8b3d0951e314becfdebfd6a09f8ba986,buy,0xa8006c4ca56f24d6836727d106349320db7fef82,0xaa939c46b684307eb381d2101dac3428c206091068f436ff0605eebe8a5c05e7
47,85.71,0.9325248,0x3c16638ff6491ed866a45df77c326c3ff4465793,2017-10-30T16:09:11.000Z,0.01088,0xe48cfc30f893dfdeef7b413c339822304a45d078,buy,0xa8006c4ca56f24d6836727d106349320db7fef82,0x1c5fb1189dd869016f51f10dc91ae526877fff4fe41ada9ed0f336dfb47d72c7
48,100,1.15899999999,0xc45a12d4151d012a133da631e5e34103b44d859c,2017-10-30T16:00:39.000Z,0.0115899999999,0xc07902149ed02043c5632e3470204d39e3d8ba2f,buy,0xa8006c4ca56f24d6836727d106349320db7fef82,0xcbad1635a5d127f97c3558591ab49166837b0d141dcde64a3a85a53ed3eb0009
49,56,0.6104,0x300fcd2f8b3d0951e314becfdebfd6a09f8ba986,2017-10-30T15:57:28.000Z,0.0109,0xe48cfc30f893dfdeef7b413c339822304a45d078,buy,0xa8006c4ca56f24d6836727d106349320db7fef82,0x81f8aa7fc876522c36aa0cdb6b58b915647f3879093027cf8c817fe29af6d8d6
50,20,0.2316,0x9392ed3a839f9e13f0e46678725afbe9473b62e4,2017-10-30T15:46:47.000Z,0.01158,0xe48cfc30f893dfdeef7b413c339822304a45d078,buy,0xa8006c4ca56f24d6836727d106349320db7fef82,0xf74df05763fbe2965024dc14932f21a3d327c0b287cd916f2eeffdae20721629
51,1,0.0118,0x8d2e198dcae5251acb3e0b779d9fecbb36e0d345,2017-10-30T15:00:06.000Z,0.0118,0x69bc96509a19ce70f5ddbbe2cdc736ca1fd615ee,buy,0xa8006c4ca56f24d6836727d106349320db7fef82,0x8b9d7bfd9d14c208a378bab1dfc586fe30e9ae8ad05794f1129070fdf35ebf68
52,1.32671963,0.015655291685412298,0xd5b3805a314a1f406763c1e04dcad729b1af89f2,2017-10-30T14:57:34.000Z,0.011800000038751443,0xe48cfc30f893dfdeef7b413c339822304a45d078,buy,0xa8006c4ca56f24d6836727d106349320db7fef82,0x32e7864fcafc6da795f069297d3cd61ba225681e6bf12215e63e1565c126abd6
53,42,0.4956,0xd5b3805a314a1f406763c1e04dcad729b1af89f2,2017-10-30T14:56:49.000Z,0.0118,0xe48cfc30f893dfdeef7b413c339822304a45d078,buy,0xa8006c4ca56f24d6836727d106349320db7fef82,0x4948556b618f580d47f1f9677625b015ca4df9f455cff6ef4e173bf7a1899500
54,20.97311892,0.24748280330973982,0x9dccb260ac80c03a318b4874b77900514faa93c2,2017-10-30T14:55:39.000Z,0.011800000002562318,0xe48cfc30f893dfdeef7b413c339822304a45d078,buy,0xa8006c4ca56f24d6836727d106349320db7fef82,0x28d455db0306c4aa650ccf7eb2894dc686ff0aaa8aa06917a04c122179ca66ec
55,70,0.826,0x8d2e198dcae5251acb3e0b779d9fecbb36e0d345,2017-10-30T14:55:39.000Z,0.0118,0xe48cfc30f893dfdeef7b413c339822304a45d078,buy,0xa8006c4ca56f24d6836727d106349320db7fef82,0x8345e073d0f4e11aac186f071bef9288e91dba1175159b8e28a8a78f066a9256
56,1,0.0119,0xa0e8d87e5caf8424c86c8d95d99d6394dc04ad22,2017-10-30T14:51:54.000Z,0.0119,0xbf996c7c57c387ceebaf2f57c492d84a6b43cd4b,buy,0xa8006c4ca56f24d6836727d106349320db7fef82,0x62dc12c9f9c2aa8cca8684c43011394b7b0c264da7af930dced2b28998cb88b4
57,40.97236455,0.32982753464299525,0x59478c47d713989bf4347ded91705ad90b5b5582,2017-10-30T14:44:13.000Z,0.008050000000378189,0x009a12d4290630bc01fd82516ac57c1dc6a9bcfb,buy,0xa8006c4ca56f24d6836727d106349320db7fef82,0x6893ecf79edd66333cf96d63470e6dc71069b03493d616f6dbc7f710ccf3c5fd
58,30,0.24,0xc20ba3d0ce47f54ea2f160e87dae916a58fb903f,2017-10-30T14:43:15.000Z,0.008,0x981ba820974f9d581db0b77ecccdb15fa0a82f48,buy,0xa8006c4ca56f24d6836727d106349320db7fef82,0xf09dd0fa3263611b5d97cba2bc8f8f8e6e3a05e18359bce8b7f4633f4a0cb933
59,99.69095803,0.8025122121415,0xcecc81127bae014fdc4055a788e340a75f2e7dfd,2017-10-30T14:39:04.000Z,0.00805,0xe48cfc30f893dfdeef7b413c339822304a45d078,sell,0xa8006c4ca56f24d6836727d106349320db7fef82,0x19b06e18518fa6df0f3922f1ed483a3299005e31146c73f780de5c81c0de1ba2
60,104.33225342,0.5216612671,0x8457a23c3b221635c4c5f33a013720c2d38d87fc,2017-10-30T10:39:29.000Z,0.005,0xa7fc4a2fdd8d263ac9c13758f91d866e745ddaa8,sell,0xa8006c4ca56f24d6836727d106349320db7fef82,0x7874b2111a1cb3ef92c0f24d0123999886a218dcf104a3021dac29a3ac688e26
61,327.03550699,1.63517753495,0x8457a23c3b221635c4c5f33a013720c2d38d87fc,2017-10-30T09:53:22.000Z,0.005,0x235a9dcaa2ab621da5779417f5b05c9a8b9fa6f7,sell,0xa8006c4ca56f24d6836727d106349320db7fef82,0xad28e1d50bb3a5f865cae5973d755897925531421beefad11f32d8e5f130bf0b
62,0.075,0.000375,0x8457a23c3b221635c4c5f33a013720c2d38d87fc,2017-10-30T02:33:00.000Z,0.005,0x16e5d97bbc92417e051e3b2cabfbf8ceea2acb9c,sell,0xa8006c4ca56f24d6836727d106349320db7fef82,0x3e053f08d7924ed05af52f18b6959f7c12f250f551a45cdebfca446a4df590a2
63,0.42857142,0.00299999994,0x44af922337dc92da1b81b94f400f39c937dfcba1,2017-10-29T08:00:08.000Z,0.007,0x009a12d4290630bc01fd82516ac57c1dc6a9bcfb,sell,0xa8006c4ca56f24d6836727d106349320db7fef82,0xf990df968ea1b4e671867e3518854d3ba540856062dca865d300148e71a55476
64,3,0.0216,0x7de31dca13d1a6bd144f5f88ba1b98a34bbf297a,2017-10-29T07:59:41.000Z,0.0072,0x009a12d4290630bc01fd82516ac57c1dc6a9bcfb,sell,0xa8006c4ca56f24d6836727d106349320db7fef82,0x393fc318f69d5e64fb5e7e8612dc4e9b85e4bd3943811aa23bf4d821545c2048
65,0.06174364,0.0005,0xe444a40689f51f63bcd29910622035707d533d29,2017-10-28T20:39:58.000Z,0.00809800005312288,0xc07902149ed02043c5632e3470204d39e3d8ba2f,buy,0xa8006c4ca56f24d6836727d106349320db7fef82,0xea53a6ac4aa345cb11153b2294f99f74d0b8668d9f0f7babc98a5d7757edd7a5
66,0.06174364,0.0005,0x34f9560c63078eb61872a4dc2ccd20e21c34feaf,2017-10-28T20:38:16.000Z,0.00809800005312288,0xc07902149ed02043c5632e3470204d39e3d8ba2f,buy,0xa8006c4ca56f24d6836727d106349320db7fef82,0xd38f2df006204208c61b441a74a7df8faed813dcc9e03fcb2b6e96476304023e
67,30,0.2429399997,0x0d08d3fe6fca58e82982ac4d0eada1f457f4e929,2017-10-28T20:29:21.000Z,0.00809799999,0xc07902149ed02043c5632e3470204d39e3d8ba2f,buy,0xa8006c4ca56f24d6836727d106349320db7fef82,0x9d87012aaa7497ea63086a72882accdbcd20de52ed8f0f5d4344e3ce7ac644ce
68,2.7916,0.0223328,0x781f987944ad20899598746a4e315d713364bc46,2017-10-28T14:13:03.000Z,0.008,0x273a5d3e6721b9f5c1a6474f560c1334c63dda01,sell,0xa8006c4ca56f24d6836727d106349320db7fef82,0xfdb098fb7c2648429e96c1fadeff0e551f4aa7fa448dc9f54ef64bb57daffad7
69,2.8,0.02156,0x273a5d3e6721b9f5c1a6474f560c1334c63dda01,2017-10-28T14:13:03.000Z,0.0077,0x7de31dca13d1a6bd144f5f88ba1b98a34bbf297a,buy,0xa8006c4ca56f24d6836727d106349320db7fef82,0xfdb098fb7c2648429e96c1fadeff0e551f4aa7fa448dc9f54ef64bb57daffad7
70,1.56497412,0.0104540427713412,0x851638b1a455db32e74a51d8d963910049597fc8,2017-10-27T21:45:21.000Z,0.00668001,0xee7d771fbf0aa4eed5444baf3f243f1f572e8fb5,sell,0xa8006c4ca56f24d6836727d106349320db7fef82,0xeb149705c98d9f6a7f862aeeb54343a4b1c37b4be339918d41e177f52236c717
71,6.86258883,0.04803812181,0x55ebcb84dca2e53a3df1442f51b0e762ee5c1b9e,2017-10-27T17:44:12.000Z,0.007,0xf124c07cbf9bee82db79462ad5e9d809ca11d02e,sell,0xa8006c4ca56f24d6836727d106349320db7fef82,0xa85877079d07c62a8f0184ed1846fb28e7f5a1384399024c9cd947e16381076e
72,20,0.16196,0xa0e8d87e5caf8424c86c8d95d99d6394dc04ad22,2017-10-27T16:58:34.000Z,0.008098,0x009a12d4290630bc01fd82516ac57c1dc6a9bcfb,buy,0xa8006c4ca56f24d6836727d106349320db7fef82,0x3d40273cca5353252ba82ef71266a082ec11d501bf1b2b7ce23177c824fb0392
73,20,0.162,0x6181e17380e282ca93d3c45eee9d9974528100b1,2017-10-27T12:49:02.000Z,0.0081,0xa7fc4a2fdd8d263ac9c13758f91d866e745ddaa8,buy,0xa8006c4ca56f24d6836727d106349320db7fef82,0xc9e398170706e43d79b1a1457e2113ff0aab30872623c83a0a65bd01a98c4a1d
74,105,0.798,0x6181e17380e282ca93d3c45eee9d9974528100b1,2017-10-27T12:47:55.000Z,0.0076,0xd59280c8ea49acd62c56d6bc5688324f07b95786,buy,0xa8006c4ca56f24d6836727d106349320db7fef82,0x347627f70e8e21cd3b3141fb12d18c72b5e3517d0692abe547177b330d48cf6b
75,105,0.798,0x6181e17380e282ca93d3c45eee9d9974528100b1,2017-10-27T12:47:35.000Z,0.0076,0xd59280c8ea49acd62c56d6bc5688324f07b95786,buy,0xa8006c4ca56f24d6836727d106349320db7fef82,0x347627f70e8e21cd3b3141fb12d18c72b5e3517d0692abe547177b330d48cf6b
76,9.1,0.0637,0xb95d753d130b387f0189d67d6b46f023966ae6b6,2017-10-27T10:30:54.000Z,0.007,0x0a08e76281779007801cfe6a0d0119f79a647e79,buy,0xa8006c4ca56f24d6836727d106349320db7fef82,0x60ac602b2e9d0f985e80091c9f066692214f96077bbcdffaf10df9e84a9a63ac
77,9.1,0.057921136,0x0a08e76281779007801cfe6a0d0119f79a647e79,2017-10-26T16:46:08.000Z,0.00636496,0x009a12d4290630bc01fd82516ac57c1dc6a9bcfb,sell,0xa8006c4ca56f24d6836727d106349320db7fef82,0xc279eb9e61f1dec2c16b9eb0293534520ed040ab3eeff4d3347fbc6b6adb0077
78,199.38191606,0.9969101784457481,0xc07902149ed02043c5632e3470204d39e3d8ba2f,2017-10-26T12:22:15.000Z,0.005000003,0x4fe6b4a43d57e1686a73bd404ca7c882afdc81d2,sell,0xa8006c4ca56f24d6836727d106349320db7fef82,0xa3ce9c39c458470a947c51aab410cc52a8fa253abc06f4038c63c6dda0a52322
79,105.99999999,0.9636363636363636,0xd59280c8ea49acd62c56d6bc5688324f07b95786,2017-10-25T21:07:15.000Z,0.009090909091766724,0x6181e17380e282ca93d3c45eee9d9974528100b1,buy,0xa8006c4ca56f24d6836727d106349320db7fef82,0x9ebd10aac004d83dbc22b694dc0e04d0fc45a0cb7e949955411db13f38a79f7c
80,100,0.909,0x5351caa25f3294be3f593f97f87ce3989eed1894,2017-10-25T20:53:56.000Z,0.00909,0x851638b1a455db32e74a51d8d963910049597fc8,buy,0xa8006c4ca56f24d6836727d106349320db7fef82,0xf077b0f1b71002eadacc15625c229734037551821b6c2eab76d165418cedc1e5
81,50,0.4949999995,0x971ca787a988d845bb065b86e933ad5900789354,2017-10-25T12:58:54.000Z,0.00989999999,0xc07902149ed02043c5632e3470204d39e3d8ba2f,buy,0xa8006c4ca56f24d6836727d106349320db7fef82,0x65b7502995f2deda0c0d3630d2da3331d86e393c2aca65d3336762545a9fb029
82,24,0.2376,0xa4ad7d46fe0701d014017582ba2aed8276e81a73,2017-10-25T05:38:13.000Z,0.0099,0x851638b1a455db32e74a51d8d963910049597fc8,sell,0xa8006c4ca56f24d6836727d106349320db7fef82,0xc0b207d08bf4dfa6cff532ca1a80e1af81df6e0ec143dae7e76f95b609b9d273
83,101,0.9999,0xb75ee5764a598403e986541c70a7168c292801f0,2017-10-25T03:24:26.000Z,0.0099,0x851638b1a455db32e74a51d8d963910049597fc8,sell,0xa8006c4ca56f24d6836727d106349320db7fef82,0xe9a1c2fca830b54e11debbf804b6a6061b0b134b7e66483d9b0ef66bb98409ef
84,201.56982554,0.8082952019852255,0xee7d771fbf0aa4eed5444baf3f243f1f572e8fb5,2017-10-25T00:04:06.000Z,0.004010001,0xc5718793a2cb5e9b01142a31c30edf0999173422,sell,0xa8006c4ca56f24d6836727d106349320db7fef82,0xdf1a6ff23b7ce878d43dd69ce27dac52698ca121eab285a98e113f036284f659
85,110,0.44110022,0xc07902149ed02043c5632e3470204d39e3d8ba2f,2017-10-25T00:02:20.000Z,0.004010002,0xc5718793a2cb5e9b01142a31c30edf0999173422,sell,0xa8006c4ca56f24d6836727d106349320db7fef82,0xf346e79b38e2b8d47d985df9b248d3a9729833fca18c348135ad96aa968646c4
86,156.82372401,1.5525548677184104,0xb4c526e90be1ed6535b6112fbaba162482c752b9,2017-10-24T18:38:46.000Z,0.009900000000123773,0xbd5b8bd3a1e9c76c658442dc59c03200fbaefa91,buy,0xa8006c4ca56f24d6836727d106349320db7fef82,0x31fb9241e3d65e1cd0442d764555e64fb2ea3c583ada72105e55fd98afac46dd
87,44.57659517,0.44130828772925595,0xb4c526e90be1ed6535b6112fbaba162482c752b9,2017-10-24T18:37:49.000Z,0.009899999900087837,0xc07902149ed02043c5632e3470204d39e3d8ba2f,buy,0xa8006c4ca56f24d6836727d106349320db7fef82,0x9506312b2773ef3c7a8ded9d5533eac395650d88b132c173c39d6fe8d73cc38a
88,0.00040482,0.000004007813044044,0xb4c526e90be1ed6535b6112fbaba162482c752b9,2017-10-24T18:34:37.000Z,0.009900234780998962,0xc07902149ed02043c5632e3470204d39e3d8ba2f,buy,0xa8006c4ca56f24d6836727d106349320db7fef82,0x90f5633f32e1d73536863d37d4921cf54480f081c032622d3a8f47c453767485
89,4.06084572,0.040202372644801115,0xb4c526e90be1ed6535b6112fbaba162482c752b9,2017-10-24T18:33:19.000Z,0.009900000004137344,0xbd5b8bd3a1e9c76c658442dc59c03200fbaefa91,buy,0xa8006c4ca56f24d6836727d106349320db7fef82,0x75d8be6a4392ca3114c93c3949c442dbe194aeb820f6bce933fbd69e40738abd
90,90,0.891,0xb4c526e90be1ed6535b6112fbaba162482c752b9,2017-10-24T17:56:00.000Z,0.0099,0xbd5b8bd3a1e9c76c658442dc59c03200fbaefa91,buy,0xa8006c4ca56f24d6836727d106349320db7fef82,0x75218865e40c9e0519ca45f41d10fb6a23bda5bd449cd0bdeeee3319eaf2282a
91,10,0.06,0xb4c526e90be1ed6535b6112fbaba162482c752b9,2017-10-24T17:12:39.000Z,0.006,0x009a12d4290630bc01fd82516ac57c1dc6a9bcfb,sell,0xa8006c4ca56f24d6836727d106349320db7fef82,0x6a95ed9c8d06a9c03bd498b0099ac1be855ccb7a07f2b172e8440238e0a5e887
92,61.7,0.249885,0x1f4eacced02484262960835f001158ea83d1e2ea,2017-10-24T17:12:39.000Z,0.00405,0x009a12d4290630bc01fd82516ac57c1dc6a9bcfb,sell,0xa8006c4ca56f24d6836727d106349320db7fef82,0x4153da340e5db1a2494e2e1544dc0a04f82eb7af56d13a623176da2b7a3c9512
93,2.5,0.0175,0x8bae70ee68c5bc9efb490b4991d1d71bdd0db617,2017-10-24T17:12:36.000Z,0.007,0x009a12d4290630bc01fd82516ac57c1dc6a9bcfb,sell,0xa8006c4ca56f24d6836727d106349320db7fef82,0xc8e2587fb0684e7d8fcc9d60f2a65fe6be922f98d5a96952a7622193b053e9a8
94,228.4817067,0.9139268268,0x009a12d4290630bc01fd82516ac57c1dc6a9bcfb,2017-10-24T17:02:55.000Z,0.004,0x755dfe72cff68f68627b7a6ce5ef96ece2bfcfdc,sell,0xa8006c4ca56f24d6836727d106349320db7fef82,0xb924f17a8536a09e6bda67706a9fc92469208b766a1c530996f1ddf9554dc264
95,99.07361743,0.614256428066,0x3d957c6ef4c89c3d8125b6ee4f01c40cd505d633,2017-10-24T12:27:28.000Z,0.0062,0x2483ca0b660beed6f2cc373e1bfb06854063c65d,sell,0xa8006c4ca56f24d6836727d106349320db7fef82,0xd803ef1842c355e469718c9bf47d76003337aeb12cd182bd4ec1edbedaa7fc32
96,7.6,0.0471200076,0xc07902149ed02043c5632e3470204d39e3d8ba2f,2017-10-24T12:26:22.000Z,0.006200001,0x2483ca0b660beed6f2cc373e1bfb06854063c65d,sell,0xa8006c4ca56f24d6836727d106349320db7fef82,0x9e876b35bd00fff724f5b40ba95a320a7e002b779f26d71a512c7c6047528580
97,120,0.744,0x3d957c6ef4c89c3d8125b6ee4f01c40cd505d633,2017-10-24T12:06:44.000Z,0.0062,0x2483ca0b660beed6f2cc373e1bfb06854063c65d,sell,0xa8006c4ca56f24d6836727d106349320db7fef82,0xda2bab1b1fbdb319b102427829ff5579f9c6ab5d09023c216e27d693f3d8b38b
98,0.05885815,0.001,0x4a57d0208164a1c1c63c75395dc444428a07b50a,2017-10-23T09:58:02.000Z,0.016990000535185016,0xb43e580005746560fc7e5907e39be61a1fcab312,buy,0xa8006c4ca56f24d6836727d106349320db7fef82,0xb9ea0642906d0d2285f1a86b8827000e28beb04e9bc637c7a9dcf5110d990337
99,0.05885815,0.001,0x4a57d0208164a1c1c63c75395dc444428a07b50a,2017-10-23T09:41:35.000Z,0.016990000535185016,0xb43e580005746560fc7e5907e39be61a1fcab312,buy,0xa8006c4ca56f24d6836727d106349320db7fef82,0x2b78e3c3d8a7d594d73c2e6430b3f6ea3377dba1b0dbdd2cb9317fc90b00e781
100,0.11764705,0.001,0x4a57d0208164a1c1c63c75395dc444428a07b50a,2017-10-23T09:25:02.000Z,0.008500000637500048,0xc07902149ed02043c5632e3470204d39e3d8ba2f,buy,0xa8006c4ca56f24d6836727d106349320db7fef82,0x8df7bbb107f4ea3007b2611903eee296f5719fc7860e3d8eac6f6180b47b4a59
101,5.3,0.0450499999947,0xd06565093dc5e110827c5ff27386595b448a1901,2017-10-23T09:21:23.000Z,0.008499999999,0xc07902149ed02043c5632e3470204d39e3d8ba2f,buy,0xa8006c4ca56f24d6836727d106349320db7fef82,0x9fe825080ee885b11717ffdda211d4975b84ba1930e098267182713c88c236a8
102,0.11764705,0.001,0x4a57d0208164a1c1c63c75395dc444428a07b50a,2017-10-23T09:06:07.000Z,0.008500000637500048,0xc07902149ed02043c5632e3470204d39e3d8ba2f,buy,0xa8006c4ca56f24d6836727d106349320db7fef82,0x67562ee24026b322066fa07dbba40a99ac8434597a5f232ca6615402f9b36794
103,0.05885815,0.001,0x4a57d0208164a1c1c63c75395dc444428a07b50a,2017-10-23T08:47:54.000Z,0.016990000535185016,0xb43e580005746560fc7e5907e39be61a1fcab312,buy,0xa8006c4ca56f24d6836727d106349320db7fef82,0x93ddb04f40dd706f029bbb9afeed8f343ff773dfe54bb2ff80f36fb8bc473eaa
104,0.05885815,0.001,0x4a57d0208164a1c1c63c75395dc444428a07b50a,2017-10-23T08:29:51.000Z,0.016990000535185016,0xb43e580005746560fc7e5907e39be61a1fcab312,buy,0xa8006c4ca56f24d6836727d106349320db7fef82,0x14efb6c44152b7afd5338ba54cbf6e318b28ab73bd541574318b3726dade32c8
105,0.05885815,0.001,0x4a57d0208164a1c1c63c75395dc444428a07b50a,2017-10-23T08:14:12.000Z,0.016990000535185016,0xb43e580005746560fc7e5907e39be61a1fcab312,buy,0xa8006c4ca56f24d6836727d106349320db7fef82,0x4760bbcc8c6f1e5941619d420892f3582f5e27192cb4698e4f831a9f53e80279
106,0.05885815,0.001,0x4a57d0208164a1c1c63c75395dc444428a07b50a,2017-10-23T07:57:54.000Z,0.016990000535185016,0xb43e580005746560fc7e5907e39be61a1fcab312,buy,0xa8006c4ca56f24d6836727d106349320db7fef82,0xca7b0967304002c67bf8aa4791ea9c86a31b152d0344399b0376446fd1725a0a
107,0.09090909,0.001,0x4a57d0208164a1c1c63c75395dc444428a07b50a,2017-10-23T07:40:02.000Z,0.011000000110000002,0x29a9a0d0bc443bc67d2c4911a0b5503265039b2d,buy,0xa8006c4ca56f24d6836727d106349320db7fef82,0x2b677aeb7ca7c9b18ba964bece98a114a767236af0092586e36589f08c5038d4
108,0.09009009,0.001,0x4a57d0208164a1c1c63c75395dc444428a07b50a,2017-10-23T07:05:47.000Z,0.0111000000111,0xbd5b8bd3a1e9c76c658442dc59c03200fbaefa91,buy,0xa8006c4ca56f24d6836727d106349320db7fef82,0x2859ca114d9db0b48d7c20a9a82a1b414823d94dd1666ee823634d27fc066405
109,0.08334652,0.001,0x4a57d0208164a1c1c63c75395dc444428a07b50a,2017-10-23T06:44:08.000Z,0.01199810142043123,0xd09e4c2ab4c42ca5afd1756ad5899634421abf07,buy,0xa8006c4ca56f24d6836727d106349320db7fef82,0x7e5bc413098bb4564d0dcb216203e6203f8616f78d6e36d84d993546f6df20e6
110,0.08334652,0.001,0x4a57d0208164a1c1c63c75395dc444428a07b50a,2017-10-23T06:24:41.000Z,0.01199810142043123,0xd09e4c2ab4c42ca5afd1756ad5899634421abf07,buy,0xa8006c4ca56f24d6836727d106349320db7fef82,0x4878736a7e9e7c067f7621ed2d0fcc6c8de3e947d4351b7ebb0ba07abbf4bf14
111,0.11764705,0.001,0x4a57d0208164a1c1c63c75395dc444428a07b50a,2017-10-23T05:43:43.000Z,0.008500000637500048,0x1804111464a198d8b0450bdbf7cb9fd65a903baf,buy,0xa8006c4ca56f24d6836727d106349320db7fef82,0x3316af662748e0f7d8b8d58d7b595fbfd6b5d9d500ff9da2b6cbfe2e02ec495c
112,0.99690958,0.0060811584070958,0xb88f78a18601dce45130d0cbe230d387a1779792,2017-10-23T03:53:19.000Z,0.00610001,0x7d053385a05276eedcaf706325ae34ae544741a6,sell,0xa8006c4ca56f24d6836727d106349320db7fef82,0x02c27b0b59af1f933f28447e2a1d7b9c03385367e4f66936997e93a8c7441fae
113,2,0.017,0xff64f34e8511693e3dffa0e1fe037a6a65f3937b,2017-10-22T16:51:46.000Z,0.0085,0x1804111464a198d8b0450bdbf7cb9fd65a903baf,buy,0xa8006c4ca56f24d6836727d106349320db7fef82,0x3bb74ec11602f71e0c286c956226ec2a96c225b625a16f38a1358cfd8f32d226
114,59.82650077,0.2991327969998538,0x5d2b747bd4e337d10424c2f964c522a90c5f0780,2017-10-22T08:06:08.000Z,0.0050000049,0x7b875a9c5d9c74ff750085d61c60c4451015e50d,sell,0xa8006c4ca56f24d6836727d106349320db7fef82,0xbbf301abc8682ef80de2864cfb63733bcb8386286e62a353d27680bf22037457
115,20,0.17,0xa0e8d87e5caf8424c86c8d95d99d6394dc04ad22,2017-10-21T21:53:48.000Z,0.0085,0x1804111464a198d8b0450bdbf7cb9fd65a903baf,buy,0xa8006c4ca56f24d6836727d106349320db7fef82,0xd47cdd73152906effe468bfc3d7ad631f1c1c218cdc68f203aa4a59b01e001c6
116,18.10898422,0.1517485794277028,0xf6c567c2c560908b7200a91fcc5c1ab544a01c17,2017-10-21T03:51:31.000Z,0.00837974,0x009a12d4290630bc01fd82516ac57c1dc6a9bcfb,sell,0xa8006c4ca56f24d6836727d106349320db7fef82,0x0ff68ef8912ea317c5ce05976a0d48b9f232ea643bcf39d565451a48285c5c7f
117,20,0.1675948,0xf6c567c2c560908b7200a91fcc5c1ab544a01c17,2017-10-21T03:19:57.000Z,0.00837974,0x009a12d4290630bc01fd82516ac57c1dc6a9bcfb,sell,0xa8006c4ca56f24d6836727d106349320db7fef82,0xfe9d8a13774208317f16538dfe9bdfeb4d73e880f3d82fc186b93e16cc3fd8b5
118,110,1.0758,0x840bb9fc0217f8e4b57200af6a8a794b71f00e20,2017-10-21T02:25:07.000Z,0.00978,0x1804111464a198d8b0450bdbf7cb9fd65a903baf,buy,0xa8006c4ca56f24d6836727d106349320db7fef82,0x36a8b88a192081e63d69de0d2d0f9f12f086d9617a544ffcb1ea001ac44b5466
119,74.0641805,0.4591979191,0x009a12d4290630bc01fd82516ac57c1dc6a9bcfb,2017-10-20T18:27:04.000Z,0.0062,0x1ed014aec47fae44c9e55bac7662c0b78ae61798,sell,0xa8006c4ca56f24d6836727d106349320db7fef82,0x46e80b7b4f6c0495872623a0e2aa7f1f400c5c07a5377fb59be63e2eaf30e7bf
120,99.27694149,0.6155180300074149,0x851638b1a455db32e74a51d8d963910049597fc8,2017-10-20T18:16:20.000Z,0.00620001,0x009a12d4290630bc01fd82516ac57c1dc6a9bcfb,sell,0xa8006c4ca56f24d6836727d106349320db7fef82,0xf589b552cc4eefb25c9b0e60a0fe5ab3a318ed1816d58ed7881b6c7a6a33054b
121,0.72305851,0.0044829699925851,0x851638b1a455db32e74a51d8d963910049597fc8,2017-10-20T16:28:14.000Z,0.00620001,0x96b8f33e90451a9f0a6754989e1931ad61c7aff9,sell,0xa8006c4ca56f24d6836727d106349320db7fef82,0x4426ef2dea3bcd4114a498c524914a0047de0205547488d2f14cd32243c32419
122,19,0.18582,0xa0e8d87e5caf8424c86c8d95d99d6394dc04ad22,2017-10-20T14:46:10.000Z,0.00978,0x1804111464a198d8b0450bdbf7cb9fd65a903baf,buy,0xa8006c4ca56f24d6836727d106349320db7fef82,0x38ea455a7eda9122f8b3d37fa5005d81268f4878e561eb8380165264d8f94e8e
123,3,0.02955,0xff64f34e8511693e3dffa0e1fe037a6a65f3937b,2017-10-20T09:12:45.000Z,0.00985,0x1804111464a198d8b0450bdbf7cb9fd65a903baf,buy,0xa8006c4ca56f24d6836727d106349320db7fef82,0xf2818ffeaced5a87f1a1031aa6e2e4b0daf9278149b038256fbcf4a1ab94447b
124,23.439,0.1757925,0xb399e4b93e52590b91235c1c45d20986f189c3ce,2017-10-20T09:08:53.000Z,0.0075,0x009a12d4290630bc01fd82516ac57c1dc6a9bcfb,sell,0xa8006c4ca56f24d6836727d106349320db7fef82,0x3aff65861ee9a19e94e1aee4206edde3f23940d7ce2b6b62c5095633b5f03608
125,6.388,0.051104,0x21a3d847c59abb13f091a9c6ea7fa57f7f5ffaec,2017-10-20T09:08:00.000Z,0.008,0x009a12d4290630bc01fd82516ac57c1dc6a9bcfb,sell,0xa8006c4ca56f24d6836727d106349320db7fef82,0xa858cf5578603d335375c0e6c832d87e276771cb1b250c64e5b74fb8397890ce
126,0.00993829,0.00007950632,0x21a3d847c59abb13f091a9c6ea7fa57f7f5ffaec,2017-10-20T08:01:31.000Z,0.008,0x78cd811cbe7cbd320f36868ae33494c7eea39e08,sell,0xa8006c4ca56f24d6836727d106349320db7fef82,0xb0c8f751d60e993a7293b5b5d2b7fd0f935dc49e5b9aad888050ab5074cca8a1
127,3.60197298,0.02881578384,0x21a3d847c59abb13f091a9c6ea7fa57f7f5ffaec,2017-10-20T06:09:07.000Z,0.008,0xcb628d33511d267c60e82a31b965393e11dc53fe,sell,0xa8006c4ca56f24d6836727d106349320db7fef82,0x1276daf0b8a8922bec553f29a3f079ba3099fa022468bbc967cf72529a753cc1
128,50,0.4,0x851638b1a455db32e74a51d8d963910049597fc8,2017-10-20T05:40:25.000Z,0.008,0xcb628d33511d267c60e82a31b965393e11dc53fe,sell,0xa8006c4ca56f24d6836727d106349320db7fef82,0xa86fd6f6f445864e148578e492fb2815e5f5977913a242bd3547756f08dda92c
129,1,0.0109991,0x96373170538a83c7674ef92f41d195203a8abe09,2017-10-19T23:27:17.000Z,0.0109991,0x1804111464a198d8b0450bdbf7cb9fd65a903baf,buy,0xa8006c4ca56f24d6836727d106349320db7fef82,0x60dce5af5b693409375945c7292b2de6bae62c02b83b22ecf5b0de0905da4432
130,10.53569277,0.07374984939,0x851638b1a455db32e74a51d8d963910049597fc8,2017-10-19T22:31:23.000Z,0.007,0x9d0f536dc95cde0486a8708e1af01a6e4a60e9b2,sell,0xa8006c4ca56f24d6836727d106349320db7fef82,0x7f1ffdb7004b4f9061ff4fc83cfe87d388d3457e5afe1345963b376036c4aa3b
131,72.80254599,0.6916241869909401,0x655f66f6b5b750a477224ab894e413b7df277d8d,2017-10-19T21:12:09.000Z,0.009500000001180455,0x0cb3d0f045c4e656811d233b6de40db46e612cfb,buy,0xa8006c4ca56f24d6836727d106349320db7fef82,0x18d0d90fdf4a3eb6d826e3f33591cad0712721783fbd0acb72553d88ff4ea4a6
132,210,1.9362,0x29e5d69cd22d5e466558da1b53331b999fb4a78e,2017-10-19T21:10:40.000Z,0.00922,0xc5718793a2cb5e9b01142a31c30edf0999173422,sell,0xa8006c4ca56f24d6836727d106349320db7fef82,0x092fa4566a6ac9ae349b6a3eb18119730be82ad70afbc344597fb9d87a0be6e8
133,5.211,0.0495045,0x9d0f536dc95cde0486a8708e1af01a6e4a60e9b2,2017-10-19T21:10:29.000Z,0.0095,0x0cb3d0f045c4e656811d233b6de40db46e612cfb,buy,0xa8006c4ca56f24d6836727d106349320db7fef82,0xa6448427e99046f7687734a64918b2254d63c14177177cfef354abdac09d1920
134,130,1.2103,0x1804111464a198d8b0450bdbf7cb9fd65a903baf,2017-10-19T21:10:29.000Z,0.00931,0xc5718793a2cb5e9b01142a31c30edf0999173422,sell,0xa8006c4ca56f24d6836727d106349320db7fef82,0x5e9cc07fe0ac4eba1e59c85dd33ee42925b4d20be1b8ef7cdee9a3641d307b8f
135,6.436,0.0611426436,0x851638b1a455db32e74a51d8d963910049597fc8,2017-10-19T21:10:04.000Z,0.0095001,0xc5718793a2cb5e9b01142a31c30edf0999173422,sell,0xa8006c4ca56f24d6836727d106349320db7fef82,0x10abc10bcc80550290c32b69c7703d90bc4e6644d929e4c273b6d10e3755015a
136,2.4354149,0.023136441579006586,0x9d0f536dc95cde0486a8708e1af01a6e4a60e9b2,2017-10-19T21:08:01.000Z,0.009500000011910327,0x0cb3d0f045c4e656811d233b6de40db46e612cfb,buy,0xa8006c4ca56f24d6836727d106349320db7fef82,0xd8a35d97142238269f496df055b8156aa799b73605f95ea209ff287a17cfa34e
137,2.09351013,0.019888555586013,0x851638b1a455db32e74a51d8d963910049597fc8,2017-10-19T21:07:30.000Z,0.0095001,0x7a87d26d49f3ca3eb7a110e4a4ea0774d531801d,sell,0xa8006c4ca56f24d6836727d106349320db7fef82,0xe23a349c3499562594fa72b7120e8026ba47d034ef395b24dca88b98073b85ae
138,2.318,0.02320318,0x851638b1a455db32e74a51d8d963910049597fc8,2017-10-19T21:05:53.000Z,0.01001,0x9d0f536dc95cde0486a8708e1af01a6e4a60e9b2,sell,0xa8006c4ca56f24d6836727d106349320db7fef82,0x02d35dc14ae3e9e01bf79a68c4b22959d122d87f533a439dd0be68576a31d702
139,0.00000994,0.0000000994994,0x851638b1a455db32e74a51d8d963910049597fc8,2017-10-19T21:04:23.000Z,0.01001,0x7a87d26d49f3ca3eb7a110e4a4ea0774d531801d,sell,0xa8006c4ca56f24d6836727d106349320db7fef82,0x4ae826babdc8560bd8ea56588afad8b7f1fbd30af92f8f21f3e6c5bd8e0dcd13
140,2.1,0.01995,0x7a87d26d49f3ca3eb7a110e4a4ea0774d531801d,2017-10-19T21:03:57.000Z,0.0095,0x0cb3d0f045c4e656811d233b6de40db46e612cfb,buy,0xa8006c4ca56f24d6836727d106349320db7fef82,0x74058f88cb9d258f9da253cbad1a6650befbbb242d350937292fe4bf8957a5d8
141,5.24689252,0.04984547901505333,0x9d0f536dc95cde0486a8708e1af01a6e4a60e9b2,2017-10-19T21:03:07.000Z,0.00950000001430434,0x0cb3d0f045c4e656811d233b6de40db46e612cfb,buy,0xa8006c4ca56f24d6836727d106349320db7fef82,0x55a8317508418c26446bbd341519b8c9dd84aa0cb81cddfa41da5a8a43cd9a73
142,0.09969095,0.0009979064095,0x851638b1a455db32e74a51d8d963910049597fc8,2017-10-19T21:02:43.000Z,0.01001,0x7a87d26d49f3ca3eb7a110e4a4ea0774d531801d,sell,0xa8006c4ca56f24d6836727d106349320db7fef82,0x77d9dbd7bfe180980047ec4112c92c1c233cf5f6a85eb834d9067645ea979b2f
143,0.1,0.00095,0x7a87d26d49f3ca3eb7a110e4a4ea0774d531801d,2017-10-19T21:01:46.000Z,0.0095,0x0cb3d0f045c4e656811d233b6de40db46e612cfb,buy,0xa8006c4ca56f24d6836727d106349320db7fef82,0x12cf877a2abfaae6b92a4e2f928d1c9e8ccc036b08663a291e48c22806b67814
144,86,0.817,0x655f66f6b5b750a477224ab894e413b7df277d8d,2017-10-19T20:56:19.000Z,0.0095,0x0cb3d0f045c4e656811d233b6de40db46e612cfb,buy,0xa8006c4ca56f24d6836727d106349320db7fef82,0x186ebcb9d70ccb25285d8aefe65419ffed804d2d3b8c1700c1aaff2e79336503
145,26.02583413,0.2605185996413,0x851638b1a455db32e74a51d8d963910049597fc8,2017-10-19T20:40:58.000Z,0.01001,0x5ae933bfbbaa04c3e05ae56295138174ada9799c,sell,0xa8006c4ca56f24d6836727d106349320db7fef82,0x416eb196884c7849ab18eacb3abdfde1f2c37b5a400c6f504a1384c2c66e3638
146,26.10414656,0.24798939241499998,0x5ae933bfbbaa04c3e05ae56295138174ada9799c,2017-10-19T20:40:58.000Z,0.009500000003639267,0x0cb3d0f045c4e656811d233b6de40db46e612cfb,buy,0xa8006c4ca56f24d6836727d106349320db7fef82,0x416eb196884c7849ab18eacb3abdfde1f2c37b5a400c6f504a1384c2c66e3638
147,59.55604214,0.5961559818214,0x851638b1a455db32e74a51d8d963910049597fc8,2017-10-19T20:30:20.000Z,0.01001,0x150c2c0961490a08b171444e2db949c9ee0cc3a0,sell,0xa8006c4ca56f24d6836727d106349320db7fef82,0xc6fe8492ea19b90aec1b8e9be048eacaa119c42e4e5fabce96e9da55d4e4272e
148,111.93898184,1.141777614768,0x009a12d4290630bc01fd82516ac57c1dc6a9bcfb,2017-10-19T20:29:51.000Z,0.0102,0x150c2c0961490a08b171444e2db949c9ee0cc3a0,sell,0xa8006c4ca56f24d6836727d106349320db7fef82,0x87291f35527b6e6a3ad4f9779ba1bce2c12c837a2e52979108dbdf1f7794e5c9
149,88.06101816,0.898222385232,0x009a12d4290630bc01fd82516ac57c1dc6a9bcfb,2017-10-19T20:21:28.000Z,0.0102,0x1f95d3c6b7ac0156944e905690744973ee83bd64,sell,0xa8006c4ca56f24d6836727d106349320db7fef82,0x8cc6f5ccc5cac0b3e248140723fcb34ced610c89818f987381f404d48545f90b
150,14.96855114,0.137710670488,0x009a12d4290630bc01fd82516ac57c1dc6a9bcfb,2017-10-19T19:15:09.000Z,0.0092,0x302b55b3e8bfff5d0ff9ac6837e1759f02afdd05,sell,0xa8006c4ca56f24d6836727d106349320db7fef82,0x1145fe10d71fb8048959304aa4554cffca27c73cd46c0d6a67b9bdc87c1c5d3f
151,149.53643704,1.375735220768,0x009a12d4290630bc01fd82516ac57c1dc6a9bcfb,2017-10-19T19:04:43.000Z,0.0092,0x302b55b3e8bfff5d0ff9ac6837e1759f02afdd05,sell,0xa8006c4ca56f24d6836727d106349320db7fef82,0x605d819f4c1b6935f91496d22773f1d66c359cfaae03931229fdcbef293403a9
152,0.00095291,0.00000000000095291,0x78b0e4933f5b7d90102367e28efcde256998411e,2017-10-19T18:54:50.000Z,0.000000001,0xdd3e2e89ea8df00eea59b525520f8e9f4f05de7d,sell,0xa8006c4ca56f24d6836727d106349320db7fef82,0x2cd28edd1e0f4af88838a6bb484d915c4ba97f16a40746ed26527781f99142d6
153,13.5,0.169965,0x9d4ce595fb5a06dfb9bedbaa22fd63192bd0a560,2017-10-19T17:00:51.000Z,0.01259,0x009a12d4290630bc01fd82516ac57c1dc6a9bcfb,sell,0xa8006c4ca56f24d6836727d106349320db7fef82,0x8413229311b3ebdbbe73909188c52da18544a5b4519bd5445527d40909151c85
154,0.1,0.001265,0x6cdea8e07bf82d7a07dbf36642d6e5be8623845c,2017-10-19T13:14:05.000Z,0.01265,0x009a12d4290630bc01fd82516ac57c1dc6a9bcfb,buy,0xa8006c4ca56f24d6836727d106349320db7fef82,0xa048dc2ca41ea51bcf7fb286adc2c997ca793a104bd90db92c0c2e83c7185141
155,84,0.9156,0xb399e4b93e52590b91235c1c45d20986f189c3ce,2017-10-19T12:51:04.000Z,0.0109,0x5cfc4c97ad3dc91a9d6258ee1130d980ea90406f,buy,0xa8006c4ca56f24d6836727d106349320db7fef82,0x087c8391e6196c10358a87eebb43c2855a060f194b7a8f906c9e0f0881046e6f
156,80,1.108,0xb399e4b93e52590b91235c1c45d20986f189c3ce,2017-10-19T12:48:25.000Z,0.01385,0x009a12d4290630bc01fd82516ac57c1dc6a9bcfb,buy,0xa8006c4ca56f24d6836727d106349320db7fef82,0x4143513c1aa69750703c1d58dfd30ad9623552042df8cef8f7536185fa2e55bf
157,6.77,0.08124,0xb399e4b93e52590b91235c1c45d20986f189c3ce,2017-10-19T12:48:25.000Z,0.012,0x3bae46f193fd5098216645c977fab4d6ac9942d8,buy,0xa8006c4ca56f24d6836727d106349320db7fef82,0x90a199490db80f65da3713307dd894f6c366f3175563a89e9a8eeef6c60aad8d
158,1000,12,0x009a12d4290630bc01fd82516ac57c1dc6a9bcfb,2017-10-19T12:32:29.000Z,0.012,0x8f021972c2642ab9ab03f7598a309bbfb2cc08ea,buy,0xa8006c4ca56f24d6836727d106349320db7fef82,0xe9397f354485b6e2d473a8efad75c06d4b5de2b26d0080ee6d62ad5fe93e942b
159,650,7.8,0x009a12d4290630bc01fd82516ac57c1dc6a9bcfb,2017-10-19T12:31:29.000Z,0.012,0x8f021972c2642ab9ab03f7598a309bbfb2cc08ea,buy,0xa8006c4ca56f24d6836727d106349320db7fef82,0xc74210c3a98f8b2a343be01f266e7b849328e7defc7913264d556296a585ad02
160,579.89898989,5.741,0x5f82caff34a02ba625676972ad15d0da57dfc856,2017-10-19T09:58:04.000Z,0.009900000000153475,0x009a12d4290630bc01fd82516ac57c1dc6a9bcfb,buy,0xa8006c4ca56f24d6836727d106349320db7fef82,0x7eda55f96c7dc4d8e0ba5db574a55e7f793a1e604c75504fa554a36ccf318c34
161,218,2.18,0x5f82caff34a02ba625676972ad15d0da57dfc856,2017-10-19T09:58:04.000Z,0.01,0x96b8f33e90451a9f0a6754989e1931ad61c7aff9,buy,0xa8006c4ca56f24d6836727d106349320db7fef82,0x48cd8fe5de55ce9a4f09cadf37658b16483264e56de46f441c3574f35094930f
162,40,0.396,0x1f95d3c6b7ac0156944e905690744973ee83bd64,2017-10-19T09:33:50.000Z,0.0099,0x009a12d4290630bc01fd82516ac57c1dc6a9bcfb,buy,0xa8006c4ca56f24d6836727d106349320db7fef82,0xdc054fb284af707f47b55a4e45728e5ca736716be0d2dbac49ad528c35afa24d
163,130,1.287,0x655f66f6b5b750a477224ab894e413b7df277d8d,2017-10-19T09:31:20.000Z,0.0099,0x009a12d4290630bc01fd82516ac57c1dc6a9bcfb,buy,0xa8006c4ca56f24d6836727d106349320db7fef82,0xe9d713c033fb3bf43244454681f2f019509ba878eb6d1bd7268dac4316d59433
164,30.336,0.2989779648,0x1f95d3c6b7ac0156944e905690744973ee83bd64,2017-10-19T09:29:50.000Z,0.00985555,0x1804111464a198d8b0450bdbf7cb9fd65a903baf,buy,0xa8006c4ca56f24d6836727d106349320db7fef82,0x28204af1d735e5f034fa82495432c8d18e61813c89bce00b5399510093960bd9
165,17.99800732,0.17728037214823106,0x1f95d3c6b7ac0156944e905690744973ee83bd64,2017-10-19T09:29:26.000Z,0.009850000002568677,0x37762170f59e85fb6c09ba67bac1a0ab72947471,buy,0xa8006c4ca56f24d6836727d106349320db7fef82,0x57335d9318d26e73fc05e6ffae0eb716e9d8aa742c3b3beb38dcb5701118427c
166,0.00000019,0.0000000019565243,0x655f66f6b5b750a477224ab894e413b7df277d8d,2017-10-19T09:26:47.000Z,0.010297496315789474,0x37762170f59e85fb6c09ba67bac1a0ab72947471,buy,0xa8006c4ca56f24d6836727d106349320db7fef82,0xe97f02556596625c49bb198adef0b5a692170cb42ddb865d0afc758a0fc71723
167,0.00199247,0.00001962589524463,0x655f66f6b5b750a477224ab894e413b7df277d8d,2017-10-19T09:26:07.000Z,0.009850032996547,0x37762170f59e85fb6c09ba67bac1a0ab72947471,buy,0xa8006c4ca56f24d6836727d106349320db7fef82,0x6ca99ccb4f090706e1241d056f2ceca6d9db76e6319c5dd14d8d9ac007fb3e0b
168,12,0.1182666,0x0a928293c3f5fb53b1110dbacc4217ebfa3a426e,2017-10-19T09:12:18.000Z,0.00985555,0x1804111464a198d8b0450bdbf7cb9fd65a903baf,buy,0xa8006c4ca56f24d6836727d106349320db7fef82,0x99fff97ab3f620e250b4db1081b38fd8faf05ecdfe9f49ac61b58541b45d273f
169,100,0.985555,0x0a928293c3f5fb53b1110dbacc4217ebfa3a426e,2017-10-19T08:56:08.000Z,0.00985555,0x1804111464a198d8b0450bdbf7cb9fd65a903baf,buy,0xa8006c4ca56f24d6836727d106349320db7fef82,0xd4ca6222aecbb5ac0ef3f47fe7b95e705dc6243f9032e344afe018670929ac59
170,1.708,0.016664946606,0x5d5065b42bdee0274e394ba9042c21e1818c69cf,2017-10-19T06:57:48.000Z,0.0097569945,0x009a12d4290630bc01fd82516ac57c1dc6a9bcfb,sell,0xa8006c4ca56f24d6836727d106349320db7fef82,0xbd5f454ac568200d15746175700fc7c69312d1cb09cd3f03fea2ff98ef90f143
171,1,0.00985555,0xe3a576e1e3f0d8519b617c01191712d8658ec96a,2017-10-19T03:01:19.000Z,0.00985555,0x1804111464a198d8b0450bdbf7cb9fd65a903baf,buy,0xa8006c4ca56f24d6836727d106349320db7fef82,0xc46063b425fbaab380c80f3aa5383dd2863d422e847ab4dbe1a24549d4e4bb00
172,3.004,0.0183244,0x0d710c8aab9ee65daf642433a662ccb72d3fbec4,2017-10-19T02:01:52.000Z,0.0061,0x009a12d4290630bc01fd82516ac57c1dc6a9bcfb,sell,0xa8006c4ca56f24d6836727d106349320db7fef82,0x38a8375fe28f2f1bc6fc82c9c438baf0a26aada6da4aedb20db9f18ac759526e
173,9.55855818,0.0584027904798,0x009a12d4290630bc01fd82516ac57c1dc6a9bcfb,2017-10-18T22:50:55.000Z,0.00611,0xdd3e2e89ea8df00eea59b525520f8e9f4f05de7d,sell,0xa8006c4ca56f24d6836727d106349320db7fef82,0x6e035749de849090befbbdb90297552f3ae99089c1702ce7d830c860f26040dd
174,21,0.12873,0x8de36a331ce29dd63d749fe1dcbac721493320f1,2017-10-18T22:48:09.000Z,0.00613,0xdd3e2e89ea8df00eea59b525520f8e9f4f05de7d,sell,0xa8006c4ca56f24d6836727d106349320db7fef82,0xe65c6f986682d713dc928062b2da8fab8d7bd10b2f168a180029cff204be9ad0
175,3.8,0.0232940038,0xc07902149ed02043c5632e3470204d39e3d8ba2f,2017-10-18T22:47:08.000Z,0.006130001,0xdd3e2e89ea8df00eea59b525520f8e9f4f05de7d,sell,0xa8006c4ca56f24d6836727d106349320db7fef82,0x6e3d0eef0fddecd3e1d7adeb18be07dbb659df5bdbb2c8a9cd0475f5d6314b9e
176,80.69584288,0.492244641568,0x0d710c8aab9ee65daf642433a662ccb72d3fbec4,2017-10-18T20:24:32.000Z,0.0061,0x00bc92a0620ab157474d65a45e8ab4969e6e4cdc,sell,0xa8006c4ca56f24d6836727d106349320db7fef82,0xeb3214eb3434dea5005160ff3c5f3d8e2c65d06e1f96dab6f7f4ba5acf70de5f
177,18,0.110016,0x37762170f59e85fb6c09ba67bac1a0ab72947471,2017-10-18T20:15:26.000Z,0.006112,0x00bc92a0620ab157474d65a45e8ab4969e6e4cdc,sell,0xa8006c4ca56f24d6836727d106349320db7fef82,0xaeb13d12b6fd98084e82ca4efed94a349571c70cea5346cbbbd1ca5ea102fbb5
178,36.71891087,0.22442601995635086,0xc07902149ed02043c5632e3470204d39e3d8ba2f,2017-10-18T19:09:33.000Z,0.006112001,0x7e77caf74920352ccd7db96de8e8fa5b7e77d4c4,sell,0xa8006c4ca56f24d6836727d106349320db7fef82,0xa55719104af2c87f1ba64a514943efc645dec9d9931f9310d4d81f67452bda36
179,30,0.18336006,0x0d08d3fe6fca58e82982ac4d0eada1f457f4e929,2017-10-18T19:06:29.000Z,0.006112002,0x7e77caf74920352ccd7db96de8e8fa5b7e77d4c4,sell,0xa8006c4ca56f24d6836727d106349320db7fef82,0x165156a2edc7b0a33e09c95c96f4e7cdec28a1d85fa0c4eb6998437fea0cbe11
180,1,0.015,0x3ac636ac5c3a2576156ac5f10066ca68abe0ad54,2017-10-18T16:41:43.000Z,0.015,0xb43e580005746560fc7e5907e39be61a1fcab312,buy,0xa8006c4ca56f24d6836727d106349320db7fef82,0x61afe3f412859f8a175fb8215deecb9802b9482581047705f69efe49109d28b2
181,0.05050505,0.0005,0xf9695cd65d6dfdf257fab76a3eb0cb8f001971cc,2017-10-18T15:17:42.000Z,0.009900000099000002,0x009a12d4290630bc01fd82516ac57c1dc6a9bcfb,buy,0xa8006c4ca56f24d6836727d106349320db7fef82,0x385a5ae835dbc7f361172b6bc20fa66d2ad411cb5c151a23b74ec4669fa8d6cf
182,0.05050505,0.0005,0x379374d13077e8867ef31803c37baf9785a17c00,2017-10-18T15:17:16.000Z,0.009900000099000002,0x009a12d4290630bc01fd82516ac57c1dc6a9bcfb,buy,0xa8006c4ca56f24d6836727d106349320db7fef82,0x73b0cac6b60cff22135a73a593e2ad8fd3ddec588cc589eff347b5be1144ae35
183,318,2.7029999682,0x009a12d4290630bc01fd82516ac57c1dc6a9bcfb,2017-10-18T13:35:45.000Z,0.0084999999,0x8457a23c3b221635c4c5f33a013720c2d38d87fc,buy,0xa8006c4ca56f24d6836727d106349320db7fef82,0xd0bdad5046695f9b56eada6ed111328356887b0ec835ebd04b92622d00b0a51d
184,20,0.168,0x009a12d4290630bc01fd82516ac57c1dc6a9bcfb,2017-10-18T13:22:01.000Z,0.0084,0x3c6e761fbbcdb9fa09179fe9eb07fc42138917b0,buy,0xa8006c4ca56f24d6836727d106349320db7fef82,0x6d19c3933978284a43d70f6409a968ce04baf66d3cf360b56179e2c69220e42f
185,1.99380267,0.01216219828080267,0xc07902149ed02043c5632e3470204d39e3d8ba2f,2017-10-18T11:33:28.000Z,0.006100001,0xa87a6017687f5d7607a4dde37624fa8eec9b0d45,sell,0xa8006c4ca56f24d6836727d106349320db7fef82,0x22e77f45a430bb572c18e20f64e7710feb2afc51ff9eb093a396793733f024e6
186,12,0.1019999988,0x0baa215d6262917c550d30f991810e0e898e138a,2017-10-18T10:31:02.000Z,0.0084999999,0x8457a23c3b221635c4c5f33a013720c2d38d87fc,buy,0xa8006c4ca56f24d6836727d106349320db7fef82,0x0dc9101691e91bcd73d9ea01516859a59b3830c91f6e6bd2c6d10a0666f6818b
187,49.93589743,0.3895,0x009a12d4290630bc01fd82516ac57c1dc6a9bcfb,2017-10-18T10:23:04.000Z,0.007800000000921181,0x997af1bc69217434fa41d74c4c9c0d527962b982,buy,0xa8006c4ca56f24d6836727d106349320db7fef82,0xb370908ebc1461833e12c37ed74c334f8506739d1b144a0c7ea0b0bfa9500755
188,70,0.546,0x009a12d4290630bc01fd82516ac57c1dc6a9bcfb,2017-10-18T10:22:23.000Z,0.0078,0x997af1bc69217434fa41d74c4c9c0d527962b982,buy,0xa8006c4ca56f24d6836727d106349320db7fef82,0xeedd7dafa8d9eae99e4f5021bc06138fb600214ad11d19310af26a02dbafe983
189,299.846,1.948999,0x009a12d4290630bc01fd82516ac57c1dc6a9bcfb,2017-10-18T09:02:15.000Z,0.0065,0xfebed3f7333f028aaf315e7aa6bddf28da95f853,buy,0xa8006c4ca56f24d6836727d106349320db7fef82,0x339a954ff1041c32395cc11643959031281755013a1ce70dab3fb50f4da48014
190,250,1.6,0x009a12d4290630bc01fd82516ac57c1dc6a9bcfb,2017-10-18T08:59:15.000Z,0.0064,0x96b8f33e90451a9f0a6754989e1931ad61c7aff9,buy,0xa8006c4ca56f24d6836727d106349320db7fef82,0xf43e38eeeb00dd1a1f138198efd9081f19d4a1345f5b8c2db761f0551cdc497a
191,200,1.26,0x009a12d4290630bc01fd82516ac57c1dc6a9bcfb,2017-10-18T08:59:15.000Z,0.0063,0x1804111464a198d8b0450bdbf7cb9fd65a903baf,buy,0xa8006c4ca56f24d6836727d106349320db7fef82,0xb3e79aca368b3b8a60a5a5ec9cd106467169b58fba5d0a36301f6b6bca32a450
192,0.07692307,0.0005,0x16e5d97bbc92417e051e3b2cabfbf8ceea2acb9c,2017-10-17T17:51:03.000Z,0.0065000005850000524,0xfebed3f7333f028aaf315e7aa6bddf28da95f853,buy,0xa8006c4ca56f24d6836727d106349320db7fef82,0xd4b668b6bc0a62efdc897356ecf603e05242b9b047fa2f85cf8102732be2be52
193,0.07692307,0.0005,0x42c24a83bded723edfdf5883bc7efb30bc1a1bf3,2017-10-17T15:35:50.000Z,0.0065000005850000524,0xfebed3f7333f028aaf315e7aa6bddf28da95f853,buy,0xa8006c4ca56f24d6836727d106349320db7fef82,0xa803f1cc8f6592bdcb5f975fb3882d25f636184d5e3b92e8416c36ba0f0cfda6
194,0.06410256,0.0005,0xcd912af5286dc0b0a23edb30209734ecb60838b3,2017-10-17T05:29:53.000Z,0.007800000499200032,0x997af1bc69217434fa41d74c4c9c0d527962b982,buy,0xa8006c4ca56f24d6836727d106349320db7fef82,0xafb2cbe982b1da74d6f005a8a7416231ac0793d547d1365feb017b37618bcdb3
195,70.0853012,0.2452985542,0x6fcfea3dbf7151f8d6c587896b118f3354b058a9,2017-10-16T10:06:48.000Z,0.0035,0x763ecf2de7af41a086662a8357cd26942d673ae7,sell,0xa8006c4ca56f24d6836727d106349320db7fef82,0x2c3f35d8d75ac4167b3d16ccc324dca38ab94ccffa04bd974b408a71cafa7e47
196,18.26789103,0.0751013094923433,0xc5e0066acb6aa88fd00bed07425779dd850fd368,2017-10-16T10:03:26.000Z,0.00411111,0x763ecf2de7af41a086662a8357cd26942d673ae7,sell,0xa8006c4ca56f24d6836727d106349320db7fef82,0xc63e46385073ccd31872abd98f3244445ddd5fa03dbece5c0ae7aadc5d21c641
197,35,0.1785,0x150c2c0961490a08b171444e2db949c9ee0cc3a0,2017-10-16T10:01:01.000Z,0.0051,0x763ecf2de7af41a086662a8357cd26942d673ae7,sell,0xa8006c4ca56f24d6836727d106349320db7fef82,0x5c36ec428dd86339b91ecc2afc6c9ed5a7fbc1e0df4d972f49b13445bf42cdc8
198,50,0.25501,0x0d08d3fe6fca58e82982ac4d0eada1f457f4e929,2017-10-16T09:59:53.000Z,0.0051002,0x763ecf2de7af41a086662a8357cd26942d673ae7,sell,0xa8006c4ca56f24d6836727d106349320db7fef82,0xec76a01c2613f611232b10f6cdaf1c3c6914d56fc70c62287f41cb8e539f3bf5
199,124.65568341,0.9971083460482646,0xa7fc4a2fdd8d263ac9c13758f91d866e745ddaa8,2017-10-16T09:04:16.000Z,0.007998900000160567,0x763ecf2de7af41a086662a8357cd26942d673ae7,buy,0xa8006c4ca56f24d6836727d106349320db7fef82,0xa96ab5bf18cf81b1f7d172f2f711ff879722df2657039348c8a1cb523a6a8277
200,270,1.02870297,0xb8dd9811d6cf2e6bb69d4db7e6134cbeda4c79a1,2017-10-15T22:32:12.000Z,0.003810011,0x755dfe72cff68f68627b7a6ce5ef96ece2bfcfdc,sell,0xa8006c4ca56f24d6836727d106349320db7fef82,0x1a0359f45e4efcf2758aad6996a13cfa5665ba8e4f71d1ec3fbbe1af100b96cf
201,23.5,0.1974,0x726a858c46e3477b4479b12f04bd3fc4e463e954,2017-10-15T04:01:34.000Z,0.0084,0x150c2c0961490a08b171444e2db949c9ee0cc3a0,buy,0xa8006c4ca56f24d6836727d106349320db7fef82,0xd6600276041ea37fa46c429e58479945f77f36eb0939b895edef02d1e0a3bf6b
202,17,0.0935,0x150c2c0961490a08b171444e2db949c9ee0cc3a0,2017-10-14T04:23:07.000Z,0.0055,0x96b8f33e90451a9f0a6754989e1931ad61c7aff9,sell,0xa8006c4ca56f24d6836727d106349320db7fef82,0x2cf30998ec61f4d44b1c7e84421dc37f230b08ed63e2170cd26cbc554da04c8f
203,107.9,0.577265,0xc5e0066acb6aa88fd00bed07425779dd850fd368,2017-10-13T23:15:18.000Z,0.00535,0x96b8f33e90451a9f0a6754989e1931ad61c7aff9,sell,0xa8006c4ca56f24d6836727d106349320db7fef82,0xdab786af56dbaab82cac46fa4f3c1df15a17aae6836942d740f1a022350f1cac
204,50,0.27000005,0xf78458d7ace7a5101c72b0e85da90f0fa292416b,2017-10-13T17:23:07.000Z,0.005400001,0xbb3d24900039279dda91d1713a2f30277ade8f97,buy,0xa8006c4ca56f24d6836727d106349320db7fef82,0x902236790ee762b9caddf9a4de8849cfdf09f1ad27446adc9ae94aa8317a8094
205,83.32494756,0.449954716824,0xc5e0066acb6aa88fd00bed07425779dd850fd368,2017-10-13T17:21:36.000Z,0.0054,0xce94b53893f7f88e8f9858c0d21944b9f9b0cf79,sell,0xa8006c4ca56f24d6836727d106349320db7fef82,0xe665be53e6179883d67c87306906f17c89cd7b95a70bee71d047f65fca7b338d
206,90,0.486,0xc5e0066acb6aa88fd00bed07425779dd850fd368,2017-10-13T17:09:45.000Z,0.0054,0xce94b53893f7f88e8f9858c0d21944b9f9b0cf79,sell,0xa8006c4ca56f24d6836727d106349320db7fef82,0xeaf8c1fc7fc8b7473d5146464240c361b28d2bd50c4c81b759bc692b5d758073
207,49.84547901,0.269165636499479,0xf78458d7ace7a5101c72b0e85da90f0fa292416b,2017-10-13T14:11:11.000Z,0.005400001,0xb742b2e0489bfcb82e70d8a462434be7a93937d1,sell,0xa8006c4ca56f24d6836727d106349320db7fef82,0xcf57b9092247804879d4e4c4b3ffa30aaf87e826e6f6818b2247064c0bd50515
208,11.494,0.0999978,0x87eb8e079ded802c2ee2b34af5641884ae5aec05,2017-10-13T11:58:43.000Z,0.0087,0x150c2c0961490a08b171444e2db949c9ee0cc3a0,buy,0xa8006c4ca56f24d6836727d106349320db7fef82,0x5944425e1485e423e5f17e1e494452fc7913bad51eb9898f2a3dc6af27996558
209,44.85596744,0.38127572324,0x82eaa8802ed058bf2f07e6d4842c63ce435da2ce,2017-10-13T00:13:57.000Z,0.0085,0x150c2c0961490a08b171444e2db949c9ee0cc3a0,sell,0xa8006c4ca56f24d6836727d106349320db7fef82,0x342af21ca74bf93433911f33ecb77200ef44e004d23cf7969dfc906224f4d8ef
210,100,0.9,0x6a4eb75b5ced8a4564e8e22bd4d95135691e7e21,2017-10-12T19:13:48.000Z,0.009,0x997af1bc69217434fa41d74c4c9c0d527962b982,buy,0xa8006c4ca56f24d6836727d106349320db7fef82,0x0c245176c96bc552ee4e7aae22d34ac24c3ba9be551829f35d2fc318038710f1
211,170.93655853,1.2136480271857246,0x6fcfea3dbf7151f8d6c587896b118f3354b058a9,2017-10-12T18:34:27.000Z,0.007099991000302752,0x1804111464a198d8b0450bdbf7cb9fd65a903baf,buy,0xa8006c4ca56f24d6836727d106349320db7fef82,0xeb9c1db9656a7baef54fed13842520866525441911bd3133abb2ca8fa09caae0
212,400,2.84,0x6fcfea3dbf7151f8d6c587896b118f3354b058a9,2017-10-12T18:32:14.000Z,0.0071,0x85fb56c05a7faac8b48fe5ce052b9de23a11b07f,buy,0xa8006c4ca56f24d6836727d106349320db7fef82,0xa907dddc1357dd9e5ca8dea1636ee4b2c686e5d0cf346edcdf962392587053bf
213,29.06344137,0.20635017216866958,0x6e4fd9b5c25c3336a7decfb7593ee08cfa91580a,2017-10-12T15:16:45.000Z,0.007099991000434976,0x1804111464a198d8b0450bdbf7cb9fd65a903baf,buy,0xa8006c4ca56f24d6836727d106349320db7fef82,0x35ed99b7e9c0c260d494d940eb415e7296f64b6f2545583997c44e49539c86b3
214,0.00000009,0.000000000645605858,0x3ee0c766d2f02ddf091413781b83d82ebb126dd5,2017-10-12T12:47:39.000Z,0.0071733984222222226,0x1804111464a198d8b0450bdbf7cb9fd65a903baf,buy,0xa8006c4ca56f24d6836727d106349320db7fef82,0xf936bf1052b130e917ac73e446b690e203c70e0b5d4457017740ea46af832f81
215,140.31309459,0.4363737241749,0x009a12d4290630bc01fd82516ac57c1dc6a9bcfb,2017-10-12T12:25:29.000Z,0.00311,0x2f5d0bbf31144b5b69b457f6bff4278bbabd1044,sell,0xa8006c4ca56f24d6836727d106349320db7fef82,0xba8c408c53734524a6d094457daf327c50a7491b72bd8b0b4099db8baa39ee44
216,13.04,0.04564,0x14aae375993ba1152f425e39b44d7e06adeb493d,2017-10-12T12:22:49.000Z,0.0035,0x2f5d0bbf31144b5b69b457f6bff4278bbabd1044,sell,0xa8006c4ca56f24d6836727d106349320db7fef82,0x547c1d19ba33086d8cb955d039360737c6f2bb7c8e105665327476e380fb0469
217,0.00117421,0.000004109735,0x14aae375993ba1152f425e39b44d7e06adeb493d,2017-10-12T10:50:02.000Z,0.0035,0xc5c751ddaa97754342d53c0ef212b44c3455c166,sell,0xa8006c4ca56f24d6836727d106349320db7fef82,0x9022f20a6eeb0517981a6eac12825dd22508bbb620a70912c3c45e29b99596d6
218,11.77845554,0.04122459439,0x14aae375993ba1152f425e39b44d7e06adeb493d,2017-10-12T10:45:31.000Z,0.0035,0xc5c751ddaa97754342d53c0ef212b44c3455c166,sell,0xa8006c4ca56f24d6836727d106349320db7fef82,0x37f3c34de14c9455f1c30f30c165e6dfb43652ae0f5a8a031b93c364e6bc7474
219,20,0.0700002,0xe146142131ba3daa2751d0346df4e381711c411b,2017-10-12T10:34:53.000Z,0.00350001,0xc5c751ddaa97754342d53c0ef212b44c3455c166,sell,0xa8006c4ca56f24d6836727d106349320db7fef82,0x820562769f2aeb96ea1c4dc1f44d77aaf1be23881d51c1131c582e17176ac10c
220,1000,3.41,0x009a12d4290630bc01fd82516ac57c1dc6a9bcfb,2017-10-12T10:33:07.000Z,0.00341,0xc5c751ddaa97754342d53c0ef212b44c3455c166,sell,0xa8006c4ca56f24d6836727d106349320db7fef82,0xa1aa2b9b042ddf094c4a26b2de21f5b99b0c1edf73e9a24a56b523df678dbb55
221,80,0.28,0x14aae375993ba1152f425e39b44d7e06adeb493d,2017-10-11T22:57:17.000Z,0.0035,0x2483ca0b660beed6f2cc373e1bfb06854063c65d,sell,0xa8006c4ca56f24d6836727d106349320db7fef82,0xf7d33390bba10734b9d0860bd9c3068388c671778ff07b09ac95caf9a4c0f2d3
222,99.69095803,0.3399461668823,0x009a12d4290630bc01fd82516ac57c1dc6a9bcfb,2017-10-11T17:40:25.000Z,0.00341,0x9812322b50966b80a544fff56e668a161b6435e5,sell,0xa8006c4ca56f24d6836727d106349320db7fef82,0x83e4f071c7cc89b753ce97604d3892f0eafc0f9b2c12d4534e09d4e4cb5fd3fe
223,111.8532549,0.38030106666,0xce94b53893f7f88e8f9858c0d21944b9f9b0cf79,2017-10-11T12:51:47.000Z,0.0034,0xbb8b7cfec50fff073d9917ec6194e4f24b1d5763,sell,0xa8006c4ca56f24d6836727d106349320db7fef82,0x74f1ad509015cefeb1f56fa95224da62b80833bd7180a41937aa3a2fbb405c3a
224,1,0.0071988,0xbf52f67f8524587d6a7ab1f1f8d092c635b9587f,2017-10-11T09:50:45.000Z,0.0071988,0x009a12d4290630bc01fd82516ac57c1dc6a9bcfb,buy,0xa8006c4ca56f24d6836727d106349320db7fef82,0x45f9d17ef91fd3235039f31b1244abb48cc2106e806dcd62c9297201f65f08bf
225,5,0.015505,0x009a12d4290630bc01fd82516ac57c1dc6a9bcfb,2017-10-11T01:59:22.000Z,0.003101,0x7de31dca13d1a6bd144f5f88ba1b98a34bbf297a,sell,0xa8006c4ca56f24d6836727d106349320db7fef82,0xa6c97894fbad5199575f335e52b07e44b5b8e42cff3284c56f4a78f93069c599
226,150.8,0.6032,0x009a12d4290630bc01fd82516ac57c1dc6a9bcfb,2017-10-11T01:32:04.000Z,0.004,0x07631f6731b6ac389041a03bdd7642f486d8e98b,buy,0xa8006c4ca56f24d6836727d106349320db7fef82,0xc333dc1043983e3fae87c55c0e773c93d86ee24699420faa8a4ac5ba9f8af701
227,4.2,0.0168,0x7aa6e2506316f6d613277d4f2f4e4e1dc55e528e,2017-10-10T23:56:03.000Z,0.004,0x07631f6731b6ac389041a03bdd7642f486d8e98b,buy,0xa8006c4ca56f24d6836727d106349320db7fef82,0x32af3b41bf78ce293852d3198f45d97451988882017b7ad87a98c560027fabcb
228,4.1874,0.020937041874,0x3f1827827dd5cf78bb8c62d3e45d8f921196d325,2017-10-10T23:56:03.000Z,0.00500001,0x7aa6e2506316f6d613277d4f2f4e4e1dc55e528e,sell,0xa8006c4ca56f24d6836727d106349320db7fef82,0x32af3b41bf78ce293852d3198f45d97451988882017b7ad87a98c560027fabcb
229,1.973,0.01008203,0x29a9a0d0bc443bc67d2c4911a0b5503265039b2d,2017-10-10T23:19:20.000Z,0.00511,0xccef1314ac229a0a3680dc4f02ca7ba8838140bc,sell,0xa8006c4ca56f24d6836727d106349320db7fef82,0x7118f0bd0a67be1eb3cae224c5cbbdf87603b78cdb3b409ec9cc082f529abfec
230,5,0.02,0xccef1314ac229a0a3680dc4f02ca7ba8838140bc,2017-10-10T23:17:43.000Z,0.004,0x07631f6731b6ac389041a03bdd7642f486d8e98b,buy,0xa8006c4ca56f24d6836727d106349320db7fef82,0xbbba156e7c025fd36c283c1172b7b4817a347557690cb5910c3bbb5be477530a
231,0.0000165,0.00165,0x6fcce26576b1a36a617d81d88e9e323d4b2330c7,2017-10-10T22:46:45.000Z,100,0xa87a6017687f5d7607a4dde37624fa8eec9b0d45,sell,0xa8006c4ca56f24d6836727d106349320db7fef82,0x47e4c224fc88af1fd211b08b7dd86a79230fe9e12487e54121435c2881a5902c
232,2,0.011,0xa87a6017687f5d7607a4dde37624fa8eec9b0d45,2017-10-10T22:23:59.000Z,0.0055,0x07631f6731b6ac389041a03bdd7642f486d8e98b,buy,0xa8006c4ca56f24d6836727d106349320db7fef82,0xa3cd33c6234c1071cbde16c0e74fbb49a102c03b6d24efc091c73470bb02c2be
233,0.0054835,0.54835,0x6fcce26576b1a36a617d81d88e9e323d4b2330c7,2017-10-10T22:05:22.000Z,100,0x5ae933bfbbaa04c3e05ae56295138174ada9799c,sell,0xa8006c4ca56f24d6836727d106349320db7fef82,0xbf7e975d48a5d5ee365f940aff0572552a8b9d9a66c2f6ecb212557c0af276fc
234,0.0055,0.00003025,0x5ae933bfbbaa04c3e05ae56295138174ada9799c,2017-10-10T22:05:22.000Z,0.0055,0x07631f6731b6ac389041a03bdd7642f486d8e98b,buy,0xa8006c4ca56f24d6836727d106349320db7fef82,0xbf7e975d48a5d5ee365f940aff0572552a8b9d9a66c2f6ecb212557c0af276fc
235,0.48835634,0.002685959901535828,0x6fcce26576b1a36a617d81d88e9e323d4b2330c7,2017-10-10T21:47:29.000Z,0.005500000064575445,0x07631f6731b6ac389041a03bdd7642f486d8e98b,buy,0xa8006c4ca56f24d6836727d106349320db7fef82,0x7195d754126042329852dc586aee3ca21790fd3e193fe058b4268b87a9dd1645
236,300,2.2455,0xfe423f6b9b3aa093cc08831d9b106027f97e132e,2017-10-10T13:55:08.000Z,0.007485,0x009a12d4290630bc01fd82516ac57c1dc6a9bcfb,buy,0xa8006c4ca56f24d6836727d106349320db7fef82,0xec36a1cde6c2f4363589b7e74fa47e725c503154cb39eeb9c14c3184c5aa629f
237,299.1,2.81154,0x9084037dbf1368d06d9e530eeec30d1118d3f31d,2017-10-10T13:55:08.000Z,0.0094,0xfe423f6b9b3aa093cc08831d9b106027f97e132e,sell,0xa8006c4ca56f24d6836727d106349320db7fef82,0xec36a1cde6c2f4363589b7e74fa47e725c503154cb39eeb9c14c3184c5aa629f
238,897.21862227,4.216927524669,0x9084037dbf1368d06d9e530eeec30d1118d3f31d,2017-10-10T13:12:20.000Z,0.0047,0xb3d9b4eb733f1cdb1994a880142d12c28a979ddc,sell,0xa8006c4ca56f24d6836727d106349320db7fef82,0x8046144ebed04f3c84c523c0b9f3058831c4108715f26caf2d9dff115d6bc3a6
239,20,0.1000004,0xe146142131ba3daa2751d0346df4e381711c411b,2017-10-10T12:53:42.000Z,0.00500002,0x179eda1807504cfaa5f753a33ad6b100b75104f3,sell,0xa8006c4ca56f24d6836727d106349320db7fef82,0x623147d3c76028f0947c98afeaebfa07428e88cd758b2823296645e93c8d99d6
240,22.333,0.11412163,0x29a9a0d0bc443bc67d2c4911a0b5503265039b2d,2017-10-10T12:48:47.000Z,0.00511,0x179eda1807504cfaa5f753a33ad6b100b75104f3,sell,0xa8006c4ca56f24d6836727d106349320db7fef82,0xfd137e33c60c744a6efa367e465d4d4d69ecc87eda77e88803f372838b054a6f
241,6.484,0.0369588,0x997af1bc69217434fa41d74c4c9c0d527962b982,2017-10-10T12:43:30.000Z,0.0057,0x179eda1807504cfaa5f753a33ad6b100b75104f3,sell,0xa8006c4ca56f24d6836727d106349320db7fef82,0xa8a30aeb1eebd0c7b1fc1b6e24abffb6b782fe4f28d449989b26b7a7a428a70d
242,3.579,0.020758210737,0x1804111464a198d8b0450bdbf7cb9fd65a903baf,2017-10-10T12:33:08.000Z,0.005800003,0x179eda1807504cfaa5f753a33ad6b100b75104f3,sell,0xa8006c4ca56f24d6836727d106349320db7fef82,0xf065bfb25ebadaef7b206d09477c8fcd0680a136d9dab544e05e07057ff61498
243,50,0.2655,0x29a9a0d0bc443bc67d2c4911a0b5503265039b2d,2017-10-10T12:33:08.000Z,0.00531,0x179eda1807504cfaa5f753a33ad6b100b75104f3,sell,0xa8006c4ca56f24d6836727d106349320db7fef82,0xbd11f37c246e92260ee43dac9b79fc60398ff9cb7a75a0ac7a07743d64dcef5e
244,84,0.4662,0x5cfc4c97ad3dc91a9d6258ee1130d980ea90406f,2017-10-10T12:26:59.000Z,0.00555,0x179eda1807504cfaa5f753a33ad6b100b75104f3,sell,0xa8006c4ca56f24d6836727d106349320db7fef82,0xa87c59acd514ed80159d13401d7ff0586dfc05a2b2331f1530096da1b03e2761
245,51,0.2856,0x29a9a0d0bc443bc67d2c4911a0b5503265039b2d,2017-10-10T12:23:33.000Z,0.0056,0x179eda1807504cfaa5f753a33ad6b100b75104f3,sell,0xa8006c4ca56f24d6836727d106349320db7fef82,0x4f4aa97a2055562c40ec2b5855d6c14a5df5d789358ebe7e2d687292d96f6910
246,240.29797628,1.3696987050939762,0xee7d771fbf0aa4eed5444baf3f243f1f572e8fb5,2017-10-10T12:18:18.000Z,0.005700001,0x179eda1807504cfaa5f753a33ad6b100b75104f3,sell,0xa8006c4ca56f24d6836727d106349320db7fef82,0xb17e667a749510a39de7176962632bb0f90e22ed6f5ce2c850d9822b38d5f031
247,39.75675406,0.23058929281826218,0x1804111464a198d8b0450bdbf7cb9fd65a903baf,2017-10-10T11:42:07.000Z,0.005800003,0x15033b62867562f47c0085ba61116a244610ac2c,sell,0xa8006c4ca56f24d6836727d106349320db7fef82,0x40ea43d5358b1b1df5e01b522aecece376d37167901c4d0c1475803903b65ac9
248,299.07287409,1.7047156813858741,0xee7d771fbf0aa4eed5444baf3f243f1f572e8fb5,2017-10-10T11:20:41.000Z,0.005700001,0x4d8063b39be029c9cd2f9d1e2e19d04ca2ce4a27,sell,0xa8006c4ca56f24d6836727d106349320db7fef82,0x3d9cb3b7064c2bbf4bbc679f5cfa2bc14a6184181e6c10b1c114f460fba62ef6
249,119.62914963,0.6818862725201497,0xee7d771fbf0aa4eed5444baf3f243f1f572e8fb5,2017-10-10T08:41:54.000Z,0.005700001,0x7b875a9c5d9c74ff750085d61c60c4451015e50d,sell,0xa8006c4ca56f24d6836727d106349320db7fef82,0xb78f63af6d569ef328cd6993de45027e98939cd06c5dd2c2de49c7db164e8e7b
250,11.44,0.06864,0xbc452f81886d4e2b4a8af7767b78ac80cd94e7d7,2017-10-10T07:12:33.000Z,0.006,0x14aae375993ba1152f425e39b44d7e06adeb493d,sell,0xa8006c4ca56f24d6836727d106349320db7fef82,0xde8e6321b7f6780343f334b8ec665509ddaa1258db7b83adcf30f71576ba2feb
251,0.06251562,0.0005,0x350f6f675b20d606bb7f6c412ef4775c9bc57168,2017-10-09T19:51:03.000Z,0.007998001139555202,0xc5c751ddaa97754342d53c0ef212b44c3455c166,buy,0xa8006c4ca56f24d6836727d106349320db7fef82,0x4b36aeb427709f44806561d619ddd67f198e82216beeefd0939ae7f1c1c1a78d
252,0.06251562,0.0005,0x3bfdec5343e950ce45522eef9948c977631b4000,2017-10-09T19:51:03.000Z,0.007998001139555202,0xc5c751ddaa97754342d53c0ef212b44c3455c166,buy,0xa8006c4ca56f24d6836727d106349320db7fef82,0x5d15277cacd464b0ef05e256bd24c322b58174cad5b43b1be62562d1d804709b
253,46.17281481,0.3687822719485403,0x7de31dca13d1a6bd144f5f88ba1b98a34bbf297a,2017-10-09T19:12:32.000Z,0.007987000001322646,0x2f5d0bbf31144b5b69b457f6bff4278bbabd1044,buy,0xa8006c4ca56f24d6836727d106349320db7fef82,0xe9056227dce1e87d4eec6dd0321dcc8e034d1fed0e53dab7708a91d09320329b
254,17.234,0.120638,0x14aae375993ba1152f425e39b44d7e06adeb493d,2017-10-09T17:15:41.000Z,0.007,0x009a12d4290630bc01fd82516ac57c1dc6a9bcfb,sell,0xa8006c4ca56f24d6836727d106349320db7fef82,0xa9663b24ea99fcc6dabb9c19aa5efbdbbde5b4927ded871c7db57bc4dac3b6d6
255,53.7631391,0.46720167880769614,0xcb628d33511d267c60e82a31b965393e11dc53fe,2017-10-09T16:13:14.000Z,0.008690000000533752,0x009a12d4290630bc01fd82516ac57c1dc6a9bcfb,buy,0xa8006c4ca56f24d6836727d106349320db7fef82,0x66c8be9c0f5b4613364a715cb6e2d001a5bf126dd8f95d403cbc321ae4862dcd
256,11.46452647,0.09972991580750563,0x7de31dca13d1a6bd144f5f88ba1b98a34bbf297a,2017-10-09T12:52:26.000Z,0.008699000003923027,0x009a12d4290630bc01fd82516ac57c1dc6a9bcfb,buy,0xa8006c4ca56f24d6836727d106349320db7fef82,0xa2e313dde2df538de85e7ddd910a5bc5e485bb59d3e8598a7ed4138ce91a9cb2
257,45.03798885,0.3917854650890396,0x7de31dca13d1a6bd144f5f88ba1b98a34bbf297a,2017-10-09T12:46:14.000Z,0.008699000001840438,0x009a12d4290630bc01fd82516ac57c1dc6a9bcfb,buy,0xa8006c4ca56f24d6836727d106349320db7fef82,0x06255f30b17c4208ec2a2df6ec9a7f4433277254fa834fecd3eec39bd9ca02e2
258,1400,6.44,0x273a5d3e6721b9f5c1a6474f560c1334c63dda01,2017-10-09T02:32:45.000Z,0.0046,0x11799b5b35bf4eab5104c17e27a49d6f376e68b1,buy,0xa8006c4ca56f24d6836727d106349320db7fef82,0xb3ad0297504101966433eba097dda01fb5f73c71ad4edee87391bd484a0df0f7
259,1395.8,6.979013958,0x3f1827827dd5cf78bb8c62d3e45d8f921196d325,2017-10-09T02:32:45.000Z,0.00500001,0x273a5d3e6721b9f5c1a6474f560c1334c63dda01,sell,0xa8006c4ca56f24d6836727d106349320db7fef82,0xb3ad0297504101966433eba097dda01fb5f73c71ad4edee87391bd484a0df0f7
260,0.03189192,0.0001970920656,0x29a9a0d0bc443bc67d2c4911a0b5503265039b2d,2017-10-09T01:59:37.000Z,0.00618,0x081f9cdee8b678e047a945d8bffc3a070ef6f913,sell,0xa8006c4ca56f24d6836727d106349320db7fef82,0x8b1faaece5cc441fef35ad338d0cacf0e7b65138bf38bed4b2eb93bf999e6075
261,4,0.02472,0x29a9a0d0bc443bc67d2c4911a0b5503265039b2d,2017-10-09T01:57:32.000Z,0.00618,0x081f9cdee8b678e047a945d8bffc3a070ef6f913,sell,0xa8006c4ca56f24d6836727d106349320db7fef82,0xf095c603edc986955ce0affa28c243ca28c991041bb85e04c36e8595d3571b58
262,262.16355997,1.6201708006146,0x755dfe72cff68f68627b7a6ce5ef96ece2bfcfdc,2017-10-09T01:51:25.000Z,0.00618,0x081f9cdee8b678e047a945d8bffc3a070ef6f913,sell,0xa8006c4ca56f24d6836727d106349320db7fef82,0x9ba7ff298e801c3cf920cba4971a0a9e725a8732e60922c228061d9ce00bcdcc
263,220,1.364,0x851638b1a455db32e74a51d8d963910049597fc8,2017-10-09T01:50:48.000Z,0.0062,0x081f9cdee8b678e047a945d8bffc3a070ef6f913,sell,0xa8006c4ca56f24d6836727d106349320db7fef82,0xf06d2df0da9622743d9b4d191732321ef15248c811cca1abaa0c7780f2b666ae
264,1.91563735,0.0208804471733543,0xf01cc749a4a6a3e19a5dfc88f9de1e3f0aa41390,2017-10-09T00:29:14.000Z,0.01090000003046208,0x981ba820974f9d581db0b77ecccdb15fa0a82f48,buy,0xa8006c4ca56f24d6836727d106349320db7fef82,0xe7d45ea61b66581478195b35b3baca31013bb66e8b892926b5f9956acf242f1a
265,2.12660241,0.024455927759083874,0xf01cc749a4a6a3e19a5dfc88f9de1e3f0aa41390,2017-10-09T00:27:52.000Z,0.01150000002072972,0xb76c22caf4449ca354da2b77779e0d85fabbd31c,buy,0xa8006c4ca56f24d6836727d106349320db7fef82,0xc53d5efe686833c7c36b33ca331f3a81db2822460db18f38e8ad7f0cdefe152a
266,37.83644003,0.2338291993854,0x755dfe72cff68f68627b7a6ce5ef96ece2bfcfdc,2017-10-08T22:53:27.000Z,0.00618,0xcedeb249190dac8ae80fdc0c41ea42f1433530e4,sell,0xa8006c4ca56f24d6836727d106349320db7fef82,0x294b7cc69bb777c493d0dfcf70e00e68875f747bf4375c95b8ac7e585cfcf65b
267,16.4197787,0.08538284924,0x14aae375993ba1152f425e39b44d7e06adeb493d,2017-10-08T19:10:24.000Z,0.0052,0x254b7ca28b2187527b2ec194fc5746e0dfafe0af,sell,0xa8006c4ca56f24d6836727d106349320db7fef82,0x31bcba59af3dbd28511165609e3dec710e2acc45ac9a49cd56b8a0a49d307e90
268,149,0.74649,0x009a12d4290630bc01fd82516ac57c1dc6a9bcfb,2017-10-08T18:50:57.000Z,0.00501,0x65e9dfa5906dd661e5a9a873c494ce1682688f8b,sell,0xa8006c4ca56f24d6836727d106349320db7fef82,0x2db36f82614bccf2ff206267ab13608f026e123ca8e0afad80a476cb05ae41c5
269,73,0.438,0x14aae375993ba1152f425e39b44d7e06adeb493d,2017-10-08T18:49:57.000Z,0.006,0x65e9dfa5906dd661e5a9a873c494ce1682688f8b,sell,0xa8006c4ca56f24d6836727d106349320db7fef82,0x0f1e1e1d47bc5eb5040c748504e5ae8d0d117237d2243837d1838ec9332af186
270,42,0.25242,0x7e77caf74920352ccd7db96de8e8fa5b7e77d4c4,2017-10-08T18:49:10.000Z,0.00601,0x65e9dfa5906dd661e5a9a873c494ce1682688f8b,sell,0xa8006c4ca56f24d6836727d106349320db7fef82,0x1884164916285cc81d24e82c785f0e3d2a60031900156615a3c2bec171407042
271,100,0.6,0x14aae375993ba1152f425e39b44d7e06adeb493d,2017-10-08T18:12:54.000Z,0.006,0x081f9cdee8b678e047a945d8bffc3a070ef6f913,sell,0xa8006c4ca56f24d6836727d106349320db7fef82,0x6cece2096c30cb6abfc6b50cdc4787ca6beb0f2d6658867fcfcc3e663c7351c3
272,0.44210229,0.00389050059410229,0x2de769d2bc94985b2635fd1e8af8c9ab4f1efe2c,2017-10-08T17:52:56.000Z,0.008800001,0x081f9cdee8b678e047a945d8bffc3a070ef6f913,sell,0xa8006c4ca56f24d6836727d106349320db7fef82,0x365a0622cb2498395e0b755c43bd1bde3e20d458659a265199a8de3a31465867
273,10.26886652,0.09241979868,0x14aae375993ba1152f425e39b44d7e06adeb493d,2017-10-08T15:26:40.000Z,0.009,0x081f9cdee8b678e047a945d8bffc3a070ef6f913,sell,0xa8006c4ca56f24d6836727d106349320db7fef82,0x32685f8cbde2e283b6f93bb140e254faa4d77ea5e2246ff66d7c6b7e7a3ab7e4
274,0.30195102,0.0030195102,0x7de31dca13d1a6bd144f5f88ba1b98a34bbf297a,2017-10-08T15:18:42.000Z,0.01,0x081f9cdee8b678e047a945d8bffc3a070ef6f913,sell,0xa8006c4ca56f24d6836727d106349320db7fef82,0xeb86479a2d207b7a17b66927d95bb9d1d8e97bd485a50c3b73060bebc123c8e7
275,6.66063162,0.0724010657362218,0xbc452f81886d4e2b4a8af7767b78ac80cd94e7d7,2017-10-08T14:46:35.000Z,0.010870000004026917,0x009a12d4290630bc01fd82516ac57c1dc6a9bcfb,buy,0xa8006c4ca56f24d6836727d106349320db7fef82,0xd3ace47aa75894c83081f9a44a776dcf11eeb91996c5db148a5d9533342eda13
276,10,0.11,0xbc452f81886d4e2b4a8af7767b78ac80cd94e7d7,2017-10-08T12:47:32.000Z,0.011,0xd668337cb6b623216a93e55b76f8af19af10abf5,sell,0xa8006c4ca56f24d6836727d106349320db7fef82,0xc31fdb8261e1758eaae27e9b78b45de5b97a3391e2cd97d9e086b056adcb8a3c
277,86.73113348,0.78058020132,0x14aae375993ba1152f425e39b44d7e06adeb493d,2017-10-08T11:03:23.000Z,0.009,0xcb4abf4638be0765d226fb43641d9a67c8a716c4,sell,0xa8006c4ca56f24d6836727d106349320db7fef82,0x43d3a5d957f63cc097c9956642eea10ce443bbc31ba6288e996a6bca112b7fa0
278,3,0.027,0x14aae375993ba1152f425e39b44d7e06adeb493d,2017-10-08T07:36:30.000Z,0.009,0xc73604d0514ac01e63513d07601e7e98f2f117b4,sell,0xa8006c4ca56f24d6836727d106349320db7fef82,0xad283498f48311e3bcadbfed43144e8772bfe4ed4f7c8d9d16ed19c45a62628c
279,10.623,0.10623,0x7de31dca13d1a6bd144f5f88ba1b98a34bbf297a,2017-10-08T07:11:40.000Z,0.01,0x14aae375993ba1152f425e39b44d7e06adeb493d,buy,0xa8006c4ca56f24d6836727d106349320db7fef82,0xf5b5ca27bbd768328d1f81b7c52145504f54f9b0f81678f3bb4e994ee58bfb28
280,30,0.3,0x7de31dca13d1a6bd144f5f88ba1b98a34bbf297a,2017-10-08T07:05:19.000Z,0.01,0x14aae375993ba1152f425e39b44d7e06adeb493d,buy,0xa8006c4ca56f24d6836727d106349320db7fef82,0x0c1a732a8872eb1debf8cff7d13d347fc36a5811770725b26697acb9bd1e6f13
281,49.37673286,0.4937673286793549,0x851638b1a455db32e74a51d8d963910049597fc8,2017-10-08T04:56:17.000Z,0.010000000001607131,0x14aae375993ba1152f425e39b44d7e06adeb493d,buy,0xa8006c4ca56f24d6836727d106349320db7fef82,0xa18ce934d25c852f0c9eb76e28619b4d0dbb61a5fedf3b3904627997e9b433fa
282,10,0.1,0x7de31dca13d1a6bd144f5f88ba1b98a34bbf297a,2017-10-08T04:41:53.000Z,0.01,0x14aae375993ba1152f425e39b44d7e06adeb493d,buy,0xa8006c4ca56f24d6836727d106349320db7fef82,0x39a9d784af9e9b307ce1fb129d218f5ae1aabafccc270ee2b2c9db96e4bc1a0b
283,20,0.234,0x851638b1a455db32e74a51d8d963910049597fc8,2017-10-08T04:13:52.000Z,0.0117,0x15033b62867562f47c0085ba61116a244610ac2c,buy,0xa8006c4ca56f24d6836727d106349320db7fef82,0xa816a49ab4799399fdc03e2754ef25f21bec4cc2c0447cfdf749369e8c20015e
284,25,0.2975,0x7de31dca13d1a6bd144f5f88ba1b98a34bbf297a,2017-10-08T03:46:07.000Z,0.0119,0x009a12d4290630bc01fd82516ac57c1dc6a9bcfb,buy,0xa8006c4ca56f24d6836727d106349320db7fef82,0xab32437cb14771b3b9ad74f035452c7a3039ed0a56b2395dd0b69ed8dbc2342a
285,34,0.4046,0x7de31dca13d1a6bd144f5f88ba1b98a34bbf297a,2017-10-08T03:23:57.000Z,0.0119,0x009a12d4290630bc01fd82516ac57c1dc6a9bcfb,buy,0xa8006c4ca56f24d6836727d106349320db7fef82,0x7d1d3aee2c6b0408bbb1da8881711e72996ee52d1a742bdb3e98b243f6e0c4f1
286,12,0.15588,0x7de31dca13d1a6bd144f5f88ba1b98a34bbf297a,2017-10-08T03:21:22.000Z,0.01299,0x954bf88868b601f50a9017ef6356991a0340dc89,buy,0xa8006c4ca56f24d6836727d106349320db7fef82,0x624a4bf386970c438525dc7f53793134f67b237377e3d071b688142593d152dc
287,50,0.575,0x755dfe72cff68f68627b7a6ce5ef96ece2bfcfdc,2017-10-08T03:11:49.000Z,0.0115,0xb76c22caf4449ca354da2b77779e0d85fabbd31c,buy,0xa8006c4ca56f24d6836727d106349320db7fef82,0x6f1719348c8fb330580048551a6d6d1734131ea204fb3198441672154c76def5
288,0.00643327,0.000073982609194163,0x851638b1a455db32e74a51d8d963910049597fc8,2017-10-08T02:55:55.000Z,0.011500000651948854,0xb76c22caf4449ca354da2b77779e0d85fabbd31c,buy,0xa8006c4ca56f24d6836727d106349320db7fef82,0x97ef37b6c0cc52e5ce00d9a25584605970b488f20b2def3f241976ac36802bb2
289,119,1.19,0x997af1bc69217434fa41d74c4c9c0d527962b982,2017-10-08T02:53:49.000Z,0.01,0x14aae375993ba1152f425e39b44d7e06adeb493d,buy,0xa8006c4ca56f24d6836727d106349320db7fef82,0xc56cfb3ea43c4df0e206a40118c419a31950fb5e8ccb96e1792ed787b9cbdb15
290,68.08436264,0.7421195528266457,0x851638b1a455db32e74a51d8d963910049597fc8,2017-10-08T02:49:47.000Z,0.010900000000743867,0x981ba820974f9d581db0b77ecccdb15fa0a82f48,buy,0xa8006c4ca56f24d6836727d106349320db7fef82,0x373576a0ec287f7175b541b44e82fff244be7a514d5490e08c3ce3d226ddc7da
291,42.587,0.464198257413,0x851638b1a455db32e74a51d8d963910049597fc8,2017-10-08T02:43:45.000Z,0.010899999,0xcc6fed415553c4c680f8323980dd1e37b2d3c309,buy,0xa8006c4ca56f24d6836727d106349320db7fef82,0xb400b0343f331c49653f5bf6d1ac5a3f071ec2bbfd9961957fc38d0fda4cbd33
292,30,0.3,0x997af1bc69217434fa41d74c4c9c0d527962b982,2017-10-08T02:34:12.000Z,0.01,0x14aae375993ba1152f425e39b44d7e06adeb493d,buy,0xa8006c4ca56f24d6836727d106349320db7fef82,0xb7796f76552e243c11a55c1abfb750a0cab899edbf42b687960b8ce54a2b73c8
293,65,0.624,0x997af1bc69217434fa41d74c4c9c0d527962b982,2017-10-08T02:24:34.000Z,0.0096,0x14aae375993ba1152f425e39b44d7e06adeb493d,buy,0xa8006c4ca56f24d6836727d106349320db7fef82,0x6a6b70399e980fbaa4730f8802871396e2015b4740a2c4423ac36d331a822d41
294,35,0.336,0x755dfe72cff68f68627b7a6ce5ef96ece2bfcfdc,2017-10-08T02:13:59.000Z,0.0096,0x14aae375993ba1152f425e39b44d7e06adeb493d,buy,0xa8006c4ca56f24d6836727d106349320db7fef82,0x9aeff498688afa695417d8a738d6f0a903574b7b7189990287079d3c82fe478c
295,30,0.26400003,0x88e97554acf376fe2c951743dc5fe2e7632635b8,2017-10-08T01:08:52.000Z,0.008800001,0x15033b62867562f47c0085ba61116a244610ac2c,sell,0xa8006c4ca56f24d6836727d106349320db7fef82,0x8f2294ea854ee2aa3e795de60106b6e612becd2a1fde26752275342c4a97a73f
296,10,0.08800001,0x88e97554acf376fe2c951743dc5fe2e7632635b8,2017-10-08T01:08:14.000Z,0.008800001,0x15033b62867562f47c0085ba61116a244610ac2c,sell,0xa8006c4ca56f24d6836727d106349320db7fef82,0x8565bf58454dfe687bdafb896f68eb1bdf167300eac565df30f2ec6fcaeda6f3
297,0.10523527,0.0009050243743527,0x851638b1a455db32e74a51d8d963910049597fc8,2017-10-08T00:19:22.000Z,0.00860001,0x586aafcac30efcd077f097cee75646b4426f46b3,sell,0xa8006c4ca56f24d6836727d106349320db7fef82,0x580361d4219544a3edf637a8343b0555737a6b41137f6e7bb5b39fb1cfa47b3c
298,100,0.85,0x45849b12edb75d3872b771170831492fd2e35e50,2017-10-08T00:16:18.000Z,0.0085,0x586aafcac30efcd077f097cee75646b4426f46b3,sell,0xa8006c4ca56f24d6836727d106349320db7fef82,0x69e915465b2107435820708c44427d83170f57c7e1d7068a0ea50a27235d5c91
299,100,0.88,0x45849b12edb75d3872b771170831492fd2e35e50,2017-10-07T23:57:22.000Z,0.0088,0x586aafcac30efcd077f097cee75646b4426f46b3,sell,0xa8006c4ca56f24d6836727d106349320db7fef82,0x19d1cb165e2ad9b10b7d3cfa873df31437f1ff6fad435b605b8b403b4c1236ec
300,100,0.89,0x45849b12edb75d3872b771170831492fd2e35e50,2017-10-07T23:57:00.000Z,0.0089,0x586aafcac30efcd077f097cee75646b4426f46b3,sell,0xa8006c4ca56f24d6836727d106349320db7fef82,0xea564edccc0da412e7532b550c8da742bdefd399498e07ed721cc797754b7a56
301,79.39387897,0.7073994616227,0x009a12d4290630bc01fd82516ac57c1dc6a9bcfb,2017-10-07T22:00:20.000Z,0.00891,0x6c441655c765b20ef239e315a8aa8f85b79808c5,sell,0xa8006c4ca56f24d6836727d106349320db7fef82,0xa4d03044abb40ae29da69a8ad673dc01c800a8d8b98960050a63214275303807
302,1,0.011,0x7d053385a05276eedcaf706325ae34ae544741a6,2017-10-07T21:50:15.000Z,0.011,0x14aae375993ba1152f425e39b44d7e06adeb493d,buy,0xa8006c4ca56f24d6836727d106349320db7fef82,0xa921533acfde680ee58c4f1948db022d10be77eb65ef28964bded238ac563ad9
303,268.31,2.3906421,0x009a12d4290630bc01fd82516ac57c1dc6a9bcfb,2017-10-07T21:41:12.000Z,0.00891,0xc9b2378bbc6b1f48e0f58c76f2d994c60648c333,sell,0xa8006c4ca56f24d6836727d106349320db7fef82,0x1579e444002acfcd724612867b893673be9a6bd4f18821eb107f7f1e34dd1c4c
304,0.86696431,0.009970089631721964,0x587f81c4234b8b0b332942885de1338777198dbc,2017-10-07T21:10:51.000Z,0.01150000007696045,0xb76c22caf4449ca354da2b77779e0d85fabbd31c,buy,0xa8006c4ca56f24d6836727d106349320db7fef82,0x874f796956d360e4d56e978baa51960fa2c9e011d55837be76447d43fbcc64d3
305,230,2.07,0x14aae375993ba1152f425e39b44d7e06adeb493d,2017-10-07T21:09:51.000Z,0.009,0xc9b2378bbc6b1f48e0f58c76f2d994c60648c333,sell,0xa8006c4ca56f24d6836727d106349320db7fef82,0x2d6068dc983f86c44fd9ca8aba5281868c7ed483388296ca260e04a41dade1d2
306,120,1.08,0x14aae375993ba1152f425e39b44d7e06adeb493d,2017-10-07T21:07:45.000Z,0.009,0x6c441655c765b20ef239e315a8aa8f85b79808c5,sell,0xa8006c4ca56f24d6836727d106349320db7fef82,0xd8ea61523d8acc37edd9d3d7480c100386dcc1f512a7950605068a50cb47b2ee
307,0.00000693,0.0000000617463,0x009a12d4290630bc01fd82516ac57c1dc6a9bcfb,2017-10-07T20:40:17.000Z,0.00891,0xa3d7dedda551204ccb03bd79aa87824cc453b8de,sell,0xa8006c4ca56f24d6836727d106349320db7fef82,0x659e9ba89bd0c19ee54328a42bba1c8d31484bd135c7ed50bc52acad3839457b
308,100,1.18,0x755dfe72cff68f68627b7a6ce5ef96ece2bfcfdc,2017-10-07T20:23:59.000Z,0.0118,0x14aae375993ba1152f425e39b44d7e06adeb493d,buy,0xa8006c4ca56f24d6836727d106349320db7fef82,0xa827dd93f43538baae4996003040975c41a0b98913bda6d7588e0a08e252433b
309,0.06957,0.0006198687,0x009a12d4290630bc01fd82516ac57c1dc6a9bcfb,2017-10-07T20:19:24.000Z,0.00891,0xa3d7dedda551204ccb03bd79aa87824cc453b8de,sell,0xa8006c4ca56f24d6836727d106349320db7fef82,0x970bd756e22e82e098d151992f536d465a1157b8625b0ece5dd7391041abf9f5
310,9,0.1035,0x045729217e92d5f9b87214240ffacdc76e72657d,2017-10-07T19:43:11.000Z,0.0115,0xb76c22caf4449ca354da2b77779e0d85fabbd31c,buy,0xa8006c4ca56f24d6836727d106349320db7fef82,0x8c48e0b3cde7f44be31e12b7d7260dba1b02365acbf10c70b42993c8f9b567da
311,74,0.7252,0xb76c22caf4449ca354da2b77779e0d85fabbd31c,2017-10-07T19:25:09.000Z,0.0098,0x14aae375993ba1152f425e39b44d7e06adeb493d,buy,0xa8006c4ca56f24d6836727d106349320db7fef82,0xc6ca73b18be97f64ccf84633e448c175e454e5a98a7165512ef1de4788d15c8d
312,15,0.147,0x755dfe72cff68f68627b7a6ce5ef96ece2bfcfdc,2017-10-07T19:00:49.000Z,0.0098,0x14aae375993ba1152f425e39b44d7e06adeb493d,buy,0xa8006c4ca56f24d6836727d106349320db7fef82,0xd4f03b505af40f2f45066856a4e65e81dbd4f0af250af609bf8af2419702eed3
313,11,0.1078,0x045729217e92d5f9b87214240ffacdc76e72657d,2017-10-07T18:51:50.000Z,0.0098,0x14aae375993ba1152f425e39b44d7e06adeb493d,buy,0xa8006c4ca56f24d6836727d106349320db7fef82,0x01d205a6b4155fe1fdca7324ef220663471f1824dac3d41d4f6fddb4a8446e11
314,43,0.4214,0x82eaa8802ed058bf2f07e6d4842c63ce435da2ce,2017-10-07T18:46:24.000Z,0.0098,0x60a27121c6acc615c57003c4a064e75baa0f7876,sell,0xa8006c4ca56f24d6836727d106349320db7fef82,0x729381cc844c6b965ecd7861aad2f5840b25630646c89cfb96fa4939c36294d6
315,72,0.64152,0x009a12d4290630bc01fd82516ac57c1dc6a9bcfb,2017-10-07T17:59:36.000Z,0.00891,0x586aafcac30efcd077f097cee75646b4426f46b3,sell,0xa8006c4ca56f24d6836727d106349320db7fef82,0x3ee8213f87a9e6dc1eab9c21f9e9491b44fa7646f5b51eff7819a6a40f703c78
316,50,0.45,0xb742b2e0489bfcb82e70d8a462434be7a93937d1,2017-10-07T17:20:05.000Z,0.009,0x586aafcac30efcd077f097cee75646b4426f46b3,sell,0xa8006c4ca56f24d6836727d106349320db7fef82,0xbf4be8ec90558ffe6b8a30e4a5b9f5e1ea6cb705d39054d21f70d34cf6a30f93
317,100,0.92,0x14aae375993ba1152f425e39b44d7e06adeb493d,2017-10-07T17:20:05.000Z,0.0092,0x586aafcac30efcd077f097cee75646b4426f46b3,sell,0xa8006c4ca56f24d6836727d106349320db7fef82,0xbd27d6d1b02ff155fe96e866b4619cd6a966b07d66a6c80f411a463b9746dec3
318,38.7966652,0.356929707806652,0xcc6fed415553c4c680f8323980dd1e37b2d3c309,2017-10-07T17:19:44.000Z,0.00920001,0x586aafcac30efcd077f097cee75646b4426f46b3,sell,0xa8006c4ca56f24d6836727d106349320db7fef82,0x199c5c4fb59741558b6a22cb20a26479d271b39bc24295160a0653f5680a3063
319,17.4,0.1635600174,0xcc6fed415553c4c680f8323980dd1e37b2d3c309,2017-10-07T17:04:14.000Z,0.009400001,0x2483ca0b660beed6f2cc373e1bfb06854063c65d,sell,0xa8006c4ca56f24d6836727d106349320db7fef82,0x52e8e429630910023cf08d07de52b7ef575ee81acbcec52386e4cf37db007862
320,74.72009407,0.702368884258,0x14aae375993ba1152f425e39b44d7e06adeb493d,2017-10-07T17:01:54.000Z,0.0094,0x2483ca0b660beed6f2cc373e1bfb06854063c65d,sell,0xa8006c4ca56f24d6836727d106349320db7fef82,0xd03963a4a2a7804ace9632035680d228cc418bbdc4829e6fe42a9bbc9d976686
321,25.27990593,0.237631115742,0x14aae375993ba1152f425e39b44d7e06adeb493d,2017-10-07T16:59:49.000Z,0.0094,0x72a48d5619c7943dec93f9fbb0b95a02293b961f,sell,0xa8006c4ca56f24d6836727d106349320db7fef82,0x3e97e1d430efc65ad2a4f6c0ebcbb70bed93619e108def05d64a07246d8fa312
322,0.00207047,0.000024845717782401,0x74519b8045f495e3bd745b4882b87798f9a2b266,2017-10-07T16:57:55.000Z,0.01200003756750931,0x894e997f26812f98a47688ef2520a1c60479c2be,buy,0xa8006c4ca56f24d6836727d106349320db7fef82,0x5ce66e48e35c425b7ca0e42431a16ca700890497ee610c032116acd70ec3901c
323,215,2.365,0xb311a1c1b446c885c6560f25a0768289c5a8475f,2017-10-07T15:55:54.000Z,0.011,0x72a48d5619c7943dec93f9fbb0b95a02293b961f,sell,0xa8006c4ca56f24d6836727d106349320db7fef82,0x7e4d4f99e6164c43ec8ee7c084128801cd3f74a1094339396238bbb47fa3231a
324,74.847,0.8906793,0xb43e580005746560fc7e5907e39be61a1fcab312,2017-10-07T15:47:14.000Z,0.0119,0x72a48d5619c7943dec93f9fbb0b95a02293b961f,sell,0xa8006c4ca56f24d6836727d106349320db7fef82,0xee1667ae829aaea8db1438028486b28b16dee1f71fcd7caef0687e990dbd8daf
325,4.9845479,0.05931612001,0xb43e580005746560fc7e5907e39be61a1fcab312,2017-10-07T15:27:38.000Z,0.0119,0xe9d48bf6353dfab59b9046ca47a025d243be069f,sell,0xa8006c4ca56f24d6836727d106349320db7fef82,0x898f176d0d8a30784c90d0224ce1532f9d68659eeb7bb9cf5ec100d81384f9de
326,20,0.238,0x72a48d5619c7943dec93f9fbb0b95a02293b961f,2017-10-07T14:58:26.000Z,0.0119,0x7b41f9d316f9c9fa508062361cf77394ac7c1ef2,buy,0xa8006c4ca56f24d6836727d106349320db7fef82,0x46d0667fc28cacecfe14282d69da3951936568ff0bd244c7423a2ca1549db615
327,16.777,0.19947853,0x72a48d5619c7943dec93f9fbb0b95a02293b961f,2017-10-07T14:54:07.000Z,0.01189,0xa11a417a6b88c8bd07de814e81fb96dfcf87d60f,buy,0xa8006c4ca56f24d6836727d106349320db7fef82,0x8813a85426038dfe4048b1dd03cf0594f19483f9e96c0c533b786f336a27bc57
328,35,0.35,0x72a48d5619c7943dec93f9fbb0b95a02293b961f,2017-10-07T14:53:57.000Z,0.01,0xcedeb249190dac8ae80fdc0c41ea42f1433530e4,buy,0xa8006c4ca56f24d6836727d106349320db7fef82,0xded7c726bdd78846e72b6f794511e601b6dfc670bcdbb99fcbc7321ed364f867
329,20,0.2376,0x72a48d5619c7943dec93f9fbb0b95a02293b961f,2017-10-07T14:53:57.000Z,0.01188,0xa486dd65199bb835f06f5e9962906cce5977d1aa,buy,0xa8006c4ca56f24d6836727d106349320db7fef82,0x5224dfa16a8f8b034a12b7f781702cc816566328334318fca5532f0b419e8d4d
330,62,0.5549,0xce94b53893f7f88e8f9858c0d21944b9f9b0cf79,2017-10-07T14:51:02.000Z,0.00895,0xcedeb249190dac8ae80fdc0c41ea42f1433530e4,sell,0xa8006c4ca56f24d6836727d106349320db7fef82,0x415f16ac22ea048e20654402c6f0119eb72f3b1da9ee598772e0d486d0a00f32
331,101.979,1.223748,0x72a48d5619c7943dec93f9fbb0b95a02293b961f,2017-10-07T14:30:23.000Z,0.012,0xd03083ac3958cbb5d2e7eaefbe63dddf9168e57c,buy,0xa8006c4ca56f24d6836727d106349320db7fef82,0x1fc29ef398bc6b74957cc0620ce372f99904ba571b47cef40aabcd5e89d4f00b
332,33.529,0.3855835,0x72a48d5619c7943dec93f9fbb0b95a02293b961f,2017-10-07T14:26:52.000Z,0.0115,0x14aae375993ba1152f425e39b44d7e06adeb493d,buy,0xa8006c4ca56f24d6836727d106349320db7fef82,0x3e90769175a215f21a1c0e088f69f5340b35ff97c2311574f85b8fd28daad58b
333,23.223,0.26660004,0x72a48d5619c7943dec93f9fbb0b95a02293b961f,2017-10-07T14:26:32.000Z,0.01148,0xa11a417a6b88c8bd07de814e81fb96dfcf87d60f,buy,0xa8006c4ca56f24d6836727d106349320db7fef82,0xc2d4375315cedc42573e7769ddb7bcb4ce944fd48b8ec23f91d594287f3b9f02
334,36.06681464,0.4140109653562546,0x72a48d5619c7943dec93f9fbb0b95a02293b961f,2017-10-07T14:18:31.000Z,0.01147900000287507,0xa11a417a6b88c8bd07de814e81fb96dfcf87d60f,buy,0xa8006c4ca56f24d6836727d106349320db7fef82,0x9e4b477c6a154e4e84a96d9af325388efa8b48ac0c1e0112241941347e0facb8
335,20,0.229,0x72a48d5619c7943dec93f9fbb0b95a02293b961f,2017-10-07T14:18:25.000Z,0.01145,0x3c6e761fbbcdb9fa09179fe9eb07fc42138917b0,buy,0xa8006c4ca56f24d6836727d106349320db7fef82,0x92ba15971b21bba4d7d119c80981382943401c46595fa599ae142801a2f3659c
336,9.5,0.1045,0x72a48d5619c7943dec93f9fbb0b95a02293b961f,2017-10-07T14:15:19.000Z,0.011,0x3c6e761fbbcdb9fa09179fe9eb07fc42138917b0,buy,0xa8006c4ca56f24d6836727d106349320db7fef82,0xe87d9c7c7f20d33c74006d73068f010b75973deb485bc1ff750bf38e6e794a3d
337,0.083,0.000996,0xe985ac05f01f7fa12e3322003e88bde06e6fe042,2017-10-07T12:55:55.000Z,0.012,0xd03083ac3958cbb5d2e7eaefbe63dddf9168e57c,buy,0xa8006c4ca56f24d6836727d106349320db7fef82,0x636deb0dec6a6a2e5a932a3a689e0e5bb7e87fd61d1b8f059cddc2e2bddb20ca
338,36.39061994,0.27292968594061995,0xcc6fed415553c4c680f8323980dd1e37b2d3c309,2017-10-07T12:09:14.000Z,0.007500001,0x65e9dfa5906dd661e5a9a873c494ce1682688f8b,sell,0xa8006c4ca56f24d6836727d106349320db7fef82,0x669a078726bd0149bbbb5acb5bb83309eaca59c7d058d4c5b0c27dbf4259b9ca
339,26.77,0.24093,0x3bae46f193fd5098216645c977fab4d6ac9942d8,2017-10-07T12:05:51.000Z,0.009,0x65e9dfa5906dd661e5a9a873c494ce1682688f8b,sell,0xa8006c4ca56f24d6836727d106349320db7fef82,0xc2107e691bb55020972c4dc1907123befad59e2386560e11f5cae9579c2e71aa
340,200,1.62,0x0cb3d0f045c4e656811d233b6de40db46e612cfb,2017-10-07T12:05:51.000Z,0.0081,0x65e9dfa5906dd661e5a9a873c494ce1682688f8b,sell,0xa8006c4ca56f24d6836727d106349320db7fef82,0x2f5b737d3061d9aaf0a3960d420dfab3e71e7c58bc746a58a727d1fcf62c9fd0
341,26.77,0.24093,0x3bae46f193fd5098216645c977fab4d6ac9942d8,2017-10-07T12:05:15.000Z,0.009,0x65e9dfa5906dd661e5a9a873c494ce1682688f8b,sell,0xa8006c4ca56f24d6836727d106349320db7fef82,0xc2107e691bb55020972c4dc1907123befad59e2386560e11f5cae9579c2e71aa
342,1.048,0.011528,0xf2a8c6ec5b1b7ec1361dee7dbda95c7b2ff95acb,2017-10-07T12:01:57.000Z,0.011,0x65e9dfa5906dd661e5a9a873c494ce1682688f8b,sell,0xa8006c4ca56f24d6836727d106349320db7fef82,0xc3c6d5da72f284aa885fb7f2350521f64a893b14a8c1b2a20460bc89ca113b12
343,9.89518535,0.11358683264374539,0x396a2a4ce042b0b9fee15c53ad0ea085bcc49d25,2017-10-07T11:52:34.000Z,0.011479000001121292,0xa11a417a6b88c8bd07de814e81fb96dfcf87d60f,buy,0xa8006c4ca56f24d6836727d106349320db7fef82,0x8305ead75297f94a9e7f165d9082cfda0761285e6ca240593b6fc120f1c17991
344,100,1.145,0x9812322b50966b80a544fff56e668a161b6435e5,2017-10-07T11:32:07.000Z,0.01145,0x9d9e922059dd9872b1ec7241c509ff45bd8b9d5c,buy,0xa8006c4ca56f24d6836727d106349320db7fef82,0x591d370d86f78d0c92d578dc6f50948167e7ed8c8ed502dc0e3930e9eb9e84af
345,21.777,0.24999996,0x5ee66256d0c3114b9d19cf7ac1b263c210f5d257,2017-10-07T11:09:32.000Z,0.01148,0xa11a417a6b88c8bd07de814e81fb96dfcf87d60f,buy,0xa8006c4ca56f24d6836727d106349320db7fef82,0x8d4f5feec7b16d682e63def62e4d25f186ce38147143c94d04d70000bfbb615e
346,5,0.0574,0x4b0925f7776c00378f9556fcd4b3aaf3efe0013f,2017-10-07T10:53:56.000Z,0.01148,0xa11a417a6b88c8bd07de814e81fb96dfcf87d60f,buy,0xa8006c4ca56f24d6836727d106349320db7fef82,0xa99e31cbb0d071044e6a69752ee39e118f46e26715eaf22d26e50946a2e2079b
347,2,0.024,0xeeb12121316645ac76b40ac9d130de4b2f655f6e,2017-10-07T10:28:02.000Z,0.012,0xd03083ac3958cbb5d2e7eaefbe63dddf9168e57c,buy,0xa8006c4ca56f24d6836727d106349320db7fef82,0xf028153f422a35567a89205318c96dae30f206692e1dd7d8a022c2997c566984
348,87,0.957,0xcb4abf4638be0765d226fb43641d9a67c8a716c4,2017-10-07T10:06:14.000Z,0.011,0xa11a417a6b88c8bd07de814e81fb96dfcf87d60f,sell,0xa8006c4ca56f24d6836727d106349320db7fef82,0x1e9212ca8a7babb2f0c34edeebb273cc64e139a4e838ff36d1d7cf355ad94259
349,41.53789917,0.49845479015053334,0xf7189dbd537ed2d384d8537d576a67545513ebd1,2017-10-07T09:58:41.000Z,0.012000000002661024,0xd03083ac3958cbb5d2e7eaefbe63dddf9168e57c,buy,0xa8006c4ca56f24d6836727d106349320db7fef82,0x8eebde168ce292efb07824ae58c89b4014e9e229c8260d60becd8d608c4b0526
350,8.056,0.088616,0x64f4fb7fd207adf8960b1d14413991f59b08122d,2017-10-07T09:58:09.000Z,0.011,0x14aae375993ba1152f425e39b44d7e06adeb493d,buy,0xa8006c4ca56f24d6836727d106349320db7fef82,0x1afa03904a120e9a504b99dad7564e1083b2912832a85e00323f0523ddca6da0
351,34.46258972,0.3790884869986046,0xdd3e2e89ea8df00eea59b525520f8e9f4f05de7d,2017-10-07T09:47:49.000Z,0.011000000002280868,0x14aae375993ba1152f425e39b44d7e06adeb493d,buy,0xa8006c4ca56f24d6836727d106349320db7fef82,0x6fcb22741a01604e19011a685b0a6644a22b9e54f458d0fd4bcc855ad1a10ddf
352,31.85194191,0.35037136101,0xf2a8c6ec5b1b7ec1361dee7dbda95c7b2ff95acb,2017-10-07T09:47:49.000Z,0.011,0x092410f6c66c761144069911a36a5a14c998cb35,sell,0xa8006c4ca56f24d6836727d106349320db7fef82,0xdf9eef67fadd49636a244d93e93ecb3033c713a9cff76ecef3f659420e04c172
353,100,1.2,0x586aafcac30efcd077f097cee75646b4426f46b3,2017-10-07T08:45:11.000Z,0.012,0xd09e4c2ab4c42ca5afd1756ad5899634421abf07,buy,0xa8006c4ca56f24d6836727d106349320db7fef82,0x6d53e42ca026f852eab67511c2c5a9888ce750e9fc8fdbf4d7656ffc8b896a2c
354,300,3.597,0x586aafcac30efcd077f097cee75646b4426f46b3,2017-10-07T08:40:32.000Z,0.01199,0x009a12d4290630bc01fd82516ac57c1dc6a9bcfb,buy,0xa8006c4ca56f24d6836727d106349320db7fef82,0x94b92600fa24a45610740663a23a2b93dccc6e0a37c7f08b5fbf09550dc8104f
355,162.58461669,1.9477637079462,0x586aafcac30efcd077f097cee75646b4426f46b3,2017-10-07T08:39:59.000Z,0.01198,0xc313b8f0ae1b78f25d35cd44ee407854fa2bbd71,buy,0xa8006c4ca56f24d6836727d106349320db7fef82,0x93fea828ace69030fb02d1929984e9a7bb0e65791cefd1587ceafbbbf93ffdc7
356,328.04931707,3.6052619946367104,0x235a9dcaa2ab621da5779417f5b05c9a8b9fa6f7,2017-10-07T08:10:47.000Z,0.010990000000114039,0x092410f6c66c761144069911a36a5a14c998cb35,buy,0xa8006c4ca56f24d6836727d106349320db7fef82,0x17b9e6412f97e519c01731e62e7c5af2369e6ca6495f2f66ef143d3852339ba7
357,5,0.05495,0x5f5a8fc194c1ec05e3127b31636cfa2917bf5c19,2017-10-07T08:06:17.000Z,0.01099,0x092410f6c66c761144069911a36a5a14c998cb35,buy,0xa8006c4ca56f24d6836727d106349320db7fef82,0x4eca5813c15b6516f509a840e1b94b54056577970fa42a4a132fabecb17cce48
358,112,1.1200112,0xc17ca27bb6b49e75ce1d1a18c0fcb59c6df21a05,2017-10-07T07:15:36.000Z,0.0100001,0xd7e6f3c2d44e4b1d75f8f7848321a5a035711726,buy,0xa8006c4ca56f24d6836727d106349320db7fef82,0xb3f1d5a088a80074533ce58182b04ac553851cf4d5c7f9b11e4f6e4d0dd5598e
359,300,2.133,0x009a12d4290630bc01fd82516ac57c1dc6a9bcfb,2017-10-07T06:52:51.000Z,0.00711,0xc313b8f0ae1b78f25d35cd44ee407854fa2bbd71,sell,0xa8006c4ca56f24d6836727d106349320db7fef82,0xbd1ef9d62e34d35a26c512c8c5994bd0b0764385ba76a8a94cee292d84e81d66
360,100,1.05,0x60a27121c6acc615c57003c4a064e75baa0f7876,2017-10-07T06:52:51.000Z,0.0105,0xc429db42a284f91c97197cdc06a12c608dc476a1,buy,0xa8006c4ca56f24d6836727d106349320db7fef82,0x543a794647f14bd26c13c35150652fecb85bd7b1d60dcdc89c5d2cddfc5cd3d9
361,116.471,1.26371035,0xc17ca27bb6b49e75ce1d1a18c0fcb59c6df21a05,2017-10-07T06:40:28.000Z,0.01085,0x14aae375993ba1152f425e39b44d7e06adeb493d,buy,0xa8006c4ca56f24d6836727d106349320db7fef82,0xa0d1bea64da67c56b978582603098108459b3791954a90810a5712fb90a0b12e
362,16.16688267,0.116401555224,0xa9c1a214dfdfee7565fb0cb7912af9ea2b04b4ab,2017-10-07T06:28:35.000Z,0.0072,0xc313b8f0ae1b78f25d35cd44ee407854fa2bbd71,sell,0xa8006c4ca56f24d6836727d106349320db7fef82,0x4c71048bcda5c210533c8c8f126cfb89b73d6233de4e32ed34f92c07c63f3af4
363,100,0.8,0x14aae375993ba1152f425e39b44d7e06adeb493d,2017-10-07T05:58:42.000Z,0.008,0xc313b8f0ae1b78f25d35cd44ee407854fa2bbd71,sell,0xa8006c4ca56f24d6836727d106349320db7fef82,0x3458d9096fb26f1ee2ba5cfb62fc1b246ca387c55f1f941bf96e62b2841f6484
364,16.47068002,0.18941282025720266,0x254b7ca28b2187527b2ec194fc5746e0dfafe0af,2017-10-07T05:45:08.000Z,0.011500000001651581,0x14aae375993ba1152f425e39b44d7e06adeb493d,buy,0xa8006c4ca56f24d6836727d106349320db7fef82,0x9c3a538af1419d1bca3a6f6b0ee6a18431848f957d58c8cea30562413e776fd5
365,25,0.225,0xc17ca27bb6b49e75ce1d1a18c0fcb59c6df21a05,2017-10-07T05:37:29.000Z,0.009,0x14aae375993ba1152f425e39b44d7e06adeb493d,buy,0xa8006c4ca56f24d6836727d106349320db7fef82,0xc7e84f2e57271669b51fad3c81710270994cd0f97b70e7f8980a42fa3bc956bd
366,30,0.36,0xc17ca27bb6b49e75ce1d1a18c0fcb59c6df21a05,2017-10-07T05:37:29.000Z,0.012,0xa11f36555b15d08f63fe4c1da229574871e1fdb1,buy,0xa8006c4ca56f24d6836727d106349320db7fef82,0xc746aa0eb96f5efb9064b904ef5e303a367ce23b5a894b579817e0b5bc942898
367,39.925,0.471115,0x6515a46069b84fc44b21de5a17bc740cb73e9676,2017-10-07T05:34:13.000Z,0.0118,0x14aae375993ba1152f425e39b44d7e06adeb493d,buy,0xa8006c4ca56f24d6836727d106349320db7fef82,0xd27643327ea60f7d2c120b12dc9585c170de6a33f057934061691d8e0c27a056
368,53.83311733,0.387598444776,0xa9c1a214dfdfee7565fb0cb7912af9ea2b04b4ab,2017-10-07T05:21:07.000Z,0.0072,0x93b5b47b9780ff0440bbdccdc208a6c154df9651,sell,0xa8006c4ca56f24d6836727d106349320db7fef82,0x1c4b39e0a9613df444c45d591662788585883b590dce0043b11b204966df0059
369,24.9227395,0.15202871095,0x7e77caf74920352ccd7db96de8e8fa5b7e77d4c4,2017-10-07T05:21:07.000Z,0.0061,0xa0be78d2bac6a692adba423c7af50ec86a18bddf,sell,0xa8006c4ca56f24d6836727d106349320db7fef82,0x6f1e58904fdaa518ed021aaef878c2841b57e015ea38a9ca169ddc496d16bde1
370,112,0.7952,0xd7e6f3c2d44e4b1d75f8f7848321a5a035711726,2017-10-07T05:17:21.000Z,0.0071,0x1e91f21b3631a61c1c75e2a20c8f4364bd772de6,sell,0xa8006c4ca56f24d6836727d106349320db7fef82,0x811d2257929d7065038baba693a1bd68a701c04975239ce590823c3583dbef7f
371,25,0.177500025,0xa0be78d2bac6a692adba423c7af50ec86a18bddf,2017-10-07T04:59:28.000Z,0.007100001,0x14aae375993ba1152f425e39b44d7e06adeb493d,sell,0xa8006c4ca56f24d6836727d106349320db7fef82,0x2e2a7551f18581f75e7a298ccf258343f0f9d34693f25a7194ffe4b0d8982155
372,20,0.24,0x7b41f9d316f9c9fa508062361cf77394ac7c1ef2,2017-10-07T02:50:23.000Z,0.012,0xa11f36555b15d08f63fe4c1da229574871e1fdb1,buy,0xa8006c4ca56f24d6836727d106349320db7fef82,0x75e9882df708c4a3bbe65dcce583b15e27bd8bb93f9fe93f4bb79fca541b8a95
373,1,0.013,0x6383841ff0540f2ec4e7b9d968ae6e17dd30630f,2017-10-07T02:29:27.000Z,0.013,0x93b5b47b9780ff0440bbdccdc208a6c154df9651,buy,0xa8006c4ca56f24d6836727d106349320db7fef82,0x232e0b466b0b8ec2383cb60ff598d4030b86195447354023f683c46bb08af542
374,300,2.4,0xee02095f350042bfe8a981a82246516653bc4858,2017-10-07T02:19:08.000Z,0.008,0xd668337cb6b623216a93e55b76f8af19af10abf5,buy,0xa8006c4ca56f24d6836727d106349320db7fef82,0x5f3fa982777725b28541e6190a3acbf392581ea4b9a017510d06f75b16946df7
375,20,0.158,0xee02095f350042bfe8a981a82246516653bc4858,2017-10-07T02:16:54.000Z,0.0079,0x93b5b47b9780ff0440bbdccdc208a6c154df9651,buy,0xa8006c4ca56f24d6836727d106349320db7fef82,0x7372448cb5701d6e98c4e8a5fb1d969751224edb1c6265017f1231a224fd0a5d
376,156,1.17,0xee02095f350042bfe8a981a82246516653bc4858,2017-10-07T02:10:44.000Z,0.0075,0xa11f36555b15d08f63fe4c1da229574871e1fdb1,buy,0xa8006c4ca56f24d6836727d106349320db7fef82,0xb71a8f3bd65376f161bc905565c6c5fdc066d7cd7a0416f451d6055ca17238c1
377,170,0.85,0x2daf797758a4372812bc67d6d166b3a387dcfd78,2017-10-07T01:34:14.000Z,0.005,0xd668337cb6b623216a93e55b76f8af19af10abf5,buy,0xa8006c4ca56f24d6836727d106349320db7fef82,0xf67127a6cd3f9fd1afdf86c73aed581f3db0499dc417948597394194781ffdea
378,130,0.65,0x65e9dfa5906dd661e5a9a873c494ce1682688f8b,2017-10-07T00:57:05.000Z,0.005,0xd668337cb6b623216a93e55b76f8af19af10abf5,buy,0xa8006c4ca56f24d6836727d106349320db7fef82,0xb8c815aa34ccf905c23c4de776889b533714c056b005adcd3bd8501dcb67b696
379,400,1.822222,0x65e9dfa5906dd661e5a9a873c494ce1682688f8b,2017-10-07T00:55:02.000Z,0.004555555,0x8a09575d6bd491b7d82ad062651beb62964b24d2,buy,0xa8006c4ca56f24d6836727d106349320db7fef82,0x1b4a8094b1d2fcad82e8fc00af78fba33a9acf5350a15646f7353334c7d3ebaa
380,48.84856943,0.1582693649532,0x7a79a4c561632d80debd118d759d66224b57ac2e,2017-10-07T00:45:12.000Z,0.00324,0x65e9dfa5906dd661e5a9a873c494ce1682688f8b,sell,0xa8006c4ca56f24d6836727d106349320db7fef82,0xe45060e17487ac215e5873510ec6d62093d07cdfb6e4c35d15efc7b44883ab67
381,206.73,0.82692,0xa11f36555b15d08f63fe4c1da229574871e1fdb1,2017-10-07T00:44:25.000Z,0.004,0xd668337cb6b623216a93e55b76f8af19af10abf5,buy,0xa8006c4ca56f24d6836727d106349320db7fef82,0x7162035d13ca84658439c4102a54114a8f068f6bfecdba4368e70f82de164f93
382,49,0.1715,0x65e9dfa5906dd661e5a9a873c494ce1682688f8b,2017-10-07T00:39:54.000Z,0.0035,0xbf996c7c57c387ceebaf2f57c492d84a6b43cd4b,buy,0xa8006c4ca56f24d6836727d106349320db7fef82,0x7a3531694b42216074b0150d9383863ba3dcd8ea9b62cd7b1a53220276172b8a
383,59,0.21535,0x69bc96509a19ce70f5ddbbe2cdc736ca1fd615ee,2017-10-06T23:16:56.000Z,0.00365,0xe84942b488aa90e2ce98c302cfb26cc74ff61ca4,buy,0xa8006c4ca56f24d6836727d106349320db7fef82,0xb29a1df71de6ab52927b84ed1c93b7fab62d82f9e2d627421e4dbe2fbc289b68
384,93.26973023,0.37307892093697187,0x07631f6731b6ac389041a03bdd7642f486d8e98b,2017-10-06T22:17:27.000Z,0.004000000000181965,0xd668337cb6b623216a93e55b76f8af19af10abf5,buy,0xa8006c4ca56f24d6836727d106349320db7fef82,0x3b6ae7e8296f00250e2260ba8882e138e44b48a7ce80842c890c5008e54f9846
385,50,0.135,0x36d7c4d0cc3feed1d6446df3a56975b1ab1fd469,2017-10-06T20:15:46.000Z,0.0027,0xa9e028cf13abc08575ed21c573798e2888afa937,sell,0xa8006c4ca56f24d6836727d106349320db7fef82,0xb468a07e0eeb4133700a189000541096be7d2478a792a4335d27f0c82a6a4867
386,134,0.43416,0x7a79a4c561632d80debd118d759d66224b57ac2e,2017-10-06T20:12:53.000Z,0.00324,0xa9e028cf13abc08575ed21c573798e2888afa937,sell,0xa8006c4ca56f24d6836727d106349320db7fef82,0xf0a22aa0c51faa0a8cd5f8704bdba06e7396f55811ab93486484c69c1457bef8
387,10.21,0.0307321,0xf4c59a14a8cda6dd05f047dbe806ffc850b649a0,2017-10-06T20:03:00.000Z,0.00301,0xa9e028cf13abc08575ed21c573798e2888afa937,sell,0xa8006c4ca56f24d6836727d106349320db7fef82,0x64fdd2be1ba0b22188fb5f1673543033620f0cbde0015f6abdd7b135f9470e85
