,amount,amountBase,buyer,date,price,seller,side,tokenAddr,txHash
0,0.06418485237483953,0.0005,0x4fda9e6bcd83af6c5cc771b5d20accc2b7720074,2017-11-02T10:18:12.000Z,0.00779,0xfbf7dc0756a9768d0c71aea5f8421f3b1eaee7d1,buy,0xced4e93198734ddaff8492d525bd258d49eb388e,0xf2fc519831ce7610f63b89a0960c29b5a121f671e268660f786c3328006f7323
1,0.06418485237483953,0.0005,0x3075f7f189912f4f425dd7021b9c396434197477,2017-11-02T10:04:05.000Z,0.00779,0xfbf7dc0756a9768d0c71aea5f8421f3b1eaee7d1,buy,0xced4e93198734ddaff8492d525bd258d49eb388e,0x75fb1a2797017633ad3e8ad586e5d198cf8011c2805093849e52f111edb6bc5a
2,348.91835310537334,2.3028611304954643,0xaef43bf6eb629d5bc30abeec6832656240f31333,2017-11-02T08:37:18.000Z,0.0066,0xb85cdf11e41e3ae58f5060aa1b2636638d5325ac,sell,0xced4e93198734ddaff8492d525bd258d49eb388e,0xd41090b0bb5d09a22acdf5605e99a8216b47cdcf37d892be8825d3638093430a
3,10,0.072,0x99ab98450804de11b2163f64fb20be108323829b,2017-11-02T05:31:20.000Z,0.0072,0x751cc568cb9a7becd3001217cbeba8563e58fc7c,sell,0xced4e93198734ddaff8492d525bd258d49eb388e,0x505032904b96fdae80d508c9138e70b3abb3ab91a4470411f1f2514ab8f23109
4,71.43,0.4892955,0xcd371e6ee9dbc386f85b8eab0c9711368d404618,2017-11-02T05:31:02.000Z,0.00685,0x751cc568cb9a7becd3001217cbeba8563e58fc7c,sell,0xced4e93198734ddaff8492d525bd258d49eb388e,0x4825dcdb60e25cec984167fda2589c094748757779b942a0fa146de21ecc7c64
5,407.0545661180857,2.7680117550595944,0xe5830fc331aa8eb94b6a6daba5ae0ad028e5e222,2017-11-02T02:48:49.000Z,0.0068001,0x751cc568cb9a7becd3001217cbeba8563e58fc7c,sell,0xced4e93198734ddaff8492d525bd258d49eb388e,0x67e968adc0f249da87a2fc1dfa3e869eabb97c6def177151b002a47064884c95
6,62.38562546658552,0.49846114747801834,0xddf55fb7bc30d76e9942dc50a153cecae968a191,2017-11-01T02:27:03.000Z,0.00799,0x751cc568cb9a7becd3001217cbeba8563e58fc7c,buy,0xced4e93198734ddaff8492d525bd258d49eb388e,0x1d90b8f741bdb6bb1b6cf06ede2766b3d019f048b106f47ba70bf5296ba59b95
7,65.7960322998704,0.4474199282225102,0x751cc568cb9a7becd3001217cbeba8563e58fc7c,2017-11-01T01:30:46.000Z,0.006800105,0x4006ac994f15608c57672335af43b470fb77f96f,sell,0xced4e93198734ddaff8492d525bd258d49eb388e,0x8c44eee00e53958532c91c5a13ddf2fbfb8d4bd20fbb1619a24f144e8e954a88
8,79.75276642408534,0.5423271857242548,0x751cc568cb9a7becd3001217cbeba8563e58fc7c,2017-11-01T00:50:39.000Z,0.006800105,0x6a0633796f7c7b0f4a5e062392b1f05d0bfa4acb,sell,0xced4e93198734ddaff8492d525bd258d49eb388e,0x0983a71ab0953c7cde17b1182a8e3c7bfd6acc21a1d923658d23924184e3c60e
9,11,0.0748,0x751cc568cb9a7becd3001217cbeba8563e58fc7c,2017-10-31T21:45:42.000Z,0.0068,0x706ed29bc5ef8dd2b59cce35f42f6eea95c7ef38,buy,0xced4e93198734ddaff8492d525bd258d49eb388e,0x68fcc3cc18f9044d7006ced4131c2d565165721a79c0b0c5903e56f7f9164732
10,20.09,0.150675,0x706ed29bc5ef8dd2b59cce35f42f6eea95c7ef38,2017-10-31T19:43:14.000Z,0.0075,0x78a16cc598d6689431cee3fda99c922e06f8115c,sell,0xced4e93198734ddaff8492d525bd258d49eb388e,0xb22ede98281db24a9c074a8ecb630fe8fdb650fae7a007ab0dddfec4c05dc2c9
11,62,0.49538,0x9542d5ea0317bf04f2bd8c694644713e30880c1b,2017-10-31T18:59:03.000Z,0.00799,0x751cc568cb9a7becd3001217cbeba8563e58fc7c,buy,0xced4e93198734ddaff8492d525bd258d49eb388e,0x8c3b254eb06903b9f7f98e8318818086172e3aed6e3b0ae8a4a4e3607d4334d3
12,8.13273798431846,0.06080848190874912,0x1d5321e125f6c7079a716705541c7b371ca79e69,2017-10-31T14:59:40.000Z,0.007477,0x751cc568cb9a7becd3001217cbeba8563e58fc7c,buy,0xced4e93198734ddaff8492d525bd258d49eb388e,0xf16797d04c1fb4cc17f092bf0c3c1b50e416698362789916ce6b7fc37fa74bfe
13,8.10841274608022,0.0612185243413184,0xacadb04c26e202f4ccad5851233f274239f3ce43,2017-10-31T14:59:40.000Z,0.007550001,0x1d5321e125f6c7079a716705541c7b371ca79e69,sell,0xced4e93198734ddaff8492d525bd258d49eb388e,0xf16797d04c1fb4cc17f092bf0c3c1b50e416698362789916ce6b7fc37fa74bfe
14,100,0.68,0x0f1b76410215ed963ea2c3d3eaddd4a56350b422,2017-10-31T13:20:06.000Z,0.0068,0x74dfaa77ae0b49e29e29a2a9eb074993950e219c,sell,0xced4e93198734ddaff8492d525bd258d49eb388e,0x6e501ed07ae915ba55cfd1e5a4e4cf6d197c5e4a7cb8b76e0b10bbed064407e0
15,101,0.7272,0x56b3856dd86191f63caa7f6fc424c73a6199cfa8,2017-10-31T13:00:11.000Z,0.0072,0x938e5947db1d28930c7d62f989c4ce59ccedbcc3,sell,0xced4e93198734ddaff8492d525bd258d49eb388e,0x0e38cf611c11a48e3cc663de1a0d09e0e81861ded1b1fb2aa5ade621697ff917
16,17.48,0.124982,0xd5e34c7312a26fbe82f0cd0ec345dd87a7d09c25,2017-10-31T13:00:11.000Z,0.00715,0x938e5947db1d28930c7d62f989c4ce59ccedbcc3,sell,0xced4e93198734ddaff8492d525bd258d49eb388e,0x5165a3abb2dccf41fe8ed7b79b070b08209feb4b176123c479198d10e374a0ed
17,42.344,0.3091112,0x27f15a99a7b741d354ed84b82550ed9e7521311f,2017-10-31T13:00:11.000Z,0.0073,0x938e5947db1d28930c7d62f989c4ce59ccedbcc3,sell,0xced4e93198734ddaff8492d525bd258d49eb388e,0x547e60dcf368fa4e376810b2799f60591117e2d5d1dbeb2b532104e0379153ed
18,12.204,0.0922079322,0xedbf1c6149be396ccfc52893b6a5114995b1b11b,2017-10-31T12:59:50.000Z,0.00755555,0x938e5947db1d28930c7d62f989c4ce59ccedbcc3,sell,0xced4e93198734ddaff8492d525bd258d49eb388e,0xacb75c3396975932715b8db34d6affec6d57f1f3ba02dd92458f3e4a485810c6
19,57.65556376105613,0.42088561545570974,0x27f15a99a7b741d354ed84b82550ed9e7521311f,2017-10-31T07:06:56.000Z,0.0073,0x8b442f764a986203d2fb35f60a7ed0c112860157,sell,0xced4e93198734ddaff8492d525bd258d49eb388e,0x9a91620f3312f6cd58a3ef542fd239f9ae6087ecde3d9ab39b3f489fc95909cf
20,337,2.426403033,0x4ce70cb9d93ce5d1736a79630fb14adb4f40c389,2017-10-31T07:05:20.000Z,0.007200009,0x8b442f764a986203d2fb35f60a7ed0c112860157,sell,0xced4e93198734ddaff8492d525bd258d49eb388e,0x81708fd511cc2e19697ba3b6f60e6b00b06bb235dd2fb9e3d320032b72752f19
21,150,1.0965,0xfbf7dc0756a9768d0c71aea5f8421f3b1eaee7d1,2017-10-31T07:04:53.000Z,0.00731,0x8b442f764a986203d2fb35f60a7ed0c112860157,sell,0xced4e93198734ddaff8492d525bd258d49eb388e,0x95810e75231bea2adda7c32961e96111e87d2488d39618dadc009e356bb22f2b
22,0.0573000248899,0.000432933203056883,0xedbf1c6149be396ccfc52893b6a5114995b1b11b,2017-10-31T04:12:40.000Z,0.007555549999999984,0xe444a40689f51f63bcd29910622035707d533d29,sell,0xced4e93198734ddaff8492d525bd258d49eb388e,0xc49c3140669dceae87928a37d8f47ac3ba6c69d206d8e13e0588e21816c6ac0d
23,157,1.318643,0x2eb08f9c444ed39fa42b80708fd25c2d4433225e,2017-10-31T03:21:53.000Z,0.008399,0x751cc568cb9a7becd3001217cbeba8563e58fc7c,buy,0xced4e93198734ddaff8492d525bd258d49eb388e,0xdca9f0fbd89a666f3373e2204d93e42ed35f4f21c1b7b75f72482d0ec7b6329d
24,21,0.189,0x5a7f52c42526ddb16755d0681ddc80be166c2ff6,2017-10-31T00:30:26.000Z,0.009,0x1c7da27578813ead215506389fb5eb3f38b43877,buy,0xced4e93198734ddaff8492d525bd258d49eb388e,0xb71a5fe7d7be692ac09d8913b05916280cf9b929f0a8f1251b545c5cd377d4da
25,2.1222626909094275,0.015492517643638822,0x8e465006a05f51471c5bdeb0c8fb6bb7181f06dd,2017-10-31T00:22:41.000Z,0.0073,0x1e9f0880bd3bbd9cad5f4e012d474e80744512c6,sell,0xced4e93198734ddaff8492d525bd258d49eb388e,0xadea15d983d8c6abe75184b6663772f740d8fc89f6baf63371c1c46ed1fa24ce
26,42.9695725770177,0.31372514634206394,0xc6ed50b6bf2d995504ff11942c4f989a7d4f885b,2017-10-31T00:21:52.000Z,0.0073011,0x1e9f0880bd3bbd9cad5f4e012d474e80744512c6,sell,0xced4e93198734ddaff8492d525bd258d49eb388e,0xdf6af5cc5b7930560be6be03b1d9b1c46ad785eb0153295fa0c3b1c817628fc0
27,25,0.182527525,0xbfbdd7f780e8f8185051642cca63bdf74727e167,2017-10-31T00:21:41.000Z,0.007301101,0x1e9f0880bd3bbd9cad5f4e012d474e80744512c6,sell,0xced4e93198734ddaff8492d525bd258d49eb388e,0x1396e4733172d6bd469cadc6c7b93ffe98d44bc984bd2ec83f4a5be204ca8ce2
28,66,0.48378,0x4f0c45fe7dbdfedf4e06c4c184457487296608be,2017-10-31T00:21:18.000Z,0.00733,0x1e9f0880bd3bbd9cad5f4e012d474e80744512c6,sell,0xced4e93198734ddaff8492d525bd258d49eb388e,0x2b96aee42446b949775310e40cd6d478ca330539cb2acf9abcc479c534eae509
29,2.3,0.0168590046,0xab55a571f6c1faf6df4898d6891a6cbdb7d09679,2017-10-31T00:20:37.000Z,0.007330002,0x1e9f0880bd3bbd9cad5f4e012d474e80744512c6,sell,0xced4e93198734ddaff8492d525bd258d49eb388e,0xf9d1701b60391444872445a18186a706cf7b18640e931d2c6dd3489bd946d04b
30,15.5,0.11377,0x09da780e0d76b1f81f078f6d2327bf945fda8969,2017-10-31T00:20:13.000Z,0.00734,0x1e9f0880bd3bbd9cad5f4e012d474e80744512c6,sell,0xced4e93198734ddaff8492d525bd258d49eb388e,0xfc3908cc3d6ebf5d26a0efcd71d08d0b3ad29e8a9107a9d901aee8c2a36598d4
31,20,0.151,0xf62c216cbb69e509c1796a848ddb3322b03ecde2,2017-10-31T00:19:37.000Z,0.00755,0x1e9f0880bd3bbd9cad5f4e012d474e80744512c6,sell,0xced4e93198734ddaff8492d525bd258d49eb388e,0xd702ae8ece511c7fd9301aee39865631cd9f898d5cce0400eff44bd1434ed159
32,194.759,1.47151136245,0xedbf1c6149be396ccfc52893b6a5114995b1b11b,2017-10-31T00:18:52.000Z,0.00755555,0x1e9f0880bd3bbd9cad5f4e012d474e80744512c6,sell,0xced4e93198734ddaff8492d525bd258d49eb388e,0x3d0db7f41a1236ca5b3199389574733dbee1e38e44fbcd72bcedf84d1ddab7ed
33,199,1.839755,0x3d5dfe8b4a6b9e6206ba6343e87bfda1f4dc48cb,2017-10-30T20:32:43.000Z,0.009245,0xedbf1c6149be396ccfc52893b6a5114995b1b11b,buy,0xced4e93198734ddaff8492d525bd258d49eb388e,0x822adf3a9abcf4799d638adab253a05e145d84b758c2134c8942e6167d12fc06
34,0.0642,0.00058422,0x1d5321e125f6c7079a716705541c7b371ca79e69,2017-10-30T14:32:01.000Z,0.0091,0x6e1e80fcd2bf75c4336b7ece10e4bd44513d8c8c,buy,0xced4e93198734ddaff8492d525bd258d49eb388e,0xb8ad411a0bda6d149c97d9215f1724be37e4accfb939118d42677dc85731beea
35,0.06400797607178464,0.000640079760717846,0x706ed29bc5ef8dd2b59cce35f42f6eea95c7ef38,2017-10-30T14:32:01.000Z,0.009999999999999993,0x1d5321e125f6c7079a716705541c7b371ca79e69,sell,0xced4e93198734ddaff8492d525bd258d49eb388e,0xb8ad411a0bda6d149c97d9215f1724be37e4accfb939118d42677dc85731beea
36,199.38191606021334,1.4594756255607617,0xedbf1c6149be396ccfc52893b6a5114995b1b11b,2017-10-30T14:31:43.000Z,0.00732,0xa742f56680ab2fd52e5885492bb634df7a1d6016,sell,0xced4e93198734ddaff8492d525bd258d49eb388e,0xfd4e85c821ce78ca6ad67a50aac6da8e5f6ce05f72e798511cb1cfa3a0d489a1
37,21.3358,0.213358,0x706ed29bc5ef8dd2b59cce35f42f6eea95c7ef38,2017-10-30T14:01:00.000Z,0.01,0x273a5d3e6721b9f5c1a6474f560c1334c63dda01,sell,0xced4e93198734ddaff8492d525bd258d49eb388e,0x70e514b52713b1ed9f3b4e1a76d4c8bff0498c198c3f9440b8e01b5a2fd8195a
38,21.4,0.19474,0x273a5d3e6721b9f5c1a6474f560c1334c63dda01,2017-10-30T14:01:00.000Z,0.0091,0x6e1e80fcd2bf75c4336b7ece10e4bd44513d8c8c,buy,0xced4e93198734ddaff8492d525bd258d49eb388e,0x70e514b52713b1ed9f3b4e1a76d4c8bff0498c198c3f9440b8e01b5a2fd8195a
39,39.4558512846993,0.36496662438346855,0x484ca81ab83c7aa52feb5dc99f2b5b02a250bad4,2017-10-30T12:58:37.000Z,0.00925,0xd4f61957daea5154b10a57727ffcac4cd954cba7,buy,0xced4e93198734ddaff8492d525bd258d49eb388e,0xbff2e6c85a033b5ab4a51613aa778a9222980461bb1b13d16fd61433b88ae546
40,16.5,0.12046815,0x2475fe4d7a9d7d2e7908baf6697b801596bf5148,2017-10-30T07:44:50.000Z,0.0073011,0x8dd6ce50a05c1555af340864fb0e8eecfcdb93a9,buy,0xced4e93198734ddaff8492d525bd258d49eb388e,0xb441a5c36ec5026c820f745c7925705b2928a07872af5d47bc251f7250aaeb34
41,0.0639149287185,0.00046664928606664,0xc6ed50b6bf2d995504ff11942c4f989a7d4f885b,2017-10-30T02:14:53.000Z,0.007301099999999994,0x16e5d97bbc92417e051e3b2cabfbf8ceea2acb9c,sell,0xced4e93198734ddaff8492d525bd258d49eb388e,0xf3a0041b9b57516f281138a830734d281a3fd4f17dc820e8f58328abf2814535
42,0.0665124942638,0.00048561437186943,0xc6ed50b6bf2d995504ff11942c4f989a7d4f885b,2017-10-30T02:14:48.000Z,0.007301099999999997,0x379374d13077e8867ef31803c37baf9785a17c00,sell,0xced4e93198734ddaff8492d525bd258d49eb388e,0x55fb30d8a3f6b5fc94e0cdcf8c6cdeb91721468c9f0db1c939c00df44c3ba805
43,14.955,0.127117485045,0xdf537fe9b791ac57c4d5e94f6b2fa8d989d7f793,2017-10-29T21:55:29.000Z,0.008499999,0xacadb04c26e202f4ccad5851233f274239f3ce43,buy,0xced4e93198734ddaff8492d525bd258d49eb388e,0x481a0228fee7cde539eb88e81547b9644ba54f1c6c916e3f88459bad6eaf4a94
44,0.05636685246543002,0.000411483659682885,0xe5830fc331aa8eb94b6a6daba5ae0ad028e5e222,2017-10-29T14:26:50.000Z,0.007300099999999987,0xd7e6007b0e0538b94b9a8349169e9815a9497e93,sell,0xced4e93198734ddaff8492d525bd258d49eb388e,0x4e443bf4229105fe35f63cb7504c807a4857106f19f205a384923f91c86519cf
45,565.4158970807285,4.1275925902790265,0xe5830fc331aa8eb94b6a6daba5ae0ad028e5e222,2017-10-29T14:24:10.000Z,0.0073001,0xd7e6007b0e0538b94b9a8349169e9815a9497e93,sell,0xced4e93198734ddaff8492d525bd258d49eb388e,0x72d120feb2ecb33044b400a27171114cb195b55329623deee705793d584c41e8
46,1.014,0.0088216986,0x552955220bf453e4d506acda6242c2f1910d5ecc,2017-10-29T04:10:51.000Z,0.0086999,0xd7e3877f041f535e549222cd39702f9b2171ec19,buy,0xced4e93198734ddaff8492d525bd258d49eb388e,0x479c2b74e341a8f53eca8f25f31b5f1257ab067c071dab4a25af0beacc8facb1
47,0.057471924964654766,0.0005,0x34f9560c63078eb61872a4dc2ccd20e21c34feaf,2017-10-28T20:27:03.000Z,0.0086999,0xd7e3877f041f535e549222cd39702f9b2171ec19,buy,0xced4e93198734ddaff8492d525bd258d49eb388e,0xac40dd84dd695d21fa6657e4c4e60775919ceb75dc63d88605965046bf7a9252
48,0.057471924964654766,0.0005,0xe444a40689f51f63bcd29910622035707d533d29,2017-10-28T20:20:24.000Z,0.0086999,0xd7e3877f041f535e549222cd39702f9b2171ec19,buy,0xced4e93198734ddaff8492d525bd258d49eb388e,0x06aa744829a1c518e2e6950ff7fbc94a4026a09718e5ad42a63902d15dab76cc
49,0.004688486328410242,0.000036466001129923,0x552955220bf453e4d506acda6242c2f1910d5ecc,2017-10-28T18:38:22.000Z,0.007777776999999866,0x2d6aa4304966cbd3fb30d8497e35a5e1ea4ef72f,sell,0xced4e93198734ddaff8492d525bd258d49eb388e,0xeefda99a3d2ff76842fdf8f722180dcecb502ebf3605fc9b2962379927dffc31
50,47.030206360283124,0.3386178620356894,0x86be51d66065e70fa26b25c8971ea3942ec17887,2017-10-28T18:37:01.000Z,0.007200008,0x2d6aa4304966cbd3fb30d8497e35a5e1ea4ef72f,sell,0xced4e93198734ddaff8492d525bd258d49eb388e,0x966cee78ed6bbd092c362d12215ee6f6b541593800de493d62a1b3392bf004ae
51,92.06519676687456,0.6628694167214969,0xe5830fc331aa8eb94b6a6daba5ae0ad028e5e222,2017-10-28T18:35:55.000Z,0.0072,0x2d6aa4304966cbd3fb30d8497e35a5e1ea4ef72f,buy,0xced4e93198734ddaff8492d525bd258d49eb388e,0xdb3869c402dd053dd3b0bed6b690032ba0c243181a366ed0f9ee9268728ec892
52,14.955134596211366,0.10918745264207377,0xacadb04c26e202f4ccad5851233f274239f3ce43,2017-10-28T18:34:54.000Z,0.007301001,0x1d5321e125f6c7079a716705541c7b371ca79e69,sell,0xced4e93198734ddaff8492d525bd258d49eb388e,0xab2102e2c5bbd47e185451920d336029f99e490a1c43f2df8975c4fef5be76a2
53,15,0.108,0x1d5321e125f6c7079a716705541c7b371ca79e69,2017-10-28T18:34:54.000Z,0.0072,0x2d6aa4304966cbd3fb30d8497e35a5e1ea4ef72f,buy,0xced4e93198734ddaff8492d525bd258d49eb388e,0xab2102e2c5bbd47e185451920d336029f99e490a1c43f2df8975c4fef5be76a2
54,15.886998823426058,0.11915249117569544,0x8f723e21893d6e9b84088f751f9d5ed319067a03,2017-10-28T18:33:21.000Z,0.0075,0x273a5d3e6721b9f5c1a6474f560c1334c63dda01,sell,0xced4e93198734ddaff8492d525bd258d49eb388e,0xcaf0de018b67d1eeae32e3e27af3254a46b9526a559abe5689863ba33437946d
55,15.934803233125434,0.11473058327850313,0x273a5d3e6721b9f5c1a6474f560c1334c63dda01,2017-10-28T18:33:21.000Z,0.0072,0x2d6aa4304966cbd3fb30d8497e35a5e1ea4ef72f,buy,0xced4e93198734ddaff8492d525bd258d49eb388e,0xcaf0de018b67d1eeae32e3e27af3254a46b9526a559abe5689863ba33437946d
56,51.065196766874564,0.3829889757515592,0x8f723e21893d6e9b84088f751f9d5ed319067a03,2017-10-28T17:27:54.000Z,0.0075,0x1ed014aec47fae44c9e55bac7662c0b78ae61798,sell,0xced4e93198734ddaff8492d525bd258d49eb388e,0xb521f413fb4bdf95ae964d59f38f26c474912786106038d513309c2413c853fb
57,5.9814574818064,0.046522442428471734,0x552955220bf453e4d506acda6242c2f1910d5ecc,2017-10-28T15:34:13.000Z,0.007777777,0x855b2057a7a7c433592e411aa528449d0ee9d6a4,sell,0xced4e93198734ddaff8492d525bd258d49eb388e,0xf217355b4b9b8078e7819a0f35f341bbd3234906c4760915aa71b98a5e889353
58,31.10357890539328,0.2301664838999103,0x3d53269e7e2464b859a099cb4e8c0ff53b1ddd26,2017-10-28T06:38:49.000Z,0.0074,0x9b0a4aaeb1d71be40d43f41bf0efbc601dd2eb6e,sell,0xced4e93198734ddaff8492d525bd258d49eb388e,0xde066d1d3eb32d24bd7f1c8184be265cb2129fff7dcd4b22dd931191446413fe
59,0.942,0.008007099852,0x57ac6735a0b240d30bf6ade10565c749c6ee2dd6,2017-10-28T04:37:19.000Z,0.008500106,0xd7e6007b0e0538b94b9a8349169e9815a9497e93,sell,0xced4e93198734ddaff8492d525bd258d49eb388e,0xcf92d0f594ccea4481d1501eb80a025c2f2fbc459acb7ccea3618502a8ced6f9
60,55,0.4785,0xba537a7c7b1c525bf9b94fd50e41fcb84d160c39,2017-10-28T01:50:16.000Z,0.0087,0xd7e3877f041f535e549222cd39702f9b2171ec19,sell,0xced4e93198734ddaff8492d525bd258d49eb388e,0x4b621de3e811221f813fafe4c84b4d44a5c09afcdb8ea30dd732a00cf931e957
61,0.045987049498366635,0.000390894795363363,0x57ac6735a0b240d30bf6ade10565c749c6ee2dd6,2017-10-27T22:24:22.000Z,0.008500105999999995,0xb4a63631663065653d3ff3025421065cb28fbb45,sell,0xced4e93198734ddaff8492d525bd258d49eb388e,0x98f457ac9589dd438fac4025a68427a4557c7c84ee6b85315f155f57a71a447f
62,461.29609351811575,3.2336856155619915,0xd7e3877f041f535e549222cd39702f9b2171ec19,2017-10-27T22:17:30.000Z,0.00701,0xb4a63631663065653d3ff3025421065cb28fbb45,sell,0xced4e93198734ddaff8492d525bd258d49eb388e,0xe0dec6d5209e1d446c5afdef84d7aa2d9ee0c5585904fc26da0107f2e366fc75
63,28.310752848170672,0.22676913031384707,0xcfb85dd35a1e236e3ff2d308586d26a8e3b79202,2017-10-27T22:11:46.000Z,0.00801,0xb4a63631663065653d3ff3025421065cb28fbb45,sell,0xced4e93198734ddaff8492d525bd258d49eb388e,0x3abe56b89caed0ea4622b3c7f739cd197d9d8eb5031c9cde5088e9792dabbe13
64,100,0.8001,0x98cc968b491a5e18a20f9c221c278558f586d0d9,2017-10-27T22:11:46.000Z,0.008001,0xb4a63631663065653d3ff3025421065cb28fbb45,sell,0xced4e93198734ddaff8492d525bd258d49eb388e,0x7e9810200443cf05e45125fc1b8b2b6a31a9c8a9e5ef7058c432c5a4c82462fc
65,5,0.045,0x57ac6735a0b240d30bf6ade10565c749c6ee2dd6,2017-10-27T22:11:46.000Z,0.009,0xb4a63631663065653d3ff3025421065cb28fbb45,sell,0xced4e93198734ddaff8492d525bd258d49eb388e,0xab163571301e50d5153cb6aba534e2c2b669a7d3d7e3b0aee9fd8bb8be10339b
66,181.19478,1.4513701878,0xcfb85dd35a1e236e3ff2d308586d26a8e3b79202,2017-10-27T22:06:44.000Z,0.00801,0x7aa6e2506316f6d613277d4f2f4e4e1dc55e528e,sell,0xced4e93198734ddaff8492d525bd258d49eb388e,0x74f88e7d52d351f11cef7d1c977cdc9ca3240ae2d6d068e84d38f022794529c0
67,181.74,1.36306926444,0x7aa6e2506316f6d613277d4f2f4e4e1dc55e528e,2017-10-27T22:06:44.000Z,0.007500106,0xa6d605c76db8899d5f044034a6f2b16333ce1118,buy,0xced4e93198734ddaff8492d525bd258d49eb388e,0x74f88e7d52d351f11cef7d1c977cdc9ca3240ae2d6d068e84d38f022794529c0
68,90.49446715182933,0.7248606818861529,0xcfb85dd35a1e236e3ff2d308586d26a8e3b79202,2017-10-27T21:59:59.000Z,0.00801,0x179eda1807504cfaa5f753a33ad6b100b75104f3,sell,0xced4e93198734ddaff8492d525bd258d49eb388e,0x74f4c64dd24e98993373eac4442e7a0b163be17c33c0e41a6efe4b6b41af3164
69,25,0.206,0xd98a3954353055ab642c9159c7f3b25dac2dc29b,2017-10-27T21:58:59.000Z,0.00824,0x179eda1807504cfaa5f753a33ad6b100b75104f3,sell,0xced4e93198734ddaff8492d525bd258d49eb388e,0x34ca5939d80ed577c08e42389dd214adb035180bc93a4ea5f81b221261a5b95e
70,50,0.4155,0xd4f61957daea5154b10a57727ffcac4cd954cba7,2017-10-27T21:57:53.000Z,0.00831,0x179eda1807504cfaa5f753a33ad6b100b75104f3,sell,0xced4e93198734ddaff8492d525bd258d49eb388e,0x3a2bc6ce2d404cb560e759a01b5da412ae009734d0748e9a9458bfb8cb1c65f2
71,120,0.9888,0xd7e3877f041f535e549222cd39702f9b2171ec19,2017-10-27T21:10:57.000Z,0.00824,0xf6b8bea09dfffae187e20f3f69bafb636c43f5f0,sell,0xced4e93198734ddaff8492d525bd258d49eb388e,0xd7d12bbe661b5c041f0163fae4bbb044959bcfa7d1756d929a19c9caa7bdef68
72,0.993828711296049,0.008646309788275625,0xf6b8bea09dfffae187e20f3f69bafb636c43f5f0,2017-10-27T15:18:46.000Z,0.0087,0xf9cec3f005f86db7813c4d6b8f18c1e0862c9e36,sell,0xced4e93198734ddaff8492d525bd258d49eb388e,0x1403e463b17d157d18a2a24bedae043fdc0c6fc9be7ed7cbfae87e53f4ff8c3c
73,3000,30,0xe89a2a7a15cbaae3c58a03d79485373e216226d6,2017-10-27T13:59:20.000Z,0.01,0xc4706762ddb97e599eb448876fa84a833ca690da,buy,0xced4e93198734ddaff8492d525bd258d49eb388e,0x890b3d2e77aac0f0ed0271c6026d862ec18826510435fa08d20493b88b3107dc
74,120,1.158,0xf6b8bea09dfffae187e20f3f69bafb636c43f5f0,2017-10-27T13:51:48.000Z,0.00965,0x6e1e80fcd2bf75c4336b7ece10e4bd44513d8c8c,buy,0xced4e93198734ddaff8492d525bd258d49eb388e,0xaabaa33d62dd820cd95a0c52201a0c57e5e6450ce59b35f2f906156906ba3b01
75,166,1.63842,0x179eda1807504cfaa5f753a33ad6b100b75104f3,2017-10-27T11:23:07.000Z,0.00987,0xaa820ef239f0136102121d227eab489e2b06f961,buy,0xced4e93198734ddaff8492d525bd258d49eb388e,0xb2a601aed66d06a238da41fdb533c07b4d1ef0b1a727ab52b2d33e8989fe2752
76,30,0.3,0xaa820ef239f0136102121d227eab489e2b06f961,2017-10-27T09:25:24.000Z,0.01,0xaef43bf6eb629d5bc30abeec6832656240f31333,buy,0xced4e93198734ddaff8492d525bd258d49eb388e,0x80d536f4704d1aa3a452015f0b9b4cf9b44948936f0938d2562466512ddc60d5
77,79.44267210396947,0.7705938399658318,0xaa820ef239f0136102121d227eab489e2b06f961,2017-10-27T09:15:22.000Z,0.009699999,0x99ab98450804de11b2163f64fb20be108323829b,buy,0xced4e93198734ddaff8492d525bd258d49eb388e,0x34c8bf261392162dc0a9ceaa8366fdac6796a9a3c069a051e0396dcd20cbed62
78,2.2613278960305254,0.0219348783301682,0xaa820ef239f0136102121d227eab489e2b06f961,2017-10-27T09:08:10.000Z,0.009699999,0x99ab98450804de11b2163f64fb20be108323829b,buy,0xced4e93198734ddaff8492d525bd258d49eb388e,0x8c1cdc177db7359b07437fccb8fd053e6dad8d5ad0a6cd36a9f0c4b8a639ab5b
79,30,0.29099997,0xaa820ef239f0136102121d227eab489e2b06f961,2017-10-27T09:06:46.000Z,0.009699999,0x99ab98450804de11b2163f64fb20be108323829b,buy,0xced4e93198734ddaff8492d525bd258d49eb388e,0x2da289baa83e70b9dd9db8ccb7407d304f17a13f1438cfe165370b38e5268ca9
80,3,0.029099988,0xaa820ef239f0136102121d227eab489e2b06f961,2017-10-27T09:05:43.000Z,0.009699996,0x971f30c325d9924ad472adf0bf98702502baad93,buy,0xced4e93198734ddaff8492d525bd258d49eb388e,0x185f5168041f8cb4025fca06f090ca0b6cf7461864ed5e7487ba41393b3a9e43
81,30,0.29099997,0x7aa6e2506316f6d613277d4f2f4e4e1dc55e528e,2017-10-27T09:05:28.000Z,0.009699999,0x99ab98450804de11b2163f64fb20be108323829b,buy,0xced4e93198734ddaff8492d525bd258d49eb388e,0xf7360e312b7df073316b44aa01fcb3cf7dff5e262fb8462e5cdbcd64e72b6acd
82,29.91,0.2991,0x06df36541a48259694306879fbdf8c334b3b3e2e,2017-10-27T09:05:28.000Z,0.01,0x7aa6e2506316f6d613277d4f2f4e4e1dc55e528e,sell,0xced4e93198734ddaff8492d525bd258d49eb388e,0xf7360e312b7df073316b44aa01fcb3cf7dff5e262fb8462e5cdbcd64e72b6acd
83,21.791,0.2091936,0xaa820ef239f0136102121d227eab489e2b06f961,2017-10-27T09:04:32.000Z,0.0096,0x0d77884f76b8c961465432ee63ef05292a063f76,buy,0xced4e93198734ddaff8492d525bd258d49eb388e,0x3bdd93b52ba0fc2664dc95d104ac55b7f96ef199aff87d1dab46b05b4877fe5b
84,4.209,0.0404064,0x4b887509a1716215231dac8faa9d5b4205bae7cb,2017-10-27T07:55:39.000Z,0.0096,0x0d77884f76b8c961465432ee63ef05292a063f76,buy,0xced4e93198734ddaff8492d525bd258d49eb388e,0xeef9e71e917b659717f02bb500dd89285d5d3a5a2bcf330704dcd8e3f56853fc
85,1497.287,14.5236839,0x4b887509a1716215231dac8faa9d5b4205bae7cb,2017-10-27T07:37:11.000Z,0.0097,0x0f1b76410215ed963ea2c3d3eaddd4a56350b422,buy,0xced4e93198734ddaff8492d525bd258d49eb388e,0xbcd43a14e0c131d4ede12fc00c7b9a23587e850b6f7cc58350fd781205dab31f
86,498.5044865403789,4.835493519441675,0x4b887509a1716215231dac8faa9d5b4205bae7cb,2017-10-27T07:09:43.000Z,0.0097,0xd815bbdb973fcfae73f27ddc9a135e377028c1c5,sell,0xced4e93198734ddaff8492d525bd258d49eb388e,0x90cf713c2275f188309c61e43f2b20b378734156abcd5e11f46a4e33d6820613
87,500,4.75,0xd815bbdb973fcfae73f27ddc9a135e377028c1c5,2017-10-27T07:09:43.000Z,0.0095,0xd7e6007b0e0538b94b9a8349169e9815a9497e93,buy,0xced4e93198734ddaff8492d525bd258d49eb388e,0x90cf713c2275f188309c61e43f2b20b378734156abcd5e11f46a4e33d6820613
88,2.5,0.02125,0xe3d0a0d0fcdab0f65f97c5e29b3d413e827ca3ce,2017-10-27T04:31:48.000Z,0.0085,0x74dfaa77ae0b49e29e29a2a9eb074993950e219c,sell,0xced4e93198734ddaff8492d525bd258d49eb388e,0x756c5965d254471d2f0e397b0fb94c33f196eaa76b30b303049176ab5a1b79b3
89,23,0.2231,0xba16cd5181752e98e3766a443db470597645d553,2017-10-27T00:23:53.000Z,0.0097,0x0f1b76410215ed963ea2c3d3eaddd4a56350b422,buy,0xced4e93198734ddaff8492d525bd258d49eb388e,0x43f7848f2badee324f6dde242bbd473a34b6e6499b2685c5485d7f8902724d1c
90,195,1.891305,0xba16cd5181752e98e3766a443db470597645d553,2017-10-27T00:14:11.000Z,0.009699,0x9948ffd4b0e40a096f8979cdaeea7d852f6ea177,buy,0xced4e93198734ddaff8492d525bd258d49eb388e,0xe5f58cd6b24b07e730ff54ddd82371686bfd93d987467e8557137d9d054860c0
91,44.9407938661688,0.42019642264867824,0xba16cd5181752e98e3766a443db470597645d553,2017-10-27T00:11:23.000Z,0.00935,0xe1821d597e7ffe1d523a0ffd121de7d4e6f2d299,buy,0xced4e93198734ddaff8492d525bd258d49eb388e,0x87b4b694597a568dce966efbae28d1f62964aecb3b6d093946b16fc11a38af01
92,84.05920613383121,0.7859535773513218,0xba16cd5181752e98e3766a443db470597645d553,2017-10-27T00:02:27.000Z,0.00935,0xe1821d597e7ffe1d523a0ffd121de7d4e6f2d299,buy,0xced4e93198734ddaff8492d525bd258d49eb388e,0x66cc9cfe6508c0e33e2e86d7c90e2d4f9790fda191480eb3c078013c547755b2
93,22.757504659232207,0.20481754193308987,0xba16cd5181752e98e3766a443db470597645d553,2017-10-26T23:57:13.000Z,0.009,0x4ce70cb9d93ce5d1736a79630fb14adb4f40c389,buy,0xced4e93198734ddaff8492d525bd258d49eb388e,0x9d14cae4fd0b0da5f95b7d7260cc31021ea84fd7fed1cf6a1df874a4b30bf20f
94,0.9969095803010667,0.007975276642408533,0xf9cec3f005f86db7813c4d6b8f18c1e0862c9e36,2017-10-26T21:32:14.000Z,0.008,0xb4c432a9559a4f1464d2bff9fcbbdc14f1c39dec,sell,0xced4e93198734ddaff8492d525bd258d49eb388e,0xb655829b486e65cd12840bfbac79cbb1844bff6c0c805c1cb5b07d5fbfba2b9c
95,49,0.4459,0xbbdfb5c8f0e14eb1718e3983ffc4e446e428a4fe,2017-10-26T20:43:20.000Z,0.0091,0x0069942d0e0835dc6b229ab1039b96f0e95dbf94,buy,0xced4e93198734ddaff8492d525bd258d49eb388e,0x40372e4e6ee761075ecd3e14fb61f8d383a695c9228fd33ac57522743851f3e3
96,13.4,0.1139,0xa90cf68833d85629f89126490ff6cc18918ea3b5,2017-10-26T19:32:52.000Z,0.0085,0x5d2ba7d1f80e353b48ec8a214a21d1e3d6951a3a,buy,0xced4e93198734ddaff8492d525bd258d49eb388e,0x58c6c58525a3a20f14ac4ba58d71374ec89c528e336337f87625e3640acaa2a4
97,47,0.34827,0x938e5947db1d28930c7d62f989c4ce59ccedbcc3,2017-10-26T17:10:55.000Z,0.00741,0xedbf1c6149be396ccfc52893b6a5114995b1b11b,sell,0xced4e93198734ddaff8492d525bd258d49eb388e,0x4ca75147dc462066c73084e4d1e10b7586c05b957c95516085ecc77c0133a035
98,13.4,0.1005,0x5d2ba7d1f80e353b48ec8a214a21d1e3d6951a3a,2017-10-26T17:08:23.000Z,0.0075,0xedbf1c6149be396ccfc52893b6a5114995b1b11b,sell,0xced4e93198734ddaff8492d525bd258d49eb388e,0x5b691b79872deb7d09e36d738efb0f789dd01a766cdaca89b711d882b7e39f8d
99,112.24249534076779,1.01018245806691,0x99ab98450804de11b2163f64fb20be108323829b,2017-10-26T17:04:15.000Z,0.009,0x4ce70cb9d93ce5d1736a79630fb14adb4f40c389,buy,0xced4e93198734ddaff8492d525bd258d49eb388e,0x2aabb3f3ae2c029146dfe1ffa7341052e886ce25c1b807ae396f19ee19284e95
100,13.99994809603529,0.1227795448022295,0x99ab98450804de11b2163f64fb20be108323829b,2017-10-26T17:00:02.000Z,0.00877,0x6deb12971da2291b7a5c0a06f8887246ab777764,buy,0xced4e93198734ddaff8492d525bd258d49eb388e,0xc1aaf159a4d0a8a1b0af688617ad35886deb3dfacf27a9256ca8f7bd233b1c1f
101,90,0.81,0xc756767a984d9ff651d0d273243731a421b095f0,2017-10-26T16:55:33.000Z,0.009,0x4ce70cb9d93ce5d1736a79630fb14adb4f40c389,buy,0xced4e93198734ddaff8492d525bd258d49eb388e,0x8ad3a687b2d246dc16d90528dce8471e67162dd7777814b8395edb890ee0c761
102,1.662,0.01429318338,0x99ab98450804de11b2163f64fb20be108323829b,2017-10-26T16:16:07.000Z,0.00859999,0x465a8228594a8437014b092f65e925bc0473e6fd,buy,0xced4e93198734ddaff8492d525bd258d49eb388e,0xddd1fff193342d38319b5cb05e822b5524d157d4835a3274b7407780df1750f9
103,170.176,1.49244352,0x2d6aa4304966cbd3fb30d8497e35a5e1ea4ef72f,2017-10-26T16:15:19.000Z,0.00877,0x6deb12971da2291b7a5c0a06f8887246ab777764,buy,0xced4e93198734ddaff8492d525bd258d49eb388e,0xac4355d9a0c4600f09bb1eb6e9af855967482b42ca1e135ba14e46d6299d3ef6
104,13.8,0.1173,0x99ab98450804de11b2163f64fb20be108323829b,2017-10-26T16:13:29.000Z,0.0085,0x5d2ba7d1f80e353b48ec8a214a21d1e3d6951a3a,buy,0xced4e93198734ddaff8492d525bd258d49eb388e,0x06728d43f3803e5c47d89d80d3d336feecac83a9c65b2d9e89184e4c7058960d
105,399.9995098879869,3.1679961183128564,0x9f14a821f23039266839233cd27d09e1eba9b83c,2017-10-26T15:40:37.000Z,0.00792,0xee4353529821dc6bc160381f77720ce7c2e03917,buy,0xced4e93198734ddaff8492d525bd258d49eb388e,0xe315aa794e1b6f5368f8e9b86f0f04203994d156ef6ad23c15f6f2b21bbde727
106,473.225,3.74320975,0x751cc568cb9a7becd3001217cbeba8563e58fc7c,2017-10-26T15:39:49.000Z,0.00791,0xee4353529821dc6bc160381f77720ce7c2e03917,buy,0xced4e93198734ddaff8492d525bd258d49eb388e,0x63519a40daf03bbeb68538bf25bd79fa5da10dbb71d200adf5b1dc4e7b4df76b
107,45,0.3465,0x751cc568cb9a7becd3001217cbeba8563e58fc7c,2017-10-26T15:39:01.000Z,0.0077,0xedbf1c6149be396ccfc52893b6a5114995b1b11b,buy,0xced4e93198734ddaff8492d525bd258d49eb388e,0xbab26eb2ba81d6c68d932c567190e78f932aed71221ce9a1255fa4d60268c326
108,270,2.05173,0x9f14a821f23039266839233cd27d09e1eba9b83c,2017-10-26T15:35:33.000Z,0.007599,0xd7e3877f041f535e549222cd39702f9b2171ec19,buy,0xced4e93198734ddaff8492d525bd258d49eb388e,0x180762c1a635188c2c979041bac513e7368c24a1e4c0d42779bbbf3797c4edf8
109,150,1.13985,0xe5830fc331aa8eb94b6a6daba5ae0ad028e5e222,2017-10-26T15:34:00.000Z,0.007599,0xd7e3877f041f535e549222cd39702f9b2171ec19,buy,0xced4e93198734ddaff8492d525bd258d49eb388e,0x6e521cc7bc0d0119181b13b36970cb0d7000125aa80a6e7dceb19bec90e3bfe9
110,10.517,0.079918672483,0xf178e5c224d14a340ccdda144ef0e3ccf40f13bd,2017-10-26T15:33:09.000Z,0.007598999,0xacadb04c26e202f4ccad5851233f274239f3ce43,buy,0xced4e93198734ddaff8492d525bd258d49eb388e,0x0dabb119ef9595d0d92ec591f826641b614a62fd889ae13fcf3ad82f4a19e2ca
111,506.1845339720626,3.6951470979960566,0xe5830fc331aa8eb94b6a6daba5ae0ad028e5e222,2017-10-26T15:32:55.000Z,0.0073,0x938e5947db1d28930c7d62f989c4ce59ccedbcc3,buy,0xced4e93198734ddaff8492d525bd258d49eb388e,0x37496cb2d041b399acb7d226c0c2a0d4777dca442c696353da4dd980fdd164c0
112,59.5696338422845,0.42294440028021996,0x77a81df1ca05c33687dbf8fb82ff2cae1a8a8a5d,2017-10-26T15:30:15.000Z,0.0071,0x938e5947db1d28930c7d62f989c4ce59ccedbcc3,buy,0xced4e93198734ddaff8492d525bd258d49eb388e,0x39fefde384af554ed26021f6f64e62c3acf82673cf1987c88c4c2598adee173a
113,140.4303661577155,0.9970555997197801,0xf70bde4f9bc5c226dc60d7e7901992692968d98d,2017-10-26T15:16:07.000Z,0.0071,0x938e5947db1d28930c7d62f989c4ce59ccedbcc3,buy,0xced4e93198734ddaff8492d525bd258d49eb388e,0x0938c002bbdac4b503e8ad5675eea49fc332d270cbefd7d2afb1468d29f13e20
114,60.12361678795733,0.40403070481507325,0xedbf1c6149be396ccfc52893b6a5114995b1b11b,2017-10-26T14:54:13.000Z,0.00672,0xd7e6007b0e0538b94b9a8349169e9815a9497e93,sell,0xced4e93198734ddaff8492d525bd258d49eb388e,0xb534e31d07993cc484ae4186fdf155853ff5068cab46300f90a0cecfd765dd94
115,200,1.34,0xaef43bf6eb629d5bc30abeec6832656240f31333,2017-10-26T14:54:13.000Z,0.0067,0xd7e6007b0e0538b94b9a8349169e9815a9497e93,sell,0xced4e93198734ddaff8492d525bd258d49eb388e,0x75b184e9fd00a1e89e54e2aa3810328296314992e5bad69a2ff283a1632ca6e7
116,219,1.49139,0x938e5947db1d28930c7d62f989c4ce59ccedbcc3,2017-10-26T14:51:39.000Z,0.00681,0xd7e6007b0e0538b94b9a8349169e9815a9497e93,sell,0xced4e93198734ddaff8492d525bd258d49eb388e,0x144eabb28fd392108f05f3cb938be692f7efcd309f0d770d96bede2271591182
117,200,1.36,0x77a81df1ca05c33687dbf8fb82ff2cae1a8a8a5d,2017-10-26T14:47:41.000Z,0.0068,0xd7e6007b0e0538b94b9a8349169e9815a9497e93,sell,0xced4e93198734ddaff8492d525bd258d49eb388e,0x11193b678494579b15d3f1b33dad7182db30b396bd52ace8500e9eee8b162f1c
118,8.5,0.05865,0x1422f4dbb503e88c2507e26691ea9e38fb7e2eaa,2017-10-26T14:47:25.000Z,0.0069,0xd7e6007b0e0538b94b9a8349169e9815a9497e93,sell,0xced4e93198734ddaff8492d525bd258d49eb388e,0x17018442bb679ca04f9867518de8a30804fe99d71e84c6d90a0d51285d0098d9
119,206.29870269205682,1.4647207891136036,0xf70bde4f9bc5c226dc60d7e7901992692968d98d,2017-10-26T14:32:58.000Z,0.0071,0x938e5947db1d28930c7d62f989c4ce59ccedbcc3,buy,0xced4e93198734ddaff8492d525bd258d49eb388e,0xc1fffac8be4b0dd1d88e0f0122630913f127f1d15d7aa6ad4445877ba8c38bec
120,9.627827971562988,0.06643202263161259,0xacadb04c26e202f4ccad5851233f274239f3ce43,2017-10-26T12:29:39.000Z,0.006900001,0x9241691d9d7f9034ae8eb52749ebe7d828737155,sell,0xced4e93198734ddaff8492d525bd258d49eb388e,0xf62af742ddb3d6b0eace46d2026198093657bb5cb7dfd604016c6af194ed00ee
121,0.8879563291593179,0.006126899559155622,0xacadb04c26e202f4ccad5851233f274239f3ce43,2017-10-26T11:40:26.000Z,0.006900000999999999,0x5a86ebf9a0e6f8181ed5143557f7b8ba89957fcc,sell,0xced4e93198734ddaff8492d525bd258d49eb388e,0x84bae8fcabcc24f5adcf613958ed2c8e0b1b41291d5af6144d93f9ea9e8efe8b
122,7,0.04970014,0x3fb5df6d175b7ab55eb208d08a62ba6470ac3a3e,2017-10-26T11:16:29.000Z,0.00710002,0x5a86ebf9a0e6f8181ed5143557f7b8ba89957fcc,sell,0xced4e93198734ddaff8492d525bd258d49eb388e,0xf6db88db85fd34b533e6a474c5836ed4928b3a23663cd701b1d8665898cd9ed7
123,39.87638321204267,0.26796929518492674,0xedbf1c6149be396ccfc52893b6a5114995b1b11b,2017-10-26T00:10:29.000Z,0.00672,0xe1d09d4871ae9a6166e6274e694d3caef5671319,sell,0xced4e93198734ddaff8492d525bd258d49eb388e,0xdb4589a9f19e6fc764cce505b4aef10ce953f6b4536cecf61e99439f4fcfae51
124,55,0.374,0xd4f61957daea5154b10a57727ffcac4cd954cba7,2017-10-25T23:59:13.000Z,0.0068,0x1ed014aec47fae44c9e55bac7662c0b78ae61798,sell,0xced4e93198734ddaff8492d525bd258d49eb388e,0xe3e300406f77cd0b5775feae4b344bfee13f640cd073695524e676b8bb7cf06f
125,50.43978402312764,0.3530784881618935,0x938e5947db1d28930c7d62f989c4ce59ccedbcc3,2017-10-25T23:59:11.000Z,0.007,0x1ed014aec47fae44c9e55bac7662c0b78ae61798,sell,0xced4e93198734ddaff8492d525bd258d49eb388e,0x291033e4894ca4fa4cb562ef90ee90286ab717056c3d9f8d0bc15eeeda770cd6
126,0.011917884367710564,0.000083425190573973,0x938e5947db1d28930c7d62f989c4ce59ccedbcc3,2017-10-25T21:18:09.000Z,0.006999999999999921,0xebaffbdc8c854f0aab0e7567d38541578ff3c047,sell,0xced4e93198734ddaff8492d525bd258d49eb388e,0x69f88ccb995b84b3893863fe72bc9f69e90867dcad7ae585fc5f621b39ce3127
127,119.54829809250464,0.8368380866475325,0x938e5947db1d28930c7d62f989c4ce59ccedbcc3,2017-10-25T21:17:17.000Z,0.007,0xebaffbdc8c854f0aab0e7567d38541578ff3c047,sell,0xced4e93198734ddaff8492d525bd258d49eb388e,0xcb2e304362d4cee99f4d4752961aed85aab1f229f98f57ab6f7ff3f74efbe014
128,164.47908954621613,1.3123786554892585,0x1258ac82d244f6fd8199ec61d107e04b00148df6,2017-10-25T20:39:34.000Z,0.007979,0xd7e3877f041f535e549222cd39702f9b2171ec19,buy,0xced4e93198734ddaff8492d525bd258d49eb388e,0x433650059065aa18c73a3c097c76193a8f1cedcd6e7fd96cff07afd19820d5fe
129,142.5167633358806,1.1401341066870447,0xd768538307d5c65917b70e8b013b841d7a25e8b4,2017-10-25T18:51:34.000Z,0.008,0x938e5947db1d28930c7d62f989c4ce59ccedbcc3,buy,0xced4e93198734ddaff8492d525bd258d49eb388e,0xa8a43c802befa32e453cc3fdf46258e39ce7c981b1c8ffebb8bbe34b1651fc3d
130,2.73,0.02184,0x797b3387f696974bae3eaa464cd958a8037e7cdc,2017-10-25T18:07:32.000Z,0.008,0x938e5947db1d28930c7d62f989c4ce59ccedbcc3,buy,0xced4e93198734ddaff8492d525bd258d49eb388e,0xf715f318d419cda37ed1a45396702a4d8bd1223eb5dc2a51bf5fc068b46c3911
131,1.27,0.01016,0x797b3387f696974bae3eaa464cd958a8037e7cdc,2017-10-25T18:04:53.000Z,0.008,0x938e5947db1d28930c7d62f989c4ce59ccedbcc3,buy,0xced4e93198734ddaff8492d525bd258d49eb388e,0xcee895052b3304e7068aca675557dcf3510d675fe7acca636ebba48cd434be9c
132,103.866,0.90986616,0x2f09c25884b78b62491e635daad372d987c5343b,2017-10-25T10:35:07.000Z,0.00876,0xd7e3877f041f535e549222cd39702f9b2171ec19,sell,0xced4e93198734ddaff8492d525bd258d49eb388e,0x534cd41f61b11bd486f33309a7ea2d2dcc73c400f18e317e051c547863155dcd
133,1.18,0.0103368,0x2f09c25884b78b62491e635daad372d987c5343b,2017-10-25T10:29:05.000Z,0.00876,0xd7e3877f041f535e549222cd39702f9b2171ec19,sell,0xced4e93198734ddaff8492d525bd258d49eb388e,0x11823d1080d7f1d657f23dd7a0c7ce28c2a201fa0afc05cb49b80768d4f70d4d
134,14.953643704516,0.13099391885156017,0x2f09c25884b78b62491e635daad372d987c5343b,2017-10-25T10:27:08.000Z,0.00876,0xacadb04c26e202f4ccad5851233f274239f3ce43,sell,0xced4e93198734ddaff8492d525bd258d49eb388e,0xe359e5ea238312fa9ec6ba6ae89e5421a1b05e7e5a3fd7fd9edd185ee4d6086f
135,390,3.4164,0x2f09c25884b78b62491e635daad372d987c5343b,2017-10-25T10:23:13.000Z,0.00876,0xd7e3877f041f535e549222cd39702f9b2171ec19,sell,0xced4e93198734ddaff8492d525bd258d49eb388e,0xfcc97e1a861f5f75314285b288dcc262981c0eb9443286b7a061252b916e8d56
136,85.955,0.5758985,0xd7e3877f041f535e549222cd39702f9b2171ec19,2017-10-25T07:40:08.000Z,0.0067,0xff751bf33f82287f184ea88dfb1b125410c3f79b,buy,0xced4e93198734ddaff8492d525bd258d49eb388e,0x5bcbc62ab985048f9bed431b36b19399f70f98710d1f30dd1b2063d451f0dfa6
137,15,0.100500015,0xacadb04c26e202f4ccad5851233f274239f3ce43,2017-10-25T07:19:18.000Z,0.006700001,0xff751bf33f82287f184ea88dfb1b125410c3f79b,sell,0xced4e93198734ddaff8492d525bd258d49eb388e,0x6afb36068d676140736109915cba54a7d725bb7930691ebd695be9f953eaf400
138,224.3,1.96708857,0x265ca90bd2ceb257be4370d0cbd6bf8e0a6688e1,2017-10-25T05:38:51.000Z,0.0087699,0xd7e3877f041f535e549222cd39702f9b2171ec19,buy,0xced4e93198734ddaff8492d525bd258d49eb388e,0x7299198f8d9ab1c47994d88f4bc534795e618f2f630cf9a58659324e90c531eb
139,2.698645971510038,0.017972982170256852,0xd7e3877f041f535e549222cd39702f9b2171ec19,2017-10-25T03:01:22.000Z,0.00666,0xb9b3d7ae72611bd0ab5decfa25ee887a26bdb356,buy,0xced4e93198734ddaff8492d525bd258d49eb388e,0xe9b634cc35a50dc34af129db183dbffdde34be19097459c1ce3604a08f9d4a0a
140,0.01580906541141276,0.00011224436442103,0x02921d0d308ed052c5f06f0cb5f7a14c45978229,2017-10-25T02:59:46.000Z,0.007099999999999964,0x1d5321e125f6c7079a716705541c7b371ca79e69,sell,0xced4e93198734ddaff8492d525bd258d49eb388e,0xf547b9f1619330d40a77e02c3de29c877b0fa38315a4a7922441962d53cb12d9
141,0.015856492607646995,0.000105604240766929,0x1d5321e125f6c7079a716705541c7b371ca79e69,2017-10-25T02:59:46.000Z,0.00666,0xb9b3d7ae72611bd0ab5decfa25ee887a26bdb356,buy,0xced4e93198734ddaff8492d525bd258d49eb388e,0xf547b9f1619330d40a77e02c3de29c877b0fa38315a4a7922441962d53cb12d9
142,5.269641043274668,0.037414451407250145,0x02921d0d308ed052c5f06f0cb5f7a14c45978229,2017-10-25T02:59:28.000Z,0.0070999999999999995,0x273a5d3e6721b9f5c1a6474f560c1334c63dda01,sell,0xced4e93198734ddaff8492d525bd258d49eb388e,0xa2ee99ac09be62d89cf7a1b452e4477e6b9cd5967e898bc922b79a81ff878034
143,5.285497535882315,0.035201413588976216,0x273a5d3e6721b9f5c1a6474f560c1334c63dda01,2017-10-25T02:59:28.000Z,0.00666,0xb9b3d7ae72611bd0ab5decfa25ee887a26bdb356,buy,0xced4e93198734ddaff8492d525bd258d49eb388e,0xa2ee99ac09be62d89cf7a1b452e4477e6b9cd5967e898bc922b79a81ff878034
144,0.7,0.00613893,0xe1fa699860444be91d366c21de8fef56e3dec77a,2017-10-25T02:38:29.000Z,0.0087699,0xd7e3877f041f535e549222cd39702f9b2171ec19,buy,0xced4e93198734ddaff8492d525bd258d49eb388e,0xa822b93bab5b0742d36851e19c5ec96fb7fd15c0c4f458b938d51d6cbec415bb
145,48.82405190396471,0.4281869351977705,0xd768538307d5c65917b70e8b013b841d7a25e8b4,2017-10-25T02:14:53.000Z,0.00877,0x6deb12971da2291b7a5c0a06f8887246ab777764,buy,0xced4e93198734ddaff8492d525bd258d49eb388e,0x3dc16e2177e54947b71b2926b4bf46b9f9bad658fa22c54c98306c577a1fccb2
146,134.75478004964543,1.1831469688358869,0xd768538307d5c65917b70e8b013b841d7a25e8b4,2017-10-25T01:36:43.000Z,0.00878,0xedbf1c6149be396ccfc52893b6a5114995b1b11b,buy,0xced4e93198734ddaff8492d525bd258d49eb388e,0x1798b9f7bdb987fc03e0465bdb4b74145aa5ed5317926e1502f1bb67885928ce
147,8,0.0701592,0xb9b3d7ae72611bd0ab5decfa25ee887a26bdb356,2017-10-25T01:34:24.000Z,0.0087699,0xd7e3877f041f535e549222cd39702f9b2171ec19,sell,0xced4e93198734ddaff8492d525bd258d49eb388e,0x7c44a1cd441d986df3c0020f555901d3f0203d2785f24ef59f2dfcf3d9bd4e2b
148,11.367399631706938,0.09969095803010666,0x3123cb43a4c0dd6793166a589a0ce850d6dd4010,2017-10-24T23:32:43.000Z,0.0087699,0xd7e3877f041f535e549222cd39702f9b2171ec19,buy,0xced4e93198734ddaff8492d525bd258d49eb388e,0x069b71fa16459b9fad34f7204fe8593c10c63e2585444290f962c9550ebf6621
149,361,2.9963,0x02921d0d308ed052c5f06f0cb5f7a14c45978229,2017-10-24T23:02:22.000Z,0.0083,0xd7e3877f041f535e549222cd39702f9b2171ec19,buy,0xced4e93198734ddaff8492d525bd258d49eb388e,0x59673dbe0065f84f7b581719420185f2cfb15e47def376abe234d422adc457c1
150,60.06078139149581,0.49850448554941523,0xaf029cb348e7bbab4d1b36f736c62b51c36a636e,2017-10-24T23:00:56.000Z,0.0083,0xd7e3877f041f535e549222cd39702f9b2171ec19,buy,0xced4e93198734ddaff8492d525bd258d49eb388e,0x63a85d297ce4fabe53dc930bb54a8b98c1ef550d53043873f5f9907933a64c58
151,4.25,0.027625,0x64f4e13a64e87e569d455a72eb57ee5728835699,2017-10-24T18:55:45.000Z,0.0065,0xb99462686b43214f52a8752a86796dfcbd338973,buy,0xced4e93198734ddaff8492d525bd258d49eb388e,0xd57e5b6a0416829966dab2262e6e12d7ef978d7ea3e8bb188310970e24b7ad7b
152,0.1,0.000878,0x0b773d7819259d78757b26dc4148812d35676d8f,2017-10-24T17:56:50.000Z,0.00878,0xedbf1c6149be396ccfc52893b6a5114995b1b11b,buy,0xced4e93198734ddaff8492d525bd258d49eb388e,0x5e2c36d71f2738f08e819b83c8a2085a334448d9e68109aa60124ae2c72baadb
153,15,0.133499835,0x8b442f764a986203d2fb35f60a7ed0c112860157,2017-10-24T17:30:27.000Z,0.008899989,0xacadb04c26e202f4ccad5851233f274239f3ce43,buy,0xced4e93198734ddaff8492d525bd258d49eb388e,0x519fc43d572b1f81622a805fc7abd8ccdf58593b4a5b96f999cc024b0e5b7df9
154,140,1.0331958,0xe5830fc331aa8eb94b6a6daba5ae0ad028e5e222,2017-10-24T15:17:29.000Z,0.00737997,0x254725732926fe73ab16ba7974a7ccbc5aa7f760,buy,0xced4e93198734ddaff8492d525bd258d49eb388e,0x9788bd20cbb1a0219e7a77e48d8d940dc98a046f1b3811ac1d26daa3a621ad81
155,55,0.4015,0xe5830fc331aa8eb94b6a6daba5ae0ad028e5e222,2017-10-24T15:17:29.000Z,0.0073,0xb9b8275f9a78612a13a9623502647dfab72fb95c,buy,0xced4e93198734ddaff8492d525bd258d49eb388e,0xc52fe0e78eea1dc4591a6d7bc22cb566ebf04de152e1c3c848537a1f13326d2d
156,25.10951089481644,0.18078847844267837,0xe5830fc331aa8eb94b6a6daba5ae0ad028e5e222,2017-10-24T15:17:29.000Z,0.0072,0xe89a2a7a15cbaae3c58a03d79485373e216226d6,buy,0xced4e93198734ddaff8492d525bd258d49eb388e,0xde49e4b9b853d4bd55ff81ba709d416124e3e33efaf6be9332f2067d34142ffa
157,50,0.35975,0xe5830fc331aa8eb94b6a6daba5ae0ad028e5e222,2017-10-24T15:17:18.000Z,0.007195,0x7bbaa958719c8f86939aaa5e480716b1648af924,buy,0xced4e93198734ddaff8492d525bd258d49eb388e,0x2cde8fe10e6331ba612d5625a0c1c195e816d0cf5ead815659520e232ce4b67d
158,7.870849232262487,0.05124711509295952,0xb06b5ae3bf6a4ec7fa6016d0299facbab9b0a8a6,2017-10-24T13:44:23.000Z,0.006511002,0xf0d7fdfdce2d33bdc9945e3dbf79f68618b3eaa7,sell,0xced4e93198734ddaff8492d525bd258d49eb388e,0x6f3067f14c25296b3b4b27b09b53a2c3b8afbcca2b424a90350464b72bcc9ae1
159,15,0.097665045,0xacadb04c26e202f4ccad5851233f274239f3ce43,2017-10-24T13:43:19.000Z,0.006511003,0xf0d7fdfdce2d33bdc9945e3dbf79f68618b3eaa7,sell,0xced4e93198734ddaff8492d525bd258d49eb388e,0xb5de8d4cd0d695d903d08e71c03e3b20948f14549864dd2affd39aba9ae4ab2d
160,5,0.036,0x9dd07783b0518a869d999cc76dadfd584b692740,2017-10-24T11:16:19.000Z,0.0072,0xe89a2a7a15cbaae3c58a03d79485373e216226d6,buy,0xced4e93198734ddaff8492d525bd258d49eb388e,0xfb8c8d76d184441cecfe8cd752b4a8cb100e6cb63e99c4b4b6704bedab343e00
161,9.656178873904382,0.06952448789211155,0x9241691d9d7f9034ae8eb52749ebe7d828737155,2017-10-24T11:06:02.000Z,0.0072,0xe89a2a7a15cbaae3c58a03d79485373e216226d6,buy,0xced4e93198734ddaff8492d525bd258d49eb388e,0xe3e75ab1cc36a8a874fd703b9c57630ee530bb922548e18f50fafeb9a7db4c85
162,15,0.10785,0x36ae02c0a243c1021d9b9bd675802bf49c4162df,2017-10-24T09:02:07.000Z,0.00719,0xfbf7dc0756a9768d0c71aea5f8421f3b1eaee7d1,buy,0xced4e93198734ddaff8492d525bd258d49eb388e,0xd1e91b42acf6e75d53c53051aa8a405d9c8beb42663663f9b3e04dcdeaa6e9ab
163,14.953643704516,0.09734822051639916,0xfbf7dc0756a9768d0c71aea5f8421f3b1eaee7d1,2017-10-24T07:26:37.000Z,0.00651,0x9241691d9d7f9034ae8eb52749ebe7d828737155,sell,0xced4e93198734ddaff8492d525bd258d49eb388e,0x83d0b1632391fe526910caf8aee4ef0ce481ee2676c955d5a58d9a9e2be20b5e
164,184.42827235569735,1.2192553085435152,0xe5830fc331aa8eb94b6a6daba5ae0ad028e5e222,2017-10-24T05:08:41.000Z,0.006611,0xd096be970baf04c5dee3c1514d05447630a01dbe,sell,0xced4e93198734ddaff8492d525bd258d49eb388e,0xdec6206b4f6dcc06e62e27c58ac33397619c8b68cb8d21e7072e2c12b56705a1
165,79.38631023127918,0.5715814336652101,0xcd371e6ee9dbc386f85b8eab0c9711368d404618,2017-10-24T00:38:55.000Z,0.0072,0xe89a2a7a15cbaae3c58a03d79485373e216226d6,buy,0xced4e93198734ddaff8492d525bd258d49eb388e,0x76c7bfb0bf317c1ea415ebbe6ca24d6ef7bb3a61fab0e340dfdb352317322bc7
166,645,4.7085,0x3e8f8305ef05a8f1b3ee21c912186dcab3052afb,2017-10-23T23:19:45.000Z,0.0073,0xb9b8275f9a78612a13a9623502647dfab72fb95c,buy,0xced4e93198734ddaff8492d525bd258d49eb388e,0x897c83dc09a4dfc2353f005ce79b4ce0ba7c00d90c9073cebd07b4fe8982387f
167,51,0.3672,0xedbf1c6149be396ccfc52893b6a5114995b1b11b,2017-10-23T20:51:26.000Z,0.0072,0xe89a2a7a15cbaae3c58a03d79485373e216226d6,buy,0xced4e93198734ddaff8492d525bd258d49eb388e,0x49a7663e3d0ee483116f87a5d8df558c6fa51ddd1240380de6dfb1e1089915f8
168,0.2,0.0014220002,0xf36990a2cb4d609e0a7d4f3bf884c0342d81fd3d,2017-10-23T20:47:08.000Z,0.007110001,0xedbf1c6149be396ccfc52893b6a5114995b1b11b,sell,0xced4e93198734ddaff8492d525bd258d49eb388e,0x377611825f4cd68b0b9c1a35c66541ab115640a9fd9b9f7e6f3d81634fc66ecd
169,64.95,0.45465,0xedbf1c6149be396ccfc52893b6a5114995b1b11b,2017-10-23T20:45:55.000Z,0.007,0xc0998c780e0e3c13791c5a32721380d4b8e4c105,buy,0xced4e93198734ddaff8492d525bd258d49eb388e,0xbde3ca7eb86c8928af6f18be815bf58612bf9c6e066e0bb4ca5e6b87f0dca593
170,25,0.175,0xedbf1c6149be396ccfc52893b6a5114995b1b11b,2017-10-23T20:43:43.000Z,0.007,0x7bbaa958719c8f86939aaa5e480716b1648af924,buy,0xced4e93198734ddaff8492d525bd258d49eb388e,0x36ca98530adfd6fe754944a4190648cf4093bd9f5b5d739aa8390d77fe728701
171,0.05,0.00035,0x1d5321e125f6c7079a716705541c7b371ca79e69,2017-10-23T17:49:01.000Z,0.007,0xc0998c780e0e3c13791c5a32721380d4b8e4c105,buy,0xced4e93198734ddaff8492d525bd258d49eb388e,0x971cd4570e38d69d5572178ab7356cd66c2cca4f0e3a3363c87b8d0e4d683819
172,0.049850448654037885,0.000997008973080757,0x7d053385a05276eedcaf706325ae34ae544741a6,2017-10-23T17:49:01.000Z,0.019999999999999987,0x1d5321e125f6c7079a716705541c7b371ca79e69,sell,0xced4e93198734ddaff8492d525bd258d49eb388e,0x971cd4570e38d69d5572178ab7356cd66c2cca4f0e3a3363c87b8d0e4d683819
173,23.22464018406904,0.14979892918724533,0xee4353529821dc6bc160381f77720ce7c2e03917,2017-10-23T12:03:11.000Z,0.00645,0xb635fa1a4e7f1f2edf5fbe4630040cb6db0b40af,sell,0xced4e93198734ddaff8492d525bd258d49eb388e,0x75d9c23ca32a57701d7fb201e2aed2fa8d24f127d263f30d89d98dbf4e41edd0
174,10,0.07061,0xb06b5ae3bf6a4ec7fa6016d0299facbab9b0a8a6,2017-10-23T12:00:44.000Z,0.007061,0xb635fa1a4e7f1f2edf5fbe4630040cb6db0b40af,sell,0xced4e93198734ddaff8492d525bd258d49eb388e,0xc01d5833f4e653375d5ebd41b4dd5618f0a50bc71294b9bc8afe9833af342d67
175,25,0.178,0xd98a3954353055ab642c9159c7f3b25dac2dc29b,2017-10-23T12:00:21.000Z,0.00712,0xb635fa1a4e7f1f2edf5fbe4630040cb6db0b40af,sell,0xced4e93198734ddaff8492d525bd258d49eb388e,0x4c166995fdbe257b88449db54361bac32fffdd23d8d71214d7060c54264745cc
176,14,0.103306,0x4a4c5a463cc4d598f648e4afc2952ce3f3cfb490,2017-10-23T10:00:33.000Z,0.007379,0xd7e3877f041f535e549222cd39702f9b2171ec19,buy,0xced4e93198734ddaff8492d525bd258d49eb388e,0xb3cd7dab78b3a86ce80aed1368615bdb0cd5e218288d1d49086941a9750d2c83
177,1,0.0091,0x4a57d0208164a1c1c63c75395dc444428a07b50a,2017-10-23T05:21:21.000Z,0.0091,0x0069942d0e0835dc6b229ab1039b96f0e95dbf94,buy,0xced4e93198734ddaff8492d525bd258d49eb388e,0xc4cfebb5c2bff439f213e78dd4268837e9fa09fad91efb2c7dded567a14b80d1
178,333.139884565568,2.2986718663001104,0xd7e3877f041f535e549222cd39702f9b2171ec19,2017-10-23T05:18:39.000Z,0.00690002,0x9338f8f06878b8a5cc42cfe87e98a3c10119e93a,sell,0xced4e93198734ddaff8492d525bd258d49eb388e,0x5008905087de846aaee89cce2080a3f4053feb0e7e28c5ac93fd967e9d19e5dc
179,650,4.49215,0xd7e3877f041f535e549222cd39702f9b2171ec19,2017-10-23T05:17:33.000Z,0.006911,0x9338f8f06878b8a5cc42cfe87e98a3c10119e93a,sell,0xced4e93198734ddaff8492d525bd258d49eb388e,0x2dded081bdca0e914fc39229e7f7efc2593dbea57981b7cd7a14f8681cfa7f4c
180,300,2.010003,0x9335e55dadbe1e27db23899862e9d839429f3d72,2017-10-23T05:17:33.000Z,0.00670001,0x9338f8f06878b8a5cc42cfe87e98a3c10119e93a,sell,0xced4e93198734ddaff8492d525bd258d49eb388e,0xc0a1ad0332daba05ab1b3b7b4d1462b4e55c991dfd3b5b5121962bdabcf7b17d
181,800,5.456008,0xe5830fc331aa8eb94b6a6daba5ae0ad028e5e222,2017-10-23T05:17:33.000Z,0.00682001,0x9338f8f06878b8a5cc42cfe87e98a3c10119e93a,sell,0xced4e93198734ddaff8492d525bd258d49eb388e,0xb6c1605154d86b654613bda97c9891a14781bf8d438b5c93c3930cb5a02d4559
182,484.23673166079027,3.438080794791611,0x81f7d0d7f9723ce75161bc44bcf5f65823b11267,2017-10-23T05:17:33.000Z,0.0071,0x9338f8f06878b8a5cc42cfe87e98a3c10119e93a,sell,0xced4e93198734ddaff8492d525bd258d49eb388e,0xb1668d250212f53be0a04233fb87fba8f10c5302fb4f6a25f060bc625eb9170c
183,140,0.967554,0x254725732926fe73ab16ba7974a7ccbc5aa7f760,2017-10-23T05:17:33.000Z,0.0069111,0x9338f8f06878b8a5cc42cfe87e98a3c10119e93a,sell,0xced4e93198734ddaff8492d525bd258d49eb388e,0x10aa05a5e0051d2a44ebb9fa618006765f77225f926f9edb41e86597f52cd91e
184,700,4.83,0xb9b8275f9a78612a13a9623502647dfab72fb95c,2017-10-23T05:17:33.000Z,0.0069,0x9338f8f06878b8a5cc42cfe87e98a3c10119e93a,sell,0xced4e93198734ddaff8492d525bd258d49eb388e,0x0459b49e2dcdc4e9942eb6117c8983781ed4f27b3fa9a2eb9d402ac9b7f0c564
185,71.70283144217957,0.5098071315538968,0x0d710c8aab9ee65daf642433a662ccb72d3fbec4,2017-10-23T05:16:59.000Z,0.00711,0x9338f8f06878b8a5cc42cfe87e98a3c10119e93a,sell,0xced4e93198734ddaff8492d525bd258d49eb388e,0xd95bc076b9946fc880eeed7383170a5900de0a9396d1a4b8412f7c0121cdae24
186,150,1.06665,0x22a49133c5f451485909756bc6c6c76e9cd3465d,2017-10-23T05:16:58.000Z,0.007111,0x9338f8f06878b8a5cc42cfe87e98a3c10119e93a,sell,0xced4e93198734ddaff8492d525bd258d49eb388e,0x33706aa2aa077c7d89e54e7760edefa0d4afa896906f2515ed4ace2273b11aa6
187,0.9969095803010667,0.007088027115940584,0x0d710c8aab9ee65daf642433a662ccb72d3fbec4,2017-10-23T03:49:32.000Z,0.00711,0x7d053385a05276eedcaf706325ae34ae544741a6,sell,0xced4e93198734ddaff8492d525bd258d49eb388e,0xa2d0f0089dffbacb68079d3c7a2aff11998fb031d603b5b9058084d74563976b
188,0.7772683392097411,0.005518605208389162,0x81f7d0d7f9723ce75161bc44bcf5f65823b11267,2017-10-23T02:25:14.000Z,0.0070999999999999995,0x4a87ce2cab80af7207dc1c3e1177f2d4cbf3e1f8,sell,0xced4e93198734ddaff8492d525bd258d49eb388e,0x916f1e2f733292c6d4cef4ff153383309942a1ca52d5b69596c4cada9327ba6a
189,320.037,2.2722627,0x81f7d0d7f9723ce75161bc44bcf5f65823b11267,2017-10-23T02:23:21.000Z,0.0071,0x273a5d3e6721b9f5c1a6474f560c1334c63dda01,sell,0xced4e93198734ddaff8492d525bd258d49eb388e,0xc3ae08adfbf73ae23898a2efe070ce1c5613ac7198b035973c16394a460970ba
190,321,2.247,0x273a5d3e6721b9f5c1a6474f560c1334c63dda01,2017-10-23T02:23:21.000Z,0.007,0x4a87ce2cab80af7207dc1c3e1177f2d4cbf3e1f8,buy,0xced4e93198734ddaff8492d525bd258d49eb388e,0xc3ae08adfbf73ae23898a2efe070ce1c5613ac7198b035973c16394a460970ba
191,20,0.148,0x595e84638646462bd0ef419c268e38ac31612b99,2017-10-23T02:09:48.000Z,0.0074,0xe89a2a7a15cbaae3c58a03d79485373e216226d6,buy,0xced4e93198734ddaff8492d525bd258d49eb388e,0xd1a3abfbc850c21e58e01e4e8df51fe3ae3c05ee076d9c18383f5d711ebd3dbf
192,0.001344493891974324,0.00000994925480061,0x595e84638646462bd0ef419c268e38ac31612b99,2017-10-23T02:03:36.000Z,0.007400000000000002,0xe89a2a7a15cbaae3c58a03d79485373e216226d6,buy,0xced4e93198734ddaff8492d525bd258d49eb388e,0x93f060e8d872bf8863fd3ca57d2fe3d8b09740beaa6cddedade9937f607bd3ea
193,0.000258977519363048,0.000001841330162671,0x0d710c8aab9ee65daf642433a662ccb72d3fbec4,2017-10-23T00:59:20.000Z,0.007109999999998952,0x65f174b9c8cfbfea0ca8da2c946e3d2124c98a21,sell,0xced4e93198734ddaff8492d525bd258d49eb388e,0xd165f3543adec1ef38f52378f6d90fb355b99fd75d288326771cc6891e18cee3
194,10,0.074,0xa742f56680ab2fd52e5885492bb634df7a1d6016,2017-10-23T00:44:39.000Z,0.0074,0xe89a2a7a15cbaae3c58a03d79485373e216226d6,buy,0xced4e93198734ddaff8492d525bd258d49eb388e,0xb8624149e1de17fe4ae964a30fbf9da9a812ce7dbe87e9ea2ed80bf80e6a2e70
195,130,0.949,0xfd6ffaeebcaf90add2eb40c2ae6fa88b1ac387c5,2017-10-22T21:39:36.000Z,0.0073,0xcf0af604434c8b514a339196254d7c9e8936b6c8,buy,0xced4e93198734ddaff8492d525bd258d49eb388e,0xf1ec5affd82fa3ae339063351deb9aa1f0beb6138679126008378fbe71e03aca
196,43.46356295483999,0.32163036586581595,0xa77f964e028b944a59622a3610e6f51bf322ddd1,2017-10-22T19:38:13.000Z,0.0074,0x6f386979f14b4d841cb77bfddd3afba6f0c6b6a1,sell,0xced4e93198734ddaff8492d525bd258d49eb388e,0x5924a68fecd00a08459024c664d7d93435f6dbbc31d8f84c83255205bd28c1f7
197,0.3,0.00222,0xe1fa699860444be91d366c21de8fef56e3dec77a,2017-10-22T18:14:46.000Z,0.0074,0xe89a2a7a15cbaae3c58a03d79485373e216226d6,buy,0xced4e93198734ddaff8492d525bd258d49eb388e,0xb6bc8e6af6655e49f8d307c7230379f6e989e308485bde69ebdb42d706abda83
198,149.53643704516,1.106569634134184,0xa77f964e028b944a59622a3610e6f51bf322ddd1,2017-10-22T17:01:19.000Z,0.0074,0xc99a8eb59e3ed9682e39aa72e1b3142bbc125af7,sell,0xced4e93198734ddaff8492d525bd258d49eb388e,0x062793cb8e402b4ed2d8fbc9ffc876d2bc46ebad56b77e93ccab7cd051bfa5d6
199,10,0.074,0xff723447d3a4da1bc4bfd6ee7ee112dc6bf1dd08,2017-10-22T15:54:24.000Z,0.0074,0xe89a2a7a15cbaae3c58a03d79485373e216226d6,buy,0xced4e93198734ddaff8492d525bd258d49eb388e,0xf8a0dd521ae6896dc8935323e47e2def602db134e55c5b1059fb45de944165fa
200,14,0.10584,0x9241691d9d7f9034ae8eb52749ebe7d828737155,2017-10-22T14:55:29.000Z,0.00756,0x8b442f764a986203d2fb35f60a7ed0c112860157,buy,0xced4e93198734ddaff8492d525bd258d49eb388e,0x03c25d42fc7a4a562d4e87e8f855966c8d3e2e81c7a5436de13749fa1a148c60
201,1,0.007011,0x9241691d9d7f9034ae8eb52749ebe7d828737155,2017-10-22T14:53:19.000Z,0.007011,0x6e086e1c6b2f12f2284c78cc009278f6bcd6ff45,buy,0xced4e93198734ddaff8492d525bd258d49eb388e,0x02043e3ddfe1be26a68eefe41e0afa83b607a8af3e4be47ca241d9ca5b89c0f9
202,1,0.007011,0x0d710c8aab9ee65daf642433a662ccb72d3fbec4,2017-10-22T13:01:46.000Z,0.007011,0x6e086e1c6b2f12f2284c78cc009278f6bcd6ff45,sell,0xced4e93198734ddaff8492d525bd258d49eb388e,0x4a2649fd39b933f90ffe0e8932a42dc370c649c36a5e31142b3ca8498aeacaf8
203,1.8467879869541497,0.013317188173926372,0x0d710c8aab9ee65daf642433a662ccb72d3fbec4,2017-10-22T11:30:12.000Z,0.0072109999999999995,0xc96acf9279d29dcea663c096ed8ae59b0aa9ea23,sell,0xced4e93198734ddaff8492d525bd258d49eb388e,0x9f8504da0c6e500044642036886639b328b4838db3633318aa06998217413a3c
204,462.8525130297137,3.499164998504636,0xc96acf9279d29dcea663c096ed8ae59b0aa9ea23,2017-10-22T11:27:06.000Z,0.00756,0x8b442f764a986203d2fb35f60a7ed0c112860157,buy,0xced4e93198734ddaff8492d525bd258d49eb388e,0x2ceec660a108c577d0da1e91bde4850f0d745f432bee5ef33be88ab901e59cfe
205,31.85219096157089,0.24080256366947594,0xe2f7cc23f322b09ae8ea174f48fd8866840ed9d9,2017-10-22T11:26:27.000Z,0.00756,0x8b442f764a986203d2fb35f60a7ed0c112860157,buy,0xced4e93198734ddaff8492d525bd258d49eb388e,0xa512bfb67d81259cc650a88b6756ed11f9c679967fe6699a09a67c76e25d873e
206,3.089,0.023198386911,0xe2f7cc23f322b09ae8ea174f48fd8866840ed9d9,2017-10-22T11:24:29.000Z,0.007509999,0xd990b20677084e0ecc854a956cb15a401515dfe8,buy,0xced4e93198734ddaff8492d525bd258d49eb388e,0x6b129588491b591e1bf6fc521b8f79d9d4e888222e751300c71b492789ea73ed
207,72,0.5396976,0xe2f7cc23f322b09ae8ea174f48fd8866840ed9d9,2017-10-22T11:24:06.000Z,0.0074958,0x7bbaa958719c8f86939aaa5e480716b1648af924,buy,0xced4e93198734ddaff8492d525bd258d49eb388e,0x76790da06f50c3e0e539fb17fc224accf83aa942d99de633fe6e16d74b3ad65f
208,3,0.02253,0xc96acf9279d29dcea663c096ed8ae59b0aa9ea23,2017-10-22T11:08:37.000Z,0.00751,0x7bbaa958719c8f86939aaa5e480716b1648af924,buy,0xced4e93198734ddaff8492d525bd258d49eb388e,0x167debc352b981198fc4461773441383de9b2071213beed08f18149d863fa735
209,1.6621752746569742,0.01254942166148488,0x465a8228594a8437014b092f65e925bc0473e6fd,2017-10-22T10:35:48.000Z,0.007549999,0xd990b20677084e0ecc854a956cb15a401515dfe8,buy,0xced4e93198734ddaff8492d525bd258d49eb388e,0xf2ac0a5cd999aa326f8164651d7ff9495315c4768a789f66cde662e7622a46d9
210,288.791,2.18037205,0x102b8c0fa785c3058aa18c4bee5fc3999a315706,2017-10-22T09:58:15.000Z,0.00755,0x1804111464a198d8b0450bdbf7cb9fd65a903baf,buy,0xced4e93198734ddaff8492d525bd258d49eb388e,0x313709ddda52c10ae30f9db8c15458b328be05e1c4162846bfee65882e9feba1
211,11.209,0.08462795,0x5e0e9e75c83ff64cf6ad27789d85175921b54200,2017-10-22T09:36:10.000Z,0.00755,0x1804111464a198d8b0450bdbf7cb9fd65a903baf,buy,0xced4e93198734ddaff8492d525bd258d49eb388e,0x4b7dff6d87a0fec512c763bed503812ab650e87e19461edcbe9bb885eef70d55
212,59.811,0.45276927,0x102b8c0fa785c3058aa18c4bee5fc3999a315706,2017-10-22T09:13:44.000Z,0.00757,0x1bef2b5d795e1d95ad324c6ff12053ac693097d2,buy,0xced4e93198734ddaff8492d525bd258d49eb388e,0x424e6b04de771db697f7baba3bb8218fe0a895409536a37b8962755258053db2
213,20,0.1514,0x04d5a4748ab863f26cfdd5d45a230c6e7da8818f,2017-10-22T08:13:05.000Z,0.00757,0x1bef2b5d795e1d95ad324c6ff12053ac693097d2,buy,0xced4e93198734ddaff8492d525bd258d49eb388e,0xb5d62d0b3a450083ad4a852f175d996114decd699e9e845e2172ddd3efd2e5f4
214,10,0.07569999,0x04d5a4748ab863f26cfdd5d45a230c6e7da8818f,2017-10-22T07:23:59.000Z,0.007569999,0xd990b20677084e0ecc854a956cb15a401515dfe8,buy,0xced4e93198734ddaff8492d525bd258d49eb388e,0xc2b3523448d9d6683d6c5f8ceb4234c21616999de279cfbe1ab78945ac05164d
215,1.3,0.010088,0xae9e119bbc4c1c81f6711d88b3fd9e6d16ddd503,2017-10-22T05:04:32.000Z,0.00776,0x1c33fd61d18daf9da80ceef92fd40ffeb31b9c2b,buy,0xced4e93198734ddaff8492d525bd258d49eb388e,0x6ddbf4a6395aaa6e83a29bd404d2345ce1d79d199f0c8318c2b5b32710faa3a6
216,218.68965101466088,1.659854451201276,0x58a1140a65a026f3157c1987d378eed2dbbab4a3,2017-10-22T02:56:44.000Z,0.00759,0x1c33fd61d18daf9da80ceef92fd40ffeb31b9c2b,buy,0xced4e93198734ddaff8492d525bd258d49eb388e,0xac80248a897d40e2436ba5d48ee1ed990499d863f09101099edca2855c58a730
217,680,4.964,0xb0254e17ec32a0ee539340c841cbd693127ee917,2017-10-22T02:25:02.000Z,0.0073,0x1c33fd61d18daf9da80ceef92fd40ffeb31b9c2b,sell,0xced4e93198734ddaff8492d525bd258d49eb388e,0xa48cf2d88908566d58e6d01cfc17f0c71f5af31cd548b569645738267dda9f2b
218,89,0.6853,0x426b0d11aa13312b0637d5409de2cd84e264d9d9,2017-10-22T00:34:02.000Z,0.0077,0xb9b8275f9a78612a13a9623502647dfab72fb95c,buy,0xced4e93198734ddaff8492d525bd258d49eb388e,0x3ca900c8f3d05075902d295c037c024d2de4a897d7f56008d5020d8477277d28
219,100,0.769,0x426b0d11aa13312b0637d5409de2cd84e264d9d9,2017-10-22T00:30:55.000Z,0.00769,0xfbf7dc0756a9768d0c71aea5f8421f3b1eaee7d1,buy,0xced4e93198734ddaff8492d525bd258d49eb388e,0xd506bfc82e5ec9c205806d1ca07799a74c12fefa8c7b6d6aa78df76c65054d1c
220,6.682,0.0514507318,0x426b0d11aa13312b0637d5409de2cd84e264d9d9,2017-10-22T00:30:05.000Z,0.0076999,0x2249f2fa7ca5bd91211390be3798686040b7fed7,buy,0xced4e93198734ddaff8492d525bd258d49eb388e,0x88aec66aec8ee872b0c11070eb175457ff42f16e2cb5fe34caf2887897accc97
221,331,2.5487,0xb85cdf11e41e3ae58f5060aa1b2636638d5325ac,2017-10-21T23:43:28.000Z,0.0077,0xb9b8275f9a78612a13a9623502647dfab72fb95c,buy,0xced4e93198734ddaff8492d525bd258d49eb388e,0x5764f5f0c376ff5a1d75bdbefef2b32d69f5006469406cff27b776fd759c0101
222,369.518,2.87115486,0xb85cdf11e41e3ae58f5060aa1b2636638d5325ac,2017-10-21T23:41:16.000Z,0.00777,0x016ab691721a99da1c1489ca0ac8b549eb0f7713,buy,0xced4e93198734ddaff8492d525bd258d49eb388e,0x336fdc191e34aea818b40c5558c645f1faa7930a3f4d99ef9fa70446334a0fb6
223,21.433555976472935,0.15753663642707608,0x6f59e0bb467cf8450b9701537a29053524eeb12f,2017-10-21T23:37:00.000Z,0.00735,0x05117f5a30a0c136d317b2f8f830518e7d7b3914,sell,0xced4e93198734ddaff8492d525bd258d49eb388e,0x08150e517d6626abe90bd7df9fc1a4228be6ba1f625ec2e8382f438b6b231d2a
224,0.062578230610542,0.0005,0x350f6f675b20d606bb7f6c412ef4775c9bc57168,2017-10-21T22:35:30.000Z,0.007989999,0xd990b20677084e0ecc854a956cb15a401515dfe8,buy,0xced4e93198734ddaff8492d525bd258d49eb388e,0x48dc6dad2fb7195fa7f06d82ac057d6ba41b184fc239c03cf8cdeaedefe61392
225,0.062578230610542,0.0005,0x3bfdec5343e950ce45522eef9948c977631b4000,2017-10-21T22:35:30.000Z,0.007989999,0xd990b20677084e0ecc854a956cb15a401515dfe8,buy,0xced4e93198734ddaff8492d525bd258d49eb388e,0xf0196a0ad08313d41d25612b69d304d7078386fd70f15558275bcd6dc9b91865
226,100.47764294390177,0.738510675637678,0x6f59e0bb467cf8450b9701537a29053524eeb12f,2017-10-21T22:27:01.000Z,0.00735,0x6d2f6b26c0fc44f9fed0957f679d0b22745ab066,sell,0xced4e93198734ddaff8492d525bd258d49eb388e,0x069912d1e5dc2a0ae5d8051ee33da6203bb48650bab4b64455534423700319a5
227,50.603,0.3744622,0xee4353529821dc6bc160381f77720ce7c2e03917,2017-10-21T22:20:45.000Z,0.0074,0x016ab691721a99da1c1489ca0ac8b549eb0f7713,sell,0xced4e93198734ddaff8492d525bd258d49eb388e,0x5777031419fdd4248b4f7720b584d08b6bb05077d5901b54b0de452c98706afa
228,50.603,0.3744622,0xee4353529821dc6bc160381f77720ce7c2e03917,2017-10-21T22:20:19.000Z,0.0074,0x016ab691721a99da1c1489ca0ac8b549eb0f7713,sell,0xced4e93198734ddaff8492d525bd258d49eb388e,0x5777031419fdd4248b4f7720b584d08b6bb05077d5901b54b0de452c98706afa
229,49.39686970391786,0.3655368358089921,0xee4353529821dc6bc160381f77720ce7c2e03917,2017-10-21T21:09:47.000Z,0.0074,0x72dafc9745d6272d4a250fd16a404f5778512ca3,sell,0xced4e93198734ddaff8492d525bd258d49eb388e,0x2e5cc4a92d1fb0ad6341694287cbfcd8a995a71b2189c8d01cc031284304b3d6
230,150,1.11,0xee4353529821dc6bc160381f77720ce7c2e03917,2017-10-21T21:08:27.000Z,0.0074,0x72dafc9745d6272d4a250fd16a404f5778512ca3,sell,0xced4e93198734ddaff8492d525bd258d49eb388e,0xe87172d6a99b5f17e1966862cf8caf29d8776fbce04c7048f82a504406c2ea10
231,125,0.99999975,0x593d21f44826f79a1885ec8c9f85c10ac2de32c4,2017-10-21T19:28:44.000Z,0.007999998,0x1c33fd61d18daf9da80ceef92fd40ffeb31b9c2b,buy,0xced4e93198734ddaff8492d525bd258d49eb388e,0x7c33f54ae7f5dd078a32b86d9479e3f07399dda9c13e26ee88ce626d99f2c89c
232,25,0.199999975,0xa82c77e4716cf44b1b3bf6cdc25b8947015039db,2017-10-21T19:16:15.000Z,0.007999999,0xd990b20677084e0ecc854a956cb15a401515dfe8,buy,0xced4e93198734ddaff8492d525bd258d49eb388e,0x5256836fc862d43bdb07b4dce502f74fcdcfd5c60f4e248d0b177635f09ab6fa
233,2.279999129103057,0.0181259930763693,0xa82c77e4716cf44b1b3bf6cdc25b8947015039db,2017-10-21T19:10:18.000Z,0.00795,0x7bbaa958719c8f86939aaa5e480716b1648af924,buy,0xced4e93198734ddaff8492d525bd258d49eb388e,0x694e1c0dd2d9471d21a0fde71ee496dd2f9b8b7d14f84f4d698c853b38f0791b
234,0.000000870896943396,0.0000000069236307,0xa82c77e4716cf44b1b3bf6cdc25b8947015039db,2017-10-21T18:58:08.000Z,0.007950000000002067,0x7bbaa958719c8f86939aaa5e480716b1648af924,buy,0xced4e93198734ddaff8492d525bd258d49eb388e,0x95a21d1c3e23742f05c5208b6d97c51732a789fd0710163854409e507c721bc1
235,39.87638321204267,0.2931313328681089,0xd990b20677084e0ecc854a956cb15a401515dfe8,2017-10-21T18:56:13.000Z,0.007351001,0x0074ca1979889653aaefd4b112b93b029e682288,sell,0xced4e93198734ddaff8492d525bd258d49eb388e,0x54bb5eb4bebcf2e35620730d9cc0055a486c348904fac95ff8c187a43d2c142e
236,50,0.3975,0x04d5a4748ab863f26cfdd5d45a230c6e7da8818f,2017-10-21T18:50:59.000Z,0.00795,0x7bbaa958719c8f86939aaa5e480716b1648af924,buy,0xced4e93198734ddaff8492d525bd258d49eb388e,0x290919ddb66042f6556994282cad042f5c7a451bc25930ff0e64da3ca7828f50
237,726.928607275426,5.815428858203408,0xa30a0e3cd16d9b044f529d89abc97793453b1166,2017-10-21T16:38:26.000Z,0.008,0x81f7d0d7f9723ce75161bc44bcf5f65823b11267,buy,0xced4e93198734ddaff8492d525bd258d49eb388e,0x1f2f5f4c0ec359b3a2fae5ed79a657e40eca8a5047dc8a2289339e46ada4182b
238,2.994,0.0233532,0xa30a0e3cd16d9b044f529d89abc97793453b1166,2017-10-21T16:37:29.000Z,0.0078,0xd26c3f80f7553da90d030389bc578deabadd3ea6,buy,0xced4e93198734ddaff8492d525bd258d49eb388e,0x73d67409705dd66b6162472311735eb5488ea2bab40bf0bbc99a8a3eb0287e00
239,124.9,0.992955,0xa30a0e3cd16d9b044f529d89abc97793453b1166,2017-10-21T16:37:29.000Z,0.00795,0x2951c68ff60150aade35d01936d2086166b017d0,buy,0xced4e93198734ddaff8492d525bd258d49eb388e,0xb4f79a7f22041520a6838a04523069956fb5903aec2788308913fbab568f353e
240,115.1,0.915045,0xa742f56680ab2fd52e5885492bb634df7a1d6016,2017-10-21T16:30:46.000Z,0.00795,0x2951c68ff60150aade35d01936d2086166b017d0,buy,0xced4e93198734ddaff8492d525bd258d49eb388e,0x7180a1dfd959416822580d7516d811fb66cea0edf5d0c3d038fe0e9739ecfee9
241,1000,7.7,0xbebc241c4d0332ded7fa6d8d19e44e2765b6ec24,2017-10-21T15:54:51.000Z,0.0077,0x0f1b76410215ed963ea2c3d3eaddd4a56350b422,buy,0xced4e93198734ddaff8492d525bd258d49eb388e,0x2c4fc279122788ec07d8d787dac6cf2de1b2c659665690b053647b4c3620d446
242,693.7097613,5.20282320975,0xbebc241c4d0332ded7fa6d8d19e44e2765b6ec24,2017-10-21T15:53:47.000Z,0.0075,0x1227ea9856563907acf405f851e109b9566b10ec,buy,0xced4e93198734ddaff8492d525bd258d49eb388e,0x990d7e36f83d45c5bbb65c47b902ffc201a95ad18e2d056bede16f3deaa10bb9
243,269,2.017499731,0x52298ba85833337aa7ab2531a36723ca654c580d,2017-10-21T15:25:14.000Z,0.007499999,0xd990b20677084e0ecc854a956cb15a401515dfe8,buy,0xced4e93198734ddaff8492d525bd258d49eb388e,0x3e6f8cea155c9ad14de54a0bcd1989a23b489cbee51079d597c44b8810175644
244,100,0.7499999,0x836ece8e25bee80453e4ea1543ff1b61cbb1edf9,2017-10-21T14:52:47.000Z,0.007499999,0xd990b20677084e0ecc854a956cb15a401515dfe8,buy,0xced4e93198734ddaff8492d525bd258d49eb388e,0x8ed0aaf0c1736f47a80f4a650e2d3c819249709d85301ecf6e597a8e33ea44bc
245,420.24076090228516,2.861839581744562,0x016ab691721a99da1c1489ca0ac8b549eb0f7713,2017-10-21T13:06:47.000Z,0.00681,0x04d57c783101d40859e0433a3488cdf1ca1f29b6,sell,0xced4e93198734ddaff8492d525bd258d49eb388e,0xddb4dfc048e1703a440b021b9efc5207267fedacda77bb0aa05eb2e1436aa9e2
246,130,0.96069987,0x3a24ecd5107eef28ba0b96fc36f57ee8fca40ba1,2017-10-21T12:53:22.000Z,0.007389999,0xd990b20677084e0ecc854a956cb15a401515dfe8,buy,0xced4e93198734ddaff8492d525bd258d49eb388e,0x0b8cbaee87a4cb2acf7969822fc7b05e9bfc6abe4a67c68dca027f1e4c26597b
247,323.44708289984226,2.2029980816308257,0x632d7de0037bca4cdb13a4189473b7489e051dee,2017-10-21T12:10:04.000Z,0.006811,0x016ab691721a99da1c1489ca0ac8b549eb0f7713,sell,0xced4e93198734ddaff8492d525bd258d49eb388e,0x323fbbb9c8696a0db37bee593c5263c83b385592d8ec9ba6a292da2c0e085bbe
248,300,2.07,0xf178e5c224d14a340ccdda144ef0e3ccf40f13bd,2017-10-21T11:53:51.000Z,0.0069,0x016ab691721a99da1c1489ca0ac8b549eb0f7713,sell,0xced4e93198734ddaff8492d525bd258d49eb388e,0x8ac15f8c1a41e6ba3b5750867108814767a2a643ae7d47ef2871d0d44d49cdf1
249,15,0.10725,0x460e34c7e598c05068fcce33310a864df276bb93,2017-10-21T11:53:51.000Z,0.00715,0x016ab691721a99da1c1489ca0ac8b549eb0f7713,sell,0xced4e93198734ddaff8492d525bd258d49eb388e,0x9577f69599b49763e6d15eadf057b412578b4968df4e6010c8974bf1cf983100
250,300,2.04,0xf178e5c224d14a340ccdda144ef0e3ccf40f13bd,2017-10-21T11:52:36.000Z,0.0068,0x016ab691721a99da1c1489ca0ac8b549eb0f7713,sell,0xced4e93198734ddaff8492d525bd258d49eb388e,0x8963a86c65527f7d6596dd0b0eeea093beda2e11e75ca52bb8c04ea05ec8a785
251,50,0.35,0xa2f0f6ad5be2fb9e6505639c7f60f5bb44098101,2017-10-21T11:49:47.000Z,0.007,0x016ab691721a99da1c1489ca0ac8b549eb0f7713,sell,0xced4e93198734ddaff8492d525bd258d49eb388e,0x633411503d5e5adf0edb2728423f047ded366a92cb6f0eb8989185aa2d8d6f08
252,15,0.1092,0xdea025c3f2bc0f876f3649568e7c93d9396e6958,2017-10-21T11:46:39.000Z,0.00728,0x016ab691721a99da1c1489ca0ac8b549eb0f7713,sell,0xced4e93198734ddaff8492d525bd258d49eb388e,0x421f16ff26345fae4b1e1de44f68b5e158ce36ef1e06b1db2694e066650c5780
253,50,0.35,0x0069942d0e0835dc6b229ab1039b96f0e95dbf94,2017-10-21T11:44:25.000Z,0.007,0x016ab691721a99da1c1489ca0ac8b549eb0f7713,sell,0xced4e93198734ddaff8492d525bd258d49eb388e,0xb1cef443420e67f273ebc3f1f62bcb0c98a119a75eba61560073cb53eb2e6b1e
254,420,3.045,0xb9b8275f9a78612a13a9623502647dfab72fb95c,2017-10-21T11:43:03.000Z,0.00725,0x016ab691721a99da1c1489ca0ac8b549eb0f7713,sell,0xced4e93198734ddaff8492d525bd258d49eb388e,0x28673cd0d63688e1e9d8b427ab93de702dbce5cea17a485ec77dadf2b50d8085
255,400,2.86,0xee4353529821dc6bc160381f77720ce7c2e03917,2017-10-21T11:43:03.000Z,0.00715,0x016ab691721a99da1c1489ca0ac8b549eb0f7713,sell,0xced4e93198734ddaff8492d525bd258d49eb388e,0x5d29f0c11aaa1e1f5d044471462d62eef1ffa1bd1088fbb8aa6a0c185d39581f
256,300,2.1,0xf178e5c224d14a340ccdda144ef0e3ccf40f13bd,2017-10-21T11:42:53.000Z,0.007,0x016ab691721a99da1c1489ca0ac8b549eb0f7713,sell,0xced4e93198734ddaff8492d525bd258d49eb388e,0x9d68589fcc88ae8df71278db62b6a9d01d51c05caaf87041fd7a6e3343f62fdb
257,57.03028033654953,0.4140398352433496,0xe2f7cc23f322b09ae8ea174f48fd8866840ed9d9,2017-10-21T10:04:21.000Z,0.00726,0xad5b3fbc469313e21efe4117627a658424091b0a,sell,0xced4e93198734ddaff8492d525bd258d49eb388e,0x4694756580b766760e5a5908949fee866b71145866a7d59f7f1847143d637256
258,180,1.3068684,0x016ab691721a99da1c1489ca0ac8b549eb0f7713,2017-10-21T10:01:06.000Z,0.00726038,0xad5b3fbc469313e21efe4117627a658424091b0a,sell,0xced4e93198734ddaff8492d525bd258d49eb388e,0xd98f20a98113572d32bebf1b9d03575c0b4bee06f5600d660d4abb4344162e98
259,100,0.723,0xee4353529821dc6bc160381f77720ce7c2e03917,2017-10-21T09:54:20.000Z,0.00723,0xad5b3fbc469313e21efe4117627a658424091b0a,sell,0xced4e93198734ddaff8492d525bd258d49eb388e,0xf9624e9ce6be8e7a300773126b3b873e81bea4d483c024a8b392bb4a2a8bdccf
260,207.497,1.49626294197,0x3c3aef0043c8629556d0b20425aca08a1509d1dc,2017-10-21T09:37:21.000Z,0.00721101,0x81f7d0d7f9723ce75161bc44bcf5f65823b11267,sell,0xced4e93198734ddaff8492d525bd258d49eb388e,0x7a2e6b9b8dafac770d809933eae40e2b46ef8d937123cf336e5a3fa8e924d50f
261,1500,10.815015,0x3c3aef0043c8629556d0b20425aca08a1509d1dc,2017-10-21T09:36:28.000Z,0.00721001,0x81f7d0d7f9723ce75161bc44bcf5f65823b11267,sell,0xced4e93198734ddaff8492d525bd258d49eb388e,0xb16994ef6954b8f9438288861a041fa201370aadce9e70acbc58b35d3e70c093
262,150,1.05015,0xc99a8eb59e3ed9682e39aa72e1b3142bbc125af7,2017-10-21T09:34:25.000Z,0.007001,0x81f7d0d7f9723ce75161bc44bcf5f65823b11267,sell,0xced4e93198734ddaff8492d525bd258d49eb388e,0xb0bc368d7b2779769c8aa7fd0b3f4b2023955d2ca1bc9d7b9276d3625ae0ca50
263,2000,14.4,0x8b9b67953623f536ce8b23ca2c87e0c76678e0f9,2017-10-21T09:34:25.000Z,0.0072,0x81f7d0d7f9723ce75161bc44bcf5f65823b11267,sell,0xced4e93198734ddaff8492d525bd258d49eb388e,0xe76ca5da3e6f63077c482e91bb9df1dc7bb7cc2e00f7fdc47dc5f83e0a571ec9
264,93.61280841162687,0.6786946396276546,0x20268ec1abfd8823f8eba6215d71b6fdc56305bd,2017-10-21T09:33:09.000Z,0.007250019,0x81f7d0d7f9723ce75161bc44bcf5f65823b11267,sell,0xced4e93198734ddaff8492d525bd258d49eb388e,0x5b1af6735fc62ed0936ee8f4952c3dfcec9def4590b966c29b34af4576637179
265,150,1.095,0xe2f7cc23f322b09ae8ea174f48fd8866840ed9d9,2017-10-21T09:30:56.000Z,0.0073,0x81f7d0d7f9723ce75161bc44bcf5f65823b11267,sell,0xced4e93198734ddaff8492d525bd258d49eb388e,0x0e7a7456d56f75f5f601d9c762e282464866ca7e980dec2e8b9e984c79b5e962
266,125,0.91875,0xfd3e8b8aee8704ffcdd3181d639a050bc832fddf,2017-10-21T09:29:56.000Z,0.00735,0x81f7d0d7f9723ce75161bc44bcf5f65823b11267,sell,0xced4e93198734ddaff8492d525bd258d49eb388e,0x99e9374c6d8f4a834ec13f68695ac59c87861a87ad82beb1b43f56cfb7a666dc
267,300,2.19015,0x1804111464a198d8b0450bdbf7cb9fd65a903baf,2017-10-21T09:29:56.000Z,0.0073005,0x81f7d0d7f9723ce75161bc44bcf5f65823b11267,sell,0xced4e93198734ddaff8492d525bd258d49eb388e,0x6a48c6aa05eaec925d6a11bafaa062ed2a699efc1652a26bd4279185a8aa25b1
268,100,0.74,0xee4353529821dc6bc160381f77720ce7c2e03917,2017-10-21T09:28:43.000Z,0.0074,0x81f7d0d7f9723ce75161bc44bcf5f65823b11267,sell,0xced4e93198734ddaff8492d525bd258d49eb388e,0x835f00ded4224a73a790e39f73be56ffc955b9a3b0113bea2dc19cce10609b1d
269,1,0.007699989,0xb4c432a9559a4f1464d2bff9fcbbdc14f1c39dec,2017-10-21T09:16:02.000Z,0.007699989,0xd990b20677084e0ecc854a956cb15a401515dfe8,buy,0xced4e93198734ddaff8492d525bd258d49eb388e,0xe7783d2f4770eceb874f4d2f4da6428539a65dd88397a6a80a2c98e84b5971f0
270,0.42667730036885654,0.003093418534542916,0x20268ec1abfd8823f8eba6215d71b6fdc56305bd,2017-10-21T08:55:48.000Z,0.007250018999999998,0x565bf6f1c342b5403ed6a8dcb3472889a0737ec1,sell,0xced4e93198734ddaff8492d525bd258d49eb388e,0xcf047c8a82b8a298f626d9d08c9a64e4d84540b62b94def33fb9a0df6fdf1eec
271,0.46051428800427235,0.003338737337802446,0x20268ec1abfd8823f8eba6215d71b6fdc56305bd,2017-10-21T08:54:28.000Z,0.007250018999999999,0x632d7de0037bca4cdb13a4189473b7489e051dee,sell,0xced4e93198734ddaff8492d525bd258d49eb388e,0xd689c7b7ad1cb1f80407921ce22f7a801c0eb70d717f646f992d6005cc077e35
272,336,2.5872,0x1227ea9856563907acf405f851e109b9566b10ec,2017-10-21T08:28:15.000Z,0.0077,0x632d7de0037bca4cdb13a4189473b7489e051dee,buy,0xced4e93198734ddaff8492d525bd258d49eb388e,0x7b7725508c0e83d0045d5a855a91dadf2693d2d4a711f7e2796fb1e14cf58de0
273,0.428,0.003441548428,0x565bf6f1c342b5403ed6a8dcb3472889a0737ec1,2017-10-21T08:27:11.000Z,0.008041001,0x8e465006a05f51471c5bdeb0c8fb6bb7181f06dd,sell,0xced4e93198734ddaff8492d525bd258d49eb388e,0xa6bc56e402fb7a0833a0b07ae39ab2a24fb6647c316b92ef442c2d18d4346db3
274,75,0.57,0x8bc410d84ab586a06a5998f21a827298a07c5635,2017-10-21T08:22:49.000Z,0.0076,0x632d7de0037bca4cdb13a4189473b7489e051dee,sell,0xced4e93198734ddaff8492d525bd258d49eb388e,0x3ca88e5c6b21ca17373d98a05ed074bc1a2f3398dfc4a15c4f3cfcceed6f7a82
275,19.2,0.14976,0xc6ed50b6bf2d995504ff11942c4f989a7d4f885b,2017-10-21T08:21:07.000Z,0.0078,0x632d7de0037bca4cdb13a4189473b7489e051dee,sell,0xced4e93198734ddaff8492d525bd258d49eb388e,0x871649b62f401c70be22232c3f48be492062718034caf9d27f1ad92f23a00c7b
276,25,0.195,0xaba11465578d2f17f373b1c96e9febc513120468,2017-10-21T08:20:41.000Z,0.0078,0x632d7de0037bca4cdb13a4189473b7489e051dee,sell,0xced4e93198734ddaff8492d525bd258d49eb388e,0x01980b13fa57cf9bb9c7e143db1707ca7c29317051817e32dc68837924361296
277,50,0.3895,0x6b43b28be802e7295f8c557dbdcab3952af4a5d2,2017-10-21T08:20:38.000Z,0.00779,0x632d7de0037bca4cdb13a4189473b7489e051dee,sell,0xced4e93198734ddaff8492d525bd258d49eb388e,0xe8ef481ba1f81368d0be799e2ac69c7ef04f573dd691ecdabb7b0e2695f3b616
278,320.2958827634334,2.5047141235059316,0xd990b20677084e0ecc854a956cb15a401515dfe8,2017-10-21T08:20:15.000Z,0.007820001,0x632d7de0037bca4cdb13a4189473b7489e051dee,sell,0xced4e93198734ddaff8492d525bd258d49eb388e,0x7b937b2744b80b0272c67b16d41ae034d050b5c60be28eefc78b808164998daa
279,794.2697411344541,5.957023058508406,0x0f1b76410215ed963ea2c3d3eaddd4a56350b422,2017-10-21T08:18:34.000Z,0.0075,0x632d7de0037bca4cdb13a4189473b7489e051dee,sell,0xced4e93198734ddaff8492d525bd258d49eb388e,0xc4158b40a3ba423e741a00c8c29fcdf90ffb7b572ed0915c4670c37c364ded31
280,240,1.872,0x2951c68ff60150aade35d01936d2086166b017d0,2017-10-21T08:18:15.000Z,0.0078,0x632d7de0037bca4cdb13a4189473b7489e051dee,sell,0xced4e93198734ddaff8492d525bd258d49eb388e,0x846e63df5ab3b0d5cae9d660cc976ee8770af089b01a59432addf5c790dc0ced
281,134.883,1.05478506,0x016ab691721a99da1c1489ca0ac8b549eb0f7713,2017-10-21T08:17:42.000Z,0.00782,0x632d7de0037bca4cdb13a4189473b7489e051dee,sell,0xced4e93198734ddaff8492d525bd258d49eb388e,0x9bf31836fd6ecdecf5bc82f37cb99488cdbbace1c4eaf3f5e8bfb4bc1bdf4714
282,179.70411723656665,1.4052863764940684,0xd990b20677084e0ecc854a956cb15a401515dfe8,2017-10-21T08:17:29.000Z,0.007820001,0xd7e3877f041f535e549222cd39702f9b2171ec19,sell,0xced4e93198734ddaff8492d525bd258d49eb388e,0x22f030692963cec72a1b0b9bcd5286b050800ac1e1d29a65b58f7c05c58de7cf
283,1.6,0.0128672,0x8eed35a48852b4c6285563193c6711fca5ffe3d6,2017-10-21T08:16:17.000Z,0.008042,0xd7e3877f041f535e549222cd39702f9b2171ec19,sell,0xced4e93198734ddaff8492d525bd258d49eb388e,0xccf5ce944d6e905b5c253595a30a81d815f3f2e282bbe2a81a5a8cb8cfa51096
284,375,2.9625,0xfd3e8b8aee8704ffcdd3181d639a050bc832fddf,2017-10-21T08:15:28.000Z,0.0079,0xd7e3877f041f535e549222cd39702f9b2171ec19,sell,0xced4e93198734ddaff8492d525bd258d49eb388e,0x0b258a56919988df2fd40867efaee3b21bc83e12214dc85db0fbee4ca11d65a4
285,3,0.0241266,0x971f30c325d9924ad472adf0bf98702502baad93,2017-10-21T08:14:46.000Z,0.0080422,0xd7e3877f041f535e549222cd39702f9b2171ec19,sell,0xced4e93198734ddaff8492d525bd258d49eb388e,0xf3464f79d6c344e3db0eb2d2b2bb65358b11609b548684f40024259850ac793b
286,865.1165187818709,6.765211176874231,0x016ab691721a99da1c1489ca0ac8b549eb0f7713,2017-10-21T08:01:18.000Z,0.00782,0x632d7de0037bca4cdb13a4189473b7489e051dee,sell,0xced4e93198734ddaff8492d525bd258d49eb388e,0x7ac9737f55af09bb87b3f290309571fbb41ed7e756ecf7f236f26663629d8b03
287,320,2.50272,0x4a287eaaf719c8980425d8608aba3f9774821de9,2017-10-21T08:00:47.000Z,0.007821,0x632d7de0037bca4cdb13a4189473b7489e051dee,sell,0xced4e93198734ddaff8492d525bd258d49eb388e,0x8d17e5a52d583f0261f777047efe71d562bcb960baae48eb6304f605884369e0
288,30,0.2418,0xa385f686575803e168f312a535779e240fbd6cd9,2017-10-21T08:00:47.000Z,0.00806,0x632d7de0037bca4cdb13a4189473b7489e051dee,sell,0xced4e93198734ddaff8492d525bd258d49eb388e,0xba5705e44127517d944833d468d6e6ce60c797416f8d5ecb9411ae37d02bcb02
289,83.00269165586681,0.6690016947462865,0xfbf7dc0756a9768d0c71aea5f8421f3b1eaee7d1,2017-10-21T08:00:27.000Z,0.00806,0x632d7de0037bca4cdb13a4189473b7489e051dee,sell,0xced4e93198734ddaff8492d525bd258d49eb388e,0xe3f957c9ca8d007413ef55c1372b5077409def41303c238aedb1dad50b5788c6
290,500,4.035,0x016ab691721a99da1c1489ca0ac8b549eb0f7713,2017-10-21T08:00:13.000Z,0.00807,0x632d7de0037bca4cdb13a4189473b7489e051dee,sell,0xced4e93198734ddaff8492d525bd258d49eb388e,0x61665945a2d9708679bc4c4fbd39fc7520172f5c145b1ce4501b5c4cf9ff67e1
291,300,2.4213,0xad5b3fbc469313e21efe4117627a658424091b0a,2017-10-21T08:00:13.000Z,0.008071,0x632d7de0037bca4cdb13a4189473b7489e051dee,sell,0xced4e93198734ddaff8492d525bd258d49eb388e,0x6c91c5294d0a516c4117c543ab187e1986f071cd4c135849333d5863374ec200
292,0.007803476354073483,0.000069450939551254,0xa82c77e4716cf44b1b3bf6cdc25b8947015039db,2017-10-21T07:46:15.000Z,0.0089,0x81f7d0d7f9723ce75161bc44bcf5f65823b11267,buy,0xced4e93198734ddaff8492d525bd258d49eb388e,0x00054812e85abf7ddc6ce22a68cd61497cf4ee13afae887c5600a327e65778eb
293,10,0.0806,0xfbf7dc0756a9768d0c71aea5f8421f3b1eaee7d1,2017-10-21T07:41:57.000Z,0.00806,0x5a86ebf9a0e6f8181ed5143557f7b8ba89957fcc,sell,0xced4e93198734ddaff8492d525bd258d49eb388e,0x24a38a12bb1d5f3731eb656f1d5e90280de1f35cf9ccf85a93876925dcdee1e1
294,6.997308344133187,0.05639830525371349,0xfbf7dc0756a9768d0c71aea5f8421f3b1eaee7d1,2017-10-21T07:41:57.000Z,0.00806,0x92b257811f2708082382c86eb327e1a205bb00b4,sell,0xced4e93198734ddaff8492d525bd258d49eb388e,0x7c754ffc29518376f1501f000aa447218b74c738d150c53ccb48f79d59721c4e
295,500,4.05,0x016ab691721a99da1c1489ca0ac8b549eb0f7713,2017-10-21T07:41:27.000Z,0.0081,0x92b257811f2708082382c86eb327e1a205bb00b4,sell,0xced4e93198734ddaff8492d525bd258d49eb388e,0xc78393ba11216bb7c45dca73e3f397c6d6a8eefa82ac4d6e901126ec82fb93cc
296,1.5027907090607064,0.013525116381546357,0xd82ef7fcb5e1d545cea990200fd5f0b90098b09f,2017-10-21T07:41:12.000Z,0.009,0x5a86ebf9a0e6f8181ed5143557f7b8ba89957fcc,sell,0xced4e93198734ddaff8492d525bd258d49eb388e,0x861bfe53c347e399e364a9b1c4c4895c2dc323e673b9f7659236acb7ea8f4657
297,10,0.091,0x71109463d55ff21df65f55862b617f946d870589,2017-10-21T06:52:49.000Z,0.0091,0x81f7d0d7f9723ce75161bc44bcf5f65823b11267,buy,0xced4e93198734ddaff8492d525bd258d49eb388e,0x67df57b279fe14f7968f7e78fb5778d44de51f8fc7c982c07574c8d55f09aa29
298,0.7972092909392935,0.007174883618453641,0xd82ef7fcb5e1d545cea990200fd5f0b90098b09f,2017-10-21T06:44:22.000Z,0.009,0x632d7de0037bca4cdb13a4189473b7489e051dee,sell,0xced4e93198734ddaff8492d525bd258d49eb388e,0xbe4f0bae568eca865ec6af3125b5db92c49e165e57a042e0358c3ba26ecb1ef0
299,0.7995214834014555,0.006445742199182534,0x632d7de0037bca4cdb13a4189473b7489e051dee,2017-10-21T06:28:15.000Z,0.008062,0x8a3a64ba369697a84ce95cfaa2040c9367d8f35a,sell,0xced4e93198734ddaff8492d525bd258d49eb388e,0xd75b62645fe2258cb87fbfdac40b26c25542e2f0fd6b5aeb60268cfd5a23ec5d
300,0.802,0.006416,0x8a3a64ba369697a84ce95cfaa2040c9367d8f35a,2017-10-21T06:25:00.000Z,0.008,0xb2a1b3ca33550d247451a626f27117c333655cc9,buy,0xced4e93198734ddaff8492d525bd258d49eb388e,0x6a81addfe29644c78c99a834ff4b75a7ed26f243f7ff9907220dfe0807b29017
301,1,0.00935,0xaec7fad17c8adb73e36f3d1ec7d3f56a65413549,2017-10-21T05:51:50.000Z,0.00935,0xe1821d597e7ffe1d523a0ffd121de7d4e6f2d299,buy,0xced4e93198734ddaff8492d525bd258d49eb388e,0x740b31b39cb1a01c8dd4daa0c8c07f55e7b3b3f2403346c9dc2387e4d19302b8
302,1.994,0.01994,0xf58dcfa3afb09a491be10a7e8aaf99afc9311df2,2017-10-21T04:25:17.000Z,0.01,0x273a5d3e6721b9f5c1a6474f560c1334c63dda01,sell,0xced4e93198734ddaff8492d525bd258d49eb388e,0x8636f0055b9d862a8aa6c2c77bbd9f1ca38c6bbf93b636ff2493e42540373852
303,2,0.0187998,0x273a5d3e6721b9f5c1a6474f560c1334c63dda01,2017-10-21T04:25:17.000Z,0.0093999,0xad5b3fbc469313e21efe4117627a658424091b0a,buy,0xced4e93198734ddaff8492d525bd258d49eb388e,0x8636f0055b9d862a8aa6c2c77bbd9f1ca38c6bbf93b636ff2493e42540373852
304,10,0.094,0x2a37aa5e418efbecb227f33ba02e8cd5f79e9c69,2017-10-21T04:24:58.000Z,0.0094,0x632d7de0037bca4cdb13a4189473b7489e051dee,buy,0xced4e93198734ddaff8492d525bd258d49eb388e,0x17f092c13d4c3d738548ed4fe995c98287de5b117e4f9766c08d69c3ef7e58d5
305,99.95324306896208,0.9395504895239367,0x6d2f6b26c0fc44f9fed0957f679d0b22745ab066,2017-10-21T04:23:40.000Z,0.0093999,0xad5b3fbc469313e21efe4117627a658424091b0a,buy,0xced4e93198734ddaff8492d525bd258d49eb388e,0xa7810566dc4db33b303fe5a594ce73ba6ad269f9e2548f03020166bf37c6b10e
306,0.83588056806578,0.00752292511259202,0x6d2f6b26c0fc44f9fed0957f679d0b22745ab066,2017-10-21T04:08:51.000Z,0.009,0x1c7da27578813ead215506389fb5eb3f38b43877,buy,0xced4e93198734ddaff8492d525bd258d49eb388e,0x5aca1c0c245b47d5cbe77011e7d2ee1e21bfa695732ac3899aa908441a36948c
307,0.000002004347473487,0.000010021737367437,0xba4cce18c8f5351052ca0574844398d2e453cd4d,2017-10-21T04:08:51.000Z,5.000000000000997,0x5cb0d785b4ca3410da39a1872b90dc076c0037e2,buy,0xced4e93198734ddaff8492d525bd258d49eb388e,0x6eb072e989528975ef718b16aa585547d84a476e6b182a69e5e8c18c02078c0a
308,0.004021121901310403,0.1005280475327601,0xba4cce18c8f5351052ca0574844398d2e453cd4d,2017-10-21T04:07:10.000Z,25.000000000000007,0xaec7fad17c8adb73e36f3d1ec7d3f56a65413549,buy,0xced4e93198734ddaff8492d525bd258d49eb388e,0x677e76be2fa1be44f78cdec9bf8233580e19f9a3af8a3f7546c1cc98c4480257
309,25.99927034173928,0.2443931412123492,0xc8fbdc17dad9818d9369016d8a56d294463a78a4,2017-10-21T04:06:30.000Z,0.0094,0x632d7de0037bca4cdb13a4189473b7489e051dee,buy,0xced4e93198734ddaff8492d525bd258d49eb388e,0xb9a6f2d7bbb046f8477440d192206dad2ec30e20ec3aa79d816329b4b5652887
310,66,0.594,0x4006ac994f15608c57672335af43b470fb77f96f,2017-10-21T04:04:31.000Z,0.009,0x1c7da27578813ead215506389fb5eb3f38b43877,buy,0xced4e93198734ddaff8492d525bd258d49eb388e,0x5b1f52cc4f32c177cad803c1d3c752cb197af1c910e14a302c1cc912148a1837
311,22.463740219650326,0.21850480111653872,0xba4cce18c8f5351052ca0574844398d2e453cd4d,2017-10-21T04:02:17.000Z,0.009727,0xe0de1ab00d0fe16ef0b379e359f3a8470b068092,buy,0xced4e93198734ddaff8492d525bd258d49eb388e,0xa75c79bc67be9b27df63fdeae3e500134d82989fbe04bf8c85ef01f4314fecbf
312,0.83,0.00747,0x3fb5df6d175b7ab55eb208d08a62ba6470ac3a3e,2017-10-21T03:49:46.000Z,0.009,0x1c7da27578813ead215506389fb5eb3f38b43877,buy,0xced4e93198734ddaff8492d525bd258d49eb388e,0x36606a1a277f535264217d28204788a0bf6af1ac76d2b1552bb618edd12a6811
313,221.53546339016503,1.9938191705114852,0x0062fb72d128699a70afdad4b7bafb2cde128913,2017-10-21T03:30:25.000Z,0.009,0x1c7da27578813ead215506389fb5eb3f38b43877,buy,0xced4e93198734ddaff8492d525bd258d49eb388e,0x479a06d38d0abd3b1a094ee7dd80561db86ff6da318f65fcd1422dda5e924134
314,0.011044523130160555,0.000099400708171445,0x0062fb72d128699a70afdad4b7bafb2cde128913,2017-10-21T03:27:03.000Z,0.009000000000000001,0x1c7da27578813ead215506389fb5eb3f38b43877,buy,0xced4e93198734ddaff8492d525bd258d49eb388e,0xb524bce7dbeca1d6f4a1a806e3806c9e3643d4abd7e65e915aef9f1954a527c2
315,110.78761151863904,0.9970885036677514,0x0062fb72d128699a70afdad4b7bafb2cde128913,2017-10-21T03:26:42.000Z,0.009,0x1c7da27578813ead215506389fb5eb3f38b43877,buy,0xced4e93198734ddaff8492d525bd258d49eb388e,0x0cf6ff24b6d8f9c357cd064c5838238b12c4c2927d445531021f591a7eb0bd1a
316,410,3.649,0xd09efaa06a108fd9a6d698f8af0d2a6731a798f1,2017-10-21T03:24:17.000Z,0.0089,0x1227ea9856563907acf405f851e109b9566b10ec,buy,0xced4e93198734ddaff8492d525bd258d49eb388e,0x91b3e3e3738a372f782a684cf62066be3c9c91a04731186db423fade42517928
317,55,0.4895,0xcecda63b7a91bc694d813bde85c1f76227f53425,2017-10-21T03:21:21.000Z,0.0089,0x1227ea9856563907acf405f851e109b9566b10ec,buy,0xced4e93198734ddaff8492d525bd258d49eb388e,0xb28b74271e4e1080778b7c5ecd1f2a719c9d6b6c8246e3a0d3dc009691bb231b
318,145,1.2905,0x74fbcf2dec0ae44838b04cf5d512fcdc1eb24f5a,2017-10-21T03:19:32.000Z,0.0089,0x1227ea9856563907acf405f851e109b9566b10ec,buy,0xced4e93198734ddaff8492d525bd258d49eb388e,0x37b58b30a9cb27914fb800064bc24eb4cec2be95b9c160733cd1cd15e7fc4eb5
319,2828.1485934282377,24.03926304414002,0xbd8f695e5214f3eda8fa07182fc2456ee3e525c4,2017-10-21T03:02:46.000Z,0.0085,0xb2a1b3ca33550d247451a626f27117c333655cc9,buy,0xced4e93198734ddaff8492d525bd258d49eb388e,0xc06eb641d32335c3739cad83e07d4ce82cfd1ec80b9e242ba5bfd750fcfc463b
320,100,0.85,0x3fef3e85b09a340029b9eee96c63c239a22e7a36,2017-10-21T02:59:38.000Z,0.0085,0xb2a1b3ca33550d247451a626f27117c333655cc9,buy,0xced4e93198734ddaff8492d525bd258d49eb388e,0x507b608380f30100310b1d3482f6f00be82d0f8e60f77112f735f99b073c959c
321,380,3.23,0x23bb98789d5d21e6efaef8e6937bfd498f31dc63,2017-10-21T02:58:59.000Z,0.0085,0xb2a1b3ca33550d247451a626f27117c333655cc9,buy,0xced4e93198734ddaff8492d525bd258d49eb388e,0x8f0560745807a0c65e6f585c64114f0aba1b9c98bd2ac116b466359dcbc17fc7
322,728.7812384521008,6.194640526842856,0x23bb98789d5d21e6efaef8e6937bfd498f31dc63,2017-10-21T02:45:15.000Z,0.0085,0xb2a1b3ca33550d247451a626f27117c333655cc9,buy,0xced4e93198734ddaff8492d525bd258d49eb388e,0xa42b5a170ce446d5930f96368f1ac53ca56334467d57a1925f6d1a4209394206
323,1894.1198839642693,16.10001901369629,0xbd8f695e5214f3eda8fa07182fc2456ee3e525c4,2017-10-21T02:44:07.000Z,0.0085,0xb2a1b3ca33550d247451a626f27117c333655cc9,buy,0xced4e93198734ddaff8492d525bd258d49eb388e,0xc276e461c2dbac488961dac90b81785002a8c9c353fe8f3516fb830ee98867e1
324,328.39374409921436,2.791346824843322,0xd1598a7b8b9e24a66eea6201382d3a628f46120c,2017-10-21T02:43:07.000Z,0.0085,0xb2a1b3ca33550d247451a626f27117c333655cc9,buy,0xced4e93198734ddaff8492d525bd258d49eb388e,0x606317b3cc89eac963b533def4c79ef468b4266d5f650e6a935b9814ea902aa9
325,620,5.27,0x1227ea9856563907acf405f851e109b9566b10ec,2017-10-21T02:42:04.000Z,0.0085,0xb2a1b3ca33550d247451a626f27117c333655cc9,buy,0xced4e93198734ddaff8492d525bd258d49eb388e,0xb7e0b1610b8ac053aa70517c43aab946d7db1947d8bce6979c19a5eab81e7c53
326,4185.747385362451,35.57885277558083,0xb5857b45c02279e3d89aba94dd3744fe4347a83a,2017-10-21T02:39:46.000Z,0.0085,0xb2a1b3ca33550d247451a626f27117c333655cc9,buy,0xced4e93198734ddaff8492d525bd258d49eb388e,0x885af5fdcfe60e1d999cc06b656984548a5216891439830a3f7da6b0fea6ddde
327,2200,18.7,0xbd8f695e5214f3eda8fa07182fc2456ee3e525c4,2017-10-21T02:39:15.000Z,0.0085,0xb2a1b3ca33550d247451a626f27117c333655cc9,buy,0xced4e93198734ddaff8492d525bd258d49eb388e,0x83d2e094e679b978f45923b464c64fa407ca009ee7b62561cdf8b641a07f6826
328,5,0.0425,0x1227ea9856563907acf405f851e109b9566b10ec,2017-10-21T02:38:15.000Z,0.0085,0xb2a1b3ca33550d247451a626f27117c333655cc9,buy,0xced4e93198734ddaff8492d525bd258d49eb388e,0x26e13fa53810888a0078dfe1a8e2a3563cfcab4adcba7584b4c4012627d57e19
329,541.2372454412586,4.600516586250698,0xdde55c4e41b5e9b5ac21e87ce7604deeb54bdaf0,2017-10-21T02:38:06.000Z,0.0085,0xb2a1b3ca33550d247451a626f27117c333655cc9,buy,0xced4e93198734ddaff8492d525bd258d49eb388e,0xcc015d9ed0005632b04412b258dd312def77a8c202e5766e0b76b227426c8572
330,3880,32.98,0x1c33fd61d18daf9da80ceef92fd40ffeb31b9c2b,2017-10-21T02:35:54.000Z,0.0085,0xb2a1b3ca33550d247451a626f27117c333655cc9,buy,0xced4e93198734ddaff8492d525bd258d49eb388e,0xdfd00767081f7013f458f404e8578b3bdde253e7eb606e78295530bd6c598de7
331,2091.985491852292,17.78187668074448,0xdde55c4e41b5e9b5ac21e87ce7604deeb54bdaf0,2017-10-21T02:31:26.000Z,0.0085,0xb2a1b3ca33550d247451a626f27117c333655cc9,buy,0xced4e93198734ddaff8492d525bd258d49eb388e,0x68481aafa36c7ca5a53732a41991fcc9693b12f85393845c9be28ddee63bcaff
332,120,1.019856,0x840bb9fc0217f8e4b57200af6a8a794b71f00e20,2017-10-21T02:27:11.000Z,0.0084988,0xb5857b45c02279e3d89aba94dd3744fe4347a83a,buy,0xced4e93198734ddaff8492d525bd258d49eb388e,0xa634e7f0084b93386bdbeb73bd29669ddc0cee87c4115a5d92336c1d4e7928be
333,5,0.0425,0x1227ea9856563907acf405f851e109b9566b10ec,2017-10-21T02:26:15.000Z,0.0085,0xb2a1b3ca33550d247451a626f27117c333655cc9,buy,0xced4e93198734ddaff8492d525bd258d49eb388e,0xab718f3d7104b8374b604349d71cf464f7ae93f2df2cf5c29d0f49859c89fab9
334,0.586417400177098,0.004984547901505333,0xdde55c4e41b5e9b5ac21e87ce7604deeb54bdaf0,2017-10-21T02:19:23.000Z,0.0085,0xb2a1b3ca33550d247451a626f27117c333655cc9,buy,0xced4e93198734ddaff8492d525bd258d49eb388e,0x639aa4ebe477defe4151ceca5f8bccaf0f951a35e74daac8112be42f7fe79f15
335,1,0.0085,0x6f7a96b8827bc9cd936d75faa904c9c036cfef64,2017-10-21T02:04:44.000Z,0.0085,0xb2a1b3ca33550d247451a626f27117c333655cc9,buy,0xced4e93198734ddaff8492d525bd258d49eb388e,0x513292b4098e6fbb5a7b2064b120ddd4bb3521ba12a02fe3c8e29f28b35d939a
336,200,1.7,0x1227ea9856563907acf405f851e109b9566b10ec,2017-10-21T02:00:07.000Z,0.0085,0xb2a1b3ca33550d247451a626f27117c333655cc9,buy,0xced4e93198734ddaff8492d525bd258d49eb388e,0x19acbb81576743e487e9c1786fb5f5439f3f01a57446e67424fd4aa607d3620f
337,1900,16.15,0x23bb98789d5d21e6efaef8e6937bfd498f31dc63,2017-10-21T01:27:30.000Z,0.0085,0xb2a1b3ca33550d247451a626f27117c333655cc9,buy,0xced4e93198734ddaff8492d525bd258d49eb388e,0x155555090e0ac094af74cb35f1936c8818ac2af9b1c149d8a7c28583e9c223e0
338,180,1.503,0x23bb98789d5d21e6efaef8e6937bfd498f31dc63,2017-10-21T01:25:47.000Z,0.00835,0x2951c68ff60150aade35d01936d2086166b017d0,buy,0xced4e93198734ddaff8492d525bd258d49eb388e,0xeba659c58d5d1a39913dc4b6fd29613ce20f030100e853d27f0609d74e7e09f5
339,125,1.04375,0xfd6ffaeebcaf90add2eb40c2ae6fa88b1ac387c5,2017-10-21T01:12:00.000Z,0.00835,0x23bb98789d5d21e6efaef8e6937bfd498f31dc63,sell,0xced4e93198734ddaff8492d525bd258d49eb388e,0xec6b2bcb2d5258d2d4b3159646b225cf72ae44307ac428650e59cb4a465b34da
340,4.585784069384907,0.03645698335161001,0x23bb98789d5d21e6efaef8e6937bfd498f31dc63,2017-10-21T01:10:37.000Z,0.00795,0xab1580ee6c593d1ae69c8e80592160bcdb9f6c97,sell,0xced4e93198734ddaff8492d525bd258d49eb388e,0xd2e7fad4bcb271525a254cbb0c938c6325389d7a1576a1ed9b89f15eba1321eb
341,2.7,0.022519242,0xd839e54291065cf31aac38113d559687711761d4,2017-10-21T01:06:40.000Z,0.00834046,0x23bb98789d5d21e6efaef8e6937bfd498f31dc63,sell,0xced4e93198734ddaff8492d525bd258d49eb388e,0xe1e4eb2416b256e15ca26b9da2de97d0e6bbecea7d81d02e9927597e616d3919
342,10.4,0.0832,0x23bb98789d5d21e6efaef8e6937bfd498f31dc63,2017-10-21T01:06:02.000Z,0.008,0x3bff545dceb70fdd033314ab844a6793dedf821c,buy,0xced4e93198734ddaff8492d525bd258d49eb388e,0xb60879ecd1593ca549c6eed58f80787b026a6c8c9a52e566b1b317ccf7af7e9f
343,124,1.015436,0x23bb98789d5d21e6efaef8e6937bfd498f31dc63,2017-10-21T01:03:10.000Z,0.008189,0x821d0a4d591ece6b8069abed384a8df8697d27c3,buy,0xced4e93198734ddaff8492d525bd258d49eb388e,0xc0f300a06e6f2a08931595b85f40f403996f215c90c22007cd357f7688956c64
344,71,0.581419,0xeed7479945c74f45c8a2586bfbea53ed4883a6c8,2017-10-21T01:01:25.000Z,0.008189,0x821d0a4d591ece6b8069abed384a8df8697d27c3,buy,0xced4e93198734ddaff8492d525bd258d49eb388e,0xc199bcd0e5198fae13082e906a6eaebe98a5b6200ea9ab97636d37d7d7741ead
345,651.325,5.37343125,0x23bb98789d5d21e6efaef8e6937bfd498f31dc63,2017-10-21T01:00:42.000Z,0.00825,0x016ab691721a99da1c1489ca0ac8b549eb0f7713,buy,0xced4e93198734ddaff8492d525bd258d49eb388e,0x7690de789255954c310e229d036f4f6ca05bceeabf2819bf0072822365aeb77c
346,7.536259780349673,0.07330519888346126,0x65f174b9c8cfbfea0ca8da2c946e3d2124c98a21,2017-10-21T00:53:22.000Z,0.009727,0xe0de1ab00d0fe16ef0b379e359f3a8470b068092,buy,0xced4e93198734ddaff8492d525bd258d49eb388e,0x3d48dc77396c9b58674f5122642ef04b38800dcfaa5610006528a0c5150fa044
347,11.5,0.094185,0x65f174b9c8cfbfea0ca8da2c946e3d2124c98a21,2017-10-21T00:49:33.000Z,0.00819,0x298652fd13cc0ee45a2a6ddd26708945f4cfb711,buy,0xced4e93198734ddaff8492d525bd258d49eb388e,0xb1d5141c3d3c0294f420e90335d9805d75daa19efbef22b527dfa8d02361330d
348,65,0.53625,0xa95e870954a89d6b7420e478895f1d850ba400f1,2017-10-21T00:30:20.000Z,0.00825,0x016ab691721a99da1c1489ca0ac8b549eb0f7713,buy,0xced4e93198734ddaff8492d525bd258d49eb388e,0x79bdb3adce85edb5cfd07c3cb59e58f43acf26a9fcf8e6ee7e67f106cc9891b8
349,99.69095803010667,0.7766713189113748,0xd839e54291065cf31aac38113d559687711761d4,2017-10-21T00:03:56.000Z,0.00779079,0x2d1204d83b9182c5755ad06c1c24767786527928,sell,0xced4e93198734ddaff8492d525bd258d49eb388e,0x81479c746f1d75dec6bc7cc6413933cf304c77e78209d6866bb02ccb06a9d741
350,11.5,0.090160368,0x298652fd13cc0ee45a2a6ddd26708945f4cfb711,2017-10-20T23:55:36.000Z,0.007840032,0x016ab691721a99da1c1489ca0ac8b549eb0f7713,sell,0xced4e93198734ddaff8492d525bd258d49eb388e,0x615d1b1e9983bcd17ef0bb2918071df3f9ba7d7fe5cdb41c5fc5330909579c59
351,0.018,0.0001404,0x632d7de0037bca4cdb13a4189473b7489e051dee,2017-10-20T23:20:28.000Z,0.0078,0x75dfd65d343c6c5d6dfbfb4bb933368a9ba88cea,sell,0xced4e93198734ddaff8492d525bd258d49eb388e,0x99c203a7be0bd7cc53d674089c8528e0df6a6b3e890b1c61ac66f0379d65e68e
352,181.13842949807903,1.4128797500850163,0x632d7de0037bca4cdb13a4189473b7489e051dee,2017-10-20T23:17:57.000Z,0.0078,0x75dfd65d343c6c5d6dfbfb4bb933368a9ba88cea,sell,0xced4e93198734ddaff8492d525bd258d49eb388e,0xbf5b511108695b19c604e92d4698e5249c49e169c6073855b4deb48f2acf079e
353,227,1.7933,0x3d6fbb574a2256ee94d77320e6e921ab6bc88c7c,2017-10-20T23:16:25.000Z,0.0079,0x75dfd65d343c6c5d6dfbfb4bb933368a9ba88cea,sell,0xced4e93198734ddaff8492d525bd258d49eb388e,0x22f0f78e1ceed82e61132f279d7f211cd1f3fb22943278fcfc1b87cb7a568544
354,2.6407590931973353,0.02112607274557868,0x2a862b06500d8e0410fe7a2611eaeb6b3e3276fa,2017-10-20T23:15:46.000Z,0.008,0x75dfd65d343c6c5d6dfbfb4bb933368a9ba88cea,sell,0xced4e93198734ddaff8492d525bd258d49eb388e,0x0a7bc9af9948e9e5d20823d71acc6e3021bc7ebdc2b089064b530f993c3c27aa
355,180,1.44,0x2951c68ff60150aade35d01936d2086166b017d0,2017-10-20T23:14:52.000Z,0.008,0x75dfd65d343c6c5d6dfbfb4bb933368a9ba88cea,sell,0xced4e93198734ddaff8492d525bd258d49eb388e,0xaf924abd6526dc70a59769dde62e4b465f0afdecc7464c1e51668612f58d0abf
356,200,1.6,0x632d7de0037bca4cdb13a4189473b7489e051dee,2017-10-20T23:13:08.000Z,0.008,0x75dfd65d343c6c5d6dfbfb4bb933368a9ba88cea,sell,0xced4e93198734ddaff8492d525bd258d49eb388e,0xfb92c78650255604715e7bbc5dcec71ff00e9d3d533d758efab67909208e900b
357,30,0.243,0x10b8db32e730c4b73495c139ea0b123eb42f3e21,2017-10-20T23:12:17.000Z,0.0081,0x75dfd65d343c6c5d6dfbfb4bb933368a9ba88cea,sell,0xced4e93198734ddaff8492d525bd258d49eb388e,0x985f030800f23bfa489ae99cb0d9b47e6d0352e8cee844c03e8f0f5034c9e215
358,100,0.81,0x2d1204d83b9182c5755ad06c1c24767786527928,2017-10-20T23:11:18.000Z,0.0081,0x75dfd65d343c6c5d6dfbfb4bb933368a9ba88cea,sell,0xced4e93198734ddaff8492d525bd258d49eb388e,0x63031dfe832490692156c686a4ea3aeb26861427b7afc4beed735a6d77af65d8
359,200,1.64,0x632d7de0037bca4cdb13a4189473b7489e051dee,2017-10-20T23:10:35.000Z,0.0082,0x75dfd65d343c6c5d6dfbfb4bb933368a9ba88cea,sell,0xced4e93198734ddaff8492d525bd258d49eb388e,0x6a982002f1f4731e10f582bd15ba76a72f386a2e53f216b602876a2ee16c7dd7
360,100,0.820000001,0x6f386979f14b4d841cb77bfddd3afba6f0c6b6a1,2017-10-20T23:09:34.000Z,0.00820000001,0x75dfd65d343c6c5d6dfbfb4bb933368a9ba88cea,sell,0xced4e93198734ddaff8492d525bd258d49eb388e,0x67ce7ea875925c3698b06c3254597a3e2b256d82784666466ab1635601afad27
361,140,1.1480014,0xad5b3fbc469313e21efe4117627a658424091b0a,2017-10-20T23:08:14.000Z,0.00820001,0x75dfd65d343c6c5d6dfbfb4bb933368a9ba88cea,sell,0xced4e93198734ddaff8492d525bd258d49eb388e,0xbc26d94aae019bb0266ee9f1977e65868ab8f91788655a165fccda9b75312f4d
362,0.12,0.001032,0x0074ca1979889653aaefd4b112b93b029e682288,2017-10-20T23:07:11.000Z,0.0086,0x75dfd65d343c6c5d6dfbfb4bb933368a9ba88cea,sell,0xced4e93198734ddaff8492d525bd258d49eb388e,0xb3d5b69e0a36512ea5c26c3b5cbf8c54086c84b6336eac205fc3618497abe00f
363,207.9557304975647,1.7468281361795435,0x836ece8e25bee80453e4ea1543ff1b61cbb1edf9,2017-10-20T23:06:32.000Z,0.0084,0x1c7da27578813ead215506389fb5eb3f38b43877,buy,0xced4e93198734ddaff8492d525bd258d49eb388e,0xc7307d8fa5155500e02a7f4af9d6cae0f9349537f65b9a025c3bfd3ed820a349
364,0.04426950243530762,0.000371863820456584,0xc49e3a78d45049aa01c7292509635dddfcfe4b6f,2017-10-20T22:57:54.000Z,0.0084,0x1c7da27578813ead215506389fb5eb3f38b43877,buy,0xced4e93198734ddaff8492d525bd258d49eb388e,0x5be6d09955a5fb6e779248f86d5de3f601c2b50635e6b570a6d8e31f79d0e732
365,192,1.6128,0xf9cec3f005f86db7813c4d6b8f18c1e0862c9e36,2017-10-20T22:55:42.000Z,0.0084,0x1c7da27578813ead215506389fb5eb3f38b43877,buy,0xced4e93198734ddaff8492d525bd258d49eb388e,0x8611bb0a985e954ef42d80670e057c8c2c6eb08aa85d9cee001372fdb52c1a5e
366,3,0.0255,0x94b0bf6dd676f7b4884557735945b927535fd822,2017-10-20T22:49:45.000Z,0.0085,0xb2a1b3ca33550d247451a626f27117c333655cc9,buy,0xced4e93198734ddaff8492d525bd258d49eb388e,0xb1872a8d9a91f5d0e7424b0b788eab2acc16c6de84810cb4d979b4224c7271ef
367,200,1.68,0x632d7de0037bca4cdb13a4189473b7489e051dee,2017-10-20T22:43:30.000Z,0.0084,0x1c7da27578813ead215506389fb5eb3f38b43877,sell,0xced4e93198734ddaff8492d525bd258d49eb388e,0x0f27dce6d7362284f87a79014127dcec4cedbb6fc753ee1cbf9244fc14ee745d
368,1000,8.5,0x632d7de0037bca4cdb13a4189473b7489e051dee,2017-10-20T22:40:16.000Z,0.0085,0xb2a1b3ca33550d247451a626f27117c333655cc9,buy,0xced4e93198734ddaff8492d525bd258d49eb388e,0x2d6711d7685d2f0f62dcedb7acfb546b1bcaa27fd4e201714738ca45cf020093
369,39.88,0.342968,0x0074ca1979889653aaefd4b112b93b029e682288,2017-10-20T22:28:27.000Z,0.0086,0x273a5d3e6721b9f5c1a6474f560c1334c63dda01,sell,0xced4e93198734ddaff8492d525bd258d49eb388e,0xc28e0afff419b1ac75f4873e19101b72b5cd64238e2f57e6fa44397aa8e33968
370,40,0.34,0x273a5d3e6721b9f5c1a6474f560c1334c63dda01,2017-10-20T22:28:27.000Z,0.0085,0xb2a1b3ca33550d247451a626f27117c333655cc9,buy,0xced4e93198734ddaff8492d525bd258d49eb388e,0xc28e0afff419b1ac75f4873e19101b72b5cd64238e2f57e6fa44397aa8e33968
371,30,0.2493,0xc8fbdc17dad9818d9369016d8a56d294463a78a4,2017-10-20T22:26:03.000Z,0.00831,0xb2a1b3ca33550d247451a626f27117c333655cc9,sell,0xced4e93198734ddaff8492d525bd258d49eb388e,0x86bfa8dc68a297ee9f43b1ee6e945ab6391af9c0f106a8135f9c174c655ec5a7
372,36,0.306,0xdea025c3f2bc0f876f3649568e7c93d9396e6958,2017-10-20T22:26:03.000Z,0.0085,0xb2a1b3ca33550d247451a626f27117c333655cc9,sell,0xced4e93198734ddaff8492d525bd258d49eb388e,0x850077705bad41173462b277203b705ed3e8bb8867b20a54fa4e79d088542cb4
373,9.470342853250747,0.08987355367734959,0x4ee62b98e555a2fc8fb898864b8f428f25cda067,2017-10-20T22:20:34.000Z,0.00949,0x004cbaba62d881a334c3697af80851ec3d59077b,buy,0xced4e93198734ddaff8492d525bd258d49eb388e,0xf742b7f9a5bfa97027eac8a1fe4e907c786fe3a21ae52256d8660e92c667288e
374,14,0.129563,0xdea025c3f2bc0f876f3649568e7c93d9396e6958,2017-10-20T22:09:19.000Z,0.0092545,0xe1354d439daf03506812378d0e231414ebf7350e,buy,0xced4e93198734ddaff8492d525bd258d49eb388e,0xad6c2b09bc511dc0412460ab85f881c30d55b0bdffeba8c5fd1d1207317a4e65
375,61.5,0.58424385,0x1da251119e3a70bcb4aed858bd2acccff2155077,2017-10-20T21:53:40.000Z,0.0094999,0xeed7479945c74f45c8a2586bfbea53ed4883a6c8,sell,0xced4e93198734ddaff8492d525bd258d49eb388e,0x63206c3f13852deda857226a9ea0eb80ce6f74cb6289f518c7b699d38baaeb73
376,39,0.3315,0x2a862b06500d8e0410fe7a2611eaeb6b3e3276fa,2017-10-20T21:46:35.000Z,0.0085,0xbd8f695e5214f3eda8fa07182fc2456ee3e525c4,sell,0xced4e93198734ddaff8492d525bd258d49eb388e,0xbfa34fea57c7a700a2ed7ae40f21dc9eaafc7a4115bc4eb17b20d6c15eca6f9e
377,14,0.12138,0xe1354d439daf03506812378d0e231414ebf7350e,2017-10-20T21:46:21.000Z,0.00867,0xbd8f695e5214f3eda8fa07182fc2456ee3e525c4,sell,0xced4e93198734ddaff8492d525bd258d49eb388e,0xa2e1b91f0e66073f76c7a97b2904bcc58c381f88dd000ca2dbc4efd107b31191
378,700,6.09,0x1c33fd61d18daf9da80ceef92fd40ffeb31b9c2b,2017-10-20T21:17:07.000Z,0.0087,0x09188d1d21c6a57aa4fd405e5fb193638092ad0b,sell,0xced4e93198734ddaff8492d525bd258d49eb388e,0x1f8bed5cad7b55dbc22d1bd0e013b1cb143fcd87dc3a32429e543e57bf7f9cab
379,100,0.9,0x23bb98789d5d21e6efaef8e6937bfd498f31dc63,2017-10-20T21:16:05.000Z,0.009,0x09188d1d21c6a57aa4fd405e5fb193638092ad0b,sell,0xced4e93198734ddaff8492d525bd258d49eb388e,0xc72fd8fc31f832ba825d073a27d5d4b0a77f6fe5367ed6837d0753dd47824290
380,0.1,0.0009748,0xaec7fad17c8adb73e36f3d1ec7d3f56a65413549,2017-10-20T21:05:11.000Z,0.009748,0xbd8f695e5214f3eda8fa07182fc2456ee3e525c4,buy,0xced4e93198734ddaff8492d525bd258d49eb388e,0x47d10c45b57a407401b19183729a578b2cfb5e757f04f2b270eb9461bb710854
381,130,1.235,0xcf0af604434c8b514a339196254d7c9e8936b6c8,2017-10-20T20:23:50.000Z,0.0095,0xbd8f695e5214f3eda8fa07182fc2456ee3e525c4,sell,0xced4e93198734ddaff8492d525bd258d49eb388e,0xd559a7ff435ca806f4d21f8c501025719c285c9739e55f5f223131c21b2a3c2b
382,19.00895169163375,0.17108056522470375,0x59e486aeafd43c3563f4179ca6e19f5e306d4938,2017-10-20T20:02:12.000Z,0.009,0xc8f22b5eb3e1b8c7e7ba0cc4360518f323e66075,sell,0xced4e93198734ddaff8492d525bd258d49eb388e,0xef66736ae0cf51e15a387d1da757e4c65e1404cd26f252ab3b9801986ec854e7
383,61.89264702254195,0.6127372055231654,0x56e026625dc88369d0d7ca6d6f8dd7ca0c9bcf56,2017-10-20T20:02:12.000Z,0.0099,0x81f7d0d7f9723ce75161bc44bcf5f65823b11267,buy,0xced4e93198734ddaff8492d525bd258d49eb388e,0x09f7a483b6f52f17c4f15224960e1fce1c8a56036a0b36e0c4b3679310d5f078
