,amount,amountBase,buyer,date,price,seller,side,tokenAddr,txHash
0,54000,3.0267,0x009a12d4290630bc01fd82516ac57c1dc6a9bcfb,2017-11-02T13:03:40.000Z,0.00005605,0x9f268b41c09300ac8ad1335c35c6fd95b6e41171,sell,0x0766e79a6fd74469733e8330b3b461c0320ff059,0x5aed543f21f9be5d7a41800884e31a6fa827a91b22544a5ee15bd04fd0496996
1,9000,0.504666,0xca8fb605770b7cb6bd60ce3b4932720b87f6a8f5,2017-11-02T11:55:09.000Z,0.000056074,0x3c4e6a67e36bb05c4487d2c9e5defa771650d402,sell,0x0766e79a6fd74469733e8330b3b461c0320ff059,0xfb42187e5e43654ae86c1c5eb296b9343cf36437081685228732bfad6f11727a
2,6.8493150684931505,0.0005,0x4fda9e6bcd83af6c5cc771b5d20accc2b7720074,2017-11-02T10:52:51.000Z,0.000073,0x7fdfd49462880a6437b7c3d1c1f6804f18232e8d,buy,0x0766e79a6fd74469733e8330b3b461c0320ff059,0x9455f1875cf2f94dded4c0e17fec6d9ad7e00f9b20d422231c0844a644aea3c0
3,6.666666666666667,0.0005,0x3075f7f189912f4f425dd7021b9c396434197477,2017-11-02T10:30:55.000Z,0.000075,0x3c4e6a67e36bb05c4487d2c9e5defa771650d402,buy,0x0766e79a6fd74469733e8330b3b461c0320ff059,0x549a18dff5013a5da86ea9211436c3fd7134ddd11c2eff5c9cbe35c885069812
4,5092,0.3712068,0x85adfb37f112765e439cc57f69aaaeed6ce9cf7f,2017-11-02T04:55:07.000Z,0.0000729,0xb38bc467ab6d5ff0dd261828682eaa169feacb80,buy,0x0766e79a6fd74469733e8330b3b461c0320ff059,0x242e80ba5aeec0648b1ec55b487a37b17c146994a31f33db61556c6817813f09
5,300,0.02085,0x85adfb37f112765e439cc57f69aaaeed6ce9cf7f,2017-11-02T04:54:44.000Z,0.0000695,0xefaff3c81a10e700fb992cbed55e83e242477f45,buy,0x0766e79a6fd74469733e8330b3b461c0320ff059,0xbb609bbe6227209dd8e0085e207c707a3e586e598f29a16e5f96b096fa7349b4
6,897.21862227096,0.044893230983949754,0xca8fb605770b7cb6bd60ce3b4932720b87f6a8f5,2017-11-01T15:51:16.000Z,0.00005003599999999999,0x602053cdad316bf80958bd9bb7edc506f58bc845,sell,0x0766e79a6fd74469733e8330b3b461c0320ff059,0xdd7ceeb03ac23028fbce1b05a0bd61812d9b07413e5a6b84e7fcd4a09d81e25d
7,1,0.00005003,0x3dee4a4e076e8d82859d241db0baf46f112cfa23,2017-11-01T12:56:19.000Z,0.00005003,0xbc358afbf97dc54a06eb6767d0f4b06744c6a05d,sell,0x0766e79a6fd74469733e8330b3b461c0320ff059,0x69dc04fe7fdbcb71fec47271264b8451e8f0816f46b856ecc524797ce80ccfd8
8,3079.9772662615765,0.15402966308574143,0x3dee4a4e076e8d82859d241db0baf46f112cfa23,2017-11-01T09:32:21.000Z,0.00005000999999999999,0xad6311e899ca6b6e8f3a475a34a570a8706790b4,sell,0x0766e79a6fd74469733e8330b3b461c0320ff059,0xc8421eb5d462c40cd59b2b342e2a18196b4fe43a33cd97c32f4170b29d4af8f5
9,99.69095803010667,0.004847971289004087,0xd6eeb6f0d173243d0a377915de330d0cb52ee924,2017-11-01T01:42:17.000Z,0.00004862999999999999,0x11fb6aef2b0e35edd2d5d6169dccad5f50261b08,sell,0x0766e79a6fd74469733e8330b3b461c0320ff059,0x973968151574ce360691e6ae8bc690436e8bcfd9f7b8d83c6fb0275a8537f5aa
10,12700,0.7874,0x76f36aeb934ac5f1e9861c618ccaa6a6e91959ef,2017-10-31T23:49:10.000Z,0.000062,0x4aab1459502c7787d2e2967c48aebdfb3a0d88c7,sell,0x0766e79a6fd74469733e8330b3b461c0320ff059,0xe2bbc8405697adcf9e84e5d5885aecda223492a8b0d0ee873ecb92f4e57d76ed
11,0.099,0.0000048114,0xd6eeb6f0d173243d0a377915de330d0cb52ee924,2017-10-31T15:29:46.000Z,0.0000486,0xfad75b12bb8ae1746d87f16ffcffe45426368775,sell,0x0766e79a6fd74469733e8330b3b461c0320ff059,0x47251888844373a1cd73d5f41b3f64f2863f59769b983586cbd8ce32e681866f
12,993.8287112960489,0.048200692497858376,0x009a12d4290630bc01fd82516ac57c1dc6a9bcfb,2017-10-31T09:22:19.000Z,0.00004849999999999999,0xfad75b12bb8ae1746d87f16ffcffe45426368775,sell,0x0766e79a6fd74469733e8330b3b461c0320ff059,0x08c8cbc8ff659e480e99aced729f42807238d6d205bab5a10cdbc2d4b2fcc827
13,0.42162664204743006,0.00002036456681089,0xd6eeb6f0d173243d0a377915de330d0cb52ee924,2017-10-31T04:43:50.000Z,0.00004829999999999793,0x508e4a96dab9bd044d0bb654d623c4ef663dfc35,sell,0x0766e79a6fd74469733e8330b3b461c0320ff059,0xe502b6c08c30bcd62aeddd1fe2b8793c9f081b37d5612988cd9d081a25c28cb9
14,299.07287409032,0.014445219818562456,0xd6eeb6f0d173243d0a377915de330d0cb52ee924,2017-10-31T02:49:28.000Z,0.00004829999999999999,0x397d1df72547f92738bffb3579f067d22e254e1b,sell,0x0766e79a6fd74469733e8330b3b461c0320ff059,0xf4583aa2f56331b2e63c313b69b7917d4a4f283e022f8f3ba02e2eee2bf8ab21
15,0.001,0.00000007,0x0c4085d8e714ca77ac5f46cd2b80a92d238a7cd3,2017-10-31T00:57:02.000Z,0.00007,0x18493651073519e2d31f61d75bcb8bf1f5487558,buy,0x0766e79a6fd74469733e8330b3b461c0320ff059,0x921ca04d0b4397edff2fb09bb9f7eb455b5bbd0e68a83f5828f7d09c3df4e0b3
16,996.9095803010667,0.04735420197388097,0xfad75b12bb8ae1746d87f16ffcffe45426368775,2017-10-30T16:17:11.000Z,0.00004750099999999999,0xaa9b76fe4428ed447b2ae6dcdade4e487ec42261,sell,0x0766e79a6fd74469733e8330b3b461c0320ff059,0x6e656af5ef68135f18b085653f0acf9004075d3844acfea16d1e58b10801c6c0
17,12000,1.148388,0xb99f72a8b0d3a5025ab8b2ca534973497af42899,2017-10-30T16:11:48.000Z,0.000095699,0xb99f72a8b0d3a5025ab8b2ca534973497af42899,buy,0x0766e79a6fd74469733e8330b3b461c0320ff059,0xd3f690de21a53f6b04a99c30d3add298b1cdafa26db1f8c0cd4886882d9dc9e0
18,1000,0.095,0xb99f72a8b0d3a5025ab8b2ca534973497af42899,2017-10-30T16:07:02.000Z,0.000095,0xb99f72a8b0d3a5025ab8b2ca534973497af42899,buy,0x0766e79a6fd74469733e8330b3b461c0320ff059,0x509a6c78aaaa8cc0eb255c3bf9f7e737e2c27697a8e0fcde033c784225bbee76
19,1200,0.114,0xb99f72a8b0d3a5025ab8b2ca534973497af42899,2017-10-30T16:07:02.000Z,0.000095,0xb99f72a8b0d3a5025ab8b2ca534973497af42899,buy,0x0766e79a6fd74469733e8330b3b461c0320ff059,0x07c2bf6718beaa18eec698742719643aa00c9b455945ac490fd61e77b41c1158
20,1196.4,0.056829,0x009a12d4290630bc01fd82516ac57c1dc6a9bcfb,2017-10-30T16:05:35.000Z,0.0000475,0x273a5d3e6721b9f5c1a6474f560c1334c63dda01,sell,0x0766e79a6fd74469733e8330b3b461c0320ff059,0x71965de9fc72a9df1b4225d4265af79f560e8c9e97273610e59b45bf2770fef6
21,1200,0.054,0x273a5d3e6721b9f5c1a6474f560c1334c63dda01,2017-10-30T16:05:35.000Z,0.000045,0xb99f72a8b0d3a5025ab8b2ca534973497af42899,buy,0x0766e79a6fd74469733e8330b3b461c0320ff059,0x71965de9fc72a9df1b4225d4265af79f560e8c9e97273610e59b45bf2770fef6
22,99.69095803010667,0.004488086930515402,0xa8f1dcb0f3a8fb2dae6f5af62aa30d40f8fb95a0,2017-10-30T11:34:55.000Z,0.00004501999999999999,0x918722a677d5fe9ccc6389a674989c95b9000061,sell,0x0766e79a6fd74469733e8330b3b461c0320ff059,0x59ac74bf0f573ebe2c0e45cdbe826be9177d03d897dad17fcf9dceec09b11289
23,16545,1.2372351,0xd8d7a946ea757763b2225fe33c679d1caadfbd35,2017-10-30T11:07:17.000Z,0.00007478,0x7a10005d17e1b9123b4e738bbb33200ae7c490ba,buy,0x0766e79a6fd74469733e8330b3b461c0320ff059,0x89e86a8e6464e07e2088455efc119b0778909a5ac35703b4bc82f186cf0cd070
24,10000,0.74,0xd8d7a946ea757763b2225fe33c679d1caadfbd35,2017-10-30T11:06:57.000Z,0.000074,0xfa5698cb38f398f1553d768ee96f9a2d8f47060a,buy,0x0766e79a6fd74469733e8330b3b461c0320ff059,0xe936e86ec3e90a34ff0f1258a5b943e40a24b647894237a9f434431935c2ce80
25,34999,1.714951,0xd8d7a946ea757763b2225fe33c679d1caadfbd35,2017-10-30T11:06:13.000Z,0.000049,0x996b370da3965f526cdb78cd85020a3069ca33c5,buy,0x0766e79a6fd74469733e8330b3b461c0320ff059,0xf7add86f1f997681e5a596435c17905abca4025561796bdded1d1aa3ce8ca990
26,3406.677,0.2514127626,0xd8d7a946ea757763b2225fe33c679d1caadfbd35,2017-10-30T11:05:54.000Z,0.0000738,0xe1e1d0d73eeb29d0632bc4c7871bfc74dbed0741,buy,0x0766e79a6fd74469733e8330b3b461c0320ff059,0x12a9c3cd97c47b8f0b1cbabaa132a02feddb013230b9ef56efd7fe441105fe42
27,20000,1.4762,0xd8d7a946ea757763b2225fe33c679d1caadfbd35,2017-10-30T11:05:40.000Z,0.00007381,0xfa5698cb38f398f1553d768ee96f9a2d8f47060a,buy,0x0766e79a6fd74469733e8330b3b461c0320ff059,0x25e13f06f4082a25312bc97842f4853730bd0660ca04f8d583073469323ee266
28,25000,1.8450225,0xd8d7a946ea757763b2225fe33c679d1caadfbd35,2017-10-30T11:05:26.000Z,0.0000738009,0xfa5698cb38f398f1553d768ee96f9a2d8f47060a,buy,0x0766e79a6fd74469733e8330b3b461c0320ff059,0x17bbc72f2109a6b5f061a31b4d5ae76d3d3f99435f0d026c463539966af6a9fa
29,20,0.001,0xbc358afbf97dc54a06eb6767d0f4b06744c6a05d,2017-10-30T09:18:13.000Z,0.00005,0xa8a77e1975d47fb309ee139dba813ac887b1f1b5,buy,0x0766e79a6fd74469733e8330b3b461c0320ff059,0x7ae1ebc972ba33659f05d41082ab53a2ce177f8ae0826b456c8c20a80170cc8e
30,967.3774438998432,0.044499362419392785,0xe1e1d0d73eeb29d0632bc4c7871bfc74dbed0741,2017-10-30T07:50:54.000Z,0.00004599999999999999,0x45bb90d2188da25d0def69d0314ef8d44b6e9fbf,sell,0x0766e79a6fd74469733e8330b3b461c0320ff059,0x7fb48de077928a2971f768d0e8ed18d7bd85c2cb2a750a496d9c3cc98cd4d6c6
31,1659.9595188490046,0.08299797594245023,0x3d58d41156ff5ef7b0ac5a0c546cdccadc9c7116,2017-10-30T07:48:24.000Z,0.00005,0x45bb90d2188da25d0def69d0314ef8d44b6e9fbf,sell,0x0766e79a6fd74469733e8330b3b461c0320ff059,0x97e9a77efce03c39dd52ca7b98ba92304c2510e4a50bb68edb6b1c47446cb488
32,356.0287942411518,0.017804999999999998,0x1c3a01e084d960f41d4dda56023d0100c54edd19,2017-10-30T07:47:58.000Z,0.00005000999999999999,0x45bb90d2188da25d0def69d0314ef8d44b6e9fbf,sell,0x0766e79a6fd74469733e8330b3b461c0320ff059,0xbae9c77d24e167d9b58c91569fc0ae57061a5f37bbd33b57ebb0ba39c88b87f2
33,900,0.0369,0x273a5d3e6721b9f5c1a6474f560c1334c63dda01,2017-10-29T23:57:01.000Z,0.000041,0xf426138c983fa2dccef816ffbc15f1d287105a22,buy,0x0766e79a6fd74469733e8330b3b461c0320ff059,0xbb53edc104f8b22c9805c33ef7f2daf98ad52d59ba00d16731f65ad3d201bbf5
34,897.3,0.044865,0x3d58d41156ff5ef7b0ac5a0c546cdccadc9c7116,2017-10-29T23:57:01.000Z,0.00005,0x273a5d3e6721b9f5c1a6474f560c1334c63dda01,sell,0x0766e79a6fd74469733e8330b3b461c0320ff059,0xbb53edc104f8b22c9805c33ef7f2daf98ad52d59ba00d16731f65ad3d201bbf5
35,2439.3,0.1146495393,0xe1e1d0d73eeb29d0632bc4c7871bfc74dbed0741,2017-10-29T22:34:54.000Z,0.000047001,0x45bb90d2188da25d0def69d0314ef8d44b6e9fbf,sell,0x0766e79a6fd74469733e8330b3b461c0320ff059,0x2264456bc322525d53e4e7ea983a4d1f891769a8c5ac6279005644c64d088f9e
36,1000,0.0484,0xc12787b02b996c0c23de426b60c4dd59548a5f86,2017-10-29T22:23:19.000Z,0.0000484,0x4aab1459502c7787d2e2967c48aebdfb3a0d88c7,sell,0x0766e79a6fd74469733e8330b3b461c0320ff059,0x703aa42465f96589af36f1cea6c506f86b7c38bc2cfc0426cad528dd5c5faa89
37,89,0.00445,0xbc358afbf97dc54a06eb6767d0f4b06744c6a05d,2017-10-29T21:30:53.000Z,0.00005,0x55258a9bdcc09005a68042c62c991e14b4fe6378,buy,0x0766e79a6fd74469733e8330b3b461c0320ff059,0xbe7ccdbfb052ba97ec788979f0a1514f4e85799a2394c94448291203ac505d9b
38,1,0.000000108,0x78b0e4933f5b7d90102367e28efcde256998411e,2017-10-29T17:26:09.000Z,0.000000108,0xbc358afbf97dc54a06eb6767d0f4b06744c6a05d,sell,0x0766e79a6fd74469733e8330b3b461c0320ff059,0xc7c18ca55aaf27f668847e5fa0df01688fe887c349915f708ab44804b723c2aa
39,1,0.000000104,0x78b0e4933f5b7d90102367e28efcde256998411e,2017-10-29T17:25:45.000Z,0.000000104,0xbc358afbf97dc54a06eb6767d0f4b06744c6a05d,sell,0x0766e79a6fd74469733e8330b3b461c0320ff059,0x5c3a3207a88fc32175b631d8c72757bacb8575fa7219aadffa5800a101fbfdc3
40,1,0.000099,0xbc358afbf97dc54a06eb6767d0f4b06744c6a05d,2017-10-29T17:23:20.000Z,0.000099,0x996b370da3965f526cdb78cd85020a3069ca33c5,buy,0x0766e79a6fd74469733e8330b3b461c0320ff059,0x8df4b2ac564c1c033b56a5f001d9ac2dbd4cf6563363159071edb0a1d10f11ad
41,1,0.00007399,0xbc358afbf97dc54a06eb6767d0f4b06744c6a05d,2017-10-29T17:22:05.000Z,0.00007399,0x9d757026c1d4c838f39c8e6ededd9e190e3d1458,buy,0x0766e79a6fd74469733e8330b3b461c0320ff059,0x32e7b4019681b8d0062c7ab3e09bcfc4d947f8c4e1e7163b87dcfd34b6647945
42,100,0.0074,0x035392de57aa4fe343d86494103dbe1b068a56c6,2017-10-29T11:46:58.000Z,0.000074,0x18493651073519e2d31f61d75bcb8bf1f5487558,buy,0x0766e79a6fd74469733e8330b3b461c0320ff059,0x0649875c9ff663a53ff6e80551484e77585886acb05ad89c1fea8e2bf0ee4dd0
43,2691.65586681288,0.12650782574020536,0xfa5698cb38f398f1553d768ee96f9a2d8f47060a,2017-10-28T23:56:45.000Z,0.00004699999999999999,0x58476aca54106d6dd1b083f63b274260022ad435,sell,0x0766e79a6fd74469733e8330b3b461c0320ff059,0x63e7f00c2151baae67537fb3897c93ec737c47beffb0fd0f56f2e46435454fe1
44,0.019876574225920977,0.000000934198988618,0xfa5698cb38f398f1553d768ee96f9a2d8f47060a,2017-10-28T21:41:36.000Z,0.00004699999999998561,0x50be0c6e4a79a2bfb576c8bb67c41071671fc782,sell,0x0766e79a6fd74469733e8330b3b461c0320ff059,0xdbf639a653868f29bbe7e28c3c8acf4849ed58b8cb8775303d4ebc09e6c2b112
45,199.38191606021334,0.009370950054830025,0xfa5698cb38f398f1553d768ee96f9a2d8f47060a,2017-10-28T21:20:41.000Z,0.00004699999999999999,0x50be0c6e4a79a2bfb576c8bb67c41071671fc782,sell,0x0766e79a6fd74469733e8330b3b461c0320ff059,0xc42a777046fdd9d029be62d443dfd2fee4c2dfd3136c40024ea4358b69bd0c8c
46,6.684491978609626,0.0005,0x34f9560c63078eb61872a4dc2ccd20e21c34feaf,2017-10-28T20:33:04.000Z,0.0000748,0x0a1f14c312fb0163161306bc1cd4d89de00ad045,buy,0x0766e79a6fd74469733e8330b3b461c0320ff059,0x3e730ca5308c754b42a60616a85d2fe5561fb6db415282cbff03f4513063c419
47,6.684491978609626,0.0005,0xe444a40689f51f63bcd29910622035707d533d29,2017-10-28T20:27:53.000Z,0.0000748,0x0a1f14c312fb0163161306bc1cd4d89de00ad045,buy,0x0766e79a6fd74469733e8330b3b461c0320ff059,0x617cf7c515bfaf1f07a14ff50f014c1c2a4cf2832b5bcda7ae1983d605522fa9
48,200,0.0149994,0xf938718f57c1677233e0bd6e54c4c26841985f66,2017-10-28T16:33:00.000Z,0.000074997,0x9d757026c1d4c838f39c8e6ededd9e190e3d1458,buy,0x0766e79a6fd74469733e8330b3b461c0320ff059,0x27c528771509b006c6ded26b6957f715f43578ddf5701c66bf8ea49226b2a14c
49,67053.3771083178,3.092501752235617,0xfa5698cb38f398f1553d768ee96f9a2d8f47060a,2017-10-28T10:05:28.000Z,0.00004611999999999999,0x4d41ec9ddc83bdbead278781f9b8c57fd2028dbf,sell,0x0766e79a6fd74469733e8330b3b461c0320ff059,0xdf9a7d29bc5bea3ec93efa2554d585981a8720234d10c933e06687f77b54cde5
50,50,0.00374995,0xd8d06134e33e921cd7a7487a3e38cdbe82564f9c,2017-10-28T09:20:03.000Z,0.000074999,0x4f434cfdf3ffe37a75e7f56f9cb346b71a5db49d,buy,0x0766e79a6fd74469733e8330b3b461c0320ff059,0xb068f719c533f63e5ce06c97355fb0aa720c7ec9daa3ceefde0c52a876dc4c58
51,52,0.0052,0xd8d06134e33e921cd7a7487a3e38cdbe82564f9c,2017-10-28T09:18:39.000Z,0.0001,0xb425020c938069298f5fbd4ac89ee7d936627b14,buy,0x0766e79a6fd74469733e8330b3b461c0320ff059,0xd1d1fdb37257da246883424b7724d84a97f96e6eb652ac1dccd8d2e1d988d655
52,500,0.037,0xd8d06134e33e921cd7a7487a3e38cdbe82564f9c,2017-10-28T09:17:17.000Z,0.000074,0x0e2412a03ac1695d5d18df3d95c941490be63e24,buy,0x0766e79a6fd74469733e8330b3b461c0320ff059,0xd86d1b27bd5da1657f098f8187d299f312940ec55e6bfec4d18bd33a8aa762f5
53,1500,0.0691515,0x0ce4b16411b408bc9f06d456175db3cc79b25299,2017-10-28T04:00:47.000Z,0.000046101,0xcd5f9cb4b922ce39d6787d4b3319df8404eb68af,buy,0x0766e79a6fd74469733e8330b3b461c0320ff059,0x1e6068a8003d9c5efb84ce370ca9431fe5dcfdb955d01204c7fbc12e544793ce
54,1000,0.046101,0x0ce4b16411b408bc9f06d456175db3cc79b25299,2017-10-28T04:00:25.000Z,0.000046101,0xcd5f9cb4b922ce39d6787d4b3319df8404eb68af,buy,0x0766e79a6fd74469733e8330b3b461c0320ff059,0x3e80334d12110c5bba3cf7774d3775334ccbfb276c6c68d54d5bd4376e033962
55,500,0.03,0x1c3a01e084d960f41d4dda56023d0100c54edd19,2017-10-27T20:52:14.000Z,0.00006,0xc59229053c257855316c4dc7b8de669f1302bb4f,buy,0x0766e79a6fd74469733e8330b3b461c0320ff059,0x2be5e5a17d996ad76fdbc77e6094ef46c40ae93372e1d225b1bcf0efc5cc6554
56,299.07287409032,0.013787289402851162,0x0ce4b16411b408bc9f06d456175db3cc79b25299,2017-10-27T18:28:41.000Z,0.00004610009999999999,0x477f82d980886f99af92077bd7e7b9fef216343b,sell,0x0766e79a6fd74469733e8330b3b461c0320ff059,0xff865303084b53a70bcd01799e42bc8e35991fc732ac6cd343c92fa0a40618d7
57,99.69095803010667,0.004984547901505333,0x0ce4b16411b408bc9f06d456175db3cc79b25299,2017-10-27T17:23:23.000Z,0.00004999999999999999,0x2d7ce9c64f9be51cc9075a39970a4feb8751e9d6,sell,0x0766e79a6fd74469733e8330b3b461c0320ff059,0x896c50f421e26312242476c901b3a8493fc689c307637f78cd6522780665cffb
58,3089.5251957869873,0.13902863381041441,0xad6311e899ca6b6e8f3a475a34a570a8706790b4,2017-10-27T15:24:06.000Z,0.00004499999999999999,0x748cd8a3471718073855345c33f62a38d3d703b7,sell,0x0766e79a6fd74469733e8330b3b461c0320ff059,0x6c8c336bb5e48ef82d734a636c3d476974536f4f6f11fd9763243cc6cc7a2f46
59,4000,0.184,0x5ee606313a1460c264b74b4a0f24b656c98bcb86,2017-10-27T15:21:45.000Z,0.000046,0x748cd8a3471718073855345c33f62a38d3d703b7,sell,0x0766e79a6fd74469733e8330b3b461c0320ff059,0x72fbb807eebb090b4160d6fe07731356a74ae1227b5ab2b17a507a453d8cd910
60,20.29253527623576,0.001319055378025876,0x174709e4733e777280a1b8e36001d0cf28086457,2017-10-27T15:20:55.000Z,0.00006500199999999994,0x748cd8a3471718073855345c33f62a38d3d703b7,sell,0x0766e79a6fd74469733e8330b3b461c0320ff059,0x5f22adf29919bc953e18a5b7c4311cdd904ef698cd950692a54d43407930bd73
61,10000,0.46,0x3c4e6a67e36bb05c4487d2c9e5defa771650d402,2017-10-27T15:20:11.000Z,0.000046,0x748cd8a3471718073855345c33f62a38d3d703b7,sell,0x0766e79a6fd74469733e8330b3b461c0320ff059,0x7f24bfb41a1f3641abc8d58d57ea4922cee881ec61494257874d764e6218f707
62,100,0.0064,0x1c3a01e084d960f41d4dda56023d0100c54edd19,2017-10-27T15:20:11.000Z,0.000064,0x748cd8a3471718073855345c33f62a38d3d703b7,sell,0x0766e79a6fd74469733e8330b3b461c0320ff059,0xbb460ebffef11af712b71dd4cb7b55f7977ed118ef6d542f71c45d3063f4f063
63,500,0.033,0x1c3a01e084d960f41d4dda56023d0100c54edd19,2017-10-27T15:17:36.000Z,0.000066,0x748cd8a3471718073855345c33f62a38d3d703b7,sell,0x0766e79a6fd74469733e8330b3b461c0320ff059,0x71a2ffeab900c0282826e65cb6707792a6c69b9c6dab76df5b71ea7bb977a3f1
64,500,0.0335,0x1c3a01e084d960f41d4dda56023d0100c54edd19,2017-10-27T15:17:23.000Z,0.000067,0x748cd8a3471718073855345c33f62a38d3d703b7,sell,0x0766e79a6fd74469733e8330b3b461c0320ff059,0xa4edd12d26c893bfa472522f926ee7b0dc29f92161f7f9958d5d1ee4acc3b865
65,524.3957731033795,0.03513608998524574,0x9d757026c1d4c838f39c8e6ededd9e190e3d1458,2017-10-27T15:17:03.000Z,0.000067003,0x748cd8a3471718073855345c33f62a38d3d703b7,sell,0x0766e79a6fd74469733e8330b3b461c0320ff059,0xd952d603b229b4e05956c9b8ce6cc9eff7ec10e1065276cd2686692cfa9b5dca
66,500,0.0325,0x1c3a01e084d960f41d4dda56023d0100c54edd19,2017-10-27T15:16:40.000Z,0.000065,0x748cd8a3471718073855345c33f62a38d3d703b7,sell,0x0766e79a6fd74469733e8330b3b461c0320ff059,0x8330f232568e3d89fc298dafa272db6b9a24326c5206ba142b005c174fcd3b38
67,2250,0.14872725,0x85adfb37f112765e439cc57f69aaaeed6ce9cf7f,2017-10-27T15:15:26.000Z,0.000066101,0x748cd8a3471718073855345c33f62a38d3d703b7,sell,0x0766e79a6fd74469733e8330b3b461c0320ff059,0x8f5c2beb4f63e4f93a5557f33b77674fa81767e01b7b008a7bc52101e4e5d9ca
68,1810.9719868407935,0.11970524833017646,0x3c4e6a67e36bb05c4487d2c9e5defa771650d402,2017-10-27T15:15:26.000Z,0.0000661,0x748cd8a3471718073855345c33f62a38d3d703b7,sell,0x0766e79a6fd74469733e8330b3b461c0320ff059,0x55cfc46e1762979bf49bf5b6bef19dc693b1cf1b7efddaf61fff5eafbae31b6f
69,30000,1.5333,0x3dee4a4e076e8d82859d241db0baf46f112cfa23,2017-10-27T15:12:46.000Z,0.00005111,0x748cd8a3471718073855345c33f62a38d3d703b7,sell,0x0766e79a6fd74469733e8330b3b461c0320ff059,0x2c9e6cb24a1efeacac3dd305a2716beab60a75beb8042d185e4eb57779296d4e
70,199.60422689662047,0.013374082014754261,0x9d757026c1d4c838f39c8e6ededd9e190e3d1458,2017-10-27T12:20:38.000Z,0.000067003,0x1804206b5be10e6d88ee076f73c6e9b50097f236,sell,0x0766e79a6fd74469733e8330b3b461c0320ff059,0xe98546ad810465c615e7ca2bbc8c47528e22aa9c2255752248d51e72578d4d86
71,4000,0.304,0x3c4e6a67e36bb05c4487d2c9e5defa771650d402,2017-10-27T11:43:38.000Z,0.000076,0x9c83b4aa0117de72bd9942d46915f0591a7178ef,buy,0x0766e79a6fd74469733e8330b3b461c0320ff059,0x123be09e9aed5d1d38ac71dcff766a1030144aef8f1dc479bcac1275625e83e2
72,100,0.0067005,0x3c4e6a67e36bb05c4487d2c9e5defa771650d402,2017-10-27T11:42:28.000Z,0.000067005,0x55258a9bdcc09005a68042c62c991e14b4fe6378,buy,0x0766e79a6fd74469733e8330b3b461c0320ff059,0x4ded4e26253832e68cd763177224635744933c627c75f9014f0a6ff433d6bb49
73,29,0.001943087,0x9d757026c1d4c838f39c8e6ededd9e190e3d1458,2017-10-27T09:55:18.000Z,0.000067003,0x1804206b5be10e6d88ee076f73c6e9b50097f236,sell,0x0766e79a6fd74469733e8330b3b461c0320ff059,0xfaa99f7d8dc21ecdd7768e2016e29907bee987d7eda19f3a456ed5eff8e5f98f
74,2606.1158204606954,0.17462279054996888,0x85adfb37f112765e439cc57f69aaaeed6ce9cf7f,2017-10-27T09:40:29.000Z,0.00006700499999999999,0x74f355aeddfe000c50701d15594e37af63fddaa4,sell,0x0766e79a6fd74469733e8330b3b461c0320ff059,0x18cad3af191a8dbb7195f9c3a8a04dae89ee63f90cad62e8c7392a7242090a36
75,12501.253661661436,0.8126064905153166,0x3dee4a4e076e8d82859d241db0baf46f112cfa23,2017-10-27T09:24:42.000Z,0.00006500199999999999,0x4d41ec9ddc83bdbead278781f9b8c57fd2028dbf,sell,0x0766e79a6fd74469733e8330b3b461c0320ff059,0x786b467c1a684c18ba45c621f16af0e3565fb8aae99866b1fd159ea073f5c513
76,98.89863472821911,0.006626703019964321,0x85adfb37f112765e439cc57f69aaaeed6ce9cf7f,2017-10-27T08:41:24.000Z,0.00006700499999999999,0x1efc3cc337fde47cde326ba892c6caa71949f0ac,sell,0x0766e79a6fd74469733e8330b3b461c0320ff059,0x6c585cfcb67597952da7502146d2ebf133964750b0de3b856c1b87c6856c8cb7
77,1095.6036287508723,0.0734109211444522,0x85adfb37f112765e439cc57f69aaaeed6ce9cf7f,2017-10-27T08:39:40.000Z,0.00006700499999999999,0x68de453cf2db04a2c502d5e2b318becb3787ea13,sell,0x0766e79a6fd74469733e8330b3b461c0320ff059,0xb2672b8ade82fbdba8b52f13d778f80b3e28c11a97b1172c53b64ca07a1afcf9
78,199.38191606021334,0.013359585285614595,0x85adfb37f112765e439cc57f69aaaeed6ce9cf7f,2017-10-27T07:45:05.000Z,0.00006700499999999999,0xc5cddb471e18bb107d01108b0bc0ce0a322251ee,sell,0x0766e79a6fd74469733e8330b3b461c0320ff059,0x9bc1cf676fcc933cc4388fb4391d5a41a757d793c384823cc39b5c7f73f7475a
79,497.2852654004258,0.03331861006709393,0x9d757026c1d4c838f39c8e6ededd9e190e3d1458,2017-10-27T03:53:34.000Z,0.00006700099999999999,0x3dee4a4e076e8d82859d241db0baf46f112cfa23,sell,0x0766e79a6fd74469733e8330b3b461c0320ff059,0xd88473a436ba77e46a73579601137caae41c5d0137ede191c8edaf9af3276a7b
80,86.25465656464958,0.005779148244488086,0x9d757026c1d4c838f39c8e6ededd9e190e3d1458,2017-10-27T02:20:26.000Z,0.00006700099999999998,0xacdba881c4c9c0d14971d0ace35c7a7b97596976,sell,0x0766e79a6fd74469733e8330b3b461c0320ff059,0x42fe7f9d1086c0e359f5453e35e3f03c5a16fc0971fd65a728f92d95b23f259d
81,6189.028013159206,0.40909475166982356,0x3c4e6a67e36bb05c4487d2c9e5defa771650d402,2017-10-26T23:01:11.000Z,0.0000661,0xa6ce3e84c9e2ec1339424f136c3f099a4b2ead55,sell,0x0766e79a6fd74469733e8330b3b461c0320ff059,0xc2340bb7f053d8d1d1e1e32a83de5cf4c07d10b8c6856b529d7905250a62a82b
82,500,0.0345,0x1c3a01e084d960f41d4dda56023d0100c54edd19,2017-10-26T23:00:26.000Z,0.000069,0xa6ce3e84c9e2ec1339424f136c3f099a4b2ead55,sell,0x0766e79a6fd74469733e8330b3b461c0320ff059,0x44bb724b017661fe2edb2214792d9271aab1fa8a613e94cc3ef620a4b09acfaf
83,2.9907287409032,0.000200381816369255,0x9d757026c1d4c838f39c8e6ededd9e190e3d1458,2017-10-26T21:33:52.000Z,0.0000670009999999999,0xb4c432a9559a4f1464d2bff9fcbbdc14f1c39dec,sell,0x0766e79a6fd74469733e8330b3b461c0320ff059,0xdee1a5b28d4bbdd687c21e0461330d9fada45e9067c5af5034807224ccb138fe
84,3249,0.308655,0x15f91729d07df1cf46b9aae42dc09d034e41b5d1,2017-10-26T18:23:34.000Z,0.000095,0x3d8ea736aecb32b5c1465a9721a8f5a6287539d3,buy,0x0766e79a6fd74469733e8330b3b461c0320ff059,0x6f45b3a5314e3e1f302da88a4d2bc1e80d51d9a9d68761be6618a6ed5c40971e
85,2000,0.17,0xd5c72236ce19e1f55f37665d7aa76da0122148a8,2017-10-26T17:46:18.000Z,0.000085,0xa6348e6bf63493c2b43ed0030bdba8194e09f218,buy,0x0766e79a6fd74469733e8330b3b461c0320ff059,0xfa1bf6ec054517c52b1226056b6d24986771fa218f6f95c7176131b36e21cb26
86,2000,0.14,0x3c4e6a67e36bb05c4487d2c9e5defa771650d402,2017-10-26T16:53:30.000Z,0.00007,0xa6348e6bf63493c2b43ed0030bdba8194e09f218,buy,0x0766e79a6fd74469733e8330b3b461c0320ff059,0x62b3edca4e37b6599a348378493f7aa0e5c95b2dd8848921a56c7debf22c4b48
87,498.5,0.02991,0x65f2dddf638c7a7118b22d610c9aeba141f2467f,2017-10-26T15:39:49.000Z,0.00006,0x7e2342e6f5119a0e07a19a341e557977240c5950,buy,0x0766e79a6fd74469733e8330b3b461c0320ff059,0xeb3d70147d6e65ac3b324c6c2f5695281b8bc589538461678242984773dacc98
88,496.95942578008174,0.032303356594556874,0x174709e4733e777280a1b8e36001d0cf28086457,2017-10-26T15:39:49.000Z,0.00006500199999999999,0x65f2dddf638c7a7118b22d610c9aeba141f2467f,sell,0x0766e79a6fd74469733e8330b3b461c0320ff059,0xeb3d70147d6e65ac3b324c6c2f5695281b8bc589538461678242984773dacc98
89,498.74633833856427,0.032419509484683355,0x3dee4a4e076e8d82859d241db0baf46f112cfa23,2017-10-26T13:37:19.000Z,0.00006500199999999999,0xd73a08f61c92d8e22c42ed57e562312332713b05,sell,0x0766e79a6fd74469733e8330b3b461c0320ff059,0x54beb993e47a8acc2c9c65ba98dcf80490741a23815dab595b7d86add9ef6caa
90,498.74633833856427,0.032419509484683355,0x3dee4a4e076e8d82859d241db0baf46f112cfa23,2017-10-26T13:37:14.000Z,0.00006500199999999999,0xd73a08f61c92d8e22c42ed57e562312332713b05,sell,0x0766e79a6fd74469733e8330b3b461c0320ff059,0x54beb993e47a8acc2c9c65ba98dcf80490741a23815dab595b7d86add9ef6caa
91,150,0.0060003,0x2829691bffbe4819813671742632ee3918aaad37,2017-10-26T13:34:50.000Z,0.000040002,0xd73a08f61c92d8e22c42ed57e562312332713b05,sell,0x0766e79a6fd74469733e8330b3b461c0320ff059,0x46eaa0f6e7357ba566295d0a39272ef7bd4c1a69cffac4537f1ab27788e88541
92,99.53793420995629,0.005474586381547595,0x5daf6dada571baed742a5ed6ec585ec27303d60f,2017-10-26T13:33:33.000Z,0.00005499999999999998,0xd73a08f61c92d8e22c42ed57e562312332713b05,sell,0x0766e79a6fd74469733e8330b3b461c0320ff059,0x1654c507d3e9f26fea2d2e2c76d36cf5ed683b1aea6ea92c3b9c88a2ca4d11cc
93,2000,0.19144,0xa2c4cad2bb7015b18fdab7c6b099297853243f38,2017-10-26T13:28:16.000Z,0.00009572,0x0a1f14c312fb0163161306bc1cd4d89de00ad045,buy,0x0766e79a6fd74469733e8330b3b461c0320ff059,0x6787f5a240f56419af030c2f86d3000f1391dd6577929b3179c91a243e2a1922
94,50.618,0.00435669126,0x00a4be9050fe6266a7e5fa71bc91b3eb13fe9536,2017-10-26T09:30:41.000Z,0.00008607,0x45bb90d2188da25d0def69d0314ef8d44b6e9fbf,sell,0x0766e79a6fd74469733e8330b3b461c0320ff059,0x5b0d9db070a39b6dd57e48079947c4e4513306651dcec51aabf8b84be8892308
95,199.38191606021334,0.01716080151530256,0x00a4be9050fe6266a7e5fa71bc91b3eb13fe9536,2017-10-26T07:27:19.000Z,0.00008607,0x170d2e0f327efb5a411c794f89971616d113c142,sell,0x0766e79a6fd74469733e8330b3b461c0320ff059,0x1a3c3fe246f512f4a9f7da6a06bf702471976c18bfd25a52b3804a3b95c51c79
96,16000,1.5496,0xd5c72236ce19e1f55f37665d7aa76da0122148a8,2017-10-26T05:52:02.000Z,0.00009685,0x7a10005d17e1b9123b4e738bbb33200ae7c490ba,buy,0x0766e79a6fd74469733e8330b3b461c0320ff059,0x03ea10d0ea90e49a807cf64a8eb810d41577c11682b350b684916b20e2190433
97,900,0.087165,0x602053cdad316bf80958bd9bb7edc506f58bc845,2017-10-26T05:51:53.000Z,0.00009685,0x7a10005d17e1b9123b4e738bbb33200ae7c490ba,buy,0x0766e79a6fd74469733e8330b3b461c0320ff059,0x09dda1cb4eb758066954dbc57fdf2b7f546135bad1ccc7ece4af68b07b69ec70
98,398.7638321204267,0.025920047851659855,0xa0be78d2bac6a692adba423c7af50ec86a18bddf,2017-10-26T05:50:36.000Z,0.000065001,0xec8f09b8c72fd7befdae53802c18924dac4d4dd2,sell,0x0766e79a6fd74469733e8330b3b461c0320ff059,0x26be3bdb67b2fde5f52c902ea1139b61b5c1194ba812caa5160ac4c71750b274
99,24299.459,2.332748064,0xd5c72236ce19e1f55f37665d7aa76da0122148a8,2017-10-26T04:45:02.000Z,0.000096,0x97e55e166df684b33489f17b9ddbaf919b6fe428,buy,0x0766e79a6fd74469733e8330b3b461c0320ff059,0x65e67b626e2065d47d2b161f3bd66ef6b50e0b51ac9e3c314cbfcf6998682625
100,15000,1.4535,0xd5c72236ce19e1f55f37665d7aa76da0122148a8,2017-10-26T04:10:48.000Z,0.0000969,0xa2312851d68b8f40df119f1b63f95e7600d6fd98,buy,0x0766e79a6fd74469733e8330b3b461c0320ff059,0xac84ffef04059c3fe54edb79306e19b70a41b7dc5b48e4573838a64ed0bb9b67
101,34485.003,2.72397038697,0xa2312851d68b8f40df119f1b63f95e7600d6fd98,2017-10-26T02:07:53.000Z,0.00007899,0xfa5698cb38f398f1553d768ee96f9a2d8f47060a,buy,0x0766e79a6fd74469733e8330b3b461c0320ff059,0x3d32a8519da1122c5945153c3044fec2ca57c751f9b75921923128bf6e0a3a16
102,6928,0.54724272,0x34b6464d54ad663f25b113bbc9c3b9d77e9452c5,2017-10-26T00:54:32.000Z,0.00007899,0xfa5698cb38f398f1553d768ee96f9a2d8f47060a,buy,0x0766e79a6fd74469733e8330b3b461c0320ff059,0x231b96397f9edd2cb6df2c0f2dd24cf083211a6fb22fcbc0962d500366ab3d75
103,2000,0.15798,0xb734e80437b211b7d950aa56e2aba48eb37b7e5d,2017-10-25T23:27:58.000Z,0.00007899,0xfa5698cb38f398f1553d768ee96f9a2d8f47060a,buy,0x0766e79a6fd74469733e8330b3b461c0320ff059,0x440b104a62ed8e03bd03dfca55ba2e977684f281f22f4cf0b32bba0e1021929a
104,0.4046752551961641,0.000031965298407945,0xb734e80437b211b7d950aa56e2aba48eb37b7e5d,2017-10-25T23:24:14.000Z,0.00007899,0xfa5698cb38f398f1553d768ee96f9a2d8f47060a,buy,0x0766e79a6fd74469733e8330b3b461c0320ff059,0x5f57dde3584dceca2e3d07e927e4bd93317555d6ebcab10767c0010fd05022fd
105,3000,0.236967,0xa2312851d68b8f40df119f1b63f95e7600d6fd98,2017-10-25T23:20:54.000Z,0.000078989,0x79c4cdd69587343577d19d6a508afaba2dde7eb3,buy,0x0766e79a6fd74469733e8330b3b461c0320ff059,0x8f250cc0f54a65de5fe9370ec00c9740d0ae9d66dc734a4e0cfec7f939b9fc98
106,11134,0.8790293,0xa2312851d68b8f40df119f1b63f95e7600d6fd98,2017-10-25T23:20:43.000Z,0.00007895,0xa0be78d2bac6a692adba423c7af50ec86a18bddf,buy,0x0766e79a6fd74469733e8330b3b461c0320ff059,0xa8fb3a2ed07f934fb919668feb88fea0cc582931cd3732d76923bedb2fb07c05
107,100,0.007,0x4aab1459502c7787d2e2967c48aebdfb3a0d88c7,2017-10-25T23:14:58.000Z,0.00007,0x6d50eea626caecc03f6a587e55d4d9236c2d0e89,buy,0x0766e79a6fd74469733e8330b3b461c0320ff059,0xe53a51efd6be757424dd7749384cbf8afc8de5d8447d4f1d64c99118721eed0d
108,1000,0.07,0x432678e46e2c80e7bbec479dd1ff45baf1d0a115,2017-10-25T23:07:16.000Z,0.00007,0x4aab1459502c7787d2e2967c48aebdfb3a0d88c7,sell,0x0766e79a6fd74469733e8330b3b461c0320ff059,0x7b5734db6e5e2de304cc2be1de281c0ad52db659e69610ffe74b72d4d20fcc94
109,750.848896434635,0.0398025,0x8d5ebdf9d7107bd8c63e490fe616d4b89184807c,2017-10-25T21:33:26.000Z,0.00005300999999999999,0x79c4cdd69587343577d19d6a508afaba2dde7eb3,sell,0x0766e79a6fd74469733e8330b3b461c0320ff059,0xa57044d067c39c4e5f8b22ac295313eb889f15a8e48619fa314281426daa3e7a
110,500,0.0265,0x02ded38d0d07e3dd94c03088d356e95fbf5098eb,2017-10-25T21:33:26.000Z,0.000053,0x79c4cdd69587343577d19d6a508afaba2dde7eb3,sell,0x0766e79a6fd74469733e8330b3b461c0320ff059,0x1657a2164a8be7f118c0f5674d78516f8790c87e73baaeb5c13a72e807ceed47
111,1000,0.054,0x02ded38d0d07e3dd94c03088d356e95fbf5098eb,2017-10-25T21:33:26.000Z,0.000054,0x79c4cdd69587343577d19d6a508afaba2dde7eb3,sell,0x0766e79a6fd74469733e8330b3b461c0320ff059,0x9eefd65399ee53bb3af61f1623ce37ad826024da7cf5c5d459ffdf3a9984af69
112,1000,0.051,0x02ded38d0d07e3dd94c03088d356e95fbf5098eb,2017-10-25T21:33:26.000Z,0.000051,0x79c4cdd69587343577d19d6a508afaba2dde7eb3,sell,0x0766e79a6fd74469733e8330b3b461c0320ff059,0xa4529e9e2addb51098f4541e61f26360801fc5383fa093f743da8bcb31c925d2
113,500,0.0265,0x02ded38d0d07e3dd94c03088d356e95fbf5098eb,2017-10-25T21:15:01.000Z,0.000053,0x3981dfe74adbc3f2b4bd11bfde501f8fc4abbd02,sell,0x0766e79a6fd74469733e8330b3b461c0320ff059,0xdd10fa09b8b30f3f6fe9863b9e99c447af22606d877d467a0c55e7a077f277dd
114,1000,0.052,0x6d14f642af21d9b7db8047693bd19ce5078a7181,2017-10-25T20:43:25.000Z,0.000052,0x0b38cef547238e862017d01803baa9825581628a,sell,0x0766e79a6fd74469733e8330b3b461c0320ff059,0x047384f204486f8f37d1c5a6753b33df1ce38fd8df31522cb255349cb031abe8
115,4430,0.3499257,0xaa1a2e9a338bfd95cdf8e4a31c358613cd92c779,2017-10-25T18:03:57.000Z,0.00007899,0xfa5698cb38f398f1553d768ee96f9a2d8f47060a,buy,0x0766e79a6fd74469733e8330b3b461c0320ff059,0x49843ff7098b1d4c8ae1cd7bb449635813f808bcdad403619c87d7cf8604b6d1
116,10265,0.41070265,0x009a12d4290630bc01fd82516ac57c1dc6a9bcfb,2017-10-25T15:50:25.000Z,0.00004001,0xca768633c810b5e5d3f620955d627e97b18ea021,sell,0x0766e79a6fd74469733e8330b3b461c0320ff059,0xb3c715e7d369ddc2eb0fc517bdd56335714c2e9e67c13b6af1341a553e41edb3
117,1000,0.05,0x8a7bda8b25472ff30d4abdc403c5ccf03118a1ef,2017-10-25T15:49:29.000Z,0.00005,0xca768633c810b5e5d3f620955d627e97b18ea021,sell,0x0766e79a6fd74469733e8330b3b461c0320ff059,0xf6b57547e6bbbb3e9b8af84fea9dbcdfc7f87acc0bc1379e731cb8073d0ab97a
118,4746,0.33222,0xa0be78d2bac6a692adba423c7af50ec86a18bddf,2017-10-25T15:48:00.000Z,0.00007,0xcca2f841abf290885f2a0d0aab5534e33c328c4e,buy,0x0766e79a6fd74469733e8330b3b461c0320ff059,0xc21cde0b0898de60efa18adc8cfe9a062262d0f9718deef818f43e8b704f5395
119,50,0.0035,0xa0be78d2bac6a692adba423c7af50ec86a18bddf,2017-10-25T15:48:00.000Z,0.00007,0xd9ff8572b2e986d9f7ef7e8d305b391f1117e64c,buy,0x0766e79a6fd74469733e8330b3b461c0320ff059,0xc4bc7141ba96e4034b8dfcccdee71b7ff89705abe5d48d0b415a2ca8762b19d8
120,6338,0.494364,0xa0be78d2bac6a692adba423c7af50ec86a18bddf,2017-10-25T15:48:00.000Z,0.000078,0x9f268b41c09300ac8ad1335c35c6fd95b6e41171,buy,0x0766e79a6fd74469733e8330b3b461c0320ff059,0xed540857b050684b4d730d07dc5cb0712b676faa74bea658683a3fe113889155
121,820,0.06396,0x1b8d968d1eefd36c6e9d710a866a990b0ac60398,2017-10-25T14:43:57.000Z,0.000078,0x9f268b41c09300ac8ad1335c35c6fd95b6e41171,buy,0x0766e79a6fd74469733e8330b3b461c0320ff059,0xa8313a58c19e9f4d2a3b8073ebbdf4a2fe69ed02332b1c9b085bf9cba76121c8
122,200,0.0156,0x1b8d968d1eefd36c6e9d710a866a990b0ac60398,2017-10-25T14:08:21.000Z,0.000078,0xd9ff8572b2e986d9f7ef7e8d305b391f1117e64c,buy,0x0766e79a6fd74469733e8330b3b461c0320ff059,0xd1cffb3c82a651f6916d4791b22eb852830491d9cd763ab6786fe6714b1756cd
123,2156.5919245947684,0.17034919612374078,0x0775b13094d38f51b5c8ea0f693a6fba317c220b,2017-10-25T11:51:45.000Z,0.00007899,0xfa5698cb38f398f1553d768ee96f9a2d8f47060a,buy,0x0766e79a6fd74469733e8330b3b461c0320ff059,0xdf79d3918e52d0215446b7beb97ae66ba3593e8277e9a43899e44b1ccd1dc74c
124,1721.7021714269545,0.07231149119993209,0x009a12d4290630bc01fd82516ac57c1dc6a9bcfb,2017-10-25T11:24:59.000Z,0.00004199999999999999,0x3b0d91f3a91a8e46495d1dc35881510859f04ab3,sell,0x0766e79a6fd74469733e8330b3b461c0320ff059,0x2dfe2c1e0befd716f2b0f9d5e38b0359d265a833efea0296ef31d3a5dea17ac6
125,0.000038190020651924,0.000000001909501032,0x009a12d4290630bc01fd82516ac57c1dc6a9bcfb,2017-10-25T09:40:15.000Z,0.00004999999998438859,0x3fef3e85b09a340029b9eee96c63c239a22e7a36,sell,0x0766e79a6fd74469733e8330b3b461c0320ff059,0xd91ca83992b99f167e9d02a7d81427eaf02d1253f72e6aaff421d56c0ca28cc1
126,0.3830840971594378,0.000019154204857971,0x009a12d4290630bc01fd82516ac57c1dc6a9bcfb,2017-10-25T09:16:03.000Z,0.00004999999999999767,0x3fef3e85b09a340029b9eee96c63c239a22e7a36,sell,0x0766e79a6fd74469733e8330b3b461c0320ff059,0xa7ad7cc69bc71aa9e5b21d7c6976cc38c6881df35fd4271e0188620ca3903328
127,350.309,0.014712978,0x9f268b41c09300ac8ad1335c35c6fd95b6e41171,2017-10-25T08:18:02.000Z,0.000042,0xacdba881c4c9c0d14971d0ace35c7a7b97596976,sell,0x0766e79a6fd74469733e8330b3b461c0320ff059,0x0098531eaa47d4234cbe978d3a2b32df5b2d127592e2dd9514b7c53710741a32
128,2000,0.0802,0x2574ec620b790e9f2483386ad5a09cf4b0b84115,2017-10-25T08:15:51.000Z,0.0000401,0xacdba881c4c9c0d14971d0ace35c7a7b97596976,sell,0x0766e79a6fd74469733e8330b3b461c0320ff059,0x002fb62b65649dd72df680ae86fec0ab593e5a7d3d9a0f5180d3917c37376f1c
129,1000,0.030016,0x0a1f14c312fb0163161306bc1cd4d89de00ad045,2017-10-25T08:15:51.000Z,0.000030016,0xacdba881c4c9c0d14971d0ace35c7a7b97596976,sell,0x0766e79a6fd74469733e8330b3b461c0320ff059,0xf1142dd0baae7b1ae96fafae4cecf2a474dc6357a6148e4133ee7bb81671d71e
130,16703.009,0.518027121126,0x4b0925f7776c00378f9556fcd4b3aaf3efe0013f,2017-10-25T08:15:27.000Z,0.000031014,0xacdba881c4c9c0d14971d0ace35c7a7b97596976,sell,0x0766e79a6fd74469733e8330b3b461c0320ff059,0x0f69ad7cf6aa6e0300d1322d82542fb73e2349ea829851fa40376bd190e19320
131,1717.225315147406,0.08586126575737031,0x009a12d4290630bc01fd82516ac57c1dc6a9bcfb,2017-10-25T07:48:29.000Z,0.00004999999999999999,0x65e44324f5a4edb9fa333b1e0185975641cd5029,sell,0x0766e79a6fd74469733e8330b3b461c0320ff059,0x3f61f2ecac097606d13a65716e07565eb9fb7309708f606034eb1132257be14a
132,85,0.042499915,0x6f3e188ca1da5685623b630a5fee3cebd0620796,2017-10-25T07:08:51.000Z,0.000499999,0x0b2de009825eac9a347868b44349aa32e91ef81f,buy,0x0766e79a6fd74469733e8330b3b461c0320ff059,0x80aa29325757ed1a97c0d3570e057970216457cc8818571ccc36432bafdd7bb9
133,200,0.0138,0x5c063ad2d1dbb98b1637d4b588d87a156f75c9fe,2017-10-25T02:06:30.000Z,0.000069,0x4d41ec9ddc83bdbead278781f9b8c57fd2028dbf,buy,0x0766e79a6fd74469733e8330b3b461c0320ff059,0x1def19c782c6b1258659d1ebaaaf74a99a3e82d8050ece49c87c3ddc0c5040e5
134,106.917,0.006308103,0x5c063ad2d1dbb98b1637d4b588d87a156f75c9fe,2017-10-25T01:47:57.000Z,0.000059,0x51aefa5e5b31e0416490a6f647efcb1a3af94c74,buy,0x0766e79a6fd74469733e8330b3b461c0320ff059,0x403258d52ffaeb07b4c275f37986c2b2aec5d10a5b7cbd4f1fb38907a94264e6
135,99.69095803010667,0.00418702023726448,0x9f268b41c09300ac8ad1335c35c6fd95b6e41171,2017-10-24T22:32:46.000Z,0.00004199999999999999,0x87352af26805176272dd48a865e0dcd31151aa22,sell,0x0766e79a6fd74469733e8330b3b461c0320ff059,0xb3377f57964cb8928b375888a86de7ce55e31b2e7beffc9e8f66191d0216ddd9
136,2000,0.08402,0xaa04a7ad89f3cbc6034db1e9856473091ae1761b,2017-10-24T19:13:28.000Z,0.00004201,0x65e44324f5a4edb9fa333b1e0185975641cd5029,sell,0x0766e79a6fd74469733e8330b3b461c0320ff059,0x984448aa11602c370831e44dbf930e4aab0699382059d0467ce31ac25dea475f
137,30752.372564546455,1.8451423538727874,0x4f71f1248461193034fc6d90b36fc2e9b97e58c6,2017-10-24T16:28:52.000Z,0.00006,0xceb79b8ad3a7a394172490aef8a82087e8810196,buy,0x0766e79a6fd74469733e8330b3b461c0320ff059,0x1d988bb0f2053caaf9fd69f42bbb962f8915402ccb072eb00a5ba944d05e9975
138,0.12191661039211667,0.000007314996623527,0xff3f8d703bbfca2bd2be9eb2ba182f071b84f975,2017-10-24T15:48:08.000Z,0.00006,0xceb79b8ad3a7a394172490aef8a82087e8810196,buy,0x0766e79a6fd74469733e8330b3b461c0320ff059,0x64072cec00b739c627b9f3722967ccd2fefea636bbc6eb53aee36908a9674b37
139,1222.945518843152,0.07337673113058912,0xff3f8d703bbfca2bd2be9eb2ba182f071b84f975,2017-10-24T15:47:15.000Z,0.00006,0xceb79b8ad3a7a394172490aef8a82087e8810196,buy,0x0766e79a6fd74469733e8330b3b461c0320ff059,0x4e82fc8a5b90737f78a6b2016cec262d84687c8c8a73e97b3003d034d5065089
140,280.481,0.01682886,0xff3f8d703bbfca2bd2be9eb2ba182f071b84f975,2017-10-24T15:46:28.000Z,0.00006,0xe7b030eb34f58caeae75cca398f9a01f22502ae1,buy,0x0766e79a6fd74469733e8330b3b461c0320ff059,0x7871954d7dccb265cef0bc5111f9cb97b076592f21894911707d31673aa035fd
141,100,0.005999,0xff3f8d703bbfca2bd2be9eb2ba182f071b84f975,2017-10-24T15:45:41.000Z,0.00005999,0x4f63e42d058526ed0ed4d3430e20ddb0a7143955,buy,0x0766e79a6fd74469733e8330b3b461c0320ff059,0x95e3e9339e34a072acec3d074cbce1d5f951a426461937c48b360e06b4b17572
142,6000,0.359988,0xff3f8d703bbfca2bd2be9eb2ba182f071b84f975,2017-10-24T15:44:45.000Z,0.000059998,0x5c483d9853399d39f858803d1075be379bfb431c,buy,0x0766e79a6fd74469733e8330b3b461c0320ff059,0x0c9db8015eb584efa96a747e9052b0190a7cc5d966e783334d720707220c850c
143,100,0.005999,0xff3f8d703bbfca2bd2be9eb2ba182f071b84f975,2017-10-24T15:43:42.000Z,0.00005999,0x6492346bf7f21fa5873bead8333a42b51e02f7d6,buy,0x0766e79a6fd74469733e8330b3b461c0320ff059,0x777652a09768546fc618a70ed78b5b3f79e07943f02a763ade3e966e1b5fc932
144,100,0.005999,0xff3f8d703bbfca2bd2be9eb2ba182f071b84f975,2017-10-24T15:42:37.000Z,0.00005999,0x307e1218e7b34a16afa587e405c953299b25894e,buy,0x0766e79a6fd74469733e8330b3b461c0320ff059,0x71dd135161724c95469c40e006f61acb7c84a0e0ca9b057feb48ecb022908bfa
145,1305,0.076995,0xff3f8d703bbfca2bd2be9eb2ba182f071b84f975,2017-10-24T15:42:19.000Z,0.000059,0x5a511a8b15877661cfefc897b84da8d99d3b6a8f,buy,0x0766e79a6fd74469733e8330b3b461c0320ff059,0x51f945309f4a452786be8178dc2b6857a0e8390bdb8dd7f839d38c7ae65215ea
146,85.451,0.0049476129,0xff3f8d703bbfca2bd2be9eb2ba182f071b84f975,2017-10-24T15:42:01.000Z,0.0000579,0x45bb90d2188da25d0def69d0314ef8d44b6e9fbf,buy,0x0766e79a6fd74469733e8330b3b461c0320ff059,0x1177e7cd1483561590ca9ef5c341715844761754dfb6841444499fc32b701eda
147,2914.5486539946405,0.16875236706628968,0x65e44324f5a4edb9fa333b1e0185975641cd5029,2017-10-24T15:38:52.000Z,0.0000579,0x45bb90d2188da25d0def69d0314ef8d44b6e9fbf,buy,0x0766e79a6fd74469733e8330b3b461c0320ff059,0x8b207e65125d8c5a6811d41526bc61b12156f169e1bf30b551b495cb3600c09b
148,814,0.046805,0x65e44324f5a4edb9fa333b1e0185975641cd5029,2017-10-24T15:38:04.000Z,0.0000575,0x3d9bf3fce665a1aa13e5d044be238f0b7fa78299,buy,0x0766e79a6fd74469733e8330b3b461c0320ff059,0xdc61269d5bc3e8860120b31c6cebf3a6ff665034d40852c819b0be906d184455
149,8452.27,0.48599707273,0x46dc6b56513ae75026900e7fd27aaf835cd0163a,2017-10-24T15:36:15.000Z,0.000057499,0x5c483d9853399d39f858803d1075be379bfb431c,buy,0x0766e79a6fd74469733e8330b3b461c0320ff059,0x59209303c3215a94770f2703271ccfd2d39c99b94d50f079632cedd99564d276
150,20000,1.18,0x46dc6b56513ae75026900e7fd27aaf835cd0163a,2017-10-24T15:35:44.000Z,0.000059,0x4d41ec9ddc83bdbead278781f9b8c57fd2028dbf,buy,0x0766e79a6fd74469733e8330b3b461c0320ff059,0x874e94d8b5de56f0a01c7772faad9e5eab6844778a9e0802341b2e0d92d15d90
151,2464.621,0.128160292,0xbc358afbf97dc54a06eb6767d0f4b06744c6a05d,2017-10-24T15:12:37.000Z,0.000052,0x5c483d9853399d39f858803d1075be379bfb431c,buy,0x0766e79a6fd74469733e8330b3b461c0320ff059,0x9fb8a50b959cf3184f182ca9ca55fcd5cc718b5838051311c5e3e4f5a0bc7849
152,1535.378542143361,0.07983968419145478,0xcb53d1019213bdb866e83d4e3dbebb476b0eef94,2017-10-24T14:34:44.000Z,0.000052,0x5c483d9853399d39f858803d1075be379bfb431c,buy,0x0766e79a6fd74469733e8330b3b461c0320ff059,0xca4ef487a4c51922cd8f1f88c42ec8a5166dca8fae5cad719f03d9560020c95d
153,7072.076562655767,0.21570540723756354,0x4b0925f7776c00378f9556fcd4b3aaf3efe0013f,2017-10-24T10:49:01.000Z,0.00003050099999999999,0x5dd2fe22e5c5f78a58cc72604f5a9e1688f4b948,sell,0x0766e79a6fd74469733e8330b3b461c0320ff059,0x5e37ef021ef386c2b5f05b794a3d4384ed2f5dfccd9abec885914fe1a47c3b4e
154,2000,0.08,0x9c83b4aa0117de72bd9942d46915f0591a7178ef,2017-10-24T10:47:42.000Z,0.00004,0x5dd2fe22e5c5f78a58cc72604f5a9e1688f4b948,sell,0x0766e79a6fd74469733e8330b3b461c0320ff059,0x47a816ba423196ac91996f01de1a50dbac75a30976e95cb10cdc6261bbdf747e
155,2000,0.08,0x9c83b4aa0117de72bd9942d46915f0591a7178ef,2017-10-24T10:40:47.000Z,0.00004,0x3e7d005ed164cc1b2066279cf625a0960281dfb2,buy,0x0766e79a6fd74469733e8330b3b461c0320ff059,0xcf18574eb85242ff605226797d96c666bb5ecec3354c593d798f91097f5f9b74
156,2394,0.13219668,0xb0ca5210a669dc61a1fa38b74eba83173794f727,2017-10-24T05:26:38.000Z,0.00005522,0x8d5ebdf9d7107bd8c63e490fe616d4b89184807c,buy,0x0766e79a6fd74469733e8330b3b461c0320ff059,0x7b029b76e576a84460bb82f65ab60b47d40b7d0494f69da64c5131e2c78c74ab
157,250,0.0135725,0xb0ca5210a669dc61a1fa38b74eba83173794f727,2017-10-24T05:25:20.000Z,0.00005429,0x39c9a9dfd3762a09c53121b2527eca9fd3601172,buy,0x0766e79a6fd74469733e8330b3b461c0320ff059,0x6bca9807a65a55f4b084d1c5b2ee4544de9d2cfca6fecf824aff222a7cf40f3a
158,119.6,0.0064584,0xb0ca5210a669dc61a1fa38b74eba83173794f727,2017-10-24T05:23:44.000Z,0.000054,0x3dee4a4e076e8d82859d241db0baf46f112cfa23,buy,0x0766e79a6fd74469733e8330b3b461c0320ff059,0xffc673de4e60ac1271745321cac8ca067d6bb7d0b692cd2aec0198d92e72c9d8
159,2637.856,0.14318282368,0xb0ca5210a669dc61a1fa38b74eba83173794f727,2017-10-24T05:23:44.000Z,0.00005428,0x38223b8ebc6d6f404f887df06c334c4702a55711,buy,0x0766e79a6fd74469733e8330b3b461c0320ff059,0xe307368e7352ed3b45140d514c810f4c6b9511098ebf889811d7dd9de4463a8f
160,99.69095803010667,0.003040574219918253,0x7fdfd49462880a6437b7c3d1c1f6804f18232e8d,2017-10-24T04:57:35.000Z,0.00003049999999999999,0xffd03d5ce7c6aa21a64d5d027d88e48d441cb3d4,sell,0x0766e79a6fd74469733e8330b3b461c0320ff059,0x8327081114e8a40d8a620c3c4ae9bff700cee101ce4439b1e6857b06a2b55da9
161,1200,0.066,0xacdba881c4c9c0d14971d0ace35c7a7b97596976,2017-10-24T03:21:38.000Z,0.000055,0x3e7d005ed164cc1b2066279cf625a0960281dfb2,buy,0x0766e79a6fd74469733e8330b3b461c0320ff059,0xca0be0fb979b21f3b70ae003500f0e28026a8b48b70393a74c9c663b3d0e7b60
162,250,0.07475,0x39c9a9dfd3762a09c53121b2527eca9fd3601172,2017-10-24T02:48:24.000Z,0.000299,0x51aefa5e5b31e0416490a6f647efcb1a3af94c74,buy,0x0766e79a6fd74469733e8330b3b461c0320ff059,0x5c1bd9847fb076920e5cd2787a515e559ded1a76e7b1aae2e2531e4d294ee44c
163,99.69095803010667,0.002992124414315621,0xaa04a7ad89f3cbc6034db1e9856473091ae1761b,2017-10-23T15:41:50.000Z,0.00003001399999999999,0x7c6d40105cd9611d27c61adba6e78d1961dfe4a5,sell,0x0766e79a6fd74469733e8330b3b461c0320ff059,0x4854df6b1556adc42264c6912cd54d755e99817989a49e92c33181d25026fd6d
164,5333.4662546107065,0.16007865616588576,0xaa04a7ad89f3cbc6034db1e9856473091ae1761b,2017-10-23T11:32:09.000Z,0.00003001399999999999,0x2b433ee55d07c54b275015474be67ee0747fbbff,sell,0x0766e79a6fd74469733e8330b3b461c0320ff059,0x42d54fbb615862e6f6af5d50b0783080ebbac2f46a928f7e428f7d8c3c8fcbf4
165,15.384615384615385,0.001,0x4a57d0208164a1c1c63c75395dc444428a07b50a,2017-10-23T05:35:49.000Z,0.000065,0x5c483d9853399d39f858803d1075be379bfb431c,buy,0x0766e79a6fd74469733e8330b3b461c0320ff059,0xcdbc2539018081dea2e160ffa7c697cfbcb3cd30b9951a4d2da22743d1756e9b
166,19.938191606021334,0.00059814574818064,0x3dee4a4e076e8d82859d241db0baf46f112cfa23,2017-10-23T02:58:13.000Z,0.00002999999999999999,0x7c838d644d5b60a023afed7497c311fa78175a6d,sell,0x0766e79a6fd74469733e8330b3b461c0320ff059,0x288c9cd5451c058c8ae8962ee4f6e7b5dae58f1e0c0698c589c6063ac99f1f00
167,99.69095803010667,0.0029907287409032,0x3dee4a4e076e8d82859d241db0baf46f112cfa23,2017-10-23T02:39:36.000Z,0.00002999999999999999,0xcd07679a857c49b6cc0b1181a57a2f480a8ddf50,sell,0x0766e79a6fd74469733e8330b3b461c0320ff059,0x1d4dcb8030dc398b8234795a18559f60501a5ade7ac042baf408049ebe8951c3
168,60,0.0018,0x174709e4733e777280a1b8e36001d0cf28086457,2017-10-23T01:18:42.000Z,0.00003,0x74f355aeddfe000c50701d15594e37af63fddaa4,sell,0x0766e79a6fd74469733e8330b3b461c0320ff059,0x7669117bf7d79751dfb1247ccbc192fef7db01a3dbab06416a5afcad83546a3e
169,200,0.01032,0x2626d53966ae6dd7be0b779f72df324bdd6fdafa,2017-10-23T01:15:52.000Z,0.0000516,0x3d9bf3fce665a1aa13e5d044be238f0b7fa78299,sell,0x0766e79a6fd74469733e8330b3b461c0320ff059,0x33c340ddcae6c1a0758266ff3ee008ac7e7daef892a1b12ad109ca5e3db73306
170,10,0.0003,0x174709e4733e777280a1b8e36001d0cf28086457,2017-10-23T01:14:13.000Z,0.00003,0x74f355aeddfe000c50701d15594e37af63fddaa4,sell,0x0766e79a6fd74469733e8330b3b461c0320ff059,0xc3c855c327ca085e2856c41bf09ff6aa8da1807c0ea905a393a2c304a496f1f7
171,2937.3776950908787,0.1498062624496348,0x74f355aeddfe000c50701d15594e37af63fddaa4,2017-10-23T00:41:52.000Z,0.00005099999999999999,0x5933ec2852dc662a5df3ba42744a8472e17c7866,sell,0x0766e79a6fd74469733e8330b3b461c0320ff059,0x4c2f66ad247e5ebd58321c23f355f3ff6bb42f28150f74c4c8e3540abfcabc0d
172,23413.699567816366,1.2175123775264511,0xfa5698cb38f398f1553d768ee96f9a2d8f47060a,2017-10-23T00:32:16.000Z,0.00005199999999999999,0x5933ec2852dc662a5df3ba42744a8472e17c7866,sell,0x0766e79a6fd74469733e8330b3b461c0320ff059,0x20990bf023f84c2f02e21ebb1d8e54d34422fde41aade10c40fc923f96d80e96
173,26586.300432183634,1.382487622473549,0xfa5698cb38f398f1553d768ee96f9a2d8f47060a,2017-10-22T23:38:37.000Z,0.00005199999999999999,0xb145e77dab09b8b58ea9321b3d34b77682a9c145,sell,0x0766e79a6fd74469733e8330b3b461c0320ff059,0x7517bd723cb78f2ec964811ea8de68e8dd396a56a616951a72689c8c0f7d8edb
174,5600,0.291256,0x4964e6b436e602120f702563524fd538b98d649a,2017-10-22T23:38:05.000Z,0.00005201,0xb145e77dab09b8b58ea9321b3d34b77682a9c145,sell,0x0766e79a6fd74469733e8330b3b461c0320ff059,0x42b887266af4613a1786db2f67f4c0422b11f49616a914c3a5f0557564132d1e
175,15000,0.780165,0x3dee4a4e076e8d82859d241db0baf46f112cfa23,2017-10-22T23:37:31.000Z,0.000052011,0xb145e77dab09b8b58ea9321b3d34b77682a9c145,sell,0x0766e79a6fd74469733e8330b3b461c0320ff059,0x6cb3a309b93dcd5cf578b4aeac6d8b103fb2cb0071995ead667e50a4310820ce
176,175,0.009625,0x5c483d9853399d39f858803d1075be379bfb431c,2017-10-22T21:36:29.000Z,0.000055,0x1e71d58dbce68549948bdbd7b026501c4e17231e,sell,0x0766e79a6fd74469733e8330b3b461c0320ff059,0x56c0a260a6662c0e480e70cc72fdfa42711fd0b4094c6cd9df7bceb59e458e07
177,177,0.009735,0x5c483d9853399d39f858803d1075be379bfb431c,2017-10-22T21:34:32.000Z,0.000055,0x1e71d58dbce68549948bdbd7b026501c4e17231e,sell,0x0766e79a6fd74469733e8330b3b461c0320ff059,0xc8c0480fa038094e0a175826c1741c6009d8306b6893cdf3b2b7b1be9a58bb82
178,956.48988136776,0.0526069434752268,0x0a1f14c312fb0163161306bc1cd4d89de00ad045,2017-10-22T21:14:07.000Z,0.00005499999999999999,0x1e71d58dbce68549948bdbd7b026501c4e17231e,sell,0x0766e79a6fd74469733e8330b3b461c0320ff059,0x972060f13534a868ff754c35ffda3a60147396b65552aebc3706a6573bf4847c
179,2093.51011863224,0.1151430565247732,0x0a1f14c312fb0163161306bc1cd4d89de00ad045,2017-10-22T19:41:36.000Z,0.00005499999999999999,0xc4437d1c0d9e0a9e935cf31a5e36df9d51be21ef,sell,0x0766e79a6fd74469733e8330b3b461c0320ff059,0x01d0cdf9ba34a9405fda253a16b0b3c0bc93bf89411f58f7b931ddc7c2d50074
180,80,0.0044,0xd4504ceded844c0bbdf74de176edbe357995be7d,2017-10-22T18:49:37.000Z,0.000055,0x6cf144155e9302ca841373718e672d27a6ee819c,buy,0x0766e79a6fd74469733e8330b3b461c0320ff059,0x737142dc20ec58c94ac7e4b1a1b42c598b84b16513409c36ffb62c1d52fe0527
181,89.09977828730933,0.004989587584089323,0x2829691bffbe4819813671742632ee3918aaad37,2017-10-22T18:43:54.000Z,0.00005599999999999999,0xd4504ceded844c0bbdf74de176edbe357995be7d,sell,0x0766e79a6fd74469733e8330b3b461c0320ff059,0x4ad72abc3027b8cc99051dc3beda7a83fc214d0a5b25a30131e374b89e5e4ee2
182,19.938191606021334,0.001116538729937194,0x2829691bffbe4819813671742632ee3918aaad37,2017-10-22T18:28:18.000Z,0.00005599999999999996,0xc230d39a043a650582431ef23af4271176fae372,sell,0x0766e79a6fd74469733e8330b3b461c0320ff059,0xd6c6a9a3d3616f134b0ce6cb67dfcf130d993be17e65736cc619b7c964dc26b4
183,20,0.0011,0xc230d39a043a650582431ef23af4271176fae372,2017-10-22T18:26:57.000Z,0.000055,0x6cf144155e9302ca841373718e672d27a6ee819c,buy,0x0766e79a6fd74469733e8330b3b461c0320ff059,0xaa45f2ee39b8f6c338c8dff5555b5a9049ecda3d4b5d993df7bbca51523eefcf
184,0.004,0.000000224,0x2829691bffbe4819813671742632ee3918aaad37,2017-10-22T17:55:38.000Z,0.000056,0x301e21525f75452c694ea2546d769099114c9401,sell,0x0766e79a6fd74469733e8330b3b461c0320ff059,0xe9fb7dd23815f5a964b7ed15c54667b4e989a3a83b2cb01aace699c241fea78b
185,40.95803010666933,0.002293649685973482,0x2829691bffbe4819813671742632ee3918aaad37,2017-10-22T17:53:46.000Z,0.00005599999999999999,0x301e21525f75452c694ea2546d769099114c9401,sell,0x0766e79a6fd74469733e8330b3b461c0320ff059,0xe07676dc21214b72c15eaf3c7e6385a2b348d6cd1732e55c775ea93268f7a52b
186,30,0.00165,0x5c483d9853399d39f858803d1075be379bfb431c,2017-10-22T15:11:20.000Z,0.000055,0xd4504ceded844c0bbdf74de176edbe357995be7d,sell,0x0766e79a6fd74469733e8330b3b461c0320ff059,0x4a72ea7b3034fb9f3a138e0b09f4709cf071a9c64ef93949648937e3c55d37a6
187,18.14262173177519,0.001001835572028626,0xd4504ceded844c0bbdf74de176edbe357995be7d,2017-10-22T15:08:36.000Z,0.00005522,0x870fbc1092a09f102d9152568bcba5ebc2ac655f,buy,0x0766e79a6fd74469733e8330b3b461c0320ff059,0xf6687e5d6f14016ad7798419c75485b84b431284277315cf2b788170d4d4cf86
188,36.885675736432574,0.001991826489767359,0xd4504ceded844c0bbdf74de176edbe357995be7d,2017-10-22T15:06:24.000Z,0.000054,0xf1527fd87461f89831ba9fc0d04e28c7dcbcb686,buy,0x0766e79a6fd74469733e8330b3b461c0320ff059,0x21fd82355f81251e0d8974d2a686a75f03f8cf9f3acfc332f3a64ff4302e2391
189,221.1315963341769,0.011719974605711374,0xd4504ceded844c0bbdf74de176edbe357995be7d,2017-10-22T15:04:25.000Z,0.000053,0x8e46e6732ce98bc4e380a61e1ce5fac9c785b64b,buy,0x0766e79a6fd74469733e8330b3b461c0320ff059,0x396239e69aa6b5d663f082eda111e8080a3453be13a9392a81a6752a88d1ea23
190,249.22739507526668,0.013707506729139667,0x5c483d9853399d39f858803d1075be379bfb431c,2017-10-22T14:59:13.000Z,0.00005499999999999999,0xd4504ceded844c0bbdf74de176edbe357995be7d,sell,0x0766e79a6fd74469733e8330b3b461c0320ff059,0x79dca46118ce556f62e883eed01047fc8925e6fec2b26ba8dae7584b279d5e1e
191,2000,0.108,0x273a5d3e6721b9f5c1a6474f560c1334c63dda01,2017-10-22T13:20:23.000Z,0.000054,0x8e46e6732ce98bc4e380a61e1ce5fac9c785b64b,buy,0x0766e79a6fd74469733e8330b3b461c0320ff059,0xc03b8e30455dd848b9faaa99ed72f401d3efdc84eca6227fb0221290492d2c48
192,1994,0.11010868,0x8d5ebdf9d7107bd8c63e490fe616d4b89184807c,2017-10-22T13:20:23.000Z,0.00005522,0x273a5d3e6721b9f5c1a6474f560c1334c63dda01,sell,0x0766e79a6fd74469733e8330b3b461c0320ff059,0xc03b8e30455dd848b9faaa99ed72f401d3efdc84eca6227fb0221290492d2c48
193,63.114324263567426,0.003408173510232641,0x9f268b41c09300ac8ad1335c35c6fd95b6e41171,2017-10-22T12:16:54.000Z,0.000054,0xf1527fd87461f89831ba9fc0d04e28c7dcbcb686,buy,0x0766e79a6fd74469733e8330b3b461c0320ff059,0xbff66b737644520bff1005885912463580cf39fd3c510a6fb77113cab255ab67
194,3971.8573782682247,0.21932596442797136,0x5933ec2852dc662a5df3ba42744a8472e17c7866,2017-10-22T08:00:14.000Z,0.00005522,0x870fbc1092a09f102d9152568bcba5ebc2ac655f,buy,0x0766e79a6fd74469733e8330b3b461c0320ff059,0x7187d39a01b018e911e734cc08f406718c83e0c7aa5d28d78bc0b7b3ff453a21
195,1068.1668541972508,0.0587491769808488,0x5933ec2852dc662a5df3ba42744a8472e17c7866,2017-10-22T07:33:14.000Z,0.000055,0xb88f78a18601dce45130d0cbe230d387a1779792,buy,0x0766e79a6fd74469733e8330b3b461c0320ff059,0xce7d552b073582c94e7377e85ae594b4e1631493eea2ab829c8b141fea69b195
196,3028.704631632127,0.16661207049071494,0x4964e6b436e602120f702563524fd538b98d649a,2017-10-22T05:20:29.000Z,0.00005501099999999999,0x187d00fcd2e6137fe84fb0c0d3646108dba73f91,sell,0x0766e79a6fd74469733e8330b3b461c0320ff059,0x53b420f2a3a69a95479d8eef9f27fb9f321fa8c08b76a02869aab41ee56b74ed
197,859.328398813373,0.047460707466462596,0xd44eecdb43b00bf7a0167abe7db8f77e1bbd03d9,2017-10-22T05:18:35.000Z,0.00005522999999999999,0x187d00fcd2e6137fe84fb0c0d3646108dba73f91,sell,0x0766e79a6fd74469733e8330b3b461c0320ff059,0x15e43ade28c848c7bed5d69a717bedd2aaf56dfbb42c944376dfd6495d6838db
198,6140.9627959686095,0.33916537522134627,0xd44eecdb43b00bf7a0167abe7db8f77e1bbd03d9,2017-10-22T00:38:56.000Z,0.00005522999999999999,0x6bfd04fca93c3d6ba48bd6527769b6191b71bd6e,sell,0x0766e79a6fd74469733e8330b3b461c0320ff059,0xc6f4cea592bcbdaf8a5b7d3bca7b57ab1644a3d558066ce7b267231201b144bd
199,199.38191606021334,0.011011863224005582,0xd44eecdb43b00bf7a0167abe7db8f77e1bbd03d9,2017-10-22T00:38:05.000Z,0.00005522999999999999,0x81c701fb2103dcbde6ffd7755397da9561ebfa8e,sell,0x0766e79a6fd74469733e8330b3b461c0320ff059,0x703a638aed55bcf3a7e54231373bc8d2393a9f1071e2183857e4f52fffc0fda3
200,1600.3268891578045,0.08838605408818555,0xd44eecdb43b00bf7a0167abe7db8f77e1bbd03d9,2017-10-21T23:50:30.000Z,0.00005522999999999999,0x14319b81fead2f3038619e231de24a14e93f48df,sell,0x0766e79a6fd74469733e8330b3b461c0320ff059,0x6478d792c7a89c5dbddca8749a6d3a74269b107068ffc01c6589882e6cee2311
201,135,0.009558,0xe94d476c02377e2cc0d1ed1b27bef2630ad4b2c0,2017-10-21T23:43:28.000Z,0.0000708,0x14319b81fead2f3038619e231de24a14e93f48df,sell,0x0766e79a6fd74469733e8330b3b461c0320ff059,0x381381d9cd120bb3dc6aaffab97a8a144ce0d43f51ffb3f73012ee65ae03d834
202,400,0.022088,0x8d5ebdf9d7107bd8c63e490fe616d4b89184807c,2017-10-21T18:25:05.000Z,0.00005522,0x3d9bf3fce665a1aa13e5d044be238f0b7fa78299,buy,0x0766e79a6fd74469733e8330b3b461c0320ff059,0x94df3476dcd5b2158922ba654f8aea5cbc3ea661dc230bb9c752cb094ae5d93a
203,3359.371171001946,0.26874969368015567,0x8c31fa3daa6ac0cb7d4cc12f788b813a551b65d3,2017-10-21T16:06:09.000Z,0.00008,0x8e46e6732ce98bc4e380a61e1ce5fac9c785b64b,buy,0x0766e79a6fd74469733e8330b3b461c0320ff059,0x83ab86466b9e269ed25e6aeb025966708cb7efd10c5867320ea26d7bbdfe1438
204,10900,0.8066,0x8c31fa3daa6ac0cb7d4cc12f788b813a551b65d3,2017-10-21T16:00:20.000Z,0.000074,0xe1b8047e9de2f376362638e3c17ba289096f4a75,buy,0x0766e79a6fd74469733e8330b3b461c0320ff059,0x2cbf3f9d6d5f763fd6f1fe04af5cd613973b19712167c52d63c7eafa49138ada
205,2024.844,0.145788768,0x8c31fa3daa6ac0cb7d4cc12f788b813a551b65d3,2017-10-21T15:58:39.000Z,0.000072,0x037f96a2a6430376cff5cd297cc40c2554f8f7bf,buy,0x0766e79a6fd74469733e8330b3b461c0320ff059,0x1769c92891bb255612dda965a3a3a655f94708deb8a68f0f3a59eb3876bb0697
206,1043.8218487356294,0.07494640873921818,0x8c31fa3daa6ac0cb7d4cc12f788b813a551b65d3,2017-10-21T15:57:18.000Z,0.0000718,0x7c57b2682f02b585fb89952e690464b2a3f65535,buy,0x0766e79a6fd74469733e8330b3b461c0320ff059,0x18ad4cb742d381c26b1954a8e02c27b90a4e8a2e3bbcdde1732e341cdce9e6f5
207,10000,0.72,0x44655301b0fbb5b2c691bc812ab40682dc88b412,2017-10-21T14:08:53.000Z,0.000072,0x037f96a2a6430376cff5cd297cc40c2554f8f7bf,buy,0x0766e79a6fd74469733e8330b3b461c0320ff059,0x0f4d5ea01c1670cfe7012ddd526d1533308c1f1aa1ada869cda9f53563a0a536
208,280.48173405364366,0.015432105007631473,0xe7b030eb34f58caeae75cca398f9a01f22502ae1,2017-10-21T14:05:26.000Z,0.00005501999999999999,0x6ea314700745ea32544837a3819d4fc09174979c,sell,0x0766e79a6fd74469733e8330b3b461c0320ff059,0x3303d1528da9e1b4bb816fe3441134f4e500dbf0008e158516a005af9c9e1aa7
209,1850.116,0.12025754,0xd44eecdb43b00bf7a0167abe7db8f77e1bbd03d9,2017-10-21T14:04:22.000Z,0.000065,0x6ea314700745ea32544837a3819d4fc09174979c,sell,0x0766e79a6fd74469733e8330b3b461c0320ff059,0x280cd7582f2b5e4517f49ee07a5d3e0a5106a2dfb36ff8aeea7aa32335a6fb4d
210,8149.883569720229,0.5297424320318149,0xd44eecdb43b00bf7a0167abe7db8f77e1bbd03d9,2017-10-21T13:14:56.000Z,0.000065,0x8d5ebdf9d7107bd8c63e490fe616d4b89184807c,sell,0x0766e79a6fd74469733e8330b3b461c0320ff059,0x1203fced505b9647d2427d47e28b4f7c4436a7cc049d338d158838a93b27c0d8
211,3320.447606340365,0.2384081381352382,0x5c483d9853399d39f858803d1075be379bfb431c,2017-10-21T12:36:11.000Z,0.0000718,0x7c57b2682f02b585fb89952e690464b2a3f65535,buy,0x0766e79a6fd74469733e8330b3b461c0320ff059,0x834650d2abeb96712e7789d9c92f189c03d9738d93c0db528cb1838ced4ab6fc
212,1549.9,0.11112783,0x5c483d9853399d39f858803d1075be379bfb431c,2017-10-21T12:35:07.000Z,0.0000717,0x3dee4a4e076e8d82859d241db0baf46f112cfa23,buy,0x0766e79a6fd74469733e8330b3b461c0320ff059,0x5d3588eb9face69e5b9f09c3b316dddf1a4a717cdcccaebdd54e704ecd71e9e8
213,10000,0.718,0xd44eecdb43b00bf7a0167abe7db8f77e1bbd03d9,2017-10-21T10:31:21.000Z,0.0000718,0x7c57b2682f02b585fb89952e690464b2a3f65535,buy,0x0766e79a6fd74469733e8330b3b461c0320ff059,0x5df3224f3ffccd94dae5772238085025f255e0aa158da52df52584dd36994195
214,3618.7305449240057,0.2598248531255436,0x5c483d9853399d39f858803d1075be379bfb431c,2017-10-21T09:32:32.000Z,0.0000718,0x7c57b2682f02b585fb89952e690464b2a3f65535,buy,0x0766e79a6fd74469733e8330b3b461c0320ff059,0xf2005fc1e9d747dc6f234c4415f776434abadd09601c5b764f4f45ef140e4b67
215,5000,0.359,0xd44eecdb43b00bf7a0167abe7db8f77e1bbd03d9,2017-10-21T09:18:02.000Z,0.0000718,0x7c57b2682f02b585fb89952e690464b2a3f65535,buy,0x0766e79a6fd74469733e8330b3b461c0320ff059,0xa08fd9bca7f352c67e7880bac3de3ede6d9e0ed6dd54f36bf451ae6718aac164
216,2,0.000144,0xb4c432a9559a4f1464d2bff9fcbbdc14f1c39dec,2017-10-21T08:14:46.000Z,0.000072,0x037f96a2a6430376cff5cd297cc40c2554f8f7bf,buy,0x0766e79a6fd74469733e8330b3b461c0320ff059,0x38f40d8353da349b9e12f59528ceba8e76ebb3379dfe21f12f818b65d73c0a89
217,1,0.000072,0xb4c432a9559a4f1464d2bff9fcbbdc14f1c39dec,2017-10-21T08:14:21.000Z,0.000072,0x037f96a2a6430376cff5cd297cc40c2554f8f7bf,buy,0x0766e79a6fd74469733e8330b3b461c0320ff059,0x5d84d05d10fc7a7243a07e004aea6a33a19a3d926afecc75e8bc8871147c21fd
218,250,0.018,0xd4504ceded844c0bbdf74de176edbe357995be7d,2017-10-21T08:06:17.000Z,0.000072,0x037f96a2a6430376cff5cd297cc40c2554f8f7bf,buy,0x0766e79a6fd74469733e8330b3b461c0320ff059,0x888685dd51e5640db88b9660ec019588a581ae2d30a20ed534a53190e10d1496
219,850.1105017614276,0.06120795612682279,0x6ea314700745ea32544837a3819d4fc09174979c,2017-10-21T06:22:52.000Z,0.000072,0x037f96a2a6430376cff5cd297cc40c2554f8f7bf,buy,0x0766e79a6fd74469733e8330b3b461c0320ff059,0x94a224fc1d1f5982833696cc04b54591d25861c5e956bfe41f76ed84ce3c27c8
220,3000,0.222,0xa0e8d87e5caf8424c86c8d95d99d6394dc04ad22,2017-10-21T05:37:11.000Z,0.000074,0xe1b8047e9de2f376362638e3c17ba289096f4a75,buy,0x0766e79a6fd74469733e8330b3b461c0320ff059,0xbbd7568cd1cf91c16f7c0d08bdbf88af03917b0a96b136a954910f00f0057ce5
221,6974.379423786263,0.4184627654271758,0xceb79b8ad3a7a394172490aef8a82087e8810196,2017-10-21T03:03:53.000Z,0.00005999999999999999,0xdec08a327f3d1eb3d7b38c035813e13cffeabe29,sell,0x0766e79a6fd74469733e8330b3b461c0320ff059,0x270b2287ef107426cc2f0834c373ba180e258e8e5c605b09d4f8e1d83dc19faa
222,0.000000008296780445,0.000000000000497806,0xceb79b8ad3a7a394172490aef8a82087e8810196,2017-10-21T02:59:38.000Z,0.00005999990035893977,0xdec08a327f3d1eb3d7b38c035813e13cffeabe29,sell,0x0766e79a6fd74469733e8330b3b461c0320ff059,0x2086659b9181421d7e3c0987a6d18717f5396a416ed1aeae415c198de9ba109b
223,0.000083225004631635,0.000000004993500277,0xceb79b8ad3a7a394172490aef8a82087e8810196,2017-10-21T02:53:33.000Z,0.00005999999998920877,0xdec08a327f3d1eb3d7b38c035813e13cffeabe29,sell,0x0766e79a6fd74469733e8330b3b461c0320ff059,0x23969f4e966baf705145d8ed33c77c075d2a2f2998d8d7378cbb7d65014a9fd5
224,23326.128,1.446219936,0xceb79b8ad3a7a394172490aef8a82087e8810196,2017-10-21T02:32:34.000Z,0.000062,0x5c483d9853399d39f858803d1075be379bfb431c,sell,0x0766e79a6fd74469733e8330b3b461c0320ff059,0x9f197619b6cb09d57c6a541048f0e6de3dbd29dc72695600946780e79cde4e81
225,0.16686985836817844,0.00001001219150209,0xceb79b8ad3a7a394172490aef8a82087e8810196,2017-10-21T02:19:39.000Z,0.00005999999999999576,0xde2d2e7eb340e4a1b9855bfe96156b4a2d023ab3,sell,0x0766e79a6fd74469733e8330b3b461c0320ff059,0x12bfa1c46106a82120f36be763a5e5dbd13b6f9c50634c0b0b3ae2f063fd0eaa
226,1673.871549291198,0.10378003605605428,0xceb79b8ad3a7a394172490aef8a82087e8810196,2017-10-21T02:18:51.000Z,0.00006199999999999999,0xde2d2e7eb340e4a1b9855bfe96156b4a2d023ab3,sell,0x0766e79a6fd74469733e8330b3b461c0320ff059,0xa036a6e87b0c4b2f3ef6c0d68983d7176c3abc4b354053ebabf1c45684761010
227,1548.9981058717974,0.09605337254511016,0x3dee4a4e076e8d82859d241db0baf46f112cfa23,2017-10-21T02:17:48.000Z,0.00006200999999999998,0xde2d2e7eb340e4a1b9855bfe96156b4a2d023ab3,sell,0x0766e79a6fd74469733e8330b3b461c0320ff059,0x92f8d12252fcbfb64fc1b3a32e02cf838e65ed1f29bcfa0bc82fa324c24f3db2
228,451.0018941282026,0.027966627454889842,0x3dee4a4e076e8d82859d241db0baf46f112cfa23,2017-10-21T02:08:31.000Z,0.00006200999999999998,0xaa85b24ac88a0a235f1977821194adce1cda9144,sell,0x0766e79a6fd74469733e8330b3b461c0320ff059,0x7f7b2aeef2f26105102060639e5d7088197942f65e5158ee088b23320714b5b2
229,1200,0.078,0x3e7d005ed164cc1b2066279cf625a0960281dfb2,2017-10-21T02:07:47.000Z,0.000065,0xaa85b24ac88a0a235f1977821194adce1cda9144,sell,0x0766e79a6fd74469733e8330b3b461c0320ff059,0x4bdadca71eb66e6b16f4d7bec5853342d59bc3acbf1939ddcb1368f0f5514039
230,80.50276733612289,0.005957204782873093,0x8e46e6732ce98bc4e380a61e1ce5fac9c785b64b,2017-10-21T01:46:58.000Z,0.00007399999999999998,0xde2d2e7eb340e4a1b9855bfe96156b4a2d023ab3,sell,0x0766e79a6fd74469733e8330b3b461c0320ff059,0xff0a461ad0191528827b32ce69b4097b3e157eee3670a9e3a8d2f62db43958eb
231,1625.8200547354827,0.11008427590613953,0x3dee4a4e076e8d82859d241db0baf46f112cfa23,2017-10-21T01:46:01.000Z,0.00006770999999999999,0xde2d2e7eb340e4a1b9855bfe96156b4a2d023ab3,sell,0x0766e79a6fd74469733e8330b3b461c0320ff059,0xecac27816b9a38b7b73f2034f729b0122953cfb345d1e159a04a4b196c0b1b0d
232,18000,1.11618,0x3dee4a4e076e8d82859d241db0baf46f112cfa23,2017-10-21T01:34:34.000Z,0.00006201,0x6ea314700745ea32544837a3819d4fc09174979c,sell,0x0766e79a6fd74469733e8330b3b461c0320ff059,0x6703e4a6b4f51a4749e27303113e7220385d8b36b55f4110da0dfa9444051f0c
233,0.8348300214599259,0.00005643450945069,0xb99f72a8b0d3a5025ab8b2ca534973497af42899,2017-10-21T01:07:54.000Z,0.0000675999999999988,0xdec08a327f3d1eb3d7b38c035813e13cffeabe29,sell,0x0766e79a6fd74469733e8330b3b461c0320ff059,0xf7bf22e0e3695c26df11b71beaccc9c4a0401fba08dc69ea5f61b50170f57d2a
234,3270.6349221830374,0.21913253978626349,0xb99f72a8b0d3a5025ab8b2ca534973497af42899,2017-10-21T00:55:18.000Z,0.00006699999999999999,0x641cf5dec78db66010db72471a3fafcc9c168557,sell,0x0766e79a6fd74469733e8330b3b461c0320ff059,0x02496f8c927a7e3d6a93c900d0ea1c5c3143f81abc669306b8cc4d4bfd25fafc
235,10000,0.677,0xb99f72a8b0d3a5025ab8b2ca534973497af42899,2017-10-21T00:53:53.000Z,0.0000677,0x641cf5dec78db66010db72471a3fafcc9c168557,sell,0x0766e79a6fd74469733e8330b3b461c0320ff059,0x380e7c6dcc72d5cf81426ea56ba9247f1d0a2168b2a0b23204d9fe25b5d313fb
236,8374.179945264517,0.5670157240938605,0x3dee4a4e076e8d82859d241db0baf46f112cfa23,2017-10-21T00:51:51.000Z,0.00006770999999999999,0xdec08a327f3d1eb3d7b38c035813e13cffeabe29,sell,0x0766e79a6fd74469733e8330b3b461c0320ff059,0x6c32a5b47360b217d0b52e4bb942683b1674584bfd05c837a554b5ee96f1cdb3
237,1305,0.100485,0x5a511a8b15877661cfefc897b84da8d99d3b6a8f,2017-10-20T22:07:43.000Z,0.000077,0x301e21525f75452c694ea2546d769099114c9401,sell,0x0766e79a6fd74469733e8330b3b461c0320ff059,0xe48e39b7d8326ddf0e6adda647f6eaefecc07986681a416ce098ea76920246da
238,1900,0.1406,0x8e46e6732ce98bc4e380a61e1ce5fac9c785b64b,2017-10-20T18:21:17.000Z,0.000074,0x1ed014aec47fae44c9e55bac7662c0b78ae61798,sell,0x0766e79a6fd74469733e8330b3b461c0320ff059,0xf04632b6b72aff8c50b2c44132167bf6a97759292862567446fbfa55f9ed2f46
239,10000,0.741,0xb99f72a8b0d3a5025ab8b2ca534973497af42899,2017-10-20T18:21:12.000Z,0.0000741,0x1ed014aec47fae44c9e55bac7662c0b78ae61798,sell,0x0766e79a6fd74469733e8330b3b461c0320ff059,0x63d3571ad84dd6351f1b3f4dca0861179e56e716b3e45a5191e622816b7a166e
240,3667.73,0.33376343,0x3af051066cbddc1c00b7442f61848a94b1044bdf,2017-10-20T18:19:12.000Z,0.000091,0x5933ec2852dc662a5df3ba42744a8472e17c7866,buy,0x0766e79a6fd74469733e8330b3b461c0320ff059,0x13bde55dddf8a87591ca0a2d13ed7e80821ae77235d0601a80409cfa2bc3a3d4
241,2475,0.215325,0xd44eecdb43b00bf7a0167abe7db8f77e1bbd03d9,2017-10-20T15:30:42.000Z,0.000087,0xe30a54ee53cf9ffb8cc3906b4a3c4fabb2489fc6,buy,0x0766e79a6fd74469733e8330b3b461c0320ff059,0xf3c9df4ef77ceadbd436b50ed600710dc6c3b456c845e90f0cc83c44b7cc1b51
242,5000,0.433495,0xd44eecdb43b00bf7a0167abe7db8f77e1bbd03d9,2017-10-20T15:28:32.000Z,0.000086699,0xad5b3fbc469313e21efe4117627a658424091b0a,buy,0x0766e79a6fd74469733e8330b3b461c0320ff059,0xb9072440310cadd281263814afa8c61cdb44f60e05dd0473e2d03632f88a0315
243,3575,0.303875,0xd44eecdb43b00bf7a0167abe7db8f77e1bbd03d9,2017-10-20T15:28:19.000Z,0.000085,0xb455f47fcd6cdce7bdfb72ad8eb4306db67a1fe6,buy,0x0766e79a6fd74469733e8330b3b461c0320ff059,0xb269d6638934d74926f8f6138e6df8b547f2f0faba4f66760855f7988c87acc8
244,3575,0.303875,0xd44eecdb43b00bf7a0167abe7db8f77e1bbd03d9,2017-10-20T15:28:15.000Z,0.000085,0xb455f47fcd6cdce7bdfb72ad8eb4306db67a1fe6,buy,0x0766e79a6fd74469733e8330b3b461c0320ff059,0x0f58e46524d89176df4e0f477b26ef0d973ee09732b3dd8f8533a78dee763258
245,8942.278935300568,0.6706977469843485,0xb99f72a8b0d3a5025ab8b2ca534973497af42899,2017-10-20T15:10:54.000Z,0.00007500299999999999,0xceb79b8ad3a7a394172490aef8a82087e8810196,sell,0x0766e79a6fd74469733e8330b3b461c0320ff059,0x5b49d1027edfea85dc6af9d26b97f9d22bb3a30f31a09539d3e4316858c1d92e
246,40000,3.00012,0xb99f72a8b0d3a5025ab8b2ca534973497af42899,2017-10-20T15:10:16.000Z,0.000075003,0xceb79b8ad3a7a394172490aef8a82087e8810196,sell,0x0766e79a6fd74469733e8330b3b461c0320ff059,0x55774c4fb5e38535c1e60345afad812654a22d13f927bee9539b10ac2afdf225
247,909.4266895173494,0.06820882056718024,0x5c483d9853399d39f858803d1075be379bfb431c,2017-10-20T14:43:26.000Z,0.00007500199999999998,0xe659902c2523d83d88e0fa5dffdf1d6a83a23876,sell,0x0766e79a6fd74469733e8330b3b461c0320ff059,0x0f7e93f4649cce38bdfb3c8e3ae7d510f920ff571707332c151d6b5ffe696107
248,600,0.0444,0x8e46e6732ce98bc4e380a61e1ce5fac9c785b64b,2017-10-20T14:43:26.000Z,0.000074,0xe659902c2523d83d88e0fa5dffdf1d6a83a23876,sell,0x0766e79a6fd74469733e8330b3b461c0320ff059,0xb5d757f821b721530f953056c5727edd37be561a08e0bad6302f8fece982971d
249,7150,0.5148143,0xb455f47fcd6cdce7bdfb72ad8eb4306db67a1fe6,2017-10-20T14:42:45.000Z,0.000072002,0xe659902c2523d83d88e0fa5dffdf1d6a83a23876,sell,0x0766e79a6fd74469733e8330b3b461c0320ff059,0xe860bcfb43e2fc440fc766ebece554a4fe894ca8a8abf9bf1b477e8500d1cfaa
250,7150,0.5148143,0xb455f47fcd6cdce7bdfb72ad8eb4306db67a1fe6,2017-10-20T14:42:34.000Z,0.000072002,0xe659902c2523d83d88e0fa5dffdf1d6a83a23876,sell,0x0766e79a6fd74469733e8330b3b461c0320ff059,0xe860bcfb43e2fc440fc766ebece554a4fe894ca8a8abf9bf1b477e8500d1cfaa
251,10000,0.72,0x1d76c2a0f74838c67a87c58c0298bd0391ae4973,2017-10-20T14:38:13.000Z,0.000072,0xe659902c2523d83d88e0fa5dffdf1d6a83a23876,sell,0x0766e79a6fd74469733e8330b3b461c0320ff059,0x948183ba305b332eb9454eb42c23dcba412cdff247542db6dd0d6e758bfc55cb
252,20000,1.30002,0x3dee4a4e076e8d82859d241db0baf46f112cfa23,2017-10-20T14:38:13.000Z,0.000065001,0xe659902c2523d83d88e0fa5dffdf1d6a83a23876,sell,0x0766e79a6fd74469733e8330b3b461c0320ff059,0x06b6ae261bd6141841247b9344362a364fd3dc41b5fab60d2e077ca37137888c
253,489.5214834014555,0.036715090298075966,0x5c483d9853399d39f858803d1075be379bfb431c,2017-10-20T13:30:45.000Z,0.00007500199999999998,0x235a9dcaa2ab621da5779417f5b05c9a8b9fa6f7,sell,0x0766e79a6fd74469733e8330b3b461c0320ff059,0xa47517af23c1a4bb5008738e2fe3664ffe9a60c24581baabcf56bf47e0877478
254,1000,0.075003,0xe4a84c0536adb0b23419413327b2eb288a512d83,2017-10-20T13:29:42.000Z,0.000075003,0x235a9dcaa2ab621da5779417f5b05c9a8b9fa6f7,sell,0x0766e79a6fd74469733e8330b3b461c0320ff059,0x8f2b489806feb51cccffd8d2f9890220b07c50a226ac9fc399cae09406a57924
255,5500,0.516835,0xd44eecdb43b00bf7a0167abe7db8f77e1bbd03d9,2017-10-20T12:03:27.000Z,0.00009397,0x2475fe4d7a9d7d2e7908baf6697b801596bf5148,buy,0x0766e79a6fd74469733e8330b3b461c0320ff059,0x1ac4c899c4a6678bb54e2815322b9f6162eda5a0987b5ffa041f09e164384b73
256,5000,0.4005,0xad5b3fbc469313e21efe4117627a658424091b0a,2017-10-20T12:03:27.000Z,0.0000801,0xe30a54ee53cf9ffb8cc3906b4a3c4fabb2489fc6,sell,0x0766e79a6fd74469733e8330b3b461c0320ff059,0x5185b5a3531f4148396bec47002f5f08a61703e84ccf92734a0b0e2d812e6d84
257,1395,0.13108815,0x3d9bf3fce665a1aa13e5d044be238f0b7fa78299,2017-10-20T11:53:33.000Z,0.00009397,0x2475fe4d7a9d7d2e7908baf6697b801596bf5148,buy,0x0766e79a6fd74469733e8330b3b461c0320ff059,0xc1fb2328dd5d81222c5f101bba77bcb986cbfa14ad3ca411db0cc0e912ac44e1
258,3209.2,0.301536432,0xd44eecdb43b00bf7a0167abe7db8f77e1bbd03d9,2017-10-20T11:51:13.000Z,0.00009396,0xad5b3fbc469313e21efe4117627a658424091b0a,buy,0x0766e79a6fd74469733e8330b3b461c0320ff059,0xb8f06ac94273da0b7f24315df02ec3c5e745dcfe713983d47d12085cd345840f
259,20,0.0018,0x3d9bf3fce665a1aa13e5d044be238f0b7fa78299,2017-10-20T11:48:38.000Z,0.00009,0x5dc3698588f1a100975eaeae9e80bd6af3c924bc,buy,0x0766e79a6fd74469733e8330b3b461c0320ff059,0x8aaeaf4a517f7c31bdad322e112ee69dc1f5840a2b5b0fb40ee9581ef815b213
260,3000,0.225,0x8e46e6732ce98bc4e380a61e1ce5fac9c785b64b,2017-10-20T11:21:28.000Z,0.000075,0x8d5ebdf9d7107bd8c63e490fe616d4b89184807c,sell,0x0766e79a6fd74469733e8330b3b461c0320ff059,0x9821d06bd1077be070ddfd4b4ddefd1488a8b15f58c99fbf87b50b8c3c989507
261,1993.8191606021335,0.15651480410726748,0x8d5ebdf9d7107bd8c63e490fe616d4b89184807c,2017-10-20T09:32:25.000Z,0.00007849999999999998,0x6e20fc98c86d303fa8d3dc182fa739cde1046faf,sell,0x0766e79a6fd74469733e8330b3b461c0320ff059,0xbf0af8876489e5c1fd47f112ddaa2fce543dd2caaf53e4c16f3c2241d6c611f5
262,4229.3368463777715,0.317246786183643,0x2475fe4d7a9d7d2e7908baf6697b801596bf5148,2017-10-20T08:33:22.000Z,0.00007501099999999999,0x508e4a96dab9bd044d0bb654d623c4ef663dfc35,sell,0x0766e79a6fd74469733e8330b3b461c0320ff059,0x04fc7fbaa2945cb14fff3e5bca8bf8f96096546b362d1b854b402bc793e208f9
263,2000,0.15004,0x6e20fc98c86d303fa8d3dc182fa739cde1046faf,2017-10-20T08:20:38.000Z,0.00007502,0x508e4a96dab9bd044d0bb654d623c4ef663dfc35,sell,0x0766e79a6fd74469733e8330b3b461c0320ff059,0x66dd122c657f27729f9e662fc54594841284c6469c723fa3a77bf11520dce2d6
264,500,0.03750555,0xe146142131ba3daa2751d0346df4e381711c411b,2017-10-20T08:20:38.000Z,0.0000750111,0x508e4a96dab9bd044d0bb654d623c4ef663dfc35,sell,0x0766e79a6fd74469733e8330b3b461c0320ff059,0x4aedca629cd272b6d11f3a13e24a75407d23e7488d36448a53a3b5ff5534d042
265,600,0.0444,0xbdafd3dd762895a2a6345a32413941f1bd4a8bed,2017-10-20T08:20:24.000Z,0.000074,0x82eaa8802ed058bf2f07e6d4842c63ce435da2ce,buy,0x0766e79a6fd74469733e8330b3b461c0320ff059,0x43e0a9aa2fe638cb30b33bc8bd14d05df74bb8110ff1f5de2022fc8021664627
266,7490,0.56183988,0xe30a54ee53cf9ffb8cc3906b4a3c4fabb2489fc6,2017-10-20T07:18:32.000Z,0.000075012,0x5933ec2852dc662a5df3ba42744a8472e17c7866,sell,0x0766e79a6fd74469733e8330b3b461c0320ff059,0xb60847bf24c8a50721e4fab15080b354c3f06eb650809a0dc01e910f4696b716
267,1000,0.074,0x037f96a2a6430376cff5cd297cc40c2554f8f7bf,2017-10-20T06:11:42.000Z,0.000074,0x82eaa8802ed058bf2f07e6d4842c63ce435da2ce,buy,0x0766e79a6fd74469733e8330b3b461c0320ff059,0x01f9d1ff2fab43211788898b88249753144bd4fe34e106b61f8b776c73ec8e3f
268,3389.8,0.254370592,0x45bb90d2188da25d0def69d0314ef8d44b6e9fbf,2017-10-20T06:06:58.000Z,0.00007504,0x273a5d3e6721b9f5c1a6474f560c1334c63dda01,sell,0x0766e79a6fd74469733e8330b3b461c0320ff059,0x1694cddbf51339efe2b0adbce865c3a48ad91830f5dc3d46b83a6ba9ee801699
269,3400,0.2516,0x273a5d3e6721b9f5c1a6474f560c1334c63dda01,2017-10-20T06:06:58.000Z,0.000074,0x82eaa8802ed058bf2f07e6d4842c63ce435da2ce,buy,0x0766e79a6fd74469733e8330b3b461c0320ff059,0x1694cddbf51339efe2b0adbce865c3a48ad91830f5dc3d46b83a6ba9ee801699
270,4297.677480509296,0.3223730854904829,0x2475fe4d7a9d7d2e7908baf6697b801596bf5148,2017-10-20T04:08:02.000Z,0.00007501099999999999,0x9988f94df2320482b8463515770dfe7096df777d,sell,0x0766e79a6fd74469733e8330b3b461c0320ff059,0x54a2481ffba98baf6cf61d9693f57fbdabd4972eeec2a99508c52e552d1e3bed
271,500,0.04995,0xe146142131ba3daa2751d0346df4e381711c411b,2017-10-20T02:31:50.000Z,0.0000999,0xad5b3fbc469313e21efe4117627a658424091b0a,buy,0x0766e79a6fd74469733e8330b3b461c0320ff059,0xc7df7d806b7ee66f65e25a71fcb23cc56fc0fec73547ac3debf1ed16807b4d17
272,20,0.0015002,0x5dc3698588f1a100975eaeae9e80bd6af3c924bc,2017-10-20T02:27:38.000Z,0.00007501,0xb99f72a8b0d3a5025ab8b2ca534973497af42899,sell,0x0766e79a6fd74469733e8330b3b461c0320ff059,0x2899daa736aee72f399a65002766ec95b7a5a456694ec6fdf9c00e763cd031a8
273,20,0.0015002,0x5dc3698588f1a100975eaeae9e80bd6af3c924bc,2017-10-20T02:27:24.000Z,0.00007501,0xb99f72a8b0d3a5025ab8b2ca534973497af42899,sell,0x0766e79a6fd74469733e8330b3b461c0320ff059,0x2899daa736aee72f399a65002766ec95b7a5a456694ec6fdf9c00e763cd031a8
274,6290.7920736677825,0.6284501281594115,0x6ea314700745ea32544837a3819d4fc09174979c,2017-10-20T02:09:42.000Z,0.0000999,0xad5b3fbc469313e21efe4117627a658424091b0a,buy,0x0766e79a6fd74469733e8330b3b461c0320ff059,0x31b3c59ed8222e1f9eda1ea0a698c1857df8bdc77464dfc64938b6c6f20f2d46
275,86.34777917481526,0.007089152670252332,0x6d14f642af21d9b7db8047693bd19ce5078a7181,2017-10-20T01:06:27.000Z,0.00008209999999999998,0x389b675cdd46602197f71d0ac0b422e850f9cecd,sell,0x0766e79a6fd74469733e8330b3b461c0320ff059,0x5cd099a4c78fd728d6d36c3ccbd22da1144aefa621c6537f5d22d2cc05140d1d
276,209.285,0.0167428,0x79b5e2073b663c44870d7e744342f18a018b5c8c,2017-10-20T01:02:24.000Z,0.00008,0x389b675cdd46602197f71d0ac0b422e850f9cecd,sell,0x0766e79a6fd74469733e8330b3b461c0320ff059,0x7620fec6d3b64ad57c4ebf59353410b3d414d6fe57ebd999aec6a6146f683451
277,3050.115,0.2504144415,0x6ea314700745ea32544837a3819d4fc09174979c,2017-10-20T00:32:43.000Z,0.0000821,0x8c2dee6699a19e1aede38b4b9bcac6dfce45a981,buy,0x0766e79a6fd74469733e8330b3b461c0320ff059,0x4d5baa2f7889afc3a21fad2cbedd2e750966b2e7851707366b8c6bfcf0ff50e6
278,12482.946,1.023601572,0x7a10005d17e1b9123b4e738bbb33200ae7c490ba,2017-10-20T00:08:15.000Z,0.000082,0x8c2dee6699a19e1aede38b4b9bcac6dfce45a981,sell,0x0766e79a6fd74469733e8330b3b461c0320ff059,0xb63f7bbb526d67b36e45157bd6cc949bebf5fdc2ea14537498f20bd9fe8e001e
279,1400,0.133,0x40f6629f7acd76158995e0c2ca3a91f024be13ce,2017-10-19T23:56:33.000Z,0.000095,0x8c2dee6699a19e1aede38b4b9bcac6dfce45a981,sell,0x0766e79a6fd74469733e8330b3b461c0320ff059,0xef344a55d47ca0e31c56bc3892c3f4c48cd02b6d14aa9f08b5608a87a46dcdbd
280,4238,0.40261,0x1d76c2a0f74838c67a87c58c0298bd0391ae4973,2017-10-19T23:30:59.000Z,0.000095,0x36a507c386b0006c123b5f7cc8a66ad9a45110f5,buy,0x0766e79a6fd74469733e8330b3b461c0320ff059,0x21974b58e0668a6d7f09e64d5b40cd7a7c5af8eae1a835efad9d8d6da4fb9440
281,100,0.0095,0x035392de57aa4fe343d86494103dbe1b068a56c6,2017-10-19T23:25:23.000Z,0.000095,0x36a507c386b0006c123b5f7cc8a66ad9a45110f5,buy,0x0766e79a6fd74469733e8330b3b461c0320ff059,0xd807090f516d84205cab5e1cdee7432b864c91b8e99142f426529f9f713aa1be
282,10000,0.821,0x6ea314700745ea32544837a3819d4fc09174979c,2017-10-19T23:05:33.000Z,0.0000821,0xe659902c2523d83d88e0fa5dffdf1d6a83a23876,buy,0x0766e79a6fd74469733e8330b3b461c0320ff059,0xc8bde4228ca2a903c21ee01bf5a9438cf16733dcf12f5a32c723542fb78fe7f9
283,10000,0.821,0x44655301b0fbb5b2c691bc812ab40682dc88b412,2017-10-19T22:47:39.000Z,0.0000821,0xe659902c2523d83d88e0fa5dffdf1d6a83a23876,buy,0x0766e79a6fd74469733e8330b3b461c0320ff059,0xe5f576082f6d054bc8ee1863efed95d33e8ee382ae0f322649d026573769d8f7
284,5000,0.41,0x7a10005d17e1b9123b4e738bbb33200ae7c490ba,2017-10-19T21:29:22.000Z,0.000082,0x8d5ebdf9d7107bd8c63e490fe616d4b89184807c,sell,0x0766e79a6fd74469733e8330b3b461c0320ff059,0xaa912229e22479454f017c6e96126df665d655d885556ebf51668975f0d528ec
285,5000,0.41,0x7a10005d17e1b9123b4e738bbb33200ae7c490ba,2017-10-19T21:26:35.000Z,0.000082,0x8d5ebdf9d7107bd8c63e490fe616d4b89184807c,sell,0x0766e79a6fd74469733e8330b3b461c0320ff059,0x58e0cb2b1a3cddd4484d6a58de6f8b64b57f2b4508373f1cefc4fe36dd620b12
286,5000,0.375,0xd445f61ebca3d6b4c57eef1f39fdab6595ef8972,2017-10-19T20:11:46.000Z,0.000075,0x82eaa8802ed058bf2f07e6d4842c63ce435da2ce,buy,0x0766e79a6fd74469733e8330b3b461c0320ff059,0xc7802003b6f7c0630a6622455e7af79bbdd5e002d6ab834f22b9a3f3d2d5bdd2
287,4985,0.40877,0x7a10005d17e1b9123b4e738bbb33200ae7c490ba,2017-10-19T20:11:46.000Z,0.000082,0xd445f61ebca3d6b4c57eef1f39fdab6595ef8972,sell,0x0766e79a6fd74469733e8330b3b461c0320ff059,0xc7802003b6f7c0630a6622455e7af79bbdd5e002d6ab834f22b9a3f3d2d5bdd2
288,0.5962972267776294,0.000048896372595765,0x7a10005d17e1b9123b4e738bbb33200ae7c490ba,2017-10-19T19:41:10.000Z,0.00008199999999999898,0x65e44324f5a4edb9fa333b1e0185975641cd5029,sell,0x0766e79a6fd74469733e8330b3b461c0320ff059,0x7d30bbf84ceb64bbe9373c2e3cafa143ee46e5916f5ef2a9f2243db8b9758c03
289,5981.4574818064,0.4904795135081248,0x7a10005d17e1b9123b4e738bbb33200ae7c490ba,2017-10-19T19:36:18.000Z,0.00008199999999999999,0x65e44324f5a4edb9fa333b1e0185975641cd5029,sell,0x0766e79a6fd74469733e8330b3b461c0320ff059,0xc585ebb06db52a11caf63c22fc715ce78ac7107f386ec1e37f851b46fcb660a3
290,16994.474,1.359574914474,0x8c2dee6699a19e1aede38b4b9bcac6dfce45a981,2017-10-19T19:01:56.000Z,0.000080001,0x8a424781254908e4bc40db921f969218eef3c81a,buy,0x0766e79a6fd74469733e8330b3b461c0320ff059,0x92ddd0da6e6f6fa38cddbfa67762093999c64e3dc3e0fab35db2f379e5f6e615
291,51.354260802964944,0.004108340864237195,0x79b5e2073b663c44870d7e744342f18a018b5c8c,2017-10-19T18:48:02.000Z,0.00007999999999999998,0x64dcca9d2091012bd3e1e5235d703f72f4d65746,sell,0x0766e79a6fd74469733e8330b3b461c0320ff059,0x868d21212a7a8d05bc910d63e11355ec0b2be55108f5c82b02e2f42b11827ed3
292,2239.3603624517027,0.1791488289961362,0x79b5e2073b663c44870d7e744342f18a018b5c8c,2017-10-19T18:20:15.000Z,0.00007999999999999999,0x3efd9b0bd8e4595bc494539aca584821950106ee,sell,0x0766e79a6fd74469733e8330b3b461c0320ff059,0xbd6b7f0111211d244b71ae3afdaa63b60e7e2e07352d94f2203521f98dff0a26
293,1000,0.082,0x1e71d58dbce68549948bdbd7b026501c4e17231e,2017-10-19T18:18:30.000Z,0.000082,0x3efd9b0bd8e4595bc494539aca584821950106ee,sell,0x0766e79a6fd74469733e8330b3b461c0320ff059,0x837695a17a3b771949ae041092a655b8e2edee01cab3de953c67712771311604
294,3249.302379575303,0.25997668338982,0x3efd9b0bd8e4595bc494539aca584821950106ee,2017-10-19T18:17:20.000Z,0.00008001,0x8a424781254908e4bc40db921f969218eef3c81a,buy,0x0766e79a6fd74469733e8330b3b461c0320ff059,0x07ecae543638d6ea5bc4f09be7f2bcbccb08d0cdfc847bbc28cb26ee7ec67eae
295,35400,2.8320354,0xc9d0de6ec1e7813d0358a915d1e64719d3188722,2017-10-19T17:46:57.000Z,0.000080001,0xfebae6f3c3010e87d6d6cd19b01c319fb2a780bf,sell,0x0766e79a6fd74469733e8330b3b461c0320ff059,0x09beeb755d030b95ee673ab5008741e29c1f67e37ea2c6bbd8e29164619d9cc3
296,3000,0.243003,0x5c483d9853399d39f858803d1075be379bfb431c,2017-10-19T17:46:57.000Z,0.000081001,0xfebae6f3c3010e87d6d6cd19b01c319fb2a780bf,sell,0x0766e79a6fd74469733e8330b3b461c0320ff059,0x05d3178e89ed7b7489ef7f0df0189945a0287600c6591ca8ecd894a58891ee27
297,35400,2.8320354,0xc9d0de6ec1e7813d0358a915d1e64719d3188722,2017-10-19T17:46:41.000Z,0.000080001,0xfebae6f3c3010e87d6d6cd19b01c319fb2a780bf,sell,0x0766e79a6fd74469733e8330b3b461c0320ff059,0x09beeb755d030b95ee673ab5008741e29c1f67e37ea2c6bbd8e29164619d9cc3
298,1000,0.083,0x3e7d005ed164cc1b2066279cf625a0960281dfb2,2017-10-19T15:58:32.000Z,0.000083,0x64dcca9d2091012bd3e1e5235d703f72f4d65746,sell,0x0766e79a6fd74469733e8330b3b461c0320ff059,0x6ac91fd37d6fd13339e26e8a1de7a6336c7afaaedc57fcd739d7b09d23721a02
299,1350,0.11475,0x7f1619e24052ce0f6bfad97f10c05c8e1b738a9d,2017-10-19T15:58:32.000Z,0.000085,0x64dcca9d2091012bd3e1e5235d703f72f4d65746,sell,0x0766e79a6fd74469733e8330b3b461c0320ff059,0x5c63014899fa5d55405a852df722164ee387e3e718ca75093f9d778cfb254bee
300,1000,0.09,0x3e7d005ed164cc1b2066279cf625a0960281dfb2,2017-10-19T15:58:20.000Z,0.00009,0x64dcca9d2091012bd3e1e5235d703f72f4d65746,sell,0x0766e79a6fd74469733e8330b3b461c0320ff059,0x03672086ff8427d52b72b7e437d52c6e8c4ec56ea68b2d52c4eab1749d765e0e
301,22983,2.0799615,0x7c57b2682f02b585fb89952e690464b2a3f65535,2017-10-19T15:48:03.000Z,0.0000905,0x64dcca9d2091012bd3e1e5235d703f72f4d65746,sell,0x0766e79a6fd74469733e8330b3b461c0320ff059,0x286b89c7e9e54df1b489f2e6acc68e9f9a308327595f1ee51626b026a101d0a6
302,10000,0.90501,0xad5b3fbc469313e21efe4117627a658424091b0a,2017-10-19T15:48:03.000Z,0.000090501,0x64dcca9d2091012bd3e1e5235d703f72f4d65746,sell,0x0766e79a6fd74469733e8330b3b461c0320ff059,0xd3d33374add9a6ea2f89c9d8d5335082388ea3b3affb97a1722f06e44236d0ed
303,200,0.0243998,0x8d5ebdf9d7107bd8c63e490fe616d4b89184807c,2017-10-19T15:45:50.000Z,0.000121999,0x65e44324f5a4edb9fa333b1e0185975641cd5029,buy,0x0766e79a6fd74469733e8330b3b461c0320ff059,0x161b0185dd7aa855b6f0430b6af006958a725c2a4b7df0200820cceb7a8a6692
304,22983,2.0799615,0x7c57b2682f02b585fb89952e690464b2a3f65535,2017-10-19T15:44:30.000Z,0.0000905,0x64dcca9d2091012bd3e1e5235d703f72f4d65746,sell,0x0766e79a6fd74469733e8330b3b461c0320ff059,0x286b89c7e9e54df1b489f2e6acc68e9f9a308327595f1ee51626b026a101d0a6
305,10000,0.90501,0xad5b3fbc469313e21efe4117627a658424091b0a,2017-10-19T15:44:30.000Z,0.000090501,0x64dcca9d2091012bd3e1e5235d703f72f4d65746,sell,0x0766e79a6fd74469733e8330b3b461c0320ff059,0xd3d33374add9a6ea2f89c9d8d5335082388ea3b3affb97a1722f06e44236d0ed
306,2000,0.204,0x8b0f808456713a2433fe280f06641a266043c7f3,2017-10-19T15:44:30.000Z,0.000102,0x64dcca9d2091012bd3e1e5235d703f72f4d65746,sell,0x0766e79a6fd74469733e8330b3b461c0320ff059,0x52e525404a2f5db8a949e1ee799f00bc7f185feba740af13d2ba94d63eb37046
307,1496,0.182512,0xb88f78a18601dce45130d0cbe230d387a1779792,2017-10-19T15:18:12.000Z,0.000122,0x64dcca9d2091012bd3e1e5235d703f72f4d65746,sell,0x0766e79a6fd74469733e8330b3b461c0320ff059,0x6ce05df23e9908b671c409114a3d7b8c4f18b9f821236b1874b31603d055a21b
308,1659.3070974858063,0.20243546589326836,0x36a507c386b0006c123b5f7cc8a66ad9a45110f5,2017-10-19T15:17:52.000Z,0.000122,0x14319b81fead2f3038619e231de24a14e93f48df,buy,0x0766e79a6fd74469733e8330b3b461c0320ff059,0xac4aa4c672843a0d7eaa281a0639e8dffbfc409782cd7500cc953f33c194eace
309,500,0.06,0x36a507c386b0006c123b5f7cc8a66ad9a45110f5,2017-10-19T15:16:49.000Z,0.00012,0x1e71d58dbce68549948bdbd7b026501c4e17231e,buy,0x0766e79a6fd74469733e8330b3b461c0320ff059,0x6eb84c21f295543e3650c8ac1755cbdac906397a6c417500963fe8831926674e
310,500,0.06,0x36a507c386b0006c123b5f7cc8a66ad9a45110f5,2017-10-19T15:16:49.000Z,0.00012,0x1e71d58dbce68549948bdbd7b026501c4e17231e,buy,0x0766e79a6fd74469733e8330b3b461c0320ff059,0x36bd3b829a655e6ecd7c0ab7066b6ae41648a89c795c5b7cafde529973d74504
311,970,0.1164,0x36a507c386b0006c123b5f7cc8a66ad9a45110f5,2017-10-19T15:16:49.000Z,0.00012,0x5a511a8b15877661cfefc897b84da8d99d3b6a8f,buy,0x0766e79a6fd74469733e8330b3b461c0320ff059,0x7f8bd05b96296a38203d78b78a24d6e46a8fd7650f7be9372d6ee60ec17ac3a7
312,709.207,0.08510484,0x36a507c386b0006c123b5f7cc8a66ad9a45110f5,2017-10-19T15:16:49.000Z,0.00012,0xe7b030eb34f58caeae75cca398f9a01f22502ae1,buy,0x0766e79a6fd74469733e8330b3b461c0320ff059,0xcd49a3a1a964d9c0c6032a58e140770201b94b97790d5c68ce1d26f1fd1e7b40
313,329,0.039151,0x1d76c2a0f74838c67a87c58c0298bd0391ae4973,2017-10-19T14:47:06.000Z,0.000119,0x3e7d005ed164cc1b2066279cf625a0960281dfb2,buy,0x0766e79a6fd74469733e8330b3b461c0320ff059,0x50bfca477a04036a9e689716aca39bbbe18f48c7cf81c36fb72c69a49babcfd8
314,26026.886,3.1206236314,0x1d76c2a0f74838c67a87c58c0298bd0391ae4973,2017-10-19T14:47:06.000Z,0.0001199,0x5dc3698588f1a100975eaeae9e80bd6af3c924bc,buy,0x0766e79a6fd74469733e8330b3b461c0320ff059,0x9c2c6459479f87d888a98e1d87604bf325199534aacea2a085e84d526832658f
315,3000.114,0.3597136686,0x8d5ebdf9d7107bd8c63e490fe616d4b89184807c,2017-10-19T14:45:26.000Z,0.0001199,0x5dc3698588f1a100975eaeae9e80bd6af3c924bc,buy,0x0766e79a6fd74469733e8330b3b461c0320ff059,0x2bc7b84ad8ce0b4ad274d4f0e9fd9ca7818e64c92962342415d734f94e133847
316,20.114,0.0024116686,0x8d5ebdf9d7107bd8c63e490fe616d4b89184807c,2017-10-19T14:43:18.000Z,0.0001199,0x5dc3698588f1a100975eaeae9e80bd6af3c924bc,buy,0x0766e79a6fd74469733e8330b3b461c0320ff059,0x1cb7dc0b441d16fae1e83dfccc71d95e8751a51a78c06c41e4a6fd8800857e96
317,305,0.0365695,0x7dac9edc0046ee01af8ea4a6d60823655b2ae2e6,2017-10-19T14:42:55.000Z,0.0001199,0x5dc3698588f1a100975eaeae9e80bd6af3c924bc,buy,0x0766e79a6fd74469733e8330b3b461c0320ff059,0xca690d37de3d4d4c45393e6b3b56c7c0d7100bbef4b1add11b44f0b288d96296
318,1100,0.1265,0x7dac9edc0046ee01af8ea4a6d60823655b2ae2e6,2017-10-19T14:40:02.000Z,0.000115,0x3e7d005ed164cc1b2066279cf625a0960281dfb2,buy,0x0766e79a6fd74469733e8330b3b461c0320ff059,0x2ea8d40bb300ffb64ba7f883875d3cb24e857504f071b96360996be46ef49bfc
319,1000,0.11,0x8d5ebdf9d7107bd8c63e490fe616d4b89184807c,2017-10-19T14:28:59.000Z,0.00011,0x3e7d005ed164cc1b2066279cf625a0960281dfb2,buy,0x0766e79a6fd74469733e8330b3b461c0320ff059,0xaf25a7c11f7989256bec2e810bd259e19761673f816cf453fc802cab9f0e5ba7
320,5700,0.6441,0x1d76c2a0f74838c67a87c58c0298bd0391ae4973,2017-10-19T13:26:14.000Z,0.000113,0xee8a389281f18c33c6c52ed3ec407529dfc08b27,buy,0x0766e79a6fd74469733e8330b3b461c0320ff059,0xbf010d22705071f8bb74637c5da4ff8f5348789cbbc46531b25318ec7608d547
321,18500,2.08125,0x1d76c2a0f74838c67a87c58c0298bd0391ae4973,2017-10-19T13:25:54.000Z,0.0001125,0x7c57b2682f02b585fb89952e690464b2a3f65535,buy,0x0766e79a6fd74469733e8330b3b461c0320ff059,0xfe62209fd7ee8c4660ad6ce00ab48c9244d7cf3cfec1ba33cb90d7be446d60c8
322,2756.089,0.306231804879,0x1d76c2a0f74838c67a87c58c0298bd0391ae4973,2017-10-19T13:25:54.000Z,0.000111111,0x64dcca9d2091012bd3e1e5235d703f72f4d65746,buy,0x0766e79a6fd74469733e8330b3b461c0320ff059,0xa0f7e3db18f38143b7ce892e7b5f9efb16e5cfaf68f6776ea74a06e018002377
323,5000,0.55555,0x8d5ebdf9d7107bd8c63e490fe616d4b89184807c,2017-10-19T13:07:25.000Z,0.00011111,0x5c483d9853399d39f858803d1075be379bfb431c,buy,0x0766e79a6fd74469733e8330b3b461c0320ff059,0x0fe74b9dc08cc61aa86ff496897c5e34911d44dca6aed24afbacb26006eb7c13
324,750,0.08333325,0x235a9dcaa2ab621da5779417f5b05c9a8b9fa6f7,2017-10-19T12:41:00.000Z,0.000111111,0x64dcca9d2091012bd3e1e5235d703f72f4d65746,buy,0x0766e79a6fd74469733e8330b3b461c0320ff059,0xdb2697054d78841e3764cf3606e5eb4c1f1351663ed7484dcd49331edab48c54
325,2900,0.3222219,0x187d00fcd2e6137fe84fb0c0d3646108dba73f91,2017-10-19T12:37:44.000Z,0.000111111,0x64dcca9d2091012bd3e1e5235d703f72f4d65746,buy,0x0766e79a6fd74469733e8330b3b461c0320ff059,0xf738f10b9ff4855883259eef794ff1aa81c970d4fdd9ebeab1b30c9a83e0e648
326,1000,0.11,0x187d00fcd2e6137fe84fb0c0d3646108dba73f91,2017-10-19T12:34:40.000Z,0.00011,0x3e7d005ed164cc1b2066279cf625a0960281dfb2,buy,0x0766e79a6fd74469733e8330b3b461c0320ff059,0x889391f72277376c71b1f6ddd79808c660e7aa5230298a084296db7963c1323c
327,10000,0.8,0x8d5ebdf9d7107bd8c63e490fe616d4b89184807c,2017-10-19T11:55:54.000Z,0.00008,0x64dcca9d2091012bd3e1e5235d703f72f4d65746,sell,0x0766e79a6fd74469733e8330b3b461c0320ff059,0x97af2302ba3ca19725a8beae5574cc89db64eb6ea3d03c83601afdecb498bf68
328,744.039,0.05952312,0x235a9dcaa2ab621da5779417f5b05c9a8b9fa6f7,2017-10-19T10:45:40.000Z,0.00008,0x8e46e6732ce98bc4e380a61e1ce5fac9c785b64b,buy,0x0766e79a6fd74469733e8330b3b461c0320ff059,0xc8aa0d1a3f1fde8781894eabef00e820b46361edb3bff6a027c3925e819d3b4e
329,3500,0.28,0xbfb3c47f0aad3e694f049f6e2da4e5e8dee0cb61,2017-10-19T09:41:20.000Z,0.00008,0x8e46e6732ce98bc4e380a61e1ce5fac9c785b64b,buy,0x0766e79a6fd74469733e8330b3b461c0320ff059,0x71a49dc5de3bf9fa88528e511c7c3ad61010591882a570dd59724375e2c85cdf
330,100,0.0077,0x9988f94df2320482b8463515770dfe7096df777d,2017-10-19T08:36:51.000Z,0.000077,0xbede750d17ab647cab6b45b8765347dff3fbb89a,buy,0x0766e79a6fd74469733e8330b3b461c0320ff059,0xabcff94142faab0829049728be3b1ceccb012e7b2fb8b470d9716742358a6015
331,624.31095937098,0.0499448767496784,0x749655d51ad1860b496b8f8df72f1b8e6ff2895d,2017-10-19T08:20:12.000Z,0.00008,0x64dcca9d2091012bd3e1e5235d703f72f4d65746,buy,0x0766e79a6fd74469733e8330b3b461c0320ff059,0x06806ee3c64ad4f79bf8c95aa99a3ad730228c52c8817b573e3031df9d1ea947
332,709.2070260278612,0.04255242156167167,0xe7b030eb34f58caeae75cca398f9a01f22502ae1,2017-10-19T08:18:11.000Z,0.00005999999999999999,0x67cd0409033f15b7c8e618e9e0340262b9f880c5,sell,0x0766e79a6fd74469733e8330b3b461c0320ff059,0x8062d6e88570a24656e2a4421a19b00c8f393691969fac78bf0d6a56a355e398
333,12463.233450300468,0.9970586760240373,0x749655d51ad1860b496b8f8df72f1b8e6ff2895d,2017-10-19T08:17:32.000Z,0.00008,0x64dcca9d2091012bd3e1e5235d703f72f4d65746,buy,0x0766e79a6fd74469733e8330b3b461c0320ff059,0x941517510fe19ea77b9f66181c33b4a149d0fd50a2f6e67de17c1e9e71ddb432
334,1044.039,0.068906574,0x8e46e6732ce98bc4e380a61e1ce5fac9c785b64b,2017-10-19T08:16:14.000Z,0.000066,0x67cd0409033f15b7c8e618e9e0340262b9f880c5,sell,0x0766e79a6fd74469733e8330b3b461c0320ff059,0x5c999f6f3cb4d26ebb8bc21850d1ccc2ff8d2eede55a836dde1d7d9af1bd928a
335,1000,0.067,0x14319b81fead2f3038619e231de24a14e93f48df,2017-10-19T08:11:49.000Z,0.000067,0x67cd0409033f15b7c8e618e9e0340262b9f880c5,sell,0x0766e79a6fd74469733e8330b3b461c0320ff059,0xc2f72471df86481e9256fef5ea36e7bd7677cce62894a8094af63fe37bd2dde8
336,10000,0.6,0x97e55e166df684b33489f17b9ddbaf919b6fe428,2017-10-19T08:10:15.000Z,0.00006,0x67cd0409033f15b7c8e618e9e0340262b9f880c5,sell,0x0766e79a6fd74469733e8330b3b461c0320ff059,0xd24b6318977d5029969de5d115d03afb38cf30617c58b55ccda868ec76feabb2
337,6749.947790601542,0.43874660638910024,0x508e4a96dab9bd044d0bb654d623c4ef663dfc35,2017-10-19T07:37:24.000Z,0.000065,0x67cd0409033f15b7c8e618e9e0340262b9f880c5,sell,0x0766e79a6fd74469733e8330b3b461c0320ff059,0x197c727f94f1b0253035a9f55da500a8c38b0177ed75572e37180a488c958272
338,1600,0.112,0x8e46e6732ce98bc4e380a61e1ce5fac9c785b64b,2017-10-19T07:35:07.000Z,0.00007,0x67cd0409033f15b7c8e618e9e0340262b9f880c5,sell,0x0766e79a6fd74469733e8330b3b461c0320ff059,0xf422304a3b94af0502df433d4ec0a7252d688fd2c6190d9efd5da974b6f09bcd
339,1600,0.112,0x8e46e6732ce98bc4e380a61e1ce5fac9c785b64b,2017-10-19T07:34:26.000Z,0.00007,0x67cd0409033f15b7c8e618e9e0340262b9f880c5,sell,0x0766e79a6fd74469733e8330b3b461c0320ff059,0x882eac2b85f8d21ba1a48fe4810678ccdd1941a7216aa4941106a8c2550a9c63
340,5000,0.33,0x97e55e166df684b33489f17b9ddbaf919b6fe428,2017-10-19T07:34:26.000Z,0.000066,0x67cd0409033f15b7c8e618e9e0340262b9f880c5,sell,0x0766e79a6fd74469733e8330b3b461c0320ff059,0x6b2960aa03cc25081b8eead60aab49173596231f196d6f2c030248704a933281
341,5400,0.3564,0xdec08a327f3d1eb3d7b38c035813e13cffeabe29,2017-10-19T07:32:50.000Z,0.000066,0x67cd0409033f15b7c8e618e9e0340262b9f880c5,sell,0x0766e79a6fd74469733e8330b3b461c0320ff059,0x440499722d02af399d6f00a6b9d353ac94657b9ef8bcbc25d61502f86b389c1a
342,10000,0.6566,0x1d76c2a0f74838c67a87c58c0298bd0391ae4973,2017-10-19T07:32:50.000Z,0.00006566,0x67cd0409033f15b7c8e618e9e0340262b9f880c5,sell,0x0766e79a6fd74469733e8330b3b461c0320ff059,0xec590f684dd07a9c7a8a9ec13dc0248d2891565f78f2e7fbd992274cb0d429ae
343,150000,9.825,0xfebae6f3c3010e87d6d6cd19b01c319fb2a780bf,2017-10-19T07:31:26.000Z,0.0000655,0x67cd0409033f15b7c8e618e9e0340262b9f880c5,sell,0x0766e79a6fd74469733e8330b3b461c0320ff059,0x258229e9580bc68ab5475acc37f3d4145c256b2f33e3f3803e4ac537371f5c69
344,10000,0.71,0x1d76c2a0f74838c67a87c58c0298bd0391ae4973,2017-10-19T07:31:26.000Z,0.000071,0x67cd0409033f15b7c8e618e9e0340262b9f880c5,sell,0x0766e79a6fd74469733e8330b3b461c0320ff059,0x3e2a92049c9720773cd7f9dc7727a061ba4f1e8f70999dc1a8a87133e6a23de5
345,96000,6.3072,0xc3c7fff0590ce63da68828bded64cd7f22de391b,2017-10-19T07:31:13.000Z,0.0000657,0x67cd0409033f15b7c8e618e9e0340262b9f880c5,sell,0x0766e79a6fd74469733e8330b3b461c0320ff059,0x52061878aeaeeb15e9bf0393e811c09811156ee76d7659951b17d392469667b9
346,999.074,0.067937032,0x1d76c2a0f74838c67a87c58c0298bd0391ae4973,2017-10-19T06:29:22.000Z,0.000068,0x3dee4a4e076e8d82859d241db0baf46f112cfa23,sell,0x0766e79a6fd74469733e8330b3b461c0320ff059,0xe26dd2b471ccc451d810105eb04f07de14fcb77329596bf686a182da6e58cb62
347,0.926,0.000062968,0x1d76c2a0f74838c67a87c58c0298bd0391ae4973,2017-10-19T06:12:22.000Z,0.000068,0x36a507c386b0006c123b5f7cc8a66ad9a45110f5,sell,0x0766e79a6fd74469733e8330b3b461c0320ff059,0xe8c7bb0e5b8d00920786b1ea00c6479bd619eb140e3ec1ff090221b810577b1c
348,3510,0.233064,0xc3c7fff0590ce63da68828bded64cd7f22de391b,2017-10-19T06:04:56.000Z,0.0000664,0x36a507c386b0006c123b5f7cc8a66ad9a45110f5,sell,0x0766e79a6fd74469733e8330b3b461c0320ff059,0xbefedfb5f8886c4c7a05f75cf2585d4c5303551ccfbe277c582ff5b8c10f6f6f
349,1099,0.073633,0x68de453cf2db04a2c502d5e2b318becb3787ea13,2017-10-19T06:03:12.000Z,0.000067,0x36a507c386b0006c123b5f7cc8a66ad9a45110f5,sell,0x0766e79a6fd74469733e8330b3b461c0320ff059,0x0d18724434b6bb6b561a962410631b4fd402454961d9f33f02e814251e65ce00
350,2000,0.14,0x870fbc1092a09f102d9152568bcba5ebc2ac655f,2017-10-19T06:03:12.000Z,0.00007,0x36a507c386b0006c123b5f7cc8a66ad9a45110f5,sell,0x0766e79a6fd74469733e8330b3b461c0320ff059,0x4c79b9d75eb3edf7580beef9ddc6b95231a3fb59636237a69e78cc5bf506c9cd
351,14256.812,0.99811940812,0x3dee4a4e076e8d82859d241db0baf46f112cfa23,2017-10-19T06:02:38.000Z,0.00007001,0x64dcca9d2091012bd3e1e5235d703f72f4d65746,sell,0x0766e79a6fd74469733e8330b3b461c0320ff059,0x57115023a08f1a6afd1a6224a6afbe531b5538eda9967ca755d33a2ce397cf55
352,46.7178016938956,0.00350383512704217,0x4f434cfdf3ffe37a75e7f56f9cb346b71a5db49d,2017-10-19T06:02:21.000Z,0.000075,0x36a507c386b0006c123b5f7cc8a66ad9a45110f5,sell,0x0766e79a6fd74469733e8330b3b461c0320ff059,0xb74874ebe3c1d557beabbc5adc2cebeb0b5fc6a2dbe98c716b7c5faa09fc154b
353,1209.710893573642,0.08588947344372858,0xf082e67d73561f40c30a9cd41a1b24999ef57362,2017-10-19T06:01:15.000Z,0.00007099999999999999,0x64dcca9d2091012bd3e1e5235d703f72f4d65746,sell,0x0766e79a6fd74469733e8330b3b461c0320ff059,0xd0c5036901f6eada2e41c2e46d4bb162a8a719543b73229dee1e78252061edee
354,700,0.0525,0x3e7d005ed164cc1b2066279cf625a0960281dfb2,2017-10-19T06:01:15.000Z,0.000075,0x64dcca9d2091012bd3e1e5235d703f72f4d65746,sell,0x0766e79a6fd74469733e8330b3b461c0320ff059,0x72bcce0e359180708f8f5c85741259efe667fcba942c35f2b2ec0b2cbb2f66f4
355,4250,0.31025,0xb7a9f9f2c0546ae899d139c7d003856807d90d39,2017-10-19T05:58:43.000Z,0.000073,0x64dcca9d2091012bd3e1e5235d703f72f4d65746,sell,0x0766e79a6fd74469733e8330b3b461c0320ff059,0x6775e49c0d342300d60ca789dd628cf3bddf30f90f30c939b979b6cf95181684
356,10,0.00129,0xca8fb605770b7cb6bd60ce3b4932720b87f6a8f5,2017-10-19T05:57:06.000Z,0.000129,0x36a507c386b0006c123b5f7cc8a66ad9a45110f5,sell,0x0766e79a6fd74469733e8330b3b461c0320ff059,0x896995bdc52991357e9f25f203432f7d0d25a6c8dcd9479a00dd25b4728f85a6
357,5743.187818943362,0.4020805792042248,0x3dee4a4e076e8d82859d241db0baf46f112cfa23,2017-10-19T05:54:55.000Z,0.00007000999999999999,0x67cd0409033f15b7c8e618e9e0340262b9f880c5,sell,0x0766e79a6fd74469733e8330b3b461c0320ff059,0x21f559b423559419eda55617ef9718a347fced72a393a2959b5de98fcf517b0a
358,10000,0.7199,0xdec08a327f3d1eb3d7b38c035813e13cffeabe29,2017-10-19T05:52:09.000Z,0.00007199,0x67cd0409033f15b7c8e618e9e0340262b9f880c5,sell,0x0766e79a6fd74469733e8330b3b461c0320ff059,0x206cba22892b41e6f3f760b16683fc130f4b77aef67d7295a05fe9ba0d1d8411
359,90000,6.3063,0x64dcca9d2091012bd3e1e5235d703f72f4d65746,2017-10-19T05:50:09.000Z,0.00007007,0x67cd0409033f15b7c8e618e9e0340262b9f880c5,sell,0x0766e79a6fd74469733e8330b3b461c0320ff059,0x93b7ec8b40ad072f78c20627567eef42c729e384328921ba0f7fe2b3aadaa985
360,2990.289106426358,0.21231052655627142,0xf082e67d73561f40c30a9cd41a1b24999ef57362,2017-10-19T05:49:00.000Z,0.00007099999999999999,0x00077485e6ce60531f9766726141fa3debbcdcac,sell,0x0766e79a6fd74469733e8330b3b461c0320ff059,0xbbac38a939fb2a1742e1475460a743d4cfc8dfc441774f02d83cc5e10a143308
361,1000,0.096,0x3ffaf6d7382bb0bec6aaf56225ae8d0acf85a6e8,2017-10-19T05:49:00.000Z,0.000096,0x36a507c386b0006c123b5f7cc8a66ad9a45110f5,buy,0x0766e79a6fd74469733e8330b3b461c0320ff059,0x8f1a8ccef82488795d440f2ad79b778af6e25f3f7e0cdc4f9bba3f53da48a940
362,6786.669,0.489325621569,0x7775d0ff10e505af6ab93f1f7ad206814ada36a7,2017-10-19T05:48:28.000Z,0.000072101,0x67cd0409033f15b7c8e618e9e0340262b9f880c5,sell,0x0766e79a6fd74469733e8330b3b461c0320ff059,0x9a4b42e656f1c3db78a621779bd6cb4d7ef8fbc0040d89214a153ccfe5275a1a
363,10000,0.725,0xdec08a327f3d1eb3d7b38c035813e13cffeabe29,2017-10-19T05:47:58.000Z,0.0000725,0x67cd0409033f15b7c8e618e9e0340262b9f880c5,sell,0x0766e79a6fd74469733e8330b3b461c0320ff059,0x7bd1c68cf2eb9075c023c7b2f05233d5e77aae19c555647b76ca307a5c7c2675
364,3120,0.22932,0x9988f94df2320482b8463515770dfe7096df777d,2017-10-19T05:47:58.000Z,0.0000735,0x67cd0409033f15b7c8e618e9e0340262b9f880c5,sell,0x0766e79a6fd74469733e8330b3b461c0320ff059,0x9534810e659ed3ba666e54c65d28c1f8822cb85da93e272f659c79d4fb7d1ce4
365,500,0.04,0x1e71d58dbce68549948bdbd7b026501c4e17231e,2017-10-19T05:39:17.000Z,0.00008,0x00077485e6ce60531f9766726141fa3debbcdcac,sell,0x0766e79a6fd74469733e8330b3b461c0320ff059,0x9c60e50d80d56addbfc04890854d55fefa48e3639e71cade108d3bb16f53b3a3
366,193.3781713034713,0.018564304445133243,0x273a5d3e6721b9f5c1a6474f560c1334c63dda01,2017-10-19T05:34:45.000Z,0.000096,0x36a507c386b0006c123b5f7cc8a66ad9a45110f5,buy,0x0766e79a6fd74469733e8330b3b461c0320ff059,0x7d00118e4ca8b06a97b1cb0f08ce1eabb12dae6c643d07a20bba7b6943d5aecf
367,192.79803678956088,0.01947260171574565,0x8a424781254908e4bc40db921f969218eef3c81a,2017-10-19T05:34:45.000Z,0.00010099999999999999,0x273a5d3e6721b9f5c1a6474f560c1334c63dda01,sell,0x0766e79a6fd74469733e8330b3b461c0320ff059,0x7d00118e4ca8b06a97b1cb0f08ce1eabb12dae6c643d07a20bba7b6943d5aecf
368,3368.9240497315463,0.3537370252218124,0xec07aee39d5349fda12e397c7a864b9c4a8c5d65,2017-10-19T04:58:26.000Z,0.000105,0x00077485e6ce60531f9766726141fa3debbcdcac,buy,0x0766e79a6fd74469733e8330b3b461c0320ff059,0xb2cf1ac107a67a4345cae232c1190afe4456e2d9583a435b8d0b8087e8cf5e3f
369,47200,3.54,0x4f434cfdf3ffe37a75e7f56f9cb346b71a5db49d,2017-10-19T04:45:20.000Z,0.000075,0x67cd0409033f15b7c8e618e9e0340262b9f880c5,sell,0x0766e79a6fd74469733e8330b3b461c0320ff059,0xc65d051a2549f3d7cf78e9aee2b1a1834f8d581075881b97965ef6279e6abddc
370,10000,0.755,0x9f268b41c09300ac8ad1335c35c6fd95b6e41171,2017-10-19T04:43:34.000Z,0.0000755,0x67cd0409033f15b7c8e618e9e0340262b9f880c5,sell,0x0766e79a6fd74469733e8330b3b461c0320ff059,0x320e1980a88b06640f5b69d8b93bada1d1e7ea48686f2e24a7dadf2b52e55c09
371,2842.782514241736,0.2302653836535806,0x435753052e9e317e336bb06ec2d148eb56098c03,2017-10-19T04:43:25.000Z,0.00008099999999999999,0x67cd0409033f15b7c8e618e9e0340262b9f880c5,sell,0x0766e79a6fd74469733e8330b3b461c0320ff059,0xb86f838b5ebfc2318a2130f9f7eccc5b82eb9759997fdc24b42451bed869eccb
372,698.4457323101929,0.07194060887368217,0x5dd2fe22e5c5f78a58cc72604f5a9e1688f4b948,2017-10-19T04:31:13.000Z,0.00010300099999999999,0x97e55e166df684b33489f17b9ddbaf919b6fe428,sell,0x0766e79a6fd74469733e8330b3b461c0320ff059,0xb2d57659a2e33b3f946b06a33dc7777f0891b8e2426c0d761a05a28b6003b62c
373,0.01567316177432601,0.000001614351335917,0x5dd2fe22e5c5f78a58cc72604f5a9e1688f4b948,2017-10-19T04:27:43.000Z,0.00010300099999997745,0x346eb8847ec84aae1463b80163a097ad3b24514d,sell,0x0766e79a6fd74469733e8330b3b461c0320ff059,0x485ec0fa7d2b59258463afdb9a6e82af2ed1d372816ee1a2194ed7eb547f78f3
374,157.2174857582642,0.012734616346419399,0x435753052e9e317e336bb06ec2d148eb56098c03,2017-10-19T04:24:02.000Z,0.00008099999999999999,0x346eb8847ec84aae1463b80163a097ad3b24514d,sell,0x0766e79a6fd74469733e8330b3b461c0320ff059,0x7e9de1bcb7e049c7dc210684f5b357f1419de923db124496a1d9422beceeb026
375,137.85657032491045,0.01392365145938628,0x38223b8ebc6d6f404f887df06c334c4702a55711,2017-10-19T04:23:00.000Z,0.00010100099999999999,0x346eb8847ec84aae1463b80163a097ad3b24514d,sell,0x0766e79a6fd74469733e8330b3b461c0320ff059,0x01b3ffa3bc5c9f8487935687815c36cf69b2210cac9d7441cab8116c450b07b9
376,9675,0.79335,0x9f268b41c09300ac8ad1335c35c6fd95b6e41171,2017-10-19T04:23:00.000Z,0.000082,0x346eb8847ec84aae1463b80163a097ad3b24514d,sell,0x0766e79a6fd74469733e8330b3b461c0320ff059,0xada6ac740208ff5f009bbce871f353be0e1b23cab0029f453aac65c4a552eab6
377,7880,0.66192,0x36a507c386b0006c123b5f7cc8a66ad9a45110f5,2017-10-19T04:22:07.000Z,0.000084,0x67cd0409033f15b7c8e618e9e0340262b9f880c5,sell,0x0766e79a6fd74469733e8330b3b461c0320ff059,0x7b01bda495341cbfae6e373c1bf297d02f35c9dd4c0ecf5b05b98b7410b9b322
