,amount,amountBase,buyer,date,price,seller,side,tokenAddr,txHash
0,1055,5.7086048945,0xab58ebf70cb05f6e5dca2036990416d567dec57b,2017-11-02T17:33:50.000Z,0.0054109999,0x12b023510137e1a2cbc6954e1cfc7c7a86865b0f,sell,0xb97048628db6b661d4c2aa833e95dbe1a905b280,0x4477f9f67cb90144e7a24ae50a86725c078a12ef8b6e40aaa5a8e700e0fca104
1,130.76,0.7074116,0xab58ebf70cb05f6e5dca2036990416d567dec57b,2017-11-02T17:24:03.000Z,0.00541,0x02f550a68657dadbfe990b6b3bd8b6f1339d9386,buy,0xb97048628db6b661d4c2aa833e95dbe1a905b280,0x59a86666d79dad99f8d3c54605651cd79f5b6d1bc7f464b04bfbded348f9ae8a
2,370.66088074,2.0126885824182,0xab58ebf70cb05f6e5dca2036990416d567dec57b,2017-11-02T17:24:03.000Z,0.00543,0x4121bd8ab6219b43af31686347a8fad622dba135,buy,0xb97048628db6b661d4c2aa833e95dbe1a905b280,0x77f0219e88620d3d1889436e9aeab3a55ba1fc819c544cecd884e510b55da5f5
3,500,2.72,0xab58ebf70cb05f6e5dca2036990416d567dec57b,2017-11-02T17:24:03.000Z,0.00544,0xf4c8afc7816444991714c27cf2d1f4af7c2a329a,buy,0xb97048628db6b661d4c2aa833e95dbe1a905b280,0x1e2c174e6a61c663982a333ec16ec0d71de5fb960748fb009f3b780f9675721c
4,125,0.67625,0x0f318d2b02d9bb1ec0117d6dacbc3ddea9571c9a,2017-11-02T17:17:23.000Z,0.00541,0x02f550a68657dadbfe990b6b3bd8b6f1339d9386,buy,0xb97048628db6b661d4c2aa833e95dbe1a905b280,0x32376b7d885c464044d1e0e53fa16960f7d3b83bbb4546bc2f00f0d3c5a4e245
5,184.842,0.99999522,0x55ba4f1fcfa9a53c4d559124d201a58609c413b3,2017-11-02T17:17:23.000Z,0.00541,0x12b023510137e1a2cbc6954e1cfc7c7a86865b0f,sell,0xb97048628db6b661d4c2aa833e95dbe1a905b280,0xa0f4648fb3ff03ae437994091c7af4c68045bfbc95432b5a252ac17e15e46267
6,547.702123417406,2.853528610706809,0xecba73e96217cdb23afff854446dda91a103e7fd,2017-11-02T17:13:18.000Z,0.005210001,0x3b617201c4b7ff9603fc7fa21f24252b98d3326f,sell,0xb97048628db6b661d4c2aa833e95dbe1a905b280,0xff8b9f4307252eb8d3e3d4e21c895411d4e363c684cfff47f2dd777ffa284324
7,90,0.4698,0x7f4929b5fdffe12bff68fc7a11d0a17f650d8685,2017-11-02T17:08:47.000Z,0.00522,0x8dcee46691008231078757ac146db15273e414ad,sell,0xb97048628db6b661d4c2aa833e95dbe1a905b280,0x487a57dd8401d41b2fac89caa7e72bc7bf91c15795f44538a9afb90dcfbfd1ce
8,17,0.09757983,0x074ab21b005c88d8ea2111e2b342048f3baed64b,2017-11-02T17:07:38.000Z,0.00573999,0x4121bd8ab6219b43af31686347a8fad622dba135,buy,0xb97048628db6b661d4c2aa833e95dbe1a905b280,0x4ad4c25dc4ee04f730cd1f1633abfd9c8a01357b4db62de0f554af9c47976514
9,1000,5.57,0xfcb9bf5e0df1e6feeb16cf2c4c58ccc354b70d37,2017-11-02T16:43:22.000Z,0.00557,0x8dcee46691008231078757ac146db15273e414ad,buy,0xb97048628db6b661d4c2aa833e95dbe1a905b280,0x55b1ae603a04711f3b38e69055da86372b2e3a02775b4f79a2bf8b399495da1e
10,79,0.4424,0xf3063c4bc1a930b2ae1b77142a9b2fb6c89ae98b,2017-11-02T16:38:06.000Z,0.0056,0xcd371e6ee9dbc386f85b8eab0c9711368d404618,buy,0xb97048628db6b661d4c2aa833e95dbe1a905b280,0x7da634993f3dd72733f795ee90e455baae3a4e6cb55a9c5673f2c621ffefa330
11,200,1.044,0x7f4929b5fdffe12bff68fc7a11d0a17f650d8685,2017-11-02T16:22:32.000Z,0.00522,0x3b617201c4b7ff9603fc7fa21f24252b98d3326f,sell,0xb97048628db6b661d4c2aa833e95dbe1a905b280,0x129c86e735366965212b052d37de46054d8c0478a4d1462518794df9a196e762
12,42.36333434866272,0.23195450635929388,0xb0f8112a472eb489c5a76e7b5693ecd9f1a5b059,2017-11-02T16:14:06.000Z,0.00547536,0x6e2c2cc88c34f7790b1fb6d565171a08b11e8de4,buy,0xb97048628db6b661d4c2aa833e95dbe1a905b280,0x3fb4a210de403aeb8e5c32c872c16bc467a2d3076721ac8914f9dd9d55a1f636
13,5,0.027,0xc7a5c0bc06bd025b499993b0888938433f56549a,2017-11-02T15:57:04.000Z,0.0054,0x8dcee46691008231078757ac146db15273e414ad,sell,0xb97048628db6b661d4c2aa833e95dbe1a905b280,0xb04fc22cb68d18ee3cfc3c9dd130c84234353ce2513d7560c87b6fd5d7b4be16
14,4.581516326375531,0.02515252005028534,0x9d054644994ddf153b399b18291628387fab63f6,2017-11-02T15:52:41.000Z,0.005489999,0x8dcee46691008231078757ac146db15273e414ad,buy,0xb97048628db6b661d4c2aa833e95dbe1a905b280,0x288e3f48846161549a36736e2fbf987a4ccd21e9cb9b9906817fde868f2cbb29
15,60,0.32939994,0xecd6b9cdfb68c64fa5d47df9d346363fa7ac0497,2017-11-02T15:47:19.000Z,0.005489999,0x8dcee46691008231078757ac146db15273e414ad,buy,0xb97048628db6b661d4c2aa833e95dbe1a905b280,0x72294a7ecf384b88da9b39eab2fc8a1d1e69541070a82d2d0e71c3690670b82b
16,67.23824168078956,0.35031130639515523,0xecba73e96217cdb23afff854446dda91a103e7fd,2017-11-02T15:37:11.000Z,0.005210001,0x88ce26872ea60b63dea001a2983e6979463cf369,sell,0xb97048628db6b661d4c2aa833e95dbe1a905b280,0x81dce968cd26c9181589da98157b1d84b280d46f6217decee5d08eb49665cab1
17,362,2.00302926,0xeaed7361ca718a28300d9000cbe491e1f70208c9,2017-11-02T14:56:34.000Z,0.00553323,0x6e2c2cc88c34f7790b1fb6d565171a08b11e8de4,buy,0xb97048628db6b661d4c2aa833e95dbe1a905b280,0x85f90c9aa8d9bc078f5f5745318e1d7d25cad3888209292ad9e3defb5dff1e29
18,341.837,1.89035861,0xeaed7361ca718a28300d9000cbe491e1f70208c9,2017-11-02T14:51:08.000Z,0.00553,0x4121bd8ab6219b43af31686347a8fad622dba135,buy,0xb97048628db6b661d4c2aa833e95dbe1a905b280,0x9e9c65c18c042698b995e9cca82f9c291afeaa2ca83bf0be3127422052dbd02a
19,20,0.1106,0xa9522fcad171246a05905f2a097042f1c05b551f,2017-11-02T14:50:28.000Z,0.00553,0x4121bd8ab6219b43af31686347a8fad622dba135,buy,0xb97048628db6b661d4c2aa833e95dbe1a905b280,0x247a3caeb01e14223bbc2c52147a1bbc9cbb909045d6bcb41dc4cf31c380aaca
20,100,0.557999999,0xa28be81f7236f93af905ed9ec6684d629391233c,2017-11-02T14:12:49.000Z,0.00557999999,0x8be9b4fc633014f520db96c4b75de38954ce6802,buy,0xb97048628db6b661d4c2aa833e95dbe1a905b280,0x19a96f3c5ec2d08f576ceec2de60386c1be3267fb02d48046b47ed316c948caf
21,90,0.5021999991,0x860ad073d5701ad399972804004de88e1ede4898,2017-11-02T14:08:50.000Z,0.00557999999,0x8be9b4fc633014f520db96c4b75de38954ce6802,buy,0xb97048628db6b661d4c2aa833e95dbe1a905b280,0x0452031dd9e1462e04ebf019647832081bf798c85e79e0fb7041070e1ef85088
22,238.8,1.2778188,0xc132b9eefec69ae875fce464187711268b3f72e6,2017-11-02T14:00:53.000Z,0.005351,0x6e2c2cc88c34f7790b1fb6d565171a08b11e8de4,sell,0xb97048628db6b661d4c2aa833e95dbe1a905b280,0x6a39a3023e31da8b8f979f6bbfe69c81d888985b42702fefaf2f0bb8a0da255e
23,300,1.6077,0xffb303c6a9243d19e4dc50f9776acc57a2c9cfe7,2017-11-02T13:53:19.000Z,0.005359,0x6a1afc7af4278351bca6125e03cc9e1a3f41e80a,sell,0xb97048628db6b661d4c2aa833e95dbe1a905b280,0xa9f4b89558b8e78bdf1d7ba8631b01aaa13500202cd26eea682b6146df5b123f
24,359.90909074380136,1.9794964,0x860ad073d5701ad399972804004de88e1ede4898,2017-11-02T13:51:47.000Z,0.00549999,0xecba73e96217cdb23afff854446dda91a103e7fd,buy,0xb97048628db6b661d4c2aa833e95dbe1a905b280,0x6d33343c87379728dd97dd3f409568a7b3a62b289dc94c8397c977c47bfdeb60
25,0.09090925619864763,0.0005,0x4fda9e6bcd83af6c5cc771b5d20accc2b7720074,2017-11-02T13:47:00.000Z,0.00549999,0xecba73e96217cdb23afff854446dda91a103e7fd,buy,0xb97048628db6b661d4c2aa833e95dbe1a905b280,0xb77decf4bd35e9577fa6471aabaeaf7ce652163c4a07e14b6ea207d998cf1180
26,450.273,2.47649699727,0x7119daf7a9e667f031e56957794e3c298cb106b8,2017-11-02T13:36:06.000Z,0.00549999,0xecba73e96217cdb23afff854446dda91a103e7fd,buy,0xb97048628db6b661d4c2aa833e95dbe1a905b280,0x837d8846822f8aeed78553cd693f49d9af0dc178d32be6da19f29335884ada3f
27,499.907,2.69449873,0x7e066bcf5c9236536000acc3bac774c270faf0e9,2017-11-02T13:34:23.000Z,0.00539,0xf1791651f3a2a0a94f068ae122675aab7e434866,buy,0xb97048628db6b661d4c2aa833e95dbe1a905b280,0x0721fa77160aeb6c3bdef3b7763895d45b551962197578f25a6fedcc9e1adceb
28,0.09276437847866419,0.0005,0x3075f7f189912f4f425dd7021b9c396434197477,2017-11-02T13:29:37.000Z,0.00539,0xf1791651f3a2a0a94f068ae122675aab7e434866,buy,0xb97048628db6b661d4c2aa833e95dbe1a905b280,0xa111e99c14c0a1d3f47bc31b41076f3b8c263f154a96cbbc74439a5ed1e5dafd
29,241.21550172465146,1.3146244843993504,0x1b94ad9d6e178445d547810c60f55bdddc5cc963,2017-11-02T12:48:16.000Z,0.00545,0x4121bd8ab6219b43af31686347a8fad622dba135,buy,0xb97048628db6b661d4c2aa833e95dbe1a905b280,0x244995afd8edde4de6c3a89afa1f239a87386c8f04b5b157ee288dbfc2d13fd7
30,100,0.53,0xdac59ec90895d084616b779f2dc305a137476a03,2017-11-02T12:30:57.000Z,0.0053,0x4121bd8ab6219b43af31686347a8fad622dba135,buy,0xb97048628db6b661d4c2aa833e95dbe1a905b280,0x8d082957174f6bda2d1dc4ad81f96559f5bab6b2fcbd3a34ccf29447385cbcd8
31,5,0.0265,0xad1179c7f3bcc11586cd86ab0c0a4b82e5c250ae,2017-11-02T12:16:46.000Z,0.0053,0x4121bd8ab6219b43af31686347a8fad622dba135,buy,0xb97048628db6b661d4c2aa833e95dbe1a905b280,0x7c61b785a19776cd7a36a1fcc671a2f8d5dfb76a96a79230d1010e14f426e482
32,57.54058614815856,0.3112945710615378,0x28021f91ae796d6296fcd087207f7d0893322627,2017-11-02T12:08:07.000Z,0.00541,0x2f965574173bdb1f63627ba830b123b27c1607c4,buy,0xb97048628db6b661d4c2aa833e95dbe1a905b280,0x089cf2a833f96700cabf588d2e82d32bcb35bfc70a225f933e4cdf29ac4f741b
33,614.7977204551202,3.142231149246119,0x7e066bcf5c9236536000acc3bac774c270faf0e9,2017-11-02T11:37:33.000Z,0.005111,0x8dcee46691008231078757ac146db15273e414ad,sell,0xb97048628db6b661d4c2aa833e95dbe1a905b280,0x396fa68b10272f41ff7459065744b5b37abb41d4e472367572bdd71b1cad2b4a
34,700,3.6134014,0x7e066bcf5c9236536000acc3bac774c270faf0e9,2017-11-02T11:36:03.000Z,0.005162002,0x8dcee46691008231078757ac146db15273e414ad,sell,0xb97048628db6b661d4c2aa833e95dbe1a905b280,0x93e3e16558f89048bac69a7972da318877bfbe636d5e28c98622c25f66dcf5bd
35,100,0.541,0xc8aa2f1cfee78848fd31cea466fc83b5253665a2,2017-11-02T11:05:15.000Z,0.00541,0x2f965574173bdb1f63627ba830b123b27c1607c4,buy,0xb97048628db6b661d4c2aa833e95dbe1a905b280,0x9cd09a0ecd17d4fdd83acf95e875363846b5e95d99cbd7a04139833a9e35357f
36,24.206642206001042,0.13120000075652566,0x6e59e3cdc791591ba85217a5ffd11dbf3d77ad9e,2017-11-02T10:29:32.000Z,0.00542,0x8dcee46691008231078757ac146db15273e414ad,sell,0xb97048628db6b661d4c2aa833e95dbe1a905b280,0xa1938774a389575fb6bb81c228018efa1bd8e033c6fd5430b0b06f3551ed7f9d
37,44.86777019373344,0.23160751947559238,0x8dcee46691008231078757ac146db15273e414ad,2017-11-02T10:21:23.000Z,0.005162002,0x793807e7fcc3bc4705dcd8eb802ac06a5f580a3d,sell,0xb97048628db6b661d4c2aa833e95dbe1a905b280,0x523605c151dadaa5b9357b0991baa3b3aab93ad991839759c0d7505eca79564c
38,150,0.8115,0x4df3719de66c9aba4d295498beb6fcd5ce58d50c,2017-11-02T10:04:05.000Z,0.00541,0x2f965574173bdb1f63627ba830b123b27c1607c4,buy,0xb97048628db6b661d4c2aa833e95dbe1a905b280,0xf6300d9b6b2db2380212f67687cd3513eb1a4052be930478c666bef599c57445
39,18.800012156063232,0.10170806576430208,0x91a135428469f4a9ddea9022fd90ad076a102317,2017-11-02T09:12:17.000Z,0.00541,0x2f965574173bdb1f63627ba830b123b27c1607c4,buy,0xb97048628db6b661d4c2aa833e95dbe1a905b280,0xad8c0cfd112a8007f60ae73377f4b8d5ae1d5a52360f269d6ac74d6e05696cbe
40,718.6594016957782,3.88794736317416,0xb6df486f25c8246b64662c1dbdfb0da760f13ef7,2017-11-02T09:07:54.000Z,0.00541,0x2f965574173bdb1f63627ba830b123b27c1607c4,buy,0xb97048628db6b661d4c2aa833e95dbe1a905b280,0x5ed50ddc787036414635371bc762fdd54b11a978b3d3282b2f146c2c519da4c2
41,250,1.3499999975,0xb6df486f25c8246b64662c1dbdfb0da760f13ef7,2017-11-02T09:02:01.000Z,0.00539999999,0x8be9b4fc633014f520db96c4b75de38954ce6802,buy,0xb97048628db6b661d4c2aa833e95dbe1a905b280,0x93ff33c3e2e8469d8c58825a9ff68f170d09898e90a00d09afc060000ad8e632
42,700,3.773,0xb6df486f25c8246b64662c1dbdfb0da760f13ef7,2017-11-02T09:01:12.000Z,0.00539,0x2f965574173bdb1f63627ba830b123b27c1607c4,buy,0xb97048628db6b661d4c2aa833e95dbe1a905b280,0xea9bcfac846d0e2d7577eea0fcb34b20541d04bd5fb28b5eba1ddfb81ce26cdc
43,200,1.08,0x53dffaa9d9f4fe2fe8a23956566fbebf1f858338,2017-11-02T08:37:59.000Z,0.0054,0x12b023510137e1a2cbc6954e1cfc7c7a86865b0f,buy,0xb97048628db6b661d4c2aa833e95dbe1a905b280,0xa89aea4ecf373644b972940dba59f78535a4703f9d6596a31ef6c5711db9fd3c
44,340.8875465147293,1.7385264872251194,0xeea6fd6c2ee143f8a8d68132571d1e472d5dd9a3,2017-11-02T08:06:45.000Z,0.0051,0x4121bd8ab6219b43af31686347a8fad622dba135,sell,0xb97048628db6b661d4c2aa833e95dbe1a905b280,0xec4b2c718ab4b8d57b1eeed37eb5f9793e28da1ce8c50bb29ce86537fb792d5f
45,1.9938191606021334,0.010292096500847373,0x8988156d003068f226aff6d4abaf8fc880a84c47,2017-11-02T06:30:07.000Z,0.005162001,0x95ed59abc9ad37d34980b95b64f75b6a11a2f507,sell,0xb97048628db6b661d4c2aa833e95dbe1a905b280,0xd261006ef8b8d5544414c6a43557af16fa910ed0a702a78a7ff1db0c24a6ffec
46,2018,10.9981,0xb45ab23d7d5f0acb598ceb4c56a0eea09afc229f,2017-11-02T06:05:36.000Z,0.00545,0x12b023510137e1a2cbc6954e1cfc7c7a86865b0f,sell,0xb97048628db6b661d4c2aa833e95dbe1a905b280,0x8b6f2f96cf8005dbffb18474c8231c9a5eb4542ce50343fc5bd09e039c47a6ee
47,803.1491795434154,3.9354309797627356,0xd94176e2fa8314fb3e2d4d407dacec43c8529f4b,2017-11-02T05:20:44.000Z,0.0049,0x805c5971a2d2aa84b663218014717c5db800276d,sell,0xb97048628db6b661d4c2aa833e95dbe1a905b280,0x551f2dce96a05642425c785411cb53ba56470b374a34714b79ca30d27073bec4
48,491.686,2.45999847834,0x6e2c2cc88c34f7790b1fb6d565171a08b11e8de4,2017-11-02T05:19:05.000Z,0.00500319,0x805c5971a2d2aa84b663218014717c5db800276d,sell,0xb97048628db6b661d4c2aa833e95dbe1a905b280,0xd7b492e99d462044f7a42a0a4e0e90df8cc7d638144df05b67daafbd12561e5f
49,400,2.004,0xb9873e4ea9fd9fc5bb97dcde001b4e6045e0eb33,2017-11-02T05:19:05.000Z,0.00501,0x805c5971a2d2aa84b663218014717c5db800276d,sell,0xb97048628db6b661d4c2aa833e95dbe1a905b280,0x224cb8cdaf38ad0e891f17ae3f24c7929643f3c99b77be63c3eac142862e8997
50,12.13768408588258,0.06265472525132589,0x383932e5467528999954bf192452e390e1c84795,2017-11-02T05:02:11.000Z,0.005162,0x89d400d2268df5f9e4590c632f407bda11fab028,sell,0xb97048628db6b661d4c2aa833e95dbe1a905b280,0x2d13fc8ff4440fb4fb9bef0a2bccba822049724b1ff2e3177ef08968ef6afbb3
51,6.887,0.03560579,0xde9816c2eddff1d26710053950380165e910916d,2017-11-02T04:59:53.000Z,0.00517,0x89d400d2268df5f9e4590c632f407bda11fab028,sell,0xb97048628db6b661d4c2aa833e95dbe1a905b280,0xa9cb1d28aa0d0fda4bf8195b3132e31411a8c9a41a8e02bc1f7622f301b38d55
52,2.575,0.013312752575,0x26af6b0e757054f09c254820205518023544e869,2017-11-02T04:59:43.000Z,0.005170001,0x89d400d2268df5f9e4590c632f407bda11fab028,sell,0xb97048628db6b661d4c2aa833e95dbe1a905b280,0x52e36136061fc9b6e3fef4a38996bd211236ed6cc405531bbdf662e731597bc3
53,60,0.33,0x7530f85827154ce178ff6c0710af07520663f9d5,2017-11-02T04:59:36.000Z,0.0055,0x4121bd8ab6219b43af31686347a8fad622dba135,buy,0xb97048628db6b661d4c2aa833e95dbe1a905b280,0x097cfaf628cf26a2f32806972174ee19c725020d8e1b2eb5d48374c342eb1376
54,78.1,0.40612,0x4f1b9a0c055b535d18a4932ae6d387fbc124912a,2017-11-02T04:58:17.000Z,0.0052,0x89d400d2268df5f9e4590c632f407bda11fab028,sell,0xb97048628db6b661d4c2aa833e95dbe1a905b280,0x45fa782b804ba1735f87c6ccd65037c197d4a946f6e895a63952a5495c5d3c55
55,100,0.5524,0x58057c958997be3cae93a3f174ec751e37a6357b,2017-11-02T04:27:40.000Z,0.005524,0xecba73e96217cdb23afff854446dda91a103e7fd,buy,0xb97048628db6b661d4c2aa833e95dbe1a905b280,0x6567bd02efa9f1a7933d5d2dfeeacf5c0ac9e3202c410bd5fc9f855a4af0fb20
56,144,0.72,0x524d82e2044d6517be9745a7a720e0a6f0a5ac37,2017-11-02T03:38:47.000Z,0.005,0x7f0bb5c84f14007bebd6742cf9d41c9836389872,sell,0xb97048628db6b661d4c2aa833e95dbe1a905b280,0x66a6c25e6a4e3773b27653e45297355056074a99d8b228204f9f9c3487b274d5
57,250,1.2505,0x3b617201c4b7ff9603fc7fa21f24252b98d3326f,2017-11-02T03:37:25.000Z,0.005002,0x7f0bb5c84f14007bebd6742cf9d41c9836389872,sell,0xb97048628db6b661d4c2aa833e95dbe1a905b280,0x40f6cf423efe091569508e057d1932a644a7098d21706eb5fc3186302b0a709d
58,500,2.55,0xf1791651f3a2a0a94f068ae122675aab7e434866,2017-11-02T03:36:59.000Z,0.0051,0x7f0bb5c84f14007bebd6742cf9d41c9836389872,sell,0xb97048628db6b661d4c2aa833e95dbe1a905b280,0x07e9dc36c165c778d1baef5f686c0419808641ecd7e4a23cbad52442500efed5
59,600,3.102,0xde9816c2eddff1d26710053950380165e910916d,2017-11-02T03:36:48.000Z,0.00517,0x7f0bb5c84f14007bebd6742cf9d41c9836389872,sell,0xb97048628db6b661d4c2aa833e95dbe1a905b280,0xb2995d3720b76044458ef0f9ae4e424a06e22daa75433cd130c957c4f33f75e6
60,450,2.32650045,0x26af6b0e757054f09c254820205518023544e869,2017-11-02T03:36:28.000Z,0.005170001,0x7f0bb5c84f14007bebd6742cf9d41c9836389872,sell,0xb97048628db6b661d4c2aa833e95dbe1a905b280,0xf3c54671eb03271de406a1fc3416ee0020e85e6ea06ba975d5f5435f8008bb2f
61,50,0.2595,0xb1dcb9a55aff53c7b91b6ac73a7e221f1bc13e82,2017-11-02T03:35:55.000Z,0.00519,0x7f0bb5c84f14007bebd6742cf9d41c9836389872,sell,0xb97048628db6b661d4c2aa833e95dbe1a905b280,0x999fd524b6bb4f5fd73571276e9de6d4d071b450227a1ccec3110fa43f3cb57b
62,297.4247393641967,1.5376861999376363,0x26af6b0e757054f09c254820205518023544e869,2017-11-02T02:57:22.000Z,0.005170001,0x1f09ce5be3caf8ddd77e20308e2254a2b9895b7a,sell,0xb97048628db6b661d4c2aa833e95dbe1a905b280,0x8deaa253d9df47d4a42644a7bedcb942d8d2d04f3934b00be95ed81fa02a7d64
63,600,3.1032,0x80762d911af19e62920fa2c7939bf0146963981a,2017-11-02T02:52:53.000Z,0.005172,0x1f09ce5be3caf8ddd77e20308e2254a2b9895b7a,sell,0xb97048628db6b661d4c2aa833e95dbe1a905b280,0x877170f1c463a8207ae9952b63c5c11f1237105f739059736c7a11cac7e8e824
64,132.8,0.73742512,0x86951bd240924019ae66d1a175b7aa3305bea11b,2017-11-02T02:36:37.000Z,0.0055529,0xecba73e96217cdb23afff854446dda91a103e7fd,buy,0xb97048628db6b661d4c2aa833e95dbe1a905b280,0xe4a36b9abba40cb70d3c22fdb0482234b9db38e770b713343f7aaa8b0d0266fd
65,47.56056225700329,0.24799028372046655,0x18e96886612735f0d509d139f304f108f79bc18c,2017-11-02T02:23:24.000Z,0.0052141999999999996,0x1f09ce5be3caf8ddd77e20308e2254a2b9895b7a,sell,0xb97048628db6b661d4c2aa833e95dbe1a905b280,0x91ff8828825ec71d768322d445c9423015cc68ab4955d87991498b763b888260
66,50,0.27,0xe43a6bc52ee106b029f738ee0cdbe8ed9f03c899,2017-11-02T02:01:07.000Z,0.0054,0x1f09ce5be3caf8ddd77e20308e2254a2b9895b7a,sell,0xb97048628db6b661d4c2aa833e95dbe1a905b280,0xfaa97d2ec64dd4c42c2322dcf3cf8a7cfdd1fca6f22818d09e313513071ee815
67,50,0.27764495,0xa03984ae8ef729d5d648fc3c81be391bd81ec631,2017-11-02T01:33:21.000Z,0.005552899,0x8dcee46691008231078757ac146db15273e414ad,buy,0xb97048628db6b661d4c2aa833e95dbe1a905b280,0x08ded76a64b49c2d13906561c96d3821d333866167c2fdd9b9d45f08729ace2a
68,200,1.11078,0x9db81f3235c5e3823547178165a24f1d81fa5cb3,2017-11-02T01:05:17.000Z,0.0055539,0xecba73e96217cdb23afff854446dda91a103e7fd,buy,0xb97048628db6b661d4c2aa833e95dbe1a905b280,0xd8a144e4a4c64f21ceadfe974b280030f3d034e77c581fe17bdc081384496022
69,2.4394377429967102,0.012719716279533446,0x18e96886612735f0d509d139f304f108f79bc18c,2017-11-02T01:00:43.000Z,0.0052141999999999996,0xa54ffa43d11698bc300d924781518b71dd10f0a8,sell,0xb97048628db6b661d4c2aa833e95dbe1a905b280,0x95b5c341918df5dc56e28f03c78598ffddf4e8ec2742c90ec1d333266bd9d240
70,0.01,0.0000557,0xed2ca7381d82f8fb9bcc54ea6ab6526e35aece25,2017-11-02T00:52:01.000Z,0.00557,0xecba73e96217cdb23afff854446dda91a103e7fd,buy,0xb97048628db6b661d4c2aa833e95dbe1a905b280,0x8dc38da4e0f866f13f144c393bf55dec814ebefac720ea43b61af2854797bdcc
71,0.01,0.0000557,0xe2b48b3dd0b33283b4802e63e65518f27e635054,2017-11-02T00:51:47.000Z,0.00557,0xecba73e96217cdb23afff854446dda91a103e7fd,buy,0xb97048628db6b661d4c2aa833e95dbe1a905b280,0x3ad8ccbbea86cf9780564acbc83f2fa302477eac2b56aac2553eb90bf8adf01e
72,1,0.0053,0xd3e57a594ad8fb2491450f9c7a507e4d3cd4c1da,2017-11-02T00:29:25.000Z,0.0053,0x8dcee46691008231078757ac146db15273e414ad,sell,0xb97048628db6b661d4c2aa833e95dbe1a905b280,0x73206cd3c83d9fd17c4dd9ab7b640f310214525fd505e382eb0e31e603bfba4d
73,0.5,0.002655,0x56b8930767dd80c0495f273af8a96e0f1cdcbe7a,2017-11-02T00:29:25.000Z,0.00531,0x8dcee46691008231078757ac146db15273e414ad,sell,0xb97048628db6b661d4c2aa833e95dbe1a905b280,0x394f8e685a937c8df484a1b2dfca39dccfb7fec63254fc0e55dc5b402e5c57c5
74,35,0.185535,0x18e96886612735f0d509d139f304f108f79bc18c,2017-11-02T00:29:25.000Z,0.005301,0x8dcee46691008231078757ac146db15273e414ad,sell,0xb97048628db6b661d4c2aa833e95dbe1a905b280,0x6c19f71016a995310bb839460cb80ed70a96b950d21e29e07407b35b69764fdb
75,20,0.10642,0x383932e5467528999954bf192452e390e1c84795,2017-11-02T00:28:46.000Z,0.005321,0x8dcee46691008231078757ac146db15273e414ad,sell,0xb97048628db6b661d4c2aa833e95dbe1a905b280,0xdbe52da5ce48793a64fb1fd24a1072d16b81d779128d3ffeb743d8bdced6f6a1
76,99.5,0.528345,0x56b8930767dd80c0495f273af8a96e0f1cdcbe7a,2017-11-02T00:27:29.000Z,0.00531,0x6e2c2cc88c34f7790b1fb6d565171a08b11e8de4,sell,0xb97048628db6b661d4c2aa833e95dbe1a905b280,0x3249765d76ebb8d57058f04e3424a7f82946121e866eb93063951db4b832e3d6
77,199,1.0547,0xd3e57a594ad8fb2491450f9c7a507e4d3cd4c1da,2017-11-02T00:25:54.000Z,0.0053,0x6e2c2cc88c34f7790b1fb6d565171a08b11e8de4,sell,0xb97048628db6b661d4c2aa833e95dbe1a905b280,0x31c9898510c8434b2764972b26b936d0bdbfb25058bd73c37da2ea13457f2281
78,25,0.158325,0xb3ddf3a756d4861533a749e67a42765ffcb9c981,2017-11-01T23:22:48.000Z,0.006333,0x383932e5467528999954bf192452e390e1c84795,buy,0xb97048628db6b661d4c2aa833e95dbe1a905b280,0xe5bf84f25898eb5ae1d43a636fcd2ca0ad874c7baef29f9c3060c4cdfc900b2a
79,70,0.378,0x52e8099ffcdb3a32728a1d7a5212f661eef5b59b,2017-11-01T22:52:35.000Z,0.0054,0x8dcee46691008231078757ac146db15273e414ad,sell,0xb97048628db6b661d4c2aa833e95dbe1a905b280,0x9e915532a8aca85c54d1d8de77761a4106f0324e89d0240ba9e98d7095aa6a4f
80,1040.3463713595,5.8259396796131995,0x963f2e71a399ffc45ae739511bd44e1ad52b611a,2017-11-01T22:25:29.000Z,0.0056,0x8dcee46691008231078757ac146db15273e414ad,buy,0xb97048628db6b661d4c2aa833e95dbe1a905b280,0xccadaac8f1137c6701294a1889e1ee9d48bd4ce12a4e4c5c9655b81eb9ad1a04
81,927.092,5.5161974,0x963f2e71a399ffc45ae739511bd44e1ad52b611a,2017-11-01T22:23:03.000Z,0.00595,0x3df86cefaecfaa31be2f74f8f832cb4ef62b79f8,buy,0xb97048628db6b661d4c2aa833e95dbe1a905b280,0x451b579d280679170ef32e8cc01ad40bbe94ac05a746dcf60c0708b66d88f756
82,960.118,5.40546434,0x963f2e71a399ffc45ae739511bd44e1ad52b611a,2017-11-01T22:21:42.000Z,0.00563,0x12b023510137e1a2cbc6954e1cfc7c7a86865b0f,buy,0xb97048628db6b661d4c2aa833e95dbe1a905b280,0x692d63bffc200312011c92486c9a79a26a016f572af8cf1b8d44bde6cac68aee
83,800,4.48,0x23243c99d4c62c0fa06cb9a76e173a443de20a1c,2017-11-01T22:06:19.000Z,0.0056,0x8dcee46691008231078757ac146db15273e414ad,sell,0xb97048628db6b661d4c2aa833e95dbe1a905b280,0xc13668f097aa354356634ba941e3f620a292a8918501963a9d257a9e4073fd70
84,5,0.027505,0x383932e5467528999954bf192452e390e1c84795,2017-11-01T22:05:28.000Z,0.005501,0x8dcee46691008231078757ac146db15273e414ad,sell,0xb97048628db6b661d4c2aa833e95dbe1a905b280,0xdacf3937db67553cc247686c7af7106172578949d0664ba967e87bb96515e6b2
85,50,0.275,0xcfd956edb3bb8bb5605ae0a30083d2217f372fcf,2017-11-01T22:05:20.000Z,0.0055,0x8dcee46691008231078757ac146db15273e414ad,sell,0xb97048628db6b661d4c2aa833e95dbe1a905b280,0x7438fd39bf72d2cfe5a2203fdadd74ffe257c803c181ecbaf28338d778b62a5e
86,44.43261149104121,0.24925224327033763,0xdc4ac79d3d166cf9c65efc182d72b4f10f8e4229,2017-11-01T21:30:23.000Z,0.005609669,0xecba73e96217cdb23afff854446dda91a103e7fd,buy,0xb97048628db6b661d4c2aa833e95dbe1a905b280,0xa29160a11de28c87507aa7a1e30cecabf4d25aca3d5f097f3915ac6ee8fb9321
87,44.43526956208339,0.24926715416906278,0xdc4ac79d3d166cf9c65efc182d72b4f10f8e4229,2017-11-01T21:26:10.000Z,0.005609669,0xecba73e96217cdb23afff854446dda91a103e7fd,buy,0xb97048628db6b661d4c2aa833e95dbe1a905b280,0x6bbce4108058640ad7d2746cc4b4cd63be2f8c988aec0ba9dc32c483572f0b09
88,53.3175482517038,0.299093797583587,0xf43c0ef9630008239b1686044ce9294d99833e39,2017-11-01T21:19:31.000Z,0.005609669,0xecba73e96217cdb23afff854446dda91a103e7fd,buy,0xb97048628db6b661d4c2aa833e95dbe1a905b280,0xc879f69cee6b08ef4621cc745db452b6ba7f30fb58ffe053fd29ede267002769
89,37.41460698679741,0.20988356096102084,0xf43c0ef9630008239b1686044ce9294d99833e39,2017-11-01T21:14:17.000Z,0.005609669,0xecba73e96217cdb23afff854446dda91a103e7fd,buy,0xb97048628db6b661d4c2aa833e95dbe1a905b280,0xe6ecfee7a6c64d8651b163cef476c6a0350459a5b257c434a59ddf69eb78e764
90,52,0.2886,0xf43c0ef9630008239b1686044ce9294d99833e39,2017-11-01T21:09:09.000Z,0.00555,0xde9816c2eddff1d26710053950380165e910916d,buy,0xb97048628db6b661d4c2aa833e95dbe1a905b280,0x3d1de61fbec81fbde252185f1ee66427963f3ef56ad33fee75e08e309e004d43
91,18,0.0999,0xb775824a6898addd0d17844a460ccef1309f5dc4,2017-11-01T21:06:37.000Z,0.00555,0xde9816c2eddff1d26710053950380165e910916d,buy,0xb97048628db6b661d4c2aa833e95dbe1a905b280,0xd72724904a98b995d3408c3689ad1d75f30a8c0d8c13e110f8a87460d04e453c
92,120,0.666,0x00ef4ba003042f37647d14575e5a86f264c69f47,2017-11-01T20:46:17.000Z,0.00555,0xde9816c2eddff1d26710053950380165e910916d,buy,0xb97048628db6b661d4c2aa833e95dbe1a905b280,0x74eb1778a6bce0a70a6655086c028684e9701487c524178c761ce92ba4b100ee
93,55.38775395,0.30125399373405,0xeebec4d48bca0a0db84a71cd89cf235d15eb95c1,2017-11-01T19:50:35.000Z,0.005439,0xf01bddaf7a9dc5f7382a9385aba23d546ee8f5ff,buy,0xb97048628db6b661d4c2aa833e95dbe1a905b280,0x3eeb2d89a96d4e5c867e2ea08f517f42c44e4e5678b5bff60bf2c891b5ba15b3
94,43.65992913132842,0.22703163148290778,0x8dcee46691008231078757ac146db15273e414ad,2017-11-01T19:42:23.000Z,0.0052,0x203ef1435a87ed676b22cc4f5f679685f9995acd,sell,0xb97048628db6b661d4c2aa833e95dbe1a905b280,0xdce83d2ed068ff28a1d637cfa63c6728626023266926e55f5973b82f23f3ed8b
95,193.113,0.99839421,0xde9816c2eddff1d26710053950380165e910916d,2017-11-01T19:39:24.000Z,0.00517,0xdeb58cbc9ef2397e780bd7045a5516c9b8e5d5f5,sell,0xb97048628db6b661d4c2aa833e95dbe1a905b280,0x1a56af05fd96c4fe75ac369d1da83f12207206afda216e28c3dbb1f609a8ee44
96,27.934,0.15615106,0xb615dffb2dced17bb3c831bda8972031694cf682,2017-11-01T19:14:27.000Z,0.00559,0x166e1f362539140a936366026e72761f0ff259c7,buy,0xb97048628db6b661d4c2aa833e95dbe1a905b280,0x721628d5c4511eba6103381043d54877fd05d29eb6e7c4c35f93c5c2e9793aec
97,20,0.1077998,0x49ef69ad25f2f37761fd336a6024360e243614f3,2017-11-01T19:08:56.000Z,0.00538999,0xecba73e96217cdb23afff854446dda91a103e7fd,buy,0xb97048628db6b661d4c2aa833e95dbe1a905b280,0x49ee0e566475bfeef2e89adc435d1907998af623262199e51ac99c492fb9fcaf
98,1948.805,10.5234493648695,0x61617f93fd933aab1a6121b10c40209e847c7866,2017-11-01T18:55:31.000Z,0.0053999499,0x8dcee46691008231078757ac146db15273e414ad,buy,0xb97048628db6b661d4c2aa833e95dbe1a905b280,0xdbaff3468204dccf5566e6e374a1de643da3327d85231d478b0670705ec131e5
99,100,0.539997,0x5ce8c18574e216a9f932cf8e0c184c8c3382f7b7,2017-11-01T18:40:21.000Z,0.00539997,0xecba73e96217cdb23afff854446dda91a103e7fd,buy,0xb97048628db6b661d4c2aa833e95dbe1a905b280,0xe10f42f13eec7147663b44f294cfddc60d1b161741d71afdcb39bc210a61520a
100,0.2475967381500119,0.001485580428900071,0x4d69845e60df437e71d029f4909be51bd1232a99,2017-11-01T18:37:30.000Z,0.005999999999999998,0x203ef1435a87ed676b22cc4f5f679685f9995acd,sell,0xb97048628db6b661d4c2aa833e95dbe1a905b280,0x2800b452178e6d1bda97821c0c3ac32aa2446ffe0ebe401838b140aa8e8c1463
101,82.53224605,0.44889288626595003,0xf44072eda87ede9613b6ae1b812de8a60ade27a2,2017-11-01T18:35:44.000Z,0.005439,0xf01bddaf7a9dc5f7382a9385aba23d546ee8f5ff,buy,0xb97048628db6b661d4c2aa833e95dbe1a905b280,0xb268a8e5a48b9f97d0bd6d021b2ba446d0468ae02c8e47297a00a992ea1d0789
102,82.28464931184999,0.4937078958710999,0x4d69845e60df437e71d029f4909be51bd1232a99,2017-11-01T18:35:44.000Z,0.006,0xf44072eda87ede9613b6ae1b812de8a60ade27a2,sell,0xb97048628db6b661d4c2aa833e95dbe1a905b280,0xb268a8e5a48b9f97d0bd6d021b2ba446d0468ae02c8e47297a00a992ea1d0789
103,500,2.7249945,0x49fbceef7d8d12a5000bb1a057e542d85845e62a,2017-11-01T18:10:34.000Z,0.005449989,0x8dcee46691008231078757ac146db15273e414ad,buy,0xb97048628db6b661d4c2aa833e95dbe1a905b280,0x6148cf5f0c7cd0496953318c2412cd1eb2df67c97c772c38c47c95d2969b52c6
104,49.85261942558877,0.257239516236038,0x12b023510137e1a2cbc6954e1cfc7c7a86865b0f,2017-11-01T17:57:53.000Z,0.00516,0xa2b16e3b6b64771396c925e61fefd851e757e38e,sell,0xb97048628db6b661d4c2aa833e95dbe1a905b280,0x7f71cb0a8a498859340fe36602aa5bc144998aef179dc36d656ab8d581fc838b
105,22.92921750170921,0.11808547013380244,0x12b023510137e1a2cbc6954e1cfc7c7a86865b0f,2017-11-01T17:39:25.000Z,0.00515,0xf56a5813467b2b28d095877a40df468290e747e4,sell,0xb97048628db6b661d4c2aa833e95dbe1a905b280,0x6f46cad74cbe4bd1b2367c4ff084f7538e04a96f989e7503796dec18e870963d
106,81.60118991666425,0.4447264850458202,0xe5e0cb9240cda562105f27470ab638a7c048a8dc,2017-11-01T17:38:05.000Z,0.00545,0x12b023510137e1a2cbc6954e1cfc7c7a86865b0f,buy,0xb97048628db6b661d4c2aa833e95dbe1a905b280,0xacbc660c6bb205b25394037a7d258248e679197e25292f14e2642e0050f037ee
107,270,1.4715,0xe2fbe7b63f79fca9c2dc4375076ec81d6f55c9b4,2017-11-01T17:25:18.000Z,0.00545,0x12b023510137e1a2cbc6954e1cfc7c7a86865b0f,buy,0xb97048628db6b661d4c2aa833e95dbe1a905b280,0xa2049c9d7f65c03ce2dc48af7e5a7c2e97e1c38a951da5efb3aaaaf74dd13542
108,54.875857403466796,0.29907287409032,0xdb77365d65130e504b90be5c0260578bccf17ce8,2017-11-01T17:23:17.000Z,0.00544999,0x8dcee46691008231078757ac146db15273e414ad,buy,0xb97048628db6b661d4c2aa833e95dbe1a905b280,0x629c520ab2878a1bb317954fed43bfa09efa91a881055a8d023d80ec4940e5ce
109,1.492,0.00813138508,0xe2fbe7b63f79fca9c2dc4375076ec81d6f55c9b4,2017-11-01T17:22:52.000Z,0.00544999,0x8dcee46691008231078757ac146db15273e414ad,buy,0xb97048628db6b661d4c2aa833e95dbe1a905b280,0x1b9d4f5c87e6a8690fe2531be7d226c00571779f47c59d2f3123c855015912d1
110,12.2322222,0.06666561099,0x85340638f7fd12497c9e4f816dc3ef2557d2fc1c,2017-11-01T17:16:59.000Z,0.00545,0x12b023510137e1a2cbc6954e1cfc7c7a86865b0f,buy,0xb97048628db6b661d4c2aa833e95dbe1a905b280,0x5c2dada57d0d6bb657077fb67264dde4ae1654d41bf41042f564cbc628e513d6
111,49.845479015053336,0.2552088525570731,0x12b023510137e1a2cbc6954e1cfc7c7a86865b0f,2017-11-01T16:55:36.000Z,0.00512,0x3ab9e5252a79123adcb3ee2f35ad64c3ea8c5bf3,sell,0xb97048628db6b661d4c2aa833e95dbe1a905b280,0x63b7ca869ddb3258136ce60ce06f9c5af40144b8aa42f7a67105ee20c1f99c10
112,2178.3384277077894,11.56697705112836,0x1b7688a79d07be5b3d03cfc59983c0d3ddf54de3,2017-11-01T16:48:32.000Z,0.00531,0x12b023510137e1a2cbc6954e1cfc7c7a86865b0f,sell,0xb97048628db6b661d4c2aa833e95dbe1a905b280,0x39648569aa7612e3e5dd443b0e41deae64260d5023d4315b2d04efa1a8102fc9
113,575.5557770910178,3.056201751909082,0xecba73e96217cdb23afff854446dda91a103e7fd,2017-11-01T16:47:38.000Z,0.005310001,0x12b023510137e1a2cbc6954e1cfc7c7a86865b0f,sell,0xb97048628db6b661d4c2aa833e95dbe1a905b280,0x9420b57eaa3dab9aef6463a77a25a8f79606dc71aad997268a013780373a7b38
114,841.0962905480467,4.466221302810128,0x1b7688a79d07be5b3d03cfc59983c0d3ddf54de3,2017-11-01T16:47:18.000Z,0.00531,0x8dcee46691008231078757ac146db15273e414ad,sell,0xb97048628db6b661d4c2aa833e95dbe1a905b280,0x90c5a9f5e61a1de8f68aa282779028be1a73323e4b790ef64cf704b4b967bcb4
115,20,0.107,0xf5b04a7c2fd7b3d1f09db2e917a83e9a435c341b,2017-11-01T16:46:05.000Z,0.00535,0x166e1f362539140a936366026e72761f0ff259c7,sell,0xb97048628db6b661d4c2aa833e95dbe1a905b280,0x74dfe8d456a73dc1325814c32791e22409a5a1e10eb31c29acd147ad8101cef9
116,2,0.0108,0x4fdbdb0d2f7b7374f3285d2c68f559aaab35b476,2017-11-01T16:46:05.000Z,0.0054,0x166e1f362539140a936366026e72761f0ff259c7,sell,0xb97048628db6b661d4c2aa833e95dbe1a905b280,0x0c49fdc2d481872655349bbdb598779e83047f502556addeeea3ee7c70748c08
117,924.4442229089822,4.908799748090918,0xecba73e96217cdb23afff854446dda91a103e7fd,2017-11-01T16:45:44.000Z,0.005310001,0x3df86cefaecfaa31be2f74f8f832cb4ef62b79f8,sell,0xb97048628db6b661d4c2aa833e95dbe1a905b280,0x3112123ea9aa73930db87f74fc35fa092cc466ad45a0aee8fef59e913601750c
118,10,0.0550002,0x49d1331c827135e536bcf74888c698ccd5f2f551,2017-11-01T16:33:07.000Z,0.00550002,0xf01bddaf7a9dc5f7382a9385aba23d546ee8f5ff,sell,0xb97048628db6b661d4c2aa833e95dbe1a905b280,0x262ee8d3e29a188c66ab7c3b1392322a9b794374b239e84feba787dfee6735b9
119,2.04,0.01168920204,0xdc755b19d5be098e6fa481892aeeec5cca720829,2017-11-01T16:29:46.000Z,0.005730001,0xf01bddaf7a9dc5f7382a9385aba23d546ee8f5ff,sell,0xb97048628db6b661d4c2aa833e95dbe1a905b280,0x858eac0bc0c25a864090a79ca426bbf41ade7520cca431fb0b68b56c1beb7deb
120,150,0.8100225,0xf01bddaf7a9dc5f7382a9385aba23d546ee8f5ff,2017-11-01T16:24:10.000Z,0.00540015,0x8dcee46691008231078757ac146db15273e414ad,sell,0xb97048628db6b661d4c2aa833e95dbe1a905b280,0x49d96715dd169b079f6da1be90479074f6f500a504bfa5ea08afbe79d6df7993
121,95.906,0.527483,0xfb3c71bdf0af0efa63a57fd6030c57f3cbc846e1,2017-11-01T16:23:35.000Z,0.0055,0x8dcee46691008231078757ac146db15273e414ad,sell,0xb97048628db6b661d4c2aa833e95dbe1a905b280,0x5d70048e84c5f4fa99e6f11638c80119dea381bcb6621334743b66e48141160b
122,100,0.5500001,0x44aed30a299d98b58743ec77f9be643a549c2a66,2017-11-01T16:23:11.000Z,0.005500001,0x8dcee46691008231078757ac146db15273e414ad,sell,0xb97048628db6b661d4c2aa833e95dbe1a905b280,0x46c2ef9a41cac6bd023cb7f45545ae1238cb5d6662630c4b0778a9321ec9a1a2
123,0.066,0.00037818,0x1d5321e125f6c7079a716705541c7b371ca79e69,2017-11-01T16:10:59.000Z,0.00573,0x8dcee46691008231078757ac146db15273e414ad,buy,0xb97048628db6b661d4c2aa833e95dbe1a905b280,0x07536b8f724d61e8d01c782dc98c5291398ba7f329d9fffea566f7dd015be337
124,0.06580259222333001,0.000397118644067796,0xdc755b19d5be098e6fa481892aeeec5cca720829,2017-11-01T16:10:59.000Z,0.006034999999999991,0x1d5321e125f6c7079a716705541c7b371ca79e69,sell,0xb97048628db6b661d4c2aa833e95dbe1a905b280,0x07536b8f724d61e8d01c782dc98c5291398ba7f329d9fffea566f7dd015be337
125,9.96,0.05707080996,0xdc755b19d5be098e6fa481892aeeec5cca720829,2017-11-01T16:04:35.000Z,0.005730001,0x49d1331c827135e536bcf74888c698ccd5f2f551,sell,0xb97048628db6b661d4c2aa833e95dbe1a905b280,0x8e429994998b1cfbfa4cb4c80f5d312d56d5256a422ab12a53ccf7adc366b7d6
126,184.9630972646449,1.0598385473264154,0x4c42cc937fbb26ad87cbf5d040786d07bbaf5613,2017-11-01T16:04:10.000Z,0.00573,0x8dcee46691008231078757ac146db15273e414ad,buy,0xb97048628db6b661d4c2aa833e95dbe1a905b280,0xe2ee2cc7438eef1bb113d996b54d48fb82502205057115037a920b675028fd67
127,325.0937892496071,1.788015840872839,0xfb3c71bdf0af0efa63a57fd6030c57f3cbc846e1,2017-11-01T16:02:34.000Z,0.0055,0x4121bd8ab6219b43af31686347a8fad622dba135,sell,0xb97048628db6b661d4c2aa833e95dbe1a905b280,0xc63f01e4b99f1c884ed30a0e511d3f1be8373a3f28b820e2f05e7bf8137bb1ae
128,55,0.31625,0x5b134ab8403b346bbcb42dbf9cdd478621f82473,2017-11-01T15:38:10.000Z,0.00575,0xdeb58cbc9ef2397e780bd7045a5516c9b8e5d5f5,buy,0xb97048628db6b661d4c2aa833e95dbe1a905b280,0xe8af32688f2d88e348264406e1d6d2b29f2c97ac4732a3858e1825c74576ff29
129,1,0.00575,0x3a133b007401027f26021b24833667459113de46,2017-11-01T15:35:42.000Z,0.00575,0xdeb58cbc9ef2397e780bd7045a5516c9b8e5d5f5,buy,0xb97048628db6b661d4c2aa833e95dbe1a905b280,0x0269f01937e49df83a2d12396bce255d9f664c365aede0f57d204b0a0ab03e5a
130,0.8669643158019099,0.004985044815860982,0x3a133b007401027f26021b24833667459113de46,2017-11-01T15:19:54.000Z,0.00575,0xdeb58cbc9ef2397e780bd7045a5516c9b8e5d5f5,buy,0xb97048628db6b661d4c2aa833e95dbe1a905b280,0xd0751f39480b5dc0993becd2060b80bc7a67a7f0143997e4b0a13350d75e6a19
131,0.8668778959139709,0.004984547901505333,0x3a133b007401027f26021b24833667459113de46,2017-11-01T15:16:25.000Z,0.00575,0xdeb58cbc9ef2397e780bd7045a5516c9b8e5d5f5,buy,0xb97048628db6b661d4c2aa833e95dbe1a905b280,0xdcb05b660d9283e2100e8cac686bfb02a111e67f3b40984e5c9c83a1311355d6
132,56,0.3318056,0xde0b43d00d9dbef5bbae0b68e458fa8725f588d7,2017-11-01T14:19:34.000Z,0.0059251,0xecba73e96217cdb23afff854446dda91a103e7fd,buy,0xb97048628db6b661d4c2aa833e95dbe1a905b280,0x4f7c6aa1269d47a3b412b3ed22f79f7a10a456d2a875d3a07ab8a9f0cbaf825c
133,98.6940484498056,0.5329518093908883,0xecba73e96217cdb23afff854446dda91a103e7fd,2017-11-01T13:54:17.000Z,0.00540004,0x4b7c1695c547062a0a52173053ed29a330c3a547,sell,0xb97048628db6b661d4c2aa833e95dbe1a905b280,0xe4a771677c0ffe889ddda1510d85754716ab87204dc44d808c07bf1dfa1f2211
134,99.999,0.5833431665100001,0x89d400d2268df5f9e4590c632f407bda11fab028,2017-11-01T13:48:10.000Z,0.005833490000000001,0x6e2c2cc88c34f7790b1fb6d565171a08b11e8de4,buy,0xb97048628db6b661d4c2aa833e95dbe1a905b280,0xb489152de39835aa32f9012e8398e7e46380715fa7e82cd58b042c029d2e6f91
135,400,2.4,0x9bccf12edb0380f51d83728e637a065523a648b7,2017-11-01T12:29:37.000Z,0.006,0xe74531493162c7ac97c27e52442174db434b73e1,buy,0xb97048628db6b661d4c2aa833e95dbe1a905b280,0x0711fa9c8793ee217aa98ca22b16bbf303d667037936825aa3a6c83945123c1a
136,118.4,0.717502816,0x76722582018ca001538e8f3ed3dd2d3c354aabc9,2017-11-01T12:29:12.000Z,0.00605999,0x378bc8bb4c5fe540abd4a3e296420ad32ccd561c,buy,0xb97048628db6b661d4c2aa833e95dbe1a905b280,0x74839256c68f70716e6eadd9aecf73a69cc351dd79e2c2d5c4390e133fce026b
137,30,0.1854,0x76722582018ca001538e8f3ed3dd2d3c354aabc9,2017-11-01T12:28:24.000Z,0.00618,0x18e96886612735f0d509d139f304f108f79bc18c,buy,0xb97048628db6b661d4c2aa833e95dbe1a905b280,0x7a18dae4fc249bd5aeedf9903c618f90b02d25c5639be31c9ae3835c46d09802
138,35,0.21455,0x76722582018ca001538e8f3ed3dd2d3c354aabc9,2017-11-01T12:28:11.000Z,0.00613,0x18e96886612735f0d509d139f304f108f79bc18c,buy,0xb97048628db6b661d4c2aa833e95dbe1a905b280,0xe963e1126e99317e023d9b41ea7fc3686b7540eefa4a2167f07efc8ff05e6481
139,25,0.15375,0x76722582018ca001538e8f3ed3dd2d3c354aabc9,2017-11-01T12:28:11.000Z,0.00615,0x383932e5467528999954bf192452e390e1c84795,buy,0xb97048628db6b661d4c2aa833e95dbe1a905b280,0xc385b29251e633793d377f9b2f502c497cdbbeae34c6e36f52e63024eb782f62
140,35,0.209825,0x76722582018ca001538e8f3ed3dd2d3c354aabc9,2017-11-01T12:27:27.000Z,0.005995,0x383932e5467528999954bf192452e390e1c84795,buy,0xb97048628db6b661d4c2aa833e95dbe1a905b280,0x71078b29859542182879e07c3a4c363f1148d02e7da2538195499913b81eef61
141,455.55775688261554,2.7356243300801064,0x76722582018ca001538e8f3ed3dd2d3c354aabc9,2017-11-01T12:27:21.000Z,0.006005,0x71e1ddaf90bcf39d5b927b444f8162a6af0854bb,buy,0xb97048628db6b661d4c2aa833e95dbe1a905b280,0xb7bc8ca260a2cf290cf8bc7162a9cd2cbc9e70cc3fe3e4f1a33373365dd5e666
142,0.42554462690151557,0.00252139446885417,0x76722582018ca001538e8f3ed3dd2d3c354aabc9,2017-11-01T12:26:34.000Z,0.0059251,0xecba73e96217cdb23afff854446dda91a103e7fd,buy,0xb97048628db6b661d4c2aa833e95dbe1a905b280,0xcae1d4bd2b0fb44c999f92357cb2bbccedb050ecc5a84bed08b86ea045b4910e
143,50,0.2994,0x76722582018ca001538e8f3ed3dd2d3c354aabc9,2017-11-01T12:26:34.000Z,0.005988,0x18e96886612735f0d509d139f304f108f79bc18c,buy,0xb97048628db6b661d4c2aa833e95dbe1a905b280,0x093f6c146cfc90b26aca11a4f1d6d9e4edf65a772a5d5d6a758108c7e717d1bc
144,25,0.1487,0x76722582018ca001538e8f3ed3dd2d3c354aabc9,2017-11-01T12:26:34.000Z,0.005948,0x18e96886612735f0d509d139f304f108f79bc18c,buy,0xb97048628db6b661d4c2aa833e95dbe1a905b280,0x85b625653c1bd4b9b688f1eed9ae19d454f34dafee2dc670e42163c1d8ffa0f7
145,200,1.1998,0x76722582018ca001538e8f3ed3dd2d3c354aabc9,2017-11-01T12:26:34.000Z,0.005999,0x47b64c800161cc82d81ca055a90ee5c5550ef11d,buy,0xb97048628db6b661d4c2aa833e95dbe1a905b280,0x840e195bc5b6e4812bbda83ad62e23e58c7000cf8990dc383a8077bb1cc675d4
146,30,0.17772,0x76722582018ca001538e8f3ed3dd2d3c354aabc9,2017-11-01T12:26:34.000Z,0.005924,0x18e96886612735f0d509d139f304f108f79bc18c,buy,0xb97048628db6b661d4c2aa833e95dbe1a905b280,0x75c88031eecae63ca5554da2999622aeef3e1f524c762f8edceb2e1e2ad83156
147,200,1.169999998,0x76722582018ca001538e8f3ed3dd2d3c354aabc9,2017-11-01T12:25:27.000Z,0.00584999999,0x8be9b4fc633014f520db96c4b75de38954ce6802,buy,0xb97048628db6b661d4c2aa833e95dbe1a905b280,0xc5615e5edffe5516ba8d20a1e836eb3cda0e90996533630bc6611fa838033db7
148,421.57576796195536,2.46,0x76722582018ca001538e8f3ed3dd2d3c354aabc9,2017-11-01T12:25:15.000Z,0.00583525,0x6e2c2cc88c34f7790b1fb6d565171a08b11e8de4,buy,0xb97048628db6b661d4c2aa833e95dbe1a905b280,0xd40944b48eaee720689652f6b2abeb283b68b4ac34d94771f6dd1dcb20ac1d2c
149,238,1.40539,0x61617f93fd933aab1a6121b10c40209e847c7866,2017-11-01T11:37:42.000Z,0.005905,0x0cdc9010e997542b7cd7c382316953a41e5461e8,buy,0xb97048628db6b661d4c2aa833e95dbe1a905b280,0x34e03473a4616553ff964e2a4cd16646890fcbd97da6efd396c65c1430b02287
150,1259,7.47844741,0x61617f93fd933aab1a6121b10c40209e847c7866,2017-11-01T11:36:25.000Z,0.00593999,0xecba73e96217cdb23afff854446dda91a103e7fd,buy,0xb97048628db6b661d4c2aa833e95dbe1a905b280,0xac22ab78a5e445f47a73c1d7e2f2d8980a918bddeab2ba74d3ac99853fde5811
151,4587.3408,26.83594368,0x61617f93fd933aab1a6121b10c40209e847c7866,2017-11-01T11:35:11.000Z,0.00585,0x12b023510137e1a2cbc6954e1cfc7c7a86865b0f,buy,0xb97048628db6b661d4c2aa833e95dbe1a905b280,0x2028490d45e51fb20f11a57b542cfac52376e85cf5f82bde817959f959879ba2
152,12.924926983187135,0.06979460570921052,0x8676e20d27ca303d7f832ba24be717457ff43021,2017-11-01T11:14:58.000Z,0.0054,0x6bad391397f5f6047d3b6752576ee1a4ae3d2927,buy,0xb97048628db6b661d4c2aa833e95dbe1a905b280,0xd201173854c6314f1e71ca5272c19264b5404ddb7949d182d650beefa7704333
153,125,0.64125,0x8be9b4fc633014f520db96c4b75de38954ce6802,2017-11-01T10:55:05.000Z,0.00513,0xb8d3b0a40d3c22726a2a74cdf0504e4fb6d95f20,sell,0xb97048628db6b661d4c2aa833e95dbe1a905b280,0x654836fa6d452ce83a26bc44113c9ad5f2ce2e9a8b8c56c15adca7f60a5a05aa
154,161.4993520087728,0.8283544013557971,0x6e2c2cc88c34f7790b1fb6d565171a08b11e8de4,2017-11-01T10:46:23.000Z,0.005129150000000001,0x886d8ed0302939d008300abd4f8a862ebd55e552,sell,0xb97048628db6b661d4c2aa833e95dbe1a905b280,0xe1da2c8e099368d712f93e921d70e6d37b48b91d532ed0cdcb743ac41d85a64a
155,19.94361256195621,0.10968986909075916,0x8676e20d27ca303d7f832ba24be717457ff43021,2017-11-01T10:43:53.000Z,0.0055,0x6bad391397f5f6047d3b6752576ee1a4ae3d2927,buy,0xb97048628db6b661d4c2aa833e95dbe1a905b280,0xb2164e6033a08516f31b18729759289390990280f030bdbd61d81a68eb9a5f88
156,5.688659244580895,0.02909180337678669,0x3dee4a4e076e8d82859d241db0baf46f112cfa23,2017-11-01T10:37:42.000Z,0.005114,0x3da6a699b7986fb482423312931d1bbd889b446d,sell,0xb97048628db6b661d4c2aa833e95dbe1a905b280,0xcc02ff2e9af01f43c28602a701db5fe02c92c6fc971c498644d776c18c15c7b1
157,179.99635268823909,0.9899799397853151,0x3da6a699b7986fb482423312931d1bbd889b446d,2017-11-01T10:32:24.000Z,0.0055,0x6bad391397f5f6047d3b6752576ee1a4ae3d2927,buy,0xb97048628db6b661d4c2aa833e95dbe1a905b280,0x236ba1eee36a7d6b1847d490ebbce09b7a049023c2771b7e859b980a4536106b
158,50,0.266,0x18e96886612735f0d509d139f304f108f79bc18c,2017-11-01T10:19:01.000Z,0.00532,0x6bad391397f5f6047d3b6752576ee1a4ae3d2927,sell,0xb97048628db6b661d4c2aa833e95dbe1a905b280,0xc731be713d2a5da883ae55b820d415d96e57a787acdbdd3c9b67a265e82be942
159,298.5,1.588052835,0x402bd8137d8b745aae8925526a9eac89c3ea5f92,2017-11-01T10:18:15.000Z,0.00532011,0x6e2c2cc88c34f7790b1fb6d565171a08b11e8de4,sell,0xb97048628db6b661d4c2aa833e95dbe1a905b280,0xfaed8874aeff41a4fbdf3f34f68569caff462ede46fd683a5db8dbed9cd53f17
160,39.362803393932886,0.21649541866663088,0x05b3ad6c1b54ef826485c2afbdf8df7bd7cdb6c8,2017-11-01T10:14:01.000Z,0.0055,0x6bad391397f5f6047d3b6752576ee1a4ae3d2927,sell,0xb97048628db6b661d4c2aa833e95dbe1a905b280,0x15ee7a53cd61ab8b5d1420c907e6ad02c79636f49eb0c9cffc8c5a78084fe210
161,238.8,1.27758,0x0cdc9010e997542b7cd7c382316953a41e5461e8,2017-11-01T10:12:28.000Z,0.00535,0x6e2c2cc88c34f7790b1fb6d565171a08b11e8de4,sell,0xb97048628db6b661d4c2aa833e95dbe1a905b280,0xcc4f6481a66ae46f8915e72e1bbf6391df1d20ead5ee4e9e303ab0e48f678104
162,6.769698255408234,0.03723334040474529,0x05b3ad6c1b54ef826485c2afbdf8df7bd7cdb6c8,2017-11-01T10:11:34.000Z,0.0055,0x95123c29f29c90c0395bec5250779d456ee8d26a,sell,0xb97048628db6b661d4c2aa833e95dbe1a905b280,0xd161ece6e7f16e0b13da2b4111bf1664aa47f14ba01932bf4218de4551de2e6a
163,42.463,0.2335465,0x05b3ad6c1b54ef826485c2afbdf8df7bd7cdb6c8,2017-11-01T10:09:35.000Z,0.0055,0x95123c29f29c90c0395bec5250779d456ee8d26a,sell,0xb97048628db6b661d4c2aa833e95dbe1a905b280,0x9a378cbb508b65299f08f3fd46cda64991cae2f2e05a6bc9c47b4e71896a9c8b
164,0.012526370137371979,0.000068895035755545,0x05b3ad6c1b54ef826485c2afbdf8df7bd7cdb6c8,2017-11-01T10:07:01.000Z,0.005499999999999929,0x05b3ad6c1b54ef826485c2afbdf8df7bd7cdb6c8,sell,0xb97048628db6b661d4c2aa833e95dbe1a905b280,0xcc06ebb782ecacc04721821060c697b3aa564312ff7930ac648adf74d205b98e
165,0.012563945490248807,0.000069101700196368,0x05b3ad6c1b54ef826485c2afbdf8df7bd7cdb6c8,2017-11-01T10:06:32.000Z,0.005499999999999966,0x05b3ad6c1b54ef826485c2afbdf8df7bd7cdb6c8,sell,0xb97048628db6b661d4c2aa833e95dbe1a905b280,0xae5f9faa083864438e22df467d7d4394a0ed95f588a3f48ac7477eb5230e153a
166,126.02893721268578,0.6742674169815901,0x6bad391397f5f6047d3b6752576ee1a4ae3d2927,2017-11-01T10:05:34.000Z,0.0053501,0x05b3ad6c1b54ef826485c2afbdf8df7bd7cdb6c8,sell,0xb97048628db6b661d4c2aa833e95dbe1a905b280,0xd102c6e3c0e909aa47c425efa7ec1ba566edca08ce40afc54daaaa81e01327f4
167,175.88255940419683,0.9409892810683935,0x6bad391397f5f6047d3b6752576ee1a4ae3d2927,2017-11-01T10:00:52.000Z,0.0053501,0xb8d3b0a40d3c22726a2a74cdf0504e4fb6d95f20,sell,0xb97048628db6b661d4c2aa833e95dbe1a905b280,0x230a03dd7d3ad46dd08a6ffbdc435da0b29982305c87012130bd893931aa3538
168,327.463,1.7570845922499998,0x6e2c2cc88c34f7790b1fb6d565171a08b11e8de4,2017-11-01T09:58:48.000Z,0.00536575,0xb8d3b0a40d3c22726a2a74cdf0504e4fb6d95f20,sell,0xb97048628db6b661d4c2aa833e95dbe1a905b280,0xa0375082d1ed2f7abbea6fc17275864f353f73062c13d5775828ba273106f300
169,17.677612541122517,0.09618388983624762,0x18e96886612735f0d509d139f304f108f79bc18c,2017-11-01T09:58:21.000Z,0.005441,0xb8d3b0a40d3c22726a2a74cdf0504e4fb6d95f20,sell,0xb97048628db6b661d4c2aa833e95dbe1a905b280,0x3a0a872f7e856b2bd1e62d31931376b687d3aad2e9fa5039c5a689aeadf4397f
170,42.463,0.2335465,0x05b3ad6c1b54ef826485c2afbdf8df7bd7cdb6c8,2017-11-01T09:57:57.000Z,0.0055,0xb8d3b0a40d3c22726a2a74cdf0504e4fb6d95f20,sell,0xb97048628db6b661d4c2aa833e95dbe1a905b280,0x61e57afac8e59b8c6ddf21df31db76824732812a389e88bb00928ae37f91b37d
171,83.815,0.469364,0x05b3ad6c1b54ef826485c2afbdf8df7bd7cdb6c8,2017-11-01T09:55:38.000Z,0.0056,0x95123c29f29c90c0395bec5250779d456ee8d26a,sell,0xb97048628db6b661d4c2aa833e95dbe1a905b280,0xab814d013ff9c8440a47144d0c7957b0487a584afd36e8feb6d88d78fdbb4933
172,131,0.7029132499999999,0x6e2c2cc88c34f7790b1fb6d565171a08b11e8de4,2017-11-01T09:55:02.000Z,0.00536575,0x05b3ad6c1b54ef826485c2afbdf8df7bd7cdb6c8,sell,0xb97048628db6b661d4c2aa833e95dbe1a905b280,0x63be3be85e0f3e31f1075d4129208a304bfc16f06048fa760bd2916887d6e98c
173,2.3223874588774818,0.012636110163752379,0x18e96886612735f0d509d139f304f108f79bc18c,2017-11-01T09:49:04.000Z,0.005441,0x1549fca6e9a20d919f590930d08a3646420dc27c,sell,0xb97048628db6b661d4c2aa833e95dbe1a905b280,0x96390868b57d3e1db572e7c3b728503ba12002cd77f4baf312f4fcc5ca412619
174,50,0.28,0x05b3ad6c1b54ef826485c2afbdf8df7bd7cdb6c8,2017-11-01T09:47:12.000Z,0.0056,0x1549fca6e9a20d919f590930d08a3646420dc27c,sell,0xb97048628db6b661d4c2aa833e95dbe1a905b280,0x922801a1fe1635639aa245e0bf980fb3dbe41a756be705000454b99a19930118
175,50,0.28,0xb09ff029290a7a5aecb1b08cf61f50e5c1476262,2017-11-01T09:44:49.000Z,0.0056,0x05b3ad6c1b54ef826485c2afbdf8df7bd7cdb6c8,sell,0xb97048628db6b661d4c2aa833e95dbe1a905b280,0x3d98a904cc3c44781d5f95b8095bb08f939d3cfc400d1f5c5cd07b8475608e42
176,22,0.1298,0x6e59e3cdc791591ba85217a5ffd11dbf3d77ad9e,2017-11-01T09:41:26.000Z,0.0059,0x95123c29f29c90c0395bec5250779d456ee8d26a,sell,0xb97048628db6b661d4c2aa833e95dbe1a905b280,0x75b0dac51b975ff03889cedcb16f13b3e2998d7b3f1aa7faa61576ce6e0a1323
177,25,0.14812950000000003,0xe5c5f7b4e7d4a86da73bb6a3e7fde89a9e8f1041,2017-11-01T08:26:33.000Z,0.00592518,0x6e2c2cc88c34f7790b1fb6d565171a08b11e8de4,buy,0xb97048628db6b661d4c2aa833e95dbe1a905b280,0x7a45306c21efbd6c7ada1977ea088f04f68b9b4a2ee9cc6e6df0fc2447bd72e7
178,200,1.189,0xb8cd62791040159d17d184f122ac8fd1ed74d185,2017-11-01T07:29:38.000Z,0.005945,0x0cdc9010e997542b7cd7c382316953a41e5461e8,buy,0xb97048628db6b661d4c2aa833e95dbe1a905b280,0xefdebe77faa8bd2cf957e1176ab8f843124235043d71a529875f3e2be4d3575b
179,200,1.1,0x0cdc9010e997542b7cd7c382316953a41e5461e8,2017-11-01T05:15:08.000Z,0.0055,0x378bc8bb4c5fe540abd4a3e296420ad32ccd561c,sell,0xb97048628db6b661d4c2aa833e95dbe1a905b280,0x4861c269cfcf9d8cbbf60c2d5f2891f0354f3a87fbf6e21a424ddd820a38b144
180,111.3,0.668913,0xf08fbeb299c1a0ded283a5d7cfaeee1a3c5bfe85,2017-11-01T04:46:56.000Z,0.00601,0x24ad0bfcb0ce042b9df4956252e34a8bd473cfc9,buy,0xb97048628db6b661d4c2aa833e95dbe1a905b280,0xe7354bf3e366fd3ad9448efacb0cd76233dad9ee7edf788e98b9ef5f60de9470
181,176.9723766257013,0.983966944956029,0xecba73e96217cdb23afff854446dda91a103e7fd,2017-11-01T04:26:14.000Z,0.005560003,0x9835bb4ffb23f85aad3535803221cea84fa5d22b,sell,0xb97048628db6b661d4c2aa833e95dbe1a905b280,0x0e137184b178560b379c3c8c09d7569f351f9462146cc6d54d2057450709ce27
182,105.415,0.594856845,0x9f07a0233abc178428aa9a18baef3188f093a7d0,2017-11-01T04:22:11.000Z,0.005643,0x9835bb4ffb23f85aad3535803221cea84fa5d22b,sell,0xb97048628db6b661d4c2aa833e95dbe1a905b280,0xe289d80759541248e76bf1c3f6c7c421f277a1a9146a1266e073c81f55a30d13
183,6.330464860878161,0.03572281320993546,0x9f07a0233abc178428aa9a18baef3188f093a7d0,2017-11-01T04:01:48.000Z,0.005643,0x7530f85827154ce178ff6c0710af07520663f9d5,sell,0xb97048628db6b661d4c2aa833e95dbe1a905b280,0x6b8e4283f2f4dae9e7ccb9eb89cde22260e7c45a0ca3cbe01763954af8a6751c
184,30,0.169293,0x18e96886612735f0d509d139f304f108f79bc18c,2017-11-01T04:00:36.000Z,0.0056431,0x7530f85827154ce178ff6c0710af07520663f9d5,sell,0xb97048628db6b661d4c2aa833e95dbe1a905b280,0xbac5e6609e7c3f1daa048b94f3995eed7a5d5d112f0bfbb29081d164470f2381
185,15.030934511836682,0.0849398109263891,0x49d1331c827135e536bcf74888c698ccd5f2f551,2017-11-01T04:00:36.000Z,0.005651,0x7530f85827154ce178ff6c0710af07520663f9d5,sell,0xb97048628db6b661d4c2aa833e95dbe1a905b280,0x55ef624e196a8463be6490ff5bdad45321db8a65acea2d9731815473193c6648
186,0.39673491585716497,0.002253454322068696,0xb09ff029290a7a5aecb1b08cf61f50e5c1476262,2017-11-01T04:00:06.000Z,0.0056799999999999976,0x7530f85827154ce178ff6c0710af07520663f9d5,sell,0xb97048628db6b661d4c2aa833e95dbe1a905b280,0x67c7c7f7f6b37e5c1ef3563f0386169e61328b407f1f487f09d57c598265e846
187,0.304,0.0017632,0xc6d63792fba47ed3dcab5ce7df14d6b5c1ed9f86,2017-11-01T03:59:40.000Z,0.0058,0x7530f85827154ce178ff6c0710af07520663f9d5,sell,0xb97048628db6b661d4c2aa833e95dbe1a905b280,0x007ae699b65f3c72a90204cb7377b038eebac6984b57c8d5e0d48184a42c8bd8
188,9.969065488163318,0.05633518907361091,0x49d1331c827135e536bcf74888c698ccd5f2f551,2017-11-01T03:46:28.000Z,0.005651,0x89d400d2268df5f9e4590c632f407bda11fab028,sell,0xb97048628db6b661d4c2aa833e95dbe1a905b280,0x98a448d88e227fb0a14b88a9373e473894a6220aec4a4b5e13c577202267e331
189,10,0.057,0x9c0f53b0dd0f04f3de23f433a9e20ee89d30e522,2017-11-01T03:38:21.000Z,0.0057,0x9835bb4ffb23f85aad3535803221cea84fa5d22b,sell,0xb97048628db6b661d4c2aa833e95dbe1a905b280,0x680f4c5ea7244f7e0352832094a80929b881d0c44a09f50cfbb87a06172c6cfc
190,7.989532409530455,0.04642717283178148,0x18e96886612735f0d509d139f304f108f79bc18c,2017-11-01T03:37:17.000Z,0.005811,0x9835bb4ffb23f85aad3535803221cea84fa5d22b,sell,0xb97048628db6b661d4c2aa833e95dbe1a905b280,0xbaf0d2e3e98e1c7b60ff8185d9335099e512d2c1b1fb158c0fd950fa208ce0ea
191,1.421,0.008490475,0x3cfeed39846961095f7bbe04ab9f3730f408224e,2017-11-01T03:35:38.000Z,0.005975,0x9835bb4ffb23f85aad3535803221cea84fa5d22b,sell,0xb97048628db6b661d4c2aa833e95dbe1a905b280,0xd9ed826c54bc8616a239b80a2a4628a1303a7a21b43b3f681c696e227a370083
192,0.006,0.06,0xa29b220f486807f76c90b3f2a9ec580337de5566,2017-11-01T03:14:23.000Z,10,0x0c5719fba3a34b524ae668cb51c5e2ce0e1ead14,buy,0xb97048628db6b661d4c2aa833e95dbe1a905b280,0x17309cf94562f402cb477f737c8bf0c394e5083fa7ec1f9b1d709b2fecf2dea0
193,8.403563509999957,0.05033734542489974,0xb144b693dadc1179e1c4be75cf5f23d38ce38c1a,2017-11-01T02:36:05.000Z,0.00599,0x18e96886612735f0d509d139f304f108f79bc18c,buy,0xb97048628db6b661d4c2aa833e95dbe1a905b280,0x9292470ce872462f7c1ae134782580597d73c11f54a30bb2b401fbbd9811d2ba
194,244.44224311738444,1.4678756699198936,0x26aa9d917531c5c9d4fdfc3584da75aa76fe3d7e,2017-11-01T01:59:12.000Z,0.006005,0x71e1ddaf90bcf39d5b927b444f8162a6af0854bb,buy,0xb97048628db6b661d4c2aa833e95dbe1a905b280,0x681a12c334fc11ce7a321657f7b73c5dc778614733170b11c8a18ea6569bb20c
195,1125.0431339052705,6.755884019101149,0x23243c99d4c62c0fa06cb9a76e173a443de20a1c,2017-11-01T01:44:01.000Z,0.006005,0x8dcee46691008231078757ac146db15273e414ad,sell,0xb97048628db6b661d4c2aa833e95dbe1a905b280,0xba6790b0a88494cbb4c2b522613ecd3a4c368b833b1fb91349e32f959748243e
196,53.84305562337056,0.312828153171783,0x71c23b0728641bd8ab7f9f8cc108671cf8e68e1f,2017-11-01T01:00:46.000Z,0.00581,0xa2b16e3b6b64771396c925e61fefd851e757e38e,sell,0xb97048628db6b661d4c2aa833e95dbe1a905b280,0xec64ceb47d7f3a3301b8c4b04d0cb2e5b5431398282c19c06b7e42292494f63e
197,0.928,0.005568,0x00515e4f8a5c52a526f48c3ea07238143e2c04fc,2017-11-01T00:59:10.000Z,0.006,0x18e96886612735f0d509d139f304f108f79bc18c,sell,0xb97048628db6b661d4c2aa833e95dbe1a905b280,0x9f99083a347596abfd95247a0fd182e673e992e155f9f5d6fe50662d504e1a2f
198,22.010467590469545,0.12790282716821852,0x18e96886612735f0d509d139f304f108f79bc18c,2017-11-01T00:41:25.000Z,0.005811,0x0f36f5b57c5fa6075994f8c2b99e736be0df2ee2,sell,0xb97048628db6b661d4c2aa833e95dbe1a905b280,0x05fdaec225d0c83bf3274a31d85db5a6072b87dd405433cf4c754ede3e2237cc
199,16.454358409805,0.09856160687473195,0xeeac67e2c956f2b83f530c173942252d5576452f,2017-11-01T00:24:39.000Z,0.00599,0x18e96886612735f0d509d139f304f108f79bc18c,buy,0xb97048628db6b661d4c2aa833e95dbe1a905b280,0xeff688cf81ee1a8757de2d95cf96db45d2581fec3ebcd665c70d0f777d68b898
200,0.14207808019504306,0.000851047700368308,0xeeac67e2c956f2b83f530c173942252d5576452f,2017-11-01T00:14:28.000Z,0.00599,0x18e96886612735f0d509d139f304f108f79bc18c,buy,0xb97048628db6b661d4c2aa833e95dbe1a905b280,0x4008f95c61e56b663b6d462e900bdb37a5884bb7cfa60604f7fd91037f8c62e1
201,200,1.211998,0xa3089cef99d17449fc1cb67dc52cbf6fe9a2d965,2017-11-01T00:06:17.000Z,0.00605999,0x378bc8bb4c5fe540abd4a3e296420ad32ccd561c,buy,0xb97048628db6b661d4c2aa833e95dbe1a905b280,0x94ef1527415464df4ca90b34de263fe2cf155b0a54fc36315a824f991147abfc
202,498.45479015053337,2.8960223307745987,0x71c23b0728641bd8ab7f9f8cc108671cf8e68e1f,2017-10-31T23:36:23.000Z,0.00581,0xe70a443b193f5e82f4f8775004c5bf8d1bfdce54,sell,0xb97048628db6b661d4c2aa833e95dbe1a905b280,0x43acce02cb3104958693d42816e3904a8d15d5676d28c3f1875934de0da70ec7
203,166.79174730299434,1.0007503170262186,0xa60bbf2e6b64c920399ef3a84314840fef322061,2017-10-31T22:57:04.000Z,0.005999999,0xecba73e96217cdb23afff854446dda91a103e7fd,buy,0xb97048628db6b661d4c2aa833e95dbe1a905b280,0xd22b9b417821f179edb3c36cba8e21cededd49c380478e0a064d0c47954671c8
204,186.03193931034482,1.078985248,0x73b7424a32b34806f9ba10129843ce9cc3069397,2017-10-31T22:40:39.000Z,0.0058,0x5f246470e3103948fa2b04d1c237b799c0d09fbe,buy,0xb97048628db6b661d4c2aa833e95dbe1a905b280,0xe89a5a093bc0e3f8f224e8b4d095873fc1893ac4a04b06b517d457060194186f
205,256.9764494827586,1.490463407,0x73b7424a32b34806f9ba10129843ce9cc3069397,2017-10-31T22:39:17.000Z,0.0058,0x5f246470e3103948fa2b04d1c237b799c0d09fbe,buy,0xb97048628db6b661d4c2aa833e95dbe1a905b280,0xed209b612bd61390158adcb53ae21df0c254e145f1480a0f01e2a8d501d8c6f2
206,256.9765475862069,1.490463976,0x73b7424a32b34806f9ba10129843ce9cc3069397,2017-10-31T22:39:17.000Z,0.0058,0x5f246470e3103948fa2b04d1c237b799c0d09fbe,buy,0xb97048628db6b661d4c2aa833e95dbe1a905b280,0x05dd6f0775f641a37ede3001b9f256035c5a7963981d6e32a2a1c1ff180bcb5c
207,38.254318508644005,0.2158691193442781,0x9f07a0233abc178428aa9a18baef3188f093a7d0,2017-10-31T22:04:35.000Z,0.005643,0xb00548770ea87482f024cd4292a975fea72e8f01,sell,0xb97048628db6b661d4c2aa833e95dbe1a905b280,0x5185de093f40a495284b491713667b5b0d442f62700a7859a880512544ebe164
208,188.52677366070674,1.0680324518039528,0xecba73e96217cdb23afff854446dda91a103e7fd,2017-10-31T22:03:06.000Z,0.00566515,0xb00548770ea87482f024cd4292a975fea72e8f01,sell,0xb97048628db6b661d4c2aa833e95dbe1a905b280,0x765703adb270c9bd4f1d8f1d789f4df830ba040f9264292ee98d9be80336baeb
209,367.2633997218651,2.080602248934324,0xecba73e96217cdb23afff854446dda91a103e7fd,2017-10-31T21:34:42.000Z,0.00566515,0xb00548770ea87482f024cd4292a975fea72e8f01,sell,0xb97048628db6b661d4c2aa833e95dbe1a905b280,0xa57619aab42ad91ab12ca461f90e1371ba044473a9f9e3cdf770188a7fc66a12
210,129.16261002885273,0.731725560204955,0xecba73e96217cdb23afff854446dda91a103e7fd,2017-10-31T21:10:34.000Z,0.00566515,0xb00548770ea87482f024cd4292a975fea72e8f01,sell,0xb97048628db6b661d4c2aa833e95dbe1a905b280,0x1f585adc41db1a26ef470c41b3e64706f2e14b71cab81c8baa2166c208253d0d
211,15.047216588575417,0.08524473905676802,0xecba73e96217cdb23afff854446dda91a103e7fd,2017-10-31T21:02:32.000Z,0.00566515,0xbbe8a82dc936ac8a7f188624e42a1253dbb279ec,sell,0xb97048628db6b661d4c2aa833e95dbe1a905b280,0xe2e8aef7dfc1119c136220419804255e4fff71b02fc7be123d84ebeea0d47378
212,2,0.01206,0x4fdbdb0d2f7b7374f3285d2c68f559aaab35b476,2017-10-31T21:00:27.000Z,0.00603,0xbbe8a82dc936ac8a7f188624e42a1253dbb279ec,sell,0xb97048628db6b661d4c2aa833e95dbe1a905b280,0x0cf6a8d9089dcade718e082a421f6d84055a0ae076cdcadb775a6e3839d84732
213,83,0.498,0xa60bbf2e6b64c920399ef3a84314840fef322061,2017-10-31T20:43:15.000Z,0.006,0xbbe8a82dc936ac8a7f188624e42a1253dbb279ec,buy,0xb97048628db6b661d4c2aa833e95dbe1a905b280,0xe32f24bdf78cb8c3f8a79dedd03a0fc8fe3c8790a8aad7fdba45fd9df0e55716
214,99.69095803010667,0.5633635729239358,0xecba73e96217cdb23afff854446dda91a103e7fd,2017-10-31T19:53:16.000Z,0.0056511,0xa2b16e3b6b64771396c925e61fefd851e757e38e,sell,0xb97048628db6b661d4c2aa833e95dbe1a905b280,0xd39ffe3f38133c94c715fa43446d1f535bba8cbb6415851f7c7732a586711cb2
215,856,5.29864,0xdd8a89e90cb8f6493a86b3adc589ba84604d3bda,2017-10-31T19:33:48.000Z,0.00619,0x12b023510137e1a2cbc6954e1cfc7c7a86865b0f,buy,0xb97048628db6b661d4c2aa833e95dbe1a905b280,0xc718b58db31aeda804af35754bc8bda14e28652ec90f0df17255cd618ebed8a1
216,649.229,3.898620145,0x47c965caead95d3f16c3b1e4bc7ac48e3702f5b3,2017-10-31T19:30:42.000Z,0.006005,0xecba73e96217cdb23afff854446dda91a103e7fd,sell,0xb97048628db6b661d4c2aa833e95dbe1a905b280,0x29178bde3bee06b4f7b4b59148b5c82b4b74369f77db317266d749f9bb505667
217,0.7709506430066793,0.004629558611255109,0x47c965caead95d3f16c3b1e4bc7ac48e3702f5b3,2017-10-31T19:22:59.000Z,0.006005,0x79ba821f4670f614db04e80185127c2e1a381605,sell,0xb97048628db6b661d4c2aa833e95dbe1a905b280,0x210c131ffe1456839074684077d1d6ac35a0cb5425232d5304291addb65711e7
218,159,0.95877,0xf36700ff798394c4a58fe861a4661f5489d90735,2017-10-31T19:14:02.000Z,0.00603,0x12b023510137e1a2cbc6954e1cfc7c7a86865b0f,buy,0xb97048628db6b661d4c2aa833e95dbe1a905b280,0x924cbd7905e080a11d266a6f54b002da6353ba0186f34b810f9671ab3c3fa8b9
219,9.995,0.06026985,0x89d400d2268df5f9e4590c632f407bda11fab028,2017-10-31T17:55:31.000Z,0.00603,0x12b023510137e1a2cbc6954e1cfc7c7a86865b0f,buy,0xb97048628db6b661d4c2aa833e95dbe1a905b280,0x44fb0227bd736d26d2c5de08817bcb7deb54e1cbcc097fe74b27109b2cec08f9
220,49.69591176624464,0.28823628824421893,0xc6d63792fba47ed3dcab5ce7df14d6b5c1ed9f86,2017-10-31T17:39:04.000Z,0.0058,0x89d400d2268df5f9e4590c632f407bda11fab028,sell,0xb97048628db6b661d4c2aa833e95dbe1a905b280,0xe8faf09e6e5820e9a9143e16db8392068859924f680cfa389edb595bfbb16fc3
221,50,0.290005,0xb09ff029290a7a5aecb1b08cf61f50e5c1476262,2017-10-31T17:33:56.000Z,0.0058001,0x89d400d2268df5f9e4590c632f407bda11fab028,sell,0xb97048628db6b661d4c2aa833e95dbe1a905b280,0x1a08bca23960f33e4da89ed31634647752b18a8a79f8ae130d14cef7b7fb2835
222,451.5588584966904,2.5513075505063005,0x1b7688a79d07be5b3d03cfc59983c0d3ddf54de3,2017-10-31T16:15:18.000Z,0.00565,0x368674b5b7bd3ec1d97954d63ffdbc367166a3ae,sell,0xb97048628db6b661d4c2aa833e95dbe1a905b280,0xe3f6f915fd5f60bb18e7b3a9ec4bddb2c5a5eba7a2e7e4cc3aa7925f8649e5ae
223,20,0.11502,0x18e96886612735f0d509d139f304f108f79bc18c,2017-10-31T16:13:00.000Z,0.005751,0x368674b5b7bd3ec1d97954d63ffdbc367166a3ae,sell,0xb97048628db6b661d4c2aa833e95dbe1a905b280,0xb7793d67c65d972dd75199266585c9249515e847eb24b980282bbee5e3ccc7b6
224,10,0.05801,0x383932e5467528999954bf192452e390e1c84795,2017-10-31T16:11:35.000Z,0.005801,0x368674b5b7bd3ec1d97954d63ffdbc367166a3ae,sell,0xb97048628db6b661d4c2aa833e95dbe1a905b280,0x32eb6ae85ee08e1fe4213f78634871c15516a361976bacd03300db0aa136aad5
225,17,0.102,0x3cfeed39846961095f7bbe04ab9f3730f408224e,2017-10-31T16:11:04.000Z,0.006,0x368674b5b7bd3ec1d97954d63ffdbc367166a3ae,sell,0xb97048628db6b661d4c2aa833e95dbe1a905b280,0x0b4682f993b850ff6e83ab6beda951fcd339f968557617632ac806795ba9371b
226,4.634,0.02796619,0xdc755b19d5be098e6fa481892aeeec5cca720829,2017-10-31T15:53:45.000Z,0.006035,0x6f922739073093fc81c22ce290684e62718fc37b,sell,0xb97048628db6b661d4c2aa833e95dbe1a905b280,0xbe8c780b073c7315dd0ebdb2519740304911bc788e419d013f5306e61c6bbac0
227,184.694885,1.10816931,0x00515e4f8a5c52a526f48c3ea07238143e2c04fc,2017-10-31T15:49:25.000Z,0.006,0x6e2c2cc88c34f7790b1fb6d565171a08b11e8de4,sell,0xb97048628db6b661d4c2aa833e95dbe1a905b280,0x0579a2719d25a1cf553395fe0de7612483e57d95c80b69831f7522af7d147429
228,25,0.151725,0x3e09a7ce2ae8a86f784beb0cd2734bed359a7b2d,2017-10-31T15:12:27.000Z,0.006069,0x18e96886612735f0d509d139f304f108f79bc18c,buy,0xb97048628db6b661d4c2aa833e95dbe1a905b280,0x7af19c06878c6ea716aa33cef4cb31788f8cdadaf1389798dc5ba6f672125803
229,35,0.209265,0xfda4455e23679560887de8d42fba5af277bbb097,2017-10-31T15:10:33.000Z,0.005979,0x18e96886612735f0d509d139f304f108f79bc18c,buy,0xb97048628db6b661d4c2aa833e95dbe1a905b280,0x00cd07ffb5174107d628bd38cc73f0c6eddad0e63f559bc0a1dfdd04fce5f6fc
230,120,0.717,0x19b1b0fdc54c1468b61133ad66501fb0aa83e13e,2017-10-31T15:02:39.000Z,0.005975,0xd848d35ea908828d1a064a7c0bb2aebb8486da57,buy,0xb97048628db6b661d4c2aa833e95dbe1a905b280,0xdd6b7c9329b915ae4b424e411ae5ee6b2a6745d4fe12fa76300969743e6b1ed1
231,300,1.79217,0x19b1b0fdc54c1468b61133ad66501fb0aa83e13e,2017-10-31T15:02:25.000Z,0.0059739,0xecba73e96217cdb23afff854446dda91a103e7fd,buy,0xb97048628db6b661d4c2aa833e95dbe1a905b280,0x1e2e087d522e690a0b96d917de3f92d2d89d88c8bd103e066aa135c240afc3b2
232,50,0.30695,0xfda4455e23679560887de8d42fba5af277bbb097,2017-10-31T15:00:17.000Z,0.006139,0x18e96886612735f0d509d139f304f108f79bc18c,buy,0xb97048628db6b661d4c2aa833e95dbe1a905b280,0x3a3f3d2484fdfce2b6567d0799952994350b71bb7cd3ee51152151dba730483f
233,4.377429967101984,0.025607965307546606,0x00515e4f8a5c52a526f48c3ea07238143e2c04fc,2017-10-31T14:26:38.000Z,0.00585,0xdace8e70eb1370e5b5da26cb3e99f3e169343bc9,sell,0xb97048628db6b661d4c2aa833e95dbe1a905b280,0x8635ed8fde96ef8a51afafc90a2b4cb0b1823fda631e81ae56eb49e209b559f8
234,834.7670982431953,4.987733412003092,0x5d24675fc7a707ad655b433146096643c7b05ed4,2017-10-31T14:14:35.000Z,0.005975,0xd848d35ea908828d1a064a7c0bb2aebb8486da57,buy,0xb97048628db6b661d4c2aa833e95dbe1a905b280,0xc9b14df461ae71a990f84e7700e34927d15c826f6d99cf99fd63a83f76a19178
235,469.3599840494467,2.722287907486791,0x80cdc8b6887f0f25da9ea60db422a666432857e2,2017-10-31T12:37:51.000Z,0.0058,0x3c5f2f0279524aa556af6c003d6a481bdf7d7bed,sell,0xb97048628db6b661d4c2aa833e95dbe1a905b280,0xc99bb1861f01723c5e8b25bb961efb52562d0016dee23fda6333bd4809d3cfdb
236,44,0.2596,0x96c686ef5ec2f6542b900f8408d7107fb008feaf,2017-10-31T12:27:15.000Z,0.0059,0x90814abc3d3f5229c6b53faf3a2ba0f5ef0fc9af,sell,0xb97048628db6b661d4c2aa833e95dbe1a905b280,0x333a3deee68246545779727c44238a54613d3137865162ca2dd5f9748857e948
237,130,0.776607,0xdf13d76cdc478b5098d1861068acaceda0f823a5,2017-10-31T12:15:46.000Z,0.0059739,0xecba73e96217cdb23afff854446dda91a103e7fd,buy,0xb97048628db6b661d4c2aa833e95dbe1a905b280,0x9c64661aec9c270b320c89718f3761b05758abbc31c76f55b7b82852de818301
238,25,0.14675,0x91a135428469f4a9ddea9022fd90ad076a102317,2017-10-31T10:44:12.000Z,0.00587,0x18e96886612735f0d509d139f304f108f79bc18c,buy,0xb97048628db6b661d4c2aa833e95dbe1a905b280,0x37a3f3e2afc69cdce3cd3a2db1f4a761d4f8a11d3b688ca804c1107854694984
239,0.5762443682310467,0.003192393799999999,0x1d5321e125f6c7079a716705541c7b371ca79e69,2017-10-31T10:41:38.000Z,0.00554,0x9d235c14b6e6432b3b82eaf29755e42d82aa846f,buy,0xb97048628db6b661d4c2aa833e95dbe1a905b280,0x8e09bb9e33b7fe3b7594ee8ca159c2f9efe4dead0a1de0295b70f0fde0f9657f
240,0.574520805813606,0.003332220673718914,0x80cdc8b6887f0f25da9ea60db422a666432857e2,2017-10-31T10:41:38.000Z,0.0058,0x1d5321e125f6c7079a716705541c7b371ca79e69,sell,0xb97048628db6b661d4c2aa833e95dbe1a905b280,0x8e09bb9e33b7fe3b7594ee8ca159c2f9efe4dead0a1de0295b70f0fde0f9657f
241,180,1.062,0x33d85aac755ee5fc2a6027a3200004d755ae3418,2017-10-31T10:26:14.000Z,0.0059,0x72727667ea73e5b0a1612d7d685b205c78ae4748,buy,0xb97048628db6b661d4c2aa833e95dbe1a905b280,0x2a6dac209672bd6cca2c100210bab4e57a44e394c5bd4208822da23cdaa0684c
242,44.30664938690061,0.24174372505233777,0x6e2c2cc88c34f7790b1fb6d565171a08b11e8de4,2017-10-31T09:28:56.000Z,0.00545615,0x527e6009e17c7e85ca8c3912accd8f0e12b89e2b,sell,0xb97048628db6b661d4c2aa833e95dbe1a905b280,0x0b8dcc292ecd844160d0bef9690a7d8165d0f0208fcc76a1f4f0645a206e3a4d
243,53.16630571292336,0.2892247030783031,0x5b820bc79018c57975046b73136a22e8d81dad74,2017-10-31T08:16:55.000Z,0.00544,0xfd3e8b8aee8704ffcdd3181d639a050bc832fddf,sell,0xb97048628db6b661d4c2aa833e95dbe1a905b280,0x0e8203476f6e87b7d41a804883b04dcd57dbed8ee99aed75e1b9dbe41687b1c6
244,370,2.01317037,0xecba73e96217cdb23afff854446dda91a103e7fd,2017-10-31T08:14:59.000Z,0.005441001,0xfd3e8b8aee8704ffcdd3181d639a050bc832fddf,sell,0xb97048628db6b661d4c2aa833e95dbe1a905b280,0x0fd2e0d835d26a4b5c3cd62fc8180715c88ade66c493faf941497e5e5eec9e22
245,200,1.175,0x50d6ac840b08bfb4ee00a0072566e7788e252e39,2017-10-31T08:04:15.000Z,0.005875,0xecba73e96217cdb23afff854446dda91a103e7fd,sell,0xb97048628db6b661d4c2aa833e95dbe1a905b280,0xbb82729afdd6c673e7bfcec060cb81fbb0fc2c7b9e3148a9d443d2b7e511cb23
246,800,4.33336,0x795ec9a80eaaf4c10648b2cab3aefa6544412c85,2017-10-31T06:42:20.000Z,0.0054167,0x6a1afc7af4278351bca6125e03cc9e1a3f41e80a,sell,0xb97048628db6b661d4c2aa833e95dbe1a905b280,0xe0cf330a2bed47be2f1561cdd1e512bf2d5d4e99caebe3b0bcccf8559f8d46db
247,250,1.3600025,0x3dee4a4e076e8d82859d241db0baf46f112cfa23,2017-10-31T06:40:26.000Z,0.00544001,0x6a1afc7af4278351bca6125e03cc9e1a3f41e80a,sell,0xb97048628db6b661d4c2aa833e95dbe1a905b280,0x2869836f44d0e37ce76f4c00bc5edaa34eeef5031c173162d0d30e3870514ac5
248,0.0792534954753,0.000436766013564378,0x18e96886612735f0d509d139f304f108f79bc18c,2017-10-31T05:14:28.000Z,0.005510999999999996,0xe444a40689f51f63bcd29910622035707d533d29,sell,0xb97048628db6b661d4c2aa833e95dbe1a905b280,0x46d169931e61b261413659dd5674f58c8962e3e1575a008464b186a4cf7a1c05
249,151.75075563176895,0.8406991862,0x73b7424a32b34806f9ba10129843ce9cc3069397,2017-10-31T04:45:46.000Z,0.00554,0x9d235c14b6e6432b3b82eaf29755e42d82aa846f,buy,0xb97048628db6b661d4c2aa833e95dbe1a905b280,0x7e90e92d12ecebe814ce4dd6b65d0334800c829f67671eab2ad1c2ae8e3372ce
250,15.5,0.08897,0xf526aa94cf553fe938766ca221f459e2f49ca93c,2017-10-31T04:15:47.000Z,0.00574,0x4121bd8ab6219b43af31686347a8fad622dba135,buy,0xb97048628db6b661d4c2aa833e95dbe1a905b280,0x5a8c301c3720d259fe8ab1e04482b8619d8d2efd8e06637e6eccfda9c928014c
251,88,0.47872,0x5b820bc79018c57975046b73136a22e8d81dad74,2017-10-31T04:12:45.000Z,0.00544,0x4998b59b053dba2432927dca2935002f7b894d62,sell,0xb97048628db6b661d4c2aa833e95dbe1a905b280,0xbf27cde512d044013c9b9e94ecb6ff61dcd96d9a876154b982d89336812122e5
252,0.6846269180450968,0.003833910741052541,0x05b3ad6c1b54ef826485c2afbdf8df7bd7cdb6c8,2017-10-31T04:12:06.000Z,0.005599999999999998,0x4998b59b053dba2432927dca2935002f7b894d62,sell,0xb97048628db6b661d4c2aa833e95dbe1a905b280,0x3104891e019112f914a3870209fa9c2a900ca1348c116da2fe5f41fb7d96683a
253,131,0.75194,0x05b3ad6c1b54ef826485c2afbdf8df7bd7cdb6c8,2017-10-31T04:11:08.000Z,0.00574,0x4121bd8ab6219b43af31686347a8fad622dba135,buy,0xb97048628db6b661d4c2aa833e95dbe1a905b280,0x3697c1f0547c41d0c4737becd8cd8613d5f9270085a0c0dd9441c9b0c6e0c3bb
254,9.051777916845117,0.04988434809973344,0x18e96886612735f0d509d139f304f108f79bc18c,2017-10-31T04:10:14.000Z,0.005511,0x4998b59b053dba2432927dca2935002f7b894d62,sell,0xb97048628db6b661d4c2aa833e95dbe1a905b280,0x0c563662732aef372b95f630065a0732154e443e69861858ad8e9d2b690e0e0c
255,50.15,0.2883625,0xc9d56287b414e1aa0963016aa721b527f095fd9c,2017-10-31T02:45:47.000Z,0.00575,0x9d235c14b6e6432b3b82eaf29755e42d82aa846f,buy,0xb97048628db6b661d4c2aa833e95dbe1a905b280,0x12fdd59027176bdc7a8bdac11fadd4b3313eafbfb94f1cfc2bda818330e80a4a
256,50,0.3005005,0x18e96886612735f0d509d139f304f108f79bc18c,2017-10-31T02:45:47.000Z,0.00601001,0xc9d56287b414e1aa0963016aa721b527f095fd9c,sell,0xb97048628db6b661d4c2aa833e95dbe1a905b280,0x12fdd59027176bdc7a8bdac11fadd4b3313eafbfb94f1cfc2bda818330e80a4a
257,69.6341341840295,0.37718025122121424,0x3dee4a4e076e8d82859d241db0baf46f112cfa23,2017-10-31T02:45:08.000Z,0.0054166,0x0265afc497b9dfc5a9648d66322e19b9edcd0faa,sell,0xb97048628db6b661d4c2aa833e95dbe1a905b280,0xea49f0cf06aeff0456f9b086754ec720d25f0b4041bb9c86a399a7a8914ae1b4
258,50,0.28484845,0x695f7ca2b214b12912a8f74ab689907666cad96c,2017-10-31T02:43:29.000Z,0.005696969,0x0265afc497b9dfc5a9648d66322e19b9edcd0faa,sell,0xb97048628db6b661d4c2aa833e95dbe1a905b280,0xdb2dc12e6ecd352656137e4d6f82bd34855be49ce4238acea933d062d7509ab0
259,20,0.11748,0xf5ed612d66a6f5cfa4aa31b06ffd4575cebd4fd4,2017-10-31T02:38:49.000Z,0.005874,0xecba73e96217cdb23afff854446dda91a103e7fd,buy,0xb97048628db6b661d4c2aa833e95dbe1a905b280,0xdf20e880d718649d50f8ec0eb21e490136064671064c7e7a9a9cf974a9abf678
260,68.3829725175838,0.40168158056828723,0xa65ed18c10390e8664dadce83f1bbd9a1d411a9a,2017-10-31T02:12:20.000Z,0.005874,0xecba73e96217cdb23afff854446dda91a103e7fd,buy,0xb97048628db6b661d4c2aa833e95dbe1a905b280,0xadfc704f1a4e14af972fc1a2187c962f4f5a70d5bd9d2b12a4266d0901c9a17c
261,0.13675768138081953,0.000832854279609191,0x6f922739073093fc81c22ce290684e62718fc37b,2017-10-31T01:37:26.000Z,0.00609,0x18e96886612735f0d509d139f304f108f79bc18c,buy,0xb97048628db6b661d4c2aa833e95dbe1a905b280,0x7bf5f576fc50a2a149ed0c9631ecf5fed44dbefdc9e8db6b0836b73b7128f3b7
262,100,0.59,0x51bdf884f7f6940a4538dfa2ba1dc2f2c37e739b,2017-10-31T01:13:01.000Z,0.0059,0x72727667ea73e5b0a1612d7d685b205c78ae4748,buy,0xb97048628db6b661d4c2aa833e95dbe1a905b280,0x686188281c54c95024c8ada4bcf05b3c84d541bd5dec9dddc9b6304b47ca430e
263,200,1.1798,0x9290206bfe2230b43b4ee16718618434347f7a30,2017-10-31T01:06:21.000Z,0.005899,0xecba73e96217cdb23afff854446dda91a103e7fd,buy,0xb97048628db6b661d4c2aa833e95dbe1a905b280,0x0a875d5472f4c45f4be6b0822744bef7f640e8fd317dd9c93f06f98c74782238
264,149,0.878951,0x9290206bfe2230b43b4ee16718618434347f7a30,2017-10-31T01:05:56.000Z,0.005899,0x456431ac9603682eaf95068917f1c576c91d0fb1,buy,0xb97048628db6b661d4c2aa833e95dbe1a905b280,0xfa9416bf262b009b4f2532506fb935ae724eb3cddd84b56daa179fe3a161ecaa
265,1130.1411994217924,5.779498018336269,0xecba73e96217cdb23afff854446dda91a103e7fd,2017-10-31T00:58:12.000Z,0.005113961,0xb00548770ea87482f024cd4292a975fea72e8f01,sell,0xb97048628db6b661d4c2aa833e95dbe1a905b280,0x44c82552fa6f98c27c501db6d617eadc011952e9b97c862439d080ff7c0ad415
266,1130.1411994217924,5.779498018336269,0xecba73e96217cdb23afff854446dda91a103e7fd,2017-10-31T00:57:57.000Z,0.005113961,0xb00548770ea87482f024cd4292a975fea72e8f01,sell,0xb97048628db6b661d4c2aa833e95dbe1a905b280,0x44c82552fa6f98c27c501db6d617eadc011952e9b97c862439d080ff7c0ad415
267,0.000962620892623952,0.00000530500373925,0x18e96886612735f0d509d139f304f108f79bc18c,2017-10-31T00:42:55.000Z,0.0055109999999993775,0x8104c130d2c4462e2c19054786b8966486377881,sell,0xb97048628db6b661d4c2aa833e95dbe1a905b280,0xd40b8f2d7907fdc009d00486ac798455dd2c32ab4a64edb693b5dfb245a3416f
268,49.85,0.27916,0xf142f26d1cac4ba8a6e6d7974d243eda2fe5f4f9,2017-10-31T00:41:56.000Z,0.0056,0x72727667ea73e5b0a1612d7d685b205c78ae4748,buy,0xb97048628db6b661d4c2aa833e95dbe1a905b280,0xdf180b4199a3b1e49ba8b9d973ef57bc3dd5979b48693c8a9e013898baf3619e
269,9.656050173910861,0.05321449250842275,0x18e96886612735f0d509d139f304f108f79bc18c,2017-10-31T00:41:56.000Z,0.005511,0x8104c130d2c4462e2c19054786b8966486377881,sell,0xb97048628db6b661d4c2aa833e95dbe1a905b280,0x3f3ce614895cb13e1fdbb67f2974a745a24185465492977010905e50323a75ea
270,30,0.1653,0x7cea503fd36694c94a0901361bdd4cc8b4387094,2017-10-31T00:40:33.000Z,0.00551,0x8104c130d2c4462e2c19054786b8966486377881,sell,0xb97048628db6b661d4c2aa833e95dbe1a905b280,0x43e9a98b845cdf0007f1eaf18db68d5d46263983503f8091dfd3d2fd04e405f2
271,512.22401607055,2.8229177749664083,0x6e2c2cc88c34f7790b1fb6d565171a08b11e8de4,2017-10-31T00:34:21.000Z,0.0055111,0x8104c130d2c4462e2c19054786b8966486377881,buy,0xb97048628db6b661d4c2aa833e95dbe1a905b280,0x974597364b66b273278f67b329c6138cf64f77c19d43959593d88dc0849cfc61
272,50,0.3025,0x18e96886612735f0d509d139f304f108f79bc18c,2017-10-31T00:22:41.000Z,0.00605,0xc9d56287b414e1aa0963016aa721b527f095fd9c,sell,0xb97048628db6b661d4c2aa833e95dbe1a905b280,0xc20c37b885bf32e50d8fc0abb0b786a74bae64f568e375b8d96f05c1fb987834
273,50.15,0.28084,0xc9d56287b414e1aa0963016aa721b527f095fd9c,2017-10-31T00:22:41.000Z,0.0056,0x72727667ea73e5b0a1612d7d685b205c78ae4748,buy,0xb97048628db6b661d4c2aa833e95dbe1a905b280,0xc20c37b885bf32e50d8fc0abb0b786a74bae64f568e375b8d96f05c1fb987834
274,20,0.118,0x71ae9867ffef339e8ec11f2072629dc4ed30259e,2017-10-31T00:08:35.000Z,0.0059,0x72727667ea73e5b0a1612d7d685b205c78ae4748,buy,0xb97048628db6b661d4c2aa833e95dbe1a905b280,0x844acad25c4cc6512fd89751abd14cd97e691364b0ad7ba3c6844ba1ead31d14
275,600,3.539994,0x52a7a6d5f1c97766df48286eb0ce350157c217ce,2017-10-30T23:08:56.000Z,0.00589999,0xecba73e96217cdb23afff854446dda91a103e7fd,buy,0xb97048628db6b661d4c2aa833e95dbe1a905b280,0x8abc93fbd29fd8a63a12dca95fb5ac1b434112e12ab0aa9251fad43b2a3f5f19
276,15,0.0855,0x52a7a6d5f1c97766df48286eb0ce350157c217ce,2017-10-30T23:08:13.000Z,0.0057,0x72727667ea73e5b0a1612d7d685b205c78ae4748,buy,0xb97048628db6b661d4c2aa833e95dbe1a905b280,0x88923585da7a24dfcba0b4cc574ecc6ae2103462dad4bb502dd69efbcc3843b5
277,35,0.206465,0x52a7a6d5f1c97766df48286eb0ce350157c217ce,2017-10-30T23:08:13.000Z,0.005899,0x18e96886612735f0d509d139f304f108f79bc18c,buy,0xb97048628db6b661d4c2aa833e95dbe1a905b280,0xb250370892f9667a66a037d931b3fbc07bcd001c8b041eeda1f9f94027aa0d71
278,80,0.456,0x71ae9867ffef339e8ec11f2072629dc4ed30259e,2017-10-30T23:02:30.000Z,0.0057,0x72727667ea73e5b0a1612d7d685b205c78ae4748,buy,0xb97048628db6b661d4c2aa833e95dbe1a905b280,0x65a6daab77b1ab79e55ea9389baa43a9428c3290c9518c1c1bf218bd462225ef
279,20.649044246122166,0.10531012565522305,0xf2b1fdc974a80ae077f285421eb39e10403fb1f2,2017-10-30T22:36:03.000Z,0.0051,0x119865afb55dda309072cd1031e7bf2caf4289ba,sell,0xb97048628db6b661d4c2aa833e95dbe1a905b280,0x54ae3e50f662691fca4639dee12e938ea997a2042c0205e6bd2c4d6a503ffbcf
280,4.270491928282535,0.02312458567689208,0x6e2c2cc88c34f7790b1fb6d565171a08b11e8de4,2017-10-30T22:11:58.000Z,0.00541497,0xd4a99a3e6a1a495ab95ea1a72a45f670ddbc0d96,sell,0xb97048628db6b661d4c2aa833e95dbe1a905b280,0x1c6f4c440f07f529f62655957b8f9fc8eeeb7c5904d7017a97bf4d48752879f3
281,0.47563125997248856,0.002620728242448411,0x8be9b4fc633014f520db96c4b75de38954ce6802,2017-10-30T22:10:54.000Z,0.0055099999999999975,0xd4a99a3e6a1a495ab95ea1a72a45f670ddbc0d96,sell,0xb97048628db6b661d4c2aa833e95dbe1a905b280,0xc4f832661f3cc762bb5cba0d3e0c2a2741403cd25442f020f1705089bbd450b5
282,4.160603684298146,0.02167674519519334,0x937ef977341e686a42200d61e72b33405bf0c9c3,2017-10-30T22:09:34.000Z,0.005209999999999999,0xd4a99a3e6a1a495ab95ea1a72a45f670ddbc0d96,sell,0xb97048628db6b661d4c2aa833e95dbe1a905b280,0x930329b1a6e8c50db1e1dfc62405aa0339370f986f424c57cd3bd82a4c746a3e
283,20,0.108,0x402fa77cd595dab62cce9cac27ea43c8b4d8c7a9,2017-10-30T22:07:58.000Z,0.0054,0xd4a99a3e6a1a495ab95ea1a72a45f670ddbc0d96,sell,0xb97048628db6b661d4c2aa833e95dbe1a905b280,0xe16e7fa62378c0153fd4923034941ccde6992e8237fb1a668e7094330a92ad00
284,27,0.14661,0x4b49b5d5eb1f4106e9336f01077844b462650c68,2017-10-30T22:07:22.000Z,0.00543,0xd4a99a3e6a1a495ab95ea1a72a45f670ddbc0d96,sell,0xb97048628db6b661d4c2aa833e95dbe1a905b280,0x043b48250f692044f42b09f706e88b8a42916a02280d642d98745ec0d711a37a
285,138.589,0.75045527733,0x6e2c2cc88c34f7790b1fb6d565171a08b11e8de4,2017-10-30T22:06:25.000Z,0.00541497,0xd4a99a3e6a1a495ab95ea1a72a45f670ddbc0d96,sell,0xb97048628db6b661d4c2aa833e95dbe1a905b280,0x5273fe98e464b8f9c0fd14c0cf0b407d33d7aac2797deb24db106d6281d298b5
286,40,0.22,0x1000c8ccd9f380eaf19aeb268c39d65cb04c841d,2017-10-30T22:06:11.000Z,0.0055,0xd4a99a3e6a1a495ab95ea1a72a45f670ddbc0d96,sell,0xb97048628db6b661d4c2aa833e95dbe1a905b280,0xf1b7c788886cd7ffb98bb5e88e5550925e8bb7a9d8d4e34aacdadfb852c5b75a
287,46,0.250286,0x937ef977341e686a42200d61e72b33405bf0c9c3,2017-10-30T22:05:15.000Z,0.005441,0xd4a99a3e6a1a495ab95ea1a72a45f670ddbc0d96,sell,0xb97048628db6b661d4c2aa833e95dbe1a905b280,0xce970b4dbb0986a2f2243473151f206f2c0376b7db1946ee30a13c75eab0745d
288,25,0.13775,0x383932e5467528999954bf192452e390e1c84795,2017-10-30T22:05:02.000Z,0.00551,0xd4a99a3e6a1a495ab95ea1a72a45f670ddbc0d96,sell,0xb97048628db6b661d4c2aa833e95dbe1a905b280,0xe83e2bd81c6f46d187d38d0d8b326f9f76188209cdb5fe265a6b265409de6653
289,39.4,0.217094394,0x9bea93d689584611060da426c35cfc1690b0251a,2017-10-30T22:04:49.000Z,0.00551001,0xd4a99a3e6a1a495ab95ea1a72a45f670ddbc0d96,sell,0xb97048628db6b661d4c2aa833e95dbe1a905b280,0xe627e35b6cc83e35e5867f8c98c67044af4f4a6e53bcc3bc67fd319c2a26f32b
290,452.686,2.4599998417799998,0x6e2c2cc88c34f7790b1fb6d565171a08b11e8de4,2017-10-30T22:03:53.000Z,0.00543423,0xd4a99a3e6a1a495ab95ea1a72a45f670ddbc0d96,sell,0xb97048628db6b661d4c2aa833e95dbe1a905b280,0x97cd30f19e4d89f06fe89c9b6f15b321461c09a43827a6586b622b70e3e0052b
291,5,0.0285,0xea13dc1ecf0766152c6d5992e92736dd06f03059,2017-10-30T21:12:21.000Z,0.0057,0x72727667ea73e5b0a1612d7d685b205c78ae4748,buy,0xb97048628db6b661d4c2aa833e95dbe1a905b280,0x9b8670b17429d9496dc32bc346f372101f0d38eef6c258b257d47e77edafe2cb
292,165.86971454382635,0.9454573728998102,0x794174e49bf065bfb97cd3b06b3b5e2caccc0a17,2017-10-30T20:45:03.000Z,0.0057,0x72727667ea73e5b0a1612d7d685b205c78ae4748,sell,0xb97048628db6b661d4c2aa833e95dbe1a905b280,0x2277efaa2b87b90b746200c18f1d2f6380747331fbc38f2baf38a75356f6d5cc
293,0.1302854561736447,0.000742627100189774,0x794174e49bf065bfb97cd3b06b3b5e2caccc0a17,2017-10-30T20:38:52.000Z,0.005699999999999993,0x72727667ea73e5b0a1612d7d685b205c78ae4748,sell,0xb97048628db6b661d4c2aa833e95dbe1a905b280,0x7fe2ff7a9fa913464c2e8728468e8add3edb1559df3807d56fac65f7ffa5d0c1
294,25,0.1497475,0x3a5747b4cd3736fe50fcc902f9ffea813bd05551,2017-10-30T20:10:56.000Z,0.0059899,0x49d1331c827135e536bcf74888c698ccd5f2f551,buy,0xb97048628db6b661d4c2aa833e95dbe1a905b280,0xe396641aa34effbe61cd1086b3f2da8a6e6807ba32a105115763dbdc7b8d60a5
295,0.01,0.000059499,0x0c4085d8e714ca77ac5f46cd2b80a92d238a7cd3,2017-10-30T20:04:35.000Z,0.0059499,0xecba73e96217cdb23afff854446dda91a103e7fd,buy,0xb97048628db6b661d4c2aa833e95dbe1a905b280,0x2d3d0665b3b45994c5887e7319b814a3210a403e2e66e1693d7a0ed6f9dac94f
296,55,0.3267,0x9c9ba4d8a3bd599746a9950037230d8a94c6c49b,2017-10-30T18:36:33.000Z,0.00594,0xc8d8737fff15b4e95d459375974556297dd069fa,buy,0xb97048628db6b661d4c2aa833e95dbe1a905b280,0x75abd2c3be1d5235d2d45d41f6743153a7604862ef0c26c9952f62df51f05f09
297,44.74138432438278,0.2662112367300775,0xa624c7fae9a85a04739daa788ad6d9a0025bdc5d,2017-10-30T18:16:05.000Z,0.00595,0x12b023510137e1a2cbc6954e1cfc7c7a86865b0f,buy,0xb97048628db6b661d4c2aa833e95dbe1a905b280,0x5fc01e6ef25be36a539511f6db48100d5ce21f37ae52e8bb4d3fb24c52082f6f
298,1000,5.95,0x2b9ab3c66be76863bbc256c046c38e12c4c2aec9,2017-10-30T18:15:55.000Z,0.00595,0x12b023510137e1a2cbc6954e1cfc7c7a86865b0f,buy,0xb97048628db6b661d4c2aa833e95dbe1a905b280,0x9e10ff06ac346b870b28a55ec100cff0c75acdaa7012312e8be3c1805b0b3ea0
299,53,0.3127,0x96c686ef5ec2f6542b900f8408d7107fb008feaf,2017-10-30T17:54:11.000Z,0.0059,0x12b023510137e1a2cbc6954e1cfc7c7a86865b0f,sell,0xb97048628db6b661d4c2aa833e95dbe1a905b280,0xef9177593c10abf2e807c729fe7082e95cce14f6594ab1c2a715031b58fe8486
300,50,0.2995,0x1049378ae6095398fe63d4e1395c4d596fd213d3,2017-10-30T16:25:37.000Z,0.00599,0x402a308b2494cff493a142fae98889ba6466bfa4,buy,0xb97048628db6b661d4c2aa833e95dbe1a905b280,0x45f7e45ac8b8a95c41ca10516a59c582abd54297498cbad74d232cdc4e6f302f
301,162.597,0.97395603,0x1049378ae6095398fe63d4e1395c4d596fd213d3,2017-10-30T16:23:30.000Z,0.00599,0x402a308b2494cff493a142fae98889ba6466bfa4,buy,0xb97048628db6b661d4c2aa833e95dbe1a905b280,0xf43f8926c36332c9187869cec05f0c3b28614b93a69148d89d721fad9d47258c
302,100,0.585,0x1049378ae6095398fe63d4e1395c4d596fd213d3,2017-10-30T16:19:36.000Z,0.00585,0xbe4736749ef1e1c1e686bb161fb17cdd4aea563e,buy,0xb97048628db6b661d4c2aa833e95dbe1a905b280,0x45c5718310b9da9d614c1288f1932f92c0786105dc590db7f3130dcdce8e0531
303,10,0.0599,0x58e3c837eb25a2e33c02b25ec9fc8c3debdbf7fb,2017-10-30T16:12:19.000Z,0.00599,0x402a308b2494cff493a142fae98889ba6466bfa4,buy,0xb97048628db6b661d4c2aa833e95dbe1a905b280,0x8561f926c00128a9b478ed4bf4f1233046467638f0e54018d7806e1023bc88ed
304,637.403,3.60882918331,0x1049378ae6095398fe63d4e1395c4d596fd213d3,2017-10-30T15:44:06.000Z,0.00566177,0x12d00b993bfd0422d6bde9aa63d96e0ab74fb636,buy,0xb97048628db6b661d4c2aa833e95dbe1a905b280,0xf487a332a6b1e79db40242a7e53260075da1e85001f0ae14f7b5f03b7bb70c60
305,90,0.5095593,0xd649033b08546b15e284401582cb51a842d2801b,2017-10-30T15:21:04.000Z,0.00566177,0x12d00b993bfd0422d6bde9aa63d96e0ab74fb636,buy,0xb97048628db6b661d4c2aa833e95dbe1a905b280,0xe9186a4fc1bd516881b681ce6f8eaef5b431af65449db44e3ab9fa6735277523
306,72.18323198085933,0.39772960821453496,0x8be9b4fc633014f520db96c4b75de38954ce6802,2017-10-30T14:24:59.000Z,0.00551,0x6178f9c08422a40a1609cff691cc7a9b097c0405,sell,0xb97048628db6b661d4c2aa833e95dbe1a905b280,0x87be0449709697c4b381f150c6da3ada0f75dcaf937fa8e56284ee696e1469b3
307,0.1,0.000551001,0x9bea93d689584611060da426c35cfc1690b0251a,2017-10-30T14:07:33.000Z,0.00551001,0xf39574af65cc6c2f8a845d4e27593324dd19699d,sell,0xb97048628db6b661d4c2aa833e95dbe1a905b280,0x83e4b59ad120baaee96adf55f75b1e7862f716d268e2259349c852e875147b4c
308,1119.5294586780979,6.157417620376831,0xecba73e96217cdb23afff854446dda91a103e7fd,2017-10-30T14:03:10.000Z,0.005500005,0xf39574af65cc6c2f8a845d4e27593324dd19699d,sell,0xb97048628db6b661d4c2aa833e95dbe1a905b280,0x923e25f32f14d95c94efa7b861811532a5793657b1cf64d8915859c9e3cde4f8
309,37.88256405144053,0.212142358688067,0x8a37f4a65d3b9635105328f3045d8ee18125a09f,2017-10-30T13:48:47.000Z,0.0056,0x3e351848599f09b91a669836abe30a494901c93b,sell,0xb97048628db6b661d4c2aa833e95dbe1a905b280,0x3769b3ed0f41aa0ecd29bd72c65afdbb5e2cf057fe94f45904a85c3046141ead
310,38,0.21514726,0x3e351848599f09b91a669836abe30a494901c93b,2017-10-30T13:48:16.000Z,0.00566177,0x12d00b993bfd0422d6bde9aa63d96e0ab74fb636,buy,0xb97048628db6b661d4c2aa833e95dbe1a905b280,0x1bd5822dd2238c507f03a71c0402394376f63d7c31a931bac82e03a6c6adb908
311,5,0.02830885,0x1d5321e125f6c7079a716705541c7b371ca79e69,2017-10-30T13:41:52.000Z,0.00566177,0x12d00b993bfd0422d6bde9aa63d96e0ab74fb636,buy,0xb97048628db6b661d4c2aa833e95dbe1a905b280,0xbff20742e17e8d9a5d2196d3b9fd95f771ba5ce1552e9b641416b739008854ed
312,4.985044865403789,0.02846460618145563,0x383932e5467528999954bf192452e390e1c84795,2017-10-30T13:41:52.000Z,0.00571,0x1d5321e125f6c7079a716705541c7b371ca79e69,sell,0xb97048628db6b661d4c2aa833e95dbe1a905b280,0xbff20742e17e8d9a5d2196d3b9fd95f771ba5ce1552e9b641416b739008854ed
313,23.376492142865814,0.14194439794069552,0x18e96886612735f0d509d139f304f108f79bc18c,2017-10-30T13:37:34.000Z,0.0060720999999999995,0xc9d56287b414e1aa0963016aa721b527f095fd9c,sell,0xb97048628db6b661d4c2aa833e95dbe1a905b280,0xe4d39272a3fbcbd3ebaa4b3985c12be445a00958f854c5444172296bbcdc77d1
314,23.44662161929441,0.13274937888547253,0xc9d56287b414e1aa0963016aa721b527f095fd9c,2017-10-30T13:37:34.000Z,0.00566177,0x12d00b993bfd0422d6bde9aa63d96e0ab74fb636,buy,0xb97048628db6b661d4c2aa833e95dbe1a905b280,0xe4d39272a3fbcbd3ebaa4b3985c12be445a00958f854c5444172296bbcdc77d1
315,6.149911530966324,0.0348193846086792,0x1d5321e125f6c7079a716705541c7b371ca79e69,2017-10-30T13:37:02.000Z,0.00566177,0x12d00b993bfd0422d6bde9aa63d96e0ab74fb636,buy,0xb97048628db6b661d4c2aa833e95dbe1a905b280,0x6c7aa6b8f36634ff940193f66a0319b05761429eb13ade5a73bcbe5df4eab72f
316,6.131516980026245,0.03495577830312962,0x18e96886612735f0d509d139f304f108f79bc18c,2017-10-30T13:37:02.000Z,0.0057009999999999995,0x1d5321e125f6c7079a716705541c7b371ca79e69,sell,0xb97048628db6b661d4c2aa833e95dbe1a905b280,0x6c7aa6b8f36634ff940193f66a0319b05761429eb13ade5a73bcbe5df4eab72f
317,69.13516333041638,0.3809416634669273,0x3dee4a4e076e8d82859d241db0baf46f112cfa23,2017-10-30T08:29:01.000Z,0.0055100999999999995,0xe796b89e44614c67b138e2145ab13618b1d6dc4c,sell,0xb97048628db6b661d4c2aa833e95dbe1a905b280,0x61e0186b07dcdc50c90e70d3fc018071df6313fc999f719aab27cf1bd50bafa8
318,49.85,0.27916,0x975b308c01c62adc0f8797d37b53104c227e875b,2017-10-30T08:21:41.000Z,0.0056,0x273a5d3e6721b9f5c1a6474f560c1334c63dda01,sell,0xb97048628db6b661d4c2aa833e95dbe1a905b280,0x52cccf1c335543b9241e7e143a1c6fb10e6da1dd4c6cb5ecef9211b497d8dc3f
319,50,0.2755,0x273a5d3e6721b9f5c1a6474f560c1334c63dda01,2017-10-30T08:21:41.000Z,0.00551,0xe796b89e44614c67b138e2145ab13618b1d6dc4c,buy,0xb97048628db6b661d4c2aa833e95dbe1a905b280,0x52cccf1c335543b9241e7e143a1c6fb10e6da1dd4c6cb5ecef9211b497d8dc3f
320,1.2250160096919886,0.006982713756845304,0x2341e0af80a89bc4415bd2d2f32084a640e5deaa,2017-10-30T08:19:25.000Z,0.0057001,0x1d5321e125f6c7079a716705541c7b371ca79e69,sell,0xb97048628db6b661d4c2aa833e95dbe1a905b280,0xdb9871d86ed64ae365a54067545ab7493b8e92003fe81da3aa27d409070121a6
321,1.2286910577210646,0.006880669923237962,0x1d5321e125f6c7079a716705541c7b371ca79e69,2017-10-30T08:19:25.000Z,0.0056,0xe796b89e44614c67b138e2145ab13618b1d6dc4c,buy,0xb97048628db6b661d4c2aa833e95dbe1a905b280,0xdb9871d86ed64ae365a54067545ab7493b8e92003fe81da3aa27d409070121a6
322,23.915210116653807,0.1339251766532613,0xd2ea382e498316d91b9de8557670149b479721a0,2017-10-30T08:19:04.000Z,0.0056,0xe796b89e44614c67b138e2145ab13618b1d6dc4c,buy,0xb97048628db6b661d4c2aa833e95dbe1a905b280,0xd974d0d917c15e346ba45029a076874dea42b447c969e2c62d2ce1ed44caf59c
323,24.736616488884458,0.13852505233775295,0xd2ea382e498316d91b9de8557670149b479721a0,2017-10-30T08:19:04.000Z,0.0056,0xe796b89e44614c67b138e2145ab13618b1d6dc4c,buy,0xb97048628db6b661d4c2aa833e95dbe1a905b280,0x8a50afb3d499435f529b5ed2bb76890508f64a6de5182de26cec1965c0bb739a
324,24.662406639417803,0.14057571784468148,0xc8ecaa02ae41ad17d1ce19ca59bb2f541ad99324,2017-10-30T08:19:04.000Z,0.0057,0xd2ea382e498316d91b9de8557670149b479721a0,sell,0xb97048628db6b661d4c2aa833e95dbe1a905b280,0x8a50afb3d499435f529b5ed2bb76890508f64a6de5182de26cec1965c0bb739a
325,23.84346448630384,0.1359315910364182,0x18e96886612735f0d509d139f304f108f79bc18c,2017-10-30T08:19:04.000Z,0.005701,0xd2ea382e498316d91b9de8557670149b479721a0,sell,0xb97048628db6b661d4c2aa833e95dbe1a905b280,0xd974d0d917c15e346ba45029a076874dea42b447c969e2c62d2ce1ed44caf59c
326,14.329,0.081689629,0xc9d56287b414e1aa0963016aa721b527f095fd9c,2017-10-30T06:08:00.000Z,0.005701,0x650d7913a9840987d80b5e8646f8ef9f82cf30e5,buy,0xb97048628db6b661d4c2aa833e95dbe1a905b280,0xd082a8a8038dda27161ef9ba7024da7018683e42f605c408d5635547dc74fe8b
327,14.286141575274177,0.08718190755633101,0x0c5719fba3a34b524ae668cb51c5e2ce0e1ead14,2017-10-30T06:08:00.000Z,0.006102551,0xc9d56287b414e1aa0963016aa721b527f095fd9c,sell,0xb97048628db6b661d4c2aa833e95dbe1a905b280,0xd082a8a8038dda27161ef9ba7024da7018683e42f605c408d5635547dc74fe8b
328,88.098,0.526825951902,0xd684f93540193a9dcfe8368bd4696bf20a137837,2017-10-30T05:30:57.000Z,0.005979999,0xed7f4d43a68a1353004159aa48fcf79e23b5b75f,buy,0xb97048628db6b661d4c2aa833e95dbe1a905b280,0xbc936f892345426b79bbf982b22ed1bab316c08d52a711159dd73698c92cb5db
329,10,0.05979999,0x3153b0e03e7544e72250188b06979f1a97a188d2,2017-10-30T04:58:58.000Z,0.005979999,0xed7f4d43a68a1353004159aa48fcf79e23b5b75f,buy,0xb97048628db6b661d4c2aa833e95dbe1a905b280,0xfdecbb1ac4810a38b33923794e29fc97b66201ab150490a6b1f3d4dff810244b
330,49,0.29694,0xc1187d152cfacbf853ecc43bda111ff48b4423ee,2017-10-30T04:23:05.000Z,0.00606,0x12b023510137e1a2cbc6954e1cfc7c7a86865b0f,buy,0xb97048628db6b661d4c2aa833e95dbe1a905b280,0xd8681d3ac49399759d6abe8ff1ee096f4bce59893c738ba06c2bd69b3d1f42a9
331,0.006623982729834175,0.000037763325542784,0x18e96886612735f0d509d139f304f108f79bc18c,2017-10-30T03:42:43.000Z,0.005700999999999905,0x8b0f7c8a0a93a418a568dfffb89dbf116637ef34,sell,0xb97048628db6b661d4c2aa833e95dbe1a905b280,0x6dc966e3ddc32acf499f003b67c02c89858470da8abd3fbc2031ba7b801a7568
332,66.4451707629666,0.36545508371339264,0x3dee4a4e076e8d82859d241db0baf46f112cfa23,2017-10-30T03:40:17.000Z,0.0055001,0x8b0f7c8a0a93a418a568dfffb89dbf116637ef34,sell,0xb97048628db6b661d4c2aa833e95dbe1a905b280,0x991d075ec69828fde28274dce826ea6c5bb8efc7161d2f379f61f22047f39206
333,0.3179366656339928,0.001902962221652418,0x8d7624b89c872b2127e40c82f41a55d0bfde7cfe,2017-10-30T03:38:41.000Z,0.005985349999999997,0x8b0f7c8a0a93a418a568dfffb89dbf116637ef34,sell,0xb97048628db6b661d4c2aa833e95dbe1a905b280,0xd26a518fafe6e0857dfb738c5689ff70671775cc5dbda6a626208fbeacb84806
334,1.17,0.0070083,0xfc9d50a394511a26e759d3af0b0d2fa2b924c63f,2017-10-30T03:33:38.000Z,0.00599,0x8b0f7c8a0a93a418a568dfffb89dbf116637ef34,sell,0xb97048628db6b661d4c2aa833e95dbe1a905b280,0x885368edf6397d2cb37fcd6fb58d67e47ed08dee9fa60a3cd4e5ad3f9c1619f7
335,6.052364984904901,0.03631418385706442,0x2e5d4bafaa4d2a5476ee423adbc7f5863e452f12,2017-10-30T03:29:10.000Z,0.005999999,0xed7f4d43a68a1353004159aa48fcf79e23b5b75f,buy,0xb97048628db6b661d4c2aa833e95dbe1a905b280,0x68ba086b9cb8e2730ae3e54ed3d1fd7f5c995722c1d1b97c03618fa19ad6338f
336,232.83,1.3946517,0xfc9d50a394511a26e759d3af0b0d2fa2b924c63f,2017-10-30T03:13:37.000Z,0.00599,0x6e2c2cc88c34f7790b1fb6d565171a08b11e8de4,sell,0xb97048628db6b661d4c2aa833e95dbe1a905b280,0xd57e6b7de8912badf13a09b9766556fcb64f810945111a8c571842322c8815f1
337,0.0755424286316,0.000452147875210147,0x8d7624b89c872b2127e40c82f41a55d0bfde7cfe,2017-10-30T02:50:57.000Z,0.0059853499999999995,0x379374d13077e8867ef31803c37baf9785a17c00,sell,0xb97048628db6b661d4c2aa833e95dbe1a905b280,0x332c075f67af50b3f6ef83deb251bf77a30e7e932d53d64026b47b14c340b3ea
338,0.0844922858542,0.000505715903137435,0x8d7624b89c872b2127e40c82f41a55d0bfde7cfe,2017-10-30T02:50:57.000Z,0.005985349999999988,0x16e5d97bbc92417e051e3b2cabfbf8ceea2acb9c,sell,0xb97048628db6b661d4c2aa833e95dbe1a905b280,0x92d8aa871c0b0c51d97f7b68aadfbac0fac9f99f22fbdae1410daa8aec918ecd
339,73.77130894227894,0.4205038381018842,0x2341e0af80a89bc4415bd2d2f32084a640e5deaa,2017-10-30T02:48:07.000Z,0.0057001,0xe946f525058ea21a166eb4a896dae827042de989,sell,0xb97048628db6b661d4c2aa833e95dbe1a905b280,0xfdcb07cfa1209061f91107347005b55a12c0e5f9e533a44f3455030943e8a8dc
340,30,0.1822404,0x7414cb9756702fde037722773a2e6b730d386795,2017-10-30T01:34:22.000Z,0.00607468,0x6e2c2cc88c34f7790b1fb6d565171a08b11e8de4,buy,0xb97048628db6b661d4c2aa833e95dbe1a905b280,0x4c6e810ec91b8cb7bf76b6ab077d2f8925deb7cfed93161514f6f817c7c12cdd
341,100,0.6067009,0xb356944dde459990dd5ac684591f31e6da06276b,2017-10-30T01:17:30.000Z,0.006067009,0xed7f4d43a68a1353004159aa48fcf79e23b5b75f,buy,0xb97048628db6b661d4c2aa833e95dbe1a905b280,0x1190e80da1a49dcb39704b36d9111f94faa46f34583c3e46943572051ba555bc
342,0.1453270441636695,0.000881662845179942,0xc39f26bed755e640ab22e4a365d8acd4b45086e9,2017-10-30T00:28:42.000Z,0.006066749999999999,0x6e2c2cc88c34f7790b1fb6d565171a08b11e8de4,buy,0xb97048628db6b661d4c2aa833e95dbe1a905b280,0x65703e2e7ae43711280217e8205dfa8ec27f4135e9a2339026ebd806e255034e
343,25,0.14975,0x7305f8591ab2ebf857f644e01af61f9e95f25060,2017-10-30T00:25:14.000Z,0.00599,0x18e96886612735f0d509d139f304f108f79bc18c,buy,0xb97048628db6b661d4c2aa833e95dbe1a905b280,0x8dac6004c3382a96f51b11c7dd896521f54cb1a6ecafb4187eb254f3f786a024
344,137.84293209400266,0.8408418857734161,0x8be2069e5eadc4f1a008331c2b0c02bb0ddd76b0,2017-10-29T23:58:07.000Z,0.0061,0x24ad0bfcb0ce042b9df4956252e34a8bd473cfc9,buy,0xb97048628db6b661d4c2aa833e95dbe1a905b280,0x54990a4edfb774d62bab6130919c9251b93b149c5ab2eff90da2bf14f5dae1f4
345,100,0.599,0x45c635e987e6077116d127e35e7b4b0cd9b27031,2017-10-29T23:42:45.000Z,0.00599,0x7dc06afb1041d8251a4c4d4987af657cc1c0a3ee,sell,0xb97048628db6b661d4c2aa833e95dbe1a905b280,0xd8ca182ae9e7524f9db5911b6b3403053ddda1752120af861482aeeb074c49a8
346,3.263383511115542,0.018601286013358587,0xc8ecaa02ae41ad17d1ce19ca59bb2f541ad99324,2017-10-29T23:42:15.000Z,0.0057,0x6c723da0e2243be0d60a23801c00039b98ce35d6,sell,0xb97048628db6b661d4c2aa833e95dbe1a905b280,0x9a887aa5f28731058773e9db2e3aacd7dcb48d240e7f71afb1a522dd622f0f25
347,0.5,0.002992675,0x8d7624b89c872b2127e40c82f41a55d0bfde7cfe,2017-10-29T23:40:12.000Z,0.00598535,0x6c723da0e2243be0d60a23801c00039b98ce35d6,sell,0xb97048628db6b661d4c2aa833e95dbe1a905b280,0xc4a6945cacac7d80720afff544dcdadc74b78ac385066c6531968d2a59e41493
348,20,0.11556,0x383932e5467528999954bf192452e390e1c84795,2017-10-29T23:38:36.000Z,0.005778,0x6c723da0e2243be0d60a23801c00039b98ce35d6,sell,0xb97048628db6b661d4c2aa833e95dbe1a905b280,0xf2068a7e672ff3f018aa0cafb42ae403a90641bc043fb95c43859b5b6a04df28
349,10,0.058,0xfa92de0db0532cd5739bd0d2aac2bd9195bbd65a,2017-10-29T23:38:36.000Z,0.0058,0x6c723da0e2243be0d60a23801c00039b98ce35d6,sell,0xb97048628db6b661d4c2aa833e95dbe1a905b280,0x8c8a1c4ee40239f4b83bcef4a904f1ad13042df964b2f5e569378e5c5b91df27
350,25,0.1445,0x49d1331c827135e536bcf74888c698ccd5f2f551,2017-10-29T23:38:21.000Z,0.00578,0x6c723da0e2243be0d60a23801c00039b98ce35d6,sell,0xb97048628db6b661d4c2aa833e95dbe1a905b280,0xb23a66690da2c34c78ad5a68fcfb1e6e6d987541240aaf14a3bb65a494fcdae5
351,4.985044865403789,0.02991026919242273,0xfa92de0db0532cd5739bd0d2aac2bd9195bbd65a,2017-10-29T23:32:41.000Z,0.006,0x1d5321e125f6c7079a716705541c7b371ca79e69,sell,0xb97048628db6b661d4c2aa833e95dbe1a905b280,0x08e8eb4134a3295c340f141f4a9b98edcbcf1bf531fb5c431ccea417f3ce4f92
352,5,0.02967225,0x1d5321e125f6c7079a716705541c7b371ca79e69,2017-10-29T23:32:41.000Z,0.00593445,0x7dc06afb1041d8251a4c4d4987af657cc1c0a3ee,buy,0xb97048628db6b661d4c2aa833e95dbe1a905b280,0x08e8eb4134a3295c340f141f4a9b98edcbcf1bf531fb5c431ccea417f3ce4f92
353,27,0.1566,0x18e96886612735f0d509d139f304f108f79bc18c,2017-10-29T22:41:07.000Z,0.0058,0x7dc06afb1041d8251a4c4d4987af657cc1c0a3ee,sell,0xb97048628db6b661d4c2aa833e95dbe1a905b280,0x5562247118002f2b7e8e6246a6f7152ffa41b99999f825e192a64d45199c2f73
354,25,0.145025,0x383932e5467528999954bf192452e390e1c84795,2017-10-29T22:40:23.000Z,0.005801,0x7dc06afb1041d8251a4c4d4987af657cc1c0a3ee,sell,0xb97048628db6b661d4c2aa833e95dbe1a905b280,0x5dcc9be9292cab51f07c99a951e93b04d286a108f4aa7acf56a2b5580348c222
355,76.34835479070259,0.46877889841491377,0xa624c7fae9a85a04739daa788ad6d9a0025bdc5d,2017-10-29T21:03:53.000Z,0.006139999999999999,0x5d755ef2efebd5fe534d930f32ed760c78f88d2a,buy,0xb97048628db6b661d4c2aa833e95dbe1a905b280,0x064a2105978615e893973204a34150ab9271f62ed1568cd27606d044eba1d325
356,60.403,0.36966636,0x7811a4b4b26cbf56d128175cc8f22147a49824a5,2017-10-29T20:49:41.000Z,0.00612,0x7dc06afb1041d8251a4c4d4987af657cc1c0a3ee,buy,0xb97048628db6b661d4c2aa833e95dbe1a905b280,0x7b3b9bc1b123c5137c3a84976e199bdcd5aed7df42ac3aaec4dc46740b320a05
357,1,0.005853501,0x7811a4b4b26cbf56d128175cc8f22147a49824a5,2017-10-29T20:44:34.000Z,0.005853501,0x8d7624b89c872b2127e40c82f41a55d0bfde7cfe,buy,0xb97048628db6b661d4c2aa833e95dbe1a905b280,0x39887dca764d49e8e7066cdf4038bd9024227cb90e5f04c712982ae118c34997
358,199.38191606021334,1.1519846475924653,0x5d755ef2efebd5fe534d930f32ed760c78f88d2a,2017-10-29T20:36:00.000Z,0.00577777900000001,0xe96783249d79b0c489353a40d79c421e5f103aac,sell,0xb97048628db6b661d4c2aa833e95dbe1a905b280,0x2f3419a45f4e098484f3b128728993ad8421cf1703f131bc862d4ad75b610184
359,128.3878872076368,0.7883016274548899,0x7acc335f56bdd0d60282d9274d10ea5952000ec2,2017-10-29T20:01:41.000Z,0.00614,0x12b023510137e1a2cbc6954e1cfc7c7a86865b0f,buy,0xb97048628db6b661d4c2aa833e95dbe1a905b280,0x0b901469587ab96c3fd4003292149392d65ce337752d787d7818597712e37eab
360,29.625,0.1807125,0x7acc335f56bdd0d60282d9274d10ea5952000ec2,2017-10-29T19:59:40.000Z,0.0061,0x7dc06afb1041d8251a4c4d4987af657cc1c0a3ee,buy,0xb97048628db6b661d4c2aa833e95dbe1a905b280,0x0a6d810a5b05f37b038d8376fa2783725807372cb889f551fcd9485a7c099b2f
361,200,1.22998,0xcc1cca78f5a0130d8d546fc9ad0300cfab9ad0ff,2017-10-29T18:51:05.000Z,0.0061499,0xd848d35ea908828d1a064a7c0bb2aebb8486da57,buy,0xb97048628db6b661d4c2aa833e95dbe1a905b280,0xb363b451f6e0c330ef00a65460c03f567a9d2a6c0b4155f2075cca8e08180c47
362,1360.242747287226,8.283878330979206,0x61617f93fd933aab1a6121b10c40209e847c7866,2017-10-29T18:43:53.000Z,0.00609,0x12b023510137e1a2cbc6954e1cfc7c7a86865b0f,buy,0xb97048628db6b661d4c2aa833e95dbe1a905b280,0xc65cf3a58c40afcf449a2b6a7a2dde6e14e29665accf0e5f3bf4cd7f307c03bc
363,2950,17.7,0x61617f93fd933aab1a6121b10c40209e847c7866,2017-10-29T18:41:53.000Z,0.006,0x12b023510137e1a2cbc6954e1cfc7c7a86865b0f,buy,0xb97048628db6b661d4c2aa833e95dbe1a905b280,0xf8090e453526b91aff5725f20a8c917afd25aa95c47dacd1731cfa164ef30d6b
364,25,0.1575,0xb615dffb2dced17bb3c831bda8972031694cf682,2017-10-29T18:00:33.000Z,0.0063,0x7dc06afb1041d8251a4c4d4987af657cc1c0a3ee,buy,0xb97048628db6b661d4c2aa833e95dbe1a905b280,0x4e7ae696ad84229a1f3a1958ac63b0cf0ca5b6bdd11f823addc7a6750b4dd6f6
365,32.18,0.1961692796782,0xb615dffb2dced17bb3c831bda8972031694cf682,2017-10-29T18:00:07.000Z,0.00609599999,0x7dc06afb1041d8251a4c4d4987af657cc1c0a3ee,buy,0xb97048628db6b661d4c2aa833e95dbe1a905b280,0x8aac000a94e8412855464711068337d2d94105d7b65e0a91fc870a90bf173dcf
366,315.52493652871095,1.8469252159708096,0xfae9cdbb31856a1769532e0f52ef12521b886f1c,2017-10-29T17:25:00.000Z,0.0058535,0x4121bd8ab6219b43af31686347a8fad622dba135,sell,0xb97048628db6b661d4c2aa833e95dbe1a905b280,0x1565c70dcac05056d02cc5e0dd88264baa51b9733338a14f3477aa430421d2bb
367,25,0.1575,0x69ec6ba86f5331820d7a9de18e5273515ccfb46f,2017-10-29T17:08:55.000Z,0.0063,0x7dc06afb1041d8251a4c4d4987af657cc1c0a3ee,buy,0xb97048628db6b661d4c2aa833e95dbe1a905b280,0x77f69bd3695f9590ccb1540719f7377ea1f297e739ecccb44c3f7c505af8a462
368,1802.084,10.55120182,0xd848d35ea908828d1a064a7c0bb2aebb8486da57,2017-10-29T17:05:51.000Z,0.005855,0x12b023510137e1a2cbc6954e1cfc7c7a86865b0f,sell,0xb97048628db6b661d4c2aa833e95dbe1a905b280,0x4312bbc95422f47ccdae0adc2d8c1e17694ec5825a65e0e0ff0b8cb76fa92172
369,8.57866540803796,0.051346315,0x8d7624b89c872b2127e40c82f41a55d0bfde7cfe,2017-10-29T17:03:59.000Z,0.0059853499999999995,0x12b023510137e1a2cbc6954e1cfc7c7a86865b0f,sell,0xb97048628db6b661d4c2aa833e95dbe1a905b280,0x03abfd298ea04d911915d1849ef2f9ca597ceb5eaee78b944ba542b9729d855b
370,28.910377828730933,0.1692702621872196,0xd848d35ea908828d1a064a7c0bb2aebb8486da57,2017-10-29T17:02:18.000Z,0.005855,0x56fd6ad97cfeb09cb2ff6b94a31324e7de41d86c,sell,0xb97048628db6b661d4c2aa833e95dbe1a905b280,0x21ee8ef9226477ecb73568b59ec0369c21899c637032339dc7eb257fcea4fa60
371,5,0.03,0x90ca1894fbfa69eff6e2a89a53d87f66ccf97174,2017-10-29T17:02:18.000Z,0.006,0x592b59ac2f45a93941744979d82c773c0132968b,sell,0xb97048628db6b661d4c2aa833e95dbe1a905b280,0x1ebf3dbe9bde0290e4f42a7d031f2b6121693135528adbc8a2546edcedb38934
372,99.5,0.595542325,0x8d7624b89c872b2127e40c82f41a55d0bfde7cfe,2017-10-29T16:48:16.000Z,0.00598535,0x6e2c2cc88c34f7790b1fb6d565171a08b11e8de4,sell,0xb97048628db6b661d4c2aa833e95dbe1a905b280,0xcc3781be6281a949cd9465af17cdbf32b3997d2340de1c514ea578efcaef8446
373,1.1,0.006705599989,0xc46830caa686886a106bc76261f88e5702e916d8,2017-10-29T16:25:47.000Z,0.00609599999,0x7dc06afb1041d8251a4c4d4987af657cc1c0a3ee,buy,0xb97048628db6b661d4c2aa833e95dbe1a905b280,0x3c222e9bffcf7917c816280acccae317d2c505b466f1040edc656e5624432f40
374,23,0.1403,0xf56a5813467b2b28d095877a40df468290e747e4,2017-10-29T16:09:23.000Z,0.0061,0x12b023510137e1a2cbc6954e1cfc7c7a86865b0f,buy,0xb97048628db6b661d4c2aa833e95dbe1a905b280,0xf10c7bbb0316e8c4c74514eb5bde6e0845535588ba3e42433aa6ac98f8200fce
375,1052.5428925975316,6.473033535185559,0xba2d8f460dfee127047824d7133737dac216fdd7,2017-10-29T15:42:45.000Z,0.0061499,0xd848d35ea908828d1a064a7c0bb2aebb8486da57,buy,0xb97048628db6b661d4c2aa833e95dbe1a905b280,0x1d19bda73e2c8a24601e63691c89de7614c7cfb69d6fbeeeda44b47f58b5d0c8
376,7.005283620775596,0.04101593559964111,0xd848d35ea908828d1a064a7c0bb2aebb8486da57,2017-10-29T15:30:57.000Z,0.005855,0x7c14d59f6fb593693a533db71b2ce0b292953be1,sell,0xb97048628db6b661d4c2aa833e95dbe1a905b280,0x627866b2a9c626c850dc72c88346b28d768bdaad1ee6cca3a88a6eb17fbaeb56
377,1000,5.8551,0xe84d0e36f458c914604fa5df1b98f9b3ef3fd3c2,2017-10-29T15:25:22.000Z,0.0058551,0x12b023510137e1a2cbc6954e1cfc7c7a86865b0f,sell,0xb97048628db6b661d4c2aa833e95dbe1a905b280,0x2df7b344c57478d28b9d72200e681925369a9273fab7fe80493690fb602d7d82
378,162,0.94851,0xd848d35ea908828d1a064a7c0bb2aebb8486da57,2017-10-29T15:16:26.000Z,0.005855,0xe5e0cb9240cda562105f27470ab638a7c048a8dc,sell,0xb97048628db6b661d4c2aa833e95dbe1a905b280,0x2ed8a54f9571ede543c3807ee1a82ce6be35eb5e086f9b14bac77885471d4d34
379,80,0.4704,0x3cfe7db05dfd8eb541f63a3039076d3aca29d042,2017-10-29T15:16:06.000Z,0.00588,0xe5e0cb9240cda562105f27470ab638a7c048a8dc,sell,0xb97048628db6b661d4c2aa833e95dbe1a905b280,0xa6dc81bd47075e82b4c53f695ec95bbb2e804bb704a876b38afc828461077b34
380,21.6,0.1315440216,0xdc755b19d5be098e6fa481892aeeec5cca720829,2017-10-29T15:15:19.000Z,0.006090001,0x12b023510137e1a2cbc6954e1cfc7c7a86865b0f,sell,0xb97048628db6b661d4c2aa833e95dbe1a905b280,0x5140e32d28b442edb9c00bdcfd1e8546929ed1606ec1001fa7316276c65e65af
