,amount,amountBase,buyer,date,price,seller,side,tokenAddr,txHash
0,10000000,0.034,0x1a96f3bc6cd0e9db43e89f983d4227ec5f707539,2017-11-02T15:06:04.000Z,0.0000000034,0xf0b6feeaff52411c0b9a750f41aaafbf288f4375,buy,0x82d193f8ee41d12aaa0a85cb006606d67f773e9c,0x21b7d97e0a16d64916af6cbf26625f6699f8d3efdebbb500bbcff44f35233fbf
1,1000000,0.0045,0x2c7983301df986f8f1b60b999c51abd3731ce6f8,2017-11-02T11:01:23.000Z,0.0000000045,0x6742f656a2914cf8d0792b5d1ed8669e3da76692,sell,0x82d193f8ee41d12aaa0a85cb006606d67f773e9c,0x17cbe13b0beadf947e2d2737ec4e63e918325f159409a4a373a7df2a2db7bc53
2,20000000,0.096,0x1a96f3bc6cd0e9db43e89f983d4227ec5f707539,2017-11-02T05:03:28.000Z,0.0000000048,0xf0b6feeaff52411c0b9a750f41aaafbf288f4375,buy,0x82d193f8ee41d12aaa0a85cb006606d67f773e9c,0xa47d3214b804fc24dc539ea21afea72f7ecc31d745f5da9558fbea138cfb70e9
3,30000000,0.12,0x1a96f3bc6cd0e9db43e89f983d4227ec5f707539,2017-11-02T04:31:22.000Z,0.000000004,0x6742f656a2914cf8d0792b5d1ed8669e3da76692,buy,0x82d193f8ee41d12aaa0a85cb006606d67f773e9c,0x588f7ee870a5ffa74ddad9ea96b4c8a972d554e80ca63cb0c970cd9edfa3a13b
4,4000000,0.016,0x1a96f3bc6cd0e9db43e89f983d4227ec5f707539,2017-11-02T04:21:33.000Z,0.000000004,0x971f30c325d9924ad472adf0bf98702502baad93,buy,0x82d193f8ee41d12aaa0a85cb006606d67f773e9c,0xc63d7e7297dd43c28cd6db4254fdac3038f927388c059dfd802e23d3adb65fd8
5,1110810.1,0.00333243033023298,0x1a96f3bc6cd0e9db43e89f983d4227ec5f707539,2017-11-02T03:48:40.000Z,0.00000000300000002721,0x2590d837765fee20271eb79e50649ee7bc8a3c3f,buy,0x82d193f8ee41d12aaa0a85cb006606d67f773e9c,0x21cd3a6242830d390a561216d482a5743d6e881b0afc9c8992e52af56a9e9d55
6,30000000,0.09,0x1a96f3bc6cd0e9db43e89f983d4227ec5f707539,2017-11-02T02:47:43.000Z,0.000000003,0x6742f656a2914cf8d0792b5d1ed8669e3da76692,buy,0x82d193f8ee41d12aaa0a85cb006606d67f773e9c,0x63ddd79266061e5e5e2f63be4aa9a74b080650bd3b272d0ee5361241e730a09b
7,1000000,0.002,0x78b0e4933f5b7d90102367e28efcde256998411e,2017-11-01T22:37:44.000Z,0.000000002,0x6742f656a2914cf8d0792b5d1ed8669e3da76692,sell,0x82d193f8ee41d12aaa0a85cb006606d67f773e9c,0x9603ca84668a36c717a589d6d4ee9fe9124e6535bcf9f966d5d768dd5d3c50dc
8,10000000,0.02,0xe25ce19226c3ce65204570db8d6c6db1e9df74ac,2017-11-01T22:37:06.000Z,0.000000002,0x6742f656a2914cf8d0792b5d1ed8669e3da76692,sell,0x82d193f8ee41d12aaa0a85cb006606d67f773e9c,0x1a3213ae944c5a159fa9ddf70d64ccd0a82804592d4bab7801ba75dc4b81f79e
9,21500000,0.0645,0xdedd2c31b760b050a7f4c782c4e52b583fa834dd,2017-11-01T21:29:33.000Z,0.000000003,0x6742f656a2914cf8d0792b5d1ed8669e3da76692,sell,0x82d193f8ee41d12aaa0a85cb006606d67f773e9c,0x82d495b46bae2358d1bd16eff82b77f8d361c639a09814c80b3f091e3b40b5dc
10,34566157.9,0.10369847386675636,0xb673391f9d85f2e508baa6ebb804a7002e3f60b7,2017-11-01T17:02:32.000Z,0.00000000300000000482,0x2590d837765fee20271eb79e50649ee7bc8a3c3f,buy,0x82d193f8ee41d12aaa0a85cb006606d67f773e9c,0xbb2159db19329eec8071307f80c3cc9a5cd5f63abc98604b7e460087fcdd15f3
11,3323031.9,0.009969095803010666,0x048e94d1cb3f5b0eaf41372e19ad75ef30045d2f,2017-11-01T12:05:43.000Z,0.00000000300000003099,0x2590d837765fee20271eb79e50649ee7bc8a3c3f,buy,0x82d193f8ee41d12aaa0a85cb006606d67f773e9c,0xa0980c171d6a0b7cb8ff202c749f5b0eaabfb95ee50993a129bbb86c0acc1006
12,15000000,0.06,0x8007ede75756029b68aca43f117692beee44a4ae,2017-10-31T13:51:00.000Z,0.000000004,0xec90fdd9f3e30497822f6d02559e20f9c84baa3b,buy,0x82d193f8ee41d12aaa0a85cb006606d67f773e9c,0xd9c343c245849e11c0f309ae89aa25b2245ffa873eacbddae2df0b984e7bce66
13,9970000,0.03988,0x8007ede75756029b68aca43f117692beee44a4ae,2017-10-31T13:46:41.000Z,0.000000004,0x273a5d3e6721b9f5c1a6474f560c1334c63dda01,sell,0x82d193f8ee41d12aaa0a85cb006606d67f773e9c,0xaafe19e348e76aca958604439e8ad6c02c642bc752153ec8846c9d9411e4fd27
14,10000000,0.039,0x273a5d3e6721b9f5c1a6474f560c1334c63dda01,2017-10-31T13:46:41.000Z,0.0000000039,0x833438ee8ac5c23f579ec08142f2285b4a596b74,buy,0x82d193f8ee41d12aaa0a85cb006606d67f773e9c,0xaafe19e348e76aca958604439e8ad6c02c642bc752153ec8846c9d9411e4fd27
15,20000000,0.02,0xa257c7eb8f2ebea8e8a2c9a2fcb1d1907b9f7dc2,2017-10-31T05:32:50.000Z,0.000000001,0x1916615552a7af269e7e78cba94244bfefa199c8,sell,0x82d193f8ee41d12aaa0a85cb006606d67f773e9c,0xfaa89356c1ceaacc898059ff9fc1db715efefe81bee4356ed82e817d779374b9
16,100000000,0.102,0xe2694d3d2e90522a7eb823b418b116f21787be82,2017-10-31T05:31:44.000Z,0.00000000102,0x1916615552a7af269e7e78cba94244bfefa199c8,sell,0x82d193f8ee41d12aaa0a85cb006606d67f773e9c,0x7d874debe0dcda65b19ddd47f57a73ffe1e84816fc20eef5cbcb8e7a53a7b8a8
17,90000000,0.108,0xf0b6feeaff52411c0b9a750f41aaafbf288f4375,2017-10-31T05:30:45.000Z,0.0000000012,0x1916615552a7af269e7e78cba94244bfefa199c8,sell,0x82d193f8ee41d12aaa0a85cb006606d67f773e9c,0xcf05320ffc3f9681c52aa0b5c7169a7ae7b3fcfe67d2324efd031f3417ec4892
18,39000000,0.039,0x2590d837765fee20271eb79e50649ee7bc8a3c3f,2017-10-31T05:15:36.000Z,0.000000001,0x1916615552a7af269e7e78cba94244bfefa199c8,sell,0x82d193f8ee41d12aaa0a85cb006606d67f773e9c,0x632f118314de00f9ec6512dabc10a0a31274ddea36c8e10c42ca5fc262e09609
19,15000000,0.015,0xec90fdd9f3e30497822f6d02559e20f9c84baa3b,2017-10-31T05:14:28.000Z,0.000000001,0x1916615552a7af269e7e78cba94244bfefa199c8,sell,0x82d193f8ee41d12aaa0a85cb006606d67f773e9c,0x3bcf1d2c9466f2c09e7f366e10137b0ba6eda272d15f1b79c05cee7d0a7ba1c7
20,80000000,0.08,0x37dd4e5111c436147b1ff6821983bcf81fb23352,2017-10-31T00:53:33.000Z,0.000000001,0x1916615552a7af269e7e78cba94244bfefa199c8,sell,0x82d193f8ee41d12aaa0a85cb006606d67f773e9c,0xeae56e4d638103709339e4cb4a2e625e1043f51c889ea28ca250582077ca4c1c
21,100000000,0.1,0xb47a6fc0bdcffc1f302c544de6dcfd24c43647c1,2017-10-31T00:52:17.000Z,0.000000001,0x1916615552a7af269e7e78cba94244bfefa199c8,sell,0x82d193f8ee41d12aaa0a85cb006606d67f773e9c,0x988c2036cc1e184817b21d33e02b1347e79ebc39e606ed57cc67042ccaaa49b4
22,10000000,0.04,0x11f5503defcce34fbbc25d3219f791b3a76a894f,2017-10-31T00:51:19.000Z,0.000000004,0x1916615552a7af269e7e78cba94244bfefa199c8,sell,0x82d193f8ee41d12aaa0a85cb006606d67f773e9c,0xbbeae689f90e1cde0b73acd5725fae839777205757c2ac04f1b1c57f83cd5492
23,30000000,0.063,0xea77e83c306f3e3f4654e2b2e272306efc94c9bd,2017-10-31T00:50:44.000Z,0.0000000021,0x1916615552a7af269e7e78cba94244bfefa199c8,sell,0x82d193f8ee41d12aaa0a85cb006606d67f773e9c,0x39a1602046cf78f919cd4b4e69d611e084066bd6c550de3e0ceb0edc6a366ee7
24,57000000,0.171,0x29b8eca0a380c562a00b7e5d1fbc624e5be736a5,2017-10-31T00:49:58.000Z,0.000000003,0x1916615552a7af269e7e78cba94244bfefa199c8,sell,0x82d193f8ee41d12aaa0a85cb006606d67f773e9c,0x0f94920bd1409a1676c8e65391650342503b07483fdbfb6d56bf6ea54b3e0403
25,8000000,0.056,0x273a5d3e6721b9f5c1a6474f560c1334c63dda01,2017-10-30T21:58:43.000Z,0.000000007,0x6742f656a2914cf8d0792b5d1ed8669e3da76692,buy,0x82d193f8ee41d12aaa0a85cb006606d67f773e9c,0xf1017a3e403d7da8434339d17902840b1c0c4da3ce2efb45bf52157cc693524f
26,7976000,0.07976,0x37dd4e5111c436147b1ff6821983bcf81fb23352,2017-10-30T21:58:43.000Z,0.00000001,0x273a5d3e6721b9f5c1a6474f560c1334c63dda01,sell,0x82d193f8ee41d12aaa0a85cb006606d67f773e9c,0xf1017a3e403d7da8434339d17902840b1c0c4da3ce2efb45bf52157cc693524f
27,1000000,0.013,0x7484f9ee194faa31e61d9fd00269ca15914c140e,2017-10-30T17:52:22.000Z,0.000000013,0x1d60bd910c04316ef95880e494cd544536ccf38d,buy,0x82d193f8ee41d12aaa0a85cb006606d67f773e9c,0x397735619c290838d8f45e7bfde3e540a5edbbe24ed56bb3083b7a603e24d579
28,5000000,0.049,0x7484f9ee194faa31e61d9fd00269ca15914c140e,2017-10-30T17:39:57.000Z,0.0000000098,0xacba24578577004624344761f641a710800ee012,buy,0x82d193f8ee41d12aaa0a85cb006606d67f773e9c,0x9c51adc99f1846dae6444e889e9836b08623e088e640e8f29bb889e730337919
29,730000,0.0073,0x1c8a232f2a32072a893686558a20ae8904d0deb9,2017-10-30T04:20:10.000Z,0.00000001,0xcacbf752a3e2d92381b18856294ad03966d24579,buy,0x82d193f8ee41d12aaa0a85cb006606d67f773e9c,0xd1ed043526d9eda8ed3ecc1ebbb54fce49143d2a0971d67c3fa61c10e789b709
30,1000000,0.0022,0x035392de57aa4fe343d86494103dbe1b068a56c6,2017-10-29T20:32:02.000Z,0.0000000022,0x6742f656a2914cf8d0792b5d1ed8669e3da76692,sell,0x82d193f8ee41d12aaa0a85cb006606d67f773e9c,0x90b7e61963299d1e7f9d91a638243640cdb9c350865cdbc93c3bb81b58dc0436
31,730000,0.00219,0xcacbf752a3e2d92381b18856294ad03966d24579,2017-10-29T20:31:47.000Z,0.000000003,0x6742f656a2914cf8d0792b5d1ed8669e3da76692,sell,0x82d193f8ee41d12aaa0a85cb006606d67f773e9c,0x096fde0db03e0ddddc75dbb4c85cf4e0353ec72c2ae589663e9b9ca3316e3b64
32,100000000,0.2,0x423635c7499d19d2f293ab41afc626fd87f3cc95,2017-10-29T20:31:47.000Z,0.000000002,0x6742f656a2914cf8d0792b5d1ed8669e3da76692,sell,0x82d193f8ee41d12aaa0a85cb006606d67f773e9c,0x196dda208335187e09095ba08b966817ba7b84c72a89062cac2334034e01e85d
33,58493319,0.175479957,0x423635c7499d19d2f293ab41afc626fd87f3cc95,2017-10-29T20:31:23.000Z,0.000000003,0x6742f656a2914cf8d0792b5d1ed8669e3da76692,sell,0x82d193f8ee41d12aaa0a85cb006606d67f773e9c,0x1712567aae40ac0baff89e3e5362791f5827e1841d879996d95cde4f7bdff278
34,41506681,0.124520043,0x423635c7499d19d2f293ab41afc626fd87f3cc95,2017-10-29T18:51:08.000Z,0.000000003,0x2590d837765fee20271eb79e50649ee7bc8a3c3f,sell,0x82d193f8ee41d12aaa0a85cb006606d67f773e9c,0x746ca330d416aa24fba3dc6572bd776a9001cbe4af9f5017dd16e943453e9228
35,10000000,0.0205,0x833438ee8ac5c23f579ec08142f2285b4a596b74,2017-10-29T09:32:36.000Z,0.00000000205,0x2590d837765fee20271eb79e50649ee7bc8a3c3f,sell,0x82d193f8ee41d12aaa0a85cb006606d67f773e9c,0x08e56d4675b08a1ef57edd3e7bd0437c7f874b263651ceeeb003a565fe61220a
36,1000000,0.0021,0x1d60bd910c04316ef95880e494cd544536ccf38d,2017-10-29T09:32:36.000Z,0.0000000021,0x2590d837765fee20271eb79e50649ee7bc8a3c3f,sell,0x82d193f8ee41d12aaa0a85cb006606d67f773e9c,0xd2e360659e458a099e97c5c5b6726f11c0d24a89b45eca78ebddadfe7c3e55ae
37,2000000,0.006,0x971f30c325d9924ad472adf0bf98702502baad93,2017-10-29T09:32:26.000Z,0.000000003,0x2590d837765fee20271eb79e50649ee7bc8a3c3f,sell,0x82d193f8ee41d12aaa0a85cb006606d67f773e9c,0xb79676b9218103be30ab28392b43e1ebf507749c607d39fe2d20fb36f5fdcc5f
38,2000000,0.006,0x971f30c325d9924ad472adf0bf98702502baad93,2017-10-29T09:32:26.000Z,0.000000003,0x2590d837765fee20271eb79e50649ee7bc8a3c3f,sell,0x82d193f8ee41d12aaa0a85cb006606d67f773e9c,0xdfc129377cd3b901ad4dd763541da5d799d7a0f2c72325d31000444740e3f310
39,67902225.8,0.2037066774,0xb47a6fc0bdcffc1f302c544de6dcfd24c43647c1,2017-10-29T00:21:54.000Z,0.000000003,0x1916615552a7af269e7e78cba94244bfefa199c8,sell,0x82d193f8ee41d12aaa0a85cb006606d67f773e9c,0x9a6936fe6c7c3387471a57137c4034fa34ac06caa172dbf921496fe5ce1d492a
40,100000000,0.1,0x6742f656a2914cf8d0792b5d1ed8669e3da76692,2017-10-29T00:19:49.000Z,0.000000001,0x1916615552a7af269e7e78cba94244bfefa199c8,sell,0x82d193f8ee41d12aaa0a85cb006606d67f773e9c,0x4f75eb9fe626b1c7edbc73e6a760786d3f9623ee9a901da0a26bd1f73be67f99
41,100000000,0.1,0x6742f656a2914cf8d0792b5d1ed8669e3da76692,2017-10-29T00:18:44.000Z,0.000000001,0x1916615552a7af269e7e78cba94244bfefa199c8,sell,0x82d193f8ee41d12aaa0a85cb006606d67f773e9c,0x22dedeb83cee8749c9ee04bf1b122052532a51574ca1e3d042f9ad9508028e9d
42,35000,0.00049,0x3f6f27340ed219b603f81c0ccdbeb813ef6dc70b,2017-10-28T23:37:00.000Z,0.000000014,0x6742f656a2914cf8d0792b5d1ed8669e3da76692,buy,0x82d193f8ee41d12aaa0a85cb006606d67f773e9c,0xffa72aeee0bf4a267f84d1a236291b155fadfb202fbc799c4e8e1b5dca83a313
43,35714.2,0.0005,0x42c24a83bded723edfdf5883bc7efb30bc1a1bf3,2017-10-28T21:33:16.000Z,0.00000001400003360008,0x6742f656a2914cf8d0792b5d1ed8669e3da76692,buy,0x82d193f8ee41d12aaa0a85cb006606d67f773e9c,0xfdcd431acef6bec40fcc49c4b39d4e9a0b2b36426a6c9aa0e51f4ed9794f04fa
44,35714.2,0.0005,0x16e5d97bbc92417e051e3b2cabfbf8ceea2acb9c,2017-10-28T21:33:16.000Z,0.00000001400003360008,0x6742f656a2914cf8d0792b5d1ed8669e3da76692,buy,0x82d193f8ee41d12aaa0a85cb006606d67f773e9c,0x1de789f239088a31b76ae289c2223872599b7988aa5eb4d02c696cc5343a2cdf
45,35714.2,0.0005,0x379374d13077e8867ef31803c37baf9785a17c00,2017-10-28T21:31:58.000Z,0.00000001400003360008,0x6742f656a2914cf8d0792b5d1ed8669e3da76692,buy,0x82d193f8ee41d12aaa0a85cb006606d67f773e9c,0xe08f072f0bed24df2fb64ad147eb86536f289c9b6f6ea24b7735d4716c91ccbe
46,35714.2,0.0005,0xe444a40689f51f63bcd29910622035707d533d29,2017-10-28T21:01:32.000Z,0.00000001400003360008,0x6742f656a2914cf8d0792b5d1ed8669e3da76692,buy,0x82d193f8ee41d12aaa0a85cb006606d67f773e9c,0xff7ddac0d31e37529a5c1fb03b2c471ac9c1b23d390d646c746a08a85c969f0b
47,35714.2,0.0005,0x34f9560c63078eb61872a4dc2ccd20e21c34feaf,2017-10-28T21:00:23.000Z,0.00000001400003360008,0x6742f656a2914cf8d0792b5d1ed8669e3da76692,buy,0x82d193f8ee41d12aaa0a85cb006606d67f773e9c,0x88ebc0c53bc6b44676a333fa63cc401b3bc9ef5871c0cb8133c7ecc402a5136a
48,4511111,0.0198488884,0x429c7cf947d18c6e14660975ba5272621a618b36,2017-10-28T20:57:11.000Z,0.0000000044,0x6742f656a2914cf8d0792b5d1ed8669e3da76692,sell,0x82d193f8ee41d12aaa0a85cb006606d67f773e9c,0x18af864308720a543c0abe21eba89f930b7161b5fe0bc8cf343ce24fb4d920b8
49,32097774.2,0.0962933226,0xb47a6fc0bdcffc1f302c544de6dcfd24c43647c1,2017-10-28T18:30:48.000Z,0.000000003,0x6742f656a2914cf8d0792b5d1ed8669e3da76692,sell,0x82d193f8ee41d12aaa0a85cb006606d67f773e9c,0x282993cf20b717810d33f16e2900171fa3e03b99e08d5dbd7a0bd317b459461e
50,6300000,0.0252,0x2590d837765fee20271eb79e50649ee7bc8a3c3f,2017-10-28T18:29:42.000Z,0.000000004,0x6742f656a2914cf8d0792b5d1ed8669e3da76692,sell,0x82d193f8ee41d12aaa0a85cb006606d67f773e9c,0x9a56ee11001a5d9c10cfe8d4d3c93acb44962434e700b52bff97f8602e96f9e9
51,1000000,0.009,0xb47a6fc0bdcffc1f302c544de6dcfd24c43647c1,2017-10-28T18:27:32.000Z,0.000000009,0x6742f656a2914cf8d0792b5d1ed8669e3da76692,sell,0x82d193f8ee41d12aaa0a85cb006606d67f773e9c,0x4e5a660fcd18bedc35c7a48e8b34880b1a009b7e10e26675d7a6c6da6880d10a
52,33557,0.0005,0xcd912af5286dc0b0a23edb30209734ecb60838b3,2017-10-28T17:37:22.000Z,0.00000001490002086002,0xacba24578577004624344761f641a710800ee012,buy,0x82d193f8ee41d12aaa0a85cb006606d67f773e9c,0x9503ee098d5a8fb4a0facc0e3cf5a6661d9a38113a725eadc163df639cdf11cc
53,306749.4,0.004601242149337055,0xd548542e81e8e67822c7376b93647118061f2489,2017-10-28T12:48:21.000Z,0.00000001500000374682,0x2590d837765fee20271eb79e50649ee7bc8a3c3f,buy,0x82d193f8ee41d12aaa0a85cb006606d67f773e9c,0x8fe2b1bf0e19e8dd8798a680067d6ed6b5e91c9019b8fe661f87bcdf64a69903
54,5407785.6,0.0811113762144,0xb47a6fc0bdcffc1f302c544de6dcfd24c43647c1,2017-10-28T12:28:38.000Z,0.000000014999,0x429c7cf947d18c6e14660975ba5272621a618b36,buy,0x82d193f8ee41d12aaa0a85cb006606d67f773e9c,0x0d38023fefa35902b5fa90773fb2f729e7d4050a70163c69ff9e500254ef044f
55,1620000,0.02916,0x95b66cfa46dc52b56a6bb67c6c3f2f7222c9ae42,2017-10-28T01:35:02.000Z,0.000000018,0x6742f656a2914cf8d0792b5d1ed8669e3da76692,buy,0x82d193f8ee41d12aaa0a85cb006606d67f773e9c,0x7be63c1a1cf773bb9313c9c706bf2b598195aa64c170ae244eb2fbc154e388e1
56,180000,0.00324,0x6742f656a2914cf8d0792b5d1ed8669e3da76692,2017-10-28T01:23:14.000Z,0.000000018,0x6742f656a2914cf8d0792b5d1ed8669e3da76692,buy,0x82d193f8ee41d12aaa0a85cb006606d67f773e9c,0xaedc0be40d0f33b7f4d9f173478c9eb722350ba26458ab1da7c8ea9e6afc9daa
57,200000,0.0036,0x6742f656a2914cf8d0792b5d1ed8669e3da76692,2017-10-28T01:21:22.000Z,0.000000018,0x6742f656a2914cf8d0792b5d1ed8669e3da76692,buy,0x82d193f8ee41d12aaa0a85cb006606d67f773e9c,0x64b1363a719fea0e62f019178d0d9538b0e86aebdf63a49d83f97b5f36e033ff
58,5000000,0.095,0x6742f656a2914cf8d0792b5d1ed8669e3da76692,2017-10-28T01:09:36.000Z,0.000000019,0x6742f656a2914cf8d0792b5d1ed8669e3da76692,sell,0x82d193f8ee41d12aaa0a85cb006606d67f773e9c,0x284449795d569691ba2d972a4a566c972c053824641bec9e7b96348d097d02be
59,4984547.9,0.09470641012860133,0xb673391f9d85f2e508baa6ebb804a7002e3f60b7,2017-10-28T01:01:49.000Z,0.00000001900000000573,0x6742f656a2914cf8d0792b5d1ed8669e3da76692,buy,0x82d193f8ee41d12aaa0a85cb006606d67f773e9c,0x9392f32d7b5dc8e7f5009725dfb25f67c90f0bb100089236869140288bfd00e2
60,48848.5,0.001221214225,0xf9e176eba17c2ebdf17f34ed9a85ba701fb9d27b,2017-10-27T16:57:24.000Z,0.00000002500003531326,0x2590d837765fee20271eb79e50649ee7bc8a3c3f,buy,0x82d193f8ee41d12aaa0a85cb006606d67f773e9c,0x91e542e5bbcd33d0f1bf332e90a4a9a23f65989dca4dddb8fc8a303a4ba3f0d4
61,3000000,0.09,0xf9e176eba17c2ebdf17f34ed9a85ba701fb9d27b,2017-10-27T16:55:54.000Z,0.00000003,0x6742f656a2914cf8d0792b5d1ed8669e3da76692,buy,0x82d193f8ee41d12aaa0a85cb006606d67f773e9c,0x4d83a21dc3931427cae4496486220b73ca5b68d3171d55c81f126bd6706c2024
62,2000000,0.0398,0xf9e176eba17c2ebdf17f34ed9a85ba701fb9d27b,2017-10-27T16:55:54.000Z,0.0000000199,0xacba24578577004624344761f641a710800ee012,buy,0x82d193f8ee41d12aaa0a85cb006606d67f773e9c,0xa5eb8e066bd9ab9813c2c1b619f74c717db2f4942fb8cfedf35160a44faa1d88
63,193480.4,0.005610933728864519,0x1c8a232f2a32072a893686558a20ae8904d0deb9,2017-10-27T15:10:29.000Z,0.00000002900001100299,0x1d60bd910c04316ef95880e494cd544536ccf38d,buy,0x82d193f8ee41d12aaa0a85cb006606d67f773e9c,0xcc706e4f4c97d5d3023bd63ea7f7934f3dd3b89cf18ef6d0e40c18c58f800b4e
64,9951151.4,0.2487787857641312,0xaa515bc0a806c424dbf35d198067f9d81a232deb,2017-10-27T15:08:11.000Z,0.00000002500000007678,0x2590d837765fee20271eb79e50649ee7bc8a3c3f,buy,0x82d193f8ee41d12aaa0a85cb006606d67f773e9c,0xcc0f569779bc3aa8d41ef05f0394e4ef058ef5e5e15b4df5d0f385d75be6ad52
65,10000000,0.15,0xaa515bc0a806c424dbf35d198067f9d81a232deb,2017-10-27T15:07:09.000Z,0.000000015,0x2590d837765fee20271eb79e50649ee7bc8a3c3f,buy,0x82d193f8ee41d12aaa0a85cb006606d67f773e9c,0xaeb2347f40a64aa337564bc8f423dac60c86f5b8830c37d53399be48499877ec
66,1000000,0.003,0x11f5503defcce34fbbc25d3219f791b3a76a894f,2017-10-27T12:27:16.000Z,0.000000003,0x6742f656a2914cf8d0792b5d1ed8669e3da76692,sell,0x82d193f8ee41d12aaa0a85cb006606d67f773e9c,0xc1e1ad376438c80c624aa007b98b0b98e3adef703585383da4084bc899eceb36
67,1000000,0.002,0x035392de57aa4fe343d86494103dbe1b068a56c6,2017-10-27T12:27:16.000Z,0.000000002,0x6742f656a2914cf8d0792b5d1ed8669e3da76692,sell,0x82d193f8ee41d12aaa0a85cb006606d67f773e9c,0x52339103a46c4fb08382d0cbb0b3d30f53ed99680aace4f6bb36b92a5063aa5f
68,222229.5,0.008664728205,0x1c8a232f2a32072a893686558a20ae8904d0deb9,2017-10-27T11:24:14.000Z,0.00000003899,0xcb268eb8ed168c25bd17c7a2af51a69f9134cbe1,buy,0x82d193f8ee41d12aaa0a85cb006606d67f773e9c,0x02b76d1aea12f2ae6ce554d4607ea4db4c82bc5a3add5fc55571c8836a6e7b6b
69,349999.9,0.004549999987,0x1c8a232f2a32072a893686558a20ae8904d0deb9,2017-10-27T11:19:27.000Z,0.00000001300000367714,0xacba24578577004624344761f641a710800ee012,buy,0x82d193f8ee41d12aaa0a85cb006606d67f773e9c,0x2f02f22d4384c665b8ed1062e2f563f9154f2d2906b68376e9b4e6f59629a9ee
70,450000,0.0216,0x1c8a232f2a32072a893686558a20ae8904d0deb9,2017-10-27T10:40:10.000Z,0.000000048,0x971f30c325d9924ad472adf0bf98702502baad93,buy,0x82d193f8ee41d12aaa0a85cb006606d67f773e9c,0x68eee88ce44fe07d8d0a8eb71de9da9b2cf13365b825393891e8bdc1ff209dd5
71,3000000,0.12,0x1c8a232f2a32072a893686558a20ae8904d0deb9,2017-10-27T10:30:54.000Z,0.00000004,0x833438ee8ac5c23f579ec08142f2285b4a596b74,buy,0x82d193f8ee41d12aaa0a85cb006606d67f773e9c,0xc7a69932de7ba608a4bd99b4b9c46c79bd652efc03a52da7fad65e521f89df6a
72,3500000,0.1225,0x1c8a232f2a32072a893686558a20ae8904d0deb9,2017-10-27T10:29:04.000Z,0.000000035,0xacba24578577004624344761f641a710800ee012,buy,0x82d193f8ee41d12aaa0a85cb006606d67f773e9c,0x7074f1c68028e761cd0634f41286115d647ce00aaf8dba7e79de63b1028837f2
73,25000000,0.075,0x1c8a232f2a32072a893686558a20ae8904d0deb9,2017-10-27T10:19:48.000Z,0.000000003,0x2590d837765fee20271eb79e50649ee7bc8a3c3f,buy,0x82d193f8ee41d12aaa0a85cb006606d67f773e9c,0xde115d763ad9adae0c75266f7a94a3eea22d6d1d4529c6df05bf31adf2e0ff70
74,4299999,0.0103199976,0x429c7cf947d18c6e14660975ba5272621a618b36,2017-10-27T06:10:00.000Z,0.0000000024,0x2590d837765fee20271eb79e50649ee7bc8a3c3f,sell,0x82d193f8ee41d12aaa0a85cb006606d67f773e9c,0xa6a43ff0e84f1123d3c1b79f759939abefbbcb148251c74b01fc87f7174166fb
75,100000000,0.1,0x2590d837765fee20271eb79e50649ee7bc8a3c3f,2017-10-27T01:27:18.000Z,0.000000001,0x1916615552a7af269e7e78cba94244bfefa199c8,sell,0x82d193f8ee41d12aaa0a85cb006606d67f773e9c,0x6e1782f2a2ea79347e96194fe71e695cf1e44d4489fb31300897cf504f10090e
76,100000,0.0013,0x78b0e4933f5b7d90102367e28efcde256998411e,2017-10-26T23:53:12.000Z,0.000000013,0x6742f656a2914cf8d0792b5d1ed8669e3da76692,sell,0x82d193f8ee41d12aaa0a85cb006606d67f773e9c,0x70f72cfc9f91366df865e2b70d6b3ca94d1215349434bcfbb4b2c154337958fa
77,100000,0.0013,0x035392de57aa4fe343d86494103dbe1b068a56c6,2017-10-26T23:53:12.000Z,0.000000013,0x6742f656a2914cf8d0792b5d1ed8669e3da76692,sell,0x82d193f8ee41d12aaa0a85cb006606d67f773e9c,0x16b85716fb6460427a0b8903731b6300f936061925a4c5413196b0903a143d89
78,500000,0.0025,0x035392de57aa4fe343d86494103dbe1b068a56c6,2017-10-26T23:53:12.000Z,0.000000005,0x6742f656a2914cf8d0792b5d1ed8669e3da76692,sell,0x82d193f8ee41d12aaa0a85cb006606d67f773e9c,0x3a41e2694c9895d80494ee9fb01a88386bad657369de40f667eb8b70e8eb3d8d
79,701297.5,0.001402595,0x40398b52b59e2f135efdde90892d7af6d1add7e6,2017-10-26T23:53:12.000Z,0.000000002,0x6742f656a2914cf8d0792b5d1ed8669e3da76692,sell,0x82d193f8ee41d12aaa0a85cb006606d67f773e9c,0x4c281b78646dc66ff89ed6aea211e8347d00cbbbece6f39d7f54908404af5b3d
80,100000,0.001,0x8b182a4526944fa498970732a69a95d281c3c8a9,2017-10-26T23:52:44.000Z,0.00000001,0x6742f656a2914cf8d0792b5d1ed8669e3da76692,sell,0x82d193f8ee41d12aaa0a85cb006606d67f773e9c,0x07628d4f00010f9cf8a2ca9f4ee3b199f28dc73a083e5a9a46d1da3d4421799a
81,500000,0.004,0x78b0e4933f5b7d90102367e28efcde256998411e,2017-10-26T23:52:44.000Z,0.000000008,0x6742f656a2914cf8d0792b5d1ed8669e3da76692,sell,0x82d193f8ee41d12aaa0a85cb006606d67f773e9c,0xc31a1293c2e5354cafbc33480eba206120885b0db4ab59f2ba20c439c5f24f3f
82,150000,0.00195,0xcd46f0b64e76335597d7ff5bf35d17cf493abed3,2017-10-26T23:51:31.000Z,0.000000013,0x6742f656a2914cf8d0792b5d1ed8669e3da76692,sell,0x82d193f8ee41d12aaa0a85cb006606d67f773e9c,0x8cd7294fa6d0b585e75989444498e3ca88370507c8ba547e54333ea27a388457
83,100000000,0.1001,0xacba24578577004624344761f641a710800ee012,2017-10-26T11:55:45.000Z,0.000000001001,0x1916615552a7af269e7e78cba94244bfefa199c8,sell,0x82d193f8ee41d12aaa0a85cb006606d67f773e9c,0xd82dca4ac2d351aec5fc223e175b31d77e62d7d4619f959d71934bbc881f2637
84,422222.4,0.0059111136,0x0b4fe26a0a0ddfbf4c51fc8805a89a7f78a0a299,2017-10-26T07:08:17.000Z,0.000000014,0xacba24578577004624344761f641a710800ee012,buy,0x82d193f8ee41d12aaa0a85cb006606d67f773e9c,0x10b4217854f67ffeb4dcac75278ce8a49caca9930c657adfdb967d39eacd8b23
85,1107787.6,0.01606292008922124,0x429c7cf947d18c6e14660975ba5272621a618b36,2017-10-26T03:14:29.000Z,0.0000000144999999,0x1d5321e125f6c7079a716705541c7b371ca79e69,sell,0x82d193f8ee41d12aaa0a85cb006606d67f773e9c,0xa974b6f4b44252ad813f6cc2b1f4286d03dafd55fa1103111956485b77867882
86,1111111,0.015555554,0x1d5321e125f6c7079a716705541c7b371ca79e69,2017-10-26T03:14:29.000Z,0.000000014,0xacba24578577004624344761f641a710800ee012,buy,0x82d193f8ee41d12aaa0a85cb006606d67f773e9c,0xa974b6f4b44252ad813f6cc2b1f4286d03dafd55fa1103111956485b77867882
87,5466666.6,0.0765333324,0x273a5d3e6721b9f5c1a6474f560c1334c63dda01,2017-10-26T02:59:49.000Z,0.000000014,0xacba24578577004624344761f641a710800ee012,buy,0x82d193f8ee41d12aaa0a85cb006606d67f773e9c,0x49d91a3771a349324a83d81cc8b0182e60f3ea4f11e6644ac499ce341a3af9e7
88,5450266.6,0.081753999,0x0b4fe26a0a0ddfbf4c51fc8805a89a7f78a0a299,2017-10-26T02:59:49.000Z,0.000000015,0x273a5d3e6721b9f5c1a6474f560c1334c63dda01,sell,0x82d193f8ee41d12aaa0a85cb006606d67f773e9c,0x49d91a3771a349324a83d81cc8b0182e60f3ea4f11e6644ac499ce341a3af9e7
89,400000,0.0048,0x40398b52b59e2f135efdde90892d7af6d1add7e6,2017-10-25T20:49:07.000Z,0.000000012,0x6742f656a2914cf8d0792b5d1ed8669e3da76692,sell,0x82d193f8ee41d12aaa0a85cb006606d67f773e9c,0x3738d4df289fd1c5c450715005a212a4915e2b191f1a3412c732b5b57a48f921
90,100000,0.00134,0x035392de57aa4fe343d86494103dbe1b068a56c6,2017-10-25T20:47:23.000Z,0.0000000134,0x6742f656a2914cf8d0792b5d1ed8669e3da76692,sell,0x82d193f8ee41d12aaa0a85cb006606d67f773e9c,0xaff56911b3c01e53891f1c403132a76aae10e7c9b2ddb5b738ee5c3f49b7d821
91,1000000,0.0133,0xc1247afc472ead93b059f15d1494cfc937809c8f,2017-10-25T20:47:23.000Z,0.0000000133,0x6742f656a2914cf8d0792b5d1ed8669e3da76692,sell,0x82d193f8ee41d12aaa0a85cb006606d67f773e9c,0x4a00721d76766d5f270cbf5ff96ad65adc21481ba1437d09769709801b9e774c
92,1000000,0.0135,0xc1247afc472ead93b059f15d1494cfc937809c8f,2017-10-25T20:45:52.000Z,0.0000000135,0x6742f656a2914cf8d0792b5d1ed8669e3da76692,sell,0x82d193f8ee41d12aaa0a85cb006606d67f773e9c,0x5d26e3815e47753bf3aaf9ec6b19dcec629f34f2654e10c0f4a8731cd35fad96
93,500000,0.007,0xb85d14ab22a69276e57f24130ce4215e5ffe7dc0,2017-10-25T13:59:50.000Z,0.000000014,0xacba24578577004624344761f641a710800ee012,buy,0x82d193f8ee41d12aaa0a85cb006606d67f773e9c,0xa4e57a472b8045234860e4e32fe86b08fc322238523af9fa68ba82c5f8d45cae
94,500000,0.007,0x035392de57aa4fe343d86494103dbe1b068a56c6,2017-10-25T08:55:25.000Z,0.000000014,0x6742f656a2914cf8d0792b5d1ed8669e3da76692,sell,0x82d193f8ee41d12aaa0a85cb006606d67f773e9c,0x1e2d4205ce91804d78ea110574a5735de4306f670be6b4a5f4432a8ae0eb4490
95,100000000,0.1001,0xacba24578577004624344761f641a710800ee012,2017-10-25T03:23:26.000Z,0.000000001001,0x1916615552a7af269e7e78cba94244bfefa199c8,sell,0x82d193f8ee41d12aaa0a85cb006606d67f773e9c,0x2cc4bcdc884478f64626bddcd48511682841214ea918b1a3656671ed2b6d9e6b
96,1000000,0.014,0x78b0e4933f5b7d90102367e28efcde256998411e,2017-10-24T21:36:29.000Z,0.000000014,0x6742f656a2914cf8d0792b5d1ed8669e3da76692,sell,0x82d193f8ee41d12aaa0a85cb006606d67f773e9c,0x2dcb21eae4d832155e8739e747f96d5db6a189c0120c5873e040a153d06f4a55
97,7.5,0.0000001083,0xcb268eb8ed168c25bd17c7a2af51a69f9134cbe1,2017-10-24T11:49:09.000Z,0.00000001444,0x120523daa602ef7d8b93d5ac161192b232468d79,sell,0x82d193f8ee41d12aaa0a85cb006606d67f773e9c,0x9738221cb4c2930f9e76fef7884018ec75777653d19a73007269b5b2e6cd5cbe
98,222222,0.0067555488,0xcb268eb8ed168c25bd17c7a2af51a69f9134cbe1,2017-10-24T10:08:31.000Z,0.0000000304,0x1d60bd910c04316ef95880e494cd544536ccf38d,sell,0x82d193f8ee41d12aaa0a85cb006606d67f773e9c,0x7df26610d2fbdb2225a228c6c7bb9f7ad14726dc625d70ab0616302148d59407
99,200000000,0.2402,0xacba24578577004624344761f641a710800ee012,2017-10-24T05:59:54.000Z,0.000000001201,0x1916615552a7af269e7e78cba94244bfefa199c8,sell,0x82d193f8ee41d12aaa0a85cb006606d67f773e9c,0xe250a21c33a102524b19ac02eceb1e8a993f628cccff43923d6ce8839b0958ff
100,100000000,0.1,0xacba24578577004624344761f641a710800ee012,2017-10-24T05:36:11.000Z,0.000000001,0x1916615552a7af269e7e78cba94244bfefa199c8,sell,0x82d193f8ee41d12aaa0a85cb006606d67f773e9c,0xe75530375856cc6067be2c7c19db3b805e9e5e68ff3882573ca95decf788a740
101,500000,0.007,0x78b0e4933f5b7d90102367e28efcde256998411e,2017-10-23T23:19:45.000Z,0.000000014,0x6742f656a2914cf8d0792b5d1ed8669e3da76692,sell,0x82d193f8ee41d12aaa0a85cb006606d67f773e9c,0x4a21f8e253ef1c23d54569d4ecd4ac68337ab3507b85691c51241e6946ed39ce
102,1000000,0.013,0x33fe527df0c9f0d38e3b49ef84d69459a2c2f3de,2017-10-23T22:19:11.000Z,0.000000013,0x6742f656a2914cf8d0792b5d1ed8669e3da76692,sell,0x82d193f8ee41d12aaa0a85cb006606d67f773e9c,0x1be348c3963a40f0ad3403775151df9d267cd517b4a89b69fb99c9102403ae93
103,2000000,0.024,0x833438ee8ac5c23f579ec08142f2285b4a596b74,2017-10-23T22:19:11.000Z,0.000000012,0x6742f656a2914cf8d0792b5d1ed8669e3da76692,sell,0x82d193f8ee41d12aaa0a85cb006606d67f773e9c,0x78bdb315b66056222a2bc4e0be12bcba52217f939208515f855252f56ca2a99f
104,500000,0.00705,0x1d60bd910c04316ef95880e494cd544536ccf38d,2017-10-23T22:18:54.000Z,0.0000000141,0x6742f656a2914cf8d0792b5d1ed8669e3da76692,sell,0x82d193f8ee41d12aaa0a85cb006606d67f773e9c,0xc8315f9e772ac517edae14c6994ca57383f516df49eed29ed3d6b2391a867069
105,100000,0.0023,0x78b0e4933f5b7d90102367e28efcde256998411e,2017-10-23T22:18:54.000Z,0.000000023,0x6742f656a2914cf8d0792b5d1ed8669e3da76692,sell,0x82d193f8ee41d12aaa0a85cb006606d67f773e9c,0x7e65977083e3a60104db257b27f2eec1a3b969039d8a1cf129f2dcee73a76149
106,100000,0.0026,0x78b0e4933f5b7d90102367e28efcde256998411e,2017-10-23T22:18:54.000Z,0.000000026,0x6742f656a2914cf8d0792b5d1ed8669e3da76692,sell,0x82d193f8ee41d12aaa0a85cb006606d67f773e9c,0x12bf5e3bc5427719e14919592cf6ae238df90e538e2b7daa16d3e650433e47c7
107,500000,0.01,0xacba24578577004624344761f641a710800ee012,2017-10-23T22:18:24.000Z,0.00000002,0x6742f656a2914cf8d0792b5d1ed8669e3da76692,sell,0x82d193f8ee41d12aaa0a85cb006606d67f773e9c,0x089cb9eaa8411d89e83ccd4cfd3c2fffb69b808b4c9f15b840506a9530d7b17f
108,1000000,0.0142,0x833438ee8ac5c23f579ec08142f2285b4a596b74,2017-10-23T22:18:24.000Z,0.0000000142,0x6742f656a2914cf8d0792b5d1ed8669e3da76692,sell,0x82d193f8ee41d12aaa0a85cb006606d67f773e9c,0x112cf0b0a92738cc9882927a41eb75189a485519167143f5e0f2e6571c3b0387
109,150000,0.0039,0x971f30c325d9924ad472adf0bf98702502baad93,2017-10-23T22:18:02.000Z,0.000000026,0x6742f656a2914cf8d0792b5d1ed8669e3da76692,sell,0x82d193f8ee41d12aaa0a85cb006606d67f773e9c,0xb36b1cfe885d911bcdb385148fd12858178f226f53cd571fcf708eaf7feed89b
110,150000,0.00405,0x8b182a4526944fa498970732a69a95d281c3c8a9,2017-10-23T22:17:47.000Z,0.000000027,0x6742f656a2914cf8d0792b5d1ed8669e3da76692,sell,0x82d193f8ee41d12aaa0a85cb006606d67f773e9c,0xe92a97fc0e88e382c396901c66684fc72f9a41674b6e75ad683c3dda727c6261
111,1500000,0.043515,0xe5f80b82b325740196728fdc27130ce20166cc43,2017-10-23T22:17:43.000Z,0.00000002901,0x6742f656a2914cf8d0792b5d1ed8669e3da76692,sell,0x82d193f8ee41d12aaa0a85cb006606d67f773e9c,0x08cb05985b3459bfe070bbf11b0a62f311a00d193e694afb11c0781cc38ababe
112,250000,0.007,0x8b182a4526944fa498970732a69a95d281c3c8a9,2017-10-23T22:17:43.000Z,0.000000028,0x6742f656a2914cf8d0792b5d1ed8669e3da76692,sell,0x82d193f8ee41d12aaa0a85cb006606d67f773e9c,0x4f321acb6b7826921a0aeaf3d583237490ad95ae7b41f64b3db6ac4445229cca
113,150000,0.00435,0x971f30c325d9924ad472adf0bf98702502baad93,2017-10-23T22:17:43.000Z,0.000000029,0x6742f656a2914cf8d0792b5d1ed8669e3da76692,sell,0x82d193f8ee41d12aaa0a85cb006606d67f773e9c,0x5eec613bc7ea4f21750718ba6df7669c53f141fc70b7720b7af4c1ced761c414
114,150000,0.0042,0x971f30c325d9924ad472adf0bf98702502baad93,2017-10-23T22:17:43.000Z,0.000000028,0x6742f656a2914cf8d0792b5d1ed8669e3da76692,sell,0x82d193f8ee41d12aaa0a85cb006606d67f773e9c,0x30673bcfb412d5206bbbc5461cc98fcda3028c29edbbed813eab72250a696a2f
115,1500000,0.045,0x0ae2d2b3a41f08ea2674178a6ea95a916aef0e6b,2017-10-23T22:17:12.000Z,0.00000003,0x6742f656a2914cf8d0792b5d1ed8669e3da76692,sell,0x82d193f8ee41d12aaa0a85cb006606d67f773e9c,0x5123dda04621e07e2e37fce085ab36669bcaea9f9b56fe46497d42092469ce4d
116,200000,0.0062,0xce7b624f9fa42ae81acec1f9fb6e995a93aeda25,2017-10-23T22:17:01.000Z,0.000000031,0x6742f656a2914cf8d0792b5d1ed8669e3da76692,sell,0x82d193f8ee41d12aaa0a85cb006606d67f773e9c,0x2dd0c44f145cd66a3ab475b917627684dce1fea156d552d376a10a760f415c24
117,150000,0.10485,0xb99f72a8b0d3a5025ab8b2ca534973497af42899,2017-10-23T02:55:09.000Z,0.000000699,0x971f30c325d9924ad472adf0bf98702502baad93,buy,0x82d193f8ee41d12aaa0a85cb006606d67f773e9c,0xcacde47d59e9eb5a6437fd39a480a2d37a13a64993ea18719c0c848d494dd6e8
118,13000,0.0091,0x78b0e4933f5b7d90102367e28efcde256998411e,2017-10-23T00:24:33.000Z,0.0000007,0x6742f656a2914cf8d0792b5d1ed8669e3da76692,buy,0x82d193f8ee41d12aaa0a85cb006606d67f773e9c,0xcfa927048c500a9fb88434f65a80d6f1b87c702b4ebdab98f2f06cac66d67ad3
119,4000,0.0008,0x40398b52b59e2f135efdde90892d7af6d1add7e6,2017-10-23T00:19:35.000Z,0.0000002,0x6742f656a2914cf8d0792b5d1ed8669e3da76692,sell,0x82d193f8ee41d12aaa0a85cb006606d67f773e9c,0xdb261cd1ccb3c954a921082956fd772b48c0804b930a6a6a557a75b0d9b7cd67
120,74797.5,0.0015707475,0x8b182a4526944fa498970732a69a95d281c3c8a9,2017-10-22T18:00:06.000Z,0.000000021,0x120523daa602ef7d8b93d5ac161192b232468d79,sell,0x82d193f8ee41d12aaa0a85cb006606d67f773e9c,0x5b64bbff1f365b9e642fa709654451d8a20e36fabe3d215d637a777512650ad1
121,100000,0.0021,0x8b182a4526944fa498970732a69a95d281c3c8a9,2017-10-22T17:58:22.000Z,0.000000021,0x120523daa602ef7d8b93d5ac161192b232468d79,sell,0x82d193f8ee41d12aaa0a85cb006606d67f773e9c,0x6da60bbef70d76a1b0e636e0e3d036eb4629a1e2e5ea96f2ae9450ecb8c41613
122,250000,0.00525,0x8b182a4526944fa498970732a69a95d281c3c8a9,2017-10-22T17:57:15.000Z,0.000000021,0x120523daa602ef7d8b93d5ac161192b232468d79,sell,0x82d193f8ee41d12aaa0a85cb006606d67f773e9c,0x8bd06dd784b0f83f8f6d185576fa1bfc3f42fe4d36472685f047335f2ceb8244
123,250000,0.00525,0x8b182a4526944fa498970732a69a95d281c3c8a9,2017-10-22T17:56:53.000Z,0.000000021,0x120523daa602ef7d8b93d5ac161192b232468d79,sell,0x82d193f8ee41d12aaa0a85cb006606d67f773e9c,0x66dfa273fe4a5e54718291c19ecc9e8415706c4a419ad4595c5f463743db904a
124,86102,0.003693546019386934,0x4d398f4fd8afea3e69a2a5806e3e1e0e79e0459d,2017-10-22T17:56:50.000Z,0.00000004289733129761,0x120523daa602ef7d8b93d5ac161192b232468d79,sell,0x82d193f8ee41d12aaa0a85cb006606d67f773e9c,0x4f0f568bc1bc5e5870746f7a1b712e60dd171fe07133b28a02524320980a74e7
125,150000,0.0066,0x971f30c325d9924ad472adf0bf98702502baad93,2017-10-22T17:56:50.000Z,0.000000044,0x120523daa602ef7d8b93d5ac161192b232468d79,sell,0x82d193f8ee41d12aaa0a85cb006606d67f773e9c,0xca47dfd3a93b628a77ad9673ea13de003a3fab6d760a496bf988c4087b50a69b
126,86102,0.002494660193869349,0x4d398f4fd8afea3e69a2a5806e3e1e0e79e0459d,2017-10-22T17:56:50.000Z,0.00000002897331297611,0x120523daa602ef7d8b93d5ac161192b232468d79,sell,0x82d193f8ee41d12aaa0a85cb006606d67f773e9c,0x9dffc07cabe67cd309b59959901966163e8622af311385e5fdc51511ec45735e
127,90000,0.09,0xbda3ae1ed77728e30c7caea6430a77ff0fb41a29,2017-10-22T16:17:44.000Z,0.000001,0x6742f656a2914cf8d0792b5d1ed8669e3da76692,buy,0x82d193f8ee41d12aaa0a85cb006606d67f773e9c,0x8c9ee90a6144e4ddeac626ab43f512a9493757534a0ea34f1f55138760845a31
128,0.1,0.9,0x1916615552a7af269e7e78cba94244bfefa199c8,2017-10-22T04:30:05.000Z,9,0x1916615552a7af269e7e78cba94244bfefa199c8,buy,0x82d193f8ee41d12aaa0a85cb006606d67f773e9c,0x6a53de2d14eb75436e303ae5578d997775dcbe22bb40923c13a22f048be72e89
129,0.1,0.9,0x1916615552a7af269e7e78cba94244bfefa199c8,2017-10-22T04:29:21.000Z,9,0x1916615552a7af269e7e78cba94244bfefa199c8,buy,0x82d193f8ee41d12aaa0a85cb006606d67f773e9c,0x800180300dae47c394381416326032e513250f44606de1f417b5f36870c6d57c
130,1,0.9,0x1916615552a7af269e7e78cba94244bfefa199c8,2017-10-22T04:28:31.000Z,0.9,0x1916615552a7af269e7e78cba94244bfefa199c8,buy,0x82d193f8ee41d12aaa0a85cb006606d67f773e9c,0xfe43ad49942d0cac48deb2481c0a42a4b3d256971e2d3cc1cd4beacfe4c615bf
131,10,0.9,0x1916615552a7af269e7e78cba94244bfefa199c8,2017-10-22T04:28:06.000Z,0.09,0x1916615552a7af269e7e78cba94244bfefa199c8,buy,0x82d193f8ee41d12aaa0a85cb006606d67f773e9c,0xb72664ca8ad441a8e223bed2c029d7b7d6ccdcf0570ee8599dcb682aa14ef339
132,10,0.8,0x1916615552a7af269e7e78cba94244bfefa199c8,2017-10-22T04:27:50.000Z,0.08,0x1916615552a7af269e7e78cba94244bfefa199c8,buy,0x82d193f8ee41d12aaa0a85cb006606d67f773e9c,0xb8251ad2b5f1a16569473fdd022bfdac2b378efff0dda0948a539189123e57e0
133,10,0.7,0x1916615552a7af269e7e78cba94244bfefa199c8,2017-10-22T04:26:42.000Z,0.07,0x1916615552a7af269e7e78cba94244bfefa199c8,buy,0x82d193f8ee41d12aaa0a85cb006606d67f773e9c,0xbf21ab52a896afab662a87696ebef807dfe3872c506a94addb3fcf3dd5cc8f5a
134,1,0.7,0x1916615552a7af269e7e78cba94244bfefa199c8,2017-10-22T04:26:20.000Z,0.7,0x1916615552a7af269e7e78cba94244bfefa199c8,buy,0x82d193f8ee41d12aaa0a85cb006606d67f773e9c,0x3ff60ba075bc8fba3901ea0b37749e14b72dff406187184c7aa094b1d8ec4baa
135,1,0.8,0x1916615552a7af269e7e78cba94244bfefa199c8,2017-10-22T04:24:50.000Z,0.8,0x1916615552a7af269e7e78cba94244bfefa199c8,buy,0x82d193f8ee41d12aaa0a85cb006606d67f773e9c,0x0f241742c84fef07fceb82161e7c39f537fd7dd52a46ddf417ae19d528655c2b
136,10,0.8,0x1916615552a7af269e7e78cba94244bfefa199c8,2017-10-22T04:23:56.000Z,0.08,0x1916615552a7af269e7e78cba94244bfefa199c8,buy,0x82d193f8ee41d12aaa0a85cb006606d67f773e9c,0x5fcb6efdc077f8f62f58b02368dac35b12ab3f1a8b4d852f558b4527074e514a
137,100,0.8,0x1916615552a7af269e7e78cba94244bfefa199c8,2017-10-22T04:23:17.000Z,0.008,0x1916615552a7af269e7e78cba94244bfefa199c8,buy,0x82d193f8ee41d12aaa0a85cb006606d67f773e9c,0x66697587b85d8d9d648f8803ec8edd0a212e911d4127e76d7001612459736ccc
138,1,0.9,0x1916615552a7af269e7e78cba94244bfefa199c8,2017-10-22T04:22:36.000Z,0.9,0x1916615552a7af269e7e78cba94244bfefa199c8,buy,0x82d193f8ee41d12aaa0a85cb006606d67f773e9c,0xa05e7a9be89572ded0c4037bd55a508b62e1c2bd24b13d45c621010c0d8c3551
139,1,0.9,0x1916615552a7af269e7e78cba94244bfefa199c8,2017-10-22T04:20:50.000Z,0.9,0x1916615552a7af269e7e78cba94244bfefa199c8,buy,0x82d193f8ee41d12aaa0a85cb006606d67f773e9c,0xebdf1738cce3750a7a74de4b0fa8361f78be9ba8606f8b520028a22f3b418638
140,10,0.9,0x1916615552a7af269e7e78cba94244bfefa199c8,2017-10-22T04:19:52.000Z,0.09,0x1916615552a7af269e7e78cba94244bfefa199c8,buy,0x82d193f8ee41d12aaa0a85cb006606d67f773e9c,0xc5e5ab6097f29bb661a683fde400f63356b5453deb8996dc5e7e9c2b40cebf21
141,50,0.45,0x1916615552a7af269e7e78cba94244bfefa199c8,2017-10-22T04:19:27.000Z,0.009,0x1916615552a7af269e7e78cba94244bfefa199c8,buy,0x82d193f8ee41d12aaa0a85cb006606d67f773e9c,0x760fc5da9aee818b7d04f08f6526a9c996731cebe5a0411c882d0ee944f648ca
142,50,0.45,0x1916615552a7af269e7e78cba94244bfefa199c8,2017-10-22T04:18:09.000Z,0.009,0x1916615552a7af269e7e78cba94244bfefa199c8,buy,0x82d193f8ee41d12aaa0a85cb006606d67f773e9c,0xc8a97a475ffc7f877c305f0dc00bbd05f2aff6030e5e4f4ed2f95b940b9b7cd6
143,100,0.4,0x1916615552a7af269e7e78cba94244bfefa199c8,2017-10-22T04:15:19.000Z,0.004,0x1916615552a7af269e7e78cba94244bfefa199c8,buy,0x82d193f8ee41d12aaa0a85cb006606d67f773e9c,0x3388f032b4bdf5daa3b04cbe8898d6fa0ecdbf8e1dfbf653b1f833c2b87d483e
144,100,0.1,0x1916615552a7af269e7e78cba94244bfefa199c8,2017-10-22T04:13:54.000Z,0.001,0x1916615552a7af269e7e78cba94244bfefa199c8,buy,0x82d193f8ee41d12aaa0a85cb006606d67f773e9c,0x2ca3ed91c958b9ba90339300dc4c1134cda29b3432826efd5c572c2e2ff23cbe
145,100000000,0.1,0x6742f656a2914cf8d0792b5d1ed8669e3da76692,2017-10-22T04:12:30.000Z,0.000000001,0x1916615552a7af269e7e78cba94244bfefa199c8,sell,0x82d193f8ee41d12aaa0a85cb006606d67f773e9c,0xef66b720d892372c2df48a7e5324883553802d698e8bfcc613aae12c4d33a6cf
146,300000000,0.3,0x6742f656a2914cf8d0792b5d1ed8669e3da76692,2017-10-22T04:09:44.000Z,0.000000001,0x1916615552a7af269e7e78cba94244bfefa199c8,sell,0x82d193f8ee41d12aaa0a85cb006606d67f773e9c,0x6b4cf1cff0a88a09613ba17cee06161e9e732a42ff8b42b539189e73f100963d
147,40000000,0.176,0x6742f656a2914cf8d0792b5d1ed8669e3da76692,2017-10-22T04:08:54.000Z,0.0000000044,0x1916615552a7af269e7e78cba94244bfefa199c8,sell,0x82d193f8ee41d12aaa0a85cb006606d67f773e9c,0x301e2cb47eb80c552dbdc0663239f4c952db56ec729c18dab80a35a08207d025
148,1,0.1,0x1916615552a7af269e7e78cba94244bfefa199c8,2017-10-22T03:16:04.000Z,0.1,0x1916615552a7af269e7e78cba94244bfefa199c8,buy,0x82d193f8ee41d12aaa0a85cb006606d67f773e9c,0x896e7612cab2202e88891ba6e3c1977d5bdd4e65b918139e318bcd5954bde1c2
149,5,0.1,0x1916615552a7af269e7e78cba94244bfefa199c8,2017-10-22T03:15:08.000Z,0.02,0x1916615552a7af269e7e78cba94244bfefa199c8,buy,0x82d193f8ee41d12aaa0a85cb006606d67f773e9c,0xc74335a6093023c334d2b114f166f13631c16b1bbed9cadfd607c44644e76025
150,10,0.1,0x1916615552a7af269e7e78cba94244bfefa199c8,2017-10-22T03:12:56.000Z,0.01,0x1916615552a7af269e7e78cba94244bfefa199c8,buy,0x82d193f8ee41d12aaa0a85cb006606d67f773e9c,0xe8756acf05425bd201dc68a8326684bf6e4aaa6f6e627600d651851e44a6f8c4
151,0.9,0.001993819160602133,0x1916615552a7af269e7e78cba94244bfefa199c8,2017-10-22T03:09:03.000Z,0.002215354622891259,0x1916615552a7af269e7e78cba94244bfefa199c8,buy,0x82d193f8ee41d12aaa0a85cb006606d67f773e9c,0xb60210e1a958d6ca9438fb79fd9da9f7fe64ce9b63a6264ef20519d7408fe2be
152,10000,0.002,0x5d26ca4ee3be471a4c5eeccb3bac220603387c77,2017-10-22T03:04:06.000Z,0.0000002,0x1916615552a7af269e7e78cba94244bfefa199c8,sell,0x82d193f8ee41d12aaa0a85cb006606d67f773e9c,0x0defb12a8335f61613ee84bc7bee75cafbbf224ebb0516dd1653833b350d622d
153,10000000,0.44,0x6742f656a2914cf8d0792b5d1ed8669e3da76692,2017-10-22T03:02:48.000Z,0.000000044,0x1916615552a7af269e7e78cba94244bfefa199c8,sell,0x82d193f8ee41d12aaa0a85cb006606d67f773e9c,0x472df141bd11d102299efbb297450ed510aa0d20377a3790f1bb29920c8b452f
154,1000000,0.044,0x6742f656a2914cf8d0792b5d1ed8669e3da76692,2017-10-22T02:00:20.000Z,0.000000044,0x1916615552a7af269e7e78cba94244bfefa199c8,sell,0x82d193f8ee41d12aaa0a85cb006606d67f773e9c,0x008f1a02b46f10c9857e44aae9af054f87289f1c9968e73bba85c7b34640751e
155,500000,0.03,0xacba24578577004624344761f641a710800ee012,2017-10-22T01:58:54.000Z,0.00000006,0x1916615552a7af269e7e78cba94244bfefa199c8,sell,0x82d193f8ee41d12aaa0a85cb006606d67f773e9c,0xa08aff53484aed39f10083065b3ce01984e112becb0dcc0b3f9fbdb9fd51a72c
156,1000000,0.05,0x120523daa602ef7d8b93d5ac161192b232468d79,2017-10-22T01:56:55.000Z,0.00000005,0x1916615552a7af269e7e78cba94244bfefa199c8,sell,0x82d193f8ee41d12aaa0a85cb006606d67f773e9c,0x6954b7d0f844838ff17f9828f7cbfce899f8f153110366b70e3c12eb0357401f
157,2000000,0.066,0x609a680235aecded7ce3e0135a3d1d66e1e89f1f,2017-10-22T01:56:31.000Z,0.000000033,0x1916615552a7af269e7e78cba94244bfefa199c8,sell,0x82d193f8ee41d12aaa0a85cb006606d67f773e9c,0xea581ece5e38eccaabb463fddf650e693bbf2cf9aa23a832739e9b2f235da2de
158,333.3,0.0005,0x42c24a83bded723edfdf5883bc7efb30bc1a1bf3,2017-10-22T01:44:19.000Z,0.0000015001500150015,0x6742f656a2914cf8d0792b5d1ed8669e3da76692,buy,0x82d193f8ee41d12aaa0a85cb006606d67f773e9c,0x88346843ae0cf71603b9cfabf8f95247e9fc266be485994d209228cd44c98de0
159,333.3,0.0005,0x16e5d97bbc92417e051e3b2cabfbf8ceea2acb9c,2017-10-22T01:42:30.000Z,0.0000015001500150015,0x6742f656a2914cf8d0792b5d1ed8669e3da76692,buy,0x82d193f8ee41d12aaa0a85cb006606d67f773e9c,0x78562966ea5319c8b642a304b5d198fdbec8d867d00d105a825495e7f786b95f
160,333.3,0.0005,0xcd912af5286dc0b0a23edb30209734ecb60838b3,2017-10-22T01:41:09.000Z,0.0000015001500150015,0x6742f656a2914cf8d0792b5d1ed8669e3da76692,buy,0x82d193f8ee41d12aaa0a85cb006606d67f773e9c,0x85d4abe5834d8ca4059c8b4773f09cdd55b511151727b48f9d14acb16ebfe641
161,333.3,0.0005,0x379374d13077e8867ef31803c37baf9785a17c00,2017-10-22T01:41:09.000Z,0.0000015001500150015,0x6742f656a2914cf8d0792b5d1ed8669e3da76692,buy,0x82d193f8ee41d12aaa0a85cb006606d67f773e9c,0x892920c388a3924e549dd6e63722b987b9ee78182316b10576a31fbf9dfa5d01
162,100000,0.0205,0xacba24578577004624344761f641a710800ee012,2017-10-21T13:51:54.000Z,0.000000205,0x1916615552a7af269e7e78cba94244bfefa199c8,sell,0x82d193f8ee41d12aaa0a85cb006606d67f773e9c,0x5fdd650be13702826b49bdae9a9f6fade9971c0a7b5aab67b0d95344bfc5dd6a
163,100000,0.0205,0xacba24578577004624344761f641a710800ee012,2017-10-21T12:28:50.000Z,0.000000205,0x1916615552a7af269e7e78cba94244bfefa199c8,sell,0x82d193f8ee41d12aaa0a85cb006606d67f773e9c,0xc9d75612528706b3b48d52c0c2ebb7823f21fe8d2defa7cb335a2fe878b5d479
164,100000,0.0205,0xacba24578577004624344761f641a710800ee012,2017-10-21T12:10:11.000Z,0.000000205,0x1916615552a7af269e7e78cba94244bfefa199c8,sell,0x82d193f8ee41d12aaa0a85cb006606d67f773e9c,0x88d6b8b2db6422509855333c676fed377b655811d5f42b62f2c2e7e602c3a99b
165,100000,0.0205,0xacba24578577004624344761f641a710800ee012,2017-10-21T09:50:41.000Z,0.000000205,0x1916615552a7af269e7e78cba94244bfefa199c8,sell,0x82d193f8ee41d12aaa0a85cb006606d67f773e9c,0xb3b8c0f06e1bc1de0019a1676c8352bb186089c55f662b0cff133048505b4c6d
166,300000,0.0621,0x0ae2d2b3a41f08ea2674178a6ea95a916aef0e6b,2017-10-21T09:50:22.000Z,0.000000207,0x1916615552a7af269e7e78cba94244bfefa199c8,sell,0x82d193f8ee41d12aaa0a85cb006606d67f773e9c,0xc9c1ea969ac18bc983323a46d3620c8bb7389f824bce6fcf29ab5d81cb295bd7
167,100000,0.021,0x6742f656a2914cf8d0792b5d1ed8669e3da76692,2017-10-21T07:13:35.000Z,0.00000021,0x1916615552a7af269e7e78cba94244bfefa199c8,sell,0x82d193f8ee41d12aaa0a85cb006606d67f773e9c,0x09646173dd5cff8dc7c0f7856fa79923ce36db71c1a52da220ea268fa49f5695
168,5000000,1.0005,0x33a8316094b5c0ea2c4cbae659c1c1b11ff8c06f,2017-10-21T02:45:55.000Z,0.0000002001,0x1916615552a7af269e7e78cba94244bfefa199c8,sell,0x82d193f8ee41d12aaa0a85cb006606d67f773e9c,0xc5daa860a1190210c516d6a87602211b67cb66eb077abf610445a1259f16cf2e
169,1,0.000007,0x3ac636ac5c3a2576156ac5f10066ca68abe0ad54,2017-10-20T02:55:57.000Z,0.000007,0x74f355aeddfe000c50701d15594e37af63fddaa4,buy,0x82d193f8ee41d12aaa0a85cb006606d67f773e9c,0x013039168ada6ad94d10cd91452bd8dd20caddd10f5cec7d894b0a3f0d84fa2c
170,594.8,0.003872148,0x78b0e4933f5b7d90102367e28efcde256998411e,2017-10-17T01:42:06.000Z,0.00000651,0x7e97e2c12b49618d39b20fd6ae55fe3933ff6792,sell,0x82d193f8ee41d12aaa0a85cb006606d67f773e9c,0xcb2d8ae142447c3a55fdf6b82a5372ec397c243bffa70de55fcef3b5fcac2a7c
171,596.7,0.0036999988,0x7e97e2c12b49618d39b20fd6ae55fe3933ff6792,2017-10-17T01:40:30.000Z,0.00000620076889559242,0xacba24578577004624344761f641a710800ee012,buy,0x82d193f8ee41d12aaa0a85cb006606d67f773e9c,0xc2456b123b3cb590208d230c81ca82524495e850b38fdeb9f79d5b599ab58300
172,50000,0.01105,0xf36990a2cb4d609e0a7d4f3bf884c0342d81fd3d,2017-10-16T03:42:19.000Z,0.000000221,0x1916615552a7af269e7e78cba94244bfefa199c8,sell,0x82d193f8ee41d12aaa0a85cb006606d67f773e9c,0x1776d1e3393b44984378570a1460ea9f73959089941132e261399e808320dcd7
173,100000,0.03,0xacba24578577004624344761f641a710800ee012,2017-10-16T02:51:30.000Z,0.0000003,0x1916615552a7af269e7e78cba94244bfefa199c8,sell,0x82d193f8ee41d12aaa0a85cb006606d67f773e9c,0xec9420dc408c2f3a3d8b31e9a72702720f383014b26b4ba6b154f7b12b7c8da3
174,2405,0.01666665,0x5d5065b42bdee0274e394ba9042c21e1818c69cf,2017-10-16T02:41:05.000Z,0.00000693,0x1916615552a7af269e7e78cba94244bfefa199c8,sell,0x82d193f8ee41d12aaa0a85cb006606d67f773e9c,0xaf8f1acf9999e56a82f4e1582d8a4541e5aadb107b3a7eb7c7b3b1afb9e5ced3
175,1,0.2,0x1916615552a7af269e7e78cba94244bfefa199c8,2017-10-14T03:13:06.000Z,0.2,0x1916615552a7af269e7e78cba94244bfefa199c8,buy,0x82d193f8ee41d12aaa0a85cb006606d67f773e9c,0x67a2720ecfb937e59d150cb614953eb4dd8391195bc3d94a2f74727095a07d64
176,1,0.2,0x1916615552a7af269e7e78cba94244bfefa199c8,2017-10-14T03:02:17.000Z,0.2,0x1916615552a7af269e7e78cba94244bfefa199c8,buy,0x82d193f8ee41d12aaa0a85cb006606d67f773e9c,0x2dde144b2cab588d43ddafab0a57beb8ae0ffe839e0b3daf201a058324a1579f
177,1,0.2,0x1916615552a7af269e7e78cba94244bfefa199c8,2017-10-14T02:58:07.000Z,0.2,0x1916615552a7af269e7e78cba94244bfefa199c8,buy,0x82d193f8ee41d12aaa0a85cb006606d67f773e9c,0xf3ff8396e1476b753c3aa2e4fa8a5de3d1badeffad74a049d236a925235da082
178,0.9,0.19938191606021333,0x1916615552a7af269e7e78cba94244bfefa199c8,2017-10-13T06:49:58.000Z,0.22153546228912593,0x1916615552a7af269e7e78cba94244bfefa199c8,buy,0x82d193f8ee41d12aaa0a85cb006606d67f773e9c,0x02420430e92e9bcc406bd093437daa7c96350be6ec6bb347cb8cb41d951a6e5e
179,5000,0.032555,0xf36990a2cb4d609e0a7d4f3bf884c0342d81fd3d,2017-10-09T00:44:12.000Z,0.000006511,0x74f355aeddfe000c50701d15594e37af63fddaa4,sell,0x82d193f8ee41d12aaa0a85cb006606d67f773e9c,0x06a5c1e679fa24404fce810791a28efecad34b3da28cd6a6bd26ec4c48e0c476
180,5000,0.032555,0xf36990a2cb4d609e0a7d4f3bf884c0342d81fd3d,2017-10-09T00:37:12.000Z,0.000006511,0x74f355aeddfe000c50701d15594e37af63fddaa4,sell,0x82d193f8ee41d12aaa0a85cb006606d67f773e9c,0xac1830487be821c304522bc4e193dab59d38cec2b036fafc77bea96ee33c6361
181,800,0.00544,0x8b182a4526944fa498970732a69a95d281c3c8a9,2017-10-07T22:48:12.000Z,0.0000068,0x74f355aeddfe000c50701d15594e37af63fddaa4,buy,0x82d193f8ee41d12aaa0a85cb006606d67f773e9c,0xacf2ad8504207e1619d5822b0a905aad2605d7f6aedeedf4ea096c9d97674a85
182,800,0.00544,0x78b0e4933f5b7d90102367e28efcde256998411e,2017-10-07T21:09:51.000Z,0.0000068,0x74f355aeddfe000c50701d15594e37af63fddaa4,buy,0x82d193f8ee41d12aaa0a85cb006606d67f773e9c,0x6e73d1bb5459be57f067bea74bf7a6eb74b1063df5b6b2ebde4b5fe8d03f3766
183,142.8,0.000999999,0xc73604d0514ac01e63513d07601e7e98f2f117b4,2017-10-07T06:55:41.000Z,0.00000700279411764705,0x74f355aeddfe000c50701d15594e37af63fddaa4,buy,0x82d193f8ee41d12aaa0a85cb006606d67f773e9c,0x9ff6ef9fa8c4af5e073e8793e1440f5001284f274826de84c7d290e8e2d6942b
184,1,0.000007,0x6cdea8e07bf82d7a07dbf36642d6e5be8623845c,2017-10-06T14:00:04.000Z,0.000007,0x74f355aeddfe000c50701d15594e37af63fddaa4,buy,0x82d193f8ee41d12aaa0a85cb006606d67f773e9c,0xd9e7c80e2a662202d4cf8c16414621bfbf0de2e87a3fc1e9e58a067173d20d0e
