,amount,amountBase,buyer,date,price,seller,side,tokenAddr,txHash
0,16.129032258,0.0005,0x3075f7f189912f4f425dd7021b9c396434197477,2017-11-02T06:45:35.000Z,0.000031000000000124,0x49e5624fd79374073fc483d165ef00cce702b2c6,buy,0x949bed886c739f1a3273629b3320db0c5024c719,0x2307d5494de259bb7f9cb3b16e8902d2433a0987734d727b6cb624d15d8137a0
1,16.129032258,0.0005,0x4fda9e6bcd83af6c5cc771b5d20accc2b7720074,2017-11-02T06:36:21.000Z,0.000031000000000124,0x49e5624fd79374073fc483d165ef00cce702b2c6,buy,0x949bed886c739f1a3273629b3320db0c5024c719,0x5c6a3c2b0d3b17142526d7941241fc88ea237d658b9437c50128dac119266fac
2,0.01,0.001,0xf1e65cd0b31fcb8713ac1902002b262d57c9da33,2017-11-02T04:02:26.000Z,0.1,0x78b0e4933f5b7d90102367e28efcde256998411e,buy,0x949bed886c739f1a3273629b3320db0c5024c719,0xa00d315e0d256471ff949b2064fcbe315fa2262186c6fddb187021627e326c42
3,2222,0.06666,0x419582d20b3e90749f86b1abc3dbe52656797121,2017-11-01T14:49:14.000Z,0.00003,0x49e5624fd79374073fc483d165ef00cce702b2c6,buy,0x949bed886c739f1a3273629b3320db0c5024c719,0x4313201296c6d6adcffdbcae9d7ef35da3fce6f3f8b58dd554b47c1823e83fb2
4,4989.344751005,0.154669687281162,0x26554809c4c63ee939a78edb189d5c4508f8d4b1,2017-10-31T19:12:38.000Z,0.0000310000000000014,0x49e5624fd79374073fc483d165ef00cce702b2c6,buy,0x949bed886c739f1a3273629b3320db0c5024c719,0x079164fba93fb361b68df1e3f3ef0c071e6e8bf334be24d8bc6dd5de675703b3
5,443.135649697,0.011964662541823537,0x6c0b9a99c1ed76948fea1038be2c56ebb8855763,2017-10-31T18:35:51.000Z,0.00002700000000001023,0x49e5624fd79374073fc483d165ef00cce702b2c6,buy,0x949bed886c739f1a3273629b3320db0c5024c719,0xcbead82a478efafaed57dd760fdec21a96843d6949c52f322cdef9c1bd1bb837
6,649.257667847,0.0175299570318733,0x6c0b9a99c1ed76948fea1038be2c56ebb8855763,2017-10-31T17:59:16.000Z,0.00002700000000000662,0x49e5624fd79374073fc483d165ef00cce702b2c6,buy,0x949bed886c739f1a3273629b3320db0c5024c719,0x67145d8d530afefcd9ac4fe30a944432ba8800ae361e3b2df298e9c22b0e39d5
7,500,0.0125,0x6c0b9a99c1ed76948fea1038be2c56ebb8855763,2017-10-31T17:55:18.000Z,0.000025,0x49e5624fd79374073fc483d165ef00cce702b2c6,buy,0x949bed886c739f1a3273629b3320db0c5024c719,0xb3942a8ea58615d26a3325993f0543c031b8d0cb8dc569da3703d6e31e8fdc0e
8,1794.437244541,0.0538331173362576,0x26554809c4c63ee939a78edb189d5c4508f8d4b1,2017-10-31T09:50:39.000Z,0.00003000000000001538,0x49e5624fd79374073fc483d165ef00cce702b2c6,buy,0x949bed886c739f1a3273629b3320db0c5024c719,0xba483de0c168bfbd36d5db24ea3adbfa8d4a2adc43d5a39489a8b3fdb190735d
9,25,0.0005,0xf9695cd65d6dfdf257fab76a3eb0cb8f001971cc,2017-10-31T03:46:36.000Z,0.00002,0x49e5624fd79374073fc483d165ef00cce702b2c6,buy,0x949bed886c739f1a3273629b3320db0c5024c719,0xb08b42b353879c8edf366f71b4ce6e5e5ba03eee03e34170b00d7813f9fc4d40
10,25,0.0005,0x42c24a83bded723edfdf5883bc7efb30bc1a1bf3,2017-10-31T03:45:47.000Z,0.00002,0x49e5624fd79374073fc483d165ef00cce702b2c6,buy,0x949bed886c739f1a3273629b3320db0c5024c719,0x1eb0d674af85cfc44df75fb93616dcca1f454ae9b24eeb1d8a61ee32ba259ef0
11,525.271387575,0.031516283254501044,0xc77c380cafd2e1f8c20918ff58a95cfa1b5b5697,2017-10-30T16:12:14.000Z,0.00006000000000000199,0x97d93f65e6a3723ba6a71ecae65b264fcbeb56b6,buy,0x949bed886c739f1a3273629b3320db0c5024c719,0x303a2d934ee1137d626273a9366b5fc944007738f2493ca1c0207a3ebc130123
12,0.001,0.00124,0x3d48587aa16d91a2e37198b5b428674bdaddf038,2017-10-30T14:29:56.000Z,1.24,0xcb0b4563122be1d2730e07c638e1203d71b6fa58,buy,0x949bed886c739f1a3273629b3320db0c5024c719,0x64cdaa904c095954ba7711973565737e4614b1eb6f164462add893a2ef023fe2
13,6,0.00033,0x6c0b9a99c1ed76948fea1038be2c56ebb8855763,2017-10-30T13:38:19.000Z,0.000055,0x3d48587aa16d91a2e37198b5b428674bdaddf038,buy,0x949bed886c739f1a3273629b3320db0c5024c719,0x95408f5050a6e79bf6e59e1adb7b925672b6e5f6b876d7a3d09517067d054fa3
14,89.092,0.00356368,0x6c0b9a99c1ed76948fea1038be2c56ebb8855763,2017-10-30T13:36:35.000Z,0.00004,0x419582d20b3e90749f86b1abc3dbe52656797121,buy,0x949bed886c739f1a3273629b3320db0c5024c719,0x4cb3f2abb8e2650af5e0a613d0c13dc6143e060067a99b286f038ef53be65864
15,0.0033,0.009735,0x57b00c981363c67b11e07eaa71364bf20e8025fe,2017-10-30T03:06:05.000Z,2.95,0xf1e65cd0b31fcb8713ac1902002b262d57c9da33,buy,0x949bed886c739f1a3273629b3320db0c5024c719,0x79719042b4370b4f7ca6fad60de93e224c1f7dcf21696a09ffa5feab730b65a4
16,0.000001,0.002,0x57b00c981363c67b11e07eaa71364bf20e8025fe,2017-10-30T03:04:17.000Z,2000,0xbc8959b7a52cd26d7d0ed3ebd6abe2ebee294f3a,buy,0x949bed886c739f1a3273629b3320db0c5024c719,0x90b6283625c2623c0d8410085b42a5e2eeb37c0bd19686329708647b1a470be5
17,0.001,0.001,0x57b00c981363c67b11e07eaa71364bf20e8025fe,2017-10-30T02:12:44.000Z,1,0x413cbefcdccf1addab5ad294a858d30996b89182,buy,0x949bed886c739f1a3273629b3320db0c5024c719,0xf2c0e637eea3c87d53b85ed02acc5c88ddd89207c50f829da9cdd286da9808f7
18,0.01,0.001,0x57b00c981363c67b11e07eaa71364bf20e8025fe,2017-10-29T18:12:57.000Z,0.1,0x78b0e4933f5b7d90102367e28efcde256998411e,buy,0x949bed886c739f1a3273629b3320db0c5024c719,0xa25cd5f5eff29010031a0203f118b33456b75108cec5fad0c98c644491f92452
19,1892.401084494,0.02838601626741,0xc77c380cafd2e1f8c20918ff58a95cfa1b5b5697,2017-10-29T15:56:45.000Z,0.000015,0x49e5624fd79374073fc483d165ef00cce702b2c6,sell,0x949bed886c739f1a3273629b3320db0c5024c719,0xcacebb910b4494dcfa618d7d23bef63132c04a749c65a3536cad45b4431c00fa
20,0.01,0.001,0x57b00c981363c67b11e07eaa71364bf20e8025fe,2017-10-28T22:54:52.000Z,0.1,0x78b0e4933f5b7d90102367e28efcde256998411e,buy,0x949bed886c739f1a3273629b3320db0c5024c719,0x357859dd07c0f52619377d22d7e0a8ee961e839e669ddea114f3c34d5a881565
21,12.5,0.0005,0x34f9560c63078eb61872a4dc2ccd20e21c34feaf,2017-10-28T20:04:47.000Z,0.00004,0x49e5624fd79374073fc483d165ef00cce702b2c6,buy,0x949bed886c739f1a3273629b3320db0c5024c719,0xe4a6d615df1d223f4d97d4b28af91784851a49285f5da4ea928e5a1ad3ebed30
22,12.5,0.0005,0xe444a40689f51f63bcd29910622035707d533d29,2017-10-28T20:04:14.000Z,0.00004,0x49e5624fd79374073fc483d165ef00cce702b2c6,buy,0x949bed886c739f1a3273629b3320db0c5024c719,0x54edf933e2616a6736e48165db6075d83a61317f7da52e1472bad0d936603ead
23,0.063400071,0.000003360203768766,0x49e5624fd79374073fc483d165ef00cce702b2c6,2017-10-28T19:35:43.000Z,0.00005300000009094627,0x97d93f65e6a3723ba6a71ecae65b264fcbeb56b6,buy,0x949bed886c739f1a3273629b3320db0c5024c719,0x1ac495e90ee66a5907cb10316368ca009b75096aab3c3a6384724f28a8937ae7
24,9,0.000477,0x49e5624fd79374073fc483d165ef00cce702b2c6,2017-10-28T19:12:12.000Z,0.000053,0x97d93f65e6a3723ba6a71ecae65b264fcbeb56b6,buy,0x949bed886c739f1a3273629b3320db0c5024c719,0x559fce30dedcdb4ce28b9b411f382940e73bf2a956595d1f742435742e0a1d9d
25,0.037268576,0.000001490743066944,0x7f92a6de697a1f0d3e5b12c5626a2c1afcf9b26b,2017-10-28T16:00:55.000Z,0.00004000000072296832,0x49e5624fd79374073fc483d165ef00cce702b2c6,buy,0x949bed886c739f1a3273629b3320db0c5024c719,0xaac49da5e8515c5e2edfd6ed12a673b5e410249a2f9cf843b9a38c2eec72a840
26,0.01,0.001,0x57b00c981363c67b11e07eaa71364bf20e8025fe,2017-10-28T06:21:12.000Z,0.1,0x78b0e4933f5b7d90102367e28efcde256998411e,buy,0x949bed886c739f1a3273629b3320db0c5024c719,0xf8585e2717627b0174b39fe461dc03fdda59759e31beeddb6950760270a848cf
27,0.01,0.001,0x57b00c981363c67b11e07eaa71364bf20e8025fe,2017-10-28T06:20:10.000Z,0.1,0x78b0e4933f5b7d90102367e28efcde256998411e,buy,0x949bed886c739f1a3273629b3320db0c5024c719,0xf8585e2717627b0174b39fe461dc03fdda59759e31beeddb6950760270a848cf
28,180,0.00971982,0x39b8d980ebe94d51694e5d47611667a6d3ede80d,2017-10-28T04:09:56.000Z,0.000053999,0x035392de57aa4fe343d86494103dbe1b068a56c6,sell,0x949bed886c739f1a3273629b3320db0c5024c719,0xd4c4e2c22be802d15bf665262909a8670fe11d7a1e3b40c4b90bebd0e62ad356
29,237.397105961,0.014953643704516,0x7f92a6de697a1f0d3e5b12c5626a2c1afcf9b26b,2017-10-27T21:40:37.000Z,0.00006299000000013736,0x26554809c4c63ee939a78edb189d5c4508f8d4b1,buy,0x949bed886c739f1a3273629b3320db0c5024c719,0x2ae3e680135125d3b4966c27286aa39ef5e57b96f5f562fc4d0970f692ed0fae
30,110.742573639,0.006152303678530988,0x6c0b9a99c1ed76948fea1038be2c56ebb8855763,2017-10-27T18:02:04.000Z,0.00005555500000014757,0x49e5624fd79374073fc483d165ef00cce702b2c6,buy,0x949bed886c739f1a3273629b3320db0c5024c719,0x77c9ea37fd07218b4ffab4e26b742e4b25ee956620b15e64a0ce26052fddf084
31,242.035629548,0.00484071259096,0x97d93f65e6a3723ba6a71ecae65b264fcbeb56b6,2017-10-27T12:18:03.000Z,0.00002,0xd59287c566816360f12d6ad9a6bba0ac8a1ad72b,sell,0x949bed886c739f1a3273629b3320db0c5024c719,0x4b8a2c1b535e9abe80c6c16f489beb4222b8ba029deeb1a65db0ac0fd07751c9
32,400,0.0276,0xe024f1fc48de33db3778aa25bd45ba59f791be35,2017-10-26T21:41:00.000Z,0.000069,0x97d93f65e6a3723ba6a71ecae65b264fcbeb56b6,buy,0x949bed886c739f1a3273629b3320db0c5024c719,0x3969065aaddafdc84f81342fd8176feee21fdf77925806a15a0512df123f5879
33,254.211942976,0.01016847771904,0x57b00c981363c67b11e07eaa71364bf20e8025fe,2017-10-26T17:13:33.000Z,0.00004,0x9e991aacfe62f4bf93c13343cf1f9711e90017d9,sell,0x949bed886c739f1a3273629b3320db0c5024c719,0x3f32c9330c81fbcf735f91ca3253c5273a199b7532851d981eb8ff614d9f05bf
34,0.01,0.001,0x57b00c981363c67b11e07eaa71364bf20e8025fe,2017-10-26T08:41:11.000Z,0.1,0x78b0e4933f5b7d90102367e28efcde256998411e,buy,0x949bed886c739f1a3273629b3320db0c5024c719,0x5c512f0bfd88a57953b52435e380ffd1225d8e34a571b4a1caa7b3ecffd074fb
35,401.2,0.0276828,0xd815bbdb973fcfae73f27ddc9a135e377028c1c5,2017-10-26T04:01:23.000Z,0.000069,0x97d93f65e6a3723ba6a71ecae65b264fcbeb56b6,buy,0x949bed886c739f1a3273629b3320db0c5024c719,0xf95fdc7883a5a63edb1deeff913a669842704e681e2aa8d636b84baa81a7d5c2
36,400,0.24,0x413cbefcdccf1addab5ad294a858d30996b89182,2017-10-26T04:01:23.000Z,0.0006,0xd815bbdb973fcfae73f27ddc9a135e377028c1c5,sell,0x949bed886c739f1a3273629b3320db0c5024c719,0xf95fdc7883a5a63edb1deeff913a669842704e681e2aa8d636b84baa81a7d5c2
37,40,0.002,0x381838539ec09493ca7a8df60c89fa6fc13230d1,2017-10-26T03:53:01.000Z,0.00005,0x78b0e4933f5b7d90102367e28efcde256998411e,sell,0x949bed886c739f1a3273629b3320db0c5024c719,0xe387c1319e181314fe216a772ec9d3d193491d22fcc478594f2448ba2a30818a
38,1350,0.0675,0x9ca474f89afab79df940ae9e1192a6b2fec82063,2017-10-26T02:23:16.000Z,0.00005,0x78b0e4933f5b7d90102367e28efcde256998411e,sell,0x949bed886c739f1a3273629b3320db0c5024c719,0x40dc4f17d7b49c5df28e2733fd8ad338e5044fd1905fcdcdc647ddca1d3b5b6e
39,2350,0.1175,0x9ca474f89afab79df940ae9e1192a6b2fec82063,2017-10-26T02:16:07.000Z,0.00005,0x78b0e4933f5b7d90102367e28efcde256998411e,sell,0x949bed886c739f1a3273629b3320db0c5024c719,0xe0672d18f683743188bf5b7e0a82c8c556a9763af9de9fedec845bea21144a8a
40,173.766,0.011989854,0x6c0b9a99c1ed76948fea1038be2c56ebb8855763,2017-10-25T19:43:35.000Z,0.000069,0x97d93f65e6a3723ba6a71ecae65b264fcbeb56b6,buy,0x949bed886c739f1a3273629b3320db0c5024c719,0x29d39ecae77095c9263b44743c38c686fa5c116ff927618f6b51cadfcfd351b7
41,0.01,0.001,0x57b00c981363c67b11e07eaa71364bf20e8025fe,2017-10-25T17:13:24.000Z,0.1,0x78b0e4933f5b7d90102367e28efcde256998411e,buy,0x949bed886c739f1a3273629b3320db0c5024c719,0x476584c23f22fccb5c2cb7ce189f6dfa53fd3d0b39fa09eb883f8825417e3e60
42,26.234465057,0.001993819344343834,0x6c0b9a99c1ed76948fea1038be2c56ebb8855763,2017-10-25T17:11:03.000Z,0.00007600000000045109,0x419582d20b3e90749f86b1abc3dbe52656797121,buy,0x949bed886c739f1a3273629b3320db0c5024c719,0xc9c80cde00223961bb95b0b932dc458e1ccede594571b88f3b1833d693aea9f7
43,115.32621916,0.009687402409521583,0x419582d20b3e90749f86b1abc3dbe52656797121,2017-10-25T13:37:41.000Z,0.0000840000000007074,0x57b00c981363c67b11e07eaa71364bf20e8025fe,buy,0x949bed886c739f1a3273629b3320db0c5024c719,0xbc23369e869f77ce58cdb46e106857d56fe8b1037bb439b4cc61dbf9cdc8f396
44,198.9746443,0.015599612113156709,0xca842b512b74ae9ab944ed57b457bc2844cf88f7,2017-10-25T13:30:21.000Z,0.00007840000000018449,0x419582d20b3e90749f86b1abc3dbe52656797121,buy,0x949bed886c739f1a3273629b3320db0c5024c719,0x0cefbf4f3d469240b847666bdc8844f9d8adf65cdf775114905a5da8361bc906
45,1993.86199964,0.0099693099982,0x97d93f65e6a3723ba6a71ecae65b264fcbeb56b6,2017-10-25T07:24:50.000Z,0.000005,0x26554809c4c63ee939a78edb189d5c4508f8d4b1,sell,0x949bed886c739f1a3273629b3320db0c5024c719,0xa38bdda93f10ebdddeb02d1b1fe7bcb766fd485cbec8d8da2544579b24543b48
46,429.718379396,0.001300757534431692,0x8b182a4526944fa498970732a69a95d281c3c8a9,2017-10-25T07:00:55.000Z,0.000003027,0x26554809c4c63ee939a78edb189d5c4508f8d4b1,sell,0x949bed886c739f1a3273629b3320db0c5024c719,0xdeb09b3c63d79b9ae4f9fd2fb49506a36a4829285375deef097f2d3df0721c38
47,317.256,0.00634512,0xbde173bb88045f4810f31c5e89a100e11b756a8c,2017-10-25T06:54:23.000Z,0.00002,0x26554809c4c63ee939a78edb189d5c4508f8d4b1,sell,0x949bed886c739f1a3273629b3320db0c5024c719,0x5f9d63103ac60c2928d78063e86c3363ec4ad4d4815d0a7a0a36c52d5e69feeb
48,250,0.01,0x57b00c981363c67b11e07eaa71364bf20e8025fe,2017-10-25T06:52:09.000Z,0.00004,0x26554809c4c63ee939a78edb189d5c4508f8d4b1,sell,0x949bed886c739f1a3273629b3320db0c5024c719,0xa2f846ab3b1815b819c0c791808fbbc272826d3aa700ed60e95f4ccdc9449d7d
49,0.1,0.0011,0x57b00c981363c67b11e07eaa71364bf20e8025fe,2017-10-25T05:33:16.000Z,0.011,0x78b0e4933f5b7d90102367e28efcde256998411e,buy,0x949bed886c739f1a3273629b3320db0c5024c719,0x50e54c201d3877518fe1e2b09932b60f26a1cede5d843e563067136434486708
50,82.743717523,0.00165487435046,0xbde173bb88045f4810f31c5e89a100e11b756a8c,2017-10-25T03:54:36.000Z,0.00002,0x26554809c4c63ee939a78edb189d5c4508f8d4b1,sell,0x949bed886c739f1a3273629b3320db0c5024c719,0xb50d884295ac4dc2d6109c24557dad1b3d8d3f6cabbaecdd84fe7846a4186eaf
51,750,0.015,0x97d93f65e6a3723ba6a71ecae65b264fcbeb56b6,2017-10-25T03:51:57.000Z,0.00002,0x26554809c4c63ee939a78edb189d5c4508f8d4b1,sell,0x949bed886c739f1a3273629b3320db0c5024c719,0x2fae586734341780b20302e620aa0f7e8b6de804441a2a1ef5a3735d6cb38d07
52,250,0.01,0x57b00c981363c67b11e07eaa71364bf20e8025fe,2017-10-25T03:51:23.000Z,0.00004,0x26554809c4c63ee939a78edb189d5c4508f8d4b1,sell,0x949bed886c739f1a3273629b3320db0c5024c719,0x07c7160496be56159dd61a47ca207fe4c1036315dd7639177886e7a85bf243cd
53,0.025355699,0.000001987886843292,0xcb0b4563122be1d2730e07c638e1203d71b6fa58,2017-10-25T01:30:48.000Z,0.00007840000164428517,0x419582d20b3e90749f86b1abc3dbe52656797121,buy,0x949bed886c739f1a3273629b3320db0c5024c719,0xff15b65a67e87d93ea45a51030f57518a620aab37e58aa8363256a9a04d6c1e9
54,200,0.017,0x39b8d980ebe94d51694e5d47611667a6d3ede80d,2017-10-24T22:10:22.000Z,0.000085,0x97d93f65e6a3723ba6a71ecae65b264fcbeb56b6,sell,0x949bed886c739f1a3273629b3320db0c5024c719,0x56c4bac47433acdbd1c46f5b15ed8af22913bba8b0f9317cc352bb4a1e54f10e
55,250,0.02125,0x39b8d980ebe94d51694e5d47611667a6d3ede80d,2017-10-24T22:00:53.000Z,0.000085,0x57b00c981363c67b11e07eaa71364bf20e8025fe,sell,0x949bed886c739f1a3273629b3320db0c5024c719,0x58cf9187b0e7bdf17ac979f904399ac92fef76a74cd331bc4ee84a413ac52eb2
56,234.594034412,0.01994049292506435,0xcb0b4563122be1d2730e07c638e1203d71b6fa58,2017-10-24T14:48:15.000Z,0.00008500000000018904,0x153685a03c2025b6825ae164e2ff5681ee487667,buy,0x949bed886c739f1a3273629b3320db0c5024c719,0x410670a087dfe139036be8b5dc191937225b437c9d50157faade764976b44a09
57,2.303090728,0.00019576271188,0x1d5321e125f6c7079a716705541c7b371ca79e69,2017-10-24T12:54:08.000Z,0.000085,0x153685a03c2025b6825ae164e2ff5681ee487667,buy,0x949bed886c739f1a3273629b3320db0c5024c719,0x320feb09f825652136a3ae2e00552edf489626e8abbf35f9eeba712bcc2a0d92
58,2.296202121,0.00020665819089,0x9be619dd39db8af3978aae004c1df80859e35a18,2017-10-24T12:54:08.000Z,0.00009,0x1d5321e125f6c7079a716705541c7b371ca79e69,sell,0x949bed886c739f1a3273629b3320db0c5024c719,0x320feb09f825652136a3ae2e00552edf489626e8abbf35f9eeba712bcc2a0d92
59,770,0.06545,0x1d5321e125f6c7079a716705541c7b371ca79e69,2017-10-24T12:53:08.000Z,0.000085,0x153685a03c2025b6825ae164e2ff5681ee487667,buy,0x949bed886c739f1a3273629b3320db0c5024c719,0xf9abd27afad7db4600cad59b3959a269dd12ff5eeb0b44a31a5e0bc75d2a7ba5
60,767.696909272,0.06909272183448,0x9be619dd39db8af3978aae004c1df80859e35a18,2017-10-24T12:53:08.000Z,0.00009,0x1d5321e125f6c7079a716705541c7b371ca79e69,sell,0x949bed886c739f1a3273629b3320db0c5024c719,0xf9abd27afad7db4600cad59b3959a269dd12ff5eeb0b44a31a5e0bc75d2a7ba5
61,767.696909272,0.06909272183448,0x9be619dd39db8af3978aae004c1df80859e35a18,2017-10-24T12:52:36.000Z,0.00009,0x1d5321e125f6c7079a716705541c7b371ca79e69,sell,0x949bed886c739f1a3273629b3320db0c5024c719,0xf9abd27afad7db4600cad59b3959a269dd12ff5eeb0b44a31a5e0bc75d2a7ba5
62,770,0.06545,0x1d5321e125f6c7079a716705541c7b371ca79e69,2017-10-24T12:52:36.000Z,0.000085,0x153685a03c2025b6825ae164e2ff5681ee487667,buy,0x949bed886c739f1a3273629b3320db0c5024c719,0xf9abd27afad7db4600cad59b3959a269dd12ff5eeb0b44a31a5e0bc75d2a7ba5
63,204,0.01224,0x3d48587aa16d91a2e37198b5b428674bdaddf038,2017-10-24T12:42:48.000Z,0.00006,0x9e991aacfe62f4bf93c13343cf1f9711e90017d9,sell,0x949bed886c739f1a3273629b3320db0c5024c719,0xd27e08cec6ae3da3fdde375f7d33f41898d5fefd7f575c960a4dec5a1d275524
64,150,0.0105,0x3d48587aa16d91a2e37198b5b428674bdaddf038,2017-10-24T12:40:34.000Z,0.00007,0x9e991aacfe62f4bf93c13343cf1f9711e90017d9,sell,0x949bed886c739f1a3273629b3320db0c5024c719,0x7b081b680f8f686c12c23a9afeecf9141b6ef31c223abb10ed056ac8a84f17a5
65,150,0.0105,0xabe211e7ec5b4804e0b32dab6498cef6b3b4d2ac,2017-10-24T12:39:35.000Z,0.00007,0x9e991aacfe62f4bf93c13343cf1f9711e90017d9,sell,0x949bed886c739f1a3273629b3320db0c5024c719,0x26bb07ded0f88d23c784180cfa6873040e7c6e68c56b9e7e6321914602abe268
66,150,0.0105,0xabe211e7ec5b4804e0b32dab6498cef6b3b4d2ac,2017-10-24T12:35:26.000Z,0.00007,0x9e991aacfe62f4bf93c13343cf1f9711e90017d9,sell,0x949bed886c739f1a3273629b3320db0c5024c719,0xcf1973f3d3a50e99c16e931b0ae2acb0b7c1a791efca1dc8bf127a9472817dae
67,150,0.0105,0xabe211e7ec5b4804e0b32dab6498cef6b3b4d2ac,2017-10-24T12:33:06.000Z,0.00007,0x9e991aacfe62f4bf93c13343cf1f9711e90017d9,sell,0x949bed886c739f1a3273629b3320db0c5024c719,0x8809782fc95218653da8f03745e6d8118f942309904a5b16f709a8834cadf5aa
68,130,0.0104,0x3d48587aa16d91a2e37198b5b428674bdaddf038,2017-10-24T12:31:25.000Z,0.00008,0x9e991aacfe62f4bf93c13343cf1f9711e90017d9,sell,0x949bed886c739f1a3273629b3320db0c5024c719,0x71018b04226177cf5db5f204895f2d26e8e6873d57c4a22329f7a7da20e502af
69,703.72193769,0.05981636470367243,0xc2b9dc350ee4f21f105e4feb894b12ce093f1dc1,2017-10-24T12:00:56.000Z,0.00008500000000003187,0x153685a03c2025b6825ae164e2ff5681ee487667,buy,0x949bed886c739f1a3273629b3320db0c5024c719,0x384ed856036f6417e913a94f92b18c96651fba84bb5ae5117d605a5606687ce7
70,351.881022079,0.029909886876793097,0x0408f161ab4e4be0680e4619d60e412548a43790,2017-10-24T11:36:04.000Z,0.00008500000000022193,0x153685a03c2025b6825ae164e2ff5681ee487667,buy,0x949bed886c739f1a3273629b3320db0c5024c719,0xe95e3355a5453a2e844045e4fdee94ee4ef5ddfadd864a2a55a07f511d9567ad
71,306.767777782,0.026075261111525194,0x0408f161ab4e4be0680e4619d60e412548a43790,2017-10-24T11:33:37.000Z,0.00008500000000017992,0x153685a03c2025b6825ae164e2ff5681ee487667,buy,0x949bed886c739f1a3273629b3320db0c5024c719,0x039a332c4cb686ae38a1568eef87defae5baad69a5651dc9531eea8cd894bbd3
72,72.139160376,0.023084531320470572,0xcb0b4563122be1d2730e07c638e1203d71b6fa58,2017-10-24T11:01:26.000Z,0.0003200000000020872,0x918453d249a22b6a8535c81e21f7530cd6ab59f1,buy,0x949bed886c739f1a3273629b3320db0c5024c719,0x4cb5e0f38070fef92b107b5fb78fc322563c78a6560fa9cefd80b119b54aadae
73,1,0.01,0x0408f161ab4e4be0680e4619d60e412548a43790,2017-10-24T10:52:10.000Z,0.01,0x78b0e4933f5b7d90102367e28efcde256998411e,buy,0x949bed886c739f1a3273629b3320db0c5024c719,0x3ac5b4cde57f4f0ba08002072c3b555d3d432ff87219800b946dc9382ae0b993
74,1,0.01,0x0408f161ab4e4be0680e4619d60e412548a43790,2017-10-24T10:52:10.000Z,0.01,0x78b0e4933f5b7d90102367e28efcde256998411e,buy,0x949bed886c739f1a3273629b3320db0c5024c719,0xb2640c20054cb6795aca23ec1ee84a610bde18fb50c2da3dce2d2ab25a1a5679
75,1,0.01,0x0408f161ab4e4be0680e4619d60e412548a43790,2017-10-24T10:50:57.000Z,0.01,0x78b0e4933f5b7d90102367e28efcde256998411e,buy,0x949bed886c739f1a3273629b3320db0c5024c719,0x0df9f90d34b97c2a087677528b0df955fedc799a8d13fd8a9dc24201e47f0361
76,1,0.01,0x0408f161ab4e4be0680e4619d60e412548a43790,2017-10-24T10:49:01.000Z,0.01,0x78b0e4933f5b7d90102367e28efcde256998411e,buy,0x949bed886c739f1a3273629b3320db0c5024c719,0xab4190d4d9152ffa1bca7436738b3fa02cd0b4a08a31b23b2bbee1a899860558
77,1,0.01,0x0408f161ab4e4be0680e4619d60e412548a43790,2017-10-24T10:47:03.000Z,0.01,0x78b0e4933f5b7d90102367e28efcde256998411e,buy,0x949bed886c739f1a3273629b3320db0c5024c719,0xbf9c4cb6db0c548900a6054b33c5979b6a6e999c8decf48ad4d80710b0895c75
78,1,0.01,0x0408f161ab4e4be0680e4619d60e412548a43790,2017-10-24T10:43:56.000Z,0.01,0x78b0e4933f5b7d90102367e28efcde256998411e,buy,0x949bed886c739f1a3273629b3320db0c5024c719,0x2abfdbd7b03d1b10f0d95b6557a5c4ae4cd3ac0641328f2e9238747108c4dc5d
79,900.397,0.076533745,0x42f1cd96e3798374963db6d1670d48952495ed2e,2017-10-24T10:13:58.000Z,0.000085,0x153685a03c2025b6825ae164e2ff5681ee487667,buy,0x949bed886c739f1a3273629b3320db0c5024c719,0x37ea8fda86f8a269780ab802c1edab1ae4418ea29d8b939417987ee6a441123f
80,200,0.024,0xcb0b4563122be1d2730e07c638e1203d71b6fa58,2017-10-24T09:45:39.000Z,0.00012,0x3b4fad5764aca94b903e660045802cb85326fcff,buy,0x949bed886c739f1a3273629b3320db0c5024c719,0xddb57bd5561a5a38737fe172c0a96cd0232aa3703c788ab62c6a76386d263c74
81,637.727729103,0.05356912924470186,0xcb0b4563122be1d2730e07c638e1203d71b6fa58,2017-10-24T09:35:53.000Z,0.0000840000000000782,0x3d48587aa16d91a2e37198b5b428674bdaddf038,buy,0x949bed886c739f1a3273629b3320db0c5024c719,0xd0d73ad27ce6ac444af1bff4a0e6b704b726748a292fa634f06072cb6e156a70
82,150,0.01245,0xcb0b4563122be1d2730e07c638e1203d71b6fa58,2017-10-24T09:28:10.000Z,0.000083,0x57b00c981363c67b11e07eaa71364bf20e8025fe,buy,0x949bed886c739f1a3273629b3320db0c5024c719,0xb2532774c621cbf5393f8a4d75023243fbc7d8977f877b2c86f6b46662066692
83,0.011363801,0.000467052247354625,0x0408f161ab4e4be0680e4619d60e412548a43790,2017-10-24T08:11:55.000Z,0.04110000231037353,0xf1e65cd0b31fcb8713ac1902002b262d57c9da33,buy,0x949bed886c739f1a3273629b3320db0c5024c719,0x60e6f3c8210cec7a91fe9c195a54236e77b45450b741d622bb3c2dfb7d61a7dc
84,0.15,0.0105,0x0408f161ab4e4be0680e4619d60e412548a43790,2017-10-24T08:11:06.000Z,0.07,0x78b0e4933f5b7d90102367e28efcde256998411e,buy,0x949bed886c739f1a3273629b3320db0c5024c719,0x3fefb43c968cea3d4a40564bb3d3680b85fe916bc595dda839c1c59a37f39e07
85,0.000026598,0.000001093214236666,0x0408f161ab4e4be0680e4619d60e412548a43790,2017-10-24T08:03:50.000Z,0.04110136990247387,0xf1e65cd0b31fcb8713ac1902002b262d57c9da33,buy,0x949bed886c739f1a3273629b3320db0c5024c719,0x7c08f15227e1a524950ed0d6d9d507ca236c68d497d07f67233ef4bbac40956c
86,0.1566576,0.01096603200798291,0x0408f161ab4e4be0680e4619d60e412548a43790,2017-10-24T07:53:20.000Z,0.07000000005095769,0x78b0e4933f5b7d90102367e28efcde256998411e,buy,0x949bed886c739f1a3273629b3320db0c5024c719,0x7d01032f71dec1fe75f90f82d1bb7e794258eeb2ba2489348671eb692077f71f
87,0.006498104,0.000267072076562655,0x0408f161ab4e4be0680e4619d60e412548a43790,2017-10-24T07:50:03.000Z,0.04110000033281323,0xf1e65cd0b31fcb8713ac1902002b262d57c9da33,buy,0x949bed886c739f1a3273629b3320db0c5024c719,0xe6a3d36758a9d4c0522e11d332d2f590b7e1c12ef30c93cd253a9848d777c868
88,0.107,0.0107,0x0408f161ab4e4be0680e4619d60e412548a43790,2017-10-24T07:44:40.000Z,0.1,0x78b0e4933f5b7d90102367e28efcde256998411e,buy,0x949bed886c739f1a3273629b3320db0c5024c719,0xfa3c9549d381d18d9e0873b7f57a69cb9e80ddde62cb0cbf5986673ad8399c8d
89,0.01,0.001,0x3d48587aa16d91a2e37198b5b428674bdaddf038,2017-10-24T00:47:17.000Z,0.1,0x78b0e4933f5b7d90102367e28efcde256998411e,buy,0x949bed886c739f1a3273629b3320db0c5024c719,0x32eaff6199d31103293fa1ec23f8d3d32d1df9e43657522159065ed5916d7f50
90,120,0.0108,0x57b00c981363c67b11e07eaa71364bf20e8025fe,2017-10-24T00:43:50.000Z,0.00009,0x78b0e4933f5b7d90102367e28efcde256998411e,sell,0x949bed886c739f1a3273629b3320db0c5024c719,0xf1146bc4736ba0157c7b76f009f8c7dee2810601553631679a1de218dbb1949b
91,0.01,0.001,0x3d48587aa16d91a2e37198b5b428674bdaddf038,2017-10-23T21:59:01.000Z,0.1,0x78b0e4933f5b7d90102367e28efcde256998411e,buy,0x949bed886c739f1a3273629b3320db0c5024c719,0x673ef5c773ffdb5fb07505af4d663bd5f5e922effe2626e637f704ae9cc37f73
92,356.095510771,0.029912022904798136,0xd7b07c365fd3353ff70dd20af74eade91f601c35,2017-10-23T21:47:18.000Z,0.00008400000000009587,0x3d48587aa16d91a2e37198b5b428674bdaddf038,buy,0x949bed886c739f1a3273629b3320db0c5024c719,0x312d3861a0de745afbe25d7f1e8c401b6e6e47a40b94a35a58bdfb088b1edce4
93,0.01,0.001,0x3d48587aa16d91a2e37198b5b428674bdaddf038,2017-10-23T20:59:08.000Z,0.1,0x78b0e4933f5b7d90102367e28efcde256998411e,buy,0x949bed886c739f1a3273629b3320db0c5024c719,0x130531e851c57348798fc818b26e95e732e7623279a9c4c168cc7b0e4c40b3ad
94,2500,0.21,0xbc8959b7a52cd26d7d0ed3ebd6abe2ebee294f3a,2017-10-23T20:51:26.000Z,0.000084,0x3d48587aa16d91a2e37198b5b428674bdaddf038,sell,0x949bed886c739f1a3273629b3320db0c5024c719,0x380c1d8398db6624386a74db252aabc157d7ab9e0053f3f016c9cde0f30a047d
95,0.01,0.001,0x57b00c981363c67b11e07eaa71364bf20e8025fe,2017-10-23T20:49:15.000Z,0.1,0x78b0e4933f5b7d90102367e28efcde256998411e,buy,0x949bed886c739f1a3273629b3320db0c5024c719,0x3291a103dd5f7eb6edf7332c467f758a6de7846e1f2a5aa8aecd7c8947dc6207
96,0.158338946,0.00158338946,0xd7b07c365fd3353ff70dd20af74eade91f601c35,2017-10-23T20:45:56.000Z,0.01,0x1d5321e125f6c7079a716705541c7b371ca79e69,sell,0x949bed886c739f1a3273629b3320db0c5024c719,0xa963fb9f5c105203dbcbaeab7c2c5a65577419902ae69c3b3071ce345968e640
97,0.158813963,0.000013340372892,0x1d5321e125f6c7079a716705541c7b371ca79e69,2017-10-23T20:45:56.000Z,0.000084,0x3d48587aa16d91a2e37198b5b428674bdaddf038,buy,0x949bed886c739f1a3273629b3320db0c5024c719,0xa963fb9f5c105203dbcbaeab7c2c5a65577419902ae69c3b3071ce345968e640
98,0.01,0.001,0x57b00c981363c67b11e07eaa71364bf20e8025fe,2017-10-23T20:29:50.000Z,0.1,0x78b0e4933f5b7d90102367e28efcde256998411e,buy,0x949bed886c739f1a3273629b3320db0c5024c719,0x630dcde8addcc35f17016a8e3a0bca2ebb18b199c5739df4572cc104392803ae
99,1707.726,0.20492712,0xd7b07c365fd3353ff70dd20af74eade91f601c35,2017-10-23T20:15:05.000Z,0.00012,0x3b4fad5764aca94b903e660045802cb85326fcff,buy,0x949bed886c739f1a3273629b3320db0c5024c719,0x2d954236c7d5e859f081fb1184f5016501a2837dc81c79c9dd1edbb6a22afe00
100,4,0.04,0xd7b07c365fd3353ff70dd20af74eade91f601c35,2017-10-23T20:07:26.000Z,0.01,0xf1e65cd0b31fcb8713ac1902002b262d57c9da33,sell,0x949bed886c739f1a3273629b3320db0c5024c719,0x4aea5221431d1e945a4b74db2f2e3fad096318163f5bba3203316f8b266b8ff4
101,0.01,0.001,0x57b00c981363c67b11e07eaa71364bf20e8025fe,2017-10-23T19:55:26.000Z,0.1,0x78b0e4933f5b7d90102367e28efcde256998411e,buy,0x949bed886c739f1a3273629b3320db0c5024c719,0x41239f0b1dad8c7dfb5931546e5a0093bc42ca7ee0c74d4a58da106edd29ec58
102,0.017892484,0.0008946242,0xd7b07c365fd3353ff70dd20af74eade91f601c35,2017-10-23T19:02:40.000Z,0.05,0x1d5321e125f6c7079a716705541c7b371ca79e69,sell,0x949bed886c739f1a3273629b3320db0c5024c719,0x3ecad177b59782eb839d9658a95b0b15bd60c8dd2d37c1fe28b8bbfad24ea811
103,0.017946162,0.000001507477608,0x1d5321e125f6c7079a716705541c7b371ca79e69,2017-10-23T19:02:40.000Z,0.000084,0x3d48587aa16d91a2e37198b5b428674bdaddf038,buy,0x949bed886c739f1a3273629b3320db0c5024c719,0x3ecad177b59782eb839d9658a95b0b15bd60c8dd2d37c1fe28b8bbfad24ea811
104,5.982053838,0.2991026919,0xd7b07c365fd3353ff70dd20af74eade91f601c35,2017-10-23T19:02:00.000Z,0.05,0x1d5321e125f6c7079a716705541c7b371ca79e69,sell,0x949bed886c739f1a3273629b3320db0c5024c719,0x26de537e036818a017f1325459fd63c42a94f9f61a0d45b663651eeffab33c40
105,6,0.000504,0x1d5321e125f6c7079a716705541c7b371ca79e69,2017-10-23T19:02:00.000Z,0.000084,0x3d48587aa16d91a2e37198b5b428674bdaddf038,buy,0x949bed886c739f1a3273629b3320db0c5024c719,0x26de537e036818a017f1325459fd63c42a94f9f61a0d45b663651eeffab33c40
106,0.99690958,0.09969095803010666,0xd7b07c365fd3353ff70dd20af74eade91f601c35,2017-10-23T18:45:19.000Z,0.1000000000302,0x78b0e4933f5b7d90102367e28efcde256998411e,buy,0x949bed886c739f1a3273629b3320db0c5024c719,0x9bb3b83e94b7d2eeb9f6883649534bd5c66d0cfc5840a046a15c8d1cd3497652
107,0.1,0.0101,0x3d48587aa16d91a2e37198b5b428674bdaddf038,2017-10-23T17:57:16.000Z,0.101,0x57b00c981363c67b11e07eaa71364bf20e8025fe,buy,0x949bed886c739f1a3273629b3320db0c5024c719,0x76224674172b5c1744f06b98a5501636b4730ac934090a405d18c140a3db3310
108,799.999999999,0.0664,0x5dc846b658003d3a17eb726fcd00a7af68322ed8,2017-10-23T17:45:11.000Z,0.00008300000000010374,0x3d48587aa16d91a2e37198b5b428674bdaddf038,buy,0x949bed886c739f1a3273629b3320db0c5024c719,0x14d8bd98fe2b74506d31495ea269844eb24487fd260228ad9d6b9f05f261f2f6
109,0.01,0.025101,0x57b00c981363c67b11e07eaa71364bf20e8025fe,2017-10-23T17:24:49.000Z,2.5101,0x3d48587aa16d91a2e37198b5b428674bdaddf038,buy,0x949bed886c739f1a3273629b3320db0c5024c719,0x5909069e1157dd98bdd7a4b823c832e563b4fe0262cbaa1b23cbd680335957e4
110,2558,0.17906,0x5dc846b658003d3a17eb726fcd00a7af68322ed8,2017-10-23T17:11:10.000Z,0.00007,0x3d48587aa16d91a2e37198b5b428674bdaddf038,buy,0x949bed886c739f1a3273629b3320db0c5024c719,0xfc21584f72e0c2b43bdbbd7ef4ea7e9614b577b767244e3feafb8433b0dda7ce
111,0.01,0.025,0x3d48587aa16d91a2e37198b5b428674bdaddf038,2017-10-23T17:00:30.000Z,2.5,0x57b00c981363c67b11e07eaa71364bf20e8025fe,buy,0x949bed886c739f1a3273629b3320db0c5024c719,0x99d8b137e9bafe945d2104e4bce1841227a58340439b5968bee5169e0a320b60
112,130,0.0091,0x1d5321e125f6c7079a716705541c7b371ca79e69,2017-10-23T16:36:17.000Z,0.00007,0x3d48587aa16d91a2e37198b5b428674bdaddf038,buy,0x949bed886c739f1a3273629b3320db0c5024c719,0x894efe94dd5ed6bd5c7f0baaee851a10eebffe68aae8af2a9efb982fedc89ac6
113,129.6111665,0.01036889332,0x3d48587aa16d91a2e37198b5b428674bdaddf038,2017-10-23T16:36:17.000Z,0.00008,0x1d5321e125f6c7079a716705541c7b371ca79e69,sell,0x949bed886c739f1a3273629b3320db0c5024c719,0x894efe94dd5ed6bd5c7f0baaee851a10eebffe68aae8af2a9efb982fedc89ac6
114,104,0.00728,0x1d5321e125f6c7079a716705541c7b371ca79e69,2017-10-23T16:30:11.000Z,0.00007,0x3d48587aa16d91a2e37198b5b428674bdaddf038,buy,0x949bed886c739f1a3273629b3320db0c5024c719,0x57d90b0e968e6524bffd4c0caec9b00a5f32a61fbbb0671ced414f84a5902c39
115,103.6889332,0.01036889332,0x3d48587aa16d91a2e37198b5b428674bdaddf038,2017-10-23T16:30:11.000Z,0.0001,0x1d5321e125f6c7079a716705541c7b371ca79e69,sell,0x949bed886c739f1a3273629b3320db0c5024c719,0x57d90b0e968e6524bffd4c0caec9b00a5f32a61fbbb0671ced414f84a5902c39
116,103.6889332,0.01036889332,0x3d48587aa16d91a2e37198b5b428674bdaddf038,2017-10-23T16:28:34.000Z,0.0001,0x1d5321e125f6c7079a716705541c7b371ca79e69,sell,0x949bed886c739f1a3273629b3320db0c5024c719,0x05e8aa7766baf162114281f4d46df9d0edeb5c4e18040f7205aaee2460c713b6
117,104,0.00728,0x1d5321e125f6c7079a716705541c7b371ca79e69,2017-10-23T16:28:34.000Z,0.00007,0x3d48587aa16d91a2e37198b5b428674bdaddf038,buy,0x949bed886c739f1a3273629b3320db0c5024c719,0x05e8aa7766baf162114281f4d46df9d0edeb5c4e18040f7205aaee2460c713b6
118,103.6889332,0.01036889332,0x3d48587aa16d91a2e37198b5b428674bdaddf038,2017-10-23T16:27:23.000Z,0.0001,0x1d5321e125f6c7079a716705541c7b371ca79e69,sell,0x949bed886c739f1a3273629b3320db0c5024c719,0x1daa78e8f28036cb941415bb1f5daf94b688e8f6a8da43ce3ad619aadac63938
119,104,0.00728,0x1d5321e125f6c7079a716705541c7b371ca79e69,2017-10-23T16:27:23.000Z,0.00007,0x3d48587aa16d91a2e37198b5b428674bdaddf038,buy,0x949bed886c739f1a3273629b3320db0c5024c719,0x1daa78e8f28036cb941415bb1f5daf94b688e8f6a8da43ce3ad619aadac63938
120,0.01,0.011,0xf1e65cd0b31fcb8713ac1902002b262d57c9da33,2017-10-23T13:31:08.000Z,1.1,0x57b00c981363c67b11e07eaa71364bf20e8025fe,buy,0x949bed886c739f1a3273629b3320db0c5024c719,0xfb569193ef85cd1fff9ff5a57675e1b52c25e79adca6b453fe6855a89e23b516
121,0.007921841,0.01980460318282514,0x57b00c981363c67b11e07eaa71364bf20e8025fe,2017-10-23T12:18:47.000Z,2.50000008619526,0xf1e65cd0b31fcb8713ac1902002b262d57c9da33,buy,0x949bed886c739f1a3273629b3320db0c5024c719,0xfcb6096089bd4e60a0fc9137b54a1a19e53848024cda9b4fd24f9194eaf638af
122,0.000000182,0.000000000547078269,0x20a28dfaad58601ef902893bf3edbf6862985621,2017-10-23T08:38:58.000Z,0.003005924554945055,0x78b0e4933f5b7d90102367e28efcde256998411e,buy,0x949bed886c739f1a3273629b3320db0c5024c719,0xd7425c330a55db16849787a5ed25ab4aca9e4291783aa31d93532010fb05fdb5
123,54.877421286,0.000000000548774212,0xa23ca275a19caf9a753ce020a75c264e0b0d1674,2017-10-23T08:34:30.000Z,0.00000000000999999998,0x20a28dfaad58601ef902893bf3edbf6862985621,sell,0x949bed886c739f1a3273629b3320db0c5024c719,0x52f285f6f3ec4cad81749862d40b8fc43366a734e52f7c41036b396cb5f8efc9
124,250,0.0175,0xd1346e7a25b100c7c34e15c954a3dbb7779881db,2017-10-23T04:49:19.000Z,0.00007,0xf1e65cd0b31fcb8713ac1902002b262d57c9da33,buy,0x949bed886c739f1a3273629b3320db0c5024c719,0x4abc46c505fc2513e758ef978aed6e101b105f386c99cd78997e50cd5f8d1e70
125,0.111,0.0111,0xf1e65cd0b31fcb8713ac1902002b262d57c9da33,2017-10-23T00:35:30.000Z,0.1,0x57b00c981363c67b11e07eaa71364bf20e8025fe,buy,0x949bed886c739f1a3273629b3320db0c5024c719,0xae5c91a0975c8a9e1f1b9f736a52dafc2aff2294aa67b3ab7d21b5067883e22f
126,1000,0.06,0x44c93ed8d717032cc3da894a03b8834a72221b7d,2017-10-23T00:24:33.000Z,0.00006,0x3d48587aa16d91a2e37198b5b428674bdaddf038,buy,0x949bed886c739f1a3273629b3320db0c5024c719,0xe237a362234fd20b087b8d0d4d03e97e286082b921d319714c89a7db1cbd8ab8
127,0.112,0.0112,0x57b00c981363c67b11e07eaa71364bf20e8025fe,2017-10-22T22:52:46.000Z,0.1,0xf1e65cd0b31fcb8713ac1902002b262d57c9da33,buy,0x949bed886c739f1a3273629b3320db0c5024c719,0x4087eb6665dfe72ecae7b140c8317fc6bb66b3e35eb6f37fcffd234e888f6e53
128,500,0.025,0xd1346e7a25b100c7c34e15c954a3dbb7779881db,2017-10-22T17:28:53.000Z,0.00005,0x3d48587aa16d91a2e37198b5b428674bdaddf038,buy,0x949bed886c739f1a3273629b3320db0c5024c719,0xeb2e32759a11adb58b2eb6b31841bccf65b1925c818a61be7d3e9452c118d8bc
129,0.01,0.03,0x3d48587aa16d91a2e37198b5b428674bdaddf038,2017-10-22T01:57:16.000Z,3,0xbde173bb88045f4810f31c5e89a100e11b756a8c,buy,0x949bed886c739f1a3273629b3320db0c5024c719,0xf44bd8fe2049e9866b5678683513b0fd5979fc7d531245bf4008b2299dde4d00
130,0.01,0.02,0x3d48587aa16d91a2e37198b5b428674bdaddf038,2017-10-22T01:55:42.000Z,2,0xbde173bb88045f4810f31c5e89a100e11b756a8c,buy,0x949bed886c739f1a3273629b3320db0c5024c719,0xddc2a78b1a8cc24dd0f334d46735f212d68ad5e2db9be8014bcec4e4f7ebf73c
131,0.19876594,0.00000059987560692,0x035392de57aa4fe343d86494103dbe1b068a56c6,2017-10-21T21:30:30.000Z,0.000003018,0x42f1cd96e3798374963db6d1670d48952495ed2e,sell,0x949bed886c739f1a3273629b3320db0c5024c719,0x5532bd3f05d8effa58257e3e296a2b1804e2bd867659304cd9a32a4086f507bc
132,1993.821144452,0.006017352213956136,0x035392de57aa4fe343d86494103dbe1b068a56c6,2017-10-21T21:15:37.000Z,0.000003018,0x42f1cd96e3798374963db6d1670d48952495ed2e,sell,0x949bed886c739f1a3273629b3320db0c5024c719,0x977cae9cb6b74c4f7d650c24e410a147efe3ab25d543c98bf7c7a8ac8d88ec01
133,2000,0.12,0x42f1cd96e3798374963db6d1670d48952495ed2e,2017-10-21T21:13:58.000Z,0.00006,0x3d48587aa16d91a2e37198b5b428674bdaddf038,buy,0x949bed886c739f1a3273629b3320db0c5024c719,0xfe895548d10a5692d599eac341a7af34bbf3eb4d27ec707e5ef04620658f0f55
134,9.67,0.0000113139,0x78b0e4933f5b7d90102367e28efcde256998411e,2017-10-21T21:08:55.000Z,0.00000117,0x42f1cd96e3798374963db6d1670d48952495ed2e,sell,0x949bed886c739f1a3273629b3320db0c5024c719,0xb2b528895a76d2d64d234bc4dcc8f1301ded621ec0f4ea94cd1b474be1a7b649
135,788,0.002378184,0x035392de57aa4fe343d86494103dbe1b068a56c6,2017-10-21T21:07:50.000Z,0.000003018,0x42f1cd96e3798374963db6d1670d48952495ed2e,sell,0x949bed886c739f1a3273629b3320db0c5024c719,0x7b5ea4f13726d416e00ea162dda727647f5c80019ba2e05590a463edb40a994e
136,800.065,0.04000325,0x42f1cd96e3798374963db6d1670d48952495ed2e,2017-10-21T20:59:37.000Z,0.00005,0x3d48587aa16d91a2e37198b5b428674bdaddf038,buy,0x949bed886c739f1a3273629b3320db0c5024c719,0x82df6f86adb5894aa5c7261ca60fe1b7d4efc2a351c9145ad5c1e6281fccf6be
137,199.924907963,0.009996245398163767,0xde400bf71732605febc9ce9451a8b744953b1004,2017-10-21T11:31:55.000Z,0.00005000000000006886,0x3d48587aa16d91a2e37198b5b428674bdaddf038,buy,0x949bed886c739f1a3273629b3320db0c5024c719,0x1d193d1f4e859027bcde1f88fd946a69996ba85c9af7b9d3ead2afe3e7f10f97
138,100,0.01,0x3d48587aa16d91a2e37198b5b428674bdaddf038,2017-10-21T09:10:18.000Z,0.0001,0x97d93f65e6a3723ba6a71ecae65b264fcbeb56b6,sell,0x949bed886c739f1a3273629b3320db0c5024c719,0x4550d20ea34891b21e00da298e4396b013d9b9975b6b561d26e2ac6dfd7c8855
139,0.01,0.01,0x3d48587aa16d91a2e37198b5b428674bdaddf038,2017-10-21T07:52:37.000Z,1,0x57b00c981363c67b11e07eaa71364bf20e8025fe,sell,0x949bed886c739f1a3273629b3320db0c5024c719,0xa9555a1416bc1cf7512e6974bc708114427bd4cecbf6209a0ba37f521201d407
140,0.01003009,0.00000050150451354,0x86f07ee309655dbb0c169668f4e27848c0deda77,2017-10-21T07:37:37.000Z,0.00005000000134993803,0x3d48587aa16d91a2e37198b5b428674bdaddf038,buy,0x949bed886c739f1a3273629b3320db0c5024c719,0xc94b9dae9ec178bdf46325b049978b49a61ba6d116193e0aaabda634a90a4a35
141,0.009999999,0.0109999989,0x3d48587aa16d91a2e37198b5b428674bdaddf038,2017-10-21T07:37:37.000Z,1.1,0x86f07ee309655dbb0c169668f4e27848c0deda77,sell,0x949bed886c739f1a3273629b3320db0c5024c719,0xc94b9dae9ec178bdf46325b049978b49a61ba6d116193e0aaabda634a90a4a35
142,0.099989143,0.009998914365467052,0xf1e65cd0b31fcb8713ac1902002b262d57c9da33,2017-10-21T05:21:20.000Z,0.1000000006547416,0x57b00c981363c67b11e07eaa71364bf20e8025fe,buy,0x949bed886c739f1a3273629b3320db0c5024c719,0x375af7fffc3caf7446e4a1155526d7e1cec75f59b6ed519c83c3f613e9d25f19
143,0.01,0.00000085,0x1d5321e125f6c7079a716705541c7b371ca79e69,2017-10-21T05:09:44.000Z,0.000085,0x153685a03c2025b6825ae164e2ff5681ee487667,buy,0x949bed886c739f1a3273629b3320db0c5024c719,0x815c66ce2c2801176796b0ef6538fda849163dd7f527e73d2785cac887e3a59a
144,0.009970089,0.009970089,0xf1e65cd0b31fcb8713ac1902002b262d57c9da33,2017-10-21T05:09:44.000Z,1,0x1d5321e125f6c7079a716705541c7b371ca79e69,sell,0x949bed886c739f1a3273629b3320db0c5024c719,0x815c66ce2c2801176796b0ef6538fda849163dd7f527e73d2785cac887e3a59a
145,3400,0.289,0x44c93ed8d717032cc3da894a03b8834a72221b7d,2017-10-20T23:48:48.000Z,0.000085,0x153685a03c2025b6825ae164e2ff5681ee487667,buy,0x949bed886c739f1a3273629b3320db0c5024c719,0x449546d6436c38dcb342067191dbe9c08f3d049f4b1891d39d69840e82a3fb0b
146,0.000000612,0.000000000052075743,0x44c93ed8d717032cc3da894a03b8834a72221b7d,2017-10-20T23:40:36.000Z,0.00008509108333333333,0x153685a03c2025b6825ae164e2ff5681ee487667,buy,0x949bed886c739f1a3273629b3320db0c5024c719,0x8ca831582cccb3bb3cc42dd5a7db92e7014f8ead0bc814c51f77595dd9c2db44
147,0.00614555,0.000000522371775002,0x44c93ed8d717032cc3da894a03b8834a72221b7d,2017-10-20T23:33:57.000Z,0.00008500000406830958,0x153685a03c2025b6825ae164e2ff5681ee487667,buy,0x949bed886c739f1a3273629b3320db0c5024c719,0x944d5c6ef93bccbf36b8d223c738b579f9cc828a4b8301fa6bfc88ba080dbb0f
148,61.646015,0.005239911275047353,0x44c93ed8d717032cc3da894a03b8834a72221b7d,2017-10-20T23:31:23.000Z,0.00008500000000076814,0x153685a03c2025b6825ae164e2ff5681ee487667,buy,0x949bed886c739f1a3273629b3320db0c5024c719,0x4b481f16bc84a72b625718732f2a79529a4282a138c52b27fd10fc0ea73dff8b
149,600,0.051,0x44c93ed8d717032cc3da894a03b8834a72221b7d,2017-10-20T22:54:58.000Z,0.000085,0x153685a03c2025b6825ae164e2ff5681ee487667,buy,0x949bed886c739f1a3273629b3320db0c5024c719,0x56218cd1c2a0414120b4e0bcbfd5cbf124bb238e6f636adc16746035fce2922a
150,93.746763872,0.07405994345927625,0x0b12caf964d658b94cb3353fb94b189675e58a32,2017-10-20T22:24:41.000Z,0.0007900000000042268,0xa3d559a26e0252266d4d43231d7c29707c76d8b0,buy,0x949bed886c739f1a3273629b3320db0c5024c719,0x105af1b23d658a45711d723aa22fdfe9cfd539b1732428dbb5666fb7f93d9023
151,480,0.040799472,0x0b12caf964d658b94cb3353fb94b189675e58a32,2017-10-20T22:22:33.000Z,0.0000849989,0x035392de57aa4fe343d86494103dbe1b068a56c6,buy,0x949bed886c739f1a3273629b3320db0c5024c719,0xa3c1693f50a56cdef183913403b3edddf7be82e77a8508c2cabcd73d620ac164
152,1970.101,0.1970101,0x0b12caf964d658b94cb3353fb94b189675e58a32,2017-10-20T22:21:56.000Z,0.0001,0x3b4fad5764aca94b903e660045802cb85326fcff,buy,0x949bed886c739f1a3273629b3320db0c5024c719,0xe213947b2dae855a3836a59448581791d4909f33ebbc3a7813535d068152f76a
153,5,0.35,0x7e38351cfcb72b3a6041d302d66bf803eaea2f88,2017-10-20T20:39:59.000Z,0.07,0x78b0e4933f5b7d90102367e28efcde256998411e,buy,0x949bed886c739f1a3273629b3320db0c5024c719,0x9e71dffe587d19c36074e5c2d25d48162731f15414832e8905468bcaa33a2bce
154,0.05,0.005,0x7e38351cfcb72b3a6041d302d66bf803eaea2f88,2017-10-20T20:27:47.000Z,0.1,0xbde173bb88045f4810f31c5e89a100e11b756a8c,buy,0x949bed886c739f1a3273629b3320db0c5024c719,0xadfd9b7271b5703c8b4bbde5b6457afc8b6cd05bd041492ad7385db3ef4ef9f6
155,1500,0.12748485,0x7e38351cfcb72b3a6041d302d66bf803eaea2f88,2017-10-20T20:24:30.000Z,0.0000849899,0x035392de57aa4fe343d86494103dbe1b068a56c6,buy,0x949bed886c739f1a3273629b3320db0c5024c719,0x81548fd57852105016ed3904b44d16f6c1990128a312c95d7852f490f52af383
156,5.65,0.00565,0x7e38351cfcb72b3a6041d302d66bf803eaea2f88,2017-10-20T20:12:42.000Z,0.001,0x27f0baf305f6486dfec3560bba44f3d9574f5d00,buy,0x949bed886c739f1a3273629b3320db0c5024c719,0x694ce4cb4b618bdf09da804fa2e49db8ebc334d80cf2b2fd440bad624e4c4344
157,1000,0.01,0x97d93f65e6a3723ba6a71ecae65b264fcbeb56b6,2017-10-20T16:09:48.000Z,0.00001,0x57b00c981363c67b11e07eaa71364bf20e8025fe,sell,0x949bed886c739f1a3273629b3320db0c5024c719,0x8ae7fea534588c3a5a482f5262cf86e52607fbff8ae5d2be55dd721d60098b39
158,1,0.0001,0x3ac636ac5c3a2576156ac5f10066ca68abe0ad54,2017-10-20T01:29:04.000Z,0.0001,0x419582d20b3e90749f86b1abc3dbe52656797121,buy,0x949bed886c739f1a3273629b3320db0c5024c719,0xb9e5f16b38db78ae871d5056d99ea5f29317261a1b4b1831b0253810dd682c65
159,210,0.0189,0x97d93f65e6a3723ba6a71ecae65b264fcbeb56b6,2017-10-20T01:28:03.000Z,0.00009,0x035392de57aa4fe343d86494103dbe1b068a56c6,sell,0x949bed886c739f1a3273629b3320db0c5024c719,0x819106447a81e068d8ed3e2462078facc2b2a7ee60f891eff91666514a877138
160,2492.273950752,0.29907287409032,0x37438021ceb523c212b44cc1646a1c0763ccd7d2,2017-10-19T20:35:17.000Z,0.0001200000000000321,0x3b4fad5764aca94b903e660045802cb85326fcff,buy,0x949bed886c739f1a3273629b3320db0c5024c719,0x2b8aac4528c7f9276d7819f96fda82760c77575858162b1cf4f4f33f561dfeb5
161,0.068308722,0.006830872248473192,0x57b00c981363c67b11e07eaa71364bf20e8025fe,2017-10-18T19:28:50.000Z,0.10000000070961937,0xf1e65cd0b31fcb8713ac1902002b262d57c9da33,buy,0x949bed886c739f1a3273629b3320db0c5024c719,0x0f6ad5243db8cfce67dffefaef82e184e896c2b4e9243ace6d83e8876acce2a4
162,9733.75864722,0.8653311437379136,0x61791ede229963470920b4902cb2453adb6977fb,2017-10-18T19:09:47.000Z,0.00008890000000000571,0xa54ffa43d11698bc300d924781518b71dd10f0a8,buy,0x949bed886c739f1a3273629b3320db0c5024c719,0xca1eda543d99c35ddbbfaba314e0b9d1c97dac64e5260e9a60bfeadddfa29e50
163,1096.844,0.097496269472,0x61791ede229963470920b4902cb2453adb6977fb,2017-10-18T19:09:47.000Z,0.000088888,0x035392de57aa4fe343d86494103dbe1b068a56c6,buy,0x949bed886c739f1a3273629b3320db0c5024c719,0x5de805b82fb54a208be63baa1f65623bfb0114fe36cb5e861efe8f7fa4d2c6be
164,143.78594,0.0115028752,0xd59287c566816360f12d6ad9a6bba0ac8a1ad72b,2017-10-18T15:34:29.000Z,0.00008,0xea298fd724d4e7c74cedc6704d81672704a2317f,buy,0x949bed886c739f1a3273629b3320db0c5024c719,0x94658e6e3ddd2a5e7aa985c80a457f29e7172ed1b0d897b20109260bb83aefc2
165,6.25,0.0005,0x379374d13077e8867ef31803c37baf9785a17c00,2017-10-18T15:01:28.000Z,0.00008,0xea298fd724d4e7c74cedc6704d81672704a2317f,buy,0x949bed886c739f1a3273629b3320db0c5024c719,0xe4c609b086981b2659b89d2afe4348cde4ab4abfc41d4e6e8febe3037316a7f5
166,6.25,0.0005,0xf9695cd65d6dfdf257fab76a3eb0cb8f001971cc,2017-10-18T14:59:17.000Z,0.00008,0xea298fd724d4e7c74cedc6704d81672704a2317f,buy,0x949bed886c739f1a3273629b3320db0c5024c719,0x7f7e9bd0aefbe634553aa73b07b0090781fb197949de53dc51926762409a116d
167,100,0.0088888,0xd59287c566816360f12d6ad9a6bba0ac8a1ad72b,2017-10-18T10:15:14.000Z,0.000088888,0x035392de57aa4fe343d86494103dbe1b068a56c6,buy,0x949bed886c739f1a3273629b3320db0c5024c719,0xf15dd6297c5d30a6845212d6fde2386a133cd70afb3dd0a03d76de2ec3838fa1
168,79.998,0.00639904002,0xd1346e7a25b100c7c34e15c954a3dbb7779881db,2017-10-18T05:38:52.000Z,0.00007999,0x75112ee7b7662f7c59b4adc3cf0e0f8af25b71a3,buy,0x949bed886c739f1a3273629b3320db0c5024c719,0xdd8bcac6c25fb67111084fd7a6bf804fa5e20e0aa99255979e55bbc8e8c387ce
169,20,0.0015998,0x5cb9c6a832282df6f9772de0f29a5233e0a651f0,2017-10-18T05:25:58.000Z,0.00007999,0x75112ee7b7662f7c59b4adc3cf0e0f8af25b71a3,buy,0x949bed886c739f1a3273629b3320db0c5024c719,0xcf91244fe2956f6aa8daf16a3c4f19e9431e2aed9796920e7645aa78a2110a6e
170,0.000000163,0.000000000013110792,0x7fabaea094e0a7308e5e76a9b49274c005ca33e3,2017-10-17T23:44:38.000Z,0.00008043430674846625,0x75112ee7b7662f7c59b4adc3cf0e0f8af25b71a3,buy,0x949bed886c739f1a3273629b3320db0c5024c719,0xc4af0730452847fdccb8b22477e674c5327ccfe2111835d1070384de8791305c
171,0.001644134,0.000000131514347195,0x7fabaea094e0a7308e5e76a9b49274c005ca33e3,2017-10-17T23:43:31.000Z,0.00007999004168455855,0x75112ee7b7662f7c59b4adc3cf0e0f8af25b71a3,buy,0x949bed886c739f1a3273629b3320db0c5024c719,0xd97818305b8f39882408dad585631d833b1b7afdebaaf82401d22d724e89e354
172,5.62505625,0.0005,0x16e5d97bbc92417e051e3b2cabfbf8ceea2acb9c,2017-10-17T17:08:26.000Z,0.0000888880000088888,0x035392de57aa4fe343d86494103dbe1b068a56c6,buy,0x949bed886c739f1a3273629b3320db0c5024c719,0x0d291f7a54d1b8e710fa8f2e9554480cdce31363ba9ffb61a5a756cbca04bd95
173,5.62505625,0.0005,0x42c24a83bded723edfdf5883bc7efb30bc1a1bf3,2017-10-17T14:49:36.000Z,0.0000888880000088888,0x035392de57aa4fe343d86494103dbe1b068a56c6,buy,0x949bed886c739f1a3273629b3320db0c5024c719,0xd6e661dde296c76ddb6f494acc09fd016a5f77ec73d3147f03a4974afe2614ef
174,0.01,0.001,0xf1e65cd0b31fcb8713ac1902002b262d57c9da33,2017-10-17T05:04:31.000Z,0.1,0x78b0e4933f5b7d90102367e28efcde256998411e,buy,0x949bed886c739f1a3273629b3320db0c5024c719,0x435464150b8a58df3f0acb4fe0f8c824907519c65f971fa7498d06531e7bada8
175,1,0.01,0xf1e65cd0b31fcb8713ac1902002b262d57c9da33,2017-10-17T04:50:05.000Z,0.01,0x57b00c981363c67b11e07eaa71364bf20e8025fe,sell,0x949bed886c739f1a3273629b3320db0c5024c719,0xda7ef20aa3156d46bd81c4d68b06ae0f4d6a75e6c71f60c1c59e54afef8a2ccf
176,5.62505625,0.0005,0xcd912af5286dc0b0a23edb30209734ecb60838b3,2017-10-17T04:48:11.000Z,0.0000888880000088888,0x035392de57aa4fe343d86494103dbe1b068a56c6,buy,0x949bed886c739f1a3273629b3320db0c5024c719,0x8e13ee60bea8c29d87ab6f76f0c99ee29e6c118dbb4a0c0f6f4f233a7ba10163
177,10,0.0125,0x57b00c981363c67b11e07eaa71364bf20e8025fe,2017-10-16T20:35:00.000Z,0.00125,0xf1e65cd0b31fcb8713ac1902002b262d57c9da33,buy,0x949bed886c739f1a3273629b3320db0c5024c719,0x9bed08f182a2e5797e06734a65500f577d9921ac14e4dd5001698db431f8aa3c
178,0.016,0.00992,0x57b00c981363c67b11e07eaa71364bf20e8025fe,2017-10-16T20:22:20.000Z,0.62,0x8b182a4526944fa498970732a69a95d281c3c8a9,sell,0x949bed886c739f1a3273629b3320db0c5024c719,0xe23395e116701c5b41734265c3f277b2ebc513d8c395bd36bee3204238216feb
179,0.01,0.001,0x57b00c981363c67b11e07eaa71364bf20e8025fe,2017-10-16T19:37:02.000Z,0.1,0x78b0e4933f5b7d90102367e28efcde256998411e,buy,0x949bed886c739f1a3273629b3320db0c5024c719,0xada57b59c4016413fb6689c5352b92fdba770a1d7af016278249d54f1837420e
180,100,0.01,0xf1e65cd0b31fcb8713ac1902002b262d57c9da33,2017-10-16T05:37:17.000Z,0.0001,0x035392de57aa4fe343d86494103dbe1b068a56c6,sell,0x949bed886c739f1a3273629b3320db0c5024c719,0xbcd3b1c5f4953133493f4c985fcb28bf245424c1876ec2edeaeb51de361291d8
181,0.009970089,0.009970089,0xf1e65cd0b31fcb8713ac1902002b262d57c9da33,2017-10-16T01:39:04.000Z,1,0x1d5321e125f6c7079a716705541c7b371ca79e69,sell,0x949bed886c739f1a3273629b3320db0c5024c719,0x3b0a0003459ffd90d03de048c047e4eb33aa0a78ccec7c67a510f93a2a2022df
182,0.01,0.00000088888,0x1d5321e125f6c7079a716705541c7b371ca79e69,2017-10-16T01:39:04.000Z,0.000088888,0xc7f69616492dc7aee96fea640fb99e6fdfd7ab52,buy,0x949bed886c739f1a3273629b3320db0c5024c719,0x3b0a0003459ffd90d03de048c047e4eb33aa0a78ccec7c67a510f93a2a2022df
183,0.02,0.01,0x57b00c981363c67b11e07eaa71364bf20e8025fe,2017-10-15T23:49:40.000Z,0.5,0xf1e65cd0b31fcb8713ac1902002b262d57c9da33,sell,0x949bed886c739f1a3273629b3320db0c5024c719,0x8d63b1ca18d22d8635b86a56ea8da0746bed6f7c5fc2f11b035fbb37b3a9c54b
184,245,0.0098,0x57b00c981363c67b11e07eaa71364bf20e8025fe,2017-10-15T13:09:34.000Z,0.00004,0xc7f69616492dc7aee96fea640fb99e6fdfd7ab52,sell,0x949bed886c739f1a3273629b3320db0c5024c719,0xd416c4cafb044de1d2b9a08eab7429d946f5e5160b1197b125c4b9ce7ffb3b7d
185,0.01,0.0349031,0xf1e65cd0b31fcb8713ac1902002b262d57c9da33,2017-10-13T20:45:25.000Z,3.49031,0x57b00c981363c67b11e07eaa71364bf20e8025fe,sell,0x949bed886c739f1a3273629b3320db0c5024c719,0xb5d22b428569bcd9d51da0adc5c07235826cfa04fe360e1766e315928578d011
186,0.01,0.0251891,0x57b00c981363c67b11e07eaa71364bf20e8025fe,2017-10-12T17:13:35.000Z,2.51891,0xf1e65cd0b31fcb8713ac1902002b262d57c9da33,sell,0x949bed886c739f1a3273629b3320db0c5024c719,0x748903e543957c61b5fe7ac1744fd3e9b20e0dba3a961d0f28c46bc072b16699
187,0.002,0.00122,0x57b00c981363c67b11e07eaa71364bf20e8025fe,2017-10-09T15:39:22.000Z,0.61,0x78b0e4933f5b7d90102367e28efcde256998411e,buy,0x949bed886c739f1a3273629b3320db0c5024c719,0x53557f2535224b4bf1913f50c5cf6d8bf8ebe948a1671c9db85ba0c4ca22967d
188,0.01,0.00000088888,0x1d5321e125f6c7079a716705541c7b371ca79e69,2017-10-09T03:14:02.000Z,0.000088888,0x035392de57aa4fe343d86494103dbe1b068a56c6,buy,0x949bed886c739f1a3273629b3320db0c5024c719,0xfe3f9f6c4134d0995a33050561f9fa946404ad82e6a180400e46de80d030a399
189,0.009970089,0.009970089,0xf1e65cd0b31fcb8713ac1902002b262d57c9da33,2017-10-09T03:14:02.000Z,1,0x1d5321e125f6c7079a716705541c7b371ca79e69,sell,0x949bed886c739f1a3273629b3320db0c5024c719,0xfe3f9f6c4134d0995a33050561f9fa946404ad82e6a180400e46de80d030a399
190,0.002,0.00122,0xf1e65cd0b31fcb8713ac1902002b262d57c9da33,2017-10-08T18:11:38.000Z,0.61,0x78b0e4933f5b7d90102367e28efcde256998411e,buy,0x949bed886c739f1a3273629b3320db0c5024c719,0x724cc7b5901fdf4d9dd01dc0b0a697d61ad98d3a7963a94a5388bc72fbe7ddef
191,18.864,0.00167210496,0x8e7601f7daad7a0993474106d6fe1e1761326e25,2017-10-08T07:07:13.000Z,0.00008864,0x8b182a4526944fa498970732a69a95d281c3c8a9,buy,0x949bed886c739f1a3273629b3320db0c5024c719,0x9c721e2b52f5f04827b501f31529855a9172b83c4a0dfc72eae85290a93671a7
192,0.002,0.001218,0x57b00c981363c67b11e07eaa71364bf20e8025fe,2017-10-07T15:07:27.000Z,0.609,0xf1e65cd0b31fcb8713ac1902002b262d57c9da33,buy,0x949bed886c739f1a3273629b3320db0c5024c719,0x69865aefb4a85926f79cb6ddef526b260888f6088660283720dab6133c0cde7a
193,5,0.00044444,0x8b182a4526944fa498970732a69a95d281c3c8a9,2017-10-07T10:03:09.000Z,0.000088888,0x035392de57aa4fe343d86494103dbe1b068a56c6,buy,0x949bed886c739f1a3273629b3320db0c5024c719,0xc7a1c8e92b67ad7a28589c0e9e1bc8feeb8a0ea3fcea6f21fc4240702685958f
194,154.874,0.013729270352,0x75112ee7b7662f7c59b4adc3cf0e0f8af25b71a3,2017-10-07T07:50:35.000Z,0.000088648,0x035392de57aa4fe343d86494103dbe1b068a56c6,buy,0x949bed886c739f1a3273629b3320db0c5024c719,0xbe776a6393e7cd3595914240ec15fc0245c9ed7c0541d3f096a3d1bba444faa4
195,45.126,0.00399996864,0x75112ee7b7662f7c59b4adc3cf0e0f8af25b71a3,2017-10-07T00:44:37.000Z,0.00008864,0x8b182a4526944fa498970732a69a95d281c3c8a9,buy,0x949bed886c739f1a3273629b3320db0c5024c719,0x7c81539919b327fa0ad8e0c0c829096680cff2b8db834b86f9f92bab52be400f
196,0.01,0.021,0x57b00c981363c67b11e07eaa71364bf20e8025fe,2017-10-05T21:42:49.000Z,2.1,0xcdd53f530ab4fb824fc9f2a321f3c001b4a710cc,sell,0x949bed886c739f1a3273629b3320db0c5024c719,0xb28a1edaebdc8c9468d24117a6f3757c33f7793236e45a6af32c2d4a140f3389
197,0.002,0.00122,0x57b00c981363c67b11e07eaa71364bf20e8025fe,2017-10-05T17:31:31.000Z,0.61,0x78b0e4933f5b7d90102367e28efcde256998411e,buy,0x949bed886c739f1a3273629b3320db0c5024c719,0xe1693cb066b9414d57aa184a0ead91338f35ef25b4e6c3b8bc01488775b08489
198,0.002,0.001218,0x57b00c981363c67b11e07eaa71364bf20e8025fe,2017-10-05T17:18:24.000Z,0.609,0xf1e65cd0b31fcb8713ac1902002b262d57c9da33,buy,0x949bed886c739f1a3273629b3320db0c5024c719,0x909eb206c5d4062864b14af828b16bf7d4e15f3e4852472267eea52cc8cff64d
199,1,0.000088648,0x0249924245a19aa2d7f5ddb0739a7132b7d094ab,2017-10-05T16:53:16.000Z,0.000088648,0x035392de57aa4fe343d86494103dbe1b068a56c6,buy,0x949bed886c739f1a3273629b3320db0c5024c719,0x8f6e074ac77f19fbd9279697d3f440a7210ece6113528ed5b92fb94a63a98d13
200,0.01,0.02,0xf1e65cd0b31fcb8713ac1902002b262d57c9da33,2017-10-05T14:10:01.000Z,2,0x57b00c981363c67b11e07eaa71364bf20e8025fe,sell,0x949bed886c739f1a3273629b3320db0c5024c719,0x58fc16a17c1e7cfbc77994642684b1a8ab290f28c4411ec0dd5a812ea9173e05
201,0.011,0.01001,0xf1e65cd0b31fcb8713ac1902002b262d57c9da33,2017-10-05T13:17:27.000Z,0.91,0xcdd53f530ab4fb824fc9f2a321f3c001b4a710cc,sell,0x949bed886c739f1a3273629b3320db0c5024c719,0x275391a0eae9aa6960fc03d5e55ab672ded8b25767c35fed8beab353d9688dea
202,0.002,0.001218,0x57b00c981363c67b11e07eaa71364bf20e8025fe,2017-10-05T09:33:19.000Z,0.609,0xf1e65cd0b31fcb8713ac1902002b262d57c9da33,buy,0x949bed886c739f1a3273629b3320db0c5024c719,0x29a8a414bb080e4673c1898da8aca97e55923e47b8a6061924bd0f2e4040cdca
203,0.009970089,0.025540587390088167,0xf1e65cd0b31fcb8713ac1902002b262d57c9da33,2017-10-05T08:58:26.000Z,2.561721103,0x483b43ad3ffac4d887daed5c1fa9dae7bce3bf73,sell,0x949bed886c739f1a3273629b3320db0c5024c719,0x25e1fcc6283c6e2eedc47d405a87ea145ab7ef686f804b658430502201642c59
204,0.01,0.0000008864,0x483b43ad3ffac4d887daed5c1fa9dae7bce3bf73,2017-10-05T08:58:26.000Z,0.00008864,0x8b182a4526944fa498970732a69a95d281c3c8a9,buy,0x949bed886c739f1a3273629b3320db0c5024c719,0x25e1fcc6283c6e2eedc47d405a87ea145ab7ef686f804b658430502201642c59
205,0.002,0.00122,0x57b00c981363c67b11e07eaa71364bf20e8025fe,2017-10-05T08:36:36.000Z,0.61,0x78b0e4933f5b7d90102367e28efcde256998411e,buy,0x949bed886c739f1a3273629b3320db0c5024c719,0xdb613fa684c33fe5f41a347d14f62e2dee0365de27e41174eb2e490e669e7607
206,898,0.00898,0xf1e65cd0b31fcb8713ac1902002b262d57c9da33,2017-10-05T05:21:41.000Z,0.00001,0x154a2928d8186c2dae1052faf2e02890b4f55358,sell,0x949bed886c739f1a3273629b3320db0c5024c719,0x28ebb65ba839610f5e99aaccdfd197089023d975328fafc9efbde98361e1ad60
207,500,0.0075,0xeae46ec3c5f204697789b090d03d2d2c72791af6,2017-10-05T05:20:21.000Z,0.000015,0x154a2928d8186c2dae1052faf2e02890b4f55358,sell,0x949bed886c739f1a3273629b3320db0c5024c719,0xd8576d0b3b650692239c43c48e157d40ab104693d8d7d246e27835824cedcf0c
208,2,0.01,0x8e7601f7daad7a0993474106d6fe1e1761326e25,2017-10-05T04:34:04.000Z,0.005,0x78b0e4933f5b7d90102367e28efcde256998411e,buy,0x949bed886c739f1a3273629b3320db0c5024c719,0xb7a0a1382bc2290df1c92b1c1a808d65739de4b7316853a051ff74567fe1a795
209,32.593767014,16.948758847572524,0x23823c80bfecf1f23a6f37d9088a03daafda8b38,2017-10-05T04:27:45.000Z,0.5200000000089748,0xa3d559a26e0252266d4d43231d7c29707c76d8b0,buy,0x949bed886c739f1a3273629b3320db0c5024c719,0x776b0c441195235062d10d4b88817e580f9718fbae498a598b3963d5a1c9d8c6
210,234.528,0.020786451168,0x8e7601f7daad7a0993474106d6fe1e1761326e25,2017-10-05T03:07:43.000Z,0.000088631,0x49ad11a669599a7197b37c7c0cb91442f9848fb2,buy,0x949bed886c739f1a3273629b3320db0c5024c719,0xfade2318d6ae218d83ed981289c2ddde91f994c6f81de38d53e1ffe2bf35669b
211,0.01,0.016,0xf1e65cd0b31fcb8713ac1902002b262d57c9da33,2017-10-04T21:30:45.000Z,1.6,0xcdd53f530ab4fb824fc9f2a321f3c001b4a710cc,sell,0x949bed886c739f1a3273629b3320db0c5024c719,0x679ccb7a92a91d336ccb1fa4f3a52224107845085dfac4ab07112f12ffcc784c
212,0.002,0.001218,0x57b00c981363c67b11e07eaa71364bf20e8025fe,2017-10-04T21:24:42.000Z,0.609,0x49ad11a669599a7197b37c7c0cb91442f9848fb2,buy,0x949bed886c739f1a3273629b3320db0c5024c719,0xc456622e6c681332dc66237b7d390504e85bfe364d8713bba79f6df833668675
213,100,0.0088631,0xeae46ec3c5f204697789b090d03d2d2c72791af6,2017-10-04T20:30:20.000Z,0.000088631,0x49ad11a669599a7197b37c7c0cb91442f9848fb2,buy,0x949bed886c739f1a3273629b3320db0c5024c719,0x84ece11e8f7e50d3e692a2097467ed0f03a2a8cb427b1583f8f4117cd7a9016f
214,0.002,0.00122,0xf1e65cd0b31fcb8713ac1902002b262d57c9da33,2017-10-04T07:54:44.000Z,0.61,0x78b0e4933f5b7d90102367e28efcde256998411e,buy,0x949bed886c739f1a3273629b3320db0c5024c719,0x4eec6f169a930b38c11964cc650f97b71cb210f8094bf23bba27c3ab386171ba
215,0.002,0.00122,0xf1e65cd0b31fcb8713ac1902002b262d57c9da33,2017-10-04T07:51:47.000Z,0.61,0x78b0e4933f5b7d90102367e28efcde256998411e,buy,0x949bed886c739f1a3273629b3320db0c5024c719,0x4eec6f169a930b38c11964cc650f97b71cb210f8094bf23bba27c3ab386171ba
216,400,0.03548,0x8e7601f7daad7a0993474106d6fe1e1761326e25,2017-10-04T05:40:49.000Z,0.0000887,0x49ad11a669599a7197b37c7c0cb91442f9848fb2,buy,0x949bed886c739f1a3273629b3320db0c5024c719,0x371cdf1fffed90fad32837a336be45afdde8da839afacc1216775e1a27b88c75
217,150,0.0015,0xf1e65cd0b31fcb8713ac1902002b262d57c9da33,2017-10-04T03:20:39.000Z,0.00001,0xd960ae5f5294d1c06af036e78bcd9dca1e7840b8,sell,0x949bed886c739f1a3273629b3320db0c5024c719,0xe2ffc00fba3f37a4145ee8502bd6c4e673cb6d205c695f16e52525f067785058
218,748,0.066405944,0x8e7601f7daad7a0993474106d6fe1e1761326e25,2017-10-04T02:27:12.000Z,0.000088778,0x8b182a4526944fa498970732a69a95d281c3c8a9,buy,0x949bed886c739f1a3273629b3320db0c5024c719,0x80e686de2175cfe2aaf013c800571d9587fff3d38d72c2060bfa2a15edabe7cd
219,0.01,0.01,0x57b00c981363c67b11e07eaa71364bf20e8025fe,2017-10-03T00:10:37.000Z,1,0xcdd53f530ab4fb824fc9f2a321f3c001b4a710cc,sell,0x949bed886c739f1a3273629b3320db0c5024c719,0x83e759e7f833610ba5081ce0b13a9c2b34e3d5809ab34d4584eb15f82752dc74
220,0.01,0.01,0x57b00c981363c67b11e07eaa71364bf20e8025fe,2017-10-03T00:08:49.000Z,1,0xcdd53f530ab4fb824fc9f2a321f3c001b4a710cc,sell,0x949bed886c739f1a3273629b3320db0c5024c719,0x576633b2b21bbce1e1a024fad4dd6a25f39551a777812462c5893146dddb755f
221,0.041,0.024969,0x57b00c981363c67b11e07eaa71364bf20e8025fe,2017-10-02T23:22:59.000Z,0.609,0xf1e65cd0b31fcb8713ac1902002b262d57c9da33,buy,0x949bed886c739f1a3273629b3320db0c5024c719,0x771b7ac369b97f955114a7ca02a5639b10ba4e7b5424064acd59f53dfd593ac6
222,0.000835285,0.000509524434576808,0x57b00c981363c67b11e07eaa71364bf20e8025fe,2017-10-02T21:58:00.000Z,0.6100006998531136,0x78b0e4933f5b7d90102367e28efcde256998411e,buy,0x949bed886c739f1a3273629b3320db0c5024c719,0x3ecc7c5d0511f9725dd9a6046d6b890c21c4b24d4f714897f0cf554876f73b4f
223,0.003,0.001827,0x57b00c981363c67b11e07eaa71364bf20e8025fe,2017-10-02T21:28:40.000Z,0.609,0xf1e65cd0b31fcb8713ac1902002b262d57c9da33,buy,0x949bed886c739f1a3273629b3320db0c5024c719,0xf5d4ad093118aace3a26a69d52533681586a9196c959ae204a5215502d392e4a
224,0.002,0.00122,0xf1e65cd0b31fcb8713ac1902002b262d57c9da33,2017-10-02T20:43:08.000Z,0.61,0x78b0e4933f5b7d90102367e28efcde256998411e,buy,0x949bed886c739f1a3273629b3320db0c5024c719,0xc449f06b83228c734ea4cf36c21664d95aaedba3114aa02511ff1cb0e6accdbe
225,2000,0.177556,0x5765f830f0ea99aeb989256a38b78ec4b93aa67c,2017-10-02T20:19:12.000Z,0.000088778,0x8b182a4526944fa498970732a69a95d281c3c8a9,buy,0x949bed886c739f1a3273629b3320db0c5024c719,0x3ca7e4c3850d752179ce385f56a1c14eaf74672d1c20b13fe03d533ec39774c6
226,0.002,0.00122,0x57b00c981363c67b11e07eaa71364bf20e8025fe,2017-10-02T19:55:17.000Z,0.61,0x78b0e4933f5b7d90102367e28efcde256998411e,buy,0x949bed886c739f1a3273629b3320db0c5024c719,0x923af9f202932242830e4794e7f8ae8cba54c8e439c21a0a5095179db7d08422
227,1,0.00001,0xf1e65cd0b31fcb8713ac1902002b262d57c9da33,2017-10-02T17:10:28.000Z,0.00001,0x49e5624fd79374073fc483d165ef00cce702b2c6,sell,0x949bed886c739f1a3273629b3320db0c5024c719,0xc23c9b3f9219f35105d3928e9efc493d50e0e256f6c0435954d1c11ce34c7132
228,1,0.000088778,0x49e5624fd79374073fc483d165ef00cce702b2c6,2017-10-02T17:06:08.000Z,0.000088778,0x8b182a4526944fa498970732a69a95d281c3c8a9,buy,0x949bed886c739f1a3273629b3320db0c5024c719,0xb3af718854bc88867aea484e320c9cbed2969730822ed5696a54a98929c5404a
229,1,0.000088778,0x49e5624fd79374073fc483d165ef00cce702b2c6,2017-10-02T17:03:24.000Z,0.000088778,0x8b182a4526944fa498970732a69a95d281c3c8a9,buy,0x949bed886c739f1a3273629b3320db0c5024c719,0xf4f708b8beef89d6dca9be601f27478fc534462db085291957f43f1b96503fe2
230,883.736,0.078454547136,0x5765f830f0ea99aeb989256a38b78ec4b93aa67c,2017-10-02T06:46:52.000Z,0.000088776,0x035392de57aa4fe343d86494103dbe1b068a56c6,buy,0x949bed886c739f1a3273629b3320db0c5024c719,0xbb41eb01cf2aaccf20eba0f4fdd74081872840b5ad794980751f1e45f4839653
231,1,0.02,0x351a81e5415eb8ee1bae735f91d4abd6799703a3,2017-10-02T05:44:51.000Z,0.02,0x78b0e4933f5b7d90102367e28efcde256998411e,buy,0x949bed886c739f1a3273629b3320db0c5024c719,0xad006aeaf938c654d97b93eb38f83f97b67c444c6af873a41dbff2cf30215893
232,0.002,0.00122,0xf1e65cd0b31fcb8713ac1902002b262d57c9da33,2017-10-01T23:25:18.000Z,0.61,0x78b0e4933f5b7d90102367e28efcde256998411e,buy,0x949bed886c739f1a3273629b3320db0c5024c719,0xc15f5ebb52c43a97d609b4e4fe25050bcb255caa7cbb9ca0f9a40bd204f3a502
233,104.9,0.01049,0xf1e65cd0b31fcb8713ac1902002b262d57c9da33,2017-10-01T22:49:06.000Z,0.0001,0xcdd53f530ab4fb824fc9f2a321f3c001b4a710cc,sell,0x949bed886c739f1a3273629b3320db0c5024c719,0xddacfa47c1d3d5655851efbc8d05f4a621f819ec1157045d137a1636c918e3b7
234,105,0.00932148,0xcdd53f530ab4fb824fc9f2a321f3c001b4a710cc,2017-10-01T22:47:43.000Z,0.000088776,0x035392de57aa4fe343d86494103dbe1b068a56c6,buy,0x949bed886c739f1a3273629b3320db0c5024c719,0x90e043b9a65cfdbf0784050db1dcda2293b00472067b520c3e9af67b89b4bdfe
235,1,0.1533,0x351a81e5415eb8ee1bae735f91d4abd6799703a3,2017-10-01T22:37:29.000Z,0.1533,0x49e5624fd79374073fc483d165ef00cce702b2c6,sell,0x949bed886c739f1a3273629b3320db0c5024c719,0x0f83991c3fc5c50c8a8005254edcdfc368715d45beddbbacf5c7ff5a116903b4
236,0.01,0.011,0xf1e65cd0b31fcb8713ac1902002b262d57c9da33,2017-09-30T21:57:31.000Z,1.1,0xcdd53f530ab4fb824fc9f2a321f3c001b4a710cc,sell,0x949bed886c739f1a3273629b3320db0c5024c719,0xb13606405abc530fbfd2ee8a440c31d5819e081ee0ec19725150ea26f8f4f606
237,0.002,0.001218,0x57b00c981363c67b11e07eaa71364bf20e8025fe,2017-09-30T21:30:26.000Z,0.609,0xf1e65cd0b31fcb8713ac1902002b262d57c9da33,buy,0x949bed886c739f1a3273629b3320db0c5024c719,0xcc865c5a14c8d8ad90445e35681f1097b891621b4aad3e76431a15f078e8eee6
238,0.016,0.009744,0x57b00c981363c67b11e07eaa71364bf20e8025fe,2017-09-30T21:25:27.000Z,0.609,0xf1e65cd0b31fcb8713ac1902002b262d57c9da33,buy,0x949bed886c739f1a3273629b3320db0c5024c719,0xf6a602a394c839fa04e090e2d18bad6eb2a444ac9988a42074350ac9c9ccaafa
239,11.264,0.000999972864,0xcdd53f530ab4fb824fc9f2a321f3c001b4a710cc,2017-09-30T21:17:37.000Z,0.000088776,0x035392de57aa4fe343d86494103dbe1b068a56c6,buy,0x949bed886c739f1a3273629b3320db0c5024c719,0xf4c10a3a538d56e9576c5dfa6ca4056d8916ef9fbff27f4ffb730f6f67d7f279
240,0.011,0.005929,0xf1e65cd0b31fcb8713ac1902002b262d57c9da33,2017-09-30T16:07:55.000Z,0.539,0x57b00c981363c67b11e07eaa71364bf20e8025fe,buy,0x949bed886c739f1a3273629b3320db0c5024c719,0x84dac809208bfe105e57fc23ed6cab7a65628981cf09e9a9dbd7f8b04e6768e7
241,0.001,0.00061,0x57b00c981363c67b11e07eaa71364bf20e8025fe,2017-09-30T15:53:12.000Z,0.61,0x78b0e4933f5b7d90102367e28efcde256998411e,buy,0x949bed886c739f1a3273629b3320db0c5024c719,0x8a3ba8d4436eb3b22de3c48b9cf4b727dfae63a8e9326483b49a40cf3e0caf6c
242,1781.270474203,0.15833356991097597,0x419582d20b3e90749f86b1abc3dbe52656797121,2017-09-29T12:20:18.000Z,0.00008888800000001107,0x035392de57aa4fe343d86494103dbe1b068a56c6,buy,0x949bed886c739f1a3273629b3320db0c5024c719,0x2d84817100c11661caf27ee95eebddb46eaa0cfa10ffa50334015c736177b6fe
243,10,0.018,0x419582d20b3e90749f86b1abc3dbe52656797121,2017-09-29T10:40:12.000Z,0.0018,0x78b0e4933f5b7d90102367e28efcde256998411e,buy,0x949bed886c739f1a3273629b3320db0c5024c719,0x220873a33e0f95fdbd08581e0138ced340ee9114e037a734a885b2d0b2fccd0c
244,1044,0.01044,0x57b00c981363c67b11e07eaa71364bf20e8025fe,2017-09-29T09:19:13.000Z,0.00001,0x419582d20b3e90749f86b1abc3dbe52656797121,sell,0x949bed886c739f1a3273629b3320db0c5024c719,0x959cf80417c387fd7468e83f10d25260156d6eab30c30e812c2cfb60728763c3
245,0.002,0.00122,0xf1e65cd0b31fcb8713ac1902002b262d57c9da33,2017-09-28T22:09:12.000Z,0.61,0x78b0e4933f5b7d90102367e28efcde256998411e,buy,0x949bed886c739f1a3273629b3320db0c5024c719,0xe3e072f149f60ccef657bb0cd49926ad8b2209721b63f0f8d5b9f625161b295c
246,100,0.00889,0xa0be78d2bac6a692adba423c7af50ec86a18bddf,2017-09-28T21:58:50.000Z,0.0000889,0xa54ffa43d11698bc300d924781518b71dd10f0a8,buy,0x949bed886c739f1a3273629b3320db0c5024c719,0xe5d2c5611612a9c00d45ed431fb00ebc1661f0686fc27e0813b742f6c17a481b
247,0.01,0.000000889,0x3b39f6e82cf73e4bd4c87cb50c8f6850906987a6,2017-09-28T21:56:16.000Z,0.0000889,0xa54ffa43d11698bc300d924781518b71dd10f0a8,buy,0x949bed886c739f1a3273629b3320db0c5024c719,0xc0778b43618618e0ee3ce96effdd02a6b43b7d0ebd9aec564217270782d3f14f
248,0.009970089,0.025540587390088167,0xf1e65cd0b31fcb8713ac1902002b262d57c9da33,2017-09-28T21:56:16.000Z,2.561721103,0x3b39f6e82cf73e4bd4c87cb50c8f6850906987a6,sell,0x949bed886c739f1a3273629b3320db0c5024c719,0xc0778b43618618e0ee3ce96effdd02a6b43b7d0ebd9aec564217270782d3f14f
249,0.019,0.010241,0xf1e65cd0b31fcb8713ac1902002b262d57c9da33,2017-09-28T21:21:07.000Z,0.539,0x57b00c981363c67b11e07eaa71364bf20e8025fe,buy,0x949bed886c739f1a3273629b3320db0c5024c719,0x03d199659ccaf436d2c36280c48a45b81b9d2f8af3ef94e7d70a501e0048d415
250,0.002,0.001216,0x57b00c981363c67b11e07eaa71364bf20e8025fe,2017-09-28T20:57:32.000Z,0.608,0xf1e65cd0b31fcb8713ac1902002b262d57c9da33,buy,0x949bed886c739f1a3273629b3320db0c5024c719,0xaed2b10584905cbad4c4aa963d6d92821ea1ef0f01c8894ea5bfe90a8a8716e3
251,11.249,0.0010000361,0xf1e65cd0b31fcb8713ac1902002b262d57c9da33,2017-09-28T20:57:32.000Z,0.0000889,0xa54ffa43d11698bc300d924781518b71dd10f0a8,buy,0x949bed886c739f1a3273629b3320db0c5024c719,0x995f97b9a9b3579273e5ad23161b873fb00402fdde3b92c9eef6548eb84515e3
252,224.972,0.0200000108,0x9fd6f4e56b50fe6aaa7e247a1d1c8c9c152c9086,2017-09-28T20:46:49.000Z,0.0000889,0xa54ffa43d11698bc300d924781518b71dd10f0a8,buy,0x949bed886c739f1a3273629b3320db0c5024c719,0x37796fa834e9b721ba7f312699913ac98620f77014d53cabd1306257eb03e4cc
253,0.01,0.01,0xf1e65cd0b31fcb8713ac1902002b262d57c9da33,2017-09-28T14:01:12.000Z,1,0x57b00c981363c67b11e07eaa71364bf20e8025fe,sell,0x949bed886c739f1a3273629b3320db0c5024c719,0xf381177114776da60e3a7e2e681e7de86b1a56b0e5ab56f626b710add3fd8124
254,0.016,0.009728,0x57b00c981363c67b11e07eaa71364bf20e8025fe,2017-09-28T13:54:09.000Z,0.608,0xf1e65cd0b31fcb8713ac1902002b262d57c9da33,buy,0x949bed886c739f1a3273629b3320db0c5024c719,0xf0e81843c8322442e6898e6f528812fe6cdd6673ef0c14bfc1506341f8519645
255,0.019,0.010241,0xf1e65cd0b31fcb8713ac1902002b262d57c9da33,2017-09-28T13:39:09.000Z,0.539,0x57b00c981363c67b11e07eaa71364bf20e8025fe,buy,0x949bed886c739f1a3273629b3320db0c5024c719,0xb933beab3fe3a2381974fca645a586f52678d05f81efca8df9d003fb32791f6e
256,2265.45,0.2013939741,0x419582d20b3e90749f86b1abc3dbe52656797121,2017-09-28T12:12:07.000Z,0.000088898,0x8b182a4526944fa498970732a69a95d281c3c8a9,buy,0x949bed886c739f1a3273629b3320db0c5024c719,0x9b8231db1c87bfd1edb0e946896ae4f1b5f7df51a6b9643b6e331f84a1d1342f
257,0.002,0.00122,0x3d48587aa16d91a2e37198b5b428674bdaddf038,2017-09-28T10:51:00.000Z,0.61,0x78b0e4933f5b7d90102367e28efcde256998411e,buy,0x949bed886c739f1a3273629b3320db0c5024c719,0xa734c092ec23bf95a9239e578d05e665261315f79449f0cc49b430993819eb25
258,0.003,0.001824,0x57b00c981363c67b11e07eaa71364bf20e8025fe,2017-09-26T15:48:15.000Z,0.608,0xf1e65cd0b31fcb8713ac1902002b262d57c9da33,buy,0x949bed886c739f1a3273629b3320db0c5024c719,0xc720e9590cdb49defe9163602d74d4d1b7199f16d4004692b36e612a1cb6f83d
259,0.003352779,0.000000298062086377,0x402172294d9380bb10e8b8be5c6faee5ba75a520,2017-09-26T13:41:53.000Z,0.00008890000992519935,0xa54ffa43d11698bc300d924781518b71dd10f0a8,buy,0x949bed886c739f1a3273629b3320db0c5024c719,0x88733741306a28df3506dcb406e7278b7ec3b61b17207f16b65ac12b93507c0e
260,0.016,0.009728,0x57b00c981363c67b11e07eaa71364bf20e8025fe,2017-09-26T07:45:16.000Z,0.608,0xf1e65cd0b31fcb8713ac1902002b262d57c9da33,buy,0x949bed886c739f1a3273629b3320db0c5024c719,0x2d22f477982598739360c606c0fc08f5c04a0bae3d488fd6a4c32b2be140e163
261,0.019,0.010241,0xf1e65cd0b31fcb8713ac1902002b262d57c9da33,2017-09-26T07:14:41.000Z,0.539,0x57b00c981363c67b11e07eaa71364bf20e8025fe,buy,0x949bed886c739f1a3273629b3320db0c5024c719,0x98b6e4b5815a076280822704526455dafa2503d6a2996f4e729ac80f65659d2d
262,0.002,0.001078,0xf1e65cd0b31fcb8713ac1902002b262d57c9da33,2017-09-26T06:10:12.000Z,0.539,0x57b00c981363c67b11e07eaa71364bf20e8025fe,buy,0x949bed886c739f1a3273629b3320db0c5024c719,0x27ac56f9e716a023cd273a7b2dd3ce2fc4c73831951c34ffbbd8c4ff20ae0945
263,672.848155794,0.0598148553538045,0x49ad11a669599a7197b37c7c0cb91442f9848fb2,2017-09-26T04:36:42.000Z,0.00008889800000004383,0x8b182a4526944fa498970732a69a95d281c3c8a9,buy,0x949bed886c739f1a3273629b3320db0c5024c719,0x3b94be58826a09579cf5802f83d525c630202e103aa96cc58735fbacfe2884f2
264,31.654863022,0.002814054012963813,0x49ad11a669599a7197b37c7c0cb91442f9848fb2,2017-09-26T04:13:55.000Z,0.00008889800000107588,0x8b182a4526944fa498970732a69a95d281c3c8a9,buy,0x949bed886c739f1a3273629b3320db0c5024c719,0x1b5d90b6073d6f4363261aed8d92c938c10e8808e1a0668e2a633d9228c091b3
265,29.898607884,0.002989860788438426,0x402172294d9380bb10e8b8be5c6faee5ba75a520,2017-09-26T01:51:59.000Z,0.0001000000000012852,0x3b4fad5764aca94b903e660045802cb85326fcff,buy,0x949bed886c739f1a3273629b3320db0c5024c719,0x040cca5ef1171fb30b70982fad098db7c2cf270f9dd965053dffe4000f0d9231
266,0.000030904,0.000000002747303792,0xb8878cd00f51f088588602acb43c7008333e767e,2017-09-25T21:19:06.000Z,0.000088898,0x8b182a4526944fa498970732a69a95d281c3c8a9,buy,0x949bed886c739f1a3273629b3320db0c5024c719,0xe338d304a3152c266c1d57c6a6261b7666058f52012ad3cfb01d2cbdbb0a371c
267,0.000030811,0.000061622,0x57b00c981363c67b11e07eaa71364bf20e8025fe,2017-09-25T21:19:06.000Z,2,0xb8878cd00f51f088588602acb43c7008333e767e,sell,0x949bed886c739f1a3273629b3320db0c5024c719,0xe338d304a3152c266c1d57c6a6261b7666058f52012ad3cfb01d2cbdbb0a371c
268,0.009969096,0.019938192,0x57b00c981363c67b11e07eaa71364bf20e8025fe,2017-09-25T21:17:29.000Z,2,0x65f2dddf638c7a7118b22d610c9aeba141f2467f,sell,0x949bed886c739f1a3273629b3320db0c5024c719,0xb3516ed7a2b4f130f2e946aebf4ebea1a5551952d9e513afb805f6082f0e61b8
269,0.01,0.00000088898,0x65f2dddf638c7a7118b22d610c9aeba141f2467f,2017-09-25T21:17:29.000Z,0.000088898,0x8b182a4526944fa498970732a69a95d281c3c8a9,buy,0x949bed886c739f1a3273629b3320db0c5024c719,0xb3516ed7a2b4f130f2e946aebf4ebea1a5551952d9e513afb805f6082f0e61b8
270,0.002,0.00122,0x3d48587aa16d91a2e37198b5b428674bdaddf038,2017-09-25T14:55:09.000Z,0.61,0x78b0e4933f5b7d90102367e28efcde256998411e,buy,0x949bed886c739f1a3273629b3320db0c5024c719,0x568b5944396cf370f7588fa65cfb07655abd7268d3b9940ea0101cc15b69446f
271,10,0.014,0x1d50ae2082d0d0e29f01830347aed93d3b34cfe9,2017-09-25T13:00:12.000Z,0.0014,0x78b0e4933f5b7d90102367e28efcde256998411e,buy,0x949bed886c739f1a3273629b3320db0c5024c719,0x10d5ce1f21edd2351ec8c82b32ab7f06681c3ddcb62710cdcc8f1649137f1220
272,0.01,0.01,0xf1e65cd0b31fcb8713ac1902002b262d57c9da33,2017-09-25T02:12:35.000Z,1,0x57b00c981363c67b11e07eaa71364bf20e8025fe,sell,0x949bed886c739f1a3273629b3320db0c5024c719,0x641f4d4d7bbef51a0fbaee1ad819afd2d21157ebd543ac605f57368a0c46411a
273,0.019,0.010241,0xf1e65cd0b31fcb8713ac1902002b262d57c9da33,2017-09-25T01:46:28.000Z,0.539,0x57b00c981363c67b11e07eaa71364bf20e8025fe,buy,0x949bed886c739f1a3273629b3320db0c5024c719,0x20eee3410994eb57e168b8fc3da599319f43e5dc4e71bb7c79dc88ff151c07ba
274,0.01,0.02,0x57b00c981363c67b11e07eaa71364bf20e8025fe,2017-09-23T22:45:51.000Z,2,0xf1e65cd0b31fcb8713ac1902002b262d57c9da33,sell,0x949bed886c739f1a3273629b3320db0c5024c719,0x35022ea7fb9d262ba4d6b1e5cb074aaed860cde471e9207cec4506c75a49be73
275,0.002,0.0000001778,0x402172294d9380bb10e8b8be5c6faee5ba75a520,2017-09-23T22:36:31.000Z,0.0000889,0xa54ffa43d11698bc300d924781518b71dd10f0a8,buy,0x949bed886c739f1a3273629b3320db0c5024c719,0x09eaf2e081df68d6a08d84581fd960b2a5f5c009c88a54e173f4636c187efcba
276,0.005,0.0000004445,0x402172294d9380bb10e8b8be5c6faee5ba75a520,2017-09-23T22:36:31.000Z,0.0000889,0xa54ffa43d11698bc300d924781518b71dd10f0a8,buy,0x949bed886c739f1a3273629b3320db0c5024c719,0x67bbecf2425918692f612ab6a1f1c77abb8b7da10a2adb56cfb5347e53645ea2
277,0.002791346,0.000000003184925786,0xd960ae5f5294d1c06af036e78bcd9dca1e7840b8,2017-09-23T22:31:18.000Z,0.000001141,0x402172294d9380bb10e8b8be5c6faee5ba75a520,sell,0x949bed886c739f1a3273629b3320db0c5024c719,0x28ff48e81681082f877469139130f5e39824fb243dbe608abaaa083c055db892
278,0.002,0.000000177796,0x402172294d9380bb10e8b8be5c6faee5ba75a520,2017-09-23T22:18:42.000Z,0.000088898,0x8b182a4526944fa498970732a69a95d281c3c8a9,buy,0x949bed886c739f1a3273629b3320db0c5024c719,0xfe3e8c8311c5595a24fce0063bb0ae3b9c3739347c3c8ff83c13dbc25a2f8e98
279,0.0008,0.0000000711184,0x402172294d9380bb10e8b8be5c6faee5ba75a520,2017-09-23T22:18:42.000Z,0.000088898,0x8b182a4526944fa498970732a69a95d281c3c8a9,buy,0x949bed886c739f1a3273629b3320db0c5024c719,0xa41fffea07c8d19053999ea42f1416e35329895527ed64f247b2f65872cf619b
280,0.01,0.02,0xf1e65cd0b31fcb8713ac1902002b262d57c9da33,2017-09-22T17:28:25.000Z,2,0x57b00c981363c67b11e07eaa71364bf20e8025fe,sell,0x949bed886c739f1a3273629b3320db0c5024c719,0x8187abec22d1e64cc1e23c30bf002de909f849557fcdb7e903c708d9df9ce7ea
281,0.01,0.01,0x57b00c981363c67b11e07eaa71364bf20e8025fe,2017-09-22T10:24:22.000Z,1,0xf1e65cd0b31fcb8713ac1902002b262d57c9da33,sell,0x949bed886c739f1a3273629b3320db0c5024c719,0x99c848f5361d5510dbe66d85001424327aeb2737b4780456ffc92d2570bb44cd
282,0.002,0.001208,0x57b00c981363c67b11e07eaa71364bf20e8025fe,2017-09-22T01:40:24.000Z,0.604,0xf1e65cd0b31fcb8713ac1902002b262d57c9da33,buy,0x949bed886c739f1a3273629b3320db0c5024c719,0x616c2e423ad6db049bdd5b8d388fbd5b1c7af9162b76b36fc1bc0b3a0fdf033c
283,0.019,0.010241,0xf1e65cd0b31fcb8713ac1902002b262d57c9da33,2017-09-22T01:25:50.000Z,0.539,0x57b00c981363c67b11e07eaa71364bf20e8025fe,buy,0x949bed886c739f1a3273629b3320db0c5024c719,0x6b374bbfd271a8eaace5f24865ce366817b2f5377fdebe34417f734d4835e094
284,153.846,0.00999999,0xd960ae5f5294d1c06af036e78bcd9dca1e7840b8,2017-09-22T00:49:01.000Z,0.000065,0xe914acd0bebdbd81e5232dc93939747ed4bbea31,buy,0x949bed886c739f1a3273629b3320db0c5024c719,0xa790f3932adb5dd77d99cb9932e702067965740028a5eff64c44c2cdde8a2f75
285,101.193640955,0.000388077613062425,0x1b22225e67bf89f0155ba00cb6a345b2962e501d,2017-09-22T00:44:22.000Z,0.000003835,0xd960ae5f5294d1c06af036e78bcd9dca1e7840b8,sell,0x949bed886c739f1a3273629b3320db0c5024c719,0xb62cda8513baeab06a985c6ef55d7a176639bc3347ba90af62fb05ef4a20f689
286,20,0.0000767,0x1b22225e67bf89f0155ba00cb6a345b2962e501d,2017-09-22T00:36:02.000Z,0.000003835,0xd960ae5f5294d1c06af036e78bcd9dca1e7840b8,sell,0x949bed886c739f1a3273629b3320db0c5024c719,0x00fa073181a19dbda2d382b9d29ef8de467986c50ff38894a19e4636b080b5ba
287,0.002,0.001078,0xf1e65cd0b31fcb8713ac1902002b262d57c9da33,2017-09-21T23:58:02.000Z,0.539,0x57b00c981363c67b11e07eaa71364bf20e8025fe,buy,0x949bed886c739f1a3273629b3320db0c5024c719,0x45ed60036cb9d24e29aec9bbfb0507236f50e9317db7070040c97db6387b8f63
288,100,0.0065,0x680ea6597186219e9abfa407e1293d0635966847,2017-09-21T19:49:04.000Z,0.000065,0xe914acd0bebdbd81e5232dc93939747ed4bbea31,buy,0x949bed886c739f1a3273629b3320db0c5024c719,0xdd21a99352af1f8cf3db0b16be0cd4771103f5be0a117b3c5af5ee7f5c4f4cec
289,0.186464074,0.026477898514604727,0xfa7b23e88eb10c3026e5886349ba179bc5cc0f43,2017-09-20T21:48:53.000Z,0.1420000000354209,0x414bd00f5753ed57b2fd696ac5ba6a995df38602,buy,0x949bed886c739f1a3273629b3320db0c5024c719,0x98a0165abfd29124ef9ad04f1d50af28ca44601c513d494be9c160835d1aa6ce
290,0.1,0.01667,0xfa7b23e88eb10c3026e5886349ba179bc5cc0f43,2017-09-20T21:44:45.000Z,0.1667,0x8844bc6b1ee887913ca6385246a9b393ccb13d39,buy,0x949bed886c739f1a3273629b3320db0c5024c719,0x184175384a76d17023e1b79babaff5e0d4f3fe090cbde22939fbb98e86d46872
291,0.1,0.01667,0xfa7b23e88eb10c3026e5886349ba179bc5cc0f43,2017-09-20T21:37:34.000Z,0.1667,0x8844bc6b1ee887913ca6385246a9b393ccb13d39,buy,0x949bed886c739f1a3273629b3320db0c5024c719,0xaab8d569b1669d515c3f17efe881ce223accbaeb1b92b6a577ff57468ad507bd
292,0.02,0.01,0x3d48587aa16d91a2e37198b5b428674bdaddf038,2017-09-20T16:52:18.000Z,0.5,0xe914acd0bebdbd81e5232dc93939747ed4bbea31,sell,0x949bed886c739f1a3273629b3320db0c5024c719,0xe86b723b2a2445b5da4f114c0eea9dfabce5f34922ee110958bdc07a940355e0
293,0.018,0.010962,0x3d48587aa16d91a2e37198b5b428674bdaddf038,2017-09-20T15:01:07.000Z,0.609,0xf1e65cd0b31fcb8713ac1902002b262d57c9da33,buy,0x949bed886c739f1a3273629b3320db0c5024c719,0xde8b15d407342b5bfcb8e7e36b31294d274289f090ca93a9e183c6ddabd52e07
294,0.01,0.0112034,0xf1e65cd0b31fcb8713ac1902002b262d57c9da33,2017-09-20T14:33:49.000Z,1.12034,0x57b00c981363c67b11e07eaa71364bf20e8025fe,sell,0x949bed886c739f1a3273629b3320db0c5024c719,0x6d24350eea2bd055342d2387dc01d7e0c5d8bd55c6a1f9b22d16fba66d9ba658
295,0.003163824,0.000528358611304954,0x3d48587aa16d91a2e37198b5b428674bdaddf038,2017-09-20T14:31:06.000Z,0.1670000010446074,0x8844bc6b1ee887913ca6385246a9b393ccb13d39,buy,0x949bed886c739f1a3273629b3320db0c5024c719,0xe9ff52c0a7d5aa1114d832a75b07bf5bfdae6addc92f10e466cc57b809ff7b52
296,4295,0.0193275,0xe914acd0bebdbd81e5232dc93939747ed4bbea31,2017-09-20T14:22:24.000Z,0.0000045,0x3d48587aa16d91a2e37198b5b428674bdaddf038,sell,0x949bed886c739f1a3273629b3320db0c5024c719,0xc411bded93ad88b2f85229af157de9af4902b626c3d0e19c93f82682956bf338
297,0.002,0.00122,0x3d48587aa16d91a2e37198b5b428674bdaddf038,2017-09-20T14:21:08.000Z,0.61,0x78b0e4933f5b7d90102367e28efcde256998411e,buy,0x949bed886c739f1a3273629b3320db0c5024c719,0x4f778032f080cbde197a8da27d84c800b07f325f6811f6f4c09b04ec8c549fda
298,3520,0.01350624,0x035392de57aa4fe343d86494103dbe1b068a56c6,2017-09-20T14:19:34.000Z,0.000003837,0x3d48587aa16d91a2e37198b5b428674bdaddf038,sell,0x949bed886c739f1a3273629b3320db0c5024c719,0xdde67fcfa1876332ff411cd2185f390b46715214f0c3b370409d08a9a64e0a71
299,4870,0.020454,0x8844bc6b1ee887913ca6385246a9b393ccb13d39,2017-09-20T12:23:12.000Z,0.0000042,0x3b4fad5764aca94b903e660045802cb85326fcff,sell,0x949bed886c739f1a3273629b3320db0c5024c719,0xee64cabedf6b9fa7800c039afbfdd2d787eb07fdaa1c14e1b0bcc6d73c435db0
300,5,0.04,0x46ae54ea02cd64ac95257d0513fe0933f3a8ce65,2017-09-20T08:44:17.000Z,0.008,0x004b0024a719d4ab8f0266ead0cecab30c41f798,sell,0x949bed886c739f1a3273629b3320db0c5024c719,0x4d078822a22e24be1f57a4cac12923371f169545289c6aff24b2179ce0bc7b75
301,529.412,0.04500002,0x654fb288a6e33ea434037f0fe2bb996ce349c9fa,2017-09-20T07:32:25.000Z,0.000085,0xa3d559a26e0252266d4d43231d7c29707c76d8b0,buy,0x949bed886c739f1a3273629b3320db0c5024c719,0xd9e5f931bf8ccff693b733ddeec1a5155189bb873c0f0eb2c725d624a34a5c20
302,0.101723623,0.000008646508018741,0x654fb288a6e33ea434037f0fe2bb996ce349c9fa,2017-09-20T07:22:20.000Z,0.00008500000062660961,0xa3d559a26e0252266d4d43231d7c29707c76d8b0,buy,0x949bed886c739f1a3273629b3320db0c5024c719,0x84fae2380c32479d724987eb8124ad3a8a00bd8eaf523fee4cd29ab7fac40d14
303,5,0.0000225,0xe914acd0bebdbd81e5232dc93939747ed4bbea31,2017-09-20T03:46:33.000Z,0.0000045,0xe914acd0bebdbd81e5232dc93939747ed4bbea31,sell,0x949bed886c739f1a3273629b3320db0c5024c719,0xffd567b9c279e7d67c6a92661aa2eb76f4dff3a5a9ec700e6baaa07aa0a371e6
304,0.29,0.15614325,0x725b787d08eff7f0123fd489d1246f0a53469c14,2017-09-20T03:02:43.000Z,0.538425,0x8844bc6b1ee887913ca6385246a9b393ccb13d39,sell,0x949bed886c739f1a3273629b3320db0c5024c719,0xc0d21b40d06f2adb4369d8a1506ddc972127f52f35a8b04fb6dcba5dbc50acf7
305,0.006,0.00102,0x57b00c981363c67b11e07eaa71364bf20e8025fe,2017-09-20T01:51:24.000Z,0.17,0x8844bc6b1ee887913ca6385246a9b393ccb13d39,buy,0x949bed886c739f1a3273629b3320db0c5024c719,0x19d94c9f05b37952f010cd1d5e16766bb0092f3678c69609f39b86ddd306e3ce
306,0.000862066,0.000525860720552049,0xf1e65cd0b31fcb8713ac1902002b262d57c9da33,2017-09-19T23:29:50.000Z,0.6100005342422147,0x78b0e4933f5b7d90102367e28efcde256998411e,buy,0x949bed886c739f1a3273629b3320db0c5024c719,0x46a24a75c1577cdf7ecb02ea759fc697276704f39c2fe10a9f6afa9d315052ce
307,139.567341242,0.000139567341242,0xd960ae5f5294d1c06af036e78bcd9dca1e7840b8,2017-09-19T22:28:26.000Z,0.000001,0xe537f6b5091f05f648251d524553d426e613c289,sell,0x949bed886c739f1a3273629b3320db0c5024c719,0x8bd4a647b18811b330b354f810edf201739165ef504c0ef7fddd970ae2ed398a
308,0.002,0.0012198,0xf1e65cd0b31fcb8713ac1902002b262d57c9da33,2017-09-19T21:49:11.000Z,0.6099,0xb236b907580361fd4f87b759de68ca5c206644af,buy,0x949bed886c739f1a3273629b3320db0c5024c719,0xf586aee1346005570b01cbc7386003339c6e88c6535ae512e566154e691ce254
309,1811.229,0.117729885,0x1700ee184823584631bb00ada7b7afb3802fd081,2017-09-19T10:12:22.000Z,0.000065,0xe914acd0bebdbd81e5232dc93939747ed4bbea31,buy,0x949bed886c739f1a3273629b3320db0c5024c719,0x56089fdafe4bb4a677d6af8a979c4ffda2bc6178788ac2f8ab09ea6b4878ccf7
310,0.001425812,0.000869603239956135,0x57b00c981363c67b11e07eaa71364bf20e8025fe,2017-09-18T22:11:01.000Z,0.6099003514882292,0xb236b907580361fd4f87b759de68ca5c206644af,buy,0x949bed886c739f1a3273629b3320db0c5024c719,0x07a2034b8fd0ac381cb71e8b62e372e9c1bfc7fe20536c16bb7085a36387614b
311,0.009969096,0.0209351016,0xf1e65cd0b31fcb8713ac1902002b262d57c9da33,2017-09-18T21:50:21.000Z,2.1,0xb6dba64619f3a70bdd4ffde2e1f5281a0009f041,sell,0x949bed886c739f1a3273629b3320db0c5024c719,0x1f1208b0352cbb20ebcdd3bde4469a047f3e1dfab3f86c55f0ddf8f3ecb345a6
312,0.01,0.00000065,0xb6dba64619f3a70bdd4ffde2e1f5281a0009f041,2017-09-18T21:50:21.000Z,0.000065,0xe914acd0bebdbd81e5232dc93939747ed4bbea31,buy,0x949bed886c739f1a3273629b3320db0c5024c719,0x1f1208b0352cbb20ebcdd3bde4469a047f3e1dfab3f86c55f0ddf8f3ecb345a6
313,0.01,0.01053716981,0x57b00c981363c67b11e07eaa71364bf20e8025fe,2017-09-18T10:57:14.000Z,1.053716981,0xf1e65cd0b31fcb8713ac1902002b262d57c9da33,sell,0x949bed886c739f1a3273629b3320db0c5024c719,0x85a19a358c97fe5b0c3879c3d4caa994ab94d955618408fde0a9e0b02c53d629
314,0.01,0.01109321671,0xf1e65cd0b31fcb8713ac1902002b262d57c9da33,2017-09-17T21:51:25.000Z,1.109321671,0x57b00c981363c67b11e07eaa71364bf20e8025fe,sell,0x949bed886c739f1a3273629b3320db0c5024c719,0x5202ad18d2edf6b35e3e764089c9df7eb39630d1d67833797bac49d2259db79d
315,0.005,0.001,0xf1e65cd0b31fcb8713ac1902002b262d57c9da33,2017-09-17T20:17:24.000Z,0.2,0x8844bc6b1ee887913ca6385246a9b393ccb13d39,buy,0x949bed886c739f1a3273629b3320db0c5024c719,0xfb1c90c0cf563aba01e81858006f3ad41429d37da2cec6fe100d6c18ca366b50
316,0.006,0.00101994,0xf1e65cd0b31fcb8713ac1902002b262d57c9da33,2017-09-17T20:16:38.000Z,0.16999,0x57b00c981363c67b11e07eaa71364bf20e8025fe,buy,0x949bed886c739f1a3273629b3320db0c5024c719,0x484d15e0837c53f52658f33e5fdbd58ec79ccf2636ad3873db2a0e67b673bed3
317,355.303643794,0.0177651821897,0x414bd00f5753ed57b2fd696ac5ba6a995df38602,2017-09-17T19:26:44.000Z,0.00005,0x3b4fad5764aca94b903e660045802cb85326fcff,buy,0x949bed886c739f1a3273629b3320db0c5024c719,0x932d6d899f1f74e4323fc04b19e2c8a3f5f876055157b950ebd60798d42789b7
318,0.01,0.011,0xf1e65cd0b31fcb8713ac1902002b262d57c9da33,2017-09-17T19:20:58.000Z,1.1,0x57b00c981363c67b11e07eaa71364bf20e8025fe,sell,0x949bed886c739f1a3273629b3320db0c5024c719,0x5ff38b58484a0a4096a652ea09e6f34c83d3543acc5fd14a3b145c720d663787
319,0.016,0.0097584,0x57b00c981363c67b11e07eaa71364bf20e8025fe,2017-09-17T19:17:24.000Z,0.6099,0xf1e65cd0b31fcb8713ac1902002b262d57c9da33,buy,0x949bed886c739f1a3273629b3320db0c5024c719,0x0828dce5046f0ce67262a2333a4d27c8592ce3f6eaad174552beabe03de36de2
320,0.064,0.01088,0x57b00c981363c67b11e07eaa71364bf20e8025fe,2017-09-17T18:16:30.000Z,0.17,0xf1e65cd0b31fcb8713ac1902002b262d57c9da33,buy,0x949bed886c739f1a3273629b3320db0c5024c719,0xc8035ad80cb42296850ffdd970084b47a2f466f257c42a97d113ebed082f36ca
321,0.01,0.01,0xf1e65cd0b31fcb8713ac1902002b262d57c9da33,2017-09-17T12:55:29.000Z,1,0x57b00c981363c67b11e07eaa71364bf20e8025fe,sell,0x949bed886c739f1a3273629b3320db0c5024c719,0xb6f7dc1e76237faa8d5d462d279c1a7585f8f24b2c593072053eed8937624cb6
322,0.06,0.0101994,0xf1e65cd0b31fcb8713ac1902002b262d57c9da33,2017-09-17T12:44:10.000Z,0.16999,0x57b00c981363c67b11e07eaa71364bf20e8025fe,buy,0x949bed886c739f1a3273629b3320db0c5024c719,0x72513ab8d6c8e90ceb32ee4fd441d12d6325c291d2f9f735c1f7403f657f5381
323,0.006,0.00102,0x57b00c981363c67b11e07eaa71364bf20e8025fe,2017-09-17T12:32:16.000Z,0.17,0xf1e65cd0b31fcb8713ac1902002b262d57c9da33,buy,0x949bed886c739f1a3273629b3320db0c5024c719,0xe32996cbb4bdb1a99a92be7508c6eb7b458554dbfe00f183085a4c8653f4d5b1
324,0.002,0.00122,0x57b00c981363c67b11e07eaa71364bf20e8025fe,2017-09-17T12:13:52.000Z,0.61,0x78b0e4933f5b7d90102367e28efcde256998411e,buy,0x949bed886c739f1a3273629b3320db0c5024c719,0x026cd5cd677d6962cd809f419d402d3cf3357a4a6316e56b70c20aff62fe835e
325,0.002,0.0012198,0x57b00c981363c67b11e07eaa71364bf20e8025fe,2017-09-17T12:07:09.000Z,0.6099,0xf1e65cd0b31fcb8713ac1902002b262d57c9da33,buy,0x949bed886c739f1a3273629b3320db0c5024c719,0x79fcafc1da42ff2358d0e75e60af0f40fb8a84c72b478eb1f122456932b6dde1
326,0.006,0.00102,0x57b00c981363c67b11e07eaa71364bf20e8025fe,2017-09-17T11:45:54.000Z,0.17,0x8844bc6b1ee887913ca6385246a9b393ccb13d39,buy,0x949bed886c739f1a3273629b3320db0c5024c719,0x2e10613a23f5061a29de447edfffa05a38f5c82226d686cd555fed9d353e424c
327,0.018,0.010818,0x57b00c981363c67b11e07eaa71364bf20e8025fe,2017-09-17T11:43:48.000Z,0.601,0xf1e65cd0b31fcb8713ac1902002b262d57c9da33,buy,0x949bed886c739f1a3273629b3320db0c5024c719,0x7e7822125d70e7fd0c0989ac005540efed7d12e4a0a6d154f008908a75ba9c34
328,0.018,0.010962,0x57b00c981363c67b11e07eaa71364bf20e8025fe,2017-09-17T11:38:13.000Z,0.609,0xf1e65cd0b31fcb8713ac1902002b262d57c9da33,buy,0x949bed886c739f1a3273629b3320db0c5024c719,0xd247520b2f8a59487890f5601a7e199267a8aad365741e7e6e2aef0b2cb2975f
329,0.002,0.001078,0xf1e65cd0b31fcb8713ac1902002b262d57c9da33,2017-09-17T11:30:05.000Z,0.539,0x57b00c981363c67b11e07eaa71364bf20e8025fe,buy,0x949bed886c739f1a3273629b3320db0c5024c719,0xacedc1477ede6d732fd99cf6378c01752147abd6a9d74dc4d6a5530ad75a3bd5
330,0.011,0.010002538381,0xf1e65cd0b31fcb8713ac1902002b262d57c9da33,2017-09-17T02:37:42.000Z,0.909321671,0x8b182a4526944fa498970732a69a95d281c3c8a9,sell,0x949bed886c739f1a3273629b3320db0c5024c719,0x1a9b2f82d85856a7f16d235aefbf56c159a7e03fb73453e14cef5ee9915a6e44
331,0.018,0.010998,0x57b00c981363c67b11e07eaa71364bf20e8025fe,2017-09-17T02:34:04.000Z,0.611,0xf1e65cd0b31fcb8713ac1902002b262d57c9da33,sell,0x949bed886c739f1a3273629b3320db0c5024c719,0xf11b64bcd6ffcda34c278967373635fd5ff6b49f3c66d64fd0c99f603eb4f187
332,0.01,0.01209321671,0xf1e65cd0b31fcb8713ac1902002b262d57c9da33,2017-09-17T01:42:39.000Z,1.209321671,0x49e5624fd79374073fc483d165ef00cce702b2c6,sell,0x949bed886c739f1a3273629b3320db0c5024c719,0xbe92cfff87a2d856a77ad8f742d574c6745e184bf2a708bd59b4aa8b749dd603
333,3000,0.011454,0x8b182a4526944fa498970732a69a95d281c3c8a9,2017-09-17T01:42:33.000Z,0.000003818,0x78b0e4933f5b7d90102367e28efcde256998411e,sell,0x949bed886c739f1a3273629b3320db0c5024c719,0xae23bbe03edd40b087103e909ee760a4e2a8afdbbad0f2e860f8c73d1b8251ab
334,0.01,0.01109321671,0xf1e65cd0b31fcb8713ac1902002b262d57c9da33,2017-09-17T01:23:34.000Z,1.109321671,0x57b00c981363c67b11e07eaa71364bf20e8025fe,sell,0x949bed886c739f1a3273629b3320db0c5024c719,0x081402bd7f6ddd1f359299fe7653542db0a70391ab9de36f69531139b949c112
335,0.011,0.0099,0xf1e65cd0b31fcb8713ac1902002b262d57c9da33,2017-09-17T01:08:02.000Z,0.9,0x57b00c981363c67b11e07eaa71364bf20e8025fe,sell,0x949bed886c739f1a3273629b3320db0c5024c719,0x77fa936e1e11ea1226f38b83ab921ff439ff118afa535a34590844449510e261
336,0.016977389,0.010186433245470038,0x57b00c981363c67b11e07eaa71364bf20e8025fe,2017-09-16T22:45:14.000Z,0.5999999908978959,0xf1e65cd0b31fcb8713ac1902002b262d57c9da33,buy,0x949bed886c739f1a3273629b3320db0c5024c719,0x57c85b4527dfd3b101398b9f22b561b570aab37641d2765fe9fc4850b500a052
337,0.019,0.010241,0xf1e65cd0b31fcb8713ac1902002b262d57c9da33,2017-09-16T22:39:12.000Z,0.539,0x57b00c981363c67b11e07eaa71364bf20e8025fe,buy,0x949bed886c739f1a3273629b3320db0c5024c719,0xd1d49e64fc1024a1e82e623ebf684018e56e7274f245d2bdb4a6553b701c6f07
338,30,0.002667,0x49e5624fd79374073fc483d165ef00cce702b2c6,2017-09-16T14:45:02.000Z,0.0000889,0xa54ffa43d11698bc300d924781518b71dd10f0a8,buy,0x949bed886c739f1a3273629b3320db0c5024c719,0x3550f77eb4c798f2b1c3bacfba09709d7dddc319e6b3fc60f8c5202c988109bf
339,0.00002261,0.000013566584529962,0x57b00c981363c67b11e07eaa71364bf20e8025fe,2017-09-16T14:21:09.000Z,0.6000258527183547,0xf1e65cd0b31fcb8713ac1902002b262d57c9da33,buy,0x949bed886c739f1a3273629b3320db0c5024c719,0xc77aed41cad35bf3988cef8ce7f388ca72b9f9f2830b1de7de0f18ca6f54ed50
340,0.002,0.0012,0x57b00c981363c67b11e07eaa71364bf20e8025fe,2017-09-15T04:23:04.000Z,0.6,0x78b0e4933f5b7d90102367e28efcde256998411e,buy,0x949bed886c739f1a3273629b3320db0c5024c719,0x1cd657c213b199c361f90939be7ed3f552c7db9a5cec44b22b53cb0f1c069469
341,0.017,0.010199999847,0x57b00c981363c67b11e07eaa71364bf20e8025fe,2017-09-15T00:55:39.000Z,0.599999991,0xf1e65cd0b31fcb8713ac1902002b262d57c9da33,buy,0x949bed886c739f1a3273629b3320db0c5024c719,0x5bc24704d2e6b3d8f311f4bc889f6c857a96130de92d31e06ffad27c4ec2e25f
342,0.00001323,0.000000003704458218,0xae39b50d34f916506a0a8e85dddbaac142b1e6ad,2017-09-14T05:52:56.000Z,0.00028000440045351473,0xa3d559a26e0252266d4d43231d7c29707c76d8b0,buy,0x949bed886c739f1a3273629b3320db0c5024c719,0x25971316e700c089b7a11c144863a1e60bb0cc9ad6c9b8c555f59f662db55e74
343,0.132712215,0.000037159420378332,0xae39b50d34f916506a0a8e85dddbaac142b1e6ad,2017-09-14T05:49:34.000Z,0.0002800000013437497,0xa3d559a26e0252266d4d43231d7c29707c76d8b0,buy,0x949bed886c739f1a3273629b3320db0c5024c719,0x9a085b6d26d08f2b65f83a390285135f39212cb2751590c8ad8f7cd393f84a99
344,1694.300662795,0.3727461458150376,0xae39b50d34f916506a0a8e85dddbaac142b1e6ad,2017-09-14T05:41:46.000Z,0.0002200000000000812,0xa3d559a26e0252266d4d43231d7c29707c76d8b0,buy,0x949bed886c739f1a3273629b3320db0c5024c719,0x56cbc5c2d81ffe14f85260bdd9c5dfa2a4b7e761b20396927627156cf6ffab73
345,1237.271596539,0.12372715965397386,0xae39b50d34f916506a0a8e85dddbaac142b1e6ad,2017-09-14T05:38:40.000Z,0.0001000000000000597,0x1b22225e67bf89f0155ba00cb6a345b2962e501d,buy,0x949bed886c739f1a3273629b3320db0c5024c719,0x744eb2024584d889d8f1fea75801eff082a0ecf7f42205b46ba142bacbd983dc
346,0.000000001,0.000000000000174644,0xf0febbb8627c488ab99a12d3895e38d5361e58d9,2017-09-14T05:20:39.000Z,0.000174644,0x43764357c8aeb633adc6433e85e331d0b913fe79,buy,0x949bed886c739f1a3273629b3320db0c5024c719,0x6d8f716cc66015892fc6de387344bc20a922cbc064cbb67ac394c9ce15dab8ca
347,0.000017518,0.00000000175185008,0xf0febbb8627c488ab99a12d3895e38d5361e58d9,2017-09-14T05:17:54.000Z,0.00010000285877383261,0x1b22225e67bf89f0155ba00cb6a345b2962e501d,buy,0x949bed886c739f1a3273629b3320db0c5024c719,0xc3857b25188434b4b8c4412f2f9b954b310c79aab93de465e9bfda7c26315643
348,0.175728081,0.00001757280815414,0xf0febbb8627c488ab99a12d3895e38d5361e58d9,2017-09-14T05:05:36.000Z,0.00010000000030808963,0xdbb13df9c7435fb2f7d0b32685d25fafcad09ae7,buy,0x949bed886c739f1a3273629b3320db0c5024c719,0x1a7a102b3e7b7becbe55616917dda99e9d70bf2e24e3ed9765131b59e9af473d
349,1762.728385941,0.17627283859417606,0xf0febbb8627c488ab99a12d3895e38d5361e58d9,2017-09-14T04:20:22.000Z,0.00010000000000004314,0x1b22225e67bf89f0155ba00cb6a345b2962e501d,buy,0x949bed886c739f1a3273629b3320db0c5024c719,0xca2aa355d7d0e8f051ecb37b1b8e5a8818ee78150661dba2397c55c77d912721
350,10159.142,0.81273136,0xf0febbb8627c488ab99a12d3895e38d5361e58d9,2017-09-14T04:18:25.000Z,0.00008,0x153685a03c2025b6825ae164e2ff5681ee487667,buy,0x949bed886c739f1a3273629b3320db0c5024c719,0x328390727cfad81b2625372e0173ad762471c3bd0fbfde594d175871e7b02fb1
351,100,0.00798889,0xf0febbb8627c488ab99a12d3895e38d5361e58d9,2017-09-14T03:52:13.000Z,0.0000798889,0x8b182a4526944fa498970732a69a95d281c3c8a9,buy,0x949bed886c739f1a3273629b3320db0c5024c719,0x7c0a0999e56851c76bb4dfca4461a166cbb107d49a9776a68f8b3a2f60f5ff18
352,211.892977249,0.016951438179963318,0xf0febbb8627c488ab99a12d3895e38d5361e58d9,2017-09-14T00:22:49.000Z,0.00008000000000020443,0x153685a03c2025b6825ae164e2ff5681ee487667,buy,0x949bed886c739f1a3273629b3320db0c5024c719,0xcd40a119222a11b6df56b9bac9038f79a1bf372170f87667eb5229041968088d
353,498.45479015,0.03987638321204267,0xf0febbb8627c488ab99a12d3895e38d5361e58d9,2017-09-14T00:08:23.000Z,0.00008000000000008559,0x153685a03c2025b6825ae164e2ff5681ee487667,buy,0x949bed886c739f1a3273629b3320db0c5024c719,0x69d2fc2d24e6622284bd49b4e48402ceaed4a9a27d60355daf9a4254ea5c81f1
354,0.01,0.01,0xf1e65cd0b31fcb8713ac1902002b262d57c9da33,2017-09-13T21:48:37.000Z,1,0x57b00c981363c67b11e07eaa71364bf20e8025fe,sell,0x949bed886c739f1a3273629b3320db0c5024c719,0x7b568cde5f2c090edc29090851a9a21ce3c55d30a2ceefdf867384a041c4e1ae
355,0.017,0.0102,0x57b00c981363c67b11e07eaa71364bf20e8025fe,2017-09-13T18:59:18.000Z,0.6,0xf1e65cd0b31fcb8713ac1902002b262d57c9da33,buy,0x949bed886c739f1a3273629b3320db0c5024c719,0xcdeb68915080275e2e02f1f5697f82263062b1c1b0fb4dc2e37957e6808b9fb3
356,0.002666674,0.001437337408004471,0xf1e65cd0b31fcb8713ac1902002b262d57c9da33,2017-09-13T18:58:21.000Z,0.5390000457515508,0x57b00c981363c67b11e07eaa71364bf20e8025fe,buy,0x949bed886c739f1a3273629b3320db0c5024c719,0x3a06464a16da42c26039d3a067a1be5bdb4a8ae7400062486b2169eadcd1fb4a
357,0.019,0.010241,0xf1e65cd0b31fcb8713ac1902002b262d57c9da33,2017-09-13T18:56:34.000Z,0.539,0x57b00c981363c67b11e07eaa71364bf20e8025fe,buy,0x949bed886c739f1a3273629b3320db0c5024c719,0xdfc9b90e61ac78240e183253b249a1d1c9d91a06070f29967a4656eb6eeba443
358,12.5,0.001,0xf1e65cd0b31fcb8713ac1902002b262d57c9da33,2017-09-13T18:45:41.000Z,0.00008,0x153685a03c2025b6825ae164e2ff5681ee487667,buy,0x949bed886c739f1a3273629b3320db0c5024c719,0x59afb7589f7cf1cb05a3b21d6f4ed8c0276b0d791b3c5d8b01029f8d4cf9f573
359,0.001184657,0.000710794785332116,0x57b00c981363c67b11e07eaa71364bf20e8025fe,2017-09-13T05:33:03.000Z,0.600000494094169,0xa3d559a26e0252266d4d43231d7c29707c76d8b0,buy,0x949bed886c739f1a3273629b3320db0c5024c719,0x6523236b18c96cf7ee2319d6b86852131099a5b33f69c02cb6d897bc3af8abab
360,0.009969096,0.02511125560536,0x57b00c981363c67b11e07eaa71364bf20e8025fe,2017-09-13T05:27:13.000Z,2.51891,0xb6dba64619f3a70bdd4ffde2e1f5281a0009f041,sell,0x949bed886c739f1a3273629b3320db0c5024c719,0x6cfb51e0e9f6b78c137eea6aa32bab811044d0afd511242aa538ddc299aef464
361,0.01,0.0000008,0xb6dba64619f3a70bdd4ffde2e1f5281a0009f041,2017-09-13T05:27:13.000Z,0.00008,0x153685a03c2025b6825ae164e2ff5681ee487667,buy,0x949bed886c739f1a3273629b3320db0c5024c719,0x6cfb51e0e9f6b78c137eea6aa32bab811044d0afd511242aa538ddc299aef464
362,0.00000018,0.0000004534038,0x57b00c981363c67b11e07eaa71364bf20e8025fe,2017-09-13T03:54:42.000Z,2.51891,0xf1e65cd0b31fcb8713ac1902002b262d57c9da33,sell,0x949bed886c739f1a3273629b3320db0c5024c719,0x8f26e007fba83909c5895a94a731163d720b118af612d2188572da7b6f2df3bd
363,0.001797933,0.00555586468062,0x57b00c981363c67b11e07eaa71364bf20e8025fe,2017-09-13T02:21:12.000Z,3.09014,0xf1e65cd0b31fcb8713ac1902002b262d57c9da33,sell,0x949bed886c739f1a3273629b3320db0c5024c719,0xdb634d2dce6ee2e2547d0615901dd3019565bc277913fd7a02762f7b88e4732b
364,18.03505365,0.00001870235063505,0x8b182a4526944fa498970732a69a95d281c3c8a9,2017-09-13T02:20:27.000Z,0.000001037,0xf1e65cd0b31fcb8713ac1902002b262d57c9da33,sell,0x949bed886c739f1a3273629b3320db0c5024c719,0xc580e5c1da4609d3e9adb91c234b3d89edca36a6b5103fe8cfdca411aa9d4d73
365,0.01,0.02011932167,0xf1e65cd0b31fcb8713ac1902002b262d57c9da33,2017-09-12T21:41:42.000Z,2.011932167,0x57b00c981363c67b11e07eaa71364bf20e8025fe,sell,0x949bed886c739f1a3273629b3320db0c5024c719,0xbdd10082837bf8e0ed74bf83828094b473ad5f89f8c3f45f5d4cbc4b903a63b8
366,0.01,0.01109321671,0xf1e65cd0b31fcb8713ac1902002b262d57c9da33,2017-09-12T21:20:41.000Z,1.109321671,0x57b00c981363c67b11e07eaa71364bf20e8025fe,sell,0x949bed886c739f1a3273629b3320db0c5024c719,0xaac039cfc57b7d3c5098085df0cad4c3768a347ef1d505f66a7747f093172aa7
367,0.003,0.0018,0x57b00c981363c67b11e07eaa71364bf20e8025fe,2017-09-12T21:11:21.000Z,0.6,0xf1e65cd0b31fcb8713ac1902002b262d57c9da33,buy,0x949bed886c739f1a3273629b3320db0c5024c719,0x9feaa9a20ab74e53849642262d100ecc059ae0ef49e276e5922afd1698f83ee1
368,0.033,0.0198,0x57b00c981363c67b11e07eaa71364bf20e8025fe,2017-09-12T19:33:03.000Z,0.6,0xf1e65cd0b31fcb8713ac1902002b262d57c9da33,buy,0x949bed886c739f1a3273629b3320db0c5024c719,0x75bd9456445ba96a556ef114d4a671ec1943ca5c3883b5a78caeb95084973ef4
369,0.037,0.019943,0xf1e65cd0b31fcb8713ac1902002b262d57c9da33,2017-09-12T16:13:38.000Z,0.539,0x57b00c981363c67b11e07eaa71364bf20e8025fe,buy,0x949bed886c739f1a3273629b3320db0c5024c719,0x621b28bf7e9cb371e9c729805d9b33b2e197b0d488f5f36b392bc1ea128caa92
370,0.017,0.0102,0x57b00c981363c67b11e07eaa71364bf20e8025fe,2017-09-12T15:51:36.000Z,0.6,0xf1e65cd0b31fcb8713ac1902002b262d57c9da33,buy,0x949bed886c739f1a3273629b3320db0c5024c719,0x7559b74756873d7afc53797f38e91a2de3451b644433daf66c555488bf59b0af
371,0.002,0.001199999998,0x57b00c981363c67b11e07eaa71364bf20e8025fe,2017-09-12T15:41:29.000Z,0.599999999,0xf1e65cd0b31fcb8713ac1902002b262d57c9da33,buy,0x949bed886c739f1a3273629b3320db0c5024c719,0x088fb57d718d521e15d23296935607256e547e658cbf9b9015c9508630502555
372,2899.96,0.05790640128,0x1700ee184823584631bb00ada7b7afb3802fd081,2017-09-12T11:08:03.000Z,0.000019968,0x8b182a4526944fa498970732a69a95d281c3c8a9,buy,0x949bed886c739f1a3273629b3320db0c5024c719,0xd33f97d0092d27cbe892e79fff47c157f5225b9da7463b0d48865a94ec3bbea3
373,2119.97,0.039643439,0x1700ee184823584631bb00ada7b7afb3802fd081,2017-09-12T11:06:42.000Z,0.0000187,0xabb3613d01388a8d3c79b86fde98a50ae685b1c4,buy,0x949bed886c739f1a3273629b3320db0c5024c719,0x056d1b5e6fdb444d69e6bd91365598f23d3a60123f16e6ce3315679a5127b45d
374,0.017,0.010199999983,0x57b00c981363c67b11e07eaa71364bf20e8025fe,2017-09-12T06:02:46.000Z,0.599999999,0xf1e65cd0b31fcb8713ac1902002b262d57c9da33,buy,0x949bed886c739f1a3273629b3320db0c5024c719,0x909c5ed90d2b1e66a95f81a2ebf9e80cfeed8a75ab1c7479226346552b365ad6
375,0.01,0.0122034,0xf1e65cd0b31fcb8713ac1902002b262d57c9da33,2017-09-12T05:26:46.000Z,1.22034,0x57b00c981363c67b11e07eaa71364bf20e8025fe,sell,0x949bed886c739f1a3273629b3320db0c5024c719,0xc1aa425f0bc2f9f65532c166f5757ae7f60e2fb69f490086ea156dd20d885750
376,0.01,0.0112034,0xf1e65cd0b31fcb8713ac1902002b262d57c9da33,2017-09-12T05:00:51.000Z,1.12034,0x57b00c981363c67b11e07eaa71364bf20e8025fe,sell,0x949bed886c739f1a3273629b3320db0c5024c719,0x9db70957a351762ed069847e80b93d3cc5f890f57aa7c5c09691116e4e8a6003
377,50,0.000935,0x18622368e9838935264bb557663fbc0d16a02ab7,2017-09-12T05:00:19.000Z,0.0000187,0xabb3613d01388a8d3c79b86fde98a50ae685b1c4,buy,0x949bed886c739f1a3273629b3320db0c5024c719,0x046c5d0fec753b96bed34555333314b596318a026b96637c02d2d6b32c5d8c3d
378,0.017,0.010199999983,0x57b00c981363c67b11e07eaa71364bf20e8025fe,2017-09-12T04:37:13.000Z,0.599999999,0xf1e65cd0b31fcb8713ac1902002b262d57c9da33,buy,0x949bed886c739f1a3273629b3320db0c5024c719,0xbc6b4fee724d667a55867a2e0315025c111f9802279eccf7af71ce5f5885d666
379,0.002,0.0012,0xf1e65cd0b31fcb8713ac1902002b262d57c9da33,2017-09-12T04:04:56.000Z,0.6,0x78b0e4933f5b7d90102367e28efcde256998411e,buy,0x949bed886c739f1a3273629b3320db0c5024c719,0x3ee4fedc2b91cd2d8c1d5f33df58c4b270a0e48380d74f48fcd07a13e9580c0e
380,140,0.00294,0xe537f6b5091f05f648251d524553d426e613c289,2017-09-12T03:56:18.000Z,0.000021,0xe914acd0bebdbd81e5232dc93939747ed4bbea31,sell,0x949bed886c739f1a3273629b3320db0c5024c719,0xde56fc1a904d4cd259753c02c4be36b587a0fd043dd6d36c4f6fecad4c5fc0e4
381,0.01,0.0112034,0xf1e65cd0b31fcb8713ac1902002b262d57c9da33,2017-09-11T21:59:56.000Z,1.12034,0x57b00c981363c67b11e07eaa71364bf20e8025fe,sell,0x949bed886c739f1a3273629b3320db0c5024c719,0xad562f85b53c044587d53db378466aa3a1d755cc80369eab08aca949d3f76cab
382,0.033,0.019799999967,0x57b00c981363c67b11e07eaa71364bf20e8025fe,2017-09-11T21:50:27.000Z,0.599999999,0xf1e65cd0b31fcb8713ac1902002b262d57c9da33,buy,0x949bed886c739f1a3273629b3320db0c5024c719,0xe830497f604aa073065e57be55b8efa9855840d85dda0015d16f4185f864a506
383,0.037,0.019943,0xf1e65cd0b31fcb8713ac1902002b262d57c9da33,2017-09-11T21:47:59.000Z,0.539,0x57b00c981363c67b11e07eaa71364bf20e8025fe,buy,0x949bed886c739f1a3273629b3320db0c5024c719,0x14a06790476b4c96f2c998d5add915465a3795a4ff5e07858ad3af6c2aef8a49
384,0.006503344,0.003902006777041951,0x57b00c981363c67b11e07eaa71364bf20e8025fe,2017-09-11T21:39:38.000Z,0.6000000579766273,0xf1e65cd0b31fcb8713ac1902002b262d57c9da33,buy,0x949bed886c739f1a3273629b3320db0c5024c719,0xf5632bd49aec501c9bc74f7e5138b4086854b9feb86d649cb05a8d0c7925ec0b
385,0.002,0.001199999998,0x57b00c981363c67b11e07eaa71364bf20e8025fe,2017-09-11T20:53:38.000Z,0.599999999,0xf1e65cd0b31fcb8713ac1902002b262d57c9da33,buy,0x949bed886c739f1a3273629b3320db0c5024c719,0x5ec8722e9cd1fd72d75b249e2e50ab02132165d5680443c403d7708d5b802484
386,3000,0.0561,0x1b22225e67bf89f0155ba00cb6a345b2962e501d,2017-09-11T20:45:58.000Z,0.0000187,0xabb3613d01388a8d3c79b86fde98a50ae685b1c4,buy,0x949bed886c739f1a3273629b3320db0c5024c719,0x3f5ebba6fe40e2d2fb0174b456ded65cf93ecc480aae110b8890683352d2766f
