,amount,amountBase,buyer,date,price,seller,side,tokenAddr,txHash
0,5000,1,0x3d3657363f6141e5294fe183a43e2f983ec73ee9,2017-11-02T15:25:22.000Z,0.0002,0xe7f6019bc38ebc35c856e4c064c8f473311aa50d,buy,0xb17df9a3b09583a9bdcf757d6367171476d4d8a3,0xa97cda6d7d59f985eadd3838f080a91d9073ba2af0bec0d46c5589a45dfb6844
1,5000,1,0xc105951a31bbf0ea125d757a912da0c8ed9c404c,2017-11-02T12:41:23.000Z,0.0002,0xe7f6019bc38ebc35c856e4c064c8f473311aa50d,buy,0xb17df9a3b09583a9bdcf757d6367171476d4d8a3,0x0ba6ad21df66eed79a965e89bf0d20c25d690922678b58e0135e2af540f4b8ec
2,1004.3864021533246,0.20087728043066494,0xbe189c481cf61b61f3adb957e2a9c5a97cbf3f6e,2017-11-02T08:19:20.000Z,0.0002,0xe7f6019bc38ebc35c856e4c064c8f473311aa50d,buy,0xb17df9a3b09583a9bdcf757d6367171476d4d8a3,0x9c4aa4f16585c1e7bea84a3c804442ccc3f533e778effac67f3751dec0f4baa1
3,5020,1.004,0xd1ea3bf69911eadb47e469ebfb40670bd0e5868b,2017-11-02T03:14:50.000Z,0.0002,0xe7f6019bc38ebc35c856e4c064c8f473311aa50d,buy,0xb17df9a3b09583a9bdcf757d6367171476d4d8a3,0xfca9f3b8901323819741df90aafc5343244ec7105c1e350b094fae7e8c0d5dbe
4,4992.902085036387,0.9985804170072774,0xd1ea3bf69911eadb47e469ebfb40670bd0e5868b,2017-11-02T02:29:30.000Z,0.0002,0xe7f6019bc38ebc35c856e4c064c8f473311aa50d,buy,0xb17df9a3b09583a9bdcf757d6367171476d4d8a3,0xdd87cdc3d035852b111d1d12d5e32e6f993390e1ddb24d2981dc335aebf932c9
5,309.9550715327766,0.06199101430655533,0xbf916edbab704d9810a206afc2b71fba2503415f,2017-11-02T01:56:05.000Z,0.0002,0xe7f6019bc38ebc35c856e4c064c8f473311aa50d,buy,0xb17df9a3b09583a9bdcf757d6367171476d4d8a3,0xc81424716e95caef73b61d042683401d77b8d1f0a05e03bae45ec5a047794d58
6,10000,2,0x25cb0ecbc7f8b7844531df9d137dcb594080a311,2017-11-01T09:31:21.000Z,0.0002,0xe7f6019bc38ebc35c856e4c064c8f473311aa50d,buy,0xb17df9a3b09583a9bdcf757d6367171476d4d8a3,0x96411b97523248dbc1a1951646569328fa11ebea90d40d1fa0dcfc352cf8ce49
7,500,0.1,0x69bc96509a19ce70f5ddbbe2cdc736ca1fd615ee,2017-11-01T00:54:44.000Z,0.0002,0xe7f6019bc38ebc35c856e4c064c8f473311aa50d,buy,0xb17df9a3b09583a9bdcf757d6367171476d4d8a3,0x8635c6d60865b9be265915727b148c485853931e70bd492c4a839d1b06bce763
8,100000,20,0x464d876a94de8cbc957a81b15a5da34f2b66107a,2017-10-31T15:37:46.000Z,0.0002,0xe7f6019bc38ebc35c856e4c064c8f473311aa50d,sell,0xb17df9a3b09583a9bdcf757d6367171476d4d8a3,0x901587b89fedd5e964a0be9dd7b7b2284fb92d3774d4dc80e44c0e13dd45a81c
9,5000,1,0x4be2166a8dbe25e79a9b30b4ce26858e10d21e92,2017-10-31T14:51:44.000Z,0.0002,0xe7f6019bc38ebc35c856e4c064c8f473311aa50d,buy,0xb17df9a3b09583a9bdcf757d6367171476d4d8a3,0x75834040d9a663f7a698771640fef0100eca710a13697f02a35f0282c8d680bb
10,10000,2,0x25cb0ecbc7f8b7844531df9d137dcb594080a311,2017-10-31T14:49:34.000Z,0.0002,0xe7f6019bc38ebc35c856e4c064c8f473311aa50d,buy,0xb17df9a3b09583a9bdcf757d6367171476d4d8a3,0x69883719dad10747a60ead38c95f5e028d975c34d2a938702c0cf9f41c2a0581
11,22971.75606438191,4.594351212876382,0xf3d92557bdf92cff0b0b214476122ae9de2bcfaf,2017-10-31T07:32:51.000Z,0.0002,0xe7f6019bc38ebc35c856e4c064c8f473311aa50d,buy,0xb17df9a3b09583a9bdcf757d6367171476d4d8a3,0xab413ad338c7e3b9672169cbedbe994158013a30b33fa6f91451a7e7a6c90076
12,5000,1,0x25cb0ecbc7f8b7844531df9d137dcb594080a311,2017-10-31T06:30:09.000Z,0.0002,0xe7f6019bc38ebc35c856e4c064c8f473311aa50d,buy,0xb17df9a3b09583a9bdcf757d6367171476d4d8a3,0x27a333daf47a1b0bfe642e5dba6dfdfbe23271006a91b33d75b12623da14e90d
13,2.4925224327018,0.000486041874376851,0x36ca71653096170cf3f79497db15e7a82feb8798,2017-10-31T05:06:25.000Z,0.000195,0xe444a40689f51f63bcd29910622035707d533d29,sell,0xb17df9a3b09583a9bdcf757d6367171476d4d8a3,0x30dc30e19ed422d3e23f2df78e370ef0de7ec5ccde8b9a63e32eaecb8dbff8f0
14,4984.547901505333,0.9969095803010667,0xcbb119f802400f5d0fd7cebedd9a003dabb98568,2017-10-31T01:26:52.000Z,0.0002,0xe7f6019bc38ebc35c856e4c064c8f473311aa50d,buy,0xb17df9a3b09583a9bdcf757d6367171476d4d8a3,0xe3c523bd7875152622606c1cb9b3b330f900308673d7e91372497eeb11525c29
15,2500,0.5,0x25cb0ecbc7f8b7844531df9d137dcb594080a311,2017-10-30T20:34:55.000Z,0.0002,0xe7f6019bc38ebc35c856e4c064c8f473311aa50d,buy,0xb17df9a3b09583a9bdcf757d6367171476d4d8a3,0xc22dffc61e92ca682c8ac7ce1b7145cc02912be7c0d9061bed3b2962fe9f88b9
16,0.000000001340125,0.000000000000268025,0x00b812869c75bcaf129c51cb06f342f4668c468d,2017-10-30T15:25:57.000Z,0.0002,0xe7f6019bc38ebc35c856e4c064c8f473311aa50d,buy,0xb17df9a3b09583a9bdcf757d6367171476d4d8a3,0x29fecfe2ccf89c70180d921c9cec545ecd16c1346eb4084793d813ba51e9d136
17,0.000013442739885,0.000000002688547977,0x00b812869c75bcaf129c51cb06f342f4668c468d,2017-10-30T15:25:12.000Z,0.0002,0xe7f6019bc38ebc35c856e4c064c8f473311aa50d,buy,0xb17df9a3b09583a9bdcf757d6367171476d4d8a3,0x64c80e5df7fc00ce50fcdf6c64f2ebec4fd38d01b9e3d2a3a8afab6a20721765
18,0.13484412372985,0.00002696882474597,0x00b812869c75bcaf129c51cb06f342f4668c468d,2017-10-30T15:24:30.000Z,0.0002,0xe7f6019bc38ebc35c856e4c064c8f473311aa50d,buy,0xb17df9a3b09583a9bdcf757d6367171476d4d8a3,0xa9026e7d0bd3bdac46e26d5dca5a330059c68726ee679bc8ca2e9b5de0423268
19,1352.6214051340862,0.27052428102681725,0x00b812869c75bcaf129c51cb06f342f4668c468d,2017-10-30T15:23:31.000Z,0.0002,0xe7f6019bc38ebc35c856e4c064c8f473311aa50d,buy,0xb17df9a3b09583a9bdcf757d6367171476d4d8a3,0x0c8695c73a0ccca65e80a88eb78f3b25632054f62b3f68be5d373a94404d513e
20,5000,1,0x25cb0ecbc7f8b7844531df9d137dcb594080a311,2017-10-30T06:09:51.000Z,0.0002,0xe7f6019bc38ebc35c856e4c064c8f473311aa50d,buy,0xb17df9a3b09583a9bdcf757d6367171476d4d8a3,0xf2d4cdde6ba0a278607cb83161d14b8c3e53752a0cd9ed60f290ad103f012191
21,273,0.0546,0x00b812869c75bcaf129c51cb06f342f4668c468d,2017-10-30T05:55:57.000Z,0.0002,0xe7f6019bc38ebc35c856e4c064c8f473311aa50d,buy,0xb17df9a3b09583a9bdcf757d6367171476d4d8a3,0x65bbc87190930b529f3d025304f774126959658cb233e207143d98c12f503201
22,274,0.0548,0x00b812869c75bcaf129c51cb06f342f4668c468d,2017-10-30T05:54:55.000Z,0.0002,0xe7f6019bc38ebc35c856e4c064c8f473311aa50d,buy,0xb17df9a3b09583a9bdcf757d6367171476d4d8a3,0xedba4319dda433e88e871f9e3ed92f3f2062fd2278f3f77bc23994a820817a0f
23,456.8137357305143,0.09136274714610286,0xa1f381d09a61d13cf0c2741f24aef1084d08f98a,2017-10-30T04:19:25.000Z,0.0002,0xe7f6019bc38ebc35c856e4c064c8f473311aa50d,buy,0xb17df9a3b09583a9bdcf757d6367171476d4d8a3,0xcdb117f81933e1e97f50c6aed06d7174237af95d2981cc64eb6177d54c4833ed
24,5000,1,0xa1f381d09a61d13cf0c2741f24aef1084d08f98a,2017-10-30T04:01:50.000Z,0.0002,0xe7f6019bc38ebc35c856e4c064c8f473311aa50d,buy,0xb17df9a3b09583a9bdcf757d6367171476d4d8a3,0x5f6a7b2f8efc9ce85cf22235e2ca11efe73decfe31d1cd76b2e6689789f54238
25,2.2867178281667,0.000457572237416156,0x199faeb870f3ed8c96caf35eba6d43d10c3e2478,2017-10-30T02:48:26.000Z,0.0002000999999999997,0x16e5d97bbc92417e051e3b2cabfbf8ceea2acb9c,sell,0xb17df9a3b09583a9bdcf757d6367171476d4d8a3,0x1d351d7c3b624f4a3cd3231d1f1294389452844e5e6fc188d0264b09fac5ca52
26,2.2867178281667,0.000457572237416156,0x199faeb870f3ed8c96caf35eba6d43d10c3e2478,2017-10-30T02:47:01.000Z,0.0002000999999999997,0x379374d13077e8867ef31803c37baf9785a17c00,sell,0xb17df9a3b09583a9bdcf757d6367171476d4d8a3,0x2d046f4fe9f452c6684afd17e97f6d540a94fd0ebc6fd404a4c60935ad05af31
27,900,0.18,0x65fc005bbb7eb370f474a76c38e4435644504a77,2017-10-29T16:58:47.000Z,0.0002,0xe7f6019bc38ebc35c856e4c064c8f473311aa50d,buy,0xb17df9a3b09583a9bdcf757d6367171476d4d8a3,0xe58b8d839e37accd116748e75f1dd0555591b09d764ee070e4957f3775a4afe3
28,22635,4.527,0xee300431c25447134633cc5d94b93555b92f7952,2017-10-29T16:43:26.000Z,0.0002,0xe7f6019bc38ebc35c856e4c064c8f473311aa50d,buy,0xb17df9a3b09583a9bdcf757d6367171476d4d8a3,0x8cab2cdede11141877d2c3e00fad54f2e0ddfb25cae26ff47cd501f672e61311
29,9.97,0.002991,0x199faeb870f3ed8c96caf35eba6d43d10c3e2478,2017-10-29T13:25:29.000Z,0.0003,0x273a5d3e6721b9f5c1a6474f560c1334c63dda01,sell,0xb17df9a3b09583a9bdcf757d6367171476d4d8a3,0x2e1fd1d204bf16c84fd899e78557baade0ef5e3196f32f230273d2c559a06fd1
30,10,0.002,0x273a5d3e6721b9f5c1a6474f560c1334c63dda01,2017-10-29T13:25:29.000Z,0.0002,0xe7f6019bc38ebc35c856e4c064c8f473311aa50d,buy,0xb17df9a3b09583a9bdcf757d6367171476d4d8a3,0x2e1fd1d204bf16c84fd899e78557baade0ef5e3196f32f230273d2c559a06fd1
31,1000,0.2,0xa49df4b7768200a2a121a716e106b70f2f69491e,2017-10-29T10:49:30.000Z,0.0002,0xf68362dbc57b30c49bff0b4c0af688962eb0186d,buy,0xb17df9a3b09583a9bdcf757d6367171476d4d8a3,0x3686657b69895b115940c95e459b6685b92d5d7d8c1be154fbcbfb9efad2783e
32,96218.67584476125,19.243735168952252,0xa49df4b7768200a2a121a716e106b70f2f69491e,2017-10-29T10:42:44.000Z,0.0002,0xe7f6019bc38ebc35c856e4c064c8f473311aa50d,buy,0xb17df9a3b09583a9bdcf757d6367171476d4d8a3,0xfdfc79756b83041422a151ce6a7613bcd89fb59c142210e45bcfe6a723f6d0f9
33,797.6346266366743,0.15952692532733484,0x69bc96509a19ce70f5ddbbe2cdc736ca1fd615ee,2017-10-29T02:49:46.000Z,0.0002,0xf68362dbc57b30c49bff0b4c0af688962eb0186d,buy,0xb17df9a3b09583a9bdcf757d6367171476d4d8a3,0x1b4ed672bf54e9b0535fb6bf539fd2fcd1ce4c059787c71f041d1dd13d7361f5
34,15515.568,3.1031136,0xf3d92557bdf92cff0b0b214476122ae9de2bcfaf,2017-10-28T22:54:45.000Z,0.0002,0xe7f6019bc38ebc35c856e4c064c8f473311aa50d,sell,0xb17df9a3b09583a9bdcf757d6367171476d4d8a3,0x4a0c2f51956f60199e0abc977af541c44641ff482b38dfaa35360dfde767a3ac
35,2.5,0.0005,0x34f9560c63078eb61872a4dc2ccd20e21c34feaf,2017-10-28T20:48:20.000Z,0.0002,0xe7f6019bc38ebc35c856e4c064c8f473311aa50d,buy,0xb17df9a3b09583a9bdcf757d6367171476d4d8a3,0x2c125d44948c0c830dfde0eaac7c8b35b7c472e22ba5dac8680f056a4b98b777
36,2.5,0.0005,0xe444a40689f51f63bcd29910622035707d533d29,2017-10-28T20:47:24.000Z,0.0002,0xe7f6019bc38ebc35c856e4c064c8f473311aa50d,buy,0xb17df9a3b09583a9bdcf757d6367171476d4d8a3,0xa87833511417e17d22b7cedd5c53c33737e3740293ace32e0c17ee85c1e7d62f
37,5000,1,0x25cb0ecbc7f8b7844531df9d137dcb594080a311,2017-10-28T17:22:12.000Z,0.0002,0xe7f6019bc38ebc35c856e4c064c8f473311aa50d,buy,0xb17df9a3b09583a9bdcf757d6367171476d4d8a3,0x3333d9c3b1b582390db699dbe85c5734cf0bb95012fa1bec51d75655418c0815
38,0.00000001851238,0.000000000003702476,0x00b812869c75bcaf129c51cb06f342f4668c468d,2017-10-28T07:30:57.000Z,0.0002,0xe7f6019bc38ebc35c856e4c064c8f473311aa50d,buy,0xb17df9a3b09583a9bdcf757d6367171476d4d8a3,0xa255caeed70bd3bdad2500552619be60ae2ae6d081d16c1ab2ec02a60237e869
39,0.000185697614695,0.000000037139522939,0x00b812869c75bcaf129c51cb06f342f4668c468d,2017-10-28T07:29:35.000Z,0.0002,0xe7f6019bc38ebc35c856e4c064c8f473311aa50d,buy,0xb17df9a3b09583a9bdcf757d6367171476d4d8a3,0x56605f3ac90a421dcc06266673815002778d962258ead8fa4ce2d3583152a8c6
40,1.86273277298666,0.000372546554597332,0x00b812869c75bcaf129c51cb06f342f4668c468d,2017-10-28T07:28:08.000Z,0.0002,0xe7f6019bc38ebc35c856e4c064c8f473311aa50d,buy,0xb17df9a3b09583a9bdcf757d6367171476d4d8a3,0x83933a7bf6201f8855626240a209dad7c31562495d30b3f27dfd098207b14b37
41,900,0.18,0x00b812869c75bcaf129c51cb06f342f4668c468d,2017-10-28T07:27:10.000Z,0.0002,0xe7f6019bc38ebc35c856e4c064c8f473311aa50d,buy,0xb17df9a3b09583a9bdcf757d6367171476d4d8a3,0xf0a1df1185ebb52a34c42b95e489d38df0472c44c6205d9b6ac913f124e8e11b
42,10039.431518208154,2.0078863036416306,0xf3d92557bdf92cff0b0b214476122ae9de2bcfaf,2017-10-28T07:22:39.000Z,0.00019999999999999998,0x3d3657363f6141e5294fe183a43e2f983ec73ee9,sell,0xb17df9a3b09583a9bdcf757d6367171476d4d8a3,0x6f700b8fa30168c57cdcbf234f4a8fa60622492262df56a92443694619d88d71
43,24927.70887970798,4.985541775941596,0xd7cb7484ab22b47d788a34cd8035b9f7b512d371,2017-10-28T05:06:14.000Z,0.0002,0xe7f6019bc38ebc35c856e4c064c8f473311aa50d,buy,0xb17df9a3b09583a9bdcf757d6367171476d4d8a3,0x4f744bc9f561101f9ae2267c2516aa59b345ad751b151b9a9711da24375a9345
44,13.426816774232044,0.002685363354846409,0x88f96a90b7358080eac6b5f093b9daef64b46d85,2017-10-27T20:40:32.000Z,0.0002,0xec90c61009cc7d4c8af3867787e7744e6f57f524,buy,0xb17df9a3b09583a9bdcf757d6367171476d4d8a3,0x82293edea12df47c8ec0bdfafdfbc101d089204934d9f3eab58dd549e2a50f71
45,171.0443065635201,0.034208861312704016,0xa262008f2057e1ea3b292d541852eb2d6f34b7f7,2017-10-27T05:19:36.000Z,0.00019999999999999998,0xc7f440d4c45c1ce7a295c788d9cbea9ff627cf8a,sell,0xb17df9a3b09583a9bdcf757d6367171476d4d8a3,0x0b5fe7ba2b611e0c2fae581ea65140614a09288d2ebf1e68f95bf585a5e8b851
46,3000,0.57,0x36ca71653096170cf3f79497db15e7a82feb8798,2017-10-27T05:18:15.000Z,0.00019,0xc7f440d4c45c1ce7a295c788d9cbea9ff627cf8a,sell,0xb17df9a3b09583a9bdcf757d6367171476d4d8a3,0x8e3ec625e822a70d297a5545ba3fb6f65f3f35de7729036252c70ffc1b8af9ed
47,9750,1.95,0xa262008f2057e1ea3b292d541852eb2d6f34b7f7,2017-10-27T05:15:29.000Z,0.0002,0xc7f440d4c45c1ce7a295c788d9cbea9ff627cf8a,sell,0xb17df9a3b09583a9bdcf757d6367171476d4d8a3,0xb545d7f6127a1159ed6814e718a1b31b97ea7aeafcccca754dfe8c171c7170c8
48,1405,0.281,0x91330f9325f870a385236b3433b12b18d95702e8,2017-10-27T01:27:18.000Z,0.0002,0xec90c61009cc7d4c8af3867787e7744e6f57f524,buy,0xb17df9a3b09583a9bdcf757d6367171476d4d8a3,0x6e7da86a75c921846251f6012e793d3b872b93382885517ba7a32807625e75db
49,10000,2,0x91330f9325f870a385236b3433b12b18d95702e8,2017-10-27T01:10:20.000Z,0.0002,0xec90c61009cc7d4c8af3867787e7744e6f57f524,buy,0xb17df9a3b09583a9bdcf757d6367171476d4d8a3,0x41de632b7e85b5f31f11e504eca7bfc5f63ae7f0385a2cee79466ff35213b36b
50,3000,0.6,0x91330f9325f870a385236b3433b12b18d95702e8,2017-10-27T00:57:14.000Z,0.0002,0xec90c61009cc7d4c8af3867787e7744e6f57f524,buy,0xb17df9a3b09583a9bdcf757d6367171476d4d8a3,0xa0c0542123d7807e1f1dc8234bebd3ca9e37aaa5570e6c2cd3531bf4399b5209
51,500,0.1,0x91330f9325f870a385236b3433b12b18d95702e8,2017-10-27T00:55:36.000Z,0.0002,0xec90c61009cc7d4c8af3867787e7744e6f57f524,buy,0xb17df9a3b09583a9bdcf757d6367171476d4d8a3,0x1ab0af49d689dccf91fc1967360e52ad2c1e12e34578d4eecee6dc797c3afba7
52,0.000000002464305,0.000000000000492861,0x91330f9325f870a385236b3433b12b18d95702e8,2017-10-27T00:49:05.000Z,0.0002,0xec90c61009cc7d4c8af3867787e7744e6f57f524,buy,0xb17df9a3b09583a9bdcf757d6367171476d4d8a3,0xa1b0ea4c454a49418f832ebb5cc0e80c88ee5c61dac4be018771ce5bf22fcab1
53,0.00002471939622,0.000000004943879244,0x91330f9325f870a385236b3433b12b18d95702e8,2017-10-27T00:47:34.000Z,0.0002,0xec90c61009cc7d4c8af3867787e7744e6f57f524,buy,0xb17df9a3b09583a9bdcf757d6367171476d4d8a3,0xa6edfdf301b2fb1af8c6bf435d0d433258e9bf5865292a750aa3131f2be3a5c3
54,1,0.0002,0x6cdea8e07bf82d7a07dbf36642d6e5be8623845c,2017-10-26T13:11:26.000Z,0.0002,0xe7f6019bc38ebc35c856e4c064c8f473311aa50d,buy,0xb17df9a3b09583a9bdcf757d6367171476d4d8a3,0x1f64010f0bf4a4e88f3faefa0c69b6d988664fa89f40d99f6cc392c06410b157
55,4856.887517213464,0.9713775034426927,0xee300431c25447134633cc5d94b93555b92f7952,2017-10-26T12:47:59.000Z,0.0002,0xec90c61009cc7d4c8af3867787e7744e6f57f524,buy,0xb17df9a3b09583a9bdcf757d6367171476d4d8a3,0x241e32ae3982d5cbe28053e28c6fa929f03f4d571b7e91d1e46cf615d7580941
56,4883.098355580873,0.9766196711161748,0xc45cb0cd2df62622a947b877076dbe2bb5dbeaee,2017-10-26T09:51:51.000Z,0.0002,0xec90c61009cc7d4c8af3867787e7744e6f57f524,buy,0xb17df9a3b09583a9bdcf757d6367171476d4d8a3,0xdfa653f10a54bbbfe96966e308523a5285d259d5f3a699bc2f33a44f1873ccfa
57,193.13298484460068,0.038530030476497834,0x54409c45877a9877a724bdfc941dd5a16ac0f0c8,2017-10-26T08:27:28.000Z,0.0001995,0x3d3657363f6141e5294fe183a43e2f983ec73ee9,buy,0xb17df9a3b09583a9bdcf757d6367171476d4d8a3,0x46abc312d8245d1156d934ef1a9c7f6330e2273959e6108f894e0822e23adbe7
58,3000,0.6,0xec90c61009cc7d4c8af3867787e7744e6f57f524,2017-10-25T16:15:07.000Z,0.0002,0xec90c61009cc7d4c8af3867787e7744e6f57f524,buy,0xb17df9a3b09583a9bdcf757d6367171476d4d8a3,0x263db0ae0e9aece2e835e91cdc5d8e0f3e44c5e8ec1839fd756a2d655d20d824
59,4936.297,0.64171861,0xf68362dbc57b30c49bff0b4c0af688962eb0186d,2017-10-25T15:58:38.000Z,0.00013,0x853a69a05e1f42436b51e0ebd9441725261b6608,buy,0xb17df9a3b09583a9bdcf757d6367171476d4d8a3,0xffab6a99ef5cf68d68fded4dd89644d48cda5c8946c6df9e446f35230262c1e7
60,13.702610672770838,0.001781339387460209,0x1d5321e125f6c7079a716705541c7b371ca79e69,2017-10-25T15:22:14.000Z,0.00013,0x853a69a05e1f42436b51e0ebd9441725261b6608,buy,0xb17df9a3b09583a9bdcf757d6367171476d4d8a3,0x903d612ee56b31c20c86e2baec2b36fcea9b79039d3e0f5ec62266d63615b45b
61,13.661625795384685,0.002459092643169243,0xf3d92557bdf92cff0b0b214476122ae9de2bcfaf,2017-10-25T15:22:14.000Z,0.00017999999999999998,0x1d5321e125f6c7079a716705541c7b371ca79e69,sell,0xb17df9a3b09583a9bdcf757d6367171476d4d8a3,0x903d612ee56b31c20c86e2baec2b36fcea9b79039d3e0f5ec62266d63615b45b
62,50,0.0065,0x273a5d3e6721b9f5c1a6474f560c1334c63dda01,2017-10-25T15:18:40.000Z,0.00013,0x853a69a05e1f42436b51e0ebd9441725261b6608,buy,0xb17df9a3b09583a9bdcf757d6367171476d4d8a3,0x5f61dcfd2a414ebc7ec5c280d02e8ce8f56bed87241cf67a62c5ad15eb28bc4c
63,49.85,0.008973,0xf3d92557bdf92cff0b0b214476122ae9de2bcfaf,2017-10-25T15:18:40.000Z,0.00018,0x273a5d3e6721b9f5c1a6474f560c1334c63dda01,sell,0xb17df9a3b09583a9bdcf757d6367171476d4d8a3,0x5f61dcfd2a414ebc7ec5c280d02e8ce8f56bed87241cf67a62c5ad15eb28bc4c
64,4997.8670151554,0.9970744695235022,0x0d11b03220ed774e937bc9566c83c9be051ac8b1,2017-10-25T12:56:18.000Z,0.0001995,0x3d3657363f6141e5294fe183a43e2f983ec73ee9,buy,0xb17df9a3b09583a9bdcf757d6367171476d4d8a3,0x1d84caae90b410c88bacab4329c032361bcfafeebca4a4368f31499add5c7224
65,4900,0.97755,0x4d75cc56128fbf1d583a9a56fe4cd5c750a3bb24,2017-10-25T12:11:30.000Z,0.0001995,0x3d3657363f6141e5294fe183a43e2f983ec73ee9,sell,0xb17df9a3b09583a9bdcf757d6367171476d4d8a3,0xc3945feb40be1bed5e56480a4b367a7454213fecb128d37c0c994708854367e4
66,5000,0.9975,0x4d75cc56128fbf1d583a9a56fe4cd5c750a3bb24,2017-10-25T11:24:12.000Z,0.0001995,0x3d3657363f6141e5294fe183a43e2f983ec73ee9,sell,0xb17df9a3b09583a9bdcf757d6367171476d4d8a3,0xe89a01866118cae748bf4384ce794177a40d4a6fb44daa5ef95e03bf4db9d3bf
67,1000,0.2,0xec90c61009cc7d4c8af3867787e7744e6f57f524,2017-10-25T10:43:35.000Z,0.0002,0xec90c61009cc7d4c8af3867787e7744e6f57f524,buy,0xb17df9a3b09583a9bdcf757d6367171476d4d8a3,0xea01dd0bbeb089377e992e1d168276740b4b5f89409f61e93bd1088c8ee61897
68,4000,0.8,0xec90c61009cc7d4c8af3867787e7744e6f57f524,2017-10-25T09:10:01.000Z,0.0002,0xec90c61009cc7d4c8af3867787e7744e6f57f524,buy,0xb17df9a3b09583a9bdcf757d6367171476d4d8a3,0x5ab15d7b2bd5fcc469bd10b10138c922ee7beaca1774ace68bf8e9e374227b92
69,2000,0.4,0xec90c61009cc7d4c8af3867787e7744e6f57f524,2017-10-25T04:56:03.000Z,0.0002,0xec90c61009cc7d4c8af3867787e7744e6f57f524,buy,0xb17df9a3b09583a9bdcf757d6367171476d4d8a3,0x41bed55004067b0406d46d5de94bc57cd1c2398cc95e0436af181feb1cb730c5
70,4808,0.959196,0xa451664ddae7fd041450bc270fa3dc85c41c07ba,2017-10-25T03:32:27.000Z,0.0001995,0x3d3657363f6141e5294fe183a43e2f983ec73ee9,buy,0xb17df9a3b09583a9bdcf757d6367171476d4d8a3,0x19d2d598fbcc86e2e95bd59b7fb066daa9fe78e2d0ebf1a276389145289395df
71,6260.014127205663,1.2520028254411326,0xd0f4a6bd6db6e8907f6835258ddd88a8bc5da784,2017-10-25T01:10:58.000Z,0.0002,0xec90c61009cc7d4c8af3867787e7744e6f57f524,buy,0xb17df9a3b09583a9bdcf757d6367171476d4d8a3,0xbf8e22c8411012c5dcbe69ae8a6a22939afbd9575f4551518c0c965574673bf8
72,5000,1,0xec90c61009cc7d4c8af3867787e7744e6f57f524,2017-10-25T00:43:10.000Z,0.0002,0xe7f6019bc38ebc35c856e4c064c8f473311aa50d,buy,0xb17df9a3b09583a9bdcf757d6367171476d4d8a3,0x2b2dce4f0a9eea093bd9336803ddcbf6320c3f51cd1703fc53d184f635f9bbff
73,5000,1,0xf68362dbc57b30c49bff0b4c0af688962eb0186d,2017-10-24T23:55:08.000Z,0.0002,0xe7f6019bc38ebc35c856e4c064c8f473311aa50d,buy,0xb17df9a3b09583a9bdcf757d6367171476d4d8a3,0xfc5f1ade98fcdf730bb29198d4ddb5b0facc580d67fdfdbf9ea77536a889df92
74,1,0.00199,0x0249924245a19aa2d7f5ddb0739a7132b7d094ab,2017-10-24T23:43:04.000Z,0.00199,0x3d3657363f6141e5294fe183a43e2f983ec73ee9,buy,0xb17df9a3b09583a9bdcf757d6367171476d4d8a3,0xeecb3b6c60f125604143dc5f2514a4a2f1de510f398845e39eb7cd15b087bf3f
75,15000,3,0xe7f6019bc38ebc35c856e4c064c8f473311aa50d,2017-10-24T16:58:11.000Z,0.0002,0xe7f6019bc38ebc35c856e4c064c8f473311aa50d,buy,0xb17df9a3b09583a9bdcf757d6367171476d4d8a3,0x0ba56817bd060ecf3cd0019b0c469a241d0b0957735c6c8cbdcb0f860847cbbf
76,9888,1.9776,0x3d3657363f6141e5294fe183a43e2f983ec73ee9,2017-10-24T16:34:39.000Z,0.0002,0xe7f6019bc38ebc35c856e4c064c8f473311aa50d,buy,0xb17df9a3b09583a9bdcf757d6367171476d4d8a3,0x5777e0fd7434501103946a72248d54a3fc63a5a939b5bc8fe9e0a10a2d8071f8
77,14957.259092122,2.9914518184244,0x3d3657363f6141e5294fe183a43e2f983ec73ee9,2017-10-24T16:31:05.000Z,0.0002,0xe7f6019bc38ebc35c856e4c064c8f473311aa50d,buy,0xb17df9a3b09583a9bdcf757d6367171476d4d8a3,0xab88dc55658d212dd7c6a33312ab2e59abd3bdf4795cc170eae9c5fb55dcc463
78,2500,0.5,0xf68362dbc57b30c49bff0b4c0af688962eb0186d,2017-10-24T16:22:22.000Z,0.0002,0xe7f6019bc38ebc35c856e4c064c8f473311aa50d,buy,0xb17df9a3b09583a9bdcf757d6367171476d4d8a3,0x4920c53e63e02636db7e3afba2b5c4754312eacf1d0adf51f60720d457a8f16d
79,40000,8,0xe7f6019bc38ebc35c856e4c064c8f473311aa50d,2017-10-24T16:19:43.000Z,0.0002,0xe7f6019bc38ebc35c856e4c064c8f473311aa50d,buy,0xb17df9a3b09583a9bdcf757d6367171476d4d8a3,0xf33b96d6d44c029630dbbaba4ffc7a7ba956bc519e91ecbff1844e1edea4d8f8
80,10000,2,0xf68362dbc57b30c49bff0b4c0af688962eb0186d,2017-10-24T16:15:37.000Z,0.0002,0xe7f6019bc38ebc35c856e4c064c8f473311aa50d,buy,0xb17df9a3b09583a9bdcf757d6367171476d4d8a3,0x4eef3b6598e8fd9d64a586346e2c6e6f9554b2868428627316f9f05fe11e1aa6
81,3875,0.775,0x3d3657363f6141e5294fe183a43e2f983ec73ee9,2017-10-24T16:10:42.000Z,0.0002,0xe7f6019bc38ebc35c856e4c064c8f473311aa50d,buy,0xb17df9a3b09583a9bdcf757d6367171476d4d8a3,0x0a39ef7526b4090dd42ba0b9809828b4d3d3a8d01d3ed17e8ba789dad3449899
82,2640,0.528,0x853a69a05e1f42436b51e0ebd9441725261b6608,2017-10-24T16:09:33.000Z,0.0002,0xe7f6019bc38ebc35c856e4c064c8f473311aa50d,sell,0xb17df9a3b09583a9bdcf757d6367171476d4d8a3,0x343c026e1387b5ed1702fb0ba902ca7e71c22c7d6dce65cb85993b15cf26317c
83,2360,0.472,0x853a69a05e1f42436b51e0ebd9441725261b6608,2017-10-24T16:09:07.000Z,0.0002,0xe7f6019bc38ebc35c856e4c064c8f473311aa50d,sell,0xb17df9a3b09583a9bdcf757d6367171476d4d8a3,0xb7dd222e56eafa15fe048d7c27f711b0bb6ce062a29089c86a7be3190a249b50
84,300,0.06,0x69bc96509a19ce70f5ddbbe2cdc736ca1fd615ee,2017-10-24T16:09:07.000Z,0.0002,0xe7f6019bc38ebc35c856e4c064c8f473311aa50d,buy,0xb17df9a3b09583a9bdcf757d6367171476d4d8a3,0x7d89be0506c234486520977f73f358c9ff80e680d1a2125bc7166e179622f078
85,1279.9946637925993,0.25599893275851987,0x3d3657363f6141e5294fe183a43e2f983ec73ee9,2017-10-24T15:36:56.000Z,0.0002,0xe7f6019bc38ebc35c856e4c064c8f473311aa50d,buy,0xb17df9a3b09583a9bdcf757d6367171476d4d8a3,0x54b465f09df7675ce14ffc79b11ecf2d612c5b503dbbf7e400bd00ff938ced76
86,2640,0.528,0xa1f381d09a61d13cf0c2741f24aef1084d08f98a,2017-10-24T15:05:40.000Z,0.0002,0xe7f6019bc38ebc35c856e4c064c8f473311aa50d,buy,0xb17df9a3b09583a9bdcf757d6367171476d4d8a3,0x1c4f2350534a6435b511605e60480b554964bc41605ba521ff66f0500dfb66b4
87,2360,0.472,0xa1f381d09a61d13cf0c2741f24aef1084d08f98a,2017-10-24T14:58:32.000Z,0.0002,0xec90c61009cc7d4c8af3867787e7744e6f57f524,buy,0xb17df9a3b09583a9bdcf757d6367171476d4d8a3,0x2b72bcc3407d6ac869131a0cf37330fef68ca588c7bcb6f4ee9f36abf9fc9823
88,30000,6,0xd9a39e7897516b776d71c0c620c52dc79a2f6160,2017-10-24T14:56:09.000Z,0.0002,0xe7f6019bc38ebc35c856e4c064c8f473311aa50d,buy,0xb17df9a3b09583a9bdcf757d6367171476d4d8a3,0x2d992d9d96829e720ece024a90a55ed9ce5cc741b6ca1630354c6aad0a09a167
89,30000,6,0xd9a39e7897516b776d71c0c620c52dc79a2f6160,2017-10-24T14:52:27.000Z,0.0002,0xe7f6019bc38ebc35c856e4c064c8f473311aa50d,buy,0xb17df9a3b09583a9bdcf757d6367171476d4d8a3,0x06d171b362f10f28f6398bb1d4643fa49f8f415d0512ac1b86e36de612b5d3cd
90,4120,0.824,0xd44fb4855f37f3988086c46e8eee730ec30ac04a,2017-10-24T14:23:40.000Z,0.0002,0xe7f6019bc38ebc35c856e4c064c8f473311aa50d,buy,0xb17df9a3b09583a9bdcf757d6367171476d4d8a3,0x921daa5ce1388d8c7db2e68deb3512806aa16fde6f3dc813d10510395f6920c0
91,40,0.008,0x88f96a90b7358080eac6b5f093b9daef64b46d85,2017-10-24T12:59:58.000Z,0.0002,0xec90c61009cc7d4c8af3867787e7744e6f57f524,buy,0xb17df9a3b09583a9bdcf757d6367171476d4d8a3,0x9388fb5dc31b889f440ce1cbae10822352c1b155344cb27da848806342c31135
92,3000,0.6,0xec90c61009cc7d4c8af3867787e7744e6f57f524,2017-10-24T12:36:58.000Z,0.0002,0xec90c61009cc7d4c8af3867787e7744e6f57f524,buy,0xb17df9a3b09583a9bdcf757d6367171476d4d8a3,0xf2056e3933a0c572c4f6ba373ca75b29822db97ef3b334eccbb4686d49f0f69a
93,24485.606273885765,4.8971212547771525,0xd5fd03007efec096b29754c92caf7f0f9117784a,2017-10-24T11:26:40.000Z,0.0002,0xe7f6019bc38ebc35c856e4c064c8f473311aa50d,buy,0xb17df9a3b09583a9bdcf757d6367171476d4d8a3,0x00a8ee347fe9642c9298225640016adad49d339599e7a394ab4c578a4cca7cc4
94,1200,0.24,0xec90c61009cc7d4c8af3867787e7744e6f57f524,2017-10-24T10:34:52.000Z,0.0002,0xec90c61009cc7d4c8af3867787e7744e6f57f524,buy,0xb17df9a3b09583a9bdcf757d6367171476d4d8a3,0xe7fdfb0a567f3198065ba80eb3fa719b0369d7fe1979b50a01d942c4a4025488
95,2000,0.4,0xec90c61009cc7d4c8af3867787e7744e6f57f524,2017-10-24T10:22:04.000Z,0.0002,0xec90c61009cc7d4c8af3867787e7744e6f57f524,buy,0xb17df9a3b09583a9bdcf757d6367171476d4d8a3,0xab8100e50395d7f078786f3dafac3602c9897ca4c38ad809c9b81bbfb3de551a
96,5200,1.04,0xec90c61009cc7d4c8af3867787e7744e6f57f524,2017-10-24T09:57:09.000Z,0.0002,0xe7f6019bc38ebc35c856e4c064c8f473311aa50d,buy,0xb17df9a3b09583a9bdcf757d6367171476d4d8a3,0xab288401148fa2715edb58ed4607341ed9da3e46c39e672597e74d436e0b51c3
97,40,0.008,0x88f96a90b7358080eac6b5f093b9daef64b46d85,2017-10-24T09:49:29.000Z,0.0002,0xe7f6019bc38ebc35c856e4c064c8f473311aa50d,buy,0xb17df9a3b09583a9bdcf757d6367171476d4d8a3,0x2beed67fdff680cceb6456d135d6434ef24391c8134f11e2a1c5c45a8f78363c
98,10000,2,0xe7f6019bc38ebc35c856e4c064c8f473311aa50d,2017-10-24T07:45:25.000Z,0.0002,0xe7f6019bc38ebc35c856e4c064c8f473311aa50d,buy,0xb17df9a3b09583a9bdcf757d6367171476d4d8a3,0xb04f33226d4a7531412d6384ba0b07873618b0399e6ab9c83669a0b75005c7f7
99,5150,1.03,0x599bb6f3ed61c8b001f23b26380655f9c1abdf37,2017-10-24T07:30:44.000Z,0.0002,0xe7f6019bc38ebc35c856e4c064c8f473311aa50d,buy,0xb17df9a3b09583a9bdcf757d6367171476d4d8a3,0x322200b1d197c1fd4beb6b4820b4bcbbf4644e3d98f8fa754ae4eab49014a939
100,100,0.02,0x88f96a90b7358080eac6b5f093b9daef64b46d85,2017-10-24T07:01:02.000Z,0.0002,0xe7f6019bc38ebc35c856e4c064c8f473311aa50d,buy,0xb17df9a3b09583a9bdcf757d6367171476d4d8a3,0xd22ba221a9bf5bcaf016518f6633c469c53b52150128ae59dccdd4c4a4239279
101,84.39906232163685,0.01687981246432737,0x88f96a90b7358080eac6b5f093b9daef64b46d85,2017-10-24T06:55:48.000Z,0.0002,0xe7f6019bc38ebc35c856e4c064c8f473311aa50d,buy,0xb17df9a3b09583a9bdcf757d6367171476d4d8a3,0x7ae0b280d2bc6acea1f2f9fc376748cbd7af15c7b46e12eb7ce833d000719068
102,1900,0.38,0x88f96a90b7358080eac6b5f093b9daef64b46d85,2017-10-24T06:54:23.000Z,0.0002,0xe7f6019bc38ebc35c856e4c064c8f473311aa50d,buy,0xb17df9a3b09583a9bdcf757d6367171476d4d8a3,0xec03842ae29da6668dd97fcad582d6873b0f3d52a3b36bd2ab38cc3584af7192
103,3000,0.6,0x88f96a90b7358080eac6b5f093b9daef64b46d85,2017-10-24T06:36:31.000Z,0.0002,0xe7f6019bc38ebc35c856e4c064c8f473311aa50d,buy,0xb17df9a3b09583a9bdcf757d6367171476d4d8a3,0xf5d02db11f01efcbc8a0c8c393da6aac963ad51614aa3272ad9b6bc1ac20b1a0
104,2000,0.4,0x4be2166a8dbe25e79a9b30b4ce26858e10d21e92,2017-10-24T05:48:17.000Z,0.0002,0xe7f6019bc38ebc35c856e4c064c8f473311aa50d,buy,0xb17df9a3b09583a9bdcf757d6367171476d4d8a3,0x1f0eed8a232c2c6de26d4638dde24f965182b14d857be1833087eaa3848e00aa
105,10000,2,0xe7f6019bc38ebc35c856e4c064c8f473311aa50d,2017-10-23T16:30:18.000Z,0.0002,0xe7f6019bc38ebc35c856e4c064c8f473311aa50d,buy,0xb17df9a3b09583a9bdcf757d6367171476d4d8a3,0x531d2385adb5d8cd71870bb44696533f170594df39f9422341334345b6fbd8f0
106,5000,1,0xd44fb4855f37f3988086c46e8eee730ec30ac04a,2017-10-23T14:23:50.000Z,0.0002,0xe7f6019bc38ebc35c856e4c064c8f473311aa50d,buy,0xb17df9a3b09583a9bdcf757d6367171476d4d8a3,0x6ab757ecff40b72271a6229c9099be53a99abcdb2238a999103d5e67b8d52900
107,5000,1,0x4be2166a8dbe25e79a9b30b4ce26858e10d21e92,2017-10-23T10:35:13.000Z,0.0002,0xe7f6019bc38ebc35c856e4c064c8f473311aa50d,buy,0xb17df9a3b09583a9bdcf757d6367171476d4d8a3,0x50552ba0244b2aaadd0914d99f96f301fc20d37dbc82e0dc4e06e9dc77aee42b
108,9969.095803010667,1.9938191606021334,0x1e4a7832a4f589fb9c12e88a5aa8fbfd7ed077aa,2017-10-23T08:06:20.000Z,0.0002,0xe7f6019bc38ebc35c856e4c064c8f473311aa50d,buy,0xb17df9a3b09583a9bdcf757d6367171476d4d8a3,0xcab070bc4a179edac8fa999dfa5e8649da8c4a32e75027f48f7573b881d6905a
109,0.000001809589935,0.000000000361917987,0x1e4a7832a4f589fb9c12e88a5aa8fbfd7ed077aa,2017-10-22T14:37:16.000Z,0.0002,0xe7f6019bc38ebc35c856e4c064c8f473311aa50d,buy,0xb17df9a3b09583a9bdcf757d6367171476d4d8a3,0x185059d126239812fb664ba5307a4eec15a269efe4f4733e1fc45418b30c609d
110,0.01815199661088,0.000003630399322176,0x1e4a7832a4f589fb9c12e88a5aa8fbfd7ed077aa,2017-10-22T14:25:40.000Z,0.0002,0xe7f6019bc38ebc35c856e4c064c8f473311aa50d,buy,0xb17df9a3b09583a9bdcf757d6367171476d4d8a3,0x97201be3ad36493b0894a034bf5ea4a7b613f5e95f713202979e62ae96f34c24
111,9970.922360075256,1.9941844720150512,0xe60aa937370d31b2b860882382340e8ec67fb264,2017-10-22T10:52:37.000Z,0.0002,0xe7f6019bc38ebc35c856e4c064c8f473311aa50d,buy,0xb17df9a3b09583a9bdcf757d6367171476d4d8a3,0x544db786bd8bfc720f666180622b6a3a1c0c42d983dc9c463019f8be0f8bca4c
112,1000,0.2,0xf04c1c5e155d3ba4e3a495eb3a5cf31102707fb0,2017-10-22T10:26:08.000Z,0.0002,0xe7f6019bc38ebc35c856e4c064c8f473311aa50d,buy,0xb17df9a3b09583a9bdcf757d6367171476d4d8a3,0xbe44a6c0f9c30b4bd86909e8f687fbf25d083989f24e32cb287da9343d273557
113,2.68343758699305,0.00053668751739861,0xd4ba85c984df298088399373035b8a93f13b01ad,2017-10-22T09:59:43.000Z,0.0002,0xe7f6019bc38ebc35c856e4c064c8f473311aa50d,buy,0xb17df9a3b09583a9bdcf757d6367171476d4d8a3,0xb3870c206553d4e7be89402e264c4f46f03a1b6a68d069f58003b9c564be6ee1
114,26917.56243512721,5.383512487025442,0xd4ba85c984df298088399373035b8a93f13b01ad,2017-10-22T09:58:24.000Z,0.0002,0xe7f6019bc38ebc35c856e4c064c8f473311aa50d,buy,0xb17df9a3b09583a9bdcf757d6367171476d4d8a3,0x827feec3b8701175966f669ed15ea82c6f41fd2819d9fd0f849306e1ff1bd197
115,5483.0027015634405,1.0966005403126882,0xcc803050dc911960c822be0f8c4d8ef9a67ba9e0,2017-10-22T09:18:45.000Z,0.0002,0xe7f6019bc38ebc35c856e4c064c8f473311aa50d,buy,0xb17df9a3b09583a9bdcf757d6367171476d4d8a3,0x1bf1ee83d3184d00ade94af25a72456d80831953ae999f7917958ce5c0b476f0
116,0.099382871129605,0.000019876574225921,0xcc803050dc911960c822be0f8c4d8ef9a67ba9e0,2017-10-22T09:14:27.000Z,0.0002,0xe7f6019bc38ebc35c856e4c064c8f473311aa50d,buy,0xb17df9a3b09583a9bdcf757d6367171476d4d8a3,0x69c7259b468469fa95009f4acda55d7a8795003b24a2d15fd073877eea692b98
117,10068.786761040774,2.0137573522081547,0xd4ba85c984df298088399373035b8a93f13b01ad,2017-10-22T08:56:50.000Z,0.0002,0xe7f6019bc38ebc35c856e4c064c8f473311aa50d,buy,0xb17df9a3b09583a9bdcf757d6367171476d4d8a3,0x8fc5e1e05c69c168c9f75ac83167ecb5d79b05931117e4210f2bddd25021ae76
118,996.9095803010667,0.19938191606021333,0xcc803050dc911960c822be0f8c4d8ef9a67ba9e0,2017-10-22T08:17:20.000Z,0.0002,0xe7f6019bc38ebc35c856e4c064c8f473311aa50d,buy,0xb17df9a3b09583a9bdcf757d6367171476d4d8a3,0x02c42cf4b3463a391cb2ef12f9000981b99146f7e42af688720251474502b04c
119,0.0000000000001,0.00000000000000002,0xcc803050dc911960c822be0f8c4d8ef9a67ba9e0,2017-10-22T08:14:24.000Z,0.0002,0xe7f6019bc38ebc35c856e4c064c8f473311aa50d,buy,0xb17df9a3b09583a9bdcf757d6367171476d4d8a3,0xf88597486fe7a14e6d3ca1d3b64e6b6d858b4188eebc6c5349fdeb6b3bacc8f0
120,0.000000000987695,0.000000000000197539,0xcc803050dc911960c822be0f8c4d8ef9a67ba9e0,2017-10-22T07:59:09.000Z,0.0002,0xe7f6019bc38ebc35c856e4c064c8f473311aa50d,buy,0xb17df9a3b09583a9bdcf757d6367171476d4d8a3,0x945d823bbe6c5fd52177f97e6dbcf97ec55a34cc028e6d5a9736f214c6dc8cba
121,0.00000990757364,0.000000001981514728,0xcc803050dc911960c822be0f8c4d8ef9a67ba9e0,2017-10-22T07:54:29.000Z,0.0002,0xe7f6019bc38ebc35c856e4c064c8f473311aa50d,buy,0xb17df9a3b09583a9bdcf757d6367171476d4d8a3,0xe9c7d53644c6fa9db4004edaebf9a2acf78b827d95a4cf26e299978ec324bf74
122,0.099382871129605,0.000019876574225921,0xcc803050dc911960c822be0f8c4d8ef9a67ba9e0,2017-10-22T07:53:10.000Z,0.0002,0xe7f6019bc38ebc35c856e4c064c8f473311aa50d,buy,0xb17df9a3b09583a9bdcf757d6367171476d4d8a3,0xb0aabab741f2f948cdc4bd3e866f50d138bb6394ca55445b23b5989613f9e062
123,996.9095803010667,0.19938191606021333,0xcc803050dc911960c822be0f8c4d8ef9a67ba9e0,2017-10-22T07:49:20.000Z,0.0002,0xe7f6019bc38ebc35c856e4c064c8f473311aa50d,buy,0xb17df9a3b09583a9bdcf757d6367171476d4d8a3,0x6abfc712e81ad8474f829e131e7ca063b632063b69ec57e9ab6bfdb3e4216992
124,1.68950880920328,0.000337901761840656,0x647e7aec62b051a9b7f178302f40178569d0c318,2017-10-22T07:09:29.000Z,0.0002,0xe7f6019bc38ebc35c856e4c064c8f473311aa50d,buy,0xb17df9a3b09583a9bdcf757d6367171476d4d8a3,0x9352456387a890ac8a74333b02a6fcc0a9c77d8177c5ee80413f776ca8cd64ad
125,16947.462865118134,3.389492573023627,0x647e7aec62b051a9b7f178302f40178569d0c318,2017-10-22T07:09:17.000Z,0.0002,0xe7f6019bc38ebc35c856e4c064c8f473311aa50d,buy,0xb17df9a3b09583a9bdcf757d6367171476d4d8a3,0xea36e5983875aee4e653cbbb435ba44b66b522fb3d66399263385c73262006aa
126,0.00000000000001,0.000000000000000002,0xcc803050dc911960c822be0f8c4d8ef9a67ba9e0,2017-10-22T06:43:23.000Z,0.0002,0xe7f6019bc38ebc35c856e4c064c8f473311aa50d,buy,0xb17df9a3b09583a9bdcf757d6367171476d4d8a3,0x664adeb5424865ee3d05e5b322d32f15e15f5a3830b54ee3ec8ae0aa5d52760b
127,0.000000000089385,0.000000000000017877,0xcc803050dc911960c822be0f8c4d8ef9a67ba9e0,2017-10-22T06:38:44.000Z,0.0002,0xe7f6019bc38ebc35c856e4c064c8f473311aa50d,buy,0xb17df9a3b09583a9bdcf757d6367171476d4d8a3,0xcbe16d4bc3656f6bb5c6cc15941b412836c515f570901cc03c8b7dc0568f947e
128,0.00000089663542,0.000000000179327084,0xcc803050dc911960c822be0f8c4d8ef9a67ba9e0,2017-10-22T06:37:15.000Z,0.0002,0xe7f6019bc38ebc35c856e4c064c8f473311aa50d,buy,0xb17df9a3b09583a9bdcf757d6367171476d4d8a3,0xa413fd90c10aaae817cf6f0399c59b279a8abe92ca60a65a45cc8af4d77bda7e
129,0.00899414983723,0.000001798829967446,0xcc803050dc911960c822be0f8c4d8ef9a67ba9e0,2017-10-22T06:35:54.000Z,0.0002,0xe7f6019bc38ebc35c856e4c064c8f473311aa50d,buy,0xb17df9a3b09583a9bdcf757d6367171476d4d8a3,0xaa724b18987c7032eff2ccf6e8fafe43d4d89b2fa145c5b8e98614d29e6e271e
130,90.22031701724653,0.018044063403449308,0xcc803050dc911960c822be0f8c4d8ef9a67ba9e0,2017-10-22T05:41:27.000Z,0.0002,0xe7f6019bc38ebc35c856e4c064c8f473311aa50d,buy,0xb17df9a3b09583a9bdcf757d6367171476d4d8a3,0x124289f62f10350cad74f888ade43464f4e09847f64077f0a7ba1bdc71468d71
131,4800,0.96,0xe5f545962b37f4c27d32db21361847162fd976c2,2017-10-22T05:40:02.000Z,0.0002,0xe7f6019bc38ebc35c856e4c064c8f473311aa50d,buy,0xb17df9a3b09583a9bdcf757d6367171476d4d8a3,0xe9131a62996a7be8a6460d38739bfb9cf40b32227fc0145ad40d510f2676b540
132,1000,0.2,0xcc803050dc911960c822be0f8c4d8ef9a67ba9e0,2017-10-22T04:19:27.000Z,0.0002,0xe7f6019bc38ebc35c856e4c064c8f473311aa50d,buy,0xb17df9a3b09583a9bdcf757d6367171476d4d8a3,0x1ece5bc7c59c53e4f7d4c1852919f49c6ded4195b83d6122111400c126b3ab8d
133,500,0.1,0xcc803050dc911960c822be0f8c4d8ef9a67ba9e0,2017-10-22T04:07:26.000Z,0.0002,0xe7f6019bc38ebc35c856e4c064c8f473311aa50d,buy,0xb17df9a3b09583a9bdcf757d6367171476d4d8a3,0xc6a12e061d0b51ccea6ad5f559334af7d1549217c2d0411e6e8a9f0019580fe1
134,7477.104831744407,1.4954209663488816,0xc45cb0cd2df62622a947b877076dbe2bb5dbeaee,2017-10-22T01:26:13.000Z,0.0002,0xe7f6019bc38ebc35c856e4c064c8f473311aa50d,buy,0xb17df9a3b09583a9bdcf757d6367171476d4d8a3,0x07ef7ef300fa3cc92592f553e6b36f1e6e8235e354698fcfff6c5bc1532cfb0c
135,500,0.1,0xf04c1c5e155d3ba4e3a495eb3a5cf31102707fb0,2017-10-21T17:16:28.000Z,0.0002,0xe7f6019bc38ebc35c856e4c064c8f473311aa50d,buy,0xb17df9a3b09583a9bdcf757d6367171476d4d8a3,0x79760f44a0a2374611d101a72999b45eb10bdb4bfccee61ab28f1b9ad5541047
136,5086,1.0172,0xf68362dbc57b30c49bff0b4c0af688962eb0186d,2017-10-21T16:47:31.000Z,0.0002,0xe7f6019bc38ebc35c856e4c064c8f473311aa50d,buy,0xb17df9a3b09583a9bdcf757d6367171476d4d8a3,0x6d38afc91e3dd334cd8f4d8d4c79d47d46da79163973e34c10e051214fc52943
137,15000,3,0x3f99945c9b107d2278ea6a7f6692180b2b548fe3,2017-10-21T16:13:02.000Z,0.0002,0xe7f6019bc38ebc35c856e4c064c8f473311aa50d,buy,0xb17df9a3b09583a9bdcf757d6367171476d4d8a3,0xd6b6bff3ae252393be481be82669c4c247a23b012c822a09a92c2b09b71ad809
138,5000,1,0x91c510a9b73d0e6bbefe2fab2041beb8acc06837,2017-10-21T16:00:33.000Z,0.0002,0xe7f6019bc38ebc35c856e4c064c8f473311aa50d,buy,0xb17df9a3b09583a9bdcf757d6367171476d4d8a3,0x46179e878ddd64b82eb5fc59d86560262f3ebdc1a71cbca8c2659cf8e62fec7b
139,6300,1.26,0x599bb6f3ed61c8b001f23b26380655f9c1abdf37,2017-10-21T15:45:00.000Z,0.0002,0xe7f6019bc38ebc35c856e4c064c8f473311aa50d,buy,0xb17df9a3b09583a9bdcf757d6367171476d4d8a3,0x993a335dc1661d22e84affda578287873f48c47975a56d16d7ead734fe16351c
140,2838.567228154372,0.5677134456308744,0xc45cb0cd2df62622a947b877076dbe2bb5dbeaee,2017-10-21T14:56:57.000Z,0.0002,0xe7f6019bc38ebc35c856e4c064c8f473311aa50d,buy,0xb17df9a3b09583a9bdcf757d6367171476d4d8a3,0xd1575d16856c4dd8c8b64f1471cb614ea2a95890e9fc2ef58af062425cba9107
141,25152.22764924191,5.030445529848382,0x3f99945c9b107d2278ea6a7f6692180b2b548fe3,2017-10-21T13:51:54.000Z,0.0002,0xe7f6019bc38ebc35c856e4c064c8f473311aa50d,buy,0xb17df9a3b09583a9bdcf757d6367171476d4d8a3,0xca72596848d64079b5be2593a3db0c9fea5b35372ba4c0043f7e3a5d85a78d17
142,49847.77235075809,9.969554470151618,0xd7cb7484ab22b47d788a34cd8035b9f7b512d371,2017-10-21T13:44:40.000Z,0.0002,0xe7f6019bc38ebc35c856e4c064c8f473311aa50d,buy,0xb17df9a3b09583a9bdcf757d6367171476d4d8a3,0x219549e146b0948027a4fa725514af818160be1b9014c065c5c5b4d0f308d8ab
143,25000,5,0x8866da41619022ebd8d317dd7c09331f5ec3db64,2017-10-21T13:33:27.000Z,0.0002,0xe7f6019bc38ebc35c856e4c064c8f473311aa50d,buy,0xb17df9a3b09583a9bdcf757d6367171476d4d8a3,0x21f9a1d5bb5cdc99d8e259ceb6493da3e6fc15e295715b2bf3bf2d1ccaa60800
144,3500,0.735,0x8866da41619022ebd8d317dd7c09331f5ec3db64,2017-10-21T13:15:00.000Z,0.00021,0xec90c61009cc7d4c8af3867787e7744e6f57f524,buy,0xb17df9a3b09583a9bdcf757d6367171476d4d8a3,0x54573535737c204ac3f6440a8ae962707f6ad8e177d8a1056f1f98b6ba0915a2
145,11300,2.26,0x3f99945c9b107d2278ea6a7f6692180b2b548fe3,2017-10-21T13:01:36.000Z,0.0002,0xe7f6019bc38ebc35c856e4c064c8f473311aa50d,buy,0xb17df9a3b09583a9bdcf757d6367171476d4d8a3,0x2cd782454cb1d67707a4dbf6e6b5c5d383dd441fcb07428b015f85bad0e301f5
146,54000,10.8,0x3f99945c9b107d2278ea6a7f6692180b2b548fe3,2017-10-21T12:58:31.000Z,0.0002,0xe7f6019bc38ebc35c856e4c064c8f473311aa50d,buy,0xb17df9a3b09583a9bdcf757d6367171476d4d8a3,0x0d644e058835b74cda4682e49aef1fbeea09fb2b13cbce70857e954e64b11b5a
147,4000,1,0x680b99b1826e041f9546b82f9adf5edccea1672f,2017-10-21T09:03:55.000Z,0.00025,0xd445f61ebca3d6b4c57eef1f39fdab6595ef8972,sell,0xb17df9a3b09583a9bdcf757d6367171476d4d8a3,0xb4327ea3ca0b890c6fb3ed6fd6abc8b749e44bff1d07c4762fd0884ec63d5024
148,4012.036108324975,0.802407221664995,0xd445f61ebca3d6b4c57eef1f39fdab6595ef8972,2017-10-21T09:03:55.000Z,0.0002,0xe7f6019bc38ebc35c856e4c064c8f473311aa50d,buy,0xb17df9a3b09583a9bdcf757d6367171476d4d8a3,0xb4327ea3ca0b890c6fb3ed6fd6abc8b749e44bff1d07c4762fd0884ec63d5024
149,4952.819025339213,0.9905638050678427,0x4be2166a8dbe25e79a9b30b4ce26858e10d21e92,2017-10-21T09:03:09.000Z,0.0002,0xe7f6019bc38ebc35c856e4c064c8f473311aa50d,buy,0xb17df9a3b09583a9bdcf757d6367171476d4d8a3,0x9349a260fd177bcfdfd62dea32eb95ba769c907d6f5a246f1166fdf66a1e02d8
150,24934.468772366425,4.986893754473285,0xad226fe0bab12c57ad157ba1a73c802fbc1bb522,2017-10-21T02:55:40.000Z,0.0002,0xe7f6019bc38ebc35c856e4c064c8f473311aa50d,buy,0xb17df9a3b09583a9bdcf757d6367171476d4d8a3,0xc9ac0393b0134b102913e9e42459958248a965c5152bbe5797dc341a5cc831ff
151,400,0.08,0xf04c1c5e155d3ba4e3a495eb3a5cf31102707fb0,2017-10-20T20:21:33.000Z,0.0002,0xe7f6019bc38ebc35c856e4c064c8f473311aa50d,buy,0xb17df9a3b09583a9bdcf757d6367171476d4d8a3,0xe10ec5917e905767eb3386eb4d7ac7c046f35a83919c1626f1ebbceba4018d85
152,12959.824543913866,2.5919649087827734,0xc7f440d4c45c1ce7a295c788d9cbea9ff627cf8a,2017-10-20T20:04:04.000Z,0.0002,0xe7f6019bc38ebc35c856e4c064c8f473311aa50d,buy,0xb17df9a3b09583a9bdcf757d6367171476d4d8a3,0xc73735945eb2ff5d18ce75a2b33f089d244cb04cf8dfeaf4b3f8b26d32efc380
153,100,0.02,0xf04c1c5e155d3ba4e3a495eb3a5cf31102707fb0,2017-10-20T19:46:09.000Z,0.0002,0xe7f6019bc38ebc35c856e4c064c8f473311aa50d,buy,0xb17df9a3b09583a9bdcf757d6367171476d4d8a3,0x5b6cd6cc69d9327f3d610f7c722a4768ecd2c16735a95846941f669a0b9e3bff
154,10000,2,0x4be2166a8dbe25e79a9b30b4ce26858e10d21e92,2017-10-20T16:59:26.000Z,0.0002,0xec90c61009cc7d4c8af3867787e7744e6f57f524,buy,0xb17df9a3b09583a9bdcf757d6367171476d4d8a3,0x5e050209fd24cdf0117f911d21482a2e6311f1a05b6b80e9ae6261b48b0b7ae0
155,5905.543,1.1811086,0xf68362dbc57b30c49bff0b4c0af688962eb0186d,2017-10-20T08:19:08.000Z,0.0002,0xec90c61009cc7d4c8af3867787e7744e6f57f524,buy,0xb17df9a3b09583a9bdcf757d6367171476d4d8a3,0x4c0fc0ff0aac72ec29b1d26a5f01fc72b374b08f8879c94abc0bc2e4bdd537ad
156,23726.547394036515,4.745309478807304,0x56d26d1eedc951ac44cbe3338b1150db2f43c861,2017-10-20T05:15:02.000Z,0.0002,0xec90c61009cc7d4c8af3867787e7744e6f57f524,buy,0xb17df9a3b09583a9bdcf757d6367171476d4d8a3,0x9f99a62a932bf0008cef9dd9ee6981391f22055b363d2ff2bb0d33cf6e2a4fa6
157,996.9095803010667,0.19938191606021333,0x56d26d1eedc951ac44cbe3338b1150db2f43c861,2017-10-20T04:25:26.000Z,0.0002,0xec90c61009cc7d4c8af3867787e7744e6f57f524,buy,0xb17df9a3b09583a9bdcf757d6367171476d4d8a3,0x0c5e0327336ef8d88eb0993eeb5e3646f501edc13712a75c13448a0ab9518f03
158,1,0.00022,0x3ac636ac5c3a2576156ac5f10066ca68abe0ad54,2017-10-18T17:59:45.000Z,0.00022,0xec90c61009cc7d4c8af3867787e7744e6f57f524,buy,0xb17df9a3b09583a9bdcf757d6367171476d4d8a3,0x0292b2c048865be4e5115ec8888f64d6926afdb7d1af2706879b32b35ebdaa1f
159,2.293577981651376,0.0005,0x16e5d97bbc92417e051e3b2cabfbf8ceea2acb9c,2017-10-18T15:52:54.000Z,0.000218,0xe7f6019bc38ebc35c856e4c064c8f473311aa50d,buy,0xb17df9a3b09583a9bdcf757d6367171476d4d8a3,0x10efaf2dc7d75db00e84262cd96455c1c25f769f5ce939bfb544f25b53e7dcdd
160,2.293577981651376,0.0005,0x379374d13077e8867ef31803c37baf9785a17c00,2017-10-18T15:19:43.000Z,0.000218,0xe7f6019bc38ebc35c856e4c064c8f473311aa50d,buy,0xb17df9a3b09583a9bdcf757d6367171476d4d8a3,0xa9118e3527875e0d4a8a77af92e391e259763e31855e5aa04e0cc75459cfdefc
161,2.293577981651376,0.0005,0xf9695cd65d6dfdf257fab76a3eb0cb8f001971cc,2017-10-18T15:19:43.000Z,0.000218,0xe7f6019bc38ebc35c856e4c064c8f473311aa50d,buy,0xb17df9a3b09583a9bdcf757d6367171476d4d8a3,0x840807d98edf521c4eab1bd7319ad2120cbd21596af7465a47477142b418e437
162,2.293577981651376,0.0005,0x42c24a83bded723edfdf5883bc7efb30bc1a1bf3,2017-10-18T13:26:10.000Z,0.000218,0xe7f6019bc38ebc35c856e4c064c8f473311aa50d,buy,0xb17df9a3b09583a9bdcf757d6367171476d4d8a3,0xc543b4566a9992350710b36a5407d1edeb2e9033ff7f3378aa895c0c3934c394
163,2.293577981651376,0.0005,0xcd912af5286dc0b0a23edb30209734ecb60838b3,2017-10-17T22:26:39.000Z,0.000218,0xe7f6019bc38ebc35c856e4c064c8f473311aa50d,buy,0xb17df9a3b09583a9bdcf757d6367171476d4d8a3,0x205ec4c4360c34c2a4216f3e866314f8145c91da2dd2bbe9c5e5914abc85b791
164,500,0.109,0xa7622a77bf13ba8dc6c37d1edd278346a7e0c174,2017-10-17T20:29:37.000Z,0.000218,0xe7f6019bc38ebc35c856e4c064c8f473311aa50d,buy,0xb17df9a3b09583a9bdcf757d6367171476d4d8a3,0xa927d7a67b82992491c249e52ddfcaecaf757ec5c43d37c05c24918684a66c4e
165,500,0.109,0xa7622a77bf13ba8dc6c37d1edd278346a7e0c174,2017-10-17T20:26:56.000Z,0.000218,0xe7f6019bc38ebc35c856e4c064c8f473311aa50d,buy,0xb17df9a3b09583a9bdcf757d6367171476d4d8a3,0x6dd46ba37643ddf3097833117a7dca09b139c5d08daa81548b871c090502d009
166,2000,0.142,0xec90c61009cc7d4c8af3867787e7744e6f57f524,2017-10-16T09:58:29.000Z,0.000071,0xec90c61009cc7d4c8af3867787e7744e6f57f524,sell,0xb17df9a3b09583a9bdcf757d6367171476d4d8a3,0x25c73160a2294f5a882414f4deae8fbfcabf0779ac83c70a024ace2b7ce58fda
167,1000,0.218,0xe7f6019bc38ebc35c856e4c064c8f473311aa50d,2017-10-15T18:23:15.000Z,0.000218,0xe7f6019bc38ebc35c856e4c064c8f473311aa50d,buy,0xb17df9a3b09583a9bdcf757d6367171476d4d8a3,0x2cbcfbc2fd86516c1f21a262a87ffe9f919a88f5bfe7ae90d4011372aae8cfbd
168,1088,0.237184,0xe7f6019bc38ebc35c856e4c064c8f473311aa50d,2017-10-14T21:15:35.000Z,0.000218,0xe7f6019bc38ebc35c856e4c064c8f473311aa50d,buy,0xb17df9a3b09583a9bdcf757d6367171476d4d8a3,0x304947f339d5891213a7aafb5251d3ae061aa1ccdd655c2eb4f469e17fb30cd8
169,4567,0.36536,0xec90c61009cc7d4c8af3867787e7744e6f57f524,2017-10-14T15:01:58.000Z,0.00008,0xe7f6019bc38ebc35c856e4c064c8f473311aa50d,buy,0xb17df9a3b09583a9bdcf757d6367171476d4d8a3,0xcac7e6321f0eb5c9055748ddd3d5b37ed07e1d298e20c2ee941e16f6e955998f
170,2860,0.6006,0xe7f6019bc38ebc35c856e4c064c8f473311aa50d,2017-10-13T02:22:03.000Z,0.00021,0xec90c61009cc7d4c8af3867787e7744e6f57f524,buy,0xb17df9a3b09583a9bdcf757d6367171476d4d8a3,0x2588b2051940b2d1768585cd07d510b36c8393c93606a3e2e0f85f7173c38cff
171,1000,0.2,0xe7f6019bc38ebc35c856e4c064c8f473311aa50d,2017-10-12T05:51:38.000Z,0.0002,0xe7f6019bc38ebc35c856e4c064c8f473311aa50d,buy,0xb17df9a3b09583a9bdcf757d6367171476d4d8a3,0x2162941472c42ed7ff62f3930bb756ccd72b9c0e746fc8bc82ac19a46f571cf7
172,192.4,0.0379028,0xe7f6019bc38ebc35c856e4c064c8f473311aa50d,2017-10-11T10:45:48.000Z,0.000197,0xec90c61009cc7d4c8af3867787e7744e6f57f524,sell,0xb17df9a3b09583a9bdcf757d6367171476d4d8a3,0x9b7c2beb406a4db4f6771c2a14ec38092632c60e8e9617b9a6457adf249afe11
173,283.22,0.056304136,0xe7f6019bc38ebc35c856e4c064c8f473311aa50d,2017-10-11T09:44:00.000Z,0.0001988,0xec90c61009cc7d4c8af3867787e7744e6f57f524,buy,0xb17df9a3b09583a9bdcf757d6367171476d4d8a3,0x2181afd5653e7e7a50f5977d56026e074d7ffb462e195ad4bfcd6d604e97458d
174,300,0.05964,0xe7f6019bc38ebc35c856e4c064c8f473311aa50d,2017-10-10T21:04:22.000Z,0.0001988,0xec90c61009cc7d4c8af3867787e7744e6f57f524,buy,0xb17df9a3b09583a9bdcf757d6367171476d4d8a3,0x32801148c5d2545232fb8bab5176e77474e54982e9cd4129d562fd4977357ba9
175,18.6,0.0036642,0xe7f6019bc38ebc35c856e4c064c8f473311aa50d,2017-10-10T11:02:03.000Z,0.000197,0xe7f6019bc38ebc35c856e4c064c8f473311aa50d,sell,0xb17df9a3b09583a9bdcf757d6367171476d4d8a3,0xfbb192281dccb8ad343a569d1087c35b4fdf6c10c313fbfc1e1d43a3216df193
176,56.78,0.011287864,0xe7f6019bc38ebc35c856e4c064c8f473311aa50d,2017-10-10T11:01:25.000Z,0.0001988,0xec90c61009cc7d4c8af3867787e7744e6f57f524,buy,0xb17df9a3b09583a9bdcf757d6367171476d4d8a3,0x414768d742a59228ea10a3a7df41c3f9ad5ebc1cd8e1527f60fcd462bbf31fce
177,10,0.001989,0xec90c61009cc7d4c8af3867787e7744e6f57f524,2017-10-10T09:53:50.000Z,0.0001989,0xe7f6019bc38ebc35c856e4c064c8f473311aa50d,buy,0xb17df9a3b09583a9bdcf757d6367171476d4d8a3,0x279c581970a691928e61ab0d824b1d6864a2a3f36ed3b2c2042efb6f7e25b9cc
178,160.343,0.0318761884,0xe7f6019bc38ebc35c856e4c064c8f473311aa50d,2017-10-10T09:49:31.000Z,0.0001988,0xec90c61009cc7d4c8af3867787e7744e6f57f524,buy,0xb17df9a3b09583a9bdcf757d6367171476d4d8a3,0xbd85a0db5aa80a48ecb23adf80f7faa7fd6caf61c14dcd00409c55edc0aba966
179,87.657,0.0174262116,0xe7f6019bc38ebc35c856e4c064c8f473311aa50d,2017-10-10T09:38:32.000Z,0.0001988,0xec90c61009cc7d4c8af3867787e7744e6f57f524,buy,0xb17df9a3b09583a9bdcf757d6367171476d4d8a3,0xb38e8254bdac3f49fb6bf7383779fcbb18a79736a4a5bb61ba197e3318aaef1c
180,100,0.01989,0x71393c82655e28709c4ac7c3ca5d9aa02fed5edb,2017-10-10T08:55:40.000Z,0.0001989,0xe7f6019bc38ebc35c856e4c064c8f473311aa50d,buy,0xb17df9a3b09583a9bdcf757d6367171476d4d8a3,0xf8979fb442c17d97f2300b139af64fac842e45e892bf14adf91975e503d50042
181,245,0.048265,0xe7f6019bc38ebc35c856e4c064c8f473311aa50d,2017-10-10T08:55:40.000Z,0.000197,0xe7f6019bc38ebc35c856e4c064c8f473311aa50d,sell,0xb17df9a3b09583a9bdcf757d6367171476d4d8a3,0xf9c44bd51b046f2998caa828c749d1ffbecb066577b4c71e05d7cf0938c3bb96
182,123,0.0244647,0xe7f6019bc38ebc35c856e4c064c8f473311aa50d,2017-10-10T08:48:05.000Z,0.0001989,0xe7f6019bc38ebc35c856e4c064c8f473311aa50d,buy,0xb17df9a3b09583a9bdcf757d6367171476d4d8a3,0x27564eb509a67a0c2f04c1dba2ca307a003d683dab6ccfe9524361ffede501d7
183,1,0.0001989,0x71393c82655e28709c4ac7c3ca5d9aa02fed5edb,2017-10-10T08:34:18.000Z,0.0001989,0xe7f6019bc38ebc35c856e4c064c8f473311aa50d,buy,0xb17df9a3b09583a9bdcf757d6367171476d4d8a3,0x93d2bc1acf8723d56b6ed18894d0a36526eda8a091f469f216ba620140d2ae61
184,123,0.02321994,0xe7f6019bc38ebc35c856e4c064c8f473311aa50d,2017-10-10T08:11:18.000Z,0.00018878,0xe7f6019bc38ebc35c856e4c064c8f473311aa50d,sell,0xb17df9a3b09583a9bdcf757d6367171476d4d8a3,0xc6c8926c12eec9e3afe838197f1329a783ba4c9a24fb6405232d6dedef9ef09d
185,100,0.019,0xe7f6019bc38ebc35c856e4c064c8f473311aa50d,2017-10-10T08:03:16.000Z,0.00019,0xe7f6019bc38ebc35c856e4c064c8f473311aa50d,buy,0xb17df9a3b09583a9bdcf757d6367171476d4d8a3,0x98f13cdf78b5cd0ad3580309d7c3030f7fdb5f3bc376ae34688d4cce7926c1a5
186,10,0.00000404,0x5d5065b42bdee0274e394ba9042c21e1818c69cf,2017-10-10T07:36:41.000Z,0.000000404,0xe7f6019bc38ebc35c856e4c064c8f473311aa50d,sell,0xb17df9a3b09583a9bdcf757d6367171476d4d8a3,0x2cd691054ab5140cfff841a44e4342515da1f6307cb867b3e8564abfabbcb356
