,amount,amountBase,buyer,date,price,seller,side,tokenAddr,txHash
0,1.4285714285714286,0.0005,0x4fda9e6bcd83af6c5cc771b5d20accc2b7720074,2017-11-02T13:29:17.000Z,0.00035,0xfebed3f7333f028aaf315e7aa6bddf28da95f853,buy,0xa54ddc7b3cce7fc8b1e3fa0256d0db80d2c10970,0x5a469352e196b07ac2bf3d19d81a7ae755f3181ff446c9ac2446348306eca3d0
1,1.4285714285714286,0.0005,0x3075f7f189912f4f425dd7021b9c396434197477,2017-11-02T12:53:21.000Z,0.00035,0xfebed3f7333f028aaf315e7aa6bddf28da95f853,buy,0xa54ddc7b3cce7fc8b1e3fa0256d0db80d2c10970,0xb37b0b4dc072d58fb4f89a4e4a4fface10659f07626b087a13086dd985104500
2,372.84418303259895,0.041012860133585884,0x74f355aeddfe000c50701d15594e37af63fddaa4,2017-11-02T08:26:56.000Z,0.00010999999999999999,0xc2ef3492077355a26a7bd24386a15e1346c07ef0,sell,0xa54ddc7b3cce7fc8b1e3fa0256d0db80d2c10970,0xa63e9b20a56d98eac021d3b5d6e998ae89dc48c9465b2eba9841600e4230be3f
3,4,0.0014,0x0b773d7819259d78757b26dc4148812d35676d8f,2017-10-31T13:51:00.000Z,0.00035,0xfebed3f7333f028aaf315e7aa6bddf28da95f853,buy,0xa54ddc7b3cce7fc8b1e3fa0256d0db80d2c10970,0x5af59c8a7ac873504438b190d82e4f1987da1c79df5d8f7b6374230476194001
4,0.9969095803010667,0.000199381916060213,0x0d479199250a62931f4ccb5dec399235da1b6834,2017-10-29T18:35:46.000Z,0.00019999999999999966,0xe4bac8191754b79f955d06eca8d95faec6b57e24,sell,0xa54ddc7b3cce7fc8b1e3fa0256d0db80d2c10970,0x0c25d2d97d4f55582b248ed94b67e3335cfbef77d2fd65bf2318214705b030eb
5,2.272727272727273,0.0005,0x34f9560c63078eb61872a4dc2ccd20e21c34feaf,2017-10-28T20:48:43.000Z,0.00022,0xf18521dc5c211dc0ed6c85b034d4f46d456950bb,buy,0xa54ddc7b3cce7fc8b1e3fa0256d0db80d2c10970,0xa58ce65bc527ae52a2a6de8e04101fad954097fbe1684b4ec7e725b614e9b367
6,2.272727272727273,0.0005,0xe444a40689f51f63bcd29910622035707d533d29,2017-10-28T20:48:07.000Z,0.00022,0xf18521dc5c211dc0ed6c85b034d4f46d456950bb,buy,0xa54ddc7b3cce7fc8b1e3fa0256d0db80d2c10970,0x660afd6fcb15607c501b785d9ddd5aa264d3340c479913ac9a2f2d2443c4282a
7,958.409,0.21084998,0xf567d5dc358662ada2855f3326b1b9be957849aa,2017-10-27T16:04:33.000Z,0.00022,0xf18521dc5c211dc0ed6c85b034d4f46d456950bb,sell,0xa54ddc7b3cce7fc8b1e3fa0256d0db80d2c10970,0xfdf21db3b2e881bb2434e87c742546c0e8092d3b9900a90a9cf09a64663e9277
8,1574.8441792784283,0.3464657194412542,0xf567d5dc358662ada2855f3326b1b9be957849aa,2017-10-27T15:59:41.000Z,0.00021999999999999998,0x0d479199250a62931f4ccb5dec399235da1b6834,sell,0xa54ddc7b3cce7fc8b1e3fa0256d0db80d2c10970,0xecc2eaad338c6934b9f5d21b3795fea9365b69b92f20245180bc6a0c805c83fe
9,2072.7046156913566,0.4559950154520985,0xf567d5dc358662ada2855f3326b1b9be957849aa,2017-10-27T15:42:56.000Z,0.00021999999999999998,0xe2eabfc1e89a462bbd2ba188cd8a9591a9a0d04e,sell,0xa54ddc7b3cce7fc8b1e3fa0256d0db80d2c10970,0xb0eee48f60fc78390f988361427109772b1ac95787f17daa0702bb53df48d9c7
10,1361.9623419140207,0.29963171522108456,0xf567d5dc358662ada2855f3326b1b9be957849aa,2017-10-27T15:39:22.000Z,0.00022,0x0d479199250a62931f4ccb5dec399235da1b6834,sell,0xa54ddc7b3cce7fc8b1e3fa0256d0db80d2c10970,0x24e8c3d2b9ce4e2b8613c4f1e37df787a0fc63bd1c1ed31194c2607a69e78d84
11,444.251739542929,0.09773538269944437,0xf567d5dc358662ada2855f3326b1b9be957849aa,2017-10-27T15:17:23.000Z,0.00021999999999999998,0x0d479199250a62931f4ccb5dec399235da1b6834,sell,0xa54ddc7b3cce7fc8b1e3fa0256d0db80d2c10970,0x2baebd61ef33ee094493288f02b0a69e21afc8c5041089da30084ba144cc4952
12,389.1993551205189,0.08562385812651416,0xf567d5dc358662ada2855f3326b1b9be957849aa,2017-10-27T13:50:45.000Z,0.00021999999999999998,0x0d479199250a62931f4ccb5dec399235da1b6834,sell,0xa54ddc7b3cce7fc8b1e3fa0256d0db80d2c10970,0xe7bbcfb1045af400647e2cb68d459fa522fd2235241b7bd48be563f0244a626c
13,858.7312139250888,0.18892086706351954,0xf567d5dc358662ada2855f3326b1b9be957849aa,2017-10-27T12:47:14.000Z,0.00021999999999999998,0x0d479199250a62931f4ccb5dec399235da1b6834,sell,0xa54ddc7b3cce7fc8b1e3fa0256d0db80d2c10970,0x57e621f84bc76225d17774f8267d5c452253f10c170af7476d2e2d0e569e1955
14,835.1212825644833,0.18372668216418633,0xf567d5dc358662ada2855f3326b1b9be957849aa,2017-10-27T12:30:24.000Z,0.00021999999999999998,0x0d479199250a62931f4ccb5dec399235da1b6834,sell,0xa54ddc7b3cce7fc8b1e3fa0256d0db80d2c10970,0x57f374460d69d11266f1153d0bff5874ab3ca742f684372f9e0455272a174571
15,801.5854043320649,0.17634878895305428,0xf567d5dc358662ada2855f3326b1b9be957849aa,2017-10-27T12:09:04.000Z,0.00021999999999999998,0x0d479199250a62931f4ccb5dec399235da1b6834,sell,0xa54ddc7b3cce7fc8b1e3fa0256d0db80d2c10970,0xb6e79355640657cc34512a80c0e1db96f3816b3fb817e18244b35707075662ae
16,703.1908549427867,0.15470198808741306,0xf567d5dc358662ada2855f3326b1b9be957849aa,2017-10-27T11:51:59.000Z,0.00021999999999999998,0x0d479199250a62931f4ccb5dec399235da1b6834,sell,0xa54ddc7b3cce7fc8b1e3fa0256d0db80d2c10970,0x978a2696ef2302798e6fa4ba3e0176e54eacf25984678c01f8c8d5ecd3c1ec17
17,57.45688366065198,0.013215083241949956,0xbceab479e392974f044099a8bc5b2a371159eb5e,2017-10-27T11:51:13.000Z,0.00022999999999999998,0x0d479199250a62931f4ccb5dec399235da1b6834,sell,0xa54ddc7b3cce7fc8b1e3fa0256d0db80d2c10970,0x2570c552fa13f3e394beeaea22ba1e5dc811a69cfeef07973461d2c3300bcb5d
18,792.543116339348,0.18228491675805003,0xbceab479e392974f044099a8bc5b2a371159eb5e,2017-10-27T06:21:47.000Z,0.00022999999999999998,0xf6a7222207c2e93d2013c76310316b5204fe89f5,sell,0xa54ddc7b3cce7fc8b1e3fa0256d0db80d2c10970,0x497d4f792d275231fea1742345097eab0d953a95195d47a9089dc2af942fbe20
19,1292.0903408982547,0.28425987499761607,0xf567d5dc358662ada2855f3326b1b9be957849aa,2017-10-24T16:48:12.000Z,0.00021999999999999998,0x8cb649f655e89c270c9129f800449ec5267bad6e,sell,0xa54ddc7b3cce7fc8b1e3fa0256d0db80d2c10970,0xd122f3e32c463653e1326f872e4d5aa66ce80a69add0ba67422c84141d4bd2ec
20,358.887448908384,0.07895523875984448,0xf567d5dc358662ada2855f3326b1b9be957849aa,2017-10-24T14:00:43.000Z,0.00021999999999999998,0x1451dbe4304a60b5b25b4d98b355effd440417af,sell,0xa54ddc7b3cce7fc8b1e3fa0256d0db80d2c10970,0x80fb620ac47b2ed301c82e873d891d911536a6345caf55efbb96c92ed5b54358
21,958.2095503937793,0.21080610108663145,0xf567d5dc358662ada2855f3326b1b9be957849aa,2017-10-24T04:08:32.000Z,0.00021999999999999998,0x8cb649f655e89c270c9129f800449ec5267bad6e,sell,0xa54ddc7b3cce7fc8b1e3fa0256d0db80d2c10970,0x5dcc734ea94636dddc45efdb105e68d685387f7fe2e867f9e9561e8bb2b95047
22,1051.271059714884,0.23127963313727445,0xf567d5dc358662ada2855f3326b1b9be957849aa,2017-10-23T18:36:11.000Z,0.00021999999999999998,0xab296c308b24c972b60a662262f144eeefc27ec8,sell,0xa54ddc7b3cce7fc8b1e3fa0256d0db80d2c10970,0xb5a7fb21b2b1177a4e3c289f41addec8a9e102e3cc7105a8395af6360b0e56d2
23,1316.9175555777092,0.289721862227096,0xd552130cea05e8b6d681af8f7a6b9ccbb54398df,2017-10-23T12:40:38.000Z,0.00021999999999999998,0x082b53c60797af3ecdcb072a57b7bcbc1729bceb,sell,0xa54ddc7b3cce7fc8b1e3fa0256d0db80d2c10970,0x8a7602895a8ab4ed8542cdb422c65328d17df413f3dcc2e6cffb003eee22cd9f
24,1023.369947432557,0.22514138843516254,0xd552130cea05e8b6d681af8f7a6b9ccbb54398df,2017-10-23T10:46:51.000Z,0.00021999999999999998,0x0d479199250a62931f4ccb5dec399235da1b6834,sell,0xa54ddc7b3cce7fc8b1e3fa0256d0db80d2c10970,0x639bbaeb86c699507c990da76e745b48dd3f7b7192b072816c3c72a27c86ca3a
25,362.69337757567234,0.07979254306664792,0xd552130cea05e8b6d681af8f7a6b9ccbb54398df,2017-10-23T01:43:53.000Z,0.00021999999999999998,0x0ce4b16411b408bc9f06d456175db3cc79b25299,sell,0xa54ddc7b3cce7fc8b1e3fa0256d0db80d2c10970,0x54c97f84905923db26a47bef1a7a6182eedb2ecbf56ace8ff4dac1333f9e82b2
26,361.8183630744691,0.07634367460871298,0x0ce4b16411b408bc9f06d456175db3cc79b25299,2017-10-22T19:44:52.000Z,0.00021099999999999998,0xa300e3aa8e5c53a93e598ba6e685a84a9cd1059c,sell,0xa54ddc7b3cce7fc8b1e3fa0256d0db80d2c10970,0xb299686a2dd37829742e7adee70496bada0323883423321bc3cfe54a8f5505fb
27,4311.256,1.25026424,0x212ffb2f514957761d3b8870508f3a1458431460,2017-10-22T05:47:43.000Z,0.00029,0x0d479199250a62931f4ccb5dec399235da1b6834,buy,0xa54ddc7b3cce7fc8b1e3fa0256d0db80d2c10970,0x8d9d3952be017c89dbdf2361d583f4dd32d9e54efc56489b4109c4d12aa4cb02
28,53.79758097620616,0.01344939524405154,0xd9f7127353985633b3419835a9d5b73508006938,2017-10-21T06:27:23.000Z,0.00025,0x0d479199250a62931f4ccb5dec399235da1b6834,buy,0xa54ddc7b3cce7fc8b1e3fa0256d0db80d2c10970,0x1d9e28206076ee41a86a0b154bb980dd0c5cac96ae9f78c9c60e423eabd3d76f
29,161.4993520087728,0.024241052736516798,0xf567d5dc358662ada2855f3326b1b9be957849aa,2017-10-21T04:13:36.000Z,0.0001501,0xdd68eac21be9595d42e6361eb86de60d3da5de2b,sell,0xa54ddc7b3cce7fc8b1e3fa0256d0db80d2c10970,0xc7c67bf99cc7fe49976f7a2a0a773caa9a067bcc8a568e134163d66a9c78f481
30,157.712,0.03678316976,0x31d807e1ed35f84248341461c6a2c44db722877b,2017-10-20T18:13:51.000Z,0.00023323,0xa33c5f802c7433647b5cc6be5886da28a9226926,buy,0xa54ddc7b3cce7fc8b1e3fa0256d0db80d2c10970,0x9cabd5fc5f68344f2cbf32711570680aed08f011b8b89ffd34d03c612417ccad
31,1202.4239,0.2741526492,0x31d807e1ed35f84248341461c6a2c44db722877b,2017-10-20T18:13:40.000Z,0.000228,0xe1e1d0d73eeb29d0632bc4c7871bfc74dbed0741,buy,0xa54ddc7b3cce7fc8b1e3fa0256d0db80d2c10970,0xcc9c337e96403c1b73b0bfce39187c829eb11e68d5e61bb0f5e0b8e39e817750
32,284.11923038580403,0.0426178845578706,0x0d479199250a62931f4ccb5dec399235da1b6834,2017-10-20T13:41:16.000Z,0.00015,0xdd789d72573b3a612944b3d2c17fba3a0a814372,sell,0xa54ddc7b3cce7fc8b1e3fa0256d0db80d2c10970,0x53c8b432942b5fadeef68b9c663ee27716e0a3f2ed806248a28d8d2c5ebc1d17
33,1.9938191606021334,0.00021533246934503,0x0ce4b16411b408bc9f06d456175db3cc79b25299,2017-10-20T06:31:06.000Z,0.00010799999999999979,0xacf141fba61e182006c80a2b170cb21190033614,sell,0xa54ddc7b3cce7fc8b1e3fa0256d0db80d2c10970,0x48497935d15ad95a30ec4c5c03435f6ebce816a9624f0bac43a0f95dc735e511
34,100,0.0228,0x4791b29abf973c112c7c9af32c22df499de9b190,2017-10-20T05:45:46.000Z,0.000228,0xe1e1d0d73eeb29d0632bc4c7871bfc74dbed0741,buy,0xa54ddc7b3cce7fc8b1e3fa0256d0db80d2c10970,0xb2c8f8aa2906ea43f6208826fc622e548e3159ee903703baa832aa540b02953b
35,0.1,0.0000228,0x6cdea8e07bf82d7a07dbf36642d6e5be8623845c,2017-10-20T02:31:12.000Z,0.000228,0xe1e1d0d73eeb29d0632bc4c7871bfc74dbed0741,buy,0xa54ddc7b3cce7fc8b1e3fa0256d0db80d2c10970,0x9c2b4c2a74ede756e229e4aa6770518752f47c7593e120c72e4f3004bb67525a
36,979.5252260134685,0.10383555110878373,0xe1e1d0d73eeb29d0632bc4c7871bfc74dbed0741,2017-10-19T23:51:08.000Z,0.00010600599999999999,0xbbe8a1421d8583194bd959a640cb82225650c748,sell,0xa54ddc7b3cce7fc8b1e3fa0256d0db80d2c10970,0xa7c5322163bd696e67662f5a75782c1cf37b9e8e7468b8d7bdf3f4025f918c19
37,1,0.00047,0x3ac636ac5c3a2576156ac5f10066ca68abe0ad54,2017-10-18T17:55:52.000Z,0.00047,0xf58481bc22a00b3f64e8ee16d23eebf00844dbd5,buy,0xa54ddc7b3cce7fc8b1e3fa0256d0db80d2c10970,0xa84f1c28e7b87bc438a8201721e522f80c76ad0d5b172ad6738bc44888d68b41
38,2.1739130434782608,0.0005,0xf9695cd65d6dfdf257fab76a3eb0cb8f001971cc,2017-10-18T15:19:58.000Z,0.00023,0xbbe8a1421d8583194bd959a640cb82225650c748,buy,0xa54ddc7b3cce7fc8b1e3fa0256d0db80d2c10970,0xe702ded81e32fba977eb5d4552e9b97338f7dc994430735814a13855a63151ba
39,2.1739130434782608,0.0005,0x379374d13077e8867ef31803c37baf9785a17c00,2017-10-18T15:19:58.000Z,0.00023,0xbbe8a1421d8583194bd959a640cb82225650c748,buy,0xa54ddc7b3cce7fc8b1e3fa0256d0db80d2c10970,0x646e7a846062efe85bd9f1197bf5a289af9b65fa98003051ffae6718aca95e23
40,10,0.0023,0x8abf98207ad56cb4ec656502ce429fb0deabe671,2017-10-18T09:57:43.000Z,0.00023,0xbbe8a1421d8583194bd959a640cb82225650c748,buy,0xa54ddc7b3cce7fc8b1e3fa0256d0db80d2c10970,0x84d6b702ea048a5752a883e3649c0d01548eefa02b33a639d07bab2e713c64b8
41,2.143806542897569,0.0005,0x16e5d97bbc92417e051e3b2cabfbf8ceea2acb9c,2017-10-17T18:03:04.000Z,0.00023323,0xa33c5f802c7433647b5cc6be5886da28a9226926,buy,0xa54ddc7b3cce7fc8b1e3fa0256d0db80d2c10970,0x857116c179b218a57855166623f0dcef0c9c59298601431b2581d3c5aaa1a63c
42,161.4993520087728,0.016642508224504037,0x0ce4b16411b408bc9f06d456175db3cc79b25299,2017-10-17T17:13:18.000Z,0.00010304999999999998,0x1e99737d62e293d6043f2407a24652d39b1ec372,sell,0xa54ddc7b3cce7fc8b1e3fa0256d0db80d2c10970,0x0966ddbc026ad7d79500a3cb584a7330d15285819a67afc813878e51faa9f371
43,1133.4861928023129,0.11680575216827833,0x0ce4b16411b408bc9f06d456175db3cc79b25299,2017-10-17T16:32:31.000Z,0.00010304999999999998,0xd433ff14078a9185ce9d096147fa4fecd00d7148,sell,0xa54ddc7b3cce7fc8b1e3fa0256d0db80d2c10970,0x19795c75ebe0a9daa3dafd460cabc7de6fd745de6b4b151f141b5a6e2fd8086e
44,2.143806542897569,0.0005,0xcd912af5286dc0b0a23edb30209734ecb60838b3,2017-10-17T05:42:48.000Z,0.00023323,0xa33c5f802c7433647b5cc6be5886da28a9226926,buy,0xa54ddc7b3cce7fc8b1e3fa0256d0db80d2c10970,0x7b14bb5bbf8df8f387423d4d82245ac52bab53bdc292fff527618ddc2ddc4118
45,1149,0.20682,0x956dc60c714883c17a7d0828d2178d51c5e377e1,2017-10-16T09:07:00.000Z,0.00018,0xc2962211e0349ad7e5b0cb6c4d358c1fbfaedae8,buy,0xa54ddc7b3cce7fc8b1e3fa0256d0db80d2c10970,0x5910912cae63d37d973778979bfeb031efd6b7fb73fba8e6bcf771fecc316d25
46,161.4993520087728,0.016472933904894824,0xe1e1d0d73eeb29d0632bc4c7871bfc74dbed0741,2017-10-16T04:58:11.000Z,0.00010199999999999999,0xf751033d4e6864a88be93e36258246f26aef577c,sell,0xa54ddc7b3cce7fc8b1e3fa0256d0db80d2c10970,0x546fa0299327447b0ef4d6cb8f21d12379bff75cb7948933a27bc8dce10a28c7
47,161.4993520087728,0.016166085136078156,0xe1e1d0d73eeb29d0632bc4c7871bfc74dbed0741,2017-10-13T05:42:49.000Z,0.0001001,0x56eb4d25984265a416fa895ce72b900786fcf1a0,sell,0xa54ddc7b3cce7fc8b1e3fa0256d0db80d2c10970,0xae401f99eda725663325202648861e9533fc198e683e8c35c08939c3aadaa026
48,161.4993520087728,0.016166085136078156,0xe1e1d0d73eeb29d0632bc4c7871bfc74dbed0741,2017-10-13T05:42:29.000Z,0.0001001,0x56eb4d25984265a416fa895ce72b900786fcf1a0,sell,0xa54ddc7b3cce7fc8b1e3fa0256d0db80d2c10970,0xae401f99eda725663325202648861e9533fc198e683e8c35c08939c3aadaa026
49,996.9095803010667,0.01993819160602133,0xbbe8a1421d8583194bd959a640cb82225650c748,2017-10-11T17:18:44.000Z,0.00001999999999999999,0x327cb0abd917ab3e274cd16b56a1fdb940c9d65c,sell,0xa54ddc7b3cce7fc8b1e3fa0256d0db80d2c10970,0x38e2c5266c1476abde24646bd9067f7309b0cbc37bf1e8c2b31d8f26f1c0aecd
50,2676.3034592762438,0.4175301026816868,0x3dee4a4e076e8d82859d241db0baf46f112cfa23,2017-10-10T17:19:08.000Z,0.00015601,0x62208973e8cac2e82881a8e7120664c623b4a500,sell,0xa54ddc7b3cce7fc8b1e3fa0256d0db80d2c10970,0xb7aa3ab5a0f86200cf0da9c2daf160ec0fc1b65eed00ad861b81f3ef82542644
51,4000,2.36,0xca53a9849e6b3844258377188bd98517be8a9c28,2017-10-10T16:50:17.000Z,0.00059,0xe1e1d0d73eeb29d0632bc4c7871bfc74dbed0741,sell,0xa54ddc7b3cce7fc8b1e3fa0256d0db80d2c10970,0x6baf8c0d3e6574be242978066b61ee2304e4f1c2718e7e516e1b23604ab1aa49
52,9328.082942877081,1.4551809390888246,0xe1e1d0d73eeb29d0632bc4c7871bfc74dbed0741,2017-10-10T02:55:16.000Z,0.000156,0x0653726d6def67472d2b1f1b64f1d2045752fb37,sell,0xa54ddc7b3cce7fc8b1e3fa0256d0db80d2c10970,0x1ba0650cb334196d93c78819f9d6fc7d5855ae97bbde67634ecdf05a477e4d46
53,136.67982653773302,0.02132205293988635,0xe1e1d0d73eeb29d0632bc4c7871bfc74dbed0741,2017-10-10T02:36:17.000Z,0.000156,0x3b04eece9b08db9b159a8206fee8ca7ed3e4fb79,sell,0xa54ddc7b3cce7fc8b1e3fa0256d0db80d2c10970,0x1ededa9b8a2c75fb1009f5e27479416807f6f62adc8853afcdafcc202d498bbe
54,24.822,0.0049644,0x5d5065b42bdee0274e394ba9042c21e1818c69cf,2017-10-10T02:15:39.000Z,0.0002,0x3b04eece9b08db9b159a8206fee8ca7ed3e4fb79,sell,0xa54ddc7b3cce7fc8b1e3fa0256d0db80d2c10970,0xd93a27b32f0febd6134fee25ab004a099984f35a4011b2585b564204b8c86856
55,58.51092382843953,0.011702184765687905,0x5d5065b42bdee0274e394ba9042c21e1818c69cf,2017-10-07T23:28:44.000Z,0.00019999999999999998,0x45f625d1b4eaed944ab2af1d95d5ff1601a8199f,sell,0xa54ddc7b3cce7fc8b1e3fa0256d0db80d2c10970,0xa538c3fe51d1c07898b94f67f63229057a6bf3f377f1311661e9d7c5361b90b9
56,100,0.057,0x60324ce537ae426503e832e174a0deb3db06e330,2017-10-05T02:33:05.000Z,0.00057,0x1a6b3ff9c17ba22980281cf2a5fa829b994bbd20,sell,0xa54ddc7b3cce7fc8b1e3fa0256d0db80d2c10970,0x703e8cd216ff0a07f69f5f476c88b052399f2cf136b3dcb200b89b57ff299ded
57,2,0.00114,0x0024a5046fd95c5eee6db19a69ef7ed3bacd50f1,2017-10-03T20:57:16.000Z,0.00057,0x8cb649f655e89c270c9129f800449ec5267bad6e,buy,0xa54ddc7b3cce7fc8b1e3fa0256d0db80d2c10970,0xba3f4fa73d3e4bf860c2a2522d733ab11917e5d9ccd2a95cfe74fc362eb0a98d
58,162,0.010614564,0xe2eabfc1e89a462bbd2ba188cd8a9591a9a0d04e,2017-09-30T02:11:12.000Z,0.000065522,0xbb3d24900039279dda91d1713a2f30277ade8f97,buy,0xa54ddc7b3cce7fc8b1e3fa0256d0db80d2c10970,0xade442c54cc6dcba13650e0bacba381c75e234a1391a4eb66bcfbc96be370cf8
59,249.22739507526668,0.01632987738012162,0xeed7479945c74f45c8a2586bfbea53ed4883a6c8,2017-09-28T14:54:37.000Z,0.00006552199999999999,0x3db0c850f0e3b5c193bac83bb4428d32243160ab,sell,0xa54ddc7b3cce7fc8b1e3fa0256d0db80d2c10970,0xafdae5a71064ab3ccd5bf96441e2c77f6fb4dcb3e812868cb1e8b4fed11d6c08
60,250,0.15725,0x3db0c850f0e3b5c193bac83bb4428d32243160ab,2017-09-28T14:45:18.000Z,0.000629,0xeed7479945c74f45c8a2586bfbea53ed4883a6c8,buy,0xa54ddc7b3cce7fc8b1e3fa0256d0db80d2c10970,0x30e8adcebcb7182a0aa165a06dd46588f644ab8df1d7fd91746ac5a87703d001
61,10,0.00629,0xa0be78d2bac6a692adba423c7af50ec86a18bddf,2017-09-28T13:11:22.000Z,0.000629,0xeed7479945c74f45c8a2586bfbea53ed4883a6c8,buy,0xa54ddc7b3cce7fc8b1e3fa0256d0db80d2c10970,0x80a3f189a0ae58c47905358e62879b4681c3f12bded2bd7c34cd609f48c1a299
62,5,0.003145,0xa0be78d2bac6a692adba423c7af50ec86a18bddf,2017-09-28T13:07:54.000Z,0.000629,0xeed7479945c74f45c8a2586bfbea53ed4883a6c8,buy,0xa54ddc7b3cce7fc8b1e3fa0256d0db80d2c10970,0xd46b1b58036dc06cae33b67e995439eb0269efe4e24dcd59d732999ca058802e
63,424.216,0.02779039016,0xf732b16f5aee6cd2db5b30a7a3860764a48b19ff,2017-09-27T20:14:09.000Z,0.00006551,0x7e9ce501d342611ca4692399a2475910f2069af5,buy,0xa54ddc7b3cce7fc8b1e3fa0256d0db80d2c10970,0x0c72065522126d922e59dfe8a82b855f111cda329fbd12e0d31c4653cf36e6d8
64,729.7378127803809,0.04780512411524275,0x3dee4a4e076e8d82859d241db0baf46f112cfa23,2017-09-27T13:46:28.000Z,0.00006550999999999999,0x57e9d807c28e50432f39220ebcc01bc1ae07d7e1,sell,0xa54ddc7b3cce7fc8b1e3fa0256d0db80d2c10970,0xd46bd63829b2a7693ce4e231183dc1acf60d6a727df109d73963831686904736
65,1004.8848569434753,0.06583000697836706,0x3dee4a4e076e8d82859d241db0baf46f112cfa23,2017-09-27T13:33:07.000Z,0.00006550999999999999,0x4c6608fdbafcab2044d00aea3577c058f6a39581,sell,0xa54ddc7b3cce7fc8b1e3fa0256d0db80d2c10970,0x0bbd0a40e07508a0f2f7ad511044d09ca42d8a71e600a17a49fe27a456c852ae
66,0.7692307692307693,0.0005,0xc886b21b865e7c90432d9b8bdb14ad254f2232f5,2017-09-25T21:18:44.000Z,0.00065,0xeed7479945c74f45c8a2586bfbea53ed4883a6c8,buy,0xa54ddc7b3cce7fc8b1e3fa0256d0db80d2c10970,0x176fb517b9887275825ce7f4358d3c74d8906998f25d5c4ca9dba2a9da93cd8a
67,0.7692307692307693,0.0005,0xe37bd4d49c619e748d4efe74525489d26b6aff43,2017-09-25T17:08:27.000Z,0.00065,0xeed7479945c74f45c8a2586bfbea53ed4883a6c8,buy,0xa54ddc7b3cce7fc8b1e3fa0256d0db80d2c10970,0x4e77daa87228c33e419dc5a81758e2eb21fafefd82bf0727f541b84deba6840b
68,0.7692307692307693,0.0005,0xe5a759eb3e214ff0a2bbbea31acc41c9bf27b239,2017-09-25T10:47:39.000Z,0.00065,0xeed7479945c74f45c8a2586bfbea53ed4883a6c8,buy,0xa54ddc7b3cce7fc8b1e3fa0256d0db80d2c10970,0xc341ee32b32217a25e4e901fbf5c722c45c635b729e32859dc81dd83fe52e7c6
69,0.7692307692307693,0.0005,0x23ee598e50ff1b1bde1022bf3c8a41d4c23321a0,2017-09-25T10:22:35.000Z,0.00065,0xeed7479945c74f45c8a2586bfbea53ed4883a6c8,buy,0xa54ddc7b3cce7fc8b1e3fa0256d0db80d2c10970,0x781638bfc480446a6bc78f95d98e1182984728e6075344fffb56644a46d02f2a
70,0.7692307692307693,0.0005,0x160506e5a5ce5dadd43623689f53d5aa1f288f0f,2017-09-25T08:42:00.000Z,0.00065,0xeed7479945c74f45c8a2586bfbea53ed4883a6c8,buy,0xa54ddc7b3cce7fc8b1e3fa0256d0db80d2c10970,0x7a5fbe0d77e956f2f0af176599549e9ef529aa134c7716a5c02ba16968ec68ab
71,0.7142857142857143,0.0005,0xc22f5ab4f1591613a92b4d172cc7f4e4a5af58cd,2017-09-24T00:02:30.000Z,0.0007,0xf732b16f5aee6cd2db5b30a7a3860764a48b19ff,buy,0xa54ddc7b3cce7fc8b1e3fa0256d0db80d2c10970,0x888f21352c72f2aba4bffafa496d85d2b0ff419c247074dd99d8f641f739bbf2
72,0.7142857142857143,0.0005,0x452b06f1c61cff4c9bebaa405319a7c3b12553a2,2017-09-23T23:57:20.000Z,0.0007,0xf732b16f5aee6cd2db5b30a7a3860764a48b19ff,buy,0xa54ddc7b3cce7fc8b1e3fa0256d0db80d2c10970,0x0cccce05f021a14bf220df3ca9c15bdde971bc34ef29932b17a7af742faeb42d
73,0.7692307692307693,0.0005,0x2ba19ec4bcd5ae8de66b110bde5ebf41092bd02f,2017-09-23T19:18:58.000Z,0.00065,0x45f625d1b4eaed944ab2af1d95d5ff1601a8199f,buy,0xa54ddc7b3cce7fc8b1e3fa0256d0db80d2c10970,0x6a0fcf97173fb49fcd358bc1bfc5bc3b1852391228a4a869ce00ad79e59ae65b
74,0.7692307692307693,0.0005,0x18a902dc44442205b4ba2b1dc038e67506d22c55,2017-09-23T16:25:33.000Z,0.00065,0x45f625d1b4eaed944ab2af1d95d5ff1601a8199f,buy,0xa54ddc7b3cce7fc8b1e3fa0256d0db80d2c10970,0x18ede21a1e1126c3a7b7f57610311521bd424932c81bfab31b06b99c66f6fd17
75,0.7692307692307693,0.0005,0xd868b838b5de79f1e540b5d83c9e9a3d0b3810cd,2017-09-23T16:23:57.000Z,0.00065,0x45f625d1b4eaed944ab2af1d95d5ff1601a8199f,buy,0xa54ddc7b3cce7fc8b1e3fa0256d0db80d2c10970,0x81647efc71beea94f6a2bc8ffa6ef29a8e979e5c1ce3e26e82ef850e22c0ac23
76,1,0.00065,0x912d0fc48933a642d2d3dcddda6b45077d6072f3,2017-09-23T13:11:34.000Z,0.00065,0x45f625d1b4eaed944ab2af1d95d5ff1601a8199f,buy,0xa54ddc7b3cce7fc8b1e3fa0256d0db80d2c10970,0xe75417d8a5bafbcec3f6bde9c15faf6541db3ed1b9829adf5c6c323a2a50fc6a
77,161.4993520087728,0.03229987040175456,0x0644c1a6d61e0994c73c86febdf64ec8432b1013,2017-09-22T07:42:26.000Z,0.00019999999999999998,0x98d7d86a36abf430d6311d8685e9760a85b222dd,sell,0xa54ddc7b3cce7fc8b1e3fa0256d0db80d2c10970,0xf7446cacc9a3cf902e678e899dc5b7e092142629429e31ecbc235fd2d4c5c814
78,0.7142857142857143,0.0005,0x999dbc9673afdd6b6c140c261297f89de35ff1b3,2017-09-22T06:06:53.000Z,0.0007,0xf732b16f5aee6cd2db5b30a7a3860764a48b19ff,buy,0xa54ddc7b3cce7fc8b1e3fa0256d0db80d2c10970,0x2eb0e567eeb8a1ce9e27c58edffec7fad36664f31596b3b6e0413df53f47a8bb
79,0.7142857142857143,0.0005,0x999dbc9673afdd6b6c140c261297f89de35ff1b3,2017-09-22T05:33:49.000Z,0.0007,0xf732b16f5aee6cd2db5b30a7a3860764a48b19ff,buy,0xa54ddc7b3cce7fc8b1e3fa0256d0db80d2c10970,0xfb4ba0d0049c0bb664889696e22faff54488be1fb42a70ce71d6a1a348f9ed13
80,0.7142857142857143,0.0005,0x8612d2a48328bbf318b856ed0daaa4a7034383d0,2017-09-22T05:24:18.000Z,0.0007,0xf732b16f5aee6cd2db5b30a7a3860764a48b19ff,buy,0xa54ddc7b3cce7fc8b1e3fa0256d0db80d2c10970,0xf88b5ab75de161ebd5e8cdc2f485e6ea35e93fa824a10c6042705d23f9be7046
81,0.7142857142857143,0.0005,0x10c12555236fa11fc988be565ab70c82a4660ecf,2017-09-22T05:19:22.000Z,0.0007,0xf732b16f5aee6cd2db5b30a7a3860764a48b19ff,buy,0xa54ddc7b3cce7fc8b1e3fa0256d0db80d2c10970,0xbe94a26cbfd0dca0e6a13232d2718b9e2aaa02fc91e1aa381bd536254035664b
82,1.429,0.0010003,0x19b78488b79c6a45d4e060f05a2b35c4873f25c5,2017-09-22T05:13:39.000Z,0.0007,0xf732b16f5aee6cd2db5b30a7a3860764a48b19ff,buy,0xa54ddc7b3cce7fc8b1e3fa0256d0db80d2c10970,0x66d86a623e6dd2b3167f9ca84d5880b931d5bd591b72c0e2aab3290158c6a42d
83,0.7142857142857143,0.0005,0x8f28b1970e72adb11173044ebc762800e3128238,2017-09-22T05:09:45.000Z,0.0007,0xf732b16f5aee6cd2db5b30a7a3860764a48b19ff,buy,0xa54ddc7b3cce7fc8b1e3fa0256d0db80d2c10970,0xa91e46034aa981a4ee4d45f1cb67eb002e56a5b3cf95ce719fab21f6431641bd
84,0.7142857142857143,0.0005,0x7ed2114439b24152cf18c02c10cae681a7ca2adc,2017-09-22T05:07:53.000Z,0.0007,0xf732b16f5aee6cd2db5b30a7a3860764a48b19ff,buy,0xa54ddc7b3cce7fc8b1e3fa0256d0db80d2c10970,0x881c60510caa51ff833a88745d37a960d5e3e537dbf5f61d34b2f7705f550321
85,0.7142857142857143,0.0005,0x03dd03643b71b06642179afb38211c0f45699bc5,2017-09-22T04:58:52.000Z,0.0007,0xf732b16f5aee6cd2db5b30a7a3860764a48b19ff,buy,0xa54ddc7b3cce7fc8b1e3fa0256d0db80d2c10970,0x800e642ec4d06c5eef34887e4e4bbb955e7cc1e1add35860fdf4f9698207d73c
86,0.000000000258776224,0.000000000000000883,0xb902ba6e3272e66c74035d7e30f4fa9279bd56f9,2017-09-21T22:09:50.000Z,0.00000341221456264853,0xe4dcb24dc1b05722530f033ad812e851b62cc0aa,sell,0xa54ddc7b3cce7fc8b1e3fa0256d0db80d2c10970,0x0f03459016438a2077d6ed2ad2de9ecc185850ad0368e167afdc92031593a625
87,0.00000259578429229,0.000000000008859411,0x4ab5bfddafbd1507707415be517699d09fd16158,2017-09-21T21:54:56.000Z,0.00000341299969581995,0xe4dcb24dc1b05722530f033ad812e851b62cc0aa,sell,0xa54ddc7b3cce7fc8b1e3fa0256d0db80d2c10970,0x71b2456db99474e0d0dce34348548c5b172d68fdf4b06796636028461c230d4f
88,0.026038312235956484,0.000005207662447191,0x0644c1a6d61e0994c73c86febdf64ec8432b1013,2017-09-21T21:52:10.000Z,0.0001999999999999886,0xe4dcb24dc1b05722530f033ad812e851b62cc0aa,sell,0xa54ddc7b3cce7fc8b1e3fa0256d0db80d2c10970,0x567eb997b2399b62e994ff77e2e2bd14e9fa3295bc5bdf15fc266c48bc0459ad
89,261.1903100388795,0.05223806200777589,0x0644c1a6d61e0994c73c86febdf64ec8432b1013,2017-09-21T21:45:47.000Z,0.00019999999999999998,0xe4dcb24dc1b05722530f033ad812e851b62cc0aa,sell,0xa54ddc7b3cce7fc8b1e3fa0256d0db80d2c10970,0x8d9764668efef695ca7f7fecf2869822ca9f685be797cb57a162e5af106108d9
90,424.21684268130497,0.9969095803010667,0x7e9ce501d342611ca4692399a2475910f2069af5,2017-09-21T20:26:52.000Z,0.00235,0x2d7ad46c8c2128b37f7bbf1d70f81db34d1176ba,buy,0xa54ddc7b3cce7fc8b1e3fa0256d0db80d2c10970,0x52a97c44109a618ce9aa9115d56bc77b318e01aa78f0f0e69cc3d7558f0ba345
91,287.1099591267072,0.05742199182534144,0x0644c1a6d61e0994c73c86febdf64ec8432b1013,2017-09-21T07:12:44.000Z,0.00019999999999999998,0xd460056fd946b6a3f0240e15e7732016fbe1eb36,sell,0xa54ddc7b3cce7fc8b1e3fa0256d0db80d2c10970,0xb60300a09cdb105a0ae6e7cedefa70ed01dc4e184b4a66616e0e895fc905a3ab
92,0.7142857142857143,0.0005,0x1f8ac99600c61189d92c85cc760735b9e0067a60,2017-09-21T01:06:15.000Z,0.0007,0xeed7479945c74f45c8a2586bfbea53ed4883a6c8,buy,0xa54ddc7b3cce7fc8b1e3fa0256d0db80d2c10970,0x1b01c02b1678dd4389853399a80d8073d9c482e1a6c85eda52d65c5fcfcdd4a1
93,285,0.1425,0xf732b16f5aee6cd2db5b30a7a3860764a48b19ff,2017-09-21T01:03:51.000Z,0.0005,0x491abe8711af71efb086b827a4c7d68905efb0fa,buy,0xa54ddc7b3cce7fc8b1e3fa0256d0db80d2c10970,0x6e7880a8c92def9840a2db22255f64709c5dd9b2d23c0be887d9316814cb3baf
94,720,0.006048,0xf732b16f5aee6cd2db5b30a7a3860764a48b19ff,2017-09-21T00:50:26.000Z,0.0000084,0x5fc3f6c9ca73d3a97bf59bc7327c92dbae884fd6,buy,0xa54ddc7b3cce7fc8b1e3fa0256d0db80d2c10970,0xc0dec8d0b06f7e5e6de8cb040ae72a5e3aa2aa056a329f40d9554a29c13565ce
95,0.7142857142857143,0.0005,0x42c24a83bded723edfdf5883bc7efb30bc1a1bf3,2017-09-20T20:58:57.000Z,0.0007,0xeed7479945c74f45c8a2586bfbea53ed4883a6c8,buy,0xa54ddc7b3cce7fc8b1e3fa0256d0db80d2c10970,0x2fd6d7f0d193173f810bc757ac311258e3d994634b7f975accd4462044866cfb
96,0.7142857142857143,0.0005,0x42c24a83bded723edfdf5883bc7efb30bc1a1bf3,2017-09-20T20:57:07.000Z,0.0007,0xeed7479945c74f45c8a2586bfbea53ed4883a6c8,buy,0xa54ddc7b3cce7fc8b1e3fa0256d0db80d2c10970,0x2fd6d7f0d193173f810bc757ac311258e3d994634b7f975accd4462044866cfb
97,0.7142857142857143,0.0005,0x0f657c396dfcd6c59bb82b89fc3adbe5f90ce153,2017-09-20T20:34:21.000Z,0.0007,0xeed7479945c74f45c8a2586bfbea53ed4883a6c8,buy,0xa54ddc7b3cce7fc8b1e3fa0256d0db80d2c10970,0x9a787fec99097657cf46b4a4273bf1869c22056f9d5d8ab77b1630a45f1c8d40
98,1.9938191606021334,0.000438640215332469,0xeed7479945c74f45c8a2586bfbea53ed4883a6c8,2017-09-20T03:47:59.000Z,0.00021999999999999982,0x00505d0a66a0646c85095bbfd75f57c4e1c431ba,sell,0xa54ddc7b3cce7fc8b1e3fa0256d0db80d2c10970,0xe7db61e3d1e455ae1ad6083410a726598dffe7044576c4ca135a996638343ef8
99,7688.166683281826,0.7689012381616988,0xb902ba6e3272e66c74035d7e30f4fa9279bd56f9,2017-09-17T06:14:16.000Z,0.000100011,0x2eaa87226e56254e355eeb320e657786a2b40599,sell,0xa54ddc7b3cce7fc8b1e3fa0256d0db80d2c10970,0x6f71e4e54c895bac17639b07e39225a782cff88abe277d9ca8dfed28f83f852f
100,7688.166683281826,0.7689012381616988,0xb902ba6e3272e66c74035d7e30f4fa9279bd56f9,2017-09-17T06:14:15.000Z,0.00010001099999999999,0x2eaa87226e56254e355eeb320e657786a2b40599,sell,0xa54ddc7b3cce7fc8b1e3fa0256d0db80d2c10970,0x6f71e4e54c895bac17639b07e39225a782cff88abe277d9ca8dfed28f83f852f
101,380.7506729139667,0.13326273551988835,0xeed7479945c74f45c8a2586bfbea53ed4883a6c8,2017-09-17T02:46:27.000Z,0.00035,0x4ab5bfddafbd1507707415be517699d09fd16158,sell,0xa54ddc7b3cce7fc8b1e3fa0256d0db80d2c10970,0x43110e1e76487a71b091252bd026f18f71d11f6b8b21924648bf4594c57dbb6a
102,100,0.4,0x7297e768614f2a316f0fc400b2260c5349fbbfb4,2017-09-16T19:43:11.000Z,0.004,0xf142f26d1cac4ba8a6e6d7974d243eda2fe5f4f9,sell,0xa54ddc7b3cce7fc8b1e3fa0256d0db80d2c10970,0x835fd76ea6c92ff046136a9ff93987654fb8791845c3af2f065ff8a143086f81
103,1,0.009921,0xd6f29f2fb0a1dc783aeab42ce7ce9276f8e14a54,2017-09-16T01:18:30.000Z,0.009921,0x93bf27a3512f28a4ce66ebd0bc0fc8dfd0602448,buy,0xa54ddc7b3cce7fc8b1e3fa0256d0db80d2c10970,0x9ac0c1dcdc895f8f4a3250f470b31acb909cb7b13747cd5b272ecb3496a89e49
104,1,0.009921,0xd6f29f2fb0a1dc783aeab42ce7ce9276f8e14a54,2017-09-16T01:14:15.000Z,0.009921,0x93bf27a3512f28a4ce66ebd0bc0fc8dfd0602448,buy,0xa54ddc7b3cce7fc8b1e3fa0256d0db80d2c10970,0xe7e0dd09f6106c2be3963002075a0118656597cc4bbc614ada523e307533bfa5
105,1,0.009921,0xd6f29f2fb0a1dc783aeab42ce7ce9276f8e14a54,2017-09-16T01:11:25.000Z,0.009921,0x93bf27a3512f28a4ce66ebd0bc0fc8dfd0602448,buy,0xa54ddc7b3cce7fc8b1e3fa0256d0db80d2c10970,0x9ac4c40e1b751ba7ebc7ac4697ec46133acfd83dcff1e8987fc286b52f993739
106,619.2493270860333,0.21673726448011166,0xeed7479945c74f45c8a2586bfbea53ed4883a6c8,2017-09-15T18:45:06.000Z,0.00035,0x32ad720c6de7941785335653b1478024d8082470,sell,0xa54ddc7b3cce7fc8b1e3fa0256d0db80d2c10970,0x47ccefaa6b76f98e5b97e6a6ced468579a42d136e67a34625911f515e2d8d11f
107,100,0.046,0x4791b29abf973c112c7c9af32c22df499de9b190,2017-09-10T13:50:45.000Z,0.00046,0x32ad720c6de7941785335653b1478024d8082470,sell,0xa54ddc7b3cce7fc8b1e3fa0256d0db80d2c10970,0xfc62e88c70eccbb150a4e92bdb4b6458cd7ead04e13ecf2d6e9ecac1425bc9bc
108,100,0.048,0x4791b29abf973c112c7c9af32c22df499de9b190,2017-09-10T13:49:31.000Z,0.00048,0x32ad720c6de7941785335653b1478024d8082470,sell,0xa54ddc7b3cce7fc8b1e3fa0256d0db80d2c10970,0xb6d5cd8155e2624adfd78434ee94cfe60f86b492eae187d58f87e7f96c043870
109,100,0.047,0x4791b29abf973c112c7c9af32c22df499de9b190,2017-09-10T13:49:31.000Z,0.00047,0x32ad720c6de7941785335653b1478024d8082470,sell,0xa54ddc7b3cce7fc8b1e3fa0256d0db80d2c10970,0xcc7895754f8bc8000eea4be769b54d84cd8f17baec148b7549f6fb2d2a8cfec9
110,80,0.04,0x4791b29abf973c112c7c9af32c22df499de9b190,2017-09-10T13:46:40.000Z,0.0005,0x32ad720c6de7941785335653b1478024d8082470,sell,0xa54ddc7b3cce7fc8b1e3fa0256d0db80d2c10970,0x2e66a04acce07cfd06bd7ac03f63a626ac74c428b52aae469157123a69e451b0
111,99.691,0.05383314,0x641cf5dec78db66010db72471a3fafcc9c168557,2017-09-09T02:17:10.000Z,0.00054,0x32ad720c6de7941785335653b1478024d8082470,buy,0xa54ddc7b3cce7fc8b1e3fa0256d0db80d2c10970,0x5271aa286e5af1775bb463cbbaa94d5d2baecb6b12ca54481311e737cf255c44
112,99.69095803010667,0.0508423885953544,0x641cf5dec78db66010db72471a3fafcc9c168557,2017-09-09T01:39:18.000Z,0.00051,0x4791b29abf973c112c7c9af32c22df499de9b190,buy,0xa54ddc7b3cce7fc8b1e3fa0256d0db80d2c10970,0xed26cb6e2bcb2be59ba62ba51c93f2ec154e962e999ed281e387d5e995633723
113,99.69095803010667,0.051440534343535044,0x4791b29abf973c112c7c9af32c22df499de9b190,2017-09-08T01:19:14.000Z,0.000516,0x141dc1c9dd8c7ee07f398a7f7d47ed1b1750247d,sell,0xa54ddc7b3cce7fc8b1e3fa0256d0db80d2c10970,0x7d5234f12c47f43f505b27b1533b04a1efd5466cd35324c34c73869c84390ada
114,100,0.0505,0x141dc1c9dd8c7ee07f398a7f7d47ed1b1750247d,2017-09-08T01:17:52.000Z,0.000505,0x4791b29abf973c112c7c9af32c22df499de9b190,buy,0xa54ddc7b3cce7fc8b1e3fa0256d0db80d2c10970,0x7de6155656d03765a9d2b7c914d821d34df7e8a2c7145fd9117c73a672856b70
