,amount,amountBase,buyer,date,price,seller,side,tokenAddr,txHash
0,1.11,0.0005,0x4fda9e6bcd83af6c5cc771b5d20accc2b7720074,2017-11-02T09:52:41.000Z,0.00045045045045045046,0xc372ba7e7e0b5e659511a083466206f126b225b1,buy,0xce5c603c78d047ef43032e96b5b785324f753a4f,0x20b51b6dba7b877d45593a6cda820bbdc915bef46fd0d7cf1d6ae13a988bb902
1,1.11,0.0005,0x3075f7f189912f4f425dd7021b9c396434197477,2017-11-02T09:40:07.000Z,0.00045045045045045046,0xc372ba7e7e0b5e659511a083466206f126b225b1,buy,0xce5c603c78d047ef43032e96b5b785324f753a4f,0xd88734b97ac5d552e832b321abf9d22fa72414696763aba109e06026178c569d
2,19938.19,1.993819,0x5fcbd88e694f4a399f717a84618e6569c467eaf6,2017-10-29T12:48:47.000Z,0.0001,0x76927e2ccab0084bd19cee74f78b63134b9d181e,sell,0xce5c603c78d047ef43032e96b5b785324f753a4f,0x8c6051ce418be20595c80f76a5e75f9d7e83cc29510d87fc4f9cb54ea00816ac
3,0.24,0.000024,0x5fcbd88e694f4a399f717a84618e6569c467eaf6,2017-10-29T00:41:56.000Z,0.0001,0xc45b24b334a0153ec43029591ca7d641c2fd2e6f,sell,0xce5c603c78d047ef43032e96b5b785324f753a4f,0x35ac8c89181dc1146c25c03aacf5aff568b651be537284330e7c6dff5308462e
4,1.25,0.0005,0x34f9560c63078eb61872a4dc2ccd20e21c34feaf,2017-10-28T20:24:29.000Z,0.0004,0xf596ae80533e2aa4454721d9fa3fb060f543d501,buy,0xce5c603c78d047ef43032e96b5b785324f753a4f,0xf67c5cc48f78a3c454c92607e3954165cbd0f18d017022ad0387f19b1b29ec73
5,1.25,0.0005,0xe444a40689f51f63bcd29910622035707d533d29,2017-10-28T20:18:41.000Z,0.0004,0xf596ae80533e2aa4454721d9fa3fb060f543d501,buy,0xce5c603c78d047ef43032e96b5b785324f753a4f,0x7a86c7efd998ea3e77b4900cc5247fda821197fac22c463e664e1a76865f752c
6,7975.27,0.797527,0x5fcbd88e694f4a399f717a84618e6569c467eaf6,2017-10-28T05:01:57.000Z,0.0001,0xdf49f89a9941488a69cb1dcc6dff840c59c61161,sell,0xce5c603c78d047ef43032e96b5b785324f753a4f,0x194ede07bb00568cd8573d0f55da15cf235e9a3c9d0e00d4ec8a1528ce2f9878
7,2346.14,0.234614,0x5fcbd88e694f4a399f717a84618e6569c467eaf6,2017-10-27T02:43:42.000Z,0.0001,0xc45b24b334a0153ec43029591ca7d641c2fd2e6f,sell,0xce5c603c78d047ef43032e96b5b785324f753a4f,0x99e9b7b994327e93d80b018879b7c57b0b83c4e886b7c51424de0af48faf2aff
8,108.85,0.010885,0x5fcbd88e694f4a399f717a84618e6569c467eaf6,2017-10-26T07:46:28.000Z,0.0001,0x2818820241f5c241a2db62496e0a6e4fe95265c7,sell,0xce5c603c78d047ef43032e96b5b785324f753a4f,0x4470fab45b6c013f6619ef115756901e52e1f791bc1927e774db050b58de4275
9,3,0.00135,0x304c929780c19ae230022779a75b451f63d4705f,2017-10-22T16:40:28.000Z,0.00045,0x861fe1a83bd48600bc376b101f4a6d92b5801a73,sell,0xce5c603c78d047ef43032e96b5b785324f753a4f,0x54a5a998f463d1f3642b4c81c3cd3cef4abce1efbe13f566f606e8cfaea51fb7
10,150,0.0030015,0x67263aa047969a32ed0a3e5c636320cd8fdf9037,2017-10-22T07:26:19.000Z,0.00002001,0x445e2763f58d6e50fdfb1592e90e007d260a8b9b,sell,0xce5c603c78d047ef43032e96b5b785324f753a4f,0x9caf7f8a1e05882290b11f376c0df6b90f57a99ada8c6ba6714937e9df5d8c7a
11,1.11,0.0005,0x379374d13077e8867ef31803c37baf9785a17c00,2017-10-21T23:31:42.000Z,0.00045045045045045046,0xf596ae80533e2aa4454721d9fa3fb060f543d501,buy,0xce5c603c78d047ef43032e96b5b785324f753a4f,0x40924de668c555a000c6c0b294770026247363c7ea7546de66b541f03cfbc342
12,1.11,0.0005,0xf9695cd65d6dfdf257fab76a3eb0cb8f001971cc,2017-10-21T23:27:41.000Z,0.00045045045045045046,0xf596ae80533e2aa4454721d9fa3fb060f543d501,buy,0xce5c603c78d047ef43032e96b5b785324f753a4f,0x367f22be18be44f2546ad6ee71824d393fca02b314898fb653da59a7392e7215
13,1.11,0.0005,0x16e5d97bbc92417e051e3b2cabfbf8ceea2acb9c,2017-10-21T23:26:49.000Z,0.00045045045045045046,0xf596ae80533e2aa4454721d9fa3fb060f543d501,buy,0xce5c603c78d047ef43032e96b5b785324f753a4f,0x9292e433251611d05cb72df416aa0e143abdaf03f64bc9dd31bf1125d50ab6d2
14,1,0.000474,0x6cdea8e07bf82d7a07dbf36642d6e5be8623845c,2017-10-20T08:15:43.000Z,0.000474,0x62c9c2d1e287e3b892b69f0107e46176cdf8e2cd,buy,0xce5c603c78d047ef43032e96b5b785324f753a4f,0x18cdf47e21fc44ec3fbda2b75bbd7a458b58176abb55d662763c07542d0adfbe
15,1,0.0005,0x3ac636ac5c3a2576156ac5f10066ca68abe0ad54,2017-10-19T19:29:07.000Z,0.0005,0x211a3e66d030a3c84e589c8808311869c170a224,buy,0xce5c603c78d047ef43032e96b5b785324f753a4f,0xc88754129f6c2aac3aa9a473bbe6183963ae2518394d2ad20368411a3aa1b4d6
16,100,0.045,0x27849f835bb345a26dffbfa7a8863c387b546730,2017-10-18T21:37:17.000Z,0.00045,0xf596ae80533e2aa4454721d9fa3fb060f543d501,buy,0xce5c603c78d047ef43032e96b5b785324f753a4f,0x98e38d521360d8d2d4fb9a1daac2dbfb00976dee4fdcbaa825add2b0fd7e3fc7
17,1.25,0.0005,0xcd912af5286dc0b0a23edb30209734ecb60838b3,2017-10-17T21:46:00.000Z,0.0004,0x3cd310557a423ad1c21c398a59e431efcdc2dfc3,buy,0xce5c603c78d047ef43032e96b5b785324f753a4f,0xf818bcc6b12fb4ff057b090a7f739f10441656ecf85b94368069deae29b5b6a4
18,1.25,0.0005,0x42c24a83bded723edfdf5883bc7efb30bc1a1bf3,2017-10-17T19:20:53.000Z,0.0004,0x3cd310557a423ad1c21c398a59e431efcdc2dfc3,buy,0xce5c603c78d047ef43032e96b5b785324f753a4f,0xfdf0f2cc6cc3abfe14d93082a670a54586d0f8859cf63ed222f1709a8074116a
19,37.41,0.016666155,0x5d5065b42bdee0274e394ba9042c21e1818c69cf,2017-10-14T13:50:10.000Z,0.0004455,0x3cd310557a423ad1c21c398a59e431efcdc2dfc3,sell,0xce5c603c78d047ef43032e96b5b785324f753a4f,0x8a408db1feabf36389b19231b2ded3ba91fc1c7c691deb9919d6adf9aa865a52
20,245.01,0.115890203,0x179c6ae2129da08767391429911ef1ea32c7b6d4,2017-10-12T03:12:05.000Z,0.0004730019305334476,0xf975d98bd0a21435c6c764beca1eeb1c1c656a2b,buy,0xce5c603c78d047ef43032e96b5b785324f753a4f,0x48c4c64192b0e6a59b4daf435498dac60a6a3e4ae3593d3fc5db4962d588e6c8
21,1.1,0.0005214,0x58319288a01eff24620ee5237315f9e1e9dc0e36,2017-09-30T01:04:40.000Z,0.000474,0x62c9c2d1e287e3b892b69f0107e46176cdf8e2cd,buy,0xce5c603c78d047ef43032e96b5b785324f753a4f,0x8ce0dc15c617737e396e5ac2ecbab998667211b848c66c39150a2e240948b52a
22,1,0.000475,0xa0be78d2bac6a692adba423c7af50ec86a18bddf,2017-09-28T05:31:23.000Z,0.000475,0x7e8da30db24e17fdc0c931bdcd5d5589114772c5,buy,0xce5c603c78d047ef43032e96b5b785324f753a4f,0x0e468bb3417d121c63d43e2711101c60c5bd88b00e9e9b5ab2394b36d55b23ba
23,2.08,0.00099984,0x19b78488b79c6a45d4e060f05a2b35c4873f25c5,2017-09-27T07:55:22.000Z,0.0004806923076923077,0x3cd310557a423ad1c21c398a59e431efcdc2dfc3,buy,0xce5c603c78d047ef43032e96b5b785324f753a4f,0x5feafa3104b565e5ade1b96afe8b1da7991900fa499fa498cc35bb92d7dac5eb
24,108.76,0.023999699416,0x8de64dabe5477845b2a2102f191e256ea91909c3,2017-09-25T12:04:36.000Z,0.0002206666,0xf975d98bd0a21435c6c764beca1eeb1c1c656a2b,sell,0xce5c603c78d047ef43032e96b5b785324f753a4f,0xdb1222544e96e97c2ec517ff6873e6a1c7f5efb331eb62fd91d5d9023797d007
25,65.84,0.019752,0xed0b1f964083c72f77a73c51493177c1c0c17ab9,2017-09-25T11:45:56.000Z,0.0003,0xf975d98bd0a21435c6c764beca1eeb1c1c656a2b,sell,0xce5c603c78d047ef43032e96b5b785324f753a4f,0xb10f2f7793f3416c18ac2a47a75a24a21b766228bb129e78a771a48617314555
26,0.84,0.0005,0xc886b21b865e7c90432d9b8bdb14ad254f2232f5,2017-09-25T04:06:21.000Z,0.0005952380952380952,0xf975d98bd0a21435c6c764beca1eeb1c1c656a2b,buy,0xce5c603c78d047ef43032e96b5b785324f753a4f,0x4fd16d802c3be60b21d2c3219158e68fc6eef53dd5ac756bc5ab3ee5a430762c
27,0.84,0.0005,0xe37bd4d49c619e748d4efe74525489d26b6aff43,2017-09-25T04:02:29.000Z,0.0005952380952380952,0xf975d98bd0a21435c6c764beca1eeb1c1c656a2b,buy,0xce5c603c78d047ef43032e96b5b785324f753a4f,0x3dc66b7f909d66959ff8291dc996f64f45e564fd951661542d1af85117135b15
28,0.84,0.0005,0x8612d2a48328bbf318b856ed0daaa4a7034383d0,2017-09-25T01:13:14.000Z,0.0005952380952380952,0xf975d98bd0a21435c6c764beca1eeb1c1c656a2b,buy,0xce5c603c78d047ef43032e96b5b785324f753a4f,0xb89de5fd2d34f56b5c76f49a51959fed6d0aec46b3b6ce1531dccaacc0efdc6d
29,0.84,0.0005,0x7ed2114439b24152cf18c02c10cae681a7ca2adc,2017-09-25T01:07:23.000Z,0.0005952380952380952,0xf975d98bd0a21435c6c764beca1eeb1c1c656a2b,buy,0xce5c603c78d047ef43032e96b5b785324f753a4f,0x872465994359e8723fc4caab2083bb7f0a8723aab4124065aaa8ee29766ec326
30,0.84,0.0005,0x03dd03643b71b06642179afb38211c0f45699bc5,2017-09-25T00:55:38.000Z,0.0005952380952380952,0xf975d98bd0a21435c6c764beca1eeb1c1c656a2b,buy,0xce5c603c78d047ef43032e96b5b785324f753a4f,0x03c5fcd6a849ca724fbdbf98878d8f88e134e7c20a3cb3ca2268398f98f02150
31,0.84,0.0005,0x10c12555236fa11fc988be565ab70c82a4660ecf,2017-09-25T00:42:58.000Z,0.0005952380952380952,0xf975d98bd0a21435c6c764beca1eeb1c1c656a2b,buy,0xce5c603c78d047ef43032e96b5b785324f753a4f,0x7345e1ad5fc4168d5b9a4682bad63aeb7f2b441d256ff4d594f922dc4ff95aa6
32,0.84,0.0005,0x8f28b1970e72adb11173044ebc762800e3128238,2017-09-25T00:26:17.000Z,0.0005952380952380952,0xf975d98bd0a21435c6c764beca1eeb1c1c656a2b,buy,0xce5c603c78d047ef43032e96b5b785324f753a4f,0xb424fc7bd8349530e47fbe045e6e92675b1740ad6769917870fdc113761336e0
33,0.84,0.0005,0x23ee598e50ff1b1bde1022bf3c8a41d4c23321a0,2017-09-25T00:17:49.000Z,0.0005952380952380952,0xf975d98bd0a21435c6c764beca1eeb1c1c656a2b,buy,0xce5c603c78d047ef43032e96b5b785324f753a4f,0x846b6224cf1e757c2bab15661695c13ccafb26ed51af777568b90eb55a933fac
34,0.84,0.0005,0xe5a759eb3e214ff0a2bbbea31acc41c9bf27b239,2017-09-25T00:10:07.000Z,0.0005952380952380952,0xf975d98bd0a21435c6c764beca1eeb1c1c656a2b,buy,0xce5c603c78d047ef43032e96b5b785324f753a4f,0xf1c900e182c0f68442d9659d2d833b32b8c17a7e0f487d2eb268c3ef2081749a
35,0.84,0.0005,0x160506e5a5ce5dadd43623689f53d5aa1f288f0f,2017-09-24T23:43:39.000Z,0.0005952380952380952,0xf975d98bd0a21435c6c764beca1eeb1c1c656a2b,buy,0xce5c603c78d047ef43032e96b5b785324f753a4f,0x6e70d1d629eadea196cb50cd0c734dacac3be406b9d007126f05334d6edd4497
36,0.84,0.0005,0xc22f5ab4f1591613a92b4d172cc7f4e4a5af58cd,2017-09-24T23:27:42.000Z,0.0005952380952380952,0xf975d98bd0a21435c6c764beca1eeb1c1c656a2b,buy,0xce5c603c78d047ef43032e96b5b785324f753a4f,0xa460ec73772564ab7fe3184f90c1aded7939ff382846a411e1f56710dedb29a7
37,0.84,0.0005,0x452b06f1c61cff4c9bebaa405319a7c3b12553a2,2017-09-24T23:19:03.000Z,0.0005952380952380952,0xf975d98bd0a21435c6c764beca1eeb1c1c656a2b,buy,0xce5c603c78d047ef43032e96b5b785324f753a4f,0x45a6e3638615369747d12a93c87a2e317feacbcebff1a1cc347f325986b40dd1
38,1.69,0.000996909580301066,0xba44c8c06f8c583beb59cc9c5d72267733d86d94,2017-09-24T15:29:48.000Z,0.0005898873256219325,0xf975d98bd0a21435c6c764beca1eeb1c1c656a2b,buy,0xce5c603c78d047ef43032e96b5b785324f753a4f,0x1935da1dffe6430d16d5ba23fcace993c106eceeea3ea08947cfa8939ce3b305
39,2984.74,0.149237,0xe258d753a865f4dee0562ce335e32cb22ef513b9,2017-09-24T00:23:38.000Z,0.00005,0x3e76be4aa872310c90350ad50166b7dc8b0bfaa0,sell,0xce5c603c78d047ef43032e96b5b785324f753a4f,0x2a329df5e93c57c380a907313242255a4204d816f438c3bb0d2285fd6e06ee65
40,0.84,0.0005,0x18a902dc44442205b4ba2b1dc038e67506d22c55,2017-09-23T16:13:05.000Z,0.0005952380952380952,0xf975d98bd0a21435c6c764beca1eeb1c1c656a2b,buy,0xce5c603c78d047ef43032e96b5b785324f753a4f,0x67396b2c3860dbea46f647d5057a61648ed49fc614acf53ab22a425ae6cfd3ef
41,0.84,0.0005,0xd868b838b5de79f1e540b5d83c9e9a3d0b3810cd,2017-09-23T15:59:36.000Z,0.0005952380952380952,0xf975d98bd0a21435c6c764beca1eeb1c1c656a2b,buy,0xce5c603c78d047ef43032e96b5b785324f753a4f,0x8af33407b24b4c729fad6aef5acbde691d8018df2188ca182c6396562f3edfe8
42,2000,1.28,0x3d68a942c3b86c63aa8b0723decc3392c6cc919e,2017-09-22T07:02:56.000Z,0.00064,0x31fd6228fae64a521374bf27ab50b6b13815fcd3,buy,0xce5c603c78d047ef43032e96b5b785324f753a4f,0xd5de18555d463a255b8963b260c81a487db55963b886beb07eb8b0dd214f0146
43,179.08,0.10548024796630445,0xed0b1f964083c72f77a73c51493177c1c0c17ab9,2017-09-21T07:10:23.000Z,0.0005890118827691784,0x62c9c2d1e287e3b892b69f0107e46176cdf8e2cd,buy,0xce5c603c78d047ef43032e96b5b785324f753a4f,0xcc2cad20c57e5aa7a0fb63e67cd425d18b5c70efa49113e56c9bf03fab5a9474
44,1694.91,0.99999985,0x84da012178f25c195b958e078c1e9184e7c2936a,2017-09-20T19:57:57.000Z,0.0005900017405053955,0x62c9c2d1e287e3b892b69f0107e46176cdf8e2cd,buy,0xce5c603c78d047ef43032e96b5b785324f753a4f,0x4148836c98359930b3fd8c06fdf2cc70198cadbccbc0bcceb76030adad9d939f
45,58.99,0.043009971009869405,0xf640f8c6c324274f7e69f4f5fa0e6c493b8b9a47,2017-09-18T11:50:30.000Z,0.0007291061368006341,0xf640f8c6c324274f7e69f4f5fa0e6c493b8b9a47,buy,0xce5c603c78d047ef43032e96b5b785324f753a4f,0x6d0f47d41610f56bba2ead38567386847000c3582b005a86f603d82165426feb
46,0.71,0.0005,0x8b24d80c6dd6e1af5a000e03ca8f00886a05f6f5,2017-09-15T03:57:22.000Z,0.0007042253521126761,0x76550200bdb836b534f4d631064103ea8b7feaa0,buy,0xce5c603c78d047ef43032e96b5b785324f753a4f,0x8938f56a58a898b7ef44079552a1f6d4f9e80bee2275c824c8eaa50f2c31a880
47,0.2,0.0000300002,0xe258d753a865f4dee0562ce335e32cb22ef513b9,2017-09-14T02:53:27.000Z,0.000150001,0xed6d42dd1d479e535f4c39ad7430d5079e5eff5a,sell,0xce5c603c78d047ef43032e96b5b785324f753a4f,0x0e260234750bf91d508c6e1dbd7fbfdbe0997228dbd6d3d9cf68f246ead839d6
48,1993.81,0.29907349381,0xe258d753a865f4dee0562ce335e32cb22ef513b9,2017-09-14T02:49:07.000Z,0.000150001,0xed6d42dd1d479e535f4c39ad7430d5079e5eff5a,sell,0xce5c603c78d047ef43032e96b5b785324f753a4f,0x901a7cf604c84422ca87d81194a0a092cdff9748fa66d95c4c67da019c70f3d4
49,0.09,0.000018,0x69feaaa6f28bc5e8c6c533927c0a54ab6b1d7274,2017-09-13T08:15:56.000Z,0.0002,0xd92cec94e59689baccf3ddebd2be2f02436929be,sell,0xce5c603c78d047ef43032e96b5b785324f753a4f,0x86287fc0d6bccad82c298a9cd7aab26be4b9e209f8acced62f1f1a545db45908
50,872.18,0.17443687218,0xe258d753a865f4dee0562ce335e32cb22ef513b9,2017-09-13T06:17:17.000Z,0.000200001,0xd92cec94e59689baccf3ddebd2be2f02436929be,sell,0xce5c603c78d047ef43032e96b5b785324f753a4f,0x8c90b7ecbfe905b6b497079c3cf54a350a5d5c4afcc86043c5bc8ed108b493a3
51,76.12,0.022836,0xe258d753a865f4dee0562ce335e32cb22ef513b9,2017-09-13T02:52:54.000Z,0.0003,0xd92cec94e59689baccf3ddebd2be2f02436929be,sell,0xce5c603c78d047ef43032e96b5b785324f753a4f,0xae301f09fe8205543e7e8ee766282964a7f1c2f832529d2a363c27298951ec82
52,62.14,0.024856,0x378ff330eff4091213a7f05c75dea07a411b17b8,2017-09-13T02:52:54.000Z,0.0004,0xd92cec94e59689baccf3ddebd2be2f02436929be,sell,0xce5c603c78d047ef43032e96b5b785324f753a4f,0x704c1675093bcabbb8599035cca5ee92b2f4fb82c4a7d4abf09d5af959edaed2
53,13.55,0.00271,0xd92cec94e59689baccf3ddebd2be2f02436929be,2017-09-11T14:21:16.000Z,0.0002,0x9bdbdfb6df8a522dbc4e29a06047bf86b5f2cc4f,sell,0xce5c603c78d047ef43032e96b5b785324f753a4f,0x3408c4cab8a3756f405288ada53dd4b13aed687ba889a5a3d5c910839f977a99
54,1000,0.2,0xd92cec94e59689baccf3ddebd2be2f02436929be,2017-09-11T14:19:12.000Z,0.0002,0x9bdbdfb6df8a522dbc4e29a06047bf86b5f2cc4f,sell,0xce5c603c78d047ef43032e96b5b785324f753a4f,0x2979c7626a11c2de4b4766949c289901bb1c6b62b5ed23660256e34547b117e0
55,996.9,0.29907,0xe258d753a865f4dee0562ce335e32cb22ef513b9,2017-09-11T14:07:55.000Z,0.0003,0x9bdbdfb6df8a522dbc4e29a06047bf86b5f2cc4f,sell,0xce5c603c78d047ef43032e96b5b785324f753a4f,0xd921e21f98c95cd50ccdd856ce11716ce9f393445ffbddef48ed770ea3d00f58
56,502.04,0.20081650204,0xf596ae80533e2aa4454721d9fa3fb060f543d501,2017-09-10T09:43:21.000Z,0.000400001,0x2ddc979159d86833178eaf3d1a6f0ceb44be6445,sell,0xce5c603c78d047ef43032e96b5b785324f753a4f,0x58fb0a03b33de70b5c7f582e0cdb04ae5f9ccff1cef8b770936b772ffff27944
57,33.67,0.01346803367,0xf596ae80533e2aa4454721d9fa3fb060f543d501,2017-09-10T06:29:07.000Z,0.000400001,0x6d3d0dfa885186833d6cf04f7890aab7d3b43cd1,sell,0xce5c603c78d047ef43032e96b5b785324f753a4f,0x336cb42f389bbaa7a8903454dd3c520076ae8581ae8a142aa8925dce03040284
58,0.71,0.0005,0x64b604630e055318093215b7ed41697ca4fb5de6,2017-09-10T05:10:18.000Z,0.0007042253521126761,0x76550200bdb836b534f4d631064103ea8b7feaa0,buy,0xce5c603c78d047ef43032e96b5b785324f753a4f,0x078b92b9a588b6d02014feb6eb1a793705082e306443155f199f4fc3b7cf8fc9
59,4659.99,2.329995,0x3a0f02cfc0af785787d2907a7cc4ac2d81c077cb,2017-09-09T17:07:46.000Z,0.0005,0x76550200bdb836b534f4d631064103ea8b7feaa0,sell,0xce5c603c78d047ef43032e96b5b785324f753a4f,0xdd4e3d56b5f7df89a8e92d2b21218773bf2956e8053425a33c63676900ebe38c
60,340.01,0.170005,0x3a0f02cfc0af785787d2907a7cc4ac2d81c077cb,2017-09-09T17:02:11.000Z,0.0005,0x76550200bdb836b534f4d631064103ea8b7feaa0,sell,0xce5c603c78d047ef43032e96b5b785324f753a4f,0xb89f667569503257b3f85ac9eb61665dee430825046d394d5add654ea68ff84e
61,5999,2.999505999,0x2b08d832361d6a75363962d3541df33630d16d3d,2017-09-09T16:49:23.000Z,0.000500001,0x76550200bdb836b534f4d631064103ea8b7feaa0,sell,0xce5c603c78d047ef43032e96b5b785324f753a4f,0x7b7be190fa725bcbf45634eb714825e6a329b8ecfdadb9d0780561be33cf2d1f
62,3926.98,1.178094,0xe258d753a865f4dee0562ce335e32cb22ef513b9,2017-09-08T10:20:47.000Z,0.0003,0xa31f1bd1ce2bf2734fb796789d0e8a431c3f876d,sell,0xce5c603c78d047ef43032e96b5b785324f753a4f,0x5e35a71ffa6d178a3219a1b8264ca2d4ee25389d45e3ea34077abf0dde49234b
63,27993,22.3944,0x3a0f02cfc0af785787d2907a7cc4ac2d81c077cb,2017-09-07T20:06:44.000Z,0.0008,0xb14e0ac7ccd75bc57bb44540a751803681a3b116,buy,0xce5c603c78d047ef43032e96b5b785324f753a4f,0x591492470a725b6624410bba81ea3765a482cdf9bc6f563e1f35c83d8646c60e
64,37.86,0.015144,0x378ff330eff4091213a7f05c75dea07a411b17b8,2017-09-07T03:08:01.000Z,0.0004,0xfea55ccdb9a210b45e593e47049bf8a0e1fed4b5,sell,0xce5c603c78d047ef43032e96b5b785324f753a4f,0xcb13e114e9efee01c938bc59334f0ba6d255740a8e4795caf446153823a6c260
65,125.21,0.0638571,0x861fe1a83bd48600bc376b101f4a6d92b5801a73,2017-09-07T02:36:33.000Z,0.00051,0xfea55ccdb9a210b45e593e47049bf8a0e1fed4b5,sell,0xce5c603c78d047ef43032e96b5b785324f753a4f,0x53d8695f1463fa2e0fdcce6b7733b207df6fa0c66fb5d235d9e484831f86291b
66,1000,0.510001,0xe258d753a865f4dee0562ce335e32cb22ef513b9,2017-09-07T02:31:17.000Z,0.000510001,0xfea55ccdb9a210b45e593e47049bf8a0e1fed4b5,sell,0xce5c603c78d047ef43032e96b5b785324f753a4f,0x290bfb5d85fdbd998565bec9bae779d17cebb8efb4f3a6c8870c32a54198767c
67,398.76,0.2113428,0xa3c85443a7edef4408f415597ee18b51a74d39da,2017-09-06T02:12:36.000Z,0.00053,0x2ddc979159d86833178eaf3d1a6f0ceb44be6445,sell,0xce5c603c78d047ef43032e96b5b785324f753a4f,0x67065051ec98faea815e5117b8e09cad35c3a52124b2634d8e94bb0aa1e4538f
68,33.78,0.02500016,0x6d3d0dfa885186833d6cf04f7890aab7d3b43cd1,2017-09-03T00:07:57.000Z,0.0007400876258140911,0x445e2763f58d6e50fdfb1592e90e007d260a8b9b,buy,0xce5c603c78d047ef43032e96b5b785324f753a4f,0x351924ad592fbdb5b3b4239a010020cd16b2e761eb708c16d99b9c79362ac468
69,1653.66,1.225196694,0x52c060a54b00515f4651b66931958eb08b787d46,2017-09-01T23:58:32.000Z,0.0007409,0xbbc0b9417b142bc2e132a84aaa0e510182832643,buy,0xce5c603c78d047ef43032e96b5b785324f753a4f,0x00efe8a96695e6ccfa95c8b1cbe743e11cf429be40eff03a58ad72439762de29
70,91.48,0.054888,0x52c060a54b00515f4651b66931958eb08b787d46,2017-09-01T23:42:05.000Z,0.0006,0xd277f1153ae4271d8c7facd36e0776ccb0ab5e54,buy,0xce5c603c78d047ef43032e96b5b785324f753a4f,0x1f2984671bfd0b8c44e261a484e8dd948b8e1e4c0a4647ff84b09aa05e19fc8b
71,2000,1.18,0x52c060a54b00515f4651b66931958eb08b787d46,2017-09-01T23:40:19.000Z,0.00059,0x358180a12c60717dd6daeaaddcf879c18416ec27,buy,0xce5c603c78d047ef43032e96b5b785324f753a4f,0xb94e01d2e24e311acb23e39277865199441ea7f9315a48f58679f4f8792c74ab
72,1000,0.6,0xabab4e24923db3308dfaba15688948fbc18cf1aa,2017-09-01T00:31:46.000Z,0.0006,0x3e76be4aa872310c90350ad50166b7dc8b0bfaa0,sell,0xce5c603c78d047ef43032e96b5b785324f753a4f,0x259f4183e268cbf434dfddaeaec52385ba48d8cbdac7e108ff3c975271d25a74
73,1000,0.75,0xabab4e24923db3308dfaba15688948fbc18cf1aa,2017-08-31T23:01:36.000Z,0.00075,0x3e76be4aa872310c90350ad50166b7dc8b0bfaa0,buy,0xce5c603c78d047ef43032e96b5b785324f753a4f,0x0a79bd9bcf9d2fa96e68bd952e825f4e6d331ebf113776691d1b70beecb0b747
74,1000,0.5,0x31fd6228fae64a521374bf27ab50b6b13815fcd3,2017-08-31T08:57:16.000Z,0.0005,0x3e76be4aa872310c90350ad50166b7dc8b0bfaa0,sell,0xce5c603c78d047ef43032e96b5b785324f753a4f,0x63045d582fee9de63ab8b1591135cd85233ad6a9966620cd8c3423c3aa101408
75,347.02,0.31228683660552287,0x6453a270626900beb2e6bf82a1e7e44142579634,2017-08-31T02:56:08.000Z,0.0008999101971227102,0xbbc0b9417b142bc2e132a84aaa0e510182832643,buy,0xce5c603c78d047ef43032e96b5b785324f753a4f,0xfdde424e29378f6f6651c24c9a10d59418b66f27547ac79f4b15963491bc2d29
76,0.5,0.000475,0x98f0deb428b74fb5302d250af5d55e77c8519f2a,2017-08-30T13:54:52.000Z,0.00095,0x5acd0293d1aa205ad7a847a79aaad1c0db51cac9,buy,0xce5c603c78d047ef43032e96b5b785324f753a4f,0xec5696d7eef7d74a34c892f63a6ff065d187fc56a8c1453a34b0174b9e57e616
77,61.9,0.05936330192,0x74506fbd72ef894ce3725187a7bb62d101c6b145,2017-08-29T22:31:40.000Z,0.0009590194171243941,0xf640f8c6c324274f7e69f4f5fa0e6c493b8b9a47,buy,0xce5c603c78d047ef43032e96b5b785324f753a4f,0xa75ef958cd8b3b2bfffe973c7ddd9b77b0658f3702507e16a925b853fed9e12f
78,976.91,0.586341382,0x6453a270626900beb2e6bf82a1e7e44142579634,2017-08-28T13:47:17.000Z,0.0006002,0xa7592d1e9d90c3b54ec4fc8eec45404bf4133536,sell,0xce5c603c78d047ef43032e96b5b785324f753a4f,0x85bca9cba075f45ee8d5a96de191dc4f946d4d79d81ad45cafc4253281afbe7e
79,20,0.0146,0x69feaaa6f28bc5e8c6c533927c0a54ab6b1d7274,2017-08-28T13:09:33.000Z,0.00073,0xa7592d1e9d90c3b54ec4fc8eec45404bf4133536,sell,0xce5c603c78d047ef43032e96b5b785324f753a4f,0x459924abecaf828d65066138f962cd9f57f6053d627c995c9e633205a753b942
80,0.1,0.000085,0x31fd6228fae64a521374bf27ab50b6b13815fcd3,2017-08-27T17:40:53.000Z,0.00085,0x5b183ce7f76fb730bdc20acdc8aaf4b722d292cf,buy,0xce5c603c78d047ef43032e96b5b785324f753a4f,0x01dc8bd5fecc326dafb0711605bf18d1546311a42e3a938ce563f269a2863537
81,682.27,0.5799295,0x31fd6228fae64a521374bf27ab50b6b13815fcd3,2017-08-27T17:31:41.000Z,0.00085,0x5b183ce7f76fb730bdc20acdc8aaf4b722d292cf,buy,0xce5c603c78d047ef43032e96b5b785324f753a4f,0xe3affca9fc63f067a5196800f43a09fbc2538baac5486d49e1ed138a4a2c1af2
82,50,0.0425,0x7bd02d3903fa837426cd80f163efb5207f2b4195,2017-08-26T23:49:04.000Z,0.00085,0x5b183ce7f76fb730bdc20acdc8aaf4b722d292cf,buy,0xce5c603c78d047ef43032e96b5b785324f753a4f,0x72b53024193173e4853405f8a1e51016f2e9e5822cbad7e7b20fca60e5ae6d95
83,141.6,0.12036193100787558,0x74e764bbe673431ecb592ce67899ba9ec8840984,2017-08-26T12:18:54.000Z,0.0008500136370612683,0x5b183ce7f76fb730bdc20acdc8aaf4b722d292cf,buy,0xce5c603c78d047ef43032e96b5b785324f753a4f,0x76caa52118a2506a5ecbab7ae1e98e8800cdd07294217956b1b4864b02934002
84,24.51,0.02083424284717376,0xc3ac2757105a1aace8bcb2c3079b31440c0bce58,2017-08-26T10:02:21.000Z,0.0008500303079222261,0x5b183ce7f76fb730bdc20acdc8aaf4b722d292cf,buy,0xce5c603c78d047ef43032e96b5b785324f753a4f,0xc3a126e7f6d7e2546efbc11658f9d123a0033e2a008e446dfcbd4778ade37565
85,1,0.000959,0xbb325a2ee38566c7a03010b2c4929fd99861bf36,2017-08-25T12:21:48.000Z,0.000959,0xd277f1153ae4271d8c7facd36e0776ccb0ab5e54,buy,0xce5c603c78d047ef43032e96b5b785324f753a4f,0x264c0c0e34b40f3ff0773751cd17cc86404daefd9638ff98b3be550a28adcc82
86,17,0.016303,0xff64f34e8511693e3dffa0e1fe037a6a65f3937b,2017-08-24T23:58:27.000Z,0.000959,0xd277f1153ae4271d8c7facd36e0776ccb0ab5e54,buy,0xce5c603c78d047ef43032e96b5b785324f753a4f,0x8ce553ed3688fdb06c30cc48553337b4dfd13b7a1534e7940d3c4efd48aeb603
87,864.57,0.7348845,0x6453a270626900beb2e6bf82a1e7e44142579634,2017-08-23T15:15:11.000Z,0.00085,0x8dbd8f5b69e0dd36c25bc2d7a0b310ce202fcf6b,buy,0xce5c603c78d047ef43032e96b5b785324f753a4f,0x8b10e182235498bd2ea6ab00a5799ed6ff90635882346f8edebc4f2175290926
88,9882.68,7.807307317,0x6453a270626900beb2e6bf82a1e7e44142579634,2017-08-23T15:12:55.000Z,0.0007899989999676201,0xcb1e93ec1bc7455e670d7783e8f51f9ae7970660,buy,0xce5c603c78d047ef43032e96b5b785324f753a4f,0xf6f491cd1abcb74cc1d77abd876f254c8617f8852b7fdc4077e6688e665ad66c
89,1338.45,1.05068325,0x6453a270626900beb2e6bf82a1e7e44142579634,2017-08-23T15:12:55.000Z,0.000785,0xbbc0b9417b142bc2e132a84aaa0e510182832643,buy,0xce5c603c78d047ef43032e96b5b785324f753a4f,0xfb56e9d4487c445db4f17a761b39b53217a4679368094385a7511635c69fc4b5
90,3000,2.25,0x6453a270626900beb2e6bf82a1e7e44142579634,2017-08-23T14:58:16.000Z,0.00075,0x00657ee534d5145cb3209be86bf0598a94bd8ed0,buy,0xce5c603c78d047ef43032e96b5b785324f753a4f,0x9b428b47f0a164ed8b5cf8558ec5ffa89e841d91eb766daf82be52147f45d36e
91,49.08,0.0250308,0x5acd0293d1aa205ad7a847a79aaad1c0db51cac9,2017-08-22T00:45:20.000Z,0.00051,0x10f920ffad95f53168af567ecd635a6dd03a8b43,sell,0xce5c603c78d047ef43032e96b5b785324f753a4f,0x0cd6c9337e64084fa71aab05606d397670262fd9c785217e347937516038d0bf
92,3987.63,1.993815,0x31fd6228fae64a521374bf27ab50b6b13815fcd3,2017-08-21T10:48:50.000Z,0.0005,0x00657ee534d5145cb3209be86bf0598a94bd8ed0,sell,0xce5c603c78d047ef43032e96b5b785324f753a4f,0x320c1ea04fa11d3a05ccbafbb835fdc14adab5782344bf9800bb1e2e01a248bb
93,903.55,0.7589885396078382,0x2ddc979159d86833178eaf3d1a6f0ceb44be6445,2017-08-20T18:40:02.000Z,0.0008400072376822955,0xbbc0b9417b142bc2e132a84aaa0e510182832643,buy,0xce5c603c78d047ef43032e96b5b785324f753a4f,0xd03ff5646466412af054f7b7ab37448413bf38877ec36fe24c387b4a64050bee
94,1000,0.5,0x31fd6228fae64a521374bf27ab50b6b13815fcd3,2017-08-19T14:22:39.000Z,0.0005,0xf01c01ab92a23d064100539eb0c5a76f0d85f0f9,buy,0xce5c603c78d047ef43032e96b5b785324f753a4f,0x30cf473a2f58ba8fe8dcc84a5963dd6481f584742a47dbe4d53eba7b53e547af
95,647.25,0.5178,0x445e2763f58d6e50fdfb1592e90e007d260a8b9b,2017-08-16T21:19:12.000Z,0.0008,0x3831f029241cf26f6352f0babe7a68c18cd0eba4,sell,0xce5c603c78d047ef43032e96b5b785324f753a4f,0x08576e1c26196c746fd88da4243cddb2d422994714670840adcdd38a951f0e49
96,1111,0.9999,0x445e2763f58d6e50fdfb1592e90e007d260a8b9b,2017-08-16T18:43:07.000Z,0.0009,0x3831f029241cf26f6352f0babe7a68c18cd0eba4,sell,0xce5c603c78d047ef43032e96b5b785324f753a4f,0x3f392ca82b8dfe562dd3e7196c6fa2d0efe63682ee8574f43005e2570deb2180
