,amount,amountBase,buyer,date,price,seller,side,tokenAddr,txHash
0,10000,0.1398,0x6cb38b435b56211ef7ebc838dd02e6c682e8b10e,2017-11-02T13:26:03.000Z,0.00001398,0xf60b7a42f39161c8852731d2c75039c8ad439c20,buy,0x0879e0c9822b75f31f0b0ed2a30be9f484a57c2f,0x0cbfe6c9c19dec731fc42dd5edc577b9a0a2bb05d4ca6536a7e2d3da440f29e5
1,2500,0.035,0x6d7837b2c0f1ec83292e2525da229e12d3583ad6,2017-11-02T13:13:00.000Z,0.000014,0x38476ce24a34f769730122d85405deeda40cd464,buy,0x0879e0c9822b75f31f0b0ed2a30be9f484a57c2f,0x56d69f323d0c4103f37b3945c30d00454a0095044743728f2b12bc22d4d18960
2,34,0.0005,0x4fda9e6bcd83af6c5cc771b5d20accc2b7720074,2017-11-02T12:39:04.000Z,0.00001470588235294117,0x39138431b99d3adadff371c0d786bf3a32e99c6b,buy,0x0879e0c9822b75f31f0b0ed2a30be9f484a57c2f,0x8e96290c5b47ad4da274e96e07723c3e7dce1e3c86f618209a4a66ab77fda5ea
3,3070,0.0365637,0x6e20fc98c86d303fa8d3dc182fa739cde1046faf,2017-11-02T12:38:22.000Z,0.00001191,0xbf8418ea81566519e9ec9f441991bab6e33ecc32,sell,0x0879e0c9822b75f31f0b0ed2a30be9f484a57c2f,0x49e113c49a31b818f3edfc4d455bcf92e5242955e9daa876eb438f86bdd70f86
4,967,0.01151697,0x6e20fc98c86d303fa8d3dc182fa739cde1046faf,2017-11-02T12:33:26.000Z,0.00001191,0x2e964003e8399651c2e9f6207082784ed6543fe0,sell,0x0879e0c9822b75f31f0b0ed2a30be9f484a57c2f,0xf59ebc85dd9c999f75c75a50a43da232d58c44c1fa81d84faebd785a5275e586
5,6900,0.08224869,0x9f5360f3fc30501d9b5cd62caa7069a42ead1c8b,2017-11-02T12:33:11.000Z,0.0000119201,0xbf8418ea81566519e9ec9f441991bab6e33ecc32,sell,0x0879e0c9822b75f31f0b0ed2a30be9f484a57c2f,0x890a4a4bee26f22cb5f27fb9ff846f7115563f0f82514936ef44232375c1efc5
6,9003,0.10731576,0xf60b7a42f39161c8852731d2c75039c8ad439c20,2017-11-02T12:32:37.000Z,0.00001192,0x2e964003e8399651c2e9f6207082784ed6543fe0,sell,0x0879e0c9822b75f31f0b0ed2a30be9f484a57c2f,0x4df60e172807c7bc4a8681c12e50479ea529e9f58b63b95d753b2ad3812c2cfd
7,997,0.01188424,0xf60b7a42f39161c8852731d2c75039c8ad439c20,2017-11-02T12:26:23.000Z,0.00001192,0xa7ef40afda6e29b81faa91a6608dc597e292604b,sell,0x0879e0c9822b75f31f0b0ed2a30be9f484a57c2f,0x53558316eb0e7c1b19cf2e14cfddea1b69fce48b5e7c0e7eb7ee267c0d5d752d
8,3465,0.0499525,0xc847559681f261b9c1481df5ff4f4ae014317da0,2017-11-02T12:20:06.000Z,0.00001441630591630591,0x39138431b99d3adadff371c0d786bf3a32e99c6b,buy,0x0879e0c9822b75f31f0b0ed2a30be9f484a57c2f,0xfe450909206d0cad0053f9b38768559d60b68a2e3fd3bc374cf88b100c62dfb3
9,9500,0.13699,0xc847559681f261b9c1481df5ff4f4ae014317da0,2017-11-02T12:18:18.000Z,0.00001442,0xf60b7a42f39161c8852731d2c75039c8ad439c20,buy,0x0879e0c9822b75f31f0b0ed2a30be9f484a57c2f,0xd658bbe0f710186bea991666b45d662b88af23cdd4247ce2444334c131988c39
10,6500,0.0936975,0x565771ee94572a4e327bc252518971e2cfc2ed75,2017-11-02T12:15:09.000Z,0.000014415,0x39138431b99d3adadff371c0d786bf3a32e99c6b,buy,0x0879e0c9822b75f31f0b0ed2a30be9f484a57c2f,0x48ff3dae108cc0d34ef61ad6295dd18d54b6b344f3a06fb459150f10ea40b9a4
11,34,0.0005,0x3075f7f189912f4f425dd7021b9c396434197477,2017-11-02T12:14:39.000Z,0.00001470588235294117,0x39138431b99d3adadff371c0d786bf3a32e99c6b,buy,0x0879e0c9822b75f31f0b0ed2a30be9f484a57c2f,0x4bd7121e09c676fb37ee21eb41f92eeb6583c5743dafc871850116cefebeff5e
12,1501,0.02248498,0x67243f5fe48fc59abd70649e6f0b2305b349137e,2017-11-02T12:11:54.000Z,0.00001498,0xab901f71988c64541932bba8d243bc23c3849561,buy,0x0879e0c9822b75f31f0b0ed2a30be9f484a57c2f,0xfd61ed549174e3dc60ec7993f56424b5c7f1b787ba500584ab3e9ed8a37b476d
13,2000,0.029,0x67243f5fe48fc59abd70649e6f0b2305b349137e,2017-11-02T12:11:34.000Z,0.0000145,0x39138431b99d3adadff371c0d786bf3a32e99c6b,buy,0x0879e0c9822b75f31f0b0ed2a30be9f484a57c2f,0x3b22288823c5b0411fdc5f65c1fb4beec8ad7b865d3497a77ce8a01c1db7faa7
14,5531,0.0829153709999003,0xc13e5c37216d83b83452b857ac391a2f194c25aa,2017-11-02T11:44:01.000Z,0.0000149910271198518,0x7e826e85cba4d3aaaa1b484f53be01d10f527fd6,buy,0x0879e0c9822b75f31f0b0ed2a30be9f484a57c2f,0x9e091f2d6e421c524303e7c2839a17835cb7a33219b3bf96f87249116a9e1d3a
15,1969,0.029530115591665834,0xe8944f19a1f100f252070e112ddac4c54bccfe62,2017-11-02T11:42:46.000Z,0.00001499751934569113,0x7e826e85cba4d3aaaa1b484f53be01d10f527fd6,buy,0x0879e0c9822b75f31f0b0ed2a30be9f484a57c2f,0x7904080617fb26f51ecc052b0c723ed30e910e641c26bf1ba3863560e0c9ecca
16,1000,0.015,0xe8944f19a1f100f252070e112ddac4c54bccfe62,2017-11-02T11:37:14.000Z,0.000015,0x37a714705378b50a324152efe9bb2152abb342b5,buy,0x0879e0c9822b75f31f0b0ed2a30be9f484a57c2f,0x2720150a8eef0765bdce04458d07e31ffd78da0a51bee20fbbcfb72e995aca07
17,1487,0.02178455,0xe8944f19a1f100f252070e112ddac4c54bccfe62,2017-11-02T11:35:12.000Z,0.00001465,0x3e795ede07ed0c3dc3669478e5753de49404f692,buy,0x0879e0c9822b75f31f0b0ed2a30be9f484a57c2f,0x283bae5c7de72e9b0f3965b09a991ff3b3c0245c7257c1080a10503b0f3c6fc2
18,16814,0.2303518,0xe8944f19a1f100f252070e112ddac4c54bccfe62,2017-11-02T11:33:41.000Z,0.0000137,0xa53167b3162ecda5c3c01fe0d87dd3e6c169312d,buy,0x0879e0c9822b75f31f0b0ed2a30be9f484a57c2f,0xebc6258cc44a17ecae38a376b14c0c60ebb6a7e19e47dcdd9ce5dc562b938a4f
19,6000,0.082194,0xe8944f19a1f100f252070e112ddac4c54bccfe62,2017-11-02T11:32:16.000Z,0.000013699,0x9f5360f3fc30501d9b5cd62caa7069a42ead1c8b,buy,0x0879e0c9822b75f31f0b0ed2a30be9f484a57c2f,0x737f692ed4580deb57f2cd73545c02491511c37cec57bfe0268c8d2aefece47f
20,1000,0.0137,0x4d57cb55d3c0982a5cbfaabd78cba44396c0a498,2017-11-02T11:12:54.000Z,0.0000137,0xa53167b3162ecda5c3c01fe0d87dd3e6c169312d,buy,0x0879e0c9822b75f31f0b0ed2a30be9f484a57c2f,0xf82c5032538c52404caaae5c5b1675b1e6358a9889f5a4595ba1dbc101285457
21,253,0.0029601,0xd2c694cad1be93ede30b603b26e4c80028c89fbb,2017-11-02T11:08:31.000Z,0.0000117,0x4befefcaec71e5603f7a2dd59c3827dafa328e1d,sell,0x0879e0c9822b75f31f0b0ed2a30be9f484a57c2f,0xb1a82a0e53cf872a2ef96f0ac717adba4fb7308c9649a14f10b6a8306ea17ed8
22,100,0.00126,0x95ce81027b57239985d75fc2b7e2aa6f2baccbd2,2017-11-02T11:08:15.000Z,0.0000126,0x4befefcaec71e5603f7a2dd59c3827dafa328e1d,sell,0x0879e0c9822b75f31f0b0ed2a30be9f484a57c2f,0x279d528130fb4c5d99ff8942b3b7af0c3b8493ddcff907c34a922222ee1961a1
23,1400,0.0182,0x64075f8724a059edf1a21479bcb5a2c25f325f82,2017-11-02T10:25:57.000Z,0.000013,0x39138431b99d3adadff371c0d786bf3a32e99c6b,sell,0x0879e0c9822b75f31f0b0ed2a30be9f484a57c2f,0x5ed0ab99d751392b2598930037b5748690f42a6aff85ed00e0a1f70b56b885a4
24,13,0.00019045,0xc13e5c37216d83b83452b857ac391a2f194c25aa,2017-11-02T09:58:06.000Z,0.00001465,0x3e795ede07ed0c3dc3669478e5753de49404f692,buy,0x0879e0c9822b75f31f0b0ed2a30be9f484a57c2f,0x94f0b45c8f30ed7205cf9f43a5c7980a78ec047ad1411a4ed909b180980e62c6
25,3500,0.051275,0xaf96e115d9edea70ceafa8cd07e43b938ebedccc,2017-11-02T09:56:56.000Z,0.00001465,0x3e795ede07ed0c3dc3669478e5753de49404f692,buy,0x0879e0c9822b75f31f0b0ed2a30be9f484a57c2f,0xd4b217e4a30a54a9b68f7f601e5dc28c7ffe04473b66959df3d53926e4168238
26,8700,0.10092,0x9e038acbfa4eb97258fdfce89af9f32d03b318da,2017-11-02T09:48:15.000Z,0.0000116,0x95a40da1e31e3f66e3a7914d300652c19848e55a,sell,0x0879e0c9822b75f31f0b0ed2a30be9f484a57c2f,0xb6bd9793138efab991ae60bd120ab92be458175bdfd4cdb755e5069e59349147
27,22000,0.322278,0x9e038acbfa4eb97258fdfce89af9f32d03b318da,2017-11-02T09:30:47.000Z,0.000014649,0x52abd0f5acb187f90ef72530dfbe23d7a75478d9,buy,0x0879e0c9822b75f31f0b0ed2a30be9f484a57c2f,0xb1f68a428a8826d70ea0fc76dcbc6d5a0f7d8c1c05c6a9d7b5560a71066eeadb
28,21433,0.321495,0x9e038acbfa4eb97258fdfce89af9f32d03b318da,2017-11-02T09:30:47.000Z,0.000015,0x9dd88b1688123b181e09bb98554e31354e8ceb1b,buy,0x0879e0c9822b75f31f0b0ed2a30be9f484a57c2f,0x19113292ae2d2940ff943ad170fb3ebae10aab2f8861b9432ca4818a5a60a8f6
29,3987,0.045854487,0xe78629c3b71522a1b16d6f93af947e0361f0c013,2017-11-02T09:19:33.000Z,0.000011501,0xb8a91afada718331f7ce7071b03849781f0aef5d,sell,0x0879e0c9822b75f31f0b0ed2a30be9f484a57c2f,0x645e71bf58c701c4f660c0930be4036547079c8f1180efbd23d589539858c1fd
30,3847,0.04004727,0x64a2298dc962b04135b477fcb88a9e70cc51514e,2017-11-02T09:12:17.000Z,0.00001041,0xad6311e899ca6b6e8f3a475a34a570a8706790b4,sell,0x0879e0c9822b75f31f0b0ed2a30be9f484a57c2f,0x5dee6c4aa4205a290117a8da683818e5dfcf7168b5de1563a0e6c7efbae35c56
31,14912,0.1908736,0x9e038acbfa4eb97258fdfce89af9f32d03b318da,2017-11-02T09:11:26.000Z,0.0000128,0x1d828851050c968bd6e3697fc89995576017c35f,buy,0x0879e0c9822b75f31f0b0ed2a30be9f484a57c2f,0x210700f11a4fce0cea749b961e5ca7dec91270c474aa2c2110755fe5bc15a241
32,64948,0.714428,0x0a4400bbf048aa76fa9cf84bff392db89a2e49f6,2017-11-02T09:10:37.000Z,0.000011,0xad6311e899ca6b6e8f3a475a34a570a8706790b4,sell,0x0879e0c9822b75f31f0b0ed2a30be9f484a57c2f,0xbfe084f1b25d5452aea9b0a10b6891bc48f8af8016704b83b34b5b3add123e57
33,275000,3.17625,0x4db03b355300c93219bee3f05a5fefa43d65b042,2017-11-02T09:07:57.000Z,0.00001155,0xad6311e899ca6b6e8f3a475a34a570a8706790b4,sell,0x0879e0c9822b75f31f0b0ed2a30be9f484a57c2f,0x032da312256d24cd6dbfde752a4ff9f07240df1b375e5ebbe20827d9283a253a
34,100000,1.156,0x70c73235f7ed65b82be80cdbf4a3c64219786589,2017-11-02T09:07:54.000Z,0.00001156,0xad6311e899ca6b6e8f3a475a34a570a8706790b4,sell,0x0879e0c9822b75f31f0b0ed2a30be9f484a57c2f,0x8f85be146250dc89d61ccb24848edcb8aa49462a6f2285b9514aaa475256dacd
35,11870,0.149562,0x565771ee94572a4e327bc252518971e2cfc2ed75,2017-11-02T09:07:14.000Z,0.0000126,0xad6311e899ca6b6e8f3a475a34a570a8706790b4,sell,0x0879e0c9822b75f31f0b0ed2a30be9f484a57c2f,0x05f6191392881f01a6fe87bbb91e8c00071b0a55706bf0a06d7cde646512186f
36,4000,0.0504,0x565771ee94572a4e327bc252518971e2cfc2ed75,2017-11-02T09:02:01.000Z,0.0000126,0x624319d790af94ab91c1ea51ca9f4b1dd5189595,sell,0x0879e0c9822b75f31f0b0ed2a30be9f484a57c2f,0x47a023da4a978cfb00f10b0514b6955c900b25570ef23f0ab64859f58fdad1d4
37,2000,0.025,0x56de9520c6304a07b24c1ef87c2c4df66c8a5e3f,2017-11-02T08:46:02.000Z,0.0000125,0x95ce81027b57239985d75fc2b7e2aa6f2baccbd2,sell,0x0879e0c9822b75f31f0b0ed2a30be9f484a57c2f,0xa3aa1c49a0b9457dc9eea33f08872cda97c2f3b3a2277c25c15459ed7b0a5011
38,1000,0.01465,0x4d57cb55d3c0982a5cbfaabd78cba44396c0a498,2017-11-02T08:20:24.000Z,0.00001465,0x8b442c5b6907c69078c442ac25b64818e683af0b,buy,0x0879e0c9822b75f31f0b0ed2a30be9f484a57c2f,0x81f90e0ace97b8562d9e8eeb15060f201072bf527d30c1f4edb9f70fa3e3a3ae
39,1,0.000011,0x32a0bb6e02b8d87a54844148fbfd10ef2a6ce6b4,2017-11-02T07:26:59.000Z,0.000011,0xbc9502eccb78bafc9e04064f5b1646b093a1147e,sell,0x0879e0c9822b75f31f0b0ed2a30be9f484a57c2f,0xed4e098b2f939ef61948ccb290c46b730ae98bc5cc14fbdf77d6761008b1eacc
40,7630,0.0993426,0xa7e2affd54d9107bb4eeb951ee5a97bf240961fb,2017-11-02T06:35:23.000Z,0.00001302,0x508e4a96dab9bd044d0bb654d623c4ef663dfc35,sell,0x0879e0c9822b75f31f0b0ed2a30be9f484a57c2f,0x5e8c7e70b6f71d7f1e39caaafb7c49973eb1b5a8c0ff1eacf9e57f8504d6ff26
41,353,0.004589,0x4befefcaec71e5603f7a2dd59c3827dafa328e1d,2017-11-02T06:35:23.000Z,0.000013,0x508e4a96dab9bd044d0bb654d623c4ef663dfc35,sell,0x0879e0c9822b75f31f0b0ed2a30be9f484a57c2f,0x473e2c8960374ae20a4dc5a1d49d8180a9706bc98645a88da65afb99606f0569
42,1902,0.0248211,0x3e795ede07ed0c3dc3669478e5753de49404f692,2017-11-02T06:35:23.000Z,0.00001305,0x508e4a96dab9bd044d0bb654d623c4ef663dfc35,sell,0x0879e0c9822b75f31f0b0ed2a30be9f484a57c2f,0xed86c5ce13d0d1e568f101f04beb7de208af4743e122f0497f358cf5acd7989f
43,3098,0.0404289,0x3e795ede07ed0c3dc3669478e5753de49404f692,2017-11-02T06:25:32.000Z,0.00001305,0x26c119a083cdace31da3863c804f30d54352b116,sell,0x0879e0c9822b75f31f0b0ed2a30be9f484a57c2f,0xa67e5526193c83a1bcae388d8e94576d982bbd9b6ebadbb0529debb354a072ce
44,334,0.00434868,0xa7e2affd54d9107bb4eeb951ee5a97bf240961fb,2017-11-02T06:14:31.000Z,0.00001302,0x3e795ede07ed0c3dc3669478e5753de49404f692,sell,0x0879e0c9822b75f31f0b0ed2a30be9f484a57c2f,0x4585b6881ff800b68e0fe40e42aa2af0b61f5a1ff556b34b80999daa71bf0d39
45,150,0.0021975,0xcc1566bfa9adc2b8f64ddff7db8017c945f77830,2017-11-02T06:13:19.000Z,0.00001465,0x3e795ede07ed0c3dc3669478e5753de49404f692,sell,0x0879e0c9822b75f31f0b0ed2a30be9f484a57c2f,0x67794cf73d0a4d1098c56c886c2904747794aedb494c53d48f68312aa3530ba1
46,100000,1.755,0x508e4a96dab9bd044d0bb654d623c4ef663dfc35,2017-11-02T06:12:32.000Z,0.00001755,0x508e4a96dab9bd044d0bb654d623c4ef663dfc35,buy,0x0879e0c9822b75f31f0b0ed2a30be9f484a57c2f,0x0e50b5e178f28b580106d4166e5ade3fe06eb2c86abd52a6800e8c4e1dc6975c
47,30000,0.3903,0x65fcb23584622d640871f5c83550b3b3a3708e3f,2017-11-02T06:12:17.000Z,0.00001301,0x508e4a96dab9bd044d0bb654d623c4ef663dfc35,sell,0x0879e0c9822b75f31f0b0ed2a30be9f484a57c2f,0x67ffaff5378e6cde498e07b60f21ce32ae1366aac4c73b5f25fe078308f89261
48,2706,0.037884,0x183e70600937bf8eb26111c20e48c5eeada8396e,2017-11-02T06:12:17.000Z,0.000014,0x508e4a96dab9bd044d0bb654d623c4ef663dfc35,sell,0x0879e0c9822b75f31f0b0ed2a30be9f484a57c2f,0x53e3e0b3ab2756f93b523819e43c1010bb4da80bb12c062a0e709161f8e39573
49,5000,0.073,0xf382c75c7edaf46a12b918128174cbf83a08f0d3,2017-11-02T06:12:01.000Z,0.0000146,0x508e4a96dab9bd044d0bb654d623c4ef663dfc35,sell,0x0879e0c9822b75f31f0b0ed2a30be9f484a57c2f,0x085282b9a16a97d3bdedc63276280fb776bc716bbd3d459f524d600dc4373784
50,5000,0.072555,0x30a82c65898e522a5860162d87302133d16497a3,2017-11-02T06:12:01.000Z,0.000014511,0x508e4a96dab9bd044d0bb654d623c4ef663dfc35,sell,0x0879e0c9822b75f31f0b0ed2a30be9f484a57c2f,0x7a75f53303433062775d6e48d95af9ac20478ef0361f9195221c400e368787c6
51,8765,0.127969,0x11223cdaaca042ec7f355a023056a6f5c6edc31c,2017-11-02T06:11:45.000Z,0.0000146,0x508e4a96dab9bd044d0bb654d623c4ef663dfc35,sell,0x0879e0c9822b75f31f0b0ed2a30be9f484a57c2f,0x4a73dd9b08cd5e28370ba684cb31457af337ffb2a1a16f9274eed293fd317fe0
52,3000,0.043812,0xf60b7a42f39161c8852731d2c75039c8ad439c20,2017-11-02T06:10:11.000Z,0.000014604,0x3e795ede07ed0c3dc3669478e5753de49404f692,sell,0x0879e0c9822b75f31f0b0ed2a30be9f484a57c2f,0x563ae4862f2ace66cff0fc303932f69304e182fd55833eebf049cf2f859a89bd
53,500000,9.25,0x508e4a96dab9bd044d0bb654d623c4ef663dfc35,2017-11-02T06:04:29.000Z,0.0000185,0x508e4a96dab9bd044d0bb654d623c4ef663dfc35,buy,0x0879e0c9822b75f31f0b0ed2a30be9f484a57c2f,0x2323e95f60a8d5e45bff8c4998cdd8575eb0160728ebe90924a5a47c1c8321c9
54,3400,0.051,0x0744f1ef0a9011ccc08d7f1f8ab8aedb80828e59,2017-11-02T06:03:43.000Z,0.000015,0xa9f9f76de8f6fafa5fad369092449581d3fbd007,sell,0x0879e0c9822b75f31f0b0ed2a30be9f484a57c2f,0xf78d8a6b3c94fda829a7a4fee3cd9a1fb037ad7d6598dac8819a1d0937f8bc55
55,221,0.003315,0x41d16a4e722cdb4d133ab22f6ce2c22bd2083101,2017-11-02T06:02:34.000Z,0.000015,0x508e4a96dab9bd044d0bb654d623c4ef663dfc35,sell,0x0879e0c9822b75f31f0b0ed2a30be9f484a57c2f,0x6d3ae510d0cd45dd3a6f2c88c10aba9f991ada14019d1552925ea862c598d42d
56,5000,0.07501,0x0a4400bbf048aa76fa9cf84bff392db89a2e49f6,2017-11-02T06:02:28.000Z,0.000015002,0x508e4a96dab9bd044d0bb654d623c4ef663dfc35,sell,0x0879e0c9822b75f31f0b0ed2a30be9f484a57c2f,0x534d0de268e0a5f911c0e0ab257b3b7ba33efa029ea2b0deb37fdf8612bfdd86
57,1000,0.015003,0x5f1483efda72fb1081902dd395f08f386ef01445,2017-11-02T06:00:46.000Z,0.000015003,0x3e795ede07ed0c3dc3669478e5753de49404f692,sell,0x0879e0c9822b75f31f0b0ed2a30be9f484a57c2f,0x5eeaea60303d69fd932b1eb4567bb8ec9f3acb4c2982b6e04b8e56e3a59a0443
58,30000,0.48,0x54f0b6238d107c8d9fcb826ff20de4a5553e6a22,2017-11-02T05:57:11.000Z,0.000016,0x9dd88b1688123b181e09bb98554e31354e8ceb1b,buy,0x0879e0c9822b75f31f0b0ed2a30be9f484a57c2f,0x022cbcc0ccf9341806ecf38eaeff525ccf7a2dbb76cc44c63f4eed6012c27da5
59,31000,0.465,0x54f0b6238d107c8d9fcb826ff20de4a5553e6a22,2017-11-02T05:54:06.000Z,0.000015,0x9dd88b1688123b181e09bb98554e31354e8ceb1b,buy,0x0879e0c9822b75f31f0b0ed2a30be9f484a57c2f,0x7250f6f7ae1e528ae32bcd541f0622495d03de448c6f3af805ea21a35da0be1a
60,31000,0.4123,0x9dd88b1688123b181e09bb98554e31354e8ceb1b,2017-11-02T05:46:10.000Z,0.0000133,0x635717a2740d9003969d4b2e0a1fc24908810f73,sell,0x0879e0c9822b75f31f0b0ed2a30be9f484a57c2f,0xa3116197a15f896ae76b05d0ee8d013599c891aada1995f441140bc6b875f0ab
61,10527,0.15916824,0xd89491e8e216b25fb9a5d32a3fdcf6c5270c665b,2017-11-02T05:46:10.000Z,0.00001512,0x508e4a96dab9bd044d0bb654d623c4ef663dfc35,sell,0x0879e0c9822b75f31f0b0ed2a30be9f484a57c2f,0xb4451d9c6d6bff351066393b2cab770965891d0cd90cb01bc965cab151ddf8b0
62,467056,7.008642336,0x7b3349113c37167702500ec368bd27058bda376d,2017-11-02T05:45:17.000Z,0.000015006,0x508e4a96dab9bd044d0bb654d623c4ef663dfc35,sell,0x0879e0c9822b75f31f0b0ed2a30be9f484a57c2f,0x295047732e7274cef970f7b67bbc876395386653eeec20069813fcc0a99c847f
63,6413,0.09664391,0x6d4afbd1c80c0b908ce050c4885b980df7aa1b22,2017-11-02T05:45:17.000Z,0.00001507,0x508e4a96dab9bd044d0bb654d623c4ef663dfc35,sell,0x0879e0c9822b75f31f0b0ed2a30be9f484a57c2f,0xf9eb6bf7b81e5dfefa61878bc756ad4ff1921bb855b21f07d4a60d1ea8de8676
64,40000,0.6002,0xe4c4ad01a17f72963aafe6a78842232423f27923,2017-11-02T05:45:17.000Z,0.000015005,0x508e4a96dab9bd044d0bb654d623c4ef663dfc35,sell,0x0879e0c9822b75f31f0b0ed2a30be9f484a57c2f,0x30ead86687ce86b3627c4c933512c302d97ff119480ed0782188222bc90181d6
65,3500,0.052675,0xcd78d7d6131b92d5ab0ad89921a0f066b2a2d724,2017-11-02T05:45:17.000Z,0.00001505,0x508e4a96dab9bd044d0bb654d623c4ef663dfc35,sell,0x0879e0c9822b75f31f0b0ed2a30be9f484a57c2f,0xa9c40b48411bdce2f83187baae36deb6794eabbce5c629edc463e438987e5731
66,520000,7.8,0x245a975547870c35184c990fb5f16cae69051129,2017-11-02T05:45:17.000Z,0.000015,0x508e4a96dab9bd044d0bb654d623c4ef663dfc35,sell,0x0879e0c9822b75f31f0b0ed2a30be9f484a57c2f,0xb9f79fe823a220c29e6185449cff47775d0c6b8dd2f6e8d0723d8cc173134a9e
67,228249,3.44199492,0xfc5b5a90e6d724e5dd1c9c99b6b81c34544117b5,2017-11-02T05:45:09.000Z,0.00001508,0x508e4a96dab9bd044d0bb654d623c4ef663dfc35,sell,0x0879e0c9822b75f31f0b0ed2a30be9f484a57c2f,0x21b90682817b4e6ae6f4b8668eebb7e42e8caa8ad163c60ad83d5eec97684b26
68,134074,2.02652851,0x1a84a246b1ff279f1eaa13fca4c2245b58d32517,2017-11-02T05:44:20.000Z,0.000015115,0x508e4a96dab9bd044d0bb654d623c4ef663dfc35,sell,0x0879e0c9822b75f31f0b0ed2a30be9f484a57c2f,0x802fd3ceb0f9ff7d7bd65642fddbc72815de382a7359be9c04f3883aa3cb2e41
69,30000,0.4536,0xd89491e8e216b25fb9a5d32a3fdcf6c5270c665b,2017-11-02T05:44:08.000Z,0.00001512,0x508e4a96dab9bd044d0bb654d623c4ef663dfc35,sell,0x0879e0c9822b75f31f0b0ed2a30be9f484a57c2f,0x652e6952ad99e2dd4758cf409175db10a131e5d24f4d73de0958c36ca51656a1
70,10000,0.17,0xc05eb25915a202c6ac9f3d9c11ab4044b6c25326,2017-11-02T05:07:56.000Z,0.000017,0x1a84a246b1ff279f1eaa13fca4c2245b58d32517,buy,0x0879e0c9822b75f31f0b0ed2a30be9f484a57c2f,0x630c1585c1c6d7acb532ddf24fe401dc8782b42bdaef8434825bd40a4692163d
71,998,0.01508477,0x1a84a246b1ff279f1eaa13fca4c2245b58d32517,2017-11-02T05:06:02.000Z,0.000015115,0xe66d3694198499adb8380b949b062db5b3efb0ef,sell,0x0879e0c9822b75f31f0b0ed2a30be9f484a57c2f,0x79faf0015f370626367fa57d53b2526c6383a40155b3a59a940e1dd13b31127f
72,29228,0.44178122,0x1a84a246b1ff279f1eaa13fca4c2245b58d32517,2017-11-02T04:47:15.000Z,0.000015115,0x9cc70180769967ed38af69549938ad6d3c18b071,sell,0x0879e0c9822b75f31f0b0ed2a30be9f484a57c2f,0x643046cb922fc910cd7bf134a45af827d03f62e0fe9028d78642d70c985adfa2
73,20000,0.3023,0x1a84a246b1ff279f1eaa13fca4c2245b58d32517,2017-11-02T04:42:38.000Z,0.000015115,0xa9f9f76de8f6fafa5fad369092449581d3fbd007,sell,0x0879e0c9822b75f31f0b0ed2a30be9f484a57c2f,0xb3208147a1df1497a00262d1b1b88267b378e0a4d46b3ac14c28985cff8e7bef
74,3544,0.053578192,0x93018adddc7ac587d1a1291970f315d53943afd4,2017-11-02T04:38:51.000Z,0.000015118,0xa9f9f76de8f6fafa5fad369092449581d3fbd007,sell,0x0879e0c9822b75f31f0b0ed2a30be9f484a57c2f,0xd25c331d3c02eaf67212d2df37af2ba02465202c3bbebb2d00efd3fb3e1c3946
75,15000,0.231015,0x52abd0f5acb187f90ef72530dfbe23d7a75478d9,2017-11-02T04:35:29.000Z,0.000015401,0xa9f9f76de8f6fafa5fad369092449581d3fbd007,sell,0x0879e0c9822b75f31f0b0ed2a30be9f484a57c2f,0x8c53f6afdfb26c97fb99e0c3da04e53ba90ad47addb1b952d8b253aaaf7d08bf
76,32679,0.4999887,0x65f403f5ce12908bfa7d8089f54f097e8b686fae,2017-11-02T04:35:29.000Z,0.0000153,0xa9f9f76de8f6fafa5fad369092449581d3fbd007,sell,0x0879e0c9822b75f31f0b0ed2a30be9f484a57c2f,0xa71818ee6bfb65fcb0e20752277f06bdc7a944d0ffc46136551220a827e8ebe6
77,6000,0.107982,0x635717a2740d9003969d4b2e0a1fc24908810f73,2017-11-02T04:20:50.000Z,0.000017997,0x52abd0f5acb187f90ef72530dfbe23d7a75478d9,buy,0x0879e0c9822b75f31f0b0ed2a30be9f484a57c2f,0x8d7eb7faddd6854aa05b7367b6d7141877666d8f37ae981d73abf9868eb34a77
78,6456,0.097601808,0x93018adddc7ac587d1a1291970f315d53943afd4,2017-11-02T04:07:28.000Z,0.000015118,0xbc9502eccb78bafc9e04064f5b1646b093a1147e,sell,0x0879e0c9822b75f31f0b0ed2a30be9f484a57c2f,0xcbb3fe9decd29f865409a36fbc79236bf587792ed12d49ef3304e3e58ccaf274
79,500,0.009,0x635717a2740d9003969d4b2e0a1fc24908810f73,2017-11-02T03:48:40.000Z,0.000018,0xa9f9f76de8f6fafa5fad369092449581d3fbd007,buy,0x0879e0c9822b75f31f0b0ed2a30be9f484a57c2f,0x233d87eda3fa4b984d88c3a8c54104e51332193eba93a6135789b35ad9167c7a
80,300,0.0048,0xc8a9ff73b3624e6894bfdf46597b950e5364231d,2017-11-02T03:41:23.000Z,0.000016,0xa9f9f76de8f6fafa5fad369092449581d3fbd007,sell,0x0879e0c9822b75f31f0b0ed2a30be9f484a57c2f,0x260fefa12ff8d81f37413ea619ee658486a6bcd93adb662efab95e21b7ae31b3
81,3483,0.055728,0x6bfd04fca93c3d6ba48bd6527769b6191b71bd6e,2017-11-02T03:39:36.000Z,0.000016,0xbc9502eccb78bafc9e04064f5b1646b093a1147e,sell,0x0879e0c9822b75f31f0b0ed2a30be9f484a57c2f,0x824cf5f59bcbf0b30154fdd50bd6d345197ce30e3af86152cd2daa2579d8afda
82,4300,0.0764411,0x635717a2740d9003969d4b2e0a1fc24908810f73,2017-11-02T03:39:25.000Z,0.000017777,0x2c57d90dbef85f50666460c96ccbef5d79c6ecee,buy,0x0879e0c9822b75f31f0b0ed2a30be9f484a57c2f,0x136d0df5d861bab6d0e87afba6139d0c73de8f8fe7097f1aeadca46a5674ec79
83,282,0.005076,0x635717a2740d9003969d4b2e0a1fc24908810f73,2017-11-02T03:32:38.000Z,0.000018,0xa9f9f76de8f6fafa5fad369092449581d3fbd007,buy,0x0879e0c9822b75f31f0b0ed2a30be9f484a57c2f,0x381502e4d32faeaca8ebf3712391e09406af9c80931e6d0c76fac48601fd14d1
84,17143,0.30858974489968144,0x9b6d1edccf6c0df7f7fd3055394faee918da3600,2017-11-02T03:26:07.000Z,0.0000180009184448277,0xa9f9f76de8f6fafa5fad369092449581d3fbd007,buy,0x0879e0c9822b75f31f0b0ed2a30be9f484a57c2f,0x6de5140a848541e9ebe0119cc75f6422c83fec563c2e6f5923ba2aee7d5f723f
85,7696,0.138528,0xf13b8172d833be81f4b48366d4f0103b53336ec5,2017-11-02T03:23:16.000Z,0.000018,0xa9f9f76de8f6fafa5fad369092449581d3fbd007,sell,0x0879e0c9822b75f31f0b0ed2a30be9f484a57c2f,0x31526c4b985f6303c5b6189ff452cd18421544ab956e23f379be7e5d4fb09dcd
86,304,0.005472,0xf13b8172d833be81f4b48366d4f0103b53336ec5,2017-11-02T03:14:50.000Z,0.000018,0xd05d924aadc5617670a4172210291386faf29e9b,sell,0x0879e0c9822b75f31f0b0ed2a30be9f484a57c2f,0xf74785c8b37c1e9453dfdc679e5575a8ce1bf42e70486345ca067599f1594586
87,10000,0.19,0xf13b8172d833be81f4b48366d4f0103b53336ec5,2017-11-02T03:07:10.000Z,0.000019,0xdc0de8be6351136fd46d7d0fe7b9b0dd74f16326,buy,0x0879e0c9822b75f31f0b0ed2a30be9f484a57c2f,0x026ab54f0dad26f9a1bf457fef1a27c4e7204f1945916fc9ba3c868ea1116ed2
88,997,0.015952,0x6bfd04fca93c3d6ba48bd6527769b6191b71bd6e,2017-11-02T03:06:00.000Z,0.000016,0x9624fae12c24bcdade48cbb10e50fd662bf2f9f9,sell,0x0879e0c9822b75f31f0b0ed2a30be9f484a57c2f,0x818f7690361039bb2694e742fdbdd1e295a7ae991501b8ce3f6736936c0fd05e
89,59913,0.958608,0x635717a2740d9003969d4b2e0a1fc24908810f73,2017-11-02T03:02:05.000Z,0.000016,0x272da413b84dcb2d5ad945a3d46806e22c75e04e,sell,0x0879e0c9822b75f31f0b0ed2a30be9f484a57c2f,0x2eb8c9a975bb32e6ab906549d0315d81c957202739f71423bf45d10b5bbbf4d2
90,129944,2.468936,0x9b6d1edccf6c0df7f7fd3055394faee918da3600,2017-11-02T02:45:49.000Z,0.000019,0x4db03b355300c93219bee3f05a5fefa43d65b042,buy,0x0879e0c9822b75f31f0b0ed2a30be9f484a57c2f,0xea71cbb11feb4100c46b84613fa87a1df72d2854804f64fd377debf021b40cf1
91,18259,0.3469260724142374,0x2ce17f8d98cc5f7870d231c25ab87727c52fe64f,2017-11-02T02:39:57.000Z,0.00001900027780350716,0x78d08422473ba3bcc6b869f67d5200650c75520a,buy,0x0879e0c9822b75f31f0b0ed2a30be9f484a57c2f,0x3b035c67e043a183b0047aaf14c4084623bfd8f9219c413421c4ad6394a24d2e
92,32446,0.60057546,0x2ce17f8d98cc5f7870d231c25ab87727c52fe64f,2017-11-02T02:37:58.000Z,0.00001851,0x65f403f5ce12908bfa7d8089f54f097e8b686fae,buy,0x0879e0c9822b75f31f0b0ed2a30be9f484a57c2f,0x8d15c1a9bc992bf6364dbb33dd02922e2fad0962eb452cc8b0d529ba50eb3dae
93,9500,0.17575,0x2ce17f8d98cc5f7870d231c25ab87727c52fe64f,2017-11-02T02:37:48.000Z,0.0000185,0x6c214db0a4d172443539bfb8b02e23f467303f95,buy,0x0879e0c9822b75f31f0b0ed2a30be9f484a57c2f,0x39210f88c7d5bf0bed07dbe044dba037c79a91dd223b90449e9f50d6b7ea3963
94,7314,0.131652,0x2ce17f8d98cc5f7870d231c25ab87727c52fe64f,2017-11-02T02:35:47.000Z,0.000018,0xdc0de8be6351136fd46d7d0fe7b9b0dd74f16326,buy,0x0879e0c9822b75f31f0b0ed2a30be9f484a57c2f,0x25ab5dfc91adbae26f71aabf9bd77417dfae530b2e889f1ebc2e2243f9299575
95,600,0.0108,0x604f9858e40f6dda186edc0c98531036d36c37d7,2017-11-02T02:19:03.000Z,0.000018,0xdc0de8be6351136fd46d7d0fe7b9b0dd74f16326,buy,0x0879e0c9822b75f31f0b0ed2a30be9f484a57c2f,0xe10cbae4fdbc050e1ff44a61925a45e74cd524edf2e39e83ea20502d2b721fd4
96,25000,0.4,0x2ce17f8d98cc5f7870d231c25ab87727c52fe64f,2017-11-02T02:14:28.000Z,0.000016,0x52fcce2900407c596016f2a261272966ca27cf7b,buy,0x0879e0c9822b75f31f0b0ed2a30be9f484a57c2f,0x6f55a3bae7bd8873e6eb31af802c42c4aa5e3bb268624d2c61422101204e7e0e
97,25000,0.40625,0x2ce17f8d98cc5f7870d231c25ab87727c52fe64f,2017-11-02T02:14:28.000Z,0.00001625,0x52fcce2900407c596016f2a261272966ca27cf7b,buy,0x0879e0c9822b75f31f0b0ed2a30be9f484a57c2f,0x7589a8a9943cbf0fcb1f664fa7acbbbe026aaf45f3b221deb4b3831e30226938
98,2086,0.037548,0x604f9858e40f6dda186edc0c98531036d36c37d7,2017-11-02T01:40:45.000Z,0.000018,0xdc0de8be6351136fd46d7d0fe7b9b0dd74f16326,buy,0x0879e0c9822b75f31f0b0ed2a30be9f484a57c2f,0x43b219d8ea9f64f48176a8909e0baabe5a9d5bbf6eb8f67a3b8a73d93ea3d4db
99,314,0.007222,0x604f9858e40f6dda186edc0c98531036d36c37d7,2017-11-02T01:35:43.000Z,0.000023,0xcec8584886e58a6adc1a7c26fd577094cb1b2ade,buy,0x0879e0c9822b75f31f0b0ed2a30be9f484a57c2f,0x2280efa5120afd5a215cecd4fbebcb9e56bedf091cda6593d5cb2619335eb40f
100,36420,0.54979632,0x9b6d1edccf6c0df7f7fd3055394faee918da3600,2017-11-02T01:05:17.000Z,0.000015096,0xa8f205a71f8bb911910da87242771e8aee0cce03,sell,0x0879e0c9822b75f31f0b0ed2a30be9f484a57c2f,0x8abd6240779031079decf40967e4b5c73c40ec155a629692d14a6bf10e4e2e6e
101,500,0.00925,0xf155eac36ea8e082bdcd673c58608d6f02e4225c,2017-11-02T00:51:31.000Z,0.0000185,0x6c214db0a4d172443539bfb8b02e23f467303f95,buy,0x0879e0c9822b75f31f0b0ed2a30be9f484a57c2f,0x129d921fda40192dc98cc9ce4401980aee315d71455f4314555f0d0f776b9cad
102,3000,0.054,0x8747b8a010033060529d60909ab7a00b8d2a1dea,2017-11-02T00:36:58.000Z,0.000018,0x68ca7fc4bfc3bb2a9cf6f45736dcadc2c427c5a0,sell,0x0879e0c9822b75f31f0b0ed2a30be9f484a57c2f,0x74f3a174c524e95489b9c1a34f17535f4f4d4b117150b7e6c1b5a3e3881c0807
103,10000,0.18,0x2ce17f8d98cc5f7870d231c25ab87727c52fe64f,2017-11-02T00:19:33.000Z,0.000018,0xf1b756b5cf793412b9e1aac97654ae26385891ba,buy,0x0879e0c9822b75f31f0b0ed2a30be9f484a57c2f,0x269904adc4cb2f4237ffee64e2fbcf71702c09de013d450f0bc4d9ba2d2e9b21
104,900,0.0162,0x2ce17f8d98cc5f7870d231c25ab87727c52fe64f,2017-11-02T00:19:15.000Z,0.000018,0xf426138c983fa2dccef816ffbc15f1d287105a22,buy,0x0879e0c9822b75f31f0b0ed2a30be9f484a57c2f,0x90e3f50fbe9c83e795937ddb25a354fbe1478413c4bad63654066d08b1b9dffa
105,381148,5.719506888,0x7b3349113c37167702500ec368bd27058bda376d,2017-11-02T00:17:42.000Z,0.000015006,0xa8f205a71f8bb911910da87242771e8aee0cce03,sell,0x0879e0c9822b75f31f0b0ed2a30be9f484a57c2f,0x8391ca7ab69a5707dc05b9ca9f6c0fe7f6d0ce5d94d9d5dac8ed25b66ab40792
106,3587,0.05405609,0x6d4afbd1c80c0b908ce050c4885b980df7aa1b22,2017-11-02T00:03:02.000Z,0.00001507,0xb2cbd8f8fdf1d883e857b53b842af0a20cfded2f,sell,0x0879e0c9822b75f31f0b0ed2a30be9f484a57c2f,0x9b9d63b01112c8af88999eeb3768f658890c8e056c02103f99bfec59f3c3975f
107,1508,0.023375508,0xe7caed6a5f6ebc8eaae9170de00e99b495dca1d6,2017-11-02T00:01:12.000Z,0.000015501,0xb2cbd8f8fdf1d883e857b53b842af0a20cfded2f,sell,0x0879e0c9822b75f31f0b0ed2a30be9f484a57c2f,0xa559b54de46b8e6b71a2c84ada5bf78db8ee107468a67828912f74682a213007
108,2875,0.0445625,0xe78629c3b71522a1b16d6f93af947e0361f0c013,2017-11-02T00:01:12.000Z,0.0000155,0xb2cbd8f8fdf1d883e857b53b842af0a20cfded2f,sell,0x0879e0c9822b75f31f0b0ed2a30be9f484a57c2f,0x090feb2321ab000bd554f71e43c1eb51340f6ec6c8386b97b2dcf4fcba800f2e
109,2000,0.031102,0x5f1483efda72fb1081902dd395f08f386ef01445,2017-11-02T00:00:17.000Z,0.000015551,0xb2cbd8f8fdf1d883e857b53b842af0a20cfded2f,sell,0x0879e0c9822b75f31f0b0ed2a30be9f484a57c2f,0x75d5277b41aef268835c0482d48f48f3b53ec3188ca1296474b803d41aceb4fa
110,94896,1.424009376,0x7b3349113c37167702500ec368bd27058bda376d,2017-11-01T23:54:26.000Z,0.000015006,0xa8f205a71f8bb911910da87242771e8aee0cce03,sell,0x0879e0c9822b75f31f0b0ed2a30be9f484a57c2f,0x0dfb4f60eca043c4433a42c3dacf54b4e38256223e744c908b9934e26acedca8
111,10000,0.1555,0xa109f942950dafa765507db55df70fbd7b4054bc,2017-11-01T23:54:21.000Z,0.00001555,0xa8f205a71f8bb911910da87242771e8aee0cce03,sell,0x0879e0c9822b75f31f0b0ed2a30be9f484a57c2f,0x5817864d76d99e8735c279b3f110ae99fab93d8f074a939b2747abf1591d1e47
112,32446,0.49999286,0x65f403f5ce12908bfa7d8089f54f097e8b686fae,2017-11-01T23:53:41.000Z,0.00001541,0xa8f205a71f8bb911910da87242771e8aee0cce03,sell,0x0879e0c9822b75f31f0b0ed2a30be9f484a57c2f,0x7da635eb450d1a0e96b7533417e7ced9273e839a5d739328b3aac272549f8b87
113,5000,0.0925,0x8c76b19c350a238946351211f09a9c04cb98b292,2017-11-01T22:35:47.000Z,0.0000185,0x4db03b355300c93219bee3f05a5fefa43d65b042,sell,0x0879e0c9822b75f31f0b0ed2a30be9f484a57c2f,0xe0402fc3a9bdd95114369205b808bfd468c9705a0f7ede2ada35d074db626e90
114,11405,0.2281,0x65306ebb570958774cf75c56db4dc99d8eb7a282,2017-11-01T22:29:08.000Z,0.00002,0x24418ab1b19550b380652432eac1ab37bf3d0fa9,buy,0x0879e0c9822b75f31f0b0ed2a30be9f484a57c2f,0x841d0822e1bd7e5668ccae143b44630537d31151b55f107d4b26bb0cac31d11e
115,9325,0.17718372046655367,0xb6ac23e8c4211dad1e48755c612ff27c8e3c808b,2017-11-01T22:28:51.000Z,0.00001900093517067599,0x4db03b355300c93219bee3f05a5fefa43d65b042,buy,0x0879e0c9822b75f31f0b0ed2a30be9f484a57c2f,0x99a43d1d78cde95a09c3f1a355e6516c5199ab53875a7c5c2f13156d610c7bfd
116,500,0.0095,0xc9c037ba9220b095de19e6c1bed65af450637f94,2017-11-01T22:14:29.000Z,0.000019,0x4db03b355300c93219bee3f05a5fefa43d65b042,buy,0x0879e0c9822b75f31f0b0ed2a30be9f484a57c2f,0x4c13261e75dda4d8056ac3b95955e7fae6fed8bd47b479e53b7f1c749eea29f7
117,2500,0.1375,0x4a42f8134bc67bcaeb8dee1e5aad82d85290c419,2017-11-01T22:12:50.000Z,0.000055,0x422d7c1f2f04e7582163d1381a436516f4de3c2a,sell,0x0879e0c9822b75f31f0b0ed2a30be9f484a57c2f,0xcecf4b85b2c52a20ee3489dc6682c7d528293a8af8888c49177f22572b2dc2a7
118,2509,0.04768999999999999,0x422d7c1f2f04e7582163d1381a436516f4de3c2a,2017-11-01T22:12:50.000Z,0.00001900757273814268,0x4db03b355300c93219bee3f05a5fefa43d65b042,buy,0x0879e0c9822b75f31f0b0ed2a30be9f484a57c2f,0xcecf4b85b2c52a20ee3489dc6682c7d528293a8af8888c49177f22572b2dc2a7
119,1992,0.030877992,0xe7caed6a5f6ebc8eaae9170de00e99b495dca1d6,2017-11-01T22:10:23.000Z,0.000015501,0x739fc8613e0177a800fdb72f4322487e1a23a064,sell,0x0879e0c9822b75f31f0b0ed2a30be9f484a57c2f,0x4bfcbd0640853c4b52f4e999a38a4b8f104d6d43a6201fcf0e90624fcc5a959e
120,2003,0.03005315603145996,0x6cb38b435b56211ef7ebc838dd02e6c682e8b10e,2017-11-01T21:57:12.000Z,0.00001500407190786817,0x8071e1f3f5fa20a3983eb8a5d0901e9f0981e977,buy,0x0879e0c9822b75f31f0b0ed2a30be9f484a57c2f,0xbae5e0bfd3307cdedc8344dc0cc057256223448dc79e0e88e7172022c4fea776
121,1996,0.029946843968540037,0x301e21525f75452c694ea2546d769099114c9401,2017-11-01T21:54:03.000Z,0.00001500342884195392,0x8071e1f3f5fa20a3983eb8a5d0901e9f0981e977,buy,0x0879e0c9822b75f31f0b0ed2a30be9f484a57c2f,0x6c4d7b770bf9459e2ed00f8bb6e32900c9286b28bf114ab1f35f15c7bdb6b3eb
122,1000,0.02,0x0216facf7143763f55643e8164f4bb5b18809ec9,2017-11-01T21:38:41.000Z,0.00002,0x00fc49b468aacee64403018c9b6e8cf8723e7618,buy,0x0879e0c9822b75f31f0b0ed2a30be9f484a57c2f,0x6b636b78cf46635ef937bb26e1c0a990bb4e906c6048969d937ff28477c1dca2
123,13837,0.2726077041969893,0x2ce17f8d98cc5f7870d231c25ab87727c52fe64f,2017-11-01T20:45:24.000Z,0.00001970135897933,0xa7d3aa01d021c362143422e32c099a34d5fbe320,buy,0x0879e0c9822b75f31f0b0ed2a30be9f484a57c2f,0xed581267cff23b4f33392003dbeef0dfb44ad03f0b488bf9380cc5a47d77ed2f
124,506,0.009969095803010666,0x3706ca2ada1803d4d5be1f2e6e2647f0dcaf731a,2017-11-01T20:39:59.000Z,0.00001970177036168115,0xa7d3aa01d021c362143422e32c099a34d5fbe320,buy,0x0879e0c9822b75f31f0b0ed2a30be9f484a57c2f,0xb4112f42d400fd4aea93efc602b07ccfd7c3ccfffdaaf59620a2dc360cc9d097
125,118477,2.1206209061740275,0x2ce17f8d98cc5f7870d231c25ab87727c52fe64f,2017-11-01T20:06:56.000Z,0.00001789900914248358,0x2ca229c3df59c5ac733340dc90cc443d471b66d9,buy,0x0879e0c9822b75f31f0b0ed2a30be9f484a57c2f,0xd898ad68a90875e35bd74fb8a3cdcd40a7614da63bd3e6e3d08e82b5b5b8b431
126,22361,0.39243555,0x2ce17f8d98cc5f7870d231c25ab87727c52fe64f,2017-11-01T20:06:56.000Z,0.00001755,0x65f403f5ce12908bfa7d8089f54f097e8b686fae,buy,0x0879e0c9822b75f31f0b0ed2a30be9f484a57c2f,0x6ae423f4f4b459ad60af8e521c9baa5b208bf42ec6147b4a5731cb1739d5a31f
127,1522,0.027259093825972323,0xa5e8ec84aca34e8ef6ae78f0735df247a941bcd1,2017-11-01T19:55:20.000Z,0.00001791004850589508,0x2ca229c3df59c5ac733340dc90cc443d471b66d9,buy,0x0879e0c9822b75f31f0b0ed2a30be9f484a57c2f,0xac6d2157d11720f1f2116802eefa8b3d5c12966ab14ab9a8683b93db965416c4
128,10000,0.17899,0xa5e8ec84aca34e8ef6ae78f0735df247a941bcd1,2017-11-01T19:52:36.000Z,0.000017899,0x2ca229c3df59c5ac733340dc90cc443d471b66d9,buy,0x0879e0c9822b75f31f0b0ed2a30be9f484a57c2f,0x042be5b9009976c82f6e9f382a3ff5e2f3dbbb78ee84d5d1bb84d31b96c95e17
129,8796,0.15437917042190227,0xa5e8ec84aca34e8ef6ae78f0735df247a941bcd1,2017-11-01T19:50:04.000Z,0.00001755106530490021,0x65f403f5ce12908bfa7d8089f54f097e8b686fae,buy,0x0879e0c9822b75f31f0b0ed2a30be9f484a57c2f,0x3dc35d895c703377490939b5671da84d76fbdc1a79b0825c0a0383a979b563ae
130,1800,0.0306,0xa5e8ec84aca34e8ef6ae78f0735df247a941bcd1,2017-11-01T19:48:33.000Z,0.000017,0xb425020c938069298f5fbd4ac89ee7d936627b14,buy,0x0879e0c9822b75f31f0b0ed2a30be9f484a57c2f,0x555050826126ab8485bcf64443486a9d571c9c7afbcb83f02f65e07df2d05300
131,3200,0.0480032,0x94d845ee4a1f5c86b6194e37bc3f9956234fa206,2017-11-01T19:43:26.000Z,0.000015001,0xdc83a5e0fb1e860a2a5ba21f535bea0bf0460e09,buy,0x0879e0c9822b75f31f0b0ed2a30be9f484a57c2f,0x61f292d88a98ecb4ab66d12c891245c9126e6dd44b33af4f8087cf0af44966ee
132,1800,0.02772,0xb425020c938069298f5fbd4ac89ee7d936627b14,2017-11-01T19:17:51.000Z,0.0000154,0x1eb8c785a8074f05b95c2383014a09f93819f503,sell,0x0879e0c9822b75f31f0b0ed2a30be9f484a57c2f,0xddc9390343e22ea092239048669801e7f5be17ec9fa1427ae3956f9d18cea1ab
133,12187,0.207179,0xe5a4e8bcf5e36deffc52fc42b5ae949012fc40ec,2017-11-01T19:16:02.000Z,0.000017,0xb425020c938069298f5fbd4ac89ee7d936627b14,buy,0x0879e0c9822b75f31f0b0ed2a30be9f484a57c2f,0x26fec31aa04a95e73a166ed3791bf70ce31ab280834f7310ae53870b33d5701f
134,12500,0.2125,0x23901886602bd6725d2f8e7d076e28be9f4f2cf3,2017-11-01T19:08:13.000Z,0.000017,0xb425020c938069298f5fbd4ac89ee7d936627b14,buy,0x0879e0c9822b75f31f0b0ed2a30be9f484a57c2f,0x67b556b2d74975fd0af104f0dd965518348fd3e7bca9322054372041886ecf28
135,1000,0.0169,0x9624fae12c24bcdade48cbb10e50fd662bf2f9f9,2017-11-01T18:58:41.000Z,0.0000169,0x3b473f950fb09602597199ce1274e22ccd875960,buy,0x0879e0c9822b75f31f0b0ed2a30be9f484a57c2f,0xff89a0200891f464481a877e5b6db91b25af7430caa70baa15169b497309ae4a
136,1000,0.0169,0xf155eac36ea8e082bdcd673c58608d6f02e4225c,2017-11-01T18:56:13.000Z,0.0000169,0x3b473f950fb09602597199ce1274e22ccd875960,buy,0x0879e0c9822b75f31f0b0ed2a30be9f484a57c2f,0xaaf4e3d2e9345b3e8a2946bed71eb4ca2c068f9a2bd5ab8cbc8f7a9e9ffcb177
137,1000,0.0169,0xa5e8ec84aca34e8ef6ae78f0735df247a941bcd1,2017-11-01T18:55:37.000Z,0.0000169,0x3b473f950fb09602597199ce1274e22ccd875960,buy,0x0879e0c9822b75f31f0b0ed2a30be9f484a57c2f,0xcb7625932a7849211c76a0853a0bba76e8b4cb52e66fbfcd769988b6d3880a88
138,5006,0.08460139994994,0xa5e8ec84aca34e8ef6ae78f0735df247a941bcd1,2017-11-01T18:52:10.000Z,0.00001689999999,0x9b6d1edccf6c0df7f7fd3055394faee918da3600,buy,0x0879e0c9822b75f31f0b0ed2a30be9f484a57c2f,0x2f3f5de337b753cf2f37c017ae0f13b578218776f9cc18a1ded78f59d7ea5157
139,3814,0.05721,0xe4c4ad01a17f72963aafe6a78842232423f27923,2017-11-01T18:32:55.000Z,0.000015,0x3bfd98bf67d401f09dd1c4b211709051fb08f2f0,sell,0x0879e0c9822b75f31f0b0ed2a30be9f484a57c2f,0xcb4ae2cd64fa3eb4e80777096c4c3f4f8c36a3dd42fa08057ac6ea2e83184f41
140,950,0.01425,0xe4c4ad01a17f72963aafe6a78842232423f27923,2017-11-01T18:21:08.000Z,0.000015,0x242daf62dc3abc87c36aea0b593d223f919e918f,sell,0x0879e0c9822b75f31f0b0ed2a30be9f484a57c2f,0x3dc25f2395533de38d027d07f2eb08fecd1fcf28a660b59b687098d6281d315a
141,950,0.0133,0x242daf62dc3abc87c36aea0b593d223f919e918f,2017-11-01T18:20:06.000Z,0.000014,0xeaff8e0923ce40a5d773a56c68ba33c165f7c0b7,buy,0x0879e0c9822b75f31f0b0ed2a30be9f484a57c2f,0x7c50a87f166928f9c4962fb38521e7ed62ef5768bcb089a50b2e4f6100038e75
142,1500,0.02399999985,0x719f7a13cad057310bb8356ab2581041951c0e6f,2017-11-01T18:18:26.000Z,0.0000159999999,0x9b6d1edccf6c0df7f7fd3055394faee918da3600,buy,0x0879e0c9822b75f31f0b0ed2a30be9f484a57c2f,0x5dd352826437954e09005ee18f3b9d2955eb78f6cb7cf23c64b5e6c843521b2f
143,1910,0.03056,0x719f7a13cad057310bb8356ab2581041951c0e6f,2017-11-01T18:16:49.000Z,0.000016,0x3b473f950fb09602597199ce1274e22ccd875960,buy,0x0879e0c9822b75f31f0b0ed2a30be9f484a57c2f,0xda2dfc22d8e8bf9318aa60e57812ecd4e6c2badedc9d7f49baadcc7df4c04a07
144,38182,0.6109220979096048,0x5595b49f56c0c527ffe4aacfbe0a0ef1e3c2d2bf,2017-11-01T18:15:02.000Z,0.0000160002644678017,0x9b6d1edccf6c0df7f7fd3055394faee918da3600,buy,0x0879e0c9822b75f31f0b0ed2a30be9f484a57c2f,0x1779aa8a4ac2e955f2ca4d69ec869e3c447a261d6fe7d1b94d19115b4df58f16
145,1051,0.0168159998949,0xbe68a2799f84af1909b945a83dbe859cfaed090b,2017-11-01T17:52:56.000Z,0.0000159999999,0x9b6d1edccf6c0df7f7fd3055394faee918da3600,buy,0x0879e0c9822b75f31f0b0ed2a30be9f484a57c2f,0xd653a2187d0662dfeb39b9cdf41b043a3152b48968a5ca4f78059a8c93f95e7f
146,1,0.000015,0x41d16a4e722cdb4d133ab22f6ce2c22bd2083101,2017-11-01T17:46:59.000Z,0.000015,0x7e56eaedba880da3d391f4eb074650a7a0737034,sell,0x0879e0c9822b75f31f0b0ed2a30be9f484a57c2f,0x889538246b807214fb452629787cae16000c7f932641411e43ae27a73d260921
147,1,0.000015,0x41d16a4e722cdb4d133ab22f6ce2c22bd2083101,2017-11-01T17:45:21.000Z,0.000015,0xe6dce38a61edba2cd7dc0be24aa42f1c1bd3de0c,sell,0x0879e0c9822b75f31f0b0ed2a30be9f484a57c2f,0x0485c41c38b09f112987a87459ff73807c50564d0f06866b711b7fc453a9bb78
148,5320,0.08512207821182965,0x0cca7e7317e21ff3a9d2845bde7de97382cc8248,2017-11-01T17:44:44.000Z,0.00001600039064132136,0x9b6d1edccf6c0df7f7fd3055394faee918da3600,buy,0x0879e0c9822b75f31f0b0ed2a30be9f484a57c2f,0xe2b71bfd5e12a39866bf684b796a938ea1f5333ec1f9fbb3294a9074aad6b7ae
149,1989,0.029041389,0x7b3349113c37167702500ec368bd27058bda376d,2017-11-01T17:40:22.000Z,0.000014601,0xe6dce38a61edba2cd7dc0be24aa42f1c1bd3de0c,sell,0x0879e0c9822b75f31f0b0ed2a30be9f484a57c2f,0x1efd918976df70a12982604d567fffd5fbc730f569ad1c159fe51d3169387026
150,12469,0.19951519557985922,0x58c827ed24f0204cf0e45f44a9ab222014837b10,2017-11-01T17:39:25.000Z,0.00001600089787311406,0x9b6d1edccf6c0df7f7fd3055394faee918da3600,buy,0x0879e0c9822b75f31f0b0ed2a30be9f484a57c2f,0xfe1af3980585e832334f0e83560f052b8f0445adb8fb7495be732f1ec8a23277
151,76562,1.117881762,0x7b3349113c37167702500ec368bd27058bda376d,2017-11-01T17:37:28.000Z,0.000014601,0x00af9e1ce84465990b9109d682608613350ee9da,sell,0x0879e0c9822b75f31f0b0ed2a30be9f484a57c2f,0x1be2b608c2418acf6121e501f838c7822abdc986e7ae9c3d6dcd88fdd0bc99dc
152,6977,0.104655,0x41d16a4e722cdb4d133ab22f6ce2c22bd2083101,2017-11-01T17:36:08.000Z,0.000015,0x273a5d3e6721b9f5c1a6474f560c1334c63dda01,sell,0x0879e0c9822b75f31f0b0ed2a30be9f484a57c2f,0x63595daaa60648d54d9d2efc148519dc26ce88a66865802d66562d6722b0f9cb
153,6998,0.1021708,0x273a5d3e6721b9f5c1a6474f560c1334c63dda01,2017-11-01T17:36:08.000Z,0.0000146,0xa273ed9670fcbc3c1b9fe5b483f193501512f062,buy,0x0879e0c9822b75f31f0b0ed2a30be9f484a57c2f,0x63595daaa60648d54d9d2efc148519dc26ce88a66865802d66562d6722b0f9cb
154,7294,0.102116,0x183e70600937bf8eb26111c20e48c5eeada8396e,2017-11-01T17:22:56.000Z,0.000014,0x3e799421ad7ca8de3ee650edd05a53423d008ced,sell,0x0879e0c9822b75f31f0b0ed2a30be9f484a57c2f,0x500f0a9636e5219a36d795366856eadf51a49ab4001bcf0f42371334413a499d
155,10000,0.146,0x41d16a4e722cdb4d133ab22f6ce2c22bd2083101,2017-11-01T17:22:03.000Z,0.0000146,0x3e799421ad7ca8de3ee650edd05a53423d008ced,sell,0x0879e0c9822b75f31f0b0ed2a30be9f484a57c2f,0xf843404d1323d73ef18ef16c49d0c2862fdaf0cfd057ba3b2f4c709a4efb4396
156,1000,0.02428,0x35384da841d9c85551ad24e634f8d979f5a06aa1,2017-11-01T17:02:02.000Z,0.00002428,0x6c36f3c98a409911a148272740b32ba5a64ee5b1,buy,0x0879e0c9822b75f31f0b0ed2a30be9f484a57c2f,0x13137ee515899c99e27a99a26e919f50830a1cc5387c0cc51ebeda6e52ba8ef7
157,3000,0.045,0x03d051e3eede81c16ae08dbd655e01411f350575,2017-11-01T16:51:20.000Z,0.000015,0x739fc8613e0177a800fdb72f4322487e1a23a064,buy,0x0879e0c9822b75f31f0b0ed2a30be9f484a57c2f,0x876edd2ae76d4026bbb44ed14926dca6bc355acb63052493f9fc18685e2c6e5d
158,2851,0.042765,0xbc2149633eb1301f2dd14cd25e0f8542f3d44bac,2017-11-01T16:48:32.000Z,0.000015,0x739fc8613e0177a800fdb72f4322487e1a23a064,buy,0x0879e0c9822b75f31f0b0ed2a30be9f484a57c2f,0x5889dd278b9ef393a75aaef2e35af9033bec26b8221d63e8099c8d77686f62e2
159,1000,0.015,0x4d57cb55d3c0982a5cbfaabd78cba44396c0a498,2017-11-01T16:46:19.000Z,0.000015,0x739fc8613e0177a800fdb72f4322487e1a23a064,buy,0x0879e0c9822b75f31f0b0ed2a30be9f484a57c2f,0xb2976ee5b7a525da7f31c780e49cbc815d11bda542d8d15c8e6ed93b42d644d1
160,6000,0.0954,0x4d57cb55d3c0982a5cbfaabd78cba44396c0a498,2017-11-01T16:33:07.000Z,0.0000159,0x739fc8613e0177a800fdb72f4322487e1a23a064,buy,0x0879e0c9822b75f31f0b0ed2a30be9f484a57c2f,0x0231151dabc0155cdbcdc1325e9276805356a4f11645a6e8e3fb0428a87092aa
161,1282,0.01923,0x993ba35bb88d457f106ef74dd434dac66720bcbd,2017-11-01T16:32:57.000Z,0.000015,0xa7622a77bf13ba8dc6c37d1edd278346a7e0c174,sell,0x0879e0c9822b75f31f0b0ed2a30be9f484a57c2f,0xc7ecc277553193bff0a6d5665e9feaec0afd852e33876b0cfbaa2d6c42221a89
162,1855,0.027826855,0x0a4400bbf048aa76fa9cf84bff392db89a2e49f6,2017-11-01T16:30:48.000Z,0.000015001,0xa7622a77bf13ba8dc6c37d1edd278346a7e0c174,sell,0x0879e0c9822b75f31f0b0ed2a30be9f484a57c2f,0x39897985a237bdc24a1dd580114f5c2ff8309c7337f9edbda893ba7b6ebb8599
163,187,0.0028798,0xb425020c938069298f5fbd4ac89ee7d936627b14,2017-11-01T16:30:38.000Z,0.0000154,0x739fc8613e0177a800fdb72f4322487e1a23a064,sell,0x0879e0c9822b75f31f0b0ed2a30be9f484a57c2f,0x532b41a1308edf9250df63fac03e3cc9c3658352a223362b1d59b40334b48294
164,3145,0.047178145,0x0a4400bbf048aa76fa9cf84bff392db89a2e49f6,2017-11-01T16:29:59.000Z,0.000015001,0x74e11bbe2fa8b1686c859ff23a869e392404e3c9,sell,0x0879e0c9822b75f31f0b0ed2a30be9f484a57c2f,0x45bbb301980250f3062473c55b43ea363ff38786c618ce2fe7dc5a84d1423794
165,20000,0.2902,0x64a2298dc962b04135b477fcb88a9e70cc51514e,2017-11-01T16:28:47.000Z,0.00001451,0xa7622a77bf13ba8dc6c37d1edd278346a7e0c174,sell,0x0879e0c9822b75f31f0b0ed2a30be9f484a57c2f,0x0c2825cb68722fdad30cb530e5f94770f98e2d860abeb555370ef44c0a321cc6
166,2000,0.034,0x0b6dbe9a51eefbf7e924b7257c7950402c80fe87,2017-11-01T16:25:26.000Z,0.000017,0x74e11bbe2fa8b1686c859ff23a869e392404e3c9,sell,0x0879e0c9822b75f31f0b0ed2a30be9f484a57c2f,0x628077c33b7ef57815a7aea63f8eb4b1651f7837799b66336e654c0fe830665b
167,7200,0.11016,0xbd81c6b26bae5732f3e3d5ebbf1ac50d9b5373e1,2017-11-01T16:24:24.000Z,0.0000153,0xa7622a77bf13ba8dc6c37d1edd278346a7e0c174,sell,0x0879e0c9822b75f31f0b0ed2a30be9f484a57c2f,0xab6e27cb58c6d07e3039a3d911c78c4ee7e006a66d63884ee10a0c4a05046827
168,24500,0.3773,0xb425020c938069298f5fbd4ac89ee7d936627b14,2017-11-01T16:23:11.000Z,0.0000154,0xa7622a77bf13ba8dc6c37d1edd278346a7e0c174,sell,0x0879e0c9822b75f31f0b0ed2a30be9f484a57c2f,0x8a88576a6504a39dc8d496b975cfdfe79b360c90752864dcb10b168351bf61d0
169,850,0.01527025,0x3092775e15317824612403a785599047d797b690,2017-11-01T16:15:33.000Z,0.000017965,0x9b6d1edccf6c0df7f7fd3055394faee918da3600,buy,0x0879e0c9822b75f31f0b0ed2a30be9f484a57c2f,0xc07580b63a633205af92ac51ee4fea02480cfc40bd4df163e16fb9595038eff6
170,7560,0.11492712,0x57da2673739c73af642d0ee0dea777cb9355d64c,2017-11-01T16:13:50.000Z,0.000015202,0x74e11bbe2fa8b1686c859ff23a869e392404e3c9,sell,0x0879e0c9822b75f31f0b0ed2a30be9f484a57c2f,0x425f2277b5cebcde68419af822f9d88f75adf2656d50211cf046689604cfd25b
171,10000,0.15,0x41d16a4e722cdb4d133ab22f6ce2c22bd2083101,2017-11-01T16:10:32.000Z,0.000015,0x74e11bbe2fa8b1686c859ff23a869e392404e3c9,sell,0x0879e0c9822b75f31f0b0ed2a30be9f484a57c2f,0xa831e3d7ef25d69b4807b4e75087c1e7d4b2cf1310b8836bc22b948173ecb9f0
172,13250,0.19875,0xa9f9f76de8f6fafa5fad369092449581d3fbd007,2017-11-01T16:09:56.000Z,0.000015,0x74e11bbe2fa8b1686c859ff23a869e392404e3c9,sell,0x0879e0c9822b75f31f0b0ed2a30be9f484a57c2f,0xfd420247f483cf537b3bbeea35e8939c88aeea4b0e8ad61d187f19afc8e4a4ad
173,2500,0.0449125,0xe390ba2177daca1fc1772a3788504b915e67a458,2017-11-01T16:09:54.000Z,0.000017965,0x9b6d1edccf6c0df7f7fd3055394faee918da3600,buy,0x0879e0c9822b75f31f0b0ed2a30be9f484a57c2f,0xddfb5c6d99e038039ab42a85f3164dff473be88f7e1dbf756956b2ecc51cabbe
174,9640,0.14653764,0x52abd0f5acb187f90ef72530dfbe23d7a75478d9,2017-11-01T16:08:40.000Z,0.000015201,0x739fc8613e0177a800fdb72f4322487e1a23a064,sell,0x0879e0c9822b75f31f0b0ed2a30be9f484a57c2f,0x811d241f5d9f3b28958e4942ae39519fa6ee78fca389be812b4a5c0701dec6ed
175,10000,0.152011,0xfc5b5a90e6d724e5dd1c9c99b6b81c34544117b5,2017-11-01T16:04:35.000Z,0.0000152011,0x739fc8613e0177a800fdb72f4322487e1a23a064,sell,0x0879e0c9822b75f31f0b0ed2a30be9f484a57c2f,0xdecbd0d3ea959312d6c540cea37d05e9fdd4f96f282741108497a154264b2d35
176,36000,0.5472,0x707f98df58f52030643a716df8a84add5c1b62ed,2017-11-01T16:02:34.000Z,0.0000152,0x739fc8613e0177a800fdb72f4322487e1a23a064,sell,0x0879e0c9822b75f31f0b0ed2a30be9f484a57c2f,0x62a2531b63a8a251425ce133b95a646e58da85c1999d9403e8c21786a8f8b2b9
177,4440,0.06749688,0x57da2673739c73af642d0ee0dea777cb9355d64c,2017-11-01T16:02:34.000Z,0.000015202,0x29c3840928835c155ebe1453ad875b3e21b7dea2,sell,0x0879e0c9822b75f31f0b0ed2a30be9f484a57c2f,0x7171dddd5ef118b6a5c35097587fc5f85bf98abf784651df9a8aee401cb22586
178,2286,0.038862,0x273a5d3e6721b9f5c1a6474f560c1334c63dda01,2017-11-01T15:59:16.000Z,0.000017,0x29c3840928835c155ebe1453ad875b3e21b7dea2,buy,0x0879e0c9822b75f31f0b0ed2a30be9f484a57c2f,0x86992fecc1f2ab042288b393fdaf9aa61ae950a57b22a5ef1e7fc8b79655bfd7
179,2279,0.04560279,0x11bb16dfdb0ebf1ce3fde42f2dac40d1dc35715a,2017-11-01T15:59:16.000Z,0.00002001,0x273a5d3e6721b9f5c1a6474f560c1334c63dda01,sell,0x0879e0c9822b75f31f0b0ed2a30be9f484a57c2f,0x86992fecc1f2ab042288b393fdaf9aa61ae950a57b22a5ef1e7fc8b79655bfd7
180,2800,0.0425628,0x52abd0f5acb187f90ef72530dfbe23d7a75478d9,2017-11-01T15:56:25.000Z,0.000015201,0x536f64d331cffbd4d7b17f10e84c0724a85bc514,sell,0x0879e0c9822b75f31f0b0ed2a30be9f484a57c2f,0x244496ca08afd0fb5343fb264fb6d6be73fd18a62737f656238916bcde53299c
181,7430,0.13347995,0x265ca90bd2ceb257be4370d0cbd6bf8e0a6688e1,2017-11-01T15:38:39.000Z,0.000017965,0x9b6d1edccf6c0df7f7fd3055394faee918da3600,buy,0x0879e0c9822b75f31f0b0ed2a30be9f484a57c2f,0x9300d58a4e95d980ff3da86f07453a01f2be1893a73f9760a6183c55d8af2367
182,165,0.0033,0xa7622a77bf13ba8dc6c37d1edd278346a7e0c174,2017-11-01T15:38:08.000Z,0.00002,0x24418ab1b19550b380652432eac1ab37bf3d0fa9,sell,0x0879e0c9822b75f31f0b0ed2a30be9f484a57c2f,0xe56c5e9f3bfc8e8b7e2c78ef6f62be58b42a69ab1f776653a2a46386e0269f68
183,11570,0.20784348,0x24418ab1b19550b380652432eac1ab37bf3d0fa9,2017-11-01T15:36:46.000Z,0.000017964,0x52abd0f5acb187f90ef72530dfbe23d7a75478d9,buy,0x0879e0c9822b75f31f0b0ed2a30be9f484a57c2f,0x55378656365b8abd1634ea534cd6f440161c431aa04141679214b0e0489d4230
184,55000,0.988075,0x273a5d3e6721b9f5c1a6474f560c1334c63dda01,2017-11-01T15:36:22.000Z,0.000017965,0x9b6d1edccf6c0df7f7fd3055394faee918da3600,buy,0x0879e0c9822b75f31f0b0ed2a30be9f484a57c2f,0xd69f3bfe293af07c6d69bce02f0436d6c5d76200b95b2bd36c709d60a6512880
185,54835,1.0967,0xa7622a77bf13ba8dc6c37d1edd278346a7e0c174,2017-11-01T15:36:22.000Z,0.00002,0x273a5d3e6721b9f5c1a6474f560c1334c63dda01,sell,0x0879e0c9822b75f31f0b0ed2a30be9f484a57c2f,0xd69f3bfe293af07c6d69bce02f0436d6c5d76200b95b2bd36c709d60a6512880
186,2048,0.040966144,0x536f64d331cffbd4d7b17f10e84c0724a85bc514,2017-11-01T15:06:01.000Z,0.000020003,0xf44072eda87ede9613b6ae1b812de8a60ade27a2,sell,0x0879e0c9822b75f31f0b0ed2a30be9f484a57c2f,0x7d2118a1fb5a4c72218cde03f42f9465f437c19e09f71daf7c1b2608719e3e21
187,2055,0.036922185,0xf44072eda87ede9613b6ae1b812de8a60ade27a2,2017-11-01T15:06:01.000Z,0.000017967,0x52abd0f5acb187f90ef72530dfbe23d7a75478d9,buy,0x0879e0c9822b75f31f0b0ed2a30be9f484a57c2f,0x7d2118a1fb5a4c72218cde03f42f9465f437c19e09f71daf7c1b2608719e3e21
188,3000,0.053907,0x719f7a13cad057310bb8356ab2581041951c0e6f,2017-11-01T14:58:35.000Z,0.000017969,0x52abd0f5acb187f90ef72530dfbe23d7a75478d9,buy,0x0879e0c9822b75f31f0b0ed2a30be9f484a57c2f,0x95fa255bdf5419223af75745a887840b80a79e5834ecc6562ad3c9fedf5ed897
189,6000,0.107814,0x719f7a13cad057310bb8356ab2581041951c0e6f,2017-11-01T14:57:15.000Z,0.000017969,0x52abd0f5acb187f90ef72530dfbe23d7a75478d9,buy,0x0879e0c9822b75f31f0b0ed2a30be9f484a57c2f,0xa610e581636683c2fa64fab311db7fa8daf6bc82d9c0622ecaadc1c7db3413a1
190,50000,0.8985,0x6cb38b435b56211ef7ebc838dd02e6c682e8b10e,2017-11-01T14:53:52.000Z,0.00001797,0x9b6d1edccf6c0df7f7fd3055394faee918da3600,buy,0x0879e0c9822b75f31f0b0ed2a30be9f484a57c2f,0xff5256c97478b8763f826ffea0933e641836822d908a194d027d474025424abb
191,391,0.007026839821376781,0x52abd0f5acb187f90ef72530dfbe23d7a75478d9,2017-11-01T14:49:14.000Z,0.00001797145734367463,0x9b6d1edccf6c0df7f7fd3055394faee918da3600,buy,0x0879e0c9822b75f31f0b0ed2a30be9f484a57c2f,0x607b938ee4daa808d1ff1512e5d671155ec30c11dfbe309586eed16a0a614edb
192,12656,0.2274402482304855,0x52abd0f5acb187f90ef72530dfbe23d7a75478d9,2017-11-01T14:45:15.000Z,0.00001797094249608766,0x9b6d1edccf6c0df7f7fd3055394faee918da3600,buy,0x0879e0c9822b75f31f0b0ed2a30be9f484a57c2f,0x7fdd77b8038aeee4ecb893bf707682349c18874d032c1fb3d7a60e93e07781af
193,1725,0.03105,0x273a5d3e6721b9f5c1a6474f560c1334c63dda01,2017-11-01T14:42:15.000Z,0.000018,0x3b473f950fb09602597199ce1274e22ccd875960,buy,0x0879e0c9822b75f31f0b0ed2a30be9f484a57c2f,0x15eca00dbe25b286c922ab5313b478aca8ad9ab1d529a69a431fe14cd201e491
194,1719,0.03438,0x986fe610f50475350aecd06783f9d4ce581bf947,2017-11-01T14:42:15.000Z,0.00002,0x273a5d3e6721b9f5c1a6474f560c1334c63dda01,sell,0x0879e0c9822b75f31f0b0ed2a30be9f484a57c2f,0x15eca00dbe25b286c922ab5313b478aca8ad9ab1d529a69a431fe14cd201e491
195,9969,0.149544969,0x52abd0f5acb187f90ef72530dfbe23d7a75478d9,2017-11-01T14:35:29.000Z,0.000015001,0x57534320de36797294b1b2715125d285da683349,sell,0x0879e0c9822b75f31f0b0ed2a30be9f484a57c2f,0x80b353724c72f422237cb8d6b3a2be8fe3ca56fdd0b8d5db62ffd4557a51f464
196,10000,0.15,0xa9f9f76de8f6fafa5fad369092449581d3fbd007,2017-11-01T14:06:27.000Z,0.000015,0xafa4e6339f6281108b4fbc669c90aa6ac7e75b64,buy,0x0879e0c9822b75f31f0b0ed2a30be9f484a57c2f,0x0e5be4fc06c3c8020f5cc5f866c46f647abf959ac508b534d5466b994e98cee8
197,15262,0.274685476,0x6cb38b435b56211ef7ebc838dd02e6c682e8b10e,2017-11-01T14:05:32.000Z,0.000017998,0x52abd0f5acb187f90ef72530dfbe23d7a75478d9,buy,0x0879e0c9822b75f31f0b0ed2a30be9f484a57c2f,0x6201dd474321c890da876fc0a75a60bf05b58502a7aae990707bed01a3657b1f
198,5000,0.075005,0x9bd942cc8407b0bc1b24ea2ce63be6e9ba1cc59e,2017-11-01T14:03:57.000Z,0.000015001,0x9d3aeaca91a54a6b4588d2821ea105521ab0a4d3,sell,0x0879e0c9822b75f31f0b0ed2a30be9f484a57c2f,0x3f6312987acaf18f8c856e18d7fa2a346af7e5560d4fe3fa6fe4ab16ddd1caf8
199,7500,0.1125,0x91d2092283a517cf8b5d1c1a8d4e1fe4c075177c,2017-11-01T14:00:27.000Z,0.000015,0x9dd88b1688123b181e09bb98554e31354e8ceb1b,sell,0x0879e0c9822b75f31f0b0ed2a30be9f484a57c2f,0xc6ab622265ba50fbcd96f74f5b025608869291fc3a9a04a6b5389e82dded3837
200,10000,0.15,0x52abd0f5acb187f90ef72530dfbe23d7a75478d9,2017-11-01T13:59:52.000Z,0.000015,0xdaca74b362cad300c11d1de5afb5ff23cfda0373,buy,0x0879e0c9822b75f31f0b0ed2a30be9f484a57c2f,0x0fdb29e453ea2969b8decc9b19afdc19a599370c260f21efc059ad6788072d49
201,15000,0.225,0x3b965261db33c38bd90f753b5112a9a24029027d,2017-11-01T13:59:38.000Z,0.000015,0x9dd88b1688123b181e09bb98554e31354e8ceb1b,sell,0x0879e0c9822b75f31f0b0ed2a30be9f484a57c2f,0x9a846f5cf6d021ccd34f026b401828a722048ee9a400a79f58ece74a3153dbcf
202,5262,0.078940524,0x52abd0f5acb187f90ef72530dfbe23d7a75478d9,2017-11-01T13:56:34.000Z,0.000015002,0x739fc8613e0177a800fdb72f4322487e1a23a064,sell,0x0879e0c9822b75f31f0b0ed2a30be9f484a57c2f,0xfb11b2e48d54cd74f1ccf40bb5e16c212e5612c7cf254a118873fafceb8c1ca2
203,25000,0.375,0x30a82c65898e522a5860162d87302133d16497a3,2017-11-01T13:55:05.000Z,0.000015,0x739fc8613e0177a800fdb72f4322487e1a23a064,sell,0x0879e0c9822b75f31f0b0ed2a30be9f484a57c2f,0x023563b1ed60c7f7c74a4f48cbd17363134393949836a82f6ff07b1df644b725
204,10581,0.169296,0x68ca7fc4bfc3bb2a9cf6f45736dcadc2c427c5a0,2017-11-01T13:46:22.000Z,0.000016,0x739fc8613e0177a800fdb72f4322487e1a23a064,buy,0x0879e0c9822b75f31f0b0ed2a30be9f484a57c2f,0x7f95e8011ebc827b0b00b6168f08ad71c7be1facfb745e970993fd6d8f4e6b11
205,16600,0.249,0x17cb55610221329f65df76ce1b4c654872cc0912,2017-11-01T13:43:59.000Z,0.000015,0x739fc8613e0177a800fdb72f4322487e1a23a064,sell,0x0879e0c9822b75f31f0b0ed2a30be9f484a57c2f,0x944d32170d0d866969177d85fa00775e12635a577bcb3ac584de31f957923922
206,40000,0.6032,0x13c3fd153e23ded7477e0817ad4d5754e2d67649,2017-11-01T13:43:01.000Z,0.00001508,0x739fc8613e0177a800fdb72f4322487e1a23a064,sell,0x0879e0c9822b75f31f0b0ed2a30be9f484a57c2f,0xc57c872004db65a92846fb544ea5fa24e3b81e3d6b199978ef54b9512fef9dcc
207,14294,0.228704,0xf67ae5ee6018c1567d7cc214ed2546b8b2c7aab5,2017-11-01T13:39:04.000Z,0.000016,0x739fc8613e0177a800fdb72f4322487e1a23a064,sell,0x0879e0c9822b75f31f0b0ed2a30be9f484a57c2f,0xafef9af1b372522c40a5e3bb263562ea9c9aa9eed3a435ea6d7ec24dcaa6d63f
208,1000,0.016001,0x591cd549312344c65c0e1f5de127f00c157d27fb,2017-11-01T13:38:17.000Z,0.000016001,0x739fc8613e0177a800fdb72f4322487e1a23a064,sell,0x0879e0c9822b75f31f0b0ed2a30be9f484a57c2f,0xcea33f260fb2738e21544d3396bb3deed6e0be0c076cd2ee1fb24c2be012b466
209,46590,0.74544,0x65fe72d9b685989416519ac11b43df44e07dc7c7,2017-11-01T13:38:17.000Z,0.000016,0x739fc8613e0177a800fdb72f4322487e1a23a064,sell,0x0879e0c9822b75f31f0b0ed2a30be9f484a57c2f,0x2913d1bee7f931d9c892c7fac28c3b9b93d3319d6780926bcfe7c40f2b45c1bc
210,3,0.000048,0xf67ae5ee6018c1567d7cc214ed2546b8b2c7aab5,2017-11-01T13:36:51.000Z,0.000016,0x74e11bbe2fa8b1686c859ff23a869e392404e3c9,sell,0x0879e0c9822b75f31f0b0ed2a30be9f484a57c2f,0xf05b17ec658bcc6d169289279568aa8f389858bd81c527ff9fa12181de3080e6
211,56029,0.896464,0xf67ae5ee6018c1567d7cc214ed2546b8b2c7aab5,2017-11-01T13:36:36.000Z,0.000016,0x12101f53fd69c48de22ba4df3181b5710e54a820,sell,0x0879e0c9822b75f31f0b0ed2a30be9f484a57c2f,0x0803df23295fcff066c1e16b4efa2db9dfb8aa9a5ff01ff9d677230823354f03
212,32832,0.525312,0x65fe72d9b685989416519ac11b43df44e07dc7c7,2017-11-01T13:29:44.000Z,0.000016,0x74e11bbe2fa8b1686c859ff23a869e392404e3c9,sell,0x0879e0c9822b75f31f0b0ed2a30be9f484a57c2f,0xa87f3ed778f67894aa565fa4c92333f7dccd2061e02c2b1dce102fca282b708d
213,20578,0.329248,0x65fe72d9b685989416519ac11b43df44e07dc7c7,2017-11-01T13:27:35.000Z,0.000016,0x739fc8613e0177a800fdb72f4322487e1a23a064,sell,0x0879e0c9822b75f31f0b0ed2a30be9f484a57c2f,0x6c4098cdfa8246813ee26728267b27e2f6a0a7703b58d59f9ea12cb50520d82c
214,19158,0.306528,0xf67ae5ee6018c1567d7cc214ed2546b8b2c7aab5,2017-11-01T13:22:28.000Z,0.000016,0x41df4e6136c6ec30f1aee8a594107c83a6161b12,sell,0x0879e0c9822b75f31f0b0ed2a30be9f484a57c2f,0x9b9fdf6e649e3ec8e7129e3aa0fc14750a4872930f7be0c4df29f1c8268e1369
215,1,0.000016,0xf67ae5ee6018c1567d7cc214ed2546b8b2c7aab5,2017-11-01T13:21:17.000Z,0.000016,0xcc53bcc754633c4b68934f052fdbe5a3b70bd66e,sell,0x0879e0c9822b75f31f0b0ed2a30be9f484a57c2f,0x7b4acd88c2d3286420345167d61dc50479a9b75d2be551ec313a4ebde24882df
216,35514,0.568224,0xf67ae5ee6018c1567d7cc214ed2546b8b2c7aab5,2017-11-01T13:20:51.000Z,0.000016,0x34d4ecd77d6378ebdda1c62a38881e4587109181,sell,0x0879e0c9822b75f31f0b0ed2a30be9f484a57c2f,0x33a084ec130ac15199d0e9df72818cbfad9f34b18904c4ab92e8f5a4cd711913
217,1,0.000016,0xf67ae5ee6018c1567d7cc214ed2546b8b2c7aab5,2017-11-01T13:20:51.000Z,0.000016,0xcc53bcc754633c4b68934f052fdbe5a3b70bd66e,sell,0x0879e0c9822b75f31f0b0ed2a30be9f484a57c2f,0x0b4807903488aafed1f3462623c4a03a74f466cee1da806830ad7fb06f24e3e4
218,999,0.0166833,0x485d715fb51c67579ca3dcc0fcf7edd165b2d659,2017-11-01T13:18:15.000Z,0.0000167,0x41df4e6136c6ec30f1aee8a594107c83a6161b12,sell,0x0879e0c9822b75f31f0b0ed2a30be9f484a57c2f,0x25251e51e5366e416e30d1136912a310ec4fca463a6f53f724f94fab8aa29170
219,505,0.0084335,0x11223cdaaca042ec7f355a023056a6f5c6edc31c,2017-11-01T13:17:59.000Z,0.0000167,0x41df4e6136c6ec30f1aee8a594107c83a6161b12,sell,0x0879e0c9822b75f31f0b0ed2a30be9f484a57c2f,0x89c97391e3ccdf43d7f58bc2730e49ceb3da5c505f3653eebb7d235d29462966
220,2000,0.0335,0x25c84b45af48852e5eb94d9709a7f660ea97bae7,2017-11-01T13:16:05.000Z,0.00001675,0x624319d790af94ab91c1ea51ca9f4b1dd5189595,sell,0x0879e0c9822b75f31f0b0ed2a30be9f484a57c2f,0xfaeecb385d30c1963294a7a589efc8eed552cdc4545e5a06b88cb2b1272990cd
221,1,0.0000167,0x11223cdaaca042ec7f355a023056a6f5c6edc31c,2017-11-01T13:14:57.000Z,0.0000167,0x41df4e6136c6ec30f1aee8a594107c83a6161b12,sell,0x0879e0c9822b75f31f0b0ed2a30be9f484a57c2f,0x1cab8e917ba7a8e5b2d83f547e275cc91961a03028e8c7ea4113cb57dc7b7b0f
222,1,0.0000167,0x485d715fb51c67579ca3dcc0fcf7edd165b2d659,2017-11-01T13:14:57.000Z,0.0000167,0x41df4e6136c6ec30f1aee8a594107c83a6161b12,sell,0x0879e0c9822b75f31f0b0ed2a30be9f484a57c2f,0x187c2b66e2aa0e6d0e9350c64798cd1d146151935be2493c05f3f5f66d6cc405
223,2879,0.0564284,0x84f83a4ffdc0f44f367d50feb3d3f765ae4a6364,2017-11-01T13:08:17.000Z,0.0000196,0x3b473f950fb09602597199ce1274e22ccd875960,buy,0x0879e0c9822b75f31f0b0ed2a30be9f484a57c2f,0x92c335c476140d4f8007b6716c09228cf21dc480a8e6f81764868a88a5c13179
224,2000,0.0394,0x84f83a4ffdc0f44f367d50feb3d3f765ae4a6364,2017-11-01T13:05:16.000Z,0.0000197,0xa7d3aa01d021c362143422e32c099a34d5fbe320,buy,0x0879e0c9822b75f31f0b0ed2a30be9f484a57c2f,0xf6aa864f105faec688cbfa27089774426b0d2946e91234c44ee1f341c7bed61f
225,7100,0.11999,0x485d715fb51c67579ca3dcc0fcf7edd165b2d659,2017-11-01T13:05:16.000Z,0.0000169,0x3b473f950fb09602597199ce1274e22ccd875960,sell,0x0879e0c9822b75f31f0b0ed2a30be9f484a57c2f,0x0add8155fda1572140261f8b214cd6cb8f737c57e8d6676928aea41c56f130cb
226,5300,0.10441,0xbc2149633eb1301f2dd14cd25e0f8542f3d44bac,2017-11-01T13:04:44.000Z,0.0000197,0xa7d3aa01d021c362143422e32c099a34d5fbe320,buy,0x0879e0c9822b75f31f0b0ed2a30be9f484a57c2f,0x839facf6517a8138ea944f5981927ceff065f85ef8154ea8489901f0d12782be
227,3645,0.098965395,0x8ec4cb48cce46c76a561ad4327bac391d6f85208,2017-11-01T13:03:03.000Z,0.000027151,0xf44072eda87ede9613b6ae1b812de8a60ade27a2,sell,0x0879e0c9822b75f31f0b0ed2a30be9f484a57c2f,0xa3f339d85e2533fbc1bbd879f1492df7ba482ff22bb20a2730c4454c8b058fb7
228,3656,0.07202320000000001,0xf44072eda87ede9613b6ae1b812de8a60ade27a2,2017-11-01T13:03:03.000Z,0.0000197,0xa7d3aa01d021c362143422e32c099a34d5fbe320,buy,0x0879e0c9822b75f31f0b0ed2a30be9f484a57c2f,0xa3f339d85e2533fbc1bbd879f1492df7ba482ff22bb20a2730c4454c8b058fb7
229,4963,0.09926,0x84f83a4ffdc0f44f367d50feb3d3f765ae4a6364,2017-11-01T13:02:27.000Z,0.00002,0x8ec4cb48cce46c76a561ad4327bac391d6f85208,buy,0x0879e0c9822b75f31f0b0ed2a30be9f484a57c2f,0xe844d8b7f431578039d6b730f66dac0e648f754c1083749918370c8e27b0b50d
230,1000,0.018799,0x84f83a4ffdc0f44f367d50feb3d3f765ae4a6364,2017-11-01T13:01:32.000Z,0.000018799,0x52abd0f5acb187f90ef72530dfbe23d7a75478d9,buy,0x0879e0c9822b75f31f0b0ed2a30be9f484a57c2f,0x9e2c3f5e629fab5499cb20a5367e740af77d9016e12a7e800cf1cf5588ff0f79
231,13494,0.2253498,0x11223cdaaca042ec7f355a023056a6f5c6edc31c,2017-11-01T12:49:44.000Z,0.0000167,0xcc53bcc754633c4b68934f052fdbe5a3b70bd66e,sell,0x0879e0c9822b75f31f0b0ed2a30be9f484a57c2f,0x3790e81b95eeacf2efe1d291cc5564c6483c0880f229ed59636000f83e0a109d
232,30610,0.50815661,0x4d7aa39fea4e6795c48f77dd29019eeebd129c32,2017-11-01T12:46:59.000Z,0.000016601,0xcc53bcc754633c4b68934f052fdbe5a3b70bd66e,sell,0x0879e0c9822b75f31f0b0ed2a30be9f484a57c2f,0x8e946d261fb3f6797a4bdfe46ad1ad0e4de5ed0369cdf57030abe78de8e78488
233,9000,0.169191,0x12101f53fd69c48de22ba4df3181b5710e54a820,2017-11-01T12:46:03.000Z,0.000018799,0x52abd0f5acb187f90ef72530dfbe23d7a75478d9,buy,0x0879e0c9822b75f31f0b0ed2a30be9f484a57c2f,0x35e410894da36878efb4922a0d4ea2bb8644cc6b2466c1a907a022d9501ac089
234,69390,1.15194339,0x4d7aa39fea4e6795c48f77dd29019eeebd129c32,2017-11-01T12:44:41.000Z,0.000016601,0xf47fb0f701715ffbb3f9fe866ca23440ab8e8def,sell,0x0879e0c9822b75f31f0b0ed2a30be9f484a57c2f,0x9a4c0f75ab831f7f7bd13451b04a60870ab800c25256a40a1abb0ae29ed0f1ce
235,3500,0.058135,0x3bafc6d98050c380bfa1302bfbcb25313598ff8f,2017-11-01T12:40:46.000Z,0.00001661,0xcc53bcc754633c4b68934f052fdbe5a3b70bd66e,sell,0x0879e0c9822b75f31f0b0ed2a30be9f484a57c2f,0x06a2c19434a0c86badac52646a904685f7378241c2f4aa197df5696fb73d4367
236,1000,0.0167,0x485d715fb51c67579ca3dcc0fcf7edd165b2d659,2017-11-01T12:40:35.000Z,0.0000167,0xcc53bcc754633c4b68934f052fdbe5a3b70bd66e,sell,0x0879e0c9822b75f31f0b0ed2a30be9f484a57c2f,0xfb2bb6031feb9b72f673fbd5b316d9bb8e92d452a8bbb5536f98908b522f1646
237,30304,0.5060768,0x9dd88b1688123b181e09bb98554e31354e8ceb1b,2017-11-01T12:19:36.000Z,0.0000167,0xf47fb0f701715ffbb3f9fe866ca23440ab8e8def,sell,0x0879e0c9822b75f31f0b0ed2a30be9f484a57c2f,0x3083932305a13c08dbc008ea786407720e0a92910904a9ac5f624b70038070ae
238,4696,0.0784232,0x9dd88b1688123b181e09bb98554e31354e8ceb1b,2017-11-01T12:19:01.000Z,0.0000167,0x005d1231aa5a6c73eebbd495525f4c1a4b1f4af3,sell,0x0879e0c9822b75f31f0b0ed2a30be9f484a57c2f,0x26b6a59e3b957a6968a7dfa43c9466a9a46f359e5816405d0a26ff6ad66ef0d0
239,2270,0.03859,0x485d715fb51c67579ca3dcc0fcf7edd165b2d659,2017-11-01T12:16:23.000Z,0.000017,0x005d1231aa5a6c73eebbd495525f4c1a4b1f4af3,sell,0x0879e0c9822b75f31f0b0ed2a30be9f484a57c2f,0xac1c1ba6650f489cfec66e335793b33d89585cbc226f58fae2345d4ea8d654ec
240,5000,0.085,0x485d715fb51c67579ca3dcc0fcf7edd165b2d659,2017-11-01T12:15:47.000Z,0.000017,0x005d1231aa5a6c73eebbd495525f4c1a4b1f4af3,sell,0x0879e0c9822b75f31f0b0ed2a30be9f484a57c2f,0x0722ea53acaab155f920c7ed9347ac0c0461048ec60fb3a9286f142948e0aa1c
241,21834,0.393012,0x32a0bb6e02b8d87a54844148fbfd10ef2a6ce6b4,2017-11-01T12:02:14.000Z,0.000018,0xcc53bcc754633c4b68934f052fdbe5a3b70bd66e,sell,0x0879e0c9822b75f31f0b0ed2a30be9f484a57c2f,0x493c4874bf89954f4a46dc260813e53782c915f1e2c17db05cb81317ee6702ea
242,10000,0.18001,0x52abd0f5acb187f90ef72530dfbe23d7a75478d9,2017-11-01T12:01:26.000Z,0.000018001,0xcc53bcc754633c4b68934f052fdbe5a3b70bd66e,sell,0x0879e0c9822b75f31f0b0ed2a30be9f484a57c2f,0x7b0a27b54be3df7e5ad6011c6a100fb3ab9fd123a0c4623c6b74377ead925cf4
243,6472,0.116496,0x32a0bb6e02b8d87a54844148fbfd10ef2a6ce6b4,2017-11-01T11:53:37.000Z,0.000018,0x41df4e6136c6ec30f1aee8a594107c83a6161b12,sell,0x0879e0c9822b75f31f0b0ed2a30be9f484a57c2f,0x20e3c0b1dbddaa5cf3d71f6e252fe443958f79e0c180ea60a67762afdfe9944b
244,10000,0.20999,0x6cb38b435b56211ef7ebc838dd02e6c682e8b10e,2017-11-01T11:53:37.000Z,0.000020999,0x52abd0f5acb187f90ef72530dfbe23d7a75478d9,buy,0x0879e0c9822b75f31f0b0ed2a30be9f484a57c2f,0x00305e4a958014c5ec274d134d1e512d5df4e6d0469872be58284ad7b57abf7d
245,55,0.00110011,0x94d845ee4a1f5c86b6194e37bc3f9956234fa206,2017-11-01T11:51:11.000Z,0.000020002,0x41df4e6136c6ec30f1aee8a594107c83a6161b12,sell,0x0879e0c9822b75f31f0b0ed2a30be9f484a57c2f,0xd0fe1738f58ac12e0b9a7dd9831eb743b6a3dd2e31d15ef200a2361ea244f994
246,315,0.006300315,0x386315b74ad62a904afd495adfdc0630c2e81253,2017-11-01T11:50:43.000Z,0.000020001,0x41df4e6136c6ec30f1aee8a594107c83a6161b12,sell,0x0879e0c9822b75f31f0b0ed2a30be9f484a57c2f,0x3a1c5d12e125b51715cc8ae56ddfa1276cc6ff6e44fa953e0ac6453a4303ae35
247,1700,0.034,0x20426f0298a235f234fe58e77488853656fcd0df,2017-11-01T11:50:40.000Z,0.00002,0x41df4e6136c6ec30f1aee8a594107c83a6161b12,sell,0x0879e0c9822b75f31f0b0ed2a30be9f484a57c2f,0xf8d0448bd63f74c785f991210e53bf90d633949474b39be51e373bc0c0a410e3
248,8655,0.1731008655,0xaa5a8763179d7e24b0230e981cf7cd5d9fa7cff8,2017-11-01T11:50:32.000Z,0.0000200001,0x41df4e6136c6ec30f1aee8a594107c83a6161b12,sell,0x0879e0c9822b75f31f0b0ed2a30be9f484a57c2f,0x547e9ba9c1ed5dce0d7c970f9fef1f707917f4486edcc4bc1fd89765dc9db431
249,1345,0.0269001345,0xaa5a8763179d7e24b0230e981cf7cd5d9fa7cff8,2017-11-01T11:49:32.000Z,0.0000200001,0x73e775335bddaac0b95211441fefb7fcce13db08,sell,0x0879e0c9822b75f31f0b0ed2a30be9f484a57c2f,0x58a7ec1277d53bad624f6582c049656f348b7f8ccebac5920f0a6cfe00b0b5bf
250,5000,0.1055,0xb8c517e3dab0368c47e2c33fb1c4e9037af60240,2017-11-01T11:48:18.000Z,0.0000211,0xcc53bcc754633c4b68934f052fdbe5a3b70bd66e,buy,0x0879e0c9822b75f31f0b0ed2a30be9f484a57c2f,0xe66a8b134f86b79e9c515297d26ec55a27620daca96834f3598b56bbcc12c318
251,10000,0.20003,0x52abd0f5acb187f90ef72530dfbe23d7a75478d9,2017-11-01T11:44:52.000Z,0.000020003,0xe30a54ee53cf9ffb8cc3906b4a3c4fabb2489fc6,sell,0x0879e0c9822b75f31f0b0ed2a30be9f484a57c2f,0x3cc129997719483f03114800f6255a530eb6a236e5174fde886e46556db97f7c
252,121694,2.190492,0x32a0bb6e02b8d87a54844148fbfd10ef2a6ce6b4,2017-11-01T11:43:54.000Z,0.000018,0x097501c95264ad3204159efaefdc5820783dbeae,sell,0x0879e0c9822b75f31f0b0ed2a30be9f484a57c2f,0x6717414d0ac05e34b2c11332fe82836ec06376a5a757607b234e2b4b49db1c53
253,18000,0.378,0x12a1c9fea74640cabc259953ca01801b4387e7ec,2017-11-01T11:32:55.000Z,0.000021,0xcc53bcc754633c4b68934f052fdbe5a3b70bd66e,sell,0x0879e0c9822b75f31f0b0ed2a30be9f484a57c2f,0xdeb9a872d6085508170255f1046c049eb3d21a51b70980350a30acb8a92a3e3d
254,4225,0.0891475,0x04afbb57de762d894191ed2c3ac604065e38cf8b,2017-11-01T11:31:49.000Z,0.0000211,0xcc53bcc754633c4b68934f052fdbe5a3b70bd66e,sell,0x0879e0c9822b75f31f0b0ed2a30be9f484a57c2f,0x33dfc80a03395a76f3f1072c9c38f7931af281929100469b3098c9a98a8608ef
255,2,0.0000422,0x04afbb57de762d894191ed2c3ac604065e38cf8b,2017-11-01T11:26:38.000Z,0.0000211,0x41df4e6136c6ec30f1aee8a594107c83a6161b12,sell,0x0879e0c9822b75f31f0b0ed2a30be9f484a57c2f,0x9d528da79cf2653cf2a545bf0f3bd7e6ee612dbd8c4a8a967e1b36d28d5dd54e
256,900,0.01899,0x04afbb57de762d894191ed2c3ac604065e38cf8b,2017-11-01T10:50:17.000Z,0.0000211,0x591cd549312344c65c0e1f5de127f00c157d27fb,sell,0x0879e0c9822b75f31f0b0ed2a30be9f484a57c2f,0x84e9fef3a92e0972bc1e5cb3b23f77521788fc7d28ba6204483fc4415295d050
257,14525,0.3064775,0x04afbb57de762d894191ed2c3ac604065e38cf8b,2017-11-01T10:46:53.000Z,0.0000211,0x41df4e6136c6ec30f1aee8a594107c83a6161b12,sell,0x0879e0c9822b75f31f0b0ed2a30be9f484a57c2f,0xc173dc11b75aef8ad6b19889bd35ca73e13485b8e22b555345c3839240763576
258,793,0.0167323,0x04afbb57de762d894191ed2c3ac604065e38cf8b,2017-11-01T10:46:53.000Z,0.0000211,0x43c88efbbad582ab05a1deb26ec6873c0ef7b55f,sell,0x0879e0c9822b75f31f0b0ed2a30be9f484a57c2f,0x5e24f1fe1637793e49ffd1d7d05239b727b7719ab91871a3357d745dacf167c0
259,14540,0.34896,0xf44072eda87ede9613b6ae1b812de8a60ade27a2,2017-11-01T10:16:36.000Z,0.000024,0xa9f9f76de8f6fafa5fad369092449581d3fbd007,buy,0x0879e0c9822b75f31f0b0ed2a30be9f484a57c2f,0xa5deed731d6613f630ff59ae8bda4f4f2325d69f4db97cac7f8ff2c99bae40e7
260,14496,0.363139296,0x94d845ee4a1f5c86b6194e37bc3f9956234fa206,2017-11-01T10:16:36.000Z,0.000025051,0xf44072eda87ede9613b6ae1b812de8a60ade27a2,sell,0x0879e0c9822b75f31f0b0ed2a30be9f484a57c2f,0xa5deed731d6613f630ff59ae8bda4f4f2325d69f4db97cac7f8ff2c99bae40e7
261,892,0.019838038584873437,0x0c3bcb5f24ecbd92b54f278f8b0bb777c2030875,2017-11-01T10:15:34.000Z,0.00002223995357048591,0x485d715fb51c67579ca3dcc0fcf7edd165b2d659,buy,0x0879e0c9822b75f31f0b0ed2a30be9f484a57c2f,0xe6593ddf11dc06f4e6eaf504a6e5a3d7904c0dd5b73cca530a42b73f08218a35
262,900,0.018,0x591cd549312344c65c0e1f5de127f00c157d27fb,2017-11-01T10:12:28.000Z,0.00002,0xcec8584886e58a6adc1a7c26fd577094cb1b2ade,sell,0x0879e0c9822b75f31f0b0ed2a30be9f484a57c2f,0xcd30a693f780f21933f7bf2b9fff049d6d2a8f8e0986b38f6899a0058dae6122
263,1000,0.023,0xb85d14ab22a69276e57f24130ce4215e5ffe7dc0,2017-11-01T09:53:12.000Z,0.000023,0x485d715fb51c67579ca3dcc0fcf7edd165b2d659,buy,0x0879e0c9822b75f31f0b0ed2a30be9f484a57c2f,0x2391b34269dfd3172fb0c0ef9ded773af8c1fe9f922b7feab21f0383d2928640
264,14250,0.29925,0x485d715fb51c67579ca3dcc0fcf7edd165b2d659,2017-11-01T09:50:46.000Z,0.000021,0xcc53bcc754633c4b68934f052fdbe5a3b70bd66e,buy,0x0879e0c9822b75f31f0b0ed2a30be9f484a57c2f,0x591a561d4c6916c5854937cc7ed282c663fbc510c963b5ee90e118604dad2284
265,10000,0.2,0x68ca7fc4bfc3bb2a9cf6f45736dcadc2c427c5a0,2017-11-01T09:25:20.000Z,0.00002,0x5e76660125738c38869952618336d10fbb74125c,buy,0x0879e0c9822b75f31f0b0ed2a30be9f484a57c2f,0x220531a34489b19b906362de1ca22040d11b0eb11e6ca8b2b80b86a7fbe4d4ad
266,10043,0.20086994257,0x93018adddc7ac587d1a1291970f315d53943afd4,2017-11-01T09:12:02.000Z,0.00002000099,0xad6311e899ca6b6e8f3a475a34a570a8706790b4,sell,0x0879e0c9822b75f31f0b0ed2a30be9f484a57c2f,0xe2c60b320d450fef88ae77d02f83462ebb15d079c3d2c68a99f25d458149eab0
267,30000,0.6,0xf4acc83aff5a80a5ce9f255202dc267df74de85a,2017-11-01T09:11:07.000Z,0.00002,0xad6311e899ca6b6e8f3a475a34a570a8706790b4,sell,0x0879e0c9822b75f31f0b0ed2a30be9f484a57c2f,0x02942f1f4ee7493400f73186a486f9ec768d30eb3d643a3341942b1f776cc065
268,349,0.006981047,0x536f64d331cffbd4d7b17f10e84c0724a85bc514,2017-11-01T09:10:47.000Z,0.000020003,0xad6311e899ca6b6e8f3a475a34a570a8706790b4,sell,0x0879e0c9822b75f31f0b0ed2a30be9f484a57c2f,0xd8ad713c06060d199b6e7da4128335eeb898d9c92d7ffd0c416884ffbddce7d3
269,9280,0.18562784,0x3ffaf6d7382bb0bec6aaf56225ae8d0acf85a6e8,2017-11-01T09:02:56.000Z,0.000020003,0x307e1218e7b34a16afa587e405c953299b25894e,sell,0x0879e0c9822b75f31f0b0ed2a30be9f484a57c2f,0xdd83ad095bfcd6c6bdef45500d14cb38c45e6a07bb4e8a3fb159d1a2d8d50afa
270,30751,0.615112253,0x3ffaf6d7382bb0bec6aaf56225ae8d0acf85a6e8,2017-11-01T08:57:18.000Z,0.000020003,0x5351ed65ea96588e2c55caf4abfd10fe3548540e,sell,0x0879e0c9822b75f31f0b0ed2a30be9f484a57c2f,0x631cf62d23c292993b390e51c1daa5d4ec8030d76d59fdda290bc67416368377
271,9969,0.199409907,0x3ffaf6d7382bb0bec6aaf56225ae8d0acf85a6e8,2017-11-01T08:56:12.000Z,0.000020003,0xdb3a3dff3180a9f045208b966b8e3d0070ae2372,sell,0x0879e0c9822b75f31f0b0ed2a30be9f484a57c2f,0x38fb29e28d475f2ddd837233b303d2c6e097b29c40d5592d4c2f00679ab85e46
272,1000,0.021,0x9e80568e1a201b51e629cc32c24aeb293a85968f,2017-11-01T08:55:29.000Z,0.000021,0xcc53bcc754633c4b68934f052fdbe5a3b70bd66e,buy,0x0879e0c9822b75f31f0b0ed2a30be9f484a57c2f,0x623ae49d0a6a0159dde9bd4730d5a1a7c0008c454845d28d39a71df8f81f2e59
273,14500,0.29058,0x68ca7fc4bfc3bb2a9cf6f45736dcadc2c427c5a0,2017-11-01T08:53:20.000Z,0.00002004,0x95a40da1e31e3f66e3a7914d300652c19848e55a,sell,0x0879e0c9822b75f31f0b0ed2a30be9f484a57c2f,0x36efca1c578ee87fb3cf83d5429e5763dbdb3e4308cdf169de021564550bc66f
274,305,0.006405,0x619bef28aa1ad4f038feeb8155429f8dc7d5cc02,2017-11-01T08:38:15.000Z,0.000021,0xcc53bcc754633c4b68934f052fdbe5a3b70bd66e,buy,0x0879e0c9822b75f31f0b0ed2a30be9f484a57c2f,0xdb925722e3eda2c6ce1cfbbb3cc4a456c6c82989fab6c8a81b7a9f564e09b1fb
275,697,0.014637,0x619bef28aa1ad4f038feeb8155429f8dc7d5cc02,2017-11-01T08:34:37.000Z,0.000021,0xbc14f33597db5da13eee6062c7a1aaca4fa8ab11,buy,0x0879e0c9822b75f31f0b0ed2a30be9f484a57c2f,0x133f1b47b1c1c1b26376d161c691d42eac9603d3028d28f18f8e1f8b7d7123b3
276,5500,0.11022,0x68ca7fc4bfc3bb2a9cf6f45736dcadc2c427c5a0,2017-11-01T08:23:04.000Z,0.00002004,0xa9f9f76de8f6fafa5fad369092449581d3fbd007,sell,0x0879e0c9822b75f31f0b0ed2a30be9f484a57c2f,0x473174ec66d20e5631ebd238c95ceaeae79bf179e081de16a340d0e8192a8436
277,10000,0.201,0xea77e83c306f3e3f4654e2b2e272306efc94c9bd,2017-11-01T08:15:04.000Z,0.0000201,0x68ca7fc4bfc3bb2a9cf6f45736dcadc2c427c5a0,sell,0x0879e0c9822b75f31f0b0ed2a30be9f484a57c2f,0x3c0f5c187ef6728ad8319cde97221d1823308b845850604919da74aee58eea83
278,13180,0.2768005942982897,0x68ca7fc4bfc3bb2a9cf6f45736dcadc2c427c5a0,2017-11-01T08:15:04.000Z,0.00002100156254160012,0xcc53bcc754633c4b68934f052fdbe5a3b70bd66e,buy,0x0879e0c9822b75f31f0b0ed2a30be9f484a57c2f,0x68b55ee530d87044922bfe0c1792e251160f0d428c4a71ca6057bd94a3ccbb22
279,152,0.003192405701710323,0xea77e83c306f3e3f4654e2b2e272306efc94c9bd,2017-11-01T08:02:43.000Z,0.00002100266909019949,0xcc53bcc754633c4b68934f052fdbe5a3b70bd66e,buy,0x0879e0c9822b75f31f0b0ed2a30be9f484a57c2f,0x8c73bf884db8245989e12bac8cf8f38854cee160f280742a8fcbfe3452ecfe1d
280,1503,0.0302103,0x7adc947493b5933e209385a9aff9e4082decf10d,2017-11-01T07:57:24.000Z,0.0000201,0xcc53bcc754633c4b68934f052fdbe5a3b70bd66e,sell,0x0879e0c9822b75f31f0b0ed2a30be9f484a57c2f,0x04eb07cdf03d77c7d585d74dd4cd5ba339fb8e8a18ab54f7e1b1804940d3b7c4
281,2500,0.05025,0x1ed0aff6ad547c7a46690170f23107617399fced,2017-11-01T07:57:07.000Z,0.0000201,0xcc53bcc754633c4b68934f052fdbe5a3b70bd66e,sell,0x0879e0c9822b75f31f0b0ed2a30be9f484a57c2f,0xf4e5724f6d022c8188d9aed43cd3f1549df6e58ef016247f4b87118c70a2db66
282,8110,0.163011,0x058525ea5841d8ff15a46417e49a801f6e0cf9b3,2017-11-01T07:48:37.000Z,0.0000201,0xcc53bcc754633c4b68934f052fdbe5a3b70bd66e,sell,0x0879e0c9822b75f31f0b0ed2a30be9f484a57c2f,0x771a18409d791a1d3b515eab78ecb30d3c67806148418f7b64d7267f9043b9bf
283,6200,0.15469,0x3c7f1d234d85a3edeb7209cd173f91b08e347c48,2017-11-01T07:38:44.000Z,0.00002495,0xc25959ed2f036121061d2f483d59c7c8d5810248,buy,0x0879e0c9822b75f31f0b0ed2a30be9f484a57c2f,0xee28ccfcda79959c238326e019c2f871475197fc6f6b23be9d004b93b3385112
284,497,0.0099897,0x7adc947493b5933e209385a9aff9e4082decf10d,2017-11-01T07:25:02.000Z,0.0000201,0xe43bf8cbdf35e480d1d1119cd34eab9a484de4d5,sell,0x0879e0c9822b75f31f0b0ed2a30be9f484a57c2f,0x39759349a3ac1ee8da74946dd3f63c12dbe3d7712800122bb8df13632e0e532b
285,5853,0.117065853,0x70c73235f7ed65b82be80cdbf4a3c64219786589,2017-11-01T06:57:07.000Z,0.000020001,0xf2e7ed66487b033b0a504d48208fad04c23da583,sell,0x0879e0c9822b75f31f0b0ed2a30be9f484a57c2f,0x77f69716f97905635b43774dc85638029ded92197bce012d9f70380196efebff
286,996,0.020916,0x571d626b713e8d7fab3c515b88e7535fb44dca01,2017-11-01T06:50:36.000Z,0.000021,0x7906253e56f343056f7161d9c7ace64e7828cb5d,sell,0x0879e0c9822b75f31f0b0ed2a30be9f484a57c2f,0x64f611f2c85aea8b83481ed9e44389df84f387d919f01efaa632ade317d779f2
287,2755,0.05510551,0x93018adddc7ac587d1a1291970f315d53943afd4,2017-11-01T06:40:28.000Z,0.000020002,0xe3a7ca9d2306b0dc900ea618648bed9ec6cb1106,sell,0x0879e0c9822b75f31f0b0ed2a30be9f484a57c2f,0x5cef1a33a860b43c4395c8485388217c3f29b4031561a238ad525a9158d321e8
288,7,0.000140021,0x536f64d331cffbd4d7b17f10e84c0724a85bc514,2017-11-01T06:30:29.000Z,0.000020003,0x7927551aea21d146c065257e06e677a52ba29de2,sell,0x0879e0c9822b75f31f0b0ed2a30be9f484a57c2f,0x4c6cd11a8f764701f2e4c4227df4daa0cbccde40f0eedb096bab412c3856ab6a
289,66553,1.331126553,0x70c73235f7ed65b82be80cdbf4a3c64219786589,2017-11-01T06:29:02.000Z,0.000020001,0x7927551aea21d146c065257e06e677a52ba29de2,sell,0x0879e0c9822b75f31f0b0ed2a30be9f484a57c2f,0x64e486d88122e5e28a4060869b413b3d53b89400b66351c0fccfe6834251aec1
290,1107,0.02215107,0x11bb16dfdb0ebf1ce3fde42f2dac40d1dc35715a,2017-11-01T06:28:14.000Z,0.00002001,0x7927551aea21d146c065257e06e677a52ba29de2,sell,0x0879e0c9822b75f31f0b0ed2a30be9f484a57c2f,0xc94cd697303b204f0e33d962fdd0a9202366af69a04db69061c803840a4cfb9d
291,10000,0.201,0xd89491e8e216b25fb9a5d32a3fdcf6c5270c665b,2017-11-01T06:28:14.000Z,0.0000201,0x7927551aea21d146c065257e06e677a52ba29de2,sell,0x0879e0c9822b75f31f0b0ed2a30be9f484a57c2f,0x76f180499ff89575acd034a53d0f12d68393849b8f2218a931f15bede4892400
292,2000,0.0517,0x32b6d4dfbcf29d26d4dbb006a5b8eed2f699dfb7,2017-11-01T06:26:48.000Z,0.00002585,0xc25959ed2f036121061d2f483d59c7c8d5810248,buy,0x0879e0c9822b75f31f0b0ed2a30be9f484a57c2f,0x3761b423afc5d2bc64010349cd238fccaa81e492abfe6d78a242c62b6e89cc87
293,9958,0.199169958,0x70c73235f7ed65b82be80cdbf4a3c64219786589,2017-11-01T06:01:47.000Z,0.000020001,0xea50c3e3af66ca485899dcdb5c6a6f57946e1da1,sell,0x0879e0c9822b75f31f0b0ed2a30be9f484a57c2f,0xbfac916aaf046afa8eb6d072a47cc1de90619d20a9e09a33885e8613a3da1d0d
294,1,0.00002001,0x11bb16dfdb0ebf1ce3fde42f2dac40d1dc35715a,2017-11-01T06:00:56.000Z,0.00002001,0x32b6d4dfbcf29d26d4dbb006a5b8eed2f699dfb7,sell,0x0879e0c9822b75f31f0b0ed2a30be9f484a57c2f,0xc9d80c6b56a7c60580d7b0969111ad1f1419945814445c25187755857b1084e1
295,24154,0.4999878,0x65f403f5ce12908bfa7d8089f54f097e8b686fae,2017-11-01T05:56:53.000Z,0.0000207,0xf2e7ed66487b033b0a504d48208fad04c23da583,sell,0x0879e0c9822b75f31f0b0ed2a30be9f484a57c2f,0xe4581bad71676db0244596f84b0d86cb3abd761f1981b42d28fb89fbcfc7f834
296,1900,0.04921,0xd4c6f71c235aaa48988497f6b0d6308bab9391d8,2017-11-01T05:56:53.000Z,0.0000259,0xf2e7ed66487b033b0a504d48208fad04c23da583,buy,0x0879e0c9822b75f31f0b0ed2a30be9f484a57c2f,0x6b5597df46903fd682c8343cddb00af6354b49dd992f82eb30fb6c834c2e9785
297,6606,0.13218606,0x11bb16dfdb0ebf1ce3fde42f2dac40d1dc35715a,2017-11-01T05:48:36.000Z,0.00002001,0x32b6d4dfbcf29d26d4dbb006a5b8eed2f699dfb7,sell,0x0879e0c9822b75f31f0b0ed2a30be9f484a57c2f,0xb06be1bf734408520151c5b4a5f5820a76ab17e621c1fc26f5bff7bdc0d0bada
298,7003,0.1449621,0x65f403f5ce12908bfa7d8089f54f097e8b686fae,2017-11-01T05:46:45.000Z,0.0000207,0xda1f3895c87d58cfe321c248e427ceb66d53ec80,sell,0x0879e0c9822b75f31f0b0ed2a30be9f484a57c2f,0xd7abe4cde3550b310426067df91903fba2365babe96241e97c1ea566c93edde8
299,450,0.00945,0x1255d120b6b336a1a1138ba30bee9c958334455d,2017-11-01T05:45:16.000Z,0.000021,0xda1f3895c87d58cfe321c248e427ceb66d53ec80,sell,0x0879e0c9822b75f31f0b0ed2a30be9f484a57c2f,0x50287ea1744bee0e9a5c18f3796ea806983929ecc7e14270b8c9b2a9942a51aa
300,3000,0.06306,0xbc2149633eb1301f2dd14cd25e0f8542f3d44bac,2017-11-01T05:45:02.000Z,0.00002102,0xda1f3895c87d58cfe321c248e427ceb66d53ec80,sell,0x0879e0c9822b75f31f0b0ed2a30be9f484a57c2f,0xa2ffb88ab72fd8b0c905cc5f619d5b7bc4bc04516086e65be1de94960f9d8c06
301,10000,0.21,0x3015c8100fd8622e04c9988d2c3583af49dcea76,2017-11-01T05:45:02.000Z,0.000021,0xda1f3895c87d58cfe321c248e427ceb66d53ec80,sell,0x0879e0c9822b75f31f0b0ed2a30be9f484a57c2f,0x2ac2c91e9c10a2361fc03c7fd6fba687896c53a17c44632bf1642ab6ba23d99c
302,1000,0.022,0x8397b719f59d95d250cdabef8daaaba2865558a1,2017-11-01T05:27:01.000Z,0.000022,0xa9f9f76de8f6fafa5fad369092449581d3fbd007,sell,0x0879e0c9822b75f31f0b0ed2a30be9f484a57c2f,0x58534f8f00aabf811189bc8ecbbfbb448a02473f8882fdcbe1419e837dbef5ae
303,550,0.01243,0x21db12f254838fd84d9e78a3468b55209f109c2e,2017-11-01T05:26:45.000Z,0.0000226,0xa9f9f76de8f6fafa5fad369092449581d3fbd007,sell,0x0879e0c9822b75f31f0b0ed2a30be9f484a57c2f,0xc13145bb962d326a6e49c5c55c482f385a477d7ada27829353850ff6a1739f14
304,2000,0.0454,0x25c84b45af48852e5eb94d9709a7f660ea97bae7,2017-11-01T05:25:53.000Z,0.0000227,0xa9f9f76de8f6fafa5fad369092449581d3fbd007,sell,0x0879e0c9822b75f31f0b0ed2a30be9f484a57c2f,0xd953cddf88ac9c8515eae59b727bdb85ae17ad03ebda82e732507edf7747172e
305,5685,0.142414935,0x94d845ee4a1f5c86b6194e37bc3f9956234fa206,2017-11-01T05:25:18.000Z,0.000025051,0xa9f9f76de8f6fafa5fad369092449581d3fbd007,sell,0x0879e0c9822b75f31f0b0ed2a30be9f484a57c2f,0xcdd9933bb63e04a7b827eb7a439bd5443807aa4ab254fcf76d0f573bf8a3a7e6
306,1800,0.0486,0xf528a2523cd33b81a418fa2db69c8ee6352b29d6,2017-11-01T05:18:58.000Z,0.000027,0xc25959ed2f036121061d2f483d59c7c8d5810248,buy,0x0879e0c9822b75f31f0b0ed2a30be9f484a57c2f,0xdb55a5f2803795d0d6c209b2c65b30a9c665f620c2bfcf30d84b158460a6d65d
307,1519,0.03489143,0x64a2298dc962b04135b477fcb88a9e70cc51514e,2017-11-01T05:12:44.000Z,0.00002297,0xa9f9f76de8f6fafa5fad369092449581d3fbd007,sell,0x0879e0c9822b75f31f0b0ed2a30be9f484a57c2f,0xcff9c3b876be6c0b136acdfebc90a5bfae982c8296f5d79b5dfe634e037d3e0e
308,717,0.017925,0x22941a0f3bf5ada051cad4c265c48516ddabca18,2017-11-01T05:12:01.000Z,0.000025,0xa9f9f76de8f6fafa5fad369092449581d3fbd007,sell,0x0879e0c9822b75f31f0b0ed2a30be9f484a57c2f,0xe254deb36f7752d497208e565cc931b0ee6141746072b08e85f8c22b1a593558
309,160,0.0044624,0xc2944e74c28dc5337a11e49642eb338d85207c0a,2017-11-01T04:49:10.000Z,0.00002789,0x264b09a49e97ed8dd310816577f2de6ae22af5f4,buy,0x0879e0c9822b75f31f0b0ed2a30be9f484a57c2f,0xe767e65389d46d6c164f2717e3eb932c6e41720e5709a3434dfb37bd1ed1938c
310,2981,0.06847357,0x64a2298dc962b04135b477fcb88a9e70cc51514e,2017-11-01T04:32:45.000Z,0.00002297,0xb1af0e69666e0430ce7f62abcccc95b1a0dd0cb6,sell,0x0879e0c9822b75f31f0b0ed2a30be9f484a57c2f,0x2dcf31eccb4c25ad4ffe0cb2551da83d6ead2c1bf57e6b4260e77ad5c905da35
311,9969,0.199389969,0x70c73235f7ed65b82be80cdbf4a3c64219786589,2017-11-01T04:26:59.000Z,0.000020001,0x75fe89cb2426ce372dc9cbc3b8a247f92805def9,sell,0x0879e0c9822b75f31f0b0ed2a30be9f484a57c2f,0x1c91454094a3fb7e2ad6b2e9797494dab3a49536f927d1093315691390d895dc
312,370,0.010323,0xc2944e74c28dc5337a11e49642eb338d85207c0a,2017-11-01T04:02:10.000Z,0.0000279,0x1255d120b6b336a1a1138ba30bee9c958334455d,sell,0x0879e0c9822b75f31f0b0ed2a30be9f484a57c2f,0xbcdd17eb950a71b2fbdd740c18b165e98e97224d73ab7efc5ab6e5fe0234f1a2
313,3211,0.0805961,0xfbb4f839b881ad411ac3f02e6808af3b01ffea49,2017-11-01T03:13:31.000Z,0.0000251,0x07dc42630e5a61a975534f54bd2baa1c6a80c81e,sell,0x0879e0c9822b75f31f0b0ed2a30be9f484a57c2f,0x86a07df2b1f58290be0f35a5b064284e39904d3dbbbc58c52ac5a3594a8d92ef
314,1000,0.028,0x75268d514902a966b68563067237f0b9b7211b68,2017-11-01T03:04:45.000Z,0.000028,0x9dd88b1688123b181e09bb98554e31354e8ceb1b,buy,0x0879e0c9822b75f31f0b0ed2a30be9f484a57c2f,0xf4e26c59aa79b4671f627d7cdf4df78174a6f89734186ba28b8c509d204c3d70
315,28680,0.71697132,0x70c73235f7ed65b82be80cdbf4a3c64219786589,2017-11-01T03:02:44.000Z,0.000024999,0xa1dc29270c60dd37d64643d20151b7ee1806b776,buy,0x0879e0c9822b75f31f0b0ed2a30be9f484a57c2f,0xc1b43c0c7e2f4772a5f8cd40310a79f8334022a4834fbae0c01562cdb463ec17
316,1290,0.032273709,0xf44072eda87ede9613b6ae1b812de8a60ade27a2,2017-11-01T02:58:03.000Z,0.00002501837906976743,0xa1dc29270c60dd37d64643d20151b7ee1806b776,buy,0x0879e0c9822b75f31f0b0ed2a30be9f484a57c2f,0x5211382b0ca53da62363ce243dffbfe7787f7d570efdc85bcf13d63964aacb06
317,1287,0.0355212,0xe6dce38a61edba2cd7dc0be24aa42f1c1bd3de0c,2017-11-01T02:58:03.000Z,0.0000276,0xf44072eda87ede9613b6ae1b812de8a60ade27a2,sell,0x0879e0c9822b75f31f0b0ed2a30be9f484a57c2f,0x5211382b0ca53da62363ce243dffbfe7787f7d570efdc85bcf13d63964aacb06
318,3,0.000074997,0x8ed0bb52eac702619d19a7629d5c7637ab905cef,2017-11-01T02:55:33.000Z,0.000024999,0xa1dc29270c60dd37d64643d20151b7ee1806b776,buy,0x0879e0c9822b75f31f0b0ed2a30be9f484a57c2f,0x356fecd8bd4ae108fb5f732195c3ebc9ca8cd6b7605dfcf2bc4b6cf3cadcb2e7
319,144,0.0036144,0xfbb4f839b881ad411ac3f02e6808af3b01ffea49,2017-11-01T02:55:25.000Z,0.0000251,0xa87a6017687f5d7607a4dde37624fa8eec9b0d45,sell,0x0879e0c9822b75f31f0b0ed2a30be9f484a57c2f,0x8e090e1fcccd12771223b2c7ee30d6de0bcc1392792625a8c457f3944e07a73d
320,16805,0.4218055,0xfbb4f839b881ad411ac3f02e6808af3b01ffea49,2017-11-01T02:47:24.000Z,0.0000251,0x273a5d3e6721b9f5c1a6474f560c1334c63dda01,sell,0x0879e0c9822b75f31f0b0ed2a30be9f484a57c2f,0x5f1cd32247ae746d5767549ac7b772cf408e0ec867cbd69de65a0ed4df10290e
321,16856,0.41078072,0x273a5d3e6721b9f5c1a6474f560c1334c63dda01,2017-11-01T02:47:24.000Z,0.00002437,0x65f403f5ce12908bfa7d8089f54f097e8b686fae,buy,0x0879e0c9822b75f31f0b0ed2a30be9f484a57c2f,0x5f1cd32247ae746d5767549ac7b772cf408e0ec867cbd69de65a0ed4df10290e
322,1283,0.032075,0x22941a0f3bf5ada051cad4c265c48516ddabca18,2017-11-01T02:40:25.000Z,0.000025,0xa7ef40afda6e29b81faa91a6608dc597e292604b,sell,0x0879e0c9822b75f31f0b0ed2a30be9f484a57c2f,0x28a844b34487bb5d732a565a54a1f8aa6d927756928d72c6c04b5d54f96814ad
323,1286,0.031507,0xa7ef40afda6e29b81faa91a6608dc597e292604b,2017-11-01T02:37:47.000Z,0.0000245,0xa7ef40afda6e29b81faa91a6608dc597e292604b,sell,0x0879e0c9822b75f31f0b0ed2a30be9f484a57c2f,0x46e0cc7f820fb8f9d6311ab4212e8d863c690621bb39928961e4333996c49439
324,2772,0.0693,0x22941a0f3bf5ada051cad4c265c48516ddabca18,2017-11-01T02:34:10.000Z,0.000025,0xa7ef40afda6e29b81faa91a6608dc597e292604b,sell,0x0879e0c9822b75f31f0b0ed2a30be9f484a57c2f,0xf4aa8894c3c8345fe81e63fc19a43f021f5bc6e8a051d822ba6132137e711774
325,1,0.000025,0x22941a0f3bf5ada051cad4c265c48516ddabca18,2017-11-01T02:33:37.000Z,0.000025,0x60f89eb04f825151845470b9083f96be86b1d5d4,sell,0x0879e0c9822b75f31f0b0ed2a30be9f484a57c2f,0x8445d5626f97c212296a66b9d8f76344772261264d014cd057f874aa5b1b64ea
326,13,0.000324987,0xed2ca7381d82f8fb9bcc54ea6ab6526e35aece25,2017-11-01T02:33:37.000Z,0.000024999,0xa1dc29270c60dd37d64643d20151b7ee1806b776,buy,0x0879e0c9822b75f31f0b0ed2a30be9f484a57c2f,0x341d779712f02492f3742c174e4ec96d3b6694d6dba8ff8e49376c1949ae559c
327,13,0.000324987,0xe2b48b3dd0b33283b4802e63e65518f27e635054,2017-11-01T02:33:09.000Z,0.000024999,0xa1dc29270c60dd37d64643d20151b7ee1806b776,buy,0x0879e0c9822b75f31f0b0ed2a30be9f484a57c2f,0x2d1f8c9903ea126c771e00b1dcd5ba661006d20b7f73c6d361985d9e67126a4e
328,7227,0.180675,0x22941a0f3bf5ada051cad4c265c48516ddabca18,2017-11-01T02:32:14.000Z,0.000025,0x60f89eb04f825151845470b9083f96be86b1d5d4,sell,0x0879e0c9822b75f31f0b0ed2a30be9f484a57c2f,0x249f4fb4eaff9ab8771b61f9dd582a59a76ea1f3801b0a4d31548aa6de7f19de
329,7268,0.18090052,0x273a5d3e6721b9f5c1a6474f560c1334c63dda01,2017-11-01T02:30:36.000Z,0.00002489,0x65f403f5ce12908bfa7d8089f54f097e8b686fae,buy,0x0879e0c9822b75f31f0b0ed2a30be9f484a57c2f,0xdf9768bedd7e699c05c4e7908d399911b38c415b5c1645506bacb0cca9ebe927
330,7246,0.196743392,0x60f89eb04f825151845470b9083f96be86b1d5d4,2017-11-01T02:30:36.000Z,0.000027152,0x273a5d3e6721b9f5c1a6474f560c1334c63dda01,sell,0x0879e0c9822b75f31f0b0ed2a30be9f484a57c2f,0xdf9768bedd7e699c05c4e7908d399911b38c415b5c1645506bacb0cca9ebe927
331,28473,0.683352,0xfbb4f839b881ad411ac3f02e6808af3b01ffea49,2017-11-01T02:29:46.000Z,0.000024,0x60f89eb04f825151845470b9083f96be86b1d5d4,sell,0x0879e0c9822b75f31f0b0ed2a30be9f484a57c2f,0xe7eff4be1ae36eec2db2b7c2af8223607355d9948883b864d839cb5ffbd3ca42
332,1450,0.03335,0x0cd2795a623adeb9370e2895e8d7526a6e4c556d,2017-11-01T02:22:40.000Z,0.000023,0x485d715fb51c67579ca3dcc0fcf7edd165b2d659,buy,0x0879e0c9822b75f31f0b0ed2a30be9f484a57c2f,0x51a8fbd441ccf24781898cfb5be6da1ce535f66be339ab20c588785a79561fb0
333,1447,0.034728,0xfbb4f839b881ad411ac3f02e6808af3b01ffea49,2017-11-01T02:22:40.000Z,0.000024,0x0cd2795a623adeb9370e2895e8d7526a6e4c556d,sell,0x0879e0c9822b75f31f0b0ed2a30be9f484a57c2f,0x51a8fbd441ccf24781898cfb5be6da1ce535f66be339ab20c588785a79561fb0
334,3550,0.082005,0x273a5d3e6721b9f5c1a6474f560c1334c63dda01,2017-11-01T02:22:10.000Z,0.0000231,0x485d715fb51c67579ca3dcc0fcf7edd165b2d659,buy,0x0879e0c9822b75f31f0b0ed2a30be9f484a57c2f,0xb9e98072d5e149b4efff0a1a2f09ad5dd6f08f56dcc9c2a38915f4e31582284d
335,3539,0.084936,0xfbb4f839b881ad411ac3f02e6808af3b01ffea49,2017-11-01T02:22:10.000Z,0.000024,0x273a5d3e6721b9f5c1a6474f560c1334c63dda01,sell,0x0879e0c9822b75f31f0b0ed2a30be9f484a57c2f,0x8dd6fada4fb410dd020ece7d2ea0b004b1488d8fd5832629c9a4b89ab2545cbc
336,3550,0.082005,0x273a5d3e6721b9f5c1a6474f560c1334c63dda01,2017-11-01T02:22:10.000Z,0.0000231,0x485d715fb51c67579ca3dcc0fcf7edd165b2d659,buy,0x0879e0c9822b75f31f0b0ed2a30be9f484a57c2f,0x8dd6fada4fb410dd020ece7d2ea0b004b1488d8fd5832629c9a4b89ab2545cbc
337,3539,0.084936,0xfbb4f839b881ad411ac3f02e6808af3b01ffea49,2017-11-01T02:22:10.000Z,0.000024,0x273a5d3e6721b9f5c1a6474f560c1334c63dda01,sell,0x0879e0c9822b75f31f0b0ed2a30be9f484a57c2f,0xb9e98072d5e149b4efff0a1a2f09ad5dd6f08f56dcc9c2a38915f4e31582284d
338,6550,0.1310131,0x485d715fb51c67579ca3dcc0fcf7edd165b2d659,2017-11-01T01:59:12.000Z,0.000020002,0xe537ebbd709f7d40f595c1bb450320f344df9cf9,buy,0x0879e0c9822b75f31f0b0ed2a30be9f484a57c2f,0x559c1b4f4e556b4d742cfe51a227b2243bf18267cc1c47a02425d2b0cf05093a
339,2000,0.0402,0x485d715fb51c67579ca3dcc0fcf7edd165b2d659,2017-11-01T01:51:02.000Z,0.0000201,0x71eb35669b2406481563838863f29be7ecca8c6c,sell,0x0879e0c9822b75f31f0b0ed2a30be9f484a57c2f,0xed93502ffac246743c198f56413bad534d539cd7259ef1b80585f32e43471819
340,3450,0.0828,0xd331f2a397a43d50233a6ea993af3edf40aa80bc,2017-11-01T01:48:09.000Z,0.000024,0xe537ebbd709f7d40f595c1bb450320f344df9cf9,buy,0x0879e0c9822b75f31f0b0ed2a30be9f484a57c2f,0x4a82de7cb14122ece7ae601c2034740056995a4842a2fcd957d4f7d0f3b1571f
341,4886,0.11728213281732779,0xd331f2a397a43d50233a6ea993af3edf40aa80bc,2017-11-01T01:26:03.000Z,0.00002400371117833151,0x87b53f4d4cb88a808504f2d4c13b93bfaf7510b6,buy,0x0879e0c9822b75f31f0b0ed2a30be9f484a57c2f,0xd7bc64b1471e986c0499e96bf2a18dbd09d6e8606adc717872babc0aca514227
342,3986,0.0952654,0xd331f2a397a43d50233a6ea993af3edf40aa80bc,2017-11-01T01:22:46.000Z,0.0000239,0x485d715fb51c67579ca3dcc0fcf7edd165b2d659,buy,0x0879e0c9822b75f31f0b0ed2a30be9f484a57c2f,0xe1560fe0831e8045a8b84753ec1c232bf92d3d3d550548026fc67bcc5e0324cf
343,4685,0.093704685,0x386315b74ad62a904afd495adfdc0630c2e81253,2017-11-01T01:22:46.000Z,0.000020001,0x85adfb37f112765e439cc57f69aaaeed6ce9cf7f,sell,0x0879e0c9822b75f31f0b0ed2a30be9f484a57c2f,0xe19a2327fd6612b893cb0d6dddd774cf8c3b5605f8fb48bf9281f4c86c3a3524
344,10400,0.21008,0x058525ea5841d8ff15a46417e49a801f6e0cf9b3,2017-11-01T01:20:29.000Z,0.0000202,0x85adfb37f112765e439cc57f69aaaeed6ce9cf7f,sell,0x0879e0c9822b75f31f0b0ed2a30be9f484a57c2f,0x49a0fd6c284019d58a7ae6353b02ba9aa611e7121f09993cc47e0cc03645411a
345,1000,0.0202,0x058525ea5841d8ff15a46417e49a801f6e0cf9b3,2017-11-01T01:19:23.000Z,0.0000202,0x71eb35669b2406481563838863f29be7ecca8c6c,sell,0x0879e0c9822b75f31f0b0ed2a30be9f484a57c2f,0xf9653678321a890afab5ff8fc23e489a891fafa024a4a325baacaedcaa2322e7
346,7202,0.144054404,0x93018adddc7ac587d1a1291970f315d53943afd4,2017-11-01T01:03:12.000Z,0.000020002,0xc310112f6cab9dfc87ab87b91ddca667ca78bbe4,sell,0x0879e0c9822b75f31f0b0ed2a30be9f484a57c2f,0xe7c257b52f63a7b534828add9f00b6fe55666e10ebeee86bc0e1a7cb4bf805ed
347,5000,0.10005,0x0a4400bbf048aa76fa9cf84bff392db89a2e49f6,2017-11-01T01:03:12.000Z,0.00002001,0xc310112f6cab9dfc87ab87b91ddca667ca78bbe4,sell,0x0879e0c9822b75f31f0b0ed2a30be9f484a57c2f,0xc16c31774aaed0ff1604a282afec156c97703aac1b804961457e6f0125b3b0a6
348,10191,0.203830191,0x9e593db389c9d8307b5c932dda21491e63f8f7d3,2017-11-01T01:03:12.000Z,0.000020001,0xc310112f6cab9dfc87ab87b91ddca667ca78bbe4,sell,0x0879e0c9822b75f31f0b0ed2a30be9f484a57c2f,0x53f9bba9ba20538fc7475ffe08ff334075726c799413310d121e83c634489449
349,2777,0.055570547,0x3c69ed98b818e09d8e114804eb5ce637391e827c,2017-11-01T01:02:30.000Z,0.000020011,0xc310112f6cab9dfc87ab87b91ddca667ca78bbe4,sell,0x0879e0c9822b75f31f0b0ed2a30be9f484a57c2f,0x13072371e2edf26feb91c9b95b5857d448a7f948d1b1f75247c9783cf3dc080b
350,3986,0.0801186,0x485d715fb51c67579ca3dcc0fcf7edd165b2d659,2017-11-01T01:01:11.000Z,0.0000201,0xea50c3e3af66ca485899dcdb5c6a6f57946e1da1,sell,0x0879e0c9822b75f31f0b0ed2a30be9f484a57c2f,0xbe7e437f3b8a7920f19204eef9c3aaca2f8e98331d077d05a9090fbcf28354d4
351,4900,0.10094,0x058525ea5841d8ff15a46417e49a801f6e0cf9b3,2017-11-01T00:59:10.000Z,0.0000206,0xea50c3e3af66ca485899dcdb5c6a6f57946e1da1,sell,0x0879e0c9822b75f31f0b0ed2a30be9f484a57c2f,0x82deb06404ef44890c3aa101819bf524aa544158d7201bb1625d59f83bfd5e10
352,5001,0.1175235,0xb8c517e3dab0368c47e2c33fb1c4e9037af60240,2017-11-01T00:58:54.000Z,0.0000235,0x485d715fb51c67579ca3dcc0fcf7edd165b2d659,buy,0x0879e0c9822b75f31f0b0ed2a30be9f484a57c2f,0x45df0f0023e97e67358e7f54f22e2aaa5b540a4a74b5dd4fcee4d8e37e4942b0
353,144,0.003461867182672213,0xa87a6017687f5d7607a4dde37624fa8eec9b0d45,2017-11-01T00:29:24.000Z,0.00002404074432411259,0x87b53f4d4cb88a808504f2d4c13b93bfaf7510b6,buy,0x0879e0c9822b75f31f0b0ed2a30be9f484a57c2f,0x7087a0d3c7782794245e07dcb6282ab8b74da4ff13e270e80ba05f78f2f92740
354,4868,0.097423284,0x3c69ed98b818e09d8e114804eb5ce637391e827c,2017-11-01T00:27:46.000Z,0.000020013,0xc310112f6cab9dfc87ab87b91ddca667ca78bbe4,sell,0x0879e0c9822b75f31f0b0ed2a30be9f484a57c2f,0x3b1763aaa308d564b1e0de74f19b4d0584c5d67abb8865040dfbdd6a88f5463e
355,10000,0.20012,0x93018adddc7ac587d1a1291970f315d53943afd4,2017-11-01T00:27:46.000Z,0.000020012,0xc310112f6cab9dfc87ab87b91ddca667ca78bbe4,sell,0x0879e0c9822b75f31f0b0ed2a30be9f484a57c2f,0x2603c4704af609bd2811ed5e67ae215723d35f2270998c6642e8cc5ec511e719
356,5000,0.1005,0x485d715fb51c67579ca3dcc0fcf7edd165b2d659,2017-11-01T00:27:22.000Z,0.0000201,0xc310112f6cab9dfc87ab87b91ddca667ca78bbe4,sell,0x0879e0c9822b75f31f0b0ed2a30be9f484a57c2f,0x3348fc421333ec8c1cae42293a2f5f26cd37fc5b0c492c8a9262e00ffac67aac
357,450,0.00945,0x1255d120b6b336a1a1138ba30bee9c958334455d,2017-11-01T00:25:16.000Z,0.000021,0xc310112f6cab9dfc87ab87b91ddca667ca78bbe4,sell,0x0879e0c9822b75f31f0b0ed2a30be9f484a57c2f,0xe280a0d402fb9b3783d4ffdfc3d19a19c3b22142c10e966e59324c54c9813f52
358,250,0.00596,0x8dec0c7df5f440d471a62e882c208d9219ab9110,2017-11-01T00:18:01.000Z,0.00002384,0x65f403f5ce12908bfa7d8089f54f097e8b686fae,buy,0x0879e0c9822b75f31f0b0ed2a30be9f484a57c2f,0xa62d63a2e210622352f069e7988c305a22e5922c711d5cea601bd941b18647c0
359,8810,0.2057135,0x13c3fd153e23ded7477e0817ad4d5754e2d67649,2017-11-01T00:13:13.000Z,0.00002335,0x739fc8613e0177a800fdb72f4322487e1a23a064,buy,0x0879e0c9822b75f31f0b0ed2a30be9f484a57c2f,0x62c8523256be8b4a3f03d6e77f270d2cc3192084be5f371b1195f60cadc1db86
360,919,0.021137,0x13c3fd153e23ded7477e0817ad4d5754e2d67649,2017-11-01T00:13:13.000Z,0.000023,0xfd2d391ab9328e0a4527e21dab3eb4e6dfcd882b,buy,0x0879e0c9822b75f31f0b0ed2a30be9f484a57c2f,0x0000a27cd1aad270717b2a42f1ec669a19de345077fc12194433ab471d0d9aa9
361,4068,0.099666,0xa7ef40afda6e29b81faa91a6608dc597e292604b,2017-11-01T00:11:56.000Z,0.0000245,0x273a5d3e6721b9f5c1a6474f560c1334c63dda01,sell,0x0879e0c9822b75f31f0b0ed2a30be9f484a57c2f,0xad8c662964cafd3604ec2055801b5829e0b22ceb3fe8ff995ccd5d488651a128
362,4081,0.093863,0x273a5d3e6721b9f5c1a6474f560c1334c63dda01,2017-11-01T00:11:56.000Z,0.000023,0xfd2d391ab9328e0a4527e21dab3eb4e6dfcd882b,buy,0x0879e0c9822b75f31f0b0ed2a30be9f484a57c2f,0xad8c662964cafd3604ec2055801b5829e0b22ceb3fe8ff995ccd5d488651a128
363,60,0.001401,0x6819d6f724d57dd3735b7f29546a7e7cd95ec4ca,2017-11-01T00:01:40.000Z,0.00002335,0x739fc8613e0177a800fdb72f4322487e1a23a064,sell,0x0879e0c9822b75f31f0b0ed2a30be9f484a57c2f,0xab4771a0c265373938c4ec56f8769a0fea66d98698557d3d2e4b2edebe2f2c14
364,25000,0.575,0x52fcce2900407c596016f2a261272966ca27cf7b,2017-10-31T23:59:21.000Z,0.000023,0x739fc8613e0177a800fdb72f4322487e1a23a064,sell,0x0879e0c9822b75f31f0b0ed2a30be9f484a57c2f,0xa5ca0135085517eb892162bcb886af7ff3da5cbf5dc6e545861a02ec18e3fa98
365,1133,0.022674729,0x3c69ed98b818e09d8e114804eb5ce637391e827c,2017-10-31T23:53:43.000Z,0.000020013,0xc847559681f261b9c1481df5ff4f4ae014317da0,sell,0x0879e0c9822b75f31f0b0ed2a30be9f484a57c2f,0x87e42b442c0bc7abcac9196e5a716369f0ddd3f410ca703ad3dcbbde22cfd6e6
366,2496,0.056784,0xd1274f0c243b261a11ef0ad2dccc90e5465c2f4f,2017-10-31T23:49:42.000Z,0.00002275,0xc847559681f261b9c1481df5ff4f4ae014317da0,sell,0x0879e0c9822b75f31f0b0ed2a30be9f484a57c2f,0x3270f20707f720a338da8ba97b17ede7ef48cbab4a6806a6ca51f05945cd5a72
367,1500,0.033015,0x0a4400bbf048aa76fa9cf84bff392db89a2e49f6,2017-10-31T23:49:42.000Z,0.00002201,0xc847559681f261b9c1481df5ff4f4ae014317da0,sell,0x0879e0c9822b75f31f0b0ed2a30be9f484a57c2f,0x67a6397d23937bcf1445d99106219db8985aafb198ead2319f90386e67c7c8fe
368,13187,0.290114,0xdfb2c619d81ccc95a574818af92c619f35a459e9,2017-10-31T23:49:42.000Z,0.000022,0xc847559681f261b9c1481df5ff4f4ae014317da0,sell,0x0879e0c9822b75f31f0b0ed2a30be9f484a57c2f,0xb367fc9b135119c60e7aab67b380a3b0ec372a50c5fdbb3b0d3ac283d1340310
369,21284,0.484211,0xd1274f0c243b261a11ef0ad2dccc90e5465c2f4f,2017-10-31T23:48:04.000Z,0.00002275,0x39244ccc305d067a802a2764c75fcb8da843cab7,sell,0x0879e0c9822b75f31f0b0ed2a30be9f484a57c2f,0x15c639f888223a58d4aec34d67cffbfe5e5a02eb5bc76759cbb8f8856e566ee5
370,421,0.00957775,0xd1274f0c243b261a11ef0ad2dccc90e5465c2f4f,2017-10-31T23:47:27.000Z,0.00002275,0x485d715fb51c67579ca3dcc0fcf7edd165b2d659,sell,0x0879e0c9822b75f31f0b0ed2a30be9f484a57c2f,0x3ca6e250775f02fc7b0a8ca2ba050049d696a45c371d2b98d7a19004b36b54f1
371,91,0.002171316831720363,0xbf6b51e7926802989c0658f7163331304624ddd3,2017-10-31T23:47:04.000Z,0.00002386062452439959,0x739fc8613e0177a800fdb72f4322487e1a23a064,buy,0x0879e0c9822b75f31f0b0ed2a30be9f484a57c2f,0xc1d084dc9203bde76e0b2565f277d7ca8d753e62e3567ad986c7ba09bc3e863a
372,1799,0.04092725,0xd1274f0c243b261a11ef0ad2dccc90e5465c2f4f,2017-10-31T23:44:45.000Z,0.00002275,0x485d715fb51c67579ca3dcc0fcf7edd165b2d659,sell,0x0879e0c9822b75f31f0b0ed2a30be9f484a57c2f,0xf60291de2209d1f3cb5e0158e48dc757b952d9aecb3969caed50eb0e68c9763d
373,80,0.002176,0x6819d6f724d57dd3735b7f29546a7e7cd95ec4ca,2017-10-31T23:42:09.000Z,0.0000272,0xbf6b51e7926802989c0658f7163331304624ddd3,sell,0x0879e0c9822b75f31f0b0ed2a30be9f484a57c2f,0x929b2a4db5e4c18918a482c41875c1a4bc30a963efb1e38060e5342beea7e507
374,750,0.017902500000000002,0xf44072eda87ede9613b6ae1b812de8a60ade27a2,2017-10-31T23:40:37.000Z,0.00002387,0x65f403f5ce12908bfa7d8089f54f097e8b686fae,buy,0x0879e0c9822b75f31f0b0ed2a30be9f484a57c2f,0xdd5ed155d2ad30da968dc5550ac41dab6231d76904f923773c0f37624bf401fd
375,747,0.035856,0xcb8fad75c7339eed7eb73bfdfd01d576bee787b6,2017-10-31T23:40:37.000Z,0.000048,0xf44072eda87ede9613b6ae1b812de8a60ade27a2,sell,0x0879e0c9822b75f31f0b0ed2a30be9f484a57c2f,0xdd5ed155d2ad30da968dc5550ac41dab6231d76904f923773c0f37624bf401fd
376,1799,0.03598,0x485d715fb51c67579ca3dcc0fcf7edd165b2d659,2017-10-31T23:40:05.000Z,0.00002,0xcb8fad75c7339eed7eb73bfdfd01d576bee787b6,buy,0x0879e0c9822b75f31f0b0ed2a30be9f484a57c2f,0xc3083316b418de4c5fba39c97b0f51e6553c0dd5aa29609b9013f0dbf8b9d46d
377,3221,0.07576512810288107,0x07dc42630e5a61a975534f54bd2baa1c6a80c81e,2017-10-31T23:29:48.000Z,0.00002352223784628409,0x65f403f5ce12908bfa7d8089f54f097e8b686fae,buy,0x0879e0c9822b75f31f0b0ed2a30be9f484a57c2f,0xda040a6c059324a50adb6e352168cdf7eba2eaed991cf4f72b2b566f51cfbfe7
378,150,0.003528,0xcc1566bfa9adc2b8f64ddff7db8017c945f77830,2017-10-31T23:29:48.000Z,0.00002352,0x65f403f5ce12908bfa7d8089f54f097e8b686fae,buy,0x0879e0c9822b75f31f0b0ed2a30be9f484a57c2f,0xb068ff17b729f9fb9487ba86666f315744e54fbd27da26a33be97ec87de25228
379,426,0.009585,0x485d715fb51c67579ca3dcc0fcf7edd165b2d659,2017-10-31T23:27:16.000Z,0.0000225,0x7634d02b594b91ac3c1a9f7c2627237cdac59d16,sell,0x0879e0c9822b75f31f0b0ed2a30be9f484a57c2f,0x681642d2a6d6a8bb0617a15e0527d44db72cc286746bfe989a46f1a1964d0f04
380,25000,0.575,0x52fcce2900407c596016f2a261272966ca27cf7b,2017-10-31T23:23:37.000Z,0.000023,0x739fc8613e0177a800fdb72f4322487e1a23a064,sell,0x0879e0c9822b75f31f0b0ed2a30be9f484a57c2f,0x9894c048acd0c6d8266b953d6e41cccff27e62a6ebc6a8624c09d212dbc3b539
381,1,0.000024,0x485d715fb51c67579ca3dcc0fcf7edd165b2d659,2017-10-31T23:22:58.000Z,0.000024,0x39244ccc305d067a802a2764c75fcb8da843cab7,buy,0x0879e0c9822b75f31f0b0ed2a30be9f484a57c2f,0x9f7016bfc4c49581bb86adfd7c205aa66b74f7d07a4e6b4014c9ccec9eb769c1
382,25000,0.5875,0x52fcce2900407c596016f2a261272966ca27cf7b,2017-10-31T23:22:16.000Z,0.0000235,0x7927551aea21d146c065257e06e677a52ba29de2,sell,0x0879e0c9822b75f31f0b0ed2a30be9f484a57c2f,0x36868cc6faabb537fdf7f72db27e2764e0d213a7c92301ed172cdc052f54f5a9
383,23142,0.555408,0x52fcce2900407c596016f2a261272966ca27cf7b,2017-10-31T23:21:48.000Z,0.000024,0x7927551aea21d146c065257e06e677a52ba29de2,sell,0x0879e0c9822b75f31f0b0ed2a30be9f484a57c2f,0x1d3e23c4104974776ac0470229ce1bf9b0352c5f5435abc6d35cfccef1324ea8
384,21177,0.49998897,0x65f403f5ce12908bfa7d8089f54f097e8b686fae,2017-10-31T23:21:48.000Z,0.00002361,0x7927551aea21d146c065257e06e677a52ba29de2,sell,0x0879e0c9822b75f31f0b0ed2a30be9f484a57c2f,0xc38256a7d3e7fd43caf57eb2b07d357c24125ec9f75d2d25b68a1d8f102eac3e
385,1858,0.044592,0x52fcce2900407c596016f2a261272966ca27cf7b,2017-10-31T23:21:18.000Z,0.000024,0x485d715fb51c67579ca3dcc0fcf7edd165b2d659,sell,0x0879e0c9822b75f31f0b0ed2a30be9f484a57c2f,0xdda56454bcb1e941ed30c872e971bbaf3ea6c0f5862b957ecb17a52f32487d83
386,2,0.000045,0x485d715fb51c67579ca3dcc0fcf7edd165b2d659,2017-10-31T23:14:46.000Z,0.0000225,0x739fc8613e0177a800fdb72f4322487e1a23a064,sell,0x0879e0c9822b75f31f0b0ed2a30be9f484a57c2f,0xbac1f1d2fe59209b67ec136bf71023b80d2a6304e84fb8f1e8a3a7d73782f8ee
387,1804,0.04396348,0xc9d56287b414e1aa0963016aa721b527f095fd9c,2017-10-31T23:13:34.000Z,0.00002437,0x65f403f5ce12908bfa7d8089f54f097e8b686fae,buy,0x0879e0c9822b75f31f0b0ed2a30be9f484a57c2f,0x4547f04a39e58883333b57669dc26f27591d4742d953c6b89e00dce5ad388a2c
388,1799,0.086352,0xcb8fad75c7339eed7eb73bfdfd01d576bee787b6,2017-10-31T23:13:34.000Z,0.000048,0xc9d56287b414e1aa0963016aa721b527f095fd9c,sell,0x0879e0c9822b75f31f0b0ed2a30be9f484a57c2f,0x4547f04a39e58883333b57669dc26f27591d4742d953c6b89e00dce5ad388a2c
389,3814,0.085815,0x68ca7fc4bfc3bb2a9cf6f45736dcadc2c427c5a0,2017-10-31T23:13:03.000Z,0.0000225,0xcb8fad75c7339eed7eb73bfdfd01d576bee787b6,buy,0x0879e0c9822b75f31f0b0ed2a30be9f484a57c2f,0x310471c825cfb88dc94f110ea4ed3ce094337ac4277a3c39efc2bcdbc2297662
390,10001,0.250014999,0x68ca7fc4bfc3bb2a9cf6f45736dcadc2c427c5a0,2017-10-31T23:10:56.000Z,0.000024999,0xa1dc29270c60dd37d64643d20151b7ee1806b776,buy,0x0879e0c9822b75f31f0b0ed2a30be9f484a57c2f,0x765d439d7931c75ba1e4934cda3d760d761d66b717b7dfa96ae27e8ca191023b
