,amount,amountBase,buyer,date,price,seller,side,tokenAddr,txHash
0,500,0.0905,0xc3680c73935e4bd4e1cbe85a77ab6946a5bdfd15,2017-11-02T15:52:41.000Z,0.000181,0xf0699994eb82b56abcf3b9eda6e2790bbb462d44,sell,0xfd784da5c740c617aafb80399fa81b86e1da99a5,0x50f5fc430027424e46efbc975bdf3f9354d5e9f479b36b049511c6058404f8d6
1,3366,1.17769608,0x03042ecca8071b8e256ab320432fee357634ab14,2017-11-02T15:50:33.000Z,0.00034988,0x5d09ca5c7c47cc9f275ed1b929fec1f4ca1d25c3,buy,0xfd784da5c740c617aafb80399fa81b86e1da99a5,0xdcdd993ac874417fe31c93ed031f0a3b4cc32c0d862b93d4b680c044041ef74e
2,2000,0.69996,0x06a79ee04dc23d006ae228b0ee890cb2d25b6ee8,2017-11-02T15:47:30.000Z,0.00034998,0x5d09ca5c7c47cc9f275ed1b929fec1f4ca1d25c3,buy,0xfd784da5c740c617aafb80399fa81b86e1da99a5,0x77647e385a03761abd3e046d10874157c93b40c325b626caf7ed2787c722fa97
3,1000,0.35,0x03042ecca8071b8e256ab320432fee357634ab14,2017-11-02T15:35:20.000Z,0.00035,0xf0699994eb82b56abcf3b9eda6e2790bbb462d44,buy,0xfd784da5c740c617aafb80399fa81b86e1da99a5,0xa5774623a8f365722aa282e7bec7ac4c4e34e7280568563a745fd8dd70322894
4,2007,0.70240986,0x5d09ca5c7c47cc9f275ed1b929fec1f4ca1d25c3,2017-11-02T15:33:58.000Z,0.00034998,0x06a79ee04dc23d006ae228b0ee890cb2d25b6ee8,buy,0xfd784da5c740c617aafb80399fa81b86e1da99a5,0xe13df0b27daacf541167538db9f97fffd274a36901e5a04f808399f68f818f14
5,2055,0.71921301,0x03042ecca8071b8e256ab320432fee357634ab14,2017-11-02T15:33:36.000Z,0.000349982,0x06a79ee04dc23d006ae228b0ee890cb2d25b6ee8,buy,0xfd784da5c740c617aafb80399fa81b86e1da99a5,0x45e14e16f5e1750a7deebab41781647b9463f1f03358479de38c109eddad6f97
6,200,0.036,0x5d09ca5c7c47cc9f275ed1b929fec1f4ca1d25c3,2017-11-02T15:31:25.000Z,0.00018,0x03042ecca8071b8e256ab320432fee357634ab14,sell,0xfd784da5c740c617aafb80399fa81b86e1da99a5,0x0e3d4e3a3615f281e75a918c657e6c3fee6cc61fdd0a84742e63815ff7c8bffd
7,1778,0.622239548,0x5d09ca5c7c47cc9f275ed1b929fec1f4ca1d25c3,2017-11-02T15:31:02.000Z,0.000349966,0x06a79ee04dc23d006ae228b0ee890cb2d25b6ee8,buy,0xfd784da5c740c617aafb80399fa81b86e1da99a5,0x97fc5e7e11a720125d1b03eca255a498ad60aa778bf3888f318fd6037dc9f315
8,1366,0.478082242,0x03042ecca8071b8e256ab320432fee357634ab14,2017-11-02T15:30:23.000Z,0.000349987,0x06a79ee04dc23d006ae228b0ee890cb2d25b6ee8,buy,0xfd784da5c740c617aafb80399fa81b86e1da99a5,0x756f4901465993a16e5e70b921eb7598e17bba931d8f2b5a42ba3b8a2b57d505
9,2800,0.979874,0x5d09ca5c7c47cc9f275ed1b929fec1f4ca1d25c3,2017-11-02T15:28:19.000Z,0.000349955,0x03042ecca8071b8e256ab320432fee357634ab14,buy,0xfd784da5c740c617aafb80399fa81b86e1da99a5,0x55de590e8bf5cd78a5374e76bdb98c95c6b68136371d41f06959135471b16ec7
10,4270,1.49440179,0x06a79ee04dc23d006ae228b0ee890cb2d25b6ee8,2017-11-02T15:28:00.000Z,0.000349977,0x03042ecca8071b8e256ab320432fee357634ab14,buy,0xfd784da5c740c617aafb80399fa81b86e1da99a5,0xdd76861720e05e9839f6b13b740f6c457d44f5d285e8bdfaedfe825a6029314f
11,202,0.0704576,0x06a79ee04dc23d006ae228b0ee890cb2d25b6ee8,2017-11-02T15:26:40.000Z,0.0003488,0x03042ecca8071b8e256ab320432fee357634ab14,buy,0xfd784da5c740c617aafb80399fa81b86e1da99a5,0xcb70636bc1e4f756a33717cb44585c0512ab69585974500096f374b87ac96007
12,166,0.0560582,0x5d09ca5c7c47cc9f275ed1b929fec1f4ca1d25c3,2017-11-02T15:26:03.000Z,0.0003377,0x03042ecca8071b8e256ab320432fee357634ab14,buy,0xfd784da5c740c617aafb80399fa81b86e1da99a5,0x87905f5679dbf7fc5cb5fa5323be8ab9ceeabee462b9b5eeb7cdb05ff4d8a384
13,166,0.0560582,0x06a79ee04dc23d006ae228b0ee890cb2d25b6ee8,2017-11-02T15:25:53.000Z,0.0003377,0x03042ecca8071b8e256ab320432fee357634ab14,buy,0xfd784da5c740c617aafb80399fa81b86e1da99a5,0x99b1d3c577a4db93762c251d49ed350a0e9c4aabe6d11b97f20c0674a0a1cbba
14,120,0.042,0x06a79ee04dc23d006ae228b0ee890cb2d25b6ee8,2017-11-02T15:18:30.000Z,0.00035,0xd24ebc32bd6645cc03fd45bf81446ac7e05acdb3,buy,0xfd784da5c740c617aafb80399fa81b86e1da99a5,0x697e65b36cc0c7f2b6bdc35593377f15580fdc52462d86982379049ec086be64
15,2068,0.70312,0x03042ecca8071b8e256ab320432fee357634ab14,2017-11-02T15:18:19.000Z,0.00034,0xf771b8f17435574569a2c8ab0b835ec3b57ded76,buy,0xfd784da5c740c617aafb80399fa81b86e1da99a5,0xebfa0ff22febbeea95545556ba8542a3f4b2664be2ea4fdbfcb2efad03175056
16,1000,0.34,0x5d09ca5c7c47cc9f275ed1b929fec1f4ca1d25c3,2017-11-02T15:18:17.000Z,0.00034,0xf0699994eb82b56abcf3b9eda6e2790bbb462d44,buy,0xfd784da5c740c617aafb80399fa81b86e1da99a5,0x91e79abbaecfb33bce17678384fab335c0c8c705251d355f6b6740ea4e05bc3a
17,1000,0.338,0x06a79ee04dc23d006ae228b0ee890cb2d25b6ee8,2017-11-02T15:18:17.000Z,0.000338,0x03042ecca8071b8e256ab320432fee357634ab14,buy,0xfd784da5c740c617aafb80399fa81b86e1da99a5,0x9935e30b7da5bc262c7d68bc675cf63166a8bc11c17c6a2eba19e98f81b5e72b
18,350,0.098,0x5d09ca5c7c47cc9f275ed1b929fec1f4ca1d25c3,2017-11-02T15:16:08.000Z,0.00028,0xf0699994eb82b56abcf3b9eda6e2790bbb462d44,sell,0xfd784da5c740c617aafb80399fa81b86e1da99a5,0xf0034fd142f50d14c4ec18b8a3802f50658d54857b42d2a868c82715e1f8659d
19,500,0.11,0x5d09ca5c7c47cc9f275ed1b929fec1f4ca1d25c3,2017-11-02T15:16:08.000Z,0.00022,0xf0699994eb82b56abcf3b9eda6e2790bbb462d44,sell,0xfd784da5c740c617aafb80399fa81b86e1da99a5,0x9c169e8805d29c0b459410a203cd98580bf29cfc645093f36657bd3c1d61fbd3
20,300,0.078,0x5d09ca5c7c47cc9f275ed1b929fec1f4ca1d25c3,2017-11-02T15:16:06.000Z,0.00026,0xf0699994eb82b56abcf3b9eda6e2790bbb462d44,sell,0xfd784da5c740c617aafb80399fa81b86e1da99a5,0xb7d43da5d27aa66cbf422caf4aba61988664dd3048717b8df2c8f57c8b1c80b8
21,552,0.1814976,0x03042ecca8071b8e256ab320432fee357634ab14,2017-11-02T15:16:06.000Z,0.0003288,0x06a79ee04dc23d006ae228b0ee890cb2d25b6ee8,buy,0xfd784da5c740c617aafb80399fa81b86e1da99a5,0x1babd369acc831698248a97771b55b2c2e2fa8c81ae05a2607e0418505905714
22,1550,0.504525,0x03042ecca8071b8e256ab320432fee357634ab14,2017-11-02T15:13:24.000Z,0.0003255,0x06a79ee04dc23d006ae228b0ee890cb2d25b6ee8,buy,0xfd784da5c740c617aafb80399fa81b86e1da99a5,0x160bc782c3036aa970f95511022736511366531e1fd4058c4ae72d24aeeff9e9
23,3889,1.2701474,0x03042ecca8071b8e256ab320432fee357634ab14,2017-11-02T15:12:31.000Z,0.0003266,0x5d09ca5c7c47cc9f275ed1b929fec1f4ca1d25c3,buy,0xfd784da5c740c617aafb80399fa81b86e1da99a5,0xa4cd5b840078528ee5ec5c814df49611f655f6643557612469ae6e024f6467c8
24,3889,1.2701474,0x03042ecca8071b8e256ab320432fee357634ab14,2017-11-02T15:11:50.000Z,0.0003266,0x5d09ca5c7c47cc9f275ed1b929fec1f4ca1d25c3,buy,0xfd784da5c740c617aafb80399fa81b86e1da99a5,0xa4cd5b840078528ee5ec5c814df49611f655f6643557612469ae6e024f6467c8
25,2770,0.93349,0x06a79ee04dc23d006ae228b0ee890cb2d25b6ee8,2017-11-02T15:09:23.000Z,0.000337,0x5d09ca5c7c47cc9f275ed1b929fec1f4ca1d25c3,buy,0xfd784da5c740c617aafb80399fa81b86e1da99a5,0xb05853fa394365c6515f1987ce616b32c20857c45bdc83ba4393550f1644c37b
26,280,0.06356,0x667938315d19f8ec5cb5827744be0eb878a39cf3,2017-11-02T15:09:23.000Z,0.000227,0xf0699994eb82b56abcf3b9eda6e2790bbb462d44,sell,0xfd784da5c740c617aafb80399fa81b86e1da99a5,0x4774c89604804f0dadb41ed964c19f55cada5ee99927eef56f721d2c47a5e000
27,22,0.00572,0x06a79ee04dc23d006ae228b0ee890cb2d25b6ee8,2017-11-02T15:07:45.000Z,0.00026,0x5d09ca5c7c47cc9f275ed1b929fec1f4ca1d25c3,buy,0xfd784da5c740c617aafb80399fa81b86e1da99a5,0xbfb846062d9f001a3bc8f530f5eff711561fdc5d99c3e7af4256cedb01516142
28,3800,1.216,0x03042ecca8071b8e256ab320432fee357634ab14,2017-11-02T15:07:45.000Z,0.00032,0x5d09ca5c7c47cc9f275ed1b929fec1f4ca1d25c3,buy,0xfd784da5c740c617aafb80399fa81b86e1da99a5,0x923267748f5e49c3c1e06620f3a11970f1d5ae11b6ed9752531442f5e4439a51
29,1900,0.627,0x06a79ee04dc23d006ae228b0ee890cb2d25b6ee8,2017-11-02T15:07:20.000Z,0.00033,0x5d09ca5c7c47cc9f275ed1b929fec1f4ca1d25c3,buy,0xfd784da5c740c617aafb80399fa81b86e1da99a5,0xb628442f60ffca82b2eebb494fbec0de01973077cced1a98e95126df7952d98d
30,30,0.0099,0x06a79ee04dc23d006ae228b0ee890cb2d25b6ee8,2017-11-02T15:05:24.000Z,0.00033,0x5d09ca5c7c47cc9f275ed1b929fec1f4ca1d25c3,buy,0xfd784da5c740c617aafb80399fa81b86e1da99a5,0x64d5049cc57f9c30c7158a8dd6158ccdb24862a129682bc048eebf9e6e956b49
31,48,0.01536,0x06a79ee04dc23d006ae228b0ee890cb2d25b6ee8,2017-11-02T15:05:24.000Z,0.00032,0x5d09ca5c7c47cc9f275ed1b929fec1f4ca1d25c3,buy,0xfd784da5c740c617aafb80399fa81b86e1da99a5,0x0e097fc49dbbf4c461d9ae7d336aaf31c8f07f6e2dc9ed9275ea4093c7ffee46
32,28,0.0084,0x03042ecca8071b8e256ab320432fee357634ab14,2017-11-02T15:04:35.000Z,0.0003,0x5d09ca5c7c47cc9f275ed1b929fec1f4ca1d25c3,buy,0xfd784da5c740c617aafb80399fa81b86e1da99a5,0xb0529d7224ed68d28ac722bca7ef250bc967a6f81f138d3c153f5cdce828dd82
33,22,0.00572,0x03042ecca8071b8e256ab320432fee357634ab14,2017-11-02T14:57:19.000Z,0.00026,0x5d09ca5c7c47cc9f275ed1b929fec1f4ca1d25c3,buy,0xfd784da5c740c617aafb80399fa81b86e1da99a5,0x1d1bc00655b67a9ef2d95cb317614bcd9322ed51da7dd6ff5adaf5c8b63da35c
34,17,0.00476,0x06a79ee04dc23d006ae228b0ee890cb2d25b6ee8,2017-11-02T14:56:34.000Z,0.00028,0x5d09ca5c7c47cc9f275ed1b929fec1f4ca1d25c3,buy,0xfd784da5c740c617aafb80399fa81b86e1da99a5,0x4f9438656411f10b50e7425d4a979d3261a82053d2eb211874952001eae642df
35,3220,0.8211,0x03042ecca8071b8e256ab320432fee357634ab14,2017-11-02T14:54:54.000Z,0.000255,0x06a79ee04dc23d006ae228b0ee890cb2d25b6ee8,buy,0xfd784da5c740c617aafb80399fa81b86e1da99a5,0xccb05bd867bb4b9ee6e71c8e5dfbe98b5cb4fe8c793496c7568d25f37cb0bbc9
36,4200,1.0836,0x03042ecca8071b8e256ab320432fee357634ab14,2017-11-02T14:53:20.000Z,0.000258,0x06a79ee04dc23d006ae228b0ee890cb2d25b6ee8,buy,0xfd784da5c740c617aafb80399fa81b86e1da99a5,0x1cef3522346c5fb8e5e0ddf6c9eaa1fb180ec75661501bde2bfe9df4f193f394
37,2660,0.9037882,0x5d09ca5c7c47cc9f275ed1b929fec1f4ca1d25c3,2017-11-02T14:48:22.000Z,0.00033977,0x03042ecca8071b8e256ab320432fee357634ab14,buy,0xfd784da5c740c617aafb80399fa81b86e1da99a5,0xc65212a9cc23e4b2a143b9fef7c09f07c7c511d69c70acec21cdf95c28a7a283
38,3000,1.01964,0x5d09ca5c7c47cc9f275ed1b929fec1f4ca1d25c3,2017-11-02T14:47:14.000Z,0.00033988,0x03042ecca8071b8e256ab320432fee357634ab14,buy,0xfd784da5c740c617aafb80399fa81b86e1da99a5,0x0f4288e1ded4128ad15b1ccafc343cf04d5ee7f4809517c89477d091ee72fb1e
39,550,0.18699395,0x5d09ca5c7c47cc9f275ed1b929fec1f4ca1d25c3,2017-11-02T14:44:18.000Z,0.000339989,0x06a79ee04dc23d006ae228b0ee890cb2d25b6ee8,buy,0xfd784da5c740c617aafb80399fa81b86e1da99a5,0xa3451fcce2492947ef2791acca864aa4de189f442153e81c711f9149962d4107
40,82,0.02788,0x03042ecca8071b8e256ab320432fee357634ab14,2017-11-02T14:42:13.000Z,0.00034,0xd24ebc32bd6645cc03fd45bf81446ac7e05acdb3,buy,0xfd784da5c740c617aafb80399fa81b86e1da99a5,0x841988041f77079230e51ecd85aeaa38539d87ba52281cbccfe7501ed9a2242d
41,400,0.1356,0x06a79ee04dc23d006ae228b0ee890cb2d25b6ee8,2017-11-02T14:41:53.000Z,0.000339,0x667938315d19f8ec5cb5827744be0eb878a39cf3,buy,0xfd784da5c740c617aafb80399fa81b86e1da99a5,0xc72bcf9f1a65ae5c9998bd1589ca38fcc684c34077feb169b73641b8c8e03f0a
42,60,0.02028,0x5d09ca5c7c47cc9f275ed1b929fec1f4ca1d25c3,2017-11-02T14:40:52.000Z,0.000338,0x06a79ee04dc23d006ae228b0ee890cb2d25b6ee8,buy,0xfd784da5c740c617aafb80399fa81b86e1da99a5,0x71ca233eee55b8dcbe2dcfd3835c771a6056d13647446d498f18c2325b0f365f
43,66,0.0198,0x06a79ee04dc23d006ae228b0ee890cb2d25b6ee8,2017-11-02T14:40:44.000Z,0.0003,0x03042ecca8071b8e256ab320432fee357634ab14,buy,0xfd784da5c740c617aafb80399fa81b86e1da99a5,0xcd343725e5ed2cebbf0fc217cbb3917f5aeb0036cac8422bed55f9c00e4c0302
44,30,0.00966,0x03042ecca8071b8e256ab320432fee357634ab14,2017-11-02T14:40:44.000Z,0.000322,0x06a79ee04dc23d006ae228b0ee890cb2d25b6ee8,buy,0xfd784da5c740c617aafb80399fa81b86e1da99a5,0x020e7fdb297e75b77783a0d3fe4e4fd65852965bcbb72e80ac3ea5411cee375c
45,33,0.00957,0x5d09ca5c7c47cc9f275ed1b929fec1f4ca1d25c3,2017-11-02T14:40:13.000Z,0.00029,0x03042ecca8071b8e256ab320432fee357634ab14,buy,0xfd784da5c740c617aafb80399fa81b86e1da99a5,0x67a6126f3864f306dbc164f472efa24124bce2eb65f36ea02379c53f32c43316
46,66,0.01848,0x03042ecca8071b8e256ab320432fee357634ab14,2017-11-02T14:40:10.000Z,0.00028,0x5d09ca5c7c47cc9f275ed1b929fec1f4ca1d25c3,buy,0xfd784da5c740c617aafb80399fa81b86e1da99a5,0xc76e825dd3afde112145a1601f386b867c5b614830ebad72c52c1a8015c5a78b
47,52,0.01404,0x06a79ee04dc23d006ae228b0ee890cb2d25b6ee8,2017-11-02T14:39:58.000Z,0.00027,0x5d09ca5c7c47cc9f275ed1b929fec1f4ca1d25c3,buy,0xfd784da5c740c617aafb80399fa81b86e1da99a5,0x4b5d8794091a1cfef7f82fca900188dad5f9258d60abb1198857ac8cc6d6df9e
48,3880,1.0864,0x5d09ca5c7c47cc9f275ed1b929fec1f4ca1d25c3,2017-11-02T14:38:00.000Z,0.00028,0x06a79ee04dc23d006ae228b0ee890cb2d25b6ee8,buy,0xfd784da5c740c617aafb80399fa81b86e1da99a5,0x86e2b2213e0a7fc9d830195f050e9bf3f97b4ab5f967e8cc0bfc9977a8f2ad5c
49,1000,0.26,0x06a79ee04dc23d006ae228b0ee890cb2d25b6ee8,2017-11-02T14:30:45.000Z,0.00026,0x03042ecca8071b8e256ab320432fee357634ab14,buy,0xfd784da5c740c617aafb80399fa81b86e1da99a5,0xd264022b3e7b54fb3b4ef63bd5e64c74ff57929040e74ae0f58859dfa2d1eb3d
50,2112,0.528,0x5d09ca5c7c47cc9f275ed1b929fec1f4ca1d25c3,2017-11-02T14:26:59.000Z,0.00025,0x03042ecca8071b8e256ab320432fee357634ab14,buy,0xfd784da5c740c617aafb80399fa81b86e1da99a5,0x5bbb0b59ba0d55c31c6359c3a8a9f72bb4dbe449695a67869c4f282ff27007d3
51,1330,0.3591,0x5d09ca5c7c47cc9f275ed1b929fec1f4ca1d25c3,2017-11-02T14:25:15.000Z,0.00027,0x06a79ee04dc23d006ae228b0ee890cb2d25b6ee8,buy,0xfd784da5c740c617aafb80399fa81b86e1da99a5,0xdf00f20824b16b13753b9f06e6eceeeb5def25e801dc45f6fdf6995f10950631
52,3366,0.895356,0x5d09ca5c7c47cc9f275ed1b929fec1f4ca1d25c3,2017-11-02T14:24:18.000Z,0.000266,0x06a79ee04dc23d006ae228b0ee890cb2d25b6ee8,buy,0xfd784da5c740c617aafb80399fa81b86e1da99a5,0xe5b6bf85ce630538c0696d94ee44f9f22d9071e2c85bae9765885093c7ec3db7
53,50,0.0155,0x5d09ca5c7c47cc9f275ed1b929fec1f4ca1d25c3,2017-11-02T14:22:39.000Z,0.00031,0x06a79ee04dc23d006ae228b0ee890cb2d25b6ee8,buy,0xfd784da5c740c617aafb80399fa81b86e1da99a5,0x3c0d4fd015ed86a71b2059fc9eae611298f9f5a6df01a2ffc5bf9024a30e8f9d
54,4400,1.122,0x03042ecca8071b8e256ab320432fee357634ab14,2017-11-02T14:20:28.000Z,0.000255,0x5d09ca5c7c47cc9f275ed1b929fec1f4ca1d25c3,buy,0xfd784da5c740c617aafb80399fa81b86e1da99a5,0x3279f6fca28a8d2ce8aa358e23f2ae39b33ac68516a0f005c1d36de0e1f0fd6c
55,2009,0.58261,0x03042ecca8071b8e256ab320432fee357634ab14,2017-11-02T14:17:55.000Z,0.00029,0x5d09ca5c7c47cc9f275ed1b929fec1f4ca1d25c3,buy,0xfd784da5c740c617aafb80399fa81b86e1da99a5,0x020f00993c4b7255688c8e3c403b197918fd5a59d2f246492d9efe4256fd4383
56,1440,0.446184,0x06a79ee04dc23d006ae228b0ee890cb2d25b6ee8,2017-11-02T14:16:44.000Z,0.00030985,0x5d09ca5c7c47cc9f275ed1b929fec1f4ca1d25c3,buy,0xfd784da5c740c617aafb80399fa81b86e1da99a5,0xc6b5db5d3863e3ec46d598007225e9e6a7842aaad2b21589e56921c8245f50c7
57,2880,0.8924544,0x06a79ee04dc23d006ae228b0ee890cb2d25b6ee8,2017-11-02T14:14:29.000Z,0.00030988,0x5d09ca5c7c47cc9f275ed1b929fec1f4ca1d25c3,buy,0xfd784da5c740c617aafb80399fa81b86e1da99a5,0x1556034b355d09585c723bcd7bf0e79a5fa7dc2b0a871ead2e283a7c30ac145d
58,3355,1.136932335,0x5d09ca5c7c47cc9f275ed1b929fec1f4ca1d25c3,2017-11-02T14:08:50.000Z,0.000338877,0x06a79ee04dc23d006ae228b0ee890cb2d25b6ee8,buy,0xfd784da5c740c617aafb80399fa81b86e1da99a5,0xaad1bb0db5b1201ff49cb05dbdc9711dd1be003c77b21281a4478ca92814d962
59,1660,0.56437676,0x03042ecca8071b8e256ab320432fee357634ab14,2017-11-02T13:53:29.000Z,0.000339986,0x06a79ee04dc23d006ae228b0ee890cb2d25b6ee8,buy,0xfd784da5c740c617aafb80399fa81b86e1da99a5,0x920fa8e1885e186d8d5782e584726b449abad3bacb9870d6b0c2a946bca01b00
60,100,0.0339,0xc9b8269ba0bdccc665d21709bd46df2476764dac,2017-11-02T13:53:19.000Z,0.000339,0x667938315d19f8ec5cb5827744be0eb878a39cf3,buy,0xfd784da5c740c617aafb80399fa81b86e1da99a5,0x0d4c5758c72f87bb60213aa52d0d1c970b76b823539b384442bcb9810cf55746
61,2000,0.679976,0x5d09ca5c7c47cc9f275ed1b929fec1f4ca1d25c3,2017-11-02T13:50:13.000Z,0.000339988,0x06a79ee04dc23d006ae228b0ee890cb2d25b6ee8,buy,0xfd784da5c740c617aafb80399fa81b86e1da99a5,0xc0fb5803a9b6a3d4736f6e2d337f5d4abefee5febcae22660d2b596a74215713
62,200,0.0676,0x03042ecca8071b8e256ab320432fee357634ab14,2017-11-02T13:45:35.000Z,0.000338,0x667938315d19f8ec5cb5827744be0eb878a39cf3,buy,0xfd784da5c740c617aafb80399fa81b86e1da99a5,0x3cf9b55e6abd2bed9130914ebadbbef6700bdc1c6fbb27c09ceb27494446709c
63,880,0.299156,0x5d09ca5c7c47cc9f275ed1b929fec1f4ca1d25c3,2017-11-02T13:38:50.000Z,0.00033995,0x03042ecca8071b8e256ab320432fee357634ab14,buy,0xfd784da5c740c617aafb80399fa81b86e1da99a5,0x9c21c1285bf78eafd7b8f3044eb06ec16c0fe12f30779a38d34aadd806c832b6
64,330,0.1121109,0x06a79ee04dc23d006ae228b0ee890cb2d25b6ee8,2017-11-02T13:37:55.000Z,0.00033973,0x03042ecca8071b8e256ab320432fee357634ab14,buy,0xfd784da5c740c617aafb80399fa81b86e1da99a5,0xbdd640de8ef7909edc359b2d01fb830c9fa52b47b47d4066035fddc8bf88944b
65,779,0.26466525,0x06a79ee04dc23d006ae228b0ee890cb2d25b6ee8,2017-11-02T13:33:46.000Z,0.00033975,0x03042ecca8071b8e256ab320432fee357634ab14,buy,0xfd784da5c740c617aafb80399fa81b86e1da99a5,0xa4fddf4a3226235d54a6de452069786cd0f1add7fc821df4b1c93bc28f0fb4d2
66,2600,0.883116,0x06a79ee04dc23d006ae228b0ee890cb2d25b6ee8,2017-11-02T13:32:59.000Z,0.00033966,0x5d09ca5c7c47cc9f275ed1b929fec1f4ca1d25c3,buy,0xfd784da5c740c617aafb80399fa81b86e1da99a5,0x9868458ae52b30801ce2432f506122a6234bc9ceb372a89e71a28f81e2c245dc
67,4500,1.527975,0x03042ecca8071b8e256ab320432fee357634ab14,2017-11-02T13:30:53.000Z,0.00033955,0x5d09ca5c7c47cc9f275ed1b929fec1f4ca1d25c3,buy,0xfd784da5c740c617aafb80399fa81b86e1da99a5,0x65e3e1538b8fc5a1a2103532e9c02bca0af6e3623ba07cb48af06228f5ad483f
68,1100,0.373747,0x06a79ee04dc23d006ae228b0ee890cb2d25b6ee8,2017-11-02T13:27:23.000Z,0.00033977,0x03042ecca8071b8e256ab320432fee357634ab14,buy,0xfd784da5c740c617aafb80399fa81b86e1da99a5,0xffd1fff362e4723b38cfc1492475d7b5384e025e105abe723d97a2f53881d033
69,2800,0.951664,0x06a79ee04dc23d006ae228b0ee890cb2d25b6ee8,2017-11-02T13:26:35.000Z,0.00033988,0x5d09ca5c7c47cc9f275ed1b929fec1f4ca1d25c3,buy,0xfd784da5c740c617aafb80399fa81b86e1da99a5,0x3d7f9c677dfad3bf096858d1ff07172570d092df84dc81a674ef4f5fca740aac
70,20,0.0066,0x5d09ca5c7c47cc9f275ed1b929fec1f4ca1d25c3,2017-11-02T13:20:44.000Z,0.00033,0x03042ecca8071b8e256ab320432fee357634ab14,buy,0xfd784da5c740c617aafb80399fa81b86e1da99a5,0xe5201be36530381c3660c2bf2b607604a1a09aeb3eb8397e76736152fad32a64
71,20,0.0062,0x06a79ee04dc23d006ae228b0ee890cb2d25b6ee8,2017-11-02T13:20:27.000Z,0.00031,0x03042ecca8071b8e256ab320432fee357634ab14,buy,0xfd784da5c740c617aafb80399fa81b86e1da99a5,0xad7ab028946f9f6e2303563539739348b869c1e2dac9b49cc006294f88fb71d5
72,10,0.003,0x03042ecca8071b8e256ab320432fee357634ab14,2017-11-02T13:20:22.000Z,0.0003,0x06a79ee04dc23d006ae228b0ee890cb2d25b6ee8,buy,0xfd784da5c740c617aafb80399fa81b86e1da99a5,0x7893f88ddfe307369b3e96487f03c4ac55ede734d22afde0ff2a6979880791e9
73,10,0.0027,0x03042ecca8071b8e256ab320432fee357634ab14,2017-11-02T13:20:08.000Z,0.00027,0x06a79ee04dc23d006ae228b0ee890cb2d25b6ee8,buy,0xfd784da5c740c617aafb80399fa81b86e1da99a5,0xe0f34a916494dab7b7ccb0cfbc8cf219b0ed8848a9e4849cec3e7c80517e18d0
74,10,0.0028,0x5d09ca5c7c47cc9f275ed1b929fec1f4ca1d25c3,2017-11-02T13:20:08.000Z,0.00028,0x06a79ee04dc23d006ae228b0ee890cb2d25b6ee8,buy,0xfd784da5c740c617aafb80399fa81b86e1da99a5,0x656ae913770e73db3b5182869c62308c8e1427834365c4736aaeb3e2cfd44643
75,30,0.0099,0x03042ecca8071b8e256ab320432fee357634ab14,2017-11-02T13:19:00.000Z,0.00033,0x03042ecca8071b8e256ab320432fee357634ab14,buy,0xfd784da5c740c617aafb80399fa81b86e1da99a5,0xfcd631d0bdb5dc5c9304a06b77c107702887fd0f21918694831433e081e6cc05
76,30,0.0099,0x03042ecca8071b8e256ab320432fee357634ab14,2017-11-02T13:18:15.000Z,0.00033,0x03042ecca8071b8e256ab320432fee357634ab14,buy,0xfd784da5c740c617aafb80399fa81b86e1da99a5,0xfcd631d0bdb5dc5c9304a06b77c107702887fd0f21918694831433e081e6cc05
77,20,0.0064,0x06a79ee04dc23d006ae228b0ee890cb2d25b6ee8,2017-11-02T13:16:37.000Z,0.00032,0x03042ecca8071b8e256ab320432fee357634ab14,buy,0xfd784da5c740c617aafb80399fa81b86e1da99a5,0xeaebc8f1b8cac3d6a0944e25841876b5e4cf73df46a12bc96ef858761d509847
78,10,0.003,0x5d09ca5c7c47cc9f275ed1b929fec1f4ca1d25c3,2017-11-02T13:16:31.000Z,0.0003,0x06a79ee04dc23d006ae228b0ee890cb2d25b6ee8,buy,0xfd784da5c740c617aafb80399fa81b86e1da99a5,0xac5ce645f85880a0e940a106f8496005adac62b9a63c74072910485c3c4ed3c7
79,10,0.0031,0x03042ecca8071b8e256ab320432fee357634ab14,2017-11-02T13:16:31.000Z,0.00031,0x06a79ee04dc23d006ae228b0ee890cb2d25b6ee8,buy,0xfd784da5c740c617aafb80399fa81b86e1da99a5,0x22ae3ccbca2b26dc12647948687f2b333225063ced9d31ebad1e8356b3a20220
80,2020,0.686194,0x06a79ee04dc23d006ae228b0ee890cb2d25b6ee8,2017-11-02T13:09:55.000Z,0.0003397,0x03042ecca8071b8e256ab320432fee357634ab14,buy,0xfd784da5c740c617aafb80399fa81b86e1da99a5,0x7ef291e5d4d02e43a8a48b544d8dbbae64af94be00428529ffd88f0c308d0fc3
81,1550,0.52669,0x06a79ee04dc23d006ae228b0ee890cb2d25b6ee8,2017-11-02T13:07:57.000Z,0.0003398,0x03042ecca8071b8e256ab320432fee357634ab14,buy,0xfd784da5c740c617aafb80399fa81b86e1da99a5,0x9d918454b885c507a4dc154c9986cab24edb975a1610d8d82cadefcb6f1dfbbe
82,4089,1.3902595911,0x06a79ee04dc23d006ae228b0ee890cb2d25b6ee8,2017-11-02T13:01:12.000Z,0.0003399999,0x03042ecca8071b8e256ab320432fee357634ab14,buy,0xfd784da5c740c617aafb80399fa81b86e1da99a5,0xe0159484c47ea93ff83de89b9502d0db76cf0dba7cb11544b6a1acfb3f47dcce
83,3096,1.0526396904,0x06a79ee04dc23d006ae228b0ee890cb2d25b6ee8,2017-11-02T13:00:39.000Z,0.0003399999,0x03042ecca8071b8e256ab320432fee357634ab14,buy,0xfd784da5c740c617aafb80399fa81b86e1da99a5,0xbdcb00a80cec9571d19c4607a3896f4154d8ea5539dc823fc2f8cb60a33f46eb
84,0.175,0.0000595,0x03042ecca8071b8e256ab320432fee357634ab14,2017-11-02T12:51:06.000Z,0.00034,0xd24ebc32bd6645cc03fd45bf81446ac7e05acdb3,buy,0xfd784da5c740c617aafb80399fa81b86e1da99a5,0x778195d5542af381ca13d288b33ab5fedcf3e925547296a71f2bf1d9b8c3b9fd
85,434,0.1475166,0x06a79ee04dc23d006ae228b0ee890cb2d25b6ee8,2017-11-02T12:48:16.000Z,0.0003399,0x03042ecca8071b8e256ab320432fee357634ab14,buy,0xfd784da5c740c617aafb80399fa81b86e1da99a5,0xdad93030533385ab4e45d29f072ea6bba6bb7739c65482a4418e0681f691e8a1
86,546,0.184821,0x06a79ee04dc23d006ae228b0ee890cb2d25b6ee8,2017-11-02T12:48:16.000Z,0.0003385,0x03042ecca8071b8e256ab320432fee357634ab14,buy,0xfd784da5c740c617aafb80399fa81b86e1da99a5,0x3f67bae082faa86744b9ec315720335d5c7ba00116f0ded35bd0d5436446249c
87,764,0.2579264,0x06a79ee04dc23d006ae228b0ee890cb2d25b6ee8,2017-11-02T12:47:52.000Z,0.0003376,0x03042ecca8071b8e256ab320432fee357634ab14,buy,0xfd784da5c740c617aafb80399fa81b86e1da99a5,0x2321416ba80a5461f911f0ceaf4d2718d341b352d5c8f2929bc41cb84e42bc46
88,100,0.03388,0x06a79ee04dc23d006ae228b0ee890cb2d25b6ee8,2017-11-02T12:43:50.000Z,0.0003388,0x03042ecca8071b8e256ab320432fee357634ab14,buy,0xfd784da5c740c617aafb80399fa81b86e1da99a5,0x976d50560fb18e18e0a8997592da9f4488f9e4723aff3a6e236261ae22866b3c
89,342,0.115938,0x06a79ee04dc23d006ae228b0ee890cb2d25b6ee8,2017-11-02T12:43:50.000Z,0.000339,0x03042ecca8071b8e256ab320432fee357634ab14,buy,0xfd784da5c740c617aafb80399fa81b86e1da99a5,0xc7d0ded0477377e6c9906dc24db9e16070abe4359157b7d75c3a30b3e60db5f5
90,242,0.0819896,0x06a79ee04dc23d006ae228b0ee890cb2d25b6ee8,2017-11-02T12:42:19.000Z,0.0003388,0x03042ecca8071b8e256ab320432fee357634ab14,buy,0xfd784da5c740c617aafb80399fa81b86e1da99a5,0xf36316857ee1e2c98340f11ca42e742157e425aace6c971c4237f7816163e36b
91,690,0.23391,0x06a79ee04dc23d006ae228b0ee890cb2d25b6ee8,2017-11-02T12:40:50.000Z,0.000339,0x03042ecca8071b8e256ab320432fee357634ab14,buy,0xfd784da5c740c617aafb80399fa81b86e1da99a5,0x9ad0111637f54085fe14b7165429d6cb59d8f0c26d360558be0b3314716853ae
92,334,0.113226,0x06a79ee04dc23d006ae228b0ee890cb2d25b6ee8,2017-11-02T12:40:08.000Z,0.000339,0x03042ecca8071b8e256ab320432fee357634ab14,buy,0xfd784da5c740c617aafb80399fa81b86e1da99a5,0xd245ab92e3dbf93e1f08a2d5fafe5b6830416c53fbb3a5be22b234ccb4923f23
93,2048,0.694272,0x06a79ee04dc23d006ae228b0ee890cb2d25b6ee8,2017-11-02T12:32:02.000Z,0.000339,0x03042ecca8071b8e256ab320432fee357634ab14,buy,0xfd784da5c740c617aafb80399fa81b86e1da99a5,0x96a555b35332f0c4a8bd95605b1638b8859b34d1b0a06ea3abbd88cc31176d77
94,100,0.03398,0x06a79ee04dc23d006ae228b0ee890cb2d25b6ee8,2017-11-02T12:30:57.000Z,0.0003398,0x03042ecca8071b8e256ab320432fee357634ab14,buy,0xfd784da5c740c617aafb80399fa81b86e1da99a5,0x4a888cdefb1a9981d8d8675a84c495d1f5c8fa75a19cbc877482dc21e34ec877
95,358,0.1216842,0x06a79ee04dc23d006ae228b0ee890cb2d25b6ee8,2017-11-02T12:30:57.000Z,0.0003399,0x5d09ca5c7c47cc9f275ed1b929fec1f4ca1d25c3,buy,0xfd784da5c740c617aafb80399fa81b86e1da99a5,0x42a05818822bba9faa475b86c7744b2f6ccf7448351af75cc6b765431ac5221e
96,1000,0.3397,0x06a79ee04dc23d006ae228b0ee890cb2d25b6ee8,2017-11-02T12:30:39.000Z,0.0003397,0x03042ecca8071b8e256ab320432fee357634ab14,buy,0xfd784da5c740c617aafb80399fa81b86e1da99a5,0x7dcc51f65614b5f729514ec9086aebf5d9d7c8dcd5064a767f540cfcc4ed2595
97,1048,0.3560056,0x06a79ee04dc23d006ae228b0ee890cb2d25b6ee8,2017-11-02T12:29:30.000Z,0.0003397,0x03042ecca8071b8e256ab320432fee357634ab14,buy,0xfd784da5c740c617aafb80399fa81b86e1da99a5,0x221a20a0f49f998f7c334acb867094fb118232927441d615d1fcd2a254b1c3d0
98,624,0.2120352,0x06a79ee04dc23d006ae228b0ee890cb2d25b6ee8,2017-11-02T12:27:03.000Z,0.0003398,0x03042ecca8071b8e256ab320432fee357634ab14,buy,0xfd784da5c740c617aafb80399fa81b86e1da99a5,0x587b52b3aff424ab7274c63ca76e222df0c780ab1a47f6a99f32b8dd85bc6423
99,600,0.20388,0x06a79ee04dc23d006ae228b0ee890cb2d25b6ee8,2017-11-02T12:25:55.000Z,0.0003398,0x03042ecca8071b8e256ab320432fee357634ab14,buy,0xfd784da5c740c617aafb80399fa81b86e1da99a5,0x86d3cc405c2179d6beebfa1e94edc2074e8424e6a17967f0f70a2d710e9aadd7
100,280,0.095116,0x06a79ee04dc23d006ae228b0ee890cb2d25b6ee8,2017-11-02T12:24:05.000Z,0.0003397,0x03042ecca8071b8e256ab320432fee357634ab14,buy,0xfd784da5c740c617aafb80399fa81b86e1da99a5,0x2ce914b1ad9e03d0972ce73a3258ce5cb8a4b8e4034605974d8a7e0de71d187c
101,320,0.108736,0x06a79ee04dc23d006ae228b0ee890cb2d25b6ee8,2017-11-02T12:24:05.000Z,0.0003398,0x03042ecca8071b8e256ab320432fee357634ab14,buy,0xfd784da5c740c617aafb80399fa81b86e1da99a5,0x5f23f65e084b47bfd1ec4a58183958d2fd2e4829825ac2e74d52eb63d35a7eaa
102,2068,0.4136,0xf771b8f17435574569a2c8ab0b835ec3b57ded76,2017-11-02T12:21:56.000Z,0.0002,0xf0699994eb82b56abcf3b9eda6e2790bbb462d44,sell,0xfd784da5c740c617aafb80399fa81b86e1da99a5,0x2353ae97d62470cd26c21ef5e959d1ee0172140df42c0f3d03bfcdfdc6fd317f
103,300,0.10197,0x06a79ee04dc23d006ae228b0ee890cb2d25b6ee8,2017-11-02T12:20:23.000Z,0.0003399,0x5d09ca5c7c47cc9f275ed1b929fec1f4ca1d25c3,buy,0xfd784da5c740c617aafb80399fa81b86e1da99a5,0x36facb07b1cc416543f648191da97d1c5fd52a5b25d3f779a86fef36ee43c240
104,342,0.1162458,0x06a79ee04dc23d006ae228b0ee890cb2d25b6ee8,2017-11-02T12:18:18.000Z,0.0003399,0x5d09ca5c7c47cc9f275ed1b929fec1f4ca1d25c3,buy,0xfd784da5c740c617aafb80399fa81b86e1da99a5,0x1403c7ebec5d1926cff92019bcff6effc28887ccb04681940d8056ddf73b077a
105,500,0.16995,0x06a79ee04dc23d006ae228b0ee890cb2d25b6ee8,2017-11-02T12:17:09.000Z,0.0003399,0x03042ecca8071b8e256ab320432fee357634ab14,buy,0xfd784da5c740c617aafb80399fa81b86e1da99a5,0x9d0810d0c5d82327fff01c582276527bb39d94f96ee0c69f09e922f81b68ec12
106,550,0.186945,0x06a79ee04dc23d006ae228b0ee890cb2d25b6ee8,2017-11-02T12:14:39.000Z,0.0003399,0x5d09ca5c7c47cc9f275ed1b929fec1f4ca1d25c3,buy,0xfd784da5c740c617aafb80399fa81b86e1da99a5,0xa44178f322a5c0c9ed5c16277c0138a63217628fb9931e07d1993fddba228ded
107,450,0.152955,0x03042ecca8071b8e256ab320432fee357634ab14,2017-11-02T12:12:59.000Z,0.0003399,0x5d09ca5c7c47cc9f275ed1b929fec1f4ca1d25c3,buy,0xfd784da5c740c617aafb80399fa81b86e1da99a5,0xf582234ccf851daafeccc3b0c1a2278a19736bc28a3cff45d8aaa82e82e9654d
108,15,0.0051,0x06a79ee04dc23d006ae228b0ee890cb2d25b6ee8,2017-11-02T12:08:07.000Z,0.00034,0xd24ebc32bd6645cc03fd45bf81446ac7e05acdb3,buy,0xfd784da5c740c617aafb80399fa81b86e1da99a5,0xda1c883b0b5e7d0e5548dec21dde8ed5cd425aff07585d545139f696ef7f3bbd
109,289,0.09537,0x06a79ee04dc23d006ae228b0ee890cb2d25b6ee8,2017-11-02T12:08:03.000Z,0.00033,0x03042ecca8071b8e256ab320432fee357634ab14,buy,0xfd784da5c740c617aafb80399fa81b86e1da99a5,0xe49424547c62d03367f81c25a32c46a224e7571b77ab0832efab2898ef854358
110,211,0.06963,0x06a79ee04dc23d006ae228b0ee890cb2d25b6ee8,2017-11-02T12:06:40.000Z,0.00033,0x03042ecca8071b8e256ab320432fee357634ab14,buy,0xfd784da5c740c617aafb80399fa81b86e1da99a5,0x611f4b92b82fb75c56db1dfadd29b5f99f834ab11552a5c6e5f9692820fe9572
111,1.47058823,0.0005,0x4fda9e6bcd83af6c5cc771b5d20accc2b7720074,2017-11-02T12:04:24.000Z,0.000340000001224,0xd24ebc32bd6645cc03fd45bf81446ac7e05acdb3,buy,0xfd784da5c740c617aafb80399fa81b86e1da99a5,0xa57cb1e0a9d6fd17f5a83d471c90bf9034004a1b6db679e5afd75fe1ae794634
112,1.354,0.00046036,0x03042ecca8071b8e256ab320432fee357634ab14,2017-11-02T11:59:11.000Z,0.00034,0xd24ebc32bd6645cc03fd45bf81446ac7e05acdb3,buy,0xfd784da5c740c617aafb80399fa81b86e1da99a5,0xa6a03198438d6dcd001f3f9729e9b83de998aa010a939d6e7a1de25bb0cf9466
113,99.999,0.03199968,0x06a79ee04dc23d006ae228b0ee890cb2d25b6ee8,2017-11-02T11:57:53.000Z,0.00032,0x03042ecca8071b8e256ab320432fee357634ab14,buy,0xfd784da5c740c617aafb80399fa81b86e1da99a5,0xf6e3ca0c6dd3ab489526585f5d0d2945b4fad829c3e7ecf00fba00871c946e69
114,60,0.0204,0x06a79ee04dc23d006ae228b0ee890cb2d25b6ee8,2017-11-02T11:54:51.000Z,0.00034,0xd24ebc32bd6645cc03fd45bf81446ac7e05acdb3,buy,0xfd784da5c740c617aafb80399fa81b86e1da99a5,0xaa6d6d719f6a25da694b91df7f92f3dac683c17616b126b6e844f32331661cad
115,20,0.0068,0x03042ecca8071b8e256ab320432fee357634ab14,2017-11-02T11:54:40.000Z,0.00034,0xd24ebc32bd6645cc03fd45bf81446ac7e05acdb3,buy,0xfd784da5c740c617aafb80399fa81b86e1da99a5,0x9f828f127393da3a71fa0fd2b8bf44ebbf4a413d00d2b7b6ecb9777f1f71195a
116,198.438,0.06350016,0x06a79ee04dc23d006ae228b0ee890cb2d25b6ee8,2017-11-02T11:54:21.000Z,0.00032,0x03042ecca8071b8e256ab320432fee357634ab14,buy,0xfd784da5c740c617aafb80399fa81b86e1da99a5,0x6724b34f0070b0f077e7c87e5660e3f1c38da32656b368e110eee0a04bf26d69
117,50,0.0165,0x03042ecca8071b8e256ab320432fee357634ab14,2017-11-02T11:54:21.000Z,0.00033,0x06a79ee04dc23d006ae228b0ee890cb2d25b6ee8,buy,0xfd784da5c740c617aafb80399fa81b86e1da99a5,0x3bfa2cfb43f28f453d5c697bcbccf8e2b19e04f5791546f647fccb4669714cca
118,1.5625,0.0005,0x3075f7f189912f4f425dd7021b9c396434197477,2017-11-02T11:51:19.000Z,0.00032,0x03042ecca8071b8e256ab320432fee357634ab14,buy,0xfd784da5c740c617aafb80399fa81b86e1da99a5,0xaa4b119f2075ae5ace5b76697e547b53a01ae41d810a8139d1ad253d9e34fbee
119,300,0.096,0x03042ecca8071b8e256ab320432fee357634ab14,2017-11-02T11:03:35.000Z,0.00032,0x06a79ee04dc23d006ae228b0ee890cb2d25b6ee8,buy,0xfd784da5c740c617aafb80399fa81b86e1da99a5,0x9341f0c0aea4fe4d0c285d295307487ffb30f5a9cdc1a5bef9b385c3ddcc8822
120,250,0.0825,0x03042ecca8071b8e256ab320432fee357634ab14,2017-11-02T11:00:16.000Z,0.00033,0x06a79ee04dc23d006ae228b0ee890cb2d25b6ee8,buy,0xfd784da5c740c617aafb80399fa81b86e1da99a5,0x8aad65a35114163f1d79c73be957fb1fc055e42ebbacde8ab0a5fff0cd1dd423
121,212,0.056604,0x03042ecca8071b8e256ab320432fee357634ab14,2017-11-02T10:48:22.000Z,0.000267,0xf0699994eb82b56abcf3b9eda6e2790bbb462d44,sell,0xfd784da5c740c617aafb80399fa81b86e1da99a5,0x95056e9ffc24d45758006d7c40e394a3275d6d6f7d49f9b02d04621d4b53348b
122,736.10066112,0.19764302751072,0x667938315d19f8ec5cb5827744be0eb878a39cf3,2017-11-02T10:30:39.000Z,0.0002685,0xf0699994eb82b56abcf3b9eda6e2790bbb462d44,sell,0xfd784da5c740c617aafb80399fa81b86e1da99a5,0x8d8b09c9523bf8588632ea006721a31f9970f79de37bb461ecd9a4fd2ae82a39
123,348,0.0934728,0x06a79ee04dc23d006ae228b0ee890cb2d25b6ee8,2017-11-02T10:30:33.000Z,0.0002686,0xf0699994eb82b56abcf3b9eda6e2790bbb462d44,sell,0xfd784da5c740c617aafb80399fa81b86e1da99a5,0x3ce3485dae7ba0bd561318e7bdb4c96ee24518c6f0f73f001e773c34e0b0678f
124,348,0.0934554,0x06a79ee04dc23d006ae228b0ee890cb2d25b6ee8,2017-11-02T10:30:33.000Z,0.00026855,0xf0699994eb82b56abcf3b9eda6e2790bbb462d44,sell,0xfd784da5c740c617aafb80399fa81b86e1da99a5,0xddccb44806ba81ba2a204528083fa2907555c8b94d41c71fe0921aee328cd6c4
125,800,0.2144,0x667938315d19f8ec5cb5827744be0eb878a39cf3,2017-11-02T10:16:46.000Z,0.000268,0xf0699994eb82b56abcf3b9eda6e2790bbb462d44,sell,0xfd784da5c740c617aafb80399fa81b86e1da99a5,0x59534dccf6e7d7931b41f843aed85244036cfb9941f6c946d0df5b50c17dbce0
126,1000,0.26861,0x6d4afbd1c80c0b908ce050c4885b980df7aa1b22,2017-11-02T10:16:06.000Z,0.00026861,0xf0699994eb82b56abcf3b9eda6e2790bbb462d44,sell,0xfd784da5c740c617aafb80399fa81b86e1da99a5,0xa8053042d7121ad40b8d75a586fb69859cba7b7522be8e2e1687c2164e9c2f70
127,1000,0.33,0x03042ecca8071b8e256ab320432fee357634ab14,2017-11-02T10:16:06.000Z,0.00033,0xd24ebc32bd6645cc03fd45bf81446ac7e05acdb3,buy,0xfd784da5c740c617aafb80399fa81b86e1da99a5,0xe86e540d4bbab52b83dda180f6d08ac76f9654ad049deda2a8b3207cc9396b5f
128,120,0.0408,0x03042ecca8071b8e256ab320432fee357634ab14,2017-11-02T10:12:35.000Z,0.00034,0xd24ebc32bd6645cc03fd45bf81446ac7e05acdb3,buy,0xfd784da5c740c617aafb80399fa81b86e1da99a5,0xefa3154dbf48859dcda75b2f2cdec6a64eae020a7645c675bd2341602a3af129
129,200,0.0732,0x03042ecca8071b8e256ab320432fee357634ab14,2017-11-02T10:10:26.000Z,0.000366,0x6d4afbd1c80c0b908ce050c4885b980df7aa1b22,buy,0xfd784da5c740c617aafb80399fa81b86e1da99a5,0x813b2a001e3021ca8d085c2e31868c6530f5f031c17d26630a233ddc5c34128a
130,290,0.0986,0x03042ecca8071b8e256ab320432fee357634ab14,2017-11-02T10:09:18.000Z,0.00034,0xd24ebc32bd6645cc03fd45bf81446ac7e05acdb3,buy,0xfd784da5c740c617aafb80399fa81b86e1da99a5,0x35a7572d10b825ab2273307994cee595bf4c27f11aed46422888051c139310a4
131,300,0.105,0x03042ecca8071b8e256ab320432fee357634ab14,2017-11-02T10:08:48.000Z,0.00035,0xd24ebc32bd6645cc03fd45bf81446ac7e05acdb3,buy,0xfd784da5c740c617aafb80399fa81b86e1da99a5,0x701dfab15a3f1d7c08ea265bc01e0d736bef1c7ab517c3fd80571916bf5c2c0c
132,250,0.091525,0x03042ecca8071b8e256ab320432fee357634ab14,2017-11-02T10:07:42.000Z,0.0003661,0xd24ebc32bd6645cc03fd45bf81446ac7e05acdb3,buy,0xfd784da5c740c617aafb80399fa81b86e1da99a5,0xe852ca5f473c1cabdb521d55004717af32caa6c1ad1c37c90afa5324f3cf054c
133,200,0.07,0x03042ecca8071b8e256ab320432fee357634ab14,2017-11-02T10:07:42.000Z,0.00035,0xd24ebc32bd6645cc03fd45bf81446ac7e05acdb3,buy,0xfd784da5c740c617aafb80399fa81b86e1da99a5,0xa10f5364f9d480a019d62ec1b023b41c745c826428a2d1dcfd84f376a14f2cec
134,300,0.10995,0x03042ecca8071b8e256ab320432fee357634ab14,2017-11-02T10:07:42.000Z,0.0003665,0xd24ebc32bd6645cc03fd45bf81446ac7e05acdb3,buy,0xfd784da5c740c617aafb80399fa81b86e1da99a5,0x91dd2d9b9a2b344eac14951cd1579a31692e2d962e7aa6032e31a35e05c14989
135,250,0.091525,0x03042ecca8071b8e256ab320432fee357634ab14,2017-11-02T10:06:08.000Z,0.0003661,0xd24ebc32bd6645cc03fd45bf81446ac7e05acdb3,buy,0xfd784da5c740c617aafb80399fa81b86e1da99a5,0xa4fa14de95a1fdd7064f9f65462fb13359f811188bfe7307873f7359d21e3dfe
136,1200,0.4392,0x03042ecca8071b8e256ab320432fee357634ab14,2017-11-02T10:04:56.000Z,0.000366,0xd24ebc32bd6645cc03fd45bf81446ac7e05acdb3,buy,0xfd784da5c740c617aafb80399fa81b86e1da99a5,0xe07bc5737621614c85d181ff8a1f1063a47f44274289b8154715c83d10b47366
137,1200,0.4392,0x03042ecca8071b8e256ab320432fee357634ab14,2017-11-02T10:04:56.000Z,0.000366,0xd24ebc32bd6645cc03fd45bf81446ac7e05acdb3,buy,0xfd784da5c740c617aafb80399fa81b86e1da99a5,0x04f56759c2a5d51e1c14eb0503eb38ae07b811b6eb435a0aca59e7a4d1c6fa6e
138,300,0.126,0x03042ecca8071b8e256ab320432fee357634ab14,2017-11-02T10:02:33.000Z,0.00042,0xd24ebc32bd6645cc03fd45bf81446ac7e05acdb3,buy,0xfd784da5c740c617aafb80399fa81b86e1da99a5,0x4b4ad9d116f0a6affb412b457c59d563a8441292b936e7a065515519506314e9
139,230,0.09683,0x03042ecca8071b8e256ab320432fee357634ab14,2017-11-02T10:02:33.000Z,0.000421,0xd24ebc32bd6645cc03fd45bf81446ac7e05acdb3,buy,0xfd784da5c740c617aafb80399fa81b86e1da99a5,0xdb3be5e9ff39a0e9a8cc815f50e707067ff0409b93d6ac9dd7f95faed2bdbb39
140,344,0.126936,0x06a79ee04dc23d006ae228b0ee890cb2d25b6ee8,2017-11-02T08:12:26.000Z,0.000369,0x03042ecca8071b8e256ab320432fee357634ab14,buy,0xfd784da5c740c617aafb80399fa81b86e1da99a5,0xcf1aaa2bbc1582aefb88e070a5ce2710c18b89fc017e75f778f9cd8db14cd4a3
141,1346,0.4980064054,0x06a79ee04dc23d006ae228b0ee890cb2d25b6ee8,2017-11-02T08:06:45.000Z,0.0003699899,0x03042ecca8071b8e256ab320432fee357634ab14,buy,0xfd784da5c740c617aafb80399fa81b86e1da99a5,0x12bee24e09de36cccf34c786cc7d0340bd91e128f422be69cd939b5b648d014a
142,1301,0.483972,0x03042ecca8071b8e256ab320432fee357634ab14,2017-11-02T08:05:07.000Z,0.000372,0x06a79ee04dc23d006ae228b0ee890cb2d25b6ee8,buy,0xfd784da5c740c617aafb80399fa81b86e1da99a5,0xffe4b648c844aa613a04b189a4e03fdd8bc50c7489cbcbf22bc7359c73b8b5b4
143,2213,0.821023,0x03042ecca8071b8e256ab320432fee357634ab14,2017-11-02T08:04:46.000Z,0.000371,0x06a79ee04dc23d006ae228b0ee890cb2d25b6ee8,buy,0xfd784da5c740c617aafb80399fa81b86e1da99a5,0x55a4d072b062f2ce18cb6b1a012f2222a3cfe8b4b9e03bebcf1bdf8cdc79d30a
144,1346,0.49802,0x06a79ee04dc23d006ae228b0ee890cb2d25b6ee8,2017-11-02T08:04:46.000Z,0.00037,0x03042ecca8071b8e256ab320432fee357634ab14,buy,0xfd784da5c740c617aafb80399fa81b86e1da99a5,0x548829646bbcf4fc7d7978966a2101d240c0f4275a0dfe04d5fbe0f4e8e37fdb
145,340,0.09129,0x06a79ee04dc23d006ae228b0ee890cb2d25b6ee8,2017-11-02T07:51:04.000Z,0.0002685,0x03042ecca8071b8e256ab320432fee357634ab14,sell,0xfd784da5c740c617aafb80399fa81b86e1da99a5,0xaf1e67c47b02454b692f19b49789044d6ac437089acc1d9d8ab6f6b00bdc712b
146,438,0.1176030438,0x06a79ee04dc23d006ae228b0ee890cb2d25b6ee8,2017-11-02T07:47:33.000Z,0.0002685001,0x03042ecca8071b8e256ab320432fee357634ab14,sell,0xfd784da5c740c617aafb80399fa81b86e1da99a5,0x4e26aeeebab4d438546aad01fbe3e35e352ca6c5bc05ebad1b03fb3f6b22e019
147,1200,0.4476,0x03042ecca8071b8e256ab320432fee357634ab14,2017-11-02T07:44:26.000Z,0.000373,0x06a79ee04dc23d006ae228b0ee890cb2d25b6ee8,buy,0xfd784da5c740c617aafb80399fa81b86e1da99a5,0x458c50db594cb0d58e39e2c33cbddafe58709881dba5214e68685ba3ef885f2e
148,451,0.1686739549,0x03042ecca8071b8e256ab320432fee357634ab14,2017-11-02T07:44:26.000Z,0.0003739999,0x06a79ee04dc23d006ae228b0ee890cb2d25b6ee8,buy,0xfd784da5c740c617aafb80399fa81b86e1da99a5,0x4850174e1edfe34262235b49a66775c4d5379ef52e800b7595c1e649f63e16b4
149,1342,0.5099598658,0x03042ecca8071b8e256ab320432fee357634ab14,2017-11-02T07:22:46.000Z,0.0003799999,0x06a79ee04dc23d006ae228b0ee890cb2d25b6ee8,buy,0xfd784da5c740c617aafb80399fa81b86e1da99a5,0x87bf355e87058b9262b56c2b81b30990b38de6e8423bbd5648a1274fa8083b34
150,1432,0.542728,0x03042ecca8071b8e256ab320432fee357634ab14,2017-11-02T07:21:44.000Z,0.000379,0x06a79ee04dc23d006ae228b0ee890cb2d25b6ee8,buy,0xfd784da5c740c617aafb80399fa81b86e1da99a5,0x8dcd1b31850075e0b5ccc2efce6482e7d8fc8259b05ecb8d93659d62fc346a50
151,2221,0.839538,0x03042ecca8071b8e256ab320432fee357634ab14,2017-11-02T07:21:44.000Z,0.000378,0x06a79ee04dc23d006ae228b0ee890cb2d25b6ee8,buy,0xfd784da5c740c617aafb80399fa81b86e1da99a5,0x795b88966464009128ec9e761ba93df72483b376aebb60c47090c333dc9ba1d3
152,1023,0.385671,0x06a79ee04dc23d006ae228b0ee890cb2d25b6ee8,2017-11-02T07:20:45.000Z,0.000377,0x03042ecca8071b8e256ab320432fee357634ab14,buy,0xfd784da5c740c617aafb80399fa81b86e1da99a5,0x3abe5b176335e3c286659d9cbe31bcaca6547e15b9e947ff1e891d6a1fa6149b
153,2047,0.767625,0x06a79ee04dc23d006ae228b0ee890cb2d25b6ee8,2017-11-02T07:20:02.000Z,0.000375,0x03042ecca8071b8e256ab320432fee357634ab14,buy,0xfd784da5c740c617aafb80399fa81b86e1da99a5,0x60053b63784174e6ed1e2e7eb842d4b58c19f09f82b4b12b92e803c2dc2b9652
154,1133,0.426008,0x06a79ee04dc23d006ae228b0ee890cb2d25b6ee8,2017-11-02T07:20:02.000Z,0.000376,0x03042ecca8071b8e256ab320432fee357634ab14,buy,0xfd784da5c740c617aafb80399fa81b86e1da99a5,0x47942670ffc0e2e77d601e6d5ad4a64e66651b8390dee481aa265d4232430df2
155,1346,0.5047498654,0x06a79ee04dc23d006ae228b0ee890cb2d25b6ee8,2017-11-02T07:20:02.000Z,0.0003749999,0x03042ecca8071b8e256ab320432fee357634ab14,buy,0xfd784da5c740c617aafb80399fa81b86e1da99a5,0x5cdf13664e7a772a85ec3a367332597f736e379741c08c799315023b306f7ee6
156,1001,0.378378,0x06a79ee04dc23d006ae228b0ee890cb2d25b6ee8,2017-11-02T07:10:35.000Z,0.000378,0x03042ecca8071b8e256ab320432fee357634ab14,buy,0xfd784da5c740c617aafb80399fa81b86e1da99a5,0x68db962d15677a6b932962353d39ec3ea4225ec991990eae42832f8a6d236e79
157,1001,0.3803798999,0x06a79ee04dc23d006ae228b0ee890cb2d25b6ee8,2017-11-02T07:10:35.000Z,0.0003799999,0x03042ecca8071b8e256ab320432fee357634ab14,buy,0xfd784da5c740c617aafb80399fa81b86e1da99a5,0x0b82779a5987e45c00b2300347e8199f045804cb589286f97137a734e86dce1d
158,1000,0.379,0x03042ecca8071b8e256ab320432fee357634ab14,2017-11-02T07:10:18.000Z,0.000379,0x06a79ee04dc23d006ae228b0ee890cb2d25b6ee8,buy,0xfd784da5c740c617aafb80399fa81b86e1da99a5,0xe478513f55eae29101c9c03ffe3a73ff23c4288318733279520f7561c9cd71d2
159,451,0.17007661,0x06a79ee04dc23d006ae228b0ee890cb2d25b6ee8,2017-11-02T07:10:18.000Z,0.00037711,0x5d09ca5c7c47cc9f275ed1b929fec1f4ca1d25c3,buy,0xfd784da5c740c617aafb80399fa81b86e1da99a5,0xe9998148bdfd27ae192a5847c7f2de6fd963d114702ea4634a294d2251570d1b
160,334,0.125584,0x06a79ee04dc23d006ae228b0ee890cb2d25b6ee8,2017-11-02T07:08:28.000Z,0.000376,0x5d09ca5c7c47cc9f275ed1b929fec1f4ca1d25c3,buy,0xfd784da5c740c617aafb80399fa81b86e1da99a5,0xc6c95a4b3eb966c115f11f04ea6f6977ad8a12ae9c326975ec319fec335cd475
161,313,0.0840718,0x06a79ee04dc23d006ae228b0ee890cb2d25b6ee8,2017-11-02T07:08:28.000Z,0.0002686,0x03042ecca8071b8e256ab320432fee357634ab14,sell,0xfd784da5c740c617aafb80399fa81b86e1da99a5,0x25ddb942055904cdffe5859a53cd458663834cbe0b2c8543f1c0a5b97496eedc
162,285,0.10659,0x06a79ee04dc23d006ae228b0ee890cb2d25b6ee8,2017-11-02T07:08:28.000Z,0.000374,0x5d09ca5c7c47cc9f275ed1b929fec1f4ca1d25c3,buy,0xfd784da5c740c617aafb80399fa81b86e1da99a5,0x62a2a77c012cb1eeef8226cf701efd5165985c24653a6cb3ad7196d45dab7b78
163,325,0.121875,0x06a79ee04dc23d006ae228b0ee890cb2d25b6ee8,2017-11-02T07:08:28.000Z,0.000375,0x5d09ca5c7c47cc9f275ed1b929fec1f4ca1d25c3,buy,0xfd784da5c740c617aafb80399fa81b86e1da99a5,0xcfe9dc78a5ef2424513c98c66bc82ffde3bfacb4aaaed36568fafbaa53f255e0
164,313,0.08412501,0x06a79ee04dc23d006ae228b0ee890cb2d25b6ee8,2017-11-02T07:08:28.000Z,0.00026877,0x03042ecca8071b8e256ab320432fee357634ab14,sell,0xfd784da5c740c617aafb80399fa81b86e1da99a5,0xfb63bfb71e108eaf8678a352ea376c21ca8cc64b80f3999e244112bfe5ebef5f
165,431,0.162487,0x06a79ee04dc23d006ae228b0ee890cb2d25b6ee8,2017-11-02T07:08:28.000Z,0.000377,0x5d09ca5c7c47cc9f275ed1b929fec1f4ca1d25c3,buy,0xfd784da5c740c617aafb80399fa81b86e1da99a5,0x8f133d5696ef2bc9a4dfdbceadbcc06f2a3c916f8c97b69d6aa4ddb918d5a6e7
166,134,0.03598034,0x06a79ee04dc23d006ae228b0ee890cb2d25b6ee8,2017-11-02T06:43:22.000Z,0.00026851,0x5d09ca5c7c47cc9f275ed1b929fec1f4ca1d25c3,sell,0xfd784da5c740c617aafb80399fa81b86e1da99a5,0x91d2132b172e1271fe2cbeb05a675d67dc9e743ede3ee4f425d5d40642a3addb
167,245,0.065807,0x06a79ee04dc23d006ae228b0ee890cb2d25b6ee8,2017-11-02T06:43:22.000Z,0.0002686,0x5d09ca5c7c47cc9f275ed1b929fec1f4ca1d25c3,sell,0xfd784da5c740c617aafb80399fa81b86e1da99a5,0xa7a73706717c7d2c49138b03ccad3a8270686fa6250d986d56401f6f371e543e
168,321,0.08625591,0x03042ecca8071b8e256ab320432fee357634ab14,2017-11-02T06:42:26.000Z,0.00026871,0x5d09ca5c7c47cc9f275ed1b929fec1f4ca1d25c3,sell,0xfd784da5c740c617aafb80399fa81b86e1da99a5,0xf4f22032d98284e1dfedfd8e006783ae975f2829e00d0abd3e37a47ecbb0ae7b
169,313,0.0841031,0x06a79ee04dc23d006ae228b0ee890cb2d25b6ee8,2017-11-02T06:42:26.000Z,0.0002687,0x5d09ca5c7c47cc9f275ed1b929fec1f4ca1d25c3,sell,0xfd784da5c740c617aafb80399fa81b86e1da99a5,0x8f4ec556c7a09bd0c06a4c8804b115a2d60a1b3602ee1658fbf2c3d44ddfe839
170,231,0.0620928,0x03042ecca8071b8e256ab320432fee357634ab14,2017-11-02T06:41:49.000Z,0.0002688,0x06a79ee04dc23d006ae228b0ee890cb2d25b6ee8,sell,0xfd784da5c740c617aafb80399fa81b86e1da99a5,0xdedcf158fec49c72146f3bfd998c8589a1c37e35af392d328a4a8aa3c3163690
171,330,0.0887073,0x03042ecca8071b8e256ab320432fee357634ab14,2017-11-02T06:40:55.000Z,0.00026881,0x06a79ee04dc23d006ae228b0ee890cb2d25b6ee8,sell,0xfd784da5c740c617aafb80399fa81b86e1da99a5,0x1ff227beabd118b92496c898ab34c31a71de26aad5f36fa676979fc131125495
172,220,0.059147,0x03042ecca8071b8e256ab320432fee357634ab14,2017-11-02T06:40:55.000Z,0.00026885,0x5d09ca5c7c47cc9f275ed1b929fec1f4ca1d25c3,sell,0xfd784da5c740c617aafb80399fa81b86e1da99a5,0x46efcddbe761a3410b48978e3d9cda2ff0bac50553bc7e5633189faea736edc8
173,220,0.059147,0x03042ecca8071b8e256ab320432fee357634ab14,2017-11-02T06:40:55.000Z,0.00026885,0x06a79ee04dc23d006ae228b0ee890cb2d25b6ee8,sell,0xfd784da5c740c617aafb80399fa81b86e1da99a5,0xb045f020dda4d29e366c84914b95bcfc2d8705c715dc47b6dd088eb6ff9fedc5
174,247,0.06632197,0x06a79ee04dc23d006ae228b0ee890cb2d25b6ee8,2017-11-02T06:34:55.000Z,0.00026851,0x5d09ca5c7c47cc9f275ed1b929fec1f4ca1d25c3,sell,0xfd784da5c740c617aafb80399fa81b86e1da99a5,0x50852d4414e1d29297da2910612a8609c987f114a534fcd1245b23881293a17f
175,312,0.0838032,0x06a79ee04dc23d006ae228b0ee890cb2d25b6ee8,2017-11-02T06:34:53.000Z,0.0002686,0x5d09ca5c7c47cc9f275ed1b929fec1f4ca1d25c3,sell,0xfd784da5c740c617aafb80399fa81b86e1da99a5,0x92ee0bdc4acc5a16a4e2303b292fb3842a07d13049e473850a8c3b34c38a8dd6
176,312,0.083809752,0x06a79ee04dc23d006ae228b0ee890cb2d25b6ee8,2017-11-02T06:34:24.000Z,0.000268621,0x5d09ca5c7c47cc9f275ed1b929fec1f4ca1d25c3,sell,0xfd784da5c740c617aafb80399fa81b86e1da99a5,0x5a244b4cf7adef200071a356cedd162a00c3518babac7408f988bd4044f549f6
177,312,0.0838032,0x06a79ee04dc23d006ae228b0ee890cb2d25b6ee8,2017-11-02T06:31:15.000Z,0.0002686,0x5d09ca5c7c47cc9f275ed1b929fec1f4ca1d25c3,sell,0xfd784da5c740c617aafb80399fa81b86e1da99a5,0xf46cc2660dd666d86abbd3c5ddaadddb0f1e6e93bffcb60c3100296a81cf801a
178,247,0.06634667,0x06a79ee04dc23d006ae228b0ee890cb2d25b6ee8,2017-11-02T06:31:04.000Z,0.00026861,0x5d09ca5c7c47cc9f275ed1b929fec1f4ca1d25c3,sell,0xfd784da5c740c617aafb80399fa81b86e1da99a5,0xbc462ad5205bb26e6231905e6f909d51e482a47045fcc71940cfa31c92499887
179,200,0.05370002,0x06a79ee04dc23d006ae228b0ee890cb2d25b6ee8,2017-11-02T06:30:24.000Z,0.0002685001,0x03042ecca8071b8e256ab320432fee357634ab14,sell,0xfd784da5c740c617aafb80399fa81b86e1da99a5,0x2389dfbcf3fcfa134d7e0538e03d6a9406cf2897bc9438c5a1f57b748a5e3911
180,1000,0.384,0x03042ecca8071b8e256ab320432fee357634ab14,2017-11-02T06:27:41.000Z,0.000384,0x06a79ee04dc23d006ae228b0ee890cb2d25b6ee8,buy,0xfd784da5c740c617aafb80399fa81b86e1da99a5,0x1f622c1681990b6514dcd1c74c86195e6214f62c93ecc2f2934ebe161531229e
181,1000,0.383,0x03042ecca8071b8e256ab320432fee357634ab14,2017-11-02T06:27:41.000Z,0.000383,0x06a79ee04dc23d006ae228b0ee890cb2d25b6ee8,buy,0xfd784da5c740c617aafb80399fa81b86e1da99a5,0x660e919336d280352fccd1842ead60f072734d181519e603682839e598e0ef99
182,1000,0.385,0x03042ecca8071b8e256ab320432fee357634ab14,2017-11-02T06:27:19.000Z,0.000385,0x06a79ee04dc23d006ae228b0ee890cb2d25b6ee8,buy,0xfd784da5c740c617aafb80399fa81b86e1da99a5,0xdd2c802d3a33f5aba05958e9dc73c80df3bd26e61a449f3d361c5497a83d2ff0
183,1000,0.386,0x03042ecca8071b8e256ab320432fee357634ab14,2017-11-02T06:25:20.000Z,0.000386,0x06a79ee04dc23d006ae228b0ee890cb2d25b6ee8,buy,0xfd784da5c740c617aafb80399fa81b86e1da99a5,0x1467f462d1f67397104ab163a28ff5e8148b21c518e5e272175b79ed53338a33
184,200,0.05360002,0x03042ecca8071b8e256ab320432fee357634ab14,2017-11-02T04:03:06.000Z,0.0002680001,0xf0699994eb82b56abcf3b9eda6e2790bbb462d44,sell,0xfd784da5c740c617aafb80399fa81b86e1da99a5,0x47385bd39ea43be389a95a033dfd01b94eeee331b4f9df5b49962c37858ff8fc
185,231,0.0619080231,0x03042ecca8071b8e256ab320432fee357634ab14,2017-11-02T03:19:26.000Z,0.0002680001,0x06a79ee04dc23d006ae228b0ee890cb2d25b6ee8,sell,0xfd784da5c740c617aafb80399fa81b86e1da99a5,0xd9d82aafe88fce5302bc7215c33e7ebadf05858266f4d32dfd26ac4da00f1ee2
186,250,0.067000025,0x03042ecca8071b8e256ab320432fee357634ab14,2017-11-02T03:01:54.000Z,0.0002680001,0x06a79ee04dc23d006ae228b0ee890cb2d25b6ee8,sell,0xfd784da5c740c617aafb80399fa81b86e1da99a5,0x25729a52cee33bdc693b29678d71fc19d3fdaf699310d95bdaaaa1c08cc7e7b5
187,100,0.02680002,0x03042ecca8071b8e256ab320432fee357634ab14,2017-11-02T02:55:20.000Z,0.0002680002,0x06a79ee04dc23d006ae228b0ee890cb2d25b6ee8,sell,0xfd784da5c740c617aafb80399fa81b86e1da99a5,0x6a544d4cc11133e593bdd981154fbcc4f500ec40ea8854dfa656dc763eadcfa5
188,400,0.10724,0x667938315d19f8ec5cb5827744be0eb878a39cf3,2017-11-02T02:53:34.000Z,0.0002681,0xf0699994eb82b56abcf3b9eda6e2790bbb462d44,sell,0xfd784da5c740c617aafb80399fa81b86e1da99a5,0x463faafda17fbcf245ef474d1b02ed4ebf0d760d9b24b928fd649edc402d9fe7
189,101,0.0270781101,0x06a79ee04dc23d006ae228b0ee890cb2d25b6ee8,2017-11-02T02:52:39.000Z,0.0002681001,0xf0699994eb82b56abcf3b9eda6e2790bbb462d44,sell,0xfd784da5c740c617aafb80399fa81b86e1da99a5,0xc5c9794c31d7783c7edad43d7f562752b04bfd25e412c74ce8b79288f05f6f69
190,1000,0.2682,0x6d4afbd1c80c0b908ce050c4885b980df7aa1b22,2017-11-02T02:23:39.000Z,0.0002682,0xf0699994eb82b56abcf3b9eda6e2790bbb462d44,sell,0xfd784da5c740c617aafb80399fa81b86e1da99a5,0xc03b4323742c8c60da0c3055bf9afe83add0841a01bcbf63cc68284803007d7d
191,1000,0.2683,0xa109f942950dafa765507db55df70fbd7b4054bc,2017-11-02T02:23:24.000Z,0.0002683,0xf0699994eb82b56abcf3b9eda6e2790bbb462d44,sell,0xfd784da5c740c617aafb80399fa81b86e1da99a5,0xbffea98cbe9f69f8c62fd6205a71c6bd31a8508b019366d6322d53e69f9be4ca
192,1,0.00039,0x5d09ca5c7c47cc9f275ed1b929fec1f4ca1d25c3,2017-11-02T01:43:58.000Z,0.00039,0x06a79ee04dc23d006ae228b0ee890cb2d25b6ee8,buy,0xfd784da5c740c617aafb80399fa81b86e1da99a5,0x161a23ae70ffe333247c52c9bc215d60a9881e3535ddd1ecebab2c1ab7e0e17b
193,500,0.19,0x5d09ca5c7c47cc9f275ed1b929fec1f4ca1d25c3,2017-11-02T01:35:43.000Z,0.00038,0x03042ecca8071b8e256ab320432fee357634ab14,buy,0xfd784da5c740c617aafb80399fa81b86e1da99a5,0xcbb053f3c96c1189ce1f4d53f3748a5647f8bdee04b95fd596a6686c03aac437
194,1000,0.38,0x5d09ca5c7c47cc9f275ed1b929fec1f4ca1d25c3,2017-11-02T01:34:02.000Z,0.00038,0x03042ecca8071b8e256ab320432fee357634ab14,buy,0xfd784da5c740c617aafb80399fa81b86e1da99a5,0x1fdb18f2718d1091f7899e085b83fe55a6dcec5284e84494ebdff1e26a116ca5
195,800,0.304,0x06a79ee04dc23d006ae228b0ee890cb2d25b6ee8,2017-11-02T01:32:35.000Z,0.00038,0x03042ecca8071b8e256ab320432fee357634ab14,buy,0xfd784da5c740c617aafb80399fa81b86e1da99a5,0x9a582c0c37a3bec5d164e1ab6175b7e7c381c51658088da05257cde6fac523c5
196,2000,0.76,0x06a79ee04dc23d006ae228b0ee890cb2d25b6ee8,2017-11-02T01:32:03.000Z,0.00038,0x03042ecca8071b8e256ab320432fee357634ab14,buy,0xfd784da5c740c617aafb80399fa81b86e1da99a5,0x35965dd4bc080fb3fd62f7be9e254d1293cd8900c4ed4bcafd40c133c979c21c
197,500,0.195,0x06a79ee04dc23d006ae228b0ee890cb2d25b6ee8,2017-11-02T01:27:28.000Z,0.00039,0x03042ecca8071b8e256ab320432fee357634ab14,buy,0xfd784da5c740c617aafb80399fa81b86e1da99a5,0x359cf28ac166f159bc049912705115e89084786aeb3663259a41588cfa4f3a4f
198,3000,1.14,0x03042ecca8071b8e256ab320432fee357634ab14,2017-11-02T01:12:56.000Z,0.00038,0x06a79ee04dc23d006ae228b0ee890cb2d25b6ee8,buy,0xfd784da5c740c617aafb80399fa81b86e1da99a5,0x0aacf6c1b1399b8c7284776a86783624e7f13ff2397b55ffede60745694bb04a
199,300,0.114,0x06a79ee04dc23d006ae228b0ee890cb2d25b6ee8,2017-11-02T01:08:04.000Z,0.00038,0x06a79ee04dc23d006ae228b0ee890cb2d25b6ee8,buy,0xfd784da5c740c617aafb80399fa81b86e1da99a5,0x43cfa76b44d651cd5d1166ee9adc027617e9feb869502ac5fc7fc8c6423d288f
200,2000,0.74,0x06a79ee04dc23d006ae228b0ee890cb2d25b6ee8,2017-11-02T01:04:54.000Z,0.00037,0x03042ecca8071b8e256ab320432fee357634ab14,buy,0xfd784da5c740c617aafb80399fa81b86e1da99a5,0x0b5efbadc8154e626a5b015d525b460bde16169f9cf5f416d90e9e4a499cf27e
201,3000,1.11,0x06a79ee04dc23d006ae228b0ee890cb2d25b6ee8,2017-11-02T01:02:51.000Z,0.00037,0x03042ecca8071b8e256ab320432fee357634ab14,buy,0xfd784da5c740c617aafb80399fa81b86e1da99a5,0x84251ccdc5d2a352a79ee29b966dd53d218b6c41ee82a6be91fac4b2f9974576
202,400,0.12,0xc297ce89eb439223c078dc3f8f89d886de014e52,2017-11-02T01:01:54.000Z,0.0003,0xf0699994eb82b56abcf3b9eda6e2790bbb462d44,sell,0xfd784da5c740c617aafb80399fa81b86e1da99a5,0x55665348628515b0ad5c8415cd2e2d81f69fea00935ffed67cb5580e062aa188
203,100,0.031,0xd24ebc32bd6645cc03fd45bf81446ac7e05acdb3,2017-11-02T01:00:43.000Z,0.00031,0xf0699994eb82b56abcf3b9eda6e2790bbb462d44,sell,0xfd784da5c740c617aafb80399fa81b86e1da99a5,0x6b0f53e8ccfd45bc559c204f1d1101b0c955aacd4732caa1273e63709d9e8118
204,1000,0.31,0xa109f942950dafa765507db55df70fbd7b4054bc,2017-11-02T01:00:22.000Z,0.00031,0xf0699994eb82b56abcf3b9eda6e2790bbb462d44,sell,0xfd784da5c740c617aafb80399fa81b86e1da99a5,0x40964953cd03aff079fa19fb3b044bda0a2c5d3b029efc08ba03261fb6eb487e
205,163.742,0.05239744,0x667938315d19f8ec5cb5827744be0eb878a39cf3,2017-11-02T01:00:17.000Z,0.00032,0xf0699994eb82b56abcf3b9eda6e2790bbb462d44,sell,0xfd784da5c740c617aafb80399fa81b86e1da99a5,0xeb9890e566babd3edfea9532408a36414c37b0d6ca8d610e744c965d30f2b072
206,700,0.266,0x06a79ee04dc23d006ae228b0ee890cb2d25b6ee8,2017-11-02T00:57:20.000Z,0.00038,0x06a79ee04dc23d006ae228b0ee890cb2d25b6ee8,buy,0xfd784da5c740c617aafb80399fa81b86e1da99a5,0xcd5f75b36fdc3c84af5c3a718277f9945b77da3a737d91b9da89389041a56ca4
207,2000,0.74,0x06a79ee04dc23d006ae228b0ee890cb2d25b6ee8,2017-11-02T00:54:21.000Z,0.00037,0x03042ecca8071b8e256ab320432fee357634ab14,buy,0xfd784da5c740c617aafb80399fa81b86e1da99a5,0xd6e7b6741ad89664525674457572329ac03308f56cff40296d2c3b44899f7afd
208,300,0.111,0x06a79ee04dc23d006ae228b0ee890cb2d25b6ee8,2017-11-02T00:52:31.000Z,0.00037,0x03042ecca8071b8e256ab320432fee357634ab14,buy,0xfd784da5c740c617aafb80399fa81b86e1da99a5,0x60df6328a42f752fdc0addd36ea22ad86aefca85a8d90f9f02dc40774080c32f
209,2200,0.814,0x06a79ee04dc23d006ae228b0ee890cb2d25b6ee8,2017-11-02T00:50:49.000Z,0.00037,0x03042ecca8071b8e256ab320432fee357634ab14,buy,0xfd784da5c740c617aafb80399fa81b86e1da99a5,0x737f5c2b6f0efa3c9a77710c5c29a7dc0b192b2cc757a4b3bacafc4f6412431a
210,2300,0.874,0x03042ecca8071b8e256ab320432fee357634ab14,2017-11-02T00:46:28.000Z,0.00038,0x06a79ee04dc23d006ae228b0ee890cb2d25b6ee8,buy,0xfd784da5c740c617aafb80399fa81b86e1da99a5,0x7321f2c101f72ae9299fe13a8be66d694522778bcfef19280e5bf52186cd1dfc
211,1900,0.7391,0x03042ecca8071b8e256ab320432fee357634ab14,2017-11-02T00:43:21.000Z,0.000389,0x06a79ee04dc23d006ae228b0ee890cb2d25b6ee8,buy,0xfd784da5c740c617aafb80399fa81b86e1da99a5,0x885457ad70c8dd02c97445ad4507c1ac4235a9245bcc19896a0053af1e4e9549
212,400,0.152,0x06a79ee04dc23d006ae228b0ee890cb2d25b6ee8,2017-11-02T00:37:50.000Z,0.00038,0x03042ecca8071b8e256ab320432fee357634ab14,buy,0xfd784da5c740c617aafb80399fa81b86e1da99a5,0xc5ed44a4a8845fc7e29eb60903607ed97c9187db58465618cd79431004747e5f
213,900,0.315,0x03042ecca8071b8e256ab320432fee357634ab14,2017-11-02T00:34:26.000Z,0.00035,0x06a79ee04dc23d006ae228b0ee890cb2d25b6ee8,buy,0xfd784da5c740c617aafb80399fa81b86e1da99a5,0x18b44b04b3f0e3673b4fa1d3182fbbf65ed4ea87b1e858827a7b5d30ec948703
214,500,0.185,0x06a79ee04dc23d006ae228b0ee890cb2d25b6ee8,2017-11-02T00:34:07.000Z,0.00037,0x03042ecca8071b8e256ab320432fee357634ab14,buy,0xfd784da5c740c617aafb80399fa81b86e1da99a5,0x2f07a6d4c589e2a69c9a79411fa8f0ebd1bb945a454c809440147d1df958c91d
215,336.25760143,0.1076024324576,0x667938315d19f8ec5cb5827744be0eb878a39cf3,2017-11-02T00:28:39.000Z,0.00032,0xf771b8f17435574569a2c8ab0b835ec3b57ded76,sell,0xfd784da5c740c617aafb80399fa81b86e1da99a5,0xff24290436834a8cbf45a0a5ae697698d824e1f64037db650a1b5b80a244bdde
216,900,0.306,0xa109f942950dafa765507db55df70fbd7b4054bc,2017-11-02T00:26:57.000Z,0.00034,0xf771b8f17435574569a2c8ab0b835ec3b57ded76,sell,0xfd784da5c740c617aafb80399fa81b86e1da99a5,0x0ba0abec2379cd4ad93359637b64aa887dcadf16824ff9e6c655bef69a852405
217,900,0.333,0x06a79ee04dc23d006ae228b0ee890cb2d25b6ee8,2017-11-02T00:10:23.000Z,0.00037,0x03042ecca8071b8e256ab320432fee357634ab14,buy,0xfd784da5c740c617aafb80399fa81b86e1da99a5,0x1449047386a59b63b1a1853a62fc7725c91e4dbca6895357411eb010cdc7a2aa
218,3400,1.292,0x06a79ee04dc23d006ae228b0ee890cb2d25b6ee8,2017-11-02T00:09:15.000Z,0.00038,0x03042ecca8071b8e256ab320432fee357634ab14,buy,0xfd784da5c740c617aafb80399fa81b86e1da99a5,0xbe86c85faad03dfd5c8a6eea55658a569c389d39a146578d26cd468aa6902ddf
219,100,0.034,0xa109f942950dafa765507db55df70fbd7b4054bc,2017-11-02T00:03:02.000Z,0.00034,0x06a79ee04dc23d006ae228b0ee890cb2d25b6ee8,sell,0xfd784da5c740c617aafb80399fa81b86e1da99a5,0x079694f67f9f403dba6773683347f9a642e9269f962e017e9637cec56072eee3
220,1000,0.38,0x03042ecca8071b8e256ab320432fee357634ab14,2017-11-02T00:02:25.000Z,0.00038,0x06a79ee04dc23d006ae228b0ee890cb2d25b6ee8,buy,0xfd784da5c740c617aafb80399fa81b86e1da99a5,0x8010462175b484dcfa1c4c9f2fdf3c4897adb264e6b8e0fd0722623986421672
221,800,0.288,0x03042ecca8071b8e256ab320432fee357634ab14,2017-11-02T00:01:12.000Z,0.00036,0x06a79ee04dc23d006ae228b0ee890cb2d25b6ee8,buy,0xfd784da5c740c617aafb80399fa81b86e1da99a5,0xa4d7b92aa8d1adb00ecf13ecc9dae2e29b11f0109b5531d6cfd854b72761648a
222,1100,0.396,0x03042ecca8071b8e256ab320432fee357634ab14,2017-11-01T23:58:59.000Z,0.00036,0x06a79ee04dc23d006ae228b0ee890cb2d25b6ee8,buy,0xfd784da5c740c617aafb80399fa81b86e1da99a5,0xd019bf1577cb9f1f783c5c9adab1a1996f9118befaa3dd5c79d6bc022b87e96a
223,1900,0.665,0x03042ecca8071b8e256ab320432fee357634ab14,2017-11-01T23:57:25.000Z,0.00035,0x06a79ee04dc23d006ae228b0ee890cb2d25b6ee8,buy,0xfd784da5c740c617aafb80399fa81b86e1da99a5,0xc857a9a9e6caf39ce4711331a11eb9a94aba9b0d9e23bd2618d6bc2daa5d1d2d
224,900,0.333,0x03042ecca8071b8e256ab320432fee357634ab14,2017-11-01T23:46:38.000Z,0.00037,0x06a79ee04dc23d006ae228b0ee890cb2d25b6ee8,buy,0xfd784da5c740c617aafb80399fa81b86e1da99a5,0x6731ab96275e59a9b6b0b8d77cb50b6fc0a88645e30373e1963b46d7cf436865
225,300,0.11097,0x03042ecca8071b8e256ab320432fee357634ab14,2017-11-01T23:44:18.000Z,0.0003699,0x06a79ee04dc23d006ae228b0ee890cb2d25b6ee8,buy,0xfd784da5c740c617aafb80399fa81b86e1da99a5,0xd547d70a6f9eb9c05ca5ff54834cc55a0b54b313f2ae059bb482eac273e29d71
226,500,0.185,0x03042ecca8071b8e256ab320432fee357634ab14,2017-11-01T23:37:43.000Z,0.00037,0x06a79ee04dc23d006ae228b0ee890cb2d25b6ee8,buy,0xfd784da5c740c617aafb80399fa81b86e1da99a5,0x6e8cd79a6cd0797f320b551d921a99c71f5f85ba63e1913bcf865299402dc55e
227,300,0.111,0x03042ecca8071b8e256ab320432fee357634ab14,2017-11-01T23:35:23.000Z,0.00037,0x06a79ee04dc23d006ae228b0ee890cb2d25b6ee8,buy,0xfd784da5c740c617aafb80399fa81b86e1da99a5,0x8cf8e6d7b2d58fbe5739788f3d8a3b244ea7e283e0ecef7e621eebed37a60242
228,200,0.076,0x03042ecca8071b8e256ab320432fee357634ab14,2017-11-01T23:30:59.000Z,0.00038,0x06a79ee04dc23d006ae228b0ee890cb2d25b6ee8,buy,0xfd784da5c740c617aafb80399fa81b86e1da99a5,0x7619fb1fd3a0e893687719fe45a963fa79b4f08debfd0fa31d136a6f9f33f3e1
229,300,0.114,0x03042ecca8071b8e256ab320432fee357634ab14,2017-11-01T23:20:52.000Z,0.00038,0x06a79ee04dc23d006ae228b0ee890cb2d25b6ee8,buy,0xfd784da5c740c617aafb80399fa81b86e1da99a5,0x0fb5c555c74df4df2582338044ed24b37c1b57989e7eea45179613a41591ae76
230,350,0.1295,0x03042ecca8071b8e256ab320432fee357634ab14,2017-11-01T23:08:52.000Z,0.00037,0x06a79ee04dc23d006ae228b0ee890cb2d25b6ee8,buy,0xfd784da5c740c617aafb80399fa81b86e1da99a5,0x73ae13fde275cdece45bd78d54f614821855b1c85240a5b3845b13abc758faf4
231,200,0.072,0x03042ecca8071b8e256ab320432fee357634ab14,2017-11-01T23:02:34.000Z,0.00036,0x06a79ee04dc23d006ae228b0ee890cb2d25b6ee8,buy,0xfd784da5c740c617aafb80399fa81b86e1da99a5,0x3619abadd8b92e5580a85f722ac9d5416ecc15670e12c6b62aaa98e399d198e0
232,100,0.036,0x03042ecca8071b8e256ab320432fee357634ab14,2017-11-01T22:53:31.000Z,0.00036,0x06a79ee04dc23d006ae228b0ee890cb2d25b6ee8,sell,0xfd784da5c740c617aafb80399fa81b86e1da99a5,0xd0d3aec98897bf1b9eb76878d956fc2d067b75a3d985b48b4bed9020b1ee1e86
233,350,0.133,0x03042ecca8071b8e256ab320432fee357634ab14,2017-11-01T22:52:35.000Z,0.00038,0x06a79ee04dc23d006ae228b0ee890cb2d25b6ee8,buy,0xfd784da5c740c617aafb80399fa81b86e1da99a5,0xe4c092a2f337f86339e82dfdcaf04fcdd4ca4f612d83e062c196d61b3f87f0e8
234,850,0.33915,0x03042ecca8071b8e256ab320432fee357634ab14,2017-11-01T22:51:57.000Z,0.000399,0x06a79ee04dc23d006ae228b0ee890cb2d25b6ee8,buy,0xfd784da5c740c617aafb80399fa81b86e1da99a5,0xb5af9bd563f9d89b1f33eb1087c53ab30a8318c7b57ea478375891d80e0ad227
235,550,0.21945,0x03042ecca8071b8e256ab320432fee357634ab14,2017-11-01T22:49:44.000Z,0.000399,0x06a79ee04dc23d006ae228b0ee890cb2d25b6ee8,buy,0xfd784da5c740c617aafb80399fa81b86e1da99a5,0x9ce7081a9a3ae1a02cb24e1ab217080937c4cc6ae38b190c1e31a5fa59d67776
236,100,0.036,0x03042ecca8071b8e256ab320432fee357634ab14,2017-11-01T22:44:36.000Z,0.00036,0x06a79ee04dc23d006ae228b0ee890cb2d25b6ee8,sell,0xfd784da5c740c617aafb80399fa81b86e1da99a5,0x071130c8bc838c2c2c6c76d2fca0691ff63839eac9671247651b9898f50a9cd0
237,1200,0.4776,0x06a79ee04dc23d006ae228b0ee890cb2d25b6ee8,2017-11-01T22:39:54.000Z,0.000398,0x03042ecca8071b8e256ab320432fee357634ab14,buy,0xfd784da5c740c617aafb80399fa81b86e1da99a5,0x7d7b287f8d15c6ba98cb8c35ac50f10f73686aec6d6376c26c21076107cfb26e
238,2200,0.8756,0x06a79ee04dc23d006ae228b0ee890cb2d25b6ee8,2017-11-01T22:35:47.000Z,0.000398,0x03042ecca8071b8e256ab320432fee357634ab14,buy,0xfd784da5c740c617aafb80399fa81b86e1da99a5,0xc14d501030829df8b28d5bd0cc64a37684f62279b2c772d14a3fc2ac0c5975ea
239,500,0.199,0x06a79ee04dc23d006ae228b0ee890cb2d25b6ee8,2017-11-01T22:28:00.000Z,0.000398,0x03042ecca8071b8e256ab320432fee357634ab14,buy,0xfd784da5c740c617aafb80399fa81b86e1da99a5,0xd1261807098c140ee6c57d694f91c110453c878c90b447ec7a9532174c5558b4
240,900,0.3582,0x06a79ee04dc23d006ae228b0ee890cb2d25b6ee8,2017-11-01T22:26:07.000Z,0.000398,0x03042ecca8071b8e256ab320432fee357634ab14,buy,0xfd784da5c740c617aafb80399fa81b86e1da99a5,0xdfb258730ff890b3d8f258a89d74e90d75515504a58a3d29c25341d78943a999
241,400,0.1592,0x06a79ee04dc23d006ae228b0ee890cb2d25b6ee8,2017-11-01T22:24:44.000Z,0.000398,0x03042ecca8071b8e256ab320432fee357634ab14,buy,0xfd784da5c740c617aafb80399fa81b86e1da99a5,0x2237eaf2f5e822c9dd31aed419bd7cc34b3cf3c95730152e43ddb96f49f5a5e5
242,4005,1.59399,0x06a79ee04dc23d006ae228b0ee890cb2d25b6ee8,2017-11-01T22:20:36.000Z,0.000398,0x03042ecca8071b8e256ab320432fee357634ab14,buy,0xfd784da5c740c617aafb80399fa81b86e1da99a5,0x63806cb83dd7582f163de2a87317984a7f4ec5f56c87e61cd45f03ca74eb26ec
243,3000,1.197,0x06a79ee04dc23d006ae228b0ee890cb2d25b6ee8,2017-11-01T22:17:06.000Z,0.000399,0x03042ecca8071b8e256ab320432fee357634ab14,buy,0xfd784da5c740c617aafb80399fa81b86e1da99a5,0x270d196f212af7225486d0a719ae1dece4a8a958be2a6e48ecfae894b97376a6
244,100,0.036,0x03042ecca8071b8e256ab320432fee357634ab14,2017-11-01T22:14:04.000Z,0.00036,0x06a79ee04dc23d006ae228b0ee890cb2d25b6ee8,sell,0xfd784da5c740c617aafb80399fa81b86e1da99a5,0x8db08727d1606c9053cb76b2c17e2fc16330a20e07698c4d1729d43005873b43
245,300,0.12,0x06a79ee04dc23d006ae228b0ee890cb2d25b6ee8,2017-11-01T22:11:26.000Z,0.0004,0x03042ecca8071b8e256ab320432fee357634ab14,buy,0xfd784da5c740c617aafb80399fa81b86e1da99a5,0xaba19231fbfb2ab9e69554bacc4019964340f696fa9447e46f271031a3064753
246,287.619,0.1137533145,0x03042ecca8071b8e256ab320432fee357634ab14,2017-11-01T21:43:09.000Z,0.0003955,0x06a79ee04dc23d006ae228b0ee890cb2d25b6ee8,buy,0xfd784da5c740c617aafb80399fa81b86e1da99a5,0x1bc1c9f5c17c2ef2ec07bff07d9a7ff88eddcb9d5cf5ec3d4688e7411aec59ba
247,72.381,0.0284312568,0x03042ecca8071b8e256ab320432fee357634ab14,2017-11-01T21:42:23.000Z,0.0003928,0x06a79ee04dc23d006ae228b0ee890cb2d25b6ee8,buy,0xfd784da5c740c617aafb80399fa81b86e1da99a5,0xc7026a476eea75d69ee7dc8573377b644e9592562874c1bace833b34da1f5d55
248,160,0.0656,0x06a79ee04dc23d006ae228b0ee890cb2d25b6ee8,2017-11-01T21:40:18.000Z,0.00041,0x03042ecca8071b8e256ab320432fee357634ab14,buy,0xfd784da5c740c617aafb80399fa81b86e1da99a5,0xc6917ff57e0c2700276d01814af9cb73a0722810c776d5f6243413826b70bd1f
249,200,0.078,0x06a79ee04dc23d006ae228b0ee890cb2d25b6ee8,2017-11-01T21:40:09.000Z,0.00039,0x03042ecca8071b8e256ab320432fee357634ab14,buy,0xfd784da5c740c617aafb80399fa81b86e1da99a5,0xa26d16b1761c0acc5141bac81798219d0617024a0c5f8c4b814e8b5766f5b260
250,432,0.1696896,0x03042ecca8071b8e256ab320432fee357634ab14,2017-11-01T21:33:47.000Z,0.0003928,0x06a79ee04dc23d006ae228b0ee890cb2d25b6ee8,buy,0xfd784da5c740c617aafb80399fa81b86e1da99a5,0x95875d299ddbe7d3def8f26c3b5ec23b84170f19733dc18726fdbe6feb540b55
251,200,0.0826,0x06a79ee04dc23d006ae228b0ee890cb2d25b6ee8,2017-11-01T21:32:51.000Z,0.000413,0x03042ecca8071b8e256ab320432fee357634ab14,buy,0xfd784da5c740c617aafb80399fa81b86e1da99a5,0x3e13bc4624e5163638ba1c00d29a04d024e594d4ec23b9a7bc0d07f0ab457431
252,232,0.09396,0x06a79ee04dc23d006ae228b0ee890cb2d25b6ee8,2017-11-01T21:32:09.000Z,0.000405,0x03042ecca8071b8e256ab320432fee357634ab14,buy,0xfd784da5c740c617aafb80399fa81b86e1da99a5,0xbf5a80ffbe11f3edbe080b4689fd843ce101cb21e3ddd4bfe583898881953639
253,45.61899999,0.017919143196072,0x03042ecca8071b8e256ab320432fee357634ab14,2017-11-01T21:31:36.000Z,0.0003928,0x06a79ee04dc23d006ae228b0ee890cb2d25b6ee8,buy,0xfd784da5c740c617aafb80399fa81b86e1da99a5,0x0f2b74372495cc30bc77385e7b0d38cab0323f0b62877848b3dafd5adaa7a904
254,800,0.312,0x03042ecca8071b8e256ab320432fee357634ab14,2017-11-01T21:30:23.000Z,0.00039,0x06a79ee04dc23d006ae228b0ee890cb2d25b6ee8,buy,0xfd784da5c740c617aafb80399fa81b86e1da99a5,0x0f732c9813914949d163f3350317b570bcc597910c356184883012351c2677be
255,700,0.2904916,0x03042ecca8071b8e256ab320432fee357634ab14,2017-11-01T21:25:06.000Z,0.000414988,0x06a79ee04dc23d006ae228b0ee890cb2d25b6ee8,buy,0xfd784da5c740c617aafb80399fa81b86e1da99a5,0x94c4c0865a0766caf361b825e0cf572f84d4dcb1bf54788203d294fb4714d423
256,500,0.2074875,0x03042ecca8071b8e256ab320432fee357634ab14,2017-11-01T21:24:23.000Z,0.000414975,0x06a79ee04dc23d006ae228b0ee890cb2d25b6ee8,buy,0xfd784da5c740c617aafb80399fa81b86e1da99a5,0xdebdc0a0984f6e5ad7169e819371294f81d618ccc2ee52df3217fb009734b28a
257,300,0.1244796,0x03042ecca8071b8e256ab320432fee357634ab14,2017-11-01T21:23:46.000Z,0.000414932,0x06a79ee04dc23d006ae228b0ee890cb2d25b6ee8,buy,0xfd784da5c740c617aafb80399fa81b86e1da99a5,0x845c841cab2ab2f9448d9256b62c80406439bc8dd6fac96df006c62216a3aa48
258,1000,0.414955,0x03042ecca8071b8e256ab320432fee357634ab14,2017-11-01T21:23:39.000Z,0.000414955,0x06a79ee04dc23d006ae228b0ee890cb2d25b6ee8,buy,0xfd784da5c740c617aafb80399fa81b86e1da99a5,0x51a57842b9e21519e3f6e9788b3e2aa849319123778a2a78c76e588972cf108a
259,277,0.11494946,0x06a79ee04dc23d006ae228b0ee890cb2d25b6ee8,2017-11-01T21:21:14.000Z,0.00041498,0x03042ecca8071b8e256ab320432fee357634ab14,buy,0xfd784da5c740c617aafb80399fa81b86e1da99a5,0x939bc12e157bf8c9f32c1019ac5616d254a6b283b8adf223b6370dcd2146746d
260,160,0.0648,0x06a79ee04dc23d006ae228b0ee890cb2d25b6ee8,2017-11-01T21:20:09.000Z,0.000405,0x03042ecca8071b8e256ab320432fee357634ab14,buy,0xfd784da5c740c617aafb80399fa81b86e1da99a5,0x76b94b998772f2c9cadd7ac61089c5ca38e448c6f464d970d9f4bed75b8583f6
261,170,0.05576,0x03042ecca8071b8e256ab320432fee357634ab14,2017-11-01T21:18:54.000Z,0.000328,0x06a79ee04dc23d006ae228b0ee890cb2d25b6ee8,buy,0xfd784da5c740c617aafb80399fa81b86e1da99a5,0xa911fdbff50c451d9c4147e1799ce2623e8288cb3a9a78e71b9f3974732fb32f
262,430,0.140008,0x03042ecca8071b8e256ab320432fee357634ab14,2017-11-01T21:18:39.000Z,0.0003256,0x06a79ee04dc23d006ae228b0ee890cb2d25b6ee8,buy,0xfd784da5c740c617aafb80399fa81b86e1da99a5,0x6154b349d65310f69a214da83689d277c929671566ad0931e7c3c18e5239a565
263,260,0.084058,0x03042ecca8071b8e256ab320432fee357634ab14,2017-11-01T21:18:15.000Z,0.0003233,0x06a79ee04dc23d006ae228b0ee890cb2d25b6ee8,buy,0xfd784da5c740c617aafb80399fa81b86e1da99a5,0x52d53ca76947cf90136a30cbacccfcbed6cbe82c4a5e9b16d28ab9a8945f8956
264,200,0.06376,0x03042ecca8071b8e256ab320432fee357634ab14,2017-11-01T21:16:53.000Z,0.0003188,0x06a79ee04dc23d006ae228b0ee890cb2d25b6ee8,buy,0xfd784da5c740c617aafb80399fa81b86e1da99a5,0x9f6b5445fab5216d12687a0483d352fbd6010f160ef7de84b3201f1944fc9465
265,160,0.0528,0x03042ecca8071b8e256ab320432fee357634ab14,2017-11-01T21:14:51.000Z,0.00033,0x06a79ee04dc23d006ae228b0ee890cb2d25b6ee8,buy,0xfd784da5c740c617aafb80399fa81b86e1da99a5,0x5151e0063ac98a41e1517b59f6618b37e072904036b012710853e72faa9f11e3
266,330,0.10824,0x03042ecca8071b8e256ab320432fee357634ab14,2017-11-01T21:14:17.000Z,0.000328,0x06a79ee04dc23d006ae228b0ee890cb2d25b6ee8,buy,0xfd784da5c740c617aafb80399fa81b86e1da99a5,0x354dba0ce068355f5b014ffafe43470dba155f23452fa50e6afc48c0f3df746b
267,200,0.064,0x03042ecca8071b8e256ab320432fee357634ab14,2017-11-01T21:13:52.000Z,0.00032,0x06a79ee04dc23d006ae228b0ee890cb2d25b6ee8,buy,0xfd784da5c740c617aafb80399fa81b86e1da99a5,0x51da5e7e2713bdbe3ae294736c934bb9f761f518436262b577c0af2d75cb74ec
268,500,0.1625,0x03042ecca8071b8e256ab320432fee357634ab14,2017-11-01T21:13:52.000Z,0.000325,0x06a79ee04dc23d006ae228b0ee890cb2d25b6ee8,buy,0xfd784da5c740c617aafb80399fa81b86e1da99a5,0xba0fc8e857bebbc03b605528be75daf01339f375e4a3114a8be67ade5aabdbdd
269,210,0.08316,0x03042ecca8071b8e256ab320432fee357634ab14,2017-11-01T21:10:15.000Z,0.000396,0x06a79ee04dc23d006ae228b0ee890cb2d25b6ee8,buy,0xfd784da5c740c617aafb80399fa81b86e1da99a5,0x58a5bfcd3ddd229a7563146234266561cbe8c470c9adf3dc652d5877909e0349
270,188,0.06204,0x03042ecca8071b8e256ab320432fee357634ab14,2017-11-01T21:09:09.000Z,0.00033,0x06a79ee04dc23d006ae228b0ee890cb2d25b6ee8,buy,0xfd784da5c740c617aafb80399fa81b86e1da99a5,0x2eda3e70421a26035890560ee19259aa9e03311408e0c6f4bda3fa2ac7fa3e73
271,220,0.0748,0x03042ecca8071b8e256ab320432fee357634ab14,2017-11-01T21:09:09.000Z,0.00034,0x06a79ee04dc23d006ae228b0ee890cb2d25b6ee8,buy,0xfd784da5c740c617aafb80399fa81b86e1da99a5,0x47ab2977775bac1855beddc00109de3efc82a2df08688c4d8814e3d5587e70ae
272,300,0.108,0xd24ebc32bd6645cc03fd45bf81446ac7e05acdb3,2017-11-01T21:06:57.000Z,0.00036,0x06a79ee04dc23d006ae228b0ee890cb2d25b6ee8,sell,0xfd784da5c740c617aafb80399fa81b86e1da99a5,0xf07189bfab6cc5ae996bd8f4addae7aa3895a643749cfe378a7ac3e3214ba1b4
273,430,0.1671625,0x03042ecca8071b8e256ab320432fee357634ab14,2017-11-01T21:01:41.000Z,0.00038875,0x06a79ee04dc23d006ae228b0ee890cb2d25b6ee8,buy,0xfd784da5c740c617aafb80399fa81b86e1da99a5,0x29d37e35e4dba153f92b59a79dbb8220f61eefae3a4e35b6e08f8e59ee6252d3
274,136,0.052768,0x03042ecca8071b8e256ab320432fee357634ab14,2017-11-01T20:59:04.000Z,0.000388,0x06a79ee04dc23d006ae228b0ee890cb2d25b6ee8,buy,0xfd784da5c740c617aafb80399fa81b86e1da99a5,0x5e7ca6c3f7348c3bfb07e46de42ec1c028e99f03677d5b712f8d14ea36061f81
275,500,0.183,0x03042ecca8071b8e256ab320432fee357634ab14,2017-11-01T20:57:49.000Z,0.000366,0x06a79ee04dc23d006ae228b0ee890cb2d25b6ee8,buy,0xfd784da5c740c617aafb80399fa81b86e1da99a5,0x2a2f6ac5a2f47f2086d589319bfcce7a3f8a35f3979cc7b57fd30526ec97bc64
276,600,0.231,0x03042ecca8071b8e256ab320432fee357634ab14,2017-11-01T20:54:37.000Z,0.000385,0x06a79ee04dc23d006ae228b0ee890cb2d25b6ee8,buy,0xfd784da5c740c617aafb80399fa81b86e1da99a5,0x4858c40fed359d44b09d7c87dd4c651771f2f2b88aa59a272ccee7eaf24dec0a
277,570,0.21326436,0x06a79ee04dc23d006ae228b0ee890cb2d25b6ee8,2017-11-01T20:53:24.000Z,0.000374148,0x03042ecca8071b8e256ab320432fee357634ab14,buy,0xfd784da5c740c617aafb80399fa81b86e1da99a5,0x5159b192ca4a8fa72c8195909e1e855407df33e2e0adc6ce6aa2fc62677aa6e9
278,440,0.1644412,0x06a79ee04dc23d006ae228b0ee890cb2d25b6ee8,2017-11-01T20:53:24.000Z,0.00037373,0x03042ecca8071b8e256ab320432fee357634ab14,buy,0xfd784da5c740c617aafb80399fa81b86e1da99a5,0x813db426f98a27a5a6618495bd11ccb0ab297fde65052033b7a1736d8f19fda5
279,380,0.13908,0x03042ecca8071b8e256ab320432fee357634ab14,2017-11-01T20:52:29.000Z,0.000366,0x06a79ee04dc23d006ae228b0ee890cb2d25b6ee8,buy,0xfd784da5c740c617aafb80399fa81b86e1da99a5,0xe7f7f3b4e41384234b9ced8a1e52b5d8c359307e72307acf3b266bc4221a633b
280,420,0.15204,0x03042ecca8071b8e256ab320432fee357634ab14,2017-11-01T20:51:44.000Z,0.000362,0x06a79ee04dc23d006ae228b0ee890cb2d25b6ee8,buy,0xfd784da5c740c617aafb80399fa81b86e1da99a5,0xde28ce4e28c10a8d264c158bb2f2e50819e429aefe94d2f1f60f5a0de3f033ec
281,800,0.2892,0x03042ecca8071b8e256ab320432fee357634ab14,2017-11-01T20:51:07.000Z,0.0003615,0x06a79ee04dc23d006ae228b0ee890cb2d25b6ee8,buy,0xfd784da5c740c617aafb80399fa81b86e1da99a5,0xb87df6993fd70fb6d2af14db138665ca50c321a5568b5ab21da82d683e33c887
282,500,0.2,0x03042ecca8071b8e256ab320432fee357634ab14,2017-11-01T20:45:24.000Z,0.0004,0x06a79ee04dc23d006ae228b0ee890cb2d25b6ee8,buy,0xfd784da5c740c617aafb80399fa81b86e1da99a5,0xf26c91ca4a97e5b59c019f1fbe02c52730e08dd7d3fe297fcd85a95fae66dcf8
283,300,0.117,0x03042ecca8071b8e256ab320432fee357634ab14,2017-11-01T20:44:36.000Z,0.00039,0x06a79ee04dc23d006ae228b0ee890cb2d25b6ee8,buy,0xfd784da5c740c617aafb80399fa81b86e1da99a5,0xe70bb06d937ad4a829f94986e54dc5fdff552b0dfa9e92dfa859e2bbb31b25d9
284,277,0.10526,0x06a79ee04dc23d006ae228b0ee890cb2d25b6ee8,2017-11-01T20:43:34.000Z,0.00038,0x03042ecca8071b8e256ab320432fee357634ab14,buy,0xfd784da5c740c617aafb80399fa81b86e1da99a5,0xdb2eacf3db5499c171bbdc0b364626ae55fc8a3bfcb483b06ce6c2c8fc7043c5
285,209,0.07524,0x03042ecca8071b8e256ab320432fee357634ab14,2017-11-01T20:43:34.000Z,0.00036,0x06a79ee04dc23d006ae228b0ee890cb2d25b6ee8,buy,0xfd784da5c740c617aafb80399fa81b86e1da99a5,0x78f5352a38972de9d572533dfe00a0616988d3978a952be64488f53958376f46
286,167,0.06179,0x03042ecca8071b8e256ab320432fee357634ab14,2017-11-01T20:43:34.000Z,0.00037,0x06a79ee04dc23d006ae228b0ee890cb2d25b6ee8,buy,0xfd784da5c740c617aafb80399fa81b86e1da99a5,0xa8082d5bbfc00176bd7d9e896a0015d34a02d5e4d02be8494ceedfad0bec1f5e
287,180,0.0684,0xd24ebc32bd6645cc03fd45bf81446ac7e05acdb3,2017-11-01T18:39:17.000Z,0.00038,0x667938315d19f8ec5cb5827744be0eb878a39cf3,sell,0xfd784da5c740c617aafb80399fa81b86e1da99a5,0x7b04a41f6e6fc0148b388d56d8baf044aad37c432184588c29a09684e57823e3
288,545,0.223995,0xd24ebc32bd6645cc03fd45bf81446ac7e05acdb3,2017-11-01T18:35:30.000Z,0.000411,0x03042ecca8071b8e256ab320432fee357634ab14,buy,0xfd784da5c740c617aafb80399fa81b86e1da99a5,0xcf8824d6b42e17fb2e81d7a0f2e2918f591544891cceede2af7e1c564b7d594f
289,600,0.25032,0x03042ecca8071b8e256ab320432fee357634ab14,2017-11-01T18:31:23.000Z,0.0004172,0xd24ebc32bd6645cc03fd45bf81446ac7e05acdb3,buy,0xfd784da5c740c617aafb80399fa81b86e1da99a5,0x5884fcbc9f02d1e7c11db5faa8c8d503c29e5ec4cb70f99feb13a25dbda10b12
290,890,0.37024,0xd24ebc32bd6645cc03fd45bf81446ac7e05acdb3,2017-11-01T18:30:47.000Z,0.000416,0x03042ecca8071b8e256ab320432fee357634ab14,buy,0xfd784da5c740c617aafb80399fa81b86e1da99a5,0x61504b1038388af316233fcc3d6a760707f083afb0a5ef41ab0c5109fe0195e7
291,509,0.2114895,0xd24ebc32bd6645cc03fd45bf81446ac7e05acdb3,2017-11-01T18:30:02.000Z,0.0004155,0x03042ecca8071b8e256ab320432fee357634ab14,buy,0xfd784da5c740c617aafb80399fa81b86e1da99a5,0xdba579eb3faf1fc451f0ec39fca31f90d4bef53e4333f41ae36e6fb37ea5a6ec
292,1200,0.49848,0x06a79ee04dc23d006ae228b0ee890cb2d25b6ee8,2017-11-01T18:29:09.000Z,0.0004154,0xd24ebc32bd6645cc03fd45bf81446ac7e05acdb3,buy,0xfd784da5c740c617aafb80399fa81b86e1da99a5,0x498c91fc0fcd16c63858fa5fa17b7f2114e43e0b5d0016310510cb73c86665bd
293,1000.876,0.4149631896,0x03042ecca8071b8e256ab320432fee357634ab14,2017-11-01T18:28:59.000Z,0.0004146,0x1a4cfe7277bfdbd108ef42a3db9e8a1c05428c6c,buy,0xfd784da5c740c617aafb80399fa81b86e1da99a5,0x26962c505a90a1e3e366ff46afd33fc9a5f820810d12eee6b0229cac7e26fccf
294,627,0.2600169,0xd24ebc32bd6645cc03fd45bf81446ac7e05acdb3,2017-11-01T18:20:06.000Z,0.0004147,0x03042ecca8071b8e256ab320432fee357634ab14,buy,0xfd784da5c740c617aafb80399fa81b86e1da99a5,0xd623d03f98938bef3404eed2a5e020cb42dd667f5d4d28478d2dce35843bed94
295,500,0.20905,0xd24ebc32bd6645cc03fd45bf81446ac7e05acdb3,2017-11-01T18:16:40.000Z,0.0004181,0x03042ecca8071b8e256ab320432fee357634ab14,sell,0xfd784da5c740c617aafb80399fa81b86e1da99a5,0xbf49333c3ad4752a899bb321efbe3a4bf5fbbf441f364a731e2e6dd4b7054ae8
296,350,0.14658,0xd24ebc32bd6645cc03fd45bf81446ac7e05acdb3,2017-11-01T18:12:23.000Z,0.0004188,0x03042ecca8071b8e256ab320432fee357634ab14,sell,0xfd784da5c740c617aafb80399fa81b86e1da99a5,0x811adeda16198e84ac65439cf48f3068e4fe434341b48c591015f1ec59f71ac8
297,500,0.20935,0xd24ebc32bd6645cc03fd45bf81446ac7e05acdb3,2017-11-01T18:12:23.000Z,0.0004187,0x06a79ee04dc23d006ae228b0ee890cb2d25b6ee8,sell,0xfd784da5c740c617aafb80399fa81b86e1da99a5,0xff668b47f8a02554d3791a485694ed5878844cd1555d7d85c88f03e1bbc3717c
298,800,0.344,0x03042ecca8071b8e256ab320432fee357634ab14,2017-11-01T18:10:45.000Z,0.00043,0xd24ebc32bd6645cc03fd45bf81446ac7e05acdb3,buy,0xfd784da5c740c617aafb80399fa81b86e1da99a5,0xaa0f1494fe240f53a716340c8fc81d3958af7fd7c7f659b7dbecb71eb6d8a45e
299,518,0.21756,0x03042ecca8071b8e256ab320432fee357634ab14,2017-11-01T18:10:34.000Z,0.00042,0x06a79ee04dc23d006ae228b0ee890cb2d25b6ee8,buy,0xfd784da5c740c617aafb80399fa81b86e1da99a5,0x2810a78f288c685e9993c2dbd7805d616424c80672535914b37fed6b5892cf4c
300,370,0.1554,0x06a79ee04dc23d006ae228b0ee890cb2d25b6ee8,2017-11-01T18:10:02.000Z,0.00042,0xd24ebc32bd6645cc03fd45bf81446ac7e05acdb3,buy,0xfd784da5c740c617aafb80399fa81b86e1da99a5,0xde912e2cad430b49952bdb6dad26a033f6a71095b9051a22637525bfa33e9b6b
301,518,0.217301,0x03042ecca8071b8e256ab320432fee357634ab14,2017-11-01T18:07:47.000Z,0.0004195,0x06a79ee04dc23d006ae228b0ee890cb2d25b6ee8,buy,0xfd784da5c740c617aafb80399fa81b86e1da99a5,0xeedc5801d29f58ab22a40b9e4611137053239c1aa476f41405e50a1dc3f31187
302,272,0.113832,0x06a79ee04dc23d006ae228b0ee890cb2d25b6ee8,2017-11-01T18:07:17.000Z,0.0004185,0x03042ecca8071b8e256ab320432fee357634ab14,buy,0xfd784da5c740c617aafb80399fa81b86e1da99a5,0x467a5c998c3572b4ed2ffd08eff43ed7523246d8f8a7d85c72862da18e3c94ea
303,390,0.163332,0x03042ecca8071b8e256ab320432fee357634ab14,2017-11-01T18:07:17.000Z,0.0004188,0x06a79ee04dc23d006ae228b0ee890cb2d25b6ee8,buy,0xfd784da5c740c617aafb80399fa81b86e1da99a5,0xafb41ce00726a316bec6b7e5ed24714db3fa95e78603e293929e4bfab135418a
304,354,0.1478658,0x06a79ee04dc23d006ae228b0ee890cb2d25b6ee8,2017-11-01T18:07:11.000Z,0.0004177,0x03042ecca8071b8e256ab320432fee357634ab14,buy,0xfd784da5c740c617aafb80399fa81b86e1da99a5,0xb9ccdcb63a5abff73ab5c549dea8600244a9fa139b867d4ac3660e97fcc25b3f
305,436,0.181812,0x2200391b0db2733958b37601332ac43f901c2118,2017-11-01T18:05:05.000Z,0.000417,0x03042ecca8071b8e256ab320432fee357634ab14,buy,0xfd784da5c740c617aafb80399fa81b86e1da99a5,0x46da6442859563d5d0a47b2fdffece5f2baca458949ffe365fc7ebeda724dda4
306,381,0.1588008,0x2200391b0db2733958b37601332ac43f901c2118,2017-11-01T18:04:38.000Z,0.0004168,0x03042ecca8071b8e256ab320432fee357634ab14,buy,0xfd784da5c740c617aafb80399fa81b86e1da99a5,0x8a0df5ae6bec5ef1c6d98bb6a350cafdc17b1fc83ee45c9f56096f08d915987d
307,290,0.120785,0x2200391b0db2733958b37601332ac43f901c2118,2017-11-01T18:03:10.000Z,0.0004165,0x06a79ee04dc23d006ae228b0ee890cb2d25b6ee8,buy,0xfd784da5c740c617aafb80399fa81b86e1da99a5,0x614af8281263c3c4e782f50b74b88b20a79d0010a3fa5937160d287e8ef22eb7
308,518,0.215488,0x2200391b0db2733958b37601332ac43f901c2118,2017-11-01T18:02:32.000Z,0.000416,0x06a79ee04dc23d006ae228b0ee890cb2d25b6ee8,buy,0xfd784da5c740c617aafb80399fa81b86e1da99a5,0x2556a78a9fc21d2f62b4f03545c4d4bb00e085825bcfea339f52bdb70f55d38f
309,436,0.181376,0x2200391b0db2733958b37601332ac43f901c2118,2017-11-01T18:02:10.000Z,0.000416,0x06a79ee04dc23d006ae228b0ee890cb2d25b6ee8,buy,0xfd784da5c740c617aafb80399fa81b86e1da99a5,0xdc01824e2d59387bedc8c710b5d5ab29e3ada016d9db29d8f097f6087d415cb1
310,354,0.1416,0x2200391b0db2733958b37601332ac43f901c2118,2017-11-01T18:01:36.000Z,0.0004,0x03042ecca8071b8e256ab320432fee357634ab14,buy,0xfd784da5c740c617aafb80399fa81b86e1da99a5,0xeaafd3f0a27f96045851a7ba10338e8d623b3426f7d9b1cd0c59c7333044bf8f
311,390,0.160095,0x2200391b0db2733958b37601332ac43f901c2118,2017-11-01T17:58:52.000Z,0.0004105,0x06a79ee04dc23d006ae228b0ee890cb2d25b6ee8,buy,0xfd784da5c740c617aafb80399fa81b86e1da99a5,0xee7bb004a17a85e272274d51c3005dc668384fb66f5c7d205bbc2952612be7c7
312,272,0.10744,0x2200391b0db2733958b37601332ac43f901c2118,2017-11-01T17:57:39.000Z,0.000395,0x03042ecca8071b8e256ab320432fee357634ab14,buy,0xfd784da5c740c617aafb80399fa81b86e1da99a5,0xc57426519f8b5c17ce96ac801c665945cc9b7e8aa8d1e5c260298f0711904a1e
313,418,0.162184,0x2200391b0db2733958b37601332ac43f901c2118,2017-11-01T17:57:02.000Z,0.000388,0x03042ecca8071b8e256ab320432fee357634ab14,buy,0xfd784da5c740c617aafb80399fa81b86e1da99a5,0xaac12281468ec06663269e53af7bb445ea596248b0a9d5401e84852386b214e3
314,263,0.09205,0x2200391b0db2733958b37601332ac43f901c2118,2017-11-01T17:56:22.000Z,0.00035,0x03042ecca8071b8e256ab320432fee357634ab14,buy,0xfd784da5c740c617aafb80399fa81b86e1da99a5,0xaef064e38f329e926a6d1fde14180d9dc71731be9c0006d88a0eefd302fd86f3
315,1200,0.384,0x2200391b0db2733958b37601332ac43f901c2118,2017-11-01T17:52:09.000Z,0.00032,0x03042ecca8071b8e256ab320432fee357634ab14,sell,0xfd784da5c740c617aafb80399fa81b86e1da99a5,0xb0995cc96828eede0f36e242325db53e0f923310e797f74896cd1aa332ca7208
316,2000,0.66,0x2200391b0db2733958b37601332ac43f901c2118,2017-11-01T17:49:48.000Z,0.00033,0x06a79ee04dc23d006ae228b0ee890cb2d25b6ee8,sell,0xfd784da5c740c617aafb80399fa81b86e1da99a5,0x28fda9bfcd4b37dee5edd0bf3cb5b5bcdecb35fc1a4a665a40bfb07c041dad8b
317,1800,0.612,0x2200391b0db2733958b37601332ac43f901c2118,2017-11-01T17:49:37.000Z,0.00034,0x03042ecca8071b8e256ab320432fee357634ab14,sell,0xfd784da5c740c617aafb80399fa81b86e1da99a5,0x9b6ee5f9c386a8584462dcb33279e0695c288cccbeebbf931e05589b439e4812
318,1200,0.4128,0x2200391b0db2733958b37601332ac43f901c2118,2017-11-01T17:36:55.000Z,0.000344,0x06a79ee04dc23d006ae228b0ee890cb2d25b6ee8,buy,0xfd784da5c740c617aafb80399fa81b86e1da99a5,0x934bebb05f7fa9605634e3720763cbf811357d79d97b0e9cf8250309c16f2a4e
319,300,0.1233,0x03042ecca8071b8e256ab320432fee357634ab14,2017-11-01T17:12:08.000Z,0.000411,0xd24ebc32bd6645cc03fd45bf81446ac7e05acdb3,buy,0xfd784da5c740c617aafb80399fa81b86e1da99a5,0x637a2dd4be9dd3175e31036cd47c462b13c03cb77b302224b76929092865355c
320,200,0.082,0x06a79ee04dc23d006ae228b0ee890cb2d25b6ee8,2017-11-01T17:11:36.000Z,0.00041,0xd24ebc32bd6645cc03fd45bf81446ac7e05acdb3,buy,0xfd784da5c740c617aafb80399fa81b86e1da99a5,0x0d0a241889cc0b275aca1fc3c9d37119db6769aa5380e156ceff93c5ea3abec9
321,300,0.123,0x03042ecca8071b8e256ab320432fee357634ab14,2017-11-01T17:09:51.000Z,0.00041,0xd24ebc32bd6645cc03fd45bf81446ac7e05acdb3,buy,0xfd784da5c740c617aafb80399fa81b86e1da99a5,0x9cb6c721cecee4f110da2b1a9125865403c87c87c2a28d91e619a9a9ffc86d27
322,39,0.016068,0x5d09ca5c7c47cc9f275ed1b929fec1f4ca1d25c3,2017-11-01T17:07:03.000Z,0.000412,0x03042ecca8071b8e256ab320432fee357634ab14,buy,0xfd784da5c740c617aafb80399fa81b86e1da99a5,0x09f79b69d0b2c254b937f7ffea9f5b9cbc0b77b05eb2f132af477342199cebfe
323,70,0.02884,0x2200391b0db2733958b37601332ac43f901c2118,2017-11-01T17:06:33.000Z,0.000412,0x03042ecca8071b8e256ab320432fee357634ab14,buy,0xfd784da5c740c617aafb80399fa81b86e1da99a5,0x8c527bbdedbf918020a3d4bd59466794a97d077d790a44c3554e4d88ebb4c08a
324,154,0.062678,0x2200391b0db2733958b37601332ac43f901c2118,2017-11-01T17:06:33.000Z,0.000407,0x03042ecca8071b8e256ab320432fee357634ab14,buy,0xfd784da5c740c617aafb80399fa81b86e1da99a5,0x2fbb79dde0f8afb622053d4ba3ef2bcf825296d12aa120961a59a46ab0d7aaf9
325,554,0.206642,0x06a79ee04dc23d006ae228b0ee890cb2d25b6ee8,2017-11-01T17:03:57.000Z,0.000373,0x03042ecca8071b8e256ab320432fee357634ab14,buy,0xfd784da5c740c617aafb80399fa81b86e1da99a5,0xe32deac4a6e6f65eaad396406cab4671265f214d737b8d49d84d6fc2712edb56
326,409,0.15542,0x03042ecca8071b8e256ab320432fee357634ab14,2017-11-01T17:03:57.000Z,0.00038,0x06a79ee04dc23d006ae228b0ee890cb2d25b6ee8,buy,0xfd784da5c740c617aafb80399fa81b86e1da99a5,0xbcec9aa9e3c253a231c5c0b746ebfe35bc21b79fd8bbaa451507d39c2e695ae6
327,527,0.16337,0x2200391b0db2733958b37601332ac43f901c2118,2017-11-01T17:02:32.000Z,0.00031,0x06a79ee04dc23d006ae228b0ee890cb2d25b6ee8,buy,0xfd784da5c740c617aafb80399fa81b86e1da99a5,0xe5d3ff2efc725705bc69941415fe713e1e74bd84c9b0f3bb8ba59227bf0b14b1
328,481,0.179413,0x2200391b0db2733958b37601332ac43f901c2118,2017-11-01T17:02:02.000Z,0.000373,0x03042ecca8071b8e256ab320432fee357634ab14,buy,0xfd784da5c740c617aafb80399fa81b86e1da99a5,0xeca65dc69ed9248873bfe09e7273ee255086565f8114f289c14ba6d5a18a84a7
329,509,0.15779,0x2200391b0db2733958b37601332ac43f901c2118,2017-11-01T17:01:16.000Z,0.00031,0x06a79ee04dc23d006ae228b0ee890cb2d25b6ee8,buy,0xfd784da5c740c617aafb80399fa81b86e1da99a5,0x4e7b564c7242a3d160ab47847629b8a188c3646ae3118e2f81c8e7e3eb3e6424
330,527,0.18445,0x2200391b0db2733958b37601332ac43f901c2118,2017-11-01T17:01:11.000Z,0.00035,0x06a79ee04dc23d006ae228b0ee890cb2d25b6ee8,buy,0xfd784da5c740c617aafb80399fa81b86e1da99a5,0xa94d5ece83fec269e87f6f8a707ccff8004a28e90c00078ef280d038236faa03
331,554,0.18282,0x2200391b0db2733958b37601332ac43f901c2118,2017-11-01T17:00:46.000Z,0.00033,0x06a79ee04dc23d006ae228b0ee890cb2d25b6ee8,buy,0xfd784da5c740c617aafb80399fa81b86e1da99a5,0x78552890cfd3861864d36e13f9848527f3f72d836c3d440967baf17adccd4f8c
332,181,0.06878,0x03042ecca8071b8e256ab320432fee357634ab14,2017-11-01T16:53:42.000Z,0.00038,0x06a79ee04dc23d006ae228b0ee890cb2d25b6ee8,buy,0xfd784da5c740c617aafb80399fa81b86e1da99a5,0x478a451086afa84e33f7e55f035701c2b72969be637a6348ea235623840a508c
333,163,0.060799,0xd24ebc32bd6645cc03fd45bf81446ac7e05acdb3,2017-11-01T16:51:31.000Z,0.000373,0x06a79ee04dc23d006ae228b0ee890cb2d25b6ee8,buy,0xfd784da5c740c617aafb80399fa81b86e1da99a5,0x8bb04a0b0ccf4c2464b5a9fa4b66f6e059ba54e542cc91db684af3f8935ee9be
334,445,0.16376,0xd24ebc32bd6645cc03fd45bf81446ac7e05acdb3,2017-11-01T16:51:31.000Z,0.000368,0x06a79ee04dc23d006ae228b0ee890cb2d25b6ee8,buy,0xfd784da5c740c617aafb80399fa81b86e1da99a5,0x9ba3333a191defbfb8efb92a63c7c3f744346095f46f39e311979ae571fc194f
335,527,0.192355,0xd24ebc32bd6645cc03fd45bf81446ac7e05acdb3,2017-11-01T16:51:20.000Z,0.000365,0x03042ecca8071b8e256ab320432fee357634ab14,buy,0xfd784da5c740c617aafb80399fa81b86e1da99a5,0xe7c55c80aad603c0ab951617945ef3f0e93f896d69cd4b7abbbc4e29ad4259e7
336,381,0.134874,0xd24ebc32bd6645cc03fd45bf81446ac7e05acdb3,2017-11-01T16:50:24.000Z,0.000354,0x03042ecca8071b8e256ab320432fee357634ab14,buy,0xfd784da5c740c617aafb80399fa81b86e1da99a5,0xec7dc624bcf49cadf0e051793f88e57b9c995192b7c8eabc36cd05712ef38fc3
337,518,0.174048,0xd24ebc32bd6645cc03fd45bf81446ac7e05acdb3,2017-11-01T16:49:13.000Z,0.000336,0x06a79ee04dc23d006ae228b0ee890cb2d25b6ee8,buy,0xfd784da5c740c617aafb80399fa81b86e1da99a5,0xb4ab304df6b4406ce443010be48e44e1b32a2125f0c8d1f2349074387128ce86
338,254,0.086868,0xd24ebc32bd6645cc03fd45bf81446ac7e05acdb3,2017-11-01T16:48:32.000Z,0.000342,0x03042ecca8071b8e256ab320432fee357634ab14,buy,0xfd784da5c740c617aafb80399fa81b86e1da99a5,0x376bd895fdd2906a038b4c1d402182a4a6a09dfb1b7c7ece41cdea9618a1f9ad
339,290,0.0957,0xc297ce89eb439223c078dc3f8f89d886de014e52,2017-11-01T16:47:18.000Z,0.00033,0x06a79ee04dc23d006ae228b0ee890cb2d25b6ee8,buy,0xfd784da5c740c617aafb80399fa81b86e1da99a5,0xec506b50081367eb3768e0898a99ae265e9dd2328d1bec03fdb149a72f4d6cec
340,381,0.126873,0xd24ebc32bd6645cc03fd45bf81446ac7e05acdb3,2017-11-01T16:44:49.000Z,0.000333,0x06a79ee04dc23d006ae228b0ee890cb2d25b6ee8,buy,0xfd784da5c740c617aafb80399fa81b86e1da99a5,0x6bb1ad38c2daa9cccbd232c3efe6a9ad0bee20b695f8f5cb9384c40fb0e59d48
341,190,0.06593,0xd24ebc32bd6645cc03fd45bf81446ac7e05acdb3,2017-11-01T16:43:58.000Z,0.000347,0x03042ecca8071b8e256ab320432fee357634ab14,buy,0xfd784da5c740c617aafb80399fa81b86e1da99a5,0x373f05be291c8d7d1b1681a0b1ea766277652d064e2a82fa7855547944519aaa
342,136,0.045968,0xd24ebc32bd6645cc03fd45bf81446ac7e05acdb3,2017-11-01T16:43:58.000Z,0.000338,0x03042ecca8071b8e256ab320432fee357634ab14,buy,0xfd784da5c740c617aafb80399fa81b86e1da99a5,0xd1c28036e37c1a757f5930c5fbd1512862e58ccb15eacd2104a835fd8957b1b4
343,145,0.051475,0xd24ebc32bd6645cc03fd45bf81446ac7e05acdb3,2017-11-01T16:43:58.000Z,0.000355,0x06a79ee04dc23d006ae228b0ee890cb2d25b6ee8,buy,0xfd784da5c740c617aafb80399fa81b86e1da99a5,0xe7171418acce7a8b987958bf65ca8e884e6fa361c17fd051214af2733013866e
344,118,0.043306,0xd24ebc32bd6645cc03fd45bf81446ac7e05acdb3,2017-11-01T16:41:26.000Z,0.000367,0x06a79ee04dc23d006ae228b0ee890cb2d25b6ee8,buy,0xfd784da5c740c617aafb80399fa81b86e1da99a5,0x4f082e15c7c63ff7f12a8190c0159d6e19f45ff17562e8ce0b0bab044449512a
345,172,0.06708,0xd24ebc32bd6645cc03fd45bf81446ac7e05acdb3,2017-11-01T16:41:12.000Z,0.00039,0x03042ecca8071b8e256ab320432fee357634ab14,buy,0xfd784da5c740c617aafb80399fa81b86e1da99a5,0x3fff580aa198ef9140720eaf511dfa1d1a8055339019eb91ce3ce203aea46fc6
346,218,0.08611,0xd24ebc32bd6645cc03fd45bf81446ac7e05acdb3,2017-11-01T16:40:39.000Z,0.000395,0x03042ecca8071b8e256ab320432fee357634ab14,buy,0xfd784da5c740c617aafb80399fa81b86e1da99a5,0x29afde9fa29be1ac3ddbdf53f297476279c31be102a8eb995148986612c3d391
347,200,0.08792,0xd24ebc32bd6645cc03fd45bf81446ac7e05acdb3,2017-11-01T16:39:28.000Z,0.0004396,0x06a79ee04dc23d006ae228b0ee890cb2d25b6ee8,buy,0xfd784da5c740c617aafb80399fa81b86e1da99a5,0xf349bc851cadbcd94f9cd8abdc0a7fe6fa2082b698be042a9bcf0d3dca9ea4f1
348,165,0.0723525,0xd24ebc32bd6645cc03fd45bf81446ac7e05acdb3,2017-11-01T16:39:09.000Z,0.0004385,0x06a79ee04dc23d006ae228b0ee890cb2d25b6ee8,buy,0xfd784da5c740c617aafb80399fa81b86e1da99a5,0x40e939d8d84734681afb27f2e90c1ee6896567fd7606a072e1d8b2ff54c36b1e
349,211,0.090308,0xd24ebc32bd6645cc03fd45bf81446ac7e05acdb3,2017-11-01T16:38:15.000Z,0.000428,0x03042ecca8071b8e256ab320432fee357634ab14,buy,0xfd784da5c740c617aafb80399fa81b86e1da99a5,0x6eab0bb18a3b5b82f79880971d2823a3c2df27d5e3d8a3e6630d22252ffdca08
350,166,0.070218,0xd24ebc32bd6645cc03fd45bf81446ac7e05acdb3,2017-11-01T16:38:15.000Z,0.000423,0x03042ecca8071b8e256ab320432fee357634ab14,buy,0xfd784da5c740c617aafb80399fa81b86e1da99a5,0x45bbb3da8d85c0e70fa4a400b6dffd5364b3aa99075369d97c94f3a32aa1843d
351,188,0.078208,0xd24ebc32bd6645cc03fd45bf81446ac7e05acdb3,2017-11-01T16:37:56.000Z,0.000416,0x06a79ee04dc23d006ae228b0ee890cb2d25b6ee8,buy,0xfd784da5c740c617aafb80399fa81b86e1da99a5,0x971cb20dbbb972c11607503f01386890e25b12387240c819cde023d0f4533121
352,156,0.06396,0xd24ebc32bd6645cc03fd45bf81446ac7e05acdb3,2017-11-01T16:37:34.000Z,0.00041,0x06a79ee04dc23d006ae228b0ee890cb2d25b6ee8,buy,0xfd784da5c740c617aafb80399fa81b86e1da99a5,0x24a18f8b08447bde34f12a2bca74d711f8f637e76d09159b9c1b60a36c795448
353,155,0.066464,0x03042ecca8071b8e256ab320432fee357634ab14,2017-11-01T16:29:59.000Z,0.0004288,0x06a79ee04dc23d006ae228b0ee890cb2d25b6ee8,buy,0xfd784da5c740c617aafb80399fa81b86e1da99a5,0x26e3064d6930ee01cc294ea5398e0a073814b9bdd11bd683ceb1123981e273b5
354,266,0.11683252,0x06a79ee04dc23d006ae228b0ee890cb2d25b6ee8,2017-11-01T16:29:46.000Z,0.00043922,0x03042ecca8071b8e256ab320432fee357634ab14,buy,0xfd784da5c740c617aafb80399fa81b86e1da99a5,0x5e94507f7727ad0264940c61b172b42b362d17d6e92aa29fdf3fa354d8b14c48
355,300,0.131898,0x03042ecca8071b8e256ab320432fee357634ab14,2017-11-01T16:26:30.000Z,0.00043966,0x03042ecca8071b8e256ab320432fee357634ab14,buy,0xfd784da5c740c617aafb80399fa81b86e1da99a5,0xf70f396c5105afbb240ed92a07a182f07ebd1c5d3e5c7e9871e0cfee2d9574f9
356,202,0.0856076,0x03042ecca8071b8e256ab320432fee357634ab14,2017-11-01T16:25:43.000Z,0.0004238,0x06a79ee04dc23d006ae228b0ee890cb2d25b6ee8,buy,0xfd784da5c740c617aafb80399fa81b86e1da99a5,0xbf2ea60c6b757a04bb880ec926e5ff4a2e04cfea46fbb3d5229a0df8a3f2f701
357,220,0.090211,0x03042ecca8071b8e256ab320432fee357634ab14,2017-11-01T16:25:26.000Z,0.00041005,0x06a79ee04dc23d006ae228b0ee890cb2d25b6ee8,buy,0xfd784da5c740c617aafb80399fa81b86e1da99a5,0x9e9d210d32257bf1025748d14d747a1570e472bb6b6d4710acf1e08c6f3cb083
358,110,0.045958,0x06a79ee04dc23d006ae228b0ee890cb2d25b6ee8,2017-11-01T16:25:26.000Z,0.0004178,0x03042ecca8071b8e256ab320432fee357634ab14,buy,0xfd784da5c740c617aafb80399fa81b86e1da99a5,0xfcc8d31028c072656e144d480d49010aaaab44047ffcfe606d14d6f44d49709b
359,170,0.067269,0x03042ecca8071b8e256ab320432fee357634ab14,2017-11-01T16:24:55.000Z,0.0003957,0x06a79ee04dc23d006ae228b0ee890cb2d25b6ee8,buy,0xfd784da5c740c617aafb80399fa81b86e1da99a5,0x1593eb88eae027b7e3abf1e559575b647a919e4f840841977ed0a97718f803a8
360,232,0.0958856,0x06a79ee04dc23d006ae228b0ee890cb2d25b6ee8,2017-11-01T16:24:55.000Z,0.0004133,0x03042ecca8071b8e256ab320432fee357634ab14,buy,0xfd784da5c740c617aafb80399fa81b86e1da99a5,0x45b0b0f2b367338cba373b65e9125c12f1febeb7ad54fa8476cd90e0e90e5b3b
361,200,0.078,0x03042ecca8071b8e256ab320432fee357634ab14,2017-11-01T16:24:36.000Z,0.00039,0x06a79ee04dc23d006ae228b0ee890cb2d25b6ee8,buy,0xfd784da5c740c617aafb80399fa81b86e1da99a5,0x82aba6d6b6baceb0f453d6044b9c6e7db1443e952a80965aa64626a5892f8ec0
362,500,0.219775,0x03042ecca8071b8e256ab320432fee357634ab14,2017-11-01T16:20:37.000Z,0.00043955,0x06a79ee04dc23d006ae228b0ee890cb2d25b6ee8,buy,0xfd784da5c740c617aafb80399fa81b86e1da99a5,0x50fcbec27aa360e9fc21a4f7fff8307d39343be322428f261788d5572c7c5ddd
363,500,0.2198,0x03042ecca8071b8e256ab320432fee357634ab14,2017-11-01T16:20:37.000Z,0.0004396,0x06a79ee04dc23d006ae228b0ee890cb2d25b6ee8,buy,0xfd784da5c740c617aafb80399fa81b86e1da99a5,0xa4166572416e015080d5181c05a15b101708865e0a3f5322166205a9d7087364
364,288,0.126576,0x06a79ee04dc23d006ae228b0ee890cb2d25b6ee8,2017-11-01T16:19:56.000Z,0.0004395,0x03042ecca8071b8e256ab320432fee357634ab14,buy,0xfd784da5c740c617aafb80399fa81b86e1da99a5,0x274c69cbf94213a1cdee2c4be5e7f5a32768a2409d366e0ea6b2a17966c1cf7d
365,208,0.090064,0x06a79ee04dc23d006ae228b0ee890cb2d25b6ee8,2017-11-01T16:19:21.000Z,0.000433,0x03042ecca8071b8e256ab320432fee357634ab14,buy,0xfd784da5c740c617aafb80399fa81b86e1da99a5,0x75f4165b5f2502ebe87a3255fcb97132e1b412f0f3f090a56e1c5c364599175f
366,244,0.104188,0x03042ecca8071b8e256ab320432fee357634ab14,2017-11-01T16:19:07.000Z,0.000427,0x06a79ee04dc23d006ae228b0ee890cb2d25b6ee8,buy,0xfd784da5c740c617aafb80399fa81b86e1da99a5,0x3980a1489da5c1e8296d3b932cf9fc0e88ec48169639fd5f27dc6f5004ca3bb7
367,156,0.066612,0x03042ecca8071b8e256ab320432fee357634ab14,2017-11-01T16:18:51.000Z,0.000427,0x06a79ee04dc23d006ae228b0ee890cb2d25b6ee8,buy,0xfd784da5c740c617aafb80399fa81b86e1da99a5,0xd09ec8b0a94fe31a6a4394d3d0ad1d96b3c6e0c23bce8abc1ac924a73b64ac91
368,200,0.084,0x03042ecca8071b8e256ab320432fee357634ab14,2017-11-01T16:18:33.000Z,0.00042,0x06a79ee04dc23d006ae228b0ee890cb2d25b6ee8,buy,0xfd784da5c740c617aafb80399fa81b86e1da99a5,0x5444517e8b168c92b4a523d942dee0fb24f204cb93bd1502cad5932b5004b5d4
369,200,0.082,0x03042ecca8071b8e256ab320432fee357634ab14,2017-11-01T16:09:54.000Z,0.00041,0x92ac63661c32fb5ac84b7ea62944a7fe532a2e2d,buy,0xfd784da5c740c617aafb80399fa81b86e1da99a5,0x8e516a357cb5c76b6b4e7ec70b5356d889f4a7c1dd7142597e8a3379124b52e7
370,100,0.04396,0x03042ecca8071b8e256ab320432fee357634ab14,2017-11-01T16:08:02.000Z,0.0004396,0x27f272d0233707368a22fd4cbaf6182af3957d8c,buy,0xfd784da5c740c617aafb80399fa81b86e1da99a5,0x023e7848620a0733cc857b7483bb076948506aaad59197c5ca74f8d4dc22ac94
371,1000,0.4396,0x03042ecca8071b8e256ab320432fee357634ab14,2017-11-01T16:08:02.000Z,0.0004396,0x6d4afbd1c80c0b908ce050c4885b980df7aa1b22,buy,0xfd784da5c740c617aafb80399fa81b86e1da99a5,0x2ac9dc9d17f5d3d36ec441b6435f2103ba7852d631dbb6ff37a39123e8e7f789
372,200,0.082,0x06a79ee04dc23d006ae228b0ee890cb2d25b6ee8,2017-11-01T16:08:02.000Z,0.00041,0x92ac63661c32fb5ac84b7ea62944a7fe532a2e2d,buy,0xfd784da5c740c617aafb80399fa81b86e1da99a5,0x1382c639ad6f3269ae805ad87a922da2a3c1284a82d19624a2eba2e1f05c9159
373,200,0.082,0x06a79ee04dc23d006ae228b0ee890cb2d25b6ee8,2017-11-01T16:08:02.000Z,0.00041,0x92ac63661c32fb5ac84b7ea62944a7fe532a2e2d,buy,0xfd784da5c740c617aafb80399fa81b86e1da99a5,0x60f9e7e2a597bbab7eb13996e1126c6c4ec559574872c64c53c132fa5d5d056e
374,200,0.082,0x03042ecca8071b8e256ab320432fee357634ab14,2017-11-01T16:06:57.000Z,0.00041,0x92ac63661c32fb5ac84b7ea62944a7fe532a2e2d,buy,0xfd784da5c740c617aafb80399fa81b86e1da99a5,0x98a06ab0bde6ef82de1161a76811724a3581537a9d3fac74acd275279cce6bbd
375,189,0.0756,0x06a79ee04dc23d006ae228b0ee890cb2d25b6ee8,2017-11-01T16:06:47.000Z,0.0004,0x92ac63661c32fb5ac84b7ea62944a7fe532a2e2d,buy,0xfd784da5c740c617aafb80399fa81b86e1da99a5,0x209c0dc5502c2e86714b8387e3359c27df897c8ba91e1acd057d740bd7c920b0
376,260,0.0806,0x03042ecca8071b8e256ab320432fee357634ab14,2017-11-01T16:02:28.000Z,0.00031,0x06a79ee04dc23d006ae228b0ee890cb2d25b6ee8,sell,0xfd784da5c740c617aafb80399fa81b86e1da99a5,0xb1bc9f7bda210a16956b45e2f4568e49bcfc728cfaf788207608061b9cc5dc17
377,1100,0.4235,0x03042ecca8071b8e256ab320432fee357634ab14,2017-11-01T15:58:28.000Z,0.000385,0x06a79ee04dc23d006ae228b0ee890cb2d25b6ee8,buy,0xfd784da5c740c617aafb80399fa81b86e1da99a5,0x9cbd588a93712e0c7832b36ec01267c1072344f49e2835d109f711bca403154c
378,3000,1.164,0x03042ecca8071b8e256ab320432fee357634ab14,2017-11-01T15:47:17.000Z,0.000388,0x06a79ee04dc23d006ae228b0ee890cb2d25b6ee8,buy,0xfd784da5c740c617aafb80399fa81b86e1da99a5,0x580f149637e30d78a7e060c8839b242cef7d06866fd49d04454c3006d5cc8fef
379,380,0.1475236,0x03042ecca8071b8e256ab320432fee357634ab14,2017-11-01T15:41:14.000Z,0.00038822,0x06a79ee04dc23d006ae228b0ee890cb2d25b6ee8,buy,0xfd784da5c740c617aafb80399fa81b86e1da99a5,0x49784c074ff2efde29044671076a716235818e4bb2cedabff7c5ca0f79f1a129
380,1200,0.4692,0x06a79ee04dc23d006ae228b0ee890cb2d25b6ee8,2017-11-01T15:28:39.000Z,0.000391,0x03042ecca8071b8e256ab320432fee357634ab14,buy,0xfd784da5c740c617aafb80399fa81b86e1da99a5,0xff5a6704502c0ae9ba7bc36d5b67dfa8c1a57bdb0975d0121fb8b2c0eab4e4ea
381,2000,0.78,0x06a79ee04dc23d006ae228b0ee890cb2d25b6ee8,2017-11-01T15:22:01.000Z,0.00039,0x03042ecca8071b8e256ab320432fee357634ab14,buy,0xfd784da5c740c617aafb80399fa81b86e1da99a5,0x42cb31254450032d7cda1db3203ba85a8eccc8c4d7466d5ea8826d4aafb78001
382,1330,0.528675,0x06a79ee04dc23d006ae228b0ee890cb2d25b6ee8,2017-11-01T15:19:54.000Z,0.0003975,0x03042ecca8071b8e256ab320432fee357634ab14,buy,0xfd784da5c740c617aafb80399fa81b86e1da99a5,0x6b6d64613b4ecf9d64345e1551b7713ec1f487d1247b8d4249cb93dc6d0267d0
383,1760,0.7037888,0x03042ecca8071b8e256ab320432fee357634ab14,2017-11-01T15:14:13.000Z,0.00039988,0x06a79ee04dc23d006ae228b0ee890cb2d25b6ee8,buy,0xfd784da5c740c617aafb80399fa81b86e1da99a5,0xc3825b7899b22c164419e1842627043caa7f716d363a62a617ebbe6c10fd3a27
384,300,0.099,0x03042ecca8071b8e256ab320432fee357634ab14,2017-11-01T15:11:14.000Z,0.00033,0x92ac63661c32fb5ac84b7ea62944a7fe532a2e2d,sell,0xfd784da5c740c617aafb80399fa81b86e1da99a5,0xb7b6f18dc43f16d1eabb98a50b98980705284089f9a71dbd4cd5dd10cb927329
385,1000,0.3978,0x06a79ee04dc23d006ae228b0ee890cb2d25b6ee8,2017-11-01T15:07:21.000Z,0.0003978,0x03042ecca8071b8e256ab320432fee357634ab14,buy,0xfd784da5c740c617aafb80399fa81b86e1da99a5,0x42e6d84e556f2e05e2a47f0884d65ad725c5ef839da4c11357b4184aab5205fe
386,600,0.23868,0x06a79ee04dc23d006ae228b0ee890cb2d25b6ee8,2017-11-01T15:05:38.000Z,0.0003978,0x03042ecca8071b8e256ab320432fee357634ab14,buy,0xfd784da5c740c617aafb80399fa81b86e1da99a5,0xe00a3a22d44b0e5e901190c9a3aeb8f4a070b2190073207d490ef8ec70bba924
387,50,0.015004995,0x06a79ee04dc23d006ae228b0ee890cb2d25b6ee8,2017-11-01T14:53:34.000Z,0.0003000999,0x06a79ee04dc23d006ae228b0ee890cb2d25b6ee8,sell,0xfd784da5c740c617aafb80399fa81b86e1da99a5,0x8a8fedb696fe9d1aa12abe13eeb19bae5f38539ba58914b3a2048ae3ee745ae2
388,10,0.004,0x03042ecca8071b8e256ab320432fee357634ab14,2017-11-01T14:42:50.000Z,0.0004,0x92ac63661c32fb5ac84b7ea62944a7fe532a2e2d,buy,0xfd784da5c740c617aafb80399fa81b86e1da99a5,0x71bf2d91e534bac2383e8f01c008d4775323c82af2183c5d45940fd4f14ef8d0
389,1,0.0004,0x06a79ee04dc23d006ae228b0ee890cb2d25b6ee8,2017-11-01T14:42:50.000Z,0.0004,0x92ac63661c32fb5ac84b7ea62944a7fe532a2e2d,buy,0xfd784da5c740c617aafb80399fa81b86e1da99a5,0xd76441031e305b56ae689f8cbeff49ac79d3156ed2cbfeac7f81069a843e0331
390,500,0.175,0x06a79ee04dc23d006ae228b0ee890cb2d25b6ee8,2017-11-01T14:37:24.000Z,0.00035,0x03042ecca8071b8e256ab320432fee357634ab14,buy,0xfd784da5c740c617aafb80399fa81b86e1da99a5,0x33a013f0c6c23c6d97ca841ef9c4f630c9d49ca58f7f5dc182dc7da9e0d53132
391,150,0.0659397,0x06a79ee04dc23d006ae228b0ee890cb2d25b6ee8,2017-11-01T14:36:31.000Z,0.000439598,0x03042ecca8071b8e256ab320432fee357634ab14,buy,0xfd784da5c740c617aafb80399fa81b86e1da99a5,0x53138f49c7a540cf5556e79bfaa215309b99f2f6f4cda9b3bf48b2139d18df0c
392,150,0.0659397,0x06a79ee04dc23d006ae228b0ee890cb2d25b6ee8,2017-11-01T14:35:29.000Z,0.000439598,0x03042ecca8071b8e256ab320432fee357634ab14,buy,0xfd784da5c740c617aafb80399fa81b86e1da99a5,0x6e05fea18e78d2788bf3b1f5324b2bc89af9836b67c05d0b399c7200c5e261f7
393,200,0.0879196,0x06a79ee04dc23d006ae228b0ee890cb2d25b6ee8,2017-11-01T14:34:47.000Z,0.000439598,0x03042ecca8071b8e256ab320432fee357634ab14,buy,0xfd784da5c740c617aafb80399fa81b86e1da99a5,0x3eaa21425bf99b505fc16f1f6cbdff5853025377b5b79831dbad603bd5d7397b
394,200,0.0879196,0x06a79ee04dc23d006ae228b0ee890cb2d25b6ee8,2017-11-01T14:33:43.000Z,0.000439598,0x03042ecca8071b8e256ab320432fee357634ab14,buy,0xfd784da5c740c617aafb80399fa81b86e1da99a5,0x3eaa21425bf99b505fc16f1f6cbdff5853025377b5b79831dbad603bd5d7397b
395,770,0.33848969,0x06a79ee04dc23d006ae228b0ee890cb2d25b6ee8,2017-11-01T14:30:05.000Z,0.000439597,0x03042ecca8071b8e256ab320432fee357634ab14,buy,0xfd784da5c740c617aafb80399fa81b86e1da99a5,0x2d02a7a10de806c8dbea977c457cd03feb6a3bbdeac67eda317b19da4bc1f540
396,100,0.0439596,0x06a79ee04dc23d006ae228b0ee890cb2d25b6ee8,2017-11-01T14:24:35.000Z,0.000439596,0x03042ecca8071b8e256ab320432fee357634ab14,buy,0xfd784da5c740c617aafb80399fa81b86e1da99a5,0xef9276bd7255626fefad6efe7773d6f35be5c6b8d8d38d38d917ddc00745b2ef
397,450,0.1978182,0x06a79ee04dc23d006ae228b0ee890cb2d25b6ee8,2017-11-01T14:22:48.000Z,0.000439596,0x03042ecca8071b8e256ab320432fee357634ab14,buy,0xfd784da5c740c617aafb80399fa81b86e1da99a5,0x8e6449d5d82c5efaf1e654213f30f223c2b7f022e13b16c57fb5455f0bf4f601
