,amount,amountBase,buyer,date,price,seller,side,tokenAddr,txHash
0,544.31263084,0.00925331472428,0x02ded38d0d07e3dd94c03088d356e95fbf5098eb,2017-11-02T03:29:11.000Z,0.000017,0xf06f1e4c76956d8e76497fa9448b570cfd554d35,sell,0xae258d5322b59d64df9eb483e3b1733332c3b66c,0xc074c2a50a4d2bc1b43bcba12b46b479e591d90ceb1cd0686a0b7bc6235988aa
1,500,0.0085,0x02ded38d0d07e3dd94c03088d356e95fbf5098eb,2017-11-02T03:26:07.000Z,0.000017,0xf06f1e4c76956d8e76497fa9448b570cfd554d35,sell,0xae258d5322b59d64df9eb483e3b1733332c3b66c,0xc6d9f9041e5c0b18096a0834603a2d855983937ba40de25fa93d236b102d3436
2,500,0.01,0x1b2ba681893d2b2e301e095303a419b9c2c2bbaf,2017-11-01T21:47:47.000Z,0.00002,0xf06f1e4c76956d8e76497fa9448b570cfd554d35,buy,0xae258d5322b59d64df9eb483e3b1733332c3b66c,0x49880a580f9720d7ad98309c54fd75437f0a96238ba21ec302dd7239c60a3d14
3,500,0.01,0x508e4a96dab9bd044d0bb654d623c4ef663dfc35,2017-11-01T18:58:41.000Z,0.00002,0xf06f1e4c76956d8e76497fa9448b570cfd554d35,sell,0xae258d5322b59d64df9eb483e3b1733332c3b66c,0x876aeb5ee16694a5d33f8b38b30c2bd0ec1beaa6af5abc3bc3fa2d13cd88f649
4,1000,0.02,0x13c3fd153e23ded7477e0817ad4d5754e2d67649,2017-11-01T14:44:46.000Z,0.00002,0xf06f1e4c76956d8e76497fa9448b570cfd554d35,buy,0xae258d5322b59d64df9eb483e3b1733332c3b66c,0xcb9612f30057f5c55b8b85f33dc24d206f4e5a3a6429c010bc78673f95a20ed9
5,3018.20022989,0.0603640045978,0x508e4a96dab9bd044d0bb654d623c4ef663dfc35,2017-11-01T09:12:41.000Z,0.00002,0xd2428e56a421abc63a70cb5fb02b51569d7ebdfa,sell,0xae258d5322b59d64df9eb483e3b1733332c3b66c,0xa596c67051ec164ba1f85e1411fa481f90890d249da1e9f1ea128bf25795dcbb
6,4775.675,0.33429725,0xd1ae0289821f95d94f71262f1c0131083896ba8e,2017-11-01T07:08:16.000Z,0.00007,0x7ecbc907edb6f029f33b22c5da46cdcc8c3c52d2,sell,0xae258d5322b59d64df9eb483e3b1733332c3b66c,0xa8a8caac43b1fdd425cf9d4632141b1f4125dc8d7966f544c05460a4eef2a56d
7,224.325,0.01570275,0xd1ae0289821f95d94f71262f1c0131083896ba8e,2017-11-01T05:27:55.000Z,0.00007,0x273a5d3e6721b9f5c1a6474f560c1334c63dda01,sell,0xae258d5322b59d64df9eb483e3b1733332c3b66c,0xe6c146c3953264d9f0ac367e016a6fd07857e4d3cf58031538a118ed8a435998
8,225,0.014625,0x273a5d3e6721b9f5c1a6474f560c1334c63dda01,2017-11-01T05:27:55.000Z,0.000065,0x508e4a96dab9bd044d0bb654d623c4ef663dfc35,buy,0xae258d5322b59d64df9eb483e3b1733332c3b66c,0xe6c146c3953264d9f0ac367e016a6fd07857e4d3cf58031538a118ed8a435998
9,0.30233103,0.0000060466206,0x508e4a96dab9bd044d0bb654d623c4ef663dfc35,2017-11-01T03:20:17.000Z,0.00002,0x11425b52632dd157c95ebd5d7f8792b6a1f249b6,sell,0xae258d5322b59d64df9eb483e3b1733332c3b66c,0x8f3283e2ebdaaa4b5a597e1395afa35e3a1a4eee5e8fb11bbbe7e291ea222706
10,3032.68251009,0.0606536502018,0x508e4a96dab9bd044d0bb654d623c4ef663dfc35,2017-11-01T03:18:28.000Z,0.00002,0x11425b52632dd157c95ebd5d7f8792b6a1f249b6,sell,0xae258d5322b59d64df9eb483e3b1733332c3b66c,0xe0bd8006c3ebea0088a8f2d7d9f9c6bd5faa429bce439ffcde2c062ff3b4849a
11,225,0.003825,0x508e4a96dab9bd044d0bb654d623c4ef663dfc35,2017-11-01T02:03:24.000Z,0.000017,0xd79cd948a969d1a4ff01c5d3205b460b1550ff29,buy,0xae258d5322b59d64df9eb483e3b1733332c3b66c,0x91c4a3bdfc694765081a02c32012e61ada72eda7be1c9b2cdacddfa758149d85
12,1042.08382588,0.07294586781178945,0x11425b52632dd157c95ebd5d7f8792b6a1f249b6,2017-11-01T00:44:26.000Z,0.0000700000000001818,0x38223b8ebc6d6f404f887df06c334c4702a55711,buy,0xae258d5322b59d64df9eb483e3b1733332c3b66c,0xcc3b9e1f4b98d6b8a5cf1626936474477d695b6ed7127d26e4c7e30962c862b9
13,2000,0.275999999998,0x11425b52632dd157c95ebd5d7f8792b6a1f249b6,2017-11-01T00:40:47.000Z,0.000137999999999,0x4ed8fc60b6b921c310e63fa3dc6e229aa1d56d76,buy,0xae258d5322b59d64df9eb483e3b1733332c3b66c,0x7b4ea78cf1f228603e9fda47b5b0a2b348a1d5e3900de1abdecb101de315d459
14,1,0.0003,0x213f01a98c07c24782aeedf701261abb110a1045,2017-10-31T10:21:15.000Z,0.0003,0x213f01a98c07c24782aeedf701261abb110a1045,buy,0xae258d5322b59d64df9eb483e3b1733332c3b66c,0x4b0c2eccca1d51d4d833761a77d345139267ffb0147db761e6dc44ea51a0ba6c
15,99.69095803,0.00159505532848,0xea77e83c306f3e3f4654e2b2e272306efc94c9bd,2017-10-31T09:14:14.000Z,0.000016,0xf354006c55dfd414dc95ed616f0c41c544052c91,sell,0xae258d5322b59d64df9eb483e3b1733332c3b66c,0x4f1d5c3b91ffb1fa63963ee5324bf1b0585479c312853a58e47876673d3ec452
16,448.60931113,0.00672913966695,0x971f30c325d9924ad472adf0bf98702502baad93,2017-10-31T06:28:51.000Z,0.000015,0xffd84530db27cc11d3ebf2b4854e3b2b53609a7e,sell,0xae258d5322b59d64df9eb483e3b1733332c3b66c,0x32dcf324f45ad189284e8ea986832962dfea43bfe135685aed9193e2193e8600
17,1,0.00032,0x213f01a98c07c24782aeedf701261abb110a1045,2017-10-31T00:13:21.000Z,0.00032,0x213f01a98c07c24782aeedf701261abb110a1045,buy,0xae258d5322b59d64df9eb483e3b1733332c3b66c,0x8d030cfec23bc9d8d2872aee501587f2159ef6203e846c3e5c8441328381ef04
18,2883.25291595,0.04324879373925,0xf45a790357ebecf4e511e8bd5e5c8a738d307336,2017-10-30T21:07:26.000Z,0.000015,0xe747d54cebaaeb258280f61ab90b64580fe3f424,sell,0xae258d5322b59d64df9eb483e3b1733332c3b66c,0xf8240f1e856ee2e9ba9cd221f071cb2a68342e15883983b12ce3a058e43fe130
19,2251.94696441,0.03378019532281434,0x4ed8fc60b6b921c310e63fa3dc6e229aa1d56d76,2017-10-30T20:56:24.000Z,0.00001500043999999999,0xb88f78a18601dce45130d0cbe230d387a1779792,sell,0xae258d5322b59d64df9eb483e3b1733332c3b66c,0xb76d708ee11d0b6c05d5e4b216e058a410a9480d3da55f2393dd7608251042c7
20,6000,0.096,0x9f4864255b14e1515f0af13e395adbcd0f421b20,2017-10-30T20:35:31.000Z,0.000016,0xe747d54cebaaeb258280f61ab90b64580fe3f424,sell,0xae258d5322b59d64df9eb483e3b1733332c3b66c,0xd15b72a15ada92a510a310a4f6db3ac63556ac18363af3589b287e65c74e7dec
21,3027.55665061,0.5449601971098,0xd2428e56a421abc63a70cb5fb02b51569d7ebdfa,2017-10-30T17:51:02.000Z,0.00018,0xaa85b24ac88a0a235f1977821194adce1cda9144,buy,0xae258d5322b59d64df9eb483e3b1733332c3b66c,0x90aea37b81a7a39eee310f8e0d9ff1e75a9562a300955a318be39b1beb7cd4ad
22,850,0.102,0x3f45f1c8d3d11b139a22e10d53693bed0605b547,2017-10-30T17:45:09.000Z,0.00012,0xe747d54cebaaeb258280f61ab90b64580fe3f424,buy,0xae258d5322b59d64df9eb483e3b1733332c3b66c,0xbdf9cc21b59a4380185244996a42a3d4632fe0f98cf7965df7006b814e20e262
23,1,0.00034,0x213f01a98c07c24782aeedf701261abb110a1045,2017-10-30T17:08:41.000Z,0.00034,0x213f01a98c07c24782aeedf701261abb110a1045,buy,0xae258d5322b59d64df9eb483e3b1733332c3b66c,0x759206850811d52fac1024d034af1ba012c5fa8d08c2dafbb7e93ed40859f67e
24,433.655,0.013442871345,0xe747d54cebaaeb258280f61ab90b64580fe3f424,2017-10-30T14:48:29.000Z,0.000030999,0x971f30c325d9924ad472adf0bf98702502baad93,buy,0xae258d5322b59d64df9eb483e3b1733332c3b66c,0xb5028c3e380a080005b52a87d69aca25c89624b3c2620e49288521dfcb157366
25,2900,0.26071,0xe747d54cebaaeb258280f61ab90b64580fe3f424,2017-10-30T14:47:50.000Z,0.0000899,0xf45a790357ebecf4e511e8bd5e5c8a738d307336,buy,0xae258d5322b59d64df9eb483e3b1733332c3b66c,0x86c02060e0a338b024d4478eb84e593d21e611e5210b9a5da4c3e4f2ac2c50f3
26,3309.99999999,0.1026099999999872,0xe747d54cebaaeb258280f61ab90b64580fe3f424,2017-10-30T14:47:20.000Z,0.00003100000000008978,0x053847cdb84d33ceac933086074b6ff65f61e739,buy,0xae258d5322b59d64df9eb483e3b1733332c3b66c,0xdb0880032f8655f81d4cd8a537db48df98cdea01d062eb60fd8cc07ac05b1c93
27,3116.536,0.09349608,0xe747d54cebaaeb258280f61ab90b64580fe3f424,2017-10-30T14:47:01.000Z,0.00003,0xffe9735ecee5a3b9d043c09d4d2c5ee1df08473b,buy,0xae258d5322b59d64df9eb483e3b1733332c3b66c,0x34084b0f23dd89fbafc11991ce9c1708b14df99ee66b237e0a9b6c26dfb0fa06
28,522.38062007,0.0104476124014,0x9f4864255b14e1515f0af13e395adbcd0f421b20,2017-10-30T06:06:49.000Z,0.00002,0xf71326a435fd4f8dba89a630d10776f2e96e1a35,sell,0xae258d5322b59d64df9eb483e3b1733332c3b66c,0xaf78507e362abaf34bd6ebf66376066790ab17c6f6baebb7bba56d5807e441fe
29,1493.686,0.040329522,0xb494cfe633ccce58a6d9ec49b5f1a332a89d2ca5,2017-10-30T05:46:33.000Z,0.000027,0x55b7948a7561719f053ce7d6aa5b44bfe40158b3,sell,0xae258d5322b59d64df9eb483e3b1733332c3b66c,0x01f5a416d72927bf45c869137a2d1930c9c18ef0401de5dedcaae8a533f5a35f
30,134.31362775,0.00362646794925,0xb494cfe633ccce58a6d9ec49b5f1a332a89d2ca5,2017-10-30T04:52:27.000Z,0.000027,0xd460056fd946b6a3f0240e15e7732016fbe1eb36,sell,0xae258d5322b59d64df9eb483e3b1733332c3b66c,0xacf8856605663a07007c87157eb7c6bc195f487caaa6819b00b418e95fc1c20e
31,4985.19198008,0.0997038396016,0x3421c555a64032f3bb56c0f1236138dc88ae4c7f,2017-10-29T21:13:38.000Z,0.00002,0x67184334d94448a27eb5db91cac5ae291172acb9,sell,0xae258d5322b59d64df9eb483e3b1733332c3b66c,0xf415cdb0a7caf2d0e83a0c58f783b209f8ba95e55f32ecc083d0dd05505dc05c
32,3390.7520066,0.0644242881254,0xf45a790357ebecf4e511e8bd5e5c8a738d307336,2017-10-29T11:52:16.000Z,0.000019,0x67184334d94448a27eb5db91cac5ae291172acb9,sell,0xae258d5322b59d64df9eb483e3b1733332c3b66c,0xca2514fa5dda76c751492309b2e0f086661a5d6effc181c9c46edae74e62ec8c
33,1,0.00035,0x213f01a98c07c24782aeedf701261abb110a1045,2017-10-29T00:58:28.000Z,0.00035,0x213f01a98c07c24782aeedf701261abb110a1045,buy,0xae258d5322b59d64df9eb483e3b1733332c3b66c,0x4a0aafe2cac150458495a6fac5015fb0076d2bdb69cecb07665db3f0c4114c87
34,1007.36018343,0.01913984348517,0xf45a790357ebecf4e511e8bd5e5c8a738d307336,2017-10-28T16:05:53.000Z,0.000019,0xce75ef6b4f63587e61e608572ad8b153c141f00d,sell,0xae258d5322b59d64df9eb483e3b1733332c3b66c,0x3b8b90d6720685c1f415e15c273b1e999364c6d9a3848e256f47f532d78537f9
35,1839,0.05517,0x1b2ba681893d2b2e301e095303a419b9c2c2bbaf,2017-10-28T15:57:45.000Z,0.00003,0xce75ef6b4f63587e61e608572ad8b153c141f00d,sell,0xae258d5322b59d64df9eb483e3b1733332c3b66c,0x8fd6ee731d50a93ed8a624543e418bafc2b19a914971d071c68c0867a7e59775
36,161,0.00483,0x1b2ba681893d2b2e301e095303a419b9c2c2bbaf,2017-10-28T07:31:38.000Z,0.00003,0x7e279f1ec2ca95fe2b823cafa918cd0bdf6314d4,sell,0xae258d5322b59d64df9eb483e3b1733332c3b66c,0x1427ed119f5983c9f79745cb6f0e2696f25378038910677f94ccd288800e16c2
37,1700,0.0629,0x38223b8ebc6d6f404f887df06c334c4702a55711,2017-10-28T05:26:29.000Z,0.000037,0x7e279f1ec2ca95fe2b823cafa918cd0bdf6314d4,buy,0xae258d5322b59d64df9eb483e3b1733332c3b66c,0xcfccd5ef08f316cd63a6be57d3f275b6bd6dcab84cc7b77d039500632dd0faa9
38,2000,0.06,0x1b2ba681893d2b2e301e095303a419b9c2c2bbaf,2017-10-28T05:05:57.000Z,0.00003,0xdf3ac56dfdd88f987ef49d9d1c6cf264ff3eba0c,sell,0xae258d5322b59d64df9eb483e3b1733332c3b66c,0xc82868130a3572df748c333178eaf59bdb789da0eda3152daf649cc1d10bfd8d
39,132.37003495,0.004897691293468489,0xdf3ac56dfdd88f987ef49d9d1c6cf264ff3eba0c,2017-10-28T05:05:23.000Z,0.00003700000000240605,0x7e279f1ec2ca95fe2b823cafa918cd0bdf6314d4,buy,0xae258d5322b59d64df9eb483e3b1733332c3b66c,0xdf515eab1ac16f158e1f627ed968155861074f8e880d9ca28755d3803365c252
40,994.19167393,0.02982475602622607,0x7e279f1ec2ca95fe2b823cafa918cd0bdf6314d4,2017-10-28T01:27:15.000Z,0.000029999,0x9d413c9f3650b2d7a264373bc89c457a05dedcae,sell,0xae258d5322b59d64df9eb483e3b1733332c3b66c,0xa703efc4af30bc354f08bd2c5754212833f685e3c86db5ffc61c2efe54833132
41,1000,0.0325,0x7e279f1ec2ca95fe2b823cafa918cd0bdf6314d4,2017-10-28T01:26:04.000Z,0.0000325,0x9d413c9f3650b2d7a264373bc89c457a05dedcae,sell,0xae258d5322b59d64df9eb483e3b1733332c3b66c,0xf0d6c2bc6374ded5a450b2a953d895a128a46f639954e989454e3206e49ff492
42,1108,0.034348,0x7ecbc907edb6f029f33b22c5da46cdcc8c3c52d2,2017-10-27T16:55:05.000Z,0.000031,0x9d413c9f3650b2d7a264373bc89c457a05dedcae,buy,0xae258d5322b59d64df9eb483e3b1733332c3b66c,0x7005d0a475dae5f75b30deec7f21ece267ea38602a69f6ec977f555f1e96ffd0
43,100,0.0031,0x50faa4061b9eab7fc670dce4ed25f03c4fa65524,2017-10-27T16:41:08.000Z,0.000031,0xfb41127338c9da0fb4c2632a4c12918b5a0da94c,sell,0xae258d5322b59d64df9eb483e3b1733332c3b66c,0x1e02cd0142925ed4d7acf80a39a74eeb1be3041ecdb42a2eff597fccfae1bb59
44,100,0.0031,0x50faa4061b9eab7fc670dce4ed25f03c4fa65524,2017-10-27T16:40:41.000Z,0.000031,0xfb41127338c9da0fb4c2632a4c12918b5a0da94c,sell,0xae258d5322b59d64df9eb483e3b1733332c3b66c,0x1e02cd0142925ed4d7acf80a39a74eeb1be3041ecdb42a2eff597fccfae1bb59
45,982.73233188,0.030464702288313234,0xfb41127338c9da0fb4c2632a4c12918b5a0da94c,2017-10-27T16:32:10.000Z,0.00003100000000003381,0x9d413c9f3650b2d7a264373bc89c457a05dedcae,buy,0xae258d5322b59d64df9eb483e3b1733332c3b66c,0x9fe07c5e63148e70ce5202d81aed959942e8515d04777330e53f37f0adb09927
46,225,0.00691875,0xfb41127338c9da0fb4c2632a4c12918b5a0da94c,2017-10-27T16:31:20.000Z,0.00003075,0x7e279f1ec2ca95fe2b823cafa918cd0bdf6314d4,buy,0xae258d5322b59d64df9eb483e3b1733332c3b66c,0xf08eb411f56b8665b2dbe603e63974617d9fc4c5cb115ba6fe4102160180526b
47,999.99959583,0.02999898787530417,0xfb41127338c9da0fb4c2632a4c12918b5a0da94c,2017-10-27T16:30:05.000Z,0.000029999,0xc21e2dc25f7ebcf2eaee88d6a558a60acb471ada,buy,0xae258d5322b59d64df9eb483e3b1733332c3b66c,0xae10641da7d6226d010a7af587ed31216a73fa4d657eb5f20c2bf0faa81be671
48,193.412,0.005608754588,0xfb41127338c9da0fb4c2632a4c12918b5a0da94c,2017-10-27T16:29:00.000Z,0.000028999,0xc21e2dc25f7ebcf2eaee88d6a558a60acb471ada,buy,0xae258d5322b59d64df9eb483e3b1733332c3b66c,0xc0e8f6d04bb2df509302181500bf7474eb2d4f1673372b4b6164e215be451212
49,1000,0.02999,0xc21e2dc25f7ebcf2eaee88d6a558a60acb471ada,2017-10-27T16:18:16.000Z,0.00002999,0xc21e2dc25f7ebcf2eaee88d6a558a60acb471ada,sell,0xae258d5322b59d64df9eb483e3b1733332c3b66c,0x34208068c9bad5471532214e2c6c252aba6e5a3fb7658a67e9989fbcb0db91c8
50,433.65566743,0.0078535041371573,0x971f30c325d9924ad472adf0bf98702502baad93,2017-10-27T14:19:44.000Z,0.00001811,0xf015a6bf5ecb0ed05a1a827b091fcba8ac4dd774,sell,0xae258d5322b59d64df9eb483e3b1733332c3b66c,0x538334f1efbd2e404f7617cb86a378d084b5b5833fdea40fc3d95002d6a2bc58
51,100,0.001811,0x9d413c9f3650b2d7a264373bc89c457a05dedcae,2017-10-27T12:40:59.000Z,0.00001811,0x19e9dcb3eafba41246940a7cae2333cad608d8b2,buy,0xae258d5322b59d64df9eb483e3b1733332c3b66c,0x982da212eca4d338628ccbdc9bfe642eb031b22605badfc0775a65a5ade7d51e
52,1999,0.0361819,0x9d413c9f3650b2d7a264373bc89c457a05dedcae,2017-10-27T12:40:02.000Z,0.0000181,0x9c190adfc18494fbcdb1ba553518da5fccaab794,buy,0xae258d5322b59d64df9eb483e3b1733332c3b66c,0x794e7993206c43d827b117884baf69ff5e475eed294960949efb4fab1772dcab
53,1992.006,0.037848114,0x9d413c9f3650b2d7a264373bc89c457a05dedcae,2017-10-27T08:23:14.000Z,0.000019,0x7aa6e2506316f6d613277d4f2f4e4e1dc55e528e,sell,0xae258d5322b59d64df9eb483e3b1733332c3b66c,0xe91d0cd6ecc836ae815879101e3ba06693cf3509c2e45632958d0a8ebb7f0d1c
54,1998,0.0361638,0x7aa6e2506316f6d613277d4f2f4e4e1dc55e528e,2017-10-27T08:23:14.000Z,0.0000181,0x9c190adfc18494fbcdb1ba553518da5fccaab794,buy,0xae258d5322b59d64df9eb483e3b1733332c3b66c,0xe91d0cd6ecc836ae815879101e3ba06693cf3509c2e45632958d0a8ebb7f0d1c
55,1196.29196662,0.0526248836116138,0xc21e2dc25f7ebcf2eaee88d6a558a60acb471ada,2017-10-27T03:34:24.000Z,0.00004399,0xc21e2dc25f7ebcf2eaee88d6a558a60acb471ada,sell,0xae258d5322b59d64df9eb483e3b1733332c3b66c,0xfe6a01cfc01742ef6f6484a7cbcdc872995582ff44be9b29f7a220286e952332
56,2000,0.099,0xb88f78a18601dce45130d0cbe230d387a1779792,2017-10-27T02:43:42.000Z,0.0000495,0x9c190adfc18494fbcdb1ba553518da5fccaab794,buy,0xae258d5322b59d64df9eb483e3b1733332c3b66c,0x8af95a6f3b313fe3872bf7d230adbf1a71844f69b1b956f18097898fb1974b04
57,942.428,0.04240926,0xb88f78a18601dce45130d0cbe230d387a1779792,2017-10-27T02:42:33.000Z,0.000045,0xc21e2dc25f7ebcf2eaee88d6a558a60acb471ada,buy,0xae258d5322b59d64df9eb483e3b1733332c3b66c,0x251a8f3032657fc7f9f6ca5a7b37741ef3bfd91994b3cceb6b9ffc6fec717c63
58,200,0.0088,0xb88f78a18601dce45130d0cbe230d387a1779792,2017-10-27T02:42:24.000Z,0.000044,0xc21e2dc25f7ebcf2eaee88d6a558a60acb471ada,buy,0xae258d5322b59d64df9eb483e3b1733332c3b66c,0x0e878f89c4137d4aca00c994aad92c563eafe25015c1a2e8aa793f739781cbf1
59,2527,0.11358865,0xb88f78a18601dce45130d0cbe230d387a1779792,2017-10-27T02:39:21.000Z,0.00004495,0xd601541eb42c83bd871639c1b6a21a9e08405268,buy,0xae258d5322b59d64df9eb483e3b1733332c3b66c,0xc42e2b7758cde7a4ffb8e3bf3ea3afb04d3b39c55fa704e324de31535d9f782e
60,100,0.0044,0xb88f78a18601dce45130d0cbe230d387a1779792,2017-10-27T02:35:45.000Z,0.000044,0xc21e2dc25f7ebcf2eaee88d6a558a60acb471ada,buy,0xae258d5322b59d64df9eb483e3b1733332c3b66c,0xff5f97f64d08b8a679cb549c57ca1ee87ef9bf3378fc3a32dfdc078ef4ab1004
61,24,0.00168,0xf71326a435fd4f8dba89a630d10776f2e96e1a35,2017-10-26T22:17:17.000Z,0.00007,0x15cd30009b5c47264dd1babc00de1e1180aeb40d,buy,0xae258d5322b59d64df9eb483e3b1733332c3b66c,0xc7d7205892721b7cf5ab4eb15d2b42803758be8c5dcdde92aa4cd8694e61a611
62,500,0.035,0xf71326a435fd4f8dba89a630d10776f2e96e1a35,2017-10-26T21:50:33.000Z,0.00007,0xffe9735ecee5a3b9d043c09d4d2c5ee1df08473b,buy,0xae258d5322b59d64df9eb483e3b1733332c3b66c,0x665a60a67565f9a3e89c8d803a7187646e5b88d1d19f41f5bf338751bd8273cc
63,15,0.0012,0x9c190adfc18494fbcdb1ba553518da5fccaab794,2017-10-26T13:00:26.000Z,0.00008,0xffe9735ecee5a3b9d043c09d4d2c5ee1df08473b,sell,0xae258d5322b59d64df9eb483e3b1733332c3b66c,0x4fad803fc5d1f69056846031679c22d9a266edb6cea471e7e1a1873f6a9eaeea
64,500,0.035,0x9c190adfc18494fbcdb1ba553518da5fccaab794,2017-10-26T12:33:48.000Z,0.00007,0xd601541eb42c83bd871639c1b6a21a9e08405268,sell,0xae258d5322b59d64df9eb483e3b1733332c3b66c,0x838d5b4d53419831053b73ecdd7508ff0853b77795fc81e5350bb05319bc03a4
65,4985,0.3988,0x9c190adfc18494fbcdb1ba553518da5fccaab794,2017-10-26T12:22:54.000Z,0.00008,0x7aa6e2506316f6d613277d4f2f4e4e1dc55e528e,sell,0xae258d5322b59d64df9eb483e3b1733332c3b66c,0x61e70083d4a4f8b5c6d8e6a0e2349eca6b7f1ea8a8d9f18a8aa6404d57ba0f27
66,5000,0.34995,0x7aa6e2506316f6d613277d4f2f4e4e1dc55e528e,2017-10-26T12:22:54.000Z,0.00006999,0xdf3ac56dfdd88f987ef49d9d1c6cf264ff3eba0c,buy,0xae258d5322b59d64df9eb483e3b1733332c3b66c,0x61e70083d4a4f8b5c6d8e6a0e2349eca6b7f1ea8a8d9f18a8aa6404d57ba0f27
67,498.5,0.03988,0x9c190adfc18494fbcdb1ba553518da5fccaab794,2017-10-26T12:21:44.000Z,0.00008,0x273a5d3e6721b9f5c1a6474f560c1334c63dda01,sell,0xae258d5322b59d64df9eb483e3b1733332c3b66c,0x2af84e42c088415c4afd504bdee5713f1332b8e2a2a4be709c4dc1b7966c1ca9
68,500,0.034975,0x273a5d3e6721b9f5c1a6474f560c1334c63dda01,2017-10-26T12:21:44.000Z,0.00006995,0xd601541eb42c83bd871639c1b6a21a9e08405268,buy,0xae258d5322b59d64df9eb483e3b1733332c3b66c,0x2af84e42c088415c4afd504bdee5713f1332b8e2a2a4be709c4dc1b7966c1ca9
69,5000,0.25,0xa2312851d68b8f40df119f1b63f95e7600d6fd98,2017-10-26T05:00:20.000Z,0.00005,0xdf3ac56dfdd88f987ef49d9d1c6cf264ff3eba0c,buy,0xae258d5322b59d64df9eb483e3b1733332c3b66c,0xe07ca4428e59a287daeb32eabb6d0b5168886bc71135cd1af618073893f157db
70,2000,0.19998,0xffe9735ecee5a3b9d043c09d4d2c5ee1df08473b,2017-10-26T02:46:15.000Z,0.00009999,0xd601541eb42c83bd871639c1b6a21a9e08405268,buy,0xae258d5322b59d64df9eb483e3b1733332c3b66c,0x711d0ea4c61fc0f0e62e8c7fc90b3e4e06bafbe4579548daedad4ce0503d83a5
71,100,0.008999,0x19e9dcb3eafba41246940a7cae2333cad608d8b2,2017-10-26T01:35:30.000Z,0.00008999,0x6d50eea626caecc03f6a587e55d4d9236c2d0e89,buy,0xae258d5322b59d64df9eb483e3b1733332c3b66c,0x89c77302a81e708db31273226eeee2ead56ab4ed48861b6feef8f13055853a12
72,3310,0.331,0x053847cdb84d33ceac933086074b6ff65f61e739,2017-10-25T23:01:01.000Z,0.0001,0x8d8fa4697eb9f097534e7302af73fddf14c5199c,buy,0xae258d5322b59d64df9eb483e3b1733332c3b66c,0xfc8b849a33a7f6b6c5592f3b76906df086631cb2dea2cd857849b720a0e3c011
73,14.402,0.001440185598,0x713420ec2fb66ed34d2c9488e4642b813501e8b8,2017-10-25T21:54:36.000Z,0.000099999,0xb8da992e13e98f837a37d1b877521b1f993859cb,buy,0xae258d5322b59d64df9eb483e3b1733332c3b66c,0x27137b5737ca7e056e1250ba3f36a29401041090a418796d44b1800a73a998fe
74,995.03,0.0099503,0x8b00b09683f9eaa752fd9a9c4ce852ceadc30904,2017-10-25T21:09:56.000Z,0.00001,0x16b52f0af18f6ac046fa67f06e59c42c987718dd,buy,0xae258d5322b59d64df9eb483e3b1733332c3b66c,0x43ae7d38152f562eecb89c8f9fcdcaf4097ca26a473003732f4f21b54fe62481
75,0.00000004,0.000000000000493849,0x8b00b09683f9eaa752fd9a9c4ce852ceadc30904,2017-10-25T20:52:31.000Z,0.000012346225,0x16b52f0af18f6ac046fa67f06e59c42c987718dd,buy,0xae258d5322b59d64df9eb483e3b1733332c3b66c,0xf6fb115ce6f9a542c92fb2ef9b95d8372140341fbde5e127490310054e03fb2f
76,0.00049537,0.000000004953786817,0x8b00b09683f9eaa752fd9a9c4ce852ceadc30904,2017-10-25T20:52:12.000Z,0.00001000017525687869,0x16b52f0af18f6ac046fa67f06e59c42c987718dd,buy,0xae258d5322b59d64df9eb483e3b1733332c3b66c,0x5ab09e846ddef69abce2ae3e1bbd526cca8e28c92576b4bef486d060da8833d6
77,4.96914355,0.000049691435564803,0x8b00b09683f9eaa752fd9a9c4ce852ceadc30904,2017-10-25T20:51:20.000Z,0.00001000000001304108,0x16b52f0af18f6ac046fa67f06e59c42c987718dd,buy,0xae258d5322b59d64df9eb483e3b1733332c3b66c,0xf5dba0ad0162d82346b2745dc194394e99bb141356765d287c21ae3b2d2c6009
78,29.91,0.008973,0x7ecbc907edb6f029f33b22c5da46cdcc8c3c52d2,2017-10-25T20:39:34.000Z,0.0003,0x273a5d3e6721b9f5c1a6474f560c1334c63dda01,sell,0xae258d5322b59d64df9eb483e3b1733332c3b66c,0xf6464e0e6c9e483fef70d5b5c4d425f98133327961ea6498334705af82d35111
79,34.895,0.009577107225,0x45f7102f828bdf32b32d78e64d416c2286307c5b,2017-10-25T20:39:34.000Z,0.000274455,0x273a5d3e6721b9f5c1a6474f560c1334c63dda01,sell,0xae258d5322b59d64df9eb483e3b1733332c3b66c,0x84b137ab830be69e75277e00bbfa8efd6b874ab45e7e9338424a92711a068194
80,30,0.0029997,0x273a5d3e6721b9f5c1a6474f560c1334c63dda01,2017-10-25T20:39:34.000Z,0.00009999,0xd601541eb42c83bd871639c1b6a21a9e08405268,buy,0xae258d5322b59d64df9eb483e3b1733332c3b66c,0xf6464e0e6c9e483fef70d5b5c4d425f98133327961ea6498334705af82d35111
81,35,0.00349965,0x273a5d3e6721b9f5c1a6474f560c1334c63dda01,2017-10-25T20:39:34.000Z,0.00009999,0xd601541eb42c83bd871639c1b6a21a9e08405268,buy,0xae258d5322b59d64df9eb483e3b1733332c3b66c,0x84b137ab830be69e75277e00bbfa8efd6b874ab45e7e9338424a92711a068194
82,4984.59774748,0.49845479015053334,0x8b00b09683f9eaa752fd9a9c4ce852ceadc30904,2017-10-25T20:16:37.000Z,0.00009999900000005633,0xb8da992e13e98f837a37d1b877521b1f993859cb,buy,0xae258d5322b59d64df9eb483e3b1733332c3b66c,0xdf111df18957d97ec654caf8f918708c7f0413e89e82632f13ffe23e83cde9a2
83,135.28743998,0.0189402415972,0x5df4b8b374247e0f970932f1784ad2064511a8ad,2017-10-25T19:03:05.000Z,0.00014,0x7ecbc907edb6f029f33b22c5da46cdcc8c3c52d2,sell,0xae258d5322b59d64df9eb483e3b1733332c3b66c,0x72f39f25bf145c382c0a046533cc0e86ed453cf9ccdd3f83d1ab91540f064293
84,0.00006003,0.0000000084042,0x5df4b8b374247e0f970932f1784ad2064511a8ad,2017-10-25T19:01:28.000Z,0.00014,0x7ecbc907edb6f029f33b22c5da46cdcc8c3c52d2,sell,0xae258d5322b59d64df9eb483e3b1733332c3b66c,0xa7279c25027a04be058edd307de6c8ed3fb91273f6a6636422fc6d55bb091e79
85,89.73,0.0125622,0x5df4b8b374247e0f970932f1784ad2064511a8ad,2017-10-25T19:01:26.000Z,0.00014,0x273a5d3e6721b9f5c1a6474f560c1334c63dda01,sell,0xae258d5322b59d64df9eb483e3b1733332c3b66c,0x3a7eac4c046b7722e861d9df557fb400ff654c8a1a01dcd70365590c748a199f
86,90,0.009,0x273a5d3e6721b9f5c1a6474f560c1334c63dda01,2017-10-25T19:01:26.000Z,0.0001,0x8d8fa4697eb9f097534e7302af73fddf14c5199c,buy,0xae258d5322b59d64df9eb483e3b1733332c3b66c,0x3a7eac4c046b7722e861d9df557fb400ff654c8a1a01dcd70365590c748a199f
87,100,0.01,0x7ecbc907edb6f029f33b22c5da46cdcc8c3c52d2,2017-10-25T19:00:27.000Z,0.0001,0x8d8fa4697eb9f097534e7302af73fddf14c5199c,buy,0xae258d5322b59d64df9eb483e3b1733332c3b66c,0xcaec1322eca2c8c253fd5b70c190d15c48ed8e930395dd301cfd6d6eff1bd481
88,1221.32499999,0.1709854999986,0x5df4b8b374247e0f970932f1784ad2064511a8ad,2017-10-25T18:58:40.000Z,0.00014,0xd2ea382e498316d91b9de8557670149b479721a0,sell,0xae258d5322b59d64df9eb483e3b1733332c3b66c,0x8c1242ff26d2fdc30334c89f9559557da283cb4ed62ddd8b26d64927d66cea0f
89,1224.99999999,0.1102499999991,0xd2ea382e498316d91b9de8557670149b479721a0,2017-10-25T18:58:40.000Z,0.00009,0x0dc6e0bb14b58b88cd3005ace0c59fe5957c9535,buy,0xae258d5322b59d64df9eb483e3b1733332c3b66c,0x8c1242ff26d2fdc30334c89f9559557da283cb4ed62ddd8b26d64927d66cea0f
90,224.5,0.0370425,0x02ac8a95e7dce5d786feccdf3b246b35447319a8,2017-10-25T18:21:32.000Z,0.000165,0x6d008ff3111a579c78bd82a084cddea109d6f5e0,buy,0xae258d5322b59d64df9eb483e3b1733332c3b66c,0x6bb6e192a8f557332868f00a156af5230db970fce3c40fb1aeec4da36b75c22f
91,5,0.004999995,0x02ac8a95e7dce5d786feccdf3b246b35447319a8,2017-10-25T18:21:03.000Z,0.000999999,0xf36990a2cb4d609e0a7d4f3bf884c0342d81fd3d,buy,0xae258d5322b59d64df9eb483e3b1733332c3b66c,0xf6068532910c9ff4eae9b47c55933c019e7d41af40b8d72fa65d5b8edbef45f2
92,415.09666452,0.06226449967403535,0x02ac8a95e7dce5d786feccdf3b246b35447319a8,2017-10-25T18:20:01.000Z,0.00014999999999044884,0x4ed8fc60b6b921c310e63fa3dc6e229aa1d56d76,buy,0xae258d5322b59d64df9eb483e3b1733332c3b66c,0xa24bb5186673ed0aa8c661ffcfec2e8850fe2cbb04a8d286964f1b6d31d67648
93,3,0.01499997,0x02ac8a95e7dce5d786feccdf3b246b35447319a8,2017-10-25T18:15:38.000Z,0.00499999,0x0b2de009825eac9a347868b44349aa32e91ef81f,buy,0xae258d5322b59d64df9eb483e3b1733332c3b66c,0x87fabbcee176653707d1dae0e60bc41d6d1e1718c2bdc707cbd3b76837dba1fd
94,5199.5656005,0.027713684650665,0xd601541eb42c83bd871639c1b6a21a9e08405268,2017-10-25T17:44:27.000Z,0.00000533,0x655f66f6b5b750a477224ab894e413b7df277d8d,sell,0xae258d5322b59d64df9eb483e3b1733332c3b66c,0xf49fc0a25b45dadb77e1eec733105d11ca7374da132c0fc24c8c275142892f50
95,1000,0.125,0xe5808bb3a48b1b26e5a9dece04b1256aaed6f8a9,2017-10-25T17:39:24.000Z,0.000125,0xf6feba5084a812ba0a7eb824d1d2355611eb9d9f,buy,0xae258d5322b59d64df9eb483e3b1733332c3b66c,0x4c4f20844af1dfb871535e6f4927a7834f1df613d22c7b5be8e1af23d34a593f
96,0.00000033,0.000000000019184035,0x0b38c1b5ed4520eb9fdab0ce42a6c6248c8baa52,2017-10-25T17:31:19.000Z,0.00005813343939393939,0x655f66f6b5b750a477224ab894e413b7df277d8d,buy,0xae258d5322b59d64df9eb483e3b1733332c3b66c,0x4d1273778bcbb8b76336cc709dec4d1f600b1a85212289084dc3ba4b94987548
97,600,0.084,0x5d66c8055a20e5ce301c18cef3c1d37032b873da,2017-10-25T17:29:44.000Z,0.00014,0xaa85b24ac88a0a235f1977821194adce1cda9144,buy,0xae258d5322b59d64df9eb483e3b1733332c3b66c,0x26f6c3ce1d8c5c8d647c22110ddb3b5c272c4f9505377ce1e5ebe5220140199c
98,0.00331784,0.000000192435053369,0x0b38c1b5ed4520eb9fdab0ce42a6c6248c8baa52,2017-10-25T17:29:37.000Z,0.00005800010047772044,0x655f66f6b5b750a477224ab894e413b7df277d8d,buy,0xae258d5322b59d64df9eb483e3b1733332c3b66c,0x8fb2b1fd9c6d007a35e5be8802a866bfd16e37f34858f45e82c0f706e1ef7aff
99,33.28131069,0.001930316020336955,0x0b38c1b5ed4520eb9fdab0ce42a6c6248c8baa52,2017-10-25T17:28:35.000Z,0.00005800000000952351,0x655f66f6b5b750a477224ab894e413b7df277d8d,buy,0xae258d5322b59d64df9eb483e3b1733332c3b66c,0x4706f5d5dc0be946358f3b80ab320c77026a5196151e2924a79cda3d535f9ef5
100,200,0.029999999998,0x5d66c8055a20e5ce301c18cef3c1d37032b873da,2017-10-25T17:27:52.000Z,0.00014999999999,0x4ed8fc60b6b921c310e63fa3dc6e229aa1d56d76,buy,0xae258d5322b59d64df9eb483e3b1733332c3b66c,0x4250f0e13f74e6beae8c252856a80383129dec2f1e6ae6633b1be187addee592
101,200,0.028,0x5d66c8055a20e5ce301c18cef3c1d37032b873da,2017-10-25T17:27:36.000Z,0.00014,0xaa85b24ac88a0a235f1977821194adce1cda9144,buy,0xae258d5322b59d64df9eb483e3b1733332c3b66c,0x92f9041c848cbe156065181a2b1d4af4e086d4d8682d298caf31adbeb49b3d70
102,5.70701519,0.000331006881359441,0x468fc83e0820f334a49dc34fdd3457b91c089f09,2017-10-25T17:18:15.000Z,0.00005800000005947785,0x655f66f6b5b750a477224ab894e413b7df277d8d,buy,0xae258d5322b59d64df9eb483e3b1733332c3b66c,0x8324480ae5bc65208310d566db13856c6dacd693a18771a1d766d9e8f11ebb89
103,135,0.008235,0xf015a6bf5ecb0ed05a1a827b091fcba8ac4dd774,2017-10-25T17:16:04.000Z,0.000061,0x655f66f6b5b750a477224ab894e413b7df277d8d,buy,0xae258d5322b59d64df9eb483e3b1733332c3b66c,0x3f8bb13d015fbcde02f331c731f549e6b289cb8791b4b629126105aca7c87fde
104,300,0.02235,0xf015a6bf5ecb0ed05a1a827b091fcba8ac4dd774,2017-10-25T17:15:43.000Z,0.0000745,0x655f66f6b5b750a477224ab894e413b7df277d8d,buy,0xae258d5322b59d64df9eb483e3b1733332c3b66c,0xb8e6ebc17e7e6246063cefacc2a654e6b868719d8e8dcbfb1ed201f6ac73c284
105,99.69095803,0.0005313528062999,0xd601541eb42c83bd871639c1b6a21a9e08405268,2017-10-25T16:55:16.000Z,0.00000533,0x1e4eec59775420c6438b0b5f59f5ccdbd1d5a8c7,sell,0xae258d5322b59d64df9eb483e3b1733332c3b66c,0x9cdf24dca406dd4c37014e2e1d6c790196ce87bfcbe87cb8bca68a7c74bd973f
106,100,0.0051,0x1e4eec59775420c6438b0b5f59f5ccdbd1d5a8c7,2017-10-25T16:31:03.000Z,0.000051,0x655f66f6b5b750a477224ab894e413b7df277d8d,buy,0xae258d5322b59d64df9eb483e3b1733332c3b66c,0x687becce0b8469406a7111d19c9a2741fc2604082ebe074a7dac78c2eece6e34
107,294.55243823,0.001561127922619,0xd601541eb42c83bd871639c1b6a21a9e08405268,2017-10-25T13:19:37.000Z,0.0000053,0x32f9df2173649d734fa96656db7d4c0ef4b4627d,sell,0xae258d5322b59d64df9eb483e3b1733332c3b66c,0x15d61aaaa22fc21154cd01d69b36f83ae07e4593ac82c886726bab748d16958e
108,560,0.02856,0x501133b60402a06090ed4b190849af3851e171d2,2017-10-25T12:51:14.000Z,0.000051,0x7062e5bead29361e163b4474e169b4ad4c99f8e6,buy,0xae258d5322b59d64df9eb483e3b1733332c3b66c,0xa9ae27735a9ac52dea70266b1695c9b7909eb3b2c202a6ac966761dfbd268659
109,5000,0.028,0xf6feba5084a812ba0a7eb824d1d2355611eb9d9f,2017-10-25T09:40:18.000Z,0.0000056,0x32f9df2173649d734fa96656db7d4c0ef4b4627d,sell,0xae258d5322b59d64df9eb483e3b1733332c3b66c,0x8cce04b7611de034772a5c36dfe194843361f5e95b442bd0b70061ea90c56b8e
110,4675.50792544,0.0262062219220912,0x4d140c10845cb9a7dc740e966d54ce54436f8584,2017-10-25T09:40:15.000Z,0.000005605,0x32f9df2173649d734fa96656db7d4c0ef4b4627d,sell,0xae258d5322b59d64df9eb483e3b1733332c3b66c,0xab169e66c8d97e462b79a6905105f4e4efd76070ba0bb32b6472f74eeecb40a5
111,324.49207456,0.0018187780779088,0x4d140c10845cb9a7dc740e966d54ce54436f8584,2017-10-25T08:57:50.000Z,0.000005605,0x02be1b6ed2978533a5dd32f9afb702453df966af,sell,0xae258d5322b59d64df9eb483e3b1733332c3b66c,0x9f8f68f84e69e04f130acc38d7e63b3b4c30640a58c76e59d97ad3663d61876f
112,325.498,0.01952988,0x02be1b6ed2978533a5dd32f9afb702453df966af,2017-10-25T08:56:51.000Z,0.00006,0xab45233b06b1d1f452901661f6a931c9da663cc0,buy,0xae258d5322b59d64df9eb483e3b1733332c3b66c,0xba9aecc079cb110df1c18204ebe7242acce0b50c415b8992a3fcc826ba238189
113,384.90333547,0.05773550031796465,0xda335761adceaa57fe02367340c2e33ba185175e,2017-10-25T07:55:28.000Z,0.00014999999999341302,0x4ed8fc60b6b921c310e63fa3dc6e229aa1d56d76,buy,0xae258d5322b59d64df9eb483e3b1733332c3b66c,0xe555ba535c4bf401618b90567281a2ead2fab1bf6b721b21722df16468f9768d
114,5000,0.45,0x47ddb89e8ddfc2ab188e42736fcc8f486f0c6e97,2017-10-25T07:53:15.000Z,0.00009,0xaa85b24ac88a0a235f1977821194adce1cda9144,buy,0xae258d5322b59d64df9eb483e3b1733332c3b66c,0xb766806c05fae7ce426a4040800849d7510f2b8e15f1476622f37b319503a51a
115,9439.99853252,0.48143992515879364,0x47ddb89e8ddfc2ab188e42736fcc8f486f0c6e97,2017-10-25T07:52:20.000Z,0.00005100000000002898,0xdf1fd56ce34e7dafaf8276ece2ea7241af3c8181,buy,0xae258d5322b59d64df9eb483e3b1733332c3b66c,0xda5981b58b3d879784f966a98744c0d645453c905fbe3152461cfdd1c58b9a76
116,0.04700744,0.000000239737944,0xd601541eb42c83bd871639c1b6a21a9e08405268,2017-10-25T07:46:22.000Z,0.0000051,0x47ddb89e8ddfc2ab188e42736fcc8f486f0c6e97,sell,0xae258d5322b59d64df9eb483e3b1733332c3b66c,0xc742d39673c7695776f8c1a40893c0808f49690af0fdaf00feb8e4cfafbfd6a6
117,0.00000014,0.000000000007460248,0x47ddb89e8ddfc2ab188e42736fcc8f486f0c6e97,2017-10-25T07:39:37.000Z,0.00005328748571428571,0xdf1fd56ce34e7dafaf8276ece2ea7241af3c8181,buy,0xae258d5322b59d64df9eb483e3b1733332c3b66c,0x603cf8806829b1ca0c2d85e5d8d730b1fdc23de40051a718c3126a652dafc9bb
118,560,0.02856,0x7062e5bead29361e163b4474e169b4ad4c99f8e6,2017-10-25T07:35:42.000Z,0.000051,0xdf1fd56ce34e7dafaf8276ece2ea7241af3c8181,buy,0xae258d5322b59d64df9eb483e3b1733332c3b66c,0xdca3fe124d4dbaca4efb543e1a7352bd3de964377eae40249a680022ddde8ddf
119,0.00146732,0.000000074833745389,0x47ddb89e8ddfc2ab188e42736fcc8f486f0c6e97,2017-10-25T07:31:35.000Z,0.00005100028990881334,0xdf1fd56ce34e7dafaf8276ece2ea7241af3c8181,buy,0xae258d5322b59d64df9eb483e3b1733332c3b66c,0xb3dd17ded2e75e8eb034213c08cd157e2b337ba6160bb0ab8a548502da3adc96
120,10000,0.5,0xdf3ac56dfdd88f987ef49d9d1c6cf264ff3eba0c,2017-10-25T07:21:21.000Z,0.00005,0xb9934fc1a83ee00cfb8f3f496f25e0d7ba6e4087,buy,0xae258d5322b59d64df9eb483e3b1733332c3b66c,0x6a896e44b7c0688159df79d1f8cacd663b024c4e67163297f11cd58f848313bd
121,2559.32777322,0.11005109424868711,0xdf3ac56dfdd88f987ef49d9d1c6cf264ff3eba0c,2017-10-25T06:55:38.000Z,0.00004300000000008874,0xaa85b24ac88a0a235f1977821194adce1cda9144,buy,0xae258d5322b59d64df9eb483e3b1733332c3b66c,0x7b26b1e9c41064123d7115e5ef132adacc6d05c3e09cbf62145214234d8f4357
122,225,0.00966375,0xdf3ac56dfdd88f987ef49d9d1c6cf264ff3eba0c,2017-10-25T06:55:38.000Z,0.00004295,0x138af7a30c7b4ac9afb8c05eea7dc08f41a5c2f1,buy,0xae258d5322b59d64df9eb483e3b1733332c3b66c,0x2ce923b2430933c6cca78a9b77cf650615b25abe8a5f3a5316a8d13b48e563be
123,3160.87351885,0.01607304184335225,0x4d140c10845cb9a7dc740e966d54ce54436f8584,2017-10-25T00:16:23.000Z,0.000005085,0x738928116bc12cba6d103764a538dad8ccee5e82,sell,0xae258d5322b59d64df9eb483e3b1733332c3b66c,0x1a7b95f38a3eac302717ab1e9799f90e9c7246d3b194bc07a9fb2f317a271243
124,1200,0.0516,0x738928116bc12cba6d103764a538dad8ccee5e82,2017-10-24T23:49:09.000Z,0.000043,0xaa85b24ac88a0a235f1977821194adce1cda9144,buy,0xae258d5322b59d64df9eb483e3b1733332c3b66c,0x18522f23692fa2fa6288dcd48cfe09cf9d66f8395160cbac924e8e1885018bcb
125,0.04325181,0.000001859827912713,0x738928116bc12cba6d103764a538dad8ccee5e82,2017-10-24T23:36:13.000Z,0.00004300000191235927,0xaa85b24ac88a0a235f1977821194adce1cda9144,buy,0xae258d5322b59d64df9eb483e3b1733332c3b66c,0xeba055223358411e5ff71dedc8e54280d007df2b8d0f7bdfc24f96427fc6def1
126,433.8589254,0.018655933792421104,0x738928116bc12cba6d103764a538dad8ccee5e82,2017-10-24T23:35:21.000Z,0.00004300000000050961,0xaa85b24ac88a0a235f1977821194adce1cda9144,buy,0xae258d5322b59d64df9eb483e3b1733332c3b66c,0x0b827ccd204de75e811c6272a132831045b8f1a9c2e98d99e7642d2dd5b67757
127,806.77004955,0.03469111213097907,0x738928116bc12cba6d103764a538dad8ccee5e82,2017-10-24T23:07:16.000Z,0.00004300000000040788,0xaa85b24ac88a0a235f1977821194adce1cda9144,buy,0xae258d5322b59d64df9eb483e3b1733332c3b66c,0xd7220c6d1aa6a0425cc9a398b8680ebe11e9d80ea7b603297564487463b1e412
128,400,0.01716,0x738928116bc12cba6d103764a538dad8ccee5e82,2017-10-24T23:05:47.000Z,0.0000429,0x2bb2d041dcbe0fe7fd2c8e8f10bbe980a148798c,buy,0xae258d5322b59d64df9eb483e3b1733332c3b66c,0x2905bceac93e4c4deba3c061e076f4bae04efec5c638c474d3f16aa70cfb54b0
129,330,0.0132,0x738928116bc12cba6d103764a538dad8ccee5e82,2017-10-24T23:04:36.000Z,0.00004,0x468c0b08dfe1a4b8ae38321fead9da97a7729047,buy,0xae258d5322b59d64df9eb483e3b1733332c3b66c,0xc6ff3d83bee86f880993638e21a954c477c34eb158801825178a846f1b44621e
130,658.573,0.00658573,0x5ee606313a1460c264b74b4a0f24b656c98bcb86,2017-10-24T20:29:36.000Z,0.00001,0xffe9735ecee5a3b9d043c09d4d2c5ee1df08473b,sell,0xae258d5322b59d64df9eb483e3b1733332c3b66c,0xb7afbdfb9c9cde8d0453064cd1a438305d5a7bb0d3fa2aadfe958b66b5bc87c3
131,7958,0.23874,0x5874e979da103b6346056d7c0d59f0cef1d90558,2017-10-24T20:03:18.000Z,0.00003,0x06c6fea19f72ffeccb0326805b723ae3cae131ca,buy,0xae258d5322b59d64df9eb483e3b1733332c3b66c,0x72848ba7668a2884e765752f76d246e3224f272b1cd67bb5586b90d53e108640
132,500,0.02145,0x5874e979da103b6346056d7c0d59f0cef1d90558,2017-10-24T19:59:32.000Z,0.0000429,0x38223b8ebc6d6f404f887df06c334c4702a55711,buy,0xae258d5322b59d64df9eb483e3b1733332c3b66c,0x687a438682bea6f09b1337df925b9c43564e3a7d2eb3d2f5d8e937885df0e858
133,20000,0.86,0x5874e979da103b6346056d7c0d59f0cef1d90558,2017-10-24T19:54:30.000Z,0.000043,0x2590e5c09537cde195ed1c20f94ec963e151ec88,buy,0xae258d5322b59d64df9eb483e3b1733332c3b66c,0x9be8fdd8a937ffc731071df7f36450419144d14054e7580446b568b1432efa47
134,9500,0.379905,0x5874e979da103b6346056d7c0d59f0cef1d90558,2017-10-24T19:53:58.000Z,0.00003999,0x346eb8847ec84aae1463b80163a097ad3b24514d,buy,0xae258d5322b59d64df9eb483e3b1733332c3b66c,0x1bebdf993391b0e00d9985a18ddde815a748d02286256577004ef5c93a1f34b7
135,2035.874,0.08141460126,0x5874e979da103b6346056d7c0d59f0cef1d90558,2017-10-24T19:40:07.000Z,0.00003999,0x5ae933bfbbaa04c3e05ae56295138174ada9799c,sell,0xae258d5322b59d64df9eb483e3b1733332c3b66c,0x34458839187d659dde0eff26a327f30a416d17254498c92091918654f685212a
136,2042,0.06126,0x5ae933bfbbaa04c3e05ae56295138174ada9799c,2017-10-24T19:40:07.000Z,0.00003,0x06c6fea19f72ffeccb0326805b723ae3cae131ca,buy,0xae258d5322b59d64df9eb483e3b1733332c3b66c,0x34458839187d659dde0eff26a327f30a416d17254498c92091918654f685212a
137,4000,0.12,0x273a5d3e6721b9f5c1a6474f560c1334c63dda01,2017-10-24T19:39:47.000Z,0.00003,0xc297ce89eb439223c078dc3f8f89d886de014e52,buy,0xae258d5322b59d64df9eb483e3b1733332c3b66c,0xfa542effc23223f0b6beace44c52107bfbb47dddf13046e190ad2cc11df64d54
138,9970,0.3987003,0x5874e979da103b6346056d7c0d59f0cef1d90558,2017-10-24T19:39:47.000Z,0.00003999,0x273a5d3e6721b9f5c1a6474f560c1334c63dda01,sell,0xae258d5322b59d64df9eb483e3b1733332c3b66c,0x288a6d09dc8b1dd6fa9ebf52b2439bd70c36799c28d7ec847653ec74962d1a0c
139,10000,0.3,0x273a5d3e6721b9f5c1a6474f560c1334c63dda01,2017-10-24T19:39:47.000Z,0.00003,0xdf1fd56ce34e7dafaf8276ece2ea7241af3c8181,buy,0xae258d5322b59d64df9eb483e3b1733332c3b66c,0x288a6d09dc8b1dd6fa9ebf52b2439bd70c36799c28d7ec847653ec74962d1a0c
140,3988,0.15948012,0x5874e979da103b6346056d7c0d59f0cef1d90558,2017-10-24T19:39:47.000Z,0.00003999,0x273a5d3e6721b9f5c1a6474f560c1334c63dda01,sell,0xae258d5322b59d64df9eb483e3b1733332c3b66c,0xfa542effc23223f0b6beace44c52107bfbb47dddf13046e190ad2cc11df64d54
141,1892.12981861,0.010406714002355,0xffe9735ecee5a3b9d043c09d4d2c5ee1df08473b,2017-10-24T19:13:28.000Z,0.0000055,0xa7622a77bf13ba8dc6c37d1edd278346a7e0c174,sell,0xae258d5322b59d64df9eb483e3b1733332c3b66c,0x7e1db00bed25bac4811a5d5d19608c716d0a899a130bd1b06f8372a3e0d179a5
142,10000,0.05,0xc8b08e74770bec585716918eb6eba4c1828170c7,2017-10-24T19:12:25.000Z,0.000005,0xa7622a77bf13ba8dc6c37d1edd278346a7e0c174,sell,0xae258d5322b59d64df9eb483e3b1733332c3b66c,0x3ab23d8f11cc04714d849396ce37da49e6bbadca0d36fa68ce5da13fb18825f9
143,3000,0.01665,0x4ed8fc60b6b921c310e63fa3dc6e229aa1d56d76,2017-10-24T19:08:33.000Z,0.00000555,0xa7622a77bf13ba8dc6c37d1edd278346a7e0c174,sell,0xae258d5322b59d64df9eb483e3b1733332c3b66c,0xbbf1f5380773fe80dc5c112fe57bbf536648cbd3bf53bb82149217fa92838d14
144,10000,0.05525,0x4d140c10845cb9a7dc740e966d54ce54436f8584,2017-10-24T19:08:08.000Z,0.000005525,0xa7622a77bf13ba8dc6c37d1edd278346a7e0c174,sell,0xae258d5322b59d64df9eb483e3b1733332c3b66c,0x4ffa2781019ac66c2dce3a83c4b0ece16edce0a6c471f5086cafe53655f4902f
145,330,0.0066,0x468c0b08dfe1a4b8ae38321fead9da97a7729047,2017-10-24T18:08:36.000Z,0.00002,0x9ec0aac861f4b8e010a6348bf019105c87230d02,buy,0xae258d5322b59d64df9eb483e3b1733332c3b66c,0x2e04532f856358afde07a8cf712e307438714decd3df12a8715ee21bb4ed73fb
146,241.4267211,0.002414267211,0x5ee606313a1460c264b74b4a0f24b656c98bcb86,2017-10-24T17:52:58.000Z,0.00001,0xd6b329e0df0934fd0bb3bb305ab539bef1432721,sell,0xae258d5322b59d64df9eb483e3b1733332c3b66c,0xee24838d38d54836b32be677ee4a02fc6bc9549076432376ec23133986eec964
147,14066.748,0.1575475776,0x55b7948a7561719f053ce7d6aa5b44bfe40158b3,2017-10-24T17:43:11.000Z,0.0000112,0xa7622a77bf13ba8dc6c37d1edd278346a7e0c174,sell,0xae258d5322b59d64df9eb483e3b1733332c3b66c,0x62c5f4aa4ebdbc93421ce0aabc5a1cb65e24a814940dc9cccf6a0743118ff3d1
148,8433.25179531,0.094452420107472,0x55b7948a7561719f053ce7d6aa5b44bfe40158b3,2017-10-24T13:45:47.000Z,0.0000112,0xafb6a01e754976ac2cb970f5e55a116b477de0f7,sell,0xae258d5322b59d64df9eb483e3b1733332c3b66c,0x04f7ba758d2fdb87552b1d14bb0bf48d0138c5528150b2f1fa84b59f7a08b775
149,1111,0.04440667,0xd8d06134e33e921cd7a7487a3e38cdbe82564f9c,2017-10-24T13:32:38.000Z,0.00003997,0x8bb282fcbecc628dfb235a17a3e6edf2467ad2cf,buy,0xae258d5322b59d64df9eb483e3b1733332c3b66c,0x91bfd85ce07fbdb92629aae5068c097bf2c380c0007e79bd6ef0a46509f36057
150,225,0.00225135,0x037f96a2a6430376cff5cd297cc40c2554f8f7bf,2017-10-24T05:59:54.000Z,0.000010006,0xab838be41eaf45c4fd544457b676182af3d39fe6,buy,0xae258d5322b59d64df9eb483e3b1733332c3b66c,0xf1ce0b5ef2ee341b121616b1836a9f1fd8fdf938e36f2a7317894c9342311e21
151,6969.39487588,0.06973576512805528,0xafb6a01e754976ac2cb970f5e55a116b477de0f7,2017-10-24T04:33:51.000Z,0.000010006,0xe906b031daa3d55df74905155077d844b2357bef,sell,0xae258d5322b59d64df9eb483e3b1733332c3b66c,0x3a205386e76f364dc91b32b2718781543103a5246aca7bdd93c0eec36be99fe8
152,3000,0.045,0xc297ce89eb439223c078dc3f8f89d886de014e52,2017-10-24T04:32:53.000Z,0.000015,0xe906b031daa3d55df74905155077d844b2357bef,sell,0xae258d5322b59d64df9eb483e3b1733332c3b66c,0x6c62859440281c9c845ce9c0f0fbab0ba79ecdcc694206d0a0a367a60e1d818b
153,1490,0.01490894,0xafb6a01e754976ac2cb970f5e55a116b477de0f7,2017-10-24T01:09:28.000Z,0.000010006,0x8c31fa3daa6ac0cb7d4cc12f788b813a551b65d3,sell,0xae258d5322b59d64df9eb483e3b1733332c3b66c,0x3b01cef17abd9afe990b9f2adca020f7132b0887c1d02b878043ee025f914a72
154,980,0.0392,0x27849f835bb345a26dffbfa7a8863c387b546730,2017-10-23T23:18:04.000Z,0.00004,0x7a9ba5e9221b8e1753a941f1fdd2fae3e9af1b1c,buy,0xae258d5322b59d64df9eb483e3b1733332c3b66c,0x6ce73b4ae2c58b90b69ff0fe084d71dfcea79f1ee8f8dad5fede96814117343c
155,21732.62885056,1.0866314425281627,0x2590e5c09537cde195ed1c20f94ec963e151ec88,2017-10-23T21:14:00.000Z,0.00005000000000000748,0xa7622a77bf13ba8dc6c37d1edd278346a7e0c174,buy,0xae258d5322b59d64df9eb483e3b1733332c3b66c,0x9c98e3f73adeb183fe5a2ffa4139e1e411a5de54c8c37c4d355cc3d3024c855e
156,1495.5,0.12397695,0x16b52f0af18f6ac046fa67f06e59c42c987718dd,2017-10-23T20:43:16.000Z,0.0000829,0x273a5d3e6721b9f5c1a6474f560c1334c63dda01,sell,0xae258d5322b59d64df9eb483e3b1733332c3b66c,0x70cacb41a35110621f27551cd3320002df8770158cc5bcc9da873aba788e030b
157,1500,0.075,0x273a5d3e6721b9f5c1a6474f560c1334c63dda01,2017-10-23T20:43:16.000Z,0.00005,0xa7622a77bf13ba8dc6c37d1edd278346a7e0c174,buy,0xae258d5322b59d64df9eb483e3b1733332c3b66c,0x70cacb41a35110621f27551cd3320002df8770158cc5bcc9da873aba788e030b
158,687.39,0.03368211,0x16b52f0af18f6ac046fa67f06e59c42c987718dd,2017-10-23T20:40:45.000Z,0.000049,0x37e0a63c7a309d96a00114e64a696bc890b6627b,buy,0xae258d5322b59d64df9eb483e3b1733332c3b66c,0x64c4787e6ffe15c449558b0a79ab45098a65adf152dadcd9060c679566c32fe0
159,2650,0.04876,0x7ecbc907edb6f029f33b22c5da46cdcc8c3c52d2,2017-10-23T17:38:28.000Z,0.0000184,0xaa85b24ac88a0a235f1977821194adce1cda9144,buy,0xae258d5322b59d64df9eb483e3b1733332c3b66c,0xc1bc41dcc5c97f99bcec594d7c49b11bd6b1f01e7f0aeb795fd745dd7a7f295d
160,16477.55665059,0.08238778325295,0xaa85b24ac88a0a235f1977821194adce1cda9144,2017-10-23T17:26:01.000Z,0.000005,0x9988f94df2320482b8463515770dfe7096df777d,sell,0xae258d5322b59d64df9eb483e3b1733332c3b66c,0x762987bbc3b551fac95812051c69e142c7669769968f6d72c7f711be39237bb5
161,3500,0.035,0x8d8fa4697eb9f097534e7302af73fddf14c5199c,2017-10-23T17:24:49.000Z,0.00001,0x9988f94df2320482b8463515770dfe7096df777d,sell,0xae258d5322b59d64df9eb483e3b1733332c3b66c,0x8a5091ae71daf82f0e6bfd035e2a8816cd96b08888d5126535fad92cfb1cf609
162,1500,0.15,0x7ecbc907edb6f029f33b22c5da46cdcc8c3c52d2,2017-10-23T17:23:38.000Z,0.0001,0x8d00eb81e18c88088a31565b4389214c1acb6ce1,buy,0xae258d5322b59d64df9eb483e3b1733332c3b66c,0x4bece241b83b2c4cfe1c2f41e07e3364b663b77664ddf72878f87c40540f2455
163,832.662,0.008327452662,0xf36990a2cb4d609e0a7d4f3bf884c0342d81fd3d,2017-10-23T17:23:32.000Z,0.000010001,0x9988f94df2320482b8463515770dfe7096df777d,sell,0xae258d5322b59d64df9eb483e3b1733332c3b66c,0x3c53544a3c57cec4d7c3d35129e1348063a1e4a4013cceef3b14577da1f84a62
164,200,0.0114,0x4d140c10845cb9a7dc740e966d54ce54436f8584,2017-10-23T17:17:46.000Z,0.000057,0xee3179c2d639da78b80c9640c73d8f1601eb4b1b,buy,0xae258d5322b59d64df9eb483e3b1733332c3b66c,0x013d73b59f7151709efc4f5f557cb27b3047135f9a59d2c219b24670285c2f13
165,1111,0.012221,0x4d140c10845cb9a7dc740e966d54ce54436f8584,2017-10-23T17:16:37.000Z,0.000011,0xee3179c2d639da78b80c9640c73d8f1601eb4b1b,buy,0xae258d5322b59d64df9eb483e3b1733332c3b66c,0xffb9681dea64eaf7541ea7e5cbeb598064c2547d0029ada97fa9c3882dd9ff33
166,167.33796086,0.00167354694656086,0xf36990a2cb4d609e0a7d4f3bf884c0342d81fd3d,2017-10-23T16:57:30.000Z,0.000010001,0xd15bd2f84aea32a0f47e988b9da8d154f4b9e55b,sell,0xae258d5322b59d64df9eb483e3b1733332c3b66c,0x8194e90157bcb9685b877a1f0bc3e2b52896f63356df89cb3a62ff4e85008b6b
167,1111,0.012221,0x8bb282fcbecc628dfb235a17a3e6edf2467ad2cf,2017-10-23T16:55:57.000Z,0.000011,0xee3179c2d639da78b80c9640c73d8f1601eb4b1b,sell,0xae258d5322b59d64df9eb483e3b1733332c3b66c,0xd118082f0454b856e052ecf038c5d237d369cdc65ab57e1b61d1ceae59b3b074
168,200,0.0114,0xe673b1ea0c5d49462ce27cff1d58177af5de7dfa,2017-10-23T16:54:05.000Z,0.000057,0xd15bd2f84aea32a0f47e988b9da8d154f4b9e55b,sell,0xae258d5322b59d64df9eb483e3b1733332c3b66c,0xef579e571782c53c15a5fc1cce68ae32597d69e74dbed333b1fd348bc827183b
169,131.14984194,0.0091804889358,0xa7622a77bf13ba8dc6c37d1edd278346a7e0c174,2017-10-23T16:52:44.000Z,0.00007,0xd15bd2f84aea32a0f47e988b9da8d154f4b9e55b,sell,0xae258d5322b59d64df9eb483e3b1733332c3b66c,0x5be2944ec2f0b750fe8dc29f7b12caa429476af683a0267067d79b2798138dbd
170,2718.85015806,0.1903195110642,0xa7622a77bf13ba8dc6c37d1edd278346a7e0c174,2017-10-23T16:29:21.000Z,0.00007,0xe03025d59810d073241826f77afb04301fa45012,sell,0xae258d5322b59d64df9eb483e3b1733332c3b66c,0x46b075f963d3e05d5fe010a2a65579f7a4bd7a5acab2123acd23ee509882bea9
171,28.91454696,0.003328064355096,0xffe9735ecee5a3b9d043c09d4d2c5ee1df08473b,2017-10-23T16:27:40.000Z,0.0001151,0xe03025d59810d073241826f77afb04301fa45012,sell,0xae258d5322b59d64df9eb483e3b1733332c3b66c,0x0f43ec9d7f4ffd0a3f9686823997ba8e5c236cc5a992e78382834c057fa192ea
172,240,0.0216,0x7a9ba5e9221b8e1753a941f1fdd2fae3e9af1b1c,2017-10-23T16:22:21.000Z,0.00009,0xe03025d59810d073241826f77afb04301fa45012,sell,0xae258d5322b59d64df9eb483e3b1733332c3b66c,0x74ce53f467848cd3a6a4a07c3f0a906efe27e1ef98f505d1c45a38bdaf0ae919
173,1000,0.098,0x8d00eb81e18c88088a31565b4389214c1acb6ce1,2017-10-23T16:21:52.000Z,0.000098,0xe03025d59810d073241826f77afb04301fa45012,sell,0xae258d5322b59d64df9eb483e3b1733332c3b66c,0x848583244b3992db3565828b0374b58dd8e41be210884f1cb50a53827a41553e
174,371.08545304,0.042711935644904,0xffe9735ecee5a3b9d043c09d4d2c5ee1df08473b,2017-10-23T16:14:53.000Z,0.0001151,0xf20c2032a6d8bdad0454ac8ac6d6d57f16478469,sell,0xae258d5322b59d64df9eb483e3b1733332c3b66c,0xb9d33aa0ec974fc8d252e37b273fe5ba49201c13a4acc01f3f651b63208f6649
175,330,0.0396,0x9ec0aac861f4b8e010a6348bf019105c87230d02,2017-10-23T16:12:43.000Z,0.00012,0xf20c2032a6d8bdad0454ac8ac6d6d57f16478469,sell,0xae258d5322b59d64df9eb483e3b1733332c3b66c,0x60805f54ad034f958701db98ad82ae81d6548ec3b60e1e1bc21e3aabeecad32a
176,1000,0.115,0xc297ce89eb439223c078dc3f8f89d886de014e52,2017-10-23T16:12:06.000Z,0.000115,0xf20c2032a6d8bdad0454ac8ac6d6d57f16478469,sell,0xae258d5322b59d64df9eb483e3b1733332c3b66c,0x9a5c6ef333ad862906bfa82b71756a04c21d9fcc431a46af181a1e551de462d2
177,5000,0.5,0xd1ae0289821f95d94f71262f1c0131083896ba8e,2017-10-23T16:12:06.000Z,0.0001,0xf20c2032a6d8bdad0454ac8ac6d6d57f16478469,sell,0xae258d5322b59d64df9eb483e3b1733332c3b66c,0xe586c8e5aad8bb82fb9595209b4d9bea2ead17d19abc24de7a9e295420472561
178,2341.175,0.2341175,0x346eb8847ec84aae1463b80163a097ad3b24514d,2017-10-23T16:12:06.000Z,0.0001,0xf20c2032a6d8bdad0454ac8ac6d6d57f16478469,sell,0xae258d5322b59d64df9eb483e3b1733332c3b66c,0x0d6c0d32c84692b3b6ece9db04111de94b35f60571c4cfee700927615a07ec72
179,1311.77350215,0.1442950852365,0x346eb8847ec84aae1463b80163a097ad3b24514d,2017-10-23T16:12:06.000Z,0.00011,0xf20c2032a6d8bdad0454ac8ac6d6d57f16478469,sell,0xae258d5322b59d64df9eb483e3b1733332c3b66c,0x4d1522748fe378fc8495b421a3aa4e32c6905c195eb7c438bd0884f5d6067457
180,3688.22649785,0.4057049147635,0x346eb8847ec84aae1463b80163a097ad3b24514d,2017-10-23T15:41:50.000Z,0.00011,0x5ae1bd6ea6cd693880947fc2a34d59e02c86c363,sell,0xae258d5322b59d64df9eb483e3b1733332c3b66c,0xa60556aefa732745cf214b3dca3f2ee3362739fec97c0b32d954ab8e6706a8f4
181,6780,0.82716,0x9988f94df2320482b8463515770dfe7096df777d,2017-10-23T15:40:38.000Z,0.000122,0x5ae1bd6ea6cd693880947fc2a34d59e02c86c363,sell,0xae258d5322b59d64df9eb483e3b1733332c3b66c,0x2a09f0941f5389c9163e327ebefb226ba21b59f06355990e7f50c3b1a4c1cb41
182,1220,0.14884,0x9988f94df2320482b8463515770dfe7096df777d,2017-10-23T15:28:48.000Z,0.000122,0x970be7fcce186bfaed2aad0da213ad587840587d,sell,0xae258d5322b59d64df9eb483e3b1733332c3b66c,0xaaef267634968962b922b4de467cfaf567b22d1dffc0167afd91929a22cc6be8
183,4000,0.8,0x5f2eafc4f450f18562782c9ead88ee2eda43c761,2017-10-23T13:51:28.000Z,0.0002,0x771286645c4fa423ccd80cb751736e32f5c5f8ae,buy,0xae258d5322b59d64df9eb483e3b1733332c3b66c,0x6115ef3e0b5c59478ebde6b16386710a61ab20796ce52340af07c411ee59bfd8
184,4000,0.8,0x5f2eafc4f450f18562782c9ead88ee2eda43c761,2017-10-23T13:51:15.000Z,0.0002,0x771286645c4fa423ccd80cb751736e32f5c5f8ae,buy,0xae258d5322b59d64df9eb483e3b1733332c3b66c,0x6115ef3e0b5c59478ebde6b16386710a61ab20796ce52340af07c411ee59bfd8
185,1000,0.19,0x5f2eafc4f450f18562782c9ead88ee2eda43c761,2017-10-23T13:48:31.000Z,0.00019,0xe03025d59810d073241826f77afb04301fa45012,buy,0xae258d5322b59d64df9eb483e3b1733332c3b66c,0x483be994cc5996cb717ba69c7245b887c354391230f9a5040290e74255b0d698
186,1000,0.12,0x9988f94df2320482b8463515770dfe7096df777d,2017-10-23T06:27:10.000Z,0.00012,0x23901886602bd6725d2f8e7d076e28be9f4f2cf3,sell,0xae258d5322b59d64df9eb483e3b1733332c3b66c,0x91e5171565e384115b2f53cf33d953c7a7f0f577b02c120f4320828af0c45c55
187,449,0.09878,0xf06f1e4c76956d8e76497fa9448b570cfd554d35,2017-10-23T06:08:05.000Z,0.00022,0xa7ef40afda6e29b81faa91a6608dc597e292604b,buy,0xae258d5322b59d64df9eb483e3b1733332c3b66c,0x5fd0c017772b2c47df271d6eb42c640262dababb3529aaf81eb8c7c48113580f
188,100,0.022,0xf06f1e4c76956d8e76497fa9448b570cfd554d35,2017-10-23T06:06:00.000Z,0.00022,0x7a9ba5e9221b8e1753a941f1fdd2fae3e9af1b1c,buy,0xae258d5322b59d64df9eb483e3b1733332c3b66c,0x39b5f4c74c393386b2ec4198d037a369a99d479385468d6dd9ee3b329eb33622
189,2500,0.525,0xf06f1e4c76956d8e76497fa9448b570cfd554d35,2017-10-23T06:01:59.000Z,0.00021,0x346eb8847ec84aae1463b80163a097ad3b24514d,buy,0xae258d5322b59d64df9eb483e3b1733332c3b66c,0x295ab740241fa0e635a6e5f29812ac9dbdc530ac92c07a182952be08eef9b662
190,625,0.13125,0x8c31fa3daa6ac0cb7d4cc12f788b813a551b65d3,2017-10-23T04:03:01.000Z,0.00021,0x9988f94df2320482b8463515770dfe7096df777d,buy,0xae258d5322b59d64df9eb483e3b1733332c3b66c,0x399b66f44cb7cadb301c3ba34bda9239d7c5d3cfb13f545b206e10768810f8e9
191,1,0.00021,0x346eb8847ec84aae1463b80163a097ad3b24514d,2017-10-23T02:06:01.000Z,0.00021,0x9988f94df2320482b8463515770dfe7096df777d,buy,0xae258d5322b59d64df9eb483e3b1733332c3b66c,0xbc0042e6fc04b4bdc2e16e90a3caed7c3fd90d5aca9366552a01f1ec9a0aa921
192,2658.8246436,0.26588246436,0x346eb8847ec84aae1463b80163a097ad3b24514d,2017-10-23T01:50:23.000Z,0.0001,0xd2f0f7e19ae442f637e4d5676058cbcafee7b15e,sell,0xae258d5322b59d64df9eb483e3b1733332c3b66c,0xffbc407204712015464d8a4042f548b962602df5c319ee29a099f195f9504831
193,870,0.08526,0x8c31fa3daa6ac0cb7d4cc12f788b813a551b65d3,2017-10-23T00:54:43.000Z,0.000098,0xd2f0f7e19ae442f637e4d5676058cbcafee7b15e,sell,0xae258d5322b59d64df9eb483e3b1733332c3b66c,0xc98f831664bfc0253466574f842dc624abfc53686c89cffb780fab0d3630f93f
194,3586,0.3586,0x25c2937618e5510da507799bb09f2e83cca3f21b,2017-10-23T00:48:10.000Z,0.0001,0xd2f0f7e19ae442f637e4d5676058cbcafee7b15e,sell,0xae258d5322b59d64df9eb483e3b1733332c3b66c,0x156cbdaa65681c35f068e9f089768517de02fdad471704ac60069c2301b580b0
195,2855,0.2857855,0xce75ef6b4f63587e61e608572ad8b153c141f00d,2017-10-23T00:44:18.000Z,0.0001001,0xd2f0f7e19ae442f637e4d5676058cbcafee7b15e,sell,0xae258d5322b59d64df9eb483e3b1733332c3b66c,0xa87a0a04aaf723f7e660153c1c7c18be19be7f63da156435d486b6e9738dec13
196,4000,0.372,0x25c2937618e5510da507799bb09f2e83cca3f21b,2017-10-22T19:52:26.000Z,0.000093,0xd6b329e0df0934fd0bb3bb305ab539bef1432721,sell,0xae258d5322b59d64df9eb483e3b1733332c3b66c,0xf10a7e798f18715eec821af57c4a0af3673b3841858f324854ecfe9c2e31e118
197,2500,0.2425,0x9988f94df2320482b8463515770dfe7096df777d,2017-10-22T19:52:26.000Z,0.000097,0xd6b329e0df0934fd0bb3bb305ab539bef1432721,sell,0xae258d5322b59d64df9eb483e3b1733332c3b66c,0xb49b6889aee50778ae513e981c7ad3965b1009a5e470e6a28a34392be168d33e
198,1034,0.225929,0xd6b329e0df0934fd0bb3bb305ab539bef1432721,2017-10-22T19:37:46.000Z,0.0002185,0x9988f94df2320482b8463515770dfe7096df777d,buy,0xae258d5322b59d64df9eb483e3b1733332c3b66c,0x833cb0664c5eaf9d97c3aff28b890bd64b19ba60b73dafa74d572d4b9a7e7497
199,2000,0.3778,0xd6b329e0df0934fd0bb3bb305ab539bef1432721,2017-10-22T19:30:41.000Z,0.0001889,0xd6b329e0df0934fd0bb3bb305ab539bef1432721,buy,0xae258d5322b59d64df9eb483e3b1733332c3b66c,0xd3c94f992ca2612d82887de4c89bb3500a04e8bdcb41e122f27104a70373c18f
200,674,0.12132,0xd6b329e0df0934fd0bb3bb305ab539bef1432721,2017-10-22T19:29:20.000Z,0.00018,0xccaeb4abaa6b62dfb0d0a51d660edb9d3537fb98,buy,0xae258d5322b59d64df9eb483e3b1733332c3b66c,0xb1350b758d134a8f45114e02a4e1708eeeff675cddd9932be2d6acc18329d217
201,1000,0.1755,0xd6b329e0df0934fd0bb3bb305ab539bef1432721,2017-10-22T19:29:20.000Z,0.0001755,0x9988f94df2320482b8463515770dfe7096df777d,buy,0xae258d5322b59d64df9eb483e3b1733332c3b66c,0x31fb7c75dd65cbde27c1f2bcf3caa64561047ae2d1c5a7adc7b3551f4ab199c0
202,2000,0.35098,0xd6b329e0df0934fd0bb3bb305ab539bef1432721,2017-10-22T19:26:53.000Z,0.00017549,0xd6b329e0df0934fd0bb3bb305ab539bef1432721,buy,0xae258d5322b59d64df9eb483e3b1733332c3b66c,0xb435194a17b03170f2cca51d8bfbf207e598745f59e80f710339cd31b42dcfd6
203,528.7409032,0.09252965806001395,0x213ee0fe2101e5ccdf241891828e31ccb6a56337,2017-10-22T18:59:50.000Z,0.0001750000000000264,0xd6b329e0df0934fd0bb3bb305ab539bef1432721,buy,0xae258d5322b59d64df9eb483e3b1733332c3b66c,0x5badf2788e377308afc756e3d4ff5abeb9fefeda3e78c55da33a8e0463f9529d
204,10,0.0009,0x4d140c10845cb9a7dc740e966d54ce54436f8584,2017-10-22T18:58:28.000Z,0.00009,0x655f66f6b5b750a477224ab894e413b7df277d8d,sell,0xae258d5322b59d64df9eb483e3b1733332c3b66c,0x6ecf584ffc2a70043a94968bb0e9efb8e9b8ab906159b5da839f279a3931ce67
205,5000,0.8945,0x213ee0fe2101e5ccdf241891828e31ccb6a56337,2017-10-22T18:50:15.000Z,0.0001789,0xee3179c2d639da78b80c9640c73d8f1601eb4b1b,buy,0xae258d5322b59d64df9eb483e3b1733332c3b66c,0xf59db3748b61ae526e0f63816eda1d364ae9d842826bf80bbbb99cd024652022
206,505,0.04545,0x4d140c10845cb9a7dc740e966d54ce54436f8584,2017-10-22T18:38:43.000Z,0.00009,0xd6b329e0df0934fd0bb3bb305ab539bef1432721,sell,0xae258d5322b59d64df9eb483e3b1733332c3b66c,0x95e2008eceb85723b09ccd7115148de9e076a705ba5d83a83a9e0c94dbd5c163
207,1000,0.09,0x9988f94df2320482b8463515770dfe7096df777d,2017-10-22T18:37:54.000Z,0.00009,0xd6b329e0df0934fd0bb3bb305ab539bef1432721,sell,0xae258d5322b59d64df9eb483e3b1733332c3b66c,0xad2913333824d4c4da554624c14e16e83c3e46feb742801c21e9f1208d343442
208,83,0.00664,0x37e0a63c7a309d96a00114e64a696bc890b6627b,2017-10-22T18:37:54.000Z,0.00008,0xd6b329e0df0934fd0bb3bb305ab539bef1432721,sell,0xae258d5322b59d64df9eb483e3b1733332c3b66c,0x19eba7254e83dea6f03bba69a8291b276f6b04642df6b7d91bcfa672fddf808e
209,1,0.0001779,0xe1fa699860444be91d366c21de8fef56e3dec77a,2017-10-22T18:23:27.000Z,0.0001779,0x655f66f6b5b750a477224ab894e413b7df277d8d,buy,0xae258d5322b59d64df9eb483e3b1733332c3b66c,0x04d8bfc2aa7d6717a636cb20e66d8eb36318603815532745d7e4033ee71e8343
210,5183.929,0.876084001,0xff751bf33f82287f184ea88dfb1b125410c3f79b,2017-10-22T16:45:57.000Z,0.000169,0x38297fa6ceb009353007045ac6a895bcf74d3b4d,buy,0xae258d5322b59d64df9eb483e3b1733332c3b66c,0x4f2e40c23a2e93eb504911a122d058b6b53482f5b963b72dd430230f0534e749
211,4000,0.672,0xff751bf33f82287f184ea88dfb1b125410c3f79b,2017-10-22T16:45:43.000Z,0.000168,0xd6b329e0df0934fd0bb3bb305ab539bef1432721,buy,0xae258d5322b59d64df9eb483e3b1733332c3b66c,0x10aa7c8cd3f60244d16ec5e8f6d8b7742e71543493f4f7a677518df12bb0b08d
212,1700,0.255,0xd6b329e0df0934fd0bb3bb305ab539bef1432721,2017-10-22T16:03:05.000Z,0.00015,0x037f96a2a6430376cff5cd297cc40c2554f8f7bf,buy,0xae258d5322b59d64df9eb483e3b1733332c3b66c,0x26c9a59877079017aea6cdc80b7337f115a93bc549f29767db4072b8abfdb559
213,495,0.071775,0xd6b329e0df0934fd0bb3bb305ab539bef1432721,2017-10-22T16:02:59.000Z,0.000145,0xb417fc8781bfd509b91c6360493535512b133481,buy,0xae258d5322b59d64df9eb483e3b1733332c3b66c,0x5f013ea5a780876200725a8b04e5f44c3089f849465c0636f14cea1e54898ad1
214,498.45479015,0.03040574219915,0xd6b329e0df0934fd0bb3bb305ab539bef1432721,2017-10-22T15:16:28.000Z,0.000061,0xa77400c0d86ac8e0605735bed1596f53269134cc,sell,0xae258d5322b59d64df9eb483e3b1733332c3b66c,0xbb72bf58d7b8c0657766849705c3d6442d719f500764db5db94f28bd013880d3
215,740,0.0666,0x7a9ba5e9221b8e1753a941f1fdd2fae3e9af1b1c,2017-10-22T13:07:09.000Z,0.00009,0xd6b329e0df0934fd0bb3bb305ab539bef1432721,sell,0xae258d5322b59d64df9eb483e3b1733332c3b66c,0x1b6033d126feb13fc742bc52cea5d26dd2c8679a8801528a0665a60143ba5a33
216,637.14478935,0.0351512780284395,0x92354bb5ba9a0b354368c712b50b09ca40b78a88,2017-10-22T12:38:36.000Z,0.00005517,0xe66d3694198499adb8380b949b062db5b3efb0ef,sell,0xae258d5322b59d64df9eb483e3b1733332c3b66c,0x841fb49295819b68c94a5c0de59287a59763e62777daebff4f2197201b37d78c
217,5800,0.3248,0x655f66f6b5b750a477224ab894e413b7df277d8d,2017-10-22T12:36:33.000Z,0.000056,0xe66d3694198499adb8380b949b062db5b3efb0ef,sell,0xae258d5322b59d64df9eb483e3b1733332c3b66c,0x2af26f50703357c3a556a4b0dfdec14d0e0a0512494c084e2499844e69651e38
218,4500,0.2565,0xd6b329e0df0934fd0bb3bb305ab539bef1432721,2017-10-22T12:35:48.000Z,0.000057,0xe66d3694198499adb8380b949b062db5b3efb0ef,sell,0xae258d5322b59d64df9eb483e3b1733332c3b66c,0xee5270cc5a96cc7b495c5650b89440b7cadb6fc88985936d20a92ad44fb69325
219,10000,0.7096,0x15ee946c877b0fe711e5148d0d66dec00fe8f436,2017-10-22T12:31:59.000Z,0.00007096,0xe66d3694198499adb8380b949b062db5b3efb0ef,sell,0xae258d5322b59d64df9eb483e3b1733332c3b66c,0xb40172466db2a9141909d2059c3e97059d842724e36dbc5e319ac45de088ce16
220,350,0.0665,0xd6b329e0df0934fd0bb3bb305ab539bef1432721,2017-10-22T12:02:37.000Z,0.00019,0x7a9ba5e9221b8e1753a941f1fdd2fae3e9af1b1c,buy,0xae258d5322b59d64df9eb483e3b1733332c3b66c,0xed51e1b4f169d06f938f3898366341578a61c8f77b7faa2ea54c047065e33e49
221,2000,0.34,0xd6b329e0df0934fd0bb3bb305ab539bef1432721,2017-10-22T11:58:04.000Z,0.00017,0xbbe8a1421d8583194bd959a640cb82225650c748,buy,0xae258d5322b59d64df9eb483e3b1733332c3b66c,0x02d1c11a874b53f8005a9333f4d8322fefe6e2afc96f321d279bebef357c1862
222,500,0.0825,0xd6b329e0df0934fd0bb3bb305ab539bef1432721,2017-10-22T11:58:04.000Z,0.000165,0xd0683245ebf0a92e556a9d6a6183d12fb101dfd4,buy,0xae258d5322b59d64df9eb483e3b1733332c3b66c,0x0e0d8a4e39f1699a7e6d6baec5eb9810ba28c52ee42121d747aca3eb0bc957f9
223,7.66308262,0.001670552012498101,0x6917383c86c9923aad3ec3ac2525d0bf7329e146,2017-10-22T11:16:14.000Z,0.00021800000017461655,0xd6b329e0df0934fd0bb3bb305ab539bef1432721,buy,0xae258d5322b59d64df9eb483e3b1733332c3b66c,0x82f6ec130c9377020634351bb269b9b610486559b0048d86305f29fd39ea04d9
224,29.91208248,0.00167507661888,0xd6b329e0df0934fd0bb3bb305ab539bef1432721,2017-10-22T11:15:23.000Z,0.000056,0x6917383c86c9923aad3ec3ac2525d0bf7329e146,sell,0xae258d5322b59d64df9eb483e3b1733332c3b66c,0xe41aba7d15bd06057adc82d7d5e68cba9f1416487e25aaedab55f16eaaf184d8
225,30.00480994,0.006541048568449206,0x6917383c86c9923aad3ec3ac2525d0bf7329e146,2017-10-22T11:14:19.000Z,0.00021800000005096535,0xd6b329e0df0934fd0bb3bb305ab539bef1432721,buy,0xae258d5322b59d64df9eb483e3b1733332c3b66c,0x081353d748518e2f975197eab050cce04dc4557a5f791c7bc662b7c0be7067b7
226,600,0.06,0x993ba35bb88d457f106ef74dd434dac66720bcbd,2017-10-22T10:46:27.000Z,0.0001,0xd6b329e0df0934fd0bb3bb305ab539bef1432721,sell,0xae258d5322b59d64df9eb483e3b1733332c3b66c,0x1995413f4b439fea759183a45ab3917e688ac21c7749dedbab35bd353bbf5d1e
227,1000,0.218,0xd6b329e0df0934fd0bb3bb305ab539bef1432721,2017-10-22T10:45:12.000Z,0.000218,0x9988f94df2320482b8463515770dfe7096df777d,buy,0xae258d5322b59d64df9eb483e3b1733332c3b66c,0x6a7fe9c3efde4f2183de2b731d124fbb452c21f9405d5afc2116b0113f544570
228,2000,0.202,0xbbe8a1421d8583194bd959a640cb82225650c748,2017-10-22T10:44:00.000Z,0.000101,0xd6b329e0df0934fd0bb3bb305ab539bef1432721,sell,0xae258d5322b59d64df9eb483e3b1733332c3b66c,0x831f56ba9c2361c7dfc4fd6a71766eec0b74c357b24c71b91b3b0df7604dea4b
229,1521,0.3299049,0xd6b329e0df0934fd0bb3bb305ab539bef1432721,2017-10-22T10:43:12.000Z,0.0002169,0x655f66f6b5b750a477224ab894e413b7df277d8d,buy,0xae258d5322b59d64df9eb483e3b1733332c3b66c,0x53a17ca297037cf7cac56351eea35aba1f55461a9d0c3721e294fe2780eca7ea
230,18.84024973,0.004088334193315395,0x077664018c741c2df811ecd2f0ed6668c89bbb49,2017-10-22T09:42:10.000Z,0.00021700000010113426,0xd6b329e0df0934fd0bb3bb305ab539bef1432721,buy,0xae258d5322b59d64df9eb483e3b1733332c3b66c,0x0e26f8d6256257e82f563a718d2b47d154a8e5e1eacb35b646ceafc7692ca8e6
231,76.43388347,0.00982198332754541,0x9790f84a00e7be2bebfb042d5dc4f2f2c6db9267,2017-10-22T08:28:13.000Z,0.000128503,0x9988f94df2320482b8463515770dfe7096df777d,sell,0xae258d5322b59d64df9eb483e3b1733332c3b66c,0x16303e706a55e3a945a059063e63c1fb47fd045825d8ed07a38b78363a94e068
232,400,0.0514012,0x9790f84a00e7be2bebfb042d5dc4f2f2c6db9267,2017-10-22T08:26:56.000Z,0.000128503,0x9988f94df2320482b8463515770dfe7096df777d,sell,0xae258d5322b59d64df9eb483e3b1733332c3b66c,0xaf26c551258d515286fff7834f057cfe9eb3148ac8b64a932b81818be461272d
233,1161.898,0.15104674,0xe03025d59810d073241826f77afb04301fa45012,2017-10-22T08:24:38.000Z,0.00013,0x9988f94df2320482b8463515770dfe7096df777d,sell,0xae258d5322b59d64df9eb483e3b1733332c3b66c,0x649160f908253f2b6e450946d4c05306b478f7c2f831f2776ce39f24bd1b0e81
234,90,0.01179,0xd6b329e0df0934fd0bb3bb305ab539bef1432721,2017-10-22T08:23:42.000Z,0.000131,0x9988f94df2320482b8463515770dfe7096df777d,sell,0xae258d5322b59d64df9eb483e3b1733332c3b66c,0xc49a3e9a2f5c74db4270f74f1582aee7e448839841291e9fb6ae689f149f1e87
235,90,0.01179,0xd6b329e0df0934fd0bb3bb305ab539bef1432721,2017-10-22T07:03:06.000Z,0.000131,0xd460056fd946b6a3f0240e15e7732016fbe1eb36,sell,0xae258d5322b59d64df9eb483e3b1733332c3b66c,0x0dd22f3330a483e2a10d19dca57981af6e5a8603f70e8602c63485e04b24a221
236,3838.10188415,0.4989532449395,0xe03025d59810d073241826f77afb04301fa45012,2017-10-22T06:13:31.000Z,0.00013,0x696ca3fb370b5ef684c7695ffc7ed404d3337da7,sell,0xae258d5322b59d64df9eb483e3b1733332c3b66c,0xb688316c4b4050638c218aa7e1c72d78671f8ffc1d5ebc8e50c4cbc1a3b5e013
237,2000,0.258,0x346eb8847ec84aae1463b80163a097ad3b24514d,2017-10-22T04:11:08.000Z,0.000129,0x9988f94df2320482b8463515770dfe7096df777d,sell,0xae258d5322b59d64df9eb483e3b1733332c3b66c,0xf5b49f3b3af9db8717a6314c9b1f6fde15df45d0bda485ca9c800b6ac0f9d163
238,1480,0.1776,0x9ec0aac861f4b8e010a6348bf019105c87230d02,2017-10-22T03:51:07.000Z,0.00012,0x9988f94df2320482b8463515770dfe7096df777d,sell,0xae258d5322b59d64df9eb483e3b1733332c3b66c,0x53d9be66cbdd2b4b3545ea1007a980078c4665d2eafeefc54f56e97882054c8c
239,3850,0.494725,0x696ca3fb370b5ef684c7695ffc7ed404d3337da7,2017-10-22T03:45:57.000Z,0.0001285,0x9988f94df2320482b8463515770dfe7096df777d,sell,0xae258d5322b59d64df9eb483e3b1733332c3b66c,0x90e38d81755def5356ddb6af29afbe02a1f9899793cacb25c50b8ecdf322de0d
240,10,0.0023,0x304c929780c19ae230022779a75b451f63d4705f,2017-10-22T03:14:34.000Z,0.00023,0x9988f94df2320482b8463515770dfe7096df777d,sell,0xae258d5322b59d64df9eb483e3b1733332c3b66c,0x802a06dfcfe51164461b7af31bf63c07b06fb11ac250c86dba96aa17fd24fe07
241,199.38191606,0.02572026717174,0x38297fa6ceb009353007045ac6a895bcf74d3b4d,2017-10-22T00:12:37.000Z,0.000129,0xe66d3694198499adb8380b949b062db5b3efb0ef,sell,0xae258d5322b59d64df9eb483e3b1733332c3b66c,0xcf062d158807c91491808f81ed2933f52f399d83c909f549105369693009c80c
242,4984.5479015,0.6430066792935,0x38297fa6ceb009353007045ac6a895bcf74d3b4d,2017-10-21T23:56:41.000Z,0.000129,0xe66d3694198499adb8380b949b062db5b3efb0ef,sell,0xae258d5322b59d64df9eb483e3b1733332c3b66c,0x4fe1ae8642380de40edc53a3a61141daaf56851d154e821aba7601aaf6b6d6b1
243,250,0.06375,0x67184334d94448a27eb5db91cac5ae291172acb9,2017-10-21T22:50:53.000Z,0.000255,0x9988f94df2320482b8463515770dfe7096df777d,buy,0xae258d5322b59d64df9eb483e3b1733332c3b66c,0x76ac065fecb2cf79f92c2b2579721a3ae9e052a4d839aed993df467df98c59c2
244,1.78635226,0.0005,0x350f6f675b20d606bb7f6c412ef4775c9bc57168,2017-10-21T22:39:50.000Z,0.0002799000013580748,0xd6b329e0df0934fd0bb3bb305ab539bef1432721,buy,0xae258d5322b59d64df9eb483e3b1733332c3b66c,0x2f7e26aa2dcbef997cd9dcc71c25fb743c090404ae2aab47d1c82c8bc1f40f51
245,1.78635226,0.0005,0x3bfdec5343e950ce45522eef9948c977631b4000,2017-10-21T22:39:50.000Z,0.0002799000013580748,0xd6b329e0df0934fd0bb3bb305ab539bef1432721,buy,0xae258d5322b59d64df9eb483e3b1733332c3b66c,0x7ddfb168d99a985a1bd51b6b893c03e4cc925f1aa1671c120134b0a230b061ac
246,187,0.03179,0x37e0a63c7a309d96a00114e64a696bc890b6627b,2017-10-21T21:13:58.000Z,0.00017,0xd6b329e0df0934fd0bb3bb305ab539bef1432721,sell,0xae258d5322b59d64df9eb483e3b1733332c3b66c,0x62441caa3ac746e2e059da9b82d7dbca76e29f91b5f0e0b27c891d2269256383
247,125,0.031875,0xd6b329e0df0934fd0bb3bb305ab539bef1432721,2017-10-21T21:13:58.000Z,0.000255,0xb417fc8781bfd509b91c6360493535512b133481,buy,0xae258d5322b59d64df9eb483e3b1733332c3b66c,0xc070fb24e59b3fe272b9d77c9b33a27785aa1cae3fe109fecfe8e09ccd9f2a42
248,375,0.095625,0xd6b329e0df0934fd0bb3bb305ab539bef1432721,2017-10-21T20:35:53.000Z,0.000255,0xb417fc8781bfd509b91c6360493535512b133481,buy,0xae258d5322b59d64df9eb483e3b1733332c3b66c,0x9e99ae492f3bccb323cd3a1d532c59716b6149b1c36db2723853a3b0ecd61789
249,498.455,0.127106025,0xd6b329e0df0934fd0bb3bb305ab539bef1432721,2017-10-21T19:56:09.000Z,0.000255,0xb417fc8781bfd509b91c6360493535512b133481,buy,0xae258d5322b59d64df9eb483e3b1733332c3b66c,0x2954074aa8132dc3722750d0a64ca54c91cff81c86f05af8b9dae6652eff17b6
250,200,0.056,0x366793b71fdf50d6214bf6f21059522777752093,2017-10-21T19:29:16.000Z,0.00028,0x9988f94df2320482b8463515770dfe7096df777d,buy,0xae258d5322b59d64df9eb483e3b1733332c3b66c,0x46fe3ffe9039f9456628deb678daa1ddb567a767f1ec6249804b6e9be3bcbbd6
251,500,0.1399995,0x366793b71fdf50d6214bf6f21059522777752093,2017-10-21T19:28:23.000Z,0.000279999,0x4ed8fc60b6b921c310e63fa3dc6e229aa1d56d76,buy,0xae258d5322b59d64df9eb483e3b1733332c3b66c,0x26cb2efe6a9c5728e92f152d2015a4b459a21dbf30fef8e195ce7c65da292940
252,5838.897,1.004290284,0x47ddb89e8ddfc2ab188e42736fcc8f486f0c6e97,2017-10-21T19:10:00.000Z,0.000172,0x9988f94df2320482b8463515770dfe7096df777d,sell,0xae258d5322b59d64df9eb483e3b1733332c3b66c,0x07a42d0ee3a18e9b93ae35f064cc48b0ace7843234575b9d69230c7ec4b4c663
253,498.45479015,0.0857342239058,0x47ddb89e8ddfc2ab188e42736fcc8f486f0c6e97,2017-10-21T15:54:25.000Z,0.000172,0x18d0e72b9f4ea74e4f6c40c203d4a14ed60cd9ff,sell,0xae258d5322b59d64df9eb483e3b1733332c3b66c,0x9d520ac7605934622f1b6ddf7256d07e93158fe0973c0262a5314670275253a7
254,500,0.139999995,0x67184334d94448a27eb5db91cac5ae291172acb9,2017-10-21T15:44:38.000Z,0.00027999999,0x4ed8fc60b6b921c310e63fa3dc6e229aa1d56d76,buy,0xae258d5322b59d64df9eb483e3b1733332c3b66c,0xc46b4510f0f89ac076eb9ff74d5030e03e01330c9f904640710ebfb596787f1f
255,800,0.2272,0x67184334d94448a27eb5db91cac5ae291172acb9,2017-10-21T15:43:39.000Z,0.000284,0x67184334d94448a27eb5db91cac5ae291172acb9,buy,0xae258d5322b59d64df9eb483e3b1733332c3b66c,0x7a8dd01e64964e3a805962db13ad2fd0940ec3f5794e9b515c9715bbc52f81d6
256,996.9,0.2781351,0x67184334d94448a27eb5db91cac5ae291172acb9,2017-10-21T15:42:16.000Z,0.000279,0xa7f06f2b51a2f8fd11646d9780350f2041545324,buy,0xae258d5322b59d64df9eb483e3b1733332c3b66c,0x4c11261ad8cdd39e130552e39b78c7f7abeca39a9f091479c7b2ea3aeeacd8ad
257,0.000173,3.4254,0xa80e9f17c237c0caf50fcef759c52186bb25344d,2017-10-21T14:50:59.000Z,19800,0x3ac636ac5c3a2576156ac5f10066ca68abe0ad54,sell,0xae258d5322b59d64df9eb483e3b1733332c3b66c,0x763dec3a388799a4a6aafeb51b90b2b702bbdd94943a84b24b7b6c3d33e903e8
258,0.46336458,0.00007969870776,0x47ddb89e8ddfc2ab188e42736fcc8f486f0c6e97,2017-10-21T14:46:33.000Z,0.000172,0xfb5dcc4090c0f42cf142bcff9ec2bd8b6c303d7b,sell,0xae258d5322b59d64df9eb483e3b1733332c3b66c,0xbd94b5aecdd2cb02abaed669d0eb82783bd17c5b026c58c827d452b098d171e5
259,4648.01007875,0.799457733545,0x47ddb89e8ddfc2ab188e42736fcc8f486f0c6e97,2017-10-21T14:44:05.000Z,0.000172,0xfb5dcc4090c0f42cf142bcff9ec2bd8b6c303d7b,sell,0xae258d5322b59d64df9eb483e3b1733332c3b66c,0xbea05c48c4ae350e5a3bd31254f958e5e660d16aebec3c758fa74ab5dd71129d
260,1354.19571627,0.23292166319844,0x47ddb89e8ddfc2ab188e42736fcc8f486f0c6e97,2017-10-21T14:33:14.000Z,0.000172,0xaf63e0cf2e326eb35816dbb7f71f793f79c43af4,sell,0xae258d5322b59d64df9eb483e3b1733332c3b66c,0xa30187a1fe9e3524be1a4ee532601e354a1e7c2dcc78f0c2be72560368d5ca39
261,1239.42272931,0.21318070944132,0x47ddb89e8ddfc2ab188e42736fcc8f486f0c6e97,2017-10-21T14:29:44.000Z,0.000172,0xb3c74e8478cb91b17d0f78e3d0e3ea574c9fe2f8,sell,0xae258d5322b59d64df9eb483e3b1733332c3b66c,0xc10903c71fbd234e3f58e5c150c41a6e291aeff5a19502b97871d4283294fcad
262,5615.759,1.06699421,0xa9bcc6e865b73b97a6eed7af742bab483e298989,2017-10-21T14:19:11.000Z,0.00019,0xaf63e0cf2e326eb35816dbb7f71f793f79c43af4,sell,0xae258d5322b59d64df9eb483e3b1733332c3b66c,0x8403017e69da90a5e6b99b46d86b1f078e532ebd9d12bef99857c673e479bcbe
263,3000,0.63,0xa9bcc6e865b73b97a6eed7af742bab483e298989,2017-10-21T14:18:09.000Z,0.00021,0xaf63e0cf2e326eb35816dbb7f71f793f79c43af4,sell,0xae258d5322b59d64df9eb483e3b1733332c3b66c,0xcbf8aba539abe386c3fa4f89566166479c05ab38ad304d917bdc346c5d67234b
264,1750,0.497,0x8cc0a7d06193875398989d0a166dd257ad294e22,2017-10-21T13:21:58.000Z,0.000284,0xb3c74e8478cb91b17d0f78e3d0e3ea574c9fe2f8,buy,0xae258d5322b59d64df9eb483e3b1733332c3b66c,0x315de432249177cd1800455edd33f2fd98ba49dbf3120cf50db27cdba80d132d
265,200.21316417,0.03463687740141,0xa9bcc6e865b73b97a6eed7af742bab483e298989,2017-10-21T12:48:38.000Z,0.000173,0xd6b329e0df0934fd0bb3bb305ab539bef1432721,sell,0xae258d5322b59d64df9eb483e3b1733332c3b66c,0x2da1570a0fc5e38e9eeb44c604ffd3cd323cc601c73c4cbb3747cc5133370331
266,884,0.152048,0x47ddb89e8ddfc2ab188e42736fcc8f486f0c6e97,2017-10-21T12:33:07.000Z,0.000172,0xd6b329e0df0934fd0bb3bb305ab539bef1432721,sell,0xae258d5322b59d64df9eb483e3b1733332c3b66c,0x8fbd03447b1bb69702c66e3829a20e5a1a40bcf52b2f8f9c36b9a8476bff10b1
267,1493.86900608,0.25694546904576,0x47ddb89e8ddfc2ab188e42736fcc8f486f0c6e97,2017-10-21T12:32:21.000Z,0.000172,0x069085216e67e09a0e13d6db5e4736ddf66e9dc5,sell,0xae258d5322b59d64df9eb483e3b1733332c3b66c,0x2d146e5c8027fcf0eec6a31d99f57b6ec4035b0340e7eced25b856ac6607c7a7
268,500,0.086,0x47ddb89e8ddfc2ab188e42736fcc8f486f0c6e97,2017-10-21T12:27:11.000Z,0.000172,0x069085216e67e09a0e13d6db5e4736ddf66e9dc5,sell,0xae258d5322b59d64df9eb483e3b1733332c3b66c,0xe26117ecd64991fe825c4e8e71f4f8a784ce9642692f530542b8caedd41d6e96
269,498,0.085656,0x47ddb89e8ddfc2ab188e42736fcc8f486f0c6e97,2017-10-21T12:25:34.000Z,0.000172,0x5b47d6648e6db8e7f543ad21b548d98a45c3f925,sell,0xae258d5322b59d64df9eb483e3b1733332c3b66c,0x4bd76144dfeff37bbe54dd55233711ae9c31869072c57f01ae727794f13846d3
270,800,0.1376,0x47ddb89e8ddfc2ab188e42736fcc8f486f0c6e97,2017-10-21T12:20:39.000Z,0.000172,0xd6b329e0df0934fd0bb3bb305ab539bef1432721,sell,0xae258d5322b59d64df9eb483e3b1733332c3b66c,0xb6f5197fa0ae6bc92f2edddf8215ed6dd2330972e63504d1ac1a10e578fadbe0
271,6978.66521072,1.20033041624384,0x47ddb89e8ddfc2ab188e42736fcc8f486f0c6e97,2017-10-21T11:33:16.000Z,0.000172,0x423b2a3ffb546d0cbaf25af92b3684a753dede35,sell,0xae258d5322b59d64df9eb483e3b1733332c3b66c,0x7208169baaffcb2692572c83ccf796b1335feb7ae96a4adc4a0f0191de342013
272,3000,0.516,0x47ddb89e8ddfc2ab188e42736fcc8f486f0c6e97,2017-10-21T11:33:16.000Z,0.000172,0x67184334d94448a27eb5db91cac5ae291172acb9,sell,0xae258d5322b59d64df9eb483e3b1733332c3b66c,0x22ce6ba482fdb318ffdb759c0fdcf89f033a7ff99329620ecfefe74b9616091c
273,10500,1.806,0x47ddb89e8ddfc2ab188e42736fcc8f486f0c6e97,2017-10-21T11:24:00.000Z,0.000172,0xd6b329e0df0934fd0bb3bb305ab539bef1432721,sell,0xae258d5322b59d64df9eb483e3b1733332c3b66c,0xfdd4fa351c2f4fd8db4987809c7955b6f734ddbdd16909291ef0621514499c4d
274,220.06778985,0.06403972684635,0x47ddb89e8ddfc2ab188e42736fcc8f486f0c6e97,2017-10-21T11:20:41.000Z,0.000291,0xede1990fa75cdc6cbc24a43cb400ab0b7c16508d,sell,0xae258d5322b59d64df9eb483e3b1733332c3b66c,0x4755faedd8f2e2eb369cc1759538cf21ddf11b6ca031e5592f14589ced970a56
275,2000,0.244,0xd6b329e0df0934fd0bb3bb305ab539bef1432721,2017-10-21T11:19:26.000Z,0.000122,0xede1990fa75cdc6cbc24a43cb400ab0b7c16508d,sell,0xae258d5322b59d64df9eb483e3b1733332c3b66c,0xff239e4884ec8f8a4360969a3c855c52d879291fc1597c8182956d98bae343e0
276,4.35765287,0.00060571374893,0xccaeb4abaa6b62dfb0d0a51d660edb9d3537fb98,2017-10-21T11:18:15.000Z,0.000139,0xd6b329e0df0934fd0bb3bb305ab539bef1432721,sell,0xae258d5322b59d64df9eb483e3b1733332c3b66c,0x5e1c53ae31420d9ebe67d430ae85eea3d2d055b0d4b62731f77ffb3a98d66906
277,670,0.11457,0xccaeb4abaa6b62dfb0d0a51d660edb9d3537fb98,2017-10-21T11:16:14.000Z,0.000171,0xede1990fa75cdc6cbc24a43cb400ab0b7c16508d,sell,0xae258d5322b59d64df9eb483e3b1733332c3b66c,0xda79fd4ab5d2c59bcc13d1e5291d045d53d7945c684218bccec8ad4a7556497d
278,225,0.03915,0xd6b329e0df0934fd0bb3bb305ab539bef1432721,2017-10-21T11:12:48.000Z,0.000174,0xf0f60a09366360418a202c1c10667577b8d054fe,buy,0xae258d5322b59d64df9eb483e3b1733332c3b66c,0x4968df3979c5003f2601af4943eac1f01c627bba6d154cb233d65bea096a66d0
279,1000,0.172,0xd6b329e0df0934fd0bb3bb305ab539bef1432721,2017-10-21T11:12:07.000Z,0.000172,0xede1990fa75cdc6cbc24a43cb400ab0b7c16508d,sell,0xae258d5322b59d64df9eb483e3b1733332c3b66c,0x7390ec226d394441df727aa7c1196085c44a2613d72495293f13cc4a8e58ffaa
280,1000,0.174,0xd6b329e0df0934fd0bb3bb305ab539bef1432721,2017-10-21T11:11:15.000Z,0.000174,0xede1990fa75cdc6cbc24a43cb400ab0b7c16508d,sell,0xae258d5322b59d64df9eb483e3b1733332c3b66c,0x5d40fa14810f7701692667278ccfbb6921463835e1dfe2e9fe869601dd380069
281,2080,0.35984,0x564cf6f299da66d45b6572cdf032a311e9d7b800,2017-10-21T11:10:54.000Z,0.000173,0xede1990fa75cdc6cbc24a43cb400ab0b7c16508d,sell,0xae258d5322b59d64df9eb483e3b1733332c3b66c,0x68f922476f0613f33942a70168afe18000ee1466082b1d7501465cd886299e66
282,1000,0.174,0xd6b329e0df0934fd0bb3bb305ab539bef1432721,2017-10-21T11:09:56.000Z,0.000174,0xede1990fa75cdc6cbc24a43cb400ab0b7c16508d,sell,0xae258d5322b59d64df9eb483e3b1733332c3b66c,0xf59ae262e51ea8bc689415548246b2bea84b093ee15b725399fee660a9d77fe3
283,240,0.071976,0x3d9bf3fce665a1aa13e5d044be238f0b7fa78299,2017-10-21T10:49:50.000Z,0.0002999,0xd6b329e0df0934fd0bb3bb305ab539bef1432721,buy,0xae258d5322b59d64df9eb483e3b1733332c3b66c,0x31b2e7f4734bef629798fdd45577e373645dbcb1178edc69e792b2ee1018305d
284,33.39448194,0.010018344582446367,0x37e0a63c7a309d96a00114e64a696bc890b6627b,2017-10-21T10:42:48.000Z,0.0003000000000133665,0x23901886602bd6725d2f8e7d076e28be9f4f2cf3,buy,0xae258d5322b59d64df9eb483e3b1733332c3b66c,0x1d769483acdbbcd70e2f9cef0b3de81e967a09a5fb08bbd5d399abc6d796116a
285,124,0.042085476,0x37e0a63c7a309d96a00114e64a696bc890b6627b,2017-10-21T10:41:15.000Z,0.000339399,0x4ed8fc60b6b921c310e63fa3dc6e229aa1d56d76,buy,0xae258d5322b59d64df9eb483e3b1733332c3b66c,0x807018224be0579edfb27d924d592d279fe7205aea5eb201a32d1707e7668141
286,1646.56156832,0.5588397031676713,0xa2f0f6ad5be2fb9e6505639c7f60f5bb44098101,2017-10-21T10:37:44.000Z,0.0003393980000018219,0xd6b329e0df0934fd0bb3bb305ab539bef1432721,buy,0xae258d5322b59d64df9eb483e3b1733332c3b66c,0xbdbb0e68816e906afd8f87d09acefcfb285fd48f3b4391aba3e758d6d79a0c2e
287,1,0.02499999,0x5c90e44313ca941804dafe07737b7e221941d562,2017-10-21T09:52:09.000Z,0.02499999,0x691053a11b569b45eb2ff7788c4e138623812fa1,buy,0xae258d5322b59d64df9eb483e3b1733332c3b66c,0x613defaac7963bf46a9323e8603cc5c3aea0e8a50303bbb660ca592cc89c9dfa
288,0.14904502,0.00005058588140497,0x5c90e44313ca941804dafe07737b7e221941d562,2017-10-21T09:51:21.000Z,0.00033940001084886966,0xd6b329e0df0934fd0bb3bb305ab539bef1432721,buy,0xae258d5322b59d64df9eb483e3b1733332c3b66c,0xc474186d3c51d5c537fcb0b4552e9c97a2bc05ef079224969f63f5bc9168f138
289,445,0.15103211,0x18c8b7fb1db20e2d0d32119923221f6f1b28f586,2017-10-21T09:38:37.000Z,0.000339398,0xd6b329e0df0934fd0bb3bb305ab539bef1432721,sell,0xae258d5322b59d64df9eb483e3b1733332c3b66c,0x482d0ca4fed74e3147f7060d960ab0e0ae1ebeaca2cef689ef77f90a90bb7440
290,1494.67429489,0.507426976373243,0x5c90e44313ca941804dafe07737b7e221941d562,2017-10-21T09:32:32.000Z,0.0003394900000006937,0x213f01a98c07c24782aeedf701261abb110a1045,buy,0xae258d5322b59d64df9eb483e3b1733332c3b66c,0x0cca4e015083eb7524d5586a4af31db066b1dc4692c7462d8c59ce64e0379f20
291,1200,0.27,0x03bad0dd9343e1d95416f0063130ba998666aa82,2017-10-21T09:24:22.000Z,0.000225,0xd6b329e0df0934fd0bb3bb305ab539bef1432721,sell,0xae258d5322b59d64df9eb483e3b1733332c3b66c,0xa74a53e09c9eca92ce1f85bc498357470d443ee01c4798404022f0cd46356b01
292,99.43843167,0.033749204832328725,0x3d9bf3fce665a1aa13e5d044be238f0b7fa78299,2017-10-21T09:15:20.000Z,0.0003393980000039629,0xd6b329e0df0934fd0bb3bb305ab539bef1432721,buy,0xae258d5322b59d64df9eb483e3b1733332c3b66c,0xe1ff746cd17505e4b5c7822d324a28d8acd5fe6e7487815997af64a36b9820ea
293,4000,0.36,0x23901886602bd6725d2f8e7d076e28be9f4f2cf3,2017-10-21T09:13:31.000Z,0.00009,0xd6b329e0df0934fd0bb3bb305ab539bef1432721,sell,0xae258d5322b59d64df9eb483e3b1733332c3b66c,0x7e7527888acd69a1d09041583d19f61e4a208a6b56673c7966c64e5b04a9ec59
294,1254,0.425605092,0x18c8b7fb1db20e2d0d32119923221f6f1b28f586,2017-10-21T09:08:15.000Z,0.000339398,0xd6b329e0df0934fd0bb3bb305ab539bef1432721,buy,0xae258d5322b59d64df9eb483e3b1733332c3b66c,0x2c5afe8cd19f2815e7caa4da65fb07e44b75d69d71b5126d944f83390f5f9c16
295,224.30465556,0.00695344432236,0xd6b329e0df0934fd0bb3bb305ab539bef1432721,2017-10-21T07:20:23.000Z,0.000031,0x35dee65c06424b1fe93cbd21f5884dd6c183de1a,sell,0xae258d5322b59d64df9eb483e3b1733332c3b66c,0x679559760ff5b51c7e741d749636520f5b763f010b042947d41c0d0f8b3f5f73
296,225,0.05624775,0xd6b329e0df0934fd0bb3bb305ab539bef1432721,2017-10-21T07:16:06.000Z,0.00024999,0x8224edaaf0d3e4608ca97c1382d54abac6d07cdd,buy,0xae258d5322b59d64df9eb483e3b1733332c3b66c,0xc34ed441b5ac434de00bfdf35874018ca696b48079d466f54b1f66d4a50811f8
297,11,0.00274989,0xd6b329e0df0934fd0bb3bb305ab539bef1432721,2017-10-21T07:09:52.000Z,0.00024999,0x691053a11b569b45eb2ff7788c4e138623812fa1,buy,0xae258d5322b59d64df9eb483e3b1733332c3b66c,0x00b53064904b9125ef7efbf2e9d5786feccab718247e89e4331f4bae3309207e
298,528.484,0.07398776,0xd6b329e0df0934fd0bb3bb305ab539bef1432721,2017-10-21T07:09:21.000Z,0.00014,0x28df321d9885a28cfd8a4cdbd249604c30e5ff05,buy,0xae258d5322b59d64df9eb483e3b1733332c3b66c,0xf6273175bbe4f4181c2e8540bc6b562643ac5dff5bf36576412481e491c8f1e9
299,500,0.0698,0xd6b329e0df0934fd0bb3bb305ab539bef1432721,2017-10-21T07:09:21.000Z,0.0001396,0xdea061bbe039ea7310886a2efd8f8998b1ef9c6d,buy,0xae258d5322b59d64df9eb483e3b1733332c3b66c,0x8a62cbc1714c61b40ebe05db725963634e505551bde06d318daae2bbe58e86ff
300,500,0.06985,0xd6b329e0df0934fd0bb3bb305ab539bef1432721,2017-10-21T07:08:54.000Z,0.0001397,0x47d4cdabe4a8a1fdefc554a11f397fce6c100139,buy,0xae258d5322b59d64df9eb483e3b1733332c3b66c,0x2d84f6dd05c514616522e64de858c3b5bde866f5913eb3fae725d1e9478eccd2
301,1000,0.101,0x069085216e67e09a0e13d6db5e4736ddf66e9dc5,2017-10-21T06:22:52.000Z,0.000101,0xede1990fa75cdc6cbc24a43cb400ab0b7c16508d,sell,0xae258d5322b59d64df9eb483e3b1733332c3b66c,0x3f732e524c65ecaae22ab8900dfa241d79d158f927818b9081feb415bad60a19
302,1000,0.12,0x069085216e67e09a0e13d6db5e4736ddf66e9dc5,2017-10-21T06:19:14.000Z,0.00012,0xede1990fa75cdc6cbc24a43cb400ab0b7c16508d,sell,0xae258d5322b59d64df9eb483e3b1733332c3b66c,0x9b9c2a6feb4efde0d8bf1d72ff5d86421df20ca226d20c05bd9da309aca39b3e
303,996.9095803,0.09969095803,0xa7f06f2b51a2f8fd11646d9780350f2041545324,2017-10-21T05:51:50.000Z,0.0001,0xff6fc474f89473ddeaf5fec9dd73b94c5b863dc1,sell,0xae258d5322b59d64df9eb483e3b1733332c3b66c,0x9d945aa8bac737b753bb0989bc2963cfcb79101844435564492a0c12989e501c
304,1536.64206022,0.2145152316078238,0x7ecbc907edb6f029f33b22c5da46cdcc8c3c52d2,2017-10-21T05:47:17.000Z,0.00013960000000072352,0xb3c74e8478cb91b17d0f78e3d0e3ea574c9fe2f8,buy,0xae258d5322b59d64df9eb483e3b1733332c3b66c,0xfd9041490de7a10f3e92fd7e2f5b1aab369afb1454c37e1954445149ae48e62f
305,1000,0.1396,0x7ecbc907edb6f029f33b22c5da46cdcc8c3c52d2,2017-10-21T05:33:41.000Z,0.0001396,0xb3c74e8478cb91b17d0f78e3d0e3ea574c9fe2f8,buy,0xae258d5322b59d64df9eb483e3b1733332c3b66c,0xc51e0728f69e3bffc6480f78fb377945d27d565bf58e1303c23dbef8d1e12b2d
306,100,0.01,0x7ecbc907edb6f029f33b22c5da46cdcc8c3c52d2,2017-10-21T05:25:53.000Z,0.0001,0xa540ae3c81c34603f1eb5b0376359f0356aebbbb,buy,0xae258d5322b59d64df9eb483e3b1733332c3b66c,0x4075251dd5547a8c0911e8da762053387063416fa3ba17e9d2adef0fe63819bc
307,180,0.018,0xfea764eb3e76aea5ccb047f50a9f27a9e194b7f0,2017-10-21T05:17:56.000Z,0.0001,0xb3c74e8478cb91b17d0f78e3d0e3ea574c9fe2f8,sell,0xae258d5322b59d64df9eb483e3b1733332c3b66c,0x4f82e066ed50f0892f19909e3c1149d87ee7d6d86e8eeb8cc49a0a7434264933
308,9960.09670022,0.220118137074862,0xd6b329e0df0934fd0bb3bb305ab539bef1432721,2017-10-21T03:32:12.000Z,0.0000221,0xd421c753e7299f1f104c61dfea79fd1df958bbd5,sell,0xae258d5322b59d64df9eb483e3b1733332c3b66c,0x8efcd320b8a102277f7a377d8a0a0fd0f2cd7d99c1645e10dc497cf57b894550
309,9,0.0014742,0x110255f668ae71cd88ee3589ebe041e13f45f3d9,2017-10-21T03:22:57.000Z,0.0001638,0xd421c753e7299f1f104c61dfea79fd1df958bbd5,sell,0xae258d5322b59d64df9eb483e3b1733332c3b66c,0xcbf589e352aaa2a1203f6d521e3f450525ad9dea30a609f59d137a30b13d3bb7
310,1000,0.1398,0x2a2ceb256a17fafd0a1e7485d8d9b5fda8fc9003,2017-10-21T02:58:38.000Z,0.0001398,0xd6b329e0df0934fd0bb3bb305ab539bef1432721,buy,0xae258d5322b59d64df9eb483e3b1733332c3b66c,0x557dde3be0afa6a30c14902629ed016720f3012bdb8c510bfbdf7271a8de04ae
311,5000,0.6995,0xb3c74e8478cb91b17d0f78e3d0e3ea574c9fe2f8,2017-10-21T02:49:48.000Z,0.0001399,0xd6b329e0df0934fd0bb3bb305ab539bef1432721,buy,0xae258d5322b59d64df9eb483e3b1733332c3b66c,0xb7d9d84a783067fa3cf21d1dc5c4bf23f9e7580fa5cf25509d3c5f1b5680167b
312,710.447,0.0991784012,0xb3c74e8478cb91b17d0f78e3d0e3ea574c9fe2f8,2017-10-21T02:48:55.000Z,0.0001396,0xd6b329e0df0934fd0bb3bb305ab539bef1432721,buy,0xae258d5322b59d64df9eb483e3b1733332c3b66c,0x47c297256c230e45a0d5761a51dabf57a0fe7a0087d08a6568ef8a22f41e5253
313,244.4041656,0.034118821518660886,0xf20c2032a6d8bdad0454ac8ac6d6d57f16478469,2017-10-21T02:45:15.000Z,0.00013960000000368605,0xd6b329e0df0934fd0bb3bb305ab539bef1432721,buy,0xae258d5322b59d64df9eb483e3b1733332c3b66c,0x20497ac82614527dae9676453f05bb45e32aa9836bae29dc4592472b71251bac
314,350,0.0245,0x7a9ba5e9221b8e1753a941f1fdd2fae3e9af1b1c,2017-10-21T02:44:43.000Z,0.00007,0xd6b329e0df0934fd0bb3bb305ab539bef1432721,sell,0xae258d5322b59d64df9eb483e3b1733332c3b66c,0xc03e364b9f0a9a5d55c385848e7833da4a8451d5b8988e136c17646dd6adf108
315,10140.729,1.31829477,0xf20c2032a6d8bdad0454ac8ac6d6d57f16478469,2017-10-21T02:41:12.000Z,0.00013,0x23901886602bd6725d2f8e7d076e28be9f4f2cf3,buy,0xae258d5322b59d64df9eb483e3b1733332c3b66c,0x0d1af53f3bb075e0f271d2c8e6197b98c13f2bb3b2b2ef7ebf928da3af9d9760
316,767.27050966,0.09974516625627436,0xfb5dcc4090c0f42cf142bcff9ec2bd8b6c303d7b,2017-10-21T02:08:36.000Z,0.00013000000000061823,0x23901886602bd6725d2f8e7d076e28be9f4f2cf3,buy,0xae258d5322b59d64df9eb483e3b1733332c3b66c,0x4b8d7b13487ac6f8361aeb886bc16fc6e6c2c5e021388ca1b7916b1693bdab77
317,3895.14840034,0.5437627166880485,0xfb5dcc4090c0f42cf142bcff9ec2bd8b6c303d7b,2017-10-21T02:03:39.000Z,0.00013960000000015006,0xd6b329e0df0934fd0bb3bb305ab539bef1432721,buy,0xae258d5322b59d64df9eb483e3b1733332c3b66c,0xefa52aa216c03a4d2196a3b718dd6e43ab27da14fc54401c174432a7fc3a3568
318,24.27657593,0.003389009999828,0x15cd30009b5c47264dd1babc00de1e1180aeb40d,2017-10-21T01:59:00.000Z,0.0001396,0x23901886602bd6725d2f8e7d076e28be9f4f2cf3,sell,0xae258d5322b59d64df9eb483e3b1733332c3b66c,0xaa6b6247785bf0071b9153bd47866fddf5b85ad20f6da98a625a49bf46dc69dc
319,150,0.02094,0x37e0a63c7a309d96a00114e64a696bc890b6627b,2017-10-20T22:12:50.000Z,0.0001396,0xd6b329e0df0934fd0bb3bb305ab539bef1432721,buy,0xae258d5322b59d64df9eb483e3b1733332c3b66c,0xb2a2026bc3232afaf628f52cc4513ea5ad7d8c042fe6a6bf8210eb1dbf326c30
320,100,0.01398,0xd6b329e0df0934fd0bb3bb305ab539bef1432721,2017-10-20T21:02:27.000Z,0.0001398,0xd6b329e0df0934fd0bb3bb305ab539bef1432721,buy,0xae258d5322b59d64df9eb483e3b1733332c3b66c,0x962fef2d2c566e89e261282c209978ec5909e1d1bd01dfd22f948023520bdae3
321,225,0.024525,0x771286645c4fa423ccd80cb751736e32f5c5f8ae,2017-10-20T12:48:44.000Z,0.000109,0x926117d329e986e1ea4480151547e14bd7399479,buy,0xae258d5322b59d64df9eb483e3b1733332c3b66c,0x732f9021c702ba53f820946cf9765332634ea21f4a04e702314da9cda0088563
322,5000,0.4995,0x771286645c4fa423ccd80cb751736e32f5c5f8ae,2017-10-20T12:44:40.000Z,0.0000999,0xab45233b06b1d1f452901661f6a931c9da663cc0,buy,0xae258d5322b59d64df9eb483e3b1733332c3b66c,0x540d0bc7e6bf56be8c0c12de8038c0a10e53d5e22466aa6fe5447bf0244267b0
323,3383.2,0.304488,0x771286645c4fa423ccd80cb751736e32f5c5f8ae,2017-10-20T12:44:15.000Z,0.00009,0xd6b329e0df0934fd0bb3bb305ab539bef1432721,buy,0xae258d5322b59d64df9eb483e3b1733332c3b66c,0xa96ba36202a551fa11ea634ff1fe48460fa9486adfa033871e1f53b431164855
324,1.47517992,0.00001622697912,0xd6b329e0df0934fd0bb3bb305ab539bef1432721,2017-10-20T11:27:32.000Z,0.000011,0x8d9c6fabbe86b246e247146684bf53678699b375,sell,0xae258d5322b59d64df9eb483e3b1733332c3b66c,0x87a2989730379dc4f28801001d8d0016d28e9bea1012e3dfc61650fda52bc390
325,14797.52962605,0.16277282588655,0xd6b329e0df0934fd0bb3bb305ab539bef1432721,2017-10-20T11:26:30.000Z,0.000011,0x8d9c6fabbe86b246e247146684bf53678699b375,sell,0xae258d5322b59d64df9eb483e3b1733332c3b66c,0x0a61f206c84ca8ea5312ba864ce4116a1b7943eb24b13568f878f6ee0733974c
326,706,0.007766,0xd6b329e0df0934fd0bb3bb305ab539bef1432721,2017-10-20T11:15:20.000Z,0.000011,0x16d2d762f71ce31f95cf56fc87e5305643bdcfe0,sell,0xae258d5322b59d64df9eb483e3b1733332c3b66c,0x0f5f3fc77b8b443345cdd37103954d9c6f20df03a65cfafeffb85e7915e7a8be
327,1500,0.09003,0x4ed8fc60b6b921c310e63fa3dc6e229aa1d56d76,2017-10-20T11:07:14.000Z,0.00006002,0xd6b329e0df0934fd0bb3bb305ab539bef1432721,sell,0xae258d5322b59d64df9eb483e3b1733332c3b66c,0xff8d391c47a317d33eed822769908c92a9d0330e1d85d1848c49062240500149
328,100,0.0090011,0xf36990a2cb4d609e0a7d4f3bf884c0342d81fd3d,2017-10-20T11:07:10.000Z,0.000090011,0xd6b329e0df0934fd0bb3bb305ab539bef1432721,sell,0xae258d5322b59d64df9eb483e3b1733332c3b66c,0x0aa19d8b5f48b5dd74b8855768f8023c01f108b72d0d95f3d675507e9be60f87
329,170,0.0221,0x3421c555a64032f3bb56c0f1236138dc88ae4c7f,2017-10-20T08:16:02.000Z,0.00013,0x16d2d762f71ce31f95cf56fc87e5305643bdcfe0,buy,0xae258d5322b59d64df9eb483e3b1733332c3b66c,0x961dd646d4c57b43930a624d5590390da4af6ebd6552e21e8abf5b81ded6f6a4
330,0.09938287,0.00000914322404,0x580d0572dbd9f27c75d5fcc88a6075ce32924c2b,2017-10-20T05:28:12.000Z,0.000092,0x2ef784a3eef118aa0d80ec37c5b76e6a457a2289,sell,0xae258d5322b59d64df9eb483e3b1733332c3b66c,0xebad688195785b62ddcbbbe3312d8f013bfdcf261eabac2b5ce7faebccc448d6
331,996.9095803,0.0917156813876,0x580d0572dbd9f27c75d5fcc88a6075ce32924c2b,2017-10-20T05:25:19.000Z,0.000092,0x2ef784a3eef118aa0d80ec37c5b76e6a457a2289,sell,0xae258d5322b59d64df9eb483e3b1733332c3b66c,0xe9dc77fc39ecae68a3385a8d3177977571018bc17276a303abf8089742be313a
332,0.0014,0.0000001288,0x580d0572dbd9f27c75d5fcc88a6075ce32924c2b,2017-10-20T04:09:14.000Z,0.000092,0x8704282df3b91fe149bff4b0c71005eafb94e012,sell,0xae258d5322b59d64df9eb483e3b1733332c3b66c,0x931785254a861360994bb501f9b8271fcb320a49be764b8783c8d0cca683a0f4
333,0.0014,0.0000001288,0x580d0572dbd9f27c75d5fcc88a6075ce32924c2b,2017-10-20T04:09:06.000Z,0.000092,0x8704282df3b91fe149bff4b0c71005eafb94e012,sell,0xae258d5322b59d64df9eb483e3b1733332c3b66c,0x931785254a861360994bb501f9b8271fcb320a49be764b8783c8d0cca683a0f4
334,145.55800443,0.01339133640756,0x580d0572dbd9f27c75d5fcc88a6075ce32924c2b,2017-10-20T03:56:01.000Z,0.000092,0x8704282df3b91fe149bff4b0c71005eafb94e012,sell,0xae258d5322b59d64df9eb483e3b1733332c3b66c,0xae2110e92fee83919aee99f13f49200c80bebeb3bae8c678efcc61619e02df1d
335,1500,0.1068,0x580d0572dbd9f27c75d5fcc88a6075ce32924c2b,2017-10-20T03:55:40.000Z,0.0000712,0x8704282df3b91fe149bff4b0c71005eafb94e012,sell,0xae258d5322b59d64df9eb483e3b1733332c3b66c,0xe17b460d9b83ae6da97ed516237a1e7431e75fa574fc1f86a4c82d124609641d
336,39.97763884,0.0037978756898,0x28df321d9885a28cfd8a4cdbd249604c30e5ff05,2017-10-20T03:54:30.000Z,0.000095,0x8704282df3b91fe149bff4b0c71005eafb94e012,sell,0xae258d5322b59d64df9eb483e3b1733332c3b66c,0x59f105cbe90fc4ec56c8ccf7266a2c7ff380159fd3583e86caa2866fe3359bb3
337,1798.398,0.165452616,0xdd46b3ed8748ccc5cc9f23dc490f3a7feffdf1d5,2017-10-20T03:54:30.000Z,0.000092,0x8704282df3b91fe149bff4b0c71005eafb94e012,sell,0xae258d5322b59d64df9eb483e3b1733332c3b66c,0xb6092b1abb7a79b3bba5df3235046f456195c8e202bd1f29c72317625ec257a9
338,677.29697836,0.06231132200912,0xdd46b3ed8748ccc5cc9f23dc490f3a7feffdf1d5,2017-10-20T03:37:26.000Z,0.000092,0x5f19b49693f2c537226c1c75ae0f2881795e43cd,sell,0xae258d5322b59d64df9eb483e3b1733332c3b66c,0x8ff5729e39e6b03fb8fe84893afd81b77aa03c33b42aea204718327d4bc8b1df
339,30.015,0.00288144,0x67184334d94448a27eb5db91cac5ae291172acb9,2017-10-20T03:34:48.000Z,0.000096,0x5f19b49693f2c537226c1c75ae0f2881795e43cd,sell,0xae258d5322b59d64df9eb483e3b1733332c3b66c,0xb9bac0572504a89fa34c1729143c08f6470423322ed6ab4a55f3034bb797ac7a
340,15.452,0.001437036,0xb8da992e13e98f837a37d1b877521b1f993859cb,2017-10-20T03:34:48.000Z,0.000093,0x5f19b49693f2c537226c1c75ae0f2881795e43cd,sell,0xae258d5322b59d64df9eb483e3b1733332c3b66c,0x5a37a1b9ba82569fcd32569577623f58b799f02af4a73fecceebc47d2585c096
341,4984.5479015,0.4635629548395,0xb8da992e13e98f837a37d1b877521b1f993859cb,2017-10-20T02:31:50.000Z,0.000093,0xab45233b06b1d1f452901661f6a931c9da663cc0,sell,0xae258d5322b59d64df9eb483e3b1733332c3b66c,0x7a269db3c88d92be81c7ec6d0f238cef547fc835c1802bcc7a8a784ba3930bb3
342,0.1,0.000011,0x6cdea8e07bf82d7a07dbf36642d6e5be8623845c,2017-10-19T23:42:25.000Z,0.00011,0x8704282df3b91fe149bff4b0c71005eafb94e012,buy,0xae258d5322b59d64df9eb483e3b1733332c3b66c,0x71a81d7d025229de90da9e129933c065f3a48ae99f3ee28e55fccbe6c7128317
343,5000,0.55,0x9988f94df2320482b8463515770dfe7096df777d,2017-10-19T16:29:37.000Z,0.00011,0x8704282df3b91fe149bff4b0c71005eafb94e012,buy,0xae258d5322b59d64df9eb483e3b1733332c3b66c,0xd31b8c1de0c7e06c83cc89c7afbcde799f436b1895a186dddfa9fc404076439d
344,500,0.0500005,0x580d0572dbd9f27c75d5fcc88a6075ce32924c2b,2017-10-19T16:16:27.000Z,0.000100001,0x8704282df3b91fe149bff4b0c71005eafb94e012,sell,0xae258d5322b59d64df9eb483e3b1733332c3b66c,0xd206c80d7b78fa691767c19c3e229dec4c36d0f2f4f18c2a1d301d8bbbb7bce6
345,3000,0.3,0x23901886602bd6725d2f8e7d076e28be9f4f2cf3,2017-10-19T15:52:57.000Z,0.0001,0xd6b329e0df0934fd0bb3bb305ab539bef1432721,sell,0xae258d5322b59d64df9eb483e3b1733332c3b66c,0x1841045fbe891bee343cf375058e520acf87d30faadec820a4140ddd8da49728
346,1000,0.100001,0x580d0572dbd9f27c75d5fcc88a6075ce32924c2b,2017-10-19T15:52:32.000Z,0.000100001,0xd6b329e0df0934fd0bb3bb305ab539bef1432721,sell,0xae258d5322b59d64df9eb483e3b1733332c3b66c,0xa0bb8e187d7fb0a21d04d11f34d14b04fbe28334009c3b7e370dbc2f2840fb8f
347,219.9846919,0.0211185304224,0x67184334d94448a27eb5db91cac5ae291172acb9,2017-10-19T14:16:02.000Z,0.000096,0x67263aa047969a32ed0a3e5c636320cd8fdf9037,sell,0xae258d5322b59d64df9eb483e3b1733332c3b66c,0xfbe98dae5b6be998cc6446e090739dd0dadd667c5b2f90df98a5df99f48eb015
348,115,0.0115,0x67184334d94448a27eb5db91cac5ae291172acb9,2017-10-19T13:21:09.000Z,0.0001,0xe770d23fa76fb4ac046fdd55223c5808c5532cfa,buy,0xae258d5322b59d64df9eb483e3b1733332c3b66c,0x0ad6964165ba455f276ff0b5aa0df38d2ac70a2cfa7f11ad455ed74cd50e1bf4
349,110,0.011,0x37e0a63c7a309d96a00114e64a696bc890b6627b,2017-10-19T13:03:32.000Z,0.0001,0xe770d23fa76fb4ac046fdd55223c5808c5532cfa,buy,0xae258d5322b59d64df9eb483e3b1733332c3b66c,0xb8e29879c87089509e912e100cf8b0908563546947db0e44ead00443e9d72d6f
350,0.02236116,0.0000021243102,0x28df321d9885a28cfd8a4cdbd249604c30e5ff05,2017-10-19T11:49:49.000Z,0.000095,0xcbaae569d9ecbd35ff827e314dc79973f0b35b4d,sell,0xae258d5322b59d64df9eb483e3b1733332c3b66c,0x7dc25ec58ab0023d1f23786546e3e44ecdcbc8f1bfb60c4764fd1ab9ea2056cc
351,224.30465556,0.02063602831152,0xdd46b3ed8748ccc5cc9f23dc490f3a7feffdf1d5,2017-10-19T11:49:07.000Z,0.000092,0xcbaae569d9ecbd35ff827e314dc79973f0b35b4d,sell,0xae258d5322b59d64df9eb483e3b1733332c3b66c,0x972fb151ced18082280d6742e96aec46b8d929d9682cb43908f84a85da10800b
352,1000,0.095,0x67184334d94448a27eb5db91cac5ae291172acb9,2017-10-19T10:55:35.000Z,0.000095,0x8704282df3b91fe149bff4b0c71005eafb94e012,sell,0xae258d5322b59d64df9eb483e3b1733332c3b66c,0x455d6b1d41e191642b6af4788aef55d48081316a979829148aaae896cac6ca6b
353,10,0.0033,0x67184334d94448a27eb5db91cac5ae291172acb9,2017-10-19T08:02:43.000Z,0.00033,0x28df321d9885a28cfd8a4cdbd249604c30e5ff05,buy,0xae258d5322b59d64df9eb483e3b1733332c3b66c,0xd270a14d893245eb32c531d75469ae9d946356f07b829aea8127f25fc9ccc583
354,50,0.009,0x67184334d94448a27eb5db91cac5ae291172acb9,2017-10-19T08:00:11.000Z,0.00018,0x5ee606313a1460c264b74b4a0f24b656c98bcb86,buy,0xae258d5322b59d64df9eb483e3b1733332c3b66c,0x1aa127aee66b1c0d204cdacd451f095f2687d86bf0cf0f97798891c01003cae8
355,349.54864593,0.04963590772316951,0x67184334d94448a27eb5db91cac5ae291172acb9,2017-10-19T07:58:33.000Z,0.00014200000000317412,0xf8d22cc821e5efcb8d51d57225d9550bf129eb82,buy,0xae258d5322b59d64df9eb483e3b1733332c3b66c,0x601b8643926baaefe6ff2eec88d28c1e86126c4575e1db849815069e858a776d
356,100.122,0.01401708,0x67184334d94448a27eb5db91cac5ae291172acb9,2017-10-19T07:58:12.000Z,0.00014,0xc8cd137d8ad0646de03b86316bcf5ecca9e9b401,buy,0xae258d5322b59d64df9eb483e3b1733332c3b66c,0x307cfd7cb8c2368cd5a2df0f9cfc0cd4631597dc88d16dec38291f3fca508db3
357,149.99999999,0.1379999999908,0x580d0572dbd9f27c75d5fcc88a6075ce32924c2b,2017-10-19T06:36:10.000Z,0.00092,0xd445f61ebca3d6b4c57eef1f39fdab6595ef8972,sell,0xae258d5322b59d64df9eb483e3b1733332c3b66c,0xd9bff4eea3da7a70a35904813e8f919bc6d7fe00b813a407866601f16ef5ae4a
358,150.45135406,0.02136409227683049,0xd445f61ebca3d6b4c57eef1f39fdab6595ef8972,2017-10-19T06:36:10.000Z,0.00014200000000206373,0xf8d22cc821e5efcb8d51d57225d9550bf129eb82,buy,0xae258d5322b59d64df9eb483e3b1733332c3b66c,0xd9bff4eea3da7a70a35904813e8f919bc6d7fe00b813a407866601f16ef5ae4a
359,120.25,0.01666665,0x5d5065b42bdee0274e394ba9042c21e1818c69cf,2017-10-19T06:09:07.000Z,0.0001386,0x16d2d762f71ce31f95cf56fc87e5305643bdcfe0,sell,0xae258d5322b59d64df9eb483e3b1733332c3b66c,0x36afe0b5b2bbd67b28ed3f4f72cff00d88470018e2d13d72301cc2fb3bdaf89b
360,498.45479015,0.0458578406938,0xb417fc8781bfd509b91c6360493535512b133481,2017-10-19T06:05:41.000Z,0.000092,0x8ee6fcad578d51d3f5115dffbd0a367489254a24,sell,0xae258d5322b59d64df9eb483e3b1733332c3b66c,0x317b338e355dbe716fb8d8c0e4c4941caa3fcc3cd259917e1f0fba8615659595
361,2990.7287409,0.269524474129908,0xb399e4b93e52590b91235c1c45d20986f189c3ce,2017-10-19T01:12:20.000Z,0.00009012,0x423b2a3ffb546d0cbaf25af92b3684a753dede35,sell,0xae258d5322b59d64df9eb483e3b1733332c3b66c,0x1e624f6de25b6c7c8c16a7c435487bcac4d838cf39c3971c8996d0f27e5e05c3
362,1357.70589792,0.19686735519888346,0x655f66f6b5b750a477224ab894e413b7df277d8d,2017-10-18T22:13:29.000Z,0.00014500000000035608,0x23901886602bd6725d2f8e7d076e28be9f4f2cf3,buy,0xae258d5322b59d64df9eb483e3b1733332c3b66c,0x3774ef5fe1b7cd85290c749ff03cdc76d66a5ba0737d55b1e4d5932502efd42e
363,164,0.023452,0x655f66f6b5b750a477224ab894e413b7df277d8d,2017-10-18T22:11:58.000Z,0.000143,0xd32deb32fec2df413c09aafb40b05fcca37ee56b,buy,0xae258d5322b59d64df9eb483e3b1733332c3b66c,0x463541bedca4d68546e4f2b6916b8f334bc57fdfc68677f1e8a15e0fbfdb75b1
364,225,0.0315,0x27849f835bb345a26dffbfa7a8863c387b546730,2017-10-18T21:27:16.000Z,0.00014,0xc8f27c96c7e8d1a1a09bbc8f1988b4cff10898cb,buy,0xae258d5322b59d64df9eb483e3b1733332c3b66c,0x99f5f2591760394e351655c053e073b33865a421ae38fd42788b0a9d702ace55
365,1,0.000149999,0x3ac636ac5c3a2576156ac5f10066ca68abe0ad54,2017-10-18T20:45:19.000Z,0.000149999,0x67263aa047969a32ed0a3e5c636320cd8fdf9037,buy,0xae258d5322b59d64df9eb483e3b1733332c3b66c,0xab51d87f53a547547e63789f591cbeb898ef1bfa7bf902a32238ad6158f39df8
366,1,0.0002,0x0249924245a19aa2d7f5ddb0739a7132b7d094ab,2017-10-18T19:26:27.000Z,0.0002,0x8704282df3b91fe149bff4b0c71005eafb94e012,buy,0xae258d5322b59d64df9eb483e3b1733332c3b66c,0x786c25e58b7178f7ed09ed4a39efa146462c1a139095586a012f2235660a714c
367,1000,0.0915,0xb417fc8781bfd509b91c6360493535512b133481,2017-10-18T18:44:23.000Z,0.0000915,0x8d9c6fabbe86b246e247146684bf53678699b375,sell,0xae258d5322b59d64df9eb483e3b1733332c3b66c,0xa48cae6ac2889a6441f418c8285c6e2d0eea884d5b54d3dcd0387fd3e224d5bd
368,2500,0.2275,0x9988f94df2320482b8463515770dfe7096df777d,2017-10-18T18:43:32.000Z,0.000091,0x8d9c6fabbe86b246e247146684bf53678699b375,sell,0xae258d5322b59d64df9eb483e3b1733332c3b66c,0x794e6734482ed2a56b7021e6d8a4e1522fc3d5496562147510917cfa6d04a3ba
369,500,0.046,0xd6b329e0df0934fd0bb3bb305ab539bef1432721,2017-10-18T18:42:51.000Z,0.000092,0x8d9c6fabbe86b246e247146684bf53678699b375,sell,0xae258d5322b59d64df9eb483e3b1733332c3b66c,0x845bf81d90b6493fd7926585838d77be26bfe8bd6d4b4d745791a945c44e6368
370,1221.21423586,0.11174232379542585,0xc21e2dc25f7ebcf2eaee88d6a558a60acb471ada,2017-10-18T17:25:35.000Z,0.000091501,0xc8cd137d8ad0646de03b86316bcf5ecca9e9b401,sell,0xae258d5322b59d64df9eb483e3b1733332c3b66c,0xf64b23ee5cf1774c027fc05be4ff8bac917da7a5c457587d187d4231eaa86f6d
371,3.44827586,0.0005,0x16e5d97bbc92417e051e3b2cabfbf8ceea2acb9c,2017-10-18T15:44:42.000Z,0.000145000000087,0x23901886602bd6725d2f8e7d076e28be9f4f2cf3,buy,0xae258d5322b59d64df9eb483e3b1733332c3b66c,0x331e32590d5552eb4ae124ade44ede8cf08b09d6b4d8801fd6265935dea55466
372,700,0.1015,0xa7622a77bf13ba8dc6c37d1edd278346a7e0c174,2017-10-18T15:36:23.000Z,0.000145,0x23901886602bd6725d2f8e7d076e28be9f4f2cf3,buy,0xae258d5322b59d64df9eb483e3b1733332c3b66c,0x1d9612221c696800146e7ff05f243f145e1b60d64ed4438a008729d54d9aca7a
373,3.44827586,0.0005,0x379374d13077e8867ef31803c37baf9785a17c00,2017-10-18T15:13:58.000Z,0.000145000000087,0x23901886602bd6725d2f8e7d076e28be9f4f2cf3,buy,0xae258d5322b59d64df9eb483e3b1733332c3b66c,0x80818759f64637aebe19ca96ab59df21a0a695dfd8a14e7e09526cf27c9db931
374,3.44827586,0.0005,0xf9695cd65d6dfdf257fab76a3eb0cb8f001971cc,2017-10-18T15:12:31.000Z,0.000145000000087,0x23901886602bd6725d2f8e7d076e28be9f4f2cf3,buy,0xae258d5322b59d64df9eb483e3b1733332c3b66c,0x244eac02eab344a82a4665cb2ae22be00cd3d2a4c4dea0842fb2df6dc7cf21cb
375,448.6094099,0.0471039880395,0xa7ef40afda6e29b81faa91a6608dc597e292604b,2017-10-18T14:37:39.000Z,0.000105,0xd26c0059f2eaf35d0cd3389be87e2f715c21e02f,sell,0xae258d5322b59d64df9eb483e3b1733332c3b66c,0xb0a5552064c6a7b50ad2da858efc649f71503308418cf6564608126830826a3d
376,0.99074815,0.00010402855575,0xa7ef40afda6e29b81faa91a6608dc597e292604b,2017-10-18T14:35:46.000Z,0.000105,0xd26c0059f2eaf35d0cd3389be87e2f715c21e02f,sell,0xae258d5322b59d64df9eb483e3b1733332c3b66c,0xd9bd0b4637caca5c75208543c3d9d4e450cac87d280909adabcae6268a888e6a
377,10000,0.91001,0xa7622a77bf13ba8dc6c37d1edd278346a7e0c174,2017-10-18T13:54:29.000Z,0.000091001,0x3c5018a34073f5f2b15a9976a250b9527895026c,buy,0xae258d5322b59d64df9eb483e3b1733332c3b66c,0x91e55f00014a0e4ab05414bd8d57e3f91e0a0e715f67191cbbe508f24706ef2e
378,4775.695,0.692475775,0x3b743694b437c797e9c4b201803a85135d7010de,2017-10-18T13:43:55.000Z,0.000145,0x86c5369ff1c20528ba1cf7233d86f52135a76ffc,sell,0xae258d5322b59d64df9eb483e3b1733332c3b66c,0x09680f387d14a24a35388f8d5114175f1c9bcf4a3e7df1b3a4e24b245aab0772
379,224.30465556,0.0325241750562,0x3b743694b437c797e9c4b201803a85135d7010de,2017-10-18T13:40:15.000Z,0.000145,0xa7ef40afda6e29b81faa91a6608dc597e292604b,sell,0xae258d5322b59d64df9eb483e3b1733332c3b66c,0x37dc82a0129b2acdc5ee9b27e07563248e0bcf36f241d385629981d601292d09
380,3.33335555,0.0005,0x42c24a83bded723edfdf5883bc7efb30bc1a1bf3,2017-10-18T13:22:01.000Z,0.0001499990002566633,0x67263aa047969a32ed0a3e5c636320cd8fdf9037,buy,0xae258d5322b59d64df9eb483e3b1733332c3b66c,0x2afce936179d34ba51598d06d46895270754a58e0eff4fc8493d5b954ef64943
381,996.9095803,0.0907197687168803,0xc21e2dc25f7ebcf2eaee88d6a558a60acb471ada,2017-10-18T13:21:29.000Z,0.000091001,0x49ea8a980ad4e401bdd6d629e388a13baf62b944,sell,0xae258d5322b59d64df9eb483e3b1733332c3b66c,0x8ae4412e6fa217e293cf25a3f54b7abe934b91a1e3f15a4ac871940bc00745d9
382,10966.00538331,0.99790648988121,0xa7622a77bf13ba8dc6c37d1edd278346a7e0c174,2017-10-18T13:09:17.000Z,0.000091,0x2f839497581e7f1a0a31ee0139ba37285a55b92e,sell,0xae258d5322b59d64df9eb483e3b1733332c3b66c,0xea99045a86a95d17347b23746cb9b87ae94edd820e7f3b9fc31dcb3d2146eff4
383,224.30465556,0.02041194796061556,0xc21e2dc25f7ebcf2eaee88d6a558a60acb471ada,2017-10-18T12:19:41.000Z,0.000091001,0xa01de6b319fc807f5810fb247deac2e3eee3059d,sell,0xae258d5322b59d64df9eb483e3b1733332c3b66c,0x5d3c50ebd30a6b8bbaf905e2c40d870cb441a51d2d25cc6e49e26c0acba67293
384,9938.19468689,0.90437571650699,0xa7622a77bf13ba8dc6c37d1edd278346a7e0c174,2017-10-18T10:58:50.000Z,0.000091,0xd26c0059f2eaf35d0cd3389be87e2f715c21e02f,sell,0xae258d5322b59d64df9eb483e3b1733332c3b66c,0x6c28b8720b074b09bc5e7d0c87b3cfa362d66bfeb1c05e8c21714fd36c573783
