,amount,amountBase,buyer,date,price,seller,side,tokenAddr,txHash
0,0.19230769230769232,0.0005,0x4fda9e6bcd83af6c5cc771b5d20accc2b7720074,2017-11-02T13:31:35.000Z,0.0026,0x6742f656a2914cf8d0792b5d1ed8669e3da76692,buy,0xcfb98637bcae43c13323eaa1731ced2b716962fd,0xa469eac3b105eff8a169d1534b0bcc06c188daa479fe362adb0bca66f5a3220a
1,0.19230769230769232,0.0005,0x3075f7f189912f4f425dd7021b9c396434197477,2017-11-02T12:56:24.000Z,0.0026,0x6742f656a2914cf8d0792b5d1ed8669e3da76692,buy,0xcfb98637bcae43c13323eaa1731ced2b716962fd,0x8e73a58e29e351a50e97ef96bf0ff668784f0c451cb0639334c457ccc3ebef80
2,28,0.0616,0xe47bbeac8f268d7126082d5574b6f027f95af5fb,2017-11-01T23:46:38.000Z,0.0022,0xf80b4d14766e2429e78eeb07bcc63786185f29ab,sell,0xcfb98637bcae43c13323eaa1731ced2b716962fd,0x84c3c2f99085e39f2aea24d3c26ada7a74b29319c376af1d3861f04b0e52c0cd
3,21.873635926790758,0.04877820811674339,0x2a1adfc3d824022b4c3619cb66612808c320c5e0,2017-11-01T21:34:55.000Z,0.0022299999999999998,0xf80b4d14766e2429e78eeb07bcc63786185f29ab,sell,0xcfb98637bcae43c13323eaa1731ced2b716962fd,0x6e143335d035780f6db43be7a3be0113b7be811b58a75171fcc498a9aa1f2191
4,179.443724454192,0.4002492273950753,0x4f9eab0394e41fc5d43f3bf99e92148399da77a3,2017-11-01T17:38:05.000Z,0.0022305,0x623bbd8413b4a4900e6f7b277f478dffe70a41c0,sell,0xcfb98637bcae43c13323eaa1731ced2b716962fd,0x89070dc41d15857942cd12a05f270ee78c4a827741a1b94d3316bac1565e3559
5,174.45917655268667,0.3489357990230286,0x3dee4a4e076e8d82859d241db0baf46f112cfa23,2017-10-31T17:55:31.000Z,0.0020001,0xba536fdd7f31004d01735a3b789fd986dc55c78e,sell,0xcfb98637bcae43c13323eaa1731ced2b716962fd,0xe7915cda950372e057ebc6a2c839b23ae807797c8c54a3c5bd9ccce7f3b805dd
6,0.3,0.00081,0x0b773d7819259d78757b26dc4148812d35676d8f,2017-10-31T13:48:27.000Z,0.0027,0x6742f656a2914cf8d0792b5d1ed8669e3da76692,buy,0xcfb98637bcae43c13323eaa1731ced2b716962fd,0x4222fc6bd76e752b72177b5841c1bf11a20c2b74fb2d203e6a59d1ac0d5f31b3
7,34.89183531053733,0.06838834612700628,0x3dee4a4e076e8d82859d241db0baf46f112cfa23,2017-10-31T07:36:38.000Z,0.00196001,0xe33c1ef7bddedf0d2b4dad461360ec96beaa4e4c,sell,0xcfb98637bcae43c13323eaa1731ced2b716962fd,0x73260ca8ee6e4fa28d85209b4439873d50b011cd58c31a52486fb3bb16e171c4
8,0.01,0.000027,0x0c4085d8e714ca77ac5f46cd2b80a92d238a7cd3,2017-10-31T01:06:27.000Z,0.0027,0x6742f656a2914cf8d0792b5d1ed8669e3da76692,buy,0xcfb98637bcae43c13323eaa1731ced2b716962fd,0x9291a11ef0192d2ae8177ec33e12a17f917dd23d9f771de672c8d7540d2fc346
9,0.05788769043734382,0.00011288099635282,0x2608df4a0b61e8e21e0bb0f84bb339e65d26a767,2017-10-30T13:02:19.000Z,0.0019499999999999923,0x11cb23cdcfc75c9afcc415dd5cd29d26550a0a5d,sell,0xcfb98637bcae43c13323eaa1731ced2b716962fd,0x13c3ded6f1c262f397dff875daf6d3f94df62e01c1ec17d8682f4cac30d598e5
10,580.6714227769958,1.132309274415142,0x2608df4a0b61e8e21e0bb0f84bb339e65d26a767,2017-10-30T13:01:25.000Z,0.00195,0x11cb23cdcfc75c9afcc415dd5cd29d26550a0a5d,sell,0xcfb98637bcae43c13323eaa1731ced2b716962fd,0xfbaa3037f7b26a86c5ee9365a2b343eb6c32789c279cbb7ee73e177d6c3a6b57
11,800,1.560008,0x3dee4a4e076e8d82859d241db0baf46f112cfa23,2017-10-30T12:59:48.000Z,0.00195001,0x11cb23cdcfc75c9afcc415dd5cd29d26550a0a5d,sell,0xcfb98637bcae43c13323eaa1731ced2b716962fd,0xf8de4e12fffa646fcf5c61451fc3284b1f046b923a4a36adef4fdc5223523eb9
12,179.8329968219297,0.39563277284124215,0x623bbd8413b4a4900e6f7b277f478dffe70a41c0,2017-10-30T12:59:48.000Z,0.002200001,0x11cb23cdcfc75c9afcc415dd5cd29d26550a0a5d,sell,0xcfb98637bcae43c13323eaa1731ced2b716962fd,0x783cb3d21ed0bc95463ddcfa622de0915cdcf8704152b7b9752ed3d8ace9f7e5
13,0.1670031780703,0.000367407158757838,0x623bbd8413b4a4900e6f7b277f478dffe70a41c0,2017-10-30T02:48:07.000Z,0.0022000009999999996,0x379374d13077e8867ef31803c37baf9785a17c00,sell,0xcfb98637bcae43c13323eaa1731ced2b716962fd,0xbd725c821f1afbc4b085369b4b459d89326046d76a5d16e6fa4c3c8477f34992
14,0.15384615384615385,0.0005,0x34f9560c63078eb61872a4dc2ccd20e21c34feaf,2017-10-28T20:49:29.000Z,0.00325,0xaa2dcac38c775d74ca3df144d34b858480cc149c,buy,0xcfb98637bcae43c13323eaa1731ced2b716962fd,0xb5f7c604814ae04c720b9a160c1f954dfd4cd7e99ca0e0b1e44762a587082cc0
15,0.15384615384615385,0.0005,0xe444a40689f51f63bcd29910622035707d533d29,2017-10-28T20:48:51.000Z,0.00325,0xaa2dcac38c775d74ca3df144d34b858480cc149c,buy,0xcfb98637bcae43c13323eaa1731ced2b716962fd,0x1ae6286b797404deee78510c8aa525f2f003658d53893c59255ff0dc6e7e002b
16,6.884,0.022373,0xde59610af2a21676d3eada6a8e53c51f706903ea,2017-10-28T19:27:58.000Z,0.00325,0xaa2dcac38c775d74ca3df144d34b858480cc149c,buy,0xcfb98637bcae43c13323eaa1731ced2b716962fd,0x72015f7a444cd75fa2258fa40ea7b0e2534f1e7525b955613c9f30cc8426f9b9
17,41,0.1066,0xde59610af2a21676d3eada6a8e53c51f706903ea,2017-10-28T19:24:04.000Z,0.0026,0x3bff545dceb70fdd033314ab844a6793dedf821c,buy,0xcfb98637bcae43c13323eaa1731ced2b716962fd,0xbfdf14fa994300f6a36c12195907bcacc49791d55e0ddd5efacb05889fb6b785
18,349.4,1.044706,0xde59610af2a21676d3eada6a8e53c51f706903ea,2017-10-28T19:24:04.000Z,0.00299,0x5173192cd75ce3e6b2472d0303fdfe74343a12ae,buy,0xcfb98637bcae43c13323eaa1731ced2b716962fd,0x5787e2aeb011971d331a5cdd8ea1be083e9b92a32d1913c49327178b055cd70e
19,31,0.0806,0xde59610af2a21676d3eada6a8e53c51f706903ea,2017-10-28T19:23:56.000Z,0.0026,0x0cee9942a8dc4aa6f594d680f6b9654f02ab62d1,buy,0xcfb98637bcae43c13323eaa1731ced2b716962fd,0x93fa2a5ad912e1d4d20b41d8d9b20fc4cb189ccb4da9e166af9ff3899565ad76
20,271.716,0.70645616568,0xde59610af2a21676d3eada6a8e53c51f706903ea,2017-10-28T19:23:18.000Z,0.00259998,0x5938852c59e8d5c9e426a2558c2e2d84707b2c34,buy,0xcfb98637bcae43c13323eaa1731ced2b716962fd,0x514607516832e36611a61afb3af64dc7417125f99f26348bb4dde333621f3dbb
21,126.8418445274,0.32978625893434943,0xde59610af2a21676d3eada6a8e53c51f706903ea,2017-10-28T19:21:37.000Z,0.00259998,0x5938852c59e8d5c9e426a2558c2e2d84707b2c34,buy,0xcfb98637bcae43c13323eaa1731ced2b716962fd,0xfebfad3b6cc911e13f41c335921df1ffee1e9b27473b3d9077ace9bfe3bfceb2
22,0.000786673953384747,0.000001652801976061,0x92d59ff383d4952fd9a85854a28e5f3bcd8564e8,2017-10-28T12:57:50.000Z,0.0021009999999995507,0x939248c057992a444c842909c3459689a80bc6dd,sell,0xcfb98637bcae43c13323eaa1731ced2b716962fd,0x422f83ede3b369bbd1b1ae868094805481536b5b7318c26a9e473e85e44286d7
23,64.79912271956934,0.0265676396670322,0xb902ba6e3272e66c74035d7e30f4fa9279bd56f9,2017-10-28T09:34:04.000Z,0.00040999999,0xd9321c951e83e06020434f3129076b6153dacd76,sell,0xcfb98637bcae43c13323eaa1731ced2b716962fd,0xa6175b757729e3db71743b69f35cab65110de5dae891a82f6f4d1f299b1798f5
24,173.36011479413818,0.36405624106769013,0x3dee4a4e076e8d82859d241db0baf46f112cfa23,2017-10-27T11:04:02.000Z,0.0021,0xf861ae0e236cbab43c73c7481feca08a46ca1a21,sell,0xcfb98637bcae43c13323eaa1731ced2b716962fd,0x60472b7b50984e8e9b6d749c9bf6a98a74f8d473c515c95e4c0a15209930d467
25,173.36011479413818,0.36405624106769013,0x3dee4a4e076e8d82859d241db0baf46f112cfa23,2017-10-27T11:03:44.000Z,0.0021,0xf861ae0e236cbab43c73c7481feca08a46ca1a21,sell,0xcfb98637bcae43c13323eaa1731ced2b716962fd,0x60472b7b50984e8e9b6d749c9bf6a98a74f8d473c515c95e4c0a15209930d467
26,14,0.0378,0x327de23f8dd66a9ab2b517c41bd3f123796d03eb,2017-10-26T14:02:05.000Z,0.0027,0x3dee4a4e076e8d82859d241db0baf46f112cfa23,buy,0xcfb98637bcae43c13323eaa1731ced2b716962fd,0x38d5d87d1cfcf884ed790eb45a9e24cf6ffcdd51a2dd027e7a983c2128e7750a
27,10,0.027,0x327de23f8dd66a9ab2b517c41bd3f123796d03eb,2017-10-26T06:59:25.000Z,0.0027,0x3dee4a4e076e8d82859d241db0baf46f112cfa23,buy,0xcfb98637bcae43c13323eaa1731ced2b716962fd,0x7e6752623d40769534bd7f5011a034da6bccd220053ebbd739d66f5f12fe23dd
28,21,0.0567,0x327de23f8dd66a9ab2b517c41bd3f123796d03eb,2017-10-26T06:07:43.000Z,0.0027,0x3dee4a4e076e8d82859d241db0baf46f112cfa23,buy,0xcfb98637bcae43c13323eaa1731ced2b716962fd,0x66cac6335603045df540891f7fbc6daa07d831b3449a5ea7e0bb9a8097eeadb7
29,0.02673502519793315,0.000057747921777787,0x3dee4a4e076e8d82859d241db0baf46f112cfa23,2017-10-26T01:53:51.000Z,0.002160009999999978,0xf5bedf0fdb48e812d91b352e5ffa9c402ce6bbf4,sell,0xcfb98637bcae43c13323eaa1731ced2b716962fd,0x3f963055c4994a8c2a0f6d33943f25437681a182d373b8f765ca0ad3b44f7e91
30,70.10045738651749,0.1482841985142743,0x0ce4b16411b408bc9f06d456175db3cc79b25299,2017-10-25T00:56:30.000Z,0.00211531,0x056b434b4e3cbc4635518b6ceac5f77e9d02afcb,sell,0xcfb98637bcae43c13323eaa1731ced2b716962fd,0x38460e82f791b579a215613046f340aa677a22b3aead9d6eb8cd5ec266dae4a1
31,12.13292538441569,0.040038653768571776,0x056b434b4e3cbc4635518b6ceac5f77e9d02afcb,2017-10-25T00:53:13.000Z,0.0033,0xcc479810f5079346225c82f90f1adbf2e8c3fa7f,buy,0xcfb98637bcae43c13323eaa1731ced2b716962fd,0x5b5bde1183cd5de22beff18a14d924d6cd61bf3f7e519b5e330ae01c3bf1b571
32,350,0.97965,0x41f02a16d182039eb37ee57f50c59f9c6911dab9,2017-10-24T20:13:26.000Z,0.002799,0x56a331aa13c963f3f57b3e474bf68316bc42c60c,buy,0xcfb98637bcae43c13323eaa1731ced2b716962fd,0xbc73fe9bd1d9b93d3edbe2a40a69301fe4c5910d218c9d9297a8a23e3d8043f2
33,80.49348066681344,0.1702631910326318,0x0ce4b16411b408bc9f06d456175db3cc79b25299,2017-10-24T18:09:32.000Z,0.002115242,0x357c062f4e041c3a63480dc4108f25b5e6755f0f,sell,0xcfb98637bcae43c13323eaa1731ced2b716962fd,0x62ef34c186a76258afa46e05f421f615ab03b5467f983d098cda9d773c91ab00
34,54.40406739108763,0.10881357518891437,0x3dee4a4e076e8d82859d241db0baf46f112cfa23,2017-10-22T21:56:39.000Z,0.0020001,0x041b9aca8fe6520cb928392f64aa6971ee636d7c,sell,0xcfb98637bcae43c13323eaa1731ced2b716962fd,0x9a8d2ff51d645c53d7561a4ad69014e463749492d4387bebc142ca8dd2faf297
35,124.76,0.261996,0x3ca8add1708715b5d9d39917000be148dfb318f5,2017-10-22T21:44:24.000Z,0.0021,0x041b9aca8fe6520cb928392f64aa6971ee636d7c,sell,0xcfb98637bcae43c13323eaa1731ced2b716962fd,0x8aabc34c92d999d4f446ff8c2a7a5beea77a8e9b35e91041ab4e50901635fc0f
36,180,0.378,0x3ca8add1708715b5d9d39917000be148dfb318f5,2017-10-22T21:27:08.000Z,0.0021,0x041b9aca8fe6520cb928392f64aa6971ee636d7c,sell,0xcfb98637bcae43c13323eaa1731ced2b716962fd,0x50a1cc5b701ce0104a59cbfffaa3ead55279618efafabbfd9669361e45429109
37,128.57741002891038,0.25072980687867613,0x3dee4a4e076e8d82859d241db0baf46f112cfa23,2017-10-22T16:05:32.000Z,0.00195003,0xef969dee4c08f008e151399b20652fbff9a6df24,sell,0xcfb98637bcae43c13323eaa1731ced2b716962fd,0x07364766519b9b50ffd6e3e07002e7430a28d84b26e0eea6db51d38e4ccd8661
38,8,0.016,0xe3d0a0d0fcdab0f65f97c5e29b3d413e827ca3ce,2017-10-22T16:03:05.000Z,0.002,0xef969dee4c08f008e151399b20652fbff9a6df24,sell,0xcfb98637bcae43c13323eaa1731ced2b716962fd,0xf3b18865241bae49e7d0d9ccd69ea06a077298f47ba26e9078bc76a6e875a238
39,0.1,0.000285,0x6cdea8e07bf82d7a07dbf36642d6e5be8623845c,2017-10-20T02:46:24.000Z,0.00285,0x3dee4a4e076e8d82859d241db0baf46f112cfa23,buy,0xcfb98637bcae43c13323eaa1731ced2b716962fd,0x5824824593a0341779f42f66818d7abc953220a8be8a06da02b77445780a7327
40,0.5,0.001425,0x359a434bcd08ddc98f2f0ecbf5990cf922e953e6,2017-10-19T22:07:27.000Z,0.00285,0x3dee4a4e076e8d82859d241db0baf46f112cfa23,buy,0xcfb98637bcae43c13323eaa1731ced2b716962fd,0x367767c7c33ee5cea94a019eee7914fee270ea6f6334eb59b122a5232f675f8a
41,10,0.0285,0x61c4c43c581c78b2701a693cd6b91aac6d237dc7,2017-10-19T17:48:39.000Z,0.00285,0x3dee4a4e076e8d82859d241db0baf46f112cfa23,buy,0xcfb98637bcae43c13323eaa1731ced2b716962fd,0xe6ad71bca36ed9fe3c5afec31d656d54d54ef1dea37ce391fe1bd9dd944aae10
42,19,0.05415,0x61c4c43c581c78b2701a693cd6b91aac6d237dc7,2017-10-19T17:35:44.000Z,0.00285,0x3dee4a4e076e8d82859d241db0baf46f112cfa23,buy,0xcfb98637bcae43c13323eaa1731ced2b716962fd,0xc1ea6dd13987d98341bf21abac8f954c63ba31f6211079bee39d1c7d41b80d75
43,1,0.003268,0x3ac636ac5c3a2576156ac5f10066ca68abe0ad54,2017-10-18T16:14:35.000Z,0.003268,0x5938852c59e8d5c9e426a2558c2e2d84707b2c34,buy,0xcfb98637bcae43c13323eaa1731ced2b716962fd,0xeacd29b6a0d2c2d6ac98d6b1a35c96797e8123374b9f3d05eb7c81f56d93a856
44,19.937992224105272,0.03989991003887947,0x3dee4a4e076e8d82859d241db0baf46f112cfa23,2017-10-18T16:14:13.000Z,0.0020012,0x5f74e350a6c7fa284d98f1f7beddd50095fa942c,sell,0xcfb98637bcae43c13323eaa1731ced2b716962fd,0x19ec22d654af02a2c42b219b85480e1ea26a30ba9118702a2844c0c71dc60cc6
45,0.16750418760469013,0.0005,0x379374d13077e8867ef31803c37baf9785a17c00,2017-10-18T15:19:58.000Z,0.002985,0x6e21cf1b1cd858a600375dd7e9a829062cf3054b,buy,0xcfb98637bcae43c13323eaa1731ced2b716962fd,0x0da7e6ee254307d95eb175f0507d5a55eb5477db50da53168ed5ccf1e9341b7c
46,0.16750418760469013,0.0005,0xf9695cd65d6dfdf257fab76a3eb0cb8f001971cc,2017-10-18T15:19:58.000Z,0.002985,0x6e21cf1b1cd858a600375dd7e9a829062cf3054b,buy,0xcfb98637bcae43c13323eaa1731ced2b716962fd,0x71a1ef84d9cbd952148e800627e97b57955f498ceceecdedba70da1903fe0883
47,12.212142358688068,0.024436496859734824,0x3dee4a4e076e8d82859d241db0baf46f112cfa23,2017-10-18T00:45:15.000Z,0.002001,0x306323faed004ac559ca4afdf41f7c762fdbea94,sell,0xcfb98637bcae43c13323eaa1731ced2b716962fd,0x060e22158222d8e40f151298d1d80d2e169474a7c5a33a39fee1591f598b2994
48,0.1524390243902439,0.0005,0x16e5d97bbc92417e051e3b2cabfbf8ceea2acb9c,2017-10-17T18:03:04.000Z,0.00328,0x3dee4a4e076e8d82859d241db0baf46f112cfa23,buy,0xcfb98637bcae43c13323eaa1731ced2b716962fd,0x61713e4b0a52704c5d26cebee800e1873c868d81c75166f1f322d2b0bb66950a
49,0.15198954311943338,0.0005,0xcd912af5286dc0b0a23edb30209734ecb60838b3,2017-10-17T05:42:54.000Z,0.0032897,0x357c062f4e041c3a63480dc4108f25b5e6755f0f,buy,0xcfb98637bcae43c13323eaa1731ced2b716962fd,0x38a9e04e6efd643dbd13dc7d709b579061a93d0f2dbf09f1d4d684ee8fcc2bff
50,6.978367062107467,0.013958129797627354,0x554d82c9eb9599e2d18dd5fc2932585015028f3f,2017-10-16T18:10:08.000Z,0.0020002,0x1099b992dffe76b4bdface01f3516aaca6309544,sell,0xcfb98637bcae43c13323eaa1731ced2b716962fd,0x277d85d4419ee8040c53ba9e94a9ef35acce84915b66fb7ee746790913f64c64
51,2,0.00658,0x025fd27927bf438b63ea72de1d5bfc425e2f2779,2017-10-15T07:26:06.000Z,0.00329,0x5938852c59e8d5c9e426a2558c2e2d84707b2c34,buy,0xcfb98637bcae43c13323eaa1731ced2b716962fd,0xbe6ac541f2bce0ee93079826da46c99014709bb53d7825f2b314ddd9fe70c811
52,200.32898016149935,0.4006579603229987,0xac15eb3bd60fde4085008d822174176352ad4364,2017-10-14T19:52:16.000Z,0.002,0x29e5af8006b2ab68166210807f9acbc1c0f4a4bd,sell,0xcfb98637bcae43c13323eaa1731ced2b716962fd,0x0b491f70eee1b39376409fc9e743e11121af807935b9b0dd9acfd8abda4f2f52
53,0.9998,0.00189962,0x5f74e350a6c7fa284d98f1f7beddd50095fa942c,2017-10-14T11:11:06.000Z,0.0019,0xf5158adfe2ba79878ef56d4c452b9c323cc54865,buy,0xcfb98637bcae43c13323eaa1731ced2b716962fd,0xf823f117d0382336b4e62e9801a1478c8624368e0a014b918a0717ace3de4181
54,19,0.0361,0x5f74e350a6c7fa284d98f1f7beddd50095fa942c,2017-10-14T11:01:51.000Z,0.0019,0xf5158adfe2ba79878ef56d4c452b9c323cc54865,buy,0xcfb98637bcae43c13323eaa1731ced2b716962fd,0xae8dee8ad6984a99c4a4a1235ee2300bff4c2b5de22dbfd2ed8d7dfb79147308
55,99.72315330039656,0.18947409099390677,0x234c4ec2e5ef55d2f5d46b52abd9f9d4a56b4f52,2017-10-14T01:21:32.000Z,0.001900001,0x4983876af68e19aae8a99dfaba16b15453244022,sell,0xcfb98637bcae43c13323eaa1731ced2b716962fd,0x908db0f793b9ae0279fc2d961934d25fb2eaba3c43e13c59b10077d6cbba1816
56,244.74130196391187,0.13705512909979065,0x9285a6b79a604ac02a58b7cc182fae1bd3f81b6d,2017-10-13T11:23:45.000Z,0.00056,0x97677751e84c0dc6b2f598fa35cac91c209e80d2,sell,0xcfb98637bcae43c13323eaa1731ced2b716962fd,0xc1184ebe8b1592ae935d279324011dde661d222fbf765a036a71517c75dbeefd
57,1500,2.7,0x9562387075449b4619d8c19a5e43b587ba988bee,2017-10-13T11:12:35.000Z,0.0018,0x97677751e84c0dc6b2f598fa35cac91c209e80d2,sell,0xcfb98637bcae43c13323eaa1731ced2b716962fd,0xf10050b39c3e7f15b91727b1b42b361f0aa1071c1736fd3f22cff798cc372842
58,41,0.14063,0x3bff545dceb70fdd033314ab844a6793dedf821c,2017-10-12T20:42:52.000Z,0.00343,0x5938852c59e8d5c9e426a2558c2e2d84707b2c34,sell,0xcfb98637bcae43c13323eaa1731ced2b716962fd,0x8b61d5feb8734d4876d05ee7942328961974516a27ff3f35b097abe3098eda74
59,26.558074800601,0.06639518700150249,0x373516bcaca12ec5a336bffb849b8629a230b433,2017-10-12T17:12:28.000Z,0.0025,0x373516bcaca12ec5a336bffb849b8629a230b433,sell,0xcfb98637bcae43c13323eaa1731ced2b716962fd,0xfe050adf4dba23015a2bff7a1f894f7f28e1a40cd79c857573ca20daadd951d2
60,270.21716889585315,0.9187383742459008,0x64a33b753567b68753f0127b755e00d97d3aaf17,2017-10-12T17:10:59.000Z,0.0034,0x5938852c59e8d5c9e426a2558c2e2d84707b2c34,buy,0xcfb98637bcae43c13323eaa1731ced2b716962fd,0x09fd164b6bba7ae313d1fb2a3c3842435392cf2c054dfb2f399ac9d26ef3f565
61,2245.648,7.70257264,0x64a33b753567b68753f0127b755e00d97d3aaf17,2017-10-12T11:36:35.000Z,0.00343,0xaa2dcac38c775d74ca3df144d34b858480cc149c,buy,0xcfb98637bcae43c13323eaa1731ced2b716962fd,0x8c6d8d9723a602edf93af842f934cc35e57a7b27da4e8eea88298dcd08579d3b
62,1,0.00343,0xbf52f67f8524587d6a7ab1f1f8d092c635b9587f,2017-10-12T09:57:06.000Z,0.00343,0xaa2dcac38c775d74ca3df144d34b858480cc149c,buy,0xcfb98637bcae43c13323eaa1731ced2b716962fd,0xc2fd8d8b419df7c779214ea5a582059287ac1b28f477b36758045bbff349c98b
63,26.64040483248286,0.09137658857541621,0x373516bcaca12ec5a336bffb849b8629a230b433,2017-10-12T08:23:35.000Z,0.00343,0xaa2dcac38c775d74ca3df144d34b858480cc149c,buy,0xcfb98637bcae43c13323eaa1731ced2b716962fd,0x0abb3d41548eb8e49b62788e414d166ffb66464971aa7690a2ff0ed38a5ea4dd
64,89.721862227096,0.21587080051839297,0x3dee4a4e076e8d82859d241db0baf46f112cfa23,2017-10-12T05:18:57.000Z,0.002406,0x5695b06071cdf4e1a08d00418b8d8e07fe327f94,sell,0xcfb98637bcae43c13323eaa1731ced2b716962fd,0xdac3f2e6733e49524c4474d5ecf4797c728c36c7ac77c97dd5d7e0da7794a2e2
65,122.12142358688067,0.2938241451500349,0x3dee4a4e076e8d82859d241db0baf46f112cfa23,2017-10-12T03:02:10.000Z,0.002406,0xac388b4559ae597b1554e433ab09b690507a100f,sell,0xcfb98637bcae43c13323eaa1731ced2b716962fd,0x86d435e7e5e7a89bb9c0b682cdd19b66a9174a0bc1454d565a6b2aa65a86ae94
66,54,0.129924,0x3dee4a4e076e8d82859d241db0baf46f112cfa23,2017-10-11T22:59:24.000Z,0.002406,0x8e9c452137dde7c13f9e7267d1f4af4e36fcdae4,sell,0xcfb98637bcae43c13323eaa1731ced2b716962fd,0xf058030a024dba43a165e1356c9b59a1115d75913c2ad2b49e981207547e86a3
67,304,0.7904,0x2890c049a7c549a3a873d396771a6b4996dd8fb0,2017-10-11T22:27:05.000Z,0.0026,0x8e9c452137dde7c13f9e7267d1f4af4e36fcdae4,sell,0xcfb98637bcae43c13323eaa1731ced2b716962fd,0xa3ec9977829e33922ec0d6b144af58525d658b387c5195a0adb011d37d6738e4
68,400,1.04004,0x3dee4a4e076e8d82859d241db0baf46f112cfa23,2017-10-11T22:24:24.000Z,0.0026001,0x8e9c452137dde7c13f9e7267d1f4af4e36fcdae4,sell,0xcfb98637bcae43c13323eaa1731ced2b716962fd,0x6c371c95c252132a9b3f2dad04ee9d6fa8afedcf0c4b9c22789e6a7ee3169fcf
69,726.711548596896,2.4926206116873533,0xd6e628823296a7deabf7387f420bbc6d6c50f3b1,2017-10-11T13:48:17.000Z,0.00343,0xaa2dcac38c775d74ca3df144d34b858480cc149c,buy,0xcfb98637bcae43c13323eaa1731ced2b716962fd,0x37441879a670d5ecfb2db536b14fb8de68f1d9a48c2f5c7f7eacc2c15c640bd6
70,159.374,0.549999674,0x84c2f4eeedd911667eb1833ecd0bfa74c0c46b9a,2017-10-10T04:57:10.000Z,0.003451,0xbf916edbab704d9810a206afc2b71fba2503415f,buy,0xcfb98637bcae43c13323eaa1731ced2b716962fd,0x1dfd79a98524d54a6b5d9cb149cd2b70dbdb261b46ae915c3858cfcee1c98ec1
71,158.93729438739905,0.4132719316120028,0x3dee4a4e076e8d82859d241db0baf46f112cfa23,2017-10-10T02:18:13.000Z,0.00260022,0xe0e5d2d2ae5a629928d452ffa325d1083aac3997,sell,0xcfb98637bcae43c13323eaa1731ced2b716962fd,0xaa593e48b58b5b47bf9f345ccda81871b516a336708c84a9da047833c96f58e7
72,190,0.49404389,0xf791134fd5df3672bf42712de661aef43ead19bd,2017-10-10T02:12:02.000Z,0.002600231,0xe0e5d2d2ae5a629928d452ffa325d1083aac3997,sell,0xcfb98637bcae43c13323eaa1731ced2b716962fd,0x71a2066f03287a9ecf60014c61d4e698b71d25f3fb84c7e12e4b51eca36ca459
73,0.002,0.0000052,0x3dee4a4e076e8d82859d241db0baf46f112cfa23,2017-10-09T03:00:26.000Z,0.0026,0xe16ed8f21a44305240152fb12f7e7bd634cbebb9,sell,0xcfb98637bcae43c13323eaa1731ced2b716962fd,0xa1124c20b83b921062eefbacc748c85a0d68f0b55e5f2f84e473b9f2552ba295
74,23.427375137075067,0.060911175356395175,0x3dee4a4e076e8d82859d241db0baf46f112cfa23,2017-10-09T02:58:39.000Z,0.0026,0xe16ed8f21a44305240152fb12f7e7bd634cbebb9,sell,0xcfb98637bcae43c13323eaa1731ced2b716962fd,0x987c6384177cfd73659834249f2535cf93a6db1c4549d4474c651881f0ee87f4
75,500,1.30001,0x5938852c59e8d5c9e426a2558c2e2d84707b2c34,2017-10-09T02:45:40.000Z,0.00260002,0xe16ed8f21a44305240152fb12f7e7bd634cbebb9,sell,0xcfb98637bcae43c13323eaa1731ced2b716962fd,0x5715f50a1e51b9b9f5ca63232eb4365d42b922f866f2080fb0e6339465b5c41a
76,18.941282025720266,0.049247333266872695,0x3dee4a4e076e8d82859d241db0baf46f112cfa23,2017-10-08T11:22:42.000Z,0.0026,0xf56a5813467b2b28d095877a40df468290e747e4,sell,0xcfb98637bcae43c13323eaa1731ced2b716962fd,0x5bc8709002aca8a13c2deed3de1344e2adc73f35aadaedb9e76ca1a4629c0aa5
77,2.483555330975391,0.006295812764022615,0x0cd86b7c00a840d8529818ab43449a51f50e7c4c,2017-10-07T23:04:03.000Z,0.0025349999999999995,0x5d0f6116fccad7c110fb6244cb27a16ce1f73fdf,sell,0xcfb98637bcae43c13323eaa1731ced2b716962fd,0x92764173e65a205d493f122e540925f3c5375fa25cc9c3455964651354985273
78,5.544,0.016665264,0x5d5065b42bdee0274e394ba9042c21e1818c69cf,2017-10-07T23:03:25.000Z,0.003006,0x5d0f6116fccad7c110fb6244cb27a16ce1f73fdf,sell,0xcfb98637bcae43c13323eaa1731ced2b716962fd,0x3f2229adc3d2b04ba8ff72ee9e83541bc519da1e3eb581c3e763aedad354d719
79,100,0.2710011,0xf36990a2cb4d609e0a7d4f3bf884c0342d81fd3d,2017-10-07T23:02:09.000Z,0.002710011,0x5d0f6116fccad7c110fb6244cb27a16ce1f73fdf,sell,0xcfb98637bcae43c13323eaa1731ced2b716962fd,0x73c48cb3bafc23bb00598bfa5d93768b5126824bf3c18e5b3f449b2c39a3a865
80,400,1.14,0x3dee4a4e076e8d82859d241db0baf46f112cfa23,2017-10-07T23:02:06.000Z,0.00285,0x5d0f6116fccad7c110fb6244cb27a16ce1f73fdf,sell,0xcfb98637bcae43c13323eaa1731ced2b716962fd,0x565be64f262616e41ea23bc815e668f90dc490306de9fa4c9befcd5e5d4ef660
81,100,0.3,0xbdf6e91249c335ddf3f656c465326a69c13e1eb0,2017-10-07T23:01:10.000Z,0.003,0x5d0f6116fccad7c110fb6244cb27a16ce1f73fdf,sell,0xcfb98637bcae43c13323eaa1731ced2b716962fd,0x5c57d1bb2285e9c2d05182b5da5c7a96ded2a4eb59c612fdc388a53d113a2d1a
82,1500,4.5105,0x000b75fcdc15d41277deb033c72d2c8d774ccced,2017-10-07T23:01:10.000Z,0.003007,0x5d0f6116fccad7c110fb6244cb27a16ce1f73fdf,sell,0xcfb98637bcae43c13323eaa1731ced2b716962fd,0x132b25e04901a8753815dd83c3e0441f271bc2fbfe0e5649aae8fcd41c13b2ce
83,499.4467151829329,1.5018862172265977,0x5938852c59e8d5c9e426a2558c2e2d84707b2c34,2017-10-07T20:19:24.000Z,0.0030071,0x755dfe72cff68f68627b7a6ce5ef96ece2bfcfdc,sell,0xcfb98637bcae43c13323eaa1731ced2b716962fd,0x4e1ed0f47abaaa8e7731ac690c6884eec94e81fe22740f22ace5da286f5fffd8
84,40.09926950032136,0.49322101485395275,0xaf6f9011eadc2613467f131a20da185e9ccc3790,2017-10-07T15:30:48.000Z,0.0123,0xa86d9d90963728a79b5dbc0b344fe6eac64f6d60,buy,0xcfb98637bcae43c13323eaa1731ced2b716962fd,0x475ab2eaeb4981272aa138d536f45ff3093c7a8e60f1f3f01accae4ec7f69c75
85,2,0.007,0xeeb12121316645ac76b40ac9d130de4b2f655f6e,2017-10-07T13:33:26.000Z,0.0035,0x4bfd978349caa18ee8b5d5b9dad37c25ea2bf627,buy,0xcfb98637bcae43c13323eaa1731ced2b716962fd,0xa4f4995cfd49b5c0540cb0aeb622df99d733009e49f3d1dedd8424c0b14ea219
86,1818.213,6.7273881,0x54199d975ce6bb628feeb063288db41763ed967b,2017-10-07T10:35:01.000Z,0.0037,0x000b75fcdc15d41277deb033c72d2c8d774ccced,buy,0xcfb98637bcae43c13323eaa1731ced2b716962fd,0x1f66b4d398788513ef85fab45894ab1b5e7acc9302b56631591fbd49a49caea3
87,339.7575623674716,1.257102980759645,0xf8e7be11e98bb311f21295cf40a624d46c0e13cc,2017-10-07T10:22:16.000Z,0.0037,0x000b75fcdc15d41277deb033c72d2c8d774ccced,buy,0xcfb98637bcae43c13323eaa1731ced2b716962fd,0xe821ba1c383bf1201913ced2627738f8ea628f8a605baca1b368d2476e1a771e
88,0.0839343460046792,0.000310557080217313,0x8cbb8ed8baba59cd340e466942013229bba059b1,2017-10-07T05:58:18.000Z,0.0037,0x000b75fcdc15d41277deb033c72d2c8d774ccced,buy,0xcfb98637bcae43c13323eaa1731ced2b716962fd,0xeb976c32bc6b14a150822eaf78a56a370a2629f9a60228fe37bbd8e4508fb773
89,841.9454247729342,3.1151980716598566,0x8cbb8ed8baba59cd340e466942013229bba059b1,2017-10-07T05:45:08.000Z,0.0037,0x000b75fcdc15d41277deb033c72d2c8d774ccced,buy,0xcfb98637bcae43c13323eaa1731ced2b716962fd,0x943ceddb2207b2b672f2be7456b4af266b881ec1b6ec5b10d08acd8eee478e89
90,1,0.003006,0x8cbb8ed8baba59cd340e466942013229bba059b1,2017-10-07T05:39:14.000Z,0.003006,0xadce3f69e0de412f86cc09a6aa77b11a91b04484,buy,0xcfb98637bcae43c13323eaa1731ced2b716962fd,0xa1536a962723812ea11f9cb6f5efccedb24bb3b9f58b26220c16ec20ef7fb543
91,20,0.06012,0x8cbb8ed8baba59cd340e466942013229bba059b1,2017-10-07T05:36:19.000Z,0.003006,0x76984925bd97bd5b1b455bdce4435368a3d79f10,buy,0xcfb98637bcae43c13323eaa1731ced2b716962fd,0x1b380fbd22a183dd270f4ba772c437b4a7bdbba8228cefd8a779bc01d8c6620c
92,1,0.003006,0x5938852c59e8d5c9e426a2558c2e2d84707b2c34,2017-10-06T23:12:18.000Z,0.003006,0xadce3f69e0de412f86cc09a6aa77b11a91b04484,sell,0xcfb98637bcae43c13323eaa1731ced2b716962fd,0xcf349b0b950cc7d5d92702d7db84ed4bbfaf4c209b284b75b147cd372cd12d01
93,175.95450405209309,0.5287432846765397,0x3dee4a4e076e8d82859d241db0baf46f112cfa23,2017-10-06T16:35:34.000Z,0.003005,0x34e4e77e84a261e334d429bf71dd9e77c8ebeb10,sell,0xcfb98637bcae43c13323eaa1731ced2b716962fd,0xa9144dd9ec795838da6e90d050441d0c4793830df7715a2d70d28f90dfd125b5
94,815.0832419499551,2.7712830226298473,0x3ca8add1708715b5d9d39917000be148dfb318f5,2017-10-05T23:10:58.000Z,0.0034,0x34e6ce75125ebb2aac5a255283bfe1139b36f2f3,sell,0xcfb98637bcae43c13323eaa1731ced2b716962fd,0xa886e0048d2eea8cc9131bcd53ef63dbbac32b304816cc0cb3d1035b44abb676
95,0.914,0.002742,0x98b8f889dbe2b5c4c5879f65e13b24012f2afdce,2017-10-05T03:43:35.000Z,0.003,0xe8913239619c4f1be1bc7adce42e45d32af758d9,buy,0xcfb98637bcae43c13323eaa1731ced2b716962fd,0xb11d64d12571e284be6fa3352baf8651757095943a626c1d706f4e97f999aa2f
96,0.6759720770307491,0.002031296091477401,0x5938852c59e8d5c9e426a2558c2e2d84707b2c34,2017-10-05T00:10:37.000Z,0.003005,0x4f211813b2030f7befb0aa5d8864aa21a761e43b,sell,0xcfb98637bcae43c13323eaa1731ced2b716962fd,0x3b1f20d6256990aebd403ebd8f5ac3e783f1a3acdcd54a2c0c29225355200de5
97,0.678,0.002034,0x4f211813b2030f7befb0aa5d8864aa21a761e43b,2017-10-05T00:08:45.000Z,0.003,0xe8913239619c4f1be1bc7adce42e45d32af758d9,buy,0xcfb98637bcae43c13323eaa1731ced2b716962fd,0xed72cb1f97424738466f26e25f9abc59ab76d7fc8f8fd4bfcab9143dbe51a844
98,0.6759046954441232,0.002171005881766523,0xf2a4ff634c68a605f5723a688f07843df6a06865,2017-10-05T00:07:58.000Z,0.0032119999999999987,0x4f211813b2030f7befb0aa5d8864aa21a761e43b,sell,0xcfb98637bcae43c13323eaa1731ced2b716962fd,0x4dfc9276431a87edaa32081c162c456e85d309d30aa622d4788966a7ab4e539c
99,0.678,0.002034,0x4f211813b2030f7befb0aa5d8864aa21a761e43b,2017-10-05T00:07:24.000Z,0.003,0xe8913239619c4f1be1bc7adce42e45d32af758d9,buy,0xcfb98637bcae43c13323eaa1731ced2b716962fd,0x58a825151365bc26ee4a28c5e8ea594fd7b59382596ba0061fc9f02db520e184
100,175,0.5621175,0xf732b16f5aee6cd2db5b30a7a3860764a48b19ff,2017-10-04T12:37:17.000Z,0.0032121,0xd581c501ca5ddd7f0c8443065ee46feb6b38126f,buy,0xcfb98637bcae43c13323eaa1731ced2b716962fd,0x9a8d3837830e13318c6a315c29e8cab5d8479fc84b9196ddee13ef738903526e
101,32.44107749324882,0.09732647658749577,0x3dee4a4e076e8d82859d241db0baf46f112cfa23,2017-10-04T08:32:10.000Z,0.0030001,0xd69db664583d6b69109cc76b655617f542f91cf3,sell,0xcfb98637bcae43c13323eaa1731ced2b716962fd,0x514daa02afd09a42fa9ae5da92d948f8a7f4c3ee7980aaa36f18e30b05661e72
102,35.352497057266376,0.1149026505830301,0xadce3f69e0de412f86cc09a6aa77b11a91b04484,2017-10-04T08:25:11.000Z,0.003250199,0xd69db664583d6b69109cc76b655617f542f91cf3,sell,0xcfb98637bcae43c13323eaa1731ced2b716962fd,0x9eb85934dda8561d5e0f5482d1ad4784c983aa89f9a96071c70d350d93e47c7c
103,100,0.327,0xbdf6e91249c335ddf3f656c465326a69c13e1eb0,2017-10-04T02:46:00.000Z,0.00327,0xd4a99a3e6a1a495ab95ea1a72a45f670ddbc0d96,sell,0xcfb98637bcae43c13323eaa1731ced2b716962fd,0xb93eb3ea7fea8a671fe4bd0127cfd29fa034012cab6465a1ac3d1f5a125f79fa
104,62,0.2021231,0xadce3f69e0de412f86cc09a6aa77b11a91b04484,2017-10-04T02:46:00.000Z,0.00326005,0xd4a99a3e6a1a495ab95ea1a72a45f670ddbc0d96,sell,0xcfb98637bcae43c13323eaa1731ced2b716962fd,0x834965f7be67786de111392d2b254fc633b1add7ea298f1a7a729d0782194736
105,1.9938191606021334,0.006480309041969893,0xadce3f69e0de412f86cc09a6aa77b11a91b04484,2017-10-03T20:59:53.000Z,0.0032501989999999996,0xd69db664583d6b69109cc76b655617f542f91cf3,sell,0xcfb98637bcae43c13323eaa1731ced2b716962fd,0x1b1f62bf41b983321049603979043584f00bbad1f52bd04be946cb8bc4c6e85e
106,94.30709243842612,0.34893624202217666,0xe2eabfc1e89a462bbd2ba188cd8a9591a9a0d04e,2017-10-03T07:06:18.000Z,0.0037,0xd0f579637b30138149db340e97b6f485bbdd0752,buy,0xcfb98637bcae43c13323eaa1731ced2b716962fd,0x20cfe2203b88f52067d0631070c8723fd0ef08fa907c9b883eeb0b6da531c862
107,48.49830390653838,0.17944372445419202,0xe2eabfc1e89a462bbd2ba188cd8a9591a9a0d04e,2017-10-03T05:28:17.000Z,0.0037,0xd0f579637b30138149db340e97b6f485bbdd0752,buy,0xcfb98637bcae43c13323eaa1731ced2b716962fd,0x9d0eb5e6e98a42d19d40478b6082e035212a9c84ff8ceb8badea41a707df0662
108,82.43227733516979,0.2687341700492936,0x5938852c59e8d5c9e426a2558c2e2d84707b2c34,2017-10-02T02:16:11.000Z,0.00326006,0x3dee4a4e076e8d82859d241db0baf46f112cfa23,sell,0xcfb98637bcae43c13323eaa1731ced2b716962fd,0xabfd0a0de35c4abe92daf7d9c9788dcf93e76174790057ee8bbd5640e40586f1
109,5.260691855248729,0.01710250922141362,0x5938852c59e8d5c9e426a2558c2e2d84707b2c34,2017-10-01T00:42:55.000Z,0.003251,0xe985ac05f01f7fa12e3322003e88bde06e6fe042,sell,0xcfb98637bcae43c13323eaa1731ced2b716962fd,0x30168fb04045fa9299fe5b79117e8fc7ff82461d3e0d2787941f517c23999320
110,188.61279342273426,0.6148777065581137,0x5938852c59e8d5c9e426a2558c2e2d84707b2c34,2017-09-30T20:19:52.000Z,0.00326,0xca99a92ec8af79d3e07361d131ad503d4480aa59,sell,0xcfb98637bcae43c13323eaa1731ced2b716962fd,0x47b1e49606e072278a0b13ff09d1ddc6f44d106868310d28bc05875f77462991
111,450,1.4715,0x3c3aef0043c8629556d0b20425aca08a1509d1dc,2017-09-30T19:42:20.000Z,0.00327,0xca99a92ec8af79d3e07361d131ad503d4480aa59,sell,0xcfb98637bcae43c13323eaa1731ced2b716962fd,0x0e22e285297c9c1ab8ca832d100342624972b09c9e7138e23e39cbf826acceaf
112,325.5408234473133,1.0743498255408235,0x5938852c59e8d5c9e426a2558c2e2d84707b2c34,2017-09-30T19:42:10.000Z,0.0033002,0xca99a92ec8af79d3e07361d131ad503d4480aa59,sell,0xcfb98637bcae43c13323eaa1731ced2b716962fd,0x44cdcf80c88a4368a71d4d40bc575d517e38ca7f91a44b3c178c06de430fcb76
113,174.45917655268667,0.5757501744591765,0x5938852c59e8d5c9e426a2558c2e2d84707b2c34,2017-09-30T19:26:41.000Z,0.0033002,0x4a7a5c1f34c57b9d1e0993e83060b6736f6a42bd,sell,0xcfb98637bcae43c13323eaa1731ced2b716962fd,0x8a0cce84fa7df9cf652c4a6eb779189182c555a6e12dd6b016d1e862b458e06e
114,82.687,0.27286792687,0x3dee4a4e076e8d82859d241db0baf46f112cfa23,2017-09-30T19:22:32.000Z,0.00330001,0xca99a92ec8af79d3e07361d131ad503d4480aa59,sell,0xcfb98637bcae43c13323eaa1731ced2b716962fd,0xb0683405cdd01c3ebede3c040231905cd1b05b7601d9b8529bdc6b085e45872a
115,46.53182941405922,0.15355550238468957,0x3dee4a4e076e8d82859d241db0baf46f112cfa23,2017-09-30T16:35:45.000Z,0.00330001,0x08eb9d25d588fa585f009f0bc45669a1b4e9acf8,sell,0xcfb98637bcae43c13323eaa1731ced2b716962fd,0x4116ffa3ee3da2de5ccdd215ab77261ece3891d1d2042cc2f50004c7a1481680
116,70.78085242800238,0.2335775208209321,0x3dee4a4e076e8d82859d241db0baf46f112cfa23,2017-09-30T16:21:17.000Z,0.00330001,0x08eb9d25d588fa585f009f0bc45669a1b4e9acf8,sell,0xcfb98637bcae43c13323eaa1731ced2b716962fd,0x73378d5f1be3618b80b6c8124c89b5492b4d1c2a6db921063684c6b91c4914f1
117,1,0.004,0x0249924245a19aa2d7f5ddb0739a7132b7d094ab,2017-09-28T18:15:27.000Z,0.004,0x7cf89da0487cc9bc303d0a85b46e8bb3220f201d,buy,0xcfb98637bcae43c13323eaa1731ced2b716962fd,0xe25b38a5cf4df1c9c85469c180926c707b5b65a8c1ff0dace92d2c9a074eafc1
118,39.19047928882847,0.1489238212975482,0xd98e1ad2643eb13b6659c31c9ef7da045f819ed7,2017-09-28T17:13:06.000Z,0.0038,0x3dee4a4e076e8d82859d241db0baf46f112cfa23,buy,0xcfb98637bcae43c13323eaa1731ced2b716962fd,0xffbd80ebb0947c0eb7b4691e273e63d9d62cbf02a72c225e57b81c476b8d28de
119,60,0.22794,0xd98e1ad2643eb13b6659c31c9ef7da045f819ed7,2017-09-28T17:11:14.000Z,0.003799,0x48b68b6c7cf4508410d548a3d4c09af7b991d18f,buy,0xcfb98637bcae43c13323eaa1731ced2b716962fd,0x8387e5727aff71dce2d2b4ab6ed8e59eef25b3277b961b0804834cea227f42ea
120,150,0.56985,0xb1b60e41e220c0b3625e07bdff8a5d43339a90d3,2017-09-28T14:39:09.000Z,0.003799,0x48b68b6c7cf4508410d548a3d4c09af7b991d18f,buy,0xcfb98637bcae43c13323eaa1731ced2b716962fd,0x9dc81d3a1a4df4443ca5a571afe7609a4225661c93d307eca1ce6edaa1f8d960
121,47.875,0.172308013625,0x5938852c59e8d5c9e426a2558c2e2d84707b2c34,2017-09-28T14:23:33.000Z,0.003599123,0xadce3f69e0de412f86cc09a6aa77b11a91b04484,buy,0xcfb98637bcae43c13323eaa1731ced2b716962fd,0xb3cb6ddbec5c168ca14d83da93c27fcdee73c949f9addcd838b63e12bffbb23c
122,47.875,0.172308013625,0x5938852c59e8d5c9e426a2558c2e2d84707b2c34,2017-09-28T14:23:13.000Z,0.003599123,0xadce3f69e0de412f86cc09a6aa77b11a91b04484,buy,0xcfb98637bcae43c13323eaa1731ced2b716962fd,0xb3cb6ddbec5c168ca14d83da93c27fcdee73c949f9addcd838b63e12bffbb23c
123,2,0.007198246,0xa0be78d2bac6a692adba423c7af50ec86a18bddf,2017-09-28T13:12:01.000Z,0.003599123,0xadce3f69e0de412f86cc09a6aa77b11a91b04484,buy,0xcfb98637bcae43c13323eaa1731ced2b716962fd,0xb489960915f2dfa683554f6b38a7eeff77b558be580a8816a466e6ec913e7596
124,87.20792811157821,0.2648530939127064,0x3dee4a4e076e8d82859d241db0baf46f112cfa23,2017-09-28T05:03:58.000Z,0.00303703,0x1ed014aec47fae44c9e55bac7662c0b78ae61798,sell,0xcfb98637bcae43c13323eaa1731ced2b716962fd,0x3c4717a814db5c87147133eddf206bde14fc42e46fafd50c7a8a32aef158d1b3
125,40.8,0.13056,0x5938852c59e8d5c9e426a2558c2e2d84707b2c34,2017-09-27T20:49:36.000Z,0.0032,0x2f70c63e7170a3c905c336c2fcaf2d2187cde35d,sell,0xcfb98637bcae43c13323eaa1731ced2b716962fd,0x882f6a9025b373982bc127fb389b601327c77389d59c5c35260057a0e93cc078
126,40,0.1214812,0x3dee4a4e076e8d82859d241db0baf46f112cfa23,2017-09-27T05:11:14.000Z,0.00303703,0xa36334b0909ab194b9ddb9689bfde7f6b2332220,sell,0xcfb98637bcae43c13323eaa1731ced2b716962fd,0x8bbb4504449482b1cc198ea98751499e8504e5520ef33b0f3c6b24d7df17970e
127,50,0.168885,0x5938852c59e8d5c9e426a2558c2e2d84707b2c34,2017-09-26T08:18:57.000Z,0.0033777,0x254fb89e4cab71708eaab16e067ca8156a38e18a,buy,0xcfb98637bcae43c13323eaa1731ced2b716962fd,0x54e0519c8f7e9d806cc9ecaa9358d9502e2573fd558a4959aa91a11b353f2382
128,174.26,0.5889988,0x5938852c59e8d5c9e426a2558c2e2d84707b2c34,2017-09-26T08:11:32.000Z,0.00338,0x1e5d8f7677d288bb94b015d3a5844a062a6ee9a7,buy,0xcfb98637bcae43c13323eaa1731ced2b716962fd,0xa558da4a326cbcbcdac1b1ea0ec7f9004aff2608fb12ce1a32a3f346d5c833f7
129,50,0.16895,0xf80b4d14766e2429e78eeb07bcc63786185f29ab,2017-09-25T23:47:45.000Z,0.003379,0x5938852c59e8d5c9e426a2558c2e2d84707b2c34,buy,0xcfb98637bcae43c13323eaa1731ced2b716962fd,0xb9be6b5a542fdfc7b81bb86374c51c031e0cfdd44e37de74688584135c0d9a53
130,0.1470558088852,0.000400006505748632,0x5938852c59e8d5c9e426a2558c2e2d84707b2c34,2017-09-25T11:53:26.000Z,0.0027200999999999966,0x18a902dc44442205b4ba2b1dc038e67506d22c55,sell,0xcfb98637bcae43c13323eaa1731ced2b716962fd,0xcbb191957bb5c13f1bbf52450118bbe3dd64a928958c4eaa15a12b013db6d42c
131,0.1470558088852,0.000397639348393007,0x0cd86b7c00a840d8529818ab43449a51f50e7c4c,2017-09-25T01:35:16.000Z,0.002704002999999997,0xd868b838b5de79f1e540b5d83c9e9a3d0b3810cd,sell,0xcfb98637bcae43c13323eaa1731ced2b716962fd,0x8f31d952f545770f8a4af01db0df93408dbf9247150e7b4f3cadf72abbf8fc3c
132,0.14792899408284024,0.0005,0x23ee598e50ff1b1bde1022bf3c8a41d4c23321a0,2017-09-25T00:41:27.000Z,0.00338,0x1e5d8f7677d288bb94b015d3a5844a062a6ee9a7,buy,0xcfb98637bcae43c13323eaa1731ced2b716962fd,0x0ef9f848b564bc22480a784c8f8ffa48499ccdbfd46fde852a6876ed8c839483
133,0.14792899408284024,0.0005,0xe5a759eb3e214ff0a2bbbea31acc41c9bf27b239,2017-09-25T00:20:26.000Z,0.00338,0x1e5d8f7677d288bb94b015d3a5844a062a6ee9a7,buy,0xcfb98637bcae43c13323eaa1731ced2b716962fd,0xee44c19d7bc71bc14579d640aceb27edc1f0aa0b2236e3b882e8dfb77d8bd823
134,0.14792899408284024,0.0005,0x160506e5a5ce5dadd43623689f53d5aa1f288f0f,2017-09-25T00:12:28.000Z,0.00338,0x1e5d8f7677d288bb94b015d3a5844a062a6ee9a7,buy,0xcfb98637bcae43c13323eaa1731ced2b716962fd,0xb3aab9e26d5d11eae0c59c0c130d0bca5c50110a61beff5e3ff9a5bea3d0d9d6
135,0.12658227848101267,0.0005,0x3bfdec5343e950ce45522eef9948c977631b4000,2017-09-24T10:17:27.000Z,0.00395,0xac15eb3bd60fde4085008d822174176352ad4364,buy,0xcfb98637bcae43c13323eaa1731ced2b716962fd,0x8f738b47014976d428a6b5216d0ab5cd962a2f213e959cc34ef1902579ba11be
136,0.1474969763119856,0.0005,0xc22f5ab4f1591613a92b4d172cc7f4e4a5af58cd,2017-09-23T23:28:20.000Z,0.0033899,0x5938852c59e8d5c9e426a2558c2e2d84707b2c34,buy,0xcfb98637bcae43c13323eaa1731ced2b716962fd,0x46745c19a1c988bf0b4b25c151acc93020fa8280a20005761770caa2c7388ed2
137,0.1474969763119856,0.0005,0x452b06f1c61cff4c9bebaa405319a7c3b12553a2,2017-09-23T23:28:20.000Z,0.0033899,0x5938852c59e8d5c9e426a2558c2e2d84707b2c34,buy,0xcfb98637bcae43c13323eaa1731ced2b716962fd,0x77bc81d3cf246cc782ee7e3c6a08d9dfee8b250af4a072b1960c5357f681027c
138,0.1474969763119856,0.0005,0x2ba19ec4bcd5ae8de66b110bde5ebf41092bd02f,2017-09-23T19:18:58.000Z,0.0033899,0x5938852c59e8d5c9e426a2558c2e2d84707b2c34,buy,0xcfb98637bcae43c13323eaa1731ced2b716962fd,0x809d40ea023a8358855b2e67ff20da633c9942308e01b0e4e110e5b3bd0bd884
139,0.1474969763119856,0.0005,0x18a902dc44442205b4ba2b1dc038e67506d22c55,2017-09-23T16:25:33.000Z,0.0033899,0x5938852c59e8d5c9e426a2558c2e2d84707b2c34,buy,0xcfb98637bcae43c13323eaa1731ced2b716962fd,0x39ed11707b725b24e896513b1064a42f1805b49f9935cf6be1ca36e0538ead32
140,0.1474969763119856,0.0005,0xd868b838b5de79f1e540b5d83c9e9a3d0b3810cd,2017-09-23T16:24:28.000Z,0.0033899,0x5938852c59e8d5c9e426a2558c2e2d84707b2c34,buy,0xcfb98637bcae43c13323eaa1731ced2b716962fd,0x27f2211e41225ca9d8351a2a4b996c9718ba55fb2b7dc401d9198ac02c1cce35
141,0.5,0.00169495,0x636d925f140f761f7a0e600db2177dd068ddada1,2017-09-23T10:33:34.000Z,0.0033899,0x5938852c59e8d5c9e426a2558c2e2d84707b2c34,buy,0xcfb98637bcae43c13323eaa1731ced2b716962fd,0x0fa252498e1dfc8c272048b8591d6217aae6bf540aac5671b8923488edad0aaa
142,1,0.00339,0x0c3d0fc12a1ab89e3b00180bf9988762a44d69d4,2017-09-23T07:02:11.000Z,0.00339,0xbe5dcf1c05e9d745c155ec0a50345e6f7998130b,buy,0xcfb98637bcae43c13323eaa1731ced2b716962fd,0xdac8491d3aec37193b2430e041bd49a29d891de7ac197e7381c6257202568ebe
143,372.16816535537816,1.0049322017742457,0x3dee4a4e076e8d82859d241db0baf46f112cfa23,2017-09-22T15:58:56.000Z,0.00270021,0x7b79d72f7eb12b62e1d2e95860b7062dd63f7b7a,sell,0xcfb98637bcae43c13323eaa1731ced2b716962fd,0xe093b9cf344e4f33f1b0653d57052d4944d30403075af53bdc6e67c1cfe7506f
144,2015.742,6.047226,0xf142f26d1cac4ba8a6e6d7974d243eda2fe5f4f9,2017-09-22T15:33:37.000Z,0.003,0x28bf6556bb1a56f03e7b7023b88916c0b0ef936a,buy,0xcfb98637bcae43c13323eaa1731ced2b716962fd,0xc2a88c6f7702627443b9108e6c82837a14b7e154d251c0b307ff97fb4d6d993e
145,44,0.132,0xed0b1f964083c72f77a73c51493177c1c0c17ab9,2017-09-22T12:24:39.000Z,0.003,0x28bf6556bb1a56f03e7b7023b88916c0b0ef936a,sell,0xcfb98637bcae43c13323eaa1731ced2b716962fd,0xc573fc8bdf51c208d0a41ae40f7284f78266a13e92cd9aed831bf7f0f45ab78c
146,64.1667,0.1925001,0x8e2bbfa4f663817f8040e15cb6b6fa5961aa1105,2017-09-22T12:15:08.000Z,0.003,0x28bf6556bb1a56f03e7b7023b88916c0b0ef936a,sell,0xcfb98637bcae43c13323eaa1731ced2b716962fd,0x5e82891c8888fc9c2d736ed51d43aa265e8475656d5c8df9f64e962d5f86d539
147,0.14749262536873156,0.0005,0x7ed2114439b24152cf18c02c10cae681a7ca2adc,2017-09-22T06:56:21.000Z,0.00339,0xbe5dcf1c05e9d745c155ec0a50345e6f7998130b,buy,0xcfb98637bcae43c13323eaa1731ced2b716962fd,0x7efebb3d871f4ae7ccae919b980f3b5da832f50d24c7516dd93d2fa27f82b077
148,0.14749262536873156,0.0005,0x03dd03643b71b06642179afb38211c0f45699bc5,2017-09-22T06:46:29.000Z,0.00339,0xbe5dcf1c05e9d745c155ec0a50345e6f7998130b,buy,0xcfb98637bcae43c13323eaa1731ced2b716962fd,0x24f75eb590986d3c900a4719fe012892685876c9f00a3aca276907eaee81be69
149,0.14749262536873156,0.0005,0x8612d2a48328bbf318b856ed0daaa4a7034383d0,2017-09-22T06:24:12.000Z,0.00339,0xbe5dcf1c05e9d745c155ec0a50345e6f7998130b,buy,0xcfb98637bcae43c13323eaa1731ced2b716962fd,0xebb410c6fd767ad81447c9cbc3482345ddea464cefc29595af6b4e9d61f94cd6
150,0.14749262536873156,0.0005,0x999dbc9673afdd6b6c140c261297f89de35ff1b3,2017-09-22T06:08:18.000Z,0.00339,0xbe5dcf1c05e9d745c155ec0a50345e6f7998130b,buy,0xcfb98637bcae43c13323eaa1731ced2b716962fd,0xc057041647916c3218f45fc125ca9b1386fab10ea61b68247093b65fdf39e707
151,0.14749262536873156,0.0005,0x10c12555236fa11fc988be565ab70c82a4660ecf,2017-09-22T06:05:38.000Z,0.00339,0xbe5dcf1c05e9d745c155ec0a50345e6f7998130b,buy,0xcfb98637bcae43c13323eaa1731ced2b716962fd,0x74e12e3060e04f4e3b32898786273bad7eb761874b8c9b3a3eeb7ce993536be7
152,0.14749262536873156,0.0005,0x8f28b1970e72adb11173044ebc762800e3128238,2017-09-22T05:57:46.000Z,0.00339,0xbe5dcf1c05e9d745c155ec0a50345e6f7998130b,buy,0xcfb98637bcae43c13323eaa1731ced2b716962fd,0x8fa763d95422c5be2574541bf4165dcc817df4d5b134dc7d9ead339eba386831
153,0.14749262536873156,0.0005,0x999dbc9673afdd6b6c140c261297f89de35ff1b3,2017-09-22T05:33:49.000Z,0.00339,0xbe5dcf1c05e9d745c155ec0a50345e6f7998130b,buy,0xcfb98637bcae43c13323eaa1731ced2b716962fd,0x372b8dc6fca056b76ee91b85d02653c025cad159432f8e1ad7cf95fbd9cef1be
154,0.295,0.00100005,0x19b78488b79c6a45d4e060f05a2b35c4873f25c5,2017-09-22T05:13:39.000Z,0.00339,0xbe5dcf1c05e9d745c155ec0a50345e6f7998130b,buy,0xcfb98637bcae43c13323eaa1731ced2b716962fd,0xce492ab56318fb866ce996e252b26bc3d5e3bb620b6b2c9cdafdcf5ffdf6f798
155,479.91534482203264,1.439746034466098,0x3dee4a4e076e8d82859d241db0baf46f112cfa23,2017-09-20T22:26:14.000Z,0.003,0x86a37ec32e55819f15d2222d6cf3025cad7d294c,sell,0xcfb98637bcae43c13323eaa1731ced2b716962fd,0x93da18c623f0812a1c970c05566611e439d9f37c879bb07c08e4c3b1db4ef8cd
156,21.7616327108864,0.06963770343075612,0x8292bd05da687871c408b0d4cca2673d0365acef,2017-09-20T22:22:57.000Z,0.003200022,0x86a37ec32e55819f15d2222d6cf3025cad7d294c,sell,0xcfb98637bcae43c13323eaa1731ced2b716962fd,0x2903db23e16d70b2783142c596be2007f41fc1a6f8e9449d9d140ae26e1edbe7
157,100,0.3200023,0xf36990a2cb4d609e0a7d4f3bf884c0342d81fd3d,2017-09-20T17:54:31.000Z,0.003200023,0x876cb99075368ab3dd1dde935f765fd410ae5ddf,sell,0xcfb98637bcae43c13323eaa1731ced2b716962fd,0xa221fe48fa002c1fe7f1747246f9c59269b9ff507a71394e3ec84ef579f4843c
158,0.294,0.0009996,0x557e4bf8ab05f8c5fa8abbf555f68dbed53538b7,2017-09-19T21:46:15.000Z,0.0034,0x28bf6556bb1a56f03e7b7023b88916c0b0ef936a,buy,0xcfb98637bcae43c13323eaa1731ced2b716962fd,0xe3d229b62181843d6ebca373592f26653862ce8e8842819d2a2c68d11a27658c
159,58.64422458948805,0.19939036360425935,0x7d8c7b3ec168f77803a070ded1b4fcaf97b873bf,2017-09-19T20:48:09.000Z,0.0034,0x28bf6556bb1a56f03e7b7023b88916c0b0ef936a,buy,0xcfb98637bcae43c13323eaa1731ced2b716962fd,0x4235c69ae371d8eb930d424ad0b8ac5244dca3698f726c5203311f1402098d13
160,0.1121636216351,0.000358926056831995,0x8292bd05da687871c408b0d4cca2673d0365acef,2017-09-19T19:48:38.000Z,0.003200021999999991,0x8b24d80c6dd6e1af5a000e03ca8f00886a05f6f5,sell,0xcfb98637bcae43c13323eaa1731ced2b716962fd,0x3e7153aeed2a4670e1572e426aa2e072cde0e3e9d1f6cf68a98953cef74d94ee
161,0.1262036674785,0.000403854512411884,0x8292bd05da687871c408b0d4cca2673d0365acef,2017-09-19T18:45:07.000Z,0.003200021999999996,0x64b604630e055318093215b7ed41697ca4fb5de6,sell,0xcfb98637bcae43c13323eaa1731ced2b716962fd,0x37564f0fb5df8f1c6ade66f362fd888f89fb4a48346f63f03f12d158224c71b6
162,1910,5.921,0x000b75fcdc15d41277deb033c72d2c8d774ccced,2017-09-19T15:29:36.000Z,0.0031,0x28bf6556bb1a56f03e7b7023b88916c0b0ef936a,sell,0xcfb98637bcae43c13323eaa1731ced2b716962fd,0x2b435a828a48f6c6e0253af5484db8950e3cf8031d3f0c95102c5b618ed0b0f3
163,1090,3.379,0x000b75fcdc15d41277deb033c72d2c8d774ccced,2017-09-19T14:31:59.000Z,0.0031,0x86a37ec32e55819f15d2222d6cf3025cad7d294c,sell,0xcfb98637bcae43c13323eaa1731ced2b716962fd,0x45eb2022d68e662abed765ad0c42ef67d3579d7a993268d363ecbe3e70fe1a5e
164,500,1.6000105,0x3ed6a5fdb172e6ab043bcef0db3654c4957bcb33,2017-09-19T14:28:25.000Z,0.003200021,0x86a37ec32e55819f15d2222d6cf3025cad7d294c,sell,0xcfb98637bcae43c13323eaa1731ced2b716962fd,0xf9dff4b38dfd8cb8df95bc5fc83412453362c9ac1a8ab60be4b514be105b744e
165,1,0.0055,0xf4bc94367a0d09e1284dd2ee019cbcb9d07f8a60,2017-09-18T22:47:36.000Z,0.0055,0x29d6b8259a9eff7d8f4017f059552944c770ca1a,buy,0xcfb98637bcae43c13323eaa1731ced2b716962fd,0xf259fb75eb0369f99d99d61128adfdcb0a9993a982e19d45c8922b62177026c6
166,0.05128205128205128,0.0002,0x350f6f675b20d606bb7f6c412ef4775c9bc57168,2017-09-18T20:23:51.000Z,0.0039,0x6c2fdc7f8b5742b679b9c79c7e18d07b700d30a1,buy,0xcfb98637bcae43c13323eaa1731ced2b716962fd,0xc996b78267605564b0868aea73d276d13f2be63f3c04267cd1304a0e315a6e45
167,150,0.45,0x7cf89da0487cc9bc303d0a85b46e8bb3220f201d,2017-09-18T15:23:12.000Z,0.003,0x8b9254022578eb57d5bf12425fd3ae88bb2ac1a0,sell,0xcfb98637bcae43c13323eaa1731ced2b716962fd,0x4c2a0fd53e238347cb5aaf82f8ae71f02881e1ead48e7163f99b2e6e360115a9
168,100.7665237762935,0.3224549921811385,0x3dee4a4e076e8d82859d241db0baf46f112cfa23,2017-09-17T03:33:50.000Z,0.003200021,0x01fb009d5b0648a7e4777f28552ecbc40709b41a,sell,0xcfb98637bcae43c13323eaa1731ced2b716962fd,0x8f6db89923348760af550fd2de952152b1ec8e1eda5d5fb6d1ae97c11625f01b
169,0.11764705882352941,0.0005,0x42c24a83bded723edfdf5883bc7efb30bc1a1bf3,2017-09-16T17:40:20.000Z,0.00425,0x5938852c59e8d5c9e426a2558c2e2d84707b2c34,buy,0xcfb98637bcae43c13323eaa1731ced2b716962fd,0x1bd5f6bc3fc48803073b50c66c81cfb769a07b36f7d111b46c4f421a6175a2c2
170,0.11737089201877934,0.0005,0x0f657c396dfcd6c59bb82b89fc3adbe5f90ce153,2017-09-16T15:51:33.000Z,0.00426,0x5938852c59e8d5c9e426a2558c2e2d84707b2c34,buy,0xcfb98637bcae43c13323eaa1731ced2b716962fd,0x1df31e3213bcfe1ceeaec78a04ef365904d5296f0b2a8bc3586a938405849674
171,0.11737089201877934,0.0005,0x1f8ac99600c61189d92c85cc760735b9e0067a60,2017-09-16T15:48:00.000Z,0.00426,0x5938852c59e8d5c9e426a2558c2e2d84707b2c34,buy,0xcfb98637bcae43c13323eaa1731ced2b716962fd,0x7a04aef3e8cb44d37d1837e34e84cb1741920ef20b29fa3380e66c89a6450e52
172,347.4818064001595,1.0772283480211344,0x3dee4a4e076e8d82859d241db0baf46f112cfa23,2017-09-16T04:09:03.000Z,0.0031001,0x001f48b8673bbdf84cc07418d349c3d9179268a3,sell,0xcfb98637bcae43c13323eaa1731ced2b716962fd,0x77b61826e28b17fe62ec5ab946842c761735f81bf26eef0a1b054e1e20703e93
173,600,1.86012,0x3dee4a4e076e8d82859d241db0baf46f112cfa23,2017-09-16T04:04:57.000Z,0.0031002,0x001f48b8673bbdf84cc07418d349c3d9179268a3,sell,0xcfb98637bcae43c13323eaa1731ced2b716962fd,0x0cceb3fdda8b39c9938e1ea26f86b20340f8a3788f22db09e126bf8dd40b37d1
174,47,0.167837,0x8292bd05da687871c408b0d4cca2673d0365acef,2017-09-16T04:04:54.000Z,0.003571,0x001f48b8673bbdf84cc07418d349c3d9179268a3,sell,0xcfb98637bcae43c13323eaa1731ced2b716962fd,0x805e1a00fc6f0ae85cd94869e50628f4add887465c38c366a35cf2f4ae74f1a5
175,0.1125001125001125,0.0005,0x8b24d80c6dd6e1af5a000e03ca8f00886a05f6f5,2017-09-15T04:22:56.000Z,0.00444444,0xfd7997b32e69e101e1035d0d7530df1a79edf807,buy,0xcfb98637bcae43c13323eaa1731ced2b716962fd,0xc8053ac2ff5a339532b357d9876f6b18d94b3d151e05347b93d08e1069848355
176,100,0.371,0xf32d616182f0ed57d845d0f9cf8db2d3829c79ec,2017-09-14T09:49:52.000Z,0.00371,0x5938852c59e8d5c9e426a2558c2e2d84707b2c34,sell,0xcfb98637bcae43c13323eaa1731ced2b716962fd,0xddab5062ab4ad735c5674be16e91a1378782e7376f799e2c2e1287baa9d2b938
177,0.1,0.000485,0x76984925bd97bd5b1b455bdce4435368a3d79f10,2017-09-14T03:07:15.000Z,0.00485,0x2d9016f7c05c598180b411e69e1dc43a25074e32,buy,0xcfb98637bcae43c13323eaa1731ced2b716962fd,0x3586f12ead0ee88d8b12b7960da628de88f7dd2d8a1e794a9536fc7a1731e0ca
178,0.10309278350515463,0.0005,0x4c2fb430e95954bcfa54ce4741a9fc2ff6e415ad,2017-09-13T21:16:27.000Z,0.00485,0x2d9016f7c05c598180b411e69e1dc43a25074e32,buy,0xcfb98637bcae43c13323eaa1731ced2b716962fd,0x6c2b53ff0a0744ea9ff38ba7ea978f55a49a54f7144e34c695ed8b4bd48429db
179,14,0.0560000014,0x8292bd05da687871c408b0d4cca2673d0365acef,2017-09-13T19:20:25.000Z,0.0040000001,0x01fb009d5b0648a7e4777f28552ecbc40709b41a,sell,0xcfb98637bcae43c13323eaa1731ced2b716962fd,0x34df0acd8a667a8bc5a84d277922e1179d2f3e8cef9ac017efe2c0e99dda5909
180,59.7,0.2388,0x15bed69231aa24afed639835c66681599fbeb423,2017-09-13T19:05:18.000Z,0.004,0x01fb009d5b0648a7e4777f28552ecbc40709b41a,sell,0xcfb98637bcae43c13323eaa1731ced2b716962fd,0x6d0acf83a981ee09f83ac6a5e9e10842dd6ca392104fae5700627abbebb6649a
181,1.79443724454192,0.0089721862227096,0xb77503c77cfc343efbe319214c331d487bed8a2d,2017-09-13T10:10:53.000Z,0.005,0x6e21cf1b1cd858a600375dd7e9a829062cf3054b,sell,0xcfb98637bcae43c13323eaa1731ced2b716962fd,0x7aa9b1e53e6a93a046d97d048945adc1a4c24f10d5939679a43f4f0e441200a6
182,138.20139010484064,0.6910069505242032,0xb77503c77cfc343efbe319214c331d487bed8a2d,2017-09-13T03:21:25.000Z,0.005,0x19fff3b449a3a58a48c7f1d838761f5721401d26,sell,0xcfb98637bcae43c13323eaa1731ced2b716962fd,0xa445d12121f2281bee6a90d92e0b466d893ef96ae5a5abd9616aed3710097633
183,1,0.0051888888888,0xd6f29f2fb0a1dc783aeab42ce7ce9276f8e14a54,2017-09-13T02:20:27.000Z,0.0051888888888,0x3f3b88222f674620aee48c7d61fbb14f1d0e037f,buy,0xcfb98637bcae43c13323eaa1731ced2b716962fd,0x9fca467e840da127b2c623d85e94f8eb0762024e7dfd433ee07b099e615c5a0b
184,349.999,1.5049957,0xcc4ba5a46d82dd48165d95260cd94faa74cb0757,2017-09-13T00:37:55.000Z,0.0043,0xaef824d4990d7ec5936d0ad24a5179ba44bcce91,buy,0xcfb98637bcae43c13323eaa1731ced2b716962fd,0x4c5231a8b4aa30545e20e7b4f0e0990cc641eb16f9ec29ca42fb9b35b3479117
185,245.925,0.93205575,0xcc4ba5a46d82dd48165d95260cd94faa74cb0757,2017-09-13T00:37:01.000Z,0.00379,0x939248c057992a444c842909c3459689a80bc6dd,buy,0xcfb98637bcae43c13323eaa1731ced2b716962fd,0x2d9687185ed7f6e88e1df2b037a5090ff20ad127780719ca9fc2b94a6b98adde
186,3.0745695340026304,0.01165261853386997,0x90cfb755540f31b4cfa98870696f6e7ec4d3d767,2017-09-12T21:38:20.000Z,0.00379,0x939248c057992a444c842909c3459689a80bc6dd,buy,0xcfb98637bcae43c13323eaa1731ced2b716962fd,0x9e2435ec2caf0dd268c119eba886315ab8c9df055fbf85b7139698e4ec7d9d50
187,84.194,0.31909526,0x8e9c452137dde7c13f9e7267d1f4af4e36fcdae4,2017-09-12T18:20:18.000Z,0.00379,0x939248c057992a444c842909c3459689a80bc6dd,buy,0xcfb98637bcae43c13323eaa1731ced2b716962fd,0xb86d59e8ec7c6b30d1479778361ae1f0eeb5713d69f0162bd40434524c6b7e3b
188,139.4723280330974,0.3905225184926727,0xcad2ca5913d990b0518bc3a1e0af292d872ddfb9,2017-09-12T18:13:46.000Z,0.0028,0xdbe7769463fb5fd670b06b63d721a2693f01cab3,sell,0xcfb98637bcae43c13323eaa1731ced2b716962fd,0x5541bbd62a0209fdf901b67dc4bc17eb65761c0673a58d4e314834f43513736a
189,61,0.23119,0x72ef4508175f94873207f3ad2611ae0090641071,2017-09-12T15:50:53.000Z,0.00379,0x939248c057992a444c842909c3459689a80bc6dd,buy,0xcfb98637bcae43c13323eaa1731ced2b716962fd,0xa37e087c0c75e7030900a4f92c9cb63aa6251404dc6e9a05d6c1f23b5ed5241a
190,500,1.88,0x8e9c452137dde7c13f9e7267d1f4af4e36fcdae4,2017-09-12T12:58:51.000Z,0.00376,0x5938852c59e8d5c9e426a2558c2e2d84707b2c34,buy,0xcfb98637bcae43c13323eaa1731ced2b716962fd,0x68540afa6db49743a77e3f51046a7538bfa9c55e5be01df9441b79505ffac0bf
191,105.093,0.39409875,0x8e9c452137dde7c13f9e7267d1f4af4e36fcdae4,2017-09-12T12:58:36.000Z,0.00375,0x1fdf047bf7a114b37e7936d01e9cad754ad18803,buy,0xcfb98637bcae43c13323eaa1731ced2b716962fd,0x09da2aee1c507e9e56fcf5541b783a9f794ff527ad5d03fcf3672501515c20a9
192,71.046,0.26215974,0x8e9c452137dde7c13f9e7267d1f4af4e36fcdae4,2017-09-12T12:57:17.000Z,0.00369,0xaf34a43c3b6e950f5e62660aaa637a220e36e460,buy,0xcfb98637bcae43c13323eaa1731ced2b716962fd,0xf62c596bda90df9d97e80276c6c555004dc6492ed1ae22deda97983a27f13c8b
193,70.461,0.26000109,0x92efc54c39219b0be3dd169e10eb4780204f0a09,2017-09-12T05:43:05.000Z,0.00369,0xaf34a43c3b6e950f5e62660aaa637a220e36e460,buy,0xcfb98637bcae43c13323eaa1731ced2b716962fd,0xb061107496fcdefce3419cf5a53096bc32b95e0c036c1ca836fd1e176c9b6bf2
194,18,0.0542214,0x5938852c59e8d5c9e426a2558c2e2d84707b2c34,2017-09-11T22:55:52.000Z,0.0030123,0xa9807657ac5da7527f42e678ccaf2ab867e83cb5,buy,0xcfb98637bcae43c13323eaa1731ced2b716962fd,0x36b9170e8133ebc2bcbfbe213c3a169a69cc074973d54be576d03f4ea33fbd3a
195,50.154520984946664,0.15255651111554183,0x7d57eb98202c48a9168d5e3e2860f210ab1c327f,2017-09-11T12:27:43.000Z,0.00304173,0xaf34a43c3b6e950f5e62660aaa637a220e36e460,sell,0xcfb98637bcae43c13323eaa1731ced2b716962fd,0xf717a276b6346490e76837bb3b433d1fca7b1871012e5edf605db5fec20602a1
196,4.3919123540288725,0.013360197380955832,0x1fdf047bf7a114b37e7936d01e9cad754ad18803,2017-09-11T06:35:27.000Z,0.003042,0xe8049485009991393a0378ad74b36bc8018a6d13,sell,0xcfb98637bcae43c13323eaa1731ced2b716962fd,0x638ed3914d4f59920decfadb3329dc32dbef8a49a40f8b86ecf9bc8902a1659f
197,5.277,0.01999983,0xe985ac05f01f7fa12e3322003e88bde06e6fe042,2017-09-11T01:10:33.000Z,0.00379,0x939248c057992a444c842909c3459689a80bc6dd,buy,0xcfb98637bcae43c13323eaa1731ced2b716962fd,0x15f4bfd655b29adc7abd0ee8d039d41ebef9a268559583f59fd8aa5d23e10b74
198,100.69599,0.30631720158,0x1fdf047bf7a114b37e7936d01e9cad754ad18803,2017-09-10T15:09:50.000Z,0.003042,0xdd5ed75a9175b77685cfd27124f86b3a6c053660,sell,0xcfb98637bcae43c13323eaa1731ced2b716962fd,0x52f95e31f9c756cb47cc1a25bda3a2fd35be08cc74dd2a9fcc7c9cd09836bca2
199,101,0.303,0xdd5ed75a9175b77685cfd27124f86b3a6c053660,2017-09-10T15:09:50.000Z,0.003,0xeeffbb5e5d23d675d3a9bed405e01113f389ec90,buy,0xcfb98637bcae43c13323eaa1731ced2b716962fd,0x52f95e31f9c756cb47cc1a25bda3a2fd35be08cc74dd2a9fcc7c9cd09836bca2
200,12.985856843634837,0.04428177183679479,0x9272a1ebbdbf73e19eceba1904dbdeaf0c23dcd3,2017-09-10T14:07:08.000Z,0.00341,0x5938852c59e8d5c9e426a2558c2e2d84707b2c34,sell,0xcfb98637bcae43c13323eaa1731ced2b716962fd,0xa2ede1dcfb30d3e6bb31fdeca036065cbf2e9a4d960232bfe0e8fcb3854d24a3
201,4.9850448654037,0.016999002991026618,0x9272a1ebbdbf73e19eceba1904dbdeaf0c23dcd3,2017-09-10T06:06:35.000Z,0.00341,0x6d3d0dfa885186833d6cf04f7890aab7d3b43cd1,sell,0xcfb98637bcae43c13323eaa1731ced2b716962fd,0x71e30d295211dab91b9b6ea4a5a384241a27402d3ead2f567ffe217613b763f0
202,298.14414165652823,1.016671523048761,0x9272a1ebbdbf73e19eceba1904dbdeaf0c23dcd3,2017-09-10T05:48:20.000Z,0.00341,0x19fff3b449a3a58a48c7f1d838761f5721401d26,sell,0xcfb98637bcae43c13323eaa1731ced2b716962fd,0x757635d4746a588f9b1134298507be775ebb7dda21f56d4c9caa34b984b2615d
203,683.8849566344333,2.3320477021234174,0x9272a1ebbdbf73e19eceba1904dbdeaf0c23dcd3,2017-09-10T05:44:31.000Z,0.00341,0x19fff3b449a3a58a48c7f1d838761f5721401d26,sell,0xcfb98637bcae43c13323eaa1731ced2b716962fd,0xa91354dbdf19189f89dd4e779ac937a2007a1a19eba9f56131576cf18e27359c
204,0.12658227848101267,0.0005,0x64b604630e055318093215b7ed41697ca4fb5de6,2017-09-10T03:04:10.000Z,0.00395,0xaf34a43c3b6e950f5e62660aaa637a220e36e460,buy,0xcfb98637bcae43c13323eaa1731ced2b716962fd,0x1050e03c34ee5f82d9164e4d68fa1f76c6ab1c6e26d6ce5732978de98c4a659b
205,49.845479015053336,0.15161648888445817,0x7d57eb98202c48a9168d5e3e2860f210ab1c327f,2017-09-09T22:49:15.000Z,0.00304173,0xee004e564e2d0f6ead3613df41b7f69bb76a73e0,sell,0xcfb98637bcae43c13323eaa1731ced2b716962fd,0xbc8caeb1c24f08c21256fa84bb4e6ecd64b42b4ad4a14857b39482b9091882c4
206,150,0.51,0x76984925bd97bd5b1b455bdce4435368a3d79f10,2017-09-09T22:48:04.000Z,0.0034,0x1fdf047bf7a114b37e7936d01e9cad754ad18803,buy,0xcfb98637bcae43c13323eaa1731ced2b716962fd,0x6695626e3635b0d3b1f259a82f29f78aa995239cd36a911128ca74f454daf261
207,50,0.17,0xee004e564e2d0f6ead3613df41b7f69bb76a73e0,2017-09-09T22:47:18.000Z,0.0034,0x1fdf047bf7a114b37e7936d01e9cad754ad18803,buy,0xcfb98637bcae43c13323eaa1731ced2b716962fd,0x3d4da375b0aa1d5d48da9791aed644c128cbecec6a8f74ba928f41fc16091097
208,20,0.068,0x6742f656a2914cf8d0792b5d1ed8669e3da76692,2017-09-09T22:43:10.000Z,0.0034,0x1fdf047bf7a114b37e7936d01e9cad754ad18803,buy,0xcfb98637bcae43c13323eaa1731ced2b716962fd,0xb4c1dbe8f2a7946e03ced5c7660ed330a6335297840536751651dad0959d09cc
209,10,0.034,0x6742f656a2914cf8d0792b5d1ed8669e3da76692,2017-09-09T22:35:58.000Z,0.0034,0x1fdf047bf7a114b37e7936d01e9cad754ad18803,buy,0xcfb98637bcae43c13323eaa1731ced2b716962fd,0xbc36e9b7dbc5aba546dd9feefab76d75299886b7d03eaedbc47c6a8711a19c70
210,0.007976,0.07976,0x6742f656a2914cf8d0792b5d1ed8669e3da76692,2017-09-09T22:32:48.000Z,10,0x2a9f4b1510ca802bf99aa3bad2a8065313471640,sell,0xcfb98637bcae43c13323eaa1731ced2b716962fd,0xf53adaed783a146d75d25338b75fc65ea4301b2bfbecf9be805baf5d7b456e26
211,0.008,0.0000272,0x2a9f4b1510ca802bf99aa3bad2a8065313471640,2017-09-09T22:32:48.000Z,0.0034,0x1fdf047bf7a114b37e7936d01e9cad754ad18803,buy,0xcfb98637bcae43c13323eaa1731ced2b716962fd,0xf53adaed783a146d75d25338b75fc65ea4301b2bfbecf9be805baf5d7b456e26
212,0.006,0.0000204,0x5ae933bfbbaa04c3e05ae56295138174ada9799c,2017-09-09T22:31:03.000Z,0.0034,0x1fdf047bf7a114b37e7936d01e9cad754ad18803,buy,0xcfb98637bcae43c13323eaa1731ced2b716962fd,0xcf5c2cb38d8f2b6cd83cda2de921ebf8bc6be7f0fee2806e8e22317ab75bd232
213,0.005982,0.05982,0x6742f656a2914cf8d0792b5d1ed8669e3da76692,2017-09-09T22:31:03.000Z,10,0x5ae933bfbbaa04c3e05ae56295138174ada9799c,sell,0xcfb98637bcae43c13323eaa1731ced2b716962fd,0xcf5c2cb38d8f2b6cd83cda2de921ebf8bc6be7f0fee2806e8e22317ab75bd232
214,0.01,0.000034,0x2a9f4b1510ca802bf99aa3bad2a8065313471640,2017-09-09T22:30:32.000Z,0.0034,0x1fdf047bf7a114b37e7936d01e9cad754ad18803,buy,0xcfb98637bcae43c13323eaa1731ced2b716962fd,0x8248dd07b511669e75868b89e8e72e4a327952e1dfa162f99f147a13efa4665d
215,0.006979,0.06979,0x6742f656a2914cf8d0792b5d1ed8669e3da76692,2017-09-09T22:30:32.000Z,10,0x5ae933bfbbaa04c3e05ae56295138174ada9799c,sell,0xcfb98637bcae43c13323eaa1731ced2b716962fd,0xe0fd88673af1eae439caa331175ed49618e5e33af7d1e9ebc07e20938d4ccecd
216,0.007,0.0000238,0x5ae933bfbbaa04c3e05ae56295138174ada9799c,2017-09-09T22:30:32.000Z,0.0034,0x1fdf047bf7a114b37e7936d01e9cad754ad18803,buy,0xcfb98637bcae43c13323eaa1731ced2b716962fd,0xe0fd88673af1eae439caa331175ed49618e5e33af7d1e9ebc07e20938d4ccecd
217,0.00997,0.0997,0x6742f656a2914cf8d0792b5d1ed8669e3da76692,2017-09-09T22:30:32.000Z,10,0x2a9f4b1510ca802bf99aa3bad2a8065313471640,sell,0xcfb98637bcae43c13323eaa1731ced2b716962fd,0x8248dd07b511669e75868b89e8e72e4a327952e1dfa162f99f147a13efa4665d
218,0.009,0.0000306,0x5ae933bfbbaa04c3e05ae56295138174ada9799c,2017-09-09T22:29:46.000Z,0.0034,0x1fdf047bf7a114b37e7936d01e9cad754ad18803,buy,0xcfb98637bcae43c13323eaa1731ced2b716962fd,0xb97dc4ff0f96440bef354bc6536594fae9a6d117e997891e5bbdbb209f109ba9
219,0.008973,0.08973,0x6742f656a2914cf8d0792b5d1ed8669e3da76692,2017-09-09T22:29:46.000Z,10,0x5ae933bfbbaa04c3e05ae56295138174ada9799c,sell,0xcfb98637bcae43c13323eaa1731ced2b716962fd,0xb97dc4ff0f96440bef354bc6536594fae9a6d117e997891e5bbdbb209f109ba9
220,19.938191606021334,0.052437443923836105,0xbdf6e91249c335ddf3f656c465326a69c13e1eb0,2017-09-09T17:43:38.000Z,0.00263,0x730398eff0e7cc37cc0e172e4fea306ee13d5513,sell,0xcfb98637bcae43c13323eaa1731ced2b716962fd,0xe8bab076ac618e3a50b5aa2ec237c8643069a3508cc63f96e77ff5636e179f79
221,0.01,0.0015,0xf4bc94367a0d09e1284dd2ee019cbcb9d07f8a60,2017-09-09T16:55:17.000Z,0.15,0xf4bc94367a0d09e1284dd2ee019cbcb9d07f8a60,buy,0xcfb98637bcae43c13323eaa1731ced2b716962fd,0xa52729cc58cea6bbc5619fb0e69ace2061c7d07e14ace006fd119a011749ad68
222,0.05,0.0175,0xf4bc94367a0d09e1284dd2ee019cbcb9d07f8a60,2017-09-09T15:40:44.000Z,0.35,0xf4bc94367a0d09e1284dd2ee019cbcb9d07f8a60,buy,0xcfb98637bcae43c13323eaa1731ced2b716962fd,0x59abe4972d381c786abd1a7f66d9a3e22c2207357873e25090a1a07c7ff7146b
223,0.02,0.003,0xf4bc94367a0d09e1284dd2ee019cbcb9d07f8a60,2017-09-09T14:48:24.000Z,0.15,0xf4bc94367a0d09e1284dd2ee019cbcb9d07f8a60,buy,0xcfb98637bcae43c13323eaa1731ced2b716962fd,0x5931a69aaf0b1b56666a84e22b42796befb45954bc1b7e2174582f01607fe087
224,0.01,0.0015,0xf4bc94367a0d09e1284dd2ee019cbcb9d07f8a60,2017-09-09T14:17:56.000Z,0.15,0xf4bc94367a0d09e1284dd2ee019cbcb9d07f8a60,buy,0xcfb98637bcae43c13323eaa1731ced2b716962fd,0x27c90cd4e94b5a704919043bb99bb0655523986d179b05b5453cb42753e5f3f8
225,0.05,0.0175,0xf4bc94367a0d09e1284dd2ee019cbcb9d07f8a60,2017-09-09T14:11:11.000Z,0.35,0xf4bc94367a0d09e1284dd2ee019cbcb9d07f8a60,buy,0xcfb98637bcae43c13323eaa1731ced2b716962fd,0x9ce820274f6ffde267d8dc0b040fcb049af45d3be464be3b2239df4f75972409
226,0.05,0.0175,0xf4bc94367a0d09e1284dd2ee019cbcb9d07f8a60,2017-09-09T13:57:12.000Z,0.35,0xf4bc94367a0d09e1284dd2ee019cbcb9d07f8a60,buy,0xcfb98637bcae43c13323eaa1731ced2b716962fd,0xe01175bffa9b999fc387637048857a28d9d85d7ae4a9d12e5fccc49f95bb6f3b
227,0.05,0.0175,0xf4bc94367a0d09e1284dd2ee019cbcb9d07f8a60,2017-09-09T13:49:14.000Z,0.35,0xf4bc94367a0d09e1284dd2ee019cbcb9d07f8a60,buy,0xcfb98637bcae43c13323eaa1731ced2b716962fd,0x08d6b716038ce654feffc17ede1c5f03e4da067dcfa192ec571210f54e9fb39e
228,0.03,0.0075,0xf4bc94367a0d09e1284dd2ee019cbcb9d07f8a60,2017-09-09T13:38:36.000Z,0.25,0xf4bc94367a0d09e1284dd2ee019cbcb9d07f8a60,buy,0xcfb98637bcae43c13323eaa1731ced2b716962fd,0x2367da9be1b57d06c3c085a05e3522dad0219d1d1944487827ec7f76c3043c1a
229,0.034721801625118655,0.008680450406279664,0xf4bc94367a0d09e1284dd2ee019cbcb9d07f8a60,2017-09-09T13:28:25.000Z,0.25,0xf4bc94367a0d09e1284dd2ee019cbcb9d07f8a60,buy,0xcfb98637bcae43c13323eaa1731ced2b716962fd,0xafd32b2638af00dfe5af5ef17a1dfcced115c6bb81cbf77a7e5d0ac3e7b11332
230,0.058043261024158445,0.008706489153623768,0xf4bc94367a0d09e1284dd2ee019cbcb9d07f8a60,2017-09-09T13:06:11.000Z,0.15,0xf4bc94367a0d09e1284dd2ee019cbcb9d07f8a60,buy,0xcfb98637bcae43c13323eaa1731ced2b716962fd,0x39bc485136c991663f4552a71cc3e4fef96b4c0cae3ad1c7eeea4ef635d725b3
231,0.02,0.002,0xf4bc94367a0d09e1284dd2ee019cbcb9d07f8a60,2017-09-09T12:33:03.000Z,0.1,0xf4bc94367a0d09e1284dd2ee019cbcb9d07f8a60,buy,0xcfb98637bcae43c13323eaa1731ced2b716962fd,0x1c838a3de26331281439829844862587ba35686a148abfbdbf18910385b4c1fd
232,0.005,0.0003,0xf4bc94367a0d09e1284dd2ee019cbcb9d07f8a60,2017-09-09T11:27:40.000Z,0.06,0x739066ed2d1718fd100cec4d9f347382ec6440dc,buy,0xcfb98637bcae43c13323eaa1731ced2b716962fd,0x7ffc4ad794c1099f4049751e4392c38b0ebe622ee8339d84cca355bac08c14f3
233,0.02,0.001,0xf4bc94367a0d09e1284dd2ee019cbcb9d07f8a60,2017-09-09T11:26:38.000Z,0.05,0xf4bc94367a0d09e1284dd2ee019cbcb9d07f8a60,buy,0xcfb98637bcae43c13323eaa1731ced2b716962fd,0xb562e52dbf006b8fabae37bb3b9d6a0b75cd4440acfd32f24c2be971fa064abd
234,0.005,0.0003,0xf4bc94367a0d09e1284dd2ee019cbcb9d07f8a60,2017-09-09T11:05:43.000Z,0.06,0x739066ed2d1718fd100cec4d9f347382ec6440dc,buy,0xcfb98637bcae43c13323eaa1731ced2b716962fd,0x079b3c5f9ae29d4ecc695cc7aeb8fb29a6e08c83ecf649d883aac118b6bf2f1a
235,0.02,0.001,0xf4bc94367a0d09e1284dd2ee019cbcb9d07f8a60,2017-09-09T11:04:54.000Z,0.05,0xf4bc94367a0d09e1284dd2ee019cbcb9d07f8a60,buy,0xcfb98637bcae43c13323eaa1731ced2b716962fd,0xd1927993262654621fa06d1e4c74dcf2eecaf4cd9092e02bc9cb450d4c0444d8
236,0.02,0.001,0xf4bc94367a0d09e1284dd2ee019cbcb9d07f8a60,2017-09-09T10:55:53.000Z,0.05,0xf4bc94367a0d09e1284dd2ee019cbcb9d07f8a60,buy,0xcfb98637bcae43c13323eaa1731ced2b716962fd,0x62d8a8f5a88f8b28d5f104d2800ad5dc4587f38dbebf7b28abdbb5774eb4e948
237,0.01,0.0003376,0xf4bc94367a0d09e1284dd2ee019cbcb9d07f8a60,2017-09-09T10:44:33.000Z,0.03376,0xa86d9d90963728a79b5dbc0b344fe6eac64f6d60,buy,0xcfb98637bcae43c13323eaa1731ced2b716962fd,0x07f33a07224095e633d74ba53174cd4dcb1bdd43098abd2032bbdcb8db05800f
238,0.002,0.00006752,0xf4bc94367a0d09e1284dd2ee019cbcb9d07f8a60,2017-09-09T10:36:48.000Z,0.03376,0xa86d9d90963728a79b5dbc0b344fe6eac64f6d60,buy,0xcfb98637bcae43c13323eaa1731ced2b716962fd,0x18ffc1adca8364746e81dc7557587934aa7daa12e4ad50f093f2f672ed7106c1
239,0.005,0.0001,0xf4bc94367a0d09e1284dd2ee019cbcb9d07f8a60,2017-09-09T10:21:20.000Z,0.02,0x739066ed2d1718fd100cec4d9f347382ec6440dc,buy,0xcfb98637bcae43c13323eaa1731ced2b716962fd,0x7176e9131ff1f550678dc67531f87f19c486f4a1004ea1cdbe850c0a428fcdfb
240,0.006,0.00009,0xf4bc94367a0d09e1284dd2ee019cbcb9d07f8a60,2017-09-09T08:47:51.000Z,0.015,0xa3d7dedda551204ccb03bd79aa87824cc453b8de,buy,0xcfb98637bcae43c13323eaa1731ced2b716962fd,0x22b20fe1535de8b3844de142b279b209da448059c93db14079b7457f6cf3e1da
241,0.003,0.00003,0xf4bc94367a0d09e1284dd2ee019cbcb9d07f8a60,2017-09-09T08:19:47.000Z,0.01,0xcc479810f5079346225c82f90f1adbf2e8c3fa7f,buy,0xcfb98637bcae43c13323eaa1731ced2b716962fd,0x8996f7799cfdb31a139bfcae388b17157279969b6be7f5b2b3a286b4bd5dee2a
242,0.002,0.000014,0xf4bc94367a0d09e1284dd2ee019cbcb9d07f8a60,2017-09-09T08:11:37.000Z,0.007,0xe8f7355a17fc67219fd6d15fc9ffd5662977957b,buy,0xcfb98637bcae43c13323eaa1731ced2b716962fd,0x127757c21853a5484c445d86703683e1c11c95eb4e022b994a113a10ac089503
243,0.001,0.0000043,0xf4bc94367a0d09e1284dd2ee019cbcb9d07f8a60,2017-09-09T08:00:36.000Z,0.0043,0xaef824d4990d7ec5936d0ad24a5179ba44bcce91,buy,0xcfb98637bcae43c13323eaa1731ced2b716962fd,0x2c0dc7b3e790585d730cbe680d0372afe710ebf2027760fe16d6ec1a9343101c
244,5.538829628152727,0.014456345329478615,0xe8f7355a17fc67219fd6d15fc9ffd5662977957b,2017-09-08T19:44:12.000Z,0.00261,0x86fc8e06af3d09776a128e921bc932bcc1c89a9d,sell,0xcfb98637bcae43c13323eaa1731ced2b716962fd,0x2698f2867832d49d4f453cb3528fc4165bee475f03d901707515910d7b994a6a
245,43,0.11223,0xf142f26d1cac4ba8a6e6d7974d243eda2fe5f4f9,2017-09-08T17:00:45.000Z,0.00261,0x241086ee31e3cbd05280d167f85545bb04ee3473,buy,0xcfb98637bcae43c13323eaa1731ced2b716962fd,0xf68fa8d5206ce48998c8d50ee253443b04142756323238a8e99aa1b79bd3e040
246,23.116743891039228,0.07975276642408534,0xa9d0fa3b5cc959d033704de3796f253ecb7b444c,2017-09-08T07:30:53.000Z,0.00345,0xaf34a43c3b6e950f5e62660aaa637a220e36e460,buy,0xcfb98637bcae43c13323eaa1731ced2b716962fd,0x2bef0c7ced5d5cbe86176adae7e6f4c6e66b28e0bcf53e75955c113a9c7dd8ce
247,715,1.859,0xac15eb3bd60fde4085008d822174176352ad4364,2017-09-07T20:24:16.000Z,0.0026,0x76984925bd97bd5b1b455bdce4435368a3d79f10,sell,0xcfb98637bcae43c13323eaa1731ced2b716962fd,0x24cc8556b26c44616e264af5a7801505a73823159653959c920087021a6d9e87
248,715,1.859,0xac15eb3bd60fde4085008d822174176352ad4364,2017-09-07T20:23:37.000Z,0.0026,0x76984925bd97bd5b1b455bdce4435368a3d79f10,sell,0xcfb98637bcae43c13323eaa1731ced2b716962fd,0x24cc8556b26c44616e264af5a7801505a73823159653959c920087021a6d9e87
249,9.295886893087605,0.027664559393828714,0xf187eb34073c29ed27a39fb07f3cdd5ad75c99be,2017-09-07T20:21:40.000Z,0.002976,0x76984925bd97bd5b1b455bdce4435368a3d79f10,sell,0xcfb98637bcae43c13323eaa1731ced2b716962fd,0x61f7edea2f5763cd1ab3790845c72ece7b96e2ee66119aab91660d2691068a60
250,4.857,0.014571,0x5938852c59e8d5c9e426a2558c2e2d84707b2c34,2017-09-07T20:21:06.000Z,0.003,0x76984925bd97bd5b1b455bdce4435368a3d79f10,sell,0xcfb98637bcae43c13323eaa1731ced2b716962fd,0x082c1f7c0ca9fa531d59b81831d022d83b7e52d76d90a72fedaa8c4616f6081a
251,115.942,0.3999999,0x424c65992f57dcbb1c859f3e9657623f3134f7f5,2017-09-07T19:33:47.000Z,0.00345,0xaf34a43c3b6e950f5e62660aaa637a220e36e460,buy,0xcfb98637bcae43c13323eaa1731ced2b716962fd,0x6a53c1a06149a9541f6784c82d4cef7e690e79cc1b05ee5b8af5b48d8e78a2f5
252,170,0.5865,0x424c65992f57dcbb1c859f3e9657623f3134f7f5,2017-09-07T19:33:20.000Z,0.00345,0x1fdf047bf7a114b37e7936d01e9cad754ad18803,buy,0xcfb98637bcae43c13323eaa1731ced2b716962fd,0xa6323d7b601563885f19f31619865592fada98e2e9c88f6367c28efc99724443
253,26,0.0884,0x424c65992f57dcbb1c859f3e9657623f3134f7f5,2017-09-07T19:33:04.000Z,0.0034,0xf60b7a42f39161c8852731d2c75039c8ad439c20,buy,0xcfb98637bcae43c13323eaa1731ced2b716962fd,0xf61446c92800061d07b1c8f06051ad6ef93858066a3ee68a08e4452a3aa937ca
254,225.54082344731333,0.67662247034194,0x1fdf047bf7a114b37e7936d01e9cad754ad18803,2017-09-07T15:09:42.000Z,0.003,0x9d0211cfa332f07640baba82528e402c0bfa0509,sell,0xcfb98637bcae43c13323eaa1731ced2b716962fd,0xbd585a6dda8090443a64bf0563603fd3789225658f7d2e0a8b80f54a41c37564
255,174.45917655268667,0.5233775296580601,0x1fdf047bf7a114b37e7936d01e9cad754ad18803,2017-09-07T05:40:29.000Z,0.003,0x4c12480f5082d4179279b7b3bca1ff9353b7d700,sell,0xcfb98637bcae43c13323eaa1731ced2b716962fd,0xe7b39df558312c7a2669e97c8a887f3706f236afb45ad9d46ba41e54e66a8d66
256,20.4385,0.081549615,0xf3bfda19b90b0da4e95ed33eebf5d7df0cabb4d2,2017-09-06T20:46:42.000Z,0.00399,0x95fdffb33690407f5d4a943a8a725ece16ccea3b,sell,0xcfb98637bcae43c13323eaa1731ced2b716962fd,0x435b6320030d5d878892ad2a92c5b0dda32d8cce4b4d87193fbfa8cf91c9a8da
257,20.5,0.07995,0x95fdffb33690407f5d4a943a8a725ece16ccea3b,2017-09-06T20:46:42.000Z,0.0039,0x5938852c59e8d5c9e426a2558c2e2d84707b2c34,buy,0xcfb98637bcae43c13323eaa1731ced2b716962fd,0x435b6320030d5d878892ad2a92c5b0dda32d8cce4b4d87193fbfa8cf91c9a8da
258,48.00243986122551,0.19104971064767753,0x76984925bd97bd5b1b455bdce4435368a3d79f10,2017-09-06T18:33:13.000Z,0.00398,0xaf34a43c3b6e950f5e62660aaa637a220e36e460,buy,0xcfb98637bcae43c13323eaa1731ced2b716962fd,0xe566a06cea8c5352a7a7ab42c3ffec4335bdf90714090dc8e803e5e77848f1a8
259,10,0.0333,0x5695b06071cdf4e1a08d00418b8d8e07fe327f94,2017-09-06T02:03:31.000Z,0.00333,0xa9807657ac5da7527f42e678ccaf2ab867e83cb5,sell,0xcfb98637bcae43c13323eaa1731ced2b716962fd,0x6807362e2a14e33f8bdd90bd6eb6dcb69026a957e9e6b0c235401f4b49278a9c
260,0.001,0.00000597,0xf4bc94367a0d09e1284dd2ee019cbcb9d07f8a60,2017-09-06T00:56:14.000Z,0.00597,0x3f3b88222f674620aee48c7d61fbb14f1d0e037f,buy,0xcfb98637bcae43c13323eaa1731ced2b716962fd,0x5100d10b8ad49fd6bf3259f9a59db66bca1ecbef5e416a2938fc06412f50253e
261,15.038,0.06000162,0x3aff675b2d9b90a5b5c3b7c56d99ed56631fdccf,2017-09-06T00:09:01.000Z,0.00399,0x0cc957904f74e8f25ade93767abed9086dc1b5e4,buy,0xcfb98637bcae43c13323eaa1731ced2b716962fd,0x8480c2ff617b762e4866025e161875f46dbdb5d0cc6cd0d20be9938931363fce
262,1500,5.25,0xf142f26d1cac4ba8a6e6d7974d243eda2fe5f4f9,2017-09-05T18:01:46.000Z,0.0035,0x6c2fdc7f8b5742b679b9c79c7e18d07b700d30a1,buy,0xcfb98637bcae43c13323eaa1731ced2b716962fd,0x6398cf768b86c4173af34ed8db913b2ba458c1169cda3f3c1d7f08305fdc783b
263,500,1.75,0xf142f26d1cac4ba8a6e6d7974d243eda2fe5f4f9,2017-09-05T17:49:15.000Z,0.0035,0x6c2fdc7f8b5742b679b9c79c7e18d07b700d30a1,buy,0xcfb98637bcae43c13323eaa1731ced2b716962fd,0x3b8b9b03c13ed373a1d569e7aac4ec3083accaaff4d519e2e23033a8d815860c
264,550,1.87,0xf142f26d1cac4ba8a6e6d7974d243eda2fe5f4f9,2017-09-05T14:20:21.000Z,0.0034,0xef58321032cf693fa7e39f31e45cbc32f2092cb3,buy,0xcfb98637bcae43c13323eaa1731ced2b716962fd,0xf0ea5b3ca3cf82ff117b2a04693e23fe7eca0c21733e4e9849d448c356b86e37
265,200,0.68,0x1b26c22c1493df1399d8efa113ef99bb27ab9eb7,2017-09-05T01:04:27.000Z,0.0034,0xef58321032cf693fa7e39f31e45cbc32f2092cb3,buy,0xcfb98637bcae43c13323eaa1731ced2b716962fd,0x57b03605b70c6bd774425e3bd98372384b04d73311f2bab83e6fd1da0b61585a
266,627.0296245853784,2.1319007235902867,0x2890c049a7c549a3a873d396771a6b4996dd8fb0,2017-09-04T22:20:40.000Z,0.0034,0x6fdd3c3dc6d8fd459f9575d99ce83dfbc57ea954,sell,0xcfb98637bcae43c13323eaa1731ced2b716962fd,0xdb9ebecb8dab3e3f9e5f44718f827d611808cc8f73275b689a4c4532f747d3fb
267,0.7646091446982088,0.002599671091973909,0xc4d99251699f0710ba404a6623c97e50d2e5b972,2017-09-04T22:20:40.000Z,0.0033999999999999985,0x6fdd3c3dc6d8fd459f9575d99ce83dfbc57ea954,sell,0xcfb98637bcae43c13323eaa1731ced2b716962fd,0xc43fae73281e21c5df2daf90ddd0b50b6cea1361c5ba42ceb0fdad5508a5e109
268,0.000096737654732491,0.00000032890802609,0xc4d99251699f0710ba404a6623c97e50d2e5b972,2017-09-04T22:15:49.000Z,0.003399999999995148,0x6fdd3c3dc6d8fd459f9575d99ce83dfbc57ea954,sell,0xcfb98637bcae43c13323eaa1731ced2b716962fd,0xe5c6e44c07570aa57c84fdc0f71217f647583e333c413594af7cc2fb13882702
269,0.9703754146216113,0.003299276409713478,0x2890c049a7c549a3a873d396771a6b4996dd8fb0,2017-09-04T22:15:18.000Z,0.0034,0x6fdd3c3dc6d8fd459f9575d99ce83dfbc57ea954,sell,0xcfb98637bcae43c13323eaa1731ced2b716962fd,0x289ba37d0ca5585bacacb3419205d693b1db50d0291a44a1f27127c9716df766
270,331,1.1254,0xc4d99251699f0710ba404a6623c97e50d2e5b972,2017-09-04T12:47:42.000Z,0.0034,0x0cc957904f74e8f25ade93767abed9086dc1b5e4,sell,0xcfb98637bcae43c13323eaa1731ced2b716962fd,0x765db67ea80d4f24dd61e2cad49285cf7dc9b588b49df726a29d0138ce4fa91c
271,14.3,0.04862,0x426d34c0a8a981f91c17c3cf0fb3d133898c345b,2017-09-04T05:57:50.000Z,0.0034,0x76984925bd97bd5b1b455bdce4435368a3d79f10,sell,0xcfb98637bcae43c13323eaa1731ced2b716962fd,0x219aa2d0c9b99de9f31f72363e20d092d1f0990533e167fa3975c62c898cd570
272,14.3,0.04862,0x426d34c0a8a981f91c17c3cf0fb3d133898c345b,2017-09-04T05:57:28.000Z,0.0034,0x76984925bd97bd5b1b455bdce4435368a3d79f10,sell,0xcfb98637bcae43c13323eaa1731ced2b716962fd,0x219aa2d0c9b99de9f31f72363e20d092d1f0990533e167fa3975c62c898cd570
273,50,0.185,0x641cf5dec78db66010db72471a3fafcc9c168557,2017-09-04T02:12:21.000Z,0.0037,0x856346b7f0402d14a07eb8e2b5c29d598b3e9f6b,buy,0xcfb98637bcae43c13323eaa1731ced2b716962fd,0x7705e10b965097efbfc1f9cdf5bfeecf4d0d3cb61d1ddb5e191f34fe4bfb9cc1
274,3.54461387425765,0.012051651726337266,0x02094d8da76c73bd949d39b2f1aad93c83595d63,2017-09-03T22:09:45.000Z,0.00339999,0xe8f7355a17fc67219fd6d15fc9ffd5662977957b,buy,0xcfb98637bcae43c13323eaa1731ced2b716962fd,0x41b8d3c61095dc5599d4dfe29ffb1c3f09eae44703c62021da7685969aaf564c
275,1184.9197696951514,4.028715367765818,0xde88424ce0c73cc2e5f7deca1468482c56c95e5c,2017-09-03T21:24:43.000Z,0.00339999,0xe8f7355a17fc67219fd6d15fc9ffd5662977957b,buy,0xcfb98637bcae43c13323eaa1731ced2b716962fd,0xb1361b6a20afdc031340bb57531930d7d6a93b65c3dbd0a533676ccd35ebd367
276,601.1353147865316,2.043854058921059,0xde88424ce0c73cc2e5f7deca1468482c56c95e5c,2017-09-03T20:56:28.000Z,0.00339999,0xe8f7355a17fc67219fd6d15fc9ffd5662977957b,buy,0xcfb98637bcae43c13323eaa1731ced2b716962fd,0xba3832487987ccf5d64a9dc4b9cb9afc945e6358810044086b7766df0d7aca03
277,558.8443016440593,1.9000650371467853,0xde88424ce0c73cc2e5f7deca1468482c56c95e5c,2017-09-03T20:47:03.000Z,0.00339999,0xe8f7355a17fc67219fd6d15fc9ffd5662977957b,buy,0xcfb98637bcae43c13323eaa1731ced2b716962fd,0xc962372065a95e1a0c7e70d00529bfccd41d763c7213a45897cdb16f4baf7475
278,4.412,0.01500075588,0xde88424ce0c73cc2e5f7deca1468482c56c95e5c,2017-09-03T20:40:16.000Z,0.00339999,0xe8f7355a17fc67219fd6d15fc9ffd5662977957b,buy,0xcfb98637bcae43c13323eaa1731ced2b716962fd,0x09fef794edf12b903cd06988d16c80b337d91f2506e31be20d6f9ded1cba7eeb
279,0.08,0.0002719992,0x0485fa945f0da22c4394826845c59050d184265a,2017-09-03T20:36:09.000Z,0.00339999,0xe8f7355a17fc67219fd6d15fc9ffd5662977957b,buy,0xcfb98637bcae43c13323eaa1731ced2b716962fd,0x36a7c670ef6d7a74e64187859d1fd7feec72caf0da3ef6fec4ebe7f727b0ca72
280,70,0.21,0xe89a2a7a15cbaae3c58a03d79485373e216226d6,2017-09-03T18:38:32.000Z,0.003,0x48b68b6c7cf4508410d548a3d4c09af7b991d18f,sell,0xcfb98637bcae43c13323eaa1731ced2b716962fd,0x34dbd9224717c32da0ce1db4ea70152d09ab15484aa20db0a66b0772bcf0b726
281,20,0.066,0x18375b564237328460cb789b587f19c124502019,2017-09-03T18:38:19.000Z,0.0033,0x48b68b6c7cf4508410d548a3d4c09af7b991d18f,sell,0xcfb98637bcae43c13323eaa1731ced2b716962fd,0x196e83f30147d0951d5a4b4e80bc4fb5111874147ceb653ceac8504dfe870d31
282,1647.064,5.60000112936,0x2608df4a0b61e8e21e0bb0f84bb339e65d26a767,2017-09-03T01:40:27.000Z,0.00339999,0xe8f7355a17fc67219fd6d15fc9ffd5662977957b,buy,0xcfb98637bcae43c13323eaa1731ced2b716962fd,0x4458abed155efa4d271a48f9f8878c3ce8457557ea8c442508df567e3fbb3eb4
283,170.51289454507315,0.5626925519987414,0x2608df4a0b61e8e21e0bb0f84bb339e65d26a767,2017-09-03T01:34:40.000Z,0.0033,0x4cbe59cbe4c31a46a8a8445813116a27164f17fe,buy,0xcfb98637bcae43c13323eaa1731ced2b716962fd,0x942b4b63bc520c0c8f9c1bb95b0e130f3af460cee14037635119112b348b9c82
284,47.65315401044641,0.15725540823447312,0xf09256747610221a510046e2c31f4ea9f0675fc7,2017-09-03T01:15:02.000Z,0.0033,0x4cbe59cbe4c31a46a8a8445813116a27164f17fe,buy,0xcfb98637bcae43c13323eaa1731ced2b716962fd,0xd02ee93f55e672198aa2f5d92f7adba8f85bdbc3c04c8f33df052ce769fb9f00
285,29.90778432338765,0.08972335297016294,0x779f7997ab5e572bf0c550b0c8530a26af7fe481,2017-09-02T23:09:35.000Z,0.003,0x708c0f5a287ec8f8207e741024da27740ecd7119,sell,0xcfb98637bcae43c13323eaa1731ced2b716962fd,0x5dacefcb21173eaad022d53375dc308c5e564edc01b2e9c17029c10a9ae4373d
286,4.9845479015053336,0.014953643704516,0x18375b564237328460cb789b587f19c124502019,2017-09-02T22:55:07.000Z,0.003,0x708c0f5a287ec8f8207e741024da27740ecd7119,sell,0xcfb98637bcae43c13323eaa1731ced2b716962fd,0xe6cd34f11a8770da94ec587bb54ecaf74df7d48bec492cac28b499269e3e9f29
287,100.93095144448044,0.33307213976678546,0x02094d8da76c73bd949d39b2f1aad93c83595d63,2017-09-02T18:08:07.000Z,0.0033,0x4cbe59cbe4c31a46a8a8445813116a27164f17fe,buy,0xcfb98637bcae43c13323eaa1731ced2b716962fd,0xd91f288ef0588132ac21e905e3c2c4045e69a737ff8f94bfa30c7ba0ae51073b
288,151.515,0.4999995,0x02094d8da76c73bd949d39b2f1aad93c83595d63,2017-09-02T14:27:52.000Z,0.0033,0x4cbe59cbe4c31a46a8a8445813116a27164f17fe,buy,0xcfb98637bcae43c13323eaa1731ced2b716962fd,0xa646661f74adc64dd55729280fb6517719c4432623c100a2930321063434a353
289,75.758,0.2500014,0x02094d8da76c73bd949d39b2f1aad93c83595d63,2017-09-02T12:15:14.000Z,0.0033,0x4cbe59cbe4c31a46a8a8445813116a27164f17fe,buy,0xcfb98637bcae43c13323eaa1731ced2b716962fd,0x0276472f5e2a8d3c74f7c19038fadc679f05d5a284a6656d696bce3effbcfa61
290,87.22958827634334,0.2486043265875785,0x2608df4a0b61e8e21e0bb0f84bb339e65d26a767,2017-09-02T09:52:36.000Z,0.00285,0x6508bab74680f3527506fa05befd56c74097d56d,sell,0xcfb98637bcae43c13323eaa1731ced2b716962fd,0x5c1b32b849733a87d616475eb042882d244906d8529bfa681d15fedc0cb8c46e
291,50.11608765680185,0.14033005704781087,0x98563de0c697d9b02deaa221f91daac242112e9f,2017-09-02T02:15:06.000Z,0.0028001,0x58fafd2cf4154a2e9136e7f2bc7e949b99056e96,sell,0xcfb98637bcae43c13323eaa1731ced2b716962fd,0x275111da5661f3c7676f40d3d4e66c9dad130abf3a9e593dbfb225e96336e866
292,2.2218868110289725,0.006221507481449036,0x5c248599c12a7ddf117ec3d2afd7798fcbfe3f90,2017-09-02T01:54:01.000Z,0.0028001009999999997,0x58fafd2cf4154a2e9136e7f2bc7e949b99056e96,sell,0xcfb98637bcae43c13323eaa1731ced2b716962fd,0x3b16f39cb712d346bfe17299821d8a61453a68e1b428bd3d2b71eb109cd2d780
293,4000,11.200404,0xe8f7355a17fc67219fd6d15fc9ffd5662977957b,2017-09-01T20:31:45.000Z,0.002800101,0x6c2fdc7f8b5742b679b9c79c7e18d07b700d30a1,sell,0xcfb98637bcae43c13323eaa1731ced2b716962fd,0x0a826b95c835cd7d7a965805fc8bfcf44bb101784a90eccbb539e89c4cfbd29a
294,307.1195100189413,0.863005823153225,0x5f52a88f55e6c1fbb965f77b4906397f25c997e4,2017-09-01T20:26:50.000Z,0.00281,0x6c2fdc7f8b5742b679b9c79c7e18d07b700d30a1,sell,0xcfb98637bcae43c13323eaa1731ced2b716962fd,0xca9ec5fc13e12cc942543dfb591fcb14ec608bfac0b97623ea6bb34deed5295c
295,52.880489981058716,0.148594176846775,0x5f52a88f55e6c1fbb965f77b4906397f25c997e4,2017-09-01T18:51:26.000Z,0.00281,0xedbd937a214aa6c0483ea7e28b174743fa68e967,sell,0xcfb98637bcae43c13323eaa1731ced2b716962fd,0xd2393eac1b9bbbfd3179d9f7e3c078c12fa13254641c0e9ab8cd34f14026dac4
296,200,0.564,0x8cbf421c5760b77dcc66366d87d6a47f7e8b65c2,2017-09-01T18:50:08.000Z,0.00282,0xedbd937a214aa6c0483ea7e28b174743fa68e967,sell,0xcfb98637bcae43c13323eaa1731ced2b716962fd,0xe63c69776c77b75b6a5568455a2fc5a56a401db9f6a8879c3b2b4b54f1794c5f
297,5.108,0.0163456,0x76984925bd97bd5b1b455bdce4435368a3d79f10,2017-09-01T18:48:15.000Z,0.0032,0xedbd937a214aa6c0483ea7e28b174743fa68e967,sell,0xcfb98637bcae43c13323eaa1731ced2b716962fd,0x45ff18b905abfcfa39e359d1360e63445087dbba27588a668f2cc6b9cd686ff6
298,197.77811318897102,0.553798692518551,0x5c248599c12a7ddf117ec3d2afd7798fcbfe3f90,2017-09-01T04:21:16.000Z,0.002800101,0x022d10fd3d7b8b88a3bcb139e3947c4738b2ea74,sell,0xcfb98637bcae43c13323eaa1731ced2b716962fd,0x98203eca1b06fcd03299391d0ee5f732b0bbab0fbe7271e203ac6386e3b437b0
299,50,0.145,0x76984925bd97bd5b1b455bdce4435368a3d79f10,2017-09-01T04:17:06.000Z,0.0029,0x022d10fd3d7b8b88a3bcb139e3947c4738b2ea74,sell,0xcfb98637bcae43c13323eaa1731ced2b716962fd,0x71dd10526ee99107169973bba83d5d4cf53d50feed031ceb6e09871683d6f521
300,50,0.145,0x76984925bd97bd5b1b455bdce4435368a3d79f10,2017-09-01T04:17:06.000Z,0.0029,0x022d10fd3d7b8b88a3bcb139e3947c4738b2ea74,sell,0xcfb98637bcae43c13323eaa1731ced2b716962fd,0x4cb0e84af9d343e41840053ea60fb598051a4745e28e90f728072559d57f0199
301,50,0.145,0x76984925bd97bd5b1b455bdce4435368a3d79f10,2017-09-01T04:17:06.000Z,0.0029,0x022d10fd3d7b8b88a3bcb139e3947c4738b2ea74,sell,0xcfb98637bcae43c13323eaa1731ced2b716962fd,0x3d5b065fd1155efdab1965766f6fecdaab09ee38e8b079f044c0505814989295
302,34.89183531053733,0.11165387299371947,0x76984925bd97bd5b1b455bdce4435368a3d79f10,2017-09-01T03:30:25.000Z,0.0032,0xa9d12fbe249ba24eb05bbd77740f234f3c7e1893,sell,0xcfb98637bcae43c13323eaa1731ced2b716962fd,0x97790a171b91cb6d4bb6ccc441bf439bcd90381974e32d8b7a33bb61061dcfb7
303,100,0.34,0x76984925bd97bd5b1b455bdce4435368a3d79f10,2017-09-01T02:14:54.000Z,0.0034,0x856346b7f0402d14a07eb8e2b5c29d598b3e9f6b,buy,0xcfb98637bcae43c13323eaa1731ced2b716962fd,0xc435b82820be74b413822e7950db1ad92fc056e498ee44a13031fd4ae9c3c14d
304,34.89183531053733,0.09769748778785764,0x76984925bd97bd5b1b455bdce4435368a3d79f10,2017-09-01T01:54:08.000Z,0.00280001,0x833164041aaff3cd6c7d80affbd923c1d1ceb4b3,sell,0xcfb98637bcae43c13323eaa1731ced2b716962fd,0x7f124241f35be04207f64919d5eac5559cb8ea8379f92cd1d4220d8ebb8d11a5
305,100,0.28001,0x76984925bd97bd5b1b455bdce4435368a3d79f10,2017-09-01T00:08:55.000Z,0.0028001,0x856346b7f0402d14a07eb8e2b5c29d598b3e9f6b,sell,0xcfb98637bcae43c13323eaa1731ced2b716962fd,0x23c0d952de1d9f23938c9c074ca4080f3744ca952a81f31d5dd852928647557b
306,100,0.3,0x76984925bd97bd5b1b455bdce4435368a3d79f10,2017-09-01T00:08:37.000Z,0.003,0x856346b7f0402d14a07eb8e2b5c29d598b3e9f6b,sell,0xcfb98637bcae43c13323eaa1731ced2b716962fd,0xaa34134a98439723c989af9f2fe248cea3b9cccabccfc040ac6af5508d0828cf
307,64.111,0.19617966,0x0cd86b7c00a840d8529818ab43449a51f50e7c4c,2017-08-31T23:51:59.000Z,0.00306,0x022d10fd3d7b8b88a3bcb139e3947c4738b2ea74,sell,0xcfb98637bcae43c13323eaa1731ced2b716962fd,0xac30f4c4642cb563d8e24eef3a170cd933153f7153669217afe8e3a580317ab1
308,785.7718587781461,2.404461887861127,0x9af723cdc53e63f40881631bd588df2833893246,2017-08-31T23:42:03.000Z,0.00306,0x022d10fd3d7b8b88a3bcb139e3947c4738b2ea74,sell,0xcfb98637bcae43c13323eaa1731ced2b716962fd,0x83995a08214c8954ac5708a52c7b3549e1354e7eebd53cd484c49dc4d82c4f66
309,363.9405457469535,1.2992673843760782,0xf545d3611c5d89e265e5ac9eb35a94a10b6be427,2017-08-31T09:47:00.000Z,0.003569999,0x66314b5250ee607d9569d31483871fefaa1c9f0d,buy,0xcfb98637bcae43c13323eaa1731ced2b716962fd,0x13ca0a45f58b4cdb49dce051cf8ca62de7e720bc738d82c1cbc3f9fd44ffc75f
310,204.464,0.729934026432,0xf545d3611c5d89e265e5ac9eb35a94a10b6be427,2017-08-31T09:41:52.000Z,0.003569988,0xb902ba6e3272e66c74035d7e30f4fa9279bd56f9,buy,0xcfb98637bcae43c13323eaa1731ced2b716962fd,0xc72ded2049bf8247f467c10f5914f41e4e84246ad7b98761308bf7a1c30acc22
311,643.0838349360428,1.967836534904291,0x9af723cdc53e63f40881631bd588df2833893246,2017-08-31T06:20:49.000Z,0.00306,0x6c0cfb211b1a71a44a07fdca5425e38f1584c80c,sell,0xcfb98637bcae43c13323eaa1731ced2b716962fd,0x67cb2aeac53ecdb0e5b79e227baa6bddbaaa5ec2d42393bd9cef25954b316366
312,34.769,0.1147377,0x76984925bd97bd5b1b455bdce4435368a3d79f10,2017-08-31T06:18:42.000Z,0.0033,0x6c0cfb211b1a71a44a07fdca5425e38f1584c80c,sell,0xcfb98637bcae43c13323eaa1731ced2b716962fd,0xed8f9bd69cb4a2f7fc8770987cbd19f1cf7b0b5b7ad22100cdde38809da52188
313,15.230784567839697,0.050261589073871,0x76984925bd97bd5b1b455bdce4435368a3d79f10,2017-08-31T00:15:19.000Z,0.0033,0x09c62ab86dd2a28211adc471d39b090d3d36a639,sell,0xcfb98637bcae43c13323eaa1731ced2b716962fd,0x7bc982ee6ab64f99f218367b487e3e03aee3d7dd6d625dffd2e09986bbebbd5b
314,35.888525453458946,0.10981888788758437,0x0cd86b7c00a840d8529818ab43449a51f50e7c4c,2017-08-30T21:18:44.000Z,0.00306,0x2f6ac0d8bdd28e85f3d94e1be72e9fa76552a318,sell,0xcfb98637bcae43c13323eaa1731ced2b716962fd,0xa076cf24656f09cf5d7e7f73f1e3b5aaea2001a5b25c3ea476c370897f593877
315,4.4055272823263625,0.01894376731400336,0xe8049485009991393a0378ad74b36bc8018a6d13,2017-08-30T15:08:02.000Z,0.0043,0xeeffbb5e5d23d675d3a9bed405e01113f389ec90,buy,0xcfb98637bcae43c13323eaa1731ced2b716962fd,0xdc0f89bc0354444f0cc3eee4ca89f6ea2236b39845e2266f287aedd9fb069168
316,44.05064869787853,0.18941778940087767,0xf545d3611c5d89e265e5ac9eb35a94a10b6be427,2017-08-30T15:08:02.000Z,0.0043,0xeeffbb5e5d23d675d3a9bed405e01113f389ec90,buy,0xcfb98637bcae43c13323eaa1731ced2b716962fd,0x318a32ca4a1b49833891b0ee805b44175654a72636cf60ec9098a57407a163af
317,204.46418604218488,0.4498234583988532,0xb902ba6e3272e66c74035d7e30f4fa9279bd56f9,2017-08-30T14:19:39.000Z,0.002200011,0x4ea69fc5db4f140ce0f1eb390f721489a477a450,sell,0xcfb98637bcae43c13323eaa1731ced2b716962fd,0x4210f5d881ee5b7f7c09c0eb906f4844a1b13a585f32ac5032946ece8784c54f
318,142.72380357037324,0.4567192360021129,0x3f3b88222f674620aee48c7d61fbb14f1d0e037f,2017-08-30T14:12:00.000Z,0.003200021472079933,0x4ea69fc5db4f140ce0f1eb390f721489a477a450,sell,0xcfb98637bcae43c13323eaa1731ced2b716962fd,0x6be46cfdfb0da6448fac738390a8445141af9d78f0ea06b98d706530fad6e407
319,0.05,0.000215,0x98f0deb428b74fb5302d250af5d55e77c8519f2a,2017-08-30T13:46:52.000Z,0.0043,0xeeffbb5e5d23d675d3a9bed405e01113f389ec90,buy,0xcfb98637bcae43c13323eaa1731ced2b716962fd,0x493f1b69d6e44615c48648439954690a6a5858daf169dfda3a9a94c86fafd5e0
320,403,1.289608653248213,0x3f3b88222f674620aee48c7d61fbb14f1d0e037f,2017-08-30T07:36:05.000Z,0.003200021472079933,0xbc716ed08068f00ebd1f009ed0111879b4533443,sell,0xcfb98637bcae43c13323eaa1731ced2b716962fd,0x77f33a2d8509448b21ba46d94a2684973023fdc408495e9ac76e36b85aca3fd1
321,20,0.0842,0x76984925bd97bd5b1b455bdce4435368a3d79f10,2017-08-30T05:51:28.000Z,0.00421,0x6c0cfb211b1a71a44a07fdca5425e38f1584c80c,sell,0xcfb98637bcae43c13323eaa1731ced2b716962fd,0xf7e75f0f91388f3d99c07d15d51746dcf9658556322641bb0d236c0682eec390
322,49.845479015053336,0.19938191606021333,0xbdf6e91249c335ddf3f656c465326a69c13e1eb0,2017-08-29T08:01:11.000Z,0.004,0xbc360671093dfb7b55e8c8b9ef3cfd7f070c988a,sell,0xcfb98637bcae43c13323eaa1731ced2b716962fd,0xefd93d9f3801f5b9d0bb015fa3c9d2ca4eef499b8144fc30c0e0100cbdf71d47
323,275.27255408234475,1.1561447271458478,0xac15eb3bd60fde4085008d822174176352ad4364,2017-08-29T06:22:29.000Z,0.0042,0x28bf6556bb1a56f03e7b7023b88916c0b0ef936a,sell,0xcfb98637bcae43c13323eaa1731ced2b716962fd,0x8e12e77647429b13b8451cdfb5335784d8b589b90f74412b6d8f9a7542896362
324,95.95254710397766,0.4030006978367062,0xac15eb3bd60fde4085008d822174176352ad4364,2017-08-29T05:17:24.000Z,0.0042,0x89f4cf009cf756301132b8782933384739f33979,sell,0xcfb98637bcae43c13323eaa1731ced2b716962fd,0x8349142200a451174ff7bc67906d7b9ece0466e39a3a89da0a0d9b1af7b9b643
325,45.41052836207756,0.19072421912072576,0xac15eb3bd60fde4085008d822174176352ad4364,2017-08-29T05:01:30.000Z,0.0042,0x796a0537fc1fffd3c06a6e83df7cee8f00e5a032,sell,0xcfb98637bcae43c13323eaa1731ced2b716962fd,0x338600ff2cd2d983aa449ced2afc261fb4fc703f2601c9690c1cebdf308e5d64
326,107.01824344531951,0.4494766224703419,0xac15eb3bd60fde4085008d822174176352ad4364,2017-08-28T22:41:48.000Z,0.0042,0x6c0cfb211b1a71a44a07fdca5425e38f1584c80c,sell,0xcfb98637bcae43c13323eaa1731ced2b716962fd,0xf084901838b85f66d106fae95ea68640b23e15221763996f559c316771ac030a
327,50,0.210005,0xee78116c044ec6b0d255bf4744b41a47969c74de,2017-08-28T22:39:13.000Z,0.0042001,0x6c0cfb211b1a71a44a07fdca5425e38f1584c80c,sell,0xcfb98637bcae43c13323eaa1731ced2b716962fd,0xb7e43c3350f8fe0692081ad4852d501caf14448371ee984980cb30ec2a1b5c1d
328,138.34612700628054,0.5810537334263782,0xac15eb3bd60fde4085008d822174176352ad4364,2017-08-28T21:31:42.000Z,0.0042,0xbe46aa2fc9c0df903c61944d7eca5689d9d9ec3d,sell,0xcfb98637bcae43c13323eaa1731ced2b716962fd,0xf3c6683754d7c2437ca93a7c200416a9cf27790de41c971b8a1f61d328631543
329,560.5216891379512,2.3822171788362927,0xac15eb3bd60fde4085008d822174176352ad4364,2017-08-28T16:35:02.000Z,0.00425,0x9d0211cfa332f07640baba82528e402c0bfa0509,sell,0xcfb98637bcae43c13323eaa1731ced2b716962fd,0x814b0fe6b355b9fedf187aadfe9da4e8f643da1d7f01cb7abfed025ff063aa7e
330,36.421,0.1566103,0xac15eb3bd60fde4085008d822174176352ad4364,2017-08-28T16:29:58.000Z,0.0043,0x9d0211cfa332f07640baba82528e402c0bfa0509,sell,0xcfb98637bcae43c13323eaa1731ced2b716962fd,0xc0c6386fd71e68a55ede8326023da27dba1c5d25218a5105f5bdd1c60afac66f
331,628.8904396371249,2.672784368457781,0xac15eb3bd60fde4085008d822174176352ad4364,2017-08-28T15:10:48.000Z,0.00425,0xd407a5800a9229a27a67fe5c83b9f605ea0c11b0,sell,0xcfb98637bcae43c13323eaa1731ced2b716962fd,0x40348a7d242dae7c88a77a2824a3b6767cb9866a71c18ef7b69a3f3e7361a77d
332,25,0.1075,0x76984925bd97bd5b1b455bdce4435368a3d79f10,2017-08-28T14:32:53.000Z,0.0043,0xeeffbb5e5d23d675d3a9bed405e01113f389ec90,buy,0xcfb98637bcae43c13323eaa1731ced2b716962fd,0x3cecbf8df4ad237d389f76f3416cfe999561817fc34155e57744db51baf5e182
333,19.78,0.083076,0x76984925bd97bd5b1b455bdce4435368a3d79f10,2017-08-28T14:24:06.000Z,0.0042,0xa75738aaeaaf57ab160e2ec6051abf528ac0b1e8,buy,0xcfb98637bcae43c13323eaa1731ced2b716962fd,0x337b3684eb7cf532b34c72314050647cb9ccfd0bebb6fb67bb8af25787bc86ea
334,101.93525362783681,0.4383215905996983,0xac15eb3bd60fde4085008d822174176352ad4364,2017-08-28T12:42:24.000Z,0.0043,0x9af723cdc53e63f40881631bd588df2833893246,sell,0xcfb98637bcae43c13323eaa1731ced2b716962fd,0x5eb5872afc29d3013ee909b1d39e1cb6b23487f79749da0b26a8f0534b40c820
335,185,0.7955,0x73902264b02909c1378780b7726b06d7d6f88bfc,2017-08-28T12:37:00.000Z,0.0043,0x9af723cdc53e63f40881631bd588df2833893246,sell,0xcfb98637bcae43c13323eaa1731ced2b716962fd,0x3af0128af13740ae3f3fafb8eba35f75568ffc9cc9248537a1cf239c478db434
336,62.5291408310829,0.26887530557365646,0xac15eb3bd60fde4085008d822174176352ad4364,2017-08-28T12:34:11.000Z,0.0043,0x9af723cdc53e63f40881631bd588df2833893246,sell,0xcfb98637bcae43c13323eaa1731ced2b716962fd,0x9f93ae7fc6fd7137dfb6fb4788e136a4b979d14bf9863f4001da371d77217815
337,135.88665138071977,0.587030198078058,0xa10cefa3d041e48d2889f34c0341560929b43e39,2017-08-28T12:31:36.000Z,0.004319999,0x9af723cdc53e63f40881631bd588df2833893246,sell,0xcfb98637bcae43c13323eaa1731ced2b716962fd,0xae27fc24a0cecce48d4b98835e240eff30c08569166578daabe989af9f97d697
338,172.9250252118433,0.7435776084109261,0xac15eb3bd60fde4085008d822174176352ad4364,2017-08-28T11:55:59.000Z,0.0043,0x9af723cdc53e63f40881631bd588df2833893246,sell,0xcfb98637bcae43c13323eaa1731ced2b716962fd,0x0173bb6775ddce2bf88a14e6621ad78cc53980f895a5cd2ffc6c5530bc153334
339,310.569,1.34165808,0x8cbf421c5760b77dcc66366d87d6a47f7e8b65c2,2017-08-28T11:55:13.000Z,0.00432,0x9af723cdc53e63f40881631bd588df2833893246,sell,0xcfb98637bcae43c13323eaa1731ced2b716962fd,0x56cd552e6039e21605102246ab90010fd4a7241b9831bcf84ff21451f08c8ed7
340,29.5,0.147205,0x86906d37183928617144924568fbd0e61eea4c39,2017-08-28T11:39:25.000Z,0.00499,0x7cf89da0487cc9bc303d0a85b46e8bb3220f201d,buy,0xcfb98637bcae43c13323eaa1731ced2b716962fd,0x7cf2c91b2033e1ca0db9bdb4ba7c1d08842a4e00bd40c8c11083eeb515cc6f76
341,45.77441258751178,0.22841431881168378,0x86906d37183928617144924568fbd0e61eea4c39,2017-08-28T11:26:12.000Z,0.00499,0x7cf89da0487cc9bc303d0a85b46e8bb3220f201d,buy,0xcfb98637bcae43c13323eaa1731ced2b716962fd,0xe505be25870cbf6238d0ea586942b0afa302a33cf2e6611e960185251b5e8dc5
342,14.722,0.0706656,0x86906d37183928617144924568fbd0e61eea4c39,2017-08-28T11:21:50.000Z,0.0048,0x50c2bf0fe6d4824a44e43e02d76e2b32ea62daa1,buy,0xcfb98637bcae43c13323eaa1731ced2b716962fd,0x424194da0f7c762442719f064c2450980e79076a7c1200b8d86e50d2996857e5
343,25.80500448609311,0.12902502243046557,0x202fb7b351848ff3def235aac24418d70ac4adea,2017-08-28T02:36:39.000Z,0.005,0x6a17d47dffe06a6767f47e29f0cc74af06d3ac3f,sell,0xcfb98637bcae43c13323eaa1731ced2b716962fd,0x79d3d5d51a29d5398b5e1e61ee851f2ea735512c3ced45c7f1f21500dafcf966
344,115,0.49795,0xcad2ca5913d990b0518bc3a1e0af292d872ddfb9,2017-08-28T02:31:36.000Z,0.00433,0x6a17d47dffe06a6767f47e29f0cc74af06d3ac3f,sell,0xcfb98637bcae43c13323eaa1731ced2b716962fd,0xf9a2349024baebd5249fda83884ed88c2fafc4a2c0376770a352f2137f984d6f
345,36.00179443724454,0.17892891835310537,0x76984925bd97bd5b1b455bdce4435368a3d79f10,2017-08-27T22:08:57.000Z,0.00497,0xf60b7a42f39161c8852731d2c75039c8ad439c20,buy,0xcfb98637bcae43c13323eaa1731ced2b716962fd,0x0b1bffeb6ec229a3590282a125fbd815d33a5536ae758a2037a469016e5b553c
346,3.998205562755458,0.019871081646894627,0xd98e1ad2643eb13b6659c31c9ef7da045f819ed7,2017-08-27T21:49:40.000Z,0.00497,0xf60b7a42f39161c8852731d2c75039c8ad439c20,buy,0xcfb98637bcae43c13323eaa1731ced2b716962fd,0xd1f7c6db656b9e3214bcdfd34bee6a12099826e82852db57ccc2813853693ab7
347,189.4308977738406,0.8183414783829913,0x8cbf421c5760b77dcc66366d87d6a47f7e8b65c2,2017-08-27T21:29:16.000Z,0.00432,0xcad39b891f6d290302762f61e03827e7a1c328f4,sell,0xcfb98637bcae43c13323eaa1731ced2b716962fd,0x6f0ebfc2f597dafed4bda3632fa260f395b1e00e7646dcd5d4abfec464283653
348,863.1133486192803,3.728648802921942,0xa10cefa3d041e48d2889f34c0341560929b43e39,2017-08-27T20:56:29.000Z,0.004319999,0x14d73a30fa1c51bf633edeca233766d5970449fb,sell,0xcfb98637bcae43c13323eaa1731ced2b716962fd,0x309e33753fe09613d4d8e9b0031a0c2509c6936fd4e1df5f8a8e3d99fa935159
349,25,0.114975,0x76984925bd97bd5b1b455bdce4435368a3d79f10,2017-08-27T20:40:05.000Z,0.004599,0xf60b7a42f39161c8852731d2c75039c8ad439c20,buy,0xcfb98637bcae43c13323eaa1731ced2b716962fd,0xaf729b11c5f716369395d0f8f7a8560503ef6a0aa92389a6a9d3440e82b146a2
350,3.211,0.0147706,0xbfe1b1b036686e7f1ccfe35edf94ce0b0df78ba6,2017-08-27T18:00:18.000Z,0.0046,0x14d73a30fa1c51bf633edeca233766d5970449fb,buy,0xcfb98637bcae43c13323eaa1731ced2b716962fd,0x487ff7edf968e6e37223ece138474507eae9ea869e841beb56ebcf0ee02e2383
351,74.7707698058216,0.3215143101650329,0xac15eb3bd60fde4085008d822174176352ad4364,2017-08-26T23:25:08.000Z,0.0043,0xf142f26d1cac4ba8a6e6d7974d243eda2fe5f4f9,sell,0xcfb98637bcae43c13323eaa1731ced2b716962fd,0x41137aff852412468d26b720f4088856c607fa576027c359dbbbfa167777652a
352,701.4184506875844,3.016099337956613,0xac15eb3bd60fde4085008d822174176352ad4364,2017-08-26T23:14:09.000Z,0.0043,0x8cd3bec93d81f900f4faef7f40259d392b616a7e,sell,0xcfb98637bcae43c13323eaa1731ced2b716962fd,0x10418bcd44801cef32384999c636e4e589073784faf96d205560cf0127c62319
353,476.19,1.999998,0x186281efdbe3754d9048951decde929ad92bec3f,2017-08-26T17:32:38.000Z,0.0042,0x9d0211cfa332f07640baba82528e402c0bfa0509,sell,0xcfb98637bcae43c13323eaa1731ced2b716962fd,0x3384b40b8645677d7574f5f6c15492a0e4fa10c3754db1fd661b5778bb868c16
354,100,0.421,0xee78116c044ec6b0d255bf4744b41a47969c74de,2017-08-26T17:29:01.000Z,0.00421,0x9d0211cfa332f07640baba82528e402c0bfa0509,sell,0xcfb98637bcae43c13323eaa1731ced2b716962fd,0xc2657545a98743de9477f1ee156d7737aa676c17e259d5c929754b22f07ecd32
355,1255.408,5.2727136,0xe8f7355a17fc67219fd6d15fc9ffd5662977957b,2017-08-26T14:16:09.000Z,0.0042,0x9d0211cfa332f07640baba82528e402c0bfa0509,sell,0xcfb98637bcae43c13323eaa1731ced2b716962fd,0x4f4b36a50e18bc122bee1a99dc944c25657d9f527cff435623322dc20e4fa3cf
356,365,1.576799635,0xa10cefa3d041e48d2889f34c0341560929b43e39,2017-08-26T12:48:49.000Z,0.004319999,0x9d0211cfa332f07640baba82528e402c0bfa0509,sell,0xcfb98637bcae43c13323eaa1731ced2b716962fd,0xad57249220a30f8dd1be89a74915c88e81ef1227f454cd628402b252606172a9
357,365,1.576799635,0xa10cefa3d041e48d2889f34c0341560929b43e39,2017-08-26T12:48:25.000Z,0.004319999,0x9d0211cfa332f07640baba82528e402c0bfa0509,sell,0xcfb98637bcae43c13323eaa1731ced2b716962fd,0x8e8a51b7ef7ea4bac9c568b47978354f5992f5f0a7b923b485eab3a92061fc24
358,2,0.00864,0xf60b7a42f39161c8852731d2c75039c8ad439c20,2017-08-26T12:47:55.000Z,0.00432,0x9d0211cfa332f07640baba82528e402c0bfa0509,sell,0xcfb98637bcae43c13323eaa1731ced2b716962fd,0x87e941dd2697e77d74a9d2f4f800f08ba36e9d5035d28a5da5d7366fd5ea6285
359,25.591922196549984,0.13051880320240491,0xaf56d5c88e60e8f0fc6a5b105f32fa7c443a0f97,2017-08-25T21:12:00.000Z,0.0051,0xf142f26d1cac4ba8a6e6d7974d243eda2fe5f4f9,sell,0xcfb98637bcae43c13323eaa1731ced2b716962fd,0xa21b45734c88e27a4377d5ae9907aafaddfed8178dad3214a184ec1e7b2d7c84
360,200,0.9798,0x24352592d9e31f72503cc80558e32e28fae21677,2017-08-25T16:25:28.000Z,0.004899,0x0401343c50ff963a7b02b20b31fa9b0b159354d4,buy,0xcfb98637bcae43c13323eaa1731ced2b716962fd,0x5f969855a2b2765b086a861e5a066d198a610b0f0fe70930a168a69192bb7df6
361,1744.5917655268668,7.32728541521284,0xe8f7355a17fc67219fd6d15fc9ffd5662977957b,2017-08-25T14:08:52.000Z,0.0042,0xf11b5e7286de6097ed52eb4972d7cba5d5a76899,sell,0xcfb98637bcae43c13323eaa1731ced2b716962fd,0xd58f670f7a6c19caa2e553bb8b0f7214d4f184425f631fa425a2f324b5987614
362,1,0.00519995,0xbb325a2ee38566c7a03010b2c4929fd99861bf36,2017-08-25T11:53:18.000Z,0.00519995,0x3a467db815a1f81191b3ab2c7f9b767f5d8985e0,buy,0xcfb98637bcae43c13323eaa1731ced2b716962fd,0x020d372311972a8ce00e920b7c8b8d1b80508a2f111d243eb6286de1208b2bc8
363,1,0.00519994,0x4717c48e3f3d63d01ee7452fcea47cb522c56a99,2017-08-25T05:24:06.000Z,0.00519994,0xf60b7a42f39161c8852731d2c75039c8ad439c20,buy,0xcfb98637bcae43c13323eaa1731ced2b716962fd,0x2ca2e622d0296749f3968f2a353696dba73843d62758b634f9691d42d0e62b11
364,33.441328029626774,0.10701296774967418,0x3f3b88222f674620aee48c7d61fbb14f1d0e037f,2017-08-25T05:04:43.000Z,0.003200021472079933,0x35493f07f3437d0ef9a1cfb69343fdbf731183e0,sell,0xcfb98637bcae43c13323eaa1731ced2b716962fd,0x4bc71b643fdd46b58f993750eaec8d5fb910a51885186df4248f3413e28e217b
365,65,0.247,0x5c248599c12a7ddf117ec3d2afd7798fcbfe3f90,2017-08-25T05:02:17.000Z,0.0038,0x35493f07f3437d0ef9a1cfb69343fdbf731183e0,sell,0xcfb98637bcae43c13323eaa1731ced2b716962fd,0x1cc9ee7bbf651e0c5143448dadfdca1c554eab7dba0efe9afdfcab1680f10d8f
366,200,0.76,0x5c248599c12a7ddf117ec3d2afd7798fcbfe3f90,2017-08-25T04:59:37.000Z,0.0038,0x35493f07f3437d0ef9a1cfb69343fdbf731183e0,sell,0xcfb98637bcae43c13323eaa1731ced2b716962fd,0x9ffb86f63b05301e0f8833300411dc893053610043bfe7b0e691d9256b5f25c0
367,20,0.076,0x1e0f787a674af33e8f2739cd83c66fd1e106f8ff,2017-08-25T04:59:01.000Z,0.0038,0x35493f07f3437d0ef9a1cfb69343fdbf731183e0,sell,0xcfb98637bcae43c13323eaa1731ced2b716962fd,0xcba7fa0a34141080a17a7f783911452786617f5773c4bd1ddea1274f772a66b3
368,27,0.10422,0xf60b7a42f39161c8852731d2c75039c8ad439c20,2017-08-25T04:58:08.000Z,0.00386,0x35493f07f3437d0ef9a1cfb69343fdbf731183e0,sell,0xcfb98637bcae43c13323eaa1731ced2b716962fd,0xcb25cbbf02bb6d5fe723d5ca5f9ca58d8e2960857280cce84b2f91d377c0509c
369,33.41874761064943,0.13367499044259773,0x5f52a88f55e6c1fbb965f77b4906397f25c997e4,2017-08-25T04:58:08.000Z,0.004,0x35493f07f3437d0ef9a1cfb69343fdbf731183e0,sell,0xcfb98637bcae43c13323eaa1731ced2b716962fd,0x43e2dc0f33b7daf384084aa0a2602324fe3e7b95794348430e4c2e4712ce7c20
370,4.61335287783626,0.018453411511345035,0x5f52a88f55e6c1fbb965f77b4906397f25c997e4,2017-08-25T02:54:02.000Z,0.004,0xb06d4375364f149941b691633ccfd55a14df21ee,sell,0xcfb98637bcae43c13323eaa1731ced2b716962fd,0xeebdab7870f5a0254da49d216a1d78aebfd9e36eefe4d974a4884ba013d7ad32
371,461.9678995115143,1.8478715980460572,0x5f52a88f55e6c1fbb965f77b4906397f25c997e4,2017-08-25T02:01:53.000Z,0.004,0xb3bff15f91f4f5e09c87c9688e0c0d3c456b81fa,sell,0xcfb98637bcae43c13323eaa1731ced2b716962fd,0x6bae5d4e258882b3b5795c8732febbf30b32cdc24681c9232ae996e02544fb4d
372,5,0.026,0x6d3d0dfa885186833d6cf04f7890aab7d3b43cd1,2017-08-24T20:25:04.000Z,0.0052,0x14d73a30fa1c51bf633edeca233766d5970449fb,buy,0xcfb98637bcae43c13323eaa1731ced2b716962fd,0xacc1833477e762c41beb742f1b7eb86d565396669c418eecce2fe1248f58a400
373,999,6.7932,0xa10cefa3d041e48d2889f34c0341560929b43e39,2017-08-24T17:15:07.000Z,0.0068,0xe8f7355a17fc67219fd6d15fc9ffd5662977957b,buy,0xcfb98637bcae43c13323eaa1731ced2b716962fd,0x98e35120361b941016a4639f9ab63e5d1f8d357c683f308df820b2b76166bf99
374,49.845479015053336,0.19993021632937893,0x07d6933a090531158a63e07e8defde2e638315f7,2017-08-24T09:46:18.000Z,0.004011,0x597416667d811e703cccb87fa3d1b7fec88bbb43,sell,0xcfb98637bcae43c13323eaa1731ced2b716962fd,0x4315feca2037936be146504032de39adb919b78874ab905295f7dc45000aaa4d
375,204.82703618781775,0.821561242149337,0x07d6933a090531158a63e07e8defde2e638315f7,2017-08-24T08:49:53.000Z,0.004011,0x0de40728663b8e2a9b116a95c1a1ab0166979461,sell,0xcfb98637bcae43c13323eaa1731ced2b716962fd,0x2531fbd6d15b908882792714cc95b4cad09a22db1a0875a0d59f754965b77bff
376,1.3102696858867708,0.005255491710091837,0x07d6933a090531158a63e07e8defde2e638315f7,2017-08-24T08:18:45.000Z,0.004011,0xfc10f4017b3c1b1d24fdfa03a920cb5e4adca9ba,sell,0xcfb98637bcae43c13323eaa1731ced2b716962fd,0x4caa37db3de784d23d4d9f115fc5214cf15f15997e49c7445299d64aee337fa2
377,70.85382344731333,0.2848323702581996,0x0cd86b7c00a840d8529818ab43449a51f50e7c4c,2017-08-24T08:16:10.000Z,0.00402,0xfc10f4017b3c1b1d24fdfa03a920cb5e4adca9ba,sell,0xcfb98637bcae43c13323eaa1731ced2b716962fd,0x1dd6270b4c067542b15c69a4d733b1b229ddb43f634348ff9db9c58d04cf8010
378,7.833,0.0352485,0x096d8f66cb4ca75795a339a37d064d72d06191f7,2017-08-24T07:15:22.000Z,0.0045,0x796a0537fc1fffd3c06a6e83df7cee8f00e5a032,sell,0xcfb98637bcae43c13323eaa1731ced2b716962fd,0x2e2b499303171ca783bcb4ade9a4a1fe9faea07d18f1500099183ccb264f828a
379,70,0.315,0x08eb9d25d588fa585f009f0bc45669a1b4e9acf8,2017-08-24T07:09:31.000Z,0.0045,0x796a0537fc1fffd3c06a6e83df7cee8f00e5a032,sell,0xcfb98637bcae43c13323eaa1731ced2b716962fd,0x685f2fdcf5259b3aca98f2fefb911131d87a0add84be4c1369edaea77aefa52f
380,39.4,0.179664,0x8fa8c6fbc4ed73000ff95fe473e7558c3eef4b53,2017-08-24T07:09:17.000Z,0.00456,0x796a0537fc1fffd3c06a6e83df7cee8f00e5a032,sell,0xcfb98637bcae43c13323eaa1731ced2b716962fd,0x2bafce5590f56599d24d024799a88232a41ffa90a551cc038473aa4590624acd
