,amount,amountBase,buyer,date,price,seller,side,tokenAddr,txHash
0,14,0.0005,0x4fda9e6bcd83af6c5cc771b5d20accc2b7720074,2017-11-02T13:31:54.000Z,0.00003571428571428571,0xb1dc1e7675ded0f5185f2e005287ca8d6cb03906,buy,0x814964b1bceaf24e26296d031eadf134a2ca4105,0x3de45269be69339b2836cb0a9fa5daa4adaa09d688791e6d48efba96cd7aae12
1,14,0.0005,0x3075f7f189912f4f425dd7021b9c396434197477,2017-11-02T12:58:14.000Z,0.00003571428571428571,0xb1dc1e7675ded0f5185f2e005287ca8d6cb03906,buy,0x814964b1bceaf24e26296d031eadf134a2ca4105,0x02c355864b3ab698edbe91c91214558307c6206ab8ab8f7a8736fd1043e2c36e
2,11637,0.4247505,0x13e2c5f84bce6ff7b9068313b21729dc8fd55d5a,2017-11-01T17:52:56.000Z,0.0000365,0x13e2c5f84bce6ff7b9068313b21729dc8fd55d5a,buy,0x814964b1bceaf24e26296d031eadf134a2ca4105,0x0b35bc4bcd0eb46335a26ce8acce65d89f11c5a8a9e7ddc3a95b1d6d37367054
3,697,0.018819,0x13e2c5f84bce6ff7b9068313b21729dc8fd55d5a,2017-11-01T13:45:20.000Z,0.000027,0x565d5b7cb0a551777228d8b16b36f81a708191a6,sell,0x814964b1bceaf24e26296d031eadf134a2ca4105,0x0b07106837c5bb0e0ca1911b6e08d31154f4b8b5c9df4dee33e3bd90028ba86e
4,2499,0.067473,0x13e2c5f84bce6ff7b9068313b21729dc8fd55d5a,2017-10-31T20:52:42.000Z,0.000027,0x0cee9942a8dc4aa6f594d680f6b9654f02ab62d1,sell,0x814964b1bceaf24e26296d031eadf134a2ca4105,0x94979588825d8cc4fcf514c38beb6f45731da8c5bbc905e436a72ccc6330027e
5,700,0.0189021,0xafb7144110020e048d3272efc7213e6543772bb5,2017-10-31T20:50:24.000Z,0.000027003,0x0cee9942a8dc4aa6f594d680f6b9654f02ab62d1,sell,0x814964b1bceaf24e26296d031eadf134a2ca4105,0x90d8c37987a97e744b94d861264ad658134fefa29d13e6dbdee84caa6da62731
6,30,0.00108,0x0b773d7819259d78757b26dc4148812d35676d8f,2017-10-31T13:46:50.000Z,0.000036,0xb1dc1e7675ded0f5185f2e005287ca8d6cb03906,buy,0x814964b1bceaf24e26296d031eadf134a2ca4105,0xf689cef5a4abd16229cbf826f8dbcdeebef4cc5bef182b4764b03148ee260dbd
7,0,0,0xf36990a2cb4d609e0a7d4f3bf884c0342d81fd3d,2017-10-31T08:06:09.000Z,NaN,0xe444a40689f51f63bcd29910622035707d533d29,sell,0x814964b1bceaf24e26296d031eadf134a2ca4105,0xaf303c604d5faebd59ce591634eb12f86052d589a459161ccc5ab860bcd58e90
8,947,0.025569,0x13e2c5f84bce6ff7b9068313b21729dc8fd55d5a,2017-10-31T07:27:04.000Z,0.000027,0x67d6033631c85789d81da5c316e03c31bd4a682d,sell,0x814964b1bceaf24e26296d031eadf134a2ca4105,0x86e6b3c32eb769087eaa4cb95e7ab445a5e73ced1497611d3aadc592709e6974
9,0,0,0xf36990a2cb4d609e0a7d4f3bf884c0342d81fd3d,2017-10-31T05:07:56.000Z,NaN,0xe444a40689f51f63bcd29910622035707d533d29,sell,0x814964b1bceaf24e26296d031eadf134a2ca4105,0x1318214a5b078b9540f0ab6ad3f608a4f64269f94a0748b899f774c99c3228ac
10,510,0.01377,0x13e2c5f84bce6ff7b9068313b21729dc8fd55d5a,2017-10-31T04:33:52.000Z,0.000027,0x96e1e7ba823796772bbda5c2abe81c8556b5e937,sell,0x814964b1bceaf24e26296d031eadf134a2ca4105,0x122b9d6932b50d748d7848aae071cf41f7df8baa1400472dbcc4182bf3287478
11,12230,0.446395,0x13e2c5f84bce6ff7b9068313b21729dc8fd55d5a,2017-10-30T15:36:56.000Z,0.0000365,0x13e2c5f84bce6ff7b9068313b21729dc8fd55d5a,buy,0x814964b1bceaf24e26296d031eadf134a2ca4105,0x501408bab678c3f803e844083106c6e8752b8df87a9638014cbb80b49e000824
12,350,0.00945,0x13e2c5f84bce6ff7b9068313b21729dc8fd55d5a,2017-10-30T07:30:35.000Z,0.000027,0xc51a422300dcb1d0b5ed539230e27dc082e7fe99,sell,0x814964b1bceaf24e26296d031eadf134a2ca4105,0xe9617ca09df6906a985c822c09bbe1a8b78c75846760271e4baa07d7bc0b50b7
13,0,0,0xf36990a2cb4d609e0a7d4f3bf884c0342d81fd3d,2017-10-30T02:49:34.000Z,NaN,0x16e5d97bbc92417e051e3b2cabfbf8ceea2acb9c,sell,0x814964b1bceaf24e26296d031eadf134a2ca4105,0xf6ab26a37272a9d3b2858629b16c072fdb3487007dea52f1b3e5ace3f41767ec
14,0,0,0x13e2c5f84bce6ff7b9068313b21729dc8fd55d5a,2017-10-30T02:48:23.000Z,NaN,0x379374d13077e8867ef31803c37baf9785a17c00,sell,0x814964b1bceaf24e26296d031eadf134a2ca4105,0x391fe64cf9b62a7aee3d755cdd7548ae67e956b3d1336f060c4a5d7e1ff7787c
15,1226,0.033103226,0x1a98b91d4bf41cb018af83349fb9b0409c4cad72,2017-10-29T19:36:20.000Z,0.000027001,0x7947c781725b5a8896ac21de852b02a9f6258858,sell,0x814964b1bceaf24e26296d031eadf134a2ca4105,0x98a54ea9c5e350742cc3faea8ef52033781972b87e60cc81cb15ac19df910b0d
16,17500,0.63875,0x13e2c5f84bce6ff7b9068313b21729dc8fd55d5a,2017-10-29T18:28:24.000Z,0.0000365,0x13e2c5f84bce6ff7b9068313b21729dc8fd55d5a,buy,0x814964b1bceaf24e26296d031eadf134a2ca4105,0xb690fdce00b271ae2e3f166115723b81d3fd77e9d798eb42bf932d6aac2a9a7a
17,13,0.0005,0xe444a40689f51f63bcd29910622035707d533d29,2017-10-28T20:49:29.000Z,0.00003846153846153846,0x2691481e28b6ff11569ad4e378fa8f27358ba82a,buy,0x814964b1bceaf24e26296d031eadf134a2ca4105,0xaae9eccd8dc1a054a90ac9bf1b8295f46b6fddf8a655840aa8b7dd64e61efb15
18,13,0.0005,0x34f9560c63078eb61872a4dc2ccd20e21c34feaf,2017-10-28T20:49:29.000Z,0.00003846153846153846,0x2691481e28b6ff11569ad4e378fa8f27358ba82a,buy,0x814964b1bceaf24e26296d031eadf134a2ca4105,0xaff07abd72fc4249cd02d78f5d4c0d62365fde1e6dbd8e84fab9c26ab0f9d51c
19,697,0.018122,0x13e2c5f84bce6ff7b9068313b21729dc8fd55d5a,2017-10-27T07:57:31.000Z,0.000026,0xae7280b880cbd753e579c766b0a23702f640a5ab,sell,0x814964b1bceaf24e26296d031eadf134a2ca4105,0x10a2a2b35c09c5e344695fb11d1bb5765432e771271afb62397d409de82823e8
20,53,0.00193344,0x432678e46e2c80e7bbec479dd1ff45baf1d0a115,2017-10-27T06:46:03.000Z,0.00003648,0x2691481e28b6ff11569ad4e378fa8f27358ba82a,sell,0x814964b1bceaf24e26296d031eadf134a2ca4105,0xb9e42b34f229071c58f9a42c17d838455c472a71c8af441e0e61923638cde76d
21,947,0.03454656,0x432678e46e2c80e7bbec479dd1ff45baf1d0a115,2017-10-27T01:27:18.000Z,0.00003648,0x196a1d3da3953a6623d943351f7e318b50870db2,sell,0x814964b1bceaf24e26296d031eadf134a2ca4105,0x8c0307d1fbd7b1fb06ad34b8dd65824f93320f1d8848a358d8cb7e8e4cd3d023
22,10,0.0003648,0xe1fa699860444be91d366c21de8fef56e3dec77a,2017-10-26T22:15:51.000Z,0.00003648,0x7947c781725b5a8896ac21de852b02a9f6258858,buy,0x814964b1bceaf24e26296d031eadf134a2ca4105,0x08652fef5f44e7036ab860f7c544175ed7ea4297d29c131bd9e5053885a1bb4f
23,70000,2.555,0xe5a4e8bcf5e36deffc52fc42b5ae949012fc40ec,2017-10-26T12:36:37.000Z,0.0000365,0x13e2c5f84bce6ff7b9068313b21729dc8fd55d5a,buy,0x814964b1bceaf24e26296d031eadf134a2ca4105,0x3e2aab0fb5a44d1ab66d9941bcd205d375572e5c20b0854fa931f9b8d42faf99
24,11150,0.3120885,0xad6311e899ca6b6e8f3a475a34a570a8706790b4,2017-10-26T04:39:33.000Z,0.00002799,0xf4765c2c0908c9062de10d51d587d935682884a6,buy,0x814964b1bceaf24e26296d031eadf134a2ca4105,0xf4fb4284a8131df0c54b8035d0673c4639c4f23d0319473b31f5c380cf355589
25,10000,0.2799,0xb5e6e84dafecd7f99c96e89beb34bebf3812e606,2017-10-25T16:30:15.000Z,0.00002799,0xf4765c2c0908c9062de10d51d587d935682884a6,buy,0x814964b1bceaf24e26296d031eadf134a2ca4105,0xd244ae4be789e33bd68b879d29a9cbd5b23819bd24a41111ac4be2508b29161f
26,4530,0.1263417,0xad6311e899ca6b6e8f3a475a34a570a8706790b4,2017-10-25T10:41:34.000Z,0.00002789,0x13e2c5f84bce6ff7b9068313b21729dc8fd55d5a,buy,0x814964b1bceaf24e26296d031eadf134a2ca4105,0xf74f6c8588499b5441eb0580c0db250e4b5e68faee9b61fea059a547ec600714
27,1,0.00002789,0x6cdea8e07bf82d7a07dbf36642d6e5be8623845c,2017-10-25T09:31:58.000Z,0.00002789,0x13e2c5f84bce6ff7b9068313b21729dc8fd55d5a,buy,0x814964b1bceaf24e26296d031eadf134a2ca4105,0x49abf9a13a31a720268487e99d92ee16f32148e7465e08d64bd08898da0dfd84
28,1,0.00002789,0xe1fa699860444be91d366c21de8fef56e3dec77a,2017-10-25T02:22:15.000Z,0.00002789,0x13e2c5f84bce6ff7b9068313b21729dc8fd55d5a,buy,0x814964b1bceaf24e26296d031eadf134a2ca4105,0x7e92ae586d724e7b8fdcf2396b862ff24770cb51d1c3f2a4b31a482e7fa14187
29,350,0.00945,0xad6311e899ca6b6e8f3a475a34a570a8706790b4,2017-10-23T20:49:39.000Z,0.000027,0x05711e000a291e32512c1db11975e49b6ca6ac14,buy,0x814964b1bceaf24e26296d031eadf134a2ca4105,0x8ec7d96e9945de02033b6cc700be7d45a4ed8e3371c85ef8d95f11433ed3ba2f
30,100,0.0026,0xad6311e899ca6b6e8f3a475a34a570a8706790b4,2017-10-23T20:47:43.000Z,0.000026,0xf1527fd87461f89831ba9fc0d04e28c7dcbcb686,buy,0x814964b1bceaf24e26296d031eadf134a2ca4105,0xb8949bdd09e3de0276713b0de0c8940ef9e9d5f95b0b6ecf53cb7cd69c4099a3
31,692,0.016954,0x13e2c5f84bce6ff7b9068313b21729dc8fd55d5a,2017-10-23T08:34:15.000Z,0.0000245,0xc51a422300dcb1d0b5ed539230e27dc082e7fe99,sell,0x814964b1bceaf24e26296d031eadf134a2ca4105,0xcafe2ee0a9766d8f3cf4934f2578eb3f52f1954e48962cc6a4eee33a76d01412
32,1120,0.02744,0x13e2c5f84bce6ff7b9068313b21729dc8fd55d5a,2017-10-22T20:59:11.000Z,0.0000245,0xe2603cae5a714ccac6ec758bb0d4bbb1822deec0,sell,0x814964b1bceaf24e26296d031eadf134a2ca4105,0xf07309433ee72004357efce2c9b743631c8fcbd26a4dd68e2fe5536b5a5434b0
33,2188,0.053606,0x13e2c5f84bce6ff7b9068313b21729dc8fd55d5a,2017-10-22T18:58:49.000Z,0.0000245,0x2691481e28b6ff11569ad4e378fa8f27358ba82a,sell,0x814964b1bceaf24e26296d031eadf134a2ca4105,0x9ccc6195d76d3bf75ab7d765f22fe87d3d4811248818d420f23d2130c951571f
34,3000,0.08367,0x13e2c5f84bce6ff7b9068313b21729dc8fd55d5a,2017-10-22T17:49:05.000Z,0.00002789,0x13e2c5f84bce6ff7b9068313b21729dc8fd55d5a,buy,0x814964b1bceaf24e26296d031eadf134a2ca4105,0xd805b9e1016ed47229ce60bd2d37da50d7afcf46a2f0d82e5ac3beb6ff10edd5
35,5500,0.1375,0x13e2c5f84bce6ff7b9068313b21729dc8fd55d5a,2017-10-20T16:30:24.000Z,0.000025,0x2691481e28b6ff11569ad4e378fa8f27358ba82a,sell,0x814964b1bceaf24e26296d031eadf134a2ca4105,0xdc0ef1397a1e64d8a982ef779b4930eae314d0fea599476d2a6af85ed8cc925a
36,4500,0.1125,0x13e2c5f84bce6ff7b9068313b21729dc8fd55d5a,2017-10-20T16:16:17.000Z,0.000025,0x2691481e28b6ff11569ad4e378fa8f27358ba82a,sell,0x814964b1bceaf24e26296d031eadf134a2ca4105,0x640b39b0e041454e77a430a8e12f32d1318320c4f2b2f7ab50dcdca48d295283
37,12468,0.34773252,0x13e2c5f84bce6ff7b9068313b21729dc8fd55d5a,2017-10-20T15:58:01.000Z,0.00002789,0x13e2c5f84bce6ff7b9068313b21729dc8fd55d5a,buy,0x814964b1bceaf24e26296d031eadf134a2ca4105,0x63b7e6f0d4e4f6e78db7fa8cd864dba318f643fea8d4b9d091b5e8212edf8aa3
38,6391,0.1783220967,0x13e2c5f84bce6ff7b9068313b21729dc8fd55d5a,2017-10-20T15:55:34.000Z,0.00002790206488812392,0x13e2c5f84bce6ff7b9068313b21729dc8fd55d5a,buy,0x814964b1bceaf24e26296d031eadf134a2ca4105,0x857f499c60d56650ae09adcda56beb0c7f7ed3060f18ee4478e92ce247e5bfb3
39,17,0.0005,0x42c24a83bded723edfdf5883bc7efb30bc1a1bf3,2017-10-18T21:23:11.000Z,0.00002941176470588235,0x2691481e28b6ff11569ad4e378fa8f27358ba82a,buy,0x814964b1bceaf24e26296d031eadf134a2ca4105,0xc3d9fd80441de0d038a1a3f5cd4f98539339ff22e7ac57682f3f9c859401d4e8
40,17,0.0005,0x379374d13077e8867ef31803c37baf9785a17c00,2017-10-18T20:45:19.000Z,0.00002941176470588235,0x2691481e28b6ff11569ad4e378fa8f27358ba82a,buy,0x814964b1bceaf24e26296d031eadf134a2ca4105,0xe296146c53451538327a0364707d43c1b34716a306e04563dcd33106dd15dd93
41,1,0.0000279,0x3ac636ac5c3a2576156ac5f10066ca68abe0ad54,2017-10-18T19:26:27.000Z,0.0000279,0x13e2c5f84bce6ff7b9068313b21729dc8fd55d5a,buy,0x814964b1bceaf24e26296d031eadf134a2ca4105,0x8127b2208eb59e32887661ef4bd07ad4cb83b862f087fb8698cc01fe58af65d2
42,17,0.0005,0x42c24a83bded723edfdf5883bc7efb30bc1a1bf3,2017-10-18T19:20:37.000Z,0.00002941176470588235,0x2691481e28b6ff11569ad4e378fa8f27358ba82a,buy,0x814964b1bceaf24e26296d031eadf134a2ca4105,0x8af226755ee2d04a628361d005af59ffae7ba9d331634efc9b0803a97c7b6749
43,17,0.0005,0x379374d13077e8867ef31803c37baf9785a17c00,2017-10-18T19:12:29.000Z,0.00002941176470588235,0x2691481e28b6ff11569ad4e378fa8f27358ba82a,buy,0x814964b1bceaf24e26296d031eadf134a2ca4105,0x0983f9dfa958f1771975a7ab1df0dd47dcb518a7037deaa2ebc9c4849f5ae5bf
44,17,0.0005,0x379374d13077e8867ef31803c37baf9785a17c00,2017-10-18T17:46:31.000Z,0.00002941176470588235,0x2691481e28b6ff11569ad4e378fa8f27358ba82a,buy,0x814964b1bceaf24e26296d031eadf134a2ca4105,0x61ccde6ac07ecfc310c3e7b5793da2a26a5a674e317d4f0e9d527a227d28efbe
45,17,0.0005,0x42c24a83bded723edfdf5883bc7efb30bc1a1bf3,2017-10-18T17:40:47.000Z,0.00002941176470588235,0x2691481e28b6ff11569ad4e378fa8f27358ba82a,buy,0x814964b1bceaf24e26296d031eadf134a2ca4105,0xae4dd08e1ff4b02ab2ac62a1c7a4ddbcdb041c26d761f0eb3413175cb7e3bb0a
46,17,0.0005,0xf9695cd65d6dfdf257fab76a3eb0cb8f001971cc,2017-10-18T17:39:14.000Z,0.00002941176470588235,0x2691481e28b6ff11569ad4e378fa8f27358ba82a,buy,0x814964b1bceaf24e26296d031eadf134a2ca4105,0xbcd5f8cb53b9423024b19d048ed5934bd8f4b00d95af46a4c46d8ae27fcefdb6
47,17,0.0005,0xcd912af5286dc0b0a23edb30209734ecb60838b3,2017-10-18T17:20:21.000Z,0.00002941176470588235,0x2691481e28b6ff11569ad4e378fa8f27358ba82a,buy,0x814964b1bceaf24e26296d031eadf134a2ca4105,0x40b0c43caacf517c28f4b792bead421481fb990bd263701b2095b5dc91b18eaf
48,17,0.0005,0xf9695cd65d6dfdf257fab76a3eb0cb8f001971cc,2017-10-18T16:08:09.000Z,0.00002941176470588235,0x2691481e28b6ff11569ad4e378fa8f27358ba82a,buy,0x814964b1bceaf24e26296d031eadf134a2ca4105,0xfa820110c99d43dc7cb768da03fc0b9df9df502dd25ede9424cd578d9f3c7d1d
49,17,0.0005,0x379374d13077e8867ef31803c37baf9785a17c00,2017-10-18T16:07:07.000Z,0.00002941176470588235,0x2691481e28b6ff11569ad4e378fa8f27358ba82a,buy,0x814964b1bceaf24e26296d031eadf134a2ca4105,0x05b81f86b46b2e8296fd7afed2c781922d7df9bf0e8bc179e754947060231109
50,17,0.0005,0x42c24a83bded723edfdf5883bc7efb30bc1a1bf3,2017-10-18T16:05:52.000Z,0.00002941176470588235,0x2691481e28b6ff11569ad4e378fa8f27358ba82a,buy,0x814964b1bceaf24e26296d031eadf134a2ca4105,0xbfcc9bdabdfb6f39642dbe61db78d9794a7a401c3043e674090c84f4e5c7b5fa
51,17,0.0005,0x16e5d97bbc92417e051e3b2cabfbf8ceea2acb9c,2017-10-18T15:52:54.000Z,0.00002941176470588235,0x2691481e28b6ff11569ad4e378fa8f27358ba82a,buy,0x814964b1bceaf24e26296d031eadf134a2ca4105,0xf82a9605ed1032b42cde909ef4fbe7f6b593a7daaf8ee7ecc09d2932f36c002d
52,17,0.0005,0x379374d13077e8867ef31803c37baf9785a17c00,2017-10-18T15:19:58.000Z,0.00002941176470588235,0x2691481e28b6ff11569ad4e378fa8f27358ba82a,buy,0x814964b1bceaf24e26296d031eadf134a2ca4105,0x02212a80944f69cb3747cf78b89dbf85f4b5bba99fba3c35659b8ff980b62bf5
53,17,0.0005,0xf9695cd65d6dfdf257fab76a3eb0cb8f001971cc,2017-10-18T15:19:58.000Z,0.00002941176470588235,0x2691481e28b6ff11569ad4e378fa8f27358ba82a,buy,0x814964b1bceaf24e26296d031eadf134a2ca4105,0xe9e4341c11f1898f423abaacac250a96f72944c90422dd451f128007d480204a
54,17,0.0005,0x42c24a83bded723edfdf5883bc7efb30bc1a1bf3,2017-10-18T15:18:47.000Z,0.00002941176470588235,0x2691481e28b6ff11569ad4e378fa8f27358ba82a,buy,0x814964b1bceaf24e26296d031eadf134a2ca4105,0x8156b4e524e31f82f416cb0319414d53daa05ba6d995d95b1c71d64a795f1c40
55,17,0.0005,0xcd912af5286dc0b0a23edb30209734ecb60838b3,2017-10-18T15:13:37.000Z,0.00002941176470588235,0x2691481e28b6ff11569ad4e378fa8f27358ba82a,buy,0x814964b1bceaf24e26296d031eadf134a2ca4105,0x34fc302a8e9867e2bce1c6b6e1b17f888da15e490c705f111e479f98750d708d
56,17,0.0005,0x42c24a83bded723edfdf5883bc7efb30bc1a1bf3,2017-10-18T13:26:14.000Z,0.00002941176470588235,0x2691481e28b6ff11569ad4e378fa8f27358ba82a,buy,0x814964b1bceaf24e26296d031eadf134a2ca4105,0xc341bd7257d481e5d7fb130519ebf5e3b4ca882dc9d34d8486e0bacf59495ae1
57,3500,0.09765,0x2691481e28b6ff11569ad4e378fa8f27358ba82a,2017-10-18T10:20:38.000Z,0.0000279,0x13e2c5f84bce6ff7b9068313b21729dc8fd55d5a,buy,0x814964b1bceaf24e26296d031eadf134a2ca4105,0xd95d66138b986491dd1eb895c15a07840537c45988734e03327b3f70dc53d520
58,17,0.0005,0xcd912af5286dc0b0a23edb30209734ecb60838b3,2017-10-18T03:22:53.000Z,0.00002941176470588235,0x13e2c5f84bce6ff7b9068313b21729dc8fd55d5a,buy,0x814964b1bceaf24e26296d031eadf134a2ca4105,0x69af711bc758a040809933751d02072f7257b33f4dfadb98ed2eda285cb425f0
59,17,0.0005,0xcd912af5286dc0b0a23edb30209734ecb60838b3,2017-10-17T22:27:54.000Z,0.00002941176470588235,0x13e2c5f84bce6ff7b9068313b21729dc8fd55d5a,buy,0x814964b1bceaf24e26296d031eadf134a2ca4105,0xd2235d68dd6a15ba4603fc3aecc735ca589f2a6ace7961468bd23e3e524c1d4a
60,17,0.0005,0x42c24a83bded723edfdf5883bc7efb30bc1a1bf3,2017-10-17T20:08:15.000Z,0.00002941176470588235,0x13e2c5f84bce6ff7b9068313b21729dc8fd55d5a,buy,0x814964b1bceaf24e26296d031eadf134a2ca4105,0xc9b6aa8cb0f1b1199f2ec7533f6657c2b7abaec682ed7ff129d9e9a83c23a35a
61,17,0.0005,0x16e5d97bbc92417e051e3b2cabfbf8ceea2acb9c,2017-10-17T18:03:04.000Z,0.00002941176470588235,0x13e2c5f84bce6ff7b9068313b21729dc8fd55d5a,buy,0x814964b1bceaf24e26296d031eadf134a2ca4105,0xee385e7e5d878f9343282d0cef27c03529d61a68e8b4e4452e91bfb937fec84a
62,17,0.0005,0x42c24a83bded723edfdf5883bc7efb30bc1a1bf3,2017-10-17T16:00:01.000Z,0.00002941176470588235,0x13e2c5f84bce6ff7b9068313b21729dc8fd55d5a,buy,0x814964b1bceaf24e26296d031eadf134a2ca4105,0xb6271323d5c3dbc733ea8f81ab05613503dde89ab7c5ff2b85c854fd3bed8b5a
63,17,0.0005,0xcd912af5286dc0b0a23edb30209734ecb60838b3,2017-10-17T05:42:54.000Z,0.00002941176470588235,0x13e2c5f84bce6ff7b9068313b21729dc8fd55d5a,buy,0x814964b1bceaf24e26296d031eadf134a2ca4105,0xfdfad88522e7f971b07f5a94431ebc527650be76b92e52025f00685c37e8c33e
64,2637,0.068562,0x13e2c5f84bce6ff7b9068313b21729dc8fd55d5a,2017-10-13T09:47:06.000Z,0.000026,0x2691481e28b6ff11569ad4e378fa8f27358ba82a,sell,0x814964b1bceaf24e26296d031eadf134a2ca4105,0xa8f84953396eb1526ca996fee401df592e89fb46b9495cee7422ac92ca32dcd2
65,299,0.007774,0x13e2c5f84bce6ff7b9068313b21729dc8fd55d5a,2017-10-12T12:38:05.000Z,0.000026,0x3b985dcb066a8e69eb25c2e1ade62579266f6717,sell,0x814964b1bceaf24e26296d031eadf134a2ca4105,0xefe1ea08d332d365731c33d6f0331ce25aaea4b67c9815e7f0fdb499091850fc
66,64,0.001664,0x13e2c5f84bce6ff7b9068313b21729dc8fd55d5a,2017-10-12T08:32:20.000Z,0.000026,0x5d2786315085d2be1afd2488945128d17187f32d,sell,0x814964b1bceaf24e26296d031eadf134a2ca4105,0xf5eef6e81ef8cc0efe1438db2b320fe867cbcbc44e6125790668139df0ce42d6
67,634,0.01664884,0x5d5065b42bdee0274e394ba9042c21e1818c69cf,2017-10-12T08:23:19.000Z,0.00002626,0x5d2786315085d2be1afd2488945128d17187f32d,sell,0x814964b1bceaf24e26296d031eadf134a2ca4105,0xa3f1ac83e9aebef372e565d0604d3ec3c9ff972f012774e6122862ade44bc4bd
68,400,0.0104,0xad6311e899ca6b6e8f3a475a34a570a8706790b4,2017-10-09T15:17:01.000Z,0.000026,0x39cac9765fe2e4be47eb2e0e28002711362a60d4,buy,0x814964b1bceaf24e26296d031eadf134a2ca4105,0x5f8e32753493f83a5b49e66a845cccd1a7ecdf1f9b0087d2ede1fe85814741ba
69,350,0.0090965,0xad6311e899ca6b6e8f3a475a34a570a8706790b4,2017-10-09T15:04:31.000Z,0.00002599,0x6492346bf7f21fa5873bead8333a42b51e02f7d6,buy,0x814964b1bceaf24e26296d031eadf134a2ca4105,0xd41ebbcf89a14de01e0c41a43c54fb38138ab4f3195a35c8917e72d8f55f5c9c
70,10000,0.279,0x068a903c384626bafe48bc93857e95be2d39dd13,2017-10-08T10:13:38.000Z,0.0000279,0x13e2c5f84bce6ff7b9068313b21729dc8fd55d5a,buy,0x814964b1bceaf24e26296d031eadf134a2ca4105,0xe858aa766a567deab32517253d784735436baf653850e229ebfabb513519ada9
71,1000,0.02799,0x20ee98b307e9a3dd11451dc17df21b2466daa605,2017-10-06T02:53:06.000Z,0.00002799,0xf4765c2c0908c9062de10d51d587d935682884a6,buy,0x814964b1bceaf24e26296d031eadf134a2ca4105,0xb04f3020cf3bab484196c8b0d479d53adc636ac17b7b6cfd1030714863adff90
72,1045,0.02717,0x20ee98b307e9a3dd11451dc17df21b2466daa605,2017-10-06T02:51:16.000Z,0.000026,0xe1e1d0d73eeb29d0632bc4c7871bfc74dbed0741,buy,0x814964b1bceaf24e26296d031eadf134a2ca4105,0xc812a42cd5591729b4867ea81a884a1a698ec266c723783c1e7afce3aca4c55b
73,697,0.0087822,0xe1e1d0d73eeb29d0632bc4c7871bfc74dbed0741,2017-10-04T11:30:47.000Z,0.0000126,0x4b933b6d58b3a7d28ba61c779664329709a212af,sell,0x814964b1bceaf24e26296d031eadf134a2ca4105,0x3fcab4ab1c1ab511fec3dcba089f6e4d7098c9aefb2f64b1d9ea1f001490c852
74,348,0.0043848,0xe1e1d0d73eeb29d0632bc4c7871bfc74dbed0741,2017-10-04T11:18:13.000Z,0.0000126,0x86106e420fd2ab33748f0add547748f4a37ad453,sell,0x814964b1bceaf24e26296d031eadf134a2ca4105,0x7cd483cf7a45d449a2d91c09d719ccf5a4bf900b90838ae229112c35aba75c36
75,10000,0.2825,0x13e2c5f84bce6ff7b9068313b21729dc8fd55d5a,2017-10-04T10:23:35.000Z,0.00002825,0xf4765c2c0908c9062de10d51d587d935682884a6,sell,0x814964b1bceaf24e26296d031eadf134a2ca4105,0x52340ac97297c97ab528667a515b5c27cc39384e20e4102b0c11d04194aa0d25
76,3763,0.10668105,0x13e2c5f84bce6ff7b9068313b21729dc8fd55d5a,2017-10-04T10:23:13.000Z,0.00002835,0xf4765c2c0908c9062de10d51d587d935682884a6,sell,0x814964b1bceaf24e26296d031eadf134a2ca4105,0x2ba119e6b797fdc1bfa625e6ee6e7ed56d51e119218267a5a176c0b73838bf3b
77,1046,0.0296541,0x13e2c5f84bce6ff7b9068313b21729dc8fd55d5a,2017-10-04T02:56:40.000Z,0.00002835,0x0dc6e0bb14b58b88cd3005ace0c59fe5957c9535,sell,0x814964b1bceaf24e26296d031eadf134a2ca4105,0xae6e1153f64108d2cf3d05e965e5032681f9fbd672ac6a781684c9a9e8a65f8b
78,998,0.0282933,0x13e2c5f84bce6ff7b9068313b21729dc8fd55d5a,2017-10-03T17:55:18.000Z,0.00002835,0xc6fc6835ce16679c89567c0b33604d1e9a71bf99,sell,0x814964b1bceaf24e26296d031eadf134a2ca4105,0x454f0d579cb7a5290139757f376e710cd77e59ff1cab1c2e7978ad5b9e4211da
79,996,0.0282366,0x13e2c5f84bce6ff7b9068313b21729dc8fd55d5a,2017-10-03T10:41:24.000Z,0.00002835,0xc6fc6835ce16679c89567c0b33604d1e9a71bf99,sell,0x814964b1bceaf24e26296d031eadf134a2ca4105,0x7b4912a64aaff149036700eaf14ba4d9e9e8bc79d1a8bb736c043f52b932041d
80,1124,0.03189312558354469,0xe2603cae5a714ccac6ec758bb0d4bbb1822deec0,2017-10-03T00:21:52.000Z,0.00002837466688927463,0x789c9f02de174d9215277f23a64bf31ddc398ea7,buy,0x814964b1bceaf24e26296d031eadf134a2ca4105,0xf5dd70bf73825bb7e63bcdef9bb55afe3d748f3ae7190f7543bd920fca1306ae
81,13,0.0005,0x350f6f675b20d606bb7f6c412ef4775c9bc57168,2017-10-02T21:34:12.000Z,0.00003846153846153846,0x2691481e28b6ff11569ad4e378fa8f27358ba82a,buy,0x814964b1bceaf24e26296d031eadf134a2ca4105,0x7eaaf561e531cfdd1aceadf8fe11b63c178944d072fc6cc44b3abb5e85a496f9
82,13,0.0005,0x3bfdec5343e950ce45522eef9948c977631b4000,2017-10-02T21:32:18.000Z,0.00003846153846153846,0x2691481e28b6ff11569ad4e378fa8f27358ba82a,buy,0x814964b1bceaf24e26296d031eadf134a2ca4105,0x239a5dbfcb478c0e0dd9d888353027abc089c59a010a891e72cef54277e0106a
83,697,0.01975995,0x13e2c5f84bce6ff7b9068313b21729dc8fd55d5a,2017-10-02T15:34:25.000Z,0.00002835,0x40de6250458e6c9b41e7609dbb39172816dba22b,sell,0x814964b1bceaf24e26296d031eadf134a2ca4105,0x2d5c4c59b39a4fe968317bc0c1d011a60ad4eace14e3f12e4ed790a8753937c8
84,88,0.002508,0x13e2c5f84bce6ff7b9068313b21729dc8fd55d5a,2017-10-02T07:11:28.000Z,0.0000285,0x377062e6dfdf83ba35d7f6813aa7c65c31e16e02,sell,0x814964b1bceaf24e26296d031eadf134a2ca4105,0xfdb8a2302b78bd7eb852ac06c8e572a36c97a822842f89d00903c6cf7afa0239
85,2,0.000065332967722883,0x20ee98b307e9a3dd11451dc17df21b2466daa605,2017-09-30T16:56:48.000Z,0.0000326664838614415,0x789c9f02de174d9215277f23a64bf31ddc398ea7,buy,0x814964b1bceaf24e26296d031eadf134a2ca4105,0x485e8bc9107969820e041c66f11ae51c36635a36e388fe1a39d9b3bf60240a86
86,176,0.005016,0x13e2c5f84bce6ff7b9068313b21729dc8fd55d5a,2017-09-29T12:11:22.000Z,0.0000285,0x6d008ff3111a579c78bd82a084cddea109d6f5e0,sell,0x814964b1bceaf24e26296d031eadf134a2ca4105,0x6aba30c7d1440eb69ab874269e1ff411e489661e902c13b7df61a878b76230b1
87,150,0.004275,0x78b0e4933f5b7d90102367e28efcde256998411e,2017-09-29T08:10:30.000Z,0.0000285,0x789c9f02de174d9215277f23a64bf31ddc398ea7,buy,0x814964b1bceaf24e26296d031eadf134a2ca4105,0x14c5262096298348cb7d8b6b4aafef4bcca5720f21fabd52458361b658cecad7
88,10000,0.3805,0x13e2c5f84bce6ff7b9068313b21729dc8fd55d5a,2017-09-28T20:29:46.000Z,0.00003805,0x13e2c5f84bce6ff7b9068313b21729dc8fd55d5a,buy,0x814964b1bceaf24e26296d031eadf134a2ca4105,0x8a5c324135b248dbaf1747a23a52ee934671f738f0d5fcaf9a296203a316ceef
89,697,0.0198645,0x13e2c5f84bce6ff7b9068313b21729dc8fd55d5a,2017-09-28T19:44:07.000Z,0.0000285,0x3b04eece9b08db9b159a8206fee8ca7ed3e4fb79,sell,0x814964b1bceaf24e26296d031eadf134a2ca4105,0x196009ec53ef38ffdb9e930d41f5854a13e1766ab9756d05d852c635ec579196
90,697,0.0198645,0x13e2c5f84bce6ff7b9068313b21729dc8fd55d5a,2017-09-28T19:10:14.000Z,0.0000285,0x83b4d63cc570fa23c927c72aa32be389fc0f730e,sell,0x814964b1bceaf24e26296d031eadf134a2ca4105,0xc659bb58816c889b74523a67c260b1b2149ee82d4006925015b68865c1fb531d
91,349,0.0099465,0x13e2c5f84bce6ff7b9068313b21729dc8fd55d5a,2017-09-28T02:34:54.000Z,0.0000285,0x01c68de2a7a84bf0a58797c53aa91f08cf2a6cbf,sell,0x814964b1bceaf24e26296d031eadf134a2ca4105,0x571aafb045b3d39152c694d23038ef49ad5a6a07c3a9cf5265b4c205321a2427
92,10512,0.4000000162,0x13e2c5f84bce6ff7b9068313b21729dc8fd55d5a,2017-09-27T18:00:38.000Z,0.00003805175192161339,0x13e2c5f84bce6ff7b9068313b21729dc8fd55d5a,buy,0x814964b1bceaf24e26296d031eadf134a2ca4105,0x484114701a0aba8658a9ae7148a0c8213bdfb04478e6ede4f17858230d3a5c57
93,13,0.0005,0xc886b21b865e7c90432d9b8bdb14ad254f2232f5,2017-09-25T22:05:35.000Z,0.00003846153846153846,0x4d4f1d5ab3847a73283190382b7b8cb9ee672048,buy,0x814964b1bceaf24e26296d031eadf134a2ca4105,0x5f0ae7e0d2071e8e147f60c6906014d1c538097879ed9f6a78d917d270f17db6
94,13,0.0005,0x23ee598e50ff1b1bde1022bf3c8a41d4c23321a0,2017-09-25T18:45:42.000Z,0.00003846153846153846,0x19032f3f478d94585a3ef787e6c8b5734e3e6e50,buy,0x814964b1bceaf24e26296d031eadf134a2ca4105,0x8b7799088499cc74adec7ba8b93bdf14aa6d4efd6d82c5af953d711609009d28
95,13,0.0005,0xe37bd4d49c619e748d4efe74525489d26b6aff43,2017-09-25T17:51:08.000Z,0.00003846153846153846,0x4d4f1d5ab3847a73283190382b7b8cb9ee672048,buy,0x814964b1bceaf24e26296d031eadf134a2ca4105,0xb90ea0eee827d9f23d5b57f519e04f5f628c6e4b78f9a6a319ea969e0d85cee3
96,13,0.0005,0xe5a759eb3e214ff0a2bbbea31acc41c9bf27b239,2017-09-25T17:01:36.000Z,0.00003846153846153846,0x4d4f1d5ab3847a73283190382b7b8cb9ee672048,buy,0x814964b1bceaf24e26296d031eadf134a2ca4105,0x5fa9e27f9178dfba0d53b49c0a89f038d46180aa824058cd7491e37eed03381c
97,13,0.0005,0x23ee598e50ff1b1bde1022bf3c8a41d4c23321a0,2017-09-25T16:16:23.000Z,0.00003846153846153846,0x4d4f1d5ab3847a73283190382b7b8cb9ee672048,buy,0x814964b1bceaf24e26296d031eadf134a2ca4105,0x77fe2f1cd45ddd358d8f7d1e785f1add48452c62029c32f1ffa5209eb9e375ba
98,13,0.0005,0x160506e5a5ce5dadd43623689f53d5aa1f288f0f,2017-09-25T15:47:45.000Z,0.00003846153846153846,0x4d4f1d5ab3847a73283190382b7b8cb9ee672048,buy,0x814964b1bceaf24e26296d031eadf134a2ca4105,0x82aafc5bbb76d87c509126a3fb25df127437e999c6fe8d3de531d486e890b4c8
99,13,0.0005,0x452b06f1c61cff4c9bebaa405319a7c3b12553a2,2017-09-25T11:04:46.000Z,0.00003846153846153846,0x4d4f1d5ab3847a73283190382b7b8cb9ee672048,buy,0x814964b1bceaf24e26296d031eadf134a2ca4105,0x796cda81ab911fde216369183e11483c7e766f8d33267314b39ef4c1b87bfb69
100,13,0.0005,0xe5a759eb3e214ff0a2bbbea31acc41c9bf27b239,2017-09-25T10:48:19.000Z,0.00003846153846153846,0x4d4f1d5ab3847a73283190382b7b8cb9ee672048,buy,0x814964b1bceaf24e26296d031eadf134a2ca4105,0xa18f6b2194478dad48c1059b0e75e2c55e6c92b21e02ee7cabda691dba573c56
101,13,0.0005,0x03dd03643b71b06642179afb38211c0f45699bc5,2017-09-25T10:40:45.000Z,0.00003846153846153846,0x4d4f1d5ab3847a73283190382b7b8cb9ee672048,buy,0x814964b1bceaf24e26296d031eadf134a2ca4105,0xac9c9f5572a1cc685394179d906e47651a1de6c8ca1e6cc603310d77297249ad
102,13,0.0005,0x8612d2a48328bbf318b856ed0daaa4a7034383d0,2017-09-25T10:39:18.000Z,0.00003846153846153846,0x4d4f1d5ab3847a73283190382b7b8cb9ee672048,buy,0x814964b1bceaf24e26296d031eadf134a2ca4105,0x2f22b62bdf55da33137ebd601f4c10851cdf56876ac13db0db5d4bf56a667f60
103,13,0.0005,0x10c12555236fa11fc988be565ab70c82a4660ecf,2017-09-25T10:37:02.000Z,0.00003846153846153846,0x4d4f1d5ab3847a73283190382b7b8cb9ee672048,buy,0x814964b1bceaf24e26296d031eadf134a2ca4105,0xd6aefb964eff154e24c38983dc07adb03ac950db5504ae4faf5181747f7aaf8b
104,13,0.0005,0x7ed2114439b24152cf18c02c10cae681a7ca2adc,2017-09-25T10:34:53.000Z,0.00003846153846153846,0x4d4f1d5ab3847a73283190382b7b8cb9ee672048,buy,0x814964b1bceaf24e26296d031eadf134a2ca4105,0xb9993cc071622d33eb76ab0e534348f49077c8ec3bfc832dc0518d1aeea1976e
105,13,0.0005,0x452b06f1c61cff4c9bebaa405319a7c3b12553a2,2017-09-25T10:34:53.000Z,0.00003846153846153846,0x4d4f1d5ab3847a73283190382b7b8cb9ee672048,buy,0x814964b1bceaf24e26296d031eadf134a2ca4105,0x81f2c9b3f390a36171583d9590bc8ba66cd395b6e31d1d2827c15b812da0add5
106,13,0.0005,0x8f28b1970e72adb11173044ebc762800e3128238,2017-09-25T10:26:10.000Z,0.00003846153846153846,0x4d4f1d5ab3847a73283190382b7b8cb9ee672048,buy,0x814964b1bceaf24e26296d031eadf134a2ca4105,0xe08fdc400a4794d994e70bab8e72216af77f03d136c036ae3a11b7051d93a514
107,13,0.0005,0x23ee598e50ff1b1bde1022bf3c8a41d4c23321a0,2017-09-25T10:24:04.000Z,0.00003846153846153846,0x4d4f1d5ab3847a73283190382b7b8cb9ee672048,buy,0x814964b1bceaf24e26296d031eadf134a2ca4105,0x9129fc2cd7364ca2ed0c07ab3dc35f7d461c2906421c1f1a03558c9fe81394fa
108,13,0.0005,0xc22f5ab4f1591613a92b4d172cc7f4e4a5af58cd,2017-09-25T10:23:17.000Z,0.00003846153846153846,0x4d4f1d5ab3847a73283190382b7b8cb9ee672048,buy,0x814964b1bceaf24e26296d031eadf134a2ca4105,0xea6e07c403a1bdcbf58a196e80d0f61d90c3fc12e5e256cfff152351de275060
109,13,0.0005,0x160506e5a5ce5dadd43623689f53d5aa1f288f0f,2017-09-25T10:07:04.000Z,0.00003846153846153846,0x4d4f1d5ab3847a73283190382b7b8cb9ee672048,buy,0x814964b1bceaf24e26296d031eadf134a2ca4105,0x5fd5ddd221aa8242b4b3849cf1755e6f8199564adc19372159cb009e5e0ee1d3
110,13,0.0005,0x7ed2114439b24152cf18c02c10cae681a7ca2adc,2017-09-25T09:11:45.000Z,0.00003846153846153846,0x4d4f1d5ab3847a73283190382b7b8cb9ee672048,buy,0x814964b1bceaf24e26296d031eadf134a2ca4105,0x56e4377be74dd2ee83f2053afb5c7e2aec2200f4cb210d620aa5fd477380ca84
111,13,0.0005,0x10c12555236fa11fc988be565ab70c82a4660ecf,2017-09-25T08:26:52.000Z,0.00003846153846153846,0x4d4f1d5ab3847a73283190382b7b8cb9ee672048,buy,0x814964b1bceaf24e26296d031eadf134a2ca4105,0x14211deb1784d8304c1c4ead9a8546216803e1d60ffba7b78af3abd7b0f8e372
112,697,0.0198645,0x13e2c5f84bce6ff7b9068313b21729dc8fd55d5a,2017-09-25T07:56:34.000Z,0.0000285,0xd14a86c1d73c2b583b540838ad2c541182138484,sell,0x814964b1bceaf24e26296d031eadf134a2ca4105,0x58af9df403cafd7c1daf6ba23a0cbf6c9ef992d70927dcd0615f852a06770551
113,13,0.0005,0x03dd03643b71b06642179afb38211c0f45699bc5,2017-09-25T06:23:01.000Z,0.00003846153846153846,0x4d4f1d5ab3847a73283190382b7b8cb9ee672048,buy,0x814964b1bceaf24e26296d031eadf134a2ca4105,0x0aaa86e586cb9a2c86b695f078678e8249dae158709fc19981dc49e3a2c0368b
114,13,0.0005,0x03dd03643b71b06642179afb38211c0f45699bc5,2017-09-25T06:22:45.000Z,0.00003846153846153846,0x4d4f1d5ab3847a73283190382b7b8cb9ee672048,buy,0x814964b1bceaf24e26296d031eadf134a2ca4105,0x0aaa86e586cb9a2c86b695f078678e8249dae158709fc19981dc49e3a2c0368b
115,13,0.0005,0x8f28b1970e72adb11173044ebc762800e3128238,2017-09-25T05:04:12.000Z,0.00003846153846153846,0x4d4f1d5ab3847a73283190382b7b8cb9ee672048,buy,0x814964b1bceaf24e26296d031eadf134a2ca4105,0x2e0f0b3487a0293dcc068b91d9587f483b148ea84ab81501b98cbff1702245ce
116,13,0.0005,0x160506e5a5ce5dadd43623689f53d5aa1f288f0f,2017-09-25T04:14:10.000Z,0.00003846153846153846,0x4d4f1d5ab3847a73283190382b7b8cb9ee672048,buy,0x814964b1bceaf24e26296d031eadf134a2ca4105,0xde77df81ee9d2c80e3c5d9d6f8ee9a5a5aed16e1a8cd57c00685f332264e3e03
117,13,0.0005,0xc22f5ab4f1591613a92b4d172cc7f4e4a5af58cd,2017-09-25T04:02:48.000Z,0.00003846153846153846,0x4d4f1d5ab3847a73283190382b7b8cb9ee672048,buy,0x814964b1bceaf24e26296d031eadf134a2ca4105,0x952ab2d5ac227c7df69f7051d1ba3b9f1fae5f27639a57c7d5e2dac4e3421949
118,13,0.0005,0x452b06f1c61cff4c9bebaa405319a7c3b12553a2,2017-09-25T03:44:49.000Z,0.00003846153846153846,0x4d4f1d5ab3847a73283190382b7b8cb9ee672048,buy,0x814964b1bceaf24e26296d031eadf134a2ca4105,0x01202474ea63df418ac360c2925ee51df3d9a3291df7aa61ae8d83460e6c56ef
119,13,0.0005,0x8612d2a48328bbf318b856ed0daaa4a7034383d0,2017-09-25T03:16:37.000Z,0.00003846153846153846,0x4d4f1d5ab3847a73283190382b7b8cb9ee672048,buy,0x814964b1bceaf24e26296d031eadf134a2ca4105,0x4a71ba5bbefcbbb6aa51fe4005361959f66e118d12156ec830528a0fa7bd7147
120,13,0.0005,0x160506e5a5ce5dadd43623689f53d5aa1f288f0f,2017-09-25T02:41:28.000Z,0.00003846153846153846,0x4d4f1d5ab3847a73283190382b7b8cb9ee672048,buy,0x814964b1bceaf24e26296d031eadf134a2ca4105,0x6adba584182de78ff7ce63a0a5be8228bf284d6c073460b13e2e56fc7ef7575f
121,13,0.0005,0xc22f5ab4f1591613a92b4d172cc7f4e4a5af58cd,2017-09-25T02:26:20.000Z,0.00003846153846153846,0x4d4f1d5ab3847a73283190382b7b8cb9ee672048,buy,0x814964b1bceaf24e26296d031eadf134a2ca4105,0x9fe8b6f0b83eb188dcfddf70f1f4e0b72d05777624a8167dbf0e68405e8827fe
122,13,0.0005,0x452b06f1c61cff4c9bebaa405319a7c3b12553a2,2017-09-25T01:44:37.000Z,0.00003846153846153846,0x4d4f1d5ab3847a73283190382b7b8cb9ee672048,buy,0x814964b1bceaf24e26296d031eadf134a2ca4105,0xc3d43f05803853aad3559eb169f811dc9d139b49814b9fd0843b4c458568435c
123,13,0.0005,0x8612d2a48328bbf318b856ed0daaa4a7034383d0,2017-09-25T01:14:52.000Z,0.00003846153846153846,0x4d4f1d5ab3847a73283190382b7b8cb9ee672048,buy,0x814964b1bceaf24e26296d031eadf134a2ca4105,0x246a1a1f13033c7e7c3688a9388e05f4ef669f4f5f34ebf8e47b772e05c2c1dc
124,13,0.0005,0x7ed2114439b24152cf18c02c10cae681a7ca2adc,2017-09-25T01:07:33.000Z,0.00003846153846153846,0x4d4f1d5ab3847a73283190382b7b8cb9ee672048,buy,0x814964b1bceaf24e26296d031eadf134a2ca4105,0x33fdd4734a4f19f7830993007f6aac92997d093256953bbf9b422e24369d3381
125,13,0.0005,0x03dd03643b71b06642179afb38211c0f45699bc5,2017-09-25T00:56:11.000Z,0.00003846153846153846,0x4d4f1d5ab3847a73283190382b7b8cb9ee672048,buy,0x814964b1bceaf24e26296d031eadf134a2ca4105,0x531eb60da0578fb52dace3cca499a9683d11f43d30a936e51679eae42cc0b480
126,13,0.0005,0x10c12555236fa11fc988be565ab70c82a4660ecf,2017-09-25T00:44:08.000Z,0.00003846153846153846,0x4d4f1d5ab3847a73283190382b7b8cb9ee672048,buy,0x814964b1bceaf24e26296d031eadf134a2ca4105,0xd1c2bd5243184e5ca036221b12c0459ed963ef089366e4adf05452dfa1923659
127,13,0.0005,0x23ee598e50ff1b1bde1022bf3c8a41d4c23321a0,2017-09-25T00:42:58.000Z,0.00003846153846153846,0x4d4f1d5ab3847a73283190382b7b8cb9ee672048,buy,0x814964b1bceaf24e26296d031eadf134a2ca4105,0x3e15ac5cd4b9f2e757b96bb5e717c38ccbbaebfa0cc99d09e05cfd4f47e0710c
128,13,0.0005,0x8f28b1970e72adb11173044ebc762800e3128238,2017-09-25T00:26:17.000Z,0.00003846153846153846,0x4d4f1d5ab3847a73283190382b7b8cb9ee672048,buy,0x814964b1bceaf24e26296d031eadf134a2ca4105,0x2678283de350b5e58b2711a5ea4a89c97d54c9bfc0339f6df895336bef4a2195
129,13,0.0005,0xe5a759eb3e214ff0a2bbbea31acc41c9bf27b239,2017-09-25T00:25:41.000Z,0.00003846153846153846,0x4d4f1d5ab3847a73283190382b7b8cb9ee672048,buy,0x814964b1bceaf24e26296d031eadf134a2ca4105,0x0b536507215a95c00d7c5537765fe26d0278073f9ef41c1e69d10b4d742138d2
130,13,0.0005,0x160506e5a5ce5dadd43623689f53d5aa1f288f0f,2017-09-25T00:12:28.000Z,0.00003846153846153846,0x4d4f1d5ab3847a73283190382b7b8cb9ee672048,buy,0x814964b1bceaf24e26296d031eadf134a2ca4105,0xee5ad14ace94e775005e6021cb8abe12d3bf89c49723b849e4c4cc28f4daed8b
131,13,0.0005,0xc22f5ab4f1591613a92b4d172cc7f4e4a5af58cd,2017-09-24T23:29:23.000Z,0.00003846153846153846,0x4d4f1d5ab3847a73283190382b7b8cb9ee672048,buy,0x814964b1bceaf24e26296d031eadf134a2ca4105,0x4003b6e4ecd370527e79b01efb4b5d08bce76e48de391338d08a26064926d70c
132,13,0.0005,0x452b06f1c61cff4c9bebaa405319a7c3b12553a2,2017-09-24T23:20:49.000Z,0.00003846153846153846,0x4d4f1d5ab3847a73283190382b7b8cb9ee672048,buy,0x814964b1bceaf24e26296d031eadf134a2ca4105,0x37b377c7b4eac7a13c22b846f16020aa426b890b3fbebded79e732a80285ca44
133,13,0.0005,0xc22f5ab4f1591613a92b4d172cc7f4e4a5af58cd,2017-09-24T04:22:29.000Z,0.00003846153846153846,0x4d4f1d5ab3847a73283190382b7b8cb9ee672048,buy,0x814964b1bceaf24e26296d031eadf134a2ca4105,0x124da1c25323021e66fc3f4ce2b4a98ecb62c28fea701f0b6ddeeec6d1831486
134,13,0.0005,0x452b06f1c61cff4c9bebaa405319a7c3b12553a2,2017-09-24T04:20:23.000Z,0.00003846153846153846,0x4d4f1d5ab3847a73283190382b7b8cb9ee672048,buy,0x814964b1bceaf24e26296d031eadf134a2ca4105,0x0261bc1b586f5df84f27737b66d52b64fe742d6c17782d9ae73f16cecd48eaab
135,13,0.0005,0x18a902dc44442205b4ba2b1dc038e67506d22c55,2017-09-24T04:17:16.000Z,0.00003846153846153846,0x4d4f1d5ab3847a73283190382b7b8cb9ee672048,buy,0x814964b1bceaf24e26296d031eadf134a2ca4105,0x51c637242021fe11a60b4919b1685b9f289cd987e6a8ca4f91c50e446fe2d4f5
136,13,0.0005,0xd868b838b5de79f1e540b5d83c9e9a3d0b3810cd,2017-09-24T04:09:15.000Z,0.00003846153846153846,0x4d4f1d5ab3847a73283190382b7b8cb9ee672048,buy,0x814964b1bceaf24e26296d031eadf134a2ca4105,0x652aa6f4ef3a6364721f6370e4a29289f43f790cdebd37c8ebf6522c1f5b2f3b
137,13,0.0005,0xc22f5ab4f1591613a92b4d172cc7f4e4a5af58cd,2017-09-24T04:00:47.000Z,0.00003846153846153846,0x4d4f1d5ab3847a73283190382b7b8cb9ee672048,buy,0x814964b1bceaf24e26296d031eadf134a2ca4105,0x742693724a2d32ed6bc823e62c4bc84f0f18bb50041b37b3a91fb5bcb5fa21ee
138,13,0.0005,0x452b06f1c61cff4c9bebaa405319a7c3b12553a2,2017-09-24T03:59:05.000Z,0.00003846153846153846,0x4d4f1d5ab3847a73283190382b7b8cb9ee672048,buy,0x814964b1bceaf24e26296d031eadf134a2ca4105,0x11fd0bbe02fac23ce248597667195117338bdd6137cb7e1738e041b285a6381b
139,13,0.0005,0x2ba19ec4bcd5ae8de66b110bde5ebf41092bd02f,2017-09-24T03:45:45.000Z,0.00003846153846153846,0x4d4f1d5ab3847a73283190382b7b8cb9ee672048,buy,0x814964b1bceaf24e26296d031eadf134a2ca4105,0xcde0576710c985ea30457a8ff4a58de02a875b43de11c82239ff7d0414ebcc36
140,13,0.0005,0x18a902dc44442205b4ba2b1dc038e67506d22c55,2017-09-24T03:41:06.000Z,0.00003846153846153846,0x4d4f1d5ab3847a73283190382b7b8cb9ee672048,buy,0x814964b1bceaf24e26296d031eadf134a2ca4105,0xa38728393ef7fad4ce7feb0c0a6871a1b72d221be20d27d9cf93cdfcda15aa54
141,13,0.0005,0xd868b838b5de79f1e540b5d83c9e9a3d0b3810cd,2017-09-24T03:33:35.000Z,0.00003846153846153846,0x4d4f1d5ab3847a73283190382b7b8cb9ee672048,buy,0x814964b1bceaf24e26296d031eadf134a2ca4105,0x5524d27427304d1c78c227c1b4ab11251e8b028665bae7169163df8df06fe009
142,13,0.0005,0xc22f5ab4f1591613a92b4d172cc7f4e4a5af58cd,2017-09-24T03:24:32.000Z,0.00003846153846153846,0x4d4f1d5ab3847a73283190382b7b8cb9ee672048,buy,0x814964b1bceaf24e26296d031eadf134a2ca4105,0xce5466bfc24f1eb699c88bc2af9c12ea8582d3b95bff8a96b1eb42a1d7458620
143,13,0.0005,0x452b06f1c61cff4c9bebaa405319a7c3b12553a2,2017-09-24T03:16:49.000Z,0.00003846153846153846,0x4d4f1d5ab3847a73283190382b7b8cb9ee672048,buy,0x814964b1bceaf24e26296d031eadf134a2ca4105,0xf0ab1a1588e21a79edb613e6aeba517c570754f039d9c57f81cf38da1bd5f42f
144,13,0.0005,0x2ba19ec4bcd5ae8de66b110bde5ebf41092bd02f,2017-09-24T03:09:19.000Z,0.00003846153846153846,0x4d4f1d5ab3847a73283190382b7b8cb9ee672048,buy,0x814964b1bceaf24e26296d031eadf134a2ca4105,0x8e5a1d25b0cbe7e726e73ba6b1ee1f7eb4ce58da067e5a3afa843df32cf09a34
145,13,0.0005,0x18a902dc44442205b4ba2b1dc038e67506d22c55,2017-09-24T03:07:49.000Z,0.00003846153846153846,0x4d4f1d5ab3847a73283190382b7b8cb9ee672048,buy,0x814964b1bceaf24e26296d031eadf134a2ca4105,0xc60da8610b7e8c1ee84ffca461245f696c8e54e52042a8acf2831f4b296d8df3
146,13,0.0005,0xd868b838b5de79f1e540b5d83c9e9a3d0b3810cd,2017-09-24T02:57:32.000Z,0.00003846153846153846,0x4d4f1d5ab3847a73283190382b7b8cb9ee672048,buy,0x814964b1bceaf24e26296d031eadf134a2ca4105,0x63b67d860816836a53580f690ed28ba15b13f15315e67e170ee0d6a0a724c653
147,13,0.0005,0xc22f5ab4f1591613a92b4d172cc7f4e4a5af58cd,2017-09-24T02:47:29.000Z,0.00003846153846153846,0x4d4f1d5ab3847a73283190382b7b8cb9ee672048,buy,0x814964b1bceaf24e26296d031eadf134a2ca4105,0x0ad318b00361457ec46bc3a8d80136a01539af128bfbee4961bb839f5294935a
148,13,0.0005,0x452b06f1c61cff4c9bebaa405319a7c3b12553a2,2017-09-24T02:44:33.000Z,0.00003846153846153846,0x4d4f1d5ab3847a73283190382b7b8cb9ee672048,buy,0x814964b1bceaf24e26296d031eadf134a2ca4105,0x4951276c249bb9f1b6eb3734e16b48bf043fdc1242a5754a83c46f92d167af96
149,13,0.0005,0x2ba19ec4bcd5ae8de66b110bde5ebf41092bd02f,2017-09-24T02:38:53.000Z,0.00003846153846153846,0x4d4f1d5ab3847a73283190382b7b8cb9ee672048,buy,0x814964b1bceaf24e26296d031eadf134a2ca4105,0xb29a17a04ded26ac3eef9131405c99c4d049eebce0d4578538ddb153c7f2111d
150,13,0.0005,0x18a902dc44442205b4ba2b1dc038e67506d22c55,2017-09-24T02:29:37.000Z,0.00003846153846153846,0x4d4f1d5ab3847a73283190382b7b8cb9ee672048,buy,0x814964b1bceaf24e26296d031eadf134a2ca4105,0xb6ea25dc315dc8ab67295436d4861ca7eb10ea6c5e623146ce123cda2e082c69
151,13,0.0005,0xd868b838b5de79f1e540b5d83c9e9a3d0b3810cd,2017-09-24T02:26:37.000Z,0.00003846153846153846,0x4d4f1d5ab3847a73283190382b7b8cb9ee672048,buy,0x814964b1bceaf24e26296d031eadf134a2ca4105,0x02d575d0fe7543eda6b75422e2094eb9c70c5e1be2b28e28151f56b316bf2e21
152,13,0.0005,0xc22f5ab4f1591613a92b4d172cc7f4e4a5af58cd,2017-09-24T02:16:26.000Z,0.00003846153846153846,0x4d4f1d5ab3847a73283190382b7b8cb9ee672048,buy,0x814964b1bceaf24e26296d031eadf134a2ca4105,0x9b217ada5e49c30b568c3773faf33483f4805aaa4aad15d11d6404e89b5e10c4
153,13,0.0005,0x452b06f1c61cff4c9bebaa405319a7c3b12553a2,2017-09-24T02:11:39.000Z,0.00003846153846153846,0x4d4f1d5ab3847a73283190382b7b8cb9ee672048,buy,0x814964b1bceaf24e26296d031eadf134a2ca4105,0x26a3c7e31a88683150b22a041c967e05beed3b969aa5c8e0133fc5b3b84cfbd1
154,13,0.0005,0x2ba19ec4bcd5ae8de66b110bde5ebf41092bd02f,2017-09-24T02:05:49.000Z,0.00003846153846153846,0x4d4f1d5ab3847a73283190382b7b8cb9ee672048,buy,0x814964b1bceaf24e26296d031eadf134a2ca4105,0xfa1c7d1648974e7a5a52850756df440bb662df39638c7dc54f7c28d45c19b2d0
155,13,0.0005,0x18a902dc44442205b4ba2b1dc038e67506d22c55,2017-09-24T01:57:11.000Z,0.00003846153846153846,0x4d4f1d5ab3847a73283190382b7b8cb9ee672048,buy,0x814964b1bceaf24e26296d031eadf134a2ca4105,0x1da88ae114271b6e73395429ef2a0a31bf4b6877aac3dfa0de6b0bed72296571
156,13,0.0005,0xd868b838b5de79f1e540b5d83c9e9a3d0b3810cd,2017-09-24T01:51:24.000Z,0.00003846153846153846,0x4d4f1d5ab3847a73283190382b7b8cb9ee672048,buy,0x814964b1bceaf24e26296d031eadf134a2ca4105,0x0532d2a76ac8485cd4099ec270a15745e6d39a3cf6adca2979126f8a763c4f2f
157,13,0.0005,0xc22f5ab4f1591613a92b4d172cc7f4e4a5af58cd,2017-09-24T01:41:25.000Z,0.00003846153846153846,0x4d4f1d5ab3847a73283190382b7b8cb9ee672048,buy,0x814964b1bceaf24e26296d031eadf134a2ca4105,0xdd05d0d958cbc0eb0ae8d25d05a2223c81b97da18dfe119cee2f02af739a2904
158,13,0.0005,0x452b06f1c61cff4c9bebaa405319a7c3b12553a2,2017-09-24T01:36:30.000Z,0.00003846153846153846,0x4d4f1d5ab3847a73283190382b7b8cb9ee672048,buy,0x814964b1bceaf24e26296d031eadf134a2ca4105,0xd9522af176b7ebebb8836fb0e79bed5d7413a07bde29c80c48e17f5137f231e8
159,13,0.0005,0x2ba19ec4bcd5ae8de66b110bde5ebf41092bd02f,2017-09-24T01:32:45.000Z,0.00003846153846153846,0x4d4f1d5ab3847a73283190382b7b8cb9ee672048,buy,0x814964b1bceaf24e26296d031eadf134a2ca4105,0xc5950cdb1474595d6c42d18dc03472183cad16ee632151ba89a5e348bc512b87
160,13,0.0005,0x18a902dc44442205b4ba2b1dc038e67506d22c55,2017-09-24T01:25:12.000Z,0.00003846153846153846,0x4d4f1d5ab3847a73283190382b7b8cb9ee672048,buy,0x814964b1bceaf24e26296d031eadf134a2ca4105,0x305889ca4844b6a12ac1b5aab75c712c74771daba5309c1965252621fdd82927
161,13,0.0005,0xd868b838b5de79f1e540b5d83c9e9a3d0b3810cd,2017-09-24T01:16:44.000Z,0.00003846153846153846,0x4d4f1d5ab3847a73283190382b7b8cb9ee672048,buy,0x814964b1bceaf24e26296d031eadf134a2ca4105,0xf414d8f07a2dd3644eb132a86780443888930ee357e4280f91b06bcbf4303218
162,13,0.0005,0xc22f5ab4f1591613a92b4d172cc7f4e4a5af58cd,2017-09-24T01:06:32.000Z,0.00003846153846153846,0x4d4f1d5ab3847a73283190382b7b8cb9ee672048,buy,0x814964b1bceaf24e26296d031eadf134a2ca4105,0x6e780f59e97688caa3683f3c280535292b235f7f893d2431df84ee87ddae8730
163,25,0.0009475,0x636d925f140f761f7a0e600db2177dd068ddada1,2017-09-23T11:12:51.000Z,0.0000379,0x2691481e28b6ff11569ad4e378fa8f27358ba82a,buy,0x814964b1bceaf24e26296d031eadf134a2ca4105,0xd077595a22ea789fdd1b2959a747b48ad56d97b27bcfb317f8397f8b7e8a355c
164,1289,0.001289,0xb902ba6e3272e66c74035d7e30f4fa9279bd56f9,2017-09-22T17:06:54.000Z,0.000001,0x2633171c055024752f9838d3d47dc349d1e1ec86,sell,0x814964b1bceaf24e26296d031eadf134a2ca4105,0xd136f656437b20f6107194f5c3c7488e9f856064b36c43a7057367a5a60a6ba7
165,1494,0.039591,0xc9d7fec9889690bbff0a0df758d13e5a55dd7822,2017-09-22T17:05:37.000Z,0.0000265,0x2633171c055024752f9838d3d47dc349d1e1ec86,sell,0x814964b1bceaf24e26296d031eadf134a2ca4105,0xd2ceb76e5cd2ebb62c7bf4439355c4ccd101ebeb11b35679090cacd8356075a0
166,3000,0.081,0x13e2c5f84bce6ff7b9068313b21729dc8fd55d5a,2017-09-22T17:05:10.000Z,0.000027,0x2633171c055024752f9838d3d47dc349d1e1ec86,sell,0x814964b1bceaf24e26296d031eadf134a2ca4105,0x4de358233871269e2fb0706f186e2e3eefbc52ce7f03c16c1a979ffcafa236f0
167,3710,0.109445,0x13e2c5f84bce6ff7b9068313b21729dc8fd55d5a,2017-09-22T17:04:14.000Z,0.0000295,0x2633171c055024752f9838d3d47dc349d1e1ec86,sell,0x814964b1bceaf24e26296d031eadf134a2ca4105,0x12a9e939bf77cbbc0e844a685e7bad636fa252033dbb2c1a00b928c7f4f43a9d
168,3698,0.10912798,0x2691481e28b6ff11569ad4e378fa8f27358ba82a,2017-09-22T17:03:01.000Z,0.00002951,0x2633171c055024752f9838d3d47dc349d1e1ec86,sell,0x814964b1bceaf24e26296d031eadf134a2ca4105,0xe545a634f011a13669d4dcf82f102045c8646e68be913b7c7563d5cf2f005b55
169,2945,0.08690695,0x2691481e28b6ff11569ad4e378fa8f27358ba82a,2017-09-22T16:58:58.000Z,0.00002951,0x2633171c055024752f9838d3d47dc349d1e1ec86,sell,0x814964b1bceaf24e26296d031eadf134a2ca4105,0xc437aef0505c5bc713ca5da572533a1bd2e115267f4c35ae2c0aa146a5a01e72
170,7490,0.28500001725,0x13e2c5f84bce6ff7b9068313b21729dc8fd55d5a,2017-09-22T14:11:53.000Z,0.00003805073661548731,0x13e2c5f84bce6ff7b9068313b21729dc8fd55d5a,buy,0x814964b1bceaf24e26296d031eadf134a2ca4105,0x77cf28be4283d67b2576a5590c2451040e234c368669f5f65e855286aab1c382
171,13,0.0005,0x999dbc9673afdd6b6c140c261297f89de35ff1b3,2017-09-22T07:24:56.000Z,0.00003846153846153846,0x6d008ff3111a579c78bd82a084cddea109d6f5e0,buy,0x814964b1bceaf24e26296d031eadf134a2ca4105,0xddc1083dd12916b50e16718d2003e19ffd8449919bf3441959122f32fbd8ee75
172,13,0.0005,0x999dbc9673afdd6b6c140c261297f89de35ff1b3,2017-09-22T07:12:30.000Z,0.00003846153846153846,0x6d008ff3111a579c78bd82a084cddea109d6f5e0,buy,0x814964b1bceaf24e26296d031eadf134a2ca4105,0x43672109595efc63c0dad0128881789e5885a6028f8b9c48aa0299cdc6ac0e5c
173,13,0.0005,0x8612d2a48328bbf318b856ed0daaa4a7034383d0,2017-09-22T07:08:54.000Z,0.00003846153846153846,0x6d008ff3111a579c78bd82a084cddea109d6f5e0,buy,0x814964b1bceaf24e26296d031eadf134a2ca4105,0xfb5b0c5e6eccb2c114f0701540db3b4144bbf296807fc07a78dec3f01dec9e4d
174,13,0.0005,0x999dbc9673afdd6b6c140c261297f89de35ff1b3,2017-09-22T07:03:24.000Z,0.00003846153846153846,0x6d008ff3111a579c78bd82a084cddea109d6f5e0,buy,0x814964b1bceaf24e26296d031eadf134a2ca4105,0x2d8fe59f88e6171879b5299a0107c2f08ee14fd15cd4ab7129dbc8a924049e54
175,13,0.0005,0x10c12555236fa11fc988be565ab70c82a4660ecf,2017-09-22T07:02:56.000Z,0.00003846153846153846,0x6d008ff3111a579c78bd82a084cddea109d6f5e0,buy,0x814964b1bceaf24e26296d031eadf134a2ca4105,0xfd7aad884a2aae3291ab69bcba6cb276086cbe29b3838410da26e508cd1f4f24
176,13,0.0005,0x7ed2114439b24152cf18c02c10cae681a7ca2adc,2017-09-22T06:56:43.000Z,0.00003846153846153846,0x6d008ff3111a579c78bd82a084cddea109d6f5e0,buy,0x814964b1bceaf24e26296d031eadf134a2ca4105,0x043dfed734f0a2d56410fc65812e1d3b901c7be9d25f542f064a8f5a79dabe43
177,13,0.0005,0x8f28b1970e72adb11173044ebc762800e3128238,2017-09-22T06:56:43.000Z,0.00003846153846153846,0x6d008ff3111a579c78bd82a084cddea109d6f5e0,buy,0x814964b1bceaf24e26296d031eadf134a2ca4105,0x5df66b78245b581f4af7bba7bfbf80d59030fc310e05e7ed49bfbd5b40f6f0d8
178,13,0.0005,0x999dbc9673afdd6b6c140c261297f89de35ff1b3,2017-09-22T06:56:07.000Z,0.00003846153846153846,0x6d008ff3111a579c78bd82a084cddea109d6f5e0,buy,0x814964b1bceaf24e26296d031eadf134a2ca4105,0xfcea8061abce13ee284be5cd291d9bd37fc7de63ded2059efa433daa4b540d6f
179,13,0.0005,0x03dd03643b71b06642179afb38211c0f45699bc5,2017-09-22T06:47:35.000Z,0.00003846153846153846,0x6d008ff3111a579c78bd82a084cddea109d6f5e0,buy,0x814964b1bceaf24e26296d031eadf134a2ca4105,0x5d05c86539cece30061642d40c8aeebbb9bdaf9a3d97e9d690c4c75d0cb57d13
180,13,0.0005,0x8612d2a48328bbf318b856ed0daaa4a7034383d0,2017-09-22T06:25:38.000Z,0.00003846153846153846,0x6d008ff3111a579c78bd82a084cddea109d6f5e0,buy,0x814964b1bceaf24e26296d031eadf134a2ca4105,0x40c2cf0c28635b2e69413a025f32fc12bdab67dd12c79a4009d4d79a276db3d4
181,13,0.0005,0x999dbc9673afdd6b6c140c261297f89de35ff1b3,2017-09-22T06:08:46.000Z,0.00003846153846153846,0x6d008ff3111a579c78bd82a084cddea109d6f5e0,buy,0x814964b1bceaf24e26296d031eadf134a2ca4105,0x19b40c51d316404c1b8ad7a5facd3309b2f7ddb40c1444a0ec1b6181ad8e3198
182,13,0.0005,0x10c12555236fa11fc988be565ab70c82a4660ecf,2017-09-22T06:05:38.000Z,0.00003846153846153846,0x6d008ff3111a579c78bd82a084cddea109d6f5e0,buy,0x814964b1bceaf24e26296d031eadf134a2ca4105,0xb0933cae40b7c8427b690f86285363b9500264e9aa8548a31e9d67661eb82ba5
183,13,0.0005,0x8f28b1970e72adb11173044ebc762800e3128238,2017-09-22T05:57:46.000Z,0.00003846153846153846,0x6d008ff3111a579c78bd82a084cddea109d6f5e0,buy,0x814964b1bceaf24e26296d031eadf134a2ca4105,0xabf7d5241958013f6f1f5280a788ff1b1573668385fd0e036b5e2233721417f3
184,13,0.0005,0x999dbc9673afdd6b6c140c261297f89de35ff1b3,2017-09-22T05:33:49.000Z,0.00003846153846153846,0x6d008ff3111a579c78bd82a084cddea109d6f5e0,buy,0x814964b1bceaf24e26296d031eadf134a2ca4105,0x8e3407d044000818382420f413e2ac857ba2e21818846784d3657e87f1c9e344
185,13,0.0005,0x8612d2a48328bbf318b856ed0daaa4a7034383d0,2017-09-22T05:24:18.000Z,0.00003846153846153846,0x6d008ff3111a579c78bd82a084cddea109d6f5e0,buy,0x814964b1bceaf24e26296d031eadf134a2ca4105,0x4048d252e925c746b5d2ef7ce5bd9f4d8bb3cbf1402c2c7cde870813099d38b3
186,13,0.0005,0x10c12555236fa11fc988be565ab70c82a4660ecf,2017-09-22T05:20:00.000Z,0.00003846153846153846,0x6d008ff3111a579c78bd82a084cddea109d6f5e0,buy,0x814964b1bceaf24e26296d031eadf134a2ca4105,0xaf4ba403b2467c21fff37a826a1dae215a4f9336d260f5396b869bf8ae6f4353
187,13,0.0005,0x8f28b1970e72adb11173044ebc762800e3128238,2017-09-22T05:09:50.000Z,0.00003846153846153846,0x6d008ff3111a579c78bd82a084cddea109d6f5e0,buy,0x814964b1bceaf24e26296d031eadf134a2ca4105,0x68854850598d8bd1be2f3508fcc240429ee345ac4a499a37930a0581e7ae0ee9
188,13,0.0005,0x7ed2114439b24152cf18c02c10cae681a7ca2adc,2017-09-22T05:08:25.000Z,0.00003846153846153846,0x6d008ff3111a579c78bd82a084cddea109d6f5e0,buy,0x814964b1bceaf24e26296d031eadf134a2ca4105,0x79945b95000523381b8807c76db2781476e8bfc4ef50bb305a292b6678ce199f
189,13,0.0005,0x03dd03643b71b06642179afb38211c0f45699bc5,2017-09-22T04:58:52.000Z,0.00003846153846153846,0x6d008ff3111a579c78bd82a084cddea109d6f5e0,buy,0x814964b1bceaf24e26296d031eadf134a2ca4105,0x464d9411156db72a9484bc971f427405fc8cc9b3e79bf573c1732d687588f472
190,697,0.02056847,0x2691481e28b6ff11569ad4e378fa8f27358ba82a,2017-09-22T02:38:31.000Z,0.00002951,0x21e70fee23868b5c84e3cfa093990ccc1eb5d02f,sell,0x814964b1bceaf24e26296d031eadf134a2ca4105,0x4cf7bdc53cc4f8e9358287a47e54050f17ec91da5bab20c6685aff5bcee6c2e8
191,348,0.01026948,0x2691481e28b6ff11569ad4e378fa8f27358ba82a,2017-09-21T05:57:32.000Z,0.00002951,0x965957ef07c7cef5b082bfb9eb8ffec218067e29,sell,0x814964b1bceaf24e26296d031eadf134a2ca4105,0xf5d3efa2575af6294aff34b6ac75966a263b51191ac335e696be642a7c9cc16b
192,13,0.0005,0x42c24a83bded723edfdf5883bc7efb30bc1a1bf3,2017-09-21T00:20:48.000Z,0.00003846153846153846,0x2691481e28b6ff11569ad4e378fa8f27358ba82a,buy,0x814964b1bceaf24e26296d031eadf134a2ca4105,0x1ff78d9e16c4dbe974983b364544daa7f4404fe47d7054f9a21163140c27e228
193,13,0.0005,0x42c24a83bded723edfdf5883bc7efb30bc1a1bf3,2017-09-20T23:50:22.000Z,0.00003846153846153846,0x2691481e28b6ff11569ad4e378fa8f27358ba82a,buy,0x814964b1bceaf24e26296d031eadf134a2ca4105,0xa60bfaaa40c7c63adfba18d3183dd4b241de5432efb8a1d6c285864eb3405b37
194,13,0.0005,0x0f657c396dfcd6c59bb82b89fc3adbe5f90ce153,2017-09-20T23:43:06.000Z,0.00003846153846153846,0x2691481e28b6ff11569ad4e378fa8f27358ba82a,buy,0x814964b1bceaf24e26296d031eadf134a2ca4105,0x323be6712b1519a366360d053162dcc5d38d8dae255000e2cb42f1b780ecb328
195,13,0.0005,0x42c24a83bded723edfdf5883bc7efb30bc1a1bf3,2017-09-20T23:23:14.000Z,0.00003846153846153846,0x2691481e28b6ff11569ad4e378fa8f27358ba82a,buy,0x814964b1bceaf24e26296d031eadf134a2ca4105,0xe58eaf744a987ee690ccb808b0be05ea0f8b9af029b2733537f5577c0588c0eb
196,13,0.0005,0x0f657c396dfcd6c59bb82b89fc3adbe5f90ce153,2017-09-20T23:06:33.000Z,0.00003846153846153846,0x2691481e28b6ff11569ad4e378fa8f27358ba82a,buy,0x814964b1bceaf24e26296d031eadf134a2ca4105,0x6989958ba83a9a5dab64f8a70d64fc64e8f9f60282fced9dc06d58e0510325fd
197,13,0.0005,0x42c24a83bded723edfdf5883bc7efb30bc1a1bf3,2017-09-20T22:54:41.000Z,0.00003846153846153846,0x2691481e28b6ff11569ad4e378fa8f27358ba82a,buy,0x814964b1bceaf24e26296d031eadf134a2ca4105,0x598c992809b4d59036aac447f5787da10f6211d802d606357e83b780fd1b2e3b
198,13,0.0005,0x0f657c396dfcd6c59bb82b89fc3adbe5f90ce153,2017-09-20T22:39:38.000Z,0.00003846153846153846,0x2691481e28b6ff11569ad4e378fa8f27358ba82a,buy,0x814964b1bceaf24e26296d031eadf134a2ca4105,0x3e884305dfea8b1750e36078aed1ffadc03ac6d9bc92ef86f501559c4e000353
199,13,0.0005,0x42c24a83bded723edfdf5883bc7efb30bc1a1bf3,2017-09-20T22:29:13.000Z,0.00003846153846153846,0x2691481e28b6ff11569ad4e378fa8f27358ba82a,buy,0x814964b1bceaf24e26296d031eadf134a2ca4105,0x20b0a76ca833d9e625a71dc73933091dd16d24d717dc3de5b10d2b10ca2263f2
200,13,0.0005,0x0f657c396dfcd6c59bb82b89fc3adbe5f90ce153,2017-09-20T21:12:30.000Z,0.00003846153846153846,0xd0c1a4a9a84d4cb0d76b248c48015d5edd615125,buy,0x814964b1bceaf24e26296d031eadf134a2ca4105,0x2deb63baa7433b17799ec9f29541dfaf748bb18ed06db5abf2695d033038d9e0
201,13,0.0005,0x42c24a83bded723edfdf5883bc7efb30bc1a1bf3,2017-09-20T20:58:58.000Z,0.00003846153846153846,0xd0c1a4a9a84d4cb0d76b248c48015d5edd615125,buy,0x814964b1bceaf24e26296d031eadf134a2ca4105,0xe9ce430d3fac5a40dcdd3d9a2bc4dc3a1c230e903829c27b7b5a3d2d187abf0e
202,13,0.0005,0x0f657c396dfcd6c59bb82b89fc3adbe5f90ce153,2017-09-20T20:35:11.000Z,0.00003846153846153846,0xd0c1a4a9a84d4cb0d76b248c48015d5edd615125,buy,0x814964b1bceaf24e26296d031eadf134a2ca4105,0xf451b13f5336402d597b7b854ad6c4ecbfeb82484b10ebb61bdbf16fd1c8daa2
203,13,0.0005,0x1f8ac99600c61189d92c85cc760735b9e0067a60,2017-09-20T18:04:42.000Z,0.00003846153846153846,0xd0c1a4a9a84d4cb0d76b248c48015d5edd615125,buy,0x814964b1bceaf24e26296d031eadf134a2ca4105,0x5ea9cead6e53aedc4cec8112bbfc00af15e17c5cc9abfca0917aa14bc7edd201
204,13,0.0005,0x0f657c396dfcd6c59bb82b89fc3adbe5f90ce153,2017-09-20T17:25:34.000Z,0.00003846153846153846,0xd0c1a4a9a84d4cb0d76b248c48015d5edd615125,buy,0x814964b1bceaf24e26296d031eadf134a2ca4105,0x3649c0f1972b6b2d31a0b1451d6c0caa93d3384385c49a5e7a5be15ea86122ca
205,4206,0.16000000596,0x92efc54c39219b0be3dd169e10eb4780204f0a09,2017-09-20T11:03:13.000Z,0.00003804089537803138,0x2691481e28b6ff11569ad4e378fa8f27358ba82a,buy,0x814964b1bceaf24e26296d031eadf134a2ca4105,0xc9e318ca6d1ed5f2f8f0eb929bf538e11f5576100f356ceab507626074870f52
206,13,0.0005,0x42c24a83bded723edfdf5883bc7efb30bc1a1bf3,2017-09-20T10:54:44.000Z,0.00003846153846153846,0xd0c1a4a9a84d4cb0d76b248c48015d5edd615125,buy,0x814964b1bceaf24e26296d031eadf134a2ca4105,0x78899ccf7d18fc04fb601a07eef6ca8e9e698b6f3d07c6fe8fc2fcadb0043f3e
207,13,0.0005,0x0f657c396dfcd6c59bb82b89fc3adbe5f90ce153,2017-09-20T10:50:17.000Z,0.00003846153846153846,0xd0c1a4a9a84d4cb0d76b248c48015d5edd615125,buy,0x814964b1bceaf24e26296d031eadf134a2ca4105,0xd36ba266aa93245b1e9eb6bda1a1042ba715d9724f641010fdbf53f8ed0778da
208,26281,1.00000000245,0x13e2c5f84bce6ff7b9068313b21729dc8fd55d5a,2017-09-19T14:29:57.000Z,0.00003805030259312811,0x13e2c5f84bce6ff7b9068313b21729dc8fd55d5a,buy,0x814964b1bceaf24e26296d031eadf134a2ca4105,0xc0bba3086fb64a79a10c139fdd04198422ba8035de2d5367355d13651ef9e5d1
209,33268,1.2658474,0x13e2c5f84bce6ff7b9068313b21729dc8fd55d5a,2017-09-19T03:10:00.000Z,0.00003805,0x13e2c5f84bce6ff7b9068313b21729dc8fd55d5a,buy,0x814964b1bceaf24e26296d031eadf134a2ca4105,0x4987ac32bb93f14addc20ab094a547eb05cc786810802df8298b7cea3d3a1e35
210,100,0.0038011,0xb4302256506c8ca0381bc19de012dc8315f8632d,2017-09-18T03:58:49.000Z,0.000038011,0x2691481e28b6ff11569ad4e378fa8f27358ba82a,buy,0x814964b1bceaf24e26296d031eadf134a2ca4105,0x0f6b54e0c4bb7364fda59e0a87c8fc0edf3e2c3837b042952528fd3ab1b5e8d2
211,30000,1.1415,0x13e2c5f84bce6ff7b9068313b21729dc8fd55d5a,2017-09-17T14:36:31.000Z,0.00003805,0x13e2c5f84bce6ff7b9068313b21729dc8fd55d5a,buy,0x814964b1bceaf24e26296d031eadf134a2ca4105,0xd7f8e800b30bcc4eedff40fff93512dfbf7b75bf67a18d0c746b795bfd0c8729
212,420,0.0159642,0x3cb319e3dc7432c795b70ffaa05e90ba46107305,2017-09-17T00:45:06.000Z,0.00003801,0x2691481e28b6ff11569ad4e378fa8f27358ba82a,buy,0x814964b1bceaf24e26296d031eadf134a2ca4105,0xe1e8d8a959eebecd192d876786735b9c8c43d5be18dd852e2df2ddedb03042c0
213,1,0.00003802390593047,0xd6f29f2fb0a1dc783aeab42ce7ce9276f8e14a54,2017-09-16T01:19:52.000Z,0.00003802390593047,0x2691481e28b6ff11569ad4e378fa8f27358ba82a,buy,0x814964b1bceaf24e26296d031eadf134a2ca4105,0x317d6b598b32e1e390265be9af05e356258a79d368d9689526109611af1b8038
214,1,0.00003802390593047,0xd6f29f2fb0a1dc783aeab42ce7ce9276f8e14a54,2017-09-16T01:19:52.000Z,0.00003802390593047,0x2691481e28b6ff11569ad4e378fa8f27358ba82a,buy,0x814964b1bceaf24e26296d031eadf134a2ca4105,0x42831f414d3c6584c08dd9e4d24fc53a9061efdc58d2a54756b01e7ea67ea820
215,1,0.00003802390593047,0xd6f29f2fb0a1dc783aeab42ce7ce9276f8e14a54,2017-09-16T01:18:30.000Z,0.00003802390593047,0x2691481e28b6ff11569ad4e378fa8f27358ba82a,buy,0x814964b1bceaf24e26296d031eadf134a2ca4105,0x1e73fa863a539d4c73fee21ada75e586620acc1c07e085fa7edd126b31cf8726
216,1,0.00003802390593047,0xd6f29f2fb0a1dc783aeab42ce7ce9276f8e14a54,2017-09-16T01:14:15.000Z,0.00003802390593047,0x2691481e28b6ff11569ad4e378fa8f27358ba82a,buy,0x814964b1bceaf24e26296d031eadf134a2ca4105,0x77becf93b98b65f9930cdf764097d8ab623830da33cf801051e720a818a79adf
217,1,0.00003802390593047,0xd6f29f2fb0a1dc783aeab42ce7ce9276f8e14a54,2017-09-16T01:14:01.000Z,0.00003802390593047,0x2691481e28b6ff11569ad4e378fa8f27358ba82a,buy,0x814964b1bceaf24e26296d031eadf134a2ca4105,0xa815565eef639907c5de7de6d5e51ee4d1be53005168755df7a384664cbfaef2
218,1,0.00003802390593047,0xd6f29f2fb0a1dc783aeab42ce7ce9276f8e14a54,2017-09-16T01:14:01.000Z,0.00003802390593047,0x2691481e28b6ff11569ad4e378fa8f27358ba82a,buy,0x814964b1bceaf24e26296d031eadf134a2ca4105,0x48785431a3fa0fc035610135644c2ae0bb80c9a74bc931ea7629582257ef504b
219,7,0.00026607,0x035392de57aa4fe343d86494103dbe1b068a56c6,2017-09-15T21:01:43.000Z,0.00003801,0x2691481e28b6ff11569ad4e378fa8f27358ba82a,buy,0x814964b1bceaf24e26296d031eadf134a2ca4105,0xb9d94211278d5aafe6003bf96e5c68b141ea2123dba556155d276bccc2de210e
220,12,0.00045612,0x8b182a4526944fa498970732a69a95d281c3c8a9,2017-09-15T20:18:47.000Z,0.00003801,0x2691481e28b6ff11569ad4e378fa8f27358ba82a,buy,0x814964b1bceaf24e26296d031eadf134a2ca4105,0xd51f5b45f71eafdae0b3556bf477e4c7f745561626a02b81479444529fa8b802
221,5388,0.1594848,0x2691481e28b6ff11569ad4e378fa8f27358ba82a,2017-09-15T17:58:01.000Z,0.0000296,0x4baf4a6a4d4ebc50319e92bc885846ba164e5f80,sell,0x814964b1bceaf24e26296d031eadf134a2ca4105,0xc811c0f1e4358d8be78d9625e99ca59940fcfa765cb6365f3703ef7db1e0b5d4
222,20,0.0007602,0x78b0e4933f5b7d90102367e28efcde256998411e,2017-09-15T17:27:46.000Z,0.00003801,0x2691481e28b6ff11569ad4e378fa8f27358ba82a,buy,0x814964b1bceaf24e26296d031eadf134a2ca4105,0xb6380feaab21ba3c2755e304018b107828e59fde661b418127d1425039c73a09
223,26281,1.00000000245,0x13e2c5f84bce6ff7b9068313b21729dc8fd55d5a,2017-09-15T15:54:20.000Z,0.00003805030259312811,0x13e2c5f84bce6ff7b9068313b21729dc8fd55d5a,buy,0x814964b1bceaf24e26296d031eadf134a2ca4105,0x1721d79ceeab1c7bfd2ba4703f89a2ebe11ec20216766608b10ac29cefc7d579
224,13,0.0005,0x8b24d80c6dd6e1af5a000e03ca8f00886a05f6f5,2017-09-15T05:41:08.000Z,0.00003846153846153846,0x2691481e28b6ff11569ad4e378fa8f27358ba82a,buy,0x814964b1bceaf24e26296d031eadf134a2ca4105,0x9751e71ea55f3f32e978c095ad2c376974ca3a40c01b223a56031f62220cc739
225,13,0.0005,0x8b24d80c6dd6e1af5a000e03ca8f00886a05f6f5,2017-09-15T05:05:36.000Z,0.00003846153846153846,0x2691481e28b6ff11569ad4e378fa8f27358ba82a,buy,0x814964b1bceaf24e26296d031eadf134a2ca4105,0x17f1dcf4f0533004d3cb0b049a0ebb02d2389d0e39fd7a2cd8db8308107e2b21
226,13,0.0005,0x8b24d80c6dd6e1af5a000e03ca8f00886a05f6f5,2017-09-15T04:22:56.000Z,0.00003846153846153846,0x2691481e28b6ff11569ad4e378fa8f27358ba82a,buy,0x814964b1bceaf24e26296d031eadf134a2ca4105,0x8d11e8b441d613951805e6e6e89553fe599678f9a5c9dd909903c2ef21bf9e22
227,32851,1.24999999355,0x13e2c5f84bce6ff7b9068313b21729dc8fd55d5a,2017-09-15T03:14:57.000Z,0.00003805059187087151,0x13e2c5f84bce6ff7b9068313b21729dc8fd55d5a,buy,0x814964b1bceaf24e26296d031eadf134a2ca4105,0xf3dc6d4be7d9283f7bdda074d410ba79c039be8b14df943df36552346f4f83e7
228,499,0.0147704,0x2691481e28b6ff11569ad4e378fa8f27358ba82a,2017-09-14T07:49:19.000Z,0.0000296,0x4dca30bcc9c9db4408141cd67b1515e689f546d8,sell,0x814964b1bceaf24e26296d031eadf134a2ca4105,0xf638978ef2dde9256d25b945b36596c405db3f8d8bdd01f5b2a59fd2aabb291a
229,697,0.0206312,0x2691481e28b6ff11569ad4e378fa8f27358ba82a,2017-09-14T06:36:22.000Z,0.0000296,0xa537a62ef36b43688e09b59e217caac4be1fafba,sell,0x814964b1bceaf24e26296d031eadf134a2ca4105,0x281988263cd3e80bf181c45c8e6ceb48737b6335e96bbcd9796d512b06299cda
230,400,0.01522,0xb8186b97012530dceadc931136bf6cc7e4237f10,2017-09-14T01:10:35.000Z,0.00003805,0x13e2c5f84bce6ff7b9068313b21729dc8fd55d5a,buy,0x814964b1bceaf24e26296d031eadf134a2ca4105,0x06f2330aa015d8a7696e14dd3301b1d0310c56c2fac0fcf4da4a697f58324151
231,13,0.0005,0x4c2fb430e95954bcfa54ce4741a9fc2ff6e415ad,2017-09-13T23:29:01.000Z,0.00003846153846153846,0x13e2c5f84bce6ff7b9068313b21729dc8fd55d5a,buy,0x814964b1bceaf24e26296d031eadf134a2ca4105,0x2c1da2af622ff7375f94dae5a1729f5fa45ec1b27823117d55b29c7e7e9486f1
232,13,0.0005,0x4c2fb430e95954bcfa54ce4741a9fc2ff6e415ad,2017-09-13T21:54:29.000Z,0.00003846153846153846,0x13e2c5f84bce6ff7b9068313b21729dc8fd55d5a,buy,0x814964b1bceaf24e26296d031eadf134a2ca4105,0xf6d1ff09717d60a58fc3b65c7efada959fa58593eb58716ee3465f09b2c9618a
233,13,0.0005,0x4c2fb430e95954bcfa54ce4741a9fc2ff6e415ad,2017-09-13T21:24:40.000Z,0.00003846153846153846,0x13e2c5f84bce6ff7b9068313b21729dc8fd55d5a,buy,0x814964b1bceaf24e26296d031eadf134a2ca4105,0x53b04b4efafa4a904489f669c58735ccf0e123a709e6c2ae026443331fadadb9
234,13,0.0005,0x4c2fb430e95954bcfa54ce4741a9fc2ff6e415ad,2017-09-13T21:16:42.000Z,0.00003846153846153846,0x13e2c5f84bce6ff7b9068313b21729dc8fd55d5a,buy,0x814964b1bceaf24e26296d031eadf134a2ca4105,0x954e8ba285313963a207cd56d7114c577014d122c2bc126056b1d3d848e5cb06
235,348,0.0103008,0x2691481e28b6ff11569ad4e378fa8f27358ba82a,2017-09-13T17:49:53.000Z,0.0000296,0x48cd0aa19ed8443151dc1b0bab50d6d3715475c9,sell,0x814964b1bceaf24e26296d031eadf134a2ca4105,0x821084ee40e1f90968242205696bdacfb33ac6b7f3294dbaadc797bb3c0a2c64
236,2990,0.1129323,0x14d6a9617a144ac2ee29a309862a3d88ba2820d6,2017-09-13T17:33:42.000Z,0.00003777,0x2691481e28b6ff11569ad4e378fa8f27358ba82a,sell,0x814964b1bceaf24e26296d031eadf134a2ca4105,0xaf4ecff6f42742b50db9cf6a500cdc16540d5b4a70a978ee01ff4cb0793e5b31
237,15014,0.56707878,0x2b08d832361d6a75363962d3541df33630d16d3d,2017-09-13T14:32:00.000Z,0.00003777,0x2691481e28b6ff11569ad4e378fa8f27358ba82a,buy,0x814964b1bceaf24e26296d031eadf134a2ca4105,0x7d2fc19eb57689913eaee04407d80511b078f7b7e8a3f7de42790002939add71
238,349,0.010295849,0x2b08d832361d6a75363962d3541df33630d16d3d,2017-09-13T05:13:19.000Z,0.000029501,0xb6c4adb5be1630f85042693526d0e01a05005c33,sell,0x814964b1bceaf24e26296d031eadf134a2ca4105,0xa1d92a71c1ffd8b348866d21f5e186609715cf785a93675fc5f454e41ba1a6da
239,797,0.0235115,0x13e2c5f84bce6ff7b9068313b21729dc8fd55d5a,2017-09-11T13:45:19.000Z,0.0000295,0x08289cf66354969aae72a0f9429da54cb4c23b84,sell,0x814964b1bceaf24e26296d031eadf134a2ca4105,0x2a949aae55cf20e89f448269da080a699842370548f9b9349cc5add13450e57a
240,29465,1.1285095,0x13e2c5f84bce6ff7b9068313b21729dc8fd55d5a,2017-09-11T13:41:06.000Z,0.0000383,0x13e2c5f84bce6ff7b9068313b21729dc8fd55d5a,buy,0x814964b1bceaf24e26296d031eadf134a2ca4105,0x68b6a26f33e8275d3d187e5143a4021701e88bedb8de82a432248f5b87aa1dd4
241,697,0.0205615,0x13e2c5f84bce6ff7b9068313b21729dc8fd55d5a,2017-09-11T11:35:21.000Z,0.0000295,0x98d7d86a36abf430d6311d8685e9760a85b222dd,sell,0x814964b1bceaf24e26296d031eadf134a2ca4105,0xf114bcc45338b998d5d1d06f1051f805b4f4a1d0224ddc01d19816208ad5d460
242,52219,1.9999877,0x13e2c5f84bce6ff7b9068313b21729dc8fd55d5a,2017-09-09T14:27:12.000Z,0.0000383,0x13e2c5f84bce6ff7b9068313b21729dc8fd55d5a,buy,0x814964b1bceaf24e26296d031eadf134a2ca4105,0xec4322d8b594a0d6f6dd00f3835db12b8fd88efdb4e32b4dec135ce8e7009b5d
243,40000,1.532,0x13e2c5f84bce6ff7b9068313b21729dc8fd55d5a,2017-09-08T16:49:28.000Z,0.0000383,0x13e2c5f84bce6ff7b9068313b21729dc8fd55d5a,buy,0x814964b1bceaf24e26296d031eadf134a2ca4105,0x179dc57eca1588cbdf844f18e69d1adc2afa7f9afd9921cfd119d0e4d63298f9
244,52,0.001999985043,0x4efb6d8714cff87522b80b9f37cb9a5cb7367932,2017-09-08T15:38:49.000Z,0.00003846125082692308,0xf4765c2c0908c9062de10d51d587d935682884a6,buy,0x814964b1bceaf24e26296d031eadf134a2ca4105,0x80c34f4438d3aa59b37f8e2fe959616ab65337a6fa024787078d18121eff5589
245,62000,2.3746,0x13e2c5f84bce6ff7b9068313b21729dc8fd55d5a,2017-09-07T19:36:08.000Z,0.0000383,0x13e2c5f84bce6ff7b9068313b21729dc8fd55d5a,buy,0x814964b1bceaf24e26296d031eadf134a2ca4105,0x0ace837deb8813688dba13814b02d6c92996dc4e03ca3014e34c805b3a167c90
246,65000,2.4895,0x13e2c5f84bce6ff7b9068313b21729dc8fd55d5a,2017-09-07T19:33:47.000Z,0.0000383,0x13e2c5f84bce6ff7b9068313b21729dc8fd55d5a,buy,0x814964b1bceaf24e26296d031eadf134a2ca4105,0xc116ad0a59f7f8e3d5c82fbc2105474861364b1055322435ba98e18a7da1f937
247,26,0.0009999996,0xf81ab81ca1a6a19cc7b69b2c7876ff6543060598,2017-09-07T08:10:35.000Z,0.00003846152307692308,0x2691481e28b6ff11569ad4e378fa8f27358ba82a,buy,0x814964b1bceaf24e26296d031eadf134a2ca4105,0xe2898144be7625ac8d208553271d0fe6b9b1f48da7620d1f84a1102044cf7786
248,1002,0.029559,0x13e2c5f84bce6ff7b9068313b21729dc8fd55d5a,2017-09-07T00:42:18.000Z,0.0000295,0x05177d9dbd7338001c299c16bea979851e4ba6e9,sell,0x814964b1bceaf24e26296d031eadf134a2ca4105,0xba19ea957d55471bc9a5b8238eb0eae269b08eaeaed72b3ce647d6925ff635eb
249,2812,0.100000017,0xae3df03e6fd39f827a35e9e5bce9edf88fe85b1d,2017-09-06T19:22:27.000Z,0.00003556188371266003,0xaef0a87ccab111f7125bce9f9bf6bcff746c9d85,buy,0x814964b1bceaf24e26296d031eadf134a2ca4105,0xa1813c207bc720d660b93f5758f16612a1d6c553fb3d6bd7d6d5733189966140
250,26109,1.0000000163,0x13e2c5f84bce6ff7b9068313b21729dc8fd55d5a,2017-09-06T18:13:09.000Z,0.00003830096963882186,0x13e2c5f84bce6ff7b9068313b21729dc8fd55d5a,buy,0x814964b1bceaf24e26296d031eadf134a2ca4105,0x527b544e19caa9541b71b5b384efca805e1e0abdc1a1e1bbfa8680b33d857302
251,1047,0.0308865,0x13e2c5f84bce6ff7b9068313b21729dc8fd55d5a,2017-09-06T16:00:39.000Z,0.0000295,0x6e9c63c82d82d271c216593587b7296662cb295a,sell,0x814964b1bceaf24e26296d031eadf134a2ca4105,0x073d277b412a01f286cd1380d1ecb54dcb81d448fad2b0b58d7decdab55d1f2d
252,26109,1.0000000163,0x13e2c5f84bce6ff7b9068313b21729dc8fd55d5a,2017-09-06T15:51:02.000Z,0.00003830096963882186,0x13e2c5f84bce6ff7b9068313b21729dc8fd55d5a,buy,0x814964b1bceaf24e26296d031eadf134a2ca4105,0x1be476619e2af98aa865bea87290f3cf75ae40de4ce08fbeb89dbe3ba636f6df
253,49879,1.9103657,0x13e2c5f84bce6ff7b9068313b21729dc8fd55d5a,2017-09-06T01:55:05.000Z,0.0000383,0x13e2c5f84bce6ff7b9068313b21729dc8fd55d5a,buy,0x814964b1bceaf24e26296d031eadf134a2ca4105,0xb03d747075ee7e531d94b0baca8868ad38914234b8ce6ec482cc647acaf47781
254,44,0.00132,0x77a833b3856c7d4ec38c3b6325090236600dcdda,2017-09-06T00:27:43.000Z,0.00003,0x05177d9dbd7338001c299c16bea979851e4ba6e9,sell,0x814964b1bceaf24e26296d031eadf134a2ca4105,0x656d2680824fe3560212b883b948aa7862aaaadf546c70651c7771396b0acc8c
255,348,0.01044,0x77a833b3856c7d4ec38c3b6325090236600dcdda,2017-09-05T23:59:45.000Z,0.00003,0xf58481bc22a00b3f64e8ee16d23eebf00844dbd5,sell,0x814964b1bceaf24e26296d031eadf134a2ca4105,0x4f68caa2c8418c697dd78e70dfbd1ba15959bf601aaecb3f0ab63c74cb157a05
256,697,0.02091,0x77a833b3856c7d4ec38c3b6325090236600dcdda,2017-09-05T23:32:06.000Z,0.00003,0x6ab9473723924557964486fda399d58446f4fd7b,sell,0x814964b1bceaf24e26296d031eadf134a2ca4105,0x472d76f1bcbec39c208faea1bab2f0dddc45c2a91f0b4fb1e9a355e2a6ffd176
257,2794,0.082423,0x13e2c5f84bce6ff7b9068313b21729dc8fd55d5a,2017-09-05T21:39:24.000Z,0.0000295,0xa45a3e6b88855b7d18cc53851a94387df054f4b2,sell,0x814964b1bceaf24e26296d031eadf134a2ca4105,0xc067938287d94d4e9b4ed0b3a4867ad69c33413c9b70522db3361603048f5b9e
258,14953,0.4411135,0x13e2c5f84bce6ff7b9068313b21729dc8fd55d5a,2017-09-05T21:26:42.000Z,0.0000295,0xa45a3e6b88855b7d18cc53851a94387df054f4b2,sell,0x814964b1bceaf24e26296d031eadf134a2ca4105,0x723fec504dbc5ef870ac51c4ee6b16264fe004c9e69bb9574a2bdde2ed72a690
259,1000,0.03555,0xad6311e899ca6b6e8f3a475a34a570a8706790b4,2017-09-04T18:37:09.000Z,0.00003555,0xaef0a87ccab111f7125bce9f9bf6bcff746c9d85,buy,0x814964b1bceaf24e26296d031eadf134a2ca4105,0x8085f0c737428c2262db7ff0bedacc7dc74b566c36548c364f9412dd46291637
260,1220,0.043371,0xad6311e899ca6b6e8f3a475a34a570a8706790b4,2017-09-04T17:35:50.000Z,0.00003555,0xaef0a87ccab111f7125bce9f9bf6bcff746c9d85,buy,0x814964b1bceaf24e26296d031eadf134a2ca4105,0x212dd5e7fc1b7407741a870402549257f84d689a130ca384e968ffec7fe4070f
261,65072,2.4922739507526668,0x7e8ccf3423080a409d47710568c01e83c06bd33b,2017-09-04T08:01:55.000Z,0.00003830025127170929,0x13e2c5f84bce6ff7b9068313b21729dc8fd55d5a,buy,0x814964b1bceaf24e26296d031eadf134a2ca4105,0x4f94fb5217e7c02467dc50499c8649bc45ed796a4874eb6becd74110c0afde6b
262,350,0.00927465,0x7d114b5bc46a424a2818fdce8fe688ee5e8c41f5,2017-09-04T07:11:22.000Z,0.000026499,0x9ae68a20ca0584c4e979083136166b7e53335a5f,buy,0x814964b1bceaf24e26296d031eadf134a2ca4105,0x23b627adfe50c6995670d5547be67dbd36a574293b7edd89690d0720d3ccba83
263,20000,0.766,0x13e2c5f84bce6ff7b9068313b21729dc8fd55d5a,2017-09-04T04:29:02.000Z,0.0000383,0x13e2c5f84bce6ff7b9068313b21729dc8fd55d5a,buy,0x814964b1bceaf24e26296d031eadf134a2ca4105,0x2f42ab4ed40c0e992e20f19fb52b81475ff512dbfc8cf7c0ee337f37d7e931d3
264,5234,0.19942013301954323,0x42fe48c42e83777719bca13e380d629fb8ddc4e7,2017-09-03T17:49:27.000Z,0.00003810090428344349,0x2691481e28b6ff11569ad4e378fa8f27358ba82a,buy,0x814964b1bceaf24e26296d031eadf134a2ca4105,0x7d7414d838dbd42a7739dd5a8abf1e11cf390cca15d1931da0960d1ca56ceaae
265,348,0.009222,0xc9d7fec9889690bbff0a0df758d13e5a55dd7822,2017-09-03T16:24:38.000Z,0.0000265,0x7cbc4e0d168744912c5afc081499145bbdc51e69,sell,0x814964b1bceaf24e26296d031eadf134a2ca4105,0x86bdb516221da8eceeb80ebb5c62f4c757154e885bab919d8fe18b966bd6c3e3
266,18537,0.7099999997,0x13e2c5f84bce6ff7b9068313b21729dc8fd55d5a,2017-09-03T13:52:08.000Z,0.00003830177481253709,0x13e2c5f84bce6ff7b9068313b21729dc8fd55d5a,buy,0x814964b1bceaf24e26296d031eadf134a2ca4105,0xbba86c4183a601f05ace68c4d35d3653bdb8cb6cabcc395626fbdc8961507e33
267,1,0.000039,0xcc8f72d19e9af2a071421c076e4ae1ecf893d0fe,2017-09-03T12:42:17.000Z,0.000039,0xc9d7fec9889690bbff0a0df758d13e5a55dd7822,buy,0x814964b1bceaf24e26296d031eadf134a2ca4105,0xdc0103f33203c5871e64aa773c4b8c39a9c748f33d6260691630e5a5a28d27bc
268,569,0.0150785,0xc9d7fec9889690bbff0a0df758d13e5a55dd7822,2017-09-03T10:32:44.000Z,0.0000265,0xefc057ecaef6026d4ecf7dea8a5cd42fab3ff590,sell,0x814964b1bceaf24e26296d031eadf134a2ca4105,0x9e2f23902bdbb4201896605ea88f03d8c7006ccac52a55596799e986e0a12dd6
269,827,0.0243965,0xc9d7fec9889690bbff0a0df758d13e5a55dd7822,2017-09-03T10:27:37.000Z,0.0000295,0xefc057ecaef6026d4ecf7dea8a5cd42fab3ff590,sell,0x814964b1bceaf24e26296d031eadf134a2ca4105,0x2b2d40328a011e262403c72ecbf04f6253bf74d77ea79dd0eb43fa59d2ac78dd
270,22193,0.8499999813,0x13e2c5f84bce6ff7b9068313b21729dc8fd55d5a,2017-09-02T21:40:15.000Z,0.0000383003641373406,0x13e2c5f84bce6ff7b9068313b21729dc8fd55d5a,buy,0x814964b1bceaf24e26296d031eadf134a2ca4105,0x07618e6e22b799af74b8b8d50e018a04af04f5bceddc94c2c848a3a0adc73383
271,23498,0.9000000185,0x13e2c5f84bce6ff7b9068313b21729dc8fd55d5a,2017-09-02T12:52:00.000Z,0.00003830113279853605,0x13e2c5f84bce6ff7b9068313b21729dc8fd55d5a,buy,0x814964b1bceaf24e26296d031eadf134a2ca4105,0x7acc6a65f13862a1c32aad397d4c09310c0e4b48a9a29d24c9fa3159af30d224
272,446,0.013157,0xc9d7fec9889690bbff0a0df758d13e5a55dd7822,2017-09-02T11:21:30.000Z,0.0000295,0x6babd05e78a7eca0d99540611d73812062751464,sell,0x814964b1bceaf24e26296d031eadf134a2ca4105,0xc936e1659267b78c6e962df416e1c7b3e2d2b860a1153e5cf36004797e96b63b
273,252,0.00756,0x77a833b3856c7d4ec38c3b6325090236600dcdda,2017-09-02T11:18:43.000Z,0.00003,0x6babd05e78a7eca0d99540611d73812062751464,sell,0x814964b1bceaf24e26296d031eadf134a2ca4105,0x0d7f324bb997a05481e523b009b9b16629cf0f412947b37b8041b53791d299f7
274,116,0.00348,0x77a833b3856c7d4ec38c3b6325090236600dcdda,2017-09-02T08:10:54.000Z,0.00003,0x66d23b792c8bb7c35b180102c63e5a7be944226d,sell,0x814964b1bceaf24e26296d031eadf134a2ca4105,0xe5d663dfcb8b1bde5710f971e62562b1f86c2e28e3030ba18abcb55a574864a8
275,5,0.00018995,0x771cc47c5b941b67b04f5fe32c233bd58f350d70,2017-09-02T08:09:50.000Z,0.00003799,0x2691481e28b6ff11569ad4e378fa8f27358ba82a,buy,0x814964b1bceaf24e26296d031eadf134a2ca4105,0x9ffa61f7bdb0ea7c67ad35dbc14c3f86a4c3fc09a9579845b0a0be8085fa3ebf
276,582,0.01746,0xc9d7fec9889690bbff0a0df758d13e5a55dd7822,2017-09-02T08:06:30.000Z,0.00003,0x66d23b792c8bb7c35b180102c63e5a7be944226d,sell,0x814964b1bceaf24e26296d031eadf134a2ca4105,0x155520f12ec181392d75d33bda62d712e072b4e5883d65d1d897550107cfba88
277,498,0.01743,0xf5f87d0ec87abd66343fc4be7932df3d4f721468,2017-09-01T22:19:07.000Z,0.000035,0x67c1559f671935e1601eba3d688f029f87a00db6,sell,0x814964b1bceaf24e26296d031eadf134a2ca4105,0xb729f402d92055ca0c0ae9098b92bb9b7b8fcebf9ac314f6e31b728c74bb23be
278,248,0.00941904,0x77a833b3856c7d4ec38c3b6325090236600dcdda,2017-09-01T17:53:41.000Z,0.00003798,0x39e3f0d786c0278a7c23d397354170ab66eaea14,buy,0x814964b1bceaf24e26296d031eadf134a2ca4105,0x81c41273958893b7645b9b19c1d8c4ad4e59eea4c404e755eb795c93c0bc3ad6
279,1,0.00003798,0x244e9a7b7492a8432a35a2dcd4b5dd740fe4ad2a,2017-09-01T15:11:08.000Z,0.00003798,0x39e3f0d786c0278a7c23d397354170ab66eaea14,buy,0x814964b1bceaf24e26296d031eadf134a2ca4105,0x4ec204a00de82c50722f74c049e77e22f9872cf5193d8c96e8f0421668a46811
280,14500,0.55535,0x13e2c5f84bce6ff7b9068313b21729dc8fd55d5a,2017-09-01T11:33:51.000Z,0.0000383,0x13e2c5f84bce6ff7b9068313b21729dc8fd55d5a,buy,0x814964b1bceaf24e26296d031eadf134a2ca4105,0x649a722cc7ddf3a071e7e1244ad525869b02eb1af37087355597286caeccdc2c
281,19856,0.7604848,0x13e2c5f84bce6ff7b9068313b21729dc8fd55d5a,2017-09-01T11:33:15.000Z,0.0000383,0x13e2c5f84bce6ff7b9068313b21729dc8fd55d5a,buy,0x814964b1bceaf24e26296d031eadf134a2ca4105,0xab594c6f910cbd01d4adbf59579023bfb6a1ecc9d5e59bcf7aeb03b2451eff36
282,1,0.00003798,0x771cc47c5b941b67b04f5fe32c233bd58f350d70,2017-09-01T11:21:32.000Z,0.00003798,0x39e3f0d786c0278a7c23d397354170ab66eaea14,buy,0x814964b1bceaf24e26296d031eadf134a2ca4105,0xfd131ba21a3679060d9c585c9450aba2b8fe9fd7fa567d9b9f4fcd8498876d75
283,350,0.013293,0xe2e584319f57671638cb28321b830e4a79d47218,2017-09-01T02:28:02.000Z,0.00003798,0x3fb2b41d90b154fa5676bdf1a744eda527de9c88,buy,0x814964b1bceaf24e26296d031eadf134a2ca4105,0xe58ed6326bef6ef2e0610a6cd20cec4e8c0c42bbfdfdcb0300c2ba8ffaaf6a36
284,697,0.02091,0xc9d7fec9889690bbff0a0df758d13e5a55dd7822,2017-09-01T02:22:46.000Z,0.00003,0x2d923a09bf3110b21381a528552700531de83f63,sell,0x814964b1bceaf24e26296d031eadf134a2ca4105,0xfe88fb4cefcd61a376e5d346596cd97bf0fe22b4029ae0eadaec185fed2dd4bd
285,19867,0.7609061,0x13e2c5f84bce6ff7b9068313b21729dc8fd55d5a,2017-08-31T22:19:33.000Z,0.0000383,0x13e2c5f84bce6ff7b9068313b21729dc8fd55d5a,buy,0x814964b1bceaf24e26296d031eadf134a2ca4105,0xab093bf8ae713dfa14ec8bc9ace556f95a1ca46a2347614d3ac05e7a819eab2e
286,3988,0.11964,0xc9d7fec9889690bbff0a0df758d13e5a55dd7822,2017-08-31T07:07:42.000Z,0.00003,0x732e93a9f72179bf1d96c4f642119f025aa39cc5,sell,0x814964b1bceaf24e26296d031eadf134a2ca4105,0x7f00ef8cb90ec1b62aa2d3d5714ae68b4a885f78b8708f2beebed3637a577726
287,1,0.00003,0xc9d7fec9889690bbff0a0df758d13e5a55dd7822,2017-08-31T06:57:21.000Z,0.00003,0x732e93a9f72179bf1d96c4f642119f025aa39cc5,sell,0x814964b1bceaf24e26296d031eadf134a2ca4105,0xfb8642f4a87e4a3850fb6887707cd86ce898743aeef603dc0f341c5f4853c1b7
288,996,0.02988,0xc9d7fec9889690bbff0a0df758d13e5a55dd7822,2017-08-31T06:52:10.000Z,0.00003,0x732e93a9f72179bf1d96c4f642119f025aa39cc5,sell,0x814964b1bceaf24e26296d031eadf134a2ca4105,0x095ff09fa04fd274adf5dc27a2f845a52a48c0bb663d0663369194710421d70c
289,22500,0.86175,0x13e2c5f84bce6ff7b9068313b21729dc8fd55d5a,2017-08-31T02:04:08.000Z,0.0000383,0x13e2c5f84bce6ff7b9068313b21729dc8fd55d5a,buy,0x814964b1bceaf24e26296d031eadf134a2ca4105,0x4267c76b24102ccf555211afe5df624687711a1e514ab4f5cf1c8d5fa75fedb6
290,25000,0.9575,0x13e2c5f84bce6ff7b9068313b21729dc8fd55d5a,2017-08-31T02:00:55.000Z,0.0000383,0x13e2c5f84bce6ff7b9068313b21729dc8fd55d5a,buy,0x814964b1bceaf24e26296d031eadf134a2ca4105,0x2a44918a3e0cfa7e0fc4677848be7af28054e7960e0a334156b27a79df6c8ab7
291,852,0.02556,0x0024a5046fd95c5eee6db19a69ef7ed3bacd50f1,2017-08-30T18:50:21.000Z,0.00003,0xeb5e7dbcdf2c406d5445440b39d4841827d5d068,buy,0x814964b1bceaf24e26296d031eadf134a2ca4105,0xae8f1937eea8549872b31970b386cc5bb1ccfc4580cacd3e099e48e5625f0b4f
292,1994,0.05982,0xc9d7fec9889690bbff0a0df758d13e5a55dd7822,2017-08-30T05:31:06.000Z,0.00003,0xaef0a87ccab111f7125bce9f9bf6bcff746c9d85,sell,0x814964b1bceaf24e26296d031eadf134a2ca4105,0x3105d55c421bd8bc597d1575c939c6d8c19985ac7434515da34d54e675614f98
293,697,0.02091,0xc9d7fec9889690bbff0a0df758d13e5a55dd7822,2017-08-30T03:04:20.000Z,0.00003,0x69e9f172df5d80f326e41c11aaaa2b9614cd0442,sell,0x814964b1bceaf24e26296d031eadf134a2ca4105,0x03016b7737d1bd79586db47faf4fb26006e0d1bf16c9836d2f18ed76b34bccbe
294,21000,0.8043,0x13e2c5f84bce6ff7b9068313b21729dc8fd55d5a,2017-08-30T01:23:57.000Z,0.0000383,0x13e2c5f84bce6ff7b9068313b21729dc8fd55d5a,buy,0x814964b1bceaf24e26296d031eadf134a2ca4105,0xb50c171475c71c9e09e71014d546f69fe8744c6fd2fdbcc4da28fb95a7b1bf68
295,348,0.01044,0xc9d7fec9889690bbff0a0df758d13e5a55dd7822,2017-08-29T21:49:28.000Z,0.00003,0xdbf21dae3bac06cf2a97596198086d4ed8d59ca9,sell,0x814964b1bceaf24e26296d031eadf134a2ca4105,0x95632a788bf79da40b272e402c88cdb4ac003d8673f076985cc95195a91a67d3
296,198,0.00594,0xc9d7fec9889690bbff0a0df758d13e5a55dd7822,2017-08-29T20:17:55.000Z,0.00003,0xeb5e7dbcdf2c406d5445440b39d4841827d5d068,sell,0x814964b1bceaf24e26296d031eadf134a2ca4105,0x554f1c05db0457abaa59676962aed842be9288eef7651dbb2d62f72abc20bd47
297,697,0.02091,0xc9d7fec9889690bbff0a0df758d13e5a55dd7822,2017-08-29T17:52:22.000Z,0.00003,0x1877bcf7a55f61647d8d2d2deb0a1718de2425da,sell,0x814964b1bceaf24e26296d031eadf134a2ca4105,0x6935fb695f3dd63740ea0421f6b86197bf1b6f71d1b37eaba80f55f6a7afd69f
298,25000,0.9575,0x13e2c5f84bce6ff7b9068313b21729dc8fd55d5a,2017-08-29T01:58:53.000Z,0.0000383,0x13e2c5f84bce6ff7b9068313b21729dc8fd55d5a,buy,0x814964b1bceaf24e26296d031eadf134a2ca4105,0xb80683d4bbb3fc46a28bff1c4e270634ae95d9417a636099f0e66b98b77867eb
299,1000,0.0382,0x52d0f87d3058eeba6261c34ae464cedc14fa644c,2017-08-28T23:41:16.000Z,0.0000382,0x0f7ce02f8af040579eb7a93549bdcc965fa8eb7b,buy,0x814964b1bceaf24e26296d031eadf134a2ca4105,0x7fca4d75cbe3870d56726d4df53ab83d6d123b1048b27740a51d50ff067fc672
300,3000,0.1146,0xbc43454e4b5c4cdbb2099449b76e11664307a1f2,2017-08-28T21:24:30.000Z,0.0000382,0x0f7ce02f8af040579eb7a93549bdcc965fa8eb7b,buy,0x814964b1bceaf24e26296d031eadf134a2ca4105,0xc87f1243dde0c391e388d1a841232ce015ff7c5087eca91ef580a7df0f09be1d
301,9969,0.29907,0xc9d7fec9889690bbff0a0df758d13e5a55dd7822,2017-08-28T18:28:13.000Z,0.00003,0x1339147e052f7638d9ba78a5b1021e44e3224cd1,sell,0x814964b1bceaf24e26296d031eadf134a2ca4105,0x0a01fcf9f4a7c76ca81e04a2a97b8369fbb703cdb4c1b5464c7311b3a5ac9a5b
302,697,0.02091,0xc9d7fec9889690bbff0a0df758d13e5a55dd7822,2017-08-28T13:47:18.000Z,0.00003,0x18644bce29fe657939f2b60233c48563be1f768d,sell,0x814964b1bceaf24e26296d031eadf134a2ca4105,0xe1eb267a43cc6bba588590bfd51b22435fff918b150a27028bc99d053f92eda1
303,26109,1.0000000163,0xc9d7fec9889690bbff0a0df758d13e5a55dd7822,2017-08-27T21:53:15.000Z,0.00003830096963882186,0x13e2c5f84bce6ff7b9068313b21729dc8fd55d5a,buy,0x814964b1bceaf24e26296d031eadf134a2ca4105,0x9fdb6932b7edd26e4c22bf1b535a860dc4e037498655d3b11ad4fcbc0f507e7a
304,18635,0.726797019,0xc9d7fec9889690bbff0a0df758d13e5a55dd7822,2017-08-26T18:55:50.000Z,0.00003900171821840622,0xc9d7fec9889690bbff0a0df758d13e5a55dd7822,buy,0x814964b1bceaf24e26296d031eadf134a2ca4105,0x7e221c6cf150c7b4ee5d83a86fdd0873802a7cccd3542dc554a809e4dcb2e130
305,153,0.00459,0xc9d7fec9889690bbff0a0df758d13e5a55dd7822,2017-08-26T17:58:59.000Z,0.00003,0xcfa4e3ccc9f1805b18315b0aea4e2813aa62f76d,sell,0x814964b1bceaf24e26296d031eadf134a2ca4105,0x6a10d2c9dc99ed9d7165e7723c00f357f3174fcc1ce9375afc5982446fab576f
306,348,0.01044,0xc9d7fec9889690bbff0a0df758d13e5a55dd7822,2017-08-26T17:46:26.000Z,0.00003,0x6878c3738e72412f641046f39f20a0fe4798efb9,sell,0x814964b1bceaf24e26296d031eadf134a2ca4105,0xcc3815a03b3277a737958857ba3334e630e94aa18cb60bd01a205d28e46c4703
307,348,0.01044,0xc9d7fec9889690bbff0a0df758d13e5a55dd7822,2017-08-26T17:28:03.000Z,0.00003,0xcfbb2c0ab682cc4e4823facc94b1b61396946ffc,sell,0x814964b1bceaf24e26296d031eadf134a2ca4105,0xb21895e8a7b0bde23f072bdac9ba8548a4b06e2dab53be358caef2d834a76c57
308,44871,1.750000005,0xc9d7fec9889690bbff0a0df758d13e5a55dd7822,2017-08-25T22:00:57.000Z,0.00003900069098081166,0xc9d7fec9889690bbff0a0df758d13e5a55dd7822,buy,0x814964b1bceaf24e26296d031eadf134a2ca4105,0x24e179648a76540f3f50c614a5749da181968ed7c710bbd0204828450462eced
309,438,0.01314,0xc9d7fec9889690bbff0a0df758d13e5a55dd7822,2017-08-25T20:24:58.000Z,0.00003,0x9367c27fb007430a71e424fdd6cc3fe2af1d16b0,sell,0x814964b1bceaf24e26296d031eadf134a2ca4105,0x280527f1abf66787ae2208c5f78718aef73f55790d749500e4268d455633e278
310,100,0.00383,0xff64f34e8511693e3dffa0e1fe037a6a65f3937b,2017-08-25T17:33:33.000Z,0.0000383,0x39e3f0d786c0278a7c23d397354170ab66eaea14,buy,0x814964b1bceaf24e26296d031eadf134a2ca4105,0x3a457d4af8d272a56d02f12a1bf0e7a910299d1866c9d1b801b94ed644f6c640
311,1,0.000039,0xbb325a2ee38566c7a03010b2c4929fd99861bf36,2017-08-25T12:07:44.000Z,0.000039,0xc9d7fec9889690bbff0a0df758d13e5a55dd7822,buy,0x814964b1bceaf24e26296d031eadf134a2ca4105,0x7324c02f4ce198834f1657c93703544bc2072c9811ff0c57775d94e2b5cd19a5
312,1,0.000039,0xbb325a2ee38566c7a03010b2c4929fd99861bf36,2017-08-25T12:07:44.000Z,0.000039,0xc9d7fec9889690bbff0a0df758d13e5a55dd7822,buy,0x814964b1bceaf24e26296d031eadf134a2ca4105,0xf53937826b5d9bdf3b9dbce4ac242c48ad77251fb7425841c525d10e9c24ad85
313,349,0.01047,0xc9d7fec9889690bbff0a0df758d13e5a55dd7822,2017-08-25T09:29:26.000Z,0.00003,0x670563c34b7889e9a6aa2f4fdb7d95a2f0ddeef6,sell,0x814964b1bceaf24e26296d031eadf134a2ca4105,0xc82f79ef9e32a87e7359a41199b18eeef8baaaccdc40789b9909b08c0b470d08
314,41025,1.599999999,0xc9d7fec9889690bbff0a0df758d13e5a55dd7822,2017-08-24T22:12:10.000Z,0.00003900060936014625,0xc9d7fec9889690bbff0a0df758d13e5a55dd7822,buy,0x814964b1bceaf24e26296d031eadf134a2ca4105,0xd35190dc94709d3a8ffb2f8eccaaf21cbde94bb0384f60e404749209fc57c143
315,260,0.0100000128,0x6d3d0dfa885186833d6cf04f7890aab7d3b43cd1,2017-08-24T20:25:01.000Z,0.00003846158769230769,0x9367c27fb007430a71e424fdd6cc3fe2af1d16b0,buy,0x814964b1bceaf24e26296d031eadf134a2ca4105,0xa8cd2a81773f376471720c84b86fb98c027c4463ca4364992337c8770bbc8d6f
316,3789,0.1117755,0xc9d7fec9889690bbff0a0df758d13e5a55dd7822,2017-08-24T19:03:00.000Z,0.0000295,0xe5edf2ba13bfb6ed2e4ccb32fbd6d4b73c83277d,sell,0x814964b1bceaf24e26296d031eadf134a2ca4105,0xbe4a7fba8947a946631a9ed17fa3b755eb03ea6d03094f48a9da06bd6143bbbc
317,685,0.02055,0xc9d7fec9889690bbff0a0df758d13e5a55dd7822,2017-08-24T18:57:11.000Z,0.00003,0xe5edf2ba13bfb6ed2e4ccb32fbd6d4b73c83277d,sell,0x814964b1bceaf24e26296d031eadf134a2ca4105,0xe26efc918b00537764483236ebd13c0d3b23ebe8008e702c915f2ac3c70649bb
318,512,0.017948248724158334,0x96e1e7ba823796772bbda5c2abe81c8556b5e937,2017-08-24T14:23:21.000Z,0.00003505517328937174,0xe5edf2ba13bfb6ed2e4ccb32fbd6d4b73c83277d,buy,0x814964b1bceaf24e26296d031eadf134a2ca4105,0x06916c3b922bbd265627046c89c4064c8d90e8d440935a5479ffad9e1913839d
319,38461,1.499999982,0xc9d7fec9889690bbff0a0df758d13e5a55dd7822,2017-08-23T20:52:34.000Z,0.00003900054553963755,0xc9d7fec9889690bbff0a0df758d13e5a55dd7822,buy,0x814964b1bceaf24e26296d031eadf134a2ca4105,0xea8a6ac11ba293d83983947770218b3e613866d4dade64d4f3383a245d188ce0
320,196,0.006076,0xc9d7fec9889690bbff0a0df758d13e5a55dd7822,2017-08-23T16:52:53.000Z,0.000031,0xcfa4e3ccc9f1805b18315b0aea4e2813aa62f76d,sell,0x814964b1bceaf24e26296d031eadf134a2ca4105,0x3fa5ba964c30209f5423695c81d5233cfbe238328d88906c8d170fde267a6f10
321,14804,0.458924,0xc9d7fec9889690bbff0a0df758d13e5a55dd7822,2017-08-23T15:33:32.000Z,0.000031,0x8be19c1d6bba5bb728dcfa4a00f779bfb94d0324,sell,0x814964b1bceaf24e26296d031eadf134a2ca4105,0xf1b9efb9342dee867bd80e7e56b213db9841b7c7bb1a82f01e24e03a8484b5b8
322,11330,0.43055044413178634,0x1339147e052f7638d9ba78a5b1021e44e3224cd1,2017-08-23T04:46:27.000Z,0.00003800092181216119,0xc9d7fec9889690bbff0a0df758d13e5a55dd7822,buy,0x814964b1bceaf24e26296d031eadf134a2ca4105,0x22a56f9193ec2120ff6f6ae633f17ba0d345123f191d12661091dbae11e935d7
323,11330,0.43055044413178634,0x1339147e052f7638d9ba78a5b1021e44e3224cd1,2017-08-23T04:46:27.000Z,0.00003800092181216119,0xc9d7fec9889690bbff0a0df758d13e5a55dd7822,buy,0x814964b1bceaf24e26296d031eadf134a2ca4105,0x22a56f9193ec2120ff6f6ae633f17ba0d345123f191d12661091dbae11e935d7
324,6753,0.2600000095,0x37dd4e5111c436147b1ff6821983bcf81fb23352,2017-08-22T22:09:44.000Z,0.00003850140818895306,0xc9d7fec9889690bbff0a0df758d13e5a55dd7822,buy,0x814964b1bceaf24e26296d031eadf134a2ca4105,0x11dd2e0b59cac730a8b6741bee703ead5681dfb56ac447ad2f1dc44519c3a015
325,23051,0.887499998,0xc9d7fec9889690bbff0a0df758d13e5a55dd7822,2017-08-22T20:19:08.000Z,0.00003850158335863954,0xc9d7fec9889690bbff0a0df758d13e5a55dd7822,buy,0x814964b1bceaf24e26296d031eadf134a2ca4105,0x1a48c84afb473a2fc2eb67ee59fdac16ac5e68d50fa93088294043adc42df6aa
326,348,0.01044,0xc9d7fec9889690bbff0a0df758d13e5a55dd7822,2017-08-22T19:47:19.000Z,0.00003,0x3423b8bb1bc7776465adfbcaf8c8ffd1ea0b06e6,sell,0x814964b1bceaf24e26296d031eadf134a2ca4105,0x55969eb616c0203cfcf9e8481ef45b59ee85264cbaca8c85e20aa540e217351d
327,2,0.00006,0xc9d7fec9889690bbff0a0df758d13e5a55dd7822,2017-08-22T13:08:19.000Z,0.00003,0xaf4787692a209afce577504764009e36cd0e6679,sell,0x814964b1bceaf24e26296d031eadf134a2ca4105,0xb0bc8c35456bf1d5f71849d8b5c60894c09c156bac652ab5aecf2da8be64c0cf
328,19938,0.588171,0xc9d7fec9889690bbff0a0df758d13e5a55dd7822,2017-08-22T13:07:04.000Z,0.0000295,0xaf4787692a209afce577504764009e36cd0e6679,sell,0x814964b1bceaf24e26296d031eadf134a2ca4105,0x26eef62727e2a82cec3bac2d5367d0ae9274f593c5ce9d3007d1c5bcb9918839
329,697,0.02091,0xc9d7fec9889690bbff0a0df758d13e5a55dd7822,2017-08-22T09:35:50.000Z,0.00003,0xc58059dcfe0ca70604d00f450d7390d8ca154531,sell,0x814964b1bceaf24e26296d031eadf134a2ca4105,0x45b938d18d7f04e2aeb7c2296b77d6ac9705a069eab62f5b9bdc926738eed4e3
330,4459,0.16947462865118135,0x3c80fdcbc9243f1d5d957810155fdfbbcd282b2e,2017-08-22T01:30:40.000Z,0.00003800731748176303,0xc9d7fec9889690bbff0a0df758d13e5a55dd7822,buy,0x814964b1bceaf24e26296d031eadf134a2ca4105,0x46454984c38999c448736625719533974610d89fb4c0370ea51d7b32df821ce6
331,1395,0.04185,0xc9d7fec9889690bbff0a0df758d13e5a55dd7822,2017-08-22T00:27:23.000Z,0.00003,0x0c91b4514310c99da9b1ba2910e07548f8418169,sell,0x814964b1bceaf24e26296d031eadf134a2ca4105,0x38b65fcfd60e440edda3584f069980bcc35be2f9f1ac6ce9202bd8624cdf8071
332,51948,2.000000002,0xc9d7fec9889690bbff0a0df758d13e5a55dd7822,2017-08-21T23:18:56.000Z,0.00003850003853853854,0xc9d7fec9889690bbff0a0df758d13e5a55dd7822,buy,0x814964b1bceaf24e26296d031eadf134a2ca4105,0xdbc55fda38874fd97463f353633cba619f34d8b073e890f7dbb358040579336c
333,1246,0.03738,0xc9d7fec9889690bbff0a0df758d13e5a55dd7822,2017-08-21T20:13:23.000Z,0.00003,0x98b31d397cb7ecffe83167cef2c9f13e9722071e,sell,0x814964b1bceaf24e26296d031eadf134a2ca4105,0xb7edaa62730d38d2032587267f24614f5f26d2b22c512bcc557313e9245a205d
334,65,0.0021125,0xc9d7fec9889690bbff0a0df758d13e5a55dd7822,2017-08-21T20:12:18.000Z,0.0000325,0x98b31d397cb7ecffe83167cef2c9f13e9722071e,sell,0x814964b1bceaf24e26296d031eadf134a2ca4105,0xadd3711f559652a68ea97afe05afa473a507e38f04d5201d26bd6b7207115419
335,97,0.00291,0xc9d7fec9889690bbff0a0df758d13e5a55dd7822,2017-08-21T16:20:08.000Z,0.00003,0x98e1ea694dbbea59f283a37eaf295ecabc55ab6b,sell,0x814964b1bceaf24e26296d031eadf134a2ca4105,0x899c4be95410956269139b61f296ab6d9d72a0eba95f383bfedcb713df106747
336,1315,0.049974921217032335,0x98b31d397cb7ecffe83167cef2c9f13e9722071e,2017-08-21T13:02:16.000Z,0.0000380037423703668,0xc9d7fec9889690bbff0a0df758d13e5a55dd7822,buy,0x814964b1bceaf24e26296d031eadf134a2ca4105,0x6e800146da4607f05b696d69d9908d836e9a4aec2b64902683ba7e11d21b1cbe
337,697,0.0226525,0xc9d7fec9889690bbff0a0df758d13e5a55dd7822,2017-08-21T01:46:40.000Z,0.0000325,0x84ad7cf6939768aeeea562fb4744ff1beffdd13c,sell,0x814964b1bceaf24e26296d031eadf134a2ca4105,0xe00b8238bba82c10ac835187ff3a6f6afda8bea52859e27398fedd94d59ef101
338,697,0.0226525,0xc9d7fec9889690bbff0a0df758d13e5a55dd7822,2017-08-20T10:32:03.000Z,0.0000325,0xbb71615f74a576a44c3e10c81af4fcb9511286c7,sell,0x814964b1bceaf24e26296d031eadf134a2ca4105,0xdbdaa7f62f7764182d93fbd8966e6e2615eb60429459857e54d20c33dc80b040
339,6995,0.2693075,0x48ae7ea7038973e4dd8316cb37ffd01a8b3b9828,2017-08-20T03:16:01.000Z,0.0000385,0xc9d7fec9889690bbff0a0df758d13e5a55dd7822,buy,0x814964b1bceaf24e26296d031eadf134a2ca4105,0xbfd97bc09a8f6e82d6beaa4ae2971ea48e3a6e4e94acfcbb8a9254de8f123aea
340,700,0.02275,0x48ae7ea7038973e4dd8316cb37ffd01a8b3b9828,2017-08-20T03:13:08.000Z,0.0000325,0x486e0327bf89ea5394a07b318783d5afc2dfdf42,buy,0x814964b1bceaf24e26296d031eadf134a2ca4105,0x3daa15044bdcbe98a66d55884f6090945b0d989bb191d58a55e76f7ef7b46fa8
341,700,0.02275,0x84ad7cf6939768aeeea562fb4744ff1beffdd13c,2017-08-19T22:50:40.000Z,0.0000325,0xdf78cf07ef59411f3e747c54ecd0fe5aa66f54fe,buy,0x814964b1bceaf24e26296d031eadf134a2ca4105,0x8a0e47b6c8fd18adfe6f67f9488c6a0e72ed1d5e3a5c439d879242ae5615b619
342,550,0.01782,0x4e68b33241858b3e4718af994e94ae11fbdc9b2d,2017-08-19T22:23:43.000Z,0.0000324,0x5cb9c6a832282df6f9772de0f29a5233e0a651f0,buy,0x814964b1bceaf24e26296d031eadf134a2ca4105,0x27c33d158b9854517df6bd815acd6b3b538c2ff22fca16be81e693a7558321d5
343,150,0.00486,0x4e68b33241858b3e4718af994e94ae11fbdc9b2d,2017-08-19T21:23:23.000Z,0.0000324,0x5cb9c6a832282df6f9772de0f29a5233e0a651f0,buy,0x814964b1bceaf24e26296d031eadf134a2ca4105,0x2290ce4583a56af9f5e9e9d39fa77ad8ea590996f29161f45cbf48e79c4765e8
344,40257,1.529775994,0xc9d7fec9889690bbff0a0df758d13e5a55dd7822,2017-08-19T19:59:27.000Z,0.00003800024825496187,0xc9d7fec9889690bbff0a0df758d13e5a55dd7822,buy,0x814964b1bceaf24e26296d031eadf134a2ca4105,0xb5d25ad02580192e2f57ca3fc8985822e3e5cc54b110281230f9add79bba2132
345,797,0.0259025,0xc9d7fec9889690bbff0a0df758d13e5a55dd7822,2017-08-19T11:13:08.000Z,0.0000325,0x16bfd8e4ff23afc8f2919ada3c6ae16e6cf90c01,sell,0x814964b1bceaf24e26296d031eadf134a2ca4105,0xf0c9107665995f8c7c4bb6e35463c394a4d14a2ddda74c511f7b7c3e7aa782ed
346,448,0.01456,0xc9d7fec9889690bbff0a0df758d13e5a55dd7822,2017-08-19T10:35:27.000Z,0.0000325,0x8242b2173700ce4cada03b13b11ab852db2b1c82,sell,0x814964b1bceaf24e26296d031eadf134a2ca4105,0x930efa8eecd213291b3a83bfeec06bcb896bc456df0236732ce06933f9653bd4
347,348,0.01131,0xc9d7fec9889690bbff0a0df758d13e5a55dd7822,2017-08-19T03:33:58.000Z,0.0000325,0x3229b2aa8a1b07d3812f954db8eaf700ff788842,sell,0x814964b1bceaf24e26296d031eadf134a2ca4105,0x319f8a26fc6d557a963c1402d56dfe7a3a24392f9a97382b76406fd56be2f23f
348,498,0.016185,0xc9d7fec9889690bbff0a0df758d13e5a55dd7822,2017-08-18T18:20:06.000Z,0.0000325,0xd9b78f3c31354e2239a8d4fd0c475ee276a2cd41,sell,0x814964b1bceaf24e26296d031eadf134a2ca4105,0x25658c7268d5c3370ab34beef94a40844f51b8123fb374d5203e832a872b11b0
349,51948,2.000000002,0xc9d7fec9889690bbff0a0df758d13e5a55dd7822,2017-08-17T23:38:59.000Z,0.00003850003853853854,0xc9d7fec9889690bbff0a0df758d13e5a55dd7822,buy,0x814964b1bceaf24e26296d031eadf134a2ca4105,0x39931e4722bfbd12c947457f65dbdf174545440a9842aa1e22666b00878a38d6
350,697,0.0226525,0xc9d7fec9889690bbff0a0df758d13e5a55dd7822,2017-08-17T16:38:13.000Z,0.0000325,0xb6c4adb5be1630f85042693526d0e01a05005c33,sell,0x814964b1bceaf24e26296d031eadf134a2ca4105,0x016d2a830513871d17668eb59713fdc854cc684dc63bbef4080f6b09f6681edd
351,697,0.0226525,0xc9d7fec9889690bbff0a0df758d13e5a55dd7822,2017-08-17T04:52:29.000Z,0.0000325,0x22605c79d439d8dae45b716c673c5f2c2d6a89ac,sell,0x814964b1bceaf24e26296d031eadf134a2ca4105,0xdea59bd6f56fdaedb1a06009b85b149b825b038296ea749adafe2b60fb352aa4
352,697,0.0226525,0xc9d7fec9889690bbff0a0df758d13e5a55dd7822,2017-08-17T03:59:39.000Z,0.0000325,0xc1346d33fff2271a5cb5db019cac16dcba39bfdd,sell,0x814964b1bceaf24e26296d031eadf134a2ca4105,0xa4d1ff16c9303f88160826ac0ecceab0a15162aa8f601e4f55c33b56bf7cc96e
