,amount,amountBase,buyer,date,price,seller,side,tokenAddr,txHash
0,239246,0.1165131,0x30ee2c9a98254999e34e4ba179147ac4be78bd7b,2017-11-02T10:04:42.000Z,0.00000048700124557986,0x3f09c95509fd8cb9c6362828b6d6e97d853c073c,buy,0x30aee7f259d6d1564ebef457847c672b30f13cbc,0xde0f1e01ff89ff95f4d25435c83863ea357a91fe1b5fbe82ef24e235b39dd7c9
1,677946,0.141690714,0x5c768cd8d2bbc26086c2a159c3e5afe60ed72f23,2017-11-02T09:52:41.000Z,0.000000209,0x30ee2c9a98254999e34e4ba179147ac4be78bd7b,sell,0x30aee7f259d6d1564ebef457847c672b30f13cbc,0xedfb91b8605eb14f07c27fed216afa3bcf04f9fba82504677f3b17c10402d373
2,1026,0.0005,0x4fda9e6bcd83af6c5cc771b5d20accc2b7720074,2017-11-02T09:49:42.000Z,0.00000048732943469785,0x3f09c95509fd8cb9c6362828b6d6e97d853c073c,buy,0x30aee7f259d6d1564ebef457847c672b30f13cbc,0xb4ae6c3ec636e649d704c1c8f3d2e3b739f0064f58149a8647143f570ef8eb25
3,517500,0.156285,0x88650fdbfbb5c7933eb52008c4387050b963747d,2017-11-02T09:42:54.000Z,0.000000302,0x30ee2c9a98254999e34e4ba179147ac4be78bd7b,sell,0x30aee7f259d6d1564ebef457847c672b30f13cbc,0x1eda95fe7ddb46fd602c83a03b5451348cb8908e7904683225f254fc25996aa0
4,1026,0.0005,0x3075f7f189912f4f425dd7021b9c396434197477,2017-11-02T09:37:43.000Z,0.00000048732943469785,0x3f09c95509fd8cb9c6362828b6d6e97d853c073c,buy,0x30aee7f259d6d1564ebef457847c672b30f13cbc,0x0cc39d7250b46d2e0eda597ed2fb6165a9d8805899d68756f798ffce7b6b4545
5,300000,0.0909,0xf0b6feeaff52411c0b9a750f41aaafbf288f4375,2017-11-02T09:36:11.000Z,0.000000303,0x30ee2c9a98254999e34e4ba179147ac4be78bd7b,sell,0x30aee7f259d6d1564ebef457847c672b30f13cbc,0x99065655609499393ad06cd42d60b83492ae0f57997664d6c1a56b4f1383284c
6,3000000,0.9093,0xbcce870909b3dbbe28f744f69b080dbdeeb7748a,2017-11-02T07:40:11.000Z,0.0000003031,0x70d692072e72e1b4b26b01be1541cb46af42d8cb,sell,0x30aee7f259d6d1564ebef457847c672b30f13cbc,0xc4a9fbff292d3437663c347b35418d0c0b8f784047bba1bc5d39d0f9db9cfee0
7,2850000,1.39365,0xd061966e0a85959c291aa1ead801c8cc91a339e2,2017-11-02T04:12:35.000Z,0.000000489,0xa3d7dedda551204ccb03bd79aa87824cc453b8de,buy,0x30aee7f259d6d1564ebef457847c672b30f13cbc,0x1b5e696aeab1dd4ab36b7ad7a867739750b6856dd4b1c87aa2347aac9330d033
8,1500000,0.7335,0xd061966e0a85959c291aa1ead801c8cc91a339e2,2017-11-02T02:18:29.000Z,0.000000489,0xa3d7dedda551204ccb03bd79aa87824cc453b8de,buy,0x30aee7f259d6d1564ebef457847c672b30f13cbc,0x5f7e9ffa1f91dfd55e15a50637528cd46c6c6a5563482ebab9973a542980c67c
9,4796570,2.3023536,0xd061966e0a85959c291aa1ead801c8cc91a339e2,2017-11-02T02:15:45.000Z,0.00000048,0xcb8c470ade68afc21e307891fc3cfdf37f960b6d,buy,0x30aee7f259d6d1564ebef457847c672b30f13cbc,0x3585b5fe6ed13adff3cfc2b33352c1a5f22be642aa1d2e99f2af2b1a2e158a53
10,1554882,0.744788478,0xd061966e0a85959c291aa1ead801c8cc91a339e2,2017-11-02T02:13:32.000Z,0.000000479,0xbcce870909b3dbbe28f744f69b080dbdeeb7748a,buy,0x30aee7f259d6d1564ebef457847c672b30f13cbc,0xaf64a160124a626519f63b48aba30402492b7184560be911893500b9517ef3ae
11,1000000,0.44,0xd061966e0a85959c291aa1ead801c8cc91a339e2,2017-11-02T02:11:37.000Z,0.00000044,0xbbe8a1421d8583194bd959a640cb82225650c748,buy,0x30aee7f259d6d1564ebef457847c672b30f13cbc,0x7b04dae7b89a606a6d5d5a35aea2abd757ee4d926d317a2059d197abeba88726
12,2621205,1.150708995,0xd061966e0a85959c291aa1ead801c8cc91a339e2,2017-11-02T02:09:01.000Z,0.000000439,0xbcce870909b3dbbe28f744f69b080dbdeeb7748a,buy,0x30aee7f259d6d1564ebef457847c672b30f13cbc,0x6c7758311d39767ea710ace8a94faf806cdf633ccdcd436f1accdc302403cd4d
13,147600,0.05166,0xbf1e36feb9f38240cd321ef90f711822574e363f,2017-11-01T08:09:34.000Z,0.00000035,0xbcb614675176a6732901e9f3f4b29cd3ec534ed3,buy,0x30aee7f259d6d1564ebef457847c672b30f13cbc,0xef797bf6123ae08e998d5d4fc8f782698d3f39b1af6f4a139b52a9ed8027c9ea
14,2400,0.00084,0xb85d14ab22a69276e57f24130ce4215e5ffe7dc0,2017-11-01T01:36:32.000Z,0.00000035,0xbcb614675176a6732901e9f3f4b29cd3ec534ed3,buy,0x30aee7f259d6d1564ebef457847c672b30f13cbc,0x3813757b89fe6bc3b665bfd344bfd1381396b873968c81bce45a35f95c8271a5
15,0,0,0x70d692072e72e1b4b26b01be1541cb46af42d8cb,2017-10-31T07:06:56.000Z,NaN,0xe444a40689f51f63bcd29910622035707d533d29,sell,0x30aee7f259d6d1564ebef457847c672b30f13cbc,0x00564aaaa48895fdd4c60c3c1d5caa72eb1e810765c29b461c98358a64c85eb4
16,0,0,0xf0b6feeaff52411c0b9a750f41aaafbf288f4375,2017-10-31T04:08:55.000Z,NaN,0xe444a40689f51f63bcd29910622035707d533d29,sell,0x30aee7f259d6d1564ebef457847c672b30f13cbc,0x501f95a325a53e54ed61cac289f0e7b266ec24945f0ab917c57fde369283fd9a
17,500,0.0002225,0x79d9bc5f52b9cebb987ec513e65d66da44946e54,2017-10-30T07:05:22.000Z,0.000000445,0xcb8c470ade68afc21e307891fc3cfdf37f960b6d,buy,0x30aee7f259d6d1564ebef457847c672b30f13cbc,0x5cef2439c8d0303512bc657084b0c5ed3ccbeab1ce63bec079a445b84a2dddd1
18,0,0,0x88650fdbfbb5c7933eb52008c4387050b963747d,2017-10-30T03:42:43.000Z,NaN,0x379374d13077e8867ef31803c37baf9785a17c00,sell,0x30aee7f259d6d1564ebef457847c672b30f13cbc,0x7debe1cf0b51fd1fd17c64fe4f70333d898befcb0aa8de2946996753b35f28eb
19,0,0,0x88650fdbfbb5c7933eb52008c4387050b963747d,2017-10-30T03:40:37.000Z,NaN,0x16e5d97bbc92417e051e3b2cabfbf8ceea2acb9c,sell,0x30aee7f259d6d1564ebef457847c672b30f13cbc,0xce8370eecabb452015b3194e8a101dedee17641608d71de7ce523ef63ff946e4
20,0,0,0x70d692072e72e1b4b26b01be1541cb46af42d8cb,2017-10-30T02:13:48.000Z,NaN,0x16e5d97bbc92417e051e3b2cabfbf8ceea2acb9c,sell,0x30aee7f259d6d1564ebef457847c672b30f13cbc,0x857ea30181854318362b6e02b88f25460afbb82bf3258aa383074f3c92c581bc
21,0,0,0x70d692072e72e1b4b26b01be1541cb46af42d8cb,2017-10-30T02:13:20.000Z,NaN,0x379374d13077e8867ef31803c37baf9785a17c00,sell,0x30aee7f259d6d1564ebef457847c672b30f13cbc,0xeef6b2580ec7af61696db4b263c39cdf493ae172ecda05cfb0859905b216167f
22,1671726,0.53495232,0x969bef662158580727917a4a5140816946ba74d1,2017-10-29T21:11:51.000Z,0.00000032,0xaa10dc038b30b1ddb5309b9c9162323a80355cfc,sell,0x30aee7f259d6d1564ebef457847c672b30f13cbc,0x936544f3b8f268281c1348726a2526abe0d95786c2b9fc1cdab2de54a8d1c4f8
23,49845,0.0159504,0x969bef662158580727917a4a5140816946ba74d1,2017-10-29T20:56:08.000Z,0.00000032,0x6873035172a9d986e31d8b4ecf108838af8e7e23,sell,0x30aee7f259d6d1564ebef457847c672b30f13cbc,0xf605f7dda1fe26398eb2d17503aaebd725ef6f7a43a70870c20d56187ac9a38d
24,252824,0.1226198783770732,0x0970ea95a4941beb8da0b40d4adcc066c0e48b1e,2017-10-29T12:21:13.000Z,0.00000048500094285777,0xcb8c470ade68afc21e307891fc3cfdf37f960b6d,buy,0x30aee7f259d6d1564ebef457847c672b30f13cbc,0x32a5fe268f9430abde7329884f2b4deb03194c8bdcc45857d94078a842cbc7c8
25,8,0.000004224690919335,0x0970ea95a4941beb8da0b40d4adcc066c0e48b1e,2017-10-29T12:00:10.000Z,0.00000052808636491687,0xcb8c470ade68afc21e307891fc3cfdf37f960b6d,buy,0x30aee7f259d6d1564ebef457847c672b30f13cbc,0x728cc2addc7ae8d670bbfa0b299f8a8257fa0bc4ffe1b58176c8f4294be66255
26,200000,0.0978,0x3736cea2db033e184fde16d5dbac41fecb623bec,2017-10-29T08:41:29.000Z,0.000000489,0xa3d7dedda551204ccb03bd79aa87824cc453b8de,buy,0x30aee7f259d6d1564ebef457847c672b30f13cbc,0xe2be879952d0f7390d1d14ab574d448a807684253980817a1644ded5adcb9187
27,78018,0.023873508,0x70d692072e72e1b4b26b01be1541cb46af42d8cb,2017-10-29T08:39:14.000Z,0.000000306,0x3736cea2db033e184fde16d5dbac41fecb623bec,sell,0x30aee7f259d6d1564ebef457847c672b30f13cbc,0x7f4896f7cc87b0b21502f0cbc7dc189ea3e006dad71e8aa774138148c54a4bf3
28,245515,0.0785648,0x969bef662158580727917a4a5140816946ba74d1,2017-10-29T08:35:34.000Z,0.00000032,0x3736cea2db033e184fde16d5dbac41fecb623bec,sell,0x30aee7f259d6d1564ebef457847c672b30f13cbc,0xd296b0681d92a3a7d2cdc9386c837901781b3bc0375550fab1149ff33d371c76
29,32914,0.01053248,0x969bef662158580727917a4a5140816946ba74d1,2017-10-29T05:07:46.000Z,0.00000032,0xcb8c470ade68afc21e307891fc3cfdf37f960b6d,sell,0x30aee7f259d6d1564ebef457847c672b30f13cbc,0x354364b6b1f0db88a6ecbc53f8518eccf7ba2a89db23c50c933c16fabd926c75
30,245365,0.0785168,0xbcce870909b3dbbe28f744f69b080dbdeeb7748a,2017-10-28T22:31:48.000Z,0.00000032,0x0c0bc079b14f9853ac316501ce4b116a77a86d84,buy,0x30aee7f259d6d1564ebef457847c672b30f13cbc,0x2909efe231d1192a88e5fcf68a9a5e10256787b725ace30c9fd0b5497330ff6b
31,1562,0.0005,0x34f9560c63078eb61872a4dc2ccd20e21c34feaf,2017-10-28T20:22:15.000Z,0.00000032010243277848,0x0c0bc079b14f9853ac316501ce4b116a77a86d84,buy,0x30aee7f259d6d1564ebef457847c672b30f13cbc,0x2204fe52efe71dc6914009156e17f74ff69621aa755db01b566aa6fbeff17f3e
32,1562,0.0005,0xe444a40689f51f63bcd29910622035707d533d29,2017-10-28T20:17:38.000Z,0.00000032010243277848,0x0c0bc079b14f9853ac316501ce4b116a77a86d84,buy,0x30aee7f259d6d1564ebef457847c672b30f13cbc,0x8af96e54413c15866d6b2dd16198fa534162a6774d91432d26e98ae8983f6505
33,662000,0.202572,0xf0d5fb08eb865b2523001f49f170f6cb99079ea3,2017-10-28T14:31:56.000Z,0.000000306,0x09d85c1b9a940f1cdbcabe97f983d2d1637d32b1,sell,0x30aee7f259d6d1564ebef457847c672b30f13cbc,0x08093e2307c54e4f0ecd41da24f89686e632862d0a8b514f5adf531844e53201
34,80000,0.0252,0x969bef662158580727917a4a5140816946ba74d1,2017-10-28T06:02:36.000Z,0.000000315,0x64ef1975158f85a23a661d5c205d083a3b3ea6a1,sell,0x30aee7f259d6d1564ebef457847c672b30f13cbc,0xd8b5bd7d0507835793fdfd2cac4b45e43cba1a1dda3c6662376a241cf442ab0c
35,129306,0.040472778,0x9cb677f2a8daa9511ae79c2ba56395552b5d030d,2017-10-27T21:23:58.000Z,0.000000313,0x90e543bbe2b020dcf69e06927ca2920750dc211f,sell,0x30aee7f259d6d1564ebef457847c672b30f13cbc,0x212a3dcd2ab91f5cebd0f1455bfdcb278243e81ff61ce10881472a9b60a2e659
36,5000,0.002775,0x304c929780c19ae230022779a75b451f63d4705f,2017-10-27T09:33:00.000Z,0.000000555,0xb1ad3cf3e34f2a5c5263ef5feadb45de9e73db55,sell,0x30aee7f259d6d1564ebef457847c672b30f13cbc,0xd63ed32f2b9343adddaa3dfc3a898e0b82372b179ffa0ba02b1ddfee76faa8b4
37,200,0.0001108,0x79d9bc5f52b9cebb987ec513e65d66da44946e54,2017-10-27T06:15:01.000Z,0.000000554,0xbcce870909b3dbbe28f744f69b080dbdeeb7748a,buy,0x30aee7f259d6d1564ebef457847c672b30f13cbc,0xb22f2632343a674a37024008202575863d86cae240fa1ac105962318e27db2cb
38,55000,0.03220745,0x0b38cef547238e862017d01803baa9825581628a,2017-10-26T10:36:16.000Z,0.00000058559,0xaa10dc038b30b1ddb5309b9c9162323a80355cfc,buy,0x30aee7f259d6d1564ebef457847c672b30f13cbc,0xeb9a87b50c20eae8c596a96dd5863d5f773dd7b3abb68b949f816b23aff7aa1b
39,15000,0.00878385,0xb16b8851a4ef8ab8ec7e7eb3c403f00443e7359e,2017-10-26T10:20:07.000Z,0.00000058559,0xaa10dc038b30b1ddb5309b9c9162323a80355cfc,buy,0x30aee7f259d6d1564ebef457847c672b30f13cbc,0xfde5684d7240675501c0cc7cdd15692382d6fe9756853b4acfb065ca8b683072
40,200000,0.1174,0xa68510245e2c1f04eedd2814dfb295a8a322d741,2017-10-26T05:41:45.000Z,0.000000587,0x0c0bc079b14f9853ac316501ce4b116a77a86d84,buy,0x30aee7f259d6d1564ebef457847c672b30f13cbc,0xb460feb638c1eca77d7a57117c3d41d0b00712dbff34f1b6850c1f9a6ac48d0f
41,5738399,3.374178974180042,0x0e738d6295067d519eceb788370187c792c3f567,2017-10-26T02:44:24.000Z,0.00000058800006311517,0xa3d7dedda551204ccb03bd79aa87824cc453b8de,buy,0x30aee7f259d6d1564ebef457847c672b30f13cbc,0xc6e11a0cf742139cb8b0f69c6bb844b9c454d898d2ab5cbdbc96db4e82df0e05
42,1000000,0.31,0xbbe8a1421d8583194bd959a640cb82225650c748,2017-10-26T00:02:57.000Z,0.00000031,0x1ed014aec47fae44c9e55bac7662c0b78ae61798,sell,0x30aee7f259d6d1564ebef457847c672b30f13cbc,0x249b577ab3e40ec4da95ef700207301604f500717ebbbdfed12b7af9ab7b8f29
43,1310405,0.7718286952653375,0x5c768cd8d2bbc26086c2a159c3e5afe60ed72f23,2017-10-25T21:59:07.000Z,0.00000058900011467091,0xaa10dc038b30b1ddb5309b9c9162323a80355cfc,buy,0x30aee7f259d6d1564ebef457847c672b30f13cbc,0x83f8a43e23bd904c994f9b600010dae35b846458c1a058d6391e6d4093c2cd0d
44,199381,0.060611824,0x70d692072e72e1b4b26b01be1541cb46af42d8cb,2017-10-25T21:10:22.000Z,0.000000304,0xf5d162ae2e34be14b474e0d29cd1079fa13c9893,sell,0x30aee7f259d6d1564ebef457847c672b30f13cbc,0x41b335256bcdb52680133bc49d6d249899ef282d2225f5ac4f384601f336e40d
45,50011,0.030006978367062107,0xe3551164cce8c50e2120246cf3ac90206e20c149,2017-10-24T06:36:06.000Z,0.00000060000756567679,0x0c0bc079b14f9853ac316501ce4b116a77a86d84,buy,0x30aee7f259d6d1564ebef457847c672b30f13cbc,0xcbd1c85d7ec2c50d9b37bb9f2e7e6f345bddf9a0095b5d3dbf63cb8736b2fab5
46,82500,0.024915,0x88650fdbfbb5c7933eb52008c4387050b963747d,2017-10-23T18:50:56.000Z,0.000000302,0x004946d7c4a8ccb6b6dcdb68488510c93362bde3,sell,0x30aee7f259d6d1564ebef457847c672b30f13cbc,0x8da9ad7f37e17ae1873c83f1ea871ca4aa775c15098d737f4a3fa283723ff55a
47,85000,0.051,0xb16b8851a4ef8ab8ec7e7eb3c403f00443e7359e,2017-10-23T10:14:04.000Z,0.0000006,0x7203b365dc918520548568c012560b3afc5cb815,buy,0x30aee7f259d6d1564ebef457847c672b30f13cbc,0xd2965dc90705af58d2f01faacbae6f80c3bb40e2a490021ed6896170435d0ef6
48,250000,0.16,0xb16b8851a4ef8ab8ec7e7eb3c403f00443e7359e,2017-10-23T09:49:29.000Z,0.00000064,0x7203b365dc918520548568c012560b3afc5cb815,buy,0x30aee7f259d6d1564ebef457847c672b30f13cbc,0xfb4760b471ca2f89b6b353666168bd83126f827e55d6c12c801ea191eb86ad2e
49,24000,0.01536,0x3736cea2db033e184fde16d5dbac41fecb623bec,2017-10-23T07:19:11.000Z,0.00000064,0x7203b365dc918520548568c012560b3afc5cb815,buy,0x30aee7f259d6d1564ebef457847c672b30f13cbc,0x335c419542f974a8cd9466db65dbebf531c20a345f086d20296ce9ab2d51b479
50,43451,0.02737419279180743,0x3736cea2db033e184fde16d5dbac41fecb623bec,2017-10-23T07:16:44.000Z,0.00000063000144511765,0x833438ee8ac5c23f579ec08142f2285b4a596b74,buy,0x30aee7f259d6d1564ebef457847c672b30f13cbc,0x2b53dd84465fb322f3e50c4080848b777feab193da6179cb7ca41620f40300b1
51,16549,0.010426437208192571,0x3736cea2db033e184fde16d5dbac41fecb623bec,2017-10-23T06:13:30.000Z,0.0000006300342744693,0x833438ee8ac5c23f579ec08142f2285b4a596b74,buy,0x30aee7f259d6d1564ebef457847c672b30f13cbc,0xaac22e706c09383d4a537e234e418f05240b9f3faacacaff3869d008a34d0500
52,240511,0.151281419,0x3736cea2db033e184fde16d5dbac41fecb623bec,2017-10-23T06:12:39.000Z,0.000000629,0x88650fdbfbb5c7933eb52008c4387050b963747d,buy,0x30aee7f259d6d1564ebef457847c672b30f13cbc,0x0cd2eed7a3f5407c7537b1f760999e31ba9b9111ab6a99001eef9172464da42d
53,1538,0.001,0x4a57d0208164a1c1c63c75395dc444428a07b50a,2017-10-23T05:55:06.000Z,0.00000065019505851755,0xd0e44468af617a443b97a8eea7bc364d22e6acdb,buy,0x30aee7f259d6d1564ebef457847c672b30f13cbc,0x291d0c2c3f76c2c8d2fd19ce77b90f032e2c60d64506196bc50984da4e3cd2bf
54,497,0.000147609,0x5c768cd8d2bbc26086c2a159c3e5afe60ed72f23,2017-10-22T03:51:07.000Z,0.000000297,0x949e2a08a6d5f1c8d7831fbeaf46c4d58e39dbc9,sell,0x30aee7f259d6d1564ebef457847c672b30f13cbc,0x93b7d1cc16514956029f9732f2b77590351f7cfa6c5007659b2fc824616d720c
55,4984455,1.480383135,0x5c768cd8d2bbc26086c2a159c3e5afe60ed72f23,2017-10-22T03:48:15.000Z,0.000000297,0x949e2a08a6d5f1c8d7831fbeaf46c4d58e39dbc9,sell,0x30aee7f259d6d1564ebef457847c672b30f13cbc,0x3c90ed55ddedf7239917ec068dd67fb8824b69f7aa6d3b7781df8eddf736b6d2
56,319,0.000094743,0x5c768cd8d2bbc26086c2a159c3e5afe60ed72f23,2017-10-22T01:21:48.000Z,0.000000297,0x6d2f6b26c0fc44f9fed0957f679d0b22745ab066,sell,0x30aee7f259d6d1564ebef457847c672b30f13cbc,0xde0c0cd660c0470f00eb678686cb2779e9ab2e250d754a287905fce1bf23703b
57,3185862,0.946201014,0x5c768cd8d2bbc26086c2a159c3e5afe60ed72f23,2017-10-22T01:12:00.000Z,0.000000297,0x6d2f6b26c0fc44f9fed0957f679d0b22745ab066,sell,0x30aee7f259d6d1564ebef457847c672b30f13cbc,0xdad129de80062b10f05f8e43df100171e2ffda124750e843ffbe8ecf5417d4c6
58,150000,0.045,0xbcb614675176a6732901e9f3f4b29cd3ec534ed3,2017-10-22T01:11:43.000Z,0.0000003,0x6d2f6b26c0fc44f9fed0957f679d0b22745ab066,sell,0x30aee7f259d6d1564ebef457847c672b30f13cbc,0x9799cebc18fdb2ae80c42c4ee9a3b0110b41adf7828b669e3d37cf95108e355a
59,877000,0.261346,0xd0e44468af617a443b97a8eea7bc364d22e6acdb,2017-10-22T01:11:43.000Z,0.000000298,0x6d2f6b26c0fc44f9fed0957f679d0b22745ab066,sell,0x30aee7f259d6d1564ebef457847c672b30f13cbc,0x9469eb59e2ae2075eb9d3f5037b591d2dce7e9b77475324355bb5edf876185c6
60,60000,0.01806,0x833438ee8ac5c23f579ec08142f2285b4a596b74,2017-10-22T01:11:04.000Z,0.000000301,0x6d2f6b26c0fc44f9fed0957f679d0b22745ab066,sell,0x30aee7f259d6d1564ebef457847c672b30f13cbc,0x2bf3de579568dcf67a8c0870f110e111630b5de7edc7b0f8208b8fdd04b12cab
61,20000,0.014,0xbda3ae1ed77728e30c7caea6430a77ff0fb41a29,2017-10-21T17:33:45.000Z,0.0000007,0x64ef1975158f85a23a661d5c205d083a3b3ea6a1,buy,0x30aee7f259d6d1564ebef457847c672b30f13cbc,0xc11851e8a9c06d9cb480f04408d3393145c1d5fae986e30b0f507ed55cde952b
62,6000000,1.764,0x969bef662158580727917a4a5140816946ba74d1,2017-10-21T01:47:12.000Z,0.000000294,0x007d6286d0cdd80930e8915ac7fe016d6a3a755e,sell,0x30aee7f259d6d1564ebef457847c672b30f13cbc,0x18d809b4e3df668dd444ab51ce17f7a410db7a3025ea75414445531e5b1a605b
63,10,0.00006755,0x8f2c05301d853f81209d0a8467bc213f58c9afc9,2017-10-20T20:04:57.000Z,0.000006755,0xb726590ef7c355c20f654e0171280039b9a81009,buy,0x30aee7f259d6d1564ebef457847c672b30f13cbc,0x5d53dcee1b6eb341b3737567aeff17f757878f86860edd622f5fc6249f868f6b
64,10,0.00006755,0x8f2c05301d853f81209d0a8467bc213f58c9afc9,2017-10-20T19:43:25.000Z,0.000006755,0xb726590ef7c355c20f654e0171280039b9a81009,buy,0x30aee7f259d6d1564ebef457847c672b30f13cbc,0xc8a568b51472b2eb6756a1e512ff773d26e3a7c3e2c552aa76220438e75ea709
65,2500,0.0098475,0x004946d7c4a8ccb6b6dcdb68488510c93362bde3,2017-10-20T18:02:28.000Z,0.000003939,0x5c768cd8d2bbc26086c2a159c3e5afe60ed72f23,buy,0x30aee7f259d6d1564ebef457847c672b30f13cbc,0x719b21b537aa86b1e0d23003dbd27320eb95f3d5b49f15b3a97e42868321be12
66,192052,0.11331099978,0x5c768cd8d2bbc26086c2a159c3e5afe60ed72f23,2017-10-20T17:27:23.000Z,0.00000059000166506987,0xd0e44468af617a443b97a8eea7bc364d22e6acdb,buy,0x30aee7f259d6d1564ebef457847c672b30f13cbc,0xcf44a3a2ea7fbfcaf996c9e36de0e3653c1579972b6f97801fefae9dd56f9580
67,50000,0.0295,0x004946d7c4a8ccb6b6dcdb68488510c93362bde3,2017-10-20T17:19:41.000Z,0.00000059,0xd0e44468af617a443b97a8eea7bc364d22e6acdb,buy,0x30aee7f259d6d1564ebef457847c672b30f13cbc,0xc4e98f73ec31bef411e6c9c3c03ab37709656198ed35eb388de72b9166b73b4d
68,198860,0.116333320545,0xda25c22145296f33aee8c3630af7a400902f002c,2017-10-20T17:07:12.000Z,0.00000058500110904656,0x0c0bc079b14f9853ac316501ce4b116a77a86d84,buy,0x30aee7f259d6d1564ebef457847c672b30f13cbc,0x4b74fc7dfcf40c3e01a6973f87fd8277ce58c63c91ca7077071de9af03c05536
69,10,0.000005897794993232,0xda25c22145296f33aee8c3630af7a400902f002c,2017-10-20T16:51:48.000Z,0.0000005897794993232,0x0c0bc079b14f9853ac316501ce4b116a77a86d84,buy,0x30aee7f259d6d1564ebef457847c672b30f13cbc,0x6207648f2698291ca205df4555f056b51cd3046e6095cb15c505f0422f9e0a38
70,101129,0.05916078157711096,0xda25c22145296f33aee8c3630af7a400902f002c,2017-10-20T16:46:25.000Z,0.00000058500313042857,0x0c0bc079b14f9853ac316501ce4b116a77a86d84,buy,0x30aee7f259d6d1564ebef457847c672b30f13cbc,0xf398c20fe7bd1e0ddc8a21d3a6b008707ce444f20669fe2d7c6e951e69777fb6
71,1,0.000000585,0x6cdea8e07bf82d7a07dbf36642d6e5be8623845c,2017-10-20T01:24:25.000Z,0.000000585,0x7203b365dc918520548568c012560b3afc5cb815,buy,0x30aee7f259d6d1564ebef457847c672b30f13cbc,0x2929c8faadbcb9bdb692ea054bf06dd30e17b762d0d5b2c4c816594859c3f7a2
72,180000,0.1035,0x88650fdbfbb5c7933eb52008c4387050b963747d,2017-10-19T19:29:51.000Z,0.000000575,0x09d85c1b9a940f1cdbcabe97f983d2d1637d32b1,buy,0x30aee7f259d6d1564ebef457847c672b30f13cbc,0x28ff8fdd7965431140e5dae2c781f4e438fb22b3b412022bc496f93d00f4e773
73,160511,0.07945324,0x88650fdbfbb5c7933eb52008c4387050b963747d,2017-10-19T19:29:31.000Z,0.00000049500183788026,0x833438ee8ac5c23f579ec08142f2285b4a596b74,buy,0x30aee7f259d6d1564ebef457847c672b30f13cbc,0x22b584c9f57e149189f9ddfec8b2132a8b41dd0863ca5f0755dd1bbd80fb0a8a
74,321666,0.14475,0xed9d2dd36a71170c2fb8c067da42433a82a2f6a2,2017-10-19T14:06:17.000Z,0.00000045000093264441,0x927d62fed24dff8ea8abd3f2a1a8e3d930f37844,buy,0x30aee7f259d6d1564ebef457847c672b30f13cbc,0xf7ad9421ddd0a28c72dbb5080f8a9759522844afaa3f2c9cdb3fc9bfdfa5a737
75,32000,0.01584,0x5439925bccf22ae57c3feeebe89b4066f88beb69,2017-10-19T13:38:55.000Z,0.000000495,0x833438ee8ac5c23f579ec08142f2285b4a596b74,buy,0x30aee7f259d6d1564ebef457847c672b30f13cbc,0x7ddcd7f48b47b00064b2596ccef7f3cf29ae0d24b74c2f572b1be0536194732a
76,3,0.000000843,0xd0e44468af617a443b97a8eea7bc364d22e6acdb,2017-10-19T12:47:08.000Z,0.000000281,0x120523daa602ef7d8b93d5ac161192b232468d79,sell,0x30aee7f259d6d1564ebef457847c672b30f13cbc,0xb52ed6a55885845207a0206954fa7d418524546d263fb49b3115700c18915cda
77,1,0.00003398,0x8f2c05301d853f81209d0a8467bc213f58c9afc9,2017-10-19T11:16:40.000Z,0.00003398,0xd556869b7ed07af1598d8a9b61b856a00646c14f,buy,0x30aee7f259d6d1564ebef457847c672b30f13cbc,0x321596423ce577984c27c37642d8e08d744e4e349f1773ad2f16d686fc1870fb
78,1,0.000000585,0x3ac636ac5c3a2576156ac5f10066ca68abe0ad54,2017-10-19T02:31:22.000Z,0.000000585,0x7203b365dc918520548568c012560b3afc5cb815,buy,0x30aee7f259d6d1564ebef457847c672b30f13cbc,0x3599f52ab4b7fb523f5b2d07bb3a7ddc58de2bea71f224ced7eef5971198b737
79,1111,0.0005,0x42c24a83bded723edfdf5883bc7efb30bc1a1bf3,2017-10-18T20:07:55.000Z,0.00000045004500450045,0x927d62fed24dff8ea8abd3f2a1a8e3d930f37844,buy,0x30aee7f259d6d1564ebef457847c672b30f13cbc,0x03439509f1098bfcd71bbd567afffda6e77997e3172846e7d5e4df56c41d36c9
80,1111,0.0005,0x379374d13077e8867ef31803c37baf9785a17c00,2017-10-18T19:54:05.000Z,0.00000045004500450045,0x927d62fed24dff8ea8abd3f2a1a8e3d930f37844,buy,0x30aee7f259d6d1564ebef457847c672b30f13cbc,0x3a8d03cbf596a600900da8c4b5bbb0e834752339ea9f77723f3cc0c4f8663ae0
81,1111,0.0005,0x42c24a83bded723edfdf5883bc7efb30bc1a1bf3,2017-10-18T18:47:41.000Z,0.00000045004500450045,0x927d62fed24dff8ea8abd3f2a1a8e3d930f37844,buy,0x30aee7f259d6d1564ebef457847c672b30f13cbc,0x357024e38f90c8d03993326c0c80f2fd47e518793354c9453547c8a8defa0162
82,6,0.000660590478561418,0xd061966e0a85959c291aa1ead801c8cc91a339e2,2017-10-18T18:42:40.000Z,0.00011009841309356966,0xf08a705f554050e400a7a47ba626783f8af42fa1,buy,0x30aee7f259d6d1564ebef457847c672b30f13cbc,0xa7ae820471db44a2ca78e4425212e8c3564cacc9c9d8c0679d5820a50f9ef163
83,65000,0.02925,0xd061966e0a85959c291aa1ead801c8cc91a339e2,2017-10-18T18:40:32.000Z,0.00000045,0x927d62fed24dff8ea8abd3f2a1a8e3d930f37844,buy,0x30aee7f259d6d1564ebef457847c672b30f13cbc,0xf17e50c35f5e2c1110eee5c679df5c900268da40f1d9c139f4405ba7d4773aa8
84,1111,0.0005,0x379374d13077e8867ef31803c37baf9785a17c00,2017-10-18T18:35:19.000Z,0.00000045004500450045,0x927d62fed24dff8ea8abd3f2a1a8e3d930f37844,buy,0x30aee7f259d6d1564ebef457847c672b30f13cbc,0x496a7a7317bbfb9c3a2ca0e8a715c596cca1ef91625a7ee4db4772eb0bc0c147
85,1111,0.0005,0x379374d13077e8867ef31803c37baf9785a17c00,2017-10-18T17:26:10.000Z,0.00000045004500450045,0x927d62fed24dff8ea8abd3f2a1a8e3d930f37844,buy,0x30aee7f259d6d1564ebef457847c672b30f13cbc,0xc84523300a73364c1d20dbf373b374cfc533432c65040fb9d9da80002661f448
86,1111,0.0005,0xf9695cd65d6dfdf257fab76a3eb0cb8f001971cc,2017-10-18T17:18:12.000Z,0.00000045004500450045,0x927d62fed24dff8ea8abd3f2a1a8e3d930f37844,buy,0x30aee7f259d6d1564ebef457847c672b30f13cbc,0x4abdd85ca594f55320e666f1dc4d04e8d5319f78d29ef0571529319da018111e
87,1111,0.0005,0x42c24a83bded723edfdf5883bc7efb30bc1a1bf3,2017-10-18T17:17:44.000Z,0.00000045004500450045,0x927d62fed24dff8ea8abd3f2a1a8e3d930f37844,buy,0x30aee7f259d6d1564ebef457847c672b30f13cbc,0x5d594179eb8ccb44621dd08e22bcf2912ba8f7769062b642d43bf8099224ecdb
88,1111,0.0005,0xcd912af5286dc0b0a23edb30209734ecb60838b3,2017-10-18T16:41:17.000Z,0.00000045004500450045,0x927d62fed24dff8ea8abd3f2a1a8e3d930f37844,buy,0x30aee7f259d6d1564ebef457847c672b30f13cbc,0x4ba528d3f2acd690b56d91836e326718c3c6e7f1e9db1e4fc7ca32032257ab86
89,1111,0.0005,0xf9695cd65d6dfdf257fab76a3eb0cb8f001971cc,2017-10-18T15:58:09.000Z,0.00000045004500450045,0x927d62fed24dff8ea8abd3f2a1a8e3d930f37844,buy,0x30aee7f259d6d1564ebef457847c672b30f13cbc,0xfb671308a5eb23a85e02c942234fd5ec97cc4644a60064e60fd8a96bdb094436
90,1111,0.0005,0x42c24a83bded723edfdf5883bc7efb30bc1a1bf3,2017-10-18T15:56:56.000Z,0.00000045004500450045,0x927d62fed24dff8ea8abd3f2a1a8e3d930f37844,buy,0x30aee7f259d6d1564ebef457847c672b30f13cbc,0x42eec76b428498f37fe9a152a29dabfa8d5a91819b6003c6c44f56f9e56cf9bc
91,1111,0.0005,0x379374d13077e8867ef31803c37baf9785a17c00,2017-10-18T15:56:16.000Z,0.00000045004500450045,0x927d62fed24dff8ea8abd3f2a1a8e3d930f37844,buy,0x30aee7f259d6d1564ebef457847c672b30f13cbc,0xf0b4fcddb912162b761b80d7bedcc86880250f492c8bda700024ae3d68573fb8
92,1111,0.0005,0x16e5d97bbc92417e051e3b2cabfbf8ceea2acb9c,2017-10-18T15:41:18.000Z,0.00000045004500450045,0x927d62fed24dff8ea8abd3f2a1a8e3d930f37844,buy,0x30aee7f259d6d1564ebef457847c672b30f13cbc,0x8b388262723aecea4d5ce91df032e028178bd7aca0d6150d7037bae1c9d450e3
93,1010,0.0005,0x379374d13077e8867ef31803c37baf9785a17c00,2017-10-18T15:12:12.000Z,0.00000049504950495049,0x833438ee8ac5c23f579ec08142f2285b4a596b74,buy,0x30aee7f259d6d1564ebef457847c672b30f13cbc,0xd60349da8fe1483a5949867a7ea524a0d42b9761cef023b375550611e1958e3d
94,1010,0.0005,0xf9695cd65d6dfdf257fab76a3eb0cb8f001971cc,2017-10-18T15:11:35.000Z,0.00000049504950495049,0x833438ee8ac5c23f579ec08142f2285b4a596b74,buy,0x30aee7f259d6d1564ebef457847c672b30f13cbc,0xa4173bab559a1105519ad3711501c39bb44228ac533977c71158c9a899406ed0
95,1010,0.0005,0x42c24a83bded723edfdf5883bc7efb30bc1a1bf3,2017-10-18T15:11:35.000Z,0.00000049504950495049,0x833438ee8ac5c23f579ec08142f2285b4a596b74,buy,0x30aee7f259d6d1564ebef457847c672b30f13cbc,0x6f89ff2d1efe60726fcc21421e9e4cf7c7e1535b85ff7512be2e15eff59f4d41
96,1010,0.0005,0xcd912af5286dc0b0a23edb30209734ecb60838b3,2017-10-18T15:06:36.000Z,0.00000049504950495049,0x833438ee8ac5c23f579ec08142f2285b4a596b74,buy,0x30aee7f259d6d1564ebef457847c672b30f13cbc,0xb4660212172d23aa5a5f7b3cdf25b35ba1f26d3350f8ae91c1f805dc83d126fa
97,8577,0.002581677,0x8b182a4526944fa498970732a69a95d281c3c8a9,2017-10-18T13:05:34.000Z,0.000000301,0x09d85c1b9a940f1cdbcabe97f983d2d1637d32b1,sell,0x30aee7f259d6d1564ebef457847c672b30f13cbc,0xe01f8b4afa3a231a350ac2a8e25f9638d89b1128a4c69a23a9fa294dca6d16a2
98,200000,0.118,0xa4c64c96ad9800e9f39489e23fb549507c592abf,2017-10-18T07:29:26.000Z,0.00000059,0xd0e44468af617a443b97a8eea7bc364d22e6acdb,buy,0x30aee7f259d6d1564ebef457847c672b30f13cbc,0xc80a36818803f317747e137202fa51763050592b13c53fd11ecda9e9b4b40a64
99,115860,0.06604065999,0xa4c64c96ad9800e9f39489e23fb549507c592abf,2017-10-18T07:25:59.000Z,0.00000057000397022268,0xbbe8a1421d8583194bd959a640cb82225650c748,buy,0x30aee7f259d6d1564ebef457847c672b30f13cbc,0x0b495cf7ed7387812b996557764dbdc90d687a96eb3cfdc83e647c2b3f499b8b
100,877,0.0005,0xcd912af5286dc0b0a23edb30209734ecb60838b3,2017-10-18T02:41:56.000Z,0.00000057012542759407,0xbbe8a1421d8583194bd959a640cb82225650c748,buy,0x30aee7f259d6d1564ebef457847c672b30f13cbc,0x8df6b5d06e584a1dedd05e11e787e66f8c0d476367e34f476589091976b915c4
101,862,0.0005,0xcd912af5286dc0b0a23edb30209734ecb60838b3,2017-10-17T21:45:35.000Z,0.00000058004640371229,0x833438ee8ac5c23f579ec08142f2285b4a596b74,buy,0x30aee7f259d6d1564ebef457847c672b30f13cbc,0x708c85616a61f92086aba04504d7df12a62adb2635bb0ac6deafd4272a465e92
102,862,0.0005,0x42c24a83bded723edfdf5883bc7efb30bc1a1bf3,2017-10-17T19:20:02.000Z,0.0000005800464037123,0x833438ee8ac5c23f579ec08142f2285b4a596b74,buy,0x30aee7f259d6d1564ebef457847c672b30f13cbc,0x08944ed03b3986344a7fb4e848c036be21c685ae270acb5ccf6b8f4e234c7c5f
103,26,0.000007826,0x8b182a4526944fa498970732a69a95d281c3c8a9,2017-10-17T19:10:24.000Z,0.000000301,0x0d53cd9fc121d223b5c337bc54bf09fe95caca13,sell,0x30aee7f259d6d1564ebef457847c672b30f13cbc,0x6f45dcb687fb9593fbc661debfe7680d0476e8103c3f760585f7f7b2b96a6568
104,1397,0.000420497,0x8b182a4526944fa498970732a69a95d281c3c8a9,2017-10-17T19:07:37.000Z,0.000000301,0x0d53cd9fc121d223b5c337bc54bf09fe95caca13,sell,0x30aee7f259d6d1564ebef457847c672b30f13cbc,0xd45552b8a1b250b4f0d2a3b5f11da47ba5b2bfab1984879578b8d2da9973aef6
105,862,0.0005,0x16e5d97bbc92417e051e3b2cabfbf8ceea2acb9c,2017-10-17T17:28:20.000Z,0.00000058004640371229,0x833438ee8ac5c23f579ec08142f2285b4a596b74,buy,0x30aee7f259d6d1564ebef457847c672b30f13cbc,0xa93245d17a301305ce372db64f15044268d6285e91237595bbf7f74b65ecab82
106,862,0.0005,0x42c24a83bded723edfdf5883bc7efb30bc1a1bf3,2017-10-17T15:13:13.000Z,0.00000058004640371229,0x833438ee8ac5c23f579ec08142f2285b4a596b74,buy,0x30aee7f259d6d1564ebef457847c672b30f13cbc,0x8f85e52516ff85a7086820fbbda3c3a7c241f7c149207709c940245b64245840
107,100000,0.0303,0x833438ee8ac5c23f579ec08142f2285b4a596b74,2017-10-17T09:32:28.000Z,0.000000303,0x007d6286d0cdd80930e8915ac7fe016d6a3a755e,sell,0x30aee7f259d6d1564ebef457847c672b30f13cbc,0x965f6558f3ac83e985162ffb99232d0d4634dac4eb71505dd0289e2146e81b0e
108,100000,0.031,0x833438ee8ac5c23f579ec08142f2285b4a596b74,2017-10-17T09:32:17.000Z,0.00000031,0x007d6286d0cdd80930e8915ac7fe016d6a3a755e,sell,0x30aee7f259d6d1564ebef457847c672b30f13cbc,0x096d75f3e898d924179e6a9ad2a4f505aa09dce8e2cb36aac8591e87b5f6d7b5
109,393459,0.118824618,0x70d692072e72e1b4b26b01be1541cb46af42d8cb,2017-10-17T09:32:17.000Z,0.000000302,0x007d6286d0cdd80930e8915ac7fe016d6a3a755e,sell,0x30aee7f259d6d1564ebef457847c672b30f13cbc,0x6c8d4e3313b08a60ec8aed39f77a5f36d636bc03398327d957be00806201655d
110,500000,0.1525,0x509fe29a034a147c5629abd4d80f25bc0a44d79a,2017-10-17T09:26:51.000Z,0.000000305,0x007d6286d0cdd80930e8915ac7fe016d6a3a755e,sell,0x30aee7f259d6d1564ebef457847c672b30f13cbc,0xf47b0e955b1e95eea71c357a94beb161cfcf6eb447c6bc8fbbf3fbcd5e7cb0d4
111,847,0.0005,0xcd912af5286dc0b0a23edb30209734ecb60838b3,2017-10-17T05:09:51.000Z,0.00000059031877213695,0xd0e44468af617a443b97a8eea7bc364d22e6acdb,buy,0x30aee7f259d6d1564ebef457847c672b30f13cbc,0x9cdf8e2967f7075335b4aa85cd156dd31d2a017381ca7749c233d1d666666d4f
112,645742,0.195014084,0x70d692072e72e1b4b26b01be1541cb46af42d8cb,2017-10-16T08:50:05.000Z,0.000000302,0xa4c64c96ad9800e9f39489e23fb549507c592abf,sell,0x30aee7f259d6d1564ebef457847c672b30f13cbc,0xc323da99c05b72d77d3c8e26982084fe42814a44338b1acbe988ca72707d4a5c
113,200000,0.074,0xd6146c64896d92d4d32c37cb06779ddf20a05c82,2017-10-16T07:14:40.000Z,0.00000037,0x007d6286d0cdd80930e8915ac7fe016d6a3a755e,sell,0x30aee7f259d6d1564ebef457847c672b30f13cbc,0xacfbf1dbdb66078d443f725c63bafc336ac3b10fd5451fc7e7f97874c5975080
114,1100000,0.33,0xd9f2422e6ff4956017468c137ac7bcc777f423d0,2017-10-16T07:07:55.000Z,0.0000003,0x007d6286d0cdd80930e8915ac7fe016d6a3a755e,sell,0x30aee7f259d6d1564ebef457847c672b30f13cbc,0xa618c9025cb1145ce33f87872198edcc8db7024a7e0a9fc059d457a06d8a28f8
115,2500000,0.8,0x969bef662158580727917a4a5140816946ba74d1,2017-10-16T07:00:12.000Z,0.00000032,0x007d6286d0cdd80930e8915ac7fe016d6a3a755e,sell,0x30aee7f259d6d1564ebef457847c672b30f13cbc,0x2664ad758fe3b282f6814e34ee832b5bed87d8beda6a55604096744ccb02fb2d
116,1000000,0.38,0x8746f30b3bc330660dc7ebe8b2812ff27768a1ea,2017-10-16T07:00:12.000Z,0.00000038,0x007d6286d0cdd80930e8915ac7fe016d6a3a755e,sell,0x30aee7f259d6d1564ebef457847c672b30f13cbc,0x92faa737887be836a16b04f2fb6f37c51be25baa6f01137c8964a03a565f6530
117,1000000,0.38,0x8746f30b3bc330660dc7ebe8b2812ff27768a1ea,2017-10-16T00:12:39.000Z,0.00000038,0x9806009bc75e8eb1f580ab1034e20f74600f36fb,sell,0x30aee7f259d6d1564ebef457847c672b30f13cbc,0x8bda8dcdfa8900a92cbc9f2b0f999adb97c2c67e60c63fd9035307c92886de2b
118,1000000,0.4,0x8746f30b3bc330660dc7ebe8b2812ff27768a1ea,2017-10-16T00:12:03.000Z,0.0000004,0x9806009bc75e8eb1f580ab1034e20f74600f36fb,sell,0x30aee7f259d6d1564ebef457847c672b30f13cbc,0x11f914396cae9d26cd581ec1f9d8915f9244a7b902533bd003975babcac6d6ab
119,18139,0.010883693080988148,0xd9f7127353985633b3419835a9d5b73508006938,2017-10-15T05:35:56.000Z,0.00000060001615750527,0x9806009bc75e8eb1f580ab1034e20f74600f36fb,buy,0x30aee7f259d6d1564ebef457847c672b30f13cbc,0xad801296c13ec05d8c4b356d8bc918f5837f57aa2f06535b26499b26424d10d2
120,116738,0.03560509,0xbbe8a1421d8583194bd959a640cb82225650c748,2017-10-15T03:18:26.000Z,0.000000305,0x11135473df4f870018d41ea77c45c55262d84199,sell,0x30aee7f259d6d1564ebef457847c672b30f13cbc,0x1779670734e306fc4af9a41387eb938248b80e5deed645bb0af2b410f6f761c1
121,4,0.000002831636991566,0x120523daa602ef7d8b93d5ac161192b232468d79,2017-10-14T16:23:34.000Z,0.0000007079092478915,0xdcfd6486786edff27f2e4b731020778364afcd4f,buy,0x30aee7f259d6d1564ebef457847c672b30f13cbc,0x288c4e3c34afa2769055d05fda4ba6c68ae6ef09a0ccfaad5b64c7c2bf2cf134
122,1901000,0.669152,0x09f16610f22e4fd0f388f54cf1a542561974b3c9,2017-10-14T00:22:07.000Z,0.000000352,0x9806009bc75e8eb1f580ab1034e20f74600f36fb,sell,0x30aee7f259d6d1564ebef457847c672b30f13cbc,0x08a3c98455d01bd104612418bac05aed9efd2267164aa357c47a26642763035b
123,293000,0.10548,0x7ff067e8a22c818bbb6fd60405391c6bfb6a51f9,2017-10-13T23:27:27.000Z,0.00000036,0x9806009bc75e8eb1f580ab1034e20f74600f36fb,sell,0x30aee7f259d6d1564ebef457847c672b30f13cbc,0xc9b3cc0afab757ea896c17fd5d43d51baa2f2aa6599afb1302d1805d66e145b8
124,189070,0.0850815,0x3de1655d54223f420f5d8e72ebfb27e5ad8a3a06,2017-10-13T23:00:59.000Z,0.00000045,0x0c0bc079b14f9853ac316501ce4b116a77a86d84,buy,0x30aee7f259d6d1564ebef457847c672b30f13cbc,0x8ed3c8cb7dcf902067a6d43c243650e0fc3780cd689c040c52c13d7c99a38589
125,36543,0.013192023,0x969bef662158580727917a4a5140816946ba74d1,2017-10-13T22:37:52.000Z,0.000000361,0x9806009bc75e8eb1f580ab1034e20f74600f36fb,sell,0x30aee7f259d6d1564ebef457847c672b30f13cbc,0xef0b79eed00b9e26e2826ff7585116b68b2dc3a6e336f43ccb59e36f2e172fcf
126,500000,0.2,0x8746f30b3bc330660dc7ebe8b2812ff27768a1ea,2017-10-13T03:07:55.000Z,0.0000004,0x0c0bc079b14f9853ac316501ce4b116a77a86d84,buy,0x30aee7f259d6d1564ebef457847c672b30f13cbc,0xf41fbbd0bc6b26f5948ec549a4b94ab7147c47e938cf7762ccaea46b07dfc858
127,8629,0.003883090449575974,0xd061966e0a85959c291aa1ead801c8cc91a339e2,2017-10-12T23:12:50.000Z,0.00000045000468763193,0x0c0bc079b14f9853ac316501ce4b116a77a86d84,buy,0x30aee7f259d6d1564ebef457847c672b30f13cbc,0x6545f4539aed1e0c0e07313750ee5d693c427b05da4bf9215e66c87266918c6d
128,559905,0.202125705,0x969bef662158580727917a4a5140816946ba74d1,2017-10-12T15:22:33.000Z,0.000000361,0xd0d7c568d5bb8ef7bba5d74cb66e8208b1687e0f,sell,0x30aee7f259d6d1564ebef457847c672b30f13cbc,0x554cb28d7360a1239bd9c09a805e5437173c9259cf89d2ed346ef92f80608ebc
129,1185104,0.444414,0xd061966e0a85959c291aa1ead801c8cc91a339e2,2017-10-12T15:17:26.000Z,0.000000375,0xd0d7c568d5bb8ef7bba5d74cb66e8208b1687e0f,sell,0x30aee7f259d6d1564ebef457847c672b30f13cbc,0x4d005fc86d45ae4bac89a8ac771df68d96163c1ae8cef012893641ce0faa2f92
130,1484896,0.556836,0xd061966e0a85959c291aa1ead801c8cc91a339e2,2017-10-12T07:00:53.000Z,0.000000375,0x29ef73ee5d8d03e85b4c35b22ec7ae998f7f6ce7,sell,0x30aee7f259d6d1564ebef457847c672b30f13cbc,0x7ee3207db9bc0ad8beedf01351aa5f671f6d1e494bbf82b374e6adac3fe846ba
131,2000000,0.8002,0xbcce870909b3dbbe28f744f69b080dbdeeb7748a,2017-10-12T06:43:18.000Z,0.0000004001,0x29ef73ee5d8d03e85b4c35b22ec7ae998f7f6ce7,sell,0x30aee7f259d6d1564ebef457847c672b30f13cbc,0xc9f2520ccd13459d7e827b180a9e0f0509cc3a035edc6d4dbf371948368425d9
132,1500000,0.6075,0x8746f30b3bc330660dc7ebe8b2812ff27768a1ea,2017-10-12T06:37:38.000Z,0.000000405,0x29ef73ee5d8d03e85b4c35b22ec7ae998f7f6ce7,sell,0x30aee7f259d6d1564ebef457847c672b30f13cbc,0x4e4061ae71f444e955d8c8e7c7b9b41a5f9e4b4192252abdf1e21e58c2d3b90f
133,700000,0.2604,0xd9f2422e6ff4956017468c137ac7bcc777f423d0,2017-10-12T05:47:49.000Z,0.000000372,0x24b1d10220f7862a90029cafa0b7c3eb6810cd0a,sell,0x30aee7f259d6d1564ebef457847c672b30f13cbc,0x80ae8fde5ef2f6cc77b6cf0c1349bbd60415d00120c528382a28b981f18c7837
134,504600,0.22707,0x8746f30b3bc330660dc7ebe8b2812ff27768a1ea,2017-10-12T05:29:16.000Z,0.00000045,0x732260efec9f62cab44dbb4cdd446c9073927e34,buy,0x30aee7f259d6d1564ebef457847c672b30f13cbc,0xd4f20663bd08bd175b00be6a4263e71e72b17ec72677425cd7f66becfeeaa132
135,1000000,0.45,0x8746f30b3bc330660dc7ebe8b2812ff27768a1ea,2017-10-12T00:15:27.000Z,0.00000045,0x732260efec9f62cab44dbb4cdd446c9073927e34,sell,0x30aee7f259d6d1564ebef457847c672b30f13cbc,0xb8faf7fb8cf05d6f8c722f31045851aca040b110bba93045af7fa147fa4d4020
136,100000,0.0638,0x64ef1975158f85a23a661d5c205d083a3b3ea6a1,2017-10-12T00:10:10.000Z,0.000000638,0xd0d7c568d5bb8ef7bba5d74cb66e8208b1687e0f,buy,0x30aee7f259d6d1564ebef457847c672b30f13cbc,0x39b360ec42a7e74727cabf223fbd6cce2c1888e560073477d64e62f5bdd13f06
137,51603,0.03302592,0xfcc4514f41b0394efe6021d5516bf74c6f554d1a,2017-10-11T12:20:07.000Z,0.00000064,0x756e8259c266229d687df5cafa7b1293ca3f6a1a,buy,0x30aee7f259d6d1564ebef457847c672b30f13cbc,0x53e56a9e8e634d52a0574c69476a5cc3671d513ff480e1874bdb962681708cde
138,554955,0.35905639978950227,0xa4c64c96ad9800e9f39489e23fb549507c592abf,2017-10-11T09:30:57.000Z,0.00000064700092762386,0x3603576f910ac545006eadbfee5798202ed07a45,buy,0x30aee7f259d6d1564ebef457847c672b30f13cbc,0xc30920d2462652768c6378e486466181642f634f657325f8a93219ae63ac5418
139,92248,0.059684456,0x9b73149133c7d34a50b6b078d1244961e3c39768,2017-10-11T05:36:10.000Z,0.000000647,0x0c0bc079b14f9853ac316501ce4b116a77a86d84,buy,0x30aee7f259d6d1564ebef457847c672b30f13cbc,0x9ff3e792aa2d15277c9e23f7e93582f46e7b1258723fd9819a7319ac043b84b3
140,307707,0.111082227,0x969bef662158580727917a4a5140816946ba74d1,2017-10-11T05:23:16.000Z,0.000000361,0x54b74d3b74463e66fd8b806da1e68b7d021902df,sell,0x30aee7f259d6d1564ebef457847c672b30f13cbc,0xe77c79bd146fe4ad145a813cb7aefb841d730d8a50ccb782c5bd8c3376334c5c
141,241250,0.0965,0x7fc85f5765560a01e3a34bd3b4c00c4ee34320c1,2017-10-11T03:31:56.000Z,0.0000004,0x54b74d3b74463e66fd8b806da1e68b7d021902df,sell,0x30aee7f259d6d1564ebef457847c672b30f13cbc,0x486ca8f3cd4f09f2429d94b58c8b0e0867a9216c4724fee66b1b1e6521ad1a1c
142,241250,0.0965,0x7fc85f5765560a01e3a34bd3b4c00c4ee34320c1,2017-10-11T03:29:22.000Z,0.0000004,0x54b74d3b74463e66fd8b806da1e68b7d021902df,sell,0x30aee7f259d6d1564ebef457847c672b30f13cbc,0x486ca8f3cd4f09f2429d94b58c8b0e0867a9216c4724fee66b1b1e6521ad1a1c
143,3000000,1.05,0x7fc85f5765560a01e3a34bd3b4c00c4ee34320c1,2017-10-11T00:04:59.000Z,0.00000035,0x54b74d3b74463e66fd8b806da1e68b7d021902df,sell,0x30aee7f259d6d1564ebef457847c672b30f13cbc,0x7dd59f06eb1c6fe4a90504e3ac829264c36414c2f1151963340a3dda54bfa3e6
144,2110,0.00136526767022231,0xb85d14ab22a69276e57f24130ce4215e5ffe7dc0,2017-10-10T22:37:43.000Z,0.00000064704628920488,0x0c0bc079b14f9853ac316501ce4b116a77a86d84,buy,0x30aee7f259d6d1564ebef457847c672b30f13cbc,0x22148c7943bdbf400bffd7a087b7d7fc0f023af6e010b4d781f3e773d1fb2dbc
145,6656002,2.06336062,0x9806009bc75e8eb1f580ab1034e20f74600f36fb,2017-10-10T19:17:14.000Z,0.00000031,0x885dd0a8df8cbefaf7ed8b73709c00876356959b,sell,0x30aee7f259d6d1564ebef457847c672b30f13cbc,0xb8573e40295d0c1f8b088532d9f2db160092012ddbeb91411c46af50774c2821
146,55641,0.036000000034,0x90e543bbe2b020dcf69e06927ca2920750dc211f,2017-10-10T18:12:01.000Z,0.00000064700490706493,0x0c0bc079b14f9853ac316501ce4b116a77a86d84,buy,0x30aee7f259d6d1564ebef457847c672b30f13cbc,0xc0fd33f292b82d1b19f6e4436d3f0a9ab7415294a6e5cec5cee29b176d0810ca
147,373229,0.12316557,0x32ef7e93c7f636682beb82d56bb65e9b062411d4,2017-10-10T00:14:59.000Z,0.00000033,0x885dd0a8df8cbefaf7ed8b73709c00876356959b,sell,0x30aee7f259d6d1564ebef457847c672b30f13cbc,0x261d94145cce5acfd835f0b949a4fbd0a7f38d5793f8d819074747ccdf617ef4
148,10000,0.00647,0x64ef1975158f85a23a661d5c205d083a3b3ea6a1,2017-10-09T22:41:35.000Z,0.000000647,0x756e8259c266229d687df5cafa7b1293ca3f6a1a,buy,0x30aee7f259d6d1564ebef457847c672b30f13cbc,0x3a313e2afc3864760fe0fddf3c5af54b97a049e27c252df2c40673c2d74f9f96
149,388698,0.2514877601271712,0x885dd0a8df8cbefaf7ed8b73709c00876356959b,2017-10-09T21:48:54.000Z,0.00000064700039652164,0x756e8259c266229d687df5cafa7b1293ca3f6a1a,buy,0x30aee7f259d6d1564ebef457847c672b30f13cbc,0x0838b6061385b0f294f4343b900bf7ceee2bb0a176b885735af18ad244633ba9
150,6844872,2.2245834,0x8f2c05301d853f81209d0a8467bc213f58c9afc9,2017-10-09T21:37:12.000Z,0.000000325,0x885dd0a8df8cbefaf7ed8b73709c00876356959b,sell,0x30aee7f259d6d1564ebef457847c672b30f13cbc,0x0489c03a8e7353803a6a9560feb36e8918190a7dd60f1b1413950eee8f53e6ac
151,5393264,1.7528108,0x8f2c05301d853f81209d0a8467bc213f58c9afc9,2017-10-09T20:51:43.000Z,0.000000325,0x9b73149133c7d34a50b6b078d1244961e3c39768,sell,0x30aee7f259d6d1564ebef457847c672b30f13cbc,0x259f952d4d74ee0539b93c210bb9e404487364e38ea6fc75207a9aeec947f1fa
152,199541,0.06784394,0x32ef7e93c7f636682beb82d56bb65e9b062411d4,2017-10-09T20:16:08.000Z,0.00000034,0xade22997da05c58f2024b4242946ac0d2072e43f,sell,0x30aee7f259d6d1564ebef457847c672b30f13cbc,0x4d20fab874563a261ead280b4a8dce337444eeded773ea7045bd79dea4326a8f
153,180000,0.0864,0x9630df2d2f8383177b2e2c3e1cad82038429fd2d,2017-10-09T20:13:26.000Z,0.00000048,0xade22997da05c58f2024b4242946ac0d2072e43f,sell,0x30aee7f259d6d1564ebef457847c672b30f13cbc,0xacf3d917ae4c57179cf1925e94ea33a6a9b660b5de0b2c3a6f622665598ad3f7
154,2700000,1.35,0xd556869b7ed07af1598d8a9b61b856a00646c14f,2017-10-09T20:12:59.000Z,0.0000005,0xade22997da05c58f2024b4242946ac0d2072e43f,sell,0x30aee7f259d6d1564ebef457847c672b30f13cbc,0xdac5137599668c55292a1ed1486328e162a63a574c09da72a9c73cfe2228a4d4
155,27300,0.013104,0xbf1e36feb9f38240cd321ef90f711822574e363f,2017-10-09T18:58:14.000Z,0.00000048,0x0687cca05875680905c29cc162d7f79731cda2a2,buy,0x30aee7f259d6d1564ebef457847c672b30f13cbc,0xbfb2a0e314318db523d1f75c5aa371b4a2aeb4bbf498634c5465057854ac24a2
156,80000,0.0384,0x9630df2d2f8383177b2e2c3e1cad82038429fd2d,2017-10-09T18:09:48.000Z,0.00000048,0x0c0bc079b14f9853ac316501ce4b116a77a86d84,buy,0x30aee7f259d6d1564ebef457847c672b30f13cbc,0xd7d0d7c83c05e4377fd85515f7644d3d7b55a23244157934ab80f03a623ccc31
157,80000,0.0384,0x9630df2d2f8383177b2e2c3e1cad82038429fd2d,2017-10-09T17:42:22.000Z,0.00000048,0x0c0bc079b14f9853ac316501ce4b116a77a86d84,buy,0x30aee7f259d6d1564ebef457847c672b30f13cbc,0xf86e685ae22245c80d365a3cccce95638dc6a2022d1058c41dc673c46b32e616
158,781388,0.3789735001,0x9630df2d2f8383177b2e2c3e1cad82038429fd2d,2017-10-09T16:10:23.000Z,0.00000048500040965563,0x9806009bc75e8eb1f580ab1034e20f74600f36fb,buy,0x30aee7f259d6d1564ebef457847c672b30f13cbc,0xc57a9542c8a705eae2af02eac15e0e74907c3051a189bdcefd82eda102016adc
159,440000,0.1408,0x32ef7e93c7f636682beb82d56bb65e9b062411d4,2017-10-09T12:27:07.000Z,0.00000032,0x54b74d3b74463e66fd8b806da1e68b7d021902df,sell,0x30aee7f259d6d1564ebef457847c672b30f13cbc,0x6ee4fbf7fc275df01dbd1b6fa01b99167e3b40f3bfc238fe22628c662c0db005
160,250000,0.08,0xfcc4514f41b0394efe6021d5516bf74c6f554d1a,2017-10-09T08:33:29.000Z,0.00000032,0x0c0bc079b14f9853ac316501ce4b116a77a86d84,buy,0x30aee7f259d6d1564ebef457847c672b30f13cbc,0x9a48d426d031b9cc1872afc6e0a7612db8bbfe0a5f97930ae64c39c7bdd60f6d
161,1000000,0.478,0xfcc4514f41b0394efe6021d5516bf74c6f554d1a,2017-10-09T03:37:16.000Z,0.000000478,0xbbe8a1421d8583194bd959a640cb82225650c748,buy,0x30aee7f259d6d1564ebef457847c672b30f13cbc,0xb35a8b9fd5dc922abae76c4d8361eb1d29314d2a6f1f0c93cdf200592239e994
162,609200,0.2905884,0xfcc4514f41b0394efe6021d5516bf74c6f554d1a,2017-10-09T03:33:55.000Z,0.000000477,0x2ba07ab5648351d846d7b108e11be1f6ec404099,buy,0x30aee7f259d6d1564ebef457847c672b30f13cbc,0x7302cfd822fd3e3e91c92a122e2ea0f11114f59b1ac716555df396325fd075e4
163,900000,0.423,0xfcc4514f41b0394efe6021d5516bf74c6f554d1a,2017-10-09T03:32:51.000Z,0.00000047,0xdcfd6486786edff27f2e4b731020778364afcd4f,buy,0x30aee7f259d6d1564ebef457847c672b30f13cbc,0x9e59380c05d935e58f5fec6f625085c17f484aa131897c3cf57144eec5d12cb1
164,956053,0.43978438,0xfcc4514f41b0394efe6021d5516bf74c6f554d1a,2017-10-09T03:32:00.000Z,0.00000046,0xcb8c470ade68afc21e307891fc3cfdf37f960b6d,buy,0x30aee7f259d6d1564ebef457847c672b30f13cbc,0x86c32d223d8d8f195904e8e6cd28959abb10ed7befd39d37e4b51637e7057b60
165,230000,0.1035,0xfcc4514f41b0394efe6021d5516bf74c6f554d1a,2017-10-09T03:32:00.000Z,0.00000045,0x0ba84fdf0bfd88f905d58a1ebb8624133a58db1b,buy,0x30aee7f259d6d1564ebef457847c672b30f13cbc,0x7f98404b8e262b17f1fadae3a14dff2d986c86d1b5166e125534f9cee4d9164b
166,74066,0.03333000015,0x90e543bbe2b020dcf69e06927ca2920750dc211f,2017-10-09T00:37:12.000Z,0.00000045000405246671,0xcb8c470ade68afc21e307891fc3cfdf37f960b6d,buy,0x30aee7f259d6d1564ebef457847c672b30f13cbc,0x9ba5c33452f464ceb80d1700e076219787e6f771cabc24ce2f615aaed939d9f5
167,43,0.00001247,0xcb8c470ade68afc21e307891fc3cfdf37f960b6d,2017-10-09T00:03:44.000Z,0.00000029,0x9287c6b7bb264abf6b4679e998b9b9f7b39a70dd,sell,0x30aee7f259d6d1564ebef457847c672b30f13cbc,0xf98f8a71b19eb8f1c95fac777fc452f8b5c3b8b9a5fa3110c696ab273dbb4669
168,430076,0.12472204,0xcb8c470ade68afc21e307891fc3cfdf37f960b6d,2017-10-09T00:02:04.000Z,0.00000029,0x9287c6b7bb264abf6b4679e998b9b9f7b39a70dd,sell,0x30aee7f259d6d1564ebef457847c672b30f13cbc,0xd2154c591a9e7c36b29d11d8fb5882834faef11024c690619aa9cec1fc13cce0
169,10000,0.00293,0x78b0e4933f5b7d90102367e28efcde256998411e,2017-10-08T23:55:58.000Z,0.000000293,0x9287c6b7bb264abf6b4679e998b9b9f7b39a70dd,sell,0x30aee7f259d6d1564ebef457847c672b30f13cbc,0xaf15a3338027f6ff228a9b9f577e8b8bedd173e618afb56c6e6fae23b09c8658
170,20000,0.00594,0x78b0e4933f5b7d90102367e28efcde256998411e,2017-10-08T23:51:35.000Z,0.000000297,0x9287c6b7bb264abf6b4679e998b9b9f7b39a70dd,sell,0x30aee7f259d6d1564ebef457847c672b30f13cbc,0xf7ebdd2522e2dca2d3323041e788fdf28ace95598699e2298b84e3a5f6a19471
171,100000,0.0316,0xcb8c470ade68afc21e307891fc3cfdf37f960b6d,2017-10-08T23:02:35.000Z,0.000000316,0x0c0bc079b14f9853ac316501ce4b116a77a86d84,buy,0x30aee7f259d6d1564ebef457847c672b30f13cbc,0x881ffb49616ceaafa943900f714d942d11979b89455de4ee7b5f2ccff93d0994
172,500000,0.155,0xcb8c470ade68afc21e307891fc3cfdf37f960b6d,2017-10-08T22:22:35.000Z,0.00000031,0xdcfd6486786edff27f2e4b731020778364afcd4f,buy,0x30aee7f259d6d1564ebef457847c672b30f13cbc,0x073ceabfd2cefa5eab4be8552ef9895f9602bfc64541cd79876202dd681ccfd1
173,50000,0.0158,0x6873035172a9d986e31d8b4ecf108838af8e7e23,2017-10-08T16:15:53.000Z,0.000000316,0x0c0bc079b14f9853ac316501ce4b116a77a86d84,buy,0x30aee7f259d6d1564ebef457847c672b30f13cbc,0x60443bb717dcff5c633f4ce2372c6ad9ba3d2d9e044a3e48a9d4ecfca50029a5
174,2500000,0.6625,0x969bef662158580727917a4a5140816946ba74d1,2017-10-08T03:01:06.000Z,0.000000265,0x007d6286d0cdd80930e8915ac7fe016d6a3a755e,sell,0x30aee7f259d6d1564ebef457847c672b30f13cbc,0x6a311f770b4a0d71e3a264ef999c1b6a681902efbf5d408f30ed5622c6374403
175,11000000,2.926,0x184ef1e47cbf50f871b91389f6ad494f4ac00680,2017-10-08T03:01:02.000Z,0.000000266,0x007d6286d0cdd80930e8915ac7fe016d6a3a755e,sell,0x30aee7f259d6d1564ebef457847c672b30f13cbc,0x78be2c0a066c09ac7ad9760ef7fb362e051fd5f701faf33685ccf08e4fd08c72
176,5000000,1.375,0x969bef662158580727917a4a5140816946ba74d1,2017-10-08T03:00:01.000Z,0.000000275,0x007d6286d0cdd80930e8915ac7fe016d6a3a755e,sell,0x30aee7f259d6d1564ebef457847c672b30f13cbc,0xcf054feeac8568c595b9fa215b40d607967dd95eb34fdea58dc451c60c85d444
177,66800000,16.8336,0x184ef1e47cbf50f871b91389f6ad494f4ac00680,2017-10-07T21:04:30.000Z,0.000000252,0x885dd0a8df8cbefaf7ed8b73709c00876356959b,sell,0x30aee7f259d6d1564ebef457847c672b30f13cbc,0x60b4da75bb4980af5ac95bb31e7600552768b6a88d0626802f63e77dd92887c7
178,862000,0.24567,0xd9f2422e6ff4956017468c137ac7bcc777f423d0,2017-10-07T21:01:05.000Z,0.000000285,0x885dd0a8df8cbefaf7ed8b73709c00876356959b,sell,0x30aee7f259d6d1564ebef457847c672b30f13cbc,0xcec83f7d3db9ea84adc9e6f55f866e848c00ed0ee53319b94102f6100494084d
179,1000000,0.286,0x8746f30b3bc330660dc7ebe8b2812ff27768a1ea,2017-10-07T20:54:24.000Z,0.000000286,0x885dd0a8df8cbefaf7ed8b73709c00876356959b,sell,0x30aee7f259d6d1564ebef457847c672b30f13cbc,0xa84a53d9190789eed090a4dd9246c078be7f8f036f5b482577930ee2f3ee902e
180,30000000,8.55,0x8f2c05301d853f81209d0a8467bc213f58c9afc9,2017-10-07T20:52:23.000Z,0.000000285,0x885dd0a8df8cbefaf7ed8b73709c00876356959b,sell,0x30aee7f259d6d1564ebef457847c672b30f13cbc,0x86c70330272f398b8b2d2459521c85e7e83d95ec433adca2d2cde3a3ffba8471
181,1000000,0.29,0xbbe8a1421d8583194bd959a640cb82225650c748,2017-10-07T20:51:49.000Z,0.00000029,0x885dd0a8df8cbefaf7ed8b73709c00876356959b,sell,0x30aee7f259d6d1564ebef457847c672b30f13cbc,0xd79dc2d741c609d86d177473338cf35ad8c7e3e9b7c2ab92d7b77441d9d31d0f
182,1,0.00000047966,0x7d053385a05276eedcaf706325ae34ae544741a6,2017-10-07T17:51:12.000Z,0.00000047966,0xbcce870909b3dbbe28f744f69b080dbdeeb7748a,buy,0x30aee7f259d6d1564ebef457847c672b30f13cbc,0x7c1021a9edc5b463f6747a03eea6327fb45db09e08aba1b8d644c402390e1ef3
183,123711,0.0599999999,0x27849f835bb345a26dffbfa7a8863c387b546730,2017-10-07T10:44:28.000Z,0.00000048500133294533,0x9806009bc75e8eb1f580ab1034e20f74600f36fb,buy,0x30aee7f259d6d1564ebef457847c672b30f13cbc,0xfdf1d03206f50a70a50ed33f3d970a586a79a17f280636771c27abaa4f5e13cc
184,60168,0.016666536,0x5d5065b42bdee0274e394ba9042c21e1818c69cf,2017-10-07T02:21:06.000Z,0.000000277,0x007d6286d0cdd80930e8915ac7fe016d6a3a755e,sell,0x30aee7f259d6d1564ebef457847c672b30f13cbc,0x0348487a1b0184139bb7b702a4b946ca45eba2af42ea26c307bd36c99ef3e084
185,1880000,0.50008,0x8f2c05301d853f81209d0a8467bc213f58c9afc9,2017-10-07T02:19:56.000Z,0.000000266,0x007d6286d0cdd80930e8915ac7fe016d6a3a755e,sell,0x30aee7f259d6d1564ebef457847c672b30f13cbc,0xe24e72afe7eddfbc1fa7fa8a606957cbe48668b623783e9a36ed615853a08328
186,4754500,1.2599425,0xb1ad3cf3e34f2a5c5263ef5feadb45de9e73db55,2017-10-07T01:53:50.000Z,0.000000265,0x007d6286d0cdd80930e8915ac7fe016d6a3a755e,sell,0x30aee7f259d6d1564ebef457847c672b30f13cbc,0xe464302370a0b13ecb2df60821683fe35e5b8a5b5dccd583f921de43343eed82
187,36764,0.0180000000576,0x54b59cbea68b581f1fa6ae1c3d5ea0643e8e2378,2017-10-06T18:31:20.000Z,0.00000048960940206723,0xbcce870909b3dbbe28f744f69b080dbdeeb7748a,buy,0x30aee7f259d6d1564ebef457847c672b30f13cbc,0x35c9ba3dbdd76b813bff1e9553e6522950f12d890b2b88a4f7c9af2ff574cfe3
188,3801427,0.95035675,0x0d53cd9fc121d223b5c337bc54bf09fe95caca13,2017-10-06T02:11:25.000Z,0.00000025,0x72dafc9745d6272d4a250fd16a404f5778512ca3,sell,0x30aee7f259d6d1564ebef457847c672b30f13cbc,0x0940eec2967073f5b009671448931df3bd241470bb5a0b9153565000d02a5da4
189,3381000,0.929775,0xe47376dcb7eb6649a4f0d7deeec8ebdba148f91a,2017-10-06T02:02:03.000Z,0.000000275,0x72dafc9745d6272d4a250fd16a404f5778512ca3,sell,0x30aee7f259d6d1564ebef457847c672b30f13cbc,0x97fddb15e8f822029542e72b6cca8a4f770d9fa04f70f650237a56e957a4d2e3
190,3381000,0.929775,0xe47376dcb7eb6649a4f0d7deeec8ebdba148f91a,2017-10-06T01:59:44.000Z,0.000000275,0x72dafc9745d6272d4a250fd16a404f5778512ca3,sell,0x30aee7f259d6d1564ebef457847c672b30f13cbc,0x97fddb15e8f822029542e72b6cca8a4f770d9fa04f70f650237a56e957a4d2e3
191,415000,0.1162,0xdb637168e6f15edf6a47f276963bb0cbae2eed70,2017-10-06T01:58:32.000Z,0.00000028,0x72dafc9745d6272d4a250fd16a404f5778512ca3,sell,0x30aee7f259d6d1564ebef457847c672b30f13cbc,0x51f81f5001b64bb4ca37d6d0082ccccc6d2c2567d8a28e50a214743a4d4d916c
192,8000000,2.208,0x8f2c05301d853f81209d0a8467bc213f58c9afc9,2017-10-05T19:44:12.000Z,0.000000276,0x007d6286d0cdd80930e8915ac7fe016d6a3a755e,sell,0x30aee7f259d6d1564ebef457847c672b30f13cbc,0x1f810343eb708a1110b8a15cb65adca950138d6a071175dbe42be13f76b1ba75
193,50000,0.0245,0x004946d7c4a8ccb6b6dcdb68488510c93362bde3,2017-10-05T18:01:18.000Z,0.00000049,0x0c0bc079b14f9853ac316501ce4b116a77a86d84,buy,0x30aee7f259d6d1564ebef457847c672b30f13cbc,0x81735f93c20ef7e8002d5c65e6ebaee474cbd679cfe909553e497fb9b92ade2f
194,2,0.00000098,0xbf52f67f8524587d6a7ab1f1f8d092c635b9587f,2017-10-05T14:06:00.000Z,0.00000049,0x0c0bc079b14f9853ac316501ce4b116a77a86d84,buy,0x30aee7f259d6d1564ebef457847c672b30f13cbc,0xe5af102372c44783a6a6b138129bdb5e7ccba17fa224295a6d3bab9df3b7d8b5
195,10,0.0000049,0xd8a62ad8a7efa8a3267932d2e478c026566fbe34,2017-10-05T12:13:46.000Z,0.00000049,0xdcfd6486786edff27f2e4b731020778364afcd4f,buy,0x30aee7f259d6d1564ebef457847c672b30f13cbc,0x8f9ab246786ad65b4ca62e0593335f30a0d743e2157dfd56cfc9b8fe9c825991
196,26812,0.013406,0x885dd0a8df8cbefaf7ed8b73709c00876356959b,2017-10-05T09:44:40.000Z,0.0000005,0x1fdf047bf7a114b37e7936d01e9cad754ad18803,buy,0x30aee7f259d6d1564ebef457847c672b30f13cbc,0x0e09d4b1f1e51864e0a40f34ba18d214979b7577a204f257b74665e21157e8b5
197,2649222,0.646410168,0x8f2c05301d853f81209d0a8467bc213f58c9afc9,2017-10-05T09:44:13.000Z,0.000000244,0x885dd0a8df8cbefaf7ed8b73709c00876356959b,sell,0x30aee7f259d6d1564ebef457847c672b30f13cbc,0x3e5fa9028ade2402b0b83befe54c435af630b72a849b63b95130affd7d27d661
198,2210299,0.537102657,0xaa10dc038b30b1ddb5309b9c9162323a80355cfc,2017-10-05T09:41:55.000Z,0.000000243,0x885dd0a8df8cbefaf7ed8b73709c00876356959b,sell,0x30aee7f259d6d1564ebef457847c672b30f13cbc,0x8e664b45c5258cf97c98c7861f89744bbdead4d8537b7c668656df54d3b90ab3
199,25000000,6,0xcb8c470ade68afc21e307891fc3cfdf37f960b6d,2017-10-05T09:40:12.000Z,0.00000024,0x885dd0a8df8cbefaf7ed8b73709c00876356959b,sell,0x30aee7f259d6d1564ebef457847c672b30f13cbc,0x5a889feb3ca29c9ec974a7bdab14f9132b4565882cbf49f160dc59b24d83acf0
200,50000,0.0245,0x885dd0a8df8cbefaf7ed8b73709c00876356959b,2017-10-05T09:35:44.000Z,0.00000049,0x0c0bc079b14f9853ac316501ce4b116a77a86d84,buy,0x30aee7f259d6d1564ebef457847c672b30f13cbc,0x9ccb1cd46d737cd45475d43d4a07183bb65f5eb97d1a357eac95b222f43045b7
201,2289701,0.556397343,0xaa10dc038b30b1ddb5309b9c9162323a80355cfc,2017-10-05T03:02:57.000Z,0.000000243,0x19bf325fc97c87da4ae9808efc07521111e437ec,sell,0x30aee7f259d6d1564ebef457847c672b30f13cbc,0x0ba5541fb734ecb8b085cbe584c2583fde77a379091c886027659231af978ee2
202,332269,0.080409098,0x8f2c05301d853f81209d0a8467bc213f58c9afc9,2017-10-05T02:15:23.000Z,0.000000242,0x70504e601798f1884859afb481682e1ae0079f26,sell,0x30aee7f259d6d1564ebef457847c672b30f13cbc,0xda4b908f947438e5fdef1a96e10ac9e8194cc2491ea5ca533070ff9123c9a329
203,896114,0.216859588,0x8f2c05301d853f81209d0a8467bc213f58c9afc9,2017-10-04T23:14:40.000Z,0.000000242,0x0c70dc96a0fa002c0c8f33e86ab6e95610290f90,sell,0x30aee7f259d6d1564ebef457847c672b30f13cbc,0xfb8c754e4676972924f9104aad24e095d583eb6afd10af51d0cace35bd6b39c7
204,100000,0.0242,0xf0a59d01095c347ae52e907e05d76e84b9845677,2017-10-04T23:05:10.000Z,0.000000242,0x0c70dc96a0fa002c0c8f33e86ab6e95610290f90,sell,0x30aee7f259d6d1564ebef457847c672b30f13cbc,0x76990faae856bbea68f7e26bd2149dbe9cd40f5c45eddb7d9403c8c4898619fe
205,20000,0.0098,0xf0a59d01095c347ae52e907e05d76e84b9845677,2017-10-04T22:59:26.000Z,0.00000049,0x971f30c325d9924ad472adf0bf98702502baad93,buy,0x30aee7f259d6d1564ebef457847c672b30f13cbc,0xde1023cd5f2f9984e789979748dc37e154e74466a18f002bfc18b4ddd4344498
206,965912,0.232784792,0x3de1655d54223f420f5d8e72ebfb27e5ad8a3a06,2017-10-04T22:11:22.000Z,0.000000241,0x0c70dc96a0fa002c0c8f33e86ab6e95610290f90,sell,0x30aee7f259d6d1564ebef457847c672b30f13cbc,0x90a998c0b3bc671ddfd282ce0dca1a54165dbaddac359208d9c579b350f64a78
207,904,0.000217864,0x3de1655d54223f420f5d8e72ebfb27e5ad8a3a06,2017-10-04T22:04:27.000Z,0.000000241,0x0c70dc96a0fa002c0c8f33e86ab6e95610290f90,sell,0x30aee7f259d6d1564ebef457847c672b30f13cbc,0xd334d76a4a0d1011532ca99bd72d6408b959fe4d9d84af0ef6571ab3a39f1aab
208,9078955,2.133554425,0x5cec35e452844a3ed4aac52674a57b7dcfd33f57,2017-10-04T11:59:34.000Z,0.000000235,0xfa1ddfbb7f40cc1e887cb897da87aac1495ddf4a,sell,0x30aee7f259d6d1564ebef457847c672b30f13cbc,0xf2c0aaa7d013ec0285993f6b61033a8ca589724aaabcd9566199a7ed0c6ecc0b
209,39,0.000009165,0x5cec35e452844a3ed4aac52674a57b7dcfd33f57,2017-10-04T07:43:56.000Z,0.000000235,0x085cb895d22ec541fb4743e973c3435dd0e829e6,sell,0x30aee7f259d6d1564ebef457847c672b30f13cbc,0x40fdc337a97d8830956b8e019cbb56c026b963bbd9944ee7bd5f0fbb5a5cf2f6
210,381958,0.08976013,0x5cec35e452844a3ed4aac52674a57b7dcfd33f57,2017-10-04T07:32:40.000Z,0.000000235,0x085cb895d22ec541fb4743e973c3435dd0e829e6,sell,0x30aee7f259d6d1564ebef457847c672b30f13cbc,0xa61ce23e83031403bc09df58d1fbbc2a7b91fcde0334b3458ae4ea6da17bb201
211,465112,0.109766432,0x5c768cd8d2bbc26086c2a159c3e5afe60ed72f23,2017-10-04T07:27:22.000Z,0.000000236,0x085cb895d22ec541fb4743e973c3435dd0e829e6,sell,0x30aee7f259d6d1564ebef457847c672b30f13cbc,0x82017ceb89153e2790feef7da5445e8659eb6930f99f6868d06e56b0f72cd7f9
212,1950000,0.49725,0xd061966e0a85959c291aa1ead801c8cc91a339e2,2017-10-04T06:57:05.000Z,0.000000255,0x085cb895d22ec541fb4743e973c3435dd0e829e6,sell,0x30aee7f259d6d1564ebef457847c672b30f13cbc,0x5a3f0dc2cccdc0bd293324ce75f6f3a033cff9cbf4221c3b2ac5d930179f3caa
213,299300,0.143664,0x885dd0a8df8cbefaf7ed8b73709c00876356959b,2017-10-04T04:37:02.000Z,0.00000048,0x1fdf047bf7a114b37e7936d01e9cad754ad18803,buy,0x30aee7f259d6d1564ebef457847c672b30f13cbc,0x9b37e54962888d54a3268740e6b05914d3bec9c5eef29d2240d96933e13be860
214,700,0.000336,0xcb8c470ade68afc21e307891fc3cfdf37f960b6d,2017-10-04T01:31:20.000Z,0.00000048,0x1fdf047bf7a114b37e7936d01e9cad754ad18803,buy,0x30aee7f259d6d1564ebef457847c672b30f13cbc,0xa5c8114fa9831d5661ec739fd024ee52d26863258ed8539eb16e7a9066a8c817
215,2700000,0.81,0xcb8c470ade68afc21e307891fc3cfdf37f960b6d,2017-10-04T01:12:36.000Z,0.0000003,0x007d6286d0cdd80930e8915ac7fe016d6a3a755e,sell,0x30aee7f259d6d1564ebef457847c672b30f13cbc,0x57fb2c3e00bd6d18d23055efc519908a39a4b3ed05c91cd2562f570374fb19b4
216,2099999,0.73499965,0xcb8c470ade68afc21e307891fc3cfdf37f960b6d,2017-10-03T20:49:04.000Z,0.00000035,0x9eb429cb38ad55553a6e83ccacd178c7fd27a26a,buy,0x30aee7f259d6d1564ebef457847c672b30f13cbc,0xcc6f72c1c62e8c1baf1ea16d933eebf1b034437cc7105e07bca9a8d44e538644
217,1,0.00000035,0x0249924245a19aa2d7f5ddb0739a7132b7d094ab,2017-10-03T20:45:47.000Z,0.00000035,0x9eb429cb38ad55553a6e83ccacd178c7fd27a26a,buy,0x30aee7f259d6d1564ebef457847c672b30f13cbc,0x0e1734627a55fac36ed70ea28200b74ab35f030bbce3518b1cf7aa75ed773c1c
218,5269316,1.23828926,0xcb8c470ade68afc21e307891fc3cfdf37f960b6d,2017-10-03T18:20:46.000Z,0.000000235,0x007d6286d0cdd80930e8915ac7fe016d6a3a755e,sell,0x30aee7f259d6d1564ebef457847c672b30f13cbc,0xe43f0e82886aca683a2efdf5ad7a07f4e0521ec503fe9d1d04633ae282d67db4
219,4310000,1.01716,0x0e738d6295067d519eceb788370187c792c3f567,2017-10-03T17:26:07.000Z,0.000000236,0x007d6286d0cdd80930e8915ac7fe016d6a3a755e,sell,0x30aee7f259d6d1564ebef457847c672b30f13cbc,0x0eb709c4c88b9686bfccae8c1de7e2310e34746c0cf84f769e90818afb512f6c
220,671203,0.3356015,0xd047f7330d98264db44bc3e96e4b1b8593949e00,2017-10-03T09:24:04.000Z,0.0000005,0x1fdf047bf7a114b37e7936d01e9cad754ad18803,sell,0x30aee7f259d6d1564ebef457847c672b30f13cbc,0xbc579b053f2f8a435c758555468918d781c80e09256135bc3c9474ce67acc399
221,63,0.0000315,0xd047f7330d98264db44bc3e96e4b1b8593949e00,2017-10-03T08:53:29.000Z,0.0000005,0xcb8c470ade68afc21e307891fc3cfdf37f960b6d,sell,0x30aee7f259d6d1564ebef457847c672b30f13cbc,0x6661f41a8ece680a796fcef79be5a23b3a81d521ed207e3505de44cea840b7cb
222,628734,0.314367,0xd047f7330d98264db44bc3e96e4b1b8593949e00,2017-10-03T08:52:09.000Z,0.0000005,0xcb8c470ade68afc21e307891fc3cfdf37f960b6d,sell,0x30aee7f259d6d1564ebef457847c672b30f13cbc,0x4e36b930fd83f6f222db0ee11b43b37f067cf2b59106682b1d8292d8b4e70ae6
223,630684,0.14821074,0xcb8c470ade68afc21e307891fc3cfdf37f960b6d,2017-10-03T06:07:52.000Z,0.000000235,0x885dd0a8df8cbefaf7ed8b73709c00876356959b,sell,0x30aee7f259d6d1564ebef457847c672b30f13cbc,0xa56fa2f0e55203fc441dea616e711cc4369e09d4d2da3114b0469165455d9dc8
224,20000,0.00666,0x035392de57aa4fe343d86494103dbe1b068a56c6,2017-10-03T02:13:17.000Z,0.000000333,0x0c70dc96a0fa002c0c8f33e86ab6e95610290f90,sell,0x30aee7f259d6d1564ebef457847c672b30f13cbc,0x7f90ac63d8cccce712568e9de8db746754a23bc2f43ca688f5f901af5d4a2cab
225,11000,0.00275,0x0024a5046fd95c5eee6db19a69ef7ed3bacd50f1,2017-10-03T02:05:31.000Z,0.00000025,0x0c70dc96a0fa002c0c8f33e86ab6e95610290f90,sell,0x30aee7f259d6d1564ebef457847c672b30f13cbc,0xeae60dfeb231d321fdbf359612a63578ffa708456e6a62ee689c961e30df661e
226,2000000,0.460000008,0xbcce870909b3dbbe28f744f69b080dbdeeb7748a,2017-10-02T21:43:39.000Z,0.000000230000004,0x9b73149133c7d34a50b6b078d1244961e3c39768,sell,0x30aee7f259d6d1564ebef457847c672b30f13cbc,0x028dd700373dbe84fda78fcc795a34e1aea270ad4302385930983442ac634970
227,20000,0.00668,0x971f30c325d9924ad472adf0bf98702502baad93,2017-10-02T14:43:48.000Z,0.000000334,0x885dd0a8df8cbefaf7ed8b73709c00876356959b,sell,0x30aee7f259d6d1564ebef457847c672b30f13cbc,0xa61d165da3e44dafd1f7c807f6b75c1204c0416ee423ceb6ed8f117c8ee0d680
228,1000000,0.34,0x1fdf047bf7a114b37e7936d01e9cad754ad18803,2017-10-02T12:38:52.000Z,0.00000034,0x885dd0a8df8cbefaf7ed8b73709c00876356959b,sell,0x30aee7f259d6d1564ebef457847c672b30f13cbc,0xf1a517aef7b7be7b247d5eca5dc5afac56f09b31f893eaa8d422f942227217a4
229,400000,0.2,0xd6146c64896d92d4d32c37cb06779ddf20a05c82,2017-09-30T11:27:53.000Z,0.0000005,0x007d6286d0cdd80930e8915ac7fe016d6a3a755e,sell,0x30aee7f259d6d1564ebef457847c672b30f13cbc,0x1cc1f964dc99bda215449166f3d4e672486287b527cd2dac4db20c5a721d852e
230,2600,0.001678716,0x0024a5046fd95c5eee6db19a69ef7ed3bacd50f1,2017-09-29T11:55:41.000Z,0.00000064566,0xbcce870909b3dbbe28f744f69b080dbdeeb7748a,buy,0x30aee7f259d6d1564ebef457847c672b30f13cbc,0xdb0215a9d5770100b416f712dc113bca767a8238d70de27c8332082be0ef8a8e
231,56000,0.036232,0x4b43041e418b16bb7dcf94a09f721cc73574fc04,2017-09-29T09:47:44.000Z,0.000000647,0xad008c3f3a816eab62a522b6ee7f96eb989106dd,buy,0x30aee7f259d6d1564ebef457847c672b30f13cbc,0x886bbe9e91e2c207b46856103b8ac541a8aaf34584f5152c038a5e5caee51bfa
232,2000,0.001294,0x3908ed8333e4ba274bed2b930c198fd4ff8f03c3,2017-09-28T21:00:58.000Z,0.000000647,0xad008c3f3a816eab62a522b6ee7f96eb989106dd,buy,0x30aee7f259d6d1564ebef457847c672b30f13cbc,0x9e8de52a33ba98cecf48894021429984cac71e756cbc1b9e6f513dc8ce7e3672
233,700000,0.4501,0x51e71c7b633f26b9fd215b1d6926e3a53c6e321d,2017-09-28T18:06:05.000Z,0.000000643,0x5d26ca4ee3be471a4c5eeccb3bac220603387c77,buy,0x30aee7f259d6d1564ebef457847c672b30f13cbc,0xaf33f0faa8a381e158af0bb2e832f97ef9c76848d121f23b2a0df96a3dcee92c
234,1,0.000000647,0xa0be78d2bac6a692adba423c7af50ec86a18bddf,2017-09-28T05:30:35.000Z,0.000000647,0xad008c3f3a816eab62a522b6ee7f96eb989106dd,buy,0x30aee7f259d6d1564ebef457847c672b30f13cbc,0x00ae7059db5e3c66ec6dec5237cd581bb0ec37c8addf855b96070b20a9d125c2
235,581500,0.3489,0x51e71c7b633f26b9fd215b1d6926e3a53c6e321d,2017-09-28T03:33:07.000Z,0.0000006,0x4ea32300d8f8a922efa86ef602316f6326d42bad,buy,0x30aee7f259d6d1564ebef457847c672b30f13cbc,0x050011974b2f6bb73040d65ec4b936cf867f7e1ea8c15393c7d09a712c09edc0
236,709,0.000216245,0xab550bae4df060851327fb9f2e1403f4dd6eb08a,2017-09-27T23:56:56.000Z,0.000000305,0xc4cbadce56bd5fbd3fd91c1b3623a79d45110209,sell,0x30aee7f259d6d1564ebef457847c672b30f13cbc,0xb3e08b002aed8efc5bb6c72c9455c9bf7f5592d6c0c826432c0ebd35332fc9a4
237,5000,0.00324,0x7bfc602267386faa74b7789bccfafdb12c3373b2,2017-09-27T13:38:21.000Z,0.000000648,0xa3d7dedda551204ccb03bd79aa87824cc453b8de,buy,0x30aee7f259d6d1564ebef457847c672b30f13cbc,0x8e4333843644d6277d5039ba16351924c99b86fe874f06b11db1291ab7f8752c
238,15000000,4.515,0xad008c3f3a816eab62a522b6ee7f96eb989106dd,2017-09-27T10:29:25.000Z,0.000000301,0x007d6286d0cdd80930e8915ac7fe016d6a3a755e,sell,0x30aee7f259d6d1564ebef457847c672b30f13cbc,0x6e5f16098379879e5e6828746f7a93c6a64872e2212003c0d366defb48ae79ea
239,113192,0.056709192,0x51e71c7b633f26b9fd215b1d6926e3a53c6e321d,2017-09-27T10:22:33.000Z,0.000000501,0x007d6286d0cdd80930e8915ac7fe016d6a3a755e,sell,0x30aee7f259d6d1564ebef457847c672b30f13cbc,0x9276f342830216d80eb8266940992a79133b1ab6d926fa4fc9754145fd7e5211
240,111808,0.056015808,0x51e71c7b633f26b9fd215b1d6926e3a53c6e321d,2017-09-27T05:46:14.000Z,0.000000501,0xc4cbadce56bd5fbd3fd91c1b3623a79d45110209,sell,0x30aee7f259d6d1564ebef457847c672b30f13cbc,0x74cccad88d5d525216357cb8644d869c8fa95780a0f95cd1719e541be6be133e
241,140000,0.04494,0x0d53cd9fc121d223b5c337bc54bf09fe95caca13,2017-09-27T05:07:41.000Z,0.000000321,0xc4cbadce56bd5fbd3fd91c1b3623a79d45110209,sell,0x30aee7f259d6d1564ebef457847c672b30f13cbc,0xe848b078921f42587b1e45621adcdebce65b0af6eddf840c182eab079bc09fc6
242,230000,0.1104,0x0ba84fdf0bfd88f905d58a1ebb8624133a58db1b,2017-09-27T05:07:32.000Z,0.00000048,0xc4cbadce56bd5fbd3fd91c1b3623a79d45110209,sell,0x30aee7f259d6d1564ebef457847c672b30f13cbc,0x7574dd352bf805fc8e633aa8589eee3bc27c8b6cad112b2e4b3aaed8e3fb1cb3
243,563007,0.25898322,0x5d26ca4ee3be471a4c5eeccb3bac220603387c77,2017-09-27T05:07:24.000Z,0.00000046,0xc4cbadce56bd5fbd3fd91c1b3623a79d45110209,sell,0x30aee7f259d6d1564ebef457847c672b30f13cbc,0xa608be7ff0278d4fb4f7374e9a9617afa134f8d0e5ef6819857490557aaa6b5b
244,1000000,0.402,0x969bef662158580727917a4a5140816946ba74d1,2017-09-27T05:06:39.000Z,0.000000402,0xc4cbadce56bd5fbd3fd91c1b3623a79d45110209,sell,0x30aee7f259d6d1564ebef457847c672b30f13cbc,0xaab40cff95b9fb0746c6d7af767de67d1bcf27999934d876f4cbcea60334b03c
245,199758,0.100079130744,0x51e71c7b633f26b9fd215b1d6926e3a53c6e321d,2017-09-27T04:56:35.000Z,0.00000050100186597783,0x756e8259c266229d687df5cafa7b1293ca3f6a1a,buy,0x30aee7f259d6d1564ebef457847c672b30f13cbc,0x0833bcef85ef547b773adde3abab1bc772eddc3a403f753b646bd5deacadf2fa
246,35113698,7.233421788,0x5c768cd8d2bbc26086c2a159c3e5afe60ed72f23,2017-09-27T04:56:35.000Z,0.000000206,0xc4cbadce56bd5fbd3fd91c1b3623a79d45110209,sell,0x30aee7f259d6d1564ebef457847c672b30f13cbc,0x63ebbff07137e8bc097c2992c47849d884e20f64eadb12db3338d421b535c96a
247,43912,0.022000000176,0x09c450150abc14c949a942d2e7573b7ce0bc5dad,2017-09-27T03:06:33.000Z,0.00000050100200801603,0x756e8259c266229d687df5cafa7b1293ca3f6a1a,buy,0x30aee7f259d6d1564ebef457847c672b30f13cbc,0x52b6cf4bc82b10ef2d92dfb2c2784521f5d5cecc4ea708a018ac38d219d1dd3b
248,14,0.00000644,0x5d26ca4ee3be471a4c5eeccb3bac220603387c77,2017-09-27T00:09:03.000Z,0.00000046,0xad67bb6515548932b1aaa57a09c247ba18cd5174,sell,0x30aee7f259d6d1564ebef457847c672b30f13cbc,0x0c9784875d2eff3d5b83215dfabaf20dab3e638bcd6ad185315f37264ad41406
249,136979,0.06301034,0x5d26ca4ee3be471a4c5eeccb3bac220603387c77,2017-09-26T23:08:19.000Z,0.00000046,0xad67bb6515548932b1aaa57a09c247ba18cd5174,sell,0x30aee7f259d6d1564ebef457847c672b30f13cbc,0x44ba2ea68bce707203be651064ab490d6897cd8fc0e3a7224b01c0afeacb6f72
250,19960,0.01000000008,0x37dd4e5111c436147b1ff6821983bcf81fb23352,2017-09-26T20:15:21.000Z,0.00000050100200801603,0x756e8259c266229d687df5cafa7b1293ca3f6a1a,buy,0x30aee7f259d6d1564ebef457847c672b30f13cbc,0x9d04f14962d0e084f32fd04e1aca6be6b8d93b78b2248e80ded3d4f6a3d412cc
251,100000,0.0501,0xd6146c64896d92d4d32c37cb06779ddf20a05c82,2017-09-26T17:31:46.000Z,0.000000501,0x007d6286d0cdd80930e8915ac7fe016d6a3a755e,sell,0x30aee7f259d6d1564ebef457847c672b30f13cbc,0x8eb95b7f196504be589332c5b65006dd01783645344ea01271995907fefe13b0
252,3000000,1.35,0xcb8c470ade68afc21e307891fc3cfdf37f960b6d,2017-09-26T17:22:50.000Z,0.00000045,0x007d6286d0cdd80930e8915ac7fe016d6a3a755e,sell,0x30aee7f259d6d1564ebef457847c672b30f13cbc,0x374dd4cd6607f5b9e872e534cc514eeafd548e73c4be56d8b5a9341bc792911d
253,733826,0.368380652,0x969bef662158580727917a4a5140816946ba74d1,2017-09-26T11:41:03.000Z,0.000000502,0x756e8259c266229d687df5cafa7b1293ca3f6a1a,sell,0x30aee7f259d6d1564ebef457847c672b30f13cbc,0xa18fdd8694e3cd2384d9fbc1b28dbff8836490a9bac5107dbe08c7551526590f
254,266174,0.133619348,0x969bef662158580727917a4a5140816946ba74d1,2017-09-26T04:36:12.000Z,0.000000502,0x1fdf047bf7a114b37e7936d01e9cad754ad18803,sell,0x30aee7f259d6d1564ebef457847c672b30f13cbc,0x5499314da94d0921ff8b4a29c7316268c27c65d5837496946997281b7537a264
255,556,0.0005,0x350f6f675b20d606bb7f6c412ef4775c9bc57168,2017-09-25T19:52:34.000Z,0.00000089928057553956,0xbcce870909b3dbbe28f744f69b080dbdeeb7748a,buy,0x30aee7f259d6d1564ebef457847c672b30f13cbc,0x7ff1cd55fb3f5f633586bb70763810653d61ee73f1cd3063a95ffe7e93f8504b
256,628,0.0005,0xc886b21b865e7c90432d9b8bdb14ad254f2232f5,2017-09-25T18:44:43.000Z,0.00000079617834394904,0x7c00e3e6c7c4666ed753ddee716a013230a605aa,buy,0x30aee7f259d6d1564ebef457847c672b30f13cbc,0x7c059d7cec410fa53ba3a608e34784704ee334e8f2259b2b61dafdc397cf4f86
257,628,0.0005,0x23ee598e50ff1b1bde1022bf3c8a41d4c23321a0,2017-09-25T18:02:22.000Z,0.00000079617834394904,0x7c00e3e6c7c4666ed753ddee716a013230a605aa,buy,0x30aee7f259d6d1564ebef457847c672b30f13cbc,0x5f78e180d3a802eea8d83db389b1afcd68276c3f47d47984c3cc5dd2d4ed81f0
258,626,0.0005,0xe37bd4d49c619e748d4efe74525489d26b6aff43,2017-09-25T16:24:52.000Z,0.00000079872204472843,0xbcce870909b3dbbe28f744f69b080dbdeeb7748a,buy,0x30aee7f259d6d1564ebef457847c672b30f13cbc,0x173b699ec62e7e52676e193814e47ccee9f13a3046b1faae5eb39ce9e5b93eaf
259,1100000,0.55,0x8746f30b3bc330660dc7ebe8b2812ff27768a1ea,2017-09-25T16:13:06.000Z,0.0000005,0x7c00e3e6c7c4666ed753ddee716a013230a605aa,sell,0x30aee7f259d6d1564ebef457847c672b30f13cbc,0x8f6554f44a6ab5a4ca2b736d5474950d3e16bb92761f7120e5adfe63b84cd5af
260,626,0.0005,0x23ee598e50ff1b1bde1022bf3c8a41d4c23321a0,2017-09-25T16:08:33.000Z,0.00000079872204472843,0xbcce870909b3dbbe28f744f69b080dbdeeb7748a,buy,0x30aee7f259d6d1564ebef457847c672b30f13cbc,0xf69a1bf14aa2e40c5bcfb93a1ea5719ea95fdfa502437db639be8eac22de1e39
261,625,0.0005,0x160506e5a5ce5dadd43623689f53d5aa1f288f0f,2017-09-25T14:45:38.000Z,0.0000008,0x1fdf047bf7a114b37e7936d01e9cad754ad18803,buy,0x30aee7f259d6d1564ebef457847c672b30f13cbc,0x4ad5325b24fa345aa3c402449e44623300eeb17bb1de9d455ec7ae00e16f39c2
262,625,0.0005,0xe5a759eb3e214ff0a2bbbea31acc41c9bf27b239,2017-09-25T14:43:14.000Z,0.0000008,0xa3d7dedda551204ccb03bd79aa87824cc453b8de,buy,0x30aee7f259d6d1564ebef457847c672b30f13cbc,0xa259ec7b23a90fa199e957cec6da60a624977f9183cc69accca5a87b27afb293
263,625,0.0005,0x452b06f1c61cff4c9bebaa405319a7c3b12553a2,2017-09-25T10:55:12.000Z,0.0000008,0x1fdf047bf7a114b37e7936d01e9cad754ad18803,buy,0x30aee7f259d6d1564ebef457847c672b30f13cbc,0x21f93c7582ad3b58564614c93e736efce28abb5628cb0218f330548ca93defa0
264,625,0.0005,0x8612d2a48328bbf318b856ed0daaa4a7034383d0,2017-09-25T10:35:20.000Z,0.0000008,0x1fdf047bf7a114b37e7936d01e9cad754ad18803,buy,0x30aee7f259d6d1564ebef457847c672b30f13cbc,0xc17beace436bbdafab023abf7850109b94294f2e05c08bafddcae58397172eac
265,625,0.0005,0x03dd03643b71b06642179afb38211c0f45699bc5,2017-09-25T10:34:53.000Z,0.0000008,0x1fdf047bf7a114b37e7936d01e9cad754ad18803,buy,0x30aee7f259d6d1564ebef457847c672b30f13cbc,0xdd1f1ce1955907b16e31d9ce03df2d4f60780d68b8c7f62028d74809e0b27d7b
266,556,0.0005,0x452b06f1c61cff4c9bebaa405319a7c3b12553a2,2017-09-25T10:33:33.000Z,0.00000089928057553956,0xbcce870909b3dbbe28f744f69b080dbdeeb7748a,buy,0x30aee7f259d6d1564ebef457847c672b30f13cbc,0xc25e63d6eb06dbd419f89390e7d253331b2519d7013f93bbcbaa2e8e1a5a29fb
267,625,0.0005,0x7ed2114439b24152cf18c02c10cae681a7ca2adc,2017-09-25T10:29:33.000Z,0.0000008,0x1fdf047bf7a114b37e7936d01e9cad754ad18803,buy,0x30aee7f259d6d1564ebef457847c672b30f13cbc,0x6f9d439b491130f3b24cb3e5066b9c3967fa370f1f46f2dc0c1d3937343378e4
268,625,0.0005,0x10c12555236fa11fc988be565ab70c82a4660ecf,2017-09-25T10:27:11.000Z,0.0000008,0x1fdf047bf7a114b37e7936d01e9cad754ad18803,buy,0x30aee7f259d6d1564ebef457847c672b30f13cbc,0x128e8d17cebfd42165cfac588dd837b41dd0d99c8b88cde5d8103385c236f13e
269,556,0.0005,0x8f28b1970e72adb11173044ebc762800e3128238,2017-09-25T10:24:23.000Z,0.00000089928057553956,0xbcce870909b3dbbe28f744f69b080dbdeeb7748a,buy,0x30aee7f259d6d1564ebef457847c672b30f13cbc,0xc5e478368d4d6a3cbd0e855cdf2259a84040f761896b99a17976b54b86636345
270,625,0.0005,0xc22f5ab4f1591613a92b4d172cc7f4e4a5af58cd,2017-09-25T10:07:57.000Z,0.0000008,0x1fdf047bf7a114b37e7936d01e9cad754ad18803,buy,0x30aee7f259d6d1564ebef457847c672b30f13cbc,0x7336dff9e8478ed02076b008440af359fbf4bbe718d7b7945fc0a9c095427f3c
271,556,0.0005,0x23ee598e50ff1b1bde1022bf3c8a41d4c23321a0,2017-09-25T09:18:27.000Z,0.00000089928057553956,0xbcce870909b3dbbe28f744f69b080dbdeeb7748a,buy,0x30aee7f259d6d1564ebef457847c672b30f13cbc,0x9bb32e8d237cf2c2a26f7d59311b57e4ceab216ff5cc96e373597ca58bbfa60e
272,556,0.0005,0x7ed2114439b24152cf18c02c10cae681a7ca2adc,2017-09-25T08:39:22.000Z,0.00000089928057553956,0xbcce870909b3dbbe28f744f69b080dbdeeb7748a,buy,0x30aee7f259d6d1564ebef457847c672b30f13cbc,0x6f2595e80ce63c1e0608d061b9975729fe993ed0b07e50f45cc979e64a373997
273,625,0.0005,0x10c12555236fa11fc988be565ab70c82a4660ecf,2017-09-25T08:23:11.000Z,0.0000008,0x1fdf047bf7a114b37e7936d01e9cad754ad18803,buy,0x30aee7f259d6d1564ebef457847c672b30f13cbc,0x50a6e7b6a6f05e9bdd3207a4bbc22b696798ad5308b644e0eacb0d0b5bd5019b
274,556,0.0005,0xe5a759eb3e214ff0a2bbbea31acc41c9bf27b239,2017-09-25T07:57:54.000Z,0.00000089928057553956,0xbcce870909b3dbbe28f744f69b080dbdeeb7748a,buy,0x30aee7f259d6d1564ebef457847c672b30f13cbc,0x4bcb0c70211b4283c8a6cc9825c4cfa1056813d4e41f16af9711f2f60630acc5
275,556,0.0005,0x160506e5a5ce5dadd43623689f53d5aa1f288f0f,2017-09-25T07:43:09.000Z,0.00000089928057553956,0xbcce870909b3dbbe28f744f69b080dbdeeb7748a,buy,0x30aee7f259d6d1564ebef457847c672b30f13cbc,0x2fd1cfa7b3c0fbc0994597f9ac3cb32de21159a2964d7bb8b8e748edd4740f8c
276,556,0.0005,0x03dd03643b71b06642179afb38211c0f45699bc5,2017-09-25T06:21:02.000Z,0.00000089928057553956,0xbcce870909b3dbbe28f744f69b080dbdeeb7748a,buy,0x30aee7f259d6d1564ebef457847c672b30f13cbc,0x5248f97a40e3da50e2f97c7b91ea31c0156ec50539bfda8f51a3e919e73e2d85
277,556,0.0005,0x10c12555236fa11fc988be565ab70c82a4660ecf,2017-09-25T05:24:58.000Z,0.00000089928057553956,0xbcce870909b3dbbe28f744f69b080dbdeeb7748a,buy,0x30aee7f259d6d1564ebef457847c672b30f13cbc,0xafd22b2f858c96271062a6c25346a323d5879eac5eb201f7a8798ee3dd424521
278,556,0.0005,0x160506e5a5ce5dadd43623689f53d5aa1f288f0f,2017-09-25T04:10:24.000Z,0.00000089928057553956,0xbcce870909b3dbbe28f744f69b080dbdeeb7748a,buy,0x30aee7f259d6d1564ebef457847c672b30f13cbc,0x91529a5c442d1718dc62f5110facc28e97ded0d334f35f5833b45a4b920abb24
279,556,0.0005,0xc886b21b865e7c90432d9b8bdb14ad254f2232f5,2017-09-25T04:06:17.000Z,0.00000089928057553956,0xbcce870909b3dbbe28f744f69b080dbdeeb7748a,buy,0x30aee7f259d6d1564ebef457847c672b30f13cbc,0xcc8572ac848bb9764d112dfa51c57e96b74779c318455c55755270f39ad3130a
280,556,0.0005,0xe37bd4d49c619e748d4efe74525489d26b6aff43,2017-09-25T04:02:14.000Z,0.00000089928057553956,0xbcce870909b3dbbe28f744f69b080dbdeeb7748a,buy,0x30aee7f259d6d1564ebef457847c672b30f13cbc,0xf30de6b4bc762902db71d9500c4230233fab08f88b78a2fc779bfc8e557ec956
281,556,0.0005,0xc22f5ab4f1591613a92b4d172cc7f4e4a5af58cd,2017-09-25T04:01:35.000Z,0.00000089928057553956,0xbcce870909b3dbbe28f744f69b080dbdeeb7748a,buy,0x30aee7f259d6d1564ebef457847c672b30f13cbc,0x373d50489082179aefcc5389ab01e450ae46a0c7afab72acce171f85b3f6eef4
282,556,0.0005,0x452b06f1c61cff4c9bebaa405319a7c3b12553a2,2017-09-25T03:43:11.000Z,0.00000089928057553956,0xbcce870909b3dbbe28f744f69b080dbdeeb7748a,buy,0x30aee7f259d6d1564ebef457847c672b30f13cbc,0x11b6fc264e55dfd75ed5183ff3643d0681e3d662f2a7003324206970441f305e
283,556,0.0005,0x8612d2a48328bbf318b856ed0daaa4a7034383d0,2017-09-25T03:13:48.000Z,0.00000089928057553956,0xbcce870909b3dbbe28f744f69b080dbdeeb7748a,buy,0x30aee7f259d6d1564ebef457847c672b30f13cbc,0x80de37dd535098cec839577276de70df21f6c5b9fd37868cf73c30ed52e63e65
284,556,0.0005,0xc22f5ab4f1591613a92b4d172cc7f4e4a5af58cd,2017-09-25T02:00:46.000Z,0.00000089928057553956,0xbcce870909b3dbbe28f744f69b080dbdeeb7748a,buy,0x30aee7f259d6d1564ebef457847c672b30f13cbc,0xb6fe818dabba3e27b15466b36d9296a79e6430ba776088be766abb0f73b0d4d8
285,556,0.0005,0x452b06f1c61cff4c9bebaa405319a7c3b12553a2,2017-09-25T01:44:06.000Z,0.00000089928057553956,0xbcce870909b3dbbe28f744f69b080dbdeeb7748a,buy,0x30aee7f259d6d1564ebef457847c672b30f13cbc,0x18d6b073ee03157452258256e129f03baece20585a4f62acb2650dfb96314b9a
286,556,0.0005,0x8612d2a48328bbf318b856ed0daaa4a7034383d0,2017-09-25T01:13:14.000Z,0.00000089928057553956,0xbcce870909b3dbbe28f744f69b080dbdeeb7748a,buy,0x30aee7f259d6d1564ebef457847c672b30f13cbc,0x279bd97f07d1bd2a8915a4f8b892ddf48b96dbf6a29b46db70d73354d1e931d2
287,556,0.0005,0x7ed2114439b24152cf18c02c10cae681a7ca2adc,2017-09-25T01:07:23.000Z,0.00000089928057553956,0xbcce870909b3dbbe28f744f69b080dbdeeb7748a,buy,0x30aee7f259d6d1564ebef457847c672b30f13cbc,0xeef54818b3fe0223159facd5b67b8363d357d9df70b38a59d248ffa6e5af9fad
288,556,0.0005,0x03dd03643b71b06642179afb38211c0f45699bc5,2017-09-25T00:53:57.000Z,0.00000089928057553956,0xbcce870909b3dbbe28f744f69b080dbdeeb7748a,buy,0x30aee7f259d6d1564ebef457847c672b30f13cbc,0x5800bc1b5b4738e562ccde962c8cb4d02b3e4f249a4effc5fe5039eb545072af
289,556,0.0005,0x10c12555236fa11fc988be565ab70c82a4660ecf,2017-09-25T00:41:27.000Z,0.00000089928057553956,0x007d6286d0cdd80930e8915ac7fe016d6a3a755e,buy,0x30aee7f259d6d1564ebef457847c672b30f13cbc,0x59e9381945f99e1c4d6f71dd64ebdb7a543965750cf973ec31a0e49374da94ee
290,556,0.0005,0x8f28b1970e72adb11173044ebc762800e3128238,2017-09-25T00:26:12.000Z,0.00000089928057553956,0x007d6286d0cdd80930e8915ac7fe016d6a3a755e,buy,0x30aee7f259d6d1564ebef457847c672b30f13cbc,0xeae0e832a8847487ca3ecb916897bfa0eb21f42d1285e2a66519a9a5e7ea210c
291,556,0.0005,0x23ee598e50ff1b1bde1022bf3c8a41d4c23321a0,2017-09-25T00:17:49.000Z,0.00000089928057553956,0x007d6286d0cdd80930e8915ac7fe016d6a3a755e,buy,0x30aee7f259d6d1564ebef457847c672b30f13cbc,0x912671bde4f18d42cbe1cc1f0700842a9ec7e39e423e6881f015c04e5f8fa962
292,556,0.0005,0xe5a759eb3e214ff0a2bbbea31acc41c9bf27b239,2017-09-25T00:10:07.000Z,0.00000089928057553956,0x007d6286d0cdd80930e8915ac7fe016d6a3a755e,buy,0x30aee7f259d6d1564ebef457847c672b30f13cbc,0xb37114fbd444811da1eee6aaa7956a0e3dd9b1e7e0b55d9647f0d5a50d462b74
293,556,0.0005,0x160506e5a5ce5dadd43623689f53d5aa1f288f0f,2017-09-24T23:42:27.000Z,0.00000089928057553956,0x007d6286d0cdd80930e8915ac7fe016d6a3a755e,buy,0x30aee7f259d6d1564ebef457847c672b30f13cbc,0xf721026883291e3693d98a793185803272837cc5b7fa7dc3869decff919d31b1
294,556,0.0005,0xc22f5ab4f1591613a92b4d172cc7f4e4a5af58cd,2017-09-24T23:27:42.000Z,0.00000089928057553956,0x007d6286d0cdd80930e8915ac7fe016d6a3a755e,buy,0x30aee7f259d6d1564ebef457847c672b30f13cbc,0x816d5f0eb9b4dbbad709a2651b55616fb0cf76d533509084252f1e3b7df541e4
295,556,0.0005,0x452b06f1c61cff4c9bebaa405319a7c3b12553a2,2017-09-24T23:18:39.000Z,0.00000089928057553956,0x007d6286d0cdd80930e8915ac7fe016d6a3a755e,buy,0x30aee7f259d6d1564ebef457847c672b30f13cbc,0xc5455b7decafdaf88fee288421ee064c6a473d91b532a4093e14d260ab6ed766
296,136419,0.12264110414642324,0x1f24d3571246f03fe1a4deaad74f3069b8ed3df2,2017-09-24T23:18:11.000Z,0.00000089900310181443,0x007d6286d0cdd80930e8915ac7fe016d6a3a755e,buy,0x30aee7f259d6d1564ebef457847c672b30f13cbc,0x4bfb566a1833b6400d2a3d6e30f32f5dd6e8bcad4cf5ed29e9d34867ceb1b4ce
297,248750,0.199,0x1f24d3571246f03fe1a4deaad74f3069b8ed3df2,2017-09-24T18:15:00.000Z,0.0000008,0x1fdf047bf7a114b37e7936d01e9cad754ad18803,buy,0x30aee7f259d6d1564ebef457847c672b30f13cbc,0x34c90c991cf48e461f63f26cfe163d3b87b6258ae09e5fa90114c3ebe7362d4b
298,1250,0.001,0x8739e5bf37b98f2e25654058acd98ab3eb64577b,2017-09-24T16:38:39.000Z,0.0000008,0x1fdf047bf7a114b37e7936d01e9cad754ad18803,buy,0x30aee7f259d6d1564ebef457847c672b30f13cbc,0x4b16b45c20f20b2cc054afba1a77fb707fafb666ef164fe2950dd1de537cbbc8
299,186193,0.17129818744,0xad008c3f3a816eab62a522b6ee7f96eb989106dd,2017-09-24T08:04:44.000Z,0.00000092000336983667,0x1fdf047bf7a114b37e7936d01e9cad754ad18803,buy,0x30aee7f259d6d1564ebef457847c672b30f13cbc,0xae7865708423dbf05357b79939cc674542cbf0680073cbbe1eb1858fbe6430c2
300,263806,0.24270181236869837,0xad008c3f3a816eab62a522b6ee7f96eb989106dd,2017-09-24T07:54:52.000Z,0.0000009200011082716,0x1fdf047bf7a114b37e7936d01e9cad754ad18803,buy,0x30aee7f259d6d1564ebef457847c672b30f13cbc,0xe80fa26523eeb41522cea028652a602eab8cbb846928090ac3cb4968c277ff27
301,96111,0.0864999999,0xad008c3f3a816eab62a522b6ee7f96eb989106dd,2017-09-24T07:47:32.000Z,0.00000090000103942316,0xad67bb6515548932b1aaa57a09c247ba18cd5174,buy,0x30aee7f259d6d1564ebef457847c672b30f13cbc,0x4df3857baf18fad655f5401e3199f482fa598f02eec448a96fdaef99669e2831
302,235966,0.21567332963688998,0xad008c3f3a816eab62a522b6ee7f96eb989106dd,2017-09-24T07:45:35.000Z,0.00000091400171904804,0x00d39a4dce7a21583a08b216bae0ba91719e5ab3,buy,0x30aee7f259d6d1564ebef457847c672b30f13cbc,0xcd1b84bfa4fc8122410bbf2686803ba77abcdd4f1d49b73daf611213ffc9375b
303,1100000,1.0065,0xad008c3f3a816eab62a522b6ee7f96eb989106dd,2017-09-24T07:43:59.000Z,0.000000915,0x8746f30b3bc330660dc7ebe8b2812ff27768a1ea,buy,0x30aee7f259d6d1564ebef457847c672b30f13cbc,0x7a90af9a1593b5470fa21e54efde318d6870130a20c87a6b1d6d7a9a017aa333
304,555,0.0005,0xc22f5ab4f1591613a92b4d172cc7f4e4a5af58cd,2017-09-24T04:21:58.000Z,0.0000009009009009009,0xad67bb6515548932b1aaa57a09c247ba18cd5174,buy,0x30aee7f259d6d1564ebef457847c672b30f13cbc,0x4e3e2a2dd726c4d37c3603a62da9b99b283343072ae40681ba54923180731c85
305,555,0.0005,0x452b06f1c61cff4c9bebaa405319a7c3b12553a2,2017-09-24T04:18:48.000Z,0.0000009009009009009,0xad67bb6515548932b1aaa57a09c247ba18cd5174,buy,0x30aee7f259d6d1564ebef457847c672b30f13cbc,0x60988bccd45ecdedf02a910c71e5f5aaa8ec1c899babb9ead3db868435f84b95
306,555,0.0005,0x18a902dc44442205b4ba2b1dc038e67506d22c55,2017-09-24T04:16:56.000Z,0.0000009009009009009,0xad67bb6515548932b1aaa57a09c247ba18cd5174,buy,0x30aee7f259d6d1564ebef457847c672b30f13cbc,0x3c22621c338520b52827c2f91523b9969ab9b6465e01277e8025d63fb9db9127
307,555,0.0005,0xd868b838b5de79f1e540b5d83c9e9a3d0b3810cd,2017-09-24T04:08:15.000Z,0.0000009009009009009,0xad67bb6515548932b1aaa57a09c247ba18cd5174,buy,0x30aee7f259d6d1564ebef457847c672b30f13cbc,0xb1c2de4ccd492c3a29f17dfa82baaf756e5df10e5bdd3bd7c41304df2ecaf0b4
308,555,0.0005,0xc22f5ab4f1591613a92b4d172cc7f4e4a5af58cd,2017-09-24T04:00:19.000Z,0.0000009009009009009,0xad67bb6515548932b1aaa57a09c247ba18cd5174,buy,0x30aee7f259d6d1564ebef457847c672b30f13cbc,0x7d94a3a0d462580a0636f914e07f741d152351702794121a684b16c8b53627d7
309,555,0.0005,0x452b06f1c61cff4c9bebaa405319a7c3b12553a2,2017-09-24T03:53:37.000Z,0.0000009009009009009,0xad67bb6515548932b1aaa57a09c247ba18cd5174,buy,0x30aee7f259d6d1564ebef457847c672b30f13cbc,0x6078a3ac063a0b8b585c317cc4786c0c62191c10e0b57da509a1ae1a68dd3b2b
310,555,0.0005,0x2ba19ec4bcd5ae8de66b110bde5ebf41092bd02f,2017-09-24T03:45:34.000Z,0.0000009009009009009,0xad67bb6515548932b1aaa57a09c247ba18cd5174,buy,0x30aee7f259d6d1564ebef457847c672b30f13cbc,0xeb10e14ed4ac94511d1d110ecae0d9ec79ae3019d10b77699396ef652c0ea384
311,547,0.0005,0x18a902dc44442205b4ba2b1dc038e67506d22c55,2017-09-24T03:40:53.000Z,0.00000091407678244972,0x00d39a4dce7a21583a08b216bae0ba91719e5ab3,buy,0x30aee7f259d6d1564ebef457847c672b30f13cbc,0x2843fd8a841d219f55a5d9b8ac6ed71930c5ec3a7b2abe027d60e0615bb96a4e
312,547,0.0005,0xd868b838b5de79f1e540b5d83c9e9a3d0b3810cd,2017-09-24T03:30:55.000Z,0.00000091407678244972,0x00d39a4dce7a21583a08b216bae0ba91719e5ab3,buy,0x30aee7f259d6d1564ebef457847c672b30f13cbc,0x590ae15c030e55550559d72a810ce913aea2983fdf22072631ae34d10dcbda7f
313,547,0.0005,0xc22f5ab4f1591613a92b4d172cc7f4e4a5af58cd,2017-09-24T03:22:45.000Z,0.00000091407678244972,0x00d39a4dce7a21583a08b216bae0ba91719e5ab3,buy,0x30aee7f259d6d1564ebef457847c672b30f13cbc,0x74227e7767f228205dcd6ca2a3c054a08fdcac5d852e3de415547585e5b49265
314,547,0.0005,0x452b06f1c61cff4c9bebaa405319a7c3b12553a2,2017-09-24T03:13:38.000Z,0.00000091407678244972,0x00d39a4dce7a21583a08b216bae0ba91719e5ab3,buy,0x30aee7f259d6d1564ebef457847c672b30f13cbc,0xf84112a74453bab19f3d60905de25783a789c63e4b93700d71b74430fefdf1d4
315,547,0.0005,0x2ba19ec4bcd5ae8de66b110bde5ebf41092bd02f,2017-09-24T03:09:19.000Z,0.00000091407678244972,0x00d39a4dce7a21583a08b216bae0ba91719e5ab3,buy,0x30aee7f259d6d1564ebef457847c672b30f13cbc,0x30af22291f241f2c22ced7405bcfa36ba78868892d49a6eb3bc962996ea3273c
316,547,0.0005,0x18a902dc44442205b4ba2b1dc038e67506d22c55,2017-09-24T03:06:10.000Z,0.00000091407678244972,0x00d39a4dce7a21583a08b216bae0ba91719e5ab3,buy,0x30aee7f259d6d1564ebef457847c672b30f13cbc,0x10822a073eedc223efab8de186c50a9e7237842d717743edd7465623889c61d1
317,547,0.0005,0xd868b838b5de79f1e540b5d83c9e9a3d0b3810cd,2017-09-24T02:55:57.000Z,0.00000091407678244972,0x00d39a4dce7a21583a08b216bae0ba91719e5ab3,buy,0x30aee7f259d6d1564ebef457847c672b30f13cbc,0xea6ecaebe4224c932d1faac76be8154d829079dc4f0fa975f1bf72f9966c0dd8
318,87270,0.07976552036311,0x8739e5bf37b98f2e25654058acd98ab3eb64577b,2017-09-24T02:48:16.000Z,0.00000091400848359241,0x00d39a4dce7a21583a08b216bae0ba91719e5ab3,buy,0x30aee7f259d6d1564ebef457847c672b30f13cbc,0x19291d9b202e0de0007d89a23d9c9e4a62d01c466a2a6b862397ee2f47e20a6d
319,547,0.0005,0xc22f5ab4f1591613a92b4d172cc7f4e4a5af58cd,2017-09-24T02:47:29.000Z,0.00000091407678244972,0x00d39a4dce7a21583a08b216bae0ba91719e5ab3,buy,0x30aee7f259d6d1564ebef457847c672b30f13cbc,0xa19b880bd28366fcb2287e9a8792232c11495c8d6de7fffb8b32bb9a6c50b258
320,547,0.0005,0x452b06f1c61cff4c9bebaa405319a7c3b12553a2,2017-09-24T02:42:45.000Z,0.00000091407678244972,0x00d39a4dce7a21583a08b216bae0ba91719e5ab3,buy,0x30aee7f259d6d1564ebef457847c672b30f13cbc,0xac1c86353fb9c245e77ed3e93a54cf6247da2f6fa51d7c4ed7ca44649bc07a13
321,547,0.0005,0x2ba19ec4bcd5ae8de66b110bde5ebf41092bd02f,2017-09-24T02:37:15.000Z,0.00000091407678244972,0x00d39a4dce7a21583a08b216bae0ba91719e5ab3,buy,0x30aee7f259d6d1564ebef457847c672b30f13cbc,0xbd2fad537d0e4c20d16da8f1c776cabb21e3f6dc7b0341612e0cba7db3fd739f
322,547,0.0005,0x18a902dc44442205b4ba2b1dc038e67506d22c55,2017-09-24T02:29:37.000Z,0.00000091407678244972,0x00d39a4dce7a21583a08b216bae0ba91719e5ab3,buy,0x30aee7f259d6d1564ebef457847c672b30f13cbc,0xe00b17a004c52dba2bfd0f78759dfa62960c5887a1a12160b11b875bca1bdb0c
323,547,0.0005,0xd868b838b5de79f1e540b5d83c9e9a3d0b3810cd,2017-09-24T02:24:35.000Z,0.00000091407678244972,0x00d39a4dce7a21583a08b216bae0ba91719e5ab3,buy,0x30aee7f259d6d1564ebef457847c672b30f13cbc,0xaf993721a897d4a7db0debd28e45a40d2a81dbcdee588e45f69ae926002e99ad
324,547,0.0005,0xc22f5ab4f1591613a92b4d172cc7f4e4a5af58cd,2017-09-24T02:15:42.000Z,0.00000091407678244972,0x00d39a4dce7a21583a08b216bae0ba91719e5ab3,buy,0x30aee7f259d6d1564ebef457847c672b30f13cbc,0x85874de757a0cf1b3d9b65fd4101ed3268f0942eafe6b077d9e49d0be5bd194f
325,547,0.0005,0x452b06f1c61cff4c9bebaa405319a7c3b12553a2,2017-09-24T02:09:43.000Z,0.00000091407678244972,0x00d39a4dce7a21583a08b216bae0ba91719e5ab3,buy,0x30aee7f259d6d1564ebef457847c672b30f13cbc,0x71192c8e452a1fb8a799d1d6eda6fe95816616c3c72adee01b4735053567a66a
326,547,0.0005,0x2ba19ec4bcd5ae8de66b110bde5ebf41092bd02f,2017-09-24T02:04:14.000Z,0.00000091407678244972,0x00d39a4dce7a21583a08b216bae0ba91719e5ab3,buy,0x30aee7f259d6d1564ebef457847c672b30f13cbc,0x96e383ac684bd4e0447a6cb846ff1119f5a4b45b1b93e4577510fa2009b4f41b
327,547,0.0005,0x18a902dc44442205b4ba2b1dc038e67506d22c55,2017-09-24T01:56:27.000Z,0.00000091407678244972,0x00d39a4dce7a21583a08b216bae0ba91719e5ab3,buy,0x30aee7f259d6d1564ebef457847c672b30f13cbc,0x13c912e6f450d89d35a11a5c8e516748fa40b215ff0cb348d1f42d64d9bb2ecb
328,547,0.0005,0xd868b838b5de79f1e540b5d83c9e9a3d0b3810cd,2017-09-24T01:49:02.000Z,0.00000091407678244972,0x00d39a4dce7a21583a08b216bae0ba91719e5ab3,buy,0x30aee7f259d6d1564ebef457847c672b30f13cbc,0x5c3cbeea89e1d9dd270fb2e8aed936a72edbcf4ff46c2eda6ac53b361ae4b2f6
329,547,0.0005,0xc22f5ab4f1591613a92b4d172cc7f4e4a5af58cd,2017-09-24T01:41:15.000Z,0.00000091407678244972,0x00d39a4dce7a21583a08b216bae0ba91719e5ab3,buy,0x30aee7f259d6d1564ebef457847c672b30f13cbc,0x7577f1e556630b5ef16cd12f5a429e57471adef50ab0596cec5ed06d1d82d644
330,547,0.0005,0x452b06f1c61cff4c9bebaa405319a7c3b12553a2,2017-09-24T01:35:18.000Z,0.00000091407678244972,0x00d39a4dce7a21583a08b216bae0ba91719e5ab3,buy,0x30aee7f259d6d1564ebef457847c672b30f13cbc,0xe05f46a4ea800add3840f1566d1e9a95e954dd66c30693f65588ed7dac337a42
331,547,0.0005,0x2ba19ec4bcd5ae8de66b110bde5ebf41092bd02f,2017-09-24T01:28:55.000Z,0.00000091407678244972,0x00d39a4dce7a21583a08b216bae0ba91719e5ab3,buy,0x30aee7f259d6d1564ebef457847c672b30f13cbc,0x429f280b2b4ab22f678649ce13683b7b35a096e7e719963e9cdcee4f7c5f2001
332,547,0.0005,0x18a902dc44442205b4ba2b1dc038e67506d22c55,2017-09-24T01:24:06.000Z,0.00000091407678244972,0x00d39a4dce7a21583a08b216bae0ba91719e5ab3,buy,0x30aee7f259d6d1564ebef457847c672b30f13cbc,0x51726c6ee794112ced8717beca43da4d4da4f2c224a1361bf0fca1b8e2e7f919
333,547,0.0005,0xd868b838b5de79f1e540b5d83c9e9a3d0b3810cd,2017-09-24T01:16:09.000Z,0.00000091407678244972,0x00d39a4dce7a21583a08b216bae0ba91719e5ab3,buy,0x30aee7f259d6d1564ebef457847c672b30f13cbc,0xafb05e711d68995a39793578daaa23b205bc6e37621ed01ca74f98d823fb7236
334,547,0.0005,0xc22f5ab4f1591613a92b4d172cc7f4e4a5af58cd,2017-09-24T01:04:14.000Z,0.00000091407678244972,0x00d39a4dce7a21583a08b216bae0ba91719e5ab3,buy,0x30aee7f259d6d1564ebef457847c672b30f13cbc,0x8f0227c14a0ee365e972dbaa7d83050879c8809fb6f2f1484a1269caf5b45fc3
335,547,0.0005,0x452b06f1c61cff4c9bebaa405319a7c3b12553a2,2017-09-24T01:03:54.000Z,0.00000091407678244972,0x00d39a4dce7a21583a08b216bae0ba91719e5ab3,buy,0x30aee7f259d6d1564ebef457847c672b30f13cbc,0x849a33f729e00582dcc243caa6311da892737e6a2edaefc9bd1bf6a69731c3a3
336,547,0.0005,0x2ba19ec4bcd5ae8de66b110bde5ebf41092bd02f,2017-09-24T00:52:49.000Z,0.00000091407678244972,0x00d39a4dce7a21583a08b216bae0ba91719e5ab3,buy,0x30aee7f259d6d1564ebef457847c672b30f13cbc,0x35e39be2657a3afc6107f3c20688e3351068b95d4d6979040f6668f732a7f482
337,547,0.0005,0x18a902dc44442205b4ba2b1dc038e67506d22c55,2017-09-24T00:50:50.000Z,0.00000091407678244972,0x00d39a4dce7a21583a08b216bae0ba91719e5ab3,buy,0x30aee7f259d6d1564ebef457847c672b30f13cbc,0x6a31aecbcf527989fdb0ba02e99f2a29be3a9d9515eab74df3bf36ed00de8fa3
338,547,0.0005,0xd868b838b5de79f1e540b5d83c9e9a3d0b3810cd,2017-09-24T00:45:40.000Z,0.00000091407678244972,0x00d39a4dce7a21583a08b216bae0ba91719e5ab3,buy,0x30aee7f259d6d1564ebef457847c672b30f13cbc,0xcadd0e19e21a674125cb0370224118cd571d2e9afdf13396bf104b048c33315d
339,547,0.0005,0xc22f5ab4f1591613a92b4d172cc7f4e4a5af58cd,2017-09-24T00:34:02.000Z,0.00000091407678244972,0x00d39a4dce7a21583a08b216bae0ba91719e5ab3,buy,0x30aee7f259d6d1564ebef457847c672b30f13cbc,0x60c5f902cfd2ab552db9c0da0edef6c169eb14337a5984bf1c8b0fa0eb8b595b
340,547,0.0005,0x452b06f1c61cff4c9bebaa405319a7c3b12553a2,2017-09-24T00:29:55.000Z,0.00000091407678244972,0x00d39a4dce7a21583a08b216bae0ba91719e5ab3,buy,0x30aee7f259d6d1564ebef457847c672b30f13cbc,0x0efb93318404fd2bfb1edc8ee03262d52e340421ba0c5e24106eab950c830a76
341,547,0.0005,0x2ba19ec4bcd5ae8de66b110bde5ebf41092bd02f,2017-09-24T00:22:04.000Z,0.00000091407678244972,0x00d39a4dce7a21583a08b216bae0ba91719e5ab3,buy,0x30aee7f259d6d1564ebef457847c672b30f13cbc,0xa5f5b0f54f007c1f151a516fb2c3dd0e623e21b43c43fcc67a1ce8093abdfa59
342,547,0.0005,0x18a902dc44442205b4ba2b1dc038e67506d22c55,2017-09-24T00:17:44.000Z,0.00000091407678244972,0x00d39a4dce7a21583a08b216bae0ba91719e5ab3,buy,0x30aee7f259d6d1564ebef457847c672b30f13cbc,0xd50e231a31278a77dbbd63532ef31c2cd43dcfee17084489118e5404d9b8a23d
343,547,0.0005,0xd868b838b5de79f1e540b5d83c9e9a3d0b3810cd,2017-09-24T00:10:14.000Z,0.00000091407678244972,0x00d39a4dce7a21583a08b216bae0ba91719e5ab3,buy,0x30aee7f259d6d1564ebef457847c672b30f13cbc,0x63ae99f9f6857128d650c2652392f1aab680f33a5668cceaff5cee80bf0f19e3
344,547,0.0005,0xc22f5ab4f1591613a92b4d172cc7f4e4a5af58cd,2017-09-24T00:01:16.000Z,0.00000091407678244972,0x00d39a4dce7a21583a08b216bae0ba91719e5ab3,buy,0x30aee7f259d6d1564ebef457847c672b30f13cbc,0xcce2ea7372bbf2500cdd75f83ef0c5d0c2ce0baff45e5e34d076d42bc752f6db
345,547,0.0005,0x452b06f1c61cff4c9bebaa405319a7c3b12553a2,2017-09-23T23:56:26.000Z,0.00000091407678244972,0x00d39a4dce7a21583a08b216bae0ba91719e5ab3,buy,0x30aee7f259d6d1564ebef457847c672b30f13cbc,0xdf18cd4bd07ff5fa532c006abe316168567678b7c26328cdb740995dbb0cafaf
346,547,0.0005,0x2ba19ec4bcd5ae8de66b110bde5ebf41092bd02f,2017-09-23T23:44:21.000Z,0.00000091407678244972,0x00d39a4dce7a21583a08b216bae0ba91719e5ab3,buy,0x30aee7f259d6d1564ebef457847c672b30f13cbc,0xb0cf71f9f391864ecac1d37d1fe8e646512c8b277cd9ba63595090d518775dc9
347,547,0.0005,0x18a902dc44442205b4ba2b1dc038e67506d22c55,2017-09-23T23:36:15.000Z,0.00000091407678244972,0x00d39a4dce7a21583a08b216bae0ba91719e5ab3,buy,0x30aee7f259d6d1564ebef457847c672b30f13cbc,0xcec1e867ecaca188cc08c2e608b2cee7b4a065b27f55e515ca94238909407e8d
348,547,0.0005,0xd868b838b5de79f1e540b5d83c9e9a3d0b3810cd,2017-09-23T23:29:51.000Z,0.00000091407678244972,0x00d39a4dce7a21583a08b216bae0ba91719e5ab3,buy,0x30aee7f259d6d1564ebef457847c672b30f13cbc,0xc1e67b2757eb6d713c533510a34e2ddca7f9bf9b5fe8cd71266407be760dba42
349,527,0.0005,0xc22f5ab4f1591613a92b4d172cc7f4e4a5af58cd,2017-09-23T23:28:12.000Z,0.00000094876660341555,0xbcce870909b3dbbe28f744f69b080dbdeeb7748a,buy,0x30aee7f259d6d1564ebef457847c672b30f13cbc,0xd5af2a77fc19ebfbfcdb670de2e1c96bc31373efc7681e5a6466ce50822b9136
350,527,0.0005,0x452b06f1c61cff4c9bebaa405319a7c3b12553a2,2017-09-23T23:27:54.000Z,0.00000094876660341555,0xbcce870909b3dbbe28f744f69b080dbdeeb7748a,buy,0x30aee7f259d6d1564ebef457847c672b30f13cbc,0xbdea26cc6f35f0f682cd488c1ec0675930e9a62216ab179efb68216afc3b7b48
351,547,0.0005,0xd868b838b5de79f1e540b5d83c9e9a3d0b3810cd,2017-09-23T23:22:17.000Z,0.00000091407678244972,0x00d39a4dce7a21583a08b216bae0ba91719e5ab3,buy,0x30aee7f259d6d1564ebef457847c672b30f13cbc,0x1596a4d4a1eaba2dca78f899b8b3a75375df988cffc8b6c520a84cc0f0c3740a
352,527,0.0005,0xd868b838b5de79f1e540b5d83c9e9a3d0b3810cd,2017-09-23T20:44:56.000Z,0.00000094876660341555,0xbcce870909b3dbbe28f744f69b080dbdeeb7748a,buy,0x30aee7f259d6d1564ebef457847c672b30f13cbc,0x7707cda164b0a8953d526c862178874fdbfe94fa22a36d86212707f98dc3fbd9
353,527,0.0005,0x18a902dc44442205b4ba2b1dc038e67506d22c55,2017-09-23T20:44:56.000Z,0.00000094876660341555,0xbcce870909b3dbbe28f744f69b080dbdeeb7748a,buy,0x30aee7f259d6d1564ebef457847c672b30f13cbc,0xd1570d0a2ae9912dc12401666ee540a4ed941545167fa6c4315f341bc3cd0979
354,10213,0.009682000118792347,0xc666f185f65cce78b81b1c93a9669469c20d94be,2017-09-23T20:11:00.000Z,0.00000094800745312761,0xbcce870909b3dbbe28f744f69b080dbdeeb7748a,buy,0x30aee7f259d6d1564ebef457847c672b30f13cbc,0x2452ff09630966c390e8b060d19d4dc6db4b2f48ec4c7ffaf0863b2e68f8fccc
355,6468,0.029109761657773004,0xcf9d297dd5364b827e798d1e97e186cc529de543,2017-09-23T19:58:16.000Z,0.00000450058157974227,0x71a5355ceff2e0cb62ae6b8998f9f3ee082a5e11,buy,0x30aee7f259d6d1564ebef457847c672b30f13cbc,0x2b109618661e9c7785d761a4a18c80012e7e43b1a91d42f9011f12502ef624bc
356,526,0.0005,0x2ba19ec4bcd5ae8de66b110bde5ebf41092bd02f,2017-09-23T19:17:59.000Z,0.00000095057034220532,0xa3d7dedda551204ccb03bd79aa87824cc453b8de,buy,0x30aee7f259d6d1564ebef457847c672b30f13cbc,0x9737538b9d2a73ca8bc97a2e240afc16823b4447602c29b8cfc444e29e651de2
357,526,0.0005,0x18a902dc44442205b4ba2b1dc038e67506d22c55,2017-09-23T19:12:21.000Z,0.00000095057034220532,0xa3d7dedda551204ccb03bd79aa87824cc453b8de,buy,0x30aee7f259d6d1564ebef457847c672b30f13cbc,0x6f3faa384586fe3e4e4b3addafdd577d43968a54d9b61675e4390150690d67d4
358,526,0.0005,0xd868b838b5de79f1e540b5d83c9e9a3d0b3810cd,2017-09-23T18:52:39.000Z,0.00000095057034220532,0xa3d7dedda551204ccb03bd79aa87824cc453b8de,buy,0x30aee7f259d6d1564ebef457847c672b30f13cbc,0xb4f39422efa67766656d7f551dd9d7abe4abb9f0639849f3fb89e2af6205455b
359,526,0.0005,0x18a902dc44442205b4ba2b1dc038e67506d22c55,2017-09-23T16:13:05.000Z,0.00000095057034220532,0xa3d7dedda551204ccb03bd79aa87824cc453b8de,buy,0x30aee7f259d6d1564ebef457847c672b30f13cbc,0x6ddba96ff8cb735d194ab560d9f4862f506757361034775fd03875ebe19346e7
360,526,0.0005,0xd868b838b5de79f1e540b5d83c9e9a3d0b3810cd,2017-09-23T15:59:18.000Z,0.00000095057034220532,0xa3d7dedda551204ccb03bd79aa87824cc453b8de,buy,0x30aee7f259d6d1564ebef457847c672b30f13cbc,0x2620a63ed9b086aaaf2632713641469f46879532979abfb772567deec1ad23d9
361,1000,0.00095,0x636d925f140f761f7a0e600db2177dd068ddada1,2017-09-23T10:36:00.000Z,0.00000095,0x1fdf047bf7a114b37e7936d01e9cad754ad18803,buy,0x30aee7f259d6d1564ebef457847c672b30f13cbc,0x3fe679564ad932be6c26989ffbb1c45a74e592ed68ac17f64bcfc2fa783b4d8b
362,27000,0.02565,0x1d3c61bb5c3de9ad44be16bd37cb0e5824850535,2017-09-23T07:04:07.000Z,0.00000095,0x1fdf047bf7a114b37e7936d01e9cad754ad18803,buy,0x30aee7f259d6d1564ebef457847c672b30f13cbc,0xd9a5f9f0928f5542d86efd0bb3d6ce8c2dbbb2707875630fea33466321e68eeb
363,500000,0.25,0x1d3c61bb5c3de9ad44be16bd37cb0e5824850535,2017-09-23T07:02:11.000Z,0.0000005,0x1fdf047bf7a114b37e7936d01e9cad754ad18803,buy,0x30aee7f259d6d1564ebef457847c672b30f13cbc,0x5b3dc5022ab5b807fea2c10f8e2ac771aad79472124037f1fb9bacc265a023ae
364,1,0.00000095,0x0c3d0fc12a1ab89e3b00180bf9988762a44d69d4,2017-09-23T06:13:27.000Z,0.00000095,0x1fdf047bf7a114b37e7936d01e9cad754ad18803,buy,0x30aee7f259d6d1564ebef457847c672b30f13cbc,0x450ec9244ff121a6d8a91603fc74d70e4cf62e4b1854407bb9458325cdeb09b5
365,15800000,3.1758,0xcf9d297dd5364b827e798d1e97e186cc529de543,2017-09-23T04:24:28.000Z,0.000000201,0x9b73149133c7d34a50b6b078d1244961e3c39768,sell,0x30aee7f259d6d1564ebef457847c672b30f13cbc,0x20a88f9285cc568a6a5cfaea408efea7fddc53ad14bf1ef6f366485285d94903
366,5000000,1.672,0xa3d7dedda551204ccb03bd79aa87824cc453b8de,2017-09-23T03:46:56.000Z,0.0000003344,0x9b73149133c7d34a50b6b078d1244961e3c39768,sell,0x30aee7f259d6d1564ebef457847c672b30f13cbc,0xc05a358aadca7b6447e87db372426137997a9c6b4b82f8c093abd4c314d60670
367,1007700,0.3375795,0x3de1655d54223f420f5d8e72ebfb27e5ad8a3a06,2017-09-22T22:22:58.000Z,0.000000335,0x3603576f910ac545006eadbfee5798202ed07a45,buy,0x30aee7f259d6d1564ebef457847c672b30f13cbc,0x43bb0e3645ca26293772bc179c8d5e3be6a3c183261e3d7dee7811e40266b703
368,1500000,0.48,0x1fdf047bf7a114b37e7936d01e9cad754ad18803,2017-09-22T07:56:33.000Z,0.00000032,0x9b73149133c7d34a50b6b078d1244961e3c39768,sell,0x30aee7f259d6d1564ebef457847c672b30f13cbc,0xfe3a64d44e4165ee552bd042046284c804a09701e3912a190b949230e29390bd
369,50000,0.1625,0x9b73149133c7d34a50b6b078d1244961e3c39768,2017-09-22T07:37:12.000Z,0.00000325,0xf08a705f554050e400a7a47ba626783f8af42fa1,buy,0x30aee7f259d6d1564ebef457847c672b30f13cbc,0x506dce1faef700790f530fed434ff37414fa1a9991af696f1bf7a4275c407f8a
370,5000000,1.295,0xcf9d297dd5364b827e798d1e97e186cc529de543,2017-09-22T07:31:02.000Z,0.000000259,0x9b73149133c7d34a50b6b078d1244961e3c39768,sell,0x30aee7f259d6d1564ebef457847c672b30f13cbc,0x9c561b6c1454d458b9c74398e959ea0b49d9d10b6b4c68593ef8a0eaf2e18a37
371,9316420,2.40363636,0x28895c7e5d2e9d849209e0c5ebfa73d0f11a3a01,2017-09-22T07:27:46.000Z,0.000000258,0x9b73149133c7d34a50b6b078d1244961e3c39768,sell,0x30aee7f259d6d1564ebef457847c672b30f13cbc,0xfb516f8548a5093fc3cd51aed6d1abb43660612c87d5e3d0e8dd14a5ec7a1584
372,11000000,2.86,0xda896bd9e964386f7343414a646c8ef75d5ae009,2017-09-22T07:25:18.000Z,0.00000026,0x9b73149133c7d34a50b6b078d1244961e3c39768,sell,0x30aee7f259d6d1564ebef457847c672b30f13cbc,0x710b312c83bc1e29808baf861fa5a44369a03dcd052b53452acbb2e1b7d04ec1
373,948156,0.306254388,0xb8fe69b0d86457e2ee378f44cb73baf16ad3f456,2017-09-22T07:17:23.000Z,0.000000323,0x9b73149133c7d34a50b6b078d1244961e3c39768,sell,0x30aee7f259d6d1564ebef457847c672b30f13cbc,0x568bf65309f1c5abc227a5ee10a67ff0eaebf9f02e3c9e0e9b32ac6164c0c423
374,375,0.0005,0x999dbc9673afdd6b6c140c261297f89de35ff1b3,2017-09-22T07:10:23.000Z,0.00000133333333333333,0xda896bd9e964386f7343414a646c8ef75d5ae009,buy,0x30aee7f259d6d1564ebef457847c672b30f13cbc,0x43fbbd3cc57ce58f02bd668bf15e4a32afd710c72b83a8a8374fb7655a284197
375,375,0.0005,0x8612d2a48328bbf318b856ed0daaa4a7034383d0,2017-09-22T07:08:43.000Z,0.00000133333333333333,0xda896bd9e964386f7343414a646c8ef75d5ae009,buy,0x30aee7f259d6d1564ebef457847c672b30f13cbc,0x2b5eca9932fee3460c7f3bd2c23ad614b884c810d1365dfa3d9c982d88dff45a
376,375,0.0005,0x10c12555236fa11fc988be565ab70c82a4660ecf,2017-09-22T07:00:44.000Z,0.00000133333333333333,0xda896bd9e964386f7343414a646c8ef75d5ae009,buy,0x30aee7f259d6d1564ebef457847c672b30f13cbc,0x853e608b7e9844885253117c59d0fee109fa91a06801926bfe1b1cff6d0ef039
377,375,0.0005,0x999dbc9673afdd6b6c140c261297f89de35ff1b3,2017-09-22T07:00:44.000Z,0.00000133333333333333,0xda896bd9e964386f7343414a646c8ef75d5ae009,buy,0x30aee7f259d6d1564ebef457847c672b30f13cbc,0xd3ae8c22fc2e45054070e355ca0eeda4e5f32ef472604c334029f12132ca720d
378,100000,0.135,0x9b73149133c7d34a50b6b078d1244961e3c39768,2017-09-22T06:59:09.000Z,0.00000135,0x00d39a4dce7a21583a08b216bae0ba91719e5ab3,buy,0x30aee7f259d6d1564ebef457847c672b30f13cbc,0xa8bc1775bbabdf61f9b0b2dc30c19286bc308558db45b063e4f22238306c8c83
379,375,0.0005,0x8f28b1970e72adb11173044ebc762800e3128238,2017-09-22T06:56:07.000Z,0.00000133333333333333,0xda896bd9e964386f7343414a646c8ef75d5ae009,buy,0x30aee7f259d6d1564ebef457847c672b30f13cbc,0x45b0e9f7a5e5dc1b5d25fc83a751e896c70984b1eaeb9154cc481d51a6f5689c
380,370,0.0005,0x7ed2114439b24152cf18c02c10cae681a7ca2adc,2017-09-22T06:54:53.000Z,0.00000135135135135135,0xda896bd9e964386f7343414a646c8ef75d5ae009,buy,0x30aee7f259d6d1564ebef457847c672b30f13cbc,0xcbfe1e27ad7f93641a162fa9085a2495fc8263c37c01076c27fe1061ffc3c9cd
381,375,0.0005,0x999dbc9673afdd6b6c140c261297f89de35ff1b3,2017-09-22T06:52:39.000Z,0.00000133333333333333,0xda896bd9e964386f7343414a646c8ef75d5ae009,buy,0x30aee7f259d6d1564ebef457847c672b30f13cbc,0x39b90d0f35ef5b03e7e05e227d0c03af2d2ae5f1138fca37dcae3ac70b33447e
382,11156,0.0160652376,0x9b73149133c7d34a50b6b078d1244961e3c39768,2017-09-22T06:51:21.000Z,0.00000144005356758694,0xbcb614675176a6732901e9f3f4b29cd3ec534ed3,buy,0x30aee7f259d6d1564ebef457847c672b30f13cbc,0xacf5f09be53b85a01ecd5e8c37022bcfdea08d100a91cc1e19f86ad022453f7d
383,7867860,2.5439151738,0xa3d7dedda551204ccb03bd79aa87824cc453b8de,2017-09-22T06:47:48.000Z,0.00000032333,0x9b73149133c7d34a50b6b078d1244961e3c39768,sell,0x30aee7f259d6d1564ebef457847c672b30f13cbc,0x9572f5705cd5a02681d75efa5a5c418f4dc76a73cb787f473244548380324edc
