,amount,amountBase,buyer,date,price,seller,side,tokenAddr,txHash
0,0.68587115,0.0005,0x3075f7f189912f4f425dd7021b9c396434197477,2017-11-02T11:55:33.000Z,0.0007289999003457136,0x21de9e523991ccb64c665315af72c7d0564e049b,buy,0xfca47962d45adfdfd1ab2d972315db4ce7ccf094,0x6d9209f21366f0bb3049b5bbc3c3891c29a4821c58b3eb52fca3c91205addb16
1,200,0.136,0xe4f0105abaea9b46782075c3e9c2636176178e01,2017-11-02T10:22:11.000Z,0.00068,0x2ae9fa81da01b24179fd7a628bea93a1d9801370,sell,0xfca47962d45adfdfd1ab2d972315db4ce7ccf094,0xc56e138f0e062be8fc0bdc0cb051ccb4fb1b64fd3ef2937c067399757eb0db57
2,200,0.1382,0x9ba6f2851c8afe6be654fbd4c3dc7e9e64cffe53,2017-11-02T08:16:27.000Z,0.000691,0xe4f0105abaea9b46782075c3e9c2636176178e01,sell,0xfca47962d45adfdfd1ab2d972315db4ce7ccf094,0x9ccdae66e791a2aa1ec75be864b139ce130c27cc39359b476b96cd956554d288
3,126.21872196,0.0782556076152,0x3dd2734c1ab467067d264b7905e39599c471506e,2017-11-02T04:08:10.000Z,0.00062,0x39c122da4cca59f5a1caf9aafb8ab780656e6b50,sell,0xfca47962d45adfdfd1ab2d972315db4ce7ccf094,0x84903c1cc11f70b428a6ef02b9f089ee50861e1336d51d3faa4cf523ece54216
4,1200,0.7440012,0xb4ace0b3f4de9f59f0987bf9ce21f7d059d80425,2017-11-02T04:07:07.000Z,0.000620001,0x39c122da4cca59f5a1caf9aafb8ab780656e6b50,sell,0xfca47962d45adfdfd1ab2d972315db4ce7ccf094,0xd10ceca44c7894e2cd6ed0aaff077b4668db132ed6e0ef6ba055a4a3bb5f6f28
5,0.22236736,0.0001378677632,0x3dd2734c1ab467067d264b7905e39599c471506e,2017-11-02T01:19:32.000Z,0.00062,0x48af8000c9d156ac7156c4b27313bbfee6a647aa,sell,0xfca47962d45adfdfd1ab2d972315db4ce7ccf094,0x4365505664866bb527b0f94eb3cec4edf58a9cd8e4eeb6dca2cfabf6af96bfcc
6,1250,0.7875,0x3dd2734c1ab467067d264b7905e39599c471506e,2017-11-01T22:16:53.000Z,0.00063,0x8c03eb0bf80765c946a64d7d31d3a3a40cbf63e1,buy,0xfca47962d45adfdfd1ab2d972315db4ce7ccf094,0xdbfadcc809c8e714cf018a3dfdb3ae71c8218d2605f89e09580c006c9c0b6f02
7,250,0.1575,0x4ec057518e73207f53611ee554ebb21ebff891d3,2017-11-01T22:01:21.000Z,0.00063,0x8c03eb0bf80765c946a64d7d31d3a3a40cbf63e1,buy,0xfca47962d45adfdfd1ab2d972315db4ce7ccf094,0x775c50c27e1048ba6362fdb8dc618c772c99e81421648aaba95b668a881f6c02
8,200,0.122,0x2ae9fa81da01b24179fd7a628bea93a1d9801370,2017-11-01T21:37:21.000Z,0.00061,0x8c03eb0bf80765c946a64d7d31d3a3a40cbf63e1,buy,0xfca47962d45adfdfd1ab2d972315db4ce7ccf094,0xb47eaeea55bc1a4c47efce9a4abd0b1174eb9bd00eb6256517740a2dd2b55e0b
9,200,0.103,0x2ae9fa81da01b24179fd7a628bea93a1d9801370,2017-11-01T21:10:35.000Z,0.000515,0x8dd7ae37bed525bc2554fdf8f68bc8dd415fd616,sell,0xfca47962d45adfdfd1ab2d972315db4ce7ccf094,0x54838cd0a5c8eaa8e27591ce47f11742f542f0ec268c9ebeb9abdcdf33b2fca2
10,1000,0.61,0x70d692072e72e1b4b26b01be1541cb46af42d8cb,2017-11-01T19:48:33.000Z,0.00061,0x8c03eb0bf80765c946a64d7d31d3a3a40cbf63e1,buy,0xfca47962d45adfdfd1ab2d972315db4ce7ccf094,0x20d085e98e812bd70a55130c14bde1add5093d46c382ab8d6a8cee5e6f4b50fa
11,399.50405044,0.219727227742,0x4ddb43d2fd9120f7b1a261a130e0d72c4ec51e1a,2017-11-01T13:36:30.000Z,0.00055,0xaeb1aa0266af6e166b5a6eabb2c8278fd55a7eb5,sell,0xfca47962d45adfdfd1ab2d972315db4ce7ccf094,0xc91abbe39d6241e1839a1919c19f165da0825f88c2553447854d4cad7ebe53ea
12,310,0.1829,0x1422f4dbb503e88c2507e26691ea9e38fb7e2eaa,2017-11-01T13:31:01.000Z,0.00059,0xaeb1aa0266af6e166b5a6eabb2c8278fd55a7eb5,sell,0xfca47962d45adfdfd1ab2d972315db4ce7ccf094,0xe7a30b207242af816ee48e6c258e827463069a75f779bb5c418a3e0bbe20acaa
13,2000,1.22002,0x3dee4a4e076e8d82859d241db0baf46f112cfa23,2017-11-01T13:30:48.000Z,0.00061001,0xaeb1aa0266af6e166b5a6eabb2c8278fd55a7eb5,sell,0xfca47962d45adfdfd1ab2d972315db4ce7ccf094,0x5bbb8a030fdcf7fb02a9f54e8be02a392832717ddd15594c1dfc42edf328e12e
14,22.829,0.01483885,0xe497d06738e3e087a99a3758e247ed0fde44e02c,2017-11-01T13:30:48.000Z,0.00065,0xaeb1aa0266af6e166b5a6eabb2c8278fd55a7eb5,sell,0xfca47962d45adfdfd1ab2d972315db4ce7ccf094,0x0670140751674d0e691476fa1f146cb86b87406f6aadbb2efeb43e257ea38be5
15,2000,1.3,0xf9ac154b1c43a57228d8dd18175ce5c0386a3e8c,2017-11-01T13:02:27.000Z,0.00065,0xaeb1aa0266af6e166b5a6eabb2c8278fd55a7eb5,buy,0xfca47962d45adfdfd1ab2d972315db4ce7ccf094,0x1b38d16f75634eab0440d98f9026f3259b011731193ce356ddeeb68bd6d7c332
16,977.17097872,0.635161136168,0xe497d06738e3e087a99a3758e247ed0fde44e02c,2017-11-01T11:27:03.000Z,0.00065,0xee608ce732db7f5f8c24878229c197aac55a422c,sell,0xfca47962d45adfdfd1ab2d972315db4ce7ccf094,0x5176fade9620dae52e85b750ba6b521dcd7a227539fb601fd13759c79a536139
17,4600,3.082,0x3af61a665a2220c11a1a8504f5d68f630790f106,2017-11-01T11:26:08.000Z,0.00067,0xee608ce732db7f5f8c24878229c197aac55a422c,sell,0xfca47962d45adfdfd1ab2d972315db4ce7ccf094,0x2620f8d424b3f40363fb2ffbf689b512e14f8ef6e3a1934f0ac17bdc3b46e24b
18,2000,1.4,0xfb3c71bdf0af0efa63a57fd6030c57f3cbc846e1,2017-11-01T11:25:26.000Z,0.0007,0xee608ce732db7f5f8c24878229c197aac55a422c,sell,0xfca47962d45adfdfd1ab2d972315db4ce7ccf094,0xee0cb3b791bf1a63c4e39dbc8f091b250855676b3c6caafc25daa253365291b9
19,155.79637972,0.10749981359955944,0x4ddb43d2fd9120f7b1a261a130e0d72c4ec51e1a,2017-11-01T03:07:30.000Z,0.000690002,0x3dee4a4e076e8d82859d241db0baf46f112cfa23,sell,0xfca47962d45adfdfd1ab2d972315db4ce7ccf094,0xd6f534a0028923a9d5a879a57edd27763d21b994646ecf8677616322d47b5055
20,1000,0.7,0xe497d06738e3e087a99a3758e247ed0fde44e02c,2017-11-01T02:40:02.000Z,0.0007,0x3dee4a4e076e8d82859d241db0baf46f112cfa23,sell,0xfca47962d45adfdfd1ab2d972315db4ce7ccf094,0x647d952c00ace0cc036f4411bebc3ed537b70de3a4a5ee9d9505d3bef58b2e61
21,200,0.14008,0x9ba6f2851c8afe6be654fbd4c3dc7e9e64cffe53,2017-11-01T02:34:10.000Z,0.0007004,0x3dee4a4e076e8d82859d241db0baf46f112cfa23,sell,0xfca47962d45adfdfd1ab2d972315db4ce7ccf094,0x0db745135a82fd9fc9329811cfe21a128ca770adb8f2f603a87bcd1809736b97
22,244.595,0.1736673419,0x6b083c1fb7eeb463bd75d458c6e9877a508764ff,2017-11-01T02:33:37.000Z,0.00071002,0x3dee4a4e076e8d82859d241db0baf46f112cfa23,sell,0xfca47962d45adfdfd1ab2d972315db4ce7ccf094,0x0894df556d27b328ae4a24165f62c9b836ec30134fb843ce7e6c9c95aa90d6f6
23,30.36187817,0.0215575407382634,0x6b083c1fb7eeb463bd75d458c6e9877a508764ff,2017-11-01T02:25:32.000Z,0.00071002,0x993297f85da44df0256721eb98f191f37be2847c,sell,0xfca47962d45adfdfd1ab2d972315db4ce7ccf094,0x5b1a2109abe001b172cd4b5de884e3e77df88fa064aab4771253c8f55004dfd4
24,425.04288744,0.3017889509401488,0x6b083c1fb7eeb463bd75d458c6e9877a508764ff,2017-11-01T01:46:12.000Z,0.00071002,0xab296c308b24c972b60a662262f144eeefc27ec8,sell,0xfca47962d45adfdfd1ab2d972315db4ce7ccf094,0x190415bb4bed0884807c944c544b6e8ba4010fb2cf17b5b58a0945a40aea79f4
25,1005.203868,0.71370479831868,0x3dee4a4e076e8d82859d241db0baf46f112cfa23,2017-11-01T01:29:51.000Z,0.00071001,0xab296c308b24c972b60a662262f144eeefc27ec8,sell,0xfca47962d45adfdfd1ab2d972315db4ce7ccf094,0x29ec1f6285d9567595e0ff34b41f7041b20b445479cae34510a48b453c86c8af
26,1181.54115833,1.0368023664426462,0x385a48789c132e8a748b1baa8b4d28842490d580,2017-11-01T00:05:09.000Z,0.000877500000006831,0xb4ace0b3f4de9f59f0987bf9ce21f7d059d80425,buy,0xfca47962d45adfdfd1ab2d972315db4ce7ccf094,0x65a582d5381f42f02e7ce2b135bdf174583fa8b252e96fd279dfed28a7ba2717
27,191.32300718,0.16453778618336534,0x385a48789c132e8a748b1baa8b4d28842490d580,2017-10-31T23:52:19.000Z,0.000860000000044769,0xc0d25eec41257298c8501ffbf79253786602a882,buy,0xfca47962d45adfdfd1ab2d972315db4ce7ccf094,0xe9c985799b3060d247fdf36a3cfd05a531b9e88cbd5bffddd4075debe1faa914
28,600,0.426006,0x3dee4a4e076e8d82859d241db0baf46f112cfa23,2017-10-31T23:36:58.000Z,0.00071001,0x31c8a47c2b84ad46162316d1c82f6e226ab1a80b,sell,0xfca47962d45adfdfd1ab2d972315db4ce7ccf094,0x5e010627acfbd1991a39f0d74505f5de8d8308cd32d6dbbdb052c34d4d85cfff
29,154.79852094,0.11021654690928,0x9ba6f2851c8afe6be654fbd4c3dc7e9e64cffe53,2017-10-31T23:36:23.000Z,0.000712,0x31c8a47c2b84ad46162316d1c82f6e226ab1a80b,sell,0xfca47962d45adfdfd1ab2d972315db4ce7ccf094,0x347a254bf74dad9584f29ae8c8c590b0d8d9f4a15527cac1ad01d2a58d48db9c
30,75,0.0645,0xe4d3c8ed271b6ccd59b6df8b9ef0ae6cc500cb96,2017-10-31T21:53:26.000Z,0.00086,0xc0d25eec41257298c8501ffbf79253786602a882,buy,0xfca47962d45adfdfd1ab2d972315db4ce7ccf094,0x3a9405c8e53cea991d0353f3586d634d5048081399b7da65f6f632285769e448
31,25.875,0.02199375,0xe4d3c8ed271b6ccd59b6df8b9ef0ae6cc500cb96,2017-10-31T21:51:50.000Z,0.00085,0x976f5ace7aa74e0af12f25b6af534c4915fc945a,buy,0xfca47962d45adfdfd1ab2d972315db4ce7ccf094,0x1dde1ced693fa26ca377f2aeb554fbe0798ca4696de689191c50ac4a2a5b92e1
32,1.99381916,0.00141959924192,0x9ba6f2851c8afe6be654fbd4c3dc7e9e64cffe53,2017-10-31T19:39:20.000Z,0.000712,0xcca72ddc853ad38eae133c924732327ae834ede1,sell,0xfca47962d45adfdfd1ab2d972315db4ce7ccf094,0x88ee7b8231d0064131afb7a8a4fbe43f9a37dea70fe54c65c9cbf1671eb3f767
33,143.2076599,0.1019638538488,0x9ba6f2851c8afe6be654fbd4c3dc7e9e64cffe53,2017-10-31T19:37:09.000Z,0.000712,0x77e38518025269c88d15159ecfc776f1ba028dcf,sell,0xfca47962d45adfdfd1ab2d972315db4ce7ccf094,0x4b5586ea2008e92bb70a8ce2d8a6ecc37de76a9003e2733b51ad3331dd5fa391
34,129.38287782,0.097037158365,0xc9852edc2b32465183a6efc31b033e99baae82a0,2017-10-31T19:25:50.000Z,0.00075,0x77e38518025269c88d15159ecfc776f1ba028dcf,sell,0xfca47962d45adfdfd1ab2d972315db4ce7ccf094,0x5220a5404dcc670751557898645fc7898ada1cf2d429da54da02bffac2cad4c9
35,300,0.228,0x9ba6f2851c8afe6be654fbd4c3dc7e9e64cffe53,2017-10-31T19:25:13.000Z,0.00076,0x77e38518025269c88d15159ecfc776f1ba028dcf,sell,0xfca47962d45adfdfd1ab2d972315db4ce7ccf094,0xfda0006431ee44b2e4d19267ff07efa946b6575a1da0e2d16c54b4205043fec9
36,1300,0.988,0xdbf41cc72d1185c4c4980312c51dda5de8ea104a,2017-10-31T19:25:13.000Z,0.00076,0x77e38518025269c88d15159ecfc776f1ba028dcf,sell,0xfca47962d45adfdfd1ab2d972315db4ce7ccf094,0xb2d1ec240ceb14203b0a8840ab975e7795e2c7e158e0f103eab7833aa4b2d3d2
37,76.36363636,0.0587999999972,0x0ab359f10e9c8be86663bc83ac772ecf9473c42c,2017-10-31T19:25:13.000Z,0.00077,0x77e38518025269c88d15159ecfc776f1ba028dcf,sell,0xfca47962d45adfdfd1ab2d972315db4ce7ccf094,0xa7dc5226b78c462f1627dda1cfee8563d49da7fe206b4b1a2b31450ca6192f44
38,802.113,0.618429123,0xe497d06738e3e087a99a3758e247ed0fde44e02c,2017-10-31T15:51:08.000Z,0.000771,0xf9ac154b1c43a57228d8dd18175ce5c0386a3e8c,sell,0xfca47962d45adfdfd1ab2d972315db4ce7ccf094,0xa2dba78c27426ff8efa4d8052427a9bca35a0c35d5f5e1efe57aded2311eb69b
39,700,0.6146,0x70d692072e72e1b4b26b01be1541cb46af42d8cb,2017-10-31T15:00:59.000Z,0.000878,0xf9ac154b1c43a57228d8dd18175ce5c0386a3e8c,buy,0xfca47962d45adfdfd1ab2d972315db4ce7ccf094,0xae790d4a2a670023aac16fcb3cce7d77cd08b00209cc738b4b0f83a0a1f5d410
40,300,0.24,0x70d692072e72e1b4b26b01be1541cb46af42d8cb,2017-10-31T14:59:56.000Z,0.0008,0x527e6009e17c7e85ca8c3912accd8f0e12b89e2b,buy,0xfca47962d45adfdfd1ab2d972315db4ce7ccf094,0x63ab1554ec3e684bf223bcb849eeaf177a77545e6d286b4463c0d475fecd8908
41,197.88655168,0.15257053134528,0xe497d06738e3e087a99a3758e247ed0fde44e02c,2017-10-31T12:30:07.000Z,0.000771,0x31c8a47c2b84ad46162316d1c82f6e226ab1a80b,sell,0xfca47962d45adfdfd1ab2d972315db4ce7ccf094,0x75e872de7529fa30d037757a4675801f6c58cb12a8e7ed9bcf743798ded6d647
42,0.524,0.000393,0xc9852edc2b32465183a6efc31b033e99baae82a0,2017-10-31T04:49:41.000Z,0.00075,0xe444a40689f51f63bcd29910622035707d533d29,sell,0xfca47962d45adfdfd1ab2d972315db4ce7ccf094,0xc692fc7160ddcfabcd6c3115da2b4a820d4c5644aa1ba9129303d7a957701e55
43,368.08311704,0.27606233778,0xc9852edc2b32465183a6efc31b033e99baae82a0,2017-10-31T01:31:34.000Z,0.00075,0x9c5faed48240954efe9b5f666d1b6df1de3fa2ae,sell,0xfca47962d45adfdfd1ab2d972315db4ce7ccf094,0x481076d23b6cec69e872551c749f8fec00c15bb3c68404f7b01de867969ed12f
44,0.001,0.00000088,0x0c4085d8e714ca77ac5f46cd2b80a92d238a7cd3,2017-10-31T00:57:57.000Z,0.00088,0xc0d25eec41257298c8501ffbf79253786602a882,buy,0xfca47962d45adfdfd1ab2d972315db4ce7ccf094,0x7566ce3b1007c062667305df3c41ce22bf0ba932c7db6203a3868f356417b064
45,197.2956445,0.147971733375,0xc9852edc2b32465183a6efc31b033e99baae82a0,2017-10-30T23:12:27.000Z,0.00075,0xfebed3f7333f028aaf315e7aa6bddf28da95f853,sell,0xfca47962d45adfdfd1ab2d972315db4ce7ccf094,0x2eeb2a8378253997a79faf4e051675ba43d809d437b046c40c1f85d93e40e38c
46,2304.71436064,1.72853577048,0xc9852edc2b32465183a6efc31b033e99baae82a0,2017-10-30T21:35:22.000Z,0.00075,0x4a1ef71ca6f62f4e1c9271599db84717a962699f,sell,0xfca47962d45adfdfd1ab2d972315db4ce7ccf094,0xc494c583e50719b0060050f16313edfcced96655aa8a767134de44a850b42ad1
47,907.47858908,0.69966599218068,0xd1fdec09b61c704d13b56bb941a7aae8b4507b61,2017-10-30T21:34:09.000Z,0.000771,0x4a1ef71ca6f62f4e1c9271599db84717a962699f,sell,0xfca47962d45adfdfd1ab2d972315db4ce7ccf094,0xe9d2773e598fac139124fda6e6608990fcda703450ab1995e9f9d614871f334a
48,44,0.0352,0x2341e0af80a89bc4415bd2d2f32084a640e5deaa,2017-10-30T20:35:31.000Z,0.0008,0x77e38518025269c88d15159ecfc776f1ba028dcf,sell,0xfca47962d45adfdfd1ab2d972315db4ce7ccf094,0x2f8e8ebed56eeb35fce287c54b11b5dfc4f9007ab7a3bdf0ca358e5b8aaca88c
49,543.78773333,0.47853320533769333,0x385a48789c132e8a748b1baa8b4d28842490d580,2017-10-30T20:04:54.000Z,0.0008800000000134122,0xc0d25eec41257298c8501ffbf79253786602a882,buy,0xfca47962d45adfdfd1ab2d972315db4ce7ccf094,0x3e66acb475b755dc3d42f141f5ecf87fd7cb8aea0cccbfc442583f44fe7963cf
50,40.16548699,0.0313290798522,0x2341e0af80a89bc4415bd2d2f32084a640e5deaa,2017-10-30T18:28:31.000Z,0.00078,0x9ca2c4e9d7c1ef97fb754d4c831025894659f9b6,sell,0xfca47962d45adfdfd1ab2d972315db4ce7ccf094,0x0a4f8bab998f940a1b7e4720b0bb305b4d2e2dfe1590867a57a5e3d273e96bfc
51,42.65483644,0.0332707724232,0x2341e0af80a89bc4415bd2d2f32084a640e5deaa,2017-10-30T17:59:16.000Z,0.00078,0x3dee4a4e076e8d82859d241db0baf46f112cfa23,sell,0xfca47962d45adfdfd1ab2d972315db4ce7ccf094,0xd065d9bb31b4081039111ad503e9b982bd51b6e9b32ada9ee9641b664939b53f
52,42.70776793,0.032931959850823,0x3dee4a4e076e8d82859d241db0baf46f112cfa23,2017-10-30T15:25:28.000Z,0.0007711,0xab1c3fe36b581c61887229b60b65007a9b71d18b,sell,0xfca47962d45adfdfd1ab2d972315db4ce7ccf094,0x588ba731a8e7dda42df475a4238f430397103c0e583e22b0ca338953e9dcacb4
53,130,0.10543,0x42bf324c66fac47a7bd1afc2ecb588cd0cfa465a,2017-10-30T15:22:46.000Z,0.000811,0xab1c3fe36b581c61887229b60b65007a9b71d18b,sell,0xfca47962d45adfdfd1ab2d972315db4ce7ccf094,0x459ebea53a51274970c81cb3bff230a2f76d5d4a71318435d0a68b3fd115e38c
54,224.29694714,0.1861664661262,0xdbf41cc72d1185c4c4980312c51dda5de8ea104a,2017-10-30T15:22:22.000Z,0.00083,0xab1c3fe36b581c61887229b60b65007a9b71d18b,sell,0xfca47962d45adfdfd1ab2d972315db4ce7ccf094,0xc76521bcf2dc8e41d81dacdcf2c9346539179c3d344046e2b8e15930025d0976
55,0.24845708,0.00019156040868,0xd1fdec09b61c704d13b56bb941a7aae8b4507b61,2017-10-30T15:18:45.000Z,0.000771,0x8a249cdb0dcb54e7ba0ab703b801f53900d28c05,sell,0xfca47962d45adfdfd1ab2d972315db4ce7ccf094,0xd977e7a31bcf2b2e32ea768ed8ea5a8bc640dfa1989620042f099ccddba11258
56,2492.27295384,1.92154244741064,0xd1fdec09b61c704d13b56bb941a7aae8b4507b61,2017-10-30T15:15:52.000Z,0.000771,0x8a249cdb0dcb54e7ba0ab703b801f53900d28c05,sell,0xfca47962d45adfdfd1ab2d972315db4ce7ccf094,0x6bd428e0f155c974fb71be5fccea278f5db09d7ed274b63f5fd6c74adc150b34
57,0.72428852,0.0006011594716,0xdbf41cc72d1185c4c4980312c51dda5de8ea104a,2017-10-30T14:53:26.000Z,0.00083,0x0ea89ae2a63568d1353017f6fc7ebf522842a5f0,sell,0xfca47962d45adfdfd1ab2d972315db4ce7ccf094,0x9a3dbbd4425021fa27ff6a743b93b7f8dfd2985261c55e082e04614651fb1c75
58,1893.80074772,1.5718546206076,0xdbf41cc72d1185c4c4980312c51dda5de8ea104a,2017-10-30T13:35:01.000Z,0.00083,0x6ef6e0031e822a76777323c8cb3e5ed109b189a8,sell,0xfca47962d45adfdfd1ab2d972315db4ce7ccf094,0xb8d2533fb74febb4a1af90a7a70c624f8fc3ef46efd622f015750ef6a86deb31
59,1061.74058712,0.9959126707207656,0x112034b08edbd1bb1ea0d2b2173cc5bc14522212,2017-10-30T13:33:45.000Z,0.0009380000000020774,0xf9ac154b1c43a57228d8dd18175ce5c0386a3e8c,buy,0xfca47962d45adfdfd1ab2d972315db4ce7ccf094,0xeb0fddce7c6424cb7e3a4a2269fa80d724a4bae679222381945c765f356c752e
60,0.04796433,0.0000398103939,0xdbf41cc72d1185c4c4980312c51dda5de8ea104a,2017-10-30T11:56:28.000Z,0.00083,0x6f9fcac7ac5e87ec747d47e81a42e8ca6b73e95a,sell,0xfca47962d45adfdfd1ab2d972315db4ce7ccf094,0xdd1bf1e3d25314e036fa9bc34080cba6e2d7dc176ac0d7c22f1d66a30b5a4d48
61,481.13005229,0.3993379434007,0xdbf41cc72d1185c4c4980312c51dda5de8ea104a,2017-10-30T11:55:03.000Z,0.00083,0x6f9fcac7ac5e87ec747d47e81a42e8ca6b73e95a,sell,0xfca47962d45adfdfd1ab2d972315db4ce7ccf094,0x9fb6b66e0be45b06ae71d1236bca07ec5b50d542e4474e7edc02796c4076b1ec
62,0.732,0.000594384,0xfbf7dc0756a9768d0c71aea5f8421f3b1eaee7d1,2017-10-30T02:33:53.000Z,0.000812,0x16e5d97bbc92417e051e3b2cabfbf8ceea2acb9c,sell,0xfca47962d45adfdfd1ab2d972315db4ce7ccf094,0xb874537ce73340ab7b2fa19ec4d21fb1980ce717b14efddb26e7dbba3bcc0cc0
63,0.664,0.000539168,0xfbf7dc0756a9768d0c71aea5f8421f3b1eaee7d1,2017-10-30T02:33:00.000Z,0.000812,0x379374d13077e8867ef31803c37baf9785a17c00,sell,0xfca47962d45adfdfd1ab2d972315db4ce7ccf094,0xe78d8cc787bda7a87a50e02376d78038037cd742823bf1133ea72122a61d2384
64,482.61861654,0.3909210793974,0x6f9fcac7ac5e87ec747d47e81a42e8ca6b73e95a,2017-10-29T16:00:53.000Z,0.00081,0x8db0a78550d2a61cee55b57bc70764b2932b4a27,sell,0xfca47962d45adfdfd1ab2d972315db4ce7ccf094,0x595333c587dd69a50f99e03c209ef7d6be6de2c2fe36f9672485cc99eebad3e9
65,514.5,0.41731095,0x953d1111662196af36e9d387c0f909e14111fa76,2017-10-29T15:58:30.000Z,0.0008111,0x8db0a78550d2a61cee55b57bc70764b2932b4a27,sell,0xfca47962d45adfdfd1ab2d972315db4ce7ccf094,0x8ef016a40ffab1b49676a0533a72085bcf50ff46e7e8fc14b946e6443e2279cc
66,0.06956801,0.0000564273085911,0x3fef3e85b09a340029b9eee96c63c239a22e7a36,2017-10-29T15:35:20.000Z,0.00081111,0xa8ebce443fddd76cc1ab018d96b4f5e3b629f1e6,sell,0xfca47962d45adfdfd1ab2d972315db4ce7ccf094,0x6fe74947fc1ec58c7f193c60927ebe6024094778edc661ea8f4a2c9533e354c3
67,697.83670621,0.5660223307739931,0x3fef3e85b09a340029b9eee96c63c239a22e7a36,2017-10-29T15:26:44.000Z,0.00081111,0xa8ebce443fddd76cc1ab018d96b4f5e3b629f1e6,sell,0xfca47962d45adfdfd1ab2d972315db4ce7ccf094,0x5b17be923c35297c64a10847aedfd1b3f3204761a3eea82efe0752dc809b46d5
68,398.074,0.353887786,0xf9ac154b1c43a57228d8dd18175ce5c0386a3e8c,2017-10-29T15:26:33.000Z,0.000889,0xfbf7dc0756a9768d0c71aea5f8421f3b1eaee7d1,buy,0xfca47962d45adfdfd1ab2d972315db4ce7ccf094,0xbbd7779a276848959e695db0a0b39c7469a0338b71cac63f865da2c2bd36bc77
69,1000,0.889,0xf9ac154b1c43a57228d8dd18175ce5c0386a3e8c,2017-10-29T14:46:16.000Z,0.000889,0xfbf7dc0756a9768d0c71aea5f8421f3b1eaee7d1,buy,0xfca47962d45adfdfd1ab2d972315db4ce7ccf094,0xb76e4dc929944e9381c0664ccd4cac3e9031035d62f442829e164ab36bee7d62
70,40.16548699,0.032578226497589,0x953d1111662196af36e9d387c0f909e14111fa76,2017-10-29T14:30:10.000Z,0.0008111,0xcda847b5f904cb40a2c50b34f7368fd588dc8e34,sell,0xfca47962d45adfdfd1ab2d972315db4ce7ccf094,0xcff7acb2cf6a89036c54bf1c51b292abee350de6134b6903b7a56f37485709ed
71,100.92593273,0.08972315420442069,0x77c0016fea4b7c41cb7867518f23a5cde66f8cd4,2017-10-29T14:20:42.000Z,0.0008890000000738234,0xfbf7dc0756a9768d0c71aea5f8421f3b1eaee7d1,buy,0xfca47962d45adfdfd1ab2d972315db4ce7ccf094,0x9d9a68923634bc95528f84f6e279df0094a91064857548338557a469fbe2bb56
72,40.16548699,0.032578226497589,0x953d1111662196af36e9d387c0f909e14111fa76,2017-10-29T14:12:12.000Z,0.0008111,0xb19db4aa7b4df04ec02993552827a356a7ce9592,sell,0xfca47962d45adfdfd1ab2d972315db4ce7ccf094,0xa7667f657f5e4b4b002c451269563d06a9170fc9d4c2ba0501efb0aea2ec9585
73,103.18113847,0.083690221413017,0x953d1111662196af36e9d387c0f909e14111fa76,2017-10-29T13:45:22.000Z,0.0008111,0x390107eb1f95edbac995de7565a5f90e13bc7575,sell,0xfca47962d45adfdfd1ab2d972315db4ce7ccf094,0x68fcef3efd9cfdbbc69be59d70e44bdf0a73f6f93f9dd758036826361617be26
74,1.98765742,0.001612188933362,0x953d1111662196af36e9d387c0f909e14111fa76,2017-10-29T12:47:03.000Z,0.0008111,0x7de0ad86d760c305e8682f20f474206be7f53710,sell,0xfca47962d45adfdfd1ab2d972315db4ce7ccf094,0xed6a6dc7cda5ae129c46afce99fcb21147a75f4a8bd374cdc04c58bc1f15c646
75,1.99381916,0.00161898115792,0x7de0ad86d760c305e8682f20f474206be7f53710,2017-10-29T12:03:08.000Z,0.000812,0x5aeda141ceb7323825fb57f8c0fae9a0a97a1674,sell,0xfca47962d45adfdfd1ab2d972315db4ce7ccf094,0x769b3b969be5199fae2b47d8d301cecf3870153f15261824dcb22f2acba7cfa6
76,3100.04058066,2.7314798560659135,0x3fef3e85b09a340029b9eee96c63c239a22e7a36,2017-10-29T09:50:55.000Z,0.000881111,0x016760fda8ac182ab9c3a4aef580a85cb1f089a4,sell,0xfca47962d45adfdfd1ab2d972315db4ce7ccf094,0x05c1d173a42d2d43f09eb98249aab5c830850bd41964fb991f99abe28a0afecd
77,4340.04044286,3.472032354288,0x3df86cefaecfaa31be2f74f8f832cb4ef62b79f8,2017-10-29T09:30:46.000Z,0.0008,0x7b4b7a1cb385c4c9a282cc4ba2e0dbbf3703bc06,sell,0xfca47962d45adfdfd1ab2d972315db4ce7ccf094,0x1970caa065ef82e92a36bc55ce17df8d9683265155e7673cc2067cbab255a1a7
78,3898.46,3.1039928366,0x3fef3e85b09a340029b9eee96c63c239a22e7a36,2017-10-29T09:28:59.000Z,0.00079621,0x7b4b7a1cb385c4c9a282cc4ba2e0dbbf3703bc06,sell,0xfca47962d45adfdfd1ab2d972315db4ce7ccf094,0xba2507fc0de7ca7818f8fc4b891877db273bf021e2353eeb0e26df361fcc6120
79,1000,0.803,0x7085da1bbc934455ae03766d43c22d67b75c6088,2017-10-29T09:16:22.000Z,0.000803,0x7b4b7a1cb385c4c9a282cc4ba2e0dbbf3703bc06,sell,0xfca47962d45adfdfd1ab2d972315db4ce7ccf094,0x233fb59e76d53636fcc078f17821b47047406be2bd68700cf9432c59f13f8182
80,11.612,0.00940572,0xdc8cc8afae1804d6e2ea8c7557c7bf3baf0fb904,2017-10-29T09:16:22.000Z,0.00081,0x7b4b7a1cb385c4c9a282cc4ba2e0dbbf3703bc06,sell,0xfca47962d45adfdfd1ab2d972315db4ce7ccf094,0x20f217e0326236b4f52f44acf88c0a0dcc8f9890f95c672c1d08ba36cc25d2e7
81,1000,0.825001,0x3dee4a4e076e8d82859d241db0baf46f112cfa23,2017-10-29T09:16:22.000Z,0.000825001,0x7b4b7a1cb385c4c9a282cc4ba2e0dbbf3703bc06,sell,0xfca47962d45adfdfd1ab2d972315db4ce7ccf094,0x4fc572bf7cc781318981860c7d28ce5fb684058750bc63ddc667434db2402108
82,19524.084,16.126893384,0x73255d98f7ac75beb5397febd37db3b3650d8156,2017-10-29T09:16:22.000Z,0.000826,0x7b4b7a1cb385c4c9a282cc4ba2e0dbbf3703bc06,sell,0xfca47962d45adfdfd1ab2d972315db4ce7ccf094,0x110019dbcc79c72f45873ffae83e1c904950a4045f94d9bba0473e0af510072c
83,700,0.574,0xdea025c3f2bc0f876f3649568e7c93d9396e6958,2017-10-29T09:16:22.000Z,0.00082,0x7b4b7a1cb385c4c9a282cc4ba2e0dbbf3703bc06,sell,0xfca47962d45adfdfd1ab2d972315db4ce7ccf094,0x808769d8bee9a90831da14a15a77d5a465e151d25b19cba416c81904b7b617cd
84,1350,1.11645,0xec8fc151209cad6789b11d47ddb7fd71fc274f23,2017-10-29T09:16:22.000Z,0.000827,0x7b4b7a1cb385c4c9a282cc4ba2e0dbbf3703bc06,sell,0xfca47962d45adfdfd1ab2d972315db4ce7ccf094,0x70d926c6de1401f81996541336c45c97ede34d6ccb8e2f6a38323b0668f1bc3e
85,120,0.10788,0x3df86cefaecfaa31be2f74f8f832cb4ef62b79f8,2017-10-29T08:59:25.000Z,0.000899,0x42bf324c66fac47a7bd1afc2ecb588cd0cfa465a,buy,0xfca47962d45adfdfd1ab2d972315db4ce7ccf094,0x5e48068622dbe4594ff6638f16851f6008b2200dae9efedf0d4b8e2643bb3581
86,7120.7,6.40079723,0x3df86cefaecfaa31be2f74f8f832cb4ef62b79f8,2017-10-29T08:58:41.000Z,0.0008989,0xbf88b3afec04b12f23b1efcafff502bff4c04633,buy,0xfca47962d45adfdfd1ab2d972315db4ce7ccf094,0x13c2124bf62d486ca024d24e4c7b7cd15aaabe55d27a745afb94078663e4ccb4
87,1,0.000898,0xfad7ae972c8e017b67beadb59b639e2e1ec88478,2017-10-29T06:33:50.000Z,0.000898,0xfbf7dc0756a9768d0c71aea5f8421f3b1eaee7d1,buy,0xfca47962d45adfdfd1ab2d972315db4ce7ccf094,0xdcc071d02fff665d3a26932dd07cac55a2e5dcb1ba4508a50ada99336ac7359b
88,29.38902665,0.02424594698625,0xec8fc151209cad6789b11d47ddb7fd71fc274f23,2017-10-29T04:48:41.000Z,0.000825,0x6f9fcac7ac5e87ec747d47e81a42e8ca6b73e95a,sell,0xfca47962d45adfdfd1ab2d972315db4ce7ccf094,0x8d9f43084a8b4fc3a6333f23c46b3783064a6ba346ebf064a7dd897b659d728b
89,173.68167828,0.14780310821628,0xaf34a43c3b6e950f5e62660aaa637a220e36e460,2017-10-28T20:56:44.000Z,0.000851,0x953d1111662196af36e9d387c0f909e14111fa76,sell,0xfca47962d45adfdfd1ab2d972315db4ce7ccf094,0x6c2074f8b1c121b38dcf04f50966fdbbe06ebe0a1eacd7b6cbb87172485ad2cf
90,120,0.10224,0x42bf324c66fac47a7bd1afc2ecb588cd0cfa465a,2017-10-28T20:55:56.000Z,0.000852,0x953d1111662196af36e9d387c0f909e14111fa76,sell,0xfca47962d45adfdfd1ab2d972315db4ce7ccf094,0x8cfb82fdea90318c1e4f4011b1f6155dcac6901d0b34683a4ee067541fd95fa3
91,0.52632132,0.0005,0xe444a40689f51f63bcd29910622035707d533d29,2017-10-28T20:40:04.000Z,0.000949990017504896,0x77e38518025269c88d15159ecfc776f1ba028dcf,buy,0xfca47962d45adfdfd1ab2d972315db4ce7ccf094,0xbbf2f3f469c1db7ea483eca002c31a2d62e39c3803da16d5e756eda200cd3d06
92,0.52632132,0.0005,0x34f9560c63078eb61872a4dc2ccd20e21c34feaf,2017-10-28T20:39:29.000Z,0.000949990017504896,0x77e38518025269c88d15159ecfc776f1ba028dcf,buy,0xfca47962d45adfdfd1ab2d972315db4ce7ccf094,0xc1f90527c1cc6c7fb8858e1cb438aef259168a482a218a440f663fca8df1b1ed
93,49.84547901,0.04241850263751,0xaf34a43c3b6e950f5e62660aaa637a220e36e460,2017-10-28T18:06:01.000Z,0.000851,0xd5f9bd7927ec703bf3caaa0abfb0597a0035da61,sell,0xfca47962d45adfdfd1ab2d972315db4ce7ccf094,0x5f57496193de3f27e686fe38f427974ef52adf2404906fd25ee1ceda30dc0188
94,10.04139383,0.00854522614933,0xaf34a43c3b6e950f5e62660aaa637a220e36e460,2017-10-28T17:55:34.000Z,0.000851,0xe3a576e1e3f0d8519b617c01191712d8658ec96a,sell,0xfca47962d45adfdfd1ab2d972315db4ce7ccf094,0xd05d6164eedebd72b5149e72ecf2f3a98d5d96c0fdab0508cdf90853a99af166
95,266.43144888,0.22673316299688,0xaf34a43c3b6e950f5e62660aaa637a220e36e460,2017-10-28T16:44:50.000Z,0.000851,0x1ed014aec47fae44c9e55bac7662c0b78ae61798,sell,0xfca47962d45adfdfd1ab2d972315db4ce7ccf094,0x09d7135bb322eb9e0dde2a3506395ea7af00c6fc971b38e3a49bf69cd1633b12
96,700,0.7,0xa8ebce443fddd76cc1ab018d96b4f5e3b629f1e6,2017-10-28T14:17:12.000Z,0.001,0xf9ac154b1c43a57228d8dd18175ce5c0386a3e8c,sell,0xfca47962d45adfdfd1ab2d972315db4ce7ccf094,0xd205ba7692fda3b4a33274171147bf2c40b6cceada0dbfa79bad731cc82ffdf6
97,1.44919915,0.0012318337694915,0x953d1111662196af36e9d387c0f909e14111fa76,2017-10-28T13:10:06.000Z,0.00085001,0x7e6601a0cb2b5ae129c09661846a053ea07223fb,sell,0xfca47962d45adfdfd1ab2d972315db4ce7ccf094,0x09c1c5e97d315536104a8bbe38bdac25129e79b8216ae66e80a7bd72eb892cf7
98,14536.91657834,11.80397626161208,0x73255d98f7ac75beb5397febd37db3b3650d8156,2017-10-28T13:08:29.000Z,0.000812,0x7e6601a0cb2b5ae129c09661846a053ea07223fb,sell,0xfca47962d45adfdfd1ab2d972315db4ce7ccf094,0xdd1b6129d06f23ae61af78b31d1170390b391b3444094930612642bf7aa6bfeb
99,397.17842851,0.3376056360177851,0x953d1111662196af36e9d387c0f909e14111fa76,2017-10-28T12:35:19.000Z,0.00085001,0x77a81df1ca05c33687dbf8fb82ff2cae1a8a8a5d,sell,0xfca47962d45adfdfd1ab2d972315db4ce7ccf094,0x9dc899ad013734f1559d2e4d12d873d220739e2e55c3b2c5aea699f072608ff8
100,1490.94958779,1.26879809920929,0xfbf7dc0756a9768d0c71aea5f8421f3b1eaee7d1,2017-10-28T12:34:26.000Z,0.000851,0x77a81df1ca05c33687dbf8fb82ff2cae1a8a8a5d,sell,0xfca47962d45adfdfd1ab2d972315db4ce7ccf094,0x9fc7bf3429222ca6fec9651c03def4797e84931fe6d5f7be279e3eb8f5ccf41f
101,9.05041221,0.00770190079071,0xfbf7dc0756a9768d0c71aea5f8421f3b1eaee7d1,2017-10-28T12:29:06.000Z,0.000851,0x888d1964bb7be8c18c4ad550ebdab83103e02fb0,sell,0xfca47962d45adfdfd1ab2d972315db4ce7ccf094,0x624f5d841f7fe48f1e8045ca28752bed541fc2384be0209172dddf887b9c7cd8
102,5.90382005,0.005077285243,0x6f9fcac7ac5e87ec747d47e81a42e8ca6b73e95a,2017-10-28T12:26:35.000Z,0.00086,0x888d1964bb7be8c18c4ad550ebdab83103e02fb0,sell,0xfca47962d45adfdfd1ab2d972315db4ce7ccf094,0x3ddd3980533f704f446989729295093b2d5f9077115a486bdfc6d37b77a26885
103,18000,15.12,0x73255d98f7ac75beb5397febd37db3b3650d8156,2017-10-28T09:04:11.000Z,0.00084,0x7e6601a0cb2b5ae129c09661846a053ea07223fb,sell,0xfca47962d45adfdfd1ab2d972315db4ce7ccf094,0xb86bb4e375ef1d1240d1ac503faf80318d9520b68603e551186c2556778747ce
104,257,0.224876028,0xb4ace0b3f4de9f59f0987bf9ce21f7d059d80425,2017-10-28T07:08:16.000Z,0.000875004,0x336707214137ab2035aa724e0378baf0e50af962,sell,0xfca47962d45adfdfd1ab2d972315db4ce7ccf094,0x26f5b618db0caae20316afb5f309294d947caa69542f47ff72d82c779b32f50f
105,1500,1.3050015,0x7b6b2f3c88ce2ecedc01c545f13faf36034d772f,2017-10-28T06:52:47.000Z,0.000870001,0x7e6601a0cb2b5ae129c09661846a053ea07223fb,sell,0xfca47962d45adfdfd1ab2d972315db4ce7ccf094,0xb175030f100b2efe19fefeeb1fd41c5fdee4d786f552f09d44c625769b2dd720
106,1500,1.3050105,0x7b6b2f3c88ce2ecedc01c545f13faf36034d772f,2017-10-28T06:51:43.000Z,0.000870007,0x7e6601a0cb2b5ae129c09661846a053ea07223fb,sell,0xfca47962d45adfdfd1ab2d972315db4ce7ccf094,0xc449b00bbfa9a8433dc943a60048a516d42b5bbeae1b559236ce88673f308a03
107,2000,1.74004,0x77e38518025269c88d15159ecfc776f1ba028dcf,2017-10-28T06:48:27.000Z,0.00087002,0x7e6601a0cb2b5ae129c09661846a053ea07223fb,sell,0xfca47962d45adfdfd1ab2d972315db4ce7ccf094,0xe68af7d20d0a774011d1fcdf7f136b9fedfe902b99e5a2dffaee61849f76fb85
108,15000,12.9165,0x600bf5b4c26ab95cc6260e5fac8c77154308024e,2017-10-28T06:45:32.000Z,0.0008611,0x7e6601a0cb2b5ae129c09661846a053ea07223fb,sell,0xfca47962d45adfdfd1ab2d972315db4ce7ccf094,0x67479d04a3e55197879c3b5d5985f4742625d18a0dfe3b848689ec87528a5f1f
109,2500,2.187505,0x7b6b2f3c88ce2ecedc01c545f13faf36034d772f,2017-10-28T06:38:49.000Z,0.000875002,0x7e6601a0cb2b5ae129c09661846a053ea07223fb,sell,0xfca47962d45adfdfd1ab2d972315db4ce7ccf094,0xd1741d385242866e6ff1ad4d3846c3f39e2561310726522b736fff7b718bc1b9
110,7300.61712888,6.570555415992,0x6f9fcac7ac5e87ec747d47e81a42e8ca6b73e95a,2017-10-28T06:36:46.000Z,0.0009,0x7e6601a0cb2b5ae129c09661846a053ea07223fb,sell,0xfca47962d45adfdfd1ab2d972315db4ce7ccf094,0x78e4a45b3d9a54e006c2c01dda5e4517a29ec5670152dbce710ada2513ba1750
111,99.38287112,0.089444584008,0x6f9fcac7ac5e87ec747d47e81a42e8ca6b73e95a,2017-10-28T06:32:13.000Z,0.0009,0xf52fb0f3240e800c9d07737f602a53a43455a758,sell,0xfca47962d45adfdfd1ab2d972315db4ce7ccf094,0x13b9399a208dd6e15286f1ecfefc1f943dd1664e9860377d895b45ade4e12554
112,99.69095803,0.08972196191795803,0xf52fb0f3240e800c9d07737f602a53a43455a758,2017-10-28T06:00:33.000Z,0.000900001,0x13d5d590be45f86e1c1297073951ad7abfb746e4,sell,0xfca47962d45adfdfd1ab2d972315db4ce7ccf094,0x683b4aa0762ac828e59a2ed6f33bbdf7ca69772b80114ca5994a0c73a1b9cd04
113,154.24328,0.16658274240195042,0x385a48789c132e8a748b1baa8b4d28842490d580,2017-10-28T01:39:42.000Z,0.001080000000012645,0xab4b4a1198bbe8f23b2980156a44d68c5ec1c3d8,buy,0xfca47962d45adfdfd1ab2d972315db4ce7ccf094,0x5979022de6dda6298e04ad545bb9adc93bf68c8e8bb25ed946ba75da7f096a8c
114,8.77894822,0.00948126408134782,0x3f5a86104d20e0079c8758b805c84274f6f9a199,2017-10-27T22:38:05.000Z,0.00108000000042691,0xb4ace0b3f4de9f59f0987bf9ce21f7d059d80425,buy,0xfca47962d45adfdfd1ab2d972315db4ce7ccf094,0x3a17bf1a3dd9bbd6ef4c4b1fb1b691a2cc551ca418c55909815eee30443d3737
115,200,0.216,0x3f5a86104d20e0079c8758b805c84274f6f9a199,2017-10-27T22:17:47.000Z,0.00108,0xb4ace0b3f4de9f59f0987bf9ce21f7d059d80425,buy,0xfca47962d45adfdfd1ab2d972315db4ce7ccf094,0xc0b804e410d9724c4d4b2087e66b9d0d6805866bd5cfe6256625313b40ac8421
116,5,0.00545,0x94b0bf6dd676f7b4884557735945b927535fd822,2017-10-27T19:33:35.000Z,0.00109,0xee608ce732db7f5f8c24878229c197aac55a422c,buy,0xfca47962d45adfdfd1ab2d972315db4ce7ccf094,0x812099eb036201e75925222724bc52b51795f6cc34b47189f745d9a33a07ede0
117,8.59496251,0.00859496251,0x60d65bd43930d14a867547191ffa22c847d3302a,2017-10-27T18:05:31.000Z,0.001,0x9affd7d89f4e73973db384f76316b8ce579a9eab,sell,0xfca47962d45adfdfd1ab2d972315db4ce7ccf094,0x2f8944317f4935dd2f7d0cafbd7185b3cb2428e36b2c2dd259dc213523b12825
118,43,0.04214,0x7616bb991081160eb20ff62ba47da6e54f5c8728,2017-10-27T18:05:05.000Z,0.00098,0x9affd7d89f4e73973db384f76316b8ce579a9eab,sell,0xfca47962d45adfdfd1ab2d972315db4ce7ccf094,0xe5bb6e6b22c6a2308a03874636337e2741446fcd0c52784d12b39274d1f30d13
119,2800.31901106,2.80031901106,0x60d65bd43930d14a867547191ffa22c847d3302a,2017-10-27T16:13:04.000Z,0.001,0xd00ab8daa3bf34c6dce0b277c8a4351931f7e163,sell,0xfca47962d45adfdfd1ab2d972315db4ce7ccf094,0x7456056b3464871206f9e985caefa7eaa8a73ae151b34eed1aed57eb2704abbb
120,0.099665,0.000099665,0x60d65bd43930d14a867547191ffa22c847d3302a,2017-10-27T16:09:46.000Z,0.001,0xf18521dc5c211dc0ed6c85b034d4f46d456950bb,sell,0xfca47962d45adfdfd1ab2d972315db4ce7ccf094,0xa52bcfd3e05819d096fc2c623828fbb47c6276b6e27f968f11b449e0604173a8
121,1000,1.0999,0x05a4582fd995efd89c23136334a9c3c36593bc00,2017-10-27T15:52:00.000Z,0.0010999,0x8d71cd37bc1c715f6d4e9b5d68aa17a8b42cac87,buy,0xfca47962d45adfdfd1ab2d972315db4ce7ccf094,0xb31ad3813cebe71d1b0d49d1d3028ae4d241280da047a6bda6e74e098d310454
122,993,0.993,0x60d65bd43930d14a867547191ffa22c847d3302a,2017-10-27T14:56:27.000Z,0.001,0xf9ac154b1c43a57228d8dd18175ce5c0386a3e8c,sell,0xfca47962d45adfdfd1ab2d972315db4ce7ccf094,0x3c34ade1f5d33e46c50cec05e2f5af2144c313491ffb417a7fc20eba419d9e6a
123,997.12123608,0.99712123608,0x60d65bd43930d14a867547191ffa22c847d3302a,2017-10-27T14:49:28.000Z,0.001,0xf9ac154b1c43a57228d8dd18175ce5c0386a3e8c,sell,0xfca47962d45adfdfd1ab2d972315db4ce7ccf094,0x2c8dd7667206e383128b455199b425dc17261e1372fced5ada8e6409d1778529
124,2254.16886968,1.9836686053184,0xf9ac154b1c43a57228d8dd18175ce5c0386a3e8c,2017-10-27T14:36:24.000Z,0.00088,0x91f66eb5a398517c47cf72227728d114f9186dc9,sell,0xfca47962d45adfdfd1ab2d972315db4ce7ccf094,0xfe32c266d5a431e6b583029250980c82d014495ae5188c5448b2e9ab04b1b96b
125,910,1.001,0x98cc968b491a5e18a20f9c221c278558f586d0d9,2017-10-27T14:07:00.000Z,0.0011,0xc0d25eec41257298c8501ffbf79253786602a882,sell,0xfca47962d45adfdfd1ab2d972315db4ce7ccf094,0x7c6c42bde75ab8edc34e5cdf04abe8ec59781ebc8902c4f01cba5d2315b92e68
126,1954.17242478,2.360640289140583,0x944be498f5b158b2186ddd3ae12e5a1518c85296,2017-10-27T14:00:35.000Z,0.001208000000003246,0xe38ff5b3f5c5ed44f164afa3108ccac0a1ea3c1b,buy,0xfca47962d45adfdfd1ab2d972315db4ce7ccf094,0x32196c403ae8d28232bb872d09723e2776fab1252b7bf17d54b58eb4136f3c4c
127,2127,2.36097,0x944be498f5b158b2186ddd3ae12e5a1518c85296,2017-10-27T13:57:51.000Z,0.00111,0x2cd8589a7b594b5dd78054a56b3960ce763fa3d6,buy,0xfca47962d45adfdfd1ab2d972315db4ce7ccf094,0xbb4c53c5435e067dc6cd9133f4c723f248ce53b3a02b96032f7fd44a47530d8f
128,123.534,0.1297107,0x944be498f5b158b2186ddd3ae12e5a1518c85296,2017-10-27T13:55:16.000Z,0.00105,0xc0d25eec41257298c8501ffbf79253786602a882,buy,0xfca47962d45adfdfd1ab2d972315db4ce7ccf094,0xddcac21f3468f5ffb0445be2d2304284a13d80397320ff5c1c768069a2cab78d
129,2698.99979878,2.7259897967678,0x944be498f5b158b2186ddd3ae12e5a1518c85296,2017-10-27T13:54:58.000Z,0.00101,0x2ae9fa81da01b24179fd7a628bea93a1d9801370,buy,0xfca47962d45adfdfd1ab2d972315db4ce7ccf094,0x927c341fd8a75a007ea91440c3da67aaa29079580ea8c061ce6e520182ccbebc
130,93.49995015,0.0794749576275,0x6f9fcac7ac5e87ec747d47e81a42e8ca6b73e95a,2017-10-27T12:17:09.000Z,0.00085,0xb98772904df47732cf1161ea9ebb8fe162a5f7ea,buy,0xfca47962d45adfdfd1ab2d972315db4ce7ccf094,0x2aec37eda69f48845de2b6e67d12e06389d5de0ceec0009d4c3984eea9a12bb4
131,9.50004985,0.0080750423725,0xd2ea382e498316d91b9de8557670149b479721a0,2017-10-27T12:06:51.000Z,0.00085,0xb98772904df47732cf1161ea9ebb8fe162a5f7ea,buy,0xfca47962d45adfdfd1ab2d972315db4ce7ccf094,0xb7b4a2954254df98990f64ee7650ed6596c801d5313cdc130d0246c6c073f383
132,9.4715497,0.009945127185,0xeaf9c338d3fb5e741788483a7c6c9ca9aa0011c8,2017-10-27T12:06:51.000Z,0.00105,0xd2ea382e498316d91b9de8557670149b479721a0,sell,0xfca47962d45adfdfd1ab2d972315db4ce7ccf094,0xb7b4a2954254df98990f64ee7650ed6596c801d5313cdc130d0246c6c073f383
133,95,0.09975,0xa0e8d87e5caf8424c86c8d95d99d6394dc04ad22,2017-10-27T12:05:42.000Z,0.00105,0xc0d25eec41257298c8501ffbf79253786602a882,buy,0xfca47962d45adfdfd1ab2d972315db4ce7ccf094,0x70453acd773956fe9a35b8e16dee3c667349618b7b0dfa8bdad30b73d556ea61
134,95,0.09975,0xa0e8d87e5caf8424c86c8d95d99d6394dc04ad22,2017-10-27T12:02:27.000Z,0.00105,0xc0d25eec41257298c8501ffbf79253786602a882,buy,0xfca47962d45adfdfd1ab2d972315db4ce7ccf094,0xcca0281fd0fbd555883135ad1c47988becc672a0d4dc0d1c218d441f7fb08fef
135,485.49995015,0.5097749476575,0xeaf9c338d3fb5e741788483a7c6c9ca9aa0011c8,2017-10-27T11:16:29.000Z,0.00105,0xe2eabfc1e89a462bbd2ba188cd8a9591a9a0d04e,sell,0xfca47962d45adfdfd1ab2d972315db4ce7ccf094,0xff21c4875e0c93bb1d1c80dc1c3540741d8566d923fe2a0ac7d656c359e892a4
136,36.35682807,0.0381746694735,0x3af61a665a2220c11a1a8504f5d68f630790f106,2017-10-27T10:42:36.000Z,0.00105,0xc0d25eec41257298c8501ffbf79253786602a882,sell,0xfca47962d45adfdfd1ab2d972315db4ce7ccf094,0x899397427d9b57180900085a36b632454f4724e67203cf532246fa64e1bf95e1
137,20.85762081,0.0231519590991,0x3af61a665a2220c11a1a8504f5d68f630790f106,2017-10-27T10:39:42.000Z,0.00111,0x6f9fcac7ac5e87ec747d47e81a42e8ca6b73e95a,sell,0xfca47962d45adfdfd1ab2d972315db4ce7ccf094,0xa0dc6187400d4988811616913a221d4e9739739c184e36d687a26cc4aa25cad1
138,292.64317193,0.3072753305265,0x3af61a665a2220c11a1a8504f5d68f630790f106,2017-10-27T10:38:11.000Z,0.00105,0x00d877fda81126c2828ed22c2ad11bcf1790c01f,sell,0xfca47962d45adfdfd1ab2d972315db4ce7ccf094,0xbd79189d44579c6b5f1578aef806a6147eda3d3542ee0fa1b69ed57e95428ba0
139,328.14237919,0.3642380409009,0x3af61a665a2220c11a1a8504f5d68f630790f106,2017-10-27T10:24:12.000Z,0.00111,0x7aa6e2506316f6d613277d4f2f4e4e1dc55e528e,sell,0xfca47962d45adfdfd1ab2d972315db4ce7ccf094,0x784cc16ce79ff67117fe2d2755a8f5b784d3986ea7363445569ec70dff0e86d3
140,329.1297685,0.345586256925,0x7aa6e2506316f6d613277d4f2f4e4e1dc55e528e,2017-10-27T10:24:12.000Z,0.00105,0xfaae544bf5ca8422c053285f4415e4091017f4a8,buy,0xfca47962d45adfdfd1ab2d972315db4ce7ccf094,0x784cc16ce79ff67117fe2d2755a8f5b784d3986ea7363445569ec70dff0e86d3
141,250,0.24999975,0x3df86cefaecfaa31be2f74f8f832cb4ef62b79f8,2017-10-27T10:07:47.000Z,0.000999999,0x43e581438c3e4970d2304735dec00a98b118b7bb,buy,0xfca47962d45adfdfd1ab2d972315db4ce7ccf094,0x2b34529fc43ab15c706d8fa890257009db1f942328acaa7759656f1706a7937c
142,1373,1.37161327,0x3df86cefaecfaa31be2f74f8f832cb4ef62b79f8,2017-10-27T10:05:58.000Z,0.00099899,0xc37cd7cedbccde02be66ef5c1caa44e1c5a017d2,buy,0xfca47962d45adfdfd1ab2d972315db4ce7ccf094,0x204a2c9a7313dd5cccbd11fb10a5db9655b734c19ca0690d2107d7a4dd38df87
143,1200,1.198788,0xd797fcc03ba4ca17fa03f3f366a959f229bd2e69,2017-10-27T10:04:49.000Z,0.00099899,0xc37cd7cedbccde02be66ef5c1caa44e1c5a017d2,buy,0xfca47962d45adfdfd1ab2d972315db4ce7ccf094,0x738a49ee8ecb302b3d6e5aa6a52e215cc710299125561101666bea8207aa19ad
144,215,0.2021,0x8150c544a14e6963653ad7d38521749e4d4a746c,2017-10-27T09:47:44.000Z,0.00094,0x6f9fcac7ac5e87ec747d47e81a42e8ca6b73e95a,sell,0xfca47962d45adfdfd1ab2d972315db4ce7ccf094,0x7f68eb08dfecab305178f513c1ab2404f3fd874f806ebae2655bed9208778e7b
145,155.8,0.146452,0x953d1111662196af36e9d387c0f909e14111fa76,2017-10-27T09:47:20.000Z,0.00094,0x4181e98bfeb46d08d5d392c3b556d44913b06592,buy,0xfca47962d45adfdfd1ab2d972315db4ce7ccf094,0xe3f2c121581a95b885bd6d7c69fdfa4a65fb888b3107d50cdbb379309ce81765
146,575,0.5405,0x953d1111662196af36e9d387c0f909e14111fa76,2017-10-27T09:43:59.000Z,0.00094,0x4181e98bfeb46d08d5d392c3b556d44913b06592,buy,0xfca47962d45adfdfd1ab2d972315db4ce7ccf094,0xa0d4f97529a59cddfa27736d6ae2b71ff91e0ab5515419c949f8c95aeb87045e
147,72,0.06768,0x327de23f8dd66a9ab2b517c41bd3f123796d03eb,2017-10-27T09:39:31.000Z,0.00094,0x4181e98bfeb46d08d5d392c3b556d44913b06592,buy,0xfca47962d45adfdfd1ab2d972315db4ce7ccf094,0x7b42cfe1942947296e6a8b723a7ce363f06763b01e56920d3e232a9200c40944
148,5513.493,5.210250885,0x3df86cefaecfaa31be2f74f8f832cb4ef62b79f8,2017-10-27T09:39:31.000Z,0.000945,0x600bf5b4c26ab95cc6260e5fac8c77154308024e,buy,0xfca47962d45adfdfd1ab2d972315db4ce7ccf094,0xc37d464ecea175c340078b080664336a03568af6064b8e96ae3e0af3c8849563
149,12013.95,11.293113,0x3df86cefaecfaa31be2f74f8f832cb4ef62b79f8,2017-10-27T09:39:27.000Z,0.00094,0x8e465006a05f51471c5bdeb0c8fb6bb7181f06dd,buy,0xfca47962d45adfdfd1ab2d972315db4ce7ccf094,0x9482e6c320973ee37651f657a589bc33d2b70c8e4f18562a2c4129c130ee30cc
150,738,0.67158,0x953d1111662196af36e9d387c0f909e14111fa76,2017-10-27T09:38:07.000Z,0.00091,0x354d70835e98e132d3a63586cf06280c7b4bbf4d,buy,0xfca47962d45adfdfd1ab2d972315db4ce7ccf094,0x5ece5f4885f0dfbceb33a8353d3e60fa9bf326586c6d4bef0a5c535892f2c163
151,189,0.17199,0xd5793048df04f90d2224706faaa76e05e2c635e6,2017-10-27T09:33:54.000Z,0.00091,0x354d70835e98e132d3a63586cf06280c7b4bbf4d,buy,0xfca47962d45adfdfd1ab2d972315db4ce7ccf094,0x505520daa6d27143167ff9cdda4db95fbc9f15a655a2e04b8ee761bb31e2d2f7
152,3114.50963624,2.8030586726218085,0xfd0fe438cf033aab2a6998a95f2614d231ab8e04,2017-10-27T07:45:05.000Z,0.0009000000000018649,0xfe84f677ebcd47da3e447a14825904b2c2030be0,buy,0xfca47962d45adfdfd1ab2d972315db4ce7ccf094,0xef029b65800b13a0481452eee3b956b518e819f8ed0ea6c1b0ad7f93399468c8
153,1994.57537571,1.7951178381399688,0x39b421eaf279c35f69afb85c8762d1d7a3511c98,2017-10-27T07:43:53.000Z,0.0009000000000004857,0xfe84f677ebcd47da3e447a14825904b2c2030be0,buy,0xfca47962d45adfdfd1ab2d972315db4ce7ccf094,0x236445d00dec40a547a51ba9905a20c8360562aab97c4286c10fa44e648e4e9b
154,0.02244323,0.000020198908578772,0xd5793048df04f90d2224706faaa76e05e2c635e6,2017-10-27T07:35:02.000Z,0.000900000070345133,0xfe84f677ebcd47da3e447a14825904b2c2030be0,buy,0xfca47962d45adfdfd1ab2d972315db4ce7ccf094,0xc2be99833207032f18e9387ef1358e28a12138ca1d0fe020e387a34512287990
155,1334.01251184,1.1992772481524039,0xfd0fe438cf033aab2a6998a95f2614d231ab8e04,2017-10-27T07:29:55.000Z,0.0008990000000061797,0x4d03caae07db58e1cdcff59fc6a13ac4dfd93a85,buy,0xfca47962d45adfdfd1ab2d972315db4ce7ccf094,0x0680ff2cf156e84bf20ba0c257c996500e87c9e2dc258199ad42f7e44ebe8a51
156,225.37847825,0.20261525195366736,0xd5793048df04f90d2224706faaa76e05e2c635e6,2017-10-27T07:26:34.000Z,0.0008990000000306922,0x4d03caae07db58e1cdcff59fc6a13ac4dfd93a85,buy,0xfca47962d45adfdfd1ab2d972315db4ce7ccf094,0x31a97fd7ad06e5edfc0902817f8d0284728276ba70346c1c534f1e2dacf9f3a6
157,474,0.426126,0x016760fda8ac182ab9c3a4aef580a85cb1f089a4,2017-10-27T05:38:46.000Z,0.000899,0x4d03caae07db58e1cdcff59fc6a13ac4dfd93a85,buy,0xfca47962d45adfdfd1ab2d972315db4ce7ccf094,0x2f3282df35a53f3762df6cecd9c1e6aaeaa1165437ee2cdc8a7e54ace59a6fee
158,3312.45953424,2.981213580821662,0x3fef3e85b09a340029b9eee96c63c239a22e7a36,2017-10-27T05:07:03.000Z,0.0009000000000017093,0xfe84f677ebcd47da3e447a14825904b2c2030be0,buy,0xfca47962d45adfdfd1ab2d972315db4ce7ccf094,0xa24c131091c7c613bbdaa8a4fa10ee2b645d361c3b00132889e6b676e74c3e9c
159,1080.26500989,0.9711582438939288,0xc65be1164e4a3e7592780ad0a71ef59b0ccba974,2017-10-27T04:56:56.000Z,0.0008990000000026094,0x4d03caae07db58e1cdcff59fc6a13ac4dfd93a85,buy,0xfca47962d45adfdfd1ab2d972315db4ce7ccf094,0xb0f13e7b830d90c0877f2599556c612e123213702bd3d91064e3d074a9a6136a
160,23.261,0.01977185,0xc65be1164e4a3e7592780ad0a71ef59b0ccba974,2017-10-27T04:55:04.000Z,0.00085,0xff96cb16399110f0b6bafb399dd8f39bb651ce14,buy,0xfca47962d45adfdfd1ab2d972315db4ce7ccf094,0xdfa963d131a6e0ed703a3d7206542d310575d92a92944b3b9b13661cde435485
161,80,0.068,0x70e0a5d967972ae244baa0351931727495ae780b,2017-10-27T04:26:32.000Z,0.00085,0xff96cb16399110f0b6bafb399dd8f39bb651ce14,sell,0xfca47962d45adfdfd1ab2d972315db4ce7ccf094,0x04a70d0de77a041f75c9f71db7642c68dcbb65efa64e01eb0a852f8e51d3869b
162,1384.77665243,1.2462989871908319,0xfc4d4dd4057d7e5c84ae3f09f32a8fd58171a6ec,2017-10-27T04:21:36.000Z,0.0009000000000027672,0xfe84f677ebcd47da3e447a14825904b2c2030be0,buy,0xfca47962d45adfdfd1ab2d972315db4ce7ccf094,0x4c7c7721d39f2a516738d441464f5937d27f09a270be535ad45e2ec96c7f0df6
163,50,0.045,0x3dd2734c1ab467067d264b7905e39599c471506e,2017-10-27T04:20:03.000Z,0.0009,0xfe84f677ebcd47da3e447a14825904b2c2030be0,buy,0xfca47962d45adfdfd1ab2d972315db4ce7ccf094,0x74a7c5bf5642bf66ba57732edbfae298b6be1b2854403a2e519a4938183c79a5
164,293.20223972,0.2638820157511714,0x00d877fda81126c2828ed22c2ad11bcf1790c01f,2017-10-27T04:13:19.000Z,0.0009000000000108163,0xfe84f677ebcd47da3e447a14825904b2c2030be0,buy,0xfca47962d45adfdfd1ab2d972315db4ce7ccf094,0x738cddb87fec3ceb77a2a8af4e695c7b5201197f0efc4bd489123ebcd7764797
165,1805.71167914,1.6251405112347055,0xfc4d4dd4057d7e5c84ae3f09f32a8fd58171a6ec,2017-10-27T04:07:03.000Z,0.0009000000000048211,0xfe84f677ebcd47da3e447a14825904b2c2030be0,buy,0xfca47962d45adfdfd1ab2d972315db4ce7ccf094,0x5d52357fb801c883f8d38d8b5b72ededca4f790f83ae10c0ced6713fd73e6075
166,2000,1.8,0x3dd2734c1ab467067d264b7905e39599c471506e,2017-10-27T04:05:39.000Z,0.0009,0xfe84f677ebcd47da3e447a14825904b2c2030be0,buy,0xfca47962d45adfdfd1ab2d972315db4ce7ccf094,0x75d7956213060cb27f6b8bc2275fef4b43c6c739bb78517f63956c92c480efc2
167,1982.74243925,1.784468195331273,0xfc4d4dd4057d7e5c84ae3f09f32a8fd58171a6ec,2017-10-27T04:01:45.000Z,0.0009000000000031638,0xfe84f677ebcd47da3e447a14825904b2c2030be0,buy,0xfca47962d45adfdfd1ab2d972315db4ce7ccf094,0x4d27683803242d82d7082795be798df1902ab2c720798c76dad9a3245fe38c2f
168,1200,1.08,0x05a4582fd995efd89c23136334a9c3c36593bc00,2017-10-27T03:33:15.000Z,0.0009,0x23e306393ab36047037c73d742407a10fcb30553,buy,0xfca47962d45adfdfd1ab2d972315db4ce7ccf094,0x388ca08cc4aa60d9d54c6a39e7081840d182e501a7e4442c0f4e211aa692ffc1
169,800,0.72,0x276310a6af024fcf1531c30a019caa61e8fd0a1e,2017-10-27T02:50:57.000Z,0.0009,0x23e306393ab36047037c73d742407a10fcb30553,buy,0xfca47962d45adfdfd1ab2d972315db4ce7ccf094,0xd022532a1e58572fbeffc4398b379e6fd4f231dab9fc24aabb714eabad8a3ac7
170,1114.03262243,0.9914890339646231,0x385a48789c132e8a748b1baa8b4d28842490d580,2017-10-26T23:53:39.000Z,0.0008900000000017262,0x600bf5b4c26ab95cc6260e5fac8c77154308024e,buy,0xfca47962d45adfdfd1ab2d972315db4ce7ccf094,0xe29d85fd2f9865c0530d2a746d87eecfc26eee4ab767769306b98b717f2b3b2c
171,230.68423027,0.184547384216,0x6f9fcac7ac5e87ec747d47e81a42e8ca6b73e95a,2017-10-26T23:51:31.000Z,0.0008,0x385a48789c132e8a748b1baa8b4d28842490d580,sell,0xfca47962d45adfdfd1ab2d972315db4ce7ccf094,0x666e02ce4d8d5ec7aed26716f8e597f96b093c5e8012ce5aa92a60586e06c2ff
172,199.4,0.15952,0x6f9fcac7ac5e87ec747d47e81a42e8ca6b73e95a,2017-10-26T22:40:34.000Z,0.0008,0xe47376dcb7eb6649a4f0d7deeec8ebdba148f91a,sell,0xfca47962d45adfdfd1ab2d972315db4ce7ccf094,0xb17e8c809ca46b77173250ef8771bd5458b1600958758622c6eca6510938b575
173,0.21982483,0.00016728669563,0xd1fdec09b61c704d13b56bb941a7aae8b4507b61,2017-10-26T22:32:18.000Z,0.000761,0x1884f481c3ad3bd5bce2a9787542cd4d61427ad7,sell,0xfca47962d45adfdfd1ab2d972315db4ce7ccf094,0xde4b8666b28ed12241e16f6d55108d705ba7fcd156806491e265156f52e4f149
174,286.11304954,0.21916259594764,0x016760fda8ac182ab9c3a4aef580a85cb1f089a4,2017-10-26T22:14:48.000Z,0.000766,0x54b59cbea68b581f1fa6ae1c3d5ea0643e8e2378,sell,0xfca47962d45adfdfd1ab2d972315db4ce7ccf094,0x3c8a4de974faa3cb7db9cccd49c1171cff87933bcb2cbb6b9b76f4cdd200660a
175,2205.06284019,1.68907813558554,0x016760fda8ac182ab9c3a4aef580a85cb1f089a4,2017-10-26T22:11:01.000Z,0.000766,0x1884f481c3ad3bd5bce2a9787542cd4d61427ad7,sell,0xfca47962d45adfdfd1ab2d972315db4ce7ccf094,0xbfabc8c4190d7603c9f136634aa1ca7a54f6d8d865e1f0cc619046933cbf04ee
176,1982.155,1.528241505,0xd1fdec09b61c704d13b56bb941a7aae8b4507b61,2017-10-26T22:10:02.000Z,0.000771,0x1884f481c3ad3bd5bce2a9787542cd4d61427ad7,sell,0xfca47962d45adfdfd1ab2d972315db4ce7ccf094,0x8e74c6e868bf5786dc461b58df5b674c52cff5efcb64ab7547c711d314ca2a3c
177,1016.8477719,0.7839896321349,0xd1fdec09b61c704d13b56bb941a7aae8b4507b61,2017-10-26T21:36:04.000Z,0.000771,0xd836709427ec44b68290e3e1ab5af23ef925bcaf,sell,0xfca47962d45adfdfd1ab2d972315db4ce7ccf094,0x5cc8be584bb4bc5b4761f1de1179df58e5c2cf42b40e1373439bbdcae022f080
178,0.99690958,0.00076861728618,0xd1fdec09b61c704d13b56bb941a7aae8b4507b61,2017-10-26T21:29:40.000Z,0.000771,0xb4c432a9559a4f1464d2bff9fcbbdc14f1c39dec,sell,0xfca47962d45adfdfd1ab2d972315db4ce7ccf094,0x09a91f9abecd4b1b9130e2cfde5d94726a48e5ffd776d51416f7329486d8b33e
179,4680.41608327,3.557584264893527,0x600bf5b4c26ab95cc6260e5fac8c77154308024e,2017-10-26T19:07:26.000Z,0.0007601,0x944be498f5b158b2186ddd3ae12e5a1518c85296,sell,0xfca47962d45adfdfd1ab2d972315db4ce7ccf094,0x67f500553f06448857091ef2b10900c8d319811e149f7fc44783057796155604
180,25,0.0190025,0x600bf5b4c26ab95cc6260e5fac8c77154308024e,2017-10-26T16:55:46.000Z,0.0007601,0x008cd39b569505e006ec93689add83999e96ab12,sell,0xfca47962d45adfdfd1ab2d972315db4ce7ccf094,0x7a9bf968d7a2cb9d9570c0dcbac77316f470208c4efb438212e6108f9d2114d9
181,307,0.2333507,0x600bf5b4c26ab95cc6260e5fac8c77154308024e,2017-10-26T16:38:33.000Z,0.0007601,0x876683cb7dd5efcc8130dc46e26e0c4f127c5caa,sell,0xfca47962d45adfdfd1ab2d972315db4ce7ccf094,0x16ec003ab97a96ee8fdac77f4457e6ffb8d89443eb4fdd99808fcd8c8a03018a
182,280,0.2408,0x54b59cbea68b581f1fa6ae1c3d5ea0643e8e2378,2017-10-26T16:35:40.000Z,0.00086,0xd836709427ec44b68290e3e1ab5af23ef925bcaf,buy,0xfca47962d45adfdfd1ab2d972315db4ce7ccf094,0xd14d4cfd275f088a7fd84c16383161fc99dc98a7b7e1fd589ef9ced12cec4657
183,13.03212258,0.009774091935,0x3af61a665a2220c11a1a8504f5d68f630790f106,2017-10-26T14:43:10.000Z,0.00075,0x08289cf66354969aae72a0f9429da54cb4c23b84,sell,0xfca47962d45adfdfd1ab2d972315db4ce7ccf094,0x62d1565c61bd09e6c2ae67a54bb1d9a374bab8446661a9983b2436ba76a877b4
184,2334.70270341,1.7510270275593969,0x6f9fcac7ac5e87ec747d47e81a42e8ca6b73e95a,2017-10-26T14:13:04.000Z,0.0007500000000008125,0xfaae5faa8af932718d41ae93c1495a4b8732dd2c,buy,0xfca47962d45adfdfd1ab2d972315db4ce7ccf094,0x22ca980d1a0b51152679a666a5874271f2418e3a7c0708bc79922b752416889d
185,665.29729658,0.4989729724406031,0xd1fdec09b61c704d13b56bb941a7aae8b4507b61,2017-10-26T13:51:15.000Z,0.000750000000008422,0xfaae5faa8af932718d41ae93c1495a4b8732dd2c,buy,0xfca47962d45adfdfd1ab2d972315db4ce7ccf094,0xd48f709bf2ed2c4b37cd7153cd5b2d18581581b411eaff0a991bf7b5f8f5fcbf
186,500,0.375,0x3af61a665a2220c11a1a8504f5d68f630790f106,2017-10-26T12:24:51.000Z,0.00075,0x31c8a47c2b84ad46162316d1c82f6e226ab1a80b,sell,0xfca47962d45adfdfd1ab2d972315db4ce7ccf094,0xf3f3c325abd0227ed579a4f2a77ac5e53f49230a2f5b26c6757e7d936d3b3974
187,17.9,0.01432,0x9ccc23f58a56d6bebb2a2bcc63f4e4bae46e06c6,2017-10-26T12:04:36.000Z,0.0008,0xf18521dc5c211dc0ed6c85b034d4f46d456950bb,buy,0xfca47962d45adfdfd1ab2d972315db4ce7ccf094,0x18136351bc040929e7617d46b0de583f158104237f91f665eb93660df90f689d
188,599.05278185,0.443299058569,0x3dd2734c1ab467067d264b7905e39599c471506e,2017-10-26T11:47:24.000Z,0.00074,0x4efb789e4dc67e469799b91dca9ced6abd3c2414,sell,0xfca47962d45adfdfd1ab2d972315db4ce7ccf094,0x72b4cea690050bba279e18acc305884a01eb340cf202f5e8fd2ce8094f12fb64
189,17.99997397,0.014057979675985748,0xf18521dc5c211dc0ed6c85b034d4f46d456950bb,2017-10-26T11:26:33.000Z,0.0007810000003008753,0x73255d98f7ac75beb5397febd37db3b3650d8156,buy,0xfca47962d45adfdfd1ab2d972315db4ce7ccf094,0xead2e17232ca628c84f6b300ed3f5b19defc492ee1747834da70fad45acfb05d
190,50,0.125,0x8dd7ae37bed525bc2554fdf8f68bc8dd415fd616,2017-10-26T10:39:54.000Z,0.0025,0x739066ed2d1718fd100cec4d9f347382ec6440dc,buy,0xfca47962d45adfdfd1ab2d972315db4ce7ccf094,0xb28f09b3aad1a5277ff3703c95728ae103a8fb5ef8bf8641b366b9fe1475f8e0
191,0.00002602,0.00000002032198813,0x953d1111662196af36e9d387c0f909e14111fa76,2017-10-26T07:29:49.000Z,0.0007810141479631053,0x73255d98f7ac75beb5397febd37db3b3650d8156,buy,0xfca47962d45adfdfd1ab2d972315db4ce7ccf094,0x806790f8be020e20ac1d0526a756dbda16f738da40a30b134fa2199a4664aa9f
192,498.45479015,0.3409430764626,0xaf34a43c3b6e950f5e62660aaa637a220e36e460,2017-10-26T02:14:30.000Z,0.000684,0x4efb789e4dc67e469799b91dca9ced6abd3c2414,sell,0xfca47962d45adfdfd1ab2d972315db4ce7ccf094,0x86eff1d92403a0a4534ac1f6e79f17d9a38537359a14edb3be460d4afa6c368d
193,1615.10891415,1.0595114476824,0x600bf5b4c26ab95cc6260e5fac8c77154308024e,2017-10-25T23:26:19.000Z,0.000656,0x1ed014aec47fae44c9e55bac7662c0b78ae61798,sell,0xfca47962d45adfdfd1ab2d972315db4ce7ccf094,0x15e1ab7d8ab7e6c529dc8635227f6b70f2a12f512b26fb293cf1fbfa8a012738
194,2036.0687751,1.4496809678712,0xf9ac154b1c43a57228d8dd18175ce5c0386a3e8c,2017-10-25T21:59:07.000Z,0.000712,0x39b421eaf279c35f69afb85c8762d1d7a3511c98,sell,0xfca47962d45adfdfd1ab2d972315db4ce7ccf094,0xffe63822ae3b72463f732a224a42b48a98a975ef81b737268d6f3882e597ad87
195,20,0.019,0x8dd7ae37bed525bc2554fdf8f68bc8dd415fd616,2017-10-25T20:22:50.000Z,0.00095,0x00d877fda81126c2828ed22c2ad11bcf1790c01f,buy,0xfca47962d45adfdfd1ab2d972315db4ce7ccf094,0xa4b0b452dfe3b79f42614eb99a579ba309527fde5963de525661e043aa983f0e
196,1640.91316917,1.16833017644904,0xf9ac154b1c43a57228d8dd18175ce5c0386a3e8c,2017-10-25T19:59:24.000Z,0.000712,0x26f916dc5327f1311a397616e1523400049fcebf,sell,0xfca47962d45adfdfd1ab2d972315db4ce7ccf094,0xe5ab382e69a1cea4e5738f622692a7068e75bbd34333855a9ba5e6afecf7fa27
197,380,0.29678,0xb36a9525d266a2c49bfb26130c0da2fce49252f9,2017-10-25T19:51:17.000Z,0.000781,0x73255d98f7ac75beb5397febd37db3b3650d8156,buy,0xfca47962d45adfdfd1ab2d972315db4ce7ccf094,0xb3924d57d856001f068e5e0f6dc50347c17d6684893f1acfa9081f798bd1a637
198,0.84537932,0.0006019143027366,0x73255d98f7ac75beb5397febd37db3b3650d8156,2017-10-25T18:30:20.000Z,0.000712005,0x21f7d0721ac8d7fba3a94dd957dfcc8f382f1050,sell,0xfca47962d45adfdfd1ab2d972315db4ce7ccf094,0x1feed2f2eb94554fb808e4048e3677bde89bd75da9fa7e3118a027d88dc75289
199,396.96939487,0.28264419399441437,0x73255d98f7ac75beb5397febd37db3b3650d8156,2017-10-25T18:04:53.000Z,0.000712005,0xd19f8bf2721b31b0f4f20c80f5a59c0bd5f23262,sell,0xfca47962d45adfdfd1ab2d972315db4ce7ccf094,0x6eeefed801dbe9d521a87b0c9c0e2eb95c086f4dd076f069dfe5f8cc79b2a29d
200,600,0.474,0x914ee72f3492a0304d1fc94b83047d3e9530b959,2017-10-25T18:03:15.000Z,0.00079,0xd19f8bf2721b31b0f4f20c80f5a59c0bd5f23262,sell,0xfca47962d45adfdfd1ab2d972315db4ce7ccf094,0x864d11ca7a39e812bd4fef831d5f81ca7af3969d0ecfd5b8edfbde066061c59f
201,275,0.22,0xeaf9c338d3fb5e741788483a7c6c9ca9aa0011c8,2017-10-25T18:03:03.000Z,0.0008,0x016760fda8ac182ab9c3a4aef580a85cb1f089a4,sell,0xfca47962d45adfdfd1ab2d972315db4ce7ccf094,0x0b21e08693c8e248185dc188c955111657c19870056141cdb6a5acd86e6b8ac9
202,500,0.475,0xeaf9c338d3fb5e741788483a7c6c9ca9aa0011c8,2017-10-25T16:30:14.000Z,0.00095,0x914ee72f3492a0304d1fc94b83047d3e9530b959,buy,0xfca47962d45adfdfd1ab2d972315db4ce7ccf094,0x75a7c17ce46f6ed8bf10d7727e603ba1d3e48243e4421827e39dad2a9d50a38c
203,3484,3.1356,0x00d877fda81126c2828ed22c2ad11bcf1790c01f,2017-10-25T16:12:23.000Z,0.0009,0x21f7d0721ac8d7fba3a94dd957dfcc8f382f1050,buy,0xfca47962d45adfdfd1ab2d972315db4ce7ccf094,0x0b2657b8f7c530315dfb4dec0d1b8039a14967ba08582c265995fa16d8e423ad
204,1000,0.9,0xf9ac154b1c43a57228d8dd18175ce5c0386a3e8c,2017-10-25T16:11:45.000Z,0.0009,0x21f7d0721ac8d7fba3a94dd957dfcc8f382f1050,buy,0xfca47962d45adfdfd1ab2d972315db4ce7ccf094,0xc0f4000c821ff7ad40981129a4805ef71b4a4a52382bfcde2aace34c3f145a96
205,756.416,0.74506976,0xee608ce732db7f5f8c24878229c197aac55a422c,2017-10-25T15:23:08.000Z,0.000985,0x644246373308de4bc282b200932cfb8b662f4dff,buy,0xfca47962d45adfdfd1ab2d972315db4ce7ccf094,0x1dfdc4070d3b759a68187c27b39b57b8b81cf5e9227371bcfff8e92d2251a2e9
206,20440.272,20.44006759728,0xee608ce732db7f5f8c24878229c197aac55a422c,2017-10-25T15:22:11.000Z,0.00099999,0x600bf5b4c26ab95cc6260e5fac8c77154308024e,buy,0xfca47962d45adfdfd1ab2d972315db4ce7ccf094,0xa06c6c0f800cfa3de79e97ecb55c9dae9faead6179ffdc3c146ec97ca4bb65d1
207,1774,1.5079,0xee608ce732db7f5f8c24878229c197aac55a422c,2017-10-25T15:20:15.000Z,0.00085,0x6f9fcac7ac5e87ec747d47e81a42e8ca6b73e95a,buy,0xfca47962d45adfdfd1ab2d972315db4ce7ccf094,0x087ff026336ead7e73ab4307bd9c19084ccc2c0569573d80b0303924346e4e43
208,1000,0.728,0xee608ce732db7f5f8c24878229c197aac55a422c,2017-10-25T14:53:40.000Z,0.000728,0x016760fda8ac182ab9c3a4aef580a85cb1f089a4,buy,0xfca47962d45adfdfd1ab2d972315db4ce7ccf094,0xea37a2137aed98d0eda9dbf79c9bb2848d119f34424bf6d0425b7d0032cf6660
209,1504,1.04528,0xee608ce732db7f5f8c24878229c197aac55a422c,2017-10-25T14:50:12.000Z,0.000695,0x73255d98f7ac75beb5397febd37db3b3650d8156,buy,0xfca47962d45adfdfd1ab2d972315db4ce7ccf094,0xa96c55283f2df5a5d94281767564a5a9737230e990c1b3ab92a584a911c9bf62
210,7,0.004865,0x54b59cbea68b581f1fa6ae1c3d5ea0643e8e2378,2017-10-25T14:16:28.000Z,0.000695,0x73255d98f7ac75beb5397febd37db3b3650d8156,buy,0xfca47962d45adfdfd1ab2d972315db4ce7ccf094,0x898cd320d5d36cef88725b3b026fbefd4a87ed209b388d31d5518d3ee0e3d01f
211,1511.44707794,0.963396367478956,0x73255d98f7ac75beb5397febd37db3b3650d8156,2017-10-25T13:18:40.000Z,0.0006374,0x84606a02c90a74417ac55382cecfdf29a27aa0bc,sell,0xfca47962d45adfdfd1ab2d972315db4ce7ccf094,0xd6d97807835247ab9c1e095788b7e8debe8b30e35e1c21463f2e23254387fd75
212,8253.242,5.32334109,0x4ec21ffaed3b96f2a51cd36bc31660fbdc5224c2,2017-10-25T12:51:27.000Z,0.000645,0x6f9fcac7ac5e87ec747d47e81a42e8ca6b73e95a,sell,0xfca47962d45adfdfd1ab2d972315db4ce7ccf094,0x627279b505b83cea6dd361ff03d9c2f30fd1035a849e451a46b32f7e9f2e2c9b
213,3.64923201,0.00235375464645,0x4ec21ffaed3b96f2a51cd36bc31660fbdc5224c2,2017-10-25T12:43:02.000Z,0.000645,0x760244165612588d09acd6f0bb261ee551ea4f3d,sell,0xfca47962d45adfdfd1ab2d972315db4ce7ccf094,0x2169d635d4d3909204135a54a17392fcf4e541e177c797e27d96f2d4b5dc64bb
214,1201.23555852,0.780803113038,0xb7fcac0fc7bb57b81c5cd05048b20f98e5426d10,2017-10-25T12:20:44.000Z,0.00065,0x6ef6e0031e822a76777323c8cb3e5ed109b189a8,sell,0xfca47962d45adfdfd1ab2d972315db4ce7ccf094,0x1ec9fe47a68f36664a6172dc3d5d1c502ee947ff2a5eecb4ca58bb9035e43140
215,398.76444148,0.259196886962,0xb7fcac0fc7bb57b81c5cd05048b20f98e5426d10,2017-10-25T11:02:29.000Z,0.00065,0xc98e5e400ae3e4e913f2bc8d3b7b2750551f8b5d,sell,0xfca47962d45adfdfd1ab2d972315db4ce7ccf094,0xea0afa8f6b74cbc1cdd644f8b12ba5a138156112c38c3b815618bf23b29d51e3
216,684.20863213,0.44131456772385,0x4ec21ffaed3b96f2a51cd36bc31660fbdc5224c2,2017-10-25T10:05:53.000Z,0.000645,0x2f5a7296096ca92d74d2af81c60ca50a122c28dd,sell,0xfca47962d45adfdfd1ab2d972315db4ce7ccf094,0x6d482f2be73429538a7b4fb775f4d4208d7ad969166538ea2b3426cd56810c2c
217,9300,6.045,0x4ec21ffaed3b96f2a51cd36bc31660fbdc5224c2,2017-10-25T10:02:43.000Z,0.00065,0x2f5a7296096ca92d74d2af81c60ca50a122c28dd,sell,0xfca47962d45adfdfd1ab2d972315db4ce7ccf094,0xecbd2a2d02c3814f6bdeb24e594ee3dd1bb884cbaf2d9fc7749616ba80d518f9
218,2140,1.4552,0x21ffcb4c256c69aac99d2832e8a6be97054bcb13,2017-10-25T09:33:15.000Z,0.00068,0x0f1b76410215ed963ea2c3d3eaddd4a56350b422,sell,0xfca47962d45adfdfd1ab2d972315db4ce7ccf094,0x16627fad0a97b52e87d984c3adf4dc6401b47a56d535400ceecb4fd236c336aa
219,1000.239,0.7762854879,0xb36a9525d266a2c49bfb26130c0da2fce49252f9,2017-10-25T08:11:33.000Z,0.0007761,0x2ae9fa81da01b24179fd7a628bea93a1d9801370,buy,0xfca47962d45adfdfd1ab2d972315db4ce7ccf094,0xb2a9989f759d3ecf27cfa7ae0ce3de430334b37f841a5f403b94cdb9c3450d00
220,500.761,0.3886406121,0xb36a9525d266a2c49bfb26130c0da2fce49252f9,2017-10-25T07:49:53.000Z,0.0007761,0x2ae9fa81da01b24179fd7a628bea93a1d9801370,buy,0xfca47962d45adfdfd1ab2d972315db4ce7ccf094,0x02a92ab5999f57f28b4c20d073f23da9dbce3f5aa696c107bac8689d5d24e1d0
221,1.99381916,0.001395673412,0x00d877fda81126c2828ed22c2ad11bcf1790c01f,2017-10-25T07:47:41.000Z,0.0007,0x56f637d49befddd19d1a7038011d3c8995906b4e,sell,0xfca47962d45adfdfd1ab2d972315db4ce7ccf094,0x1bcdde362d0ee24fa25525a62d4ee4d2f964430959d22dc8cbca0204192cce6f
222,1169.761,0.9078515121,0xb36a9525d266a2c49bfb26130c0da2fce49252f9,2017-10-25T07:46:59.000Z,0.0007761,0x2ae9fa81da01b24179fd7a628bea93a1d9801370,buy,0xfca47962d45adfdfd1ab2d972315db4ce7ccf094,0x6d8546fce2ef93a15c1aab0944d765250752a75c20780ebf6108d667b1bd0bc0
223,1557.75809927,1.090430669489,0x00d877fda81126c2828ed22c2ad11bcf1790c01f,2017-10-25T07:46:22.000Z,0.0007,0xb7fcac0fc7bb57b81c5cd05048b20f98e5426d10,sell,0xfca47962d45adfdfd1ab2d972315db4ce7ccf094,0xa9a010e3e9cafb989ae715ddbf875a1fe8a2eaa44b3d056dbdacc598c9ab74ab
224,2000,1.5522,0x1df122223b8835ad5ddd5e358e41eece2959e7cb,2017-10-25T07:45:44.000Z,0.0007761,0x2ae9fa81da01b24179fd7a628bea93a1d9801370,buy,0xfca47962d45adfdfd1ab2d972315db4ce7ccf094,0xfb660419ea227b421282d12f238127581bc87317732dc910e1d1b03ae89b94c4
225,160,0.124176,0x3dd2734c1ab467067d264b7905e39599c471506e,2017-10-25T07:44:09.000Z,0.0007761,0x2ae9fa81da01b24179fd7a628bea93a1d9801370,buy,0xfca47962d45adfdfd1ab2d972315db4ce7ccf094,0xa802d3aa8e5288334b85b75bea3c394186c39e52a736e377297baf29391738e3
226,0.00144713,0.000001123122613422,0xb36a9525d266a2c49bfb26130c0da2fce49252f9,2017-10-25T07:42:42.000Z,0.0007761034692266763,0x2ae9fa81da01b24179fd7a628bea93a1d9801370,buy,0xfca47962d45adfdfd1ab2d972315db4ce7ccf094,0x4e77b8a4910b3afa29f549c2c0000e866a48a62bcf2021097cb1bf9ebd5f91b9
227,500,0.38805,0x3dd2734c1ab467067d264b7905e39599c471506e,2017-10-25T07:42:40.000Z,0.0007761,0x2ae9fa81da01b24179fd7a628bea93a1d9801370,buy,0xfca47962d45adfdfd1ab2d972315db4ce7ccf094,0xcc364eb349fd6b708c69602fe5ef67d69056e3587a7afd9830a10fb74f9fda5d
228,5500,4.26855,0x3dd2734c1ab467067d264b7905e39599c471506e,2017-10-25T07:41:35.000Z,0.0007761,0x2ae9fa81da01b24179fd7a628bea93a1d9801370,buy,0xfca47962d45adfdfd1ab2d972315db4ce7ccf094,0x3d40c70ca9925b6278cfa9441ac889eecf465ab8db9088756c146071cbd9e62b
229,3100,2.387,0x3dd2734c1ab467067d264b7905e39599c471506e,2017-10-25T07:40:08.000Z,0.00077,0x0f1b76410215ed963ea2c3d3eaddd4a56350b422,buy,0xfca47962d45adfdfd1ab2d972315db4ce7ccf094,0x9eebe7066b5f9bebb68a0f33f5d3f62172f93a8b3edecb5246f52d9af9902c48
230,1900,1.463,0x77a81df1ca05c33687dbf8fb82ff2cae1a8a8a5d,2017-10-25T07:38:23.000Z,0.00077,0x0f1b76410215ed963ea2c3d3eaddd4a56350b422,buy,0xfca47962d45adfdfd1ab2d972315db4ce7ccf094,0x73fbc253b6c0e5d21eb468f3cfede8414d7879cadcfe1c3fc901ef0817306324
231,700,0.52045,0x77a81df1ca05c33687dbf8fb82ff2cae1a8a8a5d,2017-10-25T07:36:49.000Z,0.0007435,0xc81d30440c361135cc53b17834418bfb5a293bbf,buy,0xfca47962d45adfdfd1ab2d972315db4ce7ccf094,0x49c9ce8f7e0a72ed21172d1d310cd31e220d76357c42fe12e057ef2b25108cca
232,800,0.592,0x77a81df1ca05c33687dbf8fb82ff2cae1a8a8a5d,2017-10-25T07:36:44.000Z,0.00074,0xc81d30440c361135cc53b17834418bfb5a293bbf,buy,0xfca47962d45adfdfd1ab2d972315db4ce7ccf094,0xb23afbeef944aebc3e458c33bc7333e2b3f142174a9bacd2479d8c96b9ecdc1c
233,500,0.37125,0x77a81df1ca05c33687dbf8fb82ff2cae1a8a8a5d,2017-10-25T07:36:44.000Z,0.0007425,0xc81d30440c361135cc53b17834418bfb5a293bbf,buy,0xfca47962d45adfdfd1ab2d972315db4ce7ccf094,0x560bd42fe1ec521a097d5812fbca9ceeae2957860452f4c04250aa0a5c758e07
234,2110.67177117,1.5196836752428156,0x00d877fda81126c2828ed22c2ad11bcf1790c01f,2017-10-25T07:34:14.000Z,0.0007200000000001968,0x0f1b76410215ed963ea2c3d3eaddd4a56350b422,buy,0xfca47962d45adfdfd1ab2d972315db4ce7ccf094,0xd4b3255d4bd621cb34c91de45eb476eef3202f4db880407c4890c437ac91fe40
235,486.51,0.3502872,0x00d877fda81126c2828ed22c2ad11bcf1790c01f,2017-10-25T07:33:11.000Z,0.00072,0x28703a76ef928496df603fcc08f15c83515dcfb0,buy,0xfca47962d45adfdfd1ab2d972315db4ce7ccf094,0xa4acf49894d1bca80703d313a0703959eebc257705d5a5c886571b8cce3f6fd3
236,13.43983786,0.009676683264063781,0xb36a9525d266a2c49bfb26130c0da2fce49252f9,2017-10-25T07:27:22.000Z,0.0007200000003618929,0x28703a76ef928496df603fcc08f15c83515dcfb0,buy,0xfca47962d45adfdfd1ab2d972315db4ce7ccf094,0x917b7f06fcf2b9097c4603b7e6a8eb05cfae2872674197086edd847bbc5ad8de
237,450.286,0.29718876,0x23f2030563a7bbb9369eea4447eb1475f51b6bdf,2017-10-25T07:24:50.000Z,0.00066,0x0f1b76410215ed963ea2c3d3eaddd4a56350b422,buy,0xfca47962d45adfdfd1ab2d972315db4ce7ccf094,0x453f4a5b05416ead1323863910f33af62a21012a253d8bff27c63891a763695b
238,1000,0.679999,0x23f2030563a7bbb9369eea4447eb1475f51b6bdf,2017-10-25T07:24:30.000Z,0.000679999,0x7085da1bbc934455ae03766d43c22d67b75c6088,buy,0xfca47962d45adfdfd1ab2d972315db4ce7ccf094,0xfca390b59531e049b926522f4876d426be6f82cf1761fb1ea5e55f1da430d1ac
239,5000,3.4,0x23f2030563a7bbb9369eea4447eb1475f51b6bdf,2017-10-25T07:24:30.000Z,0.00068,0x0f1b76410215ed963ea2c3d3eaddd4a56350b422,buy,0xfca47962d45adfdfd1ab2d972315db4ce7ccf094,0x55c58290019d20f745d8c683571843b68ec31805a35521d9c991797749924b75
240,3000,1.98,0x47b64c800161cc82d81ca055a90ee5c5550ef11d,2017-10-25T07:16:05.000Z,0.00066,0x0f1b76410215ed963ea2c3d3eaddd4a56350b422,buy,0xfca47962d45adfdfd1ab2d972315db4ce7ccf094,0xe4014dc59ff0e88d1ecec6b231c34c583c40f6c8b1c8c5524d6531ff23837bc0
241,318.41443645,0.2101535280630047,0x00d877fda81126c2828ed22c2ad11bcf1790c01f,2017-10-25T07:15:29.000Z,0.0006600000000188581,0x0f1b76410215ed963ea2c3d3eaddd4a56350b422,buy,0xfca47962d45adfdfd1ab2d972315db4ce7ccf094,0x71737a0869491e4276aec21e61da48543ded396565b8d4fd219f515b9a5ac05c
242,1000,0.66,0x47b64c800161cc82d81ca055a90ee5c5550ef11d,2017-10-25T07:00:55.000Z,0.00066,0x0f1b76410215ed963ea2c3d3eaddd4a56350b422,buy,0xfca47962d45adfdfd1ab2d972315db4ce7ccf094,0x2cba1369887128d725f6e9d666a191fc72b846c2f180523e95989ba892679ecc
243,2000,1.32,0x47b64c800161cc82d81ca055a90ee5c5550ef11d,2017-10-25T06:57:15.000Z,0.00066,0x0f1b76410215ed963ea2c3d3eaddd4a56350b422,buy,0xfca47962d45adfdfd1ab2d972315db4ce7ccf094,0x9e681555972bd551777de99deb7875b289c8cbb5c46bcc08ff86ed9c5dbef07a
244,3000,1.98,0x016760fda8ac182ab9c3a4aef580a85cb1f089a4,2017-10-25T06:55:38.000Z,0.00066,0x0f1b76410215ed963ea2c3d3eaddd4a56350b422,buy,0xfca47962d45adfdfd1ab2d972315db4ce7ccf094,0x3fffb297255f45eb19c4623bd563fc3eaa3ed4234eaa4b0af787c85ad6e3ee5c
245,40.28511613,0.02356679293605,0x547269c54497404c144bfb5063ca41d51b7b5a88,2017-10-25T06:43:50.000Z,0.000585,0x6fa885614fa21113115f541955a249999bb6d228,sell,0xfca47962d45adfdfd1ab2d972315db4ce7ccf094,0x6dae0a9f274a90621f9846a0e177dad1de253717a9d9d7eec3ed7cb68f5875cb
246,1261.53769636,0.69510727069436,0x547269c54497404c144bfb5063ca41d51b7b5a88,2017-10-25T02:54:20.000Z,0.000551,0xfc51a19bea9693d8c23bf3cf61bc46f4a125b22c,sell,0xfca47962d45adfdfd1ab2d972315db4ce7ccf094,0xfa680b8d543e1bfd30f9227236547fef54d7e9e74f683b888cc47d38b091d827
247,2564.54551928,1.538727311568,0x40c37b7084ada562c47b36ab631bf5a86d801707,2017-10-25T02:48:46.000Z,0.0006,0xfc51a19bea9693d8c23bf3cf61bc46f4a125b22c,sell,0xfca47962d45adfdfd1ab2d972315db4ce7ccf094,0x7a7ac4982eda42c9989ce74dec3e25cdf2f55fb97b0c5dcc3643643d2f03c366
248,3304,1.9824,0x9778550d76b07ac9f5e57392f68ecdf6efc1774e,2017-10-25T01:45:56.000Z,0.0006,0x10c3406b5b684048c07fc3ecadf29a61bf6d9d89,buy,0xfca47962d45adfdfd1ab2d972315db4ce7ccf094,0x7ae5d75a1bdd77d1daa53f5e19e9dc0f0ba3f6577aa9e95d34f893ffbfff88cd
249,29.91,0.0194415,0xe3d0a0d0fcdab0f65f97c5e29b3d413e827ca3ce,2017-10-25T01:44:00.000Z,0.00065,0x273a5d3e6721b9f5c1a6474f560c1334c63dda01,sell,0xfca47962d45adfdfd1ab2d972315db4ce7ccf094,0xffae33c20c40bf5522954b575b59bf74bc6f85da8ba82843e10f346449f39d8c
250,30,0.018,0x273a5d3e6721b9f5c1a6474f560c1334c63dda01,2017-10-25T01:44:00.000Z,0.0006,0x10c3406b5b684048c07fc3ecadf29a61bf6d9d89,buy,0xfca47962d45adfdfd1ab2d972315db4ce7ccf094,0xffae33c20c40bf5522954b575b59bf74bc6f85da8ba82843e10f346449f39d8c
251,1666,0.9996,0xf732b16f5aee6cd2db5b30a7a3860764a48b19ff,2017-10-25T01:42:35.000Z,0.0006,0x10c3406b5b684048c07fc3ecadf29a61bf6d9d89,buy,0xfca47962d45adfdfd1ab2d972315db4ce7ccf094,0x6179b9386935a9aaf743234f1f7bbdaf3fe76e9c1426992e37022cf0ed0bf505
252,0.55011838,0.000330071028,0x40c37b7084ada562c47b36ab631bf5a86d801707,2017-10-25T00:40:24.000Z,0.0006,0xc87182f6ddca9d4a898f111059d3f3ef8e709e0e,sell,0xfca47962d45adfdfd1ab2d972315db4ce7ccf094,0x56e5ddf3d970fc97765b73e97d32b98ff57785ebd92737f527bdf28a5d163b24
253,5518.23736234,3.310942417404,0x40c37b7084ada562c47b36ab631bf5a86d801707,2017-10-25T00:39:58.000Z,0.0006,0xc87182f6ddca9d4a898f111059d3f3ef8e709e0e,sell,0xfca47962d45adfdfd1ab2d972315db4ce7ccf094,0x11610fefb0b230926582369ccfc831349551315bbf9f21f1e6fd1a6f6b182fb4
254,231.29930171,0.1526575391337598,0x385a48789c132e8a748b1baa8b4d28842490d580,2017-10-24T23:53:12.000Z,0.0006600000000223078,0x0f1b76410215ed963ea2c3d3eaddd4a56350b422,buy,0xfca47962d45adfdfd1ab2d972315db4ce7ccf094,0xe16914f253bd33a2ec6e1be24e72f6793cbf8215a86e28631cc5f6e3af87493d
255,1268,0.7608,0x40c37b7084ada562c47b36ab631bf5a86d801707,2017-10-24T22:02:12.000Z,0.0006,0xcd8a6ce137326988bc1543df83c6704c2406dffb,buy,0xfca47962d45adfdfd1ab2d972315db4ce7ccf094,0x2cec19907290e1103868e0d47c282df9f45131c7999e772349306b628add2368
256,651.99,0.38988936801,0x40c37b7084ada562c47b36ab631bf5a86d801707,2017-10-24T22:02:01.000Z,0.000597999,0x03174ab3010e35565f6b7bdcc380684b90f2bd86,buy,0xfca47962d45adfdfd1ab2d972315db4ce7ccf094,0x1b1418313567c8a5b959273d9460f297a4e2ca603f73c6a20ffd2bfc30353bae
257,1,0.000597999,0x0b773d7819259d78757b26dc4148812d35676d8f,2017-10-24T18:07:15.000Z,0.000597999,0x03174ab3010e35565f6b7bdcc380684b90f2bd86,buy,0xfca47962d45adfdfd1ab2d972315db4ce7ccf094,0xf3e84094424661904d6dcd9ae96bb5aaa41bbb0dd22c0ac20f2751f98c5b5c05
258,2500,1.3175,0x547269c54497404c144bfb5063ca41d51b7b5a88,2017-10-24T17:16:16.000Z,0.000527,0xa10af358d01eca18a446ba768585d23ff055a89e,sell,0xfca47962d45adfdfd1ab2d972315db4ce7ccf094,0x890d510ee5580fdb8c8b3d27bb250e9a3b5fb99e9674f7f07ab2f6964daf64f4
259,803.539,0.434715402539,0x3dee4a4e076e8d82859d241db0baf46f112cfa23,2017-10-24T17:15:27.000Z,0.000541001,0xa10af358d01eca18a446ba768585d23ff055a89e,sell,0xfca47962d45adfdfd1ab2d972315db4ce7ccf094,0x8f21490a44ff9420adfbf51cd3e32b1ecca9692875c1932f084d6f27c26ab862
260,1000,0.55,0x7085da1bbc934455ae03766d43c22d67b75c6088,2017-10-24T17:15:27.000Z,0.00055,0xa10af358d01eca18a446ba768585d23ff055a89e,sell,0xfca47962d45adfdfd1ab2d972315db4ce7ccf094,0xbb93dcc9cdc7804e72632a10e424c945e088654020c2912562880e7012475122
261,496.46097098,0.268585881761151,0x3dee4a4e076e8d82859d241db0baf46f112cfa23,2017-10-24T14:50:19.000Z,0.000541001,0xe04dee69b3c494b9c2fb803263e32129c62bd1fc,sell,0xfca47962d45adfdfd1ab2d972315db4ce7ccf094,0x5b96749067f7bdd4607638b86c256172dc19c353f9e8055819f48f14fceac398
262,1150,0.7245,0x4ddb43d2fd9120f7b1a261a130e0d72c4ec51e1a,2017-10-24T10:08:31.000Z,0.00063,0x03174ab3010e35565f6b7bdcc380684b90f2bd86,buy,0xfca47962d45adfdfd1ab2d972315db4ce7ccf094,0x31c1ac9672f3c4f78eee3c5787e839de8c9503a1cfbf1e8803721e7937b5223b
263,500,0.27105,0x9ba6f2851c8afe6be654fbd4c3dc7e9e64cffe53,2017-10-24T10:08:12.000Z,0.0005421,0x0bf03fbf804686dd3735635a5a5e47bfbfc379fe,sell,0xfca47962d45adfdfd1ab2d972315db4ce7ccf094,0xeac0bb556886fb51ce5c8da9ac8c4a70f5faf49e2a7a473e90a7ef5fa967c450
264,100,0.05411,0x03f04eb1539e84e5eae377e154c7ef494e813709,2017-10-24T10:08:12.000Z,0.0005411,0x0bf03fbf804686dd3735635a5a5e47bfbfc379fe,sell,0xfca47962d45adfdfd1ab2d972315db4ce7ccf094,0xceb3b5c81631be0055f2ce98dc04560dd43a89505660ac4532cca407ec246fec
265,1300,0.7085013,0x3dee4a4e076e8d82859d241db0baf46f112cfa23,2017-10-24T10:08:12.000Z,0.000545001,0x0bf03fbf804686dd3735635a5a5e47bfbfc379fe,sell,0xfca47962d45adfdfd1ab2d972315db4ce7ccf094,0xd60a82a1f85d615d865e4337d69c0d0e95f306209fff700bc5d72086446fc7be
266,2000,1.09,0x547269c54497404c144bfb5063ca41d51b7b5a88,2017-10-24T10:08:12.000Z,0.000545,0x0bf03fbf804686dd3735635a5a5e47bfbfc379fe,sell,0xfca47962d45adfdfd1ab2d972315db4ce7ccf094,0x1c47eb0489968ea4d55206d732a0dab1804c68dc664cf6610d9772feadaeddb1
267,100,0.05511,0x03f04eb1539e84e5eae377e154c7ef494e813709,2017-10-24T10:07:29.000Z,0.0005511,0x0bf03fbf804686dd3735635a5a5e47bfbfc379fe,sell,0xfca47962d45adfdfd1ab2d972315db4ce7ccf094,0x6e57da88c5949e710b8d12237edae0f7af5e462af8f4a3062e5b1c0a4cc52c2e
268,1096,0.689384,0x4ddb43d2fd9120f7b1a261a130e0d72c4ec51e1a,2017-10-24T10:05:51.000Z,0.000629,0x48f9b81f75b3e9166d1e58413699321cc1335a08,buy,0xfca47962d45adfdfd1ab2d972315db4ce7ccf094,0x3dcda4a9b903984d19422e89135dd7d58fbfa7adedb3264f9d354fe6f13dd248
269,0.16078556,0.0000868242024,0x547269c54497404c144bfb5063ca41d51b7b5a88,2017-10-24T07:43:01.000Z,0.00054,0x0bf03fbf804686dd3735635a5a5e47bfbfc379fe,sell,0xfca47962d45adfdfd1ab2d972315db4ce7ccf094,0xad7eba9bcc252b2a9ce1c60af7862f12e0d9c512fcd544348175452faf90fc56
270,17.83791828,0.00956112419808,0x03f04eb1539e84e5eae377e154c7ef494e813709,2017-10-24T01:28:47.000Z,0.000536,0xead54315b670d3a71d7a65b5a993e1838e697aca,sell,0xfca47962d45adfdfd1ab2d972315db4ce7ccf094,0xd299cd0e154d50cdcf5e4889955eded856ccca09014a2172d0b8841892ffa3ea
271,4300,2.3091,0x6f9fcac7ac5e87ec747d47e81a42e8ca6b73e95a,2017-10-24T01:26:53.000Z,0.000537,0xead54315b670d3a71d7a65b5a993e1838e697aca,sell,0xfca47962d45adfdfd1ab2d972315db4ce7ccf094,0xe1bef4fe3279f956416fc3e66c4c18fda319734c74464ab2b38077aea0a88902
272,100,0.0551,0x9ba6f2851c8afe6be654fbd4c3dc7e9e64cffe53,2017-10-24T01:26:35.000Z,0.000551,0xead54315b670d3a71d7a65b5a993e1838e697aca,sell,0xfca47962d45adfdfd1ab2d972315db4ce7ccf094,0xfae2953e774791d504ffaceb5d8dd2833e1147237d2f580d44ab4ac48c90b3f7
273,2500,1.3425275,0x3dee4a4e076e8d82859d241db0baf46f112cfa23,2017-10-24T01:25:12.000Z,0.000537011,0xead54315b670d3a71d7a65b5a993e1838e697aca,sell,0xfca47962d45adfdfd1ab2d972315db4ce7ccf094,0x58e34e11ba8b553d5111ff6446777d1c5a004c9e2185da50f0d11c1f7e4764b0
274,100,0.0542,0x03f04eb1539e84e5eae377e154c7ef494e813709,2017-10-24T01:25:12.000Z,0.000542,0xead54315b670d3a71d7a65b5a993e1838e697aca,sell,0xfca47962d45adfdfd1ab2d972315db4ce7ccf094,0x43264a70159a55f8472ac26c69c1a96e8b8daebec2dd1272753cd1162e889fb5
275,100,0.0552,0x03f04eb1539e84e5eae377e154c7ef494e813709,2017-10-24T01:24:38.000Z,0.000552,0xead54315b670d3a71d7a65b5a993e1838e697aca,sell,0xfca47962d45adfdfd1ab2d972315db4ce7ccf094,0x7a6a2a22659fb53563f127ae7ea1299405c315db43aa71e2604745a9b57313af
276,100,0.0561,0x9ba6f2851c8afe6be654fbd4c3dc7e9e64cffe53,2017-10-24T01:24:28.000Z,0.000561,0xead54315b670d3a71d7a65b5a993e1838e697aca,sell,0xfca47962d45adfdfd1ab2d972315db4ce7ccf094,0x48bd5505b43c3281d15a38e4c241e42a89f525738fd8c0df02ea3b7e27b65e5c
277,99.17256505,0.0557349815581,0x03f04eb1539e84e5eae377e154c7ef494e813709,2017-10-24T01:24:25.000Z,0.000562,0xead54315b670d3a71d7a65b5a993e1838e697aca,sell,0xfca47962d45adfdfd1ab2d972315db4ce7ccf094,0x394310a56b3fd2560bf5d2c08f0ee0583a7976d70313cbd0ead866593770c755
278,16.9857442,0.0095460052261442,0x50f11b25483250bd8b13bf26595ad5bf3afa91d9,2017-10-24T01:23:42.000Z,0.000562001,0xead54315b670d3a71d7a65b5a993e1838e697aca,sell,0xfca47962d45adfdfd1ab2d972315db4ce7ccf094,0xe1efaf23d9663a453c36baeee73ded19c90d9611fee3329b5024119f07503514
279,1.99381916,0.00112052836173916,0x50f11b25483250bd8b13bf26595ad5bf3afa91d9,2017-10-23T23:42:30.000Z,0.000562001,0x229f58d5ff796eb6b9b4cfbadf74b18037389e64,sell,0xfca47962d45adfdfd1ab2d972315db4ce7ccf094,0x731492c5caaf98e2804cf6446850651745fe3e68b6cc69baee12fa666623c476
280,0.82743495,0.0004650184419,0x03f04eb1539e84e5eae377e154c7ef494e813709,2017-10-23T22:36:23.000Z,0.000562,0x03174ab3010e35565f6b7bdcc380684b90f2bd86,sell,0xfca47962d45adfdfd1ab2d972315db4ce7ccf094,0xb91b2856e4818019100364fb765769cd7fc882cbe812e49c97c134c1e7bde61f
281,445.02043664,0.2389826497822296,0x50f11b25483250bd8b13bf26595ad5bf3afa91d9,2017-10-23T21:45:20.000Z,0.000537015,0x1cfb66cb98eecdeb6df0526f075ab5f54026844e,sell,0xfca47962d45adfdfd1ab2d972315db4ce7ccf094,0x1c78c68667c9fe80ecebd9c344cc51f34a66910a5c6dee79e74b6fcac2cf10fc
282,200,0.1082,0x9ba6f2851c8afe6be654fbd4c3dc7e9e64cffe53,2017-10-23T21:44:24.000Z,0.000541,0x1cfb66cb98eecdeb6df0526f075ab5f54026844e,sell,0xfca47962d45adfdfd1ab2d972315db4ce7ccf094,0xe23dcb03e8a83485d280af39de866f71ea1713e980aa8a0921284d6ddedddf61
283,3951,2.29158,0xb4ace0b3f4de9f59f0987bf9ce21f7d059d80425,2017-10-23T21:42:48.000Z,0.00058,0xa10af358d01eca18a446ba768585d23ff055a89e,sell,0xfca47962d45adfdfd1ab2d972315db4ce7ccf094,0xbf6eaa5933ba164abdae5006379c07e782f8338cfe8dff44fb84193a0c9ff935
284,1350,0.9855,0x624091038337315d1984c3e2f01e3297818adf8f,2017-10-23T21:29:21.000Z,0.00073,0xb4ace0b3f4de9f59f0987bf9ce21f7d059d80425,sell,0xfca47962d45adfdfd1ab2d972315db4ce7ccf094,0x827cd71c003cd8c285ceca75de8a9b9b78914bfc4e93e449c72aea929cc4657d
285,1738.34255265,1.2689900634361502,0xaeb1aa0266af6e166b5a6eabb2c8278fd55a7eb5,2017-10-23T21:08:13.000Z,0.0007300000000009492,0xb4ace0b3f4de9f59f0987bf9ce21f7d059d80425,buy,0xfca47962d45adfdfd1ab2d972315db4ce7ccf094,0xb6890e04fc11815ae33ef145c69a3126dee60e0a3be5e3f9ba196277aa1ee942
286,50,0.0365,0x0eafd90631f121fc3504a100512bc4577176cb2f,2017-10-23T20:56:46.000Z,0.00073,0xb4ace0b3f4de9f59f0987bf9ce21f7d059d80425,buy,0xfca47962d45adfdfd1ab2d972315db4ce7ccf094,0xeb0508b8f768711a0536e95d4fac7067dae4ce48883a046d8ee5138e2eae721d
287,1000,0.679999,0xfc4d4dd4057d7e5c84ae3f09f32a8fd58171a6ec,2017-10-23T17:14:12.000Z,0.000679999,0x7085da1bbc934455ae03766d43c22d67b75c6088,buy,0xfca47962d45adfdfd1ab2d972315db4ce7ccf094,0xe4b7d769c5b0411be4b802a9fc78ff0ff62076baf86f4098c8d701d48658d5b6
288,5100,3.264,0xfc4d4dd4057d7e5c84ae3f09f32a8fd58171a6ec,2017-10-23T17:13:42.000Z,0.00064,0x0f1b76410215ed963ea2c3d3eaddd4a56350b422,buy,0xfca47962d45adfdfd1ab2d972315db4ce7ccf094,0xca6a5ebbe62a380fe02637d30015c8ed8786a83ebb75aeaea7da906690da3d34
289,1000,0.64,0xf9ac154b1c43a57228d8dd18175ce5c0386a3e8c,2017-10-23T17:10:23.000Z,0.00064,0x0f1b76410215ed963ea2c3d3eaddd4a56350b422,buy,0xfca47962d45adfdfd1ab2d972315db4ce7ccf094,0x7c341d6e1fdb438471cc1352226e43f9ba5b4234376697c6de2e4d46de664b2b
290,900,0.576,0xf9ac154b1c43a57228d8dd18175ce5c0386a3e8c,2017-10-23T17:04:30.000Z,0.00064,0x0f1b76410215ed963ea2c3d3eaddd4a56350b422,buy,0xfca47962d45adfdfd1ab2d972315db4ce7ccf094,0xc694977f939a8b9b33d911d668ec4667a090f23a62612cc4705117c2123971e2
291,5278,3.11402,0xf9ac154b1c43a57228d8dd18175ce5c0386a3e8c,2017-10-23T16:51:17.000Z,0.00059,0xcb4032f066053ff1832fb6fe2a0f1c005d2f01a9,buy,0xfca47962d45adfdfd1ab2d972315db4ce7ccf094,0x28a585591e526ab50f326a1e71b2cc4795d135296999926012c81ccd51975c1b
292,3000,1.71,0xf9ac154b1c43a57228d8dd18175ce5c0386a3e8c,2017-10-23T16:40:44.000Z,0.00057,0x6505b1519aab87ce0df1ca13930f693e71dae6bd,buy,0xfca47962d45adfdfd1ab2d972315db4ce7ccf094,0x304c9a4accb6d13fe2840f8bb878dd7f8dfb8532dbfc06a5c4bfab5adf368a1d
293,1000,0.57,0xf9ac154b1c43a57228d8dd18175ce5c0386a3e8c,2017-10-23T16:31:04.000Z,0.00057,0x6505b1519aab87ce0df1ca13930f693e71dae6bd,buy,0xfca47962d45adfdfd1ab2d972315db4ce7ccf094,0xf425e81339c83c12d0405cf598fb787538814edb008f1c60fcf2a621e7c20013
294,120,0.0708,0x03f04eb1539e84e5eae377e154c7ef494e813709,2017-10-23T15:40:38.000Z,0.00059,0xcb4032f066053ff1832fb6fe2a0f1c005d2f01a9,buy,0xfca47962d45adfdfd1ab2d972315db4ce7ccf094,0x19c1041fde894d6f79deeebf6a79559958a2a355782ff60aa8f976babfa191bd
295,619.048,0.35904784,0x9ba6f2851c8afe6be654fbd4c3dc7e9e64cffe53,2017-10-23T12:16:41.000Z,0.00058,0x63a2fdcee7c4bc6e53873194ab07c0d7099d8d59,buy,0xfca47962d45adfdfd1ab2d972315db4ce7ccf094,0xa66f6794ffba05a9054f66f9f1d1e17cbefb79ee00609a97a56dd01e5155426d
296,1724.88418803,0.90556419871575,0x547269c54497404c144bfb5063ca41d51b7b5a88,2017-10-23T11:13:04.000Z,0.000525,0x6aec0d2b07bfba9802b91671b14b2d43d8c3bf12,sell,0xfca47962d45adfdfd1ab2d972315db4ce7ccf094,0xf312233a35c438fbe14f415ff0c00edec1e4aa9116c84389dd3076c63b0c097e
297,2000,1.08,0x547269c54497404c144bfb5063ca41d51b7b5a88,2017-10-23T11:11:08.000Z,0.00054,0x6aec0d2b07bfba9802b91671b14b2d43d8c3bf12,sell,0xfca47962d45adfdfd1ab2d972315db4ce7ccf094,0xa02942c2f8e3b7598dd7a8406b860b6767412c6d2a5b6550ce8b1375794e483d
298,2500,1.3025,0xe497d06738e3e087a99a3758e247ed0fde44e02c,2017-10-23T11:11:08.000Z,0.000521,0x6aec0d2b07bfba9802b91671b14b2d43d8c3bf12,sell,0xfca47962d45adfdfd1ab2d972315db4ce7ccf094,0xcdcacfc72c3f557c7381c7fe2476ac25afc7608423a223d9c602775e2ab66310
299,1999.99462132,1.08199709013412,0xe497d06738e3e087a99a3758e247ed0fde44e02c,2017-10-23T11:11:08.000Z,0.000541,0x6aec0d2b07bfba9802b91671b14b2d43d8c3bf12,sell,0xfca47962d45adfdfd1ab2d972315db4ce7ccf094,0x92dde50252b6e3c4ff4441c571240073f858e1d4297187205977bc34eb1891ae
300,0.00537868,0.00000290986588,0xe497d06738e3e087a99a3758e247ed0fde44e02c,2017-10-23T10:18:40.000Z,0.000541,0xc908f66d119946b2fa0a34a0ca4b9a2724085ed4,sell,0xfca47962d45adfdfd1ab2d972315db4ce7ccf094,0x8db7d01588092794cbeaff5ae96a2f4e04ac049acbf44c288485a14030f4ae43
301,53.95347865,0.02918883194965,0xe497d06738e3e087a99a3758e247ed0fde44e02c,2017-10-23T07:54:36.000Z,0.000541,0xc908f66d119946b2fa0a34a0ca4b9a2724085ed4,sell,0xfca47962d45adfdfd1ab2d972315db4ce7ccf094,0x7ccfc98d9b4abfd0d9fe7c496e158170e6102f4520f5905c950f75f8b3338cd5
302,53.95347865,0.02918883194965,0xe497d06738e3e087a99a3758e247ed0fde44e02c,2017-10-23T07:53:48.000Z,0.000541,0xc908f66d119946b2fa0a34a0ca4b9a2724085ed4,sell,0xfca47962d45adfdfd1ab2d972315db4ce7ccf094,0x7ccfc98d9b4abfd0d9fe7c496e158170e6102f4520f5905c950f75f8b3338cd5
303,4000,2.0844,0xf9ac154b1c43a57228d8dd18175ce5c0386a3e8c,2017-10-23T00:41:40.000Z,0.0005211,0xcb4032f066053ff1832fb6fe2a0f1c005d2f01a9,sell,0xfca47962d45adfdfd1ab2d972315db4ce7ccf094,0x7179453e08ab021094c3fa6b0b5010e414641916c623244682fcc41de8ae9014
304,335,0.21775,0x540e0299db8b33ec1bde2c466bcc6466c8c62acf,2017-10-22T19:48:11.000Z,0.00065,0xf9ac154b1c43a57228d8dd18175ce5c0386a3e8c,buy,0xfca47962d45adfdfd1ab2d972315db4ce7ccf094,0xb1262eb45c9fb483449929bf25dcf2e4a995a4d8f10c10d6017c3708dfde17ef
305,75,0.045,0x540e0299db8b33ec1bde2c466bcc6466c8c62acf,2017-10-22T19:47:13.000Z,0.0006,0xa5f282efd8db8c66dc5dcfb5ab3bfccb2637d783,buy,0xfca47962d45adfdfd1ab2d972315db4ce7ccf094,0x68c50a19c12aca087d1f52a911a5204d233e00c6ab3db24843d65e69144d5df5
306,90,0.054,0x540e0299db8b33ec1bde2c466bcc6466c8c62acf,2017-10-22T19:47:13.000Z,0.0006,0xaa911dae661856ee41569dfe997c21e40cc9189a,buy,0xfca47962d45adfdfd1ab2d972315db4ce7ccf094,0x6ef7d9106c5fdb03cb09a806a0d4b22b77d257ba18941946ab5ffa706a28fe25
307,1649.5,0.85955445,0x40039054689b6f6714a1a0c9da7f8330f1b25c0c,2017-10-22T18:56:17.000Z,0.0005211,0xe442ba2b539d7d8ac5e7ae5c28febb6977e9c36a,buy,0xfca47962d45adfdfd1ab2d972315db4ce7ccf094,0x03c66aed69d6d1f9cbe3a957d4b13644aec6ba7fc34a67cf7b64254fb1c92271
308,800,0.436,0xbd61062ceed7aafa874ebf6e2d26ebcb9a536d49,2017-10-22T18:14:16.000Z,0.000545,0xe442ba2b539d7d8ac5e7ae5c28febb6977e9c36a,sell,0xfca47962d45adfdfd1ab2d972315db4ce7ccf094,0xa9529dba1d2d9bef8bc9a974bac4002a1d9f49a59d086e2720022ffa0cde2f5e
309,103,0.056753103,0x5f2ce35dca6626c5c934fed00b0c1986156ee9ff,2017-10-22T11:09:31.000Z,0.000551001,0x4d517d272ce8d879d8891518e70153b49d2cdb96,sell,0xfca47962d45adfdfd1ab2d972315db4ce7ccf094,0x36517a1dd10e00605c59b97844373ae9bc1e19ce325eeca330f17bbb8ba8e272
310,4000,2,0x46dc6b56513ae75026900e7fd27aaf835cd0163a,2017-10-22T11:08:57.000Z,0.0005,0x4d517d272ce8d879d8891518e70153b49d2cdb96,sell,0xfca47962d45adfdfd1ab2d972315db4ce7ccf094,0x7557f4e88242a658f5c0fbe98765013b3cea193e8f6612c62fda77ba5915053e
311,3.652,0.0047476,0x760244165612588d09acd6f0bb261ee551ea4f3d,2017-10-22T09:05:16.000Z,0.0013,0xdbbae39c54992479faac890e81eb4d8579b951d6,buy,0xfca47962d45adfdfd1ab2d972315db4ce7ccf094,0x15b1d6e3c6ef6ff495c5e4ff4d303ad728ad675f9a237509613d2e7ef09b601e
312,85.44623475,0.04708087534725,0xe497d06738e3e087a99a3758e247ed0fde44e02c,2017-10-22T09:04:14.000Z,0.000551,0x760244165612588d09acd6f0bb261ee551ea4f3d,sell,0xfca47962d45adfdfd1ab2d972315db4ce7ccf094,0x2fd8ef0f869f326063aaef36e319150def1c84cf6325987d76dcdf9010422f13
313,0.20535964,0.00011315316164,0xe497d06738e3e087a99a3758e247ed0fde44e02c,2017-10-22T08:22:44.000Z,0.000551,0x64dcca9d2091012bd3e1e5235d703f72f4d65746,sell,0xfca47962d45adfdfd1ab2d972315db4ce7ccf094,0x23bdb1eb9e694f33d2046f3b551fe3add97f0d6b569e3738b78fc32450cc480f
314,1201.81976187,0.6941710944603611,0x547269c54497404c144bfb5063ca41d51b7b5a88,2017-10-22T06:00:34.000Z,0.0005776000000035355,0x2b2db73e653fc1e689a2604fb33ff96f2cc63a6b,buy,0xfca47962d45adfdfd1ab2d972315db4ce7ccf094,0xc4f74df1ed329632e8311df89f9a1ab75dc52a03191eef56257a564b103c3d6c
315,1250,0.6875,0xf732b16f5aee6cd2db5b30a7a3860764a48b19ff,2017-10-22T05:33:43.000Z,0.00055,0x43130148060f177c78825cbd5a0d0a18879b18bc,buy,0xfca47962d45adfdfd1ab2d972315db4ce7ccf094,0xa34e9421150eb20276b1f36c246dd1edb495fa49f52039a6c62e354c3391c3a3
316,708.158,0.354079,0xf9ac154b1c43a57228d8dd18175ce5c0386a3e8c,2017-10-22T05:08:18.000Z,0.0005,0x0f6503a0d970dd3b6ac80f5bf253a840f7a60605,buy,0xfca47962d45adfdfd1ab2d972315db4ce7ccf094,0x3d0b4e35c633e6beb6dac365d19febe7c2d50759d979682543b0bc75594c12f1
317,0.00983891,0.0000044779831083,0x0ce4b16411b408bc9f06d456175db3cc79b25299,2017-10-22T02:34:37.000Z,0.00045513,0xc4ad0b9174dbe86cbfb53a218074607cc261df6d,sell,0xfca47962d45adfdfd1ab2d972315db4ce7ccf094,0x75f77848cc3f130ec165c0591a4902837685e9ba65af3f3789402a033a75da2f
318,98.69404844,0.04491674707957684,0xf9ac154b1c43a57228d8dd18175ce5c0386a3e8c,2017-10-22T02:32:43.000Z,0.000455111,0xc4ad0b9174dbe86cbfb53a218074607cc261df6d,sell,0xfca47962d45adfdfd1ab2d972315db4ce7ccf094,0xf573a151ca7666c9c50b3c92c3ec400e655f79d8268ab3a28525e97d736ae680
319,2000,1,0xfb3c71bdf0af0efa63a57fd6030c57f3cbc846e1,2017-10-22T02:31:45.000Z,0.0005,0xc4ad0b9174dbe86cbfb53a218074607cc261df6d,sell,0xfca47962d45adfdfd1ab2d972315db4ce7ccf094,0x2e415bac33e921b63a2ff870280a0f8654f207855de546affa2a4a0721de230a
320,0.00019445,0.000000087599725,0x73255d98f7ac75beb5397febd37db3b3650d8156,2017-10-21T18:59:58.000Z,0.0004505,0xee90cace416ba8102d019b6598930813367167cb,sell,0xfca47962d45adfdfd1ab2d972315db4ce7ccf094,0x4a3887207ea576c473b0bf380a421d3175e5791e69880dbd4b0b2c5bd65c1fd0
321,1.95046957,0.000878686541285,0x73255d98f7ac75beb5397febd37db3b3650d8156,2017-10-21T18:59:17.000Z,0.0004505,0xee90cace416ba8102d019b6598930813367167cb,sell,0xfca47962d45adfdfd1ab2d972315db4ce7ccf094,0x102b2ab6d03a613575fb28b6b69a74373e639fbf4c0d43b6fc83f20778bc3d90
322,19565.16020923,8.814104674258115,0x73255d98f7ac75beb5397febd37db3b3650d8156,2017-10-21T18:58:08.000Z,0.0004505,0xee90cace416ba8102d019b6598930813367167cb,sell,0xfca47962d45adfdfd1ab2d972315db4ce7ccf094,0x90b9b71280350af77123d01ab9b4e28c93b733a7253e3aa7753c80477badb1ba
323,491.81891107,0.23656489622467,0x43130148060f177c78825cbd5a0d0a18879b18bc,2017-10-21T18:55:17.000Z,0.000481,0xee90cace416ba8102d019b6598930813367167cb,sell,0xfca47962d45adfdfd1ab2d972315db4ce7ccf094,0x188ff419f339a62a8520871adbf5dd44a2bc18543c94bfa255361888d3ee12da
324,491,0.27005,0xa887bc2260aa30bb25a695c7ec22816f21531d75,2017-10-21T17:45:44.000Z,0.00055,0x5078c06792ed93b3dd142f44670b5d766e99ee22,buy,0xfca47962d45adfdfd1ab2d972315db4ce7ccf094,0xde256831a65530a036890fe19d64186c97dbf6f57c5f58ddd65bbd0f4ba7a6cd
325,758.18108893,0.36468510377533,0x43130148060f177c78825cbd5a0d0a18879b18bc,2017-10-21T17:05:23.000Z,0.000481,0x4ad64328076e1220333a82a4e602b1aaddd215e3,sell,0xfca47962d45adfdfd1ab2d972315db4ce7ccf094,0xebccdd49d1e5034901fc5afbbf3653cc58b7a281f77e60bc81462c39542c39c5
326,236.214,0.11928807,0x547269c54497404c144bfb5063ca41d51b7b5a88,2017-10-21T17:03:37.000Z,0.000505,0x4ad64328076e1220333a82a4e602b1aaddd215e3,sell,0xfca47962d45adfdfd1ab2d972315db4ce7ccf094,0x50deabf9e2e56f596b4d29b2ff4b7332e1f0dc6dd40559f9234d48a4428ecb0d
327,50,0.02888,0xefbf0404abeec650f4536c8535476098efd36493,2017-10-21T16:49:47.000Z,0.0005776,0x2b2db73e653fc1e689a2604fb33ff96f2cc63a6b,buy,0xfca47962d45adfdfd1ab2d972315db4ce7ccf094,0x37d814bfd052e3c2067dd993d422e823281e1bdbd40797b471f50cad863116fd
328,596.32704164,0.3011451560282,0x547269c54497404c144bfb5063ca41d51b7b5a88,2017-10-21T16:44:01.000Z,0.000505,0x73255d98f7ac75beb5397febd37db3b3650d8156,sell,0xfca47962d45adfdfd1ab2d972315db4ce7ccf094,0xec63a835f1f38393dded8687b40b0aae0973a106ec973b070af40c4b78d5e6e2
329,1467.45887747,0.74106673312235,0x547269c54497404c144bfb5063ca41d51b7b5a88,2017-10-21T16:37:20.000Z,0.000505,0xcb8171ca48f9179038e38d98f8cc13ac55f7cfe7,sell,0xfca47962d45adfdfd1ab2d972315db4ce7ccf094,0xeaf99155851b2d43e7aef45ef97d0b1806fb633321ab7a979b17d2a71f8b4471
330,58.56637247,0.03382793673997106,0x131ba2a1fddfaecf8a55f73bb1ff9b314626b94f,2017-10-21T15:21:11.000Z,0.0005776000000221809,0x2b2db73e653fc1e689a2604fb33ff96f2cc63a6b,buy,0xfca47962d45adfdfd1ab2d972315db4ce7ccf094,0x58adcf4c940db0ea58fa026053a5bffde5e1f037dfdc38648fe7030f3a6a35c6
331,688.61386565,0.3977433687996679,0x131ba2a1fddfaecf8a55f73bb1ff9b314626b94f,2017-10-21T15:10:01.000Z,0.000577600000000331,0x2b2db73e653fc1e689a2604fb33ff96f2cc63a6b,buy,0xfca47962d45adfdfd1ab2d972315db4ce7ccf094,0x578c567696c5efcf2a85ed9f372cbbaae7298777f8082ae7667af4e5279ea819
332,598.14574818,0.3110357890536,0x73255d98f7ac75beb5397febd37db3b3650d8156,2017-10-21T14:57:36.000Z,0.00052,0x765c80af38d7dd4efa8649c93d457ea6ccb842a7,sell,0xfca47962d45adfdfd1ab2d972315db4ce7ccf094,0xaae4583e3bf99250f008216ad11ba796fde60081572a32abc3bbce16ee2696d3
333,299.07287409,0.15312531153408,0xfc4d4dd4057d7e5c84ae3f09f32a8fd58171a6ec,2017-10-21T10:44:08.000Z,0.000512,0x73255d98f7ac75beb5397febd37db3b3650d8156,sell,0xfca47962d45adfdfd1ab2d972315db4ce7ccf094,0x8df6c1031ccc4302e240fe7c340a61323e846201b72fb7f58a1936a8fa621654
334,300,0.153,0x73255d98f7ac75beb5397febd37db3b3650d8156,2017-10-21T10:35:56.000Z,0.00051,0x3d9bf3fce665a1aa13e5d044be238f0b7fa78299,sell,0xfca47962d45adfdfd1ab2d972315db4ce7ccf094,0xecb01f0f442e86bad7cb2a9ba12b2c7b45f24be36e6f049871228b0c0e7c5fe9
335,1,0.0005776,0xb4c432a9559a4f1464d2bff9fcbbdc14f1c39dec,2017-10-21T09:47:47.000Z,0.0005776,0x2b2db73e653fc1e689a2604fb33ff96f2cc63a6b,buy,0xfca47962d45adfdfd1ab2d972315db4ce7ccf094,0x72d2d2f0f20ec641b3049895f5952ea48c4585e373e208bce8028af536276c47
336,666.25494517,0.289887526643467,0x43130148060f177c78825cbd5a0d0a18879b18bc,2017-10-21T08:41:21.000Z,0.0004351,0x876683cb7dd5efcc8130dc46e26e0c4f127c5caa,sell,0xfca47962d45adfdfd1ab2d972315db4ce7ccf094,0x58d78e14a96c5daa3a4ee3279fc2e0bf9a0cff5f9eee0637f12c8d8a3ef88eb8
337,1844.874,0.804365064,0x547269c54497404c144bfb5063ca41d51b7b5a88,2017-10-21T08:40:20.000Z,0.000436,0x876683cb7dd5efcc8130dc46e26e0c4f127c5caa,sell,0xfca47962d45adfdfd1ab2d972315db4ce7ccf094,0x66aa23f3c192566fc4d2c21a20b571fa9246205f2b411fcb429c9088ef94e4bb
338,177.563,0.077417468,0x547269c54497404c144bfb5063ca41d51b7b5a88,2017-10-21T08:34:53.000Z,0.000436,0x3d9bf3fce665a1aa13e5d044be238f0b7fa78299,sell,0xfca47962d45adfdfd1ab2d972315db4ce7ccf094,0xf97d5bd85643c3a1b6a698d618e404fc5b238d1e11313222d312440c092efcca
339,177.563,0.077417468,0x547269c54497404c144bfb5063ca41d51b7b5a88,2017-10-21T08:34:02.000Z,0.000436,0x3d9bf3fce665a1aa13e5d044be238f0b7fa78299,sell,0xfca47962d45adfdfd1ab2d972315db4ce7ccf094,0xc54f7d2bc76092f3bc9b207e3cb1253c2e49a03ef3ee35294bfd361f40bc2067
340,500,0.21755,0x43130148060f177c78825cbd5a0d0a18879b18bc,2017-10-21T08:23:31.000Z,0.0004351,0x3d9bf3fce665a1aa13e5d044be238f0b7fa78299,sell,0xfca47962d45adfdfd1ab2d972315db4ce7ccf094,0xd4ad4a9ec34b61c945b4e0011ff6d5f12690f54e04cdce2a1bbace671444bedd
341,0.00001326,0.00000000543661326,0x4b8173c54d6425aab704090add5cff71fd29a156,2017-10-21T05:17:37.000Z,0.000410001,0x297edbcf5b30e9b582bb5fb93b08cd6853e5d768,sell,0xfca47962d45adfdfd1ab2d972315db4ce7ccf094,0x6c204e4c5a77af46131ceb2a01b25dc4c942917b23295a231e7726902a031869
342,0.13298887,0.0000545254367,0xf9ac154b1c43a57228d8dd18175ce5c0386a3e8c,2017-10-21T05:15:14.000Z,0.00041,0x297edbcf5b30e9b582bb5fb93b08cd6853e5d768,sell,0xfca47962d45adfdfd1ab2d972315db4ce7ccf094,0x358319c497fdfcbdb95781b15042ec346699e9fc8c9f17ba9c043b4962e7bec6
343,1334.01130785,0.5469446362185,0xf9ac154b1c43a57228d8dd18175ce5c0386a3e8c,2017-10-21T05:10:34.000Z,0.00041,0x297edbcf5b30e9b582bb5fb93b08cd6853e5d768,sell,0xfca47962d45adfdfd1ab2d972315db4ce7ccf094,0x8d3db653c172efe755547d439b8947c9581331c117a6ce8aa8976d76dacaec71
344,2200,0.913,0x00d877fda81126c2828ed22c2ad11bcf1790c01f,2017-10-21T05:09:38.000Z,0.000415,0x297edbcf5b30e9b582bb5fb93b08cd6853e5d768,sell,0xfca47962d45adfdfd1ab2d972315db4ce7ccf094,0xc1cdaaa9bdb1561fbd5a5581436bc43b97f845b21b57447275ef8c5e4293a8e3
345,2500,1.0375025,0x3dee4a4e076e8d82859d241db0baf46f112cfa23,2017-10-21T05:09:21.000Z,0.000415001,0x297edbcf5b30e9b582bb5fb93b08cd6853e5d768,sell,0xfca47962d45adfdfd1ab2d972315db4ce7ccf094,0xd9bbcf1477e499bdcf1dc5b67ca285ce1ecef9bfa20f75a5d8c864edd15ee8f0
346,2012.73802816,1.056687464784,0x6505b1519aab87ce0df1ca13930f693e71dae6bd,2017-10-21T04:40:10.000Z,0.000525,0x297edbcf5b30e9b582bb5fb93b08cd6853e5d768,sell,0xfca47962d45adfdfd1ab2d972315db4ce7ccf094,0x33462642df2baac0a89dec068c35734d476945a71e410f7ebf07555bb14c5992
347,1560,0.81900156,0x3dee4a4e076e8d82859d241db0baf46f112cfa23,2017-10-21T04:38:52.000Z,0.000525001,0x297edbcf5b30e9b582bb5fb93b08cd6853e5d768,sell,0xfca47962d45adfdfd1ab2d972315db4ce7ccf094,0x0c74b5e5953e51ffd4cc1f8915fc835c05238554c04f1047619741678f2b13e4
348,1987.26197184,1.043312535216,0x6505b1519aab87ce0df1ca13930f693e71dae6bd,2017-10-21T04:36:42.000Z,0.000525,0x547269c54497404c144bfb5063ca41d51b7b5a88,sell,0xfca47962d45adfdfd1ab2d972315db4ce7ccf094,0xd62e4f9eaab54740fc0b119afc20deb5d920feac22c812d6e0632c6ed08dcef5
349,910,0.5005,0x560475b0c89aeed64bc7022c5f71f24efc5f2622,2017-10-21T04:00:23.000Z,0.00055,0x297edbcf5b30e9b582bb5fb93b08cd6853e5d768,buy,0xfca47962d45adfdfd1ab2d972315db4ce7ccf094,0xb30129c2ecc478a9308364c1c56921d5b150e1f0c82b8a91ee61b6e98467004a
350,226,0.11978,0x28703a76ef928496df603fcc08f15c83515dcfb0,2017-10-21T03:05:08.000Z,0.00053,0xf9ac154b1c43a57228d8dd18175ce5c0386a3e8c,sell,0xfca47962d45adfdfd1ab2d972315db4ce7ccf094,0x3daeb10be219cf361a0f848b77f418db2cd0c620bc4c6b29796fbeb82defc739
351,440,0.23100044,0x3dee4a4e076e8d82859d241db0baf46f112cfa23,2017-10-21T03:05:08.000Z,0.000525001,0xf9ac154b1c43a57228d8dd18175ce5c0386a3e8c,sell,0xfca47962d45adfdfd1ab2d972315db4ce7ccf094,0x3b90ebdbfb2d58f167aeedcb658c757f4a04fe65e7bf5cee7be723d683a7d9f8
352,670.01892931,0.335009464655,0xf9ac154b1c43a57228d8dd18175ce5c0386a3e8c,2017-10-20T23:38:04.000Z,0.0005,0xda347f7e0e270f3a05647450f0c79c973431c265,sell,0xfca47962d45adfdfd1ab2d972315db4ce7ccf094,0xe48270c09ec9d7407626425377e783ea17111c6ec315ffbcee1842f7ff4fa01a
353,2000,1.00002,0x3dee4a4e076e8d82859d241db0baf46f112cfa23,2017-10-20T23:37:00.000Z,0.00050001,0xda347f7e0e270f3a05647450f0c79c973431c265,sell,0xfca47962d45adfdfd1ab2d972315db4ce7ccf094,0x26fb290bd9a26de4ed7ce2121dabe852802c6e42ede8555f1824026d9792e835
354,2100,1.113,0xaf34a43c3b6e950f5e62660aaa637a220e36e460,2017-10-20T23:35:52.000Z,0.00053,0xda347f7e0e270f3a05647450f0c79c973431c265,sell,0xfca47962d45adfdfd1ab2d972315db4ce7ccf094,0x7e0c9f86d40c850dc5c4793be530ed427a20370ee733caeee7ab0604dc685744
355,2000,1.06002,0x3dee4a4e076e8d82859d241db0baf46f112cfa23,2017-10-20T23:35:44.000Z,0.00053001,0xda347f7e0e270f3a05647450f0c79c973431c265,sell,0xfca47962d45adfdfd1ab2d972315db4ce7ccf094,0x0b77dc7200dedfd7ed6c71400cc8acf9d8642986b09e9b3e68b8749b16fe1ea3
356,1700,0.969,0x1da251119e3a70bcb4aed858bd2acccff2155077,2017-10-20T23:35:25.000Z,0.00057,0xda347f7e0e270f3a05647450f0c79c973431c265,sell,0xfca47962d45adfdfd1ab2d972315db4ce7ccf094,0x8de8b8452dfdbb61fb6d9d5644258a453d5fbd44002bdd8562768f011670ab84
357,1500.004,0.8250022,0x49a94b3bc3c0d33c827966c50479eeca3091792b,2017-10-20T23:35:25.000Z,0.00055,0xda347f7e0e270f3a05647450f0c79c973431c265,sell,0xfca47962d45adfdfd1ab2d972315db4ce7ccf094,0x526aa0ac45b898fcdc88f5363d7a8ff2ce0d30340d4e92756d4f52cc01510706
358,400,0.212,0xaf34a43c3b6e950f5e62660aaa637a220e36e460,2017-10-20T23:00:42.000Z,0.00053,0x8dd7ae37bed525bc2554fdf8f68bc8dd415fd616,sell,0xfca47962d45adfdfd1ab2d972315db4ce7ccf094,0x9228d4421706c174f196a450d77e741ba406981dd3d49ecf00f5e97bbefe1fd1
359,258,0.1548,0x910e20a99438d62adce31a7585c1d574def33d3c,2017-10-20T22:28:27.000Z,0.0006,0xc87182f6ddca9d4a898f111059d3f3ef8e709e0e,sell,0xfca47962d45adfdfd1ab2d972315db4ce7ccf094,0x01ccf7c74f8edb252485d035660dd32beba77d56f8e56d2f48d92c2a75ad80f8
360,500,0.3,0xa70fef8e5fcf993459e4e9de1e199fc2fb22ccdf,2017-10-20T21:58:59.000Z,0.0006,0xc87182f6ddca9d4a898f111059d3f3ef8e709e0e,buy,0xfca47962d45adfdfd1ab2d972315db4ce7ccf094,0x11385a7d7daee6aff868e2f2ebd54c99a8dac9a437e20eb3cf89030b25171017
361,0.19245744,0.0000991175061744,0x3dee4a4e076e8d82859d241db0baf46f112cfa23,2017-10-20T18:28:24.000Z,0.00051501,0xab1580ee6c593d1ae69c8e80592160bcdb9f6c97,sell,0xfca47962d45adfdfd1ab2d972315db4ce7ccf094,0x394666b23c981dc02c4afa4c2cb29c80420c59d9e61e8fec5ce7cf41ae0f0ad2
362,1930.54054741,0.994247687321624,0x3dee4a4e076e8d82859d241db0baf46f112cfa23,2017-10-20T18:26:21.000Z,0.00051501,0xab1580ee6c593d1ae69c8e80592160bcdb9f6c97,sell,0xfca47962d45adfdfd1ab2d972315db4ce7ccf094,0x9fe138a483154892acd81c77d3a0d819dab947a55fa131c64ea34dff36d5fc25
363,0.74522312,0.000447133873024623,0xab1580ee6c593d1ae69c8e80592160bcdb9f6c97,2017-10-20T18:20:29.000Z,0.0006000000013749211,0xc87182f6ddca9d4a898f111059d3f3ef8e709e0e,buy,0xfca47962d45adfdfd1ab2d972315db4ce7ccf094,0xec44b4929e1489004e7e573c51ab3a434c14d597e3311c65087acbac844f0322
364,5000,2.5,0xf9ac154b1c43a57228d8dd18175ce5c0386a3e8c,2017-10-20T17:42:36.000Z,0.0005,0xc87182f6ddca9d4a898f111059d3f3ef8e709e0e,sell,0xfca47962d45adfdfd1ab2d972315db4ce7ccf094,0x1519601c902aa78640cf3368a0f918a0450f3dfc7123a27585ccb8c59f61934a
365,4500,2.3175,0xf9ac154b1c43a57228d8dd18175ce5c0386a3e8c,2017-10-20T17:42:36.000Z,0.000515,0xc87182f6ddca9d4a898f111059d3f3ef8e709e0e,sell,0xfca47962d45adfdfd1ab2d972315db4ce7ccf094,0x24518da4f6f3e6aa036f12acefb7e958b79a26aef51fb36c1abc7b5b6c2199a6
366,2000,1.03,0xd871d75f83a9d579cee33a6692f52dd88b9c0b9d,2017-10-20T17:26:04.000Z,0.000515,0xc87182f6ddca9d4a898f111059d3f3ef8e709e0e,sell,0xfca47962d45adfdfd1ab2d972315db4ce7ccf094,0x568ac3842a36f17f34ec82fd99adb0dd33c489776d198b7224b034a269d7e2d9
367,2000,1,0x3dee4a4e076e8d82859d241db0baf46f112cfa23,2017-10-20T17:25:32.000Z,0.0005,0xc87182f6ddca9d4a898f111059d3f3ef8e709e0e,sell,0xfca47962d45adfdfd1ab2d972315db4ce7ccf094,0x16eef0ef1df5477ac3ca506d6c4d332fca2009d8d49ea34791306c2269dac09e
368,2684.038,1.390331684,0xf9ac154b1c43a57228d8dd18175ce5c0386a3e8c,2017-10-20T17:25:21.000Z,0.000518,0xc87182f6ddca9d4a898f111059d3f3ef8e709e0e,sell,0xfca47962d45adfdfd1ab2d972315db4ce7ccf094,0xe4d9db80ad6ab3309485f459ed44092b9a0beff3ae38911bdd555fdf05bdf05b
369,2000,1.02,0xd871d75f83a9d579cee33a6692f52dd88b9c0b9d,2017-10-20T17:25:21.000Z,0.00051,0xc87182f6ddca9d4a898f111059d3f3ef8e709e0e,sell,0xfca47962d45adfdfd1ab2d972315db4ce7ccf094,0xf66d2a4ef2c6f94a90d7158bfebd0e924306ad7a41862575477e3761dbe0d55a
370,2000,1.04,0x6b748128ecccddc9e797890f7dcc1f6c9bee8eac,2017-10-20T17:25:17.000Z,0.00052,0xc87182f6ddca9d4a898f111059d3f3ef8e709e0e,sell,0xfca47962d45adfdfd1ab2d972315db4ce7ccf094,0x54f7b0dbab251e89aa50905a41c849fa7bf57ad6948a89e61af940c541cf73e0
371,1003.09,0.55175567304,0x3dee4a4e076e8d82859d241db0baf46f112cfa23,2017-10-20T17:24:17.000Z,0.000550056,0xc87182f6ddca9d4a898f111059d3f3ef8e709e0e,sell,0xfca47962d45adfdfd1ab2d972315db4ce7ccf094,0x6b30a637b1df6421b18f2da82a02fa2cdccb055b2ebfaf0c0092682d96afdcc5
372,900,0.495009,0x7085da1bbc934455ae03766d43c22d67b75c6088,2017-10-20T17:23:59.000Z,0.00055001,0xc87182f6ddca9d4a898f111059d3f3ef8e709e0e,sell,0xfca47962d45adfdfd1ab2d972315db4ce7ccf094,0x9f4481b4b843a630e0152def5e622de47eb877b123ce8eac46d58deb3c7588fb
373,1500,0.8251155,0xf9ac154b1c43a57228d8dd18175ce5c0386a3e8c,2017-10-20T17:23:39.000Z,0.000550077,0xc87182f6ddca9d4a898f111059d3f3ef8e709e0e,sell,0xfca47962d45adfdfd1ab2d972315db4ce7ccf094,0x0e738799c2098591d52fc0ba01b65f96736b79085d84f8b87142b894c6548caf
374,1500,0.8265,0x547269c54497404c144bfb5063ca41d51b7b5a88,2017-10-20T17:23:39.000Z,0.000551,0xc87182f6ddca9d4a898f111059d3f3ef8e709e0e,sell,0xfca47962d45adfdfd1ab2d972315db4ce7ccf094,0x1076d80e1044046a6f5b7c867c1f12d4909e15161fa95cffac947e1f86864771
375,996.9095803,0.5483560961014968,0x3dee4a4e076e8d82859d241db0baf46f112cfa23,2017-10-20T17:04:04.000Z,0.000550056,0x23bdfccd84c08d2820bf0aa8c2047b6eaaa75b87,sell,0xfca47962d45adfdfd1ab2d972315db4ce7ccf094,0xf8a80163fbd9d4b344ec56b810be4d802da1974afe04c80da1d7a1c869302e94
376,291,0.1746,0x385a48789c132e8a748b1baa8b4d28842490d580,2017-10-20T16:11:08.000Z,0.0006,0xc87182f6ddca9d4a898f111059d3f3ef8e709e0e,buy,0xfca47962d45adfdfd1ab2d972315db4ce7ccf094,0xaa133656d26b7e15773159db934d7bf7db36c13d995000844e6ec72f5c448307
377,919.86354937,0.52524208669027,0x547269c54497404c144bfb5063ca41d51b7b5a88,2017-10-20T15:52:16.000Z,0.000571,0x52163f16565ab7d28d83f82b28872e9534345b70,sell,0xfca47962d45adfdfd1ab2d972315db4ce7ccf094,0xa333176f8d659f904432bad0707c19df81d30c4a3b16ec75e46183d88f37e25d
378,880.13645063,0.50255791330973,0x547269c54497404c144bfb5063ca41d51b7b5a88,2017-10-20T15:43:26.000Z,0.000571,0xfb7841ac011090acd01aff299582c09079fffb1b,sell,0xfca47962d45adfdfd1ab2d972315db4ce7ccf094,0x1de00aa82a81ae0a932b0d4a0cf68e12db2be7a61f81b45cc749669840e65969
379,2000,1.100112,0x669f0ab96fd3beb68bc836bb874894bbb516331a,2017-10-20T14:42:34.000Z,0.000550056,0x7b521dd7d98bbd54d369770583b3c7478e9ae534,buy,0xfca47962d45adfdfd1ab2d972315db4ce7ccf094,0x73b37fceeb81385f15a426eae192c3e62967ec0bf5b2c59f69386d0489c4c318
380,174.4,0.096016792,0xf9ac154b1c43a57228d8dd18175ce5c0386a3e8c,2017-10-20T14:42:13.000Z,0.000550555,0x88eb88c3e05307a5dbff1a05416b3dd48667fe87,sell,0xfca47962d45adfdfd1ab2d972315db4ce7ccf094,0x1b81b1b50a3ce116032107fe50605dc241689c27b3e9c2f90bc2c87b02ef4c5e
381,1197.397,0.659232905335,0xf9ac154b1c43a57228d8dd18175ce5c0386a3e8c,2017-10-20T14:42:13.000Z,0.000550555,0xd445f61ebca3d6b4c57eef1f39fdab6595ef8972,sell,0xfca47962d45adfdfd1ab2d972315db4ce7ccf094,0x3728f7556abd336f5068d9b0b5c63fd732947a06ae391f82f3f137a12ec72773
382,1201,0.618515,0xd445f61ebca3d6b4c57eef1f39fdab6595ef8972,2017-10-20T14:42:13.000Z,0.000515,0x7b521dd7d98bbd54d369770583b3c7478e9ae534,buy,0xfca47962d45adfdfd1ab2d972315db4ce7ccf094,0x3728f7556abd336f5068d9b0b5c63fd732947a06ae391f82f3f137a12ec72773
383,2289,1.260220395,0x669f0ab96fd3beb68bc836bb874894bbb516331a,2017-10-20T14:42:02.000Z,0.000550555,0x7b521dd7d98bbd54d369770583b3c7478e9ae534,buy,0xfca47962d45adfdfd1ab2d972315db4ce7ccf094,0xc987dba793b3e35e85617d276f3c7c447bcc7004e0087ce6199696a828821f23
