,amount,amountBase,buyer,date,price,seller,side,tokenAddr,txHash
0,38.46153846,0.0005,0x4fda9e6bcd83af6c5cc771b5d20accc2b7720074,2017-11-02T13:39:47.000Z,0.00001300000000052,0x5c4fa72c0199ca949e1abb046710ea46902f2ee3,buy,0x5c6183d10a00cd747a6dbb5f658ad514383e9419,0xc75edc92d94f112c8867d11025a0a46ec0f4d37576c7368696ef7ee349069b51
1,38.46153846,0.0005,0x4fda9e6bcd83af6c5cc771b5d20accc2b7720074,2017-11-02T13:39:35.000Z,0.00001300000000052,0x5c4fa72c0199ca949e1abb046710ea46902f2ee3,buy,0x5c6183d10a00cd747a6dbb5f658ad514383e9419,0xc75edc92d94f112c8867d11025a0a46ec0f4d37576c7368696ef7ee349069b51
2,38.46153846,0.0005,0x3075f7f189912f4f425dd7021b9c396434197477,2017-11-02T13:19:00.000Z,0.00001300000000052,0x5c4fa72c0199ca949e1abb046710ea46902f2ee3,buy,0x5c6183d10a00cd747a6dbb5f658ad514383e9419,0xaa1a8cab6415f0fe9f392096cb04c0e3baf61d7b660f2b9685300ae7660fcee4
3,0.001,0.002112,0x5c4fa72c0199ca949e1abb046710ea46902f2ee3,2017-11-02T11:41:35.000Z,2.112,0x4a0424a7714ff91b10c5f22e3c316e030a65ee42,buy,0x5c6183d10a00cd747a6dbb5f658ad514383e9419,0x8c3d1e6bc710a598ae83c53e894b8b0d2091a6f5a239a475ae19e5de69329718
4,1000,0.013,0x03586186d0f87d096a0807c6777cf3d395416915,2017-11-02T10:45:17.000Z,0.000013,0x5c4fa72c0199ca949e1abb046710ea46902f2ee3,buy,0x5c6183d10a00cd747a6dbb5f658ad514383e9419,0xe7e6262334fb5efc94ec048cbb9b113746eddd7dd034c37a9d8d10d006c02602
5,1150,0.014835,0x9e825cdf7cd4163beca2a82b84653b072887fb55,2017-11-02T07:07:15.000Z,0.0000129,0x5c4fa72c0199ca949e1abb046710ea46902f2ee3,buy,0x5c6183d10a00cd747a6dbb5f658ad514383e9419,0xa8c58c1feebe581eca2b0edd66ca1e2b4cbc06160cda782bc00bb06bf9937b1b
6,5274.1715154,0.063342799899954,0xd7c5686460b4e3ce47946f1bc1ccf491d3b120a7,2017-11-02T05:06:06.000Z,0.00001201,0x4a0424a7714ff91b10c5f22e3c316e030a65ee42,sell,0x5c6183d10a00cd747a6dbb5f658ad514383e9419,0x48008653dd45851d07ef1d526ecf39ad49167e69e07e9b6aa782f312531f449c
7,20000,0.240202,0x24418ab1b19550b380652432eac1ab37bf3d0fa9,2017-11-02T05:03:59.000Z,0.0000120101,0x4a0424a7714ff91b10c5f22e3c316e030a65ee42,sell,0x5c6183d10a00cd747a6dbb5f658ad514383e9419,0x50afcdcdefe2453af8214d45de86df14dc1ac68a5085dda24f69e7e3baeaf807
8,10000,0.13,0xd7c5686460b4e3ce47946f1bc1ccf491d3b120a7,2017-11-02T05:03:54.000Z,0.000013,0x5c4fa72c0199ca949e1abb046710ea46902f2ee3,sell,0x5c6183d10a00cd747a6dbb5f658ad514383e9419,0x236db3fb045759cfa39d6665220f61cadb9d097c5d29a4d7465458f34177cd04
9,29500,0.35695,0x254fb89e4cab71708eaab16e067ca8156a38e18a,2017-11-02T05:03:54.000Z,0.0000121,0x4a0424a7714ff91b10c5f22e3c316e030a65ee42,sell,0x5c6183d10a00cd747a6dbb5f658ad514383e9419,0x9ef85c5ecb1532f556927835e3c6369d74eb811dfa8a46a551726efae89a296b
10,600,0.0078006,0x971f30c325d9924ad472adf0bf98702502baad93,2017-11-02T05:03:54.000Z,0.000013001,0x5c4fa72c0199ca949e1abb046710ea46902f2ee3,sell,0x5c6183d10a00cd747a6dbb5f658ad514383e9419,0x8113807daac7911d1f00ac125e91f62b695ab9e913aefdeeb4b3f6b214d88ece
11,53,0.0010653,0x4a0424a7714ff91b10c5f22e3c316e030a65ee42,2017-11-02T04:47:44.000Z,0.0000201,0x91682df92be1f8614a278739d849a75b97146a54,sell,0x5c6183d10a00cd747a6dbb5f658ad514383e9419,0xe84fb00902a807299e1c2843bd55ece401ff5aeefdcea6ec38086921b73b5ea2
12,51,0.00115668,0x4a0424a7714ff91b10c5f22e3c316e030a65ee42,2017-11-02T00:50:20.000Z,0.00002268,0x91682df92be1f8614a278739d849a75b97146a54,sell,0x5c6183d10a00cd747a6dbb5f658ad514383e9419,0x0d90cd7a5b88261e31ec28ab6ebb9593c3fccf9ca7779b272b1c99dc76b9a2f4
13,95,0.002384785,0x4a0424a7714ff91b10c5f22e3c316e030a65ee42,2017-11-02T00:50:06.000Z,0.000025103,0x91682df92be1f8614a278739d849a75b97146a54,sell,0x5c6183d10a00cd747a6dbb5f658ad514383e9419,0x87fcb9d9857a0851043c73939bed31bb05779016008c1a4e9b15a61c9895daf9
14,55,0.00143605,0x4a0424a7714ff91b10c5f22e3c316e030a65ee42,2017-11-02T00:50:05.000Z,0.00002611,0x91682df92be1f8614a278739d849a75b97146a54,sell,0x5c6183d10a00cd747a6dbb5f658ad514383e9419,0x6552835418b0577ccadc87b4fbc004c2c26b679da941f642d2483f8fa58184a1
15,36,0.001008,0x4a0424a7714ff91b10c5f22e3c316e030a65ee42,2017-11-02T00:50:05.000Z,0.000028,0x91682df92be1f8614a278739d849a75b97146a54,sell,0x5c6183d10a00cd747a6dbb5f658ad514383e9419,0x43ab32d1d557c991590e6f1a18e6cf423c093fc519973728aa9ddbfe1b9f1b28
16,10000,0.3288,0xcf5fb6a8cc92d1f2dc5780fbf77221e75c70ad22,2017-11-01T21:23:39.000Z,0.00003288,0x91682df92be1f8614a278739d849a75b97146a54,buy,0x5c6183d10a00cd747a6dbb5f658ad514383e9419,0xf556af7a798f50ea401543636ea81b819f5092f7a28553dd198934a8c77a0506
17,2457,0.714987,0x5c4fa72c0199ca949e1abb046710ea46902f2ee3,2017-11-01T18:01:29.000Z,0.000291,0x4a0424a7714ff91b10c5f22e3c316e030a65ee42,buy,0x5c6183d10a00cd747a6dbb5f658ad514383e9419,0x55430ae1fb7b1b34c24a2fedf8a7413bf4381e4e43a6965816e09d4d30521336
18,1000,0.028001,0xdbbae39c54992479faac890e81eb4d8579b951d6,2017-11-01T17:52:23.000Z,0.000028001,0x4a0424a7714ff91b10c5f22e3c316e030a65ee42,sell,0x5c6183d10a00cd747a6dbb5f658ad514383e9419,0x9b8f8e31e1c21f35c4f84be3be4ba4453e057cd8fa21327b50a0530f7d51d7f8
19,60,0.00179646,0x5c4fa72c0199ca949e1abb046710ea46902f2ee3,2017-11-01T14:22:48.000Z,0.000029941,0xc9087108b890f9aee9c5b878c6f062a2b0c730f3,sell,0x5c6183d10a00cd747a6dbb5f658ad514383e9419,0xfec0638e9f231e5a1603c2ef42f96717f38b5122ead9e1fd7bc42c8d85b423c4
20,34.5,0.00114195,0x5c4fa72c0199ca949e1abb046710ea46902f2ee3,2017-11-01T14:21:49.000Z,0.0000331,0xc9087108b890f9aee9c5b878c6f062a2b0c730f3,sell,0x5c6183d10a00cd747a6dbb5f658ad514383e9419,0x7c470a3e4279883063089da2d1edd1fe7fe5bf8453ade6d20b77fa918bb4ae6e
21,7500.29289485,0.26250275102685516,0x27884ff74cbd7a8a421c0762767ad6da0191ff1c,2017-11-01T04:39:38.000Z,0.000034999,0x24418ab1b19550b380652432eac1ab37bf3d0fa9,buy,0x5c6183d10a00cd747a6dbb5f658ad514383e9419,0x13446847351caee520d342bb754f37457e2a8e3078daf3259f03c0ced4c3b8ff
22,4500,0.159741,0x5c4fa72c0199ca949e1abb046710ea46902f2ee3,2017-11-01T04:35:07.000Z,0.000035498,0x4a0424a7714ff91b10c5f22e3c316e030a65ee42,buy,0x5c6183d10a00cd747a6dbb5f658ad514383e9419,0x5f5f89a9d360617c751dc79519bf072ac4734103b7887e0891d780d48a778180
23,200,0.006698,0x5c4fa72c0199ca949e1abb046710ea46902f2ee3,2017-11-01T04:33:51.000Z,0.00003349,0x24418ab1b19550b380652432eac1ab37bf3d0fa9,buy,0x5c6183d10a00cd747a6dbb5f658ad514383e9419,0x60f0404c1c3ec724cd8949131cf09f0b1ac585d49fd74c2d310a7abc605a2062
24,500,0.01665,0x27884ff74cbd7a8a421c0762767ad6da0191ff1c,2017-11-01T04:33:12.000Z,0.0000333,0x254fb89e4cab71708eaab16e067ca8156a38e18a,buy,0x5c6183d10a00cd747a6dbb5f658ad514383e9419,0x3946b1a83b22c0fb1803153858d7fb9555b612ac803a546e587aefbeddd11324
25,3888,0.136076112,0x27884ff74cbd7a8a421c0762767ad6da0191ff1c,2017-11-01T04:30:01.000Z,0.000034999,0x24418ab1b19550b380652432eac1ab37bf3d0fa9,buy,0x5c6183d10a00cd747a6dbb5f658ad514383e9419,0x0b6ed7a9d945c9551c7eb0c97ab1dad7998db57b891b74d4d85cdd3c734258be
26,0.9,0.00003015,0x1d5321e125f6c7079a716705541c7b371ca79e69,2017-11-01T03:34:04.000Z,0.0000335,0x1451dbe4304a60b5b25b4d98b355effd440417af,buy,0x5c6183d10a00cd747a6dbb5f658ad514383e9419,0x7bea5f7ca1517bfa85594598fdebc04494c109933b2be7b520d5ff95ebb57b16
27,0.89730807,0.0000448654035,0x5c4fa72c0199ca949e1abb046710ea46902f2ee3,2017-11-01T03:34:04.000Z,0.00005,0x1d5321e125f6c7079a716705541c7b371ca79e69,sell,0x5c6183d10a00cd747a6dbb5f658ad514383e9419,0x7bea5f7ca1517bfa85594598fdebc04494c109933b2be7b520d5ff95ebb57b16
28,25465,0.878567965,0x4a0424a7714ff91b10c5f22e3c316e030a65ee42,2017-11-01T03:13:01.000Z,0.000034501,0x5c4fa72c0199ca949e1abb046710ea46902f2ee3,buy,0x5c6183d10a00cd747a6dbb5f658ad514383e9419,0x18c2436b6cd20373df36ae1cff6f33c4ba58ba3d8d816cce1d221d854abfb502
29,1600,0.0574368,0x4a0424a7714ff91b10c5f22e3c316e030a65ee42,2017-11-01T02:59:27.000Z,0.000035898,0x5c4fa72c0199ca949e1abb046710ea46902f2ee3,buy,0x5c6183d10a00cd747a6dbb5f658ad514383e9419,0x811d82fc2bc62ee192fe551b70708a9d296be61c325a3144a2bdb089d58d1a10
30,500,0.00605,0x254fb89e4cab71708eaab16e067ca8156a38e18a,2017-11-01T02:56:41.000Z,0.0000121,0x4a0424a7714ff91b10c5f22e3c316e030a65ee42,sell,0x5c6183d10a00cd747a6dbb5f658ad514383e9419,0xc3b07fd21aedba48ca7b9df389e039661d38a74c78fcfc0a185e197a1e00cc9c
31,1495.5,0.051579795,0x5c4fa72c0199ca949e1abb046710ea46902f2ee3,2017-11-01T02:49:31.000Z,0.00003449,0x273a5d3e6721b9f5c1a6474f560c1334c63dda01,sell,0x5c6183d10a00cd747a6dbb5f658ad514383e9419,0xa9951162730725e3c360e29178cc140af93f8a4585fadf868b11c8168b0512bd
32,1500,0.050235,0x273a5d3e6721b9f5c1a6474f560c1334c63dda01,2017-11-01T02:49:31.000Z,0.00003349,0x24418ab1b19550b380652432eac1ab37bf3d0fa9,buy,0x5c6183d10a00cd747a6dbb5f658ad514383e9419,0xa9951162730725e3c360e29178cc140af93f8a4585fadf868b11c8168b0512bd
33,61,0.0020435,0x4a0424a7714ff91b10c5f22e3c316e030a65ee42,2017-11-01T02:43:14.000Z,0.0000335,0x1451dbe4304a60b5b25b4d98b355effd440417af,buy,0x5c6183d10a00cd747a6dbb5f658ad514383e9419,0xc2790eaca681dcf8b88063c0030f70099d1e41b48d2dca8993de772a21b6f9fa
34,19290,0.646215,0x273a5d3e6721b9f5c1a6474f560c1334c63dda01,2017-11-01T02:37:30.000Z,0.0000335,0x1451dbe4304a60b5b25b4d98b355effd440417af,buy,0x5c6183d10a00cd747a6dbb5f658ad514383e9419,0x9ce12d676c7057b3a9583050daeee9bc0e1866fbb7ef0f177d5aee15793981ac
35,19232.13,0.65198843913,0x5c4fa72c0199ca949e1abb046710ea46902f2ee3,2017-11-01T02:37:30.000Z,0.000033901,0x273a5d3e6721b9f5c1a6474f560c1334c63dda01,sell,0x5c6183d10a00cd747a6dbb5f658ad514383e9419,0x9ce12d676c7057b3a9583050daeee9bc0e1866fbb7ef0f177d5aee15793981ac
36,450,0.0161955,0x5c4fa72c0199ca949e1abb046710ea46902f2ee3,2017-11-01T02:28:55.000Z,0.00003599,0x4a0424a7714ff91b10c5f22e3c316e030a65ee42,buy,0x5c6183d10a00cd747a6dbb5f658ad514383e9419,0x54e4febca68aa8e13c912d78b09de5933e36b34c6b41c80374243c1cf9241c16
37,300,0.010047,0x273a5d3e6721b9f5c1a6474f560c1334c63dda01,2017-11-01T02:19:20.000Z,0.00003349,0x24418ab1b19550b380652432eac1ab37bf3d0fa9,buy,0x5c6183d10a00cd747a6dbb5f658ad514383e9419,0xdd7a6859cd31b7e4cd632d9ed520ca92a97207c861ace0dbc0c71388fec70136
38,299.1,0.014955,0x5c4fa72c0199ca949e1abb046710ea46902f2ee3,2017-11-01T02:19:20.000Z,0.00005,0x273a5d3e6721b9f5c1a6474f560c1334c63dda01,sell,0x5c6183d10a00cd747a6dbb5f658ad514383e9419,0xdd7a6859cd31b7e4cd632d9ed520ca92a97207c861ace0dbc0c71388fec70136
39,240,0.0084,0x5c4fa72c0199ca949e1abb046710ea46902f2ee3,2017-11-01T02:13:59.000Z,0.000035,0x4a0424a7714ff91b10c5f22e3c316e030a65ee42,sell,0x5c6183d10a00cd747a6dbb5f658ad514383e9419,0x8a2c8b82156d9a3bec1abc4ae2e3f8f9a292b7c00b2b8b1d687df4e422986f38
40,4750,1.672,0x5c4fa72c0199ca949e1abb046710ea46902f2ee3,2017-10-31T16:29:20.000Z,0.000352,0x4a0424a7714ff91b10c5f22e3c316e030a65ee42,buy,0x5c6183d10a00cd747a6dbb5f658ad514383e9419,0x1b346a6b126b03527ab2fe7d8b6e1b609bc06e145cc067c01061abd3c92d29a8
41,15789,0.5573517,0x4a0424a7714ff91b10c5f22e3c316e030a65ee42,2017-10-31T16:22:03.000Z,0.0000353,0x5c4fa72c0199ca949e1abb046710ea46902f2ee3,buy,0x5c6183d10a00cd747a6dbb5f658ad514383e9419,0x804ec7de9943dc3a74443bdfc2373681004a99bec64e2523dd83ce8fbbb512f9
42,30,0.00104994,0x0b773d7819259d78757b26dc4148812d35676d8f,2017-10-31T13:40:32.000Z,0.000034998,0x7bd02d3903fa837426cd80f163efb5207f2b4195,buy,0x5c6183d10a00cd747a6dbb5f658ad514383e9419,0x7aba91b530752991741bb7966bc9c62cec79f8fcbfc07636f4df25fba91a9624
43,1896,0.06823704,0x5c4fa72c0199ca949e1abb046710ea46902f2ee3,2017-10-31T10:39:23.000Z,0.00003599,0x4a0424a7714ff91b10c5f22e3c316e030a65ee42,buy,0x5c6183d10a00cd747a6dbb5f658ad514383e9419,0x2898aa3953c41c37ff38a10d088a2572fbe4a40d7c39ae41a44f054a4d468130
44,3000,0.10797,0x5c4fa72c0199ca949e1abb046710ea46902f2ee3,2017-10-31T09:30:30.000Z,0.00003599,0x4a0424a7714ff91b10c5f22e3c316e030a65ee42,buy,0x5c6183d10a00cd747a6dbb5f658ad514383e9419,0x11c1413eba2c50822b0c33ab89bbd5f718fff72fa41a51f0fa6073d7e69d5ce1
45,2100,0.07119,0x5c4fa72c0199ca949e1abb046710ea46902f2ee3,2017-10-31T09:28:08.000Z,0.0000339,0x4a0424a7714ff91b10c5f22e3c316e030a65ee42,sell,0x5c6183d10a00cd747a6dbb5f658ad514383e9419,0xe20bb2142b2d7d611002f68c9e3c67f84d7bd057a2ba22b073b727e18a95b3d9
46,1200,0.04068,0x4a0424a7714ff91b10c5f22e3c316e030a65ee42,2017-10-31T09:26:18.000Z,0.0000339,0x5c4fa72c0199ca949e1abb046710ea46902f2ee3,sell,0x5c6183d10a00cd747a6dbb5f658ad514383e9419,0xe530632c0babd12d978923b89b2e672857bf347f098733a414ba494d45318d39
47,2140,0.0855786,0x4a0424a7714ff91b10c5f22e3c316e030a65ee42,2017-10-31T04:53:36.000Z,0.00003999,0x5c4fa72c0199ca949e1abb046710ea46902f2ee3,buy,0x5c6183d10a00cd747a6dbb5f658ad514383e9419,0x279a6b7f135c70abfd24d7081e20a871c53a0a8bf9ffbbf23313a6a23219d612
48,778,0.027928644,0x4a0424a7714ff91b10c5f22e3c316e030a65ee42,2017-10-30T17:52:20.000Z,0.000035898,0x5c4fa72c0199ca949e1abb046710ea46902f2ee3,buy,0x5c6183d10a00cd747a6dbb5f658ad514383e9419,0x0fcf401ebadfeb79dd5238de48e7221da8d2662a0e594e9941d68e198d81cb99
49,1140,0.039786,0x4a0424a7714ff91b10c5f22e3c316e030a65ee42,2017-10-30T15:01:35.000Z,0.0000349,0x5c4fa72c0199ca949e1abb046710ea46902f2ee3,sell,0x5c6183d10a00cd747a6dbb5f658ad514383e9419,0x318377ea5cd5792aa437dc1ac4d403bb7cf559eb05580f36428f5c0c0d6a6a30
50,630,0.021987,0x4a0424a7714ff91b10c5f22e3c316e030a65ee42,2017-10-30T14:58:28.000Z,0.0000349,0x5c4fa72c0199ca949e1abb046710ea46902f2ee3,sell,0x5c6183d10a00cd747a6dbb5f658ad514383e9419,0x45ea73855d59d0b3a3a82bb2bb7c1698f8f0c28571d4f1cb9f01b863789f8e8f
51,930,0.0325407,0x4a0424a7714ff91b10c5f22e3c316e030a65ee42,2017-10-30T14:56:49.000Z,0.00003499,0x5c4fa72c0199ca949e1abb046710ea46902f2ee3,sell,0x5c6183d10a00cd747a6dbb5f658ad514383e9419,0xae2342e322a297906568b348d2ef90a596a96923e552472f652cead6abbae1f5
52,530,0.01855,0x4a0424a7714ff91b10c5f22e3c316e030a65ee42,2017-10-30T14:55:39.000Z,0.000035,0x5c4fa72c0199ca949e1abb046710ea46902f2ee3,sell,0x5c6183d10a00cd747a6dbb5f658ad514383e9419,0xf1266e4de67e3d58fdb0eb1d85195181acfd24455b42a6ea64513294a1672a17
53,1432,0.0501916,0x4a0424a7714ff91b10c5f22e3c316e030a65ee42,2017-10-30T14:54:17.000Z,0.00003505,0x5c4fa72c0199ca949e1abb046710ea46902f2ee3,sell,0x5c6183d10a00cd747a6dbb5f658ad514383e9419,0x54ee680d05c72547e4f87bf02f7cad54676661b72e8f67caae83d5a21e269eaf
54,9000,0.32391,0x5c4fa72c0199ca949e1abb046710ea46902f2ee3,2017-10-30T14:50:53.000Z,0.00003599,0x4a0424a7714ff91b10c5f22e3c316e030a65ee42,buy,0x5c6183d10a00cd747a6dbb5f658ad514383e9419,0x740f739fb5fbe3080e546b6f331c6c8d4bd1071d1d43645d6ebaec2817f06b0d
55,8500,0.305133,0x4a0424a7714ff91b10c5f22e3c316e030a65ee42,2017-10-30T14:48:29.000Z,0.000035898,0x5c4fa72c0199ca949e1abb046710ea46902f2ee3,buy,0x5c6183d10a00cd747a6dbb5f658ad514383e9419,0xd435352af5d83f54146b8625bd8662863b68b37ff30feb6d27d7401fb4e1d55b
56,6298,0.226085604,0x4a0424a7714ff91b10c5f22e3c316e030a65ee42,2017-10-30T14:47:03.000Z,0.000035898,0x5c4fa72c0199ca949e1abb046710ea46902f2ee3,buy,0x5c6183d10a00cd747a6dbb5f658ad514383e9419,0x53ffabf85f08baca6616d7ec4392be2b47e17b2018ee1d12c2c29392cfcb2eb0
57,700,0.025193,0x5c4fa72c0199ca949e1abb046710ea46902f2ee3,2017-10-30T14:45:56.000Z,0.00003599,0x4a0424a7714ff91b10c5f22e3c316e030a65ee42,buy,0x5c6183d10a00cd747a6dbb5f658ad514383e9419,0x9d3bb066cbc8dcc8df7a45f8426b1190b3039f0d2bc11122752f09b485c26eaa
58,13700,0.493063,0x5c4fa72c0199ca949e1abb046710ea46902f2ee3,2017-10-30T14:40:16.000Z,0.00003599,0x4a0424a7714ff91b10c5f22e3c316e030a65ee42,buy,0x5c6183d10a00cd747a6dbb5f658ad514383e9419,0x07cb9134dc07367bb1743db2114a189ae12835c1fad8dbc9c1e9a42d473790d3
59,110,0.0044165,0x4a0424a7714ff91b10c5f22e3c316e030a65ee42,2017-10-30T14:35:56.000Z,0.00004015,0x5c4fa72c0199ca949e1abb046710ea46902f2ee3,sell,0x5c6183d10a00cd747a6dbb5f658ad514383e9419,0xc599d2c4951e87fd97a0f262cced6c538543a048418a4762019e00bbd51cab0d
60,348.95,0.0140103425,0x4a0424a7714ff91b10c5f22e3c316e030a65ee42,2017-10-30T14:33:34.000Z,0.00004015,0x273a5d3e6721b9f5c1a6474f560c1334c63dda01,sell,0x5c6183d10a00cd747a6dbb5f658ad514383e9419,0x704ca2877d5ae0818acac380361d3f349435ff9a792e04da5a1745c9b5bcae1a
61,350,0.01256465,0x273a5d3e6721b9f5c1a6474f560c1334c63dda01,2017-10-30T14:33:34.000Z,0.000035899,0x7bd02d3903fa837426cd80f163efb5207f2b4195,buy,0x5c6183d10a00cd747a6dbb5f658ad514383e9419,0x704ca2877d5ae0818acac380361d3f349435ff9a792e04da5a1745c9b5bcae1a
62,17000,0.68204,0x4a0424a7714ff91b10c5f22e3c316e030a65ee42,2017-10-30T14:31:45.000Z,0.00004012,0x5c4fa72c0199ca949e1abb046710ea46902f2ee3,buy,0x5c6183d10a00cd747a6dbb5f658ad514383e9419,0x33977b8715e413a66f3d9a5c8f02434ca1c2d0455bffe3a6ce00b5a9b93fb3fb
63,14000,0.574,0x5c4fa72c0199ca949e1abb046710ea46902f2ee3,2017-10-30T14:29:28.000Z,0.000041,0x4a0424a7714ff91b10c5f22e3c316e030a65ee42,buy,0x5c6183d10a00cd747a6dbb5f658ad514383e9419,0x59f8cbfea5ec9a39dba79f41a1b922b969c878950479838f2e195e3f7b2902cc
64,900,0.036801,0x5c4fa72c0199ca949e1abb046710ea46902f2ee3,2017-10-30T11:55:28.000Z,0.00004089,0x4a0424a7714ff91b10c5f22e3c316e030a65ee42,buy,0x5c6183d10a00cd747a6dbb5f658ad514383e9419,0xc9707b25aaa68d100ff83b412c33befc927946708a349dc880fef35504095afa
65,360,0.0143964,0x4a0424a7714ff91b10c5f22e3c316e030a65ee42,2017-10-30T04:28:46.000Z,0.00003999,0x5c4fa72c0199ca949e1abb046710ea46902f2ee3,buy,0x5c6183d10a00cd747a6dbb5f658ad514383e9419,0x4f29b99ce8804610eec68c159e9180ddef16b8fda1ad920cd876b241040c9c5d
66,1100,0.043989,0x4a0424a7714ff91b10c5f22e3c316e030a65ee42,2017-10-30T03:58:05.000Z,0.00003999,0x5c4fa72c0199ca949e1abb046710ea46902f2ee3,buy,0x5c6183d10a00cd747a6dbb5f658ad514383e9419,0xec707a82d1a9b34e2bb4e811c140c3edd826547a92e6a6bbe4a66ea41fdfd993
67,2500,0.102225,0x5c4fa72c0199ca949e1abb046710ea46902f2ee3,2017-10-30T03:55:00.000Z,0.00004089,0x4a0424a7714ff91b10c5f22e3c316e030a65ee42,buy,0x5c6183d10a00cd747a6dbb5f658ad514383e9419,0x102b5792273046d583236d4abae55d2dc6e415a753579c49f865021ed20b0a60
68,150,0.0054,0x5c4fa72c0199ca949e1abb046710ea46902f2ee3,2017-10-30T03:53:39.000Z,0.000036,0x24418ab1b19550b380652432eac1ab37bf3d0fa9,buy,0x5c6183d10a00cd747a6dbb5f658ad514383e9419,0xacfd6b1151e8de7f921e18dc968eb2fc1692ff1cb329fbed8a94f0a387cc109d
69,520,0.01872,0x273a5d3e6721b9f5c1a6474f560c1334c63dda01,2017-10-30T03:49:57.000Z,0.000036,0x24418ab1b19550b380652432eac1ab37bf3d0fa9,buy,0x5c6183d10a00cd747a6dbb5f658ad514383e9419,0x86691937e604f7400679f696bd5f9259725154ea7bfc809d59cb6955b301e0ff
70,518.44,0.0206753872,0x5c4fa72c0199ca949e1abb046710ea46902f2ee3,2017-10-30T03:49:57.000Z,0.00003988,0x273a5d3e6721b9f5c1a6474f560c1334c63dda01,sell,0x5c6183d10a00cd747a6dbb5f658ad514383e9419,0x86691937e604f7400679f696bd5f9259725154ea7bfc809d59cb6955b301e0ff
71,220,0.00792,0x273a5d3e6721b9f5c1a6474f560c1334c63dda01,2017-10-30T03:47:18.000Z,0.000036,0x24418ab1b19550b380652432eac1ab37bf3d0fa9,buy,0x5c6183d10a00cd747a6dbb5f658ad514383e9419,0xf4dd8b5cca127240eb008a343be72fe6942c2973cc3b81cb17fd0c322281f138
72,219.34,0.0087692132,0x4a0424a7714ff91b10c5f22e3c316e030a65ee42,2017-10-30T03:47:18.000Z,0.00003998,0x273a5d3e6721b9f5c1a6474f560c1334c63dda01,sell,0x5c6183d10a00cd747a6dbb5f658ad514383e9419,0xf4dd8b5cca127240eb008a343be72fe6942c2973cc3b81cb17fd0c322281f138
73,34300,1.371657,0x4a0424a7714ff91b10c5f22e3c316e030a65ee42,2017-10-30T03:45:32.000Z,0.00003999,0x5c4fa72c0199ca949e1abb046710ea46902f2ee3,buy,0x5c6183d10a00cd747a6dbb5f658ad514383e9419,0x0a7796ae8b32e60ca685086c25d77b29cdbca1dd95dcf7f8bc236cadcf9906c0
74,17300,0.68508,0x5c4fa72c0199ca949e1abb046710ea46902f2ee3,2017-10-30T03:36:41.000Z,0.0000396,0x4a0424a7714ff91b10c5f22e3c316e030a65ee42,buy,0x5c6183d10a00cd747a6dbb5f658ad514383e9419,0x2feab615e2d20a4c6b5fdb6210b554fd8964b13a10b84a08f5367ab913241803
75,1279,0.05058445,0x5c4fa72c0199ca949e1abb046710ea46902f2ee3,2017-10-29T03:03:04.000Z,0.00003955,0x4a0424a7714ff91b10c5f22e3c316e030a65ee42,buy,0x5c6183d10a00cd747a6dbb5f658ad514383e9419,0x15d47f54cec4a7a14fffeafe1216d0cfbe523342148913728dda57191b83781b
76,130,0.0048802,0x5c4fa72c0199ca949e1abb046710ea46902f2ee3,2017-10-29T02:57:29.000Z,0.00003754,0x4a0424a7714ff91b10c5f22e3c316e030a65ee42,sell,0x5c6183d10a00cd747a6dbb5f658ad514383e9419,0x64bbad021cad6c7cd10c84e34bce75c4b41402f028d86b9f8bba725c6f21bc35
77,500,0.0198,0x4a0424a7714ff91b10c5f22e3c316e030a65ee42,2017-10-29T02:52:44.000Z,0.0000396,0x5c4fa72c0199ca949e1abb046710ea46902f2ee3,buy,0x5c6183d10a00cd747a6dbb5f658ad514383e9419,0x067d49d619817384599411c83f5f85ef8f08e2c06e4cbcb50b53aec25896a468
78,2570,0.1031084,0x4a0424a7714ff91b10c5f22e3c316e030a65ee42,2017-10-29T02:52:01.000Z,0.00004012,0x5c4fa72c0199ca949e1abb046710ea46902f2ee3,buy,0x5c6183d10a00cd747a6dbb5f658ad514383e9419,0xe9aefabfdd9ccdd97a62acc963126433ac3a8b5f79f685f13a780eb0cc619e83
79,10000,0.32,0xfefedf149619a3e1829f0ac0489b1fe9eeb3c4ae,2017-10-29T00:27:36.000Z,0.000032,0x5d4ec95d3bafb93c34590a3715aed768531fc38a,sell,0x5c6183d10a00cd747a6dbb5f658ad514383e9419,0x496682441b6ed1af2a14c94b249ba031f9dd4cecee38af73044119c1894ffb23
80,13.88888888,0.0005,0xe444a40689f51f63bcd29910622035707d533d29,2017-10-28T20:50:02.000Z,0.00003600000002304,0xea852cfe723792a1197a1c5bc7834f1bb6100091,buy,0x5c6183d10a00cd747a6dbb5f658ad514383e9419,0x0da2d789ab29030753f8fdf7a29a51c0e30d56dfe76ce088b8ad5f4dcc6a5bab
81,13.88888888,0.0005,0x34f9560c63078eb61872a4dc2ccd20e21c34feaf,2017-10-28T20:50:02.000Z,0.00003600000002304,0xea852cfe723792a1197a1c5bc7834f1bb6100091,buy,0x5c6183d10a00cd747a6dbb5f658ad514383e9419,0x7c4151d6d88584922c2319831d9ba6be291eb8b2eaedbe1617008a500d95245e
82,300,0.01188,0x4a0424a7714ff91b10c5f22e3c316e030a65ee42,2017-10-28T17:31:06.000Z,0.0000396,0x5c4fa72c0199ca949e1abb046710ea46902f2ee3,buy,0x5c6183d10a00cd747a6dbb5f658ad514383e9419,0xddf0b22e1790002d981802f23865014c912f064cacb047734d20b64f76b54faa
83,250,0.0098625,0x5c4fa72c0199ca949e1abb046710ea46902f2ee3,2017-10-28T15:26:00.000Z,0.00003945,0x4a0424a7714ff91b10c5f22e3c316e030a65ee42,buy,0x5c6183d10a00cd747a6dbb5f658ad514383e9419,0x75609dfd54e94bd92ab48f53931a5753414b5624ba7d964eb7068d8ac600b0b0
84,36054,1.424133,0x5c4fa72c0199ca949e1abb046710ea46902f2ee3,2017-10-28T15:15:49.000Z,0.0000395,0x4a0424a7714ff91b10c5f22e3c316e030a65ee42,buy,0x5c6183d10a00cd747a6dbb5f658ad514383e9419,0xb56f90191b4b1314fdfee3d93336397b451a80871e392f84cafabcbe0cc65d76
85,1196,0.0473616,0x4a0424a7714ff91b10c5f22e3c316e030a65ee42,2017-10-28T13:27:24.000Z,0.0000396,0x5c4fa72c0199ca949e1abb046710ea46902f2ee3,buy,0x5c6183d10a00cd747a6dbb5f658ad514383e9419,0x69c07674ff4514bd65afcd74dbcef66d1caf384ad86ebc6c730325ac6452f11b
86,2000,0.072994,0x4a0424a7714ff91b10c5f22e3c316e030a65ee42,2017-10-28T13:24:37.000Z,0.000036497,0x5c4fa72c0199ca949e1abb046710ea46902f2ee3,buy,0x5c6183d10a00cd747a6dbb5f658ad514383e9419,0x12f6b7f90286e7c47fbf7f3d0631b74ce3a7d489af123c88d76af4a823d056dc
87,31,0.001085,0x4a0424a7714ff91b10c5f22e3c316e030a65ee42,2017-10-28T12:19:29.000Z,0.000035,0x5c4fa72c0199ca949e1abb046710ea46902f2ee3,sell,0x5c6183d10a00cd747a6dbb5f658ad514383e9419,0x3fde9f24ae787fa9c62298e9aa70bc76b0017e316b7a2f3eadacee95e45cfeaf
88,22,0.066,0x5c4fa72c0199ca949e1abb046710ea46902f2ee3,2017-10-28T11:01:14.000Z,0.003,0x4a0424a7714ff91b10c5f22e3c316e030a65ee42,buy,0x5c6183d10a00cd747a6dbb5f658ad514383e9419,0xa4c6aba8e43628a6f70b2ed5b67abbdf10e508896bad2bbb77c60f6b477e973e
89,187,0.006862526,0x5c4fa72c0199ca949e1abb046710ea46902f2ee3,2017-10-28T10:14:26.000Z,0.000036698,0x4a0424a7714ff91b10c5f22e3c316e030a65ee42,buy,0x5c6183d10a00cd747a6dbb5f658ad514383e9419,0xe7bf79309c6e0fb50cea17ecbbcea6ebe88885ae4aacc8f06dc27a231d07846c
90,12345,0.45303681,0x5c4fa72c0199ca949e1abb046710ea46902f2ee3,2017-10-28T06:22:43.000Z,0.000036698,0x4a0424a7714ff91b10c5f22e3c316e030a65ee42,buy,0x5c6183d10a00cd747a6dbb5f658ad514383e9419,0x7ebd06f320c4a3020a792adecf6e3d103e3be00fe4c34ded78b3bb0d990fc364
91,50,0.00156,0x4a0424a7714ff91b10c5f22e3c316e030a65ee42,2017-10-28T06:12:53.000Z,0.0000312,0xea852cfe723792a1197a1c5bc7834f1bb6100091,sell,0x5c6183d10a00cd747a6dbb5f658ad514383e9419,0xe40625030ef66f95bf49b1fb38744a5638b7ce801e50541a54051445716ed4b3
92,1,0.11111,0x4a0424a7714ff91b10c5f22e3c316e030a65ee42,2017-10-28T03:44:14.000Z,0.11111,0x5c4fa72c0199ca949e1abb046710ea46902f2ee3,buy,0x5c6183d10a00cd747a6dbb5f658ad514383e9419,0x9b98220c79b2d55fa3c4063cebcfb2eee90a227ec47403d51f15671cfda012b3
93,19600,0.72519804,0x4a0424a7714ff91b10c5f22e3c316e030a65ee42,2017-10-28T03:25:41.000Z,0.0000369999,0x5c4fa72c0199ca949e1abb046710ea46902f2ee3,buy,0x5c6183d10a00cd747a6dbb5f658ad514383e9419,0x005d71ba71708bb8a461eb1834c8f53c969ebc5eadf427bd2f3914e8851fdd1c
94,160,0.00592,0x5c4fa72c0199ca949e1abb046710ea46902f2ee3,2017-10-28T03:16:34.000Z,0.000037,0x4a0424a7714ff91b10c5f22e3c316e030a65ee42,buy,0x5c6183d10a00cd747a6dbb5f658ad514383e9419,0x03cf6c2f6719a505eeb49c2a3062e2e1256abfb1d9cc7cdb0f13399cd152d31b
95,1.42327481,0.000008255136225481,0x24418ab1b19550b380652432eac1ab37bf3d0fa9,2017-10-28T00:48:18.000Z,0.0000058001,0x1d79e25e8910c710f33ca0efe1de8971d4b51552,sell,0x5c6183d10a00cd747a6dbb5f658ad514383e9419,0x622bb8ba7bc6d51e3fc8f4c6c3cf0206cf678ba4f6110a42cc86bf72e7405657
96,14276.86962004,0.082807271483194,0x24418ab1b19550b380652432eac1ab37bf3d0fa9,2017-10-28T00:42:11.000Z,0.0000058001,0x1d79e25e8910c710f33ca0efe1de8971d4b51552,sell,0x5c6183d10a00cd747a6dbb5f658ad514383e9419,0x0b81d63bd78c8064f3efe7e22140f8313537c87b8f3eb0bdf4a5eea374acff9a
97,14321.12791587,0.45827609330785674,0x1d79e25e8910c710f33ca0efe1de8971d4b51552,2017-10-28T00:41:00.000Z,0.00003200000000000116,0x4a0424a7714ff91b10c5f22e3c316e030a65ee42,buy,0x5c6183d10a00cd747a6dbb5f658ad514383e9419,0x61327be3ffc1b4a850815f1f06c0630ea97a3ad1d001aefaebad9001d5ebcb78
98,128,0.004096,0x5c4fa72c0199ca949e1abb046710ea46902f2ee3,2017-10-27T17:27:24.000Z,0.000032,0x4a0424a7714ff91b10c5f22e3c316e030a65ee42,buy,0x5c6183d10a00cd747a6dbb5f658ad514383e9419,0x3fd4c5f96cf130b7c66308b53e355c9d199f748c995e876905e38e45e93dedaa
99,310.57147227,0.001739200244712,0xea852cfe723792a1197a1c5bc7834f1bb6100091,2017-10-27T16:36:57.000Z,0.0000056,0x308908abf99de371d64e3ec7471a787727ae70d5,sell,0x5c6183d10a00cd747a6dbb5f658ad514383e9419,0x7bffbe1f121afa5a2f49a57db95d8ce20e968a20f180eabdca910e32ecebaaaa
100,0.0000016,0.000000000051304382,0xfefedf149619a3e1829f0ac0489b1fe9eeb3c4ae,2017-10-27T15:43:45.000Z,0.00003206523875,0x4a0424a7714ff91b10c5f22e3c316e030a65ee42,buy,0x5c6183d10a00cd747a6dbb5f658ad514383e9419,0xc0cd879f39b11b21393b87a04f4f38b48618da2b75a4818423697e16c82a5f43
101,0.01608232,0.00000051463425417,0xfefedf149619a3e1829f0ac0489b1fe9eeb3c4ae,2017-10-27T15:29:43.000Z,0.00003200000088109178,0x4a0424a7714ff91b10c5f22e3c316e030a65ee42,buy,0x5c6183d10a00cd747a6dbb5f658ad514383e9419,0x1c8bc7dc356f486a891beb9cef7a2fd2ea624fc6bafce5e7993f689b34cec7b8
102,78,0.002496,0x5c4fa72c0199ca949e1abb046710ea46902f2ee3,2017-10-27T15:24:06.000Z,0.000032,0x4a0424a7714ff91b10c5f22e3c316e030a65ee42,buy,0x5c6183d10a00cd747a6dbb5f658ad514383e9419,0xfe2a5781d6ea2c824a8ac8bd02f174f417c927474e56c2c2e6aa67d4295da397
103,161.32175636,0.005162296203568936,0xfefedf149619a3e1829f0ac0489b1fe9eeb3c4ae,2017-10-27T15:02:36.000Z,0.00003200000000030334,0x4a0424a7714ff91b10c5f22e3c316e030a65ee42,buy,0x5c6183d10a00cd747a6dbb5f658ad514383e9419,0xe99c74685f0178edab0fd06e9f758ff4096b85178748eaf89726fd938b824591
104,10295,0.32944,0x4a0424a7714ff91b10c5f22e3c316e030a65ee42,2017-10-27T15:01:58.000Z,0.000032,0x4a0424a7714ff91b10c5f22e3c316e030a65ee42,buy,0x5c6183d10a00cd747a6dbb5f658ad514383e9419,0xbdddfccc2b5b64ad03a1f84b65200855849db548f11eb13cf79a2708b807b415
105,155,0.00496,0x5c4fa72c0199ca949e1abb046710ea46902f2ee3,2017-10-27T12:59:13.000Z,0.000032,0x4a0424a7714ff91b10c5f22e3c316e030a65ee42,buy,0x5c6183d10a00cd747a6dbb5f658ad514383e9419,0x8beff2da5cb77d55b22852344fc9080781ac3603b1908a7d767cd720d17e8d16
106,12888,0.3789072,0x5c4fa72c0199ca949e1abb046710ea46902f2ee3,2017-10-27T07:36:37.000Z,0.0000294,0x4a0424a7714ff91b10c5f22e3c316e030a65ee42,buy,0x5c6183d10a00cd747a6dbb5f658ad514383e9419,0xff06070ad3b16ad679562fcb86f69d98619d757c252d18334073a45ebc995346
107,7321,0.2174337,0x4a0424a7714ff91b10c5f22e3c316e030a65ee42,2017-10-27T07:32:33.000Z,0.0000297,0x5c4fa72c0199ca949e1abb046710ea46902f2ee3,buy,0x5c6183d10a00cd747a6dbb5f658ad514383e9419,0xe3d62355054397fb87eebd68be95233bafec4024fb7e8cb952b7bfff7d99a071
108,1679,0.0498663,0x4a0424a7714ff91b10c5f22e3c316e030a65ee42,2017-10-27T07:14:16.000Z,0.0000297,0x5c4fa72c0199ca949e1abb046710ea46902f2ee3,buy,0x5c6183d10a00cd747a6dbb5f658ad514383e9419,0x0e2e8e90a72a0c88ac987410e3c754c66d75c7644894368c2abcc8a810b5257e
109,1679,0.0498663,0x4a0424a7714ff91b10c5f22e3c316e030a65ee42,2017-10-27T07:13:44.000Z,0.0000297,0x5c4fa72c0199ca949e1abb046710ea46902f2ee3,buy,0x5c6183d10a00cd747a6dbb5f658ad514383e9419,0x9bdc8dc74c182a538ca5832972fd1a5cd7448efb15b3b4d08c4d97f2ac98df0e
110,4677,0.1379715,0x5c4fa72c0199ca949e1abb046710ea46902f2ee3,2017-10-27T07:12:20.000Z,0.0000295,0x4a0424a7714ff91b10c5f22e3c316e030a65ee42,buy,0x5c6183d10a00cd747a6dbb5f658ad514383e9419,0xe1a9ff91054ef05ffdb73745798f735af9ab0eaf28986c5a2b7b2d1e2fd5e611
111,5611.672,0.163787870664,0x5c4fa72c0199ca949e1abb046710ea46902f2ee3,2017-10-27T05:22:47.000Z,0.000029187,0x4a0424a7714ff91b10c5f22e3c316e030a65ee42,buy,0x5c6183d10a00cd747a6dbb5f658ad514383e9419,0xf97e35d5cd382d02b8df52c4c9d369189a026117cb855cfa9b856b63ddfe2f44
112,12678,0.331998786,0x4a0424a7714ff91b10c5f22e3c316e030a65ee42,2017-10-27T05:18:46.000Z,0.000026187,0x5c4fa72c0199ca949e1abb046710ea46902f2ee3,buy,0x5c6183d10a00cd747a6dbb5f658ad514383e9419,0x01ca69b99260087d529454c2d3e9b73a34445d28ff2c60a580adef67252ea617
113,10377.32776945,0.3028830656071282,0x5c4fa72c0199ca949e1abb046710ea46902f2ee3,2017-10-27T05:15:29.000Z,0.0000291870000000184,0x4a0424a7714ff91b10c5f22e3c316e030a65ee42,buy,0x5c6183d10a00cd747a6dbb5f658ad514383e9419,0xf7338563f84f511a3160767a73f4fc311b20440f3435cabd9ee03a0d38e7bffa
114,6000,0.145128,0x4a0424a7714ff91b10c5f22e3c316e030a65ee42,2017-10-27T05:13:45.000Z,0.000024188,0x5c4fa72c0199ca949e1abb046710ea46902f2ee3,buy,0x5c6183d10a00cd747a6dbb5f658ad514383e9419,0x10605f2c0fbf3e8ad1d0c858ae2df22a103c85f188a85d6505bc4886f69d1825
115,6558,0.158618346,0x5c4fa72c0199ca949e1abb046710ea46902f2ee3,2017-10-26T16:46:08.000Z,0.000024187,0x4a0424a7714ff91b10c5f22e3c316e030a65ee42,buy,0x5c6183d10a00cd747a6dbb5f658ad514383e9419,0x9d9c1eb6ac2ad41d4317cbefa0f97f46011fcc57f98aad8c4d974fa4b82d291b
116,3000,0.072564,0x4a0424a7714ff91b10c5f22e3c316e030a65ee42,2017-10-26T16:39:26.000Z,0.000024188,0x5c4fa72c0199ca949e1abb046710ea46902f2ee3,buy,0x5c6183d10a00cd747a6dbb5f658ad514383e9419,0x5a26d12b73644beece960995e7315ab93972a0d68bada882cea792c922464ec5
117,6678,0.161527464,0x4a0424a7714ff91b10c5f22e3c316e030a65ee42,2017-10-26T11:56:33.000Z,0.000024188,0x5c4fa72c0199ca949e1abb046710ea46902f2ee3,buy,0x5c6183d10a00cd747a6dbb5f658ad514383e9419,0xfde13ce53aef5343bb82ecb0165b89d47a7bb3d88fc26d674ff569aff13c925d
118,10,0.15,0x5c4fa72c0199ca949e1abb046710ea46902f2ee3,2017-10-26T11:47:40.000Z,0.015,0x4a0424a7714ff91b10c5f22e3c316e030a65ee42,buy,0x5c6183d10a00cd747a6dbb5f658ad514383e9419,0xdc94d835171e6001efb9d6d9b55f642e61c533d7ffb3706beb5a7fd094a0edd0
119,5678,0.13729404,0x5c4fa72c0199ca949e1abb046710ea46902f2ee3,2017-10-26T11:42:50.000Z,0.00002418,0x5c4fa72c0199ca949e1abb046710ea46902f2ee3,buy,0x5c6183d10a00cd747a6dbb5f658ad514383e9419,0x43510dc65df71cea786eeb61152b4842f3f33722397095b072ae92c30bda50ae
120,4600,0.11086,0x4a0424a7714ff91b10c5f22e3c316e030a65ee42,2017-10-26T11:41:09.000Z,0.0000241,0x5c4fa72c0199ca949e1abb046710ea46902f2ee3,sell,0x5c6183d10a00cd747a6dbb5f658ad514383e9419,0x3cae56ae25daa684691ccb072244b8e47b48e10714f1ff2d193ae2a2c1acda25
121,100,0.0024189,0x4a0424a7714ff91b10c5f22e3c316e030a65ee42,2017-10-25T17:47:57.000Z,0.000024189,0x5c4fa72c0199ca949e1abb046710ea46902f2ee3,buy,0x5c6183d10a00cd747a6dbb5f658ad514383e9419,0x5ef0cc195303ac443386081a7a5dffcf63e375378081bc89940f683bb966daef
122,444,0.010739916,0x54b59cbea68b581f1fa6ae1c3d5ea0643e8e2378,2017-10-25T12:45:25.000Z,0.000024189,0x5c4fa72c0199ca949e1abb046710ea46902f2ee3,buy,0x5c6183d10a00cd747a6dbb5f658ad514383e9419,0x1ff97a98601ce6ff55794fd291e8fcd15cc9d3a5bc8a3a3740a114df91f0a8c0
123,19789,0.455839615,0x5c4fa72c0199ca949e1abb046710ea46902f2ee3,2017-10-25T09:52:59.000Z,0.000023035,0x4a0424a7714ff91b10c5f22e3c316e030a65ee42,buy,0x5c6183d10a00cd747a6dbb5f658ad514383e9419,0x325c6fe9a58ff51e0a416cb3571dcecd88774705777f8787046d39e96bf9918c
124,14865,0.341880135,0x4a0424a7714ff91b10c5f22e3c316e030a65ee42,2017-10-25T09:51:38.000Z,0.000022999,0x5c4fa72c0199ca949e1abb046710ea46902f2ee3,buy,0x5c6183d10a00cd747a6dbb5f658ad514383e9419,0x450dffc6d3d84015611c0560e4090bdd867312de314932d66b2dc07b929866cd
125,13356,0.3058524,0x5c4fa72c0199ca949e1abb046710ea46902f2ee3,2017-10-25T05:59:23.000Z,0.0000229,0x4a0424a7714ff91b10c5f22e3c316e030a65ee42,buy,0x5c6183d10a00cd747a6dbb5f658ad514383e9419,0x548e2d4aae37bad6acbb16552040b1499661f6bec3b3779b5365a1b0e84caa4d
126,5000,0.115,0x4a0424a7714ff91b10c5f22e3c316e030a65ee42,2017-10-24T17:03:43.000Z,0.000023,0x5c4fa72c0199ca949e1abb046710ea46902f2ee3,sell,0x5c6183d10a00cd747a6dbb5f658ad514383e9419,0x5672af22d05029a889a84036acffc3f15bf16495b9dac7e7b9330169a392b084
127,24000,0.55176,0x5c4fa72c0199ca949e1abb046710ea46902f2ee3,2017-10-24T17:01:22.000Z,0.00002299,0x4a0424a7714ff91b10c5f22e3c316e030a65ee42,buy,0x5c6183d10a00cd747a6dbb5f658ad514383e9419,0x63cf1d869fdac4bb95e907f2d920f09ef425d67cb735db4c0ccbce981b4c7f81
128,8500,0.187,0x4a0424a7714ff91b10c5f22e3c316e030a65ee42,2017-10-24T16:58:26.000Z,0.000022,0x5c4fa72c0199ca949e1abb046710ea46902f2ee3,sell,0x5c6183d10a00cd747a6dbb5f658ad514383e9419,0x1c9dfe97b3729e6da674b398710165d00cb2090043222bf92118a268f9be5fcd
129,12477,0.301806153,0x4a0424a7714ff91b10c5f22e3c316e030a65ee42,2017-10-24T16:54:25.000Z,0.000024189,0x5c4fa72c0199ca949e1abb046710ea46902f2ee3,buy,0x5c6183d10a00cd747a6dbb5f658ad514383e9419,0x976a55d7459297f3141c0716b1cb16482f982b003894da7c920cf45adff09e5c
130,12500,0.287375,0x5c4fa72c0199ca949e1abb046710ea46902f2ee3,2017-10-24T14:25:48.000Z,0.00002299,0x4a0424a7714ff91b10c5f22e3c316e030a65ee42,buy,0x5c6183d10a00cd747a6dbb5f658ad514383e9419,0x86080fd24aed1638afeee063c7c907ebd38bdf516028a923213af03a01d7328b
131,11000,0.252879,0x4a0424a7714ff91b10c5f22e3c316e030a65ee42,2017-10-24T14:23:40.000Z,0.000022989,0x5c4fa72c0199ca949e1abb046710ea46902f2ee3,buy,0x5c6183d10a00cd747a6dbb5f658ad514383e9419,0xf3d5211c4651737ec7e681a0a27f930560045e78505f51f1a379ef01eec4985d
132,20189,0.46394322,0x5c4fa72c0199ca949e1abb046710ea46902f2ee3,2017-10-24T14:20:37.000Z,0.00002298,0x4a0424a7714ff91b10c5f22e3c316e030a65ee42,buy,0x5c6183d10a00cd747a6dbb5f658ad514383e9419,0x87e6063aa0dcf232f0426d36589d78489aba165383264355e13f8baba6f2c1a2
133,7860.998,0.180716483022,0x4a0424a7714ff91b10c5f22e3c316e030a65ee42,2017-10-24T14:16:36.000Z,0.000022989,0x5c4fa72c0199ca949e1abb046710ea46902f2ee3,buy,0x5c6183d10a00cd747a6dbb5f658ad514383e9419,0xe336b0a69b3c17df04fab0c6450a4a95d12df8e0e622478798fd53220f05e5b2
134,0.00009985,0.000000002295662333,0x10e1cb4623006ad3bc516319fe42cd629b3f520d,2017-10-24T13:28:00.000Z,0.00002299110999499248,0x5c4fa72c0199ca949e1abb046710ea46902f2ee3,buy,0x5c6183d10a00cd747a6dbb5f658ad514383e9419,0xf34f415711886bfdefb2d5ad404fd4cb12d852629088ff8e0844d1ba3a320f93
135,1.00168727,0.00002302778885455,0x10e1cb4623006ad3bc516319fe42cd629b3f520d,2017-10-24T13:20:47.000Z,0.0000229890002041755,0x5c4fa72c0199ca949e1abb046710ea46902f2ee3,buy,0x5c6183d10a00cd747a6dbb5f658ad514383e9419,0x26a969126b1704a18d682bd645572b27ab4b1bf4e430c789db95fca38ac2a0fb
136,1741,0.040023849,0x10e1cb4623006ad3bc516319fe42cd629b3f520d,2017-10-24T13:04:36.000Z,0.000022989,0x5c4fa72c0199ca949e1abb046710ea46902f2ee3,buy,0x5c6183d10a00cd747a6dbb5f658ad514383e9419,0x276512d0ceefe5950d428a36857238af8c87320f41218ca283d569e21e0c125f
137,874,0.020092386,0x10e1cb4623006ad3bc516319fe42cd629b3f520d,2017-10-24T11:43:08.000Z,0.000022989,0x5c4fa72c0199ca949e1abb046710ea46902f2ee3,buy,0x5c6183d10a00cd747a6dbb5f658ad514383e9419,0x85e0b5a55e77b18161af21e6343794c7779894318c124fc2322dc904152d3a8a
138,7568,0.174064,0x4a0424a7714ff91b10c5f22e3c316e030a65ee42,2017-10-24T07:57:30.000Z,0.000023,0x5c4fa72c0199ca949e1abb046710ea46902f2ee3,buy,0x5c6183d10a00cd747a6dbb5f658ad514383e9419,0xee5b282d7451571d25c37d2482e386d04f41e3c30b4451be60a8cebab9e157d8
139,5389,0.123941611,0x4a0424a7714ff91b10c5f22e3c316e030a65ee42,2017-10-24T07:55:57.000Z,0.000022999,0x5c4fa72c0199ca949e1abb046710ea46902f2ee3,buy,0x5c6183d10a00cd747a6dbb5f658ad514383e9419,0xde00ef82e6199ef6d9fb590a23b972bbb609c475bb4e436dcb68d570fb27376b
140,46800,0.9828,0x4a0424a7714ff91b10c5f22e3c316e030a65ee42,2017-10-24T07:53:06.000Z,0.000021,0x5c4fa72c0199ca949e1abb046710ea46902f2ee3,buy,0x5c6183d10a00cd747a6dbb5f658ad514383e9419,0xd4be1913f1a8a90f13ca8e3d86644cc7cf324828a4f6b72f687ac611ed83a764
141,11999.995,0.25139989525,0x5c4fa72c0199ca949e1abb046710ea46902f2ee3,2017-10-24T07:52:12.000Z,0.00002095,0x4a0424a7714ff91b10c5f22e3c316e030a65ee42,buy,0x5c6183d10a00cd747a6dbb5f658ad514383e9419,0x3ac1c73cd00a4e43b98d54c152a45a685e57c8478925722b48e75a12c909e240
142,0.00490865,0.000000102836425902,0xbe7f654782c07f88c0da28e4889289cd9f474b86,2017-10-24T04:03:41.000Z,0.00002095004245607244,0x4a0424a7714ff91b10c5f22e3c316e030a65ee42,buy,0x5c6183d10a00cd747a6dbb5f658ad514383e9419,0x3fff761dea9cdaf28c19b2cc5b442bd65d8152cd8f8141b35d69f009d29029d7
143,8.59626823,0.001031552188216528,0xbe7f654782c07f88c0da28e4889289cd9f474b86,2017-10-24T03:59:05.000Z,0.00012000000007172042,0xdbbae39c54992479faac890e81eb4d8579b951d6,buy,0x5c6183d10a00cd747a6dbb5f658ad514383e9419,0x2ea74f2e8c2080889216da417b39f3cadd2aa41c9be765d4eec3f4bb6dbf9d4a
144,55000,1.15225,0x9e825cdf7cd4163beca2a82b84653b072887fb55,2017-10-23T18:27:57.000Z,0.00002095,0x4a0424a7714ff91b10c5f22e3c316e030a65ee42,buy,0x5c6183d10a00cd747a6dbb5f658ad514383e9419,0x296ff27c828b1e1e0f4b0d3e9a6637fe7a1f78c5760219537061212db6c29ba8
145,10074,0.211554,0x4a0424a7714ff91b10c5f22e3c316e030a65ee42,2017-10-23T16:36:52.000Z,0.000021,0x5c4fa72c0199ca949e1abb046710ea46902f2ee3,buy,0x5c6183d10a00cd747a6dbb5f658ad514383e9419,0x21f0932ceda65fc7848eb23f04d041b1e40f401ba65c6da4ef4922c20b932605
146,10000,0.209,0x5c4fa72c0199ca949e1abb046710ea46902f2ee3,2017-10-23T16:34:53.000Z,0.0000209,0x4a0424a7714ff91b10c5f22e3c316e030a65ee42,buy,0x5c6183d10a00cd747a6dbb5f658ad514383e9419,0xc7f14fc3ca728b16bb3f68267d18d4090c24478da86ccaf5666319cf0a445a12
147,2630,0.0548355,0x5c4fa72c0199ca949e1abb046710ea46902f2ee3,2017-10-23T16:32:20.000Z,0.00002085,0x4a0424a7714ff91b10c5f22e3c316e030a65ee42,buy,0x5c6183d10a00cd747a6dbb5f658ad514383e9419,0x7e5d2f107af6f447ff79328151f057e29ce7c288c7b62c416ccfca2975d61743
148,770,0.01611995,0x5c4fa72c0199ca949e1abb046710ea46902f2ee3,2017-10-23T16:29:15.000Z,0.000020935,0x4a0424a7714ff91b10c5f22e3c316e030a65ee42,buy,0x5c6183d10a00cd747a6dbb5f658ad514383e9419,0xef36631d633c84dde0a7a6e21380f13605455f69998288c42bdfa6df721bba25
149,543,0.011313405,0x4a0424a7714ff91b10c5f22e3c316e030a65ee42,2017-10-23T16:27:23.000Z,0.000020835,0x5c4fa72c0199ca949e1abb046710ea46902f2ee3,sell,0x5c6183d10a00cd747a6dbb5f658ad514383e9419,0x1eea0150e9dfda5ccb8b90bff6a9ebbb20cfc7733d3f806cdb077ef2a044bcdc
150,10000,0.2,0x27884ff74cbd7a8a421c0762767ad6da0191ff1c,2017-10-23T16:03:46.000Z,0.00002,0x5c4fa72c0199ca949e1abb046710ea46902f2ee3,sell,0x5c6183d10a00cd747a6dbb5f658ad514383e9419,0x4b53487857ced7f07eea61694ad8326b1562a2baf637d4ff97911d01c5aee279
151,13456,0.282576,0x27884ff74cbd7a8a421c0762767ad6da0191ff1c,2017-10-23T15:56:52.000Z,0.000021,0x5c4fa72c0199ca949e1abb046710ea46902f2ee3,buy,0x5c6183d10a00cd747a6dbb5f658ad514383e9419,0x02f17ee11f9562c159958a05a49a89e75136ae700de502c3f94dc4eeb95598df
152,3080.62,0.0616124,0x27884ff74cbd7a8a421c0762767ad6da0191ff1c,2017-10-23T15:55:44.000Z,0.00002,0x9d79b4dee7f1e0a0eeaab19a74365230f6158d84,buy,0x5c6183d10a00cd747a6dbb5f658ad514383e9419,0x1d5e826b7298f1a1cec1681ebb334ef48629be10e7c0e0432bc54ae1ffb43d24
153,67,0.0007638,0x5c4fa72c0199ca949e1abb046710ea46902f2ee3,2017-10-23T15:51:08.000Z,0.0000114,0x5c4fa72c0199ca949e1abb046710ea46902f2ee3,sell,0x5c6183d10a00cd747a6dbb5f658ad514383e9419,0x8203ad0470897be108579a9324642a534441debdb6902ae2ddaa98b95230126d
154,50,0.00057,0x5c4fa72c0199ca949e1abb046710ea46902f2ee3,2017-10-23T15:49:30.000Z,0.0000114,0x5c4fa72c0199ca949e1abb046710ea46902f2ee3,sell,0x5c6183d10a00cd747a6dbb5f658ad514383e9419,0x5ca3b9eb4a45aff879130566e3859cad1ef3074a40ae0eb63c0f98ec4ffeb359
155,20,0.00008002,0x285685e113e967fb1f88bc09e74efc4a2b3e14c4,2017-10-22T19:01:02.000Z,0.000004001,0x285685e113e967fb1f88bc09e74efc4a2b3e14c4,sell,0x5c6183d10a00cd747a6dbb5f658ad514383e9419,0xd303e9689892ad190ba3a5ba586c7f8b4d4e9f87b7a1627cfeffcd80c489eb02
156,68,0.0010472,0x5c4fa72c0199ca949e1abb046710ea46902f2ee3,2017-10-22T18:59:00.000Z,0.0000154,0x285685e113e967fb1f88bc09e74efc4a2b3e14c4,sell,0x5c6183d10a00cd747a6dbb5f658ad514383e9419,0x01e16eb543bfe18b3eb38b1c5b05a5092d19849e4135341c02374608d9489513
157,230,0.00529,0x5c4fa72c0199ca949e1abb046710ea46902f2ee3,2017-10-22T16:05:52.000Z,0.000023,0x5d4ec95d3bafb93c34590a3715aed768531fc38a,sell,0x5c6183d10a00cd747a6dbb5f658ad514383e9419,0x72d9e4fa386bec573acce05a03764b735017c2ba178122ebc7a5845a1953c2e3
158,120,0.00252,0x5c4fa72c0199ca949e1abb046710ea46902f2ee3,2017-10-22T16:05:01.000Z,0.000021,0x5c4fa72c0199ca949e1abb046710ea46902f2ee3,sell,0x5c6183d10a00cd747a6dbb5f658ad514383e9419,0xad0ef7b3ca04414c787e21935a0804b1ae156a7cdb146977e16404dc795915a6
159,200,0.0042,0x27884ff74cbd7a8a421c0762767ad6da0191ff1c,2017-10-22T05:46:16.000Z,0.000021,0x5c4fa72c0199ca949e1abb046710ea46902f2ee3,buy,0x5c6183d10a00cd747a6dbb5f658ad514383e9419,0x94b1cbf4fed0dd6d0bca53e24238b932f41f4fed343735d25261375e63daab92
160,22152.32358966,0.0883877711227434,0x1e14b6a483ea930534487a419cb818aa68058c2e,2017-10-22T04:52:57.000Z,0.00000399,0x5c4fa72c0199ca949e1abb046710ea46902f2ee3,sell,0x5c6183d10a00cd747a6dbb5f658ad514383e9419,0xc6e3c1cec187daa2dc7996fdb904ec60abf2fc1e72b21d3ed506325790ce2170
161,3000,0.012,0xd7c5686460b4e3ce47946f1bc1ccf491d3b120a7,2017-10-22T04:52:17.000Z,0.000004,0x5c4fa72c0199ca949e1abb046710ea46902f2ee3,sell,0x5c6183d10a00cd747a6dbb5f658ad514383e9419,0x5e8dc97e2eb829203b39da8a41bebfcffc9fbd68867cfba312ac7dcca6a0f86d
162,498.743,0.00997984743,0xdbbae39c54992479faac890e81eb4d8579b951d6,2017-10-21T20:35:03.000Z,0.00002001,0x5c4fa72c0199ca949e1abb046710ea46902f2ee3,sell,0x5c6183d10a00cd747a6dbb5f658ad514383e9419,0x854029dcb08f1c894050d9ee1fe3717d0ff2037f69cd268b7c2b2424c735b81a
163,2000,0.040064,0xd7c5686460b4e3ce47946f1bc1ccf491d3b120a7,2017-10-21T20:34:51.000Z,0.000020032,0x5c4fa72c0199ca949e1abb046710ea46902f2ee3,sell,0x5c6183d10a00cd747a6dbb5f658ad514383e9419,0xc457a67d01ef7f8184b06ba0c425b94d00cd53eff29bdea415291bcd2786b564
164,3190.383,0.066998043,0xea852cfe723792a1197a1c5bc7834f1bb6100091,2017-10-21T20:34:28.000Z,0.000021,0x5c4fa72c0199ca949e1abb046710ea46902f2ee3,sell,0x5c6183d10a00cd747a6dbb5f658ad514383e9419,0x994e7a2b41700ad27e8bf3682d66f006fc124eafa774d9ff6ad4ba533498a4da
165,1000,0.02101,0xd7c5686460b4e3ce47946f1bc1ccf491d3b120a7,2017-10-21T20:33:23.000Z,0.00002101,0x5c4fa72c0199ca949e1abb046710ea46902f2ee3,sell,0x5c6183d10a00cd747a6dbb5f658ad514383e9419,0x6e38ba3049774b81707453e3bd17d16e3ee60a827756280a3f426d11668dce32
166,49845.47901505,0.204366463961705,0x5d4ec95d3bafb93c34590a3715aed768531fc38a,2017-10-21T15:02:04.000Z,0.0000041,0x8890cd7b1af38166b8a4949f44b72db5db91b67e,sell,0x5c6183d10a00cd747a6dbb5f658ad514383e9419,0x772f031f64d39c148f6336c79047d1c79140ed473469cccb9fb5f66241edaf1e
167,400,0.0084,0xea852cfe723792a1197a1c5bc7834f1bb6100091,2017-10-21T02:21:24.000Z,0.000021,0x285685e113e967fb1f88bc09e74efc4a2b3e14c4,sell,0x5c6183d10a00cd747a6dbb5f658ad514383e9419,0x3403f00351fc0bf3c4a78c137c492be28b38388c0166d4e439322f103f5e9898
168,21409.61669273,0.44960195054733,0xea852cfe723792a1197a1c5bc7834f1bb6100091,2017-10-20T18:28:24.000Z,0.000021,0x1ed014aec47fae44c9e55bac7662c0b78ae61798,sell,0x5c6183d10a00cd747a6dbb5f658ad514383e9419,0xb7d950700b261b2d0236577c36c47998c6c0ee6aeca986eed432d483a3fe8f67
169,1,0.0000467,0x6cdea8e07bf82d7a07dbf36642d6e5be8623845c,2017-10-20T03:26:17.000Z,0.0000467,0xea852cfe723792a1197a1c5bc7834f1bb6100091,buy,0x5c6183d10a00cd747a6dbb5f658ad514383e9419,0x6e66360a65cbf7ea2630e55bfbb5dd822fdab36e5c60a2148b16552e9d4207e9
170,513.97166666,0.023128725,0x27884ff74cbd7a8a421c0762767ad6da0191ff1c,2017-10-19T04:56:04.000Z,0.00004500000000058368,0x8d6e0a79003a9d49e68a6b82bbd497189f019905,buy,0x5c6183d10a00cd747a6dbb5f658ad514383e9419,0x1574a44620e6f71c56c5683629e7320dd51e95d80da2ae6d643ca3a60839dd04
171,374.111,0.01666664505,0x5d5065b42bdee0274e394ba9042c21e1818c69cf,2017-10-19T04:54:16.000Z,0.00004455,0x4b940b4a7a9f73d6bf883dce46dc056b13a91c04,sell,0x5c6183d10a00cd747a6dbb5f658ad514383e9419,0x44f2b72bf25f2de332ffa462fbed6d6f74198bf954bff16cf753c2cac29cccf4
172,1,0.0000467999,0x3ac636ac5c3a2576156ac5f10066ca68abe0ad54,2017-10-18T17:36:06.000Z,0.0000467999,0xd7c5686460b4e3ce47946f1bc1ccf491d3b120a7,buy,0x5c6183d10a00cd747a6dbb5f658ad514383e9419,0x093ffa7da26c21be36ea328448cdb544d451b16dfac2323283657b77d9e88137
173,11.11111111,0.0005,0x379374d13077e8867ef31803c37baf9785a17c00,2017-10-18T15:20:26.000Z,0.0000450000000045,0x8d6e0a79003a9d49e68a6b82bbd497189f019905,buy,0x5c6183d10a00cd747a6dbb5f658ad514383e9419,0xeba1ebf8caa5bacfbda9719ffdc64cf990808b31b98f16f000db4c5ddb1a9105
174,11.11111111,0.0005,0xf9695cd65d6dfdf257fab76a3eb0cb8f001971cc,2017-10-18T15:20:26.000Z,0.0000450000000045,0x8d6e0a79003a9d49e68a6b82bbd497189f019905,buy,0x5c6183d10a00cd747a6dbb5f658ad514383e9419,0x6b42e90f6c2217cb5c56882760e235cebd3588ad9e1fdbb57575040e53843010
175,1.25676965,0.0000251479606965,0xdbbae39c54992479faac890e81eb4d8579b951d6,2017-10-18T10:35:15.000Z,0.00002001,0x89933429dc2785f00b27aaa91b40ef7baf366cfe,sell,0x5c6183d10a00cd747a6dbb5f658ad514383e9419,0x75a2a141e51d2678ad05931e1b7d6ae34bb3f736f3a8f433fe110739f68ade67
176,11.11111111,0.0005,0x16e5d97bbc92417e051e3b2cabfbf8ceea2acb9c,2017-10-17T18:03:37.000Z,0.0000450000000045,0x8d6e0a79003a9d49e68a6b82bbd497189f019905,buy,0x5c6183d10a00cd747a6dbb5f658ad514383e9419,0x09f1b74efe95efb430128af8553e139436fe296ed6129ba9ff8eeb5542fb0404
177,10.68376068,0.0005,0xcd912af5286dc0b0a23edb30209734ecb60838b3,2017-10-17T05:46:30.000Z,0.0000468000000164736,0x9e825cdf7cd4163beca2a82b84653b072887fb55,buy,0x5c6183d10a00cd747a6dbb5f658ad514383e9419,0x4a38e37e5864e5cc2d6963ebfacf2bce722ac3e339211756dd2bd4f4db542f51
178,1656.53254143,0.077691376193067,0x27884ff74cbd7a8a421c0762767ad6da0191ff1c,2017-10-17T03:01:54.000Z,0.0000469,0xea852cfe723792a1197a1c5bc7834f1bb6100091,sell,0x5c6183d10a00cd747a6dbb5f658ad514383e9419,0xf621413ee9068489fe6dec4ed84ae5147f65c8fc68f955413d02e867fefc20e4
179,7090.12920365,0.332527059651185,0x27884ff74cbd7a8a421c0762767ad6da0191ff1c,2017-10-17T02:44:57.000Z,0.0000469,0xce385eb7ec5eb29302050828f69fcff5e0a88d14,sell,0x5c6183d10a00cd747a6dbb5f658ad514383e9419,0x0926f219ee7ab3d346621af523b933c1f3a1f3833f5ce5634310815285b6fab9
180,1253.33825492,0.058781564155748,0x27884ff74cbd7a8a421c0762767ad6da0191ff1c,2017-10-17T01:59:39.000Z,0.0000469,0x14d6a9617a144ac2ee29a309862a3d88ba2820d6,sell,0x5c6183d10a00cd747a6dbb5f658ad514383e9419,0x71d5054cc5a36503b365e27e6c144c5652d2889fdfe0dfaa8908928998c5c11d
181,21500,1.032,0x22c1da2d386939b33244eb3d5172663f8aab8a3f,2017-10-15T03:42:33.000Z,0.000048,0x4b940b4a7a9f73d6bf883dce46dc056b13a91c04,sell,0x5c6183d10a00cd747a6dbb5f658ad514383e9419,0xa44614b2fcdc4a9676da2d28a58bf9d13f860ba977fccdafe527071cbdccea34
182,6200,0.31,0x22c1da2d386939b33244eb3d5172663f8aab8a3f,2017-10-14T23:33:17.000Z,0.00005,0x6687c28dc55056f187a486805404bbe20bbb1842,buy,0x5c6183d10a00cd747a6dbb5f658ad514383e9419,0xa30d3e4235043bb96470bc6c160c9895d21cbd8d4c9a6995a5af95f19a81ffa5
183,50000.968,2.499998399032,0x22c1da2d386939b33244eb3d5172663f8aab8a3f,2017-10-14T23:28:49.000Z,0.000049999,0x5f2ce35dca6626c5c934fed00b0c1986156ee9ff,buy,0x5c6183d10a00cd747a6dbb5f658ad514383e9419,0xc9e03aa07c32acbdf9bbe3ba7e45630b485eb47f782632a13333779e3c15801e
184,13800,0.69,0x22c1da2d386939b33244eb3d5172663f8aab8a3f,2017-10-14T23:28:12.000Z,0.00005,0x5d4ec95d3bafb93c34590a3715aed768531fc38a,buy,0x5c6183d10a00cd747a6dbb5f658ad514383e9419,0x37f48b63d72f9b814f93c5c67b844e3106d319d19eaa24ff3506697a0b330215
185,21000,1.0059,0x22c1da2d386939b33244eb3d5172663f8aab8a3f,2017-10-14T22:53:52.000Z,0.0000479,0xea852cfe723792a1197a1c5bc7834f1bb6100091,buy,0x5c6183d10a00cd747a6dbb5f658ad514383e9419,0x898dd35fe631c4d32673eeec0251f390580183a6d3d7df23e055fbc72a59e352
186,2000,0.0956,0x22c1da2d386939b33244eb3d5172663f8aab8a3f,2017-10-14T22:53:32.000Z,0.0000478,0xd7c5686460b4e3ce47946f1bc1ccf491d3b120a7,buy,0x5c6183d10a00cd747a6dbb5f658ad514383e9419,0x2c8a1ea25d0bb1ea63e97e146293a05d6e9912d4b4ce7b854c143359b543e085
187,10000,0.4,0x22c1da2d386939b33244eb3d5172663f8aab8a3f,2017-10-14T22:46:30.000Z,0.00004,0xce385eb7ec5eb29302050828f69fcff5e0a88d14,buy,0x5c6183d10a00cd747a6dbb5f658ad514383e9419,0xe90589398ef608de06c25a615f02159ca6efb3082247ce6bb2048554a56bd6fa
188,471.099,0.005653188,0x22c1da2d386939b33244eb3d5172663f8aab8a3f,2017-10-14T22:46:17.000Z,0.000012,0xa5f282efd8db8c66dc5dcfb5ab3bfccb2637d783,buy,0x5c6183d10a00cd747a6dbb5f658ad514383e9419,0x4259392a1838f92637b303589eac470fc316b8bfae59269789ee6716a8d36469
189,1000,0.012,0xc86a8ddcf1b45be71b80ec7c51f2439a0740d34b,2017-10-14T19:24:15.000Z,0.000012,0xa5f282efd8db8c66dc5dcfb5ab3bfccb2637d783,buy,0x5c6183d10a00cd747a6dbb5f658ad514383e9419,0xe7d71b6dd7aae357f5c4a62ea13a72fb6a6ac4010bcbf977a3b662047bf069ba
190,2000,0.0242,0xd7c5686460b4e3ce47946f1bc1ccf491d3b120a7,2017-10-14T18:10:33.000Z,0.0000121,0xa5f282efd8db8c66dc5dcfb5ab3bfccb2637d783,sell,0x5c6183d10a00cd747a6dbb5f658ad514383e9419,0x5d83b3e14064e734aeecab41a1eb2e9e9e32666ef8b6218a2c804a7f0114b0ab
191,0.00049292,0.00000000591504,0xea852cfe723792a1197a1c5bc7834f1bb6100091,2017-10-14T09:49:57.000Z,0.000012,0x515bd0334ed58e7f354a8f0f0964aaec06adaf8c,sell,0x5c6183d10a00cd747a6dbb5f658ad514383e9419,0x2134ec9a533a2df963c722c8d652cdb9bda40e75ea3289ba7629e16ba5bf986f
192,3000,0.11997,0x22c1da2d386939b33244eb3d5172663f8aab8a3f,2017-10-14T08:02:38.000Z,0.00003999,0xd7c5686460b4e3ce47946f1bc1ccf491d3b120a7,buy,0x5c6183d10a00cd747a6dbb5f658ad514383e9419,0xf1e2c118b0f425ffa956de4212b26f25ae7758cdb809c8f56d888b1e91698620
193,10000,0.3,0x27884ff74cbd7a8a421c0762767ad6da0191ff1c,2017-10-14T03:18:21.000Z,0.00003,0xb26be4d9ce4f9df16fd116fa2dff101228a48bd9,buy,0x5c6183d10a00cd747a6dbb5f658ad514383e9419,0x7a1080fd9f1744bccf07f4b00e74c6bda12b6b3384265f8d23590bca259a4f48
194,3070.09,0.11359333,0x27884ff74cbd7a8a421c0762767ad6da0191ff1c,2017-10-13T22:21:05.000Z,0.000037,0x8ea8410af2d2dd0e50c8f403e0cf1214844cbebc,buy,0x5c6183d10a00cd747a6dbb5f658ad514383e9419,0xa1dfac61bfa9628f8fb51e45fde5179f99caa7864c70c7e3a16e2696659c8a5d
195,2283.399,0.0637068321,0xd37d88d01d9ea4b27a33c161706ed9720a97716e,2017-10-08T01:27:33.000Z,0.0000279,0xc9087108b890f9aee9c5b878c6f062a2b0c730f3,buy,0x5c6183d10a00cd747a6dbb5f658ad514383e9419,0x880be6bc62206245ab2ace797583e24a1f35b4446ba92143947a5e15b0495c8e
196,6090.423,0.1693137594,0xfefedf149619a3e1829f0ac0489b1fe9eeb3c4ae,2017-10-07T02:26:24.000Z,0.0000278,0x5524662fa37df94a7c1c8bb7bcf001defb00f57d,buy,0x5c6183d10a00cd747a6dbb5f658ad514383e9419,0x8aefac6fbfa718bc3ec1bf0d48b325757dec021c7adcacd364131b5d834ca4ba
197,687.69519826,0.019943160749577814,0xb4de163c6d95675568755f5490ef2c03ee3e52d6,2017-10-05T10:06:46.000Z,0.00002900000000005498,0xc9087108b890f9aee9c5b878c6f062a2b0c730f3,buy,0x5c6183d10a00cd747a6dbb5f658ad514383e9419,0x9cea9eea53da46cae77ca82b1571afce595293298ae9754fb46e2b378ade88e8
198,1718.8096212,0.04984547901505333,0xb4de163c6d95675568755f5490ef2c03ee3e52d6,2017-10-05T10:00:44.000Z,0.00002900000000014738,0xc9087108b890f9aee9c5b878c6f062a2b0c730f3,buy,0x5c6183d10a00cd747a6dbb5f658ad514383e9419,0x2816169232f10817337ae4d5c9abe2558513a32d54ca0fe138644f69b8d1e32a
199,4789.90415414,0.048378031956814,0xc9087108b890f9aee9c5b878c6f062a2b0c730f3,2017-10-01T15:36:37.000Z,0.0000101,0xf124c07cbf9bee82db79462ad5e9d809ca11d02e,sell,0x5c6183d10a00cd747a6dbb5f658ad514383e9419,0xb50cbb8d61b1db5c9b5d9bb353e8888ea9549d78c013bc41a50f2f53f9eff539
200,200,0.00698,0xa0be78d2bac6a692adba423c7af50ec86a18bddf,2017-09-28T13:22:40.000Z,0.0000349,0x4f244dccab958525b3b9edbea42c42339398f40b,buy,0x5c6183d10a00cd747a6dbb5f658ad514383e9419,0xded60cbb14f1d74fbec5792a284238dcdbba562a5352d6884601b91bd0a02af9
201,12.5,0.0005,0x23ee598e50ff1b1bde1022bf3c8a41d4c23321a0,2017-09-25T00:44:08.000Z,0.00004,0xc86a8ddcf1b45be71b80ec7c51f2439a0740d34b,buy,0x5c6183d10a00cd747a6dbb5f658ad514383e9419,0x6c9a5144b5e1d146939e2789c2593ef88d870fa6e733025b5990e1ab35f30e6d
202,12.5,0.0005,0xe5a759eb3e214ff0a2bbbea31acc41c9bf27b239,2017-09-25T00:26:12.000Z,0.00004,0xc86a8ddcf1b45be71b80ec7c51f2439a0740d34b,buy,0x5c6183d10a00cd747a6dbb5f658ad514383e9419,0xd606402f476d45faa92921d57d7bf85b33465861a6078bc69c4d556d2dd8c6d9
203,12.5,0.0005,0x160506e5a5ce5dadd43623689f53d5aa1f288f0f,2017-09-25T00:13:10.000Z,0.00004,0xc86a8ddcf1b45be71b80ec7c51f2439a0740d34b,buy,0x5c6183d10a00cd747a6dbb5f658ad514383e9419,0x0a5905cb9c8f4344564a57542c7498dedd5a1e42e6cebacb334d80920527e55b
204,2631.43645561,0.10367859635131094,0x3d4b4c28c1d721af62109a34f82be8edb78d21b2,2017-09-24T19:08:08.000Z,0.00003940000000010524,0xa94902b2dac7332131e5b4776d3fb34d5fe43f62,buy,0x5c6183d10a00cd747a6dbb5f658ad514383e9419,0x12e5c17c5b657d644aa59115d75aec5a22f3b01be03f8705b15fc2ba134c33e6
205,12.5,0.0005,0x452b06f1c61cff4c9bebaa405319a7c3b12553a2,2017-09-23T23:28:20.000Z,0.00004,0xc86a8ddcf1b45be71b80ec7c51f2439a0740d34b,buy,0x5c6183d10a00cd747a6dbb5f658ad514383e9419,0xaeaf003c6f5adcdcacd8d9d033a28e9e3d5702bed71a7389a2fd67dae42ed1c6
206,12.5,0.0005,0xc22f5ab4f1591613a92b4d172cc7f4e4a5af58cd,2017-09-23T23:28:20.000Z,0.00004,0xc86a8ddcf1b45be71b80ec7c51f2439a0740d34b,buy,0x5c6183d10a00cd747a6dbb5f658ad514383e9419,0x5261c6bac4546479604ef9cb62cd5e99048b2238c38e1b2ccd834c1e27c4b37a
207,12.5,0.0005,0x2ba19ec4bcd5ae8de66b110bde5ebf41092bd02f,2017-09-23T19:18:58.000Z,0.00004,0xc86a8ddcf1b45be71b80ec7c51f2439a0740d34b,buy,0x5c6183d10a00cd747a6dbb5f658ad514383e9419,0x00448db84709dc53667a9c6dbddc317731023d1f70b65bab5ced3058a8e72a40
208,12.5,0.0005,0x18a902dc44442205b4ba2b1dc038e67506d22c55,2017-09-23T16:26:53.000Z,0.00004,0xc86a8ddcf1b45be71b80ec7c51f2439a0740d34b,buy,0x5c6183d10a00cd747a6dbb5f658ad514383e9419,0x6bb33705a50870b358a96d0f654c6db305ee4f7c153055354c0863b00d496ce4
209,12.5,0.0005,0xd868b838b5de79f1e540b5d83c9e9a3d0b3810cd,2017-09-23T16:24:55.000Z,0.00004,0xc86a8ddcf1b45be71b80ec7c51f2439a0740d34b,buy,0x5c6183d10a00cd747a6dbb5f658ad514383e9419,0x65e34f51a908f81d5341a047f07de687b79a7cc64e5f372c83edf8898a9e64f8
210,25,0.001,0x636d925f140f761f7a0e600db2177dd068ddada1,2017-09-23T10:40:41.000Z,0.00004,0xc86a8ddcf1b45be71b80ec7c51f2439a0740d34b,buy,0x5c6183d10a00cd747a6dbb5f658ad514383e9419,0x1a785c8e1da4ca8a4106fb8997c79a99d3190be334f49b82b9a417e8ec9f4e9a
211,99850,2.9955,0x22c1da2d386939b33244eb3d5172663f8aab8a3f,2017-09-23T02:57:39.000Z,0.00003,0xea852cfe723792a1197a1c5bc7834f1bb6100091,buy,0x5c6183d10a00cd747a6dbb5f658ad514383e9419,0xbac3d32efd7654892b5a6db930cafe4f541f3ce720543524deb5ba776e1fe6f2
212,16.66666666,0.0005,0x999dbc9673afdd6b6c140c261297f89de35ff1b3,2017-09-22T06:16:33.000Z,0.000030000000012,0xea852cfe723792a1197a1c5bc7834f1bb6100091,buy,0x5c6183d10a00cd747a6dbb5f658ad514383e9419,0x1b3fdc16df261c850df0de92bb52be265b13e0c9bb7b0504233b381fc78a4754
213,16.66666666,0.0005,0x999dbc9673afdd6b6c140c261297f89de35ff1b3,2017-09-22T05:33:49.000Z,0.000030000000012,0xea852cfe723792a1197a1c5bc7834f1bb6100091,buy,0x5c6183d10a00cd747a6dbb5f658ad514383e9419,0xabb1aeead3d2e5e3d3c932b315c49228a03d8f91f55dd4fabf16877eb800ae80
214,16.66666666,0.0005,0x8612d2a48328bbf318b856ed0daaa4a7034383d0,2017-09-22T05:26:53.000Z,0.000030000000012,0xea852cfe723792a1197a1c5bc7834f1bb6100091,buy,0x5c6183d10a00cd747a6dbb5f658ad514383e9419,0xf17f80ba733267a790c711959bd97457ddce2b58d670d8ca4b6cc2d8175e861d
215,16.66666666,0.0005,0x10c12555236fa11fc988be565ab70c82a4660ecf,2017-09-22T05:23:58.000Z,0.000030000000012,0xea852cfe723792a1197a1c5bc7834f1bb6100091,buy,0x5c6183d10a00cd747a6dbb5f658ad514383e9419,0x1985f771732df83ec5672a271524c56abacf50347e0801a3d2d89dde805e14fc
216,33.333,0.00099999,0x19b78488b79c6a45d4e060f05a2b35c4873f25c5,2017-09-22T05:15:38.000Z,0.00003,0xea852cfe723792a1197a1c5bc7834f1bb6100091,buy,0x5c6183d10a00cd747a6dbb5f658ad514383e9419,0xa3e09938b8efaee9895db54a0e816563617fe12e9685313cf12df20dbc16d98a
217,16.66666666,0.0005,0x8f28b1970e72adb11173044ebc762800e3128238,2017-09-22T05:09:50.000Z,0.000030000000012,0xea852cfe723792a1197a1c5bc7834f1bb6100091,buy,0x5c6183d10a00cd747a6dbb5f658ad514383e9419,0x85712160b6bcecaa4a128bcb6fde5780d5eb43d8ac1c28234a8a8fa4afe33176
218,16.66666666,0.0005,0x7ed2114439b24152cf18c02c10cae681a7ca2adc,2017-09-22T05:08:25.000Z,0.000030000000012,0xea852cfe723792a1197a1c5bc7834f1bb6100091,buy,0x5c6183d10a00cd747a6dbb5f658ad514383e9419,0x3a6a75fe9c5bf6ba6be8a7041c70e4da94c6534f19c754cb37e1b39780f349e2
219,16.66666666,0.0005,0x03dd03643b71b06642179afb38211c0f45699bc5,2017-09-22T04:58:58.000Z,0.000030000000012,0xea852cfe723792a1197a1c5bc7834f1bb6100091,buy,0x5c6183d10a00cd747a6dbb5f658ad514383e9419,0x63ded6d519ceaeb9076f16b7bfe0c3dbe2bf71b3a6e0ebdb20465ece16b320cb
220,9924.11169962,0.187565711122818,0x5d4ec95d3bafb93c34590a3715aed768531fc38a,2017-09-21T02:35:50.000Z,0.0000189,0xc9087108b890f9aee9c5b878c6f062a2b0c730f3,buy,0x5c6183d10a00cd747a6dbb5f658ad514383e9419,0x186c07647d1023021a84e6a3927950e1e47413d90acfcc4080d6594ad5e6b1b9
221,75.66063547,0.00264804658081453,0x8d6e0a79003a9d49e68a6b82bbd497189f019905,2017-09-20T18:06:55.000Z,0.000034999,0x7aa6e2506316f6d613277d4f2f4e4e1dc55e528e,sell,0x5c6183d10a00cd747a6dbb5f658ad514383e9419,0xc1e8a233457017390c4396924a068346c8e28595eb9e8997ba92416bec629b7b
222,75.88830038,0.001434288877182,0x7aa6e2506316f6d613277d4f2f4e4e1dc55e528e,2017-09-20T18:06:55.000Z,0.0000189,0xc9087108b890f9aee9c5b878c6f062a2b0c730f3,buy,0x5c6183d10a00cd747a6dbb5f658ad514383e9419,0xc1e8a233457017390c4396924a068346c8e28595eb9e8997ba92416bec629b7b
223,19908.28431861,0.12146044262783962,0x1e14b6a483ea930534487a419cb818aa68058c2e,2017-09-20T09:16:30.000Z,0.000006101,0xd6626223b9469abffd7fdcae0cd2780fe732e868,sell,0x5c6183d10a00cd747a6dbb5f658ad514383e9419,0xd90baf356f0b8a514efd453d75de1026d5d60f27df30999f9a3ee44db51ded91
224,10000,0.065,0xc9087108b890f9aee9c5b878c6f062a2b0c730f3,2017-09-20T08:52:53.000Z,0.0000065,0xd6626223b9469abffd7fdcae0cd2780fe732e868,sell,0x5c6183d10a00cd747a6dbb5f658ad514383e9419,0x4b394532807fc7248202846555acb393ddf4b8221eb7d2f666d7729f227c012d
225,30000,0.15003,0xd6626223b9469abffd7fdcae0cd2780fe732e868,2017-09-19T14:05:11.000Z,0.000005001,0x4b940b4a7a9f73d6bf883dce46dc056b13a91c04,sell,0x5c6183d10a00cd747a6dbb5f658ad514383e9419,0xb9ab4f2af7fdf3672c21a3951d2788309cae1f7df54c46961b6dd7f0a09879eb
226,6778.98516529,0.27115940661161303,0xfefedf149619a3e1829f0ac0489b1fe9eeb3c4ae,2017-09-19T05:10:10.000Z,0.00004000000000000192,0xea852cfe723792a1197a1c5bc7834f1bb6100091,buy,0x5c6183d10a00cd747a6dbb5f658ad514383e9419,0x611c3cc6e478f05f42b8d19936988f88a1ff4c53ae0a9953db112ddfd2f69570
227,0.19302726,0.000007721090515769,0xfefedf149619a3e1829f0ac0489b1fe9eeb3c4ae,2017-09-19T05:05:11.000Z,0.00004000000059975466,0xea852cfe723792a1197a1c5bc7834f1bb6100091,buy,0x5c6183d10a00cd747a6dbb5f658ad514383e9419,0xb975727b31bd2464ea4b645f966fc64b7d71e2231bc32dd229207349f25a4807
228,0.24714567,0.000010330689396506,0x8cd3bec93d81f900f4faef7f40259d392b616a7e,2017-09-19T03:31:09.000Z,0.00004180000158006409,0xc86a8ddcf1b45be71b80ec7c51f2439a0740d34b,buy,0x5c6183d10a00cd747a6dbb5f658ad514383e9419,0xdbd76d7e02482741650502ca789efb203e9e8cab59e50d5be92ea529702ed55e
229,2590.6786334,0.10362714533634562,0x8cd3bec93d81f900f4faef7f40259d392b616a7e,2017-09-19T03:29:12.000Z,0.00004000000000013341,0xea852cfe723792a1197a1c5bc7834f1bb6100091,buy,0x5c6183d10a00cd747a6dbb5f658ad514383e9419,0xe9a2abf6759d770aad493283282eb723438d66e8b74f97cf6edd0ea68198eb85
230,50000,0.2,0xea852cfe723792a1197a1c5bc7834f1bb6100091,2017-09-19T03:28:00.000Z,0.000004,0xea852cfe723792a1197a1c5bc7834f1bb6100091,buy,0x5c6183d10a00cd747a6dbb5f658ad514383e9419,0x5e5f66368441b018a3d4c659c872907c58832593df07c5a9690fb978eb577a7a
231,79214.83153423,0.23764449460269,0x28f4166d298e43e2d3241ae036e62b5688814901,2017-09-18T22:09:47.000Z,0.000003,0x1e14b6a483ea930534487a419cb818aa68058c2e,sell,0x5c6183d10a00cd747a6dbb5f658ad514383e9419,0xe0d45d1d99f3cc6e1ffaa4c7761ce22b940d811d33934f6567b499c5b860b564
232,0.00002514,0.00000000007542,0x28f4166d298e43e2d3241ae036e62b5688814901,2017-09-18T21:02:14.000Z,0.000003,0x0ba84fdf0bfd88f905d58a1ebb8624133a58db1b,sell,0x5c6183d10a00cd747a6dbb5f658ad514383e9419,0x4f88349d15177714c2c3026c6e218436bdc73b4eb8daf9638ce31a203e1bb223
233,166777.272,0.500331816,0xea852cfe723792a1197a1c5bc7834f1bb6100091,2017-09-18T16:34:54.000Z,0.000003,0x1e14b6a483ea930534487a419cb818aa68058c2e,sell,0x5c6183d10a00cd747a6dbb5f658ad514383e9419,0x5f430ba463dd5adb074aa0c101c2e2703668adddf676ea55d9348802acc68383
234,65000,0.195,0xea852cfe723792a1197a1c5bc7834f1bb6100091,2017-09-18T16:34:54.000Z,0.000003,0xea852cfe723792a1197a1c5bc7834f1bb6100091,buy,0x5c6183d10a00cd747a6dbb5f658ad514383e9419,0x476bb8ce93219e74a8e0af0c6e54ee32c650ca7b5c8d59c9d899274f4d6e3976
235,13.27977749,0.00003983933247,0xea852cfe723792a1197a1c5bc7834f1bb6100091,2017-09-18T16:26:14.000Z,0.000003,0x1e14b6a483ea930534487a419cb818aa68058c2e,sell,0x5c6183d10a00cd747a6dbb5f658ad514383e9419,0x1704f02b95df97263f4113b26b02fe7eedea65c2156e9aebd625c4c4ec14aa18
236,133209.44801515,0.39962834404545,0xea852cfe723792a1197a1c5bc7834f1bb6100091,2017-09-18T16:13:01.000Z,0.000003,0x1e14b6a483ea930534487a419cb818aa68058c2e,sell,0x5c6183d10a00cd747a6dbb5f658ad514383e9419,0x541e2e06406683d0781cea393f83afc2f9f854baca31727aa09cba502f3b140c
237,35000,0.105,0xea852cfe723792a1197a1c5bc7834f1bb6100091,2017-09-18T15:43:00.000Z,0.000003,0xea852cfe723792a1197a1c5bc7834f1bb6100091,buy,0x5c6183d10a00cd747a6dbb5f658ad514383e9419,0x8446c02b91d2f914ff84ccea5f338a9ea1dd497eee10b7d602e0b25f90517134
238,24924.86381641,0.9969945526565024,0x22c1da2d386939b33244eb3d5172663f8aab8a3f,2017-09-18T15:28:55.000Z,0.0000400000000000041,0xea852cfe723792a1197a1c5bc7834f1bb6100091,buy,0x5c6183d10a00cd747a6dbb5f658ad514383e9419,0x8d15311f777c1499ce27d0fb9b7e0e28eaee09bfdca45cc3084deb2a535109cc
239,300000,0.6,0xea852cfe723792a1197a1c5bc7834f1bb6100091,2017-09-16T23:44:54.000Z,0.000002,0x91682df92be1f8614a278739d849a75b97146a54,sell,0x5c6183d10a00cd747a6dbb5f658ad514383e9419,0xe87f2cf70b018973de82e88bfa94f0eb3931b8bdbeda08f37cf740a62e05e985
240,12.19512195,0.0005,0x42c24a83bded723edfdf5883bc7efb30bc1a1bf3,2017-09-16T17:41:13.000Z,0.0000410000000041,0xea852cfe723792a1197a1c5bc7834f1bb6100091,buy,0x5c6183d10a00cd747a6dbb5f658ad514383e9419,0xda986d856f7286bdb71d7b179c5ba71000476602f4796a0ef37a5a98427cde2f
241,12.19512195,0.0005,0x0f657c396dfcd6c59bb82b89fc3adbe5f90ce153,2017-09-16T15:52:31.000Z,0.0000410000000041,0xea852cfe723792a1197a1c5bc7834f1bb6100091,buy,0x5c6183d10a00cd747a6dbb5f658ad514383e9419,0x9ac08a779be6973b78d4a6cc3e03348185b0a8e1bf3e72b9b7475dd702bdfbb3
242,12.19512195,0.0005,0x0f657c396dfcd6c59bb82b89fc3adbe5f90ce153,2017-09-16T15:52:04.000Z,0.0000410000000041,0xea852cfe723792a1197a1c5bc7834f1bb6100091,buy,0x5c6183d10a00cd747a6dbb5f658ad514383e9419,0x9ac08a779be6973b78d4a6cc3e03348185b0a8e1bf3e72b9b7475dd702bdfbb3
243,11.96172248,0.0005,0x1f8ac99600c61189d92c85cc760735b9e0067a60,2017-09-16T15:49:31.000Z,0.0000418000000280896,0xc86a8ddcf1b45be71b80ec7c51f2439a0740d34b,buy,0x5c6183d10a00cd747a6dbb5f658ad514383e9419,0xfce13643ef3ff4f84d736757cb4ed29fbc0e95ef28942f7802e7f39de5f4d65d
244,499.333,0.014980489333,0x285685e113e967fb1f88bc09e74efc4a2b3e14c4,2017-09-16T11:50:54.000Z,0.000030001,0x91682df92be1f8614a278739d849a75b97146a54,sell,0x5c6183d10a00cd747a6dbb5f658ad514383e9419,0x567c8c5295967b4751bd55a1a9bea1e599c4d694470da1f0a6f51ef2bced7102
245,15000,0.393,0xea852cfe723792a1197a1c5bc7834f1bb6100091,2017-09-16T11:47:05.000Z,0.0000262,0x91682df92be1f8614a278739d849a75b97146a54,sell,0x5c6183d10a00cd747a6dbb5f658ad514383e9419,0x67d022c69751b9929b84da059648cd987438ddc9dfdf28b0bc48d8c62e151826
246,90000,2.34,0x3c5907a82557f07eb1a9443fa1cfd937a2aa4dc9,2017-09-16T11:37:51.000Z,0.000026,0x91682df92be1f8614a278739d849a75b97146a54,sell,0x5c6183d10a00cd747a6dbb5f658ad514383e9419,0xb4c9bde4b779122e116d964b271434a0dabecc55cedb047792fd6618722df57f
247,7,0.0003073,0x035392de57aa4fe343d86494103dbe1b068a56c6,2017-09-15T20:56:45.000Z,0.0000439,0xea852cfe723792a1197a1c5bc7834f1bb6100091,buy,0x5c6183d10a00cd747a6dbb5f658ad514383e9419,0xa52a2b0a6d74d9aae146025aa715281901f94961c37d62cb100844ac0c6e4505
248,28000,0.854,0xc86a8ddcf1b45be71b80ec7c51f2439a0740d34b,2017-09-15T19:03:54.000Z,0.0000305,0x1e14b6a483ea930534487a419cb818aa68058c2e,sell,0x5c6183d10a00cd747a6dbb5f658ad514383e9419,0x799d4a646f293cb3be1dfebab6d24ff1d0e1c62a8205a2665e7be844c6c5ed3d
249,1,0.000044,0xd6f29f2fb0a1dc783aeab42ce7ce9276f8e14a54,2017-09-15T10:07:58.000Z,0.000044,0xc86a8ddcf1b45be71b80ec7c51f2439a0740d34b,buy,0x5c6183d10a00cd747a6dbb5f658ad514383e9419,0x7f46c0bfd5acd528a1104e1bd9de249b2f9669460603b332d980ec403366056d
250,11.38952164,0.0005,0x8b24d80c6dd6e1af5a000e03ca8f00886a05f6f5,2017-09-15T04:23:57.000Z,0.0000439000000003512,0xea852cfe723792a1197a1c5bc7834f1bb6100091,buy,0x5c6183d10a00cd747a6dbb5f658ad514383e9419,0x7f49c6cf478a69d8270e5aac7a7a8d5b1e4ccb7cc159437e2065dbdb4ccdf6a2
251,19500,0.5850195,0x285685e113e967fb1f88bc09e74efc4a2b3e14c4,2017-09-15T03:40:51.000Z,0.000030001,0x1e14b6a483ea930534487a419cb818aa68058c2e,sell,0x5c6183d10a00cd747a6dbb5f658ad514383e9419,0x9c2b72870003c33d607e522bd033114667eaba7ffb64c1aa4408c85a165d5a73
252,25000,0.7525,0xea852cfe723792a1197a1c5bc7834f1bb6100091,2017-09-15T03:38:58.000Z,0.0000301,0x1e14b6a483ea930534487a419cb818aa68058c2e,sell,0x5c6183d10a00cd747a6dbb5f658ad514383e9419,0x4a0669bb4810a81bd355d9bc8d9bd5a53c7f4540cc286c7f15cf72942427b5a1
253,19371.76584944,0.8523576973755389,0x22c1da2d386939b33244eb3d5172663f8aab8a3f,2017-09-15T01:36:02.000Z,0.00004400000000000923,0xc86a8ddcf1b45be71b80ec7c51f2439a0740d34b,buy,0x5c6183d10a00cd747a6dbb5f658ad514383e9419,0xc23fdfd46b74904e562380965df3617f338b2c352feb11854450b311f40c45ed
254,90.909,0.003999996,0x747a9daf2a07fad36556abfb39a5fb801e4904b0,2017-09-14T15:04:13.000Z,0.000044,0xc86a8ddcf1b45be71b80ec7c51f2439a0740d34b,buy,0x5c6183d10a00cd747a6dbb5f658ad514383e9419,0x5ba9d29e5e0bff42914411964a8f7940d7ebe9117023e7f48a80c6cda7689178
255,0.00000009,0.000000000004238989,0xc3a0dba2ac58de472a068174610bf320499f291f,2017-09-14T05:48:15.000Z,0.00004709987777777777,0xea852cfe723792a1197a1c5bc7834f1bb6100091,buy,0x5c6183d10a00cd747a6dbb5f658ad514383e9419,0x71cc605425db49fd4766465a5b9c1e49b107f447c8e0882d8e954c0c27c2cfdc
256,20000,0.602,0xea852cfe723792a1197a1c5bc7834f1bb6100091,2017-09-13T22:28:08.000Z,0.0000301,0x1e14b6a483ea930534487a419cb818aa68058c2e,sell,0x5c6183d10a00cd747a6dbb5f658ad514383e9419,0xd96ce3e3bdfa5cb0d20c706a0f38832486b039288e5c027aecfd5ff7461a2b1d
257,14300,0.429,0xc86a8ddcf1b45be71b80ec7c51f2439a0740d34b,2017-09-13T22:18:12.000Z,0.00003,0x1e14b6a483ea930534487a419cb818aa68058c2e,sell,0x5c6183d10a00cd747a6dbb5f658ad514383e9419,0xc2e095bb73a0c04417838ed3a6f57863d532763993499b2211d5b1d9b3c9a0c2
258,7960.232,0.254727424,0xce385eb7ec5eb29302050828f69fcff5e0a88d14,2017-09-13T22:02:52.000Z,0.000032,0x1e14b6a483ea930534487a419cb818aa68058c2e,sell,0x5c6183d10a00cd747a6dbb5f658ad514383e9419,0x7eaeb79e314ae7816c1f883cbcb7c132b7b7a8e729daee0c5451466d490e2037
259,8972.1862227,0.2871099591264,0xce385eb7ec5eb29302050828f69fcff5e0a88d14,2017-09-13T21:55:12.000Z,0.000032,0x9f13fa9482ffc5783fc4690ad411cbc6849f0c07,sell,0x5c6183d10a00cd747a6dbb5f658ad514383e9419,0xfd1eb6bd465591b251db5b06e73c01dfcbcd58399027674e50948fe47ebfa8c3
260,10.41666666,0.0005,0x4c2fb430e95954bcfa54ce4741a9fc2ff6e415ad,2017-09-13T21:16:42.000Z,0.00004800000003072,0xea852cfe723792a1197a1c5bc7834f1bb6100091,buy,0x5c6183d10a00cd747a6dbb5f658ad514383e9419,0x463faf420022d8dcef059023a90e160c579e9e6d999f5721a6cb43dfbcdc0cc2
261,15,0.00072,0xc73604d0514ac01e63513d07601e7e98f2f117b4,2017-09-13T19:12:38.000Z,0.000048,0xea852cfe723792a1197a1c5bc7834f1bb6100091,buy,0x5c6183d10a00cd747a6dbb5f658ad514383e9419,0xfaf3777362035e7c9dfd7d467d5117db40023663846d4edcfe87018491b50401
262,15,0.00072,0xc73604d0514ac01e63513d07601e7e98f2f117b4,2017-09-13T19:09:47.000Z,0.000048,0xea852cfe723792a1197a1c5bc7834f1bb6100091,buy,0x5c6183d10a00cd747a6dbb5f658ad514383e9419,0xfaf3777362035e7c9dfd7d467d5117db40023663846d4edcfe87018491b50401
263,13000,0.338013,0x5d4ec95d3bafb93c34590a3715aed768531fc38a,2017-09-13T15:10:48.000Z,0.000026001,0x2a4ea931f9610b457b9d288d87d5de73c90ac425,sell,0x5c6183d10a00cd747a6dbb5f658ad514383e9419,0x047c99e9a5b51dd5f7e7efc749c443452a0e0c93278db319a177956f6a8706a2
264,1300,0.0624,0xafab342cb4deace1467b96e5739bada57cabdb93,2017-09-13T08:32:32.000Z,0.000048,0xea852cfe723792a1197a1c5bc7834f1bb6100091,sell,0x5c6183d10a00cd747a6dbb5f658ad514383e9419,0x35a25a5ce654e501cb07e49d30b97d2249b55302378d362ce85884d338af1725
265,1300,0.0624,0xafab342cb4deace1467b96e5739bada57cabdb93,2017-09-13T08:30:40.000Z,0.000048,0xea852cfe723792a1197a1c5bc7834f1bb6100091,sell,0x5c6183d10a00cd747a6dbb5f658ad514383e9419,0xac2a1c2ec1936dcdd70e7fd3c6710317e63e55dacbff96031e43aee6fd6a60b1
266,1300,0.0624,0xafab342cb4deace1467b96e5739bada57cabdb93,2017-09-13T08:24:02.000Z,0.000048,0xea852cfe723792a1197a1c5bc7834f1bb6100091,sell,0x5c6183d10a00cd747a6dbb5f658ad514383e9419,0x27e3e1e89ec3bfaf2715addb3b430b3aced1e4d22bca80b3b6a296e682c02a0a
267,16251,0.568785,0xc86a8ddcf1b45be71b80ec7c51f2439a0740d34b,2017-09-13T02:19:29.000Z,0.000035,0x80d6a449ea2f8ea1649c027a45c015bc6e10d73d,buy,0x5c6183d10a00cd747a6dbb5f658ad514383e9419,0xb6e5aeb1efd09171be46af3d173f74295ecf8538422187df65e3dce8f423a45d
268,1000,0.035,0x37dd4e5111c436147b1ff6821983bcf81fb23352,2017-09-12T18:26:26.000Z,0.000035,0x946151fa04270a2d81ff3abc7f0648f1767a0fce,buy,0x5c6183d10a00cd747a6dbb5f658ad514383e9419,0x45e20171b3b088f44caeedaebb5aa1ef5ebcf00fd77dd27a33c8897f8cafa37f
269,15000,0.486,0xea852cfe723792a1197a1c5bc7834f1bb6100091,2017-09-12T02:34:36.000Z,0.0000324,0x1e14b6a483ea930534487a419cb818aa68058c2e,sell,0x5c6183d10a00cd747a6dbb5f658ad514383e9419,0x7dee57c02c0b65e15196949b6f2015024a1729040f4a7ff5eba896053e085a3c
270,5400,0.189,0xea852cfe723792a1197a1c5bc7834f1bb6100091,2017-09-11T23:42:30.000Z,0.000035,0x1e14b6a483ea930534487a419cb818aa68058c2e,sell,0x5c6183d10a00cd747a6dbb5f658ad514383e9419,0xc08d0de9bd84a6f55dca358700c4f22c54ce9f9a49b5db7095fae362551ca61b
271,15000,0.486,0xea852cfe723792a1197a1c5bc7834f1bb6100091,2017-09-11T23:41:29.000Z,0.0000324,0x1e14b6a483ea930534487a419cb818aa68058c2e,sell,0x5c6183d10a00cd747a6dbb5f658ad514383e9419,0xdd4eba6b595fe37d5a643824a499814222d11931d6d79641aff9c671731efa58
272,600,0.021,0xea852cfe723792a1197a1c5bc7834f1bb6100091,2017-09-10T21:05:10.000Z,0.000035,0x2ddc979159d86833178eaf3d1a6f0ceb44be6445,sell,0x5c6183d10a00cd747a6dbb5f658ad514383e9419,0xbb924c68badb71d148c3fbe95d1346ed08fc44fad5c49fdad65b78ca3d6e8451
273,290.95,0.011085195,0x14d6a9617a144ac2ee29a309862a3d88ba2820d6,2017-09-10T21:00:53.000Z,0.0000381,0x2ddc979159d86833178eaf3d1a6f0ceb44be6445,sell,0x5c6183d10a00cd747a6dbb5f658ad514383e9419,0x1b92d9f26d4e2a44e9234cf35d401e99a0f2828ef205ca33384e8d9a8a5d2c5b
274,181.307,0.0069077967,0x14d6a9617a144ac2ee29a309862a3d88ba2820d6,2017-09-10T06:08:34.000Z,0.0000381,0x6d3d0dfa885186833d6cf04f7890aab7d3b43cd1,sell,0x5c6183d10a00cd747a6dbb5f658ad514383e9419,0xde87b8681e3484e4399c4c019d7ce9e45fc5ecf5288396f576958a51dbbd6c96
275,10.20408163,0.0005,0x64b604630e055318093215b7ed41697ca4fb5de6,2017-09-10T03:04:10.000Z,0.00004900000001274,0xc86a8ddcf1b45be71b80ec7c51f2439a0740d34b,buy,0x5c6183d10a00cd747a6dbb5f658ad514383e9419,0x6422e23580e624901b21e37735bb554437a1385995673477614016e4e3bc92a7
276,20000,1,0x199b71ad3bea0ae519fdc374e7cc60e540109bf0,2017-09-09T19:29:32.000Z,0.00005,0x80d6a449ea2f8ea1649c027a45c015bc6e10d73d,buy,0x5c6183d10a00cd747a6dbb5f658ad514383e9419,0x23fdb1757645f37add2e2b640d67656466d46583f7723d018c163454a42907d5
277,784.96660352,0.029907227594112,0x14d6a9617a144ac2ee29a309862a3d88ba2820d6,2017-09-09T15:37:21.000Z,0.0000381,0x8890cd7b1af38166b8a4949f44b72db5db91b67e,sell,0x5c6183d10a00cd747a6dbb5f658ad514383e9419,0x29e55da01e09227e16fe0a6a8510b746c2a637d719e52afe7767e12346549218
278,4200,0.1596,0xc86a8ddcf1b45be71b80ec7c51f2439a0740d34b,2017-09-09T15:28:36.000Z,0.000038,0x8890cd7b1af38166b8a4949f44b72db5db91b67e,sell,0x5c6183d10a00cd747a6dbb5f658ad514383e9419,0xa33e560e075ec8c5f874e795ee5f36919024b9e35af6f1788b9e8e20c8487918
279,2745.40134993,0.13727006749685608,0x22c1da2d386939b33244eb3d5172663f8aab8a3f,2017-09-09T03:18:57.000Z,0.0000500000000001297,0x80d6a449ea2f8ea1649c027a45c015bc6e10d73d,buy,0x5c6183d10a00cd747a6dbb5f658ad514383e9419,0x64cb2eb26d10399483f7365817c3a5683b850caab6a78b80fd8ee0c3c21d8801
280,2745.40134993,0.13727006749685608,0x22c1da2d386939b33244eb3d5172663f8aab8a3f,2017-09-09T03:18:57.000Z,0.0000500000000001297,0xc86a8ddcf1b45be71b80ec7c51f2439a0740d34b,buy,0x5c6183d10a00cd747a6dbb5f658ad514383e9419,0xdc9760eabad93c61a42fa23d2c72fe79a3d1a5015e691029ce10ef9d617af93e
281,10000,0.52,0x22c1da2d386939b33244eb3d5172663f8aab8a3f,2017-09-08T12:45:50.000Z,0.000052,0x6baec593fedbacb17dd0fdfb0642a36603ae98da,buy,0x5c6183d10a00cd747a6dbb5f658ad514383e9419,0x8c9f368c39c4d3f3114ba9eef8f2428ce5de59f3e576da2843389f1025fd0bd6
282,179.69,0.007277445,0xce385eb7ec5eb29302050828f69fcff5e0a88d14,2017-09-07T18:53:46.000Z,0.0000405,0xc86a8ddcf1b45be71b80ec7c51f2439a0740d34b,sell,0x5c6183d10a00cd747a6dbb5f658ad514383e9419,0xd9b5fc2db38b879eb35f26e7d4a2a45349797304033ec4988179bf401fc8c990
283,12500,0.475,0xc86a8ddcf1b45be71b80ec7c51f2439a0740d34b,2017-09-07T18:39:08.000Z,0.000038,0x1e14b6a483ea930534487a419cb818aa68058c2e,sell,0x5c6183d10a00cd747a6dbb5f658ad514383e9419,0xacae4e2d3cdad95d9e23885c2da673d03b0a54d9ad9c35b4dc047bda59122a4e
284,391.72883197,0.01606088211077,0xf3c99767bb206983393eeb8ae30841c9a73925c9,2017-09-07T18:24:35.000Z,0.000041,0xc86a8ddcf1b45be71b80ec7c51f2439a0740d34b,sell,0x5c6183d10a00cd747a6dbb5f658ad514383e9419,0xab6cf82fb0ff426f3530b6d7f4e031d16407ed0547f3806c300ab93e01c346e3
285,65,0.002665,0xf3c99767bb206983393eeb8ae30841c9a73925c9,2017-09-07T08:26:36.000Z,0.000041,0x5d4ec95d3bafb93c34590a3715aed768531fc38a,sell,0x5c6183d10a00cd747a6dbb5f658ad514383e9419,0xb2386fb2dcc21adab7768a8284d271953fa0425113252a51e13753e264bb1d40
286,14.925,0.000999975,0xf81ab81ca1a6a19cc7b69b2c7876ff6543060598,2017-09-07T08:10:12.000Z,0.000067,0x4b940b4a7a9f73d6bf883dce46dc056b13a91c04,buy,0x5c6183d10a00cd747a6dbb5f658ad514383e9419,0xad849aab71f868acba65390b9abc96dc0500caeb3cc6669c42386c4e09ea613e
287,10000,0.415,0xc86a8ddcf1b45be71b80ec7c51f2439a0740d34b,2017-09-07T06:12:28.000Z,0.0000415,0x1e14b6a483ea930534487a419cb818aa68058c2e,sell,0x5c6183d10a00cd747a6dbb5f658ad514383e9419,0x4316178f77de0180e0843553bc66eadf041a06cc235b415646b7e933c57afe47
288,20000,0.822,0xc86a8ddcf1b45be71b80ec7c51f2439a0740d34b,2017-09-07T05:30:39.000Z,0.0000411,0x1e14b6a483ea930534487a419cb818aa68058c2e,sell,0x5c6183d10a00cd747a6dbb5f658ad514383e9419,0xed44025fc1cc768da8f157deacdfe8daa383e007e36ee1df12d0309b3f696ab8
289,0.2839229,0.0000116408389,0xf3c99767bb206983393eeb8ae30841c9a73925c9,2017-09-07T03:23:00.000Z,0.000041,0x160e89cddd33715969ea78c7228763728bb0a734,sell,0x5c6183d10a00cd747a6dbb5f658ad514383e9419,0x5ac30329d6ba46c8c2f3c2352ea4401225e88b9c32bef5d3b5c0fca997765681
290,1200,0.04794,0x0024a5046fd95c5eee6db19a69ef7ed3bacd50f1,2017-09-07T00:51:51.000Z,0.00003995,0xc86a8ddcf1b45be71b80ec7c51f2439a0740d34b,sell,0x5c6183d10a00cd747a6dbb5f658ad514383e9419,0x87b8be1e0183cb30e5ffd9660b25e19e625d2976bbf60df7bda50ca43503b460
291,100,0.0068,0x090ea838b986b0788f5858d21ca054b316b180c8,2017-09-06T22:39:33.000Z,0.000068,0xc86a8ddcf1b45be71b80ec7c51f2439a0740d34b,buy,0x5c6183d10a00cd747a6dbb5f658ad514383e9419,0x02b953746081b9fec6bf4e1cbf97e23cbefefab1cd928555a3544f599aa35037
292,20000,1,0x22c1da2d386939b33244eb3d5172663f8aab8a3f,2017-09-06T17:13:25.000Z,0.00005,0xc86a8ddcf1b45be71b80ec7c51f2439a0740d34b,buy,0x5c6183d10a00cd747a6dbb5f658ad514383e9419,0x567696e13f24595777ba6649f65dea6f019054c7deddf42bd437c67d19800d19
293,682.98724513,0.02800247705033,0xf3c99767bb206983393eeb8ae30841c9a73925c9,2017-09-06T16:09:15.000Z,0.000041,0x3da997a291259e997778ffbdd14389da9be42f6a,sell,0x5c6183d10a00cd747a6dbb5f658ad514383e9419,0x5cbaeaed9026fe3aee3eeaa4c697228e175a5edf20ab2f1faba20fcd336a5e65
294,5000,0.2,0xc86a8ddcf1b45be71b80ec7c51f2439a0740d34b,2017-09-06T02:45:54.000Z,0.00004,0x160e89cddd33715969ea78c7228763728bb0a734,sell,0x5c6183d10a00cd747a6dbb5f658ad514383e9419,0x0bee24da329119b1e620b482f698553df8a9794d556e059c4c8056b7a14f98e4
295,19678.0927016,1.1806855620964047,0x22c1da2d386939b33244eb3d5172663f8aab8a3f,2017-09-06T01:30:53.000Z,0.00006000000000002057,0x5f2ce35dca6626c5c934fed00b0c1986156ee9ff,buy,0x5c6183d10a00cd747a6dbb5f658ad514383e9419,0x3e2ac2b92827decdef1280d7ec0c63fdd326008f794c46ea19aa45cfd5093835
296,855.68258244,0.046780166782184864,0x22c1da2d386939b33244eb3d5172663f8aab8a3f,2017-09-06T01:27:51.000Z,0.00005467000000022212,0xf3c99767bb206983393eeb8ae30841c9a73925c9,buy,0x5c6183d10a00cd747a6dbb5f658ad514383e9419,0xdaccf97e0d6ac65772ea1e0290dcff6594bdc59554f6b67c0e8a0e670fdcd04a
297,2005.235,0.106277455,0x22c1da2d386939b33244eb3d5172663f8aab8a3f,2017-09-06T01:27:18.000Z,0.000053,0xce385eb7ec5eb29302050828f69fcff5e0a88d14,buy,0x5c6183d10a00cd747a6dbb5f658ad514383e9419,0xf081e8f496e4e9fc8377edeffe22b6a0170aa68afc9f05851090e90d1778f8e4
298,3.31741755,0.000181363217815134,0x22c1da2d386939b33244eb3d5172663f8aab8a3f,2017-09-05T23:55:16.000Z,0.0000546700001075035,0xf3c99767bb206983393eeb8ae30841c9a73925c9,buy,0x5c6183d10a00cd747a6dbb5f658ad514383e9419,0xcf1a340784183cc9dd8bd9ac9551db1e872f76edecfd6bc8aea46c6518f31919
299,30320.90729839,1.819254437903595,0x22c1da2d386939b33244eb3d5172663f8aab8a3f,2017-09-05T23:50:03.000Z,0.00006000000000000644,0x5f2ce35dca6626c5c934fed00b0c1986156ee9ff,buy,0x5c6183d10a00cd747a6dbb5f658ad514383e9419,0x9b00118cf741437271a54633cbfc8d560e2f4ad12d9d95f62ad130b13634dc99
300,10991.984,0.5485000016,0x199b71ad3bea0ae519fdc374e7cc60e540109bf0,2017-09-05T19:36:04.000Z,0.0000499,0xc86a8ddcf1b45be71b80ec7c51f2439a0740d34b,buy,0x5c6183d10a00cd747a6dbb5f658ad514383e9419,0x0a1ac90c735571940eea83f13b0963d2be0fcf041871714f7c226e5721779248
301,9856.772,0.487910214,0x199b71ad3bea0ae519fdc374e7cc60e540109bf0,2017-09-05T19:22:00.000Z,0.0000495,0xea852cfe723792a1197a1c5bc7834f1bb6100091,buy,0x5c6183d10a00cd747a6dbb5f658ad514383e9419,0x1cdf4949f9a7c32a15f63a546e686b39e0aef2379fa01bb97e44bca9ac8591c4
302,4008.016,0.1999999984,0x37dd4e5111c436147b1ff6821983bcf81fb23352,2017-09-05T10:39:28.000Z,0.0000499,0xc86a8ddcf1b45be71b80ec7c51f2439a0740d34b,buy,0x5c6183d10a00cd747a6dbb5f658ad514383e9419,0xe7e5cae769c905af9c267ba1ed259bd4e877371922b6be4f5a895688c4fdc98c
303,1549.00517927,0.07745025896366792,0xfefedf149619a3e1829f0ac0489b1fe9eeb3c4ae,2017-09-05T03:18:47.000Z,0.00005000000000010841,0xea852cfe723792a1197a1c5bc7834f1bb6100091,buy,0x5c6183d10a00cd747a6dbb5f658ad514383e9419,0xf166082df3fd8f58b60a4152ae29c10191d32eabffe1bb15be38c49b3be7a117
304,3663.80094111,0.16853484329112933,0xfefedf149619a3e1829f0ac0489b1fe9eeb3c4ae,2017-09-05T03:00:05.000Z,0.00004600000000001892,0xa94902b2dac7332131e5b4776d3fb34d5fe43f62,buy,0x5c6183d10a00cd747a6dbb5f658ad514383e9419,0x2650bd30f437a8d8da4fd597e04c3d481ed1e7293d64b4a7be35d6ddc7244862
305,4736.23070832,0.22260284329112934,0xfefedf149619a3e1829f0ac0489b1fe9eeb3c4ae,2017-09-05T02:39:12.000Z,0.00004700000000001886,0xa94902b2dac7332131e5b4776d3fb34d5fe43f62,buy,0x5c6183d10a00cd747a6dbb5f658ad514383e9419,0x509b7e7b2f0ffdf73180afd606690462d7b6a65729851a145f71614b793dbb1e
306,500,0.01565,0xa94902b2dac7332131e5b4776d3fb34d5fe43f62,2017-09-05T02:23:48.000Z,0.0000313,0x8d6e0a79003a9d49e68a6b82bbd497189f019905,buy,0x5c6183d10a00cd747a6dbb5f658ad514383e9419,0x2bf6697599e7fac57ca4b6f13e6867c1c048ffdffc578a7314d32253130d4551
307,1307.76929167,0.06146515670887067,0x22c1da2d386939b33244eb3d5172663f8aab8a3f,2017-09-04T21:26:57.000Z,0.00004700000000029108,0xa94902b2dac7332131e5b4776d3fb34d5fe43f62,buy,0x5c6183d10a00cd747a6dbb5f658ad514383e9419,0x2d9c5c5d37a93b3e4d173ab41e65f110680b218148d240e28a93c5ef07b5d5ce
308,1336.19905888,0.06146515670887067,0x22c1da2d386939b33244eb3d5172663f8aab8a3f,2017-09-04T21:26:31.000Z,0.00004600000000029237,0xa94902b2dac7332131e5b4776d3fb34d5fe43f62,buy,0x5c6183d10a00cd747a6dbb5f658ad514383e9419,0x62cd33293050830f361f07c44bce7133bd7e99d090caf15bc36a1460dedc34d7
309,1400.11746489,0.06146515670887067,0x22c1da2d386939b33244eb3d5172663f8aab8a3f,2017-09-04T21:21:56.000Z,0.00004390000000014261,0xc86a8ddcf1b45be71b80ec7c51f2439a0740d34b,buy,0x5c6183d10a00cd747a6dbb5f658ad514383e9419,0x51fcb2332f970fa92a31d5115406314b8e744c3ad8d76ca832017c5bc170e911
310,1017.974,0.04467887886,0x22c1da2d386939b33244eb3d5172663f8aab8a3f,2017-09-04T21:05:16.000Z,0.00004389,0xf05ed348d63dd6ce2bb8d6e7f66931cf4625761e,buy,0x5c6183d10a00cd747a6dbb5f658ad514383e9419,0xb81e22909eb82bfe2ceb233f2e95ce2441bfe9f9180bfa86cf7dca7dd0fb388b
311,0.83355141,0.000036592906908551,0x199b71ad3bea0ae519fdc374e7cc60e540109bf0,2017-09-04T20:05:03.000Z,0.0000439000000114582,0xc86a8ddcf1b45be71b80ec7c51f2439a0740d34b,buy,0x5c6183d10a00cd747a6dbb5f658ad514383e9419,0x7e37d74c55f3bfa42aa84ef8b46ba71c8328b42151ebd2cf74be4d9f0a71dd21
312,2432.02554196,0.10674160103678597,0x714a9e9320717f7a1541bff979dec20f5f5f7ccf,2017-09-04T20:02:30.000Z,0.00004389000000006643,0xf05ed348d63dd6ce2bb8d6e7f66931cf4625761e,buy,0x5c6183d10a00cd747a6dbb5f658ad514383e9419,0xe51d7d1597820946eee79c046887bd76ce7efb53ebf4abd5f337d6f446f60b66
313,15585.74272196,0.595375371978872,0xc86a8ddcf1b45be71b80ec7c51f2439a0740d34b,2017-09-04T16:31:26.000Z,0.0000382,0x160e89cddd33715969ea78c7228763728bb0a734,sell,0x5c6183d10a00cd747a6dbb5f658ad514383e9419,0x1690ebbd1e78787744586634aa1ede58b2cd23c71d607f18da6d7d2df21b9a6a
314,200,0.008778,0x7d114b5bc46a424a2818fdce8fe688ee5e8c41f5,2017-09-04T07:09:47.000Z,0.00004389,0xf05ed348d63dd6ce2bb8d6e7f66931cf4625761e,buy,0x5c6183d10a00cd747a6dbb5f658ad514383e9419,0xdf15e303d0600c116ec87faeefa6d9ca609f4bb50c60f10fbb82493993a5fe2c
315,2914.25727804,0.111324628021128,0xc86a8ddcf1b45be71b80ec7c51f2439a0740d34b,2017-09-03T22:52:47.000Z,0.0000382,0x4e7a8e87145df3a3133473566306b1059a9dd891,sell,0x5c6183d10a00cd747a6dbb5f658ad514383e9419,0xfcaa673e7917e42fd191f91164c4e7fb2bdfb9551489893181a61d9fd114493e
316,712.87753807,0.031295323921700605,0x4e7a8e87145df3a3133473566306b1059a9dd891,2017-09-03T22:47:12.000Z,0.00004390000000059983,0xc86a8ddcf1b45be71b80ec7c51f2439a0740d34b,buy,0x5c6183d10a00cd747a6dbb5f658ad514383e9419,0xe282c8276d760b4c7bf84814a327b4072e3ba565dc7a6a093ffc499466f0159b
317,804.413821,0.031372139019,0xf05ed348d63dd6ce2bb8d6e7f66931cf4625761e,2017-09-03T22:45:02.000Z,0.000039,0x4e7a8e87145df3a3133473566306b1059a9dd891,sell,0x5c6183d10a00cd747a6dbb5f658ad514383e9419,0x2e88365ebaea64e5b1326d50bc5f38343c904fe298ec022f12c86f92393ac5a6
318,2845.586179,0.110977860981,0xf05ed348d63dd6ce2bb8d6e7f66931cf4625761e,2017-09-03T22:34:17.000Z,0.000039,0xa1dc29270c60dd37d64643d20151b7ee1806b776,sell,0x5c6183d10a00cd747a6dbb5f658ad514383e9419,0xfe0da2b88da900f694b4f482377a07e010dbccbe7435943a9345ce0a86861426
319,1170,0.0468,0xf3c99767bb206983393eeb8ae30841c9a73925c9,2017-09-03T22:32:55.000Z,0.00004,0xa1dc29270c60dd37d64643d20151b7ee1806b776,sell,0x5c6183d10a00cd747a6dbb5f658ad514383e9419,0x85a121b186410990f3a91dcda566ca2251bfc3d7e0a3798d3da7251c27bad9aa
320,100,0.00439,0x8b182a4526944fa498970732a69a95d281c3c8a9,2017-09-03T01:52:20.000Z,0.0000439,0xc86a8ddcf1b45be71b80ec7c51f2439a0740d34b,buy,0x5c6183d10a00cd747a6dbb5f658ad514383e9419,0x8615f45d954b79230ca9511635b7f9b7832f24c8cbc8e8674d2ca98fc7ba7eab
321,997.04812261,0.03788782865918,0xa94902b2dac7332131e5b4776d3fb34d5fe43f62,2017-09-02T04:05:24.000Z,0.000038,0xd3f13d588d01d2f5ee11b5fc0e794e847b8ea591,sell,0x5c6183d10a00cd747a6dbb5f658ad514383e9419,0x477c00222b45c8b155720471c72eb23eed4452d04dbc5bcedbb120ca7318739e
322,3997,0.1750686,0x22c1da2d386939b33244eb3d5172663f8aab8a3f,2017-09-02T04:01:11.000Z,0.0000438,0xc86a8ddcf1b45be71b80ec7c51f2439a0740d34b,buy,0x5c6183d10a00cd747a6dbb5f658ad514383e9419,0xf1b0b65ece276bec401558555ec1c773774e7d7dc9bee15145aba7df609f8dae
323,31070,1.3655265,0x22c1da2d386939b33244eb3d5172663f8aab8a3f,2017-09-02T03:53:20.000Z,0.00004395,0xd0c66ce0cbc149c7ba9ccb01547d16f2b745f5cd,buy,0x5c6183d10a00cd747a6dbb5f658ad514383e9419,0xfb8b472f6d9213e04b5a7fbf9096e8a6aa5f8d33f02c1bf09d9796e345b653b3
324,1000,0.056,0x0dac138adfbf26af9895370367c7a19e011adae6,2017-09-02T03:45:01.000Z,0.000056,0x39dc3f7adc8cad2b03c831c7771a25d4fb99021e,sell,0x5c6183d10a00cd747a6dbb5f658ad514383e9419,0x70e46fc752562b49cc5a79ac22e0d9dbfbe9e1cb3425944c57441b834766c257
325,1003,0.0439314,0x39dc3f7adc8cad2b03c831c7771a25d4fb99021e,2017-09-02T03:45:01.000Z,0.0000438,0xc86a8ddcf1b45be71b80ec7c51f2439a0740d34b,buy,0x5c6183d10a00cd747a6dbb5f658ad514383e9419,0x70e46fc752562b49cc5a79ac22e0d9dbfbe9e1cb3425944c57441b834766c257
326,3000,0.1425,0x714a9e9320717f7a1541bff979dec20f5f5f7ccf,2017-09-02T02:51:58.000Z,0.0000475,0xf05ed348d63dd6ce2bb8d6e7f66931cf4625761e,buy,0x5c6183d10a00cd747a6dbb5f658ad514383e9419,0xe6d1dd76be3d0cb8dd8fbf3f33078f42ddbdfea9e05e5b33c9171b8fd703ba06
327,400,0.0176,0x95fdffb33690407f5d4a943a8a725ece16ccea3b,2017-09-02T00:58:07.000Z,0.000044,0x160e89cddd33715969ea78c7228763728bb0a734,buy,0x5c6183d10a00cd747a6dbb5f658ad514383e9419,0xa2065224d1cc75221b1fc5bbe5c39e5d99e81598dd4103694f23b1f0c7dd8d87
328,398.8,0.01902276,0x8ea8410af2d2dd0e50c8f403e0cf1214844cbebc,2017-09-02T00:58:07.000Z,0.0000477,0x95fdffb33690407f5d4a943a8a725ece16ccea3b,sell,0x5c6183d10a00cd747a6dbb5f658ad514383e9419,0xa2065224d1cc75221b1fc5bbe5c39e5d99e81598dd4103694f23b1f0c7dd8d87
329,0.09969095,0.009969095803010666,0xada737e3923db8994d353346550c6a248b79151c,2017-09-01T23:41:30.000Z,0.10000000805500064,0x808b2854b90f26590308ab1920e172d1d2a9b57e,buy,0x5c6183d10a00cd747a6dbb5f658ad514383e9419,0xf8c1c50dee0a64baef56d07552e2562b964a56118bf92d5e8f75e2024ce2b6a6
330,1026.89088717,0.04898269531833701,0xf5f87d0ec87abd66343fc4be7932df3d4f721468,2017-09-01T21:59:08.000Z,0.00004770000000031942,0xce385eb7ec5eb29302050828f69fcff5e0a88d14,buy,0x5c6183d10a00cd747a6dbb5f658ad514383e9419,0x0a2d84cb7ded690f0d2f8d8cb11543668c4f4826b0ce7eadf3c2fca08ff39688
331,2600,0.117,0x22c1da2d386939b33244eb3d5172663f8aab8a3f,2017-09-01T15:10:54.000Z,0.000045,0xa94902b2dac7332131e5b4776d3fb34d5fe43f62,buy,0x5c6183d10a00cd747a6dbb5f658ad514383e9419,0x0d378f59abada5f62dcb570bb35fc3d755d76dfa762608c566d4a2f9f248e5e0
332,17308.5435151,0.54002655767112,0xea852cfe723792a1197a1c5bc7834f1bb6100091,2017-09-01T13:01:21.000Z,0.0000312,0x8890cd7b1af38166b8a4949f44b72db5db91b67e,sell,0x5c6183d10a00cd747a6dbb5f658ad514383e9419,0xa3b0bf572602f3fe25b30604c2773a288b8cf9b12d43659866c6e6a76df0c0b1
333,2646.81686771,0.100049677599438,0xa94902b2dac7332131e5b4776d3fb34d5fe43f62,2017-09-01T08:51:00.000Z,0.0000378,0x1943d4b6ef3e8b4cbf217a515483129832526f1c,sell,0x5c6183d10a00cd747a6dbb5f658ad514383e9419,0x8ea0b422f3e62a4c9b9eb9b177b564c7f46f50bec7f28c3697edb6e3a1cd1c59
334,5195.247,0.2275518186,0x22c1da2d386939b33244eb3d5172663f8aab8a3f,2017-09-01T07:44:37.000Z,0.0000438,0xc86a8ddcf1b45be71b80ec7c51f2439a0740d34b,buy,0x5c6183d10a00cd747a6dbb5f658ad514383e9419,0x9463ea0782dabefb659f27f1589278bdd89d7d2479d48ece31fcab8577bd6a72
335,4794.521,0.2100000198,0xf124c07cbf9bee82db79462ad5e9d809ca11d02e,2017-09-01T05:55:19.000Z,0.0000438,0xc86a8ddcf1b45be71b80ec7c51f2439a0740d34b,buy,0x5c6183d10a00cd747a6dbb5f658ad514383e9419,0x14066bd9a99fe696d8372e857a1af9ee548548aeb86b1618f2575e6c5f7db7ff
336,10.23185702,0.000448155337750065,0xf124c07cbf9bee82db79462ad5e9d809ca11d02e,2017-09-01T05:53:04.000Z,0.00004380000002678546,0xc86a8ddcf1b45be71b80ec7c51f2439a0740d34b,buy,0x5c6183d10a00cd747a6dbb5f658ad514383e9419,0xba4bc0ddda269bea669a062f813ca77ce11a0e581d2dae4a06a4ac067d14c4d9
337,850,0.0464695,0x22c1da2d386939b33244eb3d5172663f8aab8a3f,2017-09-01T04:59:01.000Z,0.00005467,0xf3c99767bb206983393eeb8ae30841c9a73925c9,buy,0x5c6183d10a00cd747a6dbb5f658ad514383e9419,0x2f5a4e6141dcbe4f4ef57aef53b8b28e5afeae877164c8916d6c34bf22bfb2ef
338,14039.10911282,0.669665504681663,0x22c1da2d386939b33244eb3d5172663f8aab8a3f,2017-09-01T04:51:57.000Z,0.00004770000000001061,0xce385eb7ec5eb29302050828f69fcff5e0a88d14,buy,0x5c6183d10a00cd747a6dbb5f658ad514383e9419,0xceca70da55381a0625b450759e210d827b21faca8d80d9e16c372e2f18dff982
339,40000,1.748,0x22c1da2d386939b33244eb3d5172663f8aab8a3f,2017-09-01T04:47:49.000Z,0.0000437,0x0ba84fdf0bfd88f905d58a1ebb8624133a58db1b,buy,0x5c6183d10a00cd747a6dbb5f658ad514383e9419,0xbc740749b7443421d0236f914505438b37a4e4f282c0751b3ed28a38888e8930
340,5000,0.2185,0x22c1da2d386939b33244eb3d5172663f8aab8a3f,2017-09-01T04:46:48.000Z,0.0000437,0xf05ed348d63dd6ce2bb8d6e7f66931cf4625761e,buy,0x5c6183d10a00cd747a6dbb5f658ad514383e9419,0xfad5dcb9b22a8d8c037e4ca73533b4b91e3bfd1ad0f547f6a0c93eb9258db4a0
341,500,0.021845,0x22c1da2d386939b33244eb3d5172663f8aab8a3f,2017-09-01T04:44:54.000Z,0.00004369,0x0f7ce02f8af040579eb7a93549bdcc965fa8eb7b,buy,0x5c6183d10a00cd747a6dbb5f658ad514383e9419,0x9cb4d12b121fdabcdfcee606c9889390a05ee01f82a230c9f633302ed837d461
342,4134,0.169494,0x0549af7c7201e1d98604deb3ac14aea189602f23,2017-09-01T04:37:02.000Z,0.000041,0xa94902b2dac7332131e5b4776d3fb34d5fe43f62,buy,0x5c6183d10a00cd747a6dbb5f658ad514383e9419,0xedb7fecb2514e38bfba24e8611581673aa554e349efa088d1a6e28723e7bbc87
343,19499,0.85191131,0xa2312851d68b8f40df119f1b63f95e7600d6fd98,2017-08-31T23:09:45.000Z,0.00004369,0x0f7ce02f8af040579eb7a93549bdcc965fa8eb7b,buy,0x5c6183d10a00cd747a6dbb5f658ad514383e9419,0x89ddcadc323667eaa0ded6e85b33eb728c23eacbc0951b8ee098286e20c61b46
344,850,0.0320467,0x923b388a5e310707af20361bb5dcf2a53bfa0a20,2017-08-31T23:06:55.000Z,0.000037702,0xa94902b2dac7332131e5b4776d3fb34d5fe43f62,sell,0x5c6183d10a00cd747a6dbb5f658ad514383e9419,0x66b8a0a6915cff9ff358348b335f7f4cba3ad31c528bc1e60fdff014e21114d1
345,500,0.0189,0xe1226c4d0a752a3ef42ee783aa1b4ac1abe47a8e,2017-08-31T08:46:32.000Z,0.0000378,0x89933429dc2785f00b27aaa91b40ef7baf366cfe,buy,0x5c6183d10a00cd747a6dbb5f658ad514383e9419,0x191c478d3ce10a6f7c36046159f659ecbd29ef43ae714f4fb349a798f6e69762
346,2005.02285174,0.075789863795772,0xce385eb7ec5eb29302050828f69fcff5e0a88d14,2017-08-31T07:57:35.000Z,0.0000378,0x89933429dc2785f00b27aaa91b40ef7baf366cfe,sell,0x5c6183d10a00cd747a6dbb5f658ad514383e9419,0xfcf251f8fbf7b7e90ad91c34fa34ac0f32523aae74a7fac49cf73e8ed2c518e1
347,8000,0.3024,0xc86a8ddcf1b45be71b80ec7c51f2439a0740d34b,2017-08-30T17:09:01.000Z,0.0000378,0x160e89cddd33715969ea78c7228763728bb0a734,sell,0x5c6183d10a00cd747a6dbb5f658ad514383e9419,0x3d1138a911c257c982f740ec705c672401d2b76c999db3828a451148c9b516d5
348,0.5,0.000021,0x98f0deb428b74fb5302d250af5d55e77c8519f2a,2017-08-30T13:46:53.000Z,0.000042,0x160e89cddd33715969ea78c7228763728bb0a734,buy,0x5c6183d10a00cd747a6dbb5f658ad514383e9419,0x0dd941bda92c41d6e9d337403cd931c1029905ab4ba3169b338fa06cdb4462d9
349,4987.179,0.194499981,0xa94902b2dac7332131e5b4776d3fb34d5fe43f62,2017-08-30T13:40:18.000Z,0.000039,0x160e89cddd33715969ea78c7228763728bb0a734,sell,0x5c6183d10a00cd747a6dbb5f658ad514383e9419,0x051be32735243cad0df9de227f31141b46bcabd396841903e108e34b336e24af
350,8000,0.3128,0xf05ed348d63dd6ce2bb8d6e7f66931cf4625761e,2017-08-30T13:33:41.000Z,0.0000391,0x160e89cddd33715969ea78c7228763728bb0a734,sell,0x5c6183d10a00cd747a6dbb5f658ad514383e9419,0x40cf8545bb00e31c81fe9f3a3c44e5ca4b1513212e3b2e93c706741761c0d79b
351,15000,0.6,0xce385eb7ec5eb29302050828f69fcff5e0a88d14,2017-08-30T12:24:59.000Z,0.00004,0x160e89cddd33715969ea78c7228763728bb0a734,sell,0x5c6183d10a00cd747a6dbb5f658ad514383e9419,0xfb44024aa3b4e41cda68e195e70d956a6606b494796f864f844774d87eb1af2a
352,2000,0.08,0xc86a8ddcf1b45be71b80ec7c51f2439a0740d34b,2017-08-30T03:04:20.000Z,0.00004,0x1e14b6a483ea930534487a419cb818aa68058c2e,sell,0x5c6183d10a00cd747a6dbb5f658ad514383e9419,0x579389c7ae5aa19588419572e303eb9be3c835b1da5efd946e8511201fe6cb17
353,1130,0.04520565,0xf3c99767bb206983393eeb8ae30841c9a73925c9,2017-08-30T03:02:16.000Z,0.000040005,0x1e14b6a483ea930534487a419cb818aa68058c2e,sell,0x5c6183d10a00cd747a6dbb5f658ad514383e9419,0xb3db3a08e27e8a40e77c1b398008da4f9395374b31a5ad4c934ae865a316b26e
354,290.88169214,0.01454408460729792,0xfefedf149619a3e1829f0ac0489b1fe9eeb3c4ae,2017-08-29T21:23:15.000Z,0.0000500000000010242,0x0dac138adfbf26af9895370367c7a19e011adae6,buy,0x5c6183d10a00cd747a6dbb5f658ad514383e9419,0x01317f13c6cd5345bf53b54ef79944518d133f5be16b4af4995032fd62bee746
355,8.192,0.0004096,0xfefedf149619a3e1829f0ac0489b1fe9eeb3c4ae,2017-08-29T17:32:17.000Z,0.00005,0xc86a8ddcf1b45be71b80ec7c51f2439a0740d34b,buy,0x5c6183d10a00cd747a6dbb5f658ad514383e9419,0x3a7feec24df90d983d2d75f2ffbd65a88ffa5fe238571f1a690d189e75d3aff1
356,0.0139161,0.000000695805427517,0xfefedf149619a3e1829f0ac0489b1fe9eeb3c4ae,2017-08-29T17:11:38.000Z,0.00005000003072103535,0x0dac138adfbf26af9895370367c7a19e011adae6,buy,0x5c6183d10a00cd747a6dbb5f658ad514383e9419,0x016c834b17fe42097f86a9c11f91497d8e2aa041ebcfe22071bbc784020e8428
357,139.59248486,0.006979624243423126,0xfefedf149619a3e1829f0ac0489b1fe9eeb3c4ae,2017-08-29T08:18:58.000Z,0.00005000000000303115,0x0dac138adfbf26af9895370367c7a19e011adae6,buy,0x5c6183d10a00cd747a6dbb5f658ad514383e9419,0x11b9d9328ee276e3a49350b9f990ddd408ff1e98afc2b867dcebbb86d203a50c
358,252.21571554,0.012610785777361966,0xfefedf149619a3e1829f0ac0489b1fe9eeb3c4ae,2017-08-29T08:13:04.000Z,0.00005000000000143514,0x0dac138adfbf26af9895370367c7a19e011adae6,buy,0x5c6183d10a00cd747a6dbb5f658ad514383e9419,0xf8cec8a1f9f4d680b20993b6be6a492eb5f50c30aa6eaff8bab97a0f3e7dfef9
359,2256.05858593,0.11235171757950353,0x89933429dc2785f00b27aaa91b40ef7baf366cfe,2017-08-29T05:39:11.000Z,0.00004980000000008401,0xea852cfe723792a1197a1c5bc7834f1bb6100091,buy,0x5c6183d10a00cd747a6dbb5f658ad514383e9419,0x26273a4280aa3e77abecd8a765b8a5c04d38a2fa6782166b14faa0ba16764f85
360,10553.84142953,0.5150274617614395,0x22c1da2d386939b33244eb3d5172663f8aab8a3f,2017-08-29T00:41:40.000Z,0.00004880000000003558,0x7602852bbc6e75930d989c75c92cc8cd01b8f231,buy,0x5c6183d10a00cd747a6dbb5f658ad514383e9419,0xd30c39a515709d04af04cc3efbfa49c64d7495fd8e452214572ea84f86eff18f
361,5000,0.2375,0x22c1da2d386939b33244eb3d5172663f8aab8a3f,2017-08-29T00:40:09.000Z,0.0000475,0xa94902b2dac7332131e5b4776d3fb34d5fe43f62,buy,0x5c6183d10a00cd747a6dbb5f658ad514383e9419,0x299408a62c275270ddc8b941089ccd66831bdde39a617f06f9fdd6219ba68889
362,1000,0.0499,0x52d0f87d3058eeba6261c34ae464cedc14fa644c,2017-08-28T23:46:22.000Z,0.0000499,0x1943d4b6ef3e8b4cbf217a515483129832526f1c,buy,0x5c6183d10a00cd747a6dbb5f658ad514383e9419,0xa389c7e0d3fd8989a3a20232130c215e824912cc155226547ea17cafc0673be9
363,6439.796,0.3149060244,0x22c1da2d386939b33244eb3d5172663f8aab8a3f,2017-08-28T23:24:54.000Z,0.0000489,0xf05ed348d63dd6ce2bb8d6e7f66931cf4625761e,buy,0x5c6183d10a00cd747a6dbb5f658ad514383e9419,0xeee491de19b362341fa52178f6020cf1f7e997d8bdf7dd8701181d7c1b6bd00e
364,1345.901,0.0671604599,0xfefedf149619a3e1829f0ac0489b1fe9eeb3c4ae,2017-08-28T22:35:39.000Z,0.0000499,0x1943d4b6ef3e8b4cbf217a515483129832526f1c,buy,0x5c6183d10a00cd747a6dbb5f658ad514383e9419,0xb6a026c4e412cde932199cf793228e9c57dd1c60dcf1f6616a2805290c1df2fa
365,2364.09859435,0.1182049297178746,0xfefedf149619a3e1829f0ac0489b1fe9eeb3c4ae,2017-08-28T21:17:32.000Z,0.00005000000000015845,0xc86a8ddcf1b45be71b80ec7c51f2439a0740d34b,buy,0x5c6183d10a00cd747a6dbb5f658ad514383e9419,0x8ec439b3ae0611940b5f70a79d78c55b1245964c2223fd2871f64e5cf35949b0
366,1800,0.09,0xfefedf149619a3e1829f0ac0489b1fe9eeb3c4ae,2017-08-28T21:15:48.000Z,0.00005,0xc86a8ddcf1b45be71b80ec7c51f2439a0740d34b,buy,0x5c6183d10a00cd747a6dbb5f658ad514383e9419,0x07f539d4bafd6ad1d8126030624c315ed451a3f67edfea2360df4efdd79508cb
367,2000,0.1,0xfefedf149619a3e1829f0ac0489b1fe9eeb3c4ae,2017-08-28T21:13:35.000Z,0.00005,0xc86a8ddcf1b45be71b80ec7c51f2439a0740d34b,buy,0x5c6183d10a00cd747a6dbb5f658ad514383e9419,0xb594c54d0d05a4550eef57110f61d96989d94952e064c7e670bd9afb8e8c190f
368,2000,0.1,0xfefedf149619a3e1829f0ac0489b1fe9eeb3c4ae,2017-08-28T21:07:59.000Z,0.00005,0xc86a8ddcf1b45be71b80ec7c51f2439a0740d34b,buy,0x5c6183d10a00cd747a6dbb5f658ad514383e9419,0x7e9401d75b5f27daaba3bfbf193dab369a43d2697fc444b62d83093f93b614ed
369,90,0.004545,0xfefedf149619a3e1829f0ac0489b1fe9eeb3c4ae,2017-08-28T19:48:35.000Z,0.0000505,0x254fb89e4cab71708eaab16e067ca8156a38e18a,buy,0x5c6183d10a00cd747a6dbb5f658ad514383e9419,0x1b1472a86ba88d141d4369589e947ef270953a518ecaae5ce4577adcdad18f37
370,6439.79470928,0.21251322540624,0xf05ed348d63dd6ce2bb8d6e7f66931cf4625761e,2017-08-28T18:28:23.000Z,0.000033,0x1339147e052f7638d9ba78a5b1021e44e3224cd1,sell,0x5c6183d10a00cd747a6dbb5f658ad514383e9419,0x6032fa839160551d9369a60d737beca643083f018e76e422a33523b208ed0b98
371,17646.707,0.8805706793,0x22c1da2d386939b33244eb3d5172663f8aab8a3f,2017-08-28T12:35:06.000Z,0.0000499,0xea852cfe723792a1197a1c5bc7834f1bb6100091,buy,0x5c6183d10a00cd747a6dbb5f658ad514383e9419,0xff4b9387137c8aa10432d39a1c37c80e72120b95b8eb1d887f5d8fa30a75cc0d
372,1379.50716379,0.0413852149137,0x28f4166d298e43e2d3241ae036e62b5688814901,2017-08-28T11:17:18.000Z,0.00003,0xe7a98658b5af8f8be57c61b4bcdffcc16fc024df,sell,0x5c6183d10a00cd747a6dbb5f658ad514383e9419,0x5d7212fc00f31a14a3e3e55cf166056347aaeb705f83921638f1759d30f0eddf
373,3354.292,0.102305906,0xea852cfe723792a1197a1c5bc7834f1bb6100091,2017-08-28T11:04:58.000Z,0.0000305,0xe7a98658b5af8f8be57c61b4bcdffcc16fc024df,sell,0x5c6183d10a00cd747a6dbb5f658ad514383e9419,0x3e78e6c23eaebd3c7d3207355da8b84232e5b932cefabf744e0c245450e2d687
374,34.496,0.001055612096,0x89933429dc2785f00b27aaa91b40ef7baf366cfe,2017-08-28T11:04:58.000Z,0.000030601,0xe7a98658b5af8f8be57c61b4bcdffcc16fc024df,sell,0x5c6183d10a00cd747a6dbb5f658ad514383e9419,0x4be4143ff9886766299e9977f3b8d120268767975c9ba6041b6987a92b0cc3b5
375,1000,0.03715,0xc86a8ddcf1b45be71b80ec7c51f2439a0740d34b,2017-08-28T11:03:17.000Z,0.00003715,0xe7a98658b5af8f8be57c61b4bcdffcc16fc024df,sell,0x5c6183d10a00cd747a6dbb5f658ad514383e9419,0xb446fe24ca772f2119639089c81c693e47bbcf67aacda3bc33213bd93445c6a9
376,4400.22,0.22881144,0x4e8466f168804b246c51ee41de83b30c1b61a623,2017-08-28T01:53:36.000Z,0.000052,0xf05ed348d63dd6ce2bb8d6e7f66931cf4625761e,buy,0x5c6183d10a00cd747a6dbb5f658ad514383e9419,0x9ed1fe694cecde9b9ebfefbf8609991cfc642206c1efcf8cffc874424e5754f0
377,1551.045,0.079103295,0x197a7a12e48e427b3e9d1255bc6946d2a5f58156,2017-08-28T01:53:35.000Z,0.000051,0x254fb89e4cab71708eaab16e067ca8156a38e18a,buy,0x5c6183d10a00cd747a6dbb5f658ad514383e9419,0x7e3c255f6f37ffd19ffb8904f2b37a0a51a848b22eab2f26b95169306f3a2a5e
378,20000,1.0599,0x4e8466f168804b246c51ee41de83b30c1b61a623,2017-08-28T01:36:30.000Z,0.000052995,0x0ba84fdf0bfd88f905d58a1ebb8624133a58db1b,buy,0x5c6183d10a00cd747a6dbb5f658ad514383e9419,0x7521f1420d871b9f4d03188d4d2a9b332d853199258a7bd0c4487481afafaf92
379,1348.95492224,0.06879670103425904,0xdd77f29674ffef7e37f96b9b09923909e6efefc0,2017-08-27T19:08:40.000Z,0.00005100000000001411,0x254fb89e4cab71708eaab16e067ca8156a38e18a,buy,0x5c6183d10a00cd747a6dbb5f658ad514383e9419,0xf2d8e31ee824d57cb5b3000870844657c4a1c8fe53d34039f86fa213b66e46ee
380,2990.7287409,0.111314923736298,0x254fb89e4cab71708eaab16e067ca8156a38e18a,2017-08-27T18:26:52.000Z,0.00003722,0x1339147e052f7638d9ba78a5b1021e44e3224cd1,sell,0x5c6183d10a00cd747a6dbb5f658ad514383e9419,0xb06039e1c8d3074f3aa1812f9a0fa3f1c1ac1507c5302b76d5f6bb4978e90572
381,36645.70751035,1.117694079065675,0xea852cfe723792a1197a1c5bc7834f1bb6100091,2017-08-27T11:06:21.000Z,0.0000305,0x7c43eed0640db07e4fe049c853682a14f8a7cf58,sell,0x5c6183d10a00cd747a6dbb5f658ad514383e9419,0x3cdaa51b991a98ab27505409b6732576b9bf665310b40a2490fd6b3a8d73c377
382,66.21252974,0.00211880095168,0xce385eb7ec5eb29302050828f69fcff5e0a88d14,2017-08-27T11:03:14.000Z,0.000032,0x7c43eed0640db07e4fe049c853682a14f8a7cf58,sell,0x5c6183d10a00cd747a6dbb5f658ad514383e9419,0x8546bd43d804dee806a49bd56ab32dc8bceff92657eb33be53510e77aef7fe1a
383,5000,0.185,0xc86a8ddcf1b45be71b80ec7c51f2439a0740d34b,2017-08-27T11:01:51.000Z,0.000037,0x7c43eed0640db07e4fe049c853682a14f8a7cf58,sell,0x5c6183d10a00cd747a6dbb5f658ad514383e9419,0xa027079af38189eb5d6fad1fa08f28bcc6186c91d1ae891df22c090987590efb
