,amount,amountBase,buyer,date,price,seller,side,tokenAddr,txHash
0,500,0.1975,0x7343c728094ae66542a47191cbe2acfc494171ca,2017-11-02T10:34:14.000Z,0.000395,0x8266075f3d643e48fe5637287cdf7030130b4dad,buy,0xb45a50545beeab73f38f31e5973768c421805e5e,0x703c3bebb644a120ea8de168666b0ff48a5dfa98db731a50f425366eab189794
1,6000,2.514,0x7343c728094ae66542a47191cbe2acfc494171ca,2017-11-02T09:57:04.000Z,0.000419,0xe23d91d9d6c1b08f7f3477f902123411901bb30b,buy,0xb45a50545beeab73f38f31e5973768c421805e5e,0xaa9ed1d8fb0a7659c5a8a6ef4bfd3a7f79c0a765a7ded2e0bec49f4e15cc79f6
2,620.7555577709102,0.21726444521981855,0x8266075f3d643e48fe5637287cdf7030130b4dad,2017-11-02T08:44:37.000Z,0.00035,0x44675135345a24140f3e3516d0d2a3501d4dca99,sell,0xb45a50545beeab73f38f31e5973768c421805e5e,0x2bde6584a8943f804176b4643bcb99c84c112ca7b176546303de0dad0e0bf80e
3,495,0.168795,0xdef0083fea701af025c19bdf0d328d5a44eac384,2017-11-02T06:59:17.000Z,0.000341,0x14d6a9617a144ac2ee29a309862a3d88ba2820d6,sell,0xb45a50545beeab73f38f31e5973768c421805e5e,0xbfa0649a20fc0fbeeb6b9cbed41683326b9808f620737debede8d786263caa6f
4,1534.4172817867761,0.5124953721167832,0xcc323a4b4b9db915cca2df49c1364353bfdf268c,2017-11-02T03:37:57.000Z,0.000334,0xdd7c99c71bf99eb550f88c764062ea6e1538557b,sell,0xb45a50545beeab73f38f31e5973768c421805e5e,0x9423e010347258c35e0fe55e5785ce938c65974db595e6bd7363dc9c82493dca
5,3000,1.002,0xf732b16f5aee6cd2db5b30a7a3860764a48b19ff,2017-11-02T02:55:20.000Z,0.000334,0xb27ded47ea0d0877915f2ad81e31fdb2098283b2,buy,0xb45a50545beeab73f38f31e5973768c421805e5e,0x6fbbc805d4412b2056c70727d3f69078ee3bf84314ec581331a7565f19ee9a7a
6,692.994,0.26333772,0x29a3bcf59cca131fa8a6ea2ceb04d38270e26f09,2017-11-02T00:22:00.000Z,0.00038,0x8266075f3d643e48fe5637287cdf7030130b4dad,buy,0xb45a50545beeab73f38f31e5973768c421805e5e,0xa4a62c8e25a91133d51503363980ee25fca70a3ef68e35277cf21dfb95d96074
7,677,0.256583,0x29a3bcf59cca131fa8a6ea2ceb04d38270e26f09,2017-11-02T00:22:00.000Z,0.000379,0x80479636d971ccc142716436ac94828dee000e86,buy,0xb45a50545beeab73f38f31e5973768c421805e5e,0xb6c2e6611b49cfc3edeb33b1558d1b594f284e19f63029b792b014920ebc3bbe
8,1307.0058607789538,0.4966622270960024,0x92442456cb4ef8ec9890c707af31966373547509,2017-11-01T23:14:40.000Z,0.00038,0x8266075f3d643e48fe5637287cdf7030130b4dad,buy,0xb45a50545beeab73f38f31e5973768c421805e5e,0x0de54f2babbd66dc8559c478ae5e43469d4f677c2ca3a6b9c460530a10d455c9
9,274,0.09864,0x92442456cb4ef8ec9890c707af31966373547509,2017-11-01T23:06:28.000Z,0.00036,0xf1fd1047d9c3869fb9895b75ae2cb6233640b505,buy,0xb45a50545beeab73f38f31e5973768c421805e5e,0x331fff79300dd032e423f7d49b92dfdc89cd57ff13babf511e36eae15f375858
10,9963.11434552886,3.0198199581297978,0x29a3bcf59cca131fa8a6ea2ceb04d38270e26f09,2017-11-01T17:09:33.000Z,0.0003031,0x3e2ee1b447815a295be9966b8387fb59299214db,sell,0xb45a50545beeab73f38f31e5973768c421805e5e,0xa2c26ab3cae4300288d98fd4e8f9e44a343de3d381a3320a6e028f3b954b78ce
11,2000,0.68,0x8266075f3d643e48fe5637287cdf7030130b4dad,2017-11-01T16:44:03.000Z,0.00034,0x3e2ee1b447815a295be9966b8387fb59299214db,sell,0xb45a50545beeab73f38f31e5973768c421805e5e,0xcf154180a7b8d06a34dcaf6fca3d9baa6482fdbe85db7809059f3a5bb4442b9e
12,620.7555763134284,0.22347200747283422,0xfd4fb1da00f55acce00f30462280f409b65d4547,2017-11-01T01:28:45.000Z,0.00035999999999999997,0x6348883dbbedd9d647504fb40f1ee55f715a9507,sell,0xb45a50545beeab73f38f31e5973768c421805e5e,0x89b46ed68899a501cf4d54c31298b78e43bf02db588645352350e91ac389a0cb
13,2656.614,0.95638104,0xa2312851d68b8f40df119f1b63f95e7600d6fd98,2017-10-31T17:26:27.000Z,0.00036,0x75f375babaab59d42e6a1e4144c4d7327dd6081e,sell,0xb45a50545beeab73f38f31e5973768c421805e5e,0xf064984574841be148cd88f3d85f9e78e207c85e4f3a043d538e9f461cb670ca
14,843.3855049347025,0.3036187817764929,0xa2312851d68b8f40df119f1b63f95e7600d6fd98,2017-10-31T16:46:42.000Z,0.00035999999999999997,0x75f375babaab59d42e6a1e4144c4d7327dd6081e,sell,0xb45a50545beeab73f38f31e5973768c421805e5e,0xe80387f1959c0637a14f9dfd5ddd3ec7ebaa6aef69497a96bebee1e3208ba2ca
15,110.11363061939024,0.04074204332917439,0xcb92f70517bdf70332a8341af6134d366a8111e7,2017-10-31T06:18:37.000Z,0.00037,0xf1fd1047d9c3869fb9895b75ae2cb6233640b505,sell,0xb45a50545beeab73f38f31e5973768c421805e5e,0xf91d89331da82ba8247ab00e2a20e29ceee2f9b6a490cc1fe10093127c92c12b
16,2500,0.965,0xcb92f70517bdf70332a8341af6134d366a8111e7,2017-10-31T06:16:54.000Z,0.000386,0x80479636d971ccc142716436ac94828dee000e86,buy,0xb45a50545beeab73f38f31e5973768c421805e5e,0xc2f57c73104b45fc050f75d11d8ae5b0178473315775cf26f5ffe39f11882700
17,1.2158646013179,0.000449869902487623,0xcb92f70517bdf70332a8341af6134d366a8111e7,2017-10-31T05:52:30.000Z,0.00037,0xe444a40689f51f63bcd29910622035707d533d29,sell,0xb45a50545beeab73f38f31e5973768c421805e5e,0x9680b1a83e6ca69810654bd62ee1f692ea0727f6a806836077fc729d181553ae
18,450,0.1737,0xcb92f70517bdf70332a8341af6134d366a8111e7,2017-10-31T03:40:45.000Z,0.000386,0x80479636d971ccc142716436ac94828dee000e86,buy,0xb45a50545beeab73f38f31e5973768c421805e5e,0xa44066a0c332751423b2a74f453b47a7ef25af9ba07bc4ccf2fc141d97b8aae5
19,2157.53,0.81554634,0xcb92f70517bdf70332a8341af6134d366a8111e7,2017-10-31T03:38:22.000Z,0.000378,0x8266075f3d643e48fe5637287cdf7030130b4dad,buy,0xb45a50545beeab73f38f31e5973768c421805e5e,0x309a0a7e08636409713b11c910ebab1cccc7f41f0ecef8b03e55bd58a4fc2b94
20,0.001,0.000000378,0x0c4085d8e714ca77ac5f46cd2b80a92d238a7cd3,2017-10-31T00:53:33.000Z,0.000378,0x8266075f3d643e48fe5637287cdf7030130b4dad,buy,0xb45a50545beeab73f38f31e5973768c421805e5e,0xa19ce2590972c2368b45f88de6186cbd4a5e3f90c48a475dee86ee5b98e9887a
21,841.468967536664,0.31807526972885897,0xca720f6c97c0efdd511ca74206e51bccb2c9ec0e,2017-10-30T23:45:53.000Z,0.000378,0x8266075f3d643e48fe5637287cdf7030130b4dad,buy,0xb45a50545beeab73f38f31e5973768c421805e5e,0xa66847c9ac878c8dabc6e7d2dee09988952db69c9e21a39f9b4c60f8c4b6fee3
22,25470,9.80595,0x895c32207f6f6161109ad697b3b48f4f03aead87,2017-10-30T20:56:55.000Z,0.000385,0x8914077d965fb07df742b0a085fb0e09a74249ca,sell,0xb45a50545beeab73f38f31e5973768c421805e5e,0x692a9605e7e28b616633fed33ad0e45a77e0871b3dd218153ea9bfb001884c46
23,420,0.1449,0x29a3bcf59cca131fa8a6ea2ceb04d38270e26f09,2017-10-30T19:45:17.000Z,0.000345,0xfe07cec98c7fb8b1fad6fa6ce9314e9294508e5b,buy,0xb45a50545beeab73f38f31e5973768c421805e5e,0xf8005c777949cdfc4acec2d57a450091d88f38e6f19df7279312afc4a393520a
24,275,0.094875,0xf1fd1047d9c3869fb9895b75ae2cb6233640b505,2017-10-30T17:37:33.000Z,0.000345,0xfe07cec98c7fb8b1fad6fa6ce9314e9294508e5b,buy,0xb45a50545beeab73f38f31e5973768c421805e5e,0x100fb8a8721c79ae7b7b449bf5c2d9ee6b883d649b43754d1363014480d8c427
25,3349.132,1.1045437336,0x8914077d965fb07df742b0a085fb0e09a74249ca,2017-10-30T17:19:45.000Z,0.0003298,0xbe4736749ef1e1c1e686bb161fb17cdd4aea563e,buy,0xb45a50545beeab73f38f31e5973768c421805e5e,0xc978505ee850a924bd5627f3caf5ef44d6a905d7ea894ad73d17897733d3b1fe
26,109.67,0.03783615,0xf1fd1047d9c3869fb9895b75ae2cb6233640b505,2017-10-30T16:51:00.000Z,0.000345,0x273a5d3e6721b9f5c1a6474f560c1334c63dda01,sell,0xb45a50545beeab73f38f31e5973768c421805e5e,0xfc2de29ebc620cffc98a97182f3956e23db69a5d31bac5a919106f57e50e214c
27,110,0.036278,0x273a5d3e6721b9f5c1a6474f560c1334c63dda01,2017-10-30T16:51:00.000Z,0.0003298,0xbe4736749ef1e1c1e686bb161fb17cdd4aea563e,buy,0xb45a50545beeab73f38f31e5973768c421805e5e,0xfc2de29ebc620cffc98a97182f3956e23db69a5d31bac5a919106f57e50e214c
28,1.2525553067673,0.000375791643136325,0x29a3bcf59cca131fa8a6ea2ceb04d38270e26f09,2017-10-30T03:06:05.000Z,0.00030001999999999975,0x16e5d97bbc92417e051e3b2cabfbf8ceea2acb9c,sell,0xb45a50545beeab73f38f31e5973768c421805e5e,0x52cc883a5fe5da84bf5c68d1e46d695b5aae6dd8f56187b6f43d0ed6a0e06b4c
29,1.2782166321547,0.000383490553979053,0x29a3bcf59cca131fa8a6ea2ceb04d38270e26f09,2017-10-30T03:03:42.000Z,0.0003000199999999999,0x379374d13077e8867ef31803c37baf9785a17c00,sell,0xb45a50545beeab73f38f31e5973768c421805e5e,0xb973a476fcf78b3ec627fc0295e31404d24c397019e73ef34ac4a68c1201a605
30,900,0.270018,0x29a3bcf59cca131fa8a6ea2ceb04d38270e26f09,2017-10-29T23:43:26.000Z,0.00030002,0x4c7aec150afc04f4cb3d93d6c7486c566b78ea92,buy,0xb45a50545beeab73f38f31e5973768c421805e5e,0x8e25d1b5c32ddefc34f3f9d3d176d8689787f154beb4305f70dc10eae4089ca0
31,927.125909679992,0.2781377729039976,0x29a3bcf59cca131fa8a6ea2ceb04d38270e26f09,2017-10-29T20:59:38.000Z,0.0003,0xbc06520c969a5b52ca0a3de15e014a8f5fc6ab15,sell,0xb45a50545beeab73f38f31e5973768c421805e5e,0xe052c67ba2f8ae995dd4d3e352b330276814b79041b224872663cf1887b4e401
32,3000,0.96,0x8266075f3d643e48fe5637287cdf7030130b4dad,2017-10-29T20:58:44.000Z,0.00032,0xbc06520c969a5b52ca0a3de15e014a8f5fc6ab15,sell,0xb45a50545beeab73f38f31e5973768c421805e5e,0x85124d6ddd5736ffc5c78b93a44c4721421073e0edd22b881ab9511c24c7f0fd
33,3397,1.022497,0xb49fda420b9ce7334c6446af26f06225cbecb401,2017-10-29T19:38:02.000Z,0.000301,0x009a12d4290630bc01fd82516ac57c1dc6a9bcfb,sell,0xb45a50545beeab73f38f31e5973768c421805e5e,0xd60627d152bafa42b9d754fec4c043e2babf3ada9f82a6ef68305decf222eead
34,4000,1.240004,0x29a3bcf59cca131fa8a6ea2ceb04d38270e26f09,2017-10-29T19:36:58.000Z,0.000310001,0x009a12d4290630bc01fd82516ac57c1dc6a9bcfb,sell,0xb45a50545beeab73f38f31e5973768c421805e5e,0x80371e701ec808d9abdd3dfabf6e9352605afa508ae33baca68123d43c610466
35,14653.306074735723,4.542524883168074,0x009a12d4290630bc01fd82516ac57c1dc6a9bcfb,2017-10-29T19:13:05.000Z,0.00031,0xd90d95539715a2296c5e8c2b0aeb9107782c54c3,sell,0xb45a50545beeab73f38f31e5973768c421805e5e,0x713b0ee3447baf4df18d5bd6b3473d9199b36cd301e712a0ef7390b4b6009431
36,3000,1.0236,0x80479636d971ccc142716436ac94828dee000e86,2017-10-29T19:09:20.000Z,0.0003412,0xd90d95539715a2296c5e8c2b0aeb9107782c54c3,sell,0xb45a50545beeab73f38f31e5973768c421805e5e,0x0b142c0775c56ea246274713a4ac8da123fc5d0e2d4d52d14f16890fbc90431c
37,3281.6799694869114,1.1321795894729845,0xbb7ba721373dea2fff24cb405e1c077da163f526,2017-10-29T19:09:20.000Z,0.000345,0xd90d95539715a2296c5e8c2b0aeb9107782c54c3,sell,0xb45a50545beeab73f38f31e5973768c421805e5e,0x667e153406638fa6b5f180d5c55c3aa4347727ea6661b78d400c1b6ca5e4007c
38,1470.5240305130887,0.5073307905270156,0xbb7ba721373dea2fff24cb405e1c077da163f526,2017-10-29T18:53:55.000Z,0.000345,0x29a3bcf59cca131fa8a6ea2ceb04d38270e26f09,sell,0xb45a50545beeab73f38f31e5973768c421805e5e,0x204ebd09a6119c47d8f2f7867ca847d4ea2c54b67a9de584e3230e959b46bde7
39,15.452,0.0056724292,0xbb7ba721373dea2fff24cb405e1c077da163f526,2017-10-29T18:53:05.000Z,0.0003671,0x29a3bcf59cca131fa8a6ea2ceb04d38270e26f09,sell,0xb45a50545beeab73f38f31e5973768c421805e5e,0x2db7c8e1e22401cc289f03098f95f3422631ab7d3b27b525bb906fd836b16167
40,3969.922,1.40932231,0x8266075f3d643e48fe5637287cdf7030130b4dad,2017-10-29T18:52:44.000Z,0.000355,0x29a3bcf59cca131fa8a6ea2ceb04d38270e26f09,sell,0xb45a50545beeab73f38f31e5973768c421805e5e,0xcac78f8fd6820d3b9dab5682369e195f73de81cc4e5d27258e54058b15839501
41,540,0.1998,0xd822346c13e251c80ac5cc5aeb1626f02ba6b64c,2017-10-29T18:52:18.000Z,0.00037,0x29a3bcf59cca131fa8a6ea2ceb04d38270e26f09,sell,0xb45a50545beeab73f38f31e5973768c421805e5e,0x8bab0090e68f3daaf1844f6535011069c9325dce00f0edc470600cbb58ddafb6
42,777.0768721301754,0.29140382704881573,0xed14c7d6ba3de845bbcdf9c6051dda1acbd5769f,2017-10-29T18:51:35.000Z,0.000375,0x29a3bcf59cca131fa8a6ea2ceb04d38270e26f09,sell,0xb45a50545beeab73f38f31e5973768c421805e5e,0x2f152842cd3cd9e74d372e0e6f9b31513506e1029f1af6e272dbd371c39c4e54
43,500,0.195,0xd822346c13e251c80ac5cc5aeb1626f02ba6b64c,2017-10-29T18:05:16.000Z,0.00039,0xbd8fd9cade7a6946124b0cc73d7a81466aa539f2,buy,0xb45a50545beeab73f38f31e5973768c421805e5e,0x8d278ec8a5d2284020477ec80cfcc81960c7dbbf56541cc6e451e9c8a35af3ed
44,495.4640614096301,0.1758897418004187,0x8266075f3d643e48fe5637287cdf7030130b4dad,2017-10-29T17:42:11.000Z,0.000355,0xc737468e0654f1a21ed4c22544d40fd49d69990a,sell,0xb45a50545beeab73f38f31e5973768c421805e5e,0x58efd7b804a5c6df35ac16705060a1c4575e4aea58fb21ec1aff496b1fae2d79
45,3,0.00117,0x0b773d7819259d78757b26dc4148812d35676d8f,2017-10-29T16:13:48.000Z,0.00039,0xc737468e0654f1a21ed4c22544d40fd49d69990a,buy,0xb45a50545beeab73f38f31e5973768c421805e5e,0x8f49813a37a640401640584889bd2593875ff21fee2a6eca42e55339e640773a
46,1134.6136975376332,0.40278786262585986,0x8266075f3d643e48fe5637287cdf7030130b4dad,2017-10-29T15:03:51.000Z,0.000355,0x639365aecf477acfdf7b8d92ab100d9e6e869f84,sell,0xb45a50545beeab73f38f31e5973768c421805e5e,0x4de028328c37a0097988f8cf41f75edffda85dd2c56e3ad6d86552e2cff2aa29
47,7000,2.485007,0x29a3bcf59cca131fa8a6ea2ceb04d38270e26f09,2017-10-29T15:01:29.000Z,0.000355001,0x639365aecf477acfdf7b8d92ab100d9e6e869f84,sell,0xb45a50545beeab73f38f31e5973768c421805e5e,0xf2d4fc920c747c0179c082d781a56a371faacfdc4b2a0257f9b7c619c47f15ba
48,2500,0.975,0x92a8f4c470e2c243e48c14709dda9009be4d5310,2017-10-29T14:45:38.000Z,0.00039,0xbd8fd9cade7a6946124b0cc73d7a81466aa539f2,buy,0xb45a50545beeab73f38f31e5973768c421805e5e,0x6a0d9c5868a770f0ecd29fb2d880400487efee876e97aa90187bc364dc2b3fc7
49,465.5567740005981,0.16527312032698635,0x29a3bcf59cca131fa8a6ea2ceb04d38270e26f09,2017-10-29T10:45:47.000Z,0.00035500099999999997,0xa3406b9ef2aab95b0f2431982fefdc0de4662313,sell,0xb45a50545beeab73f38f31e5973768c421805e5e,0x9d5df2091b17da11fb4aa423875dc1bad9782987acefb4945bf680e043e2e9b5
50,4984.547901505333,1.8298275346426078,0xbb7ba721373dea2fff24cb405e1c077da163f526,2017-10-29T01:59:05.000Z,0.0003671,0xbd8fd9cade7a6946124b0cc73d7a81466aa539f2,sell,0xb45a50545beeab73f38f31e5973768c421805e5e,0x9601ec2a0afebda7b495706e23afec217435e42165b000145c1c6cab4a1d4b02
51,1.2195121951219512,0.0005,0x34f9560c63078eb61872a4dc2ccd20e21c34feaf,2017-10-28T21:07:06.000Z,0.00041,0x1f60e7726d8063b9729496e109c6e4423c0ce669,buy,0xb45a50545beeab73f38f31e5973768c421805e5e,0x3bfa1711bfa981a50b10bc07e275f12d61ba82afa17161153dc5da11030beaa0
52,1.2195121951219512,0.0005,0xe444a40689f51f63bcd29910622035707d533d29,2017-10-28T21:07:06.000Z,0.00041,0x1f60e7726d8063b9729496e109c6e4423c0ce669,buy,0xb45a50545beeab73f38f31e5973768c421805e5e,0xfd8ad5014ddbba93445d57ce1cf0195598232f75fa7090163bdd954feb18c77b
53,247.796,0.08548962,0xbb7ba721373dea2fff24cb405e1c077da163f526,2017-10-28T19:34:54.000Z,0.000345,0xd90d95539715a2296c5e8c2b0aeb9107782c54c3,sell,0xb45a50545beeab73f38f31e5973768c421805e5e,0x8b6c364d0bf773f247d85d2772df9de1291ac0064988622dd05db7b4b05cc15e
54,6425.532586161263,2.216815167758222,0x29a3bcf59cca131fa8a6ea2ceb04d38270e26f09,2017-10-28T19:28:17.000Z,0.000345001,0xd90d95539715a2296c5e8c2b0aeb9107782c54c3,sell,0xb45a50545beeab73f38f31e5973768c421805e5e,0xe45d75ffed8a6af3bb123f665fe5c2c32ca359c24281aba3bd1a9e43f7a79b33
55,4606.966,1.72761225,0x98cc968b491a5e18a20f9c221c278558f586d0d9,2017-10-28T19:27:58.000Z,0.000375,0xd90d95539715a2296c5e8c2b0aeb9107782c54c3,sell,0xb45a50545beeab73f38f31e5973768c421805e5e,0xa1c6ddc39a4d6d3d4aca44f359153af5bf938738bff0b8a9d145db372a241a16
56,393.0336808855648,0.1473876303320868,0x98cc968b491a5e18a20f9c221c278558f586d0d9,2017-10-28T19:18:57.000Z,0.000375,0x186406811737317cf349df03f2e67c11be6d8e66,sell,0xb45a50545beeab73f38f31e5973768c421805e5e,0x72529e03bf3fd459a4d89b4cfe9b9dd4e0ca55f68a0b7728b41ab4ba80bee523
57,3000,1.185,0x11d22bd50a6b44880479e41ad18f64da99cd94bc,2017-10-28T17:51:16.000Z,0.000395,0x186406811737317cf349df03f2e67c11be6d8e66,buy,0xb45a50545beeab73f38f31e5973768c421805e5e,0x287823ed1048c81210189351bf8513eb98da8a231c0ad73d3b39220268d851a8
58,2682.118632631236,1.0594368598893382,0x11d22bd50a6b44880479e41ad18f64da99cd94bc,2017-10-28T17:50:21.000Z,0.000395,0x186406811737317cf349df03f2e67c11be6d8e66,buy,0xb45a50545beeab73f38f31e5973768c421805e5e,0x370dc26945559d4f8b65f29e93952f55de2f2cce79b652640cc25b4f1a92e7d9
59,627.713,0.235392375,0x80479636d971ccc142716436ac94828dee000e86,2017-10-28T17:46:28.000Z,0.000375,0x3acda6ffff10500aafeb0e5574a954a859b801b7,buy,0xb45a50545beeab73f38f31e5973768c421805e5e,0xc5453da2f58be38ad976b3e4a9ca9481a8909b623726aa7c480a988c636f0df0
60,3737.2865502005834,1.4014824563252188,0x1f60e7726d8063b9729496e109c6e4423c0ce669,2017-10-28T17:20:30.000Z,0.000375,0x3acda6ffff10500aafeb0e5574a954a859b801b7,buy,0xb45a50545beeab73f38f31e5973768c421805e5e,0xfc94d292e83edb756c0543205ed356ee82559ddd0d95e15fe349a1e94734399b
61,4500,1.534995,0x29a3bcf59cca131fa8a6ea2ceb04d38270e26f09,2017-10-28T16:50:51.000Z,0.00034111,0x00d87a43b67d836bba1ec90c4195e2f526d3cc8c,sell,0xb45a50545beeab73f38f31e5973768c421805e5e,0x4c9fc23b06d22bcfc84b461d61dfbb62e671292466b527333fb978b63a796691
62,0.000343,0.0000003773,0x273a5d3e6721b9f5c1a6474f560c1334c63dda01,2017-10-28T15:16:45.000Z,0.0011,0x88650fdbfbb5c7933eb52008c4387050b963747d,buy,0xb45a50545beeab73f38f31e5973768c421805e5e,0x6d296a1bbf8785d0719b21bf08c538573c33b9410ad73203179f32feb15c04ec
63,0.000341971,1.025913,0x1c33fd61d18daf9da80ceef92fd40ffeb31b9c2b,2017-10-28T15:16:45.000Z,3000,0x273a5d3e6721b9f5c1a6474f560c1334c63dda01,sell,0xb45a50545beeab73f38f31e5973768c421805e5e,0x6d296a1bbf8785d0719b21bf08c538573c33b9410ad73203179f32feb15c04ec
64,2000,0.75,0x29a3bcf59cca131fa8a6ea2ceb04d38270e26f09,2017-10-28T13:47:58.000Z,0.000375,0x3acda6ffff10500aafeb0e5574a954a859b801b7,buy,0xb45a50545beeab73f38f31e5973768c421805e5e,0xf23f6ffba50dfd100183870cab52a09b6d30764fff35ae0dc46b91e81f3e72b7
65,2000,0.748,0x29a3bcf59cca131fa8a6ea2ceb04d38270e26f09,2017-10-28T13:21:07.000Z,0.000374,0x186406811737317cf349df03f2e67c11be6d8e66,buy,0xb45a50545beeab73f38f31e5973768c421805e5e,0xa0b4da02bc5db69c4e20cb33de5bff4a351b9aef0b49d95a6932065d26dcccf7
66,1480.9090474697414,0.5036719761349338,0x29a3bcf59cca131fa8a6ea2ceb04d38270e26f09,2017-10-28T09:11:53.000Z,0.00034010999999999997,0x8a0efb8b949aa901ecb7204924fc9ab206798fd5,sell,0xb45a50545beeab73f38f31e5973768c421805e5e,0xfc72fba74d2c34fce6b702a89a2467b1388c1b1f8ddd859342047eb9ced54688
67,500,0.1705,0x2c30bde3b6a7f1143e8cce9308e070fd190f2bb4,2017-10-28T09:07:08.000Z,0.000341,0x8a0efb8b949aa901ecb7204924fc9ab206798fd5,sell,0xb45a50545beeab73f38f31e5973768c421805e5e,0x727d953329f7c16fd957b54bbdf6cc07aa4046eab116f562176d568c026c1709
68,900,0.3375,0x540e0299db8b33ec1bde2c466bcc6466c8c62acf,2017-10-28T07:32:56.000Z,0.000375,0x3acda6ffff10500aafeb0e5574a954a859b801b7,buy,0xb45a50545beeab73f38f31e5973768c421805e5e,0x0d3ebcd5cdb71656303c61069e1a8e235560398e14b5e68ee3327aa0e87349b4
69,109.668998291519,0.037299523008928526,0x29a3bcf59cca131fa8a6ea2ceb04d38270e26f09,2017-10-28T02:04:16.000Z,0.00034010999999999997,0xe6aa33b127ef8fe01a31ba076ed52483dc6e2fec,sell,0xb45a50545beeab73f38f31e5973768c421805e5e,0x6e0d451e88e63445d7e137437f5ff4f76aa74746c5df61092b78cebecaf9a2b2
70,89.721862227096,0.03051530256205762,0x29a3bcf59cca131fa8a6ea2ceb04d38270e26f09,2017-10-27T23:23:14.000Z,0.00034010999999999997,0xe6aa33b127ef8fe01a31ba076ed52483dc6e2fec,sell,0xb45a50545beeab73f38f31e5973768c421805e5e,0x00db01ce148f2489db2987481e3bd61f6aa376e67d8fa5e9d9093758c919a4ae
71,23617.07754839192,8.088849060324232,0x009a12d4290630bc01fd82516ac57c1dc6a9bcfb,2017-10-27T20:11:56.000Z,0.0003425,0x0206d6fcc3449a232c227c6cd83967c81015c0f1,sell,0xb45a50545beeab73f38f31e5973768c421805e5e,0xd562ef4090ed84468052bb0efb4b3e0e35c5494e7611f207d6b4d9e3371e809a
72,3700,1.267546,0x29a3bcf59cca131fa8a6ea2ceb04d38270e26f09,2017-10-27T20:09:21.000Z,0.00034258,0x0206d6fcc3449a232c227c6cd83967c81015c0f1,sell,0xb45a50545beeab73f38f31e5973768c421805e5e,0x805a9fd28a338be565074c4eb2f37f2ed095fe92535b566da099a0b320ef20f0
73,27.762061679868275,0.010966014363547969,0x7c668b7c4aba1ccf0f86a0ae4863d4cc157f5a89,2017-10-27T20:07:31.000Z,0.000395,0x186406811737317cf349df03f2e67c11be6d8e66,buy,0xb45a50545beeab73f38f31e5973768c421805e5e,0x84e82fe830fcbfcc0b43c70006fc7e65f18e261d6af344f2a83d76387f12d26f
74,0.2280525308253266,0.000090080749676004,0x7c668b7c4aba1ccf0f86a0ae4863d4cc157f5a89,2017-10-27T20:03:36.000Z,0.000395,0x186406811737317cf349df03f2e67c11be6d8e66,buy,0xb45a50545beeab73f38f31e5973768c421805e5e,0xe73da168ab2838f0f850a7120ed81d138fb354fc746cb6788080ff20269d0e75
75,2700,0.999,0x1c33fd61d18daf9da80ceef92fd40ffeb31b9c2b,2017-10-27T19:56:07.000Z,0.00037,0x3acda6ffff10500aafeb0e5574a954a859b801b7,sell,0xb45a50545beeab73f38f31e5973768c421805e5e,0x12279c0ed4b0a1eb84baf62369fac637f0a976319158643993f3ba9b4a9cfe2a
76,26,0.00988,0x7c668b7c4aba1ccf0f86a0ae4863d4cc157f5a89,2017-10-27T19:54:50.000Z,0.00038,0x3acda6ffff10500aafeb0e5574a954a859b801b7,buy,0xb45a50545beeab73f38f31e5973768c421805e5e,0xa85669b1eef7fc48ec88e8a85f2d54113cc0f1f3771c8d0d6fe710a97c7ae86c
77,189.8912531580706,0.07500704499743789,0x4f98b2ddfa2eaf3e13faf6241594d5849722b52a,2017-10-27T18:15:28.000Z,0.000395,0x186406811737317cf349df03f2e67c11be6d8e66,buy,0xb45a50545beeab73f38f31e5973768c421805e5e,0x185feddf386d3d88d8f73f97090b213dcb163365700654d8d8db2ce9ab4cc237
78,3013,1.2052,0x8914077d965fb07df742b0a085fb0e09a74249ca,2017-10-27T10:20:10.000Z,0.0004,0x8a0efb8b949aa901ecb7204924fc9ab206798fd5,buy,0xb45a50545beeab73f38f31e5973768c421805e5e,0x0ad5aed4a59cd810245736a4a0cf1e272409d869d9b45ecfb9c702e1d6907b0a
79,4110,1.644,0x8914077d965fb07df742b0a085fb0e09a74249ca,2017-10-27T10:16:37.000Z,0.0004,0x3acda6ffff10500aafeb0e5574a954a859b801b7,buy,0xb45a50545beeab73f38f31e5973768c421805e5e,0xd2bcd5a803086c8849baae757d96e1ab0225db0c18370efe8443fa938b3b07ff
80,388.889,0.1457555972,0x8914077d965fb07df742b0a085fb0e09a74249ca,2017-10-27T10:15:26.000Z,0.0003748,0xa8d39347f3cadda48a2bafb0805f262f1764fd5c,buy,0xb45a50545beeab73f38f31e5973768c421805e5e,0xffa6d11494dabb6aeddd0d1d0dceb77d522e8279c8996381021f1b47d406e2ae
81,3386.95,1.26942547305,0x8914077d965fb07df742b0a085fb0e09a74249ca,2017-10-27T10:15:26.000Z,0.000374799,0xb49fda420b9ce7334c6446af26f06225cbecb401,buy,0xb45a50545beeab73f38f31e5973768c421805e5e,0xd57215d41cb14449921eac5987811af60b3b2b2204a79ac17f8d5a7ed6e47613
82,1699,0.6369551,0x8914077d965fb07df742b0a085fb0e09a74249ca,2017-10-27T10:15:26.000Z,0.0003749,0x186406811737317cf349df03f2e67c11be6d8e66,buy,0xb45a50545beeab73f38f31e5973768c421805e5e,0xda9b9684adaf8833995dab2d3e2ddff34c79f62c67b2bde254ad7a5b6042449f
83,182,0.068213418,0x8914077d965fb07df742b0a085fb0e09a74249ca,2017-10-27T10:15:14.000Z,0.000374799,0xb49fda420b9ce7334c6446af26f06225cbecb401,buy,0xb45a50545beeab73f38f31e5973768c421805e5e,0xffc8d411f31f90385077b1196e41ef14bebb56f89b049017e7059288b5eaa98c
84,300,0.1124397,0xe4ce348b25536e70d7cdbfdb4806ee776c970d33,2017-10-27T09:14:21.000Z,0.000374799,0xb49fda420b9ce7334c6446af26f06225cbecb401,buy,0xb45a50545beeab73f38f31e5973768c421805e5e,0x0be9adccab5e22574eba8850f920d931bee97b9ccf98a07ac5ded79c681d13da
85,482,0.159557906,0xb49fda420b9ce7334c6446af26f06225cbecb401,2017-10-27T09:05:43.000Z,0.000331033,0x557c7d3463923356bd362f91c13693fa649506bf,buy,0xb45a50545beeab73f38f31e5973768c421805e5e,0x0969b669d7b705a970673d04e7d32df4a16c6109d9b375e467a62b8b56180929
86,248.97160823278443,0.0824175694165151,0xeac0198d619701b71a62ff1f7b7e2b813f005ea8,2017-10-27T04:25:24.000Z,0.000331032,0x3dee4a4e076e8d82859d241db0baf46f112cfa23,sell,0xb45a50545beeab73f38f31e5973768c421805e5e,0x7ba4a39a42e0c99cb8d3517f6d2f96f2d1f89bcfeca232446db62e4663b1f4ed
87,0.9969095803010667,0.000330006978367062,0xd92ce5941305b7cf1e5cc5713b93db2b651a4fdf,2017-10-26T21:22:19.000Z,0.0003310299999999999,0xb4c432a9559a4f1464d2bff9fcbbdc14f1c39dec,sell,0xb45a50545beeab73f38f31e5973768c421805e5e,0x424082d807cc44db950f1ee90056d9da6c115105e134f02695e766629c670703
88,356.54161160402754,0.11802596968928122,0x29a3bcf59cca131fa8a6ea2ceb04d38270e26f09,2017-10-26T18:19:14.000Z,0.00033103,0xe6e739ded595ef8af2f30b085ee31af73a935ad5,sell,0xb45a50545beeab73f38f31e5973768c421805e5e,0xab50fc9d58928cb5b7c93971a8efdec2b2f00377664f640ba7732666fedee44f
89,1200,0.44988,0xc756767a984d9ff651d0d273243731a421b095f0,2017-10-26T16:52:11.000Z,0.0003749,0x186406811737317cf349df03f2e67c11be6d8e66,buy,0xb45a50545beeab73f38f31e5973768c421805e5e,0x7c8233fbc1459e15b374027575e0d4319f0cf987fc97bbda1b06b9ea631d5c91
90,250,0.0975,0x097123e6dd4a124f11b4522f641f75494e85836d,2017-10-26T13:35:49.000Z,0.00039,0x1da172bb228518f94f7040b68f07a5af1b0e6aa8,buy,0xb45a50545beeab73f38f31e5973768c421805e5e,0xfa24eabf1a6020f0f755d97fcf4947116edaf8c78d0f923bda9a509e573d2919
91,101,0.0378649,0xe6aa33b127ef8fe01a31ba076ed52483dc6e2fec,2017-10-26T11:04:08.000Z,0.0003749,0x186406811737317cf349df03f2e67c11be6d8e66,buy,0xb45a50545beeab73f38f31e5973768c421805e5e,0xb13a5f49f464bd24f1d1e668474e3ac2216a4b4f9119f80887686d51570828aa
92,0.024845717782401223,0.000008006159869612,0x3dee4a4e076e8d82859d241db0baf46f112cfa23,2017-10-26T10:53:04.000Z,0.00032223499999999765,0x055814582aadb70d9db078b7c4837aafc2f6441a,sell,0xb45a50545beeab73f38f31e5973768c421805e5e,0x23842727516c2cc36ff5d109d29fc1842e5b4dd14423e6b9e67463ff2751425a
93,249.22739507526668,0.08030978965207855,0x3dee4a4e076e8d82859d241db0baf46f112cfa23,2017-10-26T10:52:14.000Z,0.000322235,0x055814582aadb70d9db078b7c4837aafc2f6441a,sell,0xb45a50545beeab73f38f31e5973768c421805e5e,0x7607d29ccabeeacca2388831c7b7e37c0200d1a9c11162942dd94b2429eb8e9c
94,396.1648888445818,0.12765779679194497,0x29a3bcf59cca131fa8a6ea2ceb04d38270e26f09,2017-10-26T09:20:52.000Z,0.00032223399999999996,0xf6c3fa243990868e8536f63123905577f8203497,sell,0xb45a50545beeab73f38f31e5973768c421805e5e,0x7bf917590945fe9b1593b24189a565da1c5d4e2bfa5a7494e45b18c6ef6e84c0
95,248.08656841669304,0.08211690223249381,0x29a3bcf59cca131fa8a6ea2ceb04d38270e26f09,2017-10-25T23:43:37.000Z,0.000331001,0x1ed014aec47fae44c9e55bac7662c0b78ae61798,sell,0xb45a50545beeab73f38f31e5973768c421805e5e,0xe4753392b34a8d995ffd8786463e9b8e8c2233f6b91eb81c55a338fc8720764f
96,2312.8300357455464,0.7655490546618116,0x29a3bcf59cca131fa8a6ea2ceb04d38270e26f09,2017-10-25T23:36:26.000Z,0.000331001,0x167b425da52a59bf2662e167af45b65e1898cdb2,sell,0xb45a50545beeab73f38f31e5973768c421805e5e,0x7ab39fcc7f2a5f30a9f54ccd6dbc5feec24e7c6d54c73d0688cffac9accea58e
97,99.73320585606186,0.03301179087156233,0x29a3bcf59cca131fa8a6ea2ceb04d38270e26f09,2017-10-25T22:34:54.000Z,0.000331001,0xaba13099d371a483dbf6cfd5ca654c7a3547cc74,sell,0xb45a50545beeab73f38f31e5973768c421805e5e,0xfc253015fe2a9581094b424e0ccb6f480e0cf10964684db85d3d414534eebd3f
98,166.42,0.0615754,0x29a3bcf59cca131fa8a6ea2ceb04d38270e26f09,2017-10-25T19:32:26.000Z,0.00037,0x186406811737317cf349df03f2e67c11be6d8e66,buy,0xb45a50545beeab73f38f31e5973768c421805e5e,0xca1ea6b9081a80b5571e5c27b5a77c14386f201849474f402bb07b3ddfc2614d
99,2400,0.9,0x29a3bcf59cca131fa8a6ea2ceb04d38270e26f09,2017-10-25T19:32:14.000Z,0.000375,0x186406811737317cf349df03f2e67c11be6d8e66,buy,0xb45a50545beeab73f38f31e5973768c421805e5e,0x41223912de0626bfcf57e7eac9a28e2be4b25a2b1b31d61325976836e5949e90
100,250,0.08125,0x1da172bb228518f94f7040b68f07a5af1b0e6aa8,2017-10-25T19:30:20.000Z,0.000325,0x552be36440727a5811f1056f177638a0d59805d3,sell,0xb45a50545beeab73f38f31e5973768c421805e5e,0xd62958a53139408366fdf4e44688beca5243c2480cee17e1c3f3f75ee8804d87
101,1083.7653305214915,0.40099317229295184,0x80f3c0ababdb3e1100cb79539c41c86578437f7d,2017-10-25T19:27:05.000Z,0.00037,0x186406811737317cf349df03f2e67c11be6d8e66,buy,0xb45a50545beeab73f38f31e5973768c421805e5e,0xadac5141cf6e7d807f8231b096c0a6838a5ddedd9cde75abad097c2f6931f430
102,50,0.01845,0x80f3c0ababdb3e1100cb79539c41c86578437f7d,2017-10-25T19:24:22.000Z,0.000369,0x08ac733177e7265a742365d09098ff3263a68d0d,buy,0xb45a50545beeab73f38f31e5973768c421805e5e,0x4aa534bc1cf7ecef97f68155f44b88895007ac086b72b2b32603f38e82871c33
103,500,0.1845,0x557458cf2d822645f47164d59c727fad98509450,2017-10-25T19:22:15.000Z,0.000369,0x1da172bb228518f94f7040b68f07a5af1b0e6aa8,buy,0xb45a50545beeab73f38f31e5973768c421805e5e,0x2af576f67cd3a053ee5c8d1ae0d5a4d4c3a6b86d7df9904f9b0a90fcb9e71d94
104,120.106,0.0480424,0x557458cf2d822645f47164d59c727fad98509450,2017-10-25T19:20:51.000Z,0.0004,0x36609b93a8c584d642d592e23c0f90344bf8a629,buy,0xb45a50545beeab73f38f31e5973768c421805e5e,0x8562762eadda34e51c7b02eff53411bc2db4c4a5e033ee57e530a1f9857305a5
105,749.8143592700467,0.27743131292991724,0x38801db28afe5f1f0d42063b928010f859ca0222,2017-10-25T18:43:18.000Z,0.00037,0x186406811737317cf349df03f2e67c11be6d8e66,buy,0xb45a50545beeab73f38f31e5973768c421805e5e,0xe3cad0714cdd46a1d5cb8f4af34b3f74bd6db1d75b967bcf7ad0c4967a0e4ad8
106,500,0.16,0x1da172bb228518f94f7040b68f07a5af1b0e6aa8,2017-10-25T18:40:31.000Z,0.00032,0xb27ded47ea0d0877915f2ad81e31fdb2098283b2,sell,0xb45a50545beeab73f38f31e5973768c421805e5e,0xcbfbfc5252d65ad21f5a0b5869b86bf2786163bc7da0a9b9430c3d8321bddcdc
107,1950,0.71955,0x38801db28afe5f1f0d42063b928010f859ca0222,2017-10-25T18:39:31.000Z,0.000369,0x08ac733177e7265a742365d09098ff3263a68d0d,buy,0xb45a50545beeab73f38f31e5973768c421805e5e,0x4fe0e8671c0f9e7f0cd48a3ae542a2c9731b0a84a6be09c0414e838595c75905
108,3000,0.903024,0x29a3bcf59cca131fa8a6ea2ceb04d38270e26f09,2017-10-25T18:38:12.000Z,0.000301008,0xb27ded47ea0d0877915f2ad81e31fdb2098283b2,sell,0xb45a50545beeab73f38f31e5973768c421805e5e,0xd5e5e3c31217698d34b56c90b1a97d323fca3e731f0763a2c1d0a3c7c1dc769a
109,1762.6057379989163,0.5291360051530127,0x9272a1ebbdbf73e19eceba1904dbdeaf0c23dcd3,2017-10-25T13:45:12.000Z,0.000300201,0x29a3bcf59cca131fa8a6ea2ceb04d38270e26f09,sell,0xb45a50545beeab73f38f31e5973768c421805e5e,0x0f5d2fc56037b92cc8f96a12690b2e2e2140f58e75e845f0daf0ce6b306d8a56
110,2500,0.7505025,0x9272a1ebbdbf73e19eceba1904dbdeaf0c23dcd3,2017-10-25T13:44:09.000Z,0.000300201,0x29a3bcf59cca131fa8a6ea2ceb04d38270e26f09,sell,0xb45a50545beeab73f38f31e5973768c421805e5e,0x75660a8e71b047d3c168bb90e35ead4e03e0d21a7a4cd80248d0ed2fcb6dbcf1
111,0.5716094779474128,0.000171597736889291,0x9272a1ebbdbf73e19eceba1904dbdeaf0c23dcd3,2017-10-25T13:36:27.000Z,0.0003002009999999995,0xa346bdc5b7cab8285633c61d9eeb909d737bcb3a,sell,0xb45a50545beeab73f38f31e5973768c421805e5e,0xc6d3f101c5e643892070d84dbf0948822343d0f3b513ea3bdda59c12d6034261
112,5733.814673290498,1.721296898736481,0x9272a1ebbdbf73e19eceba1904dbdeaf0c23dcd3,2017-10-25T13:35:34.000Z,0.000300201,0xa346bdc5b7cab8285633c61d9eeb909d737bcb3a,sell,0xb45a50545beeab73f38f31e5973768c421805e5e,0xe24e2e44bbc60a30e2c7dee7c67f05879ab7b1c092c6f048c865c45f7ecbddc3
113,4236.420871985949,1.2755905609758411,0x29a3bcf59cca131fa8a6ea2ceb04d38270e26f09,2017-10-25T13:34:31.000Z,0.000301101,0xa346bdc5b7cab8285633c61d9eeb909d737bcb3a,sell,0xb45a50545beeab73f38f31e5973768c421805e5e,0x2bd1469c3f3326c1a0e86335447415857c509f1623256b874b97e5dc41566e67
114,600,0.225,0x8914077d965fb07df742b0a085fb0e09a74249ca,2017-10-25T10:06:55.000Z,0.000375,0x186406811737317cf349df03f2e67c11be6d8e66,buy,0xb45a50545beeab73f38f31e5973768c421805e5e,0x9be0cbf24bd5e306dd832a67e6d6d5fa95f24343ddddf3a0b40bae90b566b254
115,1000,0.37,0x8914077d965fb07df742b0a085fb0e09a74249ca,2017-10-25T10:03:56.000Z,0.00037,0x186406811737317cf349df03f2e67c11be6d8e66,buy,0xb45a50545beeab73f38f31e5973768c421805e5e,0x7463a101c37f13e42610ba6e56d820bcd4873a7199dd39820a961f4e32909ea6
116,1749.365,0.638518225,0x8914077d965fb07df742b0a085fb0e09a74249ca,2017-10-25T10:00:15.000Z,0.000365,0x799ec03a8b90c4f626d96c299f188bd3ef0c36c6,buy,0xb45a50545beeab73f38f31e5973768c421805e5e,0x16d7a0a7d5b2efd3d1f5c52fae43701e041b18ebe15c99f03094ef4f26f4731b
117,6217,2.262988,0x8914077d965fb07df742b0a085fb0e09a74249ca,2017-10-25T10:00:06.000Z,0.000364,0xa346bdc5b7cab8285633c61d9eeb909d737bcb3a,buy,0xb45a50545beeab73f38f31e5973768c421805e5e,0x17dc458d722b4b656763100fcbccf916e66c92a00930d35d2c833df286f2ae4e
118,2000,0.72,0x8914077d965fb07df742b0a085fb0e09a74249ca,2017-10-25T10:00:06.000Z,0.00036,0x186406811737317cf349df03f2e67c11be6d8e66,buy,0xb45a50545beeab73f38f31e5973768c421805e5e,0x5a312621f5d3bd86604998346d0004625e1ad231d56eff62743cdde8f28d19cc
119,2003.8,0.711349,0x8914077d965fb07df742b0a085fb0e09a74249ca,2017-10-25T09:59:54.000Z,0.000355,0x2e1c049df8f9a74cdab35b771c33b85a5be21df6,buy,0xb45a50545beeab73f38f31e5973768c421805e5e,0x3c5d600593618bd42efaf78778a0ccec6746788553667066d76bdc901d729136
120,903.374,0.2710122,0xe2eabfc1e89a462bbd2ba188cd8a9591a9a0d04e,2017-10-25T09:21:42.000Z,0.0003,0x40945a4931f8a86cf6b490d1f443f30b5449b533,buy,0xb45a50545beeab73f38f31e5973768c421805e5e,0x133bb5c94796377dd47347c398ecd2039472463c8f9b047b4f9b30befff102ac
121,36.39157134501944,0.010957611306699387,0x29a3bcf59cca131fa8a6ea2ceb04d38270e26f09,2017-10-25T09:17:04.000Z,0.000301103,0x796c635dbf6891cc1cfcd1b41384c6e4414ae6b5,sell,0xb45a50545beeab73f38f31e5973768c421805e5e,0xd9224abe8385b1dd2f397555dc310d1c888bcb6852a1515ab07ffa13303e3fd1
122,896.6257875350839,0.2689877362605252,0xe2eabfc1e89a462bbd2ba188cd8a9591a9a0d04e,2017-10-25T09:16:03.000Z,0.0003,0x40945a4931f8a86cf6b490d1f443f30b5449b533,buy,0xb45a50545beeab73f38f31e5973768c421805e5e,0xc68b3c1f6b4c2b3c1a90e32d2a7c3a64cae8a86caa261fa0af4d9840497a9624
123,261.635,0.095496775,0xb4644415a639bf48418f50717ea59e7299682173,2017-10-24T20:10:07.000Z,0.000365,0x799ec03a8b90c4f626d96c299f188bd3ef0c36c6,buy,0xb45a50545beeab73f38f31e5973768c421805e5e,0x838fe3b40dea8457a5f2e151906be23757fb7dd955307aa4bcdb916bfb77e942
124,1993.8191606021335,0.5987438939288207,0x29a3bcf59cca131fa8a6ea2ceb04d38270e26f09,2017-10-24T12:44:37.000Z,0.0003003,0xffb8e00f4aafbdfeba3066cb9426adc0e74e2071,sell,0xb45a50545beeab73f38f31e5973768c421805e5e,0xc3cf95c2f524a40ddad59b866b4315a900b8d8a65154660b100e3629f4b9ab46
125,12588.205747430131,4.405872011600546,0xdef0083fea701af025c19bdf0d328d5a44eac384,2017-10-24T05:13:41.000Z,0.00035,0xa346bdc5b7cab8285633c61d9eeb909d737bcb3a,sell,0xb45a50545beeab73f38f31e5973768c421805e5e,0x275c8a914ea948dfa89a49969128f9933bb5f58203339794d5692368854a0052
126,4911.79425256987,1.7191279883994544,0xdef0083fea701af025c19bdf0d328d5a44eac384,2017-10-24T04:53:22.000Z,0.00035,0x3dee4a4e076e8d82859d241db0baf46f112cfa23,sell,0xb45a50545beeab73f38f31e5973768c421805e5e,0xdf39c33429a018839e82168002d7f53135d7700b7de5c2d956e8bcf29bbf8b27
127,500,0.175,0xdef0083fea701af025c19bdf0d328d5a44eac384,2017-10-24T02:59:42.000Z,0.00035,0x14d6a9617a144ac2ee29a309862a3d88ba2820d6,sell,0xb45a50545beeab73f38f31e5973768c421805e5e,0x3afcdcc8f94321d2208c48d061337f6ff9585b7666ffd9c29d3a927ad99000a7
128,1613.561808082265,0.621221296111672,0xdef0083fea701af025c19bdf0d328d5a44eac384,2017-10-24T02:34:02.000Z,0.000385,0xa30a0e3cd16d9b044f529d89abc97793453b1166,buy,0xb45a50545beeab73f38f31e5973768c421805e5e,0xc039997ed0fb53b03e02cd75923f75b4605b68ca0981a1ca77b406ba6d1f1d79
129,2000,0.76,0xf4381d04158f4809ce2324f48c465fe2ba79a884,2017-10-24T01:02:42.000Z,0.00038,0x186406811737317cf349df03f2e67c11be6d8e66,buy,0xb45a50545beeab73f38f31e5973768c421805e5e,0xbe8d92f72e05f91cf719f2534985f3f7c34046053875a865252f30593f5d6b8a
130,118.84720386800917,0.035677930601176355,0x29a3bcf59cca131fa8a6ea2ceb04d38270e26f09,2017-10-23T20:50:26.000Z,0.0003002,0xc3ac2626b4f3c8df1eda1c9c0484dcf8185ad542,sell,0xb45a50545beeab73f38f31e5973768c421805e5e,0xed3f32f7dccb9c7f781e99a2cab88dde971415e7d3373946eff7cbae9d5814b2
131,29.907287409032,0.008975476024324592,0x3dee4a4e076e8d82859d241db0baf46f112cfa23,2017-10-23T17:19:47.000Z,0.00030010999999999997,0xe0eaddf67501cfe390783cab24ef18bc10ae98a3,sell,0xb45a50545beeab73f38f31e5973768c421805e5e,0x2209a119ed376c17c2f8a51742d03ef6912054e4881f5e2d449b3890649f1a4e
132,144.94621399332158,0.04349980828153573,0x3dee4a4e076e8d82859d241db0baf46f112cfa23,2017-10-23T16:49:08.000Z,0.00030010999999999997,0x88fd6b20202a2107806cbeb08e691f8325edda2c,sell,0xb45a50545beeab73f38f31e5973768c421805e5e,0x27a3305fbfc2c3530fb72695f37289e2648e1e5e4d86f5069d1141e45e7b8729
133,1488.021,0.52080735,0x8a0efb8b949aa901ecb7204924fc9ab206798fd5,2017-10-23T08:01:48.000Z,0.00035,0x186406811737317cf349df03f2e67c11be6d8e66,sell,0xb45a50545beeab73f38f31e5973768c421805e5e,0xe4b28bfb024dbd260127a124508ed585ae46227a6059a4223fffe1ee1b985679
134,0.00000018322577922,0.000000000070541925,0x7ac0338aed1a4dfe129ca11c8722cc43db2fc5cf,2017-10-22T21:43:17.000Z,0.00038500000000163734,0xa30a0e3cd16d9b044f529d89abc97793453b1166,buy,0xb45a50545beeab73f38f31e5973768c421805e5e,0x026da7d8cdca7f8d5bc5f639310dc0ccc6a953297bd614dd2bc645ec86d691c6
135,0.001837937772581818,0.000000707606042444,0x7ac0338aed1a4dfe129ca11c8722cc43db2fc5cf,2017-10-22T21:41:54.000Z,0.00038500000000000003,0xa30a0e3cd16d9b044f529d89abc97793453b1166,buy,0xb45a50545beeab73f38f31e5973768c421805e5e,0x52c0139c5f66480bc04d936fd029ad33c2275850872243506f3e5aad825688f0
136,18.436353796736608,0.007097996211743594,0x7ac0338aed1a4dfe129ca11c8722cc43db2fc5cf,2017-10-22T21:37:46.000Z,0.000385,0xa30a0e3cd16d9b044f529d89abc97793453b1166,buy,0xb45a50545beeab73f38f31e5973768c421805e5e,0x57967a2d487b2f029be254ec7b47a7d1dd17324f0faba71812d42cdcdc9123be
137,59.70780223416868,0.022091886826642412,0x53e90ed989949b14e96a9b034b36522cd6b5aa1a,2017-10-22T21:29:54.000Z,0.00037,0xa30a0e3cd16d9b044f529d89abc97793453b1166,sell,0xb45a50545beeab73f38f31e5973768c421805e5e,0xc427db0d06dc0a68855ca58ab4b4790d83ef82f55a0c6eaea92da3dd481831b0
138,910.0798560252272,0.3367295467293341,0x53e90ed989949b14e96a9b034b36522cd6b5aa1a,2017-10-22T21:18:37.000Z,0.00037,0x29a3bcf59cca131fa8a6ea2ceb04d38270e26f09,sell,0xb45a50545beeab73f38f31e5973768c421805e5e,0x9aa3935ac53ede47aedd81ab6ff6cf40292a2ce1e98414c4d44775a64abbac8c
139,530.2123417406041,0.19617856644402354,0x53e90ed989949b14e96a9b034b36522cd6b5aa1a,2017-10-22T21:01:02.000Z,0.00037,0x2bdc160ca80bc28f37d81b6d16e88201b74aa7b9,sell,0xb45a50545beeab73f38f31e5973768c421805e5e,0xf7cae04584f1ed51ec65267002027f0226e396d3a5ba79e6d7e28f975a627a59
140,2500,0.925,0x53e90ed989949b14e96a9b034b36522cd6b5aa1a,2017-10-22T20:59:49.000Z,0.00037,0x2bdc160ca80bc28f37d81b6d16e88201b74aa7b9,sell,0xb45a50545beeab73f38f31e5973768c421805e5e,0x9ad91b98a863d0eaf199cde036e5780507175559d51ab6122a17a93ff57e13b0
141,100,0.0389,0x540e0299db8b33ec1bde2c466bcc6466c8c62acf,2017-10-22T19:40:17.000Z,0.000389,0x186406811737317cf349df03f2e67c11be6d8e66,buy,0xb45a50545beeab73f38f31e5973768c421805e5e,0xc2db45e0fab906d2870f8015ce393636178c1644684c4180933c081f4ccc3c16
142,3511.9788655168977,1.2291926029309141,0x8a0efb8b949aa901ecb7204924fc9ab206798fd5,2017-10-22T19:26:31.000Z,0.00035,0x3d6e9461aa8476ff1e3636622c9736a6f4cb6da8,sell,0xb45a50545beeab73f38f31e5973768c421805e5e,0xa4f012922aada65009f2c5a22b2c6406938eb60826a23c7aedb02b13c7d448c5
143,666,0.23976,0x6c740de60199b0634e9fc683dcba6061abc1ddd6,2017-10-22T13:03:52.000Z,0.00036,0x186406811737317cf349df03f2e67c11be6d8e66,sell,0xb45a50545beeab73f38f31e5973768c421805e5e,0x160fb71d38cc4e5d5d839514c13da2daab9def5420fc872ff54fb829a4067464
144,4292.094887847672,1.5666146340644003,0xe33f141d96531a24ed66a535de24ebf354e1f9d2,2017-10-22T10:33:41.000Z,0.000365,0xa346bdc5b7cab8285633c61d9eeb909d737bcb3a,sell,0xb45a50545beeab73f38f31e5973768c421805e5e,0xbcac507ccbce96a4360895b73fe456f0785ece00f5df91b4ad4436559f42e511
145,707.9051121523278,0.25838536593559963,0xe33f141d96531a24ed66a535de24ebf354e1f9d2,2017-10-22T10:30:21.000Z,0.000365,0xf18d77043a3c130f1eefe3e29d9d49706ae519c7,sell,0xb45a50545beeab73f38f31e5973768c421805e5e,0x7908c368f3e6f7a75f1d5c8e58b094dc0b4c2fda606fc5cdf9e17aabb38e8c6e
146,981.03,0.387408747,0xdef0083fea701af025c19bdf0d328d5a44eac384,2017-10-22T00:36:43.000Z,0.0003949,0x29a3bcf59cca131fa8a6ea2ceb04d38270e26f09,buy,0xb45a50545beeab73f38f31e5973768c421805e5e,0xe8adc0028e65c105816f881fa83053a438bf53f84491ea1e7bf4f94e175734c6
147,3785.909237988822,1.4954341490055847,0xdae0f700e51c3bd43a522fada636ed00c71c852e,2017-10-21T20:44:43.000Z,0.000395,0xa346bdc5b7cab8285633c61d9eeb909d737bcb3a,buy,0xb45a50545beeab73f38f31e5973768c421805e5e,0x50e9e162713cf986dd7424fbd2d15cac0b04890782d29dc32647c2d9ad1f12a6
148,666,0.2664,0x6c740de60199b0634e9fc683dcba6061abc1ddd6,2017-10-21T18:53:57.000Z,0.0004,0xa346bdc5b7cab8285633c61d9eeb909d737bcb3a,sell,0xb45a50545beeab73f38f31e5973768c421805e5e,0x5778cea2e5d89a92a9c84fcacd804f4e75b2f2ebb90e6e9002d1c5176091a656
149,8180.27,3.272108,0x30d31939e786b92821d79383992e0a5a0743eedd,2017-10-21T14:29:44.000Z,0.0004,0xa346bdc5b7cab8285633c61d9eeb909d737bcb3a,sell,0xb45a50545beeab73f38f31e5973768c421805e5e,0x2e0fba27944344bd804217de520f65c528df0bbd40cd9fdc9cc919d12fbed3b1
150,392.4169630530561,0.16677720929754886,0x0fbe85e179094848ec251e04df4734dbec50df6b,2017-10-21T14:11:11.000Z,0.000425,0xa346bdc5b7cab8285633c61d9eeb909d737bcb3a,sell,0xb45a50545beeab73f38f31e5973768c421805e5e,0x1ea706f60b87ee98a2a060a1d1e88d4cf1f20af15e7f50cfc68c5524568e738c
151,7000,3.010007,0x13528966fe92fb05785511b56f24e750f0d4aaf6,2017-10-21T14:10:46.000Z,0.000430001,0xa346bdc5b7cab8285633c61d9eeb909d737bcb3a,sell,0xb45a50545beeab73f38f31e5973768c421805e5e,0x121660b1682dc4da629e41417d42cd074f1890fecc1f84b62a4f1ba66546cc07
152,1500,0.705,0xdea025c3f2bc0f876f3649568e7c93d9396e6958,2017-10-21T12:20:17.000Z,0.00047,0x186406811737317cf349df03f2e67c11be6d8e66,buy,0xb45a50545beeab73f38f31e5973768c421805e5e,0xec74250d27168d0bca54e556457772dd38ff963da10819f066ab11d8214787ad
153,750,0.32250075,0x13528966fe92fb05785511b56f24e750f0d4aaf6,2017-10-21T11:08:14.000Z,0.000430001,0x186406811737317cf349df03f2e67c11be6d8e66,sell,0xb45a50545beeab73f38f31e5973768c421805e5e,0x3ed31d6b6e1cd85d9489df33cff5e6a658a87eb0995dcffe01c87bf7108a0a15
154,700,0.3325,0x5ec093d0a195cb00786c15ffaee9197a2ca52c0c,2017-10-21T11:02:40.000Z,0.000475,0x975cdd040c7b55c17528b3b10dcc1839b6c90063,buy,0xb45a50545beeab73f38f31e5973768c421805e5e,0x5d72d41b453dc03ef16c0c05281f3f54f5b1ecf794163a4c485efbfbb3d61a0c
155,300,0.1425,0x6edff612c6640bf5fc60b2158297b8ffdd5437dc,2017-10-21T10:40:56.000Z,0.000475,0x975cdd040c7b55c17528b3b10dcc1839b6c90063,buy,0xb45a50545beeab73f38f31e5973768c421805e5e,0x537e0170b0279f53704d8c4a74b31598ce7af80c9f713d4b209caf0bf7756c40
156,200.9,0.0853825,0x0fbe85e179094848ec251e04df4734dbec50df6b,2017-10-21T10:22:52.000Z,0.000425,0xf2a0b074137a13e0f38b7b8f57fb4b19f756fd45,sell,0xb45a50545beeab73f38f31e5973768c421805e5e,0x7bc7f1f2a9ce9307f2b207044580a79ccc45bf62079f2f804531452f08c357bc
157,1,0.000475,0xb4c432a9559a4f1464d2bff9fcbbdc14f1c39dec,2017-10-21T09:12:12.000Z,0.000475,0x975cdd040c7b55c17528b3b10dcc1839b6c90063,buy,0xb45a50545beeab73f38f31e5973768c421805e5e,0xa6bfdae2a11efbd609464e0a24a54f9e4400df8538d9d1e5fcb83830c91da414
158,676,0.3211,0xa9de8760e564685a0ddc259b0486174455893f70,2017-10-21T08:53:02.000Z,0.000475,0x975cdd040c7b55c17528b3b10dcc1839b6c90063,buy,0xb45a50545beeab73f38f31e5973768c421805e5e,0xd6b98c00cd5ed039d599806d5457873d12951e4e66fc6680be00b3f85411dacd
159,4324,1.98904,0xa9de8760e564685a0ddc259b0486174455893f70,2017-10-21T08:44:53.000Z,0.00046,0xe828a7d60f8c06c421e4e1e9356458e5c6671c8b,buy,0xb45a50545beeab73f38f31e5973768c421805e5e,0x7dabf967144e9819ca2062c6fe1a19c7f06653ceddbb6583ec0d72f3bb2daac3
160,311.03578905393283,0.13219021034792144,0x0fbe85e179094848ec251e04df4734dbec50df6b,2017-10-21T08:19:51.000Z,0.000425,0x29a3bcf59cca131fa8a6ea2ceb04d38270e26f09,sell,0xb45a50545beeab73f38f31e5973768c421805e5e,0xc443de2204adbfbbd557fd7b67b749b623a976e6d7867c1e97cb96b3bce6d3f7
161,1846.4198528177444,0.7847284374475414,0x0fbe85e179094848ec251e04df4734dbec50df6b,2017-10-21T08:19:10.000Z,0.000425,0x9778550d76b07ac9f5e57392f68ecdf6efc1774e,sell,0xb45a50545beeab73f38f31e5973768c421805e5e,0x594b44ce147fcc107e504edeee0ad4f0af88581467519fe897d02529a5193306
162,1993.8886182969372,0.8474046566648166,0xa77f964e028b944a59622a3610e6f51bf322ddd1,2017-10-21T06:48:01.000Z,0.000425001,0x312faa0884a98417ee4ed58e2b54f813125d5893,sell,0xb45a50545beeab73f38f31e5973768c421805e5e,0x4d86ff9900f65ae8d49e0307e2c03d6e56bec0fbb1aa3b148e0b7e93c575462d
163,696.7301365766125,0.29611100477519686,0xa77f964e028b944a59622a3610e6f51bf322ddd1,2017-10-21T03:27:03.000Z,0.000425001,0x312faa0884a98417ee4ed58e2b54f813125d5893,sell,0xb45a50545beeab73f38f31e5973768c421805e5e,0x1395963656ae39f8c92bc17966187fd521965435a244c4ce7076fe4453c4f9ef
164,249.22739507526668,0.10592164290698834,0x0fbe85e179094848ec251e04df4734dbec50df6b,2017-10-21T02:10:59.000Z,0.000425,0x66e2d68f14be53f0bd36032a102dc85399b02664,sell,0xb45a50545beeab73f38f31e5973768c421805e5e,0x8bb4b6006e119e029e7dcf94187d541ac9ae09e02563698b546532ee91a7f10a
165,2000,0.94,0xdef0083fea701af025c19bdf0d328d5a44eac384,2017-10-21T01:32:53.000Z,0.00047,0x975cdd040c7b55c17528b3b10dcc1839b6c90063,buy,0xb45a50545beeab73f38f31e5973768c421805e5e,0x1c9d627d47f76e9c2bdfbb94acb4095bc75326c1e1d54ce08deee22ac2b9686c
166,494.734,0.23005131,0x0fbe85e179094848ec251e04df4734dbec50df6b,2017-10-21T00:18:31.000Z,0.000465,0x975cdd040c7b55c17528b3b10dcc1839b6c90063,buy,0xb45a50545beeab73f38f31e5973768c421805e5e,0x98647fcaf64b51ffdb816e8a4f2335269fd6fdef24002fbb9ff32ef4241d9ab8
167,1505.2659677857723,0.6999486750203842,0xdae0f700e51c3bd43a522fada636ed00c71c852e,2017-10-20T22:26:03.000Z,0.000465,0x975cdd040c7b55c17528b3b10dcc1839b6c90063,buy,0xb45a50545beeab73f38f31e5973768c421805e5e,0x3477d5e9811171f6db29c9446a83d35b3503e7f5c22c9135ec67f3e7eb2bb4a3
168,2000,0.92,0xdae0f700e51c3bd43a522fada636ed00c71c852e,2017-10-20T22:23:37.000Z,0.00046,0x975cdd040c7b55c17528b3b10dcc1839b6c90063,buy,0xb45a50545beeab73f38f31e5973768c421805e5e,0xb7813bb1c03767ea50e818f6851b90753b3639f2358c4a0aa7fc58b8b818d6d3
169,843.3445321493884,0.3795050394672248,0xdae0f700e51c3bd43a522fada636ed00c71c852e,2017-10-20T22:21:56.000Z,0.00045,0xdb5d0c8f089922927bf5aa7a17808deee47c7fe6,buy,0xb45a50545beeab73f38f31e5973768c421805e5e,0x85236c031e8fdf718fbc0daf7a4687bd062cc8d8f843871d45887a5abbb4f934
170,3500,1.54,0xdae0f700e51c3bd43a522fada636ed00c71c852e,2017-10-20T22:19:13.000Z,0.00044,0x186406811737317cf349df03f2e67c11be6d8e66,buy,0xb45a50545beeab73f38f31e5973768c421805e5e,0x99b27c1e1f400d230f9a37ecad125d2fb2781c5bf3f079ca0458dbdee0e0daf4
171,1530.0264678506117,0.6885119105327752,0x8a18a5c93738f3474d77836d59c0b18cf7ffbae6,2017-10-20T21:44:36.000Z,0.00045,0xdb5d0c8f089922927bf5aa7a17808deee47c7fe6,buy,0xb45a50545beeab73f38f31e5973768c421805e5e,0x79bf0d5aa748938f76361c409d4d53a1213c042ce7a307a7fdca06f7b4a68a7f
172,4287.9047737081355,1.80087712590968,0x8a18a5c93738f3474d77836d59c0b18cf7ffbae6,2017-10-20T21:40:42.000Z,0.00041999,0x951571ecb267b433469ef2c50f4c7b74b1d631f7,buy,0xb45a50545beeab73f38f31e5973768c421805e5e,0x03c89794ee5278ad62e845414f17c20286bf01494139e3479c10f64ddca2f058
173,664.041887160869,0.2722571737359563,0x8a18a5c93738f3474d77836d59c0b18cf7ffbae6,2017-10-20T21:39:32.000Z,0.00041,0x2e508361ae7050e686c0e6c5ea7d6584d71263f5,buy,0xb45a50545beeab73f38f31e5973768c421805e5e,0x8cb57756ca77386fb235c88508b9d3e73479b9f3fb89fcbfe6e7b54a3744d899
174,1522.463,0.63943446,0x167b425da52a59bf2662e167af45b65e1898cdb2,2017-10-20T20:50:34.000Z,0.00042,0x186406811737317cf349df03f2e67c11be6d8e66,sell,0xb45a50545beeab73f38f31e5973768c421805e5e,0x949d0656a1396b710b39f3acb45358dfc998312f5fcb93265dac9b404488f9fb
175,797.5368088563574,0.3349654597196701,0x167b425da52a59bf2662e167af45b65e1898cdb2,2017-10-20T20:42:41.000Z,0.00041999999999999996,0xd5e57674078817a6f5cb9811c7d23729e29c1aea,sell,0xb45a50545beeab73f38f31e5973768c421805e5e,0x10f760d00ab0345665d34418850a4a8127172b1bc9b21ec6562c991a8fe16646
176,91.72963812182235,0.03669185524872894,0x30d31939e786b92821d79383992e0a5a0743eedd,2017-10-20T20:39:06.000Z,0.00039999999999999996,0xd5e57674078817a6f5cb9811c7d23729e29c1aea,sell,0xb45a50545beeab73f38f31e5973768c421805e5e,0xcf490a790f9fced323a2d72be51b0229029013ab32c4176487a3f0e2a49d0269
177,1500,0.5283,0x29a3bcf59cca131fa8a6ea2ceb04d38270e26f09,2017-10-20T19:46:09.000Z,0.0003522,0x312faa0884a98417ee4ed58e2b54f813125d5893,sell,0xb45a50545beeab73f38f31e5973768c421805e5e,0xaec293bfcfd6e977d1ef451c9d8e3fe0b6a51441f9767a8013385e6fdb0c9e04
178,1323.264471600517,0.4659227437150137,0xb49fda420b9ce7334c6446af26f06225cbecb401,2017-10-20T18:26:28.000Z,0.000352101,0x1ed014aec47fae44c9e55bac7662c0b78ae61798,sell,0xb45a50545beeab73f38f31e5973768c421805e5e,0x9b56ab362f42bac089aa00ee351cbeaf174107ee0c00b82bd0e3adb6ab4bae0f
179,712.0952262918642,0.29907287409032,0xf43810dbf12696a16e57960a0974e9a1d1acda8f,2017-10-20T18:04:28.000Z,0.00041999,0x951571ecb267b433469ef2c50f4c7b74b1d631f7,buy,0xb45a50545beeab73f38f31e5973768c421805e5e,0x59b13955bf28677e6328b089cf30957fb0ded70191d9aefca89de0ac41705d3e
180,3095.08034815155,1.2999337462236509,0x70e20a5ae4d59e9d818910feb7d4fc487b3ec4b2,2017-10-20T14:54:33.000Z,0.00042,0xdb5d0c8f089922927bf5aa7a17808deee47c7fe6,buy,0xb45a50545beeab73f38f31e5973768c421805e5e,0x25f261202625f5ab24fd3f3dd1f04a87170a1a1e4595e39144836c71b1db93f3
181,130.57894736842104,0.002480999999999999,0x25b0907e8a539634554ca19887a4e4bde3e24a73,2017-10-20T14:54:28.000Z,0.00001899999999999999,0x056f06fe5111ed1066f29c54dfd8b95c76e84bd8,sell,0xb45a50545beeab73f38f31e5973768c421805e5e,0x568e000a1a1990d20221b82c0d14651776bb9daa72c5648e6e2049f302aea886
182,4000,1.3244,0x3dee4a4e076e8d82859d241db0baf46f112cfa23,2017-10-20T14:53:07.000Z,0.0003311,0x056f06fe5111ed1066f29c54dfd8b95c76e84bd8,sell,0xb45a50545beeab73f38f31e5973768c421805e5e,0x709c18a4c628c9c525535322ea7cc49e38982c4612bb6b2533b004f6279a6e3e
183,5000,1.75001,0x951571ecb267b433469ef2c50f4c7b74b1d631f7,2017-10-20T14:53:00.000Z,0.000350002,0x056f06fe5111ed1066f29c54dfd8b95c76e84bd8,sell,0xb45a50545beeab73f38f31e5973768c421805e5e,0xd9db4f98cfa791a83044d38321fe7d6a669e97b39e61cb179f44ffeafa599081
184,1086.003,0.45612126,0x70e20a5ae4d59e9d818910feb7d4fc487b3ec4b2,2017-10-20T14:21:31.000Z,0.00042,0x186406811737317cf349df03f2e67c11be6d8e66,buy,0xb45a50545beeab73f38f31e5973768c421805e5e,0xac07c123a16d8dda34afb5f222248d5cbddf2c13e2dd12ffad18c7cc1c9f40f6
185,3000,1.275,0x70e20a5ae4d59e9d818910feb7d4fc487b3ec4b2,2017-10-20T14:12:17.000Z,0.000425,0x186406811737317cf349df03f2e67c11be6d8e66,buy,0xb45a50545beeab73f38f31e5973768c421805e5e,0x7080cf41aa748b8c80ad4b54fe40201157da9623e3b92d01f9a6c0ae2c299b3e
186,8245.064,3.487662072,0x3df86cefaecfaa31be2f74f8f832cb4ef62b79f8,2017-10-20T14:06:14.000Z,0.000423,0xc1818142c5201b53162791d06f4f1de0d95f11a7,buy,0xb45a50545beeab73f38f31e5973768c421805e5e,0xaac7c42d904245e2c31311c228df6d8d85eac3bb595d6bb8150e779038be586a
187,493.31762989985657,0.1946138049954934,0x669f0ab96fd3beb68bc836bb874894bbb516331a,2017-10-20T14:05:41.000Z,0.0003945,0x1fdf047bf7a114b37e7936d01e9cad754ad18803,buy,0xb45a50545beeab73f38f31e5973768c421805e5e,0xe211161ce2ab6e5306c9adca0cf2ac7e247e28233d0344a6d5879d9442dc095c
188,189.589,0.074698066,0x669f0ab96fd3beb68bc836bb874894bbb516331a,2017-10-20T14:05:41.000Z,0.000394,0x3318a522d8f4bf552f7e57961356e4639d77db96,buy,0xb45a50545beeab73f38f31e5973768c421805e5e,0x52414ace26bf970fe00febb8f2550a9c7d8ce4d799095af0f37cce564f9ec674
189,928.133,0.366612535,0x669f0ab96fd3beb68bc836bb874894bbb516331a,2017-10-20T14:05:26.000Z,0.000395,0x186406811737317cf349df03f2e67c11be6d8e66,buy,0xb45a50545beeab73f38f31e5973768c421805e5e,0xbaaeae38c71036863be712e9bd58705aea09ebfbfa7fe610400114e04cd98f7e
190,1998,0.795204,0x669f0ab96fd3beb68bc836bb874894bbb516331a,2017-10-20T14:05:26.000Z,0.000398,0x975cdd040c7b55c17528b3b10dcc1839b6c90063,buy,0xb45a50545beeab73f38f31e5973768c421805e5e,0x0efe893c2bdba8a7e86e23eb02eacfa0d47a481e53e32b3af60b94110d19fc05
191,250,0.098625,0x44a034952df429980cb488e06741b2ef49873a5a,2017-10-20T13:49:23.000Z,0.0003945,0x1fdf047bf7a114b37e7936d01e9cad754ad18803,buy,0xb45a50545beeab73f38f31e5973768c421805e5e,0xc0abddb67be5bdd1a4f5528d587b0469fbebdad535290822dbc6b1809b95e702
192,3137.5777824426273,1.2362056462823952,0xb646b5a70475e4271fe8d2a01f136495c84f64ed,2017-10-20T13:39:16.000Z,0.000394,0x3318a522d8f4bf552f7e57961356e4639d77db96,buy,0xb45a50545beeab73f38f31e5973768c421805e5e,0xb446f9346222bb3ba0d2dbdd7b638806e49f377aa4a79ffce5c0f5ecaa1fa316
193,959.0831865971805,0.3788378587058863,0xb646b5a70475e4271fe8d2a01f136495c84f64ed,2017-10-20T13:07:55.000Z,0.000395,0x186406811737317cf349df03f2e67c11be6d8e66,buy,0xb45a50545beeab73f38f31e5973768c421805e5e,0x3cd753e2f9c8ecdb4d847504e269edb143348a0f1c7cbc89a70468df469e35ca
194,310.6734568960448,0.12256067874548968,0xb646b5a70475e4271fe8d2a01f136495c84f64ed,2017-10-20T12:50:35.000Z,0.0003945,0x1fdf047bf7a114b37e7936d01e9cad754ad18803,buy,0xb45a50545beeab73f38f31e5973768c421805e5e,0xf6b092529a61a3963e8115fb6ed3e175c48a813d4a0caa2d3a5759c95f60a50d
195,783.5794913067839,0.30912210932052625,0xb646b5a70475e4271fe8d2a01f136495c84f64ed,2017-10-20T12:40:27.000Z,0.0003945,0x1fdf047bf7a114b37e7936d01e9cad754ad18803,buy,0xb45a50545beeab73f38f31e5973768c421805e5e,0x3bbd989e4e51da126f017be47a3e1efecc3c45d4c4eaf3fa9875b8b035d75ef2
196,1913.996652853995,0.8038785941986779,0xb646b5a70475e4271fe8d2a01f136495c84f64ed,2017-10-20T12:34:55.000Z,0.00042,0x186406811737317cf349df03f2e67c11be6d8e66,buy,0xb45a50545beeab73f38f31e5973768c421805e5e,0x3d570ea004e459865816e52e7e1f12dd8eb7bd29e9d78f727f88f0f5ac8c504e
197,1162.4294218973148,0.45857840693849067,0xb646b5a70475e4271fe8d2a01f136495c84f64ed,2017-10-20T12:22:41.000Z,0.0003945,0x1fdf047bf7a114b37e7936d01e9cad754ad18803,buy,0xb45a50545beeab73f38f31e5973768c421805e5e,0x85887ef42a38d2a00eca2eaa1c2931810d97c38f4e481d45e206977bfe8ee72e
198,10,0.00395,0xc2ee7326401da53dc06e9211bcb116d7fe6f50da,2017-10-20T06:41:27.000Z,0.000395,0x186406811737317cf349df03f2e67c11be6d8e66,buy,0xb45a50545beeab73f38f31e5973768c421805e5e,0x73bab760b6fbde50a6e269b582c2221518f22165118628bd8d7aaa36259d0088
199,0.08999999999999946,0.000279899999999998,0xe0eaddf67501cfe390783cab24ef18bc10ae98a3,2017-10-20T06:17:56.000Z,0.0031099999999999964,0x86f07ee309655dbb0c169668f4e27848c0deda77,sell,0xb45a50545beeab73f38f31e5973768c421805e5e,0x91aee816c2f55042592da3d1a230f94766a8138f320b790771f712fdab471d1f
200,0.09027081243731139,0.000035656970912738,0x86f07ee309655dbb0c169668f4e27848c0deda77,2017-10-20T06:17:56.000Z,0.000395,0x186406811737317cf349df03f2e67c11be6d8e66,buy,0xb45a50545beeab73f38f31e5973768c421805e5e,0x91aee816c2f55042592da3d1a230f94766a8138f320b790771f712fdab471d1f
201,30,0.01185,0x273a5d3e6721b9f5c1a6474f560c1334c63dda01,2017-10-20T06:17:17.000Z,0.000395,0x186406811737317cf349df03f2e67c11be6d8e66,buy,0xb45a50545beeab73f38f31e5973768c421805e5e,0x3f33df3947ecb42c23cadf2a2ac54257187149be521641f85059a5099ee41128
202,29.91,0.0930201,0xe0eaddf67501cfe390783cab24ef18bc10ae98a3,2017-10-20T06:17:17.000Z,0.00311,0x273a5d3e6721b9f5c1a6474f560c1334c63dda01,sell,0xb45a50545beeab73f38f31e5973768c421805e5e,0x3f33df3947ecb42c23cadf2a2ac54257187149be521641f85059a5099ee41128
203,0.004224020526553707,0.000002056675594379,0xea5d59f465a7c35bc925c4659df8a3635f99ef3b,2017-10-20T02:52:59.000Z,0.0004869,0x04d5a4748ab863f26cfdd5d45a230c6e7da8818f,buy,0xb45a50545beeab73f38f31e5973768c421805e5e,0x140ca272d82dd6dea4de9fb854d15ed7b79cdf8faa45834da47bef1e17c10e6f
204,3.2786590426024484,0.001301627639913172,0xea5d59f465a7c35bc925c4659df8a3635f99ef3b,2017-10-20T02:36:30.000Z,0.000397,0x3467ce64dada38d926ada181d08ddd0de8322bd4,buy,0xb45a50545beeab73f38f31e5973768c421805e5e,0x60309c3e02b462c04daf8a3f06a9c88c13d63b19cc3a440507309f8dfa4615e1
205,1000,0.395,0x402bea62d51ad0b19921e6a4f0fae91dc92f49dd,2017-10-20T01:35:46.000Z,0.000395,0x186406811737317cf349df03f2e67c11be6d8e66,buy,0xb45a50545beeab73f38f31e5973768c421805e5e,0xdc557ce1fd56b1a92ac9f806bedfd43d154f46ad491d80fc896ebea14ab6dde8
206,42.69342466202872,0.016863902741501346,0x402bea62d51ad0b19921e6a4f0fae91dc92f49dd,2017-10-20T00:24:25.000Z,0.000395,0x186406811737317cf349df03f2e67c11be6d8e66,buy,0xb45a50545beeab73f38f31e5973768c421805e5e,0x6110e7f63df48be403a15fc7f22cf1888a541de222080237187263135b57cd8a
207,30,0.01185,0x96373170538a83c7674ef92f41d195203a8abe09,2017-10-19T23:38:06.000Z,0.000395,0x186406811737317cf349df03f2e67c11be6d8e66,buy,0xb45a50545beeab73f38f31e5973768c421805e5e,0xba14546bd2aa93de488c1a9e7fcac6ea75134de18a7fb7ecc5f84b802d86e105
208,0.0002883,1.9996488,0xa240e0ffa7471ed3eef737e4cfa33ccc91e5d02c,2017-10-19T19:48:45.000Z,6936,0x3ac636ac5c3a2576156ac5f10066ca68abe0ad54,sell,0xb45a50545beeab73f38f31e5973768c421805e5e,0xfa544afef8460f65b748f52e7bf34d8469e8b9a6f69ee13681658c9d2d96296e
209,1452.3113409573975,0.5765676023600869,0xe23d91d9d6c1b08f7f3477f902123411901bb30b,2017-10-19T18:20:47.000Z,0.000397,0x3467ce64dada38d926ada181d08ddd0de8322bd4,buy,0xb45a50545beeab73f38f31e5973768c421805e5e,0x589cef7c432d6c840066bbd2bdee6c4337d53934bf78dd8e030b0d661d979ed7
210,2527.31,1.00081476,0xe23d91d9d6c1b08f7f3477f902123411901bb30b,2017-10-19T18:19:07.000Z,0.000396,0xfd4fb1da00f55acce00f30462280f409b65d4547,buy,0xb45a50545beeab73f38f31e5973768c421805e5e,0xec45b386d465173a0b79796e7d8542dd33a91bb0e1db04ea1592f052608915d2
211,2600,1.0296,0xe23d91d9d6c1b08f7f3477f902123411901bb30b,2017-10-19T18:13:09.000Z,0.000396,0xfd4fb1da00f55acce00f30462280f409b65d4547,buy,0xb45a50545beeab73f38f31e5973768c421805e5e,0xbbb832c238ec58b16c3af2764a34e4a8092c19142bf5e3614a0cc501d6854ecc
212,1,0.000398,0x6cdea8e07bf82d7a07dbf36642d6e5be8623845c,2017-10-19T15:50:05.000Z,0.000398,0x975cdd040c7b55c17528b3b10dcc1839b6c90063,buy,0xb45a50545beeab73f38f31e5973768c421805e5e,0x262d80bf97eeebcb62d94373010e7c5ee8d8661c63852bcbc8e721c247cd8173
213,1934,0.75426,0xdae0f700e51c3bd43a522fada636ed00c71c852e,2017-10-19T15:27:27.000Z,0.00039,0x3795f9907f35dd3df303ccee7078bc5f420d8ae1,buy,0xb45a50545beeab73f38f31e5973768c421805e5e,0x5111a0dc8b1470a009c17d6b7eebe0e01444a971bda07ac3b3192aa6f8de3bee
214,1237.1797253564714,0.4701282956354591,0xdae0f700e51c3bd43a522fada636ed00c71c852e,2017-10-19T15:25:25.000Z,0.00038,0x186406811737317cf349df03f2e67c11be6d8e66,buy,0xb45a50545beeab73f38f31e5973768c421805e5e,0xa77a1ce494e07a864fbeabb05e27295cacb0fb9e208e8f8120e70a417d9b6c63
215,1101,0.417279,0xdae0f700e51c3bd43a522fada636ed00c71c852e,2017-10-19T15:24:31.000Z,0.000379,0x1eaa18a0e964d346f2b5182be3f97d7aab5145b9,buy,0xb45a50545beeab73f38f31e5973768c421805e5e,0xf62342ac6e29ab16df79692b275d922af5921556c5582505af950b1e4fcaf5ab
216,1,0.000019,0x25b0907e8a539634554ca19887a4e4bde3e24a73,2017-10-19T14:36:10.000Z,0.000019,0x5b96c651e2e891cce995362d5ac2a14e0e431533,sell,0xb45a50545beeab73f38f31e5973768c421805e5e,0xed5a3a2a1469e92b5a0444e64d963f4c1fb590984cef9b7588c26ee279215c23
217,1,0.000379,0x359a434bcd08ddc98f2f0ecbf5990cf922e953e6,2017-10-19T14:06:17.000Z,0.000379,0x1eaa18a0e964d346f2b5182be3f97d7aab5145b9,buy,0xb45a50545beeab73f38f31e5973768c421805e5e,0x1b8c411bf41c6072a7c9cdf001a59eb0f5af61626232e9ffefeeeeae6520dab2
218,1000,0.38,0xfb914ccec299359177d949822780aa2956cfd756,2017-10-19T13:12:02.000Z,0.00038,0x186406811737317cf349df03f2e67c11be6d8e66,buy,0xb45a50545beeab73f38f31e5973768c421805e5e,0x679fc1f57e6b716e00756124d3a9eb7809a8812d01051f508952420234259ba7
219,762.8202746435287,0.2898717043645409,0x322b9edf3bb170964ccac3ac0e68a6b4dc489095,2017-10-19T12:56:51.000Z,0.00038,0x186406811737317cf349df03f2e67c11be6d8e66,buy,0xb45a50545beeab73f38f31e5973768c421805e5e,0x6d1d2f94ed9097fdfba0d2ad7d4de73ffb0e201eabc77229e18c3a4ef3d93890
220,1400,0.5306,0x669f0ab96fd3beb68bc836bb874894bbb516331a,2017-10-19T08:17:44.000Z,0.000379,0x2e1c049df8f9a74cdab35b771c33b85a5be21df6,buy,0xb45a50545beeab73f38f31e5973768c421805e5e,0xd747cf2218bc19d02973633c34026460754a56f6ba2f907eee6747640a563425
221,2864.655,0.776324369655,0xf732b16f5aee6cd2db5b30a7a3860764a48b19ff,2017-10-19T08:14:34.000Z,0.000271001,0x595ce06a69bf0aec9e3372ec8b8d381c6c37e346,buy,0xb45a50545beeab73f38f31e5973768c421805e5e,0x857f1db6e0c72543b7771b337a2a14d64f24590fb1a662921d502fe51b97050c
222,1823.6143693180413,0.7093859896647181,0xdae0f700e51c3bd43a522fada636ed00c71c852e,2017-10-19T02:21:01.000Z,0.000389,0x1eaa18a0e964d346f2b5182be3f97d7aab5145b9,buy,0xb45a50545beeab73f38f31e5973768c421805e5e,0xe423011a30df63f28333ffff3a86fe1e9f707e4a2690f0a81ceff63b5c1f3f6f
223,1,0.000398,0x3ac636ac5c3a2576156ac5f10066ca68abe0ad54,2017-10-18T16:22:59.000Z,0.000398,0x975cdd040c7b55c17528b3b10dcc1839b6c90063,buy,0xb45a50545beeab73f38f31e5973768c421805e5e,0x77c95a00af27e4f858dee93bcb00bcc6be931a283fbfb211ab0dd19176e5d5b9
224,1.2820512820512822,0.0005,0xf9695cd65d6dfdf257fab76a3eb0cb8f001971cc,2017-10-18T15:37:18.000Z,0.00039,0xeae46ec3c5f204697789b090d03d2d2c72791af6,buy,0xb45a50545beeab73f38f31e5973768c421805e5e,0x0128745460ebe4825c6f4559503924d8dcb409841b2198fe6038fed0b8780121
225,1.2820512820512822,0.0005,0x379374d13077e8867ef31803c37baf9785a17c00,2017-10-18T15:35:47.000Z,0.00039,0xeae46ec3c5f204697789b090d03d2d2c72791af6,buy,0xb45a50545beeab73f38f31e5973768c421805e5e,0xabc55fccd59d907f97cc34c71c546d85edf67a54fc61ce6a7d920205d7c19971
226,152.16554091428327,0.038650047392227944,0x1eaa18a0e964d346f2b5182be3f97d7aab5145b9,2017-10-18T15:31:15.000Z,0.000254,0x3efd9b0bd8e4595bc494539aca584821950106ee,sell,0xb45a50545beeab73f38f31e5973768c421805e5e,0x629ce48d3e11a538270920984e446dbb1cea951edb2d4e796f44d26f9418e1ff
227,178,0.051442,0xac4714299a63913752aeb8b36f83ef058fec490b,2017-10-18T15:29:06.000Z,0.000289,0x3efd9b0bd8e4595bc494539aca584821950106ee,sell,0xb45a50545beeab73f38f31e5973768c421805e5e,0x1b92d667ff8286975d1fb11a277808249a8ef38dd7fcdce7e058418ac55bfe97
228,126.922,0.037759421922,0x2d13f0676df815bc75e483717b98fbc152538f54,2017-10-18T15:23:52.000Z,0.000297501,0x3efd9b0bd8e4595bc494539aca584821950106ee,sell,0xb45a50545beeab73f38f31e5973768c421805e5e,0x91ca208d0eaec59fc7d805205d4aee278eba714900d823d4af0177328f3fda15
229,2773.1436257601435,0.7709339279613199,0x1eaa18a0e964d346f2b5182be3f97d7aab5145b9,2017-10-18T14:18:06.000Z,0.000278,0xc419aaf9bccf716857f590dc029b7bbef339194a,sell,0xb45a50545beeab73f38f31e5973768c421805e5e,0x4383b69741385dd22e5e8b6dcab27f8f0220495b5281a63075a1e5ae24603bae
230,160,0.04993616,0x2d13f0676df815bc75e483717b98fbc152538f54,2017-10-18T14:01:41.000Z,0.000312101,0x3efd9b0bd8e4595bc494539aca584821950106ee,sell,0xb45a50545beeab73f38f31e5973768c421805e5e,0xadc115a85fda0c5fcb53ce3704270e139896d17dab35fd58da8372109efe711f
231,361.962,0.1131493212,0x0aca62bd51a742faedb679ee5280dd732c489f7e,2017-10-18T14:00:46.000Z,0.0003126,0x3efd9b0bd8e4595bc494539aca584821950106ee,sell,0xb45a50545beeab73f38f31e5973768c421805e5e,0x2fdf3730283ba9c4e48feec51fbd02b91c26249290d139bdab79c8384e9b2c7c
232,19.060911175356395,0.005958440833416409,0x0aca62bd51a742faedb679ee5280dd732c489f7e,2017-10-18T13:34:12.000Z,0.0003126,0x3efd9b0bd8e4595bc494539aca584821950106ee,sell,0xb45a50545beeab73f38f31e5973768c421805e5e,0x8d7f4e30c1046a08b0118b57097fc6d92ff9ce4acbb297f7a5fd362610d43feb
233,960,0.3,0xdae0f700e51c3bd43a522fada636ed00c71c852e,2017-10-18T13:32:52.000Z,0.0003125,0x3efd9b0bd8e4595bc494539aca584821950106ee,sell,0xb45a50545beeab73f38f31e5973768c421805e5e,0x3a256c8f83b57546b0cc146f2293e3ad4a568b3b49165403a88f8c6d8e285607
234,598.9767121922042,0.18724012023128303,0x0aca62bd51a742faedb679ee5280dd732c489f7e,2017-10-18T13:25:14.000Z,0.0003126,0x9109026a60a2f7011510b1e331d19d1c3135b76d,sell,0xb45a50545beeab73f38f31e5973768c421805e5e,0x1365a06f2c9f386f9602ade892e8a1ca2592b0f61854e1ccb624b42034be97a9
235,1437.5436147941382,0.4485136078157711,0xdae0f700e51c3bd43a522fada636ed00c71c852e,2017-10-18T08:35:55.000Z,0.000312,0x9778550d76b07ac9f5e57392f68ecdf6efc1774e,sell,0xb45a50545beeab73f38f31e5973768c421805e5e,0xefba37b8ab8e637dc845f416f84c6381e5421d1a0039f9c7ff4baa4f17bcec59
236,56.451998803708506,0.016794526096102082,0x2d13f0676df815bc75e483717b98fbc152538f54,2017-10-17T19:38:02.000Z,0.000297501,0xb7bcaa712fd126d4530b7f187400840167d40e6a,sell,0xb45a50545beeab73f38f31e5973768c421805e5e,0xc2b0b98a37265005cc13ca0def6ea3048db83ff206758914dcf29d1b0b33d06b
237,1.256312972687756,0.0005,0x16e5d97bbc92417e051e3b2cabfbf8ceea2acb9c,2017-10-17T18:35:05.000Z,0.00039799,0x88650fdbfbb5c7933eb52008c4387050b963747d,buy,0xb45a50545beeab73f38f31e5973768c421805e5e,0x998f9c9a6e6f44ce59a90079b8e4b7a5f10ebb624578d175d82682c81fb35595
238,1042.2583441331872,0.26160892889411824,0x2b08d832361d6a75363962d3541df33630d16d3d,2017-10-17T18:15:49.000Z,0.000251002,0x2ee28a4e6590074decb418d511e6067053228fea,sell,0xb45a50545beeab73f38f31e5973768c421805e5e,0x948106cf39267f4e0f2517677c059607c554d3a6d66acc7061fc416c9f449c56
239,2044.843,0.63390133,0x46a96d603ec2ac6d75fa8824be3197fa8ebce37b,2017-10-17T16:37:00.000Z,0.00031,0x2ee28a4e6590074decb418d511e6067053228fea,sell,0xb45a50545beeab73f38f31e5973768c421805e5e,0x8279ae3a1cb82c7ea9944ff29e225936f34dc525e520f176850d8815de8cf3b6
240,1.2594458438287153,0.0005,0x42c24a83bded723edfdf5883bc7efb30bc1a1bf3,2017-10-17T16:33:53.000Z,0.000397,0xd5e57674078817a6f5cb9811c7d23729e29c1aea,buy,0xb45a50545beeab73f38f31e5973768c421805e5e,0xfea04a406174b46a818fed373a4c3d92a801225a10b5a8007451370e822c1b72
241,1955.1565536835808,0.6060985316419101,0x46a96d603ec2ac6d75fa8824be3197fa8ebce37b,2017-10-17T16:20:05.000Z,0.00031,0x701a67cef76b921d0b6e9f09532964cbf10e3c06,sell,0xb45a50545beeab73f38f31e5973768c421805e5e,0xcbaefe956b63b85e1773df80dac7c0f295b1e8abbb4eba9a3ac2d7b56f3d241b
242,0.008653175157013257,0.000002164159106769,0x2d13f0676df815bc75e483717b98fbc152538f54,2017-10-17T14:53:08.000Z,0.00025009999999999816,0xc963a1de0ebe0358b05a29b6d6af35daa8eed4ff,sell,0xb45a50545beeab73f38f31e5973768c421805e5e,0x2cee049525a2fa35c3b34f7dd79ffea5b9d610b2f7439724e6397289a77eb3ca
243,1,0.000176,0x8909e1a4f31fc2214ea6c4a917268b833b00c000,2017-10-17T14:33:12.000Z,0.000176,0x5b96c651e2e891cce995362d5ac2a14e0e431533,sell,0xb45a50545beeab73f38f31e5973768c421805e5e,0x5fead63f259737c5663d55a4a6ed23d2db475fe8c46b504c4a99e559106acdad
244,200,0.06002,0x2d13f0676df815bc75e483717b98fbc152538f54,2017-10-17T12:13:30.000Z,0.0003001,0x5b96c651e2e891cce995362d5ac2a14e0e431533,sell,0xb45a50545beeab73f38f31e5973768c421805e5e,0x92603b09221aea15aee875b2c1bb157a4c125737bb5473f91186bbdf1fe6e246
245,531.5485094972133,0.239196829273746,0xf6549288d08ae87ed860a339d2298fdc6c685848,2017-10-17T10:02:55.000Z,0.00045,0xdb5d0c8f089922927bf5aa7a17808deee47c7fe6,buy,0xb45a50545beeab73f38f31e5973768c421805e5e,0xa2f63470c930cb4000fc50bf2009f58b8f731415394abef8d227daf90c44d6a9
246,2033,0.357808,0xb49fda420b9ce7334c6446af26f06225cbecb401,2017-10-17T08:14:39.000Z,0.000176,0x187d00fcd2e6137fe84fb0c0d3646108dba73f91,sell,0xb45a50545beeab73f38f31e5973768c421805e5e,0x0709dc679ecf24952d3f5257cbb0b679cf960fda696be39b12d2db38fb6daf71
247,1.1111111111111112,0.0005,0xcd912af5286dc0b0a23edb30209734ecb60838b3,2017-10-17T06:12:37.000Z,0.00045,0x3318a522d8f4bf552f7e57961356e4639d77db96,buy,0xb45a50545beeab73f38f31e5973768c421805e5e,0x8f4a246a944d89d25faeba335e5c8a590b4b866d6d29357e2e721db6c067ac50
248,98.487,0.03151584,0x186406811737317cf349df03f2e67c11be6d8e66,2017-10-17T04:10:17.000Z,0.00032,0x701a67cef76b921d0b6e9f09532964cbf10e3c06,sell,0xb45a50545beeab73f38f31e5973768c421805e5e,0x655c2ca2924970713f4e863653048ce194a29010722492f10028f176f567305f
249,8000,2.4,0x186406811737317cf349df03f2e67c11be6d8e66,2017-10-17T03:51:02.000Z,0.0003,0x701a67cef76b921d0b6e9f09532964cbf10e3c06,sell,0xb45a50545beeab73f38f31e5973768c421805e5e,0xf33de591cdeb9ab2228f5a09d5651a44dfb3a57bfd3da6b765f9faee7d6b5b1d
250,0.9884328089128279,0.000316298498852104,0x186406811737317cf349df03f2e67c11be6d8e66,2017-10-17T02:35:08.000Z,0.00031999999999999905,0x7afd24f38848f6ebc2f3e597a1177212a7738383,sell,0xb45a50545beeab73f38f31e5973768c421805e5e,0xbec199076f9fc035363bfe61305a3e9492a37dad23e61f09ba55db9bc5155505
251,9914.969506204578,3.1727902419854646,0x186406811737317cf349df03f2e67c11be6d8e66,2017-10-17T02:29:47.000Z,0.00031999999999999997,0x7afd24f38848f6ebc2f3e597a1177212a7738383,sell,0xb45a50545beeab73f38f31e5973768c421805e5e,0x62bc60967563dc23947aecd6b2723c4eebba54ed3395dcc9f4d920b6e1a26543
252,59.11673811185325,0.02069085833914864,0x1877b4c016f6931794b4e397f168e2a56f5a4e99,2017-10-17T02:13:56.000Z,0.00035,0x7afd24f38848f6ebc2f3e597a1177212a7738383,sell,0xb45a50545beeab73f38f31e5973768c421805e5e,0x21ab07289e49c1d33ce8e19f0db79d8420a2d741872c498218d5d1f4d47692ce
253,1440.8832618881468,0.5043091416608514,0x1877b4c016f6931794b4e397f168e2a56f5a4e99,2017-10-17T02:03:13.000Z,0.00035,0x63923ee4a18e57aff60c56534eade10e2c632bfe,sell,0xb45a50545beeab73f38f31e5973768c421805e5e,0x6f0e385e4bbdfc46a238cc11c94cb47c3216035b1a8ca3c4c860a68c4facca71
254,1435.502,0.5024257,0x186406811737317cf349df03f2e67c11be6d8e66,2017-10-17T00:38:33.000Z,0.00035,0x7fdd7217a9c5ac794e6f40213988aae479ce61cd,buy,0xb45a50545beeab73f38f31e5973768c421805e5e,0x0ea15e221dd431a183e3396dea71c0a602acb65e28777cab2769f382c4808292
255,3485.641823,1.216488996227,0x186406811737317cf349df03f2e67c11be6d8e66,2017-10-17T00:36:36.000Z,0.000349,0x2ebb2f906eb5fb04e3dc2987d1fb9f00b676965b,buy,0xb45a50545beeab73f38f31e5973768c421805e5e,0xb923c0a9f6f7411ba188ff8183cdd0754eb4e4277ce4d90752de40cea0b2def2
256,4464,1.5624,0x186406811737317cf349df03f2e67c11be6d8e66,2017-10-17T00:36:36.000Z,0.00035,0xb49fda420b9ce7334c6446af26f06225cbecb401,buy,0xb45a50545beeab73f38f31e5973768c421805e5e,0x8460bd921d1c6d28d4346c28e82766b3c3470b23f0afef0b9e5a04face930f8e
257,512.426,0.173199988,0x186406811737317cf349df03f2e67c11be6d8e66,2017-10-17T00:35:49.000Z,0.000338,0x460ef350ae8adb567ca25a1b3dbd482c504284cd,buy,0xb45a50545beeab73f38f31e5973768c421805e5e,0x75c636ebe935bed6a2e5f2eea67ee510dafef34349e4836b740d905f748cca3c
258,887.574,0.300000012,0xa3f6489c63d90ea3bd50af9b292c02b3f8ca234a,2017-10-17T00:25:45.000Z,0.000338,0x460ef350ae8adb567ca25a1b3dbd482c504284cd,buy,0xb45a50545beeab73f38f31e5973768c421805e5e,0x0fded855ae04f29e94bce6117ad9930f067059b076b4007564c55866eb66bb8d
259,4.053,0.00106666854,0x40945a4931f8a86cf6b490d1f443f30b5449b533,2017-10-16T23:43:37.000Z,0.00026318,0xa3f6489c63d90ea3bd50af9b292c02b3f8ca234a,sell,0xb45a50545beeab73f38f31e5973768c421805e5e,0xc3b2a638e045ed13b42c3032b546288411a525fb2f8e5c1fe47319cb8f915fdd
260,1,0.00017,0x0aca62bd51a742faedb679ee5280dd732c489f7e,2017-10-16T23:42:21.000Z,0.00017,0xa3f6489c63d90ea3bd50af9b292c02b3f8ca234a,sell,0xb45a50545beeab73f38f31e5973768c421805e5e,0x939929939a88aa97550867242d2435aed1118ec7b1deb5b0557162c3eb813b5e
261,1,0.000171,0x9272a1ebbdbf73e19eceba1904dbdeaf0c23dcd3,2017-10-16T23:41:28.000Z,0.000171,0xa3f6489c63d90ea3bd50af9b292c02b3f8ca234a,sell,0xb45a50545beeab73f38f31e5973768c421805e5e,0x33b2a1380af6e85c868ce2dc8d9b933b7ab55f7daff5a5ad5fdb4849658756c9
262,1,0.000172,0xee1fc05effda63eea03270b6b40b878d9fb5f5bf,2017-10-16T23:41:28.000Z,0.000172,0xa3f6489c63d90ea3bd50af9b292c02b3f8ca234a,sell,0xb45a50545beeab73f38f31e5973768c421805e5e,0x28ae0e061d8ca0272f10eac3d3f04f762c340a08c6c516f245325bbe3fd15d19
263,1,0.000175,0x1eaa18a0e964d346f2b5182be3f97d7aab5145b9,2017-10-16T23:41:28.000Z,0.000175,0xa3f6489c63d90ea3bd50af9b292c02b3f8ca234a,sell,0xb45a50545beeab73f38f31e5973768c421805e5e,0x81c5dbc630474ef243201b026afa50b9e29d8d1569320d505f7c5d245dd8232f
264,1,0.00026318,0x40945a4931f8a86cf6b490d1f443f30b5449b533,2017-10-16T23:41:28.000Z,0.00026318,0xa3f6489c63d90ea3bd50af9b292c02b3f8ca234a,sell,0xb45a50545beeab73f38f31e5973768c421805e5e,0xdf565809b1eebd9a5e216b9416f5fb769f6ae96d867ba9e9d0956a7b1df503ca
265,1550,0.434,0x2e1c049df8f9a74cdab35b771c33b85a5be21df6,2017-10-16T22:53:40.000Z,0.00028,0x63923ee4a18e57aff60c56534eade10e2c632bfe,sell,0xb45a50545beeab73f38f31e5973768c421805e5e,0x64850cb73aa33b627b5677ecc7bfbec31a90d86122d6c0092f26c14229e7447b
266,1853.667,0.5561001,0x2e1c049df8f9a74cdab35b771c33b85a5be21df6,2017-10-16T22:29:11.000Z,0.0003,0x796c635dbf6891cc1cfcd1b41384c6e4414ae6b5,buy,0xb45a50545beeab73f38f31e5973768c421805e5e,0x0f17f94c6f2c9d03dc8e337596d503964b669a716557a94de6af68b9deae8fef
267,533.333,0.1599999,0x1877b4c016f6931794b4e397f168e2a56f5a4e99,2017-10-16T21:52:30.000Z,0.0003,0x796c635dbf6891cc1cfcd1b41384c6e4414ae6b5,buy,0xb45a50545beeab73f38f31e5973768c421805e5e,0xacec022d38b7fe98c390dedf8d6e158c8c383cb4b4adf6a6ed5e49a41b3ed092
268,1894.9466092052337,0.49871204861063345,0x40945a4931f8a86cf6b490d1f443f30b5449b533,2017-10-16T05:48:02.000Z,0.00026318,0x5b96c651e2e891cce995362d5ac2a14e0e431533,sell,0xb45a50545beeab73f38f31e5973768c421805e5e,0xa8b21b6efd64e3cecf90b6f3ed9ca096356274103fc95dfb6b3c29a6a3ece5b7
269,5162,0.882702,0x5b96c651e2e891cce995362d5ac2a14e0e431533,2017-10-16T05:20:52.000Z,0.000171,0x1b02cdfd83fa1e5fd0f3931ceb74594a128b0eb6,buy,0xb45a50545beeab73f38f31e5973768c421805e5e,0x960605bbecea6362065c4992534ec405a390b3047cdfd73265e772cacd8044ba
270,4568.812854013589,1.3706438562040766,0x41f02a16d182039eb37ee57f50c59f9c6911dab9,2017-10-15T17:19:45.000Z,0.0003,0x669f0ab96fd3beb68bc836bb874894bbb516331a,sell,0xb45a50545beeab73f38f31e5973768c421805e5e,0x9d669274e83642c87bcdd1e2006ba8ece1ab6b4b0f553325c0ffc8fcb4198653
271,4312,1.25048,0x41f02a16d182039eb37ee57f50c59f9c6911dab9,2017-10-15T16:19:02.000Z,0.00029,0x00218e045a5b070cb5c9922bfbdf2109b4624e1f,buy,0xb45a50545beeab73f38f31e5973768c421805e5e,0x7805a8678bfb49f8d732fd69f28c328d1609c4cf979c8d7111b7269262108806
272,2101.544,0.48335512,0x5b96c651e2e891cce995362d5ac2a14e0e431533,2017-10-15T09:38:08.000Z,0.00023,0x8f9afc0931303e8878e24ea8946156d260f217d8,buy,0xb45a50545beeab73f38f31e5973768c421805e5e,0x34738d23ea5d5765e25293861632740e3ca3213a8976ea02f322854b8678c9e3
273,1050.772,0.23116984,0x5b96c651e2e891cce995362d5ac2a14e0e431533,2017-10-15T09:33:54.000Z,0.00022,0x0c55a2054a981235dca2f05ed8436156b30ac04d,buy,0xb45a50545beeab73f38f31e5973768c421805e5e,0x3de680aae283766a2f16ab978033021321960d6b5c3976d98d1377c475634132
274,960.1915015761347,0.20164021533098828,0x5b96c651e2e891cce995362d5ac2a14e0e431533,2017-10-15T09:33:18.000Z,0.00021,0x06dd464eb28ee618a2ded40faa8b90f66c0cbd72,buy,0xb45a50545beeab73f38f31e5973768c421805e5e,0x8eb757ade0ea476274a326399392e7828af9a48fbab0b32390f1f6f63fc8e8aa
275,3988,0.85742,0x28a979c69b1b0434dc90169bde5f082666448387,2017-10-15T08:33:14.000Z,0.000215,0x273a5d3e6721b9f5c1a6474f560c1334c63dda01,sell,0xb45a50545beeab73f38f31e5973768c421805e5e,0x7ddd13f79e7d0240c548076f4e6bddf71a1c4a6d5b4eed6b7bb82fb873ae66dc
276,4000,0.84,0x273a5d3e6721b9f5c1a6474f560c1334c63dda01,2017-10-15T08:33:14.000Z,0.00021,0x06dd464eb28ee618a2ded40faa8b90f66c0cbd72,buy,0xb45a50545beeab73f38f31e5973768c421805e5e,0x7ddd13f79e7d0240c548076f4e6bddf71a1c4a6d5b4eed6b7bb82fb873ae66dc
277,14928.571,3.13499991,0xa346bdc5b7cab8285633c61d9eeb909d737bcb3a,2017-10-15T08:25:18.000Z,0.00021,0x06dd464eb28ee618a2ded40faa8b90f66c0cbd72,buy,0xb45a50545beeab73f38f31e5973768c421805e5e,0xed02f0f5bd4e4334a9a054f90455c05ffaac3d8e94a9f3ec512837b76f1c6aa7
278,287.532,0.054918612,0xa346bdc5b7cab8285633c61d9eeb909d737bcb3a,2017-10-15T07:23:16.000Z,0.000191,0x1451dbe4304a60b5b25b4d98b355effd440417af,buy,0xb45a50545beeab73f38f31e5973768c421805e5e,0x13b7815141252193ec2d1f99319692a748468f147fe0a4dc2117f7476c5f060b
279,698,0.08376,0x8909e1a4f31fc2214ea6c4a917268b833b00c000,2017-10-15T01:55:22.000Z,0.00012,0xb87de0b0d248ad3ebd593651aec48d0a4b1e3c95,sell,0xb45a50545beeab73f38f31e5973768c421805e5e,0x695d12900f94c74a4dc78da18ef809a4bc8badd129679eec4163f713165cfe7d
280,693.4830258913917,0.0825251735641015,0x04d5a4748ab863f26cfdd5d45a230c6e7da8818f,2017-10-14T23:40:58.000Z,0.000119001,0x3da6a699b7986fb482423312931d1bbd889b446d,sell,0xb45a50545beeab73f38f31e5973768c421805e5e,0x5edeb6fcd7bc7e9e141a3296c94ae7c91faffa3309d64b0aeded083391d0ac83
281,36416.46774245705,6.955545338809295,0xa346bdc5b7cab8285633c61d9eeb909d737bcb3a,2017-10-14T19:40:03.000Z,0.000191,0x1451dbe4304a60b5b25b4d98b355effd440417af,buy,0xb45a50545beeab73f38f31e5973768c421805e5e,0xf4687963ae8bbd4b0225a5bd38969e4dc320c584189ff1506c413521c6fc0b33
282,1589.4026900372337,0.3019865111070744,0xa346bdc5b7cab8285633c61d9eeb909d737bcb3a,2017-10-14T19:33:29.000Z,0.00019,0x1eaa18a0e964d346f2b5182be3f97d7aab5145b9,buy,0xb45a50545beeab73f38f31e5973768c421805e5e,0x461789c37e52f2827d201f30fa7ce7c76e9f07efd7cbaeff5b608f0d64e2d6b6
283,2623.5973099627663,0.4984834888929256,0x94dec94a63d81ddfa2b61158ce5224152926be11,2017-10-14T17:50:36.000Z,0.00019,0x1eaa18a0e964d346f2b5182be3f97d7aab5145b9,buy,0xb45a50545beeab73f38f31e5973768c421805e5e,0x80b6c68bf917ffb0aa6e2a3a9f4906052aacfd4d66e96102c55c424592be9d97
284,155.59331392859372,0.14003398253573435,0x3467ce64dada38d926ada181d08ddd0de8322bd4,2017-10-14T06:04:44.000Z,0.0009,0xfe423f6b9b3aa093cc08831d9b106027f97e132e,sell,0xb45a50545beeab73f38f31e5973768c421805e5e,0x51fc8a1f4435753be210090966ea76aa9564bee3bdec67ebcd2668608da1dbd8
285,156.06149842386532,0.032772914669011714,0xfe423f6b9b3aa093cc08831d9b106027f97e132e,2017-10-14T06:04:44.000Z,0.00021,0x06dd464eb28ee618a2ded40faa8b90f66c0cbd72,buy,0xb45a50545beeab73f38f31e5973768c421805e5e,0x51fc8a1f4435753be210090966ea76aa9564bee3bdec67ebcd2668608da1dbd8
286,300,0.45,0x3467ce64dada38d926ada181d08ddd0de8322bd4,2017-10-14T06:02:31.000Z,0.0015,0xfe423f6b9b3aa093cc08831d9b106027f97e132e,sell,0xb45a50545beeab73f38f31e5973768c421805e5e,0x70cb955842ef829c9b82d8a7c834f8d94089fbca8486ccf81584f55fb31e13e2
287,300.90270812437313,0.06288866599799398,0xfe423f6b9b3aa093cc08831d9b106027f97e132e,2017-10-14T06:02:31.000Z,0.000209,0x1eaa18a0e964d346f2b5182be3f97d7aab5145b9,buy,0xb45a50545beeab73f38f31e5973768c421805e5e,0x70cb955842ef829c9b82d8a7c834f8d94089fbca8486ccf81584f55fb31e13e2
288,1346,0.22882,0x7b1439f7f6488bc1b8d673b9f16ee245024bd7cf,2017-10-14T02:14:01.000Z,0.00017,0x6ea314700745ea32544837a3819d4fc09174979c,buy,0xb45a50545beeab73f38f31e5973768c421805e5e,0xad88b0f10fa3f6972f3e76d2846bf2020076fe3974714c8d1cb3763ff36d57c7
289,436.9037663858524,0.07427364028559491,0xad0a9084c83060ead3373f9e282d0b5b950975b1,2017-10-13T23:06:06.000Z,0.00016999999999999999,0x6ea314700745ea32544837a3819d4fc09174979c,sell,0xb45a50545beeab73f38f31e5973768c421805e5e,0x543a1a9baf6e8c9cb040a18c436549e8172d011362b0d2b4f880e690584119fb
290,1930,0.33389,0xd46aa814bbef072c190b04a447504946bb35aa17,2017-10-13T23:05:45.000Z,0.000173,0x6ea314700745ea32544837a3819d4fc09174979c,sell,0xb45a50545beeab73f38f31e5973768c421805e5e,0x5d109460176eb53fb96b1ce70917b955763d0867a823c8385dc2d0226dfedb3c
291,700,0.119014,0x04d5a4748ab863f26cfdd5d45a230c6e7da8818f,2017-10-13T20:26:54.000Z,0.00017002,0xf18d77043a3c130f1eefe3e29d9d49706ae519c7,sell,0xb45a50545beeab73f38f31e5973768c421805e5e,0xc54b5a368c6e4ede416a899e5312836b2b17dcd0e037410102c3d9d7ba973211
292,26.794,0.00589468,0xf74fccfc0497132279917ef932dacc650fdfa0bd,2017-10-13T19:16:07.000Z,0.00022,0xf18d77043a3c130f1eefe3e29d9d49706ae519c7,sell,0xb45a50545beeab73f38f31e5973768c421805e5e,0x3ac190d89015b15aafc1ca2c89f35691f4e67cc33b806feb0c6a9fec41a9ef7d
293,165.65130734571503,0.03644328761605731,0xf74fccfc0497132279917ef932dacc650fdfa0bd,2017-10-13T07:41:57.000Z,0.00021999999999999998,0x1fd99363276eb8c6f3009e2fad6a6743617d1f1b,sell,0xb45a50545beeab73f38f31e5973768c421805e5e,0x29ded25c8d7ef1c6d1baf306fcdb2731f8323dc323649a24d595bcb94808a579
294,93.39846475924634,0.02138824842986741,0x3467ce64dada38d926ada181d08ddd0de8322bd4,2017-10-12T18:42:33.000Z,0.00022899999999999998,0x7fc55eec5688e90877480b226fe52f02942feb19,sell,0xb45a50545beeab73f38f31e5973768c421805e5e,0x8437260839a3a7fba60dbeab6b114bc7347537efb23004a3198df8d9d39767a7
295,1921.397,0.439999913,0x4cf30e824003482518a5232d5933005a36394efe,2017-10-12T16:31:26.000Z,0.000229,0x1eaa18a0e964d346f2b5182be3f97d7aab5145b9,buy,0xb45a50545beeab73f38f31e5973768c421805e5e,0x47e9497397444c40f97bc9fdb66d4adf769267b99a7c0004a0ab264f86a8c739
296,0.000366389142099501,0.000000069613936998,0x4cf30e824003482518a5232d5933005a36394efe,2017-10-12T13:32:43.000Z,0.00018999999999752944,0x4cf30e824003482518a5232d5933005a36394efe,sell,0xb45a50545beeab73f38f31e5973768c421805e5e,0x5ec494a1eb875c7104257b22d8c66ae8e948cf85fb1d3e6215687331a029876d
297,1065.502,0.243999958,0x7fdd7217a9c5ac794e6f40213988aae479ce61cd,2017-10-12T08:43:51.000Z,0.000229,0x1eaa18a0e964d346f2b5182be3f97d7aab5145b9,buy,0xb45a50545beeab73f38f31e5973768c421805e5e,0xf56a4162806eb0a5de391f337ea21c8e3ae6f28848bdc9bb9cabed069d3d336b
298,906.6015352407537,0.2076117515701326,0x3467ce64dada38d926ada181d08ddd0de8322bd4,2017-10-12T06:59:46.000Z,0.00022899999999999998,0xac388b4559ae597b1554e433ab09b690507a100f,sell,0xb45a50545beeab73f38f31e5973768c421805e5e,0xd9220a6a43cd926e7cfa221d5922ba9345f8852e57fcc0f3e44c278e77164a07
299,1000,0.229,0x8909e1a4f31fc2214ea6c4a917268b833b00c000,2017-10-12T00:03:40.000Z,0.000229,0x1eaa18a0e964d346f2b5182be3f97d7aab5145b9,buy,0xb45a50545beeab73f38f31e5973768c421805e5e,0xbc0389b29914715d1f7143e18eeddbc8dbc46c46137c781d054d43621e0e0e35
300,500,0.1245,0x61105b66e11ab05d0c3ef2313312e1bf624e93c1,2017-10-11T17:14:19.000Z,0.000249,0xa02aa7b26302d425fa101451a929f953835fc4c3,buy,0xb45a50545beeab73f38f31e5973768c421805e5e,0xa6f132e6758679c9a8c6b767bf8de5536f8e6020ad5622d4b82f3cebcc6df2b0
301,1673.133504826438,0.36808937106181633,0xf74fccfc0497132279917ef932dacc650fdfa0bd,2017-10-11T16:12:12.000Z,0.00021999999999999998,0x3dee4a4e076e8d82859d241db0baf46f112cfa23,sell,0xb45a50545beeab73f38f31e5973768c421805e5e,0xa47ae902396358a8fe5bc6c3f26de040e6dcbcf666f2201faebffb25d86d6070
302,1700,0.391,0xf62242526e86bbcb8842169b44e84e088f89661a,2017-10-11T16:09:22.000Z,0.00023,0x3dee4a4e076e8d82859d241db0baf46f112cfa23,sell,0xb45a50545beeab73f38f31e5973768c421805e5e,0x7248bc2c539edd80cac1a91005e47ed07204f4bac76ce72638b052e8cc9c06bc
303,3134.421176353305,0.689572658797727,0xf74fccfc0497132279917ef932dacc650fdfa0bd,2017-10-11T07:52:51.000Z,0.00021999999999999998,0x5b96c651e2e891cce995362d5ac2a14e0e431533,sell,0xb45a50545beeab73f38f31e5973768c421805e5e,0xf0c49f70f5fd6d79527ee1dbccb8139ea8dd9c31a2583dd6435d14ae99c46f66
304,2718.706,0.65248944,0xc719d91e4ee27e6decde6de8b303fb32fa336897,2017-10-11T07:51:46.000Z,0.00024,0x5b96c651e2e891cce995362d5ac2a14e0e431533,sell,0xb45a50545beeab73f38f31e5973768c421805e5e,0x76fb9036163233a83425773a93b5ba03180b4538e349c301daf87d2c30f53adf
305,1781.2937864151063,0.4275105087396255,0xc719d91e4ee27e6decde6de8b303fb32fa336897,2017-10-11T07:48:40.000Z,0.00023999999999999998,0xf6f0fc2f99f6efbe0a992447c2f7e7e3ecae2def,sell,0xb45a50545beeab73f38f31e5973768c421805e5e,0xa0364765de1885dbd50cc208dba7b1fa941c5046cf75542e75a8d6f0b6c4f54b
306,112.84566584945851,0.027647188133117336,0x117878fc423b0f7352db9e2a2d022df2e7427053,2017-10-11T07:43:17.000Z,0.000245,0xf6f0fc2f99f6efbe0a992447c2f7e7e3ecae2def,sell,0xb45a50545beeab73f38f31e5973768c421805e5e,0x864b242acce3e386a90037f33bcfa9243475b2ad0eacdc5c97265f7a865da072
307,3720.19175569,0.8928460213656,0x6ea314700745ea32544837a3819d4fc09174979c,2017-10-11T05:23:16.000Z,0.00024,0x0cb3d0f045c4e656811d233b6de40db46e612cfb,buy,0xb45a50545beeab73f38f31e5973768c421805e5e,0x8e5ab36eabb25fe5e155afe01e95ffccbed1efe972f7d4745fbf18f11ff56be0
308,1029.80824431,0.2471539786344,0x63923ee4a18e57aff60c56534eade10e2c632bfe,2017-10-10T22:20:07.000Z,0.00024,0x0cb3d0f045c4e656811d233b6de40db46e612cfb,buy,0xb45a50545beeab73f38f31e5973768c421805e5e,0x52525d5aa3385ab03355a5027346b1f02d67cfe8c72d9738e02f69edaae34d9b
309,0,0,0x1dec75672c1dcd1a6342b8dcc6ed1b783352e638,2017-10-10T12:33:08.000Z,NaN,0x5100dadf11113b0730829d2047b9df4da1d80e68,sell,0xb45a50545beeab73f38f31e5973768c421805e5e,0x7c06acf414f1aba9f999cd3c2d76596450e1644ac03edbccf5d1236cda69cd8f
310,0,0,0x1dec75672c1dcd1a6342b8dcc6ed1b783352e638,2017-10-10T12:22:52.000Z,NaN,0x5100dadf11113b0730829d2047b9df4da1d80e68,sell,0xb45a50545beeab73f38f31e5973768c421805e5e,0x80af4e114550fa2d92848c3020997d67550fe241cab382a22a6d55a13cbd1e0f
311,2100,0.546,0x1dec75672c1dcd1a6342b8dcc6ed1b783352e638,2017-10-10T12:20:33.000Z,0.00026,0x5100dadf11113b0730829d2047b9df4da1d80e68,sell,0xb45a50545beeab73f38f31e5973768c421805e5e,0xde3df9f892d4ddcfaae98b12abbfc10269fcd2b67a1cb4fe3d0f0593b442435e
312,891,0.231660891,0xb87978ac804939737de974a6e3a80f32b5d3bf40,2017-10-10T11:40:31.000Z,0.000260001,0x5100dadf11113b0730829d2047b9df4da1d80e68,sell,0xb45a50545beeab73f38f31e5973768c421805e5e,0x2bb646544782cfe75fed428ab6f7b5702367cf958f34b518464820f77c9fa9d8
313,1098.082942877081,0.28550266323098394,0xb87978ac804939737de974a6e3a80f32b5d3bf40,2017-10-10T10:51:15.000Z,0.000260001,0x21e70fee23868b5c84e3cfa093990ccc1eb5d02f,sell,0xb45a50545beeab73f38f31e5973768c421805e5e,0xc45bb6abfb29c474812b814a95e52e4808370b41cbdf0c8ae58651a2793d8773
314,100,0.029,0x410a00608801cc76f482f1b6723322fcf06eb3a9,2017-10-10T08:01:02.000Z,0.00029,0x21e70fee23868b5c84e3cfa093990ccc1eb5d02f,buy,0xb45a50545beeab73f38f31e5973768c421805e5e,0x4f07fe757fff42437afae4272075ab99043d860b20305379caf54f51c364193c
315,198.39986880669923,0.022224753303726447,0x04d5a4748ab863f26cfdd5d45a230c6e7da8818f,2017-10-10T05:29:49.000Z,0.00011201999999999999,0x9bfc3d49e4df2bceefe32c2e6ed93870205cc307,sell,0xb45a50545beeab73f38f31e5973768c421805e5e,0xab160f011b038a0d175fcbc257af77ea49d81a233246789e4e509f3c76d79513
316,500,0.125,0xaf34a43c3b6e950f5e62660aaa637a220e36e460,2017-10-10T05:19:05.000Z,0.00025,0x9bfc3d49e4df2bceefe32c2e6ed93870205cc307,sell,0xb45a50545beeab73f38f31e5973768c421805e5e,0x3d6e4dabe634339a214cb918b51725f5068557c2b041617f5d0927431a4b4f8a
317,2500,0.725,0x0575f7e89520ecfe81fd8abb47b183e375dd4c01,2017-10-10T04:42:53.000Z,0.00029,0x21e70fee23868b5c84e3cfa093990ccc1eb5d02f,sell,0xb45a50545beeab73f38f31e5973768c421805e5e,0x52e3e0ff47e3dd7d5f6edf52c7c2bea5eb8254cea791df6b0b3437342fb69bd3
318,2000,0.5802,0xca496b0ea5c89ac073e306b599c53190a6a92fb8,2017-10-10T04:16:42.000Z,0.0002901,0x8f15786a014ff2fd458ea5ebca73c60a235444d1,sell,0xb45a50545beeab73f38f31e5973768c421805e5e,0x042ba288382e24d6fdda5969f7f4248949ff4e36a7fd77947669158130bb2d8e
319,499.9999999996411,0.14509999999989584,0xca496b0ea5c89ac073e306b599c53190a6a92fb8,2017-10-10T03:43:27.000Z,0.0002902,0x5100dadf11113b0730829d2047b9df4da1d80e68,sell,0xb45a50545beeab73f38f31e5973768c421805e5e,0x00b63438bcbcc0e847c1ffcde72236ba298032a59c2173eb477781bc994c7117
320,0.00000000000997,0.000000000000002893,0xca496b0ea5c89ac073e306b599c53190a6a92fb8,2017-10-10T03:38:40.000Z,0.0002901705115346038,0x5100dadf11113b0730829d2047b9df4da1d80e68,sell,0xb45a50545beeab73f38f31e5973768c421805e5e,0x409b1c66b9aa317a69f01dbf4bba506da99cd180f650ce317b26232a20af949f
321,0.00000000000997,0.000000000000002893,0xca496b0ea5c89ac073e306b599c53190a6a92fb8,2017-10-10T03:38:40.000Z,0.0002901705115346038,0x5100dadf11113b0730829d2047b9df4da1d80e68,sell,0xb45a50545beeab73f38f31e5973768c421805e5e,0xbcef6ab57e5bf650330cf18cea8b24d69ebb07d59544980e8b5413cbc77da54c
322,0.00000000000997,0.000000000000002893,0xca496b0ea5c89ac073e306b599c53190a6a92fb8,2017-10-10T03:38:40.000Z,0.0002901705115346038,0x5100dadf11113b0730829d2047b9df4da1d80e68,sell,0xb45a50545beeab73f38f31e5973768c421805e5e,0xc331e2b4ed33deefdc3306c8616fb513b277d1668f6caf7649d468793eb0c20a
323,0.00000000000997,0.000000000000002893,0xca496b0ea5c89ac073e306b599c53190a6a92fb8,2017-10-10T03:38:40.000Z,0.0002901705115346038,0x5100dadf11113b0730829d2047b9df4da1d80e68,sell,0xb45a50545beeab73f38f31e5973768c421805e5e,0xa90c10fc83fd17c4f566250ae69c02da2282fd5d1bf8bf698c2943b5085d18e4
324,0.00000000000997,0.000000000000002893,0xca496b0ea5c89ac073e306b599c53190a6a92fb8,2017-10-10T03:38:40.000Z,0.0002901705115346038,0x5100dadf11113b0730829d2047b9df4da1d80e68,sell,0xb45a50545beeab73f38f31e5973768c421805e5e,0x99de81932c7b6c0d8903e006c9e17b5834516e2f5450436ac6bbc5c59213e92c
325,0.00000000000997,0.000000000000002893,0xca496b0ea5c89ac073e306b599c53190a6a92fb8,2017-10-10T03:37:37.000Z,0.0002901705115346038,0x5100dadf11113b0730829d2047b9df4da1d80e68,sell,0xb45a50545beeab73f38f31e5973768c421805e5e,0xb593d427297ff7fbf30f8098715d56e957282536395164b9563944b46b93182b
326,0.00000000000997,0.000000000000002893,0xca496b0ea5c89ac073e306b599c53190a6a92fb8,2017-10-10T03:36:34.000Z,0.0002901705115346038,0x5100dadf11113b0730829d2047b9df4da1d80e68,sell,0xb45a50545beeab73f38f31e5973768c421805e5e,0x85749dcbf29819d5fc6aed1f1a0fbd1ff8092bdd7d2796e9d2e298008910154b
327,0.00000000000997,0.000000000000002893,0xca496b0ea5c89ac073e306b599c53190a6a92fb8,2017-10-10T03:36:16.000Z,0.0002901705115346038,0x5100dadf11113b0730829d2047b9df4da1d80e68,sell,0xb45a50545beeab73f38f31e5973768c421805e5e,0x1901bbb1a4e4a3ea4ff687ea612aec9c8de64b001c91494fffe17a95730680d1
328,0.00000000000997,0.000000000000002893,0xca496b0ea5c89ac073e306b599c53190a6a92fb8,2017-10-10T03:35:30.000Z,0.0002901705115346038,0x5100dadf11113b0730829d2047b9df4da1d80e68,sell,0xb45a50545beeab73f38f31e5973768c421805e5e,0xde17d8378a54e6db57e4695bf2b8ff47e7824b333df1f6a78add2cd7296a218b
329,0.00000000000997,0.000000000000002893,0xca496b0ea5c89ac073e306b599c53190a6a92fb8,2017-10-10T03:34:57.000Z,0.0002901705115346038,0x5100dadf11113b0730829d2047b9df4da1d80e68,sell,0xb45a50545beeab73f38f31e5973768c421805e5e,0xb787e7e16bdd997563a1568e508026cfe12b32011fe9dd5e48db63af70a75180
330,0.00000000000997,0.000000000000002893,0xca496b0ea5c89ac073e306b599c53190a6a92fb8,2017-10-10T03:34:48.000Z,0.0002901705115346038,0x5100dadf11113b0730829d2047b9df4da1d80e68,sell,0xb45a50545beeab73f38f31e5973768c421805e5e,0xb1bc0486459e4a9ac5ddaabe9695158cd9f9d540e99737ca3428f7b6b00758cf
331,0.00000000000997,0.000000000000002893,0xca496b0ea5c89ac073e306b599c53190a6a92fb8,2017-10-10T03:34:38.000Z,0.0002901705115346038,0x5100dadf11113b0730829d2047b9df4da1d80e68,sell,0xb45a50545beeab73f38f31e5973768c421805e5e,0xe22ae0da73afb8f6de977c898e6d256208736a89d9b496565417d5de31a3247d
332,0.00000000000997,0.000000000000002893,0xca496b0ea5c89ac073e306b599c53190a6a92fb8,2017-10-10T03:34:38.000Z,0.0002901705115346038,0x5100dadf11113b0730829d2047b9df4da1d80e68,sell,0xb45a50545beeab73f38f31e5973768c421805e5e,0x5023cfdd7b02317f065e3e469eba6b15185dee147bc29fbef5b30385d380561a
333,0.00000000000997,0.000000000000002893,0xca496b0ea5c89ac073e306b599c53190a6a92fb8,2017-10-10T03:34:38.000Z,0.0002901705115346038,0x5100dadf11113b0730829d2047b9df4da1d80e68,sell,0xb45a50545beeab73f38f31e5973768c421805e5e,0x4b3428e7413e0889a0016be6a2d11c3e007c14dc6600c5d71f9bd4139d56f43a
334,0.00000000000997,0.000000000000002893,0xca496b0ea5c89ac073e306b599c53190a6a92fb8,2017-10-10T03:34:38.000Z,0.0002901705115346038,0x5100dadf11113b0730829d2047b9df4da1d80e68,sell,0xb45a50545beeab73f38f31e5973768c421805e5e,0x3650ff220eeb11b39f657e3466a98692435a716a20df3789beda8bbc9bcac156
335,0.00000000000997,0.000000000000002893,0xca496b0ea5c89ac073e306b599c53190a6a92fb8,2017-10-10T03:34:38.000Z,0.0002901705115346038,0x5100dadf11113b0730829d2047b9df4da1d80e68,sell,0xb45a50545beeab73f38f31e5973768c421805e5e,0x62cd613ccbd45216c1c0281fa41c65fbaaccec18d583c859e9e6258796a910ca
336,0.00000000000997,0.000000000000002893,0xca496b0ea5c89ac073e306b599c53190a6a92fb8,2017-10-10T03:34:38.000Z,0.0002901705115346038,0x5100dadf11113b0730829d2047b9df4da1d80e68,sell,0xb45a50545beeab73f38f31e5973768c421805e5e,0xc22b23aa6ba423003a86e385819f9ce1452a230cb399c6eb1622db1c669d17b0
337,0.00000000000997,0.000000000000002893,0xca496b0ea5c89ac073e306b599c53190a6a92fb8,2017-10-10T03:34:38.000Z,0.0002901705115346038,0x5100dadf11113b0730829d2047b9df4da1d80e68,sell,0xb45a50545beeab73f38f31e5973768c421805e5e,0xda1664b465e163dca038864e5b14b3de3602c307e6bb12d9a711c56eeb2c0d9c
338,0.00000000000997,0.000000000000002893,0xca496b0ea5c89ac073e306b599c53190a6a92fb8,2017-10-10T03:34:38.000Z,0.0002901705115346038,0x5100dadf11113b0730829d2047b9df4da1d80e68,sell,0xb45a50545beeab73f38f31e5973768c421805e5e,0x4b33d34cb189836c81f2b20213339931b9de32369c457dc5542f8c46c23feadd
339,0.00000000000997,0.000000000000002893,0xca496b0ea5c89ac073e306b599c53190a6a92fb8,2017-10-10T03:34:38.000Z,0.0002901705115346038,0x5100dadf11113b0730829d2047b9df4da1d80e68,sell,0xb45a50545beeab73f38f31e5973768c421805e5e,0x4f3989971ba62917224cad4f99a2ce6a6d8f106a995f21ccfa885f52cf4518e1
340,0.00000000000997,0.000000000000002893,0xca496b0ea5c89ac073e306b599c53190a6a92fb8,2017-10-10T03:34:38.000Z,0.0002901705115346038,0x5100dadf11113b0730829d2047b9df4da1d80e68,sell,0xb45a50545beeab73f38f31e5973768c421805e5e,0xf81f84251682b03d34b660c9d4b8429b953b50cbfc6677b4b1f757ef082401ed
341,0.00000000000997,0.000000000000002893,0xca496b0ea5c89ac073e306b599c53190a6a92fb8,2017-10-10T03:34:29.000Z,0.0002901705115346038,0x5100dadf11113b0730829d2047b9df4da1d80e68,sell,0xb45a50545beeab73f38f31e5973768c421805e5e,0x2d79263a39159406710fe1c4fe86c6efb261aa91d79fa6ce88045df3c8fae84d
342,0.00000000000997,0.000000000000002893,0xca496b0ea5c89ac073e306b599c53190a6a92fb8,2017-10-10T03:34:01.000Z,0.0002901705115346038,0x5100dadf11113b0730829d2047b9df4da1d80e68,sell,0xb45a50545beeab73f38f31e5973768c421805e5e,0x11c9404ad6bbda0ccfc4d71e436769858a8c25d51cb92dde1b57f18cbad8121c
343,0.00000000000997,0.000000000000002893,0xca496b0ea5c89ac073e306b599c53190a6a92fb8,2017-10-10T03:32:33.000Z,0.0002901705115346038,0x5100dadf11113b0730829d2047b9df4da1d80e68,sell,0xb45a50545beeab73f38f31e5973768c421805e5e,0x5ac797eee0aa942922b1d242adb4736866d3c2a8ae28bb5f4066735a37eec14c
344,0.00000000000997,0.000000000000002893,0xca496b0ea5c89ac073e306b599c53190a6a92fb8,2017-10-10T03:27:19.000Z,0.0002901705115346038,0x5100dadf11113b0730829d2047b9df4da1d80e68,sell,0xb45a50545beeab73f38f31e5973768c421805e5e,0x8dad555698df9a4a9c298ec2c4cb5c586495c44ec9a025bcd2d4b77cee3ed836
345,0.00000000000997,0.000000000000002893,0xca496b0ea5c89ac073e306b599c53190a6a92fb8,2017-10-10T03:27:12.000Z,0.0002901705115346038,0x5100dadf11113b0730829d2047b9df4da1d80e68,sell,0xb45a50545beeab73f38f31e5973768c421805e5e,0xebd701c896b9ac454c185743502af0df83f704ad0218b335dacd52d4e8dc9a60
346,0.00000000000997,0.000000000000002893,0xca496b0ea5c89ac073e306b599c53190a6a92fb8,2017-10-10T03:27:04.000Z,0.0002901705115346038,0x5100dadf11113b0730829d2047b9df4da1d80e68,sell,0xb45a50545beeab73f38f31e5973768c421805e5e,0xd59d62e839c24df903487e863d0e3ed7d395759a87db812b79b932c1aa575e06
347,0.00000000000997,0.000000000000002893,0xca496b0ea5c89ac073e306b599c53190a6a92fb8,2017-10-10T03:02:10.000Z,0.0002901705115346038,0x5100dadf11113b0730829d2047b9df4da1d80e68,sell,0xb45a50545beeab73f38f31e5973768c421805e5e,0xd107548a75f97bc5458d13e98673308d3b50fa26104dc62306e7bfe73e12ef4e
348,0.00000000000997,0.000000000000002893,0xca496b0ea5c89ac073e306b599c53190a6a92fb8,2017-10-10T03:01:17.000Z,0.0002901705115346038,0x5100dadf11113b0730829d2047b9df4da1d80e68,sell,0xb45a50545beeab73f38f31e5973768c421805e5e,0xd107548a75f97bc5458d13e98673308d3b50fa26104dc62306e7bfe73e12ef4e
349,0.00000000000997,0.000000000000002893,0xca496b0ea5c89ac073e306b599c53190a6a92fb8,2017-10-10T03:01:02.000Z,0.0002901705115346038,0x5100dadf11113b0730829d2047b9df4da1d80e68,sell,0xb45a50545beeab73f38f31e5973768c421805e5e,0x629e712169c770fe4db03a866d2a64707330eef11849014b7144df760b58efe5
350,0.00000000000997,0.000000000000002893,0xca496b0ea5c89ac073e306b599c53190a6a92fb8,2017-10-10T03:01:02.000Z,0.0002901705115346038,0x5100dadf11113b0730829d2047b9df4da1d80e68,sell,0xb45a50545beeab73f38f31e5973768c421805e5e,0xc85627714ff91d5fb3eebd1368e3bd58d4f05d8ec30d093829e2666f5064b124
351,0.00000000000997,0.000000000000002893,0xca496b0ea5c89ac073e306b599c53190a6a92fb8,2017-10-10T03:01:02.000Z,0.0002901705115346038,0x5100dadf11113b0730829d2047b9df4da1d80e68,sell,0xb45a50545beeab73f38f31e5973768c421805e5e,0x7255db397a3c1d860cebd7d10bd512bcac316386fefb633bb8c2787d72c3e4f8
352,0.00000000000997,0.000000000000002893,0xca496b0ea5c89ac073e306b599c53190a6a92fb8,2017-10-10T03:01:02.000Z,0.0002901705115346038,0x5100dadf11113b0730829d2047b9df4da1d80e68,sell,0xb45a50545beeab73f38f31e5973768c421805e5e,0xf4d36d82b4da2201c67c05869408119f3801d05377ab13c3ca67d9582e691291
353,0.00000000000997,0.000000000000002893,0xca496b0ea5c89ac073e306b599c53190a6a92fb8,2017-10-10T03:01:02.000Z,0.0002901705115346038,0x5100dadf11113b0730829d2047b9df4da1d80e68,sell,0xb45a50545beeab73f38f31e5973768c421805e5e,0xe150001e00bde694ff1f371dcdf5e7ebe6356df65a5e06ec26cf3b0881a9b6fa
354,0.00000000000997,0.000000000000002893,0xca496b0ea5c89ac073e306b599c53190a6a92fb8,2017-10-10T03:01:02.000Z,0.0002901705115346038,0x5100dadf11113b0730829d2047b9df4da1d80e68,sell,0xb45a50545beeab73f38f31e5973768c421805e5e,0xd9b1bd93819778b127e11ea421fb2474ca70ecc75fc573d6c516e67b128f30e8
355,0.00000000000997,0.000000000000002893,0xca496b0ea5c89ac073e306b599c53190a6a92fb8,2017-10-10T03:01:02.000Z,0.0002901705115346038,0x5100dadf11113b0730829d2047b9df4da1d80e68,sell,0xb45a50545beeab73f38f31e5973768c421805e5e,0xdca4373f1698036e65dea090a681829f5ad5fa9c6d7d0cde60d6290bb4e407cc
356,0.00000000000997,0.000000000000002893,0xca496b0ea5c89ac073e306b599c53190a6a92fb8,2017-10-10T03:00:27.000Z,0.0002901705115346038,0x5100dadf11113b0730829d2047b9df4da1d80e68,sell,0xb45a50545beeab73f38f31e5973768c421805e5e,0xfef5a629207fce8eaca393ec819f6383893f401c1259e5f9288a81cb99de647c
357,2726.472,0.790674153528,0x61105b66e11ab05d0c3ef2313312e1bf624e93c1,2017-10-09T23:42:51.000Z,0.000289999,0x00ac8a2bf7d97b363667aae3995192abada3c471,buy,0xb45a50545beeab73f38f31e5973768c421805e5e,0x43df7bd2aa91c8b38ef0d58edf69b0a5be13c7f6d802edd73b542a77a9246b78
358,423.78794215650555,0.11018528874863359,0x00ac8a2bf7d97b363667aae3995192abada3c471,2017-10-09T21:52:50.000Z,0.000260001,0xaba13099d371a483dbf6cfd5ca654c7a3547cc74,sell,0xb45a50545beeab73f38f31e5973768c421805e5e,0xde9b9a80afa3bfb7960ddd4b81b61d79b288745db2f3416ba0258ed5abf95350
359,299.07287409032,0.0777592463363573,0x00ac8a2bf7d97b363667aae3995192abada3c471,2017-10-09T21:30:18.000Z,0.000260001,0x93b5b47b9780ff0440bbdccdc208a6c154df9651,sell,0xb45a50545beeab73f38f31e5973768c421805e5e,0x92b54ab0998c47a8738258431d1ae309e47204e7c2f28e47ac69929e538061ec
360,2003.6117291499322,0.5209410531907115,0x00ac8a2bf7d97b363667aae3995192abada3c471,2017-10-09T20:36:57.000Z,0.000260001,0xb87978ac804939737de974a6e3a80f32b5d3bf40,sell,0xb45a50545beeab73f38f31e5973768c421805e5e,0x5d9193211a2ff942f7f6fad5b74b99cba6a2a7e78a29bbaeaa65b7ddcd25778a
361,3483.115529900218,1.0797658142690676,0x61105b66e11ab05d0c3ef2313312e1bf624e93c1,2017-10-09T16:24:59.000Z,0.00031,0xd1be7aa488fba55888bbd45bffb62d9fa93c68f6,buy,0xb45a50545beeab73f38f31e5973768c421805e5e,0x04d51589bd8fac48d8beb3a8faf5ca1cd9ef2621df3f173ef6f3d483e55b0eef
362,3754,1.16374,0x61105b66e11ab05d0c3ef2313312e1bf624e93c1,2017-10-09T16:05:10.000Z,0.00031,0x00218e045a5b070cb5c9922bfbdf2109b4624e1f,buy,0xb45a50545beeab73f38f31e5973768c421805e5e,0xd82f6ceb52a1b4156be8c22acd6d5397e8af466b829ffdfcfd277ea8e1268dcf
363,1365.9018710443193,0.4985541829311765,0xbc06520c969a5b52ca0a3de15e014a8f5fc6ab15,2017-10-09T15:04:31.000Z,0.000365,0x460ef350ae8adb567ca25a1b3dbd482c504284cd,buy,0xb45a50545beeab73f38f31e5973768c421805e5e,0xda53e287c2d020538bea2dfdbdd0c05252f004a1169ded3c733e42989318496b
364,1500,0.465,0xfb914ccec299359177d949822780aa2956cfd756,2017-10-09T14:18:30.000Z,0.00031,0x1eaa18a0e964d346f2b5182be3f97d7aab5145b9,buy,0xb45a50545beeab73f38f31e5973768c421805e5e,0xebd43fc122e2a9747d6f5564e7b27379f427ca501c83c4b4b0100627d4038dbe
365,5652,1.6956,0x1dec75672c1dcd1a6342b8dcc6ed1b783352e638,2017-10-09T09:27:14.000Z,0.0003,0x1eaa18a0e964d346f2b5182be3f97d7aab5145b9,buy,0xb45a50545beeab73f38f31e5973768c421805e5e,0x77633db738d89d443322d4971387681f3c182872efe638cf40f8de630a7b7d9d
366,0.029078142638347057,0.000009886568497038,0x841315ea8b0dfc5ec27b08d88108567152d1c1b0,2017-10-09T02:38:41.000Z,0.00034,0xd1be7aa488fba55888bbd45bffb62d9fa93c68f6,buy,0xb45a50545beeab73f38f31e5973768c421805e5e,0x3e4d2d2adefefd03b673afafcb5f653becefb41e0646700f614e217b29780ca0
367,10,0.0034,0xd1be7aa488fba55888bbd45bffb62d9fa93c68f6,2017-10-09T02:04:54.000Z,0.00034,0xd1be7aa488fba55888bbd45bffb62d9fa93c68f6,buy,0xb45a50545beeab73f38f31e5973768c421805e5e,0xe5acd7a9140be4f0d1d7743143f3ae8e20ee92ae4fcfb4917c623e1ad6ee1687
368,1.1293510703003522,0.000282337767575088,0x7d5cf357bc756c54fa17a7f503f9dd1491575a23,2017-10-09T00:41:05.000Z,0.00024999999999999995,0x04f612e8c2c78b786e0d5e1c2c911a08c76bf40a,sell,0xb45a50545beeab73f38f31e5973768c421805e5e,0x4c2667c0d824f69881fd74071f870d396a615ff7d8581669077a92040ebb3153
369,5.813123141789873,0.001976461868208557,0xce8984a6b59d2a8df7c93ae70256c8f4e6f37dc0,2017-10-08T23:24:04.000Z,0.00034,0xd1be7aa488fba55888bbd45bffb62d9fa93c68f6,buy,0xb45a50545beeab73f38f31e5973768c421805e5e,0x20bb1661d81c67a80ec2068b971295d890e26d5f41b88d19fb5fb42a83b385b2
370,291.68284880524516,0.09917216859378336,0x841315ea8b0dfc5ec27b08d88108567152d1c1b0,2017-10-08T22:24:32.000Z,0.00034,0xd1be7aa488fba55888bbd45bffb62d9fa93c68f6,buy,0xb45a50545beeab73f38f31e5973768c421805e5e,0xf0fd484aee6f6f81c26ed355a88efd0ee26ca7cf05faa747f4092aaa5b112eee
371,10,0.00391,0xd1be7aa488fba55888bbd45bffb62d9fa93c68f6,2017-10-08T22:23:25.000Z,0.000391,0xf18d77043a3c130f1eefe3e29d9d49706ae519c7,buy,0xb45a50545beeab73f38f31e5973768c421805e5e,0x85f5299f85ac94a04ae646e3703706039b255af0c6c68854a3b59cc2bed33cfd
372,571.429,0.20000015,0x841315ea8b0dfc5ec27b08d88108567152d1c1b0,2017-10-08T22:21:02.000Z,0.00035,0x1eaa18a0e964d346f2b5182be3f97d7aab5145b9,buy,0xb45a50545beeab73f38f31e5973768c421805e5e,0x810a5e5b77853965be9612ddadcabedbd8dbbbf707401b299bedefddebfeaeb2
373,11328.520586182833,1.5361473914863921,0x1eaa18a0e964d346f2b5182be3f97d7aab5145b9,2017-10-08T20:55:51.000Z,0.0001356,0x04f612e8c2c78b786e0d5e1c2c911a08c76bf40a,sell,0xb45a50545beeab73f38f31e5973768c421805e5e,0x7402836940eb218e5232ebea145871633b18e45a30b1779a15fcacd0761c8dab
