,amount,amountBase,buyer,date,price,seller,side,tokenAddr,txHash
0,31.446540880503143,0.0005,0x3075f7f189912f4f425dd7021b9c396434197477,2017-11-02T06:54:43.000Z,0.0000159,0x8aa571ff710ca435cb14076ec7e915dd66c4416f,buy,0xf9c9da0c81fffd491458881410903561d1e40fd0,0x75bc9ceabdaeb05245e0fab48b5f60e7ae8b0cec957859e81bd0972accf27f49
1,31.446540880503143,0.0005,0x4fda9e6bcd83af6c5cc771b5d20accc2b7720074,2017-11-02T06:50:15.000Z,0.0000159,0x8aa571ff710ca435cb14076ec7e915dd66c4416f,buy,0xf9c9da0c81fffd491458881410903561d1e40fd0,0x4c81fab77b4c9f88abe9fcc5ec8c5e1a1326d5bbbdb34fd999226bda5763df4a
2,100,0.00158,0x5af6195a7d7f5b4861dafd080cb06f8a0390740d,2017-11-02T01:51:19.000Z,0.0000158,0x5af6195a7d7f5b4861dafd080cb06f8a0390740d,buy,0xf9c9da0c81fffd491458881410903561d1e40fd0,0xf626f35fc4e4578160b43d9b611455490f609d0c27b75265fb291981fe8cf130
3,7264.632629418616,0.05811706103534892,0x5af6195a7d7f5b4861dafd080cb06f8a0390740d,2017-11-02T01:43:58.000Z,0.00000799999999999999,0xa131d5f149ae1f162cf92c4afccd8e5a1f5d6f4f,sell,0xf9c9da0c81fffd491458881410903561d1e40fd0,0xe9bf55945c0f08c9b8891d97a120af010e89ce54330f08ffd110f447163b90d4
4,400,0.005948,0x5af6195a7d7f5b4861dafd080cb06f8a0390740d,2017-11-02T01:25:51.000Z,0.00001487,0x5af6195a7d7f5b4861dafd080cb06f8a0390740d,buy,0xf9c9da0c81fffd491458881410903561d1e40fd0,0x5a18d7cd0dd8a5a40f48fdb6c1b4978ea6b4442ac0568621aea72de528a4fd92
5,1700,0.0136,0x5af6195a7d7f5b4861dafd080cb06f8a0390740d,2017-11-02T01:24:50.000Z,0.000008,0x5af6195a7d7f5b4861dafd080cb06f8a0390740d,sell,0xf9c9da0c81fffd491458881410903561d1e40fd0,0xe9767ee53f79fe087ea738c53ca58cc38d3c4443c24e5ff9f5ea2592920d3889
6,3000,0.0504,0x5af6195a7d7f5b4861dafd080cb06f8a0390740d,2017-11-01T20:00:25.000Z,0.0000168,0x5af6195a7d7f5b4861dafd080cb06f8a0390740d,buy,0xf9c9da0c81fffd491458881410903561d1e40fd0,0xc7e05d4f2d76f57024ce5f243bbfe4b881ef867afff17e5ff3ba335979c61963
7,100,0.0016982,0x5af6195a7d7f5b4861dafd080cb06f8a0390740d,2017-11-01T18:55:37.000Z,0.000016982,0xb902ba6e3272e66c74035d7e30f4fa9279bd56f9,buy,0xf9c9da0c81fffd491458881410903561d1e40fd0,0xe9d7d830df9f2f87396077bff0c558abb63abe14101a7f395d8e0297666e0e65
8,1000,0.008,0x5af6195a7d7f5b4861dafd080cb06f8a0390740d,2017-11-01T18:51:24.000Z,0.000008,0x5af6195a7d7f5b4861dafd080cb06f8a0390740d,sell,0xf9c9da0c81fffd491458881410903561d1e40fd0,0xd0e4d8403f6d9839881524c606b71548bb961382ab9459d2c94278c751cbde27
9,2900,0.0406,0x5af6195a7d7f5b4861dafd080cb06f8a0390740d,2017-11-01T18:42:32.000Z,0.000014,0x5af6195a7d7f5b4861dafd080cb06f8a0390740d,buy,0xf9c9da0c81fffd491458881410903561d1e40fd0,0xd2c61578e668611fed663e227848f24535574588ce958190716d27aaf63ee5aa
10,100,0.0017983,0x1a96f3bc6cd0e9db43e89f983d4227ec5f707539,2017-11-01T01:02:05.000Z,0.000017983,0x183e70600937bf8eb26111c20e48c5eeada8396e,buy,0xf9c9da0c81fffd491458881410903561d1e40fd0,0xf0fceaf198f171a0cf6b1cce15f5faca421e3a0aab6fac0f466e95007bd0c077
11,7287.1529905698135,0.029177760574241533,0xa131d5f149ae1f162cf92c4afccd8e5a1f5d6f4f,2017-10-31T22:52:21.000Z,0.00000400399999999999,0xa0be78d2bac6a692adba423c7af50ec86a18bddf,sell,0xf9c9da0c81fffd491458881410903561d1e40fd0,0xa42f884d9061bd917630d333a7e74930612c886a30e1c669bd0425ce10838da8
12,20000,0.0801,0x183e70600937bf8eb26111c20e48c5eeada8396e,2017-10-31T22:50:47.000Z,0.000004005,0xa0be78d2bac6a692adba423c7af50ec86a18bddf,sell,0xf9c9da0c81fffd491458881410903561d1e40fd0,0x1e23376d1a37e7ab3deb92ffde04d0ecfa92b13795caafd7c5d227dc762df491
13,5155,0.07613935,0x1a98b91d4bf41cb018af83349fb9b0409c4cad72,2017-10-29T23:32:41.000Z,0.00001477,0xa0be78d2bac6a692adba423c7af50ec86a18bddf,sell,0xf9c9da0c81fffd491458881410903561d1e40fd0,0xd7ccaee2fbd011f74c5bb1c6dca04788c0650838cb72708db90bf999b9420567
14,22.727376033527424,0.0005,0xe444a40689f51f63bcd29910622035707d533d29,2017-10-28T20:06:32.000Z,0.0000219999,0xb902ba6e3272e66c74035d7e30f4fa9279bd56f9,buy,0xf9c9da0c81fffd491458881410903561d1e40fd0,0xe1e0a953d8654b0d74b0b634732a592bdb35ed046c8d9a6cf8496655fc19d833
15,22.727376033527424,0.0005,0x34f9560c63078eb61872a4dc2ccd20e21c34feaf,2017-10-28T20:06:32.000Z,0.0000219999,0xb902ba6e3272e66c74035d7e30f4fa9279bd56f9,buy,0xf9c9da0c81fffd491458881410903561d1e40fd0,0x5c4df761570c0e338f90a3a37c9f252ed76a73639d08385233ea2cb3746b62dd
16,5592.8145610675865,0.032438324454192,0x2467965dff02bb48981b593ed554e0cb1e7c8143,2017-10-28T17:16:44.000Z,0.00000579999999999999,0x1ed014aec47fae44c9e55bac7662c0b78ae61798,sell,0xf9c9da0c81fffd491458881410903561d1e40fd0,0xc8a940a6c9eb420f2a391bbeb0d2c04e02ed40000011ffba0d3b80bd5cf50ece
17,8000,0.0488,0x8aa571ff710ca435cb14076ec7e915dd66c4416f,2017-10-28T17:16:44.000Z,0.0000061,0x1ed014aec47fae44c9e55bac7662c0b78ae61798,sell,0xf9c9da0c81fffd491458881410903561d1e40fd0,0x1451f73ba8ab55a7b6744c92ad9cb4645dcbf1612ffdcf006956f22f2fc0e939
18,7800,0.11154,0x6eec0efe5ec44513ad8d9a85a66e26798250c595,2017-10-27T20:14:36.000Z,0.0000143,0xa0be78d2bac6a692adba423c7af50ec86a18bddf,sell,0xf9c9da0c81fffd491458881410903561d1e40fd0,0x01eeb0961e21c36bc5dbd8253a1097334543b1ea3f1d49ba6c4ffe31005a285e
19,300,0.007467,0x6eec0efe5ec44513ad8d9a85a66e26798250c595,2017-10-27T19:24:55.000Z,0.00002489,0x6eec0efe5ec44513ad8d9a85a66e26798250c595,buy,0xf9c9da0c81fffd491458881410903561d1e40fd0,0xcb2890209c1df297f1ee303a1fba392bc002c886d081c0e0423fa7763d936686
20,477,0.01183437,0x6eec0efe5ec44513ad8d9a85a66e26798250c595,2017-10-27T17:49:57.000Z,0.00002481,0x6eec0efe5ec44513ad8d9a85a66e26798250c595,buy,0xf9c9da0c81fffd491458881410903561d1e40fd0,0xb26861b80f4c45bfbb7ef8d114678fca35e3c8deb7b0e636e388621099d470f3
21,433,0.0107384,0x6eec0efe5ec44513ad8d9a85a66e26798250c595,2017-10-26T19:38:07.000Z,0.0000248,0x6eec0efe5ec44513ad8d9a85a66e26798250c595,buy,0xf9c9da0c81fffd491458881410903561d1e40fd0,0x84475e09a1b1f077ca3236defee83cf84f1435e578b629315c5a4e41dd18f017
22,581,0.013944,0x6eec0efe5ec44513ad8d9a85a66e26798250c595,2017-10-26T10:44:55.000Z,0.000024,0x6eec0efe5ec44513ad8d9a85a66e26798250c595,buy,0xf9c9da0c81fffd491458881410903561d1e40fd0,0x2222216feb8a1f8b6ac504a005d468d6f03c4cf43ed732dfecdb9a2e43b4a114
23,100,0.003147,0xa0be78d2bac6a692adba423c7af50ec86a18bddf,2017-10-25T14:45:29.000Z,0.00003147,0xa0be78d2bac6a692adba423c7af50ec86a18bddf,buy,0xf9c9da0c81fffd491458881410903561d1e40fd0,0x68c5cd2b13f4fa7ffff51abe099215bb33007b7e737b983ef8c875c8941bb574
24,250,0.00125,0xa0be78d2bac6a692adba423c7af50ec86a18bddf,2017-10-25T14:43:22.000Z,0.000005,0xa0be78d2bac6a692adba423c7af50ec86a18bddf,sell,0xf9c9da0c81fffd491458881410903561d1e40fd0,0x8094ce9d4394f77b3ad3109ae01715ea3c6acb9e6796bee67c15517c832a809a
25,431,0.01356357,0x6eec0efe5ec44513ad8d9a85a66e26798250c595,2017-10-25T05:43:36.000Z,0.00003147,0x6eec0efe5ec44513ad8d9a85a66e26798250c595,buy,0xf9c9da0c81fffd491458881410903561d1e40fd0,0x45f3f7a2fda7c4970522c5a6977331ffa27e0a263fb2d80df97f2e250de27435
26,24.922739507526668,0.000099815571727644,0xa0be78d2bac6a692adba423c7af50ec86a18bddf,2017-10-23T15:10:43.000Z,0.00000400499999999998,0x9e9bf452bd4de555aa25cd8f2bc7f2416ce4b74c,sell,0xf9c9da0c81fffd491458881410903561d1e40fd0,0xa677b6d5d9f1397fdf031719597d2fba95893506108f59e84e899e8624a62fbb
27,25,0.0008975,0x9e9bf452bd4de555aa25cd8f2bc7f2416ce4b74c,2017-10-23T15:09:27.000Z,0.0000359,0xa0be78d2bac6a692adba423c7af50ec86a18bddf,buy,0xf9c9da0c81fffd491458881410903561d1e40fd0,0x1c3ed0ce5e86bdb67603502022968882f83119abb6c317302b80001792435e7d
28,580,0.02204,0x6eec0efe5ec44513ad8d9a85a66e26798250c595,2017-10-23T04:27:09.000Z,0.000038,0x6eec0efe5ec44513ad8d9a85a66e26798250c595,buy,0xf9c9da0c81fffd491458881410903561d1e40fd0,0x865bd2803e04f9e8f44cda2dd1d13c66641148aaf9a545676250a5939ad7e53c
29,11000,0.46068,0x836ea38353f24e57f9bd93abc3c145af49d6a15e,2017-10-21T10:14:37.000Z,0.00004188,0x836ea38353f24e57f9bd93abc3c145af49d6a15e,buy,0xf9c9da0c81fffd491458881410903561d1e40fd0,0x2d6794467cdece10cc27cedc3c2282d00d6e2ebd1dae9659fff3a11326d0af55
30,11083,0.46293691,0x836ea38353f24e57f9bd93abc3c145af49d6a15e,2017-10-21T10:11:58.000Z,0.00004177,0x836ea38353f24e57f9bd93abc3c145af49d6a15e,buy,0xf9c9da0c81fffd491458881410903561d1e40fd0,0x1ad3c3942c4e2d90766fa8842862903f771cd1ac46f58deca19f0f1393caa383
31,14071,0.576911,0x836ea38353f24e57f9bd93abc3c145af49d6a15e,2017-10-21T10:10:15.000Z,0.000041,0x836ea38353f24e57f9bd93abc3c145af49d6a15e,buy,0xf9c9da0c81fffd491458881410903561d1e40fd0,0x7ee08ef817692ec6c1eedc35ea5440346732b689ecdcc102c0c9d3ef369528ad
32,18000,0.738,0x836ea38353f24e57f9bd93abc3c145af49d6a15e,2017-10-21T10:08:07.000Z,0.000041,0x836ea38353f24e57f9bd93abc3c145af49d6a15e,buy,0xf9c9da0c81fffd491458881410903561d1e40fd0,0x568e51879d7ea2255ea6de7c4246b9bb15fab9660f5a7a8436b4719d65d25311
33,1,0.0000429,0x6cdea8e07bf82d7a07dbf36642d6e5be8623845c,2017-10-20T10:20:40.000Z,0.0000429,0x9e1477cd68e8e375705ccb3dcf5764fe901de3ef,buy,0xf9c9da0c81fffd491458881410903561d1e40fd0,0xe550422a304b3e891da0b3b7aff1c22439681872c42a7560473829fced33fd62
34,300,0.01269,0x6eec0efe5ec44513ad8d9a85a66e26798250c595,2017-10-20T08:01:27.000Z,0.0000423,0x6eec0efe5ec44513ad8d9a85a66e26798250c595,buy,0xf9c9da0c81fffd491458881410903561d1e40fd0,0x8e3b2ffe2afef44d7dce391135be79f7127eb486be2e2a8e974c50e193465d11
35,570,0.0114,0x6eec0efe5ec44513ad8d9a85a66e26798250c595,2017-10-19T11:10:47.000Z,0.00002,0x6eec0efe5ec44513ad8d9a85a66e26798250c595,buy,0xf9c9da0c81fffd491458881410903561d1e40fd0,0xc554da60b9da759e69b30cb0e362428186f63bdd608055967bdc01134e7eaee9
36,1000,0.020999,0x9e1477cd68e8e375705ccb3dcf5764fe901de3ef,2017-10-19T01:38:02.000Z,0.000020999,0xc89e05f02816d3eb66807faeb6603a3ac885559f,buy,0xf9c9da0c81fffd491458881410903561d1e40fd0,0x17fd8ffd3fec381d351655a5fd8824100bc9ca770f9e7400b64def30c979abe4
37,73.5,0.0024255,0xa0be78d2bac6a692adba423c7af50ec86a18bddf,2017-10-18T16:21:42.000Z,0.000033,0xc2f897135ac2eb4f165aa784561f7174dce55a59,sell,0xf9c9da0c81fffd491458881410903561d1e40fd0,0x3f0ebaa3682dc169cfc94964ff8c8cabb29cb0597a2498f21524d263ea3c39f6
38,1,0.000031,0x3ac636ac5c3a2576156ac5f10066ca68abe0ad54,2017-10-18T16:20:02.000Z,0.000031,0x836ea38353f24e57f9bd93abc3c145af49d6a15e,buy,0xf9c9da0c81fffd491458881410903561d1e40fd0,0x5d3ae29146cbcc34f6fb67a7059614bec3ac1b54fafb1b19daae82360356f768
39,70,0.00245,0xa0be78d2bac6a692adba423c7af50ec86a18bddf,2017-10-18T16:19:15.000Z,0.000035,0xc2f897135ac2eb4f165aa784561f7174dce55a59,sell,0xf9c9da0c81fffd491458881410903561d1e40fd0,0xecb4fbae0474cdf0edd676e94e8317dcf73894d1c41ffa55e9189e4b40e9975d
40,144,0.003024,0xc2f897135ac2eb4f165aa784561f7174dce55a59,2017-10-18T16:17:58.000Z,0.000021,0xa0be78d2bac6a692adba423c7af50ec86a18bddf,buy,0xf9c9da0c81fffd491458881410903561d1e40fd0,0x5c83f276cc1e6bf8157f784727dfb69522247fc066cd128a1ff82eacf9aff7cf
41,23.80952380952381,0.0005,0x379374d13077e8867ef31803c37baf9785a17c00,2017-10-18T15:01:32.000Z,0.000021,0xa0be78d2bac6a692adba423c7af50ec86a18bddf,buy,0xf9c9da0c81fffd491458881410903561d1e40fd0,0x2f023ad0a127d45bb387327e999612f781aeadb98df539fc137b39476d3cba99
42,23.80952380952381,0.0005,0xf9695cd65d6dfdf257fab76a3eb0cb8f001971cc,2017-10-18T14:59:26.000Z,0.000021,0xa0be78d2bac6a692adba423c7af50ec86a18bddf,buy,0xf9c9da0c81fffd491458881410903561d1e40fd0,0x5ebc33d5be43c2dc7aa2773556cce63febe9a726705bbfb692308a5f018326eb
43,100.30197519047618,0.002106341479,0xdd5ed75a9175b77685cfd27124f86b3a6c053660,2017-10-18T13:47:51.000Z,0.000021,0xa0be78d2bac6a692adba423c7af50ec86a18bddf,buy,0xf9c9da0c81fffd491458881410903561d1e40fd0,0x413fc2ee4140af8268bbdc70b8119d1213f127684b59557eec0c328d578f3fa8
44,99.992,0.003899688,0xa0be78d2bac6a692adba423c7af50ec86a18bddf,2017-10-18T13:47:51.000Z,0.000039,0xdd5ed75a9175b77685cfd27124f86b3a6c053660,sell,0xf9c9da0c81fffd491458881410903561d1e40fd0,0x413fc2ee4140af8268bbdc70b8119d1213f127684b59557eec0c328d578f3fa8
45,3289.80161499352,0.010955039377928421,0x836ea38353f24e57f9bd93abc3c145af49d6a15e,2017-10-18T12:49:17.000Z,0.00000332999999999999,0xd7530505e648ed8a54ff6872be8774bce4f4a48e,sell,0xf9c9da0c81fffd491458881410903561d1e40fd0,0x8867091f19bbba3d5533cfc2d92ae48b5372a9395949e6750c87f56e243545d1
46,3300,0.1023,0xd7530505e648ed8a54ff6872be8774bce4f4a48e,2017-10-18T12:48:04.000Z,0.000031,0x836ea38353f24e57f9bd93abc3c145af49d6a15e,buy,0xf9c9da0c81fffd491458881410903561d1e40fd0,0x9d181d6d3deb390f6abc2a759ae5d65de8a355be71ae3eb57f3931a9c2cc4681
47,24764.384123028383,0.7676959078138799,0x9e1477cd68e8e375705ccb3dcf5764fe901de3ef,2017-10-18T10:11:39.000Z,0.000031,0x836ea38353f24e57f9bd93abc3c145af49d6a15e,buy,0xf9c9da0c81fffd491458881410903561d1e40fd0,0x29dedc8dd1d14eb05419ff2baff559fbd2e902afe61a1b9bec13b7503e86dd46
48,0.007950629690368392,0.000000310074557924,0xa0be78d2bac6a692adba423c7af50ec86a18bddf,2017-10-18T09:20:26.000Z,0.0000389999999999538,0x5a90b11f3f6cbfd2984c434db09c03e3a5475228,sell,0xf9c9da0c81fffd491458881410903561d1e40fd0,0x332594d9703c0351bd99476a8a0c7b0a00cd0cd177220f4ced1250ff92e9f27b
49,10.663936698871755,0.0005,0x16e5d97bbc92417e051e3b2cabfbf8ceea2acb9c,2017-10-17T17:08:45.000Z,0.000046887,0xb902ba6e3272e66c74035d7e30f4fa9279bd56f9,buy,0xf9c9da0c81fffd491458881410903561d1e40fd0,0x85a1c7cb94aeca07f5b76f668189706f1675f1326b3e943aa707c074fbf42752
50,10.663936698871755,0.0005,0x42c24a83bded723edfdf5883bc7efb30bc1a1bf3,2017-10-17T14:49:36.000Z,0.000046887,0xb902ba6e3272e66c74035d7e30f4fa9279bd56f9,buy,0xf9c9da0c81fffd491458881410903561d1e40fd0,0x3b0b69547ab1511dbde5ee34c942d9f311b099ee09fe31e32d0d9dc4c7bba41f
51,79.75276642408534,0.0031781477419998,0xa0be78d2bac6a692adba423c7af50ec86a18bddf,2017-10-17T10:27:18.000Z,0.00003984999999999999,0x5a90b11f3f6cbfd2984c434db09c03e3a5475228,sell,0xf9c9da0c81fffd491458881410903561d1e40fd0,0x8d4bdaf8354e86d4323caa83b2babdff9512f22f028d0177c0bafeda48ce4d22
52,427,0.0189588,0x836ea38353f24e57f9bd93abc3c145af49d6a15e,2017-10-17T10:08:17.000Z,0.0000444,0x836ea38353f24e57f9bd93abc3c145af49d6a15e,buy,0xf9c9da0c81fffd491458881410903561d1e40fd0,0xe57d396cb570095a51c8878e9fff7a52a5ff683db8b8f7d5e6bab02e42880f25
53,873,0.0387612,0x836ea38353f24e57f9bd93abc3c145af49d6a15e,2017-10-17T09:52:47.000Z,0.0000444,0x836ea38353f24e57f9bd93abc3c145af49d6a15e,buy,0xf9c9da0c81fffd491458881410903561d1e40fd0,0xd3a3e064a4bec1723dbbfe0f50bc2f6804dfa071c46bf366251e4addef3a5cec
54,2100,0.09324,0x836ea38353f24e57f9bd93abc3c145af49d6a15e,2017-10-17T09:29:43.000Z,0.0000444,0x836ea38353f24e57f9bd93abc3c145af49d6a15e,buy,0xf9c9da0c81fffd491458881410903561d1e40fd0,0x173dcbc4ac7c593a4167e4cbaf38d4f317fc520b414ccebbaf7b651e0b6bb9fd
55,10.663936698871755,0.0005,0xcd912af5286dc0b0a23edb30209734ecb60838b3,2017-10-17T04:50:05.000Z,0.000046887,0xb902ba6e3272e66c74035d7e30f4fa9279bd56f9,buy,0xf9c9da0c81fffd491458881410903561d1e40fd0,0x2fb47b2e4da89945a595767cc445f731f7e167cd75d6266f494ce966c6303002
56,91,0.003913,0x6eec0efe5ec44513ad8d9a85a66e26798250c595,2017-10-16T09:41:59.000Z,0.000043,0x5af6195a7d7f5b4861dafd080cb06f8a0390740d,buy,0xf9c9da0c81fffd491458881410903561d1e40fd0,0x29644102d464c511c66ac82517a13433fee7a0afb6961a6c2840bf13af4c820d
57,1000,0.04,0x8909e1a4f31fc2214ea6c4a917268b833b00c000,2017-10-15T20:56:15.000Z,0.00004,0xa0be78d2bac6a692adba423c7af50ec86a18bddf,sell,0xf9c9da0c81fffd491458881410903561d1e40fd0,0xa54f49293527f80917348f3894032ab97589206b3689f25590a6395d69c4109c
58,480,0.0213168,0x6eec0efe5ec44513ad8d9a85a66e26798250c595,2017-10-15T20:01:49.000Z,0.00004441,0x6eec0efe5ec44513ad8d9a85a66e26798250c595,buy,0xf9c9da0c81fffd491458881410903561d1e40fd0,0xb0cab6389e05bdf57dfef47377f5e8b1a60f9f30885a76fdcfa319819cd34286
59,280,0.01232,0x6eec0efe5ec44513ad8d9a85a66e26798250c595,2017-10-15T19:52:09.000Z,0.000044,0x6eec0efe5ec44513ad8d9a85a66e26798250c595,buy,0xf9c9da0c81fffd491458881410903561d1e40fd0,0xde3432b9956cef0815eabdca8ac3d18ba4f90737d4df730dd542dbbf5329c0cc
60,99.69095803010667,0.00418702023726448,0xa0be78d2bac6a692adba423c7af50ec86a18bddf,2017-10-15T17:09:16.000Z,0.00004199999999999999,0xedbfe1c3301db312e271238bb38fef764457e766,sell,0xf9c9da0c81fffd491458881410903561d1e40fd0,0xae0a481c7b68d6fa7f25e713cd838f5a73013881066b9f0bb954d5fb9cb52dfe
61,436.08,0.01875144,0x8909e1a4f31fc2214ea6c4a917268b833b00c000,2017-10-15T12:55:06.000Z,0.000043,0x6eec0efe5ec44513ad8d9a85a66e26798250c595,buy,0xf9c9da0c81fffd491458881410903561d1e40fd0,0xd002e104beaf3394c0b39eba85e6c26a5f71c3bc9869ed055cb0cae0c2f25ba5
62,1923.785,0.090412123645,0x8909e1a4f31fc2214ea6c4a917268b833b00c000,2017-10-15T12:53:48.000Z,0.000046997,0x7e826e85cba4d3aaaa1b484f53be01d10f527fd6,buy,0xf9c9da0c81fffd491458881410903561d1e40fd0,0xf1d7cbd5d63c794b52690b77e6410cc118443514ba2b0cece994aa4912e40d43
63,8.447232196379604,0.000363230984444323,0x6eec0efe5ec44513ad8d9a85a66e26798250c595,2017-10-15T11:14:56.000Z,0.000043,0x6eec0efe5ec44513ad8d9a85a66e26798250c595,buy,0xf9c9da0c81fffd491458881410903561d1e40fd0,0x73393ea37100cad5c59048861e49e90c2ef20648c6a48a94c47f57dd2c34d085
64,8.472571359052465,0.000364320568439256,0x6eec0efe5ec44513ad8d9a85a66e26798250c595,2017-10-15T11:09:35.000Z,0.000043,0x6eec0efe5ec44513ad8d9a85a66e26798250c595,buy,0xf9c9da0c81fffd491458881410903561d1e40fd0,0x29d68785d016737d0e05e6ef4faf7fa9ae5b86e32f3e58b92533cf960576d171
65,4300,0.1892,0x836ea38353f24e57f9bd93abc3c145af49d6a15e,2017-10-14T22:48:15.000Z,0.000044,0x836ea38353f24e57f9bd93abc3c145af49d6a15e,buy,0xf9c9da0c81fffd491458881410903561d1e40fd0,0xaf5499d2e9283f4930bfebeaf7033362fd3dabd2788f8660aafee129e1be237f
66,1145,0.053813855,0x9e1477cd68e8e375705ccb3dcf5764fe901de3ef,2017-10-14T13:56:40.000Z,0.000046999,0xbcce870909b3dbbe28f744f69b080dbdeeb7748a,buy,0xf9c9da0c81fffd491458881410903561d1e40fd0,0xd4bbcf4dc31362a752314735a65085fa9c6b297c4a6c7808ae4c073340090461
67,2300,0.103224,0x836ea38353f24e57f9bd93abc3c145af49d6a15e,2017-10-14T06:02:31.000Z,0.00004488,0x836ea38353f24e57f9bd93abc3c145af49d6a15e,buy,0xf9c9da0c81fffd491458881410903561d1e40fd0,0x35c2a8eb70f55ed2bcc729712da3ae85aec1f6be1145a473b5a6f4387685d4b3
68,100,0.0051,0xa0be78d2bac6a692adba423c7af50ec86a18bddf,2017-10-12T10:52:56.000Z,0.000051,0x5cb9c6a832282df6f9772de0f29a5233e0a651f0,sell,0xf9c9da0c81fffd491458881410903561d1e40fd0,0xbe068ef9fad53d72925a67f88184ba55350724cf897f9c9d151abcc0c7946e0f
69,300,0.021,0x836ea38353f24e57f9bd93abc3c145af49d6a15e,2017-10-11T02:39:06.000Z,0.00007,0x836ea38353f24e57f9bd93abc3c145af49d6a15e,buy,0xf9c9da0c81fffd491458881410903561d1e40fd0,0xc4c45b5d5d5775f92fc4984ba3801e7d7716ec349bdebc7c9c2fe0c9c5f96d1e
70,323.5617679,0.016666666664529,0x5d5065b42bdee0274e394ba9042c21e1818c69cf,2017-10-10T19:13:49.000Z,0.00005151,0xa0be78d2bac6a692adba423c7af50ec86a18bddf,sell,0xf9c9da0c81fffd491458881410903561d1e40fd0,0x6949ab3e1fc44e6e110f7a6e31396b583326eea8bb17f25e4623d4c8e65a7bbd
71,470,0.033276,0x6eec0efe5ec44513ad8d9a85a66e26798250c595,2017-10-10T08:59:17.000Z,0.0000708,0x6eec0efe5ec44513ad8d9a85a66e26798250c595,buy,0xf9c9da0c81fffd491458881410903561d1e40fd0,0x39f9c23e8ea521f5e03f7bb434fd23693f7e4b95309b1af7934bd18e8f73ac43
72,270,0.01836,0x836ea38353f24e57f9bd93abc3c145af49d6a15e,2017-10-10T01:29:23.000Z,0.000068,0x5cb9c6a832282df6f9772de0f29a5233e0a651f0,sell,0xf9c9da0c81fffd491458881410903561d1e40fd0,0xc48ac5ec7fd9ed52a08c4fe7b0dbba1cacb9b7c76f150b0974b42b6720eed8d9
73,400,0.02856,0x6eec0efe5ec44513ad8d9a85a66e26798250c595,2017-10-09T19:16:27.000Z,0.0000714,0x6eec0efe5ec44513ad8d9a85a66e26798250c595,buy,0xf9c9da0c81fffd491458881410903561d1e40fd0,0x974e96590a82e38ac258c14c543c8b366268921ba481bfe707ae9c61ecd83fd1
74,2300,0.1633,0x836ea38353f24e57f9bd93abc3c145af49d6a15e,2017-10-09T01:59:01.000Z,0.000071,0x836ea38353f24e57f9bd93abc3c145af49d6a15e,buy,0xf9c9da0c81fffd491458881410903561d1e40fd0,0xd9bfebf07c5cc4e6fa3d82a81d30761803097ecf984d6897e73ef00c7a73b889
75,1,0.000072995,0x602dac96d8d0530148bf159acc7927f7ef09f31b,2017-10-09T00:57:36.000Z,0.000072995,0xa0be78d2bac6a692adba423c7af50ec86a18bddf,buy,0xf9c9da0c81fffd491458881410903561d1e40fd0,0x6bab23dc3853ceeaf4851b54e5df28da3565fcdedf267425458c94caa4248ecb
76,560,0.04088,0x6eec0efe5ec44513ad8d9a85a66e26798250c595,2017-10-08T18:11:50.000Z,0.000073,0x6eec0efe5ec44513ad8d9a85a66e26798250c595,buy,0xf9c9da0c81fffd491458881410903561d1e40fd0,0xb132eba9b086e8edc9bcfd6ce721dd0ccdbd2c6cf4a89551ee9f66fcc06f15ad
77,3000,0.222,0x836ea38353f24e57f9bd93abc3c145af49d6a15e,2017-10-08T08:07:19.000Z,0.000074,0x836ea38353f24e57f9bd93abc3c145af49d6a15e,buy,0xf9c9da0c81fffd491458881410903561d1e40fd0,0x9a16b51bad691e0f8c74325961cf1dee52c870e5830cb18ffa96999a97e9df46
78,1000,0.074,0x836ea38353f24e57f9bd93abc3c145af49d6a15e,2017-10-08T08:04:37.000Z,0.000074,0x836ea38353f24e57f9bd93abc3c145af49d6a15e,buy,0xf9c9da0c81fffd491458881410903561d1e40fd0,0xd85083a027a4e797dc42d2b584bdd61361396804455df0006709cd997a2ba575
79,40,0.0032,0x836ea38353f24e57f9bd93abc3c145af49d6a15e,2017-10-07T08:15:45.000Z,0.00008,0xa0be78d2bac6a692adba423c7af50ec86a18bddf,buy,0xf9c9da0c81fffd491458881410903561d1e40fd0,0x803ccc2539eb014dcc9f375e87cc65e7ef4444da0dfe97456c791939ae2559ee
80,126.647,0.005572468,0x836ea38353f24e57f9bd93abc3c145af49d6a15e,2017-10-07T05:09:52.000Z,0.000044,0x971f30c325d9924ad472adf0bf98702502baad93,buy,0xf9c9da0c81fffd491458881410903561d1e40fd0,0x00b1d2c7b601a36f4bf7a75b1f85ac9059e95f8eab2bd542451efad071abcc68
81,1923.7851532407326,0.08657033189583296,0x7e826e85cba4d3aaaa1b484f53be01d10f527fd6,2017-10-07T05:06:50.000Z,0.000045,0xa0be78d2bac6a692adba423c7af50ec86a18bddf,buy,0xf9c9da0c81fffd491458881410903561d1e40fd0,0x1dde7f27f6f2280347bee4fec4b26ce629b67a7b516c3cb9f4ed32c95f124c5c
82,50,0.00225,0xa0be78d2bac6a692adba423c7af50ec86a18bddf,2017-10-06T21:10:08.000Z,0.000045,0xa0be78d2bac6a692adba423c7af50ec86a18bddf,buy,0xf9c9da0c81fffd491458881410903561d1e40fd0,0xa35af3f8449ba0b55860b300f227a4dcc31fb484efb4e40ca59b71c87f25ffdf
83,1604.81444332999,0.07221664994984955,0xfe423f6b9b3aa093cc08831d9b106027f97e132e,2017-10-06T21:02:58.000Z,0.000045,0xa0be78d2bac6a692adba423c7af50ec86a18bddf,buy,0xf9c9da0c81fffd491458881410903561d1e40fd0,0xd141e233d6343fbc90eec9d6d8019d0e6113f2c21914467c6d80a23b7a3ef157
84,1600,0.104,0xa0be78d2bac6a692adba423c7af50ec86a18bddf,2017-10-06T21:02:58.000Z,0.000065,0xfe423f6b9b3aa093cc08831d9b106027f97e132e,sell,0xf9c9da0c81fffd491458881410903561d1e40fd0,0xd141e233d6343fbc90eec9d6d8019d0e6113f2c21914467c6d80a23b7a3ef157
85,3995.115,0.02233269285,0x734a45696bc738ebdc71bf227f6542fc4b473dbe,2017-10-06T19:35:37.000Z,0.00000559,0xd98a3954353055ab642c9159c7f3b25dac2dc29b,buy,0xf9c9da0c81fffd491458881410903561d1e40fd0,0xff7d070782b3c4f53553554cc9ab7979cb1a84589e160e677b59c6d576204e1d
86,19990,0.1097451,0x734a45696bc738ebdc71bf227f6542fc4b473dbe,2017-10-06T19:29:09.000Z,0.00000549,0xd98a3954353055ab642c9159c7f3b25dac2dc29b,buy,0xf9c9da0c81fffd491458881410903561d1e40fd0,0x63051e3ff961595e8bbe28e577ad2e77de38be8e21e6a52b8bdcddc5c519ca57
87,6426.735,0.1999999932,0x734a45696bc738ebdc71bf227f6542fc4b473dbe,2017-10-06T18:50:10.000Z,0.00003112,0xa0be78d2bac6a692adba423c7af50ec86a18bddf,buy,0xf9c9da0c81fffd491458881410903561d1e40fd0,0x82bd8b912f84fb6bcf79bb75e7d88a314d62a87278688b8ffb7e156c5dde6f16
88,470,0.002491,0x6eec0efe5ec44513ad8d9a85a66e26798250c595,2017-10-06T17:39:30.000Z,0.0000053,0x6eec0efe5ec44513ad8d9a85a66e26798250c595,buy,0xf9c9da0c81fffd491458881410903561d1e40fd0,0xaf6812baad4a95c4f59bc95070bad858da638bbbf412cf62332e6851c447b5b3
89,28051.325,0.140228573675,0x734a45696bc738ebdc71bf227f6542fc4b473dbe,2017-10-06T09:39:25.000Z,0.000004999,0xc9087108b890f9aee9c5b878c6f062a2b0c730f3,buy,0xf9c9da0c81fffd491458881410903561d1e40fd0,0x52672dcb407b3fc14cac1b334e30be745ac655dddffa01f6db8c4813960b7f9f
90,56548.937,0.226195748,0x836ea38353f24e57f9bd93abc3c145af49d6a15e,2017-10-06T01:41:13.000Z,0.000004,0x836ea38353f24e57f9bd93abc3c145af49d6a15e,buy,0xf9c9da0c81fffd491458881410903561d1e40fd0,0x760294319e5355539a1cc162b53c6cc5eb54de43cbdf6ce701c5f35cf5ab033c
91,451.0626123737755,0.001804250449495102,0x836ea38353f24e57f9bd93abc3c145af49d6a15e,2017-10-06T01:32:39.000Z,0.000004,0x836ea38353f24e57f9bd93abc3c145af49d6a15e,buy,0xf9c9da0c81fffd491458881410903561d1e40fd0,0x534c025994405173be68b03b49dc6801ef1051a3fe8a251915591381d4675d2e
92,400,0.00192,0x6eec0efe5ec44513ad8d9a85a66e26798250c595,2017-10-05T17:47:47.000Z,0.0000048,0x6eec0efe5ec44513ad8d9a85a66e26798250c595,buy,0xf9c9da0c81fffd491458881410903561d1e40fd0,0xbd96fc244c458e0296a0b381db3ecde3030f10dabad6d0491e9310c125872117
93,563,0.0027024,0x6eec0efe5ec44513ad8d9a85a66e26798250c595,2017-10-05T16:56:12.000Z,0.0000048,0x6eec0efe5ec44513ad8d9a85a66e26798250c595,buy,0xf9c9da0c81fffd491458881410903561d1e40fd0,0x099678e6abe4a76f9f8364225a20cff3d5a8ea0d0d19be13c39c8a43382f8bbe
94,10,0.0000549,0xd8a62ad8a7efa8a3267932d2e478c026566fbe34,2017-10-05T12:41:13.000Z,0.00000549,0xd98a3954353055ab642c9159c7f3b25dac2dc29b,buy,0xf9c9da0c81fffd491458881410903561d1e40fd0,0x3df4d4bc77c0d11d518988a6a1acf2e5db2eba32184fa8eaa9316008f438d9f6
95,10000,0.05599,0x2abd94b8ee46ccefbd200f5f289749d285a05858,2017-10-04T23:28:07.000Z,0.000005599,0x5c868bfa7dda94e95a06780b163579eb712bf37c,sell,0xf9c9da0c81fffd491458881410903561d1e40fd0,0xf3f837b236df16e072639e37b66eaf13820894a7a0ced53fb640f34a07dc6116
96,100000,0.3111,0xb902ba6e3272e66c74035d7e30f4fa9279bd56f9,2017-10-04T19:09:52.000Z,0.000003111,0x6eec0efe5ec44513ad8d9a85a66e26798250c595,sell,0xf9c9da0c81fffd491458881410903561d1e40fd0,0xb7418e9b6333773352c9b0d467b08ebb21b2ae9fd5f1ee32474a369aebaa0970
97,1418.436,0.007799979564,0x6eec0efe5ec44513ad8d9a85a66e26798250c595,2017-10-04T11:48:22.000Z,0.000005499,0x6eec0efe5ec44513ad8d9a85a66e26798250c595,buy,0xf9c9da0c81fffd491458881410903561d1e40fd0,0xeba750c408e443c3b86f17b15b83b3c7862ed1acf521ae797581218f1b30fabb
98,22000,0.06842,0xd98a3954353055ab642c9159c7f3b25dac2dc29b,2017-10-04T11:46:34.000Z,0.00000311,0x6eec0efe5ec44513ad8d9a85a66e26798250c595,sell,0xf9c9da0c81fffd491458881410903561d1e40fd0,0x337f04e9f422b3e754270326968a7a7035793d0e0e72f6221cdecf5c7faa39b0
99,581.5636113954375,0.003198018299063511,0x6eec0efe5ec44513ad8d9a85a66e26798250c595,2017-10-04T11:42:07.000Z,0.000005499,0x6eec0efe5ec44513ad8d9a85a66e26798250c595,buy,0xf9c9da0c81fffd491458881410903561d1e40fd0,0xd70557558c89281ff078b13d873d9ef3d66abc0ade14158cfbcbf67de49803d7
100,0.000000000052077944,0.000000000000000302,0x5af6195a7d7f5b4861dafd080cb06f8a0390740d,2017-10-04T10:37:59.000Z,0.00000579900005269025,0xc9087108b890f9aee9c5b878c6f062a2b0c730f3,buy,0xf9c9da0c81fffd491458881410903561d1e40fd0,0xe529bf0f37e7749a68d29ac2a17131b50a1d043803489d86504394f95ae52a35
101,1993.8191606021335,0.006200777589472634,0xd98a3954353055ab642c9159c7f3b25dac2dc29b,2017-10-04T10:29:19.000Z,0.00000310999999999999,0xa1719da09b61c6d1fe0b1254b7e5374904e03cc2,sell,0xf9c9da0c81fffd491458881410903561d1e40fd0,0x08b28eedd4b0492034a49cf0a50c209c897d76ed672723c734279b5352a75642
102,500,0.0028995,0x035392de57aa4fe343d86494103dbe1b068a56c6,2017-10-04T08:47:31.000Z,0.000005799,0xc9087108b890f9aee9c5b878c6f062a2b0c730f3,buy,0xf9c9da0c81fffd491458881410903561d1e40fd0,0x188fffe5fd5b2518f7ac5930dcdd5f245c9f66a3dc719b85676a0e09e00a08d7
103,150,0.000876,0xdf537fe9b791ac57c4d5e94f6b2fa8d989d7f793,2017-10-03T10:36:43.000Z,0.00000584,0x6eec0efe5ec44513ad8d9a85a66e26798250c595,buy,0xf9c9da0c81fffd491458881410903561d1e40fd0,0xccb43873a325b653b8d47ba86d75ed08f3c5bf8e31a00f6741c531a043d3b093
104,2509.3595195002003,0.015056157117001203,0xd047f7330d98264db44bc3e96e4b1b8593949e00,2017-10-03T09:44:42.000Z,0.000006,0x5c868bfa7dda94e95a06780b163579eb712bf37c,sell,0xf9c9da0c81fffd491458881410903561d1e40fd0,0x688487b790107886447da3f187c29e43b492e038613b115e8607a36f28467dff
105,12960.522380620077,0.07776313428372046,0xd047f7330d98264db44bc3e96e4b1b8593949e00,2017-10-03T05:54:16.000Z,0.00000599999999999999,0xd98a3954353055ab642c9159c7f3b25dac2dc29b,sell,0xf9c9da0c81fffd491458881410903561d1e40fd0,0x369201c4f2114fd4a41e8b8b67cb79c7df58f0eee777b8cc06ba4f3c02e4816c
106,0.000000517156678082,0.000000000003020195,0x5af6195a7d7f5b4861dafd080cb06f8a0390740d,2017-10-03T05:54:12.000Z,0.00000584000000000216,0x6eec0efe5ec44513ad8d9a85a66e26798250c595,buy,0xf9c9da0c81fffd491458881410903561d1e40fd0,0xc7ae71aa8f6379bfbdf1531aecb9df6899d45c9e40d3dcdffbe3185a0418d502
107,49947.94911455556,0.29164607487988986,0x273a5d3e6721b9f5c1a6474f560c1334c63dda01,2017-10-02T23:30:09.000Z,0.000005839,0xd98a3954353055ab642c9159c7f3b25dac2dc29b,buy,0xf9c9da0c81fffd491458881410903561d1e40fd0,0xb68c0e620ff742c9f7478855e0ae9949a7c20eff7aa1e1612a855132ad5ff8c1
108,49798.10526721189,0.29878863160327135,0xd047f7330d98264db44bc3e96e4b1b8593949e00,2017-10-02T23:30:09.000Z,0.00000599999999999999,0x273a5d3e6721b9f5c1a6474f560c1334c63dda01,sell,0xf9c9da0c81fffd491458881410903561d1e40fd0,0xb68c0e620ff742c9f7478855e0ae9949a7c20eff7aa1e1612a855132ad5ff8c1
109,0.005188485391334132,0.0000000302955662,0x5af6195a7d7f5b4861dafd080cb06f8a0390740d,2017-10-02T16:06:25.000Z,0.000005839,0xd98a3954353055ab642c9159c7f3b25dac2dc29b,buy,0xf9c9da0c81fffd491458881410903561d1e40fd0,0xa2d3344f7f05a5a18d69ae1fc27d17e712d6053047b4a66baf161b4b2894440d
110,52.04569695905344,0.000303894824543913,0x5af6195a7d7f5b4861dafd080cb06f8a0390740d,2017-10-02T16:05:56.000Z,0.000005839,0xd98a3954353055ab642c9159c7f3b25dac2dc29b,buy,0xf9c9da0c81fffd491458881410903561d1e40fd0,0x7cc42ba0730c38aef0b9bac52bd4cbc8624be73198daf83548f3fd4ba448ae78
111,5140000,5.79792,0x7020ddf1b9a57c139da395a4f96b041df5d24203,2017-10-02T01:54:32.000Z,0.000001128,0x836ea38353f24e57f9bd93abc3c145af49d6a15e,sell,0xf9c9da0c81fffd491458881410903561d1e40fd0,0xe6e505bfb682a71493b1ba16e046cb7a2227c82eec0853e11ce85ce7db0a9b53
112,2377.204,0.01188602,0x6eec0efe5ec44513ad8d9a85a66e26798250c595,2017-10-01T17:54:26.000Z,0.000005,0x1fdf047bf7a114b37e7936d01e9cad754ad18803,buy,0xf9c9da0c81fffd491458881410903561d1e40fd0,0x2ba3a58a421e211114e0e56c650330504ab641c54c4b9f8696280adf6b19b5cf
113,1.1,0.0000055,0x58319288a01eff24620ee5237315f9e1e9dc0e36,2017-10-01T13:47:12.000Z,0.000005,0x1fdf047bf7a114b37e7936d01e9cad754ad18803,buy,0xf9c9da0c81fffd491458881410903561d1e40fd0,0x05c559e6d52458176f735bbed33f48126f00a69b09a579f1325e6f7b21f1144a
114,1000,0.001128,0x7020ddf1b9a57c139da395a4f96b041df5d24203,2017-10-01T06:45:46.000Z,0.000001128,0x836ea38353f24e57f9bd93abc3c145af49d6a15e,sell,0xf9c9da0c81fffd491458881410903561d1e40fd0,0x92bf7074a83454a79165a483e704dac73fbc72545b44c508dd3d4f7c17f78693
115,1000,0.001128,0x7020ddf1b9a57c139da395a4f96b041df5d24203,2017-10-01T06:39:24.000Z,0.000001128,0x836ea38353f24e57f9bd93abc3c145af49d6a15e,sell,0xf9c9da0c81fffd491458881410903561d1e40fd0,0x5652c2518dd77ffb4c2c18b021fe06db54b7dc78c2a17a35f672d5fdc9221e4c
116,691.7057122918951,0.003043505134084338,0x836ea38353f24e57f9bd93abc3c145af49d6a15e,2017-09-30T11:37:29.000Z,0.00000439999999999999,0xb665a81ad264b166e887fcdfa6a8879f5f1bfb44,sell,0xf9c9da0c81fffd491458881410903561d1e40fd0,0x0ea10189a7c650a8f9cda1f6a7de0062921c4e6710b3f5894109dd18bb5659e0
117,850,0.00425,0x0024a5046fd95c5eee6db19a69ef7ed3bacd50f1,2017-09-30T11:32:29.000Z,0.000005,0xb665a81ad264b166e887fcdfa6a8879f5f1bfb44,sell,0xf9c9da0c81fffd491458881410903561d1e40fd0,0x41d2171018257a78f6344198829c48ed92686b055151b510b4631a89c9e02a84
118,400,0.00268,0x6eec0efe5ec44513ad8d9a85a66e26798250c595,2017-09-30T11:32:09.000Z,0.0000067,0xb665a81ad264b166e887fcdfa6a8879f5f1bfb44,sell,0xf9c9da0c81fffd491458881410903561d1e40fd0,0x08b017a9f95278465e5d26cc014b8974f7e2347ae6177cb02aa424998e592d6e
119,800,0.00712,0x6eec0efe5ec44513ad8d9a85a66e26798250c595,2017-09-30T11:30:51.000Z,0.0000089,0xb665a81ad264b166e887fcdfa6a8879f5f1bfb44,sell,0xf9c9da0c81fffd491458881410903561d1e40fd0,0xf94c488679733fa4dc825557c547ea84e4534f56c4338e18881af52da5086880
120,2750,0.009625,0xb665a81ad264b166e887fcdfa6a8879f5f1bfb44,2017-09-30T11:28:14.000Z,0.0000035,0xc9087108b890f9aee9c5b878c6f062a2b0c730f3,buy,0xf9c9da0c81fffd491458881410903561d1e40fd0,0x0ce0ec3011d9e0f165a2d1ec2bc1c59135ac08b293e14255f3d3468746fc3c0b
121,300,0.00105,0x7aa6e2506316f6d613277d4f2f4e4e1dc55e528e,2017-09-30T10:58:57.000Z,0.0000035,0xc9087108b890f9aee9c5b878c6f062a2b0c730f3,buy,0xf9c9da0c81fffd491458881410903561d1e40fd0,0xf0bcab5cf3649fc1a9d7cb12d936afd43c6ae9bfe68e6ff3b4d533a8d32039a0
122,299.1,0.00251244,0x836ea38353f24e57f9bd93abc3c145af49d6a15e,2017-09-30T10:58:57.000Z,0.0000084,0x7aa6e2506316f6d613277d4f2f4e4e1dc55e528e,sell,0xf9c9da0c81fffd491458881410903561d1e40fd0,0xf0bcab5cf3649fc1a9d7cb12d936afd43c6ae9bfe68e6ff3b4d533a8d32039a0
123,747.75,0.0066624525,0x035392de57aa4fe343d86494103dbe1b068a56c6,2017-09-30T10:50:04.000Z,0.00000891,0x7aa6e2506316f6d613277d4f2f4e4e1dc55e528e,sell,0xf9c9da0c81fffd491458881410903561d1e40fd0,0x00f7e04e21d2be47e27db1b41cf1b70860404005553a5557aa60034b93834e70
124,750,0.004425,0x7aa6e2506316f6d613277d4f2f4e4e1dc55e528e,2017-09-30T10:50:04.000Z,0.0000059,0xc9087108b890f9aee9c5b878c6f062a2b0c730f3,buy,0xf9c9da0c81fffd491458881410903561d1e40fd0,0x00f7e04e21d2be47e27db1b41cf1b70860404005553a5557aa60034b93834e70
125,750,0.00843,0x035392de57aa4fe343d86494103dbe1b068a56c6,2017-09-30T07:04:46.000Z,0.00001124,0xa0be78d2bac6a692adba423c7af50ec86a18bddf,sell,0xf9c9da0c81fffd491458881410903561d1e40fd0,0x7d068006102137d0f86b44b6b29796cda01f2bef40e8b07896e7847545511ae4
126,126.3999465451412,0.001264125865397957,0x971f30c325d9924ad472adf0bf98702502baad93,2017-09-30T05:38:15.000Z,0.00001000099999999999,0x5d2e15ff0163fa304867476f34c1b4650d2f280a,sell,0xf9c9da0c81fffd491458881410903561d1e40fd0,0x64d1fff217e07c794853495b3dfd9e54a45ea16ebef2e5a37427b6673ee2ed32
127,126.79178637943114,0.001001655112397506,0x5d2e15ff0163fa304867476f34c1b4650d2f280a,2017-09-30T03:57:35.000Z,0.0000079,0xc9087108b890f9aee9c5b878c6f062a2b0c730f3,buy,0xf9c9da0c81fffd491458881410903561d1e40fd0,0x0f1e3f7c8252a7ed98549c38a477087afe90f3a86d915e52fb8ef763fe17809a
128,3607.595,0.0285000005,0x5af6195a7d7f5b4861dafd080cb06f8a0390740d,2017-09-30T01:20:52.000Z,0.0000079,0xc9087108b890f9aee9c5b878c6f062a2b0c730f3,buy,0xf9c9da0c81fffd491458881410903561d1e40fd0,0x4a088f04f577dadd55c58fc5ccf844f63b32634a8441440aa2b9d290f4e12db2
129,1111,0.1111,0xa0be78d2bac6a692adba423c7af50ec86a18bddf,2017-09-29T23:15:22.000Z,0.0001,0x387687c0546da077576d2f308bbe805c8d378b5c,sell,0xf9c9da0c81fffd491458881410903561d1e40fd0,0xe3aa7e2bc32ed7037459302a6c059bb54181edf849afb27c583d8dcd3fa3ae76
130,1114.333,0.011143330000000002,0x387687c0546da077576d2f308bbe805c8d378b5c,2017-09-29T23:15:22.000Z,0.00001,0xa0be78d2bac6a692adba423c7af50ec86a18bddf,buy,0xf9c9da0c81fffd491458881410903561d1e40fd0,0xe3aa7e2bc32ed7037459302a6c059bb54181edf849afb27c583d8dcd3fa3ae76
131,18000,0.162,0xd98a3954353055ab642c9159c7f3b25dac2dc29b,2017-09-29T22:39:04.000Z,0.000009,0x5c868bfa7dda94e95a06780b163579eb712bf37c,sell,0xf9c9da0c81fffd491458881410903561d1e40fd0,0xd8435d4b6acb8cf326f9c867e64b55e7854877fa1016ca7a4f5329bce00859e8
132,10,0.0001,0x65f2dddf638c7a7118b22d610c9aeba141f2467f,2017-09-29T21:25:45.000Z,0.00001,0xa0be78d2bac6a692adba423c7af50ec86a18bddf,buy,0xf9c9da0c81fffd491458881410903561d1e40fd0,0x3e30955a1a54498c1aab2cafb67fbf3161a3d86ba0ef484f115985efa0152283
133,9.969095803010667,0.014953643704516,0xa0be78d2bac6a692adba423c7af50ec86a18bddf,2017-09-29T21:25:45.000Z,0.0015,0x65f2dddf638c7a7118b22d610c9aeba141f2467f,sell,0xf9c9da0c81fffd491458881410903561d1e40fd0,0x3e30955a1a54498c1aab2cafb67fbf3161a3d86ba0ef484f115985efa0152283
134,99.69095803010667,0.014953643704516,0xa0be78d2bac6a692adba423c7af50ec86a18bddf,2017-09-29T20:21:21.000Z,0.00015,0x65f2dddf638c7a7118b22d610c9aeba141f2467f,sell,0xf9c9da0c81fffd491458881410903561d1e40fd0,0xf6e002cbde0e7963d54a89e0b73ec432165e600a958ad3574df482ffbf00bd6e
135,100,0.001,0x65f2dddf638c7a7118b22d610c9aeba141f2467f,2017-09-29T20:21:21.000Z,0.00001,0xa0be78d2bac6a692adba423c7af50ec86a18bddf,buy,0xf9c9da0c81fffd491458881410903561d1e40fd0,0xf6e002cbde0e7963d54a89e0b73ec432165e600a958ad3574df482ffbf00bd6e
136,100,0.00135,0xc9087108b890f9aee9c5b878c6f062a2b0c730f3,2017-09-29T20:04:25.000Z,0.0000135,0x9367c27fb007430a71e424fdd6cc3fe2af1d16b0,sell,0xf9c9da0c81fffd491458881410903561d1e40fd0,0xe6d9ca8672089cc01377df53960e01d35c4a89670afc7412a7188009a0588848
137,100000,0.8,0xa0be78d2bac6a692adba423c7af50ec86a18bddf,2017-09-29T19:48:08.000Z,0.000008,0x836ea38353f24e57f9bd93abc3c145af49d6a15e,buy,0xf9c9da0c81fffd491458881410903561d1e40fd0,0x16c034ac245d4b24201aa44cd7dd2a02d29aee399b53b12c883569becda55b36
138,1000,0.0128,0x6eec0efe5ec44513ad8d9a85a66e26798250c595,2017-09-29T17:53:44.000Z,0.0000128,0x5af6195a7d7f5b4861dafd080cb06f8a0390740d,buy,0xf9c9da0c81fffd491458881410903561d1e40fd0,0x1284b7236df52419925e06fda04c868135713ed4097ffca8386da5193e226b1e
139,300,0.00381,0xc9087108b890f9aee9c5b878c6f062a2b0c730f3,2017-09-28T17:10:40.000Z,0.0000127,0x5af6195a7d7f5b4861dafd080cb06f8a0390740d,buy,0xf9c9da0c81fffd491458881410903561d1e40fd0,0xcabd1ce268ab16f9a55a2f58cc44fed82e0fabba53e5e9536f7e2acc2b4769df
140,1,0.0000149,0x0249924245a19aa2d7f5ddb0739a7132b7d094ab,2017-09-28T15:48:14.000Z,0.0000149,0xc9087108b890f9aee9c5b878c6f062a2b0c730f3,buy,0xf9c9da0c81fffd491458881410903561d1e40fd0,0x458b44522849596f070c0916cb9443bfc6e82cdcb16441bcb4a70e34f9943101
141,700,0.01239,0x6eec0efe5ec44513ad8d9a85a66e26798250c595,2017-09-28T12:11:18.000Z,0.0000177,0x6eec0efe5ec44513ad8d9a85a66e26798250c595,buy,0xf9c9da0c81fffd491458881410903561d1e40fd0,0x77c2c03c85031856320e52f2cd105af94a5a8eae24c3297d41e8a2e226fb8c32
142,40000,0.4008,0x5c868bfa7dda94e95a06780b163579eb712bf37c,2017-09-28T11:20:59.000Z,0.00001002,0xc9087108b890f9aee9c5b878c6f062a2b0c730f3,sell,0xf9c9da0c81fffd491458881410903561d1e40fd0,0x0f64b68655ee11e31f027c3d390ecb60e9fcef7113b80d76dc5c7624f6dc3f6d
143,15000,0.1515,0xd98a3954353055ab642c9159c7f3b25dac2dc29b,2017-09-28T10:49:12.000Z,0.0000101,0xc9087108b890f9aee9c5b878c6f062a2b0c730f3,sell,0xf9c9da0c81fffd491458881410903561d1e40fd0,0x7921f83ebe14edafbdd3df80f958b16afb303b6dfb55dbb1982308cb7563da3c
144,1,0.000020555,0xa0be78d2bac6a692adba423c7af50ec86a18bddf,2017-09-28T04:48:07.000Z,0.000020555,0x254fb89e4cab71708eaab16e067ca8156a38e18a,buy,0xf9c9da0c81fffd491458881410903561d1e40fd0,0xa337e12397900c893586135c4928f7c6fcd2636b4508bc00c06a556ca39e70f3
145,400,0.008172,0x6eec0efe5ec44513ad8d9a85a66e26798250c595,2017-09-28T03:52:53.000Z,0.00002043,0x6eec0efe5ec44513ad8d9a85a66e26798250c595,buy,0xf9c9da0c81fffd491458881410903561d1e40fd0,0x834146c65d4826f632632d70cc702beefb3d500b5af5ec7fcee0b5a2a20bff5c
146,180000,3.672,0x836ea38353f24e57f9bd93abc3c145af49d6a15e,2017-09-28T03:26:21.000Z,0.0000204,0x836ea38353f24e57f9bd93abc3c145af49d6a15e,buy,0xf9c9da0c81fffd491458881410903561d1e40fd0,0x01b327eb505775e002e0c01caabc8a3e7f6b92403e9eb945d412a231d6ddef05
147,180000,3.672,0x836ea38353f24e57f9bd93abc3c145af49d6a15e,2017-09-28T03:15:54.000Z,0.0000204,0x836ea38353f24e57f9bd93abc3c145af49d6a15e,buy,0xf9c9da0c81fffd491458881410903561d1e40fd0,0x904db86b860778546b2ac39bf04459112d67ddac8a364b1632100f838ada3740
148,180000,3.672,0x836ea38353f24e57f9bd93abc3c145af49d6a15e,2017-09-28T03:06:47.000Z,0.0000204,0x836ea38353f24e57f9bd93abc3c145af49d6a15e,buy,0xf9c9da0c81fffd491458881410903561d1e40fd0,0xbe89b605ddede0cf02e7433d1853751d7c6c7fc23bbd6ca51312a7a22917f6e3
149,180000,3.672,0x836ea38353f24e57f9bd93abc3c145af49d6a15e,2017-09-28T02:59:05.000Z,0.0000204,0x836ea38353f24e57f9bd93abc3c145af49d6a15e,buy,0xf9c9da0c81fffd491458881410903561d1e40fd0,0xe58a6002bc37fb52ee54a8e2e8119dcbefbe137d707d1bd0d1d3e8a73ec13959
150,180000,3.672,0x836ea38353f24e57f9bd93abc3c145af49d6a15e,2017-09-28T02:48:50.000Z,0.0000204,0x836ea38353f24e57f9bd93abc3c145af49d6a15e,buy,0xf9c9da0c81fffd491458881410903561d1e40fd0,0x788ff49e68efe01bc5cc8c2726110c15e6ee289407e780a9ca0e8b8e2ae6820f
151,190000,3.914,0x836ea38353f24e57f9bd93abc3c145af49d6a15e,2017-09-28T02:20:12.000Z,0.0000206,0x836ea38353f24e57f9bd93abc3c145af49d6a15e,buy,0xf9c9da0c81fffd491458881410903561d1e40fd0,0xf859417bf3f4e5d5cc0e055d3329788fc0cec93b75eddd1d3b28f1c904db1b73
152,190000,3.914,0x836ea38353f24e57f9bd93abc3c145af49d6a15e,2017-09-28T02:03:02.000Z,0.0000206,0x836ea38353f24e57f9bd93abc3c145af49d6a15e,buy,0xf9c9da0c81fffd491458881410903561d1e40fd0,0x5dc675f9cdb7b777f149d38672ac4f83af4811af96c0d3293275e80f8a21d99b
153,190000,3.914,0x836ea38353f24e57f9bd93abc3c145af49d6a15e,2017-09-28T01:50:42.000Z,0.0000206,0x836ea38353f24e57f9bd93abc3c145af49d6a15e,buy,0xf9c9da0c81fffd491458881410903561d1e40fd0,0xa88f1fbd587e83fdfee9b8751558b85ea643e8d3fcef84a72d98d29bcb325470
154,190000,3.952,0x836ea38353f24e57f9bd93abc3c145af49d6a15e,2017-09-27T23:25:01.000Z,0.0000208,0x836ea38353f24e57f9bd93abc3c145af49d6a15e,buy,0xf9c9da0c81fffd491458881410903561d1e40fd0,0xd2bc317eca3a8560da8a97bc4c3ed284b4dd24d0fd22d7e1e7d4c194524e0808
155,300,0.0042,0x6eec0efe5ec44513ad8d9a85a66e26798250c595,2017-09-27T20:40:36.000Z,0.000014,0x9367c27fb007430a71e424fdd6cc3fe2af1d16b0,sell,0xf9c9da0c81fffd491458881410903561d1e40fd0,0xef887b60540cac0aff1a6f5b3a7594a79fceed0640bd4d9a38586883f1db7128
156,20,0.000436,0x836ea38353f24e57f9bd93abc3c145af49d6a15e,2017-09-27T16:15:08.000Z,0.0000218,0x836ea38353f24e57f9bd93abc3c145af49d6a15e,buy,0xf9c9da0c81fffd491458881410903561d1e40fd0,0x45fcfe451e7e75d6add2480595f63402172e6420412476f5b08f291434e430e1
157,187000,4.0766,0x836ea38353f24e57f9bd93abc3c145af49d6a15e,2017-09-27T14:00:36.000Z,0.0000218,0x836ea38353f24e57f9bd93abc3c145af49d6a15e,buy,0xf9c9da0c81fffd491458881410903561d1e40fd0,0xb1a30f83703634693a797a812615cee861de8806b65643896ab467fada56988c
158,250,0.0056125,0x0024a5046fd95c5eee6db19a69ef7ed3bacd50f1,2017-09-27T08:18:25.000Z,0.00002245,0xc9087108b890f9aee9c5b878c6f062a2b0c730f3,buy,0xf9c9da0c81fffd491458881410903561d1e40fd0,0x008bea4d5e30d5fcfc19e1262261f52e07a65996cd3fb424db6d970fe8a7b02b
159,20000,0.2,0xd98a3954353055ab642c9159c7f3b25dac2dc29b,2017-09-27T01:58:29.000Z,0.00001,0x836ea38353f24e57f9bd93abc3c145af49d6a15e,sell,0xf9c9da0c81fffd491458881410903561d1e40fd0,0x83501b2fb6feee67c8aea0822c434aaf3d8ff5c73be1ea5c18d16428b063646f
160,100,0.00238,0x6eec0efe5ec44513ad8d9a85a66e26798250c595,2017-09-26T20:36:12.000Z,0.0000238,0x5c868bfa7dda94e95a06780b163579eb712bf37c,sell,0xf9c9da0c81fffd491458881410903561d1e40fd0,0x0a77d897cd918d20672c72d3a61e63d343c43691c81de304aee701dbad8037d2
161,3000,0.0678,0x6eec0efe5ec44513ad8d9a85a66e26798250c595,2017-09-26T13:46:22.000Z,0.0000226,0x6eec0efe5ec44513ad8d9a85a66e26798250c595,buy,0xf9c9da0c81fffd491458881410903561d1e40fd0,0x522ec996b38bd013dfd97142af0fb5f91b491c2e53a1b74068510ec593ede450
162,80,0.001984,0x6eec0efe5ec44513ad8d9a85a66e26798250c595,2017-09-26T13:33:46.000Z,0.0000248,0x9367c27fb007430a71e424fdd6cc3fe2af1d16b0,sell,0xf9c9da0c81fffd491458881410903561d1e40fd0,0xd7b20abbf0cc60e020510a2242f55246cd0621f242107db61255b180d7d696d4
163,160000,3.632,0x836ea38353f24e57f9bd93abc3c145af49d6a15e,2017-09-26T12:51:00.000Z,0.0000227,0x836ea38353f24e57f9bd93abc3c145af49d6a15e,buy,0xf9c9da0c81fffd491458881410903561d1e40fd0,0x2b12b3f9bc8e4eac8b56ab4e2233abf1f29307ed8328aabf422c658ea9e854eb
164,10000,0.22999,0xd98a3954353055ab642c9159c7f3b25dac2dc29b,2017-09-26T06:16:38.000Z,0.000022999,0xc9087108b890f9aee9c5b878c6f062a2b0c730f3,buy,0xf9c9da0c81fffd491458881410903561d1e40fd0,0x49203d4c40595399563e1737b394526af242adff66f9230ac122819f05af557b
165,7311.523,0.1667027244,0x836ea38353f24e57f9bd93abc3c145af49d6a15e,2017-09-25T21:16:14.000Z,0.0000228,0x836ea38353f24e57f9bd93abc3c145af49d6a15e,buy,0xf9c9da0c81fffd491458881410903561d1e40fd0,0x2857cc3df30af3296141cb808def8bb2e679b1d255affeb1f50930ca28a5234c
166,172688.47698270404,3.937297275205652,0x836ea38353f24e57f9bd93abc3c145af49d6a15e,2017-09-25T21:08:44.000Z,0.0000228,0x836ea38353f24e57f9bd93abc3c145af49d6a15e,buy,0xf9c9da0c81fffd491458881410903561d1e40fd0,0x1f5939e935014e6d1487d61b4d8bbe30252345a2faeb5a1a88f1b92c2a60620b
167,10.716069174369734,0.0005,0x350f6f675b20d606bb7f6c412ef4775c9bc57168,2017-09-25T19:55:55.000Z,0.0000466589,0xbcce870909b3dbbe28f744f69b080dbdeeb7748a,buy,0xf9c9da0c81fffd491458881410903561d1e40fd0,0xe7e0b5bb981358ad91b7ffc4192947c95d8477240ced6894873b40263f926ac3
168,13500,0.05265,0xc9087108b890f9aee9c5b878c6f062a2b0c730f3,2017-09-25T10:33:23.000Z,0.0000039,0x836ea38353f24e57f9bd93abc3c145af49d6a15e,buy,0xf9c9da0c81fffd491458881410903561d1e40fd0,0xa9537491b1b3a53065df3ff23576e28294b58f32e42581521a2d345246554cd5
169,7000,0.021,0xc9087108b890f9aee9c5b878c6f062a2b0c730f3,2017-09-25T10:24:04.000Z,0.000003,0x836ea38353f24e57f9bd93abc3c145af49d6a15e,buy,0xf9c9da0c81fffd491458881410903561d1e40fd0,0x8b166dac189c7780e334e6f6f67a46c6f8240632ca2e1ea5b5d3a79c967133c1
170,78690,0.2352831,0xc9087108b890f9aee9c5b878c6f062a2b0c730f3,2017-09-25T10:17:06.000Z,0.00000299,0xd98a3954353055ab642c9159c7f3b25dac2dc29b,buy,0xf9c9da0c81fffd491458881410903561d1e40fd0,0xe5ed0203b2bf113a110762c836e764b64588c404134e115fcee81ba6600a5e4e
171,2100,0.0069531,0x5af6195a7d7f5b4861dafd080cb06f8a0390740d,2017-09-25T08:02:35.000Z,0.000003311,0xd98a3954353055ab642c9159c7f3b25dac2dc29b,sell,0xf9c9da0c81fffd491458881410903561d1e40fd0,0x28be473d3ff6ae120c512083bd4fdfdea94fbff8aa1e8cb8d6010a7fb7db590e
172,1000,0.003111,0x5af6195a7d7f5b4861dafd080cb06f8a0390740d,2017-09-25T08:02:35.000Z,0.000003111,0xd98a3954353055ab642c9159c7f3b25dac2dc29b,sell,0xf9c9da0c81fffd491458881410903561d1e40fd0,0x7feb3435d7e984a56c2dad5d06f46644c996da4f92d705a77417e570acb8b757
173,81800,0.08998,0xd98a3954353055ab642c9159c7f3b25dac2dc29b,2017-09-25T07:56:32.000Z,0.0000011,0x836ea38353f24e57f9bd93abc3c145af49d6a15e,buy,0xf9c9da0c81fffd491458881410903561d1e40fd0,0x7415f4e866c0f6c1316867a161256bb2d6e7eb79e339da424cc9d770a0e3c671
174,81800,0.08998,0xd98a3954353055ab642c9159c7f3b25dac2dc29b,2017-09-25T07:55:46.000Z,0.0000011,0x836ea38353f24e57f9bd93abc3c145af49d6a15e,buy,0xf9c9da0c81fffd491458881410903561d1e40fd0,0x7415f4e866c0f6c1316867a161256bb2d6e7eb79e339da424cc9d770a0e3c671
175,800,0.0027288,0x6eec0efe5ec44513ad8d9a85a66e26798250c595,2017-09-25T07:36:39.000Z,0.000003411,0xdbbae39c54992479faac890e81eb4d8579b951d6,sell,0xf9c9da0c81fffd491458881410903561d1e40fd0,0xe1aaec7c8dbbddfec46478953f3621ed8c48e20265cb223d4ae05ce5fd63d751
176,1100,0.00121,0xdbbae39c54992479faac890e81eb4d8579b951d6,2017-09-25T07:33:06.000Z,0.0000011,0x836ea38353f24e57f9bd93abc3c145af49d6a15e,buy,0xf9c9da0c81fffd491458881410903561d1e40fd0,0x682cd7c2343dd9bb02793bcf925d559cb54b5707129c4ef88d3b124e9fd4bb27
177,100,0.00011,0x7aa6e2506316f6d613277d4f2f4e4e1dc55e528e,2017-09-25T07:32:48.000Z,0.0000011,0x836ea38353f24e57f9bd93abc3c145af49d6a15e,buy,0xf9c9da0c81fffd491458881410903561d1e40fd0,0x5c91aa3131ed7cf1ef392919469b22b3bb2696ecc4bb11eb7a4bdb10911edeeb
178,99.7,0.0032901,0x5af6195a7d7f5b4861dafd080cb06f8a0390740d,2017-09-25T07:32:48.000Z,0.000033,0x7aa6e2506316f6d613277d4f2f4e4e1dc55e528e,sell,0xf9c9da0c81fffd491458881410903561d1e40fd0,0x5c91aa3131ed7cf1ef392919469b22b3bb2696ecc4bb11eb7a4bdb10911edeeb
179,41000,1.912814,0x836ea38353f24e57f9bd93abc3c145af49d6a15e,2017-09-25T05:59:08.000Z,0.000046654,0x836ea38353f24e57f9bd93abc3c145af49d6a15e,buy,0xf9c9da0c81fffd491458881410903561d1e40fd0,0x1fd2cd68a360717cdbb5c3c3091d0446ea9449aaee543c722740a35d91e034de
180,400,0.0004,0x65f2dddf638c7a7118b22d610c9aeba141f2467f,2017-09-25T05:58:05.000Z,0.000001,0x836ea38353f24e57f9bd93abc3c145af49d6a15e,buy,0xf9c9da0c81fffd491458881410903561d1e40fd0,0x3de264adcf037e2474c43bd3ee464fc4f12115a8f3cf9fe7f8b538b711fbb123
181,398.7638321204267,0.01555178945269664,0x6eec0efe5ec44513ad8d9a85a66e26798250c595,2017-09-25T05:58:05.000Z,0.00003899999999999999,0x65f2dddf638c7a7118b22d610c9aeba141f2467f,sell,0xf9c9da0c81fffd491458881410903561d1e40fd0,0x3de264adcf037e2474c43bd3ee464fc4f12115a8f3cf9fe7f8b538b711fbb123
182,800,0.0008,0x65f2dddf638c7a7118b22d610c9aeba141f2467f,2017-09-25T05:56:09.000Z,0.000001,0x836ea38353f24e57f9bd93abc3c145af49d6a15e,buy,0xf9c9da0c81fffd491458881410903561d1e40fd0,0x356afe66f2d1615dfcfc2a554d2a22e8c1914a36239607a5d8888ebc1c2f438d
183,797.5276642408534,0.025520885255707306,0x6eec0efe5ec44513ad8d9a85a66e26798250c595,2017-09-25T05:56:09.000Z,0.00003199999999999999,0x65f2dddf638c7a7118b22d610c9aeba141f2467f,sell,0xf9c9da0c81fffd491458881410903561d1e40fd0,0x356afe66f2d1615dfcfc2a554d2a22e8c1914a36239607a5d8888ebc1c2f438d
184,3987.638321204267,0.030704815073272853,0x6eec0efe5ec44513ad8d9a85a66e26798250c595,2017-09-25T05:54:33.000Z,0.00000769999999999999,0x65f2dddf638c7a7118b22d610c9aeba141f2467f,sell,0xf9c9da0c81fffd491458881410903561d1e40fd0,0xd3b04bd4c7ee2fc609560e628cd5a2de56c3f391f2818266a371c22b3c70a721
185,4000,0.004,0x65f2dddf638c7a7118b22d610c9aeba141f2467f,2017-09-25T05:54:33.000Z,0.000001,0x836ea38353f24e57f9bd93abc3c145af49d6a15e,buy,0xf9c9da0c81fffd491458881410903561d1e40fd0,0xd3b04bd4c7ee2fc609560e628cd5a2de56c3f391f2818266a371c22b3c70a721
186,7100,0.0071,0x65f2dddf638c7a7118b22d610c9aeba141f2467f,2017-09-25T05:53:00.000Z,0.000001,0x836ea38353f24e57f9bd93abc3c145af49d6a15e,buy,0xf9c9da0c81fffd491458881410903561d1e40fd0,0xf79e09885a13ae832cf73427f220413df9a2ca0cbb2f358d9b7ff95edda18f68
187,7078.058020137573,0.04742298873492174,0x836ea38353f24e57f9bd93abc3c145af49d6a15e,2017-09-25T05:53:00.000Z,0.00000669999999999999,0x65f2dddf638c7a7118b22d610c9aeba141f2467f,sell,0xf9c9da0c81fffd491458881410903561d1e40fd0,0xf79e09885a13ae832cf73427f220413df9a2ca0cbb2f358d9b7ff95edda18f68
188,1000,0.0039,0x65f2dddf638c7a7118b22d610c9aeba141f2467f,2017-09-25T05:48:45.000Z,0.0000039,0x836ea38353f24e57f9bd93abc3c145af49d6a15e,buy,0xf9c9da0c81fffd491458881410903561d1e40fd0,0xf28c910cc9da1488ffc698d1661d44dfa750fe03e0260701fc154d7ce7f14782
189,996.9095803010667,0.034891835310537335,0xb2da4ad473b799131d9a3a69a0191ea8ce4ef86f,2017-09-25T05:48:45.000Z,0.00003499999999999999,0x65f2dddf638c7a7118b22d610c9aeba141f2467f,sell,0xf9c9da0c81fffd491458881410903561d1e40fd0,0xf28c910cc9da1488ffc698d1661d44dfa750fe03e0260701fc154d7ce7f14782
190,81903.63557834878,3.8211322142722843,0x836ea38353f24e57f9bd93abc3c145af49d6a15e,2017-09-25T05:19:47.000Z,0.000046654,0x836ea38353f24e57f9bd93abc3c145af49d6a15e,buy,0xf9c9da0c81fffd491458881410903561d1e40fd0,0xb54c368321dc72044ae1dc834904819cd3a89c222093d5342e57df60815b4099
191,600.086,0.02800001276,0xc1f63071b1c121877f6bdbab32a7c1a534e2ab07,2017-09-24T19:52:22.000Z,0.00004666,0x254fb89e4cab71708eaab16e067ca8156a38e18a,buy,0xf9c9da0c81fffd491458881410903561d1e40fd0,0x2428170119b0a963537d3052e8e8c34e93a2ab94452bfa9f79b93d6d81a577e0
192,0.3,0.00001407,0x0c3d0fc12a1ab89e3b00180bf9988762a44d69d4,2017-09-24T08:07:42.000Z,0.0000469,0xc9087108b890f9aee9c5b878c6f062a2b0c730f3,buy,0xf9c9da0c81fffd491458881410903561d1e40fd0,0x102ba97ddb5578efb6c6376e2dd6640f9dcf848dc49f629cfdb05cb51bb055b9
193,12,0.0005628,0x9b113df7b32e93193e6e2d8ec491bcc30da0c04c,2017-09-24T08:07:42.000Z,0.0000469,0xc9087108b890f9aee9c5b878c6f062a2b0c730f3,buy,0xf9c9da0c81fffd491458881410903561d1e40fd0,0xefab835c2c03eabc55105c6ca9cc437c1d70447be10adf496f62420169e24ccd
194,1,0.0000469,0x0c3d0fc12a1ab89e3b00180bf9988762a44d69d4,2017-09-24T07:58:07.000Z,0.0000469,0xc9087108b890f9aee9c5b878c6f062a2b0c730f3,buy,0xf9c9da0c81fffd491458881410903561d1e40fd0,0xc6383aefdd77ba35aeecbbb6034f5fc8886146e179ce83ec0c32cee470d168b6
195,0.1,0.00000469,0x18bc639218a3abdf0772a49c3c4ea2ee9148ddc4,2017-09-24T04:28:17.000Z,0.0000469,0xc9087108b890f9aee9c5b878c6f062a2b0c730f3,buy,0xf9c9da0c81fffd491458881410903561d1e40fd0,0xfddea48ecdeddb0b21c9d4db609ee9e195ef5053c9bd1eac55c4cc29c6a6f9e1
196,1,0.0000469,0x18bc639218a3abdf0772a49c3c4ea2ee9148ddc4,2017-09-24T04:25:01.000Z,0.0000469,0xc9087108b890f9aee9c5b878c6f062a2b0c730f3,buy,0xf9c9da0c81fffd491458881410903561d1e40fd0,0x007aaeda16aca3f0bfc5c3e9e17d10703fc9c84966bcac7f60b57d57f5725465
197,1,0.0000469,0x0de40728663b8e2a9b116a95c1a1ab0166979461,2017-09-24T03:16:49.000Z,0.0000469,0xc9087108b890f9aee9c5b878c6f062a2b0c730f3,buy,0xf9c9da0c81fffd491458881410903561d1e40fd0,0x8dc1831a34fb9bf474647d121648ca414adf8a8698afd960749806a4f67a01de
198,21.322,0.0010000018,0xd6f29f2fb0a1dc783aeab42ce7ce9276f8e14a54,2017-09-24T02:56:15.000Z,0.0000469,0xc9087108b890f9aee9c5b878c6f062a2b0c730f3,buy,0xf9c9da0c81fffd491458881410903561d1e40fd0,0xb0451fef1389e0d84e7e9e82939660e1617a109502c5a1576abca57ef459eaab
199,700,0.03269,0x5af6195a7d7f5b4861dafd080cb06f8a0390740d,2017-09-23T23:55:19.000Z,0.0000467,0x5af6195a7d7f5b4861dafd080cb06f8a0390740d,buy,0xf9c9da0c81fffd491458881410903561d1e40fd0,0x3d40619701ba1cdfd5c27000e70a2166e245ba36e414a4b82d8b84c70bba3c28
200,100,0.004848,0x5af6195a7d7f5b4861dafd080cb06f8a0390740d,2017-09-23T23:29:06.000Z,0.00004848,0x5af6195a7d7f5b4861dafd080cb06f8a0390740d,buy,0xf9c9da0c81fffd491458881410903561d1e40fd0,0x126c4967dfb172e9ab4de4b5e8bbdacd58b4595861b015418efb14df5f9042d4
201,300,0.014529,0x5af6195a7d7f5b4861dafd080cb06f8a0390740d,2017-09-23T23:03:57.000Z,0.00004843,0x5af6195a7d7f5b4861dafd080cb06f8a0390740d,buy,0xf9c9da0c81fffd491458881410903561d1e40fd0,0xc65b0906c04ec173b7222185da6d2a3a6c2a886ca077e0e15c5e864af4969c5e
202,66251.1435650197,3.199930234190451,0x836ea38353f24e57f9bd93abc3c145af49d6a15e,2017-09-23T22:34:50.000Z,0.0000483,0x836ea38353f24e57f9bd93abc3c145af49d6a15e,buy,0xf9c9da0c81fffd491458881410903561d1e40fd0,0x6c37795f06141777ae9c4cf8b92111a30ceba38a012f16bc18a3f561bff15f0c
203,79548.5154349803,3.842193295509549,0x836ea38353f24e57f9bd93abc3c145af49d6a15e,2017-09-23T22:31:18.000Z,0.0000483,0x836ea38353f24e57f9bd93abc3c145af49d6a15e,buy,0xf9c9da0c81fffd491458881410903561d1e40fd0,0x0bf0337b4ce6a8b95c95cb82f7013c79e7743109ed8a8bd06f01a54363dd01de
204,65815.096,3.1788691368,0x836ea38353f24e57f9bd93abc3c145af49d6a15e,2017-09-23T22:08:15.000Z,0.0000483,0x836ea38353f24e57f9bd93abc3c145af49d6a15e,buy,0xf9c9da0c81fffd491458881410903561d1e40fd0,0xf9a3aba592a23eeca494c10b99e5161e3f37dae0157e0700affc647249d86672
205,79984.56266456228,3.8632543766983587,0x836ea38353f24e57f9bd93abc3c145af49d6a15e,2017-09-23T22:04:38.000Z,0.0000483,0x836ea38353f24e57f9bd93abc3c145af49d6a15e,buy,0xf9c9da0c81fffd491458881410903561d1e40fd0,0x34ba4313cfe5fd43e1f818437dc5631311fde93eae88a687f0242a8b34c774db
206,62255.18698135316,2.9944744938030867,0x836ea38353f24e57f9bd93abc3c145af49d6a15e,2017-09-23T21:59:11.000Z,0.0000481,0x836ea38353f24e57f9bd93abc3c145af49d6a15e,buy,0xf9c9da0c81fffd491458881410903561d1e40fd0,0x49883bcf8fc5723498a041efd3e4f98837bea236ef3ab0b807493c0c8db00a48
207,80744.81301864685,3.883825506196913,0x836ea38353f24e57f9bd93abc3c145af49d6a15e,2017-09-23T21:52:12.000Z,0.0000481,0x836ea38353f24e57f9bd93abc3c145af49d6a15e,buy,0xf9c9da0c81fffd491458881410903561d1e40fd0,0xefe914a120add66bb60b5e58b493755f76003ad466e5dd9c385182c58b0bcf3b
208,65000,3.146,0x836ea38353f24e57f9bd93abc3c145af49d6a15e,2017-09-23T21:33:19.000Z,0.0000484,0x836ea38353f24e57f9bd93abc3c145af49d6a15e,buy,0xf9c9da0c81fffd491458881410903561d1e40fd0,0x1959a2a0ea3fcc3166285d85fa01417f72be95711faca38c54c9c4aa484c4f81
209,78000,3.7752,0x836ea38353f24e57f9bd93abc3c145af49d6a15e,2017-09-23T21:24:12.000Z,0.0000484,0x836ea38353f24e57f9bd93abc3c145af49d6a15e,buy,0xf9c9da0c81fffd491458881410903561d1e40fd0,0xc549a3e933947ff06dcf757feeac8a8d619aaff991e15e4a4abe3c6263272ae0
210,40000,1.936,0x836ea38353f24e57f9bd93abc3c145af49d6a15e,2017-09-23T21:11:42.000Z,0.0000484,0x836ea38353f24e57f9bd93abc3c145af49d6a15e,buy,0xf9c9da0c81fffd491458881410903561d1e40fd0,0x95bb8cf85a5a776ab1d0a29639dfce8e5e6b6a33b0a4a5a965f7e43227d3d504
211,1028.84,0.049795856,0x836ea38353f24e57f9bd93abc3c145af49d6a15e,2017-09-23T21:05:04.000Z,0.0000484,0x836ea38353f24e57f9bd93abc3c145af49d6a15e,buy,0xf9c9da0c81fffd491458881410903561d1e40fd0,0xdbfb8c598f34a895dbaebb900c2a45b70f3619a8074cddca20f5c97eae9ed648
212,78971.159760762,3.8222041324208815,0x836ea38353f24e57f9bd93abc3c145af49d6a15e,2017-09-23T21:00:44.000Z,0.0000484,0x836ea38353f24e57f9bd93abc3c145af49d6a15e,buy,0xf9c9da0c81fffd491458881410903561d1e40fd0,0x555607a9cc7df4e674bf164a84ab25e2c9c7e00550c8f3d0b2a185f07a3899f6
213,60000,2.904,0x836ea38353f24e57f9bd93abc3c145af49d6a15e,2017-09-23T20:50:17.000Z,0.0000484,0x836ea38353f24e57f9bd93abc3c145af49d6a15e,buy,0xf9c9da0c81fffd491458881410903561d1e40fd0,0xa53617ec7b6d560fc2fd714dd4906f1da67c134cce5067d28f12afee8bc362ef
214,610.138,0.0295306792,0x836ea38353f24e57f9bd93abc3c145af49d6a15e,2017-09-23T20:47:24.000Z,0.0000484,0x836ea38353f24e57f9bd93abc3c145af49d6a15e,buy,0xf9c9da0c81fffd491458881410903561d1e40fd0,0x3ae993504f7b650bdc876bf3efb848fdb782598df7f840318c4a512a0ca263e0
215,79389.86178384199,3.842469310337952,0x836ea38353f24e57f9bd93abc3c145af49d6a15e,2017-09-23T20:41:19.000Z,0.0000484,0x836ea38353f24e57f9bd93abc3c145af49d6a15e,buy,0xf9c9da0c81fffd491458881410903561d1e40fd0,0xafea4bf8acfd35c164a0a69269715895099ccdb722e3331305a2390b8bb21d1d
216,20,0.000978,0x636d925f140f761f7a0e600db2177dd068ddada1,2017-09-23T11:06:07.000Z,0.0000489,0xc9087108b890f9aee9c5b878c6f062a2b0c730f3,buy,0xf9c9da0c81fffd491458881410903561d1e40fd0,0x0b8f0230a2633d332f0c076e74e8e6ddd04e676a45e85a0431949f7209268fd0
217,8700,0.44196,0x6eec0efe5ec44513ad8d9a85a66e26798250c595,2017-09-22T16:06:53.000Z,0.0000508,0x6eec0efe5ec44513ad8d9a85a66e26798250c595,buy,0xf9c9da0c81fffd491458881410903561d1e40fd0,0xec0c67531f5d5964b041c0c2ff521a77b8a889b659ddd94b6bce2d962ef15c6d
218,104,0.0053872,0x5af6195a7d7f5b4861dafd080cb06f8a0390740d,2017-09-22T15:58:56.000Z,0.0000518,0x1fdf047bf7a114b37e7936d01e9cad754ad18803,buy,0xf9c9da0c81fffd491458881410903561d1e40fd0,0x8cedbcaa631d134580bff1fcc665bb29164f6b32345f1a19d3bf1d6db497d5f2
219,11000,0.5698,0x6eec0efe5ec44513ad8d9a85a66e26798250c595,2017-09-22T11:12:01.000Z,0.0000518,0x6eec0efe5ec44513ad8d9a85a66e26798250c595,buy,0xf9c9da0c81fffd491458881410903561d1e40fd0,0x56d4e55f158c71ea64b2129b26f17397de0142e93c52152f8e4501d7e03c0182
220,300,0.01554,0x6eec0efe5ec44513ad8d9a85a66e26798250c595,2017-09-22T11:02:34.000Z,0.0000518,0x6eec0efe5ec44513ad8d9a85a66e26798250c595,buy,0xf9c9da0c81fffd491458881410903561d1e40fd0,0x9291fe2ac3cdbdb4ebb45c57b4c8816024aa5addf609503bb7b6b23a61cdb41d
221,18.215,0.0010000035,0x19b78488b79c6a45d4e060f05a2b35c4873f25c5,2017-09-21T22:01:50.000Z,0.0000549,0xc9087108b890f9aee9c5b878c6f062a2b0c730f3,buy,0xf9c9da0c81fffd491458881410903561d1e40fd0,0x4281853bd2df20f56b30f97e38c7248bd25add802e6a0e6bff23266d266d6c2a
222,100,0.0058,0x5af6195a7d7f5b4861dafd080cb06f8a0390740d,2017-09-21T18:52:21.000Z,0.000058,0x5af6195a7d7f5b4861dafd080cb06f8a0390740d,buy,0xf9c9da0c81fffd491458881410903561d1e40fd0,0x9b9201836f9603d7071d3394cdb7414b42dad3d3fcdcb5f69773aa5b7031a50d
223,7700,0.4919376,0x836ea38353f24e57f9bd93abc3c145af49d6a15e,2017-09-21T12:40:16.000Z,0.000063888,0x836ea38353f24e57f9bd93abc3c145af49d6a15e,buy,0xf9c9da0c81fffd491458881410903561d1e40fd0,0x8e9567bbe972cf59941b2dca016e30f4389a2254e2b6571678c804ee20866aed
224,8000,0.511104,0x836ea38353f24e57f9bd93abc3c145af49d6a15e,2017-09-21T12:34:06.000Z,0.000063888,0x836ea38353f24e57f9bd93abc3c145af49d6a15e,buy,0xf9c9da0c81fffd491458881410903561d1e40fd0,0xb0abc0a1d128cf5dbb403bba76fcd6f7580a649b8902f885c51e27554512dc02
225,15000,0.41655,0x254fb89e4cab71708eaab16e067ca8156a38e18a,2017-09-21T08:26:11.000Z,0.00002777,0x836ea38353f24e57f9bd93abc3c145af49d6a15e,sell,0xf9c9da0c81fffd491458881410903561d1e40fd0,0x9da22c9418d37c3bb559efb6d9a7425edd5a0898443034b0e05b42905b76411c
226,36000,0.999756,0xb902ba6e3272e66c74035d7e30f4fa9279bd56f9,2017-09-21T08:24:27.000Z,0.000027771,0x836ea38353f24e57f9bd93abc3c145af49d6a15e,sell,0xf9c9da0c81fffd491458881410903561d1e40fd0,0xa97dbd602006c98deab4d98f60d70d0b39e315d588892987166a48827d6dd976
227,4000,0.2592,0x836ea38353f24e57f9bd93abc3c145af49d6a15e,2017-09-21T03:37:09.000Z,0.0000648,0x836ea38353f24e57f9bd93abc3c145af49d6a15e,buy,0xf9c9da0c81fffd491458881410903561d1e40fd0,0x5de6f6a584e8c0112c893b8412c07141f25d412093c6d33ae7d0885d573713fd
228,4000,0.2592,0x836ea38353f24e57f9bd93abc3c145af49d6a15e,2017-09-21T03:23:06.000Z,0.0000648,0x836ea38353f24e57f9bd93abc3c145af49d6a15e,buy,0xf9c9da0c81fffd491458881410903561d1e40fd0,0x311c26911d98959209c5efac39efde6a770d33dabef860dc572e6ee48ea7c352
229,300,0.01944,0x836ea38353f24e57f9bd93abc3c145af49d6a15e,2017-09-21T03:19:29.000Z,0.0000648,0x836ea38353f24e57f9bd93abc3c145af49d6a15e,buy,0xf9c9da0c81fffd491458881410903561d1e40fd0,0xaed4845209e349904883e2df620d77ca1fa9e8854ccb3faba5019678c7a8c697
230,6700,0.43416,0x836ea38353f24e57f9bd93abc3c145af49d6a15e,2017-09-21T03:12:30.000Z,0.0000648,0x836ea38353f24e57f9bd93abc3c145af49d6a15e,buy,0xf9c9da0c81fffd491458881410903561d1e40fd0,0x6fe1a232ec2f74ec8d3f270b7b14c633cce6e614771cdb967f0012244576e50e
231,13.351,0.0009999899,0xe985ac05f01f7fa12e3322003e88bde06e6fe042,2017-09-20T21:55:14.000Z,0.0000749,0xc9087108b890f9aee9c5b878c6f062a2b0c730f3,buy,0xf9c9da0c81fffd491458881410903561d1e40fd0,0x2af845ab32786d8a8abbd1d6021bea3a5e99525ba3312d21e079a74abb30635d
232,0.2474633491127162,0.000006582525086398,0x971f30c325d9924ad472adf0bf98702502baad93,2017-09-20T16:13:28.000Z,0.00002659999999999898,0x956dc60c714883c17a7d0828d2178d51c5e377e1,sell,0xf9c9da0c81fffd491458881410903561d1e40fd0,0xbbfd00710c3aa4c5c6bf71017c22ba86c4dbcc26b0efd0b9531823ecefda917b
233,2482.304854949656,0.06578107865616588,0x1fdf047bf7a114b37e7936d01e9cad754ad18803,2017-09-20T16:11:58.000Z,0.00002649999999999999,0x956dc60c714883c17a7d0828d2178d51c5e377e1,sell,0xf9c9da0c81fffd491458881410903561d1e40fd0,0x27cefa396eab5c6b4d48af5cd2dbf37f574571a18352a3897412f90296c2649f
234,30,0.004035,0x6eec0efe5ec44513ad8d9a85a66e26798250c595,2017-09-20T11:10:23.000Z,0.0001345,0x971f30c325d9924ad472adf0bf98702502baad93,buy,0xf9c9da0c81fffd491458881410903561d1e40fd0,0xc1b583bca4f0ed1ee77a11404a065e743470778adee4218de7c2edef1317cca4
235,11300,1.9662,0x6eec0efe5ec44513ad8d9a85a66e26798250c595,2017-09-20T09:36:37.000Z,0.000174,0x6eec0efe5ec44513ad8d9a85a66e26798250c595,buy,0xf9c9da0c81fffd491458881410903561d1e40fd0,0xe2fdd35c8e4be79be3d6c829c2d0af12564c8fc09a474221bf03b3379f948ac2
236,1410.6370252218123,0.036676562655767124,0x3579f666148befab58d40e4c04df9a5594198d64,2017-09-20T09:24:58.000Z,0.00002599999999999999,0xc71492d7c13a0e3acc29f3d099cd13468f4515c1,sell,0xf9c9da0c81fffd491458881410903561d1e40fd0,0xf72bb6fe84d5bc17710f458733aa618be9834dbb80abb9c9129d1ffcd52476fb
237,30,0.0012,0x971f30c325d9924ad472adf0bf98702502baad93,2017-09-20T09:16:30.000Z,0.00004,0xc71492d7c13a0e3acc29f3d099cd13468f4515c1,sell,0xf9c9da0c81fffd491458881410903561d1e40fd0,0xbed1a230989e49553fef5570e18190d44bf4c53d7422074bed6c5ae63aa85c15
238,400,0.012,0x6eec0efe5ec44513ad8d9a85a66e26798250c595,2017-09-20T09:09:49.000Z,0.00003,0xc71492d7c13a0e3acc29f3d099cd13468f4515c1,sell,0xf9c9da0c81fffd491458881410903561d1e40fd0,0x04cd5bc03dba1033502cf1c6b792069a622c6d94a4be1fa1d5fb3bd6aed76065
239,700,0.0266,0x5af6195a7d7f5b4861dafd080cb06f8a0390740d,2017-09-20T09:06:21.000Z,0.000038,0xc71492d7c13a0e3acc29f3d099cd13468f4515c1,sell,0xf9c9da0c81fffd491458881410903561d1e40fd0,0x649cf4264f40393ffdb65d83046d360dcef628379ae92783d10faf1902566d0a
240,200,0.008,0x6eec0efe5ec44513ad8d9a85a66e26798250c595,2017-09-20T09:03:04.000Z,0.00004,0xc71492d7c13a0e3acc29f3d099cd13468f4515c1,sell,0xf9c9da0c81fffd491458881410903561d1e40fd0,0xa79c29eb0e52d056c3b326d4156daa14a958e4b7e1b74213e44d748800a8b05c
241,1000,0.045,0xc9087108b890f9aee9c5b878c6f062a2b0c730f3,2017-09-20T09:02:18.000Z,0.000045,0xc71492d7c13a0e3acc29f3d099cd13468f4515c1,sell,0xf9c9da0c81fffd491458881410903561d1e40fd0,0x030ada4c7f670abec04f911eac00f69d239567e429ddf15019b4e1134a558070
242,3000,0.1350003,0xbcce870909b3dbbe28f744f69b080dbdeeb7748a,2017-09-20T09:01:18.000Z,0.0000450001,0xc71492d7c13a0e3acc29f3d099cd13468f4515c1,sell,0xf9c9da0c81fffd491458881410903561d1e40fd0,0x22ab563c652018b1176bc8ffc28504d22634b777e0595b3c22ca191a0f73e80e
243,2000,0.090002,0xbcb614675176a6732901e9f3f4b29cd3ec534ed3,2017-09-20T09:00:46.000Z,0.000045001,0xc71492d7c13a0e3acc29f3d099cd13468f4515c1,sell,0xf9c9da0c81fffd491458881410903561d1e40fd0,0x99039e02ae237d35295a0d10733b476da08b01e8a1cc5a4d8a76528a05f53be4
244,1000,0.0451,0xc9087108b890f9aee9c5b878c6f062a2b0c730f3,2017-09-20T08:56:27.000Z,0.0000451,0xc71492d7c13a0e3acc29f3d099cd13468f4515c1,sell,0xf9c9da0c81fffd491458881410903561d1e40fd0,0xaee8954c324402dd9f7d326794c76421161547559bde0c38f2bef9ccec83fab7
245,10835.973698924638,2.4922739507526668,0x8a7d0cd215eaac9fc65af5f819170bdee03287af,2017-09-19T23:55:34.000Z,0.00023,0x3579f666148befab58d40e4c04df9a5594198d64,buy,0xf9c9da0c81fffd491458881410903561d1e40fd0,0x0bea758de1df9e7b1bb0454990c76c98ef5dfb55ee9b1770e7a1b569903b2da5
246,6100,1.281,0x6eec0efe5ec44513ad8d9a85a66e26798250c595,2017-09-19T23:23:38.000Z,0.00021,0x6eec0efe5ec44513ad8d9a85a66e26798250c595,buy,0xf9c9da0c81fffd491458881410903561d1e40fd0,0xda22cd40e073226b7949a8f0ef29318fb39568ac5176f38d4d760877e4921e80
247,10,0.0022,0xf669cc2cb12a2586de967728421ec442b6a7a061,2017-09-19T22:40:11.000Z,0.00022,0x956dc60c714883c17a7d0828d2178d51c5e377e1,buy,0xf9c9da0c81fffd491458881410903561d1e40fd0,0x5ac5333a13adbe8e0b25ca71237b8569d5ed29a784e313cca0fa89f44c0ec132
248,2500,0.225,0x956dc60c714883c17a7d0828d2178d51c5e377e1,2017-09-19T20:59:27.000Z,0.00009,0x836ea38353f24e57f9bd93abc3c145af49d6a15e,sell,0xf9c9da0c81fffd491458881410903561d1e40fd0,0xc9b4b5fffacf328dc0e231173f4dd97ec58382724ecc6a55c330534fbb7a4628
249,6500,1.482,0x6eec0efe5ec44513ad8d9a85a66e26798250c595,2017-09-19T20:51:33.000Z,0.000228,0x6eec0efe5ec44513ad8d9a85a66e26798250c595,buy,0xf9c9da0c81fffd491458881410903561d1e40fd0,0xfc954943836e071e6794ca17ceb4d12f63998f2f2021a510ae52c7c501c1ecfe
250,230,0.0575,0x5af6195a7d7f5b4861dafd080cb06f8a0390740d,2017-09-19T13:24:27.000Z,0.00025,0xc71492d7c13a0e3acc29f3d099cd13468f4515c1,buy,0xf9c9da0c81fffd491458881410903561d1e40fd0,0xb0480d5ca7313f9770d1e7ca51916110e3af253819e640005bb82ea3975ecc5d
251,8000,1.84,0x6eec0efe5ec44513ad8d9a85a66e26798250c595,2017-09-19T11:42:42.000Z,0.00023,0x6eec0efe5ec44513ad8d9a85a66e26798250c595,buy,0xf9c9da0c81fffd491458881410903561d1e40fd0,0x27322c4b178a192d38f7945db39fe42dc4a4e5b6996a0db5611f1408f82d6230
252,200,0.114,0x5af6195a7d7f5b4861dafd080cb06f8a0390740d,2017-09-19T11:09:07.000Z,0.00057,0x5af6195a7d7f5b4861dafd080cb06f8a0390740d,buy,0xf9c9da0c81fffd491458881410903561d1e40fd0,0xe382907f6b634e1bcce8d1806d87676f19178a542d6329085ea5ccecb9702144
253,100,0.058,0x5af6195a7d7f5b4861dafd080cb06f8a0390740d,2017-09-19T10:48:40.000Z,0.00058,0x5c868bfa7dda94e95a06780b163579eb712bf37c,buy,0xf9c9da0c81fffd491458881410903561d1e40fd0,0xe2ee9057e2dfe887371f895e355519973008920fedffc61c80b3a2e3f25a6bec
254,3.2857142857142856,0.001379999999999999,0x5cb9c6a832282df6f9772de0f29a5233e0a651f0,2017-09-19T10:46:22.000Z,0.0004199999999999997,0x5c868bfa7dda94e95a06780b163579eb712bf37c,sell,0xf9c9da0c81fffd491458881410903561d1e40fd0,0xec6ce8a9d759aa76abc5c261e3b1cb3b6c4879df35ec9f4190d7c37f2822b830
255,31,0.01302,0x5cb9c6a832282df6f9772de0f29a5233e0a651f0,2017-09-19T10:35:19.000Z,0.00042,0x5c868bfa7dda94e95a06780b163579eb712bf37c,sell,0xf9c9da0c81fffd491458881410903561d1e40fd0,0xb7302fc5c378180a5c45593093532dc78295e92b4c633801865328187cbe574c
256,2600,0.208,0x3579f666148befab58d40e4c04df9a5594198d64,2017-09-19T09:53:48.000Z,0.00008,0x836ea38353f24e57f9bd93abc3c145af49d6a15e,sell,0xf9c9da0c81fffd491458881410903561d1e40fd0,0x66494da0d3663785f3ff5381397d0a69c3e1f1ac3c8ddb8fb63728dc0602cbfa
257,18000,1.44,0x3579f666148befab58d40e4c04df9a5594198d64,2017-09-19T09:48:44.000Z,0.00008,0x6eec0efe5ec44513ad8d9a85a66e26798250c595,sell,0xf9c9da0c81fffd491458881410903561d1e40fd0,0xaf58a1313a151b5af47b595497a90c0e083661cdfbd7aab0ed481ed80c802157
258,100,0.043,0x5af6195a7d7f5b4861dafd080cb06f8a0390740d,2017-09-19T09:25:18.000Z,0.00043,0x5c868bfa7dda94e95a06780b163579eb712bf37c,sell,0xf9c9da0c81fffd491458881410903561d1e40fd0,0xb02973f2827f3e8f07e82f5ff7cd159de40bcb80c60921eeafd585a5bf5d7a5a
259,37.959,0.01859991,0x836ea38353f24e57f9bd93abc3c145af49d6a15e,2017-09-19T09:25:05.000Z,0.00049,0x5c868bfa7dda94e95a06780b163579eb712bf37c,sell,0xf9c9da0c81fffd491458881410903561d1e40fd0,0x2bd8b7bcfd10d8c389b59e108732502922353a08b36a239600062b476f20c9b7
260,30,0.0144,0x836ea38353f24e57f9bd93abc3c145af49d6a15e,2017-09-19T09:19:22.000Z,0.00048,0x5cb9c6a832282df6f9772de0f29a5233e0a651f0,sell,0xf9c9da0c81fffd491458881410903561d1e40fd0,0xbad702271ece139e805aeb00c67aef7bc478fb07214844df2a49f058e6f67d0c
261,400,0.232,0x6eec0efe5ec44513ad8d9a85a66e26798250c595,2017-09-19T07:25:40.000Z,0.00058,0x6eec0efe5ec44513ad8d9a85a66e26798250c595,buy,0xf9c9da0c81fffd491458881410903561d1e40fd0,0x963ff89b664f656fe81cac07fc78d76971df3003c4a924b0b790f6f46fe462e9
262,700,0.28,0x6eec0efe5ec44513ad8d9a85a66e26798250c595,2017-09-19T07:00:49.000Z,0.0004,0x6eec0efe5ec44513ad8d9a85a66e26798250c595,buy,0xf9c9da0c81fffd491458881410903561d1e40fd0,0x5a5117fa841c68b8ca10b30eab0de4affd7dfc8da6e0313c616ea2347d9817f6
263,335,0.0335,0x4b43041e418b16bb7dcf94a09f721cc73574fc04,2017-09-19T04:53:38.000Z,0.0001,0x6eec0efe5ec44513ad8d9a85a66e26798250c595,buy,0xf9c9da0c81fffd491458881410903561d1e40fd0,0x951984a2a95e30720a2bfb8ace678229ed564e87d5a1a8952b65d0968676e29c
264,1000,0.007,0x836ea38353f24e57f9bd93abc3c145af49d6a15e,2017-09-19T04:50:48.000Z,0.000007,0x6eec0efe5ec44513ad8d9a85a66e26798250c595,sell,0xf9c9da0c81fffd491458881410903561d1e40fd0,0x13706dd44b8f469cd2969304f715de281288b114e5347108c587402bd0e40603
265,1000,0.3,0x6eec0efe5ec44513ad8d9a85a66e26798250c595,2017-09-19T04:03:50.000Z,0.0003,0x6eec0efe5ec44513ad8d9a85a66e26798250c595,buy,0xf9c9da0c81fffd491458881410903561d1e40fd0,0xc3a6c5e2eab265771dba52c249ca13c2d4d380ecef531a572687aa53212a4ed7
266,92.916,0.0092916,0xb236b907580361fd4f87b759de68ca5c206644af,2017-09-19T03:21:55.000Z,0.0001,0x6eec0efe5ec44513ad8d9a85a66e26798250c595,buy,0xf9c9da0c81fffd491458881410903561d1e40fd0,0xe168edb4ae0bc592c3b58562db60f88751e7a6622858c10dfcf204ad0146b8e1
267,7.08390994447214,0.000708390994447214,0x52d796408be39ca7b1487a2c19cb61ac97485a92,2017-09-19T02:54:24.000Z,0.0001,0x6eec0efe5ec44513ad8d9a85a66e26798250c595,buy,0xf9c9da0c81fffd491458881410903561d1e40fd0,0x531b4d918f20bad96dae8ec3997bd58d4b41af01b4ff05cc74bc9adffe5981a1
