,amount,amountBase,buyer,date,price,seller,side,tokenAddr,txHash
0,8000,0.951992,0xa14168cdc4faa545774880595fbff835c7882a41,2017-11-02T12:59:07.000Z,0.000118999,0x15636434fa8779ca1895fd3e3bba90139d36a735,buy,0x27695e09149adc738a978e9a678f99e4c39e9eb9,0x2cfbe9281d90fb78499d788b17a25cfe96641780bc127d86bf0e888f1274308b
1,1166.38320456,0.12013747006968,0xe7938b032b28732e74358fae674054658d0e20a5,2017-11-02T12:54:43.000Z,0.000103,0xa7d98c75267a90bcedced91b44cdd92d4a41123f,sell,0x27695e09149adc738a978e9a678f99e4c39e9eb9,0xcc3bd944f6cd29fd126d58f7042cde23ae464bd01537f6310edbefd488734287
2,53.3,0.0063958934,0x708f41828ce90041f695ce100958c6d5a5ae82fc,2017-11-02T12:47:03.000Z,0.000119998,0x32127deebcad2ecb4f441f86d06c0a96f83f9241,buy,0x27695e09149adc738a978e9a678f99e4c39e9eb9,0xf6efa028dbd14dac04b59b988af8abfbe24898dda752d9f1b537287c24542e55
3,3000,0.33,0x708f41828ce90041f695ce100958c6d5a5ae82fc,2017-11-02T12:43:14.000Z,0.00011,0x15636434fa8779ca1895fd3e3bba90139d36a735,sell,0x27695e09149adc738a978e9a678f99e4c39e9eb9,0xf4a3563d40c8516ffea627eec4d00099bd7c711016c3bf320113749fa7e7f0de
4,33183.04658144,3.3551710228959797,0x9dd9ec97bb901d5fbfaa6a6bcf7d21f629960e24,2017-11-02T12:41:14.000Z,0.000101111,0xb01f3273d880601a64a864bdc192e276c0c77532,sell,0x27695e09149adc738a978e9a678f99e4c39e9eb9,0x568bd3dc16eb4543f878d6af5016922b18c0efda2a7a83437a774e5a269e971a
5,16,0.0016208,0x4e305167066caaefad7e930dc04eaf14d8e3e82e,2017-11-02T12:39:19.000Z,0.0001013,0xa7d98c75267a90bcedced91b44cdd92d4a41123f,sell,0x27695e09149adc738a978e9a678f99e4c39e9eb9,0x0274050eed790008f9ee038981f3a2d479aa0d193ecbeeb39dca8df006e274ee
6,10.82966517,0.00114794450802,0x002a8e89cf6e9496bdd4dabb59155fd4d73ba895,2017-11-02T12:39:04.000Z,0.000106,0xa7d98c75267a90bcedced91b44cdd92d4a41123f,sell,0x27695e09149adc738a978e9a678f99e4c39e9eb9,0x213912ca492b5d1ed679e21a6dfee3d65c09fcc92a3e7a341102a32ff5b07e8e
7,14.2657761,0.0015264380427,0x32127deebcad2ecb4f441f86d06c0a96f83f9241,2017-11-02T12:39:04.000Z,0.000107,0xa7d98c75267a90bcedced91b44cdd92d4a41123f,sell,0x27695e09149adc738a978e9a678f99e4c39e9eb9,0x9d475269bf80b0c2a4ecc63b0726c734df41f3313b2429fb3fc27da1d7e60cbd
8,30000,3.0333,0x6f3605744f547ac8d6494a64292b4e7e292a2ba2,2017-11-02T12:38:22.000Z,0.00010111,0xb01f3273d880601a64a864bdc192e276c0c77532,sell,0x27695e09149adc738a978e9a678f99e4c39e9eb9,0x4b6c91936b37a300cca43701a38d2cc8fe9b307aa14dc6c685b7ed31d5428348
9,1946.7,0.214137,0x708f41828ce90041f695ce100958c6d5a5ae82fc,2017-11-02T12:38:22.000Z,0.00011,0x15c1f0e3bcdec8b1fd338c463f0fa03af2b93c4e,buy,0x27695e09149adc738a978e9a678f99e4c39e9eb9,0xd67453421979008775689b7a55d726e473533a7677a2fb389b200feda35e52af
10,1109.54265197,0.11650308799950197,0x02050d6aa1d4547e9bb89624c08661edf1db1cf5,2017-11-02T12:36:11.000Z,0.000105001,0xa7d98c75267a90bcedced91b44cdd92d4a41123f,sell,0x27695e09149adc738a978e9a678f99e4c39e9eb9,0xb9addd0bff7acb279f9125c945753b301430a31b73038e8c2e6533fe6d365f7e
11,0.25839547,0.00002612662436717,0x9dd9ec97bb901d5fbfaa6a6bcf7d21f629960e24,2017-11-02T12:35:54.000Z,0.000101111,0xb01f3273d880601a64a864bdc192e276c0c77532,sell,0x27695e09149adc738a978e9a678f99e4c39e9eb9,0xbbde309f037ecd4e61df9bdbdc150f2ab7b3d0aec0385bb33a6c8376c5607299
12,2472,0.252144,0xfa7424ee742e9bec6b8100fc9ca0295696a97248,2017-11-02T12:29:05.000Z,0.000102,0xa7d98c75267a90bcedced91b44cdd92d4a41123f,sell,0x27695e09149adc738a978e9a678f99e4c39e9eb9,0xd72ec28c822b43c09e1875a823abbd2da1f6fba7bc72e75d18cf9574ac1e4f4e
13,5000,0.599995,0x77c3db040f79ae46a91529a667c03ab484b37116,2017-11-02T12:29:05.000Z,0.000119999,0x15636434fa8779ca1895fd3e3bba90139d36a735,buy,0x27695e09149adc738a978e9a678f99e4c39e9eb9,0x6d6b11ad97442ec33922b528ab079fcf1bc4ddfa810fe529fa592e7164893be3
14,10000,1.061,0x17c342d93ae3f44cdb81336b986f12046f912511,2017-11-02T12:26:07.000Z,0.0001061,0xa7d98c75267a90bcedced91b44cdd92d4a41123f,sell,0x27695e09149adc738a978e9a678f99e4c39e9eb9,0xa1ae090c77b8b18c4c150cbe70b9af2624c0e9a2fad488c9d636c7974bbbb587
15,1000,0.108,0x0b78f40529badd274ed9e54a529afa9d2ef96ff8,2017-11-02T12:25:26.000Z,0.000108,0xa7d98c75267a90bcedced91b44cdd92d4a41123f,sell,0x27695e09149adc738a978e9a678f99e4c39e9eb9,0x1a48515f0065a1634eba90a9d7ee60a7751bd07d7b530a8c3d03ba5bbb6a4951
16,4.16666666,0.0005,0x4fda9e6bcd83af6c5cc771b5d20accc2b7720074,2017-11-02T12:19:22.000Z,0.000120000000192,0x269e9348fae5e10be85c17d995592eccaee39440,buy,0x27695e09149adc738a978e9a678f99e4c39e9eb9,0xf4a5762c92ba584f8da0ba0958ca5d42947d0d2979e32e87f5329a2aa19eb07a
17,4.16666666,0.0005,0x4fda9e6bcd83af6c5cc771b5d20accc2b7720074,2017-11-02T12:19:19.000Z,0.000120000000192,0x269e9348fae5e10be85c17d995592eccaee39440,buy,0x27695e09149adc738a978e9a678f99e4c39e9eb9,0xf4a5762c92ba584f8da0ba0958ca5d42947d0d2979e32e87f5329a2aa19eb07a
18,85.7342239,0.0091735619573,0x32127deebcad2ecb4f441f86d06c0a96f83f9241,2017-11-02T12:06:56.000Z,0.000107,0xd7dd052ff73d9177f884592814f844a7788787d1,sell,0x27695e09149adc738a978e9a678f99e4c39e9eb9,0x0263d7209375dbd2000217662b37983f032099cae9c8649b585d1b4a69d34ec0
19,4.16666666,0.0005,0x3075f7f189912f4f425dd7021b9c396434197477,2017-11-02T12:02:30.000Z,0.000120000000192,0x269e9348fae5e10be85c17d995592eccaee39440,buy,0x27695e09149adc738a978e9a678f99e4c39e9eb9,0x1040bd75f5c38e709161747f2f12b7771bc9e9fcebb1679d700631dc972377be
20,0.29814861,0.00003160375266,0x002a8e89cf6e9496bdd4dabb59155fd4d73ba895,2017-11-02T11:32:16.000Z,0.000106,0x48c7bcc5f1fa4a06426461831ceeb373b0fe0b09,sell,0x27695e09149adc738a978e9a678f99e4c39e9eb9,0xe3624bbf2a5bae207df6184a01c1e109847a59ebb2cb0a6a2ee5161747dd2f30
21,0.20837893,0.00002187999602893,0x02050d6aa1d4547e9bb89624c08661edf1db1cf5,2017-11-02T11:29:35.000Z,0.000105001,0xa52becd0e041a1003cd28a8a0bf7f4371f04209f,sell,0x27695e09149adc738a978e9a678f99e4c39e9eb9,0xc76a7073d4765b33d8cf15a0795c228651bb2f39caf86cc3c8d6a2e882e09cf0
22,2090.2489691,0.2194782320044691,0x02050d6aa1d4547e9bb89624c08661edf1db1cf5,2017-11-02T11:28:48.000Z,0.000105001,0xa52becd0e041a1003cd28a8a0bf7f4371f04209f,sell,0x27695e09149adc738a978e9a678f99e4c39e9eb9,0xb28f4a7b4edfc6622112d6a61e6df093069942c1c916665818dfb785d166a321
23,10000,1.0499,0x02050d6aa1d4547e9bb89624c08661edf1db1cf5,2017-11-02T11:27:33.000Z,0.00010499,0xa52becd0e041a1003cd28a8a0bf7f4371f04209f,sell,0x27695e09149adc738a978e9a678f99e4c39e9eb9,0xa71a77390d0141a9e1f417336b9d7580220d51b08305cb2249e83e4b8902540d
24,2700,0.2835027,0x02050d6aa1d4547e9bb89624c08661edf1db1cf5,2017-11-02T11:26:46.000Z,0.000105001,0x251bccb83d9dbc592d5edf29f1227c6c5d7e193a,sell,0x27695e09149adc738a978e9a678f99e4c39e9eb9,0x4dcfeb28fda6152c3df8c84f14d803a1a4b4f2e21059d9f12fa9521b28017293
25,3698.14344532,0.39200320520392,0x002a8e89cf6e9496bdd4dabb59155fd4d73ba895,2017-11-02T11:22:38.000Z,0.000106,0xf44072eda87ede9613b6ae1b812de8a60ade27a2,sell,0x27695e09149adc738a978e9a678f99e4c39e9eb9,0x7b29536780b317241ff736e448b1150f52318c8d9dd933c6d766e4b4f59497c3
26,3709.27125909,0.389436389492909,0xf44072eda87ede9613b6ae1b812de8a60ade27a2,2017-11-02T11:22:38.000Z,0.00010499000000028304,0xa52becd0e041a1003cd28a8a0bf7f4371f04209f,buy,0x27695e09149adc738a978e9a678f99e4c39e9eb9,0x7b29536780b317241ff736e448b1150f52318c8d9dd933c6d766e4b4f59497c3
27,2990.7287409,0.3170172465354,0x002a8e89cf6e9496bdd4dabb59155fd4d73ba895,2017-11-02T11:18:42.000Z,0.000106,0x48c7bcc5f1fa4a06426461831ceeb373b0fe0b09,sell,0x27695e09149adc738a978e9a678f99e4c39e9eb9,0xe402cbf7fbce2952f9c76bf278d1a4a1d85779032b7f0c0893ad17ec4c526dca
28,7000,0.735,0x813c645d692dccb730dc71e65ac7e80c7de12e82,2017-11-02T11:07:00.000Z,0.000105,0x251bccb83d9dbc592d5edf29f1227c6c5d7e193a,sell,0x27695e09149adc738a978e9a678f99e4c39e9eb9,0xc498d4dfcbac3fc69f3ee0e687f71165068c7caa3f397677645e897b420afb62
29,2500,0.265,0x002a8e89cf6e9496bdd4dabb59155fd4d73ba895,2017-11-02T11:01:46.000Z,0.000106,0x251bccb83d9dbc592d5edf29f1227c6c5d7e193a,sell,0x27695e09149adc738a978e9a678f99e4c39e9eb9,0x7bce2a81ae85eea1665660097e0407dad4c5cc4f89b98505141fef49f4da1302
30,2472,0.264504,0xfa7424ee742e9bec6b8100fc9ca0295696a97248,2017-11-02T11:01:25.000Z,0.000107,0x251bccb83d9dbc592d5edf29f1227c6c5d7e193a,sell,0x27695e09149adc738a978e9a678f99e4c39e9eb9,0x85584cbdd7be6a465fa0fd5e9c6f55e1889354963ee096ac8388459595ddc217
31,2500,0.2625025,0x02050d6aa1d4547e9bb89624c08661edf1db1cf5,2017-11-02T10:59:07.000Z,0.000105001,0x251bccb83d9dbc592d5edf29f1227c6c5d7e193a,sell,0x27695e09149adc738a978e9a678f99e4c39e9eb9,0x296a82c162c7688639486fc0f82ad45cd34a52c364767b38d7f88334ce68f91a
32,1600,0.1680016,0x02050d6aa1d4547e9bb89624c08661edf1db1cf5,2017-11-02T10:58:59.000Z,0.000105001,0x251bccb83d9dbc592d5edf29f1227c6c5d7e193a,sell,0x27695e09149adc738a978e9a678f99e4c39e9eb9,0x1203c5904b8a3aea8f382f60f3156634c83ea0e5e9dd77a909ca7f0cb0d38449
33,8334,0.99999666,0xfd3ce3704d38d20047da8c701359a0fe3a661435,2017-11-02T10:39:14.000Z,0.00011999,0x813c645d692dccb730dc71e65ac7e80c7de12e82,sell,0x27695e09149adc738a978e9a678f99e4c39e9eb9,0x9b4639642bf4cf319fa88628b437fad973f3f9acae6b373fdef5cf65cc232f79
34,4894.78061528,0.5873247260275556,0xc9d56287b414e1aa0963016aa721b527f095fd9c,2017-11-02T10:30:33.000Z,0.00011999000000002213,0x3936968cf999728de3dbf7afecb7ee3d9c02b381,buy,0x27695e09149adc738a978e9a678f99e4c39e9eb9,0x5e7d0aca567be933e77af01c3ce330ba9a6eee050d6e7ac68640eec21db52d73
35,4880.14019469,0.64417850569908,0xfd3ce3704d38d20047da8c701359a0fe3a661435,2017-11-02T10:30:33.000Z,0.000132,0xc9d56287b414e1aa0963016aa721b527f095fd9c,sell,0x27695e09149adc738a978e9a678f99e4c39e9eb9,0x5e7d0aca567be933e77af01c3ce330ba9a6eee050d6e7ac68640eec21db52d73
36,2560.12636608,0.32001579576125,0xf44072eda87ede9613b6ae1b812de8a60ade27a2,2017-11-02T10:29:50.000Z,0.00012500000000048825,0x97bad7720f7b087a7adc7a0e81d96f864548201c,buy,0x27695e09149adc738a978e9a678f99e4c39e9eb9,0x2c526e72e9507cd7477ec9dc70f660f99b1cfe973fb3f5c6fb88be62d7e44fc7
37,2552.44598699,0.33692287028268,0xfd3ce3704d38d20047da8c701359a0fe3a661435,2017-11-02T10:29:50.000Z,0.000132,0xf44072eda87ede9613b6ae1b812de8a60ade27a2,sell,0x27695e09149adc738a978e9a678f99e4c39e9eb9,0x2c526e72e9507cd7477ec9dc70f660f99b1cfe973fb3f5c6fb88be62d7e44fc7
38,7711.29251199,1.01789061158268,0xfd3ce3704d38d20047da8c701359a0fe3a661435,2017-11-02T10:29:44.000Z,0.000132,0xf44072eda87ede9613b6ae1b812de8a60ade27a2,sell,0x27695e09149adc738a978e9a678f99e4c39e9eb9,0x28e84f94694a8c52e013140a42e8465b30f9cb8c3b55f4ff6fa65cbed0d50f64
39,7734.49599999,0.88946703999885,0xf44072eda87ede9613b6ae1b812de8a60ade27a2,2017-11-02T10:29:44.000Z,0.000115,0x54f0c20ed6ccd34eeecea94bdcdcece08d00d679,buy,0x27695e09149adc738a978e9a678f99e4c39e9eb9,0x28e84f94694a8c52e013140a42e8465b30f9cb8c3b55f4ff6fa65cbed0d50f64
40,315.775,0.03220905,0x251bccb83d9dbc592d5edf29f1227c6c5d7e193a,2017-11-02T10:20:13.000Z,0.000102,0x579e5b294f8646b7386dbed16b73f615f0862d1f,buy,0x27695e09149adc738a978e9a678f99e4c39e9eb9,0x3c84b422bded933651087f8d18cbe24d912662a8c583b5cc6e2f4a10e841cbf9
41,8000,0.816,0xa0c208ef141f8fafa9449e8180f055ba7027de39,2017-11-02T09:51:04.000Z,0.000102,0x579e5b294f8646b7386dbed16b73f615f0862d1f,buy,0x27695e09149adc738a978e9a678f99e4c39e9eb9,0x2ebf8c5e217e6f2d54dd4f9cb25e1edd6a12ffa03142b7f03657e47682befea3
42,183.39195621,0.020173115183929818,0xa0c208ef141f8fafa9449e8180f055ba7027de39,2017-11-02T09:48:51.000Z,0.00011000000000452483,0x6ff83e915d21c8820a3b0dd659bfd0d26dcc7a94,buy,0x27695e09149adc738a978e9a678f99e4c39e9eb9,0xd2e3f825797a69e083e788b1a899107c28ab5f9e0788d7234a80a9c66f86565c
43,6148.10904378,0.6762919948160702,0x8bc94b3efc9ddce3531de26883ba525fa71a45fb,2017-11-02T09:45:01.000Z,0.00011000000000004394,0x6ff83e915d21c8820a3b0dd659bfd0d26dcc7a94,buy,0x27695e09149adc738a978e9a678f99e4c39e9eb9,0x3917f40470927c495e1384c96a0be14f5fff1a36fd246aee47ad9fbbb0cfe346
44,3275.704,0.334121808,0xf6c5839b9fc30dbb485d6ad32fee27b8b368ae79,2017-11-02T09:30:31.000Z,0.000102,0x09147c9dd726188ec9a329494767a8d2dd2cc8fe,buy,0x27695e09149adc738a978e9a678f99e4c39e9eb9,0x117441a0548720b05c24d4f21ddf69206399dc8b67fc32f6a947f25528cfaf3f
45,71000,7.242,0x26d529b6720a8fc1e9474a4ae092e54fbf544ee9,2017-11-02T09:27:27.000Z,0.000102,0x09147c9dd726188ec9a329494767a8d2dd2cc8fe,buy,0x27695e09149adc738a978e9a678f99e4c39e9eb9,0xd18943aa3dfa280c5b9b840abb873f5feff5bfb77d3f3d1e060303941d57ea0e
46,151,0.015402,0xec670ebbd986f392d85b38f586c7dfa4df3a4b88,2017-11-02T09:25:55.000Z,0.000102,0x09147c9dd726188ec9a329494767a8d2dd2cc8fe,buy,0x27695e09149adc738a978e9a678f99e4c39e9eb9,0x237f799adb376143095d0ae71b81d7c539ed85e5b23bf7e40c3458c2690aa0fa
47,9773.62374568,0.9969096220600164,0x7019d27362fa1299addc612ccd05c6acbe1320f4,2017-11-02T09:13:40.000Z,0.00010200000000006717,0x09147c9dd726188ec9a329494767a8d2dd2cc8fe,buy,0x27695e09149adc738a978e9a678f99e4c39e9eb9,0x1333c9f3045c6dcf8d75f2afb10a7d9a828a7330c74263b353b262b349435494
48,4250,0.4335,0xa0c208ef141f8fafa9449e8180f055ba7027de39,2017-11-02T08:53:22.000Z,0.000102,0x09147c9dd726188ec9a329494767a8d2dd2cc8fe,buy,0x27695e09149adc738a978e9a678f99e4c39e9eb9,0x59ef0806645aa3ca145fa97e2e11fdafb44b9c608915c8bf4db9531c0351f91b
49,50000,5.0555,0x5c2a673f7ee8506734ba72ec33397f5d54a5e718,2017-11-02T08:47:37.000Z,0.00010111,0x09147c9dd726188ec9a329494767a8d2dd2cc8fe,sell,0x27695e09149adc738a978e9a678f99e4c39e9eb9,0x4aa1771802893c6271f958dc031046c15b661a8896417283005bc5530b60aea4
50,139.49356993,0.01422834413286,0xf6c5839b9fc30dbb485d6ad32fee27b8b368ae79,2017-11-02T08:36:51.000Z,0.000102,0x1dc777a61a97850ad5523f591f77b62b382083a8,sell,0x27695e09149adc738a978e9a678f99e4c39e9eb9,0xda74d7bb751ac8308377a4cfbbbd008d5f0f8713b522a1512c52b4508a739edc
51,2240.1445146,0.257616619179,0x0ff67a853535ed070f9552e345d43dbec2f68da2,2017-11-02T08:11:17.000Z,0.000115,0xf6c5839b9fc30dbb485d6ad32fee27b8b368ae79,buy,0x27695e09149adc738a978e9a678f99e4c39e9eb9,0x7961afe1cd576ff4ebaaeab292ba1c894694b95650f5894f59ecf1c38b0f9097
52,100000,10.2,0x1eaa18a0e964d346f2b5182be3f97d7aab5145b9,2017-11-02T08:10:25.000Z,0.000102,0x09147c9dd726188ec9a329494767a8d2dd2cc8fe,sell,0x27695e09149adc738a978e9a678f99e4c39e9eb9,0x8adfcbac849256996bd027b274e1d82ded6b586ecc0c087bcaf0d88fa22c4246
53,2.27272782,0.00030000007224,0xfd3ce3704d38d20047da8c701359a0fe3a661435,2017-11-02T08:09:37.000Z,0.000132,0x0c8a9ea8a3844253eceb6a0301d7901119a6da8d,sell,0x27695e09149adc738a978e9a678f99e4c39e9eb9,0xca2e134763130ebeb641eff71409e549a904fd32b89d52ca39a87aa44ba4fbed
54,2.27954601,0.00026214779115,0x0c8a9ea8a3844253eceb6a0301d7901119a6da8d,2017-11-02T08:09:37.000Z,0.000115,0xf6c5839b9fc30dbb485d6ad32fee27b8b368ae79,buy,0x27695e09149adc738a978e9a678f99e4c39e9eb9,0xca2e134763130ebeb641eff71409e549a904fd32b89d52ca39a87aa44ba4fbed
55,757.57593939,0.08712123302985,0xf44072eda87ede9613b6ae1b812de8a60ade27a2,2017-11-02T08:09:01.000Z,0.000115,0xf6c5839b9fc30dbb485d6ad32fee27b8b368ae79,buy,0x27695e09149adc738a978e9a678f99e4c39e9eb9,0xe6b9d571fa966b7be02225c757e2389949067421fe5e75ab7b701b80ff9dc6b2
56,755.30321157,0.09970002392724,0xfd3ce3704d38d20047da8c701359a0fe3a661435,2017-11-02T08:09:01.000Z,0.000132,0xf44072eda87ede9613b6ae1b812de8a60ade27a2,sell,0x27695e09149adc738a978e9a678f99e4c39e9eb9,0xe6b9d571fa966b7be02225c757e2389949067421fe5e75ab7b701b80ff9dc6b2
57,30000,3.063,0x4ff2428c439e3623c9924ae520f16e459d1e6d99,2017-11-02T07:56:06.000Z,0.0001021,0x09147c9dd726188ec9a329494767a8d2dd2cc8fe,sell,0x27695e09149adc738a978e9a678f99e4c39e9eb9,0xb4f189ae0385fb68ea819eaed7f3f8cafc9c24be6d3a3a498250a34d7ee6fbdf
58,91,0.010465091,0x0888114ed2323355f83e55f5335a5e424dc009aa,2017-11-02T07:54:35.000Z,0.000115001,0x09147c9dd726188ec9a329494767a8d2dd2cc8fe,sell,0x27695e09149adc738a978e9a678f99e4c39e9eb9,0x2e092abb511201d2a16f460a520ee548a052191b7a5f8512a17c2e62bce4f679
59,26000,2.678,0xdef0083fea701af025c19bdf0d328d5a44eac384,2017-11-02T07:54:35.000Z,0.000103,0x09147c9dd726188ec9a329494767a8d2dd2cc8fe,sell,0x27695e09149adc738a978e9a678f99e4c39e9eb9,0x58cbe2ba4df27ecb6a8b9abb4922cf372c5a40a31fb540ad861a7a4c082fcdeb
60,16000,1.76,0x15636434fa8779ca1895fd3e3bba90139d36a735,2017-11-02T07:54:35.000Z,0.00011,0x09147c9dd726188ec9a329494767a8d2dd2cc8fe,sell,0x27695e09149adc738a978e9a678f99e4c39e9eb9,0x53875130e41dfdb2a2bc5714950a7f0bf7664395b72dc842a502da70fa2ccafe
61,26000,2.678,0xdef0083fea701af025c19bdf0d328d5a44eac384,2017-11-02T07:54:35.000Z,0.000103,0x09147c9dd726188ec9a329494767a8d2dd2cc8fe,sell,0x27695e09149adc738a978e9a678f99e4c39e9eb9,0x84ca0b1561efb3337b3f4cf1bbcc4e3fe65c970e9c4c6ecce491b1d93480795a
62,100,0.012,0xb859a03b8dc2f3cbfc65b41eea76499b839211b2,2017-11-02T07:54:21.000Z,0.00012,0x09147c9dd726188ec9a329494767a8d2dd2cc8fe,sell,0x27695e09149adc738a978e9a678f99e4c39e9eb9,0x241b7b25bbe8e83263cc2a87f3d6642110a27766a5c3b0ff8700002ced124740
63,500,0.0600005,0xe146142131ba3daa2751d0346df4e381711c411b,2017-11-02T07:53:32.000Z,0.000120001,0x09147c9dd726188ec9a329494767a8d2dd2cc8fe,sell,0x27695e09149adc738a978e9a678f99e4c39e9eb9,0x9ca249fad38034b44161e32129c5bb030a410af1074d469a24c1a99f4f60ab4d
64,105.21938471,0.012625273972444465,0xe300b3909aad54fd05e919e39f402c842e0037d3,2017-11-02T07:53:32.000Z,0.00011999000001037418,0x3936968cf999728de3dbf7afecb7ee3d9c02b381,buy,0x27695e09149adc738a978e9a678f99e4c39e9eb9,0xf725178d09a5416ba7f14fae1a37150777f1954e42d4f4238833f47d58397275
65,49.40877063,0.00597846124623,0x542f9a56345aef94a0658b2d235fbc737c944622,2017-11-02T07:52:38.000Z,0.000121,0x09147c9dd726188ec9a329494767a8d2dd2cc8fe,sell,0x27695e09149adc738a978e9a678f99e4c39e9eb9,0x4550e603467a24088e85e52c50b212c91cc4e0b3c0c33335b612a472155640b7
66,13.2,0.0015974904,0xd35cc4db1066b87373c5b83f2a033b4aabb8a1f2,2017-11-02T07:52:38.000Z,0.000121022,0x09147c9dd726188ec9a329494767a8d2dd2cc8fe,sell,0x27695e09149adc738a978e9a678f99e4c39e9eb9,0xaee4dbcf04ed79df6b824ed5fd4d226ffd5ddb82a9005a1ff58a0adb32b33039
67,2255,0.2706,0x0d911b01b902d0051a6db658254ec490681a89ab,2017-11-02T07:51:59.000Z,0.00012,0x09147c9dd726188ec9a329494767a8d2dd2cc8fe,sell,0x27695e09149adc738a978e9a678f99e4c39e9eb9,0xf8d36b91ecffbd87586acb81b63d0b16dd9550f9a11026112c5554972eecee06
68,5000,0.5944,0x0ff67a853535ed070f9552e345d43dbec2f68da2,2017-11-02T07:43:15.000Z,0.00011888,0x3936968cf999728de3dbf7afecb7ee3d9c02b381,buy,0x27695e09149adc738a978e9a678f99e4c39e9eb9,0xa453484c27ce822a8ee8e2d821bf1ecb2442b056ff6a5b359d398f8edc21947b
69,4386.8,0.5308993096,0xd35cc4db1066b87373c5b83f2a033b4aabb8a1f2,2017-11-02T07:25:56.000Z,0.000121022,0xf44072eda87ede9613b6ae1b812de8a60ade27a2,sell,0x27695e09149adc738a978e9a678f99e4c39e9eb9,0x04af36f549e16fe1cbf1e01b3eda62b36dd589041bda6f590fc081baa062e5e5
70,4400,0.528,0xf44072eda87ede9613b6ae1b812de8a60ade27a2,2017-11-02T07:25:56.000Z,0.00012,0x09147c9dd726188ec9a329494767a8d2dd2cc8fe,buy,0x27695e09149adc738a978e9a678f99e4c39e9eb9,0x04af36f549e16fe1cbf1e01b3eda62b36dd589041bda6f590fc081baa062e5e5
71,20058,2.40696,0x90c9723a91ccc0880b2b8afb5f8883ef29e5832d,2017-11-02T07:21:00.000Z,0.00012,0x09147c9dd726188ec9a329494767a8d2dd2cc8fe,sell,0x27695e09149adc738a978e9a678f99e4c39e9eb9,0x03328e4cfb35f82bcfa522de1275165cd36e9551fccca3ae7dfef9522f9e8a2d
72,1450,0.18125,0x43fc16f70c73ebf74bbf928f0273546927458f70,2017-11-02T07:20:45.000Z,0.000125,0x97bad7720f7b087a7adc7a0e81d96f864548201c,buy,0x27695e09149adc738a978e9a678f99e4c39e9eb9,0xd2a0fb5ae8ab033e634511a33a983037e130465c0e0546c42e8080afd2913274
73,1465,0.1758,0x90c9723a91ccc0880b2b8afb5f8883ef29e5832d,2017-11-02T07:16:31.000Z,0.00012,0x7943556c19f28bd283cdb5b0d10b2556c86969d4,sell,0x27695e09149adc738a978e9a678f99e4c39e9eb9,0xf05623deeef4eb08c39fc793687a8c3ee9b7b6c57f75067c7f11a02702c70e66
74,1770,0.2124,0x43fc16f70c73ebf74bbf928f0273546927458f70,2017-11-02T06:56:48.000Z,0.00012,0x3b16548a0b1384290ba996a28641b7a141827729,buy,0x27695e09149adc738a978e9a678f99e4c39e9eb9,0xb05d9d6b8f7c83cd8f89e5a3868d3e0d56ef30c8893e6d692503a8a382dfbf4c
75,4000,0.484,0xfabcc1a4e80c9b9ee1eb6c8c5c914cee2176a605,2017-11-02T06:54:43.000Z,0.000121,0x62baca93a58211e37bc8ed3cd5bc92ffc73f0a41,sell,0x27695e09149adc738a978e9a678f99e4c39e9eb9,0xcd345122bc02b42ac484681543197c2faa1b512ac9244dee14959f2c6719ac72
76,8100.71650536,0.999628416761424,0xa19dd3af5c151be661bcd0c7146828afd49940f3,2017-11-02T06:33:39.000Z,0.0001234,0x62baca93a58211e37bc8ed3cd5bc92ffc73f0a41,sell,0x27695e09149adc738a978e9a678f99e4c39e9eb9,0x92df87bfe97530bd181347fd5c731cd7a0eba4d5a27165c515242f1181e6fa49
77,7262.62711857,0.896208186431538,0xa19dd3af5c151be661bcd0c7146828afd49940f3,2017-11-02T06:32:19.000Z,0.0001234,0x805c5971a2d2aa84b663218014717c5db800276d,sell,0x27695e09149adc738a978e9a678f99e4c39e9eb9,0xb7626476ffb766260910d5d8a38ffde0d4ef3a258eab780a9c24f03134b9210e
78,20000,2.36,0x35669c224a468c878703468d33ee7447cd751801,2017-11-02T06:31:04.000Z,0.000118,0x805c5971a2d2aa84b663218014717c5db800276d,sell,0x27695e09149adc738a978e9a678f99e4c39e9eb9,0xbefc35c2406b4220b39f430cacf8b681a3839bfa4982cc926573d89fa043ccfd
79,5050,0.6161,0xea1639abd5f694178189a4b323ba0279fe853912,2017-11-02T06:29:37.000Z,0.000122,0x805c5971a2d2aa84b663218014717c5db800276d,sell,0x27695e09149adc738a978e9a678f99e4c39e9eb9,0x22fd309d2598579a079d42a3f88a0e2151a9e483cfadb01280cc5e4ff9d92ad4
80,10388,1.236255104,0xcedf165335b45d9f63ac091008e24703e034b248,2017-11-02T06:24:38.000Z,0.000119008,0x805c5971a2d2aa84b663218014717c5db800276d,sell,0x27695e09149adc738a978e9a678f99e4c39e9eb9,0xc1aca5c4015e614878d1a552bd29883e8dc29eb6f08e7f1f6d614c9b68023c50
81,3019.5225749,0.3683817541378,0x813c645d692dccb730dc71e65ac7e80c7de12e82,2017-11-02T06:23:44.000Z,0.000122,0x805c5971a2d2aa84b663218014717c5db800276d,sell,0x27695e09149adc738a978e9a678f99e4c39e9eb9,0x1908417949b34566af84e5298c905090d04b6d3162161c3cb126f80ee6906d7d
82,1261.73306051,0.159104538930311,0xa19dd3af5c151be661bcd0c7146828afd49940f3,2017-11-02T06:22:32.000Z,0.0001261,0xea1639abd5f694178189a4b323ba0279fe853912,sell,0x27695e09149adc738a978e9a678f99e4c39e9eb9,0x3f1b5252b43135d23e802690bd6d24d87275ad391410f72438a3e9091eace3f4
83,3200,0.40672,0xc1163cf4420caa8abac95d91401b60a084b225e7,2017-11-02T06:22:03.000Z,0.0001271,0xea1639abd5f694178189a4b323ba0279fe853912,sell,0x27695e09149adc738a978e9a678f99e4c39e9eb9,0x104e35ddd715d3338e0271bcba81d48e7d4ffada3fd588bb413099ef8a970274
84,13900,1.75835,0x813c645d692dccb730dc71e65ac7e80c7de12e82,2017-11-02T06:21:31.000Z,0.0001265,0x805c5971a2d2aa84b663218014717c5db800276d,sell,0x27695e09149adc738a978e9a678f99e4c39e9eb9,0xef0eeb16dab49f2b9a9107e4558e7883854b972bc0b937d4f98f03c3747e1c7c
85,100,0.0136,0x33cf9fbbcd40cb3ef632a63907eb17555d49ee54,2017-11-02T06:04:17.000Z,0.000136,0x813c645d692dccb730dc71e65ac7e80c7de12e82,buy,0x27695e09149adc738a978e9a678f99e4c39e9eb9,0xed5bc2cb98956746f93de5a44a0c069e3dc05408b38a5bbcb483f1fee537e7ab
86,2637.137,0.348102084,0xfd3ce3704d38d20047da8c701359a0fe3a661435,2017-11-02T06:03:43.000Z,0.000132,0x813c645d692dccb730dc71e65ac7e80c7de12e82,sell,0x27695e09149adc738a978e9a678f99e4c39e9eb9,0x90c6a277606034f34916bea277e2f0bad9eaf143662db27253ba5a433e99a942
87,2784,0.367488,0xfd3ce3704d38d20047da8c701359a0fe3a661435,2017-11-02T05:53:10.000Z,0.000132,0x442edd20fdaf8d00adb4a94665a1b2edfad915ef,sell,0x27695e09149adc738a978e9a678f99e4c39e9eb9,0x3338ba4a40b6bc0271ae49dbd48a53cb8aac3ae894a07e284036aa93811f79f4
88,7800,1.063101,0x0644c1a6d61e0994c73c86febdf64ec8432b1013,2017-11-02T05:53:10.000Z,0.000136295,0xa19dd3af5c151be661bcd0c7146828afd49940f3,buy,0x27695e09149adc738a978e9a678f99e4c39e9eb9,0x9515329e4c23edc3a6b4d7a8354048ccf7e372b04a038d273f8dbffd07026f5c
89,22405.81371503,2.95756741038396,0xfd3ce3704d38d20047da8c701359a0fe3a661435,2017-11-02T05:51:24.000Z,0.000132,0x805c5971a2d2aa84b663218014717c5db800276d,sell,0x27695e09149adc738a978e9a678f99e4c39e9eb9,0x9221c813908e455b319b99d70a740759268233df77d481119ec0c46a8bbe4b31
90,13260,1.5913326,0xa4b17bf844aa4d5ec8377f6ed04729a58e9dcdb1,2017-11-02T05:46:53.000Z,0.00012001,0x805c5971a2d2aa84b663218014717c5db800276d,sell,0x27695e09149adc738a978e9a678f99e4c39e9eb9,0xdfea8548b9d42fca51ac149cb30c2c21271ac7029f06e2f5d47131922667c520
91,20000,2.4002,0x4ff2428c439e3623c9924ae520f16e459d1e6d99,2017-11-02T05:46:53.000Z,0.00012001,0x805c5971a2d2aa84b663218014717c5db800276d,sell,0x27695e09149adc738a978e9a678f99e4c39e9eb9,0x3c0de46f329f0b64a7435c1bbd5cfa3398a1a23f3c0d3ccf5dd72aa0623ccb23
92,10000,1.2,0xdef0083fea701af025c19bdf0d328d5a44eac384,2017-11-02T05:46:53.000Z,0.00012,0x805c5971a2d2aa84b663218014717c5db800276d,sell,0x27695e09149adc738a978e9a678f99e4c39e9eb9,0xec3c209525f59f339431c1bdeb105ebdcea613a8a6018bcae2be40ace53f42cd
93,12477.17057,1.64698651524,0xfd3ce3704d38d20047da8c701359a0fe3a661435,2017-11-02T05:46:34.000Z,0.000132,0x813c645d692dccb730dc71e65ac7e80c7de12e82,sell,0x27695e09149adc738a978e9a678f99e4c39e9eb9,0x9bbcf8e17768de6f8ac0c6e38bf265c4852c2b9f7de11bdee896e638f5d39d99
94,3058.97746584,0.388184240416365,0xf44072eda87ede9613b6ae1b812de8a60ade27a2,2017-11-02T05:46:34.000Z,0.00012690000000041484,0x940f981d3ea8e608de8ede0cf69106a084a9b70f,buy,0x27695e09149adc738a978e9a678f99e4c39e9eb9,0x58ae8ec98d7a045e5aa04c909bbb3ed922bee3f64b9a4a213758969d2fe51ab7
95,6000,0.720066,0x7de5ffa742adc512dc75aaaddfb55336edf7afd4,2017-11-02T05:46:34.000Z,0.000120011,0x805c5971a2d2aa84b663218014717c5db800276d,sell,0x27695e09149adc738a978e9a678f99e4c39e9eb9,0x0aa89f7f45346f2fcecf8b5ae963a6840c6ef87e9d9d6bce81420085e8cf81e0
96,3049.80053345,0.4025736704154,0xfd3ce3704d38d20047da8c701359a0fe3a661435,2017-11-02T05:46:34.000Z,0.000132,0xf44072eda87ede9613b6ae1b812de8a60ade27a2,sell,0x27695e09149adc738a978e9a678f99e4c39e9eb9,0x58ae8ec98d7a045e5aa04c909bbb3ed922bee3f64b9a4a213758969d2fe51ab7
97,1979.99999999,0.25739999999999996,0xf44072eda87ede9613b6ae1b812de8a60ade27a2,2017-11-02T05:46:10.000Z,0.00013000000000065653,0x6a3eb20d9ae7fd213b185f161c64de05b94ef365,buy,0x27695e09149adc738a978e9a678f99e4c39e9eb9,0x3d232684e8720e8d188c70f70169f5e278acbec1622afd3bf7e98cee96d7156a
98,913.19,0.11597421681,0x273a5d3e6721b9f5c1a6474f560c1334c63dda01,2017-11-02T05:46:10.000Z,0.000126999,0x60684dfb5e9d6d43ac11d3cf95860a3e86ebc336,buy,0x27695e09149adc738a978e9a678f99e4c39e9eb9,0xbc62c6515fbf3ee0e9823f9d5a044aa81805d1cb84ba4e255bd3ed64bcaf34dd
99,1974.06,0.26057592,0xfd3ce3704d38d20047da8c701359a0fe3a661435,2017-11-02T05:46:10.000Z,0.000132,0xf44072eda87ede9613b6ae1b812de8a60ade27a2,sell,0x27695e09149adc738a978e9a678f99e4c39e9eb9,0x3d232684e8720e8d188c70f70169f5e278acbec1622afd3bf7e98cee96d7156a
100,910.45043,0.12017945676,0xfd3ce3704d38d20047da8c701359a0fe3a661435,2017-11-02T05:46:10.000Z,0.000132,0x273a5d3e6721b9f5c1a6474f560c1334c63dda01,sell,0x27695e09149adc738a978e9a678f99e4c39e9eb9,0xbc62c6515fbf3ee0e9823f9d5a044aa81805d1cb84ba4e255bd3ed64bcaf34dd
101,5050,0.6161,0xea1639abd5f694178189a4b323ba0279fe853912,2017-11-02T05:46:10.000Z,0.000122,0x805c5971a2d2aa84b663218014717c5db800276d,sell,0x27695e09149adc738a978e9a678f99e4c39e9eb9,0x726a5687f052b0ea927f36a9e2ccf7f505179e643b3a8eed74d2f63a08e2ced9
102,17571.09904867,2.2490655360316625,0x273a5d3e6721b9f5c1a6474f560c1334c63dda01,2017-11-02T05:45:47.000Z,0.000127998,0x940f981d3ea8e608de8ede0cf69106a084a9b70f,buy,0x27695e09149adc738a978e9a678f99e4c39e9eb9,0x6c9d0c2c12e168f995359a5678ff1f45b83200e0c5d39916056de1052317068a
103,17518.38575152,2.31242691920064,0xfd3ce3704d38d20047da8c701359a0fe3a661435,2017-11-02T05:45:47.000Z,0.000132,0x273a5d3e6721b9f5c1a6474f560c1334c63dda01,sell,0x27695e09149adc738a978e9a678f99e4c39e9eb9,0x6c9d0c2c12e168f995359a5678ff1f45b83200e0c5d39916056de1052317068a
104,3811.531,0.503122092,0xfd3ce3704d38d20047da8c701359a0fe3a661435,2017-11-02T05:45:47.000Z,0.000132,0x273a5d3e6721b9f5c1a6474f560c1334c63dda01,sell,0x27695e09149adc738a978e9a678f99e4c39e9eb9,0xd940701dee417293c58ebce757c4bb11b2b9c84febdce25315051665ee6482c1
105,3823,0.485134877,0x273a5d3e6721b9f5c1a6474f560c1334c63dda01,2017-11-02T05:45:47.000Z,0.000126899,0x695455e634642a2bdbd681923782c55ffb1f2127,buy,0x27695e09149adc738a978e9a678f99e4c39e9eb9,0xd940701dee417293c58ebce757c4bb11b2b9c84febdce25315051665ee6482c1
106,6610.50791483,0.81309247352409,0xdef0083fea701af025c19bdf0d328d5a44eac384,2017-11-02T05:45:09.000Z,0.000123,0x805c5971a2d2aa84b663218014717c5db800276d,sell,0x27695e09149adc738a978e9a678f99e4c39e9eb9,0x25efe5061540a5b08ed90164637ef35ae3fc24b1551b8b3446020ec3f59ccc03
107,5000,0.681475,0x84c2f4eeedd911667eb1833ecd0bfa74c0c46b9a,2017-11-02T05:42:33.000Z,0.000136295,0xa19dd3af5c151be661bcd0c7146828afd49940f3,buy,0x27695e09149adc738a978e9a678f99e4c39e9eb9,0xb8d2f280dbae7e5d21581bd5c1fe4a20560a5f6b33e81b69886a7d475987c95a
108,1794.78217525,0.22075820755575,0x442edd20fdaf8d00adb4a94665a1b2edfad915ef,2017-11-02T05:40:14.000Z,0.000123,0xe62b49dd208f7c0f0be52be7667c8a92d5ce7cc2,sell,0x27695e09149adc738a978e9a678f99e4c39e9eb9,0xdffa30f586b37f2d1b31e17a42351e12268fc27f3bf37001e132e91a5c1f54ac
109,1000,0.123,0x442edd20fdaf8d00adb4a94665a1b2edfad915ef,2017-11-02T05:40:14.000Z,0.000123,0x0323891d5e16f77403d23a6eef92f022bb9638da,sell,0x27695e09149adc738a978e9a678f99e4c39e9eb9,0x25d7bdb58860e06a59e9d1a06ceaf5274bd8c9a782355a15ebd0c862c155929d
110,2274.90022966,0.2886848391444782,0x0b0444691425c2183a5b9b33cf336cc421c2c939,2017-11-02T04:04:22.000Z,0.00012690000000027438,0x940f981d3ea8e608de8ede0cf69106a084a9b70f,buy,0x27695e09149adc738a978e9a678f99e4c39e9eb9,0xc6e2cf7f169e71f03f213247082f8413ff8646b08e555cd6883b8540fbca8e00
111,5346.9173732,0.6785238146602475,0x940f981d3ea8e608de8ede0cf69106a084a9b70f,2017-11-02T03:29:11.000Z,0.00012690000000021835,0x940f981d3ea8e608de8ede0cf69106a084a9b70f,buy,0x27695e09149adc738a978e9a678f99e4c39e9eb9,0x2cd42e3e27a20b9907d1d3c356a69bff4071102cc6183288bf88857ae25eb716
112,5362.95652141,0.6805591825674375,0x940f981d3ea8e608de8ede0cf69106a084a9b70f,2017-11-02T03:17:53.000Z,0.0001269000000000948,0x940f981d3ea8e608de8ede0cf69106a084a9b70f,buy,0x27695e09149adc738a978e9a678f99e4c39e9eb9,0xc9c5cac6891c4dc7e62f2a9450befb03b69b47698d02c2ab8871a9cbcfbc18b7
113,5332.90095132,0.6826006559677998,0x940f981d3ea8e608de8ede0cf69106a084a9b70f,2017-11-02T03:14:50.000Z,0.00012799800000013923,0x940f981d3ea8e608de8ede0cf69106a084a9b70f,buy,0x27695e09149adc738a978e9a678f99e4c39e9eb9,0x20ea7c38720592802b98a18d1102f00d98b6c1c23b125a6e3a08a3ade8c491d8
114,30750.0049,3.9052198722951,0xdef0083fea701af025c19bdf0d328d5a44eac384,2017-11-02T02:53:42.000Z,0.000126999,0x96e3b1ca705bf078792c5e0af2c746b672ea798c,buy,0x27695e09149adc738a978e9a678f99e4c39e9eb9,0xb924a1fc0e3d018ff7b607c55be00209db7ba243b8e715b82cff308678502568
115,5000,0.63999,0x9095b24ee684b232207153137da257beac85aaf1,2017-11-02T02:40:43.000Z,0.000127998,0x940f981d3ea8e608de8ede0cf69106a084a9b70f,buy,0x27695e09149adc738a978e9a678f99e4c39e9eb9,0x012ba23cb2e1b29e26a53b4178d0c2c044f19675fb9a9f0d3868f871044e5701
116,2392.58250487,0.29428764809901,0xdef0083fea701af025c19bdf0d328d5a44eac384,2017-11-02T02:35:47.000Z,0.000123,0xa53167b3162ecda5c3c01fe0d87dd3e6c169312d,sell,0x27695e09149adc738a978e9a678f99e4c39e9eb9,0x8dd9b149dc3ad42d66daa18f23cc57cfd0524c04703b478be316283ba5879f33
117,922.9281897,0.11804251546274788,0x7ef9e1398d99285802243cfebf186a2aa20a8f54,2017-11-02T01:46:49.000Z,0.0001279000000001277,0x813c645d692dccb730dc71e65ac7e80c7de12e82,buy,0x27695e09149adc738a978e9a678f99e4c39e9eb9,0x0928edc4f835933964b33c8ec750ce557bf8a414ce8a8f08111f4e184d5a40d5
118,0.4072892,0.0000492819932,0x542f9a56345aef94a0658b2d235fbc737c944622,2017-11-02T01:36:54.000Z,0.000121,0x573ec53b8fcb60e6f20eec96c8045933dd169a4c,sell,0x27695e09149adc738a978e9a678f99e4c39e9eb9,0x8a8436726d5c8998b178f9753a904f461931ddcff1b09b4b3a28b1178de1e38a
119,4085.51791543,0.4902621498516,0xd47c529430f7a868395b6bf3f250dfe95686e77f,2017-11-02T01:35:43.000Z,0.00012,0x573ec53b8fcb60e6f20eec96c8045933dd169a4c,sell,0x27695e09149adc738a978e9a678f99e4c39e9eb9,0x32749121f8bb6a58cd3ea4003cce5cc60be229bc59bbaaf8125d76eb9768d7f6
120,100.927,0.0121213327,0x3fdf175d844774aea82278d80926d3e764f75909,2017-11-02T01:33:21.000Z,0.0001201,0x573ec53b8fcb60e6f20eec96c8045933dd169a4c,sell,0x27695e09149adc738a978e9a678f99e4c39e9eb9,0x646465792d2a610a99a09a6e0f33af0487fb0198bf3c3a3d65f60d00c1b52ecd
121,2000,0.240002,0x24418ab1b19550b380652432eac1ab37bf3d0fa9,2017-11-02T01:32:52.000Z,0.000120001,0x573ec53b8fcb60e6f20eec96c8045933dd169a4c,sell,0x27695e09149adc738a978e9a678f99e4c39e9eb9,0x7e58ceb42a4cdd70341c9a6cc2c1bf208739bd333d3383411ec1e7445f0cbd21
122,2700,0.3240027,0x7510182aeae278a67366d537c08ab1f324d3171d,2017-11-02T01:32:40.000Z,0.000120001,0x573ec53b8fcb60e6f20eec96c8045933dd169a4c,sell,0x27695e09149adc738a978e9a678f99e4c39e9eb9,0xd6b4f484819518f37ec592014ea6779c3defcb42f14bac4710e9c1f51850c655
123,0.18394017,0.00002225676057,0x542f9a56345aef94a0658b2d235fbc737c944622,2017-11-02T01:31:20.000Z,0.000121,0xd87f5118d4a88498f053d0d327b7bbd47b4d3de5,sell,0x27695e09149adc738a978e9a678f99e4c39e9eb9,0xc3c9569e5cd50ce604ec01904871388182b667a13419c3496f49274604b47edd
124,3000,0.366,0xea1639abd5f694178189a4b323ba0279fe853912,2017-11-02T01:24:36.000Z,0.000122,0x62baca93a58211e37bc8ed3cd5bc92ffc73f0a41,sell,0x27695e09149adc738a978e9a678f99e4c39e9eb9,0x76882e077850d4ff712342e424242bd06f652da9616376f4cdf88f09c8ffcde0
125,538.33117336,0.06567640314992,0xea1639abd5f694178189a4b323ba0279fe853912,2017-11-02T01:18:18.000Z,0.000122,0x0c478c4da1f6d18669efe8cf977e810c57f9d5d1,sell,0x27695e09149adc738a978e9a678f99e4c39e9eb9,0x130f3136767d58c582950de19bbf7ed971733a1e251ba6179360c796c0460902
126,922.5,0.1180790775,0x045b4f21a31953f9a51f54124cf1d791dd030dc9,2017-11-02T01:15:12.000Z,0.000127999,0x96e3b1ca705bf078792c5e0af2c746b672ea798c,buy,0x27695e09149adc738a978e9a678f99e4c39e9eb9,0x161c9d18106e9c79a803eed3993d196a4b8648c5eab9e2c063fa6060f2fab523
127,1,0.000127998,0xe2b48b3dd0b33283b4802e63e65518f27e635054,2017-11-02T01:05:39.000Z,0.000127998,0x940f981d3ea8e608de8ede0cf69106a084a9b70f,buy,0x27695e09149adc738a978e9a678f99e4c39e9eb9,0xaf5fb2ac4e4ea58b44316a68aff11a9351751fcd8433e2490057e875ca44c662
128,1,0.000127998,0xed2ca7381d82f8fb9bcc54ea6ab6526e35aece25,2017-11-02T01:05:39.000Z,0.000127998,0x940f981d3ea8e608de8ede0cf69106a084a9b70f,buy,0x27695e09149adc738a978e9a678f99e4c39e9eb9,0x84308cc23ad1b4de629d4d475fcf7b43697808a13b52cd82199c01fd4b953d89
129,61,0.007808,0x9f857389883e22683c11048e84299733d322065a,2017-11-02T00:59:07.000Z,0.000128,0xe44247e303b7d61c6073f5d37d7b6df28ae5951b,buy,0x27695e09149adc738a978e9a678f99e4c39e9eb9,0x72fd21cb4644bddc9e9ffe6f8108bf31121a9552082805ff963ce9bd0bc4b858
130,299.07287409,0.035918652178209,0x3fdf175d844774aea82278d80926d3e764f75909,2017-11-02T00:43:23.000Z,0.0001201,0xa54ffa43d11698bc300d924781518b71dd10f0a8,sell,0x27695e09149adc738a978e9a678f99e4c39e9eb9,0x8fd36704b8ef0803a1bbbd79f421e65aee39d44497184ec2b0c937584781250d
131,1500,0.18825015,0x24418ab1b19550b380652432eac1ab37bf3d0fa9,2017-11-02T00:38:57.000Z,0.0001255001,0x62baca93a58211e37bc8ed3cd5bc92ffc73f0a41,sell,0x27695e09149adc738a978e9a678f99e4c39e9eb9,0x9867f23ce760deb2df2d73a73f9dff296c73a83d331e153cdd4ad0a489bf4ba3
132,30333,3.7976916,0xf60f3bbffa2a0660592b8f12441dee1b1bb0c061,2017-11-02T00:38:57.000Z,0.0001252,0x62baca93a58211e37bc8ed3cd5bc92ffc73f0a41,sell,0x27695e09149adc738a978e9a678f99e4c39e9eb9,0x72d8003759ecc5039410f72460132dc5c09114d3a7acc23f6d4593c836c19fbd
133,22222,2.780216642,0xf60f3bbffa2a0660592b8f12441dee1b1bb0c061,2017-11-02T00:38:57.000Z,0.000125111,0x62baca93a58211e37bc8ed3cd5bc92ffc73f0a41,sell,0x27695e09149adc738a978e9a678f99e4c39e9eb9,0x5f487a11038b607145b8f1ee8fdce35d0fd0b3b0db203ac1f53179ef32e05e26
134,4000,0.502204,0x75c32299da1395c5ba98c6e213f0deb1320a33cb,2017-11-02T00:38:57.000Z,0.000125551,0x62baca93a58211e37bc8ed3cd5bc92ffc73f0a41,sell,0x27695e09149adc738a978e9a678f99e4c39e9eb9,0x257e2ffa465704f20e8edae7353c6da7d7cf576ab14c96a2c6fa876b44a17060
135,750,0.0945,0x37df81e74063d79cbdda9eeaed58c25163f7d207,2017-11-02T00:38:52.000Z,0.000126,0x62baca93a58211e37bc8ed3cd5bc92ffc73f0a41,sell,0x27695e09149adc738a978e9a678f99e4c39e9eb9,0x4f58616da7dae99ce55d9262ae8366865151e1231ce77705c87d30b53f0b679a
136,392.977,0.049515102,0xea1639abd5f694178189a4b323ba0279fe853912,2017-11-02T00:22:41.000Z,0.000126,0x44acb7665310fe891686f68dd19df0225a274a41,sell,0x27695e09149adc738a978e9a678f99e4c39e9eb9,0x42733fd4b05170251e0027c8a97ed368b1ba25ff023e29b8db49a2f2495f2e73
137,20000,2.542372,0x0091820b9b43c6c25d18584fcdaa3a609b5513a1,2017-11-01T23:20:45.000Z,0.0001271186,0x62baca93a58211e37bc8ed3cd5bc92ffc73f0a41,sell,0x27695e09149adc738a978e9a678f99e4c39e9eb9,0x84695c19521ccc6576c0f9a1671ecf4d8e5b5703a8edbc8cb224ede53d875a51
138,21100,2.68392,0x573ec53b8fcb60e6f20eec96c8045933dd169a4c,2017-11-01T23:20:45.000Z,0.0001272,0x62baca93a58211e37bc8ed3cd5bc92ffc73f0a41,sell,0x27695e09149adc738a978e9a678f99e4c39e9eb9,0x8c16602d6ba2c691900bee021b3817faee8865c4a5b7d6ad0c89df2740c408da
139,2000,0.2544,0x573ec53b8fcb60e6f20eec96c8045933dd169a4c,2017-11-01T22:49:44.000Z,0.0001272,0x3b07174592fba512424ffdd73b06c1889e194526,sell,0x27695e09149adc738a978e9a678f99e4c39e9eb9,0xf4677852c5ec7450ae6c713dee34564eeaa580a198dcee9964fd17cf4e57ceae
140,40,0.00515916,0x3439ea50ed00e9ba69d195eb0b5b403b3ba5fba2,2017-11-01T22:49:35.000Z,0.000128979,0x60684dfb5e9d6d43ac11d3cf95860a3e86ebc336,buy,0x27695e09149adc738a978e9a678f99e4c39e9eb9,0xd7eaaf0a386bb0efb8f7e9d2b09ea39423b4c3e9f4aec96f961b8baa3aac08a7
141,14.2419944,0.00179591549384,0x542f9a56345aef94a0658b2d235fbc737c944622,2017-11-01T22:33:05.000Z,0.0001261,0xd48e0e23c5f11810ac2a70b465b1a53906a05335,sell,0x27695e09149adc738a978e9a678f99e4c39e9eb9,0xa9bf8bcb86024f5f55dcb7a3520a1d16a9f42e47f93870d2e49faff3283a29d8
142,171.11667547,0.0216000579445781,0x3b07174592fba512424ffdd73b06c1889e194526,2017-11-01T22:33:05.000Z,0.00012623,0xd48e0e23c5f11810ac2a70b465b1a53906a05335,sell,0x27695e09149adc738a978e9a678f99e4c39e9eb9,0x95ab1a9500e339ea4084e8d8d4f2f5e47ab8354ddb426ed735a27be5b9c39179
143,1111.60147707,0.14006178611082,0xea1639abd5f694178189a4b323ba0279fe853912,2017-11-01T22:02:08.000Z,0.000126,0x442edd20fdaf8d00adb4a94665a1b2edfad915ef,sell,0x27695e09149adc738a978e9a678f99e4c39e9eb9,0xf48bfb3113fb69a7ba0dbecb2771160c629d71e1bd730805879d6a3c3e45c7e0
144,1045.42134135,0.1317230890101,0xea1639abd5f694178189a4b323ba0279fe853912,2017-11-01T22:00:55.000Z,0.000126,0x4be2166a8dbe25e79a9b30b4ce26858e10d21e92,sell,0x27695e09149adc738a978e9a678f99e4c39e9eb9,0xdf0c1a6388a985829a87ef3da2b77ceab65161edc974908970120ede129e343b
145,469.182,0.0591638502,0xa19dd3af5c151be661bcd0c7146828afd49940f3,2017-11-01T21:58:40.000Z,0.0001261,0x4be2166a8dbe25e79a9b30b4ce26858e10d21e92,sell,0x27695e09149adc738a978e9a678f99e4c39e9eb9,0x3e836ba900242bb4a914a7bcb0dc62720341354b6834c4977dc4943c96da6a87
146,6461.46364968,0.814790566224648,0xa19dd3af5c151be661bcd0c7146828afd49940f3,2017-11-01T21:57:12.000Z,0.0001261,0x4be2166a8dbe25e79a9b30b4ce26858e10d21e92,sell,0x27695e09149adc738a978e9a678f99e4c39e9eb9,0x185773e9c0d8487cc34427e7063eef58aed7c6ccd5e997d109ae43380d3c571e
147,997.34121901,0.125764727717161,0xa19dd3af5c151be661bcd0c7146828afd49940f3,2017-11-01T21:53:41.000Z,0.0001261,0x4be2166a8dbe25e79a9b30b4ce26858e10d21e92,sell,0x27695e09149adc738a978e9a678f99e4c39e9eb9,0x28302db2645316a36c856769addb5c97f4584f4a6636bc7e0c8712f0d01df41d
148,4329.76778172,0.545983717274892,0xa19dd3af5c151be661bcd0c7146828afd49940f3,2017-11-01T21:51:01.000Z,0.0001261,0x4be2166a8dbe25e79a9b30b4ce26858e10d21e92,sell,0x27695e09149adc738a978e9a678f99e4c39e9eb9,0xfed21f0de0fa0160ad7fc545d9f6f48a78a8cb0e03bc8d763f24f2cf0aa68c09
149,491.40185196,0.06339034750141652,0x01093995ec71767d17df0c629591024b921258aa,2017-11-01T21:32:03.000Z,0.00012899900000087195,0x60684dfb5e9d6d43ac11d3cf95860a3e86ebc336,buy,0x27695e09149adc738a978e9a678f99e4c39e9eb9,0xbfaa1a332cad101259ed8d2b9eda12976326000520fee31b3e2617845c14ca6c
150,2554.454,0.3221166494,0x17c342d93ae3f44cdb81336b986f12046f912511,2017-11-01T20:43:34.000Z,0.0001261,0x2be12c7ca9a489acbde00a6b5e5bd0e9dd673079,buy,0x27695e09149adc738a978e9a678f99e4c39e9eb9,0x388dff4272da96596f0e811abc9469a04db7776c97d4113aa4c90c6af016c76f
151,2156.31542219,0.271911374738159,0xa19dd3af5c151be661bcd0c7146828afd49940f3,2017-11-01T20:42:19.000Z,0.0001261,0xb9549897417c115c1727a3b20b8353df25967fdd,sell,0x27695e09149adc738a978e9a678f99e4c39e9eb9,0x4f5eec50b0b7c91789ff3ec42c2e04710300de9f2f668050d8c1a366be85e8f5
152,6700,0.84487,0x4b8c8598c60a1eecaabf7d4ddcd54d3ccb268345,2017-11-01T20:41:05.000Z,0.0001261,0x2be12c7ca9a489acbde00a6b5e5bd0e9dd673079,buy,0x27695e09149adc738a978e9a678f99e4c39e9eb9,0xca9a77c60786418f8ad04617e6e7321a1d4089a29352eb30c6a6e120a6013e9c
153,4000,0.5044,0xd18a7ead69b9fe434cf377a24e1c99f56fe36b84,2017-11-01T20:39:59.000Z,0.0001261,0x2be12c7ca9a489acbde00a6b5e5bd0e9dd673079,buy,0x27695e09149adc738a978e9a678f99e4c39e9eb9,0x891743f15e74655e201f472d1f8ab881c1e2016685913f5ef1032d972b494ff3
154,395.54579969,0.049878325341351594,0x79b524bcd2aac68df52ab84184a98c19d0a5ca51,2017-11-01T20:35:43.000Z,0.00012610000000111895,0x2be12c7ca9a489acbde00a6b5e5bd0e9dd673079,buy,0x27695e09149adc738a978e9a678f99e4c39e9eb9,0xe7df06d9bde37d7e9d726da47bfac0046182f066bf3561ac3321a92fb164846e
155,6350,0.800735,0x15636434fa8779ca1895fd3e3bba90139d36a735,2017-11-01T20:27:22.000Z,0.0001261,0x2be12c7ca9a489acbde00a6b5e5bd0e9dd673079,buy,0x27695e09149adc738a978e9a678f99e4c39e9eb9,0x9aab53a64bd993ec7c80ed91456419218fc6610b23ecc42b123e3ccfe06a0a01
156,2990.7287409,0.37713089422749,0xa19dd3af5c151be661bcd0c7146828afd49940f3,2017-11-01T20:26:28.000Z,0.0001261,0xf01bddaf7a9dc5f7382a9385aba23d546ee8f5ff,sell,0x27695e09149adc738a978e9a678f99e4c39e9eb9,0xa2c65f9ad95ceff7b184ac7132a5f00a932ca50991c7f91fcb15c9e4dcaba25f
157,2963.273,0.37405395079,0x3b07174592fba512424ffdd73b06c1889e194526,2017-11-01T20:25:33.000Z,0.00012623,0x15636434fa8779ca1895fd3e3bba90139d36a735,sell,0x27695e09149adc738a978e9a678f99e4c39e9eb9,0xb9b755a7b9529dd3c032fea87bcbfc1149c7901fdb32d7db92aae2314d457b50
158,3408,0.4314528,0xd35cc4db1066b87373c5b83f2a033b4aabb8a1f2,2017-11-01T20:25:17.000Z,0.0001266,0x15636434fa8779ca1895fd3e3bba90139d36a735,sell,0x27695e09149adc738a978e9a678f99e4c39e9eb9,0x0d442af25aaedb387eb1f7666dd41dc26246925812a46bb1fdc9060caac4e247
159,10,0.0013,0xe33384c7e56500d51aec589f40104848c5103f22,2017-11-01T20:19:47.000Z,0.00013,0x6a3eb20d9ae7fd213b185f161c64de05b94ef365,buy,0x27695e09149adc738a978e9a678f99e4c39e9eb9,0x87c08214bde40eb1d2aada29f658c2d568cce7420e996f12c12bcf3cd4f1c891
160,1,0.00013,0x273a5d3e6721b9f5c1a6474f560c1334c63dda01,2017-11-01T20:11:39.000Z,0.00013,0x6a3eb20d9ae7fd213b185f161c64de05b94ef365,buy,0x27695e09149adc738a978e9a678f99e4c39e9eb9,0x65477be54b860e4bbdd28e950a7135745ebb1ca90ebd44e0be1080e43a5f7040
161,0.997,0.0008338908,0x442edd20fdaf8d00adb4a94665a1b2edfad915ef,2017-11-01T20:11:39.000Z,0.0008364,0x273a5d3e6721b9f5c1a6474f560c1334c63dda01,sell,0x27695e09149adc738a978e9a678f99e4c39e9eb9,0x65477be54b860e4bbdd28e950a7135745ebb1ca90ebd44e0be1080e43a5f7040
162,3000,0.379815,0xf01bddaf7a9dc5f7382a9385aba23d546ee8f5ff,2017-11-01T20:01:41.000Z,0.000126605,0x6a3eb20d9ae7fd213b185f161c64de05b94ef365,sell,0x27695e09149adc738a978e9a678f99e4c39e9eb9,0xf12147f665556d823ec974bcfb43a40ed0e46a139b8dbcddb612be8004d365ba
163,1000,0.13,0x39aa35cbc1c40d147f95236799c32c0c5bd81e5e,2017-11-01T20:00:46.000Z,0.00013,0x6a3eb20d9ae7fd213b185f161c64de05b94ef365,buy,0x27695e09149adc738a978e9a678f99e4c39e9eb9,0xe4a8042c64a1ea09831103ff679bb6d31585dfe1f80dffaa11610aa2f895c550
164,1522.96154307,0.2077319544748081,0xc25cb95a525a527e012093126da809361c33bfcf,2017-11-01T19:48:49.000Z,0.00013640000000003945,0x166e1f362539140a936366026e72761f0ff259c7,buy,0x27695e09149adc738a978e9a678f99e4c39e9eb9,0x9be0eff81568779f66de39c670ab2624bbdd4caf44bde0799db2cffd745dedfc
165,2206.21129906,0.3010154696441033,0x4245434f8e5e2784c5eb7ea778527269b059bb1f,2017-11-01T19:48:42.000Z,0.00013644000000016175,0x695455e634642a2bdbd681923782c55ffb1f2127,buy,0x27695e09149adc738a978e9a678f99e4c39e9eb9,0x705b6b4aa9d3201db9787dd45995e5e399d8fee55623a231e4264f29d4018ac5
166,0.74045692,0.000100998325191905,0x54f0c20ed6ccd34eeecea94bdcdcece08d00d679,2017-11-01T19:44:52.000Z,0.00013640000176094646,0x166e1f362539140a936366026e72761f0ff259c7,buy,0x27695e09149adc738a978e9a678f99e4c39e9eb9,0x58f4121e5df846e26ddea7d1d3beb2314a457d28d9a71e17f26f9cbf7fc67b24
167,1471.869106,0.23551377565106,0xcdc95322054561dde9b80c2e5a22f8e09bcb80e7,2017-11-01T18:40:21.000Z,0.00016001,0x273a5d3e6721b9f5c1a6474f560c1334c63dda01,sell,0x27695e09149adc738a978e9a678f99e4c39e9eb9,0x9702aa7ceac94173b72395b3f21c4f9947e1320926214f36b286e8dcd080988c
168,1476.298,0.2013670472,0x273a5d3e6721b9f5c1a6474f560c1334c63dda01,2017-11-01T18:40:21.000Z,0.0001364,0x166e1f362539140a936366026e72761f0ff259c7,buy,0x27695e09149adc738a978e9a678f99e4c39e9eb9,0x9702aa7ceac94173b72395b3f21c4f9947e1320926214f36b286e8dcd080988c
169,4691.681,0.592193359182,0xd35cc4db1066b87373c5b83f2a033b4aabb8a1f2,2017-11-01T18:38:42.000Z,0.000126222,0x2be12c7ca9a489acbde00a6b5e5bd0e9dd673079,buy,0x27695e09149adc738a978e9a678f99e4c39e9eb9,0xc99c99f7accc7027ed1eae5ddc9ab394c34a59ae340d9abbeea45cfce0fd249b
170,5730.61502264,0.722630554354904,0xa19dd3af5c151be661bcd0c7146828afd49940f3,2017-11-01T18:32:26.000Z,0.0001261,0xf70e3c7f7d6ebab5e0523b4b519ea39208c43fd7,sell,0x27695e09149adc738a978e9a678f99e4c39e9eb9,0xd4d55ab3da12d3d4dd2affc719ffab8b003a24286509e425ba364fc5687d8f46
171,9333.76816386,1.176988165462746,0xa19dd3af5c151be661bcd0c7146828afd49940f3,2017-11-01T18:17:49.000Z,0.0001261,0x8015027c35844bd4b4fee91597b14c1a034c4da6,sell,0x27695e09149adc738a978e9a678f99e4c39e9eb9,0x75e140f3e6bbc0976da795c2c6b7c541b51615df6eb57193203aac40f22eeb95
172,74,0.0100936,0xb72c63deadd58c97a7c2f2d00704b0c74352f05e,2017-11-01T18:05:05.000Z,0.0001364,0xf70e3c7f7d6ebab5e0523b4b519ea39208c43fd7,sell,0x27695e09149adc738a978e9a678f99e4c39e9eb9,0x37ed16737c0cdb328ee2464f0d41bb16104e4f6948072209be04f08b9fbe94dd
173,29900,4.09331,0xf5da0a103d57eaaad5c1bae57f128f3763a9f639,2017-11-01T16:26:00.000Z,0.0001369,0xa19dd3af5c151be661bcd0c7146828afd49940f3,buy,0x27695e09149adc738a978e9a678f99e4c39e9eb9,0x7563a1295359cdc05faaad46de8d62bd6aec9186e5da5d2e477763810f137bad
174,1.0780056,0.00013593650616,0x542f9a56345aef94a0658b2d235fbc737c944622,2017-11-01T16:06:57.000Z,0.0001261,0xcef01dfe48077d5ea00cf1ffd949c62026af577e,sell,0x27695e09149adc738a978e9a678f99e4c39e9eb9,0x0d8484fcba742a07345410dc13d562c2453adcf0f237cc6d43ffb989f41e9e92
175,10813.47412548,1.357631676454014,0x573ec53b8fcb60e6f20eec96c8045933dd169a4c,2017-11-01T16:05:41.000Z,0.00012555,0xcef01dfe48077d5ea00cf1ffd949c62026af577e,sell,0x27695e09149adc738a978e9a678f99e4c39e9eb9,0x73b3336d90525281d21a71f91b24956d94af98eed57e386c297813a707525003
176,17487.08493949,2.205121410869689,0xa19dd3af5c151be661bcd0c7146828afd49940f3,2017-11-01T16:04:48.000Z,0.0001261,0xcef01dfe48077d5ea00cf1ffd949c62026af577e,sell,0x27695e09149adc738a978e9a678f99e4c39e9eb9,0x321be63e486a5e9ad4a64ee755a25b4ca6052fec6b886cdd903964d67b14b155
177,15000,1.8975,0x573ec53b8fcb60e6f20eec96c8045933dd169a4c,2017-11-01T16:04:45.000Z,0.0001265,0xcef01dfe48077d5ea00cf1ffd949c62026af577e,sell,0x27695e09149adc738a978e9a678f99e4c39e9eb9,0x728d76c0d205a6d21bf61b27086b47772b143719206f32f6f945402bb798f7f6
178,500,0.06305,0xa19dd3af5c151be661bcd0c7146828afd49940f3,2017-11-01T15:19:24.000Z,0.0001261,0x251bccb83d9dbc592d5edf29f1227c6c5d7e193a,sell,0x27695e09149adc738a978e9a678f99e4c39e9eb9,0xb63bdfb0e1ecc099135857d62cadfcf3f4e8700895efb2a353d252e6ba6a77fb
179,11.5,0.0015525,0xf70e3c7f7d6ebab5e0523b4b519ea39208c43fd7,2017-11-01T15:17:46.000Z,0.000135,0xa4b17bf844aa4d5ec8377f6ed04729a58e9dcdb1,buy,0x27695e09149adc738a978e9a678f99e4c39e9eb9,0x675683098052614b3f090531d53cc0d7b35f5796543ee1ebb455e4231da0d93c
180,1000,0.1261,0xa19dd3af5c151be661bcd0c7146828afd49940f3,2017-11-01T15:16:31.000Z,0.0001261,0x251bccb83d9dbc592d5edf29f1227c6c5d7e193a,sell,0x27695e09149adc738a978e9a678f99e4c39e9eb9,0xd89f8bb0d5cd8a16665a5f3cafb032f408224a313ead088e81cd660b10c3933a
181,11000,1.3871,0xa19dd3af5c151be661bcd0c7146828afd49940f3,2017-11-01T15:13:23.000Z,0.0001261,0xa4b17bf844aa4d5ec8377f6ed04729a58e9dcdb1,sell,0x27695e09149adc738a978e9a678f99e4c39e9eb9,0xc06bbb36153256a735d43d154f65355e1dfbea5da504b306530d1b6ce6f761cb
182,7500,0.9465,0x9dd9ec97bb901d5fbfaa6a6bcf7d21f629960e24,2017-11-01T15:11:26.000Z,0.0001262,0xa4b17bf844aa4d5ec8377f6ed04729a58e9dcdb1,sell,0x27695e09149adc738a978e9a678f99e4c39e9eb9,0xd753d3a11bd9055127f611839299bc471934e3a9168237a7193e3035a8820c65
183,2252.97959259,0.2928873470367,0x4627e7d027945cbb04750f7a8e40a3a4bbb02457,2017-11-01T15:02:21.000Z,0.00013,0x251bccb83d9dbc592d5edf29f1227c6c5d7e193a,sell,0x27695e09149adc738a978e9a678f99e4c39e9eb9,0xce4a8a8937ced7782b55bc869975a05738507f260dcc10975c994301b86b9b94
184,7747.02040741,1.0071126529633,0x4627e7d027945cbb04750f7a8e40a3a4bbb02457,2017-11-01T14:58:35.000Z,0.00013,0x31d807e1ed35f84248341461c6a2c44db722877b,sell,0x27695e09149adc738a978e9a678f99e4c39e9eb9,0xc8f9777ad075d470596100b2ede4e8218999b1dbf87f955951461099906c384e
185,500,0.06275005,0x24418ab1b19550b380652432eac1ab37bf3d0fa9,2017-11-01T14:40:53.000Z,0.0001255001,0x251bccb83d9dbc592d5edf29f1227c6c5d7e193a,sell,0x27695e09149adc738a978e9a678f99e4c39e9eb9,0x01e1f8772d280c67486bcf083600a495741b27b67f537847c663e597504fc2ef
186,10918.5425182,1.3702770860341,0x11d336d59874c21b5cd34dc8e862a7e89db7f4a8,2017-11-01T14:39:03.000Z,0.0001255,0x251bccb83d9dbc592d5edf29f1227c6c5d7e193a,sell,0x27695e09149adc738a978e9a678f99e4c39e9eb9,0xdb10c9f564e7a3ab5a3ee824f4724350657b0380e994485406f4f67c2cb896e9
187,0.001,0.000000136,0x7d69fa677acdc267f5efa0440f98a3cb78805b88,2017-11-01T13:58:54.000Z,0.000136,0x251bccb83d9dbc592d5edf29f1227c6c5d7e193a,buy,0x27695e09149adc738a978e9a678f99e4c39e9eb9,0xeae1e8443256b56b10c50b04d9e734514a4dc0200c184b1b0434afd7570cf044
188,5981.4574818,0.7506729139659,0x11d336d59874c21b5cd34dc8e862a7e89db7f4a8,2017-11-01T13:53:49.000Z,0.0001255,0x4b7c1695c547062a0a52173053ed29a330c3a547,sell,0x27695e09149adc738a978e9a678f99e4c39e9eb9,0xf6d0ffb286acf2a72a6eec534b12001cc37c149a75667862fc5ac3864b93756e
189,13800,1.7319,0x11d336d59874c21b5cd34dc8e862a7e89db7f4a8,2017-11-01T13:46:41.000Z,0.0001255,0x251bccb83d9dbc592d5edf29f1227c6c5d7e193a,sell,0x27695e09149adc738a978e9a678f99e4c39e9eb9,0xe3446f23d706ca769410f6f11d031693db4514be07e2e0f5e7750a9888294d86
190,28.515,0.0042116655,0x8007ede75756029b68aca43f117692beee44a4ae,2017-11-01T13:41:18.000Z,0.0001477,0xc5ade67e26741e927bada0d3201286054c0a3cd0,buy,0x27695e09149adc738a978e9a678f99e4c39e9eb9,0x480c77d1ba25f8335d06169caa7269b157c3b961ce5a647b1dfbcff646b2c996
191,500,0.0685,0xf44072eda87ede9613b6ae1b812de8a60ade27a2,2017-11-01T13:29:37.000Z,0.000137,0xa4b17bf844aa4d5ec8377f6ed04729a58e9dcdb1,buy,0x27695e09149adc738a978e9a678f99e4c39e9eb9,0xe55037605339d6d54431559fbf078b004882f58e9906f8554cee3c292f9e9161
192,498.5,0.0722825,0x8007ede75756029b68aca43f117692beee44a4ae,2017-11-01T13:29:37.000Z,0.000145,0xf44072eda87ede9613b6ae1b812de8a60ade27a2,sell,0x27695e09149adc738a978e9a678f99e4c39e9eb9,0xe55037605339d6d54431559fbf078b004882f58e9906f8554cee3c292f9e9161
193,4.68,0.000590148,0x542f9a56345aef94a0658b2d235fbc737c944622,2017-11-01T13:20:51.000Z,0.0001261,0x5fb0649ecfb37ae4e94d1a5ec3c1498cf8e30ffb,sell,0x27695e09149adc738a978e9a678f99e4c39e9eb9,0xac99c0614e1dbbf8b3781611473b800fe565c43001191d94427937a1e77081e1
194,30,0.003783,0x542f9a56345aef94a0658b2d235fbc737c944622,2017-11-01T13:18:15.000Z,0.0001261,0x5fb0649ecfb37ae4e94d1a5ec3c1498cf8e30ffb,sell,0x27695e09149adc738a978e9a678f99e4c39e9eb9,0x488cdd8c08c4c36954b8a659dea29443c4408bd4395d71e48eb6873e3c75956e
195,9300,1.16715,0x11d336d59874c21b5cd34dc8e862a7e89db7f4a8,2017-11-01T13:17:59.000Z,0.0001255,0x5fb0649ecfb37ae4e94d1a5ec3c1498cf8e30ffb,sell,0x27695e09149adc738a978e9a678f99e4c39e9eb9,0xa0c04b454a93fb39978d9bfa9c6baf6812e52fbbe4bc8e68aaf81649f65c28dc
196,8000,1.096,0xfc495c0f3ef141cbb3355d86bd662be19ab3cf9a,2017-11-01T12:28:50.000Z,0.000137,0xa4b17bf844aa4d5ec8377f6ed04729a58e9dcdb1,buy,0x27695e09149adc738a978e9a678f99e4c39e9eb9,0xb26df86d5e2cac44fde7bb80b58a777707a87d3bd82d24567ce01ec02aa77088
197,996.9095803,0.1226198783769,0xdef0083fea701af025c19bdf0d328d5a44eac384,2017-11-01T11:02:09.000Z,0.000123,0x28d7c78bac02ce390310db928beeccf7f16207c1,sell,0x27695e09149adc738a978e9a678f99e4c39e9eb9,0x965b7280bb4f180bad193a13bc08297dfd5630715e13cab12093cdf2fa1dbdbd
198,2579.996,0.3362651976578,0x14c32a94d825b0fbfc1a7024282f6bcaaa3082d1,2017-11-01T10:22:30.000Z,0.00013033555,0x86c5bc05977fc95ed0b957c94a1fa47af3f69254,sell,0x27695e09149adc738a978e9a678f99e4c39e9eb9,0x24b43c718701362d9a49336696aaa599ca298fb5d29335fab025afc1bf51a8de
199,656,0.086592,0x5cb9c6a832282df6f9772de0f29a5233e0a651f0,2017-11-01T10:18:36.000Z,0.000132,0x86c5bc05977fc95ed0b957c94a1fa47af3f69254,sell,0x27695e09149adc738a978e9a678f99e4c39e9eb9,0x1620cbc18026a6ad173b44e1d5828e714ad631fa32b042dd27f6db355d71d092
200,20000,2.64,0xdef0083fea701af025c19bdf0d328d5a44eac384,2017-11-01T10:18:15.000Z,0.000132,0x86c5bc05977fc95ed0b957c94a1fa47af3f69254,sell,0x27695e09149adc738a978e9a678f99e4c39e9eb9,0x6d2021ca707a6e76a208516f78c0a89b50d01b6e9b0721f2728c1a256e323563
201,38474.848,5.078679936,0xfd3ce3704d38d20047da8c701359a0fe3a661435,2017-11-01T10:17:59.000Z,0.000132,0x86c5bc05977fc95ed0b957c94a1fa47af3f69254,sell,0x27695e09149adc738a978e9a678f99e4c39e9eb9,0x1d6478c79b6983ef6fba994af13565cf3c5e4ff0fc5369114f501847058eeabe
202,16500,2.1780825,0xdef0083fea701af025c19bdf0d328d5a44eac384,2017-11-01T10:17:59.000Z,0.000132005,0x86c5bc05977fc95ed0b957c94a1fa47af3f69254,sell,0x27695e09149adc738a978e9a678f99e4c39e9eb9,0x435a5936d803cd06bbb185fa7590dd380134525e87f99391d0648de46801c28c
203,10000,1.32,0xfd3ce3704d38d20047da8c701359a0fe3a661435,2017-11-01T10:12:34.000Z,0.000132,0x251bccb83d9dbc592d5edf29f1227c6c5d7e193a,sell,0x27695e09149adc738a978e9a678f99e4c39e9eb9,0xa5e1f9f773ea26e85dbc0c3229e99afc30abc447123b3c1e341688113628b7c1
204,5000,0.660025,0xdef0083fea701af025c19bdf0d328d5a44eac384,2017-11-01T10:11:34.000Z,0.000132005,0x251bccb83d9dbc592d5edf29f1227c6c5d7e193a,sell,0x27695e09149adc738a978e9a678f99e4c39e9eb9,0xfe3f2d9b9e097bddb6f66f62fd14977666fe8f0aea000294481fc7886eb77a29
205,3500,0.4620175,0xdef0083fea701af025c19bdf0d328d5a44eac384,2017-11-01T10:06:32.000Z,0.000132005,0x251bccb83d9dbc592d5edf29f1227c6c5d7e193a,sell,0x27695e09149adc738a978e9a678f99e4c39e9eb9,0x98f4038ba61d2eb6dfdf97c98421c0f290886b85b047b565959b00fe9def1bd7
206,2550.0057524,0.354425299526076,0xdef0083fea701af025c19bdf0d328d5a44eac384,2017-11-01T09:56:14.000Z,0.00013899,0x48f9b81f75b3e9166d1e58413699321cc1335a08,buy,0x27695e09149adc738a978e9a678f99e4c39e9eb9,0x2d5c4fd1cfb575345c08feda4ecdd3a51826d5daf71e33d2778b79a97e53f403
207,4500,0.594,0xfd3ce3704d38d20047da8c701359a0fe3a661435,2017-11-01T09:37:18.000Z,0.000132,0x251bccb83d9dbc592d5edf29f1227c6c5d7e193a,sell,0x27695e09149adc738a978e9a678f99e4c39e9eb9,0xbfb2ba138b028fda1ed0f2358518027469677455c3e73cd97e1dc14f14768d21
208,7200,0.9504,0xfd3ce3704d38d20047da8c701359a0fe3a661435,2017-11-01T09:18:18.000Z,0.000132,0x251bccb83d9dbc592d5edf29f1227c6c5d7e193a,sell,0x27695e09149adc738a978e9a678f99e4c39e9eb9,0x8b145d4ac09ce1ec2ce8e8ee80e130626ef589e2bc610ecd191aae291a7c52f6
209,1000,0.133197,0xa045ea6c97d9f07ce2e5020944ee4c1ffac9f599,2017-11-01T09:16:23.000Z,0.000133197,0x251bccb83d9dbc592d5edf29f1227c6c5d7e193a,sell,0x27695e09149adc738a978e9a678f99e4c39e9eb9,0x921946b71fd394e1484cd1394e404a2202940cbd20ecd47c27ee1cb8626967a6
210,6900,0.9190662,0x8894f86a206a5d6c98cca8d9c71c97268c20cbd9,2017-11-01T09:14:45.000Z,0.000133198,0x251bccb83d9dbc592d5edf29f1227c6c5d7e193a,sell,0x27695e09149adc738a978e9a678f99e4c39e9eb9,0x4e46f3f0178cd19b3a1b62a4be352f99b47960edc1d9db7f167e86263850134c
211,7000,0.987,0xfc495c0f3ef141cbb3355d86bd662be19ab3cf9a,2017-11-01T09:01:26.000Z,0.000141,0xda896bd9e964386f7343414a646c8ef75d5ae009,buy,0x27695e09149adc738a978e9a678f99e4c39e9eb9,0xdecb21a17c3c7d789af6e0f6223aa96be2c63695c8802b0cfc72bdffa06f1b7b
212,600,0.0799188,0x8894f86a206a5d6c98cca8d9c71c97268c20cbd9,2017-11-01T08:50:36.000Z,0.000133198,0x251bccb83d9dbc592d5edf29f1227c6c5d7e193a,sell,0x27695e09149adc738a978e9a678f99e4c39e9eb9,0x2b576b183b29d9ee138fdcd6979fd3890d5230acf82e36c621bb7213150c634c
213,45.31822894,0.006394356786223567,0x813c645d692dccb730dc71e65ac7e80c7de12e82,2017-11-01T08:04:37.000Z,0.00014109900002247456,0x60684dfb5e9d6d43ac11d3cf95860a3e86ebc336,buy,0x27695e09149adc738a978e9a678f99e4c39e9eb9,0x020ff0e822abf71e6a9b51f1fe6d79fa0f7424b92f68a29d630d48573cceb2b4
214,15633.29275934,2.0375738100995964,0x14c32a94d825b0fbfc1a7024282f6bcaaa3082d1,2017-11-01T07:16:25.000Z,0.00013033555,0x5d8f7dff5eb423c2cec2b88adb2088024623e370,sell,0x27695e09149adc738a978e9a678f99e4c39e9eb9,0x9248f5210bcbe63513b8a06e9c8fd72a92dde649bbaf50f7e61e4b58008b634c
215,0.00864433,0.00000113240723,0x813c645d692dccb730dc71e65ac7e80c7de12e82,2017-11-01T07:06:38.000Z,0.000131,0xba85ffe69f46549481dc987bd6347ae80dfaed9b,sell,0x27695e09149adc738a978e9a678f99e4c39e9eb9,0x24696f8ec1463bc13badbbb3b90eca16b6fbb0539b029bc2bcd1f64a1ada26be
216,86.71119529,0.011301551329279558,0x14c32a94d825b0fbfc1a7024282f6bcaaa3082d1,2017-11-01T07:05:40.000Z,0.00013033555,0xba85ffe69f46549481dc987bd6347ae80dfaed9b,sell,0x27695e09149adc738a978e9a678f99e4c39e9eb9,0x723bed7e604de197b3a8b71ecd0e16c8660b182953c5f4c6e83eb6cb6d90f503
217,10,0.00138003,0xa0c208ef141f8fafa9449e8180f055ba7027de39,2017-11-01T07:04:18.000Z,0.000138003,0xba85ffe69f46549481dc987bd6347ae80dfaed9b,sell,0x27695e09149adc738a978e9a678f99e4c39e9eb9,0x8d60e6c5523f40eefedb99021079857b2327f3e1cff1408554d6f34e097d4a15
218,10,0.00138003,0xa0c208ef141f8fafa9449e8180f055ba7027de39,2017-11-01T07:04:07.000Z,0.000138003,0xba85ffe69f46549481dc987bd6347ae80dfaed9b,sell,0x27695e09149adc738a978e9a678f99e4c39e9eb9,0xb67cab07f822a9ce9dd94208adab3c9df2c3cc715cbe3d9a5ef900040fb12c8b
219,20,0.00276006,0xec670ebbd986f392d85b38f586c7dfa4df3a4b88,2017-11-01T07:03:01.000Z,0.000138003,0xba85ffe69f46549481dc987bd6347ae80dfaed9b,sell,0x27695e09149adc738a978e9a678f99e4c39e9eb9,0x0d3138e0078544707d1bd98d7485d888a658e136f234a81c596a2ce04f7d63b6
220,2800,0.378,0x813c645d692dccb730dc71e65ac7e80c7de12e82,2017-11-01T07:01:24.000Z,0.000135,0xba85ffe69f46549481dc987bd6347ae80dfaed9b,sell,0x27695e09149adc738a978e9a678f99e4c39e9eb9,0x7c32c1c305b348f1a6499c29b95bc4dc159bdaddd64bd66affa45b8acb2e5674
221,2300,0.3105,0x813c645d692dccb730dc71e65ac7e80c7de12e82,2017-11-01T06:32:19.000Z,0.000135,0x0bab53e9de3abba1aa4c726e3a719071a9b150d5,sell,0x27695e09149adc738a978e9a678f99e4c39e9eb9,0xdcd4c7d724efe305e0d8581d528dd01134d67865af0242a737845974c3e7b966
222,3165.46762583,0.43999999999037,0x4de6bf61916eafb0510af6aa45e0cf994a571adb,2017-11-01T05:09:37.000Z,0.000139,0x251bccb83d9dbc592d5edf29f1227c6c5d7e193a,sell,0x27695e09149adc738a978e9a678f99e4c39e9eb9,0x9d50f06c947551a56062ae178cded2d9d2f9ae128d1759e2da2cb87a4b8878a1
223,386.76483123,0.052445311114788,0x813c645d692dccb730dc71e65ac7e80c7de12e82,2017-11-01T04:40:15.000Z,0.0001356,0x573ec53b8fcb60e6f20eec96c8045933dd169a4c,sell,0x27695e09149adc738a978e9a678f99e4c39e9eb9,0x7bc84d61a9d2bef705121176b5b5e072d933d543cc76f003be93ea61fca567a3
224,1500,0.2034015,0x7510182aeae278a67366d537c08ab1f324d3171d,2017-11-01T04:38:51.000Z,0.000135601,0x573ec53b8fcb60e6f20eec96c8045933dd169a4c,sell,0x27695e09149adc738a978e9a678f99e4c39e9eb9,0xefa6d50eb1af803c6fbabaaeb700c7d1c31f41edfebcdd78f04237a251400ded
225,5000,0.678,0x813c645d692dccb730dc71e65ac7e80c7de12e82,2017-11-01T04:37:50.000Z,0.0001356,0x573ec53b8fcb60e6f20eec96c8045933dd169a4c,sell,0x27695e09149adc738a978e9a678f99e4c39e9eb9,0x5d90aaed743dfb8e4e9d7f8e3c28265a886dbd9f194dba858aa4e85ad1e65dae
226,815.24667536,0.11168960977099536,0x7510182aeae278a67366d537c08ab1f324d3171d,2017-11-01T04:37:14.000Z,0.000137001,0x573ec53b8fcb60e6f20eec96c8045933dd169a4c,sell,0x27695e09149adc738a978e9a678f99e4c39e9eb9,0xf4e38929a727187af9fdec4b68a270ad076d552d870d5ac596fe0cf43beee7a0
227,11908.68699972,1.61362827933076,0x8619b431c8f9c530a21062e9b74d4c935722fe58,2017-11-01T04:36:23.000Z,0.0001355001,0x573ec53b8fcb60e6f20eec96c8045933dd169a4c,sell,0x27695e09149adc738a978e9a678f99e4c39e9eb9,0x9df6c289b2bcdbd5f4fcc9fdab310f0d8a2c3305090387e17a421cce471d6a9b
228,20269.8842531,2.6756247214092,0xaa89278562e9d6f3e1404ebb15bd53c1992cc510,2017-11-01T04:35:45.000Z,0.000132,0x573ec53b8fcb60e6f20eec96c8045933dd169a4c,sell,0x27695e09149adc738a978e9a678f99e4c39e9eb9,0xf36cca95a0cf579c80539f3c6df4a79113e98bebd7f3b64f4a0ef1d22ed9f21d
229,2631.84140056,0.35003490627448,0xaa89278562e9d6f3e1404ebb15bd53c1992cc510,2017-11-01T04:35:20.000Z,0.000133,0x573ec53b8fcb60e6f20eec96c8045933dd169a4c,sell,0x27695e09149adc738a978e9a678f99e4c39e9eb9,0xc32c5342490eaee2697d32020532ec87be46fa3d8cb5943f5ba616ee010b23fb
230,4000,0.57196,0xcef01dfe48077d5ea00cf1ffd949c62026af577e,2017-11-01T04:33:12.000Z,0.00014299,0xda896bd9e964386f7343414a646c8ef75d5ae009,buy,0x27695e09149adc738a978e9a678f99e4c39e9eb9,0x5eaa3162ae204d74446f412c4a20b30b0f72dcd3ce0bdecb89390b1e6dcfcd45
231,5000,0.7145,0xcef01dfe48077d5ea00cf1ffd949c62026af577e,2017-11-01T04:30:01.000Z,0.0001429,0x813c645d692dccb730dc71e65ac7e80c7de12e82,buy,0x27695e09149adc738a978e9a678f99e4c39e9eb9,0x3fd73be9671d775544e5f1e2c124fd0ab16eed80f5697b0d26bb4c252737853e
232,4300,0.5934129,0x912144909b2c997b2cb763d5ce91ea7589f7dbcd,2017-11-01T04:10:43.000Z,0.000138003,0x06463ecba9717adfe509d281b0e3ba9e39762dc6,sell,0x27695e09149adc738a978e9a678f99e4c39e9eb9,0xaa760c061b30941afe156d2bbe288b73e727edd3f58c0df82ff4e081dbee6d3a
233,0.6071883,0.00008227407536883,0x8619b431c8f9c530a21062e9b74d4c935722fe58,2017-11-01T04:06:19.000Z,0.0001355001,0xbf613f2fb893ea88f64f8feacfa36cb4842af7b1,sell,0x27695e09149adc738a978e9a678f99e4c39e9eb9,0x4e76ddc1950201bce9eaa65ab35e1c469c6e81b59398594152190b56add4050e
234,4970.39866034,0.7107670084289404,0xcef01dfe48077d5ea00cf1ffd949c62026af577e,2017-11-01T04:05:47.000Z,0.00014300000000006446,0x813c645d692dccb730dc71e65ac7e80c7de12e82,buy,0x27695e09149adc738a978e9a678f99e4c39e9eb9,0x675da75907f120a86a7379c3c4f2dc251d11b767cea182f1d5e13dd3224f3034
235,6090.70581198,0.8252912465938712,0x8619b431c8f9c530a21062e9b74d4c935722fe58,2017-11-01T04:04:13.000Z,0.0001355001,0xbf613f2fb893ea88f64f8feacfa36cb4842af7b1,sell,0x27695e09149adc738a978e9a678f99e4c39e9eb9,0xa69588225854c4f7a11d9084b1647a7862d4d7360ea0ed00165bbdcd3d578000
236,8500,1.16875,0x002a8e89cf6e9496bdd4dabb59155fd4d73ba895,2017-11-01T03:37:42.000Z,0.0001375,0x2be12c7ca9a489acbde00a6b5e5bd0e9dd673079,buy,0x27695e09149adc738a978e9a678f99e4c39e9eb9,0xe572a0180113e0d1e2b8c93e0ada187279f9f610f5e5146f5765a3afe20042fb
237,6808.3189337,0.9361438533850545,0x813c645d692dccb730dc71e65ac7e80c7de12e82,2017-11-01T03:30:51.000Z,0.0001375000000001916,0x2be12c7ca9a489acbde00a6b5e5bd0e9dd673079,buy,0x27695e09149adc738a978e9a678f99e4c39e9eb9,0x2b3d48a2014d8565166c991afca718b034a5792360ed866befe2fe7a19f67dbe
238,20000,2.72,0x813c645d692dccb730dc71e65ac7e80c7de12e82,2017-11-01T03:28:35.000Z,0.000136,0x2be12c7ca9a489acbde00a6b5e5bd0e9dd673079,buy,0x27695e09149adc738a978e9a678f99e4c39e9eb9,0xc15f69703dc1a43f49efb1b52400e5e5146ab86cad7ddcbe4a6a57164dbbcd7f
239,2640,0.361944,0x573ec53b8fcb60e6f20eec96c8045933dd169a4c,2017-11-01T03:27:08.000Z,0.0001371,0x06463ecba9717adfe509d281b0e3ba9e39762dc6,sell,0x27695e09149adc738a978e9a678f99e4c39e9eb9,0x3bd2c88b03ec7b6e882ef9e9c06046e4b6ef3c9fe2dbb307c1f02102324ba77d
240,4500,0.6119955,0x813c645d692dccb730dc71e65ac7e80c7de12e82,2017-11-01T03:26:48.000Z,0.000135999,0x2be12c7ca9a489acbde00a6b5e5bd0e9dd673079,buy,0x27695e09149adc738a978e9a678f99e4c39e9eb9,0x7b00e3302f4530737b60b0bd7482f0ed7530ff33d0e2958bb9b0d767c1546b31
241,3289.557,0.450669309,0xd6056265fb4a2c55a51c3b6f4f6753920a415305,2017-11-01T03:24:24.000Z,0.000137,0x06463ecba9717adfe509d281b0e3ba9e39762dc6,sell,0x27695e09149adc738a978e9a678f99e4c39e9eb9,0xaf7e660dcd5037c12ab083a74f0cdac077a5e19134265b82c69cbd5dfbeac89f
242,16001.111,2.176151096,0xbeabee7351f51674b92d286713cc552bb72fe901,2017-11-01T03:19:49.000Z,0.000136,0x06463ecba9717adfe509d281b0e3ba9e39762dc6,sell,0x27695e09149adc738a978e9a678f99e4c39e9eb9,0xf17a318f862c72d5c175ae543947846b79a4ec509e6de83891fff08753d3a1fa
243,1760,0.24288,0xec1420b16c82d73e6076a60ce368388f22dd2bc2,2017-11-01T03:13:01.000Z,0.000138,0x06463ecba9717adfe509d281b0e3ba9e39762dc6,sell,0x27695e09149adc738a978e9a678f99e4c39e9eb9,0x1103d4b3d060c2720e8ee9701b49287b730ad2fb863ee23d722230307079be36
244,22000,3.00542,0x9f32f405deecb8ef891ef3abef7ae83095b80cfc,2017-11-01T03:08:44.000Z,0.00013661,0x06463ecba9717adfe509d281b0e3ba9e39762dc6,sell,0x27695e09149adc738a978e9a678f99e4c39e9eb9,0x72a39a8de89c565e8a370f42e61492c0134464e4e7790d7e2d237c85f67d006f
245,607.27845946,0.08841245635595164,0xcef01dfe48077d5ea00cf1ffd949c62026af577e,2017-11-01T02:58:51.000Z,0.00014558800000014682,0x7510182aeae278a67366d537c08ab1f324d3171d,buy,0x27695e09149adc738a978e9a678f99e4c39e9eb9,0xb2a9406b08a72a40e00b339be53d8b1eff1b592aaad9d8804daca5342e56fa9a
246,2498.902,0.36234079,0xcef01dfe48077d5ea00cf1ffd949c62026af577e,2017-11-01T02:55:25.000Z,0.000145,0x573ec53b8fcb60e6f20eec96c8045933dd169a4c,buy,0x27695e09149adc738a978e9a678f99e4c39e9eb9,0x7d803bc1880a118896fe2379fd5599950b97c19a6796962f907540bc4af77f4c
247,9990,1.443555,0xcef01dfe48077d5ea00cf1ffd949c62026af577e,2017-11-01T02:55:25.000Z,0.0001445,0xfbf7dc0756a9768d0c71aea5f8421f3b1eaee7d1,buy,0x27695e09149adc738a978e9a678f99e4c39e9eb9,0x1e053cb66aca0cf564421991a8419cceb3adc51616503cd0993d1acbde85e182
248,8272.48619246,1.13333060836702,0xd6056265fb4a2c55a51c3b6f4f6753920a415305,2017-11-01T02:26:53.000Z,0.000137,0xff2aee02c170272fdfa05ef79e217d5ad33db668,sell,0x27695e09149adc738a978e9a678f99e4c39e9eb9,0x5759abea752891b6fe7001e4e49138c0d908fa72efb0a3a2913194879ce24224
249,0.01,0.0000014559,0x0bab53e9de3abba1aa4c726e3a719071a9b150d5,2017-11-01T02:17:39.000Z,0.00014559,0xda896bd9e964386f7343414a646c8ef75d5ae009,buy,0x27695e09149adc738a978e9a678f99e4c39e9eb9,0x098f513a8f74c86bf43b8c46803211709d14af51a0a91faaec30305388942835
250,2280,0.31236,0xec1420b16c82d73e6076a60ce368388f22dd2bc2,2017-11-01T02:16:46.000Z,0.000137,0xcbe6de482205462f6275c6d6c07b7c5a477d95c8,buy,0x27695e09149adc738a978e9a678f99e4c39e9eb9,0x068f96c8f0ba565e7325fbfed02d068c502e7ce9ecdfc38e2794b7a2c2af768c
251,4484.75332464,0.6144156902290047,0x7510182aeae278a67366d537c08ab1f324d3171d,2017-11-01T02:04:15.000Z,0.000137001,0xf5c05f0e9d14fbbd46f824ff968894e4f5da37c4,sell,0x27695e09149adc738a978e9a678f99e4c39e9eb9,0x0732044e74f70baeeb5ec3860b4445dd5bff737355a34769dbd34591103118ab
252,2498.90157932,0.34484841794616,0x573ec53b8fcb60e6f20eec96c8045933dd169a4c,2017-11-01T02:02:35.000Z,0.000138,0xf5c05f0e9d14fbbd46f824ff968894e4f5da37c4,sell,0x27695e09149adc738a978e9a678f99e4c39e9eb9,0xf26bb98dd9511b9457046a643a339b73614aa0a9eb4d50b42e9e23e50dc4c780
253,4733,0.653154,0x27f15a99a7b741d354ed84b82550ed9e7521311f,2017-11-01T02:02:27.000Z,0.000138,0xf5c05f0e9d14fbbd46f824ff968894e4f5da37c4,sell,0x27695e09149adc738a978e9a678f99e4c39e9eb9,0x853bd6ea5a4f12686ab506e9172ac1e6d4f184abc70fadaa628328e90577bac4
254,4531.552,0.625372302208,0x15636434fa8779ca1895fd3e3bba90139d36a735,2017-11-01T02:02:18.000Z,0.000138004,0xf5c05f0e9d14fbbd46f824ff968894e4f5da37c4,sell,0x27695e09149adc738a978e9a678f99e4c39e9eb9,0x66a1c0ad4eafa687c6b25c5f1b54b45d90f174f7019925f2829f35647282e501
255,5200,0.717626,0x7510182aeae278a67366d537c08ab1f324d3171d,2017-11-01T02:02:11.000Z,0.000138005,0xf5c05f0e9d14fbbd46f824ff968894e4f5da37c4,sell,0x27695e09149adc738a978e9a678f99e4c39e9eb9,0xd18ac72a2f16a25f9a30b283e0a520f69f479ebe5695ca1c1e0a1f9878708b09
256,5468.44781178,0.7546676718168871,0x15636434fa8779ca1895fd3e3bba90139d36a735,2017-11-01T01:58:19.000Z,0.000138004,0x7e3219d4044a4840a247f731a170c1af9e28fcfe,sell,0x27695e09149adc738a978e9a678f99e4c39e9eb9,0x541dc6c6073e02e714e7043cb4d1a7cc2985861c636f0b59e290982cd8c70de5
257,10000,1.39,0xf0e5cedd8a2f529434f44a9e07a448500dd12942,2017-11-01T01:56:44.000Z,0.000139,0x7e3219d4044a4840a247f731a170c1af9e28fcfe,sell,0x27695e09149adc738a978e9a678f99e4c39e9eb9,0x53e2f65dea283c1624861757ef8dbf81ae8d79f02bdac3ee82e62a964707497e
258,0.000139,1.112,0xf0e5cedd8a2f529434f44a9e07a448500dd12942,2017-11-01T00:54:44.000Z,8000,0x273a5d3e6721b9f5c1a6474f560c1334c63dda01,sell,0x27695e09149adc738a978e9a678f99e4c39e9eb9,0x72738a4b853f52b9799d4938dfe6afee643413be4990202923dcf9df048066cf
259,5000,0.72499,0x002a8e89cf6e9496bdd4dabb59155fd4d73ba895,2017-11-01T00:47:58.000Z,0.000144998,0x7510182aeae278a67366d537c08ab1f324d3171d,buy,0x27695e09149adc738a978e9a678f99e4c39e9eb9,0x814dbd42e12fa5783ab04d6209d9a7f2db5a2a124ad9c87221380a2db93a8288
260,2477.872,0.35929144,0x002a8e89cf6e9496bdd4dabb59155fd4d73ba895,2017-11-01T00:47:58.000Z,0.000145,0x573ec53b8fcb60e6f20eec96c8045933dd169a4c,buy,0x27695e09149adc738a978e9a678f99e4c39e9eb9,0x630689adc446183068d58060ae58a132dd909362928f450b6e2391d3e29f5f83
261,2132.805,0.30285831,0x002a8e89cf6e9496bdd4dabb59155fd4d73ba895,2017-11-01T00:26:33.000Z,0.000142,0xea1639abd5f694178189a4b323ba0279fe853912,buy,0x27695e09149adc738a978e9a678f99e4c39e9eb9,0xd3c127bcdca318fd1123591210d2ad96d0c5eecae7b096c5f2b20d861252845a
262,4800,0.6815904,0x002a8e89cf6e9496bdd4dabb59155fd4d73ba895,2017-11-01T00:26:12.000Z,0.000141998,0x7510182aeae278a67366d537c08ab1f324d3171d,buy,0x27695e09149adc738a978e9a678f99e4c39e9eb9,0xe2abc170e7c2c39f154e9790526bcffc1d0e807c206582761cce96a9f1854ffa
263,1000,0.14,0x002a8e89cf6e9496bdd4dabb59155fd4d73ba895,2017-11-01T00:26:12.000Z,0.00014,0xbde166024b8e84042dd97dc292b130bf0cc715fa,buy,0x27695e09149adc738a978e9a678f99e4c39e9eb9,0xac0ea72dad64cbfc9bf9fc1b1c4a4e38e1a24e3b830e2e4a69177835209bdbc8
264,11752.2902474,1.6335683443886,0x4de6bf61916eafb0510af6aa45e0cf994a571adb,2017-11-01T00:11:56.000Z,0.000139,0x62baca93a58211e37bc8ed3cd5bc92ffc73f0a41,sell,0x27695e09149adc738a978e9a678f99e4c39e9eb9,0x04cfcf59a8cd014813213febbd350d5b367eef2efef13fc00f67d850f4c3d368
265,3267,0.450846,0x27f15a99a7b741d354ed84b82550ed9e7521311f,2017-11-01T00:09:57.000Z,0.000138,0x251bccb83d9dbc592d5edf29f1227c6c5d7e193a,sell,0x27695e09149adc738a978e9a678f99e4c39e9eb9,0xdb71c52ec1f00e330c8dc00cf7d9dfa442d44e67e51858387926b89200c30c97
266,2000,0.276,0x27f15a99a7b741d354ed84b82550ed9e7521311f,2017-11-01T00:08:22.000Z,0.000138,0x251bccb83d9dbc592d5edf29f1227c6c5d7e193a,sell,0x27695e09149adc738a978e9a678f99e4c39e9eb9,0x4e13af6e90a0218720f2127b3894ddb5b9fc6206a46f595e3b1ae5d2bdaa8462
267,17025.89164083,2.34957304643454,0xbeabee7351f51674b92d286713cc552bb72fe901,2017-11-01T00:01:51.000Z,0.000138,0x62baca93a58211e37bc8ed3cd5bc92ffc73f0a41,sell,0x27695e09149adc738a978e9a678f99e4c39e9eb9,0x136c13b834d9966541d653a3bd9d1365957e8d8b4d3c45cf9f1a8b67f4144b5e
268,2200,0.3036022,0x7510182aeae278a67366d537c08ab1f324d3171d,2017-11-01T00:01:40.000Z,0.000138001,0x62baca93a58211e37bc8ed3cd5bc92ffc73f0a41,sell,0x27695e09149adc738a978e9a678f99e4c39e9eb9,0x34ce67c6fdf0c034c5c8ac89bf705baf1dc6c6ca248aa536f45321f83ec85bad
269,75.007,0.010425973,0x4de6bf61916eafb0510af6aa45e0cf994a571adb,2017-11-01T00:00:56.000Z,0.000139,0x62baca93a58211e37bc8ed3cd5bc92ffc73f0a41,sell,0x27695e09149adc738a978e9a678f99e4c39e9eb9,0x339d9baf6c76039fd73eaa207c3020223f50d016f5a3a13d7f4c2bb4f7e10f40
270,200,0.0283996,0x38449f7b41793eedc220eb6307a36ebd1ebb7fca,2017-10-31T23:58:11.000Z,0.000141998,0x7510182aeae278a67366d537c08ab1f324d3171d,buy,0x27695e09149adc738a978e9a678f99e4c39e9eb9,0x98479e7aa6f0c3105b982dcb482ce84bd5fc77d7d8faedc7b36bbc39a271808e
271,2662.70814744,0.36745372434672,0xbeabee7351f51674b92d286713cc552bb72fe901,2017-10-31T23:44:21.000Z,0.000138,0x4f2fa71daa2c0508a283eff2bff10acd959c1472,sell,0x27695e09149adc738a978e9a678f99e4c39e9eb9,0x001f14ccf9ba8f75a74ce69873a27da55b498e5bb69199f07252cd1bbeb619c9
272,999.90030905,0.1379862426489,0xbeabee7351f51674b92d286713cc552bb72fe901,2017-10-31T23:38:14.000Z,0.000138,0xa18806d380432330c199038f05d56401cd97ffb9,sell,0x27695e09149adc738a978e9a678f99e4c39e9eb9,0x186efa88bf9e8a98f06ce2694d0338efc1079f00d866875ec713d01b171f4825
273,0.00003419,0.00000000471822,0xbeabee7351f51674b92d286713cc552bb72fe901,2017-10-31T23:35:49.000Z,0.000138,0xa18806d380432330c199038f05d56401cd97ffb9,sell,0x27695e09149adc738a978e9a678f99e4c39e9eb9,0x3ba55ee49bd9cbdd1ba1ba2ad15f32eff2c7c4272fca930e6443ab0db53191e6
274,420,0.05838,0x442edd20fdaf8d00adb4a94665a1b2edfad915ef,2017-10-31T23:06:26.000Z,0.000139,0xcbe6de482205462f6275c6d6c07b7c5a477d95c8,buy,0x27695e09149adc738a978e9a678f99e4c39e9eb9,0x3b22889e45dc78bff7acbafba4dfb1c4a55bb8eddb01b67e42a7789dbc7fd331
275,2949.4032276,0.4070176454088,0xbeabee7351f51674b92d286713cc552bb72fe901,2017-10-31T22:59:10.000Z,0.000138,0xb00548770ea87482f024cd4292a975fea72e8f01,sell,0x27695e09149adc738a978e9a678f99e4c39e9eb9,0xb0d68f7e2df97eba9f8388790ba2d56b1cf3a862315a65a423b0eb57d9901e6c
276,0.04112677,0.00000571662103,0x4de6bf61916eafb0510af6aa45e0cf994a571adb,2017-10-31T22:47:00.000Z,0.000139,0x85340638f7fd12497c9e4f816dc3ef2557d2fc1c,sell,0x27695e09149adc738a978e9a678f99e4c39e9eb9,0x774a7f36a0618fed96e08072f76086fce7b0a050b10a492ae318fa0af3e08a1e
277,412.54268697,0.05693089080186,0xbeabee7351f51674b92d286713cc552bb72fe901,2017-10-31T22:43:42.000Z,0.000138,0x85340638f7fd12497c9e4f816dc3ef2557d2fc1c,sell,0x27695e09149adc738a978e9a678f99e4c39e9eb9,0xe5ba86970946b880fdb20af8574c4605243a5c3c7cf152766b3fe3c989c77c5f
278,7.194,0.000999966,0x4de6bf61916eafb0510af6aa45e0cf994a571adb,2017-10-31T22:43:32.000Z,0.000139,0x85340638f7fd12497c9e4f816dc3ef2557d2fc1c,sell,0x27695e09149adc738a978e9a678f99e4c39e9eb9,0x3719bfa172a320792f1b31219b9930e84508f7d06c5c6f5be94392820f4cba73
279,3950.8996154,0.5491789974402154,0x25cb0ecbc7f8b7844531df9d137dcb594080a311,2017-10-31T22:40:39.000Z,0.000139001,0x85340638f7fd12497c9e4f816dc3ef2557d2fc1c,sell,0x27695e09149adc738a978e9a678f99e4c39e9eb9,0xa07b89f9a11f17618bd00abda8de3b3317a88e1ef767586c69c33546602669e5
280,45,0.006255045,0x25cb0ecbc7f8b7844531df9d137dcb594080a311,2017-10-31T22:33:27.000Z,0.000139001,0x31c8a47c2b84ad46162316d1c82f6e226ab1a80b,sell,0x27695e09149adc738a978e9a678f99e4c39e9eb9,0x22d5a61d1dd91943c859a2b1a532c2e587a8196cf15df92627745a469fef6eb0
281,1495.36437045,0.20785714285692045,0x25cb0ecbc7f8b7844531df9d137dcb594080a311,2017-10-31T22:32:50.000Z,0.000139001,0x31c8a47c2b84ad46162316d1c82f6e226ab1a80b,sell,0x27695e09149adc738a978e9a678f99e4c39e9eb9,0xc4d6ff9adcebb72b1406cbb2b296f06b9ecac0263d143ea2d45a38ece3a77384
282,0.34293689,0.00004766857064689,0x25cb0ecbc7f8b7844531df9d137dcb594080a311,2017-10-31T22:07:35.000Z,0.000139001,0xa18806d380432330c199038f05d56401cd97ffb9,sell,0x27695e09149adc738a978e9a678f99e4c39e9eb9,0x484522c6f40a9826ac132cfb87dfe8fc60ae03ea5e59a76e93dbad63fe010925
283,508.39307726,0.07066714613221727,0x25cb0ecbc7f8b7844531df9d137dcb594080a311,2017-10-31T22:04:03.000Z,0.000139001,0x3c1e45cf0b3191a371abc73095e8fee8a29b0539,sell,0x27695e09149adc738a978e9a678f99e4c39e9eb9,0xde101bb93729f9fa1549373cbcebfce84314c668eba26ab5c035f86e6efa45d8
284,2393.9997004,0.33492055808596,0xfb6af871b71926d2e28864f41090e15cc2b5e846,2017-10-31T22:01:34.000Z,0.0001399,0x441b12f8893595634a0ed8f9eb5840a67130ba3f,sell,0x27695e09149adc738a978e9a678f99e4c39e9eb9,0x8723f2c3d58b41fe8148c6be9fd863ed48bc2412de8b0f8f6ff7429dfdbab4c8
285,2400,0.3336,0x441b12f8893595634a0ed8f9eb5840a67130ba3f,2017-10-31T21:56:41.000Z,0.000139,0xcbe6de482205462f6275c6d6c07b7c5a477d95c8,buy,0x27695e09149adc738a978e9a678f99e4c39e9eb9,0xa9cc9a2be55ebbcc226f444f467badfa5d5f4bf419ca904c312079e450726001
286,30,0.00417,0xc847559681f261b9c1481df5ff4f4ae014317da0,2017-10-31T21:42:20.000Z,0.000139,0xcbe6de482205462f6275c6d6c07b7c5a477d95c8,buy,0x27695e09149adc738a978e9a678f99e4c39e9eb9,0xf510f55eb73032df71374b98677ae12faf3f34e3d56ee0dc91afbc3ba7893736
287,199.38191606,0.027893530056794,0xfb6af871b71926d2e28864f41090e15cc2b5e846,2017-10-31T21:40:32.000Z,0.0001399,0x36ac32b737afb8c3f35056fd8ea1e68cff54208f,sell,0x27695e09149adc738a978e9a678f99e4c39e9eb9,0x3f1ccb79a9f21ef1f84cd261b5b80c3c4671f72d487ac2c5707044bb8b5ca8af
288,136.55667431,0.0191179344034,0x0ce361dcb9a24b6211b7ef736731087221e12d8c,2017-10-31T19:59:21.000Z,0.00014,0xd48e0e23c5f11810ac2a70b465b1a53906a05335,sell,0x27695e09149adc738a978e9a678f99e4c39e9eb9,0x1bb72c8b9266691750778645559bba80697c2aef8e3aaf711d14f5748783f3ac
289,28.515,0.00399295545,0xc5ade67e26741e927bada0d3201286054c0a3cd0,2017-10-31T19:59:10.000Z,0.00014003,0xd48e0e23c5f11810ac2a70b465b1a53906a05335,sell,0x27695e09149adc738a978e9a678f99e4c39e9eb9,0xa91b6f76cbc0347a792681dec8efbd2d74640c8909f012dd2256641c9a41514a
290,67.63562955,0.00950287358740455,0xaedf686fe4e475f071aa62760d6cf14fce82fb3e,2017-10-31T19:59:10.000Z,0.000140501,0xd48e0e23c5f11810ac2a70b465b1a53906a05335,sell,0x27695e09149adc738a978e9a678f99e4c39e9eb9,0x526014ee840bd04d6a97f4571f41c57c29658f9c0ea483a924b4e16a86cbe70d
291,8955.23567899,1.23582252370062,0xbeabee7351f51674b92d286713cc552bb72fe901,2017-10-31T19:43:21.000Z,0.000138,0xff6ef346d8e6c0612a129f135b107123bea60f2b,sell,0x27695e09149adc738a978e9a678f99e4c39e9eb9,0xb00a5994089ef36077c265d343210f2268ddd6f459a24be35891dc98d00e723b
292,99.834,0.014675598,0xad4a9f21193a77b00c1b7b091edccc9143472ab6,2017-10-31T19:41:36.000Z,0.000147,0xea1639abd5f694178189a4b323ba0279fe853912,sell,0x27695e09149adc738a978e9a678f99e4c39e9eb9,0x9cc7a6902a9b3ef4f376639c78786a469d100a86559fe19ead3cee24b9c0f1b5
293,5999.00617128,0.8338678568140913,0x25cb0ecbc7f8b7844531df9d137dcb594080a311,2017-10-31T19:40:51.000Z,0.000139001,0xff6ef346d8e6c0612a129f135b107123bea60f2b,sell,0x27695e09149adc738a978e9a678f99e4c39e9eb9,0x565cd93ac8b6523f8de492f4912b9c656e44116a7680abc372a76a50374b582e
294,0.99382872,0.00013814318590872,0x25cb0ecbc7f8b7844531df9d137dcb594080a311,2017-10-31T19:38:34.000Z,0.000139001,0xff6ef346d8e6c0612a129f135b107123bea60f2b,sell,0x27695e09149adc738a978e9a678f99e4c39e9eb9,0x44e52913b8301315d578285eca9bd3fee083ccea894bb3fd78feb33cbf608607
295,6104.17702091,0.8972285635962141,0x6044e2c1b259eeecb1d5912e83d534eb1681dbe5,2017-10-31T19:23:54.000Z,0.0001469860000001207,0xda896bd9e964386f7343414a646c8ef75d5ae009,buy,0x27695e09149adc738a978e9a678f99e4c39e9eb9,0xd231a17b95044e65b071f6f95a549da196768e8c863559391843247d2c84cb1c
296,1850,0.2719241,0xc847559681f261b9c1481df5ff4f4ae014317da0,2017-10-31T19:17:21.000Z,0.000146986,0xda896bd9e964386f7343414a646c8ef75d5ae009,buy,0x27695e09149adc738a978e9a678f99e4c39e9eb9,0x20ceb5c0f1439ea84527f1525547faa509f6003adb1092c00682d52b859a7b52
297,24.10857784,0.003543719857734214,0xd77fa84cf38318694101f33063e6711ea5c75d2c,2017-10-31T19:03:17.000Z,0.0001469900000428318,0xda896bd9e964386f7343414a646c8ef75d5ae009,buy,0x27695e09149adc738a978e9a678f99e4c39e9eb9,0x8f5169faaf369566e5472a18a728ff503bc3218ef57536aee1d48b725072fc65
298,6850,1.0068815,0x2130394ecc841feebd4cc175fd606064961051aa,2017-10-31T18:52:04.000Z,0.00014699,0xda896bd9e964386f7343414a646c8ef75d5ae009,buy,0x27695e09149adc738a978e9a678f99e4c39e9eb9,0xebdee359d044c68b0a33d6489940f68e49e7947335fb21841a75c451b1a84547
299,0.16583026,0.00002437704822,0xad4a9f21193a77b00c1b7b091edccc9143472ab6,2017-10-31T18:07:42.000Z,0.000147,0xa9284aefdd8cacd510ea3ce7136608956b92c8a2,sell,0x27695e09149adc738a978e9a678f99e4c39e9eb9,0x1ec61066452318270a24ae9822e6239c3341bdccb2d23601ffd4519514cef8ab
300,10994.31827493,1.51721592194034,0xbeabee7351f51674b92d286713cc552bb72fe901,2017-10-31T18:01:23.000Z,0.000138,0x78b3e500b97d992a265f19921173b210ded7a198,sell,0x27695e09149adc738a978e9a678f99e4c39e9eb9,0xa3807c5468c69fe8916c3f14a63d63110e941b3f13bce0ae651db49854afa537
301,200,0.028102,0x36ac32b737afb8c3f35056fd8ea1e68cff54208f,2017-10-31T17:59:16.000Z,0.00014051,0x78b3e500b97d992a265f19921173b210ded7a198,sell,0x27695e09149adc738a978e9a678f99e4c39e9eb9,0x9e14a6c934e4ff02d4ef695f5f1d6eeff765d99efb2179120f37e463d36f70b5
302,1663.44332569,0.2328820655966,0x0ce361dcb9a24b6211b7ef736731087221e12d8c,2017-10-31T17:52:33.000Z,0.00014,0xa9284aefdd8cacd510ea3ce7136608956b92c8a2,sell,0x27695e09149adc738a978e9a678f99e4c39e9eb9,0x57554f06539004ceced0c2d3a8144b0e4129b3819235df4f946cd9b6b0482b8c
303,400,0.0592,0x21d542b6403c2d4406494bdac9db0cbedcbe91da,2017-10-31T17:29:09.000Z,0.000148,0xff2aee02c170272fdfa05ef79e217d5ad33db668,sell,0x27695e09149adc738a978e9a678f99e4c39e9eb9,0x16b93ed4fe8bfd8ad4044bbea4966f26162e7ad49334ac5782039e135e27c058
304,25000,3.75,0xaa89278562e9d6f3e1404ebb15bd53c1992cc510,2017-10-31T17:03:16.000Z,0.00015,0x52129662584dc225ec7977dc5fe7ded4c1936c75,buy,0x27695e09149adc738a978e9a678f99e4c39e9eb9,0xa4e9a98183842fa097b38076fdef54c45f4793263a8231ba4423d16b605c24c2
305,927,0.130244427,0xaedf686fe4e475f071aa62760d6cf14fce82fb3e,2017-10-31T16:44:29.000Z,0.000140501,0x4f2fa71daa2c0508a283eff2bff10acd959c1472,sell,0x27695e09149adc738a978e9a678f99e4c39e9eb9,0x27ae780222e04b2b57a54f75bdad6a73b1182a608ec2ecfcfd167310e1ba2539
306,5141.84155413,0.7198578175782,0xd24a94282c021155140049609a3522578863d780,2017-10-31T16:40:11.000Z,0.00014,0xff2aee02c170272fdfa05ef79e217d5ad33db668,sell,0x27695e09149adc738a978e9a678f99e4c39e9eb9,0x93ccf0dd518272ab1c2a2a3cdedbdbb4273d5b65cc4e64c131400198d45dc92e
307,62000,8.556,0xd6056265fb4a2c55a51c3b6f4f6753920a415305,2017-10-31T16:39:09.000Z,0.000138,0xff2aee02c170272fdfa05ef79e217d5ad33db668,sell,0x27695e09149adc738a978e9a678f99e4c39e9eb9,0xe4996f770e3155f22b8a03e53d51bfe787c8bfc1034ddf4981839cc531ae8c69
308,39090,5.413965,0x573ec53b8fcb60e6f20eec96c8045933dd169a4c,2017-10-31T16:38:58.000Z,0.0001385,0xff2aee02c170272fdfa05ef79e217d5ad33db668,sell,0x27695e09149adc738a978e9a678f99e4c39e9eb9,0x3c28dcd31c70f59a489b2aeda724cec9e9d70da9ba34d734e370b9298477bcaf
309,4899.479555,0.686088820525315,0x9dd9ec97bb901d5fbfaa6a6bcf7d21f629960e24,2017-10-31T16:38:51.000Z,0.000140033,0xff2aee02c170272fdfa05ef79e217d5ad33db668,sell,0x27695e09149adc738a978e9a678f99e4c39e9eb9,0xaabdcd437320c2cda12b82005fabfbae2cc9eac83c82c082745e6df6d4b57059
310,2500,0.35125,0x251bccb83d9dbc592d5edf29f1227c6c5d7e193a,2017-10-31T16:03:21.000Z,0.0001405,0x877060d823dddeec3b963534c251e3bf7b1beb95,sell,0x27695e09149adc738a978e9a678f99e4c39e9eb9,0xfc5c9ec16b29ff67d16de3b3b6ef0a6b933930e902568b368b5824258abe3b7f
311,2407.07773033,0.34180503770686,0xea1639abd5f694178189a4b323ba0279fe853912,2017-10-31T16:02:19.000Z,0.000142,0x877060d823dddeec3b963534c251e3bf7b1beb95,sell,0x27695e09149adc738a978e9a678f99e4c39e9eb9,0x023e342113750c113d2262a7f134dccca4a890291dd923b1c056d5273741fb79
312,0.59738062,0.00008482804804,0xea1639abd5f694178189a4b323ba0279fe853912,2017-10-31T15:35:34.000Z,0.000142,0x602937ccea0050cfcf55b845652355f890815de7,sell,0x27695e09149adc738a978e9a678f99e4c39e9eb9,0x0768c21d804b137e948e5716e91113799c14c6f1c3bba70b83c88fdd44bc6978
313,5992.32488905,0.8509101342451,0xea1639abd5f694178189a4b323ba0279fe853912,2017-10-31T15:31:35.000Z,0.000142,0x602937ccea0050cfcf55b845652355f890815de7,sell,0x27695e09149adc738a978e9a678f99e4c39e9eb9,0xd3ac36f4c9c100a5a6bb19a53a7fad31f001cc88aa03eed96abc598264e04c24
314,200,0.0305,0x38449f7b41793eedc220eb6307a36ebd1ebb7fca,2017-10-31T15:16:04.000Z,0.0001525,0x602937ccea0050cfcf55b845652355f890815de7,buy,0x27695e09149adc738a978e9a678f99e4c39e9eb9,0x50e2e2c379f8f08b2ab9354595fc537d6aca986a5591c29d80b0939ee767357c
315,1495.36437045,0.21010018941259545,0xaedf686fe4e475f071aa62760d6cf14fce82fb3e,2017-10-31T14:53:58.000Z,0.000140501,0xf4f622f83071510e1ee78e992c31b0edc567a494,sell,0x27695e09149adc738a978e9a678f99e4c39e9eb9,0x7370b5712f0639786848d790d5adc747ce65067d40b14115127c346efd99b13d
316,1540.22530156,0.21568236965335147,0x9dd9ec97bb901d5fbfaa6a6bcf7d21f629960e24,2017-10-31T14:47:51.000Z,0.000140033,0x44c2a8c707b49f1790d51305f036f79a0dad9790,sell,0x27695e09149adc738a978e9a678f99e4c39e9eb9,0x53119933ca55db79a5446c89472099bc8578f0c776a846362713e4e2a0c23b81
317,20000,2.80088,0x15636434fa8779ca1895fd3e3bba90139d36a735,2017-10-31T14:37:48.000Z,0.000140044,0xff2aee02c170272fdfa05ef79e217d5ad33db668,sell,0x27695e09149adc738a978e9a678f99e4c39e9eb9,0xd737b97ac743343b2103f426a5507486da07166ebfd1687bec0fbc52a7e1321a
318,50000,7.0025,0xda896bd9e964386f7343414a646c8ef75d5ae009,2017-10-31T14:31:10.000Z,0.00014005,0x62baca93a58211e37bc8ed3cd5bc92ffc73f0a41,sell,0x27695e09149adc738a978e9a678f99e4c39e9eb9,0xc97f3912a787f8ae9f49007c67fd20bbc7b7ad944501934657b5fe5940dfbf3f
319,560.29514344,0.07845980982133352,0x9dd9ec97bb901d5fbfaa6a6bcf7d21f629960e24,2017-10-31T14:28:16.000Z,0.000140033,0x246c2820435c79cbf2843df93761158c79f79801,sell,0x27695e09149adc738a978e9a678f99e4c39e9eb9,0x28d5813cdadf1769573d67298de6c2010aa35dbe645a4a8aa55976a45c23a59d
320,30.904,0.0044594472,0x35669c224a468c878703468d33ee7447cd751801,2017-10-31T14:27:30.000Z,0.0001443,0x246c2820435c79cbf2843df93761158c79f79801,sell,0x27695e09149adc738a978e9a678f99e4c39e9eb9,0xefd432bbd80c484b04c570551c6469d540b554d55df047724c9deedd962e7f40
321,200,0.02884,0x35669c224a468c878703468d33ee7447cd751801,2017-10-31T14:26:38.000Z,0.0001442,0x246c2820435c79cbf2843df93761158c79f79801,sell,0x27695e09149adc738a978e9a678f99e4c39e9eb9,0x42a10b8ae8743b1483f1d73492ef9a99a88e00f02d14f01ff96c3738c005be59
322,1000,0.1441,0x858e0554b2434e3c68fdafb24897fdead7abb568,2017-10-31T14:26:00.000Z,0.0001441,0x246c2820435c79cbf2843df93761158c79f79801,sell,0x27695e09149adc738a978e9a678f99e4c39e9eb9,0x5a350510819ce3f2f292964aa9bee5c329d1ace3be67b79c3739e84161859625
323,100,0.01455,0xdf7beec4a75b0971e48530c14d67385cee710b65,2017-10-31T14:25:27.000Z,0.0001455,0x246c2820435c79cbf2843df93761158c79f79801,sell,0x27695e09149adc738a978e9a678f99e4c39e9eb9,0x853b10cfb7010b4ff9bff643b22c1504ee4ed5074eaf9952bc8ed4b0e76b767b
324,250,0.0364,0x29e2df863baf464f69e8cd8e0ae26075fd07127c,2017-10-31T14:25:22.000Z,0.0001456,0x246c2820435c79cbf2843df93761158c79f79801,sell,0x27695e09149adc738a978e9a678f99e4c39e9eb9,0xda99f954f3594b8725baff5f5b8698a71b78980b3c8dab7fe55a53e761914fb9
325,5,0.0007625,0xd5d00507d0d968126e1c624505594bda00579b18,2017-10-31T14:23:31.000Z,0.0001525,0xfbf7dc0756a9768d0c71aea5f8421f3b1eaee7d1,buy,0x27695e09149adc738a978e9a678f99e4c39e9eb9,0x7df969c81c6f2a2b952a374a1d9c5733f6982ce0fece12f5ad4b734f47b90ee6
326,100,0.0146,0x4fdbdb0d2f7b7374f3285d2c68f559aaab35b476,2017-10-31T14:21:57.000Z,0.000146,0x246c2820435c79cbf2843df93761158c79f79801,sell,0x27695e09149adc738a978e9a678f99e4c39e9eb9,0x76fd99b8fe9e33ec4faf577eced74acca9ea76cd9a027210b90c191bf11c3e1f
327,5,0.0007675,0xd5d00507d0d968126e1c624505594bda00579b18,2017-10-31T14:20:01.000Z,0.0001535,0xfbf7dc0756a9768d0c71aea5f8421f3b1eaee7d1,buy,0x27695e09149adc738a978e9a678f99e4c39e9eb9,0x489c73ef4be891d9254302312690d049999af322a7d0bae1b751d37ace827b4e
328,10000,1.46,0xfbf7dc0756a9768d0c71aea5f8421f3b1eaee7d1,2017-10-31T14:13:03.000Z,0.000146,0xff2aee02c170272fdfa05ef79e217d5ad33db668,sell,0x27695e09149adc738a978e9a678f99e4c39e9eb9,0x6b8248297044fec7a4fd7ce9b0e12d963164be17d72219c551c6e02fd44f1347
329,989.218,0.144459461412,0x15636434fa8779ca1895fd3e3bba90139d36a735,2017-10-31T14:10:45.000Z,0.000146034,0x246c2820435c79cbf2843df93761158c79f79801,sell,0x27695e09149adc738a978e9a678f99e4c39e9eb9,0x11f5e06ee80d11375b601c615e71357bc5727c612586961e0320591b577f9b5d
330,2891.03806026,0.4221898520920088,0x15636434fa8779ca1895fd3e3bba90139d36a735,2017-10-31T14:01:36.000Z,0.000146034,0xc9cb6c4566ea8cde5b2f532571184a82f8e4edc1,sell,0x27695e09149adc738a978e9a678f99e4c39e9eb9,0xfd0c39ed4a6ec2c17d157b44ca7b93ea4f746612a7e52b72aaf5877443dc1329
331,4119.74379423,0.6016226652465838,0x15636434fa8779ca1895fd3e3bba90139d36a735,2017-10-31T13:53:45.000Z,0.000146034,0xd17c01a0bd430fc9b7fcc17e57505b4c014e891e,sell,0x27695e09149adc738a978e9a678f99e4c39e9eb9,0xcdb7fbafda88000f7ca0a6074664cf89221a5ac7b16aa2ed7fc0522c54927e84
332,374,0.05461709,0x87d330cafad109ce27f600f8755e21dbd546023e,2017-10-31T13:42:44.000Z,0.000146035,0xa399ebc3849382d1b4f5d35fac1f7a889d76cd4e,sell,0x27695e09149adc738a978e9a678f99e4c39e9eb9,0x65eb062083c5cc0f0d165249a23173cf27af1dafa55547a72c7d6314b4f57315
333,920,0.153364,0x693de8556b4118333a571c4263c9b28698125f54,2017-10-31T13:40:36.000Z,0.0001667,0xc9d56287b414e1aa0963016aa721b527f095fd9c,sell,0x27695e09149adc738a978e9a678f99e4c39e9eb9,0xe0f5536a920cab4299b1361169bb02160d250680b505c32c92637c7cca0b7ca7
334,922.76,0.1430278,0xc9d56287b414e1aa0963016aa721b527f095fd9c,2017-10-31T13:40:36.000Z,0.000155,0x251bccb83d9dbc592d5edf29f1227c6c5d7e193a,buy,0x27695e09149adc738a978e9a678f99e4c39e9eb9,0xe0f5536a920cab4299b1361169bb02160d250680b505c32c92637c7cca0b7ca7
335,7.8,0.001482,0x617b46d35bfb694187e49f955174322e1bd6f360,2017-10-31T13:16:02.000Z,0.00019,0x4c37fdeaa99c4334475659f775879602d7f34f11,sell,0x27695e09149adc738a978e9a678f99e4c39e9eb9,0x215158cd81cc942ecaa02f2c0a7ed698165e74819ad2de72fd4a75f57f19332d
336,27,0.004104,0xc291a5f5062fd35a44da0c023d4b1aa6ee5a0249,2017-10-31T13:07:50.000Z,0.000152,0xa399ebc3849382d1b4f5d35fac1f7a889d76cd4e,sell,0x27695e09149adc738a978e9a678f99e4c39e9eb9,0xe9bd2bd5ccef3e624a98ff70d92aa03eae8eaf79895174429bae94fb4a2fcbd3
337,8000,1.264,0xf0e5cedd8a2f529434f44a9e07a448500dd12942,2017-10-31T12:59:14.000Z,0.000158,0xff2aee02c170272fdfa05ef79e217d5ad33db668,sell,0x27695e09149adc738a978e9a678f99e4c39e9eb9,0x19cf9504359c27af74d0644890bee7d712791880efe7200f90366fc84bc42ff7
338,20.16778216,0.00308567067048,0xc291a5f5062fd35a44da0c023d4b1aa6ee5a0249,2017-10-31T12:54:04.000Z,0.000153,0xa399ebc3849382d1b4f5d35fac1f7a889d76cd4e,sell,0x27695e09149adc738a978e9a678f99e4c39e9eb9,0x3a2933397ac6200354e645032ed92fc93bc1b9759ea7069cee4582469c3e3fa1
339,8000,1.3592,0xd18a7ead69b9fe434cf377a24e1c99f56fe36b84,2017-10-31T12:48:23.000Z,0.0001699,0xda896bd9e964386f7343414a646c8ef75d5ae009,buy,0x27695e09149adc738a978e9a678f99e4c39e9eb9,0x7f80dbf798935fd3f549802a3e77453534c5c98a70853372644caaa1eebe7dc5
340,26.4,0.00406296,0xc291a5f5062fd35a44da0c023d4b1aa6ee5a0249,2017-10-31T12:44:51.000Z,0.0001539,0xa399ebc3849382d1b4f5d35fac1f7a889d76cd4e,sell,0x27695e09149adc738a978e9a678f99e4c39e9eb9,0x51e5cb52b1fc5a187a9c67479c64e731b565426aa51de2592071d8d572a576bb
341,8,0.00144,0x617b46d35bfb694187e49f955174322e1bd6f360,2017-10-31T12:40:07.000Z,0.00018,0xa5d7d7a2b5edc37d43b5da1629cfac6c3d23c7ef,sell,0x27695e09149adc738a978e9a678f99e4c39e9eb9,0x20f931825464419f531f6b40275a6208f52d5534383e54236ca3d5df8494d661
342,7.8,0.001482,0x617b46d35bfb694187e49f955174322e1bd6f360,2017-10-31T12:39:31.000Z,0.00019,0xa5d7d7a2b5edc37d43b5da1629cfac6c3d23c7ef,sell,0x27695e09149adc738a978e9a678f99e4c39e9eb9,0x916b97337d8b8bcd8b403a86da10bf820acb3908ec614261f4dfcb12a5b672aa
343,14600,2.48054,0x002a8e89cf6e9496bdd4dabb59155fd4d73ba895,2017-10-31T12:36:04.000Z,0.0001699,0xda896bd9e964386f7343414a646c8ef75d5ae009,buy,0x27695e09149adc738a978e9a678f99e4c39e9eb9,0x74d7892ee4af600cb370a5d46329e52c5c7e086856d477f268ec9b20f790f431
344,250,0.042,0x002a8e89cf6e9496bdd4dabb59155fd4d73ba895,2017-10-31T12:34:33.000Z,0.000168,0x9d2b842187612feb195a2bab0920f701e977f883,buy,0x27695e09149adc738a978e9a678f99e4c39e9eb9,0xa0aaf2ef9ef58cec49ceec5311d17bc24f876dbebbf1a9ecddefc257b94c9920
345,30,0.00516,0x52129662584dc225ec7977dc5fe7ded4c1936c75,2017-10-31T12:30:07.000Z,0.000172,0x9d2b842187612feb195a2bab0920f701e977f883,sell,0x27695e09149adc738a978e9a678f99e4c39e9eb9,0xd3e4bf15a12339bcde40fe29ef7199be9545d231c51a5e4d1ddab32e1da65696
346,120,0.02052,0x52129662584dc225ec7977dc5fe7ded4c1936c75,2017-10-31T12:12:24.000Z,0.000171,0x4f2fa71daa2c0508a283eff2bff10acd959c1472,sell,0x27695e09149adc738a978e9a678f99e4c39e9eb9,0x00567eeea319a71c8e5975d21258ab7f0474f0603f8b5b53cf5196e7779ef6db
347,89,0.015842,0x52129662584dc225ec7977dc5fe7ded4c1936c75,2017-10-31T11:48:51.000Z,0.000178,0x251bccb83d9dbc592d5edf29f1227c6c5d7e193a,sell,0x27695e09149adc738a978e9a678f99e4c39e9eb9,0xbc3306c7acf6753a9245c1d59b35e3820513be9ca587c9abf6c5c7cdbf6a031b
348,89,0.015753,0x52129662584dc225ec7977dc5fe7ded4c1936c75,2017-10-31T11:48:51.000Z,0.000177,0x251bccb83d9dbc592d5edf29f1227c6c5d7e193a,sell,0x27695e09149adc738a978e9a678f99e4c39e9eb9,0xc5cc4923b2bc3923e88d0934f90c710c56b5ebc7b7f05d93cf15213a71758ac5
349,564.08219814,0.09927846687382853,0x8e95f03e30f1e8f9c1baa7bc09be94518dfabf1d,2017-10-31T11:26:20.000Z,0.000176000000002107,0xc1a5ef46147ea575372b357e7ab9d98d1d10aafe,buy,0x27695e09149adc738a978e9a678f99e4c39e9eb9,0x0df0f813ec5b6f2180b5313a05f2ce0106fb55cc8d85efe902eb0b111209037e
350,89,0.015664,0xa3b2ceb252ec28d6bb74c78831ebfa56829ff4ed,2017-10-31T11:23:49.000Z,0.000176,0x755bf5c8834482e493dc5f65ea3c9f9a7a105cd2,buy,0x27695e09149adc738a978e9a678f99e4c39e9eb9,0xd2ca460a5060a6b28d5f5e20408af91dc757aa725921a1d8781d37c88ad0a4e5
351,89,0.015842,0x52129662584dc225ec7977dc5fe7ded4c1936c75,2017-10-31T11:22:43.000Z,0.000178,0xa3b2ceb252ec28d6bb74c78831ebfa56829ff4ed,sell,0x27695e09149adc738a978e9a678f99e4c39e9eb9,0x9c505d469febb173ed18b5e921ece5300304d583b3c62d98bf006e82d83b113c
352,1971.56388345,0.3351658601865,0x755bf5c8834482e493dc5f65ea3c9f9a7a105cd2,2017-10-31T11:09:05.000Z,0.00017,0x9778550d76b07ac9f5e57392f68ecdf6efc1774e,buy,0x27695e09149adc738a978e9a678f99e4c39e9eb9,0xd23dbf7bc7b212cf1fd338f82405cbab75240f76e5e99649059cc0fe9633e3b4
353,200,0.0348,0x52129662584dc225ec7977dc5fe7ded4c1936c75,2017-10-31T11:09:03.000Z,0.000174,0x251bccb83d9dbc592d5edf29f1227c6c5d7e193a,sell,0x27695e09149adc738a978e9a678f99e4c39e9eb9,0x3f9c5617666042ee03183ac6ccc5f2b218202424ea188cc472a70505b0eadb11
354,300,0.0486,0x717f27bcb038234ec80a7b537ac968ba6dee5e8d,2017-10-31T11:07:45.000Z,0.000162,0x9778550d76b07ac9f5e57392f68ecdf6efc1774e,sell,0x27695e09149adc738a978e9a678f99e4c39e9eb9,0x478472edc53d902e0c1bb1d3378c9533acf799af6135dab643f734972cba3d97
355,344,0.056072,0x717f27bcb038234ec80a7b537ac968ba6dee5e8d,2017-10-31T11:07:36.000Z,0.000163,0x9778550d76b07ac9f5e57392f68ecdf6efc1774e,sell,0x27695e09149adc738a978e9a678f99e4c39e9eb9,0xedcac728947431ebb93c9c8188180c701c04c1ce764e23a0c65b179a98ebc5ab
356,600,0.1026,0x52129662584dc225ec7977dc5fe7ded4c1936c75,2017-10-31T11:07:36.000Z,0.000171,0x251bccb83d9dbc592d5edf29f1227c6c5d7e193a,sell,0x27695e09149adc738a978e9a678f99e4c39e9eb9,0xd17d8fbd5126305bbdda49838601cb4208d783c1e9be5e28df92b5618a8194be
357,786,0.128118,0x717f27bcb038234ec80a7b537ac968ba6dee5e8d,2017-10-31T11:07:36.000Z,0.000163,0x9778550d76b07ac9f5e57392f68ecdf6efc1774e,sell,0x27695e09149adc738a978e9a678f99e4c39e9eb9,0xdc1afb625f9ab9c65c64b7ad643a48df91034cff85c11177eed5b925d595a976
358,173,0.029929,0x717f27bcb038234ec80a7b537ac968ba6dee5e8d,2017-10-31T11:07:36.000Z,0.000173,0x9778550d76b07ac9f5e57392f68ecdf6efc1774e,sell,0x27695e09149adc738a978e9a678f99e4c39e9eb9,0xcc874053008860b70cc9600cb86510d2c1ca400861c45b4e7df83d95d46fb355
359,200,0.035,0x52129662584dc225ec7977dc5fe7ded4c1936c75,2017-10-31T11:06:14.000Z,0.000175,0x9778550d76b07ac9f5e57392f68ecdf6efc1774e,sell,0x27695e09149adc738a978e9a678f99e4c39e9eb9,0xae09af4cad75c3e8ea67fb3fa672c2a6a8206da845785194c979593311d5ed04
360,4431.369,0.704587671,0xe5dfa415d2e0ee19eef809359065cb129e6dc54b,2017-10-31T11:05:23.000Z,0.000159,0x9778550d76b07ac9f5e57392f68ecdf6efc1774e,sell,0x27695e09149adc738a978e9a678f99e4c39e9eb9,0x66772bb476913470de8d7de5c293195c2bf22e0094e9a945d56a657036ac35e3
361,410.09559986,0.0697162519762,0xc291a5f5062fd35a44da0c023d4b1aa6ee5a0249,2017-10-31T10:51:52.000Z,0.00017,0x251bccb83d9dbc592d5edf29f1227c6c5d7e193a,sell,0x27695e09149adc738a978e9a678f99e4c39e9eb9,0xd9f9522937a2b5942ae13ae13521b2ae9248686cc31fb008273ef3208c57dfb1
362,50,0.00899995,0x52129662584dc225ec7977dc5fe7ded4c1936c75,2017-10-31T10:51:52.000Z,0.000179999,0x813c645d692dccb730dc71e65ac7e80c7de12e82,buy,0x27695e09149adc738a978e9a678f99e4c39e9eb9,0x07ba69cb210cab0801efe18c15d7208b508f33e2f4ecf7f822ad621272c736bb
363,1287.352,0.216275136,0x9a8b8810ecf24ebf3dcde2460a348e0c91df8937,2017-10-31T10:51:52.000Z,0.000168,0x251bccb83d9dbc592d5edf29f1227c6c5d7e193a,sell,0x27695e09149adc738a978e9a678f99e4c39e9eb9,0xc6f622860106b7802f4cf0cd27a325e4fc24d060beae19386d1ed2e4d4353fcf
364,10.5,0.0019215,0xa7f0200c56de3b4b6abfe01f76eb274abed32974,2017-10-31T10:49:26.000Z,0.000183,0x0fedaa5ae33a0afc72f0672011aed122b3094215,sell,0x27695e09149adc738a978e9a678f99e4c39e9eb9,0x2607f686ab9b6dffdb48eeec8872c8892cffa469effc3bdcd5a26ec6968c36a5
365,600,0.1056,0x717f27bcb038234ec80a7b537ac968ba6dee5e8d,2017-10-31T10:49:06.000Z,0.000176,0x755bf5c8834482e493dc5f65ea3c9f9a7a105cd2,sell,0x27695e09149adc738a978e9a678f99e4c39e9eb9,0x336805660ca893bb1cb565b07a2f6e2952b1ffd9c2911dd8923f688411158ab4
366,699.90440014,0.1189837480238,0xc291a5f5062fd35a44da0c023d4b1aa6ee5a0249,2017-10-31T10:47:59.000Z,0.00017,0x9778550d76b07ac9f5e57392f68ecdf6efc1774e,sell,0x27695e09149adc738a978e9a678f99e4c39e9eb9,0x75601c6374b586a1fb22fb1f08d41e0809cd4b4a0aca7e94a1a7e31d7e5e571e
367,8500,1.428,0xc291a5f5062fd35a44da0c023d4b1aa6ee5a0249,2017-10-31T10:45:30.000Z,0.000168,0x9778550d76b07ac9f5e57392f68ecdf6efc1774e,sell,0x27695e09149adc738a978e9a678f99e4c39e9eb9,0x8d45a469b27242e36999c02d646e3a09a377a56068e0a48cdec42558245439f3
368,4200,0.7224,0x9a8b8810ecf24ebf3dcde2460a348e0c91df8937,2017-10-31T10:45:14.000Z,0.000172,0x9778550d76b07ac9f5e57392f68ecdf6efc1774e,sell,0x27695e09149adc738a978e9a678f99e4c39e9eb9,0x1ccee9c6b7faf0aa9ff642c9d5beb16216dae488498aed3d13261a634aca21a9
369,4574.99350369,0.81434884365682,0x9a8b8810ecf24ebf3dcde2460a348e0c91df8937,2017-10-31T10:44:46.000Z,0.000178,0x251bccb83d9dbc592d5edf29f1227c6c5d7e193a,sell,0x27695e09149adc738a978e9a678f99e4c39e9eb9,0xbc2d599b35016d1200027f466946b3d1454a8d8affc64b8b3979ddd679f11bf4
370,9800,1.753024,0x717f27bcb038234ec80a7b537ac968ba6dee5e8d,2017-10-31T10:44:12.000Z,0.00017888,0x9a8b8810ecf24ebf3dcde2460a348e0c91df8937,buy,0x27695e09149adc738a978e9a678f99e4c39e9eb9,0x17b271d7f899afad9324928838934a4ee984c3ed07a0cff98c496371053af849
371,500,0.09,0xd24a94282c021155140049609a3522578863d780,2017-10-31T10:42:11.000Z,0.00018,0x251bccb83d9dbc592d5edf29f1227c6c5d7e193a,sell,0x27695e09149adc738a978e9a678f99e4c39e9eb9,0x4ebcbbff1935de0402a6368deb6b879e8de336311f11772b3b1b4d1d376290d4
372,2514.112,0.457568384,0xa7f0200c56de3b4b6abfe01f76eb274abed32974,2017-10-31T10:38:39.000Z,0.000182,0x813c645d692dccb730dc71e65ac7e80c7de12e82,sell,0x27695e09149adc738a978e9a678f99e4c39e9eb9,0x49e21773a7ae94942b99c58c5f475517e11b09264c5c3894463c6355412463e8
373,18890,3.41909,0x717f27bcb038234ec80a7b537ac968ba6dee5e8d,2017-10-31T10:37:47.000Z,0.000181,0xc291a5f5062fd35a44da0c023d4b1aa6ee5a0249,buy,0x27695e09149adc738a978e9a678f99e4c39e9eb9,0x3f90772bf32e78383dbbb3022327da229e5fc3cf24a026dc2f54772492e4d3a9
374,1000,0.184,0xa7f0200c56de3b4b6abfe01f76eb274abed32974,2017-10-31T10:37:00.000Z,0.000184,0x813c645d692dccb730dc71e65ac7e80c7de12e82,sell,0x27695e09149adc738a978e9a678f99e4c39e9eb9,0x2b381f84d82a9e6cce982ba94b5f591b722a205eca2a94ae98c53730ce2fd811
375,3800,0.684,0x717f27bcb038234ec80a7b537ac968ba6dee5e8d,2017-10-31T10:36:48.000Z,0.00018,0xe5dfa415d2e0ee19eef809359065cb129e6dc54b,buy,0x27695e09149adc738a978e9a678f99e4c39e9eb9,0x65b247b40d8f1c48084b29100074a4c1b4d0584122efa3ef543cb69393394ddb
376,2300,0.414,0xc291a5f5062fd35a44da0c023d4b1aa6ee5a0249,2017-10-31T10:35:52.000Z,0.00018,0x251bccb83d9dbc592d5edf29f1227c6c5d7e193a,sell,0x27695e09149adc738a978e9a678f99e4c39e9eb9,0x64bd87ed574cac039dcbc66a54c92e4c8831c92475cb75fdea53fece41323ab9
377,5100,0.918,0x717f27bcb038234ec80a7b537ac968ba6dee5e8d,2017-10-31T10:35:38.000Z,0.00018,0xa7f0200c56de3b4b6abfe01f76eb274abed32974,buy,0x27695e09149adc738a978e9a678f99e4c39e9eb9,0xdbc7c7c17102c16a604c450a4901f0fe836575419988e585340f330543ae0ab2
378,8800,1.5136,0xd24a94282c021155140049609a3522578863d780,2017-10-31T10:33:05.000Z,0.000172,0x251bccb83d9dbc592d5edf29f1227c6c5d7e193a,sell,0x27695e09149adc738a978e9a678f99e4c39e9eb9,0x56ac93982a42034f3ac7a8593b80357e0ea7a22bf779ca8a1f1a40516d58fb23
379,3500,0.637,0x717f27bcb038234ec80a7b537ac968ba6dee5e8d,2017-10-31T10:33:05.000Z,0.000182,0x755bf5c8834482e493dc5f65ea3c9f9a7a105cd2,buy,0x27695e09149adc738a978e9a678f99e4c39e9eb9,0xf3a2182d616bb4db7822ad3b65c884068f7b51d3d67f916634a59e8adea8b5c2
380,4688.962,0.787745616,0xc291a5f5062fd35a44da0c023d4b1aa6ee5a0249,2017-10-31T10:32:01.000Z,0.000168,0x251bccb83d9dbc592d5edf29f1227c6c5d7e193a,sell,0x27695e09149adc738a978e9a678f99e4c39e9eb9,0xbe46063976879edcdc8e18697f8cb5fba1da746f2bc962f174b0c629bba1d257
381,2911.03783036,0.48905435550048,0xc291a5f5062fd35a44da0c023d4b1aa6ee5a0249,2017-10-31T10:30:26.000Z,0.000168,0x9778550d76b07ac9f5e57392f68ecdf6efc1774e,sell,0x27695e09149adc738a978e9a678f99e4c39e9eb9,0x5558999304d297d8498ebb59b640efe58e0b08173cb7bca33be0c7e97bd33717
382,551.784,0.098217552,0x9a8b8810ecf24ebf3dcde2460a348e0c91df8937,2017-10-31T10:29:29.000Z,0.000178,0x9778550d76b07ac9f5e57392f68ecdf6efc1774e,sell,0x27695e09149adc738a978e9a678f99e4c39e9eb9,0x60e46165ae99fc7f57248412ede5c39546e2e418ac6a8661f4434987f8a26ec3
