,amount,amountBase,buyer,date,price,seller,side,tokenAddr,txHash
0,97311.72365666434,3.211286880669923,0xbc3e403236a5ae3751411391bab7db0406fad9e6,2017-11-02T15:10:42.000Z,0.00003299999999999999,0x739fc8613e0177a800fdb72f4322487e1a23a064,sell,0x0f5d2fb29fb7d3cfee444a200298f468908cc942,0xfec2c40ce7103e1f9d3ce795388035a7549fd209c68458eb6a6ecd43b41391b3
1,14.326647564469914,0.0005,0x4fda9e6bcd83af6c5cc771b5d20accc2b7720074,2017-11-02T12:47:03.000Z,0.0000349,0x1eaa18a0e964d346f2b5182be3f97d7aab5145b9,buy,0x0f5d2fb29fb7d3cfee444a200298f468908cc942,0x488ccc37c2d96205091fc6b220cee8beb22d12def3fabfb77d120af68952d3fb
2,20122.156595586846,0.702263265185981,0xc86f06517348c730504c7e424446a866b79894f5,2017-11-02T12:27:25.000Z,0.0000349,0x1eaa18a0e964d346f2b5182be3f97d7aab5145b9,buy,0x0f5d2fb29fb7d3cfee444a200298f468908cc942,0x5b16304393907e471d72a63d306f06a4e4ba27f93a1cd3505ac9034e6970990d
3,14.326647564469914,0.0005,0x3075f7f189912f4f425dd7021b9c396434197477,2017-11-02T12:21:36.000Z,0.0000349,0x1eaa18a0e964d346f2b5182be3f97d7aab5145b9,buy,0x0f5d2fb29fb7d3cfee444a200298f468908cc942,0xd33df5fb012ab46faa0f9df51b33abbd8ccd029160ce85fa966b4214ccc7af64
4,400,0.012804,0x2a9c0f75d9cd08c1af69358c293b8611ff0b4996,2017-11-02T09:58:32.000Z,0.00003201,0x39dc3f7adc8cad2b03c831c7771a25d4fb99021e,sell,0x0f5d2fb29fb7d3cfee444a200298f468908cc942,0x7d4cb712875c7297ed475010901c81243de6fa6c3d24ad47e49fb356e24293ab
5,2000.787,0.072024330426,0xa75fcdf436c9713b3757819f1fb235918749c3ba,2017-11-02T08:49:29.000Z,0.000035998,0x864c253182846f773742f5a346f5905c6faded78,buy,0x0f5d2fb29fb7d3cfee444a200298f468908cc942,0xaf16e4aa9aaa31ac532a3379f0328b7a669a2e6148bc075a27ade4ef14b4def5
6,9969.095803010667,0.32000797527664243,0x492842125e4c3a7d10cda0e0291ea22788e4ad60,2017-11-02T07:55:38.000Z,0.00003209999999999999,0xa1619bda3f5160d19df5f9358f76a3e9bc893ed6,sell,0x0f5d2fb29fb7d3cfee444a200298f468908cc942,0x2acd1fe723d022a7566bf004134efc37de36406fec41eb202af336239b22f9d1
7,6673.240401676786,0.2402299812199626,0x117ac0195f2d28ba9d046e251dbf4101f9ada4e4,2017-11-02T06:31:15.000Z,0.000035999,0xb38bc467ab6d5ff0dd261828682eaa169feacb80,buy,0x0f5d2fb29fb7d3cfee444a200298f468908cc942,0xe37d907e1d0e6423f45200133c4d82fad09e38feee1cfec70bd0d4b13097e218
8,8167.261,0.292747303284,0x117ac0195f2d28ba9d046e251dbf4101f9ada4e4,2017-11-02T06:23:44.000Z,0.000035844,0xdeda7f64058ce77180ef53de5c27ddbe11968c9b,buy,0x0f5d2fb29fb7d3cfee444a200298f468908cc942,0xced2f6f9fe07ae9211cd989538b02dcf3cf94012139f0a725ddd5c5392c1febb
9,1920,0.0672,0x117ac0195f2d28ba9d046e251dbf4101f9ada4e4,2017-11-02T06:17:43.000Z,0.000035,0x01c05bf83d6fa609939821ab2b2d9267bd2f2273,buy,0x0f5d2fb29fb7d3cfee444a200298f468908cc942,0x41f6394552268f2d58bf14b026d0c2e509e54589da3b8a72fb7fee72f9fc078c
10,31119,1.0860531,0x117ac0195f2d28ba9d046e251dbf4101f9ada4e4,2017-11-02T06:17:10.000Z,0.0000349,0x24991b80b5d64f660affcafa9dca8a420715344a,buy,0x0f5d2fb29fb7d3cfee444a200298f468908cc942,0xbdade0cfeb972a7cd466876aa53c285608af9aeee3ebd62a9e0cd6e674d497ac
11,372.67670222310835,0.011929381238161698,0x2a9c0f75d9cd08c1af69358c293b8611ff0b4996,2017-11-02T01:01:57.000Z,0.00003200999999999999,0xa54ffa43d11698bc300d924781518b71dd10f0a8,sell,0x0f5d2fb29fb7d3cfee444a200298f468908cc942,0xe0b035563a217265111e7f46aab3bd77af1cdbb608b91d3234a31d53acb9d233
12,4500,0.15615,0xac5c1e82b614ca8c022577a857c9f6354911f900,2017-11-02T00:04:50.000Z,0.0000347,0x1eaa18a0e964d346f2b5182be3f97d7aab5145b9,buy,0x0f5d2fb29fb7d3cfee444a200298f468908cc942,0xd374866f7bed1464f8cb224f21adf0282d432dde047a4a10a5f0daecb2a98c59
13,996.9095803010667,0.03239956135978467,0xac5c1e82b614ca8c022577a857c9f6354911f900,2017-11-01T19:52:26.000Z,0.00003249999999999999,0x9c1b289210263135a61022624bd0d525d5befa12,sell,0x0f5d2fb29fb7d3cfee444a200298f468908cc942,0x05fdf1e6b88ee8b427842da0de39a03de46cbd2e2deb9194d7eb222d83ab0abe
14,30000,1.056,0xb5d0ae8422683dfb53a76a97238365a30e0e82c8,2017-11-01T09:26:33.000Z,0.0000352,0x1eaa18a0e964d346f2b5182be3f97d7aab5145b9,buy,0x0f5d2fb29fb7d3cfee444a200298f468908cc942,0xe169e7e42aa505ed4d513b4a502a1449569edfebcdfb72662655d8d51ce41dd8
15,2299.484723861369,0.08025201686276177,0xe1244410d56fa32f6f1cf43dbe13c351c4c7157f,2017-11-01T09:20:31.000Z,0.0000349,0x961c26543da1b75dab96ae986a921fffc92cfa7e,buy,0x0f5d2fb29fb7d3cfee444a200298f468908cc942,0x2b210eadd54b587881b89154f5be1330a05585b9296acef6b4ac583df86d87dc
16,28000,0.9772,0xb5d0ae8422683dfb53a76a97238365a30e0e82c8,2017-11-01T09:03:11.000Z,0.0000349,0x1eaa18a0e964d346f2b5182be3f97d7aab5145b9,buy,0x0f5d2fb29fb7d3cfee444a200298f468908cc942,0x86b04e5bf453a597655cefbc2c3daf67bd34417e97083d6d6203ae59e7174910
17,5867.35,0.1760205,0xb5d0ae8422683dfb53a76a97238365a30e0e82c8,2017-11-01T06:41:27.000Z,0.00003,0xe25676fed56c132d42553b70b71315ebe9ccf14d,buy,0x0f5d2fb29fb7d3cfee444a200298f468908cc942,0x6865bda27645dd99e3dee5699a235d19c8d3537fa9bb58e74c3ab9e9fcff490e
18,1901.598,0.0574282596,0x9ba6f2851c8afe6be654fbd4c3dc7e9e64cffe53,2017-11-01T04:35:04.000Z,0.0000302,0xe25676fed56c132d42553b70b71315ebe9ccf14d,sell,0x0f5d2fb29fb7d3cfee444a200298f468908cc942,0x5a9ccdec9cc5bbf773d8269de36e971b6f021729af989403959087b7b5e8eaf1
19,2000,0.0698,0x6b72125a372db6a37218e9ff16a1fcb038602daa,2017-11-01T03:32:04.000Z,0.0000349,0x1eaa18a0e964d346f2b5182be3f97d7aab5145b9,buy,0x0f5d2fb29fb7d3cfee444a200298f468908cc942,0x35b970621095968636161b1edbe980327e99dc19ef5881e711491da2e44dbcab
20,0.000010915145077757,0.000000000329637381,0x9ba6f2851c8afe6be654fbd4c3dc7e9e64cffe53,2017-10-31T22:37:54.000Z,0.00003019999996809374,0x85340638f7fd12497c9e4f816dc3ef2557d2fc1c,sell,0x0f5d2fb29fb7d3cfee444a200298f468908cc942,0x1c7bd60904c16cc8a027b4252d5df161fd0e232dd69f02bf536c75636812093a
21,0.10948982027498645,0.000003306592572304,0x9ba6f2851c8afe6be654fbd4c3dc7e9e64cffe53,2017-10-31T22:35:46.000Z,0.0000301999999999946,0x85340638f7fd12497c9e4f816dc3ef2557d2fc1c,sell,0x0f5d2fb29fb7d3cfee444a200298f468908cc942,0x93c5d43b1bb834ea2a45af59f163ab3f41800ad5474df1e27fb970856f4c135f
22,1098.2923871783892,0.033168430092787346,0x9ba6f2851c8afe6be654fbd4c3dc7e9e64cffe53,2017-10-31T22:30:34.000Z,0.00003019999999999999,0x85340638f7fd12497c9e4f816dc3ef2557d2fc1c,sell,0x0f5d2fb29fb7d3cfee444a200298f468908cc942,0x5fe649892c70478f5493505dbf95afbd3a1ed2d95cfe91fd0a0782e70700c538
23,3000,0.0936,0x9ba6f2851c8afe6be654fbd4c3dc7e9e64cffe53,2017-10-31T22:24:40.000Z,0.0000312,0x85340638f7fd12497c9e4f816dc3ef2557d2fc1c,sell,0x0f5d2fb29fb7d3cfee444a200298f468908cc942,0x4adeba789e16dd0fa80c481d3bb5335f03ad403a9de79e532b4f5948edf71cf3
24,224.60372844183033,0.007090739706908583,0x24991b80b5d64f660affcafa9dca8a420715344a,2017-10-31T22:23:36.000Z,0.00003156999999999999,0x85340638f7fd12497c9e4f816dc3ef2557d2fc1c,sell,0x0f5d2fb29fb7d3cfee444a200298f468908cc942,0xbd13346b4bd0ff04e0e89be741df6094b9e68af65b515fd6a284b0a37cb83e3f
25,555.9355414005233,0.017567563108256537,0x1eaa18a0e964d346f2b5182be3f97d7aab5145b9,2017-10-31T22:23:26.000Z,0.00003159999999999999,0x85340638f7fd12497c9e4f816dc3ef2557d2fc1c,sell,0x0f5d2fb29fb7d3cfee444a200298f468908cc942,0x57fc2ea666b9c70e621dd996ea447871885b962db57f93f3bd332526e5ab4034
26,75899.26541662547,2.398416787165365,0x1eaa18a0e964d346f2b5182be3f97d7aab5145b9,2017-10-31T19:04:44.000Z,0.00003159999999999999,0x3df86cefaecfaa31be2f74f8f832cb4ef62b79f8,sell,0x0f5d2fb29fb7d3cfee444a200298f468908cc942,0xc64cff76af6ae1eafeb8d57dbf52a4076f7fb38da3e2fc5d1ba4baa96ec52ff3
27,90250.69477625423,2.8483119271385835,0x02fa28346e75d3863a72776ef440343dfd1ea304,2017-10-31T19:03:17.000Z,0.00003155999999999999,0x3df86cefaecfaa31be2f74f8f832cb4ef62b79f8,sell,0x0f5d2fb29fb7d3cfee444a200298f468908cc942,0xa583829ec300bcceb923e275007bd209699371d766af82baa5f23b3698a1540c
28,0.04398896199333374,0.000001390051198989,0x1eaa18a0e964d346f2b5182be3f97d7aab5145b9,2017-10-31T17:01:53.000Z,0.00003159999999999212,0x26a7f4ab31d95cb549daaf4c0335bd7204581f05,sell,0x0f5d2fb29fb7d3cfee444a200298f468908cc942,0x51206743ef77e5ab3a6ab015ab305d3af5a4d49ede058f1aad867aac4bfbf219
29,4315,0.136354,0x1eaa18a0e964d346f2b5182be3f97d7aab5145b9,2017-10-31T16:57:30.000Z,0.0000316,0x01c05bf83d6fa609939821ab2b2d9267bd2f2273,sell,0x0f5d2fb29fb7d3cfee444a200298f468908cc942,0xf68096e59377ae6c36eba2811fd5fdc0c41e52db85f7083973d5d0090930c18c
30,19229.755053012013,0.6076602596751797,0x1eaa18a0e964d346f2b5182be3f97d7aab5145b9,2017-10-31T16:32:21.000Z,0.00003159999999999999,0x6c723da0e2243be0d60a23801c00039b98ce35d6,sell,0x0f5d2fb29fb7d3cfee444a200298f468908cc942,0xbdf393b667bef43b3f2535b58fb37c94de0f3659f31a0f662955c6e6e03a282d
31,1985.6058584582736,0.06393650864235641,0x9ba6f2851c8afe6be654fbd4c3dc7e9e64cffe53,2017-10-31T16:29:20.000Z,0.00003219999999999999,0x6c723da0e2243be0d60a23801c00039b98ce35d6,sell,0x0f5d2fb29fb7d3cfee444a200298f468908cc942,0x45c579d4ca7c7fcee347b225e86832ba8e1b381bb96e38f58de4a013449bb226
32,13801.709656094137,0.48996069279134186,0xcb1ab94d76842a8c63ba853fe87665454f4f49b1,2017-10-31T15:16:04.000Z,0.0000355,0x492842125e4c3a7d10cda0e0291ea22788e4ad60,buy,0x0f5d2fb29fb7d3cfee444a200298f468908cc942,0xffb89cf9833999a559975d5458b7e39bddc8caa8cdb35becedbf3721c788148c
33,20000,0.706,0xcb1ab94d76842a8c63ba853fe87665454f4f49b1,2017-10-31T15:14:57.000Z,0.0000353,0x24991b80b5d64f660affcafa9dca8a420715344a,buy,0x0f5d2fb29fb7d3cfee444a200298f468908cc942,0x55549a0c34c54c992357de43a93e61fdf70b4c88ab6a64adddb06a7f0c8d090e
34,23315.325561558144,0.82,0xcb1ab94d76842a8c63ba853fe87665454f4f49b1,2017-10-31T15:14:46.000Z,0.00003517,0xcac38bf93bd9afaf47f986720b0f0b17aa03f390,buy,0x0f5d2fb29fb7d3cfee444a200298f468908cc942,0xaba34ee4a01a9d1f1f7b277aaa3ad5ffd4ae3a03a908d1256352085bf21a155e
35,1111,0.06666,0x7fcad8632c69b6489455be08b690b41aa52b2146,2017-10-31T12:36:22.000Z,0.00006,0x1abd1ea2747e39709e533dfcdffd9e422e13e56d,buy,0x0f5d2fb29fb7d3cfee444a200298f468908cc942,0xc8ca10abd692edb9eb14d26d183360fc3804495c13c3c4bc4474aacc3041d385
36,3.0142093852592007,0.000097057542205346,0x9ba6f2851c8afe6be654fbd4c3dc7e9e64cffe53,2017-10-31T10:40:47.000Z,0.00003219999999999991,0x81d134852b36e50659a101e9a909213b8dfb1850,sell,0x0f5d2fb29fb7d3cfee444a200298f468908cc942,0x3779de8257279b6f285710c6c7cb4c9cd717781ff62c29c0b92a68de2eff14ae
37,30235.53434353504,0.954233463881966,0x02fa28346e75d3863a72776ef440343dfd1ea304,2017-10-31T10:39:40.000Z,0.00003155999999999999,0x81d134852b36e50659a101e9a909213b8dfb1850,sell,0x0f5d2fb29fb7d3cfee444a200298f468908cc942,0x1d2d5b8c8892faeeecfde2682fe688593d1d29b6b359fe94277910dd92e56137
38,11.379932156467294,0.000366433815438246,0x9ba6f2851c8afe6be654fbd4c3dc7e9e64cffe53,2017-10-31T10:11:15.000Z,0.00003219999999999992,0x009a12d4290630bc01fd82516ac57c1dc6a9bcfb,sell,0x0f5d2fb29fb7d3cfee444a200298f468908cc942,0x073b9021be03298bb3891e588a367fd795938ed15e479fd28df322b24a5651a7
39,2775.3962715581697,0.08761926029309142,0x24991b80b5d64f660affcafa9dca8a420715344a,2017-10-31T09:22:19.000Z,0.00003156999999999999,0x7e3d133519d9f83319315e058d622802f044b4e3,sell,0x0f5d2fb29fb7d3cfee444a200298f468908cc942,0xb263bc9f10aac8b2a550eb80647d93d73f62fa82bd53110e875b1b0decb7daf1
40,2850,0.1000635,0x8e696f0536a65cfbd06bff255a0741ae91e82b82,2017-10-31T06:48:49.000Z,0.00003511,0x24991b80b5d64f660affcafa9dca8a420715344a,sell,0x0f5d2fb29fb7d3cfee444a200298f468908cc942,0xff8022ee9d88453004fe6ba9ae8804dfdf6dba265afc3b718d120277bade03b3
41,13.7708802107292,0.000434608979450613,0x02fa28346e75d3863a72776ef440343dfd1ea304,2017-10-31T05:01:12.000Z,0.00003155999999999995,0xe444a40689f51f63bcd29910622035707d533d29,sell,0x0f5d2fb29fb7d3cfee444a200298f468908cc942,0x4373f81ed443ef1d9057a670e3b88417ebb8d50b765af4bdba0bd4476aee5063
42,0.0001,0.00000000355,0x0c4085d8e714ca77ac5f46cd2b80a92d238a7cd3,2017-10-31T00:52:32.000Z,0.0000355,0x492842125e4c3a7d10cda0e0291ea22788e4ad60,buy,0x0f5d2fb29fb7d3cfee444a200298f468908cc942,0x51b2a0ab119e6cc98c51a7509476478dd6d97fd66c6bb17d31f3cb7aded57c15
43,2048.2902439058635,0.07271430365865816,0xe3b14278b68c1cf3be88bc19c0091272936b5b61,2017-10-31T00:46:14.000Z,0.0000355,0x492842125e4c3a7d10cda0e0291ea22788e4ad60,buy,0x0f5d2fb29fb7d3cfee444a200298f468908cc942,0x81d362f5507fd331bfdb192eb8af929acc8f6e6e9e363d738dd0012da1af28d1
44,9410,0.3322671,0xa53194e5e67e9eade3cfc81a6b5e426a46c58dfe,2017-10-31T00:15:39.000Z,0.00003530999999999999,0xcac38bf93bd9afaf47f986720b0f0b17aa03f390,buy,0x0f5d2fb29fb7d3cfee444a200298f468908cc942,0x89f2f797c1cec87ca435ba14746c00837663c8948b2a06d3ca00df7def4048c2
45,240,0.008474399999999998,0xa93d99b6fa4b111ace2817ecafe74c15fe95bf9c,2017-10-30T22:15:22.000Z,0.00003530999999999999,0xcac38bf93bd9afaf47f986720b0f0b17aa03f390,buy,0x0f5d2fb29fb7d3cfee444a200298f468908cc942,0x9462bbf08a2eb4785eb8e99d502185a13031ead718abb563a6c266f36e0ba371
46,46,0.00161,0xa93d99b6fa4b111ace2817ecafe74c15fe95bf9c,2017-10-30T22:04:13.000Z,0.000035,0xf339c5f3b1902620ff55a3a139c9c1613c7e2ad1,buy,0x0f5d2fb29fb7d3cfee444a200298f468908cc942,0x49e28b6081d0aeed836cff08f6aa8b3d8952ba61e9c5f978925981563ca592b4
47,8518,0.29813,0xa93d99b6fa4b111ace2817ecafe74c15fe95bf9c,2017-10-30T21:58:43.000Z,0.000035,0xf339c5f3b1902620ff55a3a139c9c1613c7e2ad1,buy,0x0f5d2fb29fb7d3cfee444a200298f468908cc942,0x35329506e8d3b8d69662acf9dafccd382499f86f805ef6c86a6d935277f7b737
48,1435.9999,0.05011639651,0xa93d99b6fa4b111ace2817ecafe74c15fe95bf9c,2017-10-30T21:49:47.000Z,0.0000349,0x1eaa18a0e964d346f2b5182be3f97d7aab5145b9,buy,0x0f5d2fb29fb7d3cfee444a200298f468908cc942,0xfa7f71fef404a298c891dfa62f0113cc5daa4f156eac65b584be4ce73d38ccef
49,0.0001,0.00000000349,0x0c4085d8e714ca77ac5f46cd2b80a92d238a7cd3,2017-10-30T21:28:59.000Z,0.0000349,0x1eaa18a0e964d346f2b5182be3f97d7aab5145b9,buy,0x0f5d2fb29fb7d3cfee444a200298f468908cc942,0x070e279d18416f814fbd7f97b50da21e35b04d073af31151026d882ec20e22c7
50,1435.2377629349019,0.04406179932210148,0x1eaa18a0e964d346f2b5182be3f97d7aab5145b9,2017-10-30T13:36:35.000Z,0.00003069999999999999,0xe7518ed301269bdd3b0ef10a97ab952cd409b103,sell,0x0f5d2fb29fb7d3cfee444a200298f468908cc942,0x76eb7410f82f51cec5e0d44544c4c0c1493d059b161eb5c65e33a04cece1d396
51,10000,0.34,0x706ab4a376f9b042448b99ff6e6851baf4890f01,2017-10-30T12:38:16.000Z,0.000034,0x6c723da0e2243be0d60a23801c00039b98ce35d6,sell,0x0f5d2fb29fb7d3cfee444a200298f468908cc942,0x0cc32822dc7d19316e8341dbcb6eec3c86a71c248c5b681e7b0527414714f3a0
52,7572.359,0.2506450829,0x4b1f8cbaecf8ad47672f09a480788f6c421725f9,2017-10-30T11:58:35.000Z,0.0000331,0x6c723da0e2243be0d60a23801c00039b98ce35d6,sell,0x0f5d2fb29fb7d3cfee444a200298f468908cc942,0x3fbcb4a3d383bb1b0b3ba8764da7f595c26598cf8fc3cb0225e47cc4948ff404
53,8000,0.264816,0xc6939e988f4481b549ea7059cfcc42aab1f45bdb,2017-10-30T11:58:35.000Z,0.000033102,0x6c723da0e2243be0d60a23801c00039b98ce35d6,sell,0x0f5d2fb29fb7d3cfee444a200298f468908cc942,0xd0dca0339c44235c88523a5d3d351853d88514f91b10a7d25a48521e415b36cb
54,29319.35662211613,0.9734026398542556,0x4792e19a868aba2a82385ce44369a40233bd0a50,2017-10-30T11:58:08.000Z,0.00003319999999999999,0x6c723da0e2243be0d60a23801c00039b98ce35d6,sell,0x0f5d2fb29fb7d3cfee444a200298f468908cc942,0x2d59de04a4abc732c2c0b1c3ca790a9af2ad2e8970a6fbe5bc48b25859654350
55,12480.64337788387,0.4143573601457445,0x4792e19a868aba2a82385ce44369a40233bd0a50,2017-10-30T11:57:01.000Z,0.00003319999999999999,0x6c723da0e2243be0d60a23801c00039b98ce35d6,sell,0x0f5d2fb29fb7d3cfee444a200298f468908cc942,0xc75c9f9b29dafead6293f813fde3354e46aa3979a605ce24d1cd1a761bca04de
56,12456.980640313748,0.41519116474165724,0x492842125e4c3a7d10cda0e0291ea22788e4ad60,2017-10-30T11:56:28.000Z,0.00003332999999999999,0x6c723da0e2243be0d60a23801c00039b98ce35d6,sell,0x0f5d2fb29fb7d3cfee444a200298f468908cc942,0xeeedb4e6558378044810cae2c6e75ccdb8ec75e117dd475d4c10fd110ae17e5e
57,15000,0.499995,0x94c231252553fa7908d2df643a7cfef9e95d7b52,2017-10-30T11:55:09.000Z,0.000033333,0x6c723da0e2243be0d60a23801c00039b98ce35d6,sell,0x0f5d2fb29fb7d3cfee444a200298f468908cc942,0xa967c83d16537a498cb2bfc36290be079c3fc3e41101ed609b51ac95f80a38dc
58,9000,0.3000006,0xdefd9f8c7f9e42d89dfc340f8c501a4a9c58ec6d,2017-10-30T11:55:03.000Z,0.0000333334,0x6c723da0e2243be0d60a23801c00039b98ce35d6,sell,0x0f5d2fb29fb7d3cfee444a200298f468908cc942,0x8f3de3ee79d77bfe0f2450c39a791fc9ad0f5d5f0556032c2cd8f3f93ffcb0fe
59,2000,0.06998,0x354d2356a6212a078a1116218e98bf6381e1b6c9,2017-10-30T08:45:59.000Z,0.00003499,0xaf859c7dc477ae70ff8c1ee8a25d65d800a90d90,buy,0x0f5d2fb29fb7d3cfee444a200298f468908cc942,0xabd257ce738179518bee81092654a2b6760a674a153f2565a87b66b3a7508ddd
60,1000,0.03499,0x354d2356a6212a078a1116218e98bf6381e1b6c9,2017-10-30T08:45:46.000Z,0.00003499,0xaf859c7dc477ae70ff8c1ee8a25d65d800a90d90,buy,0x0f5d2fb29fb7d3cfee444a200298f468908cc942,0x99c95043c957065a89f0ef9e923e1cd967c97525a9c2b75472cfe35a225ec253
61,3388.4378426876683,0.11293663329677998,0x492842125e4c3a7d10cda0e0291ea22788e4ad60,2017-10-30T08:03:58.000Z,0.00003332999999999999,0xf10abebe6941fea4a6dddd7c9180aec5939e9884,sell,0x0f5d2fb29fb7d3cfee444a200298f468908cc942,0x0f8f2b28d25994174386bbecb906d282b1f7dcad9deb0377fb1b1eb32c302cb0
62,92427.64068159035,3.0593549065606402,0x4b1f8cbaecf8ad47672f09a480788f6c421725f9,2017-10-30T03:50:36.000Z,0.00003309999999999999,0x9778550d76b07ac9f5e57392f68ecdf6efc1774e,sell,0x0f5d2fb29fb7d3cfee444a200298f468908cc942,0x6619cc02de7494964b8d820b0a6aad36333444ad6d86311bd3ab819aa3e435b1
63,5000,0.1665,0xb8ed75542b47bed31670291ee111b71ef9b616ad,2017-10-30T03:11:50.000Z,0.0000333,0x3e799421ad7ca8de3ee650edd05a53423d008ced,sell,0x0f5d2fb29fb7d3cfee444a200298f468908cc942,0xde532a2d491bbabb99babb1fe5ff0de29fa0b99fdf08916bc978cb8a4e72166e
64,1.074025357883909,0.00003579726517827,0x492842125e4c3a7d10cda0e0291ea22788e4ad60,2017-10-30T03:06:14.000Z,0.00003332999999999935,0xf142f26d1cac4ba8a6e6d7974d243eda2fe5f4f9,sell,0x0f5d2fb29fb7d3cfee444a200298f468908cc942,0xc3452af4d8975951e41e330fcb397c529915f6754faa8adb5384e93bfce4997b
65,10773.548364933491,0.35908236700323326,0x492842125e4c3a7d10cda0e0291ea22788e4ad60,2017-10-30T03:04:56.000Z,0.00003332999999999999,0xf142f26d1cac4ba8a6e6d7974d243eda2fe5f4f9,sell,0x0f5d2fb29fb7d3cfee444a200298f468908cc942,0x337563f7f8b13548b4ca481ac57669cc1270b81132f924cfd4ea510f037ad7a3
66,15133.72,0.50442202132,0xd657b59431702cae0925e272e25147306caf910e,2017-10-30T03:04:17.000Z,0.000033331,0xf142f26d1cac4ba8a6e6d7974d243eda2fe5f4f9,sell,0x0f5d2fb29fb7d3cfee444a200298f468908cc942,0xae4304fc0ea6abc697d750990075b0a5d69ff141b0240420135be95585b34332
67,6065.85,0.2021990439,0x967e39e4f6b6f861b9bfb52a16ab43c8cacae90c,2017-10-30T03:02:39.000Z,0.000033334,0xf142f26d1cac4ba8a6e6d7974d243eda2fe5f4f9,sell,0x0f5d2fb29fb7d3cfee444a200298f468908cc942,0x76b38df374f1d886cca9c8986d22d9753521839367e4514436a1275994941ed7
68,50000,1.66665,0x4b1f8cbaecf8ad47672f09a480788f6c421725f9,2017-10-30T03:01:33.000Z,0.000033333,0xf142f26d1cac4ba8a6e6d7974d243eda2fe5f4f9,sell,0x0f5d2fb29fb7d3cfee444a200298f468908cc942,0x17c82ffb2de02c7614dd9a7979cd704df8008174f1fece0914690d6dd042da66
69,8546.127928556689,0.28487662837050864,0x9cfb17468f8d6004cd41893c4c68a71e95117bfb,2017-10-30T03:01:33.000Z,0.00003333399999999999,0xf142f26d1cac4ba8a6e6d7974d243eda2fe5f4f9,sell,0x0f5d2fb29fb7d3cfee444a200298f468908cc942,0xa19566c68fc9302f3bacccf7c736b2f343f126fb09565ede5fbb7529e3fb4d0f
70,31453.87207144331,1.0484833716294912,0x9cfb17468f8d6004cd41893c4c68a71e95117bfb,2017-10-30T02:51:44.000Z,0.00003333399999999999,0xf142f26d1cac4ba8a6e6d7974d243eda2fe5f4f9,sell,0x0f5d2fb29fb7d3cfee444a200298f468908cc942,0x000d66de0a3a0caeb6def936301fd60b383fc46c8d868393697b9768508a7450
71,12.6203667478576,0.000420687305173085,0x9cfb17468f8d6004cd41893c4c68a71e95117bfb,2017-10-30T02:43:25.000Z,0.00003333399999999998,0x379374d13077e8867ef31803c37baf9785a17c00,sell,0x0f5d2fb29fb7d3cfee444a200298f468908cc942,0xdc5670ed684e1a05a2ba83b121b0dba3f0fcb456724c9703c7914267a8aedced
72,10000,0.33333,0x9cfb17468f8d6004cd41893c4c68a71e95117bfb,2017-10-30T02:41:23.000Z,0.000033333,0xc1e9928b68696bdfe34e6711ba06610794ca3279,buy,0x0f5d2fb29fb7d3cfee444a200298f468908cc942,0x8694df2b70e4a5a477c26b35abc3d609273befd9853319b567e219dcac1dcc4a
73,166.2795334463164,0.005542263129299172,0xd657b59431702cae0925e272e25147306caf910e,2017-10-30T00:46:44.000Z,0.00003333099999999999,0x8eed95cae1320feda8650fde55af5260ef3cb663,sell,0x0f5d2fb29fb7d3cfee444a200298f468908cc942,0xb035a8553a20e099bd97d42c2bb04bd82538709fab95994cd80ef210e7581a1f
74,2000,0.07,0xaf859c7dc477ae70ff8c1ee8a25d65d800a90d90,2017-10-29T23:15:48.000Z,0.000035,0xf339c5f3b1902620ff55a3a139c9c1613c7e2ad1,buy,0x0f5d2fb29fb7d3cfee444a200298f468908cc942,0x995d546f8b2fdfcf1ec144c507392253955ea917e2c8c4926e5bb6799902c525
75,3379.959126707208,0.11265403769315123,0x492842125e4c3a7d10cda0e0291ea22788e4ad60,2017-10-29T15:44:22.000Z,0.00003332999999999999,0x7530f85827154ce178ff6c0710af07520663f9d5,sell,0x0f5d2fb29fb7d3cfee444a200298f468908cc942,0x9e372e6891402d6ae01533ed83524346274d0501fd0d276c493fd253a0869e05
76,30000,1.0497,0x4b1f8cbaecf8ad47672f09a480788f6c421725f9,2017-10-29T14:31:10.000Z,0.00003499,0x492842125e4c3a7d10cda0e0291ea22788e4ad60,buy,0x0f5d2fb29fb7d3cfee444a200298f468908cc942,0x2dacc236d1950e6c015d077a960715d119e41b61e9ce19a5e42ed765a66c7d70
77,0.748647852656764,0.000024780243922938,0x1eaa18a0e964d346f2b5182be3f97d7aab5145b9,2017-10-29T02:15:00.000Z,0.00003309999999999881,0xf142f26d1cac4ba8a6e6d7974d243eda2fe5f4f9,sell,0x0f5d2fb29fb7d3cfee444a200298f468908cc942,0x086c0b5413bcba1235d22d0b627c747e3440cea194864a1acc53e7b74323a393
78,4240,0.153487576,0xaf859c7dc477ae70ff8c1ee8a25d65d800a90d90,2017-10-29T00:32:56.000Z,0.0000361999,0xd657b59431702cae0925e272e25147306caf910e,buy,0x0f5d2fb29fb7d3cfee444a200298f468908cc942,0x0cda09992dd515137a96684fa5036a6fd27c139cdc00b5e9401a1ffe17d76a38
79,13.812192851361468,0.0005,0xe444a40689f51f63bcd29910622035707d533d29,2017-10-28T20:44:54.000Z,0.0000361999,0xd657b59431702cae0925e272e25147306caf910e,buy,0x0f5d2fb29fb7d3cfee444a200298f468908cc942,0x989e18a1f7b2492bf423cfa8150ecac29ff501a8d8d8ab2b52daf1dcd68ad364
80,13.812192851361468,0.0005,0x34f9560c63078eb61872a4dc2ccd20e21c34feaf,2017-10-28T20:44:50.000Z,0.0000361999,0xd657b59431702cae0925e272e25147306caf910e,buy,0x0f5d2fb29fb7d3cfee444a200298f468908cc942,0x1049aa859eccd22dd4375bb59ee2a3258b801e9b6e4a77af4f42aa7428343a7b
81,10000,0.361999,0x4013176e5a4e7bf43a4d5ee5777ec6cf1e60ab9e,2017-10-28T18:17:24.000Z,0.0000361999,0xd657b59431702cae0925e272e25147306caf910e,buy,0x0f5d2fb29fb7d3cfee444a200298f468908cc942,0xff34952af453c022196be083e03bd7c0066f6a89648031583cce9a3b0fa60487
82,9638.181913234203,0.3180600031367287,0xb8ed75542b47bed31670291ee111b71ef9b616ad,2017-10-28T17:12:46.000Z,0.00003299999999999999,0x1ed014aec47fae44c9e55bac7662c0b78ae61798,sell,0x0f5d2fb29fb7d3cfee444a200298f468908cc942,0x608b3ff4d456cd5862573ae78f62a3a30a7052eeab4d4bdd43e417dd0bb244a6
83,3760,0.135736,0x4013176e5a4e7bf43a4d5ee5777ec6cf1e60ab9e,2017-10-28T11:26:03.000Z,0.0000361,0x1eaa18a0e964d346f2b5182be3f97d7aab5145b9,buy,0x0f5d2fb29fb7d3cfee444a200298f468908cc942,0x01a441d05e463ca5e281016a2e6a3a731949a94c0536346fba4c7eaa5c5c22a8
84,681.2667344435228,0.02466178766018208,0x4013176e5a4e7bf43a4d5ee5777ec6cf1e60ab9e,2017-10-28T11:02:00.000Z,0.0000361999,0xd657b59431702cae0925e272e25147306caf910e,buy,0x0f5d2fb29fb7d3cfee444a200298f468908cc942,0xecb76c27de1bcc3b67cbcddc1b9c74da1d3d98a102725364fa9b1917317d3d52
85,100,0.0033,0xb8ed75542b47bed31670291ee111b71ef9b616ad,2017-10-28T07:12:28.000Z,0.000033,0x24a2cb663b27ad571cd854bc39dbe45f07fee6a4,sell,0x0f5d2fb29fb7d3cfee444a200298f468908cc942,0x84c0fb9cc46cac803fbe7d748fdffcee8b3c67824eba8835938a0b2708e45f73
86,1000,0.0362,0xdf537fe9b791ac57c4d5e94f6b2fa8d989d7f793,2017-10-28T01:36:51.000Z,0.0000362,0x1eaa18a0e964d346f2b5182be3f97d7aab5145b9,buy,0x0f5d2fb29fb7d3cfee444a200298f468908cc942,0x5eaf70b4cbd5f976e2a410dbdb7876a10eacfa4db4a44b402ccb94322b62b960
87,4743.68557441631,0.15227230693876356,0x1eaa18a0e964d346f2b5182be3f97d7aab5145b9,2017-10-27T23:43:52.000Z,0.00003209999999999999,0xfb87cfcc373c555f11bb1880f2162b15978fbb80,sell,0x0f5d2fb29fb7d3cfee444a200298f468908cc942,0xbec88991ddf98a477e066600f9e748999d25d498f9e61791b1d5b2cdb1d61cb0
88,16000,0.528,0x76242aa410a0a794d7e674e862ba7d38e3c86bd4,2017-10-27T23:41:48.000Z,0.000033,0xfb87cfcc373c555f11bb1880f2162b15978fbb80,sell,0x0f5d2fb29fb7d3cfee444a200298f468908cc942,0x9d17a3e1ff1c7dfd6a53e85861e207f425f37651ec1c455dbd8e9b76aea89ba2
89,15100,0.49981,0x492842125e4c3a7d10cda0e0291ea22788e4ad60,2017-10-27T23:40:55.000Z,0.0000331,0xfb87cfcc373c555f11bb1880f2162b15978fbb80,sell,0x0f5d2fb29fb7d3cfee444a200298f468908cc942,0xe3e3000b743a9c7d6b88ca6f1bbaba2304064956e437d80d3ef8642b3671e765
90,3040,0.10032,0x1509f23126c9ce5798b8a6b104c35f81f7f0b212,2017-10-27T23:39:03.000Z,0.000033,0xfb87cfcc373c555f11bb1880f2162b15978fbb80,sell,0x0f5d2fb29fb7d3cfee444a200298f468908cc942,0x5d7b09bdf662511171da41df1899e7fc6316c80ca4cd6dfe7ff453df9f9a17ff
91,676.424,0.02453389848,0x09a99a4e50720d60cd6fd1f6519bc1b94e0d526b,2017-10-27T23:14:03.000Z,0.00003627,0x492842125e4c3a7d10cda0e0291ea22788e4ad60,buy,0x0f5d2fb29fb7d3cfee444a200298f468908cc942,0x7d331619d312290dafa3253647711f80dec8061b2438db25db3812caba4eb506
92,765,0.02774655,0x09a99a4e50720d60cd6fd1f6519bc1b94e0d526b,2017-10-27T22:13:25.000Z,0.00003627,0xecbf0c4a509a8ffb98a81f8a4903e0a3fa4cc049,buy,0x0f5d2fb29fb7d3cfee444a200298f468908cc942,0xa4df9b3687daa59750d14b3268dfff9ebbe90030d3ee3a3d0d62e4b4714dd991
93,69,0.00253161,0x94b0bf6dd676f7b4884557735945b927535fd822,2017-10-27T17:19:08.000Z,0.00003669,0x24418ab1b19550b380652432eac1ab37bf3d0fa9,buy,0x0f5d2fb29fb7d3cfee444a200298f468908cc942,0x5d048aa12255ed4e5c8c4359a4cfb66efb565275022bd757daee1f62b24f7267
94,14774.144749614146,0.5333466254610707,0x799a129042d63eec9afb6b0673c8bac77fce5f76,2017-10-27T16:30:05.000Z,0.0000361,0x1eaa18a0e964d346f2b5182be3f97d7aab5145b9,buy,0x0f5d2fb29fb7d3cfee444a200298f468908cc942,0x57aa0e7ba981683eed71cb0725dc1fd13e0b174bcb60930c29ad832e0b487db3
95,4984.547901505333,0.1689761738610308,0xb4cfcb2b61bae99448176e1253a2916923cda0dc,2017-10-27T10:54:12.000Z,0.00003389999999999999,0xf78e54692d9365552b7e59630dc65add5dcdda7e,sell,0x0f5d2fb29fb7d3cfee444a200298f468908cc942,0x775cd92deff8581c756ba238251c6ce696eed47462275f0fe25a463cb61a1076
96,16420,0.5998226,0x1509f23126c9ce5798b8a6b104c35f81f7f0b212,2017-10-27T09:05:43.000Z,0.00003653,0x492842125e4c3a7d10cda0e0291ea22788e4ad60,buy,0x0f5d2fb29fb7d3cfee444a200298f468908cc942,0xf027ac1c957131b6d4db6d37698aea4258d1497aaa5c2323ff842751e4695b94
97,10611.616,0.386464443104,0x1509f23126c9ce5798b8a6b104c35f81f7f0b212,2017-10-27T09:04:32.000Z,0.000036419,0x24418ab1b19550b380652432eac1ab37bf3d0fa9,buy,0x0f5d2fb29fb7d3cfee444a200298f468908cc942,0xcd639e930b182f37b381da38229481e22b0b573002a412de0bd154792f247a50
98,1191.7057122918952,0.040279653075466056,0x1eaa18a0e964d346f2b5182be3f97d7aab5145b9,2017-10-27T04:58:38.000Z,0.00003379999999999999,0x1780340a5340b3530af097b9cbff2c35d4a68c95,sell,0x0f5d2fb29fb7d3cfee444a200298f468908cc942,0x6ca2f9afa927e5c4beb9fe75548a22d69ec4f953822ca3765c3d4e2529108db1
99,13599.092812281926,0.4596493370551291,0x1eaa18a0e964d346f2b5182be3f97d7aab5145b9,2017-10-27T03:17:06.000Z,0.00003379999999999999,0x990ae74b5978e7dfdf38a98aa7d41da0f8a70646,sell,0x0f5d2fb29fb7d3cfee444a200298f468908cc942,0x97ba21cc0c4a7d30e7b04f1badb8da57fd55ad04569c5269570c756cd2fd2ffd
100,14750,0.500025,0x492842125e4c3a7d10cda0e0291ea22788e4ad60,2017-10-27T03:15:54.000Z,0.0000339,0x990ae74b5978e7dfdf38a98aa7d41da0f8a70646,sell,0x0f5d2fb29fb7d3cfee444a200298f468908cc942,0xd19c86e4f606c7b1a051cdd0b4b8c7872e1323ea8eb887c3ea7c636d83745b20
101,21500,0.731,0x7c791600b86d43f692c126aecc75a66dd9019bbd,2017-10-27T03:15:34.000Z,0.000034,0x990ae74b5978e7dfdf38a98aa7d41da0f8a70646,sell,0x0f5d2fb29fb7d3cfee444a200298f468908cc942,0xb6bfe23a4b3444459703be1435fadcf9f5a144af7bc2fd434adcf0a1e7d1e001
102,2000,0.0748,0x7fcad8632c69b6489455be08b690b41aa52b2146,2017-10-26T20:29:54.000Z,0.0000374,0xe7518ed301269bdd3b0ef10a97ab952cd409b103,buy,0x0f5d2fb29fb7d3cfee444a200298f468908cc942,0x6d0d82331b963d32ecc323385a9a4565a0b25f1635105a1f26ef61555d25d054
103,1743.399160714992,0.0631110496178827,0x9ba6f2851c8afe6be654fbd4c3dc7e9e64cffe53,2017-10-26T18:25:52.000Z,0.00003619999999999999,0x965d0c09f2281a5b5e13c4c46d708890bfa3f427,sell,0x0f5d2fb29fb7d3cfee444a200298f468908cc942,0x0d27e1cd1eb61c672d716291f3c8965dc3ab479b677455aa9f2eab7f659ea6dd
104,15190.072,0.5574756424,0xe7fb5471c5dd4f24a0b57100fa31543b5fc4d202,2017-10-26T15:32:55.000Z,0.0000367,0x6e7897cf3dc5c8d7349ed63d68b0fcc34435ca8f,buy,0x0f5d2fb29fb7d3cfee444a200298f468908cc942,0x39ace3be9f432981d40c28a38f5d9176c9fef4b83a4fe21f5494b4363539ee9d
105,70000,2.618,0xe5a4e8bcf5e36deffc52fc42b5ae949012fc40ec,2017-10-26T12:18:07.000Z,0.0000374,0x1eaa18a0e964d346f2b5182be3f97d7aab5145b9,buy,0x0f5d2fb29fb7d3cfee444a200298f468908cc942,0xc68324b20e3c5a8a6f642dc398cc956c425cb1a554a12b6193418697ab36c08e
106,114152.09946152342,4.110617101609458,0xc67faf116a0df5b8287aac33788ffdc69c231720,2017-10-26T11:25:58.000Z,0.00003600999999999999,0x009a12d4290630bc01fd82516ac57c1dc6a9bcfb,sell,0x0f5d2fb29fb7d3cfee444a200298f468908cc942,0x3d036a6f5241a33b843806204fdee9764e078be4f7e80ae8ac435da84ff5c58d
107,6345.048836117271,0.22848520858858293,0xc67faf116a0df5b8287aac33788ffdc69c231720,2017-10-26T10:55:02.000Z,0.00003600999999999999,0xf2b1fdc974a80ae077f285421eb39e10403fb1f2,sell,0x0f5d2fb29fb7d3cfee444a200298f468908cc942,0x90f0f2a0b7a9852c16db2154607b18bdd4a404f4a3662d72ffa27289ee2b024d
108,70000,2.527,0x1eaa18a0e964d346f2b5182be3f97d7aab5145b9,2017-10-26T10:54:21.000Z,0.0000361,0xf2b1fdc974a80ae077f285421eb39e10403fb1f2,sell,0x0f5d2fb29fb7d3cfee444a200298f468908cc942,0xb68f06ac61cf4844c7055803b52d9097411ce0ac1dd0e7ab62b6e4f60940ddad
109,6646.218,0.2412577134,0x583b640795999aa2bb22c1a62a91336ff9d325bb,2017-10-26T10:54:05.000Z,0.0000363,0xf2b1fdc974a80ae077f285421eb39e10403fb1f2,sell,0x0f5d2fb29fb7d3cfee444a200298f468908cc942,0x3a8a72394f19e7f4f5ac89d7f07e0420c8289351003ab80c6680397cdafb9b59
110,2095,0.0760485,0x583b640795999aa2bb22c1a62a91336ff9d325bb,2017-10-26T10:40:09.000Z,0.0000363,0xbbbf6d56046332e4ff7fbd0fb81d9ea0da6340a1,sell,0x0f5d2fb29fb7d3cfee444a200298f468908cc942,0xfd8d632351d88eed734ef7f9a842c685f16d02ec4084280a445b6295b4b6ff10
111,5388.584907656573,0.19565951799701015,0xa4fa3ebf036d5d90e9ed0c8deb8023c7c6d16dab,2017-10-26T10:36:32.000Z,0.00003630999999999999,0xbbbf6d56046332e4ff7fbd0fb81d9ea0da6340a1,sell,0x0f5d2fb29fb7d3cfee444a200298f468908cc942,0x070381c5cbd01821251019afb82fa83a308ef7924bf835f473762d8cfe1dd772
112,11.415092343427458,0.000414482002989851,0xa4fa3ebf036d5d90e9ed0c8deb8023c7c6d16dab,2017-10-26T10:17:52.000Z,0.00003630999999999999,0xf2b1fdc974a80ae077f285421eb39e10403fb1f2,sell,0x0f5d2fb29fb7d3cfee444a200298f468908cc942,0xa5f03f4176d5e1e943d6639e7adbdafd5293b733280e2d0ab856a432ff8f1b36
113,114504.79129692084,4.15079868451338,0x009a12d4290630bc01fd82516ac57c1dc6a9bcfb,2017-10-26T10:17:01.000Z,0.00003624999999999999,0xf2b1fdc974a80ae077f285421eb39e10403fb1f2,sell,0x0f5d2fb29fb7d3cfee444a200298f468908cc942,0xeb19ac4be640a981d17cc57e1deb36d8411237bd51f00da76438b17cb5191d4e
114,350,0.012677,0xa5d4e9428f64a3c3f74dd0c824c124f7267a6ea1,2017-10-26T09:58:46.000Z,0.00003622,0x9790f84a00e7be2bebfb042d5dc4f2f2c6db9267,buy,0x0f5d2fb29fb7d3cfee444a200298f468908cc942,0x53a74db1c1544d8c3d21ecfafa04d652e328e8ae5ed9f79ec4caec7c98a7ad71
115,150,0.005433,0xa5d4e9428f64a3c3f74dd0c824c124f7267a6ea1,2017-10-26T09:57:40.000Z,0.00003622,0x9790f84a00e7be2bebfb042d5dc4f2f2c6db9267,buy,0x0f5d2fb29fb7d3cfee444a200298f468908cc942,0xc7a592742c9903e19ea63ce87785569327946b50f181d83ec2e11b7a91a6fc29
116,42943.619486697746,1.6103857307511655,0x5efa158712f755094df88f85406ecb7949cfbda4,2017-10-26T05:00:31.000Z,0.0000375,0x6e7897cf3dc5c8d7349ed63d68b0fcc34435ca8f,buy,0x0f5d2fb29fb7d3cfee444a200298f468908cc942,0x5e3e6bfb24513b72bb92c81f3f54418bf445935001f107a5bf7e995cd25f6823
117,25977.34869183824,0.987139250289853,0x40f27ebb5ca7b093efcb402f5a1d6c9eab480003,2017-10-26T01:07:51.000Z,0.000038,0x6e7897cf3dc5c8d7349ed63d68b0fcc34435ca8f,buy,0x0f5d2fb29fb7d3cfee444a200298f468908cc942,0x9db7a7235c2b7ffd41d41d376afdbf6efd442d60b63c1b7ca49ef5e8cb153e54
118,997.2932505305804,0.03612196153421762,0x583b640795999aa2bb22c1a62a91336ff9d325bb,2017-10-25T18:45:13.000Z,0.00003621999999999999,0x3dee4a4e076e8d82859d241db0baf46f112cfa23,sell,0x0f5d2fb29fb7d3cfee444a200298f468908cc942,0xddfce57c9aad1222fc4f7dcbe7146b9db0dcc4b4dd5d006bd1c5312db4b44ff9
119,5000,0.1905,0x6a6259cc05ba6fd5247a325e6d7561566658c81d,2017-10-25T17:13:24.000Z,0.0000381,0xf78e54692d9365552b7e59630dc65add5dcdda7e,buy,0x0f5d2fb29fb7d3cfee444a200298f468908cc942,0xecfd365dd71fe96a292b1e758b607f80321a2a7797a1cdfdc31f25d35a70bc83
120,8464.759246336358,0.3098101884159107,0x583b640795999aa2bb22c1a62a91336ff9d325bb,2017-10-25T14:26:42.000Z,0.00003659999999999999,0x14ea2099b491121b528b1fea2ae94406de0b5a89,sell,0x0f5d2fb29fb7d3cfee444a200298f468908cc942,0xe851ff525e50e3ece6522ad294ec8eb18bb489239a6bf0eb29e04dea17bb61b2
121,11796.72933307705,0.43176029359062,0x583b640795999aa2bb22c1a62a91336ff9d325bb,2017-10-25T13:36:04.000Z,0.00003659999999999999,0x009a12d4290630bc01fd82516ac57c1dc6a9bcfb,sell,0x0f5d2fb29fb7d3cfee444a200298f468908cc942,0x22e23fcd623704cfe50c54e89934b0d698440a35e5392ca16725e3bd539d4f36
122,20000,0.732,0x583b640795999aa2bb22c1a62a91336ff9d325bb,2017-10-25T12:26:44.000Z,0.0000366,0x24418ab1b19550b380652432eac1ab37bf3d0fa9,sell,0x0f5d2fb29fb7d3cfee444a200298f468908cc942,0x23d890ffe8da880911e8fff19a06b67e2a125731d2f24b3d7a0f6e56e7196070
123,18867.924528301886,0.69,0xcac38bf93bd9afaf47f986720b0f0b17aa03f390,2017-10-25T05:36:11.000Z,0.00003657,0x965d0c09f2281a5b5e13c4c46d708890bfa3f427,sell,0x0f5d2fb29fb7d3cfee444a200298f468908cc942,0x1c2efc966674043c2c4f448ebcb56c07f210e8ebd0ea380aca312c412b1081a2
124,11832.702837195488,0.4307103832739157,0x009a12d4290630bc01fd82516ac57c1dc6a9bcfb,2017-10-25T04:21:30.000Z,0.00003639999999999999,0x90613f4b876ec41ca79beef573204e117788787b,sell,0x0f5d2fb29fb7d3cfee444a200298f468908cc942,0xe673e4360d48727e756c2b348adecad5ef7ca5b257c3f55ebd5e81c94b465c63
125,9436,0.3764964,0x265ca90bd2ceb257be4370d0cbd6bf8e0a6688e1,2017-10-25T03:56:57.000Z,0.0000399,0xe56be81797e2616b7d4c57c892dbecda35045fa1,buy,0x0f5d2fb29fb7d3cfee444a200298f468908cc942,0xbcc8d1ea589d77d30cbcb79ca0108ee95f5ff0fb1dfcb0a6b88406de43d8eaa7
126,1000,0.036261,0x3dee4a4e076e8d82859d241db0baf46f112cfa23,2017-10-25T03:51:23.000Z,0.000036261,0x965d0c09f2281a5b5e13c4c46d708890bfa3f427,sell,0x0f5d2fb29fb7d3cfee444a200298f468908cc942,0x8a6cecaff4b757d260eccd586d2a9fed983e088f0d99bda920c0218348b453b8
127,26806.116772822752,0.8605031545243832,0x3dee4a4e076e8d82859d241db0baf46f112cfa23,2017-10-25T03:37:50.000Z,0.00003210099999999999,0xad440e6b26dd3a044a97294bf87c017d7fb81c67,sell,0x0f5d2fb29fb7d3cfee444a200298f468908cc942,0xe608c3280cd29b129a04219254c345e9f5ee8e381c33c413d2d3903d5a7e0abe
128,9000,0.333,0xa75fcdf436c9713b3757819f1fb235918749c3ba,2017-10-25T03:32:06.000Z,0.000037,0xad440e6b26dd3a044a97294bf87c017d7fb81c67,sell,0x0f5d2fb29fb7d3cfee444a200298f468908cc942,0x0ffcea364bc9d07710463a8441d1bfe035602d2abcfd1c89d4bb6a68ba757dd7
129,168.88322716727689,0.006079796178021967,0xb320ffa395e8429be67732b4ff0c80bc86e9e70d,2017-10-25T02:58:59.000Z,0.00003599999999999999,0xad440e6b26dd3a044a97294bf87c017d7fb81c67,sell,0x0f5d2fb29fb7d3cfee444a200298f468908cc942,0x50a2f27b4a26cf457e49b020bb1710b9a41709e3508692a4161a27a9ce3d3945
130,20000,0.68,0x08dc4e5f2bb82623a8e7b5f00c00c87d5ba21bce,2017-10-25T02:58:59.000Z,0.000034,0xad440e6b26dd3a044a97294bf87c017d7fb81c67,sell,0x0f5d2fb29fb7d3cfee444a200298f468908cc942,0x81fe7f93b93f7ee17c7a45498defa381854bae5789d43394210b0c087d9a5271
131,30000,1.194,0x265ca90bd2ceb257be4370d0cbd6bf8e0a6688e1,2017-10-25T02:46:41.000Z,0.0000398,0x24991b80b5d64f660affcafa9dca8a420715344a,buy,0x0f5d2fb29fb7d3cfee444a200298f468908cc942,0xd8bd331d6369357a09cb0515f7ecec3c08c2c0e2c9ad5e4f6c0f46d82fe6cc0c
132,5932.332596729669,0.2346237542006584,0xc67faf116a0df5b8287aac33788ffdc69c231720,2017-10-24T20:31:34.000Z,0.00003954999999999999,0xcac38bf93bd9afaf47f986720b0f0b17aa03f390,buy,0x0f5d2fb29fb7d3cfee444a200298f468908cc942,0x2307601c08a87227179f257c7c0d577ba918e32b1964f2b9074bef903f83e0ee
133,217227.257,8.6673675543,0xc67faf116a0df5b8287aac33788ffdc69c231720,2017-10-24T20:31:34.000Z,0.0000399,0xbedc97d23b91e86f13e2b42c6f86908777726936,buy,0x0f5d2fb29fb7d3cfee444a200298f468908cc942,0xc14f3692712aa5a171bc755f8dbd42eb9a02f4ef4ee27e6dac65db783f31cf36
134,30000,1.19697,0xc67faf116a0df5b8287aac33788ffdc69c231720,2017-10-24T20:26:04.000Z,0.000039899,0xbc0945c667fadc26b9bf39e586b15eeb901e7d1c,buy,0x0f5d2fb29fb7d3cfee444a200298f468908cc942,0x8a1e1552b714f91581dfaef5c0e1beca363644c4094f9c9d0512dcd59cc00b86
135,30000,1.197,0xc67faf116a0df5b8287aac33788ffdc69c231720,2017-10-24T20:26:04.000Z,0.0000399,0xe56be81797e2616b7d4c57c892dbecda35045fa1,buy,0x0f5d2fb29fb7d3cfee444a200298f468908cc942,0xf659b64facd935d4ba261a7adc8cda489d4b19d3b9cde5634ce17889863819f3
136,20000,0.797778,0xc67faf116a0df5b8287aac33788ffdc69c231720,2017-10-24T20:25:59.000Z,0.0000398889,0x24418ab1b19550b380652432eac1ab37bf3d0fa9,buy,0x0f5d2fb29fb7d3cfee444a200298f468908cc942,0x4e297926401ef9f0967498c58b7257f142f0f98a04bf30873ea27650f1256b91
137,11513.937946886008,0.4553762457993416,0xc67faf116a0df5b8287aac33788ffdc69c231720,2017-10-24T20:25:59.000Z,0.00003954999999999999,0xcac38bf93bd9afaf47f986720b0f0b17aa03f390,buy,0x0f5d2fb29fb7d3cfee444a200298f468908cc942,0x4566f4746812ef766479f04b9e1892a76d9b65a005b62cdf45f7064232b060f5
138,4512.048,0.175969872,0xc67faf116a0df5b8287aac33788ffdc69c231720,2017-10-24T20:25:59.000Z,0.000039,0x5f8f862d021b7d68bf171ec68e4bae0541fb1a40,buy,0x0f5d2fb29fb7d3cfee444a200298f468908cc942,0xb3197e3687f29ca1f0d8b3777db130c8306569f9999ae7f7ed023895c1e2d883
139,17710.472,0.68999998912,0xc67faf116a0df5b8287aac33788ffdc69c231720,2017-10-24T20:19:46.000Z,0.00003896,0xcac38bf93bd9afaf47f986720b0f0b17aa03f390,buy,0x0f5d2fb29fb7d3cfee444a200298f468908cc942,0x83807f3c15c97b34584f7dd247034040b21558ffcb952b81e19e6e8ed6750d14
140,9970,0.387833,0xc67faf116a0df5b8287aac33788ffdc69c231720,2017-10-24T20:14:22.000Z,0.0000389,0x24991b80b5d64f660affcafa9dca8a420715344a,buy,0x0f5d2fb29fb7d3cfee444a200298f468908cc942,0x276536178004ccb2e5a62451e2f968df140991dd3029cdc8b728a187184957d5
141,15100,0.58588,0xc67faf116a0df5b8287aac33788ffdc69c231720,2017-10-24T20:14:22.000Z,0.0000388,0x492842125e4c3a7d10cda0e0291ea22788e4ad60,buy,0x0f5d2fb29fb7d3cfee444a200298f468908cc942,0x04c9f82f9826a097b9f592ff6300d2b440e2fb28e6636d8b785dce782d0cdf62
142,39000,1.40439,0xfb87cfcc373c555f11bb1880f2162b15978fbb80,2017-10-24T20:13:26.000Z,0.00003601,0xbc1845a864aa2a7ba7513bc6837ff7d66ec191c4,sell,0x0f5d2fb29fb7d3cfee444a200298f468908cc942,0xcf4d10f9297aafb427980bca1ad5e47b9303098cdecba47b75409d772d595edc
143,30,0.001167,0x0b773d7819259d78757b26dc4148812d35676d8f,2017-10-24T18:12:31.000Z,0.0000389,0x24991b80b5d64f660affcafa9dca8a420715344a,buy,0x0f5d2fb29fb7d3cfee444a200298f468908cc942,0xb157be994aaad1fcd081c3945c5cabbee086f0a18ae4f8ea4c4669e90c7fd5f3
144,61300.943,2.4459076257,0x3aaa4ea204745ffbe03499966c86a925c5a43ba9,2017-10-24T16:10:42.000Z,0.0000399,0xbedc97d23b91e86f13e2b42c6f86908777726936,buy,0x0f5d2fb29fb7d3cfee444a200298f468908cc942,0x52c3f38ab8092bbf103d6ad52ee3c8c8e94d34535b99ffd034cc3bd921eeefe4
145,776.4563695956176,0.029505342044633467,0x65f2dddf638c7a7118b22d610c9aeba141f2467f,2017-10-24T15:59:27.000Z,0.000038,0xe56be81797e2616b7d4c57c892dbecda35045fa1,buy,0x0f5d2fb29fb7d3cfee444a200298f468908cc942,0xafc2a687295ff948d09698bbeb9bdb2140601f7413df7ac02c66a6a74920a2bb
146,774.0567935356571,0.03088486606207272,0x3aaa4ea204745ffbe03499966c86a925c5a43ba9,2017-10-24T15:59:27.000Z,0.00003989999999999999,0x65f2dddf638c7a7118b22d610c9aeba141f2467f,sell,0x0f5d2fb29fb7d3cfee444a200298f468908cc942,0xafc2a687295ff948d09698bbeb9bdb2140601f7413df7ac02c66a6a74920a2bb
147,29910,1.193409,0x3aaa4ea204745ffbe03499966c86a925c5a43ba9,2017-10-24T15:57:22.000Z,0.0000399,0xd445f61ebca3d6b4c57eef1f39fdab6595ef8972,sell,0x0f5d2fb29fb7d3cfee444a200298f468908cc942,0x984c98af55d61823281c9f55f646877c9f22a77ec97097b219d0288b4346fafa
148,30000,1.17,0xd445f61ebca3d6b4c57eef1f39fdab6595ef8972,2017-10-24T15:57:22.000Z,0.000039,0xe56be81797e2616b7d4c57c892dbecda35045fa1,buy,0x0f5d2fb29fb7d3cfee444a200298f468908cc942,0x984c98af55d61823281c9f55f646877c9f22a77ec97097b219d0288b4346fafa
149,29223.543630404383,1.1104946579553665,0xcac38bf93bd9afaf47f986720b0f0b17aa03f390,2017-10-24T15:47:09.000Z,0.000038,0xe56be81797e2616b7d4c57c892dbecda35045fa1,buy,0x0f5d2fb29fb7d3cfee444a200298f468908cc942,0x4d5c393235a4df7d52b385267b7934bf35611769769029b8c135e92deae25ac0
150,11497.225930381206,0.419648746458914,0x36ca71653096170cf3f79497db15e7a82feb8798,2017-10-24T13:03:46.000Z,0.0000365,0x6e7897cf3dc5c8d7349ed63d68b0fcc34435ca8f,buy,0x0f5d2fb29fb7d3cfee444a200298f468908cc942,0x96cdea4376c9753492fd70e470cf3cfe60f4805c6f753f54084026cca4e938e4
151,39736.4473556632,1.4503803284817067,0xa0fbfeac2e1e7fce9e6956cecc8d3b80ba2c1a76,2017-10-24T12:31:21.000Z,0.0000365,0x6e7897cf3dc5c8d7349ed63d68b0fcc34435ca8f,buy,0x0f5d2fb29fb7d3cfee444a200298f468908cc942,0x97bda7137b2ebfc6e5097a5412aa2dddc019ea876d70f718d92d1a756ac494e9
152,50000,1.825,0x47f575d813530506c891ede5701c2c0b6e6797ec,2017-10-24T12:08:30.000Z,0.0000365,0x6e7897cf3dc5c8d7349ed63d68b0fcc34435ca8f,buy,0x0f5d2fb29fb7d3cfee444a200298f468908cc942,0xa0e9f8b315f0d6ebca81b9babb1e5fac4521d0432063d48ce21e7b1a765f4ffa
153,273.51799825899536,0.009983406936453332,0xfa659c3f28530216b2ced5c95612ba58ea3feead,2017-10-24T11:36:23.000Z,0.0000365,0x6e7897cf3dc5c8d7349ed63d68b0fcc34435ca8f,buy,0x0f5d2fb29fb7d3cfee444a200298f468908cc942,0x92bfe93b14018ade1c7728259b74dbd8546a33554c58cd7f00a03c0609415779
154,1.3586863751691507,0.000049592052693674,0x91330f9325f870a385236b3433b12b18d95702e8,2017-10-24T11:27:22.000Z,0.0000365,0x6e7897cf3dc5c8d7349ed63d68b0fcc34435ca8f,buy,0x0f5d2fb29fb7d3cfee444a200298f468908cc942,0xb1201e015aa67a746455e6a678d15b1cfedef5947c4a40448df70b5b3838c298
155,13628.983029321433,0.49745788057023227,0x91330f9325f870a385236b3433b12b18d95702e8,2017-10-24T11:25:37.000Z,0.0000365,0x6e7897cf3dc5c8d7349ed63d68b0fcc34435ca8f,buy,0x0f5d2fb29fb7d3cfee444a200298f468908cc942,0x4d9ef819b217621d315e101821d1aebf3f4ab416ec86170cc8711224b8d06207
156,11629.639,0.4244818235,0x4115a16c445b1b6af4481338370370dfb6b1bfa3,2017-10-24T11:20:38.000Z,0.0000365,0x057945a7d42cce6f453a99b93e340ef7f00d3d1c,sell,0x0f5d2fb29fb7d3cfee444a200298f468908cc942,0xce59356c8dfb966d7065955c7fd539f2ef9dd560e4727329ce2c2387271e80be
157,32065.639407227594,1.1703958383638071,0x4115a16c445b1b6af4481338370370dfb6b1bfa3,2017-10-24T10:55:09.000Z,0.00003649999999999999,0xced732ca92cb4f040239c4e8c85f14acbb5db000,sell,0x0f5d2fb29fb7d3cfee444a200298f468908cc942,0xa00aa2f8e6590ec816a1e906dbd11bf73015f1026833ed5cd9d3d84fcab3ac37
158,28225.230322234205,1.0302209067615484,0x4115a16c445b1b6af4481338370370dfb6b1bfa3,2017-10-24T10:47:12.000Z,0.00003649999999999999,0xcac38bf93bd9afaf47f986720b0f0b17aa03f390,sell,0x0f5d2fb29fb7d3cfee444a200298f468908cc942,0x011785f9113cdc76f3c8b3d36f637d9794e1976e9971cadecd1e199ce80c7292
159,28227.194784445066,1.030292609632245,0x4115a16c445b1b6af4481338370370dfb6b1bfa3,2017-10-24T10:38:48.000Z,0.00003649999999999999,0xcac38bf93bd9afaf47f986720b0f0b17aa03f390,sell,0x0f5d2fb29fb7d3cfee444a200298f468908cc942,0xcac55cfa4a9c387ec884fc1d034273fa8f1e01a1947195252953f68638b05b4e
160,19852.296457621258,0.7246088207031759,0x4115a16c445b1b6af4481338370370dfb6b1bfa3,2017-10-24T10:38:28.000Z,0.00003649999999999999,0x583b640795999aa2bb22c1a62a91336ff9d325bb,sell,0x0f5d2fb29fb7d3cfee444a200298f468908cc942,0x24a546969bdf3c07d3f3a838c7f53b5e597ead048dd6469c42e7df3e2a1a52d7
161,17232.536494502092,0.5514411678240669,0x583b640795999aa2bb22c1a62a91336ff9d325bb,2017-10-24T10:30:33.000Z,0.00003199999999999999,0xcac38bf93bd9afaf47f986720b0f0b17aa03f390,sell,0x0f5d2fb29fb7d3cfee444a200298f468908cc942,0xdbeb0be41df195c4c59cf7610534361ce6755c618b6ea957d082daa75c04bafd
162,27283.50376668969,0.9958478874841736,0x32ff50ab8faf349eb18b6535d639ebe9c38c54d4,2017-10-24T09:05:01.000Z,0.00003649999999999999,0x669f0ab96fd3beb68bc836bb874894bbb516331a,sell,0x0f5d2fb29fb7d3cfee444a200298f468908cc942,0x3708aed1e4d756a600379c067ea861cb77aebce9e941cb24a0766eb69a6229d9
163,2680.867844721518,0.08578777103108857,0x583b640795999aa2bb22c1a62a91336ff9d325bb,2017-10-24T08:32:04.000Z,0.00003199999999999999,0x3dee4a4e076e8d82859d241db0baf46f112cfa23,sell,0x0f5d2fb29fb7d3cfee444a200298f468908cc942,0x57e23608b11682373328abb9f03022587ce6e52f059be2682d7df3d8db83a97c
164,10000,0.33,0xf78e54692d9365552b7e59630dc65add5dcdda7e,2017-10-24T08:30:53.000Z,0.000033,0x3dee4a4e076e8d82859d241db0baf46f112cfa23,sell,0x0f5d2fb29fb7d3cfee444a200298f468908cc942,0x3799faf8e4f9007788930b944cc7a5fb71b908bf7725eed9df1ea03a989ea32b
165,2000,0.073,0xa6919c55da45eb052d21de7f79a75e2846b20bc9,2017-10-24T08:30:05.000Z,0.0000365,0x334154e6d5d595eea17426974cad11148cdce4dd,sell,0x0f5d2fb29fb7d3cfee444a200298f468908cc942,0x16e983a91d400519c965258773f485d35c2c1546e85aafdcc4297cf35d9d4a9b
166,12750,0.465375,0x39e50d431136ee7858449f0b496b6424c7e47307,2017-10-24T08:29:34.000Z,0.0000365,0x334154e6d5d595eea17426974cad11148cdce4dd,sell,0x0f5d2fb29fb7d3cfee444a200298f468908cc942,0x880f6789cbbf4ef40678f8e531aedb420e2b750833735d69f5d53ad2c391c442
167,6500,0.23725,0xea848d511958ca9dd22af5a37ee0b1a43e79fc04,2017-10-24T07:25:16.000Z,0.0000365,0x6e7897cf3dc5c8d7349ed63d68b0fcc34435ca8f,buy,0x0f5d2fb29fb7d3cfee444a200298f468908cc942,0x4a1d115a88fba78ddbf225ae6c4d49c6ca6c5892fbbd8fd955b36d4810b204b4
168,9950,0.363175,0x39e50d431136ee7858449f0b496b6424c7e47307,2017-10-24T07:09:00.000Z,0.00003649999999999999,0xcac38bf93bd9afaf47f986720b0f0b17aa03f390,sell,0x0f5d2fb29fb7d3cfee444a200298f468908cc942,0xde28622f4d5fdf796fb7dddb257618dd4ae7304a4015ed6f388a7c7b7e9a6a60
169,3200,0.1168,0xea848d511958ca9dd22af5a37ee0b1a43e79fc04,2017-10-24T07:08:28.000Z,0.0000365,0x6e7897cf3dc5c8d7349ed63d68b0fcc34435ca8f,buy,0x0f5d2fb29fb7d3cfee444a200298f468908cc942,0x3692bd36108a0650e51b9c498303c735fcb49c38d25067e25a7c2f266da6a8a0
170,10000,0.365,0xa529f4bf564eaab73fcbb4d77a2a778282605507,2017-10-24T05:41:01.000Z,0.0000365,0x6e7897cf3dc5c8d7349ed63d68b0fcc34435ca8f,buy,0x0f5d2fb29fb7d3cfee444a200298f468908cc942,0x202b181c8972892d817a1c9c2ff97b507ed5f4a5fae0436adfe155bdd0edead8
171,683.6770327634453,0.021843481196792077,0x39e50d431136ee7858449f0b496b6424c7e47307,2017-10-24T04:28:32.000Z,0.00003194999999999999,0x9778550d76b07ac9f5e57392f68ecdf6efc1774e,sell,0x0f5d2fb29fb7d3cfee444a200298f468908cc942,0x33dac0e00b5db4cd4a468e0dccf0cc6fc65e176bd344bcc12be64e6f7791b113
172,31220,1.01465,0x5b820bc79018c57975046b73136a22e8d81dad74,2017-10-24T04:27:32.000Z,0.0000325,0x9778550d76b07ac9f5e57392f68ecdf6efc1774e,sell,0x0f5d2fb29fb7d3cfee444a200298f468908cc942,0x1c509dd54a8eac09f3b1ae3692fbb1cf441ce78f9923aefebca24cbddbe6888d
173,4975,0.1815875,0x39e50d431136ee7858449f0b496b6424c7e47307,2017-10-24T04:19:41.000Z,0.00003649999999999999,0xcac38bf93bd9afaf47f986720b0f0b17aa03f390,sell,0x0f5d2fb29fb7d3cfee444a200298f468908cc942,0x0344dedcfa4103523664686bb41ce13e62b0f6f991e4a2afa60e9cc56a41144f
174,2200,0.0803,0x4792e19a868aba2a82385ce44369a40233bd0a50,2017-10-24T04:18:36.000Z,0.0000365,0x6e7897cf3dc5c8d7349ed63d68b0fcc34435ca8f,buy,0x0f5d2fb29fb7d3cfee444a200298f468908cc942,0x427b55437d1011dc91a4462f8e3b2403e226fb8b310690a91b0691dffd839fc2
175,27844,0.9995996,0x5b820bc79018c57975046b73136a22e8d81dad74,2017-10-24T03:52:59.000Z,0.0000359,0x1eaa18a0e964d346f2b5182be3f97d7aab5145b9,buy,0x0f5d2fb29fb7d3cfee444a200298f468908cc942,0x6c6e679f3f88bf06602c4a9fc66643e59bc3bf09e682654568a310ea999715f6
176,19225.410977988297,0.69,0x5b820bc79018c57975046b73136a22e8d81dad74,2017-10-24T03:51:18.000Z,0.00003588999999999999,0xcac38bf93bd9afaf47f986720b0f0b17aa03f390,buy,0x0f5d2fb29fb7d3cfee444a200298f468908cc942,0x4d4284fcdf3bbd294a059b8bd8d2dff62e2316da98b5056e8613492792cb1719
177,17.672654872842624,0.000549619566545405,0x9ba6f2851c8afe6be654fbd4c3dc7e9e64cffe53,2017-10-24T02:39:15.000Z,0.00003109999999999996,0xe2eabfc1e89a462bbd2ba188cd8a9591a9a0d04e,sell,0x0f5d2fb29fb7d3cfee444a200298f468908cc942,0x77b242dc303687e8e50572abb71b101aeab1a142ac9eaa5fa33300326ef5ca62
178,435.684,0.01358462712,0xc6939e988f4481b549ea7059cfcc42aab1f45bdb,2017-10-24T02:37:53.000Z,0.00003118,0xe2eabfc1e89a462bbd2ba188cd8a9591a9a0d04e,sell,0x0f5d2fb29fb7d3cfee444a200298f468908cc942,0x102a1ea7eb3ff8d79966f85c8161884286cadf91bf6fdc95eca38a991815c11e
179,50,0.00173,0x08dc4e5f2bb82623a8e7b5f00c00c87d5ba21bce,2017-10-24T02:37:40.000Z,0.0000346,0xe2eabfc1e89a462bbd2ba188cd8a9591a9a0d04e,sell,0x0f5d2fb29fb7d3cfee444a200298f468908cc942,0x0aa923cad835f0a1e40af37d402d63839b931de8a89e6808864e9a9f15ed1608
180,200.927,0.0067109618,0xa1f90e0661f22d0a228ea47e0eaff4fd0ce0e7b9,2017-10-24T02:36:38.000Z,0.0000334,0xe2eabfc1e89a462bbd2ba188cd8a9591a9a0d04e,sell,0x0f5d2fb29fb7d3cfee444a200298f468908cc942,0xdff5ee44e5a3011b861cebc32e5fbb7d20b095609b8b357908c8ea7441875742
181,266.245,0.008892583,0x2505fc886f39398732f144154b678ee1905024c1,2017-10-24T02:36:06.000Z,0.0000334,0xe2eabfc1e89a462bbd2ba188cd8a9591a9a0d04e,sell,0x0f5d2fb29fb7d3cfee444a200298f468908cc942,0x5d826d24d217b44089c17c9994be735008e7e3e76171ef0afce1102e72653c12
182,2000,0.0642,0x9ba6f2851c8afe6be654fbd4c3dc7e9e64cffe53,2017-10-24T02:34:02.000Z,0.0000321,0xe2eabfc1e89a462bbd2ba188cd8a9591a9a0d04e,sell,0x0f5d2fb29fb7d3cfee444a200298f468908cc942,0x573e32ee236c12173e15feb8354dbea00c4886788321f6f7c9eaf9fa9fcb1371
183,2000,0.0652,0x9ba6f2851c8afe6be654fbd4c3dc7e9e64cffe53,2017-10-24T02:32:35.000Z,0.0000326,0xe2eabfc1e89a462bbd2ba188cd8a9591a9a0d04e,sell,0x0f5d2fb29fb7d3cfee444a200298f468908cc942,0xf50b10902247882c46c763dd01225753aba48fab74c849f72a6f7513c3b16de9
184,1000,0.0336,0x9ba6f2851c8afe6be654fbd4c3dc7e9e64cffe53,2017-10-24T02:31:43.000Z,0.0000336,0xe2eabfc1e89a462bbd2ba188cd8a9591a9a0d04e,sell,0x0f5d2fb29fb7d3cfee444a200298f468908cc942,0x5c5a04442d620588feb87954dbeee05a67e595d7e75b7391cda265b7657f1cd2
185,1000,0.0346,0x9ba6f2851c8afe6be654fbd4c3dc7e9e64cffe53,2017-10-24T02:30:56.000Z,0.0000346,0xe2eabfc1e89a462bbd2ba188cd8a9591a9a0d04e,sell,0x0f5d2fb29fb7d3cfee444a200298f468908cc942,0x3b6ca1ed6a923bded69971febe5d7db9721ccc4fc6d6e234264ed027529e2e95
186,9949.999999999998,0.34426999999999996,0x08dc4e5f2bb82623a8e7b5f00c00c87d5ba21bce,2017-10-24T02:29:45.000Z,0.00003459999999999999,0xcac38bf93bd9afaf47f986720b0f0b17aa03f390,sell,0x0f5d2fb29fb7d3cfee444a200298f468908cc942,0x33f1200c9338566ab9a0a8962339140a5471e7438ec4da834a4f5bd84a91671b
187,14564.31565011941,0.45411536197072316,0xc6939e988f4481b549ea7059cfcc42aab1f45bdb,2017-10-24T02:15:42.000Z,0.00003117999999999999,0x9778550d76b07ac9f5e57392f68ecdf6efc1774e,sell,0x0f5d2fb29fb7d3cfee444a200298f468908cc942,0x573a2b7b50d5da50741a9a51ed9a4f78c5728c06d7a488fe0a62adcf8065726e
188,30000,0.96,0x583b640795999aa2bb22c1a62a91336ff9d325bb,2017-10-24T02:15:01.000Z,0.000032,0x9778550d76b07ac9f5e57392f68ecdf6efc1774e,sell,0x0f5d2fb29fb7d3cfee444a200298f468908cc942,0x37a6ea975cc3148204c23d79b02255d2d8ab0dec907332db3ff918ae1c43e505
189,5000,0.1675,0xa75fcdf436c9713b3757819f1fb235918749c3ba,2017-10-24T02:10:02.000Z,0.0000335,0x334154e6d5d595eea17426974cad11148cdce4dd,sell,0x0f5d2fb29fb7d3cfee444a200298f468908cc942,0x5a9316a5d4e390a4a970b9813f25493e4bc645962c9fb140ff5596a8a66a37e9
190,299.07287409032,0.009989033994616687,0xa1f90e0661f22d0a228ea47e0eaff4fd0ce0e7b9,2017-10-24T01:49:06.000Z,0.00003339999999999999,0xb8c4d3c48fd783800efae55dfcef124e7b4f56c9,sell,0x0f5d2fb29fb7d3cfee444a200298f468908cc942,0x344665af1a6385a4aee2ec6998636572b0d07705535bf194b0f8d577e549c59a
191,1900,0.068894,0x39e50d431136ee7858449f0b496b6424c7e47307,2017-10-24T01:10:49.000Z,0.00003626,0x334154e6d5d595eea17426974cad11148cdce4dd,sell,0x0f5d2fb29fb7d3cfee444a200298f468908cc942,0xe9ddfd5d724161781dd1058396203d6a426ab1464962d540c363f73e0cbd0151
192,2200,0.079596,0x0d11b03220ed774e937bc9566c83c9be051ac8b1,2017-10-23T18:23:11.000Z,0.00003618,0xcac38bf93bd9afaf47f986720b0f0b17aa03f390,buy,0x0f5d2fb29fb7d3cfee444a200298f468908cc942,0x7812cbf2b8ef5e6aa59d586870d37431c983af0f2b13a3fe4272d409413cb111
193,52.067171095199114,0.001883790250224304,0x0d11b03220ed774e937bc9566c83c9be051ac8b1,2017-10-23T18:14:34.000Z,0.00003618,0xcac38bf93bd9afaf47f986720b0f0b17aa03f390,buy,0x0f5d2fb29fb7d3cfee444a200298f468908cc942,0xb182d66046f556580027e92216af25004bfbdeff5e56ab599787ccb51a52cd42
194,2950,0.10679,0x0d11b03220ed774e937bc9566c83c9be051ac8b1,2017-10-23T17:52:12.000Z,0.0000362,0x1eaa18a0e964d346f2b5182be3f97d7aab5145b9,buy,0x0f5d2fb29fb7d3cfee444a200298f468908cc942,0xcfba0fdc9edb49eb2e0f367699aa3d09c48429b3131c3b0db478d52af3e11496
195,5969.999999999999,0.19880099999999998,0xd70bca39e5d99671ef6a6be62c1624df419a13c0,2017-10-23T15:53:58.000Z,0.00003329999999999999,0xcac38bf93bd9afaf47f986720b0f0b17aa03f390,sell,0x0f5d2fb29fb7d3cfee444a200298f468908cc942,0xe22f59586f1e7eaf0b66e8a1649f7cb85fc384bc3fe60bbcd42c33c685889ce8
196,10268.03028083525,0.34295221137989734,0x2505fc886f39398732f144154b678ee1905024c1,2017-10-23T15:45:52.000Z,0.00003339999999999999,0xcac38bf93bd9afaf47f986720b0f0b17aa03f390,sell,0x0f5d2fb29fb7d3cfee444a200298f468908cc942,0xe00cc01feafd97d0cabb6590af38cb66033245ec0c61178fabe98a507cbb9015
197,8391.0560373595,0.2802612716478073,0x2505fc886f39398732f144154b678ee1905024c1,2017-10-23T15:37:23.000Z,0.00003339999999999999,0xcac38bf93bd9afaf47f986720b0f0b17aa03f390,sell,0x0f5d2fb29fb7d3cfee444a200298f468908cc942,0x790dd32501dc3b65c06168157790ef1dd9728219b737246673bdc583ca48e223
198,11074.66859996293,0.36989393123876185,0x2505fc886f39398732f144154b678ee1905024c1,2017-10-23T15:32:50.000Z,0.00003339999999999999,0x9e593db389c9d8307b5c932dda21491e63f8f7d3,sell,0x0f5d2fb29fb7d3cfee444a200298f468908cc942,0xb8d762e159234f537c7db415ca03b054d6df23ac9c7c1718d164a1949407d1f7
199,2900,0.10846,0xa75fcdf436c9713b3757819f1fb235918749c3ba,2017-10-23T15:21:15.000Z,0.0000374,0x1eaa18a0e964d346f2b5182be3f97d7aab5145b9,buy,0x0f5d2fb29fb7d3cfee444a200298f468908cc942,0x547ab318409d13be3baea15869117e79ca574719f47783ef98f98fb22e0b1233
200,100,0.0037,0xa75fcdf436c9713b3757819f1fb235918749c3ba,2017-10-23T15:21:09.000Z,0.000037,0x82d99d98115565d2a58e99fc53704cee56e3c0de,buy,0x0f5d2fb29fb7d3cfee444a200298f468908cc942,0x8d16aab6c9abb4fc59feb6c33acc69bf8d6af9125bd656b62696028a928780e8
201,29025,1.0419975,0xa0fbfeac2e1e7fce9e6956cecc8d3b80ba2c1a76,2017-10-23T13:12:07.000Z,0.0000359,0x1eaa18a0e964d346f2b5182be3f97d7aab5145b9,buy,0x0f5d2fb29fb7d3cfee444a200298f468908cc942,0xbb2e0de4fe826810ccc7967f79f2e40835ae8bbf0cd03f72f1f4c757cf25c285
202,975,0.0350025,0x5d2ba7d1f80e353b48ec8a214a21d1e3d6951a3a,2017-10-23T13:07:41.000Z,0.0000359,0x1eaa18a0e964d346f2b5182be3f97d7aab5145b9,buy,0x0f5d2fb29fb7d3cfee444a200298f468908cc942,0xb936095d1f2b76ae16df690835789e0e4550ec2f1885fc89061a0d5e283d4c8d
203,20000,0.714,0xc6939e988f4481b549ea7059cfcc42aab1f45bdb,2017-10-23T12:56:08.000Z,0.0000357,0x1eaa18a0e964d346f2b5182be3f97d7aab5145b9,buy,0x0f5d2fb29fb7d3cfee444a200298f468908cc942,0x4536c3158592bcf17ae571887596fd9acd882b4dac5cb3814c71c831c4a0f2d5
204,49820.4941889135,1.7785916425442119,0x4a8a2e1738c8a6fa3c2d6781f9d4fa50143d18da,2017-10-23T12:51:56.000Z,0.00003569999999999999,0xaa987ba4e68b4bf30248df67f5a45518425192c6,sell,0x0f5d2fb29fb7d3cfee444a200298f468908cc942,0x3ab85914fdda9234557301ee190eb10b7d3f6aa8f429d2533616ad1a6307a5d0
205,11000,0.34298,0xc6939e988f4481b549ea7059cfcc42aab1f45bdb,2017-10-23T05:13:49.000Z,0.00003118,0xab296c308b24c972b60a662262f144eeefc27ec8,sell,0x0f5d2fb29fb7d3cfee444a200298f468908cc942,0xab034e1d8360fe12fcaafdefe2aeb6532e7fbb79a9c5efb49ca58635bd9b52bb
206,25.06265664160401,0.001,0x4a57d0208164a1c1c63c75395dc444428a07b50a,2017-10-23T04:59:26.000Z,0.0000399,0xaa987ba4e68b4bf30248df67f5a45518425192c6,buy,0x0f5d2fb29fb7d3cfee444a200298f468908cc942,0x087ad94773b6e3ef014d0d7fc85473a89780094cc0ca47f40ffc44ce256e5b68
207,13996.232695010667,0.48748878476722163,0x6697059c1858fd4ae95002d8724ba7807f7ef98c,2017-10-23T04:38:54.000Z,0.00003483,0xcac38bf93bd9afaf47f986720b0f0b17aa03f390,buy,0x0f5d2fb29fb7d3cfee444a200298f468908cc942,0x1ec104a156107ecf713f5e8cd0483b5f7716b6722fbc0a0a9e7caa5efd98cac9
208,0.9969095803010667,0.000032898115840893,0x24418ab1b19550b380652432eac1ab37bf3d0fa9,2017-10-23T03:55:06.000Z,0.00003300009999999976,0x7d053385a05276eedcaf706325ae34ae544741a6,sell,0x0f5d2fb29fb7d3cfee444a200298f468908cc942,0x46850471b46bb41e31575908c2ccec80a92d1f5190aa8e92ae9d3f452dc519a1
209,38600,1.3896,0xffe3d2e4be235ffe70f9a2723f1710ded50ad75f,2017-10-23T02:34:56.000Z,0.000036,0xaa987ba4e68b4bf30248df67f5a45518425192c6,buy,0x0f5d2fb29fb7d3cfee444a200298f468908cc942,0xd0152ed50e0b7bf69637b966f0d0e2a768e48b506012dfc1a6cbd47f81f81554
210,10023.704,0.360853344,0xa75fcdf436c9713b3757819f1fb235918749c3ba,2017-10-23T02:17:34.000Z,0.000036,0xaa987ba4e68b4bf30248df67f5a45518425192c6,buy,0x0f5d2fb29fb7d3cfee444a200298f468908cc942,0x457c2a51fa7d946597d48fd4fb064f89182b1982034a387ae1316bda863fcc3e
211,1376.2956224592651,0.04954664240853355,0xa75fcdf436c9713b3757819f1fb235918749c3ba,2017-10-23T01:15:52.000Z,0.000036,0xaa987ba4e68b4bf30248df67f5a45518425192c6,buy,0x0f5d2fb29fb7d3cfee444a200298f468908cc942,0xcf09d595fc85a96a5b5478b9bc73bcd84e875b61feeba8fba05a929a6c5d44c7
212,23450.713229581692,0.6664692699847117,0xcac38bf93bd9afaf47f986720b0f0b17aa03f390,2017-10-22T21:02:17.000Z,0.00002841999999999999,0x2d51aa1df7e17f27a19c5e93d01f5086cd46d3c5,sell,0x0f5d2fb29fb7d3cfee444a200298f468908cc942,0x0aaccb2d632aa6107885e59eaf611b3477a3b4eaea481e0f11f1d271f9ee7ab8
213,900,0.029709,0xbdd0b7a97044222091d72338bffbecfa78d179a6,2017-10-22T21:00:38.000Z,0.00003301,0x2d51aa1df7e17f27a19c5e93d01f5086cd46d3c5,sell,0x0f5d2fb29fb7d3cfee444a200298f468908cc942,0xcb4aa029af4e786ed8954aae9bc0bded93ccdebfa1fcf5fd40f721c418bdbaea
214,2299.551,0.07170000018,0xc6939e988f4481b549ea7059cfcc42aab1f45bdb,2017-10-22T20:58:01.000Z,0.00003118,0x2d51aa1df7e17f27a19c5e93d01f5086cd46d3c5,sell,0x0f5d2fb29fb7d3cfee444a200298f468908cc942,0x6f8e2f3785e7058286aa0276c59aa6c5c993298b56c76229e466f670820935eb
215,1789,0.055782809,0x264e478eea740f5007023165457a3b511ababd98,2017-10-22T20:57:26.000Z,0.000031181,0x2d51aa1df7e17f27a19c5e93d01f5086cd46d3c5,sell,0x0f5d2fb29fb7d3cfee444a200298f468908cc942,0xc2ec22b9afd821601ea614d757c19b85efee581678c79b2b13d80f1137a1a21f
216,5000,0.165,0x15f8e988924cf1593e8d19942508d62732d38898,2017-10-22T20:57:06.000Z,0.000033,0x2d51aa1df7e17f27a19c5e93d01f5086cd46d3c5,sell,0x0f5d2fb29fb7d3cfee444a200298f468908cc942,0x45a844ec22d96ad7152a53b81f99597a3ed0a92871592ed165dde6a49cbf3448
217,15105,0.4999755,0x492842125e4c3a7d10cda0e0291ea22788e4ad60,2017-10-22T20:55:34.000Z,0.0000331,0x2d51aa1df7e17f27a19c5e93d01f5086cd46d3c5,sell,0x0f5d2fb29fb7d3cfee444a200298f468908cc942,0x1bc1f88a10d3eb3347bec49988da7f6e90f7daa9efdae1693276e8f1fff02e09
218,10000,0.314001,0x24418ab1b19550b380652432eac1ab37bf3d0fa9,2017-10-22T20:55:34.000Z,0.0000314001,0x2d51aa1df7e17f27a19c5e93d01f5086cd46d3c5,sell,0x0f5d2fb29fb7d3cfee444a200298f468908cc942,0xa00d1f0154692dea0060b2b02c9ea192e3d3a25caf00e35f77cfc1a93b4632f7
219,1,0.0000388,0xe1fa699860444be91d366c21de8fef56e3dec77a,2017-10-22T18:26:47.000Z,0.0000388,0x1eaa18a0e964d346f2b5182be3f97d7aab5145b9,buy,0x0f5d2fb29fb7d3cfee444a200298f468908cc942,0xccbef84fbd05dd2f61de312c7fbfdccfd4da4e7c13f74fbf1e73a5e092ff3de9
220,356.2775396271558,0.0114365090220317,0xe3d0a0d0fcdab0f65f97c5e29b3d413e827ca3ce,2017-10-22T14:26:52.000Z,0.00003209999999999999,0x2a37aa5e418efbecb227f33ba02e8cd5f79e9c69,sell,0x0f5d2fb29fb7d3cfee444a200298f468908cc942,0x456367d3eb29ea0104045c7efd42173572dd4772ae6482e3c5fb3c629b279573
221,15000,0.477,0xc6939e988f4481b549ea7059cfcc42aab1f45bdb,2017-10-22T14:24:29.000Z,0.0000318,0x2a37aa5e418efbecb227f33ba02e8cd5f79e9c69,sell,0x0f5d2fb29fb7d3cfee444a200298f468908cc942,0xe23df65b9a3d2c2f1c30a8639bfd5b4bfe4eaa40e05aaff883bc1051232e28e0
222,25000,0.8,0x24991b80b5d64f660affcafa9dca8a420715344a,2017-10-22T14:23:19.000Z,0.000032,0x2a37aa5e418efbecb227f33ba02e8cd5f79e9c69,sell,0x0f5d2fb29fb7d3cfee444a200298f468908cc942,0xceac83a3b81b1883dc8701bf834cf593f1494e2c34b5be1dff6cabef09c90031
223,9910.286347791887,0.3270404405057671,0x24418ab1b19550b380652432eac1ab37bf3d0fa9,2017-10-22T13:49:58.000Z,0.00003300009999999999,0x9778550d76b07ac9f5e57392f68ecdf6efc1774e,sell,0x0f5d2fb29fb7d3cfee444a200298f468908cc942,0x7dbdfeb0b2b2d946c35f2283b33897bb4c94dc774ca611cc052523388dde739b
224,12000,0.396,0xe57f8364c4a07e8b586882c2337afc2c981b969e,2017-10-22T13:49:07.000Z,0.000033,0x9778550d76b07ac9f5e57392f68ecdf6efc1774e,sell,0x0f5d2fb29fb7d3cfee444a200298f468908cc942,0x4033799da5f1c29629f412ec6911663ec62d7d94e8b34364ff9fb2b773b5838c
225,15000,0.4977,0xc6939e988f4481b549ea7059cfcc42aab1f45bdb,2017-10-22T13:46:59.000Z,0.00003318,0x9778550d76b07ac9f5e57392f68ecdf6efc1774e,sell,0x0f5d2fb29fb7d3cfee444a200298f468908cc942,0xfce970172dac7ef537428e92f1282aec5131d7d6066b960087121b86511f8794
226,3200,0.112,0x961c26543da1b75dab96ae986a921fffc92cfa7e,2017-10-22T13:46:59.000Z,0.000035,0x9778550d76b07ac9f5e57392f68ecdf6efc1774e,sell,0x0f5d2fb29fb7d3cfee444a200298f468908cc942,0xf230d3fc0e9679ceb2f963029470ea5d53e00e7d37702d11ca3713af87b76efc
227,10100,0.3535,0x82d99d98115565d2a58e99fc53704cee56e3c0de,2017-10-22T11:56:06.000Z,0.000035,0x9778550d76b07ac9f5e57392f68ecdf6efc1774e,sell,0x0f5d2fb29fb7d3cfee444a200298f468908cc942,0xf353f1920a60d44296a212e992085f7f0edc8ef75784c5e033f36bbcddf84d9a
228,1960.33,0.069395682,0x24418ab1b19550b380652432eac1ab37bf3d0fa9,2017-10-22T11:52:34.000Z,0.0000354,0xd076df50c2a491d8d0954de19c86350b849993d4,buy,0x0f5d2fb29fb7d3cfee444a200298f468908cc942,0x7aba6ed3c1279cdfca3903ec9594aeac0eee9afcd618253949a92130caaf86f9
229,0.000705736865558659,0.000000025265379787,0xc9f789fd5b9dde6849e49a9240fccc301d9e8eff,2017-10-22T10:29:25.000Z,0.00003580000000000001,0xd076df50c2a491d8d0954de19c86350b849993d4,buy,0x0f5d2fb29fb7d3cfee444a200298f468908cc942,0x9ae344dfdf31a4b78cfbf6f8a085421436bc71593f487a3c2cb6d263f0e90fe2
230,10000,0.359,0xb38bc467ab6d5ff0dd261828682eaa169feacb80,2017-10-22T09:27:59.000Z,0.0000359,0xd076df50c2a491d8d0954de19c86350b849993d4,buy,0x0f5d2fb29fb7d3cfee444a200298f468908cc942,0x0a40b639b96342ed42ea1fa274ba2ff119bfa310ec289f435e36eb5477da9e69
231,39.55054816770299,0.001443595008121159,0x159b4658a2bf0e45004c8580d6ed7760ade5bb68,2017-10-22T09:15:44.000Z,0.00003649999999999999,0xd076df50c2a491d8d0954de19c86350b849993d4,sell,0x0f5d2fb29fb7d3cfee444a200298f468908cc942,0x8c98a1cdf746cfa262aadae1052407056b26dcc66c466b9d763e9e35272240d0
232,1199.9973444083173,0.049859889660165586,0xfa659c3f28530216b2ced5c95612ba58ea3feead,2017-10-22T03:12:56.000Z,0.00004155,0x24418ab1b19550b380652432eac1ab37bf3d0fa9,buy,0x0f5d2fb29fb7d3cfee444a200298f468908cc942,0x55069380c6c8335ccb5a4b33d4bcec65f5e63bc93defaab628c8d9f8e0fe09d5
233,65680.45660867488,2.0514633817153514,0xbc0945c667fadc26b9bf39e586b15eeb901e7d1c,2017-10-22T00:21:45.000Z,0.00003123399999999999,0xcf9e3a857680379a07fb8cbd31f60e9ff466516b,sell,0x0f5d2fb29fb7d3cfee444a200298f468908cc942,0x706291229b9791aab16573444d68f71c418f6697e59d9fad4e8c7769b951732f
234,11785.350401545273,0.43016528965640244,0x159b4658a2bf0e45004c8580d6ed7760ade5bb68,2017-10-21T19:51:05.000Z,0.00003649999999999999,0x3dee4a4e076e8d82859d241db0baf46f112cfa23,sell,0x0f5d2fb29fb7d3cfee444a200298f468908cc942,0x35dc9b76a405db771023d89006f1851c910122c64bab7933fe7bdc6a690983c6
235,18849.877900623036,0.6880205433727408,0x159b4658a2bf0e45004c8580d6ed7760ade5bb68,2017-10-21T19:01:28.000Z,0.00003649999999999999,0x3dee4a4e076e8d82859d241db0baf46f112cfa23,sell,0x0f5d2fb29fb7d3cfee444a200298f468908cc942,0xd5a04e911323fe8850fb133262bc1496fba1940fe6f505f4d219b4534e10a0ea
236,13125.22114966399,0.4790705719627356,0x159b4658a2bf0e45004c8580d6ed7760ade5bb68,2017-10-21T18:55:31.000Z,0.00003649999999999999,0x3dee4a4e076e8d82859d241db0baf46f112cfa23,sell,0x0f5d2fb29fb7d3cfee444a200298f468908cc942,0x92faa9d2e5134acdaae98f0f6df78f20f38dcebecc6c47547f4f3a572319c6fd
237,4015.1176320970976,0.14615028180833434,0xc6939e988f4481b549ea7059cfcc42aab1f45bdb,2017-10-21T18:54:46.000Z,0.00003639999999999999,0x3dee4a4e076e8d82859d241db0baf46f112cfa23,sell,0x0f5d2fb29fb7d3cfee444a200298f468908cc942,0x350d2efa559050ec4b935542829b7e0da06a70613dd0ee6c7e611c46398a81b6
238,341.4087748741309,0.014240159999999998,0x799a129042d63eec9afb6b0673c8bac77fce5f76,2017-10-21T18:54:12.000Z,0.00004170999999999999,0x3dee4a4e076e8d82859d241db0baf46f112cfa23,sell,0x0f5d2fb29fb7d3cfee444a200298f468908cc942,0x44ad2ed484df55a06f7c55f5f1c14d681dc7651c15fe9d2bdad13f684755c8d1
239,18268.754089177684,0.6631557734371499,0x1eaa18a0e964d346f2b5182be3f97d7aab5145b9,2017-10-21T18:01:41.000Z,0.00003629999999999999,0xcac38bf93bd9afaf47f986720b0f0b17aa03f390,sell,0x0f5d2fb29fb7d3cfee444a200298f468908cc942,0x1d301791e909e870ae4ff980907486bf2ce6c181db00735441980815a2860106
240,2000,0.0834,0x273a5d3e6721b9f5c1a6474f560c1334c63dda01,2017-10-21T17:45:17.000Z,0.0000417,0x1eaa18a0e964d346f2b5182be3f97d7aab5145b9,buy,0x0f5d2fb29fb7d3cfee444a200298f468908cc942,0x227445a541ec47b9f80018c1e59052b54561e682ea4622aab7ec8ba1fd9b8336
241,1994,0.0855426,0x799a129042d63eec9afb6b0673c8bac77fce5f76,2017-10-21T17:45:17.000Z,0.0000429,0x273a5d3e6721b9f5c1a6474f560c1334c63dda01,sell,0x0f5d2fb29fb7d3cfee444a200298f468908cc942,0x227445a541ec47b9f80018c1e59052b54561e682ea4622aab7ec8ba1fd9b8336
242,6484.882367902903,0.23604971819166565,0xc6939e988f4481b549ea7059cfcc42aab1f45bdb,2017-10-21T16:24:44.000Z,0.00003639999999999999,0x3efd9b0bd8e4595bc494539aca584821950106ee,sell,0x0f5d2fb29fb7d3cfee444a200298f468908cc942,0xb5e2cb9eab2ac65569f56e7db23425b6f893b4f7e3a1d87374d4723947d3a22b
243,10500,0.3822,0xc6939e988f4481b549ea7059cfcc42aab1f45bdb,2017-10-21T16:23:38.000Z,0.0000364,0x3efd9b0bd8e4595bc494539aca584821950106ee,sell,0x0f5d2fb29fb7d3cfee444a200298f468908cc942,0x87aca69cfab5f38213568732da91a3f8440ef3b1f8fa70531118d98d014f9e20
244,3723.7036561105797,0.15851806464062737,0xf11de9f660c2bba83771d7dab1a8e3d8816cf1d2,2017-10-21T15:25:07.000Z,0.00004256999999999999,0xcac38bf93bd9afaf47f986720b0f0b17aa03f390,buy,0x0f5d2fb29fb7d3cfee444a200298f468908cc942,0x32c3321cf9c804d5815d37c3fc50f7515dbc45ef9b773cc88ed9ee72ac175f4a
245,1639.4431264545872,0.05951178549030152,0x1eaa18a0e964d346f2b5182be3f97d7aab5145b9,2017-10-21T15:06:32.000Z,0.00003629999999999999,0x5272cd4dd8b48fcbd85ea40c458840924b0f086e,sell,0x0f5d2fb29fb7d3cfee444a200298f468908cc942,0x791871d0e0e78d70eb77c9551f6af297e5c8776070101db71812d6070f11f72f
246,30144.967565985444,1.091247825888673,0x24991b80b5d64f660affcafa9dca8a420715344a,2017-10-21T14:58:21.000Z,0.00003619999999999999,0x5272cd4dd8b48fcbd85ea40c458840924b0f086e,sell,0x0f5d2fb29fb7d3cfee444a200298f468908cc942,0x2762fbf16edd4801948f2bea06ac8060a8daa410a105710fd9c698288de25aa6
247,3978.277669064257,0.16947462870213736,0x3159557ed9e4fd6cb7f44fca09848654f570ca95,2017-10-21T13:56:17.000Z,0.0000426,0x1eaa18a0e964d346f2b5182be3f97d7aab5145b9,buy,0x0f5d2fb29fb7d3cfee444a200298f468908cc942,0xbe5bfe30c6f0da17342bdb17944dd4595ecc0616712a56da0bad626b9405d7f5
248,4855.032434014555,0.17575217411132688,0x24991b80b5d64f660affcafa9dca8a420715344a,2017-10-21T13:54:03.000Z,0.00003619999999999999,0x3efd9b0bd8e4595bc494539aca584821950106ee,sell,0x0f5d2fb29fb7d3cfee444a200298f468908cc942,0xd1c57b84348a260059dfb43b5b305d05058306bb8b2cf69c123d6207a3783a8e
249,10000,0.3651001,0x24418ab1b19550b380652432eac1ab37bf3d0fa9,2017-10-21T13:52:37.000Z,0.00003651001,0x3efd9b0bd8e4595bc494539aca584821950106ee,sell,0x0f5d2fb29fb7d3cfee444a200298f468908cc942,0x6fd710b18b426a52e6f0aa02fd8d70a4b66ee36b72040796dbcd76bafe0808a5
250,9990.648,0.3676558464,0xc6939e988f4481b549ea7059cfcc42aab1f45bdb,2017-10-21T13:51:54.000Z,0.0000368,0x3efd9b0bd8e4595bc494539aca584821950106ee,sell,0x0f5d2fb29fb7d3cfee444a200298f468908cc942,0x87b7e6f00dfaed4fb55306ffeb4bbd37a4431752ac228219f5a37f127d875613
251,0.011998587348732393,0.000000511139821056,0x3159557ed9e4fd6cb7f44fca09848654f570ca95,2017-10-21T13:51:54.000Z,0.0000426,0x1eaa18a0e964d346f2b5182be3f97d7aab5145b9,buy,0x0f5d2fb29fb7d3cfee444a200298f468908cc942,0x7e0c2eb6ad9ef459a94fe660c7fe64d6a0333aa2365721e6dc35fbdd924d9267
252,120.18855004712766,0.005127243545010467,0x3159557ed9e4fd6cb7f44fca09848654f570ca95,2017-10-21T13:50:41.000Z,0.00004266,0xcac38bf93bd9afaf47f986720b0f0b17aa03f390,buy,0x0f5d2fb29fb7d3cfee444a200298f468908cc942,0x8f52c1d0bfe7c8d2c63df2593c7be77e63401e3a4f1a59631204e1f6b526acdd
253,300,0.01278,0xb8c4d3c48fd783800efae55dfcef124e7b4f56c9,2017-10-21T12:13:20.000Z,0.0000426,0x1eaa18a0e964d346f2b5182be3f97d7aab5145b9,buy,0x0f5d2fb29fb7d3cfee444a200298f468908cc942,0x762df945698ae6e5a921b3c44ae0a15794fd82f8e042b5d37aac46810d1bced3
254,1,0.0000427,0x619741507837ec9c297cb9e7b9d07e433c247d09,2017-10-21T10:48:30.000Z,0.0000427,0x1eaa18a0e964d346f2b5182be3f97d7aab5145b9,buy,0x0f5d2fb29fb7d3cfee444a200298f468908cc942,0x17b30c1dc513d2deeeb7e466837f337af06b0d73acde0cab453e5ba49671b70f
255,19900,0.73033,0x08dc4e5f2bb82623a8e7b5f00c00c87d5ba21bce,2017-10-21T10:06:54.000Z,0.00003669999999999999,0xcac38bf93bd9afaf47f986720b0f0b17aa03f390,sell,0x0f5d2fb29fb7d3cfee444a200298f468908cc942,0x5327f2e6c4ae2bde6df7264f7deaf976926f6ab9dc408cb91e9cf5b9b612eaac
256,22900,1.0076,0x4b5c29e20be8ffe28dce28e41191d68d957fa501,2017-10-21T06:38:10.000Z,0.000044,0x1eaa18a0e964d346f2b5182be3f97d7aab5145b9,buy,0x0f5d2fb29fb7d3cfee444a200298f468908cc942,0xbb44705e7726125964c6b7dd2375c2425ab358d2c86971ba76eae5c65a5ef451
257,2000,0.08778000000000001,0x088f371938f57b1e9602fd4e842c32ed31d22f1f,2017-10-21T06:10:05.000Z,0.00004389,0xcac38bf93bd9afaf47f986720b0f0b17aa03f390,buy,0x0f5d2fb29fb7d3cfee444a200298f468908cc942,0x57bd77a517900301deae61fe256a17335d27c1110bb04870f6a44eaf1b1cbd35
258,18000,0.774,0xb4c7fd23843d6a58cec1bbdbc50eab4404a842e4,2017-10-21T04:59:15.000Z,0.000043,0x24991b80b5d64f660affcafa9dca8a420715344a,buy,0x0f5d2fb29fb7d3cfee444a200298f468908cc942,0x1e054355cab0b050954c7bd1edd4433d6ebc3c9f13227f0080905d590fa1ded8
259,30000,1.0425,0x5272cd4dd8b48fcbd85ea40c458840924b0f086e,2017-10-21T04:23:40.000Z,0.00003475,0x5272cd4dd8b48fcbd85ea40c458840924b0f086e,sell,0x0f5d2fb29fb7d3cfee444a200298f468908cc942,0x92fe49cb2bdd00cc2ec3b5d65e0a559bea0114c1711ee1e8c9c87c659c66c0f5
260,5963.568141019876,0.21946527115767245,0x3dee4a4e076e8d82859d241db0baf46f112cfa23,2017-10-21T03:16:12.000Z,0.00003680099999999999,0x009a12d4290630bc01fd82516ac57c1dc6a9bcfb,sell,0x0f5d2fb29fb7d3cfee444a200298f468908cc942,0x75cc43eaf3442b4e52c29f45546642b0a7094f66c4302fb99ac564e96a56e44b
261,1000,0.044,0x2346ec020397e426a781d0ad2b55e6b71432808f,2017-10-20T22:21:56.000Z,0.000044,0x1eaa18a0e964d346f2b5182be3f97d7aab5145b9,buy,0x0f5d2fb29fb7d3cfee444a200298f468908cc942,0x5690292a9da72e6bf4e21db0cd57f27b59d219edd496afeaa8c21ad20ab1aaa9
262,13200,0.58212,0x1da251119e3a70bcb4aed858bd2acccff2155077,2017-10-20T21:47:34.000Z,0.0000441,0xad440e6b26dd3a044a97294bf87c017d7fb81c67,sell,0x0f5d2fb29fb7d3cfee444a200298f468908cc942,0x485e96bb1e4305421bac1f97ea3852297fbcf120d31e113f652b430e2d367c8c
263,2086.1146509774285,0.07676901915596937,0xc6939e988f4481b549ea7059cfcc42aab1f45bdb,2017-10-20T21:14:34.000Z,0.00003679999999999999,0xe651d0107cc442943df1ca3a6d0d601816f19262,sell,0x0f5d2fb29fb7d3cfee444a200298f468908cc942,0x7c160ee8089834bb7c28ed505fabfde881050e2747c3bee5235bbccb0d24fecb
264,21.814214010964246,0.000996909580301066,0xc133e451c018bb364070ef59a4ee77053c3b5fae,2017-10-20T14:27:21.000Z,0.0000457,0x24991b80b5d64f660affcafa9dca8a420715344a,buy,0x0f5d2fb29fb7d3cfee444a200298f468908cc942,0x074518893a14dcdd28d18c2f5939a27a3efe2088640809dc866c3aa897d730ca
265,49.99999999999999,0.002293,0xd1df0dc1c41bd6443a35d49616fd70b7bd026029,2017-10-20T11:14:41.000Z,0.00004586,0xcac38bf93bd9afaf47f986720b0f0b17aa03f390,buy,0x0f5d2fb29fb7d3cfee444a200298f468908cc942,0x5b22762ec81daf5323ab70026b53cb4d979a400e7053f7185bd9aae189d1731a
266,5861.689,0.26840673931,0x1e4a7832a4f589fb9c12e88a5aa8fbfd7ed077aa,2017-10-20T09:31:30.000Z,0.00004579,0x3c3aef0043c8629556d0b20425aca08a1509d1dc,buy,0x0f5d2fb29fb7d3cfee444a200298f468908cc942,0x2a7c7e2b04ce697917f08119066bf762004585b25a11b92c029b9a00c0336f01
267,16000,0.7328,0x1e4a7832a4f589fb9c12e88a5aa8fbfd7ed077aa,2017-10-20T09:31:30.000Z,0.0000458,0x1eaa18a0e964d346f2b5182be3f97d7aab5145b9,buy,0x0f5d2fb29fb7d3cfee444a200298f468908cc942,0x440be49ebb0bffb501c293037eed9898fe14f9ffd99ce0af025f86e8a5f4e51a
268,5200,0.238108,0x7b9f608a4c2e272c3100b2a0e5ff09738ffff92b,2017-10-20T08:56:10.000Z,0.00004579,0x3c3aef0043c8629556d0b20425aca08a1509d1dc,buy,0x0f5d2fb29fb7d3cfee444a200298f468908cc942,0x0833c458ab730169e0db452e497bcddbad5f97a449454a9b5a87f6e0757967ee
269,11.625,0.000532425,0x1d80982502f3bb75654df13aa32bbd5ac9cab7d6,2017-10-20T04:41:47.000Z,0.0000458,0x1eaa18a0e964d346f2b5182be3f97d7aab5145b9,buy,0x0f5d2fb29fb7d3cfee444a200298f468908cc942,0xf0c1f59a2abf8fd939d363ed216c8e2f8a82e63e3b0662c9fb245a5dc968bfe9
270,0.000000000000000001,0,0xc62b1d6d1e809663dcdbfb7887c9a3ca5e3fe969,2017-10-19T22:58:19.000Z,0,0xaa987ba4e68b4bf30248df67f5a45518425192c6,sell,0x0f5d2fb29fb7d3cfee444a200298f468908cc942,0x2a167214e85129e546b89044f5d52e97022b135cb918eb14dd83b8865d8354bb
271,0.000000000000001324,0,0xd0d089fe18092dcb94a1a06b2496a5b9a611d3a5,2017-10-19T20:04:03.000Z,0,0xaa987ba4e68b4bf30248df67f5a45518425192c6,sell,0x0f5d2fb29fb7d3cfee444a200298f468908cc942,0x671c7682c98faf7efc77c846301013f9658a9937c6bee1ef34d8dc503fe141dd
272,0.5962972267776294,0.00002126395910689,0x009a12d4290630bc01fd82516ac57c1dc6a9bcfb,2017-10-19T19:01:56.000Z,0.00003565999999999955,0x605d3acd01eb248323943735b9aad073d0152b99,sell,0x0f5d2fb29fb7d3cfee444a200298f468908cc942,0x7fff3001b798e666df5f9caa726a8c599fe223c69224221cc6062fa0d5922963
273,5981.4574818064,0.21329877380121623,0x009a12d4290630bc01fd82516ac57c1dc6a9bcfb,2017-10-19T18:57:09.000Z,0.00003565999999999999,0x605d3acd01eb248323943735b9aad073d0152b99,sell,0x0f5d2fb29fb7d3cfee444a200298f468908cc942,0x322f45bc6ee3f468a97bbb057fd125a3d32e480d5d317816b625f317a2302140
274,555,0.021509025,0x6e7897cf3dc5c8d7349ed63d68b0fcc34435ca8f,2017-10-19T18:49:08.000Z,0.000038755,0x1a9ec6d641bcc3cfbd1c1130449685149b2d21e7,buy,0x0f5d2fb29fb7d3cfee444a200298f468908cc942,0xe10c53aedf687cce978afa798bb2430e61242a3503a9d76ae35d45c6e4e06344
275,2796.5887454267013,0.12025331605334816,0xf81ab81ca1a6a19cc7b69b2c7876ff6543060598,2017-10-19T18:48:45.000Z,0.000043,0x334154e6d5d595eea17426974cad11148cdce4dd,buy,0x0f5d2fb29fb7d3cfee444a200298f468908cc942,0xcd9feba06b83630864771e4a12e1f7269964e0baeb89c29bae3172f3f1dc654c
276,86392,3.4038448,0x6e7897cf3dc5c8d7349ed63d68b0fcc34435ca8f,2017-10-19T18:47:51.000Z,0.0000394,0xbebc241c4d0332ded7fa6d8d19e44e2765b6ec24,buy,0x0f5d2fb29fb7d3cfee444a200298f468908cc942,0x4f31b8c693056f5467099927fb9c283dcc713f11afaecb3e1322757d23832c7b
277,3361.591,0.1290850944,0xf81ab81ca1a6a19cc7b69b2c7876ff6543060598,2017-10-19T18:47:31.000Z,0.0000384,0x1eaa18a0e964d346f2b5182be3f97d7aab5145b9,buy,0x0f5d2fb29fb7d3cfee444a200298f468908cc942,0xe3a22f8a590a40ed057c761eb765ee1169b3298ff8d4b0362b888bc1d6dde902
278,29000,1.127781,0x6e7897cf3dc5c8d7349ed63d68b0fcc34435ca8f,2017-10-19T18:46:24.000Z,0.000038889,0x0064c3d0808790dbf206418f8ce8db4db6038f73,buy,0x0f5d2fb29fb7d3cfee444a200298f468908cc942,0x48e613560a9007f5a836eb4b720e972a73555d8b72ae61791cbf6d0f47e074ea
279,25318,0.984591702,0xf732b16f5aee6cd2db5b30a7a3860764a48b19ff,2017-10-19T18:45:42.000Z,0.000038889,0x0064c3d0808790dbf206418f8ce8db4db6038f73,buy,0x0f5d2fb29fb7d3cfee444a200298f468908cc942,0xdb79ae1b054bd95853b8e420cd22e01b1ee825914940ce5222151c56f6dfa3c5
280,6965.633,0.2674803072,0xf732b16f5aee6cd2db5b30a7a3860764a48b19ff,2017-10-19T18:33:43.000Z,0.0000384,0x1eaa18a0e964d346f2b5182be3f97d7aab5145b9,buy,0x0f5d2fb29fb7d3cfee444a200298f468908cc942,0xc0d478853ac8fafc37286414cda3afc699d6b1ae67a74d6c0ad1bcb0f0ed07fb
281,5000,0.1915,0xf732b16f5aee6cd2db5b30a7a3860764a48b19ff,2017-10-19T18:32:37.000Z,0.0000383,0x1eaa18a0e964d346f2b5182be3f97d7aab5145b9,buy,0x0f5d2fb29fb7d3cfee444a200298f468908cc942,0x16233f484e999d5536b7f3b7568593d2ad736afe7434b2edb5584272c6b22c2d
282,6867.7,0.2630260423,0xf732b16f5aee6cd2db5b30a7a3860764a48b19ff,2017-10-19T18:32:24.000Z,0.000038299,0xa54b88fcb5dc39e97d12e79aafaa28702204344f,buy,0x0f5d2fb29fb7d3cfee444a200298f468908cc942,0x144294f6387bbcaf41256dcb44b6b5640945a52610d4f01bf977221eccd9dd5c
283,13034.366657213826,0.5005196796370109,0xcac38bf93bd9afaf47f986720b0f0b17aa03f390,2017-10-19T18:26:30.000Z,0.0000384,0x1eaa18a0e964d346f2b5182be3f97d7aab5145b9,buy,0x0f5d2fb29fb7d3cfee444a200298f468908cc942,0x0a13555d5f8caab3c9b8e6f6d33e5d7f256ae29c14606e20c59bab910b35ba9b
284,5000,0.191995,0xb79b9f66acb4ff1a643497154c2a88d082d665c1,2017-10-19T18:20:15.000Z,0.000038399,0xa54b88fcb5dc39e97d12e79aafaa28702204344f,buy,0x0f5d2fb29fb7d3cfee444a200298f468908cc942,0x31abd7d665fedb03bbd209d2f55129b5c87ada55448739deb7d72574b0ca2f9f
285,16638.408988560353,0.6389149051607176,0xcac38bf93bd9afaf47f986720b0f0b17aa03f390,2017-10-19T18:18:21.000Z,0.0000384,0x1eaa18a0e964d346f2b5182be3f97d7aab5145b9,buy,0x0f5d2fb29fb7d3cfee444a200298f468908cc942,0xb64f37a6977d557310320230af5f7d1b064ef441a26fc74674e517e94ad31bb5
286,0.000000000013273587,0.000000000000000473,0x009a12d4290630bc01fd82516ac57c1dc6a9bcfb,2017-10-19T16:19:57.000Z,0.00003563467810170679,0xaa987ba4e68b4bf30248df67f5a45518425192c6,sell,0x0f5d2fb29fb7d3cfee444a200298f468908cc942,0x2d09896a8289eb7a5cd05dfd3b06b6602ff52a739f37e5c0449e735347498777
287,0.000000133147359353,0.000000000004734187,0x09e396aca9535fffc68c72f880ab36e252b73a43,2017-10-19T16:03:44.000Z,0.00003555599617600175,0xaa987ba4e68b4bf30248df67f5a45518425192c6,sell,0x0f5d2fb29fb7d3cfee444a200298f468908cc942,0xe6921abeff4218ec89a860cdc86092d4a98b73e2494c7c761e456867ca05aac9
288,0.001335601161661411,0.000000047487299302,0xf2b1fdc974a80ae077f285421eb39e10403fb1f2,2017-10-19T15:37:52.000Z,0.0000355549999993475,0xaa987ba4e68b4bf30248df67f5a45518425192c6,sell,0x0f5d2fb29fb7d3cfee444a200298f468908cc942,0xeeba9aa7bfa8898ce8b4ddc1c44f83441820da6a27aad4c5a0de1929556dc0eb
289,13.397415252625612,0.000476345099307103,0xf2b1fdc974a80ae077f285421eb39e10403fb1f2,2017-10-19T15:25:34.000Z,0.00003555499999999995,0xaa987ba4e68b4bf30248df67f5a45518425192c6,sell,0x0f5d2fb29fb7d3cfee444a200298f468908cc942,0x0f742858cdfb5ce9906e234732e75b3e5760bc9f055582ab28e442cf6c05040d
290,30000,1.041,0x5272cd4dd8b48fcbd85ea40c458840924b0f086e,2017-10-19T15:18:37.000Z,0.0000347,0x5272cd4dd8b48fcbd85ea40c458840924b0f086e,sell,0x0f5d2fb29fb7d3cfee444a200298f468908cc942,0xf4d2ff85025566a9a1b67a58925abc0136ae4846acaa26d45172f462d1d002f6
291,134389.4723990875,4.778217691149556,0xf2b1fdc974a80ae077f285421eb39e10403fb1f2,2017-10-19T14:46:59.000Z,0.00003555499999999999,0xaa987ba4e68b4bf30248df67f5a45518425192c6,sell,0x0f5d2fb29fb7d3cfee444a200298f468908cc942,0x3d5cd8bedd9f4c5b7170a6c900d96628f285e01d76570c2af4a148627aa3a6e0
292,100000,3.5559,0x242064a071ac10bd404553e0a84d2234ac25df17,2017-10-19T14:45:51.000Z,0.000035559,0xaa987ba4e68b4bf30248df67f5a45518425192c6,sell,0x0f5d2fb29fb7d3cfee444a200298f468908cc942,0x53dc950e8489dfd5290468d589b7ae73062e0c06739c9d5ed29a998701e578d6
293,22000,0.7876,0x24991b80b5d64f660affcafa9dca8a420715344a,2017-10-19T14:27:30.000Z,0.0000358,0xaa987ba4e68b4bf30248df67f5a45518425192c6,sell,0x0f5d2fb29fb7d3cfee444a200298f468908cc942,0xe4eefe6d6dfb32cad6ded3c206bb876109cab44fa3c2286f9f1836eba4c00bbc
294,22543.38464265734,0.8015300409696817,0xf2b1fdc974a80ae077f285421eb39e10403fb1f2,2017-10-19T14:27:30.000Z,0.00003555499999999999,0xaa987ba4e68b4bf30248df67f5a45518425192c6,sell,0x0f5d2fb29fb7d3cfee444a200298f468908cc942,0x16e95bf5ae05929a4f986fbf217152990ff25131c7cb58955c371577ac851072
295,1090,0.04202386,0x54409c45877a9877a724bdfc941dd5a16ac0f0c8,2017-10-19T13:15:40.000Z,0.000038554,0xa54b88fcb5dc39e97d12e79aafaa28702204344f,buy,0x0f5d2fb29fb7d3cfee444a200298f468908cc942,0x96894dba0446a91c20adafcb66838beee4553ac1d0236b1b9202afb5907d587c
296,1000,0.035555,0x24991b80b5d64f660affcafa9dca8a420715344a,2017-10-19T11:56:48.000Z,0.000035555,0xd35cc4db1066b87373c5b83f2a033b4aabb8a1f2,buy,0x0f5d2fb29fb7d3cfee444a200298f468908cc942,0xb242ce61b6b4619d42bb6f514b6c988e4fe627af23a6b8479da6196d97362cc6
297,2203.23,0.07833584265,0x318acb24cf301a1582e41275fca45567fc7bcdb1,2017-10-19T11:16:40.000Z,0.000035555,0xd35cc4db1066b87373c5b83f2a033b4aabb8a1f2,buy,0x0f5d2fb29fb7d3cfee444a200298f468908cc942,0x29340c904803508b307a35d7b7506664e265e5522d1220f404abc6e1bdff0b0b
298,500,0.0177775,0x318acb24cf301a1582e41275fca45567fc7bcdb1,2017-10-19T10:58:26.000Z,0.000035555,0xd35cc4db1066b87373c5b83f2a033b4aabb8a1f2,buy,0x0f5d2fb29fb7d3cfee444a200298f468908cc942,0xcc80cc7389ece6884222b8fd8aba7b122100d506d27f801b90893d1b911c818d
299,2800,0.099554,0xf34d3d9af2b767fc293b84905662c56719361847,2017-10-19T10:56:22.000Z,0.000035555,0xd35cc4db1066b87373c5b83f2a033b4aabb8a1f2,buy,0x0f5d2fb29fb7d3cfee444a200298f468908cc942,0x943f19e8245d1411f9671694785f9e6d25fbc335c0b1fe89ccc9215e0c6a4b63
300,5100,0.1966305,0xf34d3d9af2b767fc293b84905662c56719361847,2017-10-19T09:51:29.000Z,0.000038555,0xd35cc4db1066b87373c5b83f2a033b4aabb8a1f2,buy,0x0f5d2fb29fb7d3cfee444a200298f468908cc942,0xe4ef5679dd3b7f840a27883e7045f53418602efe11f4d4e945320694394fb1ee
301,40355.60109989034,1.412446038496162,0xf2b1fdc974a80ae077f285421eb39e10403fb1f2,2017-10-19T09:38:46.000Z,0.00003499999999999999,0xaa987ba4e68b4bf30248df67f5a45518425192c6,sell,0x0f5d2fb29fb7d3cfee444a200298f468908cc942,0x7e4d4127e850174592cd9f2bdc00c3908b46f6eccdf7926d7c2967e2865a1495
302,55555,1.944425,0x9e593db389c9d8307b5c932dda21491e63f8f7d3,2017-10-19T09:03:46.000Z,0.000035,0xaa987ba4e68b4bf30248df67f5a45518425192c6,sell,0x0f5d2fb29fb7d3cfee444a200298f468908cc942,0x2a0a2fe85cc63a0a0d15fd2599d988dca653da1ea62cfd6e5efc2772a7d262ca
303,206.85455455097366,0.00797527735071279,0x53d2cf8b9d9affe58901dfdc1476c9fb79cb31cf,2017-10-19T07:04:49.000Z,0.000038555,0xd35cc4db1066b87373c5b83f2a033b4aabb8a1f2,buy,0x0f5d2fb29fb7d3cfee444a200298f468908cc942,0xfc91f9607d7be54f585cc40e156aa471fdae524b852d4ea34fab4a9ceb87adfe
304,56250.8789,1.9999999992895,0x53d2cf8b9d9affe58901dfdc1476c9fb79cb31cf,2017-10-19T06:50:43.000Z,0.000035555,0xaa987ba4e68b4bf30248df67f5a45518425192c6,sell,0x0f5d2fb29fb7d3cfee444a200298f468908cc942,0xe8adfba456efccb0a7d45d02eb747b63e82e48fbe516b61049502a310c5148f9
305,18113.133995644523,0.6983518812020746,0x1e4a7832a4f589fb9c12e88a5aa8fbfd7ed077aa,2017-10-19T04:10:45.000Z,0.000038555,0xd35cc4db1066b87373c5b83f2a033b4aabb8a1f2,buy,0x0f5d2fb29fb7d3cfee444a200298f468908cc942,0x0975577cf0c492aeedfc9c3890e8815107c63b2130b61001e5027e34460cc7df
306,109.660053695989,0.003898963209160889,0xf03af1891534c133d7847241a60840fadcfa442d,2017-10-19T03:32:10.000Z,0.00003555499999999999,0x2126a604190d8a3485e20778473df338513278e3,sell,0x0f5d2fb29fb7d3cfee444a200298f468908cc942,0x2083a2ec6b6bf720605e6325cc867f8cb2f56a854ada4fb63a03d7a967c67aa2
307,12957.70068326022,0.4407043579383634,0xa54b88fcb5dc39e97d12e79aafaa28702204344f,2017-10-19T01:57:07.000Z,0.00003401099999999999,0xd6ef78ef089ff1817ee51fa6a77f6bd06091ff05,sell,0x0f5d2fb29fb7d3cfee444a200298f468908cc942,0xc4cc7a9951623f85c0e5c8348a4a8583f56215eaba768203601206ebb17072b7
308,2000,0.07311,0x9ba6f2851c8afe6be654fbd4c3dc7e9e64cffe53,2017-10-19T01:50:02.000Z,0.000036555,0xd6ef78ef089ff1817ee51fa6a77f6bd06091ff05,sell,0x0f5d2fb29fb7d3cfee444a200298f468908cc942,0xe38efc9eb152a755e70c71614a78d835b14b846307b4ad4900e714cea5197ec4
309,1500,0.0557325,0x9ba6f2851c8afe6be654fbd4c3dc7e9e64cffe53,2017-10-19T01:49:47.000Z,0.000037155,0xd6ef78ef089ff1817ee51fa6a77f6bd06091ff05,sell,0x0f5d2fb29fb7d3cfee444a200298f468908cc942,0x7677962cc9047d56c780b524cb4491b6d3e3bfdc3c4daf2f797b75762c610f06
310,3000,0.107265,0x9ba6f2851c8afe6be654fbd4c3dc7e9e64cffe53,2017-10-19T01:40:20.000Z,0.000035755,0xd6ef78ef089ff1817ee51fa6a77f6bd06091ff05,sell,0x0f5d2fb29fb7d3cfee444a200298f468908cc942,0x95e523de285455bd4e38ce745c05f3602ed1e98f3684148b6ae9b7bcb30c67b5
311,3000,0.108465,0x9ba6f2851c8afe6be654fbd4c3dc7e9e64cffe53,2017-10-19T01:38:37.000Z,0.000036155,0xd6ef78ef089ff1817ee51fa6a77f6bd06091ff05,sell,0x0f5d2fb29fb7d3cfee444a200298f468908cc942,0x7b1625cd8b22cea2482d3fa5b6c50b3b55f488fa083dc4e53019c2929fa003fe
312,9950,0.36970220000000004,0x88650fdbfbb5c7933eb52008c4387050b963747d,2017-10-18T18:59:37.000Z,0.00003715599999999999,0xcac38bf93bd9afaf47f986720b0f0b17aa03f390,sell,0x0f5d2fb29fb7d3cfee444a200298f468908cc942,0x1dccdfaf283d172bf81ea1d902c9c5dc17497ea09a8b4354e0e8a658ce353a64
313,75864,2.65524,0xa529f4bf564eaab73fcbb4d77a2a778282605507,2017-10-18T17:55:52.000Z,0.00003499999999999999,0xbebc241c4d0332ded7fa6d8d19e44e2765b6ec24,sell,0x0f5d2fb29fb7d3cfee444a200298f468908cc942,0x5e7d62a8c5855122c8e5d361af89ffdc02dee91105a3e88489f7befe4d8571ee
314,100000,3.56,0x5da39a4e1e267d68cd920238ed01aa3e70ce9204,2017-10-18T16:35:32.000Z,0.0000356,0xaa987ba4e68b4bf30248df67f5a45518425192c6,sell,0x0f5d2fb29fb7d3cfee444a200298f468908cc942,0x039d2ee9496c29f4937777b30391fcadf46e920a9d49ec33f75e718b684f1c97
315,1,0.000039999,0x3ac636ac5c3a2576156ac5f10066ca68abe0ad54,2017-10-18T16:32:58.000Z,0.000039999,0xd6ef78ef089ff1817ee51fa6a77f6bd06091ff05,buy,0x0f5d2fb29fb7d3cfee444a200298f468908cc942,0x8c0699d7569dcb49915b4628cd3f682a1cc776b6bf5cbbbfd712c251e62a59b7
316,12.658227848101266,0.0005,0x379374d13077e8867ef31803c37baf9785a17c00,2017-10-18T15:19:13.000Z,0.0000395,0x1eaa18a0e964d346f2b5182be3f97d7aab5145b9,buy,0x0f5d2fb29fb7d3cfee444a200298f468908cc942,0xa39f7ebbe1d04b6d560fc00dc462aa1c8b11f382764980b619f8e27671df83f0
317,12.658227848101266,0.0005,0xf9695cd65d6dfdf257fab76a3eb0cb8f001971cc,2017-10-18T15:19:13.000Z,0.0000395,0x1eaa18a0e964d346f2b5182be3f97d7aab5145b9,buy,0x0f5d2fb29fb7d3cfee444a200298f468908cc942,0xd471a64049178ba7188f1c57e840d44172de886ece2b18a8f535fda0f68d2cd8
318,26000,0.9412,0x24991b80b5d64f660affcafa9dca8a420715344a,2017-10-18T13:50:03.000Z,0.0000362,0xaa987ba4e68b4bf30248df67f5a45518425192c6,sell,0x0f5d2fb29fb7d3cfee444a200298f468908cc942,0x684a2fadb8cb45730f09e98dbf05f90c3186e7841617b013ecc9da5271ca4973
319,10000,0.394,0x9ba6f2851c8afe6be654fbd4c3dc7e9e64cffe53,2017-10-18T13:36:08.000Z,0.0000394,0x1eaa18a0e964d346f2b5182be3f97d7aab5145b9,buy,0x0f5d2fb29fb7d3cfee444a200298f468908cc942,0xd7272a3e99c8f986fb5f7cfa794c80eec824815f41492998040e9eb0fb2faf96
320,0.000000000000000109,0,0x1eaa18a0e964d346f2b5182be3f97d7aab5145b9,2017-10-18T11:28:46.000Z,0,0xaa987ba4e68b4bf30248df67f5a45518425192c6,sell,0x0f5d2fb29fb7d3cfee444a200298f468908cc942,0xb15a022468f7d31caeb33b383e1b3f095ddf9e270a1659372fe3c8c30142d3f6
321,0.000000000001091517,0.000000000000000038,0xa529f4bf564eaab73fcbb4d77a2a778282605507,2017-10-18T11:23:47.000Z,0.00003481393326901917,0xaa987ba4e68b4bf30248df67f5a45518425192c6,sell,0x0f5d2fb29fb7d3cfee444a200298f468908cc942,0x5ed579071568c21bc977ed47d4772eaf2daad092a599ad43edd5437276b374ff
322,2.2457750528739235,0.000079848532004932,0xd35cc4db1066b87373c5b83f2a033b4aabb8a1f2,2017-10-18T09:21:58.000Z,0.00003555499999999984,0x1b9a7d47fdf918f2a87812a7e0fff874bc420799,sell,0x0f5d2fb29fb7d3cfee444a200298f468908cc942,0xcec09b94fc8e963268069b0cd8b41bed3d189e465147efc8f6bb40cab1b1f7ad
323,22527.369555378325,0.7659530922524185,0xd6ef78ef089ff1817ee51fa6a77f6bd06091ff05,2017-10-18T09:18:52.000Z,0.00003400099999999999,0x1b9a7d47fdf918f2a87812a7e0fff874bc420799,sell,0x0f5d2fb29fb7d3cfee444a200298f468908cc942,0x3198c4487667fe08f9c532f65ea93378777c3da45707747dd55608f201fcc2d9
324,60000,2.0412,0x0fae7ab606ee5372c7b3c4096df359dbfc519d07,2017-10-18T09:17:03.000Z,0.00003402,0x1b9a7d47fdf918f2a87812a7e0fff874bc420799,sell,0x0f5d2fb29fb7d3cfee444a200298f468908cc942,0xa4ac0618a0a3da137fff839c37b82d45f6cc1e4036d7740fa8396484b7df08e1
325,2900,0.1015,0x14ea2099b491121b528b1fea2ae94406de0b5a89,2017-10-18T09:15:52.000Z,0.000035,0x1b9a7d47fdf918f2a87812a7e0fff874bc420799,sell,0x0f5d2fb29fb7d3cfee444a200298f468908cc942,0xd6631a8f6fcbe0c65481b445185d32713002babe71ec7fad551f6c94988a62d8
326,6250,0.21881875,0x8f57a7801963c702ec833de0888eb53a56d5a142,2017-10-18T09:15:38.000Z,0.000035011,0x1b9a7d47fdf918f2a87812a7e0fff874bc420799,sell,0x0f5d2fb29fb7d3cfee444a200298f468908cc942,0x7c3d6d0f196bb481742c4c7b781f3bec85b7474a9320029fe6bf61c90b0197db
327,37851.533,1.3475145748,0x1eaa18a0e964d346f2b5182be3f97d7aab5145b9,2017-10-18T09:15:20.000Z,0.0000356,0x1b9a7d47fdf918f2a87812a7e0fff874bc420799,sell,0x0f5d2fb29fb7d3cfee444a200298f468908cc942,0xc194bb2aa5d606906d91a1c0c78a67e923f914a6e218e1b27d70e7d499d3c658
328,8000,0.2856,0x1d5dd4c20cf22f0a98745cd60378fbe56e9bdb9d,2017-10-18T09:09:29.000Z,0.0000357,0x1b9a7d47fdf918f2a87812a7e0fff874bc420799,sell,0x0f5d2fb29fb7d3cfee444a200298f468908cc942,0x4674c883561dc43eba821f83ae63b6e98c53ad5e803c93427a2f9d9a4ea1b131
329,8000,0.2856,0x9fcfc34e527425cf181d91d49f201f6328f3079b,2017-10-18T09:09:29.000Z,0.0000357,0x1b9a7d47fdf918f2a87812a7e0fff874bc420799,sell,0x0f5d2fb29fb7d3cfee444a200298f468908cc942,0xff0fad3434c3fa28bc0135b53c28213f3a6107afc36363a03550900d05e83bb5
330,8000,0.2856,0x9fcfc34e527425cf181d91d49f201f6328f3079b,2017-10-18T09:09:10.000Z,0.0000357,0x1b9a7d47fdf918f2a87812a7e0fff874bc420799,sell,0x0f5d2fb29fb7d3cfee444a200298f468908cc942,0xff0fad3434c3fa28bc0135b53c28213f3a6107afc36363a03550900d05e83bb5
331,8000,0.2856,0x1d5dd4c20cf22f0a98745cd60378fbe56e9bdb9d,2017-10-18T09:09:10.000Z,0.0000357,0x1b9a7d47fdf918f2a87812a7e0fff874bc420799,sell,0x0f5d2fb29fb7d3cfee444a200298f468908cc942,0x4674c883561dc43eba821f83ae63b6e98c53ad5e803c93427a2f9d9a4ea1b131
332,43089.994846633934,1.534003816540168,0x1eaa18a0e964d346f2b5182be3f97d7aab5145b9,2017-10-18T07:29:58.000Z,0.00003559999999999999,0x61f8203215b43cac2bb2810c69d58c7646cd832b,sell,0x0f5d2fb29fb7d3cfee444a200298f468908cc942,0x681ccc0bc21e16b82c709dcffab7ff1042b73c2918362e20fc08b264cbeab0c1
333,19058.471784986254,0.6784815955455107,0x1eaa18a0e964d346f2b5182be3f97d7aab5145b9,2017-10-18T04:41:30.000Z,0.00003559999999999999,0x61f8203215b43cac2bb2810c69d58c7646cd832b,sell,0x0f5d2fb29fb7d3cfee444a200298f468908cc942,0x21911da484cbefec0f705d79aa8cb2e0471d99e47d798347663f349ba31e4616
334,6624.2124373659835,0.2914653472441033,0xa621fc02023cfac06cb31142e9ef3917afbb83fc,2017-10-18T04:34:18.000Z,0.000044,0xa529f4bf564eaab73fcbb4d77a2a778282605507,buy,0x0f5d2fb29fb7d3cfee444a200298f468908cc942,0xb39d8e0826616c83abb2ec9a5c09c45b1fddac939248f3c5e045d922987d6a6a
335,15000,0.65985,0xa621fc02023cfac06cb31142e9ef3917afbb83fc,2017-10-18T04:31:44.000Z,0.00004399,0x24991b80b5d64f660affcafa9dca8a420715344a,buy,0x0f5d2fb29fb7d3cfee444a200298f468908cc942,0xcdf52aae75bbff8c59d7bdc214beb61115af71ab0ecdd90a529aff5f6094e34b
336,1043.523,0.04566456648,0xa621fc02023cfac06cb31142e9ef3917afbb83fc,2017-10-18T04:30:46.000Z,0.00004376,0xcac38bf93bd9afaf47f986720b0f0b17aa03f390,buy,0x0f5d2fb29fb7d3cfee444a200298f468908cc942,0xd719413acaf51c40667db6ba8dcf17d96b1e9b74411b38cfd7304c16acf08751
337,5.337626362228519,0.00023357452961112,0xa621fc02023cfac06cb31142e9ef3917afbb83fc,2017-10-18T04:24:41.000Z,0.00004376,0xcac38bf93bd9afaf47f986720b0f0b17aa03f390,buy,0x0f5d2fb29fb7d3cfee444a200298f468908cc942,0x5027b2e809d6460d92634a911113f10d6acbd7417f208f80a2fe0c45b7d95820
338,25869.999999989108,0.9313199999996079,0x8594557e9c91c16a9e7f0a369dd7dc008004663d,2017-10-18T04:21:28.000Z,0.00003599999999999999,0xcac38bf93bd9afaf47f986720b0f0b17aa03f390,sell,0x0f5d2fb29fb7d3cfee444a200298f468908cc942,0xbab1679b0729ec2e8545b3a7b13627a33dcf99bfad938d09cc42a7dd3255c9cb
339,0.000000010948999778,0.000000000000394163,0x8594557e9c91c16a9e7f0a369dd7dc008004663d,2017-10-18T04:14:09.000Z,0.00003599990939738605,0xaa987ba4e68b4bf30248df67f5a45518425192c6,sell,0x0f5d2fb29fb7d3cfee444a200298f468908cc942,0x645c5c88f3c7417ab19aefe14de6a8aab5bb8a26ee41a2afa04921a9a9acff9b
340,445.4545455,0.01744400000178,0x1d5dd4c20cf22f0a98745cd60378fbe56e9bdb9d,2017-10-18T01:57:47.000Z,0.00003916,0xa53194e5e67e9eade3cfc81a6b5e426a46c58dfe,buy,0x0f5d2fb29fb7d3cfee444a200298f468908cc942,0x6850d28736e4939541ea6ea393662251e486c4d6a4ad686ba2dd02da51a945af
341,15530.047,0.6899999882100001,0x1d5dd4c20cf22f0a98745cd60378fbe56e9bdb9d,2017-10-18T01:57:09.000Z,0.00004443,0xcac38bf93bd9afaf47f986720b0f0b17aa03f390,buy,0x0f5d2fb29fb7d3cfee444a200298f468908cc942,0x47166ced9737d9989d34d8f6eb633493f4440022fb4a2a3f3766cb0cdd9e2d80
342,15726.002038089106,0.5591380024642582,0xd35cc4db1066b87373c5b83f2a033b4aabb8a1f2,2017-10-18T01:30:24.000Z,0.00003555499999999999,0xcac38bf93bd9afaf47f986720b0f0b17aa03f390,sell,0x0f5d2fb29fb7d3cfee444a200298f468908cc942,0x186bd4908c7be227430ac042c7082b476ece517abd8486ed4d8ec9c57ba730d7
343,1000,0.0449,0x273a5d3e6721b9f5c1a6474f560c1334c63dda01,2017-10-18T00:41:54.000Z,0.0000449,0x1eaa18a0e964d346f2b5182be3f97d7aab5145b9,buy,0x0f5d2fb29fb7d3cfee444a200298f468908cc942,0xd888a8b6e3a3a1ddf0b6face773475c241aa628624ad8686b38907cdca9c17dd
344,997,0.32901,0xfcbd4e101074615d6db43f94eef63ec9306feabc,2017-10-18T00:41:54.000Z,0.00033,0x273a5d3e6721b9f5c1a6474f560c1334c63dda01,sell,0x0f5d2fb29fb7d3cfee444a200298f468908cc942,0xd888a8b6e3a3a1ddf0b6face773475c241aa628624ad8686b38907cdca9c17dd
345,1003,0.045034700000000004,0xc9d56287b414e1aa0963016aa721b527f095fd9c,2017-10-18T00:41:09.000Z,0.0000449,0x1eaa18a0e964d346f2b5182be3f97d7aab5145b9,buy,0x0f5d2fb29fb7d3cfee444a200298f468908cc942,0x9f630528965eeb9f882cff316c6e514c058f3fd9eac0ceacec5a5932fb4512d4
346,1000,0.35,0xfcbd4e101074615d6db43f94eef63ec9306feabc,2017-10-18T00:41:09.000Z,0.00035,0xc9d56287b414e1aa0963016aa721b527f095fd9c,sell,0x0f5d2fb29fb7d3cfee444a200298f468908cc942,0x9f630528965eeb9f882cff316c6e514c058f3fd9eac0ceacec5a5932fb4512d4
347,1000,0.34,0xfcbd4e101074615d6db43f94eef63ec9306feabc,2017-10-18T00:41:09.000Z,0.00034,0xad440e6b26dd3a044a97294bf87c017d7fb81c67,sell,0x0f5d2fb29fb7d3cfee444a200298f468908cc942,0x1e3aebfaf0b438d523838fdedd52fd56466c5c990391ac8292f4ccc2a227ddbc
348,14194.972826041101,0.5047022588298914,0xd35cc4db1066b87373c5b83f2a033b4aabb8a1f2,2017-10-18T00:05:36.000Z,0.00003555499999999999,0xcac38bf93bd9afaf47f986720b0f0b17aa03f390,sell,0x0f5d2fb29fb7d3cfee444a200298f468908cc942,0x3a8ff9d60ada77711ca6d1cf06ebea91d505b19c0f3bf435fa11c0ebbc022538
349,490,0.017444,0xa53194e5e67e9eade3cfc81a6b5e426a46c58dfe,2017-10-18T00:05:27.000Z,0.0000356,0x9790f84a00e7be2bebfb042d5dc4f2f2c6db9267,buy,0x0f5d2fb29fb7d3cfee444a200298f468908cc942,0x4a6e2db87fd63f45a3f95900ced80ca35539e46fd880a39265c2804046dc1258
350,0.000109829416770025,0.000000003909927237,0x1eaa18a0e964d346f2b5182be3f97d7aab5145b9,2017-10-17T20:24:47.000Z,0.00003559999999988263,0xaa987ba4e68b4bf30248df67f5a45518425192c6,sell,0x0f5d2fb29fb7d3cfee444a200298f468908cc942,0x3de072062748b797e73c07d4cf2dc258da83b6465385f9fb311d7970b9077722
351,10.319917440660475,0.0005,0x16e5d97bbc92417e051e3b2cabfbf8ceea2acb9c,2017-10-17T17:56:00.000Z,0.00004844999999999999,0xcac38bf93bd9afaf47f986720b0f0b17aa03f390,buy,0x0f5d2fb29fb7d3cfee444a200298f468908cc942,0x86549624f8d75049f2aa7c1843b661013efe55a9fb55f732ba50fceb24201ec8
352,1.1016988796201221,0.000039330650002438,0x1eaa18a0e964d346f2b5182be3f97d7aab5145b9,2017-10-17T17:31:43.000Z,0.00003569999999999967,0xaa987ba4e68b4bf30248df67f5a45518425192c6,sell,0x0f5d2fb29fb7d3cfee444a200298f468908cc942,0x6a3fdb099e7d0f3bb605f4bbc0831e11ef00f46fdfa7c09b9f318287edc40d67
353,11051.141461469444,0.39353114744292694,0x3c3aef0043c8629556d0b20425aca08a1509d1dc,2017-10-17T16:55:27.000Z,0.00003560999999999999,0xaa987ba4e68b4bf30248df67f5a45518425192c6,sell,0x0f5d2fb29fb7d3cfee444a200298f468908cc942,0x8e3d9ae9d061af5c105da2ba8095c9af1f1979164f01e11fb75c27a76649b493
354,50000,1.778,0x8c16c8fe98a50b515cf8268090bcb8886b241908,2017-10-17T16:51:39.000Z,0.00003556,0xaa987ba4e68b4bf30248df67f5a45518425192c6,sell,0x0f5d2fb29fb7d3cfee444a200298f468908cc942,0x1821a311272636d7d80bd2b10ec38c729dd25e5ac22d21b44337593579c5cdb2
355,124000,4.464,0x64fce5e7479628aec59aa782728397fec1fa6563,2017-10-17T16:51:39.000Z,0.000036,0xaa987ba4e68b4bf30248df67f5a45518425192c6,sell,0x0f5d2fb29fb7d3cfee444a200298f468908cc942,0xf25a2d5e9a74ddbf885919b993e2495d76b5fc0152ca1c7ce4f8eeb2e52d5c36
356,64200,2.28552,0x057945a7d42cce6f453a99b93e340ef7f00d3d1c,2017-10-17T16:51:39.000Z,0.0000356,0xaa987ba4e68b4bf30248df67f5a45518425192c6,sell,0x0f5d2fb29fb7d3cfee444a200298f468908cc942,0x93ab41790415b99f648c7931deb3cee59e8f93102425829e81faf1cf63d86eb4
357,124000,4.464,0x64fce5e7479628aec59aa782728397fec1fa6563,2017-10-17T16:51:32.000Z,0.000036,0xaa987ba4e68b4bf30248df67f5a45518425192c6,sell,0x0f5d2fb29fb7d3cfee444a200298f468908cc942,0xf25a2d5e9a74ddbf885919b993e2495d76b5fc0152ca1c7ce4f8eeb2e52d5c36
358,10.548137454139738,0.000371874585945696,0x3c3aef0043c8629556d0b20425aca08a1509d1dc,2017-10-17T10:26:29.000Z,0.00003525499999999995,0x9240cbde922e707a8e6705c85180f70c21fad704,sell,0x0f5d2fb29fb7d3cfee444a200298f468908cc942,0xbd63d539630a588d61a34903314be18bac1756ebda79c14b6cd063fe24515700
359,0.000000000000000834,0,0x61f8203215b43cac2bb2810c69d58c7646cd832b,2017-10-17T06:06:24.000Z,0,0xaa987ba4e68b4bf30248df67f5a45518425192c6,sell,0x0f5d2fb29fb7d3cfee444a200298f468908cc942,0xeb5d7a7190edd4756fccffb5c786aa7e0c578c7934c2358bb0146e0f9bee693b
360,12.853470437017995,0.0005,0xcd912af5286dc0b0a23edb30209734ecb60838b3,2017-10-17T05:37:19.000Z,0.0000389,0x3c2f57015a55324bf59a97f74540daa18779a5a6,buy,0x0f5d2fb29fb7d3cfee444a200298f468908cc942,0x52440c713024d5c81d0a3a2854720d7125f9fb64090237b0aade19e29ad28013
361,0.000000000008359199,0.000000000000000292,0x1d5ddad90600d1cf6ce1bf079fcfa9a5f3effe07,2017-10-17T05:25:19.000Z,0.00003493157657809079,0xaa987ba4e68b4bf30248df67f5a45518425192c6,sell,0x0f5d2fb29fb7d3cfee444a200298f468908cc942,0x0aaa9f42ae03ba4c85356d92db08adbc0a5939358b570319a9cc59d1b0a1a288
362,0.000000083851121242,0.000000000002935711,0x61f8203215b43cac2bb2810c69d58c7646cd832b,2017-10-17T05:05:50.000Z,0.00003501099277524673,0xaa987ba4e68b4bf30248df67f5a45518425192c6,sell,0x0f5d2fb29fb7d3cfee444a200298f468908cc942,0x52581f7c04f97617660cb96ad6de96c150f5a1c2396840b38cce61c5423de1b2
363,15686.275,0.800000025,0xf5d8ba26df01ff031ec0c91a839fbdbbe324d109,2017-10-17T04:49:33.000Z,0.000051,0x334154e6d5d595eea17426974cad11148cdce4dd,buy,0x0f5d2fb29fb7d3cfee444a200298f468908cc942,0x7600ae730d0354284fa79b9d5849e11993dda7ec158b88e8ce15aabdf14b6858
364,3550,0.138095,0xf5d8ba26df01ff031ec0c91a839fbdbbe324d109,2017-10-17T04:41:11.000Z,0.0000389,0x3c2f57015a55324bf59a97f74540daa18779a5a6,buy,0x0f5d2fb29fb7d3cfee444a200298f468908cc942,0x046b6c6abb64dd1f1697e94bc49ecfafa1e7d31d54703e218616db966438e6d7
365,0.000841110597170275,0.000000029447282006,0x009a12d4290630bc01fd82516ac57c1dc6a9bcfb,2017-10-17T04:17:45.000Z,0.00003500999999889274,0xaa987ba4e68b4bf30248df67f5a45518425192c6,sell,0x0f5d2fb29fb7d3cfee444a200298f468908cc942,0x64b52d971c41e0d6b43325a48ff49fd2220250f9534f3809c674b12f76eb0a5b
366,8.437180400215022,0.000295326625548726,0x3dee4a4e076e8d82859d241db0baf46f112cfa23,2017-10-17T03:37:33.000Z,0.00003500299999999995,0xaa987ba4e68b4bf30248df67f5a45518425192c6,sell,0x0f5d2fb29fb7d3cfee444a200298f468908cc942,0xecedfbd4940caa4645bd5257ba9f512a881227fc36f1ac8032dc2f2a27bfd4a3
367,400,0.0156,0x22664f7873e9f970796c58d8f4352c090dbb30a1,2017-10-17T03:37:33.000Z,0.000039,0x3c2f57015a55324bf59a97f74540daa18779a5a6,sell,0x0f5d2fb29fb7d3cfee444a200298f468908cc942,0x6ab3da89885907515eb80225b8ce77e4a29da4fa5457452b45a8aa1cea39a3ed
368,84633.35659455687,2.962252114166085,0x1d5ddad90600d1cf6ce1bf079fcfa9a5f3effe07,2017-10-17T03:22:36.000Z,0.00003500099999999999,0xaa987ba4e68b4bf30248df67f5a45518425192c6,sell,0x0f5d2fb29fb7d3cfee444a200298f468908cc942,0x02828e850b8a3b41275412336b74db724408f169e9cbe49809a0563766eb1df8
369,30000,1.05003,0x3dee4a4e076e8d82859d241db0baf46f112cfa23,2017-10-17T03:01:49.000Z,0.000035001,0xaa987ba4e68b4bf30248df67f5a45518425192c6,sell,0x0f5d2fb29fb7d3cfee444a200298f468908cc942,0xf9d37f3e38daa186d53af6c4b98fff0da7c6a2e0946420e3a0aaef6dc7273d10
370,30000,1.053,0x24991b80b5d64f660affcafa9dca8a420715344a,2017-10-17T03:01:43.000Z,0.0000351,0xaa987ba4e68b4bf30248df67f5a45518425192c6,sell,0x0f5d2fb29fb7d3cfee444a200298f468908cc942,0xf80fb8e31a5f6a2b187ca9a46c62424a0ffd76b3e4bf1351482c5033fa127656
