,amount,amountBase,buyer,date,price,seller,side,tokenAddr,txHash
0,100,0.0091,0x49d0176b866811a447f5f55a065d452896ee9b5c,2017-11-02T12:46:59.000Z,0.000091,0x097307160031c139564b59c2ab5aa0a01160bb60,sell,0x28c8d01ff633ea9cd8fc6a451d7457889e698de6,0x33bf4653300617152c71985da13a5daf474fb5dca9cbc7edaf9c1915597d0165
1,53,0.004823,0x49d0176b866811a447f5f55a065d452896ee9b5c,2017-11-02T12:34:00.000Z,0.000091,0x1b3529cec0bd2760d2ef184b15f1b2a16e79c77e,sell,0x28c8d01ff633ea9cd8fc6a451d7457889e698de6,0x559a395b827a7f225756b21a0c7d1c9056cff1053a9d6ee399773dbc74d5832b
2,46,0.0046,0x508e4a96dab9bd044d0bb654d623c4ef663dfc35,2017-11-02T12:33:26.000Z,0.0001,0x1b3529cec0bd2760d2ef184b15f1b2a16e79c77e,sell,0x28c8d01ff633ea9cd8fc6a451d7457889e698de6,0xfc133f255b1317950049ee0a364191e787d98313c9e824efd3e1f9037dba8a65
3,897,0.0897,0x508e4a96dab9bd044d0bb654d623c4ef663dfc35,2017-11-02T12:29:41.000Z,0.0001,0x505a221339456030e4b9a2b14d630ce9d00532dd,sell,0x28c8d01ff633ea9cd8fc6a451d7457889e698de6,0x924cec4001b0496615523b0313dba5a21cb9a32c51a968e8db538dd646d900bf
4,557,0.0557,0x508e4a96dab9bd044d0bb654d623c4ef663dfc35,2017-11-02T12:22:04.000Z,0.0001,0x74e11bbe2fa8b1686c859ff23a869e392404e3c9,sell,0x28c8d01ff633ea9cd8fc6a451d7457889e698de6,0x9226e7675de91c238804e36e96f9d24ea65b5b699b086c17cdd92e9541d38244
5,1537,0.1537,0x30a82c65898e522a5860162d87302133d16497a3,2017-11-02T12:20:41.000Z,0.0001,0x74e11bbe2fa8b1686c859ff23a869e392404e3c9,sell,0x28c8d01ff633ea9cd8fc6a451d7457889e698de6,0x413dd21001ac423ee04d8ae0a316855c057a34f9f59a336d77c686d3ad13f77d
6,2500,0.25,0xf4acc83aff5a80a5ce9f255202dc267df74de85a,2017-11-02T12:20:23.000Z,0.0001,0x74e11bbe2fa8b1686c859ff23a869e392404e3c9,sell,0x28c8d01ff633ea9cd8fc6a451d7457889e698de6,0xb7f57fef10dc2b0d9c1cf8b762cfc7e7dadc9e0f590dfb180d0160af8b988661
7,299,0.029900299,0x9d1a9d53bbccf2b2c1a4d3612dbe8b8b9bb4a558,2017-11-02T12:20:17.000Z,0.000100001,0x3d9bf3fce665a1aa13e5d044be238f0b7fa78299,sell,0x28c8d01ff633ea9cd8fc6a451d7457889e698de6,0xe7d14598f69a075451488eeddeedf730b781cf8b059a1a228d7d8a7c0d58a025
8,5104,0.510410208,0xc86eb59c0de26c9163bde99fe6280ea4ab88a8bd,2017-11-02T12:20:06.000Z,0.000100002,0x74e11bbe2fa8b1686c859ff23a869e392404e3c9,sell,0x28c8d01ff633ea9cd8fc6a451d7457889e698de6,0x6e5fba1d34199f74596e3c56d54a435d2480f1b03a36c6830147ba7b871de2b1
9,5104,0.510410208,0xc86eb59c0de26c9163bde99fe6280ea4ab88a8bd,2017-11-02T12:19:19.000Z,0.000100002,0x74e11bbe2fa8b1686c859ff23a869e392404e3c9,sell,0x28c8d01ff633ea9cd8fc6a451d7457889e698de6,0x6e5fba1d34199f74596e3c56d54a435d2480f1b03a36c6830147ba7b871de2b1
10,9990,0.99902997,0x93a4bbb05a178554b4465aab64ff5cd400dfafec,2017-11-02T12:15:56.000Z,0.000100003,0x74e11bbe2fa8b1686c859ff23a869e392404e3c9,sell,0x28c8d01ff633ea9cd8fc6a451d7457889e698de6,0x27f8e70e50a383aea84b86fe935105577b8e1e942557f06378d491b754752127
11,30,0.00411,0x565749769ed1616e740526b96d76d70a9b58b95d,2017-11-02T11:49:55.000Z,0.000137,0x0a23e3542ea05bcf2dea1ae66eef33543c71b891,buy,0x28c8d01ff633ea9cd8fc6a451d7457889e698de6,0xb3ca3fbb0a33ba8f038538a1cb7f9fee1ba348b166ae217c61bec6fdc060efca
12,7,0.000700007,0x9d1a9d53bbccf2b2c1a4d3612dbe8b8b9bb4a558,2017-11-02T11:13:46.000Z,0.000100001,0x7e56eaedba880da3d391f4eb074650a7a0737034,sell,0x28c8d01ff633ea9cd8fc6a451d7457889e698de6,0xc12ebee899b4937e6c4dbd682e04d45cb0feeefe9df3309104a4d13d0949f0ed
13,2834,0.2834,0x508e4a96dab9bd044d0bb654d623c4ef663dfc35,2017-11-02T11:10:34.000Z,0.0001,0xb2bd703b860674c2bf3eecc17f6c5a2cb3ac7f97,sell,0x28c8d01ff633ea9cd8fc6a451d7457889e698de6,0x49e93c9211f54aac8009e6bf0c60b253e766ebfba3debac1108ec541c5982b1e
14,18314,1.8314,0x508e4a96dab9bd044d0bb654d623c4ef663dfc35,2017-11-02T10:48:01.000Z,0.0001,0x2e0b87417268da78bb37388a0e7305d02d97d3d3,sell,0x28c8d01ff633ea9cd8fc6a451d7457889e698de6,0x76f1eb385b85108fcdd5b349452ae5133b89a1337a5d899ec694337076d375a1
15,3,0.0005,0x4fda9e6bcd83af6c5cc771b5d20accc2b7720074,2017-11-02T10:42:23.000Z,0.00016666666666666666,0x87f357f24bd9836621a6d1ad5a52888c5ca2be6d,buy,0x28c8d01ff633ea9cd8fc6a451d7457889e698de6,0x4cc138d6e6492d51b4c9634b405ac94bae5e1e74e8c9b7c5575b725727952ee3
16,1096,0.1096,0x508e4a96dab9bd044d0bb654d623c4ef663dfc35,2017-11-02T10:42:16.000Z,0.0001,0x7493bab2d5305a9b1391f62cd0beb0c673d94c78,sell,0x28c8d01ff633ea9cd8fc6a451d7457889e698de6,0x24340d62fe828d30924dffffa6b84dce6b5829bb862edbf08d05b5643ffa6390
17,8607,0.8607,0x508e4a96dab9bd044d0bb654d623c4ef663dfc35,2017-11-02T10:41:27.000Z,0.0001,0x74e11bbe2fa8b1686c859ff23a869e392404e3c9,sell,0x28c8d01ff633ea9cd8fc6a451d7457889e698de6,0x778541bddd33280fc013d5a5f6d067d723704333dc6bcdc68419ffbe1ef4a122
18,387,0.038700387,0x9d1a9d53bbccf2b2c1a4d3612dbe8b8b9bb4a558,2017-11-02T10:38:44.000Z,0.000100001,0x74e11bbe2fa8b1686c859ff23a869e392404e3c9,sell,0x28c8d01ff633ea9cd8fc6a451d7457889e698de6,0xb4639eb809233546c7f61b8506880dc363c245c36a4905ab434d49ffb256fbbd
19,270,0.0297,0x91b90dace88acce9927116900bede30a16e1f633,2017-11-02T10:38:32.000Z,0.00011,0x74e11bbe2fa8b1686c859ff23a869e392404e3c9,sell,0x28c8d01ff633ea9cd8fc6a451d7457889e698de6,0xed9e5647d8c08fba570ff924f6cf1d5cd74ef3a5317a46875b296c93cfca2d1e
20,1689,0.18579,0x91b90dace88acce9927116900bede30a16e1f633,2017-11-02T10:34:14.000Z,0.00011,0x565771ee94572a4e327bc252518971e2cfc2ed75,sell,0x28c8d01ff633ea9cd8fc6a451d7457889e698de6,0x1286efd1b8e1e0db7d3cabf960691625ede0d4a7ea863c342b623ed6874c0282
21,101,0.0126149,0x91b90dace88acce9927116900bede30a16e1f633,2017-11-02T10:33:38.000Z,0.0001249,0x7a9ba5e9221b8e1753a941f1fdd2fae3e9af1b1c,buy,0x28c8d01ff633ea9cd8fc6a451d7457889e698de6,0xe95c82c970b713bfcc14692abe5be1126a0d5a4f924d583b6b7bafe7c2078996
22,420,0.051349575,0x91b90dace88acce9927116900bede30a16e1f633,2017-11-02T10:28:21.000Z,0.00012226089285714286,0xb91da7decdaecdafe7b5bbc0835b252df0b25670,buy,0x28c8d01ff633ea9cd8fc6a451d7457889e698de6,0xd639260b36ce38e47a99490d7711185192308af9a2dce3da3641da99e3d55b6b
23,1041,0.11451,0x91b90dace88acce9927116900bede30a16e1f633,2017-11-02T10:28:21.000Z,0.00011,0x565771ee94572a4e327bc252518971e2cfc2ed75,sell,0x28c8d01ff633ea9cd8fc6a451d7457889e698de6,0x7016f43f5105256b0470f9044a798ac0648c909c1e97c3ac60a28cd03cbcddae
24,996,0.0996,0x508e4a96dab9bd044d0bb654d623c4ef663dfc35,2017-11-02T10:19:56.000Z,0.0001,0x3df88f2f999ee82b60da516835a54931dc9d7e6f,sell,0x28c8d01ff633ea9cd8fc6a451d7457889e698de6,0x607e2585aaf035484afc876f835144cd3ba4a136fbbfd0166e6280ef2144141e
25,4,0.0005,0x3075f7f189912f4f425dd7021b9c396434197477,2017-11-02T10:17:53.000Z,0.000125,0xb91da7decdaecdafe7b5bbc0835b252df0b25670,buy,0x28c8d01ff633ea9cd8fc6a451d7457889e698de6,0xdb98cbbc48c9b3b7f259cdf6f83c346f218d2ccfac571c3b916f3f209c816815
26,99,0.009900099,0x9d1a9d53bbccf2b2c1a4d3612dbe8b8b9bb4a558,2017-11-02T09:51:37.000Z,0.000100001,0xb9be8af3e2fd3b30c8361a27154a925dee072370,sell,0x28c8d01ff633ea9cd8fc6a451d7457889e698de6,0x04e1f86c57f6396d61e5b8e938ff8b3db17062dc9e94424d09994d21e6dfbb77
27,99,0.009900099,0x9d1a9d53bbccf2b2c1a4d3612dbe8b8b9bb4a558,2017-11-02T09:51:30.000Z,0.000100001,0xb9be8af3e2fd3b30c8361a27154a925dee072370,sell,0x28c8d01ff633ea9cd8fc6a451d7457889e698de6,0x04e1f86c57f6396d61e5b8e938ff8b3db17062dc9e94424d09994d21e6dfbb77
28,262,0.026200262,0x9d1a9d53bbccf2b2c1a4d3612dbe8b8b9bb4a558,2017-11-02T09:16:26.000Z,0.000100001,0xca5ae9ad957baacfd58f12ef23406165597d8c20,sell,0x28c8d01ff633ea9cd8fc6a451d7457889e698de6,0x0b62906f44d5a641375abfd07d7e6ac9b64f655c3958cbf9e01ab4cd5512427e
29,89,0.00979,0xe6c30bbbf9a5533443c94e9239623797f444f469,2017-11-02T08:57:59.000Z,0.00011,0x969182504dd6506ef431983a19b34897cd5f136b,buy,0x28c8d01ff633ea9cd8fc6a451d7457889e698de6,0x0b207e87a94113c235eeb5356ba33da11fd39ddf365ca4c594a060fdfba687e1
30,102,0.010200102,0x9d1a9d53bbccf2b2c1a4d3612dbe8b8b9bb4a558,2017-11-02T08:53:22.000Z,0.000100001,0x8b442c5b6907c69078c442ac25b64818e683af0b,sell,0x28c8d01ff633ea9cd8fc6a451d7457889e698de6,0xbd0399baa1d81759635501ab88bb2c016481cdde00064dce3294878f8a347315
31,102,0.01122,0x8b442c5b6907c69078c442ac25b64818e683af0b,2017-11-02T08:49:29.000Z,0.00011,0x8b442c5b6907c69078c442ac25b64818e683af0b,sell,0x28c8d01ff633ea9cd8fc6a451d7457889e698de6,0x22abd4ec54b8ff443ebe5164f806b19062f56951cfb8e69641076dcec402f4f8
32,32,0.001777776,0x93018adddc7ac587d1a1291970f315d53943afd4,2017-11-02T08:45:10.000Z,0.0000555555,0xe6c30bbbf9a5533443c94e9239623797f444f469,sell,0x28c8d01ff633ea9cd8fc6a451d7457889e698de6,0x06ac1026a38807997015eee285fd5efe7561a14d78fb4a6ef4880dbb5d5a2bec
33,49,0.004900049,0x9d1a9d53bbccf2b2c1a4d3612dbe8b8b9bb4a558,2017-11-02T08:30:17.000Z,0.000100001,0x144c9ee17575b90cae75eeb51c1d6c1449e9970b,sell,0x28c8d01ff633ea9cd8fc6a451d7457889e698de6,0xdfa86f7e49c66507e2325e3129d4af544142a04db2f366d40ddffce108f31a95
34,37,0.003885,0x1beabdd6c99a54101a7554b94fb804d00c4d9c60,2017-11-02T08:26:56.000Z,0.000105,0x8b442c5b6907c69078c442ac25b64818e683af0b,sell,0x28c8d01ff633ea9cd8fc6a451d7457889e698de6,0x8a3fd9709cdfd3c000bb742f65ce44291f0817cf19676b031f29c6d39d977ca4
35,1,0.00013,0x12c535547350bb959bc354855083a229c2263759,2017-11-02T07:57:29.000Z,0.00013,0x87f357f24bd9836621a6d1ad5a52888c5ca2be6d,buy,0x28c8d01ff633ea9cd8fc6a451d7457889e698de6,0x6f6df977a6fbbd53afdd13697f4066f329595436c89ee432646406eb5d982dca
36,13,0.001495,0xf710badf51a93a61e40f3446e62ab06375edbde2,2017-11-02T07:48:05.000Z,0.000115,0xe1243c8a4d6ec1a9a652c9e1aa71652ed130f480,sell,0x28c8d01ff633ea9cd8fc6a451d7457889e698de6,0x856621b061bad01ca24d342819146d305edf7bd9f96a0e36f2a0e540b240ed39
37,99,0.0099,0x508e4a96dab9bd044d0bb654d623c4ef663dfc35,2017-11-02T07:32:39.000Z,0.0001,0xa98f44ab59f590e85aa7618b778eea20b43c1221,sell,0x28c8d01ff633ea9cd8fc6a451d7457889e698de6,0x9977a6d6fde3ed589c4140b20893be5a8cbe35a51f99b33c1e07ceeb37048022
38,16991,1.6991,0x508e4a96dab9bd044d0bb654d623c4ef663dfc35,2017-11-02T07:16:31.000Z,0.0001,0x74e11bbe2fa8b1686c859ff23a869e392404e3c9,sell,0x28c8d01ff633ea9cd8fc6a451d7457889e698de6,0xad2759fb3edac0004017be72ae781e073326dafb3e288ba7d6c90714b277d0c5
39,11,0.001606,0x3015c8100fd8622e04c9988d2c3583af49dcea76,2017-11-02T06:02:28.000Z,0.000146,0x969182504dd6506ef431983a19b34897cd5f136b,sell,0x28c8d01ff633ea9cd8fc6a451d7457889e698de6,0x623dbb1681e59618e942a07efe023fc29747a9cd53a28456f0ba4e1e7f730555
40,305,0.0366,0xf44072eda87ede9613b6ae1b812de8a60ade27a2,2017-11-02T05:46:10.000Z,0.00012,0xc0cf967a6115b320dd0af809ce680b0f6f550b72,buy,0x28c8d01ff633ea9cd8fc6a451d7457889e698de6,0xd9aa0d08ad5623ab054c048fa7f7e409debb885b1a034347d7b66e068dd0d6c2
41,304,0.044384,0x3015c8100fd8622e04c9988d2c3583af49dcea76,2017-11-02T05:46:10.000Z,0.000146,0xf44072eda87ede9613b6ae1b812de8a60ade27a2,sell,0x28c8d01ff633ea9cd8fc6a451d7457889e698de6,0xd9aa0d08ad5623ab054c048fa7f7e409debb885b1a034347d7b66e068dd0d6c2
42,398,0.0398199,0x13c3fd153e23ded7477e0817ad4d5754e2d67649,2017-11-02T05:22:16.000Z,0.00010005,0x9d0f536dc95cde0486a8708e1af01a6e4a60e9b2,sell,0x28c8d01ff633ea9cd8fc6a451d7457889e698de6,0x9cd4d494982cac956989428790f2d44d45f0dab42abe8c949ca275749d78bee3
43,50,0.00685,0x9d0f536dc95cde0486a8708e1af01a6e4a60e9b2,2017-11-02T04:48:13.000Z,0.000137,0x144c9ee17575b90cae75eeb51c1d6c1449e9970b,buy,0x28c8d01ff633ea9cd8fc6a451d7457889e698de6,0x694c7ba0fdb5c787fc7b04dfc4060f63a7a50521646b6a0454074ed0b7aa52b5
44,1099,0.126385,0xf710badf51a93a61e40f3446e62ab06375edbde2,2017-11-02T04:28:49.000Z,0.000115,0x1749bb6e4080ebd7317ce5d8f9fb63fbfe58d27c,sell,0x28c8d01ff633ea9cd8fc6a451d7457889e698de6,0x0544df23d87e37d24ac06989d3828cc8c0f15a4ff23a78dca82a5c68e00aaa50
45,469,0.0539819,0xa131d5f149ae1f162cf92c4afccd8e5a1f5d6f4f,2017-11-02T04:28:41.000Z,0.0001151,0x1749bb6e4080ebd7317ce5d8f9fb63fbfe58d27c,sell,0x28c8d01ff633ea9cd8fc6a451d7457889e698de6,0xbe4402597f68358f17b3156af22f09d0f43eaf8ddd578c6205b4b1bee3c88dde
46,350,0.04375,0x9d0f536dc95cde0486a8708e1af01a6e4a60e9b2,2017-11-02T04:24:16.000Z,0.000125,0x3379a0bd54f99041f5e4e4bd884b13bf47d3b73f,buy,0x28c8d01ff633ea9cd8fc6a451d7457889e698de6,0x1173361ffdccd032fc69b9077510eb8ca0dc7e6a117382618b8d3ebef71bedfe
47,31,0.0035681,0xa131d5f149ae1f162cf92c4afccd8e5a1f5d6f4f,2017-11-02T04:02:26.000Z,0.0001151,0x567a965250a94a9cd93e76bd4e985fdda7e06efb,sell,0x28c8d01ff633ea9cd8fc6a451d7457889e698de6,0x2e7352178658b9a67fdf901833f6ddeb6c195565b6a41ea62560da3ed78b6d4a
48,189,0.027340710241952424,0x65631244cd98374f082f3e1b4a9dc05046214b22,2017-11-02T02:15:26.000Z,0.00014465984255001283,0x1d76c2a0f74838c67a87c58c0298bd0391ae4973,buy,0x28c8d01ff633ea9cd8fc6a451d7457889e698de6,0xefd23ede15c004521b098823c0d9725921e313a2a74988b2c659004508204bc1
49,101,0.011615,0xf710badf51a93a61e40f3446e62ab06375edbde2,2017-11-02T01:12:18.000Z,0.000115,0xdb3a3dff3180a9f045208b966b8e3d0070ae2372,sell,0x28c8d01ff633ea9cd8fc6a451d7457889e698de6,0x0c73a550478f973f65102eba31bea3b395381547d64bffae34f463d52c3a97ae
50,87,0.010005,0xf710badf51a93a61e40f3446e62ab06375edbde2,2017-11-02T01:11:08.000Z,0.000115,0xd3a07067a6a428555239ab562614e8776cba689a,sell,0x28c8d01ff633ea9cd8fc6a451d7457889e698de6,0xbe242eb81ab710da4baca4718399523dbde4388b16473c3fdf249cf26d5757cf
51,1010,0.12625,0x2ce17f8d98cc5f7870d231c25ab87727c52fe64f,2017-11-02T00:13:30.000Z,0.000125,0xf710badf51a93a61e40f3446e62ab06375edbde2,buy,0x28c8d01ff633ea9cd8fc6a451d7457889e698de6,0xe50d8f2d43fdb2ed52161ccdba507bdb2a8ecda101d8c86a862eac1deee24013
52,292,0.0292146,0x13c3fd153e23ded7477e0817ad4d5754e2d67649,2017-11-01T23:25:07.000Z,0.00010005,0xbd8acbdf1570582244b5f4b054fcf2ac7a2f6943,sell,0x28c8d01ff633ea9cd8fc6a451d7457889e698de6,0xb713c86c895b619a28a2a956d0eaadf82ad642a6a2504dacc0ab7f63937b93bc
53,7136,0.7139568,0x13c3fd153e23ded7477e0817ad4d5754e2d67649,2017-11-01T22:24:44.000Z,0.00010005,0x95b0ba82b55c627d44cc9a0ef71d26b84c901d39,sell,0x28c8d01ff633ea9cd8fc6a451d7457889e698de6,0x0a647f41f12b36c3dbe8e660137427cade3b8e71277d511dafcf8c7b99e6c8d4
54,92,0.0092046,0x13c3fd153e23ded7477e0817ad4d5754e2d67649,2017-11-01T22:05:17.000Z,0.00010005,0x9324439bdee04087564a0c4d01fd94fc5240f88f,sell,0x28c8d01ff633ea9cd8fc6a451d7457889e698de6,0x0a6bacc66aa5c33507ab28b3cb583b5a43aaa580ab4cfe48ed2a35ae64ff9c72
55,459,0.0459,0xa839c6c2143fac413b4aa0134b200b84dfa1bb08,2017-11-01T21:54:03.000Z,0.0001,0x8071e1f3f5fa20a3983eb8a5d0901e9f0981e977,buy,0x28c8d01ff633ea9cd8fc6a451d7457889e698de6,0xa39799cb638826486d56570c2064f7cd418a3f4072b6a1fba71f97b86ce29de6
56,356,0.0356,0x273a5d3e6721b9f5c1a6474f560c1334c63dda01,2017-11-01T21:44:55.000Z,0.0001,0x8071e1f3f5fa20a3983eb8a5d0901e9f0981e977,buy,0x28c8d01ff633ea9cd8fc6a451d7457889e698de6,0xa22f6d39bc6ed8b19f02773929a05140d1a2713020d390dcb5fd137e3020524f
57,354,0.04146402,0x341b4cc7a3a23660f4de71c0b741eb5cde078b8a,2017-11-01T21:44:55.000Z,0.00011713,0x273a5d3e6721b9f5c1a6474f560c1334c63dda01,sell,0x28c8d01ff633ea9cd8fc6a451d7457889e698de6,0xa22f6d39bc6ed8b19f02773929a05140d1a2713020d390dcb5fd137e3020524f
58,2000,0.3,0xcad04d5ad90eca3fcab18793320fbd07737dcc0d,2017-11-01T21:08:00.000Z,0.00015,0xb91da7decdaecdafe7b5bbc0835b252df0b25670,buy,0x28c8d01ff633ea9cd8fc6a451d7457889e698de6,0x2cb4e09788ade98b6d10c0e3fdd4b05329aff5a68f3121ad4795582cfa18d3cd
59,199,0.02330887,0x341b4cc7a3a23660f4de71c0b741eb5cde078b8a,2017-11-01T21:07:15.000Z,0.00011713,0xbf3ff66b9f477e3c6f3b8b2c6053e398a243e6c1,sell,0x28c8d01ff633ea9cd8fc6a451d7457889e698de6,0x3ca13c1c67d83ddfa1a18c2941926a2f7e1c6eee5176b915ce71a85ddc23bb9c
60,1000,0.1499,0xcad04d5ad90eca3fcab18793320fbd07737dcc0d,2017-11-01T21:06:37.000Z,0.0001499,0x02f3f615dad26e296bec71632d7d3fdb702dae7c,buy,0x28c8d01ff633ea9cd8fc6a451d7457889e698de6,0x2f11c00babb8fac247a13141e0289ef8d74b3d01a486a68f82006a22273f9872
61,479,0.05269,0xf70668675f6fd6f6c3deddeba34a5e7d968fe349,2017-11-01T20:47:56.000Z,0.00011,0x4706edf336652496dc03c0ab246c57dbc6aab114,sell,0x28c8d01ff633ea9cd8fc6a451d7457889e698de6,0x513d424efdb220ef77f7899db575a6841c5d1c9857200ad9609473da3ead2e53
62,1200,0.1332,0x02f3f615dad26e296bec71632d7d3fdb702dae7c,2017-11-01T20:47:56.000Z,0.000111,0x4706edf336652496dc03c0ab246c57dbc6aab114,sell,0x28c8d01ff633ea9cd8fc6a451d7457889e698de6,0x3ab3f28cd6f15baac0e98cf6bad8175d0f20086f8692612c15df32ba0599b837
63,260,0.0312,0x30a82c65898e522a5860162d87302133d16497a3,2017-11-01T20:47:56.000Z,0.00012,0x4706edf336652496dc03c0ab246c57dbc6aab114,sell,0x28c8d01ff633ea9cd8fc6a451d7457889e698de6,0xb03f19c05835b6ff6f3a7cdc69c6620c3fc85c608fff2407a8803877a6065ff4
64,260,0.0312,0x30a82c65898e522a5860162d87302133d16497a3,2017-11-01T20:47:42.000Z,0.00012,0x4706edf336652496dc03c0ab246c57dbc6aab114,sell,0x28c8d01ff633ea9cd8fc6a451d7457889e698de6,0xb03f19c05835b6ff6f3a7cdc69c6620c3fc85c608fff2407a8803877a6065ff4
65,1200,0.1332,0x02f3f615dad26e296bec71632d7d3fdb702dae7c,2017-11-01T20:47:42.000Z,0.000111,0x4706edf336652496dc03c0ab246c57dbc6aab114,sell,0x28c8d01ff633ea9cd8fc6a451d7457889e698de6,0x3ab3f28cd6f15baac0e98cf6bad8175d0f20086f8692612c15df32ba0599b837
66,1805,0.199633,0x06e43f97ca614cdffa85e320260e94ca919d71df,2017-11-01T20:38:15.000Z,0.0001106,0xb7b0a68a674532d7efe39e5a61bdc80b96ba2496,sell,0x28c8d01ff633ea9cd8fc6a451d7457889e698de6,0xf5cbbf4ac2ffc779551dc4ccdbbfa756a7046761937e99d75819ec3242365fc2
67,2989,0.35868,0x30a82c65898e522a5860162d87302133d16497a3,2017-11-01T20:29:24.000Z,0.00012,0x41df4e6136c6ec30f1aee8a594107c83a6161b12,sell,0x28c8d01ff633ea9cd8fc6a451d7457889e698de6,0xa7f8d4adb3833cb68cbed3d8f8ca9214eecf32a3c85c1b4dcbb3e7666293343d
68,99,0.01287,0x6d14f642af21d9b7db8047693bd19ce5078a7181,2017-11-01T19:23:43.000Z,0.00013,0x80678d49f8ef7afd19f168a7931aeec365387a04,sell,0x28c8d01ff633ea9cd8fc6a451d7457889e698de6,0x2885848ee3b0ae8788f6414aad366aafb110cb2a50b547db638bb02562e938bc
69,100,0.0159,0x2ce17f8d98cc5f7870d231c25ab87727c52fe64f,2017-11-01T18:49:59.000Z,0.000159,0x37a714705378b50a324152efe9bb2152abb342b5,buy,0x28c8d01ff633ea9cd8fc6a451d7457889e698de6,0x6bb32c3ef37fb12f86c83b82deb80718773f242d9bd2137be9fa4a09437e998c
70,1200,0.1872,0x2ce17f8d98cc5f7870d231c25ab87727c52fe64f,2017-11-01T18:48:43.000Z,0.000156,0x02f3f615dad26e296bec71632d7d3fdb702dae7c,buy,0x28c8d01ff633ea9cd8fc6a451d7457889e698de6,0xd07f1fc4f725fc6b7ee9a4d01b888dbb759decf7afab22f71a6ed1bddc728b26
71,1200,0.19068,0x2ce17f8d98cc5f7870d231c25ab87727c52fe64f,2017-11-01T17:46:01.000Z,0.0001589,0x6e20fc98c86d303fa8d3dc182fa739cde1046faf,buy,0x28c8d01ff633ea9cd8fc6a451d7457889e698de6,0x09c7dc30cea4bc5e194d444275e881e5e7ea515774bfa7c25fa7fdbf346c1b18
72,592,0.092944,0x2ce17f8d98cc5f7870d231c25ab87727c52fe64f,2017-11-01T17:45:21.000Z,0.000157,0x6e20fc98c86d303fa8d3dc182fa739cde1046faf,buy,0x28c8d01ff633ea9cd8fc6a451d7457889e698de6,0x6f3b80a9cf07f75fb584b93908c30370f4f4058db212aea357b28f2e0dc66dea
73,631,0.07572,0x30a82c65898e522a5860162d87302133d16497a3,2017-11-01T17:44:23.000Z,0.00012,0x14c2b732f734da979d383a850a7de033585da67b,sell,0x28c8d01ff633ea9cd8fc6a451d7457889e698de6,0x8a2a19cd7c6ba97bd95d57aed523b29bcf7cdf62098906a17d2b2f418fb72e3c
74,340,0.0408,0x30a82c65898e522a5860162d87302133d16497a3,2017-11-01T17:31:47.000Z,0.00012,0xe6dce38a61edba2cd7dc0be24aa42f1c1bd3de0c,sell,0x28c8d01ff633ea9cd8fc6a451d7457889e698de6,0xde926c1f0f7e0cd2e320366ade15441ab1b4410e521d55d2f00ef20cc8288444
75,996,0.11952,0x30a82c65898e522a5860162d87302133d16497a3,2017-11-01T17:31:47.000Z,0.00012,0x14c2b732f734da979d383a850a7de033585da67b,sell,0x28c8d01ff633ea9cd8fc6a451d7457889e698de6,0xd3773f7af02c882c72a7329377dbeb0a85d89778347254b3a636052d28ccee34
76,99,0.01188,0x30a82c65898e522a5860162d87302133d16497a3,2017-11-01T17:25:29.000Z,0.00012,0xb7f3edd07cb4cbec8a1e8ccc39676fc3a09960b5,sell,0x28c8d01ff633ea9cd8fc6a451d7457889e698de6,0x70e2fc7354368e1fb9c1a30b360240c57351b5d1fa30f030fae6c3819668e360
77,512,0.06144,0x30a82c65898e522a5860162d87302133d16497a3,2017-11-01T17:06:10.000Z,0.00012,0x0006d50465bbd36394383345a4facc1a1064f18d,sell,0x28c8d01ff633ea9cd8fc6a451d7457889e698de6,0x312ac37476592e0f845f8bd398aa8348d323e51fc1aafd5f42cb5fc0317ab1ff
78,550,0.06875,0x9df702df7415fcf863ce7b340e43d9e1377836a6,2017-11-01T17:04:31.000Z,0.000125,0x0006d50465bbd36394383345a4facc1a1064f18d,sell,0x28c8d01ff633ea9cd8fc6a451d7457889e698de6,0xb31daaed71cbf1bb2ed0fb1fca5a74e60241dec330adabf87454f20a1dfa1b35
79,341,0.04774,0xe6dce38a61edba2cd7dc0be24aa42f1c1bd3de0c,2017-11-01T17:03:57.000Z,0.00014,0x0006d50465bbd36394383345a4facc1a1064f18d,sell,0x28c8d01ff633ea9cd8fc6a451d7457889e698de6,0x4ecd423765462b5a16d81ff01e045e4e6618df03d2bf463e075f8820f5482a18
80,173,0.02076,0x30a82c65898e522a5860162d87302133d16497a3,2017-11-01T17:00:46.000Z,0.00012,0xe6dce38a61edba2cd7dc0be24aa42f1c1bd3de0c,sell,0x28c8d01ff633ea9cd8fc6a451d7457889e698de6,0x498ee3d9c9775ed43a8cfaa31fe448ca0a084fd93dd0986fc0e6c22308f6fc4d
81,300,0.0423,0xd6a1726b152587dae9389099989e026b4bd06073,2017-11-01T16:56:47.000Z,0.000141,0xe6dce38a61edba2cd7dc0be24aa42f1c1bd3de0c,sell,0x28c8d01ff633ea9cd8fc6a451d7457889e698de6,0x105894777172b425b96c2c808dec0b52a7c521d07b8980653c0a137f2e916630
82,1183,0.1433796,0x6009502524cc23d9861056a1d2b2f89603b14bbc,2017-11-01T16:56:47.000Z,0.0001212,0xe6dce38a61edba2cd7dc0be24aa42f1c1bd3de0c,sell,0x28c8d01ff633ea9cd8fc6a451d7457889e698de6,0xf020bb056122a00712ec6aeb28e32166cd58e62e562d86ae66a80ec333290fd6
83,1659,0.23226,0xe6dce38a61edba2cd7dc0be24aa42f1c1bd3de0c,2017-11-01T16:51:20.000Z,0.00014,0x65350c64f77b2ac03e34a499672c7789ecbeaa44,sell,0x28c8d01ff633ea9cd8fc6a451d7457889e698de6,0xf03669c0e7c3475206a16e5e67268cdde63bc9ba59ba33916b73bf048e9406f5
84,3817,0.4626204,0x6009502524cc23d9861056a1d2b2f89603b14bbc,2017-11-01T16:35:45.000Z,0.0001212,0x74e11bbe2fa8b1686c859ff23a869e392404e3c9,sell,0x28c8d01ff633ea9cd8fc6a451d7457889e698de6,0x054e18945ec6a1bdd57bdb573953c0072c70cd36ac118cfe4d9c681055f6f219
85,800,0.0992,0xa3127b9d99935a29781175e407b8df38be50235f,2017-11-01T16:31:42.000Z,0.000124,0x74e11bbe2fa8b1686c859ff23a869e392404e3c9,sell,0x28c8d01ff633ea9cd8fc6a451d7457889e698de6,0x304e83f4d3dc55f780018d287e22cc8c1ce731cf8b3ee0dd698a9a11e30ab458
86,1810,0.227155,0x698b36533fdb7fc000a7a31a995bdef75c17bfa9,2017-11-01T16:26:54.000Z,0.0001255,0x74e11bbe2fa8b1686c859ff23a869e392404e3c9,sell,0x28c8d01ff633ea9cd8fc6a451d7457889e698de6,0xa753894ee1a805ce3d5422851f510853b183a344670271de0cf95607249ad72f
87,14264,1.783,0xf67ae5ee6018c1567d7cc214ed2546b8b2c7aab5,2017-11-01T16:12:48.000Z,0.000125,0x74e11bbe2fa8b1686c859ff23a869e392404e3c9,sell,0x28c8d01ff633ea9cd8fc6a451d7457889e698de6,0x0a60e8f08f634942401a60ec1bdc6d6116d6c2da6fd5dfa37cfbb678524290b6
88,190,0.023845,0x698b36533fdb7fc000a7a31a995bdef75c17bfa9,2017-11-01T16:04:10.000Z,0.0001255,0xa73aaca7ce9d14c3c72b4b2e6c5e433eba620f9d,sell,0x28c8d01ff633ea9cd8fc6a451d7457889e698de6,0x0e08963a01d018f2cc0b0d9ff78e77f335d049e96303fee05bdadd19f150292d
89,101,0.012827,0xd98a3954353055ab642c9159c7f3b25dac2dc29b,2017-11-01T16:00:39.000Z,0.000127,0x7e56eaedba880da3d391f4eb074650a7a0737034,sell,0x28c8d01ff633ea9cd8fc6a451d7457889e698de6,0xdd5ef49bc1e6f7dcd283376708c728164d39c683d49dea6c7024993fd6ad4a74
90,52,0.006604,0xf13aa3f2d697ad6a90e6e64019cbfd1308c5fed0,2017-11-01T15:58:28.000Z,0.000127,0xa73aaca7ce9d14c3c72b4b2e6c5e433eba620f9d,sell,0x28c8d01ff633ea9cd8fc6a451d7457889e698de6,0xdd19385e68dee4a380c17eb898a12dbb07aa693842c5382faa6ec5bdb49c974c
91,99,0.012573,0xd98a3954353055ab642c9159c7f3b25dac2dc29b,2017-11-01T15:30:43.000Z,0.000127,0x1b32c2bf5e261d9866853a9a238b5e73978ab5e5,sell,0x28c8d01ff633ea9cd8fc6a451d7457889e698de6,0xc80f3601f23fc089c7b2a3cfcf3b2116eb8663b786dc43e27ff762448d5623e4
92,38,0.004826,0xf13aa3f2d697ad6a90e6e64019cbfd1308c5fed0,2017-11-01T15:13:23.000Z,0.000127,0x37f54a23c1bb87c46eba4e879cb19a4128ba4b99,sell,0x28c8d01ff633ea9cd8fc6a451d7457889e698de6,0x566f509493dfa436644a7ad5f9ec79e24aad58027bf749bb81cf5bc6e2dc1f3e
93,70,0.00896,0x698b36533fdb7fc000a7a31a995bdef75c17bfa9,2017-11-01T15:09:07.000Z,0.000128,0x2c7983301df986f8f1b60b999c51abd3731ce6f8,buy,0x28c8d01ff633ea9cd8fc6a451d7457889e698de6,0x1ab1f9a588d9a297952cbf7c12206d761d54fa9be590506af3187807a3b6b417
94,70,0.00889,0x698b36533fdb7fc000a7a31a995bdef75c17bfa9,2017-11-01T15:08:49.000Z,0.000127,0x2c7983301df986f8f1b60b999c51abd3731ce6f8,buy,0x28c8d01ff633ea9cd8fc6a451d7457889e698de6,0x677b228f942b4de185a7b1740b0c2b405f510680dbfefaddd70ab10ae91310e6
95,99,0.012573,0xd98a3954353055ab642c9159c7f3b25dac2dc29b,2017-11-01T15:06:01.000Z,0.000127,0xb425020c938069298f5fbd4ac89ee7d936627b14,sell,0x28c8d01ff633ea9cd8fc6a451d7457889e698de6,0x4f4ae7d7a6cd4d1aac11f47f7427d42d98b99090be560dec86e3846463a8d012
96,299,0.037973,0xd98a3954353055ab642c9159c7f3b25dac2dc29b,2017-11-01T15:00:45.000Z,0.000127,0x57c87481c86d2255d4b17d60015ff867ce54b14e,sell,0x28c8d01ff633ea9cd8fc6a451d7457889e698de6,0xc5707f6658914ae0edd0bf3c22cb6c73bad7f50c13dda78ee8e8bf21d4ee5fe6
97,100,0.0127,0xd98a3954353055ab642c9159c7f3b25dac2dc29b,2017-11-01T14:55:11.000Z,0.000127,0x1490f0244299d7659d72e4e0d869b4db34cdb0fe,sell,0x28c8d01ff633ea9cd8fc6a451d7457889e698de6,0x31bad8c7655e298fc936afb94635cea3c36957216595493e9e645c417f4a5179
98,99,0.012573,0xd98a3954353055ab642c9159c7f3b25dac2dc29b,2017-11-01T14:25:08.000Z,0.000127,0x3028ce7fa2b86b9d09780d7714a30c16224a2af6,sell,0x28c8d01ff633ea9cd8fc6a451d7457889e698de6,0x2c06bf2388f051e6b40ac844af1e5fafc6e15d76c3f3473fd9189728a34c5746
99,99,0.012573,0xf13aa3f2d697ad6a90e6e64019cbfd1308c5fed0,2017-11-01T14:01:10.000Z,0.000127,0x0c1b0b9cf8ee4423afbf413bfbee2c70ebf70bb8,sell,0x28c8d01ff633ea9cd8fc6a451d7457889e698de6,0xeb02a04c945e6a9da7af714ba7aa0c67617fd223464faecdd475ea7c94cd7751
100,98,0.012446,0xf13aa3f2d697ad6a90e6e64019cbfd1308c5fed0,2017-11-01T13:29:29.000Z,0.000127,0xb91afef77c6b9d1838f35491eea03c1add6eb58a,sell,0x28c8d01ff633ea9cd8fc6a451d7457889e698de6,0x1f3b7eee806348a574e034c2ce23f92f2a621ed267fd50ee38f27c93ea872af7
101,301,0.03913,0xf245c6c482552cc6821b2a376c2f48cd0ce0f509,2017-11-01T13:27:50.000Z,0.00013,0xb91afef77c6b9d1838f35491eea03c1add6eb58a,sell,0x28c8d01ff633ea9cd8fc6a451d7457889e698de6,0x9dc79fd62b0d98a7fd023645059079aa09e4c4863c63bd34ca8e5b38c8ecf558
102,1096,0.137,0xf67ae5ee6018c1567d7cc214ed2546b8b2c7aab5,2017-11-01T13:18:58.000Z,0.000125,0xa02e73a0564874cd17b82669e72dae170acf0371,sell,0x28c8d01ff633ea9cd8fc6a451d7457889e698de6,0xf78c60722ecceb19519ea301120dd83b33c92a7d18744474c8b6496ddbe37a54
103,199,0.02587,0xf245c6c482552cc6821b2a376c2f48cd0ce0f509,2017-11-01T12:56:10.000Z,0.00013,0x36c02d72d2534a2bfe7b135d0888ccb6f62827b6,sell,0x28c8d01ff633ea9cd8fc6a451d7457889e698de6,0xfa82f92efd7c88a906392ae72bb5d8de31886e1cf50d55f26e0ab9aa1e8ddbdb
104,306,0.038862,0xf13aa3f2d697ad6a90e6e64019cbfd1308c5fed0,2017-11-01T11:50:16.000Z,0.000127,0xb4644415a639bf48418f50717ea59e7299682173,sell,0x28c8d01ff633ea9cd8fc6a451d7457889e698de6,0x8b67d44b6aadc92dd17c684b2889e5cc167ed7895be2e24dd20d435007545088
105,297,0.042471,0x565771ee94572a4e327bc252518971e2cfc2ed75,2017-11-01T11:22:07.000Z,0.000143,0x11a985d42d6fa4cac941943a63f362c3497fa0fe,buy,0x28c8d01ff633ea9cd8fc6a451d7457889e698de6,0xc76c2709b835f88deb6f159471b8cf582f75da853ce378116d5ee5e16add692e
106,1407,0.178689,0xf13aa3f2d697ad6a90e6e64019cbfd1308c5fed0,2017-11-01T11:10:29.000Z,0.000127,0x1a745d19e98fdcda4ae578a365b93abfc5cf25dc,sell,0x28c8d01ff633ea9cd8fc6a451d7457889e698de6,0xaddd4d9e93c0bb640ff91581e8df6c54fec42009515d264b50e25f7f82b771d8
107,836,0.11286,0x3468580dff5eef11c033004b5fe3d62e77519284,2017-11-01T11:08:42.000Z,0.000135,0x1a745d19e98fdcda4ae578a365b93abfc5cf25dc,sell,0x28c8d01ff633ea9cd8fc6a451d7457889e698de6,0xac8ec71cea3eaf9cbe6fb8894bec01bf2b1efd31ce84adcd3d525098b6cf1c74
108,100,0.0135,0x11a985d42d6fa4cac941943a63f362c3497fa0fe,2017-11-01T10:59:07.000Z,0.000135,0x1a745d19e98fdcda4ae578a365b93abfc5cf25dc,buy,0x28c8d01ff633ea9cd8fc6a451d7457889e698de6,0x7d33d01d62d15d556a8b131add8e63b9b550c575edcb8cab31333805b6125908
109,100,0.01351,0xf13aa3f2d697ad6a90e6e64019cbfd1308c5fed0,2017-11-01T10:59:07.000Z,0.0001351,0x11a985d42d6fa4cac941943a63f362c3497fa0fe,sell,0x28c8d01ff633ea9cd8fc6a451d7457889e698de6,0xc013ff11d0806f476869b45090db054a2ccdce67e3258ff775bc2e8e2af4db53
110,100,0.01352,0xf13aa3f2d697ad6a90e6e64019cbfd1308c5fed0,2017-11-01T10:54:07.000Z,0.0001352,0x11a985d42d6fa4cac941943a63f362c3497fa0fe,sell,0x28c8d01ff633ea9cd8fc6a451d7457889e698de6,0x77835a0a407425a4d4ecd162d069a740f204154a3cc867c9ce27432f3af05044
111,140,0.018928,0x05453803612af85cf2d8dbe89d4906bdd6a0baaf,2017-11-01T10:54:07.000Z,0.0001352,0x11a985d42d6fa4cac941943a63f362c3497fa0fe,sell,0x28c8d01ff633ea9cd8fc6a451d7457889e698de6,0x5c3b7435b9edbf0847b8dcbb455705f9fa8600ed55432e2f8ad94001f43827f0
112,101,0.0136552,0xf13aa3f2d697ad6a90e6e64019cbfd1308c5fed0,2017-11-01T10:54:00.000Z,0.0001352,0x11a985d42d6fa4cac941943a63f362c3497fa0fe,sell,0x28c8d01ff633ea9cd8fc6a451d7457889e698de6,0xbee2d2cab9ee2df8e4662fc80c6cc612f3255664d717dfb59425ebdd2f39e035
113,99,0.0133848,0xf13aa3f2d697ad6a90e6e64019cbfd1308c5fed0,2017-11-01T10:40:56.000Z,0.0001352,0x7f91ef30100398243ff2d8eb8e5512c688bb8b61,sell,0x28c8d01ff633ea9cd8fc6a451d7457889e698de6,0x291981b77a681a3607ce96a2d5090db649784bce6bef3fda44e7330f48dd1db9
114,98,0.01764,0x1a7c4a6bff607d5e07045c69120ea6169da4810b,2017-11-01T10:35:27.000Z,0.00018,0x273a5d3e6721b9f5c1a6474f560c1334c63dda01,sell,0x28c8d01ff633ea9cd8fc6a451d7457889e698de6,0x5eda9b2a215910ee3ae929bff43d52c0bfa207ac79e2967eee060ed45cfa1113
115,99,0.014157,0x273a5d3e6721b9f5c1a6474f560c1334c63dda01,2017-11-01T10:35:27.000Z,0.000143,0xc449f4373158396dbacd1cc2f9c3b47725580813,buy,0x28c8d01ff633ea9cd8fc6a451d7457889e698de6,0x5eda9b2a215910ee3ae929bff43d52c0bfa207ac79e2967eee060ed45cfa1113
116,598,0.08372,0x1c23fc6c41099ba4ea81a99864f337e6c884d44b,2017-11-01T10:12:50.000Z,0.00014,0xe2e53a44f71aaa1d2aa0f81dd3963f41efdfcb77,sell,0x28c8d01ff633ea9cd8fc6a451d7457889e698de6,0xe8d27c7c6fd0fc0446eb294bb39db9494fa3cbc87fba2f36c78ed9ff450cb3f3
117,100,0.017799,0xe6c30bbbf9a5533443c94e9239623797f444f469,2017-11-01T09:29:12.000Z,0.00017799,0x0da32d6a309f364ae308ab9b0fd421115c8c8e4c,buy,0x28c8d01ff633ea9cd8fc6a451d7457889e698de6,0x63014237e934811c9c29e1ba2a9ffa846c6c12cfeaa8f86297c3f0255dc487ee
118,99,0.0138600099,0x1749bb6e4080ebd7317ce5d8f9fb63fbfe58d27c,2017-11-01T08:58:50.000Z,0.0001400001,0x7bfd658356246d6ac3aa4131ebde25f576990362,sell,0x28c8d01ff633ea9cd8fc6a451d7457889e698de6,0x3260593fa7dba038892d950d0d9f9760d55d5b3890b025c4b64ab3a9ae754605
119,99,0.0134145,0xf13aa3f2d697ad6a90e6e64019cbfd1308c5fed0,2017-11-01T08:58:50.000Z,0.0001355,0xfe04a678a433716e65e3f31fe6f03da75145805c,sell,0x28c8d01ff633ea9cd8fc6a451d7457889e698de6,0xe3aa40428761fa1b1546f3daf523c56e297f0b128cdf0941745abc334add263b
120,179,0.0250600179,0x1749bb6e4080ebd7317ce5d8f9fb63fbfe58d27c,2017-11-01T08:37:56.000Z,0.0001400001,0x565771ee94572a4e327bc252518971e2cfc2ed75,sell,0x28c8d01ff633ea9cd8fc6a451d7457889e698de6,0xfbf901c9ea7c61c7b0ad32455bafb23b7e1d4867f5111c388b5b998e0fefa200
121,1000,0.14,0xd85a83108b781f3ced41e40588d9e5a5f3a27188,2017-11-01T08:37:09.000Z,0.00014,0x565771ee94572a4e327bc252518971e2cfc2ed75,sell,0x28c8d01ff633ea9cd8fc6a451d7457889e698de6,0x22979039f3ff5e9babf38e9cbf797b8db73912eea991f2a8878470a2f9099dd8
122,99,0.0138600099,0x1749bb6e4080ebd7317ce5d8f9fb63fbfe58d27c,2017-11-01T08:35:22.000Z,0.0001400001,0x9b6453f3bf29717911e0fb0c6c6c30c1cd9235a8,sell,0x28c8d01ff633ea9cd8fc6a451d7457889e698de6,0xe383b806b715166db7a21df8a1d4915e99de31d6027defb3ecd3b99896c4fa5b
123,100,0.01400001,0x1749bb6e4080ebd7317ce5d8f9fb63fbfe58d27c,2017-11-01T08:04:37.000Z,0.0001400001,0xd29efd58596feaac4398b8d20803c5c8af1d868c,sell,0x28c8d01ff633ea9cd8fc6a451d7457889e698de6,0xbe9b862d35472eab9929cf0e0fec7dd8423c2ddc1436e381c0185f72b5cec733
124,683,0.122257,0x3c7f1d234d85a3edeb7209cd173f91b08e347c48,2017-11-01T07:57:24.000Z,0.000179,0x93843c248a882d8c24db4e9786eb1c68f0a2ff02,buy,0x28c8d01ff633ea9cd8fc6a451d7457889e698de6,0x00e22bb9eebcfbcabe7d83bc5a26702401e5878bc1d18bbd9d6d7bcf432edd7c
125,1000,0.18,0x3c7f1d234d85a3edeb7209cd173f91b08e347c48,2017-11-01T07:54:57.000Z,0.00018,0x7a767c3ef41bef1cf87687078b5bded083da2de6,buy,0x28c8d01ff633ea9cd8fc6a451d7457889e698de6,0x764b6dedb511953e2c228b17ce41fb32a3e525e014c0f75ebc4cc88854463a98
126,1200,0.21588,0x3c7f1d234d85a3edeb7209cd173f91b08e347c48,2017-11-01T07:51:43.000Z,0.0001799,0x6e20fc98c86d303fa8d3dc182fa739cde1046faf,buy,0x28c8d01ff633ea9cd8fc6a451d7457889e698de6,0x9136574e13f14ea5a559662ec78d95065c22787e72eb0404c80558311210703b
127,996,0.1404360996,0x1749bb6e4080ebd7317ce5d8f9fb63fbfe58d27c,2017-11-01T07:41:00.000Z,0.0001410001,0xa6f06e308a1b975f5cdd159786d5a994840d0e80,sell,0x28c8d01ff633ea9cd8fc6a451d7457889e698de6,0x526da217c47f811884a7d3591913a0888d143ceb9829454487123f8112cb8128
128,1000,0.145,0xda1f3895c87d58cfe321c248e427ceb66d53ec80,2017-11-01T07:37:34.000Z,0.000145,0x6bd47a3f2d1bdd4b0c730f02cbb64c2b1ac994ca,buy,0x28c8d01ff633ea9cd8fc6a451d7457889e698de6,0x50aa621fea3a15de8784c778e6dc6f6db3f497c0af3e96645afaba401bb7e092
129,902,0.13079,0xf45a790357ebecf4e511e8bd5e5c8a738d307336,2017-11-01T07:32:27.000Z,0.000145,0xc05cc4bb1bdf95cbce733c35f71f4aeea35ffa82,sell,0x28c8d01ff633ea9cd8fc6a451d7457889e698de6,0x596d33a0c5f030c6a0f93ce539ec0319ecccaec64ba14fb94daae3a4e22a572a
130,98,0.01421,0xf45a790357ebecf4e511e8bd5e5c8a738d307336,2017-11-01T07:28:49.000Z,0.000145,0x986fe610f50475350aecd06783f9d4ce581bf947,sell,0x28c8d01ff633ea9cd8fc6a451d7457889e698de6,0x208dabd547ce3be6a3ce5ddbeef19a068dbf2fbbbae33062cbe44dafdd3c6f8b
131,680,0.09928,0x3015c8100fd8622e04c9988d2c3583af49dcea76,2017-11-01T07:26:46.000Z,0.000146,0x37f54a23c1bb87c46eba4e879cb19a4128ba4b99,sell,0x28c8d01ff633ea9cd8fc6a451d7457889e698de6,0xac9eed0f149cbe662f55e560036203a1102380717fb0fa3f6ccfc5fc93f8f6df
132,99,0.0138600099,0x1749bb6e4080ebd7317ce5d8f9fb63fbfe58d27c,2017-11-01T06:48:42.000Z,0.0001400001,0x8e1f56859006d2c936efc423596210f18c5a00da,sell,0x28c8d01ff633ea9cd8fc6a451d7457889e698de6,0xc3debfbbfec37cbabbd99b17ccbac90bd3cf94ce178bcf78eedfafc8a3baa314
133,99,0.014355,0x1beabdd6c99a54101a7554b94fb804d00c4d9c60,2017-11-01T06:44:51.000Z,0.000145,0x87352af26805176272dd48a865e0dcd31151aa22,sell,0x28c8d01ff633ea9cd8fc6a451d7457889e698de6,0xf2a0355e2c826db9a18d217aca6a9d4651988476016381d2293f2a9f43c2b74a
134,20,0.0029,0x1beabdd6c99a54101a7554b94fb804d00c4d9c60,2017-11-01T06:41:48.000Z,0.000145,0x304c929780c19ae230022779a75b451f63d4705f,sell,0x28c8d01ff633ea9cd8fc6a451d7457889e698de6,0x381ece24777377b5a305d1a70a2dd246ebc9bc85fa76a454c6ac047d7a07ab57
135,3370,0.5055,0xc9e9ec41601b98599b7d58e5a5a4529ab9062e05,2017-11-01T06:36:38.000Z,0.00015,0x74e11bbe2fa8b1686c859ff23a869e392404e3c9,sell,0x28c8d01ff633ea9cd8fc6a451d7457889e698de6,0x3824fade3f61d5bedd50bd68e787e3ed71d062be4f36985a59d8798be14e9621
136,348,0.0522,0xc9e9ec41601b98599b7d58e5a5a4529ab9062e05,2017-11-01T06:31:55.000Z,0.00015,0xe3a7ca9d2306b0dc900ea618648bed9ec6cb1106,sell,0x28c8d01ff633ea9cd8fc6a451d7457889e698de6,0x80ecffd59d166c1f4c95f0f1c4e2e69e8e21758c6f03bfd71219c6ea12a99ee6
137,12015,1.80225,0xc9e9ec41601b98599b7d58e5a5a4529ab9062e05,2017-11-01T06:26:33.000Z,0.00015,0x65350c64f77b2ac03e34a499672c7789ecbeaa44,sell,0x28c8d01ff633ea9cd8fc6a451d7457889e698de6,0xb7f3dfa497cba83a93824335598436b29b668180a5e697cdb458036ccbb9a2d9
138,214,0.0321,0xc9e9ec41601b98599b7d58e5a5a4529ab9062e05,2017-11-01T06:10:48.000Z,0.00015,0x5e0221c72f941fbc27e8ba90609a7f1594ec068a,sell,0x28c8d01ff633ea9cd8fc6a451d7457889e698de6,0x851f9908cd03730de3ca0054a6061cb68304897472fd38ca08b22f8a8bef79a3
139,36,0.005403636,0x7a3389cdf92c9d419c11183f02c7f118012d8f71,2017-11-01T06:09:11.000Z,0.000150101,0x5e0221c72f941fbc27e8ba90609a7f1594ec068a,sell,0x28c8d01ff633ea9cd8fc6a451d7457889e698de6,0x088424b0c528f9f24d66c849f6ad02e3847370071fbc369650ab23ba637d20e5
140,47,0.008366,0xf528a2523cd33b81a418fa2db69c8ee6352b29d6,2017-11-01T05:10:48.000Z,0.000178,0x1e3ef8b1672f7e1bcb6ec5d58f41d6c48338690a,buy,0x28c8d01ff633ea9cd8fc6a451d7457889e698de6,0xdee145024d9ea9a328c38d6c71d15895d74d766578320202916e154dc62abd77
141,2892,0.5781108,0xc05eb25915a202c6ac9f3d9c11ab4044b6c25326,2017-11-01T05:07:11.000Z,0.0001999,0xaa10dc038b30b1ddb5309b9c9162323a80355cfc,buy,0x28c8d01ff633ea9cd8fc6a451d7457889e698de6,0xfc6967485c4feffea48285ef0e6575e555a4d0559cd02e340adf418919b96846
142,200,0.039,0x95703bcc4adc0206db4b4546319db26729468af2,2017-11-01T04:32:45.000Z,0.000195,0x1932a822f0e7a33b4387926704a301759d0a4a58,buy,0x28c8d01ff633ea9cd8fc6a451d7457889e698de6,0x6e8f64d6ca224c3e325c13475079b8e4e99b132a76ad9a251a11fb953ff1896f
143,100,0.0195,0x95703bcc4adc0206db4b4546319db26729468af2,2017-11-01T04:23:49.000Z,0.000195,0xb4a7bd835a0a7bee4f1bb36eb4ae7997aa2062d0,buy,0x28c8d01ff633ea9cd8fc6a451d7457889e698de6,0x3cab190434a32c1cf850a15f4c0afeae760a17a2d979f63be6e743b80d8b9c1b
144,100,0.0185,0x95703bcc4adc0206db4b4546319db26729468af2,2017-11-01T04:23:38.000Z,0.000185,0xb4a7bd835a0a7bee4f1bb36eb4ae7997aa2062d0,buy,0x28c8d01ff633ea9cd8fc6a451d7457889e698de6,0x7482ea28689163beaed5b63ce57decdb9d4e00c2a9a4ab87645e73dc039644c9
145,480,0.1104,0x11425b52632dd157c95ebd5d7f8792b6a1f249b6,2017-11-01T03:32:51.000Z,0.00023,0x7a3389cdf92c9d419c11183f02c7f118012d8f71,buy,0x28c8d01ff633ea9cd8fc6a451d7457889e698de6,0x3d4540d965f922d1a322cd1b424ea36ba425bf04c3d840bc460166c2172f672b
146,687,0.1374340486,0x11425b52632dd157c95ebd5d7f8792b6a1f249b6,2017-11-01T03:31:08.000Z,0.00020004956128093159,0x76a3c0f706c2a0b16ad68a7707ca8f1a84493aac,buy,0x28c8d01ff633ea9cd8fc6a451d7457889e698de6,0x057bc15a228b4790441d264d27eeb9947c930b76425b430b37415e4b7184c683
147,300,0.057,0x11425b52632dd157c95ebd5d7f8792b6a1f249b6,2017-11-01T03:21:17.000Z,0.00019,0x05c58fb41c826db1384376cb19176f9bb29fc4f6,buy,0x28c8d01ff633ea9cd8fc6a451d7457889e698de6,0x21d1f393f7b07710614ae12ebafca54e2f8b015b48fe56e075fab517730be19c
148,91,0.01274,0x9deafb8fc1a1bcfa9e77a7f0a01a67adf64b9c1c,2017-11-01T03:20:17.000Z,0.00014,0x7e56eaedba880da3d391f4eb074650a7a0737034,sell,0x28c8d01ff633ea9cd8fc6a451d7457889e698de6,0x3a66d277e6acfbcd742c778ca2352b8080fa6944045266da0b975ffe4e54fb9e
149,6312,1.2618658865032382,0xf0507aef91ec23f4425d125eb5f81d7941f4d542,2017-11-01T03:00:37.000Z,0.00019991538125843444,0x76a3c0f706c2a0b16ad68a7707ca8f1a84493aac,buy,0x28c8d01ff633ea9cd8fc6a451d7457889e698de6,0x3e839e86b928f3e36bec5125adcda234651bb72685f8999a50923ecf65321a9b
150,300,0.054,0x698b36533fdb7fc000a7a31a995bdef75c17bfa9,2017-11-01T02:51:04.000Z,0.00018,0x0503a72631ac1dedc46a99f19e504da53bef89e9,buy,0x28c8d01ff633ea9cd8fc6a451d7457889e698de6,0x97e5dd91d0d1e9d689f75ee38cdc1f895f29fd4a242f3538f7ead7625ad889c4
151,200,0.036,0x698b36533fdb7fc000a7a31a995bdef75c17bfa9,2017-11-01T02:47:24.000Z,0.00018,0x0503a72631ac1dedc46a99f19e504da53bef89e9,buy,0x28c8d01ff633ea9cd8fc6a451d7457889e698de6,0x493704b6d26fcf7d7155b92404671d1506f7b710f4aa856f09fa5d4e427a308b
152,100,0.018,0x698b36533fdb7fc000a7a31a995bdef75c17bfa9,2017-11-01T02:43:39.000Z,0.00018,0x0503a72631ac1dedc46a99f19e504da53bef89e9,buy,0x28c8d01ff633ea9cd8fc6a451d7457889e698de6,0x3dcd913c0976f446098b7cf9657c753695fbe01ae14d21f94a7c7210965bd1bf
153,300,0.0534,0x698b36533fdb7fc000a7a31a995bdef75c17bfa9,2017-11-01T02:43:08.000Z,0.000178,0x099df80d0cc06629dee6de6b0b721d62157539b7,buy,0x28c8d01ff633ea9cd8fc6a451d7457889e698de6,0x1077c8fdcdd76ce752ec52953bee1c250688b8d59217b6a5d5795a52cd0892f5
154,2000,0.3998,0xc05eb25915a202c6ac9f3d9c11ab4044b6c25326,2017-11-01T02:40:43.000Z,0.0001999,0x76a3c0f706c2a0b16ad68a7707ca8f1a84493aac,buy,0x28c8d01ff633ea9cd8fc6a451d7457889e698de6,0x7b1a89f2c2590957a15a83c06904320a4a86ee4d645434487076a4f1c559f381
155,99,0.01386,0x986fe610f50475350aecd06783f9d4ce581bf947,2017-11-01T02:32:00.000Z,0.00014,0xdc9741aa2b64f230a1fc0f576006c35b49055d29,sell,0x28c8d01ff633ea9cd8fc6a451d7457889e698de6,0x91a1c0024ca97dcddaaded8352ed59dcb9355ca0af5fb0556866ac046276d780
156,1000,0.17999,0x448344236e3ea01538b5cb400c13c78219f6d253,2017-11-01T02:20:32.000Z,0.00017999,0xbe39d24c4d579205d5a2f6a8b3bf51ec4d2266aa,buy,0x28c8d01ff633ea9cd8fc6a451d7457889e698de6,0x9eb9dbc6f39ea7bfffb307536c20b4b8d291dee553e31d91abee49e5d3473ae8
157,1000,0.17999,0xf0507aef91ec23f4425d125eb5f81d7941f4d542,2017-11-01T02:18:27.000Z,0.00017999,0x87dac1681affcf55daba8b302746f0c49f3f8dde,buy,0x28c8d01ff633ea9cd8fc6a451d7457889e698de6,0x48abe253b6afc9fbb7cec1037aef6885215e0c896eb59fba5edecaef6c627084
158,400,0.072,0x9deafb8fc1a1bcfa9e77a7f0a01a67adf64b9c1c,2017-11-01T02:13:59.000Z,0.00018,0x0503a72631ac1dedc46a99f19e504da53bef89e9,buy,0x28c8d01ff633ea9cd8fc6a451d7457889e698de6,0xfc821a0e2f70d516864e9d2efd83762f13ffe1d99acd4b411dd56b7782ce5974
159,100,0.0179999,0xf0507aef91ec23f4425d125eb5f81d7941f4d542,2017-11-01T02:13:12.000Z,0.000179999,0x6821b62f2a11b20fa3697d056844c83658184a8b,buy,0x28c8d01ff633ea9cd8fc6a451d7457889e698de6,0x74c961616ae666b2e4f0f2de790d8ad87e7b1b56c3d0008791f44b92835ae06e
160,100,0.0176,0xf0507aef91ec23f4425d125eb5f81d7941f4d542,2017-11-01T02:11:31.000Z,0.000176,0x27e51eb723462bcba87fe0958808b9c43e2f255d,buy,0x28c8d01ff633ea9cd8fc6a451d7457889e698de6,0x144e7bf12940c574dfeab20c976e27e29bd00caa520d8f2fad248dd78586d8b7
161,200,0.0352,0x321c8f4779579c9b49e6b1d7a53d1ad03107fc5f,2017-11-01T02:11:31.000Z,0.000176,0xb320ffa395e8429be67732b4ff0c80bc86e9e70d,buy,0x28c8d01ff633ea9cd8fc6a451d7457889e698de6,0xe9523ede2943647c0709c0ce1cc9ed08c9b23edc2e2e3bd4e4a84522e6e1bb15
162,102,0.01785,0xf0507aef91ec23f4425d125eb5f81d7941f4d542,2017-11-01T02:09:56.000Z,0.000175,0x20c721b0262bd9341c0a7ec685768cb3d33eadfb,buy,0x28c8d01ff633ea9cd8fc6a451d7457889e698de6,0xceb8ee2907a6123d8d659985f406d80efa5d77ae87ffba50e7b9c040866515ed
163,872,0.152678925,0xf0507aef91ec23f4425d125eb5f81d7941f4d542,2017-11-01T02:07:44.000Z,0.00017509051032110092,0xd98a3954353055ab642c9159c7f3b25dac2dc29b,buy,0x28c8d01ff633ea9cd8fc6a451d7457889e698de6,0x9f67e980bf2919f43a7a9f2d7b19a804bf3cc49e782f2739f031629c93415b5c
164,27,0.004820549815015129,0x9deafb8fc1a1bcfa9e77a7f0a01a67adf64b9c1c,2017-11-01T01:57:54.000Z,0.00017853888203759737,0xd98a3954353055ab642c9159c7f3b25dac2dc29b,buy,0x28c8d01ff633ea9cd8fc6a451d7457889e698de6,0xebce0044364d6c095ee6f28c6375aa7e72c9483cdb923e091a671044bf5d741b
165,100,0.016,0xf0507aef91ec23f4425d125eb5f81d7941f4d542,2017-11-01T01:56:12.000Z,0.00016,0x4bdf3b4bcff2f9b6e2c4e64c1c19a5845e942f26,buy,0x28c8d01ff633ea9cd8fc6a451d7457889e698de6,0x857aec589ebaa897c9ea02b7853906140d0ecdb4f4bf5c6362b82c39efee16c8
166,1000,0.17,0xf0507aef91ec23f4425d125eb5f81d7941f4d542,2017-11-01T01:52:47.000Z,0.00017,0x4d6f70396dd953ca4d5370c3a6dba60c2b827848,buy,0x28c8d01ff633ea9cd8fc6a451d7457889e698de6,0xd871aaab23e52bccc06da5b4cbc88119bc7cbb073927fa01f252f7605051e135
167,1000,0.16,0xf0507aef91ec23f4425d125eb5f81d7941f4d542,2017-11-01T01:49:09.000Z,0.00016,0x166e9e207b79872280a33b6d4bd1b1b591602006,buy,0x28c8d01ff633ea9cd8fc6a451d7457889e698de6,0xb794936d414e6c6293925efb2b517f7822501ed16fb61110d242aa42c7bb4d4e
168,1100,0.2035,0xf93ac3324f63cc36447e83b2eef22a7342cb845f,2017-11-01T01:11:05.000Z,0.000185,0x484dbe4c2899fa71bd2737f7f62965129737c6ed,buy,0x28c8d01ff633ea9cd8fc6a451d7457889e698de6,0xc80bcef3c7345b67fd5ca5d99670dbeff79f95bec65a2c614469942aaeff6037
169,100,0.0175,0x95b0ba82b55c627d44cc9a0ef71d26b84c901d39,2017-11-01T00:30:33.000Z,0.000175,0xd8be8871c52b91a1f4f8457baf0dc0946d931132,buy,0x28c8d01ff633ea9cd8fc6a451d7457889e698de6,0x7181a09d9760eae24bf604e113a96bffee615a5852f3da11eaca481988932f7c
170,200,0.034002,0x95b0ba82b55c627d44cc9a0ef71d26b84c901d39,2017-11-01T00:29:24.000Z,0.00017001,0x9966b36ada6f2929a366bebe0b86b2b6e5b1fba1,buy,0x28c8d01ff633ea9cd8fc6a451d7457889e698de6,0xfffdc8782f2a19009aa2c7e692060a41cee16b9ebedc9e5a2ab32e5b76dbe5c3
171,50,0.00825,0x8dec0c7df5f440d471a62e882c208d9219ab9110,2017-11-01T00:22:55.000Z,0.000165,0xd8be8871c52b91a1f4f8457baf0dc0946d931132,buy,0x28c8d01ff633ea9cd8fc6a451d7457889e698de6,0xb742f82c78e6f3639892b47d376651146d94a68b7eab0f2602ebc9133ae3c567
172,623,0.09968,0x95b0ba82b55c627d44cc9a0ef71d26b84c901d39,2017-11-01T00:22:03.000Z,0.00016,0xa3127b9d99935a29781175e407b8df38be50235f,buy,0x28c8d01ff633ea9cd8fc6a451d7457889e698de6,0x6b7ba3e78b14e4ea6667804d70a12aa3dc20ca80e179f084a337231b8e04395b
173,460,0.0736,0x2ce17f8d98cc5f7870d231c25ab87727c52fe64f,2017-11-01T00:16:20.000Z,0.00016,0x53fcd451b4c639fe7286de19a88e6a2e0dc6f4ad,buy,0x28c8d01ff633ea9cd8fc6a451d7457889e698de6,0xd4ad6b01127852ad99294049c4b32f5fd485a9b7cdbbd00b5245b644f48c84e3
174,1000,0.155,0x2ce17f8d98cc5f7870d231c25ab87727c52fe64f,2017-11-01T00:12:39.000Z,0.000155,0x5a688b5ec3dedb3f2798fbe8ec258c1e7a7f18ab,buy,0x28c8d01ff633ea9cd8fc6a451d7457889e698de6,0xba6992ea4ac756b8c074182717976b02c4c4262703cc2c9953e60276f2030a32
175,110,0.01628,0x2ce17f8d98cc5f7870d231c25ab87727c52fe64f,2017-11-01T00:12:35.000Z,0.000148,0x636a7a6fc4a244955764a75764cc91cd01ac59a1,buy,0x28c8d01ff633ea9cd8fc6a451d7457889e698de6,0x6192f91b4ff631ac6677904bdc5551ad796e708fc118a17374b949f24e4aa8a0
176,100,0.01475,0x2ce17f8d98cc5f7870d231c25ab87727c52fe64f,2017-11-01T00:12:21.000Z,0.0001475,0xa42a317e1d9ad2a29ef0047b5dc307ee5988b0a8,buy,0x28c8d01ff633ea9cd8fc6a451d7457889e698de6,0x9daaff41df0bb1684b6c4c4a7e7cf3dfed4f793db0767e4d89fbf46dca402bf2
177,20,0.0027,0x3468580dff5eef11c033004b5fe3d62e77519284,2017-10-31T23:44:21.000Z,0.000135,0xde7f40e40c094fb06b1791f3028ed1f045e84ceb,sell,0x28c8d01ff633ea9cd8fc6a451d7457889e698de6,0xad9dad67cb3680e42b9b9c7ec44d3a4aa6d158c5e0a7ed7f78a30ac93be50ea1
178,1494,0.20169,0x3468580dff5eef11c033004b5fe3d62e77519284,2017-10-31T23:27:16.000Z,0.000135,0xf71326a435fd4f8dba89a630d10776f2e96e1a35,sell,0x28c8d01ff633ea9cd8fc6a451d7457889e698de6,0x00519b580518cbdbb1bb2b307dc62cc490008ed695f3f823d0ed2d36c7c4fcd6
179,140,0.02072,0x65631244cd98374f082f3e1b4a9dc05046214b22,2017-10-31T23:24:07.000Z,0.000148,0x636a7a6fc4a244955764a75764cc91cd01ac59a1,buy,0x28c8d01ff633ea9cd8fc6a451d7457889e698de6,0xa13082edd2cfeda40adfb739b8f440d54f4cf42bd2a17e5524ccba1815d8e4b1
180,500,0.0695,0xa7a1043617ea81f06ff7cb55bbb70f9afe459c9a,2017-10-31T23:22:50.000Z,0.000139,0xf71326a435fd4f8dba89a630d10776f2e96e1a35,sell,0x28c8d01ff633ea9cd8fc6a451d7457889e698de6,0xc88aff2c33f47c306ac4521eb72777c955f4679f578cd31eb4f67fbd30ed36e9
181,750,0.111,0x65631244cd98374f082f3e1b4a9dc05046214b22,2017-10-31T23:11:46.000Z,0.000148,0x636a7a6fc4a244955764a75764cc91cd01ac59a1,buy,0x28c8d01ff633ea9cd8fc6a451d7457889e698de6,0x426fcdf8160da574e92e727deade03b232f33392bfc2e1b4465b53254de4a200
182,50,0.00735,0x65631244cd98374f082f3e1b4a9dc05046214b22,2017-10-31T23:10:22.000Z,0.000147,0xc72a745baf55e559f18c5edd8c8eb6a9a7b19080,buy,0x28c8d01ff633ea9cd8fc6a451d7457889e698de6,0x99e8759cdbb92860532223b8d618775d6f14d00c80759daa3aff60320e2f18aa
183,100,0.014,0x65631244cd98374f082f3e1b4a9dc05046214b22,2017-10-31T23:08:26.000Z,0.00014,0x9df702df7415fcf863ce7b340e43d9e1377836a6,buy,0x28c8d01ff633ea9cd8fc6a451d7457889e698de6,0x15ff4402bed691ee0f924424016fa12fdff8dd2ef667564f62693eb75c29c336
184,3,0.000381,0xd98a3954353055ab642c9159c7f3b25dac2dc29b,2017-10-31T21:48:36.000Z,0.000127,0xcbcb68d816547e8d663375492ab868d84a9dd34f,sell,0x28c8d01ff633ea9cd8fc6a451d7457889e698de6,0x25a99333161952da449a321f07ffb62a62ed98056b4fa511a1bd1874f085bd3d
185,297,0.03861,0xddb38be7ef79ca91d3d65f796260d6192fa6fc07,2017-10-31T21:42:58.000Z,0.00013,0x61aaa3153e5fb36dc7474357b27d74acfe25792b,sell,0x28c8d01ff633ea9cd8fc6a451d7457889e698de6,0xcd1150cdbaa63b922ce3c71fc25d6088a455572182d0b7950c8e7d0664e99d70
186,19,0.002899476,0x715cde20fbf6e150cff8d3c6d67db661dbbdc775,2017-10-31T21:41:39.000Z,0.000152604,0x61aaa3153e5fb36dc7474357b27d74acfe25792b,sell,0x28c8d01ff633ea9cd8fc6a451d7457889e698de6,0xfb9acb2883aa7699813e48786fb331fc9e7cf754b9b378e96b3033a4945d377f
187,99,0.01287,0xddb38be7ef79ca91d3d65f796260d6192fa6fc07,2017-10-31T21:08:57.000Z,0.00013,0x9e00365664411b507aff985ed8e5372353a2106f,sell,0x28c8d01ff633ea9cd8fc6a451d7457889e698de6,0x8700adf7d2480cb65f5753a2dc590d6ddec6c98d03d5df76ed679baac0563579
188,1176,0.01764,0x422d7c1f2f04e7582163d1381a436516f4de3c2a,2017-10-31T21:03:31.000Z,0.000015,0x52fcce2900407c596016f2a261272966ca27cf7b,buy,0x28c8d01ff633ea9cd8fc6a451d7457889e698de6,0xd52a58f6e8a6a813fff13b089c5c77d6af0b6d2569d4e755538be839ce46a7cf
189,1166,0.1481986,0x6e20fc98c86d303fa8d3dc182fa739cde1046faf,2017-10-31T21:03:31.000Z,0.0001271,0x422d7c1f2f04e7582163d1381a436516f4de3c2a,sell,0x28c8d01ff633ea9cd8fc6a451d7457889e698de6,0xd52a58f6e8a6a813fff13b089c5c77d6af0b6d2569d4e755538be839ce46a7cf
190,498,0.06474,0xddb38be7ef79ca91d3d65f796260d6192fa6fc07,2017-10-31T20:07:33.000Z,0.00013,0xfc3d5c2f5af0ad6a7661c96d88813d60ea58b6a0,sell,0x28c8d01ff633ea9cd8fc6a451d7457889e698de6,0x38da757e5165c22e476ecd4bd53711cd604aac48b92a94263cf40d22ed6c8fa9
191,74,0.009773691451741555,0xdc874981a6b1f8cf5e58e39c079e2375ce6f7c50,2017-10-31T19:59:21.000Z,0.00013207691151002101,0x52fcce2900407c596016f2a261272966ca27cf7b,buy,0x28c8d01ff633ea9cd8fc6a451d7457889e698de6,0x55f624ee4345e730a5acb25058858096b4546141b8f35467ab30b720432b70ac
192,50,0.00735,0x95b0ba82b55c627d44cc9a0ef71d26b84c901d39,2017-10-31T19:46:18.000Z,0.000147,0xc72a745baf55e559f18c5edd8c8eb6a9a7b19080,buy,0x28c8d01ff633ea9cd8fc6a451d7457889e698de6,0x271d25928c85f10d6e0e13fe613fcb6a33c3db39f8d3d26e17ca796349862852
193,348,0.04524,0xddb38be7ef79ca91d3d65f796260d6192fa6fc07,2017-10-31T19:33:48.000Z,0.00013,0xddd1c742553c931a69e1aee3026ddd505f91b888,sell,0x28c8d01ff633ea9cd8fc6a451d7457889e698de6,0xd22eac47ab6a01d3a74aa369245ad1f99662329ce8d64e74278fd522670fa2e3
194,99,0.01287,0xddb38be7ef79ca91d3d65f796260d6192fa6fc07,2017-10-31T19:07:05.000Z,0.00013,0x2d7ce9c64f9be51cc9075a39970a4feb8751e9d6,sell,0x28c8d01ff633ea9cd8fc6a451d7457889e698de6,0x7065917ad1bbf136afb8b7c3952ed9bed432b72b8ddd8883eb14dfecbf01b563
195,22,0.003357288,0x715cde20fbf6e150cff8d3c6d67db661dbbdc775,2017-10-31T18:42:09.000Z,0.000152604,0xb4066e3f167a4e5b7b97cca2b163ee396cfd0a1d,sell,0x28c8d01ff633ea9cd8fc6a451d7457889e698de6,0xff444dd47c37b4cc4020a473bc4244e8953a19492e05822278a5a8f1986def5a
196,3,0.000457812,0x715cde20fbf6e150cff8d3c6d67db661dbbdc775,2017-10-31T18:37:51.000Z,0.000152604,0x1d79e25e8910c710f33ca0efe1de8971d4b51552,sell,0x28c8d01ff633ea9cd8fc6a451d7457889e698de6,0xcbc5c5715fa930451b67f71796a9db79072e15493e40e37d83a6de8632e091e8
197,59,0.008262576213737416,0xf528a2523cd33b81a418fa2db69c8ee6352b29d6,2017-10-31T18:29:11.000Z,0.0001400436646396172,0xd98a3954353055ab642c9159c7f3b25dac2dc29b,buy,0x28c8d01ff633ea9cd8fc6a451d7457889e698de6,0x18668271bdfdf7539b3014676e1eabc7195558a8566a598bf66b8b886a256fb7
198,92,0.012788,0xf44072eda87ede9613b6ae1b812de8a60ade27a2,2017-10-31T17:55:31.000Z,0.000139,0xd98a3954353055ab642c9159c7f3b25dac2dc29b,buy,0x28c8d01ff633ea9cd8fc6a451d7457889e698de6,0xf2b48d7a86b2db64648bc81eb1c32d7717fb638c20a57c143839d8788c429cc7
199,91,0.013886964,0x715cde20fbf6e150cff8d3c6d67db661dbbdc775,2017-10-31T17:55:31.000Z,0.000152604,0xf44072eda87ede9613b6ae1b812de8a60ade27a2,sell,0x28c8d01ff633ea9cd8fc6a451d7457889e698de6,0xf2b48d7a86b2db64648bc81eb1c32d7717fb638c20a57c143839d8788c429cc7
200,1000,0.148,0x95b0ba82b55c627d44cc9a0ef71d26b84c901d39,2017-10-31T17:31:54.000Z,0.000148,0x636a7a6fc4a244955764a75764cc91cd01ac59a1,buy,0x28c8d01ff633ea9cd8fc6a451d7457889e698de6,0xba1c60a0e6478c515e9297ca2edf5b7f0141fa7e255af563d150de365f00a096
201,99,0.01287,0xddb38be7ef79ca91d3d65f796260d6192fa6fc07,2017-10-31T17:31:02.000Z,0.00013,0xc6fc6835ce16679c89567c0b33604d1e9a71bf99,sell,0x28c8d01ff633ea9cd8fc6a451d7457889e698de6,0x094dc6e5102a2e41e729bb86e654e99e4664b537a11db7d3a9878690a950b435
202,330,0.04587,0x073b01a362fe342d75d829f96ad179ae0de9b6c9,2017-10-31T17:18:15.000Z,0.000139,0xd98a3954353055ab642c9159c7f3b25dac2dc29b,buy,0x28c8d01ff633ea9cd8fc6a451d7457889e698de6,0xa447566a95b333ff85f1243deba9fb2284aaf4aaa4a2c6a8aa19cd8ad9e52ae4
203,91,0.013886964,0x715cde20fbf6e150cff8d3c6d67db661dbbdc775,2017-10-31T17:17:05.000Z,0.000152604,0x99590cdc1e8d54b281b96416c359b9b2eedc4314,sell,0x28c8d01ff633ea9cd8fc6a451d7457889e698de6,0xb7a2d06ddbaabf82dcdae0eeb2ca29d248f099f6ce7c082c59b2a0a67d9dcd32
204,1000,0.1468,0x073b01a362fe342d75d829f96ad179ae0de9b6c9,2017-10-31T17:16:44.000Z,0.0001468,0x7c453f82be204dde76c674887d886c0cc0a78edc,buy,0x28c8d01ff633ea9cd8fc6a451d7457889e698de6,0x07e4f05d8e477d87087441cf9a59226233992e1259856487bff112b222af2f50
205,1432,0.20764,0x7f1ac8e788f8416da145182db928887476ed9053,2017-10-31T17:01:29.000Z,0.000145,0xdcc3235ca1dd6b2e90a408850a01f4ea4426d3db,buy,0x28c8d01ff633ea9cd8fc6a451d7457889e698de6,0xdc8f3a54c683bdf50b6874c906a1518768957647f5654227194f4d6a6a06638a
206,718,0.09987942378626259,0x761bdfcf3be135b33e9296886965d69b0eeb3987,2017-10-31T16:58:54.000Z,0.00013910783257139634,0xd98a3954353055ab642c9159c7f3b25dac2dc29b,buy,0x28c8d01ff633ea9cd8fc6a451d7457889e698de6,0xd189c57a9dad76ca88b641d86926ddb5018e4b37afa84f1acc58ea521c9588ad
207,99,0.012474,0xb3debdc02ef938b25d88a9f283db90d23820aae9,2017-10-31T16:21:09.000Z,0.000126,0x08eef4b6ec3b21ee1281e7dd3b2009492a9905bc,sell,0x28c8d01ff633ea9cd8fc6a451d7457889e698de6,0x4d986a915dbb967346d6ecdff778f5bfb76fbce77e6237c5ba69e3323f762015
208,6581,3.6851759500597687,0x3a9876fd31ac988820d99e351706f72f609a5c52,2017-10-31T16:11:04.000Z,0.0005599720331347467,0xd673f1715cea629881ec16c03e1d7a4be8bf9333,buy,0x28c8d01ff633ea9cd8fc6a451d7457889e698de6,0x288b340c55b41b50fff1f309b2dd66ec6afc292e3f4e36577df435d321555bd8
209,1459,0.2140353,0x3a9876fd31ac988820d99e351706f72f609a5c52,2017-10-31T16:00:59.000Z,0.0001467,0x60f89eb04f825151845470b9083f96be86b1d5d4,buy,0x28c8d01ff633ea9cd8fc6a451d7457889e698de6,0x04f03418ad5c749313f6b8f5b18abcd8aef47d073ca1376795dac178e74732f0
210,6278,1.0854662,0x3a9876fd31ac988820d99e351706f72f609a5c52,2017-10-31T15:56:43.000Z,0.0001729,0xc6e8ee205e5852c817c14a2fe2c3ac691274abff,buy,0x28c8d01ff633ea9cd8fc6a451d7457889e698de6,0x0f7f21d7e6d6f6bd0044d66470a5b072a9c052d1ccefe5b128fc40703bba34d5
211,993,0.121146,0x6e20fc98c86d303fa8d3dc182fa739cde1046faf,2017-10-31T15:55:57.000Z,0.000122,0xd6dd6860339352f244b1cdaf324e7d4e3b8cc966,sell,0x28c8d01ff633ea9cd8fc6a451d7457889e698de6,0xc03ec749ac6f9de2394cd87c5372188f56842b27b0723edef88ec41796208e6c
212,3,0.000496914355648025,0x3a9876fd31ac988820d99e351706f72f609a5c52,2017-10-31T15:51:08.000Z,0.00016563811854934166,0x60f89eb04f825151845470b9083f96be86b1d5d4,buy,0x28c8d01ff633ea9cd8fc6a451d7457889e698de6,0x63a5d1149ea7ddd9e252e9670253ffac013a1294047befde25cb301fb8263e9f
213,99,0.012078,0x6e20fc98c86d303fa8d3dc182fa739cde1046faf,2017-10-31T15:49:18.000Z,0.000122,0xa14e78cb9678d1f1ca8f72ce5af174cdb389ea87,sell,0x28c8d01ff633ea9cd8fc6a451d7457889e698de6,0x12d41d6013ff2e96871c53040932a1c7f262bec1f0426bdf9a4278fcdb33e13e
214,11076,4.9845479015053336,0x3a9876fd31ac988820d99e351706f72f609a5c52,2017-10-31T15:46:58.000Z,0.0004500314103923197,0xb3debdc02ef938b25d88a9f283db90d23820aae9,buy,0x28c8d01ff633ea9cd8fc6a451d7457889e698de6,0x0c2c041637d28a6c1e377d646cc1a3ed2ee7586a0daba25a91fa18b16c581509
215,99,0.015107796,0x715cde20fbf6e150cff8d3c6d67db661dbbdc775,2017-10-31T15:27:00.000Z,0.000152604,0x273a5d3e6721b9f5c1a6474f560c1334c63dda01,sell,0x28c8d01ff633ea9cd8fc6a451d7457889e698de6,0xd7b294d7f46337e0f6b32c7adfa253b40e5c1006a1aea5d3f91d8e04ce00b4d3
216,100,0.0122,0x273a5d3e6721b9f5c1a6474f560c1334c63dda01,2017-10-31T15:27:00.000Z,0.000122,0xf3b7f55b141aa737dae98439ee9964ec23a41ca3,buy,0x28c8d01ff633ea9cd8fc6a451d7457889e698de6,0xd7b294d7f46337e0f6b32c7adfa253b40e5c1006a1aea5d3f91d8e04ce00b4d3
217,1000,0.143,0x701855273b899484cdc73be08ea29861b3c4b07a,2017-10-31T15:14:46.000Z,0.000143,0x86bd457a6647ee7702e55155d9153046655ec595,buy,0x28c8d01ff633ea9cd8fc6a451d7457889e698de6,0xe6272a70210867d2591e2bb6a4178416874547b8d02f22939920e316957b39d6
218,100,0.01436,0x2c7983301df986f8f1b60b999c51abd3731ce6f8,2017-10-31T15:00:59.000Z,0.0001436,0x60f89eb04f825151845470b9083f96be86b1d5d4,sell,0x28c8d01ff633ea9cd8fc6a451d7457889e698de6,0x4b8961783b768f95e050d28a7c580e7101451b8213d36d1da31ff65a7117b57a
219,99,0.012078,0x6e20fc98c86d303fa8d3dc182fa739cde1046faf,2017-10-31T14:49:52.000Z,0.000122,0x69e28e8ad75acdca3058b7e2d93dbb9d3237de79,sell,0x28c8d01ff633ea9cd8fc6a451d7457889e698de6,0x1b9cbf27c131642df01d88e6f20caf275196633836f7911c2c3d6d48a27a7f4c
220,2003,0.292438,0xb571b1347433f85392f65452d5586e4534ad8908,2017-10-31T14:38:51.000Z,0.000146,0x78a4cc57929c751652270ebad9970f5b84a2f884,buy,0x28c8d01ff633ea9cd8fc6a451d7457889e698de6,0x4258f496c611572987848be049db5099b27451ed4f3cc089c8617001b7867155
221,629,0.0927775,0xb571b1347433f85392f65452d5586e4534ad8908,2017-10-31T14:38:04.000Z,0.0001475,0x6e20fc98c86d303fa8d3dc182fa739cde1046faf,buy,0x28c8d01ff633ea9cd8fc6a451d7457889e698de6,0x43a38fb36a5c186060a8877098f53697410be850352d5647f3640b2cba31ab6e
222,14,0.001856,0x265ca90bd2ceb257be4370d0cbd6bf8e0a6688e1,2017-10-31T14:27:30.000Z,0.00013257142857142856,0xcf5fa18052eb3df849096fa5718f123ad31cbe9f,buy,0x28c8d01ff633ea9cd8fc6a451d7457889e698de6,0x0badca6e0579f0e31bbb4644c64caca43327d1e94d827c0994dc4f5728fa0873
223,189,0.023058378,0x265ca90bd2ceb257be4370d0cbd6bf8e0a6688e1,2017-10-31T14:27:30.000Z,0.000122002,0x8a424781254908e4bc40db921f969218eef3c81a,buy,0x28c8d01ff633ea9cd8fc6a451d7457889e698de6,0x840503be18d95cc29636ae6da5958c5599c955276e12bdf8fbd27dfae57811a6
224,28,0.003416056,0x9e593db389c9d8307b5c932dda21491e63f8f7d3,2017-10-31T14:20:01.000Z,0.000122002,0x567a965250a94a9cd93e76bd4e985fdda7e06efb,sell,0x28c8d01ff633ea9cd8fc6a451d7457889e698de6,0xbc4d36cf5fd97ab89a1343856ade8194acfc1b41aca1b974acaa0e89eb56763d
225,40,0.00488012,0x2258cd75d9b442336490a7dc031f0cbeff91c5f8,2017-10-31T14:13:03.000Z,0.000122003,0x567a965250a94a9cd93e76bd4e985fdda7e06efb,sell,0x28c8d01ff633ea9cd8fc6a451d7457889e698de6,0x49b214ae8629f4c5db3a20e84f76e5a3d554c807e46f407817e4b23033fc857e
226,860,0.104146,0x30a82c65898e522a5860162d87302133d16497a3,2017-10-31T14:11:36.000Z,0.0001211,0xcd03e8b9dcbfb3100de5b01d5bf6fd499a12bac4,sell,0x28c8d01ff633ea9cd8fc6a451d7457889e698de6,0x399a64fd4cfabdfef14482e9af42bbaf82f86441aaec1f7c2caa8b1afcf6f8a3
227,1230,0.15006246,0x65350c64f77b2ac03e34a499672c7789ecbeaa44,2017-10-31T13:59:23.000Z,0.000122002,0x8a424781254908e4bc40db921f969218eef3c81a,buy,0x28c8d01ff633ea9cd8fc6a451d7457889e698de6,0x7c9f736c71011510654a268e31466dacde5d95821c182e11336b6f63b8f567cc
228,1780,0.21723979538446975,0xe1ecc9fe982499f424664631c65cc6813f198b21,2017-10-31T13:58:50.000Z,0.00012204482886767962,0x8a424781254908e4bc40db921f969218eef3c81a,buy,0x28c8d01ff633ea9cd8fc6a451d7457889e698de6,0xb304a64db362b79dd74122751a831b78bcb9479ef2d2241cc5babb42358d5224
229,469,0.056399999999999985,0xb571b1347433f85392f65452d5586e4534ad8908,2017-10-31T13:57:30.000Z,0.00012025586353944559,0x8a424781254908e4bc40db921f969218eef3c81a,buy,0x28c8d01ff633ea9cd8fc6a451d7457889e698de6,0x29cb8d0287c5e4c243e3480e92bf4d7dee81cf64a9bed2b6a88d9da07d9b89eb
230,100,0.012,0xb571b1347433f85392f65452d5586e4534ad8908,2017-10-31T13:54:13.000Z,0.00012,0xd79cd948a969d1a4ff01c5d3205b460b1550ff29,buy,0x28c8d01ff633ea9cd8fc6a451d7457889e698de6,0x6c477f45aabd765879adfe95d87661800496f0ba1e6395d125e115fd5407117a
231,1000,0.12000000000000001,0xf44072eda87ede9613b6ae1b812de8a60ade27a2,2017-10-31T13:42:36.000Z,0.00012000000000000002,0x8a424781254908e4bc40db921f969218eef3c81a,buy,0x28c8d01ff633ea9cd8fc6a451d7457889e698de6,0x15df1bef526b5f0ae6654e0b05e1db1d7997037415c38e8eb530df1a48377fd8
232,1505,0.183614515,0xd52d7ec3a6f036c844320d665c42cf564d588949,2017-10-31T13:42:36.000Z,0.000122003,0x273a5d3e6721b9f5c1a6474f560c1334c63dda01,sell,0x28c8d01ff633ea9cd8fc6a451d7457889e698de6,0x04fc968319d3a7ae6c7da573d4843840737a3bacbcc80ad53b0dbb55c784ccbb
233,8992,1.097041984,0x9e593db389c9d8307b5c932dda21491e63f8f7d3,2017-10-31T13:42:36.000Z,0.000122002,0xf44072eda87ede9613b6ae1b812de8a60ade27a2,sell,0x28c8d01ff633ea9cd8fc6a451d7457889e698de6,0x7ad10e7d1946854961c38402e8c105c8f80e7e2e06d7d392b9661b1cb1ae394e
234,9020,1.0824,0xf44072eda87ede9613b6ae1b812de8a60ade27a2,2017-10-31T13:42:36.000Z,0.00012,0x8a424781254908e4bc40db921f969218eef3c81a,buy,0x28c8d01ff633ea9cd8fc6a451d7457889e698de6,0x7ad10e7d1946854961c38402e8c105c8f80e7e2e06d7d392b9661b1cb1ae394e
235,997,0.121634,0xd98a3954353055ab642c9159c7f3b25dac2dc29b,2017-10-31T13:42:36.000Z,0.000122,0xf44072eda87ede9613b6ae1b812de8a60ade27a2,sell,0x28c8d01ff633ea9cd8fc6a451d7457889e698de6,0x15df1bef526b5f0ae6654e0b05e1db1d7997037415c38e8eb530df1a48377fd8
236,1510,0.1812,0x273a5d3e6721b9f5c1a6474f560c1334c63dda01,2017-10-31T13:42:36.000Z,0.00012,0x8a424781254908e4bc40db921f969218eef3c81a,buy,0x28c8d01ff633ea9cd8fc6a451d7457889e698de6,0x04fc968319d3a7ae6c7da573d4843840737a3bacbcc80ad53b0dbb55c784ccbb
237,4,0.0005,0x34f9560c63078eb61872a4dc2ccd20e21c34feaf,2017-10-31T13:04:53.000Z,0.000125,0xcf5fa18052eb3df849096fa5718f123ad31cbe9f,buy,0x28c8d01ff633ea9cd8fc6a451d7457889e698de6,0x4fb734bd2c90009a172b0b1e0076df853424600d3d5962976bde70e2fa6164b8
238,1,0.000124,0x5c4fa72c0199ca949e1abb046710ea46902f2ee3,2017-10-31T13:03:07.000Z,0.000124,0xcf5fa18052eb3df849096fa5718f123ad31cbe9f,buy,0x28c8d01ff633ea9cd8fc6a451d7457889e698de6,0x38b6d0516e19b76f459be714d782c1176dde899d0fbebc4654c31f647b1e234e
239,10,0.00124,0x5c4fa72c0199ca949e1abb046710ea46902f2ee3,2017-10-31T13:02:29.000Z,0.000124,0xcf5fa18052eb3df849096fa5718f123ad31cbe9f,buy,0x28c8d01ff633ea9cd8fc6a451d7457889e698de6,0x62c32b746e4f10ae9bde516a37044cef8704f6003d987a9a86f4ab47a6b9224f
240,569,0.09104,0x8a424781254908e4bc40db921f969218eef3c81a,2017-10-31T12:41:44.000Z,0.00016,0x273a5d3e6721b9f5c1a6474f560c1334c63dda01,sell,0x28c8d01ff633ea9cd8fc6a451d7457889e698de6,0x78e06f9b788182b336f6e3fa10530a4076b199cb389821907e3d3355904eefdc
241,571,0.0842225,0x273a5d3e6721b9f5c1a6474f560c1334c63dda01,2017-10-31T12:41:44.000Z,0.0001475,0x6e20fc98c86d303fa8d3dc182fa739cde1046faf,buy,0x28c8d01ff633ea9cd8fc6a451d7457889e698de6,0x78e06f9b788182b336f6e3fa10530a4076b199cb389821907e3d3355904eefdc
242,996,0.121513992,0x9e593db389c9d8307b5c932dda21491e63f8f7d3,2017-10-31T12:40:07.000Z,0.000122002,0x47e68dfd8b04ac91cd09c9df6e4e38387464f68a,sell,0x28c8d01ff633ea9cd8fc6a451d7457889e698de6,0x41e40baad62fb4486e6333800ed8e6d6ed8abc1edeeaf862c0ddbb93a40ab90e
243,636,0.078864,0xa839c6c2143fac413b4aa0134b200b84dfa1bb08,2017-10-31T12:39:20.000Z,0.000124,0xcd03e8b9dcbfb3100de5b01d5bf6fd499a12bac4,sell,0x28c8d01ff633ea9cd8fc6a451d7457889e698de6,0x36cb3cc7de4131cae81778354ffdf820f87e5591fd25f5bc507dfb64e8c38955
244,98,0.012152,0xa839c6c2143fac413b4aa0134b200b84dfa1bb08,2017-10-31T12:33:12.000Z,0.000124,0x309bd98f55de942e10a1d9071709f26696b4a248,sell,0x28c8d01ff633ea9cd8fc6a451d7457889e698de6,0x092c3069b1af7094e87d5c644d921264992a8376d2de0000806face2d2538ce4
245,99,0.012276,0xa839c6c2143fac413b4aa0134b200b84dfa1bb08,2017-10-31T12:28:32.000Z,0.000124,0x775dba5b860b8ad8cdb23437fcc45cba2d5701d4,sell,0x28c8d01ff633ea9cd8fc6a451d7457889e698de6,0x2f80cbea37e3b5fbcc14d02624192a1b10481273e2f6bb7fce65563ba23c8084
246,99,0.012276,0xa839c6c2143fac413b4aa0134b200b84dfa1bb08,2017-10-31T12:28:32.000Z,0.000124,0xa6e0c6e7a00723f70329db64fb143a2da2db92cc,sell,0x28c8d01ff633ea9cd8fc6a451d7457889e698de6,0xcb485023edf94eb91a9dd52cf2e3f6ac218c9dba6fed6ccf8f579f71a9a6abe8
247,796,0.097113592,0x9e593db389c9d8307b5c932dda21491e63f8f7d3,2017-10-31T12:15:12.000Z,0.000122002,0x90aad56da23a48591d79a9873b3bd4d9e2dde91f,sell,0x28c8d01ff633ea9cd8fc6a451d7457889e698de6,0x77021ba70d23a57e6c326eaa769044b484f3197dd08a1ca7ca53f583a0b126ad
248,796,0.097113592,0x9e593db389c9d8307b5c932dda21491e63f8f7d3,2017-10-31T12:14:31.000Z,0.000122002,0x90aad56da23a48591d79a9873b3bd4d9e2dde91f,sell,0x28c8d01ff633ea9cd8fc6a451d7457889e698de6,0x77021ba70d23a57e6c326eaa769044b484f3197dd08a1ca7ca53f583a0b126ad
249,90,0.01116,0xa839c6c2143fac413b4aa0134b200b84dfa1bb08,2017-10-31T12:12:24.000Z,0.000124,0x2d336c23728ffbc3829c4977f5601df78c910417,sell,0x28c8d01ff633ea9cd8fc6a451d7457889e698de6,0x43992cb4194337fbf977cd421cfc6eafa498a3c3c3160e07b4864a6811f2e58f
250,375,0.0465,0xa839c6c2143fac413b4aa0134b200b84dfa1bb08,2017-10-31T12:07:01.000Z,0.000124,0x8b57cf4c3236e5f34fa7e63c6a5ba496d8865b54,sell,0x28c8d01ff633ea9cd8fc6a451d7457889e698de6,0xc3af8dff9fd11f9210202fcb65d245e0bcc13729fc09535fc7cb1d57f31148a4
251,106,0.013144,0xa839c6c2143fac413b4aa0134b200b84dfa1bb08,2017-10-31T11:57:58.000Z,0.000124,0xdbf291e4e90486552c952fe6c1b2179c5aae9127,sell,0x28c8d01ff633ea9cd8fc6a451d7457889e698de6,0x9d978ea622f6ee270799dd25241c15cdc885a4a275e9c21c2e1b1a221891e446
252,641,0.0795481,0x6e20fc98c86d303fa8d3dc182fa739cde1046faf,2017-10-31T11:56:34.000Z,0.0001241,0xdbf291e4e90486552c952fe6c1b2179c5aae9127,sell,0x28c8d01ff633ea9cd8fc6a451d7457889e698de6,0x1457be0f8ba322c9120f28fc409be5eb051ee57ae88bcf26ce0b984cc64e7e2f
253,350,0.0525,0x20dd3c09f02a3be2787390b5d2c5c9f6e62365dc,2017-10-31T11:55:45.000Z,0.00015,0xdbf291e4e90486552c952fe6c1b2179c5aae9127,sell,0x28c8d01ff633ea9cd8fc6a451d7457889e698de6,0x37ceda300a9be976b58a8bd38c7136d2c8ce173a63d7accd4176d1d0b16bb68f
254,99,0.0122859,0x6e20fc98c86d303fa8d3dc182fa739cde1046faf,2017-10-31T11:39:42.000Z,0.0001241,0x90aad56da23a48591d79a9873b3bd4d9e2dde91f,sell,0x28c8d01ff633ea9cd8fc6a451d7457889e698de6,0x6dc9453780d6be51b69a3fbfbee4a14c31dd9a2c4d69675c9c1b3984d227b125
255,99,0.0122859,0x6e20fc98c86d303fa8d3dc182fa739cde1046faf,2017-10-31T10:55:41.000Z,0.0001241,0xbcc78b4cbf66a1ce31fbe0e967e578ebcb09c04c,sell,0x28c8d01ff633ea9cd8fc6a451d7457889e698de6,0x1c952f15c408d76319ab2a332a0345431e3c4bd87a77bc0ae550813f34aadce3
256,363,0.04356,0x273a5d3e6721b9f5c1a6474f560c1334c63dda01,2017-10-31T10:28:36.000Z,0.00012,0x4eacda324b08ae8a94820fd3a6000f73691c3f25,buy,0x28c8d01ff633ea9cd8fc6a451d7457889e698de6,0x8a242594606b28b0f9886f27fe053e84eaa22642682fc4dbbee7529cd5aba107
257,361,0.0448001,0x6e20fc98c86d303fa8d3dc182fa739cde1046faf,2017-10-31T10:28:36.000Z,0.0001241,0x273a5d3e6721b9f5c1a6474f560c1334c63dda01,sell,0x28c8d01ff633ea9cd8fc6a451d7457889e698de6,0x8a242594606b28b0f9886f27fe053e84eaa22642682fc4dbbee7529cd5aba107
258,223,0.027652,0x4eacda324b08ae8a94820fd3a6000f73691c3f25,2017-10-31T10:15:16.000Z,0.000124,0x4eacda324b08ae8a94820fd3a6000f73691c3f25,sell,0x28c8d01ff633ea9cd8fc6a451d7457889e698de6,0xe39c5bbb33bcb79c3da9f4fb1478bde0e6a997e7eb2a3e4d3f610bd509121d18
259,223,0.027652,0x4eacda324b08ae8a94820fd3a6000f73691c3f25,2017-10-31T10:10:45.000Z,0.000124,0x4eacda324b08ae8a94820fd3a6000f73691c3f25,sell,0x28c8d01ff633ea9cd8fc6a451d7457889e698de6,0x4d898540222dc2b54699fc99fd4fc21d843b0a1bbb555d9fee53f7be3dd88672
260,250,0.01625,0x5e0221c72f941fbc27e8ba90609a7f1594ec068a,2017-10-31T10:07:52.000Z,0.000065,0x4eacda324b08ae8a94820fd3a6000f73691c3f25,sell,0x28c8d01ff633ea9cd8fc6a451d7457889e698de6,0xdc36dae97175842f0e35b80dd4ceba8d22195e81e8f033687d85f6908f21e2d5
261,100,0.011,0xd8be8871c52b91a1f4f8457baf0dc0946d931132,2017-10-31T10:06:12.000Z,0.00011,0x4eacda324b08ae8a94820fd3a6000f73691c3f25,sell,0x28c8d01ff633ea9cd8fc6a451d7457889e698de6,0x1755d21cbeb82eb3f9e729e961682cfc1fe98c2994b1cbeabe5f00bfb844598e
262,1004,0.123492,0x02f3f615dad26e296bec71632d7d3fdb702dae7c,2017-10-31T09:55:39.000Z,0.000123,0x4eacda324b08ae8a94820fd3a6000f73691c3f25,sell,0x28c8d01ff633ea9cd8fc6a451d7457889e698de6,0xa4a3387479b5d41003f1fd08ac55a9f569522c814a46fde8eb6a29382c8a47b5
263,98,0.012152,0xa839c6c2143fac413b4aa0134b200b84dfa1bb08,2017-10-31T09:05:21.000Z,0.000124,0xf44072eda87ede9613b6ae1b812de8a60ade27a2,sell,0x28c8d01ff633ea9cd8fc6a451d7457889e698de6,0xf3dfcd327d9a9b72ae5bb46e0cde3a39f3c54ef91e1cf751fb18087198830c1b
264,99,0.01089,0xf44072eda87ede9613b6ae1b812de8a60ade27a2,2017-10-31T09:05:21.000Z,0.00011,0x3f7c14e402fcc3864d6e1ae1c4747ff1805d0512,buy,0x28c8d01ff633ea9cd8fc6a451d7457889e698de6,0xf3dfcd327d9a9b72ae5bb46e0cde3a39f3c54ef91e1cf751fb18087198830c1b
265,99,0.012276,0xa839c6c2143fac413b4aa0134b200b84dfa1bb08,2017-10-31T08:45:01.000Z,0.000124,0xba9073e6c8829f3d2249fcfd332eef89332a6837,sell,0x28c8d01ff633ea9cd8fc6a451d7457889e698de6,0x1c02e411cbc2dceb8cffbc32d3131c06c368a11b91156deb089682cd566da00a
266,99,0.012276,0xa839c6c2143fac413b4aa0134b200b84dfa1bb08,2017-10-31T08:30:42.000Z,0.000124,0xb679f745ce13422bfdab708175e4bb582026c604,sell,0x28c8d01ff633ea9cd8fc6a451d7457889e698de6,0xa4c4d7f274ccb34bde8ee4e9bf4ae8e38273290070c3c5a422cfdda87a27f56d
267,101,0.012524,0xa839c6c2143fac413b4aa0134b200b84dfa1bb08,2017-10-31T08:27:46.000Z,0.000124,0xf354006c55dfd414dc95ed616f0c41c544052c91,sell,0x28c8d01ff633ea9cd8fc6a451d7457889e698de6,0x31b814a3faa1d5ba224e26c7d38bf06399ce077e930ae430fe36abfc59d2889e
268,99,0.012276,0xa839c6c2143fac413b4aa0134b200b84dfa1bb08,2017-10-31T08:23:18.000Z,0.000124,0xcda68c18d3de67d0875ac5f1b0ecda8013eab402,sell,0x28c8d01ff633ea9cd8fc6a451d7457889e698de6,0x60842f09facb219ff9ccb8865ed9226cb1ab610a5091b48c2a2c1ce333b27a9f
269,99,0.012276,0xa839c6c2143fac413b4aa0134b200b84dfa1bb08,2017-10-31T08:17:15.000Z,0.000124,0x504d3fd6bf4f65b75aef71a63c85c3b0c70e4539,sell,0x28c8d01ff633ea9cd8fc6a451d7457889e698de6,0x646b0087c9c3d21df64f85b698f237dbf93494f3fb597884803aa0880ee57b27
270,99,0.012177198,0x65350c64f77b2ac03e34a499672c7789ecbeaa44,2017-10-31T07:57:26.000Z,0.000123002,0xd7dd052ff73d9177f884592814f844a7788787d1,sell,0x28c8d01ff633ea9cd8fc6a451d7457889e698de6,0x7f2a7861dab9ea841acd1517b5de5f87050166a18ef8302227b4dcbe1ddec0bb
271,99,0.012177198,0x65350c64f77b2ac03e34a499672c7789ecbeaa44,2017-10-31T07:51:16.000Z,0.000123002,0x21e70fee23868b5c84e3cfa093990ccc1eb5d02f,sell,0x28c8d01ff633ea9cd8fc6a451d7457889e698de6,0x127551d0b0deef89faeb9b94b848990e7f80af6f84d46927ab2ca3a0b36195de
272,747,0.091882494,0x65350c64f77b2ac03e34a499672c7789ecbeaa44,2017-10-31T07:39:29.000Z,0.000123002,0xe33c1ef7bddedf0d2b4dad461360ec96beaa4e4c,sell,0x28c8d01ff633ea9cd8fc6a451d7457889e698de6,0xd008ba4aca9482bd7dcf0f8fbad23aa2c56d431b6d0b6d929e52c996ad321e92
273,636,0.078229272,0x65350c64f77b2ac03e34a499672c7789ecbeaa44,2017-10-31T07:35:34.000Z,0.000123002,0x1749bb6e4080ebd7317ce5d8f9fb63fbfe58d27c,sell,0x28c8d01ff633ea9cd8fc6a451d7457889e698de6,0x2d974e71abffd5e559750534bd0a01fa3937910dfd4e071db7026859c74a718b
274,996,0.122508,0x02f3f615dad26e296bec71632d7d3fdb702dae7c,2017-10-31T07:05:20.000Z,0.000123,0xffd84530db27cc11d3ebf2b4854e3b2b53609a7e,sell,0x28c8d01ff633ea9cd8fc6a451d7457889e698de6,0x3ec50f8d7276943e439cf05b1ae5e31f5e8fa4a1b613ffc656e1aabf3c621490
275,299,0.036478598,0x9e593db389c9d8307b5c932dda21491e63f8f7d3,2017-10-31T06:50:48.000Z,0.000122002,0xe4baa1588397d9f8b409955497c647b2ede9defb,sell,0x28c8d01ff633ea9cd8fc6a451d7457889e698de6,0x69f0480862152a818e20bd117b1d82504e3aab6b4b2940dc83925dd554054941
276,996,0.1206156,0x30a82c65898e522a5860162d87302133d16497a3,2017-10-31T04:43:50.000Z,0.0001211,0x06c6fea19f72ffeccb0326805b723ae3cae131ca,sell,0x28c8d01ff633ea9cd8fc6a451d7457889e698de6,0xdfab0fe4215ed8137c9089e5d4392e492c28868670e801ae2156a535133b0707
277,593,0.0718123,0x30a82c65898e522a5860162d87302133d16497a3,2017-10-31T04:23:59.000Z,0.0001211,0x7b1f1661e9788eabf2ca8f0694507988dcba3638,sell,0x28c8d01ff633ea9cd8fc6a451d7457889e698de6,0x681d5a05f0bea0e96d4faf37e716d06cbd56bfd9e28a74d23e6d383e9c5d86e7
278,12,0.0018,0x0b14bbcde1c2c092fcff88cfcc0909c7a19f3375,2017-10-31T04:20:30.000Z,0.00015,0xd3a07067a6a428555239ab562614e8776cba689a,sell,0x28c8d01ff633ea9cd8fc6a451d7457889e698de6,0x64a808d8809cc02f4b38a9ed5e31247c8e9f63de1afc43a3dc09ddec7d566966
279,174,0.0261,0xb734e80437b211b7d950aa56e2aba48eb37b7e5d,2017-10-31T04:16:39.000Z,0.00015,0x7b1f1661e9788eabf2ca8f0694507988dcba3638,sell,0x28c8d01ff633ea9cd8fc6a451d7457889e698de6,0x2a3e04a490987cbd73f5d25cf4da42c8b9a577f85622f46640081a1554602f4a
280,100,0.015,0xd8be8871c52b91a1f4f8457baf0dc0946d931132,2017-10-31T04:12:40.000Z,0.00015,0x7b1f1661e9788eabf2ca8f0694507988dcba3638,sell,0x28c8d01ff633ea9cd8fc6a451d7457889e698de6,0xcef8a27e434715dd767d2e1d4cb0fa743315bc22798cf4ac430e30477b887c46
281,264,0.039626664,0x7a3389cdf92c9d419c11183f02c7f118012d8f71,2017-10-31T04:11:08.000Z,0.000150101,0x7b1f1661e9788eabf2ca8f0694507988dcba3638,sell,0x28c8d01ff633ea9cd8fc6a451d7457889e698de6,0x3586b8083abc2098eb7574302f2c3778efc1fddc71b3d5e0a286ef1b139943d5
282,1430,0.2002,0xdcc3235ca1dd6b2e90a408850a01f4ea4426d3db,2017-10-31T04:10:29.000Z,0.00014,0x7b1f1661e9788eabf2ca8f0694507988dcba3638,sell,0x28c8d01ff633ea9cd8fc6a451d7457889e698de6,0xae387fd19c7cd8e7e631fc5c9531df42c53dac2ac93fb410306a57c000e81ac5
283,150,0.02175,0xd8be8871c52b91a1f4f8457baf0dc0946d931132,2017-10-31T04:10:14.000Z,0.000145,0x7b1f1661e9788eabf2ca8f0694507988dcba3638,sell,0x28c8d01ff633ea9cd8fc6a451d7457889e698de6,0x505ae9e175f3611c0ab7c821b1c7d6f194800646d15d6e12ee9cef17ec260977
284,300,0.045,0x7a3389cdf92c9d419c11183f02c7f118012d8f71,2017-10-31T04:09:37.000Z,0.00015,0x7b1f1661e9788eabf2ca8f0694507988dcba3638,sell,0x28c8d01ff633ea9cd8fc6a451d7457889e698de6,0x9f9b5c19ac4985944c21c5469c259e021c66181bd56690308c703553e458fe21
285,500,0.0749995,0xa7a1043617ea81f06ff7cb55bbb70f9afe459c9a,2017-10-31T04:07:01.000Z,0.000149999,0x7b1f1661e9788eabf2ca8f0694507988dcba3638,sell,0x28c8d01ff633ea9cd8fc6a451d7457889e698de6,0xc9a2c264a09c1f486e9222692bdb3904b2e35cd2fdef676248895e04e4ec05b2
286,500,0.075,0xa7a1043617ea81f06ff7cb55bbb70f9afe459c9a,2017-10-31T04:05:22.000Z,0.00015,0x7b1f1661e9788eabf2ca8f0694507988dcba3638,sell,0x28c8d01ff633ea9cd8fc6a451d7457889e698de6,0xd4803ad9e46ff96522a58c2ab843f4f4da6489ee8bc9ae5ec7c0b0dfa50b8001
287,900,0.1350009,0x341b4cc7a3a23660f4de71c0b741eb5cde078b8a,2017-10-31T04:02:38.000Z,0.000150001,0x7b1f1661e9788eabf2ca8f0694507988dcba3638,sell,0x28c8d01ff633ea9cd8fc6a451d7457889e698de6,0xb5c0c95e505ebdefa71e87806b904524b5ce54e70d74fc85cc986b5ea9723d81
288,9620,1.443,0x65fe72d9b685989416519ac11b43df44e07dc7c7,2017-10-31T04:01:32.000Z,0.00015,0x7b1f1661e9788eabf2ca8f0694507988dcba3638,sell,0x28c8d01ff633ea9cd8fc6a451d7457889e698de6,0xafc3f88c2e3fd55c406f80639cda0caacff0ab3cdd1f601280d2e30337df821c
289,380,0.057,0x65fe72d9b685989416519ac11b43df44e07dc7c7,2017-10-31T03:09:48.000Z,0.00015,0xa8f205a71f8bb911910da87242771e8aee0cce03,sell,0x28c8d01ff633ea9cd8fc6a451d7457889e698de6,0xa673cade3c5a089138048bcb57c979af2731427fe50291df8b1d205c406dcdf2
290,201,0.031155,0xb320ffa395e8429be67732b4ff0c80bc86e9e70d,2017-10-31T03:09:06.000Z,0.000155,0xa8f205a71f8bb911910da87242771e8aee0cce03,sell,0x28c8d01ff633ea9cd8fc6a451d7457889e698de6,0x67566d1bb226a167a86cb9bf95d08da1a5d86ebe51f96594186e4b025a4c52a9
291,99,0.015345,0xb320ffa395e8429be67732b4ff0c80bc86e9e70d,2017-10-31T03:08:12.000Z,0.000155,0x18d75ed5cdd83c97a5d7d318435c2ad017d0c42e,sell,0x28c8d01ff633ea9cd8fc6a451d7457889e698de6,0x07d2654dbeed2be466747b165198bb895844e50f4a2eacb51f991c0535939a9f
292,671,0.10282404,0x5a255d181cd731c8d9dad6792a0e6fc4bd655486,2017-10-31T03:08:12.000Z,0.00015324,0xa8f205a71f8bb911910da87242771e8aee0cce03,sell,0x28c8d01ff633ea9cd8fc6a451d7457889e698de6,0x37773d8da18a4b0f1bcb6a0100fe4bacd6c731b28dde532c8a89122027bc35a5
293,300,0.0462,0x75583fe64ef795c7e5c172e5118680a0c6e48f85,2017-10-31T03:07:52.000Z,0.000154,0xa8f205a71f8bb911910da87242771e8aee0cce03,sell,0x28c8d01ff633ea9cd8fc6a451d7457889e698de6,0xc404206b7431abee5a81aa380f7f227d37f65185f2352c1b6f3f95820df98ec4
294,413,0.0638085,0x9d1a9d53bbccf2b2c1a4d3612dbe8b8b9bb4a558,2017-10-31T03:07:52.000Z,0.0001545,0xa8f205a71f8bb911910da87242771e8aee0cce03,sell,0x28c8d01ff633ea9cd8fc6a451d7457889e698de6,0x98eb20f458d2bc4163f61318b9a0b9c2a961eb34f419e70325ae81e6f10381f6
295,2250,0.351,0xde5c4880dec0c2bbda5322faed8d31f355f64b52,2017-10-31T02:45:14.000Z,0.000156,0x65350c64f77b2ac03e34a499672c7789ecbeaa44,sell,0x28c8d01ff633ea9cd8fc6a451d7457889e698de6,0xe432aad24798003f1d158928122cc8b61a360b21fca29eef14f83be115b135e3
296,100,0.018,0xde5c4880dec0c2bbda5322faed8d31f355f64b52,2017-10-31T02:19:23.000Z,0.00018,0x75b17cc9da3d4e540f866974c1b52ebbc51a5c14,buy,0x28c8d01ff633ea9cd8fc6a451d7457889e698de6,0xa51e973859e0fcf36c7af5522eaded8a9aca0d6e4f4da5ee2c60526015ab5345
297,587,0.0906915,0x9d1a9d53bbccf2b2c1a4d3612dbe8b8b9bb4a558,2017-10-31T02:19:23.000Z,0.0001545,0xa8f205a71f8bb911910da87242771e8aee0cce03,sell,0x28c8d01ff633ea9cd8fc6a451d7457889e698de6,0xc23bd93a306b8e3502a3885f95fa254e8ce5182b5f218ce15b36dbf09f304fd0
298,2003,0.305661806,0xd52d7ec3a6f036c844320d665c42cf564d588949,2017-10-31T01:38:39.000Z,0.000152602,0x49274000143e5af52c4b3509d0309ed5055feddb,sell,0x28c8d01ff633ea9cd8fc6a451d7457889e698de6,0xa592516955506076b1060079154cd483bf77455cfa71457e0425dbc7c3ed245c
299,1483,0.22725492,0x5a255d181cd731c8d9dad6792a0e6fc4bd655486,2017-10-31T01:26:51.000Z,0.00015324,0xa8f205a71f8bb911910da87242771e8aee0cce03,sell,0x28c8d01ff633ea9cd8fc6a451d7457889e698de6,0x45939ce203d2f076efccc931d45313e0956848d2860f746e3751d2738ad08625
300,20000,3.1,0x09e396aca9535fffc68c72f880ab36e252b73a43,2017-10-31T01:23:34.000Z,0.000155,0xa8f205a71f8bb911910da87242771e8aee0cce03,sell,0x28c8d01ff633ea9cd8fc6a451d7457889e698de6,0x1a4d2e11a91bfaca64ff982377aa68c6d841d4bc43503f9c77f68cca766cde65
301,129,0.02064,0x8a424781254908e4bc40db921f969218eef3c81a,2017-10-31T01:23:34.000Z,0.00016,0xa8f205a71f8bb911910da87242771e8aee0cce03,sell,0x28c8d01ff633ea9cd8fc6a451d7457889e698de6,0x6184bb6555f6f26acc21ce20e63acac2031c02e255467fad9f605f1881c6ac9b
302,17658,2.754648,0x70817f848cc79acb114f606685e8751943fb02c2,2017-10-31T01:23:08.000Z,0.000156,0xa8f205a71f8bb911910da87242771e8aee0cce03,sell,0x28c8d01ff633ea9cd8fc6a451d7457889e698de6,0x1fd802a59786266cdd5cfc3fea415dbed0dd88036aa6e1e020d5ba107346d656
303,2342,0.365352,0x70817f848cc79acb114f606685e8751943fb02c2,2017-10-31T01:09:42.000Z,0.000156,0xdfed8133a78676551b3049d86c5e8c99c62fbc73,sell,0x28c8d01ff633ea9cd8fc6a451d7457889e698de6,0x642a05b913ebe4d59ccbe2dfcfd7e6e3697864e6b3b7136f512a27ec43602be5
304,203,0.03451,0xa7a1043617ea81f06ff7cb55bbb70f9afe459c9a,2017-10-31T01:08:02.000Z,0.00017,0x11a985d42d6fa4cac941943a63f362c3497fa0fe,sell,0x28c8d01ff633ea9cd8fc6a451d7457889e698de6,0x0aad04737588ba00897330040c5553f67753fac664b3f4b4fb80e884d7d93cd8
305,200,0.0368,0xf0507aef91ec23f4425d125eb5f81d7941f4d542,2017-10-30T23:58:37.000Z,0.000184,0x047c269c2159392823613a3e58ba84284ab1ea4d,buy,0x28c8d01ff633ea9cd8fc6a451d7457889e698de6,0x90ce117699874ce8f2b42b6cede3c3f6f8580efd4042f9ce6afc234a1e40a29c
306,996,0.16434,0x341b4cc7a3a23660f4de71c0b741eb5cde078b8a,2017-10-30T23:34:10.000Z,0.000165,0x37dc1a0b7b743abdc6922d3117cc6732dd8a5c96,sell,0x28c8d01ff633ea9cd8fc6a451d7457889e698de6,0x7bf28e12c58ce53f64d0275a86f3fe61b87f46b44ce08735197f32e378837057
307,10000,1.56,0x70817f848cc79acb114f606685e8751943fb02c2,2017-10-30T23:32:40.000Z,0.000156,0xb99f72a8b0d3a5025ab8b2ca534973497af42899,sell,0x28c8d01ff633ea9cd8fc6a451d7457889e698de6,0x472112d1523c99e10e63ba811a10eb78db54b3ad254380eef4dc2ac006c86ef5
308,99,0.01683,0xa7a1043617ea81f06ff7cb55bbb70f9afe459c9a,2017-10-30T23:18:46.000Z,0.00017,0x1a44ab4a8c070e29e294fb466f4066b35702db6b,sell,0x28c8d01ff633ea9cd8fc6a451d7457889e698de6,0x672b6ee0d21adca551f30caa799fefd0810cb58e2129cfa3b31c5bc3640c464d
309,99,0.01683,0xa7a1043617ea81f06ff7cb55bbb70f9afe459c9a,2017-10-30T23:17:36.000Z,0.00017,0x6b7ef7da2666d3ec447069e882a4e992249f4dce,sell,0x28c8d01ff633ea9cd8fc6a451d7457889e698de6,0x36604a175a3dce39f70a3e4e2306b901002bd14214d84f95a798e832021fe9c1
310,10000,1.56,0x70817f848cc79acb114f606685e8751943fb02c2,2017-10-30T23:12:27.000Z,0.000156,0xb99f72a8b0d3a5025ab8b2ca534973497af42899,sell,0x28c8d01ff633ea9cd8fc6a451d7457889e698de6,0x3821afd5304d12d698df855a7213330de6770a72c7459a5e66ea0f5adfb59fa0
311,10000,1.56,0x70817f848cc79acb114f606685e8751943fb02c2,2017-10-30T23:04:30.000Z,0.000156,0xb99f72a8b0d3a5025ab8b2ca534973497af42899,sell,0x28c8d01ff633ea9cd8fc6a451d7457889e698de6,0x76eca36f0134a3c7a16ca96e8d337efe8396a62c4290aa86fbb9e9371385d17f
312,10000,1.56,0x70817f848cc79acb114f606685e8751943fb02c2,2017-10-30T23:04:25.000Z,0.000156,0xb99f72a8b0d3a5025ab8b2ca534973497af42899,sell,0x28c8d01ff633ea9cd8fc6a451d7457889e698de6,0x76eca36f0134a3c7a16ca96e8d337efe8396a62c4290aa86fbb9e9371385d17f
313,275,0.0495,0x5c90e44313ca941804dafe07737b7e221941d562,2017-10-30T22:29:34.000Z,0.00018,0xf94abf832057eca9973ded003e1a818875f842a4,buy,0x28c8d01ff633ea9cd8fc6a451d7457889e698de6,0xd16d228f02756e2a56341a9100b3d149098e8bce6c0253f4c7198a9e0626c925
314,99,0.01683,0xa7a1043617ea81f06ff7cb55bbb70f9afe459c9a,2017-10-30T22:04:49.000Z,0.00017,0x2ce3478821f07e50dd2e77df12a448f6e2f05801,sell,0x28c8d01ff633ea9cd8fc6a451d7457889e698de6,0x6e41ac56346235ce19a2d0d3a71097272d39694f37686defd5a1a94ab6fec7c0
315,400,0.072,0xa5e8ec84aca34e8ef6ae78f0735df247a941bcd1,2017-10-30T22:03:06.000Z,0.00018,0xf94abf832057eca9973ded003e1a818875f842a4,buy,0x28c8d01ff633ea9cd8fc6a451d7457889e698de6,0xf59e97aa371be629a3dbf82bcaa4004fcccd699a34fdd89f332c6c36368df6f1
316,498,0.085158,0xa5e8ec84aca34e8ef6ae78f0735df247a941bcd1,2017-10-30T21:49:39.000Z,0.000171,0x9c1b289210263135a61022624bd0d525d5befa12,sell,0x28c8d01ff633ea9cd8fc6a451d7457889e698de6,0x3718ebebe4df63a630aec1e8e97cba867d33a81cdb94e25a09c786247f3d4be1
317,50,0.00855,0xa5e8ec84aca34e8ef6ae78f0735df247a941bcd1,2017-10-30T21:19:17.000Z,0.000171,0x20c721b0262bd9341c0a7ec685768cb3d33eadfb,sell,0x28c8d01ff633ea9cd8fc6a451d7457889e698de6,0x82e90a16015562b0487be16412fc7f46f9c5dfe7afcd75f650669cb4e2d43834
318,52,0.00884052,0x20c721b0262bd9341c0a7ec685768cb3d33eadfb,2017-10-30T21:19:17.000Z,0.00017001,0x8e4d5297c2bdfda52dd7d9f3cb636c883cdd85fa,buy,0x28c8d01ff633ea9cd8fc6a451d7457889e698de6,0x84472384847a2320caf53409353e3c40350f8fc8ec44a9701a54c611d0608727
319,200,0.034002,0xa5e8ec84aca34e8ef6ae78f0735df247a941bcd1,2017-10-30T21:19:09.000Z,0.00017001,0x926117d329e986e1ea4480151547e14bd7399479,buy,0x28c8d01ff633ea9cd8fc6a451d7457889e698de6,0x3796922de8ffc990c28e224a8f218df2fcf741a7aa2a15651045e98cf566251d
320,99,0.01683198,0xa5e8ec84aca34e8ef6ae78f0735df247a941bcd1,2017-10-30T21:15:26.000Z,0.00017002,0x6900bdd0145f870c7f730eeb04310c3452d8554d,sell,0x28c8d01ff633ea9cd8fc6a451d7457889e698de6,0x922f81c2af8b5d73a1f6fa4a6cb9aaac5cc06e563d1c42b6ac3ae72a3746d169
321,50,0.0078015,0xa5e8ec84aca34e8ef6ae78f0735df247a941bcd1,2017-10-30T21:03:44.000Z,0.00015603,0xa8425a9e014a04db4334768f5341830e31f00d12,buy,0x28c8d01ff633ea9cd8fc6a451d7457889e698de6,0xd3b54b6b42c80573cf6e06402afd00384d6ac627d4bc619a97b470961636089c
322,21,0.003578684902442727,0x8b728e8d8d704c7811865091c55a1b3dc34f7f1b,2017-10-30T20:33:50.000Z,0.000170413566782987,0x8e4d5297c2bdfda52dd7d9f3cb636c883cdd85fa,buy,0x28c8d01ff633ea9cd8fc6a451d7457889e698de6,0xe3f0416d940765c903e2d6cd8dc177941a9124cd7a3d9594e770ffdb39ae3c0a
323,99,0.015107796,0x715cde20fbf6e150cff8d3c6d67db661dbbdc775,2017-10-30T20:30:34.000Z,0.000152604,0x0003438ef581bf1e576e218c413b77a95f8c7e0b,sell,0x28c8d01ff633ea9cd8fc6a451d7457889e698de6,0xe72428ce0a01cece9092dc554c9ac4bc2ae2c85535af37d331eb0c6ff7aa9314
324,100,0.017001,0x65631244cd98374f082f3e1b4a9dc05046214b22,2017-10-30T20:24:42.000Z,0.00017001,0x8e4d5297c2bdfda52dd7d9f3cb636c883cdd85fa,buy,0x28c8d01ff633ea9cd8fc6a451d7457889e698de6,0xd864b48d62b23f755eddec7a58476c400838de6b36725fcdb148855d04a7e4c9
325,243,0.04132556297524536,0x8f173c2b73df9f91f484a39af4553e2b4d0b89a6,2017-10-30T20:20:07.000Z,0.00017006404516561874,0x95c4506c39174369b4f0def9baa6502fe9a3ccc5,buy,0x28c8d01ff633ea9cd8fc6a451d7457889e698de6,0x2aec1016ff85ea8bc48d3a991bf0994ab1c7b857d664463548813ad3340ba1b9
326,392,0.06679443702475464,0x65631244cd98374f082f3e1b4a9dc05046214b22,2017-10-30T20:08:29.000Z,0.0001703939720019251,0x95c4506c39174369b4f0def9baa6502fe9a3ccc5,buy,0x28c8d01ff633ea9cd8fc6a451d7457889e698de6,0x10383399dd0ea5236f8d59cb5d3f678643a774ac11fa43769857983cb689809d
327,200,0.03054,0x53fcd451b4c639fe7286de19a88e6a2e0dc6f4ad,2017-10-30T20:06:41.000Z,0.0001527,0xa3d1ed43ba62d61a8687130770dda943dc7b59bd,sell,0x28c8d01ff633ea9cd8fc6a451d7457889e698de6,0xa176f639a6b75e03863f16fdbf6de89c96ebc296a1faad0a2817772f62544ac2
328,1500,0.255,0x8b728e8d8d704c7811865091c55a1b3dc34f7f1b,2017-10-30T20:04:35.000Z,0.00017,0x95c4506c39174369b4f0def9baa6502fe9a3ccc5,buy,0x28c8d01ff633ea9cd8fc6a451d7457889e698de6,0xa22dae1f54df860a2b86d0f00cc8eef6e14d8dcb4aecf868e7ee7e7867a63786
329,99,0.0151173,0x53fcd451b4c639fe7286de19a88e6a2e0dc6f4ad,2017-10-30T20:04:35.000Z,0.0001527,0xd8a78526b2622d92b0acb640fee52dd58c94f86d,sell,0x28c8d01ff633ea9cd8fc6a451d7457889e698de6,0x1a7a937b66a7ca0bcf302eb3f38d10b197097f56cd746f0f0b52d5af01b4abc4
330,59,0.0090093,0x53fcd451b4c639fe7286de19a88e6a2e0dc6f4ad,2017-10-30T19:48:48.000Z,0.0001527,0x6061ec9dc92e50e73e9034d42e84b4d8b788f643,sell,0x28c8d01ff633ea9cd8fc6a451d7457889e698de6,0x095b57d4725e5438aa7a5db26c0be1a71beaab7ba27a370ce1656319146aae68
331,3,0.0004581,0x53fcd451b4c639fe7286de19a88e6a2e0dc6f4ad,2017-10-30T19:46:46.000Z,0.0001527,0x23964c80a9e3bb21cdd3ca01e26766bb62c9addc,sell,0x28c8d01ff633ea9cd8fc6a451d7457889e698de6,0xe719def30f142baf40a0e88e69916f286a795b253a00afcb5d42304bc2e5994c
332,99,0.0151173,0x53fcd451b4c639fe7286de19a88e6a2e0dc6f4ad,2017-10-30T19:44:48.000Z,0.0001527,0xd7a4fc2eda6a6db74cdca7278329986de8bae727,sell,0x28c8d01ff633ea9cd8fc6a451d7457889e698de6,0x0a43f6761cc6aec0d27ad8390d5f6b98924d4b79b17d874fa24f3e58a32c5f39
333,30933,4.6430433,0x2ce17f8d98cc5f7870d231c25ab87727c52fe64f,2017-10-30T19:43:03.000Z,0.0001501,0x23964c80a9e3bb21cdd3ca01e26766bb62c9addc,sell,0x28c8d01ff633ea9cd8fc6a451d7457889e698de6,0xd621a0efcfe5ae77b0de3228df1995bf3ac6f85fb5372309dba960fb1aa9eee6
334,100,0.016,0xc847559681f261b9c1481df5ff4f4ae014317da0,2017-10-30T19:19:05.000Z,0.00016,0x08f5360f7c0ac45a354b8442972a25ee605c44ea,buy,0x28c8d01ff633ea9cd8fc6a451d7457889e698de6,0x45450203c666815a1470e4b6cd4c154f50714aa445f2c798d77cac9580d6d452
335,12,0.002065758904300267,0xc847559681f261b9c1481df5ff4f4ae014317da0,2017-10-30T19:19:05.000Z,0.00017214657535835558,0x54d5ce24863dcbc8df067801f7a6796145a5f1d0,buy,0x28c8d01ff633ea9cd8fc6a451d7457889e698de6,0x43a66f8ec42f63b70f972c985a937182c4658c9f44b9437567bfd5a3b4c19212
336,99,0.0099,0xd8be8871c52b91a1f4f8457baf0dc0946d931132,2017-10-30T19:06:01.000Z,0.0001,0x1589acab58ade005a61ff098782c56d8efc9af44,sell,0x28c8d01ff633ea9cd8fc6a451d7457889e698de6,0xb49e36ae19f41b881d8962ef3daf37554cdb92ba85b6f57ca7a54538fb7eb87b
337,10,0.00156,0xf4bc657ce588a33fd55b9e466c0aba207f34adf6,2017-10-30T19:01:13.000Z,0.000156,0xa8425a9e014a04db4334768f5341830e31f00d12,sell,0x28c8d01ff633ea9cd8fc6a451d7457889e698de6,0xb5701d7cf6c02f8096e93580d9f0e5575bd06beee941cb7c80a7c7f14650956a
338,1650,0.251795775,0x78a4cc57929c751652270ebad9970f5b84a2f884,2017-10-30T18:17:55.000Z,0.0001526035,0xc5ef76d5a87af747b5f1a167706439a3a6981b3a,sell,0x28c8d01ff633ea9cd8fc6a451d7457889e698de6,0xd1cb50dadcfbfb20c39ffd4164f54ef0b7fbef01407f5b052ca9c52e1c35634a
339,299,0.0456284465,0x78a4cc57929c751652270ebad9970f5b84a2f884,2017-10-30T18:17:39.000Z,0.0001526035,0x323eb7a45c07fb4a5019c53b7d655a5af893e673,sell,0x28c8d01ff633ea9cd8fc6a451d7457889e698de6,0x4e9b6228a32b8fdbd7f1c9d667671ed67b2d37cca5b9c130506b639f83108b90
340,1345,0.20524969,0xd52d7ec3a6f036c844320d665c42cf564d588949,2017-10-30T17:57:50.000Z,0.000152602,0x272da413b84dcb2d5ad945a3d46806e22c75e04e,sell,0x28c8d01ff633ea9cd8fc6a451d7457889e698de6,0x6ab232e3a1d800d2f32968aa140a86da25438de53e2654abef683b7b681b3841
341,49,0.007644,0xf4bc657ce588a33fd55b9e466c0aba207f34adf6,2017-10-30T17:57:24.000Z,0.000156,0x71b31287d6e92235e40d2348b47000a3ad83676a,sell,0x28c8d01ff633ea9cd8fc6a451d7457889e698de6,0x56aed8fbfa249008dec1f1f6e6364a726170aeeaf797ae0067991dbfadf02ccb
342,1363,0.211266363,0x132d1c6564ec904fc549620b3d6c56036bebc911,2017-10-30T17:52:36.000Z,0.000155001,0xb99f72a8b0d3a5025ab8b2ca534973497af42899,sell,0x28c8d01ff633ea9cd8fc6a451d7457889e698de6,0x9c39c6ef27f5a0f91462f91d4a843cd7d46ec6e9cbcd14e7154d72ca4a0f09eb
343,3150,0.48825,0x6009502524cc23d9861056a1d2b2f89603b14bbc,2017-10-30T17:52:22.000Z,0.000155,0xb99f72a8b0d3a5025ab8b2ca534973497af42899,sell,0x28c8d01ff633ea9cd8fc6a451d7457889e698de6,0x8670c695209b96415242226a1ca4f7722d8569665ce5b11cb48cad072d30a678
344,14821,2.261714242,0xd52d7ec3a6f036c844320d665c42cf564d588949,2017-10-30T17:52:20.000Z,0.000152602,0xb99f72a8b0d3a5025ab8b2ca534973497af42899,sell,0x28c8d01ff633ea9cd8fc6a451d7457889e698de6,0x6e41f3f2740ab5775bb8a8d888252e639eee3eb18491755776cfcd5973212ab7
345,1317,0.204136317,0x132d1c6564ec904fc549620b3d6c56036bebc911,2017-10-30T17:46:24.000Z,0.000155001,0x74e11bbe2fa8b1686c859ff23a869e392404e3c9,sell,0x28c8d01ff633ea9cd8fc6a451d7457889e698de6,0xa9e3ccc0385e9c859d2d83e4dd44b211c551361ed05f658bc6a09631b39cd119
346,10000,1.6,0x2bdc160ca80bc28f37d81b6d16e88201b74aa7b9,2017-10-30T17:45:09.000Z,0.00016,0x74e11bbe2fa8b1686c859ff23a869e392404e3c9,sell,0x28c8d01ff633ea9cd8fc6a451d7457889e698de6,0x2bef7f568d068ec2413cf44128e262484828c624f3341ec646e50f41ff98ec72
347,1107,0.15498,0x273a5d3e6721b9f5c1a6474f560c1334c63dda01,2017-10-30T17:15:03.000Z,0.00014,0xe910eb0ca269e91ad38ca6db30905b87192cb398,buy,0x28c8d01ff633ea9cd8fc6a451d7457889e698de6,0xa954537e59f051fe58e91424611a5893c7dad31fa99969b1ea1abc8f8a6145ea
348,1103,0.170965,0x6009502524cc23d9861056a1d2b2f89603b14bbc,2017-10-30T17:15:03.000Z,0.000155,0x273a5d3e6721b9f5c1a6474f560c1334c63dda01,sell,0x28c8d01ff633ea9cd8fc6a451d7457889e698de6,0xa954537e59f051fe58e91424611a5893c7dad31fa99969b1ea1abc8f8a6145ea
349,149,0.023095,0x6009502524cc23d9861056a1d2b2f89603b14bbc,2017-10-30T17:15:03.000Z,0.000155,0x808794aa3a7b2ccbef5899c08f686635a5d8a4e9,sell,0x28c8d01ff633ea9cd8fc6a451d7457889e698de6,0x5ebb0de7612d992dca032c45bf0ea5feaf8a204fb595d1787b64f17fdd559f13
350,598,0.09269,0x6009502524cc23d9861056a1d2b2f89603b14bbc,2017-10-30T17:02:54.000Z,0.000155,0x1de0ff221a62c5a292f2818f27671c10c5fe9b68,sell,0x28c8d01ff633ea9cd8fc6a451d7457889e698de6,0xb6d65e439c60a16467c4b1585b4d802780763fe89f60ab4edebaa07e2f323507
351,95,0.014535,0x132d1c6564ec904fc549620b3d6c56036bebc911,2017-10-30T16:51:00.000Z,0.000153,0x3da475f79a8d6c5e3cce4c166f666bb2864a9c9b,sell,0x28c8d01ff633ea9cd8fc6a451d7457889e698de6,0x99c7dedfa04eda34df4e78545d5f4f0bcfe09655a1d5436aa0d4b5656a685c3a
352,51,0.0077827785,0x78a4cc57929c751652270ebad9970f5b84a2f884,2017-10-30T16:43:49.000Z,0.0001526035,0xf636a2c4ddab863261666dbffeb4d489f79f02b2,sell,0x28c8d01ff633ea9cd8fc6a451d7457889e698de6,0x8c16fe4518fe804e64131971aa1044a9ebafd469021ca72c491b4e592153a189
353,48,0.007776,0x0d77884f76b8c961465432ee63ef05292a063f76,2017-10-30T16:40:00.000Z,0.000162,0xf636a2c4ddab863261666dbffeb4d489f79f02b2,sell,0x28c8d01ff633ea9cd8fc6a451d7457889e698de6,0x1b8d893e25db5494ae6c0f1cffdbd98ecef08d460e2be41c5d6fac80e6ea83ab
354,315,0.0504,0x8747b8a010033060529d60909ab7a00b8d2a1dea,2017-10-30T16:25:59.000Z,0.00016,0x74e11bbe2fa8b1686c859ff23a869e392404e3c9,sell,0x28c8d01ff633ea9cd8fc6a451d7457889e698de6,0xf37bf9fe5716d26f775382739515c52278914536d50171b9556f6e3d862c8306
355,295,0.0472,0xbbdaa3048455072413e45aed13d83e7f55aad734,2017-10-30T16:25:37.000Z,0.00016,0x74e11bbe2fa8b1686c859ff23a869e392404e3c9,sell,0x28c8d01ff633ea9cd8fc6a451d7457889e698de6,0x16320d3bc77dfcd95621617464c9ad150c13cf24d0d20818ee0061ea5800af6f
356,87,0.013934241095699733,0xc42b2567d6071f3c2e22a368ef705feb55c8f17d,2017-10-30T16:14:14.000Z,0.00016016369075516935,0x54d5ce24863dcbc8df067801f7a6796145a5f1d0,buy,0x28c8d01ff633ea9cd8fc6a451d7457889e698de6,0x610c6fbdcf88460b88249b09a98a771aff1ceb9490ba5882d7a6ebdb7b6418a1
357,100,0.016,0xc42b2567d6071f3c2e22a368ef705feb55c8f17d,2017-10-30T16:12:49.000Z,0.00016,0xa2a88ae5e5034df5051751f4bf51ef27105abaea,buy,0x28c8d01ff633ea9cd8fc6a451d7457889e698de6,0x42d1f48394aec463a290f869baba282f57d2e693aade62cba043ee606dcddf14
358,101,0.01616,0xbbdaa3048455072413e45aed13d83e7f55aad734,2017-10-30T15:50:28.000Z,0.00016,0xff6fc474f89473ddeaf5fec9dd73b94c5b863dc1,sell,0x28c8d01ff633ea9cd8fc6a451d7457889e698de6,0x0a172cc6c7e93c11feb61029d900044477d7dbb8da26d276e0b8cf5756ec3911
359,100,0.016,0xbbdaa3048455072413e45aed13d83e7f55aad734,2017-10-30T15:35:53.000Z,0.00016,0xc436223eaa54f3c1fbd956eefabae0da048f138b,sell,0x28c8d01ff633ea9cd8fc6a451d7457889e698de6,0xddf141411d7ae3ef4245eb034c63cc092eff297b935da616ad640e21951203f4
360,360,0.0576,0xbbdaa3048455072413e45aed13d83e7f55aad734,2017-10-30T15:33:52.000Z,0.00016,0x273a5d3e6721b9f5c1a6474f560c1334c63dda01,sell,0x28c8d01ff633ea9cd8fc6a451d7457889e698de6,0x217a3dd79753908fc3ca0fd7ecfe6a3bff5ca0d92475181acb33072527c44892
361,362,0.05512536,0x273a5d3e6721b9f5c1a6474f560c1334c63dda01,2017-10-30T15:33:52.000Z,0.00015228,0x770cebb442cbfa59ff6820c508cfb175a5799a8b,buy,0x28c8d01ff633ea9cd8fc6a451d7457889e698de6,0x217a3dd79753908fc3ca0fd7ecfe6a3bff5ca0d92475181acb33072527c44892
362,360,0.0576,0xbbdaa3048455072413e45aed13d83e7f55aad734,2017-10-30T15:33:37.000Z,0.00016,0x273a5d3e6721b9f5c1a6474f560c1334c63dda01,sell,0x28c8d01ff633ea9cd8fc6a451d7457889e698de6,0x217a3dd79753908fc3ca0fd7ecfe6a3bff5ca0d92475181acb33072527c44892
363,362,0.05512536,0x273a5d3e6721b9f5c1a6474f560c1334c63dda01,2017-10-30T15:33:37.000Z,0.00015228,0x770cebb442cbfa59ff6820c508cfb175a5799a8b,buy,0x28c8d01ff633ea9cd8fc6a451d7457889e698de6,0x217a3dd79753908fc3ca0fd7ecfe6a3bff5ca0d92475181acb33072527c44892
364,99,0.01584,0xbbdaa3048455072413e45aed13d83e7f55aad734,2017-10-30T15:26:34.000Z,0.00016,0x5e173c0c4a9717254992ecc4915e88d85b47c1e8,sell,0x28c8d01ff633ea9cd8fc6a451d7457889e698de6,0x7874bd3f5c9209579e558dae11775ef1c6607ee772d6ddb5723ef90a4b262794
365,233,0.03728,0xbbdaa3048455072413e45aed13d83e7f55aad734,2017-10-30T15:21:04.000Z,0.00016,0x86d4b794a7ffa3a3ea81421107cf26b7ad1b3d44,sell,0x28c8d01ff633ea9cd8fc6a451d7457889e698de6,0xb3062182a256fdffad99f8ccb7c316f739d9bacf69ad58dcd04d3091877e16a7
366,179,0.027315758,0xd52d7ec3a6f036c844320d665c42cf564d588949,2017-10-30T15:13:58.000Z,0.000152602,0xad33f43cb3ddc2dbd5a5eb09b12423066041a219,sell,0x28c8d01ff633ea9cd8fc6a451d7457889e698de6,0x43e04e2286e01422de37beb8b39d02c8af8cb63dc0d297d79721332bf9befdb8
367,739,0.113067,0x3ffaf6d7382bb0bec6aaf56225ae8d0acf85a6e8,2017-10-30T15:12:20.000Z,0.000153,0xad33f43cb3ddc2dbd5a5eb09b12423066041a219,sell,0x28c8d01ff633ea9cd8fc6a451d7457889e698de6,0x4b047f5b6a104ed4289502af78cf21d675b309ceb52a9d2e48479d1a9333df10
368,79,0.01266686,0x78280ecf7c684cc4ef62e2d6d796059678d0c9d3,2017-10-30T15:10:16.000Z,0.00016034,0xad33f43cb3ddc2dbd5a5eb09b12423066041a219,sell,0x28c8d01ff633ea9cd8fc6a451d7457889e698de6,0xac46eb8fdf37eafac70f90ef31be7c7d055561f1021c4b80a668d1bc5b33237f
369,83,0.014123962483355186,0x04197f8d09f922b5824fab42b9945657932e14cd,2017-10-30T14:55:21.000Z,0.00017016822269102632,0x86d4b794a7ffa3a3ea81421107cf26b7ad1b3d44,buy,0x28c8d01ff633ea9cd8fc6a451d7457889e698de6,0xe67f52a8a546934a6dad3b51d22946b4f08522970bb12c427569f410d6cba099
370,100,0.0169,0xad6311e899ca6b6e8f3a475a34a570a8706790b4,2017-10-30T14:52:28.000Z,0.000169,0x2574839aeba27fc9aa3b8ef768440de73aaa2276,buy,0x28c8d01ff633ea9cd8fc6a451d7457889e698de6,0x7997879532178e0dc20466122066c4590d8ca6b3edc62a484956ea145101d64b
371,99,0.015147,0x3ffaf6d7382bb0bec6aaf56225ae8d0acf85a6e8,2017-10-30T14:47:50.000Z,0.000153,0x7e0bd5a31953b6fcd5f3ff2c39876db5ff34119c,sell,0x28c8d01ff633ea9cd8fc6a451d7457889e698de6,0xb3bb5b82767a60db7cbbd0ec00150a3bbb8305da0b00de5123ed0676aa3e302e
372,21001,3.1522501,0x2ce17f8d98cc5f7870d231c25ab87727c52fe64f,2017-10-30T14:47:03.000Z,0.0001501,0xf130b0f50f6db508c1aa4460fb3824f3135cae22,sell,0x28c8d01ff633ea9cd8fc6a451d7457889e698de6,0x50572072e9a34b199c63a8f7a70ebb0d4a12cb99f6c80c05f46ea334cfb7ecef
373,1162,0.177786,0x3ffaf6d7382bb0bec6aaf56225ae8d0acf85a6e8,2017-10-30T14:45:47.000Z,0.000153,0x7b1f1661e9788eabf2ca8f0694507988dcba3638,sell,0x28c8d01ff633ea9cd8fc6a451d7457889e698de6,0xaaadb817f5ca5f9d2dfb39460c265e6152d459a7efc2db35628bc1f0a19a55b1
374,340,0.0545156,0x78280ecf7c684cc4ef62e2d6d796059678d0c9d3,2017-10-30T14:44:13.000Z,0.00016034,0x7b1f1661e9788eabf2ca8f0694507988dcba3638,sell,0x28c8d01ff633ea9cd8fc6a451d7457889e698de6,0xb22fe055533cf2729822040c43d36e13c6e1d1dab2c2765fa546692f2e5e1b26
375,225,0.03825,0x8833e3aaa97af3e554a6f2b3b282efce08e69f5b,2017-10-30T14:18:23.000Z,0.00017,0x7b1f1661e9788eabf2ca8f0694507988dcba3638,sell,0x28c8d01ff633ea9cd8fc6a451d7457889e698de6,0x47acd7ca2148e2b64f974c6fcb5e0b715eca23705d59c03a1cb8d31476ffa076
376,830,0.141017,0xd673f1715cea629881ec16c03e1d7a4be8bf9333,2017-10-30T14:17:31.000Z,0.0001699,0x7b1f1661e9788eabf2ca8f0694507988dcba3638,sell,0x28c8d01ff633ea9cd8fc6a451d7457889e698de6,0x7c12c24939453b4480d8feeb52f4e637edca281210d03134065797413213d1f2
377,99,0.01683,0x8833e3aaa97af3e554a6f2b3b282efce08e69f5b,2017-10-30T14:07:49.000Z,0.00017,0x74ba38af2cf03f446a6e03cc817c939484f8a614,sell,0x28c8d01ff633ea9cd8fc6a451d7457889e698de6,0x245e6a9000bd36ec9c74052b83c1cef1c826e677b309d7a4b997a617adc1946a
378,5783,0.971544,0xa721643ce2fc2b06c8691425e20cf2a64fb91cc2,2017-10-30T14:02:53.000Z,0.000168,0x74e11bbe2fa8b1686c859ff23a869e392404e3c9,sell,0x28c8d01ff633ea9cd8fc6a451d7457889e698de6,0xc5276f9d630172da82a25d8b4e298f225175b9268241f8c1ac97d6078ccdf54d
379,4901,0.833174901,0x30a82c65898e522a5860162d87302133d16497a3,2017-10-30T14:02:25.000Z,0.000170001,0x95c4506c39174369b4f0def9baa6502fe9a3ccc5,sell,0x28c8d01ff633ea9cd8fc6a451d7457889e698de6,0xd4b758ed391cd9fffe6de083496f480e5a7ca48821734fe8a62714a6e716b8c2
380,4254,0.72318,0x8a424781254908e4bc40db921f969218eef3c81a,2017-10-30T14:00:42.000Z,0.00017,0x74e11bbe2fa8b1686c859ff23a869e392404e3c9,sell,0x28c8d01ff633ea9cd8fc6a451d7457889e698de6,0xa7320afc2f08313c63637181491aaa7755f05c08b0d83266a643c6f9e401e741
381,99,0.016830099,0x30a82c65898e522a5860162d87302133d16497a3,2017-10-30T13:59:00.000Z,0.000170001,0x8bab521307d1b629770f7f78018c74a5a4ea8032,sell,0x28c8d01ff633ea9cd8fc6a451d7457889e698de6,0x11fd87c03cd3e9878b08f0499fa28cd672f0d13621e75c59ebb1bc10b5455848
382,17902,3.0415498,0xd673f1715cea629881ec16c03e1d7a4be8bf9333,2017-10-30T13:49:25.000Z,0.0001699,0xcd59ef48e22d2feb3b0e1f5eb85d7b34da472f5d,sell,0x28c8d01ff633ea9cd8fc6a451d7457889e698de6,0xc06d16d50fc7c86fba6d5cb2cbafc794f8ce79831e3ab5c48834d0f6aa7657ab
383,15000,2.5485,0xd673f1715cea629881ec16c03e1d7a4be8bf9333,2017-10-30T13:45:12.000Z,0.0001699,0xcd59ef48e22d2feb3b0e1f5eb85d7b34da472f5d,sell,0x28c8d01ff633ea9cd8fc6a451d7457889e698de6,0x04af82ca7b10ff3ebcd0f74c8f9b21ecece409968c81dd1b2c698ea07e883b0e
384,99,0.01683,0x8a424781254908e4bc40db921f969218eef3c81a,2017-10-30T13:42:55.000Z,0.00017,0x662160d0201bacbc8ea04709e8f8f724d5efe8ba,sell,0x28c8d01ff633ea9cd8fc6a451d7457889e698de6,0xb44fa01ba847751b26dddc7e092232876188be29311304e4357f452bf83437cb
385,200,0.0336,0x3e02d67740a9a02fc95848c803d82d42dccaf566,2017-10-30T13:35:04.000Z,0.000168,0x5788cfa680b767bed64a8b47ee1b51cd54218f99,buy,0x28c8d01ff633ea9cd8fc6a451d7457889e698de6,0xe0105166e09b24b6ccce92622d321899b37361c5bdf607e3e9b7f7ff94c6c80c
386,99,0.01683,0x8a424781254908e4bc40db921f969218eef3c81a,2017-10-30T13:22:30.000Z,0.00017,0x89d5d673b99e89ce7f8a6f9dec80812db80e9944,sell,0x28c8d01ff633ea9cd8fc6a451d7457889e698de6,0xfc14f6b1b36d3afea8f6bd3609a606e710e1f3b86503234dfd758651f6638bc2
387,996,0.16932,0x2c7983301df986f8f1b60b999c51abd3731ce6f8,2017-10-30T12:59:48.000Z,0.00017,0x66d50296f7754924390585637d8476545d7ae75b,sell,0x28c8d01ff633ea9cd8fc6a451d7457889e698de6,0x222ee49f8ec106e2fa1a25ac8fa0389c43817e4052a73067fd848f2f14539d1a
388,48,0.00816,0x8a424781254908e4bc40db921f969218eef3c81a,2017-10-30T12:53:08.000Z,0.00017,0xcf7e5d2bbe28d27baf5e26e53135bb01e2fd5515,sell,0x28c8d01ff633ea9cd8fc6a451d7457889e698de6,0xac9e7dc699ff67c279910128df708611fd9cb2906690611baccb4e5fa2bdf022
389,51,0.00867051,0x3a6eb1dca828f4bc3993d8ebc8549b2559c3f698,2017-10-30T12:51:19.000Z,0.00017001,0xcf7e5d2bbe28d27baf5e26e53135bb01e2fd5515,sell,0x28c8d01ff633ea9cd8fc6a451d7457889e698de6,0x28035c1a2e8dd96c8d8dbdb175ddf3a05b4fb3e8887fc7bdefd27612b755d5d1
390,350,0.0595035,0x3a6eb1dca828f4bc3993d8ebc8549b2559c3f698,2017-10-30T12:37:11.000Z,0.00017001,0xcbaae569d9ecbd35ff827e314dc79973f0b35b4d,sell,0x28c8d01ff633ea9cd8fc6a451d7457889e698de6,0x73715cc3cf37ae1c529a9db0debcc86e4d5722036447f3e2ab3d14f4fbb9a4f1
391,99,0.01683099,0x3a6eb1dca828f4bc3993d8ebc8549b2559c3f698,2017-10-30T12:32:05.000Z,0.00017001,0xff57d1280475ea7ac33c81ec01eae1cc474b6dcf,sell,0x28c8d01ff633ea9cd8fc6a451d7457889e698de6,0xd52fdf87ae6a239182452b99de4a8199603e94ebd9ca7e7083bd1fbc33b06670
392,500,0.085005,0x3a6eb1dca828f4bc3993d8ebc8549b2559c3f698,2017-10-30T12:21:48.000Z,0.00017001,0x1309767bf5262b7efe0bc0296948129eef5f8249,sell,0x28c8d01ff633ea9cd8fc6a451d7457889e698de6,0x0ac3690223b4a0b176d9747787805c9e3fa7eeca5f02765452f7ad81ed1acedc
393,99,0.017622,0x43d79dec2047c7720cbbf70993728342af0c215f,2017-10-30T12:18:07.000Z,0.000178,0x1309767bf5262b7efe0bc0296948129eef5f8249,sell,0x28c8d01ff633ea9cd8fc6a451d7457889e698de6,0xff9eef30215200cab2883bd70d867e1bb80bc76cde00b59d1313ff4af6628ce0
394,1,0.000178,0x43d79dec2047c7720cbbf70993728342af0c215f,2017-10-30T11:58:35.000Z,0.000178,0x565771ee94572a4e327bc252518971e2cfc2ed75,sell,0x28c8d01ff633ea9cd8fc6a451d7457889e698de6,0x1186b1afef05c9e3829911e6f41ca37792abfdb606ace5981ba6ded9051db8b3
