,amount,amountBase,buyer,date,price,seller,side,tokenAddr,txHash
0,0.09433962264150943,0.0005,0x3075f7f189912f4f425dd7021b9c396434197477,2017-11-02T13:04:45.000Z,0.0053,0x450573f9ec383956e44d7a62b363107594d76c70,buy,0x8d5a69dc82a47594881256f2eef81770274fa30f,0x047ac23c9bd3d96b2dc304405c9d9138ce02f6cc674c2e09e26630b26db77e36
1,0.000662949474855733,0.000004972121061418,0x0989e63fdc14c80369132d55f41f2ed3869e66d1,2017-11-01T15:09:07.000Z,0.007500000000000004,0x450573f9ec383956e44d7a62b363107594d76c70,buy,0x8d5a69dc82a47594881256f2eef81770274fa30f,0x4e2e03c7273d7ca69bf4608afa62d375400407ae7d056f80e32b42e44fca661c
2,65.589,0.3476217,0x44973402c4f59687cb7d30e834a9944ddb451739,2017-11-01T09:07:28.000Z,0.0053,0xd0f770146d6abf08f51600d5bc0b358030f43609,buy,0x8d5a69dc82a47594881256f2eef81770274fa30f,0x80d3670a8c75f19b5cd8d50f7b999677e8dbcffb9447177b04f01a9390f2ff8e
3,37.285,0.186425,0x44973402c4f59687cb7d30e834a9944ddb451739,2017-11-01T09:04:25.000Z,0.005,0x5f8f862d021b7d68bf171ec68e4bae0541fb1a40,buy,0x8d5a69dc82a47594881256f2eef81770274fa30f,0x5490fb2ad7ebc9395f65c0c9d2271bc0b87fb8847d16e37a0c7b4fd9bb30ba05
4,17.936767815354248,0.009147751585830664,0x4b0925f7776c00378f9556fcd4b3aaf3efe0013f,2017-10-31T15:35:34.000Z,0.0005099999999999999,0x0fe1be7fdd4554d5dc53417bbc04c0838bec654c,sell,0x8d5a69dc82a47594881256f2eef81770274fa30f,0xf5aa2684d5dff9cab7d0e08d41709fb34d25c39091dea32fc6509b2314223638
5,0.3133117699733889,0.028198059297605,0xa4d6c568d279f00d6b3237a8255c1de00e034c75,2017-10-31T11:03:29.000Z,0.09,0x0c9a1ea9fa5cf248ce1178851aa46ea233020825,buy,0x8d5a69dc82a47594881256f2eef81770274fa30f,0xba437a68c8bde400887ea175c31290c486fe8d057b6e7702dfe0a1950a4212dd
6,65,0.2015,0xd0f770146d6abf08f51600d5bc0b358030f43609,2017-10-31T08:33:38.000Z,0.0031,0x450573f9ec383956e44d7a62b363107594d76c70,sell,0x8d5a69dc82a47594881256f2eef81770274fa30f,0x221d22253498b2f9938940acb8ccb1c04ad5b099d22249ce7e49da9f3f181971
7,17.992371795581843,0.09715880769614196,0x0fe1be7fdd4554d5dc53417bbc04c0838bec654c,2017-10-31T07:38:48.000Z,0.0054,0x5f8f862d021b7d68bf171ec68e4bae0541fb1a40,buy,0x8d5a69dc82a47594881256f2eef81770274fa30f,0xfc166922e50ddf94ca913e408b96adf70daf64da0548fa89b7d7bede606ad3f7
8,0.172492901917,0.0005347279959427,0xd0f770146d6abf08f51600d5bc0b358030f43609,2017-10-31T05:08:57.000Z,0.0031,0xe444a40689f51f63bcd29910622035707d533d29,sell,0x8d5a69dc82a47594881256f2eef81770274fa30f,0xffa1d54d3b35fc012daa9eabbc831e8a38633123761c81281c116257e1f54fdb
9,85.093,0.46716057,0x929c3e60b605e0a5df302be2eed5ade02f2457a6,2017-10-30T17:01:29.000Z,0.00549,0x24418ab1b19550b380652432eac1ab37bf3d0fa9,buy,0x8d5a69dc82a47594881256f2eef81770274fa30f,0x86799ac207a52d0674395f695fdb0cf3e5cac62ffe8597ab16cc50b8e2a10b28
10,12,0.06588,0xa4d6c568d279f00d6b3237a8255c1de00e034c75,2017-10-30T10:42:13.000Z,0.00549,0x24418ab1b19550b380652432eac1ab37bf3d0fa9,buy,0x8d5a69dc82a47594881256f2eef81770274fa30f,0xba4233abc7f4f60d1a93e8b0d52ea54e0225020f9a8b623e3d5a266bb12cccde
11,9.084762544094696,0.049875346367079874,0x0989e63fdc14c80369132d55f41f2ed3869e66d1,2017-10-30T08:45:13.000Z,0.00549,0x24418ab1b19550b380652432eac1ab37bf3d0fa9,buy,0x8d5a69dc82a47594881256f2eef81770274fa30f,0x69cd45f5ca12c42138d97a310ec8d06ce4274939011c2eb29c6c87c83031b2c1
12,54.57184119822116,0.29959940817823416,0x0989e63fdc14c80369132d55f41f2ed3869e66d1,2017-10-30T08:41:33.000Z,0.00549,0x24418ab1b19550b380652432eac1ab37bf3d0fa9,buy,0x8d5a69dc82a47594881256f2eef81770274fa30f,0xf11765e683c73bf0400fffa5fa9cc30b9bb084523262c9c3e0ca4252853ed0fc
13,8.837310653465016,0.026511931960395044,0xe2e584319f57671638cb28321b830e4a79d47218,2017-10-30T08:05:31.000Z,0.003,0x4b0925f7776c00378f9556fcd4b3aaf3efe0013f,sell,0x8d5a69dc82a47594881256f2eef81770274fa30f,0x4d5ff6e38d10b5c75aed1c14dd237d99d308c5f34d6f14d56e01e5a78b0ad7b5
14,0.25005724512662825,0.001372814275745189,0xa4d6c568d279f00d6b3237a8255c1de00e034c75,2017-10-30T07:17:51.000Z,0.00549,0x24418ab1b19550b380652432eac1ab37bf3d0fa9,buy,0x8d5a69dc82a47594881256f2eef81770274fa30f,0x8f22b4435dbde3dad62a3d1e1f03443b616275e34776262e6d7751a92449f07a
15,19,0.10431,0xa4d6c568d279f00d6b3237a8255c1de00e034c75,2017-10-30T07:16:58.000Z,0.00549,0x24418ab1b19550b380652432eac1ab37bf3d0fa9,buy,0x8d5a69dc82a47594881256f2eef81770274fa30f,0xada8b130167807ed59dfa1a35b31aa93a6bb888063f72d28e48319651a95d04f
16,0.6,0.003,0x4332a43db38393993862ec6f29886de3063cd1e4,2017-10-30T05:35:34.000Z,0.005,0x5ce541582b480ddb717b2c8784108f63173c1bbb,buy,0x8d5a69dc82a47594881256f2eef81770274fa30f,0xd8950d75ff49191b2d25915b383c44aac4e47cc01d4f1b5d1b4eb8a3d494974e
17,100,0.5,0x4332a43db38393993862ec6f29886de3063cd1e4,2017-10-30T05:29:58.000Z,0.005,0x5f8f862d021b7d68bf171ec68e4bae0541fb1a40,buy,0x8d5a69dc82a47594881256f2eef81770274fa30f,0x257c7f3bf6a5307a209d29342881f0154dd12a64a1cbc504c6278f43e08ee38d
18,0.2075248405354,0.00056031706944558,0xd0f770146d6abf08f51600d5bc0b358030f43609,2017-10-30T02:49:48.000Z,0.0027,0x16e5d97bbc92417e051e3b2cabfbf8ceea2acb9c,sell,0x8d5a69dc82a47594881256f2eef81770274fa30f,0xce86d88cec9aba61cd3a5226733c51de03b364336752a267ff6bbb34cf04f055
19,0.2094191601792,0.00056543173248384,0xd0f770146d6abf08f51600d5bc0b358030f43609,2017-10-30T02:48:43.000Z,0.0027,0x379374d13077e8867ef31803c37baf9785a17c00,sell,0x8d5a69dc82a47594881256f2eef81770274fa30f,0x6fabb326e3ebbc4d28cc36ff94d5711c878e84060b3a8e4ede686ca7ce674b52
20,50,0.125,0x71fd2dd47ed3350e4d8d1ee16a26db2434ca8608,2017-10-30T00:05:59.000Z,0.0025,0x44973402c4f59687cb7d30e834a9944ddb451739,buy,0x8d5a69dc82a47594881256f2eef81770274fa30f,0x53e17b015c9e90abdfb42b875be1dd7e783388b18d72bbf8c932640b4914bb1f
21,200,0.9,0x5ce541582b480ddb717b2c8784108f63173c1bbb,2017-10-29T19:38:02.000Z,0.0045,0x450573f9ec383956e44d7a62b363107594d76c70,buy,0x8d5a69dc82a47594881256f2eef81770274fa30f,0xaeb29c805549bab9441dfc2b4bb9b12f9c1e84fe9a89857a83bc6b9272f44f8e
22,3.6,0.0144,0x5ce541582b480ddb717b2c8784108f63173c1bbb,2017-10-29T19:38:02.000Z,0.004,0xdf04829ed7aad07edf5c95eaf7ab7b924f38ce6e,buy,0x8d5a69dc82a47594881256f2eef81770274fa30f,0x25772443ec9fa82cf15eb2c307ef6273b0a57d3863a6ab751520f8395dec8e8e
23,3.636659183898122,0.00436399465733693,0xdf04829ed7aad07edf5c95eaf7ab7b924f38ce6e,2017-10-29T18:36:59.000Z,0.001200001,0xaca41f3b6f18ecbf7c049cbeb31470cd1ddc5efe,sell,0x8d5a69dc82a47594881256f2eef81770274fa30f,0x856510f44758eb00aaf63555d90df615b66592e6743b9d74da393210cd4764c4
24,3.647932827368206,0.03283139544631385,0xaca41f3b6f18ecbf7c049cbeb31470cd1ddc5efe,2017-10-29T18:32:49.000Z,0.009,0xcc6fed415553c4c680f8323980dd1e37b2d3c309,buy,0x8d5a69dc82a47594881256f2eef81770274fa30f,0x33947e6c6af74c29a4d403524730c9872e7ec09a1603dcec087b4635e4e15a7c
25,87.7,0.35957,0xcc6fed415553c4c680f8323980dd1e37b2d3c309,2017-10-29T17:34:02.000Z,0.0041,0x24418ab1b19550b380652432eac1ab37bf3d0fa9,buy,0x8d5a69dc82a47594881256f2eef81770274fa30f,0x35e15d4c4d6106eac960d623cf212f3764c7547830ff5b4f4c4789a667767bce
26,0.3,0.00123,0x0b773d7819259d78757b26dc4148812d35676d8f,2017-10-29T16:44:59.000Z,0.0041,0x24418ab1b19550b380652432eac1ab37bf3d0fa9,buy,0x8d5a69dc82a47594881256f2eef81770274fa30f,0x72124e5ebd7c6ed314f8dc316ff7b2e81f59bd4dbf4034e17bf1d0fbd1417ef0
27,79,0.079,0x71fd2dd47ed3350e4d8d1ee16a26db2434ca8608,2017-10-29T16:34:09.000Z,0.001,0x035392de57aa4fe343d86494103dbe1b068a56c6,sell,0x8d5a69dc82a47594881256f2eef81770274fa30f,0x1e03600ea0374acf12b86961581fbb257341fd968404b0804cc4bcd02a851af9
28,0.00001,0.000000894893,0xa32b633426ed2b0a208911a75b656e67f143311f,2017-10-29T14:20:16.000Z,0.0894893,0x035392de57aa4fe343d86494103dbe1b068a56c6,buy,0x8d5a69dc82a47594881256f2eef81770274fa30f,0xb3f93846f395e4116202cbe2b9488b924a07ae002965e8b9abd39df3e2ff5f9c
29,12,0.0492,0x18b9a081678917a525258f98ea5eed5159146301,2017-10-29T13:43:55.000Z,0.0041,0x24418ab1b19550b380652432eac1ab37bf3d0fa9,buy,0x8d5a69dc82a47594881256f2eef81770274fa30f,0xe71912e024a6d2a8df4a6ec2384459d23bfe8d4547beb9d7bf4bc39def94e30c
30,100,0.42,0x18b9a081678917a525258f98ea5eed5159146301,2017-10-29T13:31:50.000Z,0.0042,0xa11f36555b15d08f63fe4c1da229574871e1fdb1,buy,0x8d5a69dc82a47594881256f2eef81770274fa30f,0xc6f65e0bfb7a7bf3b3f6d1d44c8714fe6f9bd52ab26cdf7de945acaaf1bf9d85
31,101.6847771907088,0.042707606420097695,0xa11f36555b15d08f63fe4c1da229574871e1fdb1,2017-10-29T08:00:08.000Z,0.00041999999999999996,0x0c40f4acc24b4eda7386b459ac9d217519f6399d,sell,0x8d5a69dc82a47594881256f2eef81770274fa30f,0x594f92316b582d823970148d20c4b27a80afe15593140c1569fd8d9dc68f5ef3
32,0.921520210424607,0.003593928820655967,0x9f61e65cc8639512150871f97d30ee2ff35c165d,2017-10-29T06:58:03.000Z,0.0039,0xa11f36555b15d08f63fe4c1da229574871e1fdb1,buy,0x8d5a69dc82a47594881256f2eef81770274fa30f,0xff8e008b23907cdebf76b834621ade6530785421aaa4dd73ddc2924b9e19865f
33,322.0784797895754,1.2561060711793441,0x4332a43db38393993862ec6f29886de3063cd1e4,2017-10-29T06:52:38.000Z,0.0039,0xa11f36555b15d08f63fe4c1da229574871e1fdb1,buy,0x8d5a69dc82a47594881256f2eef81770274fa30f,0x2697c6ebae0e31b988628f4e40564f385822f4121a5b1b3eb31c944423c09700
34,322.647,1.1292645,0xa11f36555b15d08f63fe4c1da229574871e1fdb1,2017-10-29T04:35:07.000Z,0.0035,0x450573f9ec383956e44d7a62b363107594d76c70,buy,0x8d5a69dc82a47594881256f2eef81770274fa30f,0x680b1f3d33197afe980bc031d65e3e7a4a02a90ce7704b593b4fe492b81b02c9
35,477.35286454264735,1.670735025899266,0x9f61e65cc8639512150871f97d30ee2ff35c165d,2017-10-29T03:33:25.000Z,0.0035,0x450573f9ec383956e44d7a62b363107594d76c70,buy,0x8d5a69dc82a47594881256f2eef81770274fa30f,0x5bb23d83fdd848fea0f83df548e07fc1d3d497b4c13ab5d3c10d502a76c1dcf1
36,100,0.3499,0x9f61e65cc8639512150871f97d30ee2ff35c165d,2017-10-29T03:25:22.000Z,0.003499,0x24418ab1b19550b380652432eac1ab37bf3d0fa9,buy,0x8d5a69dc82a47594881256f2eef81770274fa30f,0x0dadf582148b3af399dc23755c2d2176c60412a07b7e0c83883e03ed6487ef94
37,52.955,0.15303995,0x9f61e65cc8639512150871f97d30ee2ff35c165d,2017-10-29T03:22:31.000Z,0.00289,0x24418ab1b19550b380652432eac1ab37bf3d0fa9,buy,0x8d5a69dc82a47594881256f2eef81770274fa30f,0xe7e313c8989f24df470e40d33b782c2c5cc60f31c9cb745e003dae7bfa0a5e38
38,0.17301038062283736,0.0005,0x16e5d97bbc92417e051e3b2cabfbf8ceea2acb9c,2017-10-28T21:24:34.000Z,0.00289,0x24418ab1b19550b380652432eac1ab37bf3d0fa9,buy,0x8d5a69dc82a47594881256f2eef81770274fa30f,0xd3c0738bf8abf38543384f69212a573ecc6e4843cc45700c8167ea76b7f83a17
39,0.17301038062283736,0.0005,0x42c24a83bded723edfdf5883bc7efb30bc1a1bf3,2017-10-28T21:23:01.000Z,0.00289,0x24418ab1b19550b380652432eac1ab37bf3d0fa9,buy,0x8d5a69dc82a47594881256f2eef81770274fa30f,0xc1a070fb280a7e9514e9760fcc5fb2c87c16421f4e242e9af42e267541decaca
40,0.17301038062283736,0.0005,0x379374d13077e8867ef31803c37baf9785a17c00,2017-10-28T21:19:38.000Z,0.00289,0x24418ab1b19550b380652432eac1ab37bf3d0fa9,buy,0x8d5a69dc82a47594881256f2eef81770274fa30f,0x8ddaca850cda90d85ca1f35cb745fd386dfccb40702ed1af5f1d53c0ce4761de
41,0.17301038062283736,0.0005,0xe444a40689f51f63bcd29910622035707d533d29,2017-10-28T20:49:29.000Z,0.00289,0x24418ab1b19550b380652432eac1ab37bf3d0fa9,buy,0x8d5a69dc82a47594881256f2eef81770274fa30f,0xe7dd059da2743c5af0f55b3eed2ba5bf471414d998927c3ce1d42b43c8c8d15d
42,0.17301038062283736,0.0005,0x34f9560c63078eb61872a4dc2ccd20e21c34feaf,2017-10-28T20:49:29.000Z,0.00289,0x24418ab1b19550b380652432eac1ab37bf3d0fa9,buy,0x8d5a69dc82a47594881256f2eef81770274fa30f,0xdf66688fff176648180bd95e1cddcd0ff87a67223ef28f4d9d9fe6abd8698888
43,31.991483839543783,0.09245538829628153,0xdcd90a1a5673fe0ae01eae78f91006b0f08d28d1,2017-10-28T19:17:55.000Z,0.00289,0x24418ab1b19550b380652432eac1ab37bf3d0fa9,buy,0x8d5a69dc82a47594881256f2eef81770274fa30f,0x30c995508209881e2572749147bdfa2313888d968140048dcc359d3820936127
44,0.17301038062283736,0.0005,0xcd912af5286dc0b0a23edb30209734ecb60838b3,2017-10-28T17:25:05.000Z,0.00289,0x24418ab1b19550b380652432eac1ab37bf3d0fa9,buy,0x8d5a69dc82a47594881256f2eef81770274fa30f,0xdd14bd847d4b65253c3a8cf7c4d4e923e4b06e91f0908315bf8b4e8c88d98826
45,0.000189451094265204,0.000005683532827956,0x06e11f1e94e054cb85dfe3010106226a27e44b88,2017-10-28T11:33:19.000Z,0.029999999999999367,0x1d5321e125f6c7079a716705541c7b371ca79e69,sell,0x8d5a69dc82a47594881256f2eef81770274fa30f,0x3873d1fa62b697e560440ebb66f4133de2001155a5845731363bd655b2bb8275
46,0.000190019447548,0.000000570058342644,0x1d5321e125f6c7079a716705541c7b371ca79e69,2017-10-28T11:33:19.000Z,0.003,0x44973402c4f59687cb7d30e834a9944ddb451739,buy,0x8d5a69dc82a47594881256f2eef81770274fa30f,0x3873d1fa62b697e560440ebb66f4133de2001155a5845731363bd655b2bb8275
47,0.6370128525359601,0.05700583426444629,0x06e11f1e94e054cb85dfe3010106226a27e44b88,2017-10-28T11:30:40.000Z,0.0894893,0x035392de57aa4fe343d86494103dbe1b068a56c6,buy,0x8d5a69dc82a47594881256f2eef81770274fa30f,0xc5a7ee0a1f88ead7c9a59f06ab713146287c7aad7a83a60d1e70c200390fad6e
48,0.005982053838484546,0.000119581256231306,0x06e11f1e94e054cb85dfe3010106226a27e44b88,2017-10-28T11:29:38.000Z,0.019989999999999987,0x1d5321e125f6c7079a716705541c7b371ca79e69,sell,0x8d5a69dc82a47594881256f2eef81770274fa30f,0xe967ac0d2f2f04be6441f2e1c6ca502aa2d00a1e418da4cdb3f6a47ba79d1d48
49,0.006,0.00001734,0x1d5321e125f6c7079a716705541c7b371ca79e69,2017-10-28T11:29:38.000Z,0.00289,0x24418ab1b19550b380652432eac1ab37bf3d0fa9,buy,0x8d5a69dc82a47594881256f2eef81770274fa30f,0xe967ac0d2f2f04be6441f2e1c6ca502aa2d00a1e418da4cdb3f6a47ba79d1d48
50,0.003,0.00000867,0x1d5321e125f6c7079a716705541c7b371ca79e69,2017-10-28T11:23:19.000Z,0.00289,0x24418ab1b19550b380652432eac1ab37bf3d0fa9,buy,0x8d5a69dc82a47594881256f2eef81770274fa30f,0x19b685fedc87454158b73ba7b130110c725d5b471cecec51c1ae6dfc042b5040
51,0.002991026919242273,0.000179461615154536,0x06e11f1e94e054cb85dfe3010106226a27e44b88,2017-10-28T11:23:19.000Z,0.05999999999999987,0x1d5321e125f6c7079a716705541c7b371ca79e69,sell,0x8d5a69dc82a47594881256f2eef81770274fa30f,0x19b685fedc87454158b73ba7b130110c725d5b471cecec51c1ae6dfc042b5040
52,1,0.094,0x06e11f1e94e054cb85dfe3010106226a27e44b88,2017-10-28T11:16:41.000Z,0.094,0x8bb282fcbecc628dfb235a17a3e6edf2467ad2cf,buy,0x8d5a69dc82a47594881256f2eef81770274fa30f,0x825b9f542599859614a181eddb97984d0a784faee73eb4b190e74e99f3ff897f
53,0.997,0.05982,0x06e11f1e94e054cb85dfe3010106226a27e44b88,2017-10-28T11:16:22.000Z,0.06,0x273a5d3e6721b9f5c1a6474f560c1334c63dda01,sell,0x8d5a69dc82a47594881256f2eef81770274fa30f,0x8c5bd61b50527998ec6006f4b29b613a8727ff9b961050927997b5402f613bd9
54,1,0.00289,0x273a5d3e6721b9f5c1a6474f560c1334c63dda01,2017-10-28T11:16:22.000Z,0.00289,0x24418ab1b19550b380652432eac1ab37bf3d0fa9,buy,0x8d5a69dc82a47594881256f2eef81770274fa30f,0x8c5bd61b50527998ec6006f4b29b613a8727ff9b961050927997b5402f613bd9
55,0.005982053838484546,0.000179461615154536,0x06e11f1e94e054cb85dfe3010106226a27e44b88,2017-10-28T11:15:03.000Z,0.029999999999999936,0x1d5321e125f6c7079a716705541c7b371ca79e69,sell,0x8d5a69dc82a47594881256f2eef81770274fa30f,0xb21dae6252ed173cc51c73c1f6aa4738f43c04663f5930aff7cf6c8bf1636e0f
56,0.006,0.00001734,0x1d5321e125f6c7079a716705541c7b371ca79e69,2017-10-28T11:15:03.000Z,0.00289,0x24418ab1b19550b380652432eac1ab37bf3d0fa9,buy,0x8d5a69dc82a47594881256f2eef81770274fa30f,0xb21dae6252ed173cc51c73c1f6aa4738f43c04663f5930aff7cf6c8bf1636e0f
57,0.002991026919242273,0.000089730807577268,0x06e11f1e94e054cb85dfe3010106226a27e44b88,2017-10-28T11:13:43.000Z,0.029999999999999936,0x1d5321e125f6c7079a716705541c7b371ca79e69,sell,0x8d5a69dc82a47594881256f2eef81770274fa30f,0xf657f87c9baedd94edd29d1af23e3691c557521b6933768aa273ebbb85f31832
58,0.003,0.0000404679,0x1d5321e125f6c7079a716705541c7b371ca79e69,2017-10-28T11:13:43.000Z,0.0134893,0x035392de57aa4fe343d86494103dbe1b068a56c6,buy,0x8d5a69dc82a47594881256f2eef81770274fa30f,0xf657f87c9baedd94edd29d1af23e3691c557521b6933768aa273ebbb85f31832
59,0.997,0.02991,0x06e11f1e94e054cb85dfe3010106226a27e44b88,2017-10-28T11:11:51.000Z,0.03,0x273a5d3e6721b9f5c1a6474f560c1334c63dda01,sell,0x8d5a69dc82a47594881256f2eef81770274fa30f,0x9b17306ea8376135c71dbb9131d3c7dafa54dbaf150956a9b647cb3150c8be79
60,1,0.00289,0x273a5d3e6721b9f5c1a6474f560c1334c63dda01,2017-10-28T11:11:51.000Z,0.00289,0x24418ab1b19550b380652432eac1ab37bf3d0fa9,buy,0x8d5a69dc82a47594881256f2eef81770274fa30f,0x9b17306ea8376135c71dbb9131d3c7dafa54dbaf150956a9b647cb3150c8be79
61,0.997,0.02991,0x06e11f1e94e054cb85dfe3010106226a27e44b88,2017-10-28T11:11:22.000Z,0.03,0x273a5d3e6721b9f5c1a6474f560c1334c63dda01,sell,0x8d5a69dc82a47594881256f2eef81770274fa30f,0xdbf84bbe6a773a227e816c6f6928f63c37481eedc2b5825d5ea6735273309197
62,1,0.00289,0x273a5d3e6721b9f5c1a6474f560c1334c63dda01,2017-10-28T11:11:22.000Z,0.00289,0x24418ab1b19550b380652432eac1ab37bf3d0fa9,buy,0x8d5a69dc82a47594881256f2eef81770274fa30f,0x8d5583fbc85ed73bf0a85541a6f31b17fbf4752d5ffb8df20ef7eb865948e545
63,0.997,0.02991,0x06e11f1e94e054cb85dfe3010106226a27e44b88,2017-10-28T11:11:22.000Z,0.03,0x273a5d3e6721b9f5c1a6474f560c1334c63dda01,sell,0x8d5a69dc82a47594881256f2eef81770274fa30f,0xd95551b6938042d8e92a52f4b4ef1c2575b94c57d851bc944fda10c0872a9dab
64,1,0.00289,0x273a5d3e6721b9f5c1a6474f560c1334c63dda01,2017-10-28T11:11:22.000Z,0.00289,0x24418ab1b19550b380652432eac1ab37bf3d0fa9,buy,0x8d5a69dc82a47594881256f2eef81770274fa30f,0xdbf84bbe6a773a227e816c6f6928f63c37481eedc2b5825d5ea6735273309197
65,0.997,0.02991,0x06e11f1e94e054cb85dfe3010106226a27e44b88,2017-10-28T11:11:22.000Z,0.03,0x273a5d3e6721b9f5c1a6474f560c1334c63dda01,sell,0x8d5a69dc82a47594881256f2eef81770274fa30f,0x8d5583fbc85ed73bf0a85541a6f31b17fbf4752d5ffb8df20ef7eb865948e545
66,1,0.00289,0x273a5d3e6721b9f5c1a6474f560c1334c63dda01,2017-10-28T11:11:22.000Z,0.00289,0x24418ab1b19550b380652432eac1ab37bf3d0fa9,buy,0x8d5a69dc82a47594881256f2eef81770274fa30f,0x0470b6320e6b76891d97fc5c6d8d94346dffcde64a80fb559337939b8c4a154e
67,1,0.00289,0x273a5d3e6721b9f5c1a6474f560c1334c63dda01,2017-10-28T11:11:22.000Z,0.00289,0x24418ab1b19550b380652432eac1ab37bf3d0fa9,buy,0x8d5a69dc82a47594881256f2eef81770274fa30f,0xd95551b6938042d8e92a52f4b4ef1c2575b94c57d851bc944fda10c0872a9dab
68,0.997,0.02991,0x06e11f1e94e054cb85dfe3010106226a27e44b88,2017-10-28T11:11:22.000Z,0.03,0x273a5d3e6721b9f5c1a6474f560c1334c63dda01,sell,0x8d5a69dc82a47594881256f2eef81770274fa30f,0x0470b6320e6b76891d97fc5c6d8d94346dffcde64a80fb559337939b8c4a154e
69,1.994,0.05982,0x06e11f1e94e054cb85dfe3010106226a27e44b88,2017-10-28T11:10:30.000Z,0.03,0x273a5d3e6721b9f5c1a6474f560c1334c63dda01,sell,0x8d5a69dc82a47594881256f2eef81770274fa30f,0x493271df4f2a2c0d8851b6b5e8e3a91b650082dbd274a845645468c943095c02
70,2,0.00578,0x273a5d3e6721b9f5c1a6474f560c1334c63dda01,2017-10-28T11:10:30.000Z,0.00289,0x24418ab1b19550b380652432eac1ab37bf3d0fa9,buy,0x8d5a69dc82a47594881256f2eef81770274fa30f,0x493271df4f2a2c0d8851b6b5e8e3a91b650082dbd274a845645468c943095c02
71,2,0.0398,0x06e11f1e94e054cb85dfe3010106226a27e44b88,2017-10-28T11:09:50.000Z,0.0199,0x06e11f1e94e054cb85dfe3010106226a27e44b88,buy,0x8d5a69dc82a47594881256f2eef81770274fa30f,0xac443bd96aaf99e2baa8efcfb36849c360f9afdd1d907bba1f82845fed6d8d89
72,2,0.0398,0x06e11f1e94e054cb85dfe3010106226a27e44b88,2017-10-28T11:09:29.000Z,0.0199,0x06e11f1e94e054cb85dfe3010106226a27e44b88,buy,0x8d5a69dc82a47594881256f2eef81770274fa30f,0x74743c05a01deadcc8f22f454a7023c2b4db64d44d8942c5fcce7b57559a6da1
73,2,0.00578,0x273a5d3e6721b9f5c1a6474f560c1334c63dda01,2017-10-28T11:05:48.000Z,0.00289,0x24418ab1b19550b380652432eac1ab37bf3d0fa9,buy,0x8d5a69dc82a47594881256f2eef81770274fa30f,0xc4744c6293b4dddc7a147a1c616a566a1bf79c56fb2ab70dc3e36541e8aa0ab1
74,1.994,0.03986006,0x06e11f1e94e054cb85dfe3010106226a27e44b88,2017-10-28T11:05:48.000Z,0.01999,0x273a5d3e6721b9f5c1a6474f560c1334c63dda01,sell,0x8d5a69dc82a47594881256f2eef81770274fa30f,0xc4744c6293b4dddc7a147a1c616a566a1bf79c56fb2ab70dc3e36541e8aa0ab1
75,1.994,0.03986006,0x06e11f1e94e054cb85dfe3010106226a27e44b88,2017-10-28T11:05:48.000Z,0.01999,0x273a5d3e6721b9f5c1a6474f560c1334c63dda01,sell,0x8d5a69dc82a47594881256f2eef81770274fa30f,0x1410ae0d7ee67d0cc029ac3b8052c76e1f015d1944ef48a44db3c92186597aba
76,2,0.00578,0x273a5d3e6721b9f5c1a6474f560c1334c63dda01,2017-10-28T11:05:48.000Z,0.00289,0x24418ab1b19550b380652432eac1ab37bf3d0fa9,buy,0x8d5a69dc82a47594881256f2eef81770274fa30f,0x1a9a8b88bd6e7514c550daf8a46733094ffaa9157d81bf4bd3694be04b8244ba
77,1.994,0.03986006,0x06e11f1e94e054cb85dfe3010106226a27e44b88,2017-10-28T11:05:48.000Z,0.01999,0x273a5d3e6721b9f5c1a6474f560c1334c63dda01,sell,0x8d5a69dc82a47594881256f2eef81770274fa30f,0x1a9a8b88bd6e7514c550daf8a46733094ffaa9157d81bf4bd3694be04b8244ba
78,2,0.00578,0x273a5d3e6721b9f5c1a6474f560c1334c63dda01,2017-10-28T11:05:48.000Z,0.00289,0x24418ab1b19550b380652432eac1ab37bf3d0fa9,buy,0x8d5a69dc82a47594881256f2eef81770274fa30f,0x1410ae0d7ee67d0cc029ac3b8052c76e1f015d1944ef48a44db3c92186597aba
79,2,0.006,0x1d5321e125f6c7079a716705541c7b371ca79e69,2017-10-28T11:05:10.000Z,0.003,0x44973402c4f59687cb7d30e834a9944ddb451739,buy,0x8d5a69dc82a47594881256f2eef81770274fa30f,0x274ff680dcf17fdcb450d3ab1ec02ac494e0a4a491106d29e04ec6b321141c3a
80,1.9940179461615155,0.039860418743768694,0x06e11f1e94e054cb85dfe3010106226a27e44b88,2017-10-28T11:05:10.000Z,0.01999,0x1d5321e125f6c7079a716705541c7b371ca79e69,sell,0x8d5a69dc82a47594881256f2eef81770274fa30f,0x274ff680dcf17fdcb450d3ab1ec02ac494e0a4a491106d29e04ec6b321141c3a
81,2,0.0398,0x06e11f1e94e054cb85dfe3010106226a27e44b88,2017-10-28T11:04:09.000Z,0.0199,0x06e11f1e94e054cb85dfe3010106226a27e44b88,buy,0x8d5a69dc82a47594881256f2eef81770274fa30f,0x11fec61698e5eb70296b3aef307f59a004fabd109e25313a5238dd1d56f5977a
82,2,0.0398,0x06e11f1e94e054cb85dfe3010106226a27e44b88,2017-10-28T11:03:43.000Z,0.0199,0x06e11f1e94e054cb85dfe3010106226a27e44b88,buy,0x8d5a69dc82a47594881256f2eef81770274fa30f,0xebb18f1df2072769908f79589b70c9d89c0d7706a469292b6e75c084943214d2
83,2,0.0398,0x06e11f1e94e054cb85dfe3010106226a27e44b88,2017-10-28T11:03:43.000Z,0.0199,0x06e11f1e94e054cb85dfe3010106226a27e44b88,buy,0x8d5a69dc82a47594881256f2eef81770274fa30f,0xcba2849dd71c59ae26d28f58794b7338e089297100affbdf67a51b0f1a73cc08
84,2,0.188,0x06e11f1e94e054cb85dfe3010106226a27e44b88,2017-10-28T10:59:41.000Z,0.094,0x8bb282fcbecc628dfb235a17a3e6edf2467ad2cf,buy,0x8d5a69dc82a47594881256f2eef81770274fa30f,0x8546486012a4e43d3c065d622dbd918b51a169040f974377c86c564cd32ce911
85,2,0.188,0x06e11f1e94e054cb85dfe3010106226a27e44b88,2017-10-28T10:59:41.000Z,0.094,0x8bb282fcbecc628dfb235a17a3e6edf2467ad2cf,buy,0x8d5a69dc82a47594881256f2eef81770274fa30f,0x0cde6d14cdbe268db4dd837266f239d68c57194cc2c7a3e6fef91529ace6b270
86,10,0.175,0x06e11f1e94e054cb85dfe3010106226a27e44b88,2017-10-28T10:58:31.000Z,0.0175,0xa63673a283c8edaad95f39112c5f96bf68f1b64c,buy,0x8d5a69dc82a47594881256f2eef81770274fa30f,0x26f29a6b3daa1f98171ac43cff233b63f479ea4092efefe1d3ebcd3078d3465a
87,5,0.0875,0x06e11f1e94e054cb85dfe3010106226a27e44b88,2017-10-28T10:58:14.000Z,0.0175,0xa63673a283c8edaad95f39112c5f96bf68f1b64c,buy,0x8d5a69dc82a47594881256f2eef81770274fa30f,0x61feeb8775292f06b4303f646857f8237ff1336e3774cbe3318ddb018c0890f5
88,356,1.0324,0x71fd2dd47ed3350e4d8d1ee16a26db2434ca8608,2017-10-28T10:47:03.000Z,0.0029,0x350321939b1e9690783f876a66499198a72b37c3,buy,0x8d5a69dc82a47594881256f2eef81770274fa30f,0x0cfcc908b87ca305f051115d16cc5c535a86da2fb506a789e965aba24aabf869
89,1,0.0029,0x18b9a081678917a525258f98ea5eed5159146301,2017-10-28T02:15:38.000Z,0.0029,0x350321939b1e9690783f876a66499198a72b37c3,buy,0x8d5a69dc82a47594881256f2eef81770274fa30f,0x930cf3e428f328087d8f1eace29c5f71ee1265655e8f772265d42fd15cc911ce
90,989.893,0.39595720989893,0x24418ab1b19550b380652432eac1ab37bf3d0fa9,2017-10-28T01:19:21.000Z,0.00040000001,0x035392de57aa4fe343d86494103dbe1b068a56c6,sell,0x8d5a69dc82a47594881256f2eef81770274fa30f,0x3cbda61f7e53d141e4ff885b2ce053d0431c9d0b3252c3b54832bf957d128658
91,0.10698496509092176,0.000042793987106218,0x24418ab1b19550b380652432eac1ab37bf3d0fa9,2017-10-27T17:23:23.000Z,0.00040000000999999667,0xf0ec6e20fcdd113d75910170741e1fdafbe9bd9e,sell,0x8d5a69dc82a47594881256f2eef81770274fa30f,0x39ee252bba137d691e2a10901d5afad90193df983f43b77954e96e4286ebed9c
92,1073.1661848270362,0.000004292664739308,0x035392de57aa4fe343d86494103dbe1b068a56c6,2017-10-27T17:03:22.000Z,0.00000000399999999999,0xf0ec6e20fcdd113d75910170741e1fdafbe9bd9e,sell,0x8d5a69dc82a47594881256f2eef81770274fa30f,0x8980f3aa8ebba8a5b48120946cad720837c38c918b61c695b5ad8e92fdf791a4
93,1.4792093529892876,0.004437628058967863,0x7a87d26d49f3ca3eb7a110e4a4ea0774d531801d,2017-10-27T14:10:35.000Z,0.003,0x44973402c4f59687cb7d30e834a9944ddb451739,buy,0x8d5a69dc82a47594881256f2eef81770274fa30f,0x5f111a8499dd8adbc8e058467b43a30fc6d2eec29fcb13a0fb9b1b39a3e28d92
94,10,0.0040000001,0x24418ab1b19550b380652432eac1ab37bf3d0fa9,2017-10-27T14:09:39.000Z,0.00040000001,0x7a87d26d49f3ca3eb7a110e4a4ea0774d531801d,sell,0x8d5a69dc82a47594881256f2eef81770274fa30f,0xf39172555b7472b21d130eb3fb893ecb175d223ec1c2713ca2dfe4ea221ceea2
95,3.5,0.0035,0x4cd2e2749d20d98b8f56a5416637ae211b428678,2017-10-27T10:33:26.000Z,0.001,0x4b0925f7776c00378f9556fcd4b3aaf3efe0013f,sell,0x8d5a69dc82a47594881256f2eef81770274fa30f,0xa3c370707595551b6d37fc1e18ad0386c92103be5b46ecd046445a4699b05e7b
96,0.000000000000000043,0.000000000000000004,0xeded87fdc39a49bdd545cb3270b8ea13aa7b49a8,2017-10-26T12:24:57.000Z,0.09302325581395349,0x8bb282fcbecc628dfb235a17a3e6edf2467ad2cf,buy,0x8d5a69dc82a47594881256f2eef81770274fa30f,0xb4989401d6a0f71c98501d90bf24b4d30bd52412ff1960f7daca59ed62fe7203
97,9,0.072,0x06e11f1e94e054cb85dfe3010106226a27e44b88,2017-10-26T06:15:52.000Z,0.008,0x44973402c4f59687cb7d30e834a9944ddb451739,buy,0x8d5a69dc82a47594881256f2eef81770274fa30f,0x7b419d47c29a9d236f3191b77e0a37c30461628657a7a1fa9954c17df13224a8
98,10,0.175,0x06e11f1e94e054cb85dfe3010106226a27e44b88,2017-10-26T06:09:04.000Z,0.0175,0xa32b633426ed2b0a208911a75b656e67f143311f,buy,0x8d5a69dc82a47594881256f2eef81770274fa30f,0xfd9f593c5e9e029d9a2486d31712d58184dcaeddee46d376e7715196fb1aa6f4
99,5,0.071,0x06e11f1e94e054cb85dfe3010106226a27e44b88,2017-10-26T05:04:12.000Z,0.0142,0xa32b633426ed2b0a208911a75b656e67f143311f,buy,0x8d5a69dc82a47594881256f2eef81770274fa30f,0x08848f78c08ef555973732bc539f2890fcb2fc06dc32b733bba794f2a5eae07b
100,3.5,0.0035,0x4cd2e2749d20d98b8f56a5416637ae211b428678,2017-10-25T15:11:00.000Z,0.001,0x71cbd5dad1ade3e98d10a4b785f7776d54b8c833,sell,0x8d5a69dc82a47594881256f2eef81770274fa30f,0xa22a6fef21576398b9db12ca3f9fd5680779e8027fcba2f7b9b33025d6340ca3
101,0.867,0.07803,0x06e11f1e94e054cb85dfe3010106226a27e44b88,2017-10-24T15:21:05.000Z,0.09,0x8bb282fcbecc628dfb235a17a3e6edf2467ad2cf,buy,0x8d5a69dc82a47594881256f2eef81770274fa30f,0x695a4584ca8dcd08402b85486ee2fec9c2ebb569d1d18962e3f7cbbb517d537a
102,4,0.02,0xa32b633426ed2b0a208911a75b656e67f143311f,2017-10-24T05:33:50.000Z,0.005,0x350321939b1e9690783f876a66499198a72b37c3,buy,0x8d5a69dc82a47594881256f2eef81770274fa30f,0xf8ca2c99d3b68352091b27499f9e0d0fcbe69a3af1518e5c70872acc7a6b5f1b
103,2,0.01,0x06e11f1e94e054cb85dfe3010106226a27e44b88,2017-10-24T04:07:10.000Z,0.005,0x350321939b1e9690783f876a66499198a72b37c3,buy,0x8d5a69dc82a47594881256f2eef81770274fa30f,0xf2b1401b1b87026939ab6c28a6ed28c039524318a46d0af9bffbb8398a551ce3
104,3,0.015,0x06e11f1e94e054cb85dfe3010106226a27e44b88,2017-10-24T04:02:44.000Z,0.005,0x350321939b1e9690783f876a66499198a72b37c3,buy,0x8d5a69dc82a47594881256f2eef81770274fa30f,0xb81ff649f76acac3f7c0eab736da7259466938b17aea78347ca767fee5a89298
105,2,0.01,0x06e11f1e94e054cb85dfe3010106226a27e44b88,2017-10-24T04:02:35.000Z,0.005,0x350321939b1e9690783f876a66499198a72b37c3,buy,0x8d5a69dc82a47594881256f2eef81770274fa30f,0x68f5a51456f0929d2983bc094530b6ad17adc2bfe1929f9038a3b5670de6916b
106,2,0.005,0x7a87d26d49f3ca3eb7a110e4a4ea0774d531801d,2017-10-24T03:51:59.000Z,0.0025,0x06e11f1e94e054cb85dfe3010106226a27e44b88,sell,0x8d5a69dc82a47594881256f2eef81770274fa30f,0x2515506645b9317cc69e36c4d13c9a4e20e7253fae2922e3f0446eaf3eeede3e
107,0.006,0.00003,0x1d5321e125f6c7079a716705541c7b371ca79e69,2017-10-24T03:48:44.000Z,0.005,0x350321939b1e9690783f876a66499198a72b37c3,buy,0x8d5a69dc82a47594881256f2eef81770274fa30f,0x4caa24e22d7d7d3f676ca8d2b82e7b71003b8faa0afb88c7ecafc50c30540208
108,0.005982053838484546,0.000047856430707876,0x06e11f1e94e054cb85dfe3010106226a27e44b88,2017-10-24T03:48:44.000Z,0.007999999999999938,0x1d5321e125f6c7079a716705541c7b371ca79e69,sell,0x8d5a69dc82a47594881256f2eef81770274fa30f,0x4caa24e22d7d7d3f676ca8d2b82e7b71003b8faa0afb88c7ecafc50c30540208
109,2,0.01,0x273a5d3e6721b9f5c1a6474f560c1334c63dda01,2017-10-24T03:44:06.000Z,0.005,0x350321939b1e9690783f876a66499198a72b37c3,buy,0x8d5a69dc82a47594881256f2eef81770274fa30f,0x3955ce2c929b8bec5b8c1ab952dc89b4eef624290dc5b7cf438cc33fa989f86e
110,1.994,0.015952,0x06e11f1e94e054cb85dfe3010106226a27e44b88,2017-10-24T03:44:06.000Z,0.008,0x273a5d3e6721b9f5c1a6474f560c1334c63dda01,sell,0x8d5a69dc82a47594881256f2eef81770274fa30f,0x3955ce2c929b8bec5b8c1ab952dc89b4eef624290dc5b7cf438cc33fa989f86e
111,1.994,0.015952,0x06e11f1e94e054cb85dfe3010106226a27e44b88,2017-10-24T03:43:53.000Z,0.008,0x273a5d3e6721b9f5c1a6474f560c1334c63dda01,sell,0x8d5a69dc82a47594881256f2eef81770274fa30f,0xd5aeee7724eec33bbc5d448a335bb53327ffb7af4f1a9491e4e2a9ce8a648bdf
112,2,0.01,0x273a5d3e6721b9f5c1a6474f560c1334c63dda01,2017-10-24T03:43:53.000Z,0.005,0x350321939b1e9690783f876a66499198a72b37c3,buy,0x8d5a69dc82a47594881256f2eef81770274fa30f,0xd5aeee7724eec33bbc5d448a335bb53327ffb7af4f1a9491e4e2a9ce8a648bdf
113,2,0.01,0x273a5d3e6721b9f5c1a6474f560c1334c63dda01,2017-10-24T03:43:12.000Z,0.005,0x350321939b1e9690783f876a66499198a72b37c3,buy,0x8d5a69dc82a47594881256f2eef81770274fa30f,0x8eb0e1bef20176841bf379160b85c9808e358975a44d40016d695a88e4d550b1
114,2,0.01,0x273a5d3e6721b9f5c1a6474f560c1334c63dda01,2017-10-24T03:43:12.000Z,0.005,0x350321939b1e9690783f876a66499198a72b37c3,buy,0x8d5a69dc82a47594881256f2eef81770274fa30f,0xc28b5acd6b81b212aa690bb6fa623848b18c42ef15ff35f1f3d4547de642a537
115,2,0.01,0x273a5d3e6721b9f5c1a6474f560c1334c63dda01,2017-10-24T03:43:12.000Z,0.005,0x350321939b1e9690783f876a66499198a72b37c3,buy,0x8d5a69dc82a47594881256f2eef81770274fa30f,0xf64a9475a5b08226b5573d66814e2fc69bbe1209150ee2c865a843d085234f84
116,1.994,0.015952,0x06e11f1e94e054cb85dfe3010106226a27e44b88,2017-10-24T03:43:12.000Z,0.008,0x273a5d3e6721b9f5c1a6474f560c1334c63dda01,sell,0x8d5a69dc82a47594881256f2eef81770274fa30f,0xc28b5acd6b81b212aa690bb6fa623848b18c42ef15ff35f1f3d4547de642a537
117,1.994,0.015952,0x06e11f1e94e054cb85dfe3010106226a27e44b88,2017-10-24T03:43:12.000Z,0.008,0x273a5d3e6721b9f5c1a6474f560c1334c63dda01,sell,0x8d5a69dc82a47594881256f2eef81770274fa30f,0xf64a9475a5b08226b5573d66814e2fc69bbe1209150ee2c865a843d085234f84
118,1.994,0.015952,0x06e11f1e94e054cb85dfe3010106226a27e44b88,2017-10-24T03:43:12.000Z,0.008,0x273a5d3e6721b9f5c1a6474f560c1334c63dda01,sell,0x8d5a69dc82a47594881256f2eef81770274fa30f,0x8eb0e1bef20176841bf379160b85c9808e358975a44d40016d695a88e4d550b1
119,0.9969095803010667,0.00059814574818064,0xe6301b0f03d99ec3e3623095a421c40bcaad73ed,2017-10-23T03:56:39.000Z,0.0006,0x7d053385a05276eedcaf706325ae34ae544741a6,sell,0x8d5a69dc82a47594881256f2eef81770274fa30f,0x8faa1cfd7ef12292d8bcc9c8f51b19aa45651b381304cfc9f250ece5ffe201ff
120,1,0.01,0x4a57d0208164a1c1c63c75395dc444428a07b50a,2017-10-23T03:21:29.000Z,0.01,0x44973402c4f59687cb7d30e834a9944ddb451739,buy,0x8d5a69dc82a47594881256f2eef81770274fa30f,0x01cac35a34f23699b6043b74adeb7bf1b50362d160e0fdc882a082023b7ee239
121,79,1.106,0x450573f9ec383956e44d7a62b363107594d76c70,2017-10-23T00:26:32.000Z,0.014,0x2afa160de30bca489b6e7b11e348d1b4d5085864,buy,0x8d5a69dc82a47594881256f2eef81770274fa30f,0x4a223f7c39340392d27c69de2e77556a448a7937d89ef7bfa8682b107b30a12e
122,200,2.84,0x450573f9ec383956e44d7a62b363107594d76c70,2017-10-23T00:26:05.000Z,0.0142,0x2afa160de30bca489b6e7b11e348d1b4d5085864,buy,0x8d5a69dc82a47594881256f2eef81770274fa30f,0xd1cb1e775e796299eeb92b1fce232a9aa01059c399b8e30aff042d3ef08ef1e6
123,275,3.3,0x2afa160de30bca489b6e7b11e348d1b4d5085864,2017-10-23T00:00:13.000Z,0.012,0x450573f9ec383956e44d7a62b363107594d76c70,sell,0x8d5a69dc82a47594881256f2eef81770274fa30f,0x181923699f0de91329bf100bc84e1c484657677518278074e18dc3c5de4ce9dc
124,175,2.0825,0x450573f9ec383956e44d7a62b363107594d76c70,2017-10-22T23:43:57.000Z,0.0119,0x2afa160de30bca489b6e7b11e348d1b4d5085864,buy,0x8d5a69dc82a47594881256f2eef81770274fa30f,0x9381071a4895fe17f60cafc19a40a13f557ceba1c8feb1cb2f7a81ed42e0bf8b
125,129,1.4835,0x450573f9ec383956e44d7a62b363107594d76c70,2017-10-22T23:42:57.000Z,0.0115,0x2afa160de30bca489b6e7b11e348d1b4d5085864,buy,0x8d5a69dc82a47594881256f2eef81770274fa30f,0x44ca41af368c992959d56a3e98ca1934cf79c5ceb681955a9f932c5c772bc886
126,300,3.3,0x2afa160de30bca489b6e7b11e348d1b4d5085864,2017-10-22T23:39:43.000Z,0.011,0x450573f9ec383956e44d7a62b363107594d76c70,sell,0x8d5a69dc82a47594881256f2eef81770274fa30f,0xff2cbbb326b7500e9d78382be3f295c8aa0490c03e7c99b44774b00b61ca5c5b
127,85,0.935,0x450573f9ec383956e44d7a62b363107594d76c70,2017-10-22T23:37:31.000Z,0.011,0x2afa160de30bca489b6e7b11e348d1b4d5085864,buy,0x8d5a69dc82a47594881256f2eef81770274fa30f,0x2757a6c6897ce7190392a34a412e4ce91f415a01a88b1505ca3202b40e0ec57c
128,215,2.365,0x450573f9ec383956e44d7a62b363107594d76c70,2017-10-22T23:28:20.000Z,0.011,0x2afa160de30bca489b6e7b11e348d1b4d5085864,buy,0x8d5a69dc82a47594881256f2eef81770274fa30f,0x4ab309541c7cd324f80308ee260e252326a520c51b352cb0784e40061a09f861
129,120,1.212,0x2afa160de30bca489b6e7b11e348d1b4d5085864,2017-10-22T23:26:10.000Z,0.0101,0x450573f9ec383956e44d7a62b363107594d76c70,sell,0x8d5a69dc82a47594881256f2eef81770274fa30f,0x6d828899f7eb402f653d6b75ba071c70505f3c37f8f38fbe8ae5abff253dee02
130,180,2.556,0x2afa160de30bca489b6e7b11e348d1b4d5085864,2017-10-22T23:22:48.000Z,0.0142,0x450573f9ec383956e44d7a62b363107594d76c70,buy,0x8d5a69dc82a47594881256f2eef81770274fa30f,0x192c0f403c611850a4fbb502ef5360264b73ed25380c606a511ed1a6ef81a804
131,50,0.709995,0x450573f9ec383956e44d7a62b363107594d76c70,2017-10-22T23:21:13.000Z,0.0141999,0x2afa160de30bca489b6e7b11e348d1b4d5085864,buy,0x8d5a69dc82a47594881256f2eef81770274fa30f,0x06e08044be0eaa9f05b12584d16b8ab70cac5bad0c0925ded2c4b21518a76458
132,140,1.155,0x450573f9ec383956e44d7a62b363107594d76c70,2017-10-22T23:19:26.000Z,0.00825,0x2afa160de30bca489b6e7b11e348d1b4d5085864,sell,0x8d5a69dc82a47594881256f2eef81770274fa30f,0xa50838de25297e958f1cffcaa10ad9b906adc036b1e37d51fac243315c986457
133,220,1.87,0x450573f9ec383956e44d7a62b363107594d76c70,2017-10-22T23:17:49.000Z,0.0085,0x2afa160de30bca489b6e7b11e348d1b4d5085864,sell,0x8d5a69dc82a47594881256f2eef81770274fa30f,0x6ce3fbcaf0dd9bb35770309e818f6a8e9fea77a5d3f7a172ccee9d46e3934bd3
134,135,1.404,0x2afa160de30bca489b6e7b11e348d1b4d5085864,2017-10-22T22:52:46.000Z,0.0104,0x450573f9ec383956e44d7a62b363107594d76c70,buy,0x8d5a69dc82a47594881256f2eef81770274fa30f,0x4357545a2cbe31651e9be06c27a56d319dcace3bedb5daac41f319033780e412
135,140,1.3832,0x2afa160de30bca489b6e7b11e348d1b4d5085864,2017-10-22T22:52:46.000Z,0.00988,0x450573f9ec383956e44d7a62b363107594d76c70,buy,0x8d5a69dc82a47594881256f2eef81770274fa30f,0xa62b00efd56232fc0d6e53ef0b212f30ce15aea66d760b5dc4c2b910ba6a924a
136,120,1.416,0x450573f9ec383956e44d7a62b363107594d76c70,2017-10-22T22:48:26.000Z,0.0118,0x2afa160de30bca489b6e7b11e348d1b4d5085864,buy,0x8d5a69dc82a47594881256f2eef81770274fa30f,0x7f762a8e39d05211d09238ec26717b3a56d4c60e8e2801fba936639b88d492b2
137,50,0.589995,0x450573f9ec383956e44d7a62b363107594d76c70,2017-10-22T22:48:26.000Z,0.0117999,0x2afa160de30bca489b6e7b11e348d1b4d5085864,buy,0x8d5a69dc82a47594881256f2eef81770274fa30f,0xe068c56cbd3734352fa0dd9d7fae3f2c5b69fa54982794e0f5f5e68cbbbe20cc
138,180,2.124,0x2afa160de30bca489b6e7b11e348d1b4d5085864,2017-10-22T22:46:23.000Z,0.0118,0x450573f9ec383956e44d7a62b363107594d76c70,buy,0x8d5a69dc82a47594881256f2eef81770274fa30f,0xd929ed9b1b86595acad3e0682f10684df7389bfae9654747e8cc4e02473b4506
139,120,1.668,0x2afa160de30bca489b6e7b11e348d1b4d5085864,2017-10-22T22:45:19.000Z,0.0139,0x450573f9ec383956e44d7a62b363107594d76c70,buy,0x8d5a69dc82a47594881256f2eef81770274fa30f,0xdd2ab6962a70ddc2d09059b02f1efc7bf4365d4cf47f575255c43b612d7a0c5c
140,122,1.7324,0x450573f9ec383956e44d7a62b363107594d76c70,2017-10-22T22:43:26.000Z,0.0142,0x2afa160de30bca489b6e7b11e348d1b4d5085864,buy,0x8d5a69dc82a47594881256f2eef81770274fa30f,0xf725bce6ff14d5b53eb33625cb0953afcc126e225990f79e3791aa3917149a4b
141,100,1.42,0x450573f9ec383956e44d7a62b363107594d76c70,2017-10-22T22:42:55.000Z,0.0142,0x2afa160de30bca489b6e7b11e348d1b4d5085864,buy,0x8d5a69dc82a47594881256f2eef81770274fa30f,0x0d1b66c5ce03b681faa06fe28be4e364948a695d2f0ddf14a2a89e2e84d939ec
142,45,0.63,0x450573f9ec383956e44d7a62b363107594d76c70,2017-10-22T22:42:13.000Z,0.014,0x2afa160de30bca489b6e7b11e348d1b4d5085864,buy,0x8d5a69dc82a47594881256f2eef81770274fa30f,0x4650de2cf5869ad67d7b4a568fb2ab14d4ab79ef819d7783bf15bc0006f6972c
143,82.5,1.109625,0x2afa160de30bca489b6e7b11e348d1b4d5085864,2017-10-22T22:40:36.000Z,0.01345,0x450573f9ec383956e44d7a62b363107594d76c70,buy,0x8d5a69dc82a47594881256f2eef81770274fa30f,0x0910534a035f79403dfaeb244970e0a480e39ee9112f8d12531be82311cdc7c3
144,66,0.924,0x450573f9ec383956e44d7a62b363107594d76c70,2017-10-22T22:39:51.000Z,0.014,0x2afa160de30bca489b6e7b11e348d1b4d5085864,buy,0x8d5a69dc82a47594881256f2eef81770274fa30f,0x63b1477da9ed035ada31426ad59b8be466dc3578eaa854d662ce49878c26471e
145,84,1.176,0x450573f9ec383956e44d7a62b363107594d76c70,2017-10-22T22:39:07.000Z,0.014,0x2afa160de30bca489b6e7b11e348d1b4d5085864,buy,0x8d5a69dc82a47594881256f2eef81770274fa30f,0x19aa676b9bbad01d6d3558ce2cf1f870d834c241a5d23e4f5d095de4d8ad635c
146,5.662797212698605,0.07814660153524075,0x2afa160de30bca489b6e7b11e348d1b4d5085864,2017-10-22T22:35:33.000Z,0.0138,0x450573f9ec383956e44d7a62b363107594d76c70,buy,0x8d5a69dc82a47594881256f2eef81770274fa30f,0x3e97c906096c96617c29b5f9ce0080120af2bf23625b87db9942a8a93122a465
147,200,2.826,0x2afa160de30bca489b6e7b11e348d1b4d5085864,2017-10-22T22:35:21.000Z,0.01413,0x450573f9ec383956e44d7a62b363107594d76c70,buy,0x8d5a69dc82a47594881256f2eef81770274fa30f,0xddd6873b62acaac2348c0cbd8c306136eadfc67e772d919e05f4f56b70233da8
148,140,2.016,0x2afa160de30bca489b6e7b11e348d1b4d5085864,2017-10-22T22:32:45.000Z,0.0144,0x450573f9ec383956e44d7a62b363107594d76c70,buy,0x8d5a69dc82a47594881256f2eef81770274fa30f,0x9f57362d4f814348ef1736a532b550d9740ed45b136d593622dcb4aa566ae3c3
149,345,5.0025,0x450573f9ec383956e44d7a62b363107594d76c70,2017-10-22T22:21:57.000Z,0.0145,0x2afa160de30bca489b6e7b11e348d1b4d5085864,buy,0x8d5a69dc82a47594881256f2eef81770274fa30f,0x19de7b103c3152ee14f1f1647c7be481fe977d688a8305f0e318bd7f15c77a2e
150,142.3372027873014,1.9642533984647592,0x2afa160de30bca489b6e7b11e348d1b4d5085864,2017-10-22T22:16:52.000Z,0.0138,0x450573f9ec383956e44d7a62b363107594d76c70,buy,0x8d5a69dc82a47594881256f2eef81770274fa30f,0xe09039a2019aa5d19c3ea08da00316cae567c168ba95d32347ea3c2c444793da
151,120,1.74,0x2afa160de30bca489b6e7b11e348d1b4d5085864,2017-10-22T22:13:56.000Z,0.0145,0x450573f9ec383956e44d7a62b363107594d76c70,buy,0x8d5a69dc82a47594881256f2eef81770274fa30f,0x5f64a08dd35a705a968469e0dc8b61e8a52ddfe2fee668debb9b9d0fae163972
152,119,1.75525,0x450573f9ec383956e44d7a62b363107594d76c70,2017-10-22T22:12:34.000Z,0.01475,0x2afa160de30bca489b6e7b11e348d1b4d5085864,buy,0x8d5a69dc82a47594881256f2eef81770274fa30f,0xcd2db6e524f1e7ea22fb880e4d8ce2bcc3508f9557f8f526c41a1ccb9eb8190c
153,100,1.45,0x2afa160de30bca489b6e7b11e348d1b4d5085864,2017-10-22T22:11:02.000Z,0.0145,0x450573f9ec383956e44d7a62b363107594d76c70,buy,0x8d5a69dc82a47594881256f2eef81770274fa30f,0x7dda8090944566a62aa9a5e5d09f94c7fbcdea02e61130e74866859f46a2ef8d
154,113,1.66675,0x450573f9ec383956e44d7a62b363107594d76c70,2017-10-22T22:10:25.000Z,0.01475,0x2afa160de30bca489b6e7b11e348d1b4d5085864,buy,0x8d5a69dc82a47594881256f2eef81770274fa30f,0x4dd16e1a3731eec4fb5ade25833a193c6312852c7f57ae69662f19997187d145
155,68,1.003,0x450573f9ec383956e44d7a62b363107594d76c70,2017-10-22T22:09:17.000Z,0.01475,0x2afa160de30bca489b6e7b11e348d1b4d5085864,buy,0x8d5a69dc82a47594881256f2eef81770274fa30f,0x707815816d02bf82ecb109ceb1eb1ed36f459fb5a4b7102745ee03c6141831ac
156,126,1.89,0x2afa160de30bca489b6e7b11e348d1b4d5085864,2017-10-22T22:07:05.000Z,0.015,0x450573f9ec383956e44d7a62b363107594d76c70,buy,0x8d5a69dc82a47594881256f2eef81770274fa30f,0xa2cffcccc994f4763a3da3fdd86ce9a708a88e5c5a7a3410a16dc1f78b4146ba
157,94.75,1.39045625,0x450573f9ec383956e44d7a62b363107594d76c70,2017-10-22T22:03:46.000Z,0.014675,0x2afa160de30bca489b6e7b11e348d1b4d5085864,buy,0x8d5a69dc82a47594881256f2eef81770274fa30f,0x73b994dc619cecf1e772a4f3a43e18f2332c6a2c5be8d66d733ac00b85d6aa0b
158,47.25,0.69339375,0x450573f9ec383956e44d7a62b363107594d76c70,2017-10-22T22:00:30.000Z,0.014675,0x2afa160de30bca489b6e7b11e348d1b4d5085864,buy,0x8d5a69dc82a47594881256f2eef81770274fa30f,0xab912328b854d6451de8c9641560ac3c2ed4714e571579069f8d642f8e337cd3
159,32,0.4696,0x450573f9ec383956e44d7a62b363107594d76c70,2017-10-22T21:58:13.000Z,0.014675,0x2afa160de30bca489b6e7b11e348d1b4d5085864,buy,0x8d5a69dc82a47594881256f2eef81770274fa30f,0x9480f66706fc584390bea2bbff473908c57a046bd339cc39220e8c5c9d4155d2
160,2,0.02936,0x450573f9ec383956e44d7a62b363107594d76c70,2017-10-22T21:54:28.000Z,0.01468,0x0a62d7f4693b06e879c8dcebc19484484bfb6860,buy,0x8d5a69dc82a47594881256f2eef81770274fa30f,0x0542bf0e42441c1e4ff368576ec616de0cf2e499f07d27dcd4340988269818fb
161,116,1.70172,0x2afa160de30bca489b6e7b11e348d1b4d5085864,2017-10-22T21:52:42.000Z,0.01467,0x450573f9ec383956e44d7a62b363107594d76c70,buy,0x8d5a69dc82a47594881256f2eef81770274fa30f,0xb64631fe4fcf8ec0bc35c0859a5ef78932b6fa375320ff78cdde230f3d407b6c
162,200,2.95,0x2afa160de30bca489b6e7b11e348d1b4d5085864,2017-10-22T21:51:03.000Z,0.01475,0x450573f9ec383956e44d7a62b363107594d76c70,buy,0x8d5a69dc82a47594881256f2eef81770274fa30f,0xb67f20b24e2b366aca0ecb3f100db141f58a55edd02f9456af91c3988a3f29b2
163,18.344,0.146752,0x2afa160de30bca489b6e7b11e348d1b4d5085864,2017-10-22T21:50:00.000Z,0.008,0x71fd2dd47ed3350e4d8d1ee16a26db2434ca8608,buy,0x8d5a69dc82a47594881256f2eef81770274fa30f,0x9c3beacb8c28ed2036ce388811931b1f378e256e71b1430e43dc684c75458f41
164,0.000000000000000875,0.000000000000000007,0x2afa160de30bca489b6e7b11e348d1b4d5085864,2017-10-22T21:43:05.000Z,0.008,0x71fd2dd47ed3350e4d8d1ee16a26db2434ca8608,buy,0x8d5a69dc82a47594881256f2eef81770274fa30f,0x80d01c495765673cf4fbc1b26cda9adc74be1b22b15c7afbbe5d97dedad1d821
165,0.03489183531053725,0.000279134682484298,0x370641233091f38508488effc4487c3be51b421e,2017-10-22T17:32:46.000Z,0.008,0x71fd2dd47ed3350e4d8d1ee16a26db2434ca8608,buy,0x8d5a69dc82a47594881256f2eef81770274fa30f,0xf63a0a8cb0440a4cff23ae292cd8b176b7143595b8b8ada58b1d31203c97ec30
166,0.6355472268573615,0.010486529243146464,0x13649d53cfd7cc2e60a6d4a57794d845e3506176,2017-10-21T06:00:31.000Z,0.0165,0x13649d53cfd7cc2e60a6d4a57794d845e3506176,buy,0x8d5a69dc82a47594881256f2eef81770274fa30f,0x841c6ccadfc9af3340dd6bdc04b78e80f961d03b38d932e3188430425bb141ec
167,2.103,0.010515,0x7a87d26d49f3ca3eb7a110e4a4ea0774d531801d,2017-10-20T18:49:07.000Z,0.005,0x13649d53cfd7cc2e60a6d4a57794d845e3506176,sell,0x8d5a69dc82a47594881256f2eef81770274fa30f,0x53b238216d9f46586943614cf6284685de6d207190e9294a93707e00139ec10e
168,38,0.209,0x4cd2e2749d20d98b8f56a5416637ae211b428678,2017-10-20T18:43:29.000Z,0.0055,0x71fd2dd47ed3350e4d8d1ee16a26db2434ca8608,sell,0x8d5a69dc82a47594881256f2eef81770274fa30f,0xbcaa4cca896cce62b7941a87951b00da0f9915b6b246eabdb2b98a45a469b6ee
169,80,0.44,0xe6301b0f03d99ec3e3623095a421c40bcaad73ed,2017-10-20T18:43:29.000Z,0.0055,0x71fd2dd47ed3350e4d8d1ee16a26db2434ca8608,sell,0x8d5a69dc82a47594881256f2eef81770274fa30f,0x08d67bd8f8d06c438879d3d9b47a4789794f2177bc702978dd9aa9cddcfee211
170,89,0.4895,0x4cd2e2749d20d98b8f56a5416637ae211b428678,2017-10-20T18:43:26.000Z,0.0055,0x71fd2dd47ed3350e4d8d1ee16a26db2434ca8608,sell,0x8d5a69dc82a47594881256f2eef81770274fa30f,0x78afcdae15974182f2cebe1cafbfe3607a4edc8dce7112c573a773e1b7bad48e
171,600,3.3,0x4cd2e2749d20d98b8f56a5416637ae211b428678,2017-10-20T18:40:43.000Z,0.0055,0x450573f9ec383956e44d7a62b363107594d76c70,sell,0x8d5a69dc82a47594881256f2eef81770274fa30f,0xb2d2f05a622ab7d88cab14d7d868a665996a180a62ac79079f66677f96f669e4
172,0.8998420685349102,0.00449921034267455,0x7a87d26d49f3ca3eb7a110e4a4ea0774d531801d,2017-10-20T05:33:38.000Z,0.004999999999999999,0xe84e24bdfe24642f84ced7ffe6cd4dcfbb39a8d3,sell,0x8d5a69dc82a47594881256f2eef81770274fa30f,0xb91c74665052b77477bfc4e5fcb6548f01d43c586181f47ffe047e2ab2068df6
173,0.000184302544943821,0.000002266921302809,0x9419156923072105c5efaabd932cab6e010eca3d,2017-10-20T03:20:54.000Z,0.012300000000000009,0xa63cacf21ea07928f1d0f17558ef823fa00c6425,buy,0x8d5a69dc82a47594881256f2eef81770274fa30f,0x49fd6c49c1dc2f9c23be59e35f5613c9bd32afc0b4de79c01f95874507e3a9ae
174,0.25266097320528585,0.022739487588475726,0x9419156923072105c5efaabd932cab6e010eca3d,2017-10-20T03:19:05.000Z,0.09,0x8bb282fcbecc628dfb235a17a3e6edf2467ad2cf,buy,0x8d5a69dc82a47594881256f2eef81770274fa30f,0x71127a96123ba5ccc990974df65de35e35487a5df44abbdf90fa1c5dc6a34395
175,2,0.02478,0x1da6eff4c08018a62db7fa67bdad566e4b1b7254,2017-10-19T14:43:18.000Z,0.01239,0x370641233091f38508488effc4487c3be51b421e,sell,0x8d5a69dc82a47594881256f2eef81770274fa30f,0xd83a8a9368c2d869b64699d0ad688ede0579120999bc6389f082dedcbb5488ca
176,3.2299870401754562,0.0403748380021932,0x13649d53cfd7cc2e60a6d4a57794d845e3506176,2017-10-19T13:06:05.000Z,0.0125,0xe6136e411dff21e631b389daf1ffee28638d78e4,buy,0x8d5a69dc82a47594881256f2eef81770274fa30f,0xee0756727b4b4ff665b9083a2d93e6d05ad3cf99684532d4f136c68cbde5027d
177,3,0.0405,0x18b9a081678917a525258f98ea5eed5159146301,2017-10-19T07:01:54.000Z,0.0135,0x13649d53cfd7cc2e60a6d4a57794d845e3506176,buy,0x8d5a69dc82a47594881256f2eef81770274fa30f,0x55cd26d58a715ad10e6b5b8f69e5d65326ea8a47571c7db4d42941ebb38efd44
178,0.9969095803010667,0.004984547901505333,0x7a87d26d49f3ca3eb7a110e4a4ea0774d531801d,2017-10-19T06:55:22.000Z,0.004999999999999999,0x18b9a081678917a525258f98ea5eed5159146301,sell,0x8d5a69dc82a47594881256f2eef81770274fa30f,0xdecb0c6f343b2419db563e5bd63c8b56f481e631eb45fd9124cb4c0a81e3bc63
179,1,0.0135,0x3ac636ac5c3a2576156ac5f10066ca68abe0ad54,2017-10-18T17:32:39.000Z,0.0135,0xe6136e411dff21e631b389daf1ffee28638d78e4,buy,0x8d5a69dc82a47594881256f2eef81770274fa30f,0xbd0c1589fe32b35aafec33d90d4725a37f112898cdf41e398134be0834f7d807
180,0.037037037037037035,0.0005,0xf9695cd65d6dfdf257fab76a3eb0cb8f001971cc,2017-10-18T15:20:19.000Z,0.0135,0xe6136e411dff21e631b389daf1ffee28638d78e4,buy,0x8d5a69dc82a47594881256f2eef81770274fa30f,0xedd3126ef0a2508326a567349f49a23cf10a677cb340d97c2efda42f9b444b80
181,0.037037037037037035,0.0005,0x379374d13077e8867ef31803c37baf9785a17c00,2017-10-18T15:20:19.000Z,0.0135,0xe6136e411dff21e631b389daf1ffee28638d78e4,buy,0x8d5a69dc82a47594881256f2eef81770274fa30f,0xb63b547907fdf045b3cecc27e9de6a94a712aaa103dd3a2d483b2188c4e2c089
182,1,0.01423,0x18b9a081678917a525258f98ea5eed5159146301,2017-10-17T23:23:05.000Z,0.01423,0x450573f9ec383956e44d7a62b363107594d76c70,buy,0x8d5a69dc82a47594881256f2eef81770274fa30f,0xd2c575880823c5a6d2d001ec8dcf6fb05585b46c55530dc26ce25ac7b3df0496
183,1,0.013,0x06e11f1e94e054cb85dfe3010106226a27e44b88,2017-10-17T22:40:17.000Z,0.013,0x370641233091f38508488effc4487c3be51b421e,sell,0x8d5a69dc82a47594881256f2eef81770274fa30f,0x719343f37e7c919b16ae617640e64c7e40a0a70a69372377549836c507c67894
184,1,0.013,0x06e11f1e94e054cb85dfe3010106226a27e44b88,2017-10-17T22:37:50.000Z,0.013,0x370641233091f38508488effc4487c3be51b421e,sell,0x8d5a69dc82a47594881256f2eef81770274fa30f,0xe787d4270ba028514a5a04ff655dcb08cf5f4503224aeab3e7b656841de20668
185,1.25,0.0175,0x7a87d26d49f3ca3eb7a110e4a4ea0774d531801d,2017-10-17T22:32:10.000Z,0.014,0x370641233091f38508488effc4487c3be51b421e,sell,0x8d5a69dc82a47594881256f2eef81770274fa30f,0x644e4ee4dcb044088ffa38e93258dbb46913bdc948ead22c850ce7d9729272b7
186,1,0.013,0x06e11f1e94e054cb85dfe3010106226a27e44b88,2017-10-17T18:26:56.000Z,0.013,0x370641233091f38508488effc4487c3be51b421e,sell,0x8d5a69dc82a47594881256f2eef81770274fa30f,0x6e688c1cbb79bde2fa2b05352fc08a8c6534ad60e46a957420566df5386e0d8f
187,1,0.016,0x06e11f1e94e054cb85dfe3010106226a27e44b88,2017-10-17T18:11:02.000Z,0.016,0x370641233091f38508488effc4487c3be51b421e,sell,0x8d5a69dc82a47594881256f2eef81770274fa30f,0x6f300641d90be57f73f9c89153b1380cb5d59e6a9840f2f106d3fdec8da4f4be
188,1,0.016,0x06e11f1e94e054cb85dfe3010106226a27e44b88,2017-10-17T18:10:26.000Z,0.016,0x370641233091f38508488effc4487c3be51b421e,sell,0x8d5a69dc82a47594881256f2eef81770274fa30f,0x41f66a5f9e146765d88cfdac13a820231b3647abff94ef105923d028490f69db
189,1,0.016,0x06e11f1e94e054cb85dfe3010106226a27e44b88,2017-10-17T18:10:17.000Z,0.016,0x370641233091f38508488effc4487c3be51b421e,sell,0x8d5a69dc82a47594881256f2eef81770274fa30f,0x41f66a5f9e146765d88cfdac13a820231b3647abff94ef105923d028490f69db
190,0.035137034434293744,0.0005,0x16e5d97bbc92417e051e3b2cabfbf8ceea2acb9c,2017-10-17T18:03:04.000Z,0.01423,0x450573f9ec383956e44d7a62b363107594d76c70,buy,0x8d5a69dc82a47594881256f2eef81770274fa30f,0xd59bb4910cd03559d55c64f44f60c578627a9ef91db5b9451695259ef53e7c53
191,1,0.013,0x06e11f1e94e054cb85dfe3010106226a27e44b88,2017-10-17T17:45:55.000Z,0.013,0x370641233091f38508488effc4487c3be51b421e,sell,0x8d5a69dc82a47594881256f2eef81770274fa30f,0x86faf398b51dc2e9d7a4253129b90f00df8a5929f68fd33e671c82518666e542
192,1,0.013,0x06e11f1e94e054cb85dfe3010106226a27e44b88,2017-10-17T17:43:33.000Z,0.013,0x370641233091f38508488effc4487c3be51b421e,sell,0x8d5a69dc82a47594881256f2eef81770274fa30f,0x59153266338f53000b78055fd63a144f7704d462863a237cfc9bdd59eb90dd16
193,0.3166587280214909,0.005519361629414587,0x06e11f1e94e054cb85dfe3010106226a27e44b88,2017-10-17T17:14:18.000Z,0.01743,0x370641233091f38508488effc4487c3be51b421e,sell,0x8d5a69dc82a47594881256f2eef81770274fa30f,0xf8ab0479dae331c53837237583fc3f6f6835dd48922425d8161a8ccfb3731f3c
194,0.035137034434293744,0.0005,0x42c24a83bded723edfdf5883bc7efb30bc1a1bf3,2017-10-17T16:00:09.000Z,0.01423,0x450573f9ec383956e44d7a62b363107594d76c70,buy,0x8d5a69dc82a47594881256f2eef81770274fa30f,0xa5554ecda4ee64d5bd3393b9cd779c2cf6e1c877d47157a0054113e9c95cf6b0
195,1.009,0.01758687,0x06e11f1e94e054cb85dfe3010106226a27e44b88,2017-10-17T11:51:56.000Z,0.01743,0x7a87d26d49f3ca3eb7a110e4a4ea0774d531801d,sell,0x8d5a69dc82a47594881256f2eef81770274fa30f,0x469cb39fb147881e800977495c4dc22d861043b3d4433f6b975e53712de41780
196,4.498,0.06400654,0x7a87d26d49f3ca3eb7a110e4a4ea0774d531801d,2017-10-17T11:50:15.000Z,0.01423,0x450573f9ec383956e44d7a62b363107594d76c70,buy,0x8d5a69dc82a47594881256f2eef81770274fa30f,0xe4d14a3c3ad6c2c79cf3a5443892dc0d8309d35da4f44b981392bbc0b76b5779
197,1.683341271978509,0.029340638370585412,0x06e11f1e94e054cb85dfe3010106226a27e44b88,2017-10-17T11:49:20.000Z,0.01743,0x7a87d26d49f3ca3eb7a110e4a4ea0774d531801d,sell,0x8d5a69dc82a47594881256f2eef81770274fa30f,0x333ec3ca9474bdc983f203aed06e5f1c8ceba9e8cf2e8a2de2d62bfe64424812
198,2,0.03486,0x06e11f1e94e054cb85dfe3010106226a27e44b88,2017-10-17T11:47:53.000Z,0.01743,0x7a87d26d49f3ca3eb7a110e4a4ea0774d531801d,sell,0x8d5a69dc82a47594881256f2eef81770274fa30f,0x000432543f94bcbfab012405598df414b05a89fe8ec3b61b1e48d61eaf4fe98e
199,3.6944605371093604,0.0525721734430662,0x7a87d26d49f3ca3eb7a110e4a4ea0774d531801d,2017-10-17T11:45:48.000Z,0.01423,0x450573f9ec383956e44d7a62b363107594d76c70,buy,0x8d5a69dc82a47594881256f2eef81770274fa30f,0xc034ce0fd71e2cbaf4e31e9f257703b51e56d095b24ce0447f78a6d88c7a5526
200,2,0.02846,0x7aa6e2506316f6d613277d4f2f4e4e1dc55e528e,2017-10-17T11:45:48.000Z,0.01423,0x450573f9ec383956e44d7a62b363107594d76c70,buy,0x8d5a69dc82a47594881256f2eef81770274fa30f,0x3fc7dde2c639facff7c3f7972111ef702556813ff608762f0d8b192a28f8874c
201,1.9940000000000002,0.03475542,0x06e11f1e94e054cb85dfe3010106226a27e44b88,2017-10-17T11:45:48.000Z,0.01743,0x7aa6e2506316f6d613277d4f2f4e4e1dc55e528e,sell,0x8d5a69dc82a47594881256f2eef81770274fa30f,0x3fc7dde2c639facff7c3f7972111ef702556813ff608762f0d8b192a28f8874c
202,0.9909281228192602,0.017271877180739706,0x06e11f1e94e054cb85dfe3010106226a27e44b88,2017-10-17T11:43:56.000Z,0.017429999999999998,0x7a87d26d49f3ca3eb7a110e4a4ea0774d531801d,sell,0x8d5a69dc82a47594881256f2eef81770274fa30f,0x1948dd0a50ed31a42fc711f43243879fb3fd3adbbde5cd0b0b2e9cf392d10089
203,2,0.03486,0x06e11f1e94e054cb85dfe3010106226a27e44b88,2017-10-17T11:41:08.000Z,0.01743,0x7a87d26d49f3ca3eb7a110e4a4ea0774d531801d,sell,0x8d5a69dc82a47594881256f2eef81770274fa30f,0xdbec7f29c271da04a02016b15757d8a4922086b9f2e2c6b1cc1d62e24a1771ec
204,6.98,0.122499,0x06e11f1e94e054cb85dfe3010106226a27e44b88,2017-10-17T08:30:04.000Z,0.01755,0xd64ec2b5aaa6385a274457cc7b3c73c740179655,sell,0x8d5a69dc82a47594881256f2eef81770274fa30f,0xe27830af942aaf256c5b780c87c8617abf97552e4d8d099f22d1c17ff6e838b7
205,10,0.1755,0x06e11f1e94e054cb85dfe3010106226a27e44b88,2017-10-17T08:23:05.000Z,0.01755,0xd64ec2b5aaa6385a274457cc7b3c73c740179655,sell,0x8d5a69dc82a47594881256f2eef81770274fa30f,0x299c82184431cf57a3d47bcd17e377342d7cfca2a204103c810bbe780a9befa2
206,10,0.1755,0x06e11f1e94e054cb85dfe3010106226a27e44b88,2017-10-17T08:23:03.000Z,0.01755,0xd64ec2b5aaa6385a274457cc7b3c73c740179655,sell,0x8d5a69dc82a47594881256f2eef81770274fa30f,0xad1c0deda8d166d50cda1e36c2388e9057daef99890930aea72d775ef1d9eb09
207,10,0.1755,0x06e11f1e94e054cb85dfe3010106226a27e44b88,2017-10-17T08:23:03.000Z,0.01755,0xd64ec2b5aaa6385a274457cc7b3c73c740179655,sell,0x8d5a69dc82a47594881256f2eef81770274fa30f,0xe43ee35072b478e6f51c028ebad2c310c55c42e76a0be882a8f341097672219c
208,10,0.1755,0x06e11f1e94e054cb85dfe3010106226a27e44b88,2017-10-17T08:22:40.000Z,0.01755,0xd64ec2b5aaa6385a274457cc7b3c73c740179655,sell,0x8d5a69dc82a47594881256f2eef81770274fa30f,0x5b4bf99d0e6adf298b84204b52a2c76dccbc266ee4aae9a6258767182550cd90
209,10,0.1755,0x06e11f1e94e054cb85dfe3010106226a27e44b88,2017-10-17T08:22:19.000Z,0.01755,0xd64ec2b5aaa6385a274457cc7b3c73c740179655,sell,0x8d5a69dc82a47594881256f2eef81770274fa30f,0xbf4b25f45964c2031193c5256098b0c20c04c16a4b17118857b7647597a2c0a6
210,0.028613940711914844,0.0005,0xcd912af5286dc0b0a23edb30209734ecb60838b3,2017-10-17T05:46:11.000Z,0.017474,0x4b0925f7776c00378f9556fcd4b3aaf3efe0013f,buy,0x8d5a69dc82a47594881256f2eef81770274fa30f,0x3a4ae24c8e6dac6ebb3c4a6bba3f8f3d4ff067976a98eb91905e0f20acbfa0e5
211,23.975821342610768,0.4183780824285579,0x06e11f1e94e054cb85dfe3010106226a27e44b88,2017-10-17T04:52:42.000Z,0.01745,0x44973402c4f59687cb7d30e834a9944ddb451739,sell,0x8d5a69dc82a47594881256f2eef81770274fa30f,0xea1305ffcb4afbf21fc1c91794001df5bc54903318e8659edb45b428075f109b
212,99.69095803010667,1.7396072176253614,0x06e11f1e94e054cb85dfe3010106226a27e44b88,2017-10-17T04:47:17.000Z,0.01745,0x44973402c4f59687cb7d30e834a9944ddb451739,sell,0x8d5a69dc82a47594881256f2eef81770274fa30f,0x0b6798055a550e7c72e00a0863d4084dfde5b308357f0e54d23c569343596df9
213,2,0.034948,0x18b9a081678917a525258f98ea5eed5159146301,2017-10-17T00:14:42.000Z,0.017474,0x4b0925f7776c00378f9556fcd4b3aaf3efe0013f,buy,0x8d5a69dc82a47594881256f2eef81770274fa30f,0x39c735baca4094f03a8366dfd5dea1207debeeb5c7dc65c68044b3a034d708f3
214,2,0.02711,0x06e11f1e94e054cb85dfe3010106226a27e44b88,2017-10-16T22:18:40.000Z,0.013555,0x370641233091f38508488effc4487c3be51b421e,sell,0x8d5a69dc82a47594881256f2eef81770274fa30f,0xfd8e4b1f9ed78e6bb16fc53ef6ce3a8ffbf0d04898452771aa77509f9d093346
215,7,0.122325,0x4b0925f7776c00378f9556fcd4b3aaf3efe0013f,2017-10-16T15:24:26.000Z,0.017475,0x5f8f862d021b7d68bf171ec68e4bae0541fb1a40,buy,0x8d5a69dc82a47594881256f2eef81770274fa30f,0x9511d8b474578347c1280ccf4bab055b7ce1c910cd15bc09a9de8b4c9bfbe085
216,2,0.02711,0x18b9a081678917a525258f98ea5eed5159146301,2017-10-16T14:54:13.000Z,0.013555,0x06e11f1e94e054cb85dfe3010106226a27e44b88,buy,0x8d5a69dc82a47594881256f2eef81770274fa30f,0xf9640286d4fba31e98363ce79ca748cc4c9ce108b272acec4e4f5bc36a6eb49f
217,2,0.02711,0x18b9a081678917a525258f98ea5eed5159146301,2017-10-16T14:50:39.000Z,0.013555,0x06e11f1e94e054cb85dfe3010106226a27e44b88,buy,0x8d5a69dc82a47594881256f2eef81770274fa30f,0x297604affa821b670bf646ae1a26a70034cf58c91a113b511df918acde2785ed
218,2,0.02711,0x06e11f1e94e054cb85dfe3010106226a27e44b88,2017-10-16T14:49:11.000Z,0.013555,0x370641233091f38508488effc4487c3be51b421e,sell,0x8d5a69dc82a47594881256f2eef81770274fa30f,0xd78e61aec533642176d2865f9be1dfdfe21bde558077088eeafe6cf8a34e5eeb
219,2,0.02711,0x06e11f1e94e054cb85dfe3010106226a27e44b88,2017-10-16T14:44:13.000Z,0.013555,0x370641233091f38508488effc4487c3be51b421e,sell,0x8d5a69dc82a47594881256f2eef81770274fa30f,0x2c1bc8c9394befaaaf4f2c1680a06af0bdc556b6b9eb9cb6a95873cc612029bd
220,2,0.02711,0x18b9a081678917a525258f98ea5eed5159146301,2017-10-16T14:44:09.000Z,0.013555,0x06e11f1e94e054cb85dfe3010106226a27e44b88,buy,0x8d5a69dc82a47594881256f2eef81770274fa30f,0xb6b65d9dc3b1c4aff40db0ddaffc5630988c8487ee012f33f936048109a0de19
221,2,0.02711,0x06e11f1e94e054cb85dfe3010106226a27e44b88,2017-10-16T14:44:09.000Z,0.013555,0x370641233091f38508488effc4487c3be51b421e,sell,0x8d5a69dc82a47594881256f2eef81770274fa30f,0xda1d7841f8c7fd186f19a7bfa9a963a14a907730028d0bfb01f03e6fd8378e11
222,1.994,0.0349947,0x06e11f1e94e054cb85dfe3010106226a27e44b88,2017-10-16T14:38:18.000Z,0.01755,0x7aa6e2506316f6d613277d4f2f4e4e1dc55e528e,sell,0x8d5a69dc82a47594881256f2eef81770274fa30f,0x1854d3371419af5505d0004fcbcb723a006b38860fc453b34c8e2ea8160dd075
223,2,0.02711,0x7aa6e2506316f6d613277d4f2f4e4e1dc55e528e,2017-10-16T14:38:18.000Z,0.013555,0x06e11f1e94e054cb85dfe3010106226a27e44b88,buy,0x8d5a69dc82a47594881256f2eef81770274fa30f,0x1854d3371419af5505d0004fcbcb723a006b38860fc453b34c8e2ea8160dd075
224,9.861,0.1686231,0x18b9a081678917a525258f98ea5eed5159146301,2017-10-16T14:27:51.000Z,0.0171,0x22eb520ce1f1eaffade7c4ff769fff8599c1b24a,buy,0x8d5a69dc82a47594881256f2eef81770274fa30f,0x1dda8059c7e451d3d98f5b3229d97448e932079dac9f8b271107f6ace6eb8eb3
225,9,0.153,0x18b9a081678917a525258f98ea5eed5159146301,2017-10-16T14:20:11.000Z,0.017,0x4b0925f7776c00378f9556fcd4b3aaf3efe0013f,buy,0x8d5a69dc82a47594881256f2eef81770274fa30f,0xc33a48fd82371fa612b9311372fc0de11a2dfa3e109fdf83385711679f870584
226,2,0.0351,0x06e11f1e94e054cb85dfe3010106226a27e44b88,2017-10-16T14:17:31.000Z,0.01755,0xd64ec2b5aaa6385a274457cc7b3c73c740179655,sell,0x8d5a69dc82a47594881256f2eef81770274fa30f,0x754270dcc212a39a27d519700cd0c6752c272797e9d07177453a05cb3b2fa8f0
227,2,0.0351,0x06e11f1e94e054cb85dfe3010106226a27e44b88,2017-10-16T14:14:39.000Z,0.01755,0xd64ec2b5aaa6385a274457cc7b3c73c740179655,sell,0x8d5a69dc82a47594881256f2eef81770274fa30f,0x430ecf3e46a13f7a1e064cfd5ba07d2397cd53beec1ae52ed746cba30903e7c8
228,2,0.0351,0x06e11f1e94e054cb85dfe3010106226a27e44b88,2017-10-16T14:14:14.000Z,0.01755,0xd64ec2b5aaa6385a274457cc7b3c73c740179655,sell,0x8d5a69dc82a47594881256f2eef81770274fa30f,0xe6e5a280ad8f5eb146cca7334abaa1de2dd6ec499eff0d054cbd64d3d207e975
229,2,0.0351,0x06e11f1e94e054cb85dfe3010106226a27e44b88,2017-10-16T14:14:00.000Z,0.01755,0xd64ec2b5aaa6385a274457cc7b3c73c740179655,sell,0x8d5a69dc82a47594881256f2eef81770274fa30f,0x075c4830c3dc1c16e8b5fa48eefdf337578aaa63486ea70dc733c61dabd13694
230,2,0.03554,0x06e11f1e94e054cb85dfe3010106226a27e44b88,2017-10-16T12:24:36.000Z,0.01777,0xd64ec2b5aaa6385a274457cc7b3c73c740179655,sell,0x8d5a69dc82a47594881256f2eef81770274fa30f,0x2e54c29a78fe20ed0f493137fc6348351ea05efc00e6d1a1e65b120ab335b888
231,2,0.03554,0x06e11f1e94e054cb85dfe3010106226a27e44b88,2017-10-16T12:24:36.000Z,0.01777,0xd64ec2b5aaa6385a274457cc7b3c73c740179655,sell,0x8d5a69dc82a47594881256f2eef81770274fa30f,0x7fce34c60a3a1c972969738990d40619676098f0e3242d1f1f9d694d9fdbe744
232,2,0.03554,0x06e11f1e94e054cb85dfe3010106226a27e44b88,2017-10-16T12:24:36.000Z,0.01777,0xd64ec2b5aaa6385a274457cc7b3c73c740179655,sell,0x8d5a69dc82a47594881256f2eef81770274fa30f,0x4ad4d0fcd42f1c5d809a1b73d563dc89b3e032ca9a3a25f7453f8ed1b844a592
233,3,0.042,0x7a87d26d49f3ca3eb7a110e4a4ea0774d531801d,2017-10-16T07:37:13.000Z,0.014,0x4b0925f7776c00378f9556fcd4b3aaf3efe0013f,sell,0x8d5a69dc82a47594881256f2eef81770274fa30f,0xc96484b8a73ac819af3ea1cf04d01b622357a309fdd444c090715680cc36ec33
234,189.41282025720267,0.1136476921543216,0x4b0925f7776c00378f9556fcd4b3aaf3efe0013f,2017-10-16T04:54:55.000Z,0.0006,0xd5e0e62da26f4eb3f95ea02943db238cc2588561,sell,0x8d5a69dc82a47594881256f2eef81770274fa30f,0xd08e4793c8e06303b88eb092268526ba3d408b8cd519f31deb2f9449d0c0e7d8
235,0.000000000007982971,0.000000000399148599,0xeded87fdc39a49bdd545cb3270b8ea13aa7b49a8,2017-10-15T19:58:23.000Z,50.00000613806564,0xbf52f67f8524587d6a7ab1f1f8d092c635b9587f,buy,0x8d5a69dc82a47594881256f2eef81770274fa30f,0xcbe573284b283b939273d5e80606bafc70247ea280604da5eddc112b362520d7
236,5.201909066704363,0.0832305450672698,0x4cd2e2749d20d98b8f56a5416637ae211b428678,2017-10-15T16:01:00.000Z,0.016,0xd64ec2b5aaa6385a274457cc7b3c73c740179655,sell,0x8d5a69dc82a47594881256f2eef81770274fa30f,0x83fa2c6156448336212be03ffa3456579a98087495e65d916be39ad24c8bbe56
237,14.29767720068201,0.22876283521091215,0x4cd2e2749d20d98b8f56a5416637ae211b428678,2017-10-15T14:57:24.000Z,0.016,0x0989e63fdc14c80369132d55f41f2ed3869e66d1,sell,0x8d5a69dc82a47594881256f2eef81770274fa30f,0x22827d2064b61f5cec7b79a2b25afc6ea7429994d5c1e84ac33c8e673fb59f49
238,0.000000041241289238,0.000000000659860627,0x4cd2e2749d20d98b8f56a5416637ae211b428678,2017-10-15T12:29:42.000Z,0.015999999980407985,0x0989e63fdc14c80369132d55f41f2ed3869e66d1,sell,0x8d5a69dc82a47594881256f2eef81770274fa30f,0xc0251c4316603401bc62b75e62e2f83ae1db49a5c8f999c2ed54c7b7dcabc499
239,0.000413691372337937,0.000006619061957406,0x4cd2e2749d20d98b8f56a5416637ae211b428678,2017-10-15T12:04:00.000Z,0.015999999999997603,0x0989e63fdc14c80369132d55f41f2ed3869e66d1,sell,0x8d5a69dc82a47594881256f2eef81770274fa30f,0x98dd16b362dbf020391e8e9f72b8cd7c004e56c849bf561ba1e35302608acd89
240,3.6,0.06156,0xcdfd5d44d0c016c1386d54189aba3a6c3ec0f1e9,2017-10-15T00:14:32.000Z,0.0171,0xd64ec2b5aaa6385a274457cc7b3c73c740179655,sell,0x8d5a69dc82a47594881256f2eef81770274fa30f,0x7ec46de3c3e25913ff99c50eb50e87fa9919883b7ce0bf20783e812a45be41eb
241,0.5,0.008,0x31b18e35ab2290f24fc02e37d95fb73740d86958,2017-10-14T09:15:45.000Z,0.016,0x22eb520ce1f1eaffade7c4ff769fff8599c1b24a,sell,0x8d5a69dc82a47594881256f2eef81770274fa30f,0xfc6c550a49e42de412aaa8306d6cbb09119332b73c18bf60fc0cdd9d706e5744
242,0.9625509911,0.01666666666599561,0x5d5065b42bdee0274e394ba9042c21e1818c69cf,2017-10-14T09:14:47.000Z,0.0173151,0x22eb520ce1f1eaffade7c4ff769fff8599c1b24a,sell,0x8d5a69dc82a47594881256f2eef81770274fa30f,0xe4d20e32ddeb592821d5d2ea7ccec514694e1eee06e8eebfecb54bc3585a1d1e
243,17,0.2943567,0x18b9a081678917a525258f98ea5eed5159146301,2017-10-14T08:56:43.000Z,0.0173151,0xb08c193fe776379e8d64e2f9f5eb8065c5eef024,sell,0x8d5a69dc82a47594881256f2eef81770274fa30f,0x694594d9b6382b643967262b055ba0ec83a1ecebc40fa307523fc4ab59f53e5f
244,0.15,0.0026235,0xe84e24bdfe24642f84ced7ffe6cd4dcfbb39a8d3,2017-10-14T08:25:32.000Z,0.01749,0xb08c193fe776379e8d64e2f9f5eb8065c5eef024,buy,0x8d5a69dc82a47594881256f2eef81770274fa30f,0xb76f78535bbddbbedf635ae993f3100e8ace6bf06ccfdd35b5211f6ae247794e
245,0.25263157894736843,0.004799999999999999,0xe84e24bdfe24642f84ced7ffe6cd4dcfbb39a8d3,2017-10-13T21:41:35.000Z,0.018999999999999996,0x0989e63fdc14c80369132d55f41f2ed3869e66d1,sell,0x8d5a69dc82a47594881256f2eef81770274fa30f,0x2366151a8d3e5b56506c4b63a36a0d1675ad0bd907849c31c6156184bee7b510
246,0.000045088508935022,0.00000400385959343,0xeded87fdc39a49bdd545cb3270b8ea13aa7b49a8,2017-10-13T05:27:00.000Z,0.08880000000000103,0x3e37e3d2e664dff18fded3f653b508652d9e4cc8,buy,0x8d5a69dc82a47594881256f2eef81770274fa30f,0xd0c46d63c8dbe586435cc57a48b8c4d9262720b45da07a42032f37b1f3e4b1ea
247,47,0.752,0xa63673a283c8edaad95f39112c5f96bf68f1b64c,2017-10-12T16:53:48.000Z,0.016,0x450573f9ec383956e44d7a62b363107594d76c70,sell,0x8d5a69dc82a47594881256f2eef81770274fa30f,0x58bf3bf93aced5b79af7c07a6db899c2e719f4e5bd0cfa915668b75f0beeada5
248,26.37489817436283,0.47474814076363275,0x48a0c6c3cd493332e9ab9dc8587d174e3864be08,2017-10-12T16:15:11.000Z,0.017999999,0x5f8f862d021b7d68bf171ec68e4bae0541fb1a40,buy,0x8d5a69dc82a47594881256f2eef81770274fa30f,0xa785777d12ba7bb613227b7ec390a1cd2661b1100794bbc0912904cf9f3cae50
249,0.5205479182091363,0.009499999507316736,0x6ca59cf604a7873df78ef3f5ee8790f302a1f2a7,2017-10-12T11:54:21.000Z,0.01825,0x450573f9ec383956e44d7a62b363107594d76c70,buy,0x8d5a69dc82a47594881256f2eef81770274fa30f,0x3c7e22c5df5ca76aca3550f7559f3512a2efa07a7284a2035c262b4d734bbffb
250,0.5,0.0095,0xe84e24bdfe24642f84ced7ffe6cd4dcfbb39a8d3,2017-10-12T11:54:21.000Z,0.019,0x6ca59cf604a7873df78ef3f5ee8790f302a1f2a7,sell,0x8d5a69dc82a47594881256f2eef81770274fa30f,0x3c7e22c5df5ca76aca3550f7559f3512a2efa07a7284a2035c262b4d734bbffb
251,5,0.089999995,0x53eb8a189b02b00647863475d8099af3794d934d,2017-10-12T07:11:27.000Z,0.017999999,0x5f8f862d021b7d68bf171ec68e4bae0541fb1a40,buy,0x8d5a69dc82a47594881256f2eef81770274fa30f,0x50e052d32688bb58499fa607df761f158a26522f67bc333f3da19b93c56f0071
252,6.756831599818341,0.12162296879673014,0xa4f6c8c17d29f026c973798cc5796e2011ad8401,2017-10-12T03:49:36.000Z,0.018,0x450573f9ec383956e44d7a62b363107594d76c70,buy,0x8d5a69dc82a47594881256f2eef81770274fa30f,0xa7643d86d4fa0e78b48249465b9102a0f2a7a25d4ce3ca53b6a3d2c84c9b75ff
253,9.34,0.14944,0x53eb8a189b02b00647863475d8099af3794d934d,2017-10-12T02:28:23.000Z,0.016,0x05dce7771501009c442d04e0dc7e900851fcca2f,buy,0x8d5a69dc82a47594881256f2eef81770274fa30f,0xba2cd1a326c26b6f692684e12fd706606e1b66f6a433d2f6733f04dcdc0c96dd
254,33.6,0.5376,0x172a8636263fa5fb857526e72fe4f09e1b32f612,2017-10-12T00:55:22.000Z,0.016,0x5f8f862d021b7d68bf171ec68e4bae0541fb1a40,sell,0x8d5a69dc82a47594881256f2eef81770274fa30f,0x3e852151616c5d83dff91ceb69693d9dae56160c63746503e8818fbef7c159f0
255,40,0.72,0x04d4ccbca50e31c4a4147168f7ed6900c515ade3,2017-10-11T23:38:43.000Z,0.018,0x450573f9ec383956e44d7a62b363107594d76c70,buy,0x8d5a69dc82a47594881256f2eef81770274fa30f,0x0aa104084a1acd350352c83c2b37677587ed200e4a1002b22faedac48f02a046
256,75,1.34625,0x0989e63fdc14c80369132d55f41f2ed3869e66d1,2017-10-11T19:41:41.000Z,0.01795,0x5f8f862d021b7d68bf171ec68e4bae0541fb1a40,buy,0x8d5a69dc82a47594881256f2eef81770274fa30f,0x98df483d441ad967c4e7629ef9acfad7b05c31a4aef28e5e23620d6109369dab
257,297.76873802323905,5.359837284418303,0x0989e63fdc14c80369132d55f41f2ed3869e66d1,2017-10-11T19:29:39.000Z,0.018,0x450573f9ec383956e44d7a62b363107594d76c70,buy,0x8d5a69dc82a47594881256f2eef81770274fa30f,0x562aa1d39adfad1ebb6d79ad2df1124ce3a0c3428e7eb5b0c09d8871f2ff72c2
258,2.23126197676093,0.04016271558169674,0xeded87fdc39a49bdd545cb3270b8ea13aa7b49a8,2017-10-11T13:10:37.000Z,0.018,0x450573f9ec383956e44d7a62b363107594d76c70,buy,0x8d5a69dc82a47594881256f2eef81770274fa30f,0x8f516e0da2641e52900938e997b09b93978d5eef3f1b2363ee6990a854ecb6f4
259,27.5,0.44,0x31b18e35ab2290f24fc02e37d95fb73740d86958,2017-10-11T12:32:52.000Z,0.016,0x5f8f862d021b7d68bf171ec68e4bae0541fb1a40,sell,0x8d5a69dc82a47594881256f2eef81770274fa30f,0x99e65cdb6628d117cde414538b6d52fec101023aaebb59e5d242487e846924ab
260,20,0.32,0xcdfd5d44d0c016c1386d54189aba3a6c3ec0f1e9,2017-10-11T12:18:52.000Z,0.016,0x5f8f862d021b7d68bf171ec68e4bae0541fb1a40,sell,0x8d5a69dc82a47594881256f2eef81770274fa30f,0xe967d0e3bd1bcb448b2b853af1701700d211d15bfee55f59255654b9d1e498e7
261,10,0.16,0xcdfd5d44d0c016c1386d54189aba3a6c3ec0f1e9,2017-10-11T11:40:06.000Z,0.016,0x450573f9ec383956e44d7a62b363107594d76c70,sell,0x8d5a69dc82a47594881256f2eef81770274fa30f,0x8048b4bd5e12b61a727f86e9ea9b12e8556c5bb94a4bb9fa2884d06900d3f920
262,350,3.5,0x5f8f862d021b7d68bf171ec68e4bae0541fb1a40,2017-10-11T11:15:22.000Z,0.01,0x450573f9ec383956e44d7a62b363107594d76c70,sell,0x8d5a69dc82a47594881256f2eef81770274fa30f,0xd97538c66ab7f3e57df588f53e5157b136e69c689bd349103604e7f0661dcd71
263,0.06858238926135761,0.001234483006704437,0x0989e63fdc14c80369132d55f41f2ed3869e66d1,2017-10-11T10:55:57.000Z,0.018,0xa66d8f7d7d816db529be4912300171e67a18b867,buy,0x8d5a69dc82a47594881256f2eef81770274fa30f,0xfee4ee491f8d3c386281bb1a37948aded11fc4a07b81bdd373318b3e67d2adff
264,1.2976210165829378,0.02324688051208333,0x0989e63fdc14c80369132d55f41f2ed3869e66d1,2017-10-11T10:34:54.000Z,0.017915,0x5f8f862d021b7d68bf171ec68e4bae0541fb1a40,buy,0x8d5a69dc82a47594881256f2eef81770274fa30f,0x02dea195ae63fff444aa9087cfeaa79a20e19805fb897dc8414633ccc322a66b
265,10,0.19,0x0989e63fdc14c80369132d55f41f2ed3869e66d1,2017-10-11T10:25:42.000Z,0.019,0xd64ec2b5aaa6385a274457cc7b3c73c740179655,buy,0x8d5a69dc82a47594881256f2eef81770274fa30f,0xbebd36d3160f5f9a4c038015b57a71250c29535594a4a53f9ecc92a545e51c86
266,22.740753663642707,0.4075143056524773,0x0989e63fdc14c80369132d55f41f2ed3869e66d1,2017-10-11T10:22:02.000Z,0.01792,0xf28d612d6d8873e58e3873951a67f037594da3e5,buy,0x8d5a69dc82a47594881256f2eef81770274fa30f,0x945e363da1bfc8d35c30871cbdd899bbeee0421a5c392cbcbb717ad90031d441
267,15.451,0.27425525,0x0989e63fdc14c80369132d55f41f2ed3869e66d1,2017-10-11T10:20:07.000Z,0.01775,0x5f8f862d021b7d68bf171ec68e4bae0541fb1a40,buy,0x8d5a69dc82a47594881256f2eef81770274fa30f,0x19b53f1b09e655e0331a8bd46e2c02ac4daaefdbee9fd626268fbb40d7cbbcdc
268,10.621,0.18002595,0x0989e63fdc14c80369132d55f41f2ed3869e66d1,2017-10-11T10:19:39.000Z,0.01695,0x71fd2dd47ed3350e4d8d1ee16a26db2434ca8608,buy,0x8d5a69dc82a47594881256f2eef81770274fa30f,0x3c7df9bba1eeee3c5295de9ab8f4a4ca36f188508bd6e679b1b6bf4848620c2e
269,4,0.064,0x0989e63fdc14c80369132d55f41f2ed3869e66d1,2017-10-11T10:13:34.000Z,0.016,0x3e37e3d2e664dff18fded3f653b508652d9e4cc8,buy,0x8d5a69dc82a47594881256f2eef81770274fa30f,0x2597fa414dc9dde3eda121d0ee899c206308ce5b8e163338b07abb34bf2c0c84
270,27.259246336357293,0.4884856943475227,0x26e08f07a5c6633bc927cc55275c0b27f2ce8505,2017-10-11T07:57:29.000Z,0.01792,0xf28d612d6d8873e58e3873951a67f037594da3e5,buy,0x8d5a69dc82a47594881256f2eef81770274fa30f,0x2eb2803ad92a51d71ce23f3687f0c03b5beff617198506d6295e95c2133928e4
271,204.54891805833466,3.63074329553544,0x9f61e65cc8639512150871f97d30ee2ff35c165d,2017-10-11T07:31:25.000Z,0.01775,0x5f8f862d021b7d68bf171ec68e4bae0541fb1a40,buy,0x8d5a69dc82a47594881256f2eef81770274fa30f,0x95450dc6f755908acecb24a7a7a14af8c58a28db5cb91e697f460d78daf5b3bd
272,0.000002995515398,0.00000053919277164,0x06e11f1e94e054cb85dfe3010106226a27e44b88,2017-10-11T06:19:26.000Z,0.18,0xf28d612d6d8873e58e3873951a67f037594da3e5,buy,0x8d5a69dc82a47594881256f2eef81770274fa30f,0xc199bccd82074dee8e867eccf96b4b61f109c35daaea3fe45487c5cac828d8e1
273,0.02351583779269604,0.005408642692320089,0x06e11f1e94e054cb85dfe3010106226a27e44b88,2017-10-11T06:16:45.000Z,0.23,0x49b3284fccfec0518bca5cc12d3def74c7073148,buy,0x8d5a69dc82a47594881256f2eef81770274fa30f,0x02d68e98a362bc8f62d6738d1ecddb368c2c9b546223e4ba3fccbcd64b477598
274,4,0.064,0xa66d8f7d7d816db529be4912300171e67a18b867,2017-10-11T04:27:17.000Z,0.016,0x0989e63fdc14c80369132d55f41f2ed3869e66d1,sell,0x8d5a69dc82a47594881256f2eef81770274fa30f,0xa985f0591d9ccca7363b053c12320b2de3de304b2ca44adddf027054eea6b5b9
275,7,0.091,0xa66d8f7d7d816db529be4912300171e67a18b867,2017-10-11T04:10:13.000Z,0.013,0x0989e63fdc14c80369132d55f41f2ed3869e66d1,sell,0x8d5a69dc82a47594881256f2eef81770274fa30f,0xd5c34c3c710ea9591292423fa30708cf96e8fbe5ecec51e0302d9d4258e0237e
276,60,1.065,0xce5120117cf7f176d0f0d3cfe12e04c05c16bf9f,2017-10-11T03:28:59.000Z,0.01775,0x5f8f862d021b7d68bf171ec68e4bae0541fb1a40,buy,0x8d5a69dc82a47594881256f2eef81770274fa30f,0xfb9fb90444b99e7b0897aa3f5a34142f6a813c18e5a55af5ea902cea1d580a31
277,23,0.184,0xa63673a283c8edaad95f39112c5f96bf68f1b64c,2017-10-11T02:48:53.000Z,0.008,0xcdd53f530ab4fb824fc9f2a321f3c001b4a710cc,sell,0x8d5a69dc82a47594881256f2eef81770274fa30f,0x0717e96e4d6894808c3f3d998d26687564ed0d25450659f1828946a657ff99e0
278,75.3,1.2048,0xc52f747ee25d87257b9b914f0d72516c6255b261,2017-10-11T01:13:03.000Z,0.016,0x3e37e3d2e664dff18fded3f653b508652d9e4cc8,buy,0x8d5a69dc82a47594881256f2eef81770274fa30f,0x834d59ff75a0b436e4da7e17f714d856c243e1233284e8004bc136a94200b016
279,0.7,0.0112,0xbf52f67f8524587d6a7ab1f1f8d092c635b9587f,2017-10-10T22:01:46.000Z,0.016,0x3e37e3d2e664dff18fded3f653b508652d9e4cc8,buy,0x8d5a69dc82a47594881256f2eef81770274fa30f,0xd256b48a6f9a896c3f220e6da395d51e27618094c0dbfe75dd31c544f737ab4e
280,0.363,0.004719,0xbf52f67f8524587d6a7ab1f1f8d092c635b9587f,2017-10-10T21:49:08.000Z,0.013,0xa66d8f7d7d816db529be4912300171e67a18b867,buy,0x8d5a69dc82a47594881256f2eef81770274fa30f,0x49af05f6985c22fc4436a4b26dff0bde822c363aeca96ed9f130c0f6ce0db46b
281,40,0.71656,0x3e37e3d2e664dff18fded3f653b508652d9e4cc8,2017-10-10T17:17:05.000Z,0.017914,0x5f8f862d021b7d68bf171ec68e4bae0541fb1a40,sell,0x8d5a69dc82a47594881256f2eef81770274fa30f,0xe47a1a539206602df77c176e020272e35fe331738ddce304cf1621bacf9acd3a
282,13.2,0.237072,0x95b861a2fc7441033ca02aaef70721ae912eae9d,2017-10-10T17:11:57.000Z,0.01796,0x5f8f862d021b7d68bf171ec68e4bae0541fb1a40,sell,0x8d5a69dc82a47594881256f2eef81770274fa30f,0x9638da9e75ad713e305a5d5fb21d2ba39332e1e6e0882e478a3aeeb051b99858
283,15.343264587315876,0.2991936594526596,0x830782d882756ab868d9adf35472b17cb1a13095,2017-10-10T17:09:20.000Z,0.0195,0x5f8f862d021b7d68bf171ec68e4bae0541fb1a40,buy,0x8d5a69dc82a47594881256f2eef81770274fa30f,0xcf03346388c8fd3fea0ddd3b248a347748ecccf3ca819a5fa5080617ccaebf50
284,65.79616382048758,1.1843309487687765,0x5874e979da103b6346056d7c0d59f0cef1d90558,2017-10-10T14:31:42.000Z,0.018,0x9e1477cd68e8e375705ccb3dcf5764fe901de3ef,sell,0x8d5a69dc82a47594881256f2eef81770274fa30f,0x27ded51f5d7fffeba6cf79a4e037d1bbc497477b56150c1923d2cd9989fd8ced
285,1.319283310937043,0.023747099596866775,0x5874e979da103b6346056d7c0d59f0cef1d90558,2017-10-10T14:08:26.000Z,0.018,0x9e1477cd68e8e375705ccb3dcf5764fe901de3ef,sell,0x8d5a69dc82a47594881256f2eef81770274fa30f,0xdb4c2e6c9b744918bfa813b713a807991f86f8a7339f6dfe8fbc92f3258c69ad
286,119,1.428,0x807d1204fee878732dab806d9b28108c48e0e021,2017-10-10T13:23:24.000Z,0.012,0x9e1477cd68e8e375705ccb3dcf5764fe901de3ef,buy,0x8d5a69dc82a47594881256f2eef81770274fa30f,0x57c231b7e3b52fe1a279c26cba9cd89d663fd2a10db3a218d683fb97cff5602f
287,250,0.3125,0xfe423f6b9b3aa093cc08831d9b106027f97e132e,2017-10-10T13:02:05.000Z,0.00125,0x450573f9ec383956e44d7a62b363107594d76c70,buy,0x8d5a69dc82a47594881256f2eef81770274fa30f,0x781de9b9122f29e92e48b3e618b0c57828438a4babf35c4e02188985ea9d865f
288,249.25,1.994,0xa11f36555b15d08f63fe4c1da229574871e1fdb1,2017-10-10T13:02:05.000Z,0.008,0xfe423f6b9b3aa093cc08831d9b106027f97e132e,sell,0x8d5a69dc82a47594881256f2eef81770274fa30f,0x781de9b9122f29e92e48b3e618b0c57828438a4babf35c4e02188985ea9d865f
289,7,0.091,0xa66d8f7d7d816db529be4912300171e67a18b867,2017-10-10T13:01:39.000Z,0.013,0x450573f9ec383956e44d7a62b363107594d76c70,sell,0x8d5a69dc82a47594881256f2eef81770274fa30f,0xa880625d65e0990cc90f9fde25cc50efa7c7a29ed1e9292f8884ceeaef3459e8
290,201.306,2.516325,0x9f61e65cc8639512150871f97d30ee2ff35c165d,2017-10-10T12:26:59.000Z,0.0125,0x5f8f862d021b7d68bf171ec68e4bae0541fb1a40,buy,0x8d5a69dc82a47594881256f2eef81770274fa30f,0xe250f5f0b915505d2c48daca365717e13e50df1b586575b1949ad8db345d94e3
291,58,0.725,0x807d1204fee878732dab806d9b28108c48e0e021,2017-10-10T12:20:33.000Z,0.0125,0x5f8f862d021b7d68bf171ec68e4bae0541fb1a40,buy,0x8d5a69dc82a47594881256f2eef81770274fa30f,0x291c2902d2b3b9966f94aa8d2448b94c50303b5bfe8d2382e0fb70845dd87a79
292,0.9969095803010667,0.012461369753763333,0x5874e979da103b6346056d7c0d59f0cef1d90558,2017-10-10T12:16:51.000Z,0.012499999999999999,0xccef1314ac229a0a3680dc4f02ca7ba8838140bc,sell,0x8d5a69dc82a47594881256f2eef81770274fa30f,0xf696a5091b4e1675ac40d775fae552b1a91dde18390b81c3a8e75464eae77b18
293,1,0.01,0xccef1314ac229a0a3680dc4f02ca7ba8838140bc,2017-10-10T12:15:52.000Z,0.01,0x5f8f862d021b7d68bf171ec68e4bae0541fb1a40,buy,0x8d5a69dc82a47594881256f2eef81770274fa30f,0xe5618f1639a5f75f9c7857d5ea8d49a665a7d4f1df754229ac6eeea54b489fd5
294,70,0.875,0x5874e979da103b6346056d7c0d59f0cef1d90558,2017-10-10T11:44:42.000Z,0.0125,0x5f8f862d021b7d68bf171ec68e4bae0541fb1a40,sell,0x8d5a69dc82a47594881256f2eef81770274fa30f,0xdb907c6da3a0c5f769708e935bad53a25cbcdb324ad93282a33d6d6f23cd6f49
295,0.997,0.0124625,0x5874e979da103b6346056d7c0d59f0cef1d90558,2017-10-10T11:44:42.000Z,0.0125,0x7aa6e2506316f6d613277d4f2f4e4e1dc55e528e,sell,0x8d5a69dc82a47594881256f2eef81770274fa30f,0x78b4846b63f0c256da41ba0fe4a2f9016634c38d58c03f9388e712b66860c720
296,1,0.00995,0x7aa6e2506316f6d613277d4f2f4e4e1dc55e528e,2017-10-10T11:44:42.000Z,0.00995,0x450573f9ec383956e44d7a62b363107594d76c70,buy,0x8d5a69dc82a47594881256f2eef81770274fa30f,0x78b4846b63f0c256da41ba0fe4a2f9016634c38d58c03f9388e712b66860c720
297,4.985,0.0623125,0x5874e979da103b6346056d7c0d59f0cef1d90558,2017-10-10T11:37:21.000Z,0.0125,0x273a5d3e6721b9f5c1a6474f560c1334c63dda01,sell,0x8d5a69dc82a47594881256f2eef81770274fa30f,0xae86a158415370ed08ca00053c9c32832ffdf5448f0ec4d3b6b59d43c5781612
298,5,0.04275,0x273a5d3e6721b9f5c1a6474f560c1334c63dda01,2017-10-10T11:37:21.000Z,0.00855,0x807d1204fee878732dab806d9b28108c48e0e021,buy,0x8d5a69dc82a47594881256f2eef81770274fa30f,0xae86a158415370ed08ca00053c9c32832ffdf5448f0ec4d3b6b59d43c5781612
299,0.00000220168837392,0.000000027521104674,0x5874e979da103b6346056d7c0d59f0cef1d90558,2017-10-10T11:23:07.000Z,0.0125,0x5f8f862d021b7d68bf171ec68e4bae0541fb1a40,buy,0x8d5a69dc82a47594881256f2eef81770274fa30f,0x2cb90d11be349d2992bcd42416024ff8f8d4ba3015b902d06eab6df40d8dca24
300,0.02208513607815768,0.000276064200976971,0x5874e979da103b6346056d7c0d59f0cef1d90558,2017-10-10T11:19:51.000Z,0.0125,0x5f8f862d021b7d68bf171ec68e4bae0541fb1a40,buy,0x8d5a69dc82a47594881256f2eef81770274fa30f,0xc2dd02fc73320a1bd76ec105fec64ed854e3c654ee1b5db334749a3d48bf57b6
301,269.003,3.3625375,0xa66d8f7d7d816db529be4912300171e67a18b867,2017-10-10T11:13:46.000Z,0.0125,0x5f8f862d021b7d68bf171ec68e4bae0541fb1a40,sell,0x8d5a69dc82a47594881256f2eef81770274fa30f,0x850053e90abf29d45f0172fe7f6b8a0ba5574dfef3d33d53887bdfc9caae943a
302,0.997,0.0124625,0xa66d8f7d7d816db529be4912300171e67a18b867,2017-10-10T11:02:35.000Z,0.0125,0x273a5d3e6721b9f5c1a6474f560c1334c63dda01,sell,0x8d5a69dc82a47594881256f2eef81770274fa30f,0xd89fc11a4b4a48fd4902e546632698970ca72e3cb7dcd7d28c260612279aacb8
303,1,0.00949,0x273a5d3e6721b9f5c1a6474f560c1334c63dda01,2017-10-10T11:02:35.000Z,0.00949,0x3e37e3d2e664dff18fded3f653b508652d9e4cc8,buy,0x8d5a69dc82a47594881256f2eef81770274fa30f,0xd89fc11a4b4a48fd4902e546632698970ca72e3cb7dcd7d28c260612279aacb8
304,49,0.49,0x807d1204fee878732dab806d9b28108c48e0e021,2017-10-10T10:38:57.000Z,0.01,0x5f8f862d021b7d68bf171ec68e4bae0541fb1a40,buy,0x8d5a69dc82a47594881256f2eef81770274fa30f,0x87bf21cf5a9545758440bae5c01d17a29f950a672f3656e2aab9fd46d4e20ade
305,50.5,0.492375,0x4cd2e2749d20d98b8f56a5416637ae211b428678,2017-10-10T10:13:55.000Z,0.00975,0x5f8f862d021b7d68bf171ec68e4bae0541fb1a40,sell,0x8d5a69dc82a47594881256f2eef81770274fa30f,0x34c1af73b17fff2e52d1a481facb512d41d7af63cb6133fb73b67b09b94f1284
306,700,5.075,0x5f8f862d021b7d68bf171ec68e4bae0541fb1a40,2017-10-10T10:11:31.000Z,0.00725,0x450573f9ec383956e44d7a62b363107594d76c70,sell,0x8d5a69dc82a47594881256f2eef81770274fa30f,0xbf407843c68810a4c1c27a5dac335515d0088ce196d53f1ac8969b5f19fc23b4
307,79,0.74971,0x807d1204fee878732dab806d9b28108c48e0e021,2017-10-10T10:08:12.000Z,0.00949,0x3e37e3d2e664dff18fded3f653b508652d9e4cc8,buy,0x8d5a69dc82a47594881256f2eef81770274fa30f,0xb49594c2db35f99a31f3ae5de6a1aca62c8a94fd64a96fc566a29190e12476c3
308,49,0.48755,0x807d1204fee878732dab806d9b28108c48e0e021,2017-10-10T10:03:47.000Z,0.00995,0x450573f9ec383956e44d7a62b363107594d76c70,buy,0x8d5a69dc82a47594881256f2eef81770274fa30f,0x7d19ae1f36db60f610efdda7a7a50fb469c6af97264266f262c80930e6534137
309,500,5,0x807d1204fee878732dab806d9b28108c48e0e021,2017-10-10T09:58:47.000Z,0.01,0x450573f9ec383956e44d7a62b363107594d76c70,buy,0x8d5a69dc82a47594881256f2eef81770274fa30f,0xa5d64d1897caa9bef765b816201d94796ee770bfbd457d1e9706e2f1ee8154ad
310,1,0.0095,0x05dce7771501009c442d04e0dc7e900851fcca2f,2017-10-10T09:56:20.000Z,0.0095,0x450573f9ec383956e44d7a62b363107594d76c70,buy,0x8d5a69dc82a47594881256f2eef81770274fa30f,0x4a5a5e331113cc7a3aeb90b493d1f6f8d37303e3200963cf8336a0679541ebef
311,1,0.007,0x05dce7771501009c442d04e0dc7e900851fcca2f,2017-10-10T09:49:25.000Z,0.007,0x23900f86d34adf230009454b80194866bfe76627,buy,0x8d5a69dc82a47594881256f2eef81770274fa30f,0xb8d8786b786be6f0d2cc832e1d68b3db7de8f9e13e605c1cc290ad90038a48f6
312,1,0.007,0x4b0925f7776c00378f9556fcd4b3aaf3efe0013f,2017-10-10T09:38:33.000Z,0.007,0x23900f86d34adf230009454b80194866bfe76627,buy,0x8d5a69dc82a47594881256f2eef81770274fa30f,0x90d979ceeb2d5a29d0244254fe5b416dbe20416d32648cab14f4af4c69d10620
313,90,0.855,0x807d1204fee878732dab806d9b28108c48e0e021,2017-10-10T09:11:34.000Z,0.0095,0x450573f9ec383956e44d7a62b363107594d76c70,buy,0x8d5a69dc82a47594881256f2eef81770274fa30f,0x7aa559085a27a4203cc537107a7c04a33b32031cbfdeab11e7a14fb03d6203f4
314,9,0.0855,0x807d1204fee878732dab806d9b28108c48e0e021,2017-10-10T08:55:06.000Z,0.0095,0x450573f9ec383956e44d7a62b363107594d76c70,buy,0x8d5a69dc82a47594881256f2eef81770274fa30f,0x4d1440a5523111fcd7e0ac74928e05524cdb12f5d40257cb069e42908838c903
315,1,0.168,0xdd3b7b82caa14a588410caa5e37bc9c9c02f27ce,2017-10-10T07:23:45.000Z,0.168,0x3e37e3d2e664dff18fded3f653b508652d9e4cc8,buy,0x8d5a69dc82a47594881256f2eef81770274fa30f,0xa06721d7fffe73eed357c9318aba5a9cfb9320dabdfc1dfd102d558dac059973
316,2.638878300796941,0.44860931113548,0x658bf147fdbb5eb3317612c635062136ab9754f4,2017-10-10T07:21:17.000Z,0.17,0xf28d612d6d8873e58e3873951a67f037594da3e5,buy,0x8d5a69dc82a47594881256f2eef81770274fa30f,0x847d53852d67ee97b38ce49bac75651c85e8c331a8fd6866d632006c17cdc812
317,1.024,0.0052736,0x53eb8a189b02b00647863475d8099af3794d934d,2017-10-10T05:58:39.000Z,0.00515,0x807d1204fee878732dab806d9b28108c48e0e021,buy,0x8d5a69dc82a47594881256f2eef81770274fa30f,0x613c08de6d673f32d5b71e13807ae05d879fd347789d7d78a81121f80a525f6d
318,1,0.0063,0xa63cacf21ea07928f1d0f17558ef823fa00c6425,2017-10-10T05:02:25.000Z,0.0063,0xd64ec2b5aaa6385a274457cc7b3c73c740179655,buy,0x8d5a69dc82a47594881256f2eef81770274fa30f,0xd8d952dfe785bb8eff2092d09a6430ebc8720808886288c7780dd1345f806d81
319,0.768,0.0052992,0xa63cacf21ea07928f1d0f17558ef823fa00c6425,2017-10-10T04:59:33.000Z,0.0069,0x06e11f1e94e054cb85dfe3010106226a27e44b88,buy,0x8d5a69dc82a47594881256f2eef81770274fa30f,0xecf4a6211b70f006e38314e8602a734656ac20d4f096f0bda6b575054f512655
320,2.0008305034446465,0.014005813524112527,0xa63cacf21ea07928f1d0f17558ef823fa00c6425,2017-10-10T04:57:42.000Z,0.007,0x450573f9ec383956e44d7a62b363107594d76c70,buy,0x8d5a69dc82a47594881256f2eef81770274fa30f,0x17b5630ec64d3d08432b5229f0f4ae9398aef89e7863db48a399af6ffd51757a
321,3.730892009478489,0.023318075059240558,0x3e37e3d2e664dff18fded3f653b508652d9e4cc8,2017-10-10T04:44:31.000Z,0.0062499999999999995,0x9e1477cd68e8e375705ccb3dcf5764fe901de3ef,sell,0x8d5a69dc82a47594881256f2eef81770274fa30f,0x62a1a5329901d5d3aa61139e2679cbeee30f62d120808bff012c4718aae462d5
322,1.9996656939520756,0.012497910587200472,0x0eee05f2de7e954732d6e061fc18a08472faa4a1,2017-10-10T04:42:53.000Z,0.00625,0x450573f9ec383956e44d7a62b363107594d76c70,buy,0x8d5a69dc82a47594881256f2eef81770274fa30f,0xe69e3c30cf2d92797cf07c7a763ccf4381e16672045c5f70f28459fbfbd7e5e1
323,44.12575239287422,0.3040264339869034,0x53eb8a189b02b00647863475d8099af3794d934d,2017-10-10T04:42:24.000Z,0.00689,0x9e1477cd68e8e375705ccb3dcf5764fe901de3ef,sell,0x8d5a69dc82a47594881256f2eef81770274fa30f,0x83516b3eb949889ff4545c6b92ee6dc6ca859ddb3fa80911ec0e11d8ece4435b
324,5.874247607125782,0.040473566013096644,0x53eb8a189b02b00647863475d8099af3794d934d,2017-10-10T04:17:39.000Z,0.00689,0x9e1477cd68e8e375705ccb3dcf5764fe901de3ef,sell,0x8d5a69dc82a47594881256f2eef81770274fa30f,0x50ff08f054198652978a5e2ee2655539d6299539833da77e78805ffd0c3db901
325,100,0.74,0x807d1204fee878732dab806d9b28108c48e0e021,2017-10-10T04:13:45.000Z,0.0074,0x9e1477cd68e8e375705ccb3dcf5764fe901de3ef,buy,0x8d5a69dc82a47594881256f2eef81770274fa30f,0x57c7a655ce25a13854bb04cafc011e9aaaa5a4d12efd2c655512d945eab263f8
326,100.927,0.706489,0x807d1204fee878732dab806d9b28108c48e0e021,2017-10-10T04:05:47.000Z,0.007,0x450573f9ec383956e44d7a62b363107594d76c70,buy,0x8d5a69dc82a47594881256f2eef81770274fa30f,0x638fa5d541d9ee5306f721058c42d663867d1bc52e4ef78968617a1fcf1e6b2a
327,427.26546716635767,2.990858270164504,0xa63cacf21ea07928f1d0f17558ef823fa00c6425,2017-10-10T03:57:46.000Z,0.007,0x450573f9ec383956e44d7a62b363107594d76c70,buy,0x8d5a69dc82a47594881256f2eef81770274fa30f,0x2d628c6fdb860fda93acbb3fbf8585e32b1bea3765ad73198c0f64237dd2ecc8
328,185.6154314482248,1.2993080201375735,0xa63cacf21ea07928f1d0f17558ef823fa00c6425,2017-10-10T03:34:01.000Z,0.007,0x450573f9ec383956e44d7a62b363107594d76c70,buy,0x8d5a69dc82a47594881256f2eef81770274fa30f,0x609b12210d7268cf192c473caed1351c56c73d49661576960664c638d3b279f4
329,5,0.031375,0xa63cacf21ea07928f1d0f17558ef823fa00c6425,2017-10-10T03:32:37.000Z,0.006275,0x450573f9ec383956e44d7a62b363107594d76c70,buy,0x8d5a69dc82a47594881256f2eef81770274fa30f,0xf2b5f03b05d3379ba45d600ff9fe2f9eb4d0dfb438a77b88287ce945ff5a8fc0
330,10,0.065,0xa63cacf21ea07928f1d0f17558ef823fa00c6425,2017-10-10T03:32:33.000Z,0.0065,0x06caed0c88489d2fb1725320ec2b364b4ba85fef,buy,0x8d5a69dc82a47594881256f2eef81770274fa30f,0x8635389abf3b7ef6798f7ce6ebc8f1e267a88a4557070880f4b89dc20e4201e0
331,200,1.4,0xa11f36555b15d08f63fe4c1da229574871e1fdb1,2017-10-10T03:21:26.000Z,0.007,0x450573f9ec383956e44d7a62b363107594d76c70,buy,0x8d5a69dc82a47594881256f2eef81770274fa30f,0x1518217655fda109cb608b2ffc35a5cb484900f4880786bd23c0cd8a9da8ffbd
332,200,1.4,0xa11f36555b15d08f63fe4c1da229574871e1fdb1,2017-10-10T03:09:04.000Z,0.007,0x450573f9ec383956e44d7a62b363107594d76c70,buy,0x8d5a69dc82a47594881256f2eef81770274fa30f,0x9dcc60a8a3b9e273f923d6c52b9699cdfdd8fd26883384b4a3e20ea73865c57e
333,50,0.33,0x3e37e3d2e664dff18fded3f653b508652d9e4cc8,2017-10-10T03:07:59.000Z,0.0066,0xf28d612d6d8873e58e3873951a67f037594da3e5,buy,0x8d5a69dc82a47594881256f2eef81770274fa30f,0xad2e0d663aadd386a3890a39a482b4768d5b76fc507dc1030081bdbcef08e784
334,50,0.325,0x3e37e3d2e664dff18fded3f653b508652d9e4cc8,2017-10-10T03:06:50.000Z,0.0065,0xf28d612d6d8873e58e3873951a67f037594da3e5,buy,0x8d5a69dc82a47594881256f2eef81770274fa30f,0xd2d7c036612fb69b99a72d7fc345d4842cdcb2de6c48c9b9e7ffb0e0a51b2657
335,9.921875,0.0635,0x3e37e3d2e664dff18fded3f653b508652d9e4cc8,2017-10-10T03:02:39.000Z,0.0064,0x06caed0c88489d2fb1725320ec2b364b4ba85fef,buy,0x8d5a69dc82a47594881256f2eef81770274fa30f,0x6ae7cce4da8416447e9c9ca8a4697d6c1e70c01137af61990c2fadac9db703a5
336,9.920634920634921,0.0625,0xa63cacf21ea07928f1d0f17558ef823fa00c6425,2017-10-10T02:59:55.000Z,0.0063,0x06caed0c88489d2fb1725320ec2b364b4ba85fef,buy,0x8d5a69dc82a47594881256f2eef81770274fa30f,0x169549182b561737e0c02ffa34861afbc6dad46c64fed7f2c1f3ed36aaf7f8bf
337,20,0.1295,0xa63cacf21ea07928f1d0f17558ef823fa00c6425,2017-10-10T02:59:46.000Z,0.006475,0x5f8f862d021b7d68bf171ec68e4bae0541fb1a40,buy,0x8d5a69dc82a47594881256f2eef81770274fa30f,0x0aae96253ee03bba8ca059b6a7bbdc8be560706396ecebb86720df5db60e9d87
338,252.82423933170205,1.7697696753219143,0xa63cacf21ea07928f1d0f17558ef823fa00c6425,2017-10-10T02:56:10.000Z,0.007,0x450573f9ec383956e44d7a62b363107594d76c70,buy,0x8d5a69dc82a47594881256f2eef81770274fa30f,0x17ef30cf308dbe1b13d1ddb6df6b493a1915b0fc001f23c90e981b0e9c53afad
339,285.714,1.999998,0xa63cacf21ea07928f1d0f17558ef823fa00c6425,2017-10-10T02:55:05.000Z,0.007,0x450573f9ec383956e44d7a62b363107594d76c70,buy,0x8d5a69dc82a47594881256f2eef81770274fa30f,0x2a194a60627c4b9f0b69b1229fa7dfdd3e37c5e6ec43dfc66f4c7025deea2d67
340,653.846,4.249999,0xa63cacf21ea07928f1d0f17558ef823fa00c6425,2017-10-10T02:36:01.000Z,0.0065,0x450573f9ec383956e44d7a62b363107594d76c70,buy,0x8d5a69dc82a47594881256f2eef81770274fa30f,0xc0a2141f815d44587bc3a21e099d94bacc2d854055915b05c2e506f57717ebf3
341,180,1.125,0xa63cacf21ea07928f1d0f17558ef823fa00c6425,2017-10-10T02:34:47.000Z,0.00625,0x5f8f862d021b7d68bf171ec68e4bae0541fb1a40,buy,0x8d5a69dc82a47594881256f2eef81770274fa30f,0x6aee76fad0e98a47c999f844f7cea8e1a3251bf47d8049af8e2b0d69a475c29d
342,150,0.7875,0x5f8f862d021b7d68bf171ec68e4bae0541fb1a40,2017-10-10T02:21:52.000Z,0.00525,0x450573f9ec383956e44d7a62b363107594d76c70,sell,0x8d5a69dc82a47594881256f2eef81770274fa30f,0x89a8835ff45cb0c554e40ffcb0a82ea55f78dd1f91de6bd27d11c8457d0d4eb3
343,50,0.2625,0x5f8f862d021b7d68bf171ec68e4bae0541fb1a40,2017-10-10T01:49:34.000Z,0.00525,0x450573f9ec383956e44d7a62b363107594d76c70,sell,0x8d5a69dc82a47594881256f2eef81770274fa30f,0xaf1122296fdb85407dcb663bb17f1575a516bc32ff30b137db45263b355320fd
344,846.154,5.500001,0x807d1204fee878732dab806d9b28108c48e0e021,2017-10-10T01:48:38.000Z,0.0065,0x450573f9ec383956e44d7a62b363107594d76c70,buy,0x8d5a69dc82a47594881256f2eef81770274fa30f,0xfeb05cffe17572f7007874865739d6939c806b9c0fe041f2860c08e0094e8e12
345,38.79516993360224,0.25216860456841456,0x807d1204fee878732dab806d9b28108c48e0e021,2017-10-10T01:41:03.000Z,0.0065,0x5f8f862d021b7d68bf171ec68e4bae0541fb1a40,buy,0x8d5a69dc82a47594881256f2eef81770274fa30f,0x43c2233faf255808adaeab20f76302b3dfcaefc3c94d0485f2557a4e7e17b309
346,145,0.909875,0x807d1204fee878732dab806d9b28108c48e0e021,2017-10-10T01:39:54.000Z,0.006275,0x450573f9ec383956e44d7a62b363107594d76c70,buy,0x8d5a69dc82a47594881256f2eef81770274fa30f,0x3bdb5e19659b535e426779c90456d0a245f8fc037ef5e160abccc9df69eb62df
347,145,0.905525,0x807d1204fee878732dab806d9b28108c48e0e021,2017-10-10T01:39:41.000Z,0.006245,0x5f8f862d021b7d68bf171ec68e4bae0541fb1a40,buy,0x8d5a69dc82a47594881256f2eef81770274fa30f,0x7e534ab208f1b9aae32cabc7ca8156f28202aff7d4edb035d212b4cb2aa94fd5
348,330.665,2.06665625,0x807d1204fee878732dab806d9b28108c48e0e021,2017-10-10T01:38:34.000Z,0.00625,0x450573f9ec383956e44d7a62b363107594d76c70,buy,0x8d5a69dc82a47594881256f2eef81770274fa30f,0x7dbba0557b179fc93c527250a351cdaaaabb3b094e0ca3a0ca5629c61f6c66ed
349,20,0.12360002,0x3e37e3d2e664dff18fded3f653b508652d9e4cc8,2017-10-10T01:26:56.000Z,0.006180001,0x5f8f862d021b7d68bf171ec68e4bae0541fb1a40,sell,0x8d5a69dc82a47594881256f2eef81770274fa30f,0x757c2ee8a1e2984437aa413a405cc928b52c7423b0f41171b9ec7d94f0228845
350,30,0.1875,0x3e37e3d2e664dff18fded3f653b508652d9e4cc8,2017-10-10T01:26:41.000Z,0.00625,0x450573f9ec383956e44d7a62b363107594d76c70,buy,0x8d5a69dc82a47594881256f2eef81770274fa30f,0x9710ea3437381aa051456d21df3448238802ba86630f134db7447c7825adf13f
351,255.21245442848513,1.5950778401780321,0x807d1204fee878732dab806d9b28108c48e0e021,2017-10-10T01:25:29.000Z,0.00625,0x450573f9ec383956e44d7a62b363107594d76c70,buy,0x8d5a69dc82a47594881256f2eef81770274fa30f,0x873474adb426eaffacae6d880f2ae893df4e3174ea7bd6a84a31c3f29c8f3e72
352,200,1.02,0x5f8f862d021b7d68bf171ec68e4bae0541fb1a40,2017-10-10T01:20:22.000Z,0.0051,0x450573f9ec383956e44d7a62b363107594d76c70,sell,0x8d5a69dc82a47594881256f2eef81770274fa30f,0x197942f2216783abcc932ed1c036ee96649f54ac2e87312889552facf9f1acf2
353,72.82890698307044,0.45510783973720714,0xa11f36555b15d08f63fe4c1da229574871e1fdb1,2017-10-10T00:58:24.000Z,0.006249,0xbbf9b7b0ad531635f2783555a440d13543f8725b,buy,0x8d5a69dc82a47594881256f2eef81770274fa30f,0x8ddd11e736349ad40888211b121fd7fab853bfab104e741a1e798444e2a35f41
354,85,0.5185,0xa11f36555b15d08f63fe4c1da229574871e1fdb1,2017-10-10T00:57:30.000Z,0.0061,0x534cacb922c009e510fb25e0d89d307d15a8392f,buy,0x8d5a69dc82a47594881256f2eef81770274fa30f,0x6c9e0bcf5fb4cab64ea0023c0081017077d43ed1d5cf412b365c9ae7d6445505
355,125,0.7809375,0xa11f36555b15d08f63fe4c1da229574871e1fdb1,2017-10-09T23:42:51.000Z,0.0062475,0x5f8f862d021b7d68bf171ec68e4bae0541fb1a40,buy,0x8d5a69dc82a47594881256f2eef81770274fa30f,0x3642c5acfb74b54d183eb047c441bdcdc1ac616a8a5022047e0f1869b2d2f48a
356,40,0.2,0x5f8f862d021b7d68bf171ec68e4bae0541fb1a40,2017-10-09T23:03:25.000Z,0.005,0x450573f9ec383956e44d7a62b363107594d76c70,sell,0x8d5a69dc82a47594881256f2eef81770274fa30f,0xa5c8c0854d27e5dee22b81627e1b9c604777feaf0a07d024873161d833eb7054
357,200,1.25,0xa11f36555b15d08f63fe4c1da229574871e1fdb1,2017-10-09T22:42:45.000Z,0.00625,0x5f8f862d021b7d68bf171ec68e4bae0541fb1a40,buy,0x8d5a69dc82a47594881256f2eef81770274fa30f,0xc59599868a1bed3ba528e59c760f9b47cc9bfc635b7a5a9c883173510077c5f9
358,9,0.056205,0x1419d3d4253fce576d8fcdbcb19f135cba8430d4,2017-10-09T21:18:39.000Z,0.006245,0xbbf9b7b0ad531635f2783555a440d13543f8725b,sell,0x8d5a69dc82a47594881256f2eef81770274fa30f,0x5f429c17f57929cba879fea7f15f818fa85718e59f2373dcb90c408068bd5aa7
359,36.144830066397766,0.22581482583982004,0x807d1204fee878732dab806d9b28108c48e0e021,2017-10-09T20:47:45.000Z,0.0062475,0x5f8f862d021b7d68bf171ec68e4bae0541fb1a40,buy,0x8d5a69dc82a47594881256f2eef81770274fa30f,0x6230f55f3e29c3db152322b8a506a8868ccc2baa1cfe1483584c542a1143310a
360,200,1.25,0x807d1204fee878732dab806d9b28108c48e0e021,2017-10-09T20:40:25.000Z,0.00625,0x450573f9ec383956e44d7a62b363107594d76c70,buy,0x8d5a69dc82a47594881256f2eef81770274fa30f,0x0e73660b890be6cd8080b0de2ee4061999002a747ddb9df8dbd74b2b08d899d1
361,75,0.468375,0x807d1204fee878732dab806d9b28108c48e0e021,2017-10-09T20:34:20.000Z,0.006245,0x5f8f862d021b7d68bf171ec68e4bae0541fb1a40,buy,0x8d5a69dc82a47594881256f2eef81770274fa30f,0xf9aa5b7a44ea51c41657461ebadc10fd747f3fff944b2b54ce0d3d07d62a409f
362,3.458,0.0216125,0xa66d8f7d7d816db529be4912300171e67a18b867,2017-10-09T20:07:32.000Z,0.00625,0xbbf9b7b0ad531635f2783555a440d13543f8725b,sell,0x8d5a69dc82a47594881256f2eef81770274fa30f,0x45e6655ac6dbb967989142dc861ea381e4d688fb2e39209e0fa0bee80f5684db
363,0.07936507936507936,0.0005,0x3bfdec5343e950ce45522eef9948c977631b4000,2017-10-09T19:51:03.000Z,0.0063,0x06caed0c88489d2fb1725320ec2b364b4ba85fef,buy,0x8d5a69dc82a47594881256f2eef81770274fa30f,0x0aee4bfa9fbf3be01bf6d0c00ab628f7d91e9529f5893674fcbc6ace43914255
364,0.078125,0.0005,0x350f6f675b20d606bb7f6c412ef4775c9bc57168,2017-10-09T19:51:03.000Z,0.0064,0x06caed0c88489d2fb1725320ec2b364b4ba85fef,buy,0x8d5a69dc82a47594881256f2eef81770274fa30f,0x54b95252b2978f0b9ff2e328c4ab6b08ed7ed670e5eb02a59a9fb3cd29f6ea9c
365,160,1,0xa11f36555b15d08f63fe4c1da229574871e1fdb1,2017-10-09T19:33:47.000Z,0.00625,0x450573f9ec383956e44d7a62b363107594d76c70,buy,0x8d5a69dc82a47594881256f2eef81770274fa30f,0xdabbc43c5d80d3731da2b83a6b5170d49744601cd402141e68a783a2f45922c0
366,690,4.3125,0xa66d8f7d7d816db529be4912300171e67a18b867,2017-10-09T19:32:02.000Z,0.00625,0x450573f9ec383956e44d7a62b363107594d76c70,sell,0x8d5a69dc82a47594881256f2eef81770274fa30f,0x362ad877eff48b3eb58ee97a978884a0cf891535150d370ac19bfacc4a4900c0
367,400,2.0004,0x5f8f862d021b7d68bf171ec68e4bae0541fb1a40,2017-10-09T18:28:13.000Z,0.005001,0x450573f9ec383956e44d7a62b363107594d76c70,sell,0x8d5a69dc82a47594881256f2eef81770274fa30f,0x2804c9c2e890d95617d1b38900f8950026b6cfbb4cc268bf63ba955d8a5639c9
368,142.8,0.8925,0x5874e979da103b6346056d7c0d59f0cef1d90558,2017-10-09T18:25:56.000Z,0.00625,0x450573f9ec383956e44d7a62b363107594d76c70,sell,0x8d5a69dc82a47594881256f2eef81770274fa30f,0xb3d90ce0210842ed7d02dbbf0530c365c197176eeae4d5f28247c859143ede20
369,120,0.75,0xa11f36555b15d08f63fe4c1da229574871e1fdb1,2017-10-09T18:10:00.000Z,0.00625,0x450573f9ec383956e44d7a62b363107594d76c70,buy,0x8d5a69dc82a47594881256f2eef81770274fa30f,0xce86aea72aa1cc01d941f6a75c45c47997429b38ad2dfc166e69b79a978cf426
370,194.1,1.1999262,0xc52f747ee25d87257b9b914f0d72516c6255b261,2017-10-09T17:35:29.000Z,0.006182,0x450573f9ec383956e44d7a62b363107594d76c70,sell,0x8d5a69dc82a47594881256f2eef81770274fa30f,0x4a1c23cd60c9f61683bb611c7b98041d1ab81f30e9cf315d4396e1db68764a17
371,71.96287987756278,0.44976799923476746,0x807d1204fee878732dab806d9b28108c48e0e021,2017-10-09T17:32:30.000Z,0.00625,0x450573f9ec383956e44d7a62b363107594d76c70,buy,0x8d5a69dc82a47594881256f2eef81770274fa30f,0x7e7de5173d08e85194bb3cb20cf264bb2822becb724eab33afbdd59a19d86767
372,4.359619862064621,0.0269991258057662,0x807d1204fee878732dab806d9b28108c48e0e021,2017-10-09T17:21:07.000Z,0.006193,0xf28d612d6d8873e58e3873951a67f037594da3e5,buy,0x8d5a69dc82a47594881256f2eef81770274fa30f,0xf2e7f36752edb8802e287c24bbbed02d8bd3e5b56c82a26febcb7c9d2ef8b11f
373,271.193,1.6813966,0x807d1204fee878732dab806d9b28108c48e0e021,2017-10-09T17:15:32.000Z,0.0062,0xa5c1ff160c7199eef8797e9805c361b5f01817ab,buy,0x8d5a69dc82a47594881256f2eef81770274fa30f,0xdba5adcecea157e3c61d0cca0760e6800de966b192cacb60b13339214e862997
374,161.29,0.999998,0xa11f36555b15d08f63fe4c1da229574871e1fdb1,2017-10-09T16:52:12.000Z,0.0062,0xa5c1ff160c7199eef8797e9805c361b5f01817ab,buy,0x8d5a69dc82a47594881256f2eef81770274fa30f,0x3452e6c54fe1a682f8050d9acd7fd39dbac93198df620553c021cf09f7f2eac6
375,110.30571341763878,0.6830570997673864,0x807d1204fee878732dab806d9b28108c48e0e021,2017-10-09T16:40:35.000Z,0.0061924,0xf28d612d6d8873e58e3873951a67f037594da3e5,buy,0x8d5a69dc82a47594881256f2eef81770274fa30f,0xb38fd23b205d32496cde697671c2d80bd673592350c0d763a737141a4aa1d500
376,57.095660009219344,0.35285117885697553,0xa11f36555b15d08f63fe4c1da229574871e1fdb1,2017-10-09T16:26:31.000Z,0.00618,0x450573f9ec383956e44d7a62b363107594d76c70,buy,0x8d5a69dc82a47594881256f2eef81770274fa30f,0xb0c562d6f4a8d07b976245f79e8e170d6d1e88b763dfd12427a4f07affac26f5
377,27.2,0.169728,0x0eee05f2de7e954732d6e061fc18a08472faa4a1,2017-10-09T16:15:03.000Z,0.00624,0x450573f9ec383956e44d7a62b363107594d76c70,sell,0x8d5a69dc82a47594881256f2eef81770274fa30f,0x3b56310c50286622e0daa89d029ba80e7238d480fe96ab0942ac8544739f6617
378,104.37000559929078,0.6463008226730482,0x807d1204fee878732dab806d9b28108c48e0e021,2017-10-09T14:12:01.000Z,0.0061924,0xf28d612d6d8873e58e3873951a67f037594da3e5,buy,0x8d5a69dc82a47594881256f2eef81770274fa30f,0xa68165e300a1d46bdbe4cb62502984bba803afbe97dc001daf87194c6ae1b539
379,282.90658950705216,1.746948190206047,0x807d1204fee878732dab806d9b28108c48e0e021,2017-10-09T14:08:35.000Z,0.006175,0x5f8f862d021b7d68bf171ec68e4bae0541fb1a40,buy,0x8d5a69dc82a47594881256f2eef81770274fa30f,0x5c2e8ca829a608c5134e57abf933f0312f7dcdc2a7e825c19f8fdc461a6588d3
380,29.527689436049727,0.18231871842288905,0x486cc4edd5826e0082202d6d99b874aeab2b0820,2017-10-09T13:35:55.000Z,0.0061745,0x5f8f862d021b7d68bf171ec68e4bae0541fb1a40,buy,0x8d5a69dc82a47594881256f2eef81770274fa30f,0x17820e3c5c4568fafd21f47bc1dd5ffc01aa7d308f598cfa458532fdb88a4549
381,10,0.0689,0x2c310585cb9e338e795f728e554b95440931e867,2017-10-09T07:14:54.000Z,0.00689,0x06e11f1e94e054cb85dfe3010106226a27e44b88,buy,0x8d5a69dc82a47594881256f2eef81770274fa30f,0x9f795cd679867f734b44cfda14e0640235e8f2543da882bc21c5a429b144a42e
382,9.985,0.065901,0x2c310585cb9e338e795f728e554b95440931e867,2017-10-09T07:05:00.000Z,0.0066,0x06caed0c88489d2fb1725320ec2b364b4ba85fef,buy,0x8d5a69dc82a47594881256f2eef81770274fa30f,0xf289c8f4999a8c7518694a8f7d408ffc3caa0c9c43ce3022fcf9f782915c13c4
383,34.57774707872402,0.21343114384342404,0xa66d8f7d7d816db529be4912300171e67a18b867,2017-10-09T06:11:38.000Z,0.0061725,0x9e1477cd68e8e375705ccb3dcf5764fe901de3ef,sell,0x8d5a69dc82a47594881256f2eef81770274fa30f,0xdc7a9410aabc8bac793e361afd05476c67cb3d74811a8eecfd65ba6169387164
384,58.004,0.358145698,0xa66d8f7d7d816db529be4912300171e67a18b867,2017-10-09T06:09:52.000Z,0.0061745,0x9e1477cd68e8e375705ccb3dcf5764fe901de3ef,sell,0x8d5a69dc82a47594881256f2eef81770274fa30f,0x424c4a7fc24b0e4cc82265e9f9330a64d0bee749d0431157860a4e88f066c4c3
385,50,0.308625,0xa66d8f7d7d816db529be4912300171e67a18b867,2017-10-09T06:07:39.000Z,0.0061725,0x9e1477cd68e8e375705ccb3dcf5764fe901de3ef,sell,0x8d5a69dc82a47594881256f2eef81770274fa30f,0xfbad14750a6040a27fcae908e45577cc459237f70741a2296772566279d714c7
386,35,0.21609,0xa66d8f7d7d816db529be4912300171e67a18b867,2017-10-09T05:47:52.000Z,0.006174,0x450573f9ec383956e44d7a62b363107594d76c70,buy,0x8d5a69dc82a47594881256f2eef81770274fa30f,0x7cc634fa9e32a7f803005c24382be4558ee4f16919dadea251637b79a67ca06c
387,34.89183531053733,0.21543963712491276,0xa66d8f7d7d816db529be4912300171e67a18b867,2017-10-09T05:46:52.000Z,0.0061745,0xab296c308b24c972b60a662262f144eeefc27ec8,sell,0x8d5a69dc82a47594881256f2eef81770274fa30f,0x08b824e26244f95990f4a805b6325b962e302217f3ac34fbaf628f57218907be
388,50,0.308625,0xa66d8f7d7d816db529be4912300171e67a18b867,2017-10-09T04:32:12.000Z,0.0061725,0x5f8f862d021b7d68bf171ec68e4bae0541fb1a40,buy,0x8d5a69dc82a47594881256f2eef81770274fa30f,0x7014ce8e15393e64087d5baa07b86751d41d9c7c87d7434b8f3065786d0b62c3
389,75,0.4635,0xcf1c1666e05267ad8f31d38d5f24ff95e263ca6c,2017-10-09T03:43:41.000Z,0.00618,0x5f8f862d021b7d68bf171ec68e4bae0541fb1a40,sell,0x8d5a69dc82a47594881256f2eef81770274fa30f,0x1a47c3bd97bf098572641c8834e1f8a210ae9f016a6c87b34a93c0239a6d6ae9
