,amount,amountBase,buyer,date,price,seller,side,tokenAddr,txHash
0,3024.3527923437346,1.7843681474828033,0x0248cf74ed50adcf0c050a7ca4136dcb90520f84,2017-11-02T10:48:22.000Z,0.00059,0x1c87a83cbccfcae798443095fa85386c56140e0e,sell,0xef68e7c694f40c8202821edf525de3782458639f,0x530d380ba4b444beaaab16f170c3340862c120e5b84bd001aca1403da611e78e
1,87.64720765626558,0.05171185251719669,0x0248cf74ed50adcf0c050a7ca4136dcb90520f84,2017-11-02T10:42:16.000Z,0.00059,0x8793d91b97207e8fd52cc982e7de1c0cf1800b16,sell,0xef68e7c694f40c8202821edf525de3782458639f,0xcbc7ae36147fc72ed75344b663df5512a8ee65c5f6d7659c1678f474148fbc12
2,888,0.52392,0x0248cf74ed50adcf0c050a7ca4136dcb90520f84,2017-11-02T10:41:22.000Z,0.00059,0x8793d91b97207e8fd52cc982e7de1c0cf1800b16,sell,0xef68e7c694f40c8202821edf525de3782458639f,0xfe58b213fc40a3cfba5bd09199167a00f9556cafdbb1707821dbbbb3b6964317
3,1018.362,0.60592539,0xb9b929846a3e47ceffc52d6a35e87ad2c30c0f96,2017-11-02T10:37:48.000Z,0.000595,0x8793d91b97207e8fd52cc982e7de1c0cf1800b16,sell,0xef68e7c694f40c8202821edf525de3782458639f,0x27b15096e74b15dc8ee8cdc75a8bc3f1a785b1da103a241e3283ae56da8340ae
4,2990.72834386863,1.7794833646018349,0xb9b929846a3e47ceffc52d6a35e87ad2c30c0f96,2017-11-02T10:01:40.000Z,0.000595,0x3ee0c766d2f02ddf091413781b83d82ebb126dd5,sell,0xef68e7c694f40c8202821edf525de3782458639f,0x19f9af6c7912604d11cfde3c1ae019fa2e2e649f5fb95eddaba7e2da35fc8d3d
5,757.72,0.4508434,0xb9b929846a3e47ceffc52d6a35e87ad2c30c0f96,2017-11-02T07:13:02.000Z,0.000595,0x273a5d3e6721b9f5c1a6474f560c1334c63dda01,sell,0xef68e7c694f40c8202821edf525de3782458639f,0x34e5ce380e88b92e42626233beaa768a1203a2055338ffafc46bee1037c54cbc
6,760,0.4446,0x273a5d3e6721b9f5c1a6474f560c1334c63dda01,2017-11-02T07:13:02.000Z,0.000585,0x370a0404b08923b2eab8610a8b6955838a6b647e,buy,0xef68e7c694f40c8202821edf525de3782458639f,0x34e5ce380e88b92e42626233beaa768a1203a2055338ffafc46bee1037c54cbc
7,4189.189358467765,2.49256766828832,0xb9b929846a3e47ceffc52d6a35e87ad2c30c0f96,2017-11-02T05:15:33.000Z,0.000595,0x1c566c0e2306b486673d1bda54c79617d65f6602,sell,0xef68e7c694f40c8202821edf525de3782458639f,0x23571137d2e4db88ab861da3be7702f279ac9a1451c5e19979e36a7ab0c136cb
8,350,0.2093,0xe08f4b92e94e56ed0435f72f80901c8cdc8b620e,2017-11-02T05:12:45.000Z,0.000598,0x1c566c0e2306b486673d1bda54c79617d65f6602,sell,0xef68e7c694f40c8202821edf525de3782458639f,0xafe646ed6b5caece2e35aecbd1f6e7fddfeeb00d49d7cbce1fca06c36609630c
9,272,0.155312,0x0248cf74ed50adcf0c050a7ca4136dcb90520f84,2017-11-02T02:57:02.000Z,0.000571,0x6ee3c78a15071bfca6acd1d71f8567625118d1ff,sell,0xef68e7c694f40c8202821edf525de3782458639f,0x70b60a99ae78b627e9136cf2145fc12d16a8f62db8a6212be9816af5f47172b0
10,1948.9884528727964,1.120668360401858,0x339a48e41d24d51a7ad329bf0c49c5ab285ca550,2017-11-02T02:57:02.000Z,0.000575,0x0c6ead592dd190072e898e807f2fc68e98bcd8be,sell,0xef68e7c694f40c8202821edf525de3782458639f,0xa60226707b6b04c51848c6fbed2c3fc8444521b652604f28cdc628dca6802b5e
11,3000,1.722,0x547269c54497404c144bfb5063ca41d51b7b5a88,2017-11-02T02:55:54.000Z,0.000574,0x0c6ead592dd190072e898e807f2fc68e98bcd8be,sell,0xef68e7c694f40c8202821edf525de3782458639f,0x23047cdf964e634191046f78e678c670b5b5127d0873f16c6ea59a903d1fdb18
12,5000,2.86,0x339a48e41d24d51a7ad329bf0c49c5ab285ca550,2017-11-02T02:54:44.000Z,0.000572,0x0c6ead592dd190072e898e807f2fc68e98bcd8be,sell,0xef68e7c694f40c8202821edf525de3782458639f,0x75af7a45b7e50787321620b3b9e93305b2714ad455a49a802b4a74953355ebb1
13,14.17573813507907,0.008151049427670466,0x547269c54497404c144bfb5063ca41d51b7b5a88,2017-11-02T02:53:34.000Z,0.000575,0x0c6ead592dd190072e898e807f2fc68e98bcd8be,sell,0xef68e7c694f40c8202821edf525de3782458639f,0xec01f977986211b8773028c5c250253969fc10ab0a987d47f77f6a231eb257ab
14,2485.824261864921,1.4293489505723296,0x547269c54497404c144bfb5063ca41d51b7b5a88,2017-11-02T02:52:00.000Z,0.000575,0x0c6ead592dd190072e898e807f2fc68e98bcd8be,sell,0xef68e7c694f40c8202821edf525de3782458639f,0xebed7224a6c764ab2d5933206f1ca3560164ea8081b8a27ffea637ceec7554ee
15,500,0.285,0x2f675f51200fe2a425f2adbe5c9dc7d44cae77f4,2017-11-02T02:04:49.000Z,0.00057,0x38b1f0c0f4fa059c64b30ed033ebe3dee5a2c588,sell,0xef68e7c694f40c8202821edf525de3782458639f,0x6b60e28e779854e6a9f78ed3f6dc6548b30e013bcf1d38d83979f1da341c9a1e
16,2885.355,1.6720632225,0x3ee0c766d2f02ddf091413781b83d82ebb126dd5,2017-11-02T01:44:39.000Z,0.0005795,0x38d6a550ebe865aca6938faaba0b34fcabb0d011,sell,0xef68e7c694f40c8202821edf525de3782458639f,0x17905e6af313e510e19426e24133d1738cad7845b43b20de34883589af90547c
17,114.64460173462267,0.06643654670521383,0x3ee0c766d2f02ddf091413781b83d82ebb126dd5,2017-11-02T01:38:33.000Z,0.0005794999999999999,0xf97377ec764bb32c68797bc5886e7bfc5f76bfbc,sell,0xef68e7c694f40c8202821edf525de3782458639f,0x100eb35780c21c9df97a842ab0dd09fbfd7a896a447b13bf60e14bdf0a980288
18,5150,2.99215,0xeac68d3242198faccaa6a8f54059eff5685e8969,2017-11-02T01:35:43.000Z,0.000581,0x38d6a550ebe865aca6938faaba0b34fcabb0d011,sell,0xef68e7c694f40c8202821edf525de3782458639f,0xf797d6d301082aeb3b92c9c61d1e38fc107e6552a69b3a1c04ec74db24268140
19,1584.173,0.952087973,0xb9b929846a3e47ceffc52d6a35e87ad2c30c0f96,2017-11-02T01:31:20.000Z,0.000601,0x38d6a550ebe865aca6938faaba0b34fcabb0d011,sell,0xef68e7c694f40c8202821edf525de3782458639f,0x41c8022a020c17cc2761906a10ccb7f2d6659a04a477e000ac85edb3d375961b
20,399.801,0.240280800801,0x36ac32b737afb8c3f35056fd8ea1e68cff54208f,2017-11-02T01:29:34.000Z,0.000601001,0x38d6a550ebe865aca6938faaba0b34fcabb0d011,sell,0xef68e7c694f40c8202821edf525de3782458639f,0x149251288278877012349696dc4f6de7b8643b6dba476136893de802b91cba80
21,0.19880537749342797,0.000119482230678927,0x36ac32b737afb8c3f35056fd8ea1e68cff54208f,2017-11-02T01:07:49.000Z,0.0006010009999999964,0x1d5321e125f6c7079a716705541c7b371ca79e69,sell,0xef68e7c694f40c8202821edf525de3782458639f,0x9107f4b6e27f6e89cd05f8dc533c1c84ae2c470763cd87727e13f9ca86bb61c4
22,0.19940179362590826,0.00010867397752612,0x1d5321e125f6c7079a716705541c7b371ca79e69,2017-11-02T01:07:49.000Z,0.000545,0x60143b6b44b8a04723fa4848f5b68310044fb176,buy,0xef68e7c694f40c8202821edf525de3782458639f,0x9107f4b6e27f6e89cd05f8dc533c1c84ae2c470763cd87727e13f9ca86bb61c4
23,1,0.000687,0xe2b48b3dd0b33283b4802e63e65518f27e635054,2017-11-02T00:45:00.000Z,0.000687,0x1c87a83cbccfcae798443095fa85386c56140e0e,buy,0xef68e7c694f40c8202821edf525de3782458639f,0x045f9932f3ceea3e7621a604a99928ea07f242258aca3b2bf11c5209bb70ec9d
24,1,0.00067999,0xed2ca7381d82f8fb9bcc54ea6ab6526e35aece25,2017-11-02T00:43:21.000Z,0.00067999,0xa59fb839e80142c9d0515155702d35f9dce4439e,buy,0xef68e7c694f40c8202821edf525de3782458639f,0x085d92786d917dbd62185cc3e97c60a882dbab9d1c36fadb39d3350a34003556
25,3874.987538630246,2.328867510716778,0xb9b929846a3e47ceffc52d6a35e87ad2c30c0f96,2017-11-02T00:17:42.000Z,0.000601,0x0248cf74ed50adcf0c050a7ca4136dcb90520f84,sell,0xef68e7c694f40c8202821edf525de3782458639f,0x641f2fb38ac435bf877d9c5ed50ba64067cdee64bc724c7b53a3aa4004cff1ae
26,102,0.070176,0x0698b78447bdb5e6e0e19514a91c4e91be6a91a1,2017-11-02T00:09:15.000Z,0.000688,0x73e8781bec83684bb83f4dc8177b1f7223895704,buy,0xef68e7c694f40c8202821edf525de3782458639f,0xfb74209cb463573fa0b517b9b899856faa7e2db7b3a0e879610f35419c50bc8f
27,7547,5.192336,0x0698b78447bdb5e6e0e19514a91c4e91be6a91a1,2017-11-01T23:58:59.000Z,0.000688,0xd5552aaeec4f69f81e620623709eea0afc6b5ada,buy,0xef68e7c694f40c8202821edf525de3782458639f,0x1b90f6a74f6c4de3e03ee2a6a065757c8e3315f5fca7347589ef1727ecc826db
28,2000,1.33999,0x0698b78447bdb5e6e0e19514a91c4e91be6a91a1,2017-11-01T23:49:02.000Z,0.000669995,0xa59fb839e80142c9d0515155702d35f9dce4439e,buy,0xef68e7c694f40c8202821edf525de3782458639f,0x06a42826c7b2d4cfd3b08a4eb8af4a97aaea15ed90718057cbf0c53be543303a
29,100,0.06697,0x0698b78447bdb5e6e0e19514a91c4e91be6a91a1,2017-11-01T23:47:45.000Z,0.0006697,0xd7dfa51f9ac2e34a705597e76ccb907859365b7d,buy,0xef68e7c694f40c8202821edf525de3782458639f,0x3dc9f45308bcea65fd5ef901b3479f2b904daba2463118d5aae7ff6cf6dbfe37
30,2500,1.6374375,0x0698b78447bdb5e6e0e19514a91c4e91be6a91a1,2017-11-01T23:46:38.000Z,0.000654975,0xa59fb839e80142c9d0515155702d35f9dce4439e,buy,0xef68e7c694f40c8202821edf525de3782458639f,0xed05e1f7032ddbeb3c9864a5e06ea02efe2bc0f25df659d479d26f7a56d1c4eb
31,200,0.130994,0x0698b78447bdb5e6e0e19514a91c4e91be6a91a1,2017-11-01T23:44:18.000Z,0.00065497,0x36ac32b737afb8c3f35056fd8ea1e68cff54208f,buy,0xef68e7c694f40c8202821edf525de3782458639f,0xf6b7ac5e8202ee92afad3f905f2ac030dd3c907f74c8c57aed645d04bcaede0b
32,1000,0.64,0x0698b78447bdb5e6e0e19514a91c4e91be6a91a1,2017-11-01T23:40:39.000Z,0.00064,0x16cba3c2409f10259717f99d067bbcd356e0f858,buy,0xef68e7c694f40c8202821edf525de3782458639f,0xf952fd3d9da294af07864b8fb79793ff7fbe7bef91ba3870d897e11e25cadf11
33,220,0.13233,0x68198f5253f24b73e9aae42058aae07fbae74680,2017-11-01T23:25:32.000Z,0.0006015,0x73e8781bec83684bb83f4dc8177b1f7223895704,sell,0xef68e7c694f40c8202821edf525de3782458639f,0x46a38c627df789a5dc225ddd6a8c53c414c947ab7eb4d91de94d2ef888f51d3c
34,50,0.03348495,0xac01f02587b18b034716ea59e6d2a01ff0dd486e,2017-11-01T21:33:22.000Z,0.000669699,0xd7dfa51f9ac2e34a705597e76ccb907859365b7d,sell,0xef68e7c694f40c8202821edf525de3782458639f,0xaec9a11adc9d0c46746d5413d9cf8661d46ade745269a01c380e5ad4be941db4
35,199.38191606021334,0.11982853155218821,0xb9b929846a3e47ceffc52d6a35e87ad2c30c0f96,2017-11-01T21:07:36.000Z,0.000601,0x1ca9bd189db5ab9099a4b17a15cf3ac3da289c38,sell,0xef68e7c694f40c8202821edf525de3782458639f,0x75181e426e3ff559d174348d555149dcca0b3df8ee6e99c82e1254d66b3f9720
36,943.8985408607934,0.5711935947121232,0xda347f7e0e270f3a05647450f0c79c973431c265,2017-11-01T20:56:14.000Z,0.000605143,0x586e34fa3f5af3bef4d6d4f6294e02fec186d3ec,sell,0xef68e7c694f40c8202821edf525de3782458639f,0xaa26e3ebe53d17389c23346f56899bb02b948d7503b3803812ecad593cf4b364
37,0.04969638955107516,0.000030073471958495,0xb4644415a639bf48418f50717ea59e7299682173,2017-11-01T20:47:56.000Z,0.0006051439999999835,0x75025afbe5239a813d9706472855f179d13c265f,sell,0xef68e7c694f40c8202821edf525de3782458639f,0x09d48b3025c90c7b947643c3f4455c858c7d27ffdb83d4f5be79f3bf81710a41
38,0.04969638955107516,0.000030073471958495,0xb4644415a639bf48418f50717ea59e7299682173,2017-11-01T20:47:42.000Z,0.0006051439999999835,0x75025afbe5239a813d9706472855f179d13c265f,sell,0xef68e7c694f40c8202821edf525de3782458639f,0x09d48b3025c90c7b947643c3f4455c858c7d27ffdb83d4f5be79f3bf81710a41
39,256.10145913920655,0.15497800528787686,0xda347f7e0e270f3a05647450f0c79c973431c265,2017-11-01T19:14:27.000Z,0.000605143,0xee3f07980dcadfa90d7d1852d67531d045dbd140,sell,0xef68e7c694f40c8202821edf525de3782458639f,0xa862e83cb0161e07c06f242ecd4ad268595ed5f66d141f27142ad604d9a9317c
40,2268,1.5309,0xda347f7e0e270f3a05647450f0c79c973431c265,2017-11-01T17:35:54.000Z,0.000675,0xb9b929846a3e47ceffc52d6a35e87ad2c30c0f96,buy,0xef68e7c694f40c8202821edf525de3782458639f,0x69522e9d946698f0d78b08567c082afba14a5dbdbb07d51ea3bc8c8da1697f11
41,544.713878506936,0.3649582985996471,0xda347f7e0e270f3a05647450f0c79c973431c265,2017-11-01T17:35:37.000Z,0.00067,0x8266075f3d643e48fe5637287cdf7030130b4dad,buy,0xef68e7c694f40c8202821edf525de3782458639f,0x11b4d4b1dccf4bbf01e0a6488319ca15bfbfdd59ec9dcb3782ae5561b889cdff
42,2184.1743632208972,1.312688792295759,0xb9b929846a3e47ceffc52d6a35e87ad2c30c0f96,2017-11-01T17:21:47.000Z,0.000601,0xe2fbe7b63f79fca9c2dc4375076ec81d6f55c9b4,sell,0xef68e7c694f40c8202821edf525de3782458639f,0x4d3cfdb5f012261aca799141085d772133f7cca10b9e61d8f749d45df6005abc
43,21.286121493064,0.01426170140035288,0x85340638f7fd12497c9e4f816dc3ef2557d2fc1c,2017-11-01T17:12:08.000Z,0.00067,0x8266075f3d643e48fe5637287cdf7030130b4dad,buy,0xef68e7c694f40c8202821edf525de3782458639f,0x9255b3f2c6a62b479f6246379b1126d6b9b1a8df54b2f5141962e3c5e3a87f98
44,498.65355589279255,0.2996907870915683,0xb9b929846a3e47ceffc52d6a35e87ad2c30c0f96,2017-11-01T16:37:34.000Z,0.000601,0x5a9b2366b9d1bcd9cea569ed64c8cf9eeb600177,sell,0xef68e7c694f40c8202821edf525de3782458639f,0x36e6c6fb828b6cce1654826c4013efdf2819408bd25dde2f474ba1e941d5bcfa
45,0.09870388833499501,0.00059321036889332,0x8dfd78676fa1929d1c7b64fbd3133e3b4ec305b3,2017-11-01T16:14:57.000Z,0.00601,0x1d5321e125f6c7079a716705541c7b371ca79e69,sell,0xef68e7c694f40c8202821edf525de3782458639f,0x90cf62509923beba362d719d5776fa76a7bcd0307eaf40dae5cc643dc5c965e9
46,0.099,0.00006732,0x1d5321e125f6c7079a716705541c7b371ca79e69,2017-11-01T16:14:57.000Z,0.00068,0x339a48e41d24d51a7ad329bf0c49c5ab285ca550,buy,0xef68e7c694f40c8202821edf525de3782458639f,0x90cf62509923beba362d719d5776fa76a7bcd0307eaf40dae5cc643dc5c965e9
47,0.000000002630719117,0.000000000001788889,0xf453dd15e3c76b8c44ea7c78f183d3bab58e6d04,2017-11-01T16:13:44.000Z,0.0006800000001672546,0x339a48e41d24d51a7ad329bf0c49c5ab285ca550,buy,0xef68e7c694f40c8202821edf525de3782458639f,0x4bf0f469611fdf3be8057449e6e3b0e28bd61e1759c4b49dd0dc8be48d3bef4f
48,0.000026388724910294,0.000000017944332939,0xf453dd15e3c76b8c44ea7c78f183d3bab58e6d04,2017-11-01T16:12:48.000Z,0.000680000000000003,0x339a48e41d24d51a7ad329bf0c49c5ab285ca550,buy,0xef68e7c694f40c8202821edf525de3782458639f,0xbe048a5965ee399bdd531f267237b1a6a0159fe036de9311ba075d17df43e2a3
49,119.62923196489845,0.07189716841090396,0xb9b929846a3e47ceffc52d6a35e87ad2c30c0f96,2017-11-01T16:12:48.000Z,0.000601,0x7e5da760c82bf59c9d27d425a6407928ee54a656,sell,0xef68e7c694f40c8202821edf525de3782458639f,0xfe8c37a5e3969ea7482a1a6d8a254699b202b6466584eed60759f9c72547679e
50,8.04,0.0057888,0x8b5cd8dea989fd3c03e227a79202953cb8aa49db,2017-11-01T16:09:54.000Z,0.00072,0x8793d91b97207e8fd52cc982e7de1c0cf1800b16,sell,0xef68e7c694f40c8202821edf525de3782458639f,0xf33951f0b605686eb21d3fe649d226fba720f3d03718e20c742f5f803a4c674f
51,4886.469135242869,3.3227990119651514,0x718bdd3cbe9890b2bbd681bc8e117edbc75cc15d,2017-11-01T16:09:54.000Z,0.00068,0x339a48e41d24d51a7ad329bf0c49c5ab285ca550,buy,0xef68e7c694f40c8202821edf525de3782458639f,0x6d2f8323d19d91de38ef8bf521203b43f68f4ce6126852cf414b99679ddaf899
52,2680,1.8492,0x273a5d3e6721b9f5c1a6474f560c1334c63dda01,2017-11-01T16:05:21.000Z,0.00069,0xd611b7ceded72f21af8c31e3bf63ca0a496bbfde,buy,0xef68e7c694f40c8202821edf525de3782458639f,0x8e436fc9c9ac5f71c82004cbcfce34bcbb09ea69e0c4aa2ae3ec2156ac7dce50
53,2671.96,1.9238112,0x8b5cd8dea989fd3c03e227a79202953cb8aa49db,2017-11-01T16:05:21.000Z,0.00072,0x273a5d3e6721b9f5c1a6474f560c1334c63dda01,sell,0xef68e7c694f40c8202821edf525de3782458639f,0x8e436fc9c9ac5f71c82004cbcfce34bcbb09ea69e0c4aa2ae3ec2156ac7dce50
54,110,0.0759,0xc540a51cc54f24956be5be8e7cceca494a5667d1,2017-11-01T16:04:35.000Z,0.00069,0xd611b7ceded72f21af8c31e3bf63ca0a496bbfde,buy,0xef68e7c694f40c8202821edf525de3782458639f,0x2f3963468730365f2141339ed0e1e008d4b4d28eb45c1bae48d582468dfe213a
55,165.88055960240834,0.11512110836407138,0xc540a51cc54f24956be5be8e7cceca494a5667d1,2017-11-01T16:00:58.000Z,0.000694,0xb5568c80ca973525bf905251c5ba9877dfb2fe88,buy,0xef68e7c694f40c8202821edf525de3782458639f,0x9a9caa275bd8ed2710ad846adc2d781036d37890e205335dcd30c7d012c1519c
56,1.119440397591673,0.000776891635928621,0xaa3f55c0df5c46369031701fdf14af31d2d83487,2017-11-01T15:50:09.000Z,0.000694,0xb5568c80ca973525bf905251c5ba9877dfb2fe88,buy,0xef68e7c694f40c8202821edf525de3782458639f,0x1021bb66b3fe8bdbaf5eba6143521865a3b3ec08e0f8abc487983550fe74af26
57,1.119440397591673,0.000776891635928621,0xaa3f55c0df5c46369031701fdf14af31d2d83487,2017-11-01T15:49:05.000Z,0.000694,0xb5568c80ca973525bf905251c5ba9877dfb2fe88,buy,0xef68e7c694f40c8202821edf525de3782458639f,0x1021bb66b3fe8bdbaf5eba6143521865a3b3ec08e0f8abc487983550fe74af26
58,33,0.022902,0x273a5d3e6721b9f5c1a6474f560c1334c63dda01,2017-11-01T15:47:17.000Z,0.000694,0xb5568c80ca973525bf905251c5ba9877dfb2fe88,buy,0xef68e7c694f40c8202821edf525de3782458639f,0x9bf5aaa817fc36f09e080fe783eb2ee1d23e682469edc5271dcf1022843c6e08
59,32.901,0.19773501,0x8dfd78676fa1929d1c7b64fbd3133e3b4ec305b3,2017-11-01T15:47:17.000Z,0.00601,0x273a5d3e6721b9f5c1a6474f560c1334c63dda01,sell,0xef68e7c694f40c8202821edf525de3782458639f,0x9bf5aaa817fc36f09e080fe783eb2ee1d23e682469edc5271dcf1022843c6e08
60,100,0.0698,0xb4644415a639bf48418f50717ea59e7299682173,2017-11-01T15:28:39.000Z,0.000698,0xb5568c80ca973525bf905251c5ba9877dfb2fe88,buy,0xef68e7c694f40c8202821edf525de3782458639f,0x9f5d98fd242572b1a4fa7321b865eb2ea59dab35e3ec2d3408f66d71f2668e9e
61,256.83393686686384,0.17978375580680467,0xee3f07980dcadfa90d7d1852d67531d045dbd140,2017-11-01T15:17:05.000Z,0.0007,0xe2fbe7b63f79fca9c2dc4375076ec81d6f55c9b4,buy,0xef68e7c694f40c8202821edf525de3782458639f,0xf23863c34fc62663712b2ddbe92596e9f09af8ab9bfb37697246068476e36a97
62,81.38037390212789,0.059814574818064,0x581b091392d902cee86f6628db6ba521c38a3261,2017-11-01T15:13:11.000Z,0.000735,0x33cf9fbbcd40cb3ef632a63907eb17555d49ee54,buy,0xef68e7c694f40c8202821edf525de3782458639f,0x103f60a9ac6bfee08803ae3d728e74ea75cd10b0b16645e59faca8bae8815f3a
63,685,0.503475,0x6ee3c78a15071bfca6acd1d71f8567625118d1ff,2017-11-01T15:02:21.000Z,0.000735,0x33cf9fbbcd40cb3ef632a63907eb17555d49ee54,buy,0xef68e7c694f40c8202821edf525de3782458639f,0xb29b129c0d5d9201846fc6fc680676ea8a894757beee332afc7c81e9f1904127
64,15000,11.625,0xf74ae16de708370e501b40b1b82131d4c5d2e16d,2017-11-01T15:01:45.000Z,0.000775,0xba00bb0552918645e636286f10732cc01397889f,buy,0xef68e7c694f40c8202821edf525de3782458639f,0xebe30650881a86cfc9acd87c4d74452feeaa954c7f1da28429ab9384de88f025
65,280,0.19572,0xf74ae16de708370e501b40b1b82131d4c5d2e16d,2017-11-01T14:59:39.000Z,0.000699,0xb7ddaba243659e42d2813fcb9f30aca983478b5c,buy,0xef68e7c694f40c8202821edf525de3782458639f,0x9c8e4da50f5be99b76cd1ac0e61c7aca2fe5e8e1197383655cb9a84a7a6635dc
66,1000,0.699,0xf74ae16de708370e501b40b1b82131d4c5d2e16d,2017-11-01T14:58:35.000Z,0.000699,0xd7dfa51f9ac2e34a705597e76ccb907859365b7d,buy,0xef68e7c694f40c8202821edf525de3782458639f,0x5bff6dd555fd76d840abde762bb30986497d2cdf06fbbcfe79429e81e4cf35ca
67,1000,0.697,0xf74ae16de708370e501b40b1b82131d4c5d2e16d,2017-11-01T14:57:15.000Z,0.000697,0x9fa1621d504640fe0bd3105252b66788c668223a,buy,0xef68e7c694f40c8202821edf525de3782458639f,0xb34ec605f572039c72c0ac211b578e9fea70674dd682f98e828d1c7031403895
68,200,0.1396,0xf74ae16de708370e501b40b1b82131d4c5d2e16d,2017-11-01T14:55:11.000Z,0.000698,0xb5568c80ca973525bf905251c5ba9877dfb2fe88,buy,0xef68e7c694f40c8202821edf525de3782458639f,0xb881663791d8cc64df53d47a54d5885c85e49666ded82c40d5d95470da047034
69,200,0.12000002,0x36ac32b737afb8c3f35056fd8ea1e68cff54208f,2017-11-01T14:52:54.000Z,0.0006000001,0xd7dfa51f9ac2e34a705597e76ccb907859365b7d,sell,0xef68e7c694f40c8202821edf525de3782458639f,0x6ec94c2585c845a72e8632d5b21ed54dbf9927d4289722f89687963492fa065b
70,100,0.069,0xf74ae16de708370e501b40b1b82131d4c5d2e16d,2017-11-01T14:50:41.000Z,0.00069,0xd7dfa51f9ac2e34a705597e76ccb907859365b7d,buy,0xef68e7c694f40c8202821edf525de3782458639f,0x2f0c3aa11c489b80ccf669ac6c0b3ec55b42bfbfa6269f4fb13b7efdde6b459a
71,4010,4.01,0xf74ae16de708370e501b40b1b82131d4c5d2e16d,2017-11-01T14:47:03.000Z,0.001,0x5cc114f65da6fa7cd051274d07fcb47ea5e3a326,buy,0xef68e7c694f40c8202821edf525de3782458639f,0x2bc15b498c7e728c6c81a19862411f9c6f167d39c868784c17d795ed15d002ce
72,405.2658754069041,0.2509059152377457,0x953bdfbda93d06f5d32e40080d699e252d44a0f8,2017-11-01T14:20:48.000Z,0.0006191143406432272,0xd7dfa51f9ac2e34a705597e76ccb907859365b7d,buy,0xef68e7c694f40c8202821edf525de3782458639f,0x69978c1064a58e6d31eb940372dad91aa36e3e29eb5d57af4f8931051d6062e6
73,450,0.27,0x953bdfbda93d06f5d32e40080d699e252d44a0f8,2017-11-01T14:20:08.000Z,0.0006,0xd7dfa51f9ac2e34a705597e76ccb907859365b7d,buy,0xef68e7c694f40c8202821edf525de3782458639f,0x7f19c05d0baceef9cb71d6e24d92a98775fd31b8065a0b23d137f356b9e66b52
74,94.7341245930959,0.058651255083867905,0x1c87a83cbccfcae798443095fa85386c56140e0e,2017-11-01T14:19:34.000Z,0.0006191143406432272,0xd7dfa51f9ac2e34a705597e76ccb907859365b7d,buy,0xef68e7c694f40c8202821edf525de3782458639f,0xe265a354388a5a14db6f7119295ee63a38962d1d0aaa67aed8284734a353e15d
75,180,0.116964,0x953bdfbda93d06f5d32e40080d699e252d44a0f8,2017-11-01T13:41:57.000Z,0.0006498,0xb5568c80ca973525bf905251c5ba9877dfb2fe88,buy,0xef68e7c694f40c8202821edf525de3782458639f,0x3e0e7470e0ff4d58f872652e13a469ff749f07d6fc0c930a15ec8b8f3f4a90df
76,4000,2.6,0x739c5f6d73d483705a08f9a52c7cd61c7933573e,2017-11-01T13:41:18.000Z,0.00065,0xe8f0cc52b0d087e4eaabe1de8c0bc01f83918ea9,buy,0xef68e7c694f40c8202821edf525de3782458639f,0xaacb87d01928dc33a6002792abb8b94bb86bbfc90b1ae6c7b254bdffe93ec863
77,1000,0.64,0x739c5f6d73d483705a08f9a52c7cd61c7933573e,2017-11-01T13:41:18.000Z,0.00064,0x398f85ad1d5ecb8d8b28a38720513805380b3c1f,buy,0xef68e7c694f40c8202821edf525de3782458639f,0x56fc4b5ed741cb034a6fe5375dd0b5c572d31593e7292044f6126cefae582bc9
78,2957.102,1.839317444,0xc2832a0e76fa707f40c172d7d31144a19b10f583,2017-11-01T12:55:02.000Z,0.000622,0x3795f9907f35dd3df303ccee7078bc5f420d8ae1,buy,0xef68e7c694f40c8202821edf525de3782458639f,0x8667cacb9a0ae5996b1bf3da7222555780da4bbe22dc6350d2eb358bcd14ca25
79,2500,1.5525,0xc2832a0e76fa707f40c172d7d31144a19b10f583,2017-11-01T12:54:50.000Z,0.000621,0x137655cdcb5a29bb52c1c996be072e261383fe01,buy,0xef68e7c694f40c8202821edf525de3782458639f,0x0c9eecc3de94aed4e2a8418e38b2df38682432ccce3797fa45bf2571031ec6ce
80,70,0.0434,0xc2832a0e76fa707f40c172d7d31144a19b10f583,2017-11-01T12:54:50.000Z,0.00062,0x55a8b2e3d35a405d8eb7beccc85c1743c0063893,buy,0xef68e7c694f40c8202821edf525de3782458639f,0x179d0056a153e5ffd9962a15b83d0200715da67f78b04de602c63c087cf09d9a
81,3076.26,1.9072812,0xc2832a0e76fa707f40c172d7d31144a19b10f583,2017-11-01T12:54:36.000Z,0.00062,0xe28e920659ac540f9902414e0e0ff23a86712ed7,buy,0xef68e7c694f40c8202821edf525de3782458639f,0xf134f47dab87eb9759796d27bde66a88ec7b764fe54da284ce6627c580f2d802
82,3577.796,2.03934372,0x1c87a83cbccfcae798443095fa85386c56140e0e,2017-11-01T12:30:48.000Z,0.00057,0xb9b929846a3e47ceffc52d6a35e87ad2c30c0f96,buy,0xef68e7c694f40c8202821edf525de3782458639f,0xc2f594ffafc53f065b6ee9e1ea84f7b0b1d0d4a953721d60ea323b97667787b6
83,9851,5.71358,0x1c87a83cbccfcae798443095fa85386c56140e0e,2017-11-01T12:29:37.000Z,0.00058,0xb9b929846a3e47ceffc52d6a35e87ad2c30c0f96,buy,0xef68e7c694f40c8202821edf525de3782458639f,0x6b0ed2399dd9f500443d596013b50a0fabd8e5223929040990fe98487b18181a
84,1000,0.56,0xb9b929846a3e47ceffc52d6a35e87ad2c30c0f96,2017-11-01T12:28:50.000Z,0.00056,0x16cba3c2409f10259717f99d067bbcd356e0f858,buy,0xef68e7c694f40c8202821edf525de3782458639f,0x70230d1c45f7c88da4db4c713b9f331f9f12afc448148fdde11e1d105dbb417b
85,120,0.066,0xb9b929846a3e47ceffc52d6a35e87ad2c30c0f96,2017-11-01T12:27:37.000Z,0.00055,0x72b075d9b3f42c639cd019e4bf57e804b3a3cf89,buy,0xef68e7c694f40c8202821edf525de3782458639f,0x8aca7b121d4ca8d1d9f70fc10d76390334374ed4c716415e03c581f91d4fe3c1
86,500,0.269255,0xb5568c80ca973525bf905251c5ba9877dfb2fe88,2017-11-01T11:02:09.000Z,0.00053851,0x1c87a83cbccfcae798443095fa85386c56140e0e,sell,0xef68e7c694f40c8202821edf525de3782458639f,0x627e6c18e4b87b95bbed0edcebc00b04bdaaa1a1865a9b55956985179474c073
87,1300,0.70135,0xc4d495b0b304a4e51a35bde6162ebc1e10874961,2017-11-01T10:55:34.000Z,0.0005395,0xb9b929846a3e47ceffc52d6a35e87ad2c30c0f96,sell,0xef68e7c694f40c8202821edf525de3782458639f,0x9b12b9464731e49ca17cba62ba78d55f79437946aa53cdac1d6db92a33d175da
88,2100,1.134,0x980bc6887385e82807e59f6858f518e3cfae1bd8,2017-11-01T10:51:02.000Z,0.00054,0x339a48e41d24d51a7ad329bf0c49c5ab285ca550,sell,0xef68e7c694f40c8202821edf525de3782458639f,0x3f2d4fe45ee12dcaca8d1f8ee677b7e350e60750a81db0ef7fce1d4e15d0557b
89,30,0.01794,0x2189d552c57e95417c8ffe820713fa6782dcdc86,2017-11-01T10:33:50.000Z,0.000598,0xb9b929846a3e47ceffc52d6a35e87ad2c30c0f96,buy,0xef68e7c694f40c8202821edf525de3782458639f,0x017a8e0a64624154ad611aeccadbbccb6fa5339475c8f2818eb37eb080e0a172
90,0.00051,13.26,0x4bcdf08359aeae40aafdd2cc282e7c1fbb2d310a,2017-11-01T10:00:21.000Z,26000,0x350f6f675b20d606bb7f6c412ef4775c9bc57168,sell,0xef68e7c694f40c8202821edf525de3782458639f,0x864f527268488b605337e9e4a3b4b6abbf478ba39cb6dc37adb99fc2fe145809
91,280,0.16772,0xb5568c80ca973525bf905251c5ba9877dfb2fe88,2017-11-01T06:22:39.000Z,0.000599,0xb7ddaba243659e42d2813fcb9f30aca983478b5c,buy,0xef68e7c694f40c8202821edf525de3782458639f,0x6e89206967b66a8ab3c1a9269fd0cf0c2c5cad6bc153c7894ebde59c14801e3a
92,125,0.0725,0xa3b2ceb252ec28d6bb74c78831ebfa56829ff4ed,2017-11-01T06:19:44.000Z,0.00058,0x7616bb991081160eb20ff62ba47da6e54f5c8728,buy,0xef68e7c694f40c8202821edf525de3782458639f,0xbcf61850ca1d0d75bd7d93e34e7eeea846f7686105b01086bc2f964db0cc893e
93,977,0.552005,0x739c5f6d73d483705a08f9a52c7cd61c7933573e,2017-11-01T06:19:36.000Z,0.000565,0x9e9a2d805dd5fec393fc093b25eb43f7023dd543,buy,0xef68e7c694f40c8202821edf525de3782458639f,0xecf508df1424f4b01d3377ce08e585c5168193f1e7fcf66b57d7b10165c48de0
94,2000,1.1,0x739c5f6d73d483705a08f9a52c7cd61c7933573e,2017-11-01T06:18:52.000Z,0.00055,0x4bcdf08359aeae40aafdd2cc282e7c1fbb2d310a,buy,0xef68e7c694f40c8202821edf525de3782458639f,0x7bb5c40199dba1a4e93ec086ea18320e907c7945267483d8bc492d58a92e7190
95,10000,5.5,0x8e69a7a7fa07ebd03ed04853b0aee4696ef6d414,2017-11-01T06:17:50.000Z,0.00055,0x4bcdf08359aeae40aafdd2cc282e7c1fbb2d310a,buy,0xef68e7c694f40c8202821edf525de3782458639f,0x9adce59a84c4896d00e60aaa50af3cfeb967122b3fccb20be769d460265145e3
96,11700,6.435,0x8e69a7a7fa07ebd03ed04853b0aee4696ef6d414,2017-11-01T06:17:11.000Z,0.00055,0x4bcdf08359aeae40aafdd2cc282e7c1fbb2d310a,buy,0xef68e7c694f40c8202821edf525de3782458639f,0x0316e0827e1fe2804b16557bf21bb013077760e18d85e650a87bd42d88630ce8
97,83.333,0.051999792,0x878c8e8d6bba96886eff6dd7569bbeecc36fec4b,2017-11-01T06:16:57.000Z,0.000624,0xa53194e5e67e9eade3cfc81a6b5e426a46c58dfe,buy,0xef68e7c694f40c8202821edf525de3782458639f,0x1e1ff4a1f08d525e2b58601d2b4d40c82ce53d24c676958059490187573a1f72
98,300,0.165,0xb5568c80ca973525bf905251c5ba9877dfb2fe88,2017-11-01T06:16:44.000Z,0.00055,0x4bcdf08359aeae40aafdd2cc282e7c1fbb2d310a,buy,0xef68e7c694f40c8202821edf525de3782458639f,0x5381ea28c7c021fc938ff747aa184d87cde22d834d094f065a8a3a1f6c3ebce7
99,125,0.0765,0x878c8e8d6bba96886eff6dd7569bbeecc36fec4b,2017-11-01T06:15:53.000Z,0.000612,0x7616bb991081160eb20ff62ba47da6e54f5c8728,buy,0xef68e7c694f40c8202821edf525de3782458639f,0x4820997d1841f9f859e77ef77f511f87ba0e36abc06f97ef562109fbeeaab03b
100,5498,2.957924,0x339a48e41d24d51a7ad329bf0c49c5ab285ca550,2017-11-01T06:15:31.000Z,0.000538,0xb9b929846a3e47ceffc52d6a35e87ad2c30c0f96,buy,0xef68e7c694f40c8202821edf525de3782458639f,0x65e393bb18a31eee5b50923b71a810d5abc78eae9a4ac2b36c0726d121594176
101,767.687,0.41455098,0x878c8e8d6bba96886eff6dd7569bbeecc36fec4b,2017-11-01T06:14:12.000Z,0.00054,0xa2aba2253ae0f0099d95e8d512c2d6b14a9949a0,buy,0xef68e7c694f40c8202821edf525de3782458639f,0xcddb7d46d74aadebddd16a3b8c3d987421a4032474fcaae097e1eb96a4478c05
102,1000,0.53999,0x878c8e8d6bba96886eff6dd7569bbeecc36fec4b,2017-11-01T06:13:28.000Z,0.00053999,0x9fa1621d504640fe0bd3105252b66788c668223a,buy,0xef68e7c694f40c8202821edf525de3782458639f,0x685f43f465ff5ed723911fd68aa3976e6bfc14171356409f099da06cd45bb6d8
103,310,1.2090031,0x378bc8bb4c5fe540abd4a3e296420ad32ccd561c,2017-11-01T04:56:55.000Z,0.00390001,0x2af5c32c76ddd5be71c1e3f7d06d0b1a2d204cf2,sell,0xef68e7c694f40c8202821edf525de3782458639f,0x8b61b67b5bf546bb1f99c51617ee877fbf39f6b29aebf1650ee48d3337709033
104,5000,1.95,0x273a5d3e6721b9f5c1a6474f560c1334c63dda01,2017-11-01T04:27:18.000Z,0.00039,0x339a48e41d24d51a7ad329bf0c49c5ab285ca550,buy,0xef68e7c694f40c8202821edf525de3782458639f,0x15f1b0b4b143678209435aaf16701a7a0e266bd8782e53af9172853ab9b71747
105,4985,2.397785,0x339a48e41d24d51a7ad329bf0c49c5ab285ca550,2017-11-01T04:27:18.000Z,0.000481,0x273a5d3e6721b9f5c1a6474f560c1334c63dda01,sell,0xef68e7c694f40c8202821edf525de3782458639f,0x15f1b0b4b143678209435aaf16701a7a0e266bd8782e53af9172853ab9b71747
106,4985,2.3683739985,0x4665d3987a0f8042be909cb156d333a705640bc9,2017-11-01T04:27:18.000Z,0.0004751001,0x273a5d3e6721b9f5c1a6474f560c1334c63dda01,sell,0xef68e7c694f40c8202821edf525de3782458639f,0xccce2d05ea59399664712237812331c6ed5ea77a21790411701a1f7262c1c638
107,5000,1.95,0x273a5d3e6721b9f5c1a6474f560c1334c63dda01,2017-11-01T04:27:18.000Z,0.00039,0x339a48e41d24d51a7ad329bf0c49c5ab285ca550,buy,0xef68e7c694f40c8202821edf525de3782458639f,0xccce2d05ea59399664712237812331c6ed5ea77a21790411701a1f7262c1c638
108,13024.699,6.64259649,0x339a48e41d24d51a7ad329bf0c49c5ab285ca550,2017-11-01T04:23:16.000Z,0.00051,0x1c7a9c7177c7c07a552d350d067de38bd20dab97,buy,0xef68e7c694f40c8202821edf525de3782458639f,0x5c721ebb0ff8eac1643cff32c4701ad0007006d7a4c33eda969e0ec709142a19
109,996.9095803010667,0.508423885953544,0xb9b929846a3e47ceffc52d6a35e87ad2c30c0f96,2017-11-01T04:22:11.000Z,0.00051,0x9da7ad646dc636de4bbc54ece8723a2bc346ca36,sell,0xef68e7c694f40c8202821edf525de3782458639f,0x2b38a2ce719e63a68035bb5b46b0aa8028cb8c3623b5069bbe1f77c515fd65f7
110,21971.105503587565,11.20526380682966,0x1c87a83cbccfcae798443095fa85386c56140e0e,2017-11-01T04:21:01.000Z,0.00051,0x1c7a9c7177c7c07a552d350d067de38bd20dab97,buy,0xef68e7c694f40c8202821edf525de3782458639f,0x1309f2e71dc58f02ebadc2d4f0e55082f8c5b32de67e9f3b9953af7d0a3b9d20
111,2.443741776047337,0.001246308305784142,0x1c87a83cbccfcae798443095fa85386c56140e0e,2017-11-01T04:19:45.000Z,0.00051,0x1c7a9c7177c7c07a552d350d067de38bd20dab97,buy,0xef68e7c694f40c8202821edf525de3782458639f,0xda39970261aed0a39f54524457c9463424e01083ee427e6a5096a47410f0e8fc
112,13500,6.885,0x339a48e41d24d51a7ad329bf0c49c5ab285ca550,2017-11-01T04:13:09.000Z,0.00051,0x1c7a9c7177c7c07a552d350d067de38bd20dab97,buy,0xef68e7c694f40c8202821edf525de3782458639f,0x8d910ab3e5e0433ef8e1cc253101902cce447ca988480a504841d588ca1cd6b9
113,24513.173755530835,12.501718615320726,0x1c87a83cbccfcae798443095fa85386c56140e0e,2017-11-01T04:10:31.000Z,0.00051,0x1c7a9c7177c7c07a552d350d067de38bd20dab97,buy,0xef68e7c694f40c8202821edf525de3782458639f,0x6ab485ba927251f0dca854d047aa2a3f896069600576d2ae14cfb28c6b697a14
114,9293.00055334063,4.73943028220372,0x1c87a83cbccfcae798443095fa85386c56140e0e,2017-11-01T04:09:54.000Z,0.00051,0x1c7a9c7177c7c07a552d350d067de38bd20dab97,buy,0xef68e7c694f40c8202821edf525de3782458639f,0x3046f8edc28ce64fbec8d71e1f9907c7d19fcc2c927e163f9fd7ab5ac0721b94
115,15.943235303656255,0.00813105000486469,0xb9b929846a3e47ceffc52d6a35e87ad2c30c0f96,2017-11-01T03:58:31.000Z,0.0005099999999999999,0xe300b3909aad54fd05e919e39f402c842e0037d3,sell,0xef68e7c694f40c8202821edf525de3782458639f,0xb2d4314854d1ba2804e1b07c092ff73a5170e723de3fe73dc5ae25064f17c01b
116,1650,0.8415,0xb9b929846a3e47ceffc52d6a35e87ad2c30c0f96,2017-11-01T03:53:27.000Z,0.00051,0xe300b3909aad54fd05e919e39f402c842e0037d3,sell,0xef68e7c694f40c8202821edf525de3782458639f,0x9f33fa7f26c0f144b6093f9be2c4e0862fecfaa8cf35de2e8572daf0571d0ca0
117,22.794925906198397,0.011739386841692175,0xb9b929846a3e47ceffc52d6a35e87ad2c30c0f96,2017-11-01T03:52:40.000Z,0.0005149999999999999,0xe300b3909aad54fd05e919e39f402c842e0037d3,sell,0xef68e7c694f40c8202821edf525de3782458639f,0x9e4bc1fc4859b8e585dc8b5d4d59ba967013d1c9becb15e7b1370f82b4d17c3e
118,75.26852030301738,0.03838694535453887,0x339a48e41d24d51a7ad329bf0c49c5ab285ca550,2017-11-01T03:52:17.000Z,0.00051,0x1c7a9c7177c7c07a552d350d067de38bd20dab97,buy,0xef68e7c694f40c8202821edf525de3782458639f,0xcbaafb8523b07e330ca28923064e99c59dfd9bf5e7b5ad82e3d854808ec34775
119,10000,5.1,0x339a48e41d24d51a7ad329bf0c49c5ab285ca550,2017-11-01T03:51:28.000Z,0.00051,0x1c7a9c7177c7c07a552d350d067de38bd20dab97,buy,0xef68e7c694f40c8202821edf525de3782458639f,0x18054a46e45e7a234a67358df076e0b6f11d041d94bb2f6a9b5a7674fd8a2e7e
120,7575.513709493269,3.901389560389034,0xb9b929846a3e47ceffc52d6a35e87ad2c30c0f96,2017-11-01T03:50:24.000Z,0.0005149999999999999,0x273a5d3e6721b9f5c1a6474f560c1334c63dda01,sell,0xef68e7c694f40c8202821edf525de3782458639f,0xac6821d1aa6c64ecb7ca2bb8e63c047bc413e270e8c9ef5e097b64e819489dcb
121,7598.308635399468,3.8751374040537283,0x273a5d3e6721b9f5c1a6474f560c1334c63dda01,2017-11-01T03:50:24.000Z,0.00051,0x1c7a9c7177c7c07a552d350d067de38bd20dab97,buy,0xef68e7c694f40c8202821edf525de3782458639f,0xac6821d1aa6c64ecb7ca2bb8e63c047bc413e270e8c9ef5e097b64e819489dcb
122,5699,3.02047,0xb9b929846a3e47ceffc52d6a35e87ad2c30c0f96,2017-11-01T03:13:31.000Z,0.00053,0x9721268308785690ea404f71d33652b5e3c4b2e3,buy,0xef68e7c694f40c8202821edf525de3782458639f,0xd10a369efa1a5214c3e73694ca7f477f41bb4fef49d94891f2cfb371e6c42356
123,290,0.15341,0xf67e79ab45df3b6e17d68e6623eee3e3848c6445,2017-11-01T01:26:47.000Z,0.000529,0x339a48e41d24d51a7ad329bf0c49c5ab285ca550,buy,0xef68e7c694f40c8202821edf525de3782458639f,0xabbf8863da5da138de3c0f9af45cb8263f6996cb24945c878edf312ed9f01aa4
124,387,0.195435,0x6ee3c78a15071bfca6acd1d71f8567625118d1ff,2017-11-01T00:40:23.000Z,0.000505,0x69bc96509a19ce70f5ddbbe2cdc736ca1fd615ee,sell,0xef68e7c694f40c8202821edf525de3782458639f,0x49a67771bcf79448c112e5da4cd0274b4f9a6ac50b4fc4781bd59cae748a882a
125,5797,3.101395,0x3df86cefaecfaa31be2f74f8f832cb4ef62b79f8,2017-10-31T20:00:32.000Z,0.000535,0xadaeab483608578c6287ae27b892f9e3bb0c8cfb,buy,0xef68e7c694f40c8202821edf525de3782458639f,0xd81fdc935dc936a0ac7ec9c165b28e4cf9a698b4d56a7ce9c5ce2897f511d9e9
126,3080.843318740881,1.5435025026891813,0xb9b929846a3e47ceffc52d6a35e87ad2c30c0f96,2017-10-31T19:44:34.000Z,0.000501,0x9e40c03f796a00df5307f40d51ddbf73851e5a1c,sell,0xef68e7c694f40c8202821edf525de3782458639f,0x732c97dfa09e7f1dce494a998495219c40dacfe5b3daecadcd48c372e7fdec5d
127,7332.312687739595,3.9594488513793813,0x339a48e41d24d51a7ad329bf0c49c5ab285ca550,2017-10-31T18:11:10.000Z,0.00054,0xa2aba2253ae0f0099d95e8d512c2d6b14a9949a0,buy,0xef68e7c694f40c8202821edf525de3782458639f,0xdc4f06dd5dea7167e04835a161cd8a5e153a0c895e1efac2aae44d38a3d2a79d
128,2661.790715712818,1.3788075907392396,0x3df86cefaecfaa31be2f74f8f832cb4ef62b79f8,2017-10-31T17:55:18.000Z,0.000518,0xb9b929846a3e47ceffc52d6a35e87ad2c30c0f96,buy,0xef68e7c694f40c8202821edf525de3782458639f,0xb5f0b7b927617deb5da0b0a48ab4ea98201ff26d7b3b0de5f5799aafa17c4eac
129,8900,4.5657,0x3df86cefaecfaa31be2f74f8f832cb4ef62b79f8,2017-10-31T17:53:39.000Z,0.000513,0xb9b929846a3e47ceffc52d6a35e87ad2c30c0f96,buy,0xef68e7c694f40c8202821edf525de3782458639f,0x04f20dd20036d87e5c8c24e0bbec8d5b42509e0e93f93dd85f2b9f02f518a5d7
130,5084.933,2.59331583,0x3df86cefaecfaa31be2f74f8f832cb4ef62b79f8,2017-10-31T17:53:30.000Z,0.00051,0x583b640795999aa2bb22c1a62a91336ff9d325bb,buy,0xef68e7c694f40c8202821edf525de3782458639f,0xa5f9627c64ef58a3985d16cd92d32aea2c6ba2a754d3a90c102f2cab95509cdd
131,500.024,0.25501224,0x8266075f3d643e48fe5637287cdf7030130b4dad,2017-10-31T17:49:00.000Z,0.00051,0xe2f947f9b9d7b53ae47e72625337c557238914dd,buy,0xef68e7c694f40c8202821edf525de3782458639f,0xaafda00fa7d08870cff6046179f7c462fd07a56db16371b25315e3d5abb7a7f1
132,66.6,0.0339659334,0x8266075f3d643e48fe5637287cdf7030130b4dad,2017-10-31T17:48:28.000Z,0.000509999,0x36ac32b737afb8c3f35056fd8ea1e68cff54208f,buy,0xef68e7c694f40c8202821edf525de3782458639f,0xf0c4012229583223a99725b9f368775c4ecdf29d8bb89ea199c9f8d4d299cea9
133,99.976,0.05098776,0x89d400d2268df5f9e4590c632f407bda11fab028,2017-10-31T17:47:21.000Z,0.00051,0xe2f947f9b9d7b53ae47e72625337c557238914dd,buy,0xef68e7c694f40c8202821edf525de3782458639f,0x63e5b40773ee73ad2f7a13c7e6801c09dbde6bd3a645ca174fa0321df3c2e841
134,133,0.06783,0xa57ad542d120a0fa0e897b54cdf137e3deb48922,2017-10-31T16:26:16.000Z,0.00051,0x36ac32b737afb8c3f35056fd8ea1e68cff54208f,sell,0xef68e7c694f40c8202821edf525de3782458639f,0x64b7ed10c12da37918d414cb63b3c35cb6e2119e61db45095f4cb50e213eed66
135,2000,1,0x3df86cefaecfaa31be2f74f8f832cb4ef62b79f8,2017-10-31T15:58:23.000Z,0.0005,0xceed8b3c21c60d47d279d7da7c645cc23eb7f9e3,buy,0xef68e7c694f40c8202821edf525de3782458639f,0x1b2da8cd80b5ff836f5f086ef1091c7ce2e6868303249d6b7423919969e40106
136,14039,7.0195,0x3df86cefaecfaa31be2f74f8f832cb4ef62b79f8,2017-10-31T15:58:23.000Z,0.0005,0xff702ffb8cd897cd56563e98d0e3bfe50f4387ad,buy,0xef68e7c694f40c8202821edf525de3782458639f,0xc92ff38e7a93f03564f262344133e8c8d3c760c54b995a941af62d54b493640b
137,1993.8191606021335,0.9590270162496262,0x339a48e41d24d51a7ad329bf0c49c5ab285ca550,2017-10-31T15:34:26.000Z,0.000481,0x5a9b2366b9d1bcd9cea569ed64c8cf9eeb600177,sell,0xef68e7c694f40c8202821edf525de3782458639f,0xc59ab0c2ad3c63c81fe7da973746448ce3a489c42c83454890507342d2ba368e
138,90,0.045,0xa57ad542d120a0fa0e897b54cdf137e3deb48922,2017-10-31T14:23:36.000Z,0.0005,0xb9b929846a3e47ceffc52d6a35e87ad2c30c0f96,sell,0xef68e7c694f40c8202821edf525de3782458639f,0x0682988f71ed33a92ded735751a8bf2ab449825d3311a0f92b7388d1a8d41369
139,1936.363,0.973990589,0xb9b929846a3e47ceffc52d6a35e87ad2c30c0f96,2017-10-31T14:14:35.000Z,0.000503,0xb9b929846a3e47ceffc52d6a35e87ad2c30c0f96,sell,0xef68e7c694f40c8202821edf525de3782458639f,0x86593ea2c47c21a510313aac3db74b19bbd1e398672e12cc78c6f471a98d9fef
140,21142,10.571,0xa57ad542d120a0fa0e897b54cdf137e3deb48922,2017-10-31T14:13:18.000Z,0.0005,0xb9b929846a3e47ceffc52d6a35e87ad2c30c0f96,sell,0xef68e7c694f40c8202821edf525de3782458639f,0x1b9b99bddb344b33d5c03ef42987a6f2a73361ca33ee040a80c4e2869e2fecbd
141,1,0.000525,0x0b773d7819259d78757b26dc4148812d35676d8f,2017-10-31T14:07:16.000Z,0.000525,0x583b640795999aa2bb22c1a62a91336ff9d325bb,buy,0xef68e7c694f40c8202821edf525de3782458639f,0xa3ef1864349d59b13e364e66e177034a9aa600453cd9a1d27e3ae1731ba468a2
142,5000,2.645,0xa57ad542d120a0fa0e897b54cdf137e3deb48922,2017-10-31T14:04:12.000Z,0.000529,0x339a48e41d24d51a7ad329bf0c49c5ab285ca550,buy,0xef68e7c694f40c8202821edf525de3782458639f,0x1d72276cb98f457f263f7764366b4abac4c348caad7c193cf42675a92305b9ee
143,2294.8070979962117,1.126754874730336,0x4665d3987a0f8042be909cb156d333a705640bc9,2017-10-31T13:42:44.000Z,0.000491002,0x8793d91b97207e8fd52cc982e7de1c0cf1800b16,sell,0xef68e7c694f40c8202821edf525de3782458639f,0x24493a9e6d08458ea8995bc244973535ffbd00096e942ebedbfdda19aba82dfa
144,193,0.096114193,0xe300b3909aad54fd05e919e39f402c842e0037d3,2017-10-31T13:41:17.000Z,0.000498001,0x8793d91b97207e8fd52cc982e7de1c0cf1800b16,sell,0xef68e7c694f40c8202821edf525de3782458639f,0x74f88fb0c648958ed77969378080b375a96ec9945f8b8d6f0913fb5a78547278
145,1500,0.7470015,0xe300b3909aad54fd05e919e39f402c842e0037d3,2017-10-31T13:39:04.000Z,0.000498001,0x8793d91b97207e8fd52cc982e7de1c0cf1800b16,sell,0xef68e7c694f40c8202821edf525de3782458639f,0x49446e1981c2227dcb41326ec8e20bad0f67453d834374f675c67e62686728bb
146,1750,0.93625,0xa760e26be163a8614986068ffa5cd766bb35a000,2017-10-31T12:44:03.000Z,0.000535,0x339a48e41d24d51a7ad329bf0c49c5ab285ca550,buy,0xef68e7c694f40c8202821edf525de3782458639f,0x1720e07177bd96d17239c9070b2b0fbf01c44d3b66e8aa3c7d4c4993e8d83faa
147,299.12256731622296,0.15108680875142422,0x583b640795999aa2bb22c1a62a91336ff9d325bb,2017-10-31T12:15:12.000Z,0.0005051,0x179db9068c45e6617c13176c4c5082c9e5e347fc,sell,0xef68e7c694f40c8202821edf525de3782458639f,0x0e8bd025bed5736bccfba79d32a985ea511b2c4b1e425f3faf83bf7efb497aef
148,3500,1.8795,0xa57ad542d120a0fa0e897b54cdf137e3deb48922,2017-10-31T11:25:51.000Z,0.000537,0x339a48e41d24d51a7ad329bf0c49c5ab285ca550,buy,0xef68e7c694f40c8202821edf525de3782458639f,0xe3c5f4f0435699793dfb98d470f96c9f1bfee3a2122944a6afa1bbb01af02fce
149,4786.810485095776,2.4178179760218765,0x583b640795999aa2bb22c1a62a91336ff9d325bb,2017-10-31T11:10:28.000Z,0.0005051,0x8d271b7dee29678ddbb3669c8a3f15f0a3713b9a,sell,0xef68e7c694f40c8202821edf525de3782458639f,0xbc053f3925c789b9abbd3c656800d85aafcb8b5c6ae5173410c023f20ce7c1ad
150,3806.637,1.914738411,0xb9b929846a3e47ceffc52d6a35e87ad2c30c0f96,2017-10-31T11:07:36.000Z,0.000503,0x8d271b7dee29678ddbb3669c8a3f15f0a3713b9a,sell,0xef68e7c694f40c8202821edf525de3782458639f,0x4b52d286b4e39274cbee16d35c50f525039757e777a351f7af6c73e880bc4f35
151,200,0.1000002,0x36ac32b737afb8c3f35056fd8ea1e68cff54208f,2017-10-31T11:07:36.000Z,0.000500001,0x8d271b7dee29678ddbb3669c8a3f15f0a3713b9a,sell,0xef68e7c694f40c8202821edf525de3782458639f,0xaecdb3ebfb69a7f1363596186863f4b0d0609272bd490f50669b64ec58a117ed
152,223.00298858962398,0.11150149429481199,0xe3ab61945ba5e51edf012bff9835a3306ba037cd,2017-10-31T11:07:36.000Z,0.0005,0x8d271b7dee29678ddbb3669c8a3f15f0a3713b9a,sell,0xef68e7c694f40c8202821edf525de3782458639f,0xa62a23356bece19d918d530c6b18f774802794b654df0df43ecf1cce5d87eab5
153,421.759,0.2130726468,0xba00bb0552918645e636286f10732cc01397889f,2017-10-31T11:04:52.000Z,0.0005052,0x8d271b7dee29678ddbb3669c8a3f15f0a3713b9a,sell,0xef68e7c694f40c8202821edf525de3782458639f,0xcd173a353188d7bb0ef5330e06f85f1fa5d02ffa4e9aa13f1d025eb73cf8630d
154,4857.831549661372,2.454176498888925,0xba00bb0552918645e636286f10732cc01397889f,2017-10-31T10:50:39.000Z,0.0005052,0x8d271b7dee29678ddbb3669c8a3f15f0a3713b9a,sell,0xef68e7c694f40c8202821edf525de3782458639f,0xd397e37729283226f94dd663227d6cb17f5d47335c023a7edce55fb83975ac58
155,2330.0448609311134,1.1771386637423986,0xba00bb0552918645e636286f10732cc01397889f,2017-10-31T09:57:21.000Z,0.0005052,0xb9844bff895f315a3a82dd537c1df36d92be1209,sell,0xef68e7c694f40c8202821edf525de3782458639f,0x147c1123635c301fe9883df9339d4dabab6680bb87a6af7e725485e2301d6bb5
156,1495.3643704516,0.7554580799521483,0xba00bb0552918645e636286f10732cc01397889f,2017-10-31T09:15:35.000Z,0.0005052,0x7e3d133519d9f83319315e058d622802f044b4e3,sell,0xef68e7c694f40c8202821edf525de3782458639f,0x52b38dcac4dc4816d3eb5e03dbceac7d823fae64add70ca3ce024c1416e0c1a8
157,0.9660939661635,0.000488071637799766,0x3642337f3e5783803872921bbacf9f05b259c802,2017-10-31T04:58:27.000Z,0.0005052009999999996,0xe444a40689f51f63bcd29910622035707d533d29,sell,0xef68e7c694f40c8202821edf525de3782458639f,0x8b8bfc74e8b5739031da4eb4129e0b9417763371d8f0319c7425c803e9b6d539
158,172.845984358578,0.08815145202287478,0xb9b929846a3e47ceffc52d6a35e87ad2c30c0f96,2017-10-31T02:48:07.000Z,0.00051,0xe519e4b2d12035ff0939e5445b72d0ddc1548aa5,sell,0xef68e7c694f40c8202821edf525de3782458639f,0xf94901af79436c3b353d363f7f625e9041b9deed8ea2109c56759213e670892f
159,93.832,0.048041984,0x339a48e41d24d51a7ad329bf0c49c5ab285ca550,2017-10-31T02:46:10.000Z,0.000512,0xe519e4b2d12035ff0939e5445b72d0ddc1548aa5,sell,0xef68e7c694f40c8202821edf525de3782458639f,0xca94f070c57c5086643691a03998b00679f9d2295b519c7c2864808c7104acca
160,3279,1.685406,0xb9b929846a3e47ceffc52d6a35e87ad2c30c0f96,2017-10-31T02:45:08.000Z,0.000514,0xe519e4b2d12035ff0939e5445b72d0ddc1548aa5,sell,0xef68e7c694f40c8202821edf525de3782458639f,0x918db3af292e6904f91862bede72607daf60545e4a45a52ea2017742c349ea75
161,348.62183159512506,0.1795402432714894,0xb9b929846a3e47ceffc52d6a35e87ad2c30c0f96,2017-10-31T02:44:49.000Z,0.0005149999999999999,0xe519e4b2d12035ff0939e5445b72d0ddc1548aa5,sell,0xef68e7c694f40c8202821edf525de3782458639f,0x7216eb7d355e1e2878abfcbce8c7766677fd05dfdfd6965c4dc503194b7a39d1
162,300,0.1545,0xb9b929846a3e47ceffc52d6a35e87ad2c30c0f96,2017-10-31T02:41:17.000Z,0.000515,0x69bc96509a19ce70f5ddbbe2cdc736ca1fd615ee,sell,0xef68e7c694f40c8202821edf525de3782458639f,0x56409f944341781b0b1afa000b39c6c0becb6b3615a98107537480661d13d9e5
163,1994.0179362591177,1.0269192371734457,0xb9b929846a3e47ceffc52d6a35e87ad2c30c0f96,2017-10-31T02:06:49.000Z,0.0005149999999999999,0x60143b6b44b8a04723fa4848f5b68310044fb176,sell,0xef68e7c694f40c8202821edf525de3782458639f,0x1400d79311f51f23cd326e7d1d0f461809d1437c06975578259a5df347919e7d
164,1733.3602321457572,0.892680519555065,0xb9b929846a3e47ceffc52d6a35e87ad2c30c0f96,2017-10-31T01:57:05.000Z,0.0005149999999999999,0x5f8fe09e6f195b99b84274f00f898570d8814655,sell,0xef68e7c694f40c8202821edf525de3782458639f,0x3b3e0dd6715647af2a229b4a0145797295e136aef4fbdaa26fd21a6b4cc2c1e1
165,3400,1.7544,0x339a48e41d24d51a7ad329bf0c49c5ab285ca550,2017-10-31T01:54:49.000Z,0.000516,0x5f8fe09e6f195b99b84274f00f898570d8814655,sell,0xef68e7c694f40c8202821edf525de3782458639f,0x77ae96bac2c4ede0946215ea1e5faf1ffd64c9499fd5e10aaf33e1cf3777e0fa
166,10,0.001,0xb7ddaba243659e42d2813fcb9f30aca983478b5c,2017-10-30T20:49:50.000Z,0.0001,0xbe1948981dc546461dedd22335fadfd0f8906187,sell,0xef68e7c694f40c8202821edf525de3782458639f,0x70921a560b8f06c8bc162a1171b592388505be91b911fa919a58016d3b19f4ea
167,28,0.01408484,0xf187eb34073c29ed27a39fb07f3cdd5ad75c99be,2017-10-30T20:49:47.000Z,0.00050303,0xbe1948981dc546461dedd22335fadfd0f8906187,sell,0xef68e7c694f40c8202821edf525de3782458639f,0x4d1109bb75a8ca72208524944e5b48470fea1e36e1ba9e0dc5e56315bd7ff1d9
168,2000,1.0032,0x60143b6b44b8a04723fa4848f5b68310044fb176,2017-10-30T20:47:57.000Z,0.0005016,0xbe1948981dc546461dedd22335fadfd0f8906187,sell,0xef68e7c694f40c8202821edf525de3782458639f,0xd0df0386ae5e366ef87716f2c83c05aff7daf0f9633fc9c21ce0f28635acba64
169,1000,0.491002,0x4665d3987a0f8042be909cb156d333a705640bc9,2017-10-30T20:47:57.000Z,0.000491002,0xbe1948981dc546461dedd22335fadfd0f8906187,sell,0xef68e7c694f40c8202821edf525de3782458639f,0x78067ab765f79ba4f8b80bc750cbefbf47474ac7452bf6026cff7057cd351ce9
170,700,0.3528,0xb9b929846a3e47ceffc52d6a35e87ad2c30c0f96,2017-10-30T20:47:18.000Z,0.000504,0xbe1948981dc546461dedd22335fadfd0f8906187,sell,0xef68e7c694f40c8202821edf525de3782458639f,0x7aafca9141100760c6ae248a4ea512a2707b690f31f82ff2a123fdb5bc103154
171,4900,2.4696,0xb9b929846a3e47ceffc52d6a35e87ad2c30c0f96,2017-10-30T19:49:51.000Z,0.000504,0x5e1e1b8f0e75f9608f8f82a40fceac31589558bf,sell,0xef68e7c694f40c8202821edf525de3782458639f,0xc6d0e8b411f97fcf28ba7fef91372363e32fc39cf00043d4bf00d901fef3e78c
172,4000,2.02,0xb9b929846a3e47ceffc52d6a35e87ad2c30c0f96,2017-10-30T19:48:28.000Z,0.000505,0x5e1e1b8f0e75f9608f8f82a40fceac31589558bf,sell,0xef68e7c694f40c8202821edf525de3782458639f,0x5760ed86a0862b5ad5dd95d57fecab3b0ddb5efef6ec023ca538280decfd190d
173,1000,0.525,0x0ad747e3c2ad81b8ffa61df6c6223b01c21c8ffc,2017-10-30T19:46:46.000Z,0.000525,0x5e1e1b8f0e75f9608f8f82a40fceac31589558bf,sell,0xef68e7c694f40c8202821edf525de3782458639f,0x50044b5b1b8a9d71e1c97b6f7dd922c0350ccf39e9ee3f0dcfc9f11251d649a8
174,797.5276642408534,0.4067391087628352,0xb9b929846a3e47ceffc52d6a35e87ad2c30c0f96,2017-10-30T18:46:04.000Z,0.00051,0x17ec0f6ce7c0b0c548273d953e8570bb52db35de,sell,0xef68e7c694f40c8202821edf525de3782458639f,0x876aeb1bb72dc9e030ccc3595cce239fceda3b9267f68b476e621ae2c717343f
175,996.9095803010667,0.508423885953544,0xb9b929846a3e47ceffc52d6a35e87ad2c30c0f96,2017-10-30T18:40:45.000Z,0.00051,0x06811a2b589d9a80d20925ab683a32ef796b4648,sell,0xef68e7c694f40c8202821edf525de3782458639f,0x4f31d7b296d60d8ba5c6d6ac46c5e9f084691ea450bd172130b18f7724bc3c1d
176,0.001,0.00000055,0x0c4085d8e714ca77ac5f46cd2b80a92d238a7cd3,2017-10-30T17:40:18.000Z,0.00055,0x7ad1e147dfe8eb7f726255be945ec5ad2953d881,buy,0xef68e7c694f40c8202821edf525de3782458639f,0x781db6e0cb5d214d5b7c9c84749cef4febfc4161765a502f7dc5157a20c3729c
177,272.65632901641277,0.14996098095902702,0x42bba31398f1b9df8b33a121977503610b002021,2017-10-30T17:21:35.000Z,0.00055,0x7ad1e147dfe8eb7f726255be945ec5ad2953d881,buy,0xef68e7c694f40c8202821edf525de3782458639f,0xd3d01657e0773a99eacaaa1ad16d9ca68e45100b1b2d40a93d4c266c94ae80cc
178,409,0.22495,0x0fd1035b4135c1747133e3c8ede600b5c3ff5485,2017-10-30T16:13:11.000Z,0.00055,0x7ad1e147dfe8eb7f726255be945ec5ad2953d881,buy,0xef68e7c694f40c8202821edf525de3782458639f,0x15639c370e64c4804bd4f05d07f1dcfc5c59df847eb7fa688b897b4409e69dec
179,2000,1.1,0x0fd1035b4135c1747133e3c8ede600b5c3ff5485,2017-10-30T16:11:57.000Z,0.00055,0x547269c54497404c144bfb5063ca41d51b7b5a88,buy,0xef68e7c694f40c8202821edf525de3782458639f,0x4bdf73de499b41c9defc813fd7afecae091a5ae851b73d687f69839d4115ff06
180,202.386,0.1113123,0x0fd1035b4135c1747133e3c8ede600b5c3ff5485,2017-10-30T16:11:48.000Z,0.00055,0x7ad1e147dfe8eb7f726255be945ec5ad2953d881,buy,0xef68e7c694f40c8202821edf525de3782458639f,0xa7e11ac0eb870e6e601a35aa00e54f886b780269e8f3557b82b872a400833a81
181,379.83992221165295,0.20815227737198583,0x0fd1035b4135c1747133e3c8ede600b5c3ff5485,2017-10-30T16:11:22.000Z,0.000548,0xb9b929846a3e47ceffc52d6a35e87ad2c30c0f96,buy,0xef68e7c694f40c8202821edf525de3782458639f,0x644791d8b7c9a19e6e24fa79ca8d0498dbf60a81c15a562027f646175c65d6c7
182,2000,1.09,0xb9b929846a3e47ceffc52d6a35e87ad2c30c0f96,2017-10-30T15:50:28.000Z,0.000545,0xba00bb0552918645e636286f10732cc01397889f,sell,0xef68e7c694f40c8202821edf525de3782458639f,0xdca6615105b5150e15ecd212a9a24b8234ab4c5c5de00ea174e64a59b82721f7
183,2000,1.094,0xb9b929846a3e47ceffc52d6a35e87ad2c30c0f96,2017-10-30T15:50:15.000Z,0.000547,0xba00bb0552918645e636286f10732cc01397889f,sell,0xef68e7c694f40c8202821edf525de3782458639f,0x3d7db5878143f4aca0bc3ec530ce47c370fa34676f64b1ead790a9c631518bdf
184,1993.9186152098266,1.0966552383654047,0xb9b929846a3e47ceffc52d6a35e87ad2c30c0f96,2017-10-30T15:47:36.000Z,0.00055,0x60143b6b44b8a04723fa4848f5b68310044fb176,sell,0xef68e7c694f40c8202821edf525de3782458639f,0x1d210d2b6aad3cf7638c23594f0705268de60d7217771837f2894f23a83e0f01
185,3808.699597554982,2.121445675838125,0xb9b929846a3e47ceffc52d6a35e87ad2c30c0f96,2017-10-30T15:46:15.000Z,0.000557,0x273a5d3e6721b9f5c1a6474f560c1334c63dda01,sell,0xef68e7c694f40c8202821edf525de3782458639f,0x1b3022b57d690315fe85604818738d8a99746a9fb911ca51999cc14c5465571f
186,3820.160077788347,2.093447722628014,0x273a5d3e6721b9f5c1a6474f560c1334c63dda01,2017-10-30T15:46:15.000Z,0.000548,0xb9b929846a3e47ceffc52d6a35e87ad2c30c0f96,buy,0xef68e7c694f40c8202821edf525de3782458639f,0x1b3022b57d690315fe85604818738d8a99746a9fb911ca51999cc14c5465571f
187,516.997011410376,0.258498505705188,0xe3ab61945ba5e51edf012bff9835a3306ba037cd,2017-10-30T15:32:50.000Z,0.0005,0xab1c3fe36b581c61887229b60b65007a9b71d18b,sell,0xef68e7c694f40c8202821edf525de3782458639f,0xa35bc013e21dccfcdb142f1287c711e4d54deb00f06edfdea34c48f638ed0f23
188,2000,1.00002,0x60143b6b44b8a04723fa4848f5b68310044fb176,2017-10-30T15:30:43.000Z,0.00050001,0xab1c3fe36b581c61887229b60b65007a9b71d18b,sell,0xef68e7c694f40c8202821edf525de3782458639f,0xe7c503b97374583c560d55db926d7ac630ba912050645cc3b98c7933b370cf15
189,797.613875487806,0.43868763151829326,0x319720baeb8b5366413e30bcc7b7e487ef580c84,2017-10-30T15:20:14.000Z,0.00055,0x7ad1e147dfe8eb7f726255be945ec5ad2953d881,buy,0xef68e7c694f40c8202821edf525de3782458639f,0x761535d2f13fee217180d517f0c56c4c0f907c3c9425b64b6c36a4215aaf2c80
190,8974.554229712725,4.415480681018661,0x739c5f6d73d483705a08f9a52c7cd61c7933573e,2017-10-30T14:20:19.000Z,0.000492,0x39fc1e41fdb0b9619ed25be6c5f89faa7497de66,sell,0xef68e7c694f40c8202821edf525de3782458639f,0x10b04dadfd22139c5788df4103f9c335af91159a3577d3b481bd8ed73abe3323
191,300,0.15159,0x91bf3a2f3e98e51925711a15d578bb107513da4c,2017-10-30T14:15:45.000Z,0.0005053,0x39fc1e41fdb0b9619ed25be6c5f89faa7497de66,sell,0xef68e7c694f40c8202821edf525de3782458639f,0x689da08a48209f3a5837bfdbb210c765f8ae15705da26c69499743752c02b8ad
192,1850,0.962,0xa10bcf999630c60622ffa65b6d4e306cf2795008,2017-10-30T14:15:45.000Z,0.00052,0x39fc1e41fdb0b9619ed25be6c5f89faa7497de66,sell,0xef68e7c694f40c8202821edf525de3782458639f,0x36324e8f39ee6713d3a97e7a3295ffc409a9451e78ed9807f3997ba2ca4b7d08
193,6527.3876711983885,3.296983512722306,0x583b640795999aa2bb22c1a62a91336ff9d325bb,2017-10-30T14:15:45.000Z,0.0005051,0x39fc1e41fdb0b9619ed25be6c5f89faa7497de66,sell,0xef68e7c694f40c8202821edf525de3782458639f,0xbe5434514b109669252b58858ab3aa3a769a009da8ed99565b3c08f4fdf9c271
194,2494.721,1.307233804,0xba00bb0552918645e636286f10732cc01397889f,2017-10-30T14:15:37.000Z,0.000524,0x39fc1e41fdb0b9619ed25be6c5f89faa7497de66,sell,0xef68e7c694f40c8202821edf525de3782458639f,0xdffa702e12540db719d6ce1568d44e70e2613c404c59b2432630182c8ed28b5b
195,82.96281527265477,0.0434725152028711,0xba00bb0552918645e636286f10732cc01397889f,2017-10-30T13:23:49.000Z,0.0005239999999999999,0x588b477527bd37e9b9885d412dca89b1b9a16302,sell,0xef68e7c694f40c8202821edf525de3782458639f,0x4dad48400e235e8ca5e3947e2f964ed379080c9f4d5aa4513b117606714d0ce2
196,2437.3158172179583,1.27715348822221,0xba00bb0552918645e636286f10732cc01397889f,2017-10-30T13:19:22.000Z,0.0005239999999999999,0xddedeb1f9201c9d589a96f4f88981602870cac13,sell,0xef68e7c694f40c8202821edf525de3782458639f,0x7dfec0899bc816ffb3ecff0062992eb9b334648b19cdc82079603bcf1aa680e4
197,400,0.2144,0xedf5de3807d23e5d85b0caa1e10d52b85c2a6965,2017-10-30T12:05:04.000Z,0.000536,0xddedeb1f9201c9d589a96f4f88981602870cac13,sell,0xef68e7c694f40c8202821edf525de3782458639f,0xbe8e66a62876921f78549baa3e5282d5e717df78b662a9d42cfd1c0244921ee9
198,4000,2.16,0x4bcdf08359aeae40aafdd2cc282e7c1fbb2d310a,2017-10-30T12:03:10.000Z,0.00054,0xddedeb1f9201c9d589a96f4f88981602870cac13,sell,0xef68e7c694f40c8202821edf525de3782458639f,0x16f29049dd65c782aba8be4eb0a23512a6a448b10a62d643646d9908074dd111
199,51,0.0294066,0x790dda3b970f85b7b59052a3eb9fd9a5f6e675e9,2017-10-30T11:48:34.000Z,0.0005766,0x583b640795999aa2bb22c1a62a91336ff9d325bb,buy,0xef68e7c694f40c8202821edf525de3782458639f,0x9451288eb6e77e048ad89d012b15c9ee024eb7efc5b36ef42f09b2098b950473
200,2000,1.092,0x339a48e41d24d51a7ad329bf0c49c5ab285ca550,2017-10-30T11:22:45.000Z,0.000546,0x5f8fe09e6f195b99b84274f00f898570d8814655,sell,0xef68e7c694f40c8202821edf525de3782458639f,0x3cbfaf44f1bb26562a8e3fbf048538949effe92e449c8d1c0e7b337a84c2aab7
201,179.83992221165298,0.10017083667189071,0xb9b929846a3e47ceffc52d6a35e87ad2c30c0f96,2017-10-30T11:19:52.000Z,0.000557,0x5f8fe09e6f195b99b84274f00f898570d8814655,sell,0xef68e7c694f40c8202821edf525de3782458639f,0xd0fc69af8d984eaa4931794dc73aa931b44c5e94619c8b382657041004d25a90
202,2000,1.11,0x547269c54497404c144bfb5063ca41d51b7b5a88,2017-10-30T11:19:52.000Z,0.000555,0x5f8fe09e6f195b99b84274f00f898570d8814655,sell,0xef68e7c694f40c8202821edf525de3782458639f,0xa5992c5c19e8536a2ecfaa7f45e277faf7cdee8a0dafd90b3d0587c97266d64f
203,564.8489681985844,0.31631542219120723,0x790dda3b970f85b7b59052a3eb9fd9a5f6e675e9,2017-10-30T11:19:30.000Z,0.00056,0x5f8fe09e6f195b99b84274f00f898570d8814655,sell,0xef68e7c694f40c8202821edf525de3782458639f,0xaaf822dfae7844694b6a017d329788f6e144863243c0c9f81b81a12ee2bfbe3b
204,350,0.19635,0xb9b929846a3e47ceffc52d6a35e87ad2c30c0f96,2017-10-30T11:19:09.000Z,0.000561,0x5f8fe09e6f195b99b84274f00f898570d8814655,sell,0xef68e7c694f40c8202821edf525de3782458639f,0xb06a20fec85fce47486be5018405bc741d4afad70290caa320d1f7fd698618c5
205,3650,2.04765,0xb9b929846a3e47ceffc52d6a35e87ad2c30c0f96,2017-10-30T11:06:37.000Z,0.000561,0x339a48e41d24d51a7ad329bf0c49c5ab285ca550,sell,0xef68e7c694f40c8202821edf525de3782458639f,0xc024b9c35132e8fe6de138306b0a77831e1778624bffba9cbdd35f0a52dc2d9d
206,449,0.268951,0x790dda3b970f85b7b59052a3eb9fd9a5f6e675e9,2017-10-30T09:54:57.000Z,0.000599,0x650e6d07d801651014b41555c21dce5f6de2fea9,buy,0xef68e7c694f40c8202821edf525de3782458639f,0xe5e4da91db21a1966f23dce004d19635ff871fdc4c7c3ac4a13812ce40969a22
207,435.1510318014156,0.24368457780879274,0x790dda3b970f85b7b59052a3eb9fd9a5f6e675e9,2017-10-30T09:49:29.000Z,0.00056,0xbd0049ad63411d25819c200d5b5c2601edc63a37,sell,0xef68e7c694f40c8202821edf525de3782458639f,0xbf76f3bc702aad579441dfad0cf27e26e7c73b23c4f3fd8bccbe23ca6d71f27c
208,4500,2.511,0x339a48e41d24d51a7ad329bf0c49c5ab285ca550,2017-10-30T09:46:49.000Z,0.000558,0xbd0049ad63411d25819c200d5b5c2601edc63a37,sell,0xef68e7c694f40c8202821edf525de3782458639f,0x82e9b279da57bd0dd167daf173b078f561c8b82e7bbedfe2dd1d919937def050
209,3700,2.146,0x339a48e41d24d51a7ad329bf0c49c5ab285ca550,2017-10-30T07:49:48.000Z,0.00058,0x5f8fe09e6f195b99b84274f00f898570d8814655,buy,0xef68e7c694f40c8202821edf525de3782458639f,0xc0b711120b0ebbd742ea74f00cd2aed5ceacdaa9535b21a2abec6abb6809c6e2
210,2000,1.1,0x8793d91b97207e8fd52cc982e7de1c0cf1800b16,2017-10-30T07:33:08.000Z,0.00055,0xb9b929846a3e47ceffc52d6a35e87ad2c30c0f96,buy,0xef68e7c694f40c8202821edf525de3782458639f,0xdac0be474e6b12abf38338a3b607ec5fd91585d034abe86d568ddb2c4265cd82
211,1948.8270063417801,1.1283708366718908,0x29bcddb0eae47c53f424bf9dbe7fda42accacdd3,2017-10-30T06:56:56.000Z,0.000579,0xb9b929846a3e47ceffc52d6a35e87ad2c30c0f96,buy,0xef68e7c694f40c8202821edf525de3782458639f,0x2dbc0899ae85e5539ccbfde49c7ddf07ccff5a8ffd0e6b1fbc6b1c0c35b0039e
212,200,0.1158,0x1ca9bd189db5ab9099a4b17a15cf3ac3da289c38,2017-10-30T06:51:53.000Z,0.000579,0xb9b929846a3e47ceffc52d6a35e87ad2c30c0f96,buy,0xef68e7c694f40c8202821edf525de3782458639f,0xfc0407d16024f1376e7234ca070545b5f93e2dd4aaa9b96bd65c314c6410237f
213,800,0.464,0x17ec0f6ce7c0b0c548273d953e8570bb52db35de,2017-10-30T06:38:38.000Z,0.00058,0x5f8fe09e6f195b99b84274f00f898570d8814655,buy,0xef68e7c694f40c8202821edf525de3782458639f,0x892fe585ea7cfc868b2c1a7d795afe020160c5aa8124393f6f2c6eb2aca367b7
214,62,0.0341,0x63a06aba9473b134383d591fca5f7abe4a6f6853,2017-10-30T06:33:42.000Z,0.00055,0x9e593db389c9d8307b5c932dda21491e63f8f7d3,sell,0xef68e7c694f40c8202821edf525de3782458639f,0xdbdd09e5db0de7712d0f256b904a8ae753991d3db144deba8fa5efe7248f1084
215,408.73292792343733,0.224026517794836,0x1b7688a79d07be5b3d03cfc59983c0d3ddf54de3,2017-10-30T06:21:51.000Z,0.0005481,0x3397e080dd388b1b2093db602e2839ca90e56bc6,sell,0xef68e7c694f40c8202821edf525de3782458639f,0xc41d2e0c9dba1bad1058db3879ccf73e9db9dfb0fd19ccde2b38cedc9bf4aeb3
216,726.1382793340644,0.4080897129857442,0x4bcdf08359aeae40aafdd2cc282e7c1fbb2d310a,2017-10-30T06:16:09.000Z,0.000562,0xa3b2ceb252ec28d6bb74c78831ebfa56829ff4ed,sell,0xef68e7c694f40c8202821edf525de3782458639f,0xbe33aea4c04a74a631151fc3e30a13be68a151189c4242cb65bb61c8112db03a
217,8000,4.496,0x4bcdf08359aeae40aafdd2cc282e7c1fbb2d310a,2017-10-30T06:15:47.000Z,0.000562,0xb9b929846a3e47ceffc52d6a35e87ad2c30c0f96,sell,0xef68e7c694f40c8202821edf525de3782458639f,0x2e72f7367e7ac4dabd08470b551244fb8be3e767fdb4d3e868310f88eab3b137
218,1000,0.579,0xb9b929846a3e47ceffc52d6a35e87ad2c30c0f96,2017-10-30T06:12:27.000Z,0.000579,0xa3b2ceb252ec28d6bb74c78831ebfa56829ff4ed,sell,0xef68e7c694f40c8202821edf525de3782458639f,0x0236bf541e832b4003ddb45bde6f14776568023934869cfeb17f2686ce5ae6ea
219,3055.5278636227695,1.7416508822649786,0xb9b929846a3e47ceffc52d6a35e87ad2c30c0f96,2017-10-30T06:12:27.000Z,0.00057,0x7a13613ae30bf95d63dc87d83801e7ae39f445b8,sell,0xef68e7c694f40c8202821edf525de3782458639f,0xdf068ddce5dda61c42b53a319a8b357bea836ca6f15a5c75560bbaccba3ea7d2
220,1000,0.579,0xb9b929846a3e47ceffc52d6a35e87ad2c30c0f96,2017-10-30T06:10:40.000Z,0.000579,0xa3b2ceb252ec28d6bb74c78831ebfa56829ff4ed,sell,0xef68e7c694f40c8202821edf525de3782458639f,0x1777921de15010a8bff2e42db5a6fd086c6916451a41f1d2df51c50d63ef8ca8
221,15.564,0.0090271215564,0x00ac8a2bf7d97b363667aae3995192abada3c471,2017-10-30T06:10:29.000Z,0.0005800001,0xa3b2ceb252ec28d6bb74c78831ebfa56829ff4ed,sell,0xef68e7c694f40c8202821edf525de3782458639f,0xb323c5b085f4d06b6a81063b8dab7b52bb8833f7174dd446b98910f4e9c946a0
222,3000,1.737,0xb9b929846a3e47ceffc52d6a35e87ad2c30c0f96,2017-10-30T06:07:11.000Z,0.000579,0x339a48e41d24d51a7ad329bf0c49c5ab285ca550,sell,0xef68e7c694f40c8202821edf525de3782458639f,0x4bebe524af54e9f70878c6687c7fa39472be1f065510be5d6246bcb2bb8225b5
223,2000,1.17,0x547269c54497404c144bfb5063ca41d51b7b5a88,2017-10-30T06:06:49.000Z,0.000585,0x339a48e41d24d51a7ad329bf0c49c5ab285ca550,sell,0xef68e7c694f40c8202821edf525de3782458639f,0x65a2e5f7c2311acf63a4ba78313e4785e9d710d574ae7bb4e7289ec6284b07f3
224,250,0.15575,0x3397e080dd388b1b2093db602e2839ca90e56bc6,2017-10-30T05:59:33.000Z,0.000623,0xb9b929846a3e47ceffc52d6a35e87ad2c30c0f96,buy,0xef68e7c694f40c8202821edf525de3782458639f,0x2f84ff4fffeb4fc213e3f68f73dda520002710a7118a73bd23e32f4633057628
225,2000,1.246,0x16cba3c2409f10259717f99d067bbcd356e0f858,2017-10-30T05:57:18.000Z,0.000623,0xb9b929846a3e47ceffc52d6a35e87ad2c30c0f96,buy,0xef68e7c694f40c8202821edf525de3782458639f,0xf35d4b427a1cadf4a91f41b3853b047c4c79c7a6c50d06fe2f615012c4409560
226,160,0.09968,0x3397e080dd388b1b2093db602e2839ca90e56bc6,2017-10-30T05:53:00.000Z,0.000623,0xb9b929846a3e47ceffc52d6a35e87ad2c30c0f96,buy,0xef68e7c694f40c8202821edf525de3782458639f,0xba0a042c649868fee4b3457b8da12a5835afe0f0e51e166474d1cd3a817196e2
227,300,0.189,0xa9c40fc90f1b6f0557d06dea84cd1bcaac727012,2017-10-30T05:28:01.000Z,0.00063,0x5f8fe09e6f195b99b84274f00f898570d8814655,buy,0xef68e7c694f40c8202821edf525de3782458639f,0xd1af93707cee4918d283d0f6b705766e448438fd31f3cd91049931e025d881d7
228,2750,1.714625,0xa3b2ceb252ec28d6bb74c78831ebfa56829ff4ed,2017-10-30T05:25:49.000Z,0.0006235,0xa59fb839e80142c9d0515155702d35f9dce4439e,buy,0xef68e7c694f40c8202821edf525de3782458639f,0x0058cc189a2076e1a8251438a158bd46d7f0449820d6d096d502dab5668dc121
229,1848.604,1.135042856,0x678f161b482e39b6c6fed07d32bc3ee625954042,2017-10-30T05:18:50.000Z,0.000614,0x547269c54497404c144bfb5063ca41d51b7b5a88,buy,0xef68e7c694f40c8202821edf525de3782458639f,0x3ea31f51473c0c2955b3b99f53a93b8cf4848e04b2e6977192686bc8b1ebf6e2
230,10,0.00614,0x63a06aba9473b134383d591fca5f7abe4a6f6853,2017-10-30T05:07:53.000Z,0.000614,0x547269c54497404c144bfb5063ca41d51b7b5a88,buy,0xef68e7c694f40c8202821edf525de3782458639f,0x521d8000e594c98241fc6b1fc1ae79d1f9827e8ccd41eb6ff6b854a888932ae1
231,1.3958115535261124,0.000857028293865033,0x6b37701733da891e360ba4a41774f72897b2f1fe,2017-10-30T05:03:41.000Z,0.000614,0x547269c54497404c144bfb5063ca41d51b7b5a88,buy,0xef68e7c694f40c8202821edf525de3782458639f,0xdf9c887600ddd139d490e1fc7f44dbe0ccf6147da733ca73f5cf77c116e5a14e
232,140,0.08596,0x6b37701733da891e360ba4a41774f72897b2f1fe,2017-10-30T05:02:04.000Z,0.000614,0x547269c54497404c144bfb5063ca41d51b7b5a88,buy,0xef68e7c694f40c8202821edf525de3782458639f,0x563dc03c6227e3350cccdf6d2af8de22316df5960c56a4e746b0c96cb57ad9d5
233,2000,1.22,0x20a027a0e71fa1ad0a658fd2ffb9c83f7e678bf1,2017-10-30T04:52:45.000Z,0.00061,0x547269c54497404c144bfb5063ca41d51b7b5a88,buy,0xef68e7c694f40c8202821edf525de3782458639f,0x9af0455bce52d845741fa504c2ea09447507a713f5429a2dcf8520cad55f3b5f
234,1000,0.605,0x20a027a0e71fa1ad0a658fd2ffb9c83f7e678bf1,2017-10-30T04:52:45.000Z,0.000605,0x60143b6b44b8a04723fa4848f5b68310044fb176,buy,0xef68e7c694f40c8202821edf525de3782458639f,0xc70946f7437e0fad2f1ba1c5bba2ee39932b316b3276df315cc4d3ff3d63aa95
235,2500,1.525,0x39fc1e41fdb0b9619ed25be6c5f89faa7497de66,2017-10-30T04:44:01.000Z,0.00061,0xa59fb839e80142c9d0515155702d35f9dce4439e,buy,0xef68e7c694f40c8202821edf525de3782458639f,0x74cee5c83e50bf54fb3d9273389443b4a78d186e24f8b72a6feab34a49f3b15d
236,1458,0.908334,0x39fc1e41fdb0b9619ed25be6c5f89faa7497de66,2017-10-30T04:42:56.000Z,0.000623,0x60143b6b44b8a04723fa4848f5b68310044fb176,buy,0xef68e7c694f40c8202821edf525de3782458639f,0x9d58b5fc535063c394cd18ce427ba3847d50f379ab15f951f54d46b567576d46
237,10000,6.6,0x39fc1e41fdb0b9619ed25be6c5f89faa7497de66,2017-10-30T04:42:56.000Z,0.00066,0x5f8fe09e6f195b99b84274f00f898570d8814655,buy,0xef68e7c694f40c8202821edf525de3782458639f,0x45f1bb1ad45297b417168bb02f66d93c58c2cb8356905ae0f279054012a36f90
238,3000,1.818,0x39fc1e41fdb0b9619ed25be6c5f89faa7497de66,2017-10-30T04:42:04.000Z,0.000606,0x5f8fe09e6f195b99b84274f00f898570d8814655,buy,0xef68e7c694f40c8202821edf525de3782458639f,0x642b4c949670207bf043bccd5501b8f8c30cad5be8fb7439ffd30f264e4fd0a6
239,3250,1.96625,0x39fc1e41fdb0b9619ed25be6c5f89faa7497de66,2017-10-30T04:42:04.000Z,0.000605,0xa59fb839e80142c9d0515155702d35f9dce4439e,buy,0xef68e7c694f40c8202821edf525de3782458639f,0xf995d05fba1adcefd3b2cfa9e4f9181f4bead5e16dd76b96dfa00a1ab4d39614
240,1155.022,0.67568787,0x339a48e41d24d51a7ad329bf0c49c5ab285ca550,2017-10-30T04:36:15.000Z,0.000585,0x7ffc038a5e44663615c712c88f6854f39d8d7feb,buy,0xef68e7c694f40c8202821edf525de3782458639f,0xfaa3345e31b3ff95bec69c4d8d4ff41eb9a1140d82611e0e3fb3474d5242d80f
241,49.09500991294455,0.02945700594776673,0xf9411ccabda4627f4b703d1c52d6221b171f4a5c,2017-10-30T04:34:22.000Z,0.0006,0x7ffc038a5e44663615c712c88f6854f39d8d7feb,buy,0xef68e7c694f40c8202821edf525de3782458639f,0x5f45e152823114fe8dad431b0a57d08531bb226908d3530057621b61f68a54f4
242,1077.1515676873273,0.6689111235338303,0x398f85ad1d5ecb8d8b28a38720513805380b3c1f,2017-10-30T04:25:32.000Z,0.000621,0x7ffc038a5e44663615c712c88f6854f39d8d7feb,buy,0xef68e7c694f40c8202821edf525de3782458639f,0x5892e659859a9477290a21ffe59378090a5b3cb82cf5fa7453bf374b99bc6b72
243,2435.8830107004724,1.485888636527288,0x8e69a7a7fa07ebd03ed04853b0aee4696ef6d414,2017-10-30T04:23:05.000Z,0.00061,0x5f8fe09e6f195b99b84274f00f898570d8814655,buy,0xef68e7c694f40c8202821edf525de3782458639f,0xd17ab15640e0d03ac24abaab0c0f950b64824d8c7a4fb475ed2453f988202335
244,564.1169892995275,0.3441113634727118,0x2b406d9d9cbbb2f2cfe1b8903a4f84fdf4e2abb5,2017-10-30T04:22:39.000Z,0.00061,0x5f8fe09e6f195b99b84274f00f898570d8814655,buy,0xef68e7c694f40c8202821edf525de3782458639f,0x7578a4dbadf3821b4f2d72b9276c7caa885d6b31aa99c4d49a12de3400cf04d1
245,4000,2.45,0x8e69a7a7fa07ebd03ed04853b0aee4696ef6d414,2017-10-30T04:22:21.000Z,0.0006125,0xe8f0cc52b0d087e4eaabe1de8c0bc01f83918ea9,buy,0xef68e7c694f40c8202821edf525de3782458639f,0xb99f639b2b5369953fbf5e5f1c0c8616c2f2b1a00331483ee013731b8b3ac2cf
246,4000,2.28,0x678f161b482e39b6c6fed07d32bc3ee625954042,2017-10-30T04:21:55.000Z,0.00057,0xe8f0cc52b0d087e4eaabe1de8c0bc01f83918ea9,buy,0xef68e7c694f40c8202821edf525de3782458639f,0x37e4f050d8fc8ed0e811e7f57d519fe5417f5587b6d9d2b40c672020fc89b0d8
247,2281.268799090515,1.2546978394997832,0x7ffc038a5e44663615c712c88f6854f39d8d7feb,2017-10-30T04:20:49.000Z,0.00055,0x8e77b7182c1a85771d0e7c8a02e580756f3a22ce,buy,0xef68e7c694f40c8202821edf525de3782458639f,0x5915737c89c727045bb3d73d2883f220e1d7e8ae6a2d3fb267c3fdd670ea0e99
248,220,0.121,0x69df73a14f88d593ee436fb6d1e818f2fe8242a8,2017-10-30T04:20:10.000Z,0.00055,0x8e77b7182c1a85771d0e7c8a02e580756f3a22ce,buy,0xef68e7c694f40c8202821edf525de3782458639f,0x37a3336074003d0612c16c96eb5de49fa314106aa84b12862bb90fc6077e4a83
249,2000,1.1,0x23c09abbc301e4bd6396548f5f6005ab345afb7e,2017-10-30T04:19:43.000Z,0.00055,0x8e77b7182c1a85771d0e7c8a02e580756f3a22ce,buy,0xef68e7c694f40c8202821edf525de3782458639f,0x8076ccbf4dac8b767729351792f9221b795af693a92fb17c648739c7a70e599d
250,4498.731200909485,2.474302160500217,0x6d9673ed55c8be45250fbba244ca9dd73f049c38,2017-10-30T04:19:30.000Z,0.00055,0x8e77b7182c1a85771d0e7c8a02e580756f3a22ce,buy,0xef68e7c694f40c8202821edf525de3782458639f,0xd8baa9056d9e9ff01b86c8b58e57c5137365f68e72ea977757cdb7459a4b8942
251,1900,1.045,0xa3b2ceb252ec28d6bb74c78831ebfa56829ff4ed,2017-10-30T04:19:25.000Z,0.00055,0x8e77b7182c1a85771d0e7c8a02e580756f3a22ce,buy,0xef68e7c694f40c8202821edf525de3782458639f,0x6e2437c86428bc7722f7d4808f82b726409aab84eb367d85d22eb49c9224f248
252,15000,8.25,0x5f8fe09e6f195b99b84274f00f898570d8814655,2017-10-30T04:18:37.000Z,0.00055,0x8e77b7182c1a85771d0e7c8a02e580756f3a22ce,buy,0xef68e7c694f40c8202821edf525de3782458639f,0xd6f966afc53ac8169e673bc1dbb26c4b86e8cfbc7ab465cfe2ebd12183f60a5e
253,4000,2.2,0x23c09abbc301e4bd6396548f5f6005ab345afb7e,2017-10-30T04:18:37.000Z,0.00055,0x8e77b7182c1a85771d0e7c8a02e580756f3a22ce,buy,0xef68e7c694f40c8202821edf525de3782458639f,0xffdd44ca599b3a8cb14fc12487b75f1fc3585f4b59f286bd9d63e7df83bb74fe
254,498.99993560966976,0.27195496490727,0xa3b2ceb252ec28d6bb74c78831ebfa56829ff4ed,2017-10-30T04:18:37.000Z,0.000545,0x6c7b7b774297f592ad655dddec109c8f1473a28d,buy,0xef68e7c694f40c8202821edf525de3782458639f,0x2de94b1407cdb5a863c0a74babd453266d4f862f6e4703ffbaf7347b26effc45
255,1500,0.8175,0x23c09abbc301e4bd6396548f5f6005ab345afb7e,2017-10-30T04:17:37.000Z,0.000545,0x6c7b7b774297f592ad655dddec109c8f1473a28d,buy,0xef68e7c694f40c8202821edf525de3782458639f,0x800ca92c55d5dd6ab5d26acd936ec48fd21fcc110a994f7d0d4caac92eab2c18
256,111,0.057019257,0x8793d91b97207e8fd52cc982e7de1c0cf1800b16,2017-10-30T04:15:06.000Z,0.000513687,0x3f0ee4db9380f85f65974f549caffb7106f3a219,buy,0xef68e7c694f40c8202821edf525de3782458639f,0x9e858a325f9d6508e6c980522d28c65eed08816f3db815ecdde18311a24a6485
257,149.157,0.0766367025273,0x8793d91b97207e8fd52cc982e7de1c0cf1800b16,2017-10-30T04:15:06.000Z,0.0005137989,0x00ac8a2bf7d97b363667aae3995192abada3c471,buy,0xef68e7c694f40c8202821edf525de3782458639f,0xdb09465de8e375fb9122342f09a7966cd6729a99d3fe78ed0d053facf37eb5d1
258,2000,1.066,0x179eda1807504cfaa5f753a33ad6b100b75104f3,2017-10-30T04:14:05.000Z,0.000533,0xba00bb0552918645e636286f10732cc01397889f,buy,0xef68e7c694f40c8202821edf525de3782458639f,0x0097eaa9348815acab6ce53e2055393d713f0a7be4613ee3c3a5605286254f1f
259,1892.3107614178566,1.029417054211314,0x5f8fe09e6f195b99b84274f00f898570d8814655,2017-10-30T04:14:05.000Z,0.000544,0xba00bb0552918645e636286f10732cc01397889f,buy,0xef68e7c694f40c8202821edf525de3782458639f,0x654800344908120bd682684e430f5c118cd83f2826f1e1c60b8207978d0c6dec
260,0.000513687,0.02899763115,0x2c9f7dd6285eee467aa7422582bbfd766eba5256,2017-10-30T04:11:56.000Z,56.45,0x0249924245a19aa2d7f5ddb0739a7132b7d094ab,sell,0xef68e7c694f40c8202821edf525de3782458639f,0x35f89b6f9628711530153c5df834e0368c6114e87a70e7e3416a090220297a34
261,4000,2.14,0x5f8fe09e6f195b99b84274f00f898570d8814655,2017-10-30T04:11:36.000Z,0.000535,0xe8f0cc52b0d087e4eaabe1de8c0bc01f83918ea9,buy,0xef68e7c694f40c8202821edf525de3782458639f,0x98c728fcaf01a7df75613ba8e25c403c8583c1159771acc0be829997a7f30082
262,1000,0.533,0xf6b8bea09dfffae187e20f3f69bafb636c43f5f0,2017-10-30T04:09:47.000Z,0.000533,0xba00bb0552918645e636286f10732cc01397889f,buy,0xef68e7c694f40c8202821edf525de3782458639f,0xf6a7663419345849164db62f026444a410557de4d968173249c9aac70433e4aa
263,2166.5958445290207,1.114496902425728,0x5f8fe09e6f195b99b84274f00f898570d8814655,2017-10-30T04:08:37.000Z,0.0005144,0xb9b929846a3e47ceffc52d6a35e87ad2c30c0f96,buy,0xef68e7c694f40c8202821edf525de3782458639f,0xf6e75f4762d47d5a6dcbb3e1129bf9a7fd745cbf5ae7c419788388fa37a90392
264,4000,2.0548,0x5f8fe09e6f195b99b84274f00f898570d8814655,2017-10-30T04:08:37.000Z,0.0005137,0x339a48e41d24d51a7ad329bf0c49c5ab285ca550,buy,0xef68e7c694f40c8202821edf525de3782458639f,0xcfa318d0b1a6f4402d98ee15e02db5c952a006923010028ee60e62bd2afccd32
265,4000,2.06,0x5f8fe09e6f195b99b84274f00f898570d8814655,2017-10-30T04:08:37.000Z,0.000515,0xb9b929846a3e47ceffc52d6a35e87ad2c30c0f96,buy,0xef68e7c694f40c8202821edf525de3782458639f,0xd6bf48e33fce3c2bf645215b4a3cdda38587ab76da1515f90117ca378e3f3c23
266,7510,3.83761,0x0062fb72d128699a70afdad4b7bafb2cde128913,2017-10-30T04:08:00.000Z,0.000511,0x339a48e41d24d51a7ad329bf0c49c5ab285ca550,buy,0xef68e7c694f40c8202821edf525de3782458639f,0xd408a375182473d74cd2a20daec64844976e4975a18bcec9f9af1bb03e90b52e
267,490,0.25039,0xa082e14306d0cfa8286ef771f149896240fd65fc,2017-10-30T04:06:04.000Z,0.000511,0x339a48e41d24d51a7ad329bf0c49c5ab285ca550,buy,0xef68e7c694f40c8202821edf525de3782458639f,0x35c368d09e745614ef39e0fc712e6e9c2a584c70c3518f4a567d297f9c2e8ab4
268,4000,2.038,0x23c09abbc301e4bd6396548f5f6005ab345afb7e,2017-10-30T04:03:06.000Z,0.0005095,0x339a48e41d24d51a7ad329bf0c49c5ab285ca550,buy,0xef68e7c694f40c8202821edf525de3782458639f,0x80f0defccf1c312b1737b7a6cd08a1abf52dcc6bcde2f830344e81086e34fd64
269,3357.591466453993,1.6284318612301865,0xeac68d3242198faccaa6a8f54059eff5685e8969,2017-10-30T03:53:39.000Z,0.00048499999999999997,0xb50f0eb6e3c9169f987c1422fb844b5c7020c1fe,sell,0xef68e7c694f40c8202821edf525de3782458639f,0x47c3a4a5efdad2a2b3421837da862ab6412a42831d022e8a48f2727addaebbce
270,200,0.0986,0xa4041c2c155f143c8cbd22289b3f20fec2c155e0,2017-10-30T03:32:05.000Z,0.000493,0x8793d91b97207e8fd52cc982e7de1c0cf1800b16,sell,0xef68e7c694f40c8202821edf525de3782458639f,0x3cfec9abf876730af4bfad80049efe00eb9533f50ad066a8d6d67a671341289b
271,1.0363918639092,0.000507832013315508,0x0ad747e3c2ad81b8ffa61df6c6223b01c21c8ffc,2017-10-30T02:43:25.000Z,0.00049,0x16e5d97bbc92417e051e3b2cabfbf8ceea2acb9c,sell,0xef68e7c694f40c8202821edf525de3782458639f,0xd0cdf163772c24ff7be5fdfe2e4ed2a908dfe35c526f773113f0a959ce8e9c4c
272,0.9871395518413,0.000483698380402237,0x0ad747e3c2ad81b8ffa61df6c6223b01c21c8ffc,2017-10-30T02:41:23.000Z,0.00049,0x379374d13077e8867ef31803c37baf9785a17c00,sell,0xef68e7c694f40c8202821edf525de3782458639f,0x2b8f5997c5533864db217f0df8d18ccd6f3c50f9ec7ef9f1502a6ecbb3b06adf
273,614.3679567429334,0.3010402988040374,0x0ad747e3c2ad81b8ffa61df6c6223b01c21c8ffc,2017-10-30T02:33:00.000Z,0.00049,0xee3f07980dcadfa90d7d1852d67531d045dbd140,sell,0xef68e7c694f40c8202821edf525de3782458639f,0x1d84bca1f2f26d69e682fbfefb246bc8125074c9787ac9b647616670470e02dd
274,97.84065204428063,0.049849812216560985,0xb8dec97e52cfe5e7aac890cf47956a0f6e0ad773,2017-10-30T01:51:04.000Z,0.0005095,0x339a48e41d24d51a7ad329bf0c49c5ab285ca550,buy,0xef68e7c694f40c8202821edf525de3782458639f,0xb4a0a858e2a64d1fe7e1097e6eded4cced6e2ac5b40cfa3b9f16d3de9e3251b0
275,85.31176510936304,0.04346634432322047,0xb8dec97e52cfe5e7aac890cf47956a0f6e0ad773,2017-10-30T01:44:56.000Z,0.0005095,0x339a48e41d24d51a7ad329bf0c49c5ab285ca550,buy,0xef68e7c694f40c8202821edf525de3782458639f,0xc66446e54b821080842250f1800d6c39164df6f3f4e778b2fdb99949c5ac05a3
276,1500,0.7425,0x85323d3df924f720d26b59bdd1c799a8093a3594,2017-10-30T01:35:08.000Z,0.000495,0x8793d91b97207e8fd52cc982e7de1c0cf1800b16,sell,0xef68e7c694f40c8202821edf525de3782458639f,0x44a8db326cd78e790218cab49b37c67d7617f1a36806a84239f2522a5d469545
277,1000,0.49501,0x698dcaafdca79929b570146b1a411d62fad0ad55,2017-10-30T01:35:08.000Z,0.00049501,0x8793d91b97207e8fd52cc982e7de1c0cf1800b16,sell,0xef68e7c694f40c8202821edf525de3782458639f,0x5f64f440fc668ebfcbb6f1463b6f423d702c8dc545e25f743f6c10b506cdc5d5
278,2500,1.284325,0x5ff2d275fa126e2641d7a596c5be2c213af0f3cc,2017-10-30T00:12:44.000Z,0.00051373,0x905e0578d5316b3597d3210b913e6f6309168272,buy,0xef68e7c694f40c8202821edf525de3782458639f,0x82b037dfa05678ccb7f30e4375ef57d76494211645bd811c78f7fc1a4b154aaa
279,91,0.046745608,0x319720baeb8b5366413e30bcc7b7e487ef580c84,2017-10-29T23:46:24.000Z,0.000513688,0x8793d91b97207e8fd52cc982e7de1c0cf1800b16,buy,0xef68e7c694f40c8202821edf525de3782458639f,0x3a980fb3d20cdeb7d25b8f656049498fe1548c83a3e23eff50cbea8752f069ab
280,1863.0864962513338,0.9570675331243101,0xddedeb1f9201c9d589a96f4f88981602870cac13,2017-10-29T23:22:34.000Z,0.0005137,0x339a48e41d24d51a7ad329bf0c49c5ab285ca550,buy,0xef68e7c694f40c8202821edf525de3782458639f,0x9138469c7fb77e08d97d3c1d72b5a053f272f8d1520f04b595d4ba9981ebf71d
281,994.985,0.5014723405015,0xddedeb1f9201c9d589a96f4f88981602870cac13,2017-10-29T23:20:23.000Z,0.0005039999,0x56ab693975f84dcff83f7d1edce0e28b195c073c,buy,0xef68e7c694f40c8202821edf525de3782458639f,0xb5feea102a76d3f84b1164df2996d17110e16d9a7e849bfa9aed52385763a07c
282,4000,2.038,0xddedeb1f9201c9d589a96f4f88981602870cac13,2017-10-29T23:18:37.000Z,0.0005095,0x339a48e41d24d51a7ad329bf0c49c5ab285ca550,buy,0xef68e7c694f40c8202821edf525de3782458639f,0xc9a4cd855896a60cb1fa6ae10c2a41ff592893d6336836aabcf65ad24fd3a73f
283,5,0.00255,0x319720baeb8b5366413e30bcc7b7e487ef580c84,2017-10-29T22:31:50.000Z,0.00051,0x1be71e871294156b43e52ffe77deeddb9ab994eb,sell,0xef68e7c694f40c8202821edf525de3782458639f,0x12d0960cb5ea9f0e138b729cb965c88edbe547648b103ec7f1395aa2a829b603
284,5.015,0.0025275594985,0x1be71e871294156b43e52ffe77deeddb9ab994eb,2017-10-29T22:31:50.000Z,0.0005039999,0x56ab693975f84dcff83f7d1edce0e28b195c073c,buy,0xef68e7c694f40c8202821edf525de3782458639f,0x12d0960cb5ea9f0e138b729cb965c88edbe547648b103ec7f1395aa2a829b603
285,51.839298175655465,0.024882863124314623,0x0ddd4a9d67391bc036eb5a62d94e2ed57f768e9e,2017-10-29T15:55:54.000Z,0.00047999999999999996,0x7530f85827154ce178ff6c0710af07520663f9d5,sell,0xef68e7c694f40c8202821edf525de3782458639f,0x9096478112e4fbf82d90fd134ca2b254bc864380124c343d813338d7db1e2940
286,12.621,0.005818281,0x1eaa18a0e964d346f2b5182be3f97d7aab5145b9,2017-10-29T14:31:10.000Z,0.000461,0xd6f57361ecaed8c59699e3fa76ac721ec0c18d50,sell,0xef68e7c694f40c8202821edf525de3782458639f,0x914b28d1d16e9c563090c4fdc2920c4e72e81216eb4b35d543d55384e99c6295
287,400,0.1800468,0x5557a30d864e438e7b21ef97df9d1034e7c16cf5,2017-10-29T14:29:44.000Z,0.000450117,0xd6f57361ecaed8c59699e3fa76ac721ec0c18d50,sell,0xef68e7c694f40c8202821edf525de3782458639f,0x46d5069e4c350e861ba6675efbe2527419b1fc1534b6900ebfc2fce92cb60f4e
288,500,0.2345,0x179db9068c45e6617c13176c4c5082c9e5e347fc,2017-10-29T14:29:16.000Z,0.000469,0xd6f57361ecaed8c59699e3fa76ac721ec0c18d50,sell,0xef68e7c694f40c8202821edf525de3782458639f,0xadc83034d78e929d4ebfd232af85ef2d9a7e09c635081e90e4c459a90f4b7870
289,38.559972997676574,0.019815970123505992,0xdf537fe9b791ac57c4d5e94f6b2fa8d989d7f793,2017-10-29T11:15:11.000Z,0.0005139,0x339a48e41d24d51a7ad329bf0c49c5ab285ca550,buy,0xef68e7c694f40c8202821edf525de3782458639f,0x3e890d135c4c86f20007864e8e1a0411394a9a198694b2003001f2014184f841
290,1392.16274207942,0.6597180802165956,0x8793d91b97207e8fd52cc982e7de1c0cf1800b16,2017-10-29T10:44:02.000Z,0.00047388,0x7151762487247809900222a357e675794677e463,sell,0xef68e7c694f40c8202821edf525de3782458639f,0x5883e4ee7d6dfee51550427aa447bacb0ce83c623fb0289f43ce1262df5923c9
291,2500,1.285,0x9277f076ac6bceabb994d727bd98dee57248555e,2017-10-29T10:43:55.000Z,0.000514,0x339a48e41d24d51a7ad329bf0c49c5ab285ca550,buy,0xef68e7c694f40c8202821edf525de3782458639f,0xd13607876ed308fd87d83fee7849dd7bcb0785530b82748a8cb9b92552dbd171
292,500,0.2355,0xd63f3945dde8dc7198588c2918cd7ead8a6e9211,2017-10-29T10:42:44.000Z,0.000471,0x7151762487247809900222a357e675794677e463,sell,0xef68e7c694f40c8202821edf525de3782458639f,0x41fc9ef5cdec54f28a7c03aea174d78cff69aa1f138163b05de6c23504b82574
293,2500,1.1825,0x547269c54497404c144bfb5063ca41d51b7b5a88,2017-10-29T10:42:44.000Z,0.000473,0x7151762487247809900222a357e675794677e463,sell,0xef68e7c694f40c8202821edf525de3782458639f,0x45d942e865f91b5fc618bcec400bc23313a0dacfd5496153e17c3dbb04fa40b3
294,10000,4.7,0xc6a5353c69fc789dcd66ab43ed42b01feaedd439,2017-10-29T10:42:44.000Z,0.00047,0x7151762487247809900222a357e675794677e463,sell,0xef68e7c694f40c8202821edf525de3782458639f,0x1e753cb5914a6fbd423204075fc2948f789182241dff36ecfc3782ebc3d665e0
295,150,0.07425,0x7616bb991081160eb20ff62ba47da6e54f5c8728,2017-10-29T10:41:28.000Z,0.000495,0x7151762487247809900222a357e675794677e463,sell,0xef68e7c694f40c8202821edf525de3782458639f,0xee641ab850022b35c92e63f48d20bfd27dbbc50344ff508d25e4c83b4056bd3b
296,415.821,0.2050413351,0x6c7b7b774297f592ad655dddec109c8f1473a28d,2017-10-29T10:41:28.000Z,0.0004931,0x7151762487247809900222a357e675794677e463,sell,0xef68e7c694f40c8202821edf525de3782458639f,0x22024e4dc3a28856870929c2dbb0e8b78cc15d1e5acb856de5b48abfd2e61c4e
297,5000,2.4,0xc6a5353c69fc789dcd66ab43ed42b01feaedd439,2017-10-29T10:41:28.000Z,0.00048,0x7151762487247809900222a357e675794677e463,sell,0xef68e7c694f40c8202821edf525de3782458639f,0x3fa528928abc33bfe665e56fe306ca9f1b8b6a0c6440bb5c4af5e245580099f4
298,2500,1.225225,0xc6a5353c69fc789dcd66ab43ed42b01feaedd439,2017-10-29T10:41:28.000Z,0.00049009,0x7151762487247809900222a357e675794677e463,sell,0xef68e7c694f40c8202821edf525de3782458639f,0x6b991e15cb7e6f6ed5ed08cf09ffffa1b059727581dc5ce2352494d9d5cd3e2c
299,2469.0958030111005,1.2271406140965169,0x0ad747e3c2ad81b8ffa61df6c6223b01c21c8ffc,2017-10-29T10:40:31.000Z,0.0004969999999999999,0x7151762487247809900222a357e675794677e463,sell,0xef68e7c694f40c8202821edf525de3782458639f,0xfb73babbb64498e677f4a04a05447d808a3f3e14f6073ec6d6800741fad6d8ec
300,102,0.051,0xa4041c2c155f143c8cbd22289b3f20fec2c155e0,2017-10-29T10:30:02.000Z,0.0005,0x8793d91b97207e8fd52cc982e7de1c0cf1800b16,sell,0xef68e7c694f40c8202821edf525de3782458639f,0xcd6b4495b6056b6b4d5d1c8a428ace444b4b757bd5725b51fda1833265024a10
301,30.904196988899628,0.015359385903483114,0x0ad747e3c2ad81b8ffa61df6c6223b01c21c8ffc,2017-10-29T10:06:34.000Z,0.0004969999999999999,0x368674b5b7bd3ec1d97954d63ffdbc367166a3ae,sell,0xef68e7c694f40c8202821edf525de3782458639f,0x96cacec14fe68f05067885df9463e2d54af0053372108042b4b463cba615b092
302,17.801,0.0089005,0x0ad747e3c2ad81b8ffa61df6c6223b01c21c8ffc,2017-10-29T08:58:12.000Z,0.0005,0xa81d30697eaf18bc2d0b6a87ec5aa22e0506be42,buy,0xef68e7c694f40c8202821edf525de3782458639f,0xab55281d0a887891bdaa1314df280905f4aa920bd57b4c6f7192426c87bf9346
303,4000,1.97204,0xb9b929846a3e47ceffc52d6a35e87ad2c30c0f96,2017-10-29T07:24:54.000Z,0.00049301,0x339a48e41d24d51a7ad329bf0c49c5ab285ca550,sell,0xef68e7c694f40c8202821edf525de3782458639f,0x4947fb88c3cdac302ec2946efe7a444cc07382767b9cd0e780b9f084c1023bf7
304,1583.1789356096697,0.7806655331491281,0x6c7b7b774297f592ad655dddec109c8f1473a28d,2017-10-29T06:36:25.000Z,0.0004931,0xf0af6d449b06b1299d2ab0d85120c75064407d19,sell,0xef68e7c694f40c8202821edf525de3782458639f,0x312a16c4d7a33af97264f1d0160dba457e2f40b36f9a5b90aeda2b3019330c8c
305,3000,1.485,0x339a48e41d24d51a7ad329bf0c49c5ab285ca550,2017-10-29T06:35:32.000Z,0.000495,0xf0af6d449b06b1299d2ab0d85120c75064407d19,sell,0xef68e7c694f40c8202821edf525de3782458639f,0xdcc1616c1bf8fd8fbc168bc60f8fe9b09bfe83d3ac51a6e7a1d5f80b1997840a
306,1002.9229388894428,0.49945562356694245,0x319720baeb8b5366413e30bcc7b7e487ef580c84,2017-10-29T06:35:32.000Z,0.000498,0xf0af6d449b06b1299d2ab0d85120c75064407d19,sell,0xef68e7c694f40c8202821edf525de3782458639f,0x84531067cfc9946d3d3b38b26f6ee44ff09c4d7dce0918f161c99f1d41ff6051
307,103,0.0515,0xa4041c2c155f143c8cbd22289b3f20fec2c155e0,2017-10-29T06:27:34.000Z,0.0005,0xa81d30697eaf18bc2d0b6a87ec5aa22e0506be42,buy,0xef68e7c694f40c8202821edf525de3782458639f,0x7d36b5d6b201e00c2f651e55d3bb5d499c968624e4c95124b67e6a281d22942b
308,4000,2.05588,0x9cca8db670a0cfa97bb70dbefe176ed5cb13ead0,2017-10-29T06:27:27.000Z,0.00051397,0xb9b929846a3e47ceffc52d6a35e87ad2c30c0f96,buy,0xef68e7c694f40c8202821edf525de3782458639f,0xede4bbba0911ed82bf3920327ab4be45a32bdce673c8199b99efa2d8d22014a0
309,205,0.1025,0xa4041c2c155f143c8cbd22289b3f20fec2c155e0,2017-10-29T06:27:27.000Z,0.0005,0xa81d30697eaf18bc2d0b6a87ec5aa22e0506be42,buy,0xef68e7c694f40c8202821edf525de3782458639f,0x261c0db4d209276c79803e30f388e4bf6edfe4b906e2d0fe3253a9df3564cc02
310,5000,2.5695,0x9cca8db670a0cfa97bb70dbefe176ed5cb13ead0,2017-10-29T06:26:39.000Z,0.0005139,0x339a48e41d24d51a7ad329bf0c49c5ab285ca550,buy,0xef68e7c694f40c8202821edf525de3782458639f,0x73c6fc1e96c3a95403255bf4b421dc696d49e27ff8158797ebf89eac825d87ca
311,8107.689238582143,4.410582945788686,0x9cca8db670a0cfa97bb70dbefe176ed5cb13ead0,2017-10-29T06:25:13.000Z,0.000544,0xba00bb0552918645e636286f10732cc01397889f,buy,0xef68e7c694f40c8202821edf525de3782458639f,0x3e3dc56d4606d9f8691ccf9ea94f3271e849f624033c92f6caf23824c3e494b2
312,8108.337813721954,4.054168906860977,0x339a48e41d24d51a7ad329bf0c49c5ab285ca550,2017-10-29T06:19:54.000Z,0.0005,0xa81d30697eaf18bc2d0b6a87ec5aa22e0506be42,buy,0xef68e7c694f40c8202821edf525de3782458639f,0x59461b9a55d62ac985240f3d491a32a40fde32bddbb51b8882175cbaf27039b6
313,3000,1.5,0x339a48e41d24d51a7ad329bf0c49c5ab285ca550,2017-10-29T06:08:16.000Z,0.0005,0xa81d30697eaf18bc2d0b6a87ec5aa22e0506be42,sell,0xef68e7c694f40c8202821edf525de3782458639f,0x9b81f39e4cf98c7f09d6801fdcd69925532da96d665926509abf686386b63888
314,2000,1,0x0ad747e3c2ad81b8ffa61df6c6223b01c21c8ffc,2017-10-29T05:29:47.000Z,0.0005,0xf0af6d449b06b1299d2ab0d85120c75064407d19,sell,0xef68e7c694f40c8202821edf525de3782458639f,0x90ceed722e6c01864df7d980f63fd07b2466bdc323803f299ea1abeab0ba5dc8
315,500,0.2566,0x996514a7b001adb9741a6ae276fddd422b690f23,2017-10-29T03:56:53.000Z,0.0005132,0x339a48e41d24d51a7ad329bf0c49c5ab285ca550,buy,0xef68e7c694f40c8202821edf525de3782458639f,0x14dbf45dec0369bb888536175b4495c8fbecd1a5f863079a0c2f9e312ab5f28b
316,361.2252812398737,0.1855542024672983,0x3acea4869e97beab7b7714eda5e30d95c2058587,2017-10-29T01:56:32.000Z,0.00051368,0x8793d91b97207e8fd52cc982e7de1c0cf1800b16,buy,0xef68e7c694f40c8202821edf525de3782458639f,0x480a0861eccb5e68a99a433653b25abd68c7816552b767d4263dfca288db5f38
317,10,0.00514,0x94b0bf6dd676f7b4884557735945b927535fd822,2017-10-29T00:33:55.000Z,0.000514,0x339a48e41d24d51a7ad329bf0c49c5ab285ca550,buy,0xef68e7c694f40c8202821edf525de3782458639f,0xd322ca82f32b8d76f261960cf18344ac7b6db8b8134426905358a8d23aac8e87
318,1833.4041554709795,0.9431030975742718,0x23a0f8ff861acfa6e6ec64b33e011e97a8045acf,2017-10-29T00:22:27.000Z,0.0005144,0xb9b929846a3e47ceffc52d6a35e87ad2c30c0f96,buy,0xef68e7c694f40c8202821edf525de3782458639f,0x4c06d8be533770f4b609eb6c58a7a480b78ddcc554025ddfab50a8db4b31204d
319,997.0770611105572,0.49654437643305754,0x319720baeb8b5366413e30bcc7b7e487ef580c84,2017-10-28T21:44:04.000Z,0.000498,0xdeb58cbc9ef2397e780bd7045a5516c9b8e5d5f5,sell,0xef68e7c694f40c8202821edf525de3782458639f,0x51c33189db28252af43367f4837b7cf73c1aba9684ca6932ffa325115a145762
320,0.9689922480620154,0.0005,0xe444a40689f51f63bcd29910622035707d533d29,2017-10-28T20:44:13.000Z,0.000516,0x339a48e41d24d51a7ad329bf0c49c5ab285ca550,buy,0xef68e7c694f40c8202821edf525de3782458639f,0x5ecb4b619f5f00e93de370b362b6f5b37717fb2230b989742fe81754d99c53a2
321,0.9689922480620154,0.0005,0x34f9560c63078eb61872a4dc2ccd20e21c34feaf,2017-10-28T20:44:13.000Z,0.000516,0x339a48e41d24d51a7ad329bf0c49c5ab285ca550,buy,0xef68e7c694f40c8202821edf525de3782458639f,0xad21782a9347a7191d57c96566f261a1d49dd51d39cb1c626d2ee3c4030a1930
322,1912.9936843318758,0.9431058863756148,0x339a48e41d24d51a7ad329bf0c49c5ab285ca550,2017-10-28T20:37:40.000Z,0.000493,0x89a992323cbd5e0a207825ecb278f5b5cffad4c3,sell,0xef68e7c694f40c8202821edf525de3782458639f,0x2c4ef63db66a2f972ee77935988239c61a284d43ede7cd1b48003d0f07687493
323,4000,1.968,0xb9b929846a3e47ceffc52d6a35e87ad2c30c0f96,2017-10-28T20:37:20.000Z,0.000492,0x89a992323cbd5e0a207825ecb278f5b5cffad4c3,sell,0xef68e7c694f40c8202821edf525de3782458639f,0xd5577a4c9dc3ddf086deecb10b7b53ef4447278687db5c1320265fcfdece94cf
324,498.45479015053337,0.24573821154421294,0x339a48e41d24d51a7ad329bf0c49c5ab285ca550,2017-10-28T20:23:26.000Z,0.000493,0x6a9ca35b0bdf52edaff38247b159ca337bf92e7b,sell,0xef68e7c694f40c8202821edf525de3782458639f,0x5aea330b9b9579ca48a1fee37748da341b6d4d11b1a6e6a3588394081d658b29
325,769,0.396804,0xda1655377db523095f5c8f231b918a9fe4feb084,2017-10-28T18:58:39.000Z,0.000516,0x339a48e41d24d51a7ad329bf0c49c5ab285ca550,buy,0xef68e7c694f40c8202821edf525de3782458639f,0x0b86044fe3d9aeb0a0b1761a73c74355cbe4a0ec1e017e0a4e194fc42a8092fe
326,800,0.3944,0x339a48e41d24d51a7ad329bf0c49c5ab285ca550,2017-10-28T18:48:23.000Z,0.000493,0x69bc96509a19ce70f5ddbbe2cdc736ca1fd615ee,sell,0xef68e7c694f40c8202821edf525de3782458639f,0x9a74de3374d17231d47a4fae8d9457da757f97aa54e0070c4896104b03892ac8
327,308.14260211012356,0.15191430284029092,0x339a48e41d24d51a7ad329bf0c49c5ab285ca550,2017-10-28T16:39:42.000Z,0.000493,0x1ed014aec47fae44c9e55bac7662c0b78ae61798,sell,0xef68e7c694f40c8202821edf525de3782458639f,0x295fa6d6503499aff252e68f8ed5f57e1bafc10176d309fe6c0b5173e6537c7e
328,27.604303019432038,0.01407819453991034,0xdc0d8f59178467ab7cb99fba0b4b6594b80fa525,2017-10-28T16:01:09.000Z,0.00051,0x994429dd6d13d42840e1743e75bbbefe5f59b673,buy,0xef68e7c694f40c8202821edf525de3782458639f,0x778082a60b64c53db1619593f4d84328c6c03a4250074e5ca359284d1afe9c98
329,3478.937,1.7394685,0x8793d91b97207e8fd52cc982e7de1c0cf1800b16,2017-10-28T15:11:05.000Z,0.0005,0x0f8fa1b75ccb1cd9a0a52594ba8299468400e8b1,buy,0xef68e7c694f40c8202821edf525de3782458639f,0xa7e8fbba66cd173d57df8f518124f0b604649c5cfd6ac0f650750dfe53ad402b
330,7200,3.6,0xe300b3909aad54fd05e919e39f402c842e0037d3,2017-10-28T15:01:08.000Z,0.0005,0x0f8fa1b75ccb1cd9a0a52594ba8299468400e8b1,buy,0xef68e7c694f40c8202821edf525de3782458639f,0x633bf32331690bbff5bc9be3098c9ce2ba0c3d20e47b20c9a1560139e74189f0
331,17745.98673754191,8.872993368770954,0xa54b88fcb5dc39e97d12e79aafaa28702204344f,2017-10-28T15:00:18.000Z,0.0005,0x0f8fa1b75ccb1cd9a0a52594ba8299468400e8b1,buy,0xef68e7c694f40c8202821edf525de3782458639f,0xd1b47c31ba6a7a19139a49e3be682fa2dbc5a8818646168aa6f01f577724dc8e
332,1992,0.996,0x004650cbb14d3ec179db4eee7b1ddae55937975b,2017-10-28T14:45:08.000Z,0.0005,0x0f8fa1b75ccb1cd9a0a52594ba8299468400e8b1,buy,0xef68e7c694f40c8202821edf525de3782458639f,0xd11edba6808c44431522feeb905d6756905a5765810dcc75594a979420b4f1a1
333,10389.372932990693,5.194686466495346,0xfed6514ed8409a4fca0501119510c8137d8b0e79,2017-10-28T14:39:16.000Z,0.0005,0x0f8fa1b75ccb1cd9a0a52594ba8299468400e8b1,buy,0xef68e7c694f40c8202821edf525de3782458639f,0x2cef722d39dc861dfc675efa219c5d4f0ad0c326cee4b105fb1e94e8c1aa33c3
334,1538.8431304846047,0.7540331339374563,0xfed6514ed8409a4fca0501119510c8137d8b0e79,2017-10-28T14:38:41.000Z,0.00049,0x21b1f5aa876e89aa30d45ddf4d5b9b0023fec388,buy,0xef68e7c694f40c8202821edf525de3782458639f,0x284ad99f2a19e33b7297dd6314fc4fda12558659f7b45d74dbde063ab1d63cc9
335,104,0.05148,0xa4041c2c155f143c8cbd22289b3f20fec2c155e0,2017-10-28T14:38:28.000Z,0.000495,0x8b584cf38bfe7d50809bbc2a622c7bd118a82577,sell,0xef68e7c694f40c8202821edf525de3782458639f,0xf9c74b37161a1b4d06f5aa758584056900f0c88979959c19309b25dcac524eac
336,998.4789022923713,0.48925466212326196,0x8b584cf38bfe7d50809bbc2a622c7bd118a82577,2017-10-28T14:37:18.000Z,0.00049,0x21b1f5aa876e89aa30d45ddf4d5b9b0023fec388,buy,0xef68e7c694f40c8202821edf525de3782458639f,0x8ddc15aaa95863434d98a6146f0e4393e156cb245ce3a3aaaf96555d8f36d026
337,0.8927581201251734,0.000437451478861335,0x1c87a83cbccfcae798443095fa85386c56140e0e,2017-10-28T14:36:11.000Z,0.00049,0x21b1f5aa876e89aa30d45ddf4d5b9b0023fec388,buy,0xef68e7c694f40c8202821edf525de3782458639f,0x1bb631a3b4baf1b6921793019f15f4cda558f65acb51175b986b1f4f081ec646
338,0.8927581201251734,0.000437451478861335,0x1c87a83cbccfcae798443095fa85386c56140e0e,2017-10-28T14:36:04.000Z,0.00049,0x21b1f5aa876e89aa30d45ddf4d5b9b0023fec388,buy,0xef68e7c694f40c8202821edf525de3782458639f,0x320013b5f7a4dcc13a3cdb1ea420023707e83911f1df1bac01fa6e1011537d9e
339,0.8927581201251734,0.000437451478861335,0x1c87a83cbccfcae798443095fa85386c56140e0e,2017-10-28T14:36:04.000Z,0.00049,0x21b1f5aa876e89aa30d45ddf4d5b9b0023fec388,buy,0xef68e7c694f40c8202821edf525de3782458639f,0xa6e032021cb4ca105d3600e7b9a7990f5b3edf2bb9b3be4dae387649038d5a18
340,960,0.4704,0x8793d91b97207e8fd52cc982e7de1c0cf1800b16,2017-10-28T14:34:58.000Z,0.00049,0x21b1f5aa876e89aa30d45ddf4d5b9b0023fec388,buy,0xef68e7c694f40c8202821edf525de3782458639f,0x3b89fc1c2aaac342c3564f1c95602d2429e45977b92b33e15c1d5579f7025df8
341,8776.151568916106,4.388075784458054,0x1c87a83cbccfcae798443095fa85386c56140e0e,2017-10-28T14:02:05.000Z,0.0005,0x0f8fa1b75ccb1cd9a0a52594ba8299468400e8b1,buy,0xef68e7c694f40c8202821edf525de3782458639f,0x4894753307da3c2cb007b528bcf15ba7c1693d34408b2a13cf0ceaf4240e6e34
342,0.00000000100767,0.000000000000503835,0xdc0d8f59178467ab7cb99fba0b4b6594b80fa525,2017-10-28T12:59:15.000Z,0.0005,0x0f8fa1b75ccb1cd9a0a52594ba8299468400e8b1,buy,0xef68e7c694f40c8202821edf525de3782458639f,0x1b920870aedb7e5439c755721c1da30b88a05c4e7907267b845a445e7e3eec2f
343,0.000010107918336,0.000000005053959168,0xdc0d8f59178467ab7cb99fba0b4b6594b80fa525,2017-10-28T12:26:22.000Z,0.0005,0x0f8fa1b75ccb1cd9a0a52594ba8299468400e8b1,buy,0xef68e7c694f40c8202821edf525de3782458639f,0x16626b8bb09428364e8235a8289e4af8f1523e5518f290d26883eba9311e4edb
344,0.101392528818568,0.000050696264409284,0xdc0d8f59178467ab7cb99fba0b4b6594b80fa525,2017-10-28T12:20:39.000Z,0.0005,0x0f8fa1b75ccb1cd9a0a52594ba8299468400e8b1,buy,0xef68e7c694f40c8202821edf525de3782458639f,0xe3ec84c306ad93100d58fa68ef1853893a4f1182d4036422cbc7e86f5e76bf0a
345,33576.38779746795,16.788193898733972,0x1c87a83cbccfcae798443095fa85386c56140e0e,2017-10-28T12:18:01.000Z,0.0005,0x0f8fa1b75ccb1cd9a0a52594ba8299468400e8b1,buy,0xef68e7c694f40c8202821edf525de3782458639f,0xc909ea3171d087fb0c054a44f37e22ca70003cb984aa66a446cf68ecfe561e37
346,4745.99640097431,2.372998200487155,0x1c87a83cbccfcae798443095fa85386c56140e0e,2017-10-28T12:05:59.000Z,0.0005,0x0f8fa1b75ccb1cd9a0a52594ba8299468400e8b1,buy,0xef68e7c694f40c8202821edf525de3782458639f,0xc286466d349f0941371e881767d25946f27077abf43cae0ca51667c1442a75ba
347,3500,1.75,0x339a48e41d24d51a7ad329bf0c49c5ab285ca550,2017-10-28T12:02:55.000Z,0.0005,0x0f8fa1b75ccb1cd9a0a52594ba8299468400e8b1,buy,0xef68e7c694f40c8202821edf525de3782458639f,0xc73c88e7351ed3e8b6885270d92c69657cf8ec6c8267baf4bb573d963fe16acf
348,1100,0.55,0x8793d91b97207e8fd52cc982e7de1c0cf1800b16,2017-10-28T11:29:31.000Z,0.0005,0x0f8fa1b75ccb1cd9a0a52594ba8299468400e8b1,buy,0xef68e7c694f40c8202821edf525de3782458639f,0x189d3a348f3153b1a834f6a9d9f56fe467f7d984a3670f94acef03e6f667a404
349,30,0.01473,0x339a48e41d24d51a7ad329bf0c49c5ab285ca550,2017-10-28T11:16:41.000Z,0.000491,0x69bc96509a19ce70f5ddbbe2cdc736ca1fd615ee,sell,0xef68e7c694f40c8202821edf525de3782458639f,0xd995cd545a398eff56e947c4eee6763b72f30e333f9fd606ae86eddee65a5ed8
350,860,0.43,0x8793d91b97207e8fd52cc982e7de1c0cf1800b16,2017-10-28T10:49:00.000Z,0.0005,0x0f8fa1b75ccb1cd9a0a52594ba8299468400e8b1,buy,0xef68e7c694f40c8202821edf525de3782458639f,0x326b9b42c4d3f9b2a0c8652b39feda182f7c8f7c96d0e73a33d6691500905076
351,413,0.202783,0x8793d91b97207e8fd52cc982e7de1c0cf1800b16,2017-10-28T10:46:29.000Z,0.000491,0x08417893c3409bbab1c572ffef3e28fcb365499c,buy,0xef68e7c694f40c8202821edf525de3782458639f,0x51a5500d9ac512d28f1920297638e50744c831fdc03ac53df28ab00afb189b3d
352,723.9630157786673,0.3554658407473257,0x339a48e41d24d51a7ad329bf0c49c5ab285ca550,2017-10-28T10:38:18.000Z,0.000491,0x04816433106d9ba41cf70574813a1d35d654fb2f,sell,0xef68e7c694f40c8202821edf525de3782458639f,0x64bf635daa86a32e36cdd5d81870a325f28a710f854032bd49108dd15a4ab268
353,100,0.051,0xa4041c2c155f143c8cbd22289b3f20fec2c155e0,2017-10-28T10:17:13.000Z,0.00051,0x994429dd6d13d42840e1743e75bbbefe5f59b673,buy,0xef68e7c694f40c8202821edf525de3782458639f,0xa5457be30948133b274096885629275c54996186f5b449198d43fc2f43e76abc
354,2000,1,0x8793d91b97207e8fd52cc982e7de1c0cf1800b16,2017-10-28T09:39:24.000Z,0.0005,0x3a07f962ceed058ddf930c03f8e5ffda82404ed4,buy,0xef68e7c694f40c8202821edf525de3782458639f,0xc1f67196c19cd3740abf201102c7e196fd9d2db61455f3d72bf58530084470b9
355,7970,3.985,0xc6a5353c69fc789dcd66ab43ed42b01feaedd439,2017-10-28T08:43:45.000Z,0.0005,0xd14f661f69e5de8a9cc83618b428a8ab8fe305f3,buy,0xef68e7c694f40c8202821edf525de3782458639f,0xfe66eef616bb3c8536d66a08b46c1707e04fa725ac6e2e07ea0ada3faf07e396
356,200,0.1,0xd822346c13e251c80ac5cc5aeb1626f02ba6b64c,2017-10-28T08:40:44.000Z,0.0005,0xd14f661f69e5de8a9cc83618b428a8ab8fe305f3,sell,0xef68e7c694f40c8202821edf525de3782458639f,0xcd761e99272e0377429c38e64bde8c29fc5d4f16b84e7a7c9b1abc6de68ee884
357,500,0.255,0x5964e8d03d3be814385203522a8255c2a32553bc,2017-10-28T07:36:31.000Z,0.00051,0x994429dd6d13d42840e1743e75bbbefe5f59b673,buy,0xef68e7c694f40c8202821edf525de3782458639f,0xe3f7c914f4ce06da4a1fbfd87e441b3ce0ba2460d364d7fc318d08eef9b0a802
358,5000,2.4525,0x339a48e41d24d51a7ad329bf0c49c5ab285ca550,2017-10-28T07:23:27.000Z,0.0004905,0xbe1948981dc546461dedd22335fadfd0f8906187,sell,0xef68e7c694f40c8202821edf525de3782458639f,0xe55793db28c63f26f2a643e2a6cc401169f76473735379a62318a162a0834ff5
359,88.68251557426879,0.04522808294287708,0x644797f17766c46c75ca39558718790313c760e0,2017-10-28T07:20:19.000Z,0.00051,0x994429dd6d13d42840e1743e75bbbefe5f59b673,buy,0xef68e7c694f40c8202821edf525de3782458639f,0x94a7c18622e8ce1deabd7453de1d318bf9cb7be2967d833696e8e6fb623bfc4f
360,28.989,0.0144945,0xd822346c13e251c80ac5cc5aeb1626f02ba6b64c,2017-10-28T06:41:12.000Z,0.0005,0x8a0dba845886cebf4aabaeb10248a8d73a15b9ff,buy,0xef68e7c694f40c8202821edf525de3782458639f,0xa7c83323cdd1f4f2c84d50cc979e14c44b417fb2cfeb8bbcc288ab8a99829403
361,2950,1.4455,0x339a48e41d24d51a7ad329bf0c49c5ab285ca550,2017-10-28T05:49:49.000Z,0.00049,0xa2aba2253ae0f0099d95e8d512c2d6b14a9949a0,buy,0xef68e7c694f40c8202821edf525de3782458639f,0x42b41ccf41fd7505209447cd469833daace29514b46073149619b7678e653283
362,249.25,0.12437575,0x958310f8d920fc5e6c638c061295abd907071195,2017-10-28T05:48:40.000Z,0.000499,0x273a5d3e6721b9f5c1a6474f560c1334c63dda01,sell,0xef68e7c694f40c8202821edf525de3782458639f,0x4931ae01433468bf823a275393f64cd4b1169e045701f27f846828c879fb25f9
363,250,0.1225,0x273a5d3e6721b9f5c1a6474f560c1334c63dda01,2017-10-28T05:48:40.000Z,0.00049,0xa2aba2253ae0f0099d95e8d512c2d6b14a9949a0,buy,0xef68e7c694f40c8202821edf525de3782458639f,0x4931ae01433468bf823a275393f64cd4b1169e045701f27f846828c879fb25f9
364,1000,0.51,0x46371f0751e243fef7b626031cffb8489d47e6c0,2017-10-28T05:25:51.000Z,0.00051,0x994429dd6d13d42840e1743e75bbbefe5f59b673,buy,0xef68e7c694f40c8202821edf525de3782458639f,0x9073b7cf525fd8502df2bfa53860335f5eb96e14322b38f383f6353747c7d47f
365,2213,1.1065,0x8d0156396735d4c55eaf6893944b27d559dc8c5b,2017-10-28T04:40:39.000Z,0.0005,0x7ad1e147dfe8eb7f726255be945ec5ad2953d881,buy,0xef68e7c694f40c8202821edf525de3782458639f,0x52cba98d4bb24b803aec81923998c02aab9889d14dcc22f845741495d0dc491d
366,95.011,0.0475055,0x583b640795999aa2bb22c1a62a91336ff9d325bb,2017-10-28T04:22:27.000Z,0.0005,0x8a0dba845886cebf4aabaeb10248a8d73a15b9ff,buy,0xef68e7c694f40c8202821edf525de3782458639f,0xde3c5e61716a44f5051c76afbeeee94f711929beb13a99389823b2c9743248ff
367,1230,0.615,0x583b640795999aa2bb22c1a62a91336ff9d325bb,2017-10-28T04:20:19.000Z,0.0005,0x7ad1e147dfe8eb7f726255be945ec5ad2953d881,buy,0xef68e7c694f40c8202821edf525de3782458639f,0x75ad9c17cfaba2c4eeb0953edff31265b080bfdd919f39f4d37f8a0dd7148e2f
368,4000,2,0x583b640795999aa2bb22c1a62a91336ff9d325bb,2017-10-28T04:19:24.000Z,0.0005,0xe8f0cc52b0d087e4eaabe1de8c0bc01f83918ea9,buy,0xef68e7c694f40c8202821edf525de3782458639f,0x66478b4638011c97ec43762caeff45390a787d17496b055a8b4c56faa2df2b14
369,1057,0.527443,0x583b640795999aa2bb22c1a62a91336ff9d325bb,2017-10-28T04:18:21.000Z,0.000499,0x97ccc19febdde497629a07b4f82ea9fde58ec3e7,buy,0xef68e7c694f40c8202821edf525de3782458639f,0x9249321390164cd5d3ce407e8db7f6697c05b2c640fa4f1d7dc3c844adca2fa0
370,24,0.011976,0x99daacbc6d3cc495519938b1b9ae913a94caa1c1,2017-10-28T03:57:04.000Z,0.000499,0x97ccc19febdde497629a07b4f82ea9fde58ec3e7,buy,0xef68e7c694f40c8202821edf525de3782458639f,0x2d6053e1283ba3abc21bbeb8b850a509b432ac284ac8a82070d3830747f9cebe
371,398.7638321204267,0.1914066394178048,0x8793d91b97207e8fd52cc982e7de1c0cf1800b16,2017-10-28T03:14:52.000Z,0.00048,0x5407440c855efee203bac302c775cf8cd982516b,sell,0xef68e7c694f40c8202821edf525de3782458639f,0xf71e17a35a76ecaa351a7d26353d95bcec31e3a0d6a111c2162d11edd579f4bc
372,128,0.063872,0xdf537fe9b791ac57c4d5e94f6b2fa8d989d7f793,2017-10-28T02:00:13.000Z,0.000499,0x97ccc19febdde497629a07b4f82ea9fde58ec3e7,buy,0xef68e7c694f40c8202821edf525de3782458639f,0xaf6c43f42f5b2391b1e5bae474d564314f88d40fc32a80b0a222ab29815956ad
373,30,0.013962,0x339a48e41d24d51a7ad329bf0c49c5ab285ca550,2017-10-28T01:58:34.000Z,0.0004654,0x132d1c6564ec904fc549620b3d6c56036bebc911,sell,0xef68e7c694f40c8202821edf525de3782458639f,0x7da9d6258732e272204ea8e40825bba36e75d85b35a78d8f8cbc656cffb9aae8
374,388,0.193612,0xe121cb63c3f6e80eb2600532d43ebbad54ddb61a,2017-10-28T01:54:48.000Z,0.000499,0x132d1c6564ec904fc549620b3d6c56036bebc911,sell,0xef68e7c694f40c8202821edf525de3782458639f,0xe524b0c2e8da42bb3872c567f927573eeaff4b94166df0b682e389f9389f8534
375,611.1627688830758,0.30497022167265486,0xe121cb63c3f6e80eb2600532d43ebbad54ddb61a,2017-10-28T01:31:32.000Z,0.000499,0x07631f6731b6ac389041a03bdd7642f486d8e98b,sell,0xef68e7c694f40c8202821edf525de3782458639f,0xb4f4da1ded5ee35f9e7e06b1a1f93e2c46a8cd8a36313c3d731f7db4dcd4944f
376,990.2656844035496,0.49414257651737126,0xe121cb63c3f6e80eb2600532d43ebbad54ddb61a,2017-10-28T01:29:43.000Z,0.000499,0x07631f6731b6ac389041a03bdd7642f486d8e98b,sell,0xef68e7c694f40c8202821edf525de3782458639f,0xe515ea45a4cee61f2fc1198b5a5e553d03320b6c16d350cca4ac603e02103be6
377,9.734315596450427,0.004857423482628762,0xe121cb63c3f6e80eb2600532d43ebbad54ddb61a,2017-10-28T01:08:53.000Z,0.0004989999999999999,0x7301e48891b4cf4af3d47be42f75b7d7d5317158,sell,0xef68e7c694f40c8202821edf525de3782458639f,0x64d05d480f589a6821bf8ce23da5d67d72d0b03045ba9add7b17b7202b76fe3b
378,4.586,0.00224714,0x8793d91b97207e8fd52cc982e7de1c0cf1800b16,2017-10-27T23:47:48.000Z,0.00049,0xebfbe456544ad234afcae0c62e602d5eb343dcc0,buy,0xef68e7c694f40c8202821edf525de3782458639f,0x0a0193e1d4be4f6ed79bc92f0a0123d18c3dacc172e556a679a2e546443e841d
379,391.3867012262084,0.18129032000797973,0x339a48e41d24d51a7ad329bf0c49c5ab285ca550,2017-10-27T22:58:33.000Z,0.0004632,0x21726b053e30f5d8697e6e513cc1381e3573fda2,sell,0xef68e7c694f40c8202821edf525de3782458639f,0x677dc28defa17e134e3069be63b82f4fc74f57caecc92a5ab5ce2f071cc1f785
380,0.000000096693734681,0.000000000044769199,0x339a48e41d24d51a7ad329bf0c49c5ab285ca550,2017-10-27T22:46:47.000Z,0.00046299999837318313,0x21726b053e30f5d8697e6e513cc1381e3573fda2,sell,0xef68e7c694f40c8202821edf525de3782458639f,0xe730ed67461badc49dd2d8f2d8a2d16448c35c03d9ebbca70e3f064af3be8d1f
381,0.000969934852577205,0.000000449177800163,0x7301e48891b4cf4af3d47be42f75b7d7d5317158,2017-10-27T22:45:52.000Z,0.0004631009999996327,0x21726b053e30f5d8697e6e513cc1381e3573fda2,sell,0xef68e7c694f40c8202821edf525de3782458639f,0x5dd4ccfb6fd7efa6ee0d645a6f1071ed47b28994608d0e7835259a2dd072b36f
382,9.729416506201945,0.004505702513438626,0x7301e48891b4cf4af3d47be42f75b7d7d5317158,2017-10-27T22:43:45.000Z,0.0004631009999999999,0x21726b053e30f5d8697e6e513cc1381e3573fda2,sell,0xef68e7c694f40c8202821edf525de3782458639f,0x4a5cce10cd2f12e049455cf44451bb96152dea23feba4c669c0ffbaa778206c4
