,amount,amountBase,buyer,date,price,seller,side,tokenAddr,txHash
0,2.26349837254467,0.0005,0x4fda9e6bcd83af6c5cc771b5d20accc2b7720074,2017-11-02T11:04:12.000Z,0.000220897,0xc95f7e885b0056454d996a54b6e8bd0e4f36468b,buy,0x17fd666fa0784885fa1afec8ac624d9b7e72b752,0x4f724fcb14a03dc6fb299047a316502301e55617d0dbe71839cc991b0b0222e2
1,2.5,0.0005,0x3075f7f189912f4f425dd7021b9c396434197477,2017-11-02T10:48:22.000Z,0.0002,0x949ff303605d3404999997ee76a1ac8772bce2ad,buy,0x17fd666fa0784885fa1afec8ac624d9b7e72b752,0xfc670fd06b13ed08dc623b74d655955da27e33a5216bff99c5aa3a7c203f4705
2,796.5047204253267,0.1035464101600129,0xa454f1e6f53db97f2978327adffc713bac200aab,2017-11-02T02:05:45.000Z,0.00013000099999999998,0x074eb01c33023ac13034b0bdea31d67fb71d414e,sell,0x17fd666fa0784885fa1afec8ac624d9b7e72b752,0x1514ab01c5f278d20ff447f9b120d84463c50a051157cbe0c9d9bc898ec7edfa
3,520,0.078,0x17cb55610221329f65df76ce1b4c654872cc0912,2017-11-02T02:04:49.000Z,0.00015,0x074eb01c33023ac13034b0bdea31d67fb71d414e,sell,0x17fd666fa0784885fa1afec8ac624d9b7e72b752,0x719c90d311a0f93fc151cd5e54e515e6f6a212e90532272842f04735e59b9635
4,1064,0.2128,0xbecb5392e479cfff098ba1df93c3c4cd3de8ad1a,2017-11-01T20:32:19.000Z,0.0002,0xe00349367b5a927b656f2919bc50b70511dfd103,buy,0x17fd666fa0784885fa1afec8ac624d9b7e72b752,0xf1add868c6907ef94b1d6ab9bd90b8de39bcf3eb8cb036621fc14fdc4f4368e5
5,553,0.10507,0xbecb5392e479cfff098ba1df93c3c4cd3de8ad1a,2017-11-01T20:29:14.000Z,0.00019,0xc3e709a81e14003133e94ac593c58c9e540d13ef,buy,0x17fd666fa0784885fa1afec8ac624d9b7e72b752,0xb30754b9c2a0ef096bfd316a3fedceefde91c6d2a1f634d3fd72155554468326
6,2000,0.36,0xbecb5392e479cfff098ba1df93c3c4cd3de8ad1a,2017-11-01T20:28:39.000Z,0.00018,0x78a4cc57929c751652270ebad9970f5b84a2f884,buy,0x17fd666fa0784885fa1afec8ac624d9b7e72b752,0x03114845ad62f6b43b7b2923d87fe96de33de64e8b54c6d797a8c5a22c7c09a2
7,49.86595173923045,0.006376907774364529,0xb49fda420b9ce7334c6446af26f06225cbecb401,2017-11-01T17:56:22.000Z,0.000127881,0xe920fcc74c52fbab9dd937121e84dd7f00435016,sell,0x17fd666fa0784885fa1afec8ac624d9b7e72b752,0xf6f8aec9c31dddc87397ada1d1f781fc544ee889264d54c492168a968761c5c8
8,1,0.00029,0xf9cec3f005f86db7813c4d6b8f18c1e0862c9e36,2017-11-01T17:04:59.000Z,0.00029,0x8909e1a4f31fc2214ea6c4a917268b833b00c000,buy,0x17fd666fa0784885fa1afec8ac624d9b7e72b752,0x9782f6deabfa1ed4da79fe4347469483954006df875045acc3ebcbc7f04003c8
9,5,0.000925,0xb6a8c5331b234818bdfd542e7974372d2dd293f2,2017-11-01T13:56:34.000Z,0.000185,0xf9cec3f005f86db7813c4d6b8f18c1e0862c9e36,buy,0x17fd666fa0784885fa1afec8ac624d9b7e72b752,0x57d1a8c9565e0d222435adb0fbbeeec9bdb7c73ffab4aab2bc3298dca9f728c9
10,69.78367062107466,0.008862595952547103,0xb49fda420b9ce7334c6446af26f06225cbecb401,2017-11-01T12:36:21.000Z,0.00012700099999999999,0x72dc5cf98ad3f57a368f3d391c6b6a690bbe7815,sell,0x17fd666fa0784885fa1afec8ac624d9b7e72b752,0xdbce16ae1efc67c43707af5d6fb4d0c2e285cae70fd8851e9809281ed12bb3a0
11,70,0.014,0x72dc5cf98ad3f57a368f3d391c6b6a690bbe7815,2017-11-01T12:35:03.000Z,0.0002,0x25621541ae541f170aeeb4c507f3cc7cbf4c1a73,buy,0x17fd666fa0784885fa1afec8ac624d9b7e72b752,0x01207c992e24c2c2a22af6b8a410fcd8bff03a8f577f883e7e2eaa47c4a54b8f
12,0.28599177362947,0.000052908478121452,0xf9cec3f005f86db7813c4d6b8f18c1e0862c9e36,2017-11-01T12:04:27.000Z,0.00018500000000000016,0xf9cec3f005f86db7813c4d6b8f18c1e0862c9e36,buy,0x17fd666fa0784885fa1afec8ac624d9b7e72b752,0xf37edbaeddad44b11a7696f25e60af8286e694178e28df963c39f61eadc0739d
13,749,0.11235,0x7b1f1661e9788eabf2ca8f0694507988dcba3638,2017-11-01T10:38:05.000Z,0.00015,0x13b34604ccc38b5d4b058dd6661c5ec3b13ef045,buy,0x17fd666fa0784885fa1afec8ac624d9b7e72b752,0xdfbc2af0e9723f6b89002f831b67fc8af045d611a286ad471d89e35f42592bcb
14,480,0.09264,0x508e4a96dab9bd044d0bb654d623c4ef663dfc35,2017-11-01T01:22:56.000Z,0.000193,0x6c740de60199b0634e9fc683dcba6061abc1ddd6,buy,0x17fd666fa0784885fa1afec8ac624d9b7e72b752,0x089e6d2dafb53a244ead91ad8b4641bc6c94bb9d4769969c6f8540196d27213c
15,74.775,0.012786525,0x508e4a96dab9bd044d0bb654d623c4ef663dfc35,2017-11-01T01:22:56.000Z,0.000171,0x56661e238d6784951f00c036a3a1224dcadd6840,buy,0x17fd666fa0784885fa1afec8ac624d9b7e72b752,0x58246d6a58f085964eb7a24b8e3b5ca191d72b5e08c6c5b33bfb15cad63b7568
16,66.241,0.012718272,0x508e4a96dab9bd044d0bb654d623c4ef663dfc35,2017-11-01T01:22:56.000Z,0.000192,0x3eab84f29252d0a4efda33b34419bbdc24ab4ca4,buy,0x17fd666fa0784885fa1afec8ac624d9b7e72b752,0x3776589fabfaada7b3061043c6c7b89cdef2e4d398965967f0d13b97255452aa
17,972.695,0.2334468,0x508e4a96dab9bd044d0bb654d623c4ef663dfc35,2017-11-01T01:22:56.000Z,0.00024,0x3c0e781116e7ebcfcee0955f314bdac09bf1813d,buy,0x17fd666fa0784885fa1afec8ac624d9b7e72b752,0x0de4b3bee2b5d51ec022b05a2bd0852550ff42044080a7feea36ee6e368e34b5
18,254.432,0.04325344,0x508e4a96dab9bd044d0bb654d623c4ef663dfc35,2017-11-01T01:22:46.000Z,0.00017,0x3ee0c766d2f02ddf091413781b83d82ebb126dd5,buy,0x17fd666fa0784885fa1afec8ac624d9b7e72b752,0xbc0dee195aac13d5705d172932bcaf7062a3956a97361983ce759ee8088712ec
19,520,0.10036,0x87eb8e079ded802c2ee2b34af5641884ae5aec05,2017-11-01T00:54:35.000Z,0.000193,0x6c740de60199b0634e9fc683dcba6061abc1ddd6,buy,0x17fd666fa0784885fa1afec8ac624d9b7e72b752,0xf6d49763cb93775da9c4d0122f96d85bb6a5bb1bb9a8eae489744f94c0d03897
20,0.00017376414962,0.000000029539905437,0x60d0f048681d29a96694bbf8e74d856dbdcedff7,2017-11-01T00:33:02.000Z,0.00017000000000920787,0x3ee0c766d2f02ddf091413781b83d82ebb126dd5,buy,0x17fd666fa0784885fa1afec8ac624d9b7e72b752,0xa4e386904c81ad57ed524efa457f92445b4a7c6c131e3fcdcbf05c93aaf37528
21,4000,0.66,0x66a4e99923ff534c41936d0b28a13980b0a942f0,2017-10-31T23:03:49.000Z,0.000165,0x3ee0c766d2f02ddf091413781b83d82ebb126dd5,buy,0x17fd666fa0784885fa1afec8ac624d9b7e72b752,0xfa148f4f2f36ee935ddabbc8e633204db45d7a7fed274e30a770e79b70ae2dc2
22,3960,0.65339604,0x66a4e99923ff534c41936d0b28a13980b0a942f0,2017-10-31T23:02:34.000Z,0.000164999,0xb49fda420b9ce7334c6446af26f06225cbecb401,buy,0x17fd666fa0784885fa1afec8ac624d9b7e72b752,0xb345290f1a8a59ad58843da60c6f0cfb578220bb51008d0180a05ebce1e19df2
23,193.2536519772901,0.025702735712979582,0xdd45b996c47bb6852e2f37ff83b5ebc3dc55febb,2017-10-31T19:10:19.000Z,0.00013299999999999998,0x97b59f5bce40d93bcb8b95e61d51bafbcae6e990,sell,0x17fd666fa0784885fa1afec8ac624d9b7e72b752,0xfce9b296a57236e71f105d81d7c563890e6275d42b902e7152cfc88bd92156e6
24,3728.382,0.52201076382,0xbe46dbbc1e3dafd0cbda9f40f0839d7aa4e8d659,2017-10-31T16:36:43.000Z,0.00014001,0x3ee0c766d2f02ddf091413781b83d82ebb126dd5,sell,0x17fd666fa0784885fa1afec8ac624d9b7e72b752,0xbec40613492a8e3a70e890b095b5dbf6cd6e5c7eeb8f3224fea363456678c1dd
25,2000,0.282,0x78a4cc57929c751652270ebad9970f5b84a2f884,2017-10-31T16:16:28.000Z,0.000141,0x3ee0c766d2f02ddf091413781b83d82ebb126dd5,sell,0x17fd666fa0784885fa1afec8ac624d9b7e72b752,0xdf53e72cc3a6c55b6cbf599ab7b465658590e051c2387731dd91705046283a18
26,226,0.03842,0x91154148d0a1f58041526448857f5edd0d4331cd,2017-10-31T14:02:01.000Z,0.00017,0x5e87b43f8077f53fe5fb998a97ffacd299267323,buy,0x17fd666fa0784885fa1afec8ac624d9b7e72b752,0xab4db761703cb5ee49c6d5effc4b0fd7f1be1c366685577f4f03e2bc22fd8e41
27,898.421157201605,0.15452843903867605,0x91154148d0a1f58041526448857f5edd0d4331cd,2017-10-31T13:52:30.000Z,0.000172,0x5e87b43f8077f53fe5fb998a97ffacd299267323,buy,0x17fd666fa0784885fa1afec8ac624d9b7e72b752,0x0f45cd1feb5eb2774ddd5005af7db0529bc81aac43818aaefb53515272d0c601
28,0.00000004609483,0.000000000006453276,0x8909e1a4f31fc2214ea6c4a917268b833b00c000,2017-10-31T11:25:51.000Z,0.0001399999956611186,0x7616bb991081160eb20ff62ba47da6e54f5c8728,sell,0x17fd666fa0784885fa1afec8ac624d9b7e72b752,0x6af3320b52fe5a4f5c8f4eed3e123d4b26ddab0d4c620f70c94332cfce041fe8
29,2891.034542861729,0.40474483600064204,0x8909e1a4f31fc2214ea6c4a917268b833b00c000,2017-10-31T11:17:48.000Z,0.00014,0x7b1f1661e9788eabf2ca8f0694507988dcba3638,sell,0x17fd666fa0784885fa1afec8ac624d9b7e72b752,0xbb5e57f753e836a56c71fa2c7e421919ba7c4de02b17161f42005af2d32164ff
30,1088.0457242679195,0.13056548691215034,0xdd45b996c47bb6852e2f37ff83b5ebc3dc55febb,2017-10-31T08:44:09.000Z,0.00011999999999999999,0xf128f48aa68012e2010a1731c068c9af933f6832,sell,0x17fd666fa0784885fa1afec8ac624d9b7e72b752,0x7669c90033cc07f81dedd8d4664cdddb868b946a993ca75fd547e949177a780f
31,300,0.051,0x67d2bf1c8ce48498cf5233673f4aefed251414c2,2017-10-31T07:52:20.000Z,0.00017,0x5e87b43f8077f53fe5fb998a97ffacd299267323,buy,0x17fd666fa0784885fa1afec8ac624d9b7e72b752,0xb7a58b55bda046c03abfd806d55d358bb96d9b6fb241404f278a43f8213a10cf
32,123,0.013653,0x3eab84f29252d0a4efda33b34419bbdc24ab4ca4,2017-10-31T06:52:24.000Z,0.000111,0x2f09c25884b78b62491e635daad372d987c5343b,sell,0x17fd666fa0784885fa1afec8ac624d9b7e72b752,0x78e750c8b2d1fc0c2bb9ef6c06cc374bbc87f0c74b21066f881277b57e3c74ec
33,245,0.047528775,0xccc1d5043a4bac46bc4f8deeca7473ef2cb48f18,2017-10-31T00:46:14.000Z,0.000193995,0xc95f7e885b0056454d996a54b6e8bd0e4f36468b,buy,0x17fd666fa0784885fa1afec8ac624d9b7e72b752,0x517226456acd370b41ed61b976ae3774331717b9d08f1b2bbddda8d4570a9337
34,459,0.089045082,0xccc1d5043a4bac46bc4f8deeca7473ef2cb48f18,2017-10-31T00:46:00.000Z,0.000193998,0xc95f7e885b0056454d996a54b6e8bd0e4f36468b,buy,0x17fd666fa0784885fa1afec8ac624d9b7e72b752,0x4f2f3253d11e52086e7c9fbcb136068e4ccef25a5521b959deb55d6787569ba3
35,140,0.02589972,0xccc1d5043a4bac46bc4f8deeca7473ef2cb48f18,2017-10-31T00:44:21.000Z,0.000184998,0xc95f7e885b0056454d996a54b6e8bd0e4f36468b,buy,0x17fd666fa0784885fa1afec8ac624d9b7e72b752,0xfefb0c8e9a2b710c6f15723c0a3f85c623c409a9a2d264d66dd560a2d7289482
36,240,0.03839952,0x13b34604ccc38b5d4b058dd6661c5ec3b13ef045,2017-10-31T00:29:06.000Z,0.000159998,0xc95f7e885b0056454d996a54b6e8bd0e4f36468b,buy,0x17fd666fa0784885fa1afec8ac624d9b7e72b752,0x26fc102320809074cc7c65314678aa68116ddb2faae3435df8bdc185a584003d
37,0.007,0.000000714007,0x56661e238d6784951f00c036a3a1224dcadd6840,2017-10-30T18:59:49.000Z,0.000102001,0x802e60c29bdf12e1ac86ae7b2e190faaef0fbba0,sell,0x17fd666fa0784885fa1afec8ac624d9b7e72b752,0xb1999a6d539afb21de308b2ffe57d447bcb65835e2c649a3c9d9401f8d09862c
38,74.76821852258,0.007626433057521682,0x56661e238d6784951f00c036a3a1224dcadd6840,2017-10-30T18:56:16.000Z,0.00010200099999999999,0x802e60c29bdf12e1ac86ae7b2e190faaef0fbba0,sell,0x17fd666fa0784885fa1afec8ac624d9b7e72b752,0xbdceb26cf7b155cb82f6a01c87a4a4b8a2866a6321d39071415ab8cf4be2a0fc
39,642,0.10272,0x41f02a16d182039eb37ee57f50c59f9c6911dab9,2017-10-30T18:45:47.000Z,0.00016,0x8bf7c4de9e17204228d4110e0995751c7d253642,buy,0x17fd666fa0784885fa1afec8ac624d9b7e72b752,0xe221d5d0ea21b3f64087e69d3b718304ab6a59f19672ab8a8d0af2954ff9c97d
40,1500.792,0.237125136,0x41f02a16d182039eb37ee57f50c59f9c6911dab9,2017-10-30T18:45:47.000Z,0.000158,0x0a8c7ab5df53d9a91298ce1b43eaebf497d2a288,buy,0x17fd666fa0784885fa1afec8ac624d9b7e72b752,0xaa410a90d35709fa65fc072c028558d966f35aef1b362f8617683f82655059fd
41,10,0.00100001,0x0b2de009825eac9a347868b44349aa32e91ef81f,2017-10-30T13:41:13.000Z,0.000100001,0x1679ab90cd9031eb594c07ec479640987ec5fa31,sell,0x17fd666fa0784885fa1afec8ac624d9b7e72b752,0x13f78afb3dfb1719b0b011cf45b5dd5584de8ecd6c52773c3720eea25954a12c
42,509,0.07635,0x13b34604ccc38b5d4b058dd6661c5ec3b13ef045,2017-10-30T13:04:37.000Z,0.00015,0x2f09c25884b78b62491e635daad372d987c5343b,buy,0x17fd666fa0784885fa1afec8ac624d9b7e72b752,0xbb6312a83e3636a896ca8c157096c1c2d64a36dcfbfaddb6401e8548e98eb8b3
43,2030.7573552767603,0.26399845618597884,0x66a4e99923ff534c41936d0b28a13980b0a942f0,2017-10-30T08:16:11.000Z,0.00013,0x74e11bbe2fa8b1686c859ff23a869e392404e3c9,sell,0x17fd666fa0784885fa1afec8ac624d9b7e72b752,0x7a9c773334f24e3794342e27b451096355c66c11d8b06f4f6c031566872e1882
44,9967.499446003312,1.2957749279804305,0x66a4e99923ff534c41936d0b28a13980b0a942f0,2017-10-30T07:51:58.000Z,0.00013,0x7b1f1661e9788eabf2ca8f0694507988dcba3638,sell,0x17fd666fa0784885fa1afec8ac624d9b7e72b752,0x1fe1382c249140cd16adf0c22c59c553150257fe7b5c41d70d68184dcf61b3fb
45,2255.3401500516147,0.304470920256968,0xe8f0cc52b0d087e4eaabe1de8c0bc01f83918ea9,2017-10-30T07:48:24.000Z,0.000135,0x5e87b43f8077f53fe5fb998a97ffacd299267323,sell,0x17fd666fa0784885fa1afec8ac624d9b7e72b752,0x9d7e7356eb46125fee5c0cb3d33127b3219f7b6b074aafebb32c3ecb0dac10dc
46,633.0375834911773,0.08546007377130894,0xe8f0cc52b0d087e4eaabe1de8c0bc01f83918ea9,2017-10-30T07:24:07.000Z,0.000135,0xf84bfa23c2ab766c47056011b26e2d12ade5c754,sell,0x17fd666fa0784885fa1afec8ac624d9b7e72b752,0x2f6fa75555af3200557138b787d012f03cc692a92e01486936610f14b83e66ea
47,3986.9428592179047,0.5382372859944171,0xe8f0cc52b0d087e4eaabe1de8c0bc01f83918ea9,2017-10-30T07:15:56.000Z,0.000135,0x7b1f1661e9788eabf2ca8f0694507988dcba3638,sell,0x17fd666fa0784885fa1afec8ac624d9b7e72b752,0x410a272f2c714c5696f40894d0085eec248a1973a617ec6848cc5a1135c47d2d
48,12111.93,1.63511055,0xe8f0cc52b0d087e4eaabe1de8c0bc01f83918ea9,2017-10-30T06:58:32.000Z,0.000135,0xb4ace0b3f4de9f59f0987bf9ce21f7d059d80425,sell,0x17fd666fa0784885fa1afec8ac624d9b7e72b752,0xc62af159eb8958a1e988d94932d19b7f99689ef07d49b6d45c6ec2e81e2f3589
49,9732,1.31382,0xe8f0cc52b0d087e4eaabe1de8c0bc01f83918ea9,2017-10-30T06:55:37.000Z,0.000135,0xb4ace0b3f4de9f59f0987bf9ce21f7d059d80425,sell,0x17fd666fa0784885fa1afec8ac624d9b7e72b752,0x1ada4b3cabca5b16cac8e865af0e090de9bf4f6f1f3d22e34e4495cae8eaf04a
50,33.6669704270436,0.004578707978077929,0x3eab84f29252d0a4efda33b34419bbdc24ab4ca4,2017-10-30T06:52:30.000Z,0.00013599999999999997,0xb4ace0b3f4de9f59f0987bf9ce21f7d059d80425,sell,0x17fd666fa0784885fa1afec8ac624d9b7e72b752,0x1364baf5e9f7051cac7fe02b7c85c8ca9601e5804b5c91eff2aac149ca4ff1b0
51,963.679,0.15418864,0x60d0f048681d29a96694bbf8e74d856dbdcedff7,2017-10-30T06:40:17.000Z,0.00016,0xb4ace0b3f4de9f59f0987bf9ce21f7d059d80425,sell,0x17fd666fa0784885fa1afec8ac624d9b7e72b752,0x3efb8e1596c45764b18f7b898c62334ab452e0b3c535c84a9a4bd4b786a2b263
52,3023.8208148032554,0.48381133036852086,0x60d0f048681d29a96694bbf8e74d856dbdcedff7,2017-10-30T06:38:23.000Z,0.00016,0x7b1f1661e9788eabf2ca8f0694507988dcba3638,sell,0x17fd666fa0784885fa1afec8ac624d9b7e72b752,0x3f480ba138d3ef782acbac9a242a4654ab7a267418beb45ae22ec59884e11003
53,0.09171462524991,0.000012473189033987,0x3eab84f29252d0a4efda33b34419bbdc24ab4ca4,2017-10-30T06:05:09.000Z,0.0001359999999999917,0xa9d28feb8344a9f3ce80ac2e676f85a0f97af091,sell,0x17fd666fa0784885fa1afec8ac624d9b7e72b752,0xcc9b843f94e8fcda790a83f6b39baa9592ab2df34d5b06d2a179f25c5248fef6
54,919.9894058817665,0.12419856979403848,0xe8f0cc52b0d087e4eaabe1de8c0bc01f83918ea9,2017-10-30T05:58:21.000Z,0.000135,0xa9d28feb8344a9f3ce80ac2e676f85a0f97af091,sell,0x17fd666fa0784885fa1afec8ac624d9b7e72b752,0x873a71996e99d18f83edaf344f6c69591ecbbb01aa0706cfa0117e8ec2c2ec57
55,66.24131494770648,0.009008818832888081,0x3eab84f29252d0a4efda33b34419bbdc24ab4ca4,2017-10-30T04:51:55.000Z,0.000136,0x43e5d9274c411ad7303d1a1ec58781e177be9173,sell,0x17fd666fa0784885fa1afec8ac624d9b7e72b752,0xf2df494ca1c2d3c36526583b3f6dc21a12a10db269e21e2b00394d2e5e8367aa
56,67.82984743365465,0.009496178640711651,0x8909e1a4f31fc2214ea6c4a917268b833b00c000,2017-10-30T04:47:20.000Z,0.00014,0x43e5d9274c411ad7303d1a1ec58781e177be9173,sell,0x17fd666fa0784885fa1afec8ac624d9b7e72b752,0x1fd2962e6e06ccca34a10549b3c0bc73d4075882cbdbb4a44024e8c02eb369ba
57,11946.593291454306,1.6127900943463314,0xe8f0cc52b0d087e4eaabe1de8c0bc01f83918ea9,2017-10-30T04:46:16.000Z,0.000135,0x7b1f1661e9788eabf2ca8f0694507988dcba3638,sell,0x17fd666fa0784885fa1afec8ac624d9b7e72b752,0x8befd8cf1c7fd5cc55bbbe8058ef6b3c8afd0b50c0f89f2755ac3f9eb834cb83
58,8597.30657814851,1.1606363880500488,0xe8f0cc52b0d087e4eaabe1de8c0bc01f83918ea9,2017-10-30T04:28:02.000Z,0.000135,0x7b1f1661e9788eabf2ca8f0694507988dcba3638,sell,0x17fd666fa0784885fa1afec8ac624d9b7e72b752,0x4db753d790f4d5908f3b0b43a1eec5818e76d33ee3fd1625465decb2c050b24c
59,186.618,0.02612838618,0xbe46dbbc1e3dafd0cbda9f40f0839d7aa4e8d659,2017-10-30T04:25:27.000Z,0.00014001,0x7b1f1661e9788eabf2ca8f0694507988dcba3638,sell,0x17fd666fa0784885fa1afec8ac624d9b7e72b752,0xfc4e8051201e54e973b05981c3c7a18b1d89abc0a9f0c2f8744c97920fe38f6d
60,4446.888,0.62260878888,0x3ee0c766d2f02ddf091413781b83d82ebb126dd5,2017-10-30T04:25:18.000Z,0.00014001,0x7b1f1661e9788eabf2ca8f0694507988dcba3638,sell,0x17fd666fa0784885fa1afec8ac624d9b7e72b752,0x8d7c5ba3f4f2f440d92edf722ebe0ecb5c5b5f40f8145785cbf2b7cc867ca113
61,2.52525252525252,0.0005,0xf9695cd65d6dfdf257fab76a3eb0cb8f001971cc,2017-10-30T02:51:44.000Z,0.00019800000000000042,0x5e87b43f8077f53fe5fb998a97ffacd299267323,buy,0x17fd666fa0784885fa1afec8ac624d9b7e72b752,0x2ec7c7a5f1a90dde963edd59187c9a2f0439cce01bc213530ada5b4946d55b6f
62,2.922555616,0.00040918701179616,0x3ee0c766d2f02ddf091413781b83d82ebb126dd5,2017-10-30T02:25:32.000Z,0.00014001,0x16e5d97bbc92417e051e3b2cabfbf8ceea2acb9c,sell,0x17fd666fa0784885fa1afec8ac624d9b7e72b752,0x1ce61f75426f0d49e53d4422d55145e713942b812401bcf93c43e2a01d5321df
63,3.068329576,0.00042959682393576,0x3ee0c766d2f02ddf091413781b83d82ebb126dd5,2017-10-30T02:24:35.000Z,0.00014001,0x379374d13077e8867ef31803c37baf9785a17c00,sell,0x17fd666fa0784885fa1afec8ac624d9b7e72b752,0x4ca7feb3097ccbfc037d73095beae955b4e04827c0dcea22f774991cd21793b4
64,0.78659497392989,0.000110131162299923,0x3ee0c766d2f02ddf091413781b83d82ebb126dd5,2017-10-30T01:54:36.000Z,0.00014000999999999884,0xff3f8d703bbfca2bd2be9eb2ba182f071b84f975,sell,0x17fd666fa0784885fa1afec8ac624d9b7e72b752,0xe0db689597d285ea9ee3af6f1e0695f342826ebb22dda49c6e943bed9aac0856
65,7890.3341834907515,1.1047256890305401,0x3ee0c766d2f02ddf091413781b83d82ebb126dd5,2017-10-30T01:34:22.000Z,0.00014000999999999998,0xff3f8d703bbfca2bd2be9eb2ba182f071b84f975,sell,0x17fd666fa0784885fa1afec8ac624d9b7e72b752,0x41608c4859d436b6379b1bf1b01dd78972fb79593d9a5d63f1f9032c41c97656
66,7890.3341834907515,1.1047256890305401,0x3ee0c766d2f02ddf091413781b83d82ebb126dd5,2017-10-30T01:33:39.000Z,0.00014000999999999998,0xff3f8d703bbfca2bd2be9eb2ba182f071b84f975,sell,0x17fd666fa0784885fa1afec8ac624d9b7e72b752,0x41608c4859d436b6379b1bf1b01dd78972fb79593d9a5d63f1f9032c41c97656
67,195,0.02925,0x5e87b43f8077f53fe5fb998a97ffacd299267323,2017-10-30T01:32:19.000Z,0.00015,0xff3f8d703bbfca2bd2be9eb2ba182f071b84f975,sell,0x17fd666fa0784885fa1afec8ac624d9b7e72b752,0x8c155e3a45fe1eae109e8965c7a7753bd0c3d14958bdc378f1e9f0026cb80355
68,440,0.0704,0x0711b2ab51308ac8c5aa97bf446e98c2fdee911a,2017-10-30T01:22:01.000Z,0.00016,0xff3f8d703bbfca2bd2be9eb2ba182f071b84f975,sell,0x17fd666fa0784885fa1afec8ac624d9b7e72b752,0x8d2875feee7b0f3cac6cfd409d3e99f1a53ff2ed5fb2677e3014b0882c5298ad
69,2875.049,0.46000784,0x29d1b85e1b5263ad7ccb21ce7e3cc518cedb61aa,2017-10-30T01:18:08.000Z,0.00016,0xff3f8d703bbfca2bd2be9eb2ba182f071b84f975,sell,0x17fd666fa0784885fa1afec8ac624d9b7e72b752,0x6667f6d983510d7552db69e064c147f033af962e014682e8adc52fe189a6c875
70,4627.030781183509,0.7403249249893614,0x29d1b85e1b5263ad7ccb21ce7e3cc518cedb61aa,2017-10-30T00:40:09.000Z,0.00015999999999999999,0x74e11bbe2fa8b1686c859ff23a869e392404e3c9,sell,0x17fd666fa0784885fa1afec8ac624d9b7e72b752,0x7a38a345036283a1767aae18da39e1ad0fa0baf2c373832e47e582511366dd72
71,0.2550039220029,0.000040800627520464,0x29d1b85e1b5263ad7ccb21ce7e3cc518cedb61aa,2017-10-30T00:24:16.000Z,0.00016,0xb50f0eb6e3c9169f987c1422fb844b5c7020c1fe,sell,0x17fd666fa0784885fa1afec8ac624d9b7e72b752,0x1749937f0a9807b1b147c2fa55cf53f476b2839fa8105d8baa8a31ba7737c02b
72,497.66516960771526,0.07962642713723445,0x29d1b85e1b5263ad7ccb21ce7e3cc518cedb61aa,2017-10-29T20:36:15.000Z,0.00016,0x9d0f536dc95cde0486a8708e1af01a6e4a60e9b2,sell,0x17fd666fa0784885fa1afec8ac624d9b7e72b752,0xefda1a314d9b65de01f4caf67b4c68836f4399a47c6b6a75896f8a2b6c768ee3
73,99.73078228983589,0.019946156457967178,0x9d0f536dc95cde0486a8708e1af01a6e4a60e9b2,2017-10-29T20:22:40.000Z,0.0002,0x0a8c7ab5df53d9a91298ce1b43eaebf497d2a288,buy,0x17fd666fa0784885fa1afec8ac624d9b7e72b752,0xee5853cdf9352b7a03cc3b9aae49717af6a895be182073c29d5f1df00ce124b3
74,399.4771493436633,0.07989542986873266,0x9d0f536dc95cde0486a8708e1af01a6e4a60e9b2,2017-10-29T20:18:23.000Z,0.0002,0x0a8c7ab5df53d9a91298ce1b43eaebf497d2a288,buy,0x17fd666fa0784885fa1afec8ac624d9b7e72b752,0x050b6b00dd37fd32d4c98f4cab9ce1e42ba3b44fcd056a54bf261af533e381fa
75,75,0.015,0x802e60c29bdf12e1ac86ae7b2e190faaef0fbba0,2017-10-29T19:56:41.000Z,0.0002,0x508e4a96dab9bd044d0bb654d623c4ef663dfc35,sell,0x17fd666fa0784885fa1afec8ac624d9b7e72b752,0x68617310743f2f1730f8211bb0a8d108b885109ae12d3d91e8eb2b6df8116f8d
76,58.91735619579304,0.00824960821453494,0x74e11bbe2fa8b1686c859ff23a869e392404e3c9,2017-10-29T18:03:24.000Z,0.00014001999999999998,0xbfb7819128f8256df9ad57e44337d988a860f92b,sell,0x17fd666fa0784885fa1afec8ac624d9b7e72b752,0x24f17d00d244cfa949d41b577c036a358ea6522b3e6abde2237ba2b99d5b3743
77,42.86559809700447,0.007887698705829792,0x508e4a96dab9bd044d0bb654d623c4ef663dfc35,2017-10-29T17:36:32.000Z,0.00018400999999999997,0x5e87b43f8077f53fe5fb998a97ffacd299267323,sell,0x17fd666fa0784885fa1afec8ac624d9b7e72b752,0x422d30a8ecf0a9bd3c7624fc333e008352052874e37d755958518c9a602b94ac
78,2425.7076830097258,0.4633344245316877,0x508e4a96dab9bd044d0bb654d623c4ef663dfc35,2017-10-29T16:41:36.000Z,0.00019101,0x74e11bbe2fa8b1686c859ff23a869e392404e3c9,sell,0x17fd666fa0784885fa1afec8ac624d9b7e72b752,0x641de2af1bbd54a536fc6d3b56102c5f6f02e3e573a9d1f581572824fd450a09
79,0.8374076952716,0.000159953243873828,0x508e4a96dab9bd044d0bb654d623c4ef663dfc35,2017-10-29T16:30:18.000Z,0.00019100999999999962,0x7b1f1661e9788eabf2ca8f0694507988dcba3638,sell,0x17fd666fa0784885fa1afec8ac624d9b7e72b752,0x57a65758544db9c3cbdb81cf1f4195be30e5876fad1e94c66d8b01c2be91a203
80,11440.798524573822,2.1853069261788454,0x508e4a96dab9bd044d0bb654d623c4ef663dfc35,2017-10-29T14:54:50.000Z,0.00019101,0x9f14a821f23039266839233cd27d09e1eba9b83c,sell,0x17fd666fa0784885fa1afec8ac624d9b7e72b752,0xefa3cad05a66a28dca69b6ae874a1bc832f9d2ebe984d6995c9b310b1a433365
81,397.7669225401256,0.07597745987438939,0x508e4a96dab9bd044d0bb654d623c4ef663dfc35,2017-10-29T14:40:28.000Z,0.00019101,0x97c5c53f8acac416f87a884f6f923ae063ebaacd,sell,0x17fd666fa0784885fa1afec8ac624d9b7e72b752,0xc66b490a90ab52bbfc2f80951bc0275704ccc7ccfe75077d103d585dd64fb773
82,5695.264681397929,1.0878525067938185,0x508e4a96dab9bd044d0bb654d623c4ef663dfc35,2017-10-29T14:20:42.000Z,0.00019101,0x74e11bbe2fa8b1686c859ff23a869e392404e3c9,sell,0x17fd666fa0784885fa1afec8ac624d9b7e72b752,0x5956c595409b74d390944e186eb433301d5b9c75919881c4298dc879877fc345
83,8466.278576071067,1.3546045721713706,0xe8f0cc52b0d087e4eaabe1de8c0bc01f83918ea9,2017-10-29T11:09:02.000Z,0.00015999999999999999,0x3bf6e8e9759fe42f1f1a43a2d30fad255dec01fe,sell,0x17fd666fa0784885fa1afec8ac624d9b7e72b752,0x83c19a42c8967820d18eb36862f35ef4fd7c0fe9d8b2aad524082bbcfd64c95d
84,100,0.0216,0x6be3e59768323ee13dc46d83a3ced62aa939e41c,2017-10-29T08:19:10.000Z,0.000216,0x5e87b43f8077f53fe5fb998a97ffacd299267323,buy,0x17fd666fa0784885fa1afec8ac624d9b7e72b752,0xbea4efb2ca4ccda9d9e49c297c854c7bbc66532b0b70b1cc561e6687f23472d4
85,481.115,0.09382223615,0x8909e1a4f31fc2214ea6c4a917268b833b00c000,2017-10-29T02:45:54.000Z,0.00019501,0x726a858c46e3477b4479b12f04bd3fc4e463e954,sell,0x17fd666fa0784885fa1afec8ac624d9b7e72b752,0x1e30e568de06bdaf1807bf22b84404414d4cd60d1a22711eef33956d2c012a93
86,1398.0051957281503,0.22368083131650407,0xe8f0cc52b0d087e4eaabe1de8c0bc01f83918ea9,2017-10-29T02:39:35.000Z,0.00015999999999999999,0xff3f8d703bbfca2bd2be9eb2ba182f071b84f975,sell,0x17fd666fa0784885fa1afec8ac624d9b7e72b752,0x8929bdb6bd4693bda94fe5c070e9dd74fbf0ab2113f3824545a84cea8b5a2f94
87,39.62478078312666,0.007568729377385023,0x508e4a96dab9bd044d0bb654d623c4ef663dfc35,2017-10-29T02:36:11.000Z,0.00019101,0xff3f8d703bbfca2bd2be9eb2ba182f071b84f975,sell,0x17fd666fa0784885fa1afec8ac624d9b7e72b752,0xa564e016d19862ae1ab22ea333f9c2b73c8b7fe992201a308eb50fc759caee2b
88,7000,1.393,0x55f102d676394876b7b56e34f920eabece858eba,2017-10-29T02:33:24.000Z,0.000199,0xff3f8d703bbfca2bd2be9eb2ba182f071b84f975,sell,0x17fd666fa0784885fa1afec8ac624d9b7e72b752,0x14b0a11360f0668333ec11137c94019194c17040d7a8ca9f7a3d913cd501e894
89,1724,0.403416,0x55f102d676394876b7b56e34f920eabece858eba,2017-10-29T00:18:44.000Z,0.000234,0x5e87b43f8077f53fe5fb998a97ffacd299267323,buy,0x17fd666fa0784885fa1afec8ac624d9b7e72b752,0xc1bd3a7902f7cefb9248a4c0049ae9c796d028083eb1b4577f680e3b19be2ba0
90,1444.8748743718593,0.2875301,0x55f102d676394876b7b56e34f920eabece858eba,2017-10-29T00:13:48.000Z,0.000199,0xd35cc4db1066b87373c5b83f2a033b4aabb8a1f2,buy,0x17fd666fa0784885fa1afec8ac624d9b7e72b752,0x5c8d050bdfdc412bef811059b93cc69479c82d995f74ee7c2d78f5df9c32d1e6
91,2.51256281407035,0.0005,0x16e5d97bbc92417e051e3b2cabfbf8ceea2acb9c,2017-10-28T21:06:43.000Z,0.00019900000000000012,0xd35cc4db1066b87373c5b83f2a033b4aabb8a1f2,buy,0x17fd666fa0784885fa1afec8ac624d9b7e72b752,0x62e39b5a793a4311634f0999191c3961d065e852fe3c106767de8c6ad76c1b3c
92,2.51256281407035,0.0005,0x379374d13077e8867ef31803c37baf9785a17c00,2017-10-28T21:00:23.000Z,0.00019900000000000012,0xd35cc4db1066b87373c5b83f2a033b4aabb8a1f2,buy,0x17fd666fa0784885fa1afec8ac624d9b7e72b752,0x85b16a5407ec6d550c154c8a39480e49c04d88a371ae6f69e27690128b55a772
93,2.23914017017465,0.0005,0x34f9560c63078eb61872a4dc2ccd20e21c34feaf,2017-10-28T20:34:27.000Z,0.00022330000000000028,0x3eab84f29252d0a4efda33b34419bbdc24ab4ca4,buy,0x17fd666fa0784885fa1afec8ac624d9b7e72b752,0x8d05baf836928c933a320a6d83b306e5ae0de3a876842de33b4ae8251c9e20fc
94,2.23914017017465,0.0005,0xe444a40689f51f63bcd29910622035707d533d29,2017-10-28T20:30:56.000Z,0.00022330000000000028,0x3eab84f29252d0a4efda33b34419bbdc24ab4ca4,buy,0x17fd666fa0784885fa1afec8ac624d9b7e72b752,0x9d9f2906a79be052201c94765a2361b5f49ecf87e88dc3c6e88c5d7a26df1cc2
95,100,0.0195,0x0adc54fbcb39e3bcb5a632b8e0e3dc8bfa0e2e47,2017-10-28T20:09:35.000Z,0.000195,0x778c879a6d29ce7579280e3a8caa4ffa8f973920,sell,0x17fd666fa0784885fa1afec8ac624d9b7e72b752,0x9e807be27c638211cd4af9b240ff3da1b01f25d44a3de99600c16eb14a118878
96,8.38172890696839,0.001684735892029553,0xf84bfa23c2ab766c47056011b26e2d12ade5c754,2017-10-28T20:09:22.000Z,0.00020100099999999994,0xf10abebe6941fea4a6dddd7c9180aec5939e9884,sell,0x17fd666fa0784885fa1afec8ac624d9b7e72b752,0xf3173eb108ef66a5e90ea71b141a1f6cdae9bcd65e6b2f6df7cb94b6105a17e8
97,1360.190835580962,0.26525081484664337,0x8909e1a4f31fc2214ea6c4a917268b833b00c000,2017-10-28T20:08:04.000Z,0.00019501,0x778c879a6d29ce7579280e3a8caa4ffa8f973920,sell,0x17fd666fa0784885fa1afec8ac624d9b7e72b752,0x817f5d0727f725a4fa167a4d3dc7788b0645912703b928d612afe6a93b0beff2
98,7541.286613921209,1.4705508897146358,0xe8f0cc52b0d087e4eaabe1de8c0bc01f83918ea9,2017-10-28T20:07:51.000Z,0.000195,0x778c879a6d29ce7579280e3a8caa4ffa8f973920,sell,0x17fd666fa0784885fa1afec8ac624d9b7e72b752,0x74bc437f4eb3794bab8a2230bc01320e90bf8183252cd4e7a0922e217e38d3cc
99,572.589,0.111686347395,0xd35cc4db1066b87373c5b83f2a033b4aabb8a1f2,2017-10-28T20:07:33.000Z,0.000195055,0x778c879a6d29ce7579280e3a8caa4ffa8f973920,sell,0x17fd666fa0784885fa1afec8ac624d9b7e72b752,0x07ce16078543034ebe10c3d44e88cd4b3522c50c2e61531d04ebb32f6e7d3aff
100,8400.036591269427,1.6380071352975383,0xe8f0cc52b0d087e4eaabe1de8c0bc01f83918ea9,2017-10-28T19:03:12.000Z,0.000195,0x7b1f1661e9788eabf2ca8f0694507988dcba3638,sell,0x17fd666fa0784885fa1afec8ac624d9b7e72b752,0xa3e399c89916f527ee0c91f8e80e704d4bba7bfce630b6586bfc0670b960c77c
101,11097.047023621708,2.163924169606233,0xe8f0cc52b0d087e4eaabe1de8c0bc01f83918ea9,2017-10-28T18:05:02.000Z,0.000195,0x7b1f1661e9788eabf2ca8f0694507988dcba3638,sell,0x17fd666fa0784885fa1afec8ac624d9b7e72b752,0x9f259eaafa693d75821a1b4e351667434cc0c1e9d9d7c67b4700e4ed3a25a72f
102,2158.693949343426,0.4209669070614615,0x8909e1a4f31fc2214ea6c4a917268b833b00c000,2017-10-28T17:45:06.000Z,0.00019501,0x7b1f1661e9788eabf2ca8f0694507988dcba3638,sell,0x17fd666fa0784885fa1afec8ac624d9b7e72b752,0x287d5124919841fa2e3a2b868be2a47554f185021b0bf79cd9bed0c2090f6fc7
103,5293.219102628129,1.0321777250124853,0xe8f0cc52b0d087e4eaabe1de8c0bc01f83918ea9,2017-10-28T17:27:20.000Z,0.000195,0x74e11bbe2fa8b1686c859ff23a869e392404e3c9,sell,0x17fd666fa0784885fa1afec8ac624d9b7e72b752,0x83e625aab76ae406332dd9793c2ef330bb29620225113b6c4a65202beeaf2609
104,877.4107385938073,0.17114335161641508,0xd35cc4db1066b87373c5b83f2a033b4aabb8a1f2,2017-10-28T17:23:41.000Z,0.000195055,0x1ed014aec47fae44c9e55bac7662c0b78ae61798,sell,0x17fd666fa0784885fa1afec8ac624d9b7e72b752,0xabd41bf583b4e97d9dda3de31eca01d9560b8c73016a808076eec1f5a3e4c31a
105,2.17485863418877,0.0005,0xcd912af5286dc0b0a23edb30209734ecb60838b3,2017-10-28T17:07:45.000Z,0.00022990000000000082,0x7b1f1661e9788eabf2ca8f0694507988dcba3638,buy,0x17fd666fa0784885fa1afec8ac624d9b7e72b752,0x5a1ad13e8cf89400043c5fb0957a6f447c42f6c6a8fb06555ae40c20f070466c
106,5000.818462765427,0.9751596002392583,0xe8f0cc52b0d087e4eaabe1de8c0bc01f83918ea9,2017-10-28T16:33:00.000Z,0.000195,0x74e11bbe2fa8b1686c859ff23a869e392404e3c9,sell,0x17fd666fa0784885fa1afec8ac624d9b7e72b752,0x74a651095d55c8ae87951cd6ce4ed4801e3d7897767c1518e388d9efb7a92880
107,642,0.129684,0x8bf7c4de9e17204228d4110e0995751c7d253642,2017-10-28T16:27:06.000Z,0.000202,0x7b1f1661e9788eabf2ca8f0694507988dcba3638,sell,0x17fd666fa0784885fa1afec8ac624d9b7e72b752,0xdc0b355ea0955dbc11d801f53070eece6204a79a86aaa74b13f437013c248dc0
108,1450,0.333355,0x3c5d9d96dc123f67f83f2341b067c2a64cf21787,2017-10-28T15:27:29.000Z,0.0002299,0xd35cc4db1066b87373c5b83f2a033b4aabb8a1f2,buy,0x17fd666fa0784885fa1afec8ac624d9b7e72b752,0xb52c10bf4d1e262f1332f82bbe1238a88d36f81d0938e38ebe0019743181b109
109,12667.5922057941,2.4701804801298493,0xe8f0cc52b0d087e4eaabe1de8c0bc01f83918ea9,2017-10-28T10:22:18.000Z,0.000195,0x7b1f1661e9788eabf2ca8f0694507988dcba3638,sell,0x17fd666fa0784885fa1afec8ac624d9b7e72b752,0x9c0272ebed3308f64380e1cab5d8989d9e389371277a30fd51bcf78825cbf88c
110,25,0.0055,0x94e42e5cd1257250f1af2548cb251ec13c3caf75,2017-10-28T08:32:35.000Z,0.00022,0x5daf6dada571baed742a5ed6ec585ec27303d60f,buy,0x17fd666fa0784885fa1afec8ac624d9b7e72b752,0xc738a33b8607e20952b6fa91fdc58abeccff5b82ce1d23e2ba96c997f7a88107
111,38.085,0.007655123085,0xf84bfa23c2ab766c47056011b26e2d12ade5c754,2017-10-28T08:12:19.000Z,0.000201001,0x5daf6dada571baed742a5ed6ec585ec27303d60f,sell,0x17fd666fa0784885fa1afec8ac624d9b7e72b752,0xb67e6e7a56b112b0a11ac2cd6c7ac4b3c1c2466ebc62a9eb32304afcb61abbd0
112,2000,0.402002,0x346eb8847ec84aae1463b80163a097ad3b24514d,2017-10-28T08:12:19.000Z,0.000201001,0x5daf6dada571baed742a5ed6ec585ec27303d60f,sell,0x17fd666fa0784885fa1afec8ac624d9b7e72b752,0x23ceffe80dbf15878db2228e9b6b49a8ea81edbe0795b2fc28bfd2097e3bb2f0
113,101.5,0.01989806,0x7fc5a6825dc4ddbe615973aa7cfc8d4435f9526b,2017-10-28T08:12:19.000Z,0.00019604,0x5daf6dada571baed742a5ed6ec585ec27303d60f,sell,0x17fd666fa0784885fa1afec8ac624d9b7e72b752,0x7123928efd0d7346ee3afe38c56781174e7756974e6c496cc4ec6dc369f2d5e6
114,540.7357962000033,0.10869113945097786,0xb49fda420b9ce7334c6446af26f06225cbecb401,2017-10-28T08:12:16.000Z,0.000201006,0x5daf6dada571baed742a5ed6ec585ec27303d60f,sell,0x17fd666fa0784885fa1afec8ac624d9b7e72b752,0xf3e3633d417e0274cda9f2a0a4d16d631eeec86100fe19375087d05cbcaa3fb3
115,500,0.1005025,0x56661e238d6784951f00c036a3a1224dcadd6840,2017-10-28T08:12:16.000Z,0.000201005,0x5daf6dada571baed742a5ed6ec585ec27303d60f,sell,0x17fd666fa0784885fa1afec8ac624d9b7e72b752,0x8e75e4bdd55db53c16738b5e840a45133c6c147c1ca30c9f999a42cf09e999bb
116,750,0.172425,0x540e0299db8b33ec1bde2c466bcc6466c8c62acf,2017-10-28T07:35:43.000Z,0.0002299,0xd35cc4db1066b87373c5b83f2a033b4aabb8a1f2,buy,0x17fd666fa0784885fa1afec8ac624d9b7e72b752,0xbea910747154352c4cb3506640abdb7e0d1a19d3cd34c689368d1620219333c8
117,190.625183184317,0.03831680557114682,0xb49fda420b9ce7334c6446af26f06225cbecb401,2017-10-28T05:24:37.000Z,0.000201006,0x415f46ba374e478cf9ea41dd7899977b41120555,sell,0x17fd666fa0784885fa1afec8ac624d9b7e72b752,0xe7e5930c433c68db3dccb6ec4c0ae1c2ec5f6b9c618586948f3ed0ae41bdb5a1
118,3228.63902061568,0.6489758149778753,0xb49fda420b9ce7334c6446af26f06225cbecb401,2017-10-28T04:56:14.000Z,0.000201006,0x7b1f1661e9788eabf2ca8f0694507988dcba3638,sell,0x17fd666fa0784885fa1afec8ac624d9b7e72b752,0x569a9e1a7075aa4a3aeef8228c929c60904b2b4d177f79c181eff7d26c279227
119,100,0.023,0x6b6419c14e261f31a2fe1d8aba756f61984ccb55,2017-10-28T04:39:52.000Z,0.00023,0x7b1f1661e9788eabf2ca8f0694507988dcba3638,sell,0x17fd666fa0784885fa1afec8ac624d9b7e72b752,0x293633bde85970200ed0298d59716c7ed769f2ba0284f092fbbf0c29864ea999
120,291.19181240974234,0.058529845486170615,0xf84bfa23c2ab766c47056011b26e2d12ade5c754,2017-10-27T20:38:23.000Z,0.000201001,0xe30a54ee53cf9ffb8cc3906b4a3c4fabb2489fc6,sell,0x17fd666fa0784885fa1afec8ac624d9b7e72b752,0x0887c87368662b88f10858d6de4cb7d4a1a1a8636132e0cd31020b6ceb59f076
121,0.00046237721784,0.000000092938283163,0xf84bfa23c2ab766c47056011b26e2d12ade5c754,2017-10-27T19:27:45.000Z,0.0002010009999998749,0x7616bb991081160eb20ff62ba47da6e54f5c8728,sell,0x17fd666fa0784885fa1afec8ac624d9b7e72b752,0xba25dec589be330227f5e0ee8d0755da062c4eccfc808f1ed7d479f9306ac520
122,162.34099630607145,0.032630702598516664,0xf84bfa23c2ab766c47056011b26e2d12ade5c754,2017-10-27T17:49:57.000Z,0.000201001,0xab07b09a4caeb7ad696848110751ce96a5821541,sell,0x17fd666fa0784885fa1afec8ac624d9b7e72b752,0xa23d6a8e73c835ecd11c7182f067f52308b7efccfede26995b1b921175851beb
123,146.08872215262406,0.039429346108993235,0x9903322124677c2aaf289eec5117bfa8aeac3f42,2017-10-27T14:12:40.000Z,0.0002699,0x3c0e781116e7ebcfcee0955f314bdac09bf1813d,buy,0x17fd666fa0784885fa1afec8ac624d9b7e72b752,0xf7a154d1669ca95e05303f11e1f6f18585d0bb7259f81ddf2ade061161c1dca4
124,500,0.13495,0x5faaa63171ab3efbbd57c7a4bff84aeb359b608e,2017-10-27T14:09:39.000Z,0.0002699,0x3c0e781116e7ebcfcee0955f314bdac09bf1813d,buy,0x17fd666fa0784885fa1afec8ac624d9b7e72b752,0x8a151ef433558e5ae78752ec8fe90e1b4e51c21d34584e085d49cbced70f30cb
125,187,0.0504526,0x9903322124677c2aaf289eec5117bfa8aeac3f42,2017-10-27T13:59:20.000Z,0.0002698,0x8cba8f92256e1e30a8ba70a3dff3e5dfe2a001af,buy,0x17fd666fa0784885fa1afec8ac624d9b7e72b752,0xc10dee02db683a1dff1a7eae52831c3148b4bdd6c83e9559883e2457716e9869
126,56.90117687169773,0.012216682674353501,0x204c88ca6135d0622f7fd035c424d62d5859e326,2017-10-27T12:42:01.000Z,0.0002147,0x6be3e59768323ee13dc46d83a3ced62aa939e41c,sell,0x17fd666fa0784885fa1afec8ac624d9b7e72b752,0x11e7313718d56facea7775c2758571fad2ef65dddb17177a25e7aecd413e2477
127,7500,2.025,0x5faaa63171ab3efbbd57c7a4bff84aeb359b608e,2017-10-27T11:36:45.000Z,0.00027,0x5daf6dada571baed742a5ed6ec585ec27303d60f,buy,0x17fd666fa0784885fa1afec8ac624d9b7e72b752,0xe80d087600bed371a489c87dcce4cdc67800a20a650c5eaca16616325f490e83
128,6985.99,1.884820102,0x204c88ca6135d0622f7fd035c424d62d5859e326,2017-10-27T07:46:22.000Z,0.0002698,0xb49fda420b9ce7334c6446af26f06225cbecb401,buy,0x17fd666fa0784885fa1afec8ac624d9b7e72b752,0x53a82161a4bffa2993487dd174e6accce86b8ac5cff6eb0457124186d06376bb
129,1406,0.3794794,0x204c88ca6135d0622f7fd035c424d62d5859e326,2017-10-27T07:46:22.000Z,0.0002699,0x5e87b43f8077f53fe5fb998a97ffacd299267323,buy,0x17fd666fa0784885fa1afec8ac624d9b7e72b752,0xbfb66eb51fe043db1e51c48e8aff493b998e52f465d75c53f0094f342a8995f9
130,729,0.16767,0x204c88ca6135d0622f7fd035c424d62d5859e326,2017-10-27T07:45:05.000Z,0.00023,0xa25540dc2d1a90bd12c6c03d2b4bf19b41891070,buy,0x17fd666fa0784885fa1afec8ac624d9b7e72b752,0xc0b5354f0c1d95f862c1223d2699cfc78313ab1f0dbaba6812329879c8d7bc48
131,729,0.19682271,0xa25540dc2d1a90bd12c6c03d2b4bf19b41891070,2017-10-27T06:02:56.000Z,0.00026999,0x5e87b43f8077f53fe5fb998a97ffacd299267323,buy,0x17fd666fa0784885fa1afec8ac624d9b7e72b752,0xab30d56af6909f85b6a4e68482a10059c77fb334dfe4a39d50b5a213f169a485
132,191.21612125218837,0.05449659455687369,0x415f46ba374e478cf9ea41dd7899977b41120555,2017-10-27T05:42:42.000Z,0.000285,0x3c0e781116e7ebcfcee0955f314bdac09bf1813d,buy,0x17fd666fa0784885fa1afec8ac624d9b7e72b752,0xacb86e4a0c2381e7c128c91f857fc1994e2c82931ef989c38d075dc6e788f010
133,1000,0.2,0x6c740de60199b0634e9fc683dcba6061abc1ddd6,2017-10-27T03:03:21.000Z,0.0002,0x8347b459b281c76c95337a628a8523348ddbdef5,sell,0x17fd666fa0784885fa1afec8ac624d9b7e72b752,0x79a052cf104062d78caa3a7c60e3ab1d147be9f76d990c52608cdd91d2d37fc0
134,498.49889089371766,0.09969977817874352,0x25628d55c3b4f224891c8573bbd893caf5868c5f,2017-10-27T02:47:36.000Z,0.0002,0x8347b459b281c76c95337a628a8523348ddbdef5,sell,0x17fd666fa0784885fa1afec8ac624d9b7e72b752,0x6ef47c01515d461dce19563d92e1de30db8107baea5ae440105c037ae8876a0b
135,1926,0.387127926,0xb49fda420b9ce7334c6446af26f06225cbecb401,2017-10-27T02:47:36.000Z,0.000201001,0x8347b459b281c76c95337a628a8523348ddbdef5,sell,0x17fd666fa0784885fa1afec8ac624d9b7e72b752,0x7d649b01ddfd1d54722d6b0ced695948a973424264cce809b84857208ab5b3d6
136,1710,0.38646171,0xb49fda420b9ce7334c6446af26f06225cbecb401,2017-10-27T02:43:42.000Z,0.000226001,0x8347b459b281c76c95337a628a8523348ddbdef5,sell,0x17fd666fa0784885fa1afec8ac624d9b7e72b752,0xb9a83443f124f05baeb5c09ade5a7e0d444dd2f6eaac18809bc248f055c639e9
137,811.109,0.186555881109,0xb49fda420b9ce7334c6446af26f06225cbecb401,2017-10-27T02:43:42.000Z,0.000230001,0x8347b459b281c76c95337a628a8523348ddbdef5,sell,0x17fd666fa0784885fa1afec8ac624d9b7e72b752,0x74e3d1cc1aa744a09c2792888ba658817ab187a5950a0b1a01e9dcdab982a557
138,990.694895883181,0.22389704646959888,0x25628d55c3b4f224891c8573bbd893caf5868c5f,2017-10-27T00:16:03.000Z,0.000226,0x7b1f1661e9788eabf2ca8f0694507988dcba3638,sell,0x17fd666fa0784885fa1afec8ac624d9b7e72b752,0x7e2cabc62b25dd5ca642062c6f8dc1076a7f4daad5f483cda278aef03ddaa017
139,603.5828431258909,0.13815286979739894,0xd35cc4db1066b87373c5b83f2a033b4aabb8a1f2,2017-10-27T00:14:11.000Z,0.00022888799999999998,0x7b1f1661e9788eabf2ca8f0694507988dcba3638,sell,0x17fd666fa0784885fa1afec8ac624d9b7e72b752,0x703b67163d6a9b4377d217c356403acbea10472189e01b40ce642f3e1b778cd0
140,1596.417156874109,0.36540073020260105,0xd35cc4db1066b87373c5b83f2a033b4aabb8a1f2,2017-10-26T23:50:15.000Z,0.00022888799999999998,0x7b1f1661e9788eabf2ca8f0694507988dcba3638,sell,0x17fd666fa0784885fa1afec8ac624d9b7e72b752,0x3d9fd87a25c9bc0e7ec55c94d9d02c24da9ead91fdf528dff92866092a5fa726
141,868.891,0.199845798891,0xb49fda420b9ce7334c6446af26f06225cbecb401,2017-10-26T23:48:28.000Z,0.000230001,0x7b1f1661e9788eabf2ca8f0694507988dcba3638,sell,0x17fd666fa0784885fa1afec8ac624d9b7e72b752,0x885d4e8e1ec8fba6fe98a160f3efa6652793c2861267471dc8bf4eaba4fc16ba
142,450.43064953931906,0.10381075179932688,0x204c88ca6135d0622f7fd035c424d62d5859e326,2017-10-26T23:45:36.000Z,0.00023046999999999998,0x7b1f1661e9788eabf2ca8f0694507988dcba3638,sell,0x17fd666fa0784885fa1afec8ac624d9b7e72b752,0xd1a7983e71b107a66722575bfe60fe094ad2b58558fd97aebe548cf778d049b7
143,2000,0.46,0x3c0e781116e7ebcfcee0955f314bdac09bf1813d,2017-10-26T23:45:36.000Z,0.00023,0x7b1f1661e9788eabf2ca8f0694507988dcba3638,sell,0x17fd666fa0784885fa1afec8ac624d9b7e72b752,0x53361fef61ae38806242dc375feed9d37955a571a349c12e052d6e3efc7b8788
144,190.394,0.044070689574,0xb49fda420b9ce7334c6446af26f06225cbecb401,2017-10-26T23:45:20.000Z,0.000231471,0x7b1f1661e9788eabf2ca8f0694507988dcba3638,sell,0x17fd666fa0784885fa1afec8ac624d9b7e72b752,0x87532308d264875ebeb5cee1cf73333f84256a331c5a4a9eebe6edb39cf0d210
145,1.4446835580171,0.000334402347857776,0xb49fda420b9ce7334c6446af26f06225cbecb401,2017-10-26T23:13:06.000Z,0.00023147099999999988,0x7b1f1661e9788eabf2ca8f0694507988dcba3638,sell,0x17fd666fa0784885fa1afec8ac624d9b7e72b752,0xb7201c6278b484970af3bd30358d6644fe27d4b538805430b2ebd5e50f7de5af
146,14491.620770469544,3.3398838389701155,0x204c88ca6135d0622f7fd035c424d62d5859e326,2017-10-26T23:12:04.000Z,0.00023046999999999998,0x7b1f1661e9788eabf2ca8f0694507988dcba3638,sell,0x17fd666fa0784885fa1afec8ac624d9b7e72b752,0x8afdd6a90b3a2b20c4527f31645c48b8d98492fba64b540883c0da9abdf14b73
147,1478.1608807353364,0.342151377224689,0xb49fda420b9ce7334c6446af26f06225cbecb401,2017-10-26T22:56:50.000Z,0.000231471,0xa6ce3e84c9e2ec1339424f136c3f099a4b2ead55,sell,0x17fd666fa0784885fa1afec8ac624d9b7e72b752,0xeffd9f1c5aaa93153752e1646ca0203af16277820adf48ca9209f5fff77cfc1a
148,57.94857999113738,0.013355409230557431,0x204c88ca6135d0622f7fd035c424d62d5859e326,2017-10-26T22:48:54.000Z,0.00023046999999999998,0x7b1f1661e9788eabf2ca8f0694507988dcba3638,sell,0x17fd666fa0784885fa1afec8ac624d9b7e72b752,0x6be08591426c904c4024326b248fdc83609813444f055d224987c791db1a5010
149,2932.769,0.67884804043,0x204c88ca6135d0622f7fd035c424d62d5859e326,2017-10-26T22:47:01.000Z,0.00023147,0x7b1f1661e9788eabf2ca8f0694507988dcba3638,sell,0x17fd666fa0784885fa1afec8ac624d9b7e72b752,0x9a9f89a31a88a228216288c7b051dd0efac43ddbd3196f457506a943aed5440c
150,6955.2758910990315,1.6099377105126929,0x204c88ca6135d0622f7fd035c424d62d5859e326,2017-10-26T22:11:01.000Z,0.00023146999999999998,0x7b1f1661e9788eabf2ca8f0694507988dcba3638,sell,0x17fd666fa0784885fa1afec8ac624d9b7e72b752,0x18060c52daa65524a103dc7accdf5903271a6fadd31a21731f68debebf557b83
151,2565.9141143876723,0.5939321400573145,0x204c88ca6135d0622f7fd035c424d62d5859e326,2017-10-26T21:56:52.000Z,0.00023146999999999998,0x7b1f1661e9788eabf2ca8f0694507988dcba3638,sell,0x17fd666fa0784885fa1afec8ac624d9b7e72b752,0x6e7b63ad1471fe345018405a88a7810a4f0bc25e709eac10ec4289f00311a1a8
152,6409.223022740185,1.4835428530736705,0x204c88ca6135d0622f7fd035c424d62d5859e326,2017-10-26T21:40:13.000Z,0.00023146999999999998,0x7b1f1661e9788eabf2ca8f0694507988dcba3638,sell,0x17fd666fa0784885fa1afec8ac624d9b7e72b752,0x1069fcd9a2c94d1f0f895500e18491308ea08dd7176abbdd288d3327939dcf02
153,100,0.03,0xd960ae5f5294d1c06af036e78bcd9dca1e7840b8,2017-10-26T21:36:45.000Z,0.0003,0xf84bfa23c2ab766c47056011b26e2d12ade5c754,buy,0x17fd666fa0784885fa1afec8ac624d9b7e72b752,0xb17bfa2b682695e99b4c48b5e2d2e00deefb69c0acb9f683dda609faa18a3d48
154,5460.903206786609,1.2640352652748963,0x204c88ca6135d0622f7fd035c424d62d5859e326,2017-10-26T21:11:31.000Z,0.00023146999999999998,0x7b1f1661e9788eabf2ca8f0694507988dcba3638,sell,0x17fd666fa0784885fa1afec8ac624d9b7e72b752,0x7834ae904a5582f95d79fb39ac71d9d6b2138eea7e2c0471c9a9e158e30bf3dc
155,0.99690958030106,0.000230754660552286,0x204c88ca6135d0622f7fd035c424d62d5859e326,2017-10-26T21:03:23.000Z,0.00023146999999999965,0xb4c432a9559a4f1464d2bff9fcbbdc14f1c39dec,sell,0x17fd666fa0784885fa1afec8ac624d9b7e72b752,0xc2072929859231ed531c95aa0e53b42ef00306a009e3b9cd1a9afe446c57f1d1
156,0.06727647226567,0.000015572485035334,0x204c88ca6135d0622f7fd035c424d62d5859e326,2017-10-26T20:58:41.000Z,0.00023146999999999057,0x7b1f1661e9788eabf2ca8f0694507988dcba3638,sell,0x17fd666fa0784885fa1afec8ac624d9b7e72b752,0xad53ee5ad1e82e1d2d43a5030e23a84a6988c3f44a47a7725e75b1984302628a
157,674.8502932969022,0.15620759738943396,0x204c88ca6135d0622f7fd035c424d62d5859e326,2017-10-26T20:57:35.000Z,0.00023146999999999998,0x7b1f1661e9788eabf2ca8f0694507988dcba3638,sell,0x17fd666fa0784885fa1afec8ac624d9b7e72b752,0x96a730ce64e374cc98059a4022d72fed3171752cc4902ade18fe37026572d348
158,1827.491,0.43859784,0x6dd03ace8904566fe0a35a36cf7fb9c188fb0dbc,2017-10-26T20:56:23.000Z,0.00024,0x7b1f1661e9788eabf2ca8f0694507988dcba3638,sell,0x17fd666fa0784885fa1afec8ac624d9b7e72b752,0x48030e426f3f1047da339cd38806265855ecd9ec40e2379b9bc3dbf5ffcb6ebe
159,4000,0.92788,0x204c88ca6135d0622f7fd035c424d62d5859e326,2017-10-26T20:56:23.000Z,0.00023197,0x7b1f1661e9788eabf2ca8f0694507988dcba3638,sell,0x17fd666fa0784885fa1afec8ac624d9b7e72b752,0x9c168c8735a159956e8736d2c4e2c0cf0b220d27dbe6663414a8574d6d9c9227
160,1568.022061226716,0.37632529469441184,0x6dd03ace8904566fe0a35a36cf7fb9c188fb0dbc,2017-10-26T20:43:35.000Z,0.00024,0x7b1f1661e9788eabf2ca8f0694507988dcba3638,sell,0x17fd666fa0784885fa1afec8ac624d9b7e72b752,0x65e97610cd99df236dbea7f1d9166871e1cc3459b269a831e03be767b7bedd30
161,640,0.1568,0x7fd0ea0840f8e3a026fca0851e0eec1ad93802b8,2017-10-26T20:41:27.000Z,0.000245,0x7b1f1661e9788eabf2ca8f0694507988dcba3638,sell,0x17fd666fa0784885fa1afec8ac624d9b7e72b752,0x89f068624de5c5a314b1974e1b3c64e039440219392b6c52563b98a0c18080ed
162,1185.4868176619334,0.28451683623886403,0x6dd03ace8904566fe0a35a36cf7fb9c188fb0dbc,2017-10-26T20:07:33.000Z,0.00023999999999999998,0x0bc5281da26fe1ed9adbfa014e041a0a76f8aa54,sell,0x17fd666fa0784885fa1afec8ac624d9b7e72b752,0x5ad211d5da432381f1d1b8c4099f568f3dc87ecf06d3a27c36d685bc4b921274
163,944.7941489818652,0.37697286544376424,0x055814582aadb70d9db078b7c4837aafc2f6441a,2017-10-26T11:14:30.000Z,0.000399,0x0bc5281da26fe1ed9adbfa014e041a0a76f8aa54,buy,0x17fd666fa0784885fa1afec8ac624d9b7e72b752,0x349bfe024434f726ea65017a5b5e0601a526fb47486a408413c08e61e4f010df
164,637.57,0.21613559243,0x055814582aadb70d9db078b7c4837aafc2f6441a,2017-10-26T11:11:09.000Z,0.000338999,0xb49fda420b9ce7334c6446af26f06225cbecb401,buy,0x17fd666fa0784885fa1afec8ac624d9b7e72b752,0x22a4689da247fb63913ceba15314332ee4463bae7a03d217249ac2bbb5b7e6af
165,99.99950946696111,0.03349783568124264,0x055814582aadb70d9db078b7c4837aafc2f6441a,2017-10-26T11:06:56.000Z,0.00033498,0xc95f7e885b0056454d996a54b6e8bd0e4f36468b,buy,0x17fd666fa0784885fa1afec8ac624d9b7e72b752,0x2ae9a197a96f8446f81414438e6cc3c3529e368f1ea80844f535de873db62c65
166,135.286,0.045253167,0x055814582aadb70d9db078b7c4837aafc2f6441a,2017-10-26T11:05:16.000Z,0.0003345,0xc95f7e885b0056454d996a54b6e8bd0e4f36468b,buy,0x17fd666fa0784885fa1afec8ac624d9b7e72b752,0x07d6b56e286d4549081fb4fb32a60ac32eb83af8431d070d37b185c83ac9fbaf
167,112.968,0.03276072,0xf6a7222207c2e93d2013c76310316b5204fe89f5,2017-10-26T10:35:10.000Z,0.00029,0xa7f06f2b51a2f8fd11646d9780350f2041545324,buy,0x17fd666fa0784885fa1afec8ac624d9b7e72b752,0xde570fa859704c6499c889e209aff7ea2a91042060d8c6d32bb81dcaac06ccad
168,612.742,0.13786695,0xf6a7222207c2e93d2013c76310316b5204fe89f5,2017-10-26T10:33:20.000Z,0.000225,0x3c0e781116e7ebcfcee0955f314bdac09bf1813d,buy,0x17fd666fa0784885fa1afec8ac624d9b7e72b752,0xe94a29a87ea9a3777338c5b922114c68f2bc29d012cc93c8c6920c6d274739a9
169,292.09450702821255,0.05608506629448709,0xe30a54ee53cf9ffb8cc3906b4a3c4fabb2489fc6,2017-10-26T09:58:46.000Z,0.00019201,0xfe737759f9f7ec05535c1b092d3d5392577f9e12,sell,0x17fd666fa0784885fa1afec8ac624d9b7e72b752,0x55b1c018b7fc09e3e5ad1ecc79000449c722d7c0bd8a67bcfdd7c61892e361e0
170,10,0.00225,0x5d49115235b4ca312269c4e6dc32e5a488494649,2017-10-26T08:37:00.000Z,0.000225,0x3c0e781116e7ebcfcee0955f314bdac09bf1813d,buy,0x17fd666fa0784885fa1afec8ac624d9b7e72b752,0x6c5247f379aa6000403cc33bbbba0fb85ca3cb934a206c3d2664c301c7c6c7a4
171,30.42705011497951,0.005568180598091365,0xf9cec3f005f86db7813c4d6b8f18c1e0862c9e36,2017-10-26T06:55:12.000Z,0.000183001,0x80831b5a5f13ae1d25c354bcab92856262451793,sell,0x17fd666fa0784885fa1afec8ac624d9b7e72b752,0xc28c7faa6eb125b257ee4854960a121460ab1e9af1fb9bd9474b1098a93a42ab
172,279.26972288232554,0.050268550118818596,0xd9c6cbf9fee5f1d4e02100cd81997c40d1424b40,2017-10-26T06:09:34.000Z,0.00018,0x97e55e166df684b33489f17b9ddbaf919b6fe428,sell,0x17fd666fa0784885fa1afec8ac624d9b7e72b752,0x28c5f71d2100fe3c438fb386d90e4323ab1c293ca5c1b21783ce84c02b14e1d6
173,792.7424982554082,0.13872993719469645,0x3c0e781116e7ebcfcee0955f314bdac09bf1813d,2017-10-26T02:58:19.000Z,0.000175,0x240c77a7567c784e8f78637152ea0dd3327c6c96,sell,0x17fd666fa0784885fa1afec8ac624d9b7e72b752,0x25e2082c14d0975ea3153cc4dcd863dae44ac9f5a4e714255df41b34fd2b1f9a
174,1600,0.28016,0x7b1f1661e9788eabf2ca8f0694507988dcba3638,2017-10-26T02:57:22.000Z,0.0001751,0x240c77a7567c784e8f78637152ea0dd3327c6c96,sell,0x17fd666fa0784885fa1afec8ac624d9b7e72b752,0x6cf612cd1be580fcda5c4ad4e0df980a303414d6fe80344238f10f6bcf1f2c89
175,314.67251520287107,0.053494327584488084,0xf9cec3f005f86db7813c4d6b8f18c1e0862c9e36,2017-10-26T00:21:47.000Z,0.00016999999999999999,0xe1d09d4871ae9a6166e6274e694d3caef5671319,sell,0x17fd666fa0784885fa1afec8ac624d9b7e72b752,0x6d816eed9f15be02eaed44a058e6c4552f8401f3bda6f48ffed09352d431373f
176,2563.485744882186,0.43579257662997156,0xf9cec3f005f86db7813c4d6b8f18c1e0862c9e36,2017-10-25T23:31:42.000Z,0.00016999999999999999,0x167b425da52a59bf2662e167af45b65e1898cdb2,sell,0x17fd666fa0784885fa1afec8ac624d9b7e72b752,0x18bbccfd4de33eec3f5fe3c76b925e68433651c3cd73d7a490397b13aca5782b
177,8020.269158651965,1.363445756970834,0xf9cec3f005f86db7813c4d6b8f18c1e0862c9e36,2017-10-25T21:53:16.000Z,0.00016999999999999999,0x8e501aa1b2281f91716cfa5a211b00d6caa3bb01,sell,0x17fd666fa0784885fa1afec8ac624d9b7e72b752,0x3785353cb6afaed3875401cdd679eb9ea7597b1df1203a4cce20a24b36a82e55
178,521.1846128875695,0.0995462610615258,0x8cba8f92256e1e30a8ba70a3dff3e5dfe2a001af,2017-10-25T20:30:50.000Z,0.00019099999999999998,0x7b1f1661e9788eabf2ca8f0694507988dcba3638,sell,0x17fd666fa0784885fa1afec8ac624d9b7e72b752,0xfd498df9c2a086b4bd6b75d4ba8608bcf69752e1699317b96ed4aa0ee257ad7e
179,2178.8153871124305,0.4161537389384742,0x8cba8f92256e1e30a8ba70a3dff3e5dfe2a001af,2017-10-25T20:11:22.000Z,0.00019099999999999998,0x1258ac82d244f6fd8199ec61d107e04b00148df6,sell,0x17fd666fa0784885fa1afec8ac624d9b7e72b752,0x4d656e7ad9a55deff3ae602abfb1c1f5f9ea2e4086331fe68ddcdd00516496cf
180,5.96297226777629,0.001132964730877495,0xff3f8d703bbfca2bd2be9eb2ba182f071b84f975,2017-10-25T18:37:05.000Z,0.00018999999999999998,0x009a12d4290630bc01fd82516ac57c1dc6a9bcfb,sell,0x17fd666fa0784885fa1afec8ac624d9b7e72b752,0xbbfa3de0434ec7f764cb88416da6f3e2487c7b447c2b914563d82e072459ac36
181,911,0.17309,0xff3f8d703bbfca2bd2be9eb2ba182f071b84f975,2017-10-25T18:11:42.000Z,0.00019,0x7b1f1661e9788eabf2ca8f0694507988dcba3638,sell,0x17fd666fa0784885fa1afec8ac624d9b7e72b752,0xbcdb6a7f1b4d506503927082aca16666d39655f24d64b093e4673e2e5cc281e7
182,500,0.095,0xff3f8d703bbfca2bd2be9eb2ba182f071b84f975,2017-10-25T17:25:28.000Z,0.00019,0xff3f8d703bbfca2bd2be9eb2ba182f071b84f975,sell,0x17fd666fa0784885fa1afec8ac624d9b7e72b752,0xe6a7e77d46f09bd5248091ca8aa181616b41f4903863b06c794b1870dad9f1a3
183,754.368691883419,0.1433300514578496,0xff3f8d703bbfca2bd2be9eb2ba182f071b84f975,2017-10-25T17:06:24.000Z,0.00018999999999999998,0xff3f8d703bbfca2bd2be9eb2ba182f071b84f975,sell,0x17fd666fa0784885fa1afec8ac624d9b7e72b752,0x58676ff98593eed3c80971d1fdfa9d4332e4fd9e3229db18e9f064970acb087d
184,750,0.17099925,0x8ddb77a4c87c9bb6606b6799019414fb04566929,2017-10-25T16:58:03.000Z,0.000227999,0xb49fda420b9ce7334c6446af26f06225cbecb401,buy,0x17fd666fa0784885fa1afec8ac624d9b7e72b752,0xaa4405c5ec531b3df673aefb698584d2d8eb36a61749adf494a1724952425210
185,2613,0.593151,0x8ddb77a4c87c9bb6606b6799019414fb04566929,2017-10-25T16:56:28.000Z,0.000227,0xfbf7dc0756a9768d0c71aea5f8421f3b1eaee7d1,buy,0x17fd666fa0784885fa1afec8ac624d9b7e72b752,0x255a96926c99d63b8313a9caa4d7ce7111ae19fab4410bc512049712d0ca7476
186,1225.15,0.23155335,0x8ddb77a4c87c9bb6606b6799019414fb04566929,2017-10-25T16:56:02.000Z,0.000189,0xa9b99cb789c360f60cbae181e0e0c2908f36439a,buy,0x17fd666fa0784885fa1afec8ac624d9b7e72b752,0x14b8dfbff37389ee912f2bfb7ea209194d474a76cc1a40042afb7df09bb8c240
187,95,0.017955,0x3eab84f29252d0a4efda33b34419bbdc24ab4ca4,2017-10-25T16:32:53.000Z,0.000189,0xa9b99cb789c360f60cbae181e0e0c2908f36439a,buy,0x17fd666fa0784885fa1afec8ac624d9b7e72b752,0xc38507bc7f5496ec54891f86c6048febdb824c5515d7109d349c0be7885c2c47
188,5.9814574818064,0.000909181537234572,0x009a12d4290630bc01fd82516ac57c1dc6a9bcfb,2017-10-25T16:17:08.000Z,0.00015199999999999987,0x26554809c4c63ee939a78edb189d5c4508f8d4b1,sell,0x17fd666fa0784885fa1afec8ac624d9b7e72b752,0x717aadad015a448c05ed5a53f2d72b7402d70cd3d0b27e413e4b9544fc8b2331
189,527,0.099603,0xb4ace0b3f4de9f59f0987bf9ce21f7d059d80425,2017-10-25T15:41:47.000Z,0.000189,0xa9b99cb789c360f60cbae181e0e0c2908f36439a,buy,0x17fd666fa0784885fa1afec8ac624d9b7e72b752,0x8eb4d5a16fe21a74ed232255ea09f9ce1670593f084fa92444733a291f23e91d
190,756.6137566137565,0.143,0xff3f8d703bbfca2bd2be9eb2ba182f071b84f975,2017-10-25T14:41:55.000Z,0.000189,0xa9b99cb789c360f60cbae181e0e0c2908f36439a,buy,0x17fd666fa0784885fa1afec8ac624d9b7e72b752,0xbf4372a12cb2456462cd1bc9f351492093c69b8ec0c4b86adb90ec6dd6655fb2
191,640.935584606974,0.12113682549071808,0x5e87b43f8077f53fe5fb998a97ffacd299267323,2017-10-25T14:30:27.000Z,0.000189,0xa9b99cb789c360f60cbae181e0e0c2908f36439a,buy,0x17fd666fa0784885fa1afec8ac624d9b7e72b752,0x37f28205079ef00f9aec1273f324998c27d24451ab08eba2afec57de3994e65b
192,477.3005673263488,0.09020980722467993,0x5e87b43f8077f53fe5fb998a97ffacd299267323,2017-10-25T14:20:37.000Z,0.000189,0xa9b99cb789c360f60cbae181e0e0c2908f36439a,buy,0x17fd666fa0784885fa1afec8ac624d9b7e72b752,0x9c4df93cfac41bc17d738ac4119ac2fbd1f3bc4d6c8e3b4f436127c4b3396f7f
193,33,0.006237,0x54b59cbea68b581f1fa6ae1c3d5ea0643e8e2378,2017-10-25T13:26:37.000Z,0.000189,0xa9b99cb789c360f60cbae181e0e0c2908f36439a,buy,0x17fd666fa0784885fa1afec8ac624d9b7e72b752,0x3297a6d481bfc6a23987812d580f83fa13bdb848b943cd12abd266b913eebace
194,996.9095803010667,0.12959824543913867,0x66a4e99923ff534c41936d0b28a13980b0a942f0,2017-10-25T12:56:18.000Z,0.00013,0x448a701ecd1473c62ebb68363259f78b3cd24e6f,sell,0x17fd666fa0784885fa1afec8ac624d9b7e72b752,0x6b91e9988a50279e90ac6c172555625115738536da7fb0fb001d506698c21a32
195,75,0.01365,0x3eab84f29252d0a4efda33b34419bbdc24ab4ca4,2017-10-25T12:31:20.000Z,0.000182,0x70c001263deb754b4e594c161ae3fe6011bed6c7,sell,0x17fd666fa0784885fa1afec8ac624d9b7e72b752,0x074736a0e71a650336ae4ba9dc45c38052121f1ad6fb4485c2a5f96822c3d3ce
196,245,0.046305,0x3eab84f29252d0a4efda33b34419bbdc24ab4ca4,2017-10-25T12:10:44.000Z,0.000189,0xa9b99cb789c360f60cbae181e0e0c2908f36439a,buy,0x17fd666fa0784885fa1afec8ac624d9b7e72b752,0x359a13b623495824fca451321b6f2b409994287f842811e1e3fc2133c33b419e
197,469.42763426584287,0.08498987318383085,0x97ed8df5379091fba0e462c1e51ac18fa79accb8,2017-10-25T11:03:03.000Z,0.00018104999999999998,0x97b59f5bce40d93bcb8b95e61d51bafbcae6e990,sell,0x17fd666fa0784885fa1afec8ac624d9b7e72b752,0x62e3fe7e42aaf855b7ec908ba28029012304ee37f17079caeb38c1a4ee4c1c62
198,1614.572365734157,0.29231832681616915,0x97ed8df5379091fba0e462c1e51ac18fa79accb8,2017-10-25T07:20:25.000Z,0.00018104999999999998,0x4454847b528907f6819a6696491370060a37e5d0,sell,0x17fd666fa0784885fa1afec8ac624d9b7e72b752,0x9d5d9e06f2a4d6e7388981ff8a214e0ba0fcad57c2c8f6145dbff31be23e99be
199,1175.753,0.22339307,0x6c740de60199b0634e9fc683dcba6061abc1ddd6,2017-10-25T07:17:31.000Z,0.00019,0x4454847b528907f6819a6696491370060a37e5d0,sell,0x17fd666fa0784885fa1afec8ac624d9b7e72b752,0x0e2da5633135a7b8b2f1e5f4d6b8d145239284fa041f2b7f0ff1ca0610132e2e
200,500,0.102,0xeae3b447e518e257237ebac60ded046ab5ef4984,2017-10-25T07:17:09.000Z,0.000204,0x4454847b528907f6819a6696491370060a37e5d0,sell,0x17fd666fa0784885fa1afec8ac624d9b7e72b752,0xe5739edecd6a48b8b03c35148a6f2d0eb62f7eb0a39a28312b86497aa0a93604
201,45,0.00999,0xe99b579ea0f138fd9022af69410d8cd6e1b1859c,2017-10-25T07:13:36.000Z,0.000222,0x7b1f1661e9788eabf2ca8f0694507988dcba3638,sell,0x17fd666fa0784885fa1afec8ac624d9b7e72b752,0xe6d4230c096e7c5eff128e7ef8588f3420f1747abf78c5dc422ce407f4f9f510
202,51.40663941780481,0.011360867311334863,0x3eab84f29252d0a4efda33b34419bbdc24ab4ca4,2017-10-25T07:13:36.000Z,0.00022099999999999998,0x7b1f1661e9788eabf2ca8f0694507988dcba3638,sell,0x17fd666fa0784885fa1afec8ac624d9b7e72b752,0xb8fe575e9af218c17f35bcc0095913eee2205c7c07a854591bae1b562f0d88c1
203,5300,1.166,0xdf6078331ed46cfae1117f54af3577e8ff967134,2017-10-25T07:12:13.000Z,0.00022,0x4454847b528907f6819a6696491370060a37e5d0,sell,0x17fd666fa0784885fa1afec8ac624d9b7e72b752,0x1239261bfff29f344df636097be10d16378c8ac280edcb30dca5980b35b140dd
204,297.61467124653456,0.09970091486758907,0x055814582aadb70d9db078b7c4837aafc2f6441a,2017-10-25T05:56:57.000Z,0.000335,0xb4ace0b3f4de9f59f0987bf9ce21f7d059d80425,buy,0x17fd666fa0784885fa1afec8ac624d9b7e72b752,0x12b01f1d233331ce25e62cc10d17b0e0e6831eae7825e19c9e9e568c29a064ca
205,2557.9443416110057,0.5678636438376433,0xfbf7dc0756a9768d0c71aea5f8421f3b1eaee7d1,2017-10-25T04:06:05.000Z,0.000222,0xb50f0eb6e3c9169f987c1422fb844b5c7020c1fe,sell,0x17fd666fa0784885fa1afec8ac624d9b7e72b752,0x60aa6baabd35730a843324afd7c591eca813a8981c6e742b3da1e20b2696d721
206,54.75338809356173,0.012155252156770704,0xfbf7dc0756a9768d0c71aea5f8421f3b1eaee7d1,2017-10-25T03:45:24.000Z,0.000222,0x7b1f1661e9788eabf2ca8f0694507988dcba3638,sell,0x17fd666fa0784885fa1afec8ac624d9b7e72b752,0xf53c3b3dd1932aeca8fdcf4b77a47bfbb704c1fd3ef1e9c2a9b52c3855116c5d
207,3,0.000666,0x1d5321e125f6c7079a716705541c7b371ca79e69,2017-10-25T03:31:35.000Z,0.000222,0xb50f0eb6e3c9169f987c1422fb844b5c7020c1fe,buy,0x17fd666fa0784885fa1afec8ac624d9b7e72b752,0xa8c4a89bae2cf73569d82a01f5df0775cc339ca7db9f0fab4847e30166ff1668
208,2.99102691924227,0.000777669990029909,0x0b2de009825eac9a347868b44349aa32e91ef81f,2017-10-25T03:31:35.000Z,0.00026000099999999983,0x1d5321e125f6c7079a716705541c7b371ca79e69,sell,0x17fd666fa0784885fa1afec8ac624d9b7e72b752,0xa8c4a89bae2cf73569d82a01f5df0775cc339ca7db9f0fab4847e30166ff1668
209,1000,0.24,0x6c740de60199b0634e9fc683dcba6061abc1ddd6,2017-10-25T03:05:37.000Z,0.00024,0x7b1f1661e9788eabf2ca8f0694507988dcba3638,sell,0x17fd666fa0784885fa1afec8ac624d9b7e72b752,0x42af5a4ffc2461da31bdf65c8ae571ef7f414c8423d0b5667776a377fe5fb66b
210,125,0.031875,0x1ba8d39ca6eaeee7448209160f51a71aa2803086,2017-10-25T03:05:37.000Z,0.000255,0x7b1f1661e9788eabf2ca8f0694507988dcba3638,sell,0x17fd666fa0784885fa1afec8ac624d9b7e72b752,0xa624a42f442ec7f38587cfeb825f88cd6461c1ee29d764c023596424bb236290
211,115.444,0.03001544,0x6c740de60199b0634e9fc683dcba6061abc1ddd6,2017-10-25T03:05:37.000Z,0.00026,0x7b1f1661e9788eabf2ca8f0694507988dcba3638,sell,0x17fd666fa0784885fa1afec8ac624d9b7e72b752,0xa16498e8174f000c51eebf62c8fe4f5d6be05781d217635439dea856de48610c
212,884.5559665177803,0.2299845512946229,0x6c740de60199b0634e9fc683dcba6061abc1ddd6,2017-10-25T02:05:05.000Z,0.00026,0x7b1f1661e9788eabf2ca8f0694507988dcba3638,sell,0x17fd666fa0784885fa1afec8ac624d9b7e72b752,0x5d0031d59e7ab12494d96f696e426e4752a5217f684ebecd9ac1cdd8608a8592
213,72,0.019512,0x3eab84f29252d0a4efda33b34419bbdc24ab4ca4,2017-10-25T02:04:02.000Z,0.000271,0x7b1f1661e9788eabf2ca8f0694507988dcba3638,sell,0x17fd666fa0784885fa1afec8ac624d9b7e72b752,0x6c78c08a54aa6a90418d52ef734e1ff0a86f39eb9ec15716e397045c9e27ddfa
214,1779.4458647899928,0.48934761281724803,0xf5740e3883055697ac06a90b469a634e8d9a273c,2017-10-25T02:04:02.000Z,0.000275,0x7b1f1661e9788eabf2ca8f0694507988dcba3638,sell,0x17fd666fa0784885fa1afec8ac624d9b7e72b752,0x1d63bf93abb4fc63bab507ce39b95029fa38840fb42f11fa7d6df8817d645fb3
215,1000,0.277,0x6c740de60199b0634e9fc683dcba6061abc1ddd6,2017-10-25T02:00:06.000Z,0.000277,0x7b1f1661e9788eabf2ca8f0694507988dcba3638,sell,0x17fd666fa0784885fa1afec8ac624d9b7e72b752,0x64eaa5a84b8af3085b2ae6c0c45b15bda7c0c93cdd71415087088984dd4d89bd
216,20,0.0068,0x3f1d56ab8a46b483cf2e6aceb8020de24feedd2e,2017-10-25T01:44:10.000Z,0.00034,0xb4ace0b3f4de9f59f0987bf9ce21f7d059d80425,buy,0x17fd666fa0784885fa1afec8ac624d9b7e72b752,0xb526681a5fb6af12c43e3b19bdb8f9c3c3937ffbe82971d256fce797ace0c159
217,0.00000001350635,0.000000000004592161,0x3f1d56ab8a46b483cf2e6aceb8020de24feedd2e,2017-10-25T01:42:35.000Z,0.00034000014807849643,0xb4ace0b3f4de9f59f0987bf9ce21f7d059d80425,buy,0x17fd666fa0784885fa1afec8ac624d9b7e72b752,0x6ce05513334bf32a6dc44608cd6ef1fcaa2c4086c04b2a3c850cc3aab07455e5
218,0.00013548223755,0.000000046063960769,0x3f1d56ab8a46b483cf2e6aceb8020de24feedd2e,2017-10-25T01:41:17.000Z,0.0003400000000147621,0xb4ace0b3f4de9f59f0987bf9ce21f7d059d80425,buy,0x17fd666fa0784885fa1afec8ac624d9b7e72b752,0xb0d673d606010aed692282a1876a9b589c67029b4d6d4754d397ddc69c5b6cd4
219,1.35902232491042,0.000462067590469544,0x3f1d56ab8a46b483cf2e6aceb8020de24feedd2e,2017-10-25T01:39:02.000Z,0.0003400000000000009,0xb4ace0b3f4de9f59f0987bf9ce21f7d059d80425,buy,0x17fd666fa0784885fa1afec8ac624d9b7e72b752,0x13786d7d2167ea84f33408ac6301fddde81d64e6c888be5a59439dfe9afb1e9e
220,1057.350097713115,0.26433752442827874,0xf5740e3883055697ac06a90b469a634e8d9a273c,2017-10-24T18:32:44.000Z,0.00025,0x23629de53757f3279ca1b32e63c399e9eb0246bc,sell,0x17fd666fa0784885fa1afec8ac624d9b7e72b752,0x610072b705b03fafc1a2199abf81870da8e0881b92bb6735bfe7c2b09637c3f1
221,5,0.001725,0x0b773d7819259d78757b26dc4148812d35676d8f,2017-10-24T18:05:14.000Z,0.000345,0x0bc5281da26fe1ed9adbfa014e041a0a76f8aa54,buy,0x17fd666fa0784885fa1afec8ac624d9b7e72b752,0xd69806fdaa7c60575934518be7030986f997157c4746c9467cda6538c73b542a
222,58.59336058219519,0.012949132688665136,0x3eab84f29252d0a4efda33b34419bbdc24ab4ca4,2017-10-24T12:02:23.000Z,0.00022099999999999998,0x3e43b4e95d6e2c8bff378b6726ec513edaf42549,sell,0x17fd666fa0784885fa1afec8ac624d9b7e72b752,0x459deeb31a3dc0b44e3be9b46472551bbfd33d3c8a4935a0e61fa684caf5a519
223,1906.5288579514495,0.6482198117034929,0x21b87496e44272c89693c88d6754d4c9bde8b353,2017-10-24T07:16:37.000Z,0.00034,0x0bc5281da26fe1ed9adbfa014e041a0a76f8aa54,buy,0x17fd666fa0784885fa1afec8ac624d9b7e72b752,0x4ab26ba3cd34973bfc73f1afde0d2d6cc75cf14a45e6c982cf82c4737d915bf1
224,350,0.12495,0x22fb22a7a14c5e4d971352e3748ce87f50d7ea03,2017-10-24T02:07:20.000Z,0.000357,0x7b1f1661e9788eabf2ca8f0694507988dcba3638,buy,0x17fd666fa0784885fa1afec8ac624d9b7e72b752,0x33dc4b012c20138bda98f164cfebab312d749a6fea7f9ae44ae80f65a6f835e8
225,3000,1.044,0x22fb22a7a14c5e4d971352e3748ce87f50d7ea03,2017-10-24T02:02:54.000Z,0.000348,0xfbf7dc0756a9768d0c71aea5f8421f3b1eaee7d1,buy,0x17fd666fa0784885fa1afec8ac624d9b7e72b752,0x34112072022306a304b25a5a0fd4730bec7ce282def2cfe14fee12e8a437e28d
226,848.038,0.295116375962,0x22fb22a7a14c5e4d971352e3748ce87f50d7ea03,2017-10-24T01:59:30.000Z,0.000347999,0xb49fda420b9ce7334c6446af26f06225cbecb401,buy,0x17fd666fa0784885fa1afec8ac624d9b7e72b752,0xffefb9a05952d24ca30245e41f1c06974f88a2411d74eb7c4ff0df4655808d40
227,450,0.1574955,0x3c5d9d96dc123f67f83f2341b067c2a64cf21787,2017-10-23T22:03:09.000Z,0.00034999,0xb49fda420b9ce7334c6446af26f06225cbecb401,buy,0x17fd666fa0784885fa1afec8ac624d9b7e72b752,0x5d3b60b20b5eece1cb2533d5018cd7280c7e1c762709d00853d507ef35c0e1c7
228,99.69100563000137,0.018049056569311748,0x5faaa63171ab3efbbd57c7a4bff84aeb359b608e,2017-10-23T15:43:46.000Z,0.00018104999999999998,0x5c71f7ca58238adbffcb03ce76fb2f8640a015c5,sell,0x17fd666fa0784885fa1afec8ac624d9b7e72b752,0x62ded8017e034bdae5730c7cde2c8b90406f444918081ca66d88b8222f8280f4
229,37.12917105848758,0.006683250790527764,0x5faaa63171ab3efbbd57c7a4bff84aeb359b608e,2017-10-23T14:27:46.000Z,0.00017999999999999998,0x9624fae12c24bcdade48cbb10e50fd662bf2f9f9,sell,0x17fd666fa0784885fa1afec8ac624d9b7e72b752,0x145d22a7f9256b6cc612f079e69aa19d15cae13b0436403e06c6f14389e8a68e
230,100,0.015888,0x5c71f7ca58238adbffcb03ce76fb2f8640a015c5,2017-10-23T14:26:59.000Z,0.00015888,0x9624fae12c24bcdade48cbb10e50fd662bf2f9f9,sell,0x17fd666fa0784885fa1afec8ac624d9b7e72b752,0x864925d5058462feb3c1e9099cdc2866a7fcf8db5b04f91a1395e90822087c60
231,65,0.012675,0x3eab84f29252d0a4efda33b34419bbdc24ab4ca4,2017-10-23T14:25:49.000Z,0.000195,0x9624fae12c24bcdade48cbb10e50fd662bf2f9f9,sell,0x17fd666fa0784885fa1afec8ac624d9b7e72b752,0xa1400ededaae04353b4bb854086b6124aeecd3dd8c481ee5892f589ba730c776
232,0.02789237032434,0.000010041253316765,0xf1600c90d8409e2a9fb2d81c65b31212d163aa3a,2017-10-23T13:54:14.000Z,0.0003600000000000932,0xa7f06f2b51a2f8fd11646d9780350f2041545324,buy,0x17fd666fa0784885fa1afec8ac624d9b7e72b752,0xe487fd97f2ae9c8d88c8deb4cfc2d1d0537da27b2c48cbef142bc4adfb9e103d
233,273.70675469350095,0.10072381202045366,0xf1600c90d8409e2a9fb2d81c65b31212d163aa3a,2017-10-23T13:54:06.000Z,0.000367999,0xb49fda420b9ce7334c6446af26f06225cbecb401,buy,0x17fd666fa0784885fa1afec8ac624d9b7e72b752,0xa857b1cffce5fb06bbbb5405fed707944ba7c6fc25a9dc6f6d709911ff1d6ce7
234,500,0.1,0xf1324968aa42b0aa4fd7fe3b70f7457b4e37d0c6,2017-10-23T13:19:28.000Z,0.0002,0x778c879a6d29ce7579280e3a8caa4ffa8f973920,sell,0x17fd666fa0784885fa1afec8ac624d9b7e72b752,0x93fccce76afb7f4d8eb66148d50092133b21092c16ddcbf473bc548f0e49885a
235,9815.796,2.14848142848,0x5c71f7ca58238adbffcb03ce76fb2f8640a015c5,2017-10-23T13:16:13.000Z,0.00021888,0x778c879a6d29ce7579280e3a8caa4ffa8f973920,sell,0x17fd666fa0784885fa1afec8ac624d9b7e72b752,0x42e364675ccc0e00d40b7bacec57ef0541230c7d7bdb649402dd15456fd4dc7c
236,184.2039677001296,0.04031856445020436,0x5c71f7ca58238adbffcb03ce76fb2f8640a015c5,2017-10-23T13:06:14.000Z,0.00021888,0xbea606631b65b8f0279879b0ffe00dbb7fdfba9a,sell,0x17fd666fa0784885fa1afec8ac624d9b7e72b752,0xc24a5594010ca2f63269c940a67a6fa627e12d11f2a2ef08e5a79bc369d0adca
237,75,0.016575,0x3eab84f29252d0a4efda33b34419bbdc24ab4ca4,2017-10-23T13:04:35.000Z,0.000221,0xbea606631b65b8f0279879b0ffe00dbb7fdfba9a,sell,0x17fd666fa0784885fa1afec8ac624d9b7e72b752,0x083a2b5f8b12b4d4d6fe87bf507ec410a6e25f2d1e3e31742580e2866577ce6c
238,0.034,0.00000748,0x5faaa63171ab3efbbd57c7a4bff84aeb359b608e,2017-10-23T11:40:13.000Z,0.00022,0x5efdca26e7cbb98c4f23a46d7a724c6c9148d0cf,sell,0x17fd666fa0784885fa1afec8ac624d9b7e72b752,0xe915a1c252d76f9311cc900e9de9ef4fbf045e489dc776dcc610a6daf7cd2808
239,344.387399062905,0.0757652277938391,0x5faaa63171ab3efbbd57c7a4bff84aeb359b608e,2017-10-23T11:38:32.000Z,0.00021999999999999998,0x5efdca26e7cbb98c4f23a46d7a724c6c9148d0cf,sell,0x17fd666fa0784885fa1afec8ac624d9b7e72b752,0x65daa42e886459148432d2692e660cf3e1c4806736612089b5f3e37890f691d3
240,3.05754348803807,0.001008989351052563,0x2cc2aeaefdee00450028a95547fc131ec9185e61,2017-10-23T10:24:24.000Z,0.00032999999999999994,0x7b1f1661e9788eabf2ca8f0694507988dcba3638,sell,0x17fd666fa0784885fa1afec8ac624d9b7e72b752,0x359b60c0e8f3e5af58fb2ec5bd3ac707fa38a0ea333b2350e0dfe5ef27f49f87
241,39.44870900209351,0.013018073970690857,0x2cc2aeaefdee00450028a95547fc131ec9185e61,2017-10-23T10:16:41.000Z,0.00033,0xb584dc7bf96289cbb297c546c4c6e98db9184914,sell,0x17fd666fa0784885fa1afec8ac624d9b7e72b752,0xfd961f25471a621d01829d065553fc5ae76dcd8e4b9d5b679f8a656cd0e4fcba
242,343,0.104615343,0x602c646c336c27753630376b1620bddc43d7f489,2017-10-23T10:14:34.000Z,0.000305001,0xb584dc7bf96289cbb297c546c4c6e98db9184914,sell,0x17fd666fa0784885fa1afec8ac624d9b7e72b752,0xce6c5b2ee1a7319360edadd7de5c920ffd447b93eda4db20284cdb7621bff624
243,250,0.07625,0x7b0ae8cb79e1401813dfef15917536070ef89f35,2017-10-23T10:14:04.000Z,0.000305,0xb584dc7bf96289cbb297c546c4c6e98db9184914,sell,0x17fd666fa0784885fa1afec8ac624d9b7e72b752,0x1cb479971fbc05be0e8843a1526e036c817ec737065fb7e2ea3bb5d55dc2c439
244,250,0.07625,0x7b0ae8cb79e1401813dfef15917536070ef89f35,2017-10-23T10:14:04.000Z,0.000305,0xb584dc7bf96289cbb297c546c4c6e98db9184914,sell,0x17fd666fa0784885fa1afec8ac624d9b7e72b752,0x33e73b154bbf15dcd438d9f7d80c3cfc4d31f992968ba1edc512698e1bd119c6
245,300,0.0876,0xdbbae39c54992479faac890e81eb4d8579b951d6,2017-10-23T10:13:10.000Z,0.000292,0xb584dc7bf96289cbb297c546c4c6e98db9184914,sell,0x17fd666fa0784885fa1afec8ac624d9b7e72b752,0xfe62f3f9dabb8fc2ae6c348c42ba9ef00f0bd86ced3f5076d10f0845f39b42bd
246,2050,0.6765,0x2cc2aeaefdee00450028a95547fc131ec9185e61,2017-10-23T07:32:19.000Z,0.00033,0x7b1f1661e9788eabf2ca8f0694507988dcba3638,sell,0x17fd666fa0784885fa1afec8ac624d9b7e72b752,0xaca9de39816431ec1c5edd4948ca04c7851744cb0f08e96c52c3ec8d399a9e34
247,2000,0.66,0x2cc2aeaefdee00450028a95547fc131ec9185e61,2017-10-23T06:52:32.000Z,0.00033,0x7b1f1661e9788eabf2ca8f0694507988dcba3638,sell,0x17fd666fa0784885fa1afec8ac624d9b7e72b752,0x5d81cad061f758a44248465cca7fca8ca78da439fa5de58858838614fcc5b25d
248,2.22222222222222,0.001,0x4a57d0208164a1c1c63c75395dc444428a07b50a,2017-10-23T06:14:47.000Z,0.0004500000000000005,0xb4ace0b3f4de9f59f0987bf9ce21f7d059d80425,buy,0x17fd666fa0784885fa1afec8ac624d9b7e72b752,0xac1e6c635513aee6e9f01a24129ff8e94477f14266d828d316dd8ee05c58c362
249,987.4937475098684,0.32587293667825656,0x2cc2aeaefdee00450028a95547fc131ec9185e61,2017-10-23T05:54:11.000Z,0.00033,0x798c0e3ad241c702d40b6134bb14a75b4b9878f0,sell,0x17fd666fa0784885fa1afec8ac624d9b7e72b752,0x6834e95e891c6510a0e2296fe8ded2d9360f0805e6644584b1798a2b0c4966f4
250,0.99690958030106,0.000304057421991823,0x3eab84f29252d0a4efda33b34419bbdc24ab4ca4,2017-10-23T03:51:33.000Z,0.0003049999999999997,0x7d053385a05276eedcaf706325ae34ae544741a6,sell,0x17fd666fa0784885fa1afec8ac624d9b7e72b752,0xd6228edc15a118221bc5bb9dc0a7eb3de3608fc31770f155eafcb2dd0e8a1500
251,2621.771674823675,0.8127492191953392,0xfbf7dc0756a9768d0c71aea5f8421f3b1eaee7d1,2017-10-23T03:35:15.000Z,0.00031,0xb4ace0b3f4de9f59f0987bf9ce21f7d059d80425,sell,0x17fd666fa0784885fa1afec8ac624d9b7e72b752,0x20fe3cb62dde402e2238334d7fbbbc211b5ab93c5603d60077dc0402a6e4cfc6
252,378.2283251763253,0.11725078080466085,0xfbf7dc0756a9768d0c71aea5f8421f3b1eaee7d1,2017-10-23T03:34:03.000Z,0.00031,0x3da6526e4b1ee9549264578fe6a22c13a08a8cc3,sell,0x17fd666fa0784885fa1afec8ac624d9b7e72b752,0x4092fd52ea21d7833c879ea08df6f544c0444f7ea15b898935901e06ef95b709
253,100,0.035,0xffe9735ecee5a3b9d043c09d4d2c5ee1df08473b,2017-10-23T03:33:14.000Z,0.00035,0xb4ace0b3f4de9f59f0987bf9ce21f7d059d80425,sell,0x17fd666fa0784885fa1afec8ac624d9b7e72b752,0x30ca7a399c082a19e76f715e12eb45890e680a8a20e99344f66f80da7951bda8
254,35,0.0119,0xa41ceb74324fd3369f7dc24c05aa2e895096c293,2017-10-23T03:32:36.000Z,0.00034,0xb4ace0b3f4de9f59f0987bf9ce21f7d059d80425,sell,0x17fd666fa0784885fa1afec8ac624d9b7e72b752,0x13b058da0afbadf905f35dc161b1cb2914d5a8c8f29262feb3a378b34670e23e
255,100,0.035,0xffe9735ecee5a3b9d043c09d4d2c5ee1df08473b,2017-10-23T03:32:20.000Z,0.00035,0xb4ace0b3f4de9f59f0987bf9ce21f7d059d80425,sell,0x17fd666fa0784885fa1afec8ac624d9b7e72b752,0x2b8b16bb75f7f17766ea3cfdfcd3dc72001d02f7fd3037d3929f712c3f17733b
256,200,0.078,0x3ad98de69e8603a1933333da6c8906203842e7c7,2017-10-23T01:33:05.000Z,0.00039,0x38297fa6ceb009353007045ac6a895bcf74d3b4d,buy,0x17fd666fa0784885fa1afec8ac624d9b7e72b752,0xac373942e6c5285bb92cba58522e0c52ad6c22f3a7dcbef85568a526652101e7
257,520.6362593813302,0.23428631672159858,0x074eb01c33023ac13034b0bdea31d67fb71d414e,2017-10-23T00:28:12.000Z,0.00045,0x38297fa6ceb009353007045ac6a895bcf74d3b4d,buy,0x17fd666fa0784885fa1afec8ac624d9b7e72b752,0xfa5725e470bc242d6767499d04d7b7626bae45ec8227ee815b38f5d085dd7f65
258,280,0.126,0x97e55e166df684b33489f17b9ddbaf919b6fe428,2017-10-23T00:04:50.000Z,0.00045,0x38297fa6ceb009353007045ac6a895bcf74d3b4d,buy,0x17fd666fa0784885fa1afec8ac624d9b7e72b752,0x8c01f51e423682a4f1756770a3281e24f884e205e0ca63119b4560bb4d535fa1
259,2215,0.99675,0x63353050d8da32ef36da11892b82f06e1ea40cee,2017-10-23T00:01:54.000Z,0.00045,0x38297fa6ceb009353007045ac6a895bcf74d3b4d,buy,0x17fd666fa0784885fa1afec8ac624d9b7e72b752,0x71a19e5285a702a71971bfddc867da7eac07263b980366e7990614e711fb413f
260,1000,0.45,0x755dfe72cff68f68627b7a6ce5ef96ece2bfcfdc,2017-10-22T23:56:13.000Z,0.00045,0x38297fa6ceb009353007045ac6a895bcf74d3b4d,buy,0x17fd666fa0784885fa1afec8ac624d9b7e72b752,0xfe3126859af6a13ea86cff9c4d12ea7e4a6740214f61a684bb9c8d5c4591b266
261,4000,1.8,0x755dfe72cff68f68627b7a6ce5ef96ece2bfcfdc,2017-10-22T23:49:09.000Z,0.00045,0x38297fa6ceb009353007045ac6a895bcf74d3b4d,buy,0x17fd666fa0784885fa1afec8ac624d9b7e72b752,0x4b8e7cacbcd3f487d977ec4d6c189eed4769adc091b442318c61743422ad8d51
262,25,0.01125,0x090ebc7739ad7842e02aa31d2d91505186559783,2017-10-22T23:34:39.000Z,0.00045,0xff64f34e8511693e3dffa0e1fe037a6a65f3937b,buy,0x17fd666fa0784885fa1afec8ac624d9b7e72b752,0xb156f16ab6b22354c13d0071142f64f8c47791d717bb01325e8141c7ada8eeed
263,50,0.0235,0xd960ae5f5294d1c06af036e78bcd9dca1e7840b8,2017-10-22T22:38:18.000Z,0.00047,0x872c1fc16c09fe1c9c3482b6e7f0bf3c9adc2f13,buy,0x17fd666fa0784885fa1afec8ac624d9b7e72b752,0x6dd1417a213ea144030924270eec390a6806fe1f88144c671a2f297e284b2205
264,27,0.01269,0xff64f34e8511693e3dffa0e1fe037a6a65f3937b,2017-10-22T21:02:17.000Z,0.00047,0x872c1fc16c09fe1c9c3482b6e7f0bf3c9adc2f13,buy,0x17fd666fa0784885fa1afec8ac624d9b7e72b752,0xfabfa50d1c1cc8e5328f338e36a77588f9c5800e50336a2cca2d850dea7af61f
265,1725,0.828,0x76c024ef6358c4c4de93f9addefa1e0c19b9cb31,2017-10-22T20:41:30.000Z,0.00048,0xbbab400ed56179fc0a099f844fb9764d6593e630,sell,0x17fd666fa0784885fa1afec8ac624d9b7e72b752,0x69ae47cc7b26e9d8eb0cd5bf01b2258efb8b9207b2192883c23a02413a6ba553
266,694,0.24984,0x1fd7cc1812143a94723c8d6b3e5d5686c55dc9f7,2017-10-22T20:31:22.000Z,0.00036,0xbbab400ed56179fc0a099f844fb9764d6593e630,sell,0x17fd666fa0784885fa1afec8ac624d9b7e72b752,0xfd23a937da003db97687f3308a568200d8971d5cd73f00e67e15be547c46ba77
267,91,0.0453817,0x9624fae12c24bcdade48cbb10e50fd662bf2f9f9,2017-10-22T18:55:44.000Z,0.0004987,0x821d0a4d591ece6b8069abed384a8df8697d27c3,buy,0x17fd666fa0784885fa1afec8ac624d9b7e72b752,0x7f49b586c298f08e7c385b0437cac1031e5dd1d0f6631b4bcac0fa7528ae6679
268,1,0.0004999,0xe1fa699860444be91d366c21de8fef56e3dec77a,2017-10-22T18:18:38.000Z,0.0004999,0xb49fda420b9ce7334c6446af26f06225cbecb401,buy,0x17fd666fa0784885fa1afec8ac624d9b7e72b752,0x1c0559726770d4368e3d2810b8c62e65c9ea313b684299ee7b0ec49ba97e1749
269,8000,2.56,0x5faaa63171ab3efbbd57c7a4bff84aeb359b608e,2017-10-22T18:16:11.000Z,0.00032,0x9ede85be9a545c763ad26dc8f008fbf09a6fc3ef,sell,0x17fd666fa0784885fa1afec8ac624d9b7e72b752,0x2862dc42b24be87924c6bfe460535c23629d650cd33e2c097674417e21d6a64f
270,100,0.035002,0xffe9735ecee5a3b9d043c09d4d2c5ee1df08473b,2017-10-22T18:14:29.000Z,0.00035002,0x9ede85be9a545c763ad26dc8f008fbf09a6fc3ef,sell,0x17fd666fa0784885fa1afec8ac624d9b7e72b752,0x1a79068024d243bfd4321fdcd8db227202d24ebf3caf2f250c60478e47968cbe
271,0.01113533570079,0.000005565440783258,0x9624fae12c24bcdade48cbb10e50fd662bf2f9f9,2017-10-22T17:38:51.000Z,0.0004998000000002836,0x821d0a4d591ece6b8069abed384a8df8697d27c3,buy,0x17fd666fa0784885fa1afec8ac624d9b7e72b752,0xefce35a84d70cd81e92ca9dc938f39d800e5c456fe20c011670558a225bdd0f8
272,111.69855241468534,0.055826936496859735,0x9624fae12c24bcdade48cbb10e50fd662bf2f9f9,2017-10-22T17:38:04.000Z,0.0004998,0x821d0a4d591ece6b8069abed384a8df8697d27c3,buy,0x17fd666fa0784885fa1afec8ac624d9b7e72b752,0x7abccacc444239cd46ebfd241ab4440d7b832f5bffd9411aae978722df283f3f
273,522,0.1827,0x38297fa6ceb009353007045ac6a895bcf74d3b4d,2017-10-22T17:18:38.000Z,0.00035,0x7b1f1661e9788eabf2ca8f0694507988dcba3638,sell,0x17fd666fa0784885fa1afec8ac624d9b7e72b752,0x0bddf16639f95b1a0c7808fc9cd544959d0ce2b8e729d38c0035d80753d16979
274,146.5457083042568,0.05129099790648988,0x38297fa6ceb009353007045ac6a895bcf74d3b4d,2017-10-22T16:57:37.000Z,0.00035,0x3038bc9460202cf937c09538f9a5354db70cf88f,sell,0x17fd666fa0784885fa1afec8ac624d9b7e72b752,0x881a94dae29b896777921f8ab94a8030e763d9335d34a6c819d9d09963980d0f
275,20.94454841718036,0.010470179753748463,0xfb7841ac011090acd01aff299582c09079fffb1b,2017-10-22T16:44:32.000Z,0.0004999000000000001,0xb49fda420b9ce7334c6446af26f06225cbecb401,buy,0x17fd666fa0784885fa1afec8ac624d9b7e72b752,0x7a76f9a636ad2edca0d7661ba4853a97f7e7e7275f97dc1daf9e8e2c23140464
276,100,0.033884,0x3eab84f29252d0a4efda33b34419bbdc24ab4ca4,2017-10-22T11:20:22.000Z,0.00033884,0xbbab400ed56179fc0a099f844fb9764d6593e630,sell,0x17fd666fa0784885fa1afec8ac624d9b7e72b752,0x434f036d658d4f40c4f47739b91a469225926a0bb69128325a9f138744718dee
277,51.96481846362011,0.01896715873922134,0x25621541ae541f170aeeb4c507f3cc7cbf4c1a73,2017-10-22T11:19:59.000Z,0.000365,0xbbab400ed56179fc0a099f844fb9764d6593e630,sell,0x17fd666fa0784885fa1afec8ac624d9b7e72b752,0x339fabc240b0f94a2dfebfa3d416313bccd71196d4f2e9f32201d08da6df6465
278,1573.2208333482913,0.7944765208408872,0x949ff303605d3404999997ee76a1ac8772bce2ad,2017-10-22T11:11:30.000Z,0.000505,0x33a8316094b5c0ea2c4cbae659c1c1b11ff8c06f,buy,0x17fd666fa0784885fa1afec8ac624d9b7e72b752,0xf00d93b584465a6f0c5cddcbec910872d4c20e996087e244d322d7018a991da4
279,2690.0812017019102,1.3584910068594647,0x36c809de4fe5bdec748355c3afb57d381cb6780f,2017-10-22T10:44:46.000Z,0.000505,0x33a8316094b5c0ea2c4cbae659c1c1b11ff8c06f,buy,0x17fd666fa0784885fa1afec8ac624d9b7e72b752,0xe850c8b625b048b3af10fdf77a329e413488037bb8b0af8f5b5a7b57b9efc41d
280,1793,0.894707,0x36c809de4fe5bdec748355c3afb57d381cb6780f,2017-10-22T10:42:39.000Z,0.000499,0xfbf7dc0756a9768d0c71aea5f8421f3b1eaee7d1,buy,0x17fd666fa0784885fa1afec8ac624d9b7e72b752,0x72b3533eb2013d0c6d75d2058cc923b5d81f2f9a91269171bbefc1a509ca1b73
281,66.812,0.03140164,0x5d57de9d13b06d5eae8081e773ae4c00871bec67,2017-10-22T09:47:14.000Z,0.00047,0x0ae2d2b3a41f08ea2674178a6ea95a916aef0e6b,buy,0x17fd666fa0784885fa1afec8ac624d9b7e72b752,0xa748cabb7722122627c92251bdc4155d30905b1acdd706931916edd5e5cd497d
282,200,0.093,0x3ad98de69e8603a1933333da6c8906203842e7c7,2017-10-22T09:38:46.000Z,0.000465,0xee4e91f82a4857eee513648ca736ca71fdbddb96,buy,0x17fd666fa0784885fa1afec8ac624d9b7e72b752,0xcd9282b6fd73668cddda31c11e16a136cf0cabaeeb1e06760681e0944d4f6b9a
283,200,0.08,0xee4e91f82a4857eee513648ca736ca71fdbddb96,2017-10-22T07:06:45.000Z,0.0004,0x7b1f1661e9788eabf2ca8f0694507988dcba3638,sell,0x17fd666fa0784885fa1afec8ac624d9b7e72b752,0x8778ce585988c865038e3956e3721f88aec3b0bf64836d6c62cea41e3a1f89ce
284,0.03518153637989,0.000012841260778659,0x25621541ae541f170aeeb4c507f3cc7cbf4c1a73,2017-10-22T06:15:50.000Z,0.0003649999999999758,0x694944972a9c2a6166c76d6e72861f492e27af77,sell,0x17fd666fa0784885fa1afec8ac624d9b7e72b752,0xe9873372ddaab8c331675d66c6d2c27376ca8b5f2a73e2d89cf3f4adc590560d
285,8485.580630840075,2.9699532207940265,0x38297fa6ceb009353007045ac6a895bcf74d3b4d,2017-10-22T04:43:39.000Z,0.00035,0xa4e3d31e14c2718d99d32af4716c5cfccfc92e58,sell,0x17fd666fa0784885fa1afec8ac624d9b7e72b752,0x25ca6865c6abd06cc5d5e1744489a6b3b442fa503213ef02186a69304d6c3052
286,3400,1.19,0x38297fa6ceb009353007045ac6a895bcf74d3b4d,2017-10-22T04:36:13.000Z,0.00035,0xa4e3d31e14c2718d99d32af4716c5cfccfc92e58,sell,0x17fd666fa0784885fa1afec8ac624d9b7e72b752,0xde925456fe5eacae56bafa36f4d4c9fb7c8fdbf3e2ee7d7e496f15bd64500eda
287,2400,0.8424,0x240c77a7567c784e8f78637152ea0dd3327c6c96,2017-10-22T04:19:27.000Z,0.000351,0xa4e3d31e14c2718d99d32af4716c5cfccfc92e58,sell,0x17fd666fa0784885fa1afec8ac624d9b7e72b752,0x5db4ebf3a780b54ed302bef0da1993d53601784d63e4f5cdc892c5c463b9263b
288,262.53593079567935,0.14413222600682796,0xa4e3d31e14c2718d99d32af4716c5cfccfc92e58,2017-10-22T04:12:52.000Z,0.000549,0xfbf7dc0756a9768d0c71aea5f8421f3b1eaee7d1,buy,0x17fd666fa0784885fa1afec8ac624d9b7e72b752,0xa5b3361932ca83ca78e473adaf912169b5cc0c888970d88d69241ce59c4ca584
289,44.63418507867458,0.024504167608192347,0xef190ee6a30ea651f98da8d74d600d584c88215d,2017-10-22T04:11:08.000Z,0.000549,0xfbf7dc0756a9768d0c71aea5f8421f3b1eaee7d1,buy,0x17fd666fa0784885fa1afec8ac624d9b7e72b752,0x84f4df08d26c07db49319d5e86de60bcc84d74253f731c7f0c00b3010a917154
290,889.326,0.47134278,0x1679ab90cd9031eb594c07ec479640987ec5fa31,2017-10-22T03:02:48.000Z,0.00053,0x03300279d711b8deb1353dd9719eff81ea1b6bed,buy,0x17fd666fa0784885fa1afec8ac624d9b7e72b752,0x9d1e0ad882fe2dc36b60422b55a7d783adc3f41d785877f9f4165ddcb410816c
291,66.812,0.0247271212,0x0ae2d2b3a41f08ea2674178a6ea95a916aef0e6b,2017-10-21T23:59:26.000Z,0.0003701,0x6c9d551366da8dfa9bc0f89f222871283cfc9864,sell,0x17fd666fa0784885fa1afec8ac624d9b7e72b752,0xcb4d2ebad2b8e7c090351c23b78a9477e2b4391898d2c954a161021a65fbe461
292,47.2048123125696,0.01751298536796332,0x3eab84f29252d0a4efda33b34419bbdc24ab4ca4,2017-10-21T23:58:53.000Z,0.00037099999999999996,0x6c9d551366da8dfa9bc0f89f222871283cfc9864,sell,0x17fd666fa0784885fa1afec8ac624d9b7e72b752,0x434bc79cab310011bd390942c04d57dd14d7ca8a35d38a686baf0d06736c6cda
293,47.8516598544512,0.017752965806001397,0x3eab84f29252d0a4efda33b34419bbdc24ab4ca4,2017-10-21T23:57:09.000Z,0.00037099999999999996,0x6c9d551366da8dfa9bc0f89f222871283cfc9864,sell,0x17fd666fa0784885fa1afec8ac624d9b7e72b752,0xaa29adb14f6d60da76f179ede463c31302d2c4c649d8d36d41d617a3e66954ee
294,4.9435278329792,0.001834048826035283,0x3eab84f29252d0a4efda33b34419bbdc24ab4ca4,2017-10-21T23:31:01.000Z,0.00037099999999999996,0x50c020fc4c27eb8e8ae5044c9f3ec6c0f7f731ab,sell,0x17fd666fa0784885fa1afec8ac624d9b7e72b752,0x91b9a98f5ce2dc07505eefeaf723654cb5d86fed1e5e11675dcf804bdb3dc987
295,724.7668466906666,0.26091678957548664,0x1a2db6ba0edd5462e5e7a201326f411ecb526cce,2017-10-21T23:28:59.000Z,0.000360001,0x50c020fc4c27eb8e8ae5044c9f3ec6c0f7f731ab,sell,0x17fd666fa0784885fa1afec8ac624d9b7e72b752,0xfc04143cd5c90dbddbf532115147f26c9ea886ec5c6560f53fc183cf93ba45e4
296,2700,0.9990027,0x2475fe4d7a9d7d2e7908baf6697b801596bf5148,2017-10-21T23:28:59.000Z,0.000370001,0x50c020fc4c27eb8e8ae5044c9f3ec6c0f7f731ab,sell,0x17fd666fa0784885fa1afec8ac624d9b7e72b752,0xcc1ce70301a59801f6b0365b7ff4bad9d7ed80465135bfe085ad00a85950bbf6
297,578.1557850962017,0.24860698759136676,0x9ede85be9a545c763ad26dc8f008fbf09a6fc3ef,2017-10-21T21:05:29.000Z,0.00043,0x7b1f1661e9788eabf2ca8f0694507988dcba3638,sell,0x17fd666fa0784885fa1afec8ac624d9b7e72b752,0x6197a639bef82ce4df8ecc9f0dd2fa34c05230591cd3c84f44bce5a10951d410
298,2000.8442149037983,0.8603630124086332,0x9ede85be9a545c763ad26dc8f008fbf09a6fc3ef,2017-10-21T20:54:11.000Z,0.00043,0x1c90421773db63923e2049a569761d0fd7f286a5,sell,0x17fd666fa0784885fa1afec8ac624d9b7e72b752,0xdf57a5f3e602c7436d55b7cb5f910874016bc63da56d28d82646ac76fcfba2e2
299,2621,1.12703,0x9ede85be9a545c763ad26dc8f008fbf09a6fc3ef,2017-10-21T20:46:37.000Z,0.00043,0x7b1f1661e9788eabf2ca8f0694507988dcba3638,sell,0x17fd666fa0784885fa1afec8ac624d9b7e72b752,0x35fed4a56f2385ef74ef15c77972cd0512c17e8e2dbf29faa3645995286938d6
300,800,0.352,0x8af43b4af53ede78e4186de00cdb68776527ea69,2017-10-21T19:50:35.000Z,0.00044,0x7b1f1661e9788eabf2ca8f0694507988dcba3638,sell,0x17fd666fa0784885fa1afec8ac624d9b7e72b752,0xe0e50ac683a01c605d26a0225237f3f7add7b0c7e54e5e485d6fe1b59fad733a
301,1599.1247794354094,0.7036149029515801,0xd846f51b5861ff6cc694b00277bcfacfd96f6faa,2017-10-21T19:50:35.000Z,0.00044,0x7b1f1661e9788eabf2ca8f0694507988dcba3638,sell,0x17fd666fa0784885fa1afec8ac624d9b7e72b752,0x8d072d2a6e989fe0d8870839ff7aecc83b545d83b02d73889a651b3a4545211f
302,150,0.09255,0xfb7841ac011090acd01aff299582c09079fffb1b,2017-10-21T19:24:19.000Z,0.000617,0xfbf7dc0756a9768d0c71aea5f8421f3b1eaee7d1,buy,0x17fd666fa0784885fa1afec8ac624d9b7e72b752,0x18d1039091e3383b977743dad88d9ede71a2a11ade554ebdd8ade778e2bd9460
303,900.8752205645906,0.39638509704841984,0xd846f51b5861ff6cc694b00277bcfacfd96f6faa,2017-10-21T19:15:30.000Z,0.00044,0x7b1f1661e9788eabf2ca8f0694507988dcba3638,sell,0x17fd666fa0784885fa1afec8ac624d9b7e72b752,0xd642fb0c05b15b8a3ef0c3bd6a65b935cb0de63ba73f22818cab296ff3351c4e
304,2017.8949832490862,0.9348907457393015,0x9ede85be9a545c763ad26dc8f008fbf09a6fc3ef,2017-10-21T19:12:47.000Z,0.0004633,0x7b1f1661e9788eabf2ca8f0694507988dcba3638,sell,0x17fd666fa0784885fa1afec8ac624d9b7e72b752,0xe763900098821b4af5ed1a32436775c489b190f54bdb273a41d2f87630fbf107
305,250,0.1545,0x080cbc834838de630882e9b356a9bc3e4181e200,2017-10-21T18:56:39.000Z,0.000618,0xfbf7dc0756a9768d0c71aea5f8421f3b1eaee7d1,buy,0x17fd666fa0784885fa1afec8ac624d9b7e72b752,0xfd1217d666e40d4516aec93fc829d36b5ec8470c8b8ee3ada51f3b65666bddf1
306,747.322871740768,0.34623468647749783,0x9ede85be9a545c763ad26dc8f008fbf09a6fc3ef,2017-10-21T18:26:20.000Z,0.0004633,0x7b1f1661e9788eabf2ca8f0694507988dcba3638,sell,0x17fd666fa0784885fa1afec8ac624d9b7e72b752,0x6b47bdc30cebac351d8f45ab81e967360dd2a9ffd181bfa6ee39d92dbba65708
307,1500,0.6975,0xfbf7dc0756a9768d0c71aea5f8421f3b1eaee7d1,2017-10-21T18:23:16.000Z,0.000465,0x7b1f1661e9788eabf2ca8f0694507988dcba3638,sell,0x17fd666fa0784885fa1afec8ac624d9b7e72b752,0x9bf21dd29c2501c6cc2bdaacbde1c61e9571fb53f6495d47a15d2f482fa3d47e
308,409.833,0.190982178,0xb58e93435a5a28a8345e28a0c2eaa240c42e2af0,2017-10-21T18:23:16.000Z,0.000466,0x7b1f1661e9788eabf2ca8f0694507988dcba3638,sell,0x17fd666fa0784885fa1afec8ac624d9b7e72b752,0x5dd269ec79ee8ade366b1b046ba4a9760e760527c96e85ecf62424e3b4a117dc
309,942.1653316445646,0.4390490445463671,0xb58e93435a5a28a8345e28a0c2eaa240c42e2af0,2017-10-21T17:30:43.000Z,0.000466,0x7b1f1661e9788eabf2ca8f0694507988dcba3638,sell,0x17fd666fa0784885fa1afec8ac624d9b7e72b752,0x98496cbf14dcaf6654184b4fe1dcc88d324eb0e8d18e061da5dd363e998f7a30
310,750.7726049247333,0.3506108064998505,0xfbf7dc0756a9768d0c71aea5f8421f3b1eaee7d1,2017-10-21T17:29:02.000Z,0.00046699999999999997,0x7b1f1661e9788eabf2ca8f0694507988dcba3638,sell,0x17fd666fa0784885fa1afec8ac624d9b7e72b752,0xe938f89f4b88ff96af5e8c7d90d95eb66c9bdda0d9c6c0d331e42e54496f0947
311,178.235,0.086443975,0xe43a6bc52ee106b029f738ee0cdbe8ed9f03c899,2017-10-21T17:29:02.000Z,0.000485,0x7b1f1661e9788eabf2ca8f0694507988dcba3638,sell,0x17fd666fa0784885fa1afec8ac624d9b7e72b752,0xb1fe59904f041c3fdaf04b348fdf7fd0e496969f20ad6abc31accedb3de7b851
312,500,0.2400005,0xb58e93435a5a28a8345e28a0c2eaa240c42e2af0,2017-10-21T17:29:02.000Z,0.000480001,0x7b1f1661e9788eabf2ca8f0694507988dcba3638,sell,0x17fd666fa0784885fa1afec8ac624d9b7e72b752,0x4fb8d635976f7cc28f853cac7453e37a9c4c48f1fb52317a75735a3bc43b89ff
313,0.01712170035347,0.000008304024671432,0xe43a6bc52ee106b029f738ee0cdbe8ed9f03c899,2017-10-21T17:25:30.000Z,0.0004849999999999445,0x7b1f1661e9788eabf2ca8f0694507988dcba3638,sell,0x17fd666fa0784885fa1afec8ac624d9b7e72b752,0x5381dc4d27450035d1814d6ab6e2d0f24bda1ec70cfca6f7d5dd004ea57e50c8
314,171.74777624564027,0.08329767147913553,0xe43a6bc52ee106b029f738ee0cdbe8ed9f03c899,2017-10-21T16:57:10.000Z,0.00048499999999999997,0x7b1f1661e9788eabf2ca8f0694507988dcba3638,sell,0x17fd666fa0784885fa1afec8ac624d9b7e72b752,0x90f315b7dcd6f9065e45259a37a41dcb3d2c18afeb0779ce330b62e3734842ca
315,1480,0.7326,0x6914934f32f4cfe1b674caa520f046f098a636ed,2017-10-21T16:55:13.000Z,0.000495,0x7b1f1661e9788eabf2ca8f0694507988dcba3638,sell,0x17fd666fa0784885fa1afec8ac624d9b7e72b752,0xb5449f69a1be7402c5ec00f0ef2c9d9b8c7405f1bd4363851cc538d360a3a4f1
316,719,0.35232438,0xc126aa812603c3d3788704e19420920c9bda819d,2017-10-21T16:55:13.000Z,0.00049002,0x7b1f1661e9788eabf2ca8f0694507988dcba3638,sell,0x17fd666fa0784885fa1afec8ac624d9b7e72b752,0x9c7016f973fa463cdff183fcc8470550635eed870be5dc16619bc741849fd14b
317,162,0.0891,0x9ede85be9a545c763ad26dc8f008fbf09a6fc3ef,2017-10-21T16:48:32.000Z,0.00055,0xb4644415a639bf48418f50717ea59e7299682173,buy,0x17fd666fa0784885fa1afec8ac624d9b7e72b752,0xe75827f3a30bc52e722789f9c92c26d43b057a5301c9c7359fe1966ab6dccf1c
318,473.0234200174534,0.2294163587084649,0xc126aa812603c3d3788704e19420920c9bda819d,2017-10-21T16:33:17.000Z,0.00048499999999999997,0x7b1f1661e9788eabf2ca8f0694507988dcba3638,sell,0x17fd666fa0784885fa1afec8ac624d9b7e72b752,0xb1e26b30fc6f4860176087db9b71f3b058eed501457c3c2184bd1920c6cb91a8
319,94.70641012860133,0.04546097098993121,0xe43a6bc52ee106b029f738ee0cdbe8ed9f03c899,2017-10-21T16:29:52.000Z,0.00048002,0x0216facf7143763f55643e8164f4bb5b18809ec9,sell,0x17fd666fa0784885fa1afec8ac624d9b7e72b752,0x4599ddf2b473f3b07ac2e3eae5e3b0df440959120c4422685e04b5b34f804135
320,249.22739507526666,0.11638919350014953,0xfbf7dc0756a9768d0c71aea5f8421f3b1eaee7d1,2017-10-21T15:41:08.000Z,0.00046699999999999997,0x7b1f1661e9788eabf2ca8f0694507988dcba3638,sell,0x17fd666fa0784885fa1afec8ac624d9b7e72b752,0x1741b21fe0d2c21f62fe4805a030fff72fab93210a079f404fd32674b5d458c6
321,934.7821450101459,0.4330845677832006,0x9ede85be9a545c763ad26dc8f008fbf09a6fc3ef,2017-10-21T14:31:40.000Z,0.0004633,0xff3f8d703bbfca2bd2be9eb2ba182f071b84f975,sell,0x17fd666fa0784885fa1afec8ac624d9b7e72b752,0x6dfb0d3cd0b18a05caadfe031cc14bb1e838bdcc4d78ec052226e4657df847b5
322,250,0.11750025,0x7b1f1661e9788eabf2ca8f0694507988dcba3638,2017-10-21T14:29:44.000Z,0.000470001,0xff3f8d703bbfca2bd2be9eb2ba182f071b84f975,sell,0x17fd666fa0784885fa1afec8ac624d9b7e72b752,0x8b38586890b2c43bfe4d468f32f9af8ecf936849946a59398d1e0e228170378d
323,652,0.30644,0x9ede85be9a545c763ad26dc8f008fbf09a6fc3ef,2017-10-21T14:26:27.000Z,0.00047,0xff3f8d703bbfca2bd2be9eb2ba182f071b84f975,sell,0x17fd666fa0784885fa1afec8ac624d9b7e72b752,0xc9d2decbb0136a55160f97039eb02a1bb46736adce311da49e26389f7c1e8e67
324,105,0.049875,0x3eab84f29252d0a4efda33b34419bbdc24ab4ca4,2017-10-21T14:24:47.000Z,0.000475,0xff3f8d703bbfca2bd2be9eb2ba182f071b84f975,sell,0x17fd666fa0784885fa1afec8ac624d9b7e72b752,0x60c860a54d0fc717e2b7f7adb41278f9feb5e49297b28fbc9985d9a122d7b825
325,310.808654488123,0.19270136578263625,0xb3a84036bf7c6d1c83aa69a1228d0fb5a3288208,2017-10-21T13:31:16.000Z,0.00062,0x189c12d547f12514bab296ccae012b0b01c6cd6d,buy,0x17fd666fa0784885fa1afec8ac624d9b7e72b752,0x91b3ec0fb72116c3eacdb7630887a7d0003dbc53ae8107957cbcc6e270637e12
326,130.15,0.07809,0x9ede85be9a545c763ad26dc8f008fbf09a6fc3ef,2017-10-21T12:01:19.000Z,0.0006,0x3e7d005ed164cc1b2066279cf625a0960281dfb2,buy,0x17fd666fa0784885fa1afec8ac624d9b7e72b752,0xd49a0954648ddc607861899e525e6fa27a2b0b04ff04776cbc2b1e7aaf53fc18
327,169,0.07605,0x9ede85be9a545c763ad26dc8f008fbf09a6fc3ef,2017-10-21T10:49:50.000Z,0.00045,0xa1dc29270c60dd37d64643d20151b7ee1806b776,buy,0x17fd666fa0784885fa1afec8ac624d9b7e72b752,0x32bdec7fe9a96ffc6420307321201676a9eb370cf45376ae4e8a700f732a38c8
328,7499,3.344554,0x9ede85be9a545c763ad26dc8f008fbf09a6fc3ef,2017-10-21T10:48:45.000Z,0.000446,0x13528966fe92fb05785511b56f24e750f0d4aaf6,buy,0x17fd666fa0784885fa1afec8ac624d9b7e72b752,0x8978800e2f4375d88ea11b9ea315e93a7a5aa015d312853816142f36f0681428
329,38,0.016948,0x4eb9df056fe2382c345fbbdbd58993d6c45c7733,2017-10-21T10:31:15.000Z,0.000446,0xb4644415a639bf48418f50717ea59e7299682173,buy,0x17fd666fa0784885fa1afec8ac624d9b7e72b752,0x62188aeed215c73d67e671e59ffbd91d79074da063b95ad9f7d99a777d973f97
330,1,0.00045,0xb4c432a9559a4f1464d2bff9fcbbdc14f1c39dec,2017-10-21T08:59:42.000Z,0.00045,0xa1dc29270c60dd37d64643d20151b7ee1806b776,buy,0x17fd666fa0784885fa1afec8ac624d9b7e72b752,0x9951ba6faae551f6442dc0f2482e4e2f9aa703f40974dfc29406efd9b438c703
331,830,0.3735,0x5ae933bfbbaa04c3e05ae56295138174ada9799c,2017-10-21T05:54:07.000Z,0.00045,0xa1dc29270c60dd37d64643d20151b7ee1806b776,buy,0x17fd666fa0784885fa1afec8ac624d9b7e72b752,0x54b8796566e93123ae491defe17d9936a2a1e6cbcc3d4c66f54bf90882609d01
332,827.51,0.413755,0x2f09c25884b78b62491e635daad372d987c5343b,2017-10-21T05:54:07.000Z,0.0005,0x5ae933bfbbaa04c3e05ae56295138174ada9799c,sell,0x17fd666fa0784885fa1afec8ac624d9b7e72b752,0x54b8796566e93123ae491defe17d9936a2a1e6cbcc3d4c66f54bf90882609d01
333,112.996,0.05028322,0xa7f06f2b51a2f8fd11646d9780350f2041545324,2017-10-21T04:38:52.000Z,0.000445,0xfbf7dc0756a9768d0c71aea5f8421f3b1eaee7d1,buy,0x17fd666fa0784885fa1afec8ac624d9b7e72b752,0x51da644c1dcf953a5099c0bf0dea1bbf62051e9b63faf1e47a1e233a67e18cde
334,829.0036278869381,0.36890661440968747,0xec8dbdd4daa3bb5d31a36af99f7cf986c6bad31e,2017-10-21T03:00:49.000Z,0.000445,0xfbf7dc0756a9768d0c71aea5f8421f3b1eaee7d1,buy,0x17fd666fa0784885fa1afec8ac624d9b7e72b752,0x7e2c98efb40ad4e448f36ff17da043fe0e1c72bb5fb6b538415fc14c793bf0c8
335,3,0.0036,0x797b3387f696974bae3eaa464cd958a8037e7cdc,2017-10-21T00:02:29.000Z,0.0012,0x4b6834b12f024a1d80ee328bf029b07260d16ac6,buy,0x17fd666fa0784885fa1afec8ac624d9b7e72b752,0x31556ac3aa6b7b75f926574f8ad8d9d0686b3bbd9f65c965b400a02528bf2263
336,1109.6845458123028,0.332916460589149,0x97ed8df5379091fba0e462c1e51ac18fa79accb8,2017-10-20T22:41:34.000Z,0.00030000999999999997,0x763ad15f0b15487bea24abe33d59aac00d9a2657,sell,0x17fd666fa0784885fa1afec8ac624d9b7e72b752,0x7724a600fd3e62783896e31968b109d4df2f5c835642ec1b7bb62bff744fab53
337,400,0.120008,0xf1324968aa42b0aa4fd7fe3b70f7457b4e37d0c6,2017-10-20T22:41:11.000Z,0.00030002,0x763ad15f0b15487bea24abe33d59aac00d9a2657,sell,0x17fd666fa0784885fa1afec8ac624d9b7e72b752,0x04a67e10d00db6f9ea86a38fb38199f0e4ebe355dc9adba9a61dbf5c0809f048
338,1000,0.35,0xa1dc29270c60dd37d64643d20151b7ee1806b776,2017-10-20T22:39:17.000Z,0.00035,0x763ad15f0b15487bea24abe33d59aac00d9a2657,sell,0x17fd666fa0784885fa1afec8ac624d9b7e72b752,0x1e9d38a2efd04e8af4122324376b323dc4a902e9154993fd2a62f5352a37ed23
339,850,0.29750085,0x70c001263deb754b4e594c161ae3fe6011bed6c7,2017-10-20T22:38:20.000Z,0.000350001,0x763ad15f0b15487bea24abe33d59aac00d9a2657,sell,0x17fd666fa0784885fa1afec8ac624d9b7e72b752,0xa7039e31b9cda0ae06b608853d6f804a08736a18df24a8084b308cc147b5c8e7
340,1593.6896420659746,0.49404378904045215,0xb49fda420b9ce7334c6446af26f06225cbecb401,2017-10-20T22:37:39.000Z,0.00031,0x4001e49b223c8ce19f7d0adccc0f5e9391ba4fe5,sell,0x17fd666fa0784885fa1afec8ac624d9b7e72b752,0x8d78dac460a0783500713d2551800e2d8a35624be15cb110180070cf9e672f47
341,201.535,0.080614,0xf58a285597f57466b0ca7f314b38beb02c6b5a8e,2017-10-20T22:37:17.000Z,0.0004,0x763ad15f0b15487bea24abe33d59aac00d9a2657,sell,0x17fd666fa0784885fa1afec8ac624d9b7e72b752,0x48fd3763de09a25e94c219b81ebf7851661520fb1bd4ecdaf27a621fa44bbf2f
342,130,0.05200013,0x3e7d005ed164cc1b2066279cf625a0960281dfb2,2017-10-20T22:36:34.000Z,0.000400001,0x763ad15f0b15487bea24abe33d59aac00d9a2657,sell,0x17fd666fa0784885fa1afec8ac624d9b7e72b752,0x281a5f101e3c2fb227f873ca31a6b7a4dd5ba6126ceef7063b971ac26e7f66e7
343,57,0.035568,0xb190d630eb4c179317755b9b1373fbbac9439234,2017-10-20T22:31:46.000Z,0.000624,0xfbf7dc0756a9768d0c71aea5f8421f3b1eaee7d1,buy,0x17fd666fa0784885fa1afec8ac624d9b7e72b752,0xcd49ea2f5775b4ba9deaf87fc9e2d9936c1d9da355b7a34d5957e556163a68d5
344,1,0.000624,0xf4180c1d54bcab8c895c9e122289d61f1f62403c,2017-10-20T21:57:33.000Z,0.000624,0xfbf7dc0756a9768d0c71aea5f8421f3b1eaee7d1,buy,0x17fd666fa0784885fa1afec8ac624d9b7e72b752,0x82cc9b0a82e6d32ef96fb7ef46a3ff670fac27b5fd0c4cdcfe084f9dc3f7b90c
345,500,0.2,0xfb7841ac011090acd01aff299582c09079fffb1b,2017-10-20T20:42:41.000Z,0.0004,0xbbab400ed56179fc0a099f844fb9764d6593e630,sell,0x17fd666fa0784885fa1afec8ac624d9b7e72b752,0xc6b183d8ceba0c0f654897eec9a955aabe397aa6ec949c03fe15e2276b6eebe4
346,60,0.03744,0xcabcd10cc5ee56ed4d934b7e0a6d1c495fdbd2a4,2017-10-20T20:33:39.000Z,0.000624,0xbbab400ed56179fc0a099f844fb9764d6593e630,sell,0x17fd666fa0784885fa1afec8ac624d9b7e72b752,0x6259bf87701515aea721a4bf6d38d41c7c324863a4049358fc4da4b3a6be917c
347,458,0.228542,0xfb7841ac011090acd01aff299582c09079fffb1b,2017-10-20T18:30:35.000Z,0.000499,0x3e7d005ed164cc1b2066279cf625a0960281dfb2,buy,0x17fd666fa0784885fa1afec8ac624d9b7e72b752,0x9a10c89ce270834e2413bde19438c1212dee66743b728ae6aea00caaad441bb0
348,458.1577052058973,0.22903303683242804,0x3e7d005ed164cc1b2066279cf625a0960281dfb2,2017-10-20T17:39:50.000Z,0.0004999,0xad5b3fbc469313e21efe4117627a658424091b0a,buy,0x17fd666fa0784885fa1afec8ac624d9b7e72b752,0x943535c40e0a0c62c29cf10162663a1d580897f2ed13eb6ae1f4b6dabac2c391
349,0.84229479410271,0.000421063167571949,0xe164117764edbad5c661e1b3582fe8b0df88169a,2017-10-20T17:16:21.000Z,0.000499900000000005,0xad5b3fbc469313e21efe4117627a658424091b0a,buy,0x17fd666fa0784885fa1afec8ac624d9b7e72b752,0x8045586b87b7184b3038b05e82a7c628943b57eda03630a14d7d59b957965655
350,1940.9913587877577,0.5822974076363273,0x3c0e781116e7ebcfcee0955f314bdac09bf1813d,2017-10-20T16:30:11.000Z,0.0003,0x1c5edfec44afcdc1e61e0c1d9136ef9a72ff9590,sell,0x17fd666fa0784885fa1afec8ac624d9b7e72b752,0xa278d8e989ab0a0787a423b905f686c6032a0c70b6adf9f313daa6ab75545104
351,315.648,0.1262592,0xe1d09d4871ae9a6166e6274e694d3caef5671319,2017-10-20T16:28:04.000Z,0.0004,0x1c5edfec44afcdc1e61e0c1d9136ef9a72ff9590,sell,0x17fd666fa0784885fa1afec8ac624d9b7e72b752,0x57797d461bb1230aa791675e72c4dd96af5fe0c9f10b35fc09328159e37e26f0
352,80,0.0396,0x3eab84f29252d0a4efda33b34419bbdc24ab4ca4,2017-10-20T16:27:52.000Z,0.000495,0x1c5edfec44afcdc1e61e0c1d9136ef9a72ff9590,sell,0x17fd666fa0784885fa1afec8ac624d9b7e72b752,0x3ce23458edac8d64fc432cda919f5705303938c952d5e744e0fe504671664429
353,400,0.1984,0x4c95c574dae1b335c05ca778ea24b8d9dd515669,2017-10-20T16:27:10.000Z,0.000496,0x1c5edfec44afcdc1e61e0c1d9136ef9a72ff9590,sell,0x17fd666fa0784885fa1afec8ac624d9b7e72b752,0x341c02611be04cba22504ba93981bf9870283241023550737b2d3f2b329ec085
354,8.208,0.004317408,0x3da6526e4b1ee9549264578fe6a22c13a08a8cc3,2017-10-20T16:27:05.000Z,0.000526,0x1c5edfec44afcdc1e61e0c1d9136ef9a72ff9590,sell,0x17fd666fa0784885fa1afec8ac624d9b7e72b752,0xff8c873c7e49dc8b213f7a70693d96474a038af6f7a04939699a9e6bfaeda790
355,1349.453,0.55327573,0x2990bea3e01a7f42dbbfd4b370ef50c53cbf0e42,2017-10-20T16:08:54.000Z,0.00041,0x4001e49b223c8ce19f7d0adccc0f5e9391ba4fe5,sell,0x17fd666fa0784885fa1afec8ac624d9b7e72b752,0x0f8ed95f4c0fe8b30b1c03c55380972b7555f124f075f2b3de1f6bdbcf6192cf
356,401.21507608416323,0.20061155019284246,0x821d0a4d591ece6b8069abed384a8df8697d27c3,2017-10-20T16:07:55.000Z,0.00050001,0x4001e49b223c8ce19f7d0adccc0f5e9391ba4fe5,sell,0x17fd666fa0784885fa1afec8ac624d9b7e72b752,0x8d3b98e3eca2e18b4c1f88f31a6ff680c7760abb4fae139aecb37adbd439f50e
357,75,0.038625,0x3eab84f29252d0a4efda33b34419bbdc24ab4ca4,2017-10-20T15:44:31.000Z,0.000515,0x763ad15f0b15487bea24abe33d59aac00d9a2657,sell,0x17fd666fa0784885fa1afec8ac624d9b7e72b752,0xfab6d7a13fc6f9d5e8114f41b2697f4ec934eec13a48cb31cb5e4958c30b61a3
358,280,0.15428,0xfd3549955ed9f5e9c3720bbe7ba1956c6bf01661,2017-10-20T15:44:00.000Z,0.000551,0x763ad15f0b15487bea24abe33d59aac00d9a2657,sell,0x17fd666fa0784885fa1afec8ac624d9b7e72b752,0xbced1520d2e05f1f6702d665e32ecd28b4aedb1cc355a4d70b3e5c5c99893fad
359,595.5389769496539,0.3424349117520064,0xd6bc5140a70906cd32c0131c255d36fadeac65c0,2017-10-20T15:44:00.000Z,0.00057500000001,0x763ad15f0b15487bea24abe33d59aac00d9a2657,sell,0x17fd666fa0784885fa1afec8ac624d9b7e72b752,0xf837594acbe9917e36b2869e808e6332570a5c5a77c4fa6c157848eb3164eae0
360,4.1926552494278,0.002431740044668124,0x3c1e45cf0b3191a371abc73095e8fee8a29b0539,2017-10-20T15:43:48.000Z,0.00058,0x763ad15f0b15487bea24abe33d59aac00d9a2657,sell,0x17fd666fa0784885fa1afec8ac624d9b7e72b752,0x8e5d97c43b5e8662d3ef121fe0a7ac0c90b3f594d690f39b7e07728a1c6d7ec0
361,404.46102305034344,0.2325650882579921,0xd6bc5140a70906cd32c0131c255d36fadeac65c0,2017-10-20T15:41:35.000Z,0.00057500000001,0x508e4a96dab9bd044d0bb654d623c4ef663dfc35,sell,0x17fd666fa0784885fa1afec8ac624d9b7e72b752,0xe889b16a159c8120a7a52331dd49d7755e6cecd07932981969c4aa9f8a1b8d24
362,295.80708472922424,0.17156810914295006,0x3c1e45cf0b3191a371abc73095e8fee8a29b0539,2017-10-20T15:36:26.000Z,0.00058,0xd59280c8ea49acd62c56d6bc5688324f07b95786,sell,0x17fd666fa0784885fa1afec8ac624d9b7e72b752,0xc44b7ab79ca035a9e655d2eb0c234c9355fe48a93b741fd36d133b7cfe6e27e4
363,0.00000000000259,0.000000000000001489,0xd6bc5140a70906cd32c0131c255d36fadeac65c0,2017-10-20T15:32:19.000Z,0.0005749034749034749,0x763ad15f0b15487bea24abe33d59aac00d9a2657,sell,0x17fd666fa0784885fa1afec8ac624d9b7e72b752,0x44f554aab1cd5cfab5c8582eefb3413a108235f120f7e43219fe128f96b55849
364,1092.167,0.627996025,0x3c0e781116e7ebcfcee0955f314bdac09bf1813d,2017-10-20T15:29:21.000Z,0.000575,0xd59280c8ea49acd62c56d6bc5688324f07b95786,sell,0x17fd666fa0784885fa1afec8ac624d9b7e72b752,0xac57163aa2b45a700ef7895deab3e8ef9581af085600a098dab5eeac84880abb
365,0.0000000259192,0.000000000015033136,0x3c1e45cf0b3191a371abc73095e8fee8a29b0539,2017-10-20T15:22:17.000Z,0.00058,0x763ad15f0b15487bea24abe33d59aac00d9a2657,sell,0x17fd666fa0784885fa1afec8ac624d9b7e72b752,0x10dae018c533f05d80472a9ab74f74c4c016c25055bc283faa24af8c757b477f
366,0.00025999542877,0.000000150797348686,0x3c1e45cf0b3191a371abc73095e8fee8a29b0539,2017-10-20T15:20:16.000Z,0.0005799999999976923,0x763ad15f0b15487bea24abe33d59aac00d9a2657,sell,0x17fd666fa0784885fa1afec8ac624d9b7e72b752,0x6be5e82d7b362f606348e3f171dd0d102f139a7924f1bf8bf6a7ca326d6856aa
367,225,0.130725,0x3eab84f29252d0a4efda33b34419bbdc24ab4ca4,2017-10-20T14:56:24.000Z,0.000581,0x78d92e35f1ce5275f909a80f3c515fc400dc92b7,sell,0x17fd666fa0784885fa1afec8ac624d9b7e72b752,0xe7a84a1fe905765aceb6e44a8c63217572967899ce8d90b1568dd50383c37972
368,0.00171884620425,0.000000988336567443,0x3c0e781116e7ebcfcee0955f314bdac09bf1813d,2017-10-20T14:53:55.000Z,0.0005749999999995637,0xd59280c8ea49acd62c56d6bc5688324f07b95786,sell,0x17fd666fa0784885fa1afec8ac624d9b7e72b752,0xa9c22cf93bfc3e94eb7595e5d26667fcf2a0f58131e18d0838b6c0b626a98776
369,80,0.0476,0x3eab84f29252d0a4efda33b34419bbdc24ab4ca4,2017-10-20T14:32:27.000Z,0.000595,0xad5b3fbc469313e21efe4117627a658424091b0a,sell,0x17fd666fa0784885fa1afec8ac624d9b7e72b752,0x5eb78e76c43c08e98c934371c39ccae313188dc9d58ba2a223db5d783e77d87d
370,260,0.168974,0xbea606631b65b8f0279879b0ffe00dbb7fdfba9a,2017-10-20T11:17:21.000Z,0.0006499,0xad5b3fbc469313e21efe4117627a658424091b0a,buy,0x17fd666fa0784885fa1afec8ac624d9b7e72b752,0xef0d143bac0dfb5dfdfdcf33e422d257d81b8a49b672de18bedc045b06c67a7f
371,41,0.029561,0xff64f34e8511693e3dffa0e1fe037a6a65f3937b,2017-10-20T09:08:42.000Z,0.000721,0x508e4a96dab9bd044d0bb654d623c4ef663dfc35,buy,0x17fd666fa0784885fa1afec8ac624d9b7e72b752,0xcc873942dc0e64f58a91dc758927806108d73d245e78e412a61ef203554efbaf
372,800,0.46408,0xad5b3fbc469313e21efe4117627a658424091b0a,2017-10-20T08:29:53.000Z,0.0005801,0x508e4a96dab9bd044d0bb654d623c4ef663dfc35,sell,0x17fd666fa0784885fa1afec8ac624d9b7e72b752,0x55aaf2d121f743e3b6630e0e2d55e8723011360a63829079a22781aa5c9c6c34
373,1000,0.601,0xfbf7dc0756a9768d0c71aea5f8421f3b1eaee7d1,2017-10-20T08:28:20.000Z,0.000601,0x508e4a96dab9bd044d0bb654d623c4ef663dfc35,sell,0x17fd666fa0784885fa1afec8ac624d9b7e72b752,0x456e4867f7e32a70b101154aa2c11bc80dc69d23a6682a106b5de162f024c6aa
