,amount,amountBase,buyer,date,price,seller,side,tokenAddr,txHash
0,2.6076144350254835,0.14602640836142708,0xf69bbb08adb77cd25b4702fe516c278705ae024a,2017-11-02T13:16:37.000Z,0.056,0x3dee4a4e076e8d82859d241db0baf46f112cfa23,sell,0xe94327d07fc17907b4db788e5adf2ed424addff6,0xfe546c64291234b8f988cc5f4bcc77946531e5a1037cbf42e8cc7c02ce643673
1,1.4953643704516,0.07790848370052836,0x3dee4a4e076e8d82859d241db0baf46f112cfa23,2017-11-02T06:58:52.000Z,0.0521,0x95ed59abc9ad37d34980b95b64f75b6a11a2f507,sell,0xe94327d07fc17907b4db788e5adf2ed424addff6,0xc8a96ff801782dc3d5425c9a8554f038b129c1f6d03f308f9d32ab54b95bb5f2
2,0.2063602831223208,0.010751370750672912,0x3dee4a4e076e8d82859d241db0baf46f112cfa23,2017-11-02T03:20:39.000Z,0.052099999999999994,0xc48301f349050708ef6dfc9661a04e6034b4a790,sell,0xe94327d07fc17907b4db788e5adf2ed424addff6,0x29918c1cd8cbd7e6911f1b95902d45b92ab766e9ec669fb37559b9afa7943e4a
3,0.89721862227096,0.04674509022031702,0x3dee4a4e076e8d82859d241db0baf46f112cfa23,2017-11-02T01:12:18.000Z,0.0521,0xa54ffa43d11698bc300d924781518b71dd10f0a8,sell,0xe94327d07fc17907b4db788e5adf2ed424addff6,0x8d42a1b45a7c6c7eb5059aa7d382c3b5e1050d68a70775a63e2fcfccd164a8c2
4,9.612746791278889,0.5229334446710651,0xc11f32a3d45a3dc54b34234dd2b9f46292e69c02,2017-10-31T23:35:59.000Z,0.054400002,0xa5684e7c4c9880ccd020c31e45b2c4e202d901c0,sell,0xe94327d07fc17907b4db788e5adf2ed424addff6,0xe88c2f2a9a824b5feed9f3c731a1cbd5f544acfa63651c0c96fd653832ebf343
5,0.08771929824561406,0.005,0xc03e6fda02e1ab2093d8732b4d085c3b059f2ebb,2017-10-31T23:25:17.000Z,0.05699999999999999,0xa5684e7c4c9880ccd020c31e45b2c4e202d901c0,sell,0xe94327d07fc17907b4db788e5adf2ed424addff6,0xb4508d71668895851f743ea64b207b337070f5c86a4adf551db6d283b3e9ca66
6,0.086,0.004988,0x92d3ed39d77c4a667d2a193dd9b946ac8fedf94f,2017-10-31T23:19:31.000Z,0.058,0xa5684e7c4c9880ccd020c31e45b2c4e202d901c0,sell,0xe94327d07fc17907b4db788e5adf2ed424addff6,0x071793676ecabad02215f0756f2556c71a00ff206583b5f2cfe2d470c7902183
7,0.0074426982567,0.0004316764988886,0x92d3ed39d77c4a667d2a193dd9b946ac8fedf94f,2017-10-31T05:31:44.000Z,0.058,0xe444a40689f51f63bcd29910622035707d533d29,sell,0xe94327d07fc17907b4db788e5adf2ed424addff6,0xae246dde4443a553a7d7306f811664b866a3930abd248e9b792c24fa99c2fb16
8,0.03,0.00206997,0x8a1fd9c947b6fed951142719249441008eec8087,2017-10-31T03:43:06.000Z,0.068999,0x00a6ae3dc7e5af897322e62923124d13a6336168,buy,0xe94327d07fc17907b4db788e5adf2ed424addff6,0x6f4d1dbad45444773b9225fc96e7d98f2f1555939208eec16fff7f9acf98154a
9,166.105,11.627349833895,0x7f9354eb6af29ebe56dc5cecbe729b80e97c954f,2017-10-30T21:37:06.000Z,0.069999999,0xc11f32a3d45a3dc54b34234dd2b9f46292e69c02,buy,0xe94327d07fc17907b4db788e5adf2ed424addff6,0xa97e31646e66ef065da9885f168dd51328b82cc7bd3f39c88e55e4c5cbada5ac
10,0.0062391049629,0.0003618680878482,0x92d3ed39d77c4a667d2a193dd9b946ac8fedf94f,2017-10-30T02:55:16.000Z,0.058,0x379374d13077e8867ef31803c37baf9785a17c00,sell,0xe94327d07fc17907b4db788e5adf2ed424addff6,0x898ce0200fe81d484d9cef3342fcbd6230f3d5fe26de10ddb9f8d34d6873ce66
11,0.01,0.00066979,0x6cdea8e07bf82d7a07dbf36642d6e5be8623845c,2017-10-29T11:38:48.000Z,0.066979,0xa5684e7c4c9880ccd020c31e45b2c4e202d901c0,buy,0xe94327d07fc17907b4db788e5adf2ed424addff6,0x1baec7588faa20715f2a204b92423219df03d2f0f4f320a9e0f5aced4cf2eb35
12,0.00746502635154302,0.0005,0x34f9560c63078eb61872a4dc2ccd20e21c34feaf,2017-10-28T20:56:44.000Z,0.06697900000000001,0xa5684e7c4c9880ccd020c31e45b2c4e202d901c0,buy,0xe94327d07fc17907b4db788e5adf2ed424addff6,0x39d72a4ac75ac1f5bf767713591bc0dbe1367918785e6cac9cc38795cebbbad6
13,0.00746502635154302,0.0005,0xe444a40689f51f63bcd29910622035707d533d29,2017-10-28T20:56:37.000Z,0.06697900000000001,0xa5684e7c4c9880ccd020c31e45b2c4e202d901c0,buy,0xe94327d07fc17907b4db788e5adf2ed424addff6,0xb7e4ab7b9446a3549873d8fd7e6e2ba8b9b277f0be528271ec85fb7f7b9e6575
14,0.01595055328481707,0.000856546306450004,0x3dee4a4e076e8d82859d241db0baf46f112cfa23,2017-10-28T06:43:45.000Z,0.05370009999999994,0x4811939208b721e7823b0d79a1de982dd4726592,sell,0xe94327d07fc17907b4db788e5adf2ed424addff6,0xc40ef7628c87522c97531fc763804aa4f78436cb779cbc7b61c9ffb80e21a7c6
15,0.09969094806101086,0.005353403910876283,0x8fd2515a5b29e61220ee080d484d1f2ea4c46e6b,2017-10-27T21:00:20.000Z,0.0537,0x6e1e10175b9145bb887ac78fff35fabea2dfff6d,sell,0xe94327d07fc17907b4db788e5adf2ed424addff6,0x2fb57143f5fc5670400ce58c7c1efe34aad232da2750bd689d5a77e2cceb5908
16,27.692176901605023,1.5119928588276343,0x009a12d4290630bc01fd82516ac57c1dc6a9bcfb,2017-10-25T21:44:41.000Z,0.0546,0xebbf00918819af588274b40bf236847b1cd5575d,sell,0xe94327d07fc17907b4db788e5adf2ed424addff6,0x1723b20c9df7f3185eb80d1b61f542739d44792cf05f3b2498933577bf2a2566
17,12.322,0.7392275852630495,0x621fab0e57c8671fbda84ae1885369c80a2aff93,2017-10-25T11:10:19.000Z,0.059992500021347955,0x00eb59d8d94684a24c12252d51bc18477579189a,buy,0xe94327d07fc17907b4db788e5adf2ed424addff6,0x0477c5a6184fdc7d10790f38fd4f1d87789e1a1291ae9b71c6d0e4b09b39258f
18,0.3647303988035892,0.019841333694915253,0xd5e34c7312a26fbe82f0cd0ec345dd87a7d09c25,2017-10-25T03:36:45.000Z,0.0544,0xad440e6b26dd3a044a97294bf87c017d7fb81c67,sell,0xe94327d07fc17907b4db788e5adf2ed424addff6,0xf3925e4ef608a964d1c645f09dc0e1e20979c058c38b44992a1e6fac7206a04d
19,30,1.632033,0x3dee4a4e076e8d82859d241db0baf46f112cfa23,2017-10-25T03:32:37.000Z,0.0544011,0xad440e6b26dd3a044a97294bf87c017d7fb81c67,sell,0xe94327d07fc17907b4db788e5adf2ed424addff6,0xaab265ea189f9747500846f8f92670ee732df74d9d94a4557ecd4fde306a9c67
20,5,0.31824525,0x00eb59d8d94684a24c12252d51bc18477579189a,2017-10-24T16:59:27.000Z,0.06364905,0xd445f61ebca3d6b4c57eef1f39fdab6595ef8972,sell,0xe94327d07fc17907b4db788e5adf2ed424addff6,0x6008d13e8100fb080dc4d9d6cf4f0b3ff7bca4b528937f7ecdec02d319ed0f1f
21,5.015045135406218,0.30086509523841004,0xd445f61ebca3d6b4c57eef1f39fdab6595ef8972,2017-10-24T16:59:27.000Z,0.05999249999053896,0x00eb59d8d94684a24c12252d51bc18477579189a,buy,0xe94327d07fc17907b4db788e5adf2ed424addff6,0x6008d13e8100fb080dc4d9d6cf4f0b3ff7bca4b528937f7ecdec02d319ed0f1f
22,3.032,0.172824,0x00eb59d8d94684a24c12252d51bc18477579189a,2017-10-24T11:54:11.000Z,0.057,0x3efd9b0bd8e4595bc494539aca584821950106ee,sell,0xe94327d07fc17907b4db788e5adf2ed424addff6,0x7cfb7a855507fb478e56f8e54327eac387de8c636dad7a0293f72c8e716fae50
23,6.792598369826753,0.3871781070801249,0x82bb6e67f8bab4926b5e5ad28a5b8d186b7cab3f,2017-10-24T10:08:43.000Z,0.057,0x3efd9b0bd8e4595bc494539aca584821950106ee,sell,0xe94327d07fc17907b4db788e5adf2ed424addff6,0xd5e668cde5071e8c657ea8c46d316b901b7ec0296b1583fa44db59178bc65cfc
24,6.5542477321601185,0.37359212073312675,0x00eb59d8d94684a24c12252d51bc18477579189a,2017-10-24T10:05:51.000Z,0.057,0x3efd9b0bd8e4595bc494539aca584821950106ee,sell,0xe94327d07fc17907b4db788e5adf2ed424addff6,0x56ff768f6162ed96aae72641dfc2cd8e12e81a09f50588d5760c0c2fca07b016
25,5.659001298150067,0.32256307399455386,0x00eb59d8d94684a24c12252d51bc18477579189a,2017-10-24T09:06:00.000Z,0.057,0x3efd9b0bd8e4595bc494539aca584821950106ee,sell,0xe94327d07fc17907b4db788e5adf2ed424addff6,0x1c6d24342d92c7ca9e63e784958f9c746c66f03ec479c9bb9450d48d68652b20
26,0.896,0.051968000896,0xc11f32a3d45a3dc54b34234dd2b9f46292e69c02,2017-10-24T08:57:48.000Z,0.058000001,0x3efd9b0bd8e4595bc494539aca584821950106ee,sell,0xe94327d07fc17907b4db788e5adf2ed424addff6,0x96e68c66f273c64e3524229ed9e5933068f720a4c005d7ae7dc131c059cd288c
27,0.09999999999999999,0.005999250002134795,0xc4fc1690394caf190c4b76f7b3afbdb69932c719,2017-10-23T16:43:08.000Z,0.059992500021347955,0x00eb59d8d94684a24c12252d51bc18477579189a,buy,0xe94327d07fc17907b4db788e5adf2ed424addff6,0x24536c6aab566db4e3b84e2fc29f3872dc0323e74e039a3356726a5b12e04431
28,5.255707307,0.3153030206,0xa75fcdf436c9713b3757819f1fb235918749c3ba,2017-10-23T02:10:19.000Z,0.05999249999710838,0x00eb59d8d94684a24c12252d51bc18477579189a,buy,0xe94327d07fc17907b4db788e5adf2ed424addff6,0x42c2cf62efa8cd24e8d20bc6b9200a2a228e034504dbf87280d57ff5322571b5
29,3.2987738012162295,0.1880301066693251,0x00eb59d8d94684a24c12252d51bc18477579189a,2017-10-22T12:48:20.000Z,0.057,0xa6533f0cf6ac88c6d725ba85e1a6b1fce888c665,sell,0xe94327d07fc17907b4db788e5adf2ed424addff6,0x5647ad7db6643fc2c20fe039d395c1714281fe2b0d5d9f78a6c986ad891a57e7
30,12.322021743326422,0.7023552393696061,0x00eb59d8d94684a24c12252d51bc18477579189a,2017-10-21T19:20:37.000Z,0.057,0x3efd9b0bd8e4595bc494539aca584821950106ee,sell,0xe94327d07fc17907b4db788e5adf2ed424addff6,0x742d5a6eae91f2e4073dc6dfe7a84297a21d8c7cb9e9dd4a7f749ccc6e0a9156
31,5.255707307347223,0.29957531651879177,0x00eb59d8d94684a24c12252d51bc18477579189a,2017-10-21T14:52:09.000Z,0.057,0x3efd9b0bd8e4595bc494539aca584821950106ee,sell,0xe94327d07fc17907b4db788e5adf2ed424addff6,0x87f1a79c8f4c20d1742a7117dd819743b057a2201cee31753afd254f73d1a41e
32,4.9845479015053336,0.31726173861030804,0x00eb59d8d94684a24c12252d51bc18477579189a,2017-10-21T05:30:28.000Z,0.06364905,0x9778550d76b07ac9f5e57392f68ecdf6efc1774e,sell,0xe94327d07fc17907b4db788e5adf2ed424addff6,0xb1b086c42a618b83828a5b702ec4aff54833b9ff7c416c92e225e2fef889e4a9
33,5,0.334995,0x37e9f506dd10e177436fb0e43627e01a9b5564a8,2017-10-21T04:56:36.000Z,0.066999,0x00eb59d8d94684a24c12252d51bc18477579189a,buy,0xe94327d07fc17907b4db788e5adf2ed424addff6,0x951d646b11215c87ff7f3e963e70624f0e7368ccd1359a0e896c251dcb8d56a5
34,0.8958927325291596,0.06002391718672116,0x1da251119e3a70bcb4aed858bd2acccff2155077,2017-10-20T22:12:50.000Z,0.066999,0xc11f32a3d45a3dc54b34234dd2b9f46292e69c02,sell,0xe94327d07fc17907b4db788e5adf2ed424addff6,0x2727a6c7abe3e291fc374ed360c757d3d84158cba55e52feee35b54dae6cb3bb
35,4.80410726747084,0.32187038281327884,0x1da251119e3a70bcb4aed858bd2acccff2155077,2017-10-20T21:05:11.000Z,0.066999,0x097501c95264ad3204159efaefdc5820783dbeae,sell,0xe94327d07fc17907b4db788e5adf2ed424addff6,0xe45ae622755786b951035288ef07b40582de64110fcf2d2612765addbb5d09a5
36,0.986940484498056,0.056255607616389196,0x00eb59d8d94684a24c12252d51bc18477579189a,2017-10-20T09:09:25.000Z,0.057,0xd6ee38d37c5bf2bc6cfe3a171dc6802d64381fe1,sell,0xe94327d07fc17907b4db788e5adf2ed424addff6,0x3f333485df6266a78f46fbab32dac91b11b62a4a786758b354f1e618eb04aeda
37,1,0.085,0x3ac636ac5c3a2576156ac5f10066ca68abe0ad54,2017-10-18T16:12:48.000Z,0.085,0x00eb59d8d94684a24c12252d51bc18477579189a,buy,0xe94327d07fc17907b4db788e5adf2ed424addff6,0x8c8caf8a87acd728c2678baa781c3e41e9b768f1dcf5547c28aaafbddeee425c
38,0.006257822277847309,0.0005,0xf9695cd65d6dfdf257fab76a3eb0cb8f001971cc,2017-10-18T15:29:06.000Z,0.0799,0x00eb59d8d94684a24c12252d51bc18477579189a,buy,0xe94327d07fc17907b4db788e5adf2ed424addff6,0x7f27973607220f92c3afc9768f99cb074d2571d1092ef7667b4f4f93f3cf8fed
39,0.006257822277847309,0.0005,0x379374d13077e8867ef31803c37baf9785a17c00,2017-10-18T15:28:45.000Z,0.0799,0x00eb59d8d94684a24c12252d51bc18477579189a,buy,0xe94327d07fc17907b4db788e5adf2ed424addff6,0xda52e9f3ea00c6c694a5712d0452e8811c87e4cce97695704c2099517ca3fdf9
40,0.15053334662546106,0.007543225999401854,0x3dee4a4e076e8d82859d241db0baf46f112cfa23,2017-10-18T08:08:54.000Z,0.05011,0xf7be5f292cf8962407bf1f44b2a45175d1672f58,sell,0xe94327d07fc17907b4db788e5adf2ed424addff6,0x7c3505a2c5b756cd1a4fe51ab0bbaacf963b95b6879d09f217477c45bca59d87
41,0.005952380952380952,0.0005,0x16e5d97bbc92417e051e3b2cabfbf8ceea2acb9c,2017-10-17T18:16:09.000Z,0.084,0xa5684e7c4c9880ccd020c31e45b2c4e202d901c0,buy,0xe94327d07fc17907b4db788e5adf2ed424addff6,0x985057db5e2230a94251795d6beada6f9daeb97cbbdd44c0fa8e0e6dab90c6e3
42,0.005952380952380952,0.0005,0xcd912af5286dc0b0a23edb30209734ecb60838b3,2017-10-17T05:57:48.000Z,0.084,0xa5684e7c4c9880ccd020c31e45b2c4e202d901c0,buy,0xe94327d07fc17907b4db788e5adf2ed424addff6,0x601e35c85d50992ce53d152dd2d7f71d6a5f0bb9ff0d6d6d70e4192e38443ac3
43,5,0.33,0xbd89eff33fc19ac54205701506c875248cf7c52d,2017-10-16T22:10:37.000Z,0.066,0x9c3c75c9d269aa8282bde7be3352d81cc91c2b6a,buy,0xe94327d07fc17907b4db788e5adf2ed424addff6,0x3a090903726b83a6ff74ba948e312a49aa21208391592ce03fcb4af52e0bf86f
44,5,0.29,0x9c3c75c9d269aa8282bde7be3352d81cc91c2b6a,2017-10-16T19:31:27.000Z,0.058,0x2718874048abccebe24693e689d31b011c6101ea,buy,0xe94327d07fc17907b4db788e5adf2ed424addff6,0x25b5ecf2a6cb365b3003c2f96becbe90981f1781ee94e1af899795756894204f
45,0.19033999,0.01256243934,0xa5684e7c4c9880ccd020c31e45b2c4e202d901c0,2017-10-15T08:55:52.000Z,0.066,0xe1b70fc15811f1d1e8993ecc765aded8531024ff,sell,0xe94327d07fc17907b4db788e5adf2ed424addff6,0x12b13365bee1adccb0d63cabec5672749bed71cc00e6e09a0d6540b057e816d8
46,0.9044340145548798,0.05969264496062207,0xa5684e7c4c9880ccd020c31e45b2c4e202d901c0,2017-10-15T01:13:59.000Z,0.066,0x730398eff0e7cc37cc0e172e4fea306ee13d5513,sell,0xe94327d07fc17907b4db788e5adf2ed424addff6,0x6e26c8706523b60789019504bd2bac63d5f5d098ce7f6c7b138551ab5a919b29
47,8.758847572525172,0.5780839397866614,0xa5684e7c4c9880ccd020c31e45b2c4e202d901c0,2017-10-14T21:18:37.000Z,0.066,0xf81ab81ca1a6a19cc7b69b2c7876ff6543060598,sell,0xe94327d07fc17907b4db788e5adf2ed424addff6,0x2286d2056ca8a1680e048068ca604f0a2c8f5ed7d448e806596e5f08e20603bc
48,0.145901,0.009483565,0xfd620d434767dc38747957853fddd03ab7b4cdc9,2017-10-12T06:17:51.000Z,0.065,0x2efeb537132f2a2c3da23717a476a0fcd117a42b,buy,0xe94327d07fc17907b4db788e5adf2ed424addff6,0x15b5ec2d5717eebc8e2d54077d8694b3dff17576311d44d20ab68f81faff21f1
49,0.033,0.002145,0xd828a840d590c17ad1d727cbcab9d721fbc6c105,2017-10-09T07:46:12.000Z,0.065,0x2efeb537132f2a2c3da23717a476a0fcd117a42b,sell,0xe94327d07fc17907b4db788e5adf2ed424addff6,0xe8a5e6573791457250565282d2e95df92963af12042c2887fd0487ad831de85c
50,0.89,0.05785,0xd828a840d590c17ad1d727cbcab9d721fbc6c105,2017-10-08T22:26:50.000Z,0.065,0x8fd2515a5b29e61220ee080d484d1f2ea4c46e6b,sell,0xe94327d07fc17907b4db788e5adf2ed424addff6,0x0b8d80c8905fea8cf6843839ce223650daf9d541bac3824c696d298a136d73da
51,10.077,0.655005,0xd828a840d590c17ad1d727cbcab9d721fbc6c105,2017-10-08T22:21:02.000Z,0.065,0x8fd2515a5b29e61220ee080d484d1f2ea4c46e6b,sell,0xe94327d07fc17907b4db788e5adf2ed424addff6,0xe563024416d37bafa83a14fba275a7186d6b7b32d592699556502ce1d2e1e8ac
52,0.256,0.01664,0x5d5065b42bdee0274e394ba9042c21e1818c69cf,2017-10-07T22:48:12.000Z,0.065,0x5ca4e930fda916dd80c009d0c7511639410f49d9,sell,0xe94327d07fc17907b4db788e5adf2ed424addff6,0x8853c7e8ee1978cd147b158be6f3110db7982fe0ab4293f6a241e28888154065
53,0.7676203768318214,0.04674808094905792,0x00eb59d8d94684a24c12252d51bc18477579189a,2017-10-07T15:55:54.000Z,0.0609,0x824e2a678b5383e55fc90e101b654f2f6b94e264,sell,0xe94327d07fc17907b4db788e5adf2ed424addff6,0x1d847612a1a6c18a50144cb034ec5e88072a8b2c06847895079ae4b692040e5b
54,15.240476231668072,0.9281450025085856,0x00eb59d8d94684a24c12252d51bc18477579189a,2017-10-07T14:26:14.000Z,0.0609,0x6079ca4a2d8a1b5d2a31b482ee9e5eb6ccfec368,sell,0xe94327d07fc17907b4db788e5adf2ed424addff6,0x42a89e20d7501283bbebee3f24a701e9b6b7dd4da4887eab4ec8a09f1eb4c0bf
55,0.03,0.0022197,0x8a1fd9c947b6fed951142719249441008eec8087,2017-10-06T07:59:15.000Z,0.07399,0x00eb59d8d94684a24c12252d51bc18477579189a,buy,0xe94327d07fc17907b4db788e5adf2ed424addff6,0xb0199aa174f0e8d3d766edce62a70d287c5afd07c544e81be67aa1e2fdc5900b
56,2.3846465357392086,0.15500679411612003,0x0083809dbb275a46348a0050ecb7253a80dd79eb,2017-10-05T21:17:16.000Z,0.065002,0xeff8e500df2624e9754e05bbc851904059579bad,sell,0xe94327d07fc17907b4db788e5adf2ed424addff6,0xee2f28b866924a15d7210e8d0e19bb0d80b1e5e7a0193d4132bf537b71dc90a4
57,0.05,0.00369995,0x8a1fd9c947b6fed951142719249441008eec8087,2017-09-29T23:16:04.000Z,0.073999,0x0083809dbb275a46348a0050ecb7253a80dd79eb,buy,0xe94327d07fc17907b4db788e5adf2ed424addff6,0x835262e1df4fe9aa56797ff43eb5177066279b7e03f803284daa7c02baeb2600
58,0.05,0.00369995,0x8a1fd9c947b6fed951142719249441008eec8087,2017-09-29T23:08:52.000Z,0.073999,0x0083809dbb275a46348a0050ecb7253a80dd79eb,buy,0xe94327d07fc17907b4db788e5adf2ed424addff6,0x76289ad0b12f0f54ead7256531dfac58e3acb2f0d2169551798a6ef15220251c
59,0.1,0.007333266,0xa0be78d2bac6a692adba423c7af50ec86a18bddf,2017-09-28T13:56:28.000Z,0.07333266,0xae7a63c8543bdd1c32927a7137529b82ab9ea88f,buy,0xe94327d07fc17907b4db788e5adf2ed424addff6,0x8fddf03d11b56757a53f039dd1fc662b66e3a43000e50d798eb64b523369c031
60,1.724,0.11608150584,0xff684104992bd26b6326bca4620d733526c0ddb1,2017-09-27T14:17:19.000Z,0.06733266,0xae7a63c8543bdd1c32927a7137529b82ab9ea88f,buy,0xe94327d07fc17907b4db788e5adf2ed424addff6,0xe037cf0cd6e319471997eed3376aef5c02548b1c9dd1cae03c3326a858209435
61,1,0.06733266,0x121644d21fb7222a28fbb5c390834c42662c6e48,2017-09-27T11:40:30.000Z,0.06733266,0xae7a63c8543bdd1c32927a7137529b82ab9ea88f,buy,0xe94327d07fc17907b4db788e5adf2ed424addff6,0xf2e6a313318369a5dd32ade686dacd478de906924db8a1ab09a346dab742f522
62,37.22380268357139,2.50637765,0x73b7424a32b34806f9ba10129843ce9cc3069397,2017-09-27T10:18:28.000Z,0.06733266,0xae7a63c8543bdd1c32927a7137529b82ab9ea88f,buy,0xe94327d07fc17907b4db788e5adf2ed424addff6,0x09b990377594f5a6e9efd769e6c8efa7931a81227244b5b974b27c56c78acd44
63,0.0001,0.000006733266,0x8fcc399a296a08afa322a59e57734a58cd3340a7,2017-09-27T07:15:47.000Z,0.06733266,0xae7a63c8543bdd1c32927a7137529b82ab9ea88f,buy,0xe94327d07fc17907b4db788e5adf2ed424addff6,0x9d4ffcb45128edf2d5929e041aaf706d9495cbfa3ba062f6792a0a150028f2e8
64,11.941979862426479,0.6878581714375436,0x3dee4a4e076e8d82859d241db0baf46f112cfa23,2017-09-22T22:44:45.000Z,0.057600011,0x6079ca4a2d8a1b5d2a31b482ee9e5eb6ccfec368,sell,0xe94327d07fc17907b4db788e5adf2ed424addff6,0x1c0af4ad9fa00689a4fe25f2ef84e2b571fed0424b850a620ad1a5362a1003ca
65,0.00742581683242575,0.0005,0x999dbc9673afdd6b6c140c261297f89de35ff1b3,2017-09-22T06:30:04.000Z,0.06733266,0xae7a63c8543bdd1c32927a7137529b82ab9ea88f,buy,0xe94327d07fc17907b4db788e5adf2ed424addff6,0x5453784340385be8e787639c2f3df9c2042a094fd8787e630b65d36b49ccbf8c
66,0.00742581683242575,0.0005,0x999dbc9673afdd6b6c140c261297f89de35ff1b3,2017-09-22T05:38:17.000Z,0.06733266,0xae7a63c8543bdd1c32927a7137529b82ab9ea88f,buy,0xe94327d07fc17907b4db788e5adf2ed424addff6,0x2150f411917a8efe223717a844640462b5697e1612a609191f2276b7933172ed
67,0.00742581683242575,0.0005,0x8612d2a48328bbf318b856ed0daaa4a7034383d0,2017-09-22T05:29:09.000Z,0.06733266,0xae7a63c8543bdd1c32927a7137529b82ab9ea88f,buy,0xe94327d07fc17907b4db788e5adf2ed424addff6,0x37eb15fb27e7a9123e7b6bc95881a3f952fe6636b34a32309c6f605355596d32
68,0.00742581683242575,0.0005,0x7ed2114439b24152cf18c02c10cae681a7ca2adc,2017-09-22T05:12:15.000Z,0.06733266,0xae7a63c8543bdd1c32927a7137529b82ab9ea88f,buy,0xe94327d07fc17907b4db788e5adf2ed424addff6,0x685d1e2cde00a3c73e8909e83a95efca3d5e3c896891139371fa9a5e1caa6852
69,0.00742581683242575,0.0005,0x03dd03643b71b06642179afb38211c0f45699bc5,2017-09-22T05:05:01.000Z,0.06733266,0xae7a63c8543bdd1c32927a7137529b82ab9ea88f,buy,0xe94327d07fc17907b4db788e5adf2ed424addff6,0xdefef96cd2e45534867ba01b3893b7360afec079428614cb01c426e47b225944
70,7.099699097291875,0.4756798395185557,0xe4acb87e67354385d279eeeaaf94b49829def971,2017-09-21T16:14:36.000Z,0.067,0xae7a63c8543bdd1c32927a7137529b82ab9ea88f,buy,0xe94327d07fc17907b4db788e5adf2ed424addff6,0x3c11268b16e697a382c2e565418c603e6aa38094ec0a0f900c6be327a1d602a2
71,0.22928920346924533,0.013894925730236266,0xae7a63c8543bdd1c32927a7137529b82ab9ea88f,2017-09-21T00:09:59.000Z,0.0606,0xcbe2dd256fd1c8d3ea867ab096a89c086c8d5979,sell,0xe94327d07fc17907b4db788e5adf2ed424addff6,0x1b80c98f95592fb1c99861c9401ca21b68c55fe6d938df9f26f7326408747774
72,0.1,0.0067,0x5ae933bfbbaa04c3e05ae56295138174ada9799c,2017-09-20T19:56:31.000Z,0.067,0xae7a63c8543bdd1c32927a7137529b82ab9ea88f,buy,0xe94327d07fc17907b4db788e5adf2ed424addff6,0x7e61b6b606c6a35ae4bcba40417488b4a7d83b27c9d477fe7d1b315e12e39c62
73,0.000299999999999985,0.000299999999999985,0xae7a63c8543bdd1c32927a7137529b82ab9ea88f,2017-09-20T19:56:31.000Z,1,0xe755445d9ae759292262342586b90a48a44411a6,sell,0xe94327d07fc17907b4db788e5adf2ed424addff6,0x89597b15cc1b30c2cfeef61aa6a7b26f5445fa375f4071546d1741da2fa29da6
74,0.0997,0.0997,0xae7a63c8543bdd1c32927a7137529b82ab9ea88f,2017-09-20T19:56:31.000Z,1,0x5ae933bfbbaa04c3e05ae56295138174ada9799c,sell,0xe94327d07fc17907b4db788e5adf2ed424addff6,0x7e61b6b606c6a35ae4bcba40417488b4a7d83b27c9d477fe7d1b315e12e39c62
75,0.000300902708124358,0.000020160481444332,0xe755445d9ae759292262342586b90a48a44411a6,2017-09-20T19:56:31.000Z,0.06700000000000005,0xae7a63c8543bdd1c32927a7137529b82ab9ea88f,buy,0xe94327d07fc17907b4db788e5adf2ed424addff6,0x89597b15cc1b30c2cfeef61aa6a7b26f5445fa375f4071546d1741da2fa29da6
76,2.9100159242553567,0.1763469650098746,0xae7a63c8543bdd1c32927a7137529b82ab9ea88f,2017-09-20T03:58:22.000Z,0.0606,0x3dee4a4e076e8d82859d241db0baf46f112cfa23,sell,0xe94327d07fc17907b4db788e5adf2ed424addff6,0xb408a075c1e0ed3d50d5112ab12365f4cbacf5b6ab7fb0dc66a16501956adadb
77,0.3,0.0201,0x007e210be4767129c9a901866d71b717b72d83b3,2017-09-19T23:19:05.000Z,0.067,0xae7a63c8543bdd1c32927a7137529b82ab9ea88f,buy,0xe94327d07fc17907b4db788e5adf2ed424addff6,0xffea8415039d53f9db33bcb8da0f37fe9dbeec6ffddc2a289f162539d0e0e4b0
78,0.105,0.0104957895,0xcdaa02719ede8291e0c0588e343377b0406d5a71,2017-09-18T23:25:04.000Z,0.0999599,0x007e210be4767129c9a901866d71b717b72d83b3,buy,0xe94327d07fc17907b4db788e5adf2ed424addff6,0xa9b5c0befbfebe0b3eb3d2428ac85e62edcf8e32bca77ae5bb368baa3f1fa408
79,2.919036973620548,0.11681988887466407,0x3dee4a4e076e8d82859d241db0baf46f112cfa23,2017-09-17T10:26:14.000Z,0.04002001,0x54b59cbea68b581f1fa6ae1c3d5ea0643e8e2378,sell,0xe94327d07fc17907b4db788e5adf2ed424addff6,0x1e0320fbb47443fbb3affc8910c1872ebdbe733c167a9226e4313b8b9ab1a375
80,0.19133999178587058,0.004018141740903199,0xe1b70fc15811f1d1e8993ecc765aded8531024ff,2017-09-17T09:52:20.000Z,0.021000009999999996,0x54b59cbea68b581f1fa6ae1c3d5ea0643e8e2378,sell,0xe94327d07fc17907b4db788e5adf2ed424addff6,0x9f362c4954f52b324e0f8c39fd84d0459d849baee8584711df8e30954c1bd9c1
81,0.005001000200040008,0.0005,0x1f8ac99600c61189d92c85cc760735b9e0067a60,2017-09-16T22:18:08.000Z,0.09998,0x82bb6e67f8bab4926b5e5ad28a5b8d186b7cab3f,buy,0xe94327d07fc17907b4db788e5adf2ed424addff6,0x6073b7e5196cf3767813042a6ecf68b6c874b74cd6636e2565857f0a1ce80ab5
82,0.005001000200040008,0.0005,0x0f657c396dfcd6c59bb82b89fc3adbe5f90ce153,2017-09-16T22:14:30.000Z,0.09998,0x82bb6e67f8bab4926b5e5ad28a5b8d186b7cab3f,buy,0xe94327d07fc17907b4db788e5adf2ed424addff6,0xc394dcc8a41d58cc6991c1e0b823ab26c0f8a6235c5dd1b1f4031013b043891c
83,0.005001000200040008,0.0005,0x8b24d80c6dd6e1af5a000e03ca8f00886a05f6f5,2017-09-16T22:11:43.000Z,0.09998,0x82bb6e67f8bab4926b5e5ad28a5b8d186b7cab3f,buy,0xe94327d07fc17907b4db788e5adf2ed424addff6,0x5897eb1dcbcbc1926689ce53d6c35e094badf9370a0cd432e13941ec3dfc8e08
84,0.005001000200040008,0.0005,0x42c24a83bded723edfdf5883bc7efb30bc1a1bf3,2017-09-16T21:17:11.000Z,0.09998,0x82bb6e67f8bab4926b5e5ad28a5b8d186b7cab3f,buy,0xe94327d07fc17907b4db788e5adf2ed424addff6,0x8ec25fa3c31e3cd96bcabe392010430da686e9d12750540addae35fd31664819
85,69.9930216329379,4.899511514305653,0x82bb6e67f8bab4926b5e5ad28a5b8d186b7cab3f,2017-09-16T18:04:47.000Z,0.07,0xf142f26d1cac4ba8a6e6d7974d243eda2fe5f4f9,sell,0xe94327d07fc17907b4db788e5adf2ed424addff6,0xe1c906a52734497afd73da82fbef64dbc4cabba74659181c2f91572a2df0c011
86,5.144450766524655,0.5143936321448003,0xebec9760681817ee735f1a855287682f7dfa1a36,2017-09-16T05:05:22.000Z,0.09999,0x007e210be4767129c9a901866d71b717b72d83b3,buy,0xe94327d07fc17907b4db788e5adf2ed424addff6,0xfc6da45f69e930daed645378a8a4f8b4729d83f5014660859ec3c7109fc1f3ef
87,2.49252324267584,0.24922739903515725,0xebec9760681817ee735f1a855287682f7dfa1a36,2017-09-16T04:09:03.000Z,0.09999,0x007e210be4767129c9a901866d71b717b72d83b3,buy,0xe94327d07fc17907b4db788e5adf2ed424addff6,0x24795f73e974a86bc58185c9e8e51e90c9df20dad31cea8a9373ef66c9168077
88,1.043,0.082396998957,0x75ba5e97caf179995b5383d91bdd9eade220c553,2017-09-14T20:20:59.000Z,0.078999999,0xcc9a865325d9a3c942658cb3a0b5c1f4547b4179,buy,0xe94327d07fc17907b4db788e5adf2ed424addff6,0xaee20fc648ec1a462b4e8d4add1d6069575a698304dc4a38790df4771d0604c0
89,15,1.044,0xef33c9a54c4eedb7cc0fbdae4ed6565126a2fd2e,2017-09-14T10:48:04.000Z,0.0696,0xd277f1153ae4271d8c7facd36e0776ccb0ab5e54,sell,0xe94327d07fc17907b4db788e5adf2ed424addff6,0xdaced1bc8545710b5a9126cf100a1437aba90e0c53d9c3e45cc633da3e61dbf3
90,16.948,1.17941132,0xf142f26d1cac4ba8a6e6d7974d243eda2fe5f4f9,2017-09-12T19:19:48.000Z,0.06959,0xbc40412d321e97cc9da9645a5b1dd541caf1da77,buy,0xe94327d07fc17907b4db788e5adf2ed424addff6,0xb271717117d5b4cf6f0e953a8d94c15c39d1607d09eeccb4ffcbc1319551d4cb
91,7.006,0.549971,0x81450bcbd299f60a4bb167f65f639aa1fb2cd536,2017-09-11T21:35:34.000Z,0.0785,0xff684104992bd26b6326bca4620d733526c0ddb1,buy,0xe94327d07fc17907b4db788e5adf2ed424addff6,0x2b8a1943f950e9e95cabaaa2cda4f5409ccd9587ac04489930f78687c2817ae0
92,0.006329121935597386,0.0005,0x64b604630e055318093215b7ed41697ca4fb5de6,2017-09-10T04:10:34.000Z,0.07899990000000001,0xcc9a865325d9a3c942658cb3a0b5c1f4547b4179,buy,0xe94327d07fc17907b4db788e5adf2ed424addff6,0x2f3e38239faa3917db4f0867536b612ac29b9d32562d541875a9b22fd968182b
93,24.41132489283222,0.5126380668627255,0x007e210be4767129c9a901866d71b717b72d83b3,2017-09-09T14:27:26.000Z,0.02100001,0x24e82ce747cf5dfb94942da358eeb6250466b5e2,sell,0xe94327d07fc17907b4db788e5adf2ed424addff6,0x5212dd7b00cdcaf36cbcce40298db39c1c11ad47bbf3bd6a158038d16965d7e0
94,1.2539743148441092,0.09969095803010666,0x77529c0ea5381262db964da3d5f6e2cc92e9b48b,2017-09-09T04:38:19.000Z,0.0795,0xff684104992bd26b6326bca4620d733526c0ddb1,buy,0xe94327d07fc17907b4db788e5adf2ed424addff6,0x12ce4d2eecbf5192541265fd5efbd53e3f83bc7688eed503869f7db9027f65de
95,4.425281626956435,0.30976971388695046,0x7c34ee7fbb96499b4e5f1880722e064c469226ae,2017-09-08T10:39:59.000Z,0.07,0x8dbdbb1daa5ee7a45dcc5e23d4aadacf7db9bc2e,sell,0xe94327d07fc17907b4db788e5adf2ed424addff6,0x55c5cb450bf4e09e21e85f2c2b34c2ebb9558346aa216183d297a0d1669ca345
96,0.56,0.0448,0x007fb601ec64101453f0c7b2555a4f9fbc1fd194,2017-09-05T21:40:30.000Z,0.08,0xff684104992bd26b6326bca4620d733526c0ddb1,buy,0xe94327d07fc17907b4db788e5adf2ed424addff6,0xf4699b410f3dff603e0ac9c743a512d65f9fbd978ed9c989469b8250b45ee407
97,1,0.08,0x1afbf3681cc1b7440af3a106668f6121402ea5cc,2017-09-05T08:43:17.000Z,0.08,0xff684104992bd26b6326bca4620d733526c0ddb1,sell,0xe94327d07fc17907b4db788e5adf2ed424addff6,0x1574230ffb96b349a56a6d750805e76ed8a0ace997d4ddf176d2ac4615386405
98,0.909,0.09997182,0x0a2f62fe0774414131717d32f72fce14d6bd3747,2017-09-04T09:41:48.000Z,0.10998,0x007e210be4767129c9a901866d71b717b72d83b3,buy,0xe94327d07fc17907b4db788e5adf2ed424addff6,0x92b9385a5799bfa7573e745f9104e353242214575962361efab99dfa739a3184
99,0.0016886666468,0.000185719557815064,0x95fdffb33690407f5d4a943a8a725ece16ccea3b,2017-09-03T10:32:44.000Z,0.10998,0x007e210be4767129c9a901866d71b717b72d83b3,buy,0xe94327d07fc17907b4db788e5adf2ed424addff6,0x732d6a0fbfcf1d79baa3f483d4d4f9069f9d5fc5f4de2c3686a409ce907bd3b5
100,0.0016836006468596,0.001878898321895313,0xe6c445cca9919d25a4ee92d50f65659fc1cd0809,2017-09-03T10:32:44.000Z,1.1159999999999997,0x95fdffb33690407f5d4a943a8a725ece16ccea3b,sell,0xe94327d07fc17907b4db788e5adf2ed424addff6,0x732d6a0fbfcf1d79baa3f483d4d4f9069f9d5fc5f4de2c3686a409ce907bd3b5
101,0.006,0.00089988,0xcc8f72d19e9af2a071421c076e4ae1ecf893d0fe,2017-09-03T10:23:31.000Z,0.14998,0x007e210be4767129c9a901866d71b717b72d83b3,buy,0xe94327d07fc17907b4db788e5adf2ed424addff6,0xf462442fe7ef7cb02b538f5c41fde5e74afbc4d123886bff1f38f1a692ab4fdb
102,0.0549779993532,0.0613554472781712,0xe6c445cca9919d25a4ee92d50f65659fc1cd0809,2017-09-03T10:21:17.000Z,1.116,0x1a375d0880ccefae658d6351a9a700d5ff496c92,sell,0xe94327d07fc17907b4db788e5adf2ed424addff6,0xfbb0dc0a6b461a53b8dc906788b9badb3763737fec90a16aa068b05d491f1fed
103,0.05609999934,0.0061698779274132,0x1a375d0880ccefae658d6351a9a700d5ff496c92,2017-09-03T10:21:17.000Z,0.10998,0x007e210be4767129c9a901866d71b717b72d83b3,buy,0xe94327d07fc17907b4db788e5adf2ed424addff6,0xfbb0dc0a6b461a53b8dc906788b9badb3763737fec90a16aa068b05d491f1fed
104,0.273,0.03002454,0x0a2f62fe0774414131717d32f72fce14d6bd3747,2017-09-02T22:36:13.000Z,0.10998,0x007e210be4767129c9a901866d71b717b72d83b3,buy,0xe94327d07fc17907b4db788e5adf2ed424addff6,0x4cdac36ed4e38aea4f08dc418b1b2e2c5e98265ae8d4c68b6b0d4f5932ebcfa4
105,0.027,0.00296946,0x0a2f62fe0774414131717d32f72fce14d6bd3747,2017-09-02T11:25:11.000Z,0.10998,0x007e210be4767129c9a901866d71b717b72d83b3,buy,0xe94327d07fc17907b4db788e5adf2ed424addff6,0xf15f010a875f7d316b7c495dcf605acd03589a9d56f97c2ef415cc3f83ae1f07
106,0.107,0.00856,0x0fe919027b526b237185fce9d40dd74ae9dbc1fa,2017-09-02T06:59:49.000Z,0.08,0x007e210be4767129c9a901866d71b717b72d83b3,sell,0xe94327d07fc17907b4db788e5adf2ed424addff6,0x89f138b95eeb836f4a065d62d0b930a481a566e59d734ca55026cc09af75f0e5
107,2.2928920346924535,0.18343136277539626,0x0fe919027b526b237185fce9d40dd74ae9dbc1fa,2017-09-01T19:23:56.000Z,0.08,0x534cacb922c009e510fb25e0d89d307d15a8392f,sell,0xe94327d07fc17907b4db788e5adf2ed424addff6,0xb9033f94c05d60d9029937388db1d867efe9e7a3fb9afbbe9ad201daa3ba4573
108,0.9969095803010667,0.054830026916558666,0xace2f0e2021ed8067a5f64eebd39bff7e67f096e,2017-08-31T06:25:34.000Z,0.055,0xd7b69a37104ba4e9f8b3b418d73bc7c7ced13c1a,sell,0xe94327d07fc17907b4db788e5adf2ed424addff6,0x3197e993fb46f0e637e3391df259f82756f9621bf17d36c968910521464b36ee
109,0.000000000000000035,0.000000000000000014,0xa30b9bc2f8d6cf8e46cde66c666991ea1eb53d0e,2017-08-31T04:39:11.000Z,0.4,0x1f9aa698b3781ea29878036773a0df87f5325d98,buy,0xe94327d07fc17907b4db788e5adf2ed424addff6,0xe694ccc8bb7194d4b93cd455501e7d1efa66a27e9732f563ed5a031551f3fa79
110,0.000000000000921853,0.000000000000138278,0xa30b9bc2f8d6cf8e46cde66c666991ea1eb53d0e,2017-08-31T04:33:49.000Z,0.1500000542385825,0x1f9aa698b3781ea29878036773a0df87f5325d98,buy,0xe94327d07fc17907b4db788e5adf2ed424addff6,0xc20922fead79995978b40b93ff2c58a8dde91b338f87a256a400e07a900b22b1
111,0.000000003467650775,0.00000000138706031,0xa30b9bc2f8d6cf8e46cde66c666991ea1eb53d0e,2017-08-31T04:28:34.000Z,0.4,0x1f9aa698b3781ea29878036773a0df87f5325d98,buy,0xe94327d07fc17907b4db788e5adf2ed424addff6,0x6fca8a702ba588991c32a5775ecc744b1477ec923dd3335987fcc3aba9fc3a99
112,0.000051566060771507,0.000013913601958144,0xa30b9bc2f8d6cf8e46cde66c666991ea1eb53d0e,2017-08-31T04:25:25.000Z,0.2698209200000014,0x8fcc399a296a08afa322a59e57734a58cd3340a7,buy,0xe94327d07fc17907b4db788e5adf2ed424addff6,0x225c1477f69406ffaaed3afa0dd62a7bd7804e63524ffbf00248f1cc0c192cd9
113,0.0005,0.00005495,0x98f0deb428b74fb5302d250af5d55e77c8519f2a,2017-08-30T13:54:52.000Z,0.1099,0xae7a63c8543bdd1c32927a7137529b82ab9ea88f,buy,0xe94327d07fc17907b4db788e5adf2ed424addff6,0x48af115a73ef18f23d23c2affdedac0ce0143c3a83b30db06a96438ccb4f73bc
114,1.59,0.174741,0xf868e139820c1e6ebc756934d4545177c0a4d5b4,2017-08-29T23:24:28.000Z,0.1099,0xae7a63c8543bdd1c32927a7137529b82ab9ea88f,buy,0xe94327d07fc17907b4db788e5adf2ed424addff6,0x9fd32ccd0c21bffb4e973ae30c1e9e204ffbe8c93cc555b7d674b174a8aaa0a9
115,2.401126009493957,0.13806522577110442,0xae7a63c8543bdd1c32927a7137529b82ab9ea88f,2017-08-28T10:35:58.000Z,0.0575002,0x96e1e7ba823796772bbda5c2abe81c8556b5e937,sell,0xe94327d07fc17907b4db788e5adf2ed424addff6,0x66454b795f498fa9aa418863a4b2ef5b9ff73ede45d4b8c26b0741176a6e1bd8
116,11,0.99,0x767bcdedccdeb0f3dc4c70efe25865b065081ee8,2017-08-27T21:32:06.000Z,0.09,0xae7a63c8543bdd1c32927a7137529b82ab9ea88f,sell,0xe94327d07fc17907b4db788e5adf2ed424addff6,0x452e258e7aedade0e435f5109848b92c3a36490ee5ec05fcf7e1179f59513f0a
117,50,3.75,0xce7f06ba27b3e525ccdfc559cea9e523e5f91eae,2017-08-25T15:44:25.000Z,0.075,0xebbf00918819af588274b40bf236847b1cd5575d,sell,0xe94327d07fc17907b4db788e5adf2ed424addff6,0xd6883e111f813ee1e17432312356fc0df456ff429a2234897e57f4f9ff5c74c8
118,0.408569500123388,0.04984547901505333,0x96e1e7ba823796772bbda5c2abe81c8556b5e937,2017-08-23T01:30:52.000Z,0.122,0xae7a63c8543bdd1c32927a7137529b82ab9ea88f,buy,0xe94327d07fc17907b4db788e5adf2ed424addff6,0x93c76bbcd5e8a82d922a0b91b36df67821261ef6e1845edcad826f665d150e72
119,0.397,0.0397,0x9adce261bd078192e788fd87e0112fa50ae5b770,2017-08-22T03:51:49.000Z,0.1,0xab6c79a9d40bda2e8925207e1d38f432847354e5,buy,0xe94327d07fc17907b4db788e5adf2ed424addff6,0xac59c1aca74a8eeca8ae0252a1b25076c581690bd92242d0d4d688540492a362
120,5.113226359575638,0.6340400685873792,0x529104532a9779ea9eae0c1e325b3368e0f8add4,2017-08-21T04:37:34.000Z,0.124,0xae7a63c8543bdd1c32927a7137529b82ab9ea88f,buy,0xe94327d07fc17907b4db788e5adf2ed424addff6,0x024de4efdf29386c10a8362b4c93bface3fc6ec138fc5ad3e6074d6a7c586aa1
121,2.9843945967500747,0.02984400565539268,0xae7a63c8543bdd1c32927a7137529b82ab9ea88f,2017-08-20T16:21:48.000Z,0.01000002,0xb8cabbaad8138e5325b703904089760705fcca61,sell,0xe94327d07fc17907b4db788e5adf2ed424addff6,0xe1bea9aa84a5a545c4f2392a16f9e0fb65e1b679019c575050ff59fdf0f10fb9
122,4.41,0.55125,0xf868e139820c1e6ebc756934d4545177c0a4d5b4,2017-08-18T00:59:44.000Z,0.125,0xae7a63c8543bdd1c32927a7137529b82ab9ea88f,buy,0xe94327d07fc17907b4db788e5adf2ed424addff6,0x24462bbcf5feaef925d076ccbc3d752da341f501e212c6e0db1756c9dc2dd93c
123,1,0.125,0xd7b69a37104ba4e9f8b3b418d73bc7c7ced13c1a,2017-08-17T11:20:24.000Z,0.125,0xae7a63c8543bdd1c32927a7137529b82ab9ea88f,buy,0xe94327d07fc17907b4db788e5adf2ed424addff6,0x447e7c1ccf73e4df8e2c139540602e20123d0494d13395831c322e755159aa3e
