,amount,amountBase,buyer,date,price,seller,side,tokenAddr,txHash
0,2.5,0.0005,0x3075f7f189912f4f425dd7021b9c396434197477,2017-11-02T07:21:44.000Z,0.0002,0xa8d5ff1a5700ec5d53d938e89a3240752d82e05f,buy,0x2a05d22db079bc40c2f77a1d1ff703a56e631cc1,0x2361341a15c3bb4d7f85cbe1afceca9c05b688eac58b3893576bb5de906c72b2
1,2.5,0.0005,0x4fda9e6bcd83af6c5cc771b5d20accc2b7720074,2017-11-02T07:17:36.000Z,0.0002,0xa8d5ff1a5700ec5d53d938e89a3240752d82e05f,buy,0x2a05d22db079bc40c2f77a1d1ff703a56e631cc1,0x0b41fec3f7616eadb2616ff1a88ac09dc2d6377e2ad10af380a0f7c082d8ec2b
2,299.07287409,0.01615651480408998,0x3dee4a4e076e8d82859d241db0baf46f112cfa23,2017-10-31T18:29:48.000Z,0.000054022,0x068a903c384626bafe48bc93857e95be2d39dd13,sell,0x2a05d22db079bc40c2f77a1d1ff703a56e631cc1,0xf69f400a70ae891d86a39e6820fef3ddb4b1f29c1819425fdfd4292f1dfcc361
3,5,0.001215,0x0b773d7819259d78757b26dc4148812d35676d8f,2017-10-31T14:44:04.000Z,0.000243,0x9bc20dbde85445f3abfd06a222b8d8ac958574a4,buy,0x2a05d22db079bc40c2f77a1d1ff703a56e631cc1,0xa06f793a4864e56e9878ead24f899e8a8041b41e1e645c604396f1547d971074
4,0.001,0.000000178,0x0c4085d8e714ca77ac5f46cd2b80a92d238a7cd3,2017-10-31T01:13:47.000Z,0.000178,0x1d76c2a0f74838c67a87c58c0298bd0391ae4973,buy,0x2a05d22db079bc40c2f77a1d1ff703a56e631cc1,0x7bbc26d01b6bcab04fb1187757c95175bdde8110d1b690eb0ce96ebbfba4a550
5,2040,0.1836,0x265ca90bd2ceb257be4370d0cbd6bf8e0a6688e1,2017-10-30T05:37:07.000Z,0.00009,0x0f1b76410215ed963ea2c3d3eaddd4a56350b422,buy,0x2a05d22db079bc40c2f77a1d1ff703a56e631cc1,0x1900b6d6dd99dad92f0170ed3565a8ccfe6da7fa61469a6961bc554b5b7757ee
6,4834,0.43506,0x265ca90bd2ceb257be4370d0cbd6bf8e0a6688e1,2017-10-30T05:26:46.000Z,0.00009,0x0f1b76410215ed963ea2c3d3eaddd4a56350b422,buy,0x2a05d22db079bc40c2f77a1d1ff703a56e631cc1,0x5e6e991f980233946608f9aef54a9b0ee17651069186ecdbe57dacedd7a63169
7,1000,0.086999,0x265ca90bd2ceb257be4370d0cbd6bf8e0a6688e1,2017-10-30T05:19:53.000Z,0.000086999,0x4b0925f7776c00378f9556fcd4b3aaf3efe0013f,buy,0x2a05d22db079bc40c2f77a1d1ff703a56e631cc1,0x41ea54c6e19fc435ff289a8fbf0880e7251110b270d158748cc58f6a1efdd3ca
8,2280,0.18012,0x265ca90bd2ceb257be4370d0cbd6bf8e0a6688e1,2017-10-30T05:19:53.000Z,0.000079,0x3dee4a4e076e8d82859d241db0baf46f112cfa23,buy,0x2a05d22db079bc40c2f77a1d1ff703a56e631cc1,0x1264331af181c05bbc0d79d7f49287172bcb55aaddfd90e124891ac0fd937994
9,449.003,0.0353814364,0x265ca90bd2ceb257be4370d0cbd6bf8e0a6688e1,2017-10-30T05:19:53.000Z,0.0000788,0xe1e1d0d73eeb29d0632bc4c7871bfc74dbed0741,buy,0x2a05d22db079bc40c2f77a1d1ff703a56e631cc1,0xf422aedc00d7850965ca8a517ecf70d1d95c80643d51a217374cb8e4df8913b1
10,1498,0.12733,0x265ca90bd2ceb257be4370d0cbd6bf8e0a6688e1,2017-10-30T05:19:53.000Z,0.000085,0x056b434b4e3cbc4635518b6ceac5f77e9d02afcb,buy,0x2a05d22db079bc40c2f77a1d1ff703a56e631cc1,0xea8b588076f461ee802baec5a30d12076806cc06e3a9162089bc65ca5f733f83
11,6.34517766,0.0005,0xf9695cd65d6dfdf257fab76a3eb0cb8f001971cc,2017-10-30T02:04:25.000Z,0.0000788000000617792,0xe1e1d0d73eeb29d0632bc4c7871bfc74dbed0741,buy,0x2a05d22db079bc40c2f77a1d1ff703a56e631cc1,0x314e59a015f1a4ac3670b2110838750d0b8df156382bb25a8dac9186214e5693
12,7.95,0.00042946695,0x24418ab1b19550b380652432eac1ab37bf3d0fa9,2017-10-30T01:57:03.000Z,0.000054021,0x379374d13077e8867ef31803c37baf9785a17c00,sell,0x2a05d22db079bc40c2f77a1d1ff703a56e631cc1,0x2856eb1ba6445dd8281d9105a5df542156d4bae5d6b13ac13cc2ec6caecf669b
13,2,0.000158,0x6cdea8e07bf82d7a07dbf36642d6e5be8623845c,2017-10-29T12:08:49.000Z,0.000079,0x3dee4a4e076e8d82859d241db0baf46f112cfa23,buy,0x2a05d22db079bc40c2f77a1d1ff703a56e631cc1,0x9e964aaf5eea96620e6806252ccffb56e116b2a72c4a3c6ccd84b6a3377660f2
14,6.25,0.0005,0x379374d13077e8867ef31803c37baf9785a17c00,2017-10-29T01:42:35.000Z,0.00008,0xe1e1d0d73eeb29d0632bc4c7871bfc74dbed0741,buy,0x2a05d22db079bc40c2f77a1d1ff703a56e631cc1,0x28c93e79b9adecd06c07acc9d5e1fef8bfd39af6f0d2c7c1eea85efc84110ef7
15,6.25,0.0005,0x42c24a83bded723edfdf5883bc7efb30bc1a1bf3,2017-10-29T01:26:21.000Z,0.00008,0xe1e1d0d73eeb29d0632bc4c7871bfc74dbed0741,buy,0x2a05d22db079bc40c2f77a1d1ff703a56e631cc1,0x63a48edd5dd9f95cad4898198fc856297ec2a524f3e99e42d6ec2c42c1273e58
16,6.25,0.0005,0xe444a40689f51f63bcd29910622035707d533d29,2017-10-28T20:06:45.000Z,0.00008,0xe44c777c51580fb3bb9a4610cb2921f463bd5e07,buy,0x2a05d22db079bc40c2f77a1d1ff703a56e631cc1,0x1c3deb3bdf1982ee05ca15896b84aeb30693bf66651c3de7a6e65d163d63e997
17,6.25,0.0005,0x34f9560c63078eb61872a4dc2ccd20e21c34feaf,2017-10-28T20:06:42.000Z,0.00008,0xe44c777c51580fb3bb9a4610cb2921f463bd5e07,buy,0x2a05d22db079bc40c2f77a1d1ff703a56e631cc1,0xa252c9bcf16e45f180c5d893885c2a5a7188555463f504ab28ddf5322df4a47c
18,2300,0.207,0xf6a7222207c2e93d2013c76310316b5204fe89f5,2017-10-27T05:39:50.000Z,0.00009,0x0f1b76410215ed963ea2c3d3eaddd4a56350b422,buy,0x2a05d22db079bc40c2f77a1d1ff703a56e631cc1,0x6d2436bb5ad77e83da4da8fd25b03bc36495a9acada40ede61cb69521822f1b5
19,1040.93310736,0.04736245638488,0xe4bbba7bedcb7bab98a14e59a723d4338abc1e62,2017-10-25T18:38:29.000Z,0.0000455,0x056b434b4e3cbc4635518b6ceac5f77e9d02afcb,sell,0x2a05d22db079bc40c2f77a1d1ff703a56e631cc1,0xaf77f03ce8a55dd3e064481d07b432b65acd5f2b576fd7f782148d674a7949be
20,1000,0.0455,0xe4bbba7bedcb7bab98a14e59a723d4338abc1e62,2017-10-25T18:36:19.000Z,0.0000455,0x056b434b4e3cbc4635518b6ceac5f77e9d02afcb,sell,0x2a05d22db079bc40c2f77a1d1ff703a56e631cc1,0x99ad632ce78431f7ded26e2b1f5a7caf501b69dbebd9e9c6baf70968b68da88d
21,495.67325837,0.022553133255835,0xe4bbba7bedcb7bab98a14e59a723d4338abc1e62,2017-10-25T17:51:53.000Z,0.0000455,0x23c07f4f81bb69d30073db1d6e0949e4e9c3bb0f,sell,0x2a05d22db079bc40c2f77a1d1ff703a56e631cc1,0xcdb77be23627f88920935f8ca1317fd0185e529462779c0d9d550c016f166a06
22,2281.71807256,0.0912915400831256,0x3dee4a4e076e8d82859d241db0baf46f112cfa23,2017-10-24T16:03:18.000Z,0.00004001,0x7691aae774db1bb75e4df8ae656c635f49faa31b,sell,0x2a05d22db079bc40c2f77a1d1ff703a56e631cc1,0xcb586698f95d88992ceab2aac617c7f047fad3eb4746548d1a0156fa3d11664c
23,2281.71807256,0.0912915400831256,0x3dee4a4e076e8d82859d241db0baf46f112cfa23,2017-10-24T16:03:05.000Z,0.00004001,0x7691aae774db1bb75e4df8ae656c635f49faa31b,sell,0x2a05d22db079bc40c2f77a1d1ff703a56e631cc1,0xcb586698f95d88992ceab2aac617c7f047fad3eb4746548d1a0156fa3d11664c
24,100,0.005,0x186ac0b0b9c2b394b9564f1de966bee2b6d5fe88,2017-10-24T15:54:45.000Z,0.00005,0x7691aae774db1bb75e4df8ae656c635f49faa31b,sell,0x2a05d22db079bc40c2f77a1d1ff703a56e631cc1,0xe165b58f0e46fbdbbaa5d98068f708262417532cd722308553bda412e0b996c9
25,5267.83184443,0.26339686005334445,0x24418ab1b19550b380652432eac1ab37bf3d0fa9,2017-10-24T15:54:27.000Z,0.000050001,0x7691aae774db1bb75e4df8ae656c635f49faa31b,sell,0x2a05d22db079bc40c2f77a1d1ff703a56e631cc1,0xa1bfc9d5a7ad745d465a23f9efca4005a8c4ed26435b74ac8720d8affb3d4b19
26,100,0.006008,0x035392de57aa4fe343d86494103dbe1b068a56c6,2017-10-24T15:45:23.000Z,0.00006008,0x7691aae774db1bb75e4df8ae656c635f49faa31b,sell,0x2a05d22db079bc40c2f77a1d1ff703a56e631cc1,0xc05f6c019bf10ea3a7ef5b4515d2ed9d7e5ee452def29861a193825b621c441f
27,100,0.006009,0x035392de57aa4fe343d86494103dbe1b068a56c6,2017-10-24T15:44:53.000Z,0.00006009,0x7691aae774db1bb75e4df8ae656c635f49faa31b,sell,0x2a05d22db079bc40c2f77a1d1ff703a56e631cc1,0x37a12ebb400dcbce63b2a3d6aeb9967464a4f70685e38deea323366a16bb5031
28,70,0.004207,0x035392de57aa4fe343d86494103dbe1b068a56c6,2017-10-24T15:44:53.000Z,0.0000601,0x7691aae774db1bb75e4df8ae656c635f49faa31b,sell,0x2a05d22db079bc40c2f77a1d1ff703a56e631cc1,0x8e5f662bbec6d74df954adba83602a141ba0fb5e084aed80e4962cbcf8503315
29,70,0.0042098,0x035392de57aa4fe343d86494103dbe1b068a56c6,2017-10-24T15:44:45.000Z,0.00006014,0x7691aae774db1bb75e4df8ae656c635f49faa31b,sell,0x2a05d22db079bc40c2f77a1d1ff703a56e631cc1,0x7a0fa726deb6c574e5d8702fc2d5ce440236097292afde795c37f7cbf9700eab
30,98.69404844,0.006020346824244844,0x24418ab1b19550b380652432eac1ab37bf3d0fa9,2017-10-23T09:59:39.000Z,0.0000610001,0x43130148060f177c78825cbd5a0d0a18879b18bc,sell,0x2a05d22db079bc40c2f77a1d1ff703a56e631cc1,0x08e5415142fb2646c2341616d568883e633336bc526ecdb3078e771d274f6863
31,997.16,0.0897444,0x77893816d900e76e08dd2be6e7315d16c608ac79,2017-10-23T01:40:24.000Z,0.00009,0x10c7a61c34852e63861fff7a68ac7300c58044e8,buy,0x2a05d22db079bc40c2f77a1d1ff703a56e631cc1,0x11f37ffb465b3cb6ae67f5cfbd1b4fe0b216fdea8ba716ad2ad817a7b6ed6793
32,33.79572075,0.00239949617325,0x1d76c2a0f74838c67a87c58c0298bd0391ae4973,2017-10-22T00:42:37.000Z,0.000071,0xe2eabfc1e89a462bbd2ba188cd8a9591a9a0d04e,sell,0x2a05d22db079bc40c2f77a1d1ff703a56e631cc1,0x0f165ef8cd7e688f883291d7b59686c628c311d9bd047c63a65124b6b483a619
33,641.37174759,0.04489666370304759,0x24418ab1b19550b380652432eac1ab37bf3d0fa9,2017-10-22T00:40:02.000Z,0.000070001,0xe2eabfc1e89a462bbd2ba188cd8a9591a9a0d04e,sell,0x2a05d22db079bc40c2f77a1d1ff703a56e631cc1,0x573a300f438657a1776f27eb813d60e2a71370847c2c7f0c8f4c4b38073433ff
34,1963.50314176,0.13940872306496,0x1d76c2a0f74838c67a87c58c0298bd0391ae4973,2017-10-22T00:25:27.000Z,0.000071,0xe2eabfc1e89a462bbd2ba188cd8a9591a9a0d04e,sell,0x2a05d22db079bc40c2f77a1d1ff703a56e631cc1,0x3bb218305ecf70de7b0e6dd985156fc98bfb1ed7e6b2af39517851d06f13b1ef
35,0.01490743,0.00000105842753,0x1d76c2a0f74838c67a87c58c0298bd0391ae4973,2017-10-22T00:21:45.000Z,0.000071,0xe2eabfc1e89a462bbd2ba188cd8a9591a9a0d04e,sell,0x2a05d22db079bc40c2f77a1d1ff703a56e631cc1,0xf95691e9a36d96c80f67a22602f8d5932c9edada9e48401e9f5242872ca5890f
36,2787.49875386,0.19512770026895385,0x24418ab1b19550b380652432eac1ab37bf3d0fa9,2017-10-21T20:20:16.000Z,0.000070001,0x501862d1af0c54031fbb013be095904b26faabcc,sell,0x2a05d22db079bc40c2f77a1d1ff703a56e631cc1,0x1fa0ba9a5b24d13bd29eb0fcba11a685e4048365824eea9a8967493485eec439
37,1072.6747084,0.0750883022627084,0x24418ab1b19550b380652432eac1ab37bf3d0fa9,2017-10-21T20:20:16.000Z,0.000070001,0xff97e52008f9bfe46a7aa6facc0320937fd18c06,sell,0x2a05d22db079bc40c2f77a1d1ff703a56e631cc1,0x2fc66b1c9fe98c236f5b67b5e848946ccff53ba81b0aebdae69f8d7c24b96370
38,498.45479015,0.03489233376529015,0x24418ab1b19550b380652432eac1ab37bf3d0fa9,2017-10-21T19:33:11.000Z,0.000070001,0x23c07f4f81bb69d30073db1d6e0949e4e9c3bb0f,sell,0x2a05d22db079bc40c2f77a1d1ff703a56e631cc1,0x8f1980a7282cd04199f41392ae97bd170e87a4816fea48b73d2ee15f0b652d78
39,999.99999999,0.299999999997,0x1d76c2a0f74838c67a87c58c0298bd0391ae4973,2017-10-20T12:50:11.000Z,0.0003,0xd445f61ebca3d6b4c57eef1f39fdab6595ef8972,sell,0x2a05d22db079bc40c2f77a1d1ff703a56e631cc1,0xf6c66489568daa82b8ef6e0a9d9dfc5da646e833bde7d64a502f6d340c39166e
40,1003.00902708,0.24072216649949849,0xd445f61ebca3d6b4c57eef1f39fdab6595ef8972,2017-10-20T12:50:11.000Z,0.0002400000000002976,0x0f1b76410215ed963ea2c3d3eaddd4a56350b422,buy,0x2a05d22db079bc40c2f77a1d1ff703a56e631cc1,0xf6c66489568daa82b8ef6e0a9d9dfc5da646e833bde7d64a502f6d340c39166e
41,1800,0.1260018,0x24418ab1b19550b380652432eac1ab37bf3d0fa9,2017-10-20T08:37:43.000Z,0.000070001,0x0d479199250a62931f4ccb5dec399235da1b6834,sell,0x2a05d22db079bc40c2f77a1d1ff703a56e631cc1,0x7fe82655eddca65ba79e01157fe56d4dee546b5aa0d8cbc02e595bff447ae0c3
42,1800,0.1260018,0x24418ab1b19550b380652432eac1ab37bf3d0fa9,2017-10-20T08:37:02.000Z,0.000070001,0x0d479199250a62931f4ccb5dec399235da1b6834,sell,0x2a05d22db079bc40c2f77a1d1ff703a56e631cc1,0x7fe82655eddca65ba79e01157fe56d4dee546b5aa0d8cbc02e595bff447ae0c3
43,2,0.00057976,0x359a434bcd08ddc98f2f0ecbf5990cf922e953e6,2017-10-19T01:32:46.000Z,0.00028988,0x833438ee8ac5c23f579ec08142f2285b4a596b74,buy,0x2a05d22db079bc40c2f77a1d1ff703a56e631cc1,0x32f10925997d668b59b819fb745eb9df2b38c338efd0fc134019d610f9b46789
44,1,0.0003,0x3ac636ac5c3a2576156ac5f10066ca68abe0ad54,2017-10-18T20:01:18.000Z,0.0003,0xa8d5ff1a5700ec5d53d938e89a3240752d82e05f,buy,0x2a05d22db079bc40c2f77a1d1ff703a56e631cc1,0xda0c3b998fe098430328ba110e84f81a6c68b656881babf30b3fdb7cda286fe0
45,1.72485166,0.0005,0x379374d13077e8867ef31803c37baf9785a17c00,2017-10-18T15:02:06.000Z,0.0002898800004633442,0x833438ee8ac5c23f579ec08142f2285b4a596b74,buy,0x2a05d22db079bc40c2f77a1d1ff703a56e631cc1,0x87ef2fa62bf57e06d901a8c9eb8d79bc9f9d3ac2d9d18a31a6354cc8714cb5a2
46,1.72485166,0.0005,0xf9695cd65d6dfdf257fab76a3eb0cb8f001971cc,2017-10-18T15:01:32.000Z,0.0002898800004633442,0x833438ee8ac5c23f579ec08142f2285b4a596b74,buy,0x2a05d22db079bc40c2f77a1d1ff703a56e631cc1,0xe842eb37749b123f2f40afa4e46947a4277038d22f24f0d55c7e8af2b2a0e697
47,1799.06065175,0.7178252000495206,0x6a68129cb3141bb741108fa7ccbf012dea7705ec,2017-10-18T04:05:30.000Z,0.0003990000000007062,0xfdf8fd0bdbbfabfb3fba63b3b1ea71b5a99db0df,buy,0x2a05d22db079bc40c2f77a1d1ff703a56e631cc1,0x4319cbc930786c70c2593383814e603bb9bdcadcffdafad4f57fcc0b2c3103f4
48,1000,0.060144,0x4b0925f7776c00378f9556fcd4b3aaf3efe0013f,2017-10-17T23:34:13.000Z,0.000060144,0x24418ab1b19550b380652432eac1ab37bf3d0fa9,sell,0x2a05d22db079bc40c2f77a1d1ff703a56e631cc1,0x78aa782b04d358b87aae563e78b62e9c278d56a1fde2b1e180b51c7c420161c5
49,5,0.0005,0x16e5d97bbc92417e051e3b2cabfbf8ceea2acb9c,2017-10-17T17:11:20.000Z,0.0001,0xe1e1d0d73eeb29d0632bc4c7871bfc74dbed0741,buy,0x2a05d22db079bc40c2f77a1d1ff703a56e631cc1,0xffd6a8bfed26500c540a7a409fec39d9b64233a591e0ef46781daf9946176fd8
50,149.53643704,0.014953643704,0xe3d0a0d0fcdab0f65f97c5e29b3d413e827ca3ce,2017-10-17T14:43:46.000Z,0.0001,0xe2eabfc1e89a462bbd2ba188cd8a9591a9a0d04e,sell,0x2a05d22db079bc40c2f77a1d1ff703a56e631cc1,0x495df2297a41806a8f6c97339e777b298fee1fee808b9f3cefea43f433a63aec
51,103.448,0.02999992,0xc9d5df0081a3f79f0d60182ceff1a157d688288a,2017-10-17T14:11:11.000Z,0.00029,0x833438ee8ac5c23f579ec08142f2285b4a596b74,buy,0x2a05d22db079bc40c2f77a1d1ff703a56e631cc1,0xbe6526c43ee3ea94e68bfa67fc5b0b7a0c6416b66ffd266244358edbeabdea6b
52,5,0.0005,0xcd912af5286dc0b0a23edb30209734ecb60838b3,2017-10-17T04:52:04.000Z,0.0001,0xe1e1d0d73eeb29d0632bc4c7871bfc74dbed0741,buy,0x2a05d22db079bc40c2f77a1d1ff703a56e631cc1,0xa3c0ddb0b91b29e4289b16ac05ccee76bbc9fb0cedfb9e62243131c1c45ef77f
53,477.84866912,0.02867378723921472,0xe1e1d0d73eeb29d0632bc4c7871bfc74dbed0741,2017-10-15T08:09:45.000Z,0.000060006,0x0d479199250a62931f4ccb5dec399235da1b6834,sell,0x2a05d22db079bc40c2f77a1d1ff703a56e631cc1,0x45586903cacab442bf7f8cab56b3e818f1226ecbff32516e5ce18dd9c756cda3
54,40,0.00456,0x035392de57aa4fe343d86494103dbe1b068a56c6,2017-10-13T02:20:57.000Z,0.000114,0xe44c777c51580fb3bb9a4610cb2921f463bd5e07,buy,0x2a05d22db079bc40c2f77a1d1ff703a56e631cc1,0x916675b2ae151e86a4af08fb7242e35b46e8fcbbde33dcf56ec387635cb092f2
55,1261.92867306,0.14385986872893325,0x8c299ddfed9977dca71c6c0cc9ef25086d2053bb,2017-10-13T02:05:47.000Z,0.00011400000000007388,0xe44c777c51580fb3bb9a4610cb2921f463bd5e07,buy,0x2a05d22db079bc40c2f77a1d1ff703a56e631cc1,0x24d5f93f170450f0ee8f1d4a30f271a5865e177271c6b24cab0c155fb25e784a
56,511.78263095,0.05834321992929577,0x8c299ddfed9977dca71c6c0cc9ef25086d2053bb,2017-10-13T01:56:20.000Z,0.00011400000000194567,0xe44c777c51580fb3bb9a4610cb2921f463bd5e07,buy,0x2a05d22db079bc40c2f77a1d1ff703a56e631cc1,0x72bf6acf1b255ba26e38f1b9b27cc6a44b3689d66406272da58668588a1fcf8d
57,170,0.01938,0x833438ee8ac5c23f579ec08142f2285b4a596b74,2017-10-12T21:07:39.000Z,0.000114,0xe44c777c51580fb3bb9a4610cb2921f463bd5e07,buy,0x2a05d22db079bc40c2f77a1d1ff703a56e631cc1,0xc6bb9e52d1f2f045da63cee8289f6b8ff84b03d68d2ad5b25be27c00150a11bc
58,0.19876574,0.0000226612820174,0x24418ab1b19550b380652432eac1ab37bf3d0fa9,2017-10-12T02:53:16.000Z,0.00011401,0x3ee0a5d5a0bd2619be64ac5ecd9467339a8aaf7a,sell,0x2a05d22db079bc40c2f77a1d1ff703a56e631cc1,0x5b586d1f9bcf075cad8fb6c90e9498e1dfcbbc56d9e97a795d5df4e341a6ac1c
59,2540.95183832,0.2896939190868632,0x24418ab1b19550b380652432eac1ab37bf3d0fa9,2017-10-10T14:27:48.000Z,0.00011401,0x87f1315509ef811a82404fd37170b1339dfa04c8,sell,0x2a05d22db079bc40c2f77a1d1ff703a56e631cc1,0x626cc22865b587f069db82323147f52308c624299bd3af12afb057f5bec78244
60,144.737,0.0166666247607,0x5d5065b42bdee0274e394ba9042c21e1818c69cf,2017-10-10T13:27:28.000Z,0.0001151511,0x87f1315509ef811a82404fd37170b1339dfa04c8,sell,0x2a05d22db079bc40c2f77a1d1ff703a56e631cc1,0xa5ad321a8bd49be8186d59b925181e1cda2ecf0919db617f23d01e2e68e140cc
61,1,0.0003,0x602dac96d8d0530148bf159acc7927f7ef09f31b,2017-10-09T01:00:53.000Z,0.0003,0xa8d5ff1a5700ec5d53d938e89a3240752d82e05f,buy,0x2a05d22db079bc40c2f77a1d1ff703a56e631cc1,0x7b0a38456dfeda177919f4f9218fffff75449a7cc0beca5889d153b98add2f18
62,300,0.18,0x068a903c384626bafe48bc93857e95be2d39dd13,2017-10-08T12:37:34.000Z,0.0006,0x0845ad270268891eb78c056035d6ecd6b06c2ed4,buy,0x2a05d22db079bc40c2f77a1d1ff703a56e631cc1,0x71ec226ecb756dda0b27c7591a8c6e9a254d70b429fabf1b07d3035e291de3db
63,99,0.059202,0x068a903c384626bafe48bc93857e95be2d39dd13,2017-10-08T12:20:29.000Z,0.000598,0xdbbae39c54992479faac890e81eb4d8579b951d6,buy,0x2a05d22db079bc40c2f77a1d1ff703a56e631cc1,0xe2d536c863b9ef486bffb1084b3d9182c3c36cd4c69b08b79168eef4476c58cd
64,119.629,0.029667992,0x068a903c384626bafe48bc93857e95be2d39dd13,2017-10-08T10:52:13.000Z,0.000248,0x48eaedfa6ab55f414a433f0778f55ed9b827e822,buy,0x2a05d22db079bc40c2f77a1d1ff703a56e631cc1,0x13985197d5b16c1194150a3184d5343caa2ee0844a304d453479d88adbfcc1ec
65,320.01,0.064002,0x8c299ddfed9977dca71c6c0cc9ef25086d2053bb,2017-10-07T03:28:23.000Z,0.0002,0x0d479199250a62931f4ccb5dec399235da1b6834,buy,0x2a05d22db079bc40c2f77a1d1ff703a56e631cc1,0xefee9669859a0f543246fce3b68ff84e1af4e746de1993b9448b630533871cc1
66,119.62914963,0.01339846475856,0x48eaedfa6ab55f414a433f0778f55ed9b827e822,2017-10-03T07:02:36.000Z,0.000112,0x41dc1c2ac6c1f307cc05612085d284308ceff9d1,sell,0x2a05d22db079bc40c2f77a1d1ff703a56e631cc1,0xef7956996c2d6d02cee0308b20182bc3600974803516836d512445eb64f0c609
67,1.1,0.000275,0x58319288a01eff24620ee5237315f9e1e9dc0e36,2017-10-02T05:19:31.000Z,0.00025,0x0d479199250a62931f4ccb5dec399235da1b6834,buy,0x2a05d22db079bc40c2f77a1d1ff703a56e631cc1,0x76943d033ea2dff692fc03fd5c68dc6e777a01b505a4935eb27312c9be73f994
68,1993.8191606,0.179463662645606,0x3dee4a4e076e8d82859d241db0baf46f112cfa23,2017-10-01T06:43:53.000Z,0.00009001,0x3ee0a5d5a0bd2619be64ac5ecd9467339a8aaf7a,sell,0x2a05d22db079bc40c2f77a1d1ff703a56e631cc1,0x7d335c50551e8e976b9e05ebae5f2a9b023e770db12aa38f7582fbde19aa371d
69,157.73,0.063092,0x7791f89e603835a6d67939712cfad31db6a1b94c,2017-09-30T18:02:48.000Z,0.0004,0x0d479199250a62931f4ccb5dec399235da1b6834,buy,0x2a05d22db079bc40c2f77a1d1ff703a56e631cc1,0x6160f0d6debe52d300887d29c2f2114ac812d39e6d6f32e44b2ce9765ce39ee8
70,100,0.05,0x10d4dad975556152051d6bef33b1f406b710dd62,2017-09-29T06:47:47.000Z,0.0005,0xea5ee0ad30679125eff45ab38c4bf670b3ff95c2,buy,0x2a05d22db079bc40c2f77a1d1ff703a56e631cc1,0xb0b0bd6331bcbac3910ca6cd6be88d5deb8d537f4502ea425cf1eb7d5113c086
71,100,0.05,0x10d4dad975556152051d6bef33b1f406b710dd62,2017-09-29T05:38:36.000Z,0.0005,0xea5ee0ad30679125eff45ab38c4bf670b3ff95c2,buy,0x2a05d22db079bc40c2f77a1d1ff703a56e631cc1,0x34e7fd0c0e45fa1ee5d2f063f47f28596521a361d18384eae8759067be397b6f
72,562.04665536,0.0505898194489536,0x3dee4a4e076e8d82859d241db0baf46f112cfa23,2017-09-29T02:42:18.000Z,0.00009001,0xbc18642c7e0647d6e65b53cadefb4367d8f85a97,sell,0x2a05d22db079bc40c2f77a1d1ff703a56e631cc1,0x83656e8881935b009f1bdb17d1191d1417a96e59bea69c1e9ceb3f81c5d9ed48
73,2068,1.034,0x7691aae774db1bb75e4df8ae656c635f49faa31b,2017-09-28T22:27:14.000Z,0.0005,0xea5ee0ad30679125eff45ab38c4bf670b3ff95c2,buy,0x2a05d22db079bc40c2f77a1d1ff703a56e631cc1,0x131fdbecc53b50b5e9e4ead51adb0297d8a86936422bf936491dc60ba87e2f71
74,369,0.184499631,0x7691aae774db1bb75e4df8ae656c635f49faa31b,2017-09-28T22:01:02.000Z,0.000499999,0x007987ef5c518a5611daf674b2a10bb029edcdf8,buy,0x2a05d22db079bc40c2f77a1d1ff703a56e631cc1,0x744c90199169ef4a123006540ee7fc524675431f82cc1d97b5b1866bc933e7d9
75,9,0.0045,0x7691aae774db1bb75e4df8ae656c635f49faa31b,2017-09-28T21:58:50.000Z,0.0005,0xea5ee0ad30679125eff45ab38c4bf670b3ff95c2,buy,0x2a05d22db079bc40c2f77a1d1ff703a56e631cc1,0xd5fb6139ebe8987512e4cb187293c688ebc43c0723dd2ac4456b154e3f5d7eb4
76,39,0.0156,0x7691aae774db1bb75e4df8ae656c635f49faa31b,2017-09-28T21:35:16.000Z,0.0004,0x0d479199250a62931f4ccb5dec399235da1b6834,buy,0x2a05d22db079bc40c2f77a1d1ff703a56e631cc1,0x64c6f6835f3f6c6840319b41b8ce6179d4151d47db72798197e7cc68193b6689
77,1,0.0005,0xa0be78d2bac6a692adba423c7af50ec86a18bddf,2017-09-28T04:52:03.000Z,0.0005,0xea5ee0ad30679125eff45ab38c4bf670b3ff95c2,buy,0x2a05d22db079bc40c2f77a1d1ff703a56e631cc1,0xa0c4ac4f21d4178850b85cd64e5f9465af8d796207fc165031c597dc18403e2a
78,2,0.00115,0x0024a5046fd95c5eee6db19a69ef7ed3bacd50f1,2017-09-27T12:07:00.000Z,0.000575,0x8f177961afc477d2581e0fd71f7c3c6f4365fe42,buy,0x2a05d22db079bc40c2f77a1d1ff703a56e631cc1,0x094f9740430e40cc5d9bb7ec72c72154396a64e99cde3fc61a6adf023335dc76
79,533.959,0.26163991,0x7691aae774db1bb75e4df8ae656c635f49faa31b,2017-09-26T11:06:47.000Z,0.00049,0xa4203df3d1d27ef71b8d7ced5e11e6199227f7b4,buy,0x2a05d22db079bc40c2f77a1d1ff703a56e631cc1,0x029c997375b9ffbfc0835109ba796a2bbf47b06429427023f4826c768f02aaad
80,299,0.14651,0x7691aae774db1bb75e4df8ae656c635f49faa31b,2017-09-26T11:01:37.000Z,0.00049,0x9e73aad95ad627d3ee3dad88d61e6ba9d99e4d96,buy,0x2a05d22db079bc40c2f77a1d1ff703a56e631cc1,0x74cdedbffbba410f41c8227f3a916f603225f226638d32f12c9ff7d819e986cf
81,385,0.188265,0x7691aae774db1bb75e4df8ae656c635f49faa31b,2017-09-26T10:55:44.000Z,0.000489,0xbca8b072de18860a00c72782b3ead19ee13a9fcd,buy,0x2a05d22db079bc40c2f77a1d1ff703a56e631cc1,0x6b859f8c80397dfcf1de979f8d6de13d82e9abd2fc0c5de6cd17e914fe5d5131
82,1.02040816,0.0005,0xc886b21b865e7c90432d9b8bdb14ad254f2232f5,2017-09-25T03:11:50.000Z,0.000490000001568,0xa4203df3d1d27ef71b8d7ced5e11e6199227f7b4,buy,0x2a05d22db079bc40c2f77a1d1ff703a56e631cc1,0x330a6db7d18c5161f49af13cb43a7d6f872e1eef6a970a2616d15ef729227240
83,1.02040816,0.0005,0xe37bd4d49c619e748d4efe74525489d26b6aff43,2017-09-25T03:04:22.000Z,0.000490000001568,0xa4203df3d1d27ef71b8d7ced5e11e6199227f7b4,buy,0x2a05d22db079bc40c2f77a1d1ff703a56e631cc1,0x78ca3d786d08df2e4f3061999beed114b2f8cc4b7647925ca6dae130db6ad807
84,0.86956521,0.0005,0x23ee598e50ff1b1bde1022bf3c8a41d4c23321a0,2017-09-25T00:10:07.000Z,0.0005750000048875,0x8f177961afc477d2581e0fd71f7c3c6f4365fe42,buy,0x2a05d22db079bc40c2f77a1d1ff703a56e631cc1,0x97bfe70a488ab3de9ac1bd14d7f5a23c25186ae44c3d7a216ae4cc9ca635009a
85,0.86956521,0.0005,0xe5a759eb3e214ff0a2bbbea31acc41c9bf27b239,2017-09-24T23:43:42.000Z,0.0005750000048875,0x8f177961afc477d2581e0fd71f7c3c6f4365fe42,buy,0x2a05d22db079bc40c2f77a1d1ff703a56e631cc1,0x2a56a799b24239e8b89af16f4a389fe289e98affc3dba54ab92345a4b31e3fd9
86,0.86956521,0.0005,0x160506e5a5ce5dadd43623689f53d5aa1f288f0f,2017-09-24T23:35:29.000Z,0.0005750000048875,0x8f177961afc477d2581e0fd71f7c3c6f4365fe42,buy,0x2a05d22db079bc40c2f77a1d1ff703a56e631cc1,0x6dbffc335c2d5a6cc4cdd5ce1152fe3828fc3b85ff5e586a80edf381a5095fd7
87,1,0.0004399,0x0de40728663b8e2a9b116a95c1a1ab0166979461,2017-09-24T03:22:45.000Z,0.0004399,0xbca8b072de18860a00c72782b3ead19ee13a9fcd,buy,0x2a05d22db079bc40c2f77a1d1ff703a56e631cc1,0xa9ec68a3705141c8953680f4769f05c5ef3f78c7dbd5579c655d09d70cb66c0b
88,1.13662195,0.0005,0xc22f5ab4f1591613a92b4d172cc7f4e4a5af58cd,2017-09-23T23:23:10.000Z,0.00043990000369076103,0xbca8b072de18860a00c72782b3ead19ee13a9fcd,buy,0x2a05d22db079bc40c2f77a1d1ff703a56e631cc1,0xcf0ac827a4481b8a043771e5781d0cdf8c96e8a1561c968f1b635ef540921b06
89,1.13662195,0.0005,0x452b06f1c61cff4c9bebaa405319a7c3b12553a2,2017-09-23T23:22:59.000Z,0.00043990000369076103,0xbca8b072de18860a00c72782b3ead19ee13a9fcd,buy,0x2a05d22db079bc40c2f77a1d1ff703a56e631cc1,0x5d7c756db696b55e735a2ff45e90ac1dc420633001358712ca5090eab484279a
90,1.13662195,0.0005,0x2ba19ec4bcd5ae8de66b110bde5ebf41092bd02f,2017-09-23T19:17:44.000Z,0.00043990000369076103,0xbca8b072de18860a00c72782b3ead19ee13a9fcd,buy,0x2a05d22db079bc40c2f77a1d1ff703a56e631cc1,0x92cc0c05008dc4019294f0be51735df4902d04fece5edea00b18d53aeaf40626
91,1.13662195,0.0005,0x18a902dc44442205b4ba2b1dc038e67506d22c55,2017-09-23T15:36:13.000Z,0.00043990000369076103,0xbca8b072de18860a00c72782b3ead19ee13a9fcd,buy,0x2a05d22db079bc40c2f77a1d1ff703a56e631cc1,0xf9b90dbe732d13b2ea662a1d259f96702ba0d9513bb463098941b29ad51bbe7a
92,1.13662195,0.0005,0xd868b838b5de79f1e540b5d83c9e9a3d0b3810cd,2017-09-23T14:48:44.000Z,0.00043990000369076103,0xbca8b072de18860a00c72782b3ead19ee13a9fcd,buy,0x2a05d22db079bc40c2f77a1d1ff703a56e631cc1,0xbfe31b8ad127173476f9bce05594d8908444234482e28331fedb7489052ff21d
93,89.84322475,0.00422263156325,0x946151fa04270a2d81ff3abc7f0648f1767a0fce,2017-09-22T21:16:06.000Z,0.000047,0x5c868bfa7dda94e95a06780b163579eb712bf37c,sell,0x2a05d22db079bc40c2f77a1d1ff703a56e631cc1,0xaa3caba247c8be078c8190402532e40ea3a57c948ac881d14d358af67150964e
94,90.12173875,0.03964455287935233,0x5c868bfa7dda94e95a06780b163579eb712bf37c,2017-09-22T21:13:44.000Z,0.0004399000000358108,0xbca8b072de18860a00c72782b3ead19ee13a9fcd,buy,0x2a05d22db079bc40c2f77a1d1ff703a56e631cc1,0x63ddb3ac0014b1c8835f0362124335f3b81aa87f7c7cfcfb2b411061315aea33
95,1.13662195,0.0005,0x999dbc9673afdd6b6c140c261297f89de35ff1b3,2017-09-22T05:10:54.000Z,0.00043990000369076103,0xbca8b072de18860a00c72782b3ead19ee13a9fcd,buy,0x2a05d22db079bc40c2f77a1d1ff703a56e631cc1,0x3baeb32d635b5b20aee2d0c353d6fcae5cdd1ca1702ed69fec14aade294ea651
96,1.13662195,0.0005,0x8612d2a48328bbf318b856ed0daaa4a7034383d0,2017-09-22T04:58:52.000Z,0.00043990000369076103,0xbca8b072de18860a00c72782b3ead19ee13a9fcd,buy,0x2a05d22db079bc40c2f77a1d1ff703a56e631cc1,0x40039217a0115aafda8fcddc7be8cef5b6699aaced4d8a1b52866e4f64e90e19
97,1.13662195,0.0005,0x10c12555236fa11fc988be565ab70c82a4660ecf,2017-09-22T04:55:48.000Z,0.00043990000369076103,0xbca8b072de18860a00c72782b3ead19ee13a9fcd,buy,0x2a05d22db079bc40c2f77a1d1ff703a56e631cc1,0x6a9fcd786b27ccedff3c84fe37c47f9855daa1b3efed40272738117a3e0edecf
98,1.13662195,0.0005,0x8f28b1970e72adb11173044ebc762800e3128238,2017-09-22T04:40:31.000Z,0.00043990000369076103,0xbca8b072de18860a00c72782b3ead19ee13a9fcd,buy,0x2a05d22db079bc40c2f77a1d1ff703a56e631cc1,0xd300d3f66932d6ab2ed76f4bf5ad103c47ae41878b712651edbaf31f5ff18ad0
99,1.13662195,0.0005,0x7ed2114439b24152cf18c02c10cae681a7ca2adc,2017-09-22T04:36:57.000Z,0.00043990000369076103,0xbca8b072de18860a00c72782b3ead19ee13a9fcd,buy,0x2a05d22db079bc40c2f77a1d1ff703a56e631cc1,0x5e1785615886333f47110d005684a59802f001af6059f971d85dee9d605d78a2
100,1.13662195,0.0005,0x03dd03643b71b06642179afb38211c0f45699bc5,2017-09-22T04:19:03.000Z,0.00043990000369076103,0xbca8b072de18860a00c72782b3ead19ee13a9fcd,buy,0x2a05d22db079bc40c2f77a1d1ff703a56e631cc1,0x016c0282170f53611d420e078fe413a43b2d37f034814d979c7edf496c2a7837
101,2.273,0.0009998927,0x19b78488b79c6a45d4e060f05a2b35c4873f25c5,2017-09-21T22:28:41.000Z,0.0004399,0xbca8b072de18860a00c72782b3ead19ee13a9fcd,buy,0x2a05d22db079bc40c2f77a1d1ff703a56e631cc1,0x5a40bbca2557bdf7fa07c08614100d9ce0f6763f00b4b35ca5964705815ae364
102,6.667,0.00300015,0x323aa94f92121ee3ba173cce400d1abe8f316ad4,2017-09-21T02:56:07.000Z,0.00045,0xbca8b072de18860a00c72782b3ead19ee13a9fcd,buy,0x2a05d22db079bc40c2f77a1d1ff703a56e631cc1,0x44e42f0d77e04eb079cf36a520388f43876fb039aaef7f96f45fa2a46a4c8be3
103,90,0.0405,0xf669cc2cb12a2586de967728421ec442b6a7a061,2017-09-20T00:03:18.000Z,0.00045,0xbca8b072de18860a00c72782b3ead19ee13a9fcd,buy,0x2a05d22db079bc40c2f77a1d1ff703a56e631cc1,0x246855b683c2dda4f1fa348955d631f81ddd73aaf7d825fd4819523e81a76988
104,10,0.0045,0xf669cc2cb12a2586de967728421ec442b6a7a061,2017-09-19T22:45:48.000Z,0.00045,0xbca8b072de18860a00c72782b3ead19ee13a9fcd,buy,0x2a05d22db079bc40c2f77a1d1ff703a56e631cc1,0xd8c310d470851e79cb45a58af767461bdc0d28793a2f124a8b722d563310ad01
105,120.97,0.024218194,0xf2eb5e66dd1387a05478d7e8f0ddeb2fb0bfc137,2017-09-19T19:14:37.000Z,0.0002002,0x8d6e0a79003a9d49e68a6b82bbd497189f019905,buy,0x2a05d22db079bc40c2f77a1d1ff703a56e631cc1,0x99be2d36b4ea8cc662381c85da3c8929e708e3e6a9e6013f79b1d12b1d035fc7
106,1,0.00045,0xd6f29f2fb0a1dc783aeab42ce7ce9276f8e14a54,2017-09-19T05:31:20.000Z,0.00045,0xbca8b072de18860a00c72782b3ead19ee13a9fcd,buy,0x2a05d22db079bc40c2f77a1d1ff703a56e631cc1,0xca61869e5f8e483fab14616c4d7317940251d663ac6989268fcead647f2b8677
107,20,0.003,0xbd55cdb442c1f5daa0c3b3521a8ce66e2174e51b,2017-09-18T20:55:45.000Z,0.00015,0xccabaa55a67ac221108e54ad615521135f5e5afe,sell,0x2a05d22db079bc40c2f77a1d1ff703a56e631cc1,0x8ffb01e4f190fbc62ae3ee79b72f68bfb2d3f669d650ba497ce4f91e1dfae547
108,221,0.066078779,0x8c299ddfed9977dca71c6c0cc9ef25086d2053bb,2017-09-18T12:58:54.000Z,0.000298999,0xf732b16f5aee6cd2db5b30a7a3860764a48b19ff,buy,0x2a05d22db079bc40c2f77a1d1ff703a56e631cc1,0x1bf327fcab7ece957f46a9528a40de4c6d3eaf8dd6d59175398d62f821e0be6f
109,100,0.0298999,0x8c299ddfed9977dca71c6c0cc9ef25086d2053bb,2017-09-18T12:49:30.000Z,0.000298999,0xf732b16f5aee6cd2db5b30a7a3860764a48b19ff,buy,0x2a05d22db079bc40c2f77a1d1ff703a56e631cc1,0x40edf3655cb6cf86d8b0373474a923beb37956d816fcb629fb61091f2eab623f
110,230,0.0345,0xbd55cdb442c1f5daa0c3b3521a8ce66e2174e51b,2017-09-18T09:51:02.000Z,0.00015,0xf81ab81ca1a6a19cc7b69b2c7876ff6543060598,sell,0x2a05d22db079bc40c2f77a1d1ff703a56e631cc1,0x75b7e6935439ae7b98e887f612751f903b0bbb2d6a3bfaa9b00d23fc941359b7
111,1.78571428,0.0005,0x42c24a83bded723edfdf5883bc7efb30bc1a1bf3,2017-09-16T16:57:21.000Z,0.000280000000896,0xf81ab81ca1a6a19cc7b69b2c7876ff6543060598,buy,0x2a05d22db079bc40c2f77a1d1ff703a56e631cc1,0x30e438fdce2459779817ef4564d3d22bef29736eebb2eb0b88025a5c0b667ae8
112,1.78571428,0.0005,0x0f657c396dfcd6c59bb82b89fc3adbe5f90ce153,2017-09-16T15:13:26.000Z,0.000280000000896,0xf81ab81ca1a6a19cc7b69b2c7876ff6543060598,buy,0x2a05d22db079bc40c2f77a1d1ff703a56e631cc1,0x2725b85d085848ce7a3bf224e223d22dd89e71eae9830a1c8ffd256f5741d5b5
113,1.78571428,0.0005,0x1f8ac99600c61189d92c85cc760735b9e0067a60,2017-09-16T14:33:38.000Z,0.000280000000896,0xf81ab81ca1a6a19cc7b69b2c7876ff6543060598,buy,0x2a05d22db079bc40c2f77a1d1ff703a56e631cc1,0xa359aa3fbd7a8c15ca3055bbb4c7c1802d2bc048498463742eb5cd8ea0bac2d7
114,1.66666666,0.0005,0x8b24d80c6dd6e1af5a000e03ca8f00886a05f6f5,2017-09-15T03:32:36.000Z,0.0003000000012,0xef4f059c9eda832c5f5a5ecc7b17cee66189d96b,buy,0x2a05d22db079bc40c2f77a1d1ff703a56e631cc1,0xbef0f971f53667d828f7cb9880a69237818d77924b6e0b09af527364b4a3dfbf
115,20,0.006,0x57b6eb8d4511445761e7112d42374f6895a4ca08,2017-09-14T17:57:03.000Z,0.0003,0xef4f059c9eda832c5f5a5ecc7b17cee66189d96b,buy,0x2a05d22db079bc40c2f77a1d1ff703a56e631cc1,0xb356d598ed8bea73919ab367ee12b4b89731d793ff5b441477e512a1a123a32e
116,1.11111111,0.0005,0x4c2fb430e95954bcfa54ce4741a9fc2ff6e415ad,2017-09-13T20:30:00.000Z,0.00045000000045,0x951270f2fe5523f8ec91f4ca53c49ca5627f4a99,buy,0x2a05d22db079bc40c2f77a1d1ff703a56e631cc1,0x5e25662810276f123de1b46b44aa485224465b8b847367e1b9d02eb4667520c0
117,253.21503339,0.01164789153594,0x956dc60c714883c17a7d0828d2178d51c5e377e1,2017-09-13T08:17:09.000Z,0.000046,0x0327adb5cfab8dd8afa0f962e2f03bb4e313ea68,sell,0x2a05d22db079bc40c2f77a1d1ff703a56e631cc1,0x170f6d7ee3a9fddcf9b5e9ce8ced052386f85b39b7a443c75ed78ad7ca4af741
118,135.913,0.03941477,0x2745418a2cf0df09642d885fd523e83bc5f184d9,2017-09-12T06:54:10.000Z,0.00029,0xef4f059c9eda832c5f5a5ecc7b17cee66189d96b,sell,0x2a05d22db079bc40c2f77a1d1ff703a56e631cc1,0x8cec5cdd13904225133115a4454e67f33e02165c349a9b99901ddf29a8734319
119,20,0.0058,0x2745418a2cf0df09642d885fd523e83bc5f184d9,2017-09-11T20:59:05.000Z,0.00029,0xdbbae39c54992479faac890e81eb4d8579b951d6,sell,0x2a05d22db079bc40c2f77a1d1ff703a56e631cc1,0x3def16fc6872fd14a5664e6f7a081b7add52a810cd452fb4904bc1edd6c779e2
120,100,0.029,0x2745418a2cf0df09642d885fd523e83bc5f184d9,2017-09-11T11:35:31.000Z,0.00029,0xccabaa55a67ac221108e54ad615521135f5e5afe,sell,0x2a05d22db079bc40c2f77a1d1ff703a56e631cc1,0x33510dcb42686cf6e68f78c5763e190f0bbb3ede05c4f5ea4c5f42e1a3007a65
121,34.89183531,0.0101186322399,0x2745418a2cf0df09642d885fd523e83bc5f184d9,2017-09-11T06:33:34.000Z,0.00029,0xe8049485009991393a0378ad74b36bc8018a6d13,sell,0x2a05d22db079bc40c2f77a1d1ff703a56e631cc1,0xd7f868fcd974cd53af33157b084a8d8eea168f51163ddf7d902a11a54276e1a4
122,109.195,0.03166655,0x2745418a2cf0df09642d885fd523e83bc5f184d9,2017-09-10T23:23:37.000Z,0.00029,0xccabaa55a67ac221108e54ad615521135f5e5afe,sell,0x2a05d22db079bc40c2f77a1d1ff703a56e631cc1,0xef6ca8d77023b56bf03add0788d4a407d831c6d64e28936f377e2b6b6cdd8b29
123,98,0.00441,0x956dc60c714883c17a7d0828d2178d51c5e377e1,2017-09-10T15:01:26.000Z,0.000045,0x7dd546d1d0c5792b3334385c2dd8ec09b9622824,sell,0x2a05d22db079bc40c2f77a1d1ff703a56e631cc1,0xe54676f0300c3de7a2571461e3a7e18b9730e4bc08cca5bda5352bfbf66541c3
124,1.07526881,0.0005,0x64b604630e055318093215b7ed41697ca4fb5de6,2017-09-10T04:02:49.000Z,0.0004650000031155,0xef4f059c9eda832c5f5a5ecc7b17cee66189d96b,buy,0x2a05d22db079bc40c2f77a1d1ff703a56e631cc1,0xc2fc7cf5b968f1bb095343441a8cddb87708559e88da3e0ced2f747c211e51d6
125,105.05073856,0.048848593432359685,0x7691aae774db1bb75e4df8ae656c635f49faa31b,2017-09-09T18:31:50.000Z,0.00046500000001865465,0xef4f059c9eda832c5f5a5ecc7b17cee66189d96b,buy,0x2a05d22db079bc40c2f77a1d1ff703a56e631cc1,0x1fd1089bfe9f66fb5c5e8eebe7d8bafa1acc3211d90bdd5fef1b45f310ba08f1
126,353.74211191,0.1644900820387568,0xfff0905740ad6b68a5064359277c876d133252fa,2017-09-08T23:41:04.000Z,0.00046500000000171534,0xef4f059c9eda832c5f5a5ecc7b17cee66189d96b,buy,0x2a05d22db079bc40c2f77a1d1ff703a56e631cc1,0x3f9f7982520d3bdba6c03bc3526b3af540d4136ba17cba43a9fc862c7b0cbf7e
127,0.0278081,0.000012930769465073,0xfff0905740ad6b68a5064359277c876d133252fa,2017-09-08T18:53:16.000Z,0.0004650001066262348,0xef4f059c9eda832c5f5a5ecc7b17cee66189d96b,buy,0x2a05d22db079bc40c2f77a1d1ff703a56e631cc1,0x4b2dd0ce0dc4aa8bdaa84716194f89c2a5a9bac0334207d08bba39ea913803b9
128,278.94311506,0.12970854850413524,0xfff0905740ad6b68a5064359277c876d133252fa,2017-09-08T18:29:12.000Z,0.0004650000000044283,0xef4f059c9eda832c5f5a5ecc7b17cee66189d96b,buy,0x2a05d22db079bc40c2f77a1d1ff703a56e631cc1,0xf823796bc7abc6c0c59da2ec0e428664a6b992f34a7a8cb3c6401656edf8e112
129,53.83311733,0.01604226896434,0xd9f52cd39e6d4bfdc5a7f65b5be3ccbb268a1c2d,2017-09-08T14:45:49.000Z,0.000298,0xf4354e790255f752eb46733eb37ae51012f5bbd9,sell,0x2a05d22db079bc40c2f77a1d1ff703a56e631cc1,0x69cae38f8fd6d53db9caaab362ab9fafd5e4e1be38bd9adc19d415eb155057f7
130,30,0.0144,0x7691aae774db1bb75e4df8ae656c635f49faa31b,2017-09-07T22:32:58.000Z,0.00048,0xdbbae39c54992479faac890e81eb4d8579b951d6,buy,0x2a05d22db079bc40c2f77a1d1ff703a56e631cc1,0x3c234b3c7d76806ca99bc7e37ad0d232693338078677065c4ae4cbced757360a
131,387.81572369,0.18615154737164788,0x7691aae774db1bb75e4df8ae656c635f49faa31b,2017-09-07T22:31:25.000Z,0.0004800000000011549,0x87f1315509ef811a82404fd37170b1339dfa04c8,buy,0x2a05d22db079bc40c2f77a1d1ff703a56e631cc1,0xcf6416f3c3a62048d10838d67a0127df2921c1a57bc9a7b931ba16955b1a2445
132,62.1842763,0.029848452628352107,0x7691aae774db1bb75e4df8ae656c635f49faa31b,2017-09-07T22:02:00.000Z,0.00048000000006998727,0x87f1315509ef811a82404fd37170b1339dfa04c8,buy,0x2a05d22db079bc40c2f77a1d1ff703a56e631cc1,0x378810923b34cb705d1f8ee5f7bd9d37b19af346bbcb5d31176c389b90b68bc0
133,12.19220416,0.0046330375808,0xccabaa55a67ac221108e54ad615521135f5e5afe,2017-09-07T17:04:44.000Z,0.00038,0xf142f26d1cac4ba8a6e6d7974d243eda2fe5f4f9,sell,0x2a05d22db079bc40c2f77a1d1ff703a56e631cc1,0x5d79ccf1efcdc129859d2a44cac4375a5c777b66716303d7ec2b27fe438e1cab
134,450,0.216,0xd9f52cd39e6d4bfdc5a7f65b5be3ccbb268a1c2d,2017-09-07T17:03:15.000Z,0.00048,0xf142f26d1cac4ba8a6e6d7974d243eda2fe5f4f9,sell,0x2a05d22db079bc40c2f77a1d1ff703a56e631cc1,0x06198f20314225997214bc0edee9796d42034c2f85339ff5f4896766b7d6d7d1
135,50,0.024,0xd9f52cd39e6d4bfdc5a7f65b5be3ccbb268a1c2d,2017-09-07T14:51:14.000Z,0.00048,0xdbbae39c54992479faac890e81eb4d8579b951d6,sell,0x2a05d22db079bc40c2f77a1d1ff703a56e631cc1,0x0c7470ff8345b6dcf24480eae3025921b24a5e4f41c04b2ae2856098aedf965b
136,297,0.11286,0xccabaa55a67ac221108e54ad615521135f5e5afe,2017-09-06T23:28:36.000Z,0.00038,0xf732b16f5aee6cd2db5b30a7a3860764a48b19ff,sell,0x2a05d22db079bc40c2f77a1d1ff703a56e631cc1,0x8e448e01156c843c2cbffc60618bb78c6c15f0e08332327f70fa53c8a8339cfd
137,457.586,0.17845854,0xf5795a017e6811bae0b4c628ad3a1a50d7c9243c,2017-09-06T23:20:18.000Z,0.00039,0xf732b16f5aee6cd2db5b30a7a3860764a48b19ff,sell,0x2a05d22db079bc40c2f77a1d1ff703a56e631cc1,0x3d239c3b5b2c90665b0052f3d074716f271a3621115398b96db69dbfe1c6606e
138,792.41352843,0.3090412760877,0xf5795a017e6811bae0b4c628ad3a1a50d7c9243c,2017-09-06T23:12:11.000Z,0.00039,0xf732b16f5aee6cd2db5b30a7a3860764a48b19ff,sell,0x2a05d22db079bc40c2f77a1d1ff703a56e631cc1,0xcb1cb0da7c9d22dc9272638838ef4d8f77e4b9eea4c2063d03a4ef1242ea7841
139,0.00298149,0.0000011329662,0xccabaa55a67ac221108e54ad615521135f5e5afe,2017-09-06T21:32:09.000Z,0.00038,0x91474fe2592b19d14904d91edc57a81072b47998,sell,0x2a05d22db079bc40c2f77a1d1ff703a56e631cc1,0x28cf339e847bbc5b4e7fc5c25b8d8a64e6f1eec37f09c98cf563843e7022bb9a
140,700,0.21,0x8c299ddfed9977dca71c6c0cc9ef25086d2053bb,2017-09-05T01:08:14.000Z,0.0003,0x1fdf047bf7a114b37e7936d01e9cad754ad18803,buy,0x2a05d22db079bc40c2f77a1d1ff703a56e631cc1,0xebcedf3fd12650e92376bb375b2470f790193c8930238aa8a5cabaa23b707585
141,142.857,0.03999996,0xfff0905740ad6b68a5064359277c876d133252fa,2017-09-04T16:03:45.000Z,0.00028,0x0ce4b16411b408bc9f06d456175db3cc79b25299,buy,0x2a05d22db079bc40c2f77a1d1ff703a56e631cc1,0x9c91b9f814f04cddd3c7e0880749caf436d94e820512b3e8b1300762b1bc88a3
142,0.00163656,0.00000034531416,0xd5793048df04f90d2224706faaa76e05e2c635e6,2017-09-04T14:32:51.000Z,0.000211,0x8c59ce3748e4cb7c542b3e905725bdb5fc18152a,sell,0x2a05d22db079bc40c2f77a1d1ff703a56e631cc1,0x944345515d7316b5b6c5e8fe6b88f2ecde3aa2acec2424ca42a0a8b623ab689c
143,29.9072874,0.0063104376414,0xd5793048df04f90d2224706faaa76e05e2c635e6,2017-09-04T12:11:21.000Z,0.000211,0x91474fe2592b19d14904d91edc57a81072b47998,sell,0x2a05d22db079bc40c2f77a1d1ff703a56e631cc1,0x772771c153c280611cb00394a6853b946452222829e14f6810df2e2cedebce73
144,20,0.0056,0x7d114b5bc46a424a2818fdce8fe688ee5e8c41f5,2017-09-04T06:14:07.000Z,0.00028,0x0ce4b16411b408bc9f06d456175db3cc79b25299,buy,0x2a05d22db079bc40c2f77a1d1ff703a56e631cc1,0x299f1cdadac1ffbae8687ec5f8890135e84b9516f03e3c73afa66fa527097d40
145,445.02308923,0.12460646498476753,0x105662547e77e5a98b86f65044a128688cf432e6,2017-09-04T04:12:50.000Z,0.00028000000000082587,0x0ce4b16411b408bc9f06d456175db3cc79b25299,buy,0x2a05d22db079bc40c2f77a1d1ff703a56e631cc1,0xf54b3eba73e4f56479d67c4b372e60e649de2fb400aa023700e0dbae08a2dc91
146,3000,0.81,0x105662547e77e5a98b86f65044a128688cf432e6,2017-09-04T04:10:14.000Z,0.00027,0x0ce4b16411b408bc9f06d456175db3cc79b25299,buy,0x2a05d22db079bc40c2f77a1d1ff703a56e631cc1,0x7a2bbc7e0e30f3b2ede2826e12e66698409325cb19d1a266d5786b4af307edd4
147,534.05870373,0.14953643704516,0xbd55cdb442c1f5daa0c3b3521a8ce66e2174e51b,2017-09-03T18:30:13.000Z,0.00028000000000142305,0x0ce4b16411b408bc9f06d456175db3cc79b25299,buy,0x2a05d22db079bc40c2f77a1d1ff703a56e631cc1,0x2de5f959466749c19cb8081aadd41bbdf2234a44c5e43aef5db5547969da6d5b
148,1,0.00035,0xcc8f72d19e9af2a071421c076e4ae1ecf893d0fe,2017-09-03T08:24:33.000Z,0.00035,0x0ce4b16411b408bc9f06d456175db3cc79b25299,buy,0x2a05d22db079bc40c2f77a1d1ff703a56e631cc1,0x7d0843ca265d8ef35b0d0c4772be8af3e31c227b3335505be654a5b997960e26
149,1000,0.28,0xf5795a017e6811bae0b4c628ad3a1a50d7c9243c,2017-09-03T07:39:13.000Z,0.00028,0x0ce4b16411b408bc9f06d456175db3cc79b25299,buy,0x2a05d22db079bc40c2f77a1d1ff703a56e631cc1,0xe2aec519c56907b83d8974e3cb97aad53b0f3bbd8d1e08d1f16c782595282f73
150,450,0.09495,0x75f157da5b8fe9cc61c40e8f9ba22d99cebc55d2,2017-09-02T01:59:38.000Z,0.000211,0x32ad720c6de7941785335653b1478024d8082470,sell,0x2a05d22db079bc40c2f77a1d1ff703a56e631cc1,0xe38129bfa9dd7e2bb48dcc71fc3e5ba6fefdd7c3626ce5da9f4b7a3349b55742
151,56,0.014616,0xf88234df2cd4eff78d91b9ebb5f559638927dedd,2017-09-02T01:58:53.000Z,0.000261,0x32ad720c6de7941785335653b1478024d8082470,sell,0x2a05d22db079bc40c2f77a1d1ff703a56e631cc1,0xb93cb6ecc73ccf8f7b1ae66dfb18bc19f63c93b923ac0ebfab1370f86d7a9896
152,725,0.22475,0x7691aae774db1bb75e4df8ae656c635f49faa31b,2017-09-01T23:24:41.000Z,0.00031,0x0ce4b16411b408bc9f06d456175db3cc79b25299,buy,0x2a05d22db079bc40c2f77a1d1ff703a56e631cc1,0x282ceb6c82ec6bd03e40aaaa695d3114b750086532775d35e30943b0a06a989e
153,808,0.2424,0x7691aae774db1bb75e4df8ae656c635f49faa31b,2017-09-01T21:56:52.000Z,0.0003,0x0ce4b16411b408bc9f06d456175db3cc79b25299,buy,0x2a05d22db079bc40c2f77a1d1ff703a56e631cc1,0x53a1b5139623bddf191602a1da620f1d7f40de8717e8d9ca91d4ecea7dc4ded3
154,15.3897759,0.005386421568386431,0x32ad720c6de7941785335653b1478024d8082470,2017-09-01T20:22:48.000Z,0.0003500000002200442,0x0ce4b16411b408bc9f06d456175db3cc79b25299,buy,0x2a05d22db079bc40c2f77a1d1ff703a56e631cc1,0xbb7b767a4527d748356075e0a63fdefae1649e3bf2bbb3f162616bd2519769a4
155,1352.032,0.39884944,0xef4f059c9eda832c5f5a5ecc7b17cee66189d96b,2017-09-01T20:22:48.000Z,0.000295,0x0ce4b16411b408bc9f06d456175db3cc79b25299,sell,0x2a05d22db079bc40c2f77a1d1ff703a56e631cc1,0xdd2c99d1096a8747a1dc7486be5724f161807ac8be28de61df6d21ca66df2791
156,254.99750772,0.08389418003988,0xf88234df2cd4eff78d91b9ebb5f559638927dedd,2017-09-01T15:20:12.000Z,0.000329,0xccec7b7038524b1cb9aa90835dbc3564153c95ee,sell,0x2a05d22db079bc40c2f77a1d1ff703a56e631cc1,0x9e45208f7b04abfe900218297c408291806d470b0a511af40b0532ba6cb53e56
157,100,0.0295,0xef4f059c9eda832c5f5a5ecc7b17cee66189d96b,2017-09-01T11:32:55.000Z,0.000295,0xdbbae39c54992479faac890e81eb4d8579b951d6,sell,0x2a05d22db079bc40c2f77a1d1ff703a56e631cc1,0x4c65a4dc8b4252cc080308540313ed3166eea15c13d215b967958d147e7e9872
158,3000,0.885,0xef4f059c9eda832c5f5a5ecc7b17cee66189d96b,2017-09-01T08:39:42.000Z,0.000295,0x0ce4b16411b408bc9f06d456175db3cc79b25299,sell,0x2a05d22db079bc40c2f77a1d1ff703a56e631cc1,0x7e0a176ff7b4272356137e5840b64ceb73c9fdccee464ca345d9fd2fbf809fee
159,607.96755026,0.1793504273267,0xef4f059c9eda832c5f5a5ecc7b17cee66189d96b,2017-09-01T08:36:19.000Z,0.000295,0x1bbc24010c2803193977b464d8427e88d63eb488,sell,0x2a05d22db079bc40c2f77a1d1ff703a56e631cc1,0x53883e2e64d9a17333305b9b928e3218d9f8e34b131859d775f8b54345b2a86c
160,50,0.02,0x8c299ddfed9977dca71c6c0cc9ef25086d2053bb,2017-08-31T23:55:41.000Z,0.0004,0x0ce4b16411b408bc9f06d456175db3cc79b25299,buy,0x2a05d22db079bc40c2f77a1d1ff703a56e631cc1,0x0fdd83b4d6b110f27d4824d0606fad81b99b9a3aeb6ce373cd4d9ef48e543d81
161,56,0.0224,0x8c299ddfed9977dca71c6c0cc9ef25086d2053bb,2017-08-31T23:48:37.000Z,0.0004,0x0ce4b16411b408bc9f06d456175db3cc79b25299,buy,0x2a05d22db079bc40c2f77a1d1ff703a56e631cc1,0x623fb8f8c71ead26da8b4a9b34e388f52b4106e43a08642a30c1e7957729825b
162,55,0.022,0x7bfc602267386faa74b7789bccfafdb12c3373b2,2017-08-31T22:30:01.000Z,0.0004,0x0ce4b16411b408bc9f06d456175db3cc79b25299,buy,0x2a05d22db079bc40c2f77a1d1ff703a56e631cc1,0x597c0414a688eb92be24fde1f5f262792a1fb2e25a5838c0f77495dc95c4eb1a
163,0.00993829,0.000002981487,0x0ce4b16411b408bc9f06d456175db3cc79b25299,2017-08-31T11:54:30.000Z,0.0003,0xd7b69a37104ba4e9f8b3b418d73bc7c7ced13c1a,sell,0x2a05d22db079bc40c2f77a1d1ff703a56e631cc1,0x1ccd768b655f0092770be58f83536a61bbb5f63616335867370cc83748ea6110
164,397.96184923,0.119388554769,0x0ce4b16411b408bc9f06d456175db3cc79b25299,2017-08-31T11:48:51.000Z,0.0003,0x2718629f5b266609666cd66815a1f91af5e6027c,sell,0x2a05d22db079bc40c2f77a1d1ff703a56e631cc1,0x42cb005cbd676c7adfbf16136bd79dd2b8d6fa97215327d9759afd4e43115d36
165,99.69095803,0.019938191606,0x0ce4b16411b408bc9f06d456175db3cc79b25299,2017-08-31T07:29:41.000Z,0.0002,0xd7b69a37104ba4e9f8b3b418d73bc7c7ced13c1a,sell,0x2a05d22db079bc40c2f77a1d1ff703a56e631cc1,0xaa3c24f2351548afc4c142215230ceab8af1eab6c460400a665c42a9a11f56b1
166,600,0.1884,0xc41a8ef64c9ff652f4481cb1db3d3a7437749048,2017-08-31T05:35:21.000Z,0.000314,0x0ce4b16411b408bc9f06d456175db3cc79b25299,sell,0x2a05d22db079bc40c2f77a1d1ff703a56e631cc1,0x3ad6f97946f60caf8b8424d8ad7ae4977472d565de4b48322fa28c0625e9b75d
167,20,0.008,0x8c299ddfed9977dca71c6c0cc9ef25086d2053bb,2017-08-31T01:33:48.000Z,0.0004,0x0ce4b16411b408bc9f06d456175db3cc79b25299,buy,0x2a05d22db079bc40c2f77a1d1ff703a56e631cc1,0x3c709e6dd2a875d1d5df38593bea9a9880d0e0ea46d4f145da04db39c574bbe8
168,25,0.01,0x8c299ddfed9977dca71c6c0cc9ef25086d2053bb,2017-08-31T01:01:42.000Z,0.0004,0x0ce4b16411b408bc9f06d456175db3cc79b25299,buy,0x2a05d22db079bc40c2f77a1d1ff703a56e631cc1,0x76710ee4f1e1f729d9ed7ceef43b8ba71b4cd137d39cc41b9ed1ae5f980a1e03
169,113.636,0.04999984,0x8c299ddfed9977dca71c6c0cc9ef25086d2053bb,2017-08-31T00:16:59.000Z,0.00044,0x0ce4b16411b408bc9f06d456175db3cc79b25299,buy,0x2a05d22db079bc40c2f77a1d1ff703a56e631cc1,0x2b9d64dff75d825f699f43e56f6a0720b0c244637411e4c235164510fdde3f0c
170,3,0.00132,0xf732b16f5aee6cd2db5b30a7a3860764a48b19ff,2017-08-30T23:38:37.000Z,0.00044,0x0ce4b16411b408bc9f06d456175db3cc79b25299,buy,0x2a05d22db079bc40c2f77a1d1ff703a56e631cc1,0x53ffd4aa584231eeecd5cbc504298febe9f1665815c0d0f94b7617c8960a6825
171,2.273,0.00100012,0xf81ab81ca1a6a19cc7b69b2c7876ff6543060598,2017-08-30T23:31:24.000Z,0.00044,0x0ce4b16411b408bc9f06d456175db3cc79b25299,buy,0x2a05d22db079bc40c2f77a1d1ff703a56e631cc1,0xbb551d7c40604eecc51868b77d4244d0cdfafdc5673edbd9456b42e50303eb60
172,0.00005516,0.0000000242704,0x39dc3f7adc8cad2b03c831c7771a25d4fb99021e,2017-08-30T23:19:30.000Z,0.00044,0x0ce4b16411b408bc9f06d456175db3cc79b25299,buy,0x2a05d22db079bc40c2f77a1d1ff703a56e631cc1,0xe25429fdb6befb879ac1de2515515e87a5ca4a65ab90d59450b317ec90aa1b46
173,0.000055,0.275,0x0ce4b16411b408bc9f06d456175db3cc79b25299,2017-08-30T23:19:30.000Z,5000,0x39dc3f7adc8cad2b03c831c7771a25d4fb99021e,sell,0x2a05d22db079bc40c2f77a1d1ff703a56e631cc1,0xe25429fdb6befb879ac1de2515515e87a5ca4a65ab90d59450b317ec90aa1b46
174,525,0.189,0x48eaedfa6ab55f414a433f0778f55ed9b827e822,2017-08-30T20:32:55.000Z,0.00036,0x302fad54d1391e3dac5259e75e63f7606bc20148,sell,0x2a05d22db079bc40c2f77a1d1ff703a56e631cc1,0x8f28daca42cdc6822fdc536154889cfa652724504e02d0b0c4ff66b72c33658c
175,10.43853484,0.00418585247084,0xb2be1e7fb2982102da54ebb33fbe8e430b711a74,2017-08-30T20:31:10.000Z,0.000401,0x0ce4b16411b408bc9f06d456175db3cc79b25299,sell,0x2a05d22db079bc40c2f77a1d1ff703a56e631cc1,0x34e0095d25927f78e27e6be39ea535b623740dfae154e45c25fbc7ed1e72bf7b
176,465,0.17205,0x2745418a2cf0df09642d885fd523e83bc5f184d9,2017-08-30T20:21:16.000Z,0.00037,0x302fad54d1391e3dac5259e75e63f7606bc20148,sell,0x2a05d22db079bc40c2f77a1d1ff703a56e631cc1,0x95aabd70e39ace8d856e35ffea89f78878ce26cbf59a026d85b8355fffaf5fa7
177,1007.39780162,0.402959120648,0xb2be1e7fb2982102da54ebb33fbe8e430b711a74,2017-08-30T20:16:03.000Z,0.0004,0x0ce4b16411b408bc9f06d456175db3cc79b25299,sell,0x2a05d22db079bc40c2f77a1d1ff703a56e631cc1,0x3818438f2a179793af1b79c5e46bbaf5cb5a663be877e040397136c40c5cc582
178,1992.60219838,0.797040879352,0xb2be1e7fb2982102da54ebb33fbe8e430b711a74,2017-08-30T20:05:37.000Z,0.0004,0x75f157da5b8fe9cc61c40e8f9ba22d99cebc55d2,sell,0x2a05d22db079bc40c2f77a1d1ff703a56e631cc1,0x57f481feea98cb5d688be8f40175a22fd963cc9c5d172c7cf56a5576ad52d278
179,1992.65188486,0.79905340582886,0xb2be1e7fb2982102da54ebb33fbe8e430b711a74,2017-08-30T19:50:38.000Z,0.000401,0x75f157da5b8fe9cc61c40e8f9ba22d99cebc55d2,sell,0x2a05d22db079bc40c2f77a1d1ff703a56e631cc1,0x857f2a6791139e15085dd2c49b102792bb59f1b0cfab3cdb1af3061108c9b07c
180,25,0.01125,0xdbbae39c54992479faac890e81eb4d8579b951d6,2017-08-30T18:04:00.000Z,0.00045,0x0ce4b16411b408bc9f06d456175db3cc79b25299,sell,0x2a05d22db079bc40c2f77a1d1ff703a56e631cc1,0x0814c9e1c971ddaacd9d9e136fef987299a1afcdb7b7674db5f224f25b537fe0
181,20,0.011,0x5f559de381f661643d6ad890b44224123656c2f8,2017-08-30T15:24:23.000Z,0.00055,0xdbbae39c54992479faac890e81eb4d8579b951d6,buy,0x2a05d22db079bc40c2f77a1d1ff703a56e631cc1,0x6330540ec65f52f9271115a1c659eec71c9689b35f2c4c260cacdfff84292a36
182,25,0.01125,0xdbbae39c54992479faac890e81eb4d8579b951d6,2017-08-30T14:09:10.000Z,0.00045,0x0ce4b16411b408bc9f06d456175db3cc79b25299,sell,0x2a05d22db079bc40c2f77a1d1ff703a56e631cc1,0x7652835d577113f0b9b853abe7fb55d4feec796a191b7530b22b3643531165fe
183,35.39711347,0.019822383545010466,0x8c299ddfed9977dca71c6c0cc9ef25086d2053bb,2017-08-30T13:48:17.000Z,0.0005600000000511473,0x4a4b60bcd3f3fd4f1ba04ae5624bc67657b1fe03,buy,0x2a05d22db079bc40c2f77a1d1ff703a56e631cc1,0xbb5f33410fa6d926456da23f2f5ff26de9767f79b300487a8bb4529ad1328dd7
184,0.05,0.000028,0x98f0deb428b74fb5302d250af5d55e77c8519f2a,2017-08-30T13:43:42.000Z,0.00056,0x4a4b60bcd3f3fd4f1ba04ae5624bc67657b1fe03,buy,0x2a05d22db079bc40c2f77a1d1ff703a56e631cc1,0x8a301b091b92e4be64951dfad83fde3cc96556120e404503fd72f21ef98caaeb
185,15,0.0084,0xdbbae39c54992479faac890e81eb4d8579b951d6,2017-08-30T13:05:58.000Z,0.00056,0x4a4b60bcd3f3fd4f1ba04ae5624bc67657b1fe03,buy,0x2a05d22db079bc40c2f77a1d1ff703a56e631cc1,0x65ad736e64dc26c20e53bfccb254f27eb3f9c9d3cd2240c0d52e2eff2036e622
186,30,0.0171,0x91474fe2592b19d14904d91edc57a81072b47998,2017-08-30T12:29:03.000Z,0.00057,0xdbbae39c54992479faac890e81eb4d8579b951d6,buy,0x2a05d22db079bc40c2f77a1d1ff703a56e631cc1,0x28fdb3406bfa13c5d4cddbabddfcd14a9ccda26c9c309d0a4b11184eefb8d891
187,20,0.0112,0xa409af565723a982f869d847f629c42d1c485ad4,2017-08-30T11:11:18.000Z,0.00056,0x4a4b60bcd3f3fd4f1ba04ae5624bc67657b1fe03,buy,0x2a05d22db079bc40c2f77a1d1ff703a56e631cc1,0xd426305d4ddbd8343b5618c8f41b001d913ae043d487b457cfa3cf12549bcb05
188,15,0.0084,0xdbbae39c54992479faac890e81eb4d8579b951d6,2017-08-30T10:11:53.000Z,0.00056,0x4a4b60bcd3f3fd4f1ba04ae5624bc67657b1fe03,buy,0x2a05d22db079bc40c2f77a1d1ff703a56e631cc1,0x75d634669048f7ea29791ba6f5756b24db7cbd3667e01271a62ad2d596521d6e
189,123.97607463,0.06942660179423714,0x1bbc24010c2803193977b464d8427e88d63eb488,2017-08-30T10:07:57.000Z,0.000560000000011592,0x4a4b60bcd3f3fd4f1ba04ae5624bc67657b1fe03,buy,0x2a05d22db079bc40c2f77a1d1ff703a56e631cc1,0xf318b6802e536fdb3f86882ad879b6e8d934ace1eac37f5cf27a89ec1d532846
190,20,0.011,0x1bbc24010c2803193977b464d8427e88d63eb488,2017-08-30T10:02:05.000Z,0.00055,0xdbbae39c54992479faac890e81eb4d8579b951d6,buy,0x2a05d22db079bc40c2f77a1d1ff703a56e631cc1,0xfcd5c6a07cea3739d3c3034708421d90dcd52c3d4fb627428b5cab6c144d4558
191,465.876,0.1868628636,0x1bbc24010c2803193977b464d8427e88d63eb488,2017-08-30T10:01:35.000Z,0.0004011,0xd09e4710d696a4ca4dad4b3d8b613e4b5d75900e,buy,0x2a05d22db079bc40c2f77a1d1ff703a56e631cc1,0x8bc44027a0030a9ade02f170a23aa7c22a8e8424505bcbe319af44df3ad8e25c
192,700,0.28077,0x756488562655a05d0b5603e65faf119693a50597,2017-08-30T07:36:42.000Z,0.0004011,0xd09e4710d696a4ca4dad4b3d8b613e4b5d75900e,buy,0x2a05d22db079bc40c2f77a1d1ff703a56e631cc1,0xd43268baf6e050024052461bd78fbb739110db606057e2486ecdc84d84d8d32c
193,1000,0.45,0xd5793048df04f90d2224706faaa76e05e2c635e6,2017-08-30T05:37:03.000Z,0.00045,0x0ce4b16411b408bc9f06d456175db3cc79b25299,sell,0x2a05d22db079bc40c2f77a1d1ff703a56e631cc1,0x0503d49ae1a429842feff3bd4d25356b88fe5c92b9ade4cdece98bfd08e0bcd8
194,1737,0.83376,0x0ce4b16411b408bc9f06d456175db3cc79b25299,2017-08-30T00:46:21.000Z,0.00048,0xbc18642c7e0647d6e65b53cadefb4367d8f85a97,sell,0x2a05d22db079bc40c2f77a1d1ff703a56e631cc1,0x0671524dedfeff059b0ab7000ef01cf710b76832a98e77bd92e8d43a9308bc6e
195,996.9095803,0.3997607417003,0xb2be1e7fb2982102da54ebb33fbe8e430b711a74,2017-08-29T21:48:05.000Z,0.000401,0x3c95d3900d92b6bd1189a7f9751bb3bc4ff6e096,sell,0x2a05d22db079bc40c2f77a1d1ff703a56e631cc1,0x8be41c2354488d830eaa4d28c127475c17720113adb6c45ca2f9c69db49e0a97
196,5,0.0026,0xdbbae39c54992479faac890e81eb4d8579b951d6,2017-08-29T19:25:49.000Z,0.00052,0x0ce4b16411b408bc9f06d456175db3cc79b25299,sell,0x2a05d22db079bc40c2f77a1d1ff703a56e631cc1,0x3832cd9389ae42fa0386125b08d36c616e607baf171b26f223f34c0a3b563564
197,1365.24123379,0.682620616895,0x0ce4b16411b408bc9f06d456175db3cc79b25299,2017-08-29T11:10:07.000Z,0.0005,0x64dcca9d2091012bd3e1e5235d703f72f4d65746,sell,0x2a05d22db079bc40c2f77a1d1ff703a56e631cc1,0x8662a03ad72e9bc84705b34b26f769e773ad24b1560f317698cc05c5a4c408e6
198,1,0.0005999,0xdbbae39c54992479faac890e81eb4d8579b951d6,2017-08-29T09:18:00.000Z,0.0005999,0x91be0508ee0c2e999df1c6edaedc34505e1282ff,buy,0x2a05d22db079bc40c2f77a1d1ff703a56e631cc1,0x388e95b7caecafb58d07a5c8ba68de6211884a997b3633293661429adc608572
199,40,0.024,0x0ce4b16411b408bc9f06d456175db3cc79b25299,2017-08-29T02:15:40.000Z,0.0006,0xd09e4710d696a4ca4dad4b3d8b613e4b5d75900e,buy,0x2a05d22db079bc40c2f77a1d1ff703a56e631cc1,0x042e15023803ca7dbb68e069a32c7541d08fbc8854f9ed76ed312a74d98aed4a
200,700,0.42,0x0ce4b16411b408bc9f06d456175db3cc79b25299,2017-08-29T02:10:57.000Z,0.0006,0xd09e4710d696a4ca4dad4b3d8b613e4b5d75900e,buy,0x2a05d22db079bc40c2f77a1d1ff703a56e631cc1,0x1ff67f180f5a91d33a266341c736ffe0e0794691d2d8a5bd4f8d2ff55547b7d5
201,450,0.225,0x0ce4b16411b408bc9f06d456175db3cc79b25299,2017-08-29T01:36:25.000Z,0.0005,0x32ad720c6de7941785335653b1478024d8082470,sell,0x2a05d22db079bc40c2f77a1d1ff703a56e631cc1,0x9a29b3e7190fd7a55da4c9fe7511eda8e541d29752fa1ad30213e570d2b09c9a
202,400,0.2,0x0ce4b16411b408bc9f06d456175db3cc79b25299,2017-08-29T01:05:51.000Z,0.0005,0x32ad720c6de7941785335653b1478024d8082470,sell,0x2a05d22db079bc40c2f77a1d1ff703a56e631cc1,0x57786671c8174e401bdea31452e56ade0c4e8d22a8a9d45c2174a2f63a0be606
203,10,0.006,0xdbbae39c54992479faac890e81eb4d8579b951d6,2017-08-28T22:54:18.000Z,0.0006,0xd09e4710d696a4ca4dad4b3d8b613e4b5d75900e,buy,0x2a05d22db079bc40c2f77a1d1ff703a56e631cc1,0x13d7f3e6191e7430a7b290f4bc6bc5ca02dddc533ae24c5ac1ccddf693eba01b
204,2700,1.62,0x0ce4b16411b408bc9f06d456175db3cc79b25299,2017-08-28T22:23:39.000Z,0.0006,0xd09e4710d696a4ca4dad4b3d8b613e4b5d75900e,buy,0x2a05d22db079bc40c2f77a1d1ff703a56e631cc1,0xb43e9b527af78e397cdb0d4c17315247e6e260f934e3873e999a97ee0a23c855
205,27,0.01485,0x0ce4b16411b408bc9f06d456175db3cc79b25299,2017-08-28T22:23:39.000Z,0.00055,0xdbbae39c54992479faac890e81eb4d8579b951d6,buy,0x2a05d22db079bc40c2f77a1d1ff703a56e631cc1,0x2188f49f84d132feeae28f4efb3f8d1109ecb32332b5a8f3d67e0045239b6444
206,279.3340644,0.127096999302,0xef4f059c9eda832c5f5a5ecc7b17cee66189d96b,2017-08-28T21:53:54.000Z,0.000455,0xd9c2362409e5406f65ec2c439eaa540f58189868,sell,0x2a05d22db079bc40c2f77a1d1ff703a56e631cc1,0xd134bc8206baf800a5fbafff677fa9ac9b30952c98742695efe86b50a8e08aef
207,1500,0.75,0x0ce4b16411b408bc9f06d456175db3cc79b25299,2017-08-28T21:27:33.000Z,0.0005,0xd9c2362409e5406f65ec2c439eaa540f58189868,sell,0x2a05d22db079bc40c2f77a1d1ff703a56e631cc1,0x44fee18b2132ec269038dae992af95af56535c7154bc8bedd6ec30681e7289aa
208,100,0.0455,0xef4f059c9eda832c5f5a5ecc7b17cee66189d96b,2017-08-28T21:14:02.000Z,0.000455,0xd9c2362409e5406f65ec2c439eaa540f58189868,sell,0x2a05d22db079bc40c2f77a1d1ff703a56e631cc1,0xa578eac460e2891156b14defe40fc6f7f80124f47b7664720accc91be8ac6311
209,1490,0.745,0x0ce4b16411b408bc9f06d456175db3cc79b25299,2017-08-28T21:06:31.000Z,0.0005,0x64dcca9d2091012bd3e1e5235d703f72f4d65746,sell,0x2a05d22db079bc40c2f77a1d1ff703a56e631cc1,0x4cb659b64fce9f458f605e2beef94753f48195fcc7c589265b1d1554a7bc88f7
210,5,0.003,0xdbbae39c54992479faac890e81eb4d8579b951d6,2017-08-28T19:19:07.000Z,0.0006,0xd09e4710d696a4ca4dad4b3d8b613e4b5d75900e,buy,0x2a05d22db079bc40c2f77a1d1ff703a56e631cc1,0x909bc264be4131ebcf52ecab474cb182f5d7caa51284dc6616273c4b53853902
211,10,0.005,0x0ce4b16411b408bc9f06d456175db3cc79b25299,2017-08-28T19:16:47.000Z,0.0005,0xdbbae39c54992479faac890e81eb4d8579b951d6,sell,0x2a05d22db079bc40c2f77a1d1ff703a56e631cc1,0x54e21487dd44482762a5a899e169ddbdf58e240deabafb052c3221e65456091d
212,3,0.00165,0xdc618fb9b5d3e22bdd22d55238ccd8ea751db7bf,2017-08-28T18:24:44.000Z,0.00055,0xdbbae39c54992479faac890e81eb4d8579b951d6,buy,0x2a05d22db079bc40c2f77a1d1ff703a56e631cc1,0x30fb61b8472d921766f7e31c897d544d4526562891768e135b6b6cd0a2eed24c
213,1,0.0013,0xdbbae39c54992479faac890e81eb4d8579b951d6,2017-08-28T18:18:41.000Z,0.0013,0xdc618fb9b5d3e22bdd22d55238ccd8ea751db7bf,buy,0x2a05d22db079bc40c2f77a1d1ff703a56e631cc1,0x945d7abb37eada0248c7f63697b2cedcd7014b4a5017ea8d25a6735b57aa1947
214,2,0.0026,0xdbbae39c54992479faac890e81eb4d8579b951d6,2017-08-28T17:45:27.000Z,0.0013,0xdc618fb9b5d3e22bdd22d55238ccd8ea751db7bf,buy,0x2a05d22db079bc40c2f77a1d1ff703a56e631cc1,0xbd167b57b63066361635b64c1c40976c8ad524337b1feaa45f6e23a70c018957
215,1,0.00079,0xdc618fb9b5d3e22bdd22d55238ccd8ea751db7bf,2017-08-28T17:41:15.000Z,0.00079,0xdbbae39c54992479faac890e81eb4d8579b951d6,buy,0x2a05d22db079bc40c2f77a1d1ff703a56e631cc1,0xcff526dee53c92b2b3d58c78accc31d694250bd2b40ef7088029eedfc9df79e3
216,59.82848842,0.0272219622311,0xef4f059c9eda832c5f5a5ecc7b17cee66189d96b,2017-08-28T17:21:04.000Z,0.000455,0x3f7789ed9034beeb164eb332913888bb8a0bd030,sell,0x2a05d22db079bc40c2f77a1d1ff703a56e631cc1,0x5f8a3ec07f54c2eb9480e7b861a5cea8d86b6dad88352e978218e98a374f8639
217,10,0.006,0xdbbae39c54992479faac890e81eb4d8579b951d6,2017-08-28T16:21:40.000Z,0.0006,0xd09e4710d696a4ca4dad4b3d8b613e4b5d75900e,buy,0x2a05d22db079bc40c2f77a1d1ff703a56e631cc1,0x9893cf8d49ff03755105a112adebf867a15f60bf36bd1a522c7fb434492f4ae6
218,20,0.009,0x0ce4b16411b408bc9f06d456175db3cc79b25299,2017-08-28T16:21:12.000Z,0.00045,0xdbbae39c54992479faac890e81eb4d8579b951d6,sell,0x2a05d22db079bc40c2f77a1d1ff703a56e631cc1,0x2130b46e7eed28a051cd5eee598fbdce37f9d5234343df3a8e76b3ba55403b64
219,97,0.0582,0x0ce4b16411b408bc9f06d456175db3cc79b25299,2017-08-28T08:40:43.000Z,0.0006,0xd09e4710d696a4ca4dad4b3d8b613e4b5d75900e,buy,0x2a05d22db079bc40c2f77a1d1ff703a56e631cc1,0x7cc1c37bdcbf672c2e4d82a0ebc2825ec7283d803560f901466339b6ba2ec04c
220,800,0.48,0x0ce4b16411b408bc9f06d456175db3cc79b25299,2017-08-28T08:37:41.000Z,0.0006,0xd09e4710d696a4ca4dad4b3d8b613e4b5d75900e,buy,0x2a05d22db079bc40c2f77a1d1ff703a56e631cc1,0x2bf7ae63918bded08ecbb4d2f84ec9d03c8ac18acd0c386a5290d35e64a40502
221,100,0.06,0x0ce4b16411b408bc9f06d456175db3cc79b25299,2017-08-28T08:27:50.000Z,0.0006,0xd09e4710d696a4ca4dad4b3d8b613e4b5d75900e,buy,0x2a05d22db079bc40c2f77a1d1ff703a56e631cc1,0x3d04ddcb9f16ba61d454227ba546c122021843e23c6dc0cbd81b5878ba2d7f20
222,68,0.034,0x0ce4b16411b408bc9f06d456175db3cc79b25299,2017-08-27T22:23:53.000Z,0.0005,0x146a820a5f7780e82926376392e3af853cadb964,sell,0x2a05d22db079bc40c2f77a1d1ff703a56e631cc1,0x64b206ef411eef26597697dfeac828f74bdc400327039dad8ac1dfb61808b22b
223,2,0.00146,0xdbbae39c54992479faac890e81eb4d8579b951d6,2017-08-27T17:39:21.000Z,0.00073,0x0ce4b16411b408bc9f06d456175db3cc79b25299,sell,0x2a05d22db079bc40c2f77a1d1ff703a56e631cc1,0x6062c190815c1d59ff797f38c0878b424f4aa615be6116dc506a2c9e7bb237d0
224,1,0.000745,0xdbbae39c54992479faac890e81eb4d8579b951d6,2017-08-27T17:35:04.000Z,0.000745,0xc28391b02805fd1af74a0e544f537b46363c1dc6,buy,0x2a05d22db079bc40c2f77a1d1ff703a56e631cc1,0x12824d78a18d5c39016b8c02c8c5487aa021bb81274b50b09fbe078ad8b310b5
225,2,0.0015,0xdbbae39c54992479faac890e81eb4d8579b951d6,2017-08-27T17:09:59.000Z,0.00075,0x0ce4b16411b408bc9f06d456175db3cc79b25299,sell,0x2a05d22db079bc40c2f77a1d1ff703a56e631cc1,0xa147ed78b2538aa5b8c27777bb6288dc9f66269682cd0fb00af6ef8e90d810b9
226,820,0.574738,0x32ad720c6de7941785335653b1478024d8082470,2017-08-27T17:07:20.000Z,0.0007009,0x0ce4b16411b408bc9f06d456175db3cc79b25299,sell,0x2a05d22db079bc40c2f77a1d1ff703a56e631cc1,0x0f76d4634ef3973891de7db189dcb8701802c73ab45fec7cc457a037d52370de
227,10,0.0075,0xdbbae39c54992479faac890e81eb4d8579b951d6,2017-08-27T12:23:56.000Z,0.00075,0x0ce4b16411b408bc9f06d456175db3cc79b25299,sell,0x2a05d22db079bc40c2f77a1d1ff703a56e631cc1,0x2d64a3245ea851fefbb10b99b306504d2b488e46f2bc38eed879984e2f0ad04f
228,35,0.0273,0xe8049485009991393a0378ad74b36bc8018a6d13,2017-08-27T11:18:41.000Z,0.00078,0xdbbae39c54992479faac890e81eb4d8579b951d6,buy,0x2a05d22db079bc40c2f77a1d1ff703a56e631cc1,0xa3f310168830fd431eb839639babf5f3f5f445a227598eb8ca6d37e8a9f37a3f
229,55,0.042075,0x4544ca91b44db076345ad732b8613f494304b182,2017-08-27T09:39:13.000Z,0.000765,0x669f0ab96fd3beb68bc836bb874894bbb516331a,sell,0x2a05d22db079bc40c2f77a1d1ff703a56e631cc1,0x6818505e019ea3b141486c31693a6c6f41ac251a52c6eeb0013bb3bc631eec7d
230,2967,2.28461967,0x89bd83a07f75f6ab07798cd902abfd4ce5603cd2,2017-08-27T09:36:25.000Z,0.00077001,0x669f0ab96fd3beb68bc836bb874894bbb516331a,sell,0x2a05d22db079bc40c2f77a1d1ff703a56e631cc1,0x9f23834a809945eba33cf86860db7629449781bd660a87ef80b9f8eda4e34809
231,902,0.695442,0x1fdf047bf7a114b37e7936d01e9cad754ad18803,2017-08-27T09:36:22.000Z,0.000771,0x669f0ab96fd3beb68bc836bb874894bbb516331a,sell,0x2a05d22db079bc40c2f77a1d1ff703a56e631cc1,0x307b1b60dda0b91c7943496c7e632ccec944895ef262b808c811140c6b9fa9a5
232,2,0.00158,0xdbbae39c54992479faac890e81eb4d8579b951d6,2017-08-27T09:33:37.000Z,0.00079,0x0ce4b16411b408bc9f06d456175db3cc79b25299,sell,0x2a05d22db079bc40c2f77a1d1ff703a56e631cc1,0xf155d9a15c263f9b515cc83798f870ff5b7380d1c35d32e2deb7b5242036e7f0
233,600,0.4626,0x1fdf047bf7a114b37e7936d01e9cad754ad18803,2017-08-27T09:33:37.000Z,0.000771,0x0ce4b16411b408bc9f06d456175db3cc79b25299,sell,0x2a05d22db079bc40c2f77a1d1ff703a56e631cc1,0x3dbe9ecca42edf253a389fbfd877a487fbeda43a537e824337a2ee4405aaa472
234,2,0.00158,0xdbbae39c54992479faac890e81eb4d8579b951d6,2017-08-27T09:20:14.000Z,0.00079,0x0ce4b16411b408bc9f06d456175db3cc79b25299,sell,0x2a05d22db079bc40c2f77a1d1ff703a56e631cc1,0x5008d488844c28232f76f61f95293f01c2125c1717baa6e5d376b868f9d9865a
235,498,0.383958,0x1fdf047bf7a114b37e7936d01e9cad754ad18803,2017-08-27T08:52:14.000Z,0.000771,0x0ce4b16411b408bc9f06d456175db3cc79b25299,sell,0x2a05d22db079bc40c2f77a1d1ff703a56e631cc1,0x9870667b8bc2bbef63afd9671c7bd03d3b0e4405253a413ddab518a3c0d54921
236,1,0.0008495,0xdbbae39c54992479faac890e81eb4d8579b951d6,2017-08-27T08:46:10.000Z,0.0008495,0x1fdf047bf7a114b37e7936d01e9cad754ad18803,buy,0x2a05d22db079bc40c2f77a1d1ff703a56e631cc1,0xa43460dca12f6b2a2caf24f7057438d74d7032ba73a34f8e3d2f702cfff0a2a1
237,80,0.06088,0x1fdf047bf7a114b37e7936d01e9cad754ad18803,2017-08-27T06:42:35.000Z,0.000761,0x0ce4b16411b408bc9f06d456175db3cc79b25299,sell,0x2a05d22db079bc40c2f77a1d1ff703a56e631cc1,0x14e2f1ae066bb766678ef97af6f9dd65fdea1170301fded08951092dd9e873d2
238,1,0.00085,0xdbbae39c54992479faac890e81eb4d8579b951d6,2017-08-27T05:54:11.000Z,0.00085,0x0ce4b16411b408bc9f06d456175db3cc79b25299,buy,0x2a05d22db079bc40c2f77a1d1ff703a56e631cc1,0xc3746c1d6cbcd991c590d9f4aba51409fb8b11220360a116c6da84d169db23c4
239,40,0.0304004,0x89bd83a07f75f6ab07798cd902abfd4ce5603cd2,2017-08-27T05:52:35.000Z,0.00076001,0xdbbae39c54992479faac890e81eb4d8579b951d6,sell,0x2a05d22db079bc40c2f77a1d1ff703a56e631cc1,0xfe67f7ce75422761b1a4d4b7b4869019483199723625e8d035b87e51898bb2b8
240,100,0.076001,0x89bd83a07f75f6ab07798cd902abfd4ce5603cd2,2017-08-27T05:49:50.000Z,0.00076001,0x0ce4b16411b408bc9f06d456175db3cc79b25299,sell,0x2a05d22db079bc40c2f77a1d1ff703a56e631cc1,0x54c075732549b22a871cff17813ad7d28d0b0542526887b7ac2f521336f564ed
241,647,0.49172647,0x89bd83a07f75f6ab07798cd902abfd4ce5603cd2,2017-08-27T05:45:52.000Z,0.00076001,0x0ce4b16411b408bc9f06d456175db3cc79b25299,sell,0x2a05d22db079bc40c2f77a1d1ff703a56e631cc1,0xfec1dc51f619249bb6ea688b5a00ff82cb703b2b882620806e6e7b673c3d2c4c
242,154,0.11704154,0x89bd83a07f75f6ab07798cd902abfd4ce5603cd2,2017-08-27T05:37:52.000Z,0.00076001,0x0ce4b16411b408bc9f06d456175db3cc79b25299,sell,0x2a05d22db079bc40c2f77a1d1ff703a56e631cc1,0x6de21cb264983aca507bf13f08e47dff9b99f405483683dfac6aed8d46a0add6
243,20,0.0181,0x7691aae774db1bb75e4df8ae656c635f49faa31b,2017-08-26T22:16:33.000Z,0.000905,0xa409af565723a982f869d847f629c42d1c485ad4,buy,0x2a05d22db079bc40c2f77a1d1ff703a56e631cc1,0x810f851045e77d575bb8b6b03e066cd46dc64d27a7935ab385a5e1188fee3898
244,483.455,0.444295145,0x7691aae774db1bb75e4df8ae656c635f49faa31b,2017-08-26T22:13:06.000Z,0.000919,0x0ce4b16411b408bc9f06d456175db3cc79b25299,buy,0x2a05d22db079bc40c2f77a1d1ff703a56e631cc1,0xd2e0ef4d0fec87c858da73003c11528425750ac15193d5954774d6a1db546440
245,30,0.0255,0xa409af565723a982f869d847f629c42d1c485ad4,2017-08-26T22:05:54.000Z,0.00085,0x0ce4b16411b408bc9f06d456175db3cc79b25299,sell,0x2a05d22db079bc40c2f77a1d1ff703a56e631cc1,0xe5ac748bb36194f927201413caef135933395a1f6b72ed1c3cc854361a336eee
246,20,0.0174,0xa409af565723a982f869d847f629c42d1c485ad4,2017-08-26T22:05:03.000Z,0.00087,0x0ce4b16411b408bc9f06d456175db3cc79b25299,sell,0x2a05d22db079bc40c2f77a1d1ff703a56e631cc1,0x3e725864ba9b1e7c67ad2046b81cae21ee2a56cfdc94ab54b7f4468d01cd8822
247,50,0.0445,0xdbbae39c54992479faac890e81eb4d8579b951d6,2017-08-26T21:49:04.000Z,0.00089,0xa409af565723a982f869d847f629c42d1c485ad4,buy,0x2a05d22db079bc40c2f77a1d1ff703a56e631cc1,0x434885815e896ad5d77b61ebce2ab17d8de41e84879d704944bb2c27ea36e47c
248,516.545,0.474704855,0xad440e6b26dd3a044a97294bf87c017d7fb81c67,2017-08-26T21:46:55.000Z,0.000919,0x0ce4b16411b408bc9f06d456175db3cc79b25299,buy,0x2a05d22db079bc40c2f77a1d1ff703a56e631cc1,0xd906eb5d4c42900c020469aae7bae0189334fdb2a3956dd0041f2f5215e93733
249,515,0.48925,0x04859f69e67bdea68e696c5b571295dedf93819e,2017-08-26T21:46:55.000Z,0.00095,0xad440e6b26dd3a044a97294bf87c017d7fb81c67,sell,0x2a05d22db079bc40c2f77a1d1ff703a56e631cc1,0xd906eb5d4c42900c020469aae7bae0189334fdb2a3956dd0041f2f5215e93733
250,989.282,0.8903538,0x7691aae774db1bb75e4df8ae656c635f49faa31b,2017-08-26T21:29:41.000Z,0.0009,0x38c0c380f8900798d2145dc4e98717c08f454d7d,buy,0x2a05d22db079bc40c2f77a1d1ff703a56e631cc1,0x3f7fb355cce3a31377d6c818911ea69e29ec1f1424a0ba9bbfa2a85f72cc0819
251,640,0.5792,0x7691aae774db1bb75e4df8ae656c635f49faa31b,2017-08-26T21:26:08.000Z,0.000905,0x32ad720c6de7941785335653b1478024d8082470,buy,0x2a05d22db079bc40c2f77a1d1ff703a56e631cc1,0x4f4f0e977b64a4e7d4e94b850e1526320faf62cfd54092ed8d522e08c1785650
252,30,0.0264,0x7691aae774db1bb75e4df8ae656c635f49faa31b,2017-08-26T21:23:24.000Z,0.00088,0xa409af565723a982f869d847f629c42d1c485ad4,buy,0x2a05d22db079bc40c2f77a1d1ff703a56e631cc1,0x3fd0095207a72b51904582c053f4bfe75002e4889bb79521b6a23faebe86c33f
253,20,0.0174,0x7691aae774db1bb75e4df8ae656c635f49faa31b,2017-08-26T21:21:04.000Z,0.00087,0xa409af565723a982f869d847f629c42d1c485ad4,buy,0x2a05d22db079bc40c2f77a1d1ff703a56e631cc1,0x20b74f8666a564b022fa52921fb9b9be24478043d688b304350d1f974fe7317c
254,10,0.0086,0x7691aae774db1bb75e4df8ae656c635f49faa31b,2017-08-26T21:18:11.000Z,0.00086,0xa409af565723a982f869d847f629c42d1c485ad4,buy,0x2a05d22db079bc40c2f77a1d1ff703a56e631cc1,0x0eb0d0afe27ae93e88c357ee5130e8033e4b80eaaba3e247bbc7755eb8bb3168
255,4.99952304,0.004399580275200008,0xa409af565723a982f869d847f629c42d1c485ad4,2017-08-26T20:31:40.000Z,0.0008800000000000015,0xdbbae39c54992479faac890e81eb4d8579b951d6,buy,0x2a05d22db079bc40c2f77a1d1ff703a56e631cc1,0x6093cf2cd88e91838e84a69d6b57af740d3b60dcf854a6edc5d393749278d89c
256,5.00023848,0.0044002098624,0xa409af565723a982f869d847f629c42d1c485ad4,2017-08-26T20:26:24.000Z,0.00088,0xdbbae39c54992479faac890e81eb4d8579b951d6,buy,0x2a05d22db079bc40c2f77a1d1ff703a56e631cc1,0xf07ed76445f2683a16303213ef22b0471d2b0c947c6d3d1f5d7128a0c546b016
257,3.92050849,0.0023915101789,0x0ce4b16411b408bc9f06d456175db3cc79b25299,2017-08-26T20:22:22.000Z,0.00061,0xa409af565723a982f869d847f629c42d1c485ad4,sell,0x2a05d22db079bc40c2f77a1d1ff703a56e631cc1,0x6d891d477ccf293932da47b118ba95181d7928663bd404fdd2e62b8bc014a6ef
258,1400.281,1.05021075,0x0ce4b16411b408bc9f06d456175db3cc79b25299,2017-08-26T19:16:39.000Z,0.00075,0x4a4b60bcd3f3fd4f1ba04ae5624bc67657b1fe03,buy,0x2a05d22db079bc40c2f77a1d1ff703a56e631cc1,0x24e3aec18c7f027ec4bde2a266e84d4e1273349fd5d00783bbe45741f510fef7
259,1333,0.99975,0xf732b16f5aee6cd2db5b30a7a3860764a48b19ff,2017-08-26T19:13:06.000Z,0.00075,0x4a4b60bcd3f3fd4f1ba04ae5624bc67657b1fe03,buy,0x2a05d22db079bc40c2f77a1d1ff703a56e631cc1,0x8984b716c61bd79f5f7ac18716cdf77457ac178756d733124ad04cbe5fd35a38
260,300,0.225,0x0ce4b16411b408bc9f06d456175db3cc79b25299,2017-08-26T19:12:05.000Z,0.00075,0x4a4b60bcd3f3fd4f1ba04ae5624bc67657b1fe03,buy,0x2a05d22db079bc40c2f77a1d1ff703a56e631cc1,0xde20287aec87bba7ba173972398e12e3a7032fbccd1a01e0b4b10e35c5261a5c
261,305.71893795,0.22928920346924533,0xb9bbf8fde33710eeea1752c7bda56a8d19637730,2017-08-26T19:10:39.000Z,0.0007500000000220639,0x4a4b60bcd3f3fd4f1ba04ae5624bc67657b1fe03,buy,0x2a05d22db079bc40c2f77a1d1ff703a56e631cc1,0xa07fc56a97aa8ad4487834ca44908c4ca75e5b5d3b5dd9e1801d75821fef11b0
262,1636,1.227,0x0ce4b16411b408bc9f06d456175db3cc79b25299,2017-08-26T19:05:00.000Z,0.00075,0x4a4b60bcd3f3fd4f1ba04ae5624bc67657b1fe03,buy,0x2a05d22db079bc40c2f77a1d1ff703a56e631cc1,0x3e90ca1b8c095a749e719d74bdda74a399a4d6c8740fbeb2e0fd14c82eafaf8a
263,723,0.54225,0x0ce4b16411b408bc9f06d456175db3cc79b25299,2017-08-26T18:57:01.000Z,0.00075,0x4a4b60bcd3f3fd4f1ba04ae5624bc67657b1fe03,buy,0x2a05d22db079bc40c2f77a1d1ff703a56e631cc1,0x5074b92559bda31595623f68826c0f1db865fc286dba9aaa85f500bb5ceec0b9
264,300,0.225,0x0ce4b16411b408bc9f06d456175db3cc79b25299,2017-08-26T18:43:23.000Z,0.00075,0x4a4b60bcd3f3fd4f1ba04ae5624bc67657b1fe03,buy,0x2a05d22db079bc40c2f77a1d1ff703a56e631cc1,0x40712c620597d49bef6ff0f7705ff1ca6a8b72ddead3373602fce3bd3ab36c6e
265,2,0.0015,0xdbbae39c54992479faac890e81eb4d8579b951d6,2017-08-26T17:47:15.000Z,0.00075,0x4a4b60bcd3f3fd4f1ba04ae5624bc67657b1fe03,buy,0x2a05d22db079bc40c2f77a1d1ff703a56e631cc1,0x95d91cb19eda3dbb821f3f1e7e92e6a329d209f91793c2e322bf0134e1b4ff79
266,1885,1.6965,0xd9c2362409e5406f65ec2c439eaa540f58189868,2017-08-26T14:07:18.000Z,0.0009,0x38c0c380f8900798d2145dc4e98717c08f454d7d,buy,0x2a05d22db079bc40c2f77a1d1ff703a56e631cc1,0xcee7d5a2c182df82ed25b8ce358f2e11bc283a2b6aa0dfea17fe78f31c0bce0a
267,174,0.174,0xed69c11b29af3cc02aeca559036645c4bfcea10a,2017-08-26T12:51:06.000Z,0.001,0xad440e6b26dd3a044a97294bf87c017d7fb81c67,sell,0x2a05d22db079bc40c2f77a1d1ff703a56e631cc1,0xd7be120998912ea281768f0a7eb4bc0697f4976e7e3f5837a946b0bbe86fa89c
268,174.522,0.1570698,0xad440e6b26dd3a044a97294bf87c017d7fb81c67,2017-08-26T12:51:06.000Z,0.0009,0x38c0c380f8900798d2145dc4e98717c08f454d7d,buy,0x2a05d22db079bc40c2f77a1d1ff703a56e631cc1,0xd7be120998912ea281768f0a7eb4bc0697f4976e7e3f5837a946b0bbe86fa89c
269,100,0.09,0x146a820a5f7780e82926376392e3af853cadb964,2017-08-26T12:20:33.000Z,0.0009,0x38c0c380f8900798d2145dc4e98717c08f454d7d,buy,0x2a05d22db079bc40c2f77a1d1ff703a56e631cc1,0x628489fa6d9df634bf638311b917172d1cd104fa89b27e4fee9c0a5e3e0e504f
270,10,0.0083,0x41dc1c2ac6c1f307cc05612085d284308ceff9d1,2017-08-26T11:35:46.000Z,0.00083,0x94695903045a5907798c0c93521242d40783293a,buy,0x2a05d22db079bc40c2f77a1d1ff703a56e631cc1,0xa5f5ab8f6fda332d1aba121ec6b80b1a389c8540347bba19d8cfc95d0714cb4a
271,399.19553097,0.3592759778791516,0x2718629f5b266609666cd66815a1f91af5e6027c,2017-08-26T11:15:03.000Z,0.0009000000000154101,0x38c0c380f8900798d2145dc4e98717c08f454d7d,buy,0x2a05d22db079bc40c2f77a1d1ff703a56e631cc1,0x346b77cc070a562a4102d20b0af289aee6a10d4840ce2dc3dd95120a63e65e9a
272,13,0.01157,0x146a820a5f7780e82926376392e3af853cadb964,2017-08-26T10:46:56.000Z,0.00089,0xa409af565723a982f869d847f629c42d1c485ad4,buy,0x2a05d22db079bc40c2f77a1d1ff703a56e631cc1,0x49b9cd59da567feb1b4e8ea3304919a70617eba68bae56ffd6939be070137701
273,15,0.01215,0x146a820a5f7780e82926376392e3af853cadb964,2017-08-26T10:46:16.000Z,0.00081,0xdbbae39c54992479faac890e81eb4d8579b951d6,buy,0x2a05d22db079bc40c2f77a1d1ff703a56e631cc1,0xd36ca24a5e11add74f2424a448bbbe39ce378a736c14ff0abc70df56f4647e60
274,390,0.34515,0x0ce4b16411b408bc9f06d456175db3cc79b25299,2017-08-26T10:35:56.000Z,0.000885,0x1fdf047bf7a114b37e7936d01e9cad754ad18803,buy,0x2a05d22db079bc40c2f77a1d1ff703a56e631cc1,0x36d4bb6ea610a9e0a121ff5b31b000fbe94e863b58fb9efb39de2faf9b80f004
275,1000,0.885,0x0ce4b16411b408bc9f06d456175db3cc79b25299,2017-08-26T10:23:07.000Z,0.000885,0x1fdf047bf7a114b37e7936d01e9cad754ad18803,buy,0x2a05d22db079bc40c2f77a1d1ff703a56e631cc1,0x8542a9d2de3ff8f8c8888e838a274fc4365ca89b012a304d6aa5663933618f86
276,100,0.0884,0x0ce4b16411b408bc9f06d456175db3cc79b25299,2017-08-26T10:21:52.000Z,0.000884,0x756488562655a05d0b5603e65faf119693a50597,buy,0x2a05d22db079bc40c2f77a1d1ff703a56e631cc1,0x668c4df65592d72efbd8ae1380432a35124ed1e2bbc47585e85cad5895fadadb
277,110,0.09735,0x41dc1c2ac6c1f307cc05612085d284308ceff9d1,2017-08-26T09:15:55.000Z,0.000885,0x1fdf047bf7a114b37e7936d01e9cad754ad18803,buy,0x2a05d22db079bc40c2f77a1d1ff703a56e631cc1,0xdcbac5050f9501d4f17d4dc0e09172b2dafe02ec7651f30bfd330c6298e998fc
278,215,0.1806,0x5dadc58ebd539f54cad20dc9dd7f74658169690c,2017-08-26T07:48:51.000Z,0.00084,0x0ce4b16411b408bc9f06d456175db3cc79b25299,sell,0x2a05d22db079bc40c2f77a1d1ff703a56e631cc1,0x7941f1f0791a1fe80c57d3144c98fe1d2b9bf91db0cde8dae9fee78d2b3fdea7
279,20,0.0168,0x5dadc58ebd539f54cad20dc9dd7f74658169690c,2017-08-26T07:40:38.000Z,0.00084,0xa409af565723a982f869d847f629c42d1c485ad4,sell,0x2a05d22db079bc40c2f77a1d1ff703a56e631cc1,0x3e08c55ab0646112fb366ac837ca2b2c5aa58dd7aa2f03c28c17e0c3a0259bea
280,700,0.581,0x0ce4b16411b408bc9f06d456175db3cc79b25299,2017-08-26T06:41:19.000Z,0.00083,0x258e7b2ba394ef9a9aefa94b7952c0b35425d877,buy,0x2a05d22db079bc40c2f77a1d1ff703a56e631cc1,0xc20da41978b3fe6edccb3e66a6f5f2f2b61f77845c95068affdcf72876eb2923
281,700,0.581,0x0ce4b16411b408bc9f06d456175db3cc79b25299,2017-08-26T06:39:35.000Z,0.00083,0x258e7b2ba394ef9a9aefa94b7952c0b35425d877,buy,0x2a05d22db079bc40c2f77a1d1ff703a56e631cc1,0xf4987b4476c444254aeb04999d6d686c235b0673ef9887fbd306530d18beb81a
282,600,0.498,0x0ce4b16411b408bc9f06d456175db3cc79b25299,2017-08-26T06:36:24.000Z,0.00083,0x258e7b2ba394ef9a9aefa94b7952c0b35425d877,buy,0x2a05d22db079bc40c2f77a1d1ff703a56e631cc1,0x812afa6effc94e3d39d15091eb2e64669cf7784e4d8ff9c7f4a4bcbcc4120647
283,21,0.01575,0x0ce4b16411b408bc9f06d456175db3cc79b25299,2017-08-26T06:31:06.000Z,0.00075,0x9ae918fa9c2ba5519e82f258a0a07ee716229063,buy,0x2a05d22db079bc40c2f77a1d1ff703a56e631cc1,0x2c0ee1c4ff3fe29bd18d3b0d11331faf0c4ec65c92ae2591e228eb3fe745ccde
284,1100,0.825,0x0ce4b16411b408bc9f06d456175db3cc79b25299,2017-08-26T06:28:41.000Z,0.00075,0x9ae918fa9c2ba5519e82f258a0a07ee716229063,buy,0x2a05d22db079bc40c2f77a1d1ff703a56e631cc1,0xe7157ca8e012e814da77410eedbf30a5349f75892b483206b92a3bd87f779389
285,900,0.675,0x0ce4b16411b408bc9f06d456175db3cc79b25299,2017-08-26T06:15:51.000Z,0.00075,0x9ae918fa9c2ba5519e82f258a0a07ee716229063,buy,0x2a05d22db079bc40c2f77a1d1ff703a56e631cc1,0x96b14d92de0f04c9e37027c69fd99541df2bea294ebcad3f559abb0a57c4bdad
286,1644,1.233,0x0ce4b16411b408bc9f06d456175db3cc79b25299,2017-08-26T06:08:03.000Z,0.00075,0x9ae918fa9c2ba5519e82f258a0a07ee716229063,buy,0x2a05d22db079bc40c2f77a1d1ff703a56e631cc1,0x685c3c1126971d6a4a999b004b9b15d739d9f55e4fbf20985c718341dc14fe0b
287,256,0.19196672,0x0ce4b16411b408bc9f06d456175db3cc79b25299,2017-08-26T06:07:13.000Z,0.00074987,0x258e7b2ba394ef9a9aefa94b7952c0b35425d877,buy,0x2a05d22db079bc40c2f77a1d1ff703a56e631cc1,0xdabe2a453c1d81b374ed09e6357525c6b3c4eeb1cc7930643e724faa2ec19672
288,600,0.449922,0x0ce4b16411b408bc9f06d456175db3cc79b25299,2017-08-26T05:59:58.000Z,0.00074987,0x258e7b2ba394ef9a9aefa94b7952c0b35425d877,buy,0x2a05d22db079bc40c2f77a1d1ff703a56e631cc1,0x19202dcdec389c0b5018c41f05338df1a2b758741b42cc6fdf1a6048af806a56
289,600,0.449922,0x0ce4b16411b408bc9f06d456175db3cc79b25299,2017-08-26T05:45:03.000Z,0.00074987,0x258e7b2ba394ef9a9aefa94b7952c0b35425d877,buy,0x2a05d22db079bc40c2f77a1d1ff703a56e631cc1,0x76130a43c747c46880d43b7114883287f5a65e59aff2429cc3933c866f559f0f
290,2500,1.874675,0x0ce4b16411b408bc9f06d456175db3cc79b25299,2017-08-26T05:11:37.000Z,0.00074987,0x258e7b2ba394ef9a9aefa94b7952c0b35425d877,buy,0x2a05d22db079bc40c2f77a1d1ff703a56e631cc1,0x2ce0b24a2d1373b3a30ca21a6fcca8bd3d879a00821e7104c497497e73af7123
291,1544,1.15779928,0x0ce4b16411b408bc9f06d456175db3cc79b25299,2017-08-26T03:14:40.000Z,0.00074987,0x258e7b2ba394ef9a9aefa94b7952c0b35425d877,buy,0x2a05d22db079bc40c2f77a1d1ff703a56e631cc1,0x78107122e1e14bc7c8a45ac99a0d7840c3d999791d5eb343d610b39cca550e64
292,139.5673414,0.057222609974,0x0ce4b16411b408bc9f06d456175db3cc79b25299,2017-08-26T02:04:10.000Z,0.00041,0x3f7789ed9034beeb164eb332913888bb8a0bd030,sell,0x2a05d22db079bc40c2f77a1d1ff703a56e631cc1,0x47bec6438f100ba967fc4026db3862c959aad50337b72541e255d0ca07503d03
293,0.00150849,0.000000905094,0xa409af565723a982f869d847f629c42d1c485ad4,2017-08-26T01:50:24.000Z,0.0006,0x3f7789ed9034beeb164eb332913888bb8a0bd030,sell,0x2a05d22db079bc40c2f77a1d1ff703a56e631cc1,0x647c70504c355fcd96e11e5f45adfd07ea4e3a259306ef880f90e7c78b4661ad
294,40,0.032,0x0ce4b16411b408bc9f06d456175db3cc79b25299,2017-08-25T17:19:35.000Z,0.0008,0xa409af565723a982f869d847f629c42d1c485ad4,buy,0x2a05d22db079bc40c2f77a1d1ff703a56e631cc1,0x7101f322a7ebc850cf19f7162a646cd5785ac2ad650d89bbb2fbeec8d3907ebb
295,2,0.00178,0xdbbae39c54992479faac890e81eb4d8579b951d6,2017-08-25T16:36:16.000Z,0.00089,0xa409af565723a982f869d847f629c42d1c485ad4,buy,0x2a05d22db079bc40c2f77a1d1ff703a56e631cc1,0x809f29f86dfa75657da5905dd9a0265a1220a7050094cee1ee1d856686060c93
296,3172.876,2.128999796,0xd09e4710d696a4ca4dad4b3d8b613e4b5d75900e,2017-08-25T16:35:58.000Z,0.000671,0x64dcca9d2091012bd3e1e5235d703f72f4d65746,sell,0x2a05d22db079bc40c2f77a1d1ff703a56e631cc1,0x5ada454ae7fb3d3bc0268229bae5871276b3a4238439552dfd5d2e447cc81f06
297,1000,0.671,0xd09e4710d696a4ca4dad4b3d8b613e4b5d75900e,2017-08-25T16:16:35.000Z,0.000671,0x0ce4b16411b408bc9f06d456175db3cc79b25299,sell,0x2a05d22db079bc40c2f77a1d1ff703a56e631cc1,0x399463e5e6bb26c33b21b21556ac9e54d29cb2873f174dd7e4e9555775904d5f
298,150,0.096,0xb8c980392797d0ea8a1387a5f6034b1eda39f6be,2017-08-25T16:13:16.000Z,0.00064,0x0ce4b16411b408bc9f06d456175db3cc79b25299,sell,0x2a05d22db079bc40c2f77a1d1ff703a56e631cc1,0x441d811fedd939b540b676af39600d5cf2ac69f0c1a5f616a40434ec7bad0182
299,60.938,0.04021908,0xccec7b7038524b1cb9aa90835dbc3564153c95ee,2017-08-25T16:12:58.000Z,0.00066,0x0ce4b16411b408bc9f06d456175db3cc79b25299,sell,0x2a05d22db079bc40c2f77a1d1ff703a56e631cc1,0x8442ad0593b03e69a8de68f2a6ab3941fb8aa7aac5986fe1ce4a377032473b8a
300,5,0.00405,0xdbbae39c54992479faac890e81eb4d8579b951d6,2017-08-25T16:08:53.000Z,0.00081,0x0ce4b16411b408bc9f06d456175db3cc79b25299,sell,0x2a05d22db079bc40c2f77a1d1ff703a56e631cc1,0x99780e15fbd31e1b25818967d68ff4c229488df9e255aa7c2d1ab019aa003607
301,10,0.0084,0xa409af565723a982f869d847f629c42d1c485ad4,2017-08-25T16:08:28.000Z,0.00084,0x0ce4b16411b408bc9f06d456175db3cc79b25299,sell,0x2a05d22db079bc40c2f77a1d1ff703a56e631cc1,0x3edbc2534ca1f1485259298533388cb412086b11610128e908c263f8848b2a3e
302,5,0.0046,0xa409af565723a982f869d847f629c42d1c485ad4,2017-08-25T15:50:16.000Z,0.00092,0xdbbae39c54992479faac890e81eb4d8579b951d6,buy,0x2a05d22db079bc40c2f77a1d1ff703a56e631cc1,0x0392e1164fdd8e74282c7ccae56c93b9137fc99e97d49e7ceb6506b68e295b7a
303,10,0.0075,0xa409af565723a982f869d847f629c42d1c485ad4,2017-08-25T15:41:54.000Z,0.00075,0x0ce4b16411b408bc9f06d456175db3cc79b25299,sell,0x2a05d22db079bc40c2f77a1d1ff703a56e631cc1,0x95933389d01b609e83c452219165ddbc37705cd0c72bf1474c8be956ecd0b579
304,40,0.034,0x146a820a5f7780e82926376392e3af853cadb964,2017-08-25T15:40:43.000Z,0.00085,0xa409af565723a982f869d847f629c42d1c485ad4,buy,0x2a05d22db079bc40c2f77a1d1ff703a56e631cc1,0x62715e1a3c187430f7198829d5fdcf959b757a744fc40b49ca2511fcb975ff9c
305,3,0.00243,0xdbbae39c54992479faac890e81eb4d8579b951d6,2017-08-25T15:39:27.000Z,0.00081,0xa409af565723a982f869d847f629c42d1c485ad4,sell,0x2a05d22db079bc40c2f77a1d1ff703a56e631cc1,0x2a67430a16398750af9328ee2ded033fd415ad06c4c7e832d78ab7a7dae93874
306,2,0.0016,0xa409af565723a982f869d847f629c42d1c485ad4,2017-08-25T15:34:36.000Z,0.0008,0xdbbae39c54992479faac890e81eb4d8579b951d6,sell,0x2a05d22db079bc40c2f77a1d1ff703a56e631cc1,0xbc8319ce36e369fcbb34de628553399965583feabd3e65ae5334a85a4552bd78
307,40,0.0374,0xa3d559a26e0252266d4d43231d7c29707c76d8b0,2017-08-25T15:34:14.000Z,0.000935,0xdbbae39c54992479faac890e81eb4d8579b951d6,buy,0x2a05d22db079bc40c2f77a1d1ff703a56e631cc1,0x8aafff146000e0649447d0247a14b74fbd04194dc3a9fc379885d2480393e047
308,0.032,0.0000224,0x0ce4b16411b408bc9f06d456175db3cc79b25299,2017-08-25T15:34:14.000Z,0.0007,0x68b3948c0e4e19dc1da056f5491efd22278a9f48,sell,0x2a05d22db079bc40c2f77a1d1ff703a56e631cc1,0x93f5ebeddd53a9ebd6f1e5bb03ac731008eb891e38f7f062acc8ea29d914df64
309,360,0.252,0x0ce4b16411b408bc9f06d456175db3cc79b25299,2017-08-25T15:22:34.000Z,0.0007,0x68b3948c0e4e19dc1da056f5491efd22278a9f48,sell,0x2a05d22db079bc40c2f77a1d1ff703a56e631cc1,0x7ef9acdc536d2142eb87ab701214064291922ca027d366f55051568b81e1a926
310,50,0.033,0xccec7b7038524b1cb9aa90835dbc3564153c95ee,2017-08-25T15:22:28.000Z,0.00066,0xa409af565723a982f869d847f629c42d1c485ad4,sell,0x2a05d22db079bc40c2f77a1d1ff703a56e631cc1,0xed75a6790c43eed86c8d35d0c16ef3f21e98ca9782354b318c8d20b9ff121893
311,10,0.0075,0xa409af565723a982f869d847f629c42d1c485ad4,2017-08-25T15:21:59.000Z,0.00075,0x68b3948c0e4e19dc1da056f5491efd22278a9f48,sell,0x2a05d22db079bc40c2f77a1d1ff703a56e631cc1,0x8ca002b20f3c5d05943390d472078ae898539d5a4dd09c3bb44b6852acc5a303
312,50,0.0445,0xccec7b7038524b1cb9aa90835dbc3564153c95ee,2017-08-25T15:15:56.000Z,0.00089,0xdbbae39c54992479faac890e81eb4d8579b951d6,buy,0x2a05d22db079bc40c2f77a1d1ff703a56e631cc1,0x4b82884438a6c32f7301bc65a398b9c71a0e7d78545dd0f77e28d6d1b2df6d6e
313,50,0.045,0xccec7b7038524b1cb9aa90835dbc3564153c95ee,2017-08-25T15:15:56.000Z,0.0009,0x68b3948c0e4e19dc1da056f5491efd22278a9f48,buy,0x2a05d22db079bc40c2f77a1d1ff703a56e631cc1,0x798a3180d457d9ebbc6fa01c6b3e83107c4fa6406762b4142242355681e0199b
314,29.85,0.0253725,0xccec7b7038524b1cb9aa90835dbc3564153c95ee,2017-08-25T15:15:56.000Z,0.00085,0xa409af565723a982f869d847f629c42d1c485ad4,buy,0x2a05d22db079bc40c2f77a1d1ff703a56e631cc1,0xd6609f65f29408d99be63414dd24dc3ef397b7f497e19376e1e802da80de78f5
315,15,0.01155,0xccec7b7038524b1cb9aa90835dbc3564153c95ee,2017-08-25T15:15:09.000Z,0.00077,0xa409af565723a982f869d847f629c42d1c485ad4,buy,0x2a05d22db079bc40c2f77a1d1ff703a56e631cc1,0xc1c2ffa479cc823dfbf8c5939d9bce8a05bff9eae9151875ea8c5239b4e286c9
316,20,0.0144,0x0ce4b16411b408bc9f06d456175db3cc79b25299,2017-08-25T15:07:56.000Z,0.00072,0xa409af565723a982f869d847f629c42d1c485ad4,buy,0x2a05d22db079bc40c2f77a1d1ff703a56e631cc1,0x6a8c2770c1ba9858820bd20c802bcbb4dfb480239b88ae9ee21c7388849a67d7
317,24,0.01536,0x0ce4b16411b408bc9f06d456175db3cc79b25299,2017-08-25T14:49:04.000Z,0.00064,0xa409af565723a982f869d847f629c42d1c485ad4,buy,0x2a05d22db079bc40c2f77a1d1ff703a56e631cc1,0x4e72f512d10da6bda1388c169eaf387b12cb6ac87b053a3a53b630c2ae35e836
318,10,0.0062,0x0ce4b16411b408bc9f06d456175db3cc79b25299,2017-08-25T14:43:30.000Z,0.00062,0xa409af565723a982f869d847f629c42d1c485ad4,buy,0x2a05d22db079bc40c2f77a1d1ff703a56e631cc1,0xe99a48d5c5a2b8f02188217e811d855b43913191d841d80fdb7c45fd8dd17174
319,2,0.00116,0xa409af565723a982f869d847f629c42d1c485ad4,2017-08-25T14:31:08.000Z,0.00058,0x0ce4b16411b408bc9f06d456175db3cc79b25299,sell,0x2a05d22db079bc40c2f77a1d1ff703a56e631cc1,0x73808f1f0ebc5c51c458104ba04c7ec05c51bdc47d5d1cca94c236fb8555216d
320,3,0.00177,0xa409af565723a982f869d847f629c42d1c485ad4,2017-08-25T14:25:20.000Z,0.00059,0x0ce4b16411b408bc9f06d456175db3cc79b25299,sell,0x2a05d22db079bc40c2f77a1d1ff703a56e631cc1,0x5204d1c408ce664a0b62a58a324f36728ad63e209bf013e301c10f1bf9c56f89
321,5,0.003505,0xa409af565723a982f869d847f629c42d1c485ad4,2017-08-25T14:11:09.000Z,0.000701,0xdbbae39c54992479faac890e81eb4d8579b951d6,buy,0x2a05d22db079bc40c2f77a1d1ff703a56e631cc1,0x6c68cd1d0963cf08b673072774aae487255b944d126d3faf34ae6df7aaffc47b
322,5,0.0032,0xdbbae39c54992479faac890e81eb4d8579b951d6,2017-08-25T14:04:34.000Z,0.00064,0xa409af565723a982f869d847f629c42d1c485ad4,buy,0x2a05d22db079bc40c2f77a1d1ff703a56e631cc1,0xb45770e9e20f3c762214e66c7c8a474db6fc89baafc48513bc8a674f699c25e4
323,10,0.0058,0x0ce4b16411b408bc9f06d456175db3cc79b25299,2017-08-25T13:40:49.000Z,0.00058,0xa409af565723a982f869d847f629c42d1c485ad4,buy,0x2a05d22db079bc40c2f77a1d1ff703a56e631cc1,0x1a38754126a9bb89e594bdce5a9d768df50bfbbaf537e173f0924ec3bf5de21b
324,120,0.066,0xb2db3e970eaeef3f9173c12046b2847110ef3b39,2017-08-25T13:25:13.000Z,0.00055,0x96b609d4d2fcc443c3afbc306e129f2445816c49,buy,0x2a05d22db079bc40c2f77a1d1ff703a56e631cc1,0x2ad3de20fc5cc41b94885167a8a26af46a9a8fb79fb5efeb6c28058cb4022000
325,1,0.00064,0xbb325a2ee38566c7a03010b2c4929fd99861bf36,2017-08-25T12:05:23.000Z,0.00064,0xa409af565723a982f869d847f629c42d1c485ad4,buy,0x2a05d22db079bc40c2f77a1d1ff703a56e631cc1,0xb64818bf1eadada092136fb80872ce901c29f237f3ccb2a34e241acadbc158e7
326,10,0.0049,0xb2db3e970eaeef3f9173c12046b2847110ef3b39,2017-08-25T11:26:07.000Z,0.00049,0xa409af565723a982f869d847f629c42d1c485ad4,buy,0x2a05d22db079bc40c2f77a1d1ff703a56e631cc1,0xfc518707e61d47d03e2689f0093a95c6fa7ed54d6e2acf3acea7a081eac5fa5e
327,0.03273587,0.000016367935,0x0ce4b16411b408bc9f06d456175db3cc79b25299,2017-08-25T09:51:02.000Z,0.0005,0x0797f6a5470181c8c0ecf713da4510fbc4731cf9,sell,0x2a05d22db079bc40c2f77a1d1ff703a56e631cc1,0x0441ab560b8b0bcfb7d3fdb64a51df9e6e1d433256c728dbe7256ec7e2145434
328,285.71,0.1399979,0x91be0508ee0c2e999df1c6edaedc34505e1282ff,2017-08-25T09:10:30.000Z,0.00049,0x0ce4b16411b408bc9f06d456175db3cc79b25299,sell,0x2a05d22db079bc40c2f77a1d1ff703a56e631cc1,0xbe63f71d099ab6d7feb8cb7a694ea5ffa0163f86a8a1ae4aab11cf645ccfafb2
329,484,0.2662,0xf5795a017e6811bae0b4c628ad3a1a50d7c9243c,2017-08-25T09:05:55.000Z,0.00055,0x0ce4b16411b408bc9f06d456175db3cc79b25299,buy,0x2a05d22db079bc40c2f77a1d1ff703a56e631cc1,0xb93ca5795f3ff11661f0fde2cc24cb33eb1b92d640e2ad68ff02d11827e6de73
330,150,0.075,0x05140bdfd71daa04a0168ebd09a35df157eb9f9d,2017-08-25T05:59:49.000Z,0.0005,0x0ce4b16411b408bc9f06d456175db3cc79b25299,buy,0x2a05d22db079bc40c2f77a1d1ff703a56e631cc1,0x4504935f12c36ace7c35a419d4fcb1b6a077cc32a0323243e1524191550bd2e7
331,16.41632025,0.005581548885,0x0ce4b16411b408bc9f06d456175db3cc79b25299,2017-08-25T02:19:40.000Z,0.00034,0x8c59ce3748e4cb7c542b3e905725bdb5fc18152a,sell,0x2a05d22db079bc40c2f77a1d1ff703a56e631cc1,0x296527d8fd0f44c90e235c1e58e6efeb3c683d8fb96450a19fdbf02361793eb5
332,11,0.00605,0xff64f34e8511693e3dffa0e1fe037a6a65f3937b,2017-08-25T00:13:11.000Z,0.00055,0x0ce4b16411b408bc9f06d456175db3cc79b25299,buy,0x2a05d22db079bc40c2f77a1d1ff703a56e631cc1,0x80be7f77de71ba1f244a69e8abef4871326f93de17f4de2241492c2e5bc38200
333,500,0.165,0x0ce4b16411b408bc9f06d456175db3cc79b25299,2017-08-24T19:05:18.000Z,0.00033,0x8c59ce3748e4cb7c542b3e905725bdb5fc18152a,sell,0x2a05d22db079bc40c2f77a1d1ff703a56e631cc1,0x71a05207de793131e6a009570cabd8d499c15b88176b9aa12738145822da82f5
334,1500,0.48,0xef4f059c9eda832c5f5a5ecc7b17cee66189d96b,2017-08-24T19:05:18.000Z,0.00032,0x8c59ce3748e4cb7c542b3e905725bdb5fc18152a,sell,0x2a05d22db079bc40c2f77a1d1ff703a56e631cc1,0x1bef9e607f2262c5d6afcfff5cbd88080474814c435c78770f778c1f86917948
335,5,0.00275,0x6d3d0dfa885186833d6cf04f7890aab7d3b43cd1,2017-08-24T19:03:00.000Z,0.00055,0x0ce4b16411b408bc9f06d456175db3cc79b25299,buy,0x2a05d22db079bc40c2f77a1d1ff703a56e631cc1,0xdbb6b8c7a6a2aeb253af69be299d8a9c5af368d4e58621118a5aab7cb9d6a6e8
336,500,0.251,0xbc18642c7e0647d6e65b53cadefb4367d8f85a97,2017-08-24T13:19:24.000Z,0.000502,0x0ce4b16411b408bc9f06d456175db3cc79b25299,sell,0x2a05d22db079bc40c2f77a1d1ff703a56e631cc1,0x08aa66d1e3cd2025addd0abea99c4d8138378e74bab136b4ac36b98fb3cd3f8f
337,600,0.3018,0xbc18642c7e0647d6e65b53cadefb4367d8f85a97,2017-08-24T13:18:46.000Z,0.000503,0x0ce4b16411b408bc9f06d456175db3cc79b25299,sell,0x2a05d22db079bc40c2f77a1d1ff703a56e631cc1,0xe952741e60a30f270cd0b451538a0abc3dd68b7880e06bf9eea3b216daaf48b9
338,1000,0.6,0xbc18642c7e0647d6e65b53cadefb4367d8f85a97,2017-08-24T13:18:46.000Z,0.0006,0x0ce4b16411b408bc9f06d456175db3cc79b25299,buy,0x2a05d22db079bc40c2f77a1d1ff703a56e631cc1,0x72cf4d8f4caad39410d947628ea8eef6938c8fae872dc430c2e36652a07c19ef
339,206,0.103206,0xbc18642c7e0647d6e65b53cadefb4367d8f85a97,2017-08-24T13:03:00.000Z,0.000501,0x23ce9f95dcda612bfbb243d576f1a1d4e1a7b658,buy,0x2a05d22db079bc40c2f77a1d1ff703a56e631cc1,0x9d786b0839c005297ca612329987612efc319ce5debaa95d21a23c247d218aae
340,308.17054531,0.15408527265757616,0xf5795a017e6811bae0b4c628ad3a1a50d7c9243c,2017-08-24T12:45:48.000Z,0.0005000000000083595,0x0ce4b16411b408bc9f06d456175db3cc79b25299,buy,0x2a05d22db079bc40c2f77a1d1ff703a56e631cc1,0xbdbc209831480b60e9219929c4186924c66077b7362121e20c597a0d3335ea02
341,490,0.245,0x32ad720c6de7941785335653b1478024d8082470,2017-08-24T12:41:44.000Z,0.0005,0x0ce4b16411b408bc9f06d456175db3cc79b25299,buy,0x2a05d22db079bc40c2f77a1d1ff703a56e631cc1,0x893a8e7f7bd2a045a237ffa8cdb60366e21fa264063f63d89d08bb1d13a32f4d
342,951.02099692,0.4660002884908,0xf5795a017e6811bae0b4c628ad3a1a50d7c9243c,2017-08-24T11:00:11.000Z,0.00049,0xef4f059c9eda832c5f5a5ecc7b17cee66189d96b,buy,0x2a05d22db079bc40c2f77a1d1ff703a56e631cc1,0xd996a45ad7a5931d4517c050ad8ec38abc42dfe5c23cb5ec3b373cf65ab86d00
343,983.64058389,0.47706568319004145,0xf5795a017e6811bae0b4c628ad3a1a50d7c9243c,2017-08-24T10:11:15.000Z,0.00048500000000344784,0x0ce4b16411b408bc9f06d456175db3cc79b25299,buy,0x2a05d22db079bc40c2f77a1d1ff703a56e631cc1,0x02f8a671104b477f780e0708b5f9f4ba1d2232767023992f3e852975d004b78e
344,408.163,0.19999987,0xf5795a017e6811bae0b4c628ad3a1a50d7c9243c,2017-08-24T09:34:43.000Z,0.00049,0xef4f059c9eda832c5f5a5ecc7b17cee66189d96b,buy,0x2a05d22db079bc40c2f77a1d1ff703a56e631cc1,0x78fe67fba5005db582a0b213e71fae340869660a8f2dd3feec7d2564cd4df945
345,2040.816,0.99999984,0xf5795a017e6811bae0b4c628ad3a1a50d7c9243c,2017-08-24T09:29:16.000Z,0.00049,0xef4f059c9eda832c5f5a5ecc7b17cee66189d96b,buy,0x2a05d22db079bc40c2f77a1d1ff703a56e631cc1,0x096c819d4a9b4f58be254430d4d664a25a615961b1673e19f7cb2f74588266da
346,2194.31603661,0.6802379713491,0x0845ad270268891eb78c056035d6ecd6b06c2ed4,2017-08-24T08:12:51.000Z,0.00031,0x7cc9ff2884524e6117535b55eef42fad906d58a1,sell,0x2a05d22db079bc40c2f77a1d1ff703a56e631cc1,0xcaf2ab3cb50254cd79229efe8bf7813a1a1b50af685f387c3863cdbaebff0c65
347,244.26745349,0.0757229105819,0x0845ad270268891eb78c056035d6ecd6b06c2ed4,2017-08-24T07:50:35.000Z,0.00031,0xc8e080ecc59f87768ee722655e5d3b32161c81d8,sell,0x2a05d22db079bc40c2f77a1d1ff703a56e631cc1,0xe7f57183eeda35cc74e3a9a34e14d057a56b1fbef1e592099f99568db2e8a314
348,146.82587523,0.0455160213213,0x0845ad270268891eb78c056035d6ecd6b06c2ed4,2017-08-24T07:25:44.000Z,0.00031,0xc8e080ecc59f87768ee722655e5d3b32161c81d8,sell,0x2a05d22db079bc40c2f77a1d1ff703a56e631cc1,0x9bd25a966e029159f6da751402f53cca78c1709b5ce5d2823bd9bc2875fe1d4c
349,596,0.29204,0xa409af565723a982f869d847f629c42d1c485ad4,2017-08-24T07:20:05.000Z,0.00049,0xef4f059c9eda832c5f5a5ecc7b17cee66189d96b,buy,0x2a05d22db079bc40c2f77a1d1ff703a56e631cc1,0xd1545a24c80d76875bec4a2b8556a165ca003a651d917ef2ae1d2206bd089008
350,60.43904731,0.0187361046661,0x0845ad270268891eb78c056035d6ecd6b06c2ed4,2017-08-24T07:13:44.000Z,0.00031,0xc8e080ecc59f87768ee722655e5d3b32161c81d8,sell,0x2a05d22db079bc40c2f77a1d1ff703a56e631cc1,0x21e65a235abe9d56d876ca2e0d5664997ec93212a0d58f85d5c156c7e3199895
351,4.00000308,0.0019600015092,0xa409af565723a982f869d847f629c42d1c485ad4,2017-08-24T07:09:31.000Z,0.00049,0xef4f059c9eda832c5f5a5ecc7b17cee66189d96b,buy,0x2a05d22db079bc40c2f77a1d1ff703a56e631cc1,0x0de694d5d5de24eb28ed011db4b12da115b951f2a8c8ec66fe90cec6fc0f34fa
352,1294,0.40761,0x0ce4b16411b408bc9f06d456175db3cc79b25299,2017-08-24T07:06:50.000Z,0.000315,0x7cc9ff2884524e6117535b55eef42fad906d58a1,sell,0x2a05d22db079bc40c2f77a1d1ff703a56e631cc1,0x8bfbaa19dd11cf432952de66ce4ba8e44ae4bf304869a41bf65825acc5942b7d
353,11,0.003465,0x0ce4b16411b408bc9f06d456175db3cc79b25299,2017-08-24T06:50:01.000Z,0.000315,0xc8e080ecc59f87768ee722655e5d3b32161c81d8,sell,0x2a05d22db079bc40c2f77a1d1ff703a56e631cc1,0xd28aa00e37408b27d5b623d69faf000c01c950aeab084787285a35fbc987866a
354,195,0.061425,0x0ce4b16411b408bc9f06d456175db3cc79b25299,2017-08-24T04:55:26.000Z,0.000315,0x8025fbd77a0d886fdfcfded324dca121ad73c3b2,sell,0x2a05d22db079bc40c2f77a1d1ff703a56e631cc1,0xfd27e9a123f3ccbb78dca68948f2a10c147ccdf630cf5d41344cac93011ed74c
355,50,0.035,0xeb9eb1f7efea8d9f4f90482a0ac8af2c902ac356,2017-08-24T00:08:36.000Z,0.0007,0x68b3948c0e4e19dc1da056f5491efd22278a9f48,buy,0x2a05d22db079bc40c2f77a1d1ff703a56e631cc1,0x4ac186181fcb0d0cb83821739b9a8626952fa403bbf318df7350f0a0b74a66c8
356,100,0.048,0xf886430d4dd16f0bd90a21a12d63a88bfac3a7ce,2017-08-23T22:49:17.000Z,0.00048,0x0ce4b16411b408bc9f06d456175db3cc79b25299,sell,0x2a05d22db079bc40c2f77a1d1ff703a56e631cc1,0xca41a6341e12a1d66bcaafd009135d2cc6ba6488c8cb3032eb0fffeca1cffe65
357,891.24160638,0.49374784993452,0x258e7b2ba394ef9a9aefa94b7952c0b35425d877,2017-08-23T22:49:17.000Z,0.000554,0x0ce4b16411b408bc9f06d456175db3cc79b25299,sell,0x2a05d22db079bc40c2f77a1d1ff703a56e631cc1,0xdfb12e978ee4796d64a6dea0f8fff9b57b2f2650ea6991f831520991f4ac1ee3
358,80.928,0.044874576,0xa3d559a26e0252266d4d43231d7c29707c76d8b0,2017-08-23T22:48:54.000Z,0.0005545,0x0ce4b16411b408bc9f06d456175db3cc79b25299,sell,0x2a05d22db079bc40c2f77a1d1ff703a56e631cc1,0x09e1f6e26d56ee6e4bb4ad6e6a98f023311b58e775836a888fdfffb6e08ed51e
359,452.404,0.25086254204,0x9609a78c065ac4b406aa6a5905240e59e52f1c8b,2017-08-23T22:48:38.000Z,0.00055451,0x0ce4b16411b408bc9f06d456175db3cc79b25299,sell,0x2a05d22db079bc40c2f77a1d1ff703a56e631cc1,0x7af0fa5cfa1cf3fac84d1314e4d70de6664c93340ab2f8590279781760a6021c
360,2491.05702735,1.3800455931519,0x258e7b2ba394ef9a9aefa94b7952c0b35425d877,2017-08-23T22:46:29.000Z,0.000554,0x75f157da5b8fe9cc61c40e8f9ba22d99cebc55d2,sell,0x2a05d22db079bc40c2f77a1d1ff703a56e631cc1,0x8d9c337473f64425ee735c423ac98dbf1f585e39101f4cd7e41c2981c6ef9bde
361,1993.04133146,1.10414489762884,0x258e7b2ba394ef9a9aefa94b7952c0b35425d877,2017-08-23T22:23:38.000Z,0.000554,0x75f157da5b8fe9cc61c40e8f9ba22d99cebc55d2,sell,0x2a05d22db079bc40c2f77a1d1ff703a56e631cc1,0x9f92923d9736c8e714ee1eaa8ed00583139e6a0838cd57049296d7538d96fee7
362,397.59586003,0.2204708803452353,0x9609a78c065ac4b406aa6a5905240e59e52f1c8b,2017-08-23T22:05:31.000Z,0.00055451,0x75f157da5b8fe9cc61c40e8f9ba22d99cebc55d2,sell,0x2a05d22db079bc40c2f77a1d1ff703a56e631cc1,0x8c590955364cfed594c377f1168209c0049b2a072f6b56015908cf842085111b
363,1000,0.55451,0x9609a78c065ac4b406aa6a5905240e59e52f1c8b,2017-08-23T19:36:04.000Z,0.00055451,0x14af12c11fa2fc702add3a5f65143bc1158871e4,sell,0x2a05d22db079bc40c2f77a1d1ff703a56e631cc1,0x913f14d1e4396482395bc8395bc374abce5f7b6992876cc1cfd579fc0a1aea2d
364,99.999,0.055499445,0xa409af565723a982f869d847f629c42d1c485ad4,2017-08-23T19:34:34.000Z,0.000555,0x14af12c11fa2fc702add3a5f65143bc1158871e4,sell,0x2a05d22db079bc40c2f77a1d1ff703a56e631cc1,0x528c054c66c8833c131077ab1238c042cf02ccfe6a5fe377d388d20dec4b8e25
365,32,0.0192,0x80614285b6c3e9718dc91d531994862109b2f62f,2017-08-23T13:12:12.000Z,0.0006,0xdbbae39c54992479faac890e81eb4d8579b951d6,sell,0x2a05d22db079bc40c2f77a1d1ff703a56e631cc1,0xccb7f24b83ccaf8e8f6b10df365a1a916cb14d1bf75f88f816cba4511a75d7dd
366,1884.07184329,1.044717837104305,0xa3d559a26e0252266d4d43231d7c29707c76d8b0,2017-08-23T11:34:27.000Z,0.0005545,0x75f157da5b8fe9cc61c40e8f9ba22d99cebc55d2,sell,0x2a05d22db079bc40c2f77a1d1ff703a56e631cc1,0x9be34b38a0b3d137daa8965df820050565192326a218a53a86785c7c6e3bd177
367,2124.66003481,1.17706165928474,0x258e7b2ba394ef9a9aefa94b7952c0b35425d877,2017-08-23T11:18:28.000Z,0.000554,0x75f157da5b8fe9cc61c40e8f9ba22d99cebc55d2,sell,0x2a05d22db079bc40c2f77a1d1ff703a56e631cc1,0x07ec6b34e599ba34baf0d7e4e3e06f405041d45a553dd98a1623847238efe8e8
368,38,0.0301568,0x80614285b6c3e9718dc91d531994862109b2f62f,2017-08-23T09:26:20.000Z,0.0007936,0xdbbae39c54992479faac890e81eb4d8579b951d6,sell,0x2a05d22db079bc40c2f77a1d1ff703a56e631cc1,0x366889b2030a89b269a997a309670f60ce133e30389525a29dff53a4a356725e
369,35,0.0194075,0xa3d559a26e0252266d4d43231d7c29707c76d8b0,2017-08-23T08:20:56.000Z,0.0005545,0xdbbae39c54992479faac890e81eb4d8579b951d6,sell,0x2a05d22db079bc40c2f77a1d1ff703a56e631cc1,0x362b71716e3ab42b6c2a7af4565d7368ab6d45640083fda220ffd2ed8f07db23
370,50,0.035,0x68b3948c0e4e19dc1da056f5491efd22278a9f48,2017-08-22T17:01:07.000Z,0.0007,0x3d47ac3dec4c882ed8523dbc022372215793064e,sell,0x2a05d22db079bc40c2f77a1d1ff703a56e631cc1,0xeefa541cabb388246c0088e8bf980f01afaa311c3f943da9ec20f0aa2e994d87
371,1000,1.4,0x3c95d3900d92b6bd1189a7f9751bb3bc4ff6e096,2017-08-22T14:51:25.000Z,0.0014,0xd09e4710d696a4ca4dad4b3d8b613e4b5d75900e,buy,0x2a05d22db079bc40c2f77a1d1ff703a56e631cc1,0x765a466066149be5c29ef58f95e7c7b87aeed81d572ddce560c584a14cef2c3f
372,7,0.0056,0x8a0dba845886cebf4aabaeb10248a8d73a15b9ff,2017-08-22T14:23:44.000Z,0.0008,0x105662547e77e5a98b86f65044a128688cf432e6,sell,0x2a05d22db079bc40c2f77a1d1ff703a56e631cc1,0xcc433e100436a6b2165fb500594fd3fbc6619ffe1fd8ba51b5eca8f5a1fe8caf
373,1500,1.215,0x1fdf047bf7a114b37e7936d01e9cad754ad18803,2017-08-22T14:23:33.000Z,0.00081,0x105662547e77e5a98b86f65044a128688cf432e6,sell,0x2a05d22db079bc40c2f77a1d1ff703a56e631cc1,0xabfc9856cf5a8c43c6727433316d992a90b8e04747e304efd41583817e3e93c5
374,500,0.4055,0x0ce4b16411b408bc9f06d456175db3cc79b25299,2017-08-22T14:20:42.000Z,0.000811,0x105662547e77e5a98b86f65044a128688cf432e6,sell,0x2a05d22db079bc40c2f77a1d1ff703a56e631cc1,0x5ad105f177635cb85c62c7f1ee51d3ea1a4430ebce2b02fb6a2daa9c0302e0c0
375,1671.626,1.4208821,0x0ce4b16411b408bc9f06d456175db3cc79b25299,2017-08-22T14:12:03.000Z,0.00085,0x105662547e77e5a98b86f65044a128688cf432e6,sell,0x2a05d22db079bc40c2f77a1d1ff703a56e631cc1,0xd8a663be74d7ced9538263e3175bcc97374e1ea80e8d295e881cb508b6024d32
376,328.37354474,0.279117513029,0x0ce4b16411b408bc9f06d456175db3cc79b25299,2017-08-22T11:28:21.000Z,0.00085,0x0797f6a5470181c8c0ecf713da4510fbc4731cf9,sell,0x2a05d22db079bc40c2f77a1d1ff703a56e631cc1,0x3452c0395e4e0e39dc6eb72ef7a8d1acff777c4c1e90d41b28a1b3c5501352db
377,74.489,0.0670401,0x0ce4b16411b408bc9f06d456175db3cc79b25299,2017-08-22T10:37:13.000Z,0.0009,0x0a8fb9e8a0ac1e94417e2efdce96315b28ccfe31,buy,0x2a05d22db079bc40c2f77a1d1ff703a56e631cc1,0x51c1358581a02ad52512fa8c815a5b1c666928c6d6fb1d469d2d404ecd9f9b19
378,5,0.00425,0xdbbae39c54992479faac890e81eb4d8579b951d6,2017-08-22T09:21:30.000Z,0.00085,0xd3f13d588d01d2f5ee11b5fc0e794e847b8ea591,sell,0x2a05d22db079bc40c2f77a1d1ff703a56e631cc1,0x0ed4268f91c7f5f37f1d2bdafe64a5a4b27175ae6c7b7cc08e036f002ce58f2f
379,82,0.0656,0x0ce4b16411b408bc9f06d456175db3cc79b25299,2017-08-22T09:21:30.000Z,0.0008,0xd3f13d588d01d2f5ee11b5fc0e794e847b8ea591,sell,0x2a05d22db079bc40c2f77a1d1ff703a56e631cc1,0x28ced357241ba255d0c61322e3f1899f4106a9734977ea5ddc8da94fcbd1e4c9
380,2000,1.5,0x0ce4b16411b408bc9f06d456175db3cc79b25299,2017-08-22T06:14:11.000Z,0.00075,0x87f1315509ef811a82404fd37170b1339dfa04c8,sell,0x2a05d22db079bc40c2f77a1d1ff703a56e631cc1,0xfed1a98f2e68b25d57aa51c6be9b42d43258c7da50f35c85ebe8ec4fbe9df3bf
381,100,0.09,0x35ca1f6ccca60fff19178af476ce18caa3a4a169,2017-08-22T03:07:25.000Z,0.0009,0x0a8fb9e8a0ac1e94417e2efdce96315b28ccfe31,buy,0x2a05d22db079bc40c2f77a1d1ff703a56e631cc1,0x9900d2650317b2807d1591071def6b472439c3e3eb18fc48ab48fd4165da016a
382,444.444,0.3999996,0x32ad720c6de7941785335653b1478024d8082470,2017-08-22T02:16:48.000Z,0.0009,0x0a8fb9e8a0ac1e94417e2efdce96315b28ccfe31,buy,0x2a05d22db079bc40c2f77a1d1ff703a56e631cc1,0x061374291780cef339b00985c9f12fa77b9e3b56c9427d367acba483561cbcff
383,166.667,0.1500003,0x32ad720c6de7941785335653b1478024d8082470,2017-08-22T01:39:32.000Z,0.0009,0x0a8fb9e8a0ac1e94417e2efdce96315b28ccfe31,buy,0x2a05d22db079bc40c2f77a1d1ff703a56e631cc1,0xdfbc0c89af45ac456148c21be810acbdaa7dd1dd72cf70032267422d7187ea81
384,105.882,0.0899997,0x32ad720c6de7941785335653b1478024d8082470,2017-08-22T01:33:27.000Z,0.00085,0xfd59e9d8d239dc37cbd96ba7e5ed6715107cad29,buy,0x2a05d22db079bc40c2f77a1d1ff703a56e631cc1,0x337a99d231f8b2e2a0736cd01ae3cc91d4e063d0ad8fbcdcd258f0668d207cb2
385,14.39980504,0.012959824543913867,0x14daaeaac002359fb6dd118485750411bdea9cba,2017-08-22T00:03:40.000Z,0.0009000000005495815,0x0a8fb9e8a0ac1e94417e2efdce96315b28ccfe31,buy,0x2a05d22db079bc40c2f77a1d1ff703a56e631cc1,0x46b8d0279b62a678c97208658ff81431657bc07a4552b497e55beb8d008f963e
386,0.703,0.00059755,0x5c4c5938d6b33ddc3a8067d939d5985b4233f568,2017-08-21T22:21:53.000Z,0.00085,0xdbbae39c54992479faac890e81eb4d8579b951d6,buy,0x2a05d22db079bc40c2f77a1d1ff703a56e631cc1,0xe7b9bc1674b4f66aabfe0590a8367ef91d99180d2daf80b345b083525a9e2547
387,0.02298468,0.000016089276,0x8c2d7828f9ebd238d7daea41146a4d87f59225e2,2017-08-21T22:04:07.000Z,0.0007,0xfd16dbcd788873363141b4c802f6ff380fcd629a,sell,0x2a05d22db079bc40c2f77a1d1ff703a56e631cc1,0xa8ebdc6e0cd1881d7d03f6fc5fb5ddb0d5938320713890edc83c55048873d942
388,3,0.006,0x475dd39661e867c5c83131e2f5c34da750602d51,2017-08-21T21:20:24.000Z,0.002,0x96b609d4d2fcc443c3afbc306e129f2445816c49,buy,0x2a05d22db079bc40c2f77a1d1ff703a56e631cc1,0x42a9bab7049f1f65c7439b3842b84fc845ecb0d78ee6483d9099ce02d204bbea
389,20,0.018,0x0ce4b16411b408bc9f06d456175db3cc79b25299,2017-08-21T20:21:53.000Z,0.0009,0xfd16dbcd788873363141b4c802f6ff380fcd629a,sell,0x2a05d22db079bc40c2f77a1d1ff703a56e631cc1,0x1de38094a99ab6080046a28adc12c6745ffa05272b65190c8485bcddd3fe8bfd
