,amount,amountBase,buyer,date,price,seller,side,tokenAddr,txHash
0,17.272,0.28101544,0x530efdab2d96eacd829eaf69278ed50e95a6d369,2017-11-02T10:36:06.000Z,0.01627,0xf5c710f1f151edba7f5b91ce5fd92440cbe7a8e0,sell,0xe814aee960a85208c3db542c53e7d4a6c8d5f60f,0x6c9e23d51cc1ab8f5e8b712d7b8b9c635882a0df1a2c66123cf72bf704d2696d
1,17.272,0.28101544,0x530efdab2d96eacd829eaf69278ed50e95a6d369,2017-11-02T10:35:55.000Z,0.01627,0xf5c710f1f151edba7f5b91ce5fd92440cbe7a8e0,sell,0xe814aee960a85208c3db542c53e7d4a6c8d5f60f,0x6c9e23d51cc1ab8f5e8b712d7b8b9c635882a0df1a2c66123cf72bf704d2696d
2,99.69095803010667,1.6219718871498354,0x530efdab2d96eacd829eaf69278ed50e95a6d369,2017-11-02T10:29:27.000Z,0.01627,0xdb2790babd053b21cf548077953a9f25d9de9e0c,sell,0xe814aee960a85208c3db542c53e7d4a6c8d5f60f,0x9cc69fb1fafe2a932f3ca179a2e3b15d8bd01d9038e627045dcae0c94e5bba4e
3,0.037,0.0005735,0x1d5321e125f6c7079a716705541c7b371ca79e69,2017-11-02T09:28:08.000Z,0.0155,0x8909e1a4f31fc2214ea6c4a917268b833b00c000,buy,0xe814aee960a85208c3db542c53e7d4a6c8d5f60f,0x84767287b4b4d3cb063f81cb00f31e761762da36c62bb5d80a485238be743dcf
4,0.036889332003988036,0.000600189431704885,0x530efdab2d96eacd829eaf69278ed50e95a6d369,2017-11-02T09:28:08.000Z,0.01626999999999999,0x1d5321e125f6c7079a716705541c7b371ca79e69,sell,0xe814aee960a85208c3db542c53e7d4a6c8d5f60f,0x84767287b4b4d3cb063f81cb00f31e761762da36c62bb5d80a485238be743dcf
5,0.029533372711163613,0.0005,0x4fda9e6bcd83af6c5cc771b5d20accc2b7720074,2017-11-02T09:21:34.000Z,0.01693,0x530efdab2d96eacd829eaf69278ed50e95a6d369,buy,0xe814aee960a85208c3db542c53e7d4a6c8d5f60f,0x3e74a041c8e07e81724a6089674699a7ac232fd8cb68725be579a657701f1bc0
6,0.029533372711163613,0.0005,0x3075f7f189912f4f425dd7021b9c396434197477,2017-11-02T09:20:35.000Z,0.01693,0x530efdab2d96eacd829eaf69278ed50e95a6d369,buy,0xe814aee960a85208c3db542c53e7d4a6c8d5f60f,0x7deeb72ff13e241d43573ddd1a2ed5c93006d6b3b39b2b4ed71a46868e9740c7
7,18,0.279,0x273a5d3e6721b9f5c1a6474f560c1334c63dda01,2017-11-02T06:20:21.000Z,0.0155,0x8909e1a4f31fc2214ea6c4a917268b833b00c000,buy,0xe814aee960a85208c3db542c53e7d4a6c8d5f60f,0x567bf7c19a61d5e00693d9f749d95a153e778e62b7ac35e583e04db3b8de0f81
8,60,0.93,0x273a5d3e6721b9f5c1a6474f560c1334c63dda01,2017-11-02T06:20:21.000Z,0.0155,0x8909e1a4f31fc2214ea6c4a917268b833b00c000,buy,0xe814aee960a85208c3db542c53e7d4a6c8d5f60f,0xe93c2e7b09a3fcecddaab528200d7ded127f8c3b5c0a39ae159dad4a87ad42a9
9,59.82,0.948147,0xf5c710f1f151edba7f5b91ce5fd92440cbe7a8e0,2017-11-02T06:20:21.000Z,0.01585,0x273a5d3e6721b9f5c1a6474f560c1334c63dda01,sell,0xe814aee960a85208c3db542c53e7d4a6c8d5f60f,0xe93c2e7b09a3fcecddaab528200d7ded127f8c3b5c0a39ae159dad4a87ad42a9
10,17.946,0.28462356,0xee8530fbfa970972d427aa8944b1f91ea3f80ad0,2017-11-02T06:20:21.000Z,0.01586,0x273a5d3e6721b9f5c1a6474f560c1334c63dda01,sell,0xe814aee960a85208c3db542c53e7d4a6c8d5f60f,0x567bf7c19a61d5e00693d9f749d95a153e778e62b7ac35e583e04db3b8de0f81
11,3.666452184603517,0.05811326712596575,0x1d5321e125f6c7079a716705541c7b371ca79e69,2017-11-02T03:27:52.000Z,0.01585,0x2ae0ada7738061d885a58dd22ff639594e9f19c8,buy,0xe814aee960a85208c3db542c53e7d4a6c8d5f60f,0x1be33b04374b1f697bae6ee7a991ebb312b6f69cd2e876df843d5cfdcefa8cc7
12,3.6554857274212536,0.058926433581516335,0x1e0c8da912b1b7cb93079d3fe578ee2590529d68,2017-11-02T03:27:52.000Z,0.016120001,0x1d5321e125f6c7079a716705541c7b371ca79e69,sell,0xe814aee960a85208c3db542c53e7d4a6c8d5f60f,0x1be33b04374b1f697bae6ee7a991ebb312b6f69cd2e876df843d5cfdcefa8cc7
13,5.045834056236056,0.08133884498652522,0x5dc5b2392567b6546f77f8fd7781f568e631b109,2017-11-02T02:56:07.000Z,0.01612,0x273a5d3e6721b9f5c1a6474f560c1334c63dda01,sell,0xe814aee960a85208c3db542c53e7d4a6c8d5f60f,0x8bb6f61f832eb1611f4cc36b8ab5b8992d75edbae61bd1e0c782208e375d6e25
14,5.061017107558732,0.0802171211548059,0x273a5d3e6721b9f5c1a6474f560c1334c63dda01,2017-11-02T02:56:07.000Z,0.01585,0x2ae0ada7738061d885a58dd22ff639594e9f19c8,buy,0xe814aee960a85208c3db542c53e7d4a6c8d5f60f,0x8bb6f61f832eb1611f4cc36b8ab5b8992d75edbae61bd1e0c782208e375d6e25
15,17.01141810387798,0.27388383147243545,0x5dc5b2392567b6546f77f8fd7781f568e631b109,2017-11-02T02:42:45.000Z,0.0161,0x273a5d3e6721b9f5c1a6474f560c1334c63dda01,sell,0xe814aee960a85208c3db542c53e7d4a6c8d5f60f,0x10298b63190be69fe0a9c9a115a3935fe3f6f17704ce72dc24c132963700e7a8
16,17.062605921642906,0.2712954341541222,0x273a5d3e6721b9f5c1a6474f560c1334c63dda01,2017-11-02T02:42:45.000Z,0.0159,0x2ae0ada7738061d885a58dd22ff639594e9f19c8,buy,0xe814aee960a85208c3db542c53e7d4a6c8d5f60f,0x10298b63190be69fe0a9c9a115a3935fe3f6f17704ce72dc24c132963700e7a8
17,65.19815128084801,1.0516461801600785,0x1eaa18a0e964d346f2b5182be3f97d7aab5145b9,2017-11-02T02:42:36.000Z,0.01613,0x273a5d3e6721b9f5c1a6474f560c1334c63dda01,sell,0xe814aee960a85208c3db542c53e7d4a6c8d5f60f,0x12061837dd90b1486f82e9d88ecfa6d9777aa0fa42585c1680dfa270ba2e8ccd
18,200,3.18,0x273a5d3e6721b9f5c1a6474f560c1334c63dda01,2017-11-02T02:42:36.000Z,0.0159,0x2ae0ada7738061d885a58dd22ff639594e9f19c8,buy,0xe814aee960a85208c3db542c53e7d4a6c8d5f60f,0x6b0abaf2b2e53b5f569eb374c0932aece68a8570a19165ad88c9d7b1c63b75a7
19,199.4,3.214328,0x1eaa18a0e964d346f2b5182be3f97d7aab5145b9,2017-11-02T02:42:36.000Z,0.01612,0x273a5d3e6721b9f5c1a6474f560c1334c63dda01,sell,0xe814aee960a85208c3db542c53e7d4a6c8d5f60f,0x6b0abaf2b2e53b5f569eb374c0932aece68a8570a19165ad88c9d7b1c63b75a7
20,138.8480510417705,2.207684011564151,0x273a5d3e6721b9f5c1a6474f560c1334c63dda01,2017-11-02T02:42:36.000Z,0.0159,0x2ae0ada7738061d885a58dd22ff639594e9f19c8,buy,0xe814aee960a85208c3db542c53e7d4a6c8d5f60f,0x7052fbd3cb58a557ba2fc566b1c5a5273a344a7358be6b9e3ab297e74dfd17f5
21,138.4315068886452,2.2329008982713816,0xfac07e20a69314cdcd3cb84f51a021b1ac2e6d2a,2017-11-02T02:42:36.000Z,0.016130005,0x273a5d3e6721b9f5c1a6474f560c1334c63dda01,sell,0xe814aee960a85208c3db542c53e7d4a6c8d5f60f,0x7052fbd3cb58a557ba2fc566b1c5a5273a344a7358be6b9e3ab297e74dfd17f5
22,250,3.975,0x273a5d3e6721b9f5c1a6474f560c1334c63dda01,2017-11-02T02:42:36.000Z,0.0159,0x2ae0ada7738061d885a58dd22ff639594e9f19c8,buy,0xe814aee960a85208c3db542c53e7d4a6c8d5f60f,0x09df6984d9587fa2d493e54f1d9b4ef5810df80b3aab61e7d214cbc2e7b8f45a
23,249.25,4.01791024925,0x1e0c8da912b1b7cb93079d3fe578ee2590529d68,2017-11-02T02:42:36.000Z,0.016120001,0x273a5d3e6721b9f5c1a6474f560c1334c63dda01,sell,0xe814aee960a85208c3db542c53e7d4a6c8d5f60f,0x09df6984d9587fa2d493e54f1d9b4ef5810df80b3aab61e7d214cbc2e7b8f45a
24,65.39433428369911,1.0397699151108157,0x273a5d3e6721b9f5c1a6474f560c1334c63dda01,2017-11-02T02:42:36.000Z,0.0159,0x2ae0ada7738061d885a58dd22ff639594e9f19c8,buy,0xe814aee960a85208c3db542c53e7d4a6c8d5f60f,0x12061837dd90b1486f82e9d88ecfa6d9777aa0fa42585c1680dfa270ba2e8ccd
25,31.488386003389493,0.5079078236766025,0xfac07e20a69314cdcd3cb84f51a021b1ac2e6d2a,2017-11-02T02:34:55.000Z,0.016130005,0xbc4d89c78464e0442ee521cd8435687d7604954e,sell,0xe814aee960a85208c3db542c53e7d4a6c8d5f60f,0x248ed210dade40aecf21b4f33b7068386ec5019551bd4e8f129a12e384c91c43
26,19.938982892441267,0.32141640422615325,0x5dc5b2392567b6546f77f8fd7781f568e631b109,2017-11-02T01:15:57.000Z,0.01612,0x1044fa07f1ba1a374a85845d3f733f84f6583669,sell,0xe814aee960a85208c3db542c53e7d4a6c8d5f60f,0x3f2693a12867366bc2f9a48cecc1867586c78df66f88f8bca03320f4a74eea58
27,0.463562954839996,0.007477272779383909,0xfac07e20a69314cdcd3cb84f51a021b1ac2e6d2a,2017-11-02T01:05:17.000Z,0.016130005,0xa54ffa43d11698bc300d924781518b71dd10f0a8,sell,0xe814aee960a85208c3db542c53e7d4a6c8d5f60f,0xda7957b737c33cd1455948ce70939acad06888a2c89a76edda919f5ccb740ce6
28,7.937394078357093,0.1277920446615492,0x5dc5b2392567b6546f77f8fd7781f568e631b109,2017-11-02T00:52:21.000Z,0.0161,0x1044fa07f1ba1a374a85845d3f733f84f6583669,sell,0xe814aee960a85208c3db542c53e7d4a6c8d5f60f,0x66dea7f81b2403733dae45a259a571423ad51a37bce1be78894b488ff727c915
29,1.1,0.01958,0x530efdab2d96eacd829eaf69278ed50e95a6d369,2017-11-01T23:49:02.000Z,0.0178,0xfbf7dc0756a9768d0c71aea5f8421f3b1eaee7d1,buy,0xe814aee960a85208c3db542c53e7d4a6c8d5f60f,0x5da03a229cc9a4cd88bb243a2638d60d68accbdc0b3909f216f5ee7da0210030
30,134.6056657163009,2.1711893880039335,0x1eaa18a0e964d346f2b5182be3f97d7aab5145b9,2017-11-01T22:53:47.000Z,0.01613,0x1c311e166e62e1d4d480cf14b066533764697b65,sell,0xe814aee960a85208c3db542c53e7d4a6c8d5f60f,0xbb4170f2450a3c2aaf242c5a9365c8cc3f2e345fc9defaac2ce4ba7fed53d7f5
31,80,1.296,0xfbf7dc0756a9768d0c71aea5f8421f3b1eaee7d1,2017-11-01T22:51:08.000Z,0.0162,0x1c311e166e62e1d4d480cf14b066533764697b65,sell,0xe814aee960a85208c3db542c53e7d4a6c8d5f60f,0xfe5fbdfa1ace2d1acec0ac5bc008d2df6b1def2d6c16ac3bdfd62c6cfaadb9ef
32,160,2.87199968,0x89308bddb22a167ccf4e4063d91d1e87658a6c51,2017-11-01T21:53:19.000Z,0.017949998,0x010e558124ba13cfa19a66ce38504151cc6a4634,buy,0xe814aee960a85208c3db542c53e7d4a6c8d5f60f,0xe5fd624043a8f2904f072da4971b80e3ca9a21f26882407abec7cf980e514ddd
33,160,2.87199968,0x89308bddb22a167ccf4e4063d91d1e87658a6c51,2017-11-01T21:52:36.000Z,0.017949998,0x010e558124ba13cfa19a66ce38504151cc6a4634,buy,0xe814aee960a85208c3db542c53e7d4a6c8d5f60f,0xe5fd624043a8f2904f072da4971b80e3ca9a21f26882407abec7cf980e514ddd
34,8,0.1292,0xee8530fbfa970972d427aa8944b1f91ea3f80ad0,2017-11-01T17:31:47.000Z,0.01615,0x27091a6b3ec0c07fc1ae4b3b7062224b0303ec02,sell,0xe814aee960a85208c3db542c53e7d4a6c8d5f60f,0x6bc5896e1d688c116e8590b258d3c7e89e6e450d065e15712739821de2400b0e
35,0.074,0.0012284,0x21cca8a1841495bc071dceb4869e5d906583b0b8,2017-11-01T12:30:58.000Z,0.0166,0xf5c710f1f151edba7f5b91ce5fd92440cbe7a8e0,sell,0xe814aee960a85208c3db542c53e7d4a6c8d5f60f,0xd68deeeac901a9b7ed6e3b43b6cb7da5dcae063a392c87d3fa2f69b955bcddf3
36,3.21,0.053607,0x21cca8a1841495bc071dceb4869e5d906583b0b8,2017-11-01T12:29:43.000Z,0.0167,0xf5c710f1f151edba7f5b91ce5fd92440cbe7a8e0,sell,0xe814aee960a85208c3db542c53e7d4a6c8d5f60f,0xd44d7261facba870f086c6776ee4856356befa4043b2a92e436969a207aa6ff0
37,10,0.167,0x26d459c36daa5105084e70e7213e62b867d5d94b,2017-11-01T06:34:46.000Z,0.0167,0xdf63ba615e42aa6fc37833ea66d1f554f9523bf2,sell,0xe814aee960a85208c3db542c53e7d4a6c8d5f60f,0x046411da377461dadd25674a66db5f657d89d84473de61302ca3afa3db470f8c
38,41.714,0.7591948,0x74b8efe0f2a1b46a244bb3d036f91667c2f44266,2017-11-01T03:05:12.000Z,0.0182,0x1e0c8da912b1b7cb93079d3fe578ee2590529d68,sell,0xe814aee960a85208c3db542c53e7d4a6c8d5f60f,0x88071981f99d5bd556ff649d0051301c51cf3ed17bd476fce61173848af2fb4c
39,0.1,0.00182,0x530efdab2d96eacd829eaf69278ed50e95a6d369,2017-10-31T21:11:25.000Z,0.0182,0x21cca8a1841495bc071dceb4869e5d906583b0b8,buy,0xe814aee960a85208c3db542c53e7d4a6c8d5f60f,0xd84ec3044aaeb7ee9b57d5c198effb4c5290ca2d4e637df2d0387e205efb36ff
40,51.95453273154105,0.9092043228019684,0x530efdab2d96eacd829eaf69278ed50e95a6d369,2017-10-31T21:00:44.000Z,0.0175,0x1e0c8da912b1b7cb93079d3fe578ee2590529d68,sell,0xe814aee960a85208c3db542c53e7d4a6c8d5f60f,0x302a70d1dd89bc9787df0a02d4c8dc84304dbb5c6257d7ed8735a7a9bddfb51e
41,48.762,0.91136178,0x41fa6f20d83c539026d77bad0e9e2e965b81cca7,2017-10-31T20:35:12.000Z,0.01869,0x530efdab2d96eacd829eaf69278ed50e95a6d369,buy,0xe814aee960a85208c3db542c53e7d4a6c8d5f60f,0x6a1a692de20506bc01be6bdef62435d8089b45911f40b8977a6c9cfce03b5e6d
42,95,1.7764981,0x41fa6f20d83c539026d77bad0e9e2e965b81cca7,2017-10-31T20:33:47.000Z,0.01869998,0x010e558124ba13cfa19a66ce38504151cc6a4634,buy,0xe814aee960a85208c3db542c53e7d4a6c8d5f60f,0x3d171777a836198d7f1c852830e6a06f9e42bff5f8ff2770056f185047c468c5
43,10,0.1819,0x41fa6f20d83c539026d77bad0e9e2e965b81cca7,2017-10-31T20:33:06.000Z,0.01819,0x26d459c36daa5105084e70e7213e62b867d5d94b,buy,0xe814aee960a85208c3db542c53e7d4a6c8d5f60f,0xf442df2e0bb2dae669ec1916a5a56de9e1b7d47a482bfedbe673c55237982a86
44,1.0045213684325882,0.01762935001599192,0x90488b5560388742b8abae9d152e263d27660359,2017-10-31T20:25:02.000Z,0.01755,0xfbf7dc0756a9768d0c71aea5f8421f3b1eaee7d1,buy,0xe814aee960a85208c3db542c53e7d4a6c8d5f60f,0x5ea2d4370e3ea1e48bb18071045c3068211c29619bfc20833f13af6b02626301
45,1.5,0.02625,0x90488b5560388742b8abae9d152e263d27660359,2017-10-31T20:23:53.000Z,0.0175,0x21cca8a1841495bc071dceb4869e5d906583b0b8,buy,0xe814aee960a85208c3db542c53e7d4a6c8d5f60f,0x00abd11cdb5f3a9edc420118b4589495d6f72aafcbb3414e70801195ed1d6436
46,38.91547863156741,0.682966649984008,0x530efdab2d96eacd829eaf69278ed50e95a6d369,2017-10-31T18:52:04.000Z,0.01755,0xfbf7dc0756a9768d0c71aea5f8421f3b1eaee7d1,buy,0xe814aee960a85208c3db542c53e7d4a6c8d5f60f,0x640faabd92c900f978c4565b0e7388e17081d1eb2a08f500870f3a70a9a6017f
47,0.08,0.001404,0x0b773d7819259d78757b26dc4148812d35676d8f,2017-10-31T14:35:41.000Z,0.01755,0xfbf7dc0756a9768d0c71aea5f8421f3b1eaee7d1,buy,0xe814aee960a85208c3db542c53e7d4a6c8d5f60f,0x5d98b73c3737dfb574af8eb7fbcb4fa4b7f76421b3c452355178fbfb3caebc13
48,40,0.628,0xfbf7dc0756a9768d0c71aea5f8421f3b1eaee7d1,2017-10-31T11:37:40.000Z,0.0157,0x578ed293fbbaddad46a9a73ba0b35fb115f12aa3,sell,0xe814aee960a85208c3db542c53e7d4a6c8d5f60f,0xf12487e3add5bb1229bf967fca2ee0ef186328dbe00c47165866cef471b073bf
49,14.499,0.2537325,0x21cca8a1841495bc071dceb4869e5d906583b0b8,2017-10-31T07:39:29.000Z,0.0175,0x1e0c8da912b1b7cb93079d3fe578ee2590529d68,sell,0xe814aee960a85208c3db542c53e7d4a6c8d5f60f,0xd182e99e270fe5b9e138985c252fe56995bfba8f76d1c7ce7fafa76fe508c292
50,29,0.5104,0x26d459c36daa5105084e70e7213e62b867d5d94b,2017-10-31T07:39:29.000Z,0.0176,0x1e0c8da912b1b7cb93079d3fe578ee2590529d68,sell,0xe814aee960a85208c3db542c53e7d4a6c8d5f60f,0x84fd48c97e5300b68574d5853dc7e8d5db173ba6cb85c11edd2301fc5b5bfe97
51,6,0.1056,0x26d459c36daa5105084e70e7213e62b867d5d94b,2017-10-31T07:13:15.000Z,0.0176,0x27091a6b3ec0c07fc1ae4b3b7062224b0303ec02,sell,0xe814aee960a85208c3db542c53e7d4a6c8d5f60f,0x2e65df8d470014900955cf785e011b44f29368a3284dc272c3a0f151b99c2d21
52,7.9749495232895,0.14913155608551365,0x70fd83377271a7ec574bc07da365d0805b70da34,2017-10-31T04:30:23.000Z,0.0187,0xf5c710f1f151edba7f5b91ce5fd92440cbe7a8e0,sell,0xe814aee960a85208c3db542c53e7d4a6c8d5f60f,0xcdf6252b0533cbb0edd1394a01de2b76c5c3170afe74ed8dc724d3ef199daa56
53,0.0250504767105,0.00046844391448635,0x70fd83377271a7ec574bc07da365d0805b70da34,2017-10-31T04:06:29.000Z,0.0187,0xe444a40689f51f63bcd29910622035707d533d29,sell,0xe814aee960a85208c3db542c53e7d4a6c8d5f60f,0xa5974e87021c734a993d5c618190e0d3ada306d7e7c36014169c6ff1ad255dfb
54,77,1.447599923,0xc048adb06995b326d38f06695e97abfe6bc7269f,2017-10-31T01:21:15.000Z,0.018799999,0x010e558124ba13cfa19a66ce38504151cc6a4634,buy,0xe814aee960a85208c3db542c53e7d4a6c8d5f60f,0xfaac1ddf1969bf5ec9074b4bd04f5e28d81fb01994fcdfc0ef81591d935bcac9
55,28,0.525,0xc048adb06995b326d38f06695e97abfe6bc7269f,2017-10-31T01:15:49.000Z,0.01875,0x26d459c36daa5105084e70e7213e62b867d5d94b,buy,0xe814aee960a85208c3db542c53e7d4a6c8d5f60f,0x1029e5227b1d57bc31071146580c54527dc46d30c19897d1d11681975aa64937
56,60,1.122,0xc048adb06995b326d38f06695e97abfe6bc7269f,2017-10-31T01:15:13.000Z,0.0187,0xfbf7dc0756a9768d0c71aea5f8421f3b1eaee7d1,buy,0xe814aee960a85208c3db542c53e7d4a6c8d5f60f,0x6d5f4d3224ff3697edf703ce323c103bf27bbb2d491d366983cf5ab46d21916c
57,15,0.2805,0xc048adb06995b326d38f06695e97abfe6bc7269f,2017-10-31T01:04:23.000Z,0.0187,0x21cca8a1841495bc071dceb4869e5d906583b0b8,buy,0xe814aee960a85208c3db542c53e7d4a6c8d5f60f,0x36046955fc86796ed636b2e35b00298fb6ec33c35b78abe9228e630c8c96cdcf
58,166.8688386750384,2.73664895427063,0xc048adb06995b326d38f06695e97abfe6bc7269f,2017-10-31T01:02:42.000Z,0.0164,0xd682f76655d573b7b913e7104ddb1eca6b401a6d,buy,0xe814aee960a85208c3db542c53e7d4a6c8d5f60f,0x3876ce831a37855f3b560f2c73f36ab7cb2c86a384528f66fc3a061bcb46d7fe
59,43.43116132496159,0.7122710457293702,0xf5c710f1f151edba7f5b91ce5fd92440cbe7a8e0,2017-10-30T23:29:23.000Z,0.0164,0xd682f76655d573b7b913e7104ddb1eca6b401a6d,buy,0xe814aee960a85208c3db542c53e7d4a6c8d5f60f,0xf759684bfa666363ad297be4317687320d76bea9cb17e2ac833f0c46f97a86c5
60,119.7,1.96308,0x585f0c29d96c6a979a362c7e1b9b0a98c842f0b7,2017-10-30T23:19:55.000Z,0.0164,0xd682f76655d573b7b913e7104ddb1eca6b401a6d,buy,0xe814aee960a85208c3db542c53e7d4a6c8d5f60f,0x02a22c84b4c53aa996a59423906682e408980ccde0cc10ad71886e08694a306b
61,0.192,0.003264,0x21cca8a1841495bc071dceb4869e5d906583b0b8,2017-10-30T22:20:50.000Z,0.017,0xf5c710f1f151edba7f5b91ce5fd92440cbe7a8e0,sell,0xe814aee960a85208c3db542c53e7d4a6c8d5f60f,0x1fc31952716fbd80e6817090539075798297eac7d8e8be945b276e9cd182c05c
62,43.36373242946865,0.7111652205160323,0x1e2504c23311522b54968d5a2bcef9c2951483a8,2017-10-30T22:20:27.000Z,0.0164000002,0xf5c710f1f151edba7f5b91ce5fd92440cbe7a8e0,sell,0xe814aee960a85208c3db542c53e7d4a6c8d5f60f,0xf7b2f40ea339673f67d2d89997f44ff9ee2d3c992ba144dc3b62c0e1d5028f7e
63,5,0.09375,0xe58ea8a73b6d7386fbb397d155b3e979d3c65187,2017-10-30T22:07:58.000Z,0.01875,0x26d459c36daa5105084e70e7213e62b867d5d94b,buy,0xe814aee960a85208c3db542c53e7d4a6c8d5f60f,0xf2d3f7c2fe929e39c777bf32ee8dfefcf67b653dd9d2e0aa44b967fb693a35db
64,0.00052200853060825,0.000009135149285644,0x21cca8a1841495bc071dceb4869e5d906583b0b8,2017-10-30T16:25:37.000Z,0.01749999999999928,0xba2b7c60111387f6253704f9edc6417c6a6c1429,sell,0xe814aee960a85208c3db542c53e7d4a6c8d5f60f,0xcc07260e105f58b3172d3903962e36d18e7df5520e591b0edb107149ca9a6fc9
65,5.236267570531353,0.0858747892039677,0x1e2504c23311522b54968d5a2bcef9c2951483a8,2017-10-30T16:22:58.000Z,0.0164000002,0xba2b7c60111387f6253704f9edc6417c6a6c1429,sell,0xe814aee960a85208c3db542c53e7d4a6c8d5f60f,0xde260b2dabca013525d9cc0a661813e6c1e2151f1a895aafc11b7edb16ea392d
66,20,0.340002,0xee8530fbfa970972d427aa8944b1f91ea3f80ad0,2017-10-30T16:17:11.000Z,0.0170001,0xba2b7c60111387f6253704f9edc6417c6a6c1429,sell,0xe814aee960a85208c3db542c53e7d4a6c8d5f60f,0x4721bc34b8992359bbc6872cf55aeed57c5562981a6468ea33c3f0d4d6dbb886
67,12.5,0.22,0xd5853859ce79f92f204c1bdfc1b4f5ec5b27e7b7,2017-10-30T16:14:54.000Z,0.0176,0xba2b7c60111387f6253704f9edc6417c6a6c1429,sell,0xe814aee960a85208c3db542c53e7d4a6c8d5f60f,0x69c8f1fd7029fa84eb7adcae84fddd795e6c7a11e410881fdad75e0418d86a1d
68,14.3,0.25311,0x21cca8a1841495bc071dceb4869e5d906583b0b8,2017-10-30T14:32:42.000Z,0.0177,0x1e0c8da912b1b7cb93079d3fe578ee2590529d68,sell,0xe814aee960a85208c3db542c53e7d4a6c8d5f60f,0x832a9a44e4dd1d9db981d730250952a04ba0a4088f2289370ee6de515db32f87
69,18.087988783008544,0.3183486025809504,0x1e0c8da912b1b7cb93079d3fe578ee2590529d68,2017-10-30T14:30:34.000Z,0.0176,0x3cd12e9aed1361c6af4f5e5ae60345a894765781,buy,0xe814aee960a85208c3db542c53e7d4a6c8d5f60f,0xca866db48c1b2c51a1d698492b604405e3bbea88e981804e715d0d8957de6122
70,28.33264494255254,0.49865455098892475,0xf5c710f1f151edba7f5b91ce5fd92440cbe7a8e0,2017-10-30T13:47:56.000Z,0.0176,0x3cd12e9aed1361c6af4f5e5ae60345a894765781,buy,0xe814aee960a85208c3db542c53e7d4a6c8d5f60f,0xfcf117a1f5038c4086c7f30cc5307d38dc20ce08ca0a03e76797390094a01d59
71,29,0.5104,0x1e0c8da912b1b7cb93079d3fe578ee2590529d68,2017-10-30T13:08:57.000Z,0.0176,0x3cd12e9aed1361c6af4f5e5ae60345a894765781,buy,0xe814aee960a85208c3db542c53e7d4a6c8d5f60f,0xe69e05d6a6e9a951d2fccd33085ad13f7b0ac3516326a5bdf35a1276cb2125a3
72,200,3.5,0xf5c710f1f151edba7f5b91ce5fd92440cbe7a8e0,2017-10-30T13:00:53.000Z,0.0175,0xdebed054ba938043d0aee3184265cc909dbaf184,sell,0xe814aee960a85208c3db542c53e7d4a6c8d5f60f,0x4bac4cc654e5f45d1e59668b19e15539153a40764ceea12fb2935b5b8f4de4cd
73,47.6401130446044,0.8384659895850374,0x530efdab2d96eacd829eaf69278ed50e95a6d369,2017-10-30T12:56:35.000Z,0.0176,0x3cd12e9aed1361c6af4f5e5ae60345a894765781,buy,0xe814aee960a85208c3db542c53e7d4a6c8d5f60f,0xaa80ebe964242e4bb445d0c9433eedd8e530a1a17b96a141565683b562cd8167
74,46.93925322983451,0.8261308568450875,0x26d459c36daa5105084e70e7213e62b867d5d94b,2017-10-30T12:55:42.000Z,0.0176,0x3cd12e9aed1361c6af4f5e5ae60345a894765781,buy,0xe814aee960a85208c3db542c53e7d4a6c8d5f60f,0x1645e1401e3d844a46ea10deed90565d915311de77c0010f9db5054956ac6bb5
75,66.48431040245816,1.1634754985273281,0x1e0c8da912b1b7cb93079d3fe578ee2590529d68,2017-10-30T06:20:12.000Z,0.017500001,0x6d08ede81a4c0b8a763730f11be0e3539ab9332f,sell,0xe814aee960a85208c3db542c53e7d4a6c8d5f60f,0xdd792104e8804c69a81219b7b3fa38ee2993376a90a7608fcb623b5b3b32c8d4
76,52.9706762066742,0.932283901237466,0x26d459c36daa5105084e70e7213e62b867d5d94b,2017-10-30T06:18:28.000Z,0.0176,0x6d08ede81a4c0b8a763730f11be0e3539ab9332f,sell,0xe814aee960a85208c3db542c53e7d4a6c8d5f60f,0xe538daac1e54e4ce49e39f160700255f190aac427f956e115283badce0fa7c22
77,60,1.059,0xfbf7dc0756a9768d0c71aea5f8421f3b1eaee7d1,2017-10-30T06:17:20.000Z,0.01765,0x6d08ede81a4c0b8a763730f11be0e3539ab9332f,sell,0xe814aee960a85208c3db542c53e7d4a6c8d5f60f,0x38f0112569aa2e6c75b8c0c06998b162d9ff458c4b5c61d02c2dbae168dbc81b
78,73.4,1.4313,0x41fa6f20d83c539026d77bad0e9e2e965b81cca7,2017-10-30T03:05:56.000Z,0.0195,0x0006e4548aed4502ec8c844567840ce6ef1013f5,buy,0xe814aee960a85208c3db542c53e7d4a6c8d5f60f,0xde8c3272bc9861f4dbecc3a3f86673b2bdb803d0742390aa9b7d98139cdaf3b0
79,16.693786852320034,0.32385944824122187,0x41fa6f20d83c539026d77bad0e9e2e965b81cca7,2017-10-30T03:02:39.000Z,0.019399999,0xd990b20677084e0ecc854a956cb15a401515dfe8,buy,0xe814aee960a85208c3db542c53e7d4a6c8d5f60f,0xc78dfd4f4f9c377667fed287a153bb4fe1d8a34c0a42a04bef210143aa1ddd4a
80,60,1.161,0x41fa6f20d83c539026d77bad0e9e2e965b81cca7,2017-10-30T03:01:33.000Z,0.01935,0xfbf7dc0756a9768d0c71aea5f8421f3b1eaee7d1,buy,0xe814aee960a85208c3db542c53e7d4a6c8d5f60f,0x3b141159d0483fdb4bb22c469cae033299af0a0ba9d3a9e65898970c7bb7a567
81,0.0250630712186,0.000438603771388571,0x1e0c8da912b1b7cb93079d3fe578ee2590529d68,2017-10-30T02:13:20.000Z,0.01750000099999999,0x16e5d97bbc92417e051e3b2cabfbf8ceea2acb9c,sell,0xe814aee960a85208c3db542c53e7d4a6c8d5f60f,0x0e61e3549e8f83a2c8953fbbda82633219d2ad56d392519d26bdb750182c381b
82,0.0293237933258,0.00051609876253408,0x26d459c36daa5105084e70e7213e62b867d5d94b,2017-10-30T02:09:51.000Z,0.0176,0x379374d13077e8867ef31803c37baf9785a17c00,sell,0xe814aee960a85208c3db542c53e7d4a6c8d5f60f,0xdfc4b74ea97574226fb9e5e2d149710abb433e43641ed039ab82a240a01b90fa
83,20.3,0.3938199797,0x585f0c29d96c6a979a362c7e1b9b0a98c842f0b7,2017-10-29T22:16:24.000Z,0.019399999,0xd990b20677084e0ecc854a956cb15a401515dfe8,buy,0xe814aee960a85208c3db542c53e7d4a6c8d5f60f,0x22675b0db2e9f5c36fc46be9053770ca4e80f48b9081cab0b99c36ebe59d692b
84,0.505,0.00909,0x585f0c29d96c6a979a362c7e1b9b0a98c842f0b7,2017-10-29T22:14:28.000Z,0.018,0xcf45bf426dd8a84aec6767f0103784d99adbf215,buy,0xe814aee960a85208c3db542c53e7d4a6c8d5f60f,0x05738f6fb7e55014fe5c1f5e6d9dcc5cf8a13c90ed770bac456d5e35d4f6c78c
85,23.9258299272256,0.40673913268866513,0x1e0c8da912b1b7cb93079d3fe578ee2590529d68,2017-10-29T20:04:53.000Z,0.017000001,0x4d8063b39be029c9cd2f9d1e2e19d04ca2ce4a27,sell,0xe814aee960a85208c3db542c53e7d4a6c8d5f60f,0x5c339d4dd0951dc51184b3da39e1229a3efbff076106fb7b2b8ed146bc2cc1d7
86,0.39235948087497,0.007611773536614938,0x585f0c29d96c6a979a362c7e1b9b0a98c842f0b7,2017-10-29T18:00:41.000Z,0.019399999,0xd990b20677084e0ecc854a956cb15a401515dfe8,buy,0xe814aee960a85208c3db542c53e7d4a6c8d5f60f,0x3ab4289c3fb0324670e592b79cbebeb0a579e3266628233db7a84f932be0e80a
87,51,0.989399949,0x585f0c29d96c6a979a362c7e1b9b0a98c842f0b7,2017-10-29T17:59:34.000Z,0.019399999,0xd990b20677084e0ecc854a956cb15a401515dfe8,buy,0xe814aee960a85208c3db542c53e7d4a6c8d5f60f,0xdfa92dae584c623af71ab07835c31de7abefa9420461b36040b8e8f40035523d
88,33.62585366680499,0.6523415275101632,0x530efdab2d96eacd829eaf69278ed50e95a6d369,2017-10-29T17:47:58.000Z,0.019399999,0xd990b20677084e0ecc854a956cb15a401515dfe8,buy,0xe814aee960a85208c3db542c53e7d4a6c8d5f60f,0x1ef9b1ad1941f63d12e4b4f3137601fed31f50344ac7817436f1c25fc4be3e31
89,10.935746618911715,0.19574986447851972,0x530efdab2d96eacd829eaf69278ed50e95a6d369,2017-10-29T17:45:54.000Z,0.0179,0x87351bcf45b6e2ec873ce21ce2f20a5cf412a084,buy,0xe814aee960a85208c3db542c53e7d4a6c8d5f60f,0x20fdf754f2e11d237bd33925b250a60f0b7a2840eba822ec0b5e730322f9518d
90,0.06425338108828448,0.001150135521480292,0x1d5321e125f6c7079a716705541c7b371ca79e69,2017-10-29T16:40:37.000Z,0.0179,0x87351bcf45b6e2ec873ce21ce2f20a5cf412a084,buy,0xe814aee960a85208c3db542c53e7d4a6c8d5f60f,0x2b03b9c7d0919b6e89f861b5fc24d33a3d628147f41e6a752ecb90cedfa3f506
91,0.06406119749579707,0.001172960526148044,0x585f0c29d96c6a979a362c7e1b9b0a98c842f0b7,2017-10-29T16:40:37.000Z,0.018309999999999993,0x1d5321e125f6c7079a716705541c7b371ca79e69,sell,0xe814aee960a85208c3db542c53e7d4a6c8d5f60f,0x2b03b9c7d0919b6e89f861b5fc24d33a3d628147f41e6a752ecb90cedfa3f506
92,14.5,0.2827499855,0x585f0c29d96c6a979a362c7e1b9b0a98c842f0b7,2017-10-29T16:39:43.000Z,0.019499999,0xd990b20677084e0ecc854a956cb15a401515dfe8,buy,0xe814aee960a85208c3db542c53e7d4a6c8d5f60f,0x1e057b665f630794ab2ad4d094c42115ac38b5528e47d7bcd3d714b3dbb3f60f
93,4,0.076,0x585f0c29d96c6a979a362c7e1b9b0a98c842f0b7,2017-10-29T16:37:52.000Z,0.019,0x21cca8a1841495bc071dceb4869e5d906583b0b8,buy,0xe814aee960a85208c3db542c53e7d4a6c8d5f60f,0xe3fd568c5840c3607d7fea1fda4d40cd0caf5a5e6f9de0869626ad84f5863417
94,19.86905207138539,0.31989175821835686,0x1e0c8da912b1b7cb93079d3fe578ee2590529d68,2017-10-29T07:44:16.000Z,0.016100001,0x2fdc276dc5c8392a790c99065b11433276e3edea,sell,0xe814aee960a85208c3db542c53e7d4a6c8d5f60f,0xa3d672f2fdfefc3a4c41a1f3c7f9122c0d8dae89fe5f3b723a03893a5d56ed2c
95,45.8,0.7786,0x530efdab2d96eacd829eaf69278ed50e95a6d369,2017-10-29T07:42:45.000Z,0.017,0x2fdc276dc5c8392a790c99065b11433276e3edea,sell,0xe814aee960a85208c3db542c53e7d4a6c8d5f60f,0xb3eff8f1e09f44eec3e0aa569e98a219d5c7dcc603a42083ed0663f40d51be20
96,15,0.26775,0xf62c216cbb69e509c1796a848ddb3322b03ecde2,2017-10-29T04:59:59.000Z,0.01785,0x1e0c8da912b1b7cb93079d3fe578ee2590529d68,sell,0xe814aee960a85208c3db542c53e7d4a6c8d5f60f,0x4a82fa14dd58d2998be6cded0e7b30d0875fcdccb42b37404d47d3f2e18a3fe2
97,60,1.08,0xfbf7dc0756a9768d0c71aea5f8421f3b1eaee7d1,2017-10-29T04:59:31.000Z,0.018,0x1e0c8da912b1b7cb93079d3fe578ee2590529d68,sell,0xe814aee960a85208c3db542c53e7d4a6c8d5f60f,0xfd32e11f39af73bb260437c9dd79e775c3db54161fd5b6ff9abcb23756cc690a
98,2.712658660206846,0.0485023368444984,0xf62c216cbb69e509c1796a848ddb3322b03ecde2,2017-10-29T04:56:44.000Z,0.01788,0x1e0c8da912b1b7cb93079d3fe578ee2590529d68,sell,0xe814aee960a85208c3db542c53e7d4a6c8d5f60f,0xe453b78f31d525a8298ce18f2a0cbd0babbd8df663f2b65e1a7e465d9dee9a3b
99,13,0.2327,0x26d459c36daa5105084e70e7213e62b867d5d94b,2017-10-29T04:08:53.000Z,0.0179,0x1e0c8da912b1b7cb93079d3fe578ee2590529d68,sell,0xe814aee960a85208c3db542c53e7d4a6c8d5f60f,0x951ae7b1d2cccadd766f0b454a9a1e71bedec661e64a52243b34c81ae613bcea
100,40,0.716,0x26d459c36daa5105084e70e7213e62b867d5d94b,2017-10-29T04:07:35.000Z,0.0179,0x1e0c8da912b1b7cb93079d3fe578ee2590529d68,sell,0xe814aee960a85208c3db542c53e7d4a6c8d5f60f,0x0570521d54988da6be984d89e016e1d1699142f981e41d071ea214ca25aeefe9
101,0.059,0.00108029,0x585f0c29d96c6a979a362c7e1b9b0a98c842f0b7,2017-10-29T02:03:52.000Z,0.01831,0x26d459c36daa5105084e70e7213e62b867d5d94b,sell,0xe814aee960a85208c3db542c53e7d4a6c8d5f60f,0xcead995976bce2526e0b063d59c9f04fb8c24390bc2501d1cd29a673d48c6e04
102,12.287341339793155,0.2196976631555016,0xf62c216cbb69e509c1796a848ddb3322b03ecde2,2017-10-29T02:02:00.000Z,0.01788,0x46d27bd41057e153aaab8a70f6d3a1a5cf66b1f9,sell,0xe814aee960a85208c3db542c53e7d4a6c8d5f60f,0x1843253734c0233ca19aea63c33ad5120401b1a68a5eaf4cece37444cf0c2ae2
103,32,0.58624,0x585f0c29d96c6a979a362c7e1b9b0a98c842f0b7,2017-10-29T01:59:05.000Z,0.01832,0x46d27bd41057e153aaab8a70f6d3a1a5cf66b1f9,sell,0xe814aee960a85208c3db542c53e7d4a6c8d5f60f,0x94b185eec7806e13493066e74ff986689d62a9c2c176373edf7e7ce0f096aadd
104,40.2,0.71556,0x585f0c29d96c6a979a362c7e1b9b0a98c842f0b7,2017-10-29T01:07:41.000Z,0.0178,0x072d74f3db8a35043d7b930e915db8128044a641,buy,0xe814aee960a85208c3db542c53e7d4a6c8d5f60f,0x4c5981528969e3e827bb2ec5e22381af0df8a5bc1b93888d0f5e44858168a1db
105,10.7676,0.19597032,0x585f0c29d96c6a979a362c7e1b9b0a98c842f0b7,2017-10-29T01:06:26.000Z,0.0182,0xd2ea382e498316d91b9de8557670149b479721a0,sell,0xe814aee960a85208c3db542c53e7d4a6c8d5f60f,0x67a5d326477545b9ac46687d810666179e6772e5f5cb5e6f456784c8b8e6e288
106,10.8,0.19224,0xd2ea382e498316d91b9de8557670149b479721a0,2017-10-29T01:06:26.000Z,0.0178,0x072d74f3db8a35043d7b930e915db8128044a641,buy,0xe814aee960a85208c3db542c53e7d4a6c8d5f60f,0x67a5d326477545b9ac46687d810666179e6772e5f5cb5e6f456784c8b8e6e288
107,4.712861415752742,0.08582120638085743,0x21cca8a1841495bc071dceb4869e5d906583b0b8,2017-10-29T00:32:38.000Z,0.01821,0x1d5321e125f6c7079a716705541c7b371ca79e69,sell,0xe814aee960a85208c3db542c53e7d4a6c8d5f60f,0x4dea5d2fb82b5f99e07ecdcef4021ccab42bf1dd24826391a926782551a5f9d8
108,4.727,0.085086,0x1d5321e125f6c7079a716705541c7b371ca79e69,2017-10-29T00:32:38.000Z,0.018,0x072d74f3db8a35043d7b930e915db8128044a641,buy,0xe814aee960a85208c3db542c53e7d4a6c8d5f60f,0x4dea5d2fb82b5f99e07ecdcef4021ccab42bf1dd24826391a926782551a5f9d8
109,4.538606689699546,0.08305650242150169,0x26d459c36daa5105084e70e7213e62b867d5d94b,2017-10-29T00:31:16.000Z,0.0183,0x1d5321e125f6c7079a716705541c7b371ca79e69,sell,0xe814aee960a85208c3db542c53e7d4a6c8d5f60f,0x265945989f070f928e32fc5f3cca3e0c7861566ead2d7251cf6a42ac46dac1f2
110,4.552222509768645,0.0819400051758356,0x1d5321e125f6c7079a716705541c7b371ca79e69,2017-10-29T00:31:16.000Z,0.018,0x072d74f3db8a35043d7b930e915db8128044a641,buy,0xe814aee960a85208c3db542c53e7d4a6c8d5f60f,0x265945989f070f928e32fc5f3cca3e0c7861566ead2d7251cf6a42ac46dac1f2
111,0.002444334918466281,0.000048642264877479,0x585f0c29d96c6a979a362c7e1b9b0a98c842f0b7,2017-10-28T20:39:29.000Z,0.019900000000000004,0x46d27bd41057e153aaab8a70f6d3a1a5cf66b1f9,buy,0xe814aee960a85208c3db542c53e7d4a6c8d5f60f,0x01ecda0193ae29289701b644e37ba70578a69c66f506430e0bd9ffd29d2bc6f1
112,24.519123567135022,0.4879305589859869,0x585f0c29d96c6a979a362c7e1b9b0a98c842f0b7,2017-10-28T20:38:40.000Z,0.0199,0x46d27bd41057e153aaab8a70f6d3a1a5cf66b1f9,buy,0xe814aee960a85208c3db542c53e7d4a6c8d5f60f,0xfa453229bc0f3ee40f86041792878a860b99deaa47f1846915006155402d547f
113,8.949748743718592,0.1781,0x585f0c29d96c6a979a362c7e1b9b0a98c842f0b7,2017-10-28T20:36:57.000Z,0.0199,0x21cca8a1841495bc071dceb4869e5d906583b0b8,buy,0xe814aee960a85208c3db542c53e7d4a6c8d5f60f,0x821c011d9e453d2a797be5c5205163b85d07640030175487a522b9f0cd589117
114,0.025125628140703515,0.0005,0x34f9560c63078eb61872a4dc2ccd20e21c34feaf,2017-10-28T20:19:47.000Z,0.0199,0x21cca8a1841495bc071dceb4869e5d906583b0b8,buy,0xe814aee960a85208c3db542c53e7d4a6c8d5f60f,0x93a916a325b2fe2706a0a7b1e7737385b87c5c8d49301078ccfc09070326a176
115,0.025125628140703515,0.0005,0xe444a40689f51f63bcd29910622035707d533d29,2017-10-28T20:16:05.000Z,0.0199,0x21cca8a1841495bc071dceb4869e5d906583b0b8,buy,0xe814aee960a85208c3db542c53e7d4a6c8d5f60f,0x9874c5a1558f21c4587e77e4d06a49841d5c851a4518eb404672ec4cd09f1485
116,9,0.1440009,0xd2ea382e498316d91b9de8557670149b479721a0,2017-10-28T19:40:26.000Z,0.0160001,0x80f78b2931c464297d683f2194cb481c867f5c7e,buy,0xe814aee960a85208c3db542c53e7d4a6c8d5f60f,0xd915479f16abfed92b9a7fcb5becbff109468349084be6819d5c2a0d06c7a5f8
117,8.973,0.16339833,0x21cca8a1841495bc071dceb4869e5d906583b0b8,2017-10-28T19:40:26.000Z,0.01821,0xd2ea382e498316d91b9de8557670149b479721a0,sell,0xe814aee960a85208c3db542c53e7d4a6c8d5f60f,0xd915479f16abfed92b9a7fcb5becbff109468349084be6819d5c2a0d06c7a5f8
118,9.63,0.154080963,0x1d5321e125f6c7079a716705541c7b371ca79e69,2017-10-28T19:37:53.000Z,0.0160001,0x80f78b2931c464297d683f2194cb481c867f5c7e,buy,0xe814aee960a85208c3db542c53e7d4a6c8d5f60f,0x9362babe554ccd75ceeb4846838d2d6b0908652a1e692724f028bd5aaadf4474
119,9.601196410767697,0.17579790628115652,0x585f0c29d96c6a979a362c7e1b9b0a98c842f0b7,2017-10-28T19:37:53.000Z,0.01831,0x1d5321e125f6c7079a716705541c7b371ca79e69,sell,0xe814aee960a85208c3db542c53e7d4a6c8d5f60f,0x9362babe554ccd75ceeb4846838d2d6b0908652a1e692724f028bd5aaadf4474
120,41.874,0.80774946,0x530efdab2d96eacd829eaf69278ed50e95a6d369,2017-10-28T19:36:38.000Z,0.01929,0x273a5d3e6721b9f5c1a6474f560c1334c63dda01,sell,0xe814aee960a85208c3db542c53e7d4a6c8d5f60f,0x1031d52eb8daab0b329bdc60deb6836b70f9dee2b86f9df8237d688c70f1b61e
121,42,0.6720042,0x273a5d3e6721b9f5c1a6474f560c1334c63dda01,2017-10-28T19:36:38.000Z,0.0160001,0x80f78b2931c464297d683f2194cb481c867f5c7e,buy,0xe814aee960a85208c3db542c53e7d4a6c8d5f60f,0x1031d52eb8daab0b329bdc60deb6836b70f9dee2b86f9df8237d688c70f1b61e
122,50,0.800005,0x1e0c8da912b1b7cb93079d3fe578ee2590529d68,2017-10-28T16:52:18.000Z,0.0160001,0x2fdc276dc5c8392a790c99065b11433276e3edea,sell,0xe814aee960a85208c3db542c53e7d4a6c8d5f60f,0x7987a1a217f576729e335f44619608b2b29555f4fd367d28dc7172504040830e
123,10.447777490231356,0.1911943280712338,0x26d459c36daa5105084e70e7213e62b867d5d94b,2017-10-28T16:43:46.000Z,0.0183,0x1ed014aec47fae44c9e55bac7662c0b78ae61798,sell,0xe814aee960a85208c3db542c53e7d4a6c8d5f60f,0x717655203cc6fe7d1b1beb73c79b5f1aea5bbc29581b03b6a3c6e39104ee0b2a
124,50,0.905,0xde671fa84e29bed25b94f464b51abebb878d40b1,2017-10-28T16:04:41.000Z,0.0181,0x2fdc276dc5c8392a790c99065b11433276e3edea,sell,0xe814aee960a85208c3db542c53e7d4a6c8d5f60f,0x5673bd38fb3aa6426bdcc77dccfed9a8ca62ba14f4fddd3df2c5ad7848da38ac
125,0.6450095444319458,0.013480698833618123,0x254b4f563ebf0ae31e7efc4af493943a61d8d9b1,2017-10-28T15:56:04.000Z,0.020899999,0x010e558124ba13cfa19a66ce38504151cc6a4634,buy,0xe814aee960a85208c3db542c53e7d4a6c8d5f60f,0x7702a0810776fb0ee0aca5f0db0b9ba053a89baded37ada32af7672ef6046351
126,5,0.1045,0xe58ea8a73b6d7386fbb397d155b3e979d3c65187,2017-10-28T15:35:45.000Z,0.0209,0x26d459c36daa5105084e70e7213e62b867d5d94b,buy,0xe814aee960a85208c3db542c53e7d4a6c8d5f60f,0xf814f04dc7dfc48e2bdc58932ba9d22afd2d25441c59eed049b1820490d0b1c0
127,27.977955665434486,0.5036031739998651,0x530efdab2d96eacd829eaf69278ed50e95a6d369,2017-10-28T10:04:22.000Z,0.017999999,0xd990b20677084e0ecc854a956cb15a401515dfe8,buy,0xe814aee960a85208c3db542c53e7d4a6c8d5f60f,0x286790b7f4eec835e9cfdc1abe3c1884e927d07509f60042d80c3598c6dd739e
128,164.49005584079265,2.501893913828512,0xd990b20677084e0ecc854a956cb15a401515dfe8,2017-10-28T09:14:22.000Z,0.015210001,0xf0e00ad8a3c0e02c877eff5200719477064bcdaa,sell,0xe814aee960a85208c3db542c53e7d4a6c8d5f60f,0x3689665e07bcd2a7322cc6fa9a717363b0490af63d49ceb9494f0f5aed6c9950
129,17.5,0.2975,0x585f0c29d96c6a979a362c7e1b9b0a98c842f0b7,2017-10-28T02:43:15.000Z,0.017,0xcc14c3e498badef395a2f2af5420b34d25078e99,sell,0xe814aee960a85208c3db542c53e7d4a6c8d5f60f,0x6097a11739a4d7584396b87f4d3cf125eb6273734e34c3e7f4a78d51607db3f4
130,74.28,1.329612,0xa1c89086fc0c9471cc24112d550cfad21f993167,2017-10-28T01:20:34.000Z,0.0179,0x7eedc8c162054856cf104a1d7eac03dacf84ed63,buy,0xe814aee960a85208c3db542c53e7d4a6c8d5f60f,0xdfe1bf155428d84c7437cd5b965fea3ddedfe3d2f9f50d33a83af406e4c86f2e
131,265.974,4.787532,0xa1c89086fc0c9471cc24112d550cfad21f993167,2017-10-28T01:20:34.000Z,0.018,0xe374479695fd5eefbc1caaa8e9d705f05ae24f2b,buy,0xe814aee960a85208c3db542c53e7d4a6c8d5f60f,0xf3a73b8b8d8e81488e025214cddb90e2c17d591ec8b91249a8543fc8d315ad6d
132,0.487,0.0087173,0xa1c89086fc0c9471cc24112d550cfad21f993167,2017-10-28T01:18:02.000Z,0.0179,0x339bbea6f723928ade3e77fd87270560475d30ff,buy,0xe814aee960a85208c3db542c53e7d4a6c8d5f60f,0xe451ac61efa955a1442fe1fc4eea48d5e773b1dbf935bc2fb558a4d7282a4bf6
133,48.972723425018444,0.8325362982253135,0xa1c89086fc0c9471cc24112d550cfad21f993167,2017-10-28T00:59:27.000Z,0.017,0x36fb0deff92e912cedf395370b7665346d637ff5,buy,0xe814aee960a85208c3db542c53e7d4a6c8d5f60f,0x1d5e3b33457ae09cc55f8dae1dce629e7ab8cfea648e90c37dc2ff2b549652ce
134,0.02719499001152214,0.000483254972504748,0x9145efc2581633f0dd778fe4e3b06fde63cc6284,2017-10-28T00:41:40.000Z,0.017769999999999987,0x1d5321e125f6c7079a716705541c7b371ca79e69,sell,0xe814aee960a85208c3db542c53e7d4a6c8d5f60f,0x7db5acc5e6370e0fc35d6f3d931e765c1a883dc2f481292dc0eb29c4b6cf4af3
135,0.027276574981556705,0.000463701774686464,0x1d5321e125f6c7079a716705541c7b371ca79e69,2017-10-28T00:41:40.000Z,0.017,0x36fb0deff92e912cedf395370b7665346d637ff5,buy,0xe814aee960a85208c3db542c53e7d4a6c8d5f60f,0x7db5acc5e6370e0fc35d6f3d931e765c1a883dc2f481292dc0eb29c4b6cf4af3
136,269.2804096790342,4.847047374222616,0x9145efc2581633f0dd778fe4e3b06fde63cc6284,2017-10-27T23:53:53.000Z,0.018,0xe374479695fd5eefbc1caaa8e9d705f05ae24f2b,buy,0xe814aee960a85208c3db542c53e7d4a6c8d5f60f,0x99f5cc28b35641869280aab41c9d49dfe827a520f32e3baa93725ad6c3b9b375
137,94.5,1.69155,0x585f0c29d96c6a979a362c7e1b9b0a98c842f0b7,2017-10-27T23:34:52.000Z,0.0179,0x7eedc8c162054856cf104a1d7eac03dacf84ed63,buy,0xe814aee960a85208c3db542c53e7d4a6c8d5f60f,0xf2d994692ef1e600a0f63c4af176da3bc39795443c13a131f11d5cc6675d72c6
138,19.492645424881193,0.34891835310537334,0x5280157400e1dd9b851c5f6a49070e23d75a0200,2017-10-27T23:27:21.000Z,0.0179,0x339bbea6f723928ade3e77fd87270560475d30ff,buy,0xe814aee960a85208c3db542c53e7d4a6c8d5f60f,0xcb3800ebab73e6cb46aee48fe6ec46ef7125f0d923154bc963b0b6620231d163
139,10.02,0.179358,0x530efdab2d96eacd829eaf69278ed50e95a6d369,2017-10-27T21:33:06.000Z,0.0179,0x339bbea6f723928ade3e77fd87270560475d30ff,buy,0xe814aee960a85208c3db542c53e7d4a6c8d5f60f,0x5dd5f66c074a8e09c0ead25f57fa37c101b87eb85128622f8731366e92633cd0
140,33.56546625814582,0.6041783926466248,0x530efdab2d96eacd829eaf69278ed50e95a6d369,2017-10-27T20:47:38.000Z,0.018,0xe374479695fd5eefbc1caaa8e9d705f05ae24f2b,buy,0xe814aee960a85208c3db542c53e7d4a6c8d5f60f,0xe6f9180404de4581087a41adfd6666fb7f747db80539651f2803fbc4465934d4
141,13.5,0.243,0x028932001376fc2efcef7b585b216f1f48cf279c,2017-10-27T20:27:34.000Z,0.018,0xe374479695fd5eefbc1caaa8e9d705f05ae24f2b,buy,0xe814aee960a85208c3db542c53e7d4a6c8d5f60f,0x6224db7c82219d625276d03f4999199f2f40500e3e24dd96eecb6da8f55c1e40
142,40.67837928135195,0.7322108270643352,0x9145efc2581633f0dd778fe4e3b06fde63cc6284,2017-10-27T20:27:28.000Z,0.018,0xe374479695fd5eefbc1caaa8e9d705f05ae24f2b,buy,0xe814aee960a85208c3db542c53e7d4a6c8d5f60f,0x1635b2fefe2d461c1680e0e066b130b04a3caaa0b1c92a1313a81387a4fe64ab
143,155.767,2.7882293,0x9145efc2581633f0dd778fe4e3b06fde63cc6284,2017-10-27T20:26:18.000Z,0.0179,0xa634623301491a5bf1335d22f4f9d76fc74c33ef,buy,0xe814aee960a85208c3db542c53e7d4a6c8d5f60f,0x6824848f67dc193c863f8b179fa4967c069ed89f9790044360171863b7828874
144,10.96600548238747,0.1563204081514334,0x0af93837166270bf4b89fd91dd200da9c92a4e31,2017-10-27T20:21:04.000Z,0.014255,0x6e0c0efdc5f84e40d2e6fd103a1c87e1321b9c7c,sell,0xe814aee960a85208c3db542c53e7d4a6c8d5f60f,0xfc2c1065bff957325ec05f36a6c72b60eb63c281bf38039c54b4b7c34924ceea
145,28.68472839624513,0.5134566382927879,0x530efdab2d96eacd829eaf69278ed50e95a6d369,2017-10-27T20:20:14.000Z,0.0179,0xa634623301491a5bf1335d22f4f9d76fc74c33ef,buy,0xe814aee960a85208c3db542c53e7d4a6c8d5f60f,0xa725ba1617b75d6f3b7106ead359b2503636248252b5a2960f80fc0623958bcd
146,41.71426158356642,0.746685282345839,0x9145efc2581633f0dd778fe4e3b06fde63cc6284,2017-10-27T20:17:40.000Z,0.0179,0xa634623301491a5bf1335d22f4f9d76fc74c33ef,buy,0xe814aee960a85208c3db542c53e7d4a6c8d5f60f,0xca100de720480cc0718400e6657c8656fcc953351e509074c01dc543c2e58896
147,0.003754810631346536,0.000067211110301103,0x9145efc2581633f0dd778fe4e3b06fde63cc6284,2017-10-27T20:16:55.000Z,0.017900000000000003,0xa634623301491a5bf1335d22f4f9d76fc74c33ef,buy,0xe814aee960a85208c3db542c53e7d4a6c8d5f60f,0xab753c5436804a579b19b72dfa269ec154a95b79fd707f181111c2804730bb53
148,12,0.2376,0x028932001376fc2efcef7b585b216f1f48cf279c,2017-10-27T19:46:25.000Z,0.0198,0x2fdc276dc5c8392a790c99065b11433276e3edea,buy,0xe814aee960a85208c3db542c53e7d4a6c8d5f60f,0x76a7a5e7e08ab3eee3895dbc9b8caa57b0029bd2c26d7cf24662e4591fcc614b
149,11.832007644987408,0.23427375137075068,0x028932001376fc2efcef7b585b216f1f48cf279c,2017-10-27T19:13:48.000Z,0.0198,0x2fdc276dc5c8392a790c99065b11433276e3edea,buy,0xe814aee960a85208c3db542c53e7d4a6c8d5f60f,0x541c91562ac3904b855e0a3cea23f754eaaa70dce9305d7f7881a245739cbcc4
150,100.69351607558357,2.003800969904113,0xf5c710f1f151edba7f5b91ce5fd92440cbe7a8e0,2017-10-27T19:10:28.000Z,0.0199,0x39aa271fb5f1696d86b8f39d4864590616d5db9a,buy,0xe814aee960a85208c3db542c53e7d4a6c8d5f60f,0x2d880baf18e1e9f86c7d40d0f97d7ef5de2d4143b8c8859249ddd0735878cfff
151,35,0.69299965,0xf5c710f1f151edba7f5b91ce5fd92440cbe7a8e0,2017-10-27T19:08:27.000Z,0.01979999,0x1e2504c23311522b54968d5a2bcef9c2951483a8,buy,0xe814aee960a85208c3db542c53e7d4a6c8d5f60f,0x45b7186dcc2260739e22b84fbde03af4ba9a3da2b3eef5bf12324edcaa467063
152,10,0.197,0xf5c710f1f151edba7f5b91ce5fd92440cbe7a8e0,2017-10-27T19:08:27.000Z,0.0197,0x26d459c36daa5105084e70e7213e62b867d5d94b,buy,0xe814aee960a85208c3db542c53e7d4a6c8d5f60f,0xe7d636306a586147b3ab284124a1c3504e923ddba082a0f3f1fc816b3d729b9d
153,95.54351806134827,1.8917616576146956,0xf5c710f1f151edba7f5b91ce5fd92440cbe7a8e0,2017-10-27T19:08:27.000Z,0.0198,0x2fdc276dc5c8392a790c99065b11433276e3edea,buy,0xe814aee960a85208c3db542c53e7d4a6c8d5f60f,0xc8f0f1eccaac81fb20eb769814a355fb975524c8544536fbe006ad509c6f276e
154,4.786162891762135,0.067245588629258,0x26d459c36daa5105084e70e7213e62b867d5d94b,2017-10-27T18:52:20.000Z,0.01405,0xc81fa65d02b624013d9982979f1cea78fabf2f86,sell,0xe814aee960a85208c3db542c53e7d4a6c8d5f60f,0x0eeb1c579094bce929241808ec959f232335e28a4de2a388b7b26b5e3205a33b
155,24.421147219946675,0.48353871495494416,0x530efdab2d96eacd829eaf69278ed50e95a6d369,2017-10-27T18:51:20.000Z,0.0198,0x2fdc276dc5c8392a790c99065b11433276e3edea,buy,0xe814aee960a85208c3db542c53e7d4a6c8d5f60f,0xf98291d7cd20ede8179bef06b22c23d743d301bb103a5307d05771e9332cf931
156,34.050234718705056,0.6741946474303602,0x9145efc2581633f0dd778fe4e3b06fde63cc6284,2017-10-27T18:47:05.000Z,0.0198,0x2fdc276dc5c8392a790c99065b11433276e3edea,buy,0xe814aee960a85208c3db542c53e7d4a6c8d5f60f,0xdf1e66d9841d91b67bfeb51697925e54e129ffbccd1c8550d0cb3ab00c1bf4ec
157,30,0.594,0xf732b16f5aee6cd2db5b30a7a3860764a48b19ff,2017-10-27T18:45:03.000Z,0.0198,0x2fdc276dc5c8392a790c99065b11433276e3edea,buy,0xe814aee960a85208c3db542c53e7d4a6c8d5f60f,0xe9698273c685d12bffbd2f177a11804611c1527d019aafc65e89b2bb67c016be
158,59.97208460087684,1.1934444835574491,0xf5c710f1f151edba7f5b91ce5fd92440cbe7a8e0,2017-10-27T18:39:55.000Z,0.0199,0x39aa271fb5f1696d86b8f39d4864590616d5db9a,buy,0xe814aee960a85208c3db542c53e7d4a6c8d5f60f,0xbdcffb07770691efe564b63541390a064d705873794b83b4a44731ab8dc688cb
159,42.563,0.8129533,0xf5c710f1f151edba7f5b91ce5fd92440cbe7a8e0,2017-10-27T18:38:58.000Z,0.0191,0xdf63ba615e42aa6fc37833ea66d1f554f9523bf2,buy,0xe814aee960a85208c3db542c53e7d4a6c8d5f60f,0x61d546480cff08b2367377bbb893361d8723276e87fb9770b0ecc0f29ae8a727
160,12.11,0.23009,0xf5c710f1f151edba7f5b91ce5fd92440cbe7a8e0,2017-10-27T18:38:41.000Z,0.019,0xabd5084e4a8aba850a5f1a9090208c3beb6758ab,buy,0xe814aee960a85208c3db542c53e7d4a6c8d5f60f,0x324489b333d9f6709aec52c2faf659b8464e38971de09b631e6410b989999ed4
161,86.72592853361228,1.5827481090124955,0xf5c710f1f151edba7f5b91ce5fd92440cbe7a8e0,2017-10-27T18:38:41.000Z,0.018249999,0x010e558124ba13cfa19a66ce38504151cc6a4634,buy,0xe814aee960a85208c3db542c53e7d4a6c8d5f60f,0x14db47695003006604187217aeca1d784f3fec9a675f5fac091588f2545afa1c
162,6.8458987559733036,0.12493763860471527,0xf5c710f1f151edba7f5b91ce5fd92440cbe7a8e0,2017-10-27T18:38:24.000Z,0.018249998,0x010e558124ba13cfa19a66ce38504151cc6a4634,buy,0xe814aee960a85208c3db542c53e7d4a6c8d5f60f,0xd4685dfdc40674e4761879b11f03f0806d5fa024ae468fe71fcbc7640dece32b
163,68,1.24032,0xf5c710f1f151edba7f5b91ce5fd92440cbe7a8e0,2017-10-27T18:37:01.000Z,0.01824,0x2fdc276dc5c8392a790c99065b11433276e3edea,buy,0xe814aee960a85208c3db542c53e7d4a6c8d5f60f,0xe7f14a47e4a69d7faff31d5a1365fc77a2c1365de5cd34ee9e4593f03fbc3458
164,118,2.153467786,0x9145efc2581633f0dd778fe4e3b06fde63cc6284,2017-10-27T18:28:03.000Z,0.018249727,0x2fdc276dc5c8392a790c99065b11433276e3edea,buy,0xe814aee960a85208c3db542c53e7d4a6c8d5f60f,0x24809195da8679f717ff2e23813e90283d7e41f8a0225737a0ca87415ecbdfc1
165,30,0.5472,0xf732b16f5aee6cd2db5b30a7a3860764a48b19ff,2017-10-27T18:26:16.000Z,0.01824,0x2fdc276dc5c8392a790c99065b11433276e3edea,buy,0xe814aee960a85208c3db542c53e7d4a6c8d5f60f,0x71fb1675c92f5e552493db69cb8a94200bf5a0e68f7d1aac02d121ed7148a29f
166,116.62477099000265,2.1284019539427774,0x9145efc2581633f0dd778fe4e3b06fde63cc6284,2017-10-27T18:22:02.000Z,0.018249999,0x010e558124ba13cfa19a66ce38504151cc6a4634,buy,0xe814aee960a85208c3db542c53e7d4a6c8d5f60f,0xc2e8e04221fa4e1276d384d38654afb4d2420da84d3e02d26f0a0a28af3996c0
167,20.649300476385076,0.37684971304472714,0x530efdab2d96eacd829eaf69278ed50e95a6d369,2017-10-27T18:18:23.000Z,0.018249999,0x010e558124ba13cfa19a66ce38504151cc6a4634,buy,0xe814aee960a85208c3db542c53e7d4a6c8d5f60f,0x2c519ef8e493e6e759a086aec18c41dc24243e210f7daf69de4e694be4f58855
168,91.15410124402669,1.6635621653952848,0xf5c710f1f151edba7f5b91ce5fd92440cbe7a8e0,2017-10-27T18:17:10.000Z,0.018249998,0x010e558124ba13cfa19a66ce38504151cc6a4634,buy,0xe814aee960a85208c3db542c53e7d4a6c8d5f60f,0x370c2d7d30c511d085ab48a4b6863a4a80e259b578a3cd2f41fb13fb3a789505
169,87,1.587749739,0xf5c710f1f151edba7f5b91ce5fd92440cbe7a8e0,2017-10-27T18:16:05.000Z,0.018249997,0x010e558124ba13cfa19a66ce38504151cc6a4634,buy,0xe814aee960a85208c3db542c53e7d4a6c8d5f60f,0x2aadd67c726385c35b37c476c2c876b1ab1a3a0e0eec5dc90128dc1d5fb73c61
170,94.99,1.73356712004,0xf5c710f1f151edba7f5b91ce5fd92440cbe7a8e0,2017-10-27T18:15:28.000Z,0.018249996,0x010e558124ba13cfa19a66ce38504151cc6a4634,buy,0xe814aee960a85208c3db542c53e7d4a6c8d5f60f,0x055f2ead2ba7ddf7108167935c0866fe5792686e37e4e9b7119284b74931cfaf
171,7.307,0.1329874,0xf732b16f5aee6cd2db5b30a7a3860764a48b19ff,2017-10-27T18:04:39.000Z,0.0182,0x1eaa18a0e964d346f2b5182be3f97d7aab5145b9,buy,0xe814aee960a85208c3db542c53e7d4a6c8d5f60f,0x78f840dda3717c3a6d05e5f61a13943ce6e9f1392578ea2682a5508b4818d1b6
172,0.009712402189395,0.00017725130110685,0xf5c710f1f151edba7f5b91ce5fd92440cbe7a8e0,2017-10-27T18:02:43.000Z,0.018249996,0x010e558124ba13cfa19a66ce38504151cc6a4634,buy,0xe814aee960a85208c3db542c53e7d4a6c8d5f60f,0x200d57d717dfd91ef4d13428549cd06e89cd8fb4d017765156abfe944297554e
173,97.69273634081371,1.7780078014028096,0xf5c710f1f151edba7f5b91ce5fd92440cbe7a8e0,2017-10-27T18:02:25.000Z,0.0182,0x1eaa18a0e964d346f2b5182be3f97d7aab5145b9,buy,0xe814aee960a85208c3db542c53e7d4a6c8d5f60f,0x9b5387c6e88a75ba8e47eb582ab92ad3b81f5cd1eb44987c50f6b427fe6827f5
174,95.29890221896663,1.6730198779050687,0x9145efc2581633f0dd778fe4e3b06fde63cc6284,2017-10-27T17:59:48.000Z,0.0175555,0x1eaa18a0e964d346f2b5182be3f97d7aab5145b9,sell,0xe814aee960a85208c3db542c53e7d4a6c8d5f60f,0x2efde051215f553c2fa905fe81682f6e15caffbc89dc56f9f0fcfefab17d16bf
175,38,0.69349981,0xf5c710f1f151edba7f5b91ce5fd92440cbe7a8e0,2017-10-27T17:52:36.000Z,0.018249995,0x010e558124ba13cfa19a66ce38504151cc6a4634,buy,0xe814aee960a85208c3db542c53e7d4a6c8d5f60f,0xa3ea6936f792bfb8647e217b7715029b3bb50cfa85e49df0030b49bc6ca868e7
176,14.106803447694716,0.2574209493135332,0xf5c710f1f151edba7f5b91ce5fd92440cbe7a8e0,2017-10-27T17:52:36.000Z,0.018248,0x598e5da841a2801239208ecc70b543f9a634fa32,buy,0xe814aee960a85208c3db542c53e7d4a6c8d5f60f,0x952b259be9b49d536d3db0743836db484ecfd52daae715ae397f7e68457e15e4
177,10.893196552305284,0.1987790506864668,0x9145efc2581633f0dd778fe4e3b06fde63cc6284,2017-10-27T17:51:38.000Z,0.018248,0x598e5da841a2801239208ecc70b543f9a634fa32,buy,0xe814aee960a85208c3db542c53e7d4a6c8d5f60f,0x49fdacb0e3f07c6c1b13797280830b3e0abd4f7ffbd3f7e368bb8f2f9c8d65ed
178,57,1.03968,0x9145efc2581633f0dd778fe4e3b06fde63cc6284,2017-10-27T17:49:57.000Z,0.01824,0x598e5da841a2801239208ecc70b543f9a634fa32,buy,0xe814aee960a85208c3db542c53e7d4a6c8d5f60f,0x4ddcadcf99649c777bd36904da120d7eb4054db3e77f2d845425614ad8c986da
179,138.10069522153879,2.513432653032006,0x9145efc2581633f0dd778fe4e3b06fde63cc6284,2017-10-27T17:49:46.000Z,0.0182,0x1eaa18a0e964d346f2b5182be3f97d7aab5145b9,buy,0xe814aee960a85208c3db542c53e7d4a6c8d5f60f,0xf9f76422710d4a993c6d0e8685d0b0469ed542fc9242746e7a54d46e21c63d53
180,47.32474306563289,0.8565778494879552,0xf5c710f1f151edba7f5b91ce5fd92440cbe7a8e0,2017-10-27T17:49:11.000Z,0.0181,0x1eaa18a0e964d346f2b5182be3f97d7aab5145b9,buy,0xe814aee960a85208c3db542c53e7d4a6c8d5f60f,0x6ecc1cd8620588de05b6e2ed5fabc4e7de12a1270147db8c36cf72cc032636a4
181,91.89930477846121,1.672567346967994,0x9145efc2581633f0dd778fe4e3b06fde63cc6284,2017-10-27T17:26:32.000Z,0.0182,0x1eaa18a0e964d346f2b5182be3f97d7aab5145b9,buy,0xe814aee960a85208c3db542c53e7d4a6c8d5f60f,0x738f2b56d43705719891583258b44f3ef480da6331ae803eca61f19cd7006281
182,95,1.729,0xf5c710f1f151edba7f5b91ce5fd92440cbe7a8e0,2017-10-27T17:25:48.000Z,0.0182,0x598e5da841a2801239208ecc70b543f9a634fa32,buy,0xe814aee960a85208c3db542c53e7d4a6c8d5f60f,0x6ef019eff4334f5ea8e62c2183837fec44666c749584d5fbdfca22b701d606fe
183,33.17525693436711,0.6004721505120447,0xf5c710f1f151edba7f5b91ce5fd92440cbe7a8e0,2017-10-27T17:25:17.000Z,0.0181,0x1eaa18a0e964d346f2b5182be3f97d7aab5145b9,buy,0xe814aee960a85208c3db542c53e7d4a6c8d5f60f,0xe0d1e56797ef30c16fd9a4a4866ba68b5c461ab25bb7914fa8046d18d22ced79
184,70.139,1.262502,0x9145efc2581633f0dd778fe4e3b06fde63cc6284,2017-10-27T17:24:42.000Z,0.018,0x0006e4548aed4502ec8c844567840ce6ef1013f5,buy,0xe814aee960a85208c3db542c53e7d4a6c8d5f60f,0x850783ae2760c9defad6cdf9582451d82639f167aef5212f4380c060161ee038
185,2.19,0.03942,0xe361172087d2be3f66c05a0605aca36c206d051a,2017-10-27T17:07:53.000Z,0.018,0x0006e4548aed4502ec8c844567840ce6ef1013f5,buy,0xe814aee960a85208c3db542c53e7d4a6c8d5f60f,0x4041884484ed6d77cd59c1f00e002f663d0c1d54f6bc55f2c35634a35c02cc0a
186,9.970641758783794,0.1794715516581083,0x530efdab2d96eacd829eaf69278ed50e95a6d369,2017-10-27T17:02:47.000Z,0.018,0x0006e4548aed4502ec8c844567840ce6ef1013f5,buy,0xe814aee960a85208c3db542c53e7d4a6c8d5f60f,0xc05414312279612f73d3c71d0fa1c0732a075a4ac1eeaf9ed227267c0c3109de
187,19.5,0.35295,0xf5c710f1f151edba7f5b91ce5fd92440cbe7a8e0,2017-10-27T16:14:26.000Z,0.0181,0x1eaa18a0e964d346f2b5182be3f97d7aab5145b9,buy,0xe814aee960a85208c3db542c53e7d4a6c8d5f60f,0x3845af01ec2d6fe7a160eac4064e17c168a3e76b3679415b1ba6386a3ff7e4bd
188,0.363,0.006534,0xf5c710f1f151edba7f5b91ce5fd92440cbe7a8e0,2017-10-27T16:13:10.000Z,0.018,0xfbf7dc0756a9768d0c71aea5f8421f3b1eaee7d1,buy,0xe814aee960a85208c3db542c53e7d4a6c8d5f60f,0xecb98ffe3da62173b79bc3b45270f149e2566348a378ecb8710ea7c1ea59499c
189,149.5377779409127,2.048667557790504,0x1eaa18a0e964d346f2b5182be3f97d7aab5145b9,2017-10-27T14:54:03.000Z,0.0137,0x2fdc276dc5c8392a790c99065b11433276e3edea,sell,0xe814aee960a85208c3db542c53e7d4a6c8d5f60f,0xf9b385010dbb4275ea4722d565c6d3a901fdab32f0203291be08f353f62347be
190,0.11502802849627693,0.00209351011863224,0x028932001376fc2efcef7b585b216f1f48cf279c,2017-10-27T14:40:12.000Z,0.0182,0x1eaa18a0e964d346f2b5182be3f97d7aab5145b9,buy,0xe814aee960a85208c3db542c53e7d4a6c8d5f60f,0x985a99c06ffdadf2ae5016240ca87f1cb78b9eb92e0c00ddab66775dbfb0e5ff
191,34.40588366009413,0.615865317515685,0xf5c710f1f151edba7f5b91ce5fd92440cbe7a8e0,2017-10-27T14:38:30.000Z,0.0179,0x26d459c36daa5105084e70e7213e62b867d5d94b,buy,0xe814aee960a85208c3db542c53e7d4a6c8d5f60f,0x1f997714e71b7b3ad5aeaaecccec2265c6604e2352fd0dcd830f2330605c1542
192,5.5,0.0979,0x028932001376fc2efcef7b585b216f1f48cf279c,2017-10-27T14:38:30.000Z,0.0178,0x26d459c36daa5105084e70e7213e62b867d5d94b,sell,0xe814aee960a85208c3db542c53e7d4a6c8d5f60f,0xbcffc7354308458c3fc483a6d41523cf8f04f16ed9100bdfe61249053c929ec0
193,18,0.3204,0xf5c710f1f151edba7f5b91ce5fd92440cbe7a8e0,2017-10-27T14:38:03.000Z,0.0178,0xfbf7dc0756a9768d0c71aea5f8421f3b1eaee7d1,buy,0xe814aee960a85208c3db542c53e7d4a6c8d5f60f,0x1b923cd4b7a089accfe9c7d14c37c6411b215527338fd4ad975496a01f31a62d
194,15.594116339905865,0.279134682484315,0x530efdab2d96eacd829eaf69278ed50e95a6d369,2017-10-27T14:25:13.000Z,0.0179,0x26d459c36daa5105084e70e7213e62b867d5d94b,buy,0xe814aee960a85208c3db542c53e7d4a6c8d5f60f,0x10433cae97953329dea2eaf52856d43ff392203764f619e02884031f630731f1
195,18.363,0.2497368,0xfbf7dc0756a9768d0c71aea5f8421f3b1eaee7d1,2017-10-27T12:07:00.000Z,0.0136,0xd1346e7a25b100c7c34e15c954a3dbb7779881db,sell,0xe814aee960a85208c3db542c53e7d4a6c8d5f60f,0xbab245f987c1c2c3a198a0de8bdeadb18a29ddf2efc9c31dd78fea0d58f043e0
196,33,0.6006,0x84e53c7f9f690240ebc1900125dabcf06027d816,2017-10-27T11:00:31.000Z,0.0182,0x1eaa18a0e964d346f2b5182be3f97d7aab5145b9,buy,0xe814aee960a85208c3db542c53e7d4a6c8d5f60f,0x1630b909a8dc4f1a76e0cc916f7e70398e564136c6a02adbd171276decbcee78
197,40,0.7299998,0xf5c710f1f151edba7f5b91ce5fd92440cbe7a8e0,2017-10-27T08:47:16.000Z,0.018249995,0x010e558124ba13cfa19a66ce38504151cc6a4634,buy,0xe814aee960a85208c3db542c53e7d4a6c8d5f60f,0x82a025dd25969d148f9a12d19fc5a14c3a777635deccd8952883ab8543886bf1
198,11,0.20075,0x68d6828fd621cebd212c67bebbecc4b74e07bb91,2017-10-27T07:07:30.000Z,0.01825,0x0006e4548aed4502ec8c844567840ce6ef1013f5,buy,0xe814aee960a85208c3db542c53e7d4a6c8d5f60f,0xb16f9db8f59b3622c026cc0f4fd5ff09f45a3dd4a13593cf95c1338c7362b89e
199,6.7,0.122275,0x68d6828fd621cebd212c67bebbecc4b74e07bb91,2017-10-27T06:33:21.000Z,0.01825,0x0006e4548aed4502ec8c844567840ce6ef1013f5,buy,0xe814aee960a85208c3db542c53e7d4a6c8d5f60f,0xb3680c6859b55e74c7736fea1c1035ba53dae7ad587db2ec353ef02645977501
200,100,1.84,0x84e53c7f9f690240ebc1900125dabcf06027d816,2017-10-26T23:44:05.000Z,0.0184,0x1eaa18a0e964d346f2b5182be3f97d7aab5145b9,buy,0xe814aee960a85208c3db542c53e7d4a6c8d5f60f,0x4763e452d5dac7dc4aae17277a25d9c66ee55de674fa7cf020a59b90fc0c6716
201,1,0.01835,0x4a57d0208164a1c1c63c75395dc444428a07b50a,2017-10-26T23:38:36.000Z,0.01835,0x26d459c36daa5105084e70e7213e62b867d5d94b,buy,0xe814aee960a85208c3db542c53e7d4a6c8d5f60f,0xf1fa1ba45a86177932050b146df7c5bc70aeb07e0ac023c101782f938265d022
202,1.7,0.03128,0xa6ce3e84c9e2ec1339424f136c3f099a4b2ead55,2017-10-26T23:08:49.000Z,0.0184,0x1eaa18a0e964d346f2b5182be3f97d7aab5145b9,buy,0xe814aee960a85208c3db542c53e7d4a6c8d5f60f,0xa9b1252b105c12ed94ccfd748686ca3c75c861da6329bade699fe685b5ba730c
203,44.963,0.7508821,0xa6ce3e84c9e2ec1339424f136c3f099a4b2ead55,2017-10-26T23:01:57.000Z,0.0167,0xfbf7dc0756a9768d0c71aea5f8421f3b1eaee7d1,buy,0xe814aee960a85208c3db542c53e7d4a6c8d5f60f,0x95503348c835bafc80af64354240bb5b5823c06584d6bf72ea1356c127b78653
204,30,0.501,0xd345bae0414e173d3a2ab28848c5bde6796df6f7,2017-10-26T22:52:47.000Z,0.0167,0xfbf7dc0756a9768d0c71aea5f8421f3b1eaee7d1,buy,0xe814aee960a85208c3db542c53e7d4a6c8d5f60f,0xd2454fe0e93a8bcfcae4a7d4d87bcb4700a16ea0e1b4787c2f07710f87901e53
205,15,0.2505,0xd345bae0414e173d3a2ab28848c5bde6796df6f7,2017-10-26T22:50:40.000Z,0.0167,0x21cca8a1841495bc071dceb4869e5d906583b0b8,buy,0xe814aee960a85208c3db542c53e7d4a6c8d5f60f,0x589df7db6038325f0ee3fe66feda54100262845221ada81ad5331ebdecc8bbfd
206,25.036972212488593,0.4181174359485595,0x9145efc2581633f0dd778fe4e3b06fde63cc6284,2017-10-26T22:28:27.000Z,0.0167,0xfbf7dc0756a9768d0c71aea5f8421f3b1eaee7d1,buy,0xe814aee960a85208c3db542c53e7d4a6c8d5f60f,0x8ea7d73adedcdc19290dc525001f5ec39a3e5352885c7a2a80a47062d85b99fc
207,32,0.5088,0x9145efc2581633f0dd778fe4e3b06fde63cc6284,2017-10-26T22:27:33.000Z,0.0159,0xd5853859ce79f92f204c1bdfc1b4f5ec5b27e7b7,buy,0xe814aee960a85208c3db542c53e7d4a6c8d5f60f,0xe1a7245b5a555f06a20e4da1231199e5f2d369c69896cfe6130e094390847410
208,2.8798213628217812,0.03743767771668315,0xe7c91eb115d63124b3fb9ba5114c7afa06fbc11b,2017-10-26T19:03:06.000Z,0.013,0xf5c710f1f151edba7f5b91ce5fd92440cbe7a8e0,sell,0xe814aee960a85208c3db542c53e7d4a6c8d5f60f,0x979150dc937157e4867fd3f786231150736a02df1334f58fb3389446f60c7274
209,4.120178637178219,0.053562322283316845,0xe7c91eb115d63124b3fb9ba5114c7afa06fbc11b,2017-10-26T19:00:41.000Z,0.013,0xf5c710f1f151edba7f5b91ce5fd92440cbe7a8e0,sell,0xe814aee960a85208c3db542c53e7d4a6c8d5f60f,0x0bbd7f4d33629668c8b22f10202c871d26d0dc18d852f560b6459e75c48c4a08
210,4.132537937159755,0.05290475067151919,0xf5c710f1f151edba7f5b91ce5fd92440cbe7a8e0,2017-10-26T18:56:05.000Z,0.012802,0xf5c710f1f151edba7f5b91ce5fd92440cbe7a8e0,sell,0xe814aee960a85208c3db542c53e7d4a6c8d5f60f,0x18697563950174cb2c9882dabd896d0bb48e7c9c76529a016b78f0d78d878311
211,13.450525295250902,0.17230122903216405,0x84e53c7f9f690240ebc1900125dabcf06027d816,2017-10-26T18:55:40.000Z,0.01281,0x2fdc276dc5c8392a790c99065b11433276e3edea,sell,0xe814aee960a85208c3db542c53e7d4a6c8d5f60f,0x8f476040fc8ed7fe478d8afc6739450109e9fec97a1038e3b12126b83b39f648
212,313.881,3.9862887,0x560e57f35d5353a103448338de6d9855549496b5,2017-10-26T18:54:39.000Z,0.0127,0x2fdc276dc5c8392a790c99065b11433276e3edea,sell,0xe814aee960a85208c3db542c53e7d4a6c8d5f60f,0x60a01c35696353e297542d38cbab6b4967c0c77c7e679478028f1f4bcf47adbb
213,400,5.12,0x1eaa18a0e964d346f2b5182be3f97d7aab5145b9,2017-10-26T18:53:05.000Z,0.0128,0x2fdc276dc5c8392a790c99065b11433276e3edea,sell,0xe814aee960a85208c3db542c53e7d4a6c8d5f60f,0x418474a8eb7c6bfbe410150e818fa963f339bf0c6bcea789e99171afa8237b41
214,170,2.2525,0x1e0c8da912b1b7cb93079d3fe578ee2590529d68,2017-10-26T18:35:39.000Z,0.01325,0x2fdc276dc5c8392a790c99065b11433276e3edea,sell,0xe814aee960a85208c3db542c53e7d4a6c8d5f60f,0xbe4e555943329aa76526ef7a92bba6bc98f11a10746e965a6f6d5c298431e668
215,85.7,1.35406,0x9145efc2581633f0dd778fe4e3b06fde63cc6284,2017-10-26T17:53:31.000Z,0.0158,0xf5c710f1f151edba7f5b91ce5fd92440cbe7a8e0,sell,0xe814aee960a85208c3db542c53e7d4a6c8d5f60f,0x25a4f7f188ee7e9b017037f0d483cde3e315de67a4739fde4904f4c5ba32530b
216,35,0.553,0x9145efc2581633f0dd778fe4e3b06fde63cc6284,2017-10-26T17:52:24.000Z,0.0158,0xf5c710f1f151edba7f5b91ce5fd92440cbe7a8e0,sell,0xe814aee960a85208c3db542c53e7d4a6c8d5f60f,0x9f4a04fe682c87951eb83f25d668d15f0d8aa9df33ef2bdd060949e84d62b912
217,19.2,0.3072,0x9145efc2581633f0dd778fe4e3b06fde63cc6284,2017-10-26T16:38:33.000Z,0.016,0xf5c710f1f151edba7f5b91ce5fd92440cbe7a8e0,sell,0xe814aee960a85208c3db542c53e7d4a6c8d5f60f,0xe8e6c3bb9aa724527417caaf84b6b402fc84dd5d8c459907a6b7d592ef25565b
218,1.35076333820694,0.01999129740546271,0x1eaa18a0e964d346f2b5182be3f97d7aab5145b9,2017-10-26T15:32:55.000Z,0.014799999999999999,0xf5c710f1f151edba7f5b91ce5fd92440cbe7a8e0,sell,0xe814aee960a85208c3db542c53e7d4a6c8d5f60f,0xc95ae5bdd59f03b9f8300889c1bcfc4c7399c68a15af629e3fc2c13c16ff24a0
219,6.785,0.101775,0x7ac191de1e0e606fca3c6fc377312cbc3acb3b6a,2017-10-26T15:32:32.000Z,0.015,0xf5c710f1f151edba7f5b91ce5fd92440cbe7a8e0,sell,0xe814aee960a85208c3db542c53e7d4a6c8d5f60f,0xd9b854585b1d3f80e0d0df95d24a847cd5ecc4430227eb95add86a108973c58d
220,1,0.014,0x70fd83377271a7ec574bc07da365d0805b70da34,2017-10-26T15:31:11.000Z,0.014,0xf5c710f1f151edba7f5b91ce5fd92440cbe7a8e0,sell,0xe814aee960a85208c3db542c53e7d4a6c8d5f60f,0x70e8643668dbc4407027d116cc63e07f5671a80c4316ce041da7fcdf8ba7cf55
221,1.032,0.01548,0x677f6219a6b86ac29bbbc75777220a7ff8517322,2017-10-26T15:31:08.000Z,0.015,0xf5c710f1f151edba7f5b91ce5fd92440cbe7a8e0,sell,0xe814aee960a85208c3db542c53e7d4a6c8d5f60f,0x964b2e6c648ace28730765d4a4ded2124b082d8a0073dae15ec4567c1f6d9080
222,40,0.6,0x7ac191de1e0e606fca3c6fc377312cbc3acb3b6a,2017-10-26T15:30:43.000Z,0.015,0xf5c710f1f151edba7f5b91ce5fd92440cbe7a8e0,sell,0xe814aee960a85208c3db542c53e7d4a6c8d5f60f,0x119a23ed7fd1d2c6253fd1fca17e437a2b3f33f4b31f24708d0928fcb4ed644d
223,15.17566050685195,0.22763490760277924,0x84e53c7f9f690240ebc1900125dabcf06027d816,2017-10-26T15:30:34.000Z,0.015,0xf5c710f1f151edba7f5b91ce5fd92440cbe7a8e0,sell,0xe814aee960a85208c3db542c53e7d4a6c8d5f60f,0xa870403ebb846802b2187448ae54ff38aa2b7f16c50bfebdc59207e77fc7a731
224,38.86708429304471,0.6724005582696736,0x41fa6f20d83c539026d77bad0e9e2e965b81cca7,2017-10-26T13:52:18.000Z,0.0173,0x1eaa18a0e964d346f2b5182be3f97d7aab5145b9,buy,0xe814aee960a85208c3db542c53e7d4a6c8d5f60f,0xcad61a8191fb9f0887985a4acea123413c26fa3a92a846d49936a55fb2be5428
225,0.037,0.000592,0x21cca8a1841495bc071dceb4869e5d906583b0b8,2017-10-26T13:52:18.000Z,0.016,0x1e0c8da912b1b7cb93079d3fe578ee2590529d68,sell,0xe814aee960a85208c3db542c53e7d4a6c8d5f60f,0xf1e063e16e8bf52362a832caec47db5c7d9ab85df66785631ad44a47f46dd1de
226,7.881892555766785,0.11822838833650177,0x7ac191de1e0e606fca3c6fc377312cbc3acb3b6a,2017-10-26T12:21:51.000Z,0.015,0x5a86ebf9a0e6f8181ed5143557f7b8ba89957fcc,sell,0xe814aee960a85208c3db542c53e7d4a6c8d5f60f,0x2ec52b87f95767849fddf1a267b2fe38770c8da586573b35cac5a7bf250d7d1a
227,32.903568936297475,0.49355353404446217,0xa9b0db30929ac08cfc5b393dff2c540bb1b8eb24,2017-10-26T12:19:28.000Z,0.015,0x5a86ebf9a0e6f8181ed5143557f7b8ba89957fcc,sell,0xe814aee960a85208c3db542c53e7d4a6c8d5f60f,0x13ce5679b6246bf1c92ec1b0c8f0b0a5487a15c77387b6e7a16e099ad2b5c051
228,0.521,0.008161986,0xa634623301491a5bf1335d22f4f9d76fc74c33ef,2017-10-26T12:18:28.000Z,0.015666,0x5a86ebf9a0e6f8181ed5143557f7b8ba89957fcc,sell,0xe814aee960a85208c3db542c53e7d4a6c8d5f60f,0x809c867127806b3522d9c2c290666750cb400c60f2b0583693ca1e1a145d3c0e
229,20.15,0.30225002015,0x1e0c8da912b1b7cb93079d3fe578ee2590529d68,2017-10-26T12:16:39.000Z,0.015000001,0x5a86ebf9a0e6f8181ed5143557f7b8ba89957fcc,sell,0xe814aee960a85208c3db542c53e7d4a6c8d5f60f,0x2e9917fa287cb8ed3434f18f0f1f1a96e1bbc8c9445cb6dd65636fd787a2062b
230,8.507,0.133917194,0xa634623301491a5bf1335d22f4f9d76fc74c33ef,2017-10-26T12:15:56.000Z,0.015742,0x5a86ebf9a0e6f8181ed5143557f7b8ba89957fcc,sell,0xe814aee960a85208c3db542c53e7d4a6c8d5f60f,0x28b9364fd303f446c218a4c7261b7e0bcbbd3f18bae39fdb14eb0e6b83a503cf
231,5,0.08,0x02f05621bfc28e9be362e0e9aaea6049bb87f122,2017-10-26T12:15:56.000Z,0.016,0x5a86ebf9a0e6f8181ed5143557f7b8ba89957fcc,sell,0xe814aee960a85208c3db542c53e7d4a6c8d5f60f,0xeca1d4d6aa82fcd0ac7891bf0a19dd19bded24f7de20d7b5198ae1b2c6a011fc
232,15,0.24,0x21cca8a1841495bc071dceb4869e5d906583b0b8,2017-10-26T12:14:46.000Z,0.016,0x5a86ebf9a0e6f8181ed5143557f7b8ba89957fcc,sell,0xe814aee960a85208c3db542c53e7d4a6c8d5f60f,0x7511d4d5d950aff983c41020d8b0dc88155a7167bde81a7f20e84751b849be61
233,48,0.77328,0x5104efc872d45dba3a97bf02aebe240dfc283321,2017-10-26T11:47:14.000Z,0.01611,0x1eaa18a0e964d346f2b5182be3f97d7aab5145b9,sell,0xe814aee960a85208c3db542c53e7d4a6c8d5f60f,0xc9f4086ba9a9558c8685f14c055309f732edc255f1d52bdee632a56fcd826ee2
234,19,0.3078,0x26d459c36daa5105084e70e7213e62b867d5d94b,2017-10-26T11:46:58.000Z,0.0162,0x1eaa18a0e964d346f2b5182be3f97d7aab5145b9,sell,0xe814aee960a85208c3db542c53e7d4a6c8d5f60f,0xef1b9f52e65a1ad2d039088bd131cc3d02644a0dd0191696163bf3dbe2640ddc
235,28,0.45388,0xe1e50e7ee27a4a915c35f321dd3aa80046ed2615,2017-10-26T11:46:54.000Z,0.01621,0x1eaa18a0e964d346f2b5182be3f97d7aab5145b9,sell,0xe814aee960a85208c3db542c53e7d4a6c8d5f60f,0x73a73f3c083f7729ea359e7f46dfd85bfee6f08d85e6d4386f19963dfd614488
236,248.64923666179305,3.680008702594537,0x1eaa18a0e964d346f2b5182be3f97d7aab5145b9,2017-10-26T11:33:31.000Z,0.0148,0x2fdc276dc5c8392a790c99065b11433276e3edea,sell,0xe814aee960a85208c3db542c53e7d4a6c8d5f60f,0x7d193be101f1bd5989b9b2a445d14f8c3455456f6673fa79a6c2676007715f8d
237,100,1.5743,0x1e0c8da912b1b7cb93079d3fe578ee2590529d68,2017-10-26T11:31:20.000Z,0.015743,0x2fdc276dc5c8392a790c99065b11433276e3edea,sell,0xe814aee960a85208c3db542c53e7d4a6c8d5f60f,0xfa2f8c1919e9d7c9bbed51eb7c4015f0663a61ebec84577f30e190a4c0868602
238,100,1.58,0xfbf7dc0756a9768d0c71aea5f8421f3b1eaee7d1,2017-10-26T11:30:24.000Z,0.0158,0x2fdc276dc5c8392a790c99065b11433276e3edea,sell,0xe814aee960a85208c3db542c53e7d4a6c8d5f60f,0xc048a1812d8ec50999c487cacfaa985b9a8fcbffa9188a40bda49e1fed459f29
239,200.49295444618494,3.1561600888918435,0xa634623301491a5bf1335d22f4f9d76fc74c33ef,2017-10-26T11:22:11.000Z,0.015742,0x2fdc276dc5c8392a790c99065b11433276e3edea,sell,0xe814aee960a85208c3db542c53e7d4a6c8d5f60f,0xd19a1887f5caff871fc78f05b7bbb2f201e949705846088fe1d7e78243be225f
240,30,0.55485,0x677f6219a6b86ac29bbbc75777220a7ff8517322,2017-10-26T10:59:38.000Z,0.018495,0x8d5d64b6d565a63ba8a1cd5129fa9218c2bce851,buy,0xe814aee960a85208c3db542c53e7d4a6c8d5f60f,0x90b871f1633e39c3228aa7c01e34523d1d96ed1bfb8aacf2ada69e9d271213a0
241,850,12.75,0x2b7d8dce9dbe17fba22fb8809dd2f347f611807a,2017-10-26T04:43:49.000Z,0.015,0x2fdc276dc5c8392a790c99065b11433276e3edea,sell,0xe814aee960a85208c3db542c53e7d4a6c8d5f60f,0xa4264b2e4908827136b44b984f9a0216799e107628642f0b525b037a91eebeb8
242,145.919,2.28655073,0x026d7386a1f5d968cce3ffc0d701965f5708ba2b,2017-10-26T04:38:05.000Z,0.01567,0x2fdc276dc5c8392a790c99065b11433276e3edea,sell,0xe814aee960a85208c3db542c53e7d4a6c8d5f60f,0xb1ef284d2e74806c954ef5529a93bc5b252c4b363d582da372bb308abcaf7242
243,16.036079039695444,0.29907287409032,0xec30eacdb39705ec281e10891d605cb0be41e094,2017-10-26T02:58:19.000Z,0.01865,0x26d459c36daa5105084e70e7213e62b867d5d94b,buy,0xe814aee960a85208c3db542c53e7d4a6c8d5f60f,0x4645d864b6b35afb60997d19985a3d1f3f603f2b40dcdb7806d355efa2673e27
244,37.304327902242484,0.6972178884929121,0x5bce03153aafc8848565606c396a5bb3566de761,2017-10-26T02:13:23.000Z,0.01869,0x1e0c8da912b1b7cb93079d3fe578ee2590529d68,buy,0xe814aee960a85208c3db542c53e7d4a6c8d5f60f,0xa3c3612f121e9fff22637ebeb5c2c15dfb4267fcf9e0c8f77364a928661f7657
245,11.071,0.1959567,0x5bce03153aafc8848565606c396a5bb3566de761,2017-10-26T02:06:08.000Z,0.0177,0x21cca8a1841495bc071dceb4869e5d906583b0b8,buy,0xe814aee960a85208c3db542c53e7d4a6c8d5f60f,0xaadb86a713f003900650847d58f6965fd43af7393d1cbe80af43fa00db588c74
246,2.5,0.044,0x5bce03153aafc8848565606c396a5bb3566de761,2017-10-26T02:04:18.000Z,0.0176,0x21cca8a1841495bc071dceb4869e5d906583b0b8,buy,0xe814aee960a85208c3db542c53e7d4a6c8d5f60f,0x90e7ddb81bbebb2d223c86874337f12f17ce5754e19f0e9f89538a8c7d209c79
247,100,1.755,0x41fa6f20d83c539026d77bad0e9e2e965b81cca7,2017-10-26T01:47:47.000Z,0.01755,0x1e0c8da912b1b7cb93079d3fe578ee2590529d68,buy,0xe814aee960a85208c3db542c53e7d4a6c8d5f60f,0xce0d94dea4e572b3b75a3407292c46634fad9073634329d3b03400d928e44bc5
248,100,1.75,0x41fa6f20d83c539026d77bad0e9e2e965b81cca7,2017-10-26T01:04:24.000Z,0.0175,0xfbf7dc0756a9768d0c71aea5f8421f3b1eaee7d1,buy,0xe814aee960a85208c3db542c53e7d4a6c8d5f60f,0x44d30fb6c4bb1d09c6553dcd9f2b83d715228079fac84d6a5aa9031c401b317b
249,32.08093010452839,0.5027081747379599,0x026d7386a1f5d968cce3ffc0d701965f5708ba2b,2017-10-25T23:43:58.000Z,0.01567,0x1ed014aec47fae44c9e55bac7662c0b78ae61798,sell,0xe814aee960a85208c3db542c53e7d4a6c8d5f60f,0xd2d034cd6d92d8dd3c52251d396155f6717304d55d5334eadc05de07cb8fcf9f
250,2.45,0.04312,0xe90d642cf5522beb1c61eb5f5b19f7dcbf3fb2af,2017-10-25T21:08:53.000Z,0.0176,0x1e0c8da912b1b7cb93079d3fe578ee2590529d68,sell,0xe814aee960a85208c3db542c53e7d4a6c8d5f60f,0x525ed21dd2db10c82abce6a701369c9b669a6c1ea1899e231d5244cd50bd18ce
251,44.79643106370252,0.6719464659555379,0xa9b0db30929ac08cfc5b393dff2c540bb1b8eb24,2017-10-25T21:07:04.000Z,0.015,0x552ffd1a0de671e211cb4a3e82a2f7f19996cec8,sell,0xe814aee960a85208c3db542c53e7d4a6c8d5f60f,0x1bd3cd194d04dd941a3d0dab28ed10f0c14a93b341092d3ff6a31948a0634532
252,21.5,0.3246500215,0x1e0c8da912b1b7cb93079d3fe578ee2590529d68,2017-10-25T21:05:21.000Z,0.015100001,0x552ffd1a0de671e211cb4a3e82a2f7f19996cec8,sell,0xe814aee960a85208c3db542c53e7d4a6c8d5f60f,0xc7c4d8900c66011797ab1231256325982881751823ab354fbb0f94ef7a66ec23
253,10.4,0.16744,0x21cca8a1841495bc071dceb4869e5d906583b0b8,2017-10-25T21:05:12.000Z,0.0161,0x552ffd1a0de671e211cb4a3e82a2f7f19996cec8,sell,0xe814aee960a85208c3db542c53e7d4a6c8d5f60f,0xad0402c68c799aa261f6f91228de955c78a1c0e22070a8d27e721f49e5ad945f
254,23,0.3726,0x26d459c36daa5105084e70e7213e62b867d5d94b,2017-10-25T21:04:39.000Z,0.0162,0x552ffd1a0de671e211cb4a3e82a2f7f19996cec8,sell,0xe814aee960a85208c3db542c53e7d4a6c8d5f60f,0x3a4983e4a43d6c908092e2d03cb6a823871a778e4bbde9aeb474b8aeb018a772
255,4,0.0704,0xe58ea8a73b6d7386fbb397d155b3e979d3c65187,2017-10-25T19:38:15.000Z,0.0176,0x21cca8a1841495bc071dceb4869e5d906583b0b8,buy,0xe814aee960a85208c3db542c53e7d4a6c8d5f60f,0xeffc38d639049b876db38e3a56fb04bdba9a0a224e03e60bfc34de82cdcc5eab
256,5.5,0.0968,0x6ea442c42b3d41b6f1d636a3fcb04ccb5c31ac87,2017-10-25T18:32:57.000Z,0.0176,0x21cca8a1841495bc071dceb4869e5d906583b0b8,buy,0xe814aee960a85208c3db542c53e7d4a6c8d5f60f,0x6290f98e67f33f54305104584c480da29e4d4e0e3aaf279fdc4343fba77cfb6c
257,0.06,0.001182,0x2b2bca6d983e19c6a86784ac21accf2fe86a87b1,2017-10-25T15:51:18.000Z,0.0197,0x1e0c8da912b1b7cb93079d3fe578ee2590529d68,sell,0xe814aee960a85208c3db542c53e7d4a6c8d5f60f,0x1166af2d8f99f8a045cf547c7fc62b15a15b65b265652d5bb6a9c32a82b29346
258,20,0.389,0x273a5d3e6721b9f5c1a6474f560c1334c63dda01,2017-10-25T15:36:14.000Z,0.01945,0x26d459c36daa5105084e70e7213e62b867d5d94b,buy,0xe814aee960a85208c3db542c53e7d4a6c8d5f60f,0x6ffd3272eaf43c52c8b855629821818cce0a52d823dbd7b2938ea75328715181
259,19.94,0.392818,0x2b2bca6d983e19c6a86784ac21accf2fe86a87b1,2017-10-25T15:36:14.000Z,0.0197,0x273a5d3e6721b9f5c1a6474f560c1334c63dda01,sell,0xe814aee960a85208c3db542c53e7d4a6c8d5f60f,0x6ffd3272eaf43c52c8b855629821818cce0a52d823dbd7b2938ea75328715181
260,25.849963937244542,0.38774948490863204,0x1e0c8da912b1b7cb93079d3fe578ee2590529d68,2017-10-25T13:43:34.000Z,0.015000001,0x1310169ecb8bb9c0417f7d6cf499da4b233b040b,sell,0xe814aee960a85208c3db542c53e7d4a6c8d5f60f,0x249db43efa6597786db1698a62f70897e1b89440b01e0a8384a7f40e7942aeb0
261,12,0.192,0x21cca8a1841495bc071dceb4869e5d906583b0b8,2017-10-25T13:41:54.000Z,0.016,0x1310169ecb8bb9c0417f7d6cf499da4b233b040b,sell,0xe814aee960a85208c3db542c53e7d4a6c8d5f60f,0x99bef0b108638604c0e4cff618ece93d92e4edfbfb3a34135d2304910290baf4
262,88,1.3376,0x26d459c36daa5105084e70e7213e62b867d5d94b,2017-10-25T13:40:03.000Z,0.0152,0x1310169ecb8bb9c0417f7d6cf499da4b233b040b,sell,0xe814aee960a85208c3db542c53e7d4a6c8d5f60f,0xb24411bd3a08e0233fba3ee18314f02e5890337f303bb93c3a7eae6fdf69b4fa
263,100,1.53,0xfbf7dc0756a9768d0c71aea5f8421f3b1eaee7d1,2017-10-25T13:38:44.000Z,0.0153,0x1310169ecb8bb9c0417f7d6cf499da4b233b040b,sell,0xe814aee960a85208c3db542c53e7d4a6c8d5f60f,0x4249f7a97334b3c9090ac7cb7564ec4d76e8f1d38159afb4d0e87edb96b541da
264,0.7416734693877551,0.01417338,0x66da818232b0c73ae373093df4bb0d127e2e5b05,2017-10-25T13:04:40.000Z,0.01911,0x1e0c8da912b1b7cb93079d3fe578ee2590529d68,sell,0xe814aee960a85208c3db542c53e7d4a6c8d5f60f,0x77a56c99d4e1719cf874e8ab9e1cf22c21d5c216039212cad9b08758df0a90f4
265,30,0.5904,0x84e53c7f9f690240ebc1900125dabcf06027d816,2017-10-25T12:12:38.000Z,0.01968,0x598e5da841a2801239208ecc70b543f9a634fa32,buy,0xe814aee960a85208c3db542c53e7d4a6c8d5f60f,0x21bf3a0cc4c010b930e444edbd70addd8930ac2978330ea8cb75a7fbb5dc65c2
266,101.105,1.941216,0x57e8e446e9302a04fac7563062e4570e79ea3a06,2017-10-25T12:05:50.000Z,0.0192,0x598e5da841a2801239208ecc70b543f9a634fa32,buy,0xe814aee960a85208c3db542c53e7d4a6c8d5f60f,0x668f7ed94fd0653bc892a853a9d284a09205a913e1c37a375621308ebdcb746d
267,119.03872237544745,2.274829984594801,0x57e8e446e9302a04fac7563062e4570e79ea3a06,2017-10-25T12:04:30.000Z,0.01911,0xa634623301491a5bf1335d22f4f9d76fc74c33ef,buy,0xe814aee960a85208c3db542c53e7d4a6c8d5f60f,0x4ea846d6e743a9d39b0cf4fa130d2f4f29bf4b750b17635c0f458a17d23ec8f2
268,4,0.07644,0x66da818232b0c73ae373093df4bb0d127e2e5b05,2017-10-25T11:25:11.000Z,0.01911,0xa634623301491a5bf1335d22f4f9d76fc74c33ef,buy,0xe814aee960a85208c3db542c53e7d4a6c8d5f60f,0x1f9d9879ec62e8e8fb3bc8a5f67d3f503593b891008064c178ab8416a741ad0a
269,1,0.0191,0x66da818232b0c73ae373093df4bb0d127e2e5b05,2017-10-25T11:20:52.000Z,0.0191,0xee8530fbfa970972d427aa8944b1f91ea3f80ad0,buy,0xe814aee960a85208c3db542c53e7d4a6c8d5f60f,0x1e0dad8e90050f7667a0e6b3dd1dc2327542b4acb2e83337d36984ff80051b14
270,1.661277624552551,0.031747015405199246,0x25de87b3f8d6e5e69319155f84f93571f66e0601,2017-10-25T10:49:47.000Z,0.01911,0xa634623301491a5bf1335d22f4f9d76fc74c33ef,buy,0xe814aee960a85208c3db542c53e7d4a6c8d5f60f,0x2aa1634d8227e0b5faf647f11d7bdd068456a4b75f38399b60691161bee3fb78
271,3,0.05733,0x25de87b3f8d6e5e69319155f84f93571f66e0601,2017-10-25T10:40:28.000Z,0.01911,0xa634623301491a5bf1335d22f4f9d76fc74c33ef,buy,0xe814aee960a85208c3db542c53e7d4a6c8d5f60f,0x78e6257ebc2d5eeb8eefcd44d40f018a410f2dc9318f7795b5c530615194b2ee
272,7.3,0.139503,0x25de87b3f8d6e5e69319155f84f93571f66e0601,2017-10-25T10:17:25.000Z,0.01911,0xa634623301491a5bf1335d22f4f9d76fc74c33ef,buy,0xe814aee960a85208c3db542c53e7d4a6c8d5f60f,0x64870bea3a9df01a52d68c187e726683743e9e27edc0f7f21740f6967bba056e
273,10,0.1911,0xa03cbeeeead4346c01f0d4f959f93835377f9988,2017-10-25T09:55:23.000Z,0.01911,0xa634623301491a5bf1335d22f4f9d76fc74c33ef,buy,0xe814aee960a85208c3db542c53e7d4a6c8d5f60f,0x7c33e2b51ca0fb136260fe430574dbc34aa5db988a9a05123e41c5cf1b3366b3
274,15,0.28665,0xf4d0be3f8a1110b5ba17db98bf0140eabc495a2a,2017-10-25T09:37:44.000Z,0.01911,0xa634623301491a5bf1335d22f4f9d76fc74c33ef,buy,0xe814aee960a85208c3db542c53e7d4a6c8d5f60f,0x80288459e9ffabe3d0af4531ac792022f284903e58660c30e8646a1d5cdc692d
275,34,0.544,0x84e53c7f9f690240ebc1900125dabcf06027d816,2017-10-25T07:33:30.000Z,0.016,0x27091a6b3ec0c07fc1ae4b3b7062224b0303ec02,sell,0xe814aee960a85208c3db542c53e7d4a6c8d5f60f,0x6b11055558c2a49e454547c3914c99b64ae009b738ce7a749d2de801de6f4cb7
276,0.003,0.0000435,0x1e0c8da912b1b7cb93079d3fe578ee2590529d68,2017-10-24T23:58:33.000Z,0.0145,0x0ffdb1f6213fee50b1d656c84d6ed238d7df3e09,sell,0xe814aee960a85208c3db542c53e7d4a6c8d5f60f,0xaa9aa527bfeb01c61f161ce22fb8e687b068dc660983e4fed9ba52c3ea9a21a1
277,30.29784577980777,0.43931876380721263,0x1e0c8da912b1b7cb93079d3fe578ee2590529d68,2017-10-24T23:53:34.000Z,0.0145,0x0ffdb1f6213fee50b1d656c84d6ed238d7df3e09,sell,0xe814aee960a85208c3db542c53e7d4a6c8d5f60f,0xc1e5398120877dbb6af1caaaabf0da4a58064e4ab0693bce2a3186b9b9fcd9e1
278,15,0.2175,0x1e0c8da912b1b7cb93079d3fe578ee2590529d68,2017-10-24T23:50:41.000Z,0.0145,0x0ffdb1f6213fee50b1d656c84d6ed238d7df3e09,sell,0xe814aee960a85208c3db542c53e7d4a6c8d5f60f,0x8108ca395887b207c3db50b2cc72b3b60c0191a406d07ce03ed29b1b58237617
279,8.929,0.133935,0xa634623301491a5bf1335d22f4f9d76fc74c33ef,2017-10-24T23:36:13.000Z,0.015,0x0ffdb1f6213fee50b1d656c84d6ed238d7df3e09,sell,0xe814aee960a85208c3db542c53e7d4a6c8d5f60f,0x6a1a231bf1c5b8aa08420e593113b08ad84831f22ab3f35796d3ff27563244d9
280,0.00000000327340196,0.000000000163670098,0x530efdab2d96eacd829eaf69278ed50e95a6d369,2017-10-24T23:17:36.000Z,0.05,0xc81fa65d02b624013d9982979f1cea78fabf2f86,buy,0xe814aee960a85208c3db542c53e7d4a6c8d5f60f,0x14bccda94e69526851688969b0921c72d404af9de226b6b2e8d1f0ab72f0ebc7
281,5.296793874161824,0.07945190811242736,0xa634623301491a5bf1335d22f4f9d76fc74c33ef,2017-10-24T23:16:27.000Z,0.015,0xcbd1922da7eb55788b72ffecc2477741808c0edd,sell,0xe814aee960a85208c3db542c53e7d4a6c8d5f60f,0xb965f8dd55e6e9e87b62200fca9891ed8d6f05405e0ef704469f8150da548972
282,0.000039089875175571,0.000001641774757374,0x530efdab2d96eacd829eaf69278ed50e95a6d369,2017-10-24T23:15:40.000Z,0.04200000000000046,0xa062f513f54b30281d53cb32ad6ee7f6f86a5d6e,buy,0xe814aee960a85208c3db542c53e7d4a6c8d5f60f,0xad2bec03e9dae6791ec5eee7a0759c19883349dba6d5493f4edadecd465c1ac4
283,0.00099382871129605,0.000014162059135968,0x1e0c8da912b1b7cb93079d3fe578ee2590529d68,2017-10-24T22:39:46.000Z,0.014249999999999282,0x6e0c0efdc5f84e40d2e6fd103a1c87e1321b9c7c,sell,0xe814aee960a85208c3db542c53e7d4a6c8d5f60f,0x0ea1cff04a65b5a6fea006df895ecbde763c0351a3ca0e761cc0e60c99bdf3fc
284,9.969095803010667,0.142059615192902,0x1e0c8da912b1b7cb93079d3fe578ee2590529d68,2017-10-24T22:38:41.000Z,0.01425,0x6e0c0efdc5f84e40d2e6fd103a1c87e1321b9c7c,sell,0xe814aee960a85208c3db542c53e7d4a6c8d5f60f,0xb531414b0f370d8f4458837c1de1ceee7814e438745ca9d0666c0e17ab01f7f8
285,3.8946171065233286,0.07477664844524791,0x33dd06271d445175af6f81b3ef68d2eee5a029ea,2017-10-24T21:56:06.000Z,0.0192,0x598e5da841a2801239208ecc70b543f9a634fa32,buy,0xe814aee960a85208c3db542c53e7d4a6c8d5f60f,0x5ffd19451229ccee87ad5e5b95e8878ab8302ba34783649de4dfae0216328278
286,0.00001,0.0000035,0x530efdab2d96eacd829eaf69278ed50e95a6d369,2017-10-24T21:32:20.000Z,0.35,0x057ed433468485ed84c1e61a212b93bbfbb5cef9,buy,0xe814aee960a85208c3db542c53e7d4a6c8d5f60f,0x6ec53649303e574474f90306e355cc0f05fdaaebded2144015ccbe30e863cabd
287,0.00001,0.0000034,0x530efdab2d96eacd829eaf69278ed50e95a6d369,2017-10-24T21:29:53.000Z,0.34,0x057ed433468485ed84c1e61a212b93bbfbb5cef9,buy,0xe814aee960a85208c3db542c53e7d4a6c8d5f60f,0x103886313b58347fc09f81295906d8cc50cb2deb1b7b4a11a4e4c73a6d83550d
288,0.0000001,0.00000000899,0x530efdab2d96eacd829eaf69278ed50e95a6d369,2017-10-24T21:27:49.000Z,0.0899,0x057ed433468485ed84c1e61a212b93bbfbb5cef9,buy,0xe814aee960a85208c3db542c53e7d4a6c8d5f60f,0xcf4e8c9a4a979638b0ca0594462a558709874e30309aa81a80b2e8b4cb68206c
289,0.000001,0.000000045,0x530efdab2d96eacd829eaf69278ed50e95a6d369,2017-10-24T21:26:27.000Z,0.045,0xa062f513f54b30281d53cb32ad6ee7f6f86a5d6e,buy,0xe814aee960a85208c3db542c53e7d4a6c8d5f60f,0xfb4d95637c05606dbdd806843be640c39873736291adbec0761e0c77de330daa
290,1,0.038,0x6ea442c42b3d41b6f1d636a3fcb04ccb5c31ac87,2017-10-24T21:23:38.000Z,0.038,0x1d2b6629fc4330c48246f39876c6d10b11adc34d,buy,0xe814aee960a85208c3db542c53e7d4a6c8d5f60f,0xd41099545f74e3e52d39a70981f23b46e1b23373661dda7ba6e8195b7aca7a7a
291,11,0.374,0x6ea442c42b3d41b6f1d636a3fcb04ccb5c31ac87,2017-10-24T21:16:59.000Z,0.034,0x1d2b6629fc4330c48246f39876c6d10b11adc34d,buy,0xe814aee960a85208c3db542c53e7d4a6c8d5f60f,0x5bf77827b8c8e763b075e809d3deb51f5f8c74e9969fe12192315b18176a0c8e
292,12,0.396,0x1d2b6629fc4330c48246f39876c6d10b11adc34d,2017-10-24T21:12:04.000Z,0.033,0x6ea442c42b3d41b6f1d636a3fcb04ccb5c31ac87,buy,0xe814aee960a85208c3db542c53e7d4a6c8d5f60f,0x2bad9f8fa3013d3debac5652ce4555c300c1667f039447eb264eddf9f17ca64d
293,10.75,0.2133875,0x78b9c5a1a3c08cb7e638b898652500c7a6f2f47f,2017-10-24T20:45:17.000Z,0.01985,0xa634623301491a5bf1335d22f4f9d76fc74c33ef,buy,0xe814aee960a85208c3db542c53e7d4a6c8d5f60f,0x057bcf2edaa76dbb42c89b96884eb1dcdeb3766b25c5a00b01312036197b2a71
294,100,1.98,0x78b9c5a1a3c08cb7e638b898652500c7a6f2f47f,2017-10-24T20:39:38.000Z,0.0198,0x1c311e166e62e1d4d480cf14b066533764697b65,buy,0xe814aee960a85208c3db542c53e7d4a6c8d5f60f,0x228d63da35e61d7d78741b30e9e93171f8b3422cdde3dbde7ad73f58e1aa697a
295,5,0.085,0x028932001376fc2efcef7b585b216f1f48cf279c,2017-10-24T17:13:08.000Z,0.017,0x26d459c36daa5105084e70e7213e62b867d5d94b,sell,0xe814aee960a85208c3db542c53e7d4a6c8d5f60f,0x1ee79553b68a9e834514486d9bd44e351db37a737b54c5c81735a80b99853d24
296,53.8,0.9684,0x7eb30b405235a6d5988f64e97f5400d6352eeab3,2017-10-24T17:04:56.000Z,0.018,0xf5c710f1f151edba7f5b91ce5fd92440cbe7a8e0,sell,0xe814aee960a85208c3db542c53e7d4a6c8d5f60f,0x77378ec109bcc6af83694e05397204fadf47ac0077736cb1b27bcca29e68433b
297,1,0.016,0xee8530fbfa970972d427aa8944b1f91ea3f80ad0,2017-10-24T16:31:05.000Z,0.016,0x6a88f73b93efde109b107086e9665680049f22e1,sell,0xe814aee960a85208c3db542c53e7d4a6c8d5f60f,0x90cba699be6414e82cb2878d3772fe345702cba85aff4a534b6b910f3b153835
298,44,0.77,0xee8530fbfa970972d427aa8944b1f91ea3f80ad0,2017-10-24T16:23:20.000Z,0.0175,0xf5c710f1f151edba7f5b91ce5fd92440cbe7a8e0,sell,0xe814aee960a85208c3db542c53e7d4a6c8d5f60f,0xa54e1b0211c2903a7fad9b67f70e2313e2c0abd6909b48d0feb2d2e36800459b
299,50,0.95,0xf5c710f1f151edba7f5b91ce5fd92440cbe7a8e0,2017-10-24T16:11:16.000Z,0.019,0xf5c710f1f151edba7f5b91ce5fd92440cbe7a8e0,sell,0xe814aee960a85208c3db542c53e7d4a6c8d5f60f,0xcc88e8be51c28704e3946625fd492b2b7ebac98b5ff5d5fea0c7b24a085530de
300,54,0.999,0x072d74f3db8a35043d7b930e915db8128044a641,2017-10-24T16:01:33.000Z,0.0185,0xf5c710f1f151edba7f5b91ce5fd92440cbe7a8e0,sell,0xe814aee960a85208c3db542c53e7d4a6c8d5f60f,0x1f222f388778f447edb8fa2a5c58ca8bb4d6c0020a74ecd8af14dcb5fa942c32
301,212.39604968112957,3.398336794898073,0xee8530fbfa970972d427aa8944b1f91ea3f80ad0,2017-10-24T15:51:19.000Z,0.016,0x2fdc276dc5c8392a790c99065b11433276e3edea,sell,0xe814aee960a85208c3db542c53e7d4a6c8d5f60f,0xf666b4b4f57804abf79176b785f942bded546ac3e56192810d5a144e3230d6a3
302,12,0.378,0x6a88f73b93efde109b107086e9665680049f22e1,2017-10-24T15:36:15.000Z,0.0315,0xbbbe9baa7501cd9fda6dab08c4722dbcc4006452,buy,0xe814aee960a85208c3db542c53e7d4a6c8d5f60f,0xd70a5a84bd396dc6aad32030cab9fc410c8ae4c72467851735056e002abc26ed
303,100,3.2,0x6a88f73b93efde109b107086e9665680049f22e1,2017-10-24T15:35:44.000Z,0.032,0xd445f61ebca3d6b4c57eef1f39fdab6595ef8972,sell,0xe814aee960a85208c3db542c53e7d4a6c8d5f60f,0x115e8bf0c95adeed41bdc159be54142c5c111b07ce6957eff4f446dedf420219
304,100.30090270812437,1.3489468405215648,0xd445f61ebca3d6b4c57eef1f39fdab6595ef8972,2017-10-24T15:35:44.000Z,0.013449,0x1e0c8da912b1b7cb93079d3fe578ee2590529d68,buy,0xe814aee960a85208c3db542c53e7d4a6c8d5f60f,0x115e8bf0c95adeed41bdc159be54142c5c111b07ce6957eff4f446dedf420219
305,5,0.14,0x6a88f73b93efde109b107086e9665680049f22e1,2017-10-24T15:33:30.000Z,0.028,0xe697070bf833af624bd637b03af6234c2606a0b7,buy,0xe814aee960a85208c3db542c53e7d4a6c8d5f60f,0x2a5d49d681838532b1022eed015efb8be090dd70bfe6a97b9cbb6902110ee3e6
306,10.771972285913618,0.21543944571827237,0x6a88f73b93efde109b107086e9665680049f22e1,2017-10-24T15:32:41.000Z,0.02,0x1bdc7e14edff655dcda6ade7cdac889ca7175ada,buy,0xe814aee960a85208c3db542c53e7d4a6c8d5f60f,0xe320bd5c91a96bfb0a07f0f39eb01811c244575b6e4b7544c7873a87ee31f04e
307,11,0.147939,0xd2ea382e498316d91b9de8557670149b479721a0,2017-10-24T15:32:11.000Z,0.013449,0x1e0c8da912b1b7cb93079d3fe578ee2590529d68,buy,0xe814aee960a85208c3db542c53e7d4a6c8d5f60f,0xd6954a5c7ece7fcf429be0cacff083eb8920ccd283c6d4b7ae1519ce97292811
308,10.967,0.17766529033,0x677f6219a6b86ac29bbbc75777220a7ff8517322,2017-10-24T15:32:11.000Z,0.01619999,0xd2ea382e498316d91b9de8557670149b479721a0,sell,0xe814aee960a85208c3db542c53e7d4a6c8d5f60f,0xd6954a5c7ece7fcf429be0cacff083eb8920ccd283c6d4b7ae1519ce97292811
309,199.429849348548,4.188026836319508,0x1e0c8da912b1b7cb93079d3fe578ee2590529d68,2017-10-24T15:31:27.000Z,0.021,0xee8530fbfa970972d427aa8944b1f91ea3f80ad0,buy,0xe814aee960a85208c3db542c53e7d4a6c8d5f60f,0x4f69e357940a8a1b62421b3295085be45ec56aec3a915623c087fcb21d897fba
310,4.228027714086382,0.08456055428172764,0x33dd06271d445175af6f81b3ef68d2eee5a029ea,2017-10-24T15:31:27.000Z,0.02,0x1bdc7e14edff655dcda6ade7cdac889ca7175ada,buy,0xe814aee960a85208c3db542c53e7d4a6c8d5f60f,0x4d589b77a7e852c3cdd44b5f51f27b1df9b54eadcb2ecd5b677f19ebed49979e
311,37,0.703,0x6a88f73b93efde109b107086e9665680049f22e1,2017-10-24T15:29:34.000Z,0.019,0x1fd1603aa6631efe9af2d1f0aa197b9f8fd22ea3,buy,0xe814aee960a85208c3db542c53e7d4a6c8d5f60f,0x89cd57f115efe82d6bdd19817ae0fadb2812f3e0b71464d288959b7fe9f378d1
312,11,0.20768,0x6a88f73b93efde109b107086e9665680049f22e1,2017-10-24T15:29:24.000Z,0.01888,0xbbbe9baa7501cd9fda6dab08c4722dbcc4006452,buy,0xe814aee960a85208c3db542c53e7d4a6c8d5f60f,0x62332fcf2386e6cc7a765fdff21f4947c5babf69605e2be67c1de3a45eb4125c
313,11,0.187,0x6a88f73b93efde109b107086e9665680049f22e1,2017-10-24T15:28:13.000Z,0.017,0x21cca8a1841495bc071dceb4869e5d906583b0b8,buy,0xe814aee960a85208c3db542c53e7d4a6c8d5f60f,0x78dbe32c529f883119459a35dd031bd20618d8f5254367a0991b1d5799fca82a
314,20,0.3222,0x6a88f73b93efde109b107086e9665680049f22e1,2017-10-24T15:26:21.000Z,0.01611,0xe1226c4d0a752a3ef42ee783aa1b4ac1abe47a8e,buy,0xe814aee960a85208c3db542c53e7d4a6c8d5f60f,0xd382197106a977e078bcb89910824e611a1eabc863a5443c1b558a17cecf7b3b
315,4,0.06479996,0x6a88f73b93efde109b107086e9665680049f22e1,2017-10-24T15:26:02.000Z,0.01619999,0x9e593db389c9d8307b5c932dda21491e63f8f7d3,buy,0xe814aee960a85208c3db542c53e7d4a6c8d5f60f,0x39e373ce3d622d74845fbb7d01ef548a37fc4be5be4aca3285f3c84f7a4a23ab
316,110,1.7819989,0xf5c710f1f151edba7f5b91ce5fd92440cbe7a8e0,2017-10-24T15:23:36.000Z,0.01619999,0x9e593db389c9d8307b5c932dda21491e63f8f7d3,buy,0xe814aee960a85208c3db542c53e7d4a6c8d5f60f,0x25671a21da6121d52f30a2a408942140bef6d9e5944bdb4be5483bbde23388f0
317,50,0.75,0x6a88f73b93efde109b107086e9665680049f22e1,2017-10-24T15:21:25.000Z,0.015,0x0006e4548aed4502ec8c844567840ce6ef1013f5,buy,0xe814aee960a85208c3db542c53e7d4a6c8d5f60f,0x1c927100db98514680e4ccd0c403bd31a0153e5e7bf6063cf5a8d42de74e3d15
318,5,0.075,0x6a88f73b93efde109b107086e9665680049f22e1,2017-10-24T15:20:48.000Z,0.015,0x1bdc7e14edff655dcda6ade7cdac889ca7175ada,buy,0xe814aee960a85208c3db542c53e7d4a6c8d5f60f,0xbb0676d1a14b5a428cba8f43106c69bba2b784baa83116e534d80331d18fdcaa
319,0.139,0.00192515,0xf5c710f1f151edba7f5b91ce5fd92440cbe7a8e0,2017-10-24T15:19:39.000Z,0.01385,0xfbf7dc0756a9768d0c71aea5f8421f3b1eaee7d1,buy,0xe814aee960a85208c3db542c53e7d4a6c8d5f60f,0xbcdf1142164d585b2c63b4db9a7689fc370965589ea0bd27ea2fac60249161fe
320,17.41,0.2341645,0xf5c710f1f151edba7f5b91ce5fd92440cbe7a8e0,2017-10-24T15:17:29.000Z,0.01345,0xfbf7dc0756a9768d0c71aea5f8421f3b1eaee7d1,buy,0xe814aee960a85208c3db542c53e7d4a6c8d5f60f,0xa4121605c1b57b11dcd26612b133665a34621867c6a831a4811d2bf86ff9c495
321,3.94,0.05298906,0x6a88f73b93efde109b107086e9665680049f22e1,2017-10-24T15:16:35.000Z,0.013449,0x1e0c8da912b1b7cb93079d3fe578ee2590529d68,buy,0xe814aee960a85208c3db542c53e7d4a6c8d5f60f,0x5a30a84e94952f7df491e5fea5ded75e6de70b2d315ec9f25b8aa53f7d836c51
322,82.58983309882746,1.1108332551792293,0xee8530fbfa970972d427aa8944b1f91ea3f80ad0,2017-10-24T15:12:37.000Z,0.01345,0xfbf7dc0756a9768d0c71aea5f8421f3b1eaee7d1,buy,0xe814aee960a85208c3db542c53e7d4a6c8d5f60f,0xf9974265b432ff47a7178427e3b205ee31e734ae3a3bd5ef23601fce79364b05
323,140,1.8746,0xf5c710f1f151edba7f5b91ce5fd92440cbe7a8e0,2017-10-24T15:10:39.000Z,0.01339,0x1e0c8da912b1b7cb93079d3fe578ee2590529d68,buy,0xe814aee960a85208c3db542c53e7d4a6c8d5f60f,0x997be26b339a9c0837dc7b6b63591435819d664b75916a4b46534c8f30ef26be
324,102,1.3566,0xf5c710f1f151edba7f5b91ce5fd92440cbe7a8e0,2017-10-24T15:07:51.000Z,0.0133,0x1eaa18a0e964d346f2b5182be3f97d7aab5145b9,buy,0xe814aee960a85208c3db542c53e7d4a6c8d5f60f,0xfedef49cea2b4462b93d7bbd286e044021a5c8c34014118583ba99e42b48850d
325,11.5,0.15295,0x0af93837166270bf4b89fd91dd200da9c92a4e31,2017-10-24T15:03:27.000Z,0.0133,0xee8530fbfa970972d427aa8944b1f91ea3f80ad0,buy,0xe814aee960a85208c3db542c53e7d4a6c8d5f60f,0x3913a483286973d9fe9cae087999d0dc61a9bdaa3d713710801750263e47d643
326,400,4.56,0x2fbe2663275debee887eb265682c08901258be6d,2017-10-24T11:11:23.000Z,0.0114,0xe371ff4cf5040a8ac4217a23e78f2fe448a4e164,sell,0xe814aee960a85208c3db542c53e7d4a6c8d5f60f,0x114d260467eaaf9207131ae3ca502b07ad2b36af1eeda19e15f149ab652216fc
327,100,1.195,0xfbf7dc0756a9768d0c71aea5f8421f3b1eaee7d1,2017-10-24T11:10:49.000Z,0.01195,0xe371ff4cf5040a8ac4217a23e78f2fe448a4e164,sell,0xe814aee960a85208c3db542c53e7d4a6c8d5f60f,0x39edb2b935f88d98e5b4f999a90075a38a4219fe4d4fa25aa92a175ea3e9f153
328,0.139,0.00174445,0xfbf7dc0756a9768d0c71aea5f8421f3b1eaee7d1,2017-10-24T09:14:53.000Z,0.01255,0xf5c710f1f151edba7f5b91ce5fd92440cbe7a8e0,sell,0xe814aee960a85208c3db542c53e7d4a6c8d5f60f,0x766fe614d83fce3dfe6a72de2549b712d7cf3fbd40471f11bb4f6ee07313db8c
329,96,1.296,0x530efdab2d96eacd829eaf69278ed50e95a6d369,2017-10-24T09:08:21.000Z,0.0135,0xf5c710f1f151edba7f5b91ce5fd92440cbe7a8e0,sell,0xe814aee960a85208c3db542c53e7d4a6c8d5f60f,0x69cbbabbcecc608ca4fc6a970314715efd367f6c34819f9f9550d11e1acfd5c8
330,30,0.40197,0x530efdab2d96eacd829eaf69278ed50e95a6d369,2017-10-24T02:37:53.000Z,0.013399,0x26b3cecd237ae5464f114517d8f6b96226a269ed,buy,0xe814aee960a85208c3db542c53e7d4a6c8d5f60f,0xd342fdda38548de00b21f75817bcedd98a99842ddfae4cc154c6b31eaef37cc2
331,20,0.263,0xc1bd1fb72bbe273ca929793d871d8fc4f608b780,2017-10-24T01:21:42.000Z,0.01315,0x1e0c8da912b1b7cb93079d3fe578ee2590529d68,sell,0xe814aee960a85208c3db542c53e7d4a6c8d5f60f,0x91b01375f120c7b36f546ffa18704da612f7f8d9b5033f73eb88abf91c79a500
332,121.59904296680291,1.3996049845479015,0x1e0c8da912b1b7cb93079d3fe578ee2590529d68,2017-10-23T22:29:49.000Z,0.01151,0x66aebf7b2f12cb3671b1421e262809b41b1fa301,sell,0xe814aee960a85208c3db542c53e7d4a6c8d5f60f,0x7e04ea6d92dc3ae356e4a9005acb89c8bd821e0e9342ecfbdd8cecebbe7dde97
333,55,0.76945,0xf5c710f1f151edba7f5b91ce5fd92440cbe7a8e0,2017-10-23T22:13:10.000Z,0.01399,0xf5c710f1f151edba7f5b91ce5fd92440cbe7a8e0,buy,0xe814aee960a85208c3db542c53e7d4a6c8d5f60f,0x398fc27e002e997e1077bc7e8ea3babc16fa3ea24adaa9cadde83926db1f7bf3
334,250,3.375,0xf5c710f1f151edba7f5b91ce5fd92440cbe7a8e0,2017-10-23T22:12:32.000Z,0.0135,0xf5c710f1f151edba7f5b91ce5fd92440cbe7a8e0,buy,0xe814aee960a85208c3db542c53e7d4a6c8d5f60f,0x50feb6c77ac007a8d4bee827ae0b38c94ca7a4a245fa2a9b305298bc481347f7
335,100,1.33,0x41fa6f20d83c539026d77bad0e9e2e965b81cca7,2017-10-23T21:44:28.000Z,0.0133,0x1eaa18a0e964d346f2b5182be3f97d7aab5145b9,buy,0xe814aee960a85208c3db542c53e7d4a6c8d5f60f,0xb46f508f0cf82e05406a7ca8766b1e112de08e7007caf61e7e7db45d57afae78
336,100,1.33,0x41fa6f20d83c539026d77bad0e9e2e965b81cca7,2017-10-23T21:34:39.000Z,0.0133,0x1eaa18a0e964d346f2b5182be3f97d7aab5145b9,buy,0xe814aee960a85208c3db542c53e7d4a6c8d5f60f,0x1f16527e5a1695a6cc00c6308efe86b42417798234f446ae4e23c06ef819d753
337,29.995973,0.4049453325406727,0x41fa6f20d83c539026d77bad0e9e2e965b81cca7,2017-10-23T20:54:07.000Z,0.0134999899,0x979aeda7863b556d33702eacc851ebcdf4de0259,buy,0xe814aee960a85208c3db542c53e7d4a6c8d5f60f,0x44c4763b11ee086eeeed21a2a7deac72b75ce4e95c1b0e242456a09e60723d3e
338,50,0.6675,0x41fa6f20d83c539026d77bad0e9e2e965b81cca7,2017-10-23T20:53:01.000Z,0.01335,0x26d459c36daa5105084e70e7213e62b867d5d94b,buy,0xe814aee960a85208c3db542c53e7d4a6c8d5f60f,0xd52a8e26047fce1c1496b13e6e5d64c4dc934516ceef5e0ad341ae42c83c52c2
339,180,2.40282,0x41fa6f20d83c539026d77bad0e9e2e965b81cca7,2017-10-23T20:51:08.000Z,0.013349,0x1e0c8da912b1b7cb93079d3fe578ee2590529d68,buy,0xe814aee960a85208c3db542c53e7d4a6c8d5f60f,0x592edb36c5cd7ff58881995115e0e555a486ee473170942163e2351b64b6f3bf
340,33,0.41877,0x41fa6f20d83c539026d77bad0e9e2e965b81cca7,2017-10-23T20:49:15.000Z,0.01269,0x26d459c36daa5105084e70e7213e62b867d5d94b,buy,0xe814aee960a85208c3db542c53e7d4a6c8d5f60f,0x20d17d799b9f840c4e1276abc342638a3c826ddea5cb555a28477a9f3ca1bc98
341,24.5,0.308455,0x0af93837166270bf4b89fd91dd200da9c92a4e31,2017-10-23T20:20:42.000Z,0.01259,0x1e0c8da912b1b7cb93079d3fe578ee2590529d68,buy,0xe814aee960a85208c3db542c53e7d4a6c8d5f60f,0xa630a63cdfeac1ba29a4cfac0a685ef54a415405bd9647cf438fca33939eb27e
342,12.5,0.157375,0xf5c710f1f151edba7f5b91ce5fd92440cbe7a8e0,2017-10-23T20:13:19.000Z,0.01259,0x1e0c8da912b1b7cb93079d3fe578ee2590529d68,buy,0xe814aee960a85208c3db542c53e7d4a6c8d5f60f,0x8abc4b9eb0d88049c04e25ce2a44053fd2c357f83ea9bbaed277c0bc59519d13
343,5.088896042313863,0.06208453171622912,0xf5c710f1f151edba7f5b91ce5fd92440cbe7a8e0,2017-10-23T19:40:21.000Z,0.0122,0x530efdab2d96eacd829eaf69278ed50e95a6d369,buy,0xe814aee960a85208c3db542c53e7d4a6c8d5f60f,0x8bb73c0a501f98b2126de3085025e11178aafabf5ebe3391e008d9cc78289fcf
344,20,0.246,0xf5c710f1f151edba7f5b91ce5fd92440cbe7a8e0,2017-10-23T19:39:21.000Z,0.0123,0x530efdab2d96eacd829eaf69278ed50e95a6d369,buy,0xe814aee960a85208c3db542c53e7d4a6c8d5f60f,0x12e651ad873c717a22929d7c1aeaeabc4ce8a1005567a69082318a007abfbb52
345,43,0.54137,0x677f6219a6b86ac29bbbc75777220a7ff8517322,2017-10-23T18:05:00.000Z,0.01259,0x1e0c8da912b1b7cb93079d3fe578ee2590529d68,buy,0xe814aee960a85208c3db542c53e7d4a6c8d5f60f,0xd0048c99a89da3dcab32b52f6779622495343f5209dff6c60a92216b64e0472c
346,90.682520187419,0.9793712180241252,0xce0404f4d097495a275bd60e0e7a26c982c73a01,2017-10-23T17:18:46.000Z,0.0108,0x89a93f467c5942db086607edc16b2ba18e0d744f,sell,0xe814aee960a85208c3db542c53e7d4a6c8d5f60f,0xb99b7b9df48fecccc4eaff5a03e0a9be334befc8bac43e5d130613d6cee6782f
347,82.788,0.96944748,0x1e0c8da912b1b7cb93079d3fe578ee2590529d68,2017-10-23T17:18:06.000Z,0.01171,0x89a93f467c5942db086607edc16b2ba18e0d744f,sell,0xe814aee960a85208c3db542c53e7d4a6c8d5f60f,0xc68b461ce959e53a103133d8142386efa1197f42e45e23473bbb0971a0dd922b
348,30.871,0.370452,0x1e0c8da912b1b7cb93079d3fe578ee2590529d68,2017-10-23T16:44:07.000Z,0.012,0x75ddaa054f21f6e4e81e32ff6d1343004359ee87,buy,0xe814aee960a85208c3db542c53e7d4a6c8d5f60f,0x1e7eec2ee29aa8f9cf278bd0e3fe1cba15c6d2deda72519be9d2569140bf4741
349,30.552699017504473,0.3788534678170555,0x7f6149ae00f60287f960f75c8fca7ef213fc6080,2017-10-23T15:55:52.000Z,0.0124,0x1eaa18a0e964d346f2b5182be3f97d7aab5145b9,buy,0xe814aee960a85208c3db542c53e7d4a6c8d5f60f,0x095bd7756e8b9f7540577eeaff9e65ed4cb0fc6b85dc82e6532c1d783ef915e7
350,80,0.952,0xa85f2f661b4471fa957510ad39cd4f4ff051ae45,2017-10-23T15:21:09.000Z,0.0119,0xee8530fbfa970972d427aa8944b1f91ea3f80ad0,buy,0xe814aee960a85208c3db542c53e7d4a6c8d5f60f,0xb23afdff428f540a648e2984966c98cc5b290c02688480cbf30f0ba6c09f9ae3
351,42,0.4956,0x84e53c7f9f690240ebc1900125dabcf06027d816,2017-10-23T14:45:31.000Z,0.0118,0x1eaa18a0e964d346f2b5182be3f97d7aab5145b9,buy,0xe814aee960a85208c3db542c53e7d4a6c8d5f60f,0xdc4fa33f9d48ec1b9f3aa079c27a63f2a2db3441d96ecc0ba667ebead5caa2de
352,117,1.404,0x437c9910240ac0403c3713d73ca47739a1e82e49,2017-10-23T14:23:50.000Z,0.012,0x530efdab2d96eacd829eaf69278ed50e95a6d369,buy,0xe814aee960a85208c3db542c53e7d4a6c8d5f60f,0xbc4cf1029bcc6a4e156f738949710c01875d3571bd224c2ac66f5ef4d54a15ed
353,82,0.7462,0x273a5d3e6721b9f5c1a6474f560c1334c63dda01,2017-10-23T14:05:21.000Z,0.0091,0x74b8efe0f2a1b46a244bb3d036f91667c2f44266,buy,0xe814aee960a85208c3db542c53e7d4a6c8d5f60f,0xe56cefae375dec3b59b33d9fd028b48efee8721912e1edcc46ced030ba52642f
354,81.754,0.76112974,0x1e0c8da912b1b7cb93079d3fe578ee2590529d68,2017-10-23T14:05:21.000Z,0.00931,0x273a5d3e6721b9f5c1a6474f560c1334c63dda01,sell,0xe814aee960a85208c3db542c53e7d4a6c8d5f60f,0xe56cefae375dec3b59b33d9fd028b48efee8721912e1edcc46ced030ba52642f
355,27.800817465855847,0.2529874389392882,0x26d459c36daa5105084e70e7213e62b867d5d94b,2017-10-23T12:47:26.000Z,0.0091,0xb902ba6e3272e66c74035d7e30f4fa9279bd56f9,sell,0xe814aee960a85208c3db542c53e7d4a6c8d5f60f,0x70b9a82a2911a1220fc2dde0d7b0dd441b92adbd6496b6727103a2573dbbf4ec
356,15,0.15165,0x26d459c36daa5105084e70e7213e62b867d5d94b,2017-10-23T12:46:01.000Z,0.01011,0xb902ba6e3272e66c74035d7e30f4fa9279bd56f9,sell,0xe814aee960a85208c3db542c53e7d4a6c8d5f60f,0x3da9ff89440c92cd4c95e0c5f0233c01d967d57874e6ef03643d35386056c5af
357,125,1.25,0x9145efc2581633f0dd778fe4e3b06fde63cc6284,2017-10-23T12:45:33.000Z,0.01,0xb902ba6e3272e66c74035d7e30f4fa9279bd56f9,sell,0xe814aee960a85208c3db542c53e7d4a6c8d5f60f,0x415cb413e991dcfa88c25b445aa93b503060a1404619bd69f358403c5ddf78cb
358,66,0.6666,0x26d459c36daa5105084e70e7213e62b867d5d94b,2017-10-23T10:22:39.000Z,0.0101,0xb902ba6e3272e66c74035d7e30f4fa9279bd56f9,sell,0xe814aee960a85208c3db542c53e7d4a6c8d5f60f,0x9c2b60888ded121db10435f0a5e0b4e7f534d1a0b691257d6c28824571aebdd3
359,50,0.5005,0xe3373204b7c661d18cab875bd76626ff3233698f,2017-10-23T10:22:39.000Z,0.01001,0xb902ba6e3272e66c74035d7e30f4fa9279bd56f9,sell,0xe814aee960a85208c3db542c53e7d4a6c8d5f60f,0x8d7eba7e15dd9912572f0b5a96eca1609d3b59085c7ea09e186e41983f04ad70
360,32,0.368,0x26d459c36daa5105084e70e7213e62b867d5d94b,2017-10-23T09:34:48.000Z,0.0115,0xb902ba6e3272e66c74035d7e30f4fa9279bd56f9,sell,0xe814aee960a85208c3db542c53e7d4a6c8d5f60f,0xd559ed613666251e336e769b205ca99190aef15aff7fdb7f61f66efe576206f3
361,21,0.24255,0xee8530fbfa970972d427aa8944b1f91ea3f80ad0,2017-10-23T09:34:48.000Z,0.01155,0xb902ba6e3272e66c74035d7e30f4fa9279bd56f9,sell,0xe814aee960a85208c3db542c53e7d4a6c8d5f60f,0x08af7a4816fe495288b18d29f181f879e7688b80307cd0cb32ea31665c2bb71f
362,20,0.244,0xe1226c4d0a752a3ef42ee783aa1b4ac1abe47a8e,2017-10-23T09:13:17.000Z,0.0122,0xb902ba6e3272e66c74035d7e30f4fa9279bd56f9,sell,0xe814aee960a85208c3db542c53e7d4a6c8d5f60f,0xf1d68d51ef84abb4044faf8383f4f5a0232438d793c8b58129535c7724472c18
363,42,0.5124,0x530efdab2d96eacd829eaf69278ed50e95a6d369,2017-10-23T06:22:20.000Z,0.0122,0xb902ba6e3272e66c74035d7e30f4fa9279bd56f9,sell,0xe814aee960a85208c3db542c53e7d4a6c8d5f60f,0x16e7a16a401b8b512a2dcf491649145cb7b0df9d525b48ae9cef69e51637a004
364,2,0.02789998,0x1e0c8da912b1b7cb93079d3fe578ee2590529d68,2017-10-23T03:05:21.000Z,0.01394999,0x979aeda7863b556d33702eacc851ebcdf4de0259,buy,0xe814aee960a85208c3db542c53e7d4a6c8d5f60f,0x84acec3f1e8badef6f9f2689672455d08031407a9ad9e005cc77396f765cc2bd
365,2.12,0.02862,0x072d74f3db8a35043d7b930e915db8128044a641,2017-10-23T03:03:42.000Z,0.0135,0x1e0c8da912b1b7cb93079d3fe578ee2590529d68,sell,0xe814aee960a85208c3db542c53e7d4a6c8d5f60f,0x2d214039ec14b57c259e67f6ac58cc059647d493c3e1dd1a1f5cc8186cafee2a
366,17,0.2295,0x072d74f3db8a35043d7b930e915db8128044a641,2017-10-23T02:39:36.000Z,0.0135,0xee8530fbfa970972d427aa8944b1f91ea3f80ad0,sell,0xe814aee960a85208c3db542c53e7d4a6c8d5f60f,0x7b274321ec605924ad8569cbcd26edec88dcafe7aba8ee4ab7cce7829d4ba9c0
367,27,0.37665,0x8e752d267ee351ff5e4cc5160f7c91f2ea88327a,2017-10-23T01:55:01.000Z,0.01395,0x26d459c36daa5105084e70e7213e62b867d5d94b,buy,0xe814aee960a85208c3db542c53e7d4a6c8d5f60f,0x94fde079cf9608f35ce52dd823b9e4c6ea872fc9a3bc682c1aefcf17a2fc9a90
368,6,0.0837,0x1e0c8da912b1b7cb93079d3fe578ee2590529d68,2017-10-23T01:40:24.000Z,0.01395,0x26d459c36daa5105084e70e7213e62b867d5d94b,buy,0xe814aee960a85208c3db542c53e7d4a6c8d5f60f,0x8fad3d029d4e279199055bc357c1b46b07cfd49793c2bcb2db67bfb5841836dd
369,38,0.513,0x1e0c8da912b1b7cb93079d3fe578ee2590529d68,2017-10-23T01:27:21.000Z,0.0135,0x530efdab2d96eacd829eaf69278ed50e95a6d369,buy,0xe814aee960a85208c3db542c53e7d4a6c8d5f60f,0x01c6b6d35a5a57dc508ca5f4e7f9e2ce22230461072cf24ea1bcb763fddadf4b
370,0.003189391340157914,0.000025515133910654,0x979aeda7863b556d33702eacc851ebcdf4de0259,2017-10-23T00:35:44.000Z,0.008000000999999795,0x57ff69166046245772dd53b9b079beeff1eaf58f,sell,0xe814aee960a85208c3db542c53e7d4a6c8d5f60f,0xca06100e49c4a1705031055f389245350dd5ae533fefc4681190043051f00251
371,31.992784533124027,0.25594230825777675,0x979aeda7863b556d33702eacc851ebcdf4de0259,2017-10-23T00:35:19.000Z,0.008000001,0x57ff69166046245772dd53b9b079beeff1eaf58f,sell,0xe814aee960a85208c3db542c53e7d4a6c8d5f60f,0x43cd08a3221ba2b794d9383b43bb13c8aeef57fc218f5a4ab6d5daa0147ca124
372,4.791666666666667,0.046,0x1bdc7e14edff655dcda6ade7cdac889ca7175ada,2017-10-23T00:34:18.000Z,0.0096,0x57ff69166046245772dd53b9b079beeff1eaf58f,sell,0xe814aee960a85208c3db542c53e7d4a6c8d5f60f,0x1236faa81a28e21e3d72bc73d956fc1740fb21dbddf1698a9a0611ced0487e70
373,11,0.11,0x87351bcf45b6e2ec873ce21ce2f20a5cf412a084,2017-10-23T00:34:15.000Z,0.01,0x57ff69166046245772dd53b9b079beeff1eaf58f,sell,0xe814aee960a85208c3db542c53e7d4a6c8d5f60f,0xbdff4bd4c649060dbe82c1a8dcac648c6d3916b0c16c0d27566a0636089d67e4
374,10,0.116,0x1bdc7e14edff655dcda6ade7cdac889ca7175ada,2017-10-23T00:33:52.000Z,0.0116,0x57ff69166046245772dd53b9b079beeff1eaf58f,sell,0xe814aee960a85208c3db542c53e7d4a6c8d5f60f,0x08ea582c09ac79505c87e06b99ab540846f9be48d6b82713038f1d8374b8cc7b
375,20,0.212,0x1bdc7e14edff655dcda6ade7cdac889ca7175ada,2017-10-23T00:33:52.000Z,0.0106,0x57ff69166046245772dd53b9b079beeff1eaf58f,sell,0xe814aee960a85208c3db542c53e7d4a6c8d5f60f,0x8c02b899e444f611ea594cbd070933167fd98a3a5043f1fca2fdba184b86d3fd
376,10.316,0.113476,0x2fbe2663275debee887eb265682c08901258be6d,2017-10-23T00:33:52.000Z,0.011,0x57ff69166046245772dd53b9b079beeff1eaf58f,sell,0xe814aee960a85208c3db542c53e7d4a6c8d5f60f,0x34175a0244f7ef488d69b2299bc912f900a5dfa5639a3d123659416dfa3608b5
377,25,0.2655,0x598e5da841a2801239208ecc70b543f9a634fa32,2017-10-23T00:32:53.000Z,0.01062,0x57ff69166046245772dd53b9b079beeff1eaf58f,sell,0xe814aee960a85208c3db542c53e7d4a6c8d5f60f,0x08dd7bf5fdda9724544b6b01e9a440234297f3863108df664ee05d2a82d430f1
378,50,0.5625,0xb85d454d7b6438b7bc60d01ef465189121373567,2017-10-23T00:32:47.000Z,0.01125,0x57ff69166046245772dd53b9b079beeff1eaf58f,sell,0xe814aee960a85208c3db542c53e7d4a6c8d5f60f,0x9a349c05ea96bd98cd649833fab26c7ba6f34fdb32829420f5228b89b660e934
379,400,2.7200444,0xb902ba6e3272e66c74035d7e30f4fa9279bd56f9,2017-10-23T00:31:33.000Z,0.006800111,0x57ff69166046245772dd53b9b079beeff1eaf58f,sell,0xe814aee960a85208c3db542c53e7d4a6c8d5f60f,0xf1d4faa5b953072b2ca178dbfbb0d4d6dc7dd130bd97faa797c4ab8d28f855ff
380,0.1,0.0012100001,0x0b2de009825eac9a347868b44349aa32e91ef81f,2017-10-23T00:29:09.000Z,0.012100001,0x57ff69166046245772dd53b9b079beeff1eaf58f,sell,0xe814aee960a85208c3db542c53e7d4a6c8d5f60f,0x1f84cf2a82948a1724bc6d02b6c1909c67a392105318e817f472d08d5198735c
381,30,0.36,0xb85577037593632637f86598aabdce8541d32303,2017-10-23T00:29:09.000Z,0.012,0x57ff69166046245772dd53b9b079beeff1eaf58f,sell,0xe814aee960a85208c3db542c53e7d4a6c8d5f60f,0x891491027de3602e31776b552817a0d23071831b9c0002bc5b3432330aec8219
382,100,1.06,0xe3373204b7c661d18cab875bd76626ff3233698f,2017-10-23T00:29:09.000Z,0.0106,0x57ff69166046245772dd53b9b079beeff1eaf58f,sell,0xe814aee960a85208c3db542c53e7d4a6c8d5f60f,0x8143672a13a0a05d1e61cd56e2503efbbc70ce622568014e327b159218c8bbd3
383,20,0.233,0x598e5da841a2801239208ecc70b543f9a634fa32,2017-10-23T00:29:09.000Z,0.01165,0x57ff69166046245772dd53b9b079beeff1eaf58f,sell,0xe814aee960a85208c3db542c53e7d4a6c8d5f60f,0x5263f864270c240170dba735adcce15847f3333f992780fe405d9959d40228a0
384,114,1.140114,0x9e593db389c9d8307b5c932dda21491e63f8f7d3,2017-10-23T00:29:09.000Z,0.010001,0x57ff69166046245772dd53b9b079beeff1eaf58f,sell,0xe814aee960a85208c3db542c53e7d4a6c8d5f60f,0x510788ced69990026d670b2cc76dfaa1a0d310d19f0e489f7c790085eb1c9828
385,0.08888888888888896,0.0012,0x530efdab2d96eacd829eaf69278ed50e95a6d369,2017-10-23T00:28:12.000Z,0.01349999999999999,0x57ff69166046245772dd53b9b079beeff1eaf58f,sell,0xe814aee960a85208c3db542c53e7d4a6c8d5f60f,0x81580114a3302b757686e178b08829259bc3a954e7c70bfff95de3fc928d1a00
