,amount,amountBase,buyer,date,price,seller,side,tokenAddr,txHash
0,80000,1.28,0x82a2f985b345eeaccf12bc81230a8673ecac0165,2017-11-02T16:01:19.000Z,0.000016,0x6a0afc8dfd1151feadd262e9c92416cb8d4d3cc7,sell,0x2daee1aa61d60a252dc80564499a69802853583a,0x94263dd3e04a7ff217de43f63b99c98d4861b1a715b7c8558b4f92926305c031
1,77800,1.2448,0x82a2f985b345eeaccf12bc81230a8673ecac0165,2017-11-02T15:12:44.000Z,0.000016,0x6a0afc8dfd1151feadd262e9c92416cb8d4d3cc7,sell,0x2daee1aa61d60a252dc80564499a69802853583a,0x9decbbd22f7c9aba873f77e7a1524d518db88419f1452ce2deeb131196e4cdb1
2,125000,2.0375,0xbbe8a1421d8583194bd959a640cb82225650c748,2017-11-02T14:25:28.000Z,0.0000163,0x6a0afc8dfd1151feadd262e9c92416cb8d4d3cc7,sell,0x2daee1aa61d60a252dc80564499a69802853583a,0x3a7e7ed22fbc222cfcfe0fa701de4150359e47466faf9d57aa1b853fc502bc9c
3,180000,2.93418,0x7a7c8ea9ecec9dfe225dd07b8c75e54a6ab83bcf,2017-11-02T14:25:17.000Z,0.000016301,0x6a0afc8dfd1151feadd262e9c92416cb8d4d3cc7,sell,0x2daee1aa61d60a252dc80564499a69802853583a,0x9337c2ef45a30c3a4599c252fa344f9ced396961b66abe4fa74cd35b20a6f4c0
4,405632,6.490517632,0x29a3bcf59cca131fa8a6ea2ceb04d38270e26f09,2017-11-02T14:25:15.000Z,0.000016001,0x6a0afc8dfd1151feadd262e9c92416cb8d4d3cc7,sell,0x2daee1aa61d60a252dc80564499a69802853583a,0x0e308cf40f941580d6feee5599b36afa5084ba21b6d13da304eff4975d69442a
5,58266.9723,0.9323298237723,0x82a2f985b345eeaccf12bc81230a8673ecac0165,2017-11-02T14:05:19.000Z,0.000016001,0xcbcb06b4710283cd58baa7c2d1c0a5ae43cf6716,sell,0x2daee1aa61d60a252dc80564499a69802853583a,0x39bf1a7b28b927c7866a3c403b1f2b5e266f539cad7b7ef544d86b38f9b282e4
6,380000,6.08,0x29a3bcf59cca131fa8a6ea2ceb04d38270e26f09,2017-11-02T13:30:53.000Z,0.000016,0xcbcb06b4710283cd58baa7c2d1c0a5ae43cf6716,sell,0x2daee1aa61d60a252dc80564499a69802853583a,0xedf3221ca3b9c0e48220396a847aa1d18d5838fc6ad31c84323390d3f3170d59
7,64000,1.088064,0x82a2f985b345eeaccf12bc81230a8673ecac0165,2017-11-02T13:25:14.000Z,0.000017001,0xcbcb06b4710283cd58baa7c2d1c0a5ae43cf6716,sell,0x2daee1aa61d60a252dc80564499a69802853583a,0xb1628a0c788f1271850622e7bc02f2ebd1c0184bfaae42b66f17d5dbc6f3fec9
8,185000,3.145,0x29a3bcf59cca131fa8a6ea2ceb04d38270e26f09,2017-11-02T13:12:13.000Z,0.000017,0xcbcb06b4710283cd58baa7c2d1c0a5ae43cf6716,sell,0x2daee1aa61d60a252dc80564499a69802853583a,0x99230e11fb5017373c2707efd81867794424ab878ed2a878103cb0db87c9f711
9,14876.3146,0.2752118201,0xe12fc82ec6cf7bd05a80a8ed23abf1fc894023c1,2017-11-02T13:04:45.000Z,0.0000185,0xd6e30234161305cc3b4c2119ab30a8f561370a5b,sell,0x2daee1aa61d60a252dc80564499a69802853583a,0x88d1829bc6192b464df87fa885fa0ad4b5e61c1593265d964b0b60c3f33b9371
10,63800,1.1484638,0x82a2f985b345eeaccf12bc81230a8673ecac0165,2017-11-02T13:03:40.000Z,0.000018001,0xcbcb06b4710283cd58baa7c2d1c0a5ae43cf6716,sell,0x2daee1aa61d60a252dc80564499a69802853583a,0xce14958ea7f9d7608f49b809426db33af295483174f374321c7405f44c05620f
11,1993.8191,0.0378825629,0x3481adea87943fa05baadb5af4df961f4c8bb9e0,2017-11-02T13:02:15.000Z,0.000019,0x8c8d73becc7dda3aa3c96cc6cc85c7a0b9a072fb,sell,0x2daee1aa61d60a252dc80564499a69802853583a,0x193dac8f2b2ca271c653de501664f431e779bfde56640e6564b189570b5924f0
12,50000,0.85,0x71fd2dd47ed3350e4d8d1ee16a26db2434ca8608,2017-11-02T13:02:15.000Z,0.000017,0xd6e30234161305cc3b4c2119ab30a8f561370a5b,sell,0x2daee1aa61d60a252dc80564499a69802853583a,0x7f63908ab3d97bf3a116f61aceb733afabb8f47625628381e7412ee0734acfd7
13,235,0.004465,0x3481adea87943fa05baadb5af4df961f4c8bb9e0,2017-11-02T12:55:08.000Z,0.000019,0x70c3f5c1a94d7a3aedb10709cdeb491f52057b81,buy,0x2daee1aa61d60a252dc80564499a69802853583a,0x3350527b649e9a4f9bf2331b56e9f992a303a256ca2582602510d9e532a18520
14,20000,0.42,0xe12fc82ec6cf7bd05a80a8ed23abf1fc894023c1,2017-11-02T12:53:21.000Z,0.000021,0x25712e57b3dfb23b48f10360a879745cacb00af4,buy,0x2daee1aa61d60a252dc80564499a69802853583a,0xde332e582be0f7c6a9924b05188db605512cd455e96c03c12c39e2c1ef345bdc
15,10878.55,0.22843867145,0xe12fc82ec6cf7bd05a80a8ed23abf1fc894023c1,2017-11-02T12:52:08.000Z,0.000020999,0x29a3bcf59cca131fa8a6ea2ceb04d38270e26f09,buy,0x2daee1aa61d60a252dc80564499a69802853583a,0x0d3265e3917fe65c459ad0493ba70ac64ad2389d1151b6f8f47a57b1801f27f9
16,248.9594,0.0044812692,0x748b9f5dcced2f9e8932095d178a12760a2536c1,2017-11-02T12:07:01.000Z,0.000018,0x3dee4a4e076e8d82859d241db0baf46f112cfa23,sell,0x2daee1aa61d60a252dc80564499a69802853583a,0x8cb1627a4dd1a26ad74074dd7a277b939cc5b523eefb5c9582e1895748a779ff
17,151336.809,2.572725753,0x29a3bcf59cca131fa8a6ea2ceb04d38270e26f09,2017-11-02T10:47:24.000Z,0.000017,0xd6e30234161305cc3b4c2119ab30a8f561370a5b,sell,0x2daee1aa61d60a252dc80564499a69802853583a,0xf53b4fd1a39239ab81964a72b0c40542a15d78206c0b45a6cae6f0da03e08313
18,24258.72,0.41727424272,0x29a3bcf59cca131fa8a6ea2ceb04d38270e26f09,2017-11-02T10:46:35.000Z,0.000017201,0xd6e30234161305cc3b4c2119ab30a8f561370a5b,sell,0x2daee1aa61d60a252dc80564499a69802853583a,0x67d1229891e530c8b3def88de3b0bee8545f133e2524745a2a4dc7694ce90b1f
19,20000,0.344,0x25712e57b3dfb23b48f10360a879745cacb00af4,2017-11-02T10:37:48.000Z,0.0000172,0xd6e30234161305cc3b4c2119ab30a8f561370a5b,sell,0x2daee1aa61d60a252dc80564499a69802853583a,0x396ef79133a58044132835fc9fca2e6f584f10df4329a60c7f8a2cc81dc0da21
20,155000,2.66755,0x7a7c8ea9ecec9dfe225dd07b8c75e54a6ab83bcf,2017-11-02T10:37:19.000Z,0.00001721,0xd6e30234161305cc3b4c2119ab30a8f561370a5b,sell,0x2daee1aa61d60a252dc80564499a69802853583a,0x5dbabb7f48c3ff893dfd095b588f24f99751f97fa38d24b63e72b217591a7ac4
21,249.2524,0.0045117176924,0x3dee4a4e076e8d82859d241db0baf46f112cfa23,2017-11-02T10:32:50.000Z,0.000018101,0x73fff72fe0600f22966a655389e9e84bb10e97fd,sell,0x2daee1aa61d60a252dc80564499a69802853583a,0xe47e278b99e1f8b365e3aa2eadc93f23ca28b6ed839cc78c42d0570165ac29f6
22,166991.2795,2.8724169986795,0x29a3bcf59cca131fa8a6ea2ceb04d38270e26f09,2017-11-02T10:31:16.000Z,0.000017201,0xd6e30234161305cc3b4c2119ab30a8f561370a5b,sell,0x2daee1aa61d60a252dc80564499a69802853583a,0x78406b1a85b98b3fef9df70c61dbd3be72d3da7a842334703b3dfdc38ae0e2cd
23,25282.4193,0.4576623541686,0x29a3bcf59cca131fa8a6ea2ceb04d38270e26f09,2017-11-02T10:23:22.000Z,0.000018102,0xb36c5f506cb3d87bd57714a82b9edd95c5608abc,sell,0x2daee1aa61d60a252dc80564499a69802853583a,0xd4cf29844ee1743f34e9fad543331094c875176d4f3390771f706a87c242cc2d
24,24000,0.4344,0xe59aaff212a924e81e94576cb83cfd579a1211d4,2017-11-02T10:20:53.000Z,0.0000181,0xb36c5f506cb3d87bd57714a82b9edd95c5608abc,sell,0x2daee1aa61d60a252dc80564499a69802853583a,0x4d4a9c721026c3c511b87dfd2cd3ac3ff9998fe3b713131dbc7d2b34c3e8b179
25,134000,2.29542,0x7a7c8ea9ecec9dfe225dd07b8c75e54a6ab83bcf,2017-11-02T09:45:01.000Z,0.00001713,0xb36c5f506cb3d87bd57714a82b9edd95c5608abc,sell,0x2daee1aa61d60a252dc80564499a69802853583a,0xbffdcefc4872cbe1104a0c32b241735f26559942d22e9013ea49500fafdd6510
26,16180,0.292858,0xe59aaff212a924e81e94576cb83cfd579a1211d4,2017-11-02T09:44:33.000Z,0.0000181,0xb36c5f506cb3d87bd57714a82b9edd95c5608abc,sell,0x2daee1aa61d60a252dc80564499a69802853583a,0x147d21b0d6a2ae117c5ff2c80a0a12f5e7b66434eff323c59a83408cc7e581e6
27,153000,2.769453,0x29a3bcf59cca131fa8a6ea2ceb04d38270e26f09,2017-11-02T09:43:54.000Z,0.000018101,0xb36c5f506cb3d87bd57714a82b9edd95c5608abc,sell,0x2daee1aa61d60a252dc80564499a69802853583a,0x3d424c0a47c0119e725b3848a47eb44318caf7c2bd228f9249f56b0982f69d01
28,42668.4488,0.7723415917288,0x3dee4a4e076e8d82859d241db0baf46f112cfa23,2017-11-02T08:58:38.000Z,0.000018101,0xb36c5f506cb3d87bd57714a82b9edd95c5608abc,sell,0x2daee1aa61d60a252dc80564499a69802853583a,0x792236ca89a20ad2365d994255eaa544a24bbcc8fb1ed2f9d30f1f8eea1a2381
29,24404.065,0.463701639065,0xd2dfdd6bfa5ed6351b057c029b5e8d660e6ab773,2017-11-02T08:57:14.000Z,0.000019001,0xb36c5f506cb3d87bd57714a82b9edd95c5608abc,sell,0x2daee1aa61d60a252dc80564499a69802853583a,0x7e3dcb62f4a649dcbed41a77f11353d6dccf995d2e624cdbfd9f7315243922a5
30,100000,2,0x82a2f985b345eeaccf12bc81230a8673ecac0165,2017-11-02T08:56:36.000Z,0.00002,0xb36c5f506cb3d87bd57714a82b9edd95c5608abc,sell,0x2daee1aa61d60a252dc80564499a69802853583a,0x11d9f9450ed8d71835798a2cf8df17ce778cae291f3dfe085888d147409ed991
31,200000,3.8002,0x29a3bcf59cca131fa8a6ea2ceb04d38270e26f09,2017-11-02T08:56:18.000Z,0.000019001,0xb36c5f506cb3d87bd57714a82b9edd95c5608abc,sell,0x2daee1aa61d60a252dc80564499a69802853583a,0x4fbe6e0882f04357e01eb421209e2d9334d6401a8cbc5a40610a821425a44c28
32,50000,1,0x82a2f985b345eeaccf12bc81230a8673ecac0165,2017-11-02T08:54:43.000Z,0.00002,0xb36c5f506cb3d87bd57714a82b9edd95c5608abc,sell,0x2daee1aa61d60a252dc80564499a69802853583a,0xc60ad288289248ea72456ceaeabc16865ee47b22b0c2a0bf5f73e45caf5febcd
33,21.7391,0.0005,0x3075f7f189912f4f425dd7021b9c396434197477,2017-11-02T07:13:00.000Z,0.00002300003220004508,0x291e14d8f3632d4dc39dca11774537475006cee1,buy,0x2daee1aa61d60a252dc80564499a69802853583a,0x009b5a1521aa625a4fd1f2b8255645d0f622b897635929250bf94ae31659fcbb
34,21.7391,0.0005,0x4fda9e6bcd83af6c5cc771b5d20accc2b7720074,2017-11-02T07:10:35.000Z,0.00002300003220004508,0x291e14d8f3632d4dc39dca11774537475006cee1,buy,0x2daee1aa61d60a252dc80564499a69802853583a,0xb6b44e0e2a477aa4df2c66b22c6fe6b279bfceee685b0cc6cd7758fdb5ccfa6b
35,527.6891,0.012136849577737537,0x9b9086da6ed17b8becfda8cb0bb7b05626140db6,2017-11-02T06:35:30.000Z,0.00002300000052632797,0x291e14d8f3632d4dc39dca11774537475006cee1,buy,0x2daee1aa61d60a252dc80564499a69802853583a,0x392eb570a39b893954d35d8b66205c90c2bd5ef89557bfa20fd6eccb0c39e849
36,1389,0.0316692,0x9b9086da6ed17b8becfda8cb0bb7b05626140db6,2017-11-02T06:33:39.000Z,0.0000228,0xe0775a00891e3f5896ab55811fbc2132c7cdb842,buy,0x2daee1aa61d60a252dc80564499a69802853583a,0x954a2d3450148c26f29798497b4a5b2f2cf64c4932479e54bf5f60afa7920bdd
37,415.6,0.009463212,0x9b9086da6ed17b8becfda8cb0bb7b05626140db6,2017-11-02T06:32:54.000Z,0.00002277,0xd35cc4db1066b87373c5b83f2a033b4aabb8a1f2,buy,0x2daee1aa61d60a252dc80564499a69802853583a,0xd3716af72460964b2c0c94102bdee2a85043e70b2456c6000d38239cac0ed759
38,2000,0.0456,0xdb95ffc525554da455565b6f68c2c3b0b74e8a16,2017-11-02T06:04:29.000Z,0.0000228,0xe0775a00891e3f5896ab55811fbc2132c7cdb842,buy,0x2daee1aa61d60a252dc80564499a69802853583a,0x00f7943a988b35e7af2d227ecd1f31bdcf8454cf07f4370897a1ef528793b55b
39,23000,0.52371,0xdb95ffc525554da455565b6f68c2c3b0b74e8a16,2017-11-02T06:04:17.000Z,0.00002277,0xd35cc4db1066b87373c5b83f2a033b4aabb8a1f2,buy,0x2daee1aa61d60a252dc80564499a69802853583a,0xeae29c2ae8394d6b06fabee2bb2c2428e64e7f21d5f3b7f498ffdd77f381a8d6
40,2132.7567,0.04244185833,0xe0775a00891e3f5896ab55811fbc2132c7cdb842,2017-11-01T23:10:29.000Z,0.0000199,0x6900bdd0145f870c7f730eeb04310c3452d8554d,sell,0x2daee1aa61d60a252dc80564499a69802853583a,0xfdc1a7381b84be4da4c42821bc820e2a03834a52a81535549f82a5829ce40361
41,3.1271,0.00005472425,0x71fd2dd47ed3350e4d8d1ee16a26db2434ca8608,2017-11-01T21:05:08.000Z,0.0000175,0xd77148403bd66fd819571b443f17d5fcd2a17fb4,sell,0x2daee1aa61d60a252dc80564499a69802853583a,0xfb6a6682f57ace19454730a40f4db649e036e4f27b9f7388cba8344e5fb5f100
42,31366.7227,0.54891764725,0x71fd2dd47ed3350e4d8d1ee16a26db2434ca8608,2017-11-01T21:03:42.000Z,0.0000175,0xd77148403bd66fd819571b443f17d5fcd2a17fb4,sell,0x2daee1aa61d60a252dc80564499a69802853583a,0x9287d8de3bc16dcf4fe8633692809cee4eb1270f66938a8688b1234fb2395811
43,13350.2397,0.26433474606,0x29a3bcf59cca131fa8a6ea2ceb04d38270e26f09,2017-11-01T20:29:14.000Z,0.0000198,0xb36c5f506cb3d87bd57714a82b9edd95c5608abc,sell,0x2daee1aa61d60a252dc80564499a69802853583a,0xa008f0dc2865f0c61cae11660e144553e034739a85f8bea11bb4bbf138ebba99
44,1993.8191,0.03947761818,0x29a3bcf59cca131fa8a6ea2ceb04d38270e26f09,2017-11-01T20:26:28.000Z,0.0000198,0x4b71985c9bfd3e51767285fd48205f3df8e6f626,sell,0x2daee1aa61d60a252dc80564499a69802853583a,0xb23bbbafe82399e64a7463c157246910056b0fbdd27ffb646808143f40aaadf5
45,996.9147,0.0179444646,0x51d48ab1a6371b5b5636a18e77eef3b2f8a0a8e5,2017-11-01T20:16:45.000Z,0.000018,0x8d9ffd5fef74f39030c475b03440195bfe7adb15,sell,0x2daee1aa61d60a252dc80564499a69802853583a,0xe2a094d7a56fec2a5d7acf4bd4deec36ad15b227543fe3aef6e642c51db1f714
46,14655.9412,0.29018763576,0x29a3bcf59cca131fa8a6ea2ceb04d38270e26f09,2017-11-01T19:48:49.000Z,0.0000198,0x71fd2dd47ed3350e4d8d1ee16a26db2434ca8608,sell,0x2daee1aa61d60a252dc80564499a69802853583a,0xcc7bdc1995e9a1fab9fac5a6c5b16a776135d90f7dd374109d3c1d56affd19fe
47,2500,0.05625,0xe12fc82ec6cf7bd05a80a8ed23abf1fc894023c1,2017-11-01T19:41:31.000Z,0.0000225,0x71fd2dd47ed3350e4d8d1ee16a26db2434ca8608,buy,0x2daee1aa61d60a252dc80564499a69802853583a,0x3cbde0ac3d3cded0718dbd22b508c4d2dfdea168a0e34edf27ab2f6bc0dbe33a
48,29855,0.686635145,0xe12fc82ec6cf7bd05a80a8ed23abf1fc894023c1,2017-11-01T19:36:43.000Z,0.000022999,0x29a3bcf59cca131fa8a6ea2ceb04d38270e26f09,buy,0x2daee1aa61d60a252dc80564499a69802853583a,0x2f4b834e8ef5079fbc69d6135d7e663d388575aac8afda073a51bfb5f9ac8274
49,780.3476,0.0152955933076,0xf757f42ac03f16b9d0e4ec16ba096e1a02bd746b,2017-11-01T19:33:44.000Z,0.000019601,0x7305832765743c243775d9032de5ca270b960cf7,sell,0x2daee1aa61d60a252dc80564499a69802853583a,0x76de513accebc206d610ec62fdad4d7fbc405c13758f02d7e233b7aeaf0a5452
50,17200.6236,0.2924106012,0x71fd2dd47ed3350e4d8d1ee16a26db2434ca8608,2017-11-01T19:26:06.000Z,0.000017,0xfc5b5a90e6d724e5dd1c9c99b6b81c34544117b5,sell,0x2daee1aa61d60a252dc80564499a69802853583a,0xc7c47cda2a04dbe0e20198819d6fef2c3401a4860566ccbff719a10d82e9c836
51,2000,0.039402,0xbf7a86e1cbdbf73baaa32f2a4b8b55c4f3a246a4,2017-11-01T19:21:57.000Z,0.000019701,0xfc5b5a90e6d724e5dd1c9c99b6b81c34544117b5,sell,0x2daee1aa61d60a252dc80564499a69802853583a,0x0379f635117cc04f2f75169fcfbf0f31d42d58b4779b9d12b0c8a80a2f3866de
52,7200.158,0.1418431126,0x4b71985c9bfd3e51767285fd48205f3df8e6f626,2017-11-01T19:20:44.000Z,0.0000197,0xfc5b5a90e6d724e5dd1c9c99b6b81c34544117b5,sell,0x2daee1aa61d60a252dc80564499a69802853583a,0xa8fd6eb2effb1761e8c32ffa3e23f6de6933953983bc4e291ddee36eb8adbcfa
53,23000,0.395623,0x756cd3d5dac0c6b54f2917c06740d1231806cc4c,2017-11-01T19:19:59.000Z,0.000017201,0xfc5b5a90e6d724e5dd1c9c99b6b81c34544117b5,sell,0x2daee1aa61d60a252dc80564499a69802853583a,0x950c81eca48031ad96d61df8f71754e4bae31bf22dc87324942e52c0827f8e2a
54,110000,1.892,0x7a7c8ea9ecec9dfe225dd07b8c75e54a6ab83bcf,2017-11-01T19:19:38.000Z,0.0000172,0xfc5b5a90e6d724e5dd1c9c99b6b81c34544117b5,sell,0x2daee1aa61d60a252dc80564499a69802853583a,0xf66be3dc13b42c1994e44561de62b3c6b38f6904c2017fb9856220d4adf70828
55,40000,0.76,0x29a3bcf59cca131fa8a6ea2ceb04d38270e26f09,2017-11-01T19:12:11.000Z,0.000019,0xfc5b5a90e6d724e5dd1c9c99b6b81c34544117b5,sell,0x2daee1aa61d60a252dc80564499a69802853583a,0x2292411f384313cd4d3767f7aad2eaf9770cdd5bebdcb2816baf1fc4c26964ec
56,40000,0.792,0x29a3bcf59cca131fa8a6ea2ceb04d38270e26f09,2017-11-01T18:37:30.000Z,0.0000198,0xb36c5f506cb3d87bd57714a82b9edd95c5608abc,sell,0x2daee1aa61d60a252dc80564499a69802853583a,0x9d6119ef36e8fb8b00065d930775770b65a573d73142eeaa5c290e2bd34e70ae
57,102325,2.0465,0x0ee7eb13549dc74c5c4c0be77b5c7b405a677595,2017-11-01T18:37:06.000Z,0.00002,0xb36c5f506cb3d87bd57714a82b9edd95c5608abc,sell,0x2daee1aa61d60a252dc80564499a69802853583a,0xdd9853caab9e5284b8c164ee94d6b0a82f60a21eeb26b32fa3158af484d8df7a
58,71785.9907,1.6502881414957566,0x0ee7eb13549dc74c5c4c0be77b5c7b405a677595,2017-11-01T18:33:07.000Z,0.00002298900001801823,0x19ed3c3675497f80780f6779e083256cd93e2285,buy,0x2daee1aa61d60a252dc80564499a69802853583a,0x1f1a37041c083885b2bc89e79c7d8e32b3d234b42c40e5da111e4affd4b6ef4f
59,50000,0.995,0x0ee7eb13549dc74c5c4c0be77b5c7b405a677595,2017-11-01T18:31:23.000Z,0.0000199,0xd35cc4db1066b87373c5b83f2a033b4aabb8a1f2,buy,0x2daee1aa61d60a252dc80564499a69802853583a,0xfb1e1ced833346dd43045fa4c8ef7f900a4e8b8af902aeb30431352794dc2e3d
60,50000,0.99,0x23901886602bd6725d2f8e7d076e28be9f4f2cf3,2017-11-01T18:06:10.000Z,0.0000198,0xb36c5f506cb3d87bd57714a82b9edd95c5608abc,sell,0x2daee1aa61d60a252dc80564499a69802853583a,0x718abce5d5e3659378d4d594360156eedaaa553a0c1d7dfc0e4f389e5b95ca6e
61,1456.054,0.0394590634,0x476e4024213b07d0e37dcfdc196d4b33ff67e39e,2017-11-01T17:42:27.000Z,0.0000271,0xbf7a86e1cbdbf73baaa32f2a4b8b55c4f3a246a4,sell,0x2daee1aa61d60a252dc80564499a69802853583a,0xec06884fd7cb77feb7e1cfaeff75926819e74a823abf84735db8edda417a75ad
62,799.8418,0.01575688346,0x4b71985c9bfd3e51767285fd48205f3df8e6f626,2017-11-01T17:33:54.000Z,0.0000197,0x16c30df542fcc6ac9d898f3b04ca06f88874f4dd,sell,0x2daee1aa61d60a252dc80564499a69802853583a,0xcbc58c010e233fc1cd25e321dcf76ca6f722ac74ad9ff085a57b9bfdb7d91a65
63,114.6393,0.00310672503,0x476e4024213b07d0e37dcfdc196d4b33ff67e39e,2017-11-01T17:18:54.000Z,0.0000271,0x273a5d3e6721b9f5c1a6474f560c1334c63dda01,sell,0x2daee1aa61d60a252dc80564499a69802853583a,0xfd217f514153b8852de7af7d4762e40ece0b1e1979edbdbb8834b6bbdb5d1579
64,114.9843,0.0024146703,0x273a5d3e6721b9f5c1a6474f560c1334c63dda01,2017-11-01T17:18:54.000Z,0.000021,0x16c30df542fcc6ac9d898f3b04ca06f88874f4dd,buy,0x2daee1aa61d60a252dc80564499a69802853583a,0xfd217f514153b8852de7af7d4762e40ece0b1e1979edbdbb8834b6bbdb5d1579
65,50000,0.95,0x71fd2dd47ed3350e4d8d1ee16a26db2434ca8608,2017-11-01T16:43:58.000Z,0.000019,0xb36c5f506cb3d87bd57714a82b9edd95c5608abc,sell,0x2daee1aa61d60a252dc80564499a69802853583a,0x2e2794267371ed757275708ff012fe7c14cb0d0bda0e240e88a5c25dcb247b22
66,15000,0.3,0xe59aaff212a924e81e94576cb83cfd579a1211d4,2017-11-01T16:43:58.000Z,0.00002,0xb36c5f506cb3d87bd57714a82b9edd95c5608abc,sell,0x2daee1aa61d60a252dc80564499a69802853583a,0x2907e29eec6ae02374323dfd19042810a9fe56a84ff061fe55936cee19bfc721
67,20000,0.4,0x29a3bcf59cca131fa8a6ea2ceb04d38270e26f09,2017-11-01T16:43:58.000Z,0.00002,0xb36c5f506cb3d87bd57714a82b9edd95c5608abc,sell,0x2daee1aa61d60a252dc80564499a69802853583a,0x57fd804737e4ca558e1c67f710c9752d522af9ea3fa516ccae64e6f3948aef6d
68,19400,0.4074,0x212ffb2f514957761d3b8870508f3a1458431460,2017-11-01T16:43:28.000Z,0.000021,0xb36c5f506cb3d87bd57714a82b9edd95c5608abc,sell,0x2daee1aa61d60a252dc80564499a69802853583a,0x696116a12289e73f5943ea5b15c09ae167de3b5fa2c8df39aa183ffe70982e88
69,14414.3564,0.3243230211344852,0x9d757026c1d4c838f39c8e6ededd9e190e3d1458,2017-11-01T15:58:28.000Z,0.0000225000001480805,0x25712e57b3dfb23b48f10360a879745cacb00af4,buy,0x2daee1aa61d60a252dc80564499a69802853583a,0xf03e9ddc6fdd071609959ce51e6252604bf1edf68d9e8170290ceddf4791f8f3
70,4900,0.11025,0x755b5127da8de1f0e9258cd6eccea145ccfb83a4,2017-11-01T15:30:07.000Z,0.0000225,0x25712e57b3dfb23b48f10360a879745cacb00af4,buy,0x2daee1aa61d60a252dc80564499a69802853583a,0x4bc685f16517a26618bd6f532a21d5b646f9af5c0253ee60fa713c69b5c7c7bd
71,570,0.01254,0x755b5127da8de1f0e9258cd6eccea145ccfb83a4,2017-11-01T15:28:39.000Z,0.000022,0x6eb25cd876944ec8352acfa35d7d94b5569b14d8,buy,0x2daee1aa61d60a252dc80564499a69802853583a,0xf690bf13e9c83c515f3832d4daa8804bc854c67a38eb7e2beec97eeff39a5c30
72,50.4593,0.00100414007,0xe0775a00891e3f5896ab55811fbc2132c7cdb842,2017-11-01T15:26:34.000Z,0.0000199,0x8d9ffd5fef74f39030c475b03440195bfe7adb15,sell,0x2daee1aa61d60a252dc80564499a69802853583a,0x90ee1f15cdc1ab1945721f4ca984518ef296ab2acb4bdf078c44e3294028a106
73,996.9095,0.0209350995,0xd5d6a663a5dac398ce9eb456bab67349096a6c2e,2017-11-01T15:22:32.000Z,0.000021,0x8d9ffd5fef74f39030c475b03440195bfe7adb15,sell,0x2daee1aa61d60a252dc80564499a69802853583a,0x7c334a582164832d05f35bd921244e8cc1cab6845eccba3fab93e5a23287132f
74,30000,0.6,0x82a2f985b345eeaccf12bc81230a8673ecac0165,2017-11-01T15:06:15.000Z,0.00002,0xb36c5f506cb3d87bd57714a82b9edd95c5608abc,sell,0x2daee1aa61d60a252dc80564499a69802853583a,0x165ae8415405bc76d83e847afbce2f55ef95f0b4c21e5d8747998fe4861bf423
75,19317.117,0.3844106283,0xb6b2543fcce0e7589048ca2ed93303a46f552089,2017-11-01T15:04:49.000Z,0.0000199,0xb36c5f506cb3d87bd57714a82b9edd95c5608abc,sell,0x2daee1aa61d60a252dc80564499a69802853583a,0x6f04a297944d7490f9f77fb77fbf39a92335e6750f2d94c6570357e82960ec58
76,25000,0.5,0x82a2f985b345eeaccf12bc81230a8673ecac0165,2017-11-01T15:03:53.000Z,0.00002,0xb36c5f506cb3d87bd57714a82b9edd95c5608abc,sell,0x2daee1aa61d60a252dc80564499a69802853583a,0xf8a79b1a498cb568fee3b0a929c6feb5b01c3ff093f6d108b3a7c69318c0d8f1
77,25000,0.5,0x82a2f985b345eeaccf12bc81230a8673ecac0165,2017-11-01T15:01:52.000Z,0.00002,0xb36c5f506cb3d87bd57714a82b9edd95c5608abc,sell,0x2daee1aa61d60a252dc80564499a69802853583a,0x2e868d90c44a241519aeffc1e5d208a27d16a16a01ea521808b26ba07beed84e
78,29315.624,0.58631248,0x82a2f985b345eeaccf12bc81230a8673ecac0165,2017-11-01T14:52:54.000Z,0.00002,0xb36c5f506cb3d87bd57714a82b9edd95c5608abc,sell,0x2daee1aa61d60a252dc80564499a69802853583a,0xc92931e8ebd2a8036291a56a4fddc6b5f6e7ddc561bf5d76234c48d7d10b7ab8
79,682.883,0.0135893717,0xb6b2543fcce0e7589048ca2ed93303a46f552089,2017-11-01T13:29:09.000Z,0.0000199,0x9db1ee70e0af0baca42d8b3361b032cbe10c4ba8,sell,0x2daee1aa61d60a252dc80564499a69802853583a,0x7744bb081066272e3918e7b922a16cf839de56582096ed15ebcf9116870f1fc3
80,100,0.00225,0xd4504ceded844c0bbdf74de176edbe357995be7d,2017-11-01T12:27:13.000Z,0.0000225,0x25712e57b3dfb23b48f10360a879745cacb00af4,buy,0x2daee1aa61d60a252dc80564499a69802853583a,0x631f6c4c24b1dbabcdc4901f885a5e7950821339b476b38ca05b13f92d261ef7
81,74.7682,0.0014655314882,0xf757f42ac03f16b9d0e4ec16ba096e1a02bd746b,2017-11-01T10:57:28.000Z,0.000019601,0x7522b31cd0cba4e8f64dbebef846456f0aaff9f3,sell,0x2daee1aa61d60a252dc80564499a69802853583a,0x151c28351dc6acad08ee1b3790726727554e6b508992c5b489e2270382a7f520
82,1.5708,0.000035344142297256,0x4b71985c9bfd3e51767285fd48205f3df8e6f626,2017-11-01T10:32:51.000Z,0.00002250072720731856,0x25712e57b3dfb23b48f10360a879745cacb00af4,buy,0x2daee1aa61d60a252dc80564499a69802853583a,0x8e6af81b5cd5eeb85535951e0ad4ab7e5a2da0510b90ce2e224c5b6c1199b5cd
83,504,0.0097272,0x7a7c8ea9ecec9dfe225dd07b8c75e54a6ab83bcf,2017-11-01T09:42:44.000Z,0.0000193,0xb11154b3b7836e26881b9b1c678a548ba09553a4,sell,0x2daee1aa61d60a252dc80564499a69802853583a,0x448f18eb85057e495eca99a8818083a495bd8c23800ff90662de4e922bbe6b9c
84,3987.6383,0.0757651277,0x7a7c8ea9ecec9dfe225dd07b8c75e54a6ab83bcf,2017-11-01T09:10:06.000Z,0.000019,0x5cc2072740d99c150b6815eccc05c8b6bcd466b7,sell,0x2daee1aa61d60a252dc80564499a69802853583a,0x229b0c35ee1be2eebb0457a0183fe59dc566dc34a45c466e35e8491525ba9324
85,18214.0092,0.41872185850424337,0x61a8039a2a68e6bc9a4eef5d1705a0561915a4b3,2017-11-01T09:01:56.000Z,0.00002298900005520165,0x19ed3c3675497f80780f6779e083256cd93e2285,buy,0x2daee1aa61d60a252dc80564499a69802853583a,0x838ef765b8dc6772cb2552f90fb14b32fe8c4c14d5979680ec80655672fcfa62
86,8654.313,0.19896265606528996,0x61a8039a2a68e6bc9a4eef5d1705a0561915a4b3,2017-11-01T08:58:36.000Z,0.00002299000002256562,0x29a3bcf59cca131fa8a6ea2ceb04d38270e26f09,buy,0x2daee1aa61d60a252dc80564499a69802853583a,0xc9d56d37f4b0564c21734412661c84fd13b574bf1ae06136299065807626a857
87,3721.596,0.059545536,0x82a2f985b345eeaccf12bc81230a8673ecac0165,2017-11-01T08:55:29.000Z,0.000016,0x19ed3c3675497f80780f6779e083256cd93e2285,sell,0x2daee1aa61d60a252dc80564499a69802853583a,0x19207cc0944ca6076604599df635750402cfeae326c469e7b50b551e8cbdb7e2
88,453.9,0.010389771,0x61a8039a2a68e6bc9a4eef5d1705a0561915a4b3,2017-11-01T08:55:01.000Z,0.00002289,0x0cdc9010e997542b7cd7c382316953a41e5461e8,buy,0x2daee1aa61d60a252dc80564499a69802853583a,0x7e4ae7c43404583fce4de5546a7ebb0d5169992eb451a1994e91ae998f0a93c4
89,100000,1.6,0xd37b261b1d8b522bf2f51935997918fa3a08a39b,2017-11-01T08:51:29.000Z,0.000016,0x19ed3c3675497f80780f6779e083256cd93e2285,sell,0x2daee1aa61d60a252dc80564499a69802853583a,0xe1897f5857fd2a9f403c2656797e6cb0ebc5914e4960fbfaf6ac758bf7bf5ff3
90,100000,1.6,0xd37b261b1d8b522bf2f51935997918fa3a08a39b,2017-11-01T08:47:32.000Z,0.000016,0x19ed3c3675497f80780f6779e083256cd93e2285,sell,0x2daee1aa61d60a252dc80564499a69802853583a,0xb073249eecfa277230eaf1548d3d2a4064166eede1afd06fe693d5b343ab7bda
91,25000,0.485,0x82a2f985b345eeaccf12bc81230a8673ecac0165,2017-11-01T08:46:43.000Z,0.0000194,0x19ed3c3675497f80780f6779e083256cd93e2285,sell,0x2daee1aa61d60a252dc80564499a69802853583a,0xdbe75d808f86e0f349e76855adf4a861562a585179bbab6e1a876697de29701a
92,24647.8738,0.468556080938,0x8f1448ec7c3d149e1801095e3cd1fc97acad992c,2017-11-01T08:44:45.000Z,0.00001901,0x19ed3c3675497f80780f6779e083256cd93e2285,sell,0x2daee1aa61d60a252dc80564499a69802853583a,0x1f45cd12ceebd638f6ae564c3d549314cf3736088a979528e53ee313e2c5ce4a
93,4296.7,0.081680267,0x82a2f985b345eeaccf12bc81230a8673ecac0165,2017-11-01T08:43:32.000Z,0.00001901,0x0f7eb5a4d2c6cfcba6e487f0657843cd274d6226,buy,0x2daee1aa61d60a252dc80564499a69802853583a,0xdfa9546aa6a47475b4d05cd75a042c428fee7300a8dba0ed53aad3709d730cf3
94,13000,0.24713,0x61a8039a2a68e6bc9a4eef5d1705a0561915a4b3,2017-11-01T08:42:11.000Z,0.00001901,0x0f7eb5a4d2c6cfcba6e487f0657843cd274d6226,buy,0x2daee1aa61d60a252dc80564499a69802853583a,0xadb4ceadad3d8edad87ba9206fccc3cc7128373c653d7dd6c30afdf473aa2c70
95,131.2206,0.0022307502,0xcf7008288b39e3e236543143e900b3593b914a94,2017-11-01T08:40:39.000Z,0.000017,0x19ed3c3675497f80780f6779e083256cd93e2285,sell,0x2daee1aa61d60a252dc80564499a69802853583a,0xdf96e14bd71cc28417bc7de7e6c626e843327b7dcb3e5d4643f38fd0f5e84aa8
96,19514.8609,0.370977505709,0x8f1448ec7c3d149e1801095e3cd1fc97acad992c,2017-11-01T08:40:12.000Z,0.00001901,0x93f13a19413e5f2c88a551c5b2bbe8760706981f,sell,0x2daee1aa61d60a252dc80564499a69802853583a,0x08395387e20478e0a6c8e01ee8355c4f9df71fb0845930b32e6af9022e03d25d
97,25000,0.425,0x25712e57b3dfb23b48f10360a879745cacb00af4,2017-11-01T08:40:12.000Z,0.000017,0x19ed3c3675497f80780f6779e083256cd93e2285,sell,0x2daee1aa61d60a252dc80564499a69802853583a,0xf3197507c2c45d82d30c87c8623cb63d921da45a940e281ae8f97e0762505296
98,120000,2.0586,0x3dee4a4e076e8d82859d241db0baf46f112cfa23,2017-11-01T08:38:24.000Z,0.000017155,0x19ed3c3675497f80780f6779e083256cd93e2285,sell,0x2daee1aa61d60a252dc80564499a69802853583a,0xf10dec3e0b0f19fae79cc4f2027150c67dc4be97171ca5ddb62653ec2cca35e6
99,570,0.010545,0x6eb25cd876944ec8352acfa35d7d94b5569b14d8,2017-11-01T08:38:15.000Z,0.0000185,0x19ed3c3675497f80780f6779e083256cd93e2285,sell,0x2daee1aa61d60a252dc80564499a69802853583a,0x7a0ed81fd47535d2632767a874c1d9283328aec28690a274c7c2411f0f130866
100,5000,0.09,0x543a235a9515b2b10489bccd1a0287f34df5848c,2017-11-01T08:38:15.000Z,0.000018,0x19ed3c3675497f80780f6779e083256cd93e2285,sell,0x2daee1aa61d60a252dc80564499a69802853583a,0x9e50ce278b0563fd0c5f7e48acb56485923007adf30d8b1c410e8fb0da0937c9
101,14837.2653,0.282056413353,0x8f1448ec7c3d149e1801095e3cd1fc97acad992c,2017-11-01T08:37:56.000Z,0.00001901,0x5f11fc9ef2bf64b685e7bccdc10285faa89a8fa3,sell,0x2daee1aa61d60a252dc80564499a69802853583a,0xe3cf6d500086b0b41ff68534a07136b28a1d29f3ee2811e17f5855e9a2031dbe
102,21258.235,0.412409759,0x29a3bcf59cca131fa8a6ea2ceb04d38270e26f09,2017-11-01T08:37:01.000Z,0.0000194,0x93f13a19413e5f2c88a551c5b2bbe8760706981f,sell,0x2daee1aa61d60a252dc80564499a69802853583a,0x200202a226e5372fa5eb9e80f7900df71a33c96e96a2fecce199e90bca7f78fd
103,127971.7645,2.4826522313,0x29a3bcf59cca131fa8a6ea2ceb04d38270e26f09,2017-11-01T08:34:19.000Z,0.0000194,0x555fb9ec506d2f8011a932e26475bd624c8476ae,sell,0x2daee1aa61d60a252dc80564499a69802853583a,0x548cb9cf95289ca142854763d829bf07e074054cd7d20710eed1e83a6bdb1b74
104,770,0.014938,0x29a3bcf59cca131fa8a6ea2ceb04d38270e26f09,2017-11-01T08:32:07.000Z,0.0000194,0x19ed3c3675497f80780f6779e083256cd93e2285,sell,0x2daee1aa61d60a252dc80564499a69802853583a,0x10fc5fba859aecdc25eb05b7efe5f1a8fe1ca76c16243e548fed2a8a1ba65a94
105,22000,0.429,0x82a2f985b345eeaccf12bc81230a8673ecac0165,2017-11-01T08:27:43.000Z,0.0000195,0x0f7eb5a4d2c6cfcba6e487f0657843cd274d6226,sell,0x2daee1aa61d60a252dc80564499a69802853583a,0xb5396224b757401506475b5019b2721a00b6fbcf81205e9b337847fa747cf82f
106,1205.8196,0.02399581004,0xe0775a00891e3f5896ab55811fbc2132c7cdb842,2017-11-01T08:27:04.000Z,0.0000199,0x19ed3c3675497f80780f6779e083256cd93e2285,sell,0x2daee1aa61d60a252dc80564499a69802853583a,0x2793d4a3b410d355abce144fff4033356e65b672316b45f166fef6b11298ce70
107,30000,0.585,0x82a2f985b345eeaccf12bc81230a8673ecac0165,2017-11-01T08:25:09.000Z,0.0000195,0x19ed3c3675497f80780f6779e083256cd93e2285,sell,0x2daee1aa61d60a252dc80564499a69802853583a,0x0b34270b0c5e2654e3ccea59c01ee008e5f179f56e7bc1433e1ce29f56438ea7
108,151,0.003035251,0xec670ebbd986f392d85b38f586c7dfa4df3a4b88,2017-11-01T08:25:09.000Z,0.000020101,0x19ed3c3675497f80780f6779e083256cd93e2285,sell,0x2daee1aa61d60a252dc80564499a69802853583a,0x312ad02b08a96bafbf6c177fadd9b4547595e9503ff41f19ca4051bdc9e53e72
109,175,0.003517675,0xbf7a86e1cbdbf73baaa32f2a4b8b55c4f3a246a4,2017-11-01T08:25:09.000Z,0.000020101,0x19ed3c3675497f80780f6779e083256cd93e2285,sell,0x2daee1aa61d60a252dc80564499a69802853583a,0xcfe556427296ff64521e8321bbfca875abc6038c9070963429751a80c78390a2
110,10000,0.205,0x25712e57b3dfb23b48f10360a879745cacb00af4,2017-11-01T08:13:46.000Z,0.0000205,0x0f7eb5a4d2c6cfcba6e487f0657843cd274d6226,sell,0x2daee1aa61d60a252dc80564499a69802853583a,0xba6c0de37eb1ec700962a52393eaf52b192c15b5cfcdad91ff736dba1368e575
111,84000,1.764,0xe12fc82ec6cf7bd05a80a8ed23abf1fc894023c1,2017-11-01T07:44:23.000Z,0.000021,0x0f7eb5a4d2c6cfcba6e487f0657843cd274d6226,buy,0x2daee1aa61d60a252dc80564499a69802853583a,0x86ff7e5e2ed0590cb7dd032d9a9d98716e5c4b9a3303673a59e47faa1c438a66
112,2304.5948,0.0530056823902901,0x008036ffc3f086e55beb70fedc29705729b5daf0,2017-11-01T06:53:46.000Z,0.00002300000086361823,0x291e14d8f3632d4dc39dca11774537475006cee1,buy,0x2daee1aa61d60a252dc80564499a69802853583a,0x1f3032e1232deaaa6ec0ed3b147ce567c43e4e00c1a46d68e73d06e068ddc1f5
113,9210,0.21183,0x008036ffc3f086e55beb70fedc29705729b5daf0,2017-11-01T06:52:16.000Z,0.000023,0x555fb9ec506d2f8011a932e26475bd624c8476ae,sell,0x2daee1aa61d60a252dc80564499a69802853583a,0xb8b7a5e6fe6f3eaf44a9e13f7e73f889f0260cfb34c38e14aaca29b08caa1357
114,12035.094,0.240713915094,0xe59aaff212a924e81e94576cb83cfd579a1211d4,2017-11-01T06:51:41.000Z,0.000020001,0x555fb9ec506d2f8011a932e26475bd624c8476ae,sell,0x2daee1aa61d60a252dc80564499a69802853583a,0x07e4ecc8eb3afa40a7ba6e94e308305e74acc2e83c921885f522c6b9b38f4822
115,25000,0.5,0x82a2f985b345eeaccf12bc81230a8673ecac0165,2017-11-01T06:51:24.000Z,0.00002,0x555fb9ec506d2f8011a932e26475bd624c8476ae,sell,0x2daee1aa61d60a252dc80564499a69802853583a,0xfb4eebe4721bd9417ffb671cea1a1e94355eef596e9393edbf2df08991e01fa5
116,35000,0.735,0x008036ffc3f086e55beb70fedc29705729b5daf0,2017-11-01T06:51:22.000Z,0.000021,0x555fb9ec506d2f8011a932e26475bd624c8476ae,sell,0x2daee1aa61d60a252dc80564499a69802853583a,0xa900a50a5c479160a2572e08d36be7c1795ba123602412ae29b9c5c9830b4113
117,345.7059,0.00936862989,0x476e4024213b07d0e37dcfdc196d4b33ff67e39e,2017-11-01T06:38:01.000Z,0.0000271,0x0cd2795a623adeb9370e2895e8d7526a6e4c556d,sell,0x2daee1aa61d60a252dc80564499a69802853583a,0x541d7278b7c77feb7f284ccacf05a4cd2f2e89233bad0304d587d7c51a58d232
118,346.7431,0.0079750913,0x0cd2795a623adeb9370e2895e8d7526a6e4c556d,2017-11-01T06:38:01.000Z,0.000023,0x291e14d8f3632d4dc39dca11774537475006cee1,buy,0x2daee1aa61d60a252dc80564499a69802853583a,0x541d7278b7c77feb7f284ccacf05a4cd2f2e89233bad0304d587d7c51a58d232
119,50000,1,0x82a2f985b345eeaccf12bc81230a8673ecac0165,2017-11-01T06:13:35.000Z,0.00002,0xd35cc4db1066b87373c5b83f2a033b4aabb8a1f2,sell,0x2daee1aa61d60a252dc80564499a69802853583a,0x6e4fffddb53e8d76f3cd6e9f3af82e6b4703fc865119b2da0ac072cb9081dfe2
120,25000,0.5125,0x82a2f985b345eeaccf12bc81230a8673ecac0165,2017-11-01T06:13:28.000Z,0.0000205,0xd35cc4db1066b87373c5b83f2a033b4aabb8a1f2,sell,0x2daee1aa61d60a252dc80564499a69802853583a,0x79010082b8c714e9eef8fd102991d272775630625e5b5f06cebfb368f114221b
121,1814.9057,0.0362999289057,0xe59aaff212a924e81e94576cb83cfd579a1211d4,2017-11-01T03:51:44.000Z,0.000020001,0x619bef28aa1ad4f038feeb8155429f8dc7d5cc02,sell,0x2daee1aa61d60a252dc80564499a69802853583a,0x5ce536d33635d08500e6986626acf238c4bba62cb6aaa2707195ef75720e0e39
122,448.6093,0.00901704693,0x0cdc9010e997542b7cd7c382316953a41e5461e8,2017-11-01T03:00:24.000Z,0.0000201,0x6427601221e1f68a2c1e3172fb469e520f3caf44,sell,0x2daee1aa61d60a252dc80564499a69802853583a,0x34e6f2553d12541e74b8e7881c7363e6b297aa571e7318d966a98013535d91a2
123,2000,0.046,0x8176dfcb94b66eeee6fb6bf421e1c24b3c9ee44d,2017-11-01T00:59:33.000Z,0.000023,0x291e14d8f3632d4dc39dca11774537475006cee1,buy,0x2daee1aa61d60a252dc80564499a69802853583a,0x1feb4a8c553f7b866a962188fc199e458bc2d511f387e85f9d32211fdddd8124
124,4000,0.09776,0x1d739d7ee5fe4c5cdc815a4023de117c928519e0,2017-10-31T21:08:39.000Z,0.00002444,0xd35cc4db1066b87373c5b83f2a033b4aabb8a1f2,buy,0x2daee1aa61d60a252dc80564499a69802853583a,0xd16e3d5e3f2b8a71bb3fd540fa244797ff05bf08858ead3269a49d15e14645bf
125,100,0.002444,0xd4504ceded844c0bbdf74de176edbe357995be7d,2017-10-31T20:50:24.000Z,0.00002444,0xd35cc4db1066b87373c5b83f2a033b4aabb8a1f2,buy,0x2daee1aa61d60a252dc80564499a69802853583a,0xd390dae550ba9b5e00692a921647bc369cef50ea2e255cdc6dab4e2a0478276f
126,3463.9596,0.08624913069484598,0xd77148403bd66fd819571b443f17d5fcd2a17fb4,2017-10-31T20:01:12.000Z,0.00002489900017738254,0x29a3bcf59cca131fa8a6ea2ceb04d38270e26f09,buy,0x2daee1aa61d60a252dc80564499a69802853583a,0xeedbfeea1f6b7120e9d550b83286a01bacc59ac8cbe482d3dd551643e87e9f0f
127,2000,0.0482,0xd77148403bd66fd819571b443f17d5fcd2a17fb4,2017-10-31T19:58:10.000Z,0.0000241,0xba2236d9a90dd62e9f08a64d4928bb4791c6834a,buy,0x2daee1aa61d60a252dc80564499a69802853583a,0x2e080ccc49829627b56bc0cc23061909942631e51fc10a429d701eae865d8ad5
128,11000,0.259479,0xd77148403bd66fd819571b443f17d5fcd2a17fb4,2017-10-31T19:56:46.000Z,0.000023589,0x0cdc9010e997542b7cd7c382316953a41e5461e8,buy,0x2daee1aa61d60a252dc80564499a69802853583a,0x29a1c3a07c2984c086a154f71bc05b6d56d67f43519ae4d98ba741f17796d17c
129,15000,0.35382,0xd77148403bd66fd819571b443f17d5fcd2a17fb4,2017-10-31T19:53:16.000Z,0.000023588,0x29a3bcf59cca131fa8a6ea2ceb04d38270e26f09,buy,0x2daee1aa61d60a252dc80564499a69802853583a,0xc89a40dfeafa78d72ed6c5bee710e5fac8fdb6aa6c08ec34125009f94f15e2c6
130,4900,0.09849,0xdc8cc8afae1804d6e2ea8c7557c7bf3baf0fb904,2017-10-31T19:43:05.000Z,0.0000201,0x555fb9ec506d2f8011a932e26475bd624c8476ae,sell,0x2daee1aa61d60a252dc80564499a69802853583a,0xc66d2c6ab5ddbcd1f79814fd800ce85ab79be488d2add94cbb76c8cab7bb130c
131,7350,0.147,0x29a3bcf59cca131fa8a6ea2ceb04d38270e26f09,2017-10-31T19:18:17.000Z,0.00002,0x555fb9ec506d2f8011a932e26475bd624c8476ae,sell,0x2daee1aa61d60a252dc80564499a69802853583a,0x057ae6cd6e32d2d9834d39614606c90c7a291c83b50ea0d9e7ff08f238548ec0
132,25000,0.5,0x82a2f985b345eeaccf12bc81230a8673ecac0165,2017-10-31T19:17:54.000Z,0.00002,0x555fb9ec506d2f8011a932e26475bd624c8476ae,sell,0x2daee1aa61d60a252dc80564499a69802853583a,0xb5705de31e09bb095a5aceda7a9b687c62136aae19f1a9cdb5615cec669c882c
133,4900,0.1126951,0x08672726af8ab2487423e6112bc4d05f5e86fed4,2017-10-31T19:01:37.000Z,0.000022999,0x442edd20fdaf8d00adb4a94665a1b2edfad915ef,buy,0x2daee1aa61d60a252dc80564499a69802853583a,0x8de16d579a3d392f5b6dc4aa44b178db6d50dc8422e1def3b7b1bd30ede3f8f7
134,130.1887,0.00345000055,0x16c30df542fcc6ac9d898f3b04ca06f88874f4dd,2017-10-31T17:13:35.000Z,0.0000265,0xbf7a86e1cbdbf73baaa32f2a4b8b55c4f3a246a4,sell,0x2daee1aa61d60a252dc80564499a69802853583a,0x28bca2dcec5f4a43fa279e9170f424c13c25bd8b378bc464d19e5a58ebe7aa0c
135,50000,1,0x661a6aff14a26bb0062d48ca8b879e89f4ec9171,2017-10-31T16:20:15.000Z,0.00002,0x555fb9ec506d2f8011a932e26475bd624c8476ae,sell,0x2daee1aa61d60a252dc80564499a69802853583a,0xe8cb856f75458cd7fb9292cd8a5bc5774935e8b49f028a14d9f3a811a4edcd41
136,50000,1,0x29a3bcf59cca131fa8a6ea2ceb04d38270e26f09,2017-10-31T16:20:15.000Z,0.00002,0x555fb9ec506d2f8011a932e26475bd624c8476ae,sell,0x2daee1aa61d60a252dc80564499a69802853583a,0x6decb31e82e2ee944fe62830b90dca8f1bf401426d803d233424bffa52b8ad25
137,1065.4036,0.0234623180792,0xd35cc4db1066b87373c5b83f2a033b4aabb8a1f2,2017-10-31T14:38:51.000Z,0.000022022,0x29a3bcf59cca131fa8a6ea2ceb04d38270e26f09,sell,0x2daee1aa61d60a252dc80564499a69802853583a,0xdf4ec695bee7b3e06b6d7c3faf99b6a803ab48268fa8e2c2eecb32994c4a30c7
138,1179.0108,0.02346231616690681,0xac786cd294d745acc7ff971bcb13ea22a85283cc,2017-10-31T14:38:07.000Z,0.00001990000105758726,0xd35cc4db1066b87373c5b83f2a033b4aabb8a1f2,buy,0x2daee1aa61d60a252dc80564499a69802853583a,0xe813346a45517f7ca20dc8cee3a177c89e7eac3636623a1909fa15449e968903
139,6434.8906,0.14156116040275146,0xba5ea7da0b0c0cd934ffc26f89de01d2ab6ab7a2,2017-10-31T14:26:50.000Z,0.00002199900032531267,0x29a3bcf59cca131fa8a6ea2ceb04d38270e26f09,buy,0x2daee1aa61d60a252dc80564499a69802853583a,0x03c9740b826a9487fd135c6e7349b3ebd6dea396dedda355d34c0b8725730a05
140,106.5,0.0022366065,0xd2dfdd6bfa5ed6351b057c029b5e8d660e6ab773,2017-10-31T14:08:43.000Z,0.000021001,0xba2236d9a90dd62e9f08a64d4928bb4791c6834a,sell,0x2daee1aa61d60a252dc80564499a69802853583a,0x5f2cc6ca711109a9dc08f391c83623b5de2c6d13586995bcc86555006827e5f6
141,30000,0.6,0x29a3bcf59cca131fa8a6ea2ceb04d38270e26f09,2017-10-31T13:59:53.000Z,0.00002,0x555fb9ec506d2f8011a932e26475bd624c8476ae,sell,0x2daee1aa61d60a252dc80564499a69802853583a,0x8f32009344c7f9cb019c51b61030c9c8a437633b5984e97650a40bb5d2c32472
142,25000,0.5,0x28d1b4847d82b660d5a6ae49b3558d4657703dd4,2017-10-31T13:59:53.000Z,0.00002,0x555fb9ec506d2f8011a932e26475bd624c8476ae,sell,0x2daee1aa61d60a252dc80564499a69802853583a,0xc4e238ba33a9c1b7f3a5da3d728214c60104eca23bc5858037b79c17d515ad14
143,4400,0.0924088,0x442edd20fdaf8d00adb4a94665a1b2edfad915ef,2017-10-31T13:55:01.000Z,0.000021002,0x29a3bcf59cca131fa8a6ea2ceb04d38270e26f09,sell,0x2daee1aa61d60a252dc80564499a69802853583a,0xa55cea18933db85adbc4550bb64b93b872919d52a6ccd4b7732b268bbaa360cc
144,24000,0.590376,0xe12fc82ec6cf7bd05a80a8ed23abf1fc894023c1,2017-10-31T13:54:13.000Z,0.000024599,0x29a3bcf59cca131fa8a6ea2ceb04d38270e26f09,buy,0x2daee1aa61d60a252dc80564499a69802853583a,0x8893f0417589ce4d19e68399fa88508a588de8ee3ec83decbdfd06f8ad6f74f6
145,50000,1,0x82a2f985b345eeaccf12bc81230a8673ecac0165,2017-10-31T13:31:16.000Z,0.00002,0x555fb9ec506d2f8011a932e26475bd624c8476ae,sell,0x2daee1aa61d60a252dc80564499a69802853583a,0xa6e51a394b38f272df4167b881a04979fb3138e5cef49c8d3006990e86a81796
146,6000,0.1206,0x0cdc9010e997542b7cd7c382316953a41e5461e8,2017-10-31T13:31:16.000Z,0.0000201,0x555fb9ec506d2f8011a932e26475bd624c8476ae,sell,0x2daee1aa61d60a252dc80564499a69802853583a,0xe639e78692fc3cfe2495bde0b970d7d35a1b1bb8da8c810fe3838ffa637326b9
147,12403.4308,0.30996173806671545,0x3af051066cbddc1c00b7442f61848a94b1044bdf,2017-10-31T12:22:56.000Z,0.00002499000019145633,0x29a3bcf59cca131fa8a6ea2ceb04d38270e26f09,buy,0x2daee1aa61d60a252dc80564499a69802853583a,0x0f7b4ad99d1e2329a7c8a4cf418305169ac39b0176599e2aef6e5971d9a1665f
148,224.9979,0.005399951517872023,0x3af051066cbddc1c00b7442f61848a94b1044bdf,2017-10-31T12:10:01.000Z,0.00002400000852395521,0x5fb906a241492411c856e35eb473efbed171129c,buy,0x2daee1aa61d60a252dc80564499a69802853583a,0xee78afde1161eaae98c00041670687c4b26ac8abc4450d0e46c862fbf99ac781
149,401.1226,0.0084235746,0x43c88efbbad582ab05a1deb26ec6873c0ef7b55f,2017-10-31T12:03:40.000Z,0.000021,0x29a3bcf59cca131fa8a6ea2ceb04d38270e26f09,sell,0x2daee1aa61d60a252dc80564499a69802853583a,0x8b627334e43157b350d3f9a47eb9d18817470855c0d7c7de31844d48abc59c0d
150,1500,0.0315,0xd26c0059f2eaf35d0cd3389be87e2f715c21e02f,2017-10-31T12:02:26.000Z,0.000021,0x29a3bcf59cca131fa8a6ea2ceb04d38270e26f09,sell,0x2daee1aa61d60a252dc80564499a69802853583a,0x9f378f11a86d0b58fa441832253fe6d37b4e646d80e9ae7b369f65dfb0694365
151,0.002,0.000000048477295228,0x0ae24a034fb1f4529e93c87e7a71935d453e92cf,2017-10-31T12:02:03.000Z,0.000024238647614,0x5fb906a241492411c856e35eb473efbed171129c,buy,0x2daee1aa61d60a252dc80564499a69802853583a,0xa7b7a9e8638c20df51d85e625895378b086784b4118969fcec841d3367334ffa
152,85.2009,0.0018762942198,0xd35cc4db1066b87373c5b83f2a033b4aabb8a1f2,2017-10-31T12:02:03.000Z,0.000022022,0x29a3bcf59cca131fa8a6ea2ceb04d38270e26f09,sell,0x2daee1aa61d60a252dc80564499a69802853583a,0x7ccc73b1651bf3a5f3b746183b5fd5a5b89eb1c6c7afc1874959e06b5461a676
153,5000,0.1,0x7037145afe2279e5bc07b10c11dcec0ad74bee2d,2017-10-31T11:31:23.000Z,0.00002,0x555fb9ec506d2f8011a932e26475bd624c8476ae,sell,0x2daee1aa61d60a252dc80564499a69802853583a,0x30485b51127341bb6dac06fa16696e5d8dc573d0073ce2cc14d0ce1ffd9201b4
154,50000,1,0x29a3bcf59cca131fa8a6ea2ceb04d38270e26f09,2017-10-31T11:30:32.000Z,0.00002,0x555fb9ec506d2f8011a932e26475bd624c8476ae,sell,0x2daee1aa61d60a252dc80564499a69802853583a,0xff2b306965f337b6a5c852e35451ea4fdbd7e627d8347ac7349055015ea64129
155,0.005,0.0025,0xcf7008288b39e3e236543143e900b3593b914a94,2017-10-31T11:25:51.000Z,0.5,0xf669cc2cb12a2586de967728421ec442b6a7a061,buy,0x2daee1aa61d60a252dc80564499a69802853583a,0xdc121f282f82640472f00aa7e90ea8771a702d1e1699e707af2019ac8f2251fc
156,1105.5489,0.027638724251566146,0x3af051066cbddc1c00b7442f61848a94b1044bdf,2017-10-31T11:09:47.000Z,0.00002500000158434072,0xa523dd406a005b4f6a3a0e9671acaaeb794b4902,buy,0x2daee1aa61d60a252dc80564499a69802853583a,0x966eaecd1dc9f6acc584f1dda11ccec69e88d93a8a8bf6a88f0fd319b389720a
157,22000.9216,0.5610014998784,0x3af051066cbddc1c00b7442f61848a94b1044bdf,2017-10-31T11:09:47.000Z,0.000025499,0x29a3bcf59cca131fa8a6ea2ceb04d38270e26f09,buy,0x2daee1aa61d60a252dc80564499a69802853583a,0x1b78e5db602df42baea2c6f21a5044c1cce42e3094d104dd899a7b299b0f55b7
158,19.451,0.000486275748433855,0x0ae24a034fb1f4529e93c87e7a71935d453e92cf,2017-10-31T11:07:55.000Z,0.00002500003847791141,0xa523dd406a005b4f6a3a0e9671acaaeb794b4902,buy,0x2daee1aa61d60a252dc80564499a69802853583a,0x11353d8fbd35871218303586eab4334332ec757b2d493a3f8bcb28582bb01ec7
159,3857,0.098349643,0x08672726af8ab2487423e6112bc4d05f5e86fed4,2017-10-31T10:47:59.000Z,0.000025499,0x29a3bcf59cca131fa8a6ea2ceb04d38270e26f09,buy,0x2daee1aa61d60a252dc80564499a69802853583a,0x86d1c22edda682926126b633c78b1a21421e662e1d421a2961e764047d07be32
160,40000,0.8,0x29a3bcf59cca131fa8a6ea2ceb04d38270e26f09,2017-10-31T10:47:39.000Z,0.00002,0x555fb9ec506d2f8011a932e26475bd624c8476ae,sell,0x2daee1aa61d60a252dc80564499a69802853583a,0xd25c1538a1a7dd8648a3da4a46a96666ee3395794e904f84ff388a74538790a9
161,10990,0.220899,0xe59aaff212a924e81e94576cb83cfd579a1211d4,2017-10-31T10:47:39.000Z,0.0000201,0x555fb9ec506d2f8011a932e26475bd624c8476ae,sell,0x2daee1aa61d60a252dc80564499a69802853583a,0x64fc6808834a254ec690cc1b2e3f4237a65be394ce84085d14c8cbc8998149e4
162,8000,0.203992,0xa7ef40afda6e29b81faa91a6608dc597e292604b,2017-10-31T10:38:59.000Z,0.000025499,0x29a3bcf59cca131fa8a6ea2ceb04d38270e26f09,buy,0x2daee1aa61d60a252dc80564499a69802853583a,0x4eb74368008561202d9e41850bd7bc5b6d16239ae0e508e371b189f95aa237a1
163,298.8774,0.0062764254,0x43c88efbbad582ab05a1deb26ec6873c0ef7b55f,2017-10-31T10:19:18.000Z,0.000021,0x3dee4a4e076e8d82859d241db0baf46f112cfa23,sell,0x2daee1aa61d60a252dc80564499a69802853583a,0x67e86bbde13c5ebd69d895b68150262b0270038a2140255d9fee0a1ab4ac7f69
164,7000,0.154,0xba2236d9a90dd62e9f08a64d4928bb4791c6834a,2017-10-31T10:14:16.000Z,0.000022,0x29a3bcf59cca131fa8a6ea2ceb04d38270e26f09,sell,0x2daee1aa61d60a252dc80564499a69802853583a,0x8fff52028911aa9fbef9763efd90b541e063827a7fdc67f32f6b29b2016536b4
165,292.9299,0.0067373877,0x29fc70a4d19206f24f91594c2141dbb8be1c70a2,2017-10-31T10:12:43.000Z,0.000023,0x29a3bcf59cca131fa8a6ea2ceb04d38270e26f09,sell,0x2daee1aa61d60a252dc80564499a69802853583a,0x9c06eaf17c0f60a90e73f02a9bc6472695c48023bd13f6c73d44c39046afefb8
166,125,0.0031875,0x29fc70a4d19206f24f91594c2141dbb8be1c70a2,2017-10-31T10:11:22.000Z,0.0000255,0x29a3bcf59cca131fa8a6ea2ceb04d38270e26f09,sell,0x2daee1aa61d60a252dc80564499a69802853583a,0xf702f8559724e6a1c89661b07cc6bb2ba537727750e9244a487b78002b69682b
167,700,0.01827,0xcadd969dd512d6b8bc4f4eca7b1af1371259713c,2017-10-31T10:10:07.000Z,0.0000261,0x29a3bcf59cca131fa8a6ea2ceb04d38270e26f09,sell,0x2daee1aa61d60a252dc80564499a69802853583a,0x9031854e547ced229b2026b3758c1697cbeeb0524c234ed39f6fdc742c2980d5
168,62.7523,0.001876295039423194,0x3af051066cbddc1c00b7442f61848a94b1044bdf,2017-10-31T10:09:23.000Z,0.00002990002022911023,0xd35cc4db1066b87373c5b83f2a033b4aabb8a1f2,buy,0x2daee1aa61d60a252dc80564499a69802853583a,0x7c8e01cc1308b4ba57d14496db13fabc8cba4361e750c725988d1c54b4b4e1d8
169,800,0.02664,0x555fb9ec506d2f8011a932e26475bd624c8476ae,2017-10-31T09:12:16.000Z,0.0000333,0x0cdc9010e997542b7cd7c382316953a41e5461e8,buy,0x2daee1aa61d60a252dc80564499a69802853583a,0x6d6f6bd3150270e7070f72243fd56aa192c80774c9ad205256e10d16de1d76ff
170,33250,0.665,0xf0d14335f542549450de7ac50aef48d435088e2b,2017-10-31T09:10:44.000Z,0.00002,0x555fb9ec506d2f8011a932e26475bd624c8476ae,sell,0x2daee1aa61d60a252dc80564499a69802853583a,0x051a778f74ac22f017d9eb40874030a0811356523d922dd67e6e43fe4d9ec3f3
171,15000,0.300015,0xd65b42f5ca248b4f6b9ac354044bed78715b4dd7,2017-10-31T09:10:44.000Z,0.000020001,0x555fb9ec506d2f8011a932e26475bd624c8476ae,sell,0x2daee1aa61d60a252dc80564499a69802853583a,0xfa4ebcdc20b06bf5e02c0edc1a4b7788f2504ae22c8025c96200fd047858dd3c
172,41000,0.824223,0x756cd3d5dac0c6b54f2917c06740d1231806cc4c,2017-10-31T09:09:41.000Z,0.000020103,0x555fb9ec506d2f8011a932e26475bd624c8476ae,sell,0x2daee1aa61d60a252dc80564499a69802853583a,0x116bd15e94219dc61e19a958b9fbe610207a1ea67c12e15f46c0be829523ef77
173,10000,0.2205,0x523732949909c491079f7d7385d425157b27845a,2017-10-31T09:08:36.000Z,0.00002205,0x555fb9ec506d2f8011a932e26475bd624c8476ae,sell,0x2daee1aa61d60a252dc80564499a69802853583a,0x00fcee3876d5bb6ea79205d0d994c423973f8a41c35d5b8a18730b66ef9edd36
174,5000,0.13055,0xf757f42ac03f16b9d0e4ec16ba096e1a02bd746b,2017-10-31T09:08:36.000Z,0.00002611,0x555fb9ec506d2f8011a932e26475bd624c8476ae,sell,0x2daee1aa61d60a252dc80564499a69802853583a,0x42a80e550a6b7792b829001a2d0f0577f745fd7f6d6d02c03b7e18440a70dc6e
175,5000,0.1125,0xf757f42ac03f16b9d0e4ec16ba096e1a02bd746b,2017-10-31T09:08:36.000Z,0.0000225,0x555fb9ec506d2f8011a932e26475bd624c8476ae,sell,0x2daee1aa61d60a252dc80564499a69802853583a,0xa4b911a63fb0c6eb53422a71871fb84465b72252c22feb7c806541077352364f
176,11439.3059,0.2519163945298,0xd35cc4db1066b87373c5b83f2a033b4aabb8a1f2,2017-10-31T09:08:36.000Z,0.000022022,0x555fb9ec506d2f8011a932e26475bd624c8476ae,sell,0x2daee1aa61d60a252dc80564499a69802853583a,0x624a147f4de72eb436d4f8ec8a940d8a92cd18e0ca324e6d865843e1f6036b84
177,5000,0.1306,0x0cdc9010e997542b7cd7c382316953a41e5461e8,2017-10-31T09:08:36.000Z,0.00002612,0x555fb9ec506d2f8011a932e26475bd624c8476ae,sell,0x2daee1aa61d60a252dc80564499a69802853583a,0x8626bb2e016674d955faacc99260cf8268297a73c3fc4fcf5e457fb0d22007ae
178,100000,1.999,0xfc5b5a90e6d724e5dd1c9c99b6b81c34544117b5,2017-10-31T09:07:45.000Z,0.00001999,0x555fb9ec506d2f8011a932e26475bd624c8476ae,sell,0x2daee1aa61d60a252dc80564499a69802853583a,0x670f34e003470083813c0d06e11f4fce75e6122d4d47e6592d66a07c3342296c
179,100000,2.0101,0x29a3bcf59cca131fa8a6ea2ceb04d38270e26f09,2017-10-31T09:03:08.000Z,0.000020101,0x555fb9ec506d2f8011a932e26475bd624c8476ae,sell,0x2daee1aa61d60a252dc80564499a69802853583a,0x1c31a5a42602c2e1d452a0128911a3992d15f0e7b62e873d279b8fb12ae0027a
180,130000,2.613,0xd37b261b1d8b522bf2f51935997918fa3a08a39b,2017-10-31T09:03:08.000Z,0.0000201,0x555fb9ec506d2f8011a932e26475bd624c8476ae,sell,0x2daee1aa61d60a252dc80564499a69802853583a,0xebfc34a8cc5f7d729aeda2d7e83dc8773f5dc65980a26f90ea3c3413d088fab0
181,50000,1.11,0x13c3fd153e23ded7477e0817ad4d5754e2d67649,2017-10-31T09:02:33.000Z,0.0000222,0x555fb9ec506d2f8011a932e26475bd624c8476ae,sell,0x2daee1aa61d60a252dc80564499a69802853583a,0xa789f95fffc9925f8b5b9737aecf5a0a7aee90dbb9331f03b8b64220c59659fb
182,16200,0.3807,0xbf7a86e1cbdbf73baaa32f2a4b8b55c4f3a246a4,2017-10-31T09:02:31.000Z,0.0000235,0x555fb9ec506d2f8011a932e26475bd624c8476ae,sell,0x2daee1aa61d60a252dc80564499a69802853583a,0xa25cbf90d510dfb082d5b1dc64a3feebfe3fc157e203b58a0af54598edc7423e
183,70000,1.65662,0xd35cc4db1066b87373c5b83f2a033b4aabb8a1f2,2017-10-31T09:01:54.000Z,0.000023666,0x555fb9ec506d2f8011a932e26475bd624c8476ae,sell,0x2daee1aa61d60a252dc80564499a69802853583a,0xa7f9dd9de6cc746d75ffa54f9306543fbccbede3f516a6fe9c0411d7859d652b
184,60000,1.44,0x25712e57b3dfb23b48f10360a879745cacb00af4,2017-10-31T09:01:28.000Z,0.000024,0x555fb9ec506d2f8011a932e26475bd624c8476ae,sell,0x2daee1aa61d60a252dc80564499a69802853583a,0x4530fd4e847ebeb90de5b651820c43560a105521079e11423884f920d6702719
185,50000,1.2005,0xe024c4ecad2c31ecbec328e69e1c32e9c26cb254,2017-10-31T09:01:01.000Z,0.00002401,0x555fb9ec506d2f8011a932e26475bd624c8476ae,sell,0x2daee1aa61d60a252dc80564499a69802853583a,0x7100d731ca89130c70205450a2da9eb0143c00c7aa052ac61f61f3914d121ed5
186,0,0,0x476e4024213b07d0e37dcfdc196d4b33ff67e39e,2017-10-31T06:26:48.000Z,NaN,0xe444a40689f51f63bcd29910622035707d533d29,sell,0x2daee1aa61d60a252dc80564499a69802853583a,0x5ebf4999252dd724f0a9e8860d221fe714bcd81e4fb3633dd824396b78f701bf
187,690,0.0232944,0x77da4d008728fdca14563351aaeb7ae00458ad53,2017-10-31T04:47:19.000Z,0.00003376,0x0cdc9010e997542b7cd7c382316953a41e5461e8,buy,0x2daee1aa61d60a252dc80564499a69802853583a,0x91e6fbe766297701c8b73e86e256b76a8b15e369a94a39bb2a826176daec7c5b
188,2000,0.068,0x03586186d0f87d096a0807c6777cf3d395416915,2017-10-31T04:02:54.000Z,0.000034,0xd37b261b1d8b522bf2f51935997918fa3a08a39b,buy,0x2daee1aa61d60a252dc80564499a69802853583a,0xcfa4ba6ee0bfb16d1307102dfa4958b63f5ec1d19badd077f0dd7937e3df5ebf
189,1495.3643,0.03902900823,0x0cdc9010e997542b7cd7c382316953a41e5461e8,2017-10-31T03:49:45.000Z,0.0000261,0x808794aa3a7b2ccbef5899c08f686635a5d8a4e9,sell,0x2daee1aa61d60a252dc80564499a69802853583a,0xbc3fa6d7956de6a7f19efcf105c8b435709b00f362f8863000b6720964e0ee41
190,74.7682,0.0023178142,0x66c58939568f8ac1815faa4ed7592a22f633e2ca,2017-10-31T02:18:32.000Z,0.000031,0x397d1df72547f92738bffb3579f067d22e254e1b,sell,0x2daee1aa61d60a252dc80564499a69802853583a,0xc0018555846fc0313613d85e3b1b7246fe48bbda4385f0c808537d446591cec3
191,0.0001,0.0000000034,0x0c4085d8e714ca77ac5f46cd2b80a92d238a7cd3,2017-10-31T00:30:32.000Z,0.000034,0xd37b261b1d8b522bf2f51935997918fa3a08a39b,buy,0x2daee1aa61d60a252dc80564499a69802853583a,0x7d68b9da83b6cf35b564d506a7fc5e616af99a3c664578d62f55a9ea9a12202a
192,1790,0.05996321,0x523732949909c491079f7d7385d425157b27845a,2017-10-30T23:59:56.000Z,0.000033499,0x6917383c86c9923aad3ec3ac2525d0bf7329e146,buy,0x2daee1aa61d60a252dc80564499a69802853583a,0x71a6ba3e4d4a6da183ee8cae78c8b2b7b299e5cb0f8fed76935df0d8c1c53376
193,110,0.003685,0xab45233b06b1d1f452901661f6a931c9da663cc0,2017-10-30T23:44:24.000Z,0.0000335,0x29fc70a4d19206f24f91594c2141dbb8be1c70a2,buy,0x2daee1aa61d60a252dc80564499a69802853583a,0x3289e69d9001a5a88781955b02d5e29a0d33d75136431dda32db83609fea6880
194,100,0.0034,0xab45233b06b1d1f452901661f6a931c9da663cc0,2017-10-30T23:44:20.000Z,0.000034,0x29fc70a4d19206f24f91594c2141dbb8be1c70a2,buy,0x2daee1aa61d60a252dc80564499a69802853583a,0x22643fcda6c915ebc18491d9892c89acc26e97de0c538c3a20b752d6c771f819
195,100,0.00275,0xab45233b06b1d1f452901661f6a931c9da663cc0,2017-10-30T23:43:04.000Z,0.0000275,0x29fc70a4d19206f24f91594c2141dbb8be1c70a2,buy,0x2daee1aa61d60a252dc80564499a69802853583a,0xd67b2599b8325e9fe66402b78914d2764e24efeafab4e4dbd6365019a27e74c9
196,71.45,0.00192915,0xab45233b06b1d1f452901661f6a931c9da663cc0,2017-10-30T23:41:12.000Z,0.000027,0x1a0f516f7b746c192674c7055e8a3b6e120f0a26,buy,0x2daee1aa61d60a252dc80564499a69802853583a,0xcd923bd707e41b8042601580649761266779a5a02fb6d475b07e06de8703dc99
197,39987.2961,1.3595680685729432,0x0ee7eb13549dc74c5c4c0be77b5c7b405a677595,2017-10-30T22:55:44.000Z,0.00003400000002933289,0xd37b261b1d8b522bf2f51935997918fa3a08a39b,buy,0x2daee1aa61d60a252dc80564499a69802853583a,0x367cc458a7cc7f0033f1bb030767bf93244b2f971122d99bac73bfcee560b3db
198,11200,0.3807888,0x0ee7eb13549dc74c5c4c0be77b5c7b405a677595,2017-10-30T22:51:52.000Z,0.000033999,0xbf7a86e1cbdbf73baaa32f2a4b8b55c4f3a246a4,buy,0x2daee1aa61d60a252dc80564499a69802853583a,0x94c03ded9eb61532c99ebb249931757c8d37fc8e35cae6688afce0cbfa0f506e
199,5000,0.15,0x0ee7eb13549dc74c5c4c0be77b5c7b405a677595,2017-10-30T22:49:57.000Z,0.00003,0xaa85b24ac88a0a235f1977821194adce1cda9144,buy,0x2daee1aa61d60a252dc80564499a69802853583a,0xd3dddd52bb57c1f57d1f9514f97c8db1ea05b48cfa8da6c514af7689ffd71d80
200,83.3,0.00224077,0xd2dfdd6bfa5ed6351b057c029b5e8d660e6ab773,2017-10-30T22:49:13.000Z,0.0000269,0x1a0f516f7b746c192674c7055e8a3b6e120f0a26,sell,0x2daee1aa61d60a252dc80564499a69802853583a,0xa0086684538ad1420e843e617746d36159ce1bc733d760d68cf37f54343b489d
201,33610.359,1.0049497341,0x0ee7eb13549dc74c5c4c0be77b5c7b405a677595,2017-10-30T22:47:27.000Z,0.0000299,0xd35cc4db1066b87373c5b83f2a033b4aabb8a1f2,buy,0x2daee1aa61d60a252dc80564499a69802853583a,0xb631340c42b2aa1c9daf6b40b3558355e41493f700e5412d8558abb89b102319
202,11607.5446,0.31224295211032893,0x0ee7eb13549dc74c5c4c0be77b5c7b405a677595,2017-10-30T22:47:13.000Z,0.00002690000020420588,0xd35cc4db1066b87373c5b83f2a033b4aabb8a1f2,buy,0x2daee1aa61d60a252dc80564499a69802853583a,0x0877dacf2f215dff87190aa65913935d1285e0aec49b3cb10394a0ac4c57a872
203,4595.6585,0.12362321371591796,0x21c159442709bffe85de00ee37a95faf07ea9289,2017-10-30T22:27:52.000Z,0.00002690000001434352,0xd35cc4db1066b87373c5b83f2a033b4aabb8a1f2,buy,0x2daee1aa61d60a252dc80564499a69802853583a,0xe7f647457db2dfea2138d1845147afa1bf54a3d4ca0697f3474491b4209af465
204,12500,0.33625,0xe12fc82ec6cf7bd05a80a8ed23abf1fc894023c1,2017-10-30T21:31:55.000Z,0.0000269,0xd35cc4db1066b87373c5b83f2a033b4aabb8a1f2,buy,0x2daee1aa61d60a252dc80564499a69802853583a,0xb78f9c0f95999aafc4824d9c8180c34f1f3a02a0640d07f5b3d3673f683b4aaa
205,0.1292,0.000003477256197544,0xe12fc82ec6cf7bd05a80a8ed23abf1fc894023c1,2017-10-30T21:27:24.000Z,0.00002691374765900928,0xd35cc4db1066b87373c5b83f2a033b4aabb8a1f2,buy,0x2daee1aa61d60a252dc80564499a69802853583a,0xe6cc3445fcfed3786be28dbabba0f994b6c7d4b7cebf5a971d9a4e6d23efcbe4
206,1296.6675,0.03488035691755558,0xe12fc82ec6cf7bd05a80a8ed23abf1fc894023c1,2017-10-30T21:20:46.000Z,0.00002690000090042788,0xd35cc4db1066b87373c5b83f2a033b4aabb8a1f2,buy,0x2daee1aa61d60a252dc80564499a69802853583a,0xe97004424691ed3f75d6a24782b9678d09e4eb35f776d01762ad7a727cdbfa63
207,383.6435,0.009970896785432516,0x317a7d3ead471c13b6d569aa37e38246e939ae55,2017-10-30T18:49:52.000Z,0.0000259900057877496,0x29a3bcf59cca131fa8a6ea2ceb04d38270e26f09,buy,0x2daee1aa61d60a252dc80564499a69802853583a,0x5b916aee53bd9c3f0760609d0edd61ba68c230b44af6bfc6411592c4170637c1
208,27550,0.74385,0x4f5279c9405248d40c170950666a5a61b078371b,2017-10-30T17:37:33.000Z,0.000027,0xd37b261b1d8b522bf2f51935997918fa3a08a39b,sell,0x2daee1aa61d60a252dc80564499a69802853583a,0x8e99b088e74c6609a7acf0049c72112cc0a40c6799172a9381ab785dc3f4e1af
209,27550,0.74385,0x4f5279c9405248d40c170950666a5a61b078371b,2017-10-30T17:37:30.000Z,0.000027,0xd37b261b1d8b522bf2f51935997918fa3a08a39b,sell,0x2daee1aa61d60a252dc80564499a69802853583a,0x8e99b088e74c6609a7acf0049c72112cc0a40c6799172a9381ab785dc3f4e1af
210,299.6976,0.0050954585952,0x3dee4a4e076e8d82859d241db0baf46f112cfa23,2017-10-30T17:32:06.000Z,0.000017002,0x38cde1ef8b525264ac033d40ca97343eccdf3a70,sell,0x2daee1aa61d60a252dc80564499a69802853583a,0xcf0b7673da682154a576cbe7e86dfe8d4d4e8a36f2118930c65e2b3ee74c74bf
211,1500,0.042,0xc1cf7ca561ac80e66cda5fd113090ec837465b37,2017-10-30T17:30:43.000Z,0.000028,0xe59aaff212a924e81e94576cb83cfd579a1211d4,buy,0x2daee1aa61d60a252dc80564499a69802853583a,0xd8e1724ce5f4a242c116906e5734d067851c64029152f365e1d3959c0daf6647
212,125,0.00325,0x29fc70a4d19206f24f91594c2141dbb8be1c70a2,2017-10-30T17:30:16.000Z,0.000026,0x38cde1ef8b525264ac033d40ca97343eccdf3a70,sell,0x2daee1aa61d60a252dc80564499a69802853583a,0x3cb09a57c4e2fe8a54c569aa113a564be16157b8410ffa59c38791e348f228cc
213,627.117,0.0166186005,0x16c30df542fcc6ac9d898f3b04ca06f88874f4dd,2017-10-30T17:30:16.000Z,0.0000265,0x38cde1ef8b525264ac033d40ca97343eccdf3a70,sell,0x2daee1aa61d60a252dc80564499a69802853583a,0xd23cf6a7eef7deb1d42a3c780ad9557f00790570f241bafcfc9be4265cab22b9
214,622.9536,0.01806565467354817,0x317a7d3ead471c13b6d569aa37e38246e939ae55,2017-10-30T16:55:06.000Z,0.00002900000043911483,0xd37b261b1d8b522bf2f51935997918fa3a08a39b,buy,0x2daee1aa61d60a252dc80564499a69802853583a,0x9656419c4706f4e524068fbddc2f9887f20a961d419c05b64ff2fed85854dd5d
215,20000,0.4,0xaa85b24ac88a0a235f1977821194adce1cda9144,2017-10-30T16:50:14.000Z,0.00002,0x93f13a19413e5f2c88a551c5b2bbe8760706981f,sell,0x2daee1aa61d60a252dc80564499a69802853583a,0x7eab61186b57dedde42e59d54719ee805f714408200fcec23ff4505693e78533
216,100000,2.0001,0x7a7c8ea9ecec9dfe225dd07b8c75e54a6ab83bcf,2017-10-30T16:49:47.000Z,0.000020001,0x93f13a19413e5f2c88a551c5b2bbe8760706981f,sell,0x2daee1aa61d60a252dc80564499a69802853583a,0x02e453f0fa8c0e1a2581f49041baa331f1d4617c5dc6cfe6754e063b39fbfb8a
217,200000,4.0004,0x29a3bcf59cca131fa8a6ea2ceb04d38270e26f09,2017-10-30T16:43:49.000Z,0.000020002,0x93f13a19413e5f2c88a551c5b2bbe8760706981f,sell,0x2daee1aa61d60a252dc80564499a69802853583a,0x1291cb1b4baaa27ca95cbe188159fe6869a29df431a15037dade64ceabf7c776
218,30000,0.63,0x71fd2dd47ed3350e4d8d1ee16a26db2434ca8608,2017-10-30T16:40:39.000Z,0.000021,0x93f13a19413e5f2c88a551c5b2bbe8760706981f,sell,0x2daee1aa61d60a252dc80564499a69802853583a,0x248ddb024779cf55cfad68f4b032734312377ae36dbb8e8f418576bd8504aa09
219,31000,0.682,0xd35cc4db1066b87373c5b83f2a033b4aabb8a1f2,2017-10-30T16:37:24.000Z,0.000022,0x93f13a19413e5f2c88a551c5b2bbe8760706981f,sell,0x2daee1aa61d60a252dc80564499a69802853583a,0xad38da8c23258a60d6cb31b3d5c8a69bc16e4d75b68e7f9e1202c16ec43b3b19
220,16415,0.3791865,0xe59aaff212a924e81e94576cb83cfd579a1211d4,2017-10-30T16:35:54.000Z,0.0000231,0x93f13a19413e5f2c88a551c5b2bbe8760706981f,sell,0x2daee1aa61d60a252dc80564499a69802853583a,0xbd940157e8377d311de3eabbc6df486b3e85ccb31e09fd83f1354ca7a410cdd6
221,28000,0.646828,0x756cd3d5dac0c6b54f2917c06740d1231806cc4c,2017-10-30T16:35:33.000Z,0.000023101,0x93f13a19413e5f2c88a551c5b2bbe8760706981f,sell,0x2daee1aa61d60a252dc80564499a69802853583a,0x7c7746a8132a778e7e7c2368a3441b1a973c2b60303a5939b3f0b48005cb60fd
222,160,0.00424,0x16c30df542fcc6ac9d898f3b04ca06f88874f4dd,2017-10-30T16:35:33.000Z,0.0000265,0x2c48cf2e5ae4e88998e287e744adfb862d90069d,buy,0x2daee1aa61d60a252dc80564499a69802853583a,0xdb1f95d4e2b928c4a8aa41b8ef31ba603cffea2f821ca40183373b07011a939d
223,90000,1.94409,0x29a3bcf59cca131fa8a6ea2ceb04d38270e26f09,2017-10-30T16:35:21.000Z,0.000021601,0x93f13a19413e5f2c88a551c5b2bbe8760706981f,sell,0x2daee1aa61d60a252dc80564499a69802853583a,0xd075f48e5416f0d8a60937778509ccc41d7b66591ac1fc334ec6970002fb02fd
224,92600,2.0002526,0x7a7c8ea9ecec9dfe225dd07b8c75e54a6ab83bcf,2017-10-30T16:35:21.000Z,0.000021601,0x93f13a19413e5f2c88a551c5b2bbe8760706981f,sell,0x2daee1aa61d60a252dc80564499a69802853583a,0x389890646b4857a112660e046f8cd712af7aefcff2e961fdd918fa69fa5245c3
225,220000,4.972,0xd7a12a0492a1decdb8417734167c43c89ec802a8,2017-10-30T16:35:02.000Z,0.0000226,0x93f13a19413e5f2c88a551c5b2bbe8760706981f,sell,0x2daee1aa61d60a252dc80564499a69802853583a,0x978e2378151e8072c1db4ddfea7e558bfe96e75a11a425d891b282bb19b6acc8
226,1620.592,0.0405148,0x619bef28aa1ad4f038feeb8155429f8dc7d5cc02,2017-10-30T16:16:24.000Z,0.000025,0xd35cc4db1066b87373c5b83f2a033b4aabb8a1f2,sell,0x2daee1aa61d60a252dc80564499a69802853583a,0x7f4f75015337805a0fa842f640162c712c6b62527aaa6493f11136daa547d8c0
227,16674.5664,0.49856953761350037,0x790711a93f4d37fbad248a87cf8938e7f76f1d64,2017-10-30T16:13:43.000Z,0.00002990000013514596,0xd35cc4db1066b87373c5b83f2a033b4aabb8a1f2,buy,0x2daee1aa61d60a252dc80564499a69802853583a,0x662b44a0798d862d30f34ef520335a257e3f601f3dd752e3a0b3ce28b129addf
228,5000,0.130005,0x132d1c6564ec904fc549620b3d6c56036bebc911,2017-10-30T16:07:02.000Z,0.000026001,0xd35cc4db1066b87373c5b83f2a033b4aabb8a1f2,sell,0x2daee1aa61d60a252dc80564499a69802853583a,0xbb089a33e42e0ddc75016820fb71d6e8abd243e67c0d6ff6f4d67ffd6235931d
229,2900,0.0754,0x790711a93f4d37fbad248a87cf8938e7f76f1d64,2017-10-30T16:07:02.000Z,0.000026,0xd35cc4db1066b87373c5b83f2a033b4aabb8a1f2,sell,0x2daee1aa61d60a252dc80564499a69802853583a,0x9391c7ad99cd1db61f2212e3f9f6448519a98c62eacbfcecd9b368ba844adc39
230,50000,1,0xad6311e899ca6b6e8f3a475a34a570a8706790b4,2017-10-30T15:32:50.000Z,0.00002,0x93f13a19413e5f2c88a551c5b2bbe8760706981f,sell,0x2daee1aa61d60a252dc80564499a69802853583a,0xefb2d3124ed6c3bb6679b79f9fbfb58e27870d52a7cea2bf4b49ef01fecc4145
231,100,0.0033,0x93f13a19413e5f2c88a551c5b2bbe8760706981f,2017-10-30T15:32:50.000Z,0.000033,0x29fc70a4d19206f24f91594c2141dbb8be1c70a2,buy,0x2daee1aa61d60a252dc80564499a69802853583a,0x163db04e1b47508b05740783cdd2079b4d508b7ff39c55e3454786e3dd648d38
232,95000,1.995,0xd37b261b1d8b522bf2f51935997918fa3a08a39b,2017-10-30T15:31:34.000Z,0.000021,0x93f13a19413e5f2c88a551c5b2bbe8760706981f,sell,0x2daee1aa61d60a252dc80564499a69802853583a,0x35cd59cf0a40f1beb092e200602115cb61ef5cc2e1eba46481c21d3ea1f001c5
233,50000,1.105,0xcc24d8fd93eadc300d08b0dfe6536897a81d06ea,2017-10-30T15:31:34.000Z,0.0000221,0x93f13a19413e5f2c88a551c5b2bbe8760706981f,sell,0x2daee1aa61d60a252dc80564499a69802853583a,0xdfa92687590f9634d2d3eab6ed08772955629cc6a8bd1e420f5e22cdccd53ba1
234,100000,2.2,0x29a3bcf59cca131fa8a6ea2ceb04d38270e26f09,2017-10-30T15:31:34.000Z,0.000022,0x93f13a19413e5f2c88a551c5b2bbe8760706981f,sell,0x2daee1aa61d60a252dc80564499a69802853583a,0xe3e9caa6c3fb68963cc1035525fcc5770a76663516d4484b0fb5438c2c89fd92
235,22868.443,0.508182540346,0xd35cc4db1066b87373c5b83f2a033b4aabb8a1f2,2017-10-30T15:31:34.000Z,0.000022222,0x93f13a19413e5f2c88a551c5b2bbe8760706981f,sell,0x2daee1aa61d60a252dc80564499a69802853583a,0xaa9bec14fa6325f106ce48e2ae09f602ef38fed9e03e85f746bea3686874eda8
236,90000,2.00007,0x7a7c8ea9ecec9dfe225dd07b8c75e54a6ab83bcf,2017-10-30T15:31:12.000Z,0.000022223,0x93f13a19413e5f2c88a551c5b2bbe8760706981f,sell,0x2daee1aa61d60a252dc80564499a69802853583a,0x601bd4beb0e5da60be4eed783d0eaf8018559f0ea80f15e38a3dca58cc466de9
237,7.4438,0.0001654161236,0xd35cc4db1066b87373c5b83f2a033b4aabb8a1f2,2017-10-30T14:58:23.000Z,0.000022222,0xfecd382cd0b9481e8c8efe14fba25752178e82bb,sell,0x2daee1aa61d60a252dc80564499a69802853583a,0x4d9b413f417806aa66e7d828a98981b1e0dcc55ad59ae2c84845abc5f9d12b19
238,74667.6482,1.6426882604,0x29a3bcf59cca131fa8a6ea2ceb04d38270e26f09,2017-10-30T14:57:21.000Z,0.000022,0xfecd382cd0b9481e8c8efe14fba25752178e82bb,sell,0x2daee1aa61d60a252dc80564499a69802853583a,0x4ca53b0b66856d37c4b7fb72290fdfdc03b698e9dd24a43b225af93342bd9be3
239,50000,1.155,0xcc24d8fd93eadc300d08b0dfe6536897a81d06ea,2017-10-30T14:54:17.000Z,0.0000231,0xfecd382cd0b9481e8c8efe14fba25752178e82bb,sell,0x2daee1aa61d60a252dc80564499a69802853583a,0xed32acb4a371fe837aa6cf8c98e0e9940db2c8b335c00c62e193035ac38169cb
240,18500,0.444,0xe12fc82ec6cf7bd05a80a8ed23abf1fc894023c1,2017-10-30T14:53:54.000Z,0.000024,0xfecd382cd0b9481e8c8efe14fba25752178e82bb,sell,0x2daee1aa61d60a252dc80564499a69802853583a,0xe3067a4e9496da631e7feee87c7d8a173f81f3b44089a76544a7032d0737bf23
241,30000,0.72,0x29a3bcf59cca131fa8a6ea2ceb04d38270e26f09,2017-10-30T14:53:31.000Z,0.000024,0xfecd382cd0b9481e8c8efe14fba25752178e82bb,sell,0x2daee1aa61d60a252dc80564499a69802853583a,0x830762534215de63c93378fb638df4c1c4bdfb6aa37d407306349711717f36ea
242,21000,0.525021,0x756cd3d5dac0c6b54f2917c06740d1231806cc4c,2017-10-30T14:53:26.000Z,0.000025001,0xfecd382cd0b9481e8c8efe14fba25752178e82bb,sell,0x2daee1aa61d60a252dc80564499a69802853583a,0x57ddd0c28cd42fe28b58746c4c0a4d506b16fa2495e4d9a98d699d809737aa1c
243,13150,0.32875,0xe59aaff212a924e81e94576cb83cfd579a1211d4,2017-10-30T14:53:26.000Z,0.000025,0xfecd382cd0b9481e8c8efe14fba25752178e82bb,sell,0x2daee1aa61d60a252dc80564499a69802853583a,0x898196de19767f110cbf0f2729048e4ba6fbd48c50e89b59dc5a7c1625542270
244,3987.6441,0.0996990777882,0x7a9ba5e9221b8e1753a941f1fdd2fae3e9af1b1c,2017-10-30T13:29:32.000Z,0.000025002,0x8d9ffd5fef74f39030c475b03440195bfe7adb15,sell,0x2daee1aa61d60a252dc80564499a69802853583a,0xebd6c653bf423872ab135cc49f09f02bc0afab5baef0f2c2e7cafbd02e4253dc
245,199.94,0.0049985,0x619bef28aa1ad4f038feeb8155429f8dc7d5cc02,2017-10-30T13:23:34.000Z,0.000025,0x8d9ffd5fef74f39030c475b03440195bfe7adb15,sell,0x2daee1aa61d60a252dc80564499a69802853583a,0x04fdb86530fedb7a7cfd2d93c76ecc3d1a4740094031d83b7cb8e6b2cabd63e1
246,5000,0.125,0xb3c05ff1cac9f6de9085dd5a964de704ed0e667c,2017-10-30T12:48:24.000Z,0.000025,0xfecd382cd0b9481e8c8efe14fba25752178e82bb,sell,0x2daee1aa61d60a252dc80564499a69802853583a,0xa1c4449422311f4860fc8ed6050ad0d3136d6e8a11684f117ad5305d3491b876
247,2530,0.0759,0xdf1fd56ce34e7dafaf8276ece2ea7241af3c8181,2017-10-30T12:23:47.000Z,0.00003,0x29a3bcf59cca131fa8a6ea2ceb04d38270e26f09,sell,0x2daee1aa61d60a252dc80564499a69802853583a,0x38a6ac66d0cef17ff5a2b5b614c175b7da7f6413b924de898be228af856b5057
248,7585.54,0.17471774282,0xd35cc4db1066b87373c5b83f2a033b4aabb8a1f2,2017-10-30T12:21:48.000Z,0.000023033,0xfecd382cd0b9481e8c8efe14fba25752178e82bb,sell,0x2daee1aa61d60a252dc80564499a69802853583a,0xdb9533976c49e5498fd89f2ce9f36597b69b8c6a15408302ed26a885f7b24b94
249,6447.6827,0.1482967021,0xb6b2543fcce0e7589048ca2ed93303a46f552089,2017-10-30T12:21:33.000Z,0.000023,0xfecd382cd0b9481e8c8efe14fba25752178e82bb,sell,0x2daee1aa61d60a252dc80564499a69802853583a,0xffc0d7a4c55583bb2731a4dd14d924b2fbe4f2f88f20359a4678f34ff55513b4
250,33447.3432,0.7693223409432,0x29a3bcf59cca131fa8a6ea2ceb04d38270e26f09,2017-10-30T12:20:33.000Z,0.000023001,0xfecd382cd0b9481e8c8efe14fba25752178e82bb,sell,0x2daee1aa61d60a252dc80564499a69802853583a,0x2b2a7d10b971a64da0a0b2ffbc8dc14eb569f37bfef5dfb7cf3998f6dc1d0759
251,19000,0.446595,0x756cd3d5dac0c6b54f2917c06740d1231806cc4c,2017-10-30T12:19:41.000Z,0.000023505,0xfecd382cd0b9481e8c8efe14fba25752178e82bb,sell,0x2daee1aa61d60a252dc80564499a69802853583a,0xbd01a85e30b21a2e4e02a743fd5b35546ef425f7a2db6bb6b245ea2a35f78c36
252,21000,0.4935,0x25712e57b3dfb23b48f10360a879745cacb00af4,2017-10-30T12:19:41.000Z,0.0000235,0xfecd382cd0b9481e8c8efe14fba25752178e82bb,sell,0x2daee1aa61d60a252dc80564499a69802853583a,0x1786b24e1782cee93f1795cb3e5d0b2bf0330ec8605b1f60e7177383f9debca5
253,20000,0.4701,0x29a3bcf59cca131fa8a6ea2ceb04d38270e26f09,2017-10-30T12:19:25.000Z,0.000023505,0xfecd382cd0b9481e8c8efe14fba25752178e82bb,sell,0x2daee1aa61d60a252dc80564499a69802853583a,0xd81445091064c5600d3ee17a8edfd65485e639e18aae2c60218538349f596adc
254,19000,0.6827327,0x273a5d3e6721b9f5c1a6474f560c1334c63dda01,2017-10-30T11:30:29.000Z,0.0000359333,0xd35cc4db1066b87373c5b83f2a033b4aabb8a1f2,buy,0x2daee1aa61d60a252dc80564499a69802853583a,0xee003f2d65b172431701756df38083fab80d29f1a678ddb3347d45487cd0580b
255,99.7,0.003988,0x71fd2dd47ed3350e4d8d1ee16a26db2434ca8608,2017-10-30T11:30:29.000Z,0.00004,0x273a5d3e6721b9f5c1a6474f560c1334c63dda01,sell,0x2daee1aa61d60a252dc80564499a69802853583a,0xa1c116af5dac4873ea8b0bbceeba4139ac96824156e7a4203c082ed6f692a69d
256,100,0.0028811,0x273a5d3e6721b9f5c1a6474f560c1334c63dda01,2017-10-30T11:30:29.000Z,0.000028811,0xcaaf6d345f63b7a912274e8b4012e854a20606a6,buy,0x2daee1aa61d60a252dc80564499a69802853583a,0xa1c116af5dac4873ea8b0bbceeba4139ac96824156e7a4203c082ed6f692a69d
257,18943,0.75772,0x71fd2dd47ed3350e4d8d1ee16a26db2434ca8608,2017-10-30T11:30:29.000Z,0.00004,0x273a5d3e6721b9f5c1a6474f560c1334c63dda01,sell,0x2daee1aa61d60a252dc80564499a69802853583a,0xee003f2d65b172431701756df38083fab80d29f1a678ddb3347d45487cd0580b
258,4000,0.100004,0x5cc2072740d99c150b6815eccc05c8b6bcd466b7,2017-10-30T11:26:10.000Z,0.000025001,0xfecd382cd0b9481e8c8efe14fba25752178e82bb,sell,0x2daee1aa61d60a252dc80564499a69802853583a,0x3f43125fd5439fc933824a1a611820af775b6e9e0b92dddd61594c6def182bce
259,28120,0.67488,0xfc5b5a90e6d724e5dd1c9c99b6b81c34544117b5,2017-10-30T11:25:39.000Z,0.000024,0xfecd382cd0b9481e8c8efe14fba25752178e82bb,sell,0x2daee1aa61d60a252dc80564499a69802853583a,0xb863696e81205f87e15c9365af6c70f88e31a7f9987ff999005b28cadf068041
260,50000,1.2,0xfc5b5a90e6d724e5dd1c9c99b6b81c34544117b5,2017-10-30T10:43:43.000Z,0.000024,0xfecd382cd0b9481e8c8efe14fba25752178e82bb,sell,0x2daee1aa61d60a252dc80564499a69802853583a,0x1b495758eea5a8e4eb065178bc7206f6981589becbbf81c7a8c589e87b0a6521
261,48000,1.152096,0xcf7008288b39e3e236543143e900b3593b914a94,2017-10-30T10:42:24.000Z,0.000024002,0xfecd382cd0b9481e8c8efe14fba25752178e82bb,sell,0x2daee1aa61d60a252dc80564499a69802853583a,0x585d413b746d858392ddd96f1923c16f818098dc87a3fc8aac03b8752a145288
262,72414.4596,1.6679222479668,0xd35cc4db1066b87373c5b83f2a033b4aabb8a1f2,2017-10-30T10:42:24.000Z,0.000023033,0xfecd382cd0b9481e8c8efe14fba25752178e82bb,sell,0x2daee1aa61d60a252dc80564499a69802853583a,0x7647edf588b0955903363160c6cec26174e0ed8c2f08f6ef217cfb2a0f5712c6
263,50000,1.175,0xcc24d8fd93eadc300d08b0dfe6536897a81d06ea,2017-10-30T10:42:24.000Z,0.0000235,0xfecd382cd0b9481e8c8efe14fba25752178e82bb,sell,0x2daee1aa61d60a252dc80564499a69802853583a,0x08fc7001df35bfc931ffe170fdfe3e0cb5cd4209b24a9c5bedaf60b4526e23d1
264,20000,0.48006,0x29a3bcf59cca131fa8a6ea2ceb04d38270e26f09,2017-10-30T10:42:13.000Z,0.000024003,0xfecd382cd0b9481e8c8efe14fba25752178e82bb,sell,0x2daee1aa61d60a252dc80564499a69802853583a,0xe8c9ab6e24aaf4f94605f991beece2953ae9605f9e730558f76941b25dc70102
265,19000,0.494,0x25712e57b3dfb23b48f10360a879745cacb00af4,2017-10-30T10:41:44.000Z,0.000026,0xfecd382cd0b9481e8c8efe14fba25752178e82bb,sell,0x2daee1aa61d60a252dc80564499a69802853583a,0x9b81fc6a3cee832c2a91a46b1240ca6818e68b1c50947ed3a03712f90f09fb7e
266,6119,0.165213,0xe59aaff212a924e81e94576cb83cfd579a1211d4,2017-10-30T10:41:29.000Z,0.000027,0xfecd382cd0b9481e8c8efe14fba25752178e82bb,sell,0x2daee1aa61d60a252dc80564499a69802853583a,0x0cff6d3458704280184260a87a64c5cab3aa259d44f401d60334205cca0538bf
267,21730.4636,0.6260763867796,0xfc5b5a90e6d724e5dd1c9c99b6b81c34544117b5,2017-10-30T09:25:44.000Z,0.000028811,0xfecd382cd0b9481e8c8efe14fba25752178e82bb,sell,0x2daee1aa61d60a252dc80564499a69802853583a,0xb7d9c219b1d063f17040827ab4551fc47e9b832eccb465e6f191d684f0528c72
268,77.639,0.002216748728,0xbf7a86e1cbdbf73baaa32f2a4b8b55c4f3a246a4,2017-10-30T08:21:53.000Z,0.000028552,0x8d9ffd5fef74f39030c475b03440195bfe7adb15,sell,0x2daee1aa61d60a252dc80564499a69802853583a,0x05c2840cf209dac6df9052c92f0f8a4f0d0c0dbeaec17f4c478da26f0b92c8f4
269,149.5364,0.0043082932204,0xfc5b5a90e6d724e5dd1c9c99b6b81c34544117b5,2017-10-30T08:14:16.000Z,0.000028811,0x66fa1e1af25d7661001301ab556c1eff78e2dbf9,sell,0x2daee1aa61d60a252dc80564499a69802853583a,0xd1ad467b74501bf4eb13199c5b2d5d9833e14a9dadd9a94843c3eeaf2bd9a924
270,299.0728,0.008972184,0x47b6aaaae14b8a626f053874dcbd6b55c9f9645c,2017-10-30T08:09:01.000Z,0.00003,0x8d9ffd5fef74f39030c475b03440195bfe7adb15,sell,0x2daee1aa61d60a252dc80564499a69802853583a,0xaab7b6356d89e60263bec6289886e963c410cab490f41469b0dc8c61bad03814
271,3134.1309,0.1126124574182908,0xf10abebe6941fea4a6dddd7c9180aec5939e9884,2017-10-30T08:07:31.000Z,0.00003593100001607807,0x8476c9f9dd2b2337b1957c92e45880a9593d1688,buy,0x2daee1aa61d60a252dc80564499a69802853583a,0x46969792dc8b24e7b4cf2d7651d4552fbee68c908280ecbef7767cf1f257e4ea
272,5,0.00018149,0x6f7a96b8827bc9cd936d75faa904c9c036cfef64,2017-10-30T03:58:28.000Z,0.000036298,0x6917383c86c9923aad3ec3ac2525d0bf7329e146,buy,0x2daee1aa61d60a252dc80564499a69802853583a,0x0d20c6fbb5aeb6a2ed96155be8767e7f9a565fdc6731c98cf6442e0915df1e5c
273,5,0.00018149,0x6f7a96b8827bc9cd936d75faa904c9c036cfef64,2017-10-30T03:45:32.000Z,0.000036298,0x6917383c86c9923aad3ec3ac2525d0bf7329e146,buy,0x2daee1aa61d60a252dc80564499a69802853583a,0xd40646aa63bdbf724587486d5fec984d1e838face4f3212111fd0d2f1ea7b8c9
274,334.1138,0.0076846174,0xb6b2543fcce0e7589048ca2ed93303a46f552089,2017-10-30T02:46:01.000Z,0.000023,0x23d3b08a4477dca0a7b95f657253532afb638d64,sell,0x2daee1aa61d60a252dc80564499a69802853583a,0xac542016f614add032885cff48bedc6c7cb99f964b3c1d9f8c3ebc34eb5ea7ba
275,4002.8419,0.092105392119,0x543a235a9515b2b10489bccd1a0287f34df5848c,2017-10-30T02:45:13.000Z,0.00002301,0x23d3b08a4477dca0a7b95f657253532afb638d64,sell,0x2daee1aa61d60a252dc80564499a69802853583a,0x91d0ed3521933359256366b501f4f6cf5300e054181ecdcf6d638fcc272df4ae
276,997.1581,0.022944607881,0x543a235a9515b2b10489bccd1a0287f34df5848c,2017-10-30T02:29:07.000Z,0.00002301,0x2ea6bd58bc3555faeebf4d5b31164d52079b9832,sell,0x2daee1aa61d60a252dc80564499a69802853583a,0x17942067261852ccc4a3cc6798982a8a22343a60f1ab04a2108f29d29ac171a7
277,5418.2035,0.1246186805,0xb6b2543fcce0e7589048ca2ed93303a46f552089,2017-10-30T01:52:07.000Z,0.000023,0x8ba1cda1da80cead8aab5f2680708dfc477e4ccb,sell,0x2daee1aa61d60a252dc80564499a69802853583a,0x0f5765de66bd6b8f55137272b766f73e10202261907535e9df1614eb451a992a
278,510.5455,0.0137847285,0xe59aaff212a924e81e94576cb83cfd579a1211d4,2017-10-29T21:54:53.000Z,0.000027,0x71fd2dd47ed3350e4d8d1ee16a26db2434ca8608,sell,0x2daee1aa61d60a252dc80564499a69802853583a,0xc938f98280153fcf86a3267a02049e719aabf39fb8ad015ffc573f28474196a1
279,6581.278,0.2178403018,0xb6b2543fcce0e7589048ca2ed93303a46f552089,2017-10-29T21:24:53.000Z,0.0000331,0x29a3bcf59cca131fa8a6ea2ceb04d38270e26f09,sell,0x2daee1aa61d60a252dc80564499a69802853583a,0xa750af65d668893c603ef973821a3800a58aacddc01c54a201417b93da707b0c
280,0.051,0.0000016881,0xb6b2543fcce0e7589048ca2ed93303a46f552089,2017-10-29T21:20:54.000Z,0.0000331,0xf938718f57c1677233e0bd6e54c4c26841985f66,sell,0x2daee1aa61d60a252dc80564499a69802853583a,0x7bfbf44f25264aaa30ba8e0de3f6208780c98626dc197ff9351f29f222ca446f
281,511.9803,0.01151955675,0x71fd2dd47ed3350e4d8d1ee16a26db2434ca8608,2017-10-29T21:20:15.000Z,0.0000225,0xf938718f57c1677233e0bd6e54c4c26841985f66,sell,0x2daee1aa61d60a252dc80564499a69802853583a,0xe87506cfed6f61c613b80e79feb18f9204f86df421200dee49535c72ad2e1991
282,191.545,0.005532011145,0xec670ebbd986f392d85b38f586c7dfa4df3a4b88,2017-10-29T20:29:19.000Z,0.000028881,0xd35cc4db1066b87373c5b83f2a033b4aabb8a1f2,sell,0x2daee1aa61d60a252dc80564499a69802853583a,0x09d111b7c6f134b91262cf47c3a0e9bd03147975b9f0eb754f9dda0cf9474ed5
283,11,0.000220253,0x29a3bcf59cca131fa8a6ea2ceb04d38270e26f09,2017-10-29T20:29:19.000Z,0.000020023,0xd35cc4db1066b87373c5b83f2a033b4aabb8a1f2,sell,0x2daee1aa61d60a252dc80564499a69802853583a,0x60529fd8ce4c5e3eb043b0b5cdb76edb7983056a15604975ed3fb09065eef8f6
284,500,0.01475,0x43c88efbbad582ab05a1deb26ec6873c0ef7b55f,2017-10-29T20:28:45.000Z,0.0000295,0xd35cc4db1066b87373c5b83f2a033b4aabb8a1f2,sell,0x2daee1aa61d60a252dc80564499a69802853583a,0x3b8e6aee345ecb247fbf2fd04f14ce224c0b29729fb4c47acb1b19e12e1ba18b
285,1800,0.0522018,0x6917383c86c9923aad3ec3ac2525d0bf7329e146,2017-10-29T20:28:45.000Z,0.000029001,0xd35cc4db1066b87373c5b83f2a033b4aabb8a1f2,sell,0x2daee1aa61d60a252dc80564499a69802853583a,0x45a69fbdcd6ef40bcc8adfeb1f124e15726a7b92613402b7e20fccd90739613e
286,36949.102,1.067422607678,0xe024c4ecad2c31ecbec328e69e1c32e9c26cb254,2017-10-29T18:57:32.000Z,0.000028889,0xfecd382cd0b9481e8c8efe14fba25752178e82bb,sell,0x2daee1aa61d60a252dc80564499a69802853583a,0xea0ebe41b08cb3afa2afbe4fa29e23ecafb9db1806a20d13bea65f17c5b5d8c2
287,40000,1.1552,0xcc24d8fd93eadc300d08b0dfe6536897a81d06ea,2017-10-29T18:57:32.000Z,0.00002888,0xfecd382cd0b9481e8c8efe14fba25752178e82bb,sell,0x2daee1aa61d60a252dc80564499a69802853583a,0x0b55c932cee526f603df3f6b6f8d0737719095040b20dfd38e497bbedc9002b9
288,4182.154,0.1200278198,0xdc8cc8afae1804d6e2ea8c7557c7bf3baf0fb904,2017-10-29T18:57:32.000Z,0.0000287,0xfecd382cd0b9481e8c8efe14fba25752178e82bb,sell,0x2daee1aa61d60a252dc80564499a69802853583a,0x085f5f14f772e837b5a234be99d848786a00b30cb40babdd280163889179b257
289,50000,1.4444,0xd35cc4db1066b87373c5b83f2a033b4aabb8a1f2,2017-10-29T18:57:32.000Z,0.000028888,0xfecd382cd0b9481e8c8efe14fba25752178e82bb,sell,0x2daee1aa61d60a252dc80564499a69802853583a,0x5cebcbb126d52723a6b2540ec9416e5e9a3935c825bb945a3a6d9622e962dd17
290,24400,0.7076,0xac76b774466131032e8377f6dd3f22f359390686,2017-10-29T18:57:32.000Z,0.000029,0xfecd382cd0b9481e8c8efe14fba25752178e82bb,sell,0x2daee1aa61d60a252dc80564499a69802853583a,0x663b03b7223e41ba7d60253262fdfa587cbcc08612a7b0939b514aa4227f68da
291,10000,0.288101,0x95a601a68cafb4ae04d7fbf3ea053397cf7fb68c,2017-10-29T18:57:32.000Z,0.0000288101,0xfecd382cd0b9481e8c8efe14fba25752178e82bb,sell,0x2daee1aa61d60a252dc80564499a69802853583a,0x24512a8f4e29e73fb186d680d9449979577478cdde02405361589a3716f1ee5c
292,27,0.000980991,0xcb8bfe5d4ffd7bf978f574cf93d7674e9d54b3b6,2017-10-29T18:05:16.000Z,0.000036333,0xd35cc4db1066b87373c5b83f2a033b4aabb8a1f2,buy,0x2daee1aa61d60a252dc80564499a69802853583a,0x26d251add33ce2314d00b542a6617a931784dc5589636582789dbda907197c6b
293,532.898,0.015394890322,0xe024c4ecad2c31ecbec328e69e1c32e9c26cb254,2017-10-29T17:58:36.000Z,0.000028889,0x6850d67adc2885205ba1fd9223ce70653b763720,sell,0x2daee1aa61d60a252dc80564499a69802853583a,0x3d87b51da529e5b476a746672655ad558959e0b77f0e02b920bbc7e27e093da0
294,4650,0.134385,0xb3c05ff1cac9f6de9085dd5a964de704ed0e667c,2017-10-29T17:54:56.000Z,0.0000289,0x6850d67adc2885205ba1fd9223ce70653b763720,sell,0x2daee1aa61d60a252dc80564499a69802853583a,0x3f27744c60aed04969dd1d72dd3886d064448f52472d6725bba28dc694882d56
295,500,0.0145,0x29fc70a4d19206f24f91594c2141dbb8be1c70a2,2017-10-29T17:45:18.000Z,0.000029,0x6850d67adc2885205ba1fd9223ce70653b763720,sell,0x2daee1aa61d60a252dc80564499a69802853583a,0x9dcde7256066acceb177db05fde4d705272fceff829845dfa1da70e703d1531c
296,40,0.0014796,0x0b773d7819259d78757b26dc4148812d35676d8f,2017-10-29T15:25:47.000Z,0.00003699,0x29a3bcf59cca131fa8a6ea2ceb04d38270e26f09,buy,0x2daee1aa61d60a252dc80564499a69802853583a,0x20b02e0ea3d628e89e231edd04e944e13fd8636eb3b5e3eca8f6d35117aca958
297,12000,0.443988,0x265ca90bd2ceb257be4370d0cbd6bf8e0a6688e1,2017-10-29T14:37:49.000Z,0.000036999,0x8476c9f9dd2b2337b1957c92e45880a9593d1688,buy,0x2daee1aa61d60a252dc80564499a69802853583a,0xc154b864b2c8e141f2f1d9ce06d14e72616a8f8b823fa46b837891a002d0e557
298,30000,0.999,0x265ca90bd2ceb257be4370d0cbd6bf8e0a6688e1,2017-10-29T14:37:49.000Z,0.0000333,0xd35cc4db1066b87373c5b83f2a033b4aabb8a1f2,buy,0x2daee1aa61d60a252dc80564499a69802853583a,0xf6eeadbccb5bf2b75ec72464515bba1e5ea704f4edd264cea16a327729035bdb
299,4225.3906,0.1408322715625578,0x265ca90bd2ceb257be4370d0cbd6bf8e0a6688e1,2017-10-29T14:37:49.000Z,0.00003333000067793916,0xd35cc4db1066b87373c5b83f2a033b4aabb8a1f2,buy,0x2daee1aa61d60a252dc80564499a69802853583a,0x62d62a269f3690c435d2d33ccd04b5675d3e279418700fde5f674c9e04cdf059
300,9849.63,0.32798282937,0x265ca90bd2ceb257be4370d0cbd6bf8e0a6688e1,2017-10-29T14:36:07.000Z,0.000033299,0x29a3bcf59cca131fa8a6ea2ceb04d38270e26f09,buy,0x2daee1aa61d60a252dc80564499a69802853583a,0x4261de98965e6d8da85e679f6f319674c462eb0e56891944c4a68fb5740dba49
301,400,0.0132,0x265ca90bd2ceb257be4370d0cbd6bf8e0a6688e1,2017-10-29T14:35:23.000Z,0.000033,0x29fc70a4d19206f24f91594c2141dbb8be1c70a2,buy,0x2daee1aa61d60a252dc80564499a69802853583a,0x3ce478bdc0f40ef50b2bb5d6a11e05f017ff868f92234e70429d688ddc0f31a8
302,150,0.0051,0x29fc70a4d19206f24f91594c2141dbb8be1c70a2,2017-10-29T12:49:27.000Z,0.000034,0x29a3bcf59cca131fa8a6ea2ceb04d38270e26f09,sell,0x2daee1aa61d60a252dc80564499a69802853583a,0xf775260ffbd2c520f5479e608d780cc80cc9c460aca07879cb566f725f51bbc7
303,8938.0697,0.29790586492347326,0x61a8039a2a68e6bc9a4eef5d1705a0561915a4b3,2017-10-29T12:29:06.000Z,0.00003333000020390009,0xd35cc4db1066b87373c5b83f2a033b4aabb8a1f2,buy,0x2daee1aa61d60a252dc80564499a69802853583a,0x80f7926faf9f7ebaeec72bcde7e87d809df7af5f5797ae26658f5da94af894b3
304,2836.5395,0.09454186351396894,0x61a8039a2a68e6bc9a4eef5d1705a0561915a4b3,2017-10-29T12:28:31.000Z,0.00003333000069767014,0xd35cc4db1066b87373c5b83f2a033b4aabb8a1f2,buy,0x2daee1aa61d60a252dc80564499a69802853583a,0xf7529b560c1ebe1ca15cd1382a181db065a43a00bb32d0bbb0e76a89ac5c8e92
305,4000,0.13332,0x8d46bd8b5f783468bfb5d903b8ad3b161e0b6308,2017-10-29T12:21:45.000Z,0.00003333,0xd35cc4db1066b87373c5b83f2a033b4aabb8a1f2,buy,0x2daee1aa61d60a252dc80564499a69802853583a,0x4e978d94332599ee04f096a866d9f3eb242766ebe150c4774a6d88a0d45d5097
306,1100,0.0363,0x3d85a643a52fcbbc29cb54dbacdfc56214d19987,2017-10-29T10:53:29.000Z,0.000033,0xd35cc4db1066b87373c5b83f2a033b4aabb8a1f2,sell,0x2daee1aa61d60a252dc80564499a69802853583a,0x2c89f3c5fa8758e0afe20bd2a570ca48a25b358304cfb8fce8d7e8851434894c
307,42126.458,1.179540824,0x3dee4a4e076e8d82859d241db0baf46f112cfa23,2017-10-29T09:38:54.000Z,0.000028,0x01bbaf8853b5bd59107711c487d3de23008d6352,sell,0x2daee1aa61d60a252dc80564499a69802853583a,0x2c335eb573513f58b529edfda886260607de797d4a8a8d2f4d1f02145a3bbec3
308,52777.7777,1.51999999776,0xd37b261b1d8b522bf2f51935997918fa3a08a39b,2017-10-29T09:35:05.000Z,0.0000288,0x01bbaf8853b5bd59107711c487d3de23008d6352,sell,0x2daee1aa61d60a252dc80564499a69802853583a,0xaeca2d72b883f66d4411a60eea4da74a336d2a1cf30b32c1e795a85598eca904
309,11200,0.3361008,0xbf7a86e1cbdbf73baaa32f2a4b8b55c4f3a246a4,2017-10-29T09:35:05.000Z,0.000030009,0x01bbaf8853b5bd59107711c487d3de23008d6352,sell,0x2daee1aa61d60a252dc80564499a69802853583a,0xf60872fd9fdcb56cd00e963415e578ac6ea9d9914c88b36f897f4a6b93a3e0a0
310,8318.6708,0.27534800348,0xb6b2543fcce0e7589048ca2ed93303a46f552089,2017-10-29T09:35:05.000Z,0.0000331,0x01bbaf8853b5bd59107711c487d3de23008d6352,sell,0x2daee1aa61d60a252dc80564499a69802853583a,0xaa4c317592ad88e7eaed7a59d1df99132215bf4fa04e5269aae30d4563e0b563
311,10760,0.313116,0x7037145afe2279e5bc07b10c11dcec0ad74bee2d,2017-10-29T09:35:05.000Z,0.0000291,0x01bbaf8853b5bd59107711c487d3de23008d6352,sell,0x2daee1aa61d60a252dc80564499a69802853583a,0xa444b19cfb8c04f6d51a5252ee09acd94de9dfe2609ec80f6c8d1cdcca4c9e81
312,30000,0.87003,0x29a3bcf59cca131fa8a6ea2ceb04d38270e26f09,2017-10-29T09:35:05.000Z,0.000029001,0x01bbaf8853b5bd59107711c487d3de23008d6352,sell,0x2daee1aa61d60a252dc80564499a69802853583a,0xbdf18d8e4998f3f39b05dedf4edaa8eba82e062e3058cf18cff42980dd053983
313,5000,0.166,0x8476c9f9dd2b2337b1957c92e45880a9593d1688,2017-10-29T09:34:18.000Z,0.0000332,0x01bbaf8853b5bd59107711c487d3de23008d6352,sell,0x2daee1aa61d60a252dc80564499a69802853583a,0xd959ffbcd470a34cbb1a77a202a0dd0666bb90a20446bcb469eee0af25ae354c
314,167998,4.7543434,0xd7a12a0492a1decdb8417734167c43c89ec802a8,2017-10-29T09:33:04.000Z,0.0000283,0x01bbaf8853b5bd59107711c487d3de23008d6352,sell,0x2daee1aa61d60a252dc80564499a69802853583a,0x4ca2fc973e54c60646ab6425ad198a46616bfed4175734279a5b0f520d14674f
315,3000,0.105,0xe12fc82ec6cf7bd05a80a8ed23abf1fc894023c1,2017-10-29T09:31:37.000Z,0.000035,0xd35cc4db1066b87373c5b83f2a033b4aabb8a1f2,sell,0x2daee1aa61d60a252dc80564499a69802853583a,0x31839bcb95f68f2a3275b636fd6cd0d432e7a75e094772c44cf621c74684f414
316,120000,3.48,0xd37b261b1d8b522bf2f51935997918fa3a08a39b,2017-10-29T09:26:42.000Z,0.000029,0x01bbaf8853b5bd59107711c487d3de23008d6352,sell,0x2daee1aa61d60a252dc80564499a69802853583a,0xc49beee9ced140c3f21219f2d89507eb997012b803641cf7f7836f7286f044c4
317,70000,2.04554,0xd35cc4db1066b87373c5b83f2a033b4aabb8a1f2,2017-10-29T09:26:42.000Z,0.000029222,0x01bbaf8853b5bd59107711c487d3de23008d6352,sell,0x2daee1aa61d60a252dc80564499a69802853583a,0x6e263a9815ca00d42005c57238b2bf8a78016fabe116cd9a16bf444b7e3fe606
318,30000,0.99615,0x29a3bcf59cca131fa8a6ea2ceb04d38270e26f09,2017-10-29T09:26:37.000Z,0.000033205,0x01bbaf8853b5bd59107711c487d3de23008d6352,sell,0x2daee1aa61d60a252dc80564499a69802853583a,0x5681bb2a0361b52fe8a7ceb38ac381d98b640f0f174b8e16c4f1e30e958a5fcb
319,2000,0.07,0xe12fc82ec6cf7bd05a80a8ed23abf1fc894023c1,2017-10-29T09:25:26.000Z,0.000035,0x52494d5f5b43840df370d76b723055be7832c27d,sell,0x2daee1aa61d60a252dc80564499a69802853583a,0xf30eee40ce0e6f621806937d6f45ed228afb6eaa13c7219084a1af2d9db33bc9
320,60000,2.00064,0xd35cc4db1066b87373c5b83f2a033b4aabb8a1f2,2017-10-29T09:25:26.000Z,0.000033344,0x01bbaf8853b5bd59107711c487d3de23008d6352,sell,0x2daee1aa61d60a252dc80564499a69802853583a,0x92b575b4a31adad07bcb7d1dcb9c458b50ae3d85a3a652c15d36425c113e12c7
321,7346.684,0.279173992,0xe12fc82ec6cf7bd05a80a8ed23abf1fc894023c1,2017-10-29T08:43:23.000Z,0.000038,0x3dee4a4e076e8d82859d241db0baf46f112cfa23,buy,0x2daee1aa61d60a252dc80564499a69802853583a,0xa58acc5ebe3e32e657ce31a468f8907125b4d3175c695d221b7850211de6ba63
322,500,0.019,0x8176dfcb94b66eeee6fb6bf421e1c24b3c9ee44d,2017-10-29T08:05:57.000Z,0.000038,0x3dee4a4e076e8d82859d241db0baf46f112cfa23,buy,0x2daee1aa61d60a252dc80564499a69802853583a,0xcc11c081328cf017c0ecc8fe9fbfd263bcdfedab1754d27ec94c308c45e13eee
323,1064.8596,0.04021974748280331,0x8176dfcb94b66eeee6fb6bf421e1c24b3c9ee44d,2017-10-29T08:01:11.000Z,0.00003777000036699984,0xd35cc4db1066b87373c5b83f2a033b4aabb8a1f2,buy,0x2daee1aa61d60a252dc80564499a69802853583a,0x905c9803d6af1aebfbc0cfeffc61d45375f406b041b9b56b067931fbc87b2dc7
324,1326,0.0499902,0xe204b348a1bbb39bad420d36a1007b75f1ded543,2017-10-29T05:04:40.000Z,0.0000377,0xbf7a86e1cbdbf73baaa32f2a4b8b55c4f3a246a4,sell,0x2daee1aa61d60a252dc80564499a69802853583a,0x087648037cd81dfff7aee381f36b506638e1d75f0b6095b32f4889975547234e
325,336.5861,0.012712857441930016,0x5d50ef95da651b0f83942bac2c16079c689a5501,2017-10-29T00:56:49.000Z,0.00003777000132189064,0xd35cc4db1066b87373c5b83f2a033b4aabb8a1f2,buy,0x2daee1aa61d60a252dc80564499a69802853583a,0x2f024d18560b84e398abd164c5f696fcf95ef84a375ec72603c05cf174000118
326,3.9753,0.00013197996,0x29a3bcf59cca131fa8a6ea2ceb04d38270e26f09,2017-10-28T23:11:26.000Z,0.0000332,0xd7a12a0492a1decdb8417734167c43c89ec802a8,sell,0x2daee1aa61d60a252dc80564499a69802853583a,0xf20fd25e04c614275401e38d99fff1edaaba4cd232db82903208c31840d97269
327,39876.3832,1.31990828392,0x29a3bcf59cca131fa8a6ea2ceb04d38270e26f09,2017-10-28T23:09:13.000Z,0.0000331,0xd7a12a0492a1decdb8417734167c43c89ec802a8,sell,0x2daee1aa61d60a252dc80564499a69802853583a,0xf4cd2af0bab5ec3c2d4997397290c888a6894a2d39bb87ed21b72d10117a5128
328,6598.5542,0.24922739507526667,0xf10abebe6941fea4a6dddd7c9180aec5939e9884,2017-10-28T22:40:35.000Z,0.00003777000044574411,0xd35cc4db1066b87373c5b83f2a033b4aabb8a1f2,buy,0x2daee1aa61d60a252dc80564499a69802853583a,0xdada3e6ce63ffd6d1524c0efff08ed69f25c544aa80b579e4d186c8909ddf7c9
329,5891.045,0.214039337985,0x69bc96509a19ce70f5ddbbe2cdc736ca1fd615ee,2017-10-28T21:51:47.000Z,0.000036333,0xd35cc4db1066b87373c5b83f2a033b4aabb8a1f2,buy,0x2daee1aa61d60a252dc80564499a69802853583a,0xbaaeb6b4339363573ec750082318c75020dd9d68164eab887fa7e6919b584c25
330,1100,0.0399663,0x92f5f608873d2aa74ddbdcee98d2bc7e38ba44e5,2017-10-28T21:45:57.000Z,0.000036333,0xd35cc4db1066b87373c5b83f2a033b4aabb8a1f2,buy,0x2daee1aa61d60a252dc80564499a69802853583a,0xb418eae1fb17139af6ab418b10f6e9fda43e38b1c66c9bcd54d5a394065931a0
331,6000,0.217998,0xb6b2543fcce0e7589048ca2ed93303a46f552089,2017-10-28T21:25:02.000Z,0.000036333,0xd35cc4db1066b87373c5b83f2a033b4aabb8a1f2,buy,0x2daee1aa61d60a252dc80564499a69802853583a,0x6d42e6f0e1978b4c0a028ba4adae08e65667084c2cb6a8b35311734330a37452
332,6008.9547,0.21832335269175557,0xe59aaff212a924e81e94576cb83cfd579a1211d4,2017-10-28T21:13:35.000Z,0.00003633300026238433,0xd35cc4db1066b87373c5b83f2a033b4aabb8a1f2,buy,0x2daee1aa61d60a252dc80564499a69802853583a,0x9a4fd2d579433a26505a2a2d564dbfe1c66b8d52c9e270a83860ab3d16e00933
333,13.1578,0.0005,0x34f9560c63078eb61872a4dc2ccd20e21c34feaf,2017-10-28T20:06:42.000Z,0.00003800027360196993,0x3dee4a4e076e8d82859d241db0baf46f112cfa23,buy,0x2daee1aa61d60a252dc80564499a69802853583a,0x284d01edeb9722ab233cae17bbf1c368b4798cd5917a9e9b279b005448a3e349
334,4434.2039,0.1241577092,0x3dee4a4e076e8d82859d241db0baf46f112cfa23,2017-10-28T18:16:28.000Z,0.000028,0x86443d434465f1a9eda0dc2a45e2ff8e798d8b09,sell,0x2daee1aa61d60a252dc80564499a69802853583a,0x43185c72776afc9521d8a3f90c338cfbf7c9d68204484799ffeacabdf67c1c4e
335,20000,0.574,0x29a3bcf59cca131fa8a6ea2ceb04d38270e26f09,2017-10-28T18:15:22.000Z,0.0000287,0x86443d434465f1a9eda0dc2a45e2ff8e798d8b09,sell,0x2daee1aa61d60a252dc80564499a69802853583a,0x18514cb8e5b98ec7602108de120fab0967131962ff4448dfe77ff0c55a38e561
336,70000,1.98016,0xd35cc4db1066b87373c5b83f2a033b4aabb8a1f2,2017-10-28T18:15:10.000Z,0.000028288,0x86443d434465f1a9eda0dc2a45e2ff8e798d8b09,sell,0x2daee1aa61d60a252dc80564499a69802853583a,0x9a168978afebe573b3d54d55800373777ef03833e151546c366a45a9d47a2898
337,486350,12.15875,0x13385769b25133a2020cf814a83a28a1eb81b733,2017-10-28T18:14:52.000Z,0.000025,0x86443d434465f1a9eda0dc2a45e2ff8e798d8b09,sell,0x2daee1aa61d60a252dc80564499a69802853583a,0xf7a4fd0b4df3c5b435d133f738cfdb5e25cb6f11194a4b1c9ddabcd578e6958e
338,40000,1.1324,0xd7a12a0492a1decdb8417734167c43c89ec802a8,2017-10-28T18:14:52.000Z,0.00002831,0x86443d434465f1a9eda0dc2a45e2ff8e798d8b09,sell,0x2daee1aa61d60a252dc80564499a69802853583a,0x08927520edd85f41af004cc32140b7c8634c9566c6967e997fe6a7c100af0294
339,638.5529,0.026812836271000003,0xd2ea382e498316d91b9de8557670149b479721a0,2017-10-28T17:41:37.000Z,0.00004199,0x29a3bcf59cca131fa8a6ea2ceb04d38270e26f09,buy,0x2daee1aa61d60a252dc80564499a69802853583a,0xe00b90c81076058509d861a5df13db5abd33164fef8cbbb914a4afc48280895f
340,636.6372,0.0287136109944,0xbf7a86e1cbdbf73baaa32f2a4b8b55c4f3a246a4,2017-10-28T17:41:37.000Z,0.000045102,0xd2ea382e498316d91b9de8557670149b479721a0,sell,0x2daee1aa61d60a252dc80564499a69802853583a,0xe00b90c81076058509d861a5df13db5abd33164fef8cbbb914a4afc48280895f
341,200,0.0062,0x29fc70a4d19206f24f91594c2141dbb8be1c70a2,2017-10-28T17:41:37.000Z,0.000031,0xbf7a86e1cbdbf73baaa32f2a4b8b55c4f3a246a4,sell,0x2daee1aa61d60a252dc80564499a69802853583a,0x61a512f1e49ef3c5ab4dedf59bfe73c916db1356e1018970977bf6106a8393b4
342,200,0.0072,0x29fc70a4d19206f24f91594c2141dbb8be1c70a2,2017-10-28T17:40:38.000Z,0.000036,0xbf7a86e1cbdbf73baaa32f2a4b8b55c4f3a246a4,sell,0x2daee1aa61d60a252dc80564499a69802853583a,0xd6efd304f1634565261472c7f204bfd7c7189b4b7a2fdf54d3bfa7e08214a6bb
343,55.913,0.002521788126,0xbf7a86e1cbdbf73baaa32f2a4b8b55c4f3a246a4,2017-10-28T17:40:38.000Z,0.000045102,0x29a3bcf59cca131fa8a6ea2ceb04d38270e26f09,sell,0x2daee1aa61d60a252dc80564499a69802853583a,0x123f8a55a6467e4feb99727ea371df394ced404b13d31a7e78e8abc0dd362ff3
344,600,0.0216,0xe006f965292e66d81645c56d6662098ccec6f73d,2017-10-28T17:40:38.000Z,0.000036,0xbf7a86e1cbdbf73baaa32f2a4b8b55c4f3a246a4,sell,0x2daee1aa61d60a252dc80564499a69802853583a,0xa2fbd8d8b7b78255680cb97dac2fbfa10acaa73efae2466fa399ce18e482a970
345,264.9346,0.011124603854,0x273a5d3e6721b9f5c1a6474f560c1334c63dda01,2017-10-28T17:38:07.000Z,0.00004199,0x29a3bcf59cca131fa8a6ea2ceb04d38270e26f09,buy,0x2daee1aa61d60a252dc80564499a69802853583a,0x42fa2a3aacb46cf3105538e0c515bf461c7d3a44e1ec8eb7f3bfe6e3a686f094
346,264.1397,0.0126789697397,0xbf7a86e1cbdbf73baaa32f2a4b8b55c4f3a246a4,2017-10-28T17:38:07.000Z,0.000048001,0x273a5d3e6721b9f5c1a6474f560c1334c63dda01,sell,0x2daee1aa61d60a252dc80564499a69802853583a,0x42fa2a3aacb46cf3105538e0c515bf461c7d3a44e1ec8eb7f3bfe6e3a686f094
347,400,0.01504,0xe006f965292e66d81645c56d6662098ccec6f73d,2017-10-28T17:37:33.000Z,0.0000376,0xbf7a86e1cbdbf73baaa32f2a4b8b55c4f3a246a4,sell,0x2daee1aa61d60a252dc80564499a69802853583a,0xa421130dbccd06dc49fe0822ca45b0e10f7549fa8fc929afcf3410ffea303788
348,7931.7307,0.2458836517,0xcc24d8fd93eadc300d08b0dfe6536897a81d06ea,2017-10-28T17:11:08.000Z,0.000031,0x1ed014aec47fae44c9e55bac7662c0b78ae61798,sell,0x2daee1aa61d60a252dc80564499a69802853583a,0xebf871cdb2d72dc2b9fbf474f4f569bba838e22fd38633e77960f878531fedc2
349,2068.2693,0.0641163483,0xcc24d8fd93eadc300d08b0dfe6536897a81d06ea,2017-10-28T16:58:13.000Z,0.000031,0x8f1448ec7c3d149e1801095e3cd1fc97acad992c,sell,0x2daee1aa61d60a252dc80564499a69802853583a,0x1bb78054cadc851f178411407785dd8b14d475fdef6bb530f6965f079e7b0707
350,5694.366,0.2209414008,0xcc24d8fd93eadc300d08b0dfe6536897a81d06ea,2017-10-28T16:56:30.000Z,0.0000388,0x8f1448ec7c3d149e1801095e3cd1fc97acad992c,sell,0x2daee1aa61d60a252dc80564499a69802853583a,0x45828f8b4295c3a3ba62570c55926251bdcb19a8507a86a039dc434ad9ac1fce
351,1000,0.0388,0x0adc54fbcb39e3bcb5a632b8e0e3dc8bfa0e2e47,2017-10-28T16:56:30.000Z,0.0000388,0x8f1448ec7c3d149e1801095e3cd1fc97acad992c,sell,0x2daee1aa61d60a252dc80564499a69802853583a,0xefdaaf055f9ffcd6fbc72c336b1c88716f89a7fc71a3dc6a3aa7774d9e0f18ef
352,1200,0.0465636,0x3c085ab469f17677f873304b4c293cb9f3ddb645,2017-10-28T16:55:56.000Z,0.000038803,0x8f1448ec7c3d149e1801095e3cd1fc97acad992c,sell,0x2daee1aa61d60a252dc80564499a69802853583a,0x91d2f830ebf402d50550e0e54637a0e864718248f9c0b73566d07491fa621517
353,513.5675,0.021569835147255485,0xf938718f57c1677233e0bd6e54c4c26841985f66,2017-10-28T16:35:56.000Z,0.00004200000028673053,0x3ee0c766d2f02ddf091413781b83d82ebb126dd5,buy,0x2daee1aa61d60a252dc80564499a69802853583a,0x730daaa1ab9d4756c74d6381a58eaffded0557c3c94460c14a6e3c673856a814
354,4426.2785,0.17218223365,0x543a235a9515b2b10489bccd1a0287f34df5848c,2017-10-28T15:32:33.000Z,0.0000389,0xf15ad9d998ceaca8a26cdd59712e9655dfe7411b,sell,0x2daee1aa61d60a252dc80564499a69802853583a,0x7bde8b3f41b811e9f772015fe36df7a94ba72b07f91097bed682fac90ee49820
355,498,0.0193722,0x543a235a9515b2b10489bccd1a0287f34df5848c,2017-10-28T15:22:46.000Z,0.0000389,0xf436e4d69e32e5216f2f7179d9903405572fc07b,sell,0x2daee1aa61d60a252dc80564499a69802853583a,0x4df61520347f56a5e18496f1e0265b32d6712abab4e91dd829934d22f939a2be
356,1186.7985,0.0498455373530958,0xba5ea7da0b0c0cd934ffc26f89de01d2ab6ab7a2,2017-10-28T15:04:29.000Z,0.00004200000029751958,0x3ee0c766d2f02ddf091413781b83d82ebb126dd5,buy,0x2daee1aa61d60a252dc80564499a69802853583a,0x605140221cd39a335c03897ac9b8784749fcd437e4ee00cb5e60be84aae15074
357,13.933,0.000585188903966603,0xba5ea7da0b0c0cd934ffc26f89de01d2ab6ab7a2,2017-10-28T15:00:47.000Z,0.00004200020842364192,0x3ee0c766d2f02ddf091413781b83d82ebb126dd5,buy,0x2daee1aa61d60a252dc80564499a69802853583a,0x437262ca66db7ac6e6b1bd9a3aed709d2df26f33d46fdb5649a1bbbfef769398
358,249.2563,0.00934711125,0x29fc70a4d19206f24f91594c2141dbb8be1c70a2,2017-10-28T13:16:34.000Z,0.0000375,0x7305832765743c243775d9032de5ca270b960cf7,sell,0x2daee1aa61d60a252dc80564499a69802853583a,0x9b3e7f7ad6747ffd8c5c5074a4e51febba368e34db3a67531d982e362494b722
359,1046.755,0.040614094,0xcc24d8fd93eadc300d08b0dfe6536897a81d06ea,2017-10-28T12:30:43.000Z,0.0000388,0x9d64e126e45ff0208f9a82fd54fdf662203ba060,sell,0x2daee1aa61d60a252dc80564499a69802853583a,0xc992047ff0cfa5e0ed64604fc8f524ff4cfa26606a6774bb7bbbc86ead2f3d44
360,3528.1128,0.13689077664,0xcc24d8fd93eadc300d08b0dfe6536897a81d06ea,2017-10-28T12:25:25.000Z,0.0000388,0xe81e6767af9283ef265c723bfab28ee9d17ef575,sell,0x2daee1aa61d60a252dc80564499a69802853583a,0x9133c5268deda8910b85a7b58ce6ae05c115d579f80a57f478b3a396d0cb9dda
361,2691.6558,0.10443624504,0xcc24d8fd93eadc300d08b0dfe6536897a81d06ea,2017-10-28T12:23:35.000Z,0.0000388,0xe01924ddac0ff34536fd9649b60d7be3d0681835,sell,0x2daee1aa61d60a252dc80564499a69802853583a,0x2e8e313b8bccacc5c7795ddeae0192b0f07c6c95e4d95313ef61fcd36d42a76f
362,3650,0.146,0x6c9df1c7ad7fee8cea6b0b8eb8e56f52986a20dd,2017-10-28T12:20:09.000Z,0.00004,0xe81e6767af9283ef265c723bfab28ee9d17ef575,sell,0x2daee1aa61d60a252dc80564499a69802853583a,0x28f6452da570309677f84a231aae60c2d9cb5434e858f42e8ef41986a36fd2bf
363,150,0.006,0x47b6aaaae14b8a626f053874dcbd6b55c9f9645c,2017-10-28T11:30:40.000Z,0.00004,0x29a3bcf59cca131fa8a6ea2ceb04d38270e26f09,sell,0x2daee1aa61d60a252dc80564499a69802853583a,0x65b9c27ae4e3d8669f45c73c43b7e270b27d29922c6ce58d2e4d2e92ec75777f
364,5000,0.19405,0x29a3bcf59cca131fa8a6ea2ceb04d38270e26f09,2017-10-28T11:28:49.000Z,0.00003881,0x3ee0c766d2f02ddf091413781b83d82ebb126dd5,sell,0x2daee1aa61d60a252dc80564499a69802853583a,0xc0b04d47933f3ca6dcb2bf30a35b83bfd1d9a7c28f829d4f02f17986ee5f1f56
365,7039.11,0.273117468,0xcc24d8fd93eadc300d08b0dfe6536897a81d06ea,2017-10-28T11:22:36.000Z,0.0000388,0xfc5b5a90e6d724e5dd1c9c99b6b81c34544117b5,sell,0x2daee1aa61d60a252dc80564499a69802853583a,0x6efe9f93729f0f4c84baa838efff30dea799e56500a681f2b949d056b02b7fea
366,3865.3469,0.1743310105369,0xfc5b5a90e6d724e5dd1c9c99b6b81c34544117b5,2017-10-28T10:42:25.000Z,0.000045101,0x65f2dddf638c7a7118b22d610c9aeba141f2467f,sell,0x2daee1aa61d60a252dc80564499a69802853583a,0xac8165c2dfcc898fb4e4070eb9068b63de4d00a82dfb4a360e0f128259237fb2
367,3877.3295,0.1702108877205,0x65f2dddf638c7a7118b22d610c9aeba141f2467f,2017-10-28T10:42:25.000Z,0.000043899,0x29a3bcf59cca131fa8a6ea2ceb04d38270e26f09,buy,0x2daee1aa61d60a252dc80564499a69802853583a,0xac8165c2dfcc898fb4e4070eb9068b63de4d00a82dfb4a360e0f128259237fb2
368,736.4769,0.0332158446669,0xfc5b5a90e6d724e5dd1c9c99b6b81c34544117b5,2017-10-28T10:40:10.000Z,0.000045101,0x273a5d3e6721b9f5c1a6474f560c1334c63dda01,sell,0x2daee1aa61d60a252dc80564499a69802853583a,0xa691ad064b2a76787c3769d67c8e74c881bea8026e5968ad0bdcc8bb338c6d06
369,738.693,0.031393713807,0x273a5d3e6721b9f5c1a6474f560c1334c63dda01,2017-10-28T10:40:10.000Z,0.000042499,0xe59aaff212a924e81e94576cb83cfd579a1211d4,buy,0x2daee1aa61d60a252dc80564499a69802853583a,0xa691ad064b2a76787c3769d67c8e74c881bea8026e5968ad0bdcc8bb338c6d06
370,276.573,0.01106292,0x1044c555140b87a8f9b1a0ee5e0e52f172000c6b,2017-10-28T09:44:02.000Z,0.00004,0x29a3bcf59cca131fa8a6ea2ceb04d38270e26f09,sell,0x2daee1aa61d60a252dc80564499a69802853583a,0xa0b2450727cff5c5227ce5fa5cda888266763c11f5b3cd7b479fe4d16e180fd4
371,41.6249,0.001664996,0x4877afc42edbf52bf73e475379280ed79fcb8c0c,2017-10-28T09:34:56.000Z,0.00004,0x29a3bcf59cca131fa8a6ea2ceb04d38270e26f09,sell,0x2daee1aa61d60a252dc80564499a69802853583a,0x4be6aa749601011cdc7577046037d401e0d0d4f9671e68bd1a19801568b38e25
372,39.9957,0.00160382757,0x6e2c3596cfe0a3b344d3e50b45bc458c0328fffc,2017-10-28T09:34:04.000Z,0.0000401,0x29a3bcf59cca131fa8a6ea2ceb04d38270e26f09,sell,0x2daee1aa61d60a252dc80564499a69802853583a,0x394684342ef9698eb9c6f1d8677b5762f9a7d8941221cc1cedca911a92ed0be3
373,485.4114,0.0218925395514,0xfc5b5a90e6d724e5dd1c9c99b6b81c34544117b5,2017-10-28T09:29:20.000Z,0.000045101,0xe59aaff212a924e81e94576cb83cfd579a1211d4,sell,0x2daee1aa61d60a252dc80564499a69802853583a,0x4f9577c67a6baad094451b69e98aa43ddcfe3172db43e0adedcffe95f30e5991
374,369.539,0.016666578439,0xfc5b5a90e6d724e5dd1c9c99b6b81c34544117b5,2017-10-28T09:28:33.000Z,0.000045101,0x29a3bcf59cca131fa8a6ea2ceb04d38270e26f09,sell,0x2daee1aa61d60a252dc80564499a69802853583a,0xb5d35626bab70f52979d0994dd23966b57d045683fc83b81552d1cde71c6f4f5
375,28.1109,0.0011286807459,0x71f4632a7f8d9841fc9cbc2c69e1bde15462822d,2017-10-28T09:25:46.000Z,0.000040151,0x29a3bcf59cca131fa8a6ea2ceb04d38270e26f09,sell,0x2daee1aa61d60a252dc80564499a69802853583a,0xe8d06e1923f7c3f2b9e5a026ed84b15c5ba03d52abbc79e6f569ef1fe248ed3a
376,37.7617,0.00160487225,0xd26c0059f2eaf35d0cd3389be87e2f715c21e02f,2017-10-28T09:18:39.000Z,0.0000425,0x29a3bcf59cca131fa8a6ea2ceb04d38270e26f09,sell,0x2daee1aa61d60a252dc80564499a69802853583a,0x9c871d7c43f959330f8cafe1b755cad027a5d8f0617483af861f8d85df35977a
377,60.0043,0.00240617243,0x6e2c3596cfe0a3b344d3e50b45bc458c0328fffc,2017-10-28T08:18:01.000Z,0.0000401,0x93ea6e4c908e58c634d550bb320a1f9ef2757ca5,sell,0x2daee1aa61d60a252dc80564499a69802853583a,0x1c45812647b1669eec21f71f0d3827dfd412498edfdc0837f0589510b2b9f0f1
378,958.9329,0.038501155935,0x1229cc27a597e043fd2d5b944dd6baa993d99f5e,2017-10-28T08:15:41.000Z,0.00004015,0x93ea6e4c908e58c634d550bb320a1f9ef2757ca5,sell,0x2daee1aa61d60a252dc80564499a69802853583a,0x5bc78313f7ae176bd66969dff3646972368455f2ffc7f24fa6c1fbec2f5812af
379,0.1169,0.00000496825,0xd26c0059f2eaf35d0cd3389be87e2f715c21e02f,2017-10-28T08:00:12.000Z,0.0000425,0x5d835f2a6561eff10396405518b69678e2a505e7,sell,0x2daee1aa61d60a252dc80564499a69802853583a,0xcbfb6d309cf2667de5ac90f95d0a9e17875ae221ad592f65a07bcca065e383df
380,3439.338,0.096301464,0x3dee4a4e076e8d82859d241db0baf46f112cfa23,2017-10-28T08:00:12.000Z,0.000028,0xedc321eacad5f279851c765f10353cc5e544e0a7,sell,0x2daee1aa61d60a252dc80564499a69802853583a,0x1adc81351b691212c8fedeacc9cafdb53f7c74c3227078027e158f6c5b7eea4b
381,1171.8891,0.0470525192541,0x71f4632a7f8d9841fc9cbc2c69e1bde15462822d,2017-10-28T07:58:02.000Z,0.000040151,0x5d835f2a6561eff10396405518b69678e2a505e7,sell,0x2daee1aa61d60a252dc80564499a69802853583a,0x603d8280a741df3e1015ae690a41543fe79d562b8c5aa9618be7d5fdfc2f5b02
382,44.345,0.002000003845,0xfc5b5a90e6d724e5dd1c9c99b6b81c34544117b5,2017-10-28T07:57:06.000Z,0.000045101,0x5d835f2a6561eff10396405518b69678e2a505e7,sell,0x2daee1aa61d60a252dc80564499a69802853583a,0xa8d5e6e57af99a9cc2c1f4f2b4395374200faec79f147c969a894745ee45ea90
383,4100,0.1824459,0x5d50ef95da651b0f83942bac2c16079c689a5501,2017-10-28T07:54:28.000Z,0.000044499,0xe59aaff212a924e81e94576cb83cfd579a1211d4,buy,0x2daee1aa61d60a252dc80564499a69802853583a,0xcb669d07a4e3c64a8424a4b6f057157ddb59a12478b06172e7b05c61943f66d9
384,1000,0.040152,0x132d1c6564ec904fc549620b3d6c56036bebc911,2017-10-28T07:39:43.000Z,0.000040152,0x93ea6e4c908e58c634d550bb320a1f9ef2757ca5,sell,0x2daee1aa61d60a252dc80564499a69802853583a,0xdc1b3ede27f4444be12c18bc463390e67f9d0b334c6e7e09de814b9610d47f94
385,665.1737,0.0299999990437,0xfc5b5a90e6d724e5dd1c9c99b6b81c34544117b5,2017-10-28T06:24:55.000Z,0.000045101,0xe59aaff212a924e81e94576cb83cfd579a1211d4,sell,0x2daee1aa61d60a252dc80564499a69802853583a,0xe3bb166c83b73908b9cc4dc321d81a4a15c913a49b723209a81d9cfdbef61c49
