,amount,amountBase,buyer,date,price,seller,side,tokenAddr,txHash
0,1987.6574225920979,0.00029417329854363,0x2dc8709d6f8ef5769270d2e66e282968d03dc891,2017-11-02T16:28:35.000Z,0.00000014799999999999,0x108bd497919b9ac0e50ef43aa6d321443ef1f8cb,sell,0x818fc6c2ec5986bc6e2cbf00939d90556ab12ce5,0x4219fe5801a544fb6b8afdfceffe88bb35c82a202306877af2e1b47203058810
1,120000,0.01872,0xc6acc55d93617c64adbe1e6e05dd7a359db6f2b1,2017-11-02T15:21:03.000Z,0.000000156,0x65a267c7a5f7d345ef0562fb5decb2c1e11668e2,sell,0x818fc6c2ec5986bc6e2cbf00939d90556ab12ce5,0x8596fc12dfa7c157d6b09b231ea0caa5b753893111c4117aded6eeeddacb9854
2,2066.44751860894,0.00031088545706861,0x65a267c7a5f7d345ef0562fb5decb2c1e11668e2,2017-11-02T15:11:40.000Z,0.00000015044439999999,0x5fb380c8ea1be872614efd56bebab2765fbdc332,sell,0x818fc6c2ec5986bc6e2cbf00939d90556ab12ce5,0xa343cf5bc1478db1ceda45a0338ecd6787d730ba763fd01dba0d204f9af5f90d
3,20728535.059166275,3.0470946536974424,0x05d5b50aa9ef16ef0e157fec0780a6584593dd51,2017-11-02T15:08:09.000Z,0.00000014699999999999,0x5fb380c8ea1be872614efd56bebab2765fbdc332,sell,0x818fc6c2ec5986bc6e2cbf00939d90556ab12ce5,0xba8caf26e9b8800e11785d0a2b9b03a22bb433bc4f3c971e7ec1a99d635fc94d
4,21932011.47120587,3.299548306578685,0x65a267c7a5f7d345ef0562fb5decb2c1e11668e2,2017-11-02T14:30:32.000Z,0.00000015044439999999,0x44e7b0debea53d7da0c0adf07002ea80674e751e,sell,0x818fc6c2ec5986bc6e2cbf00939d90556ab12ce5,0x104d30a7d158f46130351f959dbd97427ffa6f4204a8f0c6d15cebaf4689f980
5,1587435.6374242199,0.24922739507560251,0x2fdc9da97a10d1dedb32f402f9d7d590b59edffd,2017-11-02T14:29:57.000Z,0.000000157,0x957211ea0a85a8d44fee4c5e2ef99476a5438fb1,buy,0x818fc6c2ec5986bc6e2cbf00939d90556ab12ce5,0xeb935266c78a381802c2da1d4db150005ddb5f84140ec89ec309b24bb0e6f491
6,1364666.533,0.212887979148,0x1c31a3036d4f2ab65bcef3bcb0bfd2e47c451ee8,2017-11-02T14:23:04.000Z,0.000000156,0x65a267c7a5f7d345ef0562fb5decb2c1e11668e2,sell,0x818fc6c2ec5986bc6e2cbf00939d90556ab12ce5,0xae943ec3e6504c52d641afe89b10b0a623e687738e24559d319c37f061d98e20
7,3664.5999999999935,0.000575342199999999,0x422d7c1f2f04e7582163d1381a436516f4de3c2a,2017-11-02T14:21:18.000Z,0.000000157,0x957211ea0a85a8d44fee4c5e2ef99476a5438fb1,buy,0x818fc6c2ec5986bc6e2cbf00939d90556ab12ce5,0x2a7e408069823ddef1df6280337ddf1a12db4be2b4a1a02885db1ff21a3a1439
8,3650,0.157315,0xf106ff9059f0a2f144d2fef355cb9b3e5797b254,2017-11-02T14:21:18.000Z,0.0000431,0x422d7c1f2f04e7582163d1381a436516f4de3c2a,sell,0x818fc6c2ec5986bc6e2cbf00939d90556ab12ce5,0x2a7e408069823ddef1df6280337ddf1a12db4be2b4a1a02885db1ff21a3a1439
9,35954964.609709896,5.249424833017645,0x2dc8709d6f8ef5769270d2e66e282968d03dc891,2017-11-02T14:06:16.000Z,0.00000014599999999999,0xddf452f3237bb350cf534f7f8ecaa469c4763d00,sell,0x818fc6c2ec5986bc6e2cbf00939d90556ab12ce5,0xa342e4b1a9b84e618c322280f9301316b9018f66a97d80adee644bbb9e07372d
10,19938191.606021333,2.910975974479115,0x2dc8709d6f8ef5769270d2e66e282968d03dc891,2017-11-02T14:03:12.000Z,0.00000014599999999999,0x108bd497919b9ac0e50ef43aa6d321443ef1f8cb,sell,0x818fc6c2ec5986bc6e2cbf00939d90556ab12ce5,0xe270ac0a9fe0b8d5b3549c95b1f700bbf358d0d51ad1198b3fb66b60ec452d5b
11,1505333.4665295368,0.23483202077860774,0x1c31a3036d4f2ab65bcef3bcb0bfd2e47c451ee8,2017-11-02T13:38:50.000Z,0.00000015599999999999,0xb49fda420b9ce7334c6446af26f06225cbecb401,sell,0x818fc6c2ec5986bc6e2cbf00939d90556ab12ce5,0x5cb546b43e8b89dfbc7faf7c7bbc9be5422a02bd72a1a22306d733f45305aed5
12,1490000,0.23244,0x77c3db040f79ae46a91529a667c03ab484b37116,2017-11-02T13:34:46.000Z,0.000000156,0xb49fda420b9ce7334c6446af26f06225cbecb401,buy,0x818fc6c2ec5986bc6e2cbf00939d90556ab12ce5,0x8ec8a6334dbe1cad46b66c34473ee1941c16b8d2328d380e78e747c28442fc12
13,250000,0.03925,0x74963c22f97a3ffe207f9e057e23e75d380a0d53,2017-11-02T13:20:44.000Z,0.000000157,0x957211ea0a85a8d44fee4c5e2ef99476a5438fb1,buy,0x818fc6c2ec5986bc6e2cbf00939d90556ab12ce5,0x497da1ff9c746c32366bedec84a675e4fa3862357445c422285c0e9d88597a9d
14,4142650,0.64211075,0x4b8c8598c60a1eecaabf7d4ddcd54d3ccb268345,2017-11-02T13:00:39.000Z,0.000000155,0xadd0127d61a1a145590c91b623153d19508b7262,sell,0x818fc6c2ec5986bc6e2cbf00939d90556ab12ce5,0x99091bbb8225575d940d5129d4180da2eb2f217859f3067c8aa087652c4f699f
15,39999.641,0.005799947945,0xa3b2ceb252ec28d6bb74c78831ebfa56829ff4ed,2017-11-02T12:51:32.000Z,0.000000145,0x3dfcdbf350d74844fb18366a4d051a3ea85ce98b,buy,0x818fc6c2ec5986bc6e2cbf00939d90556ab12ce5,0x526154ef3ae6d440fba3a1b88fb37beb7c05691167ce46102d791f1a62102595
16,2401181.581753247,0.36978196359,0x77c3db040f79ae46a91529a667c03ab484b37116,2017-11-02T12:34:41.000Z,0.000000154,0xb52ea482307332ac337a81d884d497de8bbf6832,buy,0x818fc6c2ec5986bc6e2cbf00939d90556ab12ce5,0xfcd3b5778924779f021f7d760db200b4de268726cb17117b414a4c706d8dc233
17,356.2520475231796,0.000050033619313246,0x65a267c7a5f7d345ef0562fb5decb2c1e11668e2,2017-11-02T12:29:36.000Z,0.00000014044443999999,0x8c2851e73334a54576feeb26f3f876ff9820ab40,sell,0x818fc6c2ec5986bc6e2cbf00939d90556ab12ce5,0xda0f11c2f95c9d9a1bb4e1bff848566acc6fe3da4dd124c1d9285dbb86dee3c4
18,3573564.2887050146,0.503872564707407,0x4ff2428c439e3623c9924ae520f16e459d1e6d99,2017-11-02T12:28:46.000Z,0.00000014099999999999,0x8c2851e73334a54576feeb26f3f876ff9820ab40,sell,0x818fc6c2ec5986bc6e2cbf00939d90556ab12ce5,0x40302736a5332c1a81373192a3b37ec3a0c5dacd72f387ef76bbe8f03fa59ef5
19,1700000,0.2431,0x29b8eca0a380c562a00b7e5d1fbc624e5be736a5,2017-11-02T12:27:03.000Z,0.000000143,0x8c2851e73334a54576feeb26f3f876ff9820ab40,sell,0x818fc6c2ec5986bc6e2cbf00939d90556ab12ce5,0x6cf7d6b0d6ff9fee797e0891dc16bc8498180e40ab62c2a9277a8a80baabbaae
20,3246.753246753247,0.0005,0x4fda9e6bcd83af6c5cc771b5d20accc2b7720074,2017-11-02T12:20:06.000Z,0.000000154,0xb52ea482307332ac337a81d884d497de8bbf6832,buy,0x818fc6c2ec5986bc6e2cbf00939d90556ab12ce5,0xe62c56d3585133e65df72b18828a7f44edb107e0ceb6ee56eb26d1986b0df92b
21,36756.160328897604,0.005329643247690152,0x7f2e14686ce6d9ec879fe6786053ee1a9f040e6a,2017-11-02T12:08:56.000Z,0.00000014499999999999,0xd7dd052ff73d9177f884592814f844a7788787d1,sell,0x818fc6c2ec5986bc6e2cbf00939d90556ab12ce5,0xd16f8ef85bedb36580992bd4dcce545ba79157f27b7e2b9e2ea4c4394c10bdd5
22,43430609.461,6.644883247533,0x2dc8709d6f8ef5769270d2e66e282968d03dc891,2017-11-02T12:04:24.000Z,0.000000153,0x350fb677631245226b45e6192a02581ed44db1e3,buy,0x818fc6c2ec5986bc6e2cbf00939d90556ab12ce5,0x107fd7c12f9bb246daf07a88e780f9cd980890468d7b31829e8eeae3a285cfbf
23,69850,0.00984885,0x2dc8709d6f8ef5769270d2e66e282968d03dc891,2017-11-02T11:33:41.000Z,0.000000141,0x1e70944086c7f5868913e8acb710d8f748423685,buy,0x818fc6c2ec5986bc6e2cbf00939d90556ab12ce5,0xbb92ad69fe609462ab72ce5dbddaaec55e5e5b06f2568852c90a63e6a4b39696
24,3607002,0.562692312,0x2dc8709d6f8ef5769270d2e66e282968d03dc891,2017-11-02T11:24:16.000Z,0.000000156,0x7979ff8e345d3beb71ff0a81a09fa64a1df6e3b8,buy,0x818fc6c2ec5986bc6e2cbf00939d90556ab12ce5,0xb4a3aefa4daefe3e913e9a0ea62fd4308d861a7376cbac366b4c8eb437266620
25,32500000,5.134675,0x2dc8709d6f8ef5769270d2e66e282968d03dc891,2017-11-02T11:23:30.000Z,0.00000015799,0x00a6ae3dc7e5af897322e62923124d13a6336168,buy,0x818fc6c2ec5986bc6e2cbf00939d90556ab12ce5,0xfc9a720a7263ea2324e15ca367cc5d075cc727c449fe05015b4b78130d8b5076
26,15061782.272954145,2.3285515393987106,0x2dc8709d6f8ef5769270d2e66e282968d03dc891,2017-11-02T11:22:38.000Z,0.0000001546,0x65a267c7a5f7d345ef0562fb5decb2c1e11668e2,buy,0x818fc6c2ec5986bc6e2cbf00939d90556ab12ce5,0x81d1be3d1415441a6a4b2b3852ce5fdb90487b744f11119f8d4d9ebeb6bdd502
27,17500000,2.6775,0x2dc8709d6f8ef5769270d2e66e282968d03dc891,2017-11-02T11:17:56.000Z,0.000000153,0x8bf07feb58d62315daa9327c2cf1b8ef0a5fdb1e,buy,0x818fc6c2ec5986bc6e2cbf00939d90556ab12ce5,0x533c038b891bb1405748b0a2ada7ec1ebfe70188046cd962553deae34b3dd8a3
28,28781587.734606355,4.374801335660166,0x2dc8709d6f8ef5769270d2e66e282968d03dc891,2017-11-02T11:16:57.000Z,0.000000152,0xe6fe4cbee8d62718fadb696189a83aadcca8b4e3,buy,0x818fc6c2ec5986bc6e2cbf00939d90556ab12ce5,0xa285e01c99d6ac3ecf00713fa99cdc6e9e3c026bdd0f537f2e5d55beaee511c8
29,30000000,4.53,0x2dc8709d6f8ef5769270d2e66e282968d03dc891,2017-11-02T11:16:15.000Z,0.000000151,0xe6fe4cbee8d62718fadb696189a83aadcca8b4e3,buy,0x818fc6c2ec5986bc6e2cbf00939d90556ab12ce5,0xb16fecdf908457ca30c4fe08dbcf42edfe8e60554c2b3d47df7aa5d8a4fe7794
30,149836177.981,22.7601154353139,0x2dc8709d6f8ef5769270d2e66e282968d03dc891,2017-11-02T11:15:23.000Z,0.0000001519,0x21de9e523991ccb64c665315af72c7d0564e049b,buy,0x818fc6c2ec5986bc6e2cbf00939d90556ab12ce5,0x194d7a4d7c803442a49ee9ebc826775e63383974d73678a5199d7aa23e1d6448
31,10547310.699,1.592643915549,0x05f9a30b7528f009e885f4ff7071e05883b91251,2017-11-02T10:51:21.000Z,0.000000151,0xb9b83d301c117263338b8de7330f9900223232db,buy,0x818fc6c2ec5986bc6e2cbf00939d90556ab12ce5,0x73767e8bf8b90b3fde7ffc59418395c8eeff320293a7c19f227ef8a6369760ff
32,488486.4483230482,0.07083053500684199,0xf7bb972d75b45783d579c0d5c202d6111858cb3b,2017-11-02T10:24:50.000Z,0.00000014499999999999,0xc072b52ac4bb63b0062787710fbb802e76ae9da6,sell,0x818fc6c2ec5986bc6e2cbf00939d90556ab12ce5,0xf6ca12c0380d08651d5e91b67f5a48a661def1476cbb9a760457f3946ec44928
33,2000000,0.298,0x462cdf194d12c5168e804fe7d91e639fb3bed21d,2017-11-02T10:22:11.000Z,0.000000149,0xe6fe4cbee8d62718fadb696189a83aadcca8b4e3,sell,0x818fc6c2ec5986bc6e2cbf00939d90556ab12ce5,0xe94496cbcca85f733266e48c8ba47d5a851cfb2886bc27244e2e280aec68f295
34,948506.482534537,0.13753343996750786,0xf7bb972d75b45783d579c0d5c202d6111858cb3b,2017-11-02T10:10:08.000Z,0.00000014499999999999,0x45ddff61e665cba3cc3e02f82aa6206a1e686add,sell,0x818fc6c2ec5986bc6e2cbf00939d90556ab12ce5,0xc57d6b78eae3e694a4d6243ed85a93cbe68307b557aae57ad12d7bf30d82da08
35,2000000,0.302,0xbe46dbbc1e3dafd0cbda9f40f0839d7aa4e8d659,2017-11-02T10:09:44.000Z,0.000000151,0x45ddff61e665cba3cc3e02f82aa6206a1e686add,sell,0x818fc6c2ec5986bc6e2cbf00939d90556ab12ce5,0x4318d311f9e3df55a3ba92faa4aad7219590b65a2a44595ef44c6f640ef1a00b
36,1218412.2653936432,0.18519866433983376,0xf6c5839b9fc30dbb485d6ad32fee27b8b368ae79,2017-11-02T09:57:48.000Z,0.000000152,0xe6fe4cbee8d62718fadb696189a83aadcca8b4e3,buy,0x818fc6c2ec5986bc6e2cbf00939d90556ab12ce5,0xc3de4b1755c6af063643736d08c328f1f41e5d8d9a1e29fe642d0862090016f7
37,217587.58460485298,0.03198537493691339,0xf6c5839b9fc30dbb485d6ad32fee27b8b368ae79,2017-11-02T09:04:57.000Z,0.00000014699999999999,0x3efd9b0bd8e4595bc494539aca584821950106ee,sell,0x818fc6c2ec5986bc6e2cbf00939d90556ab12ce5,0x748e54ae4dee64e9ad0235aa643537ae397a5b9fe66a125885e96b7f558db8ad
38,4938217.7270458555,0.7634484606012892,0x3e80c1436a26356aba826a4e4beaa1444dbeae2a,2017-11-02T08:17:16.000Z,0.0000001546,0x65a267c7a5f7d345ef0562fb5decb2c1e11668e2,buy,0x818fc6c2ec5986bc6e2cbf00939d90556ab12ce5,0x3edeb378970b10068bc6f0c0f0542622f330222768d56a513ec90f60c2af4e89
39,16670484.25,2.582258010325,0x3e80c1436a26356aba826a4e4beaa1444dbeae2a,2017-11-02T08:13:23.000Z,0.0000001549,0x21de9e523991ccb64c665315af72c7d0564e049b,buy,0x818fc6c2ec5986bc6e2cbf00939d90556ab12ce5,0xf4d389b4b04c5e0000098c5a3a5561d4b6bbb68b537859483780b48e252c4044
40,1179993.201,0.181718952954,0x3e80c1436a26356aba826a4e4beaa1444dbeae2a,2017-11-02T08:12:42.000Z,0.000000154,0xf6c5839b9fc30dbb485d6ad32fee27b8b368ae79,buy,0x818fc6c2ec5986bc6e2cbf00939d90556ab12ce5,0xf2709438e9799a6adfe50179d2be890907536f5ae4a6a68b80d266e5e98931b5
41,259229.11116689295,0.044068948898371804,0x652bf94db025def61d235c0a3eb986189c560a1f,2017-11-02T08:11:17.000Z,0.00000016999999999999,0x0c8a9ea8a3844253eceb6a0301d7901119a6da8d,sell,0x818fc6c2ec5986bc6e2cbf00939d90556ab12ce5,0xc4c5974098d384e39fece18b17af36153947338b34d4ecc7256abfbfd13bb38b
42,260006.79850039363,0.04004104696906062,0x0c8a9ea8a3844253eceb6a0301d7901119a6da8d,2017-11-02T08:11:17.000Z,0.000000154,0xf6c5839b9fc30dbb485d6ad32fee27b8b368ae79,buy,0x818fc6c2ec5986bc6e2cbf00939d90556ab12ce5,0xc4c5974098d384e39fece18b17af36153947338b34d4ecc7256abfbfd13bb38b
43,218616.9223427367,0.030387752205640405,0x0c8a9ea8a3844253eceb6a0301d7901119a6da8d,2017-11-02T07:02:57.000Z,0.000000139,0xb8e2ef1b60c23ad3515207773c117d56a3339212,buy,0x818fc6c2ec5986bc6e2cbf00939d90556ab12ce5,0x78b537b2d66641a0c9535f811a6dc5e0e73a22aa9a09bc97fedbd6989b9c231c
44,217963.0332430077,0.03095075072050709,0x3efd9b0bd8e4595bc494539aca584821950106ee,2017-11-02T07:02:57.000Z,0.00000014199999999999,0x0c8a9ea8a3844253eceb6a0301d7901119a6da8d,sell,0x818fc6c2ec5986bc6e2cbf00939d90556ab12ce5,0x78b537b2d66641a0c9535f811a6dc5e0e73a22aa9a09bc97fedbd6989b9c231c
45,121383.07765726327,0.016872247794359595,0x65a267c7a5f7d345ef0562fb5decb2c1e11668e2,2017-11-02T07:00:40.000Z,0.000000139,0xb8e2ef1b60c23ad3515207773c117d56a3339212,buy,0x818fc6c2ec5986bc6e2cbf00939d90556ab12ce5,0xa3a1cf1fe538e4360993540e03b8aa72580bb5c88a7a7e6edef6e05ddb5ac796
46,4910000,0.73868222004,0x65a267c7a5f7d345ef0562fb5decb2c1e11668e2,2017-11-02T06:56:48.000Z,0.000000150444444,0xb8e2ef1b60c23ad3515207773c117d56a3339212,sell,0x818fc6c2ec5986bc6e2cbf00939d90556ab12ce5,0x10a07268c06ad16a1cf8afcf37afe14780b8e5c60e38655ef89b716c753574d7
47,106870.10442591719,0.016628988248672715,0xd7dd052ff73d9177f884592814f844a7788787d1,2017-11-02T06:40:55.000Z,0.0000001556,0x65a267c7a5f7d345ef0562fb5decb2c1e11668e2,buy,0x818fc6c2ec5986bc6e2cbf00939d90556ab12ce5,0xde62a7c94f690f73f6a5af3c86d1af6f51f9564ba2106a2c3b9e1cd034b02aa7
48,311.673,0.0000484963188,0xd7dd052ff73d9177f884592814f844a7788787d1,2017-11-02T06:39:04.000Z,0.0000001556,0x65a267c7a5f7d345ef0562fb5decb2c1e11668e2,buy,0x818fc6c2ec5986bc6e2cbf00939d90556ab12ce5,0x26fb7aa99c35552649f57539234ead808af575ab6b2357e6c36bcad14abf98ad
49,9961000,1.498577106684,0x65a267c7a5f7d345ef0562fb5decb2c1e11668e2,2017-11-02T06:21:22.000Z,0.000000150444444,0x0323891d5e16f77403d23a6eef92f022bb9638da,sell,0x818fc6c2ec5986bc6e2cbf00939d90556ab12ce5,0xd5d1c433fa311fcd1e01123c68d47905315a2698ac9825ad581645d296354f44
50,2000000,0.312,0x51af801bd2c3960979124fb1a3e1159b61c41029,2017-11-02T06:13:19.000Z,0.000000156,0x9f18b49bb00c24769aaec553641bcad225298662,buy,0x818fc6c2ec5986bc6e2cbf00939d90556ab12ce5,0xe1b6ac742786fc8ca0bb6c1f7f71ec8d0e802a57488a620e8d99ce6dc8cc1f69
51,7000000,1.057,0x9be94371d514bfbab1a9ac26af98f95ed34b7912,2017-11-02T06:12:01.000Z,0.000000151,0x0323891d5e16f77403d23a6eef92f022bb9638da,sell,0x818fc6c2ec5986bc6e2cbf00939d90556ab12ce5,0x12c40cb845e790debe548c723f3d2fb0170a931670eacc62f3e70894d7648f7c
52,0.0752985104562982,0.000000011716448227,0xe71b2eb5757cdf4a591317d4bbdaa263f946f9cb,2017-11-02T05:53:32.000Z,0.0000001556,0x65a267c7a5f7d345ef0562fb5decb2c1e11668e2,buy,0x818fc6c2ec5986bc6e2cbf00939d90556ab12ce5,0x2f85f850b2aa1803e48426242c81ac695b5e824fe025a76bfc3a58389584b768
53,32500000,4.88944443,0x65a267c7a5f7d345ef0562fb5decb2c1e11668e2,2017-11-02T05:51:24.000Z,0.000000150444444,0x00a6ae3dc7e5af897322e62923124d13a6336168,sell,0x818fc6c2ec5986bc6e2cbf00939d90556ab12ce5,0xc7d288a7bd2a1cf467680991eaebce418e9162bb710a52a8e26d9fad6370f1cf
54,755.3193583182583,0.000117527692154321,0xe71b2eb5757cdf4a591317d4bbdaa263f946f9cb,2017-11-02T05:51:24.000Z,0.0000001556,0x65a267c7a5f7d345ef0562fb5decb2c1e11668e2,buy,0x818fc6c2ec5986bc6e2cbf00939d90556ab12ce5,0xddfe16eb5a348c6c2c69b5bc3cbe62035363229a2d0eca296cfde433796e6d6a
55,159000,0.023920666596,0x65a267c7a5f7d345ef0562fb5decb2c1e11668e2,2017-11-02T05:41:07.000Z,0.000000150444444,0xe62b49dd208f7c0f0be52be7667c8a92d5ce7cc2,sell,0x818fc6c2ec5986bc6e2cbf00939d90556ab12ce5,0x235cd26691c965354db87a3e028db1c988fed0223ccd9e4453d112aa9151ac9e
56,1923947.6723436206,0.31552741826435377,0x28fc50a4088f19e18ec8272f5a3fcd035bc2cbe5,2017-11-02T05:34:15.000Z,0.00000016399999999999,0xc9d56287b414e1aa0963016aa721b527f095fd9c,sell,0x818fc6c2ec5986bc6e2cbf00939d90556ab12ce5,0x81fd32a6d48e9a51834da85af571be6464dcf81ad135c9cd3d5ab5ea4c32b0d6
57,1929719.5153606513,0.30026435659011735,0xc9d56287b414e1aa0963016aa721b527f095fd9c,2017-11-02T05:34:15.000Z,0.0000001556,0x65a267c7a5f7d345ef0562fb5decb2c1e11668e2,buy,0x818fc6c2ec5986bc6e2cbf00939d90556ab12ce5,0x81fd32a6d48e9a51834da85af571be6464dcf81ad135c9cd3d5ab5ea4c32b0d6
58,43000000,6.708,0xe89a78745e3bfd04e6f68b1119d7bf0d8a772539,2017-11-02T05:33:52.000Z,0.000000156,0x65a267c7a5f7d345ef0562fb5decb2c1e11668e2,sell,0x818fc6c2ec5986bc6e2cbf00939d90556ab12ce5,0x7b72279cbfd8e5b59fa717094ddf232aff46b9025a4f369b57e5e5f829ab5b36
59,133403.54280487806,0.02187818102,0x28fc50a4088f19e18ec8272f5a3fcd035bc2cbe5,2017-11-02T05:33:52.000Z,0.00000016399999999999,0x65a267c7a5f7d345ef0562fb5decb2c1e11668e2,sell,0x818fc6c2ec5986bc6e2cbf00939d90556ab12ce5,0xfbdb387046eb080dbfb27d4bfb7482268b5d668544275f07c89f0a3d82b7d4af
60,770000,0.119812,0x164b1a5b7ddddb868d83f2e28187636a1e03e3b1,2017-11-02T05:29:10.000Z,0.0000001556,0x65a267c7a5f7d345ef0562fb5decb2c1e11668e2,buy,0x818fc6c2ec5986bc6e2cbf00939d90556ab12ce5,0x57c583b2bfd283d0a0f0c215169fd74e44276c104702992d0e3209fac993b225
61,3000000,0.453,0xcd371e6ee9dbc386f85b8eab0c9711368d404618,2017-11-02T04:32:47.000Z,0.000000151,0x350fb677631245226b45e6192a02581ed44db1e3,sell,0x818fc6c2ec5986bc6e2cbf00939d90556ab12ce5,0x34aa9b293ef1197b678c89130f6e574ba38fd63c3da0575b072216cc9a312c82
62,2700018.732,0.407702828532,0xcd371e6ee9dbc386f85b8eab0c9711368d404618,2017-11-02T04:32:32.000Z,0.000000151,0x350fb677631245226b45e6192a02581ed44db1e3,sell,0x818fc6c2ec5986bc6e2cbf00939d90556ab12ce5,0x791fa00ba22f274c34d77f53c02e5c4ce1263031f2fa7475c0584ea1d9cef53c
63,10809842.921,1.653905966913,0x3cb319e3dc7432c795b70ffaa05e90ba46107305,2017-11-02T04:32:16.000Z,0.000000153,0x350fb677631245226b45e6192a02581ed44db1e3,sell,0x818fc6c2ec5986bc6e2cbf00939d90556ab12ce5,0x001b47e8de98a88deb0b9804620b1dd115cd79fc8d57a05184aaa7da7c06de83
64,0.26788595918066593,0.000000040986551754,0x3cb319e3dc7432c795b70ffaa05e90ba46107305,2017-11-02T04:31:22.000Z,0.0000001529999999976,0x350fb677631245226b45e6192a02581ed44db1e3,sell,0x818fc6c2ec5986bc6e2cbf00939d90556ab12ce5,0x593edfab5664ea7bc79bfe3f8925c2b3453be0ba6609406d83517bafd7c3b48a
65,2990728.7412033365,0.45758149740411047,0x3cb319e3dc7432c795b70ffaa05e90ba46107305,2017-11-02T04:23:50.000Z,0.00000015299999999999,0x3efd9b0bd8e4595bc494539aca584821950106ee,sell,0x818fc6c2ec5986bc6e2cbf00939d90556ab12ce5,0x1d150362ac99275e6d39368491489870d2a3d8b9adfe575425dfb9e722078ad6
66,1323903.4832020735,0.20255723292991726,0x3cb319e3dc7432c795b70ffaa05e90ba46107305,2017-11-02T04:15:47.000Z,0.00000015299999999999,0xfb9c8b9321078f80adb0e2ceebeca390ef6a7252,sell,0x818fc6c2ec5986bc6e2cbf00939d90556ab12ce5,0xfd5ad41648f40140212cca78fa37938bf452eba2d3d515796c3459a18c40cbb9
67,2286437.3647059556,0.31552835632942183,0xb1271851d0dfd2c1b394dde59eb69e4fd9eb9104,2017-11-02T03:56:41.000Z,0.00000013799999999999,0x39c122da4cca59f5a1caf9aafb8ab780656e6b50,sell,0x818fc6c2ec5986bc6e2cbf00939d90556ab12ce5,0x02d0f40de7480834c7c826b4d78197c64b5c694d28f244db9b1306b3a97b2919
68,1000000,0.142,0xf8f9d10dec5c6956cc9ac04e7703dd3b2cbf307c,2017-11-02T03:55:25.000Z,0.000000142,0x39c122da4cca59f5a1caf9aafb8ab780656e6b50,sell,0x818fc6c2ec5986bc6e2cbf00939d90556ab12ce5,0xfe6db67c21478f9f6ac568c138ae8b48d8ccdcaf83acff5080d0247462f6da34
69,45493.584709328155,0.00686953129110855,0x2590d837765fee20271eb79e50649ee7bc8a3c3f,2017-11-02T03:52:55.000Z,0.00000015099999999999,0x39c122da4cca59f5a1caf9aafb8ab780656e6b50,sell,0x818fc6c2ec5986bc6e2cbf00939d90556ab12ce5,0x43f0459427812160adcc7b5295f9295c50a5eba27badf67dbc1afde2e806d772
70,29101662.354853705,4.539859327357178,0x22419ab2b62ee551602b105c33b8c0c599c9db49,2017-11-02T03:27:43.000Z,0.00000015599999999999,0x52f57dd9e4fa28b17d480f370db7b962677594f2,sell,0x818fc6c2ec5986bc6e2cbf00939d90556ab12ce5,0xeeb6ea0fe0dc9b5f40d28dfc8d6c3659bb2bd1929aec1753d4c058615172bdc0
71,2928337.645146296,0.4568206726428221,0x22419ab2b62ee551602b105c33b8c0c599c9db49,2017-11-02T03:26:07.000Z,0.00000015599999999999,0xc587f51cf78211dc71cd5039835baa608d064831,sell,0x818fc6c2ec5986bc6e2cbf00939d90556ab12ce5,0x0975d02800cd34e80cd2b19e41c1c27787fadccc3af8115781b80adbdc287393
72,3000000,0.429,0x3efd9b0bd8e4595bc494539aca584821950106ee,2017-11-02T03:23:40.000Z,0.000000143,0xc587f51cf78211dc71cd5039835baa608d064831,sell,0x818fc6c2ec5986bc6e2cbf00939d90556ab12ce5,0x3bc41ade9cf4d14500b55a649c3bc11d180228374a674e0a6934ac34ce158d55
73,8454790.150533346,1.2513089422789354,0xb1271851d0dfd2c1b394dde59eb69e4fd9eb9104,2017-11-02T03:22:42.000Z,0.00000014799999999999,0xc587f51cf78211dc71cd5039835baa608d064831,sell,0x818fc6c2ec5986bc6e2cbf00939d90556ab12ce5,0x046f4e5b0840039487cc773ae4db09f8771bccc3e168f10e87d7cdc9c240c3bb
74,3000000,0.4536,0x72727667ea73e5b0a1612d7d685b205c78ae4748,2017-11-02T03:20:22.000Z,0.0000001512,0x52f57dd9e4fa28b17d480f370db7b962677594f2,sell,0x818fc6c2ec5986bc6e2cbf00939d90556ab12ce5,0xd2bfef1378e39a6867936cb78105e56961ad785661a64ac05799c5950045df14
75,5769627.597,0.8737780435147211,0x65a267c7a5f7d345ef0562fb5decb2c1e11668e2,2017-11-02T03:19:26.000Z,0.000000151444444,0x52f57dd9e4fa28b17d480f370db7b962677594f2,sell,0x818fc6c2ec5986bc6e2cbf00939d90556ab12ce5,0xbfa36b23b825ff6dc0621571086cbac5f757eceeb70efda8177ee8b225d1bf84
76,8449079.891892983,1.279566206539313,0x65a267c7a5f7d345ef0562fb5decb2c1e11668e2,2017-11-02T02:47:43.000Z,0.00000015144444399999,0x6267434c6e98f16b37230173bbe1e9d10678b46c,sell,0x818fc6c2ec5986bc6e2cbf00939d90556ab12ce5,0x2928f6d8e2b7fd25a93c45f387400d7e4e14abfde5ba7a759bc130941a4e35f9
77,4731000,0.716483664564,0x65a267c7a5f7d345ef0562fb5decb2c1e11668e2,2017-11-02T02:43:33.000Z,0.000000151444444,0xf43e7640c7bce6ab6689663d500ca3b23cde0b3c,sell,0x818fc6c2ec5986bc6e2cbf00939d90556ab12ce5,0x515a887a898d67356e759df2a7bb9de1ab780e777a717be4fcc48571745883ad
78,3351295.6011824342,0.5075350990007196,0x65a267c7a5f7d345ef0562fb5decb2c1e11668e2,2017-11-02T02:28:26.000Z,0.00000015144444399999,0x1863b934fac5c420ba55b0089eccd7c5e500e0f0,sell,0x818fc6c2ec5986bc6e2cbf00939d90556ab12ce5,0x0a45cf54624a97293018a9c0ce6685e3d1d2540b4c9fbdaefc9234b4f3882a8c
79,996.9095803010667,0.000150976417106968,0x65a267c7a5f7d345ef0562fb5decb2c1e11668e2,2017-11-02T02:17:01.000Z,0.00000015144444399999,0x6267434c6e98f16b37230173bbe1e9d10678b46c,sell,0x818fc6c2ec5986bc6e2cbf00939d90556ab12ce5,0xbfd96b75442f57d06b0cb4baf09707644b918ccb9d424f8817d098c336e046fc
80,1514.2930333687088,0.239258299272256,0x0f5fd0abca92a49be2032dc8fcd0078cef3d9205,2017-11-02T02:17:01.000Z,0.000158,0x0b4bb24b6a05b04746248d5f42a3f1f0d913781e,buy,0x818fc6c2ec5986bc6e2cbf00939d90556ab12ce5,0x97f01fe509afb181224dcfac6f64c1b262f64e44647be07bce2d3465cf0d7029
81,145000,0.022707,0x44afee84aea24ba46374a450b1fd9bc79d8b9005,2017-11-02T01:36:11.000Z,0.0000001566,0x65a267c7a5f7d345ef0562fb5decb2c1e11668e2,buy,0x818fc6c2ec5986bc6e2cbf00939d90556ab12ce5,0xf642d4706ef4af2ace546d7b24c8ef56f36f1529fd5f24c487cc8d509eb238c0
82,19855000,3.109293,0x44afee84aea24ba46374a450b1fd9bc79d8b9005,2017-11-02T01:34:02.000Z,0.0000001566,0x65a267c7a5f7d345ef0562fb5decb2c1e11668e2,buy,0x818fc6c2ec5986bc6e2cbf00939d90556ab12ce5,0xae051bb12d975ba5efc5d5cd291d445430d644b1f1c720ce79912762465e3426
83,1677898.3499454758,0.25075258599611905,0x65a267c7a5f7d345ef0562fb5decb2c1e11668e2,2017-11-02T01:32:20.000Z,0.00000014944444399999,0x0c55fe07ad75c135c797422a5857347b2e5a591e,sell,0x818fc6c2ec5986bc6e2cbf00939d90556ab12ce5,0xc77e9298229561133128f725b518121a1e12539ad23771ebcd1097d46c65193a
84,398793.6469817656,0.05959749484392223,0x65a267c7a5f7d345ef0562fb5decb2c1e11668e2,2017-11-02T01:23:59.000Z,0.00000014944444399999,0x5cc2072740d99c150b6815eccc05c8b6bcd466b7,sell,0x818fc6c2ec5986bc6e2cbf00939d90556ab12ce5,0x0af2ba6947ad00070b0a25bafa09947734b49386fb9e7859bb7c20c453ed5591
85,2995068.496828099,0.4780129320937646,0xd2d07e7893ee4be36f2d516a63b3e2b9a029741f,2017-11-02T01:15:01.000Z,0.0000001596,0x65a267c7a5f7d345ef0562fb5decb2c1e11668e2,buy,0x818fc6c2ec5986bc6e2cbf00939d90556ab12ce5,0x4fb088322005caf041c34d745aefa788a61a562dd80e33db86b67ff4bd3b7ce4
86,2000000,0.316,0x58057c958997be3cae93a3f174ec751e37a6357b,2017-11-02T01:14:05.000Z,0.000000158,0xfd8dfe6eb8db71e84baef9f5f948847cb4ad77a6,buy,0x818fc6c2ec5986bc6e2cbf00939d90556ab12ce5,0x87f61219224115155d0049faff85ad69635f5413e857c1fec61fa0dfa356b3ee
87,1545209.8494666533,0.2286910577210647,0xb1271851d0dfd2c1b394dde59eb69e4fd9eb9104,2017-11-02T01:11:12.000Z,0.00000014799999999999,0xa041250acad2f8d10228c82cedf4835046846d0e,sell,0x818fc6c2ec5986bc6e2cbf00939d90556ab12ce5,0x678038c80df45f749cd1975afb3efeb01839fb94e4ccf5f428143fdd02b5c855
88,69,0.000010902,0xed2ca7381d82f8fb9bcc54ea6ab6526e35aece25,2017-11-02T01:09:29.000Z,0.000000158,0xfd8dfe6eb8db71e84baef9f5f948847cb4ad77a6,buy,0x818fc6c2ec5986bc6e2cbf00939d90556ab12ce5,0x0dbcfb4183f216c099a135250a4de53555c02b6cacd502576c1de79c04383e50
89,69,0.000010902,0xe2b48b3dd0b33283b4802e63e65518f27e635054,2017-11-02T01:09:29.000Z,0.000000158,0xfd8dfe6eb8db71e84baef9f5f948847cb4ad77a6,buy,0x818fc6c2ec5986bc6e2cbf00939d90556ab12ce5,0x449b8d5714daefaf4f033bd0577f5da201acb8a791489906ef98f6c5e8671f50
90,3500000,0.5215,0xd748e745fbfa6c95bc3633da66deb8676bfbb110,2017-11-02T01:06:54.000Z,0.000000149,0xa041250acad2f8d10228c82cedf4835046846d0e,buy,0x818fc6c2ec5986bc6e2cbf00939d90556ab12ce5,0x2a2f29b1668ce8375fbf93b375070755cffa0c5a8c9d532b54290ce07dc8c6ba
91,3000000,0.474,0xd748e745fbfa6c95bc3633da66deb8676bfbb110,2017-11-02T01:04:54.000Z,0.000000158,0xfd8dfe6eb8db71e84baef9f5f948847cb4ad77a6,buy,0x818fc6c2ec5986bc6e2cbf00939d90556ab12ce5,0x4922cb0a4f4736d1adf5162b11be6049168b64a7b284b97520125487b0615fd3
92,2020000,0.31916,0x3efd9b0bd8e4595bc494539aca584821950106ee,2017-11-02T00:59:58.000Z,0.000000158,0xfd8dfe6eb8db71e84baef9f5f948847cb4ad77a6,buy,0x818fc6c2ec5986bc6e2cbf00939d90556ab12ce5,0xfc3e99ae822afa1294fca941899c9e06a6d6237d38f4e79a667345588495f686
93,495073.4275822676,0.07851864561454765,0xfc76f3b87978970c612492fdef8500a656078bce,2017-11-02T00:54:12.000Z,0.0000001586,0x65a267c7a5f7d345ef0562fb5decb2c1e11668e2,buy,0x818fc6c2ec5986bc6e2cbf00939d90556ab12ce5,0xe4d00fb083bb6a77651c08dc59c9f7ec0077e4c796030c9ecadecf5fd2f2539d
94,19500000,3.1005,0xfc76f3b87978970c612492fdef8500a656078bce,2017-11-02T00:51:47.000Z,0.000000159,0x8bf07feb58d62315daa9327c2cf1b8ef0a5fdb1e,buy,0x818fc6c2ec5986bc6e2cbf00939d90556ab12ce5,0xa2a40d24f5a2dab077fbed6073a8fbc998201e591a8ca2a833f812a2307b0f48
95,9399904,1.45698512,0xfc76f3b87978970c612492fdef8500a656078bce,2017-11-02T00:50:05.000Z,0.000000155,0xb6a0ad050669fb083bbf53a2e8719719b5c174d0,buy,0x818fc6c2ec5986bc6e2cbf00939d90556ab12ce5,0xa55132c06427462ed137e54d53a48f512c728490a14cf67160be5213b695ed77
96,26777777,4.01666655,0x787457aaff35cf417569947b56acf4dbb5d8fe55,2017-11-02T00:47:13.000Z,0.00000015,0xb6a0ad050669fb083bbf53a2e8719719b5c174d0,sell,0x818fc6c2ec5986bc6e2cbf00939d90556ab12ce5,0x5b8555af35124d054bbd23547ffc32bc86f23b19d02269e568bb3fef09702d2d
97,1000000,0.15,0x9dccb260ac80c03a318b4874b77900514faa93c2,2017-11-02T00:47:13.000Z,0.00000015,0xb6a0ad050669fb083bbf53a2e8719719b5c174d0,sell,0x818fc6c2ec5986bc6e2cbf00939d90556ab12ce5,0xc6ae4e72ccdfd7160d56b20a7b145b6124ac45d67ad0905d1a25e729dcf83633
98,6609950,0.9914925,0xc345182bd618582d151751de7beaa291132f22f8,2017-11-02T00:47:13.000Z,0.00000015,0xb6a0ad050669fb083bbf53a2e8719719b5c174d0,sell,0x818fc6c2ec5986bc6e2cbf00939d90556ab12ce5,0xdaf9fc604c38648aba1398904a25998fe95d47abf6221b2be8932112ebf4e968
99,7820624.12,1.19655549036,0xfc76f3b87978970c612492fdef8500a656078bce,2017-11-02T00:46:28.000Z,0.000000153,0x8465bb2361b50320ce7f200675a1c82542f9eac3,buy,0x818fc6c2ec5986bc6e2cbf00939d90556ab12ce5,0xbaddea32b023c9c3d0b58826c14ac3f6f83951c20aefee181ced45fb1b1129b6
100,7299981.268,1.102297171468,0xcd371e6ee9dbc386f85b8eab0c9711368d404618,2017-11-02T00:45:03.000Z,0.000000151,0xb6a0ad050669fb083bbf53a2e8719719b5c174d0,sell,0x818fc6c2ec5986bc6e2cbf00939d90556ab12ce5,0x6aa14718fee467d43313cbd3821e809be35dfe05b5643ad6817c9751453874ff
101,3000000,0.456,0xb49fda420b9ce7334c6446af26f06225cbecb401,2017-11-02T00:43:46.000Z,0.000000152,0xb6a0ad050669fb083bbf53a2e8719719b5c174d0,sell,0x818fc6c2ec5986bc6e2cbf00939d90556ab12ce5,0x261bd3bdd5f3b81f973a68b45cc16e847c9375d815f002d4b9da927191bb4348
102,2676986.7549706986,0.4042250000005755,0xcfd5d60e0f447636f1643cd9b7a9547062cb0863,2017-11-02T00:43:46.000Z,0.00000015099999999999,0xb6a0ad050669fb083bbf53a2e8719719b5c174d0,sell,0x818fc6c2ec5986bc6e2cbf00939d90556ab12ce5,0x1af3c1e7b50a8e1e7e8786a5002af3be826db339c5d1ed30a69cb2146e802acb
103,3288500,0.499852,0x006a36e3dd27b2ea8daaeb5f354583e37c126e80,2017-11-02T00:43:28.000Z,0.000000152,0xb6a0ad050669fb083bbf53a2e8719719b5c174d0,sell,0x818fc6c2ec5986bc6e2cbf00939d90556ab12ce5,0x9bcdd145a3b903469f5816015be32c21b677ed7cb8136283925b7101bf7a22c6
104,3258025.296858983,0.49847787041942443,0xe2eabfc1e89a462bbd2ba188cd8a9591a9a0d04e,2017-11-02T00:43:23.000Z,0.000000153,0x8465bb2361b50320ce7f200675a1c82542f9eac3,buy,0x818fc6c2ec5986bc6e2cbf00939d90556ab12ce5,0xa1bb952f995bbb3506cd17977110cf9dfdc735130034798f59f9759962a3938f
105,8621350.582941439,1.3190666391900403,0x65a267c7a5f7d345ef0562fb5decb2c1e11668e2,2017-11-02T00:29:51.000Z,0.000000153,0x8465bb2361b50320ce7f200675a1c82542f9eac3,buy,0x818fc6c2ec5986bc6e2cbf00939d90556ab12ce5,0x79b9b9102812eff5d2a4eb20cce1e9a79fee141bef94cd1784815d8273dc021d
106,300000,0.0459,0xb0b7e00edeb5aed457e2c9806329a1df79bf93c4,2017-11-02T00:27:29.000Z,0.000000153,0x8465bb2361b50320ce7f200675a1c82542f9eac3,buy,0x818fc6c2ec5986bc6e2cbf00939d90556ab12ce5,0x00c9334612efb5331e943d281d26c06aebc0900004c9444726fb324c4b22fbf9
107,400000,0.0484,0x5cc2072740d99c150b6815eccc05c8b6bcd466b7,2017-11-01T23:22:06.000Z,0.000000121,0xe1b6c5d167a0681ed2e3bb1a8c8983ea0da4b224,sell,0x818fc6c2ec5986bc6e2cbf00939d90556ab12ce5,0x78e4cefb745c3482284fcc0770a5b6c834e88813371ddee1cde58ebc282491ca
108,117828.3367907806,0.017909907192198652,0xf8f9d10dec5c6956cc9ac04e7703dd3b2cbf307c,2017-11-01T23:18:15.000Z,0.00000015199999999999,0xe1b6c5d167a0681ed2e3bb1a8c8983ea0da4b224,sell,0x818fc6c2ec5986bc6e2cbf00939d90556ab12ce5,0xd4e1848df57e83c52730ddff9da42cc31d0ab61a7346ef34a1e221b12d3f6399
109,996909.5803010667,0.1525271657860632,0x3efd9b0bd8e4595bc494539aca584821950106ee,2017-11-01T23:17:14.000Z,0.00000015299999999999,0x6900bdd0145f870c7f730eeb04310c3452d8554d,sell,0x818fc6c2ec5986bc6e2cbf00939d90556ab12ce5,0xfbcfd346f7f0068f49db8fb044fad825a3b2f13e5437b69ed34acce0f6c2de38
110,1150000,0.17595,0x0b560566261275ec65f440c97529b5df0d433b50,2017-11-01T23:16:59.000Z,0.000000153,0xe1b6c5d167a0681ed2e3bb1a8c8983ea0da4b224,sell,0x818fc6c2ec5986bc6e2cbf00939d90556ab12ce5,0x7b77daec0b93d8f854c7c059f198b8f056b485cafd2d6ee0702b7f08fd29a308
111,7802384.273751371,1.201567178157711,0x7ff6dade60b697ef9fb6249196f75812b7d26ba2,2017-11-01T23:14:40.000Z,0.00000015399999999999,0xe1b6c5d167a0681ed2e3bb1a8c8983ea0da4b224,sell,0x818fc6c2ec5986bc6e2cbf00939d90556ab12ce5,0x37ab1709c3d7ce743dd51c8a5fc91484dae1c814bcd4e0716d5e5d2190127d8e
112,10000000,1.541,0x487b8d3847d8718267a07c8c7e8ed354983bf34c,2017-11-01T23:13:42.000Z,0.0000001541,0xe1b6c5d167a0681ed2e3bb1a8c8983ea0da4b224,sell,0x818fc6c2ec5986bc6e2cbf00939d90556ab12ce5,0x136472c9822ff343fbd931f51b4a53e37f7da52f90c0e6242e3f3082fcee144d
113,51247.84195938698,0.008558389607217625,0xe0e7729096256fe4b0fda47ddcc81a8c72d5fc26,2017-11-01T22:14:04.000Z,0.000000167,0xb6a0ad050669fb083bbf53a2e8719719b5c174d0,buy,0x818fc6c2ec5986bc6e2cbf00939d90556ab12ce5,0xfe7399c97faca3cdaefa053dba51c9c334ec629cb251997886501c0760c642b9
114,1850208.0145505501,0.2923328662989869,0xb1271851d0dfd2c1b394dde59eb69e4fd9eb9104,2017-11-01T22:13:24.000Z,0.00000015799999999999,0x1ac9b7985f56918ecdce5e905e6bcef540ea767d,sell,0x818fc6c2ec5986bc6e2cbf00939d90556ab12ce5,0xfac9ca25848ae0b414e05169b5ff95835c6fded489d5de85b26349918d872b0f
115,3066169.494,0.48448544174694,0x4b8c8598c60a1eecaabf7d4ddcd54d3ccb268345,2017-11-01T22:12:59.000Z,0.00000015801,0x1ac9b7985f56918ecdce5e905e6bcef540ea767d,sell,0x818fc6c2ec5986bc6e2cbf00939d90556ab12ce5,0x477c844b2eb804e4ae922e318abc4d0cf3166aa1b6b6e915219d470c4542f66d
116,99.43834784086499,0.000015712253342335,0x4b8c8598c60a1eecaabf7d4ddcd54d3ccb268345,2017-11-01T22:11:26.000Z,0.00000015800999999999,0x55cd9dafb10940e80ea1218946afb75ed502cfd9,sell,0x818fc6c2ec5986bc6e2cbf00939d90556ab12ce5,0xc811a38d14fc17298438f0a6e883b7591917e247766037426e75569375a31c98
117,997466.0671917166,0.15760961327696316,0x4b8c8598c60a1eecaabf7d4ddcd54d3ccb268345,2017-11-01T22:10:34.000Z,0.00000015800999999999,0x55cd9dafb10940e80ea1218946afb75ed502cfd9,sell,0x818fc6c2ec5986bc6e2cbf00939d90556ab12ce5,0x47ba291cfb6d1992ccf63cd14b167faafa00190e93d440e1779c6c54e6e8db3e
118,0.000109960654795858,0.000000000017374883,0x4b8c8598c60a1eecaabf7d4ddcd54d3ccb268345,2017-11-01T22:04:30.000Z,0.0000001580099994153,0x55cd9dafb10940e80ea1218946afb75ed502cfd9,sell,0x818fc6c2ec5986bc6e2cbf00939d90556ab12ce5,0xc7048bee496fe90a770fc4813cc1e365b5f9dec0438758da70fbf86fa28489e4
119,8149791.98544945,1.287667133701013,0xb1271851d0dfd2c1b394dde59eb69e4fd9eb9104,2017-11-01T21:58:55.000Z,0.00000015799999999999,0xe4ae6634159c114bc9b37413b20e0ebd67dba539,sell,0x818fc6c2ec5986bc6e2cbf00939d90556ab12ce5,0x11f1b1bb5be3456151c9f67394d8256fe911b021a8ba443f35d0c4234bf7da22
120,2002000,0.3281278,0x127758873e07436b84852c49081c1fa41d2d321c,2017-11-01T21:57:12.000Z,0.0000001639,0xfd8dfe6eb8db71e84baef9f5f948847cb4ad77a6,buy,0x818fc6c2ec5986bc6e2cbf00939d90556ab12ce5,0x566ed50afd31497a97a05572293a1f9fd23f72fa1a4bf363ebc08fd0abf989dd
121,255246.71481771715,0.041834936558623845,0x703be7d66c7dd55bae2b43192c529e24fb6c4ae6,2017-11-01T21:54:24.000Z,0.0000001639,0xfd8dfe6eb8db71e84baef9f5f948847cb4ad77a6,buy,0x818fc6c2ec5986bc6e2cbf00939d90556ab12ce5,0xb3b420aad757a51f0ab30b2f7adba7910be50c94e4365beb29d6d5995271bbd5
122,500000,0.081995,0xb775824a6898addd0d17844a460ccef1309f5dc4,2017-11-01T20:47:56.000Z,0.00000016399,0x00a6ae3dc7e5af897322e62923124d13a6336168,buy,0x818fc6c2ec5986bc6e2cbf00939d90556ab12ce5,0x58b713d9ec425e4a0c4865457d97ff30623be127ad8cd5e1ad5b495f65de72de
123,1397569.2430901534,0.2515484880637967,0xc1470ef0ed3d2a72bc31628a30dc7a840e1a4624,2017-11-01T20:45:24.000Z,0.00000017999,0xb7ddaba243659e42d2813fcb9f30aca983478b5c,buy,0x818fc6c2ec5986bc6e2cbf00939d90556ab12ce5,0xd5111992b2dcb3bb834432df9a0103fec29bc5e5d7351f3078df25f1a30192fa
124,6784977.765,1.1731226555685,0xc1470ef0ed3d2a72bc31628a30dc7a840e1a4624,2017-11-01T20:43:56.000Z,0.0000001729,0xaf870fa42cdfcda03619a39965d8b7e12ed3163e,buy,0x818fc6c2ec5986bc6e2cbf00939d90556ab12ce5,0xaac725bb4193f21fe40a687c25e985df0100bc81294d2eab509cba3a7857f389
125,593111,0.096677093,0xc1470ef0ed3d2a72bc31628a30dc7a840e1a4624,2017-11-01T20:42:05.000Z,0.000000163,0x442edd20fdaf8d00adb4a94665a1b2edfad915ef,buy,0x818fc6c2ec5986bc6e2cbf00939d90556ab12ce5,0x986b0a0d095e4e72d5a96ae7feb429659eecb059a9c2e50569d4eb08ff74289d
126,8966770,1.469653603,0xc1470ef0ed3d2a72bc31628a30dc7a840e1a4624,2017-11-01T20:41:08.000Z,0.0000001639,0x15636434fa8779ca1895fd3e3bba90139d36a735,buy,0x818fc6c2ec5986bc6e2cbf00939d90556ab12ce5,0x4d526ee67d3bc56fadfa5c3c4435cb4ae56626c202b4a8b8241219fec2f6cd04
127,2197615.7262486294,0.3384328218422889,0x7ff6dade60b697ef9fb6249196f75812b7d26ba2,2017-11-01T20:07:47.000Z,0.00000015399999999999,0x3ab9e5252a79123adcb3ee2f35ad64c3ea8c5bf3,sell,0x818fc6c2ec5986bc6e2cbf00939d90556ab12ce5,0x7d5b097e2d657138afc63f28fe5f15ca304b9d1b98ec82ddd5b7230db1f17534
128,2750000,0.462,0xc1380f379e11f51727dd84f92958e6ef79d1af65,2017-11-01T19:58:16.000Z,0.000000168,0xb49fda420b9ce7334c6446af26f06225cbecb401,buy,0x818fc6c2ec5986bc6e2cbf00939d90556ab12ce5,0xfce33292dbfdc31542a157ce229eafd08482648da4b8cc9045e38d4823e0b88b
129,5833221.716677909,0.9449819181018212,0xc1380f379e11f51727dd84f92958e6ef79d1af65,2017-11-01T19:58:03.000Z,0.000000162,0x65a0120ff06813fd56749763c5a5b0e81b8d1231,buy,0x818fc6c2ec5986bc6e2cbf00939d90556ab12ce5,0x5d7df921b74bab0073b31587c50675d8badd5ed1a6fa973f56a26843f6ecb01a
130,1000,0.000162,0xc1380f379e11f51727dd84f92958e6ef79d1af65,2017-11-01T19:30:21.000Z,0.000000162,0x65a0120ff06813fd56749763c5a5b0e81b8d1231,buy,0x818fc6c2ec5986bc6e2cbf00939d90556ab12ce5,0x6976f6b220e73216dae3637ca43e742509afbaea929b0aa7625e2f9df36f61e8
131,196.34959925489568,0.000031612285480038,0x6d14f642af21d9b7db8047693bd19ce5078a7181,2017-11-01T19:30:05.000Z,0.00000016099999999999,0xd5473fd1aefaccd6c9cba9012fdf86f3c6436e32,sell,0x818fc6c2ec5986bc6e2cbf00939d90556ab12ce5,0x951270c1bd298f20caee0a3d8412dbb0014745b20b570b3cc98d649706bef3ef
132,1969582.8301258585,0.30134617300925637,0x3cb319e3dc7432c795b70ffaa05e90ba46107305,2017-11-01T19:28:36.000Z,0.00000015299999999999,0xd5473fd1aefaccd6c9cba9012fdf86f3c6436e32,sell,0x818fc6c2ec5986bc6e2cbf00939d90556ab12ce5,0x9ce5c93e134786d974b9e8aa5afbca60991cccf3a4513a734d6ddc87552408f3
133,50000,0.00805,0x6d14f642af21d9b7db8047693bd19ce5078a7181,2017-11-01T19:26:24.000Z,0.000000161,0xd5473fd1aefaccd6c9cba9012fdf86f3c6436e32,sell,0x818fc6c2ec5986bc6e2cbf00939d90556ab12ce5,0x580fa8187fe55536a4158dd6a92ed9dd05cee87dbf3510061dd67216db404f54
134,494873.28332209145,0.08016947189817882,0x168f06edcf1681958e219251eee314e55446561a,2017-11-01T18:49:59.000Z,0.000000162,0x65a0120ff06813fd56749763c5a5b0e81b8d1231,buy,0x818fc6c2ec5986bc6e2cbf00939d90556ab12ce5,0xaca857b4b3e0135e8a1d3582ff86b3c9631b588022e59f14dcd708f24bb69304
135,327905,0.05312061,0x3e80c1436a26356aba826a4e4beaa1444dbeae2a,2017-11-01T18:33:24.000Z,0.000000162,0x65a0120ff06813fd56749763c5a5b0e81b8d1231,buy,0x818fc6c2ec5986bc6e2cbf00939d90556ab12ce5,0x7a64149cd0219413dbac129abf87137c87fdb56ee839c3593faabfe6d5524c2d
136,810905,0.13136661,0x3e80c1436a26356aba826a4e4beaa1444dbeae2a,2017-11-01T18:32:26.000Z,0.000000162,0x65a0120ff06813fd56749763c5a5b0e81b8d1231,buy,0x818fc6c2ec5986bc6e2cbf00939d90556ab12ce5,0xbfb14e96f0e81ce50b4c721292e94acab25150fd09a794b6b384799b02e2f951
137,740000,0.11914,0x3e80c1436a26356aba826a4e4beaa1444dbeae2a,2017-11-01T18:30:47.000Z,0.000000161,0x6dd22af2b19b8ac91c85d1f2a262490a957318d4,buy,0x818fc6c2ec5986bc6e2cbf00939d90556ab12ce5,0x561b4dc1db424fc135e1e122bb420861ec27c03fedec31627b4f08020de6ff29
138,2827802.0006789,0.452448320108624,0x3e80c1436a26356aba826a4e4beaa1444dbeae2a,2017-11-01T18:29:39.000Z,0.00000016,0xd20eb13ccdd123f09850fb25621888f47beb9fba,buy,0x818fc6c2ec5986bc6e2cbf00939d90556ab12ce5,0xef94a0a3dec3d9bf7ba36c3ea63b30318ccb94a9cb8f9b38cbe739faa44ea26c
139,72500,0.0115275,0x3e80c1436a26356aba826a4e4beaa1444dbeae2a,2017-11-01T18:29:39.000Z,0.000000159,0xaca41f3b6f18ecbf7c049cbeb31470cd1ddc5efe,buy,0x818fc6c2ec5986bc6e2cbf00939d90556ab12ce5,0xb45eb9e09a7801e2998e5741abd312846c0ea694f1310e988b5e183a8d35b0d1
140,0.028877204423556596,0.000000004418212276,0x3cb319e3dc7432c795b70ffaa05e90ba46107305,2017-11-01T18:18:26.000Z,0.00000015299999997215,0xfb713baf73588ab2c9af035546c8fdf4dd154de0,sell,0x818fc6c2ec5986bc6e2cbf00939d90556ab12ce5,0xe4283612bad57f9c762ebe44d3b3449b662c1691bc97b83fdadbc258baebb389
141,289.6672375726962,0.000044319087348622,0x3cb319e3dc7432c795b70ffaa05e90ba46107305,2017-11-01T18:17:49.000Z,0.00000015299999999999,0xfb713baf73588ab2c9af035546c8fdf4dd154de0,sell,0x818fc6c2ec5986bc6e2cbf00939d90556ab12ce5,0xe9e5b44dfc1eb9ee5651f2a2356c4773f87ccab5aeec489ef89a972575ae5535
142,471706.481,0.071227678631,0xb49fda420b9ce7334c6446af26f06225cbecb401,2017-11-01T18:14:54.000Z,0.000000151,0xb8e2ef1b60c23ad3515207773c117d56a3339212,sell,0x818fc6c2ec5986bc6e2cbf00939d90556ab12ce5,0xaed0e17147c89808838323c5bfb074df8d211c12cf6fafa6de8929c79a085b79
143,2905652.060091716,0.4445647651940325,0x3cb319e3dc7432c795b70ffaa05e90ba46107305,2017-11-01T18:13:43.000Z,0.00000015299999999999,0xfb713baf73588ab2c9af035546c8fdf4dd154de0,sell,0x818fc6c2ec5986bc6e2cbf00939d90556ab12ce5,0x4d3e34b301d98b01432c6edd219f27b874a6752460213d85f5f4a09827b7c17e
144,881609.2483301765,0.13400460574618683,0xf8f9d10dec5c6956cc9ac04e7703dd3b2cbf307c,2017-11-01T17:18:03.000Z,0.00000015199999999999,0x0fb7aa49cdc795972e25bfe80facfa55501ffb45,sell,0x818fc6c2ec5986bc6e2cbf00939d90556ab12ce5,0xf3c0545e2333576ac6ce455546f282749d00476bab1ae6402f71bacbf6eac951
145,316921,0.048171992,0x27ae807f933e8a1544efa3132e9a082d60961d78,2017-11-01T17:15:46.000Z,0.000000152,0x0fb7aa49cdc795972e25bfe80facfa55501ffb45,sell,0x818fc6c2ec5986bc6e2cbf00939d90556ab12ce5,0xb934c28096813daf1ab4060513200fbe9143e7b991d5c01e2a3fafc50f32f780
146,70000,0.01071,0xd6a1726b152587dae9389099989e026b4bd06073,2017-11-01T17:10:05.000Z,0.000000153,0x876683cb7dd5efcc8130dc46e26e0c4f127c5caa,sell,0x818fc6c2ec5986bc6e2cbf00939d90556ab12ce5,0x9e5f0c2541304b25436c0294fb9a82b0b9c2e3fd4d268195c6911a50368538d2
147,6263079,0.951988008,0x27ae807f933e8a1544efa3132e9a082d60961d78,2017-11-01T17:08:22.000Z,0.000000152,0x876683cb7dd5efcc8130dc46e26e0c4f127c5caa,sell,0x818fc6c2ec5986bc6e2cbf00939d90556ab12ce5,0xe828662db882f76ba707c9a9b492b44ff8713fea175ee352daf0e4e18de85c28
148,150000,0.02295,0x2c7983301df986f8f1b60b999c51abd3731ce6f8,2017-11-01T17:05:30.000Z,0.000000153,0x876683cb7dd5efcc8130dc46e26e0c4f127c5caa,sell,0x818fc6c2ec5986bc6e2cbf00939d90556ab12ce5,0x6478ee6f9eafc7d582ba785bbdf4c638dd128ef902b17b219efdf64637e06d55
149,3960000,0.63756,0xb3b100262ee38afbceb0c43adcfda1b800d35794,2017-11-01T16:49:13.000Z,0.000000161,0x6dd22af2b19b8ac91c85d1f2a262490a957318d4,buy,0x818fc6c2ec5986bc6e2cbf00939d90556ab12ce5,0xc6277485563eb1e3519d3a30115260a57207dde149ec58465931cd4a4010fc37
150,9000000,1.44,0x09e396aca9535fffc68c72f880ab36e252b73a43,2017-11-01T16:47:18.000Z,0.00000016,0x7e31b7678c136fb97245f1836e01fb2afcd126ed,buy,0x818fc6c2ec5986bc6e2cbf00939d90556ab12ce5,0xafd0bb370d0f8245dae8ad051ac4755badc634e58738a04374a97264a8b527bf
151,10000000,1.53,0x51cef01ef1e5578226dfcf34c21a9f829af5d2aa,2017-11-01T16:46:19.000Z,0.000000153,0x6009502524cc23d9861056a1d2b2f89603b14bbc,sell,0x818fc6c2ec5986bc6e2cbf00939d90556ab12ce5,0xb98f7cc92e8d1aa8a04189ea3977f2d5fe65c846740b82815338c78d6a9d0a50
152,500000,0.08,0x89d400d2268df5f9e4590c632f407bda11fab028,2017-11-01T16:44:03.000Z,0.00000016,0xd20eb13ccdd123f09850fb25621888f47beb9fba,buy,0x818fc6c2ec5986bc6e2cbf00939d90556ab12ce5,0x999b6286db402e2cee041e2a26fa14cc8906171318696bb86f6dc37a0e3fa397
153,2000000,0.31,0x05612170a8d3a88a515121893f1083ead5b75a04,2017-11-01T16:10:05.000Z,0.000000155,0xfb713baf73588ab2c9af035546c8fdf4dd154de0,buy,0x818fc6c2ec5986bc6e2cbf00939d90556ab12ce5,0x671343226c37ea2889e107663be0bba07a4ec170874904ce16867295cebe903f
154,2278293.518791098,0.3440223213374558,0xb49fda420b9ce7334c6446af26f06225cbecb401,2017-11-01T16:06:47.000Z,0.00000015099999999999,0xbdce690125db41c3368f5fc0d2c11ddb1026d4ac,sell,0x818fc6c2ec5986bc6e2cbf00939d90556ab12ce5,0xd5dc71be54daea1b371ce3e4bdbf7404f26ff64fca9bd7ea69d0b0b793a00cef
155,34812.677,0.005395964935,0xe30693a7dd7d992294361f4f31b1df701ac87677,2017-11-01T16:04:35.000Z,0.000000155,0xbdce690125db41c3368f5fc0d2c11ddb1026d4ac,sell,0x818fc6c2ec5986bc6e2cbf00939d90556ab12ce5,0xd1366b3d3259620f37fa42c5d82b71d4b7913b5ef29ccf299a21494f9df844c2
156,2965565.8682952845,0.44780044611258796,0xcfd5d60e0f447636f1643cd9b7a9547062cb0863,2017-11-01T15:44:55.000Z,0.00000015099999999999,0x36bd3299d48f9c351d394da54336e6a1864c06c3,sell,0x818fc6c2ec5986bc6e2cbf00939d90556ab12ce5,0xcad7992d6037d0325c31d4f15212cabe72ca38563b3a1a67e12d709ce822b15b
157,9445000,1.43564,0xd20eb13ccdd123f09850fb25621888f47beb9fba,2017-11-01T15:42:36.000Z,0.000000152,0x36bd3299d48f9c351d394da54336e6a1864c06c3,sell,0x818fc6c2ec5986bc6e2cbf00939d90556ab12ce5,0x2d12c65bf24d4e9cf39d28382254872a4c285c86717de221dadcc70227e1b8da
158,24027135.171,3.6545272595091,0x00a6ae3dc7e5af897322e62923124d13a6336168,2017-11-01T15:41:21.000Z,0.0000001521,0x36bd3299d48f9c351d394da54336e6a1864c06c3,sell,0x818fc6c2ec5986bc6e2cbf00939d90556ab12ce5,0x6491060505ab6ec5b453fe4c7e6dacd146b8fe7dbc5cd87bf0b649dee5855a9a
159,2291750.174,0.350637776622,0xb6a0ad050669fb083bbf53a2e8719719b5c174d0,2017-11-01T15:41:21.000Z,0.000000153,0xfb713baf73588ab2c9af035546c8fdf4dd154de0,sell,0x818fc6c2ec5986bc6e2cbf00939d90556ab12ce5,0x9f7d4ddc8c70a2fc7e4531fbc277e8aaf842a6f10306280641820b4bac088ae9
160,228.50432723966748,0.000035418170722148,0xe30693a7dd7d992294361f4f31b1df701ac87677,2017-11-01T15:13:23.000Z,0.00000015499999999999,0x8926e7ff5e5e4f6f72c941c6b618130e2102e651,sell,0x818fc6c2ec5986bc6e2cbf00939d90556ab12ce5,0x1080a269a38e9901538287b52176857b415c222cfca9442856e6a5d741eaf86f
161,1486138.5385231357,0.2288653349325629,0x39ba2c18d273e75ba9ff1a9fd16701b1ca05c99a,2017-11-01T15:10:25.000Z,0.00000015399999999999,0x40879fb99ce02c6e4b8db11b43b3dbbf94d8975b,sell,0x818fc6c2ec5986bc6e2cbf00939d90556ab12ce5,0x524ede06170cddc7721a9ca75de68840b22cef3c36dcd1c9093017b22f46c4c4
162,2292126.9065411044,0.3529875436073301,0x39ba2c18d273e75ba9ff1a9fd16701b1ca05c99a,2017-11-01T15:09:11.000Z,0.00000015399999999999,0x8926e7ff5e5e4f6f72c941c6b618130e2102e651,sell,0x818fc6c2ec5986bc6e2cbf00939d90556ab12ce5,0x527998b58eab70030912caab172d89ec3cf48c4935433ead7af7bfc5e5d65e46
163,287676.20276831824,0.044043226643829515,0x6bd09ad951b1084c91aba206a03b36e9e6c7a9ac,2017-11-01T15:03:07.000Z,0.00000015309999999999,0xb8e2ef1b60c23ad3515207773c117d56a3339212,sell,0x818fc6c2ec5986bc6e2cbf00939d90556ab12ce5,0x53f102508184b0caedaad473f58b1c0aa40f511ae6e6db425804f0487c3ea2ab
164,603958.8186621474,0.09361361689263284,0xe30693a7dd7d992294361f4f31b1df701ac87677,2017-11-01T14:44:15.000Z,0.00000015499999999999,0x799671dd187ac29ae1f50f75e3e3fec2282471d7,sell,0x818fc6c2ec5986bc6e2cbf00939d90556ab12ce5,0x53607102310148584e119bb29ba296d6b09dc3e50ef168cb69b0d357d8ca753f
165,2612323.796231682,0.3999467732030705,0x6bd09ad951b1084c91aba206a03b36e9e6c7a9ac,2017-11-01T14:12:21.000Z,0.00000015309999999999,0x47a02f835f1fbdfbe45341dee9aa0b8da86d6a4b,sell,0x818fc6c2ec5986bc6e2cbf00939d90556ab12ce5,0x0e772e65ce8e5f7c8e31535a965a464763200f4ca3f73525c8fb175a0389a321
166,600000,0.0936,0x9ca73101071b01c28bb9ec81608ee5014877ebe9,2017-11-01T14:10:53.000Z,0.000000156,0x47a02f835f1fbdfbe45341dee9aa0b8da86d6a4b,sell,0x818fc6c2ec5986bc6e2cbf00939d90556ab12ce5,0x63d9e5b1e09024fb4717cdd59d3b0c0bebc0e7bf5900f8beba29f72e44ff54fb
167,1993968.2349088278,0.3032825685296327,0x00a6ae3dc7e5af897322e62923124d13a6336168,2017-11-01T13:29:29.000Z,0.00000015209999999999,0x736eb62037030b180aafcac670723e2771d82928,sell,0x818fc6c2ec5986bc6e2cbf00939d90556ab12ce5,0xa894b7b22ce794176553279b7804babf6aacdab1be3bdc604b87e78503a82a77
168,500000,0.081,0x946e154fb7e9576c7ce0806726ab5f009e37f388,2017-11-01T13:00:40.000Z,0.000000162,0x65a0120ff06813fd56749763c5a5b0e81b8d1231,buy,0x818fc6c2ec5986bc6e2cbf00939d90556ab12ce5,0x43ec0ecfdc4bc1089fd4ee1e3c1d6deb5f246558792ef74b73c7839ff1e0271e
169,6993.279744201253,0.001132911318560603,0x946e154fb7e9576c7ce0806726ab5f009e37f388,2017-11-01T12:59:11.000Z,0.000000162,0x26fda37d00fc10da4b22638f97b31fd7b0873f1a,buy,0x818fc6c2ec5986bc6e2cbf00939d90556ab12ce5,0x1818d732fc4f2532df11a1eb545b7b738d38ca63975461541ccd62e4b3fa895d
170,1125.5281297271729,0.000182335557015802,0xb1271851d0dfd2c1b394dde59eb69e4fd9eb9104,2017-11-01T12:33:54.000Z,0.000000162,0x26fda37d00fc10da4b22638f97b31fd7b0873f1a,buy,0x818fc6c2ec5986bc6e2cbf00939d90556ab12ce5,0x938db3d3ec527310aa23f45e1ebeea355e548823743413efe24f4cb6e41efb61
171,4708249.825540824,0.720362223307746,0xb6a0ad050669fb083bbf53a2e8719719b5c174d0,2017-11-01T12:25:15.000Z,0.00000015299999999999,0x24d528b8530db22c0949f28fbbbd3c1cce771633,sell,0x818fc6c2ec5986bc6e2cbf00939d90556ab12ce5,0x3b4af196cb7843f4db09b0ead76c1f36bc525cd819142b6f169d3f7d30d5f7ea
172,498454.7901505334,0.07726049247333266,0x3a73def5c97d90f86ebf559b543782ff74c959a5,2017-11-01T12:11:24.000Z,0.00000015499999999999,0x6038c1c634022d4c3174cc1a26296325c8ee58b9,sell,0x818fc6c2ec5986bc6e2cbf00939d90556ab12ce5,0x739475d65ec1387c794abd7a4526e2bd1f9a89e50c0971482f07736a92b448bd
173,6500000,0.9945,0x91d9b09a4157e02783d5d19f7dfc66a759bdc1e4,2017-11-01T11:04:17.000Z,0.000000153,0x11bfb8a06aefe1cfa1008239b106c1c65cad4008,sell,0x818fc6c2ec5986bc6e2cbf00939d90556ab12ce5,0x926a86c6a938a8280b2f0bae1c45fde6b1283aa7e3821bbba423703f2af3f929
174,695.66353605404,0.000105810423833819,0x00a6ae3dc7e5af897322e62923124d13a6336168,2017-11-01T10:35:27.000Z,0.00000015209999999999,0xb67a08fcfa0bd36216d912e58cb92b00cc9a5fed,sell,0x818fc6c2ec5986bc6e2cbf00939d90556ab12ce5,0xdcb32d0c4edb769c42619633959f735eab40f3b600ed529139cba64019dd9169
175,6978200.930158075,1.0613843614770433,0x00a6ae3dc7e5af897322e62923124d13a6336168,2017-11-01T10:34:20.000Z,0.00000015209999999999,0xb67a08fcfa0bd36216d912e58cb92b00cc9a5fed,sell,0x818fc6c2ec5986bc6e2cbf00939d90556ab12ce5,0xedc4b96d6670e2c0416f0d06b3ec7873c9584b2885ff0173e5c7893153e834bd
176,738638.6962852438,0.11965946141182253,0xe2eabfc1e89a462bbd2ba188cd8a9591a9a0d04e,2017-11-01T10:25:26.000Z,0.00000016199999,0xb67a08fcfa0bd36216d912e58cb92b00cc9a5fed,buy,0x818fc6c2ec5986bc6e2cbf00939d90556ab12ce5,0xa77bc5f8035eb17803a23e06ca88fa067581ac8fdebe7a11b1578c28e8c20a48
177,45454545,6.99999993,0x891e8ebd0430ab4360b7b74996c2aee650a960d9,2017-11-01T10:19:01.000Z,0.000000154,0xb67a08fcfa0bd36216d912e58cb92b00cc9a5fed,sell,0x818fc6c2ec5986bc6e2cbf00939d90556ab12ce5,0x45db1f1775e76a669c36d7ad7d9dbf41e80200634edaaa8a493b7fc28c995197
178,170000,0.02635,0x439ac7861b15a2b5384cb2850ab7bda9c09b48bd,2017-11-01T10:18:55.000Z,0.000000155,0xb67a08fcfa0bd36216d912e58cb92b00cc9a5fed,sell,0x818fc6c2ec5986bc6e2cbf00939d90556ab12ce5,0x977587cf5e54840a580b1819ff88204e450e2cdf5a106ee4ffdf892f9e8b2b10
179,249909.73997952798,0.038736009696826834,0xa045ea6c97d9f07ce2e5020944ee4c1ffac9f599,2017-11-01T10:18:50.000Z,0.00000015499999999999,0xb67a08fcfa0bd36216d912e58cb92b00cc9a5fed,sell,0x818fc6c2ec5986bc6e2cbf00939d90556ab12ce5,0x82180ffa43badb2229c8449cfde15f61e6a1698a085eb56368864feafcc71cab
180,10000,0.00156,0xf4e386ed68acb9faf8698eed8fb2af95f3faca4f,2017-11-01T10:18:50.000Z,0.000000156,0xb67a08fcfa0bd36216d912e58cb92b00cc9a5fed,sell,0x818fc6c2ec5986bc6e2cbf00939d90556ab12ce5,0xe5af9ace3f6c8e4fd9b61f5916db20cf48343b782c7d28faa1a7eec560c5043b
181,1876897.6666162058,0.30405742199182534,0xe2eabfc1e89a462bbd2ba188cd8a9591a9a0d04e,2017-11-01T10:14:01.000Z,0.000000162,0x26fda37d00fc10da4b22638f97b31fd7b0873f1a,buy,0x818fc6c2ec5986bc6e2cbf00939d90556ab12ce5,0xda056b7444b9c90441de13045eb803309dda69fae71633d808e038331c9726ee
182,6920.982526145885,0.001079673274078757,0xba39afbbb526fe8f33fb74b04f66984333bddd2d,2017-11-01T09:49:04.000Z,0.00000015599999999999,0xb67a08fcfa0bd36216d912e58cb92b00cc9a5fed,sell,0x818fc6c2ec5986bc6e2cbf00939d90556ab12ce5,0x5b7c9bee975db55083ce13355e7cb03dd775b14e3db65b8690b9dfed834d9daf
183,1160.3055098657655,0.000187969492598254,0x95eab0ed9c747af1e9b2d8762b7bed346aee5a6f,2017-11-01T09:47:12.000Z,0.000000162,0x26fda37d00fc10da4b22638f97b31fd7b0873f1a,buy,0x818fc6c2ec5986bc6e2cbf00939d90556ab12ce5,0xeccce1b3920c60c2f8b7ae170ec5d6aeb555cba70cceecd5841dbcf6454cd8f0
184,12740000,2.00018,0xba39afbbb526fe8f33fb74b04f66984333bddd2d,2017-11-01T09:47:12.000Z,0.000000157,0xb67a08fcfa0bd36216d912e58cb92b00cc9a5fed,sell,0x818fc6c2ec5986bc6e2cbf00939d90556ab12ce5,0x2e33a07790690622e9bc47d6e3a4eaac9f3f077d36cd3b64183a7c4d58411a6a
185,280000,0.04536,0x273a5d3e6721b9f5c1a6474f560c1334c63dda01,2017-11-01T09:36:09.000Z,0.000000162,0x26fda37d00fc10da4b22638f97b31fd7b0873f1a,buy,0x818fc6c2ec5986bc6e2cbf00939d90556ab12ce5,0x2ea6a1f08fe83d4e6ef015abf4c8b3f9572ec15657867cd90f7771fe1fb6d6ec
186,279160,0.0474572,0x2c097270aadf083223f711b2ea76d1ec568bf8c5,2017-11-01T09:36:09.000Z,0.00000017,0x273a5d3e6721b9f5c1a6474f560c1334c63dda01,sell,0x818fc6c2ec5986bc6e2cbf00939d90556ab12ce5,0x2ea6a1f08fe83d4e6ef015abf4c8b3f9572ec15657867cd90f7771fe1fb6d6ec
187,279162.5124626122,0.04745762711864407,0x2c097270aadf083223f711b2ea76d1ec568bf8c5,2017-11-01T09:35:35.000Z,0.00000016999999999999,0x1d5321e125f6c7079a716705541c7b371ca79e69,sell,0x818fc6c2ec5986bc6e2cbf00939d90556ab12ce5,0x8bb07db005c35227179ad76d90556bc1021a2b887ed2c852cdc2591182651b05
188,280000,0.04536,0x1d5321e125f6c7079a716705541c7b371ca79e69,2017-11-01T09:35:35.000Z,0.000000162,0x26fda37d00fc10da4b22638f97b31fd7b0873f1a,buy,0x818fc6c2ec5986bc6e2cbf00939d90556ab12ce5,0x8bb07db005c35227179ad76d90556bc1021a2b887ed2c852cdc2591182651b05
189,640000,0.10368,0xe9bc4a4732c3e5326a549bdb23fe21d0145183a5,2017-11-01T09:13:54.000Z,0.000000162,0x26fda37d00fc10da4b22638f97b31fd7b0873f1a,sell,0x818fc6c2ec5986bc6e2cbf00939d90556ab12ce5,0xa536db786ff92015b575e44d10572c45ca55145e393c17ff3a0e7cecd109561f
190,50000,0.0086,0xb85d14ab22a69276e57f24130ce4215e5ffe7dc0,2017-11-01T09:09:54.000Z,0.000000172,0x24d528b8530db22c0949f28fbbbd3c1cce771633,buy,0x818fc6c2ec5986bc6e2cbf00939d90556ab12ce5,0x8d2613a491169291cb6f9687d0715540555d8a49b87b21b61ccf4e24e6136075
191,33745020.30804506,5.1967331274389394,0x891e8ebd0430ab4360b7b74996c2aee650a960d9,2017-11-01T08:37:01.000Z,0.00000015399999999999,0x80872129a96f429312a717e2fab264562b1254d4,sell,0x818fc6c2ec5986bc6e2cbf00939d90556ab12ce5,0x8b084ef725356796693c88654cddbed0e2031a2a0bc6945a9b18057052faa25c
192,13453633.432963934,2.152581349274229,0xe9bc4a4732c3e5326a549bdb23fe21d0145183a5,2017-11-01T08:34:37.000Z,0.00000015999999999999,0x763d360993e5fc2f9c58f4d8f7e4a48d3c1a7dbc,sell,0x818fc6c2ec5986bc6e2cbf00939d90556ab12ce5,0x82faef28bb332526c6b949727b696ec95a5760533d9816ecf36add2c60d5deb4
193,90.26002047202941,0.000013990303173164,0xa045ea6c97d9f07ce2e5020944ee4c1ffac9f599,2017-11-01T08:11:35.000Z,0.00000015499999999999,0x71a3eabaf8f28bb918f6856ed433096773e1cc44,sell,0x818fc6c2ec5986bc6e2cbf00939d90556ab12ce5,0xf9c99639812ab97ce8b61abeaa5c70eb026289c88c1d34716e998f37691119c0
194,562.4148790429462,0.000085487061614527,0xf8f9d10dec5c6956cc9ac04e7703dd3b2cbf307c,2017-11-01T06:40:36.000Z,0.00000015199999999999,0x90e8da6d6641dd81b6d1a08f989c9503c0f1bc1d,sell,0x818fc6c2ec5986bc6e2cbf00939d90556ab12ce5,0xfea2cb7f100d66798c5e2a3d8939c9fb341e78cead74defe45901f72733fc764
195,5641583.651679792,0.8518791314036487,0xcfd5d60e0f447636f1643cd9b7a9547062cb0863,2017-11-01T06:37:53.000Z,0.00000015099999999999,0x90e8da6d6641dd81b6d1a08f989c9503c0f1bc1d,sell,0x818fc6c2ec5986bc6e2cbf00939d90556ab12ce5,0x69bb3247de9f904fc92b2a1eaab117f31b7845b3bd361743284c5a3fb9f86607
196,80000000,12.24,0x600bf5b4c26ab95cc6260e5fac8c77154308024e,2017-11-01T06:36:38.000Z,0.000000153,0x90e8da6d6641dd81b6d1a08f989c9503c0f1bc1d,sell,0x818fc6c2ec5986bc6e2cbf00939d90556ab12ce5,0x8bdef39fc76ce1e9276a03ba54e26d5d6c69bfd3d8493010a15cb8027daa0516
197,750000,0.11625,0xa045ea6c97d9f07ce2e5020944ee4c1ffac9f599,2017-11-01T06:32:19.000Z,0.000000155,0x90e8da6d6641dd81b6d1a08f989c9503c0f1bc1d,sell,0x818fc6c2ec5986bc6e2cbf00939d90556ab12ce5,0x4430cff73513ea1f22f810c9d2c4c73e39fb66a6db121c62d69a7cf97ebc189d
198,5000000,0.775,0x439ac7861b15a2b5384cb2850ab7bda9c09b48bd,2017-11-01T06:30:29.000Z,0.000000155,0x90e8da6d6641dd81b6d1a08f989c9503c0f1bc1d,sell,0x818fc6c2ec5986bc6e2cbf00939d90556ab12ce5,0x607b936a7138a840ffb379771a1412d4163d3080f54ec9e61a979d39617bf118
199,3150000,0.52605,0xe4ad8e20003e5fa0c37f0db45758eb8b76bd698e,2017-11-01T06:30:09.000Z,0.000000167,0x90e8da6d6641dd81b6d1a08f989c9503c0f1bc1d,sell,0x818fc6c2ec5986bc6e2cbf00939d90556ab12ce5,0xb07a92f03561347bbbac0083c1c92d306dcd826fbca267f8efb73c9dc13f1693
200,1200000,0.20748,0xb0ca5210a669dc61a1fa38b74eba83173794f727,2017-11-01T06:28:14.000Z,0.0000001729,0xaf870fa42cdfcda03619a39965d8b7e12ed3163e,buy,0x818fc6c2ec5986bc6e2cbf00939d90556ab12ce5,0x04bb6ee6e9345d8742bb04edca3f9b75a8cb931fce8d75b13e72f57dded3e8ed
201,1271291.552,0.218662146944,0xb0ca5210a669dc61a1fa38b74eba83173794f727,2017-11-01T06:27:09.000Z,0.000000172,0xd20eb13ccdd123f09850fb25621888f47beb9fba,buy,0x818fc6c2ec5986bc6e2cbf00939d90556ab12ce5,0xdb1d6a3d0518367f45d4dac0edd18bcec4de66060099de33e2fab8f5de2ea445
202,90000,0.01503,0xe4ad8e20003e5fa0c37f0db45758eb8b76bd698e,2017-11-01T06:22:26.000Z,0.000000167,0x712cf4ecaf08fff3031b464d0aaec7bbaaffb913,sell,0x818fc6c2ec5986bc6e2cbf00939d90556ab12ce5,0x8d1730a990435d858912866b12060493d1e1e3746356c2a4aa0d14314fb4f16e
203,10134827.344,1.72292064848,0x439ac7861b15a2b5384cb2850ab7bda9c09b48bd,2017-11-01T06:11:40.000Z,0.00000017,0xba85ffe69f46549481dc987bd6347ae80dfaed9b,buy,0x818fc6c2ec5986bc6e2cbf00939d90556ab12ce5,0x5ff6783e5a0518c6b98e8d7976c99d67bb40a589deb9e99cdef758ecbcdb2b3a
204,1400000,0.2338,0xe4ad8e20003e5fa0c37f0db45758eb8b76bd698e,2017-11-01T05:45:02.000Z,0.000000167,0xb6a0ad050669fb083bbf53a2e8719719b5c174d0,buy,0x818fc6c2ec5986bc6e2cbf00939d90556ab12ce5,0x31f78bec61c4cc79033844c55846c41188f3c219870aa13ea5e455c17404c6a5
205,5600000,0.9352,0xb0ca5210a669dc61a1fa38b74eba83173794f727,2017-11-01T05:42:24.000Z,0.000000167,0xb6a0ad050669fb083bbf53a2e8719719b5c174d0,buy,0x818fc6c2ec5986bc6e2cbf00939d90556ab12ce5,0xb4242063f4aaff9984f9034071b6dc46a000a869f4ce76f235d57a9f7330646d
206,26373.269320134037,0.004984547901505333,0x564bdbb6382309ed96072ddb271a79e6e9718d7d,2017-11-01T05:41:32.000Z,0.000000189,0xbb5bab0a7b4deae363d90cee87a2fcbe91e06c81,buy,0x818fc6c2ec5986bc6e2cbf00939d90556ab12ce5,0x8dc980eee52eb37ec9db4807068e54cdc64d27b93abf74af4e05a7b7d02c7705
207,126.72363957889466,0.000020275782332623,0xd20eb13ccdd123f09850fb25621888f47beb9fba,2017-11-01T05:07:25.000Z,0.00000015999999999999,0x9835bb4ffb23f85aad3535803221cea84fa5d22b,sell,0x818fc6c2ec5986bc6e2cbf00939d90556ab12ce5,0x3e39796bed782237d0d6034f811228690d972016599dcc2fe180e31f91f19487
208,1271164.8286158924,0.20338637257854278,0xd20eb13ccdd123f09850fb25621888f47beb9fba,2017-11-01T05:05:01.000Z,0.00000015999999999999,0x9835bb4ffb23f85aad3535803221cea84fa5d22b,sell,0x818fc6c2ec5986bc6e2cbf00939d90556ab12ce5,0x25c92252989c763c9f2f562ac2b750e0574f511f79290a19e7ebbc4e1648b627
209,580000,0.09338,0xbfbdd7f780e8f8185051642cca63bdf74727e167,2017-11-01T04:52:51.000Z,0.000000161,0x9835bb4ffb23f85aad3535803221cea84fa5d22b,sell,0x818fc6c2ec5986bc6e2cbf00939d90556ab12ce5,0xf72b24f73cfa4c53229cfa685bf097c5c102ccc742b708c03415c45d93d615d2
210,5669976.971388695,0.9128662923935799,0x65a267c7a5f7d345ef0562fb5decb2c1e11668e2,2017-11-01T04:44:31.000Z,0.00000016099999999999,0x9835bb4ffb23f85aad3535803221cea84fa5d22b,sell,0x818fc6c2ec5986bc6e2cbf00939d90556ab12ce5,0xffed322b901dea34d53a3da805772f8dcf62815b70fdd998161916cd38c88088
211,5981457.4818064,0.9630146545708305,0x65a267c7a5f7d345ef0562fb5decb2c1e11668e2,2017-11-01T04:43:24.000Z,0.00000016099999999999,0x03b82245483815300c14e8731e1ab6558a7f97cc,sell,0x818fc6c2ec5986bc6e2cbf00939d90556ab12ce5,0x73589d51341f8ef7a95cf027ef0c5eb5c76883fcb8977a691fcc33cf65ea1560
212,100000,0.0166,0xe4ad8e20003e5fa0c37f0db45758eb8b76bd698e,2017-11-01T04:41:58.000Z,0.000000166,0x9835bb4ffb23f85aad3535803221cea84fa5d22b,sell,0x818fc6c2ec5986bc6e2cbf00939d90556ab12ce5,0x4a05e37504120542993f48f81b44a7ec3805d01af5669da39bcab50466c26303
213,2867565.546804905,0.4616780530355897,0x65a267c7a5f7d345ef0562fb5decb2c1e11668e2,2017-11-01T04:39:38.000Z,0.00000016099999999999,0x1e5d2feee346afe729c803839c222a3f4414bc9f,sell,0x818fc6c2ec5986bc6e2cbf00939d90556ab12ce5,0xacc74d98683a936ffc1860301c3f75032eabab04500f3a3ca53e4801729f12b1
214,1000000,0.166,0xe4ad8e20003e5fa0c37f0db45758eb8b76bd698e,2017-11-01T04:18:59.000Z,0.000000166,0x65a267c7a5f7d345ef0562fb5decb2c1e11668e2,sell,0x818fc6c2ec5986bc6e2cbf00939d90556ab12ce5,0xfadfb421d2e3d3623b3e0b1dd676a82fe0fb8e6a08c0dfbaec71cb085b583597
215,0.21855279375684208,0.000000033972816635,0x65a267c7a5f7d345ef0562fb5decb2c1e11668e2,2017-11-01T03:58:22.000Z,0.00000015544443999557,0x98b31d397cb7ecffe83167cef2c9f13e9722071e,sell,0x818fc6c2ec5986bc6e2cbf00939d90556ab12ce5,0x95629c3d09bd6212ef75bb10a914c61bc5189090676e41e9288b585349eaedc0
216,5140000,0.85324,0x75cc4ef6a0bd22e79d8d253eca275b2fc0e617b2,2017-11-01T03:43:28.000Z,0.000000166,0x65a267c7a5f7d345ef0562fb5decb2c1e11668e2,sell,0x818fc6c2ec5986bc6e2cbf00939d90556ab12ce5,0xd09ed8de35a322f47c07140046de1d1247d7f79c3eeaefcfdc82dd5a45214b41
217,5140000,0.85324,0x75cc4ef6a0bd22e79d8d253eca275b2fc0e617b2,2017-11-01T03:42:08.000Z,0.000000166,0x65a267c7a5f7d345ef0562fb5decb2c1e11668e2,sell,0x818fc6c2ec5986bc6e2cbf00939d90556ab12ce5,0xd09ed8de35a322f47c07140046de1d1247d7f79c3eeaefcfdc82dd5a45214b41
218,958136.984,0.159050739344,0xa3baeed79a12473dd7752088f72b0f8782139e0f,2017-11-01T03:39:44.000Z,0.000000166,0x65a267c7a5f7d345ef0562fb5decb2c1e11668e2,buy,0x818fc6c2ec5986bc6e2cbf00939d90556ab12ce5,0x94a2a5f06888819b451f80737b8164a5c78c7c28af7cc3facce1b7dc78464519
219,4949797.855,0.819686524788,0x75cc4ef6a0bd22e79d8d253eca275b2fc0e617b2,2017-11-01T03:36:13.000Z,0.0000001656,0x65a267c7a5f7d345ef0562fb5decb2c1e11668e2,buy,0x818fc6c2ec5986bc6e2cbf00939d90556ab12ce5,0x222230c1742805e8806117fb1efabb99f8182d0fc07ce38fe22bcf1479ad508a
220,2041862.9957973654,0.3389492573023627,0x0967c0b8e77d0f05e7a9e234dfdef71aa4ad1425,2017-11-01T03:19:02.000Z,0.000000166,0x65a267c7a5f7d345ef0562fb5decb2c1e11668e2,buy,0x818fc6c2ec5986bc6e2cbf00939d90556ab12ce5,0x7298a29773d49a05374995b9159847ef9e006b4a3168999dda9e11dbd0aa0800
221,0.00000000019879518,0.000000000000000033,0x0967c0b8e77d0f05e7a9e234dfdef71aa4ad1425,2017-11-01T03:13:31.000Z,0.00000016600000060363,0x65a267c7a5f7d345ef0562fb5decb2c1e11668e2,buy,0x818fc6c2ec5986bc6e2cbf00939d90556ab12ce5,0xc658cafc12ac6f5254ee22aa57763b6be2bf0cb5763abe88d49c15cbaf97d8b6
222,0.000002004126506024,0.000000000000332685,0x0967c0b8e77d0f05e7a9e234dfdef71aa4ad1425,2017-11-01T03:07:51.000Z,0.000000166,0x65a267c7a5f7d345ef0562fb5decb2c1e11668e2,buy,0x818fc6c2ec5986bc6e2cbf00939d90556ab12ce5,0xce4a4d4227dfbe38a605480b2e6e3cd0bb37dbf78c438f255ee6fcf5714ef504
223,0.020103421861445783,0.000000003337168029,0x0967c0b8e77d0f05e7a9e234dfdef71aa4ad1425,2017-11-01T03:06:04.000Z,0.000000166,0x65a267c7a5f7d345ef0562fb5decb2c1e11668e2,buy,0x818fc6c2ec5986bc6e2cbf00939d90556ab12ce5,0x36148f28b844690a8061bab767865c986dc4d314540d646d558647c8d2e205c3
224,202.14451982237318,0.000033475132482585,0x0967c0b8e77d0f05e7a9e234dfdef71aa4ad1425,2017-11-01T02:57:11.000Z,0.0000001656,0x65a267c7a5f7d345ef0562fb5decb2c1e11668e2,buy,0x818fc6c2ec5986bc6e2cbf00939d90556ab12ce5,0x4039dab12e8b6bd6ecf084fb40adba3e4e743263b5ab415f7da3e6749195e513
225,3260817.3565413537,0.5086875076204512,0x346207616ffd0c6520ec42b2dbfcfe8cdd8307c0,2017-11-01T02:39:28.000Z,0.00000015599999999999,0x11bfb8a06aefe1cfa1008239b106c1c65cad4008,sell,0x818fc6c2ec5986bc6e2cbf00939d90556ab12ce5,0x0e2bac736de27eea94b029b8d3f880b8bff2e5f17e21c640f35497c75438daf4
226,16959804.83594346,2.6287697495712363,0x18371676dada9743dbd4c5cb83727bbb2511c4fa,2017-11-01T02:39:28.000Z,0.00000015499999999999,0x11bfb8a06aefe1cfa1008239b106c1c65cad4008,sell,0x818fc6c2ec5986bc6e2cbf00939d90556ab12ce5,0xe87a0105656693c8fa3c9c3bc836d73de3421836d4605d6a969f7d98f9289870
227,464000,0.07259022016,0x65a267c7a5f7d345ef0562fb5decb2c1e11668e2,2017-11-01T02:39:25.000Z,0.00000015644444,0x11bfb8a06aefe1cfa1008239b106c1c65cad4008,sell,0x818fc6c2ec5986bc6e2cbf00939d90556ab12ce5,0xb250b6e67d8b62b0fb0230b282bd93fd4cb4f6de3bf71d34a615477897cc75b5
228,50000,0.00828,0x75037e4d239b3e38458b2818836ad64ebf32a888,2017-11-01T01:44:39.000Z,0.0000001656,0x65a267c7a5f7d345ef0562fb5decb2c1e11668e2,buy,0x818fc6c2ec5986bc6e2cbf00939d90556ab12ce5,0xe62f45ed2c6258695d9d287f51663694e0e9e8474a78d2153b78731a866b959d
229,1771788.7109959128,0.2763990389153624,0x346207616ffd0c6520ec42b2dbfcfe8cdd8307c0,2017-11-01T01:17:10.000Z,0.00000015599999999999,0x77a8c9ad0ec1029dedac08efb4aaeb2ba6de0414,sell,0x818fc6c2ec5986bc6e2cbf00939d90556ab12ce5,0x395668073a177fc4486dc177d41689d7bfe2d5112dd914a371ccfa8b00e1df34
230,2396898.33715482,0.3739161405961519,0x346207616ffd0c6520ec42b2dbfcfe8cdd8307c0,2017-11-01T01:02:30.000Z,0.00000015599999999999,0x004aa46bfeb73d9a487d6e12ae1519d7ab0a9eb8,sell,0x818fc6c2ec5986bc6e2cbf00939d90556ab12ce5,0xbd31b7956e3f0ed9fc405cd4d4c4041c461c3186858cbd7bb3c5162c99b6b675
231,225,0.0000351,0x346207616ffd0c6520ec42b2dbfcfe8cdd8307c0,2017-11-01T00:50:25.000Z,0.000000156,0xf613e0feb3375b184e2e231ee1fdccecadf2934d,sell,0x818fc6c2ec5986bc6e2cbf00939d90556ab12ce5,0x0970358aa6da4b61f7cddb1acccf2d9b52c9a0e66b11d22b6be48156a8d449fa
232,0.007860286001036339,0.000000001226204616,0x346207616ffd0c6520ec42b2dbfcfe8cdd8307c0,2017-11-01T00:47:58.000Z,0.00000015599999997943,0x85340638f7fd12497c9e4f816dc3ef2557d2fc1c,sell,0x818fc6c2ec5986bc6e2cbf00939d90556ab12ce5,0xae837500cdff7dbf1662c4fda027c703a0e07e3906f7d87e3cc92d6c53b28316
233,78.8465288763955,0.000012300058504717,0x346207616ffd0c6520ec42b2dbfcfe8cdd8307c0,2017-11-01T00:44:10.000Z,0.00000015599999999999,0x85340638f7fd12497c9e4f816dc3ef2557d2fc1c,sell,0x818fc6c2ec5986bc6e2cbf00939d90556ab12ce5,0xedca81bb6a5fd4a6fbbae20e9ff49fe45f611ab150f3dd2b323dd0904bea1274
234,790909.5311591232,0.12338188686082321,0x346207616ffd0c6520ec42b2dbfcfe8cdd8307c0,2017-11-01T00:43:18.000Z,0.00000015599999999999,0x85340638f7fd12497c9e4f816dc3ef2557d2fc1c,sell,0x818fc6c2ec5986bc6e2cbf00939d90556ab12ce5,0x3d5c018790c189d854ee30eb2d6f57613a3665bee7e9a174d81c9566d532daa5
235,1841793.855,0.28731984138,0x15636434fa8779ca1895fd3e3bba90139d36a735,2017-11-01T00:37:52.000Z,0.000000156,0xa2283778c51e4a1cd9a96ed761c7af78dab13e53,buy,0x818fc6c2ec5986bc6e2cbf00939d90556ab12ce5,0x8af88c4510fc78656989f2ac82f1aec35322dc27c5ac8eb8db11fbd6084bc922
236,4599794.2097596275,0.7175678967225019,0x346207616ffd0c6520ec42b2dbfcfe8cdd8307c0,2017-11-01T00:24:25.000Z,0.00000015599999999999,0x1035328cdd2960850d0c80fa32638472b79264a6,sell,0x818fc6c2ec5986bc6e2cbf00939d90556ab12ce5,0x8c3af574ae496b4cb0f79f8fc08f57dfa592383800480f4eab322f1e8c61d306
237,238,0.00003689,0x18371676dada9743dbd4c5cb83727bbb2511c4fa,2017-10-31T23:51:08.000Z,0.000000155,0x350fb677631245226b45e6192a02581ed44db1e3,sell,0x818fc6c2ec5986bc6e2cbf00939d90556ab12ce5,0x262b63097f06c4c9c27e01ea9d3867bc4938c9109cd6e9cf2aca0258098674a5
238,2389827.1640565414,0.3704232104287639,0x18371676dada9743dbd4c5cb83727bbb2511c4fa,2017-10-31T23:49:42.000Z,0.00000015499999999999,0x350fb677631245226b45e6192a02581ed44db1e3,sell,0x818fc6c2ec5986bc6e2cbf00939d90556ab12ce5,0xa6b730a6fa65f8af01a2a9da8800266dfa21ec42a15ef1bc84e3c8e319e1a77d
239,30000000,4.56,0x39ba2c18d273e75ba9ff1a9fd16701b1ca05c99a,2017-10-31T23:47:04.000Z,0.000000152,0x350fb677631245226b45e6192a02581ed44db1e3,sell,0x818fc6c2ec5986bc6e2cbf00939d90556ab12ce5,0x46ec0d45210b9ab677e223775276284807569f080162f3995725dc65ead0ce4a
240,8622000,1.319166,0xd20eb13ccdd123f09850fb25621888f47beb9fba,2017-10-31T23:45:55.000Z,0.000000153,0x350fb677631245226b45e6192a02581ed44db1e3,sell,0x818fc6c2ec5986bc6e2cbf00939d90556ab12ce5,0x3257851983d53a0ea10f1184c2fb5a8adfe843ce3e69eaad81700d1bcfa6d0ed
241,8650000,1.3321,0x0b87947939d62a55c17dab2db5c8e6c53ea1bafc,2017-10-31T23:44:45.000Z,0.000000154,0x350fb677631245226b45e6192a02581ed44db1e3,sell,0x818fc6c2ec5986bc6e2cbf00939d90556ab12ce5,0x52fb26c3bd2b7bdd0e21bddae592ae7ab66a038402384426eabef32bde3fdbef
242,7585452.098,1.206086883582,0x9d810ea010d53d921c34686d681a53ddffa1dfc1,2017-10-31T23:41:52.000Z,0.000000159,0x0b87947939d62a55c17dab2db5c8e6c53ea1bafc,sell,0x818fc6c2ec5986bc6e2cbf00939d90556ab12ce5,0xe04109a094118056c3384c09fcbbe7610619e4df5e838a2365c317441dd2707a
243,803214.0461439666,0.12771103333689068,0x0cee9942a8dc4aa6f594d680f6b9654f02ab62d1,2017-10-31T23:34:01.000Z,0.000000159,0x0b87947939d62a55c17dab2db5c8e6c53ea1bafc,buy,0x818fc6c2ec5986bc6e2cbf00939d90556ab12ce5,0x23db1fb8798dec1a403ac7d21a590dcc22303ac30c7135b26eb9d4dd31bf4256
244,4984547.901505333,0.792543116339348,0x9d810ea010d53d921c34686d681a53ddffa1dfc1,2017-10-31T23:28:03.000Z,0.00000015899999999999,0xecd7bbfd2383b8fe2e64dde61dbaeb71021029b7,sell,0x818fc6c2ec5986bc6e2cbf00939d90556ab12ce5,0x8df62873ede27577e8414e2cd59db01ca60a96f0824e2becd2254d5b5e86cae6
245,89999,0.014849835,0x584e691082e1333211ca9fe264a2bc5013e19801,2017-10-31T23:12:08.000Z,0.000000165,0x350fb677631245226b45e6192a02581ed44db1e3,buy,0x818fc6c2ec5986bc6e2cbf00939d90556ab12ce5,0x287dc46cc88312bd0274fd752c04a14b7d29fcdaa0ffee8b81da4ef75d337fed
246,698389.1003527751,0.11523420155820789,0x0cee9942a8dc4aa6f594d680f6b9654f02ab62d1,2017-10-31T23:02:31.000Z,0.000000165,0x350fb677631245226b45e6192a02581ed44db1e3,buy,0x818fc6c2ec5986bc6e2cbf00939d90556ab12ce5,0xbb25e2637660919a2ba569d4a709dde597945e9dac169ce23898320bcb91ad14
247,14628810.686870702,2.2235792244043466,0x39ba2c18d273e75ba9ff1a9fd16701b1ca05c99a,2017-10-31T22:48:07.000Z,0.00000015199999999999,0x8d98c9c7e663225bbd29167184d8af9f32cf15e5,sell,0x818fc6c2ec5986bc6e2cbf00939d90556ab12ce5,0xe4b0b00010b45810e0d8f2052efa2fe2e9b64e1a8599bfe8e1e147a019d1d00a
248,7000000,1.071,0xb6a0ad050669fb083bbf53a2e8719719b5c174d0,2017-10-31T22:37:20.000Z,0.000000153,0x8d98c9c7e663225bbd29167184d8af9f32cf15e5,sell,0x818fc6c2ec5986bc6e2cbf00939d90556ab12ce5,0xf1c564a658b4db61acbe8a2a4a04ac1276a9740b3ae174ff2e2de22c62f9b664
249,8280000,1.26684,0xd20eb13ccdd123f09850fb25621888f47beb9fba,2017-10-31T22:37:05.000Z,0.000000153,0x8d98c9c7e663225bbd29167184d8af9f32cf15e5,sell,0x818fc6c2ec5986bc6e2cbf00939d90556ab12ce5,0xd350c4cd933fa90cc1eb9c0e8e627ae224a018f2d0b59b6ed5d5b92070ae5896
250,120000,0.02028,0x57eab8fafaa740eb37b49df32de8aafab294386b,2017-10-31T22:24:54.000Z,0.000000169,0x65a267c7a5f7d345ef0562fb5decb2c1e11668e2,sell,0x818fc6c2ec5986bc6e2cbf00939d90556ab12ce5,0xa2345abeb80d8ee2601f2455ecd4fb972d1964d9617f2d0bcad4317b04bf90b0
251,265000,0.044785,0x6ab29aa1cabf89feb097888adaf8e394056b9682,2017-10-31T22:22:49.000Z,0.000000169,0x65a267c7a5f7d345ef0562fb5decb2c1e11668e2,buy,0x818fc6c2ec5986bc6e2cbf00939d90556ab12ce5,0x663270293a3d5b9ddc070575cd7106fc323e806ff6ccb67c68b9c09dc0eb5330
252,6507873.778746722,1.008720435705742,0x0b87947939d62a55c17dab2db5c8e6c53ea1bafc,2017-10-31T22:21:04.000Z,0.00000015499999999999,0x906cf90768f535703931d7e09d3bff2911209db3,sell,0x818fc6c2ec5986bc6e2cbf00939d90556ab12ce5,0xfb95c9cda9bf5891d8ff9ebb33bda9a496f659465b3c655ff8a568c0ac7e74c9
253,1582.1497429478945,0.000245233210156923,0x0b87947939d62a55c17dab2db5c8e6c53ea1bafc,2017-10-31T22:12:17.000Z,0.00000015499999999999,0xe5bb2b004b86be07fb59efd70ba70bd28279f562,sell,0x818fc6c2ec5986bc6e2cbf00939d90556ab12ce5,0x6fdc25d84d10da96a23b9473ce173b6f65a9bc46e7261ef852e2354c93019702
254,15870544.07151033,2.459934331084101,0x0b87947939d62a55c17dab2db5c8e6c53ea1bafc,2017-10-31T22:11:38.000Z,0.00000015499999999999,0xe5bb2b004b86be07fb59efd70ba70bd28279f562,sell,0x818fc6c2ec5986bc6e2cbf00939d90556ab12ce5,0xb28f982a805a36f4762dd1c84b8ffcccfc1aeca4491f2e3e48eb2aca4f5f8662
255,5749923.18095578,0.9027379394100574,0xcfd5d60e0f447636f1643cd9b7a9547062cb0863,2017-10-31T22:08:31.000Z,0.00000015699999999999,0xe5bb2b004b86be07fb59efd70ba70bd28279f562,sell,0x818fc6c2ec5986bc6e2cbf00939d90556ab12ce5,0x0be4627b05d396cfbabf6660a207f5175375dc864b3e8e3b74a630a70a0283dc
256,2350316.696,0.371350037968,0x740d4b3119b956c1d19608da39730499dbce4c01,2017-10-31T22:07:45.000Z,0.000000158,0xe5bb2b004b86be07fb59efd70ba70bd28279f562,sell,0x818fc6c2ec5986bc6e2cbf00939d90556ab12ce5,0xd46b2d95310169e0698bb2d0523ae48dbadbf40a4b169653ac68dd344079b734
257,2404428.3,0.4207749525,0x5ba0d133316b254d061b885a1ed3dc0290815051,2017-10-31T21:22:43.000Z,0.000000175,0xf045871ad2d9f9da3d64f79a3b1ce0fbce9353ca,buy,0x818fc6c2ec5986bc6e2cbf00939d90556ab12ce5,0x225878076b388bd896a06d1db02ac2067423f39a17a744f60f0113622904fc28
258,718012.2572406492,0.12062605921642906,0x86ddab699a51ad96d7b27036783403a4f04ae1de,2017-10-31T21:11:02.000Z,0.000000168,0xa045ea6c97d9f07ce2e5020944ee4c1ffac9f599,buy,0x818fc6c2ec5986bc6e2cbf00939d90556ab12ce5,0x89f6a8841748c7f5f12e6b59124cf77f226bd1c05104bd8dcf9f72430a6a6831
259,2487565.845,0.420398627805,0x19b0ce170f7a931156722ad1428eb33cc312d664,2017-10-31T20:34:24.000Z,0.000000169,0xb49fda420b9ce7334c6446af26f06225cbecb401,buy,0x818fc6c2ec5986bc6e2cbf00939d90556ab12ce5,0xeb29c2484155283d3f994beb7eab4075f074a309a5176dc4e73a0a6451b29a29
260,1960000,0.33124,0x19b0ce170f7a931156722ad1428eb33cc312d664,2017-10-31T20:32:30.000Z,0.000000169,0x1cb5f0297eab6b1a27351c1314b5bc74ee720aa0,buy,0x818fc6c2ec5986bc6e2cbf00939d90556ab12ce5,0x1c2ca3c1e0762e08b5e0699e891e2833fe8b0aa077495aa02603485c6d6ac70e
261,3.5,0.000707,0x56cfad21d342351a013d371b594d28a3536c98c7,2017-10-31T20:14:52.000Z,0.000202,0xc54e817bbc56d05d6e3c1ec4e44748a46a2d5c13,buy,0x818fc6c2ec5986bc6e2cbf00939d90556ab12ce5,0xf0395935265b9c7650e3d2997a23b47e373d66f7063507f5135442a470fac6d3
262,580945.1040560955,0.09120838133680699,0xcfd5d60e0f447636f1643cd9b7a9547062cb0863,2017-10-31T19:21:52.000Z,0.00000015699999999999,0x39ea9758821ebae00b03c5a95e2b49084310d9fa,sell,0x818fc6c2ec5986bc6e2cbf00939d90556ab12ce5,0xb3ecd945617f747a93a20351afa4a996d80232ad378e052e91623bfcbb3d58ba
263,1478138.78669397,0.2320677895109533,0xcfd5d60e0f447636f1643cd9b7a9547062cb0863,2017-10-31T19:17:32.000Z,0.00000015699999999999,0x39ea9758821ebae00b03c5a95e2b49084310d9fa,sell,0x818fc6c2ec5986bc6e2cbf00939d90556ab12ce5,0xbe600e28359196555cab3d4d0c05d32f539af9f7bc380f59bf0f69e5e4b144df
264,23727.868,0.003749003144,0x0671f73668831051b71f967938d22f3584a3051d,2017-10-31T19:16:36.000Z,0.000000158,0x39ea9758821ebae00b03c5a95e2b49084310d9fa,sell,0x818fc6c2ec5986bc6e2cbf00939d90556ab12ce5,0x0e7b278ee2255108f58242ca605b8819eeaacd57727523cd43e8fc2f0ea15b56
265,492003.9197041661,0.07773661931325825,0x65a267c7a5f7d345ef0562fb5decb2c1e11668e2,2017-10-31T19:16:23.000Z,0.00000015799999999999,0x39ea9758821ebae00b03c5a95e2b49084310d9fa,sell,0x818fc6c2ec5986bc6e2cbf00939d90556ab12ce5,0xda20b8a4fe1cb189258ad476e9db6230bd63fe463ebb0fe45adc997f1c247f3c
266,4793995.285514904,0.7526572598258399,0xcfd5d60e0f447636f1643cd9b7a9547062cb0863,2017-10-31T18:56:31.000Z,0.00000015699999999999,0xe7d7bfc91531932eb57457b9e727d969931a4633,sell,0x818fc6c2ec5986bc6e2cbf00939d90556ab12ce5,0x6920cdf77e7172568c0e32bcd19a84f2b7a26f0145152b1b6ffba1b395111e4d
267,197622.271,0.032607674715,0x00a79a30836a3e30e4aac89644e548916ac82966,2017-10-31T18:47:30.000Z,0.000000165,0x46de30cb93e3a223f2fc3bd76dcd3a2d3f6df939,buy,0x818fc6c2ec5986bc6e2cbf00939d90556ab12ce5,0x1b88918941b64111e6d43bc8505a99ff5664860e016f0e00188f7e4bfabf45dd
268,120400,0.019866,0x650f109f5aa7ec168096959b55bdcb7c183a4b32,2017-10-31T18:43:37.000Z,0.000000165,0x46de30cb93e3a223f2fc3bd76dcd3a2d3f6df939,buy,0x818fc6c2ec5986bc6e2cbf00939d90556ab12ce5,0x6b77620d8bbed762087e11b5af1ef53535c615cd7684f9430c505661a16742a2
269,381977.72859802225,0.06302632521867367,0xa045ea6c97d9f07ce2e5020944ee4c1ffac9f599,2017-10-31T18:34:53.000Z,0.000000165,0x46de30cb93e3a223f2fc3bd76dcd3a2d3f6df939,buy,0x818fc6c2ec5986bc6e2cbf00939d90556ab12ce5,0x0e8bdd02093105536c7a4eae055a0c58b9d97a076ce13f27d2da89237ce03c18
270,200000,0.033,0x7daaa3a5c556409618ceecaaf83e83c7f7fd1c31,2017-10-31T18:29:48.000Z,0.000000165,0x46de30cb93e3a223f2fc3bd76dcd3a2d3f6df939,buy,0x818fc6c2ec5986bc6e2cbf00939d90556ab12ce5,0xa3881541012c4b8be769430dd0bacc0a776eab228dc2e4915be442dae0bf0fa9
271,0.49161655293671863,0.000000024580827646,0x8b182a4526944fa498970732a69a95d281c3c8a9,2017-10-31T17:56:54.000Z,0.00000004999999999829,0x5d1792e727ffd5d77ad119e48bc6b6f9e82f8521,sell,0x818fc6c2ec5986bc6e2cbf00939d90556ab12ce5,0xc9ef9aaa31652c47b210a4961a294d8705e646564e4436a4a336bf6be954e85f
272,313593.15451531974,0.053938022576635,0xb0ca5210a669dc61a1fa38b74eba83173794f727,2017-10-31T17:54:36.000Z,0.000000172,0xb49fda420b9ce7334c6446af26f06225cbecb401,buy,0x818fc6c2ec5986bc6e2cbf00939d90556ab12ce5,0xf902de95d77ea814f9fc71dc1dbc7767e9b63084cd15eb8ae38536950bd57b5a
273,6310927.12590968,1.0097483401455487,0x04ec73da1b11ad2ea5fdbdd22ada1d88d7cf5042,2017-10-31T17:54:20.000Z,0.00000015999999999999,0x0031845bb5d7fcf490afbc7608321b2af13aa245,sell,0x818fc6c2ec5986bc6e2cbf00939d90556ab12ce5,0xe00c348d78f093d9db63353325c009bd25b253543993090a1d63ce2f4083d8cf
274,4931.405642508224,0.000246570282125411,0x8b182a4526944fa498970732a69a95d281c3c8a9,2017-10-31T17:54:13.000Z,0.00000004999999999999,0x5d1792e727ffd5d77ad119e48bc6b6f9e82f8521,sell,0x818fc6c2ec5986bc6e2cbf00939d90556ab12ce5,0x7535c7a30b4017e45ba6c0d40d19fcb085dd2355702a978c6149dc6032e9af92
275,40000,0.002,0x8b182a4526944fa498970732a69a95d281c3c8a9,2017-10-31T17:53:46.000Z,0.00000005,0x5d1792e727ffd5d77ad119e48bc6b6f9e82f8521,sell,0x818fc6c2ec5986bc6e2cbf00939d90556ab12ce5,0xe472a67ee96147ac569b25ed9d3d042164f1d4d7bd0da28afaa96a9442780601
276,7053000,1.13161463532,0x65a267c7a5f7d345ef0562fb5decb2c1e11668e2,2017-10-31T17:52:33.000Z,0.00000016044444,0x0031845bb5d7fcf490afbc7608321b2af13aa245,sell,0x818fc6c2ec5986bc6e2cbf00939d90556ab12ce5,0xc77d9af6da150e92d8de9359a20aebbc56e60674b90aab9266831210b6245cfc
277,14769,0.00132921,0x0b4bb24b6a05b04746248d5f42a3f1f0d913781e,2017-10-31T17:52:33.000Z,0.00000009,0x5d1792e727ffd5d77ad119e48bc6b6f9e82f8521,sell,0x818fc6c2ec5986bc6e2cbf00939d90556ab12ce5,0xb0c6e20854dad509b8b30d16ed7d38744b9bfb3623c0763efc6fad41d48b5ce3
278,40000,0.0032,0xb49b884b29e25ba3ab4d772c1b9322886a7696d7,2017-10-31T17:48:44.000Z,0.00000008,0x5d1792e727ffd5d77ad119e48bc6b6f9e82f8521,sell,0x818fc6c2ec5986bc6e2cbf00939d90556ab12ce5,0xdb38c10f772dc6ef3ca3f0867cef8436c28088d15f3edf72df87e02c3c41e0d9
279,445000,0.076985,0x82efa492c4f764b523dd2023b6d5469818c6b269,2017-10-31T17:37:31.000Z,0.000000173,0x65a267c7a5f7d345ef0562fb5decb2c1e11668e2,sell,0x818fc6c2ec5986bc6e2cbf00939d90556ab12ce5,0x4e7b3f4ce988c73ba743670b5bfd60230d1540175fe3638008a14ce0244881ac
280,5711652.47284955,0.9857741002891037,0x45ae010ea885a45ab55939b83976180445f37a00,2017-10-31T17:21:47.000Z,0.00000017259,0x65a267c7a5f7d345ef0562fb5decb2c1e11668e2,buy,0x818fc6c2ec5986bc6e2cbf00939d90556ab12ce5,0xf2beaab176244f3345ce52023f7193fcf8239c88c4e9ef180ab68c0114deedce
281,189958,0.032862734,0x38a4ff00c207cbd78ab34b6ddd1b8754e4498508,2017-10-31T17:19:46.000Z,0.000000173,0x65a267c7a5f7d345ef0562fb5decb2c1e11668e2,sell,0x818fc6c2ec5986bc6e2cbf00939d90556ab12ce5,0xb0bc49d36b6ed39a2ac900d2c092df19afaeb769069decd612124e6675177278
282,2000000,0.32,0x04ec73da1b11ad2ea5fdbdd22ada1d88d7cf5042,2017-10-31T17:06:15.000Z,0.00000016,0xf346be04aa5811db5016ba8e9a3505b947133270,sell,0x818fc6c2ec5986bc6e2cbf00939d90556ab12ce5,0xf262219b5ff40ee18976eaeaa6769dae74d106f1cb30862b483eb17e56795551
283,63000,0.01008,0x65a267c7a5f7d345ef0562fb5decb2c1e11668e2,2017-10-31T16:54:20.000Z,0.00000016,0x5593d916025dad12836ab243c2ee63217cca1f1c,buy,0x818fc6c2ec5986bc6e2cbf00939d90556ab12ce5,0x3487e7caa2a9cbc8f28fecb80e70eb740c3b9381d18ff6549bb15a8a9508ba00
284,472352.197,0.07557635152,0x65a267c7a5f7d345ef0562fb5decb2c1e11668e2,2017-10-31T16:52:38.000Z,0.00000016,0xbf4806f7d50ec4599ceeb43913cb1105a88d7390,buy,0x818fc6c2ec5986bc6e2cbf00939d90556ab12ce5,0x771b41f6c7299686be6f737fe8acba523303d3f0e9c244d4680f1725b764f1cc
285,7000000,1.12,0x65a267c7a5f7d345ef0562fb5decb2c1e11668e2,2017-10-31T16:50:07.000Z,0.00000016,0xbf4806f7d50ec4599ceeb43913cb1105a88d7390,buy,0x818fc6c2ec5986bc6e2cbf00939d90556ab12ce5,0x20931b40133693e4ec3689ca534cc2c50f0fc6a6431b611a3895f4a6015aad08
286,299072.87409032,0.0478516598544512,0x04ec73da1b11ad2ea5fdbdd22ada1d88d7cf5042,2017-10-31T15:56:26.000Z,0.00000015999999999999,0x5cc2072740d99c150b6815eccc05c8b6bcd466b7,sell,0x818fc6c2ec5986bc6e2cbf00939d90556ab12ce5,0x3feb0b0e8f24df47f7e80d470abd429f1f06f26d887873960514d6a092b22abd
287,501100,0.0766683,0x5557a30d864e438e7b21ef97df9d1034e7c16cf5,2017-10-31T15:52:27.000Z,0.000000153,0x5593d916025dad12836ab243c2ee63217cca1f1c,sell,0x818fc6c2ec5986bc6e2cbf00939d90556ab12ce5,0xad13d687b1fa28ce089e8949f53598800598b50abb275c5ced65a1a56d03d1be
288,650000,0.09997,0x41648a90772bc69c93d011f02330cb690c89eb75,2017-10-31T15:52:27.000Z,0.0000001538,0x5593d916025dad12836ab243c2ee63217cca1f1c,sell,0x818fc6c2ec5986bc6e2cbf00939d90556ab12ce5,0x1c4836f52571d5398c8341e00d177a1636b36d9daab12a026156f6f118ba2f30
289,571516.1316484092,0.09029954880044865,0x0671f73668831051b71f967938d22f3584a3051d,2017-10-31T15:50:34.000Z,0.00000015799999999999,0x5593d916025dad12836ab243c2ee63217cca1f1c,sell,0x818fc6c2ec5986bc6e2cbf00939d90556ab12ce5,0x5d66dcd3fcfc58c83e0ff25de6a058b41045b7e6909ecf0f63a2e26d8adec964
290,1500000,0.2295,0x36d389ee8ea6bb55f05c22f1c37dd02973d440f7,2017-10-31T15:49:18.000Z,0.000000153,0x5593d916025dad12836ab243c2ee63217cca1f1c,sell,0x818fc6c2ec5986bc6e2cbf00939d90556ab12ce5,0x280a6b46f98aa99f840c3d7fd3fc8719997b1de9517dfdfdcb3d52554b4e865f
291,300000,0.0465,0x5cc2072740d99c150b6815eccc05c8b6bcd466b7,2017-10-31T15:47:24.000Z,0.000000155,0x5593d916025dad12836ab243c2ee63217cca1f1c,sell,0x818fc6c2ec5986bc6e2cbf00939d90556ab12ce5,0x38fc2210c8493bfe16d9f79203cf9b3abc41d5430ca9f56c86b499e6d1e51eec
292,113925,0.01800015,0x8cfd8629ebf79bad0e24384918374890fd7d1f06,2017-10-31T15:34:56.000Z,0.000000158,0x0671f73668831051b71f967938d22f3584a3051d,sell,0x818fc6c2ec5986bc6e2cbf00939d90556ab12ce5,0xaee26421f31adddfbd6e1730e7ea4b5f79fe0eabeb8401312bc7ca73ced80645
293,445000,0.071645,0x005de03c8e71269a4eded9da3442ce4a0ef0150b,2017-10-31T15:34:38.000Z,0.000000161,0x0671f73668831051b71f967938d22f3584a3051d,sell,0x818fc6c2ec5986bc6e2cbf00939d90556ab12ce5,0x7797107535421b290b9961d37cd4de65b719259f8b02e8277a3c41cce3abd455
294,23123.56,0.00379226384,0x28fc50a4088f19e18ec8272f5a3fcd035bc2cbe5,2017-10-31T15:34:34.000Z,0.000000164,0x0671f73668831051b71f967938d22f3584a3051d,sell,0x818fc6c2ec5986bc6e2cbf00939d90556ab12ce5,0x92668618ac714e0c7a89b86bfe0dd3f6de8d11c69d3b8e94917c3dc86578af03
295,10000,0.00166,0xed423b65de26a43b3f92ae874aebb0e650eb3d64,2017-10-31T15:34:26.000Z,0.000000166,0x0671f73668831051b71f967938d22f3584a3051d,sell,0x818fc6c2ec5986bc6e2cbf00939d90556ab12ce5,0xb1d093d4693e4e980c9a0855bddc31f6158ba8508ff0b6a74d118d1bf749f371
296,6000,0.001014,0x179c6ae2129da08767391429911ef1ea32c7b6d4,2017-10-31T15:22:59.000Z,0.000000169,0xbf4806f7d50ec4599ceeb43913cb1105a88d7390,buy,0x818fc6c2ec5986bc6e2cbf00939d90556ab12ce5,0x1eda9796c22f3a35f4aeef4db78393ea0f1dac7564cd99ee171679a47a8f9a17
297,35000,0.00588,0x2d137a9c377f2b2072d1520ca04e4b96de2d3267,2017-10-31T15:12:27.000Z,0.000000168,0x8926e7ff5e5e4f6f72c941c6b618130e2102e651,sell,0x818fc6c2ec5986bc6e2cbf00939d90556ab12ce5,0x97142c1a84fba44a66c0fa42269b6cef17806b149d1a6c4aebce1839000c91b4
298,9761.017,0.001639850856,0xed423b65de26a43b3f92ae874aebb0e650eb3d64,2017-10-31T15:12:27.000Z,0.000000168,0x8926e7ff5e5e4f6f72c941c6b618130e2102e651,sell,0x818fc6c2ec5986bc6e2cbf00939d90556ab12ce5,0x42aa32bf5f50461fd92dbd6f7a69ee928cf6d9067ab67e3126abdf8763cf4158
299,1249999.9999976251,0.21124999999959865,0x0eb3fe285313a98ac8c6078871c4e1801938d544,2017-10-31T15:11:48.000Z,0.00000016899999999999,0x8926e7ff5e5e4f6f72c941c6b618130e2102e651,sell,0x818fc6c2ec5986bc6e2cbf00939d90556ab12ce5,0x649f7cfd18bc6ccc70cf13895e761e25703d86c6d4f8c5ab2066e9270aee3a06
300,162184.53931776842,0.027409187144702862,0x65a267c7a5f7d345ef0562fb5decb2c1e11668e2,2017-10-31T15:07:47.000Z,0.000000169,0xbf4806f7d50ec4599ceeb43913cb1105a88d7390,buy,0x818fc6c2ec5986bc6e2cbf00939d90556ab12ce5,0x0f52d4a42b7d24d9d49efb9af54ab82ac59b7b48ef7665b829c5486932d8422d
301,841256,0.142172264,0x65a267c7a5f7d345ef0562fb5decb2c1e11668e2,2017-10-31T15:06:43.000Z,0.000000169,0x1619701d93d5481c948b30dc38ab8437a4911323,buy,0x818fc6c2ec5986bc6e2cbf00939d90556ab12ce5,0x42dbec5f1b9c5595d3124ab17619b69a777453c574af614510b58623d08f867c
302,1000000,0.17,0x1f0d7ca24e3b95c9e8591b7deb03e8a73f9231a1,2017-10-31T15:06:09.000Z,0.00000017,0x65a267c7a5f7d345ef0562fb5decb2c1e11668e2,sell,0x818fc6c2ec5986bc6e2cbf00939d90556ab12ce5,0xe6c843eed11b73030d319ced43f0fa667d95c0f99e8da1e87d267673c1ee4684
303,100000,0.0169,0x0eb3fe285313a98ac8c6078871c4e1801938d544,2017-10-31T15:02:25.000Z,0.000000169,0x29a3feebbdabb9d11f27bb7958b1f1c7ed73a812,sell,0x818fc6c2ec5986bc6e2cbf00939d90556ab12ce5,0x9a7ab0170f5e3de472616b43a269e8e5c83b5ea93ec166553040d86ec3ef3641
304,500000,0.0845,0x0eb3fe285313a98ac8c6078871c4e1801938d544,2017-10-31T14:54:59.000Z,0.000000169,0x29a3feebbdabb9d11f27bb7958b1f1c7ed73a812,sell,0x818fc6c2ec5986bc6e2cbf00939d90556ab12ce5,0x94d774e70f1ab7fef0d962e2e7c53b89753d1041072f24c0c62078e5a4f120a6
305,0.000002374843064803,0.000000000000401348,0x0eb3fe285313a98ac8c6078871c4e1801938d544,2017-10-31T14:48:26.000Z,0.00000016899979874387,0x602937ccea0050cfcf55b845652355f890815de7,sell,0x818fc6c2ec5986bc6e2cbf00939d90556ab12ce5,0x12764a9c2b821d0cc41c7516212f262e59bb30deb4ce0d6658a1bd02f7a86e5d
306,510000,0.08517,0x46de30cb93e3a223f2fc3bd76dcd3a2d3f6df939,2017-10-31T14:44:04.000Z,0.000000167,0x1619701d93d5481c948b30dc38ab8437a4911323,sell,0x818fc6c2ec5986bc6e2cbf00939d90556ab12ce5,0x7a26c549941f166048f0418dd57a688bd06095ecd9691399bf3078d92a167d39
307,0.0238220507830297,0.000000004002104531,0xed423b65de26a43b3f92ae874aebb0e650eb3d64,2017-10-31T14:44:04.000Z,0.00000016799999997695,0x602937ccea0050cfcf55b845652355f890815de7,sell,0x818fc6c2ec5986bc6e2cbf00939d90556ab12ce5,0xde7c27066e0a56a1ab7a8885b3f90361c11b18fee6207ee02ec121b572a67cec
308,10655844.48375845,1.6303442060150426,0x9a03bd4646d0ea494eb80db486b64850d8c2f726,2017-10-31T14:44:04.000Z,0.00000015299999999999,0xe1dcc62e57592dd7a58f73d0f57b7ceb4c435812,sell,0x818fc6c2ec5986bc6e2cbf00939d90556ab12ce5,0x176b020acdf0696b72df2ddde2d3893601091f29f715c9f022f9a7541ebe4ccc
309,238.95899140457092,0.000040145110555967,0xed423b65de26a43b3f92ae874aebb0e650eb3d64,2017-10-31T14:41:05.000Z,0.00000016799999999999,0x602937ccea0050cfcf55b845652355f890815de7,sell,0x818fc6c2ec5986bc6e2cbf00939d90556ab12ce5,0x13e82cd134da53c9019841db89b4a58aadd79f36b70ec7db30442ce5a4dabf8b
310,2396997.642779251,0.3763286299163424,0xcfd5d60e0f447636f1643cd9b7a9547062cb0863,2017-10-31T14:38:27.000Z,0.00000015699999999999,0x602937ccea0050cfcf55b845652355f890815de7,sell,0x818fc6c2ec5986bc6e2cbf00939d90556ab12ce5,0xd2603037b0963c118ca65c0b66fe850cb2082f8d246db5048e4a003817561a02
311,5499196.26339893,0.9293641685144193,0x65a267c7a5f7d345ef0562fb5decb2c1e11668e2,2017-10-31T14:26:38.000Z,0.000000169,0xbf4806f7d50ec4599ceeb43913cb1105a88d7390,buy,0x818fc6c2ec5986bc6e2cbf00939d90556ab12ce5,0x6e60be0478ace85e2b8b1ca89488f4d8bca1920ec3b5ea323a25ad3278b3710c
312,5086436.537166929,0.8778680819496402,0x3a73def5c97d90f86ebf559b543782ff74c959a5,2017-10-31T14:22:38.000Z,0.00000017259,0x65a267c7a5f7d345ef0562fb5decb2c1e11668e2,buy,0x818fc6c2ec5986bc6e2cbf00939d90556ab12ce5,0x5191fcefea3054adbc98e5d24ece4ddd2a04a69e93b058dbb4bd8fe0bce61235
313,100000,0.017259,0x9b89d2707cba6dd93fd3177cc2dca60654b27822,2017-10-31T14:08:43.000Z,0.00000017259,0x65a267c7a5f7d345ef0562fb5decb2c1e11668e2,buy,0x818fc6c2ec5986bc6e2cbf00939d90556ab12ce5,0x05728a05545fc26d9df76ae6253b7f80f4afba420c8ae7c03dd82a9c08000bd3
314,200000,0.034518,0x9b523cadad9e979617073e444c021bd326b74dbf,2017-10-31T13:55:01.000Z,0.00000017259,0x65a267c7a5f7d345ef0562fb5decb2c1e11668e2,buy,0x818fc6c2ec5986bc6e2cbf00939d90556ab12ce5,0x1d2e095136f7290fd5019f2bc81925b4c7ba1e42c2201f527380c3b307998c44
315,4434343.923822881,0.7671414988213583,0x9b523cadad9e979617073e444c021bd326b74dbf,2017-10-31T13:46:41.000Z,0.000000173,0xb6a0ad050669fb083bbf53a2e8719719b5c174d0,buy,0x818fc6c2ec5986bc6e2cbf00939d90556ab12ce5,0x0d20afd158ac9d2e2c7f470df3bce0461a974451615e97ef1df5d41a1333268b
316,500000,0.086,0x9b523cadad9e979617073e444c021bd326b74dbf,2017-10-31T13:43:41.000Z,0.000000172,0x46de30cb93e3a223f2fc3bd76dcd3a2d3f6df939,buy,0x818fc6c2ec5986bc6e2cbf00939d90556ab12ce5,0x45843bce9b52c4fb097c773718fd30298cbb1e821968d5a88e58c67088457c4a
317,852601,0.145794771,0x9b523cadad9e979617073e444c021bd326b74dbf,2017-10-31T13:43:19.000Z,0.000000171,0xba39afbbb526fe8f33fb74b04f66984333bddd2d,buy,0x818fc6c2ec5986bc6e2cbf00939d90556ab12ce5,0x0dd1499a04ffb978c1eb5298133dce637e2a1fd77f2090d59f4228906c18368b
318,852601.1608290141,0.1381213880543003,0xba39afbbb526fe8f33fb74b04f66984333bddd2d,2017-10-31T13:24:21.000Z,0.00000016199999999999,0x6324f43ab5bc9da1af44e43766d6b9233ac4314e,sell,0x818fc6c2ec5986bc6e2cbf00939d90556ab12ce5,0x3fb133fe406f6e51913ef51cc8729c61a0aa0b925a1a58f25c94cb327fada988
319,3715202.52509042,0.6427300368406427,0x3a73def5c97d90f86ebf559b543782ff74c959a5,2017-10-31T13:06:14.000Z,0.000000173,0xb6a0ad050669fb083bbf53a2e8719719b5c174d0,buy,0x818fc6c2ec5986bc6e2cbf00939d90556ab12ce5,0x67cb58f426f0b30df7720010b80296a0107d0cf1234c915506730ccd370bc2dc
320,9748585,1.686505205,0x9e35d546ef3630a33bd7bf00b6c1cee9d66c19bc,2017-10-31T13:00:45.000Z,0.000000173,0xba39afbbb526fe8f33fb74b04f66984333bddd2d,buy,0x818fc6c2ec5986bc6e2cbf00939d90556ab12ce5,0xb8b710a32df1baebbaa1121a46cc7a9643ebe5862c55926fe9da16791c7ec0da
321,56263.41797724207,0.008945883458381487,0x8f57a7801963c702ec833de0888eb53a56d5a142,2017-10-31T12:46:56.000Z,0.00000015899999999999,0x6324f43ab5bc9da1af44e43766d6b9233ac4314e,sell,0x818fc6c2ec5986bc6e2cbf00939d90556ab12ce5,0xc658e67573b18f4656b9ca47a0320a6fa1840d6d8c8022ff508d5619503c94da
322,10000,0.00167,0xed423b65de26a43b3f92ae874aebb0e650eb3d64,2017-10-31T12:46:20.000Z,0.000000167,0x6324f43ab5bc9da1af44e43766d6b9233ac4314e,sell,0x818fc6c2ec5986bc6e2cbf00939d90556ab12ce5,0x3d56a12ad2e21fb4e494556b665cd598a522526a7a71cfb39104a560abe6745a
323,10000,0.00169,0xed423b65de26a43b3f92ae874aebb0e650eb3d64,2017-10-31T12:46:07.000Z,0.000000169,0x6324f43ab5bc9da1af44e43766d6b9233ac4314e,sell,0x818fc6c2ec5986bc6e2cbf00939d90556ab12ce5,0x568b614a4bb8df83a8dc0ebc427d2adf25f16ca4484869c0939a6c7869f809b8
324,10000,0.0017,0xed423b65de26a43b3f92ae874aebb0e650eb3d64,2017-10-31T12:46:07.000Z,0.00000017,0x6324f43ab5bc9da1af44e43766d6b9233ac4314e,sell,0x818fc6c2ec5986bc6e2cbf00939d90556ab12ce5,0xe7b9a6eceedaec3ab23d0dd97fceff044d092ef666b52f3274b51d8f1b9cd63e
325,100000,0.017,0xd42a15cd7e39dd957cfb8fd803ddaf2c3d2ad81a,2017-10-31T12:43:08.000Z,0.00000017,0x6324f43ab5bc9da1af44e43766d6b9233ac4314e,sell,0x818fc6c2ec5986bc6e2cbf00939d90556ab12ce5,0x17b7757711da62f58613754db2d8ff53033496e127928cff3ae33f8d11e7e0e1
326,329326.5875785066,0.05499754012561061,0xda793ed7ab9bdb45cc8e37888b2583e6d3981a46,2017-10-31T12:43:08.000Z,0.00000016699999999999,0x6324f43ab5bc9da1af44e43766d6b9233ac4314e,sell,0x818fc6c2ec5986bc6e2cbf00939d90556ab12ce5,0xb6a54dfe1706429261235443ab664ea72a539e3074dcc9530d7e13997a03fc6f
327,453593.8590369853,0.07348220516399162,0xba39afbbb526fe8f33fb74b04f66984333bddd2d,2017-10-31T11:30:16.000Z,0.00000016199999999999,0x23ce9f95dcda612bfbb243d576f1a1d4e1a7b658,sell,0x818fc6c2ec5986bc6e2cbf00939d90556ab12ce5,0x1ab15b2b50d06841edecdc5a4994195b8c90afe83fbcff285cfc2ff12dc9e280
328,232001.8968669194,0.040136328157977054,0xa045ea6c97d9f07ce2e5020944ee4c1ffac9f599,2017-10-31T11:20:49.000Z,0.00000017299999999999,0xa3b2ceb252ec28d6bb74c78831ebfa56829ff4ed,sell,0x818fc6c2ec5986bc6e2cbf00939d90556ab12ce5,0x678fa8d5abd4d82ae684649c63e2c2df6f180f89ebdebcc42eaa9bbfb29b8b2a
329,10.435201468608515,0.000001805289854069,0xa045ea6c97d9f07ce2e5020944ee4c1ffac9f599,2017-10-31T11:14:07.000Z,0.00000017299999999997,0xa36ce14ef9e04d76800ce2844b1dca31f4235139,sell,0x818fc6c2ec5986bc6e2cbf00939d90556ab12ce5,0x7c625c278588971c95a7445adb7e724c8a273607cfa70b02831ab86778a12103
330,104675.505931612,0.018108862526168876,0xa045ea6c97d9f07ce2e5020944ee4c1ffac9f599,2017-10-31T11:12:31.000Z,0.00000017299999999999,0xa36ce14ef9e04d76800ce2844b1dca31f4235139,sell,0x818fc6c2ec5986bc6e2cbf00939d90556ab12ce5,0xa9a35fe4e0dacebc054900b25d491d436160a3a48e5879476d67726896c39e94
331,1395673.4124214933,0.23307745987438938,0xda793ed7ab9bdb45cc8e37888b2583e6d3981a46,2017-10-31T10:42:38.000Z,0.00000016699999999999,0x5acca8e15f3ab7a93e49e77487e1e4e623b94148,sell,0x818fc6c2ec5986bc6e2cbf00939d90556ab12ce5,0x98e912fb7fb993d72ab3c95c5470f4f8a5b4be8dd48ea11a809af1887aaaace4
332,1609195.4,0.2799999996,0x0f80f5b2a3d31010833eb69d9fd173747070ad75,2017-10-31T09:30:13.000Z,0.000000174,0x891e8ebd0430ab4360b7b74996c2aee650a960d9,sell,0x818fc6c2ec5986bc6e2cbf00939d90556ab12ce5,0x4f00bf663dfe4a89cd2b3ca394db00cb36d0ab507fbcd07a4250595957d6b20a
333,1609195.4,0.2799999996,0x0f80f5b2a3d31010833eb69d9fd173747070ad75,2017-10-31T09:29:49.000Z,0.000000174,0x891e8ebd0430ab4360b7b74996c2aee650a960d9,sell,0x818fc6c2ec5986bc6e2cbf00939d90556ab12ce5,0x4f00bf663dfe4a89cd2b3ca394db00cb36d0ab507fbcd07a4250595957d6b20a
334,1000000,0.174,0x6ef0f7362d5beadc1daabd4596a7c89f9dabba82,2017-10-31T09:26:18.000Z,0.000000174,0x1cb5f0297eab6b1a27351c1314b5bc74ee720aa0,buy,0x818fc6c2ec5986bc6e2cbf00939d90556ab12ce5,0xd02be9d1b8b26211435cee198d0bda18f006d4823579fe09cf5b0ff4f31fe0c0
335,140000,0.02436,0x164b1a5b7ddddb868d83f2e28187636a1e03e3b1,2017-10-31T09:18:17.000Z,0.000000174,0x1cb5f0297eab6b1a27351c1314b5bc74ee720aa0,buy,0x818fc6c2ec5986bc6e2cbf00939d90556ab12ce5,0xbc4d6a810e0cbc0f16399dcda17b27a555d72d519b60eb66b2d83a1cec4306f5
336,230000,0.04002,0x9b523cadad9e979617073e444c021bd326b74dbf,2017-10-31T09:17:16.000Z,0.000000174,0x1cb5f0297eab6b1a27351c1314b5bc74ee720aa0,buy,0x818fc6c2ec5986bc6e2cbf00939d90556ab12ce5,0x0520c5a98fa40ee21ba62fafa0c8d09b77cd680a9f1b97c5e4ad3e51afec6550
337,170000,0.02958,0x164b1a5b7ddddb868d83f2e28187636a1e03e3b1,2017-10-31T09:13:08.000Z,0.000000174,0x1cb5f0297eab6b1a27351c1314b5bc74ee720aa0,buy,0x818fc6c2ec5986bc6e2cbf00939d90556ab12ce5,0x38abbb30592949500f3e7117569b8e8bb8fe3b68742d2714762dc24369d6c2e5
338,1431607.0182434453,0.23335194397368159,0xcfd5d60e0f447636f1643cd9b7a9547062cb0863,2017-10-31T08:31:34.000Z,0.00000016299999999999,0xa90ac391020355d06dacbad56d48588734429a81,sell,0x818fc6c2ec5986bc6e2cbf00939d90556ab12ce5,0x010dbea343bf344aff663628b6f5dd4245078e82034ecd1eddeb6aa2625bc544
339,11609195.4,2.0199999996,0x0f80f5b2a3d31010833eb69d9fd173747070ad75,2017-10-31T08:27:56.000Z,0.000000174,0x13e0d86038bc9ff69d0c75098db0755fcf2e3160,sell,0x818fc6c2ec5986bc6e2cbf00939d90556ab12ce5,0x6941410ca3584254cb3efe8547c42b8134292fd459028adeafc0c00e2cf83439
340,140000,0.0245,0xd7dd052ff73d9177f884592814f844a7788787d1,2017-10-31T08:17:54.000Z,0.000000175,0xba39afbbb526fe8f33fb74b04f66984333bddd2d,buy,0x818fc6c2ec5986bc6e2cbf00939d90556ab12ce5,0xbb270b98efed78ffc94447dfcc8ffc9aec4edf7cb75829740e5e4b1d9f56eb7e
341,663763.403,0.121468702749,0xe4df51b64035e8f4bbd379385de3f3e482b45e01,2017-10-31T08:02:35.000Z,0.000000183,0xa045ea6c97d9f07ce2e5020944ee4c1ffac9f599,buy,0x818fc6c2ec5986bc6e2cbf00939d90556ab12ce5,0x39988532eb474ba3ba78a223ef2eb8c53fd01d3bbf188243ebaad62f03b0fd67
342,4000000,0.728,0xe4df51b64035e8f4bbd379385de3f3e482b45e01,2017-10-31T08:02:11.000Z,0.000000182,0x82658e8ec97c64a1acc43b6741681b48182a9042,buy,0x818fc6c2ec5986bc6e2cbf00939d90556ab12ce5,0xbf8f374975f28d3393ea264a6708813e0bb17a945a55618b214fc04373c9938f
343,1.4929848268219958,0.000000259182165787,0xd7dd052ff73d9177f884592814f844a7788787d1,2017-10-31T07:51:16.000Z,0.0000001735999999,0x65a267c7a5f7d345ef0562fb5decb2c1e11668e2,buy,0x818fc6c2ec5986bc6e2cbf00939d90556ab12ce5,0x996d3c4f95dd18e7b42b99ff03e865563025516c154c2b38b481c980948952c6
344,14976.13079784341,0.002599856305008003,0xd7dd052ff73d9177f884592814f844a7788787d1,2017-10-31T07:49:03.000Z,0.0000001735999999,0x65a267c7a5f7d345ef0562fb5decb2c1e11668e2,buy,0x818fc6c2ec5986bc6e2cbf00939d90556ab12ce5,0x57c290375710d42560a62a02064151cd462afaa2cba82efedce4245ffdd7252c
345,2745571,0.480474925,0x470643e9b1f2bbfe3e1cdbffa354c16a4fbfab43,2017-10-31T07:35:34.000Z,0.000000175,0x891e8ebd0430ab4360b7b74996c2aee650a960d9,buy,0x818fc6c2ec5986bc6e2cbf00939d90556ab12ce5,0x89c7e354c1150044db9ec4ca6c48ed4808925b15579bdf5d3cd036c2ff83b143
346,700000,0.1246,0x470643e9b1f2bbfe3e1cdbffa354c16a4fbfab43,2017-10-31T07:33:16.000Z,0.000000178,0x028766e77831ba458cf66e585e6341519706a266,buy,0x818fc6c2ec5986bc6e2cbf00939d90556ab12ce5,0xc5abe1c9f5d70f7301fc515c92850229fc2ddde0da6cfe82618375db90da9194
347,7192464.197757676,1.2586812346075933,0x470643e9b1f2bbfe3e1cdbffa354c16a4fbfab43,2017-10-31T07:32:51.000Z,0.000000175,0x1f30bff0c8296c1c59f184b0ecd2f7e99b2c0d74,buy,0x818fc6c2ec5986bc6e2cbf00939d90556ab12ce5,0x588180ab87a23bceef6ce13f83399e9d7344b87924cdb83ea723c1db9502ad50
348,2404428,0.38470848,0x470643e9b1f2bbfe3e1cdbffa354c16a4fbfab43,2017-10-31T07:32:20.000Z,0.00000016,0x7e3d133519d9f83319315e058d622802f044b4e3,buy,0x818fc6c2ec5986bc6e2cbf00939d90556ab12ce5,0x12231cdcbfa68041b1fe7a558eb9e6fe29fbb33b3ba6a2b2e250f29c36114d03
349,9434991.395673413,1.509598623307746,0xba39afbbb526fe8f33fb74b04f66984333bddd2d,2017-10-31T07:20:05.000Z,0.00000015999999999999,0x0c585336a255dffc91494ec6db739426fd2f03d9,sell,0x818fc6c2ec5986bc6e2cbf00939d90556ab12ce5,0x260dc7d99ec11c7ddc553af36186095540f252d3faa78ff6121ce14402bb3091
350,1000000,0.17,0x8ff6839996b00f42a0be4ea75aa43bad89df7fef,2017-10-31T07:17:33.000Z,0.00000017,0x0c585336a255dffc91494ec6db739426fd2f03d9,sell,0x818fc6c2ec5986bc6e2cbf00939d90556ab12ce5,0x4139c08ddad377d60fdd901188ededaef522ed97037a6755dfedd99f2bc6ba78
351,2000000,0.324,0x5c314d132cdcab623a8c5359e62c029b7ac4c1a6,2017-10-31T07:17:33.000Z,0.000000162,0x0c585336a255dffc91494ec6db739426fd2f03d9,sell,0x818fc6c2ec5986bc6e2cbf00939d90556ab12ce5,0xbd27f8ec32d25b011370a2326d92bda14b92644a9feeba660d839769bb20496b
352,1005464.779,0.162885294198,0xa3b2ceb252ec28d6bb74c78831ebfa56829ff4ed,2017-10-31T05:22:17.000Z,0.000000162,0xd914310e0b5005027554c404d04b9c70f4c17a06,buy,0x818fc6c2ec5986bc6e2cbf00939d90556ab12ce5,0x8b9c294741d47d6c6a8ac491780e7c5e220f85226323aa7ba408f6977c07caec
353,30089808.081,4.633830444474,0x8bf07feb58d62315daa9327c2cf1b8ef0a5fdb1e,2017-10-31T05:20:29.000Z,0.000000154,0xd914310e0b5005027554c404d04b9c70f4c17a06,sell,0x818fc6c2ec5986bc6e2cbf00939d90556ab12ce5,0xdb19d09a499dfd12e37435a16222ce6b229fb4e0824f6ed59d0d90d118b57842
354,1000000,0.15500101,0x93018adddc7ac587d1a1291970f315d53943afd4,2017-10-31T05:19:41.000Z,0.00000015500101,0xd914310e0b5005027554c404d04b9c70f4c17a06,sell,0x818fc6c2ec5986bc6e2cbf00939d90556ab12ce5,0xaa5b36ec2b5b95d642db1d8b889a159b8d7e807009c94a805a10bf6d170fef27
355,2214385.575,0.35873046315,0xa3b2ceb252ec28d6bb74c78831ebfa56829ff4ed,2017-10-31T05:19:41.000Z,0.000000162,0xd914310e0b5005027554c404d04b9c70f4c17a06,buy,0x818fc6c2ec5986bc6e2cbf00939d90556ab12ce5,0x9f1aeb3c21262626b67d3f6c6c1c2d0e04cfbce79ad996e1eb19a7b28dec2cf7
356,999999,0.161999838,0xf8f9d10dec5c6956cc9ac04e7703dd3b2cbf307c,2017-10-31T05:19:24.000Z,0.000000162,0xd914310e0b5005027554c404d04b9c70f4c17a06,sell,0x818fc6c2ec5986bc6e2cbf00939d90556ab12ce5,0x2453c535aed3d7c53ed292e92392a8f068a509e544a803d2b8ef212d6b21c20c
357,2582798.5255137957,0.41841336113323485,0x9f32f405deecb8ef891ef3abef7ae83095b80cfc,2017-10-31T05:19:11.000Z,0.00000016199999999999,0xd914310e0b5005027554c404d04b9c70f4c17a06,sell,0x818fc6c2ec5986bc6e2cbf00939d90556ab12ce5,0x92f26a5e7a5756a8b856211223d16437c19a14497cbc6f31e6a273734ea5c7b1
358,2214385.5745026213,0.3609448486439273,0x1cb5f0297eab6b1a27351c1314b5bc74ee720aa0,2017-10-31T05:17:52.000Z,0.00000016299999999999,0xa3b2ceb252ec28d6bb74c78831ebfa56829ff4ed,sell,0x818fc6c2ec5986bc6e2cbf00939d90556ab12ce5,0xde14056c2c5f56a14344a425ffa74b59e7bf1cee02eb3e2e8d748c5649d49374
359,10003527,1.620571374,0xa3b2ceb252ec28d6bb74c78831ebfa56829ff4ed,2017-10-31T05:09:32.000Z,0.000000162,0xd914310e0b5005027554c404d04b9c70f4c17a06,buy,0x818fc6c2ec5986bc6e2cbf00939d90556ab12ce5,0xa39a48aed67205f8a0bb6f49cee4a6aad3a684b661d38b078f6eb3abe5c7b191
360,2003527,0.324571374,0xa3b2ceb252ec28d6bb74c78831ebfa56829ff4ed,2017-10-31T05:08:08.000Z,0.000000162,0xd914310e0b5005027554c404d04b9c70f4c17a06,buy,0x818fc6c2ec5986bc6e2cbf00939d90556ab12ce5,0x37a717f2b50a053bae0c0d2ba0e1338fa2ef8eac38cfbad177f70c1cc29ed89a
361,2769.4693696687714,0.000458347180680181,0x36a313d72aea756062d97ecf47841ea963c53340,2017-10-31T04:51:43.000Z,0.00000016549999999999,0xe444a40689f51f63bcd29910622035707d533d29,sell,0x818fc6c2ec5986bc6e2cbf00939d90556ab12ce5,0x59cd20d445f57653e81cec0065882a073a4191233ce38bc18ef9ad00530b5fb5
362,1256.2313060817548,0.000238683948155533,0xbfce0f3c8184cf3750e8bfecb321a6366d901825,2017-10-31T04:36:52.000Z,0.00000018999999999999,0x1d5321e125f6c7079a716705541c7b371ca79e69,sell,0x818fc6c2ec5986bc6e2cbf00939d90556ab12ce5,0x0063d6645e544f7945c0d33b2ea023828d5146f8d6feee7c12cb1dd505725b33
363,1260,0.0002205,0x1d5321e125f6c7079a716705541c7b371ca79e69,2017-10-31T04:36:52.000Z,0.000000175,0x1f30bff0c8296c1c59f184b0ecd2f7e99b2c0d74,buy,0x818fc6c2ec5986bc6e2cbf00939d90556ab12ce5,0x0063d6645e544f7945c0d33b2ea023828d5146f8d6feee7c12cb1dd505725b33
364,418740,0.0795606,0xbfce0f3c8184cf3750e8bfecb321a6366d901825,2017-10-31T04:33:52.000Z,0.00000019,0x273a5d3e6721b9f5c1a6474f560c1334c63dda01,sell,0x818fc6c2ec5986bc6e2cbf00939d90556ab12ce5,0x0afd650c0a9c6a73fbbb5c84dc19bf72316b4514330a84c9605fd9241348d997
365,420000,0.0735,0x273a5d3e6721b9f5c1a6474f560c1334c63dda01,2017-10-31T04:33:52.000Z,0.000000175,0x1f30bff0c8296c1c59f184b0ecd2f7e99b2c0d74,buy,0x818fc6c2ec5986bc6e2cbf00939d90556ab12ce5,0x0afd650c0a9c6a73fbbb5c84dc19bf72316b4514330a84c9605fd9241348d997
