,amount,amountBase,buyer,date,price,seller,side,tokenAddr,txHash
0,100000,0.1,0xb47959d3b0b0436be20c0fb8004a97028ca9af43,2017-11-02T15:11:06.000Z,0.000001,0x9db1ee70e0af0baca42d8b3361b032cbe10c4ba8,sell,0xe755f2fa95e47c5588c3037dd38e1268fa5fcecd,0xab65d25eff759161daef7b32e00e6999169d8e7681a954e9121567721480ce7d
1,100000,0.1,0xb47959d3b0b0436be20c0fb8004a97028ca9af43,2017-11-02T15:10:56.000Z,0.000001,0x9db1ee70e0af0baca42d8b3361b032cbe10c4ba8,sell,0xe755f2fa95e47c5588c3037dd38e1268fa5fcecd,0xab65d25eff759161daef7b32e00e6999169d8e7681a954e9121567721480ce7d
2,250,0.0005,0x4fda9e6bcd83af6c5cc771b5d20accc2b7720074,2017-11-02T11:49:55.000Z,0.000002,0xbf8418ea81566519e9ec9f441991bab6e33ecc32,buy,0xe755f2fa95e47c5588c3037dd38e1268fa5fcecd,0x773551a654b8da8f4908d2f2b2fa9b89ef87f90377c5ee9c1fe8bcf32c2577be
3,250,0.0005,0x3075f7f189912f4f425dd7021b9c396434197477,2017-11-02T11:33:36.000Z,0.000002,0xbf8418ea81566519e9ec9f441991bab6e33ecc32,buy,0xe755f2fa95e47c5588c3037dd38e1268fa5fcecd,0xcfc81923a3f4bcaba1555f53d281381e3b11a30b0cdb0f8073e805da893fcb80
4,1990.8284318612302,0.002625902701624962,0x78b0e4933f5b7d90102367e28efcde256998411e,2017-11-01T22:42:13.000Z,0.00000131899999999999,0x63fa66e2ccf2daa40fddd91c6dbc148167a07e80,sell,0xe755f2fa95e47c5588c3037dd38e1268fa5fcecd,0x77603268fcf43ea22383be333d94ab55268beddaab884712f22c6bb853f66570
5,1000,0.00132,0x78b0e4933f5b7d90102367e28efcde256998411e,2017-11-01T22:40:57.000Z,0.00000132,0x63fa66e2ccf2daa40fddd91c6dbc148167a07e80,sell,0xe755f2fa95e47c5588c3037dd38e1268fa5fcecd,0x2194025b91f3719d7b0e4bcb20d650a802789aea39072be5bb540c9dd18bbd5b
6,15000,0.0225,0x56a2e0229a6d0fe6222a851329f63103ff4d8e92,2017-11-01T13:25:27.000Z,0.0000015,0x48b7ec299387f17fb9fd1aea979f33306bae576e,sell,0xe755f2fa95e47c5588c3037dd38e1268fa5fcecd,0x8af89fca80f77878beaf7632a649e2ab35db8a8f6d18111999fd58687b832ac0
7,15000,0.02265,0xc8cd137d8ad0646de03b86316bcf5ecca9e9b401,2017-11-01T13:25:15.000Z,0.00000151,0x48b7ec299387f17fb9fd1aea979f33306bae576e,sell,0xe755f2fa95e47c5588c3037dd38e1268fa5fcecd,0x5740b7fc9832aa4ab82a6bd416c143d74c443d0f6cc09448a810dd50cddd5da2
8,90000,0.0594,0xea77e83c306f3e3f4654e2b2e272306efc94c9bd,2017-11-01T13:24:24.000Z,0.00000066,0x9db1ee70e0af0baca42d8b3361b032cbe10c4ba8,sell,0xe755f2fa95e47c5588c3037dd38e1268fa5fcecd,0x851f6a6250ec53d08d80842874f965ae44c5c864f00a81c7593befb7dc2c3825
9,20000,0.031,0x103bc14cd3401bc48e1c4818e09bf507879025f2,2017-11-01T13:24:24.000Z,0.00000155,0x48b7ec299387f17fb9fd1aea979f33306bae576e,sell,0xe755f2fa95e47c5588c3037dd38e1268fa5fcecd,0x52c2b688c35b15dd0ca4f17787ba23f0f8fc1fb82a7ef33f3d591913ff6b380b
10,15000,0.02265,0xc8cd137d8ad0646de03b86316bcf5ecca9e9b401,2017-11-01T09:01:26.000Z,0.00000151,0x525efb3088eb2d72c686ba82e72c6e0f6484c4e2,sell,0xe755f2fa95e47c5588c3037dd38e1268fa5fcecd,0xd318a5885a620d51751f03ebbf3656fd37bebebf32da4cfb2da205e3af2dce83
11,71286.42,0.09260105958,0xe99865c1d78e7a9a2765520e1fcf30ef18d1067b,2017-10-31T18:40:05.000Z,0.000001299,0x68b4683475747e28a83596e94b58187d452099cf,sell,0xe755f2fa95e47c5588c3037dd38e1268fa5fcecd,0x34bd05ed4ee4a12906745dcdb8774d3e7984ad0b4daa9ada15f9e6ee10134a64
12,3.8781158651724663,0.000005037672508859,0xe99865c1d78e7a9a2765520e1fcf30ef18d1067b,2017-10-31T06:15:15.000Z,0.00000129899999999999,0xffd84530db27cc11d3ebf2b4854e3b2b53609a7e,sell,0xe755f2fa95e47c5588c3037dd38e1268fa5fcecd,0x2ed51c2b4114826f900491074aa31b0717b22f9ac4802678b598f500ad60ec76
13,38901.38024354501,0.05053289293636497,0xe99865c1d78e7a9a2765520e1fcf30ef18d1067b,2017-10-31T06:13:42.000Z,0.00000129899999999999,0xffd84530db27cc11d3ebf2b4854e3b2b53609a7e,sell,0xe755f2fa95e47c5588c3037dd38e1268fa5fcecd,0xa5200f7daeea1e3d274b2c3ef2662b40211b8f64414b8db8ba3083322bfe38d4
14,50000,0.065,0xea77e83c306f3e3f4654e2b2e272306efc94c9bd,2017-10-31T06:10:58.000Z,0.0000013,0xffd84530db27cc11d3ebf2b4854e3b2b53609a7e,sell,0xe755f2fa95e47c5588c3037dd38e1268fa5fcecd,0x4221c38d8c5af049dda4b5bd6e794fd9df261f22140f5603634ea22a5635bb02
15,912,0.001184688,0xe99865c1d78e7a9a2765520e1fcf30ef18d1067b,2017-10-30T15:36:56.000Z,0.000001299,0x3b985dcb066a8e69eb25c2e1ade62579266f6717,sell,0xe755f2fa95e47c5588c3037dd38e1268fa5fcecd,0x7d603c1a875523e4fcdb9966c89c27d23f48f8fafa66a3920f83114955f134c4
16,79972,0.1839356,0xee02095f350042bfe8a981a82246516653bc4858,2017-10-30T14:49:08.000Z,0.0000023,0x708717a2f20af35f5b58f5f3fa49aa6f63677fb9,buy,0xe755f2fa95e47c5588c3037dd38e1268fa5fcecd,0x202d79dc8a3ff25efaf72107e4a61aff9de7b3ba7bb7456965e277d183063e6b
17,35900,0.067492,0xee02095f350042bfe8a981a82246516653bc4858,2017-10-30T14:48:29.000Z,0.00000188,0x48b7ec299387f17fb9fd1aea979f33306bae576e,buy,0xe755f2fa95e47c5588c3037dd38e1268fa5fcecd,0x83ef46190a674db99480efcd8cb216c5aeba52a205d993e289b2eda238825c2e
18,24000.971,0.045073823538,0xee02095f350042bfe8a981a82246516653bc4858,2017-10-30T14:47:50.000Z,0.000001878,0x77aa3fdcd0790bb0688bfad3fdd5a214a5d4555e,buy,0xe755f2fa95e47c5588c3037dd38e1268fa5fcecd,0x43ac2b8d9ea3d0d1cc712244200b3a110e8674eb086f8b259a0d68df0ae9dff2
19,88896.32140364869,0.11547632150333964,0xe99865c1d78e7a9a2765520e1fcf30ef18d1067b,2017-10-30T12:29:09.000Z,0.00000129899999999999,0x90cb967082af265d2a216911948a23822dcd4604,sell,0xe755f2fa95e47c5588c3037dd38e1268fa5fcecd,0xa0d18535a60c187eb9bcac5318c90f80ede72709c533c9bc8db35c6f5b103e55
20,14100,0.026508,0x5055c528b57aa9e48776e557b42f8105154d3f7c,2017-10-30T06:21:28.000Z,0.00000188,0x48b7ec299387f17fb9fd1aea979f33306bae576e,buy,0xe755f2fa95e47c5588c3037dd38e1268fa5fcecd,0xba202d83c8337ad0b5810acf65a8bfd17ed0cdbf8c9d183ca997536ad85684fd
21,20000,0.03778,0x5055c528b57aa9e48776e557b42f8105154d3f7c,2017-10-30T04:41:54.000Z,0.000001889,0x103bc14cd3401bc48e1c4818e09bf507879025f2,buy,0xe755f2fa95e47c5588c3037dd38e1268fa5fcecd,0xb805d3e135bea6db5ace2fb45381fb4eb8194c4f1c60df2b7feba90557fafa4f
22,25708.152,0.038562228,0x47cce6037f4aa5e75c99054a0468f4161362a4a5,2017-10-29T20:08:12.000Z,0.0000015,0xd35cc4db1066b87373c5b83f2a033b4aabb8a1f2,buy,0xe755f2fa95e47c5588c3037dd38e1268fa5fcecd,0x2aeef652d2d82c28c9fc9510db56f3a67b20837c7c108f5a6be205ffa4d922da
23,59171,0.088697329,0x47cce6037f4aa5e75c99054a0468f4161362a4a5,2017-10-29T19:51:07.000Z,0.000001499,0x1fc19d2f4acf535a509bb3e9c3ebde2f18cdc191,buy,0xe755f2fa95e47c5588c3037dd38e1268fa5fcecd,0xc17465abcba9b2f0f31201ad985cac7cfcdf1946ef99cca1f64fbf7c00ad9318
24,5.871736260032341,0.000004562339074045,0x3421c555a64032f3bb56c0f1236138dc88ae4c7f,2017-10-29T02:48:12.000Z,0.00000077699999999997,0x9da4825c6376a22804df7e6824243aa04e12aa3b,sell,0xe755f2fa95e47c5588c3037dd38e1268fa5fcecd,0x6d469d0c44aea0da1c065d656373d99a6ce2727edc611cc89ecb93fa4e4c0120
25,58899.38642438441,0.04576482325174668,0x3421c555a64032f3bb56c0f1236138dc88ae4c7f,2017-10-29T02:47:26.000Z,0.00000077699999999999,0x9da4825c6376a22804df7e6824243aa04e12aa3b,sell,0xe755f2fa95e47c5588c3037dd38e1268fa5fcecd,0x86f073ab54e3612250e102663b8e7a21f2766e2c1e568c643653f344d0578f3f
26,30000,0.02334,0x69bc96509a19ce70f5ddbbe2cdc736ca1fd615ee,2017-10-29T02:45:54.000Z,0.000000778,0x9da4825c6376a22804df7e6824243aa04e12aa3b,sell,0xe755f2fa95e47c5588c3037dd38e1268fa5fcecd,0x0775288d6c400e337e54529b3b5c5699f6799532c8eb25bc5785cd334488ae68
27,228.31050228310502,0.0005,0xe444a40689f51f63bcd29910622035707d533d29,2017-10-28T20:38:16.000Z,0.00000219,0x77aa3fdcd0790bb0688bfad3fdd5a214a5d4555e,buy,0xe755f2fa95e47c5588c3037dd38e1268fa5fcecd,0x7d1f70ae76dcab65860f8b9f635ffdd401addf10746202a910c4a0a8fffa520a
28,228.31050228310502,0.0005,0x34f9560c63078eb61872a4dc2ccd20e21c34feaf,2017-10-28T20:37:27.000Z,0.00000219,0x77aa3fdcd0790bb0688bfad3fdd5a214a5d4555e,buy,0xe755f2fa95e47c5588c3037dd38e1268fa5fcecd,0x2dffa6592f18bfb33c22f5f52a96b0b742f3fd519eb77e036b839f4d8e130533
29,42000,0.094458,0xacc8be0ef84c3f56d28a56d8e421a08e8fd31b6a,2017-10-28T13:42:29.000Z,0.000002249,0x24418ab1b19550b380652432eac1ab37bf3d0fa9,buy,0xe755f2fa95e47c5588c3037dd38e1268fa5fcecd,0x8d8dcbe4ba22c78f33a42123a5fcaa6d5594cc7cb7dee1867445538bf5393765
30,88896.3956956435,0.06667229677173263,0x5055c528b57aa9e48776e557b42f8105154d3f7c,2017-10-28T12:57:50.000Z,0.00000074999999999999,0x4ced2b7d27ac74b0ecb2440d9857ba6c6407149f,sell,0xe755f2fa95e47c5588c3037dd38e1268fa5fcecd,0x42e572eb1e390265a1018c7e80395b6736557322f339daedaa5dc14f5374e5c1
31,9171.975,0.0046777081671975,0x24418ab1b19550b380652432eac1ab37bf3d0fa9,2017-10-28T07:57:06.000Z,0.0000005100001,0x708717a2f20af35f5b58f5f3fa49aa6f63677fb9,sell,0xe755f2fa95e47c5588c3037dd38e1268fa5fcecd,0x4ec4518e619d8b12768bbdf487df1ab868db7c26699c28e4fa53268c64edf04a
32,43567.64906269903,0.04361121671176172,0x29a9a0d0bc443bc67d2c4911a0b5503265039b2d,2017-10-28T07:37:13.000Z,0.00000100099999999999,0xec8f09b8c72fd7befdae53802c18924dac4d4dd2,sell,0xe755f2fa95e47c5588c3037dd38e1268fa5fcecd,0x13ab2898f466fdf57f68df77d11b38ec5b00f45f38d4aaae5fe4f68c9d9750dc
33,24976.592,0.02522635792,0x77aa3fdcd0790bb0688bfad3fdd5a214a5d4555e,2017-10-28T07:36:43.000Z,0.00000101,0xec8f09b8c72fd7befdae53802c18924dac4d4dd2,sell,0xe755f2fa95e47c5588c3037dd38e1268fa5fcecd,0xb826c76a8c8213b2b1dfb88ab8b630dc61db7b2e671db96f699ec7f500c54e90
34,9608.239933904895,0.010569064888119376,0x24418ab1b19550b380652432eac1ab37bf3d0fa9,2017-10-28T07:36:31.000Z,0.00000110000009999999,0xec8f09b8c72fd7befdae53802c18924dac4d4dd2,sell,0xe755f2fa95e47c5588c3037dd38e1268fa5fcecd,0xf4e16c73ebe462ec29d23c88f6ec6ab7b76e3f626b429151235da3c577491eee
35,1495.3643704516,0.001644900957033197,0x24418ab1b19550b380652432eac1ab37bf3d0fa9,2017-10-28T04:39:52.000Z,0.00000110000009999999,0xbd56fe45cafbc7b90619e0b14b65a0a2b5c9da39,sell,0xe755f2fa95e47c5588c3037dd38e1268fa5fcecd,0xd2c08a16006ad6e17d751117094088d03de5afa8af5a9870c2abe624757a0760
36,88896.3956956435,0.09778604415484743,0x24418ab1b19550b380652432eac1ab37bf3d0fa9,2017-10-27T22:31:23.000Z,0.00000110000009999999,0xe2afce384c47a4b12cb7cc1586e237e7693e8142,sell,0xe755f2fa95e47c5588c3037dd38e1268fa5fcecd,0x866c3a0d24509651180b6c68016f5fa620badb11c23ae4652215a520b6186789
37,10209.134,0.0112300474,0x7ff6dade60b697ef9fb6249196f75812b7d26ba2,2017-10-27T07:37:11.000Z,0.0000011,0x3981dfe74adbc3f2b4bd11bfde501f8fc4abbd02,sell,0xe755f2fa95e47c5588c3037dd38e1268fa5fcecd,0x7a010671c6a3756d39423f8d91e38b92d14d71e7f8cec29526832d547d69696b
38,78790.86562095687,0.08666995218305257,0x7ff6dade60b697ef9fb6249196f75812b7d26ba2,2017-10-27T06:56:00.000Z,0.00000109999999999999,0x476e4024213b07d0e37dcfdc196d4b33ff67e39e,sell,0xe755f2fa95e47c5588c3037dd38e1268fa5fcecd,0xc579093f2e5e8d838835a3f500776da882154e3d71341a3264dbcf1f35f0ada6
39,1320.028,0.00398648456,0x910e20a99438d62adce31a7585c1d574def33d3c,2017-10-27T03:51:43.000Z,0.00000302,0x273a5d3e6721b9f5c1a6474f560c1334c63dda01,sell,0xe755f2fa95e47c5588c3037dd38e1268fa5fcecd,0x16cdf4da94dbb2ddaf106685e7299039eb17c5081e1d6b61da38965b71806839
40,1324,0.00331,0x273a5d3e6721b9f5c1a6474f560c1334c63dda01,2017-10-27T03:51:43.000Z,0.0000025,0x44ec8e0665933e78fc6eeceed69fb0556000cace,buy,0xe755f2fa95e47c5588c3037dd38e1268fa5fcecd,0x16cdf4da94dbb2ddaf106685e7299039eb17c5081e1d6b61da38965b71806839
41,0.000000000000393855,0.000000000000000001,0xc09e133652bf8b3338b1368f56829b303e8645b5,2017-10-27T01:04:53.000Z,0.00000253900547155679,0x24418ab1b19550b380652432eac1ab37bf3d0fa9,buy,0xe755f2fa95e47c5588c3037dd38e1268fa5fcecd,0x71bac48a75a7702f869931a5684e73c00792d0c9f2b5f02bec4790b55b7c64a2
42,0.000000000000393855,0.000000000000000001,0xc09e133652bf8b3338b1368f56829b303e8645b5,2017-10-27T01:04:49.000Z,0.00000253900547155679,0x24418ab1b19550b380652432eac1ab37bf3d0fa9,buy,0xe755f2fa95e47c5588c3037dd38e1268fa5fcecd,0xce1af258d1950d4ade84cbc568b756ae00ba0eb6264cf0053306c83d4018ce68
43,1500,0.0038085,0xbd56fe45cafbc7b90619e0b14b65a0a2b5c9da39,2017-10-26T20:15:43.000Z,0.000002539,0x24418ab1b19550b380652432eac1ab37bf3d0fa9,buy,0xe755f2fa95e47c5588c3037dd38e1268fa5fcecd,0x1ed3845a774c6938481e41c68bb24855fbd85dcfcb82d6a9e60e1b636e76efbd
44,10000,0.0102,0x48b7ec299387f17fb9fd1aea979f33306bae576e,2017-10-26T12:49:28.000Z,0.00000102,0x8747499a65278b91f61492ac8207408490858859,sell,0xe755f2fa95e47c5588c3037dd38e1268fa5fcecd,0x345a31d697595e653117709e76950c7eefe079db0f537e9bc6cced714b939c4c
45,3,0.00000525,0x68b4683475747e28a83596e94b58187d452099cf,2017-10-26T10:01:08.000Z,0.00000175,0x242daf62dc3abc87c36aea0b593d223f919e918f,sell,0xe755f2fa95e47c5588c3037dd38e1268fa5fcecd,0xe8d423d809259b4738dcbfa2e7e8e6df403d49642acf723b48778b9eb6f4740b
46,30490.17584817067,0.05335780773429867,0x68b4683475747e28a83596e94b58187d452099cf,2017-10-26T10:00:20.000Z,0.00000174999999999999,0x242daf62dc3abc87c36aea0b593d223f919e918f,sell,0xe755f2fa95e47c5588c3037dd38e1268fa5fcecd,0xa6ae144093df0cbda9f73c8d9b3ece66285e947ecd58191d400c9673a0ba3a68
47,8412.043,0.01556227955,0x68b4683475747e28a83596e94b58187d452099cf,2017-10-26T09:59:11.000Z,0.00000185,0x242daf62dc3abc87c36aea0b593d223f919e918f,sell,0xe755f2fa95e47c5588c3037dd38e1268fa5fcecd,0x5e3be76ccd6e7a8acad66c344d8841ec2d9b1c4642ce1f3957b7c1508500ca09
48,50000,0.093,0x48b7ec299387f17fb9fd1aea979f33306bae576e,2017-10-26T09:38:37.000Z,0.00000186,0x242daf62dc3abc87c36aea0b593d223f919e918f,sell,0xe755f2fa95e47c5588c3037dd38e1268fa5fcecd,0x46d5f2fa2a6223017434ae98066a9767b171ee970cb1fa7c5030762f6290d232
49,1690.5641952945869,0.003127543761294985,0x68b4683475747e28a83596e94b58187d452099cf,2017-10-26T01:38:19.000Z,0.00000184999999999999,0xa8759794f4228712d36297f9ca59368d587657d5,sell,0xe755f2fa95e47c5588c3037dd38e1268fa5fcecd,0x687a02a2e14be16d71b6ad69f53d32898b24c04378704fb000d86554df3470f8
50,8258.922,0.01544418414,0x6d14f642af21d9b7db8047693bd19ce5078a7181,2017-10-26T01:36:28.000Z,0.00000187,0xa8759794f4228712d36297f9ca59368d587657d5,sell,0xe755f2fa95e47c5588c3037dd38e1268fa5fcecd,0x785357d76f6a4de9577d2766a709a8f0148ec440f5939efb15cb2d31ce9161be
51,78897.39260522381,0.14596017631966404,0x68b4683475747e28a83596e94b58187d452099cf,2017-10-25T13:06:23.000Z,0.00000184999999999999,0x557237308a9b335d738a4d805db3c11e74bcca1e,sell,0xe755f2fa95e47c5588c3037dd38e1268fa5fcecd,0x8b6ef534fd0585330f3b915ce54c25e3d208962e7340668b5bf56e4162e5faee
52,10000,0.019,0xd1485955a45100ed31f8e49eaac106892437a1d8,2017-10-25T13:04:40.000Z,0.0000019,0x557237308a9b335d738a4d805db3c11e74bcca1e,sell,0xe755f2fa95e47c5588c3037dd38e1268fa5fcecd,0xcbb951cb783fc902aae0b8e607a6e023e9eab5d065008eccb9a8d7a6558d754c
53,5500,0.0164175,0xea219f98436906326996485d3e1f191d0d5bad6b,2017-10-24T11:20:05.000Z,0.000002985,0xb0c65c0e026ea768803a6001effd769350741793,buy,0xe755f2fa95e47c5588c3037dd38e1268fa5fcecd,0x834e2408d8febadfcb16e3ca32a7800d1d065bb6e782284e9ff60d4cba7d51ce
54,4.969143556480245,0.0000035280919251,0x971f30c325d9924ad472adf0bf98702502baad93,2017-10-24T10:52:52.000Z,0.0000007099999999998,0x120523daa602ef7d8b93d5ac161192b232468d79,sell,0xe755f2fa95e47c5588c3037dd38e1268fa5fcecd,0x8a54bd1b9d8a3a27f6dc7e0b678410e7f626c86fd2d0dcdf07eaf5629b3fc2d2
55,49845.47901505334,0.03539033994616688,0x24418ab1b19550b380652432eac1ab37bf3d0fa9,2017-10-24T10:51:22.000Z,0.00000071000099999999,0x120523daa602ef7d8b93d5ac161192b232468d79,sell,0xe755f2fa95e47c5588c3037dd38e1268fa5fcecd,0xf713b299eb90fb6c1d382354e2978fe64644518ee944cfd7453a16d4005abb53
56,49845.47901505334,0.03539033994616688,0x24418ab1b19550b380652432eac1ab37bf3d0fa9,2017-10-24T10:51:08.000Z,0.00000071000099999999,0x120523daa602ef7d8b93d5ac161192b232468d79,sell,0xe755f2fa95e47c5588c3037dd38e1268fa5fcecd,0xf713b299eb90fb6c1d382354e2978fe64644518ee944cfd7453a16d4005abb53
57,346369.469,0.7966497787,0xaccf27d22bfcdf1cf6588c4b2dc6d438f98b1704,2017-10-23T21:12:47.000Z,0.0000023,0xec8f09b8c72fd7befdae53802c18924dac4d4dd2,sell,0xe755f2fa95e47c5588c3037dd38e1268fa5fcecd,0x687751c4d58ea302ab1ede26df4522a93712466d472d6cce221c7988efc4f52d
58,20000,0.0460002,0x24418ab1b19550b380652432eac1ab37bf3d0fa9,2017-10-23T21:12:47.000Z,0.00000230001,0xec8f09b8c72fd7befdae53802c18924dac4d4dd2,sell,0xe755f2fa95e47c5588c3037dd38e1268fa5fcecd,0x2ab1ade9fe606d42b543945cee4bb0991db22d4e5c5a6d5d6a8357f992cc07c2
59,20000,0.052,0x69bc96509a19ce70f5ddbbe2cdc736ca1fd615ee,2017-10-23T12:54:53.000Z,0.0000026,0xd35cc4db1066b87373c5b83f2a033b4aabb8a1f2,sell,0xe755f2fa95e47c5588c3037dd38e1268fa5fcecd,0x6853ac4aae4182d6f6fca9db45fd15275801ccc8f9d95c0b6934bfbf87559601
60,88630.53069007384,0.20385022058716984,0xaccf27d22bfcdf1cf6588c4b2dc6d438f98b1704,2017-10-23T12:32:30.000Z,0.00000229999999999999,0x01a68a6732b4fe2ed16fcfad83a112e0915fa80a,sell,0xe755f2fa95e47c5588c3037dd38e1268fa5fcecd,0xfe60c097cbb296768105d9d0ffbd914a4e2fe39bec09d726af49e1b0e50cd95f
61,5000,0.01495,0xb2b8caebdd790765d69218483fb1966689bb6bc2,2017-10-23T05:48:44.000Z,0.00000299,0xd35cc4db1066b87373c5b83f2a033b4aabb8a1f2,buy,0xe755f2fa95e47c5588c3037dd38e1268fa5fcecd,0x7343cb7a7148ab774e8f7922aa7cb08ca2d45ae465865a3c8416916bdc6e5a71
62,88896.3956956435,0.22269436085715655,0x24418ab1b19550b380652432eac1ab37bf3d0fa9,2017-10-23T04:44:52.000Z,0.00000250509999999999,0x971652a70c663a359fd0642abef31415d1235bd0,sell,0xe755f2fa95e47c5588c3037dd38e1268fa5fcecd,0x44c1b63a69928fa24b0610d4f426784d47760d2dd3b60b8ed5db3949738e406a
63,99.69095803010667,0.00024973581896122,0x24418ab1b19550b380652432eac1ab37bf3d0fa9,2017-10-23T03:52:38.000Z,0.00000250509999999999,0x7d053385a05276eedcaf706325ae34ae544741a6,sell,0xe755f2fa95e47c5588c3037dd38e1268fa5fcecd,0x6187dad51e4c4038720cf56043b6db07f960804315c774c4d5ca6ed165607ba1
64,303.030303030303,0.001,0x4a57d0208164a1c1c63c75395dc444428a07b50a,2017-10-22T22:03:15.000Z,0.0000033,0xb16da0d9951c986a79b01ace069901e14a1814c6,buy,0xe755f2fa95e47c5588c3037dd38e1268fa5fcecd,0xf0f2f910207fff03ccb0f5795a9d1e3f95f1c5c7f2a395a7fb1ea5af2c11dac0
65,89153.11797478702,0.22332856052684147,0x29a9a0d0bc443bc67d2c4911a0b5503265039b2d,2017-10-22T19:59:14.000Z,0.000002505,0xe068ab6e9d1dc859688ae424ba738b9d6220e97b,buy,0xe755f2fa95e47c5588c3037dd38e1268fa5fcecd,0x471e6e7ac17ab789af3fe37e8ff387d193cba72e21ed6d535c38108c9d399231
66,8.862166852322153,0.000022200614181752,0x24418ab1b19550b380652432eac1ab37bf3d0fa9,2017-10-22T19:29:20.000Z,0.00000250509999999997,0x386bcc85d22dfc704324076afc07ef0bc043e811,sell,0xe755f2fa95e47c5588c3037dd38e1268fa5fcecd,0x616506a87c6121c76812ee6ed28d11349489b9abc57b9bed5f3fe3008d2638fc
67,0.00000000001756487,0.000000000000000044,0x529cc2283c4c8503c792b613a853b09a979bf6b1,2017-10-22T19:27:41.000Z,0.00000250500003700568,0xe068ab6e9d1dc859688ae424ba738b9d6220e97b,buy,0xe755f2fa95e47c5588c3037dd38e1268fa5fcecd,0xacb045c583d78a066460a648a56b68f0ed373c915cc5c0bdd65e68903c8e9a27
68,0.000000177400798403,0.000000000000444389,0x529cc2283c4c8503c792b613a853b09a979bf6b1,2017-10-22T19:26:31.000Z,0.00000250500000000273,0xe068ab6e9d1dc859688ae424ba738b9d6220e97b,buy,0xe755f2fa95e47c5588c3037dd38e1268fa5fcecd,0x121dfc7030a271c710b08c3291282715390724a922eca05c73f0eda96080f645
69,0.001779508077844311,0.000000004457667735,0x529cc2283c4c8503c792b613a853b09a979bf6b1,2017-10-22T19:24:52.000Z,0.000002505,0xe068ab6e9d1dc859688ae424ba738b9d6220e97b,buy,0xe755f2fa95e47c5588c3037dd38e1268fa5fcecd,0xd0b91c84c7f6473e0128b938290b88aade4ec03ffacec8e563a0e72526664fe1
70,88896.3956956435,0.22269436085715655,0x24418ab1b19550b380652432eac1ab37bf3d0fa9,2017-10-22T19:24:52.000Z,0.00000250509999999999,0x386bcc85d22dfc704324076afc07ef0bc043e811,sell,0xe755f2fa95e47c5588c3037dd38e1268fa5fcecd,0xd185c8c8432b9e0f36526fea88c8335bf6bea6e87c3d306ab9d61ae06e93f6d2
71,17.85024552749022,0.000044714865046363,0x529cc2283c4c8503c792b613a853b09a979bf6b1,2017-10-22T19:23:40.000Z,0.000002505,0xe068ab6e9d1dc859688ae424ba738b9d6220e97b,buy,0xe755f2fa95e47c5588c3037dd38e1268fa5fcecd,0x6797b3ede20cce9ffba88ba7568a8cfac9bfc29b5fd8d751164864ad352c3e72
72,29910,0.598801191,0x24418ab1b19550b380652432eac1ab37bf3d0fa9,2017-10-22T14:01:54.000Z,0.0000200201,0x273a5d3e6721b9f5c1a6474f560c1334c63dda01,sell,0xe755f2fa95e47c5588c3037dd38e1268fa5fcecd,0xeec6b81ed399862504aaba144f10a6dc98cf7a46145fbbde1f115d0c7f7b7e50
73,30000,0.11997,0x273a5d3e6721b9f5c1a6474f560c1334c63dda01,2017-10-22T14:01:54.000Z,0.000003999,0x1fc19d2f4acf535a509bb3e9c3ebde2f18cdc191,buy,0xe755f2fa95e47c5588c3037dd38e1268fa5fcecd,0xeec6b81ed399862504aaba144f10a6dc98cf7a46145fbbde1f115d0c7f7b7e50
74,50000,0.174,0x120523daa602ef7d8b93d5ac161192b232468d79,2017-10-22T11:18:59.000Z,0.00000348,0xf522d24a1bce64567eb1e6638c999f553bf1773b,buy,0xe755f2fa95e47c5588c3037dd38e1268fa5fcecd,0x4f1cfe862aa4b6c356a5883e782380dced11405f8b03382dda7962cdc1f3d891
75,50756.62903245579,0.12714535572630176,0xd35cc4db1066b87373c5b83f2a033b4aabb8a1f2,2017-10-22T08:50:07.000Z,0.00000250499999999999,0xbb71615f74a576a44c3e10c81af4fcb9511286c7,sell,0xe755f2fa95e47c5588c3037dd38e1268fa5fcecd,0x9fdd69fc934b4da3a02e15041809f64d13f81b696a0c4ba0c24ce686e8df17f7
76,29000,0.072674,0xedd17bacf188db9099f65210e23f6b1a0593af7d,2017-10-22T08:46:13.000Z,0.000002506,0xbb71615f74a576a44c3e10c81af4fcb9511286c7,sell,0xe755f2fa95e47c5588c3037dd38e1268fa5fcecd,0x49345b47fa585b1f3f2700e3f1216820c99081ae02260779e4d919f79d4e7c23
77,6852,0.027408,0xbf8418ea81566519e9ec9f441991bab6e33ecc32,2017-10-21T18:43:17.000Z,0.000004,0xbbe8a1421d8583194bd959a640cb82225650c748,buy,0xe755f2fa95e47c5588c3037dd38e1268fa5fcecd,0x2d18e408ff0ee3135568eb3daf10c2306596a7eb4a57314af94151a877512e30
78,88896.3956956435,0.22224098923910876,0x085920ba57a4517a4e037e72ad8dceac7947cd49,2017-10-21T14:42:20.000Z,0.00000249999999999999,0x862957250eaab4f00dc7c74ee6827db1eab60ae3,sell,0xe755f2fa95e47c5588c3037dd38e1268fa5fcecd,0x264024e51bb7a1a4adcd1a6c8e955c83ef6420e5c958d2de384f235335e3f141
79,33902.87560791546,0.08479109189539658,0xedd17bacf188db9099f65210e23f6b1a0593af7d,2017-10-21T14:32:26.000Z,0.00000250099999999999,0xc675b35b86a37e2b2cc90c73d0a17ff6cc31ba7f,sell,0xe755f2fa95e47c5588c3037dd38e1268fa5fcecd,0xf9fcc255a40798672aff2f9420003bf257ff400ff2ce712a98e3ba972b08ab06
80,405,0.001012905,0xedd17bacf188db9099f65210e23f6b1a0593af7d,2017-10-21T10:54:26.000Z,0.000002501,0x67f190c96f055634ab5cbc8589217c443a512757,sell,0xe755f2fa95e47c5588c3037dd38e1268fa5fcecd,0x5e6790d8d31a328b059929b0c66bda4f4803bada8663c63e7728d945b5f04912
81,88896.3956956435,0.22224098923910876,0x085920ba57a4517a4e037e72ad8dceac7947cd49,2017-10-21T09:25:15.000Z,0.00000249999999999999,0x2a02904c2d7510a28d184387aab187478182a60b,sell,0xe755f2fa95e47c5588c3037dd38e1268fa5fcecd,0x76e81c2720a84ccd77c844503a416162dea729b7bd0309759e08c26943900762
82,9939.226919112889,0.024848067297782224,0x085920ba57a4517a4e037e72ad8dceac7947cd49,2017-10-21T06:28:15.000Z,0.00000249999999999999,0x037f96a2a6430376cff5cd297cc40c2554f8f7bf,sell,0xe755f2fa95e47c5588c3037dd38e1268fa5fcecd,0xb3bf39895b333c6c5648ccc8a788372f0f1c64e9cc9da6e1dafcf20ab38e8655
83,88895.42418502642,0.20499284817067093,0xedd17bacf188db9099f65210e23f6b1a0593af7d,2017-10-21T04:50:42.000Z,0.00000230599999999999,0x00c99a2bb150909d19ce9ea4e6393a408e35ec82,sell,0xe755f2fa95e47c5588c3037dd38e1268fa5fcecd,0xc90be883aa51aea25b557f17efbf641c1f49390ba17d0c443fa4551936a53328
84,38901.38024354501,0.0897065828416148,0xedd17bacf188db9099f65210e23f6b1a0593af7d,2017-10-21T00:43:41.000Z,0.00000230599999999999,0x6b2e85430cdd04519e0321a9e5b04b5353e4a011,sell,0xe755f2fa95e47c5588c3037dd38e1268fa5fcecd,0xd8a0f966d71f97235acef02c9db28ce21a049c0b38cce2ab8d521a17276efccd
85,50000,0.13050005,0x24418ab1b19550b380652432eac1ab37bf3d0fa9,2017-10-21T00:41:01.000Z,0.000002610001,0x6b2e85430cdd04519e0321a9e5b04b5353e4a011,sell,0xe755f2fa95e47c5588c3037dd38e1268fa5fcecd,0x6ccf0c950ec2f6bea5ec397bdd0b19035abdbb643916363e798efe799831006c
86,6852,0.01788372,0xbbe8a1421d8583194bd959a640cb82225650c748,2017-10-20T10:11:15.000Z,0.00000261,0xa8759794f4228712d36297f9ca59368d587657d5,sell,0xe755f2fa95e47c5588c3037dd38e1268fa5fcecd,0x0f2ebae798c9488ef044700efdb2626ce2ec95e13eac98bda37c0574c17295a4
87,10000,0.0291,0x0fe6090affd0b5ba58586ab18fe575a51911d098,2017-10-20T10:04:42.000Z,0.00000291,0xa8759794f4228712d36297f9ca59368d587657d5,sell,0xe755f2fa95e47c5588c3037dd38e1268fa5fcecd,0x89bc80f0cd2d67a9eb81ea527acfefe9042e363824ce02b4e149d8bb277b2345
88,11103.604,0.0323125980004,0x24418ab1b19550b380652432eac1ab37bf3d0fa9,2017-10-20T09:59:46.000Z,0.0000029101,0xa8759794f4228712d36297f9ca59368d587657d5,sell,0xe755f2fa95e47c5588c3037dd38e1268fa5fcecd,0x30760f8920ad5bd0c02ea72f2441f2a83639f6746f5a8c33f280ecd5bc467f7b
89,88896.3956956435,0.25869740111389217,0x24418ab1b19550b380652432eac1ab37bf3d0fa9,2017-10-20T09:00:20.000Z,0.00000291009999999999,0x1f4adb990573d37d3fe26b75a97e505a33985f4f,sell,0xe755f2fa95e47c5588c3037dd38e1268fa5fcecd,0x266c2fbe04bd008e199bfe1bc7737ee6c7f8b6ee76697c95e538a251f836a96d
90,48900.38333396471,0.1423001155018373,0x915ffa73bc66a598664fdc5d2837d85f3a398653,2017-10-19T19:45:58.000Z,0.00000290999999999999,0xcd0e5ac4cdbce97c7739b419be3420e5e989f2b9,sell,0xe755f2fa95e47c5588c3037dd38e1268fa5fcecd,0x71ae2d216ef2ec798212300edd6d21cdc640b960f582466a683957f9ff56acf0
91,40000,0.118,0xb47959d3b0b0436be20c0fb8004a97028ca9af43,2017-10-19T19:44:38.000Z,0.00000295,0xcd0e5ac4cdbce97c7739b419be3420e5e989f2b9,sell,0xe755f2fa95e47c5588c3037dd38e1268fa5fcecd,0xbb3bb7d0e439ddde40f035934306de2f4298a07bed285491c66c32c3e0ec7774
92,40000,0.118,0xb47959d3b0b0436be20c0fb8004a97028ca9af43,2017-10-19T16:41:50.000Z,0.00000295,0xc1f25d4912807d435924621ad182f6c73c7c300f,sell,0xe755f2fa95e47c5588c3037dd38e1268fa5fcecd,0x14853878824c0456b6e9dd906baa4b876f5f63350a4bf4d3c01a8bbaac1fe3fe
93,50000,0.125,0x24418ab1b19550b380652432eac1ab37bf3d0fa9,2017-10-19T15:10:24.000Z,0.0000025,0x83b7add4d370bdfcd8d0538a81fd71d4c312d849,buy,0xe755f2fa95e47c5588c3037dd38e1268fa5fcecd,0xa80a1a437dac5372ecec2755631524d71fac1922be1cf98f396eb3009a59d2aa
94,39876.38321204267,0.11604027514704417,0x915ffa73bc66a598664fdc5d2837d85f3a398653,2017-10-19T11:31:42.000Z,0.00000290999999999999,0x27a055ac0be1f8104cecb50f39d464e89c944300,sell,0xe755f2fa95e47c5588c3037dd38e1268fa5fcecd,0x1ebe5911f977199d31f71ca0f2c93142f772ec74ada43f6d98fc06f8eeaf7f04
95,8000,0.0336,0xd4504ceded844c0bbdf74de176edbe357995be7d,2017-10-19T08:50:21.000Z,0.0000042,0x818255104e6453a48816cf81f8e9c8ce5055f7a9,buy,0xe755f2fa95e47c5588c3037dd38e1268fa5fcecd,0x972f360a2f8da7f66952ad35ea30e36d724514ee82e3d5c4549f0b2e491994f0
96,17000,0.0493,0xb72264cff2ac0609793799f8e8e97fc42911d177,2017-10-19T06:39:41.000Z,0.0000029,0x83b7add4d370bdfcd8d0538a81fd71d4c312d849,buy,0xe755f2fa95e47c5588c3037dd38e1268fa5fcecd,0x45c0b6cc80fcb873ea425b2b13b52b27f8709c5297bd02529ea801b21af341dd
97,1,0.000004399,0xc675b35b86a37e2b2cc90c73d0a17ff6cc31ba7f,2017-10-19T05:24:01.000Z,0.000004399,0xc2962211e0349ad7e5b0cb6c4d358c1fbfaedae8,buy,0xe755f2fa95e47c5588c3037dd38e1268fa5fcecd,0xb4a995f60dfc024a1d6bc5dc314d484b3367ef3f934b0c8a4d6d8707a8aea9ed
98,1,0.000004299,0x3ac636ac5c3a2576156ac5f10066ca68abe0ad54,2017-10-18T17:57:28.000Z,0.000004299,0x19a42f144849454fdb2b1c956e511ef111bb9017,buy,0xe755f2fa95e47c5588c3037dd38e1268fa5fcecd,0x726dd8c4555355ad6e85a027f0cba84b8483b6d77d5b436410548387ef9c711c
99,116.36025133814289,0.0005,0x379374d13077e8867ef31803c37baf9785a17c00,2017-10-18T15:17:02.000Z,0.000004297,0xf999ad14c7b51ab8d5f4113a686dea8cb8a0169a,buy,0xe755f2fa95e47c5588c3037dd38e1268fa5fcecd,0x1541b8231b004d5466845ed2b06781fcf76b16857fac3d0c64d933fe92a3872b
100,116.36025133814289,0.0005,0xf9695cd65d6dfdf257fab76a3eb0cb8f001971cc,2017-10-18T15:17:02.000Z,0.000004297,0xf999ad14c7b51ab8d5f4113a686dea8cb8a0169a,buy,0xe755f2fa95e47c5588c3037dd38e1268fa5fcecd,0xa75785930fae2d3502fb01e485d3aca608c58ad6bdec913fb2bc8a4357f8805f
101,3000,0.009,0xb72264cff2ac0609793799f8e8e97fc42911d177,2017-10-18T13:57:35.000Z,0.000003,0xc9087108b890f9aee9c5b878c6f062a2b0c730f3,buy,0xe755f2fa95e47c5588c3037dd38e1268fa5fcecd,0x5742030c9864aa9ebc142a5fe0d8866173d411b188a66facb75c33e28d2c2178
102,88896.3956956435,0.22224098923910876,0x915ffa73bc66a598664fdc5d2837d85f3a398653,2017-10-18T06:46:31.000Z,0.00000249999999999999,0xdcc6dc85f4bd7dd69380741889e93be806a4bd70,sell,0xe755f2fa95e47c5588c3037dd38e1268fa5fcecd,0x00817734362a90311c6b6d1e86263efbe2bf25e2a466efb1c59838f437c524b2
103,11675.375,0.03607690875,0x915ffa73bc66a598664fdc5d2837d85f3a398653,2017-10-18T01:54:51.000Z,0.00000309,0xba6f091dc0d6eca7113988772e9844433710d00c,buy,0xe755f2fa95e47c5588c3037dd38e1268fa5fcecd,0x3b499a6e5d44ea5332e6e09bc4e532ad2d6b3fb84993c57d804a6818c9d5faf2
104,638114,1.977515286,0x915ffa73bc66a598664fdc5d2837d85f3a398653,2017-10-18T01:54:19.000Z,0.000003099,0xedf38c384f204a4d7862283e531fabe5e203f26b,buy,0xe755f2fa95e47c5588c3037dd38e1268fa5fcecd,0x0670af3d4d14e43df4a6a233e1364f31d0201291d0137ae502ecf0a12c78ad69
105,32000,0.09888,0x915ffa73bc66a598664fdc5d2837d85f3a398653,2017-10-17T23:19:00.000Z,0.00000309,0xba6f091dc0d6eca7113988772e9844433710d00c,buy,0xe755f2fa95e47c5588c3037dd38e1268fa5fcecd,0xdcb34ce787fca102df9cfe5dd0bce7ccad6e0df41a30aac3ead9d117d7552541
106,161.81229773462783,0.0005,0x42c24a83bded723edfdf5883bc7efb30bc1a1bf3,2017-10-17T19:38:57.000Z,0.00000309,0xba6f091dc0d6eca7113988772e9844433710d00c,buy,0xe755f2fa95e47c5588c3037dd38e1268fa5fcecd,0x2b25e04a44a798d23d70ace3eca6829d5875bb0fe0fa8f706ac37576746041eb
107,88896.3956956435,0.2135291424609357,0xedd17bacf188db9099f65210e23f6b1a0593af7d,2017-10-17T18:48:33.000Z,0.00000240199999999999,0x3b9a1e0841635d231f831a9892530732867e5c3e,sell,0xe755f2fa95e47c5588c3037dd38e1268fa5fcecd,0x26e0457938c45af9b4e5227b056a1de64c7188ee9842c6dce97bc847254299a1
108,88896.3956956435,0.2135291424609357,0xedd17bacf188db9099f65210e23f6b1a0593af7d,2017-10-17T18:19:07.000Z,0.00000240199999999999,0x36791a6a2709455ff6ecd9c7699d490bf815fbce,sell,0xe755f2fa95e47c5588c3037dd38e1268fa5fcecd,0xcd0a97becf1d55d32aa26a1046ec5acf28717d9a4f5c0e742120e75f662063dd
109,1,0.00000309,0x359a434bcd08ddc98f2f0ecbf5990cf922e953e6,2017-10-17T18:03:37.000Z,0.00000309,0xba6f091dc0d6eca7113988772e9844433710d00c,buy,0xe755f2fa95e47c5588c3037dd38e1268fa5fcecd,0xd4d88ae9697a786bee11f2c96b96076e6e3e37cd11cda4b40bb75ab324b92b5f
110,161.81229773462783,0.0005,0x16e5d97bbc92417e051e3b2cabfbf8ceea2acb9c,2017-10-17T17:48:43.000Z,0.00000309,0xba6f091dc0d6eca7113988772e9844433710d00c,buy,0xe755f2fa95e47c5588c3037dd38e1268fa5fcecd,0xda196d331bcc095b22d47fdba6226124d3d5c6db337b3c323a8c09acde4f7bae
111,115299.02203170172,0.2769482509201475,0xedd17bacf188db9099f65210e23f6b1a0593af7d,2017-10-17T17:48:43.000Z,0.00000240199999999999,0xd1be7b2a693cc11badc87c084a8adfb73d518211,sell,0xe755f2fa95e47c5588c3037dd38e1268fa5fcecd,0xeb0e8793c3ff368573e02a56c2fe6cbdb9e218b59f23320e2caa41e3218b528d
112,62500,0.15625,0x818255104e6453a48816cf81f8e9c8ce5055f7a9,2017-10-17T17:47:28.000Z,0.0000025,0xd1be7b2a693cc11badc87c084a8adfb73d518211,sell,0xe755f2fa95e47c5588c3037dd38e1268fa5fcecd,0xd39cdc31c4a08924501ece5c748f605be942fc03f206cbcfc148af99cc9a3e0e
113,45171,0.13957839,0x29a9a0d0bc443bc67d2c4911a0b5503265039b2d,2017-10-17T17:38:44.000Z,0.00000309,0xba6f091dc0d6eca7113988772e9844433710d00c,buy,0xe755f2fa95e47c5588c3037dd38e1268fa5fcecd,0xea72c1c20c97ca7183a58270f1428f36dc3ca240858ff711002bffe12524c56f
114,162678.35577451834,0.3907534105703931,0xedd17bacf188db9099f65210e23f6b1a0593af7d,2017-10-17T13:25:19.000Z,0.00000240199999999999,0xa3410448185301ce9cbd4761cea2d9296adc8812,sell,0xe755f2fa95e47c5588c3037dd38e1268fa5fcecd,0x667f0c8e10b137ada524b6ef961f64e78fb64397d6566414218f8cb731f9413f
115,161.29032258064515,0.0005,0xcd912af5286dc0b0a23edb30209734ecb60838b3,2017-10-17T05:27:09.000Z,0.0000031,0xa3410448185301ce9cbd4761cea2d9296adc8812,buy,0xe755f2fa95e47c5588c3037dd38e1268fa5fcecd,0x00db5845ce3aa4f1c0b209f72bc66adb906a1d5269f4d0a51ef206eec51d9317
116,15572.232153623767,0.03738892940085066,0x0b2de009825eac9a347868b44349aa32e91ef81f,2017-10-16T23:02:31.000Z,0.00000240099999999999,0xc923dac128960f4ac2a54fe4876739a7e365c210,sell,0xe755f2fa95e47c5588c3037dd38e1268fa5fcecd,0x5c9aaa60aa395b45744388b569bc1db05af56eef1334824e9f3d88517715f1db
117,73328.483,0.1833212075,0xdb3ea91f02515c10a597111a2e0392666616ec0c,2017-10-16T23:01:20.000Z,0.0000025,0xc923dac128960f4ac2a54fe4876739a7e365c210,sell,0xe755f2fa95e47c5588c3037dd38e1268fa5fcecd,0xf7932673e238668c42510bb19e73542d3dacf6857004d86372bcd07bdbbe06d9
118,15000,0.0465,0xb72264cff2ac0609793799f8e8e97fc42911d177,2017-10-16T20:53:53.000Z,0.0000031,0xa3410448185301ce9cbd4761cea2d9296adc8812,buy,0xe755f2fa95e47c5588c3037dd38e1268fa5fcecd,0x6d1384dd12b0ccb9208abac9251e782e5aec5b6b92d60639c7ad443d721f3f35
119,51000,0.13005,0xb16da0d9951c986a79b01ace069901e14a1814c6,2017-10-16T15:15:39.000Z,0.00000255,0xa8759794f4228712d36297f9ca59368d587657d5,sell,0xe755f2fa95e47c5588c3037dd38e1268fa5fcecd,0x84d6b7a3b061ff8c45d52300de6373e5a4489f95f29877de4ad7f4d76fa0a305
120,26671.51670005432,0.0666787917501358,0xdb3ea91f02515c10a597111a2e0392666616ec0c,2017-10-16T09:37:17.000Z,0.00000249999999999999,0x9936f714e754601971cafd0f3fd7ab2a9fd1c8f3,sell,0xe755f2fa95e47c5588c3037dd38e1268fa5fcecd,0x8efea11951b7d007760970b395624c6e79b3ac4034697e272f56cc8fc5c06dbb
121,26104.57581497358,0.06787189711893131,0x75c9e853342126318ac5964961e1a18612acd3cc,2017-10-16T04:40:26.000Z,0.00000259999999999999,0x9936f714e754601971cafd0f3fd7ab2a9fd1c8f3,sell,0xe755f2fa95e47c5588c3037dd38e1268fa5fcecd,0x1a7f8adb64b72cd8da1a3a6639d5ac8bad12887c24ac47c62608eb1a4a19bcc6
122,88895.42418502642,0.2311281028810687,0x75c9e853342126318ac5964961e1a18612acd3cc,2017-10-16T04:16:24.000Z,0.00000259999999999999,0x76e059c6ff6bf9fffd5f33afdf4ab2fd511c9df4,sell,0xe755f2fa95e47c5588c3037dd38e1268fa5fcecd,0xfb7d4db26028a147f1d6f454376d85053680b5ac5e6b9af1889868ab6108a56b
123,10106.537605102847,0.0333616806344445,0x24418ab1b19550b380652432eac1ab37bf3d0fa9,2017-10-15T20:32:38.000Z,0.00000330099999999999,0x476e4024213b07d0e37dcfdc196d4b33ff67e39e,sell,0xe755f2fa95e47c5588c3037dd38e1268fa5fcecd,0x1a6e536ad7c90d5b22296927bcdf23c752e3b72eeaa839f2ee4a051a3ec42876
124,997.0666992536474,0.003291317174236289,0x24418ab1b19550b380652432eac1ab37bf3d0fa9,2017-10-15T19:14:37.000Z,0.00000330099999999999,0x243d25fa46782c9bcd20f306894f6774e095cfc5,sell,0xe755f2fa95e47c5588c3037dd38e1268fa5fcecd,0xf8b59d56c1512ad8833256da5363530a75a60f371a602fd15474218a61e6d020
125,21671.91955210071,0.07585171843235249,0x915ffa73bc66a598664fdc5d2837d85f3a398653,2017-10-15T17:42:00.000Z,0.00000349999999999999,0x9936f714e754601971cafd0f3fd7ab2a9fd1c8f3,sell,0xe755f2fa95e47c5588c3037dd38e1268fa5fcecd,0x1a38fb121e5e0bd5205d308f8b2dbe34c16dbfb8ce91e3a3a1148a2e2914b663
126,14353.915,0.05095639825,0x818255104e6453a48816cf81f8e9c8ce5055f7a9,2017-10-15T17:41:49.000Z,0.00000355,0x9936f714e754601971cafd0f3fd7ab2a9fd1c8f3,sell,0xe755f2fa95e47c5588c3037dd38e1268fa5fcecd,0xe143d1fff30717f9e323726e6dcf42c1e18417c4858dbcaaa63934a906bf3f5c
127,17646.084808094907,0.06264360106873691,0x818255104e6453a48816cf81f8e9c8ce5055f7a9,2017-10-15T10:26:03.000Z,0.00000354999999999999,0x5d3c2a23df34c670ea959025f18016b2566f9639,sell,0xe755f2fa95e47c5588c3037dd38e1268fa5fcecd,0x7c935b7a706f4a24ddd1cc0ae356b1225d0d923a919796c5e539830098c1a0bf
128,21256.443,0.075481629093,0x24418ab1b19550b380652432eac1ab37bf3d0fa9,2017-10-15T10:20:27.000Z,0.000003551,0x5d3c2a23df34c670ea959025f18016b2566f9639,sell,0xe755f2fa95e47c5588c3037dd38e1268fa5fcecd,0x9f7dbc5b46d323a9e34086e4620c57bfd8b7012beec4772d7bdc4dd0547f683b
129,0.35665576203563476,0.00000160138437154,0xabdb7a686b22b1716c81aa3fd7685485445e9bbe,2017-10-15T03:24:54.000Z,0.00000449,0x19a42f144849454fdb2b1c956e511ef111bb9017,buy,0xe755f2fa95e47c5588c3037dd38e1268fa5fcecd,0xf41673f91438413c40b9fa4208437b89face4eaa585801b182f7663e61784f88
130,3577.6139489777347,0.016063486630910027,0xabdb7a686b22b1716c81aa3fd7685485445e9bbe,2017-10-15T03:23:33.000Z,0.00000449,0x19a42f144849454fdb2b1c956e511ef111bb9017,buy,0xe755f2fa95e47c5588c3037dd38e1268fa5fcecd,0xdf4a158b813bfc61cb1d361397d910288b02fa901087588631d53e4e329218c4
131,110000,0.495,0xabdb7a686b22b1716c81aa3fd7685485445e9bbe,2017-10-15T03:18:26.000Z,0.0000045,0x3318a522d8f4bf552f7e57961356e4639d77db96,buy,0xe755f2fa95e47c5588c3037dd38e1268fa5fcecd,0x37490af9a1843113e16d521d5ae7b132d8ca4b388c3f3e95880cffa853114522
132,8743.556682562721,0.031048369779780226,0x24418ab1b19550b380652432eac1ab37bf3d0fa9,2017-10-14T22:51:28.000Z,0.00000355099999999999,0x1343ebb4d2abd16db3fc0d8eb7461532346d17c9,sell,0xe755f2fa95e47c5588c3037dd38e1268fa5fcecd,0xfcfcaa41b7e5e80a28a036cd707fdc269ca6d4173906022263e4d46d937c3763
133,9170.801,0.036683204,0xd1485955a45100ed31f8e49eaac106892437a1d8,2017-10-14T20:48:21.000Z,0.000004,0xbb71615f74a576a44c3e10c81af4fcb9511286c7,buy,0xe755f2fa95e47c5588c3037dd38e1268fa5fcecd,0x1e8b10385c957fdebe4e18125cfba802d49da4fc86a7c49ce97a3efbd9780320
134,0.1989398435935,0.000000795759374374,0x29a9a0d0bc443bc67d2c4911a0b5503265039b2d,2017-10-14T19:58:11.000Z,0.000004,0xbb71615f74a576a44c3e10c81af4fcb9511286c7,buy,0xe755f2fa95e47c5588c3037dd38e1268fa5fcecd,0xd1133cf5ad52ea94a353e005c6cb52739090e9a9438a1b2aadb90ca9b26e58e7
135,50000,0.160005,0x24418ab1b19550b380652432eac1ab37bf3d0fa9,2017-10-14T11:23:37.000Z,0.0000032001,0x5d3c2a23df34c670ea959025f18016b2566f9639,sell,0xe755f2fa95e47c5588c3037dd38e1268fa5fcecd,0x58fd89ded810861202fc1999110e1c026fa751a7e230a9faf8af791ee791f865
136,352000,1.4784,0x7ff6dade60b697ef9fb6249196f75812b7d26ba2,2017-10-14T01:55:49.000Z,0.0000042,0x74459b824348d71cba51ba2b7f8b5b4d09e3da8e,sell,0xe755f2fa95e47c5588c3037dd38e1268fa5fcecd,0xed000508263e65a418de59a372db861f9bcd14528d0ab5a8e3b9f85183ba56b8
137,15000,0.0675,0xb72264cff2ac0609793799f8e8e97fc42911d177,2017-10-13T22:35:38.000Z,0.0000045,0x3318a522d8f4bf552f7e57961356e4639d77db96,buy,0xe755f2fa95e47c5588c3037dd38e1268fa5fcecd,0x4de3faac8f5fd603cb7ae4314e2b67c69e62f5975f31cd713f2f6eb1f92dfa2c
138,14744.526,0.1010000031,0x1e5d2feee346afe729c803839c222a3f4414bc9f,2017-10-13T22:35:38.000Z,0.00000685,0xf999ad14c7b51ab8d5f4113a686dea8cb8a0169a,buy,0xe755f2fa95e47c5588c3037dd38e1268fa5fcecd,0xea4cc781fb30ae8af1ef506fc7ee244a76c88197870290555a2b1c088b6ce074
139,138343.949,0.553375796,0x7ff6dade60b697ef9fb6249196f75812b7d26ba2,2017-10-13T22:27:43.000Z,0.000004,0xc5cd3c2191287ac3e25692a03be4d7a4905e4886,buy,0xe755f2fa95e47c5588c3037dd38e1268fa5fcecd,0xd5c1516dfdc989df006685209057914ebc2ac2d26e1aeec6707baa00c8988b7f
140,88896.3956956435,0.355585582782574,0x7ff6dade60b697ef9fb6249196f75812b7d26ba2,2017-10-13T20:58:57.000Z,0.00000399999999999999,0x89c987510a9c671c25b94e02bb7c5a2573348557,sell,0xe755f2fa95e47c5588c3037dd38e1268fa5fcecd,0x3d8643d3852a6706529980e11c1b3500c38c18810fbb45be307dd0228308690e
141,60000,0.24,0x7ff6dade60b697ef9fb6249196f75812b7d26ba2,2017-10-13T20:09:27.000Z,0.000004,0x68b4683475747e28a83596e94b58187d452099cf,sell,0xe755f2fa95e47c5588c3037dd38e1268fa5fcecd,0x45453411f7f687f973b72e272fbffd13e9b4f41f166c666caaa6faaad65d3444
142,39876.38321204267,0.15950553284817068,0x7ff6dade60b697ef9fb6249196f75812b7d26ba2,2017-10-13T19:31:01.000Z,0.00000399999999999999,0xaefe938d19813efca95ca3f4f026517b3dd1344c,sell,0xe755f2fa95e47c5588c3037dd38e1268fa5fcecd,0xe42ae557055c576aaf4bf856d3e54b6ccff176779efca1fa2e690f332a3a9873
143,40000,0.16,0x915ffa73bc66a598664fdc5d2837d85f3a398653,2017-10-13T19:11:41.000Z,0.000004,0xc5cd3c2191287ac3e25692a03be4d7a4905e4886,buy,0xe755f2fa95e47c5588c3037dd38e1268fa5fcecd,0x84a98bea8150b93701948918c66c6b469bd2405173b5fbb3f0e052005c3091d3
144,115238.8666279395,0.46095546651175795,0x7ff6dade60b697ef9fb6249196f75812b7d26ba2,2017-10-13T18:04:16.000Z,0.00000399999999999999,0xd35cc4db1066b87373c5b83f2a033b4aabb8a1f2,sell,0xe755f2fa95e47c5588c3037dd38e1268fa5fcecd,0x26b62dec51648fcc832bf16d40b829e1eb99aab1979e1e50818576268e247d2d
145,78928.29680221314,0.31571318720885255,0x7ff6dade60b697ef9fb6249196f75812b7d26ba2,2017-10-13T17:38:01.000Z,0.00000399999999999999,0x19032f3f478d94585a3ef787e6c8b5734e3e6e50,sell,0xe755f2fa95e47c5588c3037dd38e1268fa5fcecd,0xb4afae8927a18d8ff97be360ae7a7961560af4a9d38bf34525455a73e1221ea0
146,20935.101151240247,0.08374040460496099,0x7ff6dade60b697ef9fb6249196f75812b7d26ba2,2017-10-13T16:48:11.000Z,0.00000399999999999999,0x8d5ebdf9d7107bd8c63e490fe616d4b89184807c,sell,0xe755f2fa95e47c5588c3037dd38e1268fa5fcecd,0x1ece02b2e97fb417d6ebf5a05b3298fccecde286e5b42addffa2699804f508b2
147,17281.123791485163,0.06912449516594064,0x7ff6dade60b697ef9fb6249196f75812b7d26ba2,2017-10-13T16:07:45.000Z,0.00000399999999999999,0x90e543bbe2b020dcf69e06927ca2920750dc211f,sell,0xe755f2fa95e47c5588c3037dd38e1268fa5fcecd,0xd40d32881eb4df45c9878cacf3931e2dab658c9a0012399b9dff9a34fc93943f
148,88896.3956956435,0.355585582782574,0x7ff6dade60b697ef9fb6249196f75812b7d26ba2,2017-10-13T15:42:33.000Z,0.00000399999999999999,0xf00bb9d3819b4343cdaf9558b0c1b48d73e4df60,sell,0xe755f2fa95e47c5588c3037dd38e1268fa5fcecd,0xce3cf26d3d5635ae2ea935539825c1f09a7d4017b6ebac25e5f548f3e37ec15f
149,42061.99272876128,0.2098893437165188,0x75c9e853342126318ac5964961e1a18612acd3cc,2017-10-13T10:09:26.000Z,0.00000499,0xd35cc4db1066b87373c5b83f2a033b4aabb8a1f2,buy,0xe755f2fa95e47c5588c3037dd38e1268fa5fcecd,0xd844fc78b413d2478d7ea16d069518e60a4a7716bc72c3d4928e9ed13e4be755
150,16000,0.07984,0x41d496d95ba5ac3906c74d031f57ab4a9cda23f1,2017-10-13T08:48:44.000Z,0.00000499,0xd35cc4db1066b87373c5b83f2a033b4aabb8a1f2,buy,0xe755f2fa95e47c5588c3037dd38e1268fa5fcecd,0x57291be5a65e46c6da1086d57bc90e45e17834dc15e4773533f0bcf0fb060a6e
151,88896.3956956435,0.2934470021913192,0x24418ab1b19550b380652432eac1ab37bf3d0fa9,2017-10-13T04:01:53.000Z,0.00000330099999999999,0xe85304ffb8705946bec4926c9558d143887d12b1,sell,0xe755f2fa95e47c5588c3037dd38e1268fa5fcecd,0xfaa9f99132c47c3b3ead20db127c6e9bd39de4b9852b992ecfd19e9c34418e61
152,63335,0.3356755,0x915ffa73bc66a598664fdc5d2837d85f3a398653,2017-10-13T03:56:07.000Z,0.0000053,0x243d25fa46782c9bcd20f306894f6774e095cfc5,buy,0xe755f2fa95e47c5588c3037dd38e1268fa5fcecd,0xbe56b7e91e687532f8323afb79979f1717f13a203dd4db4192ee9194da560e97
153,1000,0.0053,0x243d25fa46782c9bcd20f306894f6774e095cfc5,2017-10-13T01:56:53.000Z,0.0000053,0x243d25fa46782c9bcd20f306894f6774e095cfc5,buy,0xe755f2fa95e47c5588c3037dd38e1268fa5fcecd,0x85be7d470db3d25150035733c2af672dfb46910ea32b371b0fb5f3b3dd74b452
154,2000,0.009202,0x971f30c325d9924ad472adf0bf98702502baad93,2017-10-12T10:12:28.000Z,0.000004601,0x8bd914304cc48c90b17ffb27574f93c3ce949310,sell,0xe755f2fa95e47c5588c3037dd38e1268fa5fcecd,0xb79363562d8eb84d083371f9b5764f8011c808535c1f98e789aaa050b7c96ada
155,20000,0.092,0xdbbae39c54992479faac890e81eb4d8579b951d6,2017-10-12T10:04:12.000Z,0.0000046,0x8bd914304cc48c90b17ffb27574f93c3ce949310,sell,0xe755f2fa95e47c5588c3037dd38e1268fa5fcecd,0xc62ac450c7c15c1915080f6496cee03378fbef0bd8be3741ce357f5a01d438c7
156,65747.70758418902,0.3287385379209451,0x915ffa73bc66a598664fdc5d2837d85f3a398653,2017-10-12T10:00:20.000Z,0.00000499999999999999,0x8bd914304cc48c90b17ffb27574f93c3ce949310,sell,0xe755f2fa95e47c5588c3037dd38e1268fa5fcecd,0x29b14ec19d616e329760fa5bb15bcc246989c6e5781508078140549cf4c7dd67
157,86658,0.43329,0xd35cc4db1066b87373c5b83f2a033b4aabb8a1f2,2017-10-12T08:45:15.000Z,0.000005,0x27fc7a4c1c200d8430b6855b1a8c99296a031e84,buy,0xe755f2fa95e47c5588c3037dd38e1268fa5fcecd,0x8c5eb64758395ea7ae827024b48b09aa612fbe8a0384dd8e0252ebb9128d2143
158,34252.29241581099,0.17126146207905493,0x915ffa73bc66a598664fdc5d2837d85f3a398653,2017-10-12T08:43:51.000Z,0.00000499999999999999,0xc6fc6835ce16679c89567c0b33604d1e9a71bf99,sell,0xe755f2fa95e47c5588c3037dd38e1268fa5fcecd,0xe1186008b358f39b8a5e9e748882e96c4a5ed4d14b795cdb16e5df3e2e02c7a8
159,1282.051,0.0099999978,0x243d25fa46782c9bcd20f306894f6774e095cfc5,2017-10-12T02:07:13.000Z,0.0000078,0x243d25fa46782c9bcd20f306894f6774e095cfc5,buy,0xe755f2fa95e47c5588c3037dd38e1268fa5fcecd,0x87ea28f2787963146c5891377b40ed7b0dccb932da5369300191cff7d2889c6b
160,87000,0.400722,0xd35cc4db1066b87373c5b83f2a033b4aabb8a1f2,2017-10-11T23:55:04.000Z,0.000004606,0x7ed213e7e6c107550211116f7f698c34e4345e4b,sell,0xe755f2fa95e47c5588c3037dd38e1268fa5fcecd,0x3d30af79e6e1ae12767118085f05b9a8a7ae838bfed30030bae1443d72a64c8f
161,1500,0.006156,0x8b182a4526944fa498970732a69a95d281c3c8a9,2017-10-11T23:10:46.000Z,0.000004104,0x7ed213e7e6c107550211116f7f698c34e4345e4b,sell,0xe755f2fa95e47c5588c3037dd38e1268fa5fcecd,0xd6a9b7110552a6c0273a047d136efea3024e7e7babda77fe64771d2abb029d09
162,20000,0.09,0xb16da0d9951c986a79b01ace069901e14a1814c6,2017-10-11T17:20:37.000Z,0.0000045,0x90e543bbe2b020dcf69e06927ca2920750dc211f,sell,0xe755f2fa95e47c5588c3037dd38e1268fa5fcecd,0x3b8c87f4a163d4f9116d56420f07379bc33ba432105b68e8e1b0f10fa03bf8ce
163,2513.3607094602476,0.02362559066892633,0x2673b3f5dbdedbbbfaec163c8ed050f4718e0bc3,2017-10-11T12:25:32.000Z,0.0000094,0x27fc7a4c1c200d8430b6855b1a8c99296a031e84,buy,0xe755f2fa95e47c5588c3037dd38e1268fa5fcecd,0x79c1e8b7e19facb54235b53ff9bd4c2309d204283a94bed18a5b018376786768
164,4210.526,0.039999997,0x1add80d013c0d7bd92224ee6a4872f2d03fa13a3,2017-10-11T09:44:00.000Z,0.0000095,0xd68561fab1e913e128edcfddac8b45337e0821a8,buy,0xe755f2fa95e47c5588c3037dd38e1268fa5fcecd,0x9d85a6d0bae883b2cc8757cb1caee6e89e8347265ec58c4888a2ab5037b618d3
165,3,0.0000315,0xbf52f67f8524587d6a7ab1f1f8d092c635b9587f,2017-10-11T09:24:11.000Z,0.0000105,0xc923dac128960f4ac2a54fe4876739a7e365c210,buy,0xe755f2fa95e47c5588c3037dd38e1268fa5fcecd,0xcda5b11afea4dbf205165fc1f40206a5a9f993dca5067eafa2a53aecf2855fc4
166,20000,0.1,0xbb2c8d0c60f4ac5be9f32380706058c973033afc,2017-10-11T09:21:05.000Z,0.000005,0xd68561fab1e913e128edcfddac8b45337e0821a8,sell,0xe755f2fa95e47c5588c3037dd38e1268fa5fcecd,0x1ea2539e1e2e72ce5ffec5989bf6a2b846dabc1fa617da36df61fa17d793c685
167,9906.542,0.1059999994,0xf999ad14c7b51ab8d5f4113a686dea8cb8a0169a,2017-10-11T04:56:19.000Z,0.0000107,0x2429ebff1a4832fcb7a6824e77e1f5bfd5f393fa,buy,0xe755f2fa95e47c5588c3037dd38e1268fa5fcecd,0x61191407ce9f7413958c465fb6bc2e4ad753629eefbb91117abb258762c3385c
168,14000,0.0938,0xb16da0d9951c986a79b01ace069901e14a1814c6,2017-10-11T04:52:17.000Z,0.0000067,0xf999ad14c7b51ab8d5f4113a686dea8cb8a0169a,sell,0xe755f2fa95e47c5588c3037dd38e1268fa5fcecd,0xe27c2dfb646642e2a9c4f6e193de9105ac0da1641a0b333bce6e7ef0c9b51d05
169,427100,2.9897,0xee02095f350042bfe8a981a82246516653bc4858,2017-10-11T02:21:40.000Z,0.000007,0xf124c07cbf9bee82db79462ad5e9d809ca11d02e,sell,0xe755f2fa95e47c5588c3037dd38e1268fa5fcecd,0xd7057d5daf790609ca44dfb7fe4abab1baab3db4c4bf23a6e5c119a3d58a536c
170,5000,0.0385,0xb16da0d9951c986a79b01ace069901e14a1814c6,2017-10-11T01:56:27.000Z,0.0000077,0xf124c07cbf9bee82db79462ad5e9d809ca11d02e,sell,0xe755f2fa95e47c5588c3037dd38e1268fa5fcecd,0xe82014f708d9108753f7474d728b2fa7912cba05aad9ee331867476276c6ea2d
171,24570,0.1855035,0xb6f84c4ad41c44053ce231ae42106de20b6deeb8,2017-10-11T01:52:06.000Z,0.00000755,0xf124c07cbf9bee82db79462ad5e9d809ca11d02e,sell,0xe755f2fa95e47c5588c3037dd38e1268fa5fcecd,0xb254d0caeefa976142a4fbb12f7c1daa5af22044fc5b790180d57f4c8b08123d
172,10000,0.0752,0x69bc96509a19ce70f5ddbbe2cdc736ca1fd615ee,2017-10-11T01:52:06.000Z,0.00000752,0xf124c07cbf9bee82db79462ad5e9d809ca11d02e,sell,0xe755f2fa95e47c5588c3037dd38e1268fa5fcecd,0xce9adb38dfc4a260b8aef771ad1ef360855abaf7fa758a28e0534067ae53d516
173,150000,0.975,0x915ffa73bc66a598664fdc5d2837d85f3a398653,2017-10-11T01:52:06.000Z,0.0000065,0xf124c07cbf9bee82db79462ad5e9d809ca11d02e,sell,0xe755f2fa95e47c5588c3037dd38e1268fa5fcecd,0xffc3a8ee6d0b89016466facd544e0b798793a782923d892640db1e70d3e01733
174,2500,0.02,0xb16da0d9951c986a79b01ace069901e14a1814c6,2017-10-11T01:52:06.000Z,0.000008,0xf124c07cbf9bee82db79462ad5e9d809ca11d02e,sell,0xe755f2fa95e47c5588c3037dd38e1268fa5fcecd,0x22f5e8b78270f682e8f7a24c0d58049dbe41aabe473ad8b3ac37807ca3889d33
175,15000,0.1005,0xb16da0d9951c986a79b01ace069901e14a1814c6,2017-10-11T01:52:06.000Z,0.0000067,0xf124c07cbf9bee82db79462ad5e9d809ca11d02e,sell,0xe755f2fa95e47c5588c3037dd38e1268fa5fcecd,0x67d114651701517c17578c1a2e9c6db57157b26109bed42fcaefd345e9d45f6c
176,12000,0.108,0x41d496d95ba5ac3906c74d031f57ab4a9cda23f1,2017-10-11T01:51:04.000Z,0.000009,0xf124c07cbf9bee82db79462ad5e9d809ca11d02e,sell,0xe755f2fa95e47c5588c3037dd38e1268fa5fcecd,0xbff7e05c6efe8f96ee2cd2d2eff20e4840b6958f16cfaa4fb6d0814c3c9cba8f
177,11644,0.1059604,0xb16da0d9951c986a79b01ace069901e14a1814c6,2017-10-11T01:50:35.000Z,0.0000091,0xf124c07cbf9bee82db79462ad5e9d809ca11d02e,sell,0xe755f2fa95e47c5588c3037dd38e1268fa5fcecd,0x518091a54247cbfdad7a6c2158957bdd09352d72a5171f4844be2b7540036992
178,47000,0.427794,0x243d25fa46782c9bcd20f306894f6774e095cfc5,2017-10-11T01:50:21.000Z,0.000009102,0xf124c07cbf9bee82db79462ad5e9d809ca11d02e,sell,0xe755f2fa95e47c5588c3037dd38e1268fa5fcecd,0xda0d02e2dccec7a9074fb194f53a36cf53d53c16d13c8d4f5f38d81e508055da
179,13000,0.13,0xbb2c8d0c60f4ac5be9f32380706058c973033afc,2017-10-11T01:17:32.000Z,0.00001,0x15033b62867562f47c0085ba61116a244610ac2c,sell,0xe755f2fa95e47c5588c3037dd38e1268fa5fcecd,0xed5618c4bd57823bf2e3da570f7ab85f28249ecc606b8434d20cd1c76afc27a1
180,2,0.00098,0x15033b62867562f47c0085ba61116a244610ac2c,2017-10-11T01:12:27.000Z,0.00049,0x15033b62867562f47c0085ba61116a244610ac2c,buy,0xe755f2fa95e47c5588c3037dd38e1268fa5fcecd,0x5d930042e023bae051dc0c98166151a29678a4aa3cd004836aea17394041aae7
181,10,0.001,0x15033b62867562f47c0085ba61116a244610ac2c,2017-10-11T01:11:56.000Z,0.0001,0x15033b62867562f47c0085ba61116a244610ac2c,buy,0xe755f2fa95e47c5588c3037dd38e1268fa5fcecd,0x0ba281c01b46a65bfe4d7d450d48c716fc97f873855d093c57f29b22de380440
182,1000,0.01,0xbb2c8d0c60f4ac5be9f32380706058c973033afc,2017-10-11T01:07:15.000Z,0.00001,0x15033b62867562f47c0085ba61116a244610ac2c,sell,0xe755f2fa95e47c5588c3037dd38e1268fa5fcecd,0x3b0833d66816cd14c4e1db8b25d304fd11b7ab0eb5a809ec971a02b3edb86dcc
183,12000,0.156,0x41d496d95ba5ac3906c74d031f57ab4a9cda23f1,2017-10-11T00:21:25.000Z,0.000013,0xb16da0d9951c986a79b01ace069901e14a1814c6,buy,0xe755f2fa95e47c5588c3037dd38e1268fa5fcecd,0xc58d5a9776d48605b1f0517eaea71e03cdb959ac7f385e6918149775c9fbf174
184,76771.97,0.959649625,0xbb2c8d0c60f4ac5be9f32380706058c973033afc,2017-10-10T23:41:55.000Z,0.0000125,0x5740241812f338b0650d59ff2c40c2f82792cba0,buy,0xe755f2fa95e47c5588c3037dd38e1268fa5fcecd,0x2b51b357e03a0f36e4665a6ece5ef13c5e773883115aa8163f4b08b5ebd4cc8c
185,10000,0.125,0x41d496d95ba5ac3906c74d031f57ab4a9cda23f1,2017-10-10T23:33:53.000Z,0.0000125,0x5740241812f338b0650d59ff2c40c2f82792cba0,buy,0xe755f2fa95e47c5588c3037dd38e1268fa5fcecd,0xc4daf1872b1f0da605341f5102662d0508748e7dfe0f26802893e3a81bb05340
186,2400,0.03,0x243d25fa46782c9bcd20f306894f6774e095cfc5,2017-10-10T22:45:44.000Z,0.0000125,0x5740241812f338b0650d59ff2c40c2f82792cba0,buy,0xe755f2fa95e47c5588c3037dd38e1268fa5fcecd,0x82614cf6555e8ad0d836c8553bd545666d21f856fb8958bee43de03360712d8c
187,7000,0.084,0x243d25fa46782c9bcd20f306894f6774e095cfc5,2017-10-10T22:44:40.000Z,0.000012,0xb16da0d9951c986a79b01ace069901e14a1814c6,buy,0xe755f2fa95e47c5588c3037dd38e1268fa5fcecd,0x24ff45f5f536d9c9d7087109c63418cc2beb03cfeb7cf9981e2198317583c0c7
188,10000,0.136,0xf124c07cbf9bee82db79462ad5e9d809ca11d02e,2017-10-10T21:34:04.000Z,0.0000136,0xb6f84c4ad41c44053ce231ae42106de20b6deeb8,buy,0xe755f2fa95e47c5588c3037dd38e1268fa5fcecd,0x6abd4b9875cb69804fb470174cea0d787c4bebb55af6bd20e3c40c0c6597614a
189,8975.184800163059,0.06731388600122294,0xee02095f350042bfe8a981a82246516653bc4858,2017-10-10T21:25:57.000Z,0.00000749999999999999,0xa87a6017687f5d7607a4dde37624fa8eec9b0d45,sell,0xe755f2fa95e47c5588c3037dd38e1268fa5fcecd,0x1d426b157616bc88c38022e7d86f7824b7d43a75dec359d8b8b09beaf35bdaf9
190,89171.9,0.95413933,0xf124c07cbf9bee82db79462ad5e9d809ca11d02e,2017-10-10T21:04:10.000Z,0.0000107,0x22ec4ee325e11e1dd26696ec4e24a762c5b2ebb3,buy,0xe755f2fa95e47c5588c3037dd38e1268fa5fcecd,0x294719fd91cad741702d028f3aed83be6c1a92a4d75ce3aa04a193f681ccd797
191,1000,0.0098,0xf124c07cbf9bee82db79462ad5e9d809ca11d02e,2017-10-10T21:04:10.000Z,0.0000098,0x971f30c325d9924ad472adf0bf98702502baad93,buy,0xe755f2fa95e47c5588c3037dd38e1268fa5fcecd,0x02d872cc2030f85ad9b2d65cbfddb45dfac31f5ca86fd868616822ece2bb47a2
192,25489,0.2115587,0xf124c07cbf9bee82db79462ad5e9d809ca11d02e,2017-10-10T21:03:50.000Z,0.0000083,0x5028a21dc159fe5eca16bc6a7676ebb2c8bfcb12,buy,0xe755f2fa95e47c5588c3037dd38e1268fa5fcecd,0xa6211f312cda46b0a5c0719d18609efe166bbfb9fe97ac57cb4726ad9cf8e884
193,420.892,0.003998474,0xf124c07cbf9bee82db79462ad5e9d809ca11d02e,2017-10-10T20:47:19.000Z,0.0000095,0xcfe90adac3c00fd9b89fc7f68ec2380366fdf65e,buy,0xe755f2fa95e47c5588c3037dd38e1268fa5fcecd,0x960a81a492ccb7f3faf35415bdac8a61b8bfadcc0bd9cf913a6862a83af48960
194,89170,0.864949,0xf124c07cbf9bee82db79462ad5e9d809ca11d02e,2017-10-10T20:47:19.000Z,0.0000097,0x13159dbf8162bc63874a2ebaf947584abdbbf63b,buy,0xe755f2fa95e47c5588c3037dd38e1268fa5fcecd,0xf10ecc1dc60fe45886bf7848b1e0da2b191e02ef3c1d357ca6be32bf32314218
195,14171,0.1204535,0xf124c07cbf9bee82db79462ad5e9d809ca11d02e,2017-10-10T20:44:08.000Z,0.0000085,0xb16da0d9951c986a79b01ace069901e14a1814c6,buy,0xe755f2fa95e47c5588c3037dd38e1268fa5fcecd,0xd6f202a03101cc14eb99a570c288920bd223007f5abc46e84b5cb73ad9c3cc72
196,89171,0.7936219,0xf124c07cbf9bee82db79462ad5e9d809ca11d02e,2017-10-10T20:43:42.000Z,0.0000089,0x668941ca259b71df2d3efe46cef55e028e9d5ecb,buy,0xe755f2fa95e47c5588c3037dd38e1268fa5fcecd,0xd99e2392083575e130ebd2bd2f4b94e32a79ae82bff65e126402e041e9588b10
197,40000,0.3596,0xf124c07cbf9bee82db79462ad5e9d809ca11d02e,2017-10-10T20:43:27.000Z,0.00000899,0x3421c555a64032f3bb56c0f1236138dc88ae4c7f,buy,0xe755f2fa95e47c5588c3037dd38e1268fa5fcecd,0xe129032fbb76bbf017f625c7cb280adb75e5bdbec9adf64e9ee56e6d96a91557
198,267515,2.407635,0xf124c07cbf9bee82db79462ad5e9d809ca11d02e,2017-10-10T20:41:52.000Z,0.000009,0x86c5369ff1c20528ba1cf7233d86f52135a76ffc,buy,0xe755f2fa95e47c5588c3037dd38e1268fa5fcecd,0x2c7df00a4de2046f91d35e50fb1d5b9663b405b34cc954cb9a0c07581f7c0902
199,13560,0.1017,0xf124c07cbf9bee82db79462ad5e9d809ca11d02e,2017-10-10T20:16:53.000Z,0.0000075,0xfd6f43565157ca31a3ec1d87fce4e0658770c8c6,buy,0xe755f2fa95e47c5588c3037dd38e1268fa5fcecd,0x396627af65403d74842d020b526696d30863139a81d2313fa8a7c6cd7592e524
200,49000,0.4067,0xf124c07cbf9bee82db79462ad5e9d809ca11d02e,2017-10-10T20:05:31.000Z,0.0000083,0xf1527fd87461f89831ba9fc0d04e28c7dcbcb686,buy,0xe755f2fa95e47c5588c3037dd38e1268fa5fcecd,0xb3ce906b071d34bd11379981dd0ed8ffc7e2b4981e37cd300cb1c553dd53c56e
201,39171.974,0.313375792,0xf124c07cbf9bee82db79462ad5e9d809ca11d02e,2017-10-10T19:58:03.000Z,0.000008,0x069878d5f997b014843e67cd50e07290b0f66368,buy,0xe755f2fa95e47c5588c3037dd38e1268fa5fcecd,0x9f751ffaacc0abd173242d8a04327081a749d8c14a6704a06d9c7d624f81096a
202,36341,0.28891095,0xf124c07cbf9bee82db79462ad5e9d809ca11d02e,2017-10-10T19:51:14.000Z,0.00000795,0xef726ab7db9d3c03db97508db6cd902621401dc9,buy,0xe755f2fa95e47c5588c3037dd38e1268fa5fcecd,0x6d32efa434b792d6e13ed7028dab7faefd77b10f3954eeb48ea97a696f17d43a
203,26085.911,0.20686127423,0xf124c07cbf9bee82db79462ad5e9d809ca11d02e,2017-10-10T19:50:58.000Z,0.00000793,0x5028a21dc159fe5eca16bc6a7676ebb2c8bfcb12,buy,0xe755f2fa95e47c5588c3037dd38e1268fa5fcecd,0x1bea330816fd6da89404419c0ed0433e1d74e39522f4394cae24d665fb8963e1
204,11257.145,0.0844285875,0xf124c07cbf9bee82db79462ad5e9d809ca11d02e,2017-10-10T19:47:14.000Z,0.0000075,0x5028a21dc159fe5eca16bc6a7676ebb2c8bfcb12,buy,0xe755f2fa95e47c5588c3037dd38e1268fa5fcecd,0xd90d0591b948bf19170fb65cccaf4903d7fca50bbfb3b2b7859d73471ff8dee8
205,16981.255,0.132453789,0xf124c07cbf9bee82db79462ad5e9d809ca11d02e,2017-10-10T19:46:38.000Z,0.0000078,0x5028a21dc159fe5eca16bc6a7676ebb2c8bfcb12,buy,0xe755f2fa95e47c5588c3037dd38e1268fa5fcecd,0x49276a7e4ae8c2af98ebdd148d273c9e5ca9bb5df484dafb27d90816c58c71bd
206,27380,0.15059,0xf124c07cbf9bee82db79462ad5e9d809ca11d02e,2017-10-10T19:35:05.000Z,0.0000055,0x2cf9930751564111fc9aa3e58a0aff12f56edc2b,buy,0xe755f2fa95e47c5588c3037dd38e1268fa5fcecd,0x054a57f768d2c3bc087388a1f474d47c7001d9d6e166e669a1e68b0075e00b6b
207,9357.668,0.060824842,0x915ffa73bc66a598664fdc5d2837d85f3a398653,2017-10-10T12:56:48.000Z,0.0000065,0x5028a21dc159fe5eca16bc6a7676ebb2c8bfcb12,buy,0xe755f2fa95e47c5588c3037dd38e1268fa5fcecd,0x34a98a26cc4b1b322f3ff5d3e16315c2ec98acc24c32e55a4b3018cc1059de49
208,16875.159,0.101250954,0x915ffa73bc66a598664fdc5d2837d85f3a398653,2017-10-10T12:56:45.000Z,0.000006,0x2cf9930751564111fc9aa3e58a0aff12f56edc2b,buy,0xe755f2fa95e47c5588c3037dd38e1268fa5fcecd,0x2e5e63a4ce89b1cf7547800c420c825185696c22c5df2d8a784e681464487736
209,13658.981,0.0860515803,0x915ffa73bc66a598664fdc5d2837d85f3a398653,2017-10-10T12:56:45.000Z,0.0000063,0x2cf9930751564111fc9aa3e58a0aff12f56edc2b,buy,0xe755f2fa95e47c5588c3037dd38e1268fa5fcecd,0x344412474034f6bbff417619ee68dc4ac51846f31efd91b11befc77e04b3e6c7
210,12449.678,0.0647383256,0x915ffa73bc66a598664fdc5d2837d85f3a398653,2017-10-10T12:56:45.000Z,0.0000052,0x2cf9930751564111fc9aa3e58a0aff12f56edc2b,buy,0xe755f2fa95e47c5588c3037dd38e1268fa5fcecd,0xf2c079bc2ff3dc572a113f799aeef25daf275713de8115557d136f5ace772f66
211,12657.21,0.06328605,0x915ffa73bc66a598664fdc5d2837d85f3a398653,2017-10-10T12:56:45.000Z,0.000005,0x2cf9930751564111fc9aa3e58a0aff12f56edc2b,buy,0xe755f2fa95e47c5588c3037dd38e1268fa5fcecd,0xb5ddcb372eab024eafca8bd3faa45b187ef6eca69cfd86f30d47962292505a45
212,80006.9534443226,0.3600312904994517,0xf124c07cbf9bee82db79462ad5e9d809ca11d02e,2017-10-10T12:34:59.000Z,0.00000449999999999999,0x462b2928a89e941622445e8025e58e23cc2829e8,sell,0xe755f2fa95e47c5588c3037dd38e1268fa5fcecd,0x42390eefcfbdac3788ff1b4c542e70dffabbfb8ac4a232464faf132667aa3203
213,3926.444,0.017668998,0x29a9a0d0bc443bc67d2c4911a0b5503265039b2d,2017-10-10T12:22:52.000Z,0.0000045,0x2cf9930751564111fc9aa3e58a0aff12f56edc2b,buy,0xe755f2fa95e47c5588c3037dd38e1268fa5fcecd,0x1843c95c5c426f5d041f76fda29a834d86d2d0c31136938c5b3b9c13addb1cc7
214,57750,0.259875,0xf124c07cbf9bee82db79462ad5e9d809ca11d02e,2017-10-10T12:22:41.000Z,0.0000045,0x0e14740926471137b571c090d625dd7123a307d7,sell,0xe755f2fa95e47c5588c3037dd38e1268fa5fcecd,0x05f39a6098580cb8c075147ff6c5ee66306b0acdafdd0040990add53a55915a0
215,25000,0.115,0x915ffa73bc66a598664fdc5d2837d85f3a398653,2017-10-10T12:21:02.000Z,0.0000046,0x0e14740926471137b571c090d625dd7123a307d7,sell,0xe755f2fa95e47c5588c3037dd38e1268fa5fcecd,0x43aafd7b7a796c53b0a5b48545aacc0ace392d1e3ee609185a192febcbdfa4cc
216,2222.222,0.009999999,0x90e543bbe2b020dcf69e06927ca2920750dc211f,2017-10-10T10:59:31.000Z,0.0000045,0x2cf9930751564111fc9aa3e58a0aff12f56edc2b,buy,0xe755f2fa95e47c5588c3037dd38e1268fa5fcecd,0x92df2e1d1b792cbb9749e945938f08978dd98de8160de17d85dd909515b9bb34
217,52830.189,0.42000000255,0xc843a5a96059eb67ae2bea649f6cbe4aa803a684,2017-10-10T06:55:39.000Z,0.00000795,0xef726ab7db9d3c03db97508db6cd902621401dc9,buy,0xe755f2fa95e47c5588c3037dd38e1268fa5fcecd,0x20ad9c0081521d369ab227d670b09aa14c18147d0008ee7de3f797e595323e43
218,50000,0.425,0xc843a5a96059eb67ae2bea649f6cbe4aa803a684,2017-10-10T06:08:02.000Z,0.0000085,0x069878d5f997b014843e67cd50e07290b0f66368,buy,0xe755f2fa95e47c5588c3037dd38e1268fa5fcecd,0x667b2cdb685efdc7ed9fedfa8371f60b3fc94ee55635459d15df54c6d057db13
219,10029.012,0.07511729988,0xc843a5a96059eb67ae2bea649f6cbe4aa803a684,2017-10-10T06:07:55.000Z,0.00000749,0xf26a55ed2bcdef30f8582b8eadb3600da4397190,buy,0xe755f2fa95e47c5588c3037dd38e1268fa5fcecd,0x5a2549d23f11813fe96b97b5f18b3dade805a537d64293910f439d77cfc66620
220,86783.271,0.64653536895,0xc843a5a96059eb67ae2bea649f6cbe4aa803a684,2017-10-10T06:02:48.000Z,0.00000745,0x818255104e6453a48816cf81f8e9c8ce5055f7a9,buy,0xe755f2fa95e47c5588c3037dd38e1268fa5fcecd,0x5d58690fb7e25ed22951c79c3ce6c542b3db2866f7790ac99189304639ad5592
221,22436.531,0.16692779064,0xc843a5a96059eb67ae2bea649f6cbe4aa803a684,2017-10-10T06:01:42.000Z,0.00000744,0xfd6f43565157ca31a3ec1d87fce4e0658770c8c6,buy,0xe755f2fa95e47c5588c3037dd38e1268fa5fcecd,0x13ffcf663f887bc7e010caa58489116742fcbbfa0d38bcc00bd624a0e57eafe7
222,20003.582,0.14762643516,0xc843a5a96059eb67ae2bea649f6cbe4aa803a684,2017-10-10T06:01:02.000Z,0.00000738,0xfd6f43565157ca31a3ec1d87fce4e0658770c8c6,buy,0xe755f2fa95e47c5588c3037dd38e1268fa5fcecd,0x24c47f1c06aba4ef2f3d627ea9f8782be44caea8740a4cc710185c85c1340afe
223,89000,0.64881,0xc843a5a96059eb67ae2bea649f6cbe4aa803a684,2017-10-10T06:01:01.000Z,0.00000729,0xd35cc4db1066b87373c5b83f2a033b4aabb8a1f2,buy,0xe755f2fa95e47c5588c3037dd38e1268fa5fcecd,0x3413827ca3de6c00cfd2723b2cac5541990aa13d31277647f8036058d2dab963
224,89000,0.65771,0xc843a5a96059eb67ae2bea649f6cbe4aa803a684,2017-10-10T05:48:54.000Z,0.00000739,0xd35cc4db1066b87373c5b83f2a033b4aabb8a1f2,buy,0xe755f2fa95e47c5588c3037dd38e1268fa5fcecd,0xda668958797b520dae224779b5d64e9c3248145a8c2a3e4daf9b0b91b56ba3b3
225,9171.376,0.050442568,0xc843a5a96059eb67ae2bea649f6cbe4aa803a684,2017-10-10T05:48:11.000Z,0.0000055,0xfd6f43565157ca31a3ec1d87fce4e0658770c8c6,buy,0xe755f2fa95e47c5588c3037dd38e1268fa5fcecd,0xd0fc274409dcc653aaae1a06351f7a279e65c0cb4fef59951287cb69b045b1c8
226,23999.165,0.1771138377,0xc843a5a96059eb67ae2bea649f6cbe4aa803a684,2017-10-10T05:48:11.000Z,0.00000738,0xfd6f43565157ca31a3ec1d87fce4e0658770c8c6,buy,0xe755f2fa95e47c5588c3037dd38e1268fa5fcecd,0x8387bab2272ce29637a5a318f2044fda4bda0e8696e63bf7352b6b8045fd9bac
227,0.000000002366577181,0.000000000000017631,0xc843a5a96059eb67ae2bea649f6cbe4aa803a684,2017-10-10T05:44:29.000Z,0.00000745000000065495,0x818255104e6453a48816cf81f8e9c8ce5055f7a9,buy,0xe755f2fa95e47c5588c3037dd38e1268fa5fcecd,0x07b25d29ba078738515d2e90cb771d2727de4ad351ad710cb64859abb478934b
228,0.000023738629395973,0.000000000176852789,0xc843a5a96059eb67ae2bea649f6cbe4aa803a684,2017-10-10T05:40:01.000Z,0.00000745000000000004,0x818255104e6453a48816cf81f8e9c8ce5055f7a9,buy,0xe755f2fa95e47c5588c3037dd38e1268fa5fcecd,0x8098f36f8246e82882c0eeca480aa7d02d0e931b7d477f9fc76100e061656bc6
229,0.2274372202479487,0.000001774010317934,0xc843a5a96059eb67ae2bea649f6cbe4aa803a684,2017-10-10T05:35:32.000Z,0.0000078,0xf26a55ed2bcdef30f8582b8eadb3600da4397190,buy,0xe755f2fa95e47c5588c3037dd38e1268fa5fcecd,0x550fcd9975053b039b13ff65ccaaa6c7559dcb8610945836048ac10af4006616
230,2388.603691166896,0.017795097499193377,0xc843a5a96059eb67ae2bea649f6cbe4aa803a684,2017-10-10T05:33:38.000Z,0.00000745,0x818255104e6453a48816cf81f8e9c8ce5055f7a9,buy,0xe755f2fa95e47c5588c3037dd38e1268fa5fcecd,0xc4067e7c15b8e741b197b3faf6246bd1bc90b6bbe4ba9711a6059fd14a45dbf0
231,3035.6,0.018274312,0xc9087108b890f9aee9c5b878c6f062a2b0c730f3,2017-10-10T03:32:56.000Z,0.00000602,0xf26a55ed2bcdef30f8582b8eadb3600da4397190,sell,0xe755f2fa95e47c5588c3037dd38e1268fa5fcecd,0x89c312311a562cac5bfd78fb2a15787e0284bab7a0a7acc91cf1f3d88f09a9c2
232,20000,0.12042,0x29a9a0d0bc443bc67d2c4911a0b5503265039b2d,2017-10-10T03:32:37.000Z,0.000006021,0xf26a55ed2bcdef30f8582b8eadb3600da4397190,sell,0xe755f2fa95e47c5588c3037dd38e1268fa5fcecd,0x68d7ad2840455a70b1cf4454b468bc0d557ce2433aef4d4c6001db9275334dc3
233,23198,0.154637868,0xd35cc4db1066b87373c5b83f2a033b4aabb8a1f2,2017-10-10T03:27:19.000Z,0.000006666,0xf26a55ed2bcdef30f8582b8eadb3600da4397190,sell,0xe755f2fa95e47c5588c3037dd38e1268fa5fcecd,0x604b333b9364c169610db6fd283d63eb8d9b748106c9fe606e55da6c2e6aeec4
234,9322.417,0.063178020009,0xd35cc4db1066b87373c5b83f2a033b4aabb8a1f2,2017-10-10T03:07:34.000Z,0.000006777,0xf26a55ed2bcdef30f8582b8eadb3600da4397190,sell,0xe755f2fa95e47c5588c3037dd38e1268fa5fcecd,0x86d0cc45bc0da3a981cf85a9b5cb2e084f615083323b83445cb33138b6ae45a4
235,12000,0.081336,0x69bc96509a19ce70f5ddbbe2cdc736ca1fd615ee,2017-10-10T03:07:20.000Z,0.000006778,0xf26a55ed2bcdef30f8582b8eadb3600da4397190,sell,0xe755f2fa95e47c5588c3037dd38e1268fa5fcecd,0xfa4fffe15b2f34629bfb8e1d7793f9e83f4aac899d62b743b6e321b9ba211723
236,11350,0.07719135,0xb6f84c4ad41c44053ce231ae42106de20b6deeb8,2017-10-10T03:02:10.000Z,0.000006801,0xf26a55ed2bcdef30f8582b8eadb3600da4397190,sell,0xe755f2fa95e47c5588c3037dd38e1268fa5fcecd,0xffc6fb619ab88baae2fcbe2055a4e7ef3a199e5e5c3e836d78fd1bc6c9dafe24
237,66000,0.4026,0xfe423f6b9b3aa093cc08831d9b106027f97e132e,2017-10-10T02:32:48.000Z,0.0000061,0x29cf8e81d57b51be6be273a53739debe0ae10f84,buy,0xe755f2fa95e47c5588c3037dd38e1268fa5fcecd,0x193909d49ea7772934d9c295c5390385a96616c521aed772951eff5b64d528d7
238,65802,0.438636132,0xd35cc4db1066b87373c5b83f2a033b4aabb8a1f2,2017-10-10T02:32:48.000Z,0.000006666,0xfe423f6b9b3aa093cc08831d9b106027f97e132e,sell,0xe755f2fa95e47c5588c3037dd38e1268fa5fcecd,0x193909d49ea7772934d9c295c5390385a96616c521aed772951eff5b64d528d7
239,79677.58296993887,0.5399749797872758,0xd35cc4db1066b87373c5b83f2a033b4aabb8a1f2,2017-10-10T00:56:54.000Z,0.00000677699999999999,0x8a75ff000589d114288fa6b7ca9fe51b9fb69283,sell,0xe755f2fa95e47c5588c3037dd38e1268fa5fcecd,0x58a6294567c3344fa8d2c5737a50217a2fa8b6182547e1cf38dcce26824a1501
240,4200,0.02982,0xf0a59d01095c347ae52e907e05d76e84b9845677,2017-10-09T23:45:46.000Z,0.0000071,0x15033b62867562f47c0085ba61116a244610ac2c,sell,0xe755f2fa95e47c5588c3037dd38e1268fa5fcecd,0x5062243c66869a63790d8a1c8707ec3f1db6ead6c21a539e909502457817f74f
241,22000,0.149622,0xb6f84c4ad41c44053ce231ae42106de20b6deeb8,2017-10-09T21:52:41.000Z,0.000006801,0x243d25fa46782c9bcd20f306894f6774e095cfc5,sell,0xe755f2fa95e47c5588c3037dd38e1268fa5fcecd,0xd59b39528de6009171dcf9d4bc326befd834d0f0381ea836e1ae48194817c320
242,9999,0.0959904,0xf124c07cbf9bee82db79462ad5e9d809ca11d02e,2017-10-09T21:31:21.000Z,0.0000096,0x19032f3f478d94585a3ef787e6c8b5734e3e6e50,buy,0xe755f2fa95e47c5588c3037dd38e1268fa5fcecd,0xcf795cc1476715b87e519ee6e860832fe59446ddfbba3babd18c5954024b911d
243,5235.228758757989,0.05025296085531795,0xf124c07cbf9bee82db79462ad5e9d809ca11d02e,2017-10-09T21:25:28.000Z,0.000009599,0xb6f84c4ad41c44053ce231ae42106de20b6deeb8,buy,0xe755f2fa95e47c5588c3037dd38e1268fa5fcecd,0x74c9f831ac6952346c944da22031b59f23088142374bf0514a43d333107578e1
244,140460.73458869403,0.9551329952031193,0xee02095f350042bfe8a981a82246516653bc4858,2017-10-09T21:23:43.000Z,0.00000679999999999999,0x9fda619519d86e1045423c6ee45303020aba7759,sell,0xe755f2fa95e47c5588c3037dd38e1268fa5fcecd,0x624fd4eb4bcd15f1675c34d3c296880786279de4acdfa9b3e1e03badffd3486a
245,2530.8686405795697,0.022752509078810334,0xf124c07cbf9bee82db79462ad5e9d809ca11d02e,2017-10-09T21:14:28.000Z,0.00000899,0xe2c62b78ec865bf7c34271d9f3f6881e252e539a,buy,0xe755f2fa95e47c5588c3037dd38e1268fa5fcecd,0x09ebbbe17c290854ad9a5b5c0ed9ec14c5649d7cf9f03d9d8ac4f948775ae169
246,370,0.0033263,0x3981dfe74adbc3f2b4bd11bfde501f8fc4abbd02,2017-10-09T20:55:24.000Z,0.00000899,0xe2c62b78ec865bf7c34271d9f3f6881e252e539a,buy,0xe755f2fa95e47c5588c3037dd38e1268fa5fcecd,0x98ef9c1306613c8f8c1042cc2097d8d323ae6e1d403cfe0b2f1619c401a315d8
247,469.131,0.00421748769,0x3981dfe74adbc3f2b4bd11bfde501f8fc4abbd02,2017-10-09T20:53:17.000Z,0.00000899,0xe2c62b78ec865bf7c34271d9f3f6881e252e539a,buy,0xe755f2fa95e47c5588c3037dd38e1268fa5fcecd,0x819a11f3e91535a5c3a10671bb82906254827f7bb5d92cff846cbc684d75ac22
248,3099.131,0.02786118769,0x3981dfe74adbc3f2b4bd11bfde501f8fc4abbd02,2017-10-09T20:51:54.000Z,0.00000899,0xe2c62b78ec865bf7c34271d9f3f6881e252e539a,buy,0xe755f2fa95e47c5588c3037dd38e1268fa5fcecd,0x3ba5cf65d1f316b35c4af7791216256206c8f8aee2f197cb676a88f59b5edd69
249,89171.9,0.783821001,0xee02095f350042bfe8a981a82246516653bc4858,2017-10-09T20:49:26.000Z,0.00000879,0x66173246c0d049929d3e72e3cdb7c9ff66db16b7,buy,0xe755f2fa95e47c5588c3037dd38e1268fa5fcecd,0x6b3f313f055be799dbe4cdcefc7396b1f0f22e58a7593e8d7638d21a4c2e2ea2
250,15561.852,0.1447252236,0xee02095f350042bfe8a981a82246516653bc4858,2017-10-09T20:36:57.000Z,0.0000093,0xe2c62b78ec865bf7c34271d9f3f6881e252e539a,buy,0xe755f2fa95e47c5588c3037dd38e1268fa5fcecd,0x00347b0c244defffc98e780334e77e2ec5ec84436fc90291914bf0cace449fc5
251,22000,0.1936,0xee02095f350042bfe8a981a82246516653bc4858,2017-10-09T20:35:54.000Z,0.0000088,0xe2c62b78ec865bf7c34271d9f3f6881e252e539a,buy,0xe755f2fa95e47c5588c3037dd38e1268fa5fcecd,0xebbcef50598686d4d777299208e66700c7c17ad3a22c99aacd7f25b649308049
252,55000,0.495,0xee02095f350042bfe8a981a82246516653bc4858,2017-10-09T20:31:54.000Z,0.000009,0xcfe90adac3c00fd9b89fc7f68ec2380366fdf65e,buy,0xe755f2fa95e47c5588c3037dd38e1268fa5fcecd,0xf087db7a183c2de068354acde363d213bdd67aba57266b1e25a80ede34bc8c14
253,300,0.00225,0x3981dfe74adbc3f2b4bd11bfde501f8fc4abbd02,2017-10-09T20:21:39.000Z,0.0000075,0xcfe90adac3c00fd9b89fc7f68ec2380366fdf65e,buy,0xe755f2fa95e47c5588c3037dd38e1268fa5fcecd,0xc808fe088f3bba9831b8609b42f9bc9d6972aef7fdebe4e2c4a3ca01e8197147
254,18911.019,0.1683080691,0xee02095f350042bfe8a981a82246516653bc4858,2017-10-09T20:14:49.000Z,0.0000089,0xe2c62b78ec865bf7c34271d9f3f6881e252e539a,buy,0xe755f2fa95e47c5588c3037dd38e1268fa5fcecd,0xa93becee4408fefbce03ebb8f290952eec31d8ced90db642ec62fa83b3754685
255,53.763440860215056,0.0005,0x3bfdec5343e950ce45522eef9948c977631b4000,2017-10-09T19:51:03.000Z,0.0000093,0xe2c62b78ec865bf7c34271d9f3f6881e252e539a,buy,0xe755f2fa95e47c5588c3037dd38e1268fa5fcecd,0xdcdcd98c28a608de60f9226e4818b842dbbe989dae2b7c90df20249b74782bfb
256,53.763440860215056,0.0005,0x350f6f675b20d606bb7f6c412ef4775c9bc57168,2017-10-09T19:50:42.000Z,0.0000093,0xe2c62b78ec865bf7c34271d9f3f6881e252e539a,buy,0xe755f2fa95e47c5588c3037dd38e1268fa5fcecd,0x9a4e7d7a4f2e02a31e112d9b9011e952abe0eac246be7662d7f61609c6464e32
257,14398.534,0.115188272,0xee02095f350042bfe8a981a82246516653bc4858,2017-10-09T19:32:14.000Z,0.000008,0xe2c62b78ec865bf7c34271d9f3f6881e252e539a,buy,0xe755f2fa95e47c5588c3037dd38e1268fa5fcecd,0x577a11210ef735975ab5146bb37b4385aa6203339eadf478dd202a036897ebcc
258,11723.912,0.0832397752,0xee02095f350042bfe8a981a82246516653bc4858,2017-10-09T19:32:02.000Z,0.0000071,0xe2c62b78ec865bf7c34271d9f3f6881e252e539a,buy,0xe755f2fa95e47c5588c3037dd38e1268fa5fcecd,0x4eeac35cbdc810f41c54f43b0c07ecd1ca339f74c89f5ef42fd6f920b2ea918a
259,1880.1416339044606,0.012878970192245555,0xee02095f350042bfe8a981a82246516653bc4858,2017-10-09T18:58:14.000Z,0.00000684999999999999,0xcfe90adac3c00fd9b89fc7f68ec2380366fdf65e,sell,0xe755f2fa95e47c5588c3037dd38e1268fa5fcecd,0xde54ffc36e967b97d7771bc70084f0657f3f43f12e8b3945cdf0572bb905f942
260,31460.917963021697,0.2148780696874382,0x5afe28c87841ab9255cceed76e3bdaa46316886e,2017-10-09T18:55:34.000Z,0.00000682999999999999,0xcfe90adac3c00fd9b89fc7f68ec2380366fdf65e,sell,0xe755f2fa95e47c5588c3037dd38e1268fa5fcecd,0xa0b96d1aa8cfc96a21b610c6de1569d52850b566116ea046ce38730b40b6cd80
261,61798.28043637767,0.423318220989187,0xee02095f350042bfe8a981a82246516653bc4858,2017-10-09T18:41:17.000Z,0.00000684999999999999,0x7ed6be07c3a9031d3ca26bddb5b988d8e2e8fd98,sell,0xe755f2fa95e47c5588c3037dd38e1268fa5fcecd,0xaa4a834447357441410bf7debaa3a004c1716e1b9d674bb364ec09e33336cdea
262,13572.77124124201,0.13028503114468207,0x1add80d013c0d7bd92224ee6a4872f2d03fa13a3,2017-10-09T18:27:45.000Z,0.000009599,0xb6f84c4ad41c44053ce231ae42106de20b6deeb8,buy,0xe755f2fa95e47c5588c3037dd38e1268fa5fcecd,0xd082e91442108931a3e6554755a2e75a4f50f6747318467276ce5eb1dffaa89c
263,10000.862,0.095998274338,0x3981dfe74adbc3f2b4bd11bfde501f8fc4abbd02,2017-10-09T17:59:16.000Z,0.000009599,0xb6f84c4ad41c44053ce231ae42106de20b6deeb8,buy,0xe755f2fa95e47c5588c3037dd38e1268fa5fcecd,0x33af92cfebfb9368f8df794b9e6536358e9cd16058ed2977716a9374a72fdb2f
264,23228.9995223,0.21370679560516,0x1add80d013c0d7bd92224ee6a4872f2d03fa13a3,2017-10-09T17:53:34.000Z,0.0000092,0x088988d4bee2e1eb9d88e3d5ce7e2c86472a7d3c,buy,0xe755f2fa95e47c5588c3037dd38e1268fa5fcecd,0x6e9d62fae4c8f9c336191eee6b4f26c5f52b48a24bd1dfac9e7e0ac6593288cb
265,10000.685,0.092006302,0x3981dfe74adbc3f2b4bd11bfde501f8fc4abbd02,2017-10-09T17:23:39.000Z,0.0000092,0x088988d4bee2e1eb9d88e3d5ce7e2c86472a7d3c,buy,0xe755f2fa95e47c5588c3037dd38e1268fa5fcecd,0x3f0abce8e2f0f144a633092422cf4a72bb282b868720c328af0f61d1735f7f0e
266,16799.658,0.13389327426,0xee02095f350042bfe8a981a82246516653bc4858,2017-10-09T16:48:49.000Z,0.00000797,0x088988d4bee2e1eb9d88e3d5ce7e2c86472a7d3c,buy,0xe755f2fa95e47c5588c3037dd38e1268fa5fcecd,0x2cd5c8a5bb854082999cbf07cb49e480ec2a0da291cd9e5417162be676a20b5b
267,25853.632,0.19545345792,0xee02095f350042bfe8a981a82246516653bc4858,2017-10-09T16:48:38.000Z,0.00000756,0x088988d4bee2e1eb9d88e3d5ce7e2c86472a7d3c,buy,0xe755f2fa95e47c5588c3037dd38e1268fa5fcecd,0x9d0a92231afa51ae61801d70d3870e47d138c69436d45b9171ab5faa6675102f
268,13289,0.093023,0xee02095f350042bfe8a981a82246516653bc4858,2017-10-09T16:48:33.000Z,0.000007,0x088988d4bee2e1eb9d88e3d5ce7e2c86472a7d3c,buy,0xe755f2fa95e47c5588c3037dd38e1268fa5fcecd,0xa502ccc04979db2a591b5f153c757057d88401bedd418d2dd6b3c033b9aa6070
269,61321.577929717874,0.42005280881856744,0xee02095f350042bfe8a981a82246516653bc4858,2017-10-09T14:18:58.000Z,0.00000684999999999999,0xb578813e07cebfe28bd17609ecd8bef5c0d9a5ad,sell,0xe755f2fa95e47c5588c3037dd38e1268fa5fcecd,0x07e908844d42f6785c4fd6329592087ebe6263a5cba82e4bfc806e8573bea05f
270,6116.074916698507,0.041895113179384776,0xee02095f350042bfe8a981a82246516653bc4858,2017-10-09T13:05:04.000Z,0.00000684999999999999,0x0e14740926471137b571c090d625dd7123a307d7,sell,0xe755f2fa95e47c5588c3037dd38e1268fa5fcecd,0x2fc0c46977a0ad837ceac2bfd2b47638c3a2733f284ec4f843f461bd3e3f9d11
271,4987.529387657988,0.03416457630545722,0xee02095f350042bfe8a981a82246516653bc4858,2017-10-09T11:18:23.000Z,0.00000684999999999999,0x90e543bbe2b020dcf69e06927ca2920750dc211f,sell,0xe755f2fa95e47c5588c3037dd38e1268fa5fcecd,0xe882fc4e8586cc6aabe1ff22e0880aac5e5c7ef579fffa82d8591e962b806c19
272,88896.3956956435,0.608940310515158,0xee02095f350042bfe8a981a82246516653bc4858,2017-10-09T11:08:11.000Z,0.00000684999999999999,0x27ed907b8df48b7c90a16d9050915ee3fa2dd1e8,sell,0xe755f2fa95e47c5588c3037dd38e1268fa5fcecd,0x59ff81341884419f444bf0ae21fb4eec49a78da493a9b678acc42cff11188a79
273,1000,0.0069,0xdbbae39c54992479faac890e81eb4d8579b951d6,2017-10-09T10:26:37.000Z,0.0000069,0x2429ebff1a4832fcb7a6824e77e1f5bfd5f393fa,sell,0xe755f2fa95e47c5588c3037dd38e1268fa5fcecd,0x42a26d2bb103c9b0e319d3a474b4e23676d0232dc6835472c45119ce48442900
274,200,0.001382,0x78b0e4933f5b7d90102367e28efcde256998411e,2017-10-09T05:51:38.000Z,0.00000691,0xb578813e07cebfe28bd17609ecd8bef5c0d9a5ad,sell,0xe755f2fa95e47c5588c3037dd38e1268fa5fcecd,0xd22760a6dd23e310137257a522b03b70f22fbdff62dc58db3648e95450e238e0
275,200,0.001382,0x78b0e4933f5b7d90102367e28efcde256998411e,2017-10-09T05:47:52.000Z,0.00000691,0xb578813e07cebfe28bd17609ecd8bef5c0d9a5ad,sell,0xe755f2fa95e47c5588c3037dd38e1268fa5fcecd,0x42001ddb9198209b27090e4b5fa2b924be02415d8ccb4055d8dfa86a7bc97ebd
276,200,0.001382,0x78b0e4933f5b7d90102367e28efcde256998411e,2017-10-09T05:39:48.000Z,0.00000691,0xb578813e07cebfe28bd17609ecd8bef5c0d9a5ad,sell,0xe755f2fa95e47c5588c3037dd38e1268fa5fcecd,0x0d7544d6017835200e7c6de0017fc5a5a473a5208e4ee4d01cf1dba2fac88efa
277,1000,0.00691,0x78b0e4933f5b7d90102367e28efcde256998411e,2017-10-09T05:39:18.000Z,0.00000691,0xb578813e07cebfe28bd17609ecd8bef5c0d9a5ad,sell,0xe755f2fa95e47c5588c3037dd38e1268fa5fcecd,0x316a0a739140b18d20a93d3f6d29f0ab1eee14e6e7837843bc52df3cb284e782
278,1000,0.00702,0x035392de57aa4fe343d86494103dbe1b068a56c6,2017-10-09T05:28:46.000Z,0.00000702,0xb578813e07cebfe28bd17609ecd8bef5c0d9a5ad,sell,0xe755f2fa95e47c5588c3037dd38e1268fa5fcecd,0x2004bb15941fc414c1ea6c297307b25675fe58a3b745a99278b5cee22473114b
279,1000,0.00691,0x78b0e4933f5b7d90102367e28efcde256998411e,2017-10-09T05:15:39.000Z,0.00000691,0xb578813e07cebfe28bd17609ecd8bef5c0d9a5ad,sell,0xe755f2fa95e47c5588c3037dd38e1268fa5fcecd,0x90f32cbea76a1b16eb3e61eec69eb3da5eb4126e336fec4c381e771670a10ae8
280,1000,0.006931,0x971f30c325d9924ad472adf0bf98702502baad93,2017-10-09T05:14:16.000Z,0.000006931,0xb578813e07cebfe28bd17609ecd8bef5c0d9a5ad,sell,0xe755f2fa95e47c5588c3037dd38e1268fa5fcecd,0x52d290fda1f15c4233e868833b16541e6c86dd29ebdd826a320375aa8f72a983
281,21977.567,0.153842969,0xee02095f350042bfe8a981a82246516653bc4858,2017-10-09T05:13:02.000Z,0.000007,0xb578813e07cebfe28bd17609ecd8bef5c0d9a5ad,sell,0xe755f2fa95e47c5588c3037dd38e1268fa5fcecd,0x4a3b3cfdb04a346167bfc321d331cae125da50044d2b58f88025465d56306f60
282,29907.2875972759,0.2093510131809313,0xee02095f350042bfe8a981a82246516653bc4858,2017-10-09T04:01:13.000Z,0.00000699999999999999,0x90e543bbe2b020dcf69e06927ca2920750dc211f,sell,0xe755f2fa95e47c5588c3037dd38e1268fa5fcecd,0x0b276867db78e4fc551ba15515afd7aa580022e1ea25b309cd5f6654eb2b23e4
283,1000,0.00704,0x035392de57aa4fe343d86494103dbe1b068a56c6,2017-10-09T03:52:15.000Z,0.00000704,0xb578813e07cebfe28bd17609ecd8bef5c0d9a5ad,sell,0xe755f2fa95e47c5588c3037dd38e1268fa5fcecd,0x34b2bb50b664e6f6de43c0af4b1bc9d8283954b697ad638e7d95c3cd894627cb
284,100,0.001,0x7d053385a05276eedcaf706325ae34ae544741a6,2017-10-09T01:38:08.000Z,0.00001,0x8a75ff000589d114288fa6b7ca9fe51b9fb69283,buy,0xe755f2fa95e47c5588c3037dd38e1268fa5fcecd,0x45b5c4fcf3418bb433d7a0858a7355c4350db4709927bbf0bf0cd9905fe7a169
285,12800,0.0896128,0xb6f84c4ad41c44053ce231ae42106de20b6deeb8,2017-10-09T01:05:00.000Z,0.000007001,0x15033b62867562f47c0085ba61116a244610ac2c,sell,0xe755f2fa95e47c5588c3037dd38e1268fa5fcecd,0xc3ca06e1b824ac2eda9e19468d96693024f9401bd191ace912b76e560b65c05c
286,1.888274551462493,0.000013217921860237,0xee02095f350042bfe8a981a82246516653bc4858,2017-10-08T23:51:01.000Z,0.00000699999999999976,0x90e543bbe2b020dcf69e06927ca2920750dc211f,sell,0xe755f2fa95e47c5588c3037dd38e1268fa5fcecd,0xc356660b3949c86768f5bf09d85aaf0d529fb070d7a685ab9c07bf9ef8c1d319
287,18941.282025720266,0.13258897418004187,0xee02095f350042bfe8a981a82246516653bc4858,2017-10-08T23:46:24.000Z,0.00000699999999999999,0x90e543bbe2b020dcf69e06927ca2920750dc211f,sell,0xe755f2fa95e47c5588c3037dd38e1268fa5fcecd,0x0e3891edddf60d9a3b149d7435439f5279d5a9d8dd2071fb3d8ae8a6e85d5816
288,29171.975,0.204203825,0xee02095f350042bfe8a981a82246516653bc4858,2017-10-08T23:36:58.000Z,0.000007,0x3b985dcb066a8e69eb25c2e1ade62579266f6717,sell,0xe755f2fa95e47c5588c3037dd38e1268fa5fcecd,0x195e1bcfe94fae5e7c91359508b94a4e1d26ab117ff0fb5882657fa678b8b604
289,100000,0.7,0xee02095f350042bfe8a981a82246516653bc4858,2017-10-08T20:55:51.000Z,0.000007,0x9fda619519d86e1045423c6ee45303020aba7759,sell,0xe755f2fa95e47c5588c3037dd38e1268fa5fcecd,0x68d5261f75fc8621c6498014777623922c3202d714a21cb3264c9dfc4b416aa6
290,9120.03095229742,0.06384021666608194,0x65fc005bbb7eb370f474a76c38e4435644504a77,2017-10-08T20:05:26.000Z,0.00000699999999999999,0x8a75ff000589d114288fa6b7ca9fe51b9fb69283,sell,0xe755f2fa95e47c5588c3037dd38e1268fa5fcecd,0x92bbdeeac026a8a0a87f150b3e7868d714a0b8ecfb095a174884cc33e42600e1
291,88471.974,0.663539805,0xee02095f350042bfe8a981a82246516653bc4858,2017-10-08T19:47:26.000Z,0.0000075,0x5694875d2262ec87e1c65cc371a312e9eaf0967f,buy,0xe755f2fa95e47c5588c3037dd38e1268fa5fcecd,0xdd878b7d6085994137a052b7c02b8a2da4e3dc61ef729cf8c669664927ccbecd
292,10416.74085404678,0.07218801411854418,0xee02095f350042bfe8a981a82246516653bc4858,2017-10-08T19:45:29.000Z,0.00000693,0xd35cc4db1066b87373c5b83f2a033b4aabb8a1f2,buy,0xe755f2fa95e47c5588c3037dd38e1268fa5fcecd,0x76bcba48285ed9111008cf44c34e6b2d133805a64d11b1befa23041f89cdfc51
293,700,0.004851,0x78b0e4933f5b7d90102367e28efcde256998411e,2017-10-08T19:31:47.000Z,0.00000693,0xd35cc4db1066b87373c5b83f2a033b4aabb8a1f2,buy,0xe755f2fa95e47c5588c3037dd38e1268fa5fcecd,0x731575c2dc92a6cd52c47f916b6056ba7f873b293c8b1932a1cf274fa12b589f
294,9957.19766851536,0.0746789825138652,0x037f96a2a6430376cff5cd297cc40c2554f8f7bf,2017-10-08T19:27:03.000Z,0.0000075,0x7aa6e2506316f6d613277d4f2f4e4e1dc55e528e,sell,0xe755f2fa95e47c5588c3037dd38e1268fa5fcecd,0x7b8f03ca5f705aaf4279b2a8dc6f7cc6a60349c14d1ccb944b242e6b16cab79b
295,9987.15914595322,0.06921101288145581,0x7aa6e2506316f6d613277d4f2f4e4e1dc55e528e,2017-10-08T19:27:03.000Z,0.00000693,0xd35cc4db1066b87373c5b83f2a033b4aabb8a1f2,buy,0xe755f2fa95e47c5588c3037dd38e1268fa5fcecd,0x7b8f03ca5f705aaf4279b2a8dc6f7cc6a60349c14d1ccb944b242e6b16cab79b
296,700,0.00525,0x78b0e4933f5b7d90102367e28efcde256998411e,2017-10-08T19:25:15.000Z,0.0000075,0x5694875d2262ec87e1c65cc371a312e9eaf0967f,buy,0xe755f2fa95e47c5588c3037dd38e1268fa5fcecd,0x7d1e2c4df2f695d20ee064806751e5740a58bffd0d639791d968e7a4108d5d69
297,12.840854046779704,0.000096306405350847,0x037f96a2a6430376cff5cd297cc40c2554f8f7bf,2017-10-08T17:38:16.000Z,0.00000749999999999993,0xf81b3beedd011a715cacb3724873ddcc3053f6ef,sell,0xe755f2fa95e47c5588c3037dd38e1268fa5fcecd,0x0e10f498a73414a0672038dff9e0a6bd1ff7956ac757bebf09f38bd6f552c7e1
298,297.5,0.00205275,0x915ffa73bc66a598664fdc5d2837d85f3a398653,2017-10-08T15:02:20.000Z,0.0000069,0x31332f3e4df99128999a21a2d315615a3208253c,buy,0xe755f2fa95e47c5588c3037dd38e1268fa5fcecd,0x2537b94096d00ec3ea63376f354034352fba69fa60378a9551cfb1426a25ac7e
299,67500,0.4674375,0xee02095f350042bfe8a981a82246516653bc4858,2017-10-08T14:58:06.000Z,0.000006925,0x31332f3e4df99128999a21a2d315615a3208253c,sell,0xe755f2fa95e47c5588c3037dd38e1268fa5fcecd,0x73a9bd7d338f52d7926d9e48b21909731c498aa41fdbc5b55bb93cde64de86b4
300,13879.96904770258,0.09715978333391806,0x65fc005bbb7eb370f474a76c38e4435644504a77,2017-10-08T14:39:04.000Z,0.00000699999999999999,0x81df114b711dcf8e5c539870100367c5bc98c29d,sell,0xe755f2fa95e47c5588c3037dd38e1268fa5fcecd,0x644e3b40bea1f4e5694e3946a13ef770dda89554f8a4fade6c63b602893ce983
301,500,0.003465,0xb0c65c0e026ea768803a6001effd769350741793,2017-10-08T12:06:43.000Z,0.00000693,0xd4504ceded844c0bbdf74de176edbe357995be7d,sell,0xe755f2fa95e47c5588c3037dd38e1268fa5fcecd,0xdc6a44d4fbe29bd53862fcd152271affe5dfab8e8fbd00722548a6f51ceaeb65
302,88896,0.71027904,0xee02095f350042bfe8a981a82246516653bc4858,2017-10-08T11:56:06.000Z,0.00000799,0xd35cc4db1066b87373c5b83f2a033b4aabb8a1f2,buy,0xe755f2fa95e47c5588c3037dd38e1268fa5fcecd,0x72b5273a547bb2cd08ba50cf68e2ab232a1bde0a22bd149cbc588ccb4495d1b6
303,7500,0.0519375,0xee02095f350042bfe8a981a82246516653bc4858,2017-10-08T11:48:54.000Z,0.000006925,0xd4504ceded844c0bbdf74de176edbe357995be7d,sell,0xe755f2fa95e47c5588c3037dd38e1268fa5fcecd,0xdc568ea5f96125d66e3c2ecd1d0ad7a98026b5229192c0dd71d7802cba621e62
304,5000,0.059,0xb0c65c0e026ea768803a6001effd769350741793,2017-10-08T11:47:24.000Z,0.0000118,0x2429ebff1a4832fcb7a6824e77e1f5bfd5f393fa,buy,0xe755f2fa95e47c5588c3037dd38e1268fa5fcecd,0xe5a238d2faafdf55b78007da911e3244e20fcf4884dac62e9b2b6b510b6b47d6
305,90000,0.79992,0xee02095f350042bfe8a981a82246516653bc4858,2017-10-08T11:44:20.000Z,0.000008888,0xd35cc4db1066b87373c5b83f2a033b4aabb8a1f2,buy,0xe755f2fa95e47c5588c3037dd38e1268fa5fcecd,0xa8ec2f6449ff660e1117856dac6a9dca4fb0ed9a08073d27f4298577b6296458
306,8.862166852322153,0.000061326194618069,0xb6f84c4ad41c44053ce231ae42106de20b6deeb8,2017-10-08T10:29:38.000Z,0.00000691999999999996,0x6e4e0ca28f79ff4448a3e9fbf815583c1354e216,sell,0xe755f2fa95e47c5588c3037dd38e1268fa5fcecd,0x78642c6f7dc723197f5e57c54e4ea6ec63e88142c7c017b8b5a2410f1d1d594b
307,88724.95264679493,0.6062576014355497,0xdb3ea91f02515c10a597111a2e0392666616ec0c,2017-10-08T05:37:01.000Z,0.00000683299999999999,0x6e205d48983b422030b9e6c21872826d957baa57,sell,0xe755f2fa95e47c5588c3037dd38e1268fa5fcecd,0x4a45c6c69336999f08e53c49831d0557ccc0d5ebd57de67b08f9e42f6089c3eb
308,39554.43481212534,0.2741122332480286,0xf65fa33c1a81b8e33c5e86d5122c35b29d6b5905,2017-10-08T04:57:25.000Z,0.00000692999999999999,0xf1527fd87461f89831ba9fc0d04e28c7dcbcb686,sell,0xe755f2fa95e47c5588c3037dd38e1268fa5fcecd,0x8319ae7063a13182f94125b12d1b74bab8c2ca41ad0d1f415f573305d30bccc4
309,17945.56518787466,0.12436276675197139,0xf65fa33c1a81b8e33c5e86d5122c35b29d6b5905,2017-10-08T04:30:24.000Z,0.00000692999999999999,0x8ee6fcad578d51d3f5115dffbd0a367489254a24,sell,0xe755f2fa95e47c5588c3037dd38e1268fa5fcecd,0x0ea373a0a69e7ca6b806813515049e27ce300d7e09e734b28943ddcf15b15a8a
310,88896.3956956435,0.6073401753926364,0xdb3ea91f02515c10a597111a2e0392666616ec0c,2017-10-07T23:44:57.000Z,0.00000683199999999999,0xd2834c254d5de09a600c218110c4357099505413,sell,0xe755f2fa95e47c5588c3037dd38e1268fa5fcecd,0xe5d0131b0b27bd1c23a14cd02c7e61a7bb0562a2f81e1c658607f002cbabe32d
311,8000,0.05536,0xb6f84c4ad41c44053ce231ae42106de20b6deeb8,2017-10-07T23:34:50.000Z,0.00000692,0x81df114b711dcf8e5c539870100367c5bc98c29d,sell,0xe755f2fa95e47c5588c3037dd38e1268fa5fcecd,0xb3ee756fe47f61193ba9a6607940792e6c97d616784844a64ea40002d97865f3
312,8000,0.05536,0xb6f84c4ad41c44053ce231ae42106de20b6deeb8,2017-10-07T22:54:03.000Z,0.00000692,0x81df114b711dcf8e5c539870100367c5bc98c29d,sell,0xe755f2fa95e47c5588c3037dd38e1268fa5fcecd,0xf8c0978f553a28de8ed2ead518222c8eae8b2477d2475be4d8c42bd20fc71321
313,10000,0.06846,0xdb3ea91f02515c10a597111a2e0392666616ec0c,2017-10-07T22:07:11.000Z,0.000006846,0x81df114b711dcf8e5c539870100367c5bc98c29d,sell,0xe755f2fa95e47c5588c3037dd38e1268fa5fcecd,0x2064ff609a7019ea7cc2fb219f6e970e5f14971614c98e8af1eb77a69c900cd6
314,9171.975,0.06279134085,0xdb3ea91f02515c10a597111a2e0392666616ec0c,2017-10-07T21:31:21.000Z,0.000006846,0x15033b62867562f47c0085ba61116a244610ac2c,sell,0xe755f2fa95e47c5588c3037dd38e1268fa5fcecd,0x5ec35c59e200b2bd49cac0752fe0519e0fde2c372d6403c62f4ebfa717548f47
315,3104.555107313352,0.0210426745173699,0xdb3ea91f02515c10a597111a2e0392666616ec0c,2017-10-07T18:34:38.000Z,0.00000677799999999999,0x48cd0aa19ed8443151dc1b0bab50d6d3715475c9,sell,0xe755f2fa95e47c5588c3037dd38e1268fa5fcecd,0xe0d697714d5953323482307cefa3be190dfed5a2ddbc90a9763f09a228d9959e
316,292.851,0.00292851,0x6d14f642af21d9b7db8047693bd19ce5078a7181,2017-10-07T18:33:25.000Z,0.00001,0xee02095f350042bfe8a981a82246516653bc4858,sell,0xe755f2fa95e47c5588c3037dd38e1268fa5fcecd,0x36cee8fec7b0b278367c410b169f4698af388c5e5adfc468edc4bc58337975c2
317,85800.39411181852,0.6864031528945481,0x1e07f3f8c8e8f88c92d2e0948c4c82235b4528f9,2017-10-07T18:31:33.000Z,0.00000799999999999999,0x48cd0aa19ed8443151dc1b0bab50d6d3715475c9,sell,0xe755f2fa95e47c5588c3037dd38e1268fa5fcecd,0x51cf6d09f143ffc7844299bb1e47a1ac4e8fa0ae3a790a105688445a6303dfc5
318,9969.517504574182,0.07975614003659344,0x1e07f3f8c8e8f88c92d2e0948c4c82235b4528f9,2017-10-07T18:30:10.000Z,0.00000799999999999999,0x81df114b711dcf8e5c539870100367c5bc98c29d,sell,0xe755f2fa95e47c5588c3037dd38e1268fa5fcecd,0x24cf65f09452da240dcd61ac202cad425f6b04e3756e97af6e0b217df64fc4d3
319,7.148603957380212,0.000071486039573802,0x6d14f642af21d9b7db8047693bd19ce5078a7181,2017-10-07T18:03:17.000Z,0.00000999999999999998,0x0f51341a5984f7e6498afabf34cdfa6fda8102ca,sell,0xe755f2fa95e47c5588c3037dd38e1268fa5fcecd,0x5311f572a757e64e45296c49efb07699f0bfa991b24fa23d4d35244091642415
320,4230.088383607298,0.03384070706885839,0x1e07f3f8c8e8f88c92d2e0948c4c82235b4528f9,2017-10-07T17:38:51.000Z,0.00000799999999999999,0x81df114b711dcf8e5c539870100367c5bc98c29d,sell,0xe755f2fa95e47c5588c3037dd38e1268fa5fcecd,0x5ec2694c18cee04a416a87b0e7ff5d285505c91c03d524dfaadff7a556b893f9
321,830,0.0066483,0xa41bd959353413a5ad374ef0358e2e756c6ba2eb,2017-10-07T17:38:00.000Z,0.00000801,0x81df114b711dcf8e5c539870100367c5bc98c29d,sell,0xe755f2fa95e47c5588c3037dd38e1268fa5fcecd,0x43cfc9baee3be257c1dbd8349a7098d0d9c0e814becc9ce891829fd09ea50171
322,11964.3,0.11485728,0xee02095f350042bfe8a981a82246516653bc4858,2017-10-07T16:46:57.000Z,0.0000096,0xc9087108b890f9aee9c5b878c6f062a2b0c730f3,buy,0xe755f2fa95e47c5588c3037dd38e1268fa5fcecd,0xae026aad3d8e8111a56c97d5fd62f70d86ff2962ba4f3a373d2e6e53b66c19e5
323,66034.727,0.52761746873,0xee02095f350042bfe8a981a82246516653bc4858,2017-10-07T16:46:57.000Z,0.00000799,0xd35cc4db1066b87373c5b83f2a033b4aabb8a1f2,buy,0xe755f2fa95e47c5588c3037dd38e1268fa5fcecd,0x668d60d77c127ee81536e3d5aeb9794168054d5e560f443b27d8486dbadcb518
324,71707.6462964809,0.4780748778586382,0xdb3ea91f02515c10a597111a2e0392666616ec0c,2017-10-07T16:13:22.000Z,0.00000666699999999999,0x0f51341a5984f7e6498afabf34cdfa6fda8102ca,sell,0xe755f2fa95e47c5588c3037dd38e1268fa5fcecd,0x67c2f3fdef25eee5880dab633d4b40f6b317eb355e52ddc9c6e75c1040cd9163
325,57000,0.380076,0xdb3ea91f02515c10a597111a2e0392666616ec0c,2017-10-07T16:10:08.000Z,0.000006668,0x0f51341a5984f7e6498afabf34cdfa6fda8102ca,sell,0xe755f2fa95e47c5588c3037dd38e1268fa5fcecd,0xf19539299bec6bb0960e380d225bd429b6922664e0d3f52ed3c790078626f847
326,50000,0.33345,0xdb3ea91f02515c10a597111a2e0392666616ec0c,2017-10-07T16:09:10.000Z,0.000006669,0x0f51341a5984f7e6498afabf34cdfa6fda8102ca,sell,0xe755f2fa95e47c5588c3037dd38e1268fa5fcecd,0x51555434deb3dc1281dca504a0b8da10fbe05693e68f2a89bb28d6449ba9bf24
327,88000,0.596376,0xd35cc4db1066b87373c5b83f2a033b4aabb8a1f2,2017-10-07T16:04:07.000Z,0.000006777,0x0f51341a5984f7e6498afabf34cdfa6fda8102ca,sell,0xe755f2fa95e47c5588c3037dd38e1268fa5fcecd,0xd159be7f9c212b08fdd14f7a477691d3ea70fa75d04e74f40329799074d3edf8
328,51821.953,0.414575624,0xee02095f350042bfe8a981a82246516653bc4858,2017-10-07T15:54:48.000Z,0.000008,0xdd412c088bd144f2b537c7e48aabc28e29759f9e,buy,0xe755f2fa95e47c5588c3037dd38e1268fa5fcecd,0xff278901bd2c3352ae6fa1532c67209d8a369911dde5878e19967f5491edff07
329,7.273719499687545,0.000048733920647906,0xf65fa33c1a81b8e33c5e86d5122c35b29d6b5905,2017-10-07T15:45:19.000Z,0.00000669999999999992,0xfe108a63f4c90868e58f3c0e569d5a2f07bc0914,sell,0xe755f2fa95e47c5588c3037dd38e1268fa5fcecd,0x4d28776ac612ffe01d69ca12aff9c80f20154a15926732de287aeee674781b27
330,72962.68030136576,0.48884995801915065,0xf65fa33c1a81b8e33c5e86d5122c35b29d6b5905,2017-10-07T15:13:10.000Z,0.00000669999999999999,0xfe108a63f4c90868e58f3c0e569d5a2f07bc0914,sell,0xe755f2fa95e47c5588c3037dd38e1268fa5fcecd,0x7324dc67e889d4599befc6b1c90e23b9c3d942d2bc229e2dc788ea977f08b79a
331,39876.38321204267,0.2659355996411126,0xdb3ea91f02515c10a597111a2e0392666616ec0c,2017-10-07T13:47:13.000Z,0.00000666899999999999,0x343347dcafc272a5ff207fd0455f0ee8982f3986,sell,0xe755f2fa95e47c5588c3037dd38e1268fa5fcecd,0xe4ac8d5a2f5902fa9937b9a78e34802f01d35c7909d6aff5542f14da38ab92eb
332,5,0.00005,0xeeb12121316645ac76b40ac9d130de4b2f655f6e,2017-10-07T13:44:04.000Z,0.00001,0xdd412c088bd144f2b537c7e48aabc28e29759f9e,buy,0xe755f2fa95e47c5588c3037dd38e1268fa5fcecd,0x758ae14140c40397663fd00d3e8c1e878e58e8b4cc53f75c60139711d8cd6402
333,40.323,0.0010000104,0xe985ac05f01f7fa12e3322003e88bde06e6fe042,2017-10-07T13:07:08.000Z,0.0000248,0xd35cc4db1066b87373c5b83f2a033b4aabb8a1f2,buy,0xe755f2fa95e47c5588c3037dd38e1268fa5fcecd,0x8d887dd260b2bb1a6d38bdfebab3c55c44ca98e32116f7d3c3abe2bc1cdf27dd
334,15935.304,0.111547128,0x8d5ebdf9d7107bd8c63e490fe616d4b89184807c,2017-10-07T12:53:42.000Z,0.000007,0xfe108a63f4c90868e58f3c0e569d5a2f07bc0914,sell,0xe755f2fa95e47c5588c3037dd38e1268fa5fcecd,0x333915fe55f3650dd122dd8b15f3d95973d3d834df9f50b7615f5b30efc329ec
335,5800,0.0386686,0xdb3ea91f02515c10a597111a2e0392666616ec0c,2017-10-07T12:26:06.000Z,0.000006667,0x81df114b711dcf8e5c539870100367c5bc98c29d,sell,0xe755f2fa95e47c5588c3037dd38e1268fa5fcecd,0xc05cd72b5686573cc9abbc17fe417596cdc50ef22e9631453caa2d0cd89981c9
336,72000,0.48024,0xdb3ea91f02515c10a597111a2e0392666616ec0c,2017-10-07T12:20:27.000Z,0.00000667,0x70faddd7829063bde469a06fd88e390d22ac3b8f,sell,0xe755f2fa95e47c5588c3037dd38e1268fa5fcecd,0xa9a5663ad0e19b8c55dc61e5224ba55eab95db043535504ec65e00d25b2ce581
337,1103.604,0.007725228,0xce0fa5acfb70be374a7bbb1b59fe5e1a7cbcc01d,2017-10-07T12:19:08.000Z,0.000007,0x81df114b711dcf8e5c539870100367c5bc98c29d,sell,0xe755f2fa95e47c5588c3037dd38e1268fa5fcecd,0x4fa9c3613bb3559875b660008d86e49923148f8ebff59a85805b751d453e21de
338,64.69596480909182,0.000452871753663642,0x8d5ebdf9d7107bd8c63e490fe616d4b89184807c,2017-10-07T12:13:54.000Z,0.00000699999999999998,0x81df114b711dcf8e5c539870100367c5bc98c29d,sell,0xe755f2fa95e47c5588c3037dd38e1268fa5fcecd,0x5f45f0b719e8856b1c2a7b88465cb80f80c30b7deab53ac31470ee10186a827a
339,88896.3956956435,0.5926722701028553,0x01a68a6732b4fe2ed16fcfad83a112e0915fa80a,2017-10-07T11:50:57.000Z,0.00000666699999999999,0x6e4e0ca28f79ff4448a3e9fbf815583c1354e216,sell,0xe755f2fa95e47c5588c3037dd38e1268fa5fcecd,0xce46d6b7ec5179431cd5bfa8ca921fb5b431c851b48afbf2261346e19efc9c2a
340,13000,0.086684,0xdb3ea91f02515c10a597111a2e0392666616ec0c,2017-10-07T11:19:24.000Z,0.000006668,0x81df114b711dcf8e5c539870100367c5bc98c29d,sell,0xe755f2fa95e47c5588c3037dd38e1268fa5fcecd,0x261ae5ab66ce34ce82c81e88f145a9fd85121a228640256320344e07cab59ea4
341,72000,0.480096,0xdb3ea91f02515c10a597111a2e0392666616ec0c,2017-10-07T10:35:01.000Z,0.000006668,0xc6fc6835ce16679c89567c0b33604d1e9a71bf99,sell,0xe755f2fa95e47c5588c3037dd38e1268fa5fcecd,0x0b0d542491624b1cec77f9cb9e9ce81820e727082b5be4f879aede4be57e7ef8
342,1103.604,0.007725228,0xf4515bc2ba40dc0e3af2acb59a80ebbf4a27a597,2017-10-07T09:34:14.000Z,0.000007,0x2429ebff1a4832fcb7a6824e77e1f5bfd5f393fa,sell,0xe755f2fa95e47c5588c3037dd38e1268fa5fcecd,0x8942df3dee868a89e3e580fb9b5e5681ffbc36ae9d0ad6593c5b3b1ced8221fe
343,88896.3956956435,0.6222747698695046,0xf4515bc2ba40dc0e3af2acb59a80ebbf4a27a597,2017-10-07T09:17:57.000Z,0.00000699999999999999,0x01a68a6732b4fe2ed16fcfad83a112e0915fa80a,sell,0xe755f2fa95e47c5588c3037dd38e1268fa5fcecd,0xf516e4b1c5755045d2563f88d14057d72217cec8530c132c38f0a07c864b1162
344,89000,0.709953,0xee02095f350042bfe8a981a82246516653bc4858,2017-10-07T07:00:23.000Z,0.000007977,0xd35cc4db1066b87373c5b83f2a033b4aabb8a1f2,buy,0xe755f2fa95e47c5588c3037dd38e1268fa5fcecd,0x954d05da6600e0e1f88e9d5267f648ef7cfdbe5a8f9cf97fcb09429bfabdf6c9
345,11964.39957071065,0.07202568541567811,0xc9087108b890f9aee9c5b878c6f062a2b0c730f3,2017-10-07T05:40:57.000Z,0.00000601999999999999,0x8ee6fcad578d51d3f5115dffbd0a367489254a24,sell,0xe755f2fa95e47c5588c3037dd38e1268fa5fcecd,0xb811bc748cc6f711eef1db587f87dfee77c9243d3ca5745292bccf5e08eca5bb
346,88896.3956956435,0.5342673381308175,0xee02095f350042bfe8a981a82246516653bc4858,2017-10-07T05:05:28.000Z,0.00000600999999999999,0xdd5a662e2b91fcc50081cf7aea54ae5859ff5275,sell,0xe755f2fa95e47c5588c3037dd38e1268fa5fcecd,0x809e3aeabbb5692e33e19271608fa273d3c59e89aa28521774f6c818b9a668c4
347,39100,0.29716,0x75c9e853342126318ac5964961e1a18612acd3cc,2017-10-07T04:30:24.000Z,0.0000076,0x56b63533b5cb700876e8f15838e514bf995d7424,sell,0xe755f2fa95e47c5588c3037dd38e1268fa5fcecd,0xf804c66203983bfb59913a6a0eb10c842846b15e98ca9809d78d37bc927f5443
348,6200,0.04774,0x29e194e0e0aef70a9d6d65ebc4861f39a484b4fe,2017-10-07T04:24:45.000Z,0.0000077,0x56b63533b5cb700876e8f15838e514bf995d7424,sell,0xe755f2fa95e47c5588c3037dd38e1268fa5fcecd,0x7d26b1a8e145636a6e718059f4318bcccff3824d55ee196e660a237877ad2d82
349,6163.482828990273,0.048075166066124136,0x69bc96509a19ce70f5ddbbe2cdc736ca1fd615ee,2017-10-07T04:21:48.000Z,0.00000779999999999999,0x56b63533b5cb700876e8f15838e514bf995d7424,sell,0xe755f2fa95e47c5588c3037dd38e1268fa5fcecd,0x1ca354cdec33ea5c786528b7755ebb00607394a767c0b9d64765da8d33ce3f8b
350,2.7747724452760893,0.000021643225073153,0x69bc96509a19ce70f5ddbbe2cdc736ca1fd615ee,2017-10-07T03:57:34.000Z,0.00000779999999999982,0xd242317659db5fe9957b4d6297d7d9a6875f59f8,sell,0xe755f2fa95e47c5588c3037dd38e1268fa5fcecd,0xffb5c2a329f39f228fe2310b684857865dc53dc36c83e8f446b0e56c90b46aba
351,27833.74239856445,0.2171031907088027,0x69bc96509a19ce70f5ddbbe2cdc736ca1fd615ee,2017-10-07T03:53:52.000Z,0.00000779999999999999,0xd242317659db5fe9957b4d6297d7d9a6875f59f8,sell,0xe755f2fa95e47c5588c3037dd38e1268fa5fcecd,0x0ede7e64a68cb5fa3093fb77c13ea9746cd86b7fd912d7298cffb82f0886f6a1
352,81000,0.6389928,0xd35cc4db1066b87373c5b83f2a033b4aabb8a1f2,2017-10-07T03:51:11.000Z,0.0000078888,0xd242317659db5fe9957b4d6297d7d9a6875f59f8,sell,0xe755f2fa95e47c5588c3037dd38e1268fa5fcecd,0x02649dd056f4856f3aac827801e7f42e1a5b8b75b3d5bbbf889825595b0e545f
353,68974,0.544963574,0xee02095f350042bfe8a981a82246516653bc4858,2017-10-07T03:43:38.000Z,0.000007901,0xd242317659db5fe9957b4d6297d7d9a6875f59f8,sell,0xe755f2fa95e47c5588c3037dd38e1268fa5fcecd,0x807d2d5a8f894dbe204dd0d7a201fabb70124acff3e1c3ed294f4041fa0a82a2
354,32500,0.26,0xcc7faa5442fcb21227a2bb166dc56e28e75d701c,2017-10-07T02:56:52.000Z,0.000008,0xc6fc6835ce16679c89567c0b33604d1e9a71bf99,sell,0xe755f2fa95e47c5588c3037dd38e1268fa5fcecd,0x2a82eb001961cce556324ae39371bd1486a7fb232335af830891ef966bf91550
355,6026,0.047611426,0xee02095f350042bfe8a981a82246516653bc4858,2017-10-07T01:29:03.000Z,0.000007901,0x81df114b711dcf8e5c539870100367c5bc98c29d,sell,0xe755f2fa95e47c5588c3037dd38e1268fa5fcecd,0xcc3c169066ff538423b631f06086bc924f8deb61d4e31197e22a0a3c6f815adb
356,2109.704641,0.0166666666639,0x5d5065b42bdee0274e394ba9042c21e1818c69cf,2017-10-07T01:01:33.000Z,0.0000079,0xdd412c088bd144f2b537c7e48aabc28e29759f9e,sell,0xe755f2fa95e47c5588c3037dd38e1268fa5fcecd,0x98102aeb9b0deac846196294552dc71041269f9dcd71f9625fb52c04f044eebd
357,8000,0.0631104,0xd35cc4db1066b87373c5b83f2a033b4aabb8a1f2,2017-10-07T00:54:03.000Z,0.0000078888,0x81df114b711dcf8e5c539870100367c5bc98c29d,sell,0xe755f2fa95e47c5588c3037dd38e1268fa5fcecd,0xae3c14d9fc98983620dbf2bb65cac5bd7b248e26467f9234f336027950ed032e
358,35123.61678795733,0.2774765726248629,0xee02095f350042bfe8a981a82246516653bc4858,2017-10-07T00:48:16.000Z,0.00000789999999999999,0xdd412c088bd144f2b537c7e48aabc28e29759f9e,sell,0xe755f2fa95e47c5588c3037dd38e1268fa5fcecd,0xfb0a4148d5e2405e649a6e809fbedca794faa076e5892ebf1faa7744516b2654
359,39876.38321204267,0.31502342737513706,0xee02095f350042bfe8a981a82246516653bc4858,2017-10-06T23:20:56.000Z,0.00000789999999999999,0x3421c555a64032f3bb56c0f1236138dc88ae4c7f,sell,0xe755f2fa95e47c5588c3037dd38e1268fa5fcecd,0xa276607f520ab148d79d53f9a54d3eb1213de4a11edae5973b6541a2d3cc9465
360,55000,0.77,0xabdb7a686b22b1716c81aa3fd7685485445e9bbe,2017-10-06T17:22:26.000Z,0.000014,0xc675b35b86a37e2b2cc90c73d0a17ff6cc31ba7f,sell,0xe755f2fa95e47c5588c3037dd38e1268fa5fcecd,0xf012256ce6f72f8b32f0d21ede4baa35d66b0f57b90a9d6f73da7a8a51e5b26f
361,88896.3956956435,0.6667229677173263,0x5afe28c87841ab9255cceed76e3bdaa46316886e,2017-10-06T17:05:44.000Z,0.00000749999999999999,0x809c51e868c3977139e13cb99333eaa0e7915bdb,sell,0xe755f2fa95e47c5588c3037dd38e1268fa5fcecd,0x200e9fc219267e86ce843a98feeb3c741d2197f17c4556a0bda9baf8fa0a2a67
362,13903.872517495764,0.06993647876300368,0x69bc96509a19ce70f5ddbbe2cdc736ca1fd615ee,2017-10-06T13:11:56.000Z,0.00000502999999999999,0x6e9c63c82d82d271c216593587b7296662cb295a,sell,0xe755f2fa95e47c5588c3037dd38e1268fa5fcecd,0xcdd48395117256b804c854461092a636298ed4651ce08a545ae2a13f6812ff88
363,75000,0.37875,0x9f482df6112269197b78a823a187ef135b6b51b8,2017-10-06T13:02:09.000Z,0.00000505,0x6e9c63c82d82d271c216593587b7296662cb295a,sell,0xe755f2fa95e47c5588c3037dd38e1268fa5fcecd,0x1efd633330f69ddeedfaf0092779792b0c1ae4026904b32a9a18854fd39e11c8
364,5000,0.07,0x8d5ebdf9d7107bd8c63e490fe616d4b89184807c,2017-10-06T10:20:33.000Z,0.000014,0x2429ebff1a4832fcb7a6824e77e1f5bfd5f393fa,buy,0xe755f2fa95e47c5588c3037dd38e1268fa5fcecd,0xbb16a9990b60daae3e5c7835ab4524d6735e81f6674c4399ed8fb1964fc45d17
365,88896.3956956435,0.36447522235213836,0xd35cc4db1066b87373c5b83f2a033b4aabb8a1f2,2017-10-06T10:04:17.000Z,0.00000409999999999999,0x4556de84f794ee923059a1234bb12501a435e5b0,sell,0xe755f2fa95e47c5588c3037dd38e1268fa5fcecd,0xd26fa776838a6370bfe030c48c5a4b92f3950bf09595747a639ff0fdaab5f693
366,88896.3956956435,0.355585582782574,0xf4515bc2ba40dc0e3af2acb59a80ebbf4a27a597,2017-10-06T06:36:00.000Z,0.00000399999999999999,0xaa1fdf0684b04c3a3dbf4ad645f026a3c6bc4469,sell,0xe755f2fa95e47c5588c3037dd38e1268fa5fcecd,0x3f63b368ea50a5a2865d8679c189c8d41a504a42ddf153b14b22460f6250983c
367,444,0.009546,0xedf38c384f204a4d7862283e531fabe5e203f26b,2017-10-06T04:27:09.000Z,0.0000215,0x56b63533b5cb700876e8f15838e514bf995d7424,sell,0xe755f2fa95e47c5588c3037dd38e1268fa5fcecd,0x714bc4bc67833621e2e2c10d8bca64e898892f9f4d820e678f91d9ef09c6ebc5
368,851,0.0191475,0xedf38c384f204a4d7862283e531fabe5e203f26b,2017-10-06T04:26:40.000Z,0.0000225,0x56b63533b5cb700876e8f15838e514bf995d7424,sell,0xe755f2fa95e47c5588c3037dd38e1268fa5fcecd,0x9699f1d41a31ae4af8239c75567079c4dd8f94f52cbf6a6a439ea501dd6b8177
369,500,0.01175,0xedf38c384f204a4d7862283e531fabe5e203f26b,2017-10-06T04:24:56.000Z,0.0000235,0x56b63533b5cb700876e8f15838e514bf995d7424,sell,0xe755f2fa95e47c5588c3037dd38e1268fa5fcecd,0xe106a3dc765ac00bb13b584ba722f645e755d6657d36cad71a7acda95de7aedc
370,500,0.012,0xedf38c384f204a4d7862283e531fabe5e203f26b,2017-10-06T04:23:19.000Z,0.000024,0x56b63533b5cb700876e8f15838e514bf995d7424,sell,0xe755f2fa95e47c5588c3037dd38e1268fa5fcecd,0xeb031cf8edf589595138c07629e340e4057b00aa029f8f5d667205166c5ed272
371,2000,0.05,0x1e07f3f8c8e8f88c92d2e0948c4c82235b4528f9,2017-10-06T04:21:40.000Z,0.000025,0x243d25fa46782c9bcd20f306894f6774e095cfc5,sell,0xe755f2fa95e47c5588c3037dd38e1268fa5fcecd,0x32c278a12ee9e1fa7bbcf1032dc503e05a11f75a9fad3ddb99149cecb05004c5
372,1,0.000025,0x6cdea8e07bf82d7a07dbf36642d6e5be8623845c,2017-10-06T03:30:42.000Z,0.000025,0x13159dbf8162bc63874a2ebaf947584abdbbf63b,buy,0xe755f2fa95e47c5588c3037dd38e1268fa5fcecd,0xe5042e323b6e921a7bab2cae61bbb9ca5ba7b429a542490437e4089c1637040d
373,40171.9745223,0.14060191082805,0xabdb7a686b22b1716c81aa3fd7685485445e9bbe,2017-10-06T02:34:07.000Z,0.0000035,0x768263481c4703c22144558112d931b683492b52,buy,0xe755f2fa95e47c5588c3037dd38e1268fa5fcecd,0xf6440562c4efa9de4a4630b16354ac5fec68f15fad764d449366bbdbb02ea054
