,amount,amountBase,buyer,date,price,seller,side,tokenAddr,txHash
0,0.19230769230769232,0.0005,0x3075f7f189912f4f425dd7021b9c396434197477,2017-11-02T07:13:17.000Z,0.0026,0xedc60cd376705ace39ff821d9cc0e09ba499d8b0,buy,0x887834d3b8d450b6bab109c252df3da286d73ce4,0x72485bb1ca41220e9ddc06fc8af98a291265a1fd2ef33a51e000ac28b8d612bb
1,0.19230769230769232,0.0005,0x4fda9e6bcd83af6c5cc771b5d20accc2b7720074,2017-11-02T07:12:25.000Z,0.0026,0xedc60cd376705ace39ff821d9cc0e09ba499d8b0,buy,0x887834d3b8d450b6bab109c252df3da286d73ce4,0x097b2578260abb8f8e09d612d6734c6f451098f07b7fb69565497203b50df474
2,809.7682437258393,2.167749588454072,0xaeb4d487f4066b41af8f99f30ec3ad40cd47a5b1,2017-10-31T04:19:22.000Z,0.002677,0x7574855f00481cddf4c103ae36ddf6e042e5d367,buy,0x887834d3b8d450b6bab109c252df3da286d73ce4,0x7ebc531ccd67787709d6f2262a1b39de2acdacbd2ed0db09500497202b5cf3b0
3,57.79684464641447,0.15027179608067762,0xaeb4d487f4066b41af8f99f30ec3ad40cd47a5b1,2017-10-31T04:17:44.000Z,0.0026,0xc6939e988f4481b549ea7059cfcc42aab1f45bdb,buy,0x887834d3b8d450b6bab109c252df3da286d73ce4,0x9b4a2be9efbce64c7cec4211e69570782132417fc151dd5de8229e5b7cc14e73
4,642.2031553535855,1.6697282039193224,0xaeb4d487f4066b41af8f99f30ec3ad40cd47a5b1,2017-10-31T04:10:14.000Z,0.0026,0xc6939e988f4481b549ea7059cfcc42aab1f45bdb,buy,0x887834d3b8d450b6bab109c252df3da286d73ce4,0x0323a518905c20ca622af2438698f26e78898ce1f8ecc50520e7b3a69d3286f3
5,900,2.3292,0xaeb4d487f4066b41af8f99f30ec3ad40cd47a5b1,2017-10-31T04:08:36.000Z,0.002588,0xc6939e988f4481b549ea7059cfcc42aab1f45bdb,buy,0x887834d3b8d450b6bab109c252df3da286d73ce4,0x78107d08b27bd23a74781e15b2627e41500ffb47bf01e15acc0d833e8e5cc146
6,0.2398039669714,0.000479608173746766,0xf36990a2cb4d609e0a7d4f3bf884c0342d81fd3d,2017-10-30T01:55:22.000Z,0.002000000999999996,0x16e5d97bbc92417e051e3b2cabfbf8ceea2acb9c,sell,0x887834d3b8d450b6bab109c252df3da286d73ce4,0xfe24986b1e0b343159e2c698377a0b36fe3ee1e6fd43d2b52d2b185999e38329
7,0.18601190476190477,0.0005,0x34f9560c63078eb61872a4dc2ccd20e21c34feaf,2017-10-28T20:06:42.000Z,0.002688,0xc6939e988f4481b549ea7059cfcc42aab1f45bdb,buy,0x887834d3b8d450b6bab109c252df3da286d73ce4,0xa93044f98d1e0d3136b5c940953f4c25d533e8a2db88035339dcf36fc71ac87d
8,100,0.1999,0xcd5c67ce4e72a6d605e25dea016dc36d72d09e50,2017-10-23T07:59:52.000Z,0.001999,0xb74795693f581144920524e1914c6fa39fc19746,buy,0x887834d3b8d450b6bab109c252df3da286d73ce4,0x94ac229be069bef1111bb65f622c9932907e124bf5df2d569e56a9e284bdff93
9,0.5,0.01,0xedf5de3807d23e5d85b0caa1e10d52b85c2a6965,2017-10-21T14:00:02.000Z,0.02,0x39aa7c717b00ab39b827c6888f029a66afb75cf0,buy,0x887834d3b8d450b6bab109c252df3da286d73ce4,0x1a459f0b941a8aa38169922266b95a47c9b71117b38a24b62849910fa0f4ac8b
10,0.1,0.000238,0x6cdea8e07bf82d7a07dbf36642d6e5be8623845c,2017-10-20T03:13:54.000Z,0.00238,0xb74795693f581144920524e1914c6fa39fc19746,buy,0x887834d3b8d450b6bab109c252df3da286d73ce4,0xabdf6e2871ff032502d054ffa317fad9fd1017c649afad733f843b91079d424e
11,1,0.04981,0x3ac636ac5c3a2576156ac5f10066ca68abe0ad54,2017-10-19T09:36:58.000Z,0.04981,0x8b182a4526944fa498970732a69a95d281c3c8a9,buy,0x887834d3b8d450b6bab109c252df3da286d73ce4,0x6eccd44f88b2cdbff220d0429c63bb9c192c31f76bc84196b4443abe8a8d0e91
12,0.125,0.0005,0xf9695cd65d6dfdf257fab76a3eb0cb8f001971cc,2017-10-18T15:01:32.000Z,0.004,0xe934671fff524356f2dafbc370db2ed157be2501,buy,0x887834d3b8d450b6bab109c252df3da286d73ce4,0xff99723366257ac4f37d95f352da51298df823c54040eaf8120f42c281d0d3e6
13,0.125,0.0005,0x379374d13077e8867ef31803c37baf9785a17c00,2017-10-18T15:01:32.000Z,0.004,0xe934671fff524356f2dafbc370db2ed157be2501,buy,0x887834d3b8d450b6bab109c252df3da286d73ce4,0x00b2a6fd34871ff71ccfdfaf1007ff8fd8f826519178c416a5444c05109237ea
14,0.2405233788724264,0.0005,0x16e5d97bbc92417e051e3b2cabfbf8ceea2acb9c,2017-10-17T17:09:54.000Z,0.0020788,0xb74795693f581144920524e1914c6fa39fc19746,buy,0x887834d3b8d450b6bab109c252df3da286d73ce4,0x9f5dd6b8d2c46e1535ba53bc13540eb1766061a94cb9344ffa7c657263f417fc
15,0.2405233788724264,0.0005,0x42c24a83bded723edfdf5883bc7efb30bc1a1bf3,2017-10-17T14:49:48.000Z,0.0020788,0xb74795693f581144920524e1914c6fa39fc19746,buy,0x887834d3b8d450b6bab109c252df3da286d73ce4,0x40d0542419b4f4cae8ceb876d4bfe9760a2f389b678e846cfd31f2e30e4485af
16,0.2405233788724264,0.0005,0xcd912af5286dc0b0a23edb30209734ecb60838b3,2017-10-17T04:52:04.000Z,0.0020788,0xb74795693f581144920524e1914c6fa39fc19746,buy,0x887834d3b8d450b6bab109c252df3da286d73ce4,0x339db18eec7fc7a0323c81a84eb0c8c0b8d759511caa1c3f3c9172309dc890bd
17,300.67648199428953,0.6280530355896721,0x42c10296d2fa3075ccae456cab69c58bc84ed2e2,2017-10-15T16:25:46.000Z,0.0020888,0xb74795693f581144920524e1914c6fa39fc19746,buy,0x887834d3b8d450b6bab109c252df3da286d73ce4,0xf7bca2dd1d47c11499bc0dbf2ff2a07d68e4ff7f08fded07c2435cef486f0bed
18,1.5,0.0031332,0x035392de57aa4fe343d86494103dbe1b068a56c6,2017-10-14T02:14:01.000Z,0.0020888,0xb74795693f581144920524e1914c6fa39fc19746,buy,0x887834d3b8d450b6bab109c252df3da286d73ce4,0x76a01914668d738cd1aaec5bc2120b25c194d5e9db11b4f48ac67c2a6717b290
19,1,0.00209999,0x0249924245a19aa2d7f5ddb0739a7132b7d094ab,2017-10-10T05:11:48.000Z,0.00209999,0xe934671fff524356f2dafbc370db2ed157be2501,buy,0x887834d3b8d450b6bab109c252df3da286d73ce4,0x6a2128659884f1e9271683eb22d7819530853dc1585da8812fca9c344c8a513f
20,7.936507937,0.0166666666677,0x5d5065b42bdee0274e394ba9042c21e1818c69cf,2017-10-09T13:35:18.000Z,0.0021,0xb74795693f581144920524e1914c6fa39fc19746,sell,0x887834d3b8d450b6bab109c252df3da286d73ce4,0x23cd9d988be4f8ef2e98cdecb57f6dae41f58d4609b4e43138ae3cbfa75b9063
21,1000,2.1,0xaeb4d487f4066b41af8f99f30ec3ad40cd47a5b1,2017-10-09T08:33:29.000Z,0.0021,0x7574855f00481cddf4c103ae36ddf6e042e5d367,buy,0x887834d3b8d450b6bab109c252df3da286d73ce4,0xabcd37871203f9f5d3158e09b210281793da6d9c5f7b464fb495820ae7260235
22,50,0.105,0x3a0cc8afecbb6fe9567cd7e6dac685287f7a217d,2017-10-07T05:45:08.000Z,0.0021,0xb74795693f581144920524e1914c6fa39fc19746,sell,0x887834d3b8d450b6bab109c252df3da286d73ce4,0xd6709e53181ae64c0cadcc829a4dcbdb9644074c2d68d6c293c2ca79f5b1b369
23,52,0.1144,0x200363d641651284135280a049334f31c7d42e1e,2017-10-03T20:41:21.000Z,0.0022,0xb74795693f581144920524e1914c6fa39fc19746,sell,0x887834d3b8d450b6bab109c252df3da286d73ce4,0xfad8283f53a85d64b8e6c267622fba927866d2a85b71954b5d5661d6636a46c0
24,1.1,0.011,0x58319288a01eff24620ee5237315f9e1e9dc0e36,2017-10-01T22:44:23.000Z,0.01,0x322a5ca4b9e4bebd6ee13a1938fd88f4bc1046ab,buy,0x887834d3b8d450b6bab109c252df3da286d73ce4,0x3fba2a66f1a9bb5d194d1c0a80c1b6960e20e578a65e163f0ebe0a7cf34defcb
25,87,0.043500087,0x0ef7e8cdc512d88f10843f50d1e2efc170275fc7,2017-09-29T10:37:22.000Z,0.000500001,0x8b182a4526944fa498970732a69a95d281c3c8a9,sell,0x887834d3b8d450b6bab109c252df3da286d73ce4,0x37ac5cf8144874e9b6bda818e69770f7f219133fe7cc615631fa61cce9365cc5
26,0.1,0.001,0xa0be78d2bac6a692adba423c7af50ec86a18bddf,2017-09-28T04:49:34.000Z,0.01,0xe6c9400b10cd1c779bff4bb5a32eea9046ea2fc8,buy,0x887834d3b8d450b6bab109c252df3da286d73ce4,0x1ca6d4b2a6d19c5d35410c6fa10134991b2c8c7ac143d7d920a46527e425526c
27,1,0.01,0xe004844f7dbd5bde3e7e1a2b9e8a9c61285b9fb0,2017-09-28T03:14:35.000Z,0.01,0xe6c9400b10cd1c779bff4bb5a32eea9046ea2fc8,buy,0x887834d3b8d450b6bab109c252df3da286d73ce4,0x13b4e499079a4f7a4048378db96dce90f3965aa1b07672d201605a2a77bfb0da
28,0.04,0.001,0x0024a5046fd95c5eee6db19a69ef7ed3bacd50f1,2017-09-27T12:04:59.000Z,0.025,0xe934671fff524356f2dafbc370db2ed157be2501,buy,0x887834d3b8d450b6bab109c252df3da286d73ce4,0x208afed97804c01d89b6e44fad741989238467af19bd983275de3f0441e5a06a
29,0.012690355329949238,0.0005,0xc22f5ab4f1591613a92b4d172cc7f4e4a5af58cd,2017-09-23T23:22:59.000Z,0.039400000000000004,0xd03ad690ed8065edfdc1e08197a3ebc71535a7ff,buy,0x887834d3b8d450b6bab109c252df3da286d73ce4,0x08162b224eccb8da6cfd34cc41ef40a7159af7afa3bc4637e8ecf2478eeba8bd
30,0.012690355329949238,0.0005,0x452b06f1c61cff4c9bebaa405319a7c3b12553a2,2017-09-23T23:22:31.000Z,0.039400000000000004,0xd03ad690ed8065edfdc1e08197a3ebc71535a7ff,buy,0x887834d3b8d450b6bab109c252df3da286d73ce4,0x3a4faa2d0a423bd93a9e53bfc8f48d9c13e1f49d9fe9b815c727121b0b1f3da5
31,0.012690355329949238,0.0005,0x2ba19ec4bcd5ae8de66b110bde5ebf41092bd02f,2017-09-23T19:17:10.000Z,0.039400000000000004,0xd03ad690ed8065edfdc1e08197a3ebc71535a7ff,buy,0x887834d3b8d450b6bab109c252df3da286d73ce4,0xf8e50403f3819428ae5c781ce51a0a2ba87d16707dd0f5790b1daf6c16fec05a
32,0.012690355329949238,0.0005,0x18a902dc44442205b4ba2b1dc038e67506d22c55,2017-09-23T15:31:20.000Z,0.039400000000000004,0xd03ad690ed8065edfdc1e08197a3ebc71535a7ff,buy,0x887834d3b8d450b6bab109c252df3da286d73ce4,0x0ff4e270a2f67be8953a6bfce870a748b2aed84d851715ee7f187cc2c99de935
33,0.012690355329949238,0.0005,0xd868b838b5de79f1e540b5d83c9e9a3d0b3810cd,2017-09-23T14:48:10.000Z,0.039400000000000004,0xd03ad690ed8065edfdc1e08197a3ebc71535a7ff,buy,0x887834d3b8d450b6bab109c252df3da286d73ce4,0x60272342349bcb787eb8ad2b2f2f8e87fcf1d357e11a5b1545cc554fb991b550
34,0.012690355329949238,0.0005,0x999dbc9673afdd6b6c140c261297f89de35ff1b3,2017-09-22T05:09:50.000Z,0.039400000000000004,0xd03ad690ed8065edfdc1e08197a3ebc71535a7ff,buy,0x887834d3b8d450b6bab109c252df3da286d73ce4,0xc74a90d46d72fabf516e744b680dcf5c592661338c911160ee9f020f31868b24
35,0.012690355329949238,0.0005,0x8612d2a48328bbf318b856ed0daaa4a7034383d0,2017-09-22T04:58:52.000Z,0.039400000000000004,0xd03ad690ed8065edfdc1e08197a3ebc71535a7ff,buy,0x887834d3b8d450b6bab109c252df3da286d73ce4,0x1df4696d03502a25e1f494d04afd98f89a2bc858b2d73d0a9f17bf3157787cf9
36,0.012690355329949238,0.0005,0x10c12555236fa11fc988be565ab70c82a4660ecf,2017-09-22T04:54:48.000Z,0.039400000000000004,0xd03ad690ed8065edfdc1e08197a3ebc71535a7ff,buy,0x887834d3b8d450b6bab109c252df3da286d73ce4,0xe44e40c956cd808c6c61d6fb019204d702c320fef041d53b07f6e75b75785050
37,0.012690355329949238,0.0005,0x8f28b1970e72adb11173044ebc762800e3128238,2017-09-22T04:40:13.000Z,0.039400000000000004,0xd03ad690ed8065edfdc1e08197a3ebc71535a7ff,buy,0x887834d3b8d450b6bab109c252df3da286d73ce4,0x281aa12b74fd45917de91fc6567b55426a5e36b5d1d49cf301601c924f6b1695
38,0.012690355329949238,0.0005,0x7ed2114439b24152cf18c02c10cae681a7ca2adc,2017-09-22T04:35:56.000Z,0.039400000000000004,0xd03ad690ed8065edfdc1e08197a3ebc71535a7ff,buy,0x887834d3b8d450b6bab109c252df3da286d73ce4,0x19f4d9c061024fcb7576428f5793a9a7627f617d4b02b413c16cec7ad7dd4339
39,0.012690355329949238,0.0005,0x03dd03643b71b06642179afb38211c0f45699bc5,2017-09-22T04:18:52.000Z,0.039400000000000004,0xd03ad690ed8065edfdc1e08197a3ebc71535a7ff,buy,0x887834d3b8d450b6bab109c252df3da286d73ce4,0xf221c8227a6c0e8514a767316688f925f729fe56366545d88ac6eb97b093f4bb
40,0.0125,0.0005,0x1f8ac99600c61189d92c85cc760735b9e0067a60,2017-09-20T17:50:21.000Z,0.04,0x39aa7c717b00ab39b827c6888f029a66afb75cf0,buy,0x887834d3b8d450b6bab109c252df3da286d73ce4,0x00be9bdf3b471ce6c74e44dde4310b10a3d32fc428d064a3edca97065826332d
41,0.0125,0.0005,0x0f657c396dfcd6c59bb82b89fc3adbe5f90ce153,2017-09-20T10:38:30.000Z,0.04,0x39aa7c717b00ab39b827c6888f029a66afb75cf0,buy,0x887834d3b8d450b6bab109c252df3da286d73ce4,0xe84996d60d36677cb8b6707a0d390ec4b881e25befc473abf362229cacdeda5c
42,0.0125,0.0005,0x42c24a83bded723edfdf5883bc7efb30bc1a1bf3,2017-09-20T09:54:38.000Z,0.04,0x39aa7c717b00ab39b827c6888f029a66afb75cf0,buy,0x887834d3b8d450b6bab109c252df3da286d73ce4,0x38d5d510facd3de85e3af40c132d017eefef1a2a23234e108aa45e8b649c9c3e
43,310,0.2852,0x039b55c7074f37bb24a57ca277a323eb9f6fea8e,2017-09-16T21:18:29.000Z,0.00092,0x8b182a4526944fa498970732a69a95d281c3c8a9,sell,0x887834d3b8d450b6bab109c252df3da286d73ce4,0x8f72ff24b810bf2dfc17b5f9b3093281a41ed5641f783e8dc953cd5b74ea4c59
44,200,0.002,0x8b182a4526944fa498970732a69a95d281c3c8a9,2017-09-09T09:55:19.000Z,0.00001,0x84642e9953e3fe21adba0c2b8918dc63b17c78a3,sell,0x887834d3b8d450b6bab109c252df3da286d73ce4,0x89db76e1ed3ea8595019962ad01e97f59079eac614445b233c5538f56fe1185a
45,200,0.002,0x8b182a4526944fa498970732a69a95d281c3c8a9,2017-09-09T09:53:17.000Z,0.00001,0x84642e9953e3fe21adba0c2b8918dc63b17c78a3,sell,0x887834d3b8d450b6bab109c252df3da286d73ce4,0xdd1c96dc2079bbaa3a535d1bcc2d9e646e9a27b7e03d590bf4c4e3bb292af9e6
46,0.8192444160256157,0.003276977664102463,0x81423583771f58213a29706db4e9da184b9514e9,2017-09-01T13:57:56.000Z,0.004,0x81423583771f58213a29706db4e9da184b9514e9,buy,0x887834d3b8d450b6bab109c252df3da286d73ce4,0x75aee966c4c7182a0d357fa3e608c6a7039fafb67bcc0f6b249a0c1d05b40237
