,amount,amountBase,buyer,date,price,seller,side,tokenAddr,txHash
0,0.3125,0.0005,0x4fda9e6bcd83af6c5cc771b5d20accc2b7720074,2017-11-02T09:36:11.000Z,0.0016,0x971f30c325d9924ad472adf0bf98702502baad93,buy,0x02b9806a64cb05f02aa8dcc1c178b88159a61304,0x3a9a812f4be1749f3c0be86ce883b11c2a92f2a804b051a00387ead8f95602bb
1,0.3125,0.0005,0x4fda9e6bcd83af6c5cc771b5d20accc2b7720074,2017-11-02T09:35:43.000Z,0.0016,0x971f30c325d9924ad472adf0bf98702502baad93,buy,0x02b9806a64cb05f02aa8dcc1c178b88159a61304,0x3a9a812f4be1749f3c0be86ce883b11c2a92f2a804b051a00387ead8f95602bb
2,0.3125,0.0005,0x3075f7f189912f4f425dd7021b9c396434197477,2017-11-02T09:28:08.000Z,0.0016,0x971f30c325d9924ad472adf0bf98702502baad93,buy,0x02b9806a64cb05f02aa8dcc1c178b88159a61304,0x5d7cedc90780f5b9d7770686c4570fa47f46aa0e313e519ca2f4bfe8f53ce373
3,0.5,0.00085,0x0b773d7819259d78757b26dc4148812d35676d8f,2017-10-31T14:33:12.000Z,0.0017,0x16cba3c2409f10259717f99d067bbcd356e0f858,buy,0x02b9806a64cb05f02aa8dcc1c178b88159a61304,0xc498a7b3dc8d7e23d6244dca49417879053ae22eea81a27b09b1af6b52b05094
4,0.29411764705882354,0.0005,0x34f9560c63078eb61872a4dc2ccd20e21c34feaf,2017-10-28T20:21:14.000Z,0.0017,0x16cba3c2409f10259717f99d067bbcd356e0f858,buy,0x02b9806a64cb05f02aa8dcc1c178b88159a61304,0x7874d22c4c9de10cad9d4cd0e299373d8ecc06f2eb5f27fcf4f63e50102c26b9
5,0.29411764705882354,0.0005,0xe444a40689f51f63bcd29910622035707d533d29,2017-10-28T20:17:38.000Z,0.0017,0x16cba3c2409f10259717f99d067bbcd356e0f858,buy,0x02b9806a64cb05f02aa8dcc1c178b88159a61304,0xe57e687616e84bde7b466c8a080c8c6dd724afd786a36b379f28dd87bc84adee
6,0.1,0.0001699,0x6cdea8e07bf82d7a07dbf36642d6e5be8623845c,2017-10-22T14:18:03.000Z,0.001699,0x971f30c325d9924ad472adf0bf98702502baad93,buy,0x02b9806a64cb05f02aa8dcc1c178b88159a61304,0x688f96da5b71fdfd76340ad6d90030f51ec5abb58711ba14d5a7144112ffc5ca
7,0.29411764705882354,0.0005,0x16e5d97bbc92417e051e3b2cabfbf8ceea2acb9c,2017-10-22T10:49:27.000Z,0.0017,0x16cba3c2409f10259717f99d067bbcd356e0f858,buy,0x02b9806a64cb05f02aa8dcc1c178b88159a61304,0xa432187d3a1f95698242a75275e0ab66c55e339292b7326867e33b0a39da7fe9
8,0.29411764705882354,0.0005,0xcd912af5286dc0b0a23edb30209734ecb60838b3,2017-10-22T10:45:36.000Z,0.0017,0x16cba3c2409f10259717f99d067bbcd356e0f858,buy,0x02b9806a64cb05f02aa8dcc1c178b88159a61304,0x21b91285b734e64fa92a76086b296f4ccad2aa98e296f1e260917516b8f95bc6
9,0.29411764705882354,0.0005,0x379374d13077e8867ef31803c37baf9785a17c00,2017-10-22T10:44:13.000Z,0.0017,0x16cba3c2409f10259717f99d067bbcd356e0f858,buy,0x02b9806a64cb05f02aa8dcc1c178b88159a61304,0x18e98cace67def7d2fd4d01b0befc2dd15ca6c923290eed4744f2466e1584b06
10,0.29411764705882354,0.0005,0xf9695cd65d6dfdf257fab76a3eb0cb8f001971cc,2017-10-22T10:35:48.000Z,0.0017,0x16cba3c2409f10259717f99d067bbcd356e0f858,buy,0x02b9806a64cb05f02aa8dcc1c178b88159a61304,0x29292fc069b8d7c68615e85c4be1f56d80d980d181f188fe0cac98e6ee223578
11,1,0.00169,0xe412f7324492ead5eacf30dcec2240553bf1326a,2017-10-20T20:34:05.000Z,0.00169,0x971f30c325d9924ad472adf0bf98702502baad93,buy,0x02b9806a64cb05f02aa8dcc1c178b88159a61304,0x4a163eb78b545d90eee833c8e7891875b8732af2e1d9cf64651e9fa1e39893ae
12,1,0.00179,0x3ac636ac5c3a2576156ac5f10066ca68abe0ad54,2017-10-20T10:41:52.000Z,0.00179,0xa3d559a26e0252266d4d43231d7c29707c76d8b0,buy,0x02b9806a64cb05f02aa8dcc1c178b88159a61304,0x4baf48b489b58d901c903ec681636f9d152ba02d487036752762d1b4e7f05713
13,1,0.00159999,0x636d925f140f761f7a0e600db2177dd068ddada1,2017-10-18T16:00:26.000Z,0.00159999,0x971f30c325d9924ad472adf0bf98702502baad93,buy,0x02b9806a64cb05f02aa8dcc1c178b88159a61304,0x67c785ada6a8512d10b1b1cd64f2279ff11ac1b0f8fc452a44ef2d077701b5a3
14,12.03360746,0.0166666666681746,0x5d5065b42bdee0274e394ba9042c21e1818c69cf,2017-10-15T05:14:43.000Z,0.00138501,0xe1b70fc15811f1d1e8993ecc765aded8531024ff,sell,0x02b9806a64cb05f02aa8dcc1c178b88159a61304,0x9755d2a4e6772bed6fc44c675c2a40415f03378482659c15ab07010705224ec2
15,0.14383484172845457,0.000018842364266427,0xb169a5db795b3a0479998063ba1eb003fc318ba5,2017-10-12T22:52:42.000Z,0.0001309999999999962,0x4680ca425d4403c086c43aeabe3dec0a5ac56638,sell,0x02b9806a64cb05f02aa8dcc1c178b88159a61304,0xc274a0b4ef2d8bf36c37049e43e007b8e283ec0395838d27f3743f6a393fe29e
16,209.35101186322402,0.02512212142358688,0xb169a5db795b3a0479998063ba1eb003fc318ba5,2017-10-11T19:52:19.000Z,0.00011999999999999999,0x724df19a3225bafd39fe0ac21561c466efad92b6,sell,0x02b9806a64cb05f02aa8dcc1c178b88159a61304,0x735016505f87cda5e626efc8d2c4d1c3bb8728c2c427e6a04961975d674bac87
17,5000,0.6,0xb169a5db795b3a0479998063ba1eb003fc318ba5,2017-10-11T05:36:04.000Z,0.00012,0x724df19a3225bafd39fe0ac21561c466efad92b6,sell,0x02b9806a64cb05f02aa8dcc1c178b88159a61304,0x4548744a6c7e34e0cbd034c49eb2b3635bd180547b9f64a3dc01b99b33d5fbd7
18,100,0.0415,0xb169a5db795b3a0479998063ba1eb003fc318ba5,2017-10-11T04:51:17.000Z,0.000415,0xc9087108b890f9aee9c5b878c6f062a2b0c730f3,buy,0x02b9806a64cb05f02aa8dcc1c178b88159a61304,0xc19199ea0c05d3110682a2aa6b7264f9b4c6b2ccc54a5ce5edd26c516308fafe
19,116,0.0174,0xb169a5db795b3a0479998063ba1eb003fc318ba5,2017-10-11T04:46:54.000Z,0.00015,0x3916727abdf5f8febe9c4eac7c6a8194aa0dd978,buy,0x02b9806a64cb05f02aa8dcc1c178b88159a61304,0x50f49cf018cac28e908964fe726b64dee9f93435dc4cc444e8e0b2c5dbb2e1e8
20,1442.8072973781277,0.43284218921343837,0x53f64794758406c6e8355d22ee4d32926e75dcc6,2017-10-06T06:01:12.000Z,0.0003,0x4680ca425d4403c086c43aeabe3dec0a5ac56638,sell,0x02b9806a64cb05f02aa8dcc1c178b88159a61304,0xd1e7225c97e14773fc3962e58ce352e1ded9ab786cd6f9ce4321f87bf4e3a756
21,0.40232180073824314,0.000120696540221472,0x53f64794758406c6e8355d22ee4d32926e75dcc6,2017-10-06T03:03:37.000Z,0.00029999999999999764,0x15e1e939f9f3c7273803145ac8daf5efa5b44ede,sell,0x02b9806a64cb05f02aa8dcc1c178b88159a61304,0x7a287e0dc314f08eb405bf791797cfe8cf47acbce845f0833108fa25450f2623
22,100,0.031,0xc9087108b890f9aee9c5b878c6f062a2b0c730f3,2017-10-01T07:00:50.000Z,0.00031,0x4680ca425d4403c086c43aeabe3dec0a5ac56638,sell,0x02b9806a64cb05f02aa8dcc1c178b88159a61304,0x17b796d7083897f67031f788b70fdda5d22f27d9430dac257052145d6e39259c
23,40,0.01244,0x971f30c325d9924ad472adf0bf98702502baad93,2017-10-01T06:57:20.000Z,0.000311,0x4680ca425d4403c086c43aeabe3dec0a5ac56638,sell,0x02b9806a64cb05f02aa8dcc1c178b88159a61304,0x5ce3e4375ec12187defe38177e885367f5948a1f54c44d1ca5e7d4a53e9fb305
24,11,0.01969,0x4b43041e418b16bb7dcf94a09f721cc73574fc04,2017-09-29T10:37:49.000Z,0.00179,0xa3d559a26e0252266d4d43231d7c29707c76d8b0,buy,0x02b9806a64cb05f02aa8dcc1c178b88159a61304,0x8bf6f5fac093f793d999313d050f0e9319c44a9627f11827a67d27d7245d5e0b
25,1,0.00179,0xa0be78d2bac6a692adba423c7af50ec86a18bddf,2017-09-28T05:17:15.000Z,0.00179,0xa3d559a26e0252266d4d43231d7c29707c76d8b0,buy,0x02b9806a64cb05f02aa8dcc1c178b88159a61304,0xd041939d4cf15e2ea907a88612a12acf905804b2dc012c23a95e23adbd788bd2
26,1,0.00179,0xa0be78d2bac6a692adba423c7af50ec86a18bddf,2017-09-28T05:17:15.000Z,0.00179,0xa3d559a26e0252266d4d43231d7c29707c76d8b0,buy,0x02b9806a64cb05f02aa8dcc1c178b88159a61304,0x7731ecefc4df3087d85ba2594515c45b8267e6ae38e5018fec48c576cbdc8e4b
27,1,0.0018,0xb8186b97012530dceadc931136bf6cc7e4237f10,2017-09-27T03:04:53.000Z,0.0018,0x4680ca425d4403c086c43aeabe3dec0a5ac56638,buy,0x02b9806a64cb05f02aa8dcc1c178b88159a61304,0xb16f22def9d8ce97689d6a93962464c03f72327a1c6f529760bb4da7dd9f6ade
28,100,0.033,0xe1b70fc15811f1d1e8993ecc765aded8531024ff,2017-09-26T09:55:56.000Z,0.00033,0x4680ca425d4403c086c43aeabe3dec0a5ac56638,sell,0x02b9806a64cb05f02aa8dcc1c178b88159a61304,0x77cc6d85185da24627e397ce9bc566b3e84b455e0c0305cb65873e59f7a7e16d
29,0.3333333333333333,0.0005,0xc886b21b865e7c90432d9b8bdb14ad254f2232f5,2017-09-25T04:01:35.000Z,0.0015,0xb169a5db795b3a0479998063ba1eb003fc318ba5,buy,0x02b9806a64cb05f02aa8dcc1c178b88159a61304,0xa01dbd4425bb1abcd45471f0d6939df519c05beab3107c3fc669ac745083c731
30,0.3333333333333333,0.0005,0xe37bd4d49c619e748d4efe74525489d26b6aff43,2017-09-25T03:48:56.000Z,0.0015,0xb169a5db795b3a0479998063ba1eb003fc318ba5,buy,0x02b9806a64cb05f02aa8dcc1c178b88159a61304,0xaf53e71077c7dcf73b83db8d8da2c20114232ab7e6d616c30e8b69026a6b59b0
31,0.3333333333333333,0.0005,0x23ee598e50ff1b1bde1022bf3c8a41d4c23321a0,2017-09-25T00:14:37.000Z,0.0015,0xb169a5db795b3a0479998063ba1eb003fc318ba5,buy,0x02b9806a64cb05f02aa8dcc1c178b88159a61304,0x9142d52b2af8e63580514f7cf0f2de664faab0dbc813405804f69e4fef58add0
32,0.3333333333333333,0.0005,0xe5a759eb3e214ff0a2bbbea31acc41c9bf27b239,2017-09-25T00:08:47.000Z,0.0015,0xb169a5db795b3a0479998063ba1eb003fc318ba5,buy,0x02b9806a64cb05f02aa8dcc1c178b88159a61304,0x76f280ce58ff78beeb5cd5e26606f4ef8de91f4e917c03a3fdd2899712bac4ad
33,0.3333333333333333,0.0005,0x160506e5a5ce5dadd43623689f53d5aa1f288f0f,2017-09-24T23:42:03.000Z,0.0015,0xb169a5db795b3a0479998063ba1eb003fc318ba5,buy,0x02b9806a64cb05f02aa8dcc1c178b88159a61304,0xcdc00b7e189174e54cfc3dcd342f7937fad2be380a0d0411ae8178abb4cfcdc5
34,0.4,0.0005,0xc22f5ab4f1591613a92b4d172cc7f4e4a5af58cd,2017-09-23T23:27:54.000Z,0.00125,0xb169a5db795b3a0479998063ba1eb003fc318ba5,buy,0x02b9806a64cb05f02aa8dcc1c178b88159a61304,0x3480652bf9195d3943a2b5bc65249e87e7aef46a21ef63d597e3a8356072af0b
35,0.4,0.0005,0x452b06f1c61cff4c9bebaa405319a7c3b12553a2,2017-09-23T23:27:13.000Z,0.00125,0xb169a5db795b3a0479998063ba1eb003fc318ba5,buy,0x02b9806a64cb05f02aa8dcc1c178b88159a61304,0xfdd22709c9debfcc270ce99c9611dfe2f234d0ff02fee2a4a14062c0bac2038f
36,0.4,0.0005,0x2ba19ec4bcd5ae8de66b110bde5ebf41092bd02f,2017-09-23T19:17:44.000Z,0.00125,0xb169a5db795b3a0479998063ba1eb003fc318ba5,buy,0x02b9806a64cb05f02aa8dcc1c178b88159a61304,0x20461a114eca21f20abebbe5048f053ef1865eac9b9da87509532791f68e6a6d
37,0.4,0.0005,0x18a902dc44442205b4ba2b1dc038e67506d22c55,2017-09-23T16:03:02.000Z,0.00125,0xb169a5db795b3a0479998063ba1eb003fc318ba5,buy,0x02b9806a64cb05f02aa8dcc1c178b88159a61304,0xef08b95fb6a2fd2454ccf973b1b0b1ac05c60cb5aa070bc6ba49d779199f4238
38,0.4,0.0005,0xd868b838b5de79f1e540b5d83c9e9a3d0b3810cd,2017-09-23T15:52:59.000Z,0.00125,0xb169a5db795b3a0479998063ba1eb003fc318ba5,buy,0x02b9806a64cb05f02aa8dcc1c178b88159a61304,0x4814a3d3c47bcf7d638f70f5e38395dc049532b6a3f0d14405878f0bbd8dcd98
39,0.0006979,0.20937,0xb169a5db795b3a0479998063ba1eb003fc318ba5,2017-09-23T02:50:03.000Z,300,0x5ae933bfbbaa04c3e05ae56295138174ada9799c,sell,0x02b9806a64cb05f02aa8dcc1c178b88159a61304,0x8301c9237f1dcf719e279ee82d2332aabd9b064d49cdad2b9b091fe38fa427af
40,0.3937007874015748,0.0005,0x999dbc9673afdd6b6c140c261297f89de35ff1b3,2017-09-22T05:43:59.000Z,0.00127,0x92e869e6a08a6d76f5ad529c43a608f4807927ab,buy,0x02b9806a64cb05f02aa8dcc1c178b88159a61304,0x62556b9c479e9362bfe5827fe2a01db2e6562cbde3b20b16d45e4de5a51250ab
41,0.3937007874015748,0.0005,0x999dbc9673afdd6b6c140c261297f89de35ff1b3,2017-09-22T05:18:32.000Z,0.00127,0x92e869e6a08a6d76f5ad529c43a608f4807927ab,buy,0x02b9806a64cb05f02aa8dcc1c178b88159a61304,0x15d8194b62246b02cf42e59c21694789440341f6efc1415e2cdddb989dfaf144
42,0.3937007874015748,0.0005,0x8612d2a48328bbf318b856ed0daaa4a7034383d0,2017-09-22T05:05:01.000Z,0.00127,0x92e869e6a08a6d76f5ad529c43a608f4807927ab,buy,0x02b9806a64cb05f02aa8dcc1c178b88159a61304,0x36fd8b33ee7e20ce3a72472cc529e05cd707aeeaaa15b5d25c54f009bf236d96
43,0.3937007874015748,0.0005,0x10c12555236fa11fc988be565ab70c82a4660ecf,2017-09-22T05:03:06.000Z,0.00127,0x92e869e6a08a6d76f5ad529c43a608f4807927ab,buy,0x02b9806a64cb05f02aa8dcc1c178b88159a61304,0x1d92efc1d382948bc8fc14164248b28962251b2a31d4ef917f44ed591554c5c3
44,0.3937007874015748,0.0005,0x8f28b1970e72adb11173044ebc762800e3128238,2017-09-22T04:55:26.000Z,0.00127,0x92e869e6a08a6d76f5ad529c43a608f4807927ab,buy,0x02b9806a64cb05f02aa8dcc1c178b88159a61304,0x78e96e391c8ecff8b9da3bd30d32cca3dec06288f8f4e27970622bff0674e4d0
45,0.3937007874015748,0.0005,0x7ed2114439b24152cf18c02c10cae681a7ca2adc,2017-09-22T04:50:29.000Z,0.00127,0x92e869e6a08a6d76f5ad529c43a608f4807927ab,buy,0x02b9806a64cb05f02aa8dcc1c178b88159a61304,0xf876f037b6627d89c3c0b0c39c51af5dc6c149a0596abcef2680c6013a8da238
46,0.3937007874015748,0.0005,0x03dd03643b71b06642179afb38211c0f45699bc5,2017-09-22T04:37:06.000Z,0.00127,0x92e869e6a08a6d76f5ad529c43a608f4807927ab,buy,0x02b9806a64cb05f02aa8dcc1c178b88159a61304,0x23a1423e585cdcf6a56278877fd4abf2a3ea72fcd77174e8e0e320b3ffc04fad
47,3.686,0.0044232,0x16cba3c2409f10259717f99d067bbcd356e0f858,2017-09-21T21:42:35.000Z,0.0012,0x92e869e6a08a6d76f5ad529c43a608f4807927ab,sell,0x02b9806a64cb05f02aa8dcc1c178b88159a61304,0x60ffaf786206d3e5c1918097643c4da849efe5dfcc80a2380da2a6d4006486da
48,334.9616189811584,0.427076064200977,0x16cba3c2409f10259717f99d067bbcd356e0f858,2017-09-21T21:38:37.000Z,0.001275,0x92e869e6a08a6d76f5ad529c43a608f4807927ab,sell,0x02b9806a64cb05f02aa8dcc1c178b88159a61304,0x69e0c8cd94e0b904410536d01f77cd714009d6008e99d9e177f600332ba0227d
49,0.3115653040877,0.00037387836490524,0x16cba3c2409f10259717f99d067bbcd356e0f858,2017-09-19T19:43:59.000Z,0.0012,0x8b24d80c6dd6e1af5a000e03ca8f00886a05f6f5,sell,0x02b9806a64cb05f02aa8dcc1c178b88159a61304,0x92fa8081341c7037aeca5e7795cd5057b92066bd52de389ae8ec3609816e07fa
50,0.4985044865403,0.00059820538384836,0x16cba3c2409f10259717f99d067bbcd356e0f858,2017-09-19T18:25:58.000Z,0.0012,0x64b604630e055318093215b7ed41697ca4fb5de6,sell,0x02b9806a64cb05f02aa8dcc1c178b88159a61304,0xdf2cf3cb4add8fea708e20466a889ab0bab355c2d3cea361e5500491d4df27fd
51,0.5303239218514,0.00063638870622168,0x16cba3c2409f10259717f99d067bbcd356e0f858,2017-09-19T14:31:59.000Z,0.0012,0x4c2fb430e95954bcfa54ce4741a9fc2ff6e415ad,sell,0x02b9806a64cb05f02aa8dcc1c178b88159a61304,0xfc46c372fa7ce977afc913a5a6d513b2864e18b52b5d3d50b746bfe86cb40012
52,1,0.002,0xd6f29f2fb0a1dc783aeab42ce7ce9276f8e14a54,2017-09-19T03:10:00.000Z,0.002,0xe1b70fc15811f1d1e8993ecc765aded8531024ff,buy,0x02b9806a64cb05f02aa8dcc1c178b88159a61304,0xfc47f8de6d01468e19fa450225077d9bbbcb4efa4cee3d5c311d06d34a308e8a
53,323.02362675705314,0.32302362675705315,0x16cba3c2409f10259717f99d067bbcd356e0f858,2017-09-18T11:14:09.000Z,0.001,0x2d65c1df6183b7bfbc9c0c7ab36cb5ed25423ffa,sell,0x02b9806a64cb05f02aa8dcc1c178b88159a61304,0xab1d7231881bf7e12dafaebd000d30e2649b3b2eb3ebcee7281796faef26def5
54,420.4369144821544,0.4624806059303699,0x16cba3c2409f10259717f99d067bbcd356e0f858,2017-09-18T10:39:37.000Z,0.0011,0xb169a5db795b3a0479998063ba1eb003fc318ba5,buy,0x02b9806a64cb05f02aa8dcc1c178b88159a61304,0x3cfa258ef5e54cebb098c9a1dee626c7859299470b3b7bbecaa10efa7443328d
55,324.025,0.383878898,0x2d65c1df6183b7bfbc9c0c7ab36cb5ed25423ffa,2017-09-18T10:32:18.000Z,0.00118472,0x5ae933bfbbaa04c3e05ae56295138174ada9799c,sell,0x02b9806a64cb05f02aa8dcc1c178b88159a61304,0x23d80ef660025e0931da79f13e0c343d4685969d1c91258cd9593da68cc4b629
56,325,0.3575,0x5ae933bfbbaa04c3e05ae56295138174ada9799c,2017-09-18T10:32:18.000Z,0.0011,0xb169a5db795b3a0479998063ba1eb003fc318ba5,buy,0x02b9806a64cb05f02aa8dcc1c178b88159a61304,0x23d80ef660025e0931da79f13e0c343d4685969d1c91258cd9593da68cc4b629
57,453.1994491542092,0.49851939406963014,0x9340f994a4f6bbf9ddc956f87c0f409de7215f41,2017-09-17T19:26:35.000Z,0.0011,0xb169a5db795b3a0479998063ba1eb003fc318ba5,buy,0x02b9806a64cb05f02aa8dcc1c178b88159a61304,0x130ab96dbbc7e82368e4cd196d340d14c7f432cdd1ac51ed696fb8fc7874e375
58,0.45454545454545453,0.0005,0x42c24a83bded723edfdf5883bc7efb30bc1a1bf3,2017-09-16T17:12:56.000Z,0.0011,0xb169a5db795b3a0479998063ba1eb003fc318ba5,buy,0x02b9806a64cb05f02aa8dcc1c178b88159a61304,0x48e7f82e2235573a05147de6290ca966982d2296076ab1ceb6db4ff56f358087
59,0.45454545454545453,0.0005,0x0f657c396dfcd6c59bb82b89fc3adbe5f90ce153,2017-09-16T15:38:04.000Z,0.0011,0xb169a5db795b3a0479998063ba1eb003fc318ba5,buy,0x02b9806a64cb05f02aa8dcc1c178b88159a61304,0x7d455cf9732b886e7478a7a63557e2e8632c9edacbfc355f67e93139bc305cf4
60,0.45454545454545453,0.0005,0x1f8ac99600c61189d92c85cc760735b9e0067a60,2017-09-16T14:54:12.000Z,0.0011,0xb169a5db795b3a0479998063ba1eb003fc318ba5,buy,0x02b9806a64cb05f02aa8dcc1c178b88159a61304,0xa973110ed6d1c83fdbfda291fe6e6708987e93641e78a4d18d131d78a4259187
61,0.3125,0.0005,0x8b24d80c6dd6e1af5a000e03ca8f00886a05f6f5,2017-09-15T03:42:59.000Z,0.0016,0xb169a5db795b3a0479998063ba1eb003fc318ba5,buy,0x02b9806a64cb05f02aa8dcc1c178b88159a61304,0x40a63047d78b70719eeadf084ea60a03d31d7bf307c39ec8c0f43e568f3ed166
62,18.578970877237087,0.02192318563513976,0xb40bd9eda60265b5052b716299a65c3d73b2240e,2017-09-14T23:17:07.000Z,0.00118,0x9d96f2806d7b80702168f382e0810c9a0904c017,buy,0x02b9806a64cb05f02aa8dcc1c178b88159a61304,0x868a03b800bb1a06c1a9e6d0e9fe83135d9a87effb9422231d186ec8f4a271b1
63,3006.726906800857,3.487803211888994,0xb40bd9eda60265b5052b716299a65c3d73b2240e,2017-09-14T22:29:01.000Z,0.00116,0x9d96f2806d7b80702168f382e0810c9a0904c017,buy,0x02b9806a64cb05f02aa8dcc1c178b88159a61304,0xa2f5141fd33027305d3a861f84de1d2ed9b7804df074b87fd4607292dca2fe18
64,593.2730931991432,0.6881967881110062,0xb40bd9eda60265b5052b716299a65c3d73b2240e,2017-09-14T22:25:52.000Z,0.00116,0x9d96f2806d7b80702168f382e0810c9a0904c017,buy,0x02b9806a64cb05f02aa8dcc1c178b88159a61304,0x396626fb1e7be6566244fc63e1f167456b9b239e04ca9e62fdd667a5194f2979
65,1187.2285024114788,1.3059513526526265,0xb40bd9eda60265b5052b716299a65c3d73b2240e,2017-09-14T22:24:33.000Z,0.0011,0x9d96f2806d7b80702168f382e0810c9a0904c017,buy,0x02b9806a64cb05f02aa8dcc1c178b88159a61304,0xfe18d3bd0d8f8fb5f7bd0fbaa3406e6ba347d23988d5907b27cd852cf4b81bb2
66,1812.7714975885212,1.9940486473473733,0xb40bd9eda60265b5052b716299a65c3d73b2240e,2017-09-14T22:17:17.000Z,0.0011,0x9d96f2806d7b80702168f382e0810c9a0904c017,buy,0x02b9806a64cb05f02aa8dcc1c178b88159a61304,0x7770b98171b57eb28963ba6b354d127bc3615137f8f0daaae3f169aa07a83c06
67,500,0.49,0xb40bd9eda60265b5052b716299a65c3d73b2240e,2017-09-14T22:01:59.000Z,0.00098,0x7e6664f769a9655a0ab100a4b68088c2e9a9717a,buy,0x02b9806a64cb05f02aa8dcc1c178b88159a61304,0x64031afa56e6526b5264924eb0600d4e1241e5f2e3c01a643ded66acf490205b
68,910.62,0.8833014,0xb40bd9eda60265b5052b716299a65c3d73b2240e,2017-09-14T22:01:45.000Z,0.00097,0x93ddc5f7e4b30fd3b841a415c07fcd0e2523f10e,buy,0x02b9806a64cb05f02aa8dcc1c178b88159a61304,0xdaa655082cb40e94bc10de892e9a1b5c5378edabe5e4da8b6d7f9543376285f1
69,500,0.48,0xb40bd9eda60265b5052b716299a65c3d73b2240e,2017-09-14T21:50:49.000Z,0.00096,0x93ddc5f7e4b30fd3b841a415c07fcd0e2523f10e,buy,0x02b9806a64cb05f02aa8dcc1c178b88159a61304,0x05641a14b4032e92abd0bceb760b82b5bdd576dec30dce3bdbd6b772cc7d6d65
70,500,0.475,0xb40bd9eda60265b5052b716299a65c3d73b2240e,2017-09-14T21:49:17.000Z,0.00095,0x93ddc5f7e4b30fd3b841a415c07fcd0e2523f10e,buy,0x02b9806a64cb05f02aa8dcc1c178b88159a61304,0x5ddba02db515cf8737267d42ce3a1dcf2d6fab8d3e7f602f92e5a41df085bdc7
71,499.468,0.46949992,0xb40bd9eda60265b5052b716299a65c3d73b2240e,2017-09-14T21:49:09.000Z,0.00094,0x93ddc5f7e4b30fd3b841a415c07fcd0e2523f10e,buy,0x02b9806a64cb05f02aa8dcc1c178b88159a61304,0x45cb071708cd2f927d5a8b46eb89dac669eee286e5daa3001764e6ae1737fce3
72,0.3798976846921361,0.000368500754151372,0xb40bd9eda60265b5052b716299a65c3d73b2240e,2017-09-14T20:48:04.000Z,0.00097,0x93ddc5f7e4b30fd3b841a415c07fcd0e2523f10e,buy,0x02b9806a64cb05f02aa8dcc1c178b88159a61304,0x0743ecdd359712e4aba9dfc74e887ad3f68edae339ee75112d35871104625cd6
73,0.5319148936170213,0.0005,0x4c2fb430e95954bcfa54ce4741a9fc2ff6e415ad,2017-09-13T20:35:11.000Z,0.00094,0x93ddc5f7e4b30fd3b841a415c07fcd0e2523f10e,buy,0x02b9806a64cb05f02aa8dcc1c178b88159a61304,0xb4ea219a135f9edd54ffd213684de73989c2fc0d567afaa1f69711aba24ec748
74,0.2755114910857244,0.001377557455428622,0xe826ee8ad80ce93ed65397d853ce81f36538160f,2017-09-12T20:41:39.000Z,0.005,0x492842125e4c3a7d10cda0e0291ea22788e4ad60,buy,0x02b9806a64cb05f02aa8dcc1c178b88159a61304,0xad44daee3a22a74c2955b078f05b2af6fa763b94346223671d032df235221f61
75,634.8236383037239,0.19051057385494755,0x9d96f2806d7b80702168f382e0810c9a0904c017,2017-09-11T21:39:36.000Z,0.0003001,0xa44a39baebccc4038792b0975c9bf42b5258cc59,sell,0x02b9806a64cb05f02aa8dcc1c178b88159a61304,0xc86abec3573a8c833c2219d977f44ba1bc449b2e688ccf1eb6ea003a7ef1c8bf
76,30,0.0099,0xe1b70fc15811f1d1e8993ecc765aded8531024ff,2017-09-11T21:33:01.000Z,0.00033,0xa44a39baebccc4038792b0975c9bf42b5258cc59,sell,0x02b9806a64cb05f02aa8dcc1c178b88159a61304,0x0ca3cc19d6805d34ac31c3972afade1ea832ae2592adaaa4dcf9e7810e02a45c
77,20,0.0066,0xe1b70fc15811f1d1e8993ecc765aded8531024ff,2017-09-11T21:33:01.000Z,0.00033,0xa44a39baebccc4038792b0975c9bf42b5258cc59,sell,0x02b9806a64cb05f02aa8dcc1c178b88159a61304,0xccffa5dd3a531ab0aaafd3e3d77dfbdaf5e3b4c10f3f46f7a7a16ab0a1fa55b4
78,500,0.35,0x7e6664f769a9655a0ab100a4b68088c2e9a9717a,2017-09-11T21:26:47.000Z,0.0007,0xa44a39baebccc4038792b0975c9bf42b5258cc59,sell,0x02b9806a64cb05f02aa8dcc1c178b88159a61304,0x7b0732cafed587e5be43036fbf417cf0ecb96aaf3117ddfedc97159b50c3aa81
79,483.9882048087145,0.3412116843901437,0x9d96f2806d7b80702168f382e0810c9a0904c017,2017-09-11T12:22:32.000Z,0.000705,0x0efd8db2005c52de9e7b1614c2532b5abe3ea040,sell,0x02b9806a64cb05f02aa8dcc1c178b88159a61304,0xf53c14474cf7aea533db5145c2a4fc4c0e3253c392f46964658fdafa406751c4
80,24.419300169474628,0.01721560661947961,0x9d96f2806d7b80702168f382e0810c9a0904c017,2017-09-11T11:48:06.000Z,0.000705,0x48bd59531e0ad74630cc82a813c2120abf7647ff,sell,0x02b9806a64cb05f02aa8dcc1c178b88159a61304,0x3216a6aa17c49d0bed4b6498725151641e2a2374f7c86c41a153ee43c76bc271
81,485.4885682436215,0.7282328523654322,0x0efd8db2005c52de9e7b1614c2532b5abe3ea040,2017-09-11T10:56:45.000Z,0.0015,0xa44a39baebccc4038792b0975c9bf42b5258cc59,buy,0x02b9806a64cb05f02aa8dcc1c178b88159a61304,0x16fa42c3b3df532a3dfbc5ee55c2136bbc221de7d16ddc90617b964e9c8e6914
82,9,0.009,0x04c7b072b71c15f502590f0f5b9b86c8593cfa70,2017-09-11T10:12:25.000Z,0.001,0xa44a39baebccc4038792b0975c9bf42b5258cc59,sell,0x02b9806a64cb05f02aa8dcc1c178b88159a61304,0x7559bb767e234416c7ce41ace6b508749a021f49fdc5db60f5bfa5f4b97b59ef
83,4,0.008,0x0485fa945f0da22c4394826845c59050d184265a,2017-09-11T04:18:40.000Z,0.002,0x197a7a12e48e427b3e9d1255bc6946d2a5f58156,buy,0x02b9806a64cb05f02aa8dcc1c178b88159a61304,0x2a1ffffe1db4781346acd5d174aa9d5dc496afb0d4a91f0f6773cde26e9f5c9f
84,1000,2,0xb96dc279fd2ca29cc51771e4eb345b46608d53f8,2017-09-11T03:33:33.000Z,0.002,0x197a7a12e48e427b3e9d1255bc6946d2a5f58156,buy,0x02b9806a64cb05f02aa8dcc1c178b88159a61304,0xb90a08ed79559e71dfce49a5cd43c2eac088705ef545b8ec9237d588a6f74e97
85,76,0.114,0xb96dc279fd2ca29cc51771e4eb345b46608d53f8,2017-09-11T03:32:55.000Z,0.0015,0x7e6664f769a9655a0ab100a4b68088c2e9a9717a,buy,0x02b9806a64cb05f02aa8dcc1c178b88159a61304,0x084b1822528327914a02aedbe01311211e4f852a261858ea5528129ccd6d590f
86,99.69095803010667,0.09969095803010666,0x9d96f2806d7b80702168f382e0810c9a0904c017,2017-09-10T19:16:43.000Z,0.001,0xe9f11ab7ba923c5343c6c4424e28aa92c0d78377,sell,0x02b9806a64cb05f02aa8dcc1c178b88159a61304,0xf71f37c6579f79b595cfb9a5c052c63fbf520c0f78b9f615cdea102743c56065
87,3128.656869565217,3.5979554,0x9d96f2806d7b80702168f382e0810c9a0904c017,2017-09-10T18:13:18.000Z,0.00115,0xa44a39baebccc4038792b0975c9bf42b5258cc59,sell,0x02b9806a64cb05f02aa8dcc1c178b88159a61304,0x1de450e6f193c6067b68531b0e7965f639ed7b7aacd06c8d754b5dab63b5a93f
88,250,0.5,0x9d96f2806d7b80702168f382e0810c9a0904c017,2017-09-10T18:05:10.000Z,0.002,0xb169a5db795b3a0479998063ba1eb003fc318ba5,buy,0x02b9806a64cb05f02aa8dcc1c178b88159a61304,0xe5f232cca889736315ee683b868a7fbe07efc975be2c761d039f00ad133395c8
89,499,0.8982,0x9d96f2806d7b80702168f382e0810c9a0904c017,2017-09-10T17:58:13.000Z,0.0018,0xb169a5db795b3a0479998063ba1eb003fc318ba5,buy,0x02b9806a64cb05f02aa8dcc1c178b88159a61304,0x85c36ed1d29d124431301c2799076d218c878c755f9acb66d150746860863898
90,1500,2.55,0x9d96f2806d7b80702168f382e0810c9a0904c017,2017-09-10T16:37:16.000Z,0.0017,0xfbf7dc0756a9768d0c71aea5f8421f3b1eaee7d1,buy,0x02b9806a64cb05f02aa8dcc1c178b88159a61304,0x86db75c9b17675e811a211280e0571da1f24f1216b80dc2016100f47625d2ec1
91,1451.9606760507088,1.4519606760507087,0xfbf7dc0756a9768d0c71aea5f8421f3b1eaee7d1,2017-09-10T15:48:11.000Z,0.001,0x7e6664f769a9655a0ab100a4b68088c2e9a9717a,buy,0x02b9806a64cb05f02aa8dcc1c178b88159a61304,0x6a2865394049802e701718782939a1de292dd37e19b0a6f9cc59dfa94990a2af
92,0.004788608846621,0.000004788608846621,0xfbf7dc0756a9768d0c71aea5f8421f3b1eaee7d1,2017-09-10T15:33:05.000Z,0.001,0x7e6664f769a9655a0ab100a4b68088c2e9a9717a,buy,0x02b9806a64cb05f02aa8dcc1c178b88159a61304,0x5fdc0db78e6836c853934756681fbc865d8ffd67294df55ebc4f314412e2aa01
93,48.03453534044462,0.04803453534044462,0xfbf7dc0756a9768d0c71aea5f8421f3b1eaee7d1,2017-09-10T15:19:43.000Z,0.001,0x7e6664f769a9655a0ab100a4b68088c2e9a9717a,buy,0x02b9806a64cb05f02aa8dcc1c178b88159a61304,0x5bfa4ba315a183f33927c65e6799aaff992be9668cee6b186a1e676461996f1f
94,1000,1,0xb628e7db5e78f305fe5e5e102d56db9e77c028d2,2017-09-10T12:24:59.000Z,0.001,0x7e6664f769a9655a0ab100a4b68088c2e9a9717a,buy,0x02b9806a64cb05f02aa8dcc1c178b88159a61304,0xd602c28f468430d837f67bae6bd3f34aec6271d7e2d5da6a0ed4ceb6793915a9
95,1,0.0018,0x0024a5046fd95c5eee6db19a69ef7ed3bacd50f1,2017-09-10T12:01:31.000Z,0.0018,0xb169a5db795b3a0479998063ba1eb003fc318ba5,buy,0x02b9806a64cb05f02aa8dcc1c178b88159a61304,0x07136d7f536fb8fd888c92dc863ceaa8757e9ca1606d0c9e0a159edf690f14da
96,450,0.765,0xc6e54bc0e82998811736460deb62218fe768faaf,2017-09-10T11:10:18.000Z,0.0017,0xb169a5db795b3a0479998063ba1eb003fc318ba5,buy,0x02b9806a64cb05f02aa8dcc1c178b88159a61304,0x7e37c1b3a2e5c857393f9d6c98bc8313fe143dae4c48ae81b3ac7e23a3da3db4
97,463.67286484673707,0.4636728648467371,0x7e6664f769a9655a0ab100a4b68088c2e9a9717a,2017-09-10T11:09:06.000Z,0.001,0x9b0ff208b9904d7769d36527695e27805180d79f,sell,0x02b9806a64cb05f02aa8dcc1c178b88159a61304,0x6a30b6817ad97248ff6df1b68b166d416858b78e1c336424580c509c76be7a76
98,142,0.16459504,0xc6e54bc0e82998811736460deb62218fe768faaf,2017-09-10T11:07:48.000Z,0.00115912,0x88650fdbfbb5c7933eb52008c4387050b963747d,buy,0x02b9806a64cb05f02aa8dcc1c178b88159a61304,0xcb49ea7b13440cee308c71f1cb91bc6f3e16375841a16d6c7026ec5890bad460
99,39.87638321204267,0.03987638321204267,0x7e6664f769a9655a0ab100a4b68088c2e9a9717a,2017-09-10T10:40:18.000Z,0.001,0xbbb0304ad97dd7e9d3d69ee920118a6d0b3637ea,sell,0x02b9806a64cb05f02aa8dcc1c178b88159a61304,0x5bf05051b6a4e2c968a3cf673e24b340d4074709f04679f5ff4052fd36cb09e3
100,79.2543116339348,0.0792543116339348,0x7e6664f769a9655a0ab100a4b68088c2e9a9717a,2017-09-10T08:15:01.000Z,0.001,0xf56a5813467b2b28d095877a40df468290e747e4,sell,0x02b9806a64cb05f02aa8dcc1c178b88159a61304,0x5af88c5c64be488d36e851eb1910eabf26d8c5af4b2e05798bfe74c63b036a08
101,23.3,0.023300233,0x7e6664f769a9655a0ab100a4b68088c2e9a9717a,2017-09-10T07:59:11.000Z,0.00100001,0xe1b70fc15811f1d1e8993ecc765aded8531024ff,buy,0x02b9806a64cb05f02aa8dcc1c178b88159a61304,0xf3d2a5c6c79be48575bf05676dac16ff20287b10cf96add133ada1f04ffdcfaa
102,1000,1.11,0x7e6664f769a9655a0ab100a4b68088c2e9a9717a,2017-09-10T07:59:11.000Z,0.00111,0xb169a5db795b3a0479998063ba1eb003fc318ba5,buy,0x02b9806a64cb05f02aa8dcc1c178b88159a61304,0x848aeddcf8501c0e9034352a587dd67ca0a80874640c1b93c68c0602ba5edc0a
103,969.95,0.96995,0x7e6664f769a9655a0ab100a4b68088c2e9a9717a,2017-09-10T07:58:23.000Z,0.001,0xb169a5db795b3a0479998063ba1eb003fc318ba5,buy,0x02b9806a64cb05f02aa8dcc1c178b88159a61304,0xbc3ed44c4c8f5a602b49aced82e7c13fad682049cbf32608d3ec447075b6e277
104,30,0.03,0xf56a5813467b2b28d095877a40df468290e747e4,2017-09-10T07:02:06.000Z,0.001,0xb169a5db795b3a0479998063ba1eb003fc318ba5,buy,0x02b9806a64cb05f02aa8dcc1c178b88159a61304,0xbf06ad7c2ea3361ca32240cffee6715aacdaeed402875dc8c4a0bc60f6c0e49a
105,49.5,0.0495,0xf56a5813467b2b28d095877a40df468290e747e4,2017-09-10T06:56:16.000Z,0.001,0xe1b70fc15811f1d1e8993ecc765aded8531024ff,buy,0x02b9806a64cb05f02aa8dcc1c178b88159a61304,0xfa6e97e0f93e869105560a5e59c391985a5e95bbe700d1340bf76b28ac6b0f8b
106,199.4017946161515,0.06580259222333,0x9b0ff208b9904d7769d36527695e27805180d79f,2017-09-10T06:04:56.000Z,0.00033,0x6d3d0dfa885186833d6cf04f7890aab7d3b43cd1,sell,0x02b9806a64cb05f02aa8dcc1c178b88159a61304,0x38433539d80a09e105b2a3b710cfaac57a8904078ec3ab9df69b421fbaf3404c
107,0.5,0.0005,0x64b604630e055318093215b7ed41697ca4fb5de6,2017-09-10T04:03:28.000Z,0.001,0xe1b70fc15811f1d1e8993ecc765aded8531024ff,buy,0x02b9806a64cb05f02aa8dcc1c178b88159a61304,0x85a7163ed91e0bfd0424abc30f3dc210005aefb8f8673f1f3f1cd85f584fdb8a
108,0.049845479015053,0.000049845479015053,0x79399344dd1e6093aa491a87d63a463001c78812,2017-09-10T03:09:22.000Z,0.001,0xb169a5db795b3a0479998063ba1eb003fc318ba5,buy,0x02b9806a64cb05f02aa8dcc1c178b88159a61304,0x2d535f14e81ad6b18f0d50f70b973ab85d2817b0fe0658e27bb11cc6af69bac6
109,265.7083042568039,0.06642707606420098,0x9b0ff208b9904d7769d36527695e27805180d79f,2017-09-09T19:38:20.000Z,0.00025,0x23c07f4f81bb69d30073db1d6e0949e4e9c3bb0f,sell,0x02b9806a64cb05f02aa8dcc1c178b88159a61304,0xcf19d91a3166e98e371f70d4859a365db528df31224874eb489cfc4f6ead2311
110,48.52868567440933,0.019411474269763734,0x23c07f4f81bb69d30073db1d6e0949e4e9c3bb0f,2017-09-08T23:06:57.000Z,0.00039999999999999996,0xb169a5db795b3a0479998063ba1eb003fc318ba5,sell,0x02b9806a64cb05f02aa8dcc1c178b88159a61304,0x1cd455065563206aeaebfe6f8e8c6fa347b5f94c95406b35d102593b6096ca51
111,84.73731432559067,0.03389492573023627,0x23c07f4f81bb69d30073db1d6e0949e4e9c3bb0f,2017-09-08T22:37:41.000Z,0.00039999999999999996,0xf83edf27a8de15b03d9f3871cd02fd36b708f420,sell,0x02b9806a64cb05f02aa8dcc1c178b88159a61304,0x4c5d8fa6e871fe5f7cb44d42e51bc786e9c11f2a8cf4c8a9b64f2cb56b8c8d12
112,299.07287409032,0.0628053035589672,0xa15913ea3d1e2ca9bb664df9a3811910b2e95386,2017-09-08T16:42:18.000Z,0.00021,0x2b3f1961d3feec7fc8dfad0933be177e772f8f5c,sell,0x02b9806a64cb05f02aa8dcc1c178b88159a61304,0xc434399faaadeced5a160e376b1b1856e59a2799cb1212069fce0d40c01aaa5a
113,300,0.123,0x2b3f1961d3feec7fc8dfad0933be177e772f8f5c,2017-09-08T16:23:16.000Z,0.00041,0xff17722ea3da7910ca46829b715ebf53d8aeb64d,buy,0x02b9806a64cb05f02aa8dcc1c178b88159a61304,0x3c388d46437a6d4e33bb7bcfb50aa1473a25ee31022c50b5e33cb5028613dbfb
114,300,0.123,0xff17722ea3da7910ca46829b715ebf53d8aeb64d,2017-09-08T12:07:18.000Z,0.00041,0x5865bb6bbd8b3147276fa51a7c6147a951e9e68d,buy,0x02b9806a64cb05f02aa8dcc1c178b88159a61304,0x44fb4132309df9bae99969eccdfa45fe4ed516fce1eeea096d74c95e56668593
115,993.9188515601635,0.23188126806898615,0x53f64794758406c6e8355d22ee4d32926e75dcc6,2017-09-08T10:07:03.000Z,0.0002333,0xb4819877527a6625ef006540c3514e8b653d1815,sell,0x02b9806a64cb05f02aa8dcc1c178b88159a61304,0xea373200d17be6acf60ea5b95fccf9ab4f6da5c52a936215c823ab1ed8f2a4ab
116,66.633,0.0533064,0x23c07f4f81bb69d30073db1d6e0949e4e9c3bb0f,2017-09-08T01:23:23.000Z,0.0008,0xb169a5db795b3a0479998063ba1eb003fc318ba5,sell,0x02b9806a64cb05f02aa8dcc1c178b88159a61304,0x06e63332906521f8ba1bbf29e7f5e1b685bdbcce57a39e597a348832e4219c99
117,3,0.0015,0x23c07f4f81bb69d30073db1d6e0949e4e9c3bb0f,2017-09-07T22:02:38.000Z,0.0005,0xbbb0304ad97dd7e9d3d69ee920118a6d0b3637ea,buy,0x02b9806a64cb05f02aa8dcc1c178b88159a61304,0x6bd32b9557d59de1de14ee1ed46767e7c33d8b9c1338622020b9027df402ef16
118,100,0.0415,0xb96dc279fd2ca29cc51771e4eb345b46608d53f8,2017-09-07T21:46:33.000Z,0.000415,0xe1b70fc15811f1d1e8993ecc765aded8531024ff,buy,0x02b9806a64cb05f02aa8dcc1c178b88159a61304,0x901a147ad0b04b2935c25798be5cb44635aa4712f2057714c938e93006092034
119,63.633,0.02608953,0x23c07f4f81bb69d30073db1d6e0949e4e9c3bb0f,2017-09-07T21:40:50.000Z,0.00041,0x53f64794758406c6e8355d22ee4d32926e75dcc6,buy,0x02b9806a64cb05f02aa8dcc1c178b88159a61304,0xb67a3854317ac501ee242702a594efcfe5e1a4fa00d7358c9e0062fa60fd19de
120,2145,0.877305,0xb96dc279fd2ca29cc51771e4eb345b46608d53f8,2017-09-07T21:05:59.000Z,0.000409,0xd053422563aacca5ba967c48106ccf9ca717c824,buy,0x02b9806a64cb05f02aa8dcc1c178b88159a61304,0x04321fa659a03009bd7aff2b21b5d5e531f35772959b602c47ea98517d8ba539
121,1800,0.72,0xb96dc279fd2ca29cc51771e4eb345b46608d53f8,2017-09-07T20:45:27.000Z,0.0004,0x53f64794758406c6e8355d22ee4d32926e75dcc6,buy,0x02b9806a64cb05f02aa8dcc1c178b88159a61304,0x2c7fca411762cfd3f8933c723fdba5b0c5b88dc5a66c64367d36f17f079e77eb
122,0.004879698972463601,0.000000001024736784,0xd053422563aacca5ba967c48106ccf9ca717c824,2017-09-07T03:20:52.000Z,0.00000020999999995546,0x91474fe2592b19d14904d91edc57a81072b47998,sell,0x02b9806a64cb05f02aa8dcc1c178b88159a61304,0xdd51da2de4656a790e4be24063083bd12495abb2d20253664afda4dac64f46f3
123,904.071,0.3013268643,0x53f64794758406c6e8355d22ee4d32926e75dcc6,2017-09-06T03:45:09.000Z,0.0003333,0xd053422563aacca5ba967c48106ccf9ca717c824,sell,0x02b9806a64cb05f02aa8dcc1c178b88159a61304,0x5071fccf7dfbbf48cc76663c48e3b1185b851d88ecfde3fb484e681a7b8f5f3a
124,4950,1.9701,0xb169a5db795b3a0479998063ba1eb003fc318ba5,2017-09-04T21:17:17.000Z,0.000398,0x53f64794758406c6e8355d22ee4d32926e75dcc6,buy,0x02b9806a64cb05f02aa8dcc1c178b88159a61304,0x2f257a1c4f8087770bbdea3f4a877cadae23e6074efe0ccb19d76a56c4843d5d
125,48.94826039278237,0.016152925929618183,0xebbf00918819af588274b40bf236847b1cd5575d,2017-09-04T12:19:31.000Z,0.00033,0x91474fe2592b19d14904d91edc57a81072b47998,sell,0x02b9806a64cb05f02aa8dcc1c178b88159a61304,0x074734f287307258ccb3bff5d909d5e8f3938608c12f958baffd04ca7616c9f4
126,300,0.099,0xebbf00918819af588274b40bf236847b1cd5575d,2017-09-04T11:10:51.000Z,0.00033,0x91474fe2592b19d14904d91edc57a81072b47998,sell,0x02b9806a64cb05f02aa8dcc1c178b88159a61304,0xee0ef37fc5b666aff6ca3c7365c9392fa6418e017a080f87b45c669590c216b3
127,300,0.099,0xebbf00918819af588274b40bf236847b1cd5575d,2017-09-04T11:10:00.000Z,0.00033,0x91474fe2592b19d14904d91edc57a81072b47998,sell,0x02b9806a64cb05f02aa8dcc1c178b88159a61304,0xee0ef37fc5b666aff6ca3c7365c9392fa6418e017a080f87b45c669590c216b3
128,695.6800979072343,0.21566083035124262,0xa15913ea3d1e2ca9bb664df9a3811910b2e95386,2017-09-02T01:02:27.000Z,0.00031,0x07631f6731b6ac389041a03bdd7642f486d8e98b,sell,0x02b9806a64cb05f02aa8dcc1c178b88159a61304,0x30b4adbcadf23b80ef5e343362a873a03cb5b8a695754577fe9e70dfdc235903
129,697.8367062107467,0.2791346824842987,0x07631f6731b6ac389041a03bdd7642f486d8e98b,2017-09-02T00:13:57.000Z,0.0004,0x53f64794758406c6e8355d22ee4d32926e75dcc6,buy,0x02b9806a64cb05f02aa8dcc1c178b88159a61304,0x8802c08639f6873e27a9b537b2c9df8841a4ca37e39206b599f111d6039d5747
130,1999,0.769615,0xebbf00918819af588274b40bf236847b1cd5575d,2017-09-01T15:34:18.000Z,0.000385,0x53f64794758406c6e8355d22ee4d32926e75dcc6,buy,0x02b9806a64cb05f02aa8dcc1c178b88159a61304,0x9a496f3d2fe99224c47b2a625b7e1fbf2e24d698af662a5b5372106b1dd120ff
131,1,0.000385,0x244e9a7b7492a8432a35a2dcd4b5dd740fe4ad2a,2017-09-01T15:11:08.000Z,0.000385,0x53f64794758406c6e8355d22ee4d32926e75dcc6,buy,0x02b9806a64cb05f02aa8dcc1c178b88159a61304,0x490a53ded094c77d460fb7ab9e9586e36892673b5a4306946e9828fa03b9c67d
132,1688.439,0.59095365,0x53f64794758406c6e8355d22ee4d32926e75dcc6,2017-09-01T12:16:53.000Z,0.00035,0x1fdf047bf7a114b37e7936d01e9cad754ad18803,buy,0x02b9806a64cb05f02aa8dcc1c178b88159a61304,0xe644d0769779525bad19465125aea5b89652c59b86dc395b5e1c512718bfc89d
133,0.13123464553477865,0.000039374330699799,0xebbf00918819af588274b40bf236847b1cd5575d,2017-09-01T09:55:43.000Z,0.0003000299999999952,0x44da166c751f7327ef4e7921b59de79c2f7dfae0,sell,0x02b9806a64cb05f02aa8dcc1c178b88159a61304,0x069e2868ded56b87ac12b0fbfd30f1626adcf631a76cea42743a3181d8aac1f5
134,1316.4147293593644,0.39496391124969016,0xebbf00918819af588274b40bf236847b1cd5575d,2017-09-01T09:54:22.000Z,0.00030003,0x44da166c751f7327ef4e7921b59de79c2f7dfae0,sell,0x02b9806a64cb05f02aa8dcc1c178b88159a61304,0x636c33b45bfc4c92aaf3c1f5fc0a05acacc17a2b55377a15f4172f2b1143509e
135,987.551698978489,0.29725306139252516,0x1fdf047bf7a114b37e7936d01e9cad754ad18803,2017-09-01T09:51:01.000Z,0.000301,0x44da166c751f7327ef4e7921b59de79c2f7dfae0,sell,0x02b9806a64cb05f02aa8dcc1c178b88159a61304,0x9aa3ad13a835e90c9d89f732519de2a865823290c0b1bd832c6dd9b5bc3a433f
136,99.69095803010667,0.030006978367062107,0x1fdf047bf7a114b37e7936d01e9cad754ad18803,2017-09-01T09:17:26.000Z,0.000301,0x44da166c751f7327ef4e7921b59de79c2f7dfae0,sell,0x02b9806a64cb05f02aa8dcc1c178b88159a61304,0x390d64c68f46a4f44896d086ab7bd36cbd5c36cbc8fec0b967e46b887573df17
137,0.05992787129115175,0.000018038289258636,0x1fdf047bf7a114b37e7936d01e9cad754ad18803,2017-09-01T07:12:43.000Z,0.0003009999999999887,0xe3bc20d37918476f475e8ae8908382093605cdc2,sell,0x02b9806a64cb05f02aa8dcc1c178b88159a61304,0x05087cfdcedab248752c6baa6b7cfca70c79e73d66e788eabe5c402f88e99e94
138,601.1364769215432,0.1809420795533845,0x1fdf047bf7a114b37e7936d01e9cad754ad18803,2017-09-01T07:11:11.000Z,0.000301,0xe3bc20d37918476f475e8ae8908382093605cdc2,sell,0x02b9806a64cb05f02aa8dcc1c178b88159a61304,0x7cf749db3f18c04715ad4aa157950324233de92e516daccbc69c1d94930842ef
139,7.5,0.003,0xff64f34e8511693e3dffa0e1fe037a6a65f3937b,2017-09-01T06:03:46.000Z,0.0004,0x53f64794758406c6e8355d22ee4d32926e75dcc6,buy,0x02b9806a64cb05f02aa8dcc1c178b88159a61304,0x7b032cc0d38781ef6414b7bf8073b92672ec148936abe2270583ecd9d8297bc9
140,5647.492772405542,1.8071976871697737,0xebbf00918819af588274b40bf236847b1cd5575d,2017-08-31T18:38:51.000Z,0.00032,0xfead0d408ff878d61b9d4f7a2526925ebe436a4c,sell,0x02b9806a64cb05f02aa8dcc1c178b88159a61304,0x06b19c2e6785b0c8225ca5971265ae6dedabd6c5f8f3808b208ff4a87af82590
141,2180.262,0.5450655,0xa15913ea3d1e2ca9bb664df9a3811910b2e95386,2017-08-31T13:10:10.000Z,0.00025,0xfc73413d8dcc28d271cde376835edf6690fa91a8,sell,0x02b9806a64cb05f02aa8dcc1c178b88159a61304,0x30473e23aa4663d5f72a616ec08fb23e0b0b6be72b7dd700b7566696afeff7f4
142,200,0.082,0x91474fe2592b19d14904d91edc57a81072b47998,2017-08-31T12:56:18.000Z,0.00041,0x53f64794758406c6e8355d22ee4d32926e75dcc6,buy,0x02b9806a64cb05f02aa8dcc1c178b88159a61304,0x545ae1333003c8b19645dd162c6fe02e5cdf586c47b998e275f0ff8ee4150d2c
143,1000,0.41,0xf22b9431279708fd7d18e979291e356189de7f94,2017-08-31T12:49:26.000Z,0.00041,0x53f64794758406c6e8355d22ee4d32926e75dcc6,buy,0x02b9806a64cb05f02aa8dcc1c178b88159a61304,0x3867bde2093358c9e51cfa9348abf160e2c06e869831afbd04c9f26679f849e0
144,997,1.994,0xb4819877527a6625ef006540c3514e8b653d1815,2017-08-31T12:49:26.000Z,0.002,0xf22b9431279708fd7d18e979291e356189de7f94,sell,0x02b9806a64cb05f02aa8dcc1c178b88159a61304,0x3867bde2093358c9e51cfa9348abf160e2c06e869831afbd04c9f26679f849e0
145,237.26448011165388,0.05931612002791347,0xa15913ea3d1e2ca9bb664df9a3811910b2e95386,2017-08-31T09:12:58.000Z,0.00025,0x4f60a36df89f1db01757c9fa491e4ac00aa736e9,sell,0x02b9806a64cb05f02aa8dcc1c178b88159a61304,0x239d12126e202ecb270811ed1261dfde3a7779738882c286c7bd1a7ca5536e7c
146,0.14906933755085086,0.000007453466877542,0x5865bb6bbd8b3147276fa51a7c6147a951e9e68d,2017-08-31T06:02:39.000Z,0.00004999999999999636,0xebbf00918819af588274b40bf236847b1cd5575d,sell,0x02b9806a64cb05f02aa8dcc1c178b88159a61304,0x669d1421a1ca9af5ded8d5968c1f1f98b7c06286363ca7694400441ab00f6898
147,1495.3145249725849,0.07476572624862925,0x5865bb6bbd8b3147276fa51a7c6147a951e9e68d,2017-08-31T05:57:45.000Z,0.00005,0xebbf00918819af588274b40bf236847b1cd5575d,sell,0x02b9806a64cb05f02aa8dcc1c178b88159a61304,0x1a58dba628fa6d85c2fdc4acc191ca586bc328d6e86345c04e381d6517071101
148,1499.95,0.569981,0xebbf00918819af588274b40bf236847b1cd5575d,2017-08-31T05:49:46.000Z,0.00038,0x3162f2032ddce11a87098cc13fcc6117ebe92f95,buy,0x02b9806a64cb05f02aa8dcc1c178b88159a61304,0xcc9945b1e0f10f6a7124463aab16c940059bfcbfca2ea83c2ef92f19d927d6d2
149,200,0.04,0x6d3d0dfa885186833d6cf04f7890aab7d3b43cd1,2017-08-31T05:48:28.000Z,0.0002,0x946151fa04270a2d81ff3abc7f0648f1767a0fce,buy,0x02b9806a64cb05f02aa8dcc1c178b88159a61304,0x41798fd318de30880054ecb5fd49e86b896576d9b79502b0318fa4240ce0dc2e
150,4725.094442180475,1.559281165919557,0x1533a6d6515f07bce129350ec25c59a9a69ad7f9,2017-08-31T05:06:11.000Z,0.00033,0x71cefe0bc1d33439f3bd17c0129e047cd38eefdc,buy,0x02b9806a64cb05f02aa8dcc1c178b88159a61304,0x659fe110ad37b8050d7ae4161633f5203713ae48010db9b92efa7e25e3b61d29
151,5000,1.05,0x1533a6d6515f07bce129350ec25c59a9a69ad7f9,2017-08-31T05:02:22.000Z,0.00021,0x71cefe0bc1d33439f3bd17c0129e047cd38eefdc,buy,0x02b9806a64cb05f02aa8dcc1c178b88159a61304,0x1e596230135284e7d4609d9b0537cf03b86d53f70d22f960cc2848f9d0c442a2
152,0.05,0.000019,0x98f0deb428b74fb5302d250af5d55e77c8519f2a,2017-08-30T13:54:52.000Z,0.00038,0x3162f2032ddce11a87098cc13fcc6117ebe92f95,buy,0x02b9806a64cb05f02aa8dcc1c178b88159a61304,0x9a0352f90b538472a526fd0b1c0536ebfeca642abb532026eaa35f6143de46a8
153,150,0.06135,0x91474fe2592b19d14904d91edc57a81072b47998,2017-08-30T11:55:30.000Z,0.000409,0xfdae3ff9669de35ebb3e47a79b006a00fd478fbd,buy,0x02b9806a64cb05f02aa8dcc1c178b88159a61304,0x85c93e88e5f0255ec707897f6ff39820cefe5fa2ae2e48dba0894fd90e2fe78d
154,4035.6899832053173,0.00044796158813579,0x53f64794758406c6e8355d22ee4d32926e75dcc6,2017-08-29T23:42:26.000Z,0.000000111,0x15e1e939f9f3c7273803145ac8daf5efa5b44ede,sell,0x02b9806a64cb05f02aa8dcc1c178b88159a61304,0xaf919e9a163e7b2c53dd134a3ceca93bd3d77c45bd33ca0da914ddb445e754ed
155,944.4218047547766,0.030221497752152854,0x53f64794758406c6e8355d22ee4d32926e75dcc6,2017-08-28T19:27:06.000Z,0.000032,0x71cefe0bc1d33439f3bd17c0129e047cd38eefdc,sell,0x02b9806a64cb05f02aa8dcc1c178b88159a61304,0x127d15a31bc104e1db1e1b657354f71b4f8e984b97f1af87613d60ee6c30f15e
156,390.988066680979,0.012511618133791327,0x53f64794758406c6e8355d22ee4d32926e75dcc6,2017-08-28T19:12:35.000Z,0.000032,0x87cd32183d136ce2587ac4880d0f4e6a6cdc9ec0,sell,0x02b9806a64cb05f02aa8dcc1c178b88159a61304,0x544b0a0550c673b5794182a67bb2d22c3437845509bedd074b265885bc32de05
157,800,0.064,0x37dd4e5111c436147b1ff6821983bcf81fb23352,2017-08-28T18:44:29.000Z,0.00008,0x87cd32183d136ce2587ac4880d0f4e6a6cdc9ec0,sell,0x02b9806a64cb05f02aa8dcc1c178b88159a61304,0x3755e64775652c913887ad7f6ef5fd37132466928b720d65ce91087a0e24655c
158,800,0.064,0x37dd4e5111c436147b1ff6821983bcf81fb23352,2017-08-28T18:43:44.000Z,0.00008,0x87cd32183d136ce2587ac4880d0f4e6a6cdc9ec0,sell,0x02b9806a64cb05f02aa8dcc1c178b88159a61304,0xf9b6f4dbed76d140171f89994a931b78744a96ab7407158224f592ccfd5592c7
159,2449.442497572648,0.3012814272014357,0x492842125e4c3a7d10cda0e0291ea22788e4ad60,2017-08-28T18:03:03.000Z,0.000123,0x53f64794758406c6e8355d22ee4d32926e75dcc6,sell,0x02b9806a64cb05f02aa8dcc1c178b88159a61304,0x35d2f02d5d7661e79478c2a1fc7e0cc90ac649366bcae99273a7faefad7ac27d
160,838,0.12989,0xe7a658a41980c3c54f1dd6c596cb7c7233ff9784,2017-08-28T17:29:02.000Z,0.000155,0x53f64794758406c6e8355d22ee4d32926e75dcc6,sell,0x02b9806a64cb05f02aa8dcc1c178b88159a61304,0x846fecfdff48a0fbbc3ae5c859de1fe7199d92a8497e973009ff1fafd88a0682
161,2200,0.484,0xd28a61934988b0489e694198e4b00040063192f5,2017-08-28T17:25:25.000Z,0.00022,0x53f64794758406c6e8355d22ee4d32926e75dcc6,sell,0x02b9806a64cb05f02aa8dcc1c178b88159a61304,0xa90414dc8023914ee71e7bdcbf5cbb77c7cf244d1a4e4566b91f47327fcf6895
162,820,0.1968,0xe42c296b80f5603d6e12f165b45f973973f8f7f4,2017-08-28T17:24:16.000Z,0.00024,0x53f64794758406c6e8355d22ee4d32926e75dcc6,sell,0x02b9806a64cb05f02aa8dcc1c178b88159a61304,0xe729cbddfc44820b993c9a982038303a56b60c76abfff37ffd0c30959cd4087a
163,482.032,0.19999989712,0xe42c296b80f5603d6e12f165b45f973973f8f7f4,2017-08-28T15:00:29.000Z,0.00041491,0x00349d285b0edc9faaf636d05c5aae51bf7eacd2,buy,0x02b9806a64cb05f02aa8dcc1c178b88159a61304,0xbd497a3804e1614f9cdf46a8b68dc3bc4f67a1707929c35654543c56f5c64e8a
164,1000,0.220002,0xa15913ea3d1e2ca9bb664df9a3811910b2e95386,2017-08-28T13:35:48.000Z,0.000220002,0xa15913ea3d1e2ca9bb664df9a3811910b2e95386,sell,0x02b9806a64cb05f02aa8dcc1c178b88159a61304,0xadfd3ceb14da35f8d06ad3a5569c79ec7fd7382f14a0f6cf1e215e98b26b2ee8
165,4526.660676034827,1.8781567810936097,0x197a7a12e48e427b3e9d1255bc6946d2a5f58156,2017-08-28T12:33:06.000Z,0.00041491,0x00349d285b0edc9faaf636d05c5aae51bf7eacd2,buy,0x02b9806a64cb05f02aa8dcc1c178b88159a61304,0xf0aa414bf3bb8149a5444119354217d3545b1529f396d54c33bc7289d43a5e53
166,250,0.1025,0x197a7a12e48e427b3e9d1255bc6946d2a5f58156,2017-08-28T12:31:36.000Z,0.00041,0xfdae3ff9669de35ebb3e47a79b006a00fd478fbd,buy,0x02b9806a64cb05f02aa8dcc1c178b88159a61304,0x34cf52879760ebb33ce6f70db9b60eae3a8248a2be967d979ff01c826e8b5654
167,543.19,0.217276,0x197a7a12e48e427b3e9d1255bc6946d2a5f58156,2017-08-28T12:30:22.000Z,0.0004,0x3162f2032ddce11a87098cc13fcc6117ebe92f95,buy,0x02b9806a64cb05f02aa8dcc1c178b88159a61304,0x2b014f028deaf96c6a82a67f88594fff60c99f1ac7397dba051441304014ef54
168,350,0.14,0x197a7a12e48e427b3e9d1255bc6946d2a5f58156,2017-08-28T12:25:53.000Z,0.0004,0xfdae3ff9669de35ebb3e47a79b006a00fd478fbd,buy,0x02b9806a64cb05f02aa8dcc1c178b88159a61304,0xa2f6819f821002d06e0babc11e1d01abf27d80d7a551cf14d73d92385508d81c
169,500,0.175,0x197a7a12e48e427b3e9d1255bc6946d2a5f58156,2017-08-28T12:19:55.000Z,0.00035,0xfdae3ff9669de35ebb3e47a79b006a00fd478fbd,buy,0x02b9806a64cb05f02aa8dcc1c178b88159a61304,0x90e45245fcf1eb37d5f472042049141b3eab337985503d19b487e7089686b2ab
170,2097.367161798425,0.44044710397766923,0xa15913ea3d1e2ca9bb664df9a3811910b2e95386,2017-08-27T13:40:25.000Z,0.00021,0xad1800295a606fb6e46641ac2cf26d28b2735468,sell,0x02b9806a64cb05f02aa8dcc1c178b88159a61304,0x4cd12ed33df4a1ce896605236b6389bdc1058ca0c20c58cf5a58750e0b494850
171,2095,0.43995,0xa15913ea3d1e2ca9bb664df9a3811910b2e95386,2017-08-27T08:40:55.000Z,0.00021,0xa15913ea3d1e2ca9bb664df9a3811910b2e95386,sell,0x02b9806a64cb05f02aa8dcc1c178b88159a61304,0x3b236cd069b26c4500c7e3fbcdb4f253aba4d536fefd01a947933c2d02bdf26a
172,1000,0.21,0xa15913ea3d1e2ca9bb664df9a3811910b2e95386,2017-08-26T23:45:23.000Z,0.00021,0x87cd32183d136ce2587ac4880d0f4e6a6cdc9ec0,sell,0x02b9806a64cb05f02aa8dcc1c178b88159a61304,0xe2b228de19c42c1c8b10f3ff3915afe35c63cb0870a89eb07966e291a368a0f7
173,1000,0.21,0xa15913ea3d1e2ca9bb664df9a3811910b2e95386,2017-08-26T23:39:15.000Z,0.00021,0xa15913ea3d1e2ca9bb664df9a3811910b2e95386,sell,0x02b9806a64cb05f02aa8dcc1c178b88159a61304,0x60f6ec69da980ef5b1018ddc8d48ceb0a5ec1d31e8627dfab1c011cd8e9675ed
174,550,0.1155,0xa15913ea3d1e2ca9bb664df9a3811910b2e95386,2017-08-26T22:56:57.000Z,0.00021,0xa15913ea3d1e2ca9bb664df9a3811910b2e95386,sell,0x02b9806a64cb05f02aa8dcc1c178b88159a61304,0x03ce4cea7bb5cce4ca9d90aeb31138e4fa5408efa27bded42d05beb3b4b23524
175,200,0.062,0xa15913ea3d1e2ca9bb664df9a3811910b2e95386,2017-08-26T21:17:11.000Z,0.00031,0xa15913ea3d1e2ca9bb664df9a3811910b2e95386,buy,0x02b9806a64cb05f02aa8dcc1c178b88159a61304,0x026399831c40053f5ff8e2ac5d7eff55db250f64322ffc455a578cc87251a10a
176,300,0.093,0xa15913ea3d1e2ca9bb664df9a3811910b2e95386,2017-08-26T21:17:00.000Z,0.00031,0xa15913ea3d1e2ca9bb664df9a3811910b2e95386,buy,0x02b9806a64cb05f02aa8dcc1c178b88159a61304,0x29cd78bfb93f2c9b453052d5ab785ff2e4750173743c7e6c4dd1fa14312e7614
177,2100,0.441,0xa15913ea3d1e2ca9bb664df9a3811910b2e95386,2017-08-26T20:40:04.000Z,0.00021,0xa15913ea3d1e2ca9bb664df9a3811910b2e95386,sell,0x02b9806a64cb05f02aa8dcc1c178b88159a61304,0x329e2a92bcef554338786acb793407401f45cd3e8d72f8f330ee45a160d2666a
178,1290,0.2709,0xa15913ea3d1e2ca9bb664df9a3811910b2e95386,2017-08-26T20:38:04.000Z,0.00021,0xa15913ea3d1e2ca9bb664df9a3811910b2e95386,sell,0x02b9806a64cb05f02aa8dcc1c178b88159a61304,0x71ad7ee68fd0cf730d3930ae22676831c4bc1197b4a04d668d19d268b20a0705
179,510,0.1071,0xa15913ea3d1e2ca9bb664df9a3811910b2e95386,2017-08-26T19:45:53.000Z,0.00021,0xa15913ea3d1e2ca9bb664df9a3811910b2e95386,sell,0x02b9806a64cb05f02aa8dcc1c178b88159a61304,0x4d5d51ab107f87323b7ca51eb7662858be7ec126a1fc4e9cdf95db609957eec1
180,3870.8578481451937,1.6064060069802553,0xb8575b126e35d2d7f22ac02b35ef861e56757102,2017-08-26T19:09:30.000Z,0.000415,0x9b0ff208b9904d7769d36527695e27805180d79f,buy,0x02b9806a64cb05f02aa8dcc1c178b88159a61304,0xbfc34a0271649df910e03dc1c4a23a7d13fa9b96e336f9390e634c73a2ff4a54
181,720,0.2958408,0xb8575b126e35d2d7f22ac02b35ef861e56757102,2017-08-26T19:05:53.000Z,0.00041089,0xf83edf27a8de15b03d9f3871cd02fd36b708f420,buy,0x02b9806a64cb05f02aa8dcc1c178b88159a61304,0x42103c6f5d7101affaedd554c3ae6a6d394b13729b4a6d97e83c8dc1743d00af
182,250,0.102725,0xb8575b126e35d2d7f22ac02b35ef861e56757102,2017-08-26T19:05:53.000Z,0.0004109,0xfdae3ff9669de35ebb3e47a79b006a00fd478fbd,buy,0x02b9806a64cb05f02aa8dcc1c178b88159a61304,0xa3bd16fcadd9b6f30c748f7e763bace2576a264167147f4655176b5cc8d10d73
183,446.3,0.182983,0xb8575b126e35d2d7f22ac02b35ef861e56757102,2017-08-26T19:05:53.000Z,0.00041,0x87cd32183d136ce2587ac4880d0f4e6a6cdc9ec0,buy,0x02b9806a64cb05f02aa8dcc1c178b88159a61304,0x144fb25c512c70eb3e91c889f413fc633948308e168cd0c53dcc3603fc088201
184,938.5717093817577,0.38601577263452935,0xb8575b126e35d2d7f22ac02b35ef861e56757102,2017-08-26T19:05:53.000Z,0.00041128,0x00349d285b0edc9faaf636d05c5aae51bf7eacd2,buy,0x02b9806a64cb05f02aa8dcc1c178b88159a61304,0xd697d4c6c4bbd9557bdb0fcbba4bb6eb49c3b8cfdb3141d2f422d007c4ed414f
185,305.109,0.125094384891,0xb8575b126e35d2d7f22ac02b35ef861e56757102,2017-08-26T19:05:53.000Z,0.000409999,0xe9f11ab7ba923c5343c6c4424e28aa92c0d78377,buy,0x02b9806a64cb05f02aa8dcc1c178b88159a61304,0x0ae9f7c461fb2a72373d993bf323635750040cddddaf9e4546f9da1b52684292
186,308,0.0924,0xb8575b126e35d2d7f22ac02b35ef861e56757102,2017-08-26T18:54:48.000Z,0.0003,0xfdae3ff9669de35ebb3e47a79b006a00fd478fbd,buy,0x02b9806a64cb05f02aa8dcc1c178b88159a61304,0xe63ebf90930a27aedb988ae99548e9c4c65993890d325b4e37b4504672152e80
187,2000,0.24024,0xa15913ea3d1e2ca9bb664df9a3811910b2e95386,2017-08-26T17:05:47.000Z,0.00012012,0xa15913ea3d1e2ca9bb664df9a3811910b2e95386,sell,0x02b9806a64cb05f02aa8dcc1c178b88159a61304,0x6fc0879cdd6ed5ba2c092cf49551995a200c990aa890a62acec0909f216f3df0
188,530.6659852886794,0.06373829149302328,0x15e1e939f9f3c7273803145ac8daf5efa5b44ede,2017-08-25T23:22:10.000Z,0.00012011,0x0003afa6dd16a9c9cdec9615c8f689bd11783e7d,sell,0x02b9806a64cb05f02aa8dcc1c178b88159a61304,0x89597ab88935520783b92a32e8f23ea585982c7cff3e044a53a084467da7db10
189,527.5346368645742,0.63362185233804,0x15e1e939f9f3c7273803145ac8daf5efa5b44ede,2017-08-25T23:15:18.000Z,0.0012011,0x0003afa6dd16a9c9cdec9615c8f689bd11783e7d,sell,0x02b9806a64cb05f02aa8dcc1c178b88159a61304,0x6c873aacaea45b22a45710253a507cb2efd422b639f343edbd8a5b608dde92f3
190,1061.4282906182423,0.43654422736547066,0x0003afa6dd16a9c9cdec9615c8f689bd11783e7d,2017-08-25T23:14:46.000Z,0.00041128,0x00349d285b0edc9faaf636d05c5aae51bf7eacd2,buy,0x02b9806a64cb05f02aa8dcc1c178b88159a61304,0x8561cf0ff3e189af73651e3a01e021f1a2150b5b71fd46c3a9380f28897732bc
191,800,0.096084,0xf83edf27a8de15b03d9f3871cd02fd36b708f420,2017-08-25T20:40:04.000Z,0.000120105,0x87cd32183d136ce2587ac4880d0f4e6a6cdc9ec0,sell,0x02b9806a64cb05f02aa8dcc1c178b88159a61304,0x5a206e9d62be0c30e0f68ec0a9d2d05c18997c016292dda2144618b53bbe1c40
192,412.891,0.1733316418,0xb7f3976521efb72c5f065c79dc619a557f2e24b8,2017-08-25T18:54:21.000Z,0.0004198,0xe9f11ab7ba923c5343c6c4424e28aa92c0d78377,buy,0x02b9806a64cb05f02aa8dcc1c178b88159a61304,0x6efee9c0424aa3eaa9ebc2b3678be65e24d83602bfb861696b6a11582e49df39
193,45.28977571624208,0.018626700623379965,0xb7f3976521efb72c5f065c79dc619a557f2e24b8,2017-08-25T18:54:21.000Z,0.0004112782704,0x00349d285b0edc9faaf636d05c5aae51bf7eacd2,buy,0x02b9806a64cb05f02aa8dcc1c178b88159a61304,0x42c727c7c3900dbe3d931693866bf22ce02ee4ce6d7a3201fefe1ce35dd5ca21
194,48,0.0192,0xb7f3976521efb72c5f065c79dc619a557f2e24b8,2017-08-25T18:50:53.000Z,0.0004,0x69feaaa6f28bc5e8c6c533927c0a54ab6b1d7274,buy,0x02b9806a64cb05f02aa8dcc1c178b88159a61304,0x0b9f0b5adcb146519480dd8c4af938559c4d84515a0f3b3b3d7764c566baa93e
195,200,0.02402,0xa15913ea3d1e2ca9bb664df9a3811910b2e95386,2017-08-25T17:13:04.000Z,0.0001201,0xa15913ea3d1e2ca9bb664df9a3811910b2e95386,sell,0x02b9806a64cb05f02aa8dcc1c178b88159a61304,0xcb988a434c8b1e6482d8ebfdb48c7bb42fbf537598ba6caa78570e5fbf5e7de8
196,5,0.000555555,0xf83edf27a8de15b03d9f3871cd02fd36b708f420,2017-08-25T16:16:35.000Z,0.000111111,0xa15913ea3d1e2ca9bb664df9a3811910b2e95386,sell,0x02b9806a64cb05f02aa8dcc1c178b88159a61304,0xa0c6341ce90d4516d306a41282854fc154587cefecd505986e1620c719f18648
197,1.009,0.001009,0x21ce8852454f4ea90492fb3b3b520b136a1f7f4d,2017-08-25T14:13:45.000Z,0.001,0xe1b70fc15811f1d1e8993ecc765aded8531024ff,buy,0x02b9806a64cb05f02aa8dcc1c178b88159a61304,0x1ca7cc7c119635b5619383840cf963f2735017e30b01c6c3d00e44b3e10dc5ea
198,2.9907287409032,0.0029907287409032,0x21ce8852454f4ea90492fb3b3b520b136a1f7f4d,2017-08-25T14:10:53.000Z,0.001,0xe1b70fc15811f1d1e8993ecc765aded8531024ff,buy,0x02b9806a64cb05f02aa8dcc1c178b88159a61304,0x36bd73a45e77dd82ef9025bf48d77f3d02e9b81b1e33d6c503edf2ced1ffd090
199,1,0.0004198,0xbb325a2ee38566c7a03010b2c4929fd99861bf36,2017-08-25T12:19:19.000Z,0.0004198,0xe9f11ab7ba923c5343c6c4424e28aa92c0d78377,buy,0x02b9806a64cb05f02aa8dcc1c178b88159a61304,0xf3e618b851d449c8205fd7b04811963d71c431d82611fbc8508ea6636c472f74
200,954.710224283758,0.39265156977662,0x99fe39bb892ff8cfbc19e2a826ccc4b218c3b7e7,2017-08-24T20:39:02.000Z,0.0004112782704,0x00349d285b0edc9faaf636d05c5aae51bf7eacd2,buy,0x02b9806a64cb05f02aa8dcc1c178b88159a61304,0xef3869b9823fbd428416457ebe674f0dad331eddd9cc3aa8220d21d99961c742
201,2,0.0008,0x2d7ad46c8c2128b37f7bbf1d70f81db34d1176ba,2017-08-24T16:54:00.000Z,0.0004,0x69feaaa6f28bc5e8c6c533927c0a54ab6b1d7274,buy,0x02b9806a64cb05f02aa8dcc1c178b88159a61304,0xab7d1c0941ad938b365dfd77d7b5a440d1a44c166d928cf2e637483e043e28f4
202,2043,0.206345043,0x3162f2032ddce11a87098cc13fcc6117ebe92f95,2017-08-24T07:15:21.000Z,0.000101001,0x6b3ebbe42b00d7bf51b2d946029b4b2c7050a7cd,sell,0x02b9806a64cb05f02aa8dcc1c178b88159a61304,0x564c92526452f4aee1b9100e91d08ffabc5e0c7b0e30142fcb59a8ae4fe6a1c2
203,1994,0.201395994,0x15e1e939f9f3c7273803145ac8daf5efa5b44ede,2017-08-24T06:36:47.000Z,0.000101001,0x6b3ebbe42b00d7bf51b2d946029b4b2c7050a7cd,sell,0x02b9806a64cb05f02aa8dcc1c178b88159a61304,0x61453fdfee8553a43c35f99417ff1f1f4dbb06a7062dfe28811df9db7eb4c5fc
204,996,0.100596996,0x15e1e939f9f3c7273803145ac8daf5efa5b44ede,2017-08-24T06:31:57.000Z,0.000101001,0x6b3ebbe42b00d7bf51b2d946029b4b2c7050a7cd,sell,0x02b9806a64cb05f02aa8dcc1c178b88159a61304,0x06433ae53724b2e509742af8e55ebe1430fc4fd0bae70f021ccf284bd638beb4
205,50,0.0055,0x69feaaa6f28bc5e8c6c533927c0a54ab6b1d7274,2017-08-24T06:27:01.000Z,0.00011,0x6b3ebbe42b00d7bf51b2d946029b4b2c7050a7cd,sell,0x02b9806a64cb05f02aa8dcc1c178b88159a61304,0xc9eba0ca92fd668b13f78f1490dddcc73526d9bd0178ffda6a5b76e7540ff44a
206,2198.70012968769,0.2638440155625228,0x87cd32183d136ce2587ac4880d0f4e6a6cdc9ec0,2017-08-24T03:13:16.000Z,0.00012,0xd053422563aacca5ba967c48106ccf9ca717c824,buy,0x02b9806a64cb05f02aa8dcc1c178b88159a61304,0xc77d54273f4e2d7db27a91dda5a17b4d5559f27eaa5255198ba7da34b3a87ac1
207,1000,0.12,0x87cd32183d136ce2587ac4880d0f4e6a6cdc9ec0,2017-08-24T03:08:46.000Z,0.00012,0xd053422563aacca5ba967c48106ccf9ca717c824,buy,0x02b9806a64cb05f02aa8dcc1c178b88159a61304,0x8f63b25a55d5b5b09e2f27596d0da5bda0dc636911a5248e51b55a2b32e87b63
208,4050,0.486,0xd28a61934988b0489e694198e4b00040063192f5,2017-08-24T03:04:30.000Z,0.00012,0xd053422563aacca5ba967c48106ccf9ca717c824,sell,0x02b9806a64cb05f02aa8dcc1c178b88159a61304,0x8033079c5a68f35ece3c343af185dc7008755804cc1d39d45ef58e49b643e061
209,66.19460871298973,0.006685655480011962,0x53f64794758406c6e8355d22ee4d32926e75dcc6,2017-08-23T13:10:48.000Z,0.00010099999999999999,0xa713416ee898e574e6c46186b855f240ccd75595,sell,0x02b9806a64cb05f02aa8dcc1c178b88159a61304,0xbace348611232d331c370fad9a142bb073807cab3b7619279aab2f93bd11f5ca
210,2266.596,0.228926196,0x53f64794758406c6e8355d22ee4d32926e75dcc6,2017-08-23T13:09:23.000Z,0.000101,0xa713416ee898e574e6c46186b855f240ccd75595,sell,0x02b9806a64cb05f02aa8dcc1c178b88159a61304,0xf1ee5292c1ce21e5cab9b538894e7b23134c88147ee3b7eb9fd9dd2ebb0f0acc
211,73.2,0.020496,0xe1b70fc15811f1d1e8993ecc765aded8531024ff,2017-08-23T13:06:21.000Z,0.00028,0xa713416ee898e574e6c46186b855f240ccd75595,sell,0x02b9806a64cb05f02aa8dcc1c178b88159a61304,0x1202809338bc3ee59aced05ed9327d1e3b51ab3b295def20c7ba6b45feee2acd
212,51.6,0.01548,0xe1b70fc15811f1d1e8993ecc765aded8531024ff,2017-08-23T13:05:10.000Z,0.0003,0xa713416ee898e574e6c46186b855f240ccd75595,sell,0x02b9806a64cb05f02aa8dcc1c178b88159a61304,0x86e13f37315a5bd66221d0b27eec03f7dfe74dd8ddf489ed94fae1eebccf390d
213,10,0.0033,0x69feaaa6f28bc5e8c6c533927c0a54ab6b1d7274,2017-08-23T13:01:21.000Z,0.00033,0xa713416ee898e574e6c46186b855f240ccd75595,sell,0x02b9806a64cb05f02aa8dcc1c178b88159a61304,0xd7075196cd77a8e76dd5852a3445bd892169575fa692da7a6adb90c070e6e0a9
214,50,0.0185,0x69feaaa6f28bc5e8c6c533927c0a54ab6b1d7274,2017-08-22T19:01:33.000Z,0.00037,0xd053422563aacca5ba967c48106ccf9ca717c824,sell,0x02b9806a64cb05f02aa8dcc1c178b88159a61304,0x242fe13537e0d4060093804a4143597a97fa25aed412df92f94d3f2b943380aa
215,50,0.021,0x69feaaa6f28bc5e8c6c533927c0a54ab6b1d7274,2017-08-22T19:01:33.000Z,0.00042,0xd053422563aacca5ba967c48106ccf9ca717c824,sell,0x02b9806a64cb05f02aa8dcc1c178b88159a61304,0x41b267fd7afe6fe257516474a5e2d9984fb176671852cae434085620335e31be
216,2000,0.76,0x3162f2032ddce11a87098cc13fcc6117ebe92f95,2017-08-22T19:01:17.000Z,0.00038,0xd053422563aacca5ba967c48106ccf9ca717c824,sell,0x02b9806a64cb05f02aa8dcc1c178b88159a61304,0x6d7bfa383dea45ec454bf7302daa54114144026440b4561d1a95a7040cfc58ae
217,50,0.025,0x69feaaa6f28bc5e8c6c533927c0a54ab6b1d7274,2017-08-22T17:14:43.000Z,0.0005,0x6b3ebbe42b00d7bf51b2d946029b4b2c7050a7cd,buy,0x02b9806a64cb05f02aa8dcc1c178b88159a61304,0x36635a349288bf6d9cbb79b1de14ca3dee2c79e8115f90ea792b0870fb4c06d4
218,50,0.025,0x87cd32183d136ce2587ac4880d0f4e6a6cdc9ec0,2017-08-21T18:57:34.000Z,0.0005,0x583c1a1c352faa1d2d01968214a3b1871b6dab00,buy,0x02b9806a64cb05f02aa8dcc1c178b88159a61304,0xa42163b2ce44717aea5d257308f68335fdc35ac9c31af3b734cbd5e5b514fff0
219,500,0.25,0x87cd32183d136ce2587ac4880d0f4e6a6cdc9ec0,2017-08-21T18:41:04.000Z,0.0005,0x583c1a1c352faa1d2d01968214a3b1871b6dab00,buy,0x02b9806a64cb05f02aa8dcc1c178b88159a61304,0x264812b96177fc1641c7f7901f52089f378c239c83dceea6e83c7fa23d667a51
220,52.5,0.020475,0xe1b70fc15811f1d1e8993ecc765aded8531024ff,2017-08-21T09:58:56.000Z,0.00039,0x71cefe0bc1d33439f3bd17c0129e047cd38eefdc,sell,0x02b9806a64cb05f02aa8dcc1c178b88159a61304,0x551b090ac6dd2fab7345ecb206ad37bb3ed51cf70d5e214eaef5224ee89b525d
221,1000,0.31001,0xa3d559a26e0252266d4d43231d7c29707c76d8b0,2017-08-21T09:26:21.000Z,0.00031001,0x583c1a1c352faa1d2d01968214a3b1871b6dab00,sell,0x02b9806a64cb05f02aa8dcc1c178b88159a61304,0x0fb454d3e55d66be4d3ca173d4b083dd5a2ad8f2170c32db9abe26df77f702a8
222,6850,2.192,0x00349d285b0edc9faaf636d05c5aae51bf7eacd2,2017-08-21T09:25:32.000Z,0.00032,0x583c1a1c352faa1d2d01968214a3b1871b6dab00,sell,0x02b9806a64cb05f02aa8dcc1c178b88159a61304,0x4cb518af5d618d21e24dce55da4ed90b470ee1472e28ff9e7d63051b904db905
223,2963,1.1852,0x00349d285b0edc9faaf636d05c5aae51bf7eacd2,2017-08-21T09:22:33.000Z,0.0004,0x583c1a1c352faa1d2d01968214a3b1871b6dab00,sell,0x02b9806a64cb05f02aa8dcc1c178b88159a61304,0x292c7a90cd26c41e1dfa30b08789f34562b57b65685d763fa7acbf322bb89ede
224,1586.8765048350115,0.6503972042716778,0x00349d285b0edc9faaf636d05c5aae51bf7eacd2,2017-08-21T09:22:33.000Z,0.00040986,0x583c1a1c352faa1d2d01968214a3b1871b6dab00,sell,0x02b9806a64cb05f02aa8dcc1c178b88159a61304,0x2d2999e33e54c9cf7e91c833f69fd94ba2666e16735bbca41a16ce9b90d58aab
225,70.12349516498854,0.0287408157283222,0x00349d285b0edc9faaf636d05c5aae51bf7eacd2,2017-08-21T08:33:59.000Z,0.00040986,0x71cefe0bc1d33439f3bd17c0129e047cd38eefdc,sell,0x02b9806a64cb05f02aa8dcc1c178b88159a61304,0x3e539647b8d5632c9c82bc754e1da77477ad5f8db82e6d08e9643f988859c2d5
226,218,0.10028,0x48ae7ea7038973e4dd8316cb37ffd01a8b3b9828,2017-08-21T08:31:47.000Z,0.00046,0x71cefe0bc1d33439f3bd17c0129e047cd38eefdc,sell,0x02b9806a64cb05f02aa8dcc1c178b88159a61304,0xe0ffc634e8c11a20f503907e1638849392f503c55aa476de4c4c21aafdf418b3
227,200,0.082,0x946151fa04270a2d81ff3abc7f0648f1767a0fce,2017-08-21T08:31:47.000Z,0.00041,0x71cefe0bc1d33439f3bd17c0129e047cd38eefdc,sell,0x02b9806a64cb05f02aa8dcc1c178b88159a61304,0xdd5c04f3b5fc18e773781371462fc0a583033757c451fccb2eefe17716cae298
228,10.374,0.00446082,0x38798d31c7048411c2b7c8b48c26c1bd398f3990,2017-08-21T08:31:47.000Z,0.00043,0x71cefe0bc1d33439f3bd17c0129e047cd38eefdc,sell,0x02b9806a64cb05f02aa8dcc1c178b88159a61304,0x1af01f40da58968c161e3b87b0fe21de7f3e61f470ffe51b754bf118ea5c52c0
229,1993.8191606021335,1.9938191606021334,0xb7f3976521efb72c5f065c79dc619a557f2e24b8,2017-08-21T04:07:01.000Z,0.001,0xebbf00918819af588274b40bf236847b1cd5575d,buy,0x02b9806a64cb05f02aa8dcc1c178b88159a61304,0x30d8253ca236d83c3a4608843731a5479ab15c3e7e40e0f23743edbe421117ad
230,0.009,0.10281015,0x48ae7ea7038973e4dd8316cb37ffd01a8b3b9828,2017-08-21T01:00:24.000Z,11.42335,0x00f6ac01ea8b091f7569ec3c33281eb40bab6bc7,buy,0x02b9806a64cb05f02aa8dcc1c178b88159a61304,0xe796f3c7d828880182133481f8b485571e4982680100b799ee18f87c6d2fa242
231,65.31534882714287,0.06531534882714286,0x020ed0ebb965e2543bc00449f455d1a92b5d5068,2017-08-21T00:58:07.000Z,0.001,0xebbf00918819af588274b40bf236847b1cd5575d,buy,0x02b9806a64cb05f02aa8dcc1c178b88159a61304,0x7ab5184a4d7ca88a76d9ce7b2c3731edfe26246f9ed3316b24ed28636aea500d
232,500,0.5,0x87cd32183d136ce2587ac4880d0f4e6a6cdc9ec0,2017-08-20T18:08:45.000Z,0.001,0xebbf00918819af588274b40bf236847b1cd5575d,buy,0x02b9806a64cb05f02aa8dcc1c178b88159a61304,0x66962e9d3218f6b33e8a49a46cb66fddf7d4d449739e1b2722d5d30b82da5f1c
233,2000,2,0xb6b1fa77b801dea82e771e85539a26a61421ad13,2017-08-20T08:16:58.000Z,0.001,0x1fdf047bf7a114b37e7936d01e9cad754ad18803,buy,0x02b9806a64cb05f02aa8dcc1c178b88159a61304,0x1ae371da2f84f75f7ba4d2f68b5c56ffe949a3222db5c4ad1c41d2e697fe19eb
234,103.869,0.1552737681,0xb6b1fa77b801dea82e771e85539a26a61421ad13,2017-08-20T08:04:55.000Z,0.0014949,0x71cefe0bc1d33439f3bd17c0129e047cd38eefdc,buy,0x02b9806a64cb05f02aa8dcc1c178b88159a61304,0x490c428fd82281a1e871e0c8a37490c8d6093450e2c82a1376d63330665e880c
235,646,0.26476956,0x00349d285b0edc9faaf636d05c5aae51bf7eacd2,2017-08-20T01:13:48.000Z,0.00040986,0x18e5195f21851010db7c6dd8c9ea655300a11f35,sell,0x02b9806a64cb05f02aa8dcc1c178b88159a61304,0xb37f582cd63e89b4f71c011cd63c3dc17f7fbf1cb9eaea38af199533fe85546d
236,1181.574,0.58927458528,0x00349d285b0edc9faaf636d05c5aae51bf7eacd2,2017-08-20T01:11:34.000Z,0.00049872,0x18e5195f21851010db7c6dd8c9ea655300a11f35,sell,0x02b9806a64cb05f02aa8dcc1c178b88159a61304,0x33df0af54509989146b844442effd899fa3036b71eb817765f3a326ba1431526
237,2000,1,0x1fdf047bf7a114b37e7936d01e9cad754ad18803,2017-08-20T01:09:58.000Z,0.0005,0x18e5195f21851010db7c6dd8c9ea655300a11f35,sell,0x02b9806a64cb05f02aa8dcc1c178b88159a61304,0xa08403f6312de1ecb144e31e8bdefa19032a16f5828521664e0b5f3a2c6ddecf
238,1931,0.965501931,0x463d7d00efdaae28cddbde708cea5473e91f29db,2017-08-20T01:08:39.000Z,0.000500001,0x18e5195f21851010db7c6dd8c9ea655300a11f35,sell,0x02b9806a64cb05f02aa8dcc1c178b88159a61304,0xa396d9534e66ddbcfb42276ffa0aa360b274ffb32889e724e03dbb523c6b89ea
239,9,0.004500009,0x463d7d00efdaae28cddbde708cea5473e91f29db,2017-08-20T00:58:58.000Z,0.000500001,0x18e5195f21851010db7c6dd8c9ea655300a11f35,sell,0x02b9806a64cb05f02aa8dcc1c178b88159a61304,0x8db30b4cf2c5e80e57ab693342c7d80355d5761a5983cd66deeb615eed283009
240,196.131,0.294000369,0xa719aedbcfccbbeb3e264a513359416443230899,2017-08-19T14:14:53.000Z,0.001499,0x71cefe0bc1d33439f3bd17c0129e047cd38eefdc,buy,0x02b9806a64cb05f02aa8dcc1c178b88159a61304,0xa1b564dcc4048ab5b5cd03f4c2f02b580992a751ccc9a2dc80c6cd20f578e1ae
241,0.12813257148033963,0.000063902276048674,0x00349d285b0edc9faaf636d05c5aae51bf7eacd2,2017-08-19T09:19:09.000Z,0.0004987199999999923,0x45e96c91b0a8014cd80e0342b6e7120307db4135,sell,0x02b9806a64cb05f02aa8dcc1c178b88159a61304,0xb6c918051298a98abfc8bccdf58e77579037248085ca4fc9377b6b5b0022d239
242,1285.2978245192867,0.6410037310442587,0x00349d285b0edc9faaf636d05c5aae51bf7eacd2,2017-08-19T09:09:39.000Z,0.00049872,0x45e96c91b0a8014cd80e0342b6e7120307db4135,sell,0x02b9806a64cb05f02aa8dcc1c178b88159a61304,0xae06e9d3e828d261fef6b314ddc9a459db9e1c45282d6cc0b0c7b1e38b70cf4d
243,1333,0.67777718,0x00349d285b0edc9faaf636d05c5aae51bf7eacd2,2017-08-19T08:39:19.000Z,0.00050846,0x45e96c91b0a8014cd80e0342b6e7120307db4135,sell,0x02b9806a64cb05f02aa8dcc1c178b88159a61304,0xf16d00a37096e93e0ca23e72def5b4c8ad3400a28d0c1cc9b5f9f93378b37b01
244,218.662,0.09646711454,0x00349d285b0edc9faaf636d05c5aae51bf7eacd2,2017-08-18T23:33:58.000Z,0.00044117,0x45e96c91b0a8014cd80e0342b6e7120307db4135,sell,0x02b9806a64cb05f02aa8dcc1c178b88159a61304,0xc630bc47b5e5cf3ec15110337c1a68885b15d001d7241a7326addc955f169141
245,1151,0.53894424,0x00349d285b0edc9faaf636d05c5aae51bf7eacd2,2017-08-18T23:28:10.000Z,0.00046824,0x45e96c91b0a8014cd80e0342b6e7120307db4135,sell,0x02b9806a64cb05f02aa8dcc1c178b88159a61304,0x6c57130c0adfbc81acb442cf97624a19371324e8002c61015ba7a27b38c2f227
246,522.337752965806,0.23043974647592463,0x00349d285b0edc9faaf636d05c5aae51bf7eacd2,2017-08-18T22:24:03.000Z,0.00044117,0x45e96c91b0a8014cd80e0342b6e7120307db4135,sell,0x02b9806a64cb05f02aa8dcc1c178b88159a61304,0x9f2555bb45360ee581a59e9cc7e155f3a1ec1facfc2051c65e9665dbeb688904
247,671,0.3323463,0x00349d285b0edc9faaf636d05c5aae51bf7eacd2,2017-08-18T22:15:56.000Z,0.0004953,0x45e96c91b0a8014cd80e0342b6e7120307db4135,sell,0x02b9806a64cb05f02aa8dcc1c178b88159a61304,0x13e5ac5c5b7c0bcebf2f0db23df9e0caf499954830ad34ae204cf49fdbb7eda9
248,1436,1.077,0x463d7d00efdaae28cddbde708cea5473e91f29db,2017-08-18T21:49:33.000Z,0.00075,0x004268a3ab83720b656fb2b5cadef931a30cf357,buy,0x02b9806a64cb05f02aa8dcc1c178b88159a61304,0xdbf0293ef4180c996f5b1dd142963d15b116b1b914501b9957158262c260f925
249,10,0.0050172,0x00349d285b0edc9faaf636d05c5aae51bf7eacd2,2017-08-18T21:39:28.000Z,0.00050172,0x45e96c91b0a8014cd80e0342b6e7120307db4135,sell,0x02b9806a64cb05f02aa8dcc1c178b88159a61304,0x02f1c26aff5f36a047bf10db7d8ab5c030af0c827a9c44c4b112fcd6d13e44e8
250,976,0.48967872,0x00349d285b0edc9faaf636d05c5aae51bf7eacd2,2017-08-18T15:37:13.000Z,0.00050172,0x004268a3ab83720b656fb2b5cadef931a30cf357,sell,0x02b9806a64cb05f02aa8dcc1c178b88159a61304,0x303c236c4d6489357c8f209480707f6098102fb673581dc8d3090bd2be9855cd
251,765,0.65025,0x5865bb6bbd8b3147276fa51a7c6147a951e9e68d,2017-08-18T09:35:02.000Z,0.00085,0x004268a3ab83720b656fb2b5cadef931a30cf357,buy,0x02b9806a64cb05f02aa8dcc1c178b88159a61304,0x9ded6f8b4f78054d770f9da27d90f45dee0da37b971a444ab79621df8113973f
252,235,0.19975,0xaa0ebc52aa88935610928a5e91af9cbefbf30111,2017-08-18T08:10:17.000Z,0.00085,0x004268a3ab83720b656fb2b5cadef931a30cf357,buy,0x02b9806a64cb05f02aa8dcc1c178b88159a61304,0x63b7c974b09753b7faa0c2192275a165765630faabe4a24310062947ea42a063
253,609,0.33460287,0x00349d285b0edc9faaf636d05c5aae51bf7eacd2,2017-08-17T21:02:13.000Z,0.00054943,0x004268a3ab83720b656fb2b5cadef931a30cf357,sell,0x02b9806a64cb05f02aa8dcc1c178b88159a61304,0xb16d9c2df975b4133dbf344aa77122c3dec35baadcf24f37937023f91ac32d8f
254,483,0.21252,0x5865bb6bbd8b3147276fa51a7c6147a951e9e68d,2017-08-17T00:39:49.000Z,0.00044,0xe9a29cbd04fbfcb6bf13ab0b20ee27100e092e86,buy,0x02b9806a64cb05f02aa8dcc1c178b88159a61304,0xc7d59154c2ee64943e0b2cc29f04f7327f17ad5c7558c43e9367579cfc36e52f
