,amount,amountBase,buyer,date,price,seller,side,tokenAddr,txHash
0,2195.48,0.9177143576428902,0x4680f5c6f55b46e9d86e33c7bd49655e585cb913,2017-11-02T10:11:41.000Z,0.0004180016933166734,0x23c54718330e3d7e8d98895cd41886369b0b4c0d,buy,0x12480e24eb5bec1a9d4369cab6a80cad3c0a377a,0xa383c4a8419161321d28ab51d735e0b6673a0e19c5d837f472ca7f006c6beab0
1,5221.2,2.140692206952241,0x4680f5c6f55b46e9d86e33c7bd49655e585cb913,2017-11-02T09:59:13.000Z,0.00041000003963691126,0x0d7f2f3fba73e05a32d904b6c740abfaf1b0d71b,buy,0x12480e24eb5bec1a9d4369cab6a80cad3c0a377a,0x01bb9525ec82493c14e60f7cd44f7ca1e4b4832a40a251db9c49c5e7aee2d2b9
2,3120,1.2792,0xa760e26be163a8614986068ffa5cd766bb35a000,2017-11-02T09:23:49.000Z,0.00041,0x0d7f2f3fba73e05a32d904b6c740abfaf1b0d71b,buy,0x12480e24eb5bec1a9d4369cab6a80cad3c0a377a,0xf720b93b9ebc210797b0ff052907a5947c1cc47c3d1166ee9fb275b246ed704b
3,138.79,0.056907793047758844,0x0fe614ffea49095e98e6cb5cbd589f5455bf0f02,2017-11-02T08:46:45.000Z,0.00041002804991540346,0x0d7f2f3fba73e05a32d904b6c740abfaf1b0d71b,buy,0x12480e24eb5bec1a9d4369cab6a80cad3c0a377a,0x36965cd0e95363e74c54a6392dbcafecf7f955665fc4645147d8dbab854b5c8a
4,0.07,0.0000259,0x00bc39bff54a0efeede91652921c908b8d6a7c5c,2017-11-02T07:29:14.000Z,0.00037,0x4c571557888393ee279b5cfca882a28908469bc4,sell,0x12480e24eb5bec1a9d4369cab6a80cad3c0a377a,0x7ceb7e9b9e343e5ff7267eacf873aefdc3ffd682d6b50043b6dac91525dc01b7
5,638.82,0.2363634,0x00bc39bff54a0efeede91652921c908b8d6a7c5c,2017-11-02T07:28:25.000Z,0.00037,0x4c571557888393ee279b5cfca882a28908469bc4,sell,0x12480e24eb5bec1a9d4369cab6a80cad3c0a377a,0x542c5aea9e7495b635b84b11956223ce73bebbc1be2d1285da9afa413f812274
6,80,0.029608,0xdfa60da00a569e455863c0bff4362703edab4e9f,2017-11-02T07:26:59.000Z,0.0003701,0x4c571557888393ee279b5cfca882a28908469bc4,sell,0x12480e24eb5bec1a9d4369cab6a80cad3c0a377a,0x46046407a184c3838236975523c8e6e07153c6545a4300edb33d18fb521cb7de
7,14943.22,5.6784236,0x36e097d4dac684f0275334d92d45e6f97a63c56b,2017-11-02T07:25:03.000Z,0.00038,0x4c571557888393ee279b5cfca882a28908469bc4,sell,0x12480e24eb5bec1a9d4369cab6a80cad3c0a377a,0xacf9d536400045894997aeb42dc48776fa63846085531b8efcc31e5ef733bb79
8,200,0.07602,0x383932e5467528999954bf192452e390e1c84795,2017-11-02T07:25:03.000Z,0.0003801,0x4c571557888393ee279b5cfca882a28908469bc4,sell,0x12480e24eb5bec1a9d4369cab6a80cad3c0a377a,0x46ae39f66c1afdbf6a1c9d43d6e907cec5c26d268fdfc99a1ef1654e59159dbb
9,100,0.0383,0xcd2356d69f7de4c1f84f33d9effde212e2b2c9ac,2017-11-02T07:25:03.000Z,0.000383,0x4c571557888393ee279b5cfca882a28908469bc4,sell,0x12480e24eb5bec1a9d4369cab6a80cad3c0a377a,0x9d9c264d69e787f242e21c701343495231dd024b7a132bd8f5121baf0427f5aa
10,3277.88,1.2455944,0x36e097d4dac684f0275334d92d45e6f97a63c56b,2017-11-02T05:55:05.000Z,0.00038,0x76b5d94a75b29f935d1270ccae42ad938f3ac1f8,sell,0x12480e24eb5bec1a9d4369cab6a80cad3c0a377a,0x5307ac240bb08eb8700cd6e9f9654960e77fd4140b4365879dc00d43c63192d3
11,3761.12,1.4292256,0x36e097d4dac684f0275334d92d45e6f97a63c56b,2017-11-02T05:46:10.000Z,0.00038,0x23c09abbc301e4bd6396548f5f6005ab345afb7e,sell,0x12480e24eb5bec1a9d4369cab6a80cad3c0a377a,0x8c053d8498ce72f8172c4f84efff24605b03ed777bcb3cc6897ed2e38e21aa5d
12,2500,1.045,0x89d400d2268df5f9e4590c632f407bda11fab028,2017-11-02T05:23:11.000Z,0.000418,0x23c54718330e3d7e8d98895cd41886369b0b4c0d,buy,0x12480e24eb5bec1a9d4369cab6a80cad3c0a377a,0x60f946be21359fd511babd6ed3b21f26d74bb60eefb5a804c130dcb1381209cc
13,4025.02,1.5295076,0x36e097d4dac684f0275334d92d45e6f97a63c56b,2017-11-02T05:11:49.000Z,0.00038,0x9c9fde6b46b89d48d0986e449ff9c546ff029f59,sell,0x12480e24eb5bec1a9d4369cab6a80cad3c0a377a,0x51d6c0f2746474bec79ab508912b10cd5ca0c3b6f4c3d9e290489766af5acfda
14,50.31,0.02102958,0xaffa298cfff078521fdc687f7a5523179df72bf1,2017-11-02T04:20:10.000Z,0.000418,0x23c54718330e3d7e8d98895cd41886369b0b4c0d,buy,0x12480e24eb5bec1a9d4369cab6a80cad3c0a377a,0xb0549b8899351f799bbe45c462d302fcacf7d1eba9adae12b3aba20a34da5ca7
15,99.69,0.0388791,0xaffa298cfff078521fdc687f7a5523179df72bf1,2017-11-02T03:39:25.000Z,0.00039,0x1d2cadab05cb50a822c672498c5e59ba82dab549,sell,0x12480e24eb5bec1a9d4369cab6a80cad3c0a377a,0xfbf1e2f299bdea6c0e82e33749ac797e5f1f28b2729e86f7ddc4ab4b1915f88a
16,5569.76,2.1165088,0x36e097d4dac684f0275334d92d45e6f97a63c56b,2017-11-02T03:17:25.000Z,0.00038,0x9778550d76b07ac9f5e57392f68ecdf6efc1774e,sell,0x12480e24eb5bec1a9d4369cab6a80cad3c0a377a,0x2bbd6bb2368c8a626fbf062c4a0f6bc61718e0560b3276008e257c51ebbdde03
17,869.59,0.347839653948348,0xa36334b0909ab194b9ddb9689bfde7f6b2332220,2017-11-02T03:13:07.000Z,0.00040000420192084547,0x9778550d76b07ac9f5e57392f68ecdf6efc1774e,buy,0x12480e24eb5bec1a9d4369cab6a80cad3c0a377a,0x1fd65ae8b13d0a169f4e6dc1be7e48d9fb12f5ae826ddec1916c83b90a3a10b7
18,2299.67,0.9635624643324923,0x284d998ca0e5dc9f6e59bc1ac7a4bb629d15fadd,2017-11-02T03:07:10.000Z,0.0004190003193208122,0x8c2d7828f9ebd238d7daea41146a4d87f59225e2,buy,0x12480e24eb5bec1a9d4369cab6a80cad3c0a377a,0x7fef4904e08f66203b6d6ae08bf731535b5271ce3fa15ba512f82f8dbe87e1e6
19,1000,0.419,0xa36334b0909ab194b9ddb9689bfde7f6b2332220,2017-11-02T02:57:02.000Z,0.000419,0x8c2d7828f9ebd238d7daea41146a4d87f59225e2,buy,0x12480e24eb5bec1a9d4369cab6a80cad3c0a377a,0xfa375d7ef1af023035418db34468e3918a1e4a0ec0df0d488396b13f76f06433
20,372.72,0.15617026661969385,0x9b7a8b471ad9a43e36d69ab971c7a03c6f5b5b41,2017-11-02T02:50:59.000Z,0.0004190015738884253,0x8c2d7828f9ebd238d7daea41146a4d87f59225e2,buy,0x12480e24eb5bec1a9d4369cab6a80cad3c0a377a,0xe84f33cf3f743f8ba1746ac7182366fe3edb615c87af8c221496636c63b65b03
21,443,0.182516,0x9b7a8b471ad9a43e36d69ab971c7a03c6f5b5b41,2017-11-02T02:23:03.000Z,0.000412,0x2be2ec48d224b2283638014e4794170f7ca87739,buy,0x12480e24eb5bec1a9d4369cab6a80cad3c0a377a,0x37e549e42592664826d993ada818a9f83ba823b2aaef902ebfd13da489c2b557
22,324.41,0.1200317,0x00bc39bff54a0efeede91652921c908b8d6a7c5c,2017-11-02T01:01:54.000Z,0.00037,0x2ae8d70734b12109795ac5cf2c8493b31551fd9d,sell,0x12480e24eb5bec1a9d4369cab6a80cad3c0a377a,0xdd00104dea8e27ebe9f6b9fc032f06f65381a48b569ef9bc7071f50f6513ce34
23,10662.01,3.9450503201,0x97290863725d70d792882fc0f3487fa76d2420a0,2017-11-02T01:00:17.000Z,0.00037001,0x2ae8d70734b12109795ac5cf2c8493b31551fd9d,sell,0x12480e24eb5bec1a9d4369cab6a80cad3c0a377a,0xbddb907f4190dac43dd1748c797fc2489ae203a5db00110618dbd03a2a322c7f
24,0.5,0.000185,0x00bc39bff54a0efeede91652921c908b8d6a7c5c,2017-11-02T00:59:18.000Z,0.00037,0x2ae8d70734b12109795ac5cf2c8493b31551fd9d,sell,0x12480e24eb5bec1a9d4369cab6a80cad3c0a377a,0xb77023d6cfa88be1bf898abd7077b98945426955c763a03f6e86c47c19d9d921
25,0.5,0.000185005,0x97290863725d70d792882fc0f3487fa76d2420a0,2017-11-02T00:59:07.000Z,0.00037001,0x2ae8d70734b12109795ac5cf2c8493b31551fd9d,sell,0x12480e24eb5bec1a9d4369cab6a80cad3c0a377a,0xc461e63eca0e851cbdaf65f092f4a3594eae79a656bd93e8b5ef00efc9552d0f
26,996.97,0.3688888697,0x97290863725d70d792882fc0f3487fa76d2420a0,2017-11-01T23:33:11.000Z,0.00037001,0xe420ac2449bebd1d0396b700f389dd414ee6c78d,sell,0x12480e24eb5bec1a9d4369cab6a80cad3c0a377a,0xa6293a315fbe7f243aa0403d11d2b1ff1778d865696f25560cba3d780c9bb6a8
27,1017.84,0.3766109784,0x97290863725d70d792882fc0f3487fa76d2420a0,2017-11-01T23:24:12.000Z,0.00037001,0x1d1d215fa73293aa50bac6d603fbd3fe784129c8,sell,0x12480e24eb5bec1a9d4369cab6a80cad3c0a377a,0xc06e669289a26ad70a5406c89c1ab3490452f07e9d333937585790b9893e744e
28,2690.76,0.9956081076,0x97290863725d70d792882fc0f3487fa76d2420a0,2017-11-01T22:34:40.000Z,0.00037001,0xf1fe7c32135be94b583d4004f1f650b2a046bf63,sell,0x12480e24eb5bec1a9d4369cab6a80cad3c0a377a,0x049136092fee9fbba988ee607aeec197a812e5ccbb9033cb33206fe43a31c979
29,7.02,0.0027378,0x3a300b4eddf2fe4adc7f43186c4f3518136b422d,2017-11-01T22:32:55.000Z,0.00039,0xf1fe7c32135be94b583d4004f1f650b2a046bf63,sell,0x12480e24eb5bec1a9d4369cab6a80cad3c0a377a,0x0df9282047e271c27af13a12d8da3cbce61880bd244ad07c1fccfc2375fb0ea6
30,4131,1.52851131,0x66b3a13cfa1b654f4ea90640071771c6c904b837,2017-11-01T22:06:00.000Z,0.00037001,0xf1fe7c32135be94b583d4004f1f650b2a046bf63,buy,0x12480e24eb5bec1a9d4369cab6a80cad3c0a377a,0xdd72ecaf2f0db2ec7c31b0b993c0734e680250634a21d1dec325a30fa2a04740
31,450,0.17505,0xeebec4d48bca0a0db84a71cd89cf235d15eb95c1,2017-11-01T20:54:49.000Z,0.000389,0x18649bef416427b2d70789e7f59e7b765a709bd4,buy,0x12480e24eb5bec1a9d4369cab6a80cad3c0a377a,0x9884f9054553774877c8fb6db3dabdbb6652a64215c3a97cd5cd2b90e39b9bdc
32,1500,0.555015,0x97290863725d70d792882fc0f3487fa76d2420a0,2017-11-01T20:29:14.000Z,0.00037001,0x6534881f202ca7d476813b1670259a763936504a,sell,0x12480e24eb5bec1a9d4369cab6a80cad3c0a377a,0x6b9dbf221c72361cad3eac1e9f47480c5f74ff2d039647b03c1ae531dc755325
33,416.55,0.16204092632611433,0xadbf3d3a8c3c5d3a4604eebedc5b81973b480187,2017-11-01T20:26:28.000Z,0.0003890071451833257,0x18649bef416427b2d70789e7f59e7b765a709bd4,buy,0x12480e24eb5bec1a9d4369cab6a80cad3c0a377a,0x0a9709a44e57e2a7914493431f722590313a9c8dc90e824cd5f3a5e92fc8d03d
34,142.3,0.05535650522367109,0x77f23349cd32ddeb4aaeaf4d351f7234ab5de6ac,2017-11-01T19:37:32.000Z,0.0003890126860412585,0x18649bef416427b2d70789e7f59e7b765a709bd4,buy,0x12480e24eb5bec1a9d4369cab6a80cad3c0a377a,0x89dc5f266249ba7f76f0772210223b9a64b518736feb5c2fdf6769a30ee8f0d3
35,41,0.015949,0x47d0cf2b4706313a98be3a6df85aba1f14ec7832,2017-11-01T18:56:05.000Z,0.000389,0x18649bef416427b2d70789e7f59e7b765a709bd4,buy,0x12480e24eb5bec1a9d4369cab6a80cad3c0a377a,0xbee575a0157e8e8d212f7059535fdd503b53df552dcbcc88ff16df61ac318ecb
36,235,0.0987,0x5b49a33024d8530a2cbf921daf41414f2b336877,2017-11-01T16:53:42.000Z,0.00042,0x32de59a4dd4403265a5dacc15396520f1b1acd49,buy,0x12480e24eb5bec1a9d4369cab6a80cad3c0a377a,0x740894271e6a7818f5839f018811cd0801ab50916de59c2cd30819d2e9daa5ba
37,0.51,0.0001989,0x3a300b4eddf2fe4adc7f43186c4f3518136b422d,2017-11-01T15:43:10.000Z,0.00039,0x16ddb0364892f8c9c8c9d49b75f185cd0aa0be96,sell,0x12480e24eb5bec1a9d4369cab6a80cad3c0a377a,0xc1fbe289e12ef55a723aef62839a2ac040eef47265066d34b99ffd857af982c6
38,5104.17,1.9906263,0x3a300b4eddf2fe4adc7f43186c4f3518136b422d,2017-11-01T15:41:14.000Z,0.00039,0x16ddb0364892f8c9c8c9d49b75f185cd0aa0be96,sell,0x12480e24eb5bec1a9d4369cab6a80cad3c0a377a,0x41fb2fb3f31753a77010178cd520245a826aa7d95bd254aa13b417ff6921ec4d
39,20.33,0.009410721675106747,0xe2a8bae98335a1c9a68e7d3990ab31a1612c70ae,2017-11-01T15:17:05.000Z,0.0004628982624253196,0x336707214137ab2035aa724e0378baf0e50af962,buy,0x12480e24eb5bec1a9d4369cab6a80cad3c0a377a,0xf69b6d6f8ee9f9d6ba5a7a84c62c93ca04577e7a1e7e8f5a3cb019e66d0eddc0
40,498.51,0.1844536851,0x97290863725d70d792882fc0f3487fa76d2420a0,2017-11-01T14:42:15.000Z,0.00037001,0xd607d781a1d4eccdb45101b9e9c11777b438c9da,sell,0x12480e24eb5bec1a9d4369cab6a80cad3c0a377a,0x93a53fbe9cb19a4ce45e1e773db248ff6b999d8609fc418f1c61abe8f042f2ba
41,1500,0.612,0x89d400d2268df5f9e4590c632f407bda11fab028,2017-11-01T14:07:36.000Z,0.000408,0x4b5abe4979e6f3db84a425dd39ebe1043a6cc444,buy,0x12480e24eb5bec1a9d4369cab6a80cad3c0a377a,0xcc12867d05ad3f21280afcb63ce8d324e6430221e4e87f142589ae2782cbadf4
42,723.55,0.2677207355,0x97290863725d70d792882fc0f3487fa76d2420a0,2017-11-01T13:03:03.000Z,0.00037001,0xb00548770ea87482f024cd4292a975fea72e8f01,sell,0x12480e24eb5bec1a9d4369cab6a80cad3c0a377a,0x317d620bf72004e1832c3850a3490642ab0e642f221f2b453fef328f5cd435f5
43,1859.1,0.687885591,0x97290863725d70d792882fc0f3487fa76d2420a0,2017-11-01T12:59:35.000Z,0.00037001,0xef0d515a64385ce17546021662d8e42528eff9f2,sell,0x12480e24eb5bec1a9d4369cab6a80cad3c0a377a,0x0d2effb4b54855b515a55bbd0f01721fe847ab186c6fd5c833b6ff9d4a376f4b
44,200,0.07402,0x383932e5467528999954bf192452e390e1c84795,2017-11-01T12:50:33.000Z,0.0003701,0xef0d515a64385ce17546021662d8e42528eff9f2,sell,0x12480e24eb5bec1a9d4369cab6a80cad3c0a377a,0x860c24c1968a00de289399b269908dbcaa7ac448cc48e47d2d440618ba25432f
45,14.34,0.00531297,0x2be2ec48d224b2283638014e4794170f7ca87739,2017-11-01T12:50:00.000Z,0.0003705,0xef0d515a64385ce17546021662d8e42528eff9f2,sell,0x12480e24eb5bec1a9d4369cab6a80cad3c0a377a,0x8b1bfbe056d4d1e33ad22530bde7569e779a47a86737ea9a6104fbc8ced2a3e2
46,188,0.069748,0xdfa60da00a569e455863c0bff4362703edab4e9f,2017-11-01T12:50:00.000Z,0.000371,0xef0d515a64385ce17546021662d8e42528eff9f2,sell,0x12480e24eb5bec1a9d4369cab6a80cad3c0a377a,0x847d4499cdfb3b238c40446f5c03f861fced7e14d79deed47e02c74b0e8fd454
47,75.5,0.0283125,0x41ac2e484520e65a1a176ab8929dc68dc38fcdd8,2017-11-01T12:50:00.000Z,0.000375,0xef0d515a64385ce17546021662d8e42528eff9f2,sell,0x12480e24eb5bec1a9d4369cab6a80cad3c0a377a,0x7849ee73841e9ed8aefb17b103b20799bc6cb5b8bee705b40983f01e8675f3f1
48,450,0.16875,0xd4b5652091f14ea5c3d189600b08b5ec3a9a718c,2017-11-01T12:50:00.000Z,0.000375,0xef0d515a64385ce17546021662d8e42528eff9f2,sell,0x12480e24eb5bec1a9d4369cab6a80cad3c0a377a,0xd03705b600bee81daa5c39e2f5f3f0fc3b0e3569cb11485661dce3f4bb05ea92
49,63.43,0.0241034,0x3d88c648c58806bdb82bcd35ab0cb88d1805edf6,2017-11-01T12:49:44.000Z,0.00038,0xef0d515a64385ce17546021662d8e42528eff9f2,sell,0x12480e24eb5bec1a9d4369cab6a80cad3c0a377a,0x2f438f8f1f10292d57fccc8953f3c671dd0e147f70afa806ee9014ada273e84f
50,406.8,0.1549912068,0x7275684df25a79b56047239b09d7e111fd3a4320,2017-11-01T12:48:59.000Z,0.000381001,0xef0d515a64385ce17546021662d8e42528eff9f2,sell,0x12480e24eb5bec1a9d4369cab6a80cad3c0a377a,0xb2a735c5dae40a440a80237ef1758d003d4ff17068782d4149927270340e1efd
51,285.53,0.10935799,0x23c54718330e3d7e8d98895cd41886369b0b4c0d,2017-11-01T12:48:43.000Z,0.000383,0xef0d515a64385ce17546021662d8e42528eff9f2,sell,0x12480e24eb5bec1a9d4369cab6a80cad3c0a377a,0x9a92c6a2178a6493c3b5a6783c1d9511d396fa7e8a98ebef5a5d7306a78c5d59
52,1000,0.39,0xd5793048df04f90d2224706faaa76e05e2c635e6,2017-11-01T11:42:07.000Z,0.00039,0x3da4ebcffab7a579feffbac8a2a6e27d9e23f0d5,sell,0x12480e24eb5bec1a9d4369cab6a80cad3c0a377a,0xffad5b169cf998e234094fe4fabd3fbdc9d52777476643e0d662fb471c269b3a
53,1747.06,0.7285259377001458,0xba3550b8ab07366de0c2925493e795f766f09267,2017-11-01T10:26:28.000Z,0.00041700109767274496,0x79adc6f2891e65969d62c7508c7a1eebce3b6019,buy,0x12480e24eb5bec1a9d4369cab6a80cad3c0a377a,0xb12af7b8c68b2d2023f59ecb4ee189e85878f78b7d359cf2b1439cd79edcbe2d
54,466.08,0.18643560110689325,0x05b3ad6c1b54ef826485c2afbdf8df7bd7cdb6c8,2017-11-01T10:08:13.000Z,0.0004000077263707802,0x318d5ed6c694631d8479d2a17dbbe6711e243d62,buy,0x12480e24eb5bec1a9d4369cab6a80cad3c0a377a,0x34a12070e382a574863f2f5e487f511d6e0dd7fbb9863d380be5e4fe2af75c91
55,200,0.08,0xcfdadc3626ad7dc8c761461d505cd661af02d2d0,2017-11-01T08:26:50.000Z,0.0004,0x318d5ed6c694631d8479d2a17dbbe6711e243d62,buy,0x12480e24eb5bec1a9d4369cab6a80cad3c0a377a,0x64a696fea4ebc29810b86a622098454596c045b3187c79dec7d8c9bb968c4de5
56,153.29,0.061316398893106756,0xc7779b91676a70c3628a0fe6dc0f5d36789f7e26,2017-11-01T07:54:35.000Z,0.00040000260221219097,0x318d5ed6c694631d8479d2a17dbbe6711e243d62,buy,0x12480e24eb5bec1a9d4369cab6a80cad3c0a377a,0xdcf809f97cf2f6fa117421fd725ab600d237c27ab78241d4d8ce7fa5cd0b51cd
57,5050.76,1.8688317076,0x97290863725d70d792882fc0f3487fa76d2420a0,2017-11-01T07:48:37.000Z,0.00037001,0x2daf797758a4372812bc67d6d166b3a387dcfd78,sell,0x12480e24eb5bec1a9d4369cab6a80cad3c0a377a,0x3eae73cec7fcd56260051e6b7c5863d901d640ed74f125cbc4281fb34a3cb710
58,40,0.016,0x714076e5f3b4ffad7846989dd16e4d58af37709c,2017-11-01T06:53:18.000Z,0.0004,0x318d5ed6c694631d8479d2a17dbbe6711e243d62,buy,0x12480e24eb5bec1a9d4369cab6a80cad3c0a377a,0xa8f54747ce04fb9e012305475bc0d8820c087918de4dc0b40b5f068f8a70c03e
59,260,0.09880026,0x2501a085c61d7474c9d64d164ec7df15b0eee7d5,2017-11-01T06:34:46.000Z,0.000380001,0x9c9fde6b46b89d48d0986e449ff9c546ff029f59,sell,0x12480e24eb5bec1a9d4369cab6a80cad3c0a377a,0xc78c07ebfd1d9faaaff9f616b27bad65730c424dd6d51321276d7b1584d91153
60,4985.66,1.84718703,0x2be2ec48d224b2283638014e4794170f7ca87739,2017-11-01T06:08:15.000Z,0.0003705,0x2ae8d70734b12109795ac5cf2c8493b31551fd9d,sell,0x12480e24eb5bec1a9d4369cab6a80cad3c0a377a,0x0277b4b9c4c27af9a75e795c4237ddb3b1de7505271de2d47cb50f9a7a70da9b
61,801.42,0.3165609,0xadbf3d3a8c3c5d3a4604eebedc5b81973b480187,2017-11-01T03:10:55.000Z,0.000395,0x81e6b15acf463ca72c4dd9aebee375305b06e20e,buy,0x12480e24eb5bec1a9d4369cab6a80cad3c0a377a,0x7fc136f869df3a51ee8b2c2d2643b4bd7c532b30d4aac6d05bdf3e90e3656f3a
62,136.57,0.0518966,0x3d88c648c58806bdb82bcd35ab0cb88d1805edf6,2017-11-01T02:52:41.000Z,0.00038,0x3a7cfadd98ad8b6d24ec8ed402ee62cfff6fa0e0,sell,0x12480e24eb5bec1a9d4369cab6a80cad3c0a377a,0x7e939912403f5c38f46a164d93ba436d64e3668b68d1d33e02d50eb2354c5524
63,120.66,0.04621278,0x23c54718330e3d7e8d98895cd41886369b0b4c0d,2017-11-01T02:43:39.000Z,0.000383,0x93db64375f64c321e4db898802312d13e03d4fab,sell,0x12480e24eb5bec1a9d4369cab6a80cad3c0a377a,0xa58756ab441410d217bc7b21cf520417f8c9bac629d98584bdfaf055d1281a0c
64,1079.26,0.4155151,0x23c54718330e3d7e8d98895cd41886369b0b4c0d,2017-11-01T02:40:02.000Z,0.000385,0x318d5ed6c694631d8479d2a17dbbe6711e243d62,sell,0x12480e24eb5bec1a9d4369cab6a80cad3c0a377a,0x791ae537b379797a4c49fba49092e8fbe6bb4daab7d09897e73324f7d7b600b0
65,6663.15,2.53866681315,0x7275684df25a79b56047239b09d7e111fd3a4320,2017-11-01T02:40:02.000Z,0.000381001,0x318d5ed6c694631d8479d2a17dbbe6711e243d62,sell,0x12480e24eb5bec1a9d4369cab6a80cad3c0a377a,0xa90d9c198e9308a0e6f8c24bf20e7b1207af3ab64d6587c1d2982e953cc3c148
66,0.06,0.0000231,0x23c54718330e3d7e8d98895cd41886369b0b4c0d,2017-11-01T02:26:07.000Z,0.000385,0xb144b693dadc1179e1c4be75cf5f23d38ce38c1a,sell,0x12480e24eb5bec1a9d4369cab6a80cad3c0a377a,0x63375e47b78517b243b8065d9b9aa80efc6ab6ccffc3c1d77b15c5457139ffae
67,573.22,0.2206897,0x23c54718330e3d7e8d98895cd41886369b0b4c0d,2017-11-01T02:24:34.000Z,0.000385,0xb144b693dadc1179e1c4be75cf5f23d38ce38c1a,sell,0x12480e24eb5bec1a9d4369cab6a80cad3c0a377a,0x4d1fb4bb1f39e3c362f3a68b41fcd6040ffb98e9c4b44b72193782dc4a538818
68,145.44,0.0559944,0x23c54718330e3d7e8d98895cd41886369b0b4c0d,2017-11-01T01:24:44.000Z,0.000385,0xdead3646bb46d5639c2225f9007dec8eabecf510,sell,0x12480e24eb5bec1a9d4369cab6a80cad3c0a377a,0x678fd05873024ef4691d62d20a195a917b544d63779322834152fac5e523ef9e
69,5250,2.1,0x889e0d17cb9de471e15bfb849b434b6ea5cc1def,2017-11-01T01:20:29.000Z,0.0004,0xdead3646bb46d5639c2225f9007dec8eabecf510,sell,0x12480e24eb5bec1a9d4369cab6a80cad3c0a377a,0xecae8de3aba5c649f22debf00ded41b4a77579d0ed6313b0cce72621f7213393
70,3325.56,1.330224,0x9d44b4c7031799bd5775aaba118c2c680c03dc45,2017-11-01T01:20:29.000Z,0.0004,0xdead3646bb46d5639c2225f9007dec8eabecf510,sell,0x12480e24eb5bec1a9d4369cab6a80cad3c0a377a,0x76440cb94e559d062f4b564b1b6a90d5ff76629fda615f8c75f078fd6a271349
71,252.07,0.10133214,0x81e6b15acf463ca72c4dd9aebee375305b06e20e,2017-11-01T01:20:03.000Z,0.000402,0xdead3646bb46d5639c2225f9007dec8eabecf510,sell,0x12480e24eb5bec1a9d4369cab6a80cad3c0a377a,0xa87bc565460ce7d3e55237a9eeaa4439e40b2b47ccda15211a82bc647144f12b
72,265,0.1113,0x8191e37ba4fd9a7772c5585013c2d4f6e0db77d5,2017-11-01T00:38:38.000Z,0.00042,0x32de59a4dd4403265a5dacc15396520f1b1acd49,buy,0x12480e24eb5bec1a9d4369cab6a80cad3c0a377a,0xd924924908961b4bb83da1c6eee7231ef9c94f1f6fa7282bfa68b1340242a1b4
73,100,0.0417,0x8191e37ba4fd9a7772c5585013c2d4f6e0db77d5,2017-11-01T00:29:26.000Z,0.000417,0x79adc6f2891e65969d62c7508c7a1eebce3b6019,buy,0x12480e24eb5bec1a9d4369cab6a80cad3c0a377a,0xa5f7c60e148fd62a0998cf5e0e4404c98d30830e7402017c3939c06838c9c606
74,1700,0.6545,0x485053aae83e618eea783572636c12459019ae0b,2017-11-01T00:07:47.000Z,0.000385,0x499c688f627b9f011add93cb6f45ec916a4d1f8d,sell,0x12480e24eb5bec1a9d4369cab6a80cad3c0a377a,0x7c3a806c858b1f93763fb10ceb0208a4db80cf6c5be5309712fc22a2fbe83c3a
75,63.46,0.0260186,0x81e6b15acf463ca72c4dd9aebee375305b06e20e,2017-10-31T23:53:43.000Z,0.00041,0x6833020e1fad7f8054b101fd9ca44e96886371e4,sell,0x12480e24eb5bec1a9d4369cab6a80cad3c0a377a,0x33fe4558d9108e91f316b3c73b6a2a7f1ef3ec076ba334b17ed28a7cce16fe5a
76,600,0.2502,0x2648c2431fc710c120e01ec0a4c6149471469255,2017-10-31T23:43:04.000Z,0.000417,0x79adc6f2891e65969d62c7508c7a1eebce3b6019,buy,0x12480e24eb5bec1a9d4369cab6a80cad3c0a377a,0xa08805cb5a388f1d2507d5603afe2d9382dce92fb49027c9ed7fea3b7d608882
77,1000,0.417,0x37b8817bddb22eca13f183e55eca8b3589ac30cd,2017-10-31T23:42:23.000Z,0.000417,0x79adc6f2891e65969d62c7508c7a1eebce3b6019,buy,0x12480e24eb5bec1a9d4369cab6a80cad3c0a377a,0x4aae769d65d96db93d4a6363005e06bcf56661b6d381cccf652dd91f517b7689
78,398.76,0.159504,0x9d44b4c7031799bd5775aaba118c2c680c03dc45,2017-10-31T23:21:48.000Z,0.0004,0x7af979b855f2ccbefa4f6bc5a81c1429a9bb851b,sell,0x12480e24eb5bec1a9d4369cab6a80cad3c0a377a,0xe928370d33f5a2433b4ea9830665d5358fffe123641c117573a7bbe33b3570d1
79,2706,1.128402,0xa23d8ed444d85c56ded1eafe0a870dba1eeb3d46,2017-10-31T22:54:50.000Z,0.000417,0xc9d56287b414e1aa0963016aa721b527f095fd9c,sell,0x12480e24eb5bec1a9d4369cab6a80cad3c0a377a,0x0dd2d820551c25b9cc8d00a230a96c133a997c5ea59689ec93c53c60b588f098
80,2714.11,1.11007099,0xc9d56287b414e1aa0963016aa721b527f095fd9c,2017-10-31T22:54:50.000Z,0.000409,0x81e6b15acf463ca72c4dd9aebee375305b06e20e,buy,0x12480e24eb5bec1a9d4369cab6a80cad3c0a377a,0x0dd2d820551c25b9cc8d00a230a96c133a997c5ea59689ec93c53c60b588f098
81,1017,0.392562,0x81e6b15acf463ca72c4dd9aebee375305b06e20e,2017-10-31T20:31:11.000Z,0.000386,0x7324861416a7f90e89d667fec14a3c19c82623c1,sell,0x12480e24eb5bec1a9d4369cab6a80cad3c0a377a,0x407a5bf127ccf92c107886cf1e2ec0ff85e49ec00bbeb959adfdb6efc8c3c94a
82,24.92,0.009968,0x9d44b4c7031799bd5775aaba118c2c680c03dc45,2017-10-31T20:28:40.000Z,0.0004,0x126611fc5d9aec5f981bfb925f95200d937e38ff,sell,0x12480e24eb5bec1a9d4369cab6a80cad3c0a377a,0xf841a8af419ca3275721226baa0674702f015066184276f35cdfd61900992e50
83,1195.38,0.4984737722789191,0xdb77365d65130e504b90be5c0260578bccf17ce8,2017-10-31T20:02:35.000Z,0.00041700026123819964,0x79adc6f2891e65969d62c7508c7a1eebce3b6019,buy,0x12480e24eb5bec1a9d4369cab6a80cad3c0a377a,0x724b250166025b3ee29fe56e7985fa88aa4dc24843721d0034eacfb4cf62e9f7
84,1500,0.675,0x5b49a33024d8530a2cbf921daf41414f2b336877,2017-10-31T18:52:40.000Z,0.00045,0x485053aae83e618eea783572636c12459019ae0b,buy,0x12480e24eb5bec1a9d4369cab6a80cad3c0a377a,0xaaec4fd2bbafa74e05b47562158ddbc80ca523fe0f45070016e767355e16a49a
85,2183,0.842638,0x81e6b15acf463ca72c4dd9aebee375305b06e20e,2017-10-31T18:37:15.000Z,0.000386,0x3ccca34043a6a5ceb4a85e2e077fbedd48031c49,sell,0x12480e24eb5bec1a9d4369cab6a80cad3c0a377a,0xc12a399bb146023707cc82205bbf400844c88dee355502154e7bd6cb4744a671
86,4075.55,1.699506290020935,0x4f8058245226892bf8db774ea6d36899a8c5d5b8,2017-10-31T18:19:58.000Z,0.0004170004760145097,0x79adc6f2891e65969d62c7508c7a1eebce3b6019,buy,0x12480e24eb5bec1a9d4369cab6a80cad3c0a377a,0xb8f94f30189a9ff18e8e7d769e0ec509e164ad71535e99035551ebb011d52aa5
87,5527.44,2.28836016,0x4f8058245226892bf8db774ea6d36899a8c5d5b8,2017-10-31T18:18:32.000Z,0.000414,0x81e6b15acf463ca72c4dd9aebee375305b06e20e,buy,0x12480e24eb5bec1a9d4369cab6a80cad3c0a377a,0xad5131631bd18213aca0a7eddd880e691196126d929ec46350d6cb869516cbfe
88,0.06,0.0000231,0x23c54718330e3d7e8d98895cd41886369b0b4c0d,2017-10-31T18:10:21.000Z,0.000385,0xb9fac6494b5a2fd5141f5b09ad0e61444c8d9d47,sell,0x12480e24eb5bec1a9d4369cab6a80cad3c0a377a,0x623e0ed95a514a697b1091ea38ef7278fb113f2adb2af590be498d6d93b7fd5d
89,601.96,0.2317546,0x23c54718330e3d7e8d98895cd41886369b0b4c0d,2017-10-31T18:05:19.000Z,0.000385,0xb9fac6494b5a2fd5141f5b09ad0e61444c8d9d47,sell,0x12480e24eb5bec1a9d4369cab6a80cad3c0a377a,0xd571bc81ebb37e2f4e33ea77f5054873d2d58011f12294bf2f84739cc4983b4f
90,165.53,0.0678673,0x141605c92a5e23a375733d0ec559ccea2e6229de,2017-10-31T18:00:58.000Z,0.00041,0xb9fac6494b5a2fd5141f5b09ad0e61444c8d9d47,sell,0x12480e24eb5bec1a9d4369cab6a80cad3c0a377a,0xfd9e0d4ca29eb21540539b988fffd2d55faa3888ca16bee29734e8dd452da663
91,6.27,0.00261459,0xaf8040b9fefe7eb6e2d84611e1904f253b3be5b0,2017-10-31T17:24:22.000Z,0.000417,0x79adc6f2891e65969d62c7508c7a1eebce3b6019,buy,0x12480e24eb5bec1a9d4369cab6a80cad3c0a377a,0x7e9687a7beed547ae48940a7fa586fd2fe2dd269280e60cd656cfe78e3f59376
92,1993.81,0.76362923,0x23c54718330e3d7e8d98895cd41886369b0b4c0d,2017-10-31T17:16:03.000Z,0.000383,0xf4f3e51276d6f8dcc6c26eda1d2b622759dd4505,sell,0x12480e24eb5bec1a9d4369cab6a80cad3c0a377a,0x4ce8965c0f20a46c5f6a53bfb4e3e99516f017aa66530349219903a1a8455363
93,1800,0.7488,0x41ecf2b56611359be97b566f7ae878f16a330530,2017-10-31T16:48:42.000Z,0.000416,0x1eaa18a0e964d346f2b5182be3f97d7aab5145b9,buy,0x12480e24eb5bec1a9d4369cab6a80cad3c0a377a,0xf8d2655b964849ff2f2d3e988fa50aa756096f7c1d020e4fd9fa14ff2d339e36
94,9616.13,4.00031008,0x41ecf2b56611359be97b566f7ae878f16a330530,2017-10-31T16:44:29.000Z,0.000416,0x1eaa18a0e964d346f2b5182be3f97d7aab5145b9,buy,0x12480e24eb5bec1a9d4369cab6a80cad3c0a377a,0xf7a9e5fce337d4e793555151ed10c48543e2655a61ed90670badf351703d2c46
95,1665,0.64935,0x41ecf2b56611359be97b566f7ae878f16a330530,2017-10-31T16:43:16.000Z,0.00039,0x7e3d133519d9f83319315e058d622802f044b4e3,buy,0x12480e24eb5bec1a9d4369cab6a80cad3c0a377a,0x7e8c710e3a83c1a4dd4a893b7707569e4f3aa73ef4e167940609d54015bd8f57
96,1943.42,0.75404696,0x41ecf2b56611359be97b566f7ae878f16a330530,2017-10-31T16:42:43.000Z,0.000388,0x1eaa18a0e964d346f2b5182be3f97d7aab5145b9,buy,0x12480e24eb5bec1a9d4369cab6a80cad3c0a377a,0xd5a317695247c34fd56b9198c936b88160f8d3935ecae45fd8ca89447c4c13b3
97,500,0.194,0x15f8e988924cf1593e8d19942508d62732d38898,2017-10-31T16:34:08.000Z,0.000388,0x1eaa18a0e964d346f2b5182be3f97d7aab5145b9,buy,0x12480e24eb5bec1a9d4369cab6a80cad3c0a377a,0x0f51602face571ca32c0a1a5568aabbb1e22228874209a6021caa36cc7bbd01c
98,554.91,0.21863454,0xdb4e5d81a20f21ee73ae1fa014d3d5d9dea3ade0,2017-10-31T15:45:21.000Z,0.000394,0xf44072eda87ede9613b6ae1b812de8a60ade27a2,sell,0x12480e24eb5bec1a9d4369cab6a80cad3c0a377a,0x047730342e4106e4507624d201c0fb777211944a0b129cabef921d81d168eb15
99,400,0.156,0xdb95ffc525554da455565b6f68c2c3b0b74e8a16,2017-10-31T15:45:21.000Z,0.00039,0x7e3d133519d9f83319315e058d622802f044b4e3,buy,0x12480e24eb5bec1a9d4369cab6a80cad3c0a377a,0x55cb62b246400d9fee9430e2a1d0191344dd700db77300dca485ff5c3d20a8e6
100,556.58,0.21595304,0xf44072eda87ede9613b6ae1b812de8a60ade27a2,2017-10-31T15:45:21.000Z,0.000388,0x1eaa18a0e964d346f2b5182be3f97d7aab5145b9,buy,0x12480e24eb5bec1a9d4369cab6a80cad3c0a377a,0x047730342e4106e4507624d201c0fb777211944a0b129cabef921d81d168eb15
101,299.1,0.1178454,0xdb4e5d81a20f21ee73ae1fa014d3d5d9dea3ade0,2017-10-31T15:37:46.000Z,0.000394,0x9624fae12c24bcdade48cbb10e50fd662bf2f9f9,sell,0x12480e24eb5bec1a9d4369cab6a80cad3c0a377a,0x586e8d51c84260962cfa86975fccb0a6df17f3a4435c350cd0ee01f232e347ee
102,2385.22,0.88730184,0x1eaa18a0e964d346f2b5182be3f97d7aab5145b9,2017-10-31T15:13:41.000Z,0.000372,0xde79f91a588f92cd14242bae7bed0edad872c87e,sell,0x12480e24eb5bec1a9d4369cab6a80cad3c0a377a,0xd024bfb9050e87bcd1bdb4f0b9d32bfc56cb0c7a055986a02dbbbad6713fa9d2
103,1144.32,0.45086208,0xdb4e5d81a20f21ee73ae1fa014d3d5d9dea3ade0,2017-10-31T15:09:57.000Z,0.000394,0xde79f91a588f92cd14242bae7bed0edad872c87e,sell,0x12480e24eb5bec1a9d4369cab6a80cad3c0a377a,0x67fa5249cf03a17fca35e8d24ddf35c365bf15efb10d65e0f4b4bc8f814257a5
104,750,0.296025,0x265806f18afc845e08bcefe5090e7f2b857cd9b7,2017-10-31T15:08:39.000Z,0.0003947,0xde79f91a588f92cd14242bae7bed0edad872c87e,sell,0x12480e24eb5bec1a9d4369cab6a80cad3c0a377a,0xf84e51c7ce4f2976905e0cacefde845d0800e569a2266b3ade7ad6e973f00785
105,3.73,0.001485001495419429,0xaf8040b9fefe7eb6e2d84611e1904f253b3be5b0,2017-10-31T15:04:50.000Z,0.0003981237253135198,0x18649bef416427b2d70789e7f59e7b765a709bd4,buy,0x12480e24eb5bec1a9d4369cab6a80cad3c0a377a,0xac16eb7ee3f5a6cdf5aae131403379ad497c3ba32b95b0ef8f6c43fa67e3b96c
106,650,0.2587,0xaf8040b9fefe7eb6e2d84611e1904f253b3be5b0,2017-10-31T15:02:25.000Z,0.000398,0x18649bef416427b2d70789e7f59e7b765a709bd4,buy,0x12480e24eb5bec1a9d4369cab6a80cad3c0a377a,0x219031b7db0b9b656f6a8637386e99292099537db2b4c69ca392804eb8fcae15
107,2293,0.912614,0x5b49a33024d8530a2cbf921daf41414f2b336877,2017-10-31T14:15:00.000Z,0.000398,0xfbf7dc0756a9768d0c71aea5f8421f3b1eaee7d1,buy,0x12480e24eb5bec1a9d4369cab6a80cad3c0a377a,0x97af18211b2e88e6e6a4239b8bed3525d4a587e0ffae6b740e43dcaaabd53bd0
108,3000,1.191,0x5b49a33024d8530a2cbf921daf41414f2b336877,2017-10-31T14:14:35.000Z,0.000397,0x1eaa18a0e964d346f2b5182be3f97d7aab5145b9,buy,0x12480e24eb5bec1a9d4369cab6a80cad3c0a377a,0x9fd38ef03fd09b9ccfdf8b7d1fb4720025bc71730550a26fa5a88638d425c901
109,1040,0.41392,0x37dee59eee37953b82170e8582286f5472d6b564,2017-10-31T13:54:13.000Z,0.000398,0x95e52a150e4a6f18323fb0d52066d130d1b79e22,sell,0x12480e24eb5bec1a9d4369cab6a80cad3c0a377a,0x7f0732ec46bd9becb3c5fb273f779ac0db0942dad89db1c32692d1b5a7331614
110,2000,0.744,0x1eaa18a0e964d346f2b5182be3f97d7aab5145b9,2017-10-31T13:51:00.000Z,0.000372,0x95e52a150e4a6f18323fb0d52066d130d1b79e22,sell,0x12480e24eb5bec1a9d4369cab6a80cad3c0a377a,0x189fdbe79f6f2c0a8c6fd33a990b876c34a6f15739823618abe76313678cccef
111,37,0.014726,0x1151e00f6186cc2ab9cc036800f9171902164073,2017-10-31T13:28:53.000Z,0.000398,0xfbf7dc0756a9768d0c71aea5f8421f3b1eaee7d1,buy,0x12480e24eb5bec1a9d4369cab6a80cad3c0a377a,0x80076abe7f65777f04bc52d4193c6f98cdf0123731bce09f6814ec74fcc8d463
112,16.61,0.0074763,0x1151e00f6186cc2ab9cc036800f9171902164073,2017-10-31T12:07:57.000Z,0.0004501083684527393,0x63ccf7ab70892e93d1a420c28cf8c75cf3fbb754,buy,0x12480e24eb5bec1a9d4369cab6a80cad3c0a377a,0x715cf7fa3d7cb805e80180afe90c6ca80950ac08da2a2e7cfe360182669d16b7
113,1.31,0.00048732,0x1eaa18a0e964d346f2b5182be3f97d7aab5145b9,2017-10-31T11:01:50.000Z,0.000372,0x33f821293c84de2730560dcd3a178496a9c593f9,sell,0x12480e24eb5bec1a9d4369cab6a80cad3c0a377a,0x0e69aca32de9a818cb689fa7d58e092bdace7477e9b9593289814bf17af21abc
114,13029.6,4.8470112,0x1eaa18a0e964d346f2b5182be3f97d7aab5145b9,2017-10-31T10:59:49.000Z,0.000372,0x33f821293c84de2730560dcd3a178496a9c593f9,sell,0x12480e24eb5bec1a9d4369cab6a80cad3c0a377a,0x4fd82250f43a4774d689789b3b6b144d4eeb2120da1abd75a2d6ad706c8118c3
115,3000,1.140003,0x7275684df25a79b56047239b09d7e111fd3a4320,2017-10-31T10:58:28.000Z,0.000380001,0x33f821293c84de2730560dcd3a178496a9c593f9,sell,0x12480e24eb5bec1a9d4369cab6a80cad3c0a377a,0x732def05edb5d0412ee5d9f78a88149a2c2b2cfd6da19c8d01e622d83b3cb603
116,125,0.075,0x1151e00f6186cc2ab9cc036800f9171902164073,2017-10-31T10:38:39.000Z,0.0006,0x3d88c648c58806bdb82bcd35ab0cb88d1805edf6,buy,0x12480e24eb5bec1a9d4369cab6a80cad3c0a377a,0x11829b12c8a18757b4fb5a77a5534d14969856be4c667e0306403676f2debf13
117,0,0,0x3dee4a4e076e8d82859d241db0baf46f112cfa23,2017-10-31T08:50:08.000Z,NaN,0xe444a40689f51f63bcd29910622035707d533d29,sell,0x12480e24eb5bec1a9d4369cab6a80cad3c0a377a,0xf73350ef58837a6478dca0085d8e46d51f52a247ee6f0ead459d07acbe533502
118,104.46,0.041784,0x32de59a4dd4403265a5dacc15396520f1b1acd49,2017-10-31T08:29:05.000Z,0.0004,0x79adc6f2891e65969d62c7508c7a1eebce3b6019,sell,0x12480e24eb5bec1a9d4369cab6a80cad3c0a377a,0x173bfc2493889845c400145ba4f6ff914c5609c363ef24608218b0a853d4da11
119,1000,0.399,0x815a1c56d553ea72fc5b907ceca0ebd1d3b56818,2017-10-31T08:26:49.000Z,0.000399,0x79adc6f2891e65969d62c7508c7a1eebce3b6019,sell,0x12480e24eb5bec1a9d4369cab6a80cad3c0a377a,0x4f520effb682acf8fe5a0e3b0224f1991e4f8fc5e8d862c70018161df1680d3e
120,1000,0.4,0xcd7ac50e622d55ad66d37cd9b444f400aaa75669,2017-10-31T08:26:35.000Z,0.0004,0x79adc6f2891e65969d62c7508c7a1eebce3b6019,sell,0x12480e24eb5bec1a9d4369cab6a80cad3c0a377a,0xdc6b0d8561cff62b6e55d9cbd1647fc90daf9f1ec3e432a5d97af1110cfca272
121,172,0.068972,0xd88033f248e8d82e9b122072f356b4695d71a0c4,2017-10-31T08:26:17.000Z,0.000401,0x79adc6f2891e65969d62c7508c7a1eebce3b6019,sell,0x12480e24eb5bec1a9d4369cab6a80cad3c0a377a,0x51bdb1ef10cbc85ae8dc9907d04e07ad0859e88204f6202ab8ea61b7dcd24f9f
122,1970.54,0.80398032,0x97290863725d70d792882fc0f3487fa76d2420a0,2017-10-31T08:26:07.000Z,0.000408,0x79adc6f2891e65969d62c7508c7a1eebce3b6019,sell,0x12480e24eb5bec1a9d4369cab6a80cad3c0a377a,0x6dcd2daf523d5d8690dc98dd3807a4583923dc72bb290aad330132b90b28c2df
123,1000,0.408,0x32de59a4dd4403265a5dacc15396520f1b1acd49,2017-10-31T08:26:07.000Z,0.000408,0x79adc6f2891e65969d62c7508c7a1eebce3b6019,sell,0x12480e24eb5bec1a9d4369cab6a80cad3c0a377a,0x7588e9b7308eee56ac9dee16b491c3a22e325cdac30ebf54300d984a14fb6ed4
124,1000,0.4075,0xa36334b0909ab194b9ddb9689bfde7f6b2332220,2017-10-31T08:26:07.000Z,0.0004075,0x79adc6f2891e65969d62c7508c7a1eebce3b6019,sell,0x12480e24eb5bec1a9d4369cab6a80cad3c0a377a,0xfe87fc6f0e97ca19f9da005c97922ddc5760abb9e381ba1e1fa30e4997c9a3b4
125,3000.16,1.22406528,0x97290863725d70d792882fc0f3487fa76d2420a0,2017-10-31T08:05:03.000Z,0.000408,0x69c100d6ddff3f885edd20b65322d25604041992,sell,0x12480e24eb5bec1a9d4369cab6a80cad3c0a377a,0x8a4d6481e64828d4d534bdff9590eb9e67e5ff2cafbc5d633e5ec9343f01f47e
126,2400,0.97920024,0x7976e652f7472830b2b2ab23980506e4512fae4f,2017-10-31T08:03:40.000Z,0.0004080001,0x69c100d6ddff3f885edd20b65322d25604041992,sell,0x12480e24eb5bec1a9d4369cab6a80cad3c0a377a,0x2bbd6672d5f002ca025c1e993286dae2e73c3afd3d67fc44197e250afcfb689f
127,170,0.07191,0x0f8e39777bcb0a52cb72042ceb5d67ce44b982d1,2017-10-31T07:41:35.000Z,0.000423,0xfbf7dc0756a9768d0c71aea5f8421f3b1eaee7d1,buy,0x12480e24eb5bec1a9d4369cab6a80cad3c0a377a,0x728890ae8e3ea4466530b76fe4e48235199680638f3f43076789e2c0f0bc3cb3
128,0,0,0x7976e652f7472830b2b2ab23980506e4512fae4f,2017-10-31T05:50:34.000Z,NaN,0xe444a40689f51f63bcd29910622035707d533d29,sell,0x12480e24eb5bec1a9d4369cab6a80cad3c0a377a,0xcfb79a0832a943902a07c40037695cef5bcc6220f7f63f174ed2ced0e103d344
129,3400.6,1.3874448,0x97290863725d70d792882fc0f3487fa76d2420a0,2017-10-31T05:33:23.000Z,0.000408,0xacd435884b803bb1847bc0e5a198400fe2bcaf1a,sell,0x12480e24eb5bec1a9d4369cab6a80cad3c0a377a,0xedd1747582843df7cd679530c4a46d83cf0bc94546ae6db0e8db8cf4d9f25510
130,2500,1.0225,0xfbf7dc0756a9768d0c71aea5f8421f3b1eaee7d1,2017-10-31T05:32:32.000Z,0.000409,0xacd435884b803bb1847bc0e5a198400fe2bcaf1a,sell,0x12480e24eb5bec1a9d4369cab6a80cad3c0a377a,0x99d87de5fe3672437a2c6a64fa22927180beae8aee92aeb5aafe47639e40d5f5
131,5750.4,2.3461632,0x97290863725d70d792882fc0f3487fa76d2420a0,2017-10-31T05:08:08.000Z,0.000408,0xacd435884b803bb1847bc0e5a198400fe2bcaf1a,sell,0x12480e24eb5bec1a9d4369cab6a80cad3c0a377a,0xeba8eb6b07720292c40b073c937d6d6320610af73887174e7dd5986bec9b353f
132,200,0.088,0xf526aa94cf553fe938766ca221f459e2f49ca93c,2017-10-31T03:37:41.000Z,0.00044,0x95e52a150e4a6f18323fb0d52066d130d1b79e22,buy,0x12480e24eb5bec1a9d4369cab6a80cad3c0a377a,0x4795c6c234c3061c67bc008f8df62a0a7b9ac1dac4382363b7a4761c9d809146
133,3000,1.17,0x273a5d3e6721b9f5c1a6474f560c1334c63dda01,2017-10-31T03:08:33.000Z,0.00039,0x41b3fe0f132e1fb0c0f2c894ff7091aa31ed2c65,buy,0x12480e24eb5bec1a9d4369cab6a80cad3c0a377a,0x064f59d115d05b9c2d38f46155ba72d86dcecd2f6c738498ad78211f9330ecbe
134,2991,1.220328,0x97290863725d70d792882fc0f3487fa76d2420a0,2017-10-31T03:08:33.000Z,0.000408,0x273a5d3e6721b9f5c1a6474f560c1334c63dda01,sell,0x12480e24eb5bec1a9d4369cab6a80cad3c0a377a,0x064f59d115d05b9c2d38f46155ba72d86dcecd2f6c738498ad78211f9330ecbe
135,150,0.066,0x7c2759247b5faa9dc450a371d00f25f84b1ad6f0,2017-10-31T01:43:39.000Z,0.00044,0x95e52a150e4a6f18323fb0d52066d130d1b79e22,buy,0x12480e24eb5bec1a9d4369cab6a80cad3c0a377a,0x36e1b12201c350f96a009c700748d5698b688f6a0c0a66636382307ff66566fc
136,0.2,0.000088054703434824,0x0108d5f85b4cf274cfbc530d11430630f4127f69,2017-10-31T01:38:37.000Z,0.00044027351717412,0x95e52a150e4a6f18323fb0d52066d130d1b79e22,buy,0x12480e24eb5bec1a9d4369cab6a80cad3c0a377a,0x374bb2c30901127178a1d3743020f4658a2095af6b3a2767758274b693a35b64
137,7887.3,3.2180184,0x97290863725d70d792882fc0f3487fa76d2420a0,2017-10-31T01:24:11.000Z,0.000408,0xb00548770ea87482f024cd4292a975fea72e8f01,sell,0x12480e24eb5bec1a9d4369cab6a80cad3c0a377a,0x5b13dcb70f9049b9246a8d8d672242285598cde905f984fb7f0a72ae47700760
138,280.73,0.11453812073,0x5603e9614eb82f61407aced212b7515686351133,2017-10-31T00:01:26.000Z,0.000408001,0x527eee074b45bdc782075223df9d29aff1a64597,sell,0x12480e24eb5bec1a9d4369cab6a80cad3c0a377a,0x67053cb72c9064619f63a96ab468f9ffeda1b613742d921382b7bc6f42b60b88
139,218,0.08938,0x4ba178958b430f9a48839e088c875830d65ee4ba,2017-10-30T23:59:56.000Z,0.00041,0x527eee074b45bdc782075223df9d29aff1a64597,sell,0x12480e24eb5bec1a9d4369cab6a80cad3c0a377a,0x30e04d22b1c9fa261e86ff5d49c420af74fa9ecd0c88d776df3083ab4ea1cc80
140,249,0.10209,0x141605c92a5e23a375733d0ec559ccea2e6229de,2017-10-30T23:58:37.000Z,0.00041,0x527eee074b45bdc782075223df9d29aff1a64597,sell,0x12480e24eb5bec1a9d4369cab6a80cad3c0a377a,0x766814a14272f9783bb81c8d23fdb898e30f8056e8cdd8fb324cd6546f668267
141,440,0.19712,0x0fde08ca834407a022b06f4f270d8af269994ea8,2017-10-30T23:14:33.000Z,0.000448,0x81e6b15acf463ca72c4dd9aebee375305b06e20e,buy,0x12480e24eb5bec1a9d4369cab6a80cad3c0a377a,0xa68f96c7e493a448192e012d4e44fef8a8e888cc67839877dce6ab39a0b7d8e7
142,3105.56,1.391292752359782,0xd8cd73911f69b269c475d0bee1745bd915b6b114,2017-10-30T22:46:23.000Z,0.0004480006029056859,0x81e6b15acf463ca72c4dd9aebee375305b06e20e,buy,0x12480e24eb5bec1a9d4369cab6a80cad3c0a377a,0xa8a5bd717324d4d9cfb50e904d8a9994382092b6925a8a42d14c02a33cc28dfb
143,4508.24,1.8483784,0x141605c92a5e23a375733d0ec559ccea2e6229de,2017-10-30T22:34:42.000Z,0.00041,0xc7abc202622c1d39d815cd1ca1e9d64d37223a7d,sell,0x12480e24eb5bec1a9d4369cab6a80cad3c0a377a,0x2ccff526816f704ade12f35404b211ca16ca725686e5dfcf14ef960380eef5c1
144,10944.97,4.49838267,0xdfa60da00a569e455863c0bff4362703edab4e9f,2017-10-30T22:27:52.000Z,0.000411,0xc7abc202622c1d39d815cd1ca1e9d64d37223a7d,sell,0x12480e24eb5bec1a9d4369cab6a80cad3c0a377a,0x6032f531000c44a260f24fc30a9776d5c68fd94423ab873190ca10006f0561f9
145,2600,1.1648,0xf53445885eca46bcf56defbd5fbe0c9f64856f14,2017-10-30T22:23:51.000Z,0.000448,0x81e6b15acf463ca72c4dd9aebee375305b06e20e,buy,0x12480e24eb5bec1a9d4369cab6a80cad3c0a377a,0xb1c0d45fe5dfdee69214f4940bed9b9d9bc4f5400a8b9c03fcc9aeabf899b7f9
146,521.56,0.21436116,0xdfa60da00a569e455863c0bff4362703edab4e9f,2017-10-30T22:10:54.000Z,0.000411,0xd607d781a1d4eccdb45101b9e9c11777b438c9da,sell,0x12480e24eb5bec1a9d4369cab6a80cad3c0a377a,0xd33777ec726edfb16b5a30b035d7c9ac61e6aeddd48c4801da1aab0aa43eba46
147,997,0.446656,0x9ee1830ff376758c5ecc7fb465f3b14d64116d71,2017-10-30T21:49:25.000Z,0.000448,0x81e6b15acf463ca72c4dd9aebee375305b06e20e,buy,0x12480e24eb5bec1a9d4369cab6a80cad3c0a377a,0xcea6bed61611e4475d5f1199c5ba1e9b0ab630e5eb9ca37d92547eff65a446c1
148,3,0.00126,0x9ee1830ff376758c5ecc7fb465f3b14d64116d71,2017-10-30T21:46:54.000Z,0.00042,0x05a32d794f68400e954f342b4e4cd98a2bf3eb44,buy,0x12480e24eb5bec1a9d4369cab6a80cad3c0a377a,0x17ef78bc6e994d618d68eab39e1f2331eac8fb0c69f456ce6618b14ea5cf71e7
149,100,0.045,0xf5050930cf7925b8c1835f5dc9afff1b1752c6eb,2017-10-30T21:17:46.000Z,0.00045,0x63ccf7ab70892e93d1a420c28cf8c75cf3fbb754,buy,0x12480e24eb5bec1a9d4369cab6a80cad3c0a377a,0x34cbaad3f03f192efa27815077af6ce17631f8047b2ee19247fef8c9df5d04b4
150,383.38,0.1725232407589508,0x0fe614ffea49095e98e6cb5cbd589f5455bf0f02,2017-10-30T20:42:45.000Z,0.00045000584474659815,0x63ccf7ab70892e93d1a420c28cf8c75cf3fbb754,buy,0x12480e24eb5bec1a9d4369cab6a80cad3c0a377a,0x0645a4a2ea478f9b2eb9f5b68c49b138d2224bf3f2fdc5ec446c2a9728c02d66
151,4858.47,1.99683117,0xdfa60da00a569e455863c0bff4362703edab4e9f,2017-10-30T20:40:21.000Z,0.000411,0x266d70fc56bbdb3cac69d6c3b41992298bdf0bea,sell,0x12480e24eb5bec1a9d4369cab6a80cad3c0a377a,0x78ce0e82a2ef0558073f412b2c46bd8e5321be611fbd389ef56e303d3ef5a6fe
152,1000,0.4111,0x383932e5467528999954bf192452e390e1c84795,2017-10-30T20:38:52.000Z,0.0004111,0x266d70fc56bbdb3cac69d6c3b41992298bdf0bea,sell,0x12480e24eb5bec1a9d4369cab6a80cad3c0a377a,0xa123e80c4b31507b3b48146da9da36b4367697811b90f5bd4b809ecb4865f0c5
153,799.23,0.32928276,0x518dc982aece497c2503260010c89f6323493472,2017-10-30T20:35:42.000Z,0.000412,0x266d70fc56bbdb3cac69d6c3b41992298bdf0bea,sell,0x12480e24eb5bec1a9d4369cab6a80cad3c0a377a,0x68d29b6c715fa2c5b0de8df9247bcb7be4ffe4b4727d1baa58f620b4812d191a
154,1200,0.50004,0x485053aae83e618eea783572636c12459019ae0b,2017-10-30T20:35:31.000Z,0.0004167,0x266d70fc56bbdb3cac69d6c3b41992298bdf0bea,sell,0x12480e24eb5bec1a9d4369cab6a80cad3c0a377a,0xf918799b7a31bb249593f24b4c78dcaf42497284b24c848b062d0997d24d53e5
155,615.6,0.258552,0x141605c92a5e23a375733d0ec559ccea2e6229de,2017-10-30T20:35:31.000Z,0.00042,0x266d70fc56bbdb3cac69d6c3b41992298bdf0bea,sell,0x12480e24eb5bec1a9d4369cab6a80cad3c0a377a,0x79756f43d02a258ccf512c5409d6a7a56c7d4f579210c4fa41f95ef4c7170db4
156,1269,0.53298,0x9c9d5f6f09b489c1ebec600f2e9f2411a8ccb1fc,2017-10-30T20:35:31.000Z,0.00042,0x266d70fc56bbdb3cac69d6c3b41992298bdf0bea,sell,0x12480e24eb5bec1a9d4369cab6a80cad3c0a377a,0x74b05e2f89776ced2e3d3e1df2a505a4b8842f2992ad5638800cee508dcb00ee
157,1600.77,0.65951724,0x518dc982aece497c2503260010c89f6323493472,2017-10-30T20:14:02.000Z,0.000412,0x1a2e43ca1455161466902e395790138da8b6c315,sell,0x12480e24eb5bec1a9d4369cab6a80cad3c0a377a,0x8eed917be7d810f9a0aad2974dd5ec0e1b5db9409551b4899399faf941422431
158,7384.4,3.101448,0x141605c92a5e23a375733d0ec559ccea2e6229de,2017-10-30T19:58:22.000Z,0.00042,0xe519e4b2d12035ff0939e5445b72d0ddc1548aa5,sell,0x12480e24eb5bec1a9d4369cab6a80cad3c0a377a,0xc4057ac31be36462ebbf0b99318bab2c9cdea78e61dac269c474315365c011b0
159,3000,1.269,0x81e6b15acf463ca72c4dd9aebee375305b06e20e,2017-10-30T19:57:08.000Z,0.000423,0xe519e4b2d12035ff0939e5445b72d0ddc1548aa5,sell,0x12480e24eb5bec1a9d4369cab6a80cad3c0a377a,0xbeea23318029aab786d0b578554b9616ee79348bbc4bd124225b10bb733d8946
160,188.7,0.07925776701349715,0x15f8e988924cf1593e8d19942508d62732d38898,2017-10-30T19:57:08.000Z,0.0004200199629756076,0xe519e4b2d12035ff0939e5445b72d0ddc1548aa5,buy,0x12480e24eb5bec1a9d4369cab6a80cad3c0a377a,0xcafac202e2c08c5434720afea3216464f1d7f661429eae57737a5e84542cdbb9
161,470.11,0.21154862782827635,0x458bb0c850e5e7e242159a7ba4f932f81b08c76c,2017-10-30T19:32:48.000Z,0.00044999814474968913,0x6565e0b6b1a1702ee3ac41b5d2ad0498a71b7f5e,buy,0x12480e24eb5bec1a9d4369cab6a80cad3c0a377a,0xff19a0dd30de177594bcc484cc22a195de606663738279d8fcc5c97e21340899
162,172,0.07396,0x458bb0c850e5e7e242159a7ba4f932f81b08c76c,2017-10-30T18:20:57.000Z,0.00043,0x96e45a2cd48b6883863278a6e1df68bd2c8d1a27,buy,0x12480e24eb5bec1a9d4369cab6a80cad3c0a377a,0x4913804cd7bbdd9be69d60e9606cd6018bb49df68c49b8aa8f6f24d4698b1fc6
163,7951.63,3.3396846,0x87add8d1b9c51f48999ea310dab4ae40d7bf0d74,2017-10-30T18:20:06.000Z,0.00042,0x499c688f627b9f011add93cb6f45ec916a4d1f8d,sell,0x12480e24eb5bec1a9d4369cab6a80cad3c0a377a,0x96d0edc50af7766e0e3ce2a412362b4798cdbdce53f01ca9db6ea9ffd2dcb72b
164,1200,0.516,0x458bb0c850e5e7e242159a7ba4f932f81b08c76c,2017-10-30T17:19:11.000Z,0.00043,0x5f7269f2171f05759a8946831c2300720391320c,buy,0x12480e24eb5bec1a9d4369cab6a80cad3c0a377a,0xa7b3daef8f3ee9115d3586e40d6d58b8224f945c8be6941f257e9246c1d2c941
165,100,0.0421,0x37d59215dbb81a285d482f5a8ab51d580785b709,2017-10-30T14:41:33.000Z,0.000421,0xd607d781a1d4eccdb45101b9e9c11777b438c9da,sell,0x12480e24eb5bec1a9d4369cab6a80cad3c0a377a,0xde48a38dc669cf0a2347f195423f084c5daf37d091268de853b2cc2c7f61e82b
166,2990.84,1.2561528,0x87add8d1b9c51f48999ea310dab4ae40d7bf0d74,2017-10-30T14:32:42.000Z,0.00042,0xa742f56680ab2fd52e5885492bb634df7a1d6016,sell,0x12480e24eb5bec1a9d4369cab6a80cad3c0a377a,0x691e1f892d26f307c7ae976bfccc6e2896d75f6f84a10c0060d282ce401d3095
167,398.5,0.1677685,0x37d59215dbb81a285d482f5a8ab51d580785b709,2017-10-30T13:42:55.000Z,0.000421,0xd607d781a1d4eccdb45101b9e9c11777b438c9da,sell,0x12480e24eb5bec1a9d4369cab6a80cad3c0a377a,0x8950af3c84ab72a850b9bc6dcfcb7dd8cb8409302fcbb0080fa6f2afd988e1c1
168,85,0.0374,0xf58a285597f57466b0ca7f314b38beb02c6b5a8e,2017-10-30T11:19:30.000Z,0.00044,0xd481b50db5a6fbdd460894462a740dfa7b7b5034,buy,0x12480e24eb5bec1a9d4369cab6a80cad3c0a377a,0x8afad8344f446c559b1c22603884e7123f8c850d93f5701a880170411cae31f0
169,2330,0.9786,0x87add8d1b9c51f48999ea310dab4ae40d7bf0d74,2017-10-30T09:58:55.000Z,0.00042,0xca7154a0bd148fee465abb5125ba430073eb6699,sell,0x12480e24eb5bec1a9d4369cab6a80cad3c0a377a,0xdd910fb264d87f2e65704f2011d01b8f8051d3e09d9780a3e8307d3342e641f6
170,2549.6,1.070832,0x87add8d1b9c51f48999ea310dab4ae40d7bf0d74,2017-10-30T08:45:59.000Z,0.00042,0xda390e00b63b110ab71bc31bf7d668e1deea8565,sell,0x12480e24eb5bec1a9d4369cab6a80cad3c0a377a,0xfc1d8e4c7cd5186af11fa84eea2ec248f9e211fc9c185bf251a74ab053859734
171,700,0.315,0x79d9bc5f52b9cebb987ec513e65d66da44946e54,2017-10-30T07:04:57.000Z,0.00045,0x30beaae2bab955a647a3b9aa0d96fe38f6a89cb9,sell,0x12480e24eb5bec1a9d4369cab6a80cad3c0a377a,0x5bc8fc5c75bdcc4c8fd60980f35043afa6fec45539a21a9e64b96aa71f4c2300
172,177.93,0.0747306,0x87add8d1b9c51f48999ea310dab4ae40d7bf0d74,2017-10-30T06:05:19.000Z,0.00042,0xe2eabfc1e89a462bbd2ba188cd8a9591a9a0d04e,sell,0x12480e24eb5bec1a9d4369cab6a80cad3c0a377a,0xe9c73afd84cec3f275020fb65f537d011106412c533c6246626768ba7f2bee7f
173,450,0.18945,0x7128a15867ddebc7f4f23e92f397bbd922fb694b,2017-10-30T06:04:16.000Z,0.000421,0xe2eabfc1e89a462bbd2ba188cd8a9591a9a0d04e,sell,0x12480e24eb5bec1a9d4369cab6a80cad3c0a377a,0x2b2af58c52354eed96e421acd4ab3c14e240518fac31523959c8659bdce4c6a0
174,406.19,0.1710100519,0x64a893fc4debedf9028581b10c367bafa8760253,2017-10-30T06:03:22.000Z,0.00042101,0xe2eabfc1e89a462bbd2ba188cd8a9591a9a0d04e,sell,0x12480e24eb5bec1a9d4369cab6a80cad3c0a377a,0xc3ed2b4d924b624e9a6f66efe445960ef81410a7af0f7babca03ac194b97822b
175,545.22,0.22954361742,0x5603e9614eb82f61407aced212b7515686351133,2017-10-30T06:02:48.000Z,0.000421011,0xe2eabfc1e89a462bbd2ba188cd8a9591a9a0d04e,sell,0x12480e24eb5bec1a9d4369cab6a80cad3c0a377a,0xcb2588c1d5713f609a852c1abe6d4c6467336da974f2af7560b8ffb197cf519c
176,3600,1.5192,0x9cbeea9fb41374836c9ee7b268eeb625565705a8,2017-10-30T05:23:46.000Z,0.000422,0x30beaae2bab955a647a3b9aa0d96fe38f6a89cb9,sell,0x12480e24eb5bec1a9d4369cab6a80cad3c0a377a,0x76fb1f70bf693658a6585f5b1d95abfc4aec215dedcf7f7f970770d6b85355a0
177,800,0.348752,0xb622dbf708e7876db9a4352c9ee62efb7051cd2b,2017-10-30T05:23:28.000Z,0.00043594,0x30beaae2bab955a647a3b9aa0d96fe38f6a89cb9,sell,0x12480e24eb5bec1a9d4369cab6a80cad3c0a377a,0x4b31c43de132aca3213f8156f182ec5ff3949800dd1c40624f33452f6b61e18f
178,4587,1.999932,0xb7fc8bf68c1a1268b34748499319a6aae2a2eaa1,2017-10-30T05:23:18.000Z,0.000436,0x30beaae2bab955a647a3b9aa0d96fe38f6a89cb9,sell,0x12480e24eb5bec1a9d4369cab6a80cad3c0a377a,0x0880e443640353937fee977cb8ad3f5eaa467ac7970b46851abe9000c1ea6fda
179,2919.76,1.284402424,0x4bf4c11643166d9220829fe19724263020cabca1,2017-10-30T05:23:14.000Z,0.0004399,0x30beaae2bab955a647a3b9aa0d96fe38f6a89cb9,sell,0x12480e24eb5bec1a9d4369cab6a80cad3c0a377a,0x2e9ae898c04d36b14ca46a1662c68284eb3f9da111fadf96162f2f141b7a13dd
180,1080,0.476388,0x1a1984d1e67ed9e6f2a40bd855ed57765b6f346d,2017-10-30T05:21:09.000Z,0.0004411,0x30beaae2bab955a647a3b9aa0d96fe38f6a89cb9,sell,0x12480e24eb5bec1a9d4369cab6a80cad3c0a377a,0xa39bbd22e5382f721cd4dddcae2c57afa04e2731d4270af0058c5e216df8777b
181,2455.23,1.1048535,0x8ff27e9c80f86799c2bf357d0a50ee8674213286,2017-10-30T03:52:37.000Z,0.00045,0x30beaae2bab955a647a3b9aa0d96fe38f6a89cb9,sell,0x12480e24eb5bec1a9d4369cab6a80cad3c0a377a,0xb7ee3b2724490c95fe68d90225f16c7b4f75464366aeeb08da7d72a3a0514992
182,2300,1.0373,0x0f8e39777bcb0a52cb72042ceb5d67ce44b982d1,2017-10-30T03:49:57.000Z,0.000451,0x30beaae2bab955a647a3b9aa0d96fe38f6a89cb9,sell,0x12480e24eb5bec1a9d4369cab6a80cad3c0a377a,0x15a82ae80a1a9fe9f9e38c4ae25f773236f72c977293c027bc544a1dd74f4450
183,876.77,0.3945465,0x8ff27e9c80f86799c2bf357d0a50ee8674213286,2017-10-30T03:26:45.000Z,0.00045,0xe2eabfc1e89a462bbd2ba188cd8a9591a9a0d04e,sell,0x12480e24eb5bec1a9d4369cab6a80cad3c0a377a,0x1cf035133f7b2f8ea147ed8ef0bf89eede6dd92da0920308002451482a505b44
184,0,0,0x8ff27e9c80f86799c2bf357d0a50ee8674213286,2017-10-30T03:03:42.000Z,NaN,0x16e5d97bbc92417e051e3b2cabfbf8ceea2acb9c,sell,0x12480e24eb5bec1a9d4369cab6a80cad3c0a377a,0x1a110fee172a1c09a576ad555c64080671d33163ed707b82e5bb475b171f98ba
185,0,0,0x8ff27e9c80f86799c2bf357d0a50ee8674213286,2017-10-30T03:00:53.000Z,NaN,0x379374d13077e8867ef31803c37baf9785a17c00,sell,0x12480e24eb5bec1a9d4369cab6a80cad3c0a377a,0x662bc20a2812659a156d3e70a0aeac59dc81ac111dffaed1c6126fe685126ae5
186,500,0.235,0x2ea6bd58bc3555faeebf4d5b31164d52079b9832,2017-10-30T02:59:05.000Z,0.00047,0x383932e5467528999954bf192452e390e1c84795,buy,0x12480e24eb5bec1a9d4369cab6a80cad3c0a377a,0xb7d4bbd93546d7ec70288f1b5617ea3c6a69b830185a8825d02c8021306e234c
187,320,0.14752,0x3ff339c9b3b9af55ffe30af03484f1b3aca1a8ce,2017-10-30T02:06:41.000Z,0.000461,0xe74407f43d41baf982b868f6b024631e6192ea70,buy,0x12480e24eb5bec1a9d4369cab6a80cad3c0a377a,0xc21296cb91ac013244a4cefb45ec89d6122f0a938bb7e57fed664df21612f4c1
188,500,0.225,0x3d3dbbff86429824dd6be7208fca33f29df0d33b,2017-10-30T01:47:25.000Z,0.00045,0x63ccf7ab70892e93d1a420c28cf8c75cf3fbb754,buy,0x12480e24eb5bec1a9d4369cab6a80cad3c0a377a,0x6bf9cf255708d7f4e007dbd2553f866d849ec306ef615b1da2dc54bc1668efdf
189,1308.37,0.575551963,0x4bf4c11643166d9220829fe19724263020cabca1,2017-10-29T23:04:14.000Z,0.0004399,0x3b69987b5a09c1d5c626c4fd3bd4497be7199589,sell,0x12480e24eb5bec1a9d4369cab6a80cad3c0a377a,0x05bdfb680abb33109bf72f3b186fc29a2d3b4196e3cb66a3e33a71758d912a9a
190,2325,1.023,0x980561d80f2475bdb0587566d6b37379de971a81,2017-10-29T22:34:54.000Z,0.00044,0x3b69987b5a09c1d5c626c4fd3bd4497be7199589,sell,0x12480e24eb5bec1a9d4369cab6a80cad3c0a377a,0x1a39981de38029a3e8f03e796c96908939c16fada66f34463e882e46ba3e470f
191,506.25,0.222699375,0x4bf4c11643166d9220829fe19724263020cabca1,2017-10-29T22:10:15.000Z,0.0004399,0xfc451fc713435cd4d4892350e1517a4b2695e03b,sell,0x12480e24eb5bec1a9d4369cab6a80cad3c0a377a,0x23666dfaec0428767bbe4259f206287eaafb07337581487dc2c565d12bd9498e
192,499.17,0.219584883,0x4bf4c11643166d9220829fe19724263020cabca1,2017-10-29T21:50:59.000Z,0.0004399,0x11deab2c511c728043b97a390a514f3cd34aed0f,sell,0x12480e24eb5bec1a9d4369cab6a80cad3c0a377a,0x936368b254cb946b6f881beb2c5f5e1f6d743fb8e3f02bba613241b382183e14
193,199,0.0875401,0x4bf4c11643166d9220829fe19724263020cabca1,2017-10-29T21:50:00.000Z,0.0004399,0x80cee38f68e4fbcce372e91e10a5aec1af41a3d5,sell,0x12480e24eb5bec1a9d4369cab6a80cad3c0a377a,0x0a73ddb04299721f58ece7bde1d16006cc15b326d3f0cc734198ad366611162c
194,6388.56,2.874852,0xb7b746cfe5fa0eda1881a4909f2617b50cb37a1d,2017-10-29T21:37:52.000Z,0.00045,0x5b49a33024d8530a2cbf921daf41414f2b336877,buy,0x12480e24eb5bec1a9d4369cab6a80cad3c0a377a,0x55312ced791f9515d8ce7d420ebdd384d53efe8a9415179a13b49b7beb8a34cc
195,1842.7,0.8200022610742571,0xb7b746cfe5fa0eda1881a4909f2617b50cb37a1d,2017-10-29T21:37:02.000Z,0.0004450004130212498,0xe58b48d0f6e85aed4e38f69274ad3704273c9b25,buy,0x12480e24eb5bec1a9d4369cab6a80cad3c0a377a,0x4274564151eb0db601d58b58629fe368741cc6d4c8e828fc30e9a6b938d97ee6
196,1044,0.45936,0xb7b746cfe5fa0eda1881a4909f2617b50cb37a1d,2017-10-29T21:36:26.000Z,0.00044,0x33131e18b8356ce456600ff97278ffa4ac7661fd,buy,0x12480e24eb5bec1a9d4369cab6a80cad3c0a377a,0xf750d45053519d228d9744acab72a34eef3b0a1e97da1ca7acfa9e09a0471a1b
197,938.49,0.4129356,0xb7b746cfe5fa0eda1881a4909f2617b50cb37a1d,2017-10-29T21:35:56.000Z,0.00044,0x1233db2995a6bc3c1a5ae66971dc73d25a95d0a0,buy,0x12480e24eb5bec1a9d4369cab6a80cad3c0a377a,0xe8cb0d53081bd43cfa3317152aeaabe7d5a7b1f3669fc82d5901f923bcc5dfb6
198,8892.73,3.911911927,0x4bf4c11643166d9220829fe19724263020cabca1,2017-10-29T21:25:35.000Z,0.0004399,0x3df86cefaecfaa31be2f74f8f832cb4ef62b79f8,sell,0x12480e24eb5bec1a9d4369cab6a80cad3c0a377a,0x79b264d4a5899777ee876d081029d21ff44d141e5ca2fe75ca8a7ea6a0be0c27
199,4262.78,1.875196922,0x4bf4c11643166d9220829fe19724263020cabca1,2017-10-29T21:18:03.000Z,0.0004399,0xc6766ae36091fea35c3692ae5246fb1a25c52d19,sell,0x12480e24eb5bec1a9d4369cab6a80cad3c0a377a,0xacfdd178c2bdc18ebccece7e6c63aae42df1230d073b877621ac1c57f1786106
200,2991.94,1.316154406,0x4bf4c11643166d9220829fe19724263020cabca1,2017-10-29T20:54:34.000Z,0.0004399,0xda390e00b63b110ab71bc31bf7d668e1deea8565,sell,0x12480e24eb5bec1a9d4369cab6a80cad3c0a377a,0xfacd1833e192bed1d60f7aab384e1d5ab97317863996b9223e7ebc7079d47e9d
201,450,0.197955,0x1ba8d39ca6eaeee7448209160f51a71aa2803086,2017-10-29T20:45:37.000Z,0.0004399,0xda390e00b63b110ab71bc31bf7d668e1deea8565,buy,0x12480e24eb5bec1a9d4369cab6a80cad3c0a377a,0xd404cd59c8bd2560bc7522b752f9f9cefd70fde2065b8fb3f8b9cb2d9d3d5674
202,350,0.154,0xf0704563557b94b7421299d6b319515af0063547,2017-10-29T18:03:24.000Z,0.00044,0x262db3fba83a851a2d0f9311e47793ba08cd2578,buy,0x12480e24eb5bec1a9d4369cab6a80cad3c0a377a,0x96a136e6f4645a25c380629b1a1c89bda73e37ebf5ec2671ae834d5be318c6aa
203,1993.81,0.8394139481,0x64a893fc4debedf9028581b10c367bafa8760253,2017-10-29T17:51:01.000Z,0.00042101,0x9d77fbb54521b01263764ff4cd339bffd533264f,sell,0x12480e24eb5bec1a9d4369cab6a80cad3c0a377a,0x480157ca257207a044bf321fd35b0050a65bb8909480265bacd5eea914ec7d05
204,1050,0.44206155,0x5603e9614eb82f61407aced212b7515686351133,2017-10-29T17:42:56.000Z,0.000421011,0x3e7b5a2a38a20e8f9c327e2ac5a07c4b50ba6a38,sell,0x12480e24eb5bec1a9d4369cab6a80cad3c0a377a,0x4b15fe9943c99b957e0205685fbb38a5a6af5f560a2b98acaecbd2d7cd3d6626
205,306,0.129132,0x05a32d794f68400e954f342b4e4cd98a2bf3eb44,2017-10-29T17:42:48.000Z,0.000422,0x3e7b5a2a38a20e8f9c327e2ac5a07c4b50ba6a38,sell,0x12480e24eb5bec1a9d4369cab6a80cad3c0a377a,0x695029ac24abca2b2dc229ca32f65e32942251842b830378c1cf9faa6e6a4f06
206,404.78,0.17041683258,0x5603e9614eb82f61407aced212b7515686351133,2017-10-29T17:29:38.000Z,0.000421011,0xc737468e0654f1a21ed4c22544d40fd49d69990a,sell,0x12480e24eb5bec1a9d4369cab6a80cad3c0a377a,0x0503c48c58356b371aa69e1ad9606a69f77331129a589b308c57fd1318b84a78
207,790.84,0.3519244075404189,0x34e684c9b668b595caf016df64e21d43c658877d,2017-10-29T15:35:51.000Z,0.0004450007682216617,0xe58b48d0f6e85aed4e38f69274ad3704273c9b25,buy,0x12480e24eb5bec1a9d4369cab6a80cad3c0a377a,0x27532b1d19c088dbc7f4bfe22c60177d9ec665617427063d06f7fc640305c061
208,380,0.15998418,0x34e684c9b668b595caf016df64e21d43c658877d,2017-10-29T15:26:33.000Z,0.000421011,0x3fa94c127f8d873b6460ce5390c305dbb0832490,buy,0x12480e24eb5bec1a9d4369cab6a80cad3c0a377a,0x999684ef8ee3a9731d84730ef8280ec083dd52f98ab2c2f69ce099d5bd3f140f
209,766.55,0.341117831385324,0x41ecf2b56611359be97b566f7ae878f16a330530,2017-10-29T14:31:10.000Z,0.00044500401980995883,0xe58b48d0f6e85aed4e38f69274ad3704273c9b25,buy,0x12480e24eb5bec1a9d4369cab6a80cad3c0a377a,0x3b4f70ee593ffea0734666d3b1a084d0aabf2fd43bfdd2a810e1f385ce1c89df
210,3246.05,1.44448900395,0x41ecf2b56611359be97b566f7ae878f16a330530,2017-10-29T14:29:16.000Z,0.000444999,0xcbb55f800291cded8c365f7f327bda4736ac6d37,buy,0x12480e24eb5bec1a9d4369cab6a80cad3c0a377a,0xa7b25a6799b95b2c98a4ff42e92b89216362f2d657407139aa01b3bc644ac0d3
211,535,0.238075,0x92f68835745ec005079a5869aa6c35d282e28ca2,2017-10-29T13:03:22.000Z,0.000445,0x485053aae83e618eea783572636c12459019ae0b,sell,0x12480e24eb5bec1a9d4369cab6a80cad3c0a377a,0xb62e28dada0b0e7dd2568e7bb548d904117e7f11896dfc25d4aa77b3f6624f70
212,600,0.2664,0xfa4c179c8053bce938c1a2d42c229506c06880ee,2017-10-29T13:03:22.000Z,0.000444,0x485053aae83e618eea783572636c12459019ae0b,sell,0x12480e24eb5bec1a9d4369cab6a80cad3c0a377a,0x7725b15ac438fc1e604b5a8c1e0ce9ceadd9ba337f9b8848beff05ab014dd872
213,600,0.267,0xfa4c179c8053bce938c1a2d42c229506c06880ee,2017-10-29T12:58:42.000Z,0.000445,0xe58b48d0f6e85aed4e38f69274ad3704273c9b25,buy,0x12480e24eb5bec1a9d4369cab6a80cad3c0a377a,0x7de80192d73a2a941c71098b329c84a11a56af841c5073378b8a8a0b28119498
214,1000,0.445,0xf8e48eb9fdb51797c9d27ecf6c8027aeb4c1bff2,2017-10-29T12:53:59.000Z,0.000445,0xe58b48d0f6e85aed4e38f69274ad3704273c9b25,buy,0x12480e24eb5bec1a9d4369cab6a80cad3c0a377a,0x22bd2fbc19479ca985ebc3fa6ce9d67f563bb377b368de5f7cc74f742f5c6f58
215,330,0.14817,0xbfb2ceb81eba1194090cc922bc8446554dc6e0ce,2017-10-29T11:29:06.000Z,0.000449,0x81e6b15acf463ca72c4dd9aebee375305b06e20e,buy,0x12480e24eb5bec1a9d4369cab6a80cad3c0a377a,0x835a262cb9389e262abcadf76fd8ab9ac5fb2759a877a39433fb0e730609f68f
216,17988.82,7.8251367,0x3df86cefaecfaa31be2f74f8f832cb4ef62b79f8,2017-10-29T11:12:05.000Z,0.000435,0x7cda38514e4476ecfe8f5038c88e06635a53baa3,buy,0x12480e24eb5bec1a9d4369cab6a80cad3c0a377a,0xbc631a4d2e438efa59cf1313b51c79f617c8a4958a383a4405752b2bf0e6a56a
217,2172.54,0.869016,0x65205b60ed271c6d56f1a17f8c5582ed8b42f94e,2017-10-29T10:25:20.000Z,0.0004,0x3efd9b0bd8e4595bc494539aca584821950106ee,sell,0x12480e24eb5bec1a9d4369cab6a80cad3c0a377a,0x5d471829c324c8776b7759f55603a4f96fdc2d65e1e480bad3abace3b6967f7e
218,1235.72,0.493422996,0x0f8e39777bcb0a52cb72042ceb5d67ce44b982d1,2017-10-29T09:18:43.000Z,0.0003993,0xe2eabfc1e89a462bbd2ba188cd8a9591a9a0d04e,sell,0x12480e24eb5bec1a9d4369cab6a80cad3c0a377a,0x9592feae12ee443b69adabffa3a99497cf1211cd94ff829fce9f627f83af59f1
219,500,0.2,0xaa3f55c0df5c46369031701fdf14af31d2d83487,2017-10-29T09:18:17.000Z,0.0004,0xe2eabfc1e89a462bbd2ba188cd8a9591a9a0d04e,sell,0x12480e24eb5bec1a9d4369cab6a80cad3c0a377a,0x1d85914a786914cb663d06f1f4710c249edc0dccfe4bb2189369d92bf722f95d
220,247.5,0.099,0x4ba178958b430f9a48839e088c875830d65ee4ba,2017-10-29T09:18:17.000Z,0.0004,0xe2eabfc1e89a462bbd2ba188cd8a9591a9a0d04e,sell,0x12480e24eb5bec1a9d4369cab6a80cad3c0a377a,0x14d3c16f203735eda06c1324f4baf104bf17127de61baf90c0efbc222f4f8128
221,90,0.0368406,0x786370af4244080653d5b0a30d90d1377bc7a231,2017-10-29T09:18:17.000Z,0.00040934,0xe2eabfc1e89a462bbd2ba188cd8a9591a9a0d04e,sell,0x12480e24eb5bec1a9d4369cab6a80cad3c0a377a,0xaa5918ff4da2e41ba5818fbe50243c4016448e76959c767829609aaf5244dddb
222,3.78,0.00155358,0x46ee1a36b2195e22464964fc1bfa4407106b487c,2017-10-29T09:18:12.000Z,0.000411,0xe2eabfc1e89a462bbd2ba188cd8a9591a9a0d04e,sell,0x12480e24eb5bec1a9d4369cab6a80cad3c0a377a,0x618075f76aac8460437a5500e4ce79ab8d5adbe477883a26cb7ae9a651cf9306
223,25,0.01025,0x4ba178958b430f9a48839e088c875830d65ee4ba,2017-10-29T09:18:12.000Z,0.00041,0xe2eabfc1e89a462bbd2ba188cd8a9591a9a0d04e,sell,0x12480e24eb5bec1a9d4369cab6a80cad3c0a377a,0x487fe0f33a26e87b4b527d69de2f5bea01734b5570b35516898caa6f165f914a
224,100,0.040934,0x786370af4244080653d5b0a30d90d1377bc7a231,2017-10-29T08:13:55.000Z,0.00040934,0x6833020e1fad7f8054b101fd9ca44e96886371e4,sell,0x12480e24eb5bec1a9d4369cab6a80cad3c0a377a,0x0d74f57fc22286ed5345e4c792d5e676a50d496449322b58dd91e9ce45a43021
225,25,0.010875,0x1ba8d39ca6eaeee7448209160f51a71aa2803086,2017-10-29T07:57:53.000Z,0.000435,0x3efd9b0bd8e4595bc494539aca584821950106ee,buy,0x12480e24eb5bec1a9d4369cab6a80cad3c0a377a,0x5fb1e92c3f9a2c628268e680efe1a47037dd9d5f3886bc5a90514fd50577a7bc
226,10,0.0044,0x7cda38514e4476ecfe8f5038c88e06635a53baa3,2017-10-29T07:41:39.000Z,0.00044,0x7cda38514e4476ecfe8f5038c88e06635a53baa3,buy,0x12480e24eb5bec1a9d4369cab6a80cad3c0a377a,0x5f3586580778e6cfba407408c94c983385f87b2b0bc3ec3879d0ca4c5d6c1866
227,596,0.241976,0x3efd9b0bd8e4595bc494539aca584821950106ee,2017-10-29T07:41:08.000Z,0.000406,0x11deab2c511c728043b97a390a514f3cd34aed0f,sell,0x12480e24eb5bec1a9d4369cab6a80cad3c0a377a,0x850c3189f5a7335cd7f80785127d072bc8cedcfafd161480d618b9dad4f031bd
228,5783.83,2.3584723591,0x81e6b15acf463ca72c4dd9aebee375305b06e20e,2017-10-29T07:38:55.000Z,0.00040777,0x7cda38514e4476ecfe8f5038c88e06635a53baa3,sell,0x12480e24eb5bec1a9d4369cab6a80cad3c0a377a,0x90e152bcd9224e1326ec3d604083cd8e607e6ad757922ecbfb6e1e14926219f7
229,500,0.203,0x695f7ca2b214b12912a8f74ab689907666cad96c,2017-10-29T07:37:24.000Z,0.000406,0x11deab2c511c728043b97a390a514f3cd34aed0f,sell,0x12480e24eb5bec1a9d4369cab6a80cad3c0a377a,0x82a1e949d57915b6cad8908cc4b38c660da776245693f3aee61369e590d5e354
230,850,0.39185,0x7e20a4b16244f9f10f1f2b400eba8abf5568d46e,2017-10-29T06:47:42.000Z,0.000461,0xe74407f43d41baf982b868f6b024631e6192ea70,buy,0x12480e24eb5bec1a9d4369cab6a80cad3c0a377a,0xad8477b924f8645f6797f9298247bd416d894ba7670c542bb827a7924d8d8213
231,6127.79,2.49877182283,0x98b8f889dbe2b5c4c5879f65e13b24012f2afdce,2017-10-29T06:33:23.000Z,0.000407777,0x9778550d76b07ac9f5e57392f68ecdf6efc1774e,sell,0x12480e24eb5bec1a9d4369cab6a80cad3c0a377a,0xb5dd229f0c36c75a2905d56405121c95229f8c391c541eed6fd08396c360cf40
232,27887.75,11.364258125,0x6565e0b6b1a1702ee3ac41b5d2ad0498a71b7f5e,2017-10-29T06:32:36.000Z,0.0004075,0x9778550d76b07ac9f5e57392f68ecdf6efc1774e,sell,0x12480e24eb5bec1a9d4369cab6a80cad3c0a377a,0x75fe486d541e82bfde096933ecc2bd7571599695e65164d7154d21f24b10d4ac
233,300,0.1377,0xf8d22cc821e5efcb8d51d57225d9550bf129eb82,2017-10-29T05:06:43.000Z,0.000459,0x81e6b15acf463ca72c4dd9aebee375305b06e20e,buy,0x12480e24eb5bec1a9d4369cab6a80cad3c0a377a,0x848064a06afe67e101884eecf3763351dc4c8355e71cded4329652e7e52b387a
234,17979.66,8.322429278324893,0x7358f7601160058202e5b963f28ae9348edb0c70,2017-10-29T04:42:23.000Z,0.00046288023679674106,0x336707214137ab2035aa724e0378baf0e50af962,buy,0x12480e24eb5bec1a9d4369cab6a80cad3c0a377a,0xa11f04aa49e400ff12d4abf3dc6e5791454209b97a8ecbd42b5a5a589dc9b332
235,7710.83,3.46216267,0x7358f7601160058202e5b963f28ae9348edb0c70,2017-10-29T04:41:23.000Z,0.000449,0x1eaa18a0e964d346f2b5182be3f97d7aab5145b9,buy,0x12480e24eb5bec1a9d4369cab6a80cad3c0a377a,0xb2255f37779ea72810b4d172326358da9b61a99f8b0c5e02db3d558d2e327667
236,8000,3.584,0x7358f7601160058202e5b963f28ae9348edb0c70,2017-10-29T04:38:41.000Z,0.000448,0x1eaa18a0e964d346f2b5182be3f97d7aab5145b9,buy,0x12480e24eb5bec1a9d4369cab6a80cad3c0a377a,0x2ce6bbdb85edbbd93594ab2926494604af3eccb29a43fa540e22d503e4349c3f
237,4000,1.76,0x7358f7601160058202e5b963f28ae9348edb0c70,2017-10-29T04:37:56.000Z,0.00044,0x1eaa18a0e964d346f2b5182be3f97d7aab5145b9,buy,0x12480e24eb5bec1a9d4369cab6a80cad3c0a377a,0xc755711f0c6f1ca3afb41f03ee35fb8e1dfcc4b70dc2f3cba24a7369c7f5bae0
238,5000,2.195,0x7358f7601160058202e5b963f28ae9348edb0c70,2017-10-29T04:31:59.000Z,0.000439,0x81e6b15acf463ca72c4dd9aebee375305b06e20e,buy,0x12480e24eb5bec1a9d4369cab6a80cad3c0a377a,0x9e3bc2e055985d6f4f374cea2ba464772fdaec83832641f06e6a6bb9f3f7dd40
239,2.22,0.00091242,0x46ee1a36b2195e22464964fc1bfa4407106b487c,2017-10-29T03:19:05.000Z,0.000411,0x4c5a345d4f546bd1e5eb9bcd61fba3a9f9d335d0,sell,0x12480e24eb5bec1a9d4369cab6a80cad3c0a377a,0x4d776e0e3aaa89e0d3ec6a1d30f089f64bf8174d84ccb0c4bfb82cf82f723fa3
240,22286.74,9.0830723207,0x98b8f889dbe2b5c4c5879f65e13b24012f2afdce,2017-10-29T03:16:39.000Z,0.000407555,0x4c5a345d4f546bd1e5eb9bcd61fba3a9f9d335d0,sell,0x12480e24eb5bec1a9d4369cab6a80cad3c0a377a,0x7bc6a32b74ce3c837a0d3a8739e7be5f41fa30d1190624b72ea614ef33f55a08
241,3000,1.222803,0x3dee4a4e076e8d82859d241db0baf46f112cfa23,2017-10-29T03:15:15.000Z,0.000407601,0x4c5a345d4f546bd1e5eb9bcd61fba3a9f9d335d0,sell,0x12480e24eb5bec1a9d4369cab6a80cad3c0a377a,0x6044efa82f3ae55f30a7056a890059a971d2dd5345f86cbfd6c10e506a988e19
242,10000,4.0772,0x1a84a246b1ff279f1eaa13fca4c2245b58d32517,2017-10-29T03:14:29.000Z,0.00040772,0x4c5a345d4f546bd1e5eb9bcd61fba3a9f9d335d0,sell,0x12480e24eb5bec1a9d4369cab6a80cad3c0a377a,0xce8dd86178eccb116036d223cccc15a6435afbc7fb9ef42f3d9b222b6c008873
243,20000,8.1544,0x1a84a246b1ff279f1eaa13fca4c2245b58d32517,2017-10-29T03:14:13.000Z,0.00040772,0x4c5a345d4f546bd1e5eb9bcd61fba3a9f9d335d0,sell,0x12480e24eb5bec1a9d4369cab6a80cad3c0a377a,0xd72eb162b0e8c2d10cad99f1cfcc4bcd8397ec35158f7f6baff4308e30c83236
244,368,0.150144,0x8d20a0508325a4800e1ac2078f1ad8ed45ecf736,2017-10-29T03:14:01.000Z,0.000408,0x4c5a345d4f546bd1e5eb9bcd61fba3a9f9d335d0,sell,0x12480e24eb5bec1a9d4369cab6a80cad3c0a377a,0x926a0d84ae4bea4ff32dcb3ccfaf42dab7ff2a09a19e89d8239fa0996415f416
245,540,0.22032,0x9d397615d90b791d4bc088484964e04dcf130804,2017-10-29T03:13:52.000Z,0.000408,0x4c5a345d4f546bd1e5eb9bcd61fba3a9f9d335d0,sell,0x12480e24eb5bec1a9d4369cab6a80cad3c0a377a,0xc25cb3374e9681b18748843eb658ee2f0fe9828176f72737a2df4807326f950b
246,140,0.0574,0x3d88c648c58806bdb82bcd35ab0cb88d1805edf6,2017-10-29T03:13:11.000Z,0.00041,0x4c5a345d4f546bd1e5eb9bcd61fba3a9f9d335d0,sell,0x12480e24eb5bec1a9d4369cab6a80cad3c0a377a,0x90513f1c132d1c0a10ba7a93b5ba24d37f449e7ff94fd57ef09c16e539fd13ff
247,1811.6,0.742756,0xdfa60da00a569e455863c0bff4362703edab4e9f,2017-10-29T03:12:51.000Z,0.00041,0x4c5a345d4f546bd1e5eb9bcd61fba3a9f9d335d0,sell,0x12480e24eb5bec1a9d4369cab6a80cad3c0a377a,0x8c2f9dd5d18616743888e49dc71a41fc6678cf5823cd54fd0f0160a841c070d6
248,2100,0.924,0xb8fb862c5979bb8f6f7c7a97082464091b3bbe05,2017-10-29T01:47:01.000Z,0.00044,0x1a84a246b1ff279f1eaa13fca4c2245b58d32517,sell,0x12480e24eb5bec1a9d4369cab6a80cad3c0a377a,0xb32f53afa8916679b40314c0d5acb96c65d20194ed51a078b7f62e011c9dc86b
249,200,0.0879,0xd58fd56e0833c9c02a5a4a8da8c50a06b3e8e26e,2017-10-29T01:43:53.000Z,0.0004395,0x1a84a246b1ff279f1eaa13fca4c2245b58d32517,buy,0x12480e24eb5bec1a9d4369cab6a80cad3c0a377a,0xfb2f30128bc51e14e447efc9b21c72247eeaea4cdcd5f8f799224803ff3d7dda
250,500,0.21975,0x31c8a47c2b84ad46162316d1c82f6e226ab1a80b,2017-10-29T00:23:17.000Z,0.0004395,0x1a84a246b1ff279f1eaa13fca4c2245b58d32517,buy,0x12480e24eb5bec1a9d4369cab6a80cad3c0a377a,0xe62ec77bbf4eb634dffcac6bbae5192b40c87e1987a7595e02a0d4f95fae5a2a
251,1464.1,0.643475294586781,0x07316ea878b4f8868c291f1719dad50adb823d72,2017-10-29T00:07:04.000Z,0.00043950228439777403,0x1a84a246b1ff279f1eaa13fca4c2245b58d32517,buy,0x12480e24eb5bec1a9d4369cab6a80cad3c0a377a,0x9bece4f224e4ca58b0cffa1fd10ded0a9a1e3321933e41f1aa9a5fe2f83077be
252,200,0.0857,0x346eb8847ec84aae1463b80163a097ad3b24514d,2017-10-28T21:51:23.000Z,0.0004285,0x1a84a246b1ff279f1eaa13fca4c2245b58d32517,buy,0x12480e24eb5bec1a9d4369cab6a80cad3c0a377a,0x9657425fc526737ce0469758646abb23144394a98cb439d82e9b45ad3526308e
253,1.16,0.0005,0xe444a40689f51f63bcd29910622035707d533d29,2017-10-28T21:04:11.000Z,0.0004310344827586207,0x1eaa18a0e964d346f2b5182be3f97d7aab5145b9,buy,0x12480e24eb5bec1a9d4369cab6a80cad3c0a377a,0x42db4a3b1bc16e978522ffb67e2f2b96c4d07cb65acff21b50e752d076ad59a8
254,1.16,0.0005,0x34f9560c63078eb61872a4dc2ccd20e21c34feaf,2017-10-28T21:03:19.000Z,0.0004310344827586207,0x1a84a246b1ff279f1eaa13fca4c2245b58d32517,buy,0x12480e24eb5bec1a9d4369cab6a80cad3c0a377a,0x2318b6e2559dca623512cc35e2e2b896c8bc0c2e9df95b4ba442fb668bed001b
255,350,0.15085,0x4dd169d27d081eaf17f60d7b98f8a9689355c908,2017-10-28T20:04:47.000Z,0.000431,0x1eaa18a0e964d346f2b5182be3f97d7aab5145b9,buy,0x12480e24eb5bec1a9d4369cab6a80cad3c0a377a,0xe48b50db4c21fb6c590fc7979b3ab87d56eb40fc01387409ff0fefbf5c7fbfff
256,199.4,0.081754,0xdfa60da00a569e455863c0bff4362703edab4e9f,2017-10-28T19:26:38.000Z,0.00041,0x9624fae12c24bcdade48cbb10e50fd662bf2f9f9,sell,0x12480e24eb5bec1a9d4369cab6a80cad3c0a377a,0xdeeab0627ac0ad2eb41e1b8a61f38631b01bc3b0750846b846fcadbb0ce126d9
257,2960,1.2876,0xafdcf99562ee7e2a5c1d9313f4b4dd4940d05927,2017-10-28T18:54:33.000Z,0.000435,0x1a84a246b1ff279f1eaa13fca4c2245b58d32517,sell,0x12480e24eb5bec1a9d4369cab6a80cad3c0a377a,0x2dcb4b1ac3b17e70bc600a63e3fbc5c14491122770266f765d8e7632880f3b44
258,3355,1.4762,0xc05486d9936bf3d28f89bdf09ea55e3abc897d22,2017-10-28T18:52:56.000Z,0.00044,0x1a84a246b1ff279f1eaa13fca4c2245b58d32517,sell,0x12480e24eb5bec1a9d4369cab6a80cad3c0a377a,0xd264fb9b20f9c137e81f31ac1e29bdc7db29972a3441cf1276f7793ff90c7242
259,1100,0.484,0xfcfa9ea8cfbf4f0be228b6fee9716a0cfa6af691,2017-10-28T18:33:43.000Z,0.00044,0x08417893c3409bbab1c572ffef3e28fcb365499c,buy,0x12480e24eb5bec1a9d4369cab6a80cad3c0a377a,0x56af133d259cd215efd4b28e995f1717bc683e4b2cdfbb18d9a617aab4349c24
260,1198.04,0.5511005301102223,0xbfb6c5639c888bc2780f477cf866ccc1ebfdb6ca,2017-10-28T17:40:02.000Z,0.00046000177799591186,0x46731d7e1f7512cf89c2df95a9d3b87b4c239d32,buy,0x12480e24eb5bec1a9d4369cab6a80cad3c0a377a,0x98afa3928a0fe17ee386796f1b1462aae1e4395329f0b2d90f78f06cd13af038
261,600.69,0.2643036,0xbfb6c5639c888bc2780f477cf866ccc1ebfdb6ca,2017-10-28T17:39:53.000Z,0.00044,0xe90665af3d68a96805eb409affa99a38dc9dc5db,buy,0x12480e24eb5bec1a9d4369cab6a80cad3c0a377a,0xa9de70869ce9dc190f928809c92db736831afa6e8fbd0e4689cf06b2188a1b92
262,100,0.044,0xb4644415a639bf48418f50717ea59e7299682173,2017-10-28T16:57:48.000Z,0.00044,0xe90665af3d68a96805eb409affa99a38dc9dc5db,buy,0x12480e24eb5bec1a9d4369cab6a80cad3c0a377a,0x8edac09f8f1d697cabd4ff26e0a344fa828d38f9768f164e0bad024f6cf7f30b
263,434.68,0.1890858,0xafdcf99562ee7e2a5c1d9313f4b4dd4940d05927,2017-10-28T16:48:30.000Z,0.000435,0x1ed014aec47fae44c9e55bac7662c0b78ae61798,sell,0x12480e24eb5bec1a9d4369cab6a80cad3c0a377a,0x86828e4deaad88626bbaec9ae65080190d12b6fb6f31ddbb14995c670a0c9aba
264,1000,0.439,0xa37afb192dc2c6a3baf278e3e373a1bb2cb73f51,2017-10-28T15:22:16.000Z,0.000439,0x1eaa18a0e964d346f2b5182be3f97d7aab5145b9,buy,0x12480e24eb5bec1a9d4369cab6a80cad3c0a377a,0x890260a073636531829eb643520ac385e7406042ec234593c85f68aa603f75b4
265,2.33,0.000949708,0x739c5f6d73d483705a08f9a52c7cd61c7933573e,2017-10-28T14:45:57.000Z,0.0004076,0xb079a72c627d0a34b880aee0504b901cbce64568,sell,0x12480e24eb5bec1a9d4369cab6a80cad3c0a377a,0xaa3c590909adf7374975eeafdf4d0be5815aabc5b46a00bf9d98bdb59fdb86db
266,23289.98,9.492995848,0x739c5f6d73d483705a08f9a52c7cd61c7933573e,2017-10-28T14:44:23.000Z,0.0004076,0xb079a72c627d0a34b880aee0504b901cbce64568,sell,0x12480e24eb5bec1a9d4369cab6a80cad3c0a377a,0x371c4792b10e0771151d0e8f76c92469898aa9fbe3fa83228fb7236cdee3d8cb
267,25000,10.19025,0x1a84a246b1ff279f1eaa13fca4c2245b58d32517,2017-10-28T14:42:45.000Z,0.00040761,0xb079a72c627d0a34b880aee0504b901cbce64568,sell,0x12480e24eb5bec1a9d4369cab6a80cad3c0a377a,0xf38cf1a087fe784443594f821999375a0f7f3e8ac0440f7700e7fb8f8c227a70
268,360.65,0.1493091,0x19439a51a0dfb9f943ec134dfe6e44c8ac4c1768,2017-10-28T14:42:39.000Z,0.000414,0xb079a72c627d0a34b880aee0504b901cbce64568,sell,0x12480e24eb5bec1a9d4369cab6a80cad3c0a377a,0xaa20897b53298402672c5b56536fffbce51b79b0781ed5dbca400235176d3579
269,250,0.105,0xaa3f55c0df5c46369031701fdf14af31d2d83487,2017-10-28T14:42:39.000Z,0.00042,0xb079a72c627d0a34b880aee0504b901cbce64568,sell,0x12480e24eb5bec1a9d4369cab6a80cad3c0a377a,0xd92a4ab714b6506ac49b6572efcb181599bba41f1158d111b3ac2e8be14f2546
270,33.3,0.01398933,0xc96392e500a6ea35cd9ada39120291ac274f6b09,2017-10-28T14:42:06.000Z,0.0004201,0xb079a72c627d0a34b880aee0504b901cbce64568,sell,0x12480e24eb5bec1a9d4369cab6a80cad3c0a377a,0x6331f0df00546b8cf446fb922a11995f135cd08cd2bbc2f8a0a0ff58bbc214f8
271,1200,0.52284,0x0f8e39777bcb0a52cb72042ceb5d67ce44b982d1,2017-10-28T14:42:06.000Z,0.0004357,0xb079a72c627d0a34b880aee0504b901cbce64568,sell,0x12480e24eb5bec1a9d4369cab6a80cad3c0a377a,0x9da1683d4a7c1cc9d58614369f9f4b681fd1c79d4542cfba3ba8787ba6084134
272,180.82,0.0759444,0x346eb8847ec84aae1463b80163a097ad3b24514d,2017-10-28T14:42:06.000Z,0.00042,0xb079a72c627d0a34b880aee0504b901cbce64568,sell,0x12480e24eb5bec1a9d4369cab6a80cad3c0a377a,0x7dbffb661b7b1f16cf2365df0eaccf5fc706063819dc06b3138146a585eb396a
273,1000,0.42,0x1a249dbbea63716445db15d596a9d6ded2e16bac,2017-10-28T14:42:06.000Z,0.00042,0xb079a72c627d0a34b880aee0504b901cbce64568,sell,0x12480e24eb5bec1a9d4369cab6a80cad3c0a377a,0x7140f8fba3bbb8ab7501309ba55b73209ed3b74a8ebf44e954eb63c35e8c0f71
274,1000,0.42,0x7fc1cbddc1de9044ac5bdfea23f99151a15542db,2017-10-28T14:42:06.000Z,0.00042,0xb079a72c627d0a34b880aee0504b901cbce64568,sell,0x12480e24eb5bec1a9d4369cab6a80cad3c0a377a,0xef6b43a6bd39faa5323cff2511e18f881bf8017d2ad43e75e1fc9f727f2acd55
275,25.92,0.0116271936,0x0f8e39777bcb0a52cb72042ceb5d67ce44b982d1,2017-10-28T14:41:38.000Z,0.00044858,0xb079a72c627d0a34b880aee0504b901cbce64568,sell,0x12480e24eb5bec1a9d4369cab6a80cad3c0a377a,0x00536446cd911dd1362f277e28135fa6ec0f911be6d08c0d50210debe806bf74
276,186.7,0.07843267,0xc96392e500a6ea35cd9ada39120291ac274f6b09,2017-10-28T13:51:33.000Z,0.0004201,0x80cee38f68e4fbcce372e91e10a5aec1af41a3d5,sell,0x12480e24eb5bec1a9d4369cab6a80cad3c0a377a,0xc54ca2437b6342e1ac29271c5b27d3ea02a00c651d891875b23742c6efaeeedb
277,10500,4.431,0x1a84a246b1ff279f1eaa13fca4c2245b58d32517,2017-10-28T13:47:33.000Z,0.000422,0x1cfefc5697a521ed3b7a4d023c28dd33c3e74b8e,buy,0x12480e24eb5bec1a9d4369cab6a80cad3c0a377a,0x6b13748548aef79fc3c69e7dcdd9a1d7ceba9b6d132ef03fc8475ccbb548bc30
278,7000,2.947,0x1a84a246b1ff279f1eaa13fca4c2245b58d32517,2017-10-28T13:46:57.000Z,0.000421,0x1eaa18a0e964d346f2b5182be3f97d7aab5145b9,buy,0x12480e24eb5bec1a9d4369cab6a80cad3c0a377a,0x91cea6f538682b8d20d6686c2613b35a9481f2a5e6a08da306a52f1c9e01afb8
279,500,0.211,0x45caa4a8a14744c378673153020bfe09e9eb8811,2017-10-28T13:44:10.000Z,0.000422,0x1eaa18a0e964d346f2b5182be3f97d7aab5145b9,sell,0x12480e24eb5bec1a9d4369cab6a80cad3c0a377a,0xd1bc9b2f62a29c0d703426e03f724c3ea91db1bf10ac3f20ca78b83c0e63d4db
280,250,0.1078,0xb4644415a639bf48418f50717ea59e7299682173,2017-10-28T13:08:18.000Z,0.0004312,0xd607d781a1d4eccdb45101b9e9c11777b438c9da,sell,0x12480e24eb5bec1a9d4369cab6a80cad3c0a377a,0xff3034213158aa19f4884fa5308570da81ff31b254fffd1682044e719008696b
281,375,0.163125,0xb4644415a639bf48418f50717ea59e7299682173,2017-10-28T13:06:46.000Z,0.000435,0xd607d781a1d4eccdb45101b9e9c11777b438c9da,sell,0x12480e24eb5bec1a9d4369cab6a80cad3c0a377a,0xa11090dfb0192583ac0224834e3be22fdec9eaee45ed7055a7c45af3b79db068
282,463,0.20372,0xb4644415a639bf48418f50717ea59e7299682173,2017-10-28T13:03:12.000Z,0.00044,0xe90665af3d68a96805eb409affa99a38dc9dc5db,buy,0x12480e24eb5bec1a9d4369cab6a80cad3c0a377a,0x3c81f978b3ef26ba48b4be51ec50899544e603dd27972b8e9ce6f567bf2756ee
283,135,0.059265,0xb4644415a639bf48418f50717ea59e7299682173,2017-10-28T12:47:18.000Z,0.000439,0x1eaa18a0e964d346f2b5182be3f97d7aab5145b9,buy,0x12480e24eb5bec1a9d4369cab6a80cad3c0a377a,0x8b711f67fc7fb87ea5f199629059e497d1a0c45b731246b0f7f455fb237afad8
284,15,0.006585,0xf00118adac77d70abb28b6b27cb8f18a6d62750c,2017-10-28T12:28:38.000Z,0.000439,0x1eaa18a0e964d346f2b5182be3f97d7aab5145b9,buy,0x12480e24eb5bec1a9d4369cab6a80cad3c0a377a,0x8e6fcb3635640f8cdd86b794efb8c05da6abbcc5535428ceb46fdcb53dfdb1b5
285,850,0.37315,0x89d400d2268df5f9e4590c632f407bda11fab028,2017-10-28T12:25:50.000Z,0.000439,0x1eaa18a0e964d346f2b5182be3f97d7aab5145b9,buy,0x12480e24eb5bec1a9d4369cab6a80cad3c0a377a,0x00139123fb5cca1674bad07fb51eea199ad8985332b98e4b80d7dda1fee5cbd8
286,150,0.0657,0x89d400d2268df5f9e4590c632f407bda11fab028,2017-10-28T12:22:37.000Z,0.000438,0xfbf7dc0756a9768d0c71aea5f8421f3b1eaee7d1,buy,0x12480e24eb5bec1a9d4369cab6a80cad3c0a377a,0xefe3b09d766046724a62d709ac7d6f03317aa294d384d3f40bfe18853efe9401
287,354.84,0.15577512996148984,0x220edf3781a3962250ee374b99a1d64c75b10047,2017-10-28T11:31:57.000Z,0.00043900104261495275,0x1eaa18a0e964d346f2b5182be3f97d7aab5145b9,buy,0x12480e24eb5bec1a9d4369cab6a80cad3c0a377a,0x52dfe1833bd1a15293276c859451d47421871edb52e3655dc468bcf7bf632467
288,85,0.0374,0x565a5735794f9ac2246047149c251ab81d8da943,2017-10-28T10:46:57.000Z,0.00044,0xe90665af3d68a96805eb409affa99a38dc9dc5db,buy,0x12480e24eb5bec1a9d4369cab6a80cad3c0a377a,0x31ad9b47bd34439d912530955204d924d83d06fa8201d2d2e909c683537c8a77
289,74.08,0.0332308064,0x0f8e39777bcb0a52cb72042ceb5d67ce44b982d1,2017-10-28T09:32:55.000Z,0.00044858,0x916967e76c7b77c77101073c5a6737e466b77ea1,sell,0x12480e24eb5bec1a9d4369cab6a80cad3c0a377a,0x622a6f928cba020d50f98a46be80e68b8af9de7f5c109a689344466a080372f0
290,74.31,0.0326964,0x916967e76c7b77c77101073c5a6737e466b77ea1,2017-10-28T09:31:33.000Z,0.00044,0xe90665af3d68a96805eb409affa99a38dc9dc5db,buy,0x12480e24eb5bec1a9d4369cab6a80cad3c0a377a,0xba7db8046606f9abc83b578331c778d8cdc867d399685933737f8e359ace7f74
291,1605,0.6741,0xafdcf99562ee7e2a5c1d9313f4b4dd4940d05927,2017-10-28T08:01:02.000Z,0.00042,0x150f254e89219e789a50186d86e92c247806000c,sell,0x12480e24eb5bec1a9d4369cab6a80cad3c0a377a,0x3d6e371929873546692fd91bb90ba6718ed3a8b90f851b25b532262b40b5677a
292,2000,0.92576,0x2ea6bd58bc3555faeebf4d5b31164d52079b9832,2017-10-28T07:17:47.000Z,0.00046288,0x336707214137ab2035aa724e0378baf0e50af962,buy,0x12480e24eb5bec1a9d4369cab6a80cad3c0a377a,0x63160883455e88e213b203c0984882c31394b396cbe02673043ed6963b4d80eb
293,242.95,0.11175946988977774,0x4811939208b721e7823b0d79a1de982dd4726592,2017-10-28T07:14:46.000Z,0.00046001016624728434,0x46731d7e1f7512cf89c2df95a9d3b87b4c239d32,buy,0x12480e24eb5bec1a9d4369cab6a80cad3c0a377a,0x03ede6ae84349f5be1ca738dd85ef12161c2ba87b37af61137da6151bed65ed0
294,500,0.2115,0x383932e5467528999954bf192452e390e1c84795,2017-10-28T07:14:20.000Z,0.000423,0x150f254e89219e789a50186d86e92c247806000c,sell,0x12480e24eb5bec1a9d4369cab6a80cad3c0a377a,0xf972963468706548ad34996b87667d5ac9249fd2186b5994c282b40c0d432edb
295,98,0.04998,0x21a298bdf2f54b1e0c0ab757aa9eba3a842f9094,2017-10-28T05:56:08.000Z,0.00051,0x383932e5467528999954bf192452e390e1c84795,buy,0x12480e24eb5bec1a9d4369cab6a80cad3c0a377a,0xaa24272d55e1f8f96f1dbb6fd42aabaf747a60723d45bf04a2fe43c9782a9170
296,125,0.06625,0x21a298bdf2f54b1e0c0ab757aa9eba3a842f9094,2017-10-28T05:49:34.000Z,0.00053,0x383932e5467528999954bf192452e390e1c84795,buy,0x12480e24eb5bec1a9d4369cab6a80cad3c0a377a,0x5e0ffc0d22173287535a63302200d3fc353a35efadf411d6cf77660801eaeab1
297,1234.25,0.60354825,0xaf640d2561cc9ba30fc112ffdc3ffad787272ae6,2017-10-28T04:47:27.000Z,0.000489,0x7eed3b0656f6d8d1ad8a26af07a374f255e41c6a,buy,0x12480e24eb5bec1a9d4369cab6a80cad3c0a377a,0x9a5e0a0f4134a8b9f185a2d2af4ea41e854852543f8689d0e5f74f70016d0122
298,40,0.0198,0xa36334b0909ab194b9ddb9689bfde7f6b2332220,2017-10-28T03:07:08.000Z,0.000495,0x1eaa18a0e964d346f2b5182be3f97d7aab5145b9,buy,0x12480e24eb5bec1a9d4369cab6a80cad3c0a377a,0x786efcd2e59c41d0c54e3829ab1bc5073899324cb67f35be781013943d962139
299,49.86,0.02099106,0xfbf7dc0756a9768d0c71aea5f8421f3b1eaee7d1,2017-10-28T02:02:42.000Z,0.000421,0xe6aa33b127ef8fe01a31ba076ed52483dc6e2fec,sell,0x12480e24eb5bec1a9d4369cab6a80cad3c0a377a,0x23c020ff1b4ce36cf5c03819c76ea8285508661080d15b2ad1826ad6706c58d5
300,99.69,0.04196949,0xfbf7dc0756a9768d0c71aea5f8421f3b1eaee7d1,2017-10-28T01:46:13.000Z,0.000421,0xe6aa33b127ef8fe01a31ba076ed52483dc6e2fec,sell,0x12480e24eb5bec1a9d4369cab6a80cad3c0a377a,0xf6c1f7df8110e7a91138858af117d2cc1d86147cc393e96850cabd4d8e02d9fe
301,46.52,0.034891835310537335,0x811c5a7881b0dd6b129041e792478f9833460ced,2017-10-28T00:26:35.000Z,0.0007500394520751791,0x0b2de009825eac9a347868b44349aa32e91ef81f,buy,0x12480e24eb5bec1a9d4369cab6a80cad3c0a377a,0x863f6ed15d1bfd5f99745461de56e1d24021e511a5b2e99d6bf10e794ff51399
302,100,0.04201,0x383932e5467528999954bf192452e390e1c84795,2017-10-28T00:04:13.000Z,0.0004201,0x47082a18d5cbf260023d09132329d2532983ebf9,sell,0x12480e24eb5bec1a9d4369cab6a80cad3c0a377a,0x70d0a40294ec56c4572b9356d573aa88199e7d6f51f4a7764af19f5cabaff9e4
303,175,0.09275,0xde8629a4b51de9063db5a24a5b0a91c5dea153fc,2017-10-27T23:05:43.000Z,0.00053,0x383932e5467528999954bf192452e390e1c84795,buy,0x12480e24eb5bec1a9d4369cab6a80cad3c0a377a,0x04c3c71fc227c655d222d37a41228d0f90490030f6fd30d4387530fff6487823
304,203.95,0.1017123065037321,0xc2159dc53cb33b257db5fbcefd4b16b67497b764,2017-10-27T22:04:56.000Z,0.0004987119710896401,0xcbb55f800291cded8c365f7f327bda4736ac6d37,buy,0x12480e24eb5bec1a9d4369cab6a80cad3c0a377a,0x4b950ff560004dbca79c51f8ca5e4a789151c46ee39b96b2526e5310a62583eb
305,2592.2,1.075763,0x346eb8847ec84aae1463b80163a097ad3b24514d,2017-10-27T21:03:30.000Z,0.000415,0x0d5eb395419c9d7e23ca90a2a25a0c3b96227c51,buy,0x12480e24eb5bec1a9d4369cab6a80cad3c0a377a,0x0c12c7518e56d0ae3e57f0450c53839b4479f99db93d9e699db647441e837714
306,236.84,0.0982886,0x7aa6e2506316f6d613277d4f2f4e4e1dc55e528e,2017-10-27T20:46:44.000Z,0.000415,0x0d5eb395419c9d7e23ca90a2a25a0c3b96227c51,buy,0x12480e24eb5bec1a9d4369cab6a80cad3c0a377a,0x1c3c338801024449eaf84a18542bf3dfe89baf7d1ea2fb5058290871abe7da8b
307,236.12,0.1027122,0xb4644415a639bf48418f50717ea59e7299682173,2017-10-27T20:46:44.000Z,0.000435,0x7aa6e2506316f6d613277d4f2f4e4e1dc55e528e,sell,0x12480e24eb5bec1a9d4369cab6a80cad3c0a377a,0x1c3c338801024449eaf84a18542bf3dfe89baf7d1ea2fb5058290871abe7da8b
308,100,0.057,0x45d22415afe45742cd81c477f91817df928aa1d0,2017-10-27T20:44:22.000Z,0.00057,0x3d88c648c58806bdb82bcd35ab0cb88d1805edf6,buy,0x12480e24eb5bec1a9d4369cab6a80cad3c0a377a,0x11a02e62390784eb4ee7af7b286a2db214147b9a8ce9df3c6212daedae42c165
309,14958.33,6.01324866,0x1eaa18a0e964d346f2b5182be3f97d7aab5145b9,2017-10-27T20:25:40.000Z,0.000402,0x499c688f627b9f011add93cb6f45ec916a4d1f8d,sell,0x12480e24eb5bec1a9d4369cab6a80cad3c0a377a,0xed492ef9b117d2a4c0aab7f7db267a0465bffcfb21657b4c42f4e4b3a19153e2
310,2433,0.999963,0x92455092cdeeafca0446a7be63f36ba35436014f,2017-10-27T20:18:20.000Z,0.000411,0x499c688f627b9f011add93cb6f45ec916a4d1f8d,sell,0x12480e24eb5bec1a9d4369cab6a80cad3c0a377a,0xf87160bcf9aa3c77f23b14a8a71d9f8714e89d06c570c667aa026c0742957c0c
311,170.96,0.07436863556716193,0xf81074156d2444c72dc0ce13a8b271ef63c7b61a,2017-10-27T19:33:35.000Z,0.00043500605736524297,0x0d5eb395419c9d7e23ca90a2a25a0c3b96227c51,buy,0x12480e24eb5bec1a9d4369cab6a80cad3c0a377a,0xd4493a4dd0268fa38cf7406f43618680ba4aa35ac50fc1b1878297019fbf316f
312,186.3,0.08570148221593206,0xf81074156d2444c72dc0ce13a8b271ef63c7b61a,2017-10-27T19:29:23.000Z,0.000460018691443543,0x650d7913a9840987d80b5e8646f8ef9f82cf30e5,buy,0x12480e24eb5bec1a9d4369cab6a80cad3c0a377a,0x56afad80d118e4daf82c54c9f79cbe435631b0ef66f2faf9a088fe6696a27b29
313,2054.35,0.8505009,0x19439a51a0dfb9f943ec134dfe6e44c8ac4c1768,2017-10-27T18:58:42.000Z,0.000414,0xb13acdefb7dd764cfadb7afb01392e85eeb21943,sell,0x12480e24eb5bec1a9d4369cab6a80cad3c0a377a,0xbc9d68e525738dcb7c527e7db128dddfc8d25119110be396fe7bda0b1f0ea0d1
314,13.16,0.0057246,0xb4644415a639bf48418f50717ea59e7299682173,2017-10-27T18:21:25.000Z,0.000435,0xf3b988cf5150a42084803e02bf1f69fd0b52e5a3,sell,0x12480e24eb5bec1a9d4369cab6a80cad3c0a377a,0xb3f0ffb227e52e6e3d1719f981ab61cec699211bf3eeb13f89c74babb311e085
315,936.48,0.4026864,0x3b7a66c7793286f33dcdc0cd80946d08e5d970c2,2017-10-27T18:14:28.000Z,0.00043,0xb13acdefb7dd764cfadb7afb01392e85eeb21943,sell,0x12480e24eb5bec1a9d4369cab6a80cad3c0a377a,0xdc786c3ab994e191ec25afc4353fafa486fb17f91ab9aaa7dde872379cb2345a
316,507.99,0.22859699841567915,0xe453543002d74f0fd4a6100f2f96d72feec80669,2017-10-27T17:25:48.000Z,0.00045000294969522856,0x46731d7e1f7512cf89c2df95a9d3b87b4c239d32,buy,0x12480e24eb5bec1a9d4369cab6a80cad3c0a377a,0x342ef2665dc5b8e4aa508e798892d3c90fad0f1f270ecfb61f72360aed7daabb
317,72,0.0324,0x65aa19e1469e9080c6da075fd35e39a668afcc70,2017-10-27T13:28:59.000Z,0.00045,0x46731d7e1f7512cf89c2df95a9d3b87b4c239d32,buy,0x12480e24eb5bec1a9d4369cab6a80cad3c0a377a,0xb2857cf80ed4f085fcfadcda9934472b5716ce75ee4130bd08c3191d8763c048
318,444,0.22331424,0xede817a8477c20f57b9c05188a3f6c2e5e35aef4,2017-10-27T13:18:31.000Z,0.00050296,0xec333c3127ec50d0b4a65fb2f39f9f72883ae394,buy,0x12480e24eb5bec1a9d4369cab6a80cad3c0a377a,0x5e83e5d79b90e0e483a41d1ff3d5a01ed0e7d2ec7045d7637b8add96f7301755
319,2426.3,1.21315,0xede817a8477c20f57b9c05188a3f6c2e5e35aef4,2017-10-27T13:16:18.000Z,0.0005,0x5d3fa618ddb6b8f2d400775cd550b300e63dcbdc,buy,0x12480e24eb5bec1a9d4369cab6a80cad3c0a377a,0x5875140eb00cd8fe6578b672b57f8467dd905c932a7772858beb48514fb9f5b8
320,113,0.05085,0x19e9dcb3eafba41246940a7cae2333cad608d8b2,2017-10-27T12:50:07.000Z,0.00045,0x46731d7e1f7512cf89c2df95a9d3b87b4c239d32,sell,0x12480e24eb5bec1a9d4369cab6a80cad3c0a377a,0x7f9e223b33c1261fbe3d0c9d31e96387020c748de2bcbe9c93957c62e3de2a4d
321,1963.52,0.8443136,0x3b7a66c7793286f33dcdc0cd80946d08e5d970c2,2017-10-27T12:23:51.000Z,0.00043,0x9778550d76b07ac9f5e57392f68ecdf6efc1774e,sell,0x12480e24eb5bec1a9d4369cab6a80cad3c0a377a,0x35fea81e838f1f430b8b39d5451b6d49d0d01992fcbbd1526bab6dc63f2df81f
322,1050,0.4641,0x8d20a0508325a4800e1ac2078f1ad8ed45ecf736,2017-10-27T12:21:48.000Z,0.000442,0x9778550d76b07ac9f5e57392f68ecdf6efc1774e,sell,0x12480e24eb5bec1a9d4369cab6a80cad3c0a377a,0xa564ebcdc00e9b18bab7c6bb53698e7e19caf7e4a4088a1a4bba1dd5b0262cc7
323,964.74,0.4437804,0x1b2813c7f0d3601dd93d8fdc742b071419335aa0,2017-10-27T12:21:28.000Z,0.00046,0x9778550d76b07ac9f5e57392f68ecdf6efc1774e,sell,0x12480e24eb5bec1a9d4369cab6a80cad3c0a377a,0x63f9c6b89fbf58d9ec95baf0799726070e39adc98303c074edfcd309e8c8a9ae
324,289.79,0.1333034,0x1b2813c7f0d3601dd93d8fdc742b071419335aa0,2017-10-27T12:20:38.000Z,0.00046,0xe2eabfc1e89a462bbd2ba188cd8a9591a9a0d04e,sell,0x12480e24eb5bec1a9d4369cab6a80cad3c0a377a,0x068005be5d312c7100cb58fa93be89d4ee57d540e93995a89d481de47d8317df
325,2000,0.92,0x1b2813c7f0d3601dd93d8fdc742b071419335aa0,2017-10-27T12:20:07.000Z,0.00046,0xe2eabfc1e89a462bbd2ba188cd8a9591a9a0d04e,sell,0x12480e24eb5bec1a9d4369cab6a80cad3c0a377a,0x0e38dd0deb86f8eae8c1ba5bdfa84f19e120e838fe757e5e5bae85d369ec85ef
326,3745.47,1.7229162,0x1b2813c7f0d3601dd93d8fdc742b071419335aa0,2017-10-27T12:11:49.000Z,0.00046,0x9778550d76b07ac9f5e57392f68ecdf6efc1774e,sell,0x12480e24eb5bec1a9d4369cab6a80cad3c0a377a,0xac3c1df52849af54a5f9984f35877e945cc172ae6c80d08ed674c93c70bd6e2c
327,4310,1.99984,0x3a300b4eddf2fe4adc7f43186c4f3518136b422d,2017-10-27T12:10:09.000Z,0.000464,0x9778550d76b07ac9f5e57392f68ecdf6efc1774e,sell,0x12480e24eb5bec1a9d4369cab6a80cad3c0a377a,0x4a0c7712e880004cf69b5796c9d872268ec422aba82c737fda0b614a7f999ba4
328,400,0.188,0x08bea4ccc9c45e506d5bc5e638acaa13fa3e801c,2017-10-27T09:51:46.000Z,0.00047,0x46731d7e1f7512cf89c2df95a9d3b87b4c239d32,buy,0x12480e24eb5bec1a9d4369cab6a80cad3c0a377a,0x20e31caa99a7db513d8cdc156aace4334c7f32dc8c981d64767565904e3be71e
329,88.42,0.039789,0x19e9dcb3eafba41246940a7cae2333cad608d8b2,2017-10-27T09:50:22.000Z,0.00045,0x9778550d76b07ac9f5e57392f68ecdf6efc1774e,sell,0x12480e24eb5bec1a9d4369cab6a80cad3c0a377a,0x5da0bb84659888cbaa14b3cf747d00478f98e94849d6df8e94ee761d2e48404c
330,6691.21,2.95751482,0x1eaa18a0e964d346f2b5182be3f97d7aab5145b9,2017-10-27T09:49:02.000Z,0.000442,0x9778550d76b07ac9f5e57392f68ecdf6efc1774e,sell,0x12480e24eb5bec1a9d4369cab6a80cad3c0a377a,0x0c2615a989adda7d3d171229593fd2fe97052afd75291d224cc5205d29ede312
331,11300,4.992114,0x2501a085c61d7474c9d64d164ec7df15b0eee7d5,2017-10-27T09:43:38.000Z,0.00044178,0x9778550d76b07ac9f5e57392f68ecdf6efc1774e,sell,0x12480e24eb5bec1a9d4369cab6a80cad3c0a377a,0x7812ecbe410366f5d5c5f8ac5c558991265b283ed5301d883511351fd7f79970
332,1885.89,0.83356338,0x1eaa18a0e964d346f2b5182be3f97d7aab5145b9,2017-10-27T09:26:44.000Z,0.000442,0x5187ddb2d9690ce9581c24760b57638e3df34486,sell,0x12480e24eb5bec1a9d4369cab6a80cad3c0a377a,0x4c9fdf8d24fce5a7f0999249dc05238a5c738af169e2471ea260d184dd316ed1
333,88,0.0396,0xd7e3bbedddd6649fff0e3525e1c7375f9285a247,2017-10-27T09:24:42.000Z,0.00045,0x5187ddb2d9690ce9581c24760b57638e3df34486,sell,0x12480e24eb5bec1a9d4369cab6a80cad3c0a377a,0x3adf7cb1a5d313f739c90c2488a71f08316a836d42cc9e5cfc5d78f09bce165d
334,800,0.368,0xd616dae42822c68276be7505c0d187663889acb0,2017-10-27T09:12:12.000Z,0.00046,0x650d7913a9840987d80b5e8646f8ef9f82cf30e5,buy,0x12480e24eb5bec1a9d4369cab6a80cad3c0a377a,0x6cffa172c4a4eef929821f929162c3b6ae8376a7a49147eb2e613ee61db29c6f
335,1473.69,0.677898517784068,0xec24bd7234f83d1b42bdd8a4be0bd1f220a5b674,2017-10-27T07:51:50.000Z,0.000460000758493352,0x650d7913a9840987d80b5e8646f8ef9f82cf30e5,buy,0x12480e24eb5bec1a9d4369cab6a80cad3c0a377a,0x2ec0d614117ced1f5a578272d72f17465e788100f3959b94a9b95d2a0e673b4e
336,0.06,0.000031891985452216,0xec24bd7234f83d1b42bdd8a4be0bd1f220a5b674,2017-10-27T07:39:53.000Z,0.0005315330908702667,0x46731d7e1f7512cf89c2df95a9d3b87b4c239d32,buy,0x12480e24eb5bec1a9d4369cab6a80cad3c0a377a,0x7b93c9d8781955e2fd72a3cbfe94d4928a69989babc90d75742bd078044541c9
337,2,0.001,0x9fd3a5150fd88a62daccb962737ce2ce9a02425b,2017-10-27T06:59:46.000Z,0.0005,0x383932e5467528999954bf192452e390e1c84795,buy,0x12480e24eb5bec1a9d4369cab6a80cad3c0a377a,0xe991a473caffa1de3278c401bd675beb92a0b7de77ff7368a451d358613cdb57
338,294,0.14699706,0xa36334b0909ab194b9ddb9689bfde7f6b2332220,2017-10-27T04:32:58.000Z,0.00049999,0x8dd6ce50a05c1555af340864fb0e8eecfcdb93a9,buy,0x12480e24eb5bec1a9d4369cab6a80cad3c0a377a,0xe3a45ecdf901ed6199f52596630f58d8465419bb01c267d02b290dd51cf2224d
339,447.43,0.19776406,0x1eaa18a0e964d346f2b5182be3f97d7aab5145b9,2017-10-27T03:53:34.000Z,0.000442,0xd2d61801f35b2e97b89721af5b4e0627036d1b9f,sell,0x12480e24eb5bec1a9d4369cab6a80cad3c0a377a,0x7532f679fb817adfa9b57f0b3f9f7a2afd8fc9edcf122319fe472af98d03cebb
340,700,0.349993,0xa36334b0909ab194b9ddb9689bfde7f6b2332220,2017-10-27T03:46:08.000Z,0.00049999,0x8dd6ce50a05c1555af340864fb0e8eecfcdb93a9,buy,0x12480e24eb5bec1a9d4369cab6a80cad3c0a377a,0xe43772f37c38799352885564110a60e9dcdc7c3d945fcba5a4e911209b1ca756
341,2000,0.999998,0x6273b9c507f9ae9dbc2e97c6b96507c21667a803,2017-10-27T02:57:27.000Z,0.000499999,0xf4381d04158f4809ce2324f48c465fe2ba79a884,buy,0x12480e24eb5bec1a9d4369cab6a80cad3c0a377a,0x8d670ad9d4f5e686a861054dd0b9253b4a143719c840cd821eb92dee67df52f9
342,3712,1.640707712,0xc1c9db1bd62b2a8230c67e1fba98560b9f5e0d14,2017-10-27T02:30:07.000Z,0.000442001,0xd8cd73911f69b269c475d0bee1745bd915b6b114,sell,0x12480e24eb5bec1a9d4369cab6a80cad3c0a377a,0x50b569dc590479383644b80c16b4894d859bdbfaa494e3ed52d279641cc6a961
343,937,0.414154937,0xc1c9db1bd62b2a8230c67e1fba98560b9f5e0d14,2017-10-27T01:59:12.000Z,0.000442001,0x41d496d95ba5ac3906c74d031f57ab4a9cda23f1,sell,0x12480e24eb5bec1a9d4369cab6a80cad3c0a377a,0x2795029149531b68c10e42aa3844b29b8a1c45bc5697bb9fb979ca270553da2e
344,5975.47,2.64115774,0x1eaa18a0e964d346f2b5182be3f97d7aab5145b9,2017-10-27T01:17:09.000Z,0.000442,0x6051555b585a70bd0616052d3ba30020a16fdd44,sell,0x12480e24eb5bec1a9d4369cab6a80cad3c0a377a,0x96cc4bf7db1448eedd5a8f5787db4298cef9940ba3bc3b2be9ddadc92bcedfca
345,2000,0.9,0x346eb8847ec84aae1463b80163a097ad3b24514d,2017-10-27T01:14:55.000Z,0.00045,0x6051555b585a70bd0616052d3ba30020a16fdd44,sell,0x12480e24eb5bec1a9d4369cab6a80cad3c0a377a,0xfa94756d4cc94f80771f4166efd9a8f7d60941f3adaebd65ea7126b0a3f05e60
346,912,0.4104,0xd7e3bbedddd6649fff0e3525e1c7375f9285a247,2017-10-27T01:10:20.000Z,0.00045,0x3ba2112383b52d416eba58c4d2824df0b984bd9c,sell,0x12480e24eb5bec1a9d4369cab6a80cad3c0a377a,0x68fcfe4c5245f7780366ad492021f3103491c4549cfbb9356cae2d7d48f27816
347,83,0.03818,0x7429df8a459baba5724c98dbfd9d3a2b9d28cf3c,2017-10-27T01:09:49.000Z,0.00046,0x3ba2112383b52d416eba58c4d2824df0b984bd9c,sell,0x12480e24eb5bec1a9d4369cab6a80cad3c0a377a,0xa2a2cc7b3307a48388f19363ed760f266986779d9fb805a7c726cbb4da0d6ea4
348,200,0.09322,0x383932e5467528999954bf192452e390e1c84795,2017-10-27T01:05:19.000Z,0.0004661,0xc1c9db1bd62b2a8230c67e1fba98560b9f5e0d14,sell,0x12480e24eb5bec1a9d4369cab6a80cad3c0a377a,0x25d747c9d8027ad730890907d58271c3cf6f83920bb7a29d29271ca0b620fad2
349,500,0.2325,0x45caa4a8a14744c378673153020bfe09e9eb8811,2017-10-27T01:05:01.000Z,0.000465,0xc1c9db1bd62b2a8230c67e1fba98560b9f5e0d14,sell,0x12480e24eb5bec1a9d4369cab6a80cad3c0a377a,0x92dc547a05e07005a94f62d5ceb9ba8f41d4e073a51f6cb9b157bfed7507edcc
350,4260,1.98516,0x804ef552d4871e5328441b50ad0f316f3ea37575,2017-10-27T00:58:50.000Z,0.000466,0xc1c9db1bd62b2a8230c67e1fba98560b9f5e0d14,sell,0x12480e24eb5bec1a9d4369cab6a80cad3c0a377a,0x3b240bb7929b7ad99a630417a5f1a8b7781e594818caffc130ad3474b19ccf50
351,349.7,0.174846503,0xf415ae9c5e2bfbea8efeb450000c5a9207caea69,2017-10-27T00:18:01.000Z,0.00049999,0xcc08ff30747fc169d2653dcb61cca932666508b6,buy,0x12480e24eb5bec1a9d4369cab6a80cad3c0a377a,0xe14b29755e19df29c56e0f7b3d017e768011667a915d7b1741a8aeade54064ab
352,1862.69,0.9313498305131226,0x53d227cf6bd4aaef5339c7c1372fdbff00388629,2017-10-27T00:08:11.000Z,0.0005000025932995413,0x5d3fa618ddb6b8f2d400775cd550b300e63dcbdc,buy,0x12480e24eb5bec1a9d4369cab6a80cad3c0a377a,0xbf5f03b939180550f717be29354fb22d57b0eeff3b61ab0628b90abcd8a582d2
353,7118.27,3.47371576,0x53d227cf6bd4aaef5339c7c1372fdbff00388629,2017-10-27T00:04:45.000Z,0.000488,0x1eaa18a0e964d346f2b5182be3f97d7aab5145b9,buy,0x12480e24eb5bec1a9d4369cab6a80cad3c0a377a,0x75ec84fa59b861d23fb3da7ec80b1ff7b5f827317dde514a0be88437643809ab
354,199.39,0.0917194,0x53d227cf6bd4aaef5339c7c1372fdbff00388629,2017-10-26T23:37:19.000Z,0.00046,0x1d5321e125f6c7079a716705541c7b371ca79e69,sell,0x12480e24eb5bec1a9d4369cab6a80cad3c0a377a,0x6c6dc6979410928b75da94c22f714b35080725800ab9a4d51c8fd4f2a6a2733a
355,199.99,0.09099545,0x1d5321e125f6c7079a716705541c7b371ca79e69,2017-10-26T23:37:19.000Z,0.000455,0x18894f3c60366e6d40f1e5ac59e1c0a885b8bf5d,buy,0x12480e24eb5bec1a9d4369cab6a80cad3c0a377a,0x6c6dc6979410928b75da94c22f714b35080725800ab9a4d51c8fd4f2a6a2733a
356,191.45,0.08710975,0x5486863204ce36efd9bd304cd6c7cd68908d5449,2017-10-26T23:15:36.000Z,0.000455,0xd2fd2941a0bbd2bdbd1e59e5e7b9f9d2ce7eb5ff,sell,0x12480e24eb5bec1a9d4369cab6a80cad3c0a377a,0xce750120c7377468d8363d016b8a9c070d103f54a8128d1d6196e0532ef1063f
357,425,0.192525,0xb3c74e8478cb91b17d0f78e3d0e3ea574c9fe2f8,2017-10-26T21:54:27.000Z,0.000453,0x4a4a3cfd5887a5ca74964978c34aff0ed890a402,sell,0x12480e24eb5bec1a9d4369cab6a80cad3c0a377a,0xe3c3fb2c644e7a44f7a8787d12b775e03329d5e1688a8b0f0930914e7d3bb533
358,3565.75,1.73651668425,0x02c2aff0db55c65dd802006cf1013f4b1e858177,2017-10-26T21:48:16.000Z,0.000486999,0x198fe2bb933a19574b8333db1f1d82d1caca28fa,buy,0x12480e24eb5bec1a9d4369cab6a80cad3c0a377a,0x0918c2fa3b4f307a70dcfecb8dd85ed2f4f5d19837c65daf0cff964a2a097f67
359,13.76,0.013956734124214934,0x1ea9771f51c309da1f8d995398f13d28f0a4aea9,2017-10-26T21:47:42.000Z,0.0010142975380970155,0x2005d2fa41a3e7e4ae7d2c3e131996ba3beb9e5c,buy,0x12480e24eb5bec1a9d4369cab6a80cad3c0a377a,0xebe0e9627e08bed5e2e9a4cf9761dff06f655e5f1889d183db89ad1d6d328a18
360,2144,1.01409056,0x02c2aff0db55c65dd802006cf1013f4b1e858177,2017-10-26T21:45:17.000Z,0.00047299,0x69aa8168436203dcece92d468d0d7eedc69a672b,buy,0x12480e24eb5bec1a9d4369cab6a80cad3c0a377a,0x14207408d076d5fb3e103af32d4eae4c6919f6a4acd85fcf257f68f4b76679a6
361,165,0.0780285,0x02c2aff0db55c65dd802006cf1013f4b1e858177,2017-10-26T21:43:50.000Z,0.0004729,0x18894f3c60366e6d40f1e5ac59e1c0a885b8bf5d,buy,0x12480e24eb5bec1a9d4369cab6a80cad3c0a377a,0xd8b6ca918a21adfe5837079e1bef3e6e065e9c7eab2a57e6994187527580fa6e
362,441.6,0.19872,0x02c2aff0db55c65dd802006cf1013f4b1e858177,2017-10-26T21:42:36.000Z,0.00045,0xbaa31b7a4dbabfc4fe3a717e2014155c20d19f49,buy,0x12480e24eb5bec1a9d4369cab6a80cad3c0a377a,0x8219555b653a5d5f6ac3675480b02698e84c88ab46a3efaf6a990391b43af616
363,258.4,0.11628,0x1d5321e125f6c7079a716705541c7b371ca79e69,2017-10-26T21:24:57.000Z,0.00045,0xbaa31b7a4dbabfc4fe3a717e2014155c20d19f49,buy,0x12480e24eb5bec1a9d4369cab6a80cad3c0a377a,0xaec3b9e12f6233bb7b8481c49a9b02ca8bfb1dc4182377bcd0e7a74cbe4a053c
364,257.62,0.1172171,0x5486863204ce36efd9bd304cd6c7cd68908d5449,2017-10-26T21:24:57.000Z,0.000455,0x1d5321e125f6c7079a716705541c7b371ca79e69,sell,0x12480e24eb5bec1a9d4369cab6a80cad3c0a377a,0xaec3b9e12f6233bb7b8481c49a9b02ca8bfb1dc4182377bcd0e7a74cbe4a053c
365,0.99,0.00045045,0x5486863204ce36efd9bd304cd6c7cd68908d5449,2017-10-26T21:22:43.000Z,0.000455,0xb4c432a9559a4f1464d2bff9fcbbdc14f1c39dec,sell,0x12480e24eb5bec1a9d4369cab6a80cad3c0a377a,0xa44877ae217b3ae4e315af147c63e4515ae933ce89a85a344a13a32ef63165f1
366,466,0.22041334,0xb9cd258f971741c9e273467b4a521d3178f54d05,2017-10-26T20:07:56.000Z,0.00047299,0x69aa8168436203dcece92d468d0d7eedc69a672b,buy,0x12480e24eb5bec1a9d4369cab6a80cad3c0a377a,0xd795bed786dc95e39dd9f8b0f6a3f254c2be0c53f583d35773d45fbc77e594d6
367,2.39,0.0010994,0xb77c1f7c6f3b44bcfce50cea8ae13d9237b99ee4,2017-10-26T19:26:45.000Z,0.00046,0x46731d7e1f7512cf89c2df95a9d3b87b4c239d32,sell,0x12480e24eb5bec1a9d4369cab6a80cad3c0a377a,0xee46c3cea39ec201f6a4fccc0dd1783b763a8376f48a71a0556abea6485d3a85
368,323,0.146965,0x5486863204ce36efd9bd304cd6c7cd68908d5449,2017-10-26T17:42:33.000Z,0.000455,0xca7154a0bd148fee465abb5125ba430073eb6699,sell,0x12480e24eb5bec1a9d4369cab6a80cad3c0a377a,0x7cb86556bd46a496a7d39ee6dfc34c0d952fef283835e10d8e8034a0395ef4af
369,103.1,0.047426,0x20bcbed8aa01396d950267defebf477e1a589923,2017-10-26T16:55:31.000Z,0.00046,0x6a0633796f7c7b0f4a5e062392b1f05d0bfa4acb,sell,0x12480e24eb5bec1a9d4369cab6a80cad3c0a377a,0xaa30d061fa5cffc3ad11b8dfb9169f9bf75da0befd6733dcf19bb4455adb49c9
370,10.03,0.0046360666,0xb38bc467ab6d5ff0dd261828682eaa169feacb80,2017-10-26T16:54:39.000Z,0.00046222,0x6a0633796f7c7b0f4a5e062392b1f05d0bfa4acb,sell,0x12480e24eb5bec1a9d4369cab6a80cad3c0a377a,0x5d9331c3fd186bc3448756d2edaef2c5bd738dbedda702e83aa98eb61eddaf3e
371,173.1,0.0800106282,0x533fc711beaafd047d5509125dde5a8bccb1f8de,2017-10-26T16:54:30.000Z,0.000462222,0x6a0633796f7c7b0f4a5e062392b1f05d0bfa4acb,sell,0x12480e24eb5bec1a9d4369cab6a80cad3c0a377a,0x3a8975b22a7a92522269d0fdca2f58cad76f8dc698d33791ae1a40abb2a6bd51
372,225,0.104000175,0x344da6060f9cc506b55728ba1a60717f4ab34823,2017-10-26T16:38:12.000Z,0.000462223,0xdb46bb954a4d1c99dfe10c8f4c994c8e4a9f8b31,sell,0x12480e24eb5bec1a9d4369cab6a80cad3c0a377a,0xab39d2ad67ec9cd084f71c03e3e92ef1f89cac01a70fbabf1e70bb1a834f0061
373,996.9,0.4607891118,0x533fc711beaafd047d5509125dde5a8bccb1f8de,2017-10-26T15:49:16.000Z,0.000462222,0x9d77fbb54521b01263764ff4cd339bffd533264f,sell,0x12480e24eb5bec1a9d4369cab6a80cad3c0a377a,0x6499026f1a0110aed07a6c3d6f3d33c83520e2a9f76ae2606b4d920140de554d
374,110.71,0.05037305,0x5486863204ce36efd9bd304cd6c7cd68908d5449,2017-10-26T13:53:07.000Z,0.000455,0xdf1c941267541a99aea9ce578f3c891c99e01f67,sell,0x12480e24eb5bec1a9d4369cab6a80cad3c0a377a,0x80db4547bd468fc73a360a3ddf68887816eb3ee02d203b4a1ffd10e762918197
375,152.75,0.070265,0xc549c8651ac107c6691a471b55df4c36e8115c86,2017-10-26T13:50:12.000Z,0.00046,0xdf1c941267541a99aea9ce578f3c891c99e01f67,sell,0x12480e24eb5bec1a9d4369cab6a80cad3c0a377a,0xa4e3e4fbec84dc045227136355d8a4a21fadf53dc2008c59342e15fdaf103599
376,108.25,0.049795,0xc549c8651ac107c6691a471b55df4c36e8115c86,2017-10-26T13:48:58.000Z,0.00046,0xf51c475d4de1e74980f1202e090a3527f8c48a54,sell,0x12480e24eb5bec1a9d4369cab6a80cad3c0a377a,0x380f686c2df01d8b3949122bb7c1ee591aad30bc37dbf2f6573ba327175145e9
377,996.9,0.458574,0x20bcbed8aa01396d950267defebf477e1a589923,2017-10-26T13:43:20.000Z,0.00046,0x3ba2112383b52d416eba58c4d2824df0b984bd9c,sell,0x12480e24eb5bec1a9d4369cab6a80cad3c0a377a,0xd7e12bc6f99705b2abd8b86c70fae27ff93359b144eb41b28a79a57d2405a72a
378,3665.34,1.74104383068,0x6f8144531c276a93fbbf8563a128c8b5d2c69751,2017-10-26T12:26:16.000Z,0.000475002,0x198fe2bb933a19574b8333db1f1d82d1caca28fa,sell,0x12480e24eb5bec1a9d4369cab6a80cad3c0a377a,0x5218c62329a3632517fb00afef54d235303a52de5f4ffe707304643959cef8f2
379,433.66,0.20598936732,0x6f8144531c276a93fbbf8563a128c8b5d2c69751,2017-10-26T12:03:38.000Z,0.000475002,0x82711295c22d15cfef8e802eded0be18028f80f2,sell,0x12480e24eb5bec1a9d4369cab6a80cad3c0a377a,0x0cc2826d28294c39b525ecdcbae5779f5fb7306bc3ee9b7ace4407c6401091cb
380,58.12,0.02830444,0xadc2b6934278e379c0bcabfccca5d042b02578b4,2017-10-26T11:56:10.000Z,0.000487,0x1eaa18a0e964d346f2b5182be3f97d7aab5145b9,buy,0x12480e24eb5bec1a9d4369cab6a80cad3c0a377a,0x0937cbfaedcc0aff5e980fc04d53bbde01fff0dabddfb342667d7ba80d9b8bcb
381,2843.99,1.350899995640233,0x3c16638ff6491ed866a45df77c326c3ff4465793,2017-10-26T11:41:09.000Z,0.0004750016686557382,0xcb20cfcd83997bdb2fe5d75b7c5a4d075171bec6,buy,0x12480e24eb5bec1a9d4369cab6a80cad3c0a377a,0xccd31a567af32dee4b9beecd824c2ffd2e612bf5990a59acba87774ddf18be80
382,0.08,0.000043728463297026,0x0069d24fb6c5bf1e2adb4e74f9324bce02a202dc,2017-10-26T11:34:34.000Z,0.000546605791212825,0x1eaa18a0e964d346f2b5182be3f97d7aab5145b9,buy,0x12480e24eb5bec1a9d4369cab6a80cad3c0a377a,0x67b392b466e10bad7db6aaa2cf57ef7297f86fe134ae1bd3f0af8b443d34731a
383,898.85,0.43864021533246933,0x0069d24fb6c5bf1e2adb4e74f9324bce02a202dc,2017-10-26T11:32:12.000Z,0.00048800157460362613,0x1eaa18a0e964d346f2b5182be3f97d7aab5145b9,buy,0x12480e24eb5bec1a9d4369cab6a80cad3c0a377a,0xde5d4d89f871a0a1d8286f8ac51cbc93e495c221b1185537224581a43e22289f
384,2006,0.96285994,0xc9d56287b414e1aa0963016aa721b527f095fd9c,2017-10-26T11:17:58.000Z,0.00047999,0x198fe2bb933a19574b8333db1f1d82d1caca28fa,buy,0x12480e24eb5bec1a9d4369cab6a80cad3c0a377a,0xc5523d755976b3c3aaf8ea9c8b0c0e08da513a57862c536466ab898ead372070
385,2000,0.976,0xd4b5652091f14ea5c3d189600b08b5ec3a9a718c,2017-10-26T11:17:58.000Z,0.000488,0xc9d56287b414e1aa0963016aa721b527f095fd9c,sell,0x12480e24eb5bec1a9d4369cab6a80cad3c0a377a,0xc5523d755976b3c3aaf8ea9c8b0c0e08da513a57862c536466ab898ead372070
386,100,0.0488,0xe6aa33b127ef8fe01a31ba076ed52483dc6e2fec,2017-10-26T11:09:57.000Z,0.000488,0x1eaa18a0e964d346f2b5182be3f97d7aab5145b9,buy,0x12480e24eb5bec1a9d4369cab6a80cad3c0a377a,0xc5ffd1bbf971ae587cfe98843cf8cfe52a2366d63b9e2e6181b8f048eafc4708
387,450,0.2196,0xbc9141a07ad197e3c9cf58641f5a4dcf0d365cb5,2017-10-26T10:09:23.000Z,0.000488,0x1eaa18a0e964d346f2b5182be3f97d7aab5145b9,buy,0x12480e24eb5bec1a9d4369cab6a80cad3c0a377a,0x45afc6e52efebacb0194bec72087c96c184ebb7aae7a75025472da004f30536c
388,2000,1.005938,0xb8578efc1c194e699209c9a553216194919ae865,2017-10-26T08:57:36.000Z,0.000502969,0xcc08ff30747fc169d2653dcb61cca932666508b6,buy,0x12480e24eb5bec1a9d4369cab6a80cad3c0a377a,0x14e69d1a1bfba40962ddb0b2507ca6154278dafe7f2d4abcf15821841cc9e14b
389,50,0.0244,0x35a380150ccd36ce574264752cfa0ffd87bc9a73,2017-10-26T07:48:39.000Z,0.000488,0x1eaa18a0e964d346f2b5182be3f97d7aab5145b9,buy,0x12480e24eb5bec1a9d4369cab6a80cad3c0a377a,0x3a787dcae6baa82810bb0d819b3699e934fb1074782d59dc52791a1c91764a3c
