,amount,amountBase,buyer,date,price,seller,side,tokenAddr,txHash
0,50,0.11,0x2fd4c73c123aea32f98d23beb4b2435a9d5249ff,2017-11-02T11:55:54.000Z,0.0022,0xe8923a76b34169d4e3982889f7525c110c4e7da3,buy,0xb64ef51c888972c908cfacf59b47c1afbc0ab8ac,0x9518af70529bde27895f51e1422d1e43397dd7b53098cd618f44d07b0444b789
1,150,0.225,0x2f2d920d4b142be2c025ecd9a2f48b14c515501f,2017-11-02T11:15:14.000Z,0.0015,0x2f2d920d4b142be2c025ecd9a2f48b14c515501f,sell,0xb64ef51c888972c908cfacf59b47c1afbc0ab8ac,0x2bf7f2836607898e2ea0cc82ca7e909f6a10f30668f2452bb3de823168496cda
2,60,0.09,0x2f2d920d4b142be2c025ecd9a2f48b14c515501f,2017-11-02T11:14:16.000Z,0.0015,0x2f2d920d4b142be2c025ecd9a2f48b14c515501f,sell,0xb64ef51c888972c908cfacf59b47c1afbc0ab8ac,0x2af4c0a16b6d5b7fe3fda64a02575c349042f40197d1b27f344c7514292d6778
3,40,0.088,0xdbbae39c54992479faac890e81eb4d8579b951d6,2017-11-02T11:08:15.000Z,0.0022,0x9381d0481ded41eb49f18f3066d6db046e290467,sell,0xb64ef51c888972c908cfacf59b47c1afbc0ab8ac,0x9a9397d79903cd31a744241a13d1ed619a84e1c4c45b20c857614c0838ae8a56
4,40,0.0892,0xdbbae39c54992479faac890e81eb4d8579b951d6,2017-11-02T11:06:01.000Z,0.00223,0x9381d0481ded41eb49f18f3066d6db046e290467,sell,0xb64ef51c888972c908cfacf59b47c1afbc0ab8ac,0x496e9e3e0b7842c6c973f5c7fdd992290b710d3c6f454d4bc86f51766e8aaf92
5,500,1.12,0xfbf7dc0756a9768d0c71aea5f8421f3b1eaee7d1,2017-11-02T10:58:13.000Z,0.00224,0x2f2d920d4b142be2c025ecd9a2f48b14c515501f,sell,0xb64ef51c888972c908cfacf59b47c1afbc0ab8ac,0x76b1bcedc92e09da34dce62e1753f7e288f964c9818ff8fd0c08fc3cfb5c0e77
6,40,0.092,0xdbbae39c54992479faac890e81eb4d8579b951d6,2017-11-02T10:48:01.000Z,0.0023,0x2f2d920d4b142be2c025ecd9a2f48b14c515501f,sell,0xb64ef51c888972c908cfacf59b47c1afbc0ab8ac,0x7796187f19cc33b1f4634d48e1de1c9779e24b7d7cd765b606f33d93dbe2ab21
7,877,1.99956,0xbb4de5faccab80d7bd87d61d86f5c360ff0899ce,2017-11-02T10:47:24.000Z,0.00228,0x2f2d920d4b142be2c025ecd9a2f48b14c515501f,sell,0xb64ef51c888972c908cfacf59b47c1afbc0ab8ac,0x4fe9791d242989c746d7a85d771397ac025c7d10c159ef7ae3e86a8e355d3e39
8,208,0.4368,0x2f2d920d4b142be2c025ecd9a2f48b14c515501f,2017-11-02T08:26:56.000Z,0.0021,0x7daf32693036787036d039162ef9437151130bcc,buy,0xb64ef51c888972c908cfacf59b47c1afbc0ab8ac,0x09b67a414a817d0e21949a5a8c2a1e34618203d14239b7c360fa65254a01e7d2
9,348.8,0.73248,0x2f2d920d4b142be2c025ecd9a2f48b14c515501f,2017-11-02T08:26:56.000Z,0.0021,0xa42e7220258adede7e13a5043c4d0141f13e990b,buy,0xb64ef51c888972c908cfacf59b47c1afbc0ab8ac,0xb785bd37864d234d45bc4af85eac070b422fdefdba455ff93c33c9b0caea48bf
10,828.45944651,1.6569188930222354,0xf732b16f5aee6cd2db5b30a7a3860764a48b19ff,2017-11-02T08:24:06.000Z,0.002000000000002698,0x650ad899deb88f384c2360b184d9f91cfba61c38,buy,0xb64ef51c888972c908cfacf59b47c1afbc0ab8ac,0x33d043a774cbf75a41a696a02cd9a7486a974738fddf6deade22f0c0f548b3d6
11,408.77417562,0.8175483512594947,0xf81ab81ca1a6a19cc7b69b2c7876ff6543060598,2017-11-02T08:23:14.000Z,0.00200000000004769,0x650ad899deb88f384c2360b184d9f91cfba61c38,buy,0xb64ef51c888972c908cfacf59b47c1afbc0ab8ac,0x5512de30739bf1658499d172515481c7f0fb7c6cdad427fd308bb9e1769b5d07
12,902.22154793,1.8044430958683824,0xf732b16f5aee6cd2db5b30a7a3860764a48b19ff,2017-11-02T08:13:51.000Z,0.002000000000009291,0x650ad899deb88f384c2360b184d9f91cfba61c38,buy,0xb64ef51c888972c908cfacf59b47c1afbc0ab8ac,0x183e140dddfcad23bcbb92bb5e0b966d00c3583984d45223079bcc0ff605d0b3
13,174.54482992,0.34908965984988766,0x603ad2cf7a65b3e3af598d6e884d9cd512056ddb,2017-11-02T07:04:33.000Z,0.0020000000000566483,0x650ad899deb88f384c2360b184d9f91cfba61c38,buy,0xb64ef51c888972c908cfacf59b47c1afbc0ab8ac,0x2df4bbed04081ab758cebd7fe0b158af42b3fa25f556e85e3b515a3122caf06e
14,20,0.04,0xb0b7e00edeb5aed457e2c9806329a1df79bf93c4,2017-11-02T06:36:21.000Z,0.002,0x8efdb5ee103c2295dab1410b4e3d1ed7a91584d4,buy,0xb64ef51c888972c908cfacf59b47c1afbc0ab8ac,0x42c2e823ca3030df47ca2a8aaed2f926c4c60e5e2b0d27c7e33b5ad6ad3e16bf
15,15,0.027,0xb0b7e00edeb5aed457e2c9806329a1df79bf93c4,2017-11-02T06:35:32.000Z,0.0018,0xaa5a8763179d7e24b0230e981cf7cd5d9fa7cff8,buy,0xb64ef51c888972c908cfacf59b47c1afbc0ab8ac,0x1d7d6c29a2032e7cffab1fe1bd6d42014d8e188fc9b5a8761c24f8d6eb89fef9
16,4.226,0.00748002,0xb0b7e00edeb5aed457e2c9806329a1df79bf93c4,2017-11-02T06:35:30.000Z,0.00177,0x254fb89e4cab71708eaab16e067ca8156a38e18a,buy,0xb64ef51c888972c908cfacf59b47c1afbc0ab8ac,0x5b5592fe46d58e474b642c6bc90d31e15a0befc38df7e7ada0c526becd49ba7c
17,0.0069974,0.000012385401139233,0xb0b7e00edeb5aed457e2c9806329a1df79bf93c4,2017-11-02T06:29:37.000Z,0.0017700004486284906,0x254fb89e4cab71708eaab16e067ca8156a38e18a,buy,0xb64ef51c888972c908cfacf59b47c1afbc0ab8ac,0x2fc7bf45eec83c68f2c95a792a8a61039b4d8ba0e78bf55206141a3ef8e76433
18,168.8,0.300464,0x603ad2cf7a65b3e3af598d6e884d9cd512056ddb,2017-11-02T04:07:07.000Z,0.00178,0x1c3e8eb946a641bf853b38dcd2ca09279f66105a,buy,0xb64ef51c888972c908cfacf59b47c1afbc0ab8ac,0x160eacb669ba6e56469d9cbf8b67c5d169500d9c9562c259fb5b06800b41e0fb
19,54.94816951,0.0972582600339481,0x116221199397373132f6bb48b38becf3a71049db,2017-11-02T04:07:07.000Z,0.0017700000000227141,0x254fb89e4cab71708eaab16e067ca8156a38e18a,buy,0xb64ef51c888972c908cfacf59b47c1afbc0ab8ac,0xb1169f90e27b66c4d551863f9460128f5a5fdc11fc1fe331d6d02eb7b5191f15
20,12.712,0.02237312,0x116221199397373132f6bb48b38becf3a71049db,2017-11-02T04:03:14.000Z,0.00176,0xfbf7dc0756a9768d0c71aea5f8421f3b1eaee7d1,buy,0xb64ef51c888972c908cfacf59b47c1afbc0ab8ac,0x3ca73dcf408ee8808ff8ed7f6a2a9668a12d5af33a729fd095297658e57a1f9a
21,140.81875827,0.24924920215170265,0xe2eabfc1e89a462bbd2ba188cd8a9591a9a0d04e,2017-11-02T03:49:59.000Z,0.0017700000000980172,0x254fb89e4cab71708eaab16e067ca8156a38e18a,buy,0xb64ef51c888972c908cfacf59b47c1afbc0ab8ac,0x393a2aecb901030dbb99c68e0cb4e6c9c12c682829ba39e2d6e2a0353d094f85
22,124.2879453,0.21874678372922793,0xe2eabfc1e89a462bbd2ba188cd8a9591a9a0d04e,2017-11-02T03:45:03.000Z,0.0017600000000098797,0xfbf7dc0756a9768d0c71aea5f8421f3b1eaee7d1,buy,0xb64ef51c888972c908cfacf59b47c1afbc0ab8ac,0xb86d750264ecd2a435f4802b29976f269644cf5054afa3db8c5039a6fb897ebf
23,0.70515789,0.00089202473085,0xbf1027944e14c417b299b3c0a6a8dd7a294ef9c7,2017-11-02T03:40:48.000Z,0.001265,0x372450f05197402bb65079b52ab5253238ca3a46,sell,0xb64ef51c888972c908cfacf59b47c1afbc0ab8ac,0x1b0583628d1cfb58c29ed10264d9fde9289110b576a871775404b392e40bcb61
24,208.87364899,0.3738838317063907,0x7daf32693036787036d039162ef9437151130bcc,2017-11-02T02:50:59.000Z,0.001790000000068418,0xfbf7dc0756a9768d0c71aea5f8421f3b1eaee7d1,buy,0xb64ef51c888972c908cfacf59b47c1afbc0ab8ac,0x1fbea5fdb22771bc47f93de520130ae93e8043347d7167b41f3feb6c4fa44ada
25,246.2,0.30775,0x254fb89e4cab71708eaab16e067ca8156a38e18a,2017-11-02T02:46:43.000Z,0.00125,0x372450f05197402bb65079b52ab5253238ca3a46,sell,0xb64ef51c888972c908cfacf59b47c1afbc0ab8ac,0xfb37cec2cc4b5b16914e10c607ab1db7efa98980e49ee5960b3df7e0febd31c7
26,13,0.0182,0xa0aa7415f66819ff2d45044b5af164c321ca46bd,2017-11-02T02:43:55.000Z,0.0014,0x372450f05197402bb65079b52ab5253238ca3a46,sell,0xb64ef51c888972c908cfacf59b47c1afbc0ab8ac,0xb19bf0bc5773bb6823249f3a552cd633372451bdc850bb3ccaa4b7e3d2270743
27,112,0.20048,0xe8923a76b34169d4e3982889f7525c110c4e7da3,2017-11-02T01:23:59.000Z,0.00179,0xfbf7dc0756a9768d0c71aea5f8421f3b1eaee7d1,buy,0xb64ef51c888972c908cfacf59b47c1afbc0ab8ac,0xda6c88ef0078381effe62fe42bcc6b7865944b87f7c39e30b57d80bec182b31e
28,69.4066809,0.12423795882763433,0xb0b7e00edeb5aed457e2c9806329a1df79bf93c4,2017-11-02T01:14:05.000Z,0.0017900000002396648,0xfbf7dc0756a9768d0c71aea5f8421f3b1eaee7d1,buy,0xb64ef51c888972c908cfacf59b47c1afbc0ab8ac,0x6e3f41ae2bc25b68414aac1854d5c30291d66651402ccc1a7489b7fd6337cf33
29,100,0.179,0xb0b7e00edeb5aed457e2c9806329a1df79bf93c4,2017-11-02T00:55:29.000Z,0.00179,0xfbf7dc0756a9768d0c71aea5f8421f3b1eaee7d1,buy,0xb64ef51c888972c908cfacf59b47c1afbc0ab8ac,0x11382b869e44065d35aa1fb34e11ec814410c3ceed54664e0072d4ebccb8026c
30,15,0.024,0x273a5d3e6721b9f5c1a6474f560c1334c63dda01,2017-11-02T00:25:54.000Z,0.0016,0xaa5a8763179d7e24b0230e981cf7cd5d9fa7cff8,buy,0xb64ef51c888972c908cfacf59b47c1afbc0ab8ac,0x99205764bc28bd583a3bf6d24976b1f0a3b17ca174273a45368ae2c686477e29
31,14.955,0.0248253,0x2d9016f7c05c598180b411e69e1dc43a25074e32,2017-11-02T00:25:54.000Z,0.00166,0x273a5d3e6721b9f5c1a6474f560c1334c63dda01,sell,0xb64ef51c888972c908cfacf59b47c1afbc0ab8ac,0x99205764bc28bd583a3bf6d24976b1f0a3b17ca174273a45368ae2c686477e29
32,634.591,1.04707515,0xf732b16f5aee6cd2db5b30a7a3860764a48b19ff,2017-11-02T00:24:48.000Z,0.00165,0x474f6f7233829b81d6f59edfd77d7d343534d7b8,buy,0xb64ef51c888972c908cfacf59b47c1afbc0ab8ac,0x24af5f5c5423f9f67568e7f648262ce369e2925e5773ca824dd8f7a60e2402d3
33,1430,2.3595,0xced732ca92cb4f040239c4e8c85f14acbb5db000,2017-11-02T00:20:55.000Z,0.00165,0x474f6f7233829b81d6f59edfd77d7d343534d7b8,buy,0xb64ef51c888972c908cfacf59b47c1afbc0ab8ac,0x4a761ad7869101eb3c3b98c66aa798770e1331e491998a409da335892a6eec3c
34,65,0.10075,0xf732b16f5aee6cd2db5b30a7a3860764a48b19ff,2017-11-02T00:19:33.000Z,0.00155,0x3dee4a4e076e8d82859d241db0baf46f112cfa23,buy,0xb64ef51c888972c908cfacf59b47c1afbc0ab8ac,0xc534a064fd9b8d6e515c1657e0c2281f63397612747b5c4b823c32fe891eeee2
35,300,0.474,0xf732b16f5aee6cd2db5b30a7a3860764a48b19ff,2017-11-02T00:18:18.000Z,0.00158,0x1c3e8eb946a641bf853b38dcd2ca09279f66105a,buy,0xb64ef51c888972c908cfacf59b47c1afbc0ab8ac,0xf7b6547963c1e8bb6c349639e88d1adf5dd5bb2c8a1c6b0b452365c23bffe0f5
36,100,0.1565,0xf732b16f5aee6cd2db5b30a7a3860764a48b19ff,2017-11-02T00:18:18.000Z,0.001565,0x1c3e8eb946a641bf853b38dcd2ca09279f66105a,buy,0xb64ef51c888972c908cfacf59b47c1afbc0ab8ac,0x432806dbf5eb751abb7f489e829f035697cb5cfdd90274f464f47d978c702910
37,200,0.313,0xf44072eda87ede9613b6ae1b812de8a60ade27a2,2017-11-01T21:09:37.000Z,0.001565,0x1c3e8eb946a641bf853b38dcd2ca09279f66105a,buy,0xb64ef51c888972c908cfacf59b47c1afbc0ab8ac,0x84f7058939047fc6f73d29bfb48c7599a73969194f1d8b476d5a8d354b863f5b
38,199.4,0.317046,0xc9c7bfaab66d0152dee0ed8609f9ce5026943886,2017-11-01T21:09:37.000Z,0.00159,0xf44072eda87ede9613b6ae1b812de8a60ade27a2,sell,0xb64ef51c888972c908cfacf59b47c1afbc0ab8ac,0x84f7058939047fc6f73d29bfb48c7599a73969194f1d8b476d5a8d354b863f5b
39,21,0.02635523121,0x0b946efae53975b97a0d1d02f75fabf55d0d6a96,2017-11-01T02:20:32.000Z,0.00125501101,0x993297f85da44df0256721eb98f191f37be2847c,sell,0xb64ef51c888972c908cfacf59b47c1afbc0ab8ac,0xe04031f1971f33ade00038503763533313bfa43a2d8e5a72e5b68ee7beb02583
40,300,0.498,0xa8ebce443fddd76cc1ab018d96b4f5e3b629f1e6,2017-10-31T15:04:50.000Z,0.00166,0x1c3e8eb946a641bf853b38dcd2ca09279f66105a,buy,0xb64ef51c888972c908cfacf59b47c1afbc0ab8ac,0xb2201253080ce91895651410d05c75de1a718a991fd9920f2b2d8e42406267cd
41,30.285,0.05057595,0xa8ebce443fddd76cc1ab018d96b4f5e3b629f1e6,2017-10-31T13:55:12.000Z,0.00167,0xfbf7dc0756a9768d0c71aea5f8421f3b1eaee7d1,buy,0xb64ef51c888972c908cfacf59b47c1afbc0ab8ac,0x3e84d4dce087722af9bcfd78b92fbe735ac0cb97c483e9afd686dba57ebb8cff
42,99.69095803,0.1664838999106818,0x15ee878a11e0a7e3ec2acb4d25b80ada784cc9fd,2017-10-31T13:28:00.000Z,0.001670000000005836,0xfbf7dc0756a9768d0c71aea5f8421f3b1eaee7d1,buy,0xb64ef51c888972c908cfacf59b47c1afbc0ab8ac,0x2af3cdd611f9eaf4edb8c363c10510619348e3be476c503820157ac50283ce95
43,0.00000242,0.000000004049225345,0x15ee878a11e0a7e3ec2acb4d25b80ada784cc9fd,2017-10-31T13:23:19.000Z,0.0016732336136363636,0xfbf7dc0756a9768d0c71aea5f8421f3b1eaee7d1,buy,0xb64ef51c888972c908cfacf59b47c1afbc0ab8ac,0xc807d8c51237ef1581fb9640491edeae6e562656e0fdf0314e51da1e050ced11
44,0.02432202,0.00004061777943067,0x15ee878a11e0a7e3ec2acb4d25b80ada784cc9fd,2017-10-31T13:21:03.000Z,0.0016700002479510337,0xfbf7dc0756a9768d0c71aea5f8421f3b1eaee7d1,buy,0xb64ef51c888972c908cfacf59b47c1afbc0ab8ac,0xac0d557e90582a2a7bd453d1e158eac1a932b17eb6863d338093265369717bc6
45,756,0.09828,0xd815bbdb973fcfae73f27ddc9a135e377028c1c5,2017-10-31T12:38:49.000Z,0.00013,0x8a424781254908e4bc40db921f969218eef3c81a,buy,0xb64ef51c888972c908cfacf59b47c1afbc0ab8ac,0x966e73fc50336fe60f105c6fc78e6c74d5a86d0fb2b0edb5a4ebced08dc249fc
46,753.73878364,0.94217347955,0xfbf7dc0756a9768d0c71aea5f8421f3b1eaee7d1,2017-10-31T12:38:49.000Z,0.00125,0xd815bbdb973fcfae73f27ddc9a135e377028c1c5,sell,0xb64ef51c888972c908cfacf59b47c1afbc0ab8ac,0x966e73fc50336fe60f105c6fc78e6c74d5a86d0fb2b0edb5a4ebced08dc249fc
47,29.35109221,0.03668918812451431,0xf7c8850c080d7d86e12207128f54f48d6b4c26f0,2017-10-31T11:41:27.000Z,0.001250011,0xfdf7c01650ea64dae1496d7be373af4c060d13a7,sell,0xb64ef51c888972c908cfacf59b47c1afbc0ab8ac,0x4eb9f9243047c07b20de8e534f54649c56481338bc5830674e45dab644a3b554
48,15,0.0195,0x706ab4a376f9b042448b99ff6e6851baf4890f01,2017-10-31T11:40:09.000Z,0.0013,0xfdf7c01650ea64dae1496d7be373af4c060d13a7,sell,0xb64ef51c888972c908cfacf59b47c1afbc0ab8ac,0xc85d1ef67a8aef4ad1d5b7a55a4265ecc74e87441d0e02b470be032726628f31
49,0.01,0.000017,0x0c4085d8e714ca77ac5f46cd2b80a92d238a7cd3,2017-10-31T01:29:20.000Z,0.0017,0x8a424781254908e4bc40db921f969218eef3c81a,buy,0xb64ef51c888972c908cfacf59b47c1afbc0ab8ac,0x35177cacb359cc9c679e6548fd30d2016e39525b61171011d68e7df225a0fb59
50,3.94934115,0.00513849171960615,0x700dc328983cc7117564c3c3c142fbf1f7010752,2017-10-30T21:37:12.000Z,0.001301101,0x50240902b1bd6d93746f19a68d0b3af50f887b93,sell,0xb64ef51c888972c908cfacf59b47c1afbc0ab8ac,0xb46f7a69eeb6d22f1878cd61e25c7a999152b406c311d780c3b14cb2e73f5a84
51,106.2868264,0.14880155696,0xa3c55cdef38319e613f7b0593b224448944a9b1d,2017-10-30T07:44:29.000Z,0.0014,0x01ac7aef192ee2637afa390c4fbcfc92a00604a6,sell,0xb64ef51c888972c908cfacf59b47c1afbc0ab8ac,0x5cc367ab6ca6bb7b996e9bb7216135ff74266fd7365982131816683478e8c9c4
52,50.3201736,0.07044824304,0xa3c55cdef38319e613f7b0593b224448944a9b1d,2017-10-30T04:57:25.000Z,0.0014,0xd0c59eaf60315b0c92ed9ba0f47e5141449b5806,sell,0xb64ef51c888972c908cfacf59b47c1afbc0ab8ac,0x14ef3831a5cc4d193bfc02bc7cb6dd8d2045e0bdc8a9ab1bb662b98a6ad87c30
53,0.393,0.0005502,0xa3c55cdef38319e613f7b0593b224448944a9b1d,2017-10-30T03:02:04.000Z,0.0014,0x16e5d97bbc92417e051e3b2cabfbf8ceea2acb9c,sell,0xb64ef51c888972c908cfacf59b47c1afbc0ab8ac,0x01f12ba33458ede53660803c7ac7352416558c91a101469d1c47f09b75c0699c
54,57.75994417,0.075151463359587,0x3dee4a4e076e8d82859d241db0baf46f112cfa23,2017-10-29T21:20:54.000Z,0.0013011,0xb00548770ea87482f024cd4292a975fea72e8f01,sell,0xb64ef51c888972c908cfacf59b47c1afbc0ab8ac,0x4048a8131fb0067a0797f5b43d6a00ca24271fbae1e23e5c12efb85f577ee0aa
55,87,0.1249407,0x52d250b8ac3d131861803092da64af2bbd673852,2017-10-29T21:19:38.000Z,0.0014361,0xb00548770ea87482f024cd4292a975fea72e8f01,sell,0xb64ef51c888972c908cfacf59b47c1afbc0ab8ac,0xa2606f57c5df16758a20dba4ce6d4064b4d432230d49414409dda2fe85de31c5
56,300,0.429,0x1c3e8eb946a641bf853b38dcd2ca09279f66105a,2017-10-29T21:19:38.000Z,0.00143,0xb00548770ea87482f024cd4292a975fea72e8f01,sell,0xb64ef51c888972c908cfacf59b47c1afbc0ab8ac,0x8cec42982f2e8df74cc0b402c77213531f519794f6e661a431133614f5710cd2
57,300,0.4308,0x1c3e8eb946a641bf853b38dcd2ca09279f66105a,2017-10-29T21:19:38.000Z,0.001436,0xb00548770ea87482f024cd4292a975fea72e8f01,sell,0xb64ef51c888972c908cfacf59b47c1afbc0ab8ac,0x056538cfe25ef47c847eec5ee9e39f2fb52410a845039e885c9ab21d78ebb84f
58,566,1.1885434,0x249c83e6a48fa43c2f0cfbedfeaac4709a674550,2017-10-29T19:50:09.000Z,0.0020999,0x650ad899deb88f384c2360b184d9f91cfba61c38,buy,0xb64ef51c888972c908cfacf59b47c1afbc0ab8ac,0x2001a617ca331bdf541ff5e96828a8702417dd23ec95172f0f04e5a5fa3db3af
59,177.98,0.3524004,0x249c83e6a48fa43c2f0cfbedfeaac4709a674550,2017-10-29T19:48:12.000Z,0.00198,0x1c3e8eb946a641bf853b38dcd2ca09279f66105a,buy,0xb64ef51c888972c908cfacf59b47c1afbc0ab8ac,0xe1abf266d1a6141f8b313bf48eeaa53d4386ce540ce50af11bcc1038906f7762
60,68.60312965,0.10976500744,0xa3c55cdef38319e613f7b0593b224448944a9b1d,2017-10-29T07:13:32.000Z,0.0016,0x402a308b2494cff493a142fae98889ba6466bfa4,sell,0xb64ef51c888972c908cfacf59b47c1afbc0ab8ac,0xa872d04324fa8e8d6df5199c6eeef3f28183fdcedd07c4eebb5b102f25ec50a7
61,7.24363919,0.0102215716974009,0x3dee4a4e076e8d82859d241db0baf46f112cfa23,2017-10-29T04:07:35.000Z,0.00141111,0xf547ea0e553b3852e42760818a98aa732854a4e3,sell,0xb64ef51c888972c908cfacf59b47c1afbc0ab8ac,0xc06a4f6c35eea93906cae28e021db3914e530dadbd41c484094443751d686701
62,3.96770012,0.0056341341704,0xfbf7dc0756a9768d0c71aea5f8421f3b1eaee7d1,2017-10-29T02:59:41.000Z,0.00142,0xa9bd188a75fb4537ce8dd30de3aa2764156bc2ed,sell,0xb64ef51c888972c908cfacf59b47c1afbc0ab8ac,0xa5c788f2ae77bcb1da0e02ebfd542555f98fe8d516e2bd5ac05b03f2f43fd6b0
63,443.1744,0.8863488,0x3acea4869e97beab7b7714eda5e30d95c2058587,2017-10-29T01:52:47.000Z,0.002,0x402a308b2494cff493a142fae98889ba6466bfa4,buy,0xb64ef51c888972c908cfacf59b47c1afbc0ab8ac,0xa7c82ea2e9cb61f6a90e3d01f149301c8ebc2ad8eb25dd84222825c19a82fabb
64,0.24390243,0.0005,0xe444a40689f51f63bcd29910622035707d533d29,2017-10-28T21:03:51.000Z,0.0020500000758500027,0x3123cb43a4c0dd6793166a589a0ce850d6dd4010,buy,0xb64ef51c888972c908cfacf59b47c1afbc0ab8ac,0x2cf980e783f0c861a31558b349626319ef2d98620559368c5e71898ee066cca0
65,0.24390243,0.0005,0x34f9560c63078eb61872a4dc2ccd20e21c34feaf,2017-10-28T21:02:49.000Z,0.0020500000758500027,0x3123cb43a4c0dd6793166a589a0ce850d6dd4010,buy,0xb64ef51c888972c908cfacf59b47c1afbc0ab8ac,0x388590b10ba91a6a5ea04a608eff4ef1f033035ad03527d85d3ca9cba2544cd7
66,49.90750934,0.069870513076,0xf80afd06fc0fb611bb04ba6e7aeb8cc75e4da72e,2017-10-28T20:22:15.000Z,0.0014,0x009a12d4290630bc01fd82516ac57c1dc6a9bcfb,sell,0xb64ef51c888972c908cfacf59b47c1afbc0ab8ac,0x908a509aa4f47b415dfe18753990dddad40410640b15df39e7ec19a7c3962904
67,3.65365368,0.006759259308,0x650ad899deb88f384c2360b184d9f91cfba61c38,2017-10-28T20:19:27.000Z,0.00185,0x009a12d4290630bc01fd82516ac57c1dc6a9bcfb,sell,0xb64ef51c888972c908cfacf59b47c1afbc0ab8ac,0x32e5e5d3ecdeeea5c26d461738bb5fc5b89bec2308816545dfb3515a7111c1ee
68,48.51450674,0.087326112132,0xbe63e35a572761d54625f39a09f93b2214aa5c29,2017-10-28T20:19:22.000Z,0.0018,0x009a12d4290630bc01fd82516ac57c1dc6a9bcfb,sell,0xb64ef51c888972c908cfacf59b47c1afbc0ab8ac,0xd31d664ee02a947ec51ffa3612c62ce9b0c15ec4a0f7128eac32afd73e46d35b
69,102.38688752,0.16402379380704,0x009a12d4290630bc01fd82516ac57c1dc6a9bcfb,2017-10-28T17:18:27.000Z,0.001602,0x1ed014aec47fae44c9e55bac7662c0b78ae61798,sell,0xb64ef51c888972c908cfacf59b47c1afbc0ab8ac,0x75921cd354e25c5fec69bee44d2d6f96a339804490ab3f0cea5bee4b55df525c
70,300,0.6297,0xb6307dcae90864128cd46f3d33055981814373d6,2017-10-28T16:27:51.000Z,0.002099,0x650ad899deb88f384c2360b184d9f91cfba61c38,buy,0xb64ef51c888972c908cfacf59b47c1afbc0ab8ac,0x54887819cac9510634aa336c4c35f2d656475f667442cd358ee1f414ed4b48a2
71,99.69095803,0.179443724454,0xbe63e35a572761d54625f39a09f93b2214aa5c29,2017-10-28T13:59:00.000Z,0.0018,0x00b3d1a0f7ec70e3f29086a92da6010a98f90e53,sell,0xb64ef51c888972c908cfacf59b47c1afbc0ab8ac,0x82fc5af11271326662900947778c8d7a515f4247bc3edbc9a60fcc25818a6038
72,1223.10593954,2.21504485650694,0x650ad899deb88f384c2360b184d9f91cfba61c38,2017-10-28T11:23:42.000Z,0.001811,0x9778550d76b07ac9f5e57392f68ecdf6efc1774e,sell,0xb64ef51c888972c908cfacf59b47c1afbc0ab8ac,0x02c429e4fc04e27c2cc91bb04e3cd6b4f0ebb9d3857d1ff8b5f7f27acd518088
73,576.89406046,1.04475514349306,0x650ad899deb88f384c2360b184d9f91cfba61c38,2017-10-28T10:15:24.000Z,0.001811,0x9778550d76b07ac9f5e57392f68ecdf6efc1774e,sell,0xb64ef51c888972c908cfacf59b47c1afbc0ab8ac,0xc03470d58451156139dc9d86235a4c340abc0f9054b4847936bdae20999cef90
74,924.3204147,1.709992767195,0x650ad899deb88f384c2360b184d9f91cfba61c38,2017-10-28T08:48:17.000Z,0.00185,0x9778550d76b07ac9f5e57392f68ecdf6efc1774e,sell,0xb64ef51c888972c908cfacf59b47c1afbc0ab8ac,0xcbb8f0143d0c31db711e9c2a300f240f606c1dcabeae003e6c7d206ce4983fd0
75,897.21862227,1.6598544511995,0x650ad899deb88f384c2360b184d9f91cfba61c38,2017-10-28T02:50:39.000Z,0.00185,0xef66384848890f9d9bdb3f6cde9a4481fff69d25,sell,0xb64ef51c888972c908cfacf59b47c1afbc0ab8ac,0xcf62f21e17878f4fa27c7008dd8db43a3b65c6effb920436b6028583d2d9cbea
76,174.80730935,0.3233935222975,0x650ad899deb88f384c2360b184d9f91cfba61c38,2017-10-28T02:38:02.000Z,0.00185,0x7d5b1cc5b58494fc8f6ffee039a646343cb36cf3,sell,0xb64ef51c888972c908cfacf59b47c1afbc0ab8ac,0x0ce1187074105765d52afa3177cd50bfcda9a8d07c02d33cec7f7dcd51533f4d
77,225.213,0.4729473,0xa0aa7415f66819ff2d45044b5af164c321ca46bd,2017-10-27T21:23:58.000Z,0.0021,0x52d250b8ac3d131861803092da64af2bbd673852,sell,0xb64ef51c888972c908cfacf59b47c1afbc0ab8ac,0xd886c4d53b63773ab449a5fe836c75870a0fbc537c43e79aabeeb669c0bf1b32
78,10.13121201,0.02127554523250734,0x7d5b1cc5b58494fc8f6ffee039a646343cb36cf3,2017-10-27T21:15:41.000Z,0.0021000000011358304,0x52d250b8ac3d131861803092da64af2bbd673852,buy,0xb64ef51c888972c908cfacf59b47c1afbc0ab8ac,0x74eee8693cafbc1b8aacd8deab6f717e2df9d520e6810b7a6f4c44ddf53b7951
79,165.218,0.3487917198,0x7d5b1cc5b58494fc8f6ffee039a646343cb36cf3,2017-10-27T21:14:00.000Z,0.0021111,0xf43ca95cbae4ce125533b4e92e2aa6eb9c6e7aff,buy,0xb64ef51c888972c908cfacf59b47c1afbc0ab8ac,0x4614b3ddb5786c8b324b8e54530088c6fc76d44b7c553e7b56713a47a6937f81
80,6.78696042,0.014252616882,0xa0aa7415f66819ff2d45044b5af164c321ca46bd,2017-10-27T21:12:02.000Z,0.0021,0x0438ab50790e80e2d4e3ed8f810aa05265c49c63,sell,0xb64ef51c888972c908cfacf59b47c1afbc0ab8ac,0x3be1a896d1f843e060b5f563f7fad16de9a2571dce50783914f784a201665366
81,250,0.5,0xb8b2bdfbde4d3c6a92efade196a8d3b264dd285c,2017-10-27T20:07:31.000Z,0.002,0x116742c872f990da1b9be41ad0cf155863bf01df,sell,0xb64ef51c888972c908cfacf59b47c1afbc0ab8ac,0xe93a051ad43d24ba5d4fb524338f8fb46a9b56cc47f74318ae9126f7f1b4b6e1
82,509.46864719,0.917043564942,0xbe63e35a572761d54625f39a09f93b2214aa5c29,2017-10-27T19:35:01.000Z,0.0018,0xddc34b558f1e690755eb0d6e52225c990c4caad8,sell,0xb64ef51c888972c908cfacf59b47c1afbc0ab8ac,0xa82538dc76ccc2ee812ab18cf3061be612b4d8275f3891bca04977c827cb727c
83,11,0.0231,0x1d886becdbe02398a9f9b6cf7feb55c1a9509e39,2017-10-27T18:09:06.000Z,0.0021,0x52d250b8ac3d131861803092da64af2bbd673852,buy,0xb64ef51c888972c908cfacf59b47c1afbc0ab8ac,0xd1098c75627320c02c0c5b9cfd7476253014a7eaa58d6f9f77667b1715365e79
84,195,0.4095,0x1d886becdbe02398a9f9b6cf7feb55c1a9509e39,2017-10-27T18:03:16.000Z,0.0021,0x52d250b8ac3d131861803092da64af2bbd673852,buy,0xb64ef51c888972c908cfacf59b47c1afbc0ab8ac,0x92e05ce1da9629f5a8f0d0f63faff4ad7fb7d39df21535440a6c5017cd6b60f5
85,47,0.0987,0x87eb8e079ded802c2ee2b34af5641884ae5aec05,2017-10-27T17:59:48.000Z,0.0021,0x52d250b8ac3d131861803092da64af2bbd673852,buy,0xb64ef51c888972c908cfacf59b47c1afbc0ab8ac,0x78809aa456952619e7c3a4a1a4093b73d416b21ade2552eb8a36613d7deab767
86,295,0.61655,0x1d886becdbe02398a9f9b6cf7feb55c1a9509e39,2017-10-27T17:52:59.000Z,0.00209,0xfbf7dc0756a9768d0c71aea5f8421f3b1eaee7d1,buy,0xb64ef51c888972c908cfacf59b47c1afbc0ab8ac,0xca28754db9d2b7e1eb3aee4c7e9894287188d3a36271a5de2c2066a6c2b9a2e7
87,128.45405111,0.231217291998,0xbe63e35a572761d54625f39a09f93b2214aa5c29,2017-10-27T17:32:54.000Z,0.0018,0x18252de7ae25ff919a72de5b3ab0df8cf3ca4d80,sell,0xb64ef51c888972c908cfacf59b47c1afbc0ab8ac,0xa943e581a044a94e20e3d3b8a05cf1a0d339f78d1ff01cbf439903f31dcedd6d
88,19.87183693,0.035769306474,0xbe63e35a572761d54625f39a09f93b2214aa5c29,2017-10-27T16:43:00.000Z,0.0018,0x618f2199e1baf3d9f5f7625ebd2c61df6092f007,sell,0xb64ef51c888972c908cfacf59b47c1afbc0ab8ac,0x9fcfb94edf54088d27689b7f25f54e67da9d6e5ac8258dc671b790b07037450c
89,50,0.09,0x706ab4a376f9b042448b99ff6e6851baf4890f01,2017-10-27T12:56:07.000Z,0.0018,0xf43ca95cbae4ce125533b4e92e2aa6eb9c6e7aff,sell,0xb64ef51c888972c908cfacf59b47c1afbc0ab8ac,0x3c16795ca925703097dbd16ca907b95a58a23b03e3bd8e363c5a3b6752f850c7
90,75.40568237,0.1358063880051937,0xa7e2affd54d9107bb4eeb951ee5a97bf240961fb,2017-10-27T12:55:46.000Z,0.00180101,0xf43ca95cbae4ce125533b4e92e2aa6eb9c6e7aff,sell,0xb64ef51c888972c908cfacf59b47c1afbc0ab8ac,0xfc443ac99177107b34ac8347829c0789f2be402f6354f24f1edd02f98221e78b
91,97.19868407,0.1750558019969107,0xa7e2affd54d9107bb4eeb951ee5a97bf240961fb,2017-10-27T12:53:22.000Z,0.00180101,0x5f4e21c3c3c7225b65981d6ee772696f809ccc37,sell,0xb64ef51c888972c908cfacf59b47c1afbc0ab8ac,0x0b501e91daaffbca9cec6ae3efbbe9f3473d2de580bd55406445b027734dbb4c
92,4.70467553,0.0084731676762853,0xa7e2affd54d9107bb4eeb951ee5a97bf240961fb,2017-10-27T12:27:16.000Z,0.00180101,0x9367c27fb007430a71e424fdd6cc3fe2af1d16b0,sell,0xb64ef51c888972c908cfacf59b47c1afbc0ab8ac,0x1a8616b12af59c754660c3fd515ff469a1daa1e49d1ce6c459747acd93b0a6ad
93,99.69095803,0.1795444123216103,0xa7e2affd54d9107bb4eeb951ee5a97bf240961fb,2017-10-27T12:17:21.000Z,0.00180101,0xf230d122c24af3b44e13fc3ba56e24c681f7b466,sell,0xb64ef51c888972c908cfacf59b47c1afbc0ab8ac,0x1b8cc98e9d04fc552ecb30b2fa114b111c226940f907f99c2e11580a94f4083b
94,294.5,0.562495,0xfbf7dc0756a9768d0c71aea5f8421f3b1eaee7d1,2017-10-27T11:02:52.000Z,0.00191,0xf43ca95cbae4ce125533b4e92e2aa6eb9c6e7aff,buy,0xb64ef51c888972c908cfacf59b47c1afbc0ab8ac,0x711608615be671adac81fc79eec70d035bc010faa01f76b824bfb7136f8b3df9
95,5.5,0.010505,0x83185ffbc3f8eb577ad6ec2093a2045df102c8f9,2017-10-27T10:31:56.000Z,0.00191,0xf43ca95cbae4ce125533b4e92e2aa6eb9c6e7aff,buy,0xb64ef51c888972c908cfacf59b47c1afbc0ab8ac,0x322695e50b354e669fa95c6e3c0961ca6290693e3b187b0a2e0cc2cd02d3a3f2
96,66,0.1353,0x73f865544e6525c8a1012042e6cd6dfd748ae98c,2017-10-27T09:54:56.000Z,0.00205,0xf43ca95cbae4ce125533b4e92e2aa6eb9c6e7aff,buy,0xb64ef51c888972c908cfacf59b47c1afbc0ab8ac,0xe5b9d331a18386b074906c1d2a435605a59b53a230d235b1600585593dc6d08a
97,100,0.205,0xf230d122c24af3b44e13fc3ba56e24c681f7b466,2017-10-27T08:58:58.000Z,0.00205,0xf43ca95cbae4ce125533b4e92e2aa6eb9c6e7aff,buy,0xb64ef51c888972c908cfacf59b47c1afbc0ab8ac,0x55ec29856ebf10b45ee8961948f8155fb4a7e1e6c762ae2c287b438b6cc5015d
98,149.836,0.3146556,0x9381d0481ded41eb49f18f3066d6db046e290467,2017-10-27T08:54:38.000Z,0.0021,0xd6cb136b2d8a4b256f744a3e952e33c1e5f27aeb,buy,0xb64ef51c888972c908cfacf59b47c1afbc0ab8ac,0x7377a726c68d235082f8daf7f5e80d166c1839426edfd188947b028a05e783d2
99,0.05473169,0.000114936559788968,0xe4b1cfcdaafe1ab06d3ca330bf002c5962ffa9b3,2017-10-27T08:24:59.000Z,0.0021000001971247005,0xd6cb136b2d8a4b256f744a3e952e33c1e5f27aeb,buy,0xb64ef51c888972c908cfacf59b47c1afbc0ab8ac,0x16e2aabbce4a0043c8214aec142ad8798fbdca96f2c0ebaaf6773870c754e2e7
100,38,0.095,0x07d1e66cb4a93e96223691f09fdc308781ef9279,2017-10-27T07:32:33.000Z,0.0025,0x402a308b2494cff493a142fae98889ba6466bfa4,buy,0xb64ef51c888972c908cfacf59b47c1afbc0ab8ac,0xe50070fca44953dd388b9169e2033ac3bce8075ac3b97801ac63a471e656db8f
101,1.383,0.0030426,0x07d1e66cb4a93e96223691f09fdc308781ef9279,2017-10-27T07:29:55.000Z,0.0022,0x402a308b2494cff493a142fae98889ba6466bfa4,buy,0xb64ef51c888972c908cfacf59b47c1afbc0ab8ac,0xfd4df4f4d32a432ebf3017115632ab4cdc9cf67d98fc2ef48b45cf5662a1bf51
102,1096.10208354,1.87543066493694,0x009a12d4290630bc01fd82516ac57c1dc6a9bcfb,2017-10-27T05:44:23.000Z,0.001711,0x739eb2b1ef52df7eb8666d70b1608118af8c2e30,sell,0xb64ef51c888972c908cfacf59b47c1afbc0ab8ac,0x6c2925310d05a0945de7baf0cc19769bbd83df1f3c432dcc00847e44e81d1bc5
103,70.07012298,0.11988998041878,0x009a12d4290630bc01fd82516ac57c1dc6a9bcfb,2017-10-27T04:49:57.000Z,0.001711,0x3dee4a4e076e8d82859d241db0baf46f112cfa23,sell,0xb64ef51c888972c908cfacf59b47c1afbc0ab8ac,0xd2539e641e1470240de2858c2c772c03211e42bbd9957bb0505ab3d29060bf98
104,3.28764042,0.00562515275862,0x009a12d4290630bc01fd82516ac57c1dc6a9bcfb,2017-10-27T04:06:39.000Z,0.001711,0xe5c79c03196e61970fcddb874d69208434221577,sell,0xb64ef51c888972c908cfacf59b47c1afbc0ab8ac,0x2d08ee3edf32feefe14eec40d5c819308d09cfb27b10dadc8bed997574845624
105,498.61680064,1.0969569614195993,0xcbeed13999e71b985987c3a7f41b30f6ab321aca,2017-10-27T02:56:03.000Z,0.0022000000000232628,0x402a308b2494cff493a142fae98889ba6466bfa4,buy,0xb64ef51c888972c908cfacf59b47c1afbc0ab8ac,0xc72f26dea228a52c1a6004636ca706db93c96c9d89d549ae9f8f82b74a4b9723
106,100,0.5,0xe83ed3431fe5974e009ed12794551a8cfba086bc,2017-10-27T02:40:51.000Z,0.005,0xa7e2affd54d9107bb4eeb951ee5a97bf240961fb,buy,0xb64ef51c888972c908cfacf59b47c1afbc0ab8ac,0x59589bc004c8f1e9db8eacca05b50ea0332ff6b086e4b54158f6f067ff831dab
107,5.473,0.015428387,0xe83ed3431fe5974e009ed12794551a8cfba086bc,2017-10-27T02:40:20.000Z,0.002819,0x83185ffbc3f8eb577ad6ec2093a2045df102c8f9,buy,0xb64ef51c888972c908cfacf59b47c1afbc0ab8ac,0x9a79c5316812a4fdb3d074d282f4d770fa51498e71939456aa67b1cc2138e367
108,0.99997547,0.0024999186754906,0xe83ed3431fe5974e009ed12794551a8cfba086bc,2017-10-27T02:39:53.000Z,0.00249998,0x2475fe4d7a9d7d2e7908baf6697b801596bf5148,buy,0xb64ef51c888972c908cfacf59b47c1afbc0ab8ac,0x9c30d5e09ac801b2aead84c91f7e8e77bf5d50f67e0d554fa6c8c2fd14635051
109,7.16721147,0.01791802150778853,0xe83ed3431fe5974e009ed12794551a8cfba086bc,2017-10-27T02:39:21.000Z,0.002499999,0xe80b1d89f33e75069475d2804d1a989ec4c3862c,buy,0xb64ef51c888972c908cfacf59b47c1afbc0ab8ac,0x274473cbc82e9fb7539e6f274383fcb64d7a0d1b5abca71b68a6e006b27693a8
110,10,0.025,0xe83ed3431fe5974e009ed12794551a8cfba086bc,2017-10-27T02:35:37.000Z,0.0025,0x4c8981d5b40c7e7a62baee91faf0249a284086c2,buy,0xb64ef51c888972c908cfacf59b47c1afbc0ab8ac,0xe62a956665adbe178c42304d9e86535de503a2bc11424882f4d218494576006f
111,8,0.01856,0xe83ed3431fe5974e009ed12794551a8cfba086bc,2017-10-27T02:33:58.000Z,0.00232,0x7616bb991081160eb20ff62ba47da6e54f5c8728,buy,0xb64ef51c888972c908cfacf59b47c1afbc0ab8ac,0xcd8c88915fc52375b3f8737313e3852d670572ec06aa8582473bcf78366582b4
112,331.98,0.76986162,0x116742c872f990da1b9be41ad0cf155863bf01df,2017-10-27T02:23:01.000Z,0.002319,0xa54ffa43d11698bc300d924781518b71dd10f0a8,buy,0xb64ef51c888972c908cfacf59b47c1afbc0ab8ac,0x0eaeff8910045dce0a4879db84f38ac6c102fd4de20ee71b1ff67ac98982954e
113,1454.36,3.6359,0x116742c872f990da1b9be41ad0cf155863bf01df,2017-10-27T02:22:30.000Z,0.0025,0x5c839e0edbfab50289f4aae43d06cce33e21c82d,buy,0xb64ef51c888972c908cfacf59b47c1afbc0ab8ac,0x6edb3427b679e1eaefaa2d2d73a2e5d16f5ba0b78a34ab732349153b5527bc8e
114,251.978,0.5795494,0x116742c872f990da1b9be41ad0cf155863bf01df,2017-10-27T02:22:13.000Z,0.0023,0xa54ffa43d11698bc300d924781518b71dd10f0a8,buy,0xb64ef51c888972c908cfacf59b47c1afbc0ab8ac,0x6ee5b8eaa48627af62038cc5bc136970c89bc033ff40e44f0ed19e25c6b2c6bd
115,355.526,0.8141189874,0x116742c872f990da1b9be41ad0cf155863bf01df,2017-10-27T02:22:13.000Z,0.0022899,0x2475fe4d7a9d7d2e7908baf6697b801596bf5148,buy,0xb64ef51c888972c908cfacf59b47c1afbc0ab8ac,0xd8b95ed2e3793c14b52672bf15a5ef5b900fb9e146fc994f35606ef1aa53d93c
116,44.4870806,0.10187096588733345,0xfdf7c01650ea64dae1496d7be373af4c060d13a7,2017-10-27T02:17:24.000Z,0.002289900000480891,0x2475fe4d7a9d7d2e7908baf6697b801596bf5148,buy,0xb64ef51c888972c908cfacf59b47c1afbc0ab8ac,0x2a74ad33fb96c49176e2a08438547b316f63ecac64c9d09413c3d264eb2e87e6
117,1099.5,2.517855,0x739eb2b1ef52df7eb8666d70b1608118af8c2e30,2017-10-27T02:11:57.000Z,0.00229,0xa5684e7c4c9880ccd020c31e45b2c4e202d901c0,buy,0xb64ef51c888972c908cfacf59b47c1afbc0ab8ac,0xe5abe06eb54777a68ca70c1a03509cfe27d8cfa6915bc8c83619d3786550d945
118,242.9864994,0.5564147849981823,0x8337bfef288817f964609338b5ce6faf0c3a1c02,2017-10-27T02:09:21.000Z,0.002289900000091043,0x2475fe4d7a9d7d2e7908baf6697b801596bf5148,buy,0xb64ef51c888972c908cfacf59b47c1afbc0ab8ac,0xc50315135f006d802ff430dfd2c847e12b231cd9a94f283f13a70fe6d4cc1caa
119,9.9690958,0.01595055328,0x6d14f642af21d9b7db8047693bd19ce5078a7181,2017-10-26T23:17:24.000Z,0.0016,0xc1581a334cc5b521dd354d7bd0c21577898e5753,sell,0xb64ef51c888972c908cfacf59b47c1afbc0ab8ac,0xc8bbd9660352100f203d4ecabdf8d9673616a426e2928380833980955a8d87cc
120,1.99381916,0.00249233575839396,0x7b6b2f3c88ce2ecedc01c545f13faf36034d772f,2017-10-26T22:54:09.000Z,0.001250031,0xc1581a334cc5b521dd354d7bd0c21577898e5753,sell,0xb64ef51c888972c908cfacf59b47c1afbc0ab8ac,0x8ccbe6476419dd065c8abad76885d48c168594efb9581f445a9c56acba41bef0
121,1.99381916,0.0024923337645748,0x6bad391397f5f6047d3b6752576ee1a4ae3d2927,2017-10-26T22:35:44.000Z,0.00125003,0xc1581a334cc5b521dd354d7bd0c21577898e5753,sell,0xb64ef51c888972c908cfacf59b47c1afbc0ab8ac,0x976e87b8e837cbe5b4590a4fcb4ba0c4bb87935f9687c6cf6c3d43943760e68f
122,129.99,0.2300823,0xa54ffa43d11698bc300d924781518b71dd10f0a8,2017-10-26T22:06:51.000Z,0.00177,0x7f1619e24052ce0f6bfad97f10c05c8e1b738a9d,buy,0xb64ef51c888972c908cfacf59b47c1afbc0ab8ac,0x56403350362c43f55a6b936309f4c17b209c948a3280d2af7cc0b106fd3f9b60
123,22,0.03784,0xa54ffa43d11698bc300d924781518b71dd10f0a8,2017-10-26T22:05:10.000Z,0.00172,0x7616bb991081160eb20ff62ba47da6e54f5c8728,buy,0xb64ef51c888972c908cfacf59b47c1afbc0ab8ac,0xfa13cd50ac8930ce831dfbf51071861efbb9a04492f23ece816301852a9c3c47
124,180,0.315,0xa54ffa43d11698bc300d924781518b71dd10f0a8,2017-10-26T22:05:10.000Z,0.00175,0x1c3e8eb946a641bf853b38dcd2ca09279f66105a,buy,0xb64ef51c888972c908cfacf59b47c1afbc0ab8ac,0x14eb0502eca2e20834bebfd0fdbf5541d5d7670139c8f055e15bcdbd62ede859
125,711.70371847,0.85546786960094,0x8a424781254908e4bc40db921f969218eef3c81a,2017-10-26T21:07:34.000Z,0.001202,0x99636cf9ed4ba10b1feedf1b2cdf3fd6c6013564,sell,0xb64ef51c888972c908cfacf59b47c1afbc0ab8ac,0x0b07b1e0042e8e4c3822a988b5823396d1c8c4d7efbf7f967c258d1347481116
126,30,0.0369,0x7616bb991081160eb20ff62ba47da6e54f5c8728,2017-10-26T21:03:34.000Z,0.00123,0x99636cf9ed4ba10b1feedf1b2cdf3fd6c6013564,sell,0xb64ef51c888972c908cfacf59b47c1afbc0ab8ac,0xdd96b70434dbd98dda9587e777b9d654572f5a32857cd56cf0298cb5c645ffa3
127,744,1.0250088,0x99636cf9ed4ba10b1feedf1b2cdf3fd6c6013564,2017-10-26T20:55:23.000Z,0.0013777,0xf43ca95cbae4ce125533b4e92e2aa6eb9c6e7aff,buy,0xb64ef51c888972c908cfacf59b47c1afbc0ab8ac,0x7c507a03a0377d09f2a6298718c285e1776c73c3cf4b504e8e032239be79e26e
128,33,0.0454641,0x54b59cbea68b581f1fa6ae1c3d5ea0643e8e2378,2017-10-26T18:18:05.000Z,0.0013777,0xf43ca95cbae4ce125533b4e92e2aa6eb9c6e7aff,buy,0xb64ef51c888972c908cfacf59b47c1afbc0ab8ac,0x5a1bf0671a32eba1738064edada35ed5083f61c88e8bdf5e704a2ffc8f60e4df
129,70.24855989,0.084305296723989,0x3dee4a4e076e8d82859d241db0baf46f112cfa23,2017-10-26T06:02:01.000Z,0.0012001,0x4e4e1c8c6cdd4ff74ed07989d797bcd73afcc31c,sell,0xb64ef51c888972c908cfacf59b47c1afbc0ab8ac,0x3828278a3b0f3e005f20e0e8f9ba59e837c802b66aeb1a9a693dcd77efb9346d
130,180,0.2628,0x3123cb43a4c0dd6793166a589a0ce850d6dd4010,2017-10-26T03:23:58.000Z,0.00146,0x1c3e8eb946a641bf853b38dcd2ca09279f66105a,buy,0xb64ef51c888972c908cfacf59b47c1afbc0ab8ac,0x6aaf996b570f1cf0872e1833f9642e8ad4fdd5f3599843f66c194cc7fe8143fb
131,31.544,0.0425844,0x1a2db6ba0edd5462e5e7a201326f411ecb526cce,2017-10-26T00:46:49.000Z,0.00135,0x1006ecd6ec35d85a9d43cc12898369bfcee7f7ca,buy,0xb64ef51c888972c908cfacf59b47c1afbc0ab8ac,0x2f6fd056d1ca8180cdbe6ae5425e207810bfaa844296c9d6a1f26418cee2e08c
132,0.00322974,0.000004360159898941,0x1a2db6ba0edd5462e5e7a201326f411ecb526cce,2017-10-26T00:37:51.000Z,0.0013500033745567754,0x1006ecd6ec35d85a9d43cc12898369bfcee7f7ca,buy,0xb64ef51c888972c908cfacf59b47c1afbc0ab8ac,0xfff9d01b621282ab8bf5a11798c7d9932af3ecf1fdabec025cf80047c0e32036
133,32.39760292,0.04373676394626658,0x1a2db6ba0edd5462e5e7a201326f411ecb526cce,2017-10-26T00:36:20.000Z,0.0013500000001316942,0x1006ecd6ec35d85a9d43cc12898369bfcee7f7ca,buy,0xb64ef51c888972c908cfacf59b47c1afbc0ab8ac,0x808f2f3d466fbd83afa41a2d5a12df168afd03019d166d819293e9c2a1f8fa3b
134,1443,1.932177,0x1a2db6ba0edd5462e5e7a201326f411ecb526cce,2017-10-26T00:34:10.000Z,0.001339,0x17c342d93ae3f44cdb81336b986f12046f912511,buy,0xb64ef51c888972c908cfacf59b47c1afbc0ab8ac,0xd1f3e4d51306c008b728b703d1bbcc952366cd00b3ba06ea662df1acf919bf1c
135,180,0.24084,0x1a2db6ba0edd5462e5e7a201326f411ecb526cce,2017-10-26T00:34:10.000Z,0.001338,0x1c3e8eb946a641bf853b38dcd2ca09279f66105a,buy,0xb64ef51c888972c908cfacf59b47c1afbc0ab8ac,0xbce469452cdc6f1349b581d30b7afbac3166bbd2b75671fcf2bf8081edd44e39
136,145.46,0.189098,0x1a2db6ba0edd5462e5e7a201326f411ecb526cce,2017-10-26T00:27:46.000Z,0.0013,0x76d4a9bc9612be738a81d0fe632b00b971e2bb9a,buy,0xb64ef51c888972c908cfacf59b47c1afbc0ab8ac,0xb051cdb8611a448a6951b9ad7c8daf77e7de5cc40753a2f25a7c57803d2f89b3
137,551,0.71079,0x1a2db6ba0edd5462e5e7a201326f411ecb526cce,2017-10-26T00:27:18.000Z,0.00129,0xfbf7dc0756a9768d0c71aea5f8421f3b1eaee7d1,buy,0xb64ef51c888972c908cfacf59b47c1afbc0ab8ac,0x82d74a016eb92903ae179ce46494e7ecd7054f0ec5df4b2b33b57bd89e0590f2
138,859.62232788,0.95504040627468,0x3dee4a4e076e8d82859d241db0baf46f112cfa23,2017-10-25T03:13:18.000Z,0.001111,0xad440e6b26dd3a044a97294bf87c017d7fb81c67,sell,0xb64ef51c888972c908cfacf59b47c1afbc0ab8ac,0xd61449a4b8b999ed892e2711906fea3e141388985960175bbf620c582a83df57
139,33.53801361,0.03739488517515,0x8a424781254908e4bc40db921f969218eef3c81a,2017-10-25T02:56:56.000Z,0.001115,0xad440e6b26dd3a044a97294bf87c017d7fb81c67,sell,0xb64ef51c888972c908cfacf59b47c1afbc0ab8ac,0xbb766f9c9ed4e5d51836d9d2ccfd6dd2e3617e594ca250c8db2f179e4a15c3b5
140,0.5,0.000735,0xe1fa699860444be91d366c21de8fef56e3dec77a,2017-10-25T02:17:24.000Z,0.00147,0xfbf7dc0756a9768d0c71aea5f8421f3b1eaee7d1,buy,0xb64ef51c888972c908cfacf59b47c1afbc0ab8ac,0x7881fb884297aa54c9d909b1a69a212020299e785fad7142e0dab09bb479bbd2
141,4.9,0.0054635,0x8a424781254908e4bc40db921f969218eef3c81a,2017-10-25T01:28:07.000Z,0.001115,0x3f1d56ab8a46b483cf2e6aceb8020de24feedd2e,sell,0xb64ef51c888972c908cfacf59b47c1afbc0ab8ac,0x418036fde77b86e3151d7d1b7eef7e6ca138d0a0223714f6dd033461e569b5f9
142,128.85225867,0.18941282025720266,0x18252de7ae25ff919a72de5b3ab0df8cf3ca4d80,2017-10-24T20:15:37.000Z,0.001470000000095479,0xfbf7dc0756a9768d0c71aea5f8421f3b1eaee7d1,buy,0xb64ef51c888972c908cfacf59b47c1afbc0ab8ac,0x263bed953774bc6ed625a8f5c18eaf6be1704b0e51d676d221273892bb2e1f9b
143,6.45133168,0.0071932348232,0x8a424781254908e4bc40db921f969218eef3c81a,2017-10-24T17:28:14.000Z,0.001115,0x3bc2929fe36992712949701b77a521c6ea5e68ef,sell,0xb64ef51c888972c908cfacf59b47c1afbc0ab8ac,0xdaf5aef18f36c6ac0ff63f1727ecc272fcbd1d5c5651b5abaebb04026f9cd05c
144,1.0226841,0.00150334562855149,0x98f358c1e8c682323501235274145709ee4903ff,2017-10-24T17:13:55.000Z,0.0014700000015170766,0xfbf7dc0756a9768d0c71aea5f8421f3b1eaee7d1,buy,0xb64ef51c888972c908cfacf59b47c1afbc0ab8ac,0x69b20f9522b088ee69fdf15531f487ee4fe5061e805edefb68a5a4068d3958c2
145,172.65590761,0.2538041841970775,0x09fee62f5823d863a71094259d279ee0f49e1b17,2017-10-24T15:47:09.000Z,0.0014700000000601053,0xfbf7dc0756a9768d0c71aea5f8421f3b1eaee7d1,buy,0xb64ef51c888972c908cfacf59b47c1afbc0ab8ac,0x0134ca174ffbfa9ee4b9c87be791b88ec7f42bc45ed0e9069517d4bf5f8472bf
146,43.4237,0.062095891,0x09fee62f5823d863a71094259d279ee0f49e1b17,2017-10-24T15:44:03.000Z,0.00143,0xe1e1d0d73eeb29d0632bc4c7871bfc74dbed0741,buy,0xb64ef51c888972c908cfacf59b47c1afbc0ab8ac,0xac79eebcb86aef27642303cbdd3a5b086dc01addd459d6cdc1435789075591df
147,115.25533098,0.1233232041486,0xfbf7dc0756a9768d0c71aea5f8421f3b1eaee7d1,2017-10-24T08:02:18.000Z,0.00107,0x241f3fe431dc9d4169365d6a72a9c34257bbd3f1,sell,0xb64ef51c888972c908cfacf59b47c1afbc0ab8ac,0xddaae1c74f167ffc969b609238f86fdc7b6d49f332caa698744f54fd8e97b24e
148,0.07370015,0.0000788591605,0xfbf7dc0756a9768d0c71aea5f8421f3b1eaee7d1,2017-10-24T07:38:33.000Z,0.00107,0xb2460f5d27c6d02f163b9c480fc0632645d21e8c,sell,0xb64ef51c888972c908cfacf59b47c1afbc0ab8ac,0x064775f37d7349fdf3e9deff6ec547ebe93e23d47a03701c417065f2e7e30cd9
149,739.28621274,0.7910362476318,0xfbf7dc0756a9768d0c71aea5f8421f3b1eaee7d1,2017-10-24T07:34:23.000Z,0.00107,0xb2460f5d27c6d02f163b9c480fc0632645d21e8c,sell,0xb64ef51c888972c908cfacf59b47c1afbc0ab8ac,0x98131654c7bace29e8b1820591a0c48b2e1ce72730317239364696835774e8d0
150,4.67949356,0.004913468238,0x1006ecd6ec35d85a9d43cc12898369bfcee7f7ca,2017-10-23T22:31:57.000Z,0.00105,0xc5c05d6d1fd05376fb992d2754f1c1d00b7eaa7f,sell,0xb64ef51c888972c908cfacf59b47c1afbc0ab8ac,0x4f27d73347c224425cc0bf37185b4e94d63ee134b3e89b70cf5e5106349c91d0
151,59.26586946,0.062229162933,0x1006ecd6ec35d85a9d43cc12898369bfcee7f7ca,2017-10-23T18:12:38.000Z,0.00105,0xe0eaddf67501cfe390783cab24ef18bc10ae98a3,sell,0xb64ef51c888972c908cfacf59b47c1afbc0ab8ac,0xccc1e7469af3fa4529eb057ae2d09d8d24b873ae3f48a331ce7115d8c3b4788c
152,10,0.011,0x4c8981d5b40c7e7a62baee91faf0249a284086c2,2017-10-23T18:10:22.000Z,0.0011,0xe0eaddf67501cfe390783cab24ef18bc10ae98a3,sell,0xb64ef51c888972c908cfacf59b47c1afbc0ab8ac,0xc39d437da51dfd618ec3b41f9a259ad389a81f018270ad50d4b089fe0dc730e4
153,27.93659656,0.0310096221816,0x621fab0e57c8671fbda84ae1885369c80a2aff93,2017-10-23T18:09:36.000Z,0.00111,0xe0eaddf67501cfe390783cab24ef18bc10ae98a3,sell,0xb64ef51c888972c908cfacf59b47c1afbc0ab8ac,0x88557c24c80bfa9a442c654a153032079ca527f715aec3ee80711ccd36ee9756
154,4.06340344,0.0045103778184,0x621fab0e57c8671fbda84ae1885369c80a2aff93,2017-10-23T06:17:59.000Z,0.00111,0x6833020e1fad7f8054b101fd9ca44e96886371e4,sell,0xb64ef51c888972c908cfacf59b47c1afbc0ab8ac,0xb93ab9a8662cf573d2c487d73b6be9a11a9ee7e56b630a520b909e4e8f9a60aa
155,0.5,0.00085,0xe1fa699860444be91d366c21de8fef56e3dec77a,2017-10-22T18:30:25.000Z,0.0017,0xe1e1d0d73eeb29d0632bc4c7871bfc74dbed0741,buy,0xb64ef51c888972c908cfacf59b47c1afbc0ab8ac,0x591267bc0f6c2b6db18fd94ac8d26a6044b26aa7adf7f9c4cc27c0eb0b311cba
156,200,0.22,0xc7b193c092c7b7afacba6d8ffe6c6adebaf838c0,2017-10-22T10:59:20.000Z,0.0011,0x4d517d272ce8d879d8891518e70153b49d2cdb96,sell,0xb64ef51c888972c908cfacf59b47c1afbc0ab8ac,0x696943e2c2a76aa7168d08b853c5bb12a4f0dd5f9ed76c31e24ef3f92ebeebe4
157,1500,1.425,0x3dee4a4e076e8d82859d241db0baf46f112cfa23,2017-10-22T10:59:20.000Z,0.00095,0x4d517d272ce8d879d8891518e70153b49d2cdb96,sell,0xb64ef51c888972c908cfacf59b47c1afbc0ab8ac,0x74f191226dfc708d26c0c5c5f05ff9b5502dc808bd341a425b31e0121c181ee3
158,5.203868,0.005838745099868,0x48eaedfa6ab55f414a433f0778f55ed9b827e822,2017-10-22T00:51:19.000Z,0.001122001,0x23a8652c3fd578abd3232500ba8a2b670ce24d04,sell,0xb64ef51c888972c908cfacf59b47c1afbc0ab8ac,0x1d397bb65c7b8fe7d96e2a02e12ca58f68fecde6cb55865d2ee32f591c48b046
159,358.07979958,0.39424585933758,0x1c3e8eb946a641bf853b38dcd2ca09279f66105a,2017-10-22T00:26:56.000Z,0.001101,0x9778550d76b07ac9f5e57392f68ecdf6efc1774e,sell,0xb64ef51c888972c908cfacf59b47c1afbc0ab8ac,0x3241a8e7be75dd44cf137ed21122184ba1a2a045eb88163150a60fd8be9a242a
160,1000,1.123,0x17c342d93ae3f44cdb81336b986f12046f912511,2017-10-22T00:26:07.000Z,0.001123,0x9778550d76b07ac9f5e57392f68ecdf6efc1774e,sell,0xb64ef51c888972c908cfacf59b47c1afbc0ab8ac,0x836ae2e83f3620a64a2d88c78fc1332693bc073367b6688d1cb0f68cabb50af8
161,229.72285914,0.2579790005370791,0xeb1ce566d9a22f688d44c0b3dc50bcd6f213c431,2017-10-22T00:25:36.000Z,0.001123001,0x9778550d76b07ac9f5e57392f68ecdf6efc1774e,sell,0xb64ef51c888972c908cfacf59b47c1afbc0ab8ac,0xaabdc79d928f9763378db5b5391981a14b9a42a95232fb4fde595335a0923299
162,20.27714086,0.02277124946292086,0xeb1ce566d9a22f688d44c0b3dc50bcd6f213c431,2017-10-21T21:04:12.000Z,0.001123001,0x185b2c9e2b48bb60fa2fae0b5871cd44a5b4ce73,sell,0xb64ef51c888972c908cfacf59b47c1afbc0ab8ac,0x1864f4e5d60daf0942f6ee539901ed87b1348caf331b4a51235457f573521ce0
163,1018.74660002,1.2479645850245,0x3dee4a4e076e8d82859d241db0baf46f112cfa23,2017-10-20T15:46:34.000Z,0.001225,0x9778550d76b07ac9f5e57392f68ecdf6efc1774e,sell,0xb64ef51c888972c908cfacf59b47c1afbc0ab8ac,0x7993edc91cebd4eb346f1fd17250369bf7312ccce74979178d32057eb562506b
164,3.48918353,0.0039148988124953,0x3dee4a4e076e8d82859d241db0baf46f112cfa23,2017-10-20T03:39:11.000Z,0.00112201,0xbbae2c254894536f7b7d0cc541683fb5da798d4a,sell,0xb64ef51c888972c908cfacf59b47c1afbc0ab8ac,0x5f8841b65fe50ee5d0062da0162aefb4c2a56a35cf57ad8364f0721832436217
165,0.1,0.0002294,0x6cdea8e07bf82d7a07dbf36642d6e5be8623845c,2017-10-20T01:39:08.000Z,0.002294,0x52d250b8ac3d131861803092da64af2bbd673852,buy,0xb64ef51c888972c908cfacf59b47c1afbc0ab8ac,0x943bf4273003040f4ab21d5894169b883504050d405e3ccf960e568b80d72abd
166,7.14396284,0.00809410989772,0x3dee4a4e076e8d82859d241db0baf46f112cfa23,2017-10-19T23:25:23.000Z,0.001133,0xc1581a334cc5b521dd354d7bd0c21577898e5753,sell,0xb64ef51c888972c908cfacf59b47c1afbc0ab8ac,0x4a8350999c5068173c6c763ab514dc92f25817a3083351e29ab40a717fd50142
167,7.83670621,0.00887898813593,0x3dee4a4e076e8d82859d241db0baf46f112cfa23,2017-10-19T19:38:37.000Z,0.001133,0xcd0e5ac4cdbce97c7739b419be3420e5e989f2b9,sell,0xb64ef51c888972c908cfacf59b47c1afbc0ab8ac,0xa303baee7a6aea7ef4619e0c5a8104159d4e6c41bbf3e7f834edd0b84245c35a
168,99.99999999,0.22912800000914121,0xf4a047a83392afcc38d341ec9e22cb514fe24278,2017-10-19T16:24:28.000Z,0.00229128000032054,0x30937f96903e547ab630920622c77b4b1629439c,buy,0xb64ef51c888972c908cfacf59b47c1afbc0ab8ac,0xb874a5e69549e63a71e2ac14f941d2f1e1a11f53692660df266059f11713b634
169,3.95330476,0.00443560794072,0x17c342d93ae3f44cdb81336b986f12046f912511,2017-10-19T09:53:58.000Z,0.001122,0x842fe1505a875549168f05f29cc1cbbab7a8523d,sell,0xb64ef51c888972c908cfacf59b47c1afbc0ab8ac,0x6dd049ea37fbb0ed5a00d3a3b9fadf18e986142d2ffa1e16cdca2119f9e20605
170,4.11921554,0.004596303083921712,0x30937f96903e547ab630920622c77b4b1629439c,2017-10-18T19:54:48.000Z,0.001115820000019157,0xb4c17684dad3b118985aef417f46c0f37aa9e09e,sell,0xb64ef51c888972c908cfacf59b47c1afbc0ab8ac,0xc4898d2095a47e44bff6af7dba0ea8a6713c5990ed418e19c89077145e2517b6
171,1,0.00281361,0x3ac636ac5c3a2576156ac5f10066ca68abe0ad54,2017-10-18T16:26:21.000Z,0.00281361,0x2475fe4d7a9d7d2e7908baf6697b801596bf5148,buy,0xb64ef51c888972c908cfacf59b47c1afbc0ab8ac,0xbe259438241ca1d9184b8b93893beeaaaacd73667f060be38548967122a57353
172,0.18796992,0.0005,0xf9695cd65d6dfdf257fab76a3eb0cb8f001971cc,2017-10-18T15:36:23.000Z,0.0026600000680960015,0x76d4a9bc9612be738a81d0fe632b00b971e2bb9a,buy,0xb64ef51c888972c908cfacf59b47c1afbc0ab8ac,0x3eee08be9926aec7fd2e69c5049601b0211957b70034d1649bbd2f378bc1389f
173,0.18796992,0.0005,0x379374d13077e8867ef31803c37baf9785a17c00,2017-10-18T15:34:29.000Z,0.0026600000680960015,0x76d4a9bc9612be738a81d0fe632b00b971e2bb9a,buy,0xb64ef51c888972c908cfacf59b47c1afbc0ab8ac,0x431796754a61d0c8809efa2be1e90dfaa476f49df49bbe8878a857f71e8251f4
174,4.09,0.0051657927,0x8abf98207ad56cb4ec656502ce429fb0deabe671,2017-10-18T10:37:53.000Z,0.00126303,0xa64fce2c44011447b77f4973980de868c9a93452,buy,0xb64ef51c888972c908cfacf59b47c1afbc0ab8ac,0x1e810142fe2113e6c1c9964ab550f56b0297367715f5b12b9b8f312e3f280048
175,120.80799999,0.344998654080312,0xb671a62b17913d369634b372a0af0ebd50892cc6,2017-10-17T23:58:53.000Z,0.002855760000238971,0x30937f96903e547ab630920622c77b4b1629439c,buy,0xb64ef51c888972c908cfacf59b47c1afbc0ab8ac,0xbaa2283bc92989909b57587265974783f76dd0d286df8c48b536d5464e68626f
176,0.39587341,0.0005,0x16e5d97bbc92417e051e3b2cabfbf8ceea2acb9c,2017-10-17T18:29:34.000Z,0.0012630300176008284,0xa64fce2c44011447b77f4973980de868c9a93452,buy,0xb64ef51c888972c908cfacf59b47c1afbc0ab8ac,0x3bc71bda8f4b2c4d55e9ddbb8b4678bf469b10ad3fa8fdb04d3011283e44bb88
177,2242.5,2.46675,0x3c3aef0043c8629556d0b20425aca08a1509d1dc,2017-10-17T11:39:49.000Z,0.0011,0x483a3191a7982096982181788c5c2bb6b5c43e70,sell,0xb64ef51c888972c908cfacf59b47c1afbc0ab8ac,0x592e2482f246a3c44a362cca8e5f17965c664b1bb90654f1351f5e1ae78246da
178,460.2,0.5084427660009414,0x30937f96903e547ab630920622c77b4b1629439c,2017-10-17T10:12:54.000Z,0.0011048300000020455,0x483a3191a7982096982181788c5c2bb6b5c43e70,sell,0xb64ef51c888972c908cfacf59b47c1afbc0ab8ac,0x74b4b78713fbfc5da69c73bab6cefcc804bbb0e116301d206ec0d7eb22b2d9be
179,42.29976353,0.0491616311698366,0xb0d2ce3e2bfbc1a47dbfe5b3eef5335284dfeb49,2017-10-17T09:53:55.000Z,0.00116222,0x483a3191a7982096982181788c5c2bb6b5c43e70,sell,0xb64ef51c888972c908cfacf59b47c1afbc0ab8ac,0x06397c03f5b74290e2c106cc726ea7ca61630fd3dab494160bdb1d92c4bbbc2e
180,100,0.1162,0x48eaedfa6ab55f414a433f0778f55ed9b827e822,2017-10-17T09:53:44.000Z,0.001162,0x483a3191a7982096982181788c5c2bb6b5c43e70,sell,0xb64ef51c888972c908cfacf59b47c1afbc0ab8ac,0x7a2f3eedb49e0b18b46554b8abeab39071c88ed4fae9a3c0dab028b1210a5b86
181,393.796,0.457197156,0xa7bf116c833979558ec2fcea4470f5bf022ca601,2017-10-17T09:50:47.000Z,0.001161,0x483a3191a7982096982181788c5c2bb6b5c43e70,sell,0xb64ef51c888972c908cfacf59b47c1afbc0ab8ac,0xfbe339c44cb474ca64ace610373c96f4a9563ccc505591e263e0a0659df8499b
182,12.70023647,0.0147604688301634,0xb0d2ce3e2bfbc1a47dbfe5b3eef5335284dfeb49,2017-10-17T09:38:28.000Z,0.00116222,0x20685e2b7c391f412c0887b0ef4fa388633129e1,sell,0xb64ef51c888972c908cfacf59b47c1afbc0ab8ac,0xdb62e62d007f4a8032ab7fe1cd4162e322d08c0aec5da7ddacbaf2a5f2045fd5
183,0.17463405,0.0005,0xcd912af5286dc0b0a23edb30209734ecb60838b3,2017-10-17T06:11:38.000Z,0.002863130071140193,0x30937f96903e547ab630920622c77b4b1629439c,buy,0xb64ef51c888972c908cfacf59b47c1afbc0ab8ac,0x3a6ac922d9c082551ba8b4d852488f7985753b5309f4d80c6f41af0bb2814091
184,10,0.04,0x244beb883da53d9f6169762af296e944aba5bb84,2017-10-16T11:53:01.000Z,0.004,0xad440e6b26dd3a044a97294bf87c017d7fb81c67,sell,0xb64ef51c888972c908cfacf59b47c1afbc0ab8ac,0xc9f60db9901320b3658be72380d94bbe4b6e9b79c13ad93cf97d712131054da5
185,37.20366862,0.04319345926782,0xa7bf116c833979558ec2fcea4470f5bf022ca601,2017-10-16T02:31:52.000Z,0.001161,0x9fc54ec6e174daab67dc510342eee6c91cf1ac3b,sell,0xb64ef51c888972c908cfacf59b47c1afbc0ab8ac,0xa0cdc18f441556d7b020820fac9d05c5b719a9d6554128b26020451935d30feb
186,500,0.581,0xa5684e7c4c9880ccd020c31e45b2c4e202d901c0,2017-10-15T23:25:47.000Z,0.001162,0x00ea5cfa10a40a010a0e632eb401b3b7df685332,sell,0xb64ef51c888972c908cfacf59b47c1afbc0ab8ac,0xc714fe07d3580f7316965c0f5944e97ff61a191589c6002781721c18f9cb6f77
187,500,0.581,0xa5684e7c4c9880ccd020c31e45b2c4e202d901c0,2017-10-15T21:43:24.000Z,0.001162,0x00ea5cfa10a40a010a0e632eb401b3b7df685332,sell,0xb64ef51c888972c908cfacf59b47c1afbc0ab8ac,0xcecb2dc716a5b7c4a7ad32fbdca431ec7a18c17fd15ba3baedd2299aeaefcd3f
188,439.39858356,0.5097023569296,0x17c342d93ae3f44cdb81336b986f12046f912511,2017-10-15T10:36:37.000Z,0.00116,0x0ea82a831a22f4f2e6698e378822074ffbff2fcf,buy,0xb64ef51c888972c908cfacf59b47c1afbc0ab8ac,0xf868b03ab452c34cb088b58e10670f68c06126263a5f2527a5db2d023a80dcfa
189,99.5,0.14925,0xa5684e7c4c9880ccd020c31e45b2c4e202d901c0,2017-10-14T18:48:53.000Z,0.0015,0x30937f96903e547ab630920622c77b4b1629439c,sell,0xb64ef51c888972c908cfacf59b47c1afbc0ab8ac,0xd87b558c10a36cf9feb38b9e0df8729c07becf6f32d4a80b009cea4a3d74288d
190,5.904,0.00850176,0x89809d4c349bf4e6485bd809e19da531c9c5ac0e,2017-10-13T16:51:42.000Z,0.00144,0xe1e1d0d73eeb29d0632bc4c7871bfc74dbed0741,sell,0xb64ef51c888972c908cfacf59b47c1afbc0ab8ac,0x56bf7cbe44e2d253acaea68ce7b67ba182bd613e33283d9bcbcecac966b49e83
191,49.84547901,0.05782080549707901,0xe1e1d0d73eeb29d0632bc4c7871bfc74dbed0741,2017-10-13T12:33:41.000Z,0.001160001,0x5964e8d03d3be814385203522a8255c2a32553bc,sell,0xb64ef51c888972c908cfacf59b47c1afbc0ab8ac,0xf4989b048691b61ac87ccbd4cb964331cd00e340757f503e4b58fff6a4d4c200
192,617.3990629,0.889054650576,0x89809d4c349bf4e6485bd809e19da531c9c5ac0e,2017-10-13T10:02:29.000Z,0.00144,0x3c3aef0043c8629556d0b20425aca08a1509d1dc,sell,0xb64ef51c888972c908cfacf59b47c1afbc0ab8ac,0x12083d9b9833e607a57455b03c1bfaae32bd318be3d172a052205f6fadf46832
193,2000,2.82,0x89809d4c349bf4e6485bd809e19da531c9c5ac0e,2017-10-13T09:47:45.000Z,0.00141,0x3c3aef0043c8629556d0b20425aca08a1509d1dc,sell,0xb64ef51c888972c908cfacf59b47c1afbc0ab8ac,0xcb09df80390abc7bf502946a3ee5e92e777e6f298e099aae2656ea8351483fef
194,318.4968462,0.458635458528,0x89809d4c349bf4e6485bd809e19da531c9c5ac0e,2017-10-13T09:29:22.000Z,0.00144,0x30937f96903e547ab630920622c77b4b1629439c,sell,0xb64ef51c888972c908cfacf59b47c1afbc0ab8ac,0x8d27813847668fed93425bb2f460dd46455a0f19d15f0955c76592b481e0dfac
195,58.2,0.083808,0x89809d4c349bf4e6485bd809e19da531c9c5ac0e,2017-10-13T09:26:45.000Z,0.00144,0xdff3a5869dbe8b04cbbaf7c378d6e480cc61a4da,sell,0xb64ef51c888972c908cfacf59b47c1afbc0ab8ac,0x7ac749a2d363dbab626bdf8b91a2b4917b123d4c2dae9a220e3055d43c98712f
196,1.04286082,0.001512148189,0x89809d4c349bf4e6485bd809e19da531c9c5ac0e,2017-10-13T03:56:53.000Z,0.00145,0x3c3aef0043c8629556d0b20425aca08a1509d1dc,buy,0xb64ef51c888972c908cfacf59b47c1afbc0ab8ac,0x883e432b2e07b984e98d3bfb6abfba4451e70902e156c71693215112ee1f4bcc
197,10.7,0.012198,0xc17a0baabe0a4397c2e91b67b4dd8c102b1043b2,2017-10-12T20:15:34.000Z,0.00114,0x4038dab7aaaf58bc3560d42075140e353927477f,buy,0xb64ef51c888972c908cfacf59b47c1afbc0ab8ac,0x2f7cc297b10d382833ee219c0d76c17c8109f5eb4ea6a0cd780aa8d8cdde90d9
198,83.331,0.119579985,0xc17a0baabe0a4397c2e91b67b4dd8c102b1043b2,2017-10-12T20:08:54.000Z,0.001435,0x3c3aef0043c8629556d0b20425aca08a1509d1dc,buy,0xb64ef51c888972c908cfacf59b47c1afbc0ab8ac,0x729ad006ded259d3deb16e986a60adcca9ff333e50ac0896dd47193c595dd04e
199,990.353,1.425117967,0xc17a0baabe0a4397c2e91b67b4dd8c102b1043b2,2017-10-12T20:02:52.000Z,0.001439,0x5a1936723a772f46bb1c5037e4d75ea9fe992036,buy,0xb64ef51c888972c908cfacf59b47c1afbc0ab8ac,0xf8ad966b725d5f34a42b86629c255429e0fe753d0213b7854deeb611a5910071
200,1500,2.1585,0xb952d59b6e43f9d2efa5dd8fbd7f967eddb6f1a7,2017-10-12T19:45:30.000Z,0.001439,0x5a1936723a772f46bb1c5037e4d75ea9fe992036,buy,0xb64ef51c888972c908cfacf59b47c1afbc0ab8ac,0x09f18d192bab02e35cb619cd15864cd1f505e8f8047a20c99185628589156bdf
201,172.86581187,0.24806244004373512,0xf81ab81ca1a6a19cc7b69b2c7876ff6543060598,2017-10-12T19:38:54.000Z,0.0014350000000594976,0x3c3aef0043c8629556d0b20425aca08a1509d1dc,buy,0xb64ef51c888972c908cfacf59b47c1afbc0ab8ac,0xddbdf4acb80da2b01b895a378ec1f5da82f98e4c200d592deade7750b34b0e1f
202,139.3,0.160195,0x30937f96903e547ab630920622c77b4b1629439c,2017-10-12T18:51:33.000Z,0.00115,0x7a76130615f8de45954e2dc13ea05b1d3ab25889,buy,0xb64ef51c888972c908cfacf59b47c1afbc0ab8ac,0xe8b1b7627f07f08f55b4c0cd1257820c0e4383e6ded14a9b4df5c554b02606d0
203,9.59188386,0.011058647882682512,0x30937f96903e547ab630920622c77b4b1629439c,2017-10-12T11:50:47.000Z,0.0011529172000089784,0x8470fc34fd113b357b09872113f825228498ddfb,sell,0xb64ef51c888972c908cfacf59b47c1afbc0ab8ac,0x3f247e7cb8526a1689c285621c625d74fa6a647894a9cdf79674bd2e15c0b5cc
204,142.393455,0.16375247325,0x30937f96903e547ab630920622c77b4b1629439c,2017-10-12T10:52:56.000Z,0.00115,0xba02702b3d9ab45e13ac95ac995cd8f4c427a7b6,buy,0xb64ef51c888972c908cfacf59b47c1afbc0ab8ac,0x153c156783835a3e3f1848ae61cabe680685599a959b0fb8bc8c89afc09dca79
205,38.29215469,0.040214420855438,0x2256c01a9c0e2de68cb7d27f7e39dc4e1c7d3783,2017-10-12T08:30:17.000Z,0.0010502,0x3aecd91675e70b00f798679e3a3f6d2477645cf0,sell,0xb64ef51c888972c908cfacf59b47c1afbc0ab8ac,0x986650e4bf9a73dd6e5c8dd9bb1c069a1854be2fb948b6bb86a26510de623efc
206,275.90401722,0.3959222647180128,0x30937f96903e547ab630920622c77b4b1629439c,2017-10-12T08:22:56.000Z,0.001435000000026505,0x3c3aef0043c8629556d0b20425aca08a1509d1dc,buy,0xb64ef51c888972c908cfacf59b47c1afbc0ab8ac,0x08d049041375c5ee9e6a895a16cfc5ccab49d0b93193b96d2e179c8b32558c39
207,1.04258813,0.0011989763495,0x3c3aef0043c8629556d0b20425aca08a1509d1dc,2017-10-11T13:51:45.000Z,0.00115,0x9ce56214d73192b84d1304690537c8d7d123c363,sell,0xb64ef51c888972c908cfacf59b47c1afbc0ab8ac,0x3346927cf787573aea8ad64fd9ace76f09d979fa3a22025692fe6f3ce12ab15a
208,693.0176578,0.9972524095786767,0xddec6c333538fcd3de7cfb56d6beed7fd8dee604,2017-10-11T06:56:55.000Z,0.0014390000000064596,0x5a1936723a772f46bb1c5037e4d75ea9fe992036,buy,0xb64ef51c888972c908cfacf59b47c1afbc0ab8ac,0x0d987bd3de41f33a91bef8528cdcdb58cfcb280bd5176369e26d144e47e546a4
209,41,0.05904,0x8d5b27e8d27585542b71aac7c8f5afec253bc145,2017-10-09T09:27:01.000Z,0.00144,0x3c3aef0043c8629556d0b20425aca08a1509d1dc,buy,0xb64ef51c888972c908cfacf59b47c1afbc0ab8ac,0x4b4a536e5815e085fd869f2fc59e52d89cc15df8499bdb2eaba77b8706b9e930
210,5.5,0.00792,0x8d5b27e8d27585542b71aac7c8f5afec253bc145,2017-10-09T08:46:49.000Z,0.00144,0xa297217c4e7ef5f6ffbf40992b12676fc4aad75b,buy,0xb64ef51c888972c908cfacf59b47c1afbc0ab8ac,0xbbda53763a1b424b6c891c2fda5ff48d66be27055e116b612bdd5593dbf69b8e
211,54.468,0.0762552,0x8d5b27e8d27585542b71aac7c8f5afec253bc145,2017-10-09T08:44:32.000Z,0.0014,0x1ce34f4f88cf63d193634657706c1a6862aaff9a,buy,0xb64ef51c888972c908cfacf59b47c1afbc0ab8ac,0x4c3528ad23e989e0ab5df5d903319183e8d6a6254cddf5b518d468e1e51da5ef
212,8.70975551,0.0105388041671,0xbd0b3dc6af6f5b1fb13667d7acd10b2f06e09eb4,2017-10-09T06:08:01.000Z,0.00121,0x57b070709b9baffa065ec5a284ebf26b98398dcc,sell,0xb64ef51c888972c908cfacf59b47c1afbc0ab8ac,0x9c8c6fd21bf032e8ed4cdef5f320921d138ef6b673967c837bd1c9967ec96b5e
213,246.22720365,0.2979349164165,0xbd0b3dc6af6f5b1fb13667d7acd10b2f06e09eb4,2017-10-08T23:32:45.000Z,0.00121,0x30937f96903e547ab630920622c77b4b1629439c,sell,0xb64ef51c888972c908cfacf59b47c1afbc0ab8ac,0x0e44bc6ea6c7b6c8df0906a9338e5fbc91c384c43754afce78a2b0c520817e59
214,3.43734423,0.0041591865183,0xbd0b3dc6af6f5b1fb13667d7acd10b2f06e09eb4,2017-10-08T23:20:32.000Z,0.00121,0x7250a3590fab3e1850a416f721481354adea9914,sell,0xb64ef51c888972c908cfacf59b47c1afbc0ab8ac,0xf8d7684a0c211e1ed08783fb5f428846ea3c61be8573ad9b6bec88697b6c07d2
215,246.26365061,0.2979790172381,0xbd0b3dc6af6f5b1fb13667d7acd10b2f06e09eb4,2017-10-08T23:02:10.000Z,0.00121,0x30937f96903e547ab630920622c77b4b1629439c,sell,0xb64ef51c888972c908cfacf59b47c1afbc0ab8ac,0x81a62a98968511a3dad116acc47e6b10c888ea0a32a019340ee8789e4d3e6417
216,1846.58950978,2.2343733068338,0xbd0b3dc6af6f5b1fb13667d7acd10b2f06e09eb4,2017-10-08T21:47:52.000Z,0.00121,0xf142f26d1cac4ba8a6e6d7974d243eda2fe5f4f9,sell,0xb64ef51c888972c908cfacf59b47c1afbc0ab8ac,0x2212056f301dd84061212e804a58edc4f02d7b9ffda4486ff89d65d8bbe3ba32
217,269.58763192,0.3262010346232,0xbd0b3dc6af6f5b1fb13667d7acd10b2f06e09eb4,2017-10-08T21:47:52.000Z,0.00121,0xbfb50b318ebd18975bd60b8d21488a8595debe74,sell,0xb64ef51c888972c908cfacf59b47c1afbc0ab8ac,0xecea25c81a673e74ff0d17363dc11c70acff4fa6d175f78f8371ae07299a2d1f
218,2350,2.8435,0xbd0b3dc6af6f5b1fb13667d7acd10b2f06e09eb4,2017-10-08T21:31:18.000Z,0.00121,0x6bad391397f5f6047d3b6752576ee1a4ae3d2927,sell,0xb64ef51c888972c908cfacf59b47c1afbc0ab8ac,0x3edb03c1b357b8ef93361909d1669b308682a098d80c9d04d74c8a91b5d6ecae
219,193.22001794,0.23379641492741793,0x7b6b2f3c88ce2ecedc01c545f13faf36034d772f,2017-10-08T01:41:09.000Z,0.001210001,0xe1ea1b23cd7d94089c165a26a9a7c126164a6e19,sell,0xb64ef51c888972c908cfacf59b47c1afbc0ab8ac,0xcec066b0aa867e06cce77da2ec4acf7bf5759a18743d2434e68cdaf28a7dd8aa
220,189.38291296,0.248072677686304,0xc6bf85026ae997894e4c765156d27ab57029961b,2017-10-07T20:05:40.000Z,0.0013099,0x78b0e4933f5b7d90102367e28efcde256998411e,sell,0xb64ef51c888972c908cfacf59b47c1afbc0ab8ac,0xf34fa8b8500dbdc0b36165621cda963cc7e08265678c16c7982abf3d31b48ed2
221,10,0.01401201,0xf36990a2cb4d609e0a7d4f3bf884c0342d81fd3d,2017-10-07T19:32:15.000Z,0.001401201,0x78b0e4933f5b7d90102367e28efcde256998411e,sell,0xb64ef51c888972c908cfacf59b47c1afbc0ab8ac,0x30a740c15cdb4b8986460ded4550b6f1a1a6f46f378ee2bf96c20880fa43bbab
222,50.38006136,0.07310146903336,0x5d5065b42bdee0274e394ba9042c21e1818c69cf,2017-10-07T19:27:20.000Z,0.001451,0x7aa6e2506316f6d613277d4f2f4e4e1dc55e528e,sell,0xb64ef51c888972c908cfacf59b47c1afbc0ab8ac,0x6901a2712f99d46815939164f3f68070acaf0d05bd4188b9b10aabc8f73a54f1
223,50.53165633,0.070744318862,0x7aa6e2506316f6d613277d4f2f4e4e1dc55e528e,2017-10-07T19:27:20.000Z,0.0014,0x1ce34f4f88cf63d193634657706c1a6862aaff9a,buy,0xb64ef51c888972c908cfacf59b47c1afbc0ab8ac,0x6901a2712f99d46815939164f3f68070acaf0d05bd4188b9b10aabc8f73a54f1
224,6.9,0.0100119,0x5d5065b42bdee0274e394ba9042c21e1818c69cf,2017-10-07T16:56:26.000Z,0.001451,0x2f7401e2e8a12cfc4f5e39b7ef92aa8fd1a65ec4,sell,0xb64ef51c888972c908cfacf59b47c1afbc0ab8ac,0x31b5bb61b199e4402be87b97783d928879f212627c3621290ab67ff5ca1460cc
225,50,0.07255,0x7f81df864ba89ec70e7e11e7614b9f54051d3bff,2017-10-07T15:52:55.000Z,0.001451,0x1db61b8d3a64afac73ddfacddb84c8e5b6f5c76e,buy,0xb64ef51c888972c908cfacf59b47c1afbc0ab8ac,0x62ca2285c90ebddfbed245d2f2da7b9f65fa8953c2d69e5b9928f74ee9e3e667
226,105.15982502,0.13000961747252626,0x30937f96903e547ab630920622c77b4b1629439c,2017-10-07T14:23:38.000Z,0.001236305000011175,0x6079ca4a2d8a1b5d2a31b482ee9e5eb6ccfec368,sell,0xb64ef51c888972c908cfacf59b47c1afbc0ab8ac,0x712adcd5ea2078657bf01b81cbcb1064f8dc99b615e2eb8feb68732984211947
227,2,0.00288,0xeeb12121316645ac76b40ac9d130de4b2f655f6e,2017-10-07T14:08:57.000Z,0.00144,0xa297217c4e7ef5f6ffbf40992b12676fc4aad75b,buy,0xb64ef51c888972c908cfacf59b47c1afbc0ab8ac,0xbcf46777159b41564a714416a18b9ddee6084fc25906fc5cb9b4ee9cd4b581f4
228,1102.98774422,1.54638881739644,0x474f6f7233829b81d6f59edfd77d7d343534d7b8,2017-10-07T08:25:19.000Z,0.001402,0x097501c95264ad3204159efaefdc5820783dbeae,sell,0xb64ef51c888972c908cfacf59b47c1afbc0ab8ac,0x3e6e4e443c0e5f18421710781cd9d299f97e1f6e8c641810917540cfdfc00302
229,296.64224952,0.41589243382704,0x474f6f7233829b81d6f59edfd77d7d343534d7b8,2017-10-07T06:01:43.000Z,0.001402,0x30937f96903e547ab630920622c77b4b1629439c,sell,0xb64ef51c888972c908cfacf59b47c1afbc0ab8ac,0x8a8955584e9fc951fc209df816122502de208c847ab41b0b9c01423c5c83b81e
230,298.47021013,0.41845523460226,0x474f6f7233829b81d6f59edfd77d7d343534d7b8,2017-10-07T05:30:22.000Z,0.001402,0x30937f96903e547ab630920622c77b4b1629439c,sell,0xb64ef51c888972c908cfacf59b47c1afbc0ab8ac,0xde6746efb083cd2c6c834766775f40ba9827a0ba4f51327fcd6f13f1950e2872
231,298.48012725,0.4184691384045,0x474f6f7233829b81d6f59edfd77d7d343534d7b8,2017-10-07T05:11:34.000Z,0.001402,0x30937f96903e547ab630920622c77b4b1629439c,sell,0xb64ef51c888972c908cfacf59b47c1afbc0ab8ac,0xd63ed88b867ba4c8b4a28201810191de200a90871fe89c5168902df4bcb30b6f
232,199,0.288749,0xdb039da8fc69a8882a40ac0b1e9cfd536d84e018,2017-10-07T01:31:07.000Z,0.001451,0x30937f96903e547ab630920622c77b4b1629439c,sell,0xb64ef51c888972c908cfacf59b47c1afbc0ab8ac,0x2112d2fd70a71b7ee8ecb8a3aa893f3e92f22cff880ec360b41de90229f3b5ce
233,10.90910364,0.015818200278,0x3c3aef0043c8629556d0b20425aca08a1509d1dc,2017-10-06T13:28:07.000Z,0.00145,0x936efab40ca56398c9109497309c2fd391450bd8,sell,0xb64ef51c888972c908cfacf59b47c1afbc0ab8ac,0xcd32637b60f2d400b06d39a3768e92dda3a39ee85847b9d8b8d898e168d1a4c8
234,100,0.145,0x3c3aef0043c8629556d0b20425aca08a1509d1dc,2017-10-05T21:32:59.000Z,0.00145,0xcdd53f530ab4fb824fc9f2a321f3c001b4a710cc,sell,0xb64ef51c888972c908cfacf59b47c1afbc0ab8ac,0xe88ebd7de9b527c51d8e97cb2cf753bfd17db5c6527a11e692ad83532308214f
235,5,0.00795,0xb0a6029a6caf9863c5871f26ae8085947ccfafc8,2017-10-05T11:22:55.000Z,0.00159,0x3c3aef0043c8629556d0b20425aca08a1509d1dc,buy,0xb64ef51c888972c908cfacf59b47c1afbc0ab8ac,0xb002410116efdb8100e8bb6a1f227dabfc5e428beb568ac24acc63938403fd00
236,200,0.01,0x78b0e4933f5b7d90102367e28efcde256998411e,2017-10-05T00:08:59.000Z,0.00005,0x3e2c2b39a4074819a50593bf246768e4e55303df,sell,0xb64ef51c888972c908cfacf59b47c1afbc0ab8ac,0xde0750cc1482c8b494fe9fc724caa2801e0818c911d0586510ae8f5d3b944a5d
237,1000,1.3,0x1f8fe009d20bd4cfd0e9c9dbcea2ccb9697d3a36,2017-10-05T00:08:45.000Z,0.0013,0x3e2c2b39a4074819a50593bf246768e4e55303df,sell,0xb64ef51c888972c908cfacf59b47c1afbc0ab8ac,0xef247cf04f8208d2d70d2d188f667b4d6d25b3ec53ba3c980b2b3e2facf7287c
238,2.457,0.003685497543,0x01691ef6f3fe1b1e0727927512884859d42db2cf,2017-10-04T21:11:49.000Z,0.001499999,0xd25a67dacd02085b996309011bb4b86b8049cd70,buy,0xb64ef51c888972c908cfacf59b47c1afbc0ab8ac,0xa781017eb9f3a40da41cfc1ee0b3db7435bddbf040971e0af02660c40f75a23d
239,68.01075419,0.102016131285,0x474f6f7233829b81d6f59edfd77d7d343534d7b8,2017-10-04T18:07:50.000Z,0.0015,0x5c318f90cb90e04f7dc22b8d889500fc045be867,sell,0xb64ef51c888972c908cfacf59b47c1afbc0ab8ac,0x5c44e7a4b0e35c8905ae0e4e39489693cfd331e8393d1d7bb36bd5a44d6dc2ed
240,44.62453886,0.069168035233,0xcb71b4de0ee8891a720f03972540d2b1c760e2ee,2017-10-04T18:06:26.000Z,0.00155,0x5c318f90cb90e04f7dc22b8d889500fc045be867,sell,0xb64ef51c888972c908cfacf59b47c1afbc0ab8ac,0xd76d209be49fe86b4ac8fcf757cc15ed4798d38e5700c59379ee317def43ff97
241,1.34320307,0.0020819647585,0xcb71b4de0ee8891a720f03972540d2b1c760e2ee,2017-10-04T13:54:12.000Z,0.00155,0xceab7249ae5c111762a70ef555003d0c8dc040af,sell,0xb64ef51c888972c908cfacf59b47c1afbc0ab8ac,0x84bd05709e4bddd2d1ca866dff453ed193725fbe881833ad0bbd78b344e17394
242,4.211,0.006527054211,0x2475fe4d7a9d7d2e7908baf6697b801596bf5148,2017-10-04T13:46:00.000Z,0.001550001,0xceab7249ae5c111762a70ef555003d0c8dc040af,sell,0xb64ef51c888972c908cfacf59b47c1afbc0ab8ac,0x310f02c5a6dc0ed60a6199050c9e3b6116a5bf585c99de4dee7991f0ad4d5f0c
243,640.78855547,0.9932229017670555,0x2475fe4d7a9d7d2e7908baf6697b801596bf5148,2017-10-04T08:27:01.000Z,0.001550001,0x6ce2302510170e68c6c69ef978a9d0f99852676d,sell,0xb64ef51c888972c908cfacf59b47c1afbc0ab8ac,0xbb2789f3bd8253cb139fdf87bd9ef52821f89a9fca35244902b1a2fc748e1dd8
244,85,0.1326,0xd98a3954353055ab642c9159c7f3b25dac2dc29b,2017-10-04T08:15:58.000Z,0.00156,0x6ce2302510170e68c6c69ef978a9d0f99852676d,sell,0xb64ef51c888972c908cfacf59b47c1afbc0ab8ac,0x051c41d67edcfd4952fcfb72513c56ade2174d1653cc204869329b21b048dab9
245,125.786,0.19999974,0x1657e36d67e3ca976cb3990cb611b061244a5680,2017-10-04T05:28:30.000Z,0.00159,0x3c3aef0043c8629556d0b20425aca08a1509d1dc,buy,0xb64ef51c888972c908cfacf59b47c1afbc0ab8ac,0x42d0653d865bb7d049884c49f58c541ae5549e8ad9a1a48ce6337a0e598f27e7
246,125.786,0.19999974,0x1657e36d67e3ca976cb3990cb611b061244a5680,2017-10-04T05:26:27.000Z,0.00159,0x3c3aef0043c8629556d0b20425aca08a1509d1dc,buy,0xb64ef51c888972c908cfacf59b47c1afbc0ab8ac,0x42d0653d865bb7d049884c49f58c541ae5549e8ad9a1a48ce6337a0e598f27e7
247,50.21397695,0.07984022335067939,0x8dc0b08948ad9296db80a7a6bcb0270dc01efbaf,2017-10-03T22:56:41.000Z,0.0015900000000035725,0x3c3aef0043c8629556d0b20425aca08a1509d1dc,buy,0xb64ef51c888972c908cfacf59b47c1afbc0ab8ac,0x78ee2cd7e4be1b194b022798440be80eeedd73ee3a99dcaa0654fdcaf42fd7e1
248,537.41785321,0.9969095803010667,0x2130394ecc841feebd4cc175fd606064961051aa,2017-10-02T17:46:27.000Z,0.0018549990000267388,0x7b6b2f3c88ce2ecedc01c545f13faf36034d772f,buy,0xb64ef51c888972c908cfacf59b47c1afbc0ab8ac,0x58a051b2ed210c0db470e5e50f5b55ca8dda2cbc922e9a314b02d02c3e977741
249,4.03548998,0.0062146545692,0x7434dcca9f6faf4e8eca1f9daf1f1265a1eba9e3,2017-10-01T12:58:11.000Z,0.00154,0x4214998c91fd0f8e2e1be6fbb9957abeebdd4e64,sell,0xb64ef51c888972c908cfacf59b47c1afbc0ab8ac,0xa47cc9b73ef9328acf00787979fd51164f4a068dddbb9d6d36bebbadca41b4c1
250,20,0.03709998,0x76c6d1597b3c1a316010ed9c135c9e62ae12c16c,2017-10-01T12:11:29.000Z,0.001854999,0x7b6b2f3c88ce2ecedc01c545f13faf36034d772f,buy,0xb64ef51c888972c908cfacf59b47c1afbc0ab8ac,0xe845dabfdd6a69c93888103d6092f705affccee1004dd4c6432711feccd255b5
251,1.1,0.0020404989,0x58319288a01eff24620ee5237315f9e1e9dc0e36,2017-10-01T01:48:10.000Z,0.001854999,0x7b6b2f3c88ce2ecedc01c545f13faf36034d772f,buy,0xb64ef51c888972c908cfacf59b47c1afbc0ab8ac,0x80c7ad670cb989a2956627cb13fdcd1a16ba54dd5556a1423cba02e7fa1a041a
252,42.20780878,0.073863665365,0x477ebc76482312877ea4727163b883d481bbf4fd,2017-09-30T20:16:49.000Z,0.00175,0x00a79a30836a3e30e4aac89644e548916ac82966,sell,0xb64ef51c888972c908cfacf59b47c1afbc0ab8ac,0x470a83617144106e5e7f7231d97b5b2153986d15a791ea0da95d7a9ee79cfddf
253,712.98333479,1.0766048355399676,0xf732b16f5aee6cd2db5b30a7a3860764a48b19ff,2017-09-30T03:39:18.000Z,0.0015100000000099125,0xa0db07ca4a351f4b76c1749ddd44b739748182ab,buy,0xb64ef51c888972c908cfacf59b47c1afbc0ab8ac,0x534816a8cff11439fa4d7e5bf525842a30fcd52f8d76517743dda8c84206fe8c
254,171.1086652,0.2583740844600325,0x30937f96903e547ab630920622c77b4b1629439c,2017-09-30T03:35:06.000Z,0.0015100000000469438,0xa0db07ca4a351f4b76c1749ddd44b739748182ab,buy,0xb64ef51c888972c908cfacf59b47c1afbc0ab8ac,0xf2de24d85ba24dd5c2c8e368103104d54bfa2fb4613da68e94e024ddf387e40a
255,0.29814861,0.0005217600675,0x477ebc76482312877ea4727163b883d481bbf4fd,2017-09-29T13:04:43.000Z,0.00175,0xa0db07ca4a351f4b76c1749ddd44b739748182ab,sell,0xb64ef51c888972c908cfacf59b47c1afbc0ab8ac,0xe1cdff67dd3cacdd6091f59dd12fbd4ea4e3643e71f32d0f56c1b47d6f10eb88
256,293,0.52414184,0x477ebc76482312877ea4727163b883d481bbf4fd,2017-09-29T06:39:52.000Z,0.00178888,0x3c3aef0043c8629556d0b20425aca08a1509d1dc,buy,0xb64ef51c888972c908cfacf59b47c1afbc0ab8ac,0x1742260c279ba72257c4f52c6de61742ff1e6a0b7860ec86b677c2061565e03c
257,1,0.001854999,0x0249924245a19aa2d7f5ddb0739a7132b7d094ab,2017-09-29T05:52:31.000Z,0.001854999,0x7b6b2f3c88ce2ecedc01c545f13faf36034d772f,buy,0xb64ef51c888972c908cfacf59b47c1afbc0ab8ac,0xec74248dea0a0ec79ea40b34971aad97d66aeaaeee5f822fcfe0552122b2d42b
258,2990.7287409,4.492744492069762,0x7b6b2f3c88ce2ecedc01c545f13faf36034d772f,2017-09-29T04:46:38.000Z,0.001502224,0xa0db07ca4a351f4b76c1749ddd44b739748182ab,sell,0xb64ef51c888972c908cfacf59b47c1afbc0ab8ac,0xa7c666f682e4b055b680c08afd662bb4b8b6cb07f31dcaa9acccc02750dc9628
259,1,0.00178888,0xa0be78d2bac6a692adba423c7af50ec86a18bddf,2017-09-28T14:25:14.000Z,0.00178888,0x3c3aef0043c8629556d0b20425aca08a1509d1dc,buy,0xb64ef51c888972c908cfacf59b47c1afbc0ab8ac,0xf38a01810f704fe0bea5df0cb0aed87f435b49436e12bc9ad40e79369f8cbaa1
260,6.03452152,0.010475325906568,0x7983c67d0d0c8742e1b60de04c880fc450a0a495,2017-09-28T14:03:27.000Z,0.0017359,0x2256c01a9c0e2de68cb7d27f7e39dc4e1c7d3783,sell,0xb64ef51c888972c908cfacf59b47c1afbc0ab8ac,0xc63138bcb712fd972fc417ffb7b1be0b568b5c48227d6242730a093bb2a1cfea
261,228.69197509,0.343037962635,0x3c3aef0043c8629556d0b20425aca08a1509d1dc,2017-09-28T05:02:28.000Z,0.0015,0x1ed014aec47fae44c9e55bac7662c0b78ae61798,sell,0xb64ef51c888972c908cfacf59b47c1afbc0ab8ac,0x672b4b257a92ebe2f07f2425886efc82a9c6b4286dfe591c86b791b4cdaf1e50
262,66,0.099,0x3c3aef0043c8629556d0b20425aca08a1509d1dc,2017-09-27T22:28:20.000Z,0.0015,0x7d4f53312b201465ec4ee7833fe37796bd871b0c,sell,0xb64ef51c888972c908cfacf59b47c1afbc0ab8ac,0x585e1cd99f37315cddcde80e3fc86f50ca363d8aa703fd41dae88424498672ab
263,25,0.1,0xb3c74e8478cb91b17d0f78e3d0e3ea574c9fe2f8,2017-09-27T20:48:30.000Z,0.004,0x244beb883da53d9f6169762af296e944aba5bb84,buy,0xb64ef51c888972c908cfacf59b47c1afbc0ab8ac,0x75ad10b9ecff00a353aa875f58cc59aca6525cb414ac4ec7238737d0ecff0011
264,6.55,0.009825,0xddb3d01b6f279d63eb78f0fb0cb0b6e3157cecf5,2017-09-27T17:55:37.000Z,0.0015,0xb4c17684dad3b118985aef417f46c0f37aa9e09e,sell,0xb64ef51c888972c908cfacf59b47c1afbc0ab8ac,0x60568d65be141a53c535dcd3cc5e3072d583dc9521f2c941333da44255dfae33
265,25.693,0.0462448307,0x6a978586c0c8127f93ad00c51410f576968c415a,2017-09-27T14:18:27.000Z,0.0017999,0xee004e564e2d0f6ead3613df41b7f69bb76a73e0,buy,0xb64ef51c888972c908cfacf59b47c1afbc0ab8ac,0x02be839ddf1d16cb0ac8f890a2ec2b1d05ad43ad5649b86ef1b43c3708385f4b
266,10.94292187,0.019696165085267413,0x936efab40ca56398c9109497309c2fd391450bd8,2017-09-27T08:39:01.000Z,0.0017999000010467416,0xee004e564e2d0f6ead3613df41b7f69bb76a73e0,buy,0xb64ef51c888972c908cfacf59b47c1afbc0ab8ac,0x2c5d34c395e3c386d72b85def707e35010b6e62d354653447f3a7769351cb0c2
267,5.66,0.009621434,0xddca6692d9519f561b6bd5e8f3e044f3eb86e766,2017-09-27T05:38:56.000Z,0.0016999,0xee004e564e2d0f6ead3613df41b7f69bb76a73e0,buy,0xb64ef51c888972c908cfacf59b47c1afbc0ab8ac,0x49b2796a10f5bd2c3041ae24d04f5d88059844087ac0421e8b3443a26feaa11e
268,25,0.04225,0xddca6692d9519f561b6bd5e8f3e044f3eb86e766,2017-09-27T05:06:18.000Z,0.00169,0x1db61b8d3a64afac73ddfacddb84c8e5b6f5c76e,buy,0xb64ef51c888972c908cfacf59b47c1afbc0ab8ac,0xa3e431d6763dd636e12d241af03e84f0b02e47e77884af7d6e8d1b1a9b8c82c0
269,6.395,0.01119125,0xddca6692d9519f561b6bd5e8f3e044f3eb86e766,2017-09-27T05:03:48.000Z,0.00175,0xee004e564e2d0f6ead3613df41b7f69bb76a73e0,buy,0xb64ef51c888972c908cfacf59b47c1afbc0ab8ac,0x0de9ca329efb93bc202d571242648afc13a55f9bf6ff0c28bfb904bab7565c74
270,39.733,0.0635728,0xddca6692d9519f561b6bd5e8f3e044f3eb86e766,2017-09-27T04:58:54.000Z,0.0016,0x1fdf047bf7a114b37e7936d01e9cad754ad18803,buy,0xb64ef51c888972c908cfacf59b47c1afbc0ab8ac,0x827b3c8c1dec4285ff25ba73a2a80a7cb8d540cfd8ad9af54bfee1906e509215
271,25,0.03975,0xee004e564e2d0f6ead3613df41b7f69bb76a73e0,2017-09-26T20:19:20.000Z,0.00159,0x1db61b8d3a64afac73ddfacddb84c8e5b6f5c76e,buy,0xb64ef51c888972c908cfacf59b47c1afbc0ab8ac,0x2f13f0a561165749a8dab9e69412991c24b904d33cba6e99f1a55e3e94249f81
272,9.29418801,0.01329998304231,0xb035fb02b50f47c95755f6e85935541d6e02b9fa,2017-09-26T15:42:37.000Z,0.001431,0x2bf4a0b6fc4e649c24404cc57972a464c220205a,sell,0xb64ef51c888972c908cfacf59b47c1afbc0ab8ac,0x737ab206a7ea0ee2a6b16920513d926bf45911703b232ea3df70a575e1361109
273,6.969,0.010000521969,0x2f7401e2e8a12cfc4f5e39b7ef92aa8fd1a65ec4,2017-09-26T09:37:41.000Z,0.001435001,0x1db61b8d3a64afac73ddfacddb84c8e5b6f5c76e,buy,0xb64ef51c888972c908cfacf59b47c1afbc0ab8ac,0x67b713c7df91317f156589d43a3bda3597574b397bbf78d4285a44587f95345d
274,0.2,0.00032,0x97af61fe4ca0e53368f498afa304eaebc59019a2,2017-09-26T04:48:26.000Z,0.0016,0x1fdf047bf7a114b37e7936d01e9cad754ad18803,buy,0xb64ef51c888972c908cfacf59b47c1afbc0ab8ac,0x0744f3b2a34628283fbf18ecf280e8334676620314854ef5c227dbbc93aa9f76
275,0.5,0.00084995,0x97af61fe4ca0e53368f498afa304eaebc59019a2,2017-09-26T04:45:34.000Z,0.0016999,0xee004e564e2d0f6ead3613df41b7f69bb76a73e0,buy,0xb64ef51c888972c908cfacf59b47c1afbc0ab8ac,0xa20faa44164d4585a8cd08bdb7c0a61fe0e1db8c329e60a5c1bdc1d8def58135
276,0.5,0.00084995,0xc12ca201a331ffd2b2681be817292c3e0171c16b,2017-09-26T04:33:39.000Z,0.0016999,0xee004e564e2d0f6ead3613df41b7f69bb76a73e0,buy,0xb64ef51c888972c908cfacf59b47c1afbc0ab8ac,0x868d1c673a55e466ed19fe298bee25743befa00c1cb2e6509289b26cd2fa34db
277,0.265,0.0003789765,0xee004e564e2d0f6ead3613df41b7f69bb76a73e0,2017-09-25T12:14:02.000Z,0.0014301,0x18a902dc44442205b4ba2b1dc038e67506d22c55,sell,0xb64ef51c888972c908cfacf59b47c1afbc0ab8ac,0x85b1939ebb2a8f58f6a6ece8b493474b9d72b6e46c140f0067a1ca58136943d5
278,0.26629754,0.0005,0xc886b21b865e7c90432d9b8bdb14ad254f2232f5,2017-09-25T07:58:04.000Z,0.0018775990195027711,0x7b6b2f3c88ce2ecedc01c545f13faf36034d772f,buy,0xb64ef51c888972c908cfacf59b47c1afbc0ab8ac,0xe47753023b10234054cb9b7cf9ff7923cc4bd19b79fe013d51b11c0d280ff052
279,0.26629754,0.0005,0xe37bd4d49c619e748d4efe74525489d26b6aff43,2017-09-25T06:36:04.000Z,0.0018775990195027711,0x7b6b2f3c88ce2ecedc01c545f13faf36034d772f,buy,0xb64ef51c888972c908cfacf59b47c1afbc0ab8ac,0xb04116bd0d6334444f1283d5cebb36c7966999bfdc507eb9d385be4a347fce3a
280,6.129997,0.00876589571,0xee004e564e2d0f6ead3613df41b7f69bb76a73e0,2017-09-25T01:18:36.000Z,0.00143,0xd82fd1e402c24946b15706da19a3af0616fd4a09,sell,0xb64ef51c888972c908cfacf59b47c1afbc0ab8ac,0xc09b261180c35c3374e107c927b1d9ff2fc03479f2641d13cbf6a9f285e07ffc
281,0.26629754,0.0005,0x23ee598e50ff1b1bde1022bf3c8a41d4c23321a0,2017-09-25T00:57:01.000Z,0.0018775990195027711,0x7b6b2f3c88ce2ecedc01c545f13faf36034d772f,buy,0xb64ef51c888972c908cfacf59b47c1afbc0ab8ac,0x790e6fa0ecef37b6a598b971aeae71f9be677e485f6926f398341214b33a89d9
282,0.26629754,0.0005,0xe5a759eb3e214ff0a2bbbea31acc41c9bf27b239,2017-09-25T00:34:29.000Z,0.0018775990195027711,0x7b6b2f3c88ce2ecedc01c545f13faf36034d772f,buy,0xb64ef51c888972c908cfacf59b47c1afbc0ab8ac,0x5e14ff2bf5f0e3ae7618805e487125cfb434c2502ee5361ed93dfa8e6cf3814e
283,0.26629754,0.0005,0x160506e5a5ce5dadd43623689f53d5aa1f288f0f,2017-09-25T00:17:49.000Z,0.0018775990195027711,0x7b6b2f3c88ce2ecedc01c545f13faf36034d772f,buy,0xb64ef51c888972c908cfacf59b47c1afbc0ab8ac,0xf9b4d375e9a5a89e13f6b5c7dde1773d545466aa42a253a2c9e4f87e5b0be403
284,0.265,0.00037895,0xee004e564e2d0f6ead3613df41b7f69bb76a73e0,2017-09-24T23:37:13.000Z,0.00143,0xd868b838b5de79f1e540b5d83c9e9a3d0b3810cd,sell,0xb64ef51c888972c908cfacf59b47c1afbc0ab8ac,0x0e1c41fac0a2e5074e975261e8de3ae19131e91bfa022b23f0c328404a21b685
285,0.26629754,0.0005,0xc22f5ab4f1591613a92b4d172cc7f4e4a5af58cd,2017-09-23T23:30:16.000Z,0.0018775990195027711,0x7b6b2f3c88ce2ecedc01c545f13faf36034d772f,buy,0xb64ef51c888972c908cfacf59b47c1afbc0ab8ac,0x0f7a4b58fc2ef3f97a35e5f1a49e45e92fb3b1c264ac78d30cc2220ba9d0cb6d
286,0.26629754,0.0005,0x452b06f1c61cff4c9bebaa405319a7c3b12553a2,2017-09-23T23:29:51.000Z,0.0018775990195027711,0x7b6b2f3c88ce2ecedc01c545f13faf36034d772f,buy,0xb64ef51c888972c908cfacf59b47c1afbc0ab8ac,0x9ca39b09eece7c809a6c4729302035d65dedd8fed649ab58a537ff671cd35b5e
287,0.26629754,0.0005,0x2ba19ec4bcd5ae8de66b110bde5ebf41092bd02f,2017-09-23T19:24:24.000Z,0.0018775990195027711,0x7b6b2f3c88ce2ecedc01c545f13faf36034d772f,buy,0xb64ef51c888972c908cfacf59b47c1afbc0ab8ac,0xed1ff40895fd32c3f92765830dca8b75cff44337cd5f6fa49521e1f03e0538f1
288,8.47871598,0.01271807397,0x9f6257d23183bc9327cec95327680c349ac8c2d8,2017-09-23T19:23:46.000Z,0.0015,0xa049c647eb5ad083dd3fb06d2a43dbde30532072,sell,0xb64ef51c888972c908cfacf59b47c1afbc0ab8ac,0xd95d4ec4bb87ac88931d157a099886d88e6918d295b9aea129a8fc8e972a23d3
289,0.26629754,0.0005,0x18a902dc44442205b4ba2b1dc038e67506d22c55,2017-09-23T16:33:46.000Z,0.0018775990195027711,0x7b6b2f3c88ce2ecedc01c545f13faf36034d772f,buy,0xb64ef51c888972c908cfacf59b47c1afbc0ab8ac,0xcafd78f027f848d18a7ce7a1201f9cef2178b64f7aa81867766992a0cb94f03d
290,0.26629754,0.0005,0xd868b838b5de79f1e540b5d83c9e9a3d0b3810cd,2017-09-23T16:31:22.000Z,0.0018775990195027711,0x7b6b2f3c88ce2ecedc01c545f13faf36034d772f,buy,0xb64ef51c888972c908cfacf59b47c1afbc0ab8ac,0xcf6a1564a4e03da8fefda058577edff5d53e196d8b5aa30ae37d4eddf338ee53
291,0.5,0.0009387995,0x636d925f140f761f7a0e600db2177dd068ddada1,2017-09-23T11:22:42.000Z,0.001877599,0x7b6b2f3c88ce2ecedc01c545f13faf36034d772f,buy,0xb64ef51c888972c908cfacf59b47c1afbc0ab8ac,0x226f25b45020057c43353042c8c351299b643063837051da3200316b543fe73c
292,1,0.0018776,0x18bc639218a3abdf0772a49c3c4ea2ee9148ddc4,2017-09-23T09:41:48.000Z,0.0018776,0x8b018941399d1df7bde73cfb816e01a42b0c0ed2,buy,0xb64ef51c888972c908cfacf59b47c1afbc0ab8ac,0x8a701e19b8412869cc8f09caa62c03b8aa02a940ec17c5a1de10af4be31c083a
293,1,0.001877599,0x0c3d0fc12a1ab89e3b00180bf9988762a44d69d4,2017-09-23T07:05:42.000Z,0.001877599,0x7b6b2f3c88ce2ecedc01c545f13faf36034d772f,buy,0xb64ef51c888972c908cfacf59b47c1afbc0ab8ac,0x64234949d52a702640cf2e3534344318e32e436662083a4e1f325371dde2c1c8
294,15.67640315,0.02276230981423465,0x7b6b2f3c88ce2ecedc01c545f13faf36034d772f,2017-09-22T18:55:46.000Z,0.001452011,0xbfb50b318ebd18975bd60b8d21488a8595debe74,sell,0xb64ef51c888972c908cfacf59b47c1afbc0ab8ac,0x99bcd4b76acc6524fd954bcf99dbcc822edfd4dc975d8aea08d8d4072a2554ca
295,10.58560196,0.01537032580272588,0x7b6b2f3c88ce2ecedc01c545f13faf36034d772f,2017-09-22T18:01:32.000Z,0.001452003,0xb0d049612b26c408efad3ee28a7b18ad038a8147,sell,0xb64ef51c888972c908cfacf59b47c1afbc0ab8ac,0x0f983ee46c39e3f5b16b4a9f8b0f9432fd8bd9d83acea3990875a5b20e4e1740
296,10.61841733,0.01993819160602133,0xb0d049612b26c408efad3ee28a7b18ad038a8147,2017-09-22T16:42:55.000Z,0.0018776990003670662,0x7b6b2f3c88ce2ecedc01c545f13faf36034d772f,buy,0xb64ef51c888972c908cfacf59b47c1afbc0ab8ac,0xd97947e8a633c83e9c76d7dea8b298b2e039ad38a09291077fa40a9237ca5726
297,0.6,0.0008712018,0x7b6b2f3c88ce2ecedc01c545f13faf36034d772f,2017-09-22T15:55:14.000Z,0.001452003,0x08883166cc38107ecf98e7b01bea7c904f481cae,sell,0xb64ef51c888972c908cfacf59b47c1afbc0ab8ac,0xd345116c12ef2dd928d9287acb67ad57b98b21f203420b2c2669826290502c4f
298,120,0.17424036,0x7b6b2f3c88ce2ecedc01c545f13faf36034d772f,2017-09-22T15:44:06.000Z,0.001452003,0x08883166cc38107ecf98e7b01bea7c904f481cae,sell,0xb64ef51c888972c908cfacf59b47c1afbc0ab8ac,0x234bbd76aee64ebcd0353f3c19dca83db31e7e9633da945bdffeffee317f3f36
299,3.85435059,0.00616696479835059,0x7b6b2f3c88ce2ecedc01c545f13faf36034d772f,2017-09-22T13:17:30.000Z,0.001600001,0x842fe1505a875549168f05f29cc1cbbab7a8523d,sell,0xb64ef51c888972c908cfacf59b47c1afbc0ab8ac,0x7a16c92aa350f436ba31fbbcfdddefc221c3082110473cc45f9d35a0fc699909
300,0.753,0.00141412647,0x8b018941399d1df7bde73cfb816e01a42b0c0ed2,2017-09-22T11:23:38.000Z,0.00187799,0x8b018941399d1df7bde73cfb816e01a42b0c0ed2,sell,0xb64ef51c888972c908cfacf59b47c1afbc0ab8ac,0xe11bb37b186d66188fc869c1a9a3f3a4c103ad311f9694d83035ef7849fa5c03
301,149.90272,0.2815158091328,0x8b018941399d1df7bde73cfb816e01a42b0c0ed2,2017-09-22T11:14:16.000Z,0.00187799,0x30937f96903e547ab630920622c77b4b1629439c,sell,0xb64ef51c888972c908cfacf59b47c1afbc0ab8ac,0x63967b4d42eb87ab2eaeabbbea700b0b2db808767815a6dd3477e42b6b6b9c1e
302,3,0.004353009,0x7b6b2f3c88ce2ecedc01c545f13faf36034d772f,2017-09-22T10:02:07.000Z,0.001451003,0x8d6f834e9a49b52dedc2e581a378b3da678eebbf,sell,0xb64ef51c888972c908cfacf59b47c1afbc0ab8ac,0x8420a5af77a3dd9e28098d3a6a43760b45d961c3beb188c9686d4d463641adfb
303,0.26624068,0.0005,0x999dbc9673afdd6b6c140c261297f89de35ff1b3,2017-09-22T06:31:25.000Z,0.00187800001111776,0x7b6784ebaf3d21b4997dc7662c6712f7de0ee7cd,buy,0xb64ef51c888972c908cfacf59b47c1afbc0ab8ac,0x4420ce621fac4ab596717d730ef454b385293acde789e017309b675587314a39
304,0.26624068,0.0005,0x999dbc9673afdd6b6c140c261297f89de35ff1b3,2017-09-22T05:38:17.000Z,0.00187800001111776,0x7b6784ebaf3d21b4997dc7662c6712f7de0ee7cd,buy,0xb64ef51c888972c908cfacf59b47c1afbc0ab8ac,0xadbc9b3cee92a61c2dad0c8655d0863267414c8abf2816b125f0cd69af065f98
305,0.26624068,0.0005,0x8612d2a48328bbf318b856ed0daaa4a7034383d0,2017-09-22T05:30:28.000Z,0.00187800001111776,0x7b6784ebaf3d21b4997dc7662c6712f7de0ee7cd,buy,0xb64ef51c888972c908cfacf59b47c1afbc0ab8ac,0x8e454706862bd17ac28ac921635db6f1a3a2b6751672a8e181c129f2cc734e9c
306,0.26624068,0.0005,0x10c12555236fa11fc988be565ab70c82a4660ecf,2017-09-22T05:29:09.000Z,0.00187800001111776,0x7b6784ebaf3d21b4997dc7662c6712f7de0ee7cd,buy,0xb64ef51c888972c908cfacf59b47c1afbc0ab8ac,0xff2f823250d89e26c50f6befc063c270899cf8e4513531792365996662514e25
307,0.26624068,0.0005,0x8f28b1970e72adb11173044ebc762800e3128238,2017-09-22T05:18:32.000Z,0.00187800001111776,0x7b6784ebaf3d21b4997dc7662c6712f7de0ee7cd,buy,0xb64ef51c888972c908cfacf59b47c1afbc0ab8ac,0x589f4793cb8119c07afbd8bf7ee167e394c770ed435f10ea4bfc83a210f26453
308,0.26595744,0.0005,0x7ed2114439b24152cf18c02c10cae681a7ca2adc,2017-09-22T05:15:28.000Z,0.0018800000481280013,0x81d134852b36e50659a101e9a909213b8dfb1850,buy,0xb64ef51c888972c908cfacf59b47c1afbc0ab8ac,0xd0978a4e20dc3a33bbc76ef26a5bb5efd2a7dfaf5da4eaa7966918ec70d1ea27
309,0.26595744,0.0005,0x03dd03643b71b06642179afb38211c0f45699bc5,2017-09-22T05:09:45.000Z,0.0018800000481280013,0x81d134852b36e50659a101e9a909213b8dfb1850,buy,0xb64ef51c888972c908cfacf59b47c1afbc0ab8ac,0x0ba9b72a8023b7a15802ff408f32da7891ecc1a109e31495f74974e958d83fad
310,1,0.001897998,0x327de23f8dd66a9ab2b517c41bd3f123796d03eb,2017-09-21T18:31:53.000Z,0.001897998,0x7b6b2f3c88ce2ecedc01c545f13faf36034d772f,buy,0xb64ef51c888972c908cfacf59b47c1afbc0ab8ac,0xe092af21b3d8f8104ee7f3585048990da901fbb1663f0d7ca9349f7a549d7442
311,3.83176285,0.00555605996426285,0x7b6b2f3c88ce2ecedc01c545f13faf36034d772f,2017-09-21T16:42:31.000Z,0.001450001,0x9367c27fb007430a71e424fdd6cc3fe2af1d16b0,sell,0xb64ef51c888972c908cfacf59b47c1afbc0ab8ac,0x1f43f17b4ba9110079a39efccab87cdcd90461a7a139d67fdf54ff957bb7d46c
312,100.99019187,0.19178027338630246,0x6b03b0da64d6ce9e7479e5c4c4b627b74a4bf995,2017-09-20T23:56:07.000Z,0.001898999000152137,0x7b6b2f3c88ce2ecedc01c545f13faf36034d772f,buy,0xb64ef51c888972c908cfacf59b47c1afbc0ab8ac,0x36f3162b7da44554e2e0d6cc7c8fb66421d70dffc86f2212fbde3a86a56d8120
313,5.4,0.0076680054,0x6b03b0da64d6ce9e7479e5c4c4b627b74a4bf995,2017-09-20T23:40:40.000Z,0.001420001,0x1b980aebd1f210c395358e753cf33583b08d5dec,buy,0xb64ef51c888972c908cfacf59b47c1afbc0ab8ac,0x637bdbef9dc31e1db6b03488deefe637e1c8deb67b60ec5b06d94d7d6f41604a
314,5.4,0.0076680054,0x6b03b0da64d6ce9e7479e5c4c4b627b74a4bf995,2017-09-20T23:38:51.000Z,0.001420001,0x1b980aebd1f210c395358e753cf33583b08d5dec,buy,0xb64ef51c888972c908cfacf59b47c1afbc0ab8ac,0x637bdbef9dc31e1db6b03488deefe637e1c8deb67b60ec5b06d94d7d6f41604a
315,992.2138756,1.3990225568098755,0x7b6b2f3c88ce2ecedc01c545f13faf36034d772f,2017-09-20T19:04:40.000Z,0.001410001,0x6b08410e09372db6ff8bf30736b868cf1b5049ce,sell,0xb64ef51c888972c908cfacf59b47c1afbc0ab8ac,0x18500872e3e3d91d5e9c8cd129ec412a6233262d526492ee4661a4311c9810dd
316,63.30423678,0.08870214979308312,0x7b6b2f3c88ce2ecedc01c545f13faf36034d772f,2017-09-20T11:22:42.000Z,0.001401204,0x4e4e1c8c6cdd4ff74ed07989d797bcd73afcc31c,sell,0xb64ef51c888972c908cfacf59b47c1afbc0ab8ac,0xce15befd8f1bc2c1e4a9e4faf8ee3ab56af2b50ef4a17f8d2f1a38e68ac4a4e3
317,2091.33485242,2.9301713530605142,0x7b6b2f3c88ce2ecedc01c545f13faf36034d772f,2017-09-19T16:13:02.000Z,0.001401101,0x19615670e465841c4413a475811cd1683b19f194,sell,0xb64ef51c888972c908cfacf59b47c1afbc0ab8ac,0xc79b1127a7fc0bfdb3816f5cedea718a2d68bff38760f3c16ecdbe4c5afc295d
318,4868.5185324,6.821334869449497,0xb035fb02b50f47c95755f6e85935541d6e02b9fa,2017-09-19T14:14:05.000Z,0.001401111,0x19615670e465841c4413a475811cd1683b19f194,sell,0xb64ef51c888972c908cfacf59b47c1afbc0ab8ac,0x91123a8d648b1672f55d905dfb156448e6620ea17e40f2c02c901f9a9857ef69
319,1200,1.680012,0x3dee4a4e076e8d82859d241db0baf46f112cfa23,2017-09-19T06:34:12.000Z,0.00140001,0x19615670e465841c4413a475811cd1683b19f194,sell,0xb64ef51c888972c908cfacf59b47c1afbc0ab8ac,0x6afe93eb162632070da80110d5be7a519943d4186a95c3df03a78fdec599e209
320,1200,1.704024,0x3dee4a4e076e8d82859d241db0baf46f112cfa23,2017-09-19T02:36:56.000Z,0.00142002,0x19615670e465841c4413a475811cd1683b19f194,sell,0xb64ef51c888972c908cfacf59b47c1afbc0ab8ac,0xc7d324df971a466e3a4d6271cac7c30f38de117fca3d8713d69cd8d002547a6f
321,168.31884912,0.286142043504,0x2dd96a23e4056e7d4fa16f5a9d1c76cc4d51d192,2017-09-19T02:29:06.000Z,0.0017,0x19615670e465841c4413a475811cd1683b19f194,sell,0xb64ef51c888972c908cfacf59b47c1afbc0ab8ac,0x3d3c6873c9e1c18dfe36d7f5610ac2311a3f85773a41f9b8eb9d72c4fb00b64e
322,21.33670577,0.036272399809,0xe105d9a941406c426ee79972ce9798be7ad24345,2017-09-19T02:26:27.000Z,0.0017,0x19615670e465841c4413a475811cd1683b19f194,sell,0xb64ef51c888972c908cfacf59b47c1afbc0ab8ac,0x1f93d19fd767066bc66d992c9192f58f183bbbe1679265f8d3be38ec7e72afe4
323,1200,2.064,0x42cd573e485a8822dcd3ee8bd65d20c5b486057b,2017-09-19T02:25:25.000Z,0.00172,0x19615670e465841c4413a475811cd1683b19f194,sell,0xb64ef51c888972c908cfacf59b47c1afbc0ab8ac,0x232b02fa59c8269dad171f72153cd775addcd9f8da7ba858ba77dc23ce4bc34f
324,342,0.59166,0x52d250b8ac3d131861803092da64af2bbd673852,2017-09-19T02:23:07.000Z,0.00173,0x19615670e465841c4413a475811cd1683b19f194,sell,0xb64ef51c888972c908cfacf59b47c1afbc0ab8ac,0x1c96d47cd37ef93849137269a339a53e251ca019fb5ac8579ecf44e801f1c441
325,50,0.13,0xe105d9a941406c426ee79972ce9798be7ad24345,2017-09-18T18:55:23.000Z,0.0026,0x244beb883da53d9f6169762af296e944aba5bb84,buy,0xb64ef51c888972c908cfacf59b47c1afbc0ab8ac,0xe0010955a38265b3bea0c40448a94ba9a86050b15a29d9adc6336eab4cf0d84f
326,250,0.575,0xf26d20d196124228009ce6a8c734dfe0ed16a0a2,2017-09-18T16:39:07.000Z,0.0023,0x52d250b8ac3d131861803092da64af2bbd673852,buy,0xb64ef51c888972c908cfacf59b47c1afbc0ab8ac,0x57fc5af301eec0ec0ae0b524a50e18103c5e50517de00eb63d754fd96f50406b
327,331.68115088,0.563857956496,0x2dd96a23e4056e7d4fa16f5a9d1c76cc4d51d192,2017-09-17T05:37:11.000Z,0.0017,0xbbe8a82dc936ac8a7f188624e42a1253dbb279ec,sell,0xb64ef51c888972c908cfacf59b47c1afbc0ab8ac,0x44cf4f459c487cac909ee3ecee53c429d076497e3ed56ad8bfc231ea141f3a3d
328,191.83084502,0.345295521036,0x52d250b8ac3d131861803092da64af2bbd673852,2017-09-17T05:35:52.000Z,0.0018,0xbbe8a82dc936ac8a7f188624e42a1253dbb279ec,sell,0xb64ef51c888972c908cfacf59b47c1afbc0ab8ac,0x32518a71a86dafe50e3b7019abfbc4f8cd7763ea6803a3d3ab43881a568b6390
329,154.07108549,0.277327953882,0x52d250b8ac3d131861803092da64af2bbd673852,2017-09-17T05:33:52.000Z,0.0018,0x30937f96903e547ab630920622c77b4b1629439c,sell,0xb64ef51c888972c908cfacf59b47c1afbc0ab8ac,0x3356c7b15edb3820318e75418d29a8dbe04cf5f6c2f5900fd3c8f1e2a6fdfbf5
330,154.09806949,0.277376525082,0x52d250b8ac3d131861803092da64af2bbd673852,2017-09-17T04:58:48.000Z,0.0018,0x30937f96903e547ab630920622c77b4b1629439c,sell,0xb64ef51c888972c908cfacf59b47c1afbc0ab8ac,0xfad48ac82edfca0445895d4b17bbcdb7c44f8ff547221a0bd133fa3d38dece3e
331,239.344,0.547619072,0x6473f048f179f8a96166b6ecd2395d209d2096f7,2017-09-16T21:17:11.000Z,0.002288,0x42cd573e485a8822dcd3ee8bd65d20c5b486057b,buy,0xb64ef51c888972c908cfacf59b47c1afbc0ab8ac,0xfa12109ce81a506d081dd5caea281214b7a2172f6e32d632db6774f836ee9c71
332,348.55,0.801665,0x6473f048f179f8a96166b6ecd2395d209d2096f7,2017-09-16T20:13:21.000Z,0.0023,0x52d250b8ac3d131861803092da64af2bbd673852,buy,0xb64ef51c888972c908cfacf59b47c1afbc0ab8ac,0xa07281608c8e0fc9862f78153c5563b4b582143675c4d87207fdb2a804632abb
333,50.74993757,0.1167248564319744,0x6473f048f179f8a96166b6ecd2395d209d2096f7,2017-09-16T20:10:28.000Z,0.002300000000413289,0x52d250b8ac3d131861803092da64af2bbd673852,buy,0xb64ef51c888972c908cfacf59b47c1afbc0ab8ac,0x42b087f3b998d55fdba87cbd912ae37aa29487436468e5dfebece036be501e38
334,0.21853146,0.0005,0x42c24a83bded723edfdf5883bc7efb30bc1a1bf3,2017-09-16T17:51:47.000Z,0.0022880000893235235,0x42cd573e485a8822dcd3ee8bd65d20c5b486057b,buy,0xb64ef51c888972c908cfacf59b47c1afbc0ab8ac,0xda1750b6e5b42667cef357f3053a4660a5e5e341cab04bbf7f0a8c58f426de3c
335,0.21853146,0.0005,0x0f657c396dfcd6c59bb82b89fc3adbe5f90ce153,2017-09-16T16:03:27.000Z,0.0022880000893235235,0x42cd573e485a8822dcd3ee8bd65d20c5b486057b,buy,0xb64ef51c888972c908cfacf59b47c1afbc0ab8ac,0x8acfb0060cb267f5e4bc03e59e95fe6f68dd39e7c8a1d2b399ef44bc00c0f366
336,0.21853146,0.0005,0x1f8ac99600c61189d92c85cc760735b9e0067a60,2017-09-16T15:51:33.000Z,0.0022880000893235235,0x42cd573e485a8822dcd3ee8bd65d20c5b486057b,buy,0xb64ef51c888972c908cfacf59b47c1afbc0ab8ac,0xf6ae9d6048f2d61f79e2a0be073e8621f3ea9f11357956bfd22992099ec80b0f
337,99.49999999,0.1741249999825,0x51b994d81ece427b087d248258db68e965f344ac,2017-09-15T15:24:33.000Z,0.00175,0x30937f96903e547ab630920622c77b4b1629439c,sell,0xb64ef51c888972c908cfacf59b47c1afbc0ab8ac,0x5970a35c4ce6a28814f1b5a541d4b7c47db682b1909b8c73892f1e137df984e3
338,1,0.0024,0xd6f29f2fb0a1dc783aeab42ce7ce9276f8e14a54,2017-09-15T12:13:07.000Z,0.0024,0x65014f5b3d8b0e23c059bae3ef5b0da05a4ba30d,buy,0xb64ef51c888972c908cfacf59b47c1afbc0ab8ac,0xc46d7faf810d0b97978dbb0a45c2addd63175eca5b5482e467a7cb392655143c
339,0.20833333,0.0005,0x8b24d80c6dd6e1af5a000e03ca8f00886a05f6f5,2017-09-15T04:27:07.000Z,0.0024000000384000004,0x65014f5b3d8b0e23c059bae3ef5b0da05a4ba30d,buy,0xb64ef51c888972c908cfacf59b47c1afbc0ab8ac,0x75c44754e6d3f298d670a8e2b6fe249feef17074cacd8590e04b9d10443e8d0b
340,0.03873705,0.00006612414435,0x6473f048f179f8a96166b6ecd2395d209d2096f7,2017-09-14T13:49:54.000Z,0.001707,0x534cacb922c009e510fb25e0d89d307d15a8392f,sell,0xb64ef51c888972c908cfacf59b47c1afbc0ab8ac,0x65fc744d244379138f485e68950f3bddd2fca9c1081e7cd914bae7137ce77a15
341,75,0.4875,0x383ccae91974064c9f9d627eb2340059b9537f30,2017-09-14T00:16:18.000Z,0.0065,0x1db61b8d3a64afac73ddfacddb84c8e5b6f5c76e,buy,0xb64ef51c888972c908cfacf59b47c1afbc0ab8ac,0xbca899dc12b9828c61b27e7d04aa1529429d11a349b443a3deb53328324428ec
342,0.00000003,0.000001788891680333,0x5916db4d7c2759ee49f3e8a5fd4ad8cd256cbaa3,2017-09-13T21:59:28.000Z,59.629722677766665,0x0485fa945f0da22c4394826845c59050d184265a,buy,0xb64ef51c888972c908cfacf59b47c1afbc0ab8ac,0x67877feb21d320cf8c4e70d648b03387ef64b146f2eb64a63bae1c049dc4f8f3
343,0.20833333,0.0005,0x4c2fb430e95954bcfa54ce4741a9fc2ff6e415ad,2017-09-13T21:16:54.000Z,0.0024000000384000004,0x65014f5b3d8b0e23c059bae3ef5b0da05a4ba30d,buy,0xb64ef51c888972c908cfacf59b47c1afbc0ab8ac,0x74db83d0d294b2f1ae28c6a52de771b9a58fb06e6b15745330e19480f7f817f0
344,7.47682185,0.0179443724454192,0x5916db4d7c2759ee49f3e8a5fd4ad8cd256cbaa3,2017-09-13T21:13:52.000Z,0.0024000000007248,0x65014f5b3d8b0e23c059bae3ef5b0da05a4ba30d,buy,0xb64ef51c888972c908cfacf59b47c1afbc0ab8ac,0xa07ad9f78e4d46f7cd8efde9a806cb49ac1b64c3463d7554d1bdf573829be058
345,0.1,0.0002499999,0x9b113df7b32e93193e6e2d8ec491bcc30da0c04c,2017-09-12T05:50:43.000Z,0.002499999,0x8a09575d6bd491b7d82ad062651beb62964b24d2,buy,0xb64ef51c888972c908cfacf59b47c1afbc0ab8ac,0x0bcd94e4766415b25212e502173a84eba145f267ff97880ab3f9a76c3e524601
346,1.983,0.0047592,0x0024a5046fd95c5eee6db19a69ef7ed3bacd50f1,2017-09-11T10:27:58.000Z,0.0024,0x8c35a978c7c32e7c3295fa02b0529a13029151cf,buy,0xb64ef51c888972c908cfacf59b47c1afbc0ab8ac,0x91ccb5166cda931b569cb12d4ebccde32b939094268eef715fd689ee032d9e33
347,57.54844496,0.155380801392,0x50f06a6fe481eeafcf19c8adbbd9f2f7d312dcd8,2017-09-11T09:57:29.000Z,0.0027,0x30937f96903e547ab630920622c77b4b1629439c,sell,0xb64ef51c888972c908cfacf59b47c1afbc0ab8ac,0xe823c60985b687a39756b684b0a7b1dbfaaa78e2764956067e1a681e05b0cf2a
348,87.9,0.34281,0x50f06a6fe481eeafcf19c8adbbd9f2f7d312dcd8,2017-09-11T09:54:56.000Z,0.0039,0xcb9c9afb194eb993cd34572ee42eef994634e90a,buy,0xb64ef51c888972c908cfacf59b47c1afbc0ab8ac,0x7b616d240d5c1d30db8a9131d98d4cd324bd40f9bda67a075058d72ab67396e3
349,0.11837194,0.000394533693549995,0x50f06a6fe481eeafcf19c8adbbd9f2f7d312dcd8,2017-09-11T09:48:44.000Z,0.003333000148092487,0x65014f5b3d8b0e23c059bae3ef5b0da05a4ba30d,buy,0xb64ef51c888972c908cfacf59b47c1afbc0ab8ac,0x491c6febc01116ab4e7f02b423617daa9231c373b0a37f41147107ba24573a9f
350,340.32876216,0.4747586232132,0xf732b16f5aee6cd2db5b30a7a3860764a48b19ff,2017-09-11T08:58:48.000Z,0.001395,0x7a804081ce47e684f3ab26e21619e7cda3575384,buy,0xb64ef51c888972c908cfacf59b47c1afbc0ab8ac,0xad20835b781e8e6cce25a5f1be88978fb42833236511467f680d9f4154b2aee8
351,89.39411608,0.151969997336,0x244beb883da53d9f6169762af296e944aba5bb84,2017-09-11T08:56:57.000Z,0.0017,0xb6dba64619f3a70bdd4ffde2e1f5281a0009f041,sell,0xb64ef51c888972c908cfacf59b47c1afbc0ab8ac,0x200a9695cf33fb5d8457780d6e1e171e0956373aa3d96272abc083bf419428c5
352,89.67123784,0.1250913767868,0xb6dba64619f3a70bdd4ffde2e1f5281a0009f041,2017-09-11T08:56:57.000Z,0.001395,0x7a804081ce47e684f3ab26e21619e7cda3575384,buy,0xb64ef51c888972c908cfacf59b47c1afbc0ab8ac,0x200a9695cf33fb5d8457780d6e1e171e0956373aa3d96272abc083bf419428c5
353,99.5,0.156215,0x30937f96903e547ab630920622c77b4b1629439c,2017-09-11T08:36:02.000Z,0.00157,0x7a804081ce47e684f3ab26e21619e7cda3575384,buy,0xb64ef51c888972c908cfacf59b47c1afbc0ab8ac,0x5aa12dcf8319da5aa79fe62689da30bc696d20e2d6d1cea74d115a3ebee4cf3c
354,10.32876216,0.017558895672,0x244beb883da53d9f6169762af296e944aba5bb84,2017-09-11T00:23:10.000Z,0.0017,0x81d134852b36e50659a101e9a909213b8dfb1850,sell,0xb64ef51c888972c908cfacf59b47c1afbc0ab8ac,0x57ff0887a4efbb16a05d2e861e621a1c49dcae180b479528d417f6da017c5222
355,7.53157894,0.014309999986,0x65014f5b3d8b0e23c059bae3ef5b0da05a4ba30d,2017-09-11T00:20:11.000Z,0.0019,0x81d134852b36e50659a101e9a909213b8dfb1850,sell,0xb64ef51c888972c908cfacf59b47c1afbc0ab8ac,0x729214e087b59149178120867aa030a1c3346206e35907af90beff331370f3b5
356,100,0.18,0x42cd573e485a8822dcd3ee8bd65d20c5b486057b,2017-09-11T00:11:56.000Z,0.0018,0x81d134852b36e50659a101e9a909213b8dfb1850,sell,0xb64ef51c888972c908cfacf59b47c1afbc0ab8ac,0xc568d470000a84e4385ffef4bd49fcec4d072b7daa672c4ac0a5af82410f9d7f
357,9.015,0.0171285,0x65014f5b3d8b0e23c059bae3ef5b0da05a4ba30d,2017-09-11T00:11:56.000Z,0.0019,0x81d134852b36e50659a101e9a909213b8dfb1850,sell,0xb64ef51c888972c908cfacf59b47c1afbc0ab8ac,0x47e005a1ac61ee6b6ed7bd6980664d9c1a39df01ee54378e5dd1c9898ab66c85
358,300,0.54,0x42cd573e485a8822dcd3ee8bd65d20c5b486057b,2017-09-11T00:11:08.000Z,0.0018,0x81d134852b36e50659a101e9a909213b8dfb1850,sell,0xb64ef51c888972c908cfacf59b47c1afbc0ab8ac,0x6547983c21adabf386e28dc6780127bf712f16519892719cbbe45d84d074dd6d
359,4.985,0.0094715,0x65014f5b3d8b0e23c059bae3ef5b0da05a4ba30d,2017-09-10T06:09:07.000Z,0.0019,0x6d3d0dfa885186833d6cf04f7890aab7d3b43cd1,sell,0xb64ef51c888972c908cfacf59b47c1afbc0ab8ac,0x9d4115bcfef6af9959cf71f5faecf0414565a34a78e679b9db4a2d22d78f753c
360,0.2,0.0005,0x64b604630e055318093215b7ed41697ca4fb5de6,2017-09-10T04:10:39.000Z,0.0025,0x42cd573e485a8822dcd3ee8bd65d20c5b486057b,buy,0xb64ef51c888972c908cfacf59b47c1afbc0ab8ac,0xc1963f97aeb91f53c78e771419ab93d4efd9f6a0c63fc7e47266db34b624ec2e
361,10,0.021,0x65014f5b3d8b0e23c059bae3ef5b0da05a4ba30d,2017-09-09T09:56:10.000Z,0.0021,0x84642e9953e3fe21adba0c2b8918dc63b17c78a3,sell,0xb64ef51c888972c908cfacf59b47c1afbc0ab8ac,0x17a2cd2ce946a04e6c0342351ea65fa0d0d2ad3e29a34a40561fdc4112c72b68
362,300,0.75,0xa1008546c132cd7b6b31312a9d52379da4d6dd5c,2017-09-09T06:38:16.000Z,0.0025,0x42cd573e485a8822dcd3ee8bd65d20c5b486057b,buy,0xb64ef51c888972c908cfacf59b47c1afbc0ab8ac,0xb109d1116090eb68b5cec4a333c9c69d306589c86e6d21a8cded73645a4630eb
363,32.34720042,0.077633281008,0xa1008546c132cd7b6b31312a9d52379da4d6dd5c,2017-09-09T06:20:54.000Z,0.0024,0xcfe4daf25010464546b84097756e2b4e08e6027c,buy,0xb64ef51c888972c908cfacf59b47c1afbc0ab8ac,0xab4ce0162a21fc4564246daabcd48a1d1a8efdc920cb4d362ae6b647258b2cb6
364,154.07108635,0.3081421727,0x2557ed174b3d3b8796d1baeed1800319ab6146fe,2017-09-09T05:09:44.000Z,0.002,0x30937f96903e547ab630920622c77b4b1629439c,sell,0xb64ef51c888972c908cfacf59b47c1afbc0ab8ac,0x09d2bc461c93bc2804ce7059edd2558b9d80e518f7359c908c357b1d78018acb
365,154.52201981,0.30904403962,0x2557ed174b3d3b8796d1baeed1800319ab6146fe,2017-09-09T04:56:47.000Z,0.002,0x30937f96903e547ab630920622c77b4b1629439c,sell,0xb64ef51c888972c908cfacf59b47c1afbc0ab8ac,0x14eefde22af055bb6b011278aa2d412f1282e5a813172c7c0f66f2bf82870edc
366,200,0.48,0xc398004b22d9d989bc1025d7784907d349a3e0ef,2017-09-09T04:13:54.000Z,0.0024,0xcfe4daf25010464546b84097756e2b4e08e6027c,buy,0xb64ef51c888972c908cfacf59b47c1afbc0ab8ac,0x02bc18ffd7e84456d39db5ce64ee7ba0506675a101796e3b4c1d6ced294fe5ba
367,10,0.04,0x244beb883da53d9f6169762af296e944aba5bb84,2017-09-08T22:32:06.000Z,0.004,0x65014f5b3d8b0e23c059bae3ef5b0da05a4ba30d,buy,0xb64ef51c888972c908cfacf59b47c1afbc0ab8ac,0xe37f6d528621020c8273e0bc6c679ecdb7ce6a896a406ca87a80ba074fb472af
368,100,0.25,0x1ac4a9ac7517b725b9fe1fa8323e0c15eda42fa1,2017-09-08T19:45:40.000Z,0.0025,0x42cd573e485a8822dcd3ee8bd65d20c5b486057b,buy,0xb64ef51c888972c908cfacf59b47c1afbc0ab8ac,0x6cf6f271021b3dafb5ff836b65a0afed3d2fde4b951f79a795af2406b6dc4d6e
369,234.24502609,0.5856125652320425,0x0248cf74ed50adcf0c050a7ca4136dcb90520f84,2017-09-08T19:02:42.000Z,0.0025000000000300645,0x42cd573e485a8822dcd3ee8bd65d20c5b486057b,buy,0xb64ef51c888972c908cfacf59b47c1afbc0ab8ac,0xb46d5d9d3dde3c51adb6c3801a45e2ab86a58d3cd06761508573ad18b450c9a9
370,6.398,0.0134358,0x0248cf74ed50adcf0c050a7ca4136dcb90520f84,2017-09-08T18:41:21.000Z,0.0021,0xee004e564e2d0f6ead3613df41b7f69bb76a73e0,buy,0xb64ef51c888972c908cfacf59b47c1afbc0ab8ac,0xc7c6719df69bd655be99a0750003e5251f29f5ce4acabc119af8fcfbd803a320
371,10,0.0157,0x42cd573e485a8822dcd3ee8bd65d20c5b486057b,2017-09-08T17:39:06.000Z,0.00157,0x04aa1ebf830b84cd8f0b538e8f886ad1eb8aafc3,buy,0xb64ef51c888972c908cfacf59b47c1afbc0ab8ac,0x95d93ef694ccf64103e0e3026a22995d29b991717b39df0d595e0536b155db98
372,14.85,0.0297,0xd406159bcabdca050819f9f231a0b1db9d8746b4,2017-09-08T05:57:18.000Z,0.002,0xff684104992bd26b6326bca4620d733526c0ddb1,buy,0xb64ef51c888972c908cfacf59b47c1afbc0ab8ac,0x97f5c2e58c66ef76b0620eab64056d1f78e5896955316d50adf6862135adefb5
373,14.85,0.02673,0xff684104992bd26b6326bca4620d733526c0ddb1,2017-09-07T22:53:48.000Z,0.0018,0x04aa1ebf830b84cd8f0b538e8f886ad1eb8aafc3,buy,0xb64ef51c888972c908cfacf59b47c1afbc0ab8ac,0x37f0ece8616e12f4fc37692f2589fca80ad0c898008793244fcbcdc3deccc42e
374,61.69566997,0.148069607928,0x6dc8a351ce571992b0d4f86becce5a9b5bf9fa1e,2017-09-07T22:24:45.000Z,0.0024,0xcfe4daf25010464546b84097756e2b4e08e6027c,buy,0xb64ef51c888972c908cfacf59b47c1afbc0ab8ac,0x64ddd15ed26289e0a87d766f05229eb881540083b7d880f91159ceb8c175c34e
375,30,0.07197,0x94a2b835deee69ddd6073451b700c5daba97d72b,2017-09-07T20:09:46.000Z,0.002399,0xace2f0e2021ed8067a5f64eebd39bff7e67f096e,buy,0xb64ef51c888972c908cfacf59b47c1afbc0ab8ac,0x71dcc5813c7fa424cdd4053bada061e3066d10a9a86f7a7545d921d115f912ca
376,100,0.3333,0x94a2b835deee69ddd6073451b700c5daba97d72b,2017-09-07T19:41:32.000Z,0.003333,0x1fdf047bf7a114b37e7936d01e9cad754ad18803,buy,0xb64ef51c888972c908cfacf59b47c1afbc0ab8ac,0xdac65b5288509b338c9c2b729f0f6719d05a0209a3fb5b0c4e58a1c12ccd6d31
377,3.57687051,0.006438366918,0x42cd573e485a8822dcd3ee8bd65d20c5b486057b,2017-09-07T18:53:39.000Z,0.0018,0x3da997a291259e997778ffbdd14389da9be42f6a,sell,0xb64ef51c888972c908cfacf59b47c1afbc0ab8ac,0xea493235f72ba60fff71a47ff65902a7bce9eaf780c40a4e5cd2cb5ca0b7a94b
378,580,1.044,0x42cd573e485a8822dcd3ee8bd65d20c5b486057b,2017-09-07T05:30:51.000Z,0.0018,0x0361806c2b838126d86279c906fe0a8bf8d7edd8,sell,0xb64ef51c888972c908cfacf59b47c1afbc0ab8ac,0x8b55c39f1547c085840b8dd0aad3d2e80792af13d7cea8a0e9c79f39ff698cd3
379,388.57123604,0.699428224872,0x42cd573e485a8822dcd3ee8bd65d20c5b486057b,2017-09-07T04:08:42.000Z,0.0018,0x534cacb922c009e510fb25e0d89d307d15a8392f,sell,0xb64ef51c888972c908cfacf59b47c1afbc0ab8ac,0x48da4daf7422b699f157e403dce4642deda22d2e496000d83390083ece90ec79
380,0.01537775,0.00002767995,0x42cd573e485a8822dcd3ee8bd65d20c5b486057b,2017-09-07T03:57:11.000Z,0.0018,0xdcf93441dd681e2cac27bff4d6db7e5036f25bad,sell,0xb64ef51c888972c908cfacf59b47c1afbc0ab8ac,0xf1bd17fe51e7e08ef3465cfb93e40914befe7ae23cc77be569dc42c3a3bd21f7
381,829.522,1.50143482,0xbe7c82e758e416796e3fa6295651b0f5fcf804c1,2017-09-07T03:42:51.000Z,0.00181,0x0361806c2b838126d86279c906fe0a8bf8d7edd8,sell,0xb64ef51c888972c908cfacf59b47c1afbc0ab8ac,0x6066d0aef60db56d53ac036fd5b2806cde4fb19ca8cb47c2a3a53c5273926c70
