,amount,amountBase,buyer,date,price,seller,side,tokenAddr,txHash
0,10.94577799,0.000013134933595131,0x3bedc86edaa5f3f07bba5c7d9c7c8b041f915d6d,2017-11-02T11:06:01.000Z,0.00000120000000065148,0xe97307d2eb5cf05b9bbf7ada2665e6ffdd0951d7,buy,0x4e279d8638e8669fad40e018fc181d26ee780380,0xb92cbc03f713ab13b2f4ce4d0b102b449bb8488e80d8894ec39889516af5d5f8
1,416.66666666,0.0005,0x42c24a83bded723edfdf5883bc7efb30bc1a1bf3,2017-11-02T11:02:41.000Z,0.0000012000000000192,0xe97307d2eb5cf05b9bbf7ada2665e6ffdd0951d7,buy,0x4e279d8638e8669fad40e018fc181d26ee780380,0x407d802ff51bda3c788ff4b4e83466c023625f67befa94a18ec9e8b884859038
2,416.66666666,0.0005,0x4fda9e6bcd83af6c5cc771b5d20accc2b7720074,2017-11-02T10:50:39.000Z,0.0000012000000000192,0xe97307d2eb5cf05b9bbf7ada2665e6ffdd0951d7,buy,0x4e279d8638e8669fad40e018fc181d26ee780380,0x73a6e5fee74f3578783f38a05de7a9de6301f95cbc8be8a79926ea0198b4569b
3,357.14285714,0.0005,0x3075f7f189912f4f425dd7021b9c396434197477,2017-11-02T10:25:57.000Z,0.0000014000000000112,0x6bb286efda69a1dd493d9626c05c5fd36fc32244,buy,0x4e279d8638e8669fad40e018fc181d26ee780380,0xabd2f3a808658c2194b4590e8c8c5cfd043f99b2874efa0c13d2d9e3719aef50
4,2670,0.00978822,0xd8d06134e33e921cd7a7487a3e38cdbe82564f9c,2017-11-02T02:53:34.000Z,0.000003666,0x18d75ed5cdd83c97a5d7d318435c2ad017d0c42e,buy,0x4e279d8638e8669fad40e018fc181d26ee780380,0x848db96f5ac392829b30f6c82612c45b8d9808d66d7dd7f4e49d2d7229399012
5,5000,0.00895,0xd8d06134e33e921cd7a7487a3e38cdbe82564f9c,2017-11-02T02:50:11.000Z,0.00000179,0xdbbae39c54992479faac890e81eb4d8579b951d6,buy,0x4e279d8638e8669fad40e018fc181d26ee780380,0x46a5903cf3619732894ddf1e518d7cf4d9ec82ed031f10db4d23230869344e30
6,2304.252,0.0032259528,0xd8d06134e33e921cd7a7487a3e38cdbe82564f9c,2017-11-02T02:50:11.000Z,0.0000014,0x082b53c60797af3ecdcb072a57b7bcbc1729bceb,buy,0x4e279d8638e8669fad40e018fc181d26ee780380,0x6bb366bb2d2fd1dade0d132e680d6f8870218cfcb426bc48cc5532686ee44e84
7,6480.694,0.008405460118,0xd8d06134e33e921cd7a7487a3e38cdbe82564f9c,2017-11-02T02:48:49.000Z,0.000001297,0x76883638b90f3c35b379aa9038eaccdbb621f62c,buy,0x4e279d8638e8669fad40e018fc181d26ee780380,0xc457cd47df33c30200713fbd9b4a5caf3f2a07ff98b08a89e1601ded0de7fb58
8,51.30590427,0.000066543757850662,0xbfabba641941642a046d060de0afcb7c6ca05c46,2017-11-02T01:53:56.000Z,0.00000129700000024309,0x76883638b90f3c35b379aa9038eaccdbb621f62c,buy,0x4e279d8638e8669fad40e018fc181d26ee780380,0xad858fba9658d39eb929013e087339d80bf9f630e0928d95609009b0b4995814
9,1,0.000001297,0xed2ca7381d82f8fb9bcc54ea6ab6526e35aece25,2017-11-02T01:52:53.000Z,0.000001297,0x76883638b90f3c35b379aa9038eaccdbb621f62c,buy,0x4e279d8638e8669fad40e018fc181d26ee780380,0x4381101453bf9dae9d317861abb05c24e677ccf69eb111a3f1f903211c6e0d87
10,1,0.000001297,0xe2b48b3dd0b33283b4802e63e65518f27e635054,2017-11-02T01:52:53.000Z,0.000001297,0x76883638b90f3c35b379aa9038eaccdbb621f62c,buy,0x4e279d8638e8669fad40e018fc181d26ee780380,0xa0adeb9aa2084509d59a768f31326ed152dc8b110ca34e0f1e44bb62c357b08d
11,1000000,1.8,0x082b53c60797af3ecdcb072a57b7bcbc1729bceb,2017-11-01T23:44:55.000Z,0.0000018,0x082b53c60797af3ecdcb072a57b7bcbc1729bceb,buy,0x4e279d8638e8669fad40e018fc181d26ee780380,0x27944d7a7d431a8f87aa0190c908c1a8a4c2934060cc78a7873e9bdecb1902eb
12,1000000,1,0x082b53c60797af3ecdcb072a57b7bcbc1729bceb,2017-11-01T23:44:55.000Z,0.000001,0x082b53c60797af3ecdcb072a57b7bcbc1729bceb,buy,0x4e279d8638e8669fad40e018fc181d26ee780380,0x0dabf726b7ac0a1f96a9a936fce4a7195a3e61991e3cf0a0d59856ace3f8b71d
13,15000,0.01947,0x127758873e07436b84852c49081c1fa41d2d321c,2017-11-01T23:16:59.000Z,0.000001298,0xd17e01f38f53060a7c09e94bccf87f7040acfc7d,buy,0x4e279d8638e8669fad40e018fc181d26ee780380,0x0e994e767550882235165cc47d63711cde5dffbd70f4bd4c238214e0ee6c6817
14,1000000,1.111,0x082b53c60797af3ecdcb072a57b7bcbc1729bceb,2017-11-01T22:53:54.000Z,0.000001111,0x082b53c60797af3ecdcb072a57b7bcbc1729bceb,buy,0x4e279d8638e8669fad40e018fc181d26ee780380,0xdb7c5978b9e936f3de8fea0a3ca434ea4f62d89cbdcc2b0a0509f7412d3e82ed
15,1000000,1.29,0x082b53c60797af3ecdcb072a57b7bcbc1729bceb,2017-11-01T22:01:35.000Z,0.00000129,0x082b53c60797af3ecdcb072a57b7bcbc1729bceb,buy,0x4e279d8638e8669fad40e018fc181d26ee780380,0x0b4ea676f75ad07b612292ee2b41f397ffe22c97dab283b1208585b8a4c87ee3
16,1000000,1.25,0x082b53c60797af3ecdcb072a57b7bcbc1729bceb,2017-11-01T21:02:15.000Z,0.00000125,0x082b53c60797af3ecdcb072a57b7bcbc1729bceb,buy,0x4e279d8638e8669fad40e018fc181d26ee780380,0x5f43fcb02678868acbefe7f6258011e3f66a50b4e9690af7843553ef34ca2ed4
17,1069234.176,1.33654272,0x082b53c60797af3ecdcb072a57b7bcbc1729bceb,2017-11-01T20:49:41.000Z,0.00000125,0x082b53c60797af3ecdcb072a57b7bcbc1729bceb,buy,0x4e279d8638e8669fad40e018fc181d26ee780380,0x7282b1dbfe72773db2e249ed1fb073cd14bcbc0e64bcbb5ebea81844756cd777
18,2000000,1.8,0x082b53c60797af3ecdcb072a57b7bcbc1729bceb,2017-11-01T20:44:09.000Z,0.0000009,0x082b53c60797af3ecdcb072a57b7bcbc1729bceb,buy,0x4e279d8638e8669fad40e018fc181d26ee780380,0x3334e0c7f145e634fd73808df6904af7e719d713ee887a4853391ba0b298cf46
19,2000000,1.8,0x082b53c60797af3ecdcb072a57b7bcbc1729bceb,2017-11-01T20:42:19.000Z,0.0000009,0x082b53c60797af3ecdcb072a57b7bcbc1729bceb,buy,0x4e279d8638e8669fad40e018fc181d26ee780380,0x807dbcdbae7d1bc2e1cd7f1af6104d78e5ac8b339c6d281bb3b676255dc2b8b4
20,2000000,1.7,0x082b53c60797af3ecdcb072a57b7bcbc1729bceb,2017-11-01T20:41:08.000Z,0.00000085,0x082b53c60797af3ecdcb072a57b7bcbc1729bceb,buy,0x4e279d8638e8669fad40e018fc181d26ee780380,0x61dcdca4a605cce3d63d372df79ee01fcd455c8bd9230425dda42b081cb7ac46
21,2000000,1.75,0x082b53c60797af3ecdcb072a57b7bcbc1729bceb,2017-11-01T17:48:41.000Z,0.000000875,0x082b53c60797af3ecdcb072a57b7bcbc1729bceb,buy,0x4e279d8638e8669fad40e018fc181d26ee780380,0xdf8f6a3773ca308c1dea67b7af9da114de8744254da245c36f86a64c642549be
22,2300000,1.84,0x082b53c60797af3ecdcb072a57b7bcbc1729bceb,2017-11-01T16:14:57.000Z,0.0000008,0x082b53c60797af3ecdcb072a57b7bcbc1729bceb,buy,0x4e279d8638e8669fad40e018fc181d26ee780380,0x04e73fca99c6584ef276db57943475a260b900be7220f43f4673b157966697fa
23,2200000,1.87,0x082b53c60797af3ecdcb072a57b7bcbc1729bceb,2017-11-01T16:13:44.000Z,0.00000085,0x082b53c60797af3ecdcb072a57b7bcbc1729bceb,buy,0x4e279d8638e8669fad40e018fc181d26ee780380,0x06ab5292b4dbb52e73ae6384a643a3c987d49aecc36df2c37ab20b66c9658e08
24,1100000,1.87,0x082b53c60797af3ecdcb072a57b7bcbc1729bceb,2017-11-01T15:41:14.000Z,0.0000017,0x082b53c60797af3ecdcb072a57b7bcbc1729bceb,buy,0x4e279d8638e8669fad40e018fc181d26ee780380,0x1864faaf95087a5d5b378398b305ed12067ff975bc9f7f0d043ef6b4a41df046
25,300000,0.225,0xee02095f350042bfe8a981a82246516653bc4858,2017-11-01T15:35:46.000Z,0.00000075,0x0a72ebae0321b78bf42b5846c57f90d714a5cb31,sell,0x4e279d8638e8669fad40e018fc181d26ee780380,0xbc47b5e20112be62e86de57ff13c0d21f991a5ba0ca1a8b451f03e84d8dc8935
26,333333,0.2666664,0x12f8967fa9cb2b44468a453230a99ef64cbaa494,2017-11-01T15:32:11.000Z,0.0000008,0x0a72ebae0321b78bf42b5846c57f90d714a5cb31,sell,0x4e279d8638e8669fad40e018fc181d26ee780380,0x702c6bca41aae4fc7beac0c28df21a93284301edd14f880c3d223646cfbf9419
27,1100000,1.87,0x082b53c60797af3ecdcb072a57b7bcbc1729bceb,2017-11-01T14:59:04.000Z,0.0000017,0x082b53c60797af3ecdcb072a57b7bcbc1729bceb,buy,0x4e279d8638e8669fad40e018fc181d26ee780380,0x69f2c50004b253fd35a8d683dc1dc6e2d0bad8c87636639f392a15d0323397f0
28,1100000,1.87,0x082b53c60797af3ecdcb072a57b7bcbc1729bceb,2017-11-01T14:48:37.000Z,0.0000017,0x082b53c60797af3ecdcb072a57b7bcbc1729bceb,buy,0x4e279d8638e8669fad40e018fc181d26ee780380,0x90d103d0b959352ae88b4d5e5ba374ca77a5f1dc74caf2400298de9d45308a2e
29,222222,0.222222,0x12f8967fa9cb2b44468a453230a99ef64cbaa494,2017-11-01T14:34:47.000Z,0.000001,0x0a72ebae0321b78bf42b5846c57f90d714a5cb31,sell,0x4e279d8638e8669fad40e018fc181d26ee780380,0x4e5623e833db08b975763d19330fff8a734dc99e81e53348835ed08656f9eb1c
30,1000000,1.75,0x082b53c60797af3ecdcb072a57b7bcbc1729bceb,2017-11-01T14:29:15.000Z,0.00000175,0x082b53c60797af3ecdcb072a57b7bcbc1729bceb,buy,0x4e279d8638e8669fad40e018fc181d26ee780380,0x700f525c99c5784a0dfa5435961503dbe212fe48ad99bd1c92811ded8cbbcafa
31,1900000,1.9,0x082b53c60797af3ecdcb072a57b7bcbc1729bceb,2017-11-01T14:23:00.000Z,0.000001,0x082b53c60797af3ecdcb072a57b7bcbc1729bceb,buy,0x4e279d8638e8669fad40e018fc181d26ee780380,0xaa4eeda62dba40d98636766469f86695ed38cd02c46a34de8b160f15c0ba1b52
32,1920000,1.92,0x082b53c60797af3ecdcb072a57b7bcbc1729bceb,2017-11-01T14:06:17.000Z,0.000001,0x082b53c60797af3ecdcb072a57b7bcbc1729bceb,buy,0x4e279d8638e8669fad40e018fc181d26ee780380,0xd62941166608306db97eec11fa9181623c39688581f96252397bc066d113c546
33,1920000,1.92,0x082b53c60797af3ecdcb072a57b7bcbc1729bceb,2017-11-01T14:05:37.000Z,0.000001,0x082b53c60797af3ecdcb072a57b7bcbc1729bceb,buy,0x4e279d8638e8669fad40e018fc181d26ee780380,0xd62941166608306db97eec11fa9181623c39688581f96252397bc066d113c546
34,1920000,1.92,0x082b53c60797af3ecdcb072a57b7bcbc1729bceb,2017-11-01T14:02:03.000Z,0.000001,0x082b53c60797af3ecdcb072a57b7bcbc1729bceb,buy,0x4e279d8638e8669fad40e018fc181d26ee780380,0xc15b9a631550587666bf7a3279ad70f209e260b4063174540991bccd18d6aee9
35,1430000,1.92335,0x082b53c60797af3ecdcb072a57b7bcbc1729bceb,2017-11-01T14:00:27.000Z,0.000001345,0x082b53c60797af3ecdcb072a57b7bcbc1729bceb,buy,0x4e279d8638e8669fad40e018fc181d26ee780380,0x44d845de9c5ba01ae87e9354b53016a4c290975da2cbae3d78c4b770623a75d5
36,1430000,1.9305,0x082b53c60797af3ecdcb072a57b7bcbc1729bceb,2017-11-01T13:59:38.000Z,0.00000135,0x082b53c60797af3ecdcb072a57b7bcbc1729bceb,buy,0x4e279d8638e8669fad40e018fc181d26ee780380,0x2b66aa06f7b7f7c3a3752eb9f0c16d27739c1b6bc646005135ddf5d3087ce27b
37,1400000,1.89,0x082b53c60797af3ecdcb072a57b7bcbc1729bceb,2017-11-01T13:57:31.000Z,0.00000135,0x082b53c60797af3ecdcb072a57b7bcbc1729bceb,buy,0x4e279d8638e8669fad40e018fc181d26ee780380,0x69b1c159eed591288562b75c1676e5ddc659c70834dd5f6457424a66ecd72dc2
38,1400000,1.89,0x082b53c60797af3ecdcb072a57b7bcbc1729bceb,2017-11-01T13:52:14.000Z,0.00000135,0x082b53c60797af3ecdcb072a57b7bcbc1729bceb,buy,0x4e279d8638e8669fad40e018fc181d26ee780380,0x2d083ae17196698a4a91769b1cb637681ad96972f9d880f7b80d16e4d340a41f
39,1397695.74788757,1.9567740470426007,0x082b53c60797af3ecdcb072a57b7bcbc1729bceb,2017-11-01T13:49:49.000Z,0.0000014,0x082b53c60797af3ecdcb072a57b7bcbc1729bceb,buy,0x4e279d8638e8669fad40e018fc181d26ee780380,0x2befd47b30ba89c476f3bd747b56504cb2d067d0a04be76d9a6160cfb988b211
40,1400000,1.96,0x082b53c60797af3ecdcb072a57b7bcbc1729bceb,2017-11-01T13:49:08.000Z,0.0000014,0x082b53c60797af3ecdcb072a57b7bcbc1729bceb,buy,0x4e279d8638e8669fad40e018fc181d26ee780380,0x795cdfe414c8bfaa04ad6f7fbeef48f436da702f8fc9d1b318dc353c50797870
41,1666000,1.96588,0x082b53c60797af3ecdcb072a57b7bcbc1729bceb,2017-11-01T13:45:41.000Z,0.00000118,0x082b53c60797af3ecdcb072a57b7bcbc1729bceb,buy,0x4e279d8638e8669fad40e018fc181d26ee780380,0x1c5251dd2e89c6346f806e1e915eddc4188c983eb08ba81fc02d6dd5f40244e7
42,1600000,1.936,0x082b53c60797af3ecdcb072a57b7bcbc1729bceb,2017-11-01T13:39:34.000Z,0.00000121,0x082b53c60797af3ecdcb072a57b7bcbc1729bceb,buy,0x4e279d8638e8669fad40e018fc181d26ee780380,0xb78a4ecc8114a21e96efb3f634d11f1d53ae7c138e97acbac580ea4411622657
43,1600000,1.952,0x082b53c60797af3ecdcb072a57b7bcbc1729bceb,2017-11-01T13:38:28.000Z,0.00000122,0x082b53c60797af3ecdcb072a57b7bcbc1729bceb,buy,0x4e279d8638e8669fad40e018fc181d26ee780380,0x6ca88cf2f7582efa4a90ece43abdf1ce6374238bb439c2731ce32f3c06b5af33
44,1600000,1.92,0x082b53c60797af3ecdcb072a57b7bcbc1729bceb,2017-11-01T13:36:30.000Z,0.0000012,0x082b53c60797af3ecdcb072a57b7bcbc1729bceb,buy,0x4e279d8638e8669fad40e018fc181d26ee780380,0x0c5751a3cb1484b6c4963a8b3de85e479690f080170cff5c8ce42654b9650532
45,1330000,1.9684,0x082b53c60797af3ecdcb072a57b7bcbc1729bceb,2017-11-01T13:27:35.000Z,0.00000148,0x082b53c60797af3ecdcb072a57b7bcbc1729bceb,buy,0x4e279d8638e8669fad40e018fc181d26ee780380,0x8af34594607a71bff3967aaf78a2c03b4c4098cd2479161c177b70c674b75bcb
46,15000,0.02235,0xd420b0a31a0fd6d7efc20c796e001af9062fc68b,2017-11-01T13:20:51.000Z,0.00000149,0x0a72ebae0321b78bf42b5846c57f90d714a5cb31,buy,0x4e279d8638e8669fad40e018fc181d26ee780380,0xb19186d7313917684ce87489589a3745e4add18d0d0cd26503c7e2dd06731f1d
47,8144.162,0.012216243,0x082b53c60797af3ecdcb072a57b7bcbc1729bceb,2017-11-01T13:17:59.000Z,0.0000015,0x082b53c60797af3ecdcb072a57b7bcbc1729bceb,buy,0x4e279d8638e8669fad40e018fc181d26ee780380,0xf7e4bed1b6b9b464cc84d5b079a0338db22c8e8f40797056f7a9e0934d450519
48,1331855.83796115,1.9977837569417387,0x082b53c60797af3ecdcb072a57b7bcbc1729bceb,2017-11-01T13:16:45.000Z,0.00000150000000000001,0x082b53c60797af3ecdcb072a57b7bcbc1729bceb,buy,0x4e279d8638e8669fad40e018fc181d26ee780380,0x0dbb64067a7b60c59b98fe3816b33b8e71d4606ab33db7c6d0054e1587e02a05
49,158249.84751272,0.15824984751272,0xee02095f350042bfe8a981a82246516653bc4858,2017-11-01T12:57:12.000Z,0.000001,0x0a72ebae0321b78bf42b5846c57f90d714a5cb31,sell,0x4e279d8638e8669fad40e018fc181d26ee780380,0x5d7ced403a7efdb9aeaffd2d412cfd6ce47df4b3e6525119e98d4d800e88ff0b
50,6918.55248728,0.00691855248728,0xee02095f350042bfe8a981a82246516653bc4858,2017-11-01T12:43:54.000Z,0.000001,0x230601e5772e46987b89554ffb76eab55e1170a0,sell,0x4e279d8638e8669fad40e018fc181d26ee780380,0x0390709c4e2ba7affdf435c359def7c94a58a19c0402f6fc7f7b99ff1efac925
51,20000,0.02,0xee02095f350042bfe8a981a82246516653bc4858,2017-11-01T12:42:49.000Z,0.000001,0x230601e5772e46987b89554ffb76eab55e1170a0,sell,0x4e279d8638e8669fad40e018fc181d26ee780380,0xf042625e657ae8dd54687aac2450fddd5b9a1f82e460b608c5958d736a267aad
52,15000,0.015,0x24bf5f007e4b06f5777c460fb02d3521c1b521a8,2017-11-01T11:17:07.000Z,0.000001,0x0a72ebae0321b78bf42b5846c57f90d714a5cb31,sell,0x4e279d8638e8669fad40e018fc181d26ee780380,0x0e339f43ca29885f4b2310eb1f37b4bcfa0813bb8f0abac985dbd98589729fee
53,10000,0.0101,0xdbbae39c54992479faac890e81eb4d8579b951d6,2017-11-01T10:58:49.000Z,0.00000101,0x0a72ebae0321b78bf42b5846c57f90d714a5cb31,sell,0x4e279d8638e8669fad40e018fc181d26ee780380,0xd299bedcf7e665469893c1149c105f2fb5c866e240a8a456d0ad223342c69ed2
54,14831.6,0.0148316,0xee02095f350042bfe8a981a82246516653bc4858,2017-11-01T10:58:49.000Z,0.000001,0x0a72ebae0321b78bf42b5846c57f90d714a5cb31,sell,0x4e279d8638e8669fad40e018fc181d26ee780380,0x97cf98883124b024daa6839cd8480fe3132f1a54910a05d39d3d346e94eb92a9
55,10000,0.0105,0xd4a2deacd186d082c3746ab06b082e4651a5f343,2017-11-01T10:58:30.000Z,0.00000105,0x0a72ebae0321b78bf42b5846c57f90d714a5cb31,sell,0x4e279d8638e8669fad40e018fc181d26ee780380,0xee7e6de6b17c4eaa97d48c1e7be739099bf1825f953c060bed285b60e36453a7
56,80015.452,0.0848243806652,0xe97307d2eb5cf05b9bbf7ada2665e6ffdd0951d7,2017-11-01T09:52:35.000Z,0.0000010601,0x0a72ebae0321b78bf42b5846c57f90d714a5cb31,sell,0x4e279d8638e8669fad40e018fc181d26ee780380,0xf87f3a5d235f0f933b79ddd5eece429a91900f26c1d048b9a01ddf10efd85e5f
57,100000,0.1061,0xd17e01f38f53060a7c09e94bccf87f7040acfc7d,2017-11-01T09:52:13.000Z,0.000001061,0x0a72ebae0321b78bf42b5846c57f90d714a5cb31,sell,0x4e279d8638e8669fad40e018fc181d26ee780380,0x9476a6a26c55252bd419df29a99df315862f808ddecff2f489eb8aeba4136d82
58,2492.27395075,0.002642059615190075,0xe97307d2eb5cf05b9bbf7ada2665e6ffdd0951d7,2017-11-01T09:33:01.000Z,0.0000010601,0x986fe610f50475350aecd06783f9d4ce581bf947,sell,0x4e279d8638e8669fad40e018fc181d26ee780380,0x7983ecfef4c19fd448f113f5181e0db8f8d8e9facdf58f2ccb547ef43be30cb7
59,2492.27395075,0.002642059615190075,0xe97307d2eb5cf05b9bbf7ada2665e6ffdd0951d7,2017-11-01T09:32:21.000Z,0.0000010601,0x9b66640f042286b55de8e7099a2d21d163668528,sell,0x4e279d8638e8669fad40e018fc181d26ee780380,0x8b5e2b91694574ff376d0b9612262aa9cf2c00b72f7ce9cf88668c6872f62adf
60,80000,0.08,0xa7f1df70df174d29e32bf783088d848d8c9e96d0,2017-11-01T09:17:46.000Z,0.000001,0x0a72ebae0321b78bf42b5846c57f90d714a5cb31,sell,0x4e279d8638e8669fad40e018fc181d26ee780380,0xc5913125a495394968b8159d57fc3c8133a39df99252a9ad81b052647fa2ed2c
61,14000,0.01421,0x73807e288101c2ea92ba1c48a2eacdbc0e3b939b,2017-11-01T09:17:16.000Z,0.000001015,0x0a72ebae0321b78bf42b5846c57f90d714a5cb31,sell,0x4e279d8638e8669fad40e018fc181d26ee780380,0xaafd638db475870a3cdcd9ad89e230e41b5d5ec49e23bb99c4c65da7096d1f8c
62,10000,0.01061,0xdbbae39c54992479faac890e81eb4d8579b951d6,2017-11-01T09:15:40.000Z,0.000001061,0x0a72ebae0321b78bf42b5846c57f90d714a5cb31,sell,0x4e279d8638e8669fad40e018fc181d26ee780380,0xadb3cfbf51e77e5a69df9ab08cd803eed079612f3e7fe9ff5c7cdf282b980da3
63,100000,0.11,0xe97307d2eb5cf05b9bbf7ada2665e6ffdd0951d7,2017-11-01T09:14:21.000Z,0.0000011,0x0a72ebae0321b78bf42b5846c57f90d714a5cb31,sell,0x4e279d8638e8669fad40e018fc181d26ee780380,0x865cfcdb8f96351ef49285909f9b887196cd2ad19b2abaf474cccb9b8e166555
64,2000,0.002202,0xdbbae39c54992479faac890e81eb4d8579b951d6,2017-11-01T09:13:54.000Z,0.000001101,0x0a72ebae0321b78bf42b5846c57f90d714a5cb31,sell,0x4e279d8638e8669fad40e018fc181d26ee780380,0x7b114b2d21d1c5ee5807c947f8dc6fe3ffd7e60e46a7bdcc2d1bbcf4debb0c5b
65,7976,0.031904,0x072ac134a5130594cdb122a28d511acab9af33e2,2017-11-01T07:28:22.000Z,0.000004,0xf44072eda87ede9613b6ae1b812de8a60ade27a2,sell,0x4e279d8638e8669fad40e018fc181d26ee780380,0x9debfac28348552daabac95add5965f773d436149578a01998de07db4e865f9d
66,8000,0.027984,0xf44072eda87ede9613b6ae1b812de8a60ade27a2,2017-11-01T07:28:22.000Z,0.000003498,0xd17e01f38f53060a7c09e94bccf87f7040acfc7d,buy,0x4e279d8638e8669fad40e018fc181d26ee780380,0x9debfac28348552daabac95add5965f773d436149578a01998de07db4e865f9d
67,50000,0.175,0x2eae2d4e9be4e86e93ff47b8e2fef64eb9fe697d,2017-11-01T02:24:16.000Z,0.0000035,0xd17e01f38f53060a7c09e94bccf87f7040acfc7d,sell,0x4e279d8638e8669fad40e018fc181d26ee780380,0x195e1f3f18a9d1adf316f884df839cccb46080dc806f372c9e577392ab833143
68,16878.34863472,0.05904046352425056,0xd45cdf90eea2ad7b5423ba92045a999cfbde3678,2017-11-01T02:18:19.000Z,0.000003498,0xd17e01f38f53060a7c09e94bccf87f7040acfc7d,buy,0x4e279d8638e8669fad40e018fc181d26ee780380,0xf18ba4d03ae7d881056d5df45652abea14c0a31c4eacdfd1eece7ed0c5ba4da2
69,515.68965517,0.002990999999986,0x2eae2d4e9be4e86e93ff47b8e2fef64eb9fe697d,2017-11-01T01:40:30.000Z,0.0000058,0x6d2f27149fbf6c559008e95ede61ff20f3e4b847,sell,0x4e279d8638e8669fad40e018fc181d26ee780380,0xa937dc6cb8566724d99f5acf946b8365768d98f6dd7cdb4fa810ab2a58f57189
70,517.24137931,0.00180931034482638,0x6d2f27149fbf6c559008e95ede61ff20f3e4b847,2017-11-01T01:40:30.000Z,0.000003498,0xd17e01f38f53060a7c09e94bccf87f7040acfc7d,buy,0x4e279d8638e8669fad40e018fc181d26ee780380,0xa937dc6cb8566724d99f5acf946b8365768d98f6dd7cdb4fa810ab2a58f57189
71,859.47691175,0.0030064502373015,0x0cd2795a623adeb9370e2895e8d7526a6e4c556d,2017-11-01T01:33:30.000Z,0.000003498,0xd17e01f38f53060a7c09e94bccf87f7040acfc7d,buy,0x4e279d8638e8669fad40e018fc181d26ee780380,0x0f89b183a54135e8595039a5a23d526335c7a76054104740591ce55812673549
72,856.90619317,0.004970055920386,0x2eae2d4e9be4e86e93ff47b8e2fef64eb9fe697d,2017-11-01T01:33:30.000Z,0.0000058,0x0cd2795a623adeb9370e2895e8d7526a6e4c556d,sell,0x4e279d8638e8669fad40e018fc181d26ee780380,0x0f89b183a54135e8595039a5a23d526335c7a76054104740591ce55812673549
73,869.84913749,0.005045124997442,0x2eae2d4e9be4e86e93ff47b8e2fef64eb9fe697d,2017-11-01T01:32:40.000Z,0.0000058,0x273a5d3e6721b9f5c1a6474f560c1334c63dda01,sell,0x4e279d8638e8669fad40e018fc181d26ee780380,0xbc7db12689bffecdb97243032367318fa1369036019ff514dbfc970f7cdd7f4c
74,872.46653711,0.00305188794681078,0x273a5d3e6721b9f5c1a6474f560c1334c63dda01,2017-11-01T01:32:40.000Z,0.000003498,0xd17e01f38f53060a7c09e94bccf87f7040acfc7d,buy,0x4e279d8638e8669fad40e018fc181d26ee780380,0xbc7db12689bffecdb97243032367318fa1369036019ff514dbfc970f7cdd7f4c
75,869.84913749,0.005045124997442,0x2eae2d4e9be4e86e93ff47b8e2fef64eb9fe697d,2017-11-01T01:19:23.000Z,0.0000058,0xf44072eda87ede9613b6ae1b812de8a60ade27a2,sell,0x4e279d8638e8669fad40e018fc181d26ee780380,0xdb43562b6ded6d91a23d5b6c7ddf5ea07483306e8ae7d6ca3059d36cb12880c8
76,872.46653711,0.00305188794681078,0xf44072eda87ede9613b6ae1b812de8a60ade27a2,2017-11-01T01:19:23.000Z,0.000003498,0xd17e01f38f53060a7c09e94bccf87f7040acfc7d,buy,0x4e279d8638e8669fad40e018fc181d26ee780380,0xdb43562b6ded6d91a23d5b6c7ddf5ea07483306e8ae7d6ca3059d36cb12880c8
77,3465.8571979,0.0121270343354521,0x273a5d3e6721b9f5c1a6474f560c1334c63dda01,2017-11-01T00:20:56.000Z,0.000003499,0x76883638b90f3c35b379aa9038eaccdbb621f62c,buy,0x4e279d8638e8669fad40e018fc181d26ee780380,0x8787e499b67294775eb4dac182a5d817c39de89d84320bad4faf100ae4aac7a6
78,3455.4596263,0.02004166583254,0x2eae2d4e9be4e86e93ff47b8e2fef64eb9fe697d,2017-11-01T00:20:56.000Z,0.0000058,0x273a5d3e6721b9f5c1a6474f560c1334c63dda01,sell,0x4e279d8638e8669fad40e018fc181d26ee780380,0x8787e499b67294775eb4dac182a5d817c39de89d84320bad4faf100ae4aac7a6
79,10000,0.010501,0x76883638b90f3c35b379aa9038eaccdbb621f62c,2017-10-31T22:33:54.000Z,0.0000010501,0x0a72ebae0321b78bf42b5846c57f90d714a5cb31,sell,0x4e279d8638e8669fad40e018fc181d26ee780380,0x03c6ae7ad783b361b246ed6c024c9adf5ab2f2fd437be42bd325d8e9d5ba5bde
80,222222,0.222222,0x12f8967fa9cb2b44468a453230a99ef64cbaa494,2017-10-31T22:33:02.000Z,0.000001,0x0a72ebae0321b78bf42b5846c57f90d714a5cb31,sell,0x4e279d8638e8669fad40e018fc181d26ee780380,0x525c0f2f776f5c0e9a5f62a01ba2811c24240f4f6f2cc350580dfdcb3003e6c0
81,495015.452,0.5197662246,0xee02095f350042bfe8a981a82246516653bc4858,2017-10-31T22:33:00.000Z,0.00000105,0x0a72ebae0321b78bf42b5846c57f90d714a5cb31,sell,0x4e279d8638e8669fad40e018fc181d26ee780380,0x65d9061901556cc0f3e218fe85baae8cd79fe7befb9f83e17b98f304d4049390
82,200000,0.2002,0xd17e01f38f53060a7c09e94bccf87f7040acfc7d,2017-10-31T22:33:00.000Z,0.000001001,0x0a72ebae0321b78bf42b5846c57f90d714a5cb31,sell,0x4e279d8638e8669fad40e018fc181d26ee780380,0xcb27b042c30cf9a5d29c115ef0a2f3fb4a3429a766e42495c38e8cb22f1da030
83,4984.5479015,0.005233775296575,0xee02095f350042bfe8a981a82246516653bc4858,2017-10-31T21:10:34.000Z,0.00000105,0x38f5ecbd20276178d8cf7453aab347260c9cdea7,sell,0x4e279d8638e8669fad40e018fc181d26ee780380,0x09a34aa0a51ad1bff6a2fc3c25b9a319d13e46a1282e28946675140d032da5a7
84,5000,0.005555,0xdfc80ed386d3403f844b581a0805c69c9bcb43f9,2017-10-31T20:41:49.000Z,0.000001111,0x0a72ebae0321b78bf42b5846c57f90d714a5cb31,sell,0x4e279d8638e8669fad40e018fc181d26ee780380,0x2ed298ed10e128861ccf9c4a9d0b0bc50edb7977bf359c1c6f544a0eeb341f28
85,574.999,0.0013224977,0xae810cf45c532c6c2fc8aac0db1d82f1c261d1b4,2017-10-31T20:41:49.000Z,0.0000023,0x0a72ebae0321b78bf42b5846c57f90d714a5cb31,sell,0x4e279d8638e8669fad40e018fc181d26ee780380,0xd644ba2275392e9efb9d7f5cb9ed52adf71166b1880b689b7bac268136c93332
86,5000,0.0115,0xae810cf45c532c6c2fc8aac0db1d82f1c261d1b4,2017-10-31T20:38:10.000Z,0.0000023,0x0a72ebae0321b78bf42b5846c57f90d714a5cb31,sell,0x4e279d8638e8669fad40e018fc181d26ee780380,0xc7e3b1e2b2076fd34aaf62c8d1e576e823a782ad8461b9d23936fb40ea897900
87,597.865,0.0013750895,0xe97307d2eb5cf05b9bbf7ada2665e6ffdd0951d7,2017-10-31T20:38:05.000Z,0.0000023,0x0a72ebae0321b78bf42b5846c57f90d714a5cb31,sell,0x4e279d8638e8669fad40e018fc181d26ee780380,0x24c103807fce0c7401d5b6c790999027530c08b58d93b0cd66885db40c3f41fb
88,3500,0.0122465,0x0a72ebae0321b78bf42b5846c57f90d714a5cb31,2017-10-31T18:33:17.000Z,0.000003499,0x0a72ebae0321b78bf42b5846c57f90d714a5cb31,buy,0x4e279d8638e8669fad40e018fc181d26ee780380,0xf0c7aa3094581801b7d0399425d935f5ec71be2c0fbb20c99133acaa77421d4e
89,15000,0.047985,0x0a72ebae0321b78bf42b5846c57f90d714a5cb31,2017-10-31T18:33:17.000Z,0.000003199,0x0a72ebae0321b78bf42b5846c57f90d714a5cb31,buy,0x4e279d8638e8669fad40e018fc181d26ee780380,0xc3795f6e49ad8e25f78e70403b1fa6f1dc6b2c2f235ec19915585b3ffc55a52e
90,3500,0.0115465,0x0a72ebae0321b78bf42b5846c57f90d714a5cb31,2017-10-31T18:30:10.000Z,0.000003299,0x0a72ebae0321b78bf42b5846c57f90d714a5cb31,buy,0x4e279d8638e8669fad40e018fc181d26ee780380,0xab231cb295295af7319f9762680df95e18b85b089dd9bf6944662c6c550103f4
91,149200,0.5933684,0x0a72ebae0321b78bf42b5846c57f90d714a5cb31,2017-10-31T17:59:16.000Z,0.000003977,0x0a72ebae0321b78bf42b5846c57f90d714a5cb31,buy,0x4e279d8638e8669fad40e018fc181d26ee780380,0x9c0e900264e9d9f0ea2ccd3670b05640badd70d6e566b8c151f1b4e5562fa959
92,100000,0.3977,0x0a72ebae0321b78bf42b5846c57f90d714a5cb31,2017-10-31T17:45:42.000Z,0.000003977,0x0a72ebae0321b78bf42b5846c57f90d714a5cb31,buy,0x4e279d8638e8669fad40e018fc181d26ee780380,0x36f95411bc1b432b3d35d8ba9e860574f2f0f00e2396da5899f9824d9d9d0f19
93,50800,0.2020316,0x0a72ebae0321b78bf42b5846c57f90d714a5cb31,2017-10-31T17:38:33.000Z,0.000003977,0x0a72ebae0321b78bf42b5846c57f90d714a5cb31,buy,0x4e279d8638e8669fad40e018fc181d26ee780380,0x5aa082a59a1a5598d18bd7c8cdee8a6701b54c79bbb21b4c4431cb6bd36cb021
94,134800,0.5360996,0x0a72ebae0321b78bf42b5846c57f90d714a5cb31,2017-10-31T17:37:31.000Z,0.000003977,0x0a72ebae0321b78bf42b5846c57f90d714a5cb31,buy,0x4e279d8638e8669fad40e018fc181d26ee780380,0xe29fc831aa36ca68ff04ebb0126f1904383666c8be3c51d53975dffbc8d6a87f
95,560000,1.96,0x082b53c60797af3ecdcb072a57b7bcbc1729bceb,2017-10-31T15:02:25.000Z,0.0000035,0x082b53c60797af3ecdcb072a57b7bcbc1729bceb,buy,0x4e279d8638e8669fad40e018fc181d26ee780380,0x0a3aeb2ace0c5472ac0a6bc635d6a4a03c6825bba596e91e2e0d99bd07dc3029
96,200,0.0007954,0x0b773d7819259d78757b26dc4148812d35676d8f,2017-10-31T12:16:32.000Z,0.000003977,0x0a72ebae0321b78bf42b5846c57f90d714a5cb31,buy,0x4e279d8638e8669fad40e018fc181d26ee780380,0x5797cf1a731de78a53cb6bbdc39377b32fd7fff6ebb681bdfd2dd5529edcfd00
97,2118.43186123,0.0021396161798423,0x78b0e4933f5b7d90102367e28efcde256998411e,2017-10-31T11:57:48.000Z,0.00000101,0x5b9cd3d32147053b02744e78a50b359fc8d8b839,sell,0x4e279d8638e8669fad40e018fc181d26ee780380,0x7c51a958c69f415ed6261eb3c2fb92a11c4181c47fbd279dc88b65c74fb93bd9
98,11015.452,0.0286401752,0xea77e83c306f3e3f4654e2b2e272306efc94c9bd,2017-10-31T11:19:23.000Z,0.0000026,0xdbbae39c54992479faac890e81eb4d8579b951d6,sell,0x4e279d8638e8669fad40e018fc181d26ee780380,0xcabe6ca364ae63ec10decbbe71d42f417fd3f11549e3c4827f285d2987671581
99,2000,0.00522,0x78b0e4933f5b7d90102367e28efcde256998411e,2017-10-31T11:14:33.000Z,0.00000261,0x0e1f2339386173311b757641e3d6133c87c71324,sell,0x4e279d8638e8669fad40e018fc181d26ee780380,0x6ef597b224465a4e195a995d0645fbdde0cc6a3919439021f5cc6628d64ceb0c
100,1000,0.00415,0x78b0e4933f5b7d90102367e28efcde256998411e,2017-10-31T10:37:47.000Z,0.00000415,0x0a72ebae0321b78bf42b5846c57f90d714a5cb31,buy,0x4e279d8638e8669fad40e018fc181d26ee780380,0x39e77e8659a94050cfa55380199d6d8aa270ee3ec1f81bb01cbee68efa3c43dd
101,1,0.00000415,0x6cdea8e07bf82d7a07dbf36642d6e5be8623845c,2017-10-31T10:31:06.000Z,0.00000415,0x0a72ebae0321b78bf42b5846c57f90d714a5cb31,buy,0x4e279d8638e8669fad40e018fc181d26ee780380,0xd48a891ef0b977f4e235d69742194b9fb90b4e914b6bc31962a317e05e76cc8c
102,5842.86394003,0.033888610852174,0x2eae2d4e9be4e86e93ff47b8e2fef64eb9fe697d,2017-10-31T07:06:03.000Z,0.0000058,0xf44072eda87ede9613b6ae1b812de8a60ade27a2,sell,0x4e279d8638e8669fad40e018fc181d26ee780380,0x01257efb116a94b83c42babbc4de9494fa1023b700332ceaab697c3385048fa3
103,5860.44527585,0.029823806008851535,0xf44072eda87ede9613b6ae1b812de8a60ade27a2,2017-10-31T07:06:03.000Z,0.00000508900000000868,0xd17e01f38f53060a7c09e94bccf87f7040acfc7d,buy,0x4e279d8638e8669fad40e018fc181d26ee780380,0x01257efb116a94b83c42babbc4de9494fa1023b700332ceaab697c3385048fa3
104,1993.003,0.0115594174,0x2eae2d4e9be4e86e93ff47b8e2fef64eb9fe697d,2017-10-31T07:05:50.000Z,0.0000058,0x273a5d3e6721b9f5c1a6474f560c1334c63dda01,sell,0x4e279d8638e8669fad40e018fc181d26ee780380,0x9db9454b825734b496bb7f7e38fda973d77cb3030500ffbfbf531933d969f7ca
105,1999,0.010192901,0x273a5d3e6721b9f5c1a6474f560c1334c63dda01,2017-10-31T07:05:50.000Z,0.000005099,0x0a72ebae0321b78bf42b5846c57f90d714a5cb31,buy,0x4e279d8638e8669fad40e018fc181d26ee780380,0x9db9454b825734b496bb7f7e38fda973d77cb3030500ffbfbf531933d969f7ca
106,50000,0.25445,0x2eae2d4e9be4e86e93ff47b8e2fef64eb9fe697d,2017-10-31T07:05:20.000Z,0.000005089,0x0a72ebae0321b78bf42b5846c57f90d714a5cb31,sell,0x4e279d8638e8669fad40e018fc181d26ee780380,0xc49b7a80d3821aac3837d76ccc1ab1d972f88efcec0230d182459af68822f7f3
107,2492.27395075,0.00647991227195,0xea77e83c306f3e3f4654e2b2e272306efc94c9bd,2017-10-31T06:51:58.000Z,0.0000026,0xffd84530db27cc11d3ebf2b4854e3b2b53609a7e,sell,0x4e279d8638e8669fad40e018fc181d26ee780380,0x830a6b3667dd29439d5c4a6ef4d05a310cb15f46111e556734c6b3ced4505b3e
108,2492.27395075,0.00647991227195,0xea77e83c306f3e3f4654e2b2e272306efc94c9bd,2017-10-31T06:17:20.000Z,0.0000026,0x7194e2671eff61260da5408089a5600de6f06f80,sell,0x4e279d8638e8669fad40e018fc181d26ee780380,0x26d4db016e319f2ff99bbc7c3fc3e9e51b3a527f6d707a4f4ad75137345411da
109,15000,0.063,0x24bf5f007e4b06f5777c460fb02d3521c1b521a8,2017-10-31T06:03:29.000Z,0.0000042,0x0a72ebae0321b78bf42b5846c57f90d714a5cb31,sell,0x4e279d8638e8669fad40e018fc181d26ee780380,0xc5df7b6ca5686904134d585a5b8aa9f0acff47a981daabc436588b5b53f95fe1
110,140000,0.434,0x5387a828d90d6d2a3da2fee9435d0dc5fb8a47cb,2017-10-31T06:03:29.000Z,0.0000031,0x0a72ebae0321b78bf42b5846c57f90d714a5cb31,sell,0x4e279d8638e8669fad40e018fc181d26ee780380,0xf614ca1fe108bf68f9e84c6e16aab391446cf4be250bad162c5fc31a3efdbe52
111,17000,0.0731,0x9c1a0021aaa7f7d97709bf9ce6f1631e904eb9fe,2017-10-31T06:03:29.000Z,0.0000043,0x0a72ebae0321b78bf42b5846c57f90d714a5cb31,sell,0x4e279d8638e8669fad40e018fc181d26ee780380,0x5efadd59850fda3a8a66aed3a77c77cbfd08db42f861cdb5de080a254f893319
112,100000,0.44,0x7659f5dcd00a821db1a4cb254c5c81939734ad1c,2017-10-31T06:00:45.000Z,0.0000044,0x0a72ebae0321b78bf42b5846c57f90d714a5cb31,sell,0x4e279d8638e8669fad40e018fc181d26ee780380,0xd29b6ce2165c02b40cb79ba23c1434274e2a0de1423fabbd5a71a0912fd2e6c2
113,100000,0.4,0x1752d38b28f8242d084079e0e620318da9d76448,2017-10-31T05:36:44.000Z,0.000004,0xd17e01f38f53060a7c09e94bccf87f7040acfc7d,sell,0x4e279d8638e8669fad40e018fc181d26ee780380,0x295de6d8836474f3cadfe4cd6a6e4ab325791e035514d97eceb9de2d0a7980ac
114,6672.84490533,0.035366077998249,0xef735ff43107ddc1ea7c452c95dbedf42687d13f,2017-10-31T04:40:59.000Z,0.0000053,0x1a44ab4a8c070e29e294fb466f4066b35702db6b,sell,0x4e279d8638e8669fad40e018fc181d26ee780380,0xee5a23e8733fe92e333a392fe8089faa1b8dfdc4185a9f91b51ed4c5d1396b25
115,39439.183,0.20981645356,0xe6da8125f3b59a90390c7b7047245ebdec60ac58,2017-10-31T04:19:36.000Z,0.00000532,0x75583fe64ef795c7e5c172e5118680a0c6e48f85,sell,0x4e279d8638e8669fad40e018fc181d26ee780380,0x1d09ea1b47ecec298f6c5deab6c2b0775975327f56904511e73b836652c29784
116,560.817,0.00298354644,0xe6da8125f3b59a90390c7b7047245ebdec60ac58,2017-10-31T04:17:44.000Z,0.00000532,0xe444a40689f51f63bcd29910622035707d533d29,sell,0x4e279d8638e8669fad40e018fc181d26ee780380,0x78aa1def2acacf7d5fadf697847121c24938731cadf8163ef959a663416801e0
117,1500,0.0087,0xa92288402ea55be74118c46597cdf690d1dab035,2017-10-31T03:54:41.000Z,0.0000058,0xdbbae39c54992479faac890e81eb4d8579b951d6,buy,0x4e279d8638e8669fad40e018fc181d26ee780380,0x0067f2c46982f129d8b779ad5946acf9a7f70ad3adae14b87bcdb74c4a6c3b1f
118,500,0.00275,0xd17e01f38f53060a7c09e94bccf87f7040acfc7d,2017-10-31T03:38:22.000Z,0.0000055,0xdbbae39c54992479faac890e81eb4d8579b951d6,buy,0x4e279d8638e8669fad40e018fc181d26ee780380,0x941173fa64c9421f85aef6a8815692772e59ecaf3d30f174809be0aa9b5664ca
119,4500,0.02475,0x18d75ed5cdd83c97a5d7d318435c2ad017d0c42e,2017-10-31T03:29:25.000Z,0.0000055,0xdbbae39c54992479faac890e81eb4d8579b951d6,buy,0x4e279d8638e8669fad40e018fc181d26ee780380,0x23c40b8e59b942f8b7d3afed2968c4ee7950df6f5259591b20b4901fa0d53195
120,500,0.0025,0x18d75ed5cdd83c97a5d7d318435c2ad017d0c42e,2017-10-31T03:27:28.000Z,0.000005,0x95ce81027b57239985d75fc2b7e2aa6f2baccbd2,buy,0x4e279d8638e8669fad40e018fc181d26ee780380,0x188387b1ff274e36a06fc6375aefec4bf4e727a734e40697a6dc8c2105027abe
121,2492.27395075,0.010218323198075,0xe6da8125f3b59a90390c7b7047245ebdec60ac58,2017-10-31T02:50:01.000Z,0.0000041,0xcb6473204671311ee3f4caf23cfc71b1b38f43c8,sell,0x4e279d8638e8669fad40e018fc181d26ee780380,0xc249a5c24e6664d2e52919fe146e4ba77bdf3a1007ceefc00222232ffe1c1fb2
122,5000,0.02249,0x18d75ed5cdd83c97a5d7d318435c2ad017d0c42e,2017-10-31T02:40:15.000Z,0.000004498,0xb9560a11b1c775b6d82568d4bdcc59edb81524d1,buy,0x4e279d8638e8669fad40e018fc181d26ee780380,0xcab128b41e46f7ee1a7b249689ccc543ca280cbb92bd40964c69d86294ad67d0
123,5000,0.02248,0x18d75ed5cdd83c97a5d7d318435c2ad017d0c42e,2017-10-31T02:38:01.000Z,0.000004496,0xb9560a11b1c775b6d82568d4bdcc59edb81524d1,buy,0x4e279d8638e8669fad40e018fc181d26ee780380,0xa7b48d68d59f3cb5550c667a5fb02d95d5a31336726841a6473e296c810d1a8b
124,1998.5,0.00859355,0x072ac134a5130594cdb122a28d511acab9af33e2,2017-10-31T02:01:17.000Z,0.0000043,0x20c721b0262bd9341c0a7ec685768cb3d33eadfb,buy,0x4e279d8638e8669fad40e018fc181d26ee780380,0x44220c23ffac34d724ff86fdb25356b6fbcba4efa13647b9ee3411ab484518f6
125,5000,0.02247,0x072ac134a5130594cdb122a28d511acab9af33e2,2017-10-31T02:00:50.000Z,0.000004494,0xb9560a11b1c775b6d82568d4bdcc59edb81524d1,buy,0x4e279d8638e8669fad40e018fc181d26ee780380,0xc80bfb81ffd501ba1442069e3c61531180782fc93b967055c7569025d3afce02
126,5000,0.02246,0x072ac134a5130594cdb122a28d511acab9af33e2,2017-10-31T02:00:48.000Z,0.000004492,0xb9560a11b1c775b6d82568d4bdcc59edb81524d1,buy,0x4e279d8638e8669fad40e018fc181d26ee780380,0xe4282f3dbe2734671f955bac2236dd82675b555dee30565ee01e3334a9b14fb2
127,4160.46927545,0.018680507046800177,0xe6da8125f3b59a90390c7b7047245ebdec60ac58,2017-10-31T01:59:18.000Z,0.00000449000000000713,0xb9560a11b1c775b6d82568d4bdcc59edb81524d1,buy,0x4e279d8638e8669fad40e018fc181d26ee780380,0xb588b023177a645a9ef394f7d05f913c1670ab607fd45ca109d245d761b9266b
128,11000,0.04939,0xd1eceba1a6fcd42d574b2652c00f01c02f6634cd,2017-10-31T01:56:00.000Z,0.00000449,0xb9560a11b1c775b6d82568d4bdcc59edb81524d1,buy,0x4e279d8638e8669fad40e018fc181d26ee780380,0xa9ec06870cc444760a03773451204e45007ef4316bd8e5027d4278af029835b2
129,6693.53072454,0.030053952953199823,0x1a44ab4a8c070e29e294fb466f4066b35702db6b,2017-10-31T01:25:27.000Z,0.00000449000000000227,0xb9560a11b1c775b6d82568d4bdcc59edb81524d1,buy,0x4e279d8638e8669fad40e018fc181d26ee780380,0x9bb88309edcc7808808db121a39e9098f9cbab23bbd71a1d01e322ecb055a795
130,7000,0.03143,0x1098b62b22535c7eea2b3c2f6dd049677979d514,2017-10-31T00:20:42.000Z,0.00000449,0xb9560a11b1c775b6d82568d4bdcc59edb81524d1,buy,0x4e279d8638e8669fad40e018fc181d26ee780380,0x56e43784161fa25a0745673307f9140a47fc056e2079cb146358ba4134c44cc2
131,3000,0.0117,0x572d61f11413b477c83699e3ea311293437d269a,2017-10-30T23:59:56.000Z,0.0000039,0xdbbae39c54992479faac890e81eb4d8579b951d6,buy,0x4e279d8638e8669fad40e018fc181d26ee780380,0x00d019aeb141c64b4c05377c9f499ee4373789eacbb314cff7a48733247b4562
132,20000,0.076,0xdfb2c619d81ccc95a574818af92c619f35a459e9,2017-10-30T23:52:36.000Z,0.0000038,0x76883638b90f3c35b379aa9038eaccdbb621f62c,buy,0x4e279d8638e8669fad40e018fc181d26ee780380,0xbcc7f53f6f5179bab7a19eb81cc3b3692d37951d69d6fa06ba13b6ca9ae9af1a
133,26232,0.0970584,0xdfb2c619d81ccc95a574818af92c619f35a459e9,2017-10-30T23:39:06.000Z,0.0000037,0x0a72ebae0321b78bf42b5846c57f90d714a5cb31,buy,0x4e279d8638e8669fad40e018fc181d26ee780380,0xacfec42d1311f545e126d07ff1eee061990edff0433301a9283c9c76a8d2b74f
134,6000,0.0222,0x1098b62b22535c7eea2b3c2f6dd049677979d514,2017-10-30T23:17:32.000Z,0.0000037,0x0a72ebae0321b78bf42b5846c57f90d714a5cb31,buy,0x4e279d8638e8669fad40e018fc181d26ee780380,0xfd237e95ff5732b37720c3d0b6f37e38189b3dee3446fac6e6fd603e8f37e6c7
135,5000000,5,0x0a72ebae0321b78bf42b5846c57f90d714a5cb31,2017-10-30T22:02:45.000Z,0.000001,0xe868c7c29f7b275c593f2aa2d3fd37902969e208,buy,0x4e279d8638e8669fad40e018fc181d26ee780380,0x7461e84fa6077b8a83173a9712f89fe32034b5dad7680b5e0af849f1a2119697
136,1850000,1.85,0x0a72ebae0321b78bf42b5846c57f90d714a5cb31,2017-10-30T22:02:03.000Z,0.000001,0xe868c7c29f7b275c593f2aa2d3fd37902969e208,buy,0x4e279d8638e8669fad40e018fc181d26ee780380,0xa6bb59bc91205c30093ac846ffe6959e3b7864aaa3b310176c7357b93b4a4776
137,150000,0.15,0x173426a9cc835cbb83b72180985cec8952a2a8cb,2017-10-30T22:00:02.000Z,0.000001,0xe868c7c29f7b275c593f2aa2d3fd37902969e208,buy,0x4e279d8638e8669fad40e018fc181d26ee780380,0xdcd01af248ed8f37e8bf0981b51835775f5d51e65c85f4c15079accd63f96e48
138,100000,0.1,0x35dee65c06424b1fe93cbd21f5884dd6c183de1a,2017-10-30T20:44:38.000Z,0.000001,0xe868c7c29f7b275c593f2aa2d3fd37902969e208,buy,0x4e279d8638e8669fad40e018fc181d26ee780380,0x8d142376b2171462b82e8a7e536bba9c6b28d6b1199dbb1867073d019aaf9678
139,183460.81084238,0.18346081084238502,0xb9560a11b1c775b6d82568d4bdcc59edb81524d1,2017-10-30T20:21:22.000Z,0.00000100000000000002,0xe868c7c29f7b275c593f2aa2d3fd37902969e208,buy,0x4e279d8638e8669fad40e018fc181d26ee780380,0xf6b6f2e96da638ab59b1342ffcca9b6fd452a07a192176ff40e2f8d8831bf82e
140,131756.51889275,0.13175651889275503,0x3bedc86edaa5f3f07bba5c7d9c7c8b041f915d6d,2017-10-30T20:17:21.000Z,0.00000100000000000003,0xe868c7c29f7b275c593f2aa2d3fd37902969e208,buy,0x4e279d8638e8669fad40e018fc181d26ee780380,0xadaf8f1d741b228a9aaf9fb2df2ba8e5f6487d2bfa256812d1c891a414795230
141,49847.57680246,0.04984757680246906,0x65df448a6ea8fb4405872649c8bbce3c7369754c,2017-10-30T20:16:09.000Z,0.00000100000000000018,0xe868c7c29f7b275c593f2aa2d3fd37902969e208,buy,0x4e279d8638e8669fad40e018fc181d26ee780380,0x0784ddf51e22e441a3e494df761ebbe916b06c95e30f5081d67bd7913e452fdc
142,0.00000305,0.000000000003051534,0xd1eceba1a6fcd42d574b2652c00f01c02f6634cd,2017-10-30T20:15:36.000Z,0.00000100050295081967,0xe868c7c29f7b275c593f2aa2d3fd37902969e208,buy,0x4e279d8638e8669fad40e018fc181d26ee780380,0x5df4aecd2b06c73c1f42c3506de4b94f5b3d682c4f5de925d2162e1b847705a0
143,0.03060992,0.000000030609924308,0xd1eceba1a6fcd42d574b2652c00f01c02f6634cd,2017-10-30T20:11:51.000Z,0.00000100000014073868,0xe868c7c29f7b275c593f2aa2d3fd37902969e208,buy,0x4e279d8638e8669fad40e018fc181d26ee780380,0xd325506a66473e60c19187fda295e5b334c7a1a781f7a24028cc492fe882452e
144,21042.90556714,0.021042905567147822,0x65df448a6ea8fb4405872649c8bbce3c7369754c,2017-10-30T20:10:41.000Z,0.00000100000000000037,0xe868c7c29f7b275c593f2aa2d3fd37902969e208,buy,0x4e279d8638e8669fad40e018fc181d26ee780380,0x983beeb2002a02c018413852d08452c29a9d09b069e10dff5219248300092401
145,307.04815073,0.000307048150732728,0xd1eceba1a6fcd42d574b2652c00f01c02f6634cd,2017-10-30T20:09:12.000Z,0.00000100000000000888,0xe868c7c29f7b275c593f2aa2d3fd37902969e208,buy,0x4e279d8638e8669fad40e018fc181d26ee780380,0x8d7e931436d07a3ff05b1563146a8282f91d7c286bc1e4fc55a426140d201c22
146,30000,0.03,0x97c5c53f8acac416f87a884f6f923ae063ebaacd,2017-10-30T20:01:45.000Z,0.000001,0xe868c7c29f7b275c593f2aa2d3fd37902969e208,buy,0x4e279d8638e8669fad40e018fc181d26ee780380,0xee5315163f455915be620d88a2c5a02d98ce2dcc3b0d26875c66584b2cabba7a
147,10000,0.01,0x97c5c53f8acac416f87a884f6f923ae063ebaacd,2017-10-30T20:00:46.000Z,0.000001,0xe868c7c29f7b275c593f2aa2d3fd37902969e208,buy,0x4e279d8638e8669fad40e018fc181d26ee780380,0xf67c36e2b6c4dd4fdfc2e2759e7318e8c636833a1f65e79f440cba607b3801ec
148,10000,0.01,0x97c5c53f8acac416f87a884f6f923ae063ebaacd,2017-10-30T20:00:06.000Z,0.000001,0xe868c7c29f7b275c593f2aa2d3fd37902969e208,buy,0x4e279d8638e8669fad40e018fc181d26ee780380,0xc2421f6f9e44fd702471a8df978b84cbd6745c99a2c2e9dae3d19b9414f0c688
149,245393.55996411,0.24539355996411125,0xb9560a11b1c775b6d82568d4bdcc59edb81524d1,2017-10-30T19:51:17.000Z,0.000001,0xe868c7c29f7b275c593f2aa2d3fd37902969e208,buy,0x4e279d8638e8669fad40e018fc181d26ee780380,0x755d8f35386b8c88d0316f3b61b9b6498d318b0310e5d362d0c9035fb3217d4b
150,1300000,1.3,0xee72cd07a36d08f5fafff2214857a8221a3314be,2017-10-30T19:50:14.000Z,0.000001,0xe868c7c29f7b275c593f2aa2d3fd37902969e208,buy,0x4e279d8638e8669fad40e018fc181d26ee780380,0xb832be3358805c7fc7589a08ff5890d6c408d7ea1fd78bfc8396cca80e131521
151,400000,0.4,0x082b53c60797af3ecdcb072a57b7bcbc1729bceb,2017-10-30T19:50:14.000Z,0.000001,0xe868c7c29f7b275c593f2aa2d3fd37902969e208,buy,0x4e279d8638e8669fad40e018fc181d26ee780380,0x28fc8f73af3368186f60d3071bddea1683bf86b6bca19976f70e607c0a7ab69f
152,200000,0.2,0x0398032cc72ea479f6b24ebb0ccf406ddb5b4d26,2017-10-30T19:49:51.000Z,0.000001,0x082b53c60797af3ecdcb072a57b7bcbc1729bceb,sell,0x4e279d8638e8669fad40e018fc181d26ee780380,0x061900bb038683f5dcaf779b29f729b9fc8d8e02608b535e74b3468b0a9e6174
153,200000,0.2,0x0398032cc72ea479f6b24ebb0ccf406ddb5b4d26,2017-10-30T19:49:51.000Z,0.000001,0x082b53c60797af3ecdcb072a57b7bcbc1729bceb,sell,0x4e279d8638e8669fad40e018fc181d26ee780380,0x3fb5ca809fe82c2a12d28a433da94eb5bce806ddeda0814a5dd9cc6735a801f0
154,1000000,1,0x082b53c60797af3ecdcb072a57b7bcbc1729bceb,2017-10-30T19:43:52.000Z,0.000001,0xe868c7c29f7b275c593f2aa2d3fd37902969e208,buy,0x4e279d8638e8669fad40e018fc181d26ee780380,0x6920c490d9bb3e545b3ed8c7e3db2a5887d448d23b2f6e45b780646dd8582fd1
155,30000,0.03,0xff6fc474f89473ddeaf5fec9dd73b94c5b863dc1,2017-10-30T19:41:14.000Z,0.000001,0xe868c7c29f7b275c593f2aa2d3fd37902969e208,buy,0x4e279d8638e8669fad40e018fc181d26ee780380,0x4e67a9e8bae24152f5385a4cfe8c46f5453283f44380111c23f7021fee9795eb
156,1000000,1,0xee72cd07a36d08f5fafff2214857a8221a3314be,2017-10-30T19:30:37.000Z,0.000001,0xe868c7c29f7b275c593f2aa2d3fd37902969e208,buy,0x4e279d8638e8669fad40e018fc181d26ee780380,0x0eefba83b3f2a91309dfcd11607cbf12382cd1d004b7c22a0b55cf4315369c9d
157,173721.5,0.1735477785,0x3bedc86edaa5f3f07bba5c7d9c7c8b041f915d6d,2017-10-30T17:49:56.000Z,0.000000999,0xdd55aed1e7c65ea79b650269ce4d3a0ef5449b8e,buy,0x4e279d8638e8669fad40e018fc181d26ee780380,0x8eb9af626970d340d0ffce87b51c5ae4f7d97cccd7a0bef729976e1f6e104072
158,4500,0.0044955,0x230601e5772e46987b89554ffb76eab55e1170a0,2017-10-30T17:21:12.000Z,0.000000999,0xdd55aed1e7c65ea79b650269ce4d3a0ef5449b8e,buy,0x4e279d8638e8669fad40e018fc181d26ee780380,0xd18a3ca4044e5f5e71543a3d5aa91f6d93109956679be7e3fa4fcf6ea44b9c5c
159,20000,0.01998,0x230601e5772e46987b89554ffb76eab55e1170a0,2017-10-30T16:55:53.000Z,0.000000999,0xdd55aed1e7c65ea79b650269ce4d3a0ef5449b8e,buy,0x4e279d8638e8669fad40e018fc181d26ee780380,0x9ef5c13a904fb1471e7721b73845dfee5d25c4fa7e7e364eee5764ee7c0ec88a
160,120337.36736301,0.12033736736301405,0xd59287c566816360f12d6ad9a6bba0ac8a1ad72b,2017-10-30T15:45:49.000Z,0.00000100000000000003,0xe868c7c29f7b275c593f2aa2d3fd37902969e208,buy,0x4e279d8638e8669fad40e018fc181d26ee780380,0x77f0666a57d893893ce6cef773da6b306bf2f66824992e626126c5d55862e1bf
161,25348.88727597,1.0139554910391542,0x082b53c60797af3ecdcb072a57b7bcbc1729bceb,2017-10-30T15:23:31.000Z,0.00004000000000001396,0x082b53c60797af3ecdcb072a57b7bcbc1729bceb,buy,0x4e279d8638e8669fad40e018fc181d26ee780380,0x4f8e5504e21c5f30a154e03a5f054f8a328e0405328a995e8c2c159fd8f1eb5d
162,1,9,0x082b53c60797af3ecdcb072a57b7bcbc1729bceb,2017-10-30T15:13:25.000Z,9,0x082b53c60797af3ecdcb072a57b7bcbc1729bceb,buy,0x4e279d8638e8669fad40e018fc181d26ee780380,0xa98f8156ff95fbb9c626f7bc07b585ae39d7f08fa99db5a2844d4e75b05a9c58
163,2000000.945,2.000000945,0x082b53c60797af3ecdcb072a57b7bcbc1729bceb,2017-10-30T14:37:12.000Z,0.000001,0xe868c7c29f7b275c593f2aa2d3fd37902969e208,buy,0x4e279d8638e8669fad40e018fc181d26ee780380,0x1fcdeb8a0e0b1ba0f7bce7e77671d20687104a4b4ed3835925960ed154baf82f
164,50000,0.04995,0x75583fe64ef795c7e5c172e5118680a0c6e48f85,2017-10-30T14:35:56.000Z,0.000000999,0xdd55aed1e7c65ea79b650269ce4d3a0ef5449b8e,buy,0x4e279d8638e8669fad40e018fc181d26ee780380,0x26d7072a96e7e4868715b6438b0f23594ce788b726d584132f785c75ed2cda39
165,997008.96375448,0.9970089637544878,0x082b53c60797af3ecdcb072a57b7bcbc1729bceb,2017-10-30T14:33:34.000Z,0.000001,0xe868c7c29f7b275c593f2aa2d3fd37902969e208,buy,0x4e279d8638e8669fad40e018fc181d26ee780380,0x70dc9173b63e7c74c04a0d69fddada928526e56176de6913ca953ccfce41696e
166,50000,0.04995,0x95703bcc4adc0206db4b4546319db26729468af2,2017-10-30T14:33:22.000Z,0.000000999,0xdd55aed1e7c65ea79b650269ce4d3a0ef5449b8e,buy,0x4e279d8638e8669fad40e018fc181d26ee780380,0xea348f129ffdfece0d180ce7d18fac7e76cafd0630239c992815bf1e3c32c720
167,996915.42126684,0.9969154212668483,0x082b53c60797af3ecdcb072a57b7bcbc1729bceb,2017-10-30T14:09:06.000Z,0.000001,0xe868c7c29f7b275c593f2aa2d3fd37902969e208,buy,0x4e279d8638e8669fad40e018fc181d26ee780380,0xdc43cdf885f78a8bcb70c659a9b0c63faee9ce3457652551c1f695cbc6dfe022
168,58590.7277554,0.05859072775540208,0x082b53c60797af3ecdcb072a57b7bcbc1729bceb,2017-10-30T14:07:33.000Z,0.00000100000000000003,0xe868c7c29f7b275c593f2aa2d3fd37902969e208,buy,0x4e279d8638e8669fad40e018fc181d26ee780380,0xf561086a5fdadf6881227e0612ddc69db2c32c69556386dde759f8e845e90a20
169,100000,0.1,0x082b53c60797af3ecdcb072a57b7bcbc1729bceb,2017-10-30T13:55:28.000Z,0.000001,0xe868c7c29f7b275c593f2aa2d3fd37902969e208,buy,0x4e279d8638e8669fad40e018fc181d26ee780380,0x3a6a7a3797af4209736f45cbb45e8156095d3092dc205d009bbf620ea8fb1073
170,417918.1183221,0.4179181183221017,0x082b53c60797af3ecdcb072a57b7bcbc1729bceb,2017-10-30T13:50:26.000Z,0.000001,0xe868c7c29f7b275c593f2aa2d3fd37902969e208,buy,0x4e279d8638e8669fad40e018fc181d26ee780380,0xea1f7c01e623dedd6dc386c9c7b76732f57f35261ed1525f3cc6c5c72669dd24
171,500000,0.5,0x082b53c60797af3ecdcb072a57b7bcbc1729bceb,2017-10-30T13:49:00.000Z,0.000001,0xe868c7c29f7b275c593f2aa2d3fd37902969e208,buy,0x4e279d8638e8669fad40e018fc181d26ee780380,0x4d498cee7f3e970f4f720637c0330c8a7b889e1cc24341b29126ea9c2a7d370e
172,1096.60053833,0.00110866314425163,0x8e7601f7daad7a0993474106d6fe1e1761326e25,2017-10-30T12:39:00.000Z,0.000001011,0xa4392b5cfcd5fb1009f703f40c9c602805de59c2,sell,0x4e279d8638e8669fad40e018fc181d26ee780380,0x7cc35b326f0cafb397604a81b1a630956957cb2c0ea4cff31456ce44ba346a74
173,10000,0.01,0xe673b1ea0c5d49462ce27cff1d58177af5de7dfa,2017-10-30T08:36:29.000Z,0.000001,0xe868c7c29f7b275c593f2aa2d3fd37902969e208,buy,0x4e279d8638e8669fad40e018fc181d26ee780380,0x642860aec9160962c7955a84beecf4dc615549d1a0de5ee8be08de2c51f4b1eb
174,2500,0.0024975,0x6061ec9dc92e50e73e9034d42e84b4d8b788f643,2017-10-30T08:16:44.000Z,0.000000999,0x1fb9f5abd2c8c8e7e34f1738682d76d8704d1f8b,buy,0x4e279d8638e8669fad40e018fc181d26ee780380,0xfb1d02561febbb2e7b42225bb6346290343c0e356578027d9ceb745a43069f4d
175,10030,0.01003,0xc9d56287b414e1aa0963016aa721b527f095fd9c,2017-10-30T04:51:24.000Z,0.000001,0xe868c7c29f7b275c593f2aa2d3fd37902969e208,buy,0x4e279d8638e8669fad40e018fc181d26ee780380,0x3d33a962bd2a7c1bf61461d4514fbb7ba149fa3fe5289a2fe064cfa4c82919a7
176,10000,0.03101,0x76883638b90f3c35b379aa9038eaccdbb621f62c,2017-10-30T04:51:24.000Z,0.000003101,0xc9d56287b414e1aa0963016aa721b527f095fd9c,sell,0x4e279d8638e8669fad40e018fc181d26ee780380,0x3d33a962bd2a7c1bf61461d4514fbb7ba149fa3fe5289a2fe064cfa4c82919a7
177,10000,0.03101,0x76883638b90f3c35b379aa9038eaccdbb621f62c,2017-10-30T04:51:14.000Z,0.000003101,0xc9d56287b414e1aa0963016aa721b527f095fd9c,sell,0x4e279d8638e8669fad40e018fc181d26ee780380,0x5204af021437ed9db153dc93d5c1263732a5ef76f5bdb3f6608329a484de430b
178,10030,0.01003,0xc9d56287b414e1aa0963016aa721b527f095fd9c,2017-10-30T04:51:14.000Z,0.000001,0xe868c7c29f7b275c593f2aa2d3fd37902969e208,buy,0x4e279d8638e8669fad40e018fc181d26ee780380,0x5204af021437ed9db153dc93d5c1263732a5ef76f5bdb3f6608329a484de430b
179,10000,0.01,0x97c5c53f8acac416f87a884f6f923ae063ebaacd,2017-10-30T04:41:12.000Z,0.000001,0xe868c7c29f7b275c593f2aa2d3fd37902969e208,buy,0x4e279d8638e8669fad40e018fc181d26ee780380,0xfc6726e7aea257e76a7a7e1eabf1f2b95bebad73d017eb0b4b66cc515696ad73
180,4000,0.004,0x97c5c53f8acac416f87a884f6f923ae063ebaacd,2017-10-30T04:41:12.000Z,0.000001,0xe868c7c29f7b275c593f2aa2d3fd37902969e208,buy,0x4e279d8638e8669fad40e018fc181d26ee780380,0x39810fc37ae48faa6f756be2127f44ee3fcf26142013ff5224c011a6c105b189
181,500,0.0005,0xe444a40689f51f63bcd29910622035707d533d29,2017-10-30T02:49:44.000Z,0.000001,0xe868c7c29f7b275c593f2aa2d3fd37902969e208,buy,0x4e279d8638e8669fad40e018fc181d26ee780380,0xae17b25de19b562d62b6eb0800beeec677e46bcb3eeb96a9f7a8c52e3036be5a
182,500,0.0005,0xf9695cd65d6dfdf257fab76a3eb0cb8f001971cc,2017-10-30T02:48:43.000Z,0.000001,0xe868c7c29f7b275c593f2aa2d3fd37902969e208,buy,0x4e279d8638e8669fad40e018fc181d26ee780380,0x1eca64b5e7b202d554018d94735d666e96cbea9f9448198253869ccf47a98bc8
183,500,0.0005,0x34f9560c63078eb61872a4dc2ccd20e21c34feaf,2017-10-30T02:45:13.000Z,0.000001,0xe868c7c29f7b275c593f2aa2d3fd37902969e208,buy,0x4e279d8638e8669fad40e018fc181d26ee780380,0xe415fdc430af120cc2bd1c135c4ae956dd214c093d06025dbbd60165efa49b39
184,8.94624203,0.000055466700586,0x3421c555a64032f3bb56c0f1236138dc88ae4c7f,2017-10-29T21:21:57.000Z,0.0000062,0x1d5321e125f6c7079a716705541c7b371ca79e69,sell,0x4e279d8638e8669fad40e018fc181d26ee780380,0x1e67f16fd5296245e6eeee8154fef028a4acb2870e716627e32cd68ed6d9aa9e
185,8.97308076,0.00000897308076,0x1d5321e125f6c7079a716705541c7b371ca79e69,2017-10-29T21:21:57.000Z,0.000001,0xe868c7c29f7b275c593f2aa2d3fd37902969e208,buy,0x4e279d8638e8669fad40e018fc181d26ee780380,0x1e67f16fd5296245e6eeee8154fef028a4acb2870e716627e32cd68ed6d9aa9e
186,3000,0.003,0x1d5321e125f6c7079a716705541c7b371ca79e69,2017-10-29T20:53:43.000Z,0.000001,0xe868c7c29f7b275c593f2aa2d3fd37902969e208,buy,0x4e279d8638e8669fad40e018fc181d26ee780380,0xde5de1389a1779b3fddeea9f7760c7b91943200d50f106f5d76a9b0fd9e76837
187,2991.02691924,0.018544366899288,0x3421c555a64032f3bb56c0f1236138dc88ae4c7f,2017-10-29T20:53:43.000Z,0.0000062,0x1d5321e125f6c7079a716705541c7b371ca79e69,sell,0x4e279d8638e8669fad40e018fc181d26ee780380,0xde5de1389a1779b3fddeea9f7760c7b91943200d50f106f5d76a9b0fd9e76837
188,1000,0.001,0x95ce81027b57239985d75fc2b7e2aa6f2baccbd2,2017-10-29T18:08:31.000Z,0.000001,0x6bb286efda69a1dd493d9626c05c5fd36fc32244,sell,0x4e279d8638e8669fad40e018fc181d26ee780380,0xf605bf91b1614849bcb99c9c5df4615b942be8a7a93e5f68550450a342bf4923
189,996.9095803,0.0009979064898803,0x0773dd752384d3d8714ceb1c28a199591c63cddc,2017-10-29T17:29:03.000Z,0.000001001,0xaca41f3b6f18ecbf7c049cbeb31470cd1ddc5efe,sell,0x4e279d8638e8669fad40e018fc181d26ee780380,0xd6b770a13ce89f8b0511b1aa02cab1735b1591ea103400da4e11927024581c97
190,1000,0.001,0xaca41f3b6f18ecbf7c049cbeb31470cd1ddc5efe,2017-10-29T17:25:41.000Z,0.000001,0xe868c7c29f7b275c593f2aa2d3fd37902969e208,buy,0x4e279d8638e8669fad40e018fc181d26ee780380,0xc74ff035da839a9197b08fdadcb99a32a5dd0be2f266c2b0fe2447cb05fff6ed
191,120000,0.12,0xa7f1df70df174d29e32bf783088d848d8c9e96d0,2017-10-29T16:49:43.000Z,0.000001,0xe868c7c29f7b275c593f2aa2d3fd37902969e208,buy,0x4e279d8638e8669fad40e018fc181d26ee780380,0xe0804a09bdac4df2a3039a9e7dfdf3da932c47f8eb2781a89f8a84de0f76fcf2
192,8000,0.008,0xa7f1df70df174d29e32bf783088d848d8c9e96d0,2017-10-29T16:21:10.000Z,0.000001,0xe868c7c29f7b275c593f2aa2d3fd37902969e208,buy,0x4e279d8638e8669fad40e018fc181d26ee780380,0xc187c9519ac9f20b20418b0f7764be23e2d42c7e9bcd8e5241c747dc15e87a82
193,20000,0.02,0xa7f1df70df174d29e32bf783088d848d8c9e96d0,2017-10-29T16:03:39.000Z,0.000001,0xe868c7c29f7b275c593f2aa2d3fd37902969e208,buy,0x4e279d8638e8669fad40e018fc181d26ee780380,0x3a9cf7f424c53dae05c37cea377585c9055e1e9799284d66d0c697e93e698582
194,10000,0.01,0xdbbae39c54992479faac890e81eb4d8579b951d6,2017-10-29T13:46:29.000Z,0.000001,0xe868c7c29f7b275c593f2aa2d3fd37902969e208,buy,0x4e279d8638e8669fad40e018fc181d26ee780380,0xc200b84a14a1d25e382fc9370067800fcb606460b6e3f0003509d3418c6f33c9
195,83226.85078749,0.08322685078749881,0x572d61f11413b477c83699e3ea311293437d269a,2017-10-29T12:25:47.000Z,0.0000010000000000001,0xe868c7c29f7b275c593f2aa2d3fd37902969e208,buy,0x4e279d8638e8669fad40e018fc181d26ee780380,0xd3c80e1cfe939e15d0687db78d850e5a3b2ce470263ec77f295fcb5585b1fb20
196,100000.038,0.100000038,0xd17e01f38f53060a7c09e94bccf87f7040acfc7d,2017-10-29T12:21:31.000Z,0.000001,0xe868c7c29f7b275c593f2aa2d3fd37902969e208,buy,0x4e279d8638e8669fad40e018fc181d26ee780380,0xacaeb2498fae5dccee5f697f3a9ea53dcd8cfb0f619001fb6d93280e0c7940bd
197,17250,0.01725,0x572d61f11413b477c83699e3ea311293437d269a,2017-10-29T12:20:06.000Z,0.000001,0xe868c7c29f7b275c593f2aa2d3fd37902969e208,buy,0x4e279d8638e8669fad40e018fc181d26ee780380,0x01988b6e4bd3df40103063dfbd4631924bef5ebeb433b3200a636b1c50eadd39
198,5000,0.005,0x572d61f11413b477c83699e3ea311293437d269a,2017-10-29T12:15:15.000Z,0.000001,0xe868c7c29f7b275c593f2aa2d3fd37902969e208,buy,0x4e279d8638e8669fad40e018fc181d26ee780380,0xa2d043bc9905d9305a1f523c33c708e09c58e94f436fc9c85c6cc55dd79bae04
199,55139.084,0.055139084,0x572d61f11413b477c83699e3ea311293437d269a,2017-10-29T12:08:55.000Z,0.000001,0xe868c7c29f7b275c593f2aa2d3fd37902969e208,buy,0x4e279d8638e8669fad40e018fc181d26ee780380,0x343effce8e44d8fced7681e830b464621942720a1b44c6c374fcfdcb1b8e2c18
200,77000,0.077,0x572d61f11413b477c83699e3ea311293437d269a,2017-10-29T12:07:35.000Z,0.000001,0xe868c7c29f7b275c593f2aa2d3fd37902969e208,buy,0x4e279d8638e8669fad40e018fc181d26ee780380,0x06bb5bae5626a05f0195f46e734c701e6b97a45cd446e68b336d429a2ffa06bc
201,25000,0.025,0x572d61f11413b477c83699e3ea311293437d269a,2017-10-29T12:06:58.000Z,0.000001,0xe868c7c29f7b275c593f2aa2d3fd37902969e208,buy,0x4e279d8638e8669fad40e018fc181d26ee780380,0x80ab58f7dbe4d72c002e9b2675220f0874febfb869ea17aea570758a049d7ed6
202,150000,0.15,0x572d61f11413b477c83699e3ea311293437d269a,2017-10-29T12:06:33.000Z,0.000001,0xe868c7c29f7b275c593f2aa2d3fd37902969e208,buy,0x4e279d8638e8669fad40e018fc181d26ee780380,0x03d0bf82302ab680df03b9ecabf809f5f1727a5288ade3ed560dc0af1e77f94e
203,79752.76940049,0.07975276940049825,0x572d61f11413b477c83699e3ea311293437d269a,2017-10-29T11:51:46.000Z,0.0000010000000000001,0xe868c7c29f7b275c593f2aa2d3fd37902969e208,buy,0x4e279d8638e8669fad40e018fc181d26ee780380,0xd9911d252ff48632573de3ec0f129c47ad6e364f92edbbaae3a51e81720542cc
204,29.85639793,0.00002985639793948,0x572d61f11413b477c83699e3ea311293437d269a,2017-10-29T11:49:49.000Z,0.00000100000000031751,0xe868c7c29f7b275c593f2aa2d3fd37902969e208,buy,0x4e279d8638e8669fad40e018fc181d26ee780380,0x477136a45e1885e7ea193ff7ee3699ec38ad87d7b40e6f8dc2f190bfdca561bb
205,299489.52773092,0.2994895277309254,0x572d61f11413b477c83699e3ea311293437d269a,2017-10-29T11:42:19.000Z,0.00000100000000000001,0xe868c7c29f7b275c593f2aa2d3fd37902969e208,buy,0x4e279d8638e8669fad40e018fc181d26ee780380,0x6e06ae9b271d9f572394ebcff4afdfb2422f074136f0b8278fc36fe19bb919f8
206,179452.66891259,0.17945266891259368,0x572d61f11413b477c83699e3ea311293437d269a,2017-10-29T11:37:12.000Z,0.00000100000000000002,0xe868c7c29f7b275c593f2aa2d3fd37902969e208,buy,0x4e279d8638e8669fad40e018fc181d26ee780380,0x3873b2bc1ca4da50936152d404e81d5be9d2af6a4241f714f4de27d11af1ecab
207,89721.86222709,0.08972186222709853,0x572d61f11413b477c83699e3ea311293437d269a,2017-10-29T11:31:17.000Z,0.00000100000000000009,0xe868c7c29f7b275c593f2aa2d3fd37902969e208,buy,0x4e279d8638e8669fad40e018fc181d26ee780380,0x228edabd5367ead4a85adc0562744c594e91a11411c78db4afe82115bef376e7
208,10000,0.01,0xdbbae39c54992479faac890e81eb4d8579b951d6,2017-10-29T11:03:20.000Z,0.000001,0xe868c7c29f7b275c593f2aa2d3fd37902969e208,buy,0x4e279d8638e8669fad40e018fc181d26ee780380,0xd47fb8e055fb9c7b638f4275abb7e786d5be4f95afa01f087d3750b14b9d5dfc
209,4000,0.004,0x035392de57aa4fe343d86494103dbe1b068a56c6,2017-10-29T10:47:50.000Z,0.000001,0xe868c7c29f7b275c593f2aa2d3fd37902969e208,buy,0x4e279d8638e8669fad40e018fc181d26ee780380,0x77a66309578f1a0d7282e3167de405e7cf2dd08390ec0b0cc780bbcd6cfa5fb7
210,4999,0.00494901,0x6061ec9dc92e50e73e9034d42e84b4d8b788f643,2017-10-29T09:57:25.000Z,0.00000099,0x618940cf593059885cc173b1727cc03f55391ca0,buy,0x4e279d8638e8669fad40e018fc181d26ee780380,0x88b39825939b6b0dd1612eadafeab5ba87bc3dc5908a87660a7e52639af9d85c
211,30000,0.0297,0xabff2dadb53e34594e0d2c51de8b89a09c1fd7b4,2017-10-29T09:51:23.000Z,0.00000099,0x618940cf593059885cc173b1727cc03f55391ca0,buy,0x4e279d8638e8669fad40e018fc181d26ee780380,0x037d7eae7e9d9b48c7b33f4e37829a033e9d6da900f59f187b825463f36b7a04
212,2500,0.002475,0x38f5ecbd20276178d8cf7453aab347260c9cdea7,2017-10-29T09:23:15.000Z,0.00000099,0x618940cf593059885cc173b1727cc03f55391ca0,buy,0x4e279d8638e8669fad40e018fc181d26ee780380,0xb37fc4fdc21935f9f4c0421f2b5faee0eca1d16d655f9a4aba11fcb9f7776c26
213,50000,0.05,0xff90080d7db05ced501f273548841a2c39cf6463,2017-10-29T08:34:36.000Z,0.000001,0xe868c7c29f7b275c593f2aa2d3fd37902969e208,buy,0x4e279d8638e8669fad40e018fc181d26ee780380,0x5dec4c54685017704a97111a8b9b2aaf909563405fe0e6b97954a3a6b7d87f26
214,5000,0.005,0x6061ec9dc92e50e73e9034d42e84b4d8b788f643,2017-10-29T07:37:53.000Z,0.000001,0xe868c7c29f7b275c593f2aa2d3fd37902969e208,buy,0x4e279d8638e8669fad40e018fc181d26ee780380,0x0dbae25e8107f776c3a115718cc4dee4d2a3da4dcd04b0b9aa4c8f73d9f0bed8
215,500,0.0010005,0x0773dd752384d3d8714ceb1c28a199591c63cddc,2017-10-29T07:27:06.000Z,0.000002001,0xe868c7c29f7b275c593f2aa2d3fd37902969e208,sell,0x4e279d8638e8669fad40e018fc181d26ee780380,0xffdb9ec87ecb5eb41aa672263dead9d25f3c7b729ae8e28fe74aac97a758dafc
216,1000,0.00581,0xdbbae39c54992479faac890e81eb4d8579b951d6,2017-10-29T07:24:54.000Z,0.00000581,0xe868c7c29f7b275c593f2aa2d3fd37902969e208,sell,0x4e279d8638e8669fad40e018fc181d26ee780380,0x09996e0e35a2c4adf6f958e8ae4fe11d614d763ae61642ce7b093d25c762d857
217,414.23164757,0.00248538988542,0x572d61f11413b477c83699e3ea311293437d269a,2017-10-29T07:24:45.000Z,0.000006,0xe868c7c29f7b275c593f2aa2d3fd37902969e208,sell,0x4e279d8638e8669fad40e018fc181d26ee780380,0x8fb166d3a4c3fb4eb39b11e466321fea41e5b9a565ac4cc6ded917c31fc06673
218,1021.452,0.006310530456,0xdd55aed1e7c65ea79b650269ce4d3a0ef5449b8e,2017-10-29T07:24:45.000Z,0.000006178,0xe868c7c29f7b275c593f2aa2d3fd37902969e208,sell,0x4e279d8638e8669fad40e018fc181d26ee780380,0xe1b978da471b6bfc1e11dd4ef569daf98c5fde63163a1dfbfcc05923cbc92705
219,4507.726,0.027830700324,0x97c5c53f8acac416f87a884f6f923ae063ebaacd,2017-10-29T07:24:45.000Z,0.000006174,0xe868c7c29f7b275c593f2aa2d3fd37902969e208,sell,0x4e279d8638e8669fad40e018fc181d26ee780380,0x5699ecab09d24c4276123fc75ec96907406b6ab03f07e5bdb223d65d27a32ce7
220,10000,0.058,0x8aa571ff710ca435cb14076ec7e915dd66c4416f,2017-10-29T07:23:12.000Z,0.0000058,0xe868c7c29f7b275c593f2aa2d3fd37902969e208,sell,0x4e279d8638e8669fad40e018fc181d26ee780380,0x21aa3bc042591f5eb736e99975e9ba4ce8c05c79f18c2863a2846c6d61b1fb0d
221,39706,0.245224256,0xdd55aed1e7c65ea79b650269ce4d3a0ef5449b8e,2017-10-29T07:22:36.000Z,0.000006176,0xe868c7c29f7b275c593f2aa2d3fd37902969e208,sell,0x4e279d8638e8669fad40e018fc181d26ee780380,0x7a91a77695ea4bc921f0b66d6b858dba64def9a5c90f843311db49c47369034f
222,87112,0.531470312,0xdd55aed1e7c65ea79b650269ce4d3a0ef5449b8e,2017-10-29T07:22:36.000Z,0.000006101,0xe868c7c29f7b275c593f2aa2d3fd37902969e208,sell,0x4e279d8638e8669fad40e018fc181d26ee780380,0x28d2506126ff00e9567941eccdb02ee1f3fb6197df4defdead947671b6f6485e
223,0.001,0.000000008,0xa7f1df70df174d29e32bf783088d848d8c9e96d0,2017-10-29T04:42:00.000Z,0.000008,0x5b9cd3d32147053b02744e78a50b359fc8d8b839,buy,0x4e279d8638e8669fad40e018fc181d26ee780380,0x01af33f31bee5e9a41a2320a0bf5ba654abc9795d42e9363e715bd5c2047ed89
224,2492.27395075,0.0153972684677335,0xdd55aed1e7c65ea79b650269ce4d3a0ef5449b8e,2017-10-28T21:58:39.000Z,0.000006178,0xb4066e3f167a4e5b7b97cca2b163ee396cfd0a1d,sell,0x4e279d8638e8669fad40e018fc181d26ee780380,0x3d778e8c866694c78143c8eaf48226862a09872215b110d05cfab34e13125474
225,62.5,0.0005,0x16e5d97bbc92417e051e3b2cabfbf8ceea2acb9c,2017-10-28T21:03:19.000Z,0.000008,0x5b9cd3d32147053b02744e78a50b359fc8d8b839,buy,0x4e279d8638e8669fad40e018fc181d26ee780380,0x1797675c21dc56361d6874e1c4c9d3d3438662aaa5ebc9a6bfef4514f3febe1a
226,62.5,0.0005,0x42c24a83bded723edfdf5883bc7efb30bc1a1bf3,2017-10-28T21:02:17.000Z,0.000008,0x5b9cd3d32147053b02744e78a50b359fc8d8b839,buy,0x4e279d8638e8669fad40e018fc181d26ee780380,0x0be0331cb356a2efeefdd85a2701142fe046b27cc5947598447861517c12e590
227,62.5,0.0005,0x379374d13077e8867ef31803c37baf9785a17c00,2017-10-28T20:59:04.000Z,0.000008,0x5b9cd3d32147053b02744e78a50b359fc8d8b839,buy,0x4e279d8638e8669fad40e018fc181d26ee780380,0x953fb27c445a2344c0d39b041e49d758a2e8e69459819bf050d701f56a5659f8
228,62.5,0.0005,0x34f9560c63078eb61872a4dc2ccd20e21c34feaf,2017-10-28T20:32:31.000Z,0.000008,0x5b9cd3d32147053b02744e78a50b359fc8d8b839,buy,0x4e279d8638e8669fad40e018fc181d26ee780380,0x68cbdf0894377ac9275a095f95b26bf3e1d0036fce760bf8343bfa8d37da646f
229,62.5,0.0005,0xe444a40689f51f63bcd29910622035707d533d29,2017-10-28T20:26:32.000Z,0.000008,0x5b9cd3d32147053b02744e78a50b359fc8d8b839,buy,0x4e279d8638e8669fad40e018fc181d26ee780380,0x7197fa195a3c024bfe5703cec009fb5641b86feb82d8eeff22cafdf260c696c1
230,2492.27395075,0.0153972684677335,0xdd55aed1e7c65ea79b650269ce4d3a0ef5449b8e,2017-10-28T19:51:29.000Z,0.000006178,0x179c8174792e42035b034d7ffd68410608bec62e,sell,0x4e279d8638e8669fad40e018fc181d26ee780380,0xeeab6e104671d57392595933f25fd20e3ae5c862703367a3b009d8ceb36db9f7
231,704,0.004349312,0xdd55aed1e7c65ea79b650269ce4d3a0ef5449b8e,2017-10-28T18:20:16.000Z,0.000006178,0xdd55aed1e7c65ea79b650269ce4d3a0ef5449b8e,sell,0x4e279d8638e8669fad40e018fc181d26ee780380,0x41fc887c27c8d2ab89406b127d0a808fc919212af8f5a4d7d8c04058bcdefdce
232,1290,0.00796962,0xdd55aed1e7c65ea79b650269ce4d3a0ef5449b8e,2017-10-28T18:12:30.000Z,0.000006178,0xdd55aed1e7c65ea79b650269ce4d3a0ef5449b8e,sell,0x4e279d8638e8669fad40e018fc181d26ee780380,0x259b9caab73a6dd03bb5a04a3eb1fc3bb24dca59e611aff027a7869eb1dab685
233,1706,0.010539668,0xdd55aed1e7c65ea79b650269ce4d3a0ef5449b8e,2017-10-28T18:12:30.000Z,0.000006178,0xdd55aed1e7c65ea79b650269ce4d3a0ef5449b8e,sell,0x4e279d8638e8669fad40e018fc181d26ee780380,0xe2fce639064bdb6cbe1d573999f018e2eb4510b927d56c6928ea04af932f1473
234,12461.36975376,0.07630096700227249,0xdd55aed1e7c65ea79b650269ce4d3a0ef5449b8e,2017-10-28T17:43:41.000Z,0.000006123,0x1749bb6e4080ebd7317ce5d8f9fb63fbfe58d27c,sell,0x4e279d8638e8669fad40e018fc181d26ee780380,0xc9ae5d2ee3f1f92c365aae87f791e7f645df636bb44153670172c9999f58829b
235,62.5,0.0005,0xcd912af5286dc0b0a23edb30209734ecb60838b3,2017-10-28T17:05:40.000Z,0.000008,0x5b9cd3d32147053b02744e78a50b359fc8d8b839,buy,0x4e279d8638e8669fad40e018fc181d26ee780380,0xea7b7ced086e3aa1b298385400c59ed9d3c30597e61759ca35778c14d0fb8cc5
236,2492.27395075,0.0153872993719305,0x97c5c53f8acac416f87a884f6f923ae063ebaacd,2017-10-28T16:06:44.000Z,0.000006174,0xe6da8125f3b59a90390c7b7047245ebdec60ac58,sell,0x4e279d8638e8669fad40e018fc181d26ee780380,0x024a1ed8d5a76669a4da61aca0e63ac94e3b9c6293300112cd99ce94ec266ae6
237,319.72570876,0.00197366680017548,0xdd55aed1e7c65ea79b650269ce4d3a0ef5449b8e,2017-10-28T13:07:34.000Z,0.000006173,0x988049b928730271d0072cbfaa827cfaf092ef7f,sell,0x4e279d8638e8669fad40e018fc181d26ee780380,0x30aee30d4cbad4643c5c6b36accfed1519a1ac689105d94bb320ef27a3ded7ef
238,2172.764847,0.0135487097564379,0x5d5065b42bdee0274e394ba9042c21e1818c69cf,2017-10-28T13:05:42.000Z,0.0000062357,0x988049b928730271d0072cbfaa827cfaf092ef7f,sell,0x4e279d8638e8669fad40e018fc181d26ee780380,0x6f33b683d320c0ada06ccae59ed4597e051630f8faa671896d7917369472f41b
239,187.05564309,0.002225775097198684,0xaf905d04dd0772993925f84187ad93488957e539,2017-10-28T12:41:56.000Z,0.00001189900000037835,0xc9c6eecbb570205a39d864a419efe9e6c48a2a85,buy,0x4e279d8638e8669fad40e018fc181d26ee780380,0x26cde238d69b3c58fa52dcbc2a606743d8231d1259cf19d4eff893da7b1c287a
240,1000,0.0117,0xaf905d04dd0772993925f84187ad93488957e539,2017-10-28T12:41:18.000Z,0.0000117,0x8224edaaf0d3e4608ca97c1382d54abac6d07cdd,buy,0x4e279d8638e8669fad40e018fc181d26ee780380,0x59666e0498f5946874b34805193dc3720bbda32313e8498f1906e66cc9287b2d
241,1000,0.011,0xaf905d04dd0772993925f84187ad93488957e539,2017-10-28T12:40:38.000Z,0.000011,0xdbbae39c54992479faac890e81eb4d8579b951d6,buy,0x4e279d8638e8669fad40e018fc181d26ee780380,0x1c06140678483c3104e93bd55110b1e326db337d16c8fb8820a2fd0948002e3b
242,9000,0.0765,0x572d61f11413b477c83699e3ea311293437d269a,2017-10-28T12:37:58.000Z,0.0000085,0x9b072daf558fb87322fbb1877eb6724d5e0b9129,buy,0x4e279d8638e8669fad40e018fc181d26ee780380,0x75b38e7ac2b2ef4eac93434556c9b94481fa98f1974559b710346adfd4b5fb82
243,9000,0.0765,0x572d61f11413b477c83699e3ea311293437d269a,2017-10-28T12:37:54.000Z,0.0000085,0x9b072daf558fb87322fbb1877eb6724d5e0b9129,buy,0x4e279d8638e8669fad40e018fc181d26ee780380,0x75b38e7ac2b2ef4eac93434556c9b94481fa98f1974559b710346adfd4b5fb82
244,2000,0.0125,0xdbbae39c54992479faac890e81eb4d8579b951d6,2017-10-28T10:33:18.000Z,0.00000625,0x691146ede2868d5e69cca70d36afadede1a0b152,buy,0x4e279d8638e8669fad40e018fc181d26ee780380,0x6bde12d3ed260e22b72466ea52b113034d2a3cee0ea9bd9c772113fef8c5b494
245,12461.36975376,0.07692403548996048,0xdd55aed1e7c65ea79b650269ce4d3a0ef5449b8e,2017-10-28T09:28:13.000Z,0.000006173,0x16d2d762f71ce31f95cf56fc87e5305643bdcfe0,sell,0x4e279d8638e8669fad40e018fc181d26ee780380,0xef0a69cccaaa81ded7188bf05a00e2161ed940e218cec20a3d4a9212082ebc63
246,500,0.00311785,0x5d5065b42bdee0274e394ba9042c21e1818c69cf,2017-10-28T08:58:27.000Z,0.0000062357,0x20c721b0262bd9341c0a7ec685768cb3d33eadfb,sell,0x4e279d8638e8669fad40e018fc181d26ee780380,0xc216fa6db552cc28be1718ade80dd2232f49b39a4bd70ce4a7bbcff79942841d
247,1000,0.0119,0xc05eb25915a202c6ac9f3d9c11ab4044b6c25326,2017-10-27T21:45:21.000Z,0.0000119,0x9b072daf558fb87322fbb1877eb6724d5e0b9129,buy,0x4e279d8638e8669fad40e018fc181d26ee780380,0xf342f8e22c0a4e0958e43e0ff5f17fadab69b1d1136840669c9f0aed863b8838
248,19,0.000246031,0xbb97eaca0841cceb6fdfd892684c64936a06fb59,2017-10-27T16:09:09.000Z,0.000012949,0x95ce81027b57239985d75fc2b7e2aa6f2baccbd2,buy,0x4e279d8638e8669fad40e018fc181d26ee780380,0x9ad77b1ac5fe7b2e59e02bae4a31eb806a4a29124fe9c56122b27a1090f7e195
249,20,0.00025898,0xbb97eaca0841cceb6fdfd892684c64936a06fb59,2017-10-27T16:07:39.000Z,0.000012949,0x95ce81027b57239985d75fc2b7e2aa6f2baccbd2,buy,0x4e279d8638e8669fad40e018fc181d26ee780380,0x6c4be1ad718ba851026b9cee652e32782fa809f60774d9985bc89ea00cb4f514
250,11,0.000142439,0xbb97eaca0841cceb6fdfd892684c64936a06fb59,2017-10-27T16:07:39.000Z,0.000012949,0x95ce81027b57239985d75fc2b7e2aa6f2baccbd2,buy,0x4e279d8638e8669fad40e018fc181d26ee780380,0x7b7f1322f63f4c9a6b192bd0922dfcc61c3870699d11ecbafd883c65be385c6d
251,13,0.000168337,0xbb97eaca0841cceb6fdfd892684c64936a06fb59,2017-10-27T16:07:39.000Z,0.000012949,0x95ce81027b57239985d75fc2b7e2aa6f2baccbd2,buy,0x4e279d8638e8669fad40e018fc181d26ee780380,0xe59cb653310e2785b08d00d1f4765a02fc596dcfdb07aee29ad0328d77120936
252,39876.63166922,0.203370821513022,0x11a985d42d6fa4cac941943a63f362c3497fa0fe,2017-10-27T15:52:00.000Z,0.0000051,0xd59287c566816360f12d6ad9a6bba0ac8a1ad72b,sell,0x4e279d8638e8669fad40e018fc181d26ee780380,0x2d82bc77f99138cfe2d559120a4f6abdeede9ca2e79fd4b1ed6a65e45148c793
253,2392.58299272,0.013637723058504,0xdd55aed1e7c65ea79b650269ce4d3a0ef5449b8e,2017-10-27T10:57:37.000Z,0.0000057,0x7a01b2a7e3fd833dd3fc301bd7ace0991293ee89,sell,0x4e279d8638e8669fad40e018fc181d26ee780380,0x9066d5dc48aa00f0ed4f0410b563942f52a280532d847ab8ef0ad404d7d9984a
254,2492.27395075,0.014205961519275,0xdd55aed1e7c65ea79b650269ce4d3a0ef5449b8e,2017-10-27T09:49:57.000Z,0.0000057,0xd59287c566816360f12d6ad9a6bba0ac8a1ad72b,sell,0x4e279d8638e8669fad40e018fc181d26ee780380,0x87078938dba196da674a197ddf7f7e6c6d8d17de1eee8a33663e76f913d432c8
255,2500,0.025,0xbb97eaca0841cceb6fdfd892684c64936a06fb59,2017-10-27T06:30:31.000Z,0.00001,0xc6757a2b8e1fcda85dbaf0ed45133de95ab8a8c5,buy,0x4e279d8638e8669fad40e018fc181d26ee780380,0x47b0788a4003c00a63a8149e4d64432f2e136167778c6b5aa52a2ec7023e17e4
256,9578.50318188,0.048850366227588,0x11a985d42d6fa4cac941943a63f362c3497fa0fe,2017-10-27T06:29:57.000Z,0.0000051,0xbb97eaca0841cceb6fdfd892684c64936a06fb59,sell,0x4e279d8638e8669fad40e018fc181d26ee780380,0xe979f8d1dd12f59afac414c15f10bfa17f9774bd34dfaa05697dd5cbae1fd78d
257,500,0.005,0xbb97eaca0841cceb6fdfd892684c64936a06fb59,2017-10-27T06:28:32.000Z,0.00001,0xbd2f4c8b399a6642935430886a154dd569fdc23a,buy,0x4e279d8638e8669fad40e018fc181d26ee780380,0x60e26fe866be536925fa3443e5a971c9558c4b22a8877313459e328b7835da2e
258,35000,0.315,0xff751bf33f82287f184ea88dfb1b125410c3f79b,2017-10-26T23:14:02.000Z,0.000009,0x4352847dff0549cf1a657fd67c02a8001f04431b,buy,0x4e279d8638e8669fad40e018fc181d26ee780380,0xbfc8c5af8b358d6a90724ccf8d1a9ae93c0cfe2c031ee7933dcfe59223478a58
259,2500,0.0225,0xff751bf33f82287f184ea88dfb1b125410c3f79b,2017-10-26T23:03:54.000Z,0.000009,0x4352847dff0549cf1a657fd67c02a8001f04431b,buy,0x4e279d8638e8669fad40e018fc181d26ee780380,0x9839011e57a452edc912211d00b6d1afe9ae3b5ee972bdfe474864c2551632e6
260,2500,0.02225,0xff751bf33f82287f184ea88dfb1b125410c3f79b,2017-10-26T23:03:21.000Z,0.0000089,0x0bae1916732de99e485674662539625912981a50,buy,0x4e279d8638e8669fad40e018fc181d26ee780380,0x138516a9395119f36b7a1dd11878615ade73ecb6d87db466c5d859eb8f61450f
261,2500,0.0225,0xff751bf33f82287f184ea88dfb1b125410c3f79b,2017-10-26T23:03:21.000Z,0.000009,0x4352847dff0549cf1a657fd67c02a8001f04431b,buy,0x4e279d8638e8669fad40e018fc181d26ee780380,0x9b4a42b24d5c5177875ff141e204f3e399af8334be4ea7a2584cc602b649de74
262,2491,0.022419,0xff751bf33f82287f184ea88dfb1b125410c3f79b,2017-10-26T23:03:21.000Z,0.000009,0x11a985d42d6fa4cac941943a63f362c3497fa0fe,buy,0x4e279d8638e8669fad40e018fc181d26ee780380,0x845f753f8c89476c84128603610dd6967ce98356536a58729736696b5c3df786
263,2499,0.022488501,0xff751bf33f82287f184ea88dfb1b125410c3f79b,2017-10-26T23:03:21.000Z,0.000008999,0xdcde00e24e44d0291c656d7ad16465289365ca03,buy,0x4e279d8638e8669fad40e018fc181d26ee780380,0xf8f0cfed61153e0873a36d9a39eaa3ad5dfa60aec48d29d31f577c03b6d7b66e
264,2500,0.022,0xff751bf33f82287f184ea88dfb1b125410c3f79b,2017-10-26T23:03:21.000Z,0.0000088,0xb417fc8781bfd509b91c6360493535512b133481,buy,0x4e279d8638e8669fad40e018fc181d26ee780380,0x196a87b31cddecc38f33345bd72801ff5aee574ffddcd9ea7162863d6a36a856
265,2500,0.02194425,0xff751bf33f82287f184ea88dfb1b125410c3f79b,2017-10-26T23:02:40.000Z,0.0000087777,0x5da8edec8e3385e5808599463abfbc7efd1d8a3e,buy,0x4e279d8638e8669fad40e018fc181d26ee780380,0x2bf642e6ac204d84c777227a08efbb1f3ccde4dad86b7c67c62bd78003d99c1b
266,2492.27395075,0.01266075166981,0xdd55aed1e7c65ea79b650269ce4d3a0ef5449b8e,2017-10-26T22:28:27.000Z,0.00000508,0xf1324968aa42b0aa4fd7fe3b70f7457b4e37d0c6,sell,0x4e279d8638e8669fad40e018fc181d26ee780380,0x275d0537578643ec19cbdb23f6cf02f650da95108ad6a03e29a5b816d45412aa
267,2492.27395075,0.01266075166981,0xdd55aed1e7c65ea79b650269ce4d3a0ef5449b8e,2017-10-26T22:22:55.000Z,0.00000508,0xace375ee831cf31dcd89ef270b91de53b02620bf,sell,0x4e279d8638e8669fad40e018fc181d26ee780380,0x492e57977e61cc339c9a165d79d51b501bfd02f4eaa19a427e8ff2a7eb8de278
268,12864.38470949,0.0653510743242092,0xdd55aed1e7c65ea79b650269ce4d3a0ef5449b8e,2017-10-26T21:14:31.000Z,0.00000508,0x0a72ebae0321b78bf42b5846c57f90d714a5cb31,sell,0x4e279d8638e8669fad40e018fc181d26ee780380,0x5e3081c4df54cea58caf329d4bbbd2638273ed85aba423c58eafcf37d7a31bab
269,16539.726,0.0843526026,0xdd55aed1e7c65ea79b650269ce4d3a0ef5449b8e,2017-10-26T21:08:58.000Z,0.0000051,0x0a72ebae0321b78bf42b5846c57f90d714a5cb31,sell,0x4e279d8638e8669fad40e018fc181d26ee780380,0xe371820bce7c669ec05531481df0a638c6631bffff67c8207c9cb54bedae9630
270,10000,0.051,0xdd55aed1e7c65ea79b650269ce4d3a0ef5449b8e,2017-10-26T21:07:46.000Z,0.0000051,0x0a72ebae0321b78bf42b5846c57f90d714a5cb31,sell,0x4e279d8638e8669fad40e018fc181d26ee780380,0x622e633fb2483d98d7ae7fe34401e7c2cbc73e6c86e5a764b1dabc556f188930
271,2492.274,0.0127105974,0xdd55aed1e7c65ea79b650269ce4d3a0ef5449b8e,2017-10-26T21:01:01.000Z,0.0000051,0xdd55aed1e7c65ea79b650269ce4d3a0ef5449b8e,sell,0x4e279d8638e8669fad40e018fc181d26ee780380,0x241b1d47e0d97c2ec968cb9e166cba64f04c4cb31ea4f8ab2265d0e549916f08
272,9822,0.0500922,0xdd55aed1e7c65ea79b650269ce4d3a0ef5449b8e,2017-10-26T20:55:43.000Z,0.0000051,0xdd55aed1e7c65ea79b650269ce4d3a0ef5449b8e,sell,0x4e279d8638e8669fad40e018fc181d26ee780380,0x2f47523b50b1445a3a4b4917b436c3a540c2298a87dc18828ef68f8e2c988e5f
273,50000,0.255,0xdd55aed1e7c65ea79b650269ce4d3a0ef5449b8e,2017-10-26T20:52:27.000Z,0.0000051,0xdd55aed1e7c65ea79b650269ce4d3a0ef5449b8e,sell,0x4e279d8638e8669fad40e018fc181d26ee780380,0x04f029eb3811545bfe4328d896c6d6ef1100bdf7753a0bc06fd363c0c52dcc02
274,8854,0.0451554,0xdd55aed1e7c65ea79b650269ce4d3a0ef5449b8e,2017-10-26T20:52:04.000Z,0.0000051,0xdd55aed1e7c65ea79b650269ce4d3a0ef5449b8e,sell,0x4e279d8638e8669fad40e018fc181d26ee780380,0x17172672435783f4253078fa93c33751d8199a2ea87a08d6d1fa6d1bcfdc86ac
275,2492.27395075,0.01266075166981,0xdd55aed1e7c65ea79b650269ce4d3a0ef5449b8e,2017-10-26T17:03:08.000Z,0.00000508,0x4cd22010c0545a0e8b578641f9c9a2bd162f5171,sell,0x4e279d8638e8669fad40e018fc181d26ee780380,0x308508f271806461e823003ae46ac382fb49ff529022581b64341f0774c4c398
276,3788.25640514,0.0192443425381112,0xdd55aed1e7c65ea79b650269ce4d3a0ef5449b8e,2017-10-26T16:54:39.000Z,0.00000508,0xdbbcaa27058937fc736f4ee65a89d8a7e43fb195,sell,0x4e279d8638e8669fad40e018fc181d26ee780380,0x845e5894dcaf4cacd725c63f38ab035b8844a2f82743e7652a1028557ee635be
277,1,0.00005,0xbb97eaca0841cceb6fdfd892684c64936a06fb59,2017-10-26T15:13:49.000Z,0.00005,0xec8f09b8c72fd7befdae53802c18924dac4d4dd2,buy,0x4e279d8638e8669fad40e018fc181d26ee780380,0x0a7fc9d847467c5daf0f52f7dd2bad8431c64671389b66f593e1416c676e26f5
278,1,0.000045,0xbb97eaca0841cceb6fdfd892684c64936a06fb59,2017-10-26T15:13:10.000Z,0.000045,0xa87a6017687f5d7607a4dde37624fa8eec9b0d45,buy,0x4e279d8638e8669fad40e018fc181d26ee780380,0x7c8963b398c3a8d2f1cc671d9c587c510331b3910ee37667592f732a855bd9d3
279,1,0.00002,0xbb97eaca0841cceb6fdfd892684c64936a06fb59,2017-10-26T15:13:06.000Z,0.00002,0xbd2f4c8b399a6642935430886a154dd569fdc23a,buy,0x4e279d8638e8669fad40e018fc181d26ee780380,0x41106017b085c122047dca9022c59351b3e64951820f1e3d4f1ec91b854e98cb
280,1,0.000008999,0xbb97eaca0841cceb6fdfd892684c64936a06fb59,2017-10-26T15:12:44.000Z,0.000008999,0xdcde00e24e44d0291c656d7ad16465289365ca03,buy,0x4e279d8638e8669fad40e018fc181d26ee780380,0xc795bb1b0fc4ea8f7f20bc34990b16dc35021fea52703dd8bc8c3f434fa01678
281,1,0.00001499,0xbb97eaca0841cceb6fdfd892684c64936a06fb59,2017-10-26T15:12:44.000Z,0.00001499,0x618940cf593059885cc173b1727cc03f55391ca0,buy,0x4e279d8638e8669fad40e018fc181d26ee780380,0x430cd8c9e761dd9a62bd5123b296974c7098caf684e6db5de23c8e335bc21701
282,1,0.000009,0xbb97eaca0841cceb6fdfd892684c64936a06fb59,2017-10-26T15:12:44.000Z,0.000009,0x11a985d42d6fa4cac941943a63f362c3497fa0fe,buy,0x4e279d8638e8669fad40e018fc181d26ee780380,0x1392dc025e7ffae8a657854655abb6dd47953846a734529bacc465994f798c5b
283,1,0.00001,0xbb97eaca0841cceb6fdfd892684c64936a06fb59,2017-10-26T15:12:44.000Z,0.00001,0x95ce81027b57239985d75fc2b7e2aa6f2baccbd2,buy,0x4e279d8638e8669fad40e018fc181d26ee780380,0x9a71c429bff9a6c6d7408788370a3f4cdf560db9716e41620728e13f19317728
284,2500,0.0189975,0xdd55aed1e7c65ea79b650269ce4d3a0ef5449b8e,2017-10-26T14:06:15.000Z,0.000007599,0x84580b51036e01fd1f9c69b70076273655f829b1,buy,0x4e279d8638e8669fad40e018fc181d26ee780380,0x20bc2e5b8e4080d5825576b50796a8715e93ad1fafda90d3ba723ce72092e066
285,2500,0.01925,0xdd55aed1e7c65ea79b650269ce4d3a0ef5449b8e,2017-10-26T14:06:04.000Z,0.0000077,0xacc881c3a171d94f8d441d37326baef97012c396,buy,0x4e279d8638e8669fad40e018fc181d26ee780380,0xe1711fcee7e55df43117297c9069826172c16eb652436bdedcebef1f65e626d3
286,2000,0.0152,0xdd55aed1e7c65ea79b650269ce4d3a0ef5449b8e,2017-10-26T14:06:04.000Z,0.0000076,0x2adef0a727f1a443d61886981c89136ca866ab33,buy,0x4e279d8638e8669fad40e018fc181d26ee780380,0xd3df7423981b32142363dca7b4a69cabd9b5102a189d5c00544a843a38e757b2
287,2500,0.0199975,0xdd55aed1e7c65ea79b650269ce4d3a0ef5449b8e,2017-10-26T14:06:04.000Z,0.000007999,0xc9e9358b4fd98cdc2cc82867fdfca90e43c1fb22,buy,0x4e279d8638e8669fad40e018fc181d26ee780380,0x642f3074932e23b6a1fe93dc8c172074f9518a715a8356820382908ffc996b71
288,12965,0.10372,0xdd55aed1e7c65ea79b650269ce4d3a0ef5449b8e,2017-10-26T14:05:54.000Z,0.000008,0x8dc030c3078ab6af850d069d2a0e5ad473327202,buy,0x4e279d8638e8669fad40e018fc181d26ee780380,0x38e1d6c59eb37fdb6744c0b4edacddd4e168426be2a6fe74cb7b8d7fa9cc0c45
289,2492.5,0.01994,0xe5664785d93c52fc3a23ed1eebfa2487fe2de3b8,2017-10-26T13:26:12.000Z,0.000008,0x273a5d3e6721b9f5c1a6474f560c1334c63dda01,sell,0x4e279d8638e8669fad40e018fc181d26ee780380,0x6af969a46ebd53f3bf5bc08f1bdef5dee194a76c5612e3d5d1fdd913b260b4e2
290,2500,0.019,0x273a5d3e6721b9f5c1a6474f560c1334c63dda01,2017-10-26T13:26:12.000Z,0.0000076,0xd6c32837d5f2cb08eab435f68205e687cb236c22,buy,0x4e279d8638e8669fad40e018fc181d26ee780380,0x6af969a46ebd53f3bf5bc08f1bdef5dee194a76c5612e3d5d1fdd913b260b4e2
291,500,0.0038,0x975ea36be13fd6a5d46395e93b0f17ab0c8e3469,2017-10-26T12:21:18.000Z,0.0000076,0x2adef0a727f1a443d61886981c89136ca866ab33,buy,0x4e279d8638e8669fad40e018fc181d26ee780380,0xd26f44e0e9ee10f07c2353daddca30e418b453b2c9e44d1e5bc4e9b07fcb96a3
292,2500,0.0175,0xbb97eaca0841cceb6fdfd892684c64936a06fb59,2017-10-26T11:29:24.000Z,0.000007,0x1e4996f8088ed50460f533f00451635df1eb0bb8,buy,0x4e279d8638e8669fad40e018fc181d26ee780380,0x330a9b41e76844c793b6044c18de163608bba93b06c5cb733531390895d8854d
293,2500,0.0175,0xbb97eaca0841cceb6fdfd892684c64936a06fb59,2017-10-26T11:28:28.000Z,0.000007,0xddea26841324e40393b167937a394c187dd7995b,buy,0x4e279d8638e8669fad40e018fc181d26ee780380,0x72a5f6094f847f4c2b8e11af58e583884c72068ae9cb5af6cdea6939bbcfd060
294,1600,0.0111984,0xbb97eaca0841cceb6fdfd892684c64936a06fb59,2017-10-26T11:28:28.000Z,0.000006999,0x662160d0201bacbc8ea04709e8f8f724d5efe8ba,buy,0x4e279d8638e8669fad40e018fc181d26ee780380,0x2670eb7c2781b1673069790e06276e0966ab36306742ce4e0faef2474db24544
295,2500,0.01625,0xbb97eaca0841cceb6fdfd892684c64936a06fb59,2017-10-26T11:27:51.000Z,0.0000065,0xbb98132ef2aae915cb5c09a7456a77890bafac84,buy,0x4e279d8638e8669fad40e018fc181d26ee780380,0x93a79d13bfd9d106591e77e2f2706f7ceb0e85b6d25146902a43cff8afa7c351
296,2492.27395075,0.01136476921542,0x11a985d42d6fa4cac941943a63f362c3497fa0fe,2017-10-26T10:57:37.000Z,0.00000456,0xb050939886947c72d9642cf25df8e12a1e0c782e,sell,0x4e279d8638e8669fad40e018fc181d26ee780380,0xa2892d41408f786c9b55673826277f51754966ba63b443783827c9d8d483a42a
297,900,0.0062991,0xdbbcaa27058937fc736f4ee65a89d8a7e43fb195,2017-10-26T10:34:10.000Z,0.000006999,0x662160d0201bacbc8ea04709e8f8f724d5efe8ba,buy,0x4e279d8638e8669fad40e018fc181d26ee780380,0x070febb7e8306598c00928f28b6b60e6f00420e8b9a58371edfda8efb8d6da38
298,2492.27395075,0.01061556183931981,0xdd55aed1e7c65ea79b650269ce4d3a0ef5449b8e,2017-10-26T07:37:12.000Z,0.00000425938803241323,0x1829ee60346d0cfdea1132e0bea6503cb623a73c,sell,0x4e279d8638e8669fad40e018fc181d26ee780380,0x55ed2f91d2c9967377cd450a102ff46493d6ac03745203b095cec990ea17e796
299,2492.27395075,0.01061556183931981,0xdd55aed1e7c65ea79b650269ce4d3a0ef5449b8e,2017-10-26T07:32:37.000Z,0.00000425938803241323,0x4381cb5a460c3878256637ec04bf9a9fde43140f,sell,0x4e279d8638e8669fad40e018fc181d26ee780380,0x0f420d9cf5f62f1e0ce9fd89a2d61ad8eba7518b2c9f7f30b8e332b1325b9a2c
300,2492.27395075,0.01061556183931981,0xdd55aed1e7c65ea79b650269ce4d3a0ef5449b8e,2017-10-26T07:25:53.000Z,0.00000425938803241323,0x993dd0a7e35cb56a5d3c405573e264f3504b88b7,sell,0x4e279d8638e8669fad40e018fc181d26ee780380,0x8458bfdabe62ce414ea590d057fb9e9625ed1e162f209b1cf6c07904ed3a9746
301,2492.27395075,0.01061556183931981,0xdd55aed1e7c65ea79b650269ce4d3a0ef5449b8e,2017-10-26T07:24:48.000Z,0.00000425938803241323,0x0e805d74dd4a917bcbcfb5fd433168b5e145541a,sell,0x4e279d8638e8669fad40e018fc181d26ee780380,0xcb9945a4cbba43cafcbd6f0b2fb8b32f9fc12cde2ca66a891cca2424d9238c9d
302,4984.5479015,0.02272648804908962,0xdd55aed1e7c65ea79b650269ce4d3a0ef5449b8e,2017-10-26T07:23:36.000Z,0.00000455938803241323,0x9eaf16593b68db8f25382be5476d23974f43367b,sell,0x4e279d8638e8669fad40e018fc181d26ee780380,0xb6114ff0c56a8f8ba2f86a88c87d63208a92f08737f4d7783dc1a8fd533ee4bd
303,2492.27395075,0.01136324402454481,0xdd55aed1e7c65ea79b650269ce4d3a0ef5449b8e,2017-10-26T07:21:36.000Z,0.00000455938803241323,0x658acdd5063fa27fe816f3923c7426a29cb2421b,sell,0x4e279d8638e8669fad40e018fc181d26ee780380,0x8271d272fa798968bf4698951aceefa8207fd40f1dcc22443546f18ff5120c66
304,11965.41740781,0.05455498093199795,0xdd55aed1e7c65ea79b650269ce4d3a0ef5449b8e,2017-10-26T06:54:59.000Z,0.00000455938803241323,0xbb97eaca0841cceb6fdfd892684c64936a06fb59,sell,0x4e279d8638e8669fad40e018fc181d26ee780380,0x5c77ab8748939a6a2f78986aac0be7e53e44d8578e5c3765df5a495e81569738
305,2492,0.01136199497677379,0xdd55aed1e7c65ea79b650269ce4d3a0ef5449b8e,2017-10-26T02:43:44.000Z,0.00000455938803241323,0x8b3117df72155b305dbc8c4f40df6a2b4c06a461,sell,0x4e279d8638e8669fad40e018fc181d26ee780380,0xfbfe12d26712ed7f21eb0c0d8e2ae41053625ff3650a07dcb19c2be12dab3779
306,2492.27395075,0.01136324402454481,0xdd55aed1e7c65ea79b650269ce4d3a0ef5449b8e,2017-10-25T23:25:19.000Z,0.00000455938803241323,0xb9b65361c4da42b14b935bc778f141afa5d71558,sell,0x4e279d8638e8669fad40e018fc181d26ee780380,0x9c94f7ef9a355712d520a9c0a3a52f87ae8ec2ae1c09200c9d1bd963ac576adc
307,1,0.000007699,0x3ac636ac5c3a2576156ac5f10066ca68abe0ad54,2017-10-25T22:24:50.000Z,0.000007699,0xbb97eaca0841cceb6fdfd892684c64936a06fb59,buy,0x4e279d8638e8669fad40e018fc181d26ee780380,0x11161debfa4613f39ad232da05e1d03c1bf1b7ad34899f019473c1ae05e7d98e
308,1000,0.00689,0x975ea36be13fd6a5d46395e93b0f17ab0c8e3469,2017-10-25T19:30:20.000Z,0.00000689,0x5634fc9a8194fa713558d8962ff7c3d2be45bb2a,buy,0x4e279d8638e8669fad40e018fc181d26ee780380,0xe886c38eaabaa8cb3e1bd6a0931ebe0ade6ca8223ca1d0929051b8c348e71582
309,2500,0.01625,0x975ea36be13fd6a5d46395e93b0f17ab0c8e3469,2017-10-25T19:30:02.000Z,0.0000065,0x805bcee27697f6694a1f7585146fd2426f1ecde7,buy,0x4e279d8638e8669fad40e018fc181d26ee780380,0x04e9354aa180f7b1f785cf75f01aeb191a1c8d45a08520f1e72b0df3a31b8e4d
310,0.19316105,0.0000006548159595,0x0a72ebae0321b78bf42b5846c57f90d714a5cb31,2017-10-25T18:41:33.000Z,0.00000339,0x0204cc64d12581bc62de3c6137c4b3bafdefa916,sell,0x4e279d8638e8669fad40e018fc181d26ee780380,0xaca51636c69458e02d96d15c49f3fa3241350a9a00bb6cd15aa079fadfe35dbb
311,1937.59844482,0.0065684587279398,0x0a72ebae0321b78bf42b5846c57f90d714a5cb31,2017-10-25T18:40:43.000Z,0.00000339,0x0204cc64d12581bc62de3c6137c4b3bafdefa916,sell,0x4e279d8638e8669fad40e018fc181d26ee780380,0x9a59af68358e74be8fefe85bb0755d057916ebc038c3adc8f4747f54c1f82d93
312,9988,0.0423351368,0xdd55aed1e7c65ea79b650269ce4d3a0ef5449b8e,2017-10-25T18:39:31.000Z,0.0000042386,0x0204cc64d12581bc62de3c6137c4b3bafdefa916,sell,0x4e279d8638e8669fad40e018fc181d26ee780380,0x5d8f31a0da9731ab0e0ebda804b0874503c3ef04c8656a460af23cab3492714d
313,9988,0.0403375368,0xdd55aed1e7c65ea79b650269ce4d3a0ef5449b8e,2017-10-25T18:38:22.000Z,0.0000040386,0x0204cc64d12581bc62de3c6137c4b3bafdefa916,sell,0x4e279d8638e8669fad40e018fc181d26ee780380,0x7231c736f971cdfd11f41bb9a45e26d09bc9c7127f3aebd6124df915d661fa15
314,7989,0.03083754,0xdd55aed1e7c65ea79b650269ce4d3a0ef5449b8e,2017-10-25T18:38:22.000Z,0.00000386,0x0204cc64d12581bc62de3c6137c4b3bafdefa916,sell,0x4e279d8638e8669fad40e018fc181d26ee780380,0x864c0c83650c454318dec7a51b6b6a7af7d3e8369a12a0d2d656f3a7a3978e6c
315,2500,0.01025,0x975ea36be13fd6a5d46395e93b0f17ab0c8e3469,2017-10-25T18:38:12.000Z,0.0000041,0x0204cc64d12581bc62de3c6137c4b3bafdefa916,sell,0x4e279d8638e8669fad40e018fc181d26ee780380,0x7dcebab7eb006a6ba8830caf846e6100427becc0b7a8e01dd996102f77f08dff
316,1600,0.0121584,0x975ea36be13fd6a5d46395e93b0f17ab0c8e3469,2017-10-25T18:20:01.000Z,0.000007599,0xd9ff8572b2e986d9f7ef7e8d305b391f1117e64c,buy,0x4e279d8638e8669fad40e018fc181d26ee780380,0x3e04232dd2d6d14d1c54875bbc3b01d04c359407137918355ac7befafd681ab3
317,900,0.0068391,0xdbbcaa27058937fc736f4ee65a89d8a7e43fb195,2017-10-25T16:32:53.000Z,0.000007599,0xd9ff8572b2e986d9f7ef7e8d305b391f1117e64c,buy,0x4e279d8638e8669fad40e018fc181d26ee780380,0x98ed6bba88cde8c33fc3a0a3fd0a91ca88f9542e7216b4a82b07e1b1f6fb4ec2
318,1500,0.009747,0xbb97eaca0841cceb6fdfd892684c64936a06fb59,2017-10-25T16:28:40.000Z,0.000006498,0x5634fc9a8194fa713558d8962ff7c3d2be45bb2a,buy,0x4e279d8638e8669fad40e018fc181d26ee780380,0x2ce18f59df8f10b5a739498e7c37cd5323a30449e7420fa8d0796975532b6e3d
319,2500,0.016,0xbb97eaca0841cceb6fdfd892684c64936a06fb59,2017-10-25T16:28:40.000Z,0.0000064,0xb417fc8781bfd509b91c6360493535512b133481,buy,0x4e279d8638e8669fad40e018fc181d26ee780380,0x16cbfe6feab97c0830c67d55086ee0479702e534d4dd1b90be7db6929b2bf5d2
320,2500,0.0155,0xbb97eaca0841cceb6fdfd892684c64936a06fb59,2017-10-25T16:28:23.000Z,0.0000062,0xb417fc8781bfd509b91c6360493535512b133481,buy,0x4e279d8638e8669fad40e018fc181d26ee780380,0x4c9a4a82377f0a53da4fe99dce6f70012e82b97f3db3fc6fed701effd1925b2f
321,2500,0.01625,0xe5664785d93c52fc3a23ed1eebfa2487fe2de3b8,2017-10-25T15:15:33.000Z,0.0000065,0x9664ed0820a10e95851480b9821532994b7bd9d1,buy,0x4e279d8638e8669fad40e018fc181d26ee780380,0xeb5386fe19d521bbdb1663ba603fcf6d7e685be1bdf6cfcd5d746af46ccb482d
322,2500,0.019,0xbb97eaca0841cceb6fdfd892684c64936a06fb59,2017-10-25T10:12:02.000Z,0.0000076,0xa87a6017687f5d7607a4dde37624fa8eec9b0d45,buy,0x4e279d8638e8669fad40e018fc181d26ee780380,0x6e3f0d232af31c1d52cc09c6a0cc6abf9d63c34f2d50d3e4481170db7e39263d
323,500,0.0035,0xbb97eaca0841cceb6fdfd892684c64936a06fb59,2017-10-25T10:08:14.000Z,0.000007,0x34f591f7369e00eb395c0ec8f0c7ee9ffab41fb1,buy,0x4e279d8638e8669fad40e018fc181d26ee780380,0x6684d30c51a9a977ccbd5b3f74b1c70c62cb3f7cf5372c850c169566be61b210
324,2500,0.01625,0xbb97eaca0841cceb6fdfd892684c64936a06fb59,2017-10-25T10:06:24.000Z,0.0000065,0x7bfd658356246d6ac3aa4131ebde25f576990362,buy,0x4e279d8638e8669fad40e018fc181d26ee780380,0x190e5d7fa281a0fc4bfe69d78d9fe191fb9a7f8081623c35afa9cbfff458dab4
325,35102.0176549,0.0888432066845519,0x0a72ebae0321b78bf42b5846c57f90d714a5cb31,2017-10-25T10:05:47.000Z,0.000002531,0xbb97eaca0841cceb6fdfd892684c64936a06fb59,sell,0x4e279d8638e8669fad40e018fc181d26ee780380,0x833fb15a614e3171f98e69edadc2ae7f06727bec9e15b4ae4ae4454032d5e27d
326,2483.80021932,0.00629146595553756,0x0a72ebae0321b78bf42b5846c57f90d714a5cb31,2017-10-25T07:52:20.000Z,0.000002533,0x3adc31647c7f45a21d689dbcf431a69aa08538f8,sell,0x4e279d8638e8669fad40e018fc181d26ee780380,0xde607688e2ebda27f7ef868da24a8d0e26f560f8131cd0d35d5b257fa5ca812a
327,2000,0.0054,0xdbbcaa27058937fc736f4ee65a89d8a7e43fb195,2017-10-25T05:20:31.000Z,0.0000027,0x34f591f7369e00eb395c0ec8f0c7ee9ffab41fb1,buy,0x4e279d8638e8669fad40e018fc181d26ee780380,0xef4e399b379d76832e5d8b62cb890318feab35f1f43b2deaf7672f2afb5d57f5
328,1,0.000007499,0xe1fa699860444be91d366c21de8fef56e3dec77a,2017-10-25T02:46:41.000Z,0.000007499,0x3adc31647c7f45a21d689dbcf431a69aa08538f8,buy,0x4e279d8638e8669fad40e018fc181d26ee780380,0xe8e0e61758785b868a1307d82ef8d5486c4debe0643d95afb63f8120657e405f
329,2500,0.00675,0xb417fc8781bfd509b91c6360493535512b133481,2017-10-25T00:05:33.000Z,0.0000027,0x3adc31647c7f45a21d689dbcf431a69aa08538f8,sell,0x4e279d8638e8669fad40e018fc181d26ee780380,0xf9e833fefb15dfc5ce84dc9d874c45762dc1345a0e37d8a9545b4fc647a1579f
330,230,0.00184,0xbb97eaca0841cceb6fdfd892684c64936a06fb59,2017-10-24T22:33:38.000Z,0.000008,0x8dc030c3078ab6af850d069d2a0e5ad473327202,buy,0x4e279d8638e8669fad40e018fc181d26ee780380,0x87259b4cc3e4bd19eabfaccb18a98a68ce53c2f9b92473996b3f31eaab41a893
331,205,0.00164,0xbb97eaca0841cceb6fdfd892684c64936a06fb59,2017-10-24T22:30:27.000Z,0.000008,0x8dc030c3078ab6af850d069d2a0e5ad473327202,buy,0x4e279d8638e8669fad40e018fc181d26ee780380,0xe8e0683797f3e260ffc2a9791fabf0bb157c13926767ea59d0a79e560654ba89
332,220,0.00176,0xbb97eaca0841cceb6fdfd892684c64936a06fb59,2017-10-24T22:30:27.000Z,0.000008,0x8dc030c3078ab6af850d069d2a0e5ad473327202,buy,0x4e279d8638e8669fad40e018fc181d26ee780380,0x7d48f8fa5569c8f8d77d708c1ad68cdccc9e3136d3c2df1c658280773778e592
333,180,0.00144,0xbb97eaca0841cceb6fdfd892684c64936a06fb59,2017-10-24T22:29:58.000Z,0.000008,0x8dc030c3078ab6af850d069d2a0e5ad473327202,buy,0x4e279d8638e8669fad40e018fc181d26ee780380,0x7af0f3fbe3ecee5b3c619b15e6b4f3c0f2b4f4dafdefbac171e10579c8af5626
334,200,0.0016,0xbb97eaca0841cceb6fdfd892684c64936a06fb59,2017-10-24T22:29:40.000Z,0.000008,0x8dc030c3078ab6af850d069d2a0e5ad473327202,buy,0x4e279d8638e8669fad40e018fc181d26ee780380,0xf0f0bb13781c76e482ac808b823f859e7dd5308fbcd72e84c884c25d82431186
335,2500,0.025,0xbb97eaca0841cceb6fdfd892684c64936a06fb59,2017-10-24T22:28:17.000Z,0.00001,0xba95b4a5b130c4c1d27dc9e8adcf7f087cdb4c52,buy,0x4e279d8638e8669fad40e018fc181d26ee780380,0xe912583f547039975317e3668e550685b4d765d4c59589b42faaa836dd762167
336,2500,0.024995,0xbb97eaca0841cceb6fdfd892684c64936a06fb59,2017-10-24T22:25:48.000Z,0.000009998,0x6821b62f2a11b20fa3697d056844c83658184a8b,buy,0x4e279d8638e8669fad40e018fc181d26ee780380,0x5813c8fe3fd7d3efbd57af40f8ae3965bbfeaab5e58c8293115a1834506dc48e
337,2500,0.02,0xbb97eaca0841cceb6fdfd892684c64936a06fb59,2017-10-24T22:23:08.000Z,0.000008,0x65753592de4db3482b2a2dec2406635f661d42ae,buy,0x4e279d8638e8669fad40e018fc181d26ee780380,0x1f4875fd6b2c0d736a636007a01d2a695d289755ca85dfab8ce0745916260ff6
338,10000,0.06,0xbb97eaca0841cceb6fdfd892684c64936a06fb59,2017-10-24T22:23:08.000Z,0.000006,0x06c6fea19f72ffeccb0326805b723ae3cae131ca,buy,0x4e279d8638e8669fad40e018fc181d26ee780380,0x87801c430e485bb91267b6bf260d822d4c295e21df71cf3ddb5633d5b981c79b
339,2500,0.0125,0xbb97eaca0841cceb6fdfd892684c64936a06fb59,2017-10-24T22:20:32.000Z,0.000005,0x40068d2eefb8f1dc7f73437d44d306d899edd669,buy,0x4e279d8638e8669fad40e018fc181d26ee780380,0x9f0f1967e62d32ff510a00e19150def8e9cfd681bd0bc4cabf76179bb1bf9b6e
340,2420,0.01452,0xbb97eaca0841cceb6fdfd892684c64936a06fb59,2017-10-24T22:19:57.000Z,0.000006,0x3cb9f51d4e16f9bead2e0a68b42eb5f8ef1dfd02,buy,0x4e279d8638e8669fad40e018fc181d26ee780380,0xbb01b928278ecf54db5a6f494bec2ba3f70c4341022663ecbb8a67a92fc57ebe
341,2500,0.0115,0xbb97eaca0841cceb6fdfd892684c64936a06fb59,2017-10-24T22:19:57.000Z,0.0000046,0xd42f262d24e0e06b44188d0a15e5d58393836e16,buy,0x4e279d8638e8669fad40e018fc181d26ee780380,0x780beb52f913971b964edcb40dd6ed0f908e20cff928b18d568382bb47306299
342,9969.09580301,0.0250224304655551,0xe5113b174ce44a53f320d7988212cea10ffaa8f7,2017-10-24T20:52:56.000Z,0.00000251,0xa9fb0d773afe38beb5300658c99ffd6dac4fe10e,sell,0x4e279d8638e8669fad40e018fc181d26ee780380,0x88ea62c724d94c78e5758981d30b4c0c6206cf3e6ad0ca285e1249312d57b8ab
343,2492.27395075,0.0049845479015,0x06c6fea19f72ffeccb0326805b723ae3cae131ca,2017-10-23T14:37:36.000Z,0.000002,0xbcc78b4cbf66a1ce31fbe0e967e578ebcb09c04c,sell,0x4e279d8638e8669fad40e018fc181d26ee780380,0x7614369c3d747c3f451636e774def001c9cb82abb0e21df7b3b35b1afe391453
344,12461.36975376,0.02492273950752,0x06c6fea19f72ffeccb0326805b723ae3cae131ca,2017-10-23T13:49:32.000Z,0.000002,0xfe4856ea92a3d9fe3691f332cb5344072ac061d1,sell,0x4e279d8638e8669fad40e018fc181d26ee780380,0xa73d0cc5f96f0d2434188f33f9263372b4abad3fceafd1c86904137022939930
345,80,0.00048,0xbb97eaca0841cceb6fdfd892684c64936a06fb59,2017-10-23T12:30:50.000Z,0.000006,0x3cb9f51d4e16f9bead2e0a68b42eb5f8ef1dfd02,buy,0x4e279d8638e8669fad40e018fc181d26ee780380,0x5188f0495d2d28bc818e113fb346e17774a41a065cc29785e784ea7c86d10961
346,1070.30579766,0.00428122319064,0x2809ffb2ec6a4102beb1cc39c2a98c4d560c02dd,2017-10-22T16:10:22.000Z,0.000004,0x06c6fea19f72ffeccb0326805b723ae3cae131ca,sell,0x4e279d8638e8669fad40e018fc181d26ee780380,0xe8ad900b044b2e414c4c4c4852e9e8a42619886a8b2c1d3fb514ccbaf73410a2
347,1730.41111454,0.00692164445816,0x2809ffb2ec6a4102beb1cc39c2a98c4d560c02dd,2017-10-22T16:08:25.000Z,0.000004,0x6fbb0a236720d2fc37c9617cb72904b198adcc93,sell,0x4e279d8638e8669fad40e018fc181d26ee780380,0x115ad11d6ded2edccf5f7811d2c1f7e58713e77ffc4240253aa5840a85fa3484
348,6300,0.0315,0xbb97eaca0841cceb6fdfd892684c64936a06fb59,2017-10-22T15:49:16.000Z,0.000005,0x06c6fea19f72ffeccb0326805b723ae3cae131ca,sell,0x4e279d8638e8669fad40e018fc181d26ee780380,0x81534f6c54f86de2fb6e6227bf5abdb322b66cae1ecc992900551fdb5bd2624c
349,16000,0.032,0x150c2c0961490a08b171444e2db949c9ee0cc3a0,2017-10-22T15:33:26.000Z,0.000002,0xbb97eaca0841cceb6fdfd892684c64936a06fb59,sell,0x4e279d8638e8669fad40e018fc181d26ee780380,0x2e6010b92769fe37c11311c4ae6a228101149965026df240ef4a0f1a4fb128df
350,2492.27395075,0.009969095803,0x2809ffb2ec6a4102beb1cc39c2a98c4d560c02dd,2017-10-22T15:09:02.000Z,0.000004,0x903f25cffba5858ee9ae5a76f9b72b09e3a9a6dd,sell,0x4e279d8638e8669fad40e018fc181d26ee780380,0x4950ddc52c6fc9f8464ad499e63aef7e3ccd9a150de6c7f0a1c33abccfc38dc6
351,2492.27395075,0.009969095803,0x2809ffb2ec6a4102beb1cc39c2a98c4d560c02dd,2017-10-22T15:04:25.000Z,0.000004,0x403eda1dabfd4458136478f8d28e6e4b4d807749,sell,0x4e279d8638e8669fad40e018fc181d26ee780380,0x18cd427ac9e04fb5f94e3d506e446bab5544beeb30b38b36e3385ae5518be540
352,200,0.0017,0x3421c555a64032f3bb56c0f1236138dc88ae4c7f,2017-10-22T11:24:11.000Z,0.0000085,0x6fbb0a236720d2fc37c9617cb72904b198adcc93,buy,0x4e279d8638e8669fad40e018fc181d26ee780380,0xad5ff36c59cc8ca552380c02a8512029d1a51be8d73448c23d6b181b28e82c07
353,0.24845718,0.00000099382872,0x2809ffb2ec6a4102beb1cc39c2a98c4d560c02dd,2017-10-22T10:14:52.000Z,0.000004,0xc8f27c96c7e8d1a1a09bbc8f1988b4cff10898cb,sell,0x4e279d8638e8669fad40e018fc181d26ee780380,0xf45b22ad448ca7db1ded3b23a14a647608740bcff7608e80d8fa0585b8d4ebd1
354,2492.27395075,0.009969095803,0x2809ffb2ec6a4102beb1cc39c2a98c4d560c02dd,2017-10-22T10:08:15.000Z,0.000004,0xc8f27c96c7e8d1a1a09bbc8f1988b4cff10898cb,sell,0x4e279d8638e8669fad40e018fc181d26ee780380,0x22bca2c4f02c47f37205f1e29f8883b00b27f4e58b464ab9fdb56feb4fae6fd0
355,2492.27395075,0.009969095803,0x2809ffb2ec6a4102beb1cc39c2a98c4d560c02dd,2017-10-22T09:16:37.000Z,0.000004,0xb2821dd85b91c955f2a909b1c1e9fbf8706d7647,sell,0x4e279d8638e8669fad40e018fc181d26ee780380,0x003c0bca5b69798086b6f4609f6551112c641865c3ecc30dc24e21acff1741b2
356,192.37450409,0.001923745040972983,0xbb97eaca0841cceb6fdfd892684c64936a06fb59,2017-10-22T07:06:45.000Z,0.00001000000000037937,0xe97307d2eb5cf05b9bbf7ada2665e6ffdd0951d7,buy,0x4e279d8638e8669fad40e018fc181d26ee780380,0x6d1bbb144774dada7607910ba7d571f006dcaff4ac1bcd609ac18a5330fbb0a6
357,2000,0.02,0xbb97eaca0841cceb6fdfd892684c64936a06fb59,2017-10-22T07:05:49.000Z,0.00001,0xe97307d2eb5cf05b9bbf7ada2665e6ffdd0951d7,buy,0x4e279d8638e8669fad40e018fc181d26ee780380,0xa5d104fc92925ae0aff9d4e9f1bba2d8840fe9457bd1176cd4c8964e785b1ab1
358,1000,0.011,0xbb97eaca0841cceb6fdfd892684c64936a06fb59,2017-10-22T06:45:00.000Z,0.000011,0xe97307d2eb5cf05b9bbf7ada2665e6ffdd0951d7,buy,0x4e279d8638e8669fad40e018fc181d26ee780380,0x83e9b9c25489a088142978b40a3f41ae100625a6250b5ec0b06791697fe0552b
359,2500,0.025,0xbb97eaca0841cceb6fdfd892684c64936a06fb59,2017-10-22T06:44:42.000Z,0.00001,0x6a5d80de44afabbaec30b2104b9040a79ef1cd0c,buy,0x4e279d8638e8669fad40e018fc181d26ee780380,0x27006b0330d1fc7dbaee6336346eef81b7721ccf8df81ac680e2b0b6e72bc686
360,2500,0.025,0xbb97eaca0841cceb6fdfd892684c64936a06fb59,2017-10-22T06:43:34.000Z,0.00001,0x28df321d9885a28cfd8a4cdbd249604c30e5ff05,buy,0x4e279d8638e8669fad40e018fc181d26ee780380,0xdd12a2d36f76462d517477a9276e6aa518b72a437b20009d60c979c58b76c98c
361,1150,0.01035,0xbb97eaca0841cceb6fdfd892684c64936a06fb59,2017-10-22T06:43:23.000Z,0.000009,0xa8548974b303f28b3a7151f4d70f71f3784ffa4d,buy,0x4e279d8638e8669fad40e018fc181d26ee780380,0xb764f2ec7b7b890005c9d39d937ac9add3863461406379c00f78c0831141b58e
362,2500,0.02125,0xbb97eaca0841cceb6fdfd892684c64936a06fb59,2017-10-22T06:42:45.000Z,0.0000085,0x7bfd4cc4f7645a65a1538c770f5093ffd012484e,buy,0x4e279d8638e8669fad40e018fc181d26ee780380,0xb82cae74fa28e4d92851a209de098d7f4e5710df1c33c3aef912d29211949763
363,2500,0.0224975,0xbb97eaca0841cceb6fdfd892684c64936a06fb59,2017-10-22T06:42:45.000Z,0.000008999,0xefe18bf0e7416f23e62e05556a03d599d37a6a1f,buy,0x4e279d8638e8669fad40e018fc181d26ee780380,0x6ab9639633eb9880e66c84f554e95ec93fc02e1bf95ba43353be146ea16ed1cd
364,2500,0.0225,0xbb97eaca0841cceb6fdfd892684c64936a06fb59,2017-10-22T06:42:45.000Z,0.000009,0x9839655f716122c5fe3594a031b1b0483058d123,buy,0x4e279d8638e8669fad40e018fc181d26ee780380,0xe8c0c86c7506cb60d4160b439dad8feaeb0ce8d6912a93b34523ef5903eff954
365,2492.27395075,0.009969095803,0x2809ffb2ec6a4102beb1cc39c2a98c4d560c02dd,2017-10-21T23:23:42.000Z,0.000004,0xa3d1ed43ba62d61a8687130770dda943dc7b59bd,sell,0x4e279d8638e8669fad40e018fc181d26ee780380,0x3efa679a34a593e5759a5241aa380a8c3f787ae59969e9b8508e39e3c70a80f0
366,2492.27395075,0.009969095803,0x2809ffb2ec6a4102beb1cc39c2a98c4d560c02dd,2017-10-21T22:32:28.000Z,0.000004,0x14d6d0f3d430455b5c1f169e28548bbc61d79cda,sell,0x4e279d8638e8669fad40e018fc181d26ee780380,0xb55d6e8800dc1fd9d27d3e06a3418e28e878bc5db6bf4b4caed1d42b879586a2
367,4984.5479015,0.019938191606,0x2809ffb2ec6a4102beb1cc39c2a98c4d560c02dd,2017-10-21T22:17:06.000Z,0.000004,0x945b174438e4fe1d5f9c937c10d6c4fa03340c96,sell,0x4e279d8638e8669fad40e018fc181d26ee780380,0xb090dffe73e065a0a936586bbbd8262e2f4f3637e8bb33792bea261fd17aad9e
368,2260.84302462,0.00904337209848,0x2809ffb2ec6a4102beb1cc39c2a98c4d560c02dd,2017-10-21T21:57:22.000Z,0.000004,0x55b70c0b3c6bf1324a6c9ff05cdef603f46c0c71,sell,0x4e279d8638e8669fad40e018fc181d26ee780380,0x9ac3c3781f252668722aef47b08e31f298b094a90d1a059223d7755bb1dd1962
369,231.454,0.001041543,0xbb97eaca0841cceb6fdfd892684c64936a06fb59,2017-10-21T21:54:55.000Z,0.0000045,0x55b70c0b3c6bf1324a6c9ff05cdef603f46c0c71,sell,0x4e279d8638e8669fad40e018fc181d26ee780380,0xfafc9eff7ec2f5d86e92ece577deca176a365f466a6deee92a4a7806167f3b0e
370,1350,0.01215,0xbb97eaca0841cceb6fdfd892684c64936a06fb59,2017-10-21T21:33:39.000Z,0.000009,0xa8548974b303f28b3a7151f4d70f71f3784ffa4d,buy,0x4e279d8638e8669fad40e018fc181d26ee780380,0xf39ca3357bb236aaecc179fec13ec3ce90b1e6e396e5a2c3f8d4bcb881aaecff
371,500,0.005,0xbb97eaca0841cceb6fdfd892684c64936a06fb59,2017-10-21T20:45:14.000Z,0.00001,0xe97307d2eb5cf05b9bbf7ada2665e6ffdd0951d7,buy,0x4e279d8638e8669fad40e018fc181d26ee780380,0xcc0e7ce2b5d97d4eeb7cc67545a54235112407a8428b5b995cb093e4f905db79
372,500,0.005,0xc7f69616492dc7aee96fea640fb99e6fdfd7ab52,2017-10-21T20:05:22.000Z,0.00001,0xe97307d2eb5cf05b9bbf7ada2665e6ffdd0951d7,buy,0x4e279d8638e8669fad40e018fc181d26ee780380,0xdb29d17ea8b3c341c957fc0fdf1a552fb9d678dd112aa40182525299aadb697a
373,3000,0.0297,0xc7f69616492dc7aee96fea640fb99e6fdfd7ab52,2017-10-21T20:05:08.000Z,0.0000099,0xe97307d2eb5cf05b9bbf7ada2665e6ffdd0951d7,buy,0x4e279d8638e8669fad40e018fc181d26ee780380,0xb20ed8b6955327067ca91c99e9f66361d79f63bbc2c9bf73aa4e131c47bbdd1c
374,3000,0.027,0x2809ffb2ec6a4102beb1cc39c2a98c4d560c02dd,2017-10-21T19:33:11.000Z,0.000009,0xe97307d2eb5cf05b9bbf7ada2665e6ffdd0951d7,buy,0x4e279d8638e8669fad40e018fc181d26ee780380,0x980680e00761f0d88e5b919a5dd60b9b73de3544dc0328b11bf3a71545782794
375,4563.03,0.01824299394,0x2809ffb2ec6a4102beb1cc39c2a98c4d560c02dd,2017-10-21T19:31:32.000Z,0.000003998,0xbb97eaca0841cceb6fdfd892684c64936a06fb59,buy,0x4e279d8638e8669fad40e018fc181d26ee780380,0x9314ded908e7fdfad8be805c97f83caabd52135526460d3436445bd7d563e653
376,2500,0.00375,0x150c2c0961490a08b171444e2db949c9ee0cc3a0,2017-10-21T17:30:43.000Z,0.0000015,0x51bff6f116cd1d9bffb0248a669bbd86635d92f8,buy,0x4e279d8638e8669fad40e018fc181d26ee780380,0x638a680e77bd8f040067e72331f31c8d6d04bbf602417b613609627a50506bcb
377,984.6982574,0.0014770473861,0x06c6fea19f72ffeccb0326805b723ae3cae131ca,2017-10-21T15:10:01.000Z,0.0000015,0x270490b88d9cee7fbb12002441e9c66ccc1e8abb,sell,0x4e279d8638e8669fad40e018fc181d26ee780380,0x02685ae8aaa7d3467fbb3693c995bbd8b86f544282db4d2551519e93496d3e07
378,2492.27395075,0.003738410926125,0x06c6fea19f72ffeccb0326805b723ae3cae131ca,2017-10-21T14:33:14.000Z,0.0000015,0x26a1f0c24da296a29e142a62c30432a9392b4bc2,sell,0x4e279d8638e8669fad40e018fc181d26ee780380,0xbf4abea90ab44305a8d1a3419cd61ae7880095f4176e39176a8e423899acd898
379,562.537,0.001125074,0xbb97eaca0841cceb6fdfd892684c64936a06fb59,2017-10-21T12:27:28.000Z,0.000002,0x6fbb0a236720d2fc37c9617cb72904b198adcc93,sell,0x4e279d8638e8669fad40e018fc181d26ee780380,0x63b50184ce937b13f900b4bbb8d746b3beb93feaa750103fa74f27c45c31ee2d
380,1507.726,0.0033169972,0xbb97eaca0841cceb6fdfd892684c64936a06fb59,2017-10-21T11:56:01.000Z,0.0000022,0x270490b88d9cee7fbb12002441e9c66ccc1e8abb,sell,0x4e279d8638e8669fad40e018fc181d26ee780380,0xd7ff0b30b12e6dbfe066c50e57e855c0ca8434b8ac0abad5be4cdea3aa2c035e
381,2492.27395075,0.00548300269165,0xbb97eaca0841cceb6fdfd892684c64936a06fb59,2017-10-21T11:18:45.000Z,0.0000022,0xac6f8b833ef667204ffe3073c511628289807527,sell,0x4e279d8638e8669fad40e018fc181d26ee780380,0x8effc9a7e682c5e05816ee5238e5333dbdbe7adef56119dac3b015a2cb711e42
382,4984.5479015,0.00747682185225,0x06c6fea19f72ffeccb0326805b723ae3cae131ca,2017-10-21T09:47:08.000Z,0.0000015,0xbb97eaca0841cceb6fdfd892684c64936a06fb59,sell,0x4e279d8638e8669fad40e018fc181d26ee780380,0xe105cc10dec38d0e189176b2db105ed878057e0db1057fb254a3eb98c752e85b
383,2500,0.0125,0xbb97eaca0841cceb6fdfd892684c64936a06fb59,2017-10-21T05:19:45.000Z,0.000005,0xe97307d2eb5cf05b9bbf7ada2665e6ffdd0951d7,buy,0x4e279d8638e8669fad40e018fc181d26ee780380,0x6b6f5630b85ade40b922d8e529962f0b842df137ab9b2389cb295ece1873f6ac
384,2500,0.00499925,0xbb97eaca0841cceb6fdfd892684c64936a06fb59,2017-10-21T05:09:05.000Z,0.0000019997,0xd59287c566816360f12d6ad9a6bba0ac8a1ad72b,buy,0x4e279d8638e8669fad40e018fc181d26ee780380,0x4fa0995cb12c33c9503938dd0e62a78e4e3c949d92099cadb3987657fa6553e1
