,amount,amountBase,buyer,date,price,seller,side,tokenAddr,txHash
0,1.4285714285714286,0.0005,0x4fda9e6bcd83af6c5cc771b5d20accc2b7720074,2017-11-02T11:05:15.000Z,0.00035,0xc0c7f32948f3a71080f7fe9bb93170a20c80bf52,buy,0x0abefb7611cb3a01ea3fad85f33c3c934f8e2cf4,0xc51e22fd50f391cc09834013a97608210ffc4f39bcec7c1dd9009586b8fca5db
1,1.4285714285714286,0.0005,0x3075f7f189912f4f425dd7021b9c396434197477,2017-11-02T10:53:27.000Z,0.00035,0xc0c7f32948f3a71080f7fe9bb93170a20c80bf52,buy,0x0abefb7611cb3a01ea3fad85f33c3c934f8e2cf4,0x7b27a7bd3ff948fc0ea632d9f2d45c0e4ced05cef74210e3b37ffc4f7f87a14d
2,100,0.04,0xaf81484a31f60a30981a35ec9f07b98d169be6d9,2017-11-02T10:28:21.000Z,0.0004,0xbc038b240ee697dba09accec51de849b66af77df,buy,0x0abefb7611cb3a01ea3fad85f33c3c934f8e2cf4,0xdc67de0fc13faad4ca2611fdf530a19cc0b2aadbbca038e87d4d6e1faad471ac
3,1579.059820736556,0.6316239282946224,0x80b813fc23c046d270575f60ce903bc2d8b9a5c5,2017-11-01T09:12:59.000Z,0.00039999999999999996,0xc0c7f32948f3a71080f7fe9bb93170a20c80bf52,sell,0x0abefb7611cb3a01ea3fad85f33c3c934f8e2cf4,0x4ba3cb10939f482587f672f2dc70391c3511e27cfdddb4e99881f53823c9e0b2
4,0.001987657422592098,0.000000795062969036,0x80b813fc23c046d270575f60ce903bc2d8b9a5c5,2017-11-01T09:08:28.000Z,0.0003999999999995778,0x533db3b80530e3bf91140c645bb4dfbd7424847c,sell,0x0abefb7611cb3a01ea3fad85f33c3c934f8e2cf4,0xc2343c3a4cca5a8a37d35b376bb6678cff106a62b59eb4ff43c7eec749764cba
5,19.938191606021334,0.007975276642408533,0x80b813fc23c046d270575f60ce903bc2d8b9a5c5,2017-11-01T09:07:28.000Z,0.00039999999999999996,0x533db3b80530e3bf91140c645bb4dfbd7424847c,sell,0x0abefb7611cb3a01ea3fad85f33c3c934f8e2cf4,0x4274b350a36d2d942c1199ae8ad36bd86ac1cdf16e525130fe930c4849dab705
6,20,0.008,0x533db3b80530e3bf91140c645bb4dfbd7424847c,2017-11-01T09:05:08.000Z,0.0004,0xc0c7f32948f3a71080f7fe9bb93170a20c80bf52,buy,0x0abefb7611cb3a01ea3fad85f33c3c934f8e2cf4,0x7dfc90d3ef909a82c95961b117f82a3efea83be6513c1958dcaf399ac0fa3533
7,1000,0.38,0x3a03bb5f693fdf459fb526f369ae9148371c15e0,2017-11-01T04:33:51.000Z,0.00038,0x40771c18fb731f962714d5ebdd066570f8423f8a,sell,0x0abefb7611cb3a01ea3fad85f33c3c934f8e2cf4,0x3f018f9557211b402088d26b3b2494035edb225bfb5e286b1628bb7096d2186b
8,1000,0.41,0xaf81484a31f60a30981a35ec9f07b98d169be6d9,2017-11-01T03:35:38.000Z,0.00041,0x80b813fc23c046d270575f60ce903bc2d8b9a5c5,buy,0x0abefb7611cb3a01ea3fad85f33c3c934f8e2cf4,0x1e5558f130215b4d3b00ca611e1099be97deb525200d766a11fe5decf18d94f5
9,100,0.04,0x3a03bb5f693fdf459fb526f369ae9148371c15e0,2017-10-31T14:36:23.000Z,0.0004,0xc991395443b05bbd03332cc28bbe6bd406a879fe,sell,0x0abefb7611cb3a01ea3fad85f33c3c934f8e2cf4,0x1ea929d943b47a435d42641966a6fe5da92b8caea2ee71343c6b1563b09dcf1c
10,526.0196322460855,0.2209282455433559,0x80b813fc23c046d270575f60ce903bc2d8b9a5c5,2017-10-31T14:36:03.000Z,0.00041999999999999996,0xc991395443b05bbd03332cc28bbe6bd406a879fe,sell,0x0abefb7611cb3a01ea3fad85f33c3c934f8e2cf4,0x75c965937644b54da0a3e503b3bd1fa5ffd91ad9890ee1df8f84e1ad25bc72ad
11,900,0.378,0xaf81484a31f60a30981a35ec9f07b98d169be6d9,2017-10-31T14:35:41.000Z,0.00042,0xc991395443b05bbd03332cc28bbe6bd406a879fe,sell,0x0abefb7611cb3a01ea3fad85f33c3c934f8e2cf4,0x665637823b67d7f68f7b21211d205fe8ce9194cf32a95409b3ca849499d5a13c
12,10000,4.1,0x80b813fc23c046d270575f60ce903bc2d8b9a5c5,2017-10-31T14:35:41.000Z,0.00041,0xc991395443b05bbd03332cc28bbe6bd406a879fe,sell,0x0abefb7611cb3a01ea3fad85f33c3c934f8e2cf4,0x353494a5601402c7302b7fc3548514a147cf30d9d75c5bc488121e9dfd821061
13,3,0.001257,0x0b773d7819259d78757b26dc4148812d35676d8f,2017-10-31T14:22:11.000Z,0.000419,0xaedf686fe4e475f071aa62760d6cf14fce82fb3e,buy,0x0abefb7611cb3a01ea3fad85f33c3c934f8e2cf4,0x57dc6036a775b91a5937c4a323dab2ef5726c5a96414479f04ff37097a6a5a6f
14,5981.457940007114,2.512212334802988,0x80b813fc23c046d270575f60ce903bc2d8b9a5c5,2017-10-31T14:14:35.000Z,0.00041999999999999996,0xc16d79fcf4cd7bffd498e76c6d9bc20cf18ab36f,sell,0x0abefb7611cb3a01ea3fad85f33c3c934f8e2cf4,0x3b79c5ec749e154b94e0042bacebc1fbbcff014b9c792d22bf5bad668fcdfc7b
15,997.0586645163224,0.4187646390968554,0x80b813fc23c046d270575f60ce903bc2d8b9a5c5,2017-10-31T13:06:02.000Z,0.00041999999999999996,0xe83fb620e04f0f74db6c7b48f59f66255ab50bf9,sell,0x0abefb7611cb3a01ea3fad85f33c3c934f8e2cf4,0x470c4b6418774ef0c4702dd8a883b85f4a6076111c00166bf217073cfac4c7ea
16,1495.4637632304775,0.6280947805568006,0x80b813fc23c046d270575f60ce903bc2d8b9a5c5,2017-10-31T12:45:19.000Z,0.00041999999999999996,0xe83fb620e04f0f74db6c7b48f59f66255ab50bf9,sell,0x0abefb7611cb3a01ea3fad85f33c3c934f8e2cf4,0xf80c528118a4a686be6474a89f85bb9ff23c5c0650ced5a0bbedb24030587e3a
17,100,0.042,0xaf81484a31f60a30981a35ec9f07b98d169be6d9,2017-10-31T10:33:18.000Z,0.00042,0x3a03bb5f693fdf459fb526f369ae9148371c15e0,sell,0x0abefb7611cb3a01ea3fad85f33c3c934f8e2cf4,0xc632bf8ebef9b311f5da2f877880fa39de04ea4208befbc58e37a2372332d90a
18,20,0.00752,0xaf81484a31f60a30981a35ec9f07b98d169be6d9,2017-10-31T10:17:23.000Z,0.000376,0x95ce81027b57239985d75fc2b7e2aa6f2baccbd2,buy,0x0abefb7611cb3a01ea3fad85f33c3c934f8e2cf4,0x8472bf41bbbc1aa472a9dd3b73886947b922cd378084f8c14f12248b56a26985
19,1000,0.375,0x3a03bb5f693fdf459fb526f369ae9148371c15e0,2017-10-31T10:16:47.000Z,0.000375,0xaedf686fe4e475f071aa62760d6cf14fce82fb3e,buy,0x0abefb7611cb3a01ea3fad85f33c3c934f8e2cf4,0x2825ddd8b0fc6a8f5fa1e2cb7269dc696437a87830fd922ab0e63f970583ddf8
20,4300,1.29,0xaf81484a31f60a30981a35ec9f07b98d169be6d9,2017-10-31T10:15:58.000Z,0.0003,0x99269d02074f9ec98a806169e797e0c389682452,buy,0x0abefb7611cb3a01ea3fad85f33c3c934f8e2cf4,0x6966f63d4c97b6b48ff92abaf6d77110d498489f4814ac9b9687c925690f9949
21,1.6080789888398,0.00048242369665194,0x80b813fc23c046d270575f60ce903bc2d8b9a5c5,2017-10-31T04:29:12.000Z,0.0003,0xe444a40689f51f63bcd29910622035707d533d29,sell,0x0abefb7611cb3a01ea3fad85f33c3c934f8e2cf4,0xc7797cfbdfc3e5ae0240eae72dd10e6fd624df6c386b5aed49d7fe6cd2e1acc3
22,100,0.03,0x95ce81027b57239985d75fc2b7e2aa6f2baccbd2,2017-10-30T18:09:05.000Z,0.0003,0x99269d02074f9ec98a806169e797e0c389682452,buy,0x0abefb7611cb3a01ea3fad85f33c3c934f8e2cf4,0xddb045df67404f0b2490ef4a26be21633fc6c422ae6194aaa35bb96738da2f5e
23,3401.496,1.278962496,0x80b813fc23c046d270575f60ce903bc2d8b9a5c5,2017-10-30T10:37:13.000Z,0.000376,0x99269d02074f9ec98a806169e797e0c389682452,buy,0x0abefb7611cb3a01ea3fad85f33c3c934f8e2cf4,0x30ee04677ff3aac80fc890df9c227f689fe8f4809dd27e6443f5d791a1229a2d
24,398.504,0.1394764,0x80b813fc23c046d270575f60ce903bc2d8b9a5c5,2017-10-30T10:36:09.000Z,0.00035,0x99269d02074f9ec98a806169e797e0c389682452,buy,0x0abefb7611cb3a01ea3fad85f33c3c934f8e2cf4,0xaaa654912ce023bdbd29cab022a1106aa7b6978a682a34bd372795f849ba0541
25,298.5009080435662,0.10447531781524817,0x80b813fc23c046d270575f60ce903bc2d8b9a5c5,2017-10-30T10:34:50.000Z,0.00035,0x99269d02074f9ec98a806169e797e0c389682452,buy,0x0abefb7611cb3a01ea3fad85f33c3c934f8e2cf4,0x85a4a6fcb9057c64e0a23d1f63405c5ed9f9bf32d9164f8086bcf1ba8749b70b
26,400,0.14,0x80b813fc23c046d270575f60ce903bc2d8b9a5c5,2017-10-30T10:33:09.000Z,0.00035,0x99269d02074f9ec98a806169e797e0c389682452,buy,0x0abefb7611cb3a01ea3fad85f33c3c934f8e2cf4,0xced1f2d5137a4170be2a2ad7aa61848a9ceee6b5abc589f68068ee1611837fc9
27,0.30177586115341976,0.000120710344461367,0x3a03bb5f693fdf459fb526f369ae9148371c15e0,2017-10-30T10:19:08.000Z,0.00039999999999999704,0x1d5321e125f6c7079a716705541c7b371ca79e69,sell,0x0abefb7611cb3a01ea3fad85f33c3c934f8e2cf4,0x663803c4a6ced76b4bcc07a549f9d102655dc058eeaf3b9baf0fc02f5faf213c
28,0.30268118873688,0.000105938416057908,0x1d5321e125f6c7079a716705541c7b371ca79e69,2017-10-30T10:19:08.000Z,0.00035,0x99269d02074f9ec98a806169e797e0c389682452,buy,0x0abefb7611cb3a01ea3fad85f33c3c934f8e2cf4,0x663803c4a6ced76b4bcc07a549f9d102655dc058eeaf3b9baf0fc02f5faf213c
29,100.89372957896003,0.04035749183158401,0x3a03bb5f693fdf459fb526f369ae9148371c15e0,2017-10-30T10:18:51.000Z,0.00039999999999999996,0x1d5321e125f6c7079a716705541c7b371ca79e69,sell,0x0abefb7611cb3a01ea3fad85f33c3c934f8e2cf4,0xa155911b77a65b1dec2c303e68c63f2b88f2b6aa50efa75bf9968b95a596ed5a
30,101.1964107676969,0.03541874376869392,0x1d5321e125f6c7079a716705541c7b371ca79e69,2017-10-30T10:18:51.000Z,0.00035,0x99269d02074f9ec98a806169e797e0c389682452,buy,0x0abefb7611cb3a01ea3fad85f33c3c934f8e2cf4,0xa155911b77a65b1dec2c303e68c63f2b88f2b6aa50efa75bf9968b95a596ed5a
31,400,0.14,0x1d5321e125f6c7079a716705541c7b371ca79e69,2017-10-30T10:18:12.000Z,0.00035,0x99269d02074f9ec98a806169e797e0c389682452,buy,0x0abefb7611cb3a01ea3fad85f33c3c934f8e2cf4,0x5b3225c0b9b574364d5c44bb326d64cc88d0e25a888bde30f49edb0450f1a172
32,398.80358923230307,0.15952143569292124,0x3a03bb5f693fdf459fb526f369ae9148371c15e0,2017-10-30T10:18:12.000Z,0.00039999999999999996,0x1d5321e125f6c7079a716705541c7b371ca79e69,sell,0x0abefb7611cb3a01ea3fad85f33c3c934f8e2cf4,0x5b3225c0b9b574364d5c44bb326d64cc88d0e25a888bde30f49edb0450f1a172
33,2495.513,0.935817375,0x80b813fc23c046d270575f60ce903bc2d8b9a5c5,2017-10-30T10:12:06.000Z,0.000375,0xc16d79fcf4cd7bffd498e76c6d9bc20cf18ab36f,buy,0x0abefb7611cb3a01ea3fad85f33c3c934f8e2cf4,0xbcd73821a73082ddcc73ec39f325663b534e5c1b78974decaec40672a153c93b
34,398.504,0.1394764,0x80b813fc23c046d270575f60ce903bc2d8b9a5c5,2017-10-30T10:07:32.000Z,0.00035,0x99269d02074f9ec98a806169e797e0c389682452,buy,0x0abefb7611cb3a01ea3fad85f33c3c934f8e2cf4,0xf977eefe73c4d97ecc2eaf276175179c9ca1b637330b8f29b10d0988704d0cf3
35,1.4955134596211344,0.000523429710867397,0x1d5321e125f6c7079a716705541c7b371ca79e69,2017-10-30T09:57:49.000Z,0.00035,0x99269d02074f9ec98a806169e797e0c389682452,buy,0x0abefb7611cb3a01ea3fad85f33c3c934f8e2cf4,0x580174bb8c5bf234bf08e2872c7749277f630e5475315dd8e2062a91656d58c5
36,1.4910403386053184,0.000559140126976994,0x80b813fc23c046d270575f60ce903bc2d8b9a5c5,2017-10-30T09:57:49.000Z,0.00037499999999999974,0x1d5321e125f6c7079a716705541c7b371ca79e69,sell,0x0abefb7611cb3a01ea3fad85f33c3c934f8e2cf4,0x580174bb8c5bf234bf08e2872c7749277f630e5475315dd8e2062a91656d58c5
37,4.486540378863408,0.001682452642073778,0x1d5321e125f6c7079a716705541c7b371ca79e69,2017-10-30T09:51:09.000Z,0.000375,0xc16d79fcf4cd7bffd498e76c6d9bc20cf18ab36f,buy,0x0abefb7611cb3a01ea3fad85f33c3c934f8e2cf4,0xd5243614151ac2319116be473167abffb93fa5662683cc549d870b684f855ec6
38,4.47312101581596,0.001789248406326384,0x80b813fc23c046d270575f60ce903bc2d8b9a5c5,2017-10-30T09:51:09.000Z,0.00039999999999999996,0x1d5321e125f6c7079a716705541c7b371ca79e69,sell,0x0abefb7611cb3a01ea3fad85f33c3c934f8e2cf4,0xd5243614151ac2319116be473167abffb93fa5662683cc549d870b684f855ec6
39,1495.5134596211367,0.5982053838484547,0x80b813fc23c046d270575f60ce903bc2d8b9a5c5,2017-10-30T09:46:49.000Z,0.00039999999999999996,0x1d5321e125f6c7079a716705541c7b371ca79e69,sell,0x0abefb7611cb3a01ea3fad85f33c3c934f8e2cf4,0x9462502d294acae398c9b07814173c2de3389251ae4c390704d908380d2bd81e
40,1500,0.5625,0x1d5321e125f6c7079a716705541c7b371ca79e69,2017-10-30T09:46:49.000Z,0.000375,0xc16d79fcf4cd7bffd498e76c6d9bc20cf18ab36f,buy,0x0abefb7611cb3a01ea3fad85f33c3c934f8e2cf4,0x9462502d294acae398c9b07814173c2de3389251ae4c390704d908380d2bd81e
41,500,0.1735,0x1d5321e125f6c7079a716705541c7b371ca79e69,2017-10-30T09:35:29.000Z,0.000347,0xc16d79fcf4cd7bffd498e76c6d9bc20cf18ab36f,buy,0x0abefb7611cb3a01ea3fad85f33c3c934f8e2cf4,0x7906ca325bbf5d345ad62c673ab7ee5e5ffd44290030c1f9bfd442fc0b5cd966
42,498.5044865403789,0.18693918245264207,0x80b813fc23c046d270575f60ce903bc2d8b9a5c5,2017-10-30T09:35:29.000Z,0.000375,0x1d5321e125f6c7079a716705541c7b371ca79e69,sell,0x0abefb7611cb3a01ea3fad85f33c3c934f8e2cf4,0x7906ca325bbf5d345ad62c673ab7ee5e5ffd44290030c1f9bfd442fc0b5cd966
43,2000,0.81,0x80b813fc23c046d270575f60ce903bc2d8b9a5c5,2017-10-30T09:33:23.000Z,0.000405,0xd815bbdb973fcfae73f27ddc9a135e377028c1c5,sell,0x0abefb7611cb3a01ea3fad85f33c3c934f8e2cf4,0xd7fe34123995d37b1dca6ce34ce17458888d1147277244fcd98c7c42bf2a3e8c
44,2006,0.696082,0xd815bbdb973fcfae73f27ddc9a135e377028c1c5,2017-10-30T09:33:23.000Z,0.000347,0xc16d79fcf4cd7bffd498e76c6d9bc20cf18ab36f,buy,0x0abefb7611cb3a01ea3fad85f33c3c934f8e2cf4,0xd7fe34123995d37b1dca6ce34ce17458888d1147277244fcd98c7c42bf2a3e8c
45,22736,7.889392,0x80b813fc23c046d270575f60ce903bc2d8b9a5c5,2017-10-30T09:07:00.000Z,0.000347,0x30b811a5667d392cfbbd1a03b47b2a55e953b053,buy,0x0abefb7611cb3a01ea3fad85f33c3c934f8e2cf4,0x0880061ca544e44caccc9bd45942f2df8c83767ef6bc67b3d2c87c2761893179
46,3194,1.090747806,0x80b813fc23c046d270575f60ce903bc2d8b9a5c5,2017-10-30T09:02:54.000Z,0.000341499,0xc2249c3dd3c18167a6f65c0cd8e0eccb6a0e29ab,buy,0x0abefb7611cb3a01ea3fad85f33c3c934f8e2cf4,0x66e31da0b0db9741a403d4f258e7e23ef5458afb3b94854256641727880dfc1d
47,381.94,0.1260402,0x80b813fc23c046d270575f60ce903bc2d8b9a5c5,2017-10-30T06:39:42.000Z,0.00033,0x4427baa074563a394084de2cd61556f7908b6de4,buy,0x0abefb7611cb3a01ea3fad85f33c3c934f8e2cf4,0x5af9b514e807b145fdd40484379e5e374a9a7bd5efe2c353182b57241fe6718d
48,5000,1.5685,0x80b813fc23c046d270575f60ce903bc2d8b9a5c5,2017-10-30T06:36:35.000Z,0.0003137,0x4427baa074563a394084de2cd61556f7908b6de4,buy,0x0abefb7611cb3a01ea3fad85f33c3c934f8e2cf4,0xbba53c482b60f84b12963bc4ecef8c6f8ea3948658c08b62229833b40cb6b180
49,0.00000530718095551,0.000000000689933524,0x790dda3b970f85b7b59052a3eb9fd9a5f6e675e9,2017-10-29T18:36:59.000Z,0.00012999999995924388,0xbbab400ed56179fc0a099f844fb9764d6593e630,sell,0x0abefb7611cb3a01ea3fad85f33c3c934f8e2cf4,0xdeb043351479da0ad512394ce1edd316e8d14132f62619cb87c75ed21cd292e8
50,30467.91368,9.2927136724,0x4c621c48402d5b53ecf7cf1c68a680ad7f0cbaa7,2017-10-29T17:45:07.000Z,0.000305,0xbbab400ed56179fc0a099f844fb9764d6593e630,buy,0x0abefb7611cb3a01ea3fad85f33c3c934f8e2cf4,0x76c2f94250b75baed3e9c0e33a14d99742b72715578f691c52f4e19d17ee5e7f
51,4471.139467650284,0.31297976273551986,0xbbab400ed56179fc0a099f844fb9764d6593e630,2017-10-29T07:43:01.000Z,0.00007,0x5488c55fabb24691efa3134e3f0a9326a082e5c8,sell,0x0abefb7611cb3a01ea3fad85f33c3c934f8e2cf4,0xbd93cc6ac87fa4ebcc8922adb3e26e5d97bf45defa2a98d2caeaf703379d1bf5
52,5000,0.5,0xbbab400ed56179fc0a099f844fb9764d6593e630,2017-10-29T07:03:45.000Z,0.0001,0x5488c55fabb24691efa3134e3f0a9326a082e5c8,sell,0x0abefb7611cb3a01ea3fad85f33c3c934f8e2cf4,0xf5340238ace0d6fa3421f3327da16153c037a9c7864aa0560e43dfaf56fd2c82
53,1.6129032258064515,0.0005,0x34f9560c63078eb61872a4dc2ccd20e21c34feaf,2017-10-28T20:34:40.000Z,0.00031,0xbbab400ed56179fc0a099f844fb9764d6593e630,buy,0x0abefb7611cb3a01ea3fad85f33c3c934f8e2cf4,0x4e8a10c4f3ac49b570e4a9f3f3940eb1d6a8264b0c330641c95b76f8ebe8a99f
54,1.6129032258064515,0.0005,0xe444a40689f51f63bcd29910622035707d533d29,2017-10-28T20:31:40.000Z,0.00031,0xbbab400ed56179fc0a099f844fb9764d6593e630,buy,0x0abefb7611cb3a01ea3fad85f33c3c934f8e2cf4,0x48c2c9edd0c6ed973b59d161342157212f392608e8936978641a4dbf79fb642c
55,5500,0.66,0x790dda3b970f85b7b59052a3eb9fd9a5f6e675e9,2017-10-28T11:51:14.000Z,0.00012,0x4427baa074563a394084de2cd61556f7908b6de4,sell,0x0abefb7611cb3a01ea3fad85f33c3c934f8e2cf4,0x27750089922f5858b85a24606c436c100a72f8916b7801b2c45a8e40ad69d618
56,3000,0.36003,0xbbab400ed56179fc0a099f844fb9764d6593e630,2017-10-28T11:45:41.000Z,0.00012001,0x4427baa074563a394084de2cd61556f7908b6de4,sell,0x0abefb7611cb3a01ea3fad85f33c3c934f8e2cf4,0x2f4b507a0db759f4211e3e13df765da16d8faa9460411d44d2b5b8fdbfc71900
57,908.219,0.287905423,0x80b813fc23c046d270575f60ce903bc2d8b9a5c5,2017-10-28T07:59:01.000Z,0.000317,0xbbab400ed56179fc0a099f844fb9764d6593e630,buy,0x0abefb7611cb3a01ea3fad85f33c3c934f8e2cf4,0xbe93141ac62fa1f4546bbf8818d0fe857939b350cd2b158b5d5267c9bd8df1e2
58,3908.219,0.461169842,0xbbab400ed56179fc0a099f844fb9764d6593e630,2017-10-27T15:57:20.000Z,0.000118,0x4427baa074563a394084de2cd61556f7908b6de4,sell,0x0abefb7611cb3a01ea3fad85f33c3c934f8e2cf4,0x274155408bba26f20cab98e839b4ca5188729e1cae50aafc809d18d1577a2772
59,800,0.096,0x790dda3b970f85b7b59052a3eb9fd9a5f6e675e9,2017-10-27T15:52:48.000Z,0.00012,0x4427baa074563a394084de2cd61556f7908b6de4,sell,0x0abefb7611cb3a01ea3fad85f33c3c934f8e2cf4,0xb6636072652daea30ab76566aa4d91170d093308acc4d27813c0a953d8dd3aac
60,15000,1.800015,0xbbab400ed56179fc0a099f844fb9764d6593e630,2017-10-27T15:52:00.000Z,0.000120001,0x4427baa074563a394084de2cd61556f7908b6de4,sell,0x0abefb7611cb3a01ea3fad85f33c3c934f8e2cf4,0xfc943f589c910a45beb12f814fcc035bdc0e1424fed358fb6acafa3f74315ce4
61,557.3449,0.183923817,0x80b813fc23c046d270575f60ce903bc2d8b9a5c5,2017-10-27T02:44:58.000Z,0.00033,0xbbab400ed56179fc0a099f844fb9764d6593e630,buy,0x0abefb7611cb3a01ea3fad85f33c3c934f8e2cf4,0x88e0f845d2654d33619e1022cd3efd82c1be481b313424373eba02ddf7338983
62,557.3448268635157,0.06604536198332661,0xbbab400ed56179fc0a099f844fb9764d6593e630,2017-10-26T10:18:35.000Z,0.0001185,0x54b59cbea68b581f1fa6ae1c3d5ea0643e8e2378,sell,0x0abefb7611cb3a01ea3fad85f33c3c934f8e2cf4,0x8fdd69519e5732d40f89ce567b16d6fb9a53e8c2fc3db3865422a0397afcc56e
63,1000,0.33,0x80b813fc23c046d270575f60ce903bc2d8b9a5c5,2017-10-26T10:17:41.000Z,0.00033,0x54b59cbea68b581f1fa6ae1c3d5ea0643e8e2378,sell,0x0abefb7611cb3a01ea3fad85f33c3c934f8e2cf4,0x1a190ee20683fb2fb3f52b61011739cb9c477f6151f1f298949824327bc378b6
64,1000,0.3415,0x80b813fc23c046d270575f60ce903bc2d8b9a5c5,2017-10-26T07:10:21.000Z,0.0003415,0xc0c7f32948f3a71080f7fe9bb93170a20c80bf52,buy,0x0abefb7611cb3a01ea3fad85f33c3c934f8e2cf4,0xd0644ded949556e3dc6fbfd2e44c47ab387d632d5e581b4777f0af5a23d6ecf1
65,104.61356348275916,0.028768729957758768,0x790dda3b970f85b7b59052a3eb9fd9a5f6e675e9,2017-10-26T04:24:33.000Z,0.000275,0x54b59cbea68b581f1fa6ae1c3d5ea0643e8e2378,sell,0x0abefb7611cb3a01ea3fad85f33c3c934f8e2cf4,0x85521376ce0e87d830d95428e5630d1fcd165c6b5da6f595b5df14907ffe893b
66,1000,0.3,0x80b813fc23c046d270575f60ce903bc2d8b9a5c5,2017-10-26T04:18:27.000Z,0.0003,0x54b59cbea68b581f1fa6ae1c3d5ea0643e8e2378,sell,0x0abefb7611cb3a01ea3fad85f33c3c934f8e2cf4,0xf4820246389197b8fdfc45376be5d84340d82da930131435fea1a440d19a39d0
67,1459.8951375098902,0.4985541894596275,0x0d11b03220ed774e937bc9566c83c9be051ac8b1,2017-10-25T13:12:08.000Z,0.0003415,0xc0c7f32948f3a71080f7fe9bb93170a20c80bf52,buy,0x0abefb7611cb3a01ea3fad85f33c3c934f8e2cf4,0x63858d34ea7faae1f2f11419a2ffad193e22295057ee573a0ba877f8fb7d58e7
68,500,0.1735,0x80b813fc23c046d270575f60ce903bc2d8b9a5c5,2017-10-25T03:04:25.000Z,0.000347,0x30b811a5667d392cfbbd1a03b47b2a55e953b053,buy,0x0abefb7611cb3a01ea3fad85f33c3c934f8e2cf4,0x3d3c880f71fcdcb1d280e3033b6d742915e0b2ca3d574906d6ae144958b19ce2
69,1000,0.333333,0x80b813fc23c046d270575f60ce903bc2d8b9a5c5,2017-10-25T03:00:35.000Z,0.000333333,0xacba24578577004624344761f641a710800ee012,buy,0x0abefb7611cb3a01ea3fad85f33c3c934f8e2cf4,0x976e4a1186eed95db0e62e7a535d7d972fc88c2f66f7a339f030f5fe3b26c3cc
70,453,0.14949,0x80b813fc23c046d270575f60ce903bc2d8b9a5c5,2017-10-24T09:14:32.000Z,0.00033,0x0ae2d2b3a41f08ea2674178a6ea95a916aef0e6b,buy,0x0abefb7611cb3a01ea3fad85f33c3c934f8e2cf4,0x6a0027bcca328163b7d809ba7fa9bb72496a08019f4a1f739c35031f488f7eb8
71,997.0089649201759,0.18444665851023254,0x790dda3b970f85b7b59052a3eb9fd9a5f6e675e9,2017-10-24T07:59:53.000Z,0.000185,0xe83fb620e04f0f74db6c7b48f59f66255ab50bf9,sell,0x0abefb7611cb3a01ea3fad85f33c3c934f8e2cf4,0xbb0b35517d8ffd378f958c9ea389fbf0bb0d41d89a55162281667cfa177ecaa6
72,0.9726144633286811,0.000149782627352616,0x790dda3b970f85b7b59052a3eb9fd9a5f6e675e9,2017-10-23T17:18:22.000Z,0.00015399999999999908,0xbbab400ed56179fc0a099f844fb9764d6593e630,sell,0x0abefb7611cb3a01ea3fad85f33c3c934f8e2cf4,0x0f3a2665007dc71b95cd156eaa4e18d1f93eefaa9716bfe7c5c54d1733a577cc
73,144.18950220481398,0.030294214413231414,0x96a9956cd1fc5d68268f8e4fa8d9766fa4ded339,2017-10-22T13:45:18.000Z,0.00021009999999999998,0xfebed3f7333f028aaf315e7aa6bddf28da95f853,sell,0x0abefb7611cb3a01ea3fad85f33c3c934f8e2cf4,0x3e15f31e78b0a07ed5a09e5a987267e76fadfbba32be7a07326f2d50262d82e7
74,15000,3.15,0xb492cb68c05715cca847e50a48e5034d3af7ea94,2017-10-22T13:43:54.000Z,0.00021,0xfebed3f7333f028aaf315e7aa6bddf28da95f853,sell,0x0abefb7611cb3a01ea3fad85f33c3c934f8e2cf4,0xce560366203f0ce3d613be7a43f861c9e073e125f41d7440f3472d05c201bf28
75,996.9271142840705,0.2094543867110832,0x96a9956cd1fc5d68268f8e4fa8d9766fa4ded339,2017-10-22T13:08:00.000Z,0.00021009999999999998,0xe83fb620e04f0f74db6c7b48f59f66255ab50bf9,sell,0x0abefb7611cb3a01ea3fad85f33c3c934f8e2cf4,0x6ae3cf9dfba5e1e174d83877475b59f721c43ba25241618d9d5c0aee702658b8
76,175.88338351111554,0.036953098875685375,0x96a9956cd1fc5d68268f8e4fa8d9766fa4ded339,2017-10-22T13:00:09.000Z,0.00021009999999999998,0xe83fb620e04f0f74db6c7b48f59f66255ab50bf9,sell,0x0abefb7611cb3a01ea3fad85f33c3c934f8e2cf4,0x997a6c92b5c8a03e9393e5cd317d6a601441885f26041710d45b307caa19e7d0
77,4000,1.19516,0xb492cb68c05715cca847e50a48e5034d3af7ea94,2017-10-22T07:25:19.000Z,0.00029879,0xbbab400ed56179fc0a099f844fb9764d6593e630,buy,0x0abefb7611cb3a01ea3fad85f33c3c934f8e2cf4,0xebeab43cba9aa6406e5c6e7fdc6bdf668a835a7238425159ddad57c4057c8b7d
78,1000,0.285,0xb492cb68c05715cca847e50a48e5034d3af7ea94,2017-10-22T07:25:11.000Z,0.000285,0xbbab400ed56179fc0a099f844fb9764d6593e630,buy,0x0abefb7611cb3a01ea3fad85f33c3c934f8e2cf4,0x5607656419f7a26dd2d4ec47d610232f2274147ecd398258b4fead8b00fc10be
79,571,0.162735,0xb492cb68c05715cca847e50a48e5034d3af7ea94,2017-10-22T07:24:57.000Z,0.000285,0xbbab400ed56179fc0a099f844fb9764d6593e630,buy,0x0abefb7611cb3a01ea3fad85f33c3c934f8e2cf4,0x8ca6e5827f84567ddb036b907f603fb4e02a6aed2cd9564ed0a7533ab02a2936
80,118.35709301166384,0.023671418602332767,0x790dda3b970f85b7b59052a3eb9fd9a5f6e675e9,2017-10-21T02:28:53.000Z,0.00019999999999999998,0xaa85b24ac88a0a235f1977821194adce1cda9144,sell,0x0abefb7611cb3a01ea3fad85f33c3c934f8e2cf4,0xf540750d87529f30c7bab0397e5675523d9fedaa0dda1b1fe547de2e94692da7
81,0.000039634125467244,0.000000007926825093,0x790dda3b970f85b7b59052a3eb9fd9a5f6e675e9,2017-10-21T01:03:43.000Z,0.0001999999999886764,0xbc360671093dfb7b55e8c8b9ef3cfd7f070c988a,sell,0x0abefb7611cb3a01ea3fad85f33c3c934f8e2cf4,0x08e4a90a3e9351f5c99b2860647688ef38e29c560886ed0e3a63d53a60c24a86
82,0.39756991256192303,0.000079513982512384,0x790dda3b970f85b7b59052a3eb9fd9a5f6e675e9,2017-10-21T01:03:27.000Z,0.00019999999999999846,0xbc360671093dfb7b55e8c8b9ef3cfd7f070c988a,sell,0x0abefb7611cb3a01ea3fad85f33c3c934f8e2cf4,0xc54dc6d0e79aaa79aad8a6e208be17efe31c66256613b34a8b8e5d58507a1d38
83,3988.0237929086497,0.79760475858173,0x790dda3b970f85b7b59052a3eb9fd9a5f6e675e9,2017-10-21T01:02:47.000Z,0.00019999999999999998,0xbc360671093dfb7b55e8c8b9ef3cfd7f070c988a,sell,0x0abefb7611cb3a01ea3fad85f33c3c934f8e2cf4,0x956c41148ecd0d81ef7229b9d132456d07df43c4d3b4c8018eb6fe3ee6d8e26f
84,300,0.087,0x790dda3b970f85b7b59052a3eb9fd9a5f6e675e9,2017-10-20T14:38:49.000Z,0.00029,0xbc360671093dfb7b55e8c8b9ef3cfd7f070c988a,buy,0x0abefb7611cb3a01ea3fad85f33c3c934f8e2cf4,0x5213d2c5e71e9ef90c8b3e2581603a878fc2c410262123d6240a330d4ddb5f97
85,56,0.01064,0x2601102783f0dbbb6629ee9872d61d139a27592a,2017-10-20T13:48:26.000Z,0.00019,0xbbab400ed56179fc0a099f844fb9764d6593e630,sell,0x0abefb7611cb3a01ea3fad85f33c3c934f8e2cf4,0x59c95fba00c9acb2d244ded67e0ecd0cbc447e6accdfc11c3a7fc2863d7d1683
86,4913.15,0.6485358,0xbbab400ed56179fc0a099f844fb9764d6593e630,2017-10-19T12:27:27.000Z,0.000132,0x544296641691a156ba8f6e34e5e8d0438c3d0a7f,buy,0x0abefb7611cb3a01ea3fad85f33c3c934f8e2cf4,0x06960ee19bb3801797786f6be11553da79e8af7377cc0abf590d435b3af7f3d4
87,1,0.00033,0x3ac636ac5c3a2576156ac5f10066ca68abe0ad54,2017-10-18T21:30:18.000Z,0.00033,0xfebed3f7333f028aaf315e7aa6bddf28da95f853,buy,0x0abefb7611cb3a01ea3fad85f33c3c934f8e2cf4,0x1633aadfd5ed4c90527268e31a15a6b3911120ff0ac8c4de9081f388011c4e94
88,1,0.000100001,0x88ab4b0c9c3060f87d9068784db13da74bf9cfb1,2017-10-18T15:43:46.000Z,0.000100001,0xed35a97f2d8ecdcd865560dff4c97cc47d6f98fc,sell,0x0abefb7611cb3a01ea3fad85f33c3c934f8e2cf4,0x1f2fd08637daaff52621cad5d41bec25f32b7082ed6f7e3af9dad3d5aed5d96e
89,1.6666666666666667,0.0005,0x379374d13077e8867ef31803c37baf9785a17c00,2017-10-18T15:14:18.000Z,0.0003,0xbc360671093dfb7b55e8c8b9ef3cfd7f070c988a,buy,0x0abefb7611cb3a01ea3fad85f33c3c934f8e2cf4,0xe9b0ed4150a9e0dacb743984277c0a3f874926e6e21ac4f867fde710cb9985b4
90,1.6666666666666667,0.0005,0xf9695cd65d6dfdf257fab76a3eb0cb8f001971cc,2017-10-18T15:13:37.000Z,0.0003,0xbc360671093dfb7b55e8c8b9ef3cfd7f070c988a,buy,0x0abefb7611cb3a01ea3fad85f33c3c934f8e2cf4,0x9e76e9c7e83a4567d454c885035eefb1efc061bb1961281812a929509d46b2ed
91,150,0.015,0xed35a97f2d8ecdcd865560dff4c97cc47d6f98fc,2017-10-18T08:06:47.000Z,0.0001,0xed35a97f2d8ecdcd865560dff4c97cc47d6f98fc,sell,0x0abefb7611cb3a01ea3fad85f33c3c934f8e2cf4,0x82130d67f6bdf12132b761a5266c310e41ea5412e4f27c452fbf72cb33b99c8d
92,100,0.01,0xed35a97f2d8ecdcd865560dff4c97cc47d6f98fc,2017-10-18T08:05:20.000Z,0.0001,0xed35a97f2d8ecdcd865560dff4c97cc47d6f98fc,sell,0x0abefb7611cb3a01ea3fad85f33c3c934f8e2cf4,0x41ea86eaf0aad53826c30b8dc3de810fec1c543e3d4ac14bae3a033f66ed7164
93,3,0.0009,0x636d925f140f761f7a0e600db2177dd068ddada1,2017-10-18T06:06:01.000Z,0.0003,0xbc360671093dfb7b55e8c8b9ef3cfd7f070c988a,buy,0x0abefb7611cb3a01ea3fad85f33c3c934f8e2cf4,0x3ae769d3021df17022fac7e60dcdc65420f56a8a747c2bc26a08afc32accbf7d
94,1.5625,0.0005,0x16e5d97bbc92417e051e3b2cabfbf8ceea2acb9c,2017-10-17T17:43:42.000Z,0.00032,0x0ae2d2b3a41f08ea2674178a6ea95a916aef0e6b,buy,0x0abefb7611cb3a01ea3fad85f33c3c934f8e2cf4,0x90144b839b7569a0c44effbefb17ce07304d208ed747ef158cf64f5e11dc359a
95,1.5151515151515151,0.0005,0x42c24a83bded723edfdf5883bc7efb30bc1a1bf3,2017-10-17T15:35:04.000Z,0.00033,0xfebed3f7333f028aaf315e7aa6bddf28da95f853,buy,0x0abefb7611cb3a01ea3fad85f33c3c934f8e2cf4,0x3a6a7b8077e6d5b5792fb7d30f1a9b18a1cced6604bc3ff67d1991346b399cac
96,43.635,0.0130905,0x1bb2d3f6f9b1b7acb25290ac5e9f2007a1af713b,2017-10-17T09:38:46.000Z,0.0003,0xbc360671093dfb7b55e8c8b9ef3cfd7f070c988a,buy,0x0abefb7611cb3a01ea3fad85f33c3c934f8e2cf4,0x75500512be34df07acb93ff21f4ed7fafc93b4825ef08e2998e94d529308f4e9
97,300,0.102,0x1bb2d3f6f9b1b7acb25290ac5e9f2007a1af713b,2017-10-17T09:36:15.000Z,0.00034,0xbc360671093dfb7b55e8c8b9ef3cfd7f070c988a,buy,0x0abefb7611cb3a01ea3fad85f33c3c934f8e2cf4,0xce4102d9af4eaa95d76232658ae1871cb2a07084f70d0ad41ef3d3db7c0da0c7
98,19691.825970597445,4.529119973237412,0x1bb2d3f6f9b1b7acb25290ac5e9f2007a1af713b,2017-10-17T09:32:54.000Z,0.00023,0x1451dbe4304a60b5b25b4d98b355effd440417af,buy,0x0abefb7611cb3a01ea3fad85f33c3c934f8e2cf4,0x561e5e23cf9bece423a85ca99df8a3b21826475de23a018a9b7ee708fd9d7a67
99,2.1739130434782608,0.0005,0xcd912af5286dc0b0a23edb30209734ecb60838b3,2017-10-17T05:18:47.000Z,0.00023,0x1451dbe4304a60b5b25b4d98b355effd440417af,buy,0x0abefb7611cb3a01ea3fad85f33c3c934f8e2cf4,0xc39592f57ee792025a4360baa90b0bd3be7e7aa8db0a9e6bc4752471f8805121
100,0.000116009999998743,1.0092869999890641,0x94b3cb093cd75012b2ae563e24be687bbc8f77e1,2017-10-16T19:31:11.000Z,8700,0xfe423f6b9b3aa093cc08831d9b106027f97e132e,sell,0x0abefb7611cb3a01ea3fad85f33c3c934f8e2cf4,0xb77655aed0baea6caa8eb39589727626118206ba8360df2b718a390a979f770a
101,0.000116359077230434,0.000000026762587763,0xfe423f6b9b3aa093cc08831d9b106027f97e132e,2017-10-16T19:31:11.000Z,0.00023000000000000155,0x1451dbe4304a60b5b25b4d98b355effd440417af,buy,0x0abefb7611cb3a01ea3fad85f33c3c934f8e2cf4,0xb77655aed0baea6caa8eb39589727626118206ba8360df2b718a390a979f770a
102,2929,0.8787,0x4c621c48402d5b53ecf7cf1c68a680ad7f0cbaa7,2017-10-15T16:17:15.000Z,0.0003,0x62759fbe35a4ea9c7ff723e63ec9172a5bd033ca,buy,0x0abefb7611cb3a01ea3fad85f33c3c934f8e2cf4,0xb439219c3d539e1eaa1445b5d20e7f4a0f3555e53cc49e11ca244f0a0402903c
103,3541,0.7082,0x4c621c48402d5b53ecf7cf1c68a680ad7f0cbaa7,2017-10-15T16:15:31.000Z,0.0002,0xbc038b240ee697dba09accec51de849b66af77df,buy,0x0abefb7611cb3a01ea3fad85f33c3c934f8e2cf4,0x05a706e31bfc24471dc06bb8f77cca0ff5236f0c48dffb893319429b5a72a8b2
104,995.126,0.208977455126,0x0b2de009825eac9a347868b44349aa32e91ef81f,2017-10-14T06:36:06.000Z,0.000210001,0xe83fb620e04f0f74db6c7b48f59f66255ab50bf9,sell,0x0abefb7611cb3a01ea3fad85f33c3c934f8e2cf4,0x58351064cdbc415f670f988d66c92074395f0d7bb48dee453b21e494c4372fd3
105,1.1,0.00040568,0x58319288a01eff24620ee5237315f9e1e9dc0e36,2017-10-12T19:55:34.000Z,0.0003688,0xc0c7f32948f3a71080f7fe9bb93170a20c80bf52,buy,0x0abefb7611cb3a01ea3fad85f33c3c934f8e2cf4,0x07aae2abf0745081e3a4e2666d22de7530c2cafd75d106f3245101485c066ea4
106,100,0.022,0xed35a97f2d8ecdcd865560dff4c97cc47d6f98fc,2017-10-11T23:12:09.000Z,0.00022,0xed35a97f2d8ecdcd865560dff4c97cc47d6f98fc,sell,0x0abefb7611cb3a01ea3fad85f33c3c934f8e2cf4,0x7f3a9c8cc75fce4b6ccf2302bef299ab503d15aa425eccc8b867dd6543d91b64
107,100,0.007,0xed35a97f2d8ecdcd865560dff4c97cc47d6f98fc,2017-10-11T13:24:03.000Z,0.00007,0xed35a97f2d8ecdcd865560dff4c97cc47d6f98fc,sell,0x0abefb7611cb3a01ea3fad85f33c3c934f8e2cf4,0xed1625366174e35927062f738c9ed710a8a1f8a42b4eb82ca4db5b6d7b46f777
108,4.873890938091915,0.00102352197089024,0x0b2de009825eac9a347868b44349aa32e91ef81f,2017-10-11T04:40:29.000Z,0.00021000099999999994,0x90c9b37e81ff85a529e545f09a21182c362fa848,sell,0x0abefb7611cb3a01ea3fad85f33c3c934f8e2cf4,0xba051205f15ebf442e771db658e417c6a51656eb3886bd3b3ba73d114d595330
109,73.998,0.01666656954,0x5d5065b42bdee0274e394ba9042c21e1818c69cf,2017-10-10T13:32:09.000Z,0.00022523,0xed35a97f2d8ecdcd865560dff4c97cc47d6f98fc,sell,0x0abefb7611cb3a01ea3fad85f33c3c934f8e2cf4,0x5fac4d2847239c8060d845ea6f02379a1e7b8ad01ee51c59c6b37f0102f02d71
110,1000,0.385,0x4c621c48402d5b53ecf7cf1c68a680ad7f0cbaa7,2017-10-10T03:56:41.000Z,0.000385,0xed35a97f2d8ecdcd865560dff4c97cc47d6f98fc,buy,0x0abefb7611cb3a01ea3fad85f33c3c934f8e2cf4,0x9d72e305b4445fb5e2b7e93de0a68220af398ecffc2b90078053beb046df5470
111,100,0.036,0x4c621c48402d5b53ecf7cf1c68a680ad7f0cbaa7,2017-10-10T03:44:14.000Z,0.00036,0xbc360671093dfb7b55e8c8b9ef3cfd7f070c988a,buy,0x0abefb7611cb3a01ea3fad85f33c3c934f8e2cf4,0x876f9c0af816385c84ddcf2e61701e6a2a586aaeaa576f39e48537feac22ebf7
112,100,0.035,0x4c621c48402d5b53ecf7cf1c68a680ad7f0cbaa7,2017-10-10T03:36:34.000Z,0.00035,0xbc360671093dfb7b55e8c8b9ef3cfd7f070c988a,buy,0x0abefb7611cb3a01ea3fad85f33c3c934f8e2cf4,0x70b609539195c4a610d95c5a55f2b425dc11ff6a6203dd4391c5094cebc7d481
113,350,0.08757,0x0ae2d2b3a41f08ea2674178a6ea95a916aef0e6b,2017-10-10T00:01:55.000Z,0.0002502,0xbc360671093dfb7b55e8c8b9ef3cfd7f070c988a,sell,0x0abefb7611cb3a01ea3fad85f33c3c934f8e2cf4,0xad8c39c9970ad7d11352a4e407c4c255d1963628f54d4818581d5bcfae531a52
114,105,0.027321,0x0ae2d2b3a41f08ea2674178a6ea95a916aef0e6b,2017-10-10T00:00:06.000Z,0.0002602,0xbc360671093dfb7b55e8c8b9ef3cfd7f070c988a,sell,0x0abefb7611cb3a01ea3fad85f33c3c934f8e2cf4,0x745352bd98ceb06e37522d394f30af3d18b78a9fe5d19f994a92630343408c74
115,1000,0.251,0xacba24578577004624344761f641a710800ee012,2017-10-09T06:26:25.000Z,0.000251,0x90c9b37e81ff85a529e545f09a21182c362fa848,sell,0x0abefb7611cb3a01ea3fad85f33c3c934f8e2cf4,0x32b94c050f9c85448741d9c79170bc1c79f04b51df9d9c3a1ad7a98fb8c0f432
116,2400,0.6024024,0x7af82a2f5f1611068034d133962b26b4ac7f902a,2017-10-09T06:24:21.000Z,0.000251001,0x90c9b37e81ff85a529e545f09a21182c362fa848,sell,0x0abefb7611cb3a01ea3fad85f33c3c934f8e2cf4,0x72957a1e4b83ec5ce059f999ea3be7e2af2a111b3361c3b8af16dc9aa608ac45
117,823.0086731133487,0.2141476797527664,0xed35a97f2d8ecdcd865560dff4c97cc47d6f98fc,2017-10-09T01:32:56.000Z,0.000260201,0xe83fb620e04f0f74db6c7b48f59f66255ab50bf9,sell,0x0abefb7611cb3a01ea3fad85f33c3c934f8e2cf4,0xd1fac9ab1612cb6212b3bfb577fbaea4c529e1fe8d17d5173740acc1e3619cdf
118,176.9913268866514,0.046053320247233576,0xed35a97f2d8ecdcd865560dff4c97cc47d6f98fc,2017-10-09T01:20:56.000Z,0.000260201,0xe83fb620e04f0f74db6c7b48f59f66255ab50bf9,sell,0x0abefb7611cb3a01ea3fad85f33c3c934f8e2cf4,0x59ce980f388dfa1fe1be132360a5d27eade1e4134ab2f56d6c505d52889f5e48
119,820,0.205,0xa7c66d7e2869f72710c87a4d461a990321359861,2017-10-08T18:55:09.000Z,0.00025,0xe83fb620e04f0f74db6c7b48f59f66255ab50bf9,sell,0x0abefb7611cb3a01ea3fad85f33c3c934f8e2cf4,0x8d666498102ebd311e787aceb58ce2e93097ecdb154dc358925f0ec890727c2d
120,199,0.08955,0x27849f835bb345a26dffbfa7a8863c387b546730,2017-10-06T20:54:19.000Z,0.00045,0xed35a97f2d8ecdcd865560dff4c97cc47d6f98fc,buy,0x0abefb7611cb3a01ea3fad85f33c3c934f8e2cf4,0xcdfc8a81f555be3bfa4f79504f20507d02a28f8d6e4f0c75bb72b0d001b204e6
121,99.69095803010667,0.022231083640713786,0xed35a97f2d8ecdcd865560dff4c97cc47d6f98fc,2017-10-06T20:41:08.000Z,0.000223,0x00eb8a5198b0769b22175a6d9c52d99e295af2c8,sell,0x0abefb7611cb3a01ea3fad85f33c3c934f8e2cf4,0xaea4a4abeb92dd0cffb767a336337fc7bf74334e63a3a8e3d64550d69ee34858
122,1,0.00045,0x6cdea8e07bf82d7a07dbf36642d6e5be8623845c,2017-10-06T11:28:15.000Z,0.00045,0xed35a97f2d8ecdcd865560dff4c97cc47d6f98fc,buy,0x0abefb7611cb3a01ea3fad85f33c3c934f8e2cf4,0x05b7fb11c9854b2d46b85a0100a967ab1cfaab67ddb08284ba986a28efc2d709
123,50,0.01995,0xa7c66d7e2869f72710c87a4d461a990321359861,2017-10-05T17:19:09.000Z,0.000399,0xed35a97f2d8ecdcd865560dff4c97cc47d6f98fc,buy,0x0abefb7611cb3a01ea3fad85f33c3c934f8e2cf4,0xc378e1348e2a0020f1396ccb42fe7e3603d06f29480bdb0feb4c8fe382cdabb3
124,100,0.04,0xa7c66d7e2869f72710c87a4d461a990321359861,2017-10-05T17:19:09.000Z,0.0004,0xed35a97f2d8ecdcd865560dff4c97cc47d6f98fc,buy,0x0abefb7611cb3a01ea3fad85f33c3c934f8e2cf4,0x6d3ba79e5d16b6efa57d1613bb634bc6e350e4b29658439df70b6e7f34dbefa4
125,900,0.3555,0xed35a97f2d8ecdcd865560dff4c97cc47d6f98fc,2017-10-04T13:19:11.000Z,0.000395,0x3e246d0453d08ea726a39560ede13551bb73dfb4,buy,0x0abefb7611cb3a01ea3fad85f33c3c934f8e2cf4,0x55fec165c1ff1e64a8df4a39a2bf56a2c8b36863c8e63f806d75849007043869
126,140.909,0.05495451,0xed35a97f2d8ecdcd865560dff4c97cc47d6f98fc,2017-10-04T13:17:42.000Z,0.00039,0x3e246d0453d08ea726a39560ede13551bb73dfb4,buy,0x0abefb7611cb3a01ea3fad85f33c3c934f8e2cf4,0x0c340b03c588c6be3873323e2eb3bc7f644bb85dd3e3b9a87b9d52c390ddc863
127,9.091,0.00900009,0xbb362d8453a7770550c6fafdc35426bbf4e41d3a,2017-10-04T02:55:56.000Z,0.00099,0x3e246d0453d08ea726a39560ede13551bb73dfb4,buy,0x0abefb7611cb3a01ea3fad85f33c3c934f8e2cf4,0xa5a908ef61bb30f8815ef6a1b4a45da168d8898e58a7f4f7a1d747e418355377
128,100,0.098,0xbb362d8453a7770550c6fafdc35426bbf4e41d3a,2017-10-04T02:48:52.000Z,0.00098,0x3e246d0453d08ea726a39560ede13551bb73dfb4,buy,0x0abefb7611cb3a01ea3fad85f33c3c934f8e2cf4,0x7ce5d496292e86fc8234aceb4b64385fa01db39aaa1c36aafe5f5aca58cb3da7
129,91.272,0.0730176,0xbb362d8453a7770550c6fafdc35426bbf4e41d3a,2017-10-04T02:48:03.000Z,0.0008,0x3e246d0453d08ea726a39560ede13551bb73dfb4,buy,0x0abefb7611cb3a01ea3fad85f33c3c934f8e2cf4,0x495ef07445d7f2c30c3482e2e1241fa3cfc4922158ee5010be096969fecf1012
130,8.727937804457648,0.006982350243566118,0xbb362d8453a7770550c6fafdc35426bbf4e41d3a,2017-10-04T02:03:24.000Z,0.0008,0x3e246d0453d08ea726a39560ede13551bb73dfb4,buy,0x0abefb7611cb3a01ea3fad85f33c3c934f8e2cf4,0xeb976bed2fb6aea9879e3fa1dd789cfe037c5e8c1046aee25871e3101d299e10
131,966,0.33327,0xa7c66d7e2869f72710c87a4d461a990321359861,2017-10-03T23:58:42.000Z,0.000345,0xed35a97f2d8ecdcd865560dff4c97cc47d6f98fc,buy,0x0abefb7611cb3a01ea3fad85f33c3c934f8e2cf4,0xc455d99231f01814bac2c003576eccc169440f73a76a13482b8c65799694cc64
132,1,0.000345,0x0249924245a19aa2d7f5ddb0739a7132b7d094ab,2017-10-03T20:49:04.000Z,0.000345,0xed35a97f2d8ecdcd865560dff4c97cc47d6f98fc,buy,0x0abefb7611cb3a01ea3fad85f33c3c934f8e2cf4,0xb6704512908f4a9c5f52e6bb0d6a48a4ed0cd7d942e72401bbe64f78eb078ff2
133,747.107,0.2582591259423,0x50f0d99ef32186ddd372bcc39e5fc62d57b8fd7b,2017-10-03T18:45:46.000Z,0.0003456789,0x3e246d0453d08ea726a39560ede13551bb73dfb4,buy,0x0abefb7611cb3a01ea3fad85f33c3c934f8e2cf4,0xa6d5e72a144534ebaee4bc49dd9afd499fc3e280e7e96c3ce706f5fab2ffa1e2
134,100,0.033,0xb628e7db5e78f305fe5e5e102d56db9e77c028d2,2017-10-03T18:06:38.000Z,0.00033,0xed35a97f2d8ecdcd865560dff4c97cc47d6f98fc,sell,0x0abefb7611cb3a01ea3fad85f33c3c934f8e2cf4,0x270fe56720debe2f83e07215fbed4143dacee22a4fed5b2d0242ad0c6053cefe
135,900,0.297,0xb628e7db5e78f305fe5e5e102d56db9e77c028d2,2017-10-03T17:57:31.000Z,0.00033,0xed35a97f2d8ecdcd865560dff4c97cc47d6f98fc,buy,0x0abefb7611cb3a01ea3fad85f33c3c934f8e2cf4,0x5161b549d20f958f421537d0f7bdc238f8598e6a0104af6702162b2c51dcdc96
136,100,0.033,0xb8186b97012530dceadc931136bf6cc7e4237f10,2017-10-03T16:20:18.000Z,0.00033,0xed35a97f2d8ecdcd865560dff4c97cc47d6f98fc,buy,0x0abefb7611cb3a01ea3fad85f33c3c934f8e2cf4,0x673a0a17b596f32f726907232efe24c5b6f7e3ffcf824108982a259b605fea65
137,10,0.001,0x2126a604190d8a3485e20778473df338513278e3,2017-10-03T13:43:48.000Z,0.0001,0xed35a97f2d8ecdcd865560dff4c97cc47d6f98fc,buy,0x0abefb7611cb3a01ea3fad85f33c3c934f8e2cf4,0xe4af2c295279cd4217c36a0669306d826c40cbb02df6970fd9820e70af635e08
138,0.00000208686004985,0.0208686004985,0x84077ee164f70f43b02e97f8926aa4572d1af2fa,2017-10-03T13:40:51.000Z,10000,0x483b43ad3ffac4d887daed5c1fa9dae7bce3bf73,sell,0x0abefb7611cb3a01ea3fad85f33c3c934f8e2cf4,0xa000842c269954d406f4f5cac8327bb94a1db8d2c317c56724ea21da52f52d25
139,0.00000209312063,0.000000000209312063,0x483b43ad3ffac4d887daed5c1fa9dae7bce3bf73,2017-10-03T13:40:51.000Z,0.0001,0xed35a97f2d8ecdcd865560dff4c97cc47d6f98fc,buy,0x0abefb7611cb3a01ea3fad85f33c3c934f8e2cf4,0xa000842c269954d406f4f5cac8327bb94a1db8d2c317c56724ea21da52f52d25
140,0.000098,0.0000000098,0x483b43ad3ffac4d887daed5c1fa9dae7bce3bf73,2017-10-03T13:40:03.000Z,0.0001,0xed35a97f2d8ecdcd865560dff4c97cc47d6f98fc,buy,0x0abefb7611cb3a01ea3fad85f33c3c934f8e2cf4,0x1e2417083030d9c2e36e9460c3830bfd8b1a7efd4acf010886415b675b4fce8a
141,0.000097706879361914,0.97706879361914,0x84077ee164f70f43b02e97f8926aa4572d1af2fa,2017-10-03T13:40:03.000Z,10000,0x483b43ad3ffac4d887daed5c1fa9dae7bce3bf73,sell,0x0abefb7611cb3a01ea3fad85f33c3c934f8e2cf4,0x1e2417083030d9c2e36e9460c3830bfd8b1a7efd4acf010886415b675b4fce8a
142,2.893,0.0010000490577,0xcdd53f530ab4fb824fc9f2a321f3c001b4a710cc,2017-10-03T13:39:38.000Z,0.0003456789,0x3e246d0453d08ea726a39560ede13551bb73dfb4,buy,0x0abefb7611cb3a01ea3fad85f33c3c934f8e2cf4,0xd8a9475362a78aa1536f65fa377d74147ef7b2b3d334fdd620f5579efce00f41
143,1189.8,0.108402678,0x0798b665cbc5d353c67c1a69892e7776fe5b25b8,2017-10-03T13:28:52.000Z,0.00009111,0x3e246d0453d08ea726a39560ede13551bb73dfb4,buy,0x0abefb7611cb3a01ea3fad85f33c3c934f8e2cf4,0x615ae855930b452822a67b26f196e515c6320d1e62dc81a648ae89023d6989f7
144,600,0.05088,0xdec76e4d681f22e2cd77903e172b07af7e334c66,2017-10-03T13:04:21.000Z,0.0000848,0x3e246d0453d08ea726a39560ede13551bb73dfb4,buy,0x0abefb7611cb3a01ea3fad85f33c3c934f8e2cf4,0x95733f46c0b9e561df72b881d996140bec2a23f8b00b88a5b2ba7812fb54b3d9
145,1800,0.16425,0xdec76e4d681f22e2cd77903e172b07af7e334c66,2017-10-03T13:00:39.000Z,0.00009125,0x3e246d0453d08ea726a39560ede13551bb73dfb4,buy,0x0abefb7611cb3a01ea3fad85f33c3c934f8e2cf4,0xfb207efef187bc2dc9b129c23e8d43ce1761ba76bb49670e7cd36858ddbf4c41
146,600,0.05088,0x71e012cd6eb1029fc3f871d29ac20aee83803755,2017-10-03T12:56:55.000Z,0.0000848,0x3e246d0453d08ea726a39560ede13551bb73dfb4,sell,0x0abefb7611cb3a01ea3fad85f33c3c934f8e2cf4,0x6c000a8ffd24f7429a177845611f39e1db616e2f4ddc9b144f44b542ac87a672
147,1000,0.085,0x2abd94b8ee46ccefbd200f5f289749d285a05858,2017-10-03T12:51:55.000Z,0.000085,0x3e246d0453d08ea726a39560ede13551bb73dfb4,sell,0x0abefb7611cb3a01ea3fad85f33c3c934f8e2cf4,0xf3f48ee2f4d8b92b2d4bba44c849006488d3ef21e543dbe2515899f1da55af9a
148,1800,0.16425,0x71e012cd6eb1029fc3f871d29ac20aee83803755,2017-10-03T12:43:55.000Z,0.00009125,0x3e246d0453d08ea726a39560ede13551bb73dfb4,sell,0x0abefb7611cb3a01ea3fad85f33c3c934f8e2cf4,0x0d5c5539c3cfb100b6535d6794235af790882ede2ad9b9c434831deb9e3123ea
149,15,0.0012225,0x0024a5046fd95c5eee6db19a69ef7ed3bacd50f1,2017-10-03T11:19:40.000Z,0.0000815,0x3e246d0453d08ea726a39560ede13551bb73dfb4,buy,0x0abefb7611cb3a01ea3fad85f33c3c934f8e2cf4,0x25c74e6927e10283d587514b672fe9e9b349de124be0d9ef76f0332ffa7682b3
150,750,0.06075,0xed35a97f2d8ecdcd865560dff4c97cc47d6f98fc,2017-10-03T05:45:20.000Z,0.000081,0x3e246d0453d08ea726a39560ede13551bb73dfb4,buy,0x0abefb7611cb3a01ea3fad85f33c3c934f8e2cf4,0x395b7ff10b2efd7fdc42d235408d566f9abfebab56d35d6075b3311cfc19599c
151,328.2667656311791,0.02484158748913948,0xed35a97f2d8ecdcd865560dff4c97cc47d6f98fc,2017-10-03T05:19:55.000Z,0.000075675,0x3e246d0453d08ea726a39560ede13551bb73dfb4,buy,0x0abefb7611cb3a01ea3fad85f33c3c934f8e2cf4,0xb1c61d2020bcaeb919181d0de77ede6b01cca8f53107c160c3d82e95e04d24d6
152,1846.0912343688208,0.1397029541608605,0xa7c66d7e2869f72710c87a4d461a990321359861,2017-10-03T04:52:13.000Z,0.000075675,0x3e246d0453d08ea726a39560ede13551bb73dfb4,buy,0x0abefb7611cb3a01ea3fad85f33c3c934f8e2cf4,0xb511bcbfbabecd72322fc290ceae0200f47f66663d9198f1476e6f565eabd1f9
153,1000,0.08,0xed35a97f2d8ecdcd865560dff4c97cc47d6f98fc,2017-10-02T18:42:41.000Z,0.00008,0x3e246d0453d08ea726a39560ede13551bb73dfb4,buy,0x0abefb7611cb3a01ea3fad85f33c3c934f8e2cf4,0x631fd268bbcd92cc3b39eb40d36ef152cdf4ee92c7cd33b396e82c7f338f8faa
