,amount,amountBase,buyer,date,price,seller,side,tokenAddr,txHash
0,0.11,0.0005,0x4fda9e6bcd83af6c5cc771b5d20accc2b7720074,2017-11-02T10:14:49.000Z,0.004545454545454545,0x527e6009e17c7e85ca8c3912accd8f0e12b89e2b,buy,0xa578acc0cb7875781b7880903f4594d13cfa8b98,0xb78e8b827c17b6f07deb2e9c944d44767662af92681d60fbd2216a59d8265515
1,0.11,0.0005,0x3075f7f189912f4f425dd7021b9c396434197477,2017-11-02T10:02:58.000Z,0.004545454545454545,0x527e6009e17c7e85ca8c3912accd8f0e12b89e2b,buy,0xa578acc0cb7875781b7880903f4594d13cfa8b98,0xa21e7da3b1774afaf0a1ad1f170d3628b8426e25fe259da8c11d05f1f64a763d
2,0.01,0.00006,0x6cdea8e07bf82d7a07dbf36642d6e5be8623845c,2017-10-30T13:02:19.000Z,0.006,0xe1e1d0d73eeb29d0632bc4c7871bfc74dbed0741,buy,0xa578acc0cb7875781b7880903f4594d13cfa8b98,0xcc78b845e61495bcebcb2754893957421ecf1f67966db8315d039e96d4cb8715
3,200,0.3622,0xe1e1d0d73eeb29d0632bc4c7871bfc74dbed0741,2017-10-30T07:20:29.000Z,0.001811,0x7098391625c7faeb427187b3a41c7be2afe02caa,sell,0xa578acc0cb7875781b7880903f4594d13cfa8b98,0x9010c816991db3fcc96c88544d4c99ad70d38f3a2c02dd9bdb6db85ea8487b07
4,30,0.057,0x1b2ba681893d2b2e301e095303a419b9c2c2bbaf,2017-10-30T07:20:29.000Z,0.0019,0x7098391625c7faeb427187b3a41c7be2afe02caa,sell,0xa578acc0cb7875781b7880903f4594d13cfa8b98,0x466456e7f12115369ef7197f7c8a5203652cc8b56b5b92f5d2143f6e54b69b81
5,0.07,0.0005,0xe444a40689f51f63bcd29910622035707d533d29,2017-10-28T21:44:39.000Z,0.007142857142857143,0x53c94cda76964134d336a4bba634830d39e88a2a,buy,0xa578acc0cb7875781b7880903f4594d13cfa8b98,0x929dcb3a974e57995293c41930df7a91da4cc0142ee5ae17efe81ca8bb0f9756
6,0.07,0.0005,0x34f9560c63078eb61872a4dc2ccd20e21c34feaf,2017-10-28T21:44:39.000Z,0.007142857142857143,0x53c94cda76964134d336a4bba634830d39e88a2a,buy,0xa578acc0cb7875781b7880903f4594d13cfa8b98,0x563e9f6a1a916172013d3a6985cc69c0f1b74ccdfa9615514bb0d555817e92c1
7,0.07,0.0005,0x34f9560c63078eb61872a4dc2ccd20e21c34feaf,2017-10-28T20:26:32.000Z,0.007142857142857143,0x53c94cda76964134d336a4bba634830d39e88a2a,buy,0xa578acc0cb7875781b7880903f4594d13cfa8b98,0xd3add9bf5f99ac95ee355196c791417594c5ee7fa8d0707cd4c9ed86a2ff9257
8,0.07,0.0005,0xe444a40689f51f63bcd29910622035707d533d29,2017-10-28T20:20:11.000Z,0.007142857142857143,0x53c94cda76964134d336a4bba634830d39e88a2a,buy,0xa578acc0cb7875781b7880903f4594d13cfa8b98,0x14fc7a79cc9c9e79340ec681a4024007ded46175a1b3b5817ecab04a1c5e287c
9,50,0.2,0x2b94e08d9eb99428d36b5a8a1c9c5e116c5db7f0,2017-10-28T15:55:53.000Z,0.004,0x4d75687b5e9ee87abb070d047d01ef44cb8fa764,buy,0xa578acc0cb7875781b7880903f4594d13cfa8b98,0x524bcd9cc9745aee83c6c3433f15b3ffe904723854e939a611a7383952add7b1
10,50,0.2,0x4d75687b5e9ee87abb070d047d01ef44cb8fa764,2017-10-28T15:51:41.000Z,0.004,0x2b94e08d9eb99428d36b5a8a1c9c5e116c5db7f0,buy,0xa578acc0cb7875781b7880903f4594d13cfa8b98,0xdc592db849e89df6c7197e989a1daba10459ff4e01bb1cd3c592f151be3b5c1a
11,50,0.3,0xe1e1d0d73eeb29d0632bc4c7871bfc74dbed0741,2017-10-27T15:03:55.000Z,0.006,0x1fdf047bf7a114b37e7936d01e9cad754ad18803,buy,0xa578acc0cb7875781b7880903f4594d13cfa8b98,0xadba53222cc60013487974aa813aa27796ed7a3239c3366aa370369eaa704ba7
12,305,2.562,0x32c91fbfa0b276dc8a9d7a8332b2ddf5bbb7ff7a,2017-10-25T16:15:31.000Z,0.0084,0xc8790a0bff976b39d119b8dc47c3e0f6574fe1c8,buy,0xa578acc0cb7875781b7880903f4594d13cfa8b98,0x7f88b5bbaeadedd5a1667cd9059740e2d0f65a75b501e2c3b3cf70306e8587d4
13,360,2.16,0xc8790a0bff976b39d119b8dc47c3e0f6574fe1c8,2017-10-25T16:09:09.000Z,0.006,0x32c91fbfa0b276dc8a9d7a8332b2ddf5bbb7ff7a,buy,0xa578acc0cb7875781b7880903f4594d13cfa8b98,0xf46e4ba35f955bd2a0115b9f5c69391bd7c9ae4edbb9478ed91cf434ba6c2ba2
14,197,1.687502,0x32c91fbfa0b276dc8a9d7a8332b2ddf5bbb7ff7a,2017-10-25T16:02:21.000Z,0.008566,0xc8790a0bff976b39d119b8dc47c3e0f6574fe1c8,buy,0xa578acc0cb7875781b7880903f4594d13cfa8b98,0x05dd12b955edc953cebea1217573c133a3b9bc7b5277da8f76ad4434d401d79b
15,242,2.056758,0xc8790a0bff976b39d119b8dc47c3e0f6574fe1c8,2017-10-25T15:56:28.000Z,0.008499,0x32c91fbfa0b276dc8a9d7a8332b2ddf5bbb7ff7a,buy,0xa578acc0cb7875781b7880903f4594d13cfa8b98,0x36957ca564589bbbb53cb3a0fb94598e63275bd77fb383c9a99f5fb717c34606
16,14.95,0.08729305,0x53c94cda76964134d336a4bba634830d39e88a2a,2017-10-22T17:54:05.000Z,0.005839,0x74f355aeddfe000c50701d15594e37af63fddaa4,sell,0xa578acc0cb7875781b7880903f4594d13cfa8b98,0x8a321a690f0fbcbae374bf7a29913dd6a63f7a07488122f8f0606f96ecab127c
17,2.85,0.01664685,0x5d5065b42bdee0274e394ba9042c21e1818c69cf,2017-10-19T07:37:02.000Z,0.005841,0x1fdf047bf7a114b37e7936d01e9cad754ad18803,sell,0xa578acc0cb7875781b7880903f4594d13cfa8b98,0x526e2c550cb1b8bb26183cdb59ed1101b5b417e90ba540c279c8a63acace255d
18,10,0.059,0x27849f835bb345a26dffbfa7a8863c387b546730,2017-10-18T21:51:38.000Z,0.0059,0x1fdf047bf7a114b37e7936d01e9cad754ad18803,buy,0xa578acc0cb7875781b7880903f4594d13cfa8b98,0xb808e893a4f9a866f1fe43f0871d9434d9a7bcb8150138346e7e3a0dd6580533
19,1,0.008,0x3ac636ac5c3a2576156ac5f10066ca68abe0ad54,2017-10-18T19:38:14.000Z,0.008,0x1df85a87066c945050ee25fbc35995d2bbfa3e38,buy,0xa578acc0cb7875781b7880903f4594d13cfa8b98,0xcfcb28aa59680ce2e8e5ee90e439e02ff5422a00ccba9ec688c20fa0bf4f1ba6
20,0.08,0.0005,0xf9695cd65d6dfdf257fab76a3eb0cb8f001971cc,2017-10-18T15:59:21.000Z,0.00625,0x1fdf047bf7a114b37e7936d01e9cad754ad18803,buy,0xa578acc0cb7875781b7880903f4594d13cfa8b98,0x2c5427d1978f06dd243738832479f5d38525e911d1457097e04762d30d02bc71
21,0.08,0.0005,0x379374d13077e8867ef31803c37baf9785a17c00,2017-10-18T15:56:56.000Z,0.00625,0x1fdf047bf7a114b37e7936d01e9cad754ad18803,buy,0xa578acc0cb7875781b7880903f4594d13cfa8b98,0x2c6f5e40fc0120c9162cc0228d4d90cda21bd0f706ff9a304125a86f6602412f
22,0.08,0.0005,0x16e5d97bbc92417e051e3b2cabfbf8ceea2acb9c,2017-10-18T15:42:24.000Z,0.00625,0x1fdf047bf7a114b37e7936d01e9cad754ad18803,buy,0xa578acc0cb7875781b7880903f4594d13cfa8b98,0x6d9245043420ef45e7685b1fff3b3656b591d43ca3c81ad61fafa9b1e4d513d1
23,0.08,0.0005,0x379374d13077e8867ef31803c37baf9785a17c00,2017-10-18T15:12:31.000Z,0.00625,0x1fdf047bf7a114b37e7936d01e9cad754ad18803,buy,0xa578acc0cb7875781b7880903f4594d13cfa8b98,0xcc3bc89988a03749922700ddacfba2370325f3bff55a536963dd176cfb16bcbf
24,0.08,0.0005,0xf9695cd65d6dfdf257fab76a3eb0cb8f001971cc,2017-10-18T15:11:35.000Z,0.00625,0x1fdf047bf7a114b37e7936d01e9cad754ad18803,buy,0xa578acc0cb7875781b7880903f4594d13cfa8b98,0xa923f69526d03b05938562be7e515b4567ff345dce40e036777b30c3ea46346d
25,0.2,0.00118,0x651d0d350d41cf4d629635e17dd1df95aa886cd4,2017-10-18T14:54:05.000Z,0.0059,0x1fdf047bf7a114b37e7936d01e9cad754ad18803,buy,0xa578acc0cb7875781b7880903f4594d13cfa8b98,0xd0ca187ab59ad77c558de576b2b6723d7c35f69b9adbdbeb3d2e3bc5e18e2b3a
26,0.08,0.0005,0xcd912af5286dc0b0a23edb30209734ecb60838b3,2017-10-17T21:47:26.000Z,0.00625,0x1fdf047bf7a114b37e7936d01e9cad754ad18803,buy,0xa578acc0cb7875781b7880903f4594d13cfa8b98,0xa290ec91d0b8784b0b17c27aa8be7586ea09910a1d32e89636ff24c8e7a83410
27,0.08,0.0005,0x16e5d97bbc92417e051e3b2cabfbf8ceea2acb9c,2017-10-17T17:30:29.000Z,0.00625,0x1fdf047bf7a114b37e7936d01e9cad754ad18803,buy,0xa578acc0cb7875781b7880903f4594d13cfa8b98,0x93ae9d4c4fb8665ceef34afe8e42c5d61dc8d72d40df1394f62936a47f661c4f
28,0.08,0.0005,0xcd912af5286dc0b0a23edb30209734ecb60838b3,2017-10-17T05:11:17.000Z,0.00625,0x1fdf047bf7a114b37e7936d01e9cad754ad18803,buy,0xa578acc0cb7875781b7880903f4594d13cfa8b98,0x6da769c933e11523899c324ed35eea95a9f3715815d4f08bae58a78ce1a37ce7
29,1,0.0059,0xdd3b7b82caa14a588410caa5e37bc9c9c02f27ce,2017-10-10T08:07:24.000Z,0.0059,0x1fdf047bf7a114b37e7936d01e9cad754ad18803,buy,0xa578acc0cb7875781b7880903f4594d13cfa8b98,0x57901572e018c58794e002655c28675967112943b0a3eaf1ffff5b67ad2c972d
30,99,0.99,0x32c91fbfa0b276dc8a9d7a8332b2ddf5bbb7ff7a,2017-10-09T22:33:49.000Z,0.01,0xc8790a0bff976b39d119b8dc47c3e0f6574fe1c8,buy,0xa578acc0cb7875781b7880903f4594d13cfa8b98,0x73c7a982e14c09edb4137e0982ca8e5b633af5c4de975ea5bee9330fe9f9cc8a
31,410,5.289,0x32c91fbfa0b276dc8a9d7a8332b2ddf5bbb7ff7a,2017-10-09T22:27:39.000Z,0.0129,0xc8790a0bff976b39d119b8dc47c3e0f6574fe1c8,buy,0xa578acc0cb7875781b7880903f4594d13cfa8b98,0xc8e0a7257d01808304393c3625669e0e9889a92fc94921e69b4e729e51eeeecf
32,543,6.32595,0xc8790a0bff976b39d119b8dc47c3e0f6574fe1c8,2017-10-09T21:56:24.000Z,0.01165,0x32c91fbfa0b276dc8a9d7a8332b2ddf5bbb7ff7a,buy,0xa578acc0cb7875781b7880903f4594d13cfa8b98,0xabf05428ab4222000bc0d7c1ab635a6ce20e217e718c43397b42740405370ffc
33,560,5.6,0x32c91fbfa0b276dc8a9d7a8332b2ddf5bbb7ff7a,2017-10-09T21:40:05.000Z,0.01,0xc8790a0bff976b39d119b8dc47c3e0f6574fe1c8,buy,0xa578acc0cb7875781b7880903f4594d13cfa8b98,0x07fd56bee2465d06f12871a5abfbb48cd47c53c1296561d17b08c5fffcad2d19
34,234,2.9952,0xc8790a0bff976b39d119b8dc47c3e0f6574fe1c8,2017-10-09T21:35:45.000Z,0.0128,0x32c91fbfa0b276dc8a9d7a8332b2ddf5bbb7ff7a,buy,0xa578acc0cb7875781b7880903f4594d13cfa8b98,0xadee87c3f01c81cafab2b36acab91d28ebff3c8db11a20b360b54486756ff83a
35,255,2.575505355,0xc8790a0bff976b39d119b8dc47c3e0f6574fe1c8,2017-10-09T21:26:51.000Z,0.010100021,0x32c91fbfa0b276dc8a9d7a8332b2ddf5bbb7ff7a,buy,0xa578acc0cb7875781b7880903f4594d13cfa8b98,0x2e8afa63cc7d6f73f69bdd1f8c3eeaf279b100bbfeefc01e4ea69c7e54541f47
36,43.96,0.25497893681043127,0xfe423f6b9b3aa093cc08831d9b106027f97e132e,2017-10-09T21:13:17.000Z,0.005800248790046208,0xe849d8b1b6714554d5019b40280e95209db356ea,buy,0xa578acc0cb7875781b7880903f4594d13cfa8b98,0xb4dcc4de7052095397c4ed90cb209912d0bd99999c351d80083780faeed12a5e
37,85.43,0.495494,0x5ae933bfbbaa04c3e05ae56295138174ada9799c,2017-10-09T21:13:17.000Z,0.0058,0xe849d8b1b6714554d5019b40280e95209db356ea,buy,0xa578acc0cb7875781b7880903f4594d13cfa8b98,0x7d8ee34aef4953cab9a6d7f8ccb5d9f2cd1810089de49f53a9125a24fb5903a5
38,43.82,0.381234,0xc8790a0bff976b39d119b8dc47c3e0f6574fe1c8,2017-10-09T21:13:17.000Z,0.0087,0xfe423f6b9b3aa093cc08831d9b106027f97e132e,sell,0xa578acc0cb7875781b7880903f4594d13cfa8b98,0xb4dcc4de7052095397c4ed90cb209912d0bd99999c351d80083780faeed12a5e
39,85.17,0.740979,0xc8790a0bff976b39d119b8dc47c3e0f6574fe1c8,2017-10-09T21:13:17.000Z,0.0087,0x5ae933bfbbaa04c3e05ae56295138174ada9799c,sell,0xa578acc0cb7875781b7880903f4594d13cfa8b98,0x7d8ee34aef4953cab9a6d7f8ccb5d9f2cd1810089de49f53a9125a24fb5903a5
40,60,0.348,0xf4c8afc7816444991714c27cf2d1f4af7c2a329a,2017-10-09T21:05:55.000Z,0.0058,0xe849d8b1b6714554d5019b40280e95209db356ea,buy,0xa578acc0cb7875781b7880903f4594d13cfa8b98,0xb4e9da93d04ff174d8d096c0c58d08d75aacffb19ab26afdcd05138fe827c941
41,656,6.5600656,0x32c91fbfa0b276dc8a9d7a8332b2ddf5bbb7ff7a,2017-10-09T20:36:57.000Z,0.0100001,0xc8790a0bff976b39d119b8dc47c3e0f6574fe1c8,buy,0xa578acc0cb7875781b7880903f4594d13cfa8b98,0x5d05b2ca54b41c6b8a18273e1e64ce1b9fb1c14938b7d1cbad4762b5b706079a
42,405,4.090508505,0xc8790a0bff976b39d119b8dc47c3e0f6574fe1c8,2017-10-09T17:46:43.000Z,0.010100021,0x32c91fbfa0b276dc8a9d7a8332b2ddf5bbb7ff7a,buy,0xa578acc0cb7875781b7880903f4594d13cfa8b98,0x7d3c7fc25133983f32d469bcda769745f0b3e4113280dbbbcfa22d6558aa47d9
43,140,1.456000014,0x32c91fbfa0b276dc8a9d7a8332b2ddf5bbb7ff7a,2017-10-09T16:52:18.000Z,0.0104000001,0xc8790a0bff976b39d119b8dc47c3e0f6574fe1c8,buy,0xa578acc0cb7875781b7880903f4594d13cfa8b98,0xb61886ca43e0799f91c1cdea55a8dabe818c21a519ae1cecaded2956fa438d2c
44,300,3.3000003,0x32c91fbfa0b276dc8a9d7a8332b2ddf5bbb7ff7a,2017-10-09T16:49:21.000Z,0.011000001,0xc8790a0bff976b39d119b8dc47c3e0f6574fe1c8,buy,0xa578acc0cb7875781b7880903f4594d13cfa8b98,0xa15c8b7d9ef29af8b0f20288d5928c1a2725200bf1517cfb48cabc167687b704
45,600,6.600066,0xc8790a0bff976b39d119b8dc47c3e0f6574fe1c8,2017-10-09T16:18:35.000Z,0.01100011,0x32c91fbfa0b276dc8a9d7a8332b2ddf5bbb7ff7a,buy,0xa578acc0cb7875781b7880903f4594d13cfa8b98,0xbedc2d7f7859865636f42c1c508153dce687395b1eb5f8c267ffa1783abd6b6a
46,60,0.60600066,0xc8790a0bff976b39d119b8dc47c3e0f6574fe1c8,2017-10-09T16:03:46.000Z,0.010100011,0x32c91fbfa0b276dc8a9d7a8332b2ddf5bbb7ff7a,buy,0xa578acc0cb7875781b7880903f4594d13cfa8b98,0xb25ee06d435380b6a23fcdb28f4122f29f90c491e4d6d377dac15deb11dc8c95
47,300,3.030297,0x32c91fbfa0b276dc8a9d7a8332b2ddf5bbb7ff7a,2017-10-09T16:03:46.000Z,0.01010099,0xc8790a0bff976b39d119b8dc47c3e0f6574fe1c8,buy,0xa578acc0cb7875781b7880903f4594d13cfa8b98,0xece8d8c990a576a95c8d58605336e991002510c09933dee8026e6d2241ec16f2
48,280,3.550092,0x32c91fbfa0b276dc8a9d7a8332b2ddf5bbb7ff7a,2017-10-09T15:54:56.000Z,0.0126789,0xc8790a0bff976b39d119b8dc47c3e0f6574fe1c8,buy,0xa578acc0cb7875781b7880903f4594d13cfa8b98,0x3fc0f71021d97b697a14747a232569824217866da7c12796edc585b35d9354a1
49,80,1.014312,0x32c91fbfa0b276dc8a9d7a8332b2ddf5bbb7ff7a,2017-10-09T15:54:39.000Z,0.0126789,0xc8790a0bff976b39d119b8dc47c3e0f6574fe1c8,buy,0xa578acc0cb7875781b7880903f4594d13cfa8b98,0xe0aa260f7e7972f16a2a93842a9eba6c4e742e4451c87a73e22c8abc2026d4ae
50,620,7.75,0xc8790a0bff976b39d119b8dc47c3e0f6574fe1c8,2017-10-09T15:23:46.000Z,0.0125,0x32c91fbfa0b276dc8a9d7a8332b2ddf5bbb7ff7a,buy,0xa578acc0cb7875781b7880903f4594d13cfa8b98,0xfab41bd3ff3a66a6f0d521a7f30e6257014a839740647bfe2c388b199233f4f8
51,633,7.9125,0xc9a53a83d35eb75de8b6e06e663438ded9b73092,2017-10-09T15:04:09.000Z,0.0125,0xc8790a0bff976b39d119b8dc47c3e0f6574fe1c8,buy,0xa578acc0cb7875781b7880903f4594d13cfa8b98,0x5c2daf9cc67beaa420dea365314c8939e203cd99f2b0d562a05e255387de8618
52,284.02,1.42009999971598,0x3fd6275b9ce2d5ef126582c5adcc12c823bbab79,2017-10-05T06:02:23.000Z,0.004999999999,0xbcce870909b3dbbe28f744f69b080dbdeeb7748a,buy,0xa578acc0cb7875781b7880903f4594d13cfa8b98,0x19d1ac829cae55a9b9c925988da71f9f9043ab22dff8d39b88d1c997a5ffe616
53,1000,5,0x3fd6275b9ce2d5ef126582c5adcc12c823bbab79,2017-10-05T05:59:46.000Z,0.005,0xda9e349a44b9d8ae6774a97bf04f8ace3d69f6d5,buy,0xa578acc0cb7875781b7880903f4594d13cfa8b98,0x13d536504d36ffcb8afda00d5a47e1953a0da5e5a95f0c563eeab1e53ca04e3d
54,1,0.004999999999,0x3ad8e841a1ac30864088107677c999d4ce9351f8,2017-10-05T04:09:39.000Z,0.004999999999,0xbcce870909b3dbbe28f744f69b080dbdeeb7748a,buy,0xa578acc0cb7875781b7880903f4594d13cfa8b98,0xbdd1861f42adf515152a8b8a642cc6338c28314bda86db90a19f83675eb30961
55,15,0.074999999985,0x74f355aeddfe000c50701d15594e37af63fddaa4,2017-10-03T19:09:31.000Z,0.004999999999,0xbcce870909b3dbbe28f744f69b080dbdeeb7748a,buy,0xa578acc0cb7875781b7880903f4594d13cfa8b98,0xecf279c2b981fb7d447571c2d7a56ddd7d5f2da8739005b99eeb7111000e1a9f
56,1090,5.341,0x6aa9e4e9fccc9f341dcfb6da402b523870202eb1,2017-09-29T00:28:51.000Z,0.0049,0xa9de8e6ab6c84b24f8ef4808cbf5946d63e87cf0,sell,0xa578acc0cb7875781b7880903f4594d13cfa8b98,0x59057f823a91c7818a7906b26b2f80b745d10eec8df0938a4ab62e4985ae2a53
57,300,1.5,0x1fdf047bf7a114b37e7936d01e9cad754ad18803,2017-09-28T23:50:27.000Z,0.005,0xa9de8e6ab6c84b24f8ef4808cbf5946d63e87cf0,sell,0xa578acc0cb7875781b7880903f4594d13cfa8b98,0x38dd6f940f0b8e46b48568e67cf361cb7eb59458c841281ab24241c02701a0e4
58,550,2.695,0x6aa9e4e9fccc9f341dcfb6da402b523870202eb1,2017-09-28T18:22:51.000Z,0.0049,0xa9de8e6ab6c84b24f8ef4808cbf5946d63e87cf0,sell,0xa578acc0cb7875781b7880903f4594d13cfa8b98,0xb5dd54500274f1bebbd93ed1f2606716e1a72885e1f07a0e5541f9bc725ec607
59,35,0.17185,0xd98a3954353055ab642c9159c7f3b25dac2dc29b,2017-09-28T17:52:23.000Z,0.00491,0xa9de8e6ab6c84b24f8ef4808cbf5946d63e87cf0,sell,0xa578acc0cb7875781b7880903f4594d13cfa8b98,0x2e81b620c74c1e64212161341ee23b4acca0b3cf1df8ecf96800f523b3d765a1
60,150.01,0.990064439896,0xbcce870909b3dbbe28f744f69b080dbdeeb7748a,2017-09-28T12:15:33.000Z,0.0065999896,0x32c91fbfa0b276dc8a9d7a8332b2ddf5bbb7ff7a,sell,0xa578acc0cb7875781b7880903f4594d13cfa8b98,0x59497075f88f0a436b3a02ca74df00863119ef9f2df3b475856b19f9bfead6cd
61,1,0.0066999,0x0249924245a19aa2d7f5ddb0739a7132b7d094ab,2017-09-28T08:55:09.000Z,0.0066999,0xc8790a0bff976b39d119b8dc47c3e0f6574fe1c8,buy,0xa578acc0cb7875781b7880903f4594d13cfa8b98,0x85efad116d3162fac59fc4a3f87319495bcd7baa36f86801ec28bd0ae236a2e6
62,0.33,0.001749,0x32c91fbfa0b276dc8a9d7a8332b2ddf5bbb7ff7a,2017-09-28T05:49:18.000Z,0.0053,0xa9de8e6ab6c84b24f8ef4808cbf5946d63e87cf0,sell,0xa578acc0cb7875781b7880903f4594d13cfa8b98,0x1c524f75469ff28404f3938dc9ccf3dedde3cbb8fb318e6b186ff0fc837c2910
63,1,0.0067,0xa0be78d2bac6a692adba423c7af50ec86a18bddf,2017-09-28T05:36:18.000Z,0.0067,0x2743c671e946906bf356e6a591d5f9d881d5e3be,buy,0xa578acc0cb7875781b7880903f4594d13cfa8b98,0xc3bffb6bea94e34a6208edbd56d3d7cee5d398e049b290ba22d0ca8cffdc6d1a
64,100,0.4,0x1df85a87066c945050ee25fbc35995d2bbfa3e38,2017-09-28T03:32:56.000Z,0.004,0xa9de8e6ab6c84b24f8ef4808cbf5946d63e87cf0,sell,0xa578acc0cb7875781b7880903f4594d13cfa8b98,0xc0d9782d4db67b4f7aaa3736d6f9396e81744e3ebe4e5d518e8ce5f393df3c96
65,4600,22.4434,0xc8790a0bff976b39d119b8dc47c3e0f6574fe1c8,2017-09-28T01:19:28.000Z,0.004879,0x2b94e08d9eb99428d36b5a8a1c9c5e116c5db7f0,sell,0xa578acc0cb7875781b7880903f4594d13cfa8b98,0x2e7a9b52bf917e253c1098417d32df9e3f94745d41e6f34b45515623aeb2e0eb
66,286,1.4014,0x754898b44356e10ae6ec2be889b92b0f9c8f2088,2017-09-28T00:51:58.000Z,0.0049,0xa9de8e6ab6c84b24f8ef4808cbf5946d63e87cf0,sell,0xa578acc0cb7875781b7880903f4594d13cfa8b98,0x1403e2b26d2192451726b725bec80ece3e765b5521fb59534b9e5ef6f49e2adb
67,14,0.0686,0x754898b44356e10ae6ec2be889b92b0f9c8f2088,2017-09-27T17:58:34.000Z,0.0049,0xa9de8e6ab6c84b24f8ef4808cbf5946d63e87cf0,sell,0xa578acc0cb7875781b7880903f4594d13cfa8b98,0xd428e78c0d2d66f82056df1493c6a985720213ce1ee3de2c8116faceb3c5db4a
68,400,1.9516,0xc8790a0bff976b39d119b8dc47c3e0f6574fe1c8,2017-09-27T13:50:45.000Z,0.004879,0xa9de8e6ab6c84b24f8ef4808cbf5946d63e87cf0,sell,0xa578acc0cb7875781b7880903f4594d13cfa8b98,0x03220cd2b11478293628a6cb3ad33240351e8b712b32483bddcd78e18aee0187
69,129,0.629391129,0xb5c2e24c419753f34ce10552add66ce0476cb76b,2017-09-27T11:59:05.000Z,0.004879001,0xa9de8e6ab6c84b24f8ef4808cbf5946d63e87cf0,sell,0xa578acc0cb7875781b7880903f4594d13cfa8b98,0x36a7fe697a49ef1411b96948e26cb072a8b1c68607371875ec017e8ecf36026b
70,500,2.4395,0xc8790a0bff976b39d119b8dc47c3e0f6574fe1c8,2017-09-27T08:32:17.000Z,0.004879,0xa9de8e6ab6c84b24f8ef4808cbf5946d63e87cf0,sell,0xa578acc0cb7875781b7880903f4594d13cfa8b98,0x86b6a2d7c4192b5fa7dbfae393e67596ef517276b162de9eaaba8b4d8afeb17b
71,17,0.085,0xd15176e25921d147665e5703c53be2bf546ba4a3,2017-09-27T08:31:59.000Z,0.005,0xa9de8e6ab6c84b24f8ef4808cbf5946d63e87cf0,sell,0xa578acc0cb7875781b7880903f4594d13cfa8b98,0x473fb1c7380f510261d170c3b2b30c976a199f1b54d062f84aa713c68500a152
72,18,0.0918,0x754f3bea1495eb8aa3eee27f61a75e372f4426b6,2017-09-27T08:31:06.000Z,0.0051,0xa9de8e6ab6c84b24f8ef4808cbf5946d63e87cf0,sell,0xa578acc0cb7875781b7880903f4594d13cfa8b98,0xa2bf9d46db0c98ac0080638bc72257968739032375c9eb0e0642be92da14f361
73,500,2.45,0x754898b44356e10ae6ec2be889b92b0f9c8f2088,2017-09-27T04:08:52.000Z,0.0049,0x2b94e08d9eb99428d36b5a8a1c9c5e116c5db7f0,sell,0xa578acc0cb7875781b7880903f4594d13cfa8b98,0x0a280d35b8114590745838fdbcad5eaacf8322a338e2afdbbc458476c68e3786
74,500,2.5,0xc8790a0bff976b39d119b8dc47c3e0f6574fe1c8,2017-09-27T02:07:10.000Z,0.005,0x2b94e08d9eb99428d36b5a8a1c9c5e116c5db7f0,sell,0xa578acc0cb7875781b7880903f4594d13cfa8b98,0x923f1dd3f1f6d8c77402f0aae792fc029bf34c89c8e12c94546d4b9b242732db
75,1000,5,0xc8790a0bff976b39d119b8dc47c3e0f6574fe1c8,2017-09-27T00:09:03.000Z,0.005,0xa9de8e6ab6c84b24f8ef4808cbf5946d63e87cf0,sell,0xa578acc0cb7875781b7880903f4594d13cfa8b98,0x2f37c495f1bf8b7d8e3344f9f8ffe4ec68ea91b7ade47f523786007c5e1e4cbd
76,700,3.5,0xc8790a0bff976b39d119b8dc47c3e0f6574fe1c8,2017-09-26T17:02:34.000Z,0.005,0xa9de8e6ab6c84b24f8ef4808cbf5946d63e87cf0,sell,0xa578acc0cb7875781b7880903f4594d13cfa8b98,0xbfa52ae61a352d5c81e3a66d80bc88c853d786ece25c35c543f1b5fddfc8b563
77,500,2.5,0x754898b44356e10ae6ec2be889b92b0f9c8f2088,2017-09-26T15:20:40.000Z,0.005,0xe849d8b1b6714554d5019b40280e95209db356ea,sell,0xa578acc0cb7875781b7880903f4594d13cfa8b98,0x1f5842ed45e979aaa099cf736a5df1005d5eb9e4784295dd0c7d39690b06d188
78,21,0.110292,0x0c5442b8ec4bea6f0509f062b5d63e692fb54743,2017-09-26T12:51:31.000Z,0.005252,0xa9de8e6ab6c84b24f8ef4808cbf5946d63e87cf0,sell,0xa578acc0cb7875781b7880903f4594d13cfa8b98,0x3878c13e8313e08de76f5a5dc6e5df5af2ddcda43c9e3649ee4faf31d358b044
79,102.45,0.53274,0x754898b44356e10ae6ec2be889b92b0f9c8f2088,2017-09-26T11:02:38.000Z,0.0052,0xa9de8e6ab6c84b24f8ef4808cbf5946d63e87cf0,sell,0xa578acc0cb7875781b7880903f4594d13cfa8b98,0xbcfa4437bf352bb72e9dcd77917de4a78bb932ee3222d49e96c0b08f98c85d59
80,300,1.566,0x754898b44356e10ae6ec2be889b92b0f9c8f2088,2017-09-26T09:28:03.000Z,0.00522,0xa9de8e6ab6c84b24f8ef4808cbf5946d63e87cf0,sell,0xa578acc0cb7875781b7880903f4594d13cfa8b98,0x7021a2f049de92ba039c22e4fae58eb2e624b7777c6d233592549fa9c4103932
81,2,0.01064,0xd35e393e125d0fdd037e6447f71ca47acc0f8e0a,2017-09-26T08:28:17.000Z,0.00532,0xa9de8e6ab6c84b24f8ef4808cbf5946d63e87cf0,sell,0xa578acc0cb7875781b7880903f4594d13cfa8b98,0x64b9d4d831e8860c851ac49edf2cc8342745f92e2f65add65d505d287c1dcc10
82,230,1.20773,0x754f3bea1495eb8aa3eee27f61a75e372f4426b6,2017-09-26T01:51:59.000Z,0.005251,0xe849d8b1b6714554d5019b40280e95209db356ea,sell,0xa578acc0cb7875781b7880903f4594d13cfa8b98,0x61fad7d3192e39f1cf56629041806595c7636d05b9982ca8d621a0c634f9dfa5
83,150,0.79500006,0xbcce870909b3dbbe28f744f69b080dbdeeb7748a,2017-09-26T01:43:32.000Z,0.0053000004,0xe849d8b1b6714554d5019b40280e95209db356ea,sell,0xa578acc0cb7875781b7880903f4594d13cfa8b98,0x0990287ab6a27f7c23eb228f2cc4c40a210f6b5bc6c0868b2259a640624ce079
84,0.08,0.0005,0xc886b21b865e7c90432d9b8bdb14ad254f2232f5,2017-09-25T18:44:49.000Z,0.00625,0xd35e393e125d0fdd037e6447f71ca47acc0f8e0a,buy,0xa578acc0cb7875781b7880903f4594d13cfa8b98,0xa1bc699932c242edd8e446628dee8f3007043a110b3c8a5183dee5c462f5562c
85,0.08,0.0005,0xe37bd4d49c619e748d4efe74525489d26b6aff43,2017-09-25T16:37:35.000Z,0.00625,0xd35e393e125d0fdd037e6447f71ca47acc0f8e0a,buy,0xa578acc0cb7875781b7880903f4594d13cfa8b98,0xa918bd7fdd9ef7b511c5b6fad966037c2e714247fe2f17bd9da2f6718c497c46
86,485,2.54625,0xd35e393e125d0fdd037e6447f71ca47acc0f8e0a,2017-09-25T07:38:21.000Z,0.00525,0xa9de8e6ab6c84b24f8ef4808cbf5946d63e87cf0,sell,0xa578acc0cb7875781b7880903f4594d13cfa8b98,0x20167598c3ae6b3416bd88f32861082691e3a3e30be47fa9ba7990a07d1b807a
87,0.07,0.0005,0xc886b21b865e7c90432d9b8bdb14ad254f2232f5,2017-09-25T04:09:35.000Z,0.007142857142857143,0xe849d8b1b6714554d5019b40280e95209db356ea,buy,0xa578acc0cb7875781b7880903f4594d13cfa8b98,0xfa5db51618cf25ec301d58b964f12447cf4b00b6d545d27d39db65672e557a9d
88,0.07,0.0005,0xe37bd4d49c619e748d4efe74525489d26b6aff43,2017-09-25T04:04:16.000Z,0.007142857142857143,0xe849d8b1b6714554d5019b40280e95209db356ea,buy,0xa578acc0cb7875781b7880903f4594d13cfa8b98,0xed0f47bbd559a7d84eea69a5912a2276b945b672501533cff04afeea1ec08f19
89,0.07,0.0005,0x160506e5a5ce5dadd43623689f53d5aa1f288f0f,2017-09-25T02:28:11.000Z,0.007142857142857143,0xe849d8b1b6714554d5019b40280e95209db356ea,buy,0xa578acc0cb7875781b7880903f4594d13cfa8b98,0xb67751652c59418ef9b4cf3757cd8acaf0fab446c70d139ebe093263b5126669
90,0.07,0.0005,0x23ee598e50ff1b1bde1022bf3c8a41d4c23321a0,2017-09-25T00:18:16.000Z,0.007142857142857143,0xe849d8b1b6714554d5019b40280e95209db356ea,buy,0xa578acc0cb7875781b7880903f4594d13cfa8b98,0x6fe40558a460927f6c3882dc0f8b32339b88c9e276b5899fdacc06748a9761d4
91,0.07,0.0005,0xe5a759eb3e214ff0a2bbbea31acc41c9bf27b239,2017-09-25T00:10:07.000Z,0.007142857142857143,0xe849d8b1b6714554d5019b40280e95209db356ea,buy,0xa578acc0cb7875781b7880903f4594d13cfa8b98,0x330eeae1f783b5f206597585fcbd2dfd5d313f2ad7b07c40f5ba52057e5af262
92,0.07,0.0005,0x160506e5a5ce5dadd43623689f53d5aa1f288f0f,2017-09-24T23:43:42.000Z,0.007142857142857143,0xe849d8b1b6714554d5019b40280e95209db356ea,buy,0xa578acc0cb7875781b7880903f4594d13cfa8b98,0xb88ff02c155fc1babde993aa6d36701ffcbf71c30f48016969b328fdc50e45fa
93,397.55,2.06726,0x754898b44356e10ae6ec2be889b92b0f9c8f2088,2017-09-24T14:47:03.000Z,0.0052,0x1fdf047bf7a114b37e7936d01e9cad754ad18803,sell,0xa578acc0cb7875781b7880903f4594d13cfa8b98,0x5fc0d431e3ee4a6cea2fa5d80217357c100b8ba40e29d904f03f5b3e93b4f676
94,0.25,0.001575,0xc12ca201a331ffd2b2681be817292c3e0171c16b,2017-09-24T12:33:05.000Z,0.0063,0xe849d8b1b6714554d5019b40280e95209db356ea,buy,0xa578acc0cb7875781b7880903f4594d13cfa8b98,0xfe4d577f0c33dc87e8af95a964c6bab3b97530358f231e2e3f13ecafc66487b3
95,0.07,0.0005,0x3bfdec5343e950ce45522eef9948c977631b4000,2017-09-24T10:18:14.000Z,0.007142857142857143,0x1fdf047bf7a114b37e7936d01e9cad754ad18803,buy,0xa578acc0cb7875781b7880903f4594d13cfa8b98,0x9239cd3c1d87aec1c2a8d1087c3e6f3232739f2aab23661bd2f0e4a676ffe882
96,0.07,0.0005,0xc22f5ab4f1591613a92b4d172cc7f4e4a5af58cd,2017-09-24T00:01:16.000Z,0.007142857142857143,0xe849d8b1b6714554d5019b40280e95209db356ea,buy,0xa578acc0cb7875781b7880903f4594d13cfa8b98,0x66017685f8becba5543f06c81e54b2813e5e8a65c16884ec08518bbf49ca74ac
97,0.07,0.0005,0x452b06f1c61cff4c9bebaa405319a7c3b12553a2,2017-09-23T23:56:26.000Z,0.007142857142857143,0xe849d8b1b6714554d5019b40280e95209db356ea,buy,0xa578acc0cb7875781b7880903f4594d13cfa8b98,0xd87de5a94c83203f810e383d82d474d238e49db3d17f276fe5c72aadd1a9b181
98,0.07,0.0005,0x2ba19ec4bcd5ae8de66b110bde5ebf41092bd02f,2017-09-23T23:44:21.000Z,0.007142857142857143,0xe849d8b1b6714554d5019b40280e95209db356ea,buy,0xa578acc0cb7875781b7880903f4594d13cfa8b98,0xda176d6bc2fcd648a369d7c6ae24f1eccdd519820f14aa058831fee6319eb1dd
99,0.07,0.0005,0xc22f5ab4f1591613a92b4d172cc7f4e4a5af58cd,2017-09-23T23:28:12.000Z,0.007142857142857143,0xe849d8b1b6714554d5019b40280e95209db356ea,buy,0xa578acc0cb7875781b7880903f4594d13cfa8b98,0x4857eabd7c8e72e1e85288cd05bbc8d77f740f894ecb8880d1c7fc73107eb391
100,0.07,0.0005,0x452b06f1c61cff4c9bebaa405319a7c3b12553a2,2017-09-23T23:28:12.000Z,0.007142857142857143,0xe849d8b1b6714554d5019b40280e95209db356ea,buy,0xa578acc0cb7875781b7880903f4594d13cfa8b98,0x4936a47d448a51dab24281479aea3359e9cccb9f6a687a774dfaa1386775648e
101,0.07,0.0005,0x2ba19ec4bcd5ae8de66b110bde5ebf41092bd02f,2017-09-23T19:17:59.000Z,0.007142857142857143,0xe849d8b1b6714554d5019b40280e95209db356ea,buy,0xa578acc0cb7875781b7880903f4594d13cfa8b98,0x3d5a488f453922e265a1d4ddbcb2714e334f20e89ccd7879743665c0871a12c5
102,0.07,0.0005,0x18a902dc44442205b4ba2b1dc038e67506d22c55,2017-09-23T19:13:04.000Z,0.007142857142857143,0xe849d8b1b6714554d5019b40280e95209db356ea,buy,0xa578acc0cb7875781b7880903f4594d13cfa8b98,0xd4a592a0229103298bc466deb75bc4711e4fe751e5cbffe664c566c862ffb16d
103,0.07,0.0005,0xd868b838b5de79f1e540b5d83c9e9a3d0b3810cd,2017-09-23T18:52:39.000Z,0.007142857142857143,0xe849d8b1b6714554d5019b40280e95209db356ea,buy,0xa578acc0cb7875781b7880903f4594d13cfa8b98,0xff31c820ae6d3330e4a6f74ade7bf844868836678375046b86fc1230011b5cad
104,0.07,0.0005,0x18a902dc44442205b4ba2b1dc038e67506d22c55,2017-09-23T16:13:11.000Z,0.007142857142857143,0x1fdf047bf7a114b37e7936d01e9cad754ad18803,buy,0xa578acc0cb7875781b7880903f4594d13cfa8b98,0x200bdfb19c78f1794207cd14b18c9dacf40c5fe77b2978e2980e9796beb81cde
105,0.07,0.0005,0xd868b838b5de79f1e540b5d83c9e9a3d0b3810cd,2017-09-23T16:00:24.000Z,0.007142857142857143,0x1fdf047bf7a114b37e7936d01e9cad754ad18803,buy,0xa578acc0cb7875781b7880903f4594d13cfa8b98,0xa2baa825e0b61771d4fdca952029b8714c8557d2f9cbc2a7c6779560daf01853
106,55.46,0.354944,0x83466e34d0756692de3e9c3942226decd27b1721,2017-09-23T15:57:03.000Z,0.0064,0x32c91fbfa0b276dc8a9d7a8332b2ddf5bbb7ff7a,sell,0xa578acc0cb7875781b7880903f4594d13cfa8b98,0xd08f61b2adaa8c0fc94b3ee8c24fa29ec207aa2d18de28233d8b5fd39298abee
107,2195,14.048,0x83466e34d0756692de3e9c3942226decd27b1721,2017-09-23T15:52:23.000Z,0.0064,0xc8790a0bff976b39d119b8dc47c3e0f6574fe1c8,sell,0xa578acc0cb7875781b7880903f4594d13cfa8b98,0xfe21eb1a44e4f5834326c80279f114a33d327b4cbbaf44d58da7e18b70c22425
108,400,2.556,0x0cdba021685f4da7767fd63e171662dc41f9df49,2017-09-23T14:34:25.000Z,0.00639,0xd35e393e125d0fdd037e6447f71ca47acc0f8e0a,buy,0xa578acc0cb7875781b7880903f4594d13cfa8b98,0xa6652a3011537d6293e8e8154c0308d1f2887e751e5713110b3c1b77f274e5eb
109,233,1.4679,0x0cdba021685f4da7767fd63e171662dc41f9df49,2017-09-23T14:33:15.000Z,0.0063,0xe849d8b1b6714554d5019b40280e95209db356ea,buy,0xa578acc0cb7875781b7880903f4594d13cfa8b98,0xa05aa368c8bf5ed4f882e2f57a78f1eb04021cfb5f1c4ccd2157a2a7717a3771
110,0.5,0.00315,0x18bc639218a3abdf0772a49c3c4ea2ee9148ddc4,2017-09-23T09:19:13.000Z,0.0063,0xe849d8b1b6714554d5019b40280e95209db356ea,buy,0xa578acc0cb7875781b7880903f4594d13cfa8b98,0x5cc776e5906a33fe90e3e3f309d97376cc30a340c241ae57e6965427988bf602
111,0.5,0.00315,0x636d925f140f761f7a0e600db2177dd068ddada1,2017-09-23T07:48:40.000Z,0.0063,0xe849d8b1b6714554d5019b40280e95209db356ea,buy,0xa578acc0cb7875781b7880903f4594d13cfa8b98,0x302cd3275e2138930ec75ef5479ba4c0335e9144ea40fc2a5a695f70f44b1366
112,65,0.338,0x888948ce019d6d2a4709256fbe15abc933059d3c,2017-09-23T06:22:43.000Z,0.0052,0xe849d8b1b6714554d5019b40280e95209db356ea,sell,0xa578acc0cb7875781b7880903f4594d13cfa8b98,0x92639109079502a1e578add08f148e9ef1d9ea4678f74a3ec4e7d847e809e318
113,400,2.08,0xd35e393e125d0fdd037e6447f71ca47acc0f8e0a,2017-09-23T04:24:48.000Z,0.0052,0xa9de8e6ab6c84b24f8ef4808cbf5946d63e87cf0,sell,0xa578acc0cb7875781b7880903f4594d13cfa8b98,0xfa9406562a2ff4ef63fcccd2c2a59679a2580770302d50e51f8c2bbbcec8e187
114,1,0.0064,0x0c3d0fc12a1ab89e3b00180bf9988762a44d69d4,2017-09-23T02:52:07.000Z,0.0064,0x1fdf047bf7a114b37e7936d01e9cad754ad18803,buy,0xa578acc0cb7875781b7880903f4594d13cfa8b98,0x1308f4e7012c25157693da75dfcd8683f42ec39e6f8169d5f568684e67c10012
115,1499,10.1932,0x32c91fbfa0b276dc8a9d7a8332b2ddf5bbb7ff7a,2017-09-22T14:07:57.000Z,0.0068,0xc8790a0bff976b39d119b8dc47c3e0f6574fe1c8,buy,0xa578acc0cb7875781b7880903f4594d13cfa8b98,0xf06aeba1c626722283356d87e4a2ed99124b791818c6fe929529af10c7768213
116,1500,10.275,0xc8790a0bff976b39d119b8dc47c3e0f6574fe1c8,2017-09-22T14:02:05.000Z,0.00685,0x32c91fbfa0b276dc8a9d7a8332b2ddf5bbb7ff7a,buy,0xa578acc0cb7875781b7880903f4594d13cfa8b98,0x63659f695595e297c7ff064099e93fc49cc6fe42b0085ddb2f9643981169d379
117,2301,15.6468,0x32c91fbfa0b276dc8a9d7a8332b2ddf5bbb7ff7a,2017-09-22T13:52:17.000Z,0.0068,0xc8790a0bff976b39d119b8dc47c3e0f6574fe1c8,buy,0xa578acc0cb7875781b7880903f4594d13cfa8b98,0xc7fb2bcba6a47988899196749b171a488c819ba835fc3e52a8a22f2f6e1efd79
118,1500,10.2,0xc8790a0bff976b39d119b8dc47c3e0f6574fe1c8,2017-09-22T13:46:30.000Z,0.0068,0x32c91fbfa0b276dc8a9d7a8332b2ddf5bbb7ff7a,buy,0xa578acc0cb7875781b7880903f4594d13cfa8b98,0x7505c78b89b08acda3ad7efff292db13a6afaac76e94267dee53e5e9944047fb
119,800,5.44,0xc8790a0bff976b39d119b8dc47c3e0f6574fe1c8,2017-09-22T13:46:05.000Z,0.0068,0x32c91fbfa0b276dc8a9d7a8332b2ddf5bbb7ff7a,buy,0xa578acc0cb7875781b7880903f4594d13cfa8b98,0x76cedb30f438827461166764efac09799df883b794d3137d551f044e466b8a0b
120,1,0.0052,0x888948ce019d6d2a4709256fbe15abc933059d3c,2017-09-22T08:15:03.000Z,0.0052,0x2b94e08d9eb99428d36b5a8a1c9c5e116c5db7f0,sell,0xa578acc0cb7875781b7880903f4594d13cfa8b98,0x3461a45aac5584751d6a73311b28ed6fa530d8db212a969e8ab2df47303c9ea0
121,0.07,0.0005,0x7ed2114439b24152cf18c02c10cae681a7ca2adc,2017-09-22T06:55:32.000Z,0.007142857142857143,0x3ad8e841a1ac30864088107677c999d4ce9351f8,buy,0xa578acc0cb7875781b7880903f4594d13cfa8b98,0xce68a451226081ca31e0757b53cef2989b51b3cdc7b057e0b3a01771ad49d717
122,0.07,0.0005,0x03dd03643b71b06642179afb38211c0f45699bc5,2017-09-22T06:38:27.000Z,0.007142857142857143,0x3ad8e841a1ac30864088107677c999d4ce9351f8,buy,0xa578acc0cb7875781b7880903f4594d13cfa8b98,0x7acf337c9fe3cb0584a85431a9802e617d6a5b5cddf190d68f094b39b6e5cac4
123,0.07,0.0005,0x8612d2a48328bbf318b856ed0daaa4a7034383d0,2017-09-22T06:16:33.000Z,0.007142857142857143,0x3ad8e841a1ac30864088107677c999d4ce9351f8,buy,0xa578acc0cb7875781b7880903f4594d13cfa8b98,0xd820949e96f4e15c435433821fbc93b6ce69995438331c47ce512cc5a3219a64
124,0.07,0.0005,0x10c12555236fa11fc988be565ab70c82a4660ecf,2017-09-22T06:05:29.000Z,0.007142857142857143,0x3ad8e841a1ac30864088107677c999d4ce9351f8,buy,0xa578acc0cb7875781b7880903f4594d13cfa8b98,0x2de198581faeddecd894f93901311235331800c12b61a85d502c2e5141542b14
125,0.07,0.0005,0x8f28b1970e72adb11173044ebc762800e3128238,2017-09-22T05:57:03.000Z,0.007142857142857143,0x3ad8e841a1ac30864088107677c999d4ce9351f8,buy,0xa578acc0cb7875781b7880903f4594d13cfa8b98,0xb4420594c71ef0f8088638cbd5c1db6c80bd57e7228db9fd438edee45585e149
126,0.07,0.0005,0x999dbc9673afdd6b6c140c261297f89de35ff1b3,2017-09-22T05:44:28.000Z,0.007142857142857143,0x3ad8e841a1ac30864088107677c999d4ce9351f8,buy,0xa578acc0cb7875781b7880903f4594d13cfa8b98,0xaf6599cd089e6e48ada694cab0f950780bf0a08d34a51e7a0d19c657ccb73ad5
127,0.07,0.0005,0x999dbc9673afdd6b6c140c261297f89de35ff1b3,2017-09-22T05:23:58.000Z,0.007142857142857143,0x3ad8e841a1ac30864088107677c999d4ce9351f8,buy,0xa578acc0cb7875781b7880903f4594d13cfa8b98,0x4761582376b5faaea7cc975419ace01f13e0d584111289c908a0dc6417a8d4cb
128,0.07,0.0005,0x8612d2a48328bbf318b856ed0daaa4a7034383d0,2017-09-22T05:08:25.000Z,0.007142857142857143,0x3ad8e841a1ac30864088107677c999d4ce9351f8,buy,0xa578acc0cb7875781b7880903f4594d13cfa8b98,0x5221ed470af7afccf8db1d99eddcb7b9f3572efd22e9e2cf940ed418e45cbf3c
129,0.07,0.0005,0x10c12555236fa11fc988be565ab70c82a4660ecf,2017-09-22T05:05:59.000Z,0.007142857142857143,0x3ad8e841a1ac30864088107677c999d4ce9351f8,buy,0xa578acc0cb7875781b7880903f4594d13cfa8b98,0x0d374eb90c819babb1ade8e2efc85221cbb7803e5d5614c0aff1cfbf1c52e5db
130,0.07,0.0005,0x8f28b1970e72adb11173044ebc762800e3128238,2017-09-22T04:56:32.000Z,0.007142857142857143,0x3ad8e841a1ac30864088107677c999d4ce9351f8,buy,0xa578acc0cb7875781b7880903f4594d13cfa8b98,0x9856f8567f57b3154ea64ce1312ec51a21bfff87511ea2e94ac4b40a05d38666
131,0.07,0.0005,0x7ed2114439b24152cf18c02c10cae681a7ca2adc,2017-09-22T04:54:48.000Z,0.007142857142857143,0x3ad8e841a1ac30864088107677c999d4ce9351f8,buy,0xa578acc0cb7875781b7880903f4594d13cfa8b98,0x1eea6694ba8d9e2af5137abde22fc6f40cad332667be9f083f4993df0b863dcf
132,0.07,0.0005,0x03dd03643b71b06642179afb38211c0f45699bc5,2017-09-22T04:40:31.000Z,0.007142857142857143,0x3ad8e841a1ac30864088107677c999d4ce9351f8,buy,0xa578acc0cb7875781b7880903f4594d13cfa8b98,0xb905c45ad0d18031ebf1fe24ac559de3fafba48210902193e035e12fe906bca0
133,0.15,0.000999,0x19b78488b79c6a45d4e060f05a2b35c4873f25c5,2017-09-21T22:54:53.000Z,0.00666,0x3ad8e841a1ac30864088107677c999d4ce9351f8,buy,0xa578acc0cb7875781b7880903f4594d13cfa8b98,0xdf8e05e42c1e71ef6e3c1515ad86949397bfc078d0471e12de038e511da2c305
134,700,4.759993,0x9975e617f296acfba7a994df6e8f2f53ec970c0f,2017-09-21T10:35:26.000Z,0.00679999,0xc8790a0bff976b39d119b8dc47c3e0f6574fe1c8,buy,0xa578acc0cb7875781b7880903f4594d13cfa8b98,0xb69d47817d6fd423fa6e3380b7b631db25b3dd818b55ec5b565af5a247621b31
135,60.28,0.307428006028,0xd15176e25921d147665e5703c53be2bf546ba4a3,2017-09-20T18:59:00.000Z,0.0051000001,0x66a4e99923ff534c41936d0b28a13980b0a942f0,sell,0xa578acc0cb7875781b7880903f4594d13cfa8b98,0x8839dd01a8214ad46d8cac43f1285d83c9cf07438b0f43f300cfffde6cd5cc61
136,100,0.51,0x011bcfccafa3a9b299adda770a5ec1b2fc8f57ae,2017-09-20T18:57:01.000Z,0.0051,0x66a4e99923ff534c41936d0b28a13980b0a942f0,sell,0xa578acc0cb7875781b7880903f4594d13cfa8b98,0x4f2f8062cf021f7463b87e3708f24f4e03b31db205b9be9062d2f3d4d851f1d2
137,138.82,0.6954882,0x7098391625c7faeb427187b3a41c7be2afe02caa,2017-09-20T18:48:36.000Z,0.00501,0x66a4e99923ff534c41936d0b28a13980b0a942f0,sell,0xa578acc0cb7875781b7880903f4594d13cfa8b98,0xd53d8732ca4b81efad8e559a0ca454e998cb5fd0b64f5904c7ae158e67232392
138,1,0.004,0x1df85a87066c945050ee25fbc35995d2bbfa3e38,2017-09-20T16:12:23.000Z,0.004,0x2b94e08d9eb99428d36b5a8a1c9c5e116c5db7f0,sell,0xa578acc0cb7875781b7880903f4594d13cfa8b98,0x33f41d930c71799224d9875e099be010e0bc74e5c86fb4d128fb939266e91cf0
139,750,3.75,0x2b94e08d9eb99428d36b5a8a1c9c5e116c5db7f0,2017-09-20T15:49:45.000Z,0.005,0x2b94e08d9eb99428d36b5a8a1c9c5e116c5db7f0,sell,0xa578acc0cb7875781b7880903f4594d13cfa8b98,0x7016ffed3d900feafc4eb919cb2e1b72d55c31b67ec6fb0c73ea76c5ef8886d5
140,16,0.08,0x17c437c0360207d3b7b0c4516e7ca768398ef2b9,2017-09-20T15:37:51.000Z,0.005,0x2b94e08d9eb99428d36b5a8a1c9c5e116c5db7f0,sell,0xa578acc0cb7875781b7880903f4594d13cfa8b98,0x57ac14a3d31b6742d987f783e651fe9601b9762d24cc65c9eba614273ec7860c
141,1,0.005,0x85f74bd1d68857f78ec7adf61b3f2dc687f2afee,2017-09-20T15:36:12.000Z,0.005,0x2b94e08d9eb99428d36b5a8a1c9c5e116c5db7f0,sell,0xa578acc0cb7875781b7880903f4594d13cfa8b98,0xe0267c6328a307f3ed68098cc24fd815feb1503065bb745412e1320851b72e92
142,78,0.390936,0x584bc0b60c7b12aa60fd909c7025b499cd90148a,2017-09-20T15:29:06.000Z,0.005012,0x2b94e08d9eb99428d36b5a8a1c9c5e116c5db7f0,sell,0xa578acc0cb7875781b7880903f4594d13cfa8b98,0xdd38e6e6c479ab42e91d65e9a9863e72dc47516e382ad9d59551d6b407bb8ca5
143,78,0.390936,0x584bc0b60c7b12aa60fd909c7025b499cd90148a,2017-09-20T15:28:51.000Z,0.005012,0x2b94e08d9eb99428d36b5a8a1c9c5e116c5db7f0,sell,0xa578acc0cb7875781b7880903f4594d13cfa8b98,0xdd38e6e6c479ab42e91d65e9a9863e72dc47516e382ad9d59551d6b407bb8ca5
144,750,3.7575,0x7098391625c7faeb427187b3a41c7be2afe02caa,2017-09-20T15:07:30.000Z,0.00501,0x2b94e08d9eb99428d36b5a8a1c9c5e116c5db7f0,sell,0xa578acc0cb7875781b7880903f4594d13cfa8b98,0x4a1ff4da2a1dfa32249471daee1e3241ccba6948beb466d4f7c65c4578b504aa
145,400,2.044,0x1fdf047bf7a114b37e7936d01e9cad754ad18803,2017-09-20T14:44:52.000Z,0.00511,0x2b94e08d9eb99428d36b5a8a1c9c5e116c5db7f0,sell,0xa578acc0cb7875781b7880903f4594d13cfa8b98,0xb76b6e89f3e9335b3663b5bf3dd67c5c771770650ff61db2aa658238015c1dcf
146,2300,15.87,0x32c91fbfa0b276dc8a9d7a8332b2ddf5bbb7ff7a,2017-09-20T11:22:42.000Z,0.0069,0xc8790a0bff976b39d119b8dc47c3e0f6574fe1c8,buy,0xa578acc0cb7875781b7880903f4594d13cfa8b98,0xe0e3aac09e4b589edca4b610aca1d7617844a028c4eea47bd5897e2634fe6582
147,1813,12.65474,0xc8790a0bff976b39d119b8dc47c3e0f6574fe1c8,2017-09-20T11:14:17.000Z,0.00698,0x32c91fbfa0b276dc8a9d7a8332b2ddf5bbb7ff7a,buy,0xa578acc0cb7875781b7880903f4594d13cfa8b98,0x331a498cbb8b3f81425a23c6a4cd8b332cc76898355462e8cda28fc60646fc8c
148,888,6.2025912,0x32c91fbfa0b276dc8a9d7a8332b2ddf5bbb7ff7a,2017-09-20T10:53:08.000Z,0.0069849,0xc8790a0bff976b39d119b8dc47c3e0f6574fe1c8,buy,0xa578acc0cb7875781b7880903f4594d13cfa8b98,0x15789ec7a43608076d205f5f5e9d3a1f7003c0dd598c62e0d552f63947c68b00
149,175,1.2215,0xc8790a0bff976b39d119b8dc47c3e0f6574fe1c8,2017-09-20T10:41:25.000Z,0.00698,0x32c91fbfa0b276dc8a9d7a8332b2ddf5bbb7ff7a,buy,0xa578acc0cb7875781b7880903f4594d13cfa8b98,0xa80305e7c9ba0b76ca37c0856fc27406ff10060270d69ef20344a4b8bd703609
150,1199,8.376214,0xc8790a0bff976b39d119b8dc47c3e0f6574fe1c8,2017-09-20T10:33:31.000Z,0.006986,0x32c91fbfa0b276dc8a9d7a8332b2ddf5bbb7ff7a,buy,0xa578acc0cb7875781b7880903f4594d13cfa8b98,0xd8a96476e10c8664dc687e76281fae440978a2a93d02a26d706f65562cf0ed0a
151,200,1.02,0x011bcfccafa3a9b299adda770a5ec1b2fc8f57ae,2017-09-20T01:05:17.000Z,0.0051,0xe849d8b1b6714554d5019b40280e95209db356ea,sell,0xa578acc0cb7875781b7880903f4594d13cfa8b98,0x31725db8c3d18cdb4744bd30c36cefe2b235af5fcd7d2f9d5af4259fff19e263
152,1,0.006987001,0x7098391625c7faeb427187b3a41c7be2afe02caa,2017-09-19T12:34:01.000Z,0.006987001,0xc8790a0bff976b39d119b8dc47c3e0f6574fe1c8,buy,0xa578acc0cb7875781b7880903f4594d13cfa8b98,0x387974e6b241349218ed7410ce97752de0cc51a917341fe23bfad827b184514d
153,2000,10.024,0xc8790a0bff976b39d119b8dc47c3e0f6574fe1c8,2017-09-19T08:13:00.000Z,0.005012,0x2b94e08d9eb99428d36b5a8a1c9c5e116c5db7f0,sell,0xa578acc0cb7875781b7880903f4594d13cfa8b98,0xd7953e5ef83c109b81ff42f4d8b764c950e611cae87479d88d7bd08e65a42d3b
154,638.13,4.4541823,0x9e7342c6c08dd6158277986a7c6c577280623188,2017-09-19T05:38:37.000Z,0.0069800546910504125,0xc8790a0bff976b39d119b8dc47c3e0f6574fe1c8,buy,0xa578acc0cb7875781b7880903f4594d13cfa8b98,0x95f459bf56652e809a3118c002ef5bc306736114d3e8f68a5b627901115fc2e1
155,2.86,0.0199977,0x8dea12c87e548b1e9915b3483fe717edeb74aee9,2017-09-19T02:48:46.000Z,0.006992202797202797,0xc8790a0bff976b39d119b8dc47c3e0f6574fe1c8,buy,0xa578acc0cb7875781b7880903f4594d13cfa8b98,0x07eab0fb0584602c793c4f94c2c6c015aa9372404b264094068871254372f076
156,499,2.499990499,0xe41ea6047a07745f6b29fe85c83617260d7b24e6,2017-09-19T02:05:14.000Z,0.005010001,0x2b94e08d9eb99428d36b5a8a1c9c5e116c5db7f0,sell,0xa578acc0cb7875781b7880903f4594d13cfa8b98,0x794313c3b2f6293296e78bcceef02b68d224cbbe9fec5285b15804620b080363
157,499,2.499990998,0xe41ea6047a07745f6b29fe85c83617260d7b24e6,2017-09-19T02:03:21.000Z,0.005010002,0x2b94e08d9eb99428d36b5a8a1c9c5e116c5db7f0,sell,0xa578acc0cb7875781b7880903f4594d13cfa8b98,0xf52b0879c8e334b8708ffcc10b22d241165616f49170df108a3ad249e47cb2aa
158,252.53,1.26795313,0xc7492a352b97cc244463e93bea78cf2132cab716,2017-09-19T02:00:45.000Z,0.005021,0x2b94e08d9eb99428d36b5a8a1c9c5e116c5db7f0,sell,0xa578acc0cb7875781b7880903f4594d13cfa8b98,0xfee60f8c7264769a66bfd2887fb1bb79fcb7469bf387ce12f275c49f60acd487
159,499,2.505479499,0xe41ea6047a07745f6b29fe85c83617260d7b24e6,2017-09-19T01:59:16.000Z,0.005021001,0x2b94e08d9eb99428d36b5a8a1c9c5e116c5db7f0,sell,0xa578acc0cb7875781b7880903f4594d13cfa8b98,0xa83321690b37b583a59e85c78990c0c7fed1df6b7c702f2ff111f55afea7cf56
160,400,2.08,0xd35e393e125d0fdd037e6447f71ca47acc0f8e0a,2017-09-19T00:03:22.000Z,0.0052,0xab717ed1b537148d67f03fd7efa609cf45cea1a5,sell,0xa578acc0cb7875781b7880903f4594d13cfa8b98,0x06e94f785a94c1b3d5a2cb3d06e974539bfd7e829926eca2eaa7884aef5eece6
161,400,2.08,0xd35e393e125d0fdd037e6447f71ca47acc0f8e0a,2017-09-19T00:02:45.000Z,0.0052,0xab717ed1b537148d67f03fd7efa609cf45cea1a5,sell,0xa578acc0cb7875781b7880903f4594d13cfa8b98,0x06e94f785a94c1b3d5a2cb3d06e974539bfd7e829926eca2eaa7884aef5eece6
162,1000,5.3,0x4b1b6b902749cedad84664e56702436937fa68b6,2017-09-19T00:02:20.000Z,0.0053,0xab717ed1b537148d67f03fd7efa609cf45cea1a5,sell,0xa578acc0cb7875781b7880903f4594d13cfa8b98,0x4de5644080250107ff915b04b0b93b127252d9bc202687158fa7afb95de3f41b
163,0.02,0.0002,0x350f6f675b20d606bb7f6c412ef4775c9bc57168,2017-09-18T20:24:44.000Z,0.01,0x4d75687b5e9ee87abb070d047d01ef44cb8fa764,buy,0xa578acc0cb7875781b7880903f4594d13cfa8b98,0xb5da3bf311dc9d111113e82f8e36326d2d14d7c2a1e82b8c9cf5f90733646084
164,200.92,1.20552,0x70dde8eac9b8880f6c7cd534364bf8a71be53eae,2017-09-18T14:05:08.000Z,0.006,0xc8790a0bff976b39d119b8dc47c3e0f6574fe1c8,sell,0xa578acc0cb7875781b7880903f4594d13cfa8b98,0xc5fadd59318af2cb6e9cac122cd75f10c29bec7a202d18ebe487f7ab0d623bea
165,299.08,1.79448,0x70dde8eac9b8880f6c7cd534364bf8a71be53eae,2017-09-18T13:56:20.000Z,0.006,0xe849d8b1b6714554d5019b40280e95209db356ea,sell,0xa578acc0cb7875781b7880903f4594d13cfa8b98,0x2e9031878928ec6951d24dce1058390ed9a32a2c3425a0bd1542f41acc4943f0
166,50,0.3,0xe41ea6047a07745f6b29fe85c83617260d7b24e6,2017-09-18T13:09:15.000Z,0.006,0x7db291370967d37040d4fae0acdaae557a85e939,buy,0xa578acc0cb7875781b7880903f4594d13cfa8b98,0x1b7f38c5474bd721adb406e6d7cdaf041940b0b3b46f820f4ecd81f9593e6c99
167,550,2.75,0x32c91fbfa0b276dc8a9d7a8332b2ddf5bbb7ff7a,2017-09-18T12:29:51.000Z,0.005,0xc8790a0bff976b39d119b8dc47c3e0f6574fe1c8,sell,0xa578acc0cb7875781b7880903f4594d13cfa8b98,0xaea6f2fb22b0fffbf21d618fd3bf2e4e62d51c614cb8f034151619ea78c4167a
168,750,3.75,0x32c91fbfa0b276dc8a9d7a8332b2ddf5bbb7ff7a,2017-09-18T12:28:42.000Z,0.005,0xc8790a0bff976b39d119b8dc47c3e0f6574fe1c8,sell,0xa578acc0cb7875781b7880903f4594d13cfa8b98,0x743f379e8765ffb459b65a2cf5ec0b3f5137d8c8ed5ad6364074d59b3f5d61cc
169,1300,6.5,0xc8790a0bff976b39d119b8dc47c3e0f6574fe1c8,2017-09-18T12:18:26.000Z,0.005,0x32c91fbfa0b276dc8a9d7a8332b2ddf5bbb7ff7a,sell,0xa578acc0cb7875781b7880903f4594d13cfa8b98,0x7ce21d2b7accc6b4a7b9eb830ce0303354897ebc3db01948123e56ef106626b1
170,549,3.7881,0x32c91fbfa0b276dc8a9d7a8332b2ddf5bbb7ff7a,2017-09-18T11:55:38.000Z,0.0069,0xc8790a0bff976b39d119b8dc47c3e0f6574fe1c8,buy,0xa578acc0cb7875781b7880903f4594d13cfa8b98,0x3f8891c99e4fb6642025c35d74f26881e43b03c8fb3f2b4c77fa425aa44e9a46
171,451,3.1119,0x32c91fbfa0b276dc8a9d7a8332b2ddf5bbb7ff7a,2017-09-18T11:51:42.000Z,0.0069,0xc8790a0bff976b39d119b8dc47c3e0f6574fe1c8,buy,0xa578acc0cb7875781b7880903f4594d13cfa8b98,0x9d9d0c0b476c8133fb50e99969e817f6072620d9433b84e7d6387b6c174624be
172,1000,6.9,0xc8790a0bff976b39d119b8dc47c3e0f6574fe1c8,2017-09-18T11:48:47.000Z,0.0069,0x32c91fbfa0b276dc8a9d7a8332b2ddf5bbb7ff7a,buy,0xa578acc0cb7875781b7880903f4594d13cfa8b98,0x7f4fce825ca5e01bec5e9bfa6ac3cce108049f136b65eaa1ea11378b4df0ec6f
173,433.22,2.989218,0x011bcfccafa3a9b299adda770a5ec1b2fc8f57ae,2017-09-18T05:12:20.000Z,0.0069,0x1fdf047bf7a114b37e7936d01e9cad754ad18803,buy,0xa578acc0cb7875781b7880903f4594d13cfa8b98,0x828237b6cd71741accb75da78cb03480dc4d5d56f599ebf363dd681d69ce3cfc
174,172,1.20398452,0x32c91fbfa0b276dc8a9d7a8332b2ddf5bbb7ff7a,2017-09-17T12:57:51.000Z,0.00699991,0xc8790a0bff976b39d119b8dc47c3e0f6574fe1c8,buy,0xa578acc0cb7875781b7880903f4594d13cfa8b98,0xc988c9497f135af82dd56cd0fb05bcca925716a6976130e939512527e9d41b3f
175,412,2.8839176,0x32c91fbfa0b276dc8a9d7a8332b2ddf5bbb7ff7a,2017-09-17T12:57:51.000Z,0.0069998,0xc8790a0bff976b39d119b8dc47c3e0f6574fe1c8,buy,0xa578acc0cb7875781b7880903f4594d13cfa8b98,0x958fb01aaa10f933ba9c2bd9f1eb155142360814b467d02e44c53e1d9b9a4f53
176,412,2.883794,0x32c91fbfa0b276dc8a9d7a8332b2ddf5bbb7ff7a,2017-09-17T12:57:16.000Z,0.0069995,0xc8790a0bff976b39d119b8dc47c3e0f6574fe1c8,buy,0xa578acc0cb7875781b7880903f4594d13cfa8b98,0x94dcdef01b72714060c4b4a8ad75e3e61a523b18e8de000d1b6cddaee6bdb4ef
177,1000,7,0xc8790a0bff976b39d119b8dc47c3e0f6574fe1c8,2017-09-17T12:52:05.000Z,0.007,0x32c91fbfa0b276dc8a9d7a8332b2ddf5bbb7ff7a,buy,0xa578acc0cb7875781b7880903f4594d13cfa8b98,0x4a6abc1208d57c04c3ce3348930155eada51b72eee5e2fd815f32692ba0a7a05
178,4,0.0248,0xbda448dea24552954bda553eae9707eafe9a9717,2017-09-17T10:50:31.000Z,0.0062,0xbaeefa9f24ba0ae7c127d84cfcec91c1d372ddc0,sell,0xa578acc0cb7875781b7880903f4594d13cfa8b98,0x31080b7bb070d1112f7b4ab4da9cad0607ce1faaa54e57f29c19849d69818127
179,199.78,1.39844,0x011bcfccafa3a9b299adda770a5ec1b2fc8f57ae,2017-09-17T01:38:53.000Z,0.006999899889878867,0xe849d8b1b6714554d5019b40280e95209db356ea,buy,0xa578acc0cb7875781b7880903f4594d13cfa8b98,0x73f289994011c7392a49d4f6159d1e3f7c4b597184f7b9eea0f4adae9131cd23
180,179.66,1.25761503881322,0x011bcfccafa3a9b299adda770a5ec1b2fc8f57ae,2017-09-17T01:38:40.000Z,0.0069999723856908605,0xbcce870909b3dbbe28f744f69b080dbdeeb7748a,buy,0xa578acc0cb7875781b7880903f4594d13cfa8b98,0xc742e95c2e5216ff53c80339fb86e5bf57bdfba4c73460fa6e3f6c13abdcb67c
181,0.07,0.0005,0x1f8ac99600c61189d92c85cc760735b9e0067a60,2017-09-16T22:17:49.000Z,0.007142857142857143,0xbcce870909b3dbbe28f744f69b080dbdeeb7748a,buy,0xa578acc0cb7875781b7880903f4594d13cfa8b98,0x780cee0d8e1d8d913294f8791e322634ea228498a72607197ca104f199bb8fe1
182,0.07,0.0005,0x42c24a83bded723edfdf5883bc7efb30bc1a1bf3,2017-09-16T21:07:54.000Z,0.007142857142857143,0xbcce870909b3dbbe28f744f69b080dbdeeb7748a,buy,0xa578acc0cb7875781b7880903f4594d13cfa8b98,0x780758482632072d68db2baf8a65a695a9ed84e79784f74a1541fd2d8b58951c
183,0.07,0.0005,0x42c24a83bded723edfdf5883bc7efb30bc1a1bf3,2017-09-16T17:17:31.000Z,0.007142857142857143,0xe849d8b1b6714554d5019b40280e95209db356ea,buy,0xa578acc0cb7875781b7880903f4594d13cfa8b98,0xe4045f45d18bf9b10108f61c2d9ac60187f83749890ded55350383fb9a6d8e4a
184,0.07,0.0005,0x1f8ac99600c61189d92c85cc760735b9e0067a60,2017-09-16T16:44:29.000Z,0.007142857142857143,0xe849d8b1b6714554d5019b40280e95209db356ea,buy,0xa578acc0cb7875781b7880903f4594d13cfa8b98,0xe0f9503eded3e9b560b55c5e6980072b88b9b5ed2a0bec99963482beafe1b772
185,0.07,0.0005,0x0f657c396dfcd6c59bb82b89fc3adbe5f90ce153,2017-09-16T16:30:39.000Z,0.007142857142857143,0xe849d8b1b6714554d5019b40280e95209db356ea,buy,0xa578acc0cb7875781b7880903f4594d13cfa8b98,0x91114fb7208f72b8935d0501ffce49202951dee9a5d5d08826a08c016714701c
186,0.07,0.0005,0x0f657c396dfcd6c59bb82b89fc3adbe5f90ce153,2017-09-16T15:39:33.000Z,0.007142857142857143,0xbcce870909b3dbbe28f744f69b080dbdeeb7748a,buy,0xa578acc0cb7875781b7880903f4594d13cfa8b98,0x5168581583f3a68066117dedf7dd06cf3b3d43b85582dd6cabf07394b2df3f38
187,190,1.14,0x011bcfccafa3a9b299adda770a5ec1b2fc8f57ae,2017-09-16T14:33:38.000Z,0.006,0x2b94e08d9eb99428d36b5a8a1c9c5e116c5db7f0,sell,0xa578acc0cb7875781b7880903f4594d13cfa8b98,0xfb7b29995a144024b03695c988601961bc047de96833bf87a81025d5f7ef483e
188,244.26,1.7098102296,0x011bcfccafa3a9b299adda770a5ec1b2fc8f57ae,2017-09-16T14:29:19.000Z,0.00699996,0xe849d8b1b6714554d5019b40280e95209db356ea,buy,0xa578acc0cb7875781b7880903f4594d13cfa8b98,0xd1e5c1fea7bf0d78ad0cb4260456e85ba70165d98d5a608bd987f4e1ce3502c8
189,625,3.125,0x32c91fbfa0b276dc8a9d7a8332b2ddf5bbb7ff7a,2017-09-16T13:32:52.000Z,0.005,0xc8790a0bff976b39d119b8dc47c3e0f6574fe1c8,sell,0xa578acc0cb7875781b7880903f4594d13cfa8b98,0xb29184060be43cd301c385c340fb301547d437f7feaddc89bfb58d41bb38b8af
190,375,1.875,0x32c91fbfa0b276dc8a9d7a8332b2ddf5bbb7ff7a,2017-09-16T13:32:52.000Z,0.005,0xc8790a0bff976b39d119b8dc47c3e0f6574fe1c8,sell,0xa578acc0cb7875781b7880903f4594d13cfa8b98,0x195578b26ffab2b25881c1aa3ce1ddeda60305352a70367a3cf41224bc7d0d54
191,1000,5,0xc8790a0bff976b39d119b8dc47c3e0f6574fe1c8,2017-09-16T13:28:18.000Z,0.005,0x32c91fbfa0b276dc8a9d7a8332b2ddf5bbb7ff7a,sell,0xa578acc0cb7875781b7880903f4594d13cfa8b98,0x1d94c43f5a40fecb59b36a72e34bca36037bcdd68e39e2dc17bf649c0ff7a745
192,600,3,0x32c91fbfa0b276dc8a9d7a8332b2ddf5bbb7ff7a,2017-09-16T13:21:42.000Z,0.005,0xc8790a0bff976b39d119b8dc47c3e0f6574fe1c8,sell,0xa578acc0cb7875781b7880903f4594d13cfa8b98,0xf0c2d0d72021e7e9e0498fa520430ae845f81b609d247720047d7cbd34aaf7cb
193,800,4,0x32c91fbfa0b276dc8a9d7a8332b2ddf5bbb7ff7a,2017-09-16T13:21:23.000Z,0.005,0xc8790a0bff976b39d119b8dc47c3e0f6574fe1c8,sell,0xa578acc0cb7875781b7880903f4594d13cfa8b98,0xe5f5b4ea08eb67461ab4fdf6d813bd18892307a4131ae59bcae21d054bbd442d
194,1400,7,0xc8790a0bff976b39d119b8dc47c3e0f6574fe1c8,2017-09-16T13:11:53.000Z,0.005,0x32c91fbfa0b276dc8a9d7a8332b2ddf5bbb7ff7a,sell,0xa578acc0cb7875781b7880903f4594d13cfa8b98,0x90c77bca6037d9171a1895b27a651e223488346599b090f4b51815c08e48af16
195,15,0.09,0x0d7796da9df14acfd486403d16523d02f59de143,2017-09-16T11:34:20.000Z,0.006,0x2b94e08d9eb99428d36b5a8a1c9c5e116c5db7f0,sell,0xa578acc0cb7875781b7880903f4594d13cfa8b98,0x028865abf6bd9c3753eeadd59beae93ff3d5867a42e62c307fbef55972f4c466
196,1350,6.75,0x32c91fbfa0b276dc8a9d7a8332b2ddf5bbb7ff7a,2017-09-16T10:53:42.000Z,0.005,0xc8790a0bff976b39d119b8dc47c3e0f6574fe1c8,sell,0xa578acc0cb7875781b7880903f4594d13cfa8b98,0x6254e61faca540a4a1cf5374d21fa59a1c3fe1123d8165e82a09378bafb119d7
197,40,0.248,0xbda448dea24552954bda553eae9707eafe9a9717,2017-09-16T04:27:54.000Z,0.0062,0xc8790a0bff976b39d119b8dc47c3e0f6574fe1c8,sell,0xa578acc0cb7875781b7880903f4594d13cfa8b98,0xdfce732dfa5eaa32ee763eb8a7e0420ba68ae3997ab3d6f0c198792ad728b960
198,150,0.825,0x1df85a87066c945050ee25fbc35995d2bbfa3e38,2017-09-15T20:08:25.000Z,0.0055,0xe849d8b1b6714554d5019b40280e95209db356ea,sell,0xa578acc0cb7875781b7880903f4594d13cfa8b98,0xc19973dd5507d19ddd1af89ddb1884b406bbcf51bc1ffbd92210b0035393e420
199,1050,5.25,0xc8790a0bff976b39d119b8dc47c3e0f6574fe1c8,2017-09-15T20:08:09.000Z,0.005,0x32c91fbfa0b276dc8a9d7a8332b2ddf5bbb7ff7a,sell,0xa578acc0cb7875781b7880903f4594d13cfa8b98,0x82bc1e9520c5a3ad0e01f9cd8cc7702baa6aaa64763ca87c0b18105667e980d6
200,133,0.665,0x0c5442b8ec4bea6f0509f062b5d63e692fb54743,2017-09-15T20:07:49.000Z,0.005,0x32c91fbfa0b276dc8a9d7a8332b2ddf5bbb7ff7a,sell,0xa578acc0cb7875781b7880903f4594d13cfa8b98,0xf7b88a9f1f7c4832b12fa59bdfc038d71201d4841847a5daa8b84babe521eb01
201,167,0.835,0x0c5442b8ec4bea6f0509f062b5d63e692fb54743,2017-09-15T19:22:09.000Z,0.005,0x32c91fbfa0b276dc8a9d7a8332b2ddf5bbb7ff7a,sell,0xa578acc0cb7875781b7880903f4594d13cfa8b98,0x8d5641e9fecb2711ac36b817e5fce02eb695d1f78301ef501539410b1ecef35b
202,300,1.5,0xc8790a0bff976b39d119b8dc47c3e0f6574fe1c8,2017-09-15T10:23:55.000Z,0.005,0x0c5442b8ec4bea6f0509f062b5d63e692fb54743,sell,0xa578acc0cb7875781b7880903f4594d13cfa8b98,0x4dc21c071350aee89946628170f87f307d9ca75d43b84bd40edf66f368904a2f
203,0.07,0.0005,0x8b24d80c6dd6e1af5a000e03ca8f00886a05f6f5,2017-09-15T04:59:49.000Z,0.007142857142857143,0xbcce870909b3dbbe28f744f69b080dbdeeb7748a,buy,0xa578acc0cb7875781b7880903f4594d13cfa8b98,0x020a2f1037fd0d024e879a290838264bb97fbf89a724d1cac7cdcf883f29f0be
204,0.07,0.0005,0x8b24d80c6dd6e1af5a000e03ca8f00886a05f6f5,2017-09-15T03:58:07.000Z,0.007142857142857143,0xbcce870909b3dbbe28f744f69b080dbdeeb7748a,buy,0xa578acc0cb7875781b7880903f4594d13cfa8b98,0x9655f24d5feaaf935853cbe07a82b35227aeac217dcbb13fce71aa180bc5cea5
205,32.13,0.19278,0xe710eef236aa3eb4345be054b0f98755d7712ad7,2017-09-14T14:31:42.000Z,0.006,0x2b94e08d9eb99428d36b5a8a1c9c5e116c5db7f0,sell,0xa578acc0cb7875781b7880903f4594d13cfa8b98,0x097cb3dead53b01203acb47de3d4b815f13975b00d4bea2235f4858c566a4850
206,400,2.4,0xe710eef236aa3eb4345be054b0f98755d7712ad7,2017-09-14T14:09:50.000Z,0.006,0x2b94e08d9eb99428d36b5a8a1c9c5e116c5db7f0,sell,0xa578acc0cb7875781b7880903f4594d13cfa8b98,0x7e7876cc94a37f90efba41ea99c270f9c99f1713382cb1d4a8ba43a9182147b6
207,499,2.994000499,0xe41ea6047a07745f6b29fe85c83617260d7b24e6,2017-09-14T14:02:11.000Z,0.006000001,0x2b94e08d9eb99428d36b5a8a1c9c5e116c5db7f0,sell,0xa578acc0cb7875781b7880903f4594d13cfa8b98,0xe99ec7811bbdf3e59a9cec6665f8638d4ef3d7886eeb0633518cb12dd50ad08a
208,845,5.07,0x8221f3e07e0609a54abb9772c3398c276f48eaca,2017-09-14T08:01:32.000Z,0.006,0x2b94e08d9eb99428d36b5a8a1c9c5e116c5db7f0,sell,0xa578acc0cb7875781b7880903f4594d13cfa8b98,0x57c2ca3a93ea8a7c1f2337c8fdc2566c4bc6a84c910c338176469c332b894bfe
209,1976,6.3232,0x32c91fbfa0b276dc8a9d7a8332b2ddf5bbb7ff7a,2017-09-14T06:43:02.000Z,0.0032,0xc8790a0bff976b39d119b8dc47c3e0f6574fe1c8,sell,0xa578acc0cb7875781b7880903f4594d13cfa8b98,0xe2d8f66ff027eaf51736bbe9986205982177ed8f7bfe478bbc98b7a75b585dc0
210,1976,6.3232,0xc8790a0bff976b39d119b8dc47c3e0f6574fe1c8,2017-09-14T06:37:21.000Z,0.0032,0x32c91fbfa0b276dc8a9d7a8332b2ddf5bbb7ff7a,sell,0xa578acc0cb7875781b7880903f4594d13cfa8b98,0x58d72bebcef8f1f1ea5bf75ba05717f620f7695fd4852c8b2fd29fa2fb965b8e
211,2233,6.699,0x32c91fbfa0b276dc8a9d7a8332b2ddf5bbb7ff7a,2017-09-14T06:31:49.000Z,0.003,0xc8790a0bff976b39d119b8dc47c3e0f6574fe1c8,sell,0xa578acc0cb7875781b7880903f4594d13cfa8b98,0xd11c19c9eb218f932fca5f2b232e919c39014be07e703dd4554d390f287080e2
212,2233,6.699,0xc8790a0bff976b39d119b8dc47c3e0f6574fe1c8,2017-09-14T06:24:53.000Z,0.003,0x32c91fbfa0b276dc8a9d7a8332b2ddf5bbb7ff7a,sell,0xa578acc0cb7875781b7880903f4594d13cfa8b98,0x6ad984773621d93f07f9d8b5f53c2de6c1133625e41a2510488d7ff1f3714dce
213,3.66,0.023058,0x8221f3e07e0609a54abb9772c3398c276f48eaca,2017-09-14T05:24:35.000Z,0.0063,0xc8790a0bff976b39d119b8dc47c3e0f6574fe1c8,sell,0xa578acc0cb7875781b7880903f4594d13cfa8b98,0xe8d4309df2223393f9b2a8535fe3a4aed41ee82b83f6cb4358e85a1d4ef4f41b
214,24.06,0.1491734436,0x8e2e886a630f02dea79f6a0e37c0be1b3927e569,2017-09-14T05:21:34.000Z,0.00620006,0xc8790a0bff976b39d119b8dc47c3e0f6574fe1c8,sell,0xa578acc0cb7875781b7880903f4594d13cfa8b98,0x7de842e3d8d37cdeb725d8e82f86a9e7dd1740835d33c0f72433d73707cb3df0
215,20,0.126,0x8221f3e07e0609a54abb9772c3398c276f48eaca,2017-09-14T05:19:36.000Z,0.0063,0xc8790a0bff976b39d119b8dc47c3e0f6574fe1c8,sell,0xa578acc0cb7875781b7880903f4594d13cfa8b98,0x0999ebedda90cce1a91907c60b4646bd85997069a7594375bdda18be286e9ef3
216,35,0.22400035,0x7aa065399f1d559a58c77a2dc4e84df36081f513,2017-09-14T05:18:29.000Z,0.00640001,0xc8790a0bff976b39d119b8dc47c3e0f6574fe1c8,sell,0xa578acc0cb7875781b7880903f4594d13cfa8b98,0xe7ec8835bb5d3f477e31382cf1fe6c83adbab819499c22abfbd82e9d15e20c7e
217,25,0.16,0xbda448dea24552954bda553eae9707eafe9a9717,2017-09-14T05:18:29.000Z,0.0064,0xc8790a0bff976b39d119b8dc47c3e0f6574fe1c8,sell,0xa578acc0cb7875781b7880903f4594d13cfa8b98,0xa40d5907193d6d47fd5df2131ee5c10ed773b9f96610c6fce9ec63d1e6beddfa
218,16,0.09920096,0x8e2e886a630f02dea79f6a0e37c0be1b3927e569,2017-09-14T05:17:54.000Z,0.00620006,0xc8790a0bff976b39d119b8dc47c3e0f6574fe1c8,sell,0xa578acc0cb7875781b7880903f4594d13cfa8b98,0x7c7b068d10295d6d9f031c98831fa0f9a96ecc95cd798cd1ad28050cac217000
219,0.07,0.0005,0x4c2fb430e95954bcfa54ce4741a9fc2ff6e415ad,2017-09-13T21:06:31.000Z,0.007142857142857143,0xc8790a0bff976b39d119b8dc47c3e0f6574fe1c8,buy,0xa578acc0cb7875781b7880903f4594d13cfa8b98,0x3d1652ba1df6e365a97a767c10ebb5c3e398c3fd9796f461232b04cddd1fc898
220,0.07,0.0005,0x4c2fb430e95954bcfa54ce4741a9fc2ff6e415ad,2017-09-13T20:35:16.000Z,0.007142857142857143,0xc8790a0bff976b39d119b8dc47c3e0f6574fe1c8,buy,0xa578acc0cb7875781b7880903f4594d13cfa8b98,0xba1d7909a31dc15c171e1cb65851f45ffeb21dced9f67244a25ce4ad988712c5
221,5,0.0345,0x3ad8e841a1ac30864088107677c999d4ce9351f8,2017-09-13T14:13:58.000Z,0.0069,0xe849d8b1b6714554d5019b40280e95209db356ea,sell,0xa578acc0cb7875781b7880903f4594d13cfa8b98,0xfcb49eb15b92da8c277d2610c6e0a86cf93f4961f4819fb6685c96ee4a27a912
222,19,0.133,0x888948ce019d6d2a4709256fbe15abc933059d3c,2017-09-13T04:46:24.000Z,0.007,0x8e2e886a630f02dea79f6a0e37c0be1b3927e569,buy,0xa578acc0cb7875781b7880903f4594d13cfa8b98,0xf7c182c1c2ef70a4e7d3319467dfaaf7faf93f45ee95c01d62aad20800f86089
223,1,0.007,0x5d755ef2efebd5fe534d930f32ed760c78f88d2a,2017-09-12T21:29:02.000Z,0.007,0x8e2e886a630f02dea79f6a0e37c0be1b3927e569,buy,0xa578acc0cb7875781b7880903f4594d13cfa8b98,0x81407e9dbacb700e2dd452f0498c6b047a1b64b869c0bbd3590c73066dd82345
224,100,0.7,0xa19ec8d57f498e40391158698ef95699048ab050,2017-09-12T11:38:46.000Z,0.007,0xe849d8b1b6714554d5019b40280e95209db356ea,sell,0xa578acc0cb7875781b7880903f4594d13cfa8b98,0x0c45808b4a0a482fe91bca098064b5b96dc0fb6c7246204320f1e7c4d3725516
225,1,0.0070998,0xd6f29f2fb0a1dc783aeab42ce7ce9276f8e14a54,2017-09-12T10:09:54.000Z,0.0070998,0xc8790a0bff976b39d119b8dc47c3e0f6574fe1c8,buy,0xa578acc0cb7875781b7880903f4594d13cfa8b98,0xec3a680b133f6f590684ae482088f99dac391824aa8a5fa046df218c32491310
226,110,0.682011,0x32c91fbfa0b276dc8a9d7a8332b2ddf5bbb7ff7a,2017-09-12T07:50:45.000Z,0.0062001,0x2b94e08d9eb99428d36b5a8a1c9c5e116c5db7f0,sell,0xa578acc0cb7875781b7880903f4594d13cfa8b98,0x1077470e7114721bd7bd54a2925da0a32db6c351a41656adbf753d96f301a455
227,330,2.046033,0x0c5442b8ec4bea6f0509f062b5d63e692fb54743,2017-09-12T07:50:04.000Z,0.0062001,0x2b94e08d9eb99428d36b5a8a1c9c5e116c5db7f0,sell,0xa578acc0cb7875781b7880903f4594d13cfa8b98,0xe597705e91e28d9c533d7067bc96f5668c390ea96d4278ee6d4a0fdc6a61edd8
228,870,5.30700087,0xe41ea6047a07745f6b29fe85c83617260d7b24e6,2017-09-12T07:48:15.000Z,0.006100001,0x2b94e08d9eb99428d36b5a8a1c9c5e116c5db7f0,sell,0xa578acc0cb7875781b7880903f4594d13cfa8b98,0x14accae5877873924f7ed0287a666abfa7b7353d2f0f9d8113d35c2db4373e02
229,999,6.093900999,0xe41ea6047a07745f6b29fe85c83617260d7b24e6,2017-09-12T07:44:17.000Z,0.006100001,0x2b94e08d9eb99428d36b5a8a1c9c5e116c5db7f0,sell,0xa578acc0cb7875781b7880903f4594d13cfa8b98,0xb736a6ee914a506eece73231ba8b3ab2901686813b7bb8ec7f570144b115aa47
230,177.41,1.082325187,0xc8790a0bff976b39d119b8dc47c3e0f6574fe1c8,2017-09-12T07:42:24.000Z,0.0061007,0x2b94e08d9eb99428d36b5a8a1c9c5e116c5db7f0,sell,0xa578acc0cb7875781b7880903f4594d13cfa8b98,0x26a70833b194ad9b0e00fbc0e8f5a2256ea8befe6aaa177e26e6e6e97daa5797
231,150,0.945,0xbda448dea24552954bda553eae9707eafe9a9717,2017-09-12T07:41:33.000Z,0.0063,0x2b94e08d9eb99428d36b5a8a1c9c5e116c5db7f0,sell,0xa578acc0cb7875781b7880903f4594d13cfa8b98,0x7e5a95698e4cb12a0975939f5db63c7d1225f00de85a72c233199e0d3ae77f30
232,1000,6.2001,0x32c91fbfa0b276dc8a9d7a8332b2ddf5bbb7ff7a,2017-09-12T07:30:59.000Z,0.0062001,0x2b94e08d9eb99428d36b5a8a1c9c5e116c5db7f0,sell,0xa578acc0cb7875781b7880903f4594d13cfa8b98,0x2bfd3e4f6907717c954d05c7fa85fba8d00fe2bbdd3338a30e7ba0ca256bfae0
233,1650,10.230165,0xc8790a0bff976b39d119b8dc47c3e0f6574fe1c8,2017-09-12T07:28:28.000Z,0.0062001,0x2b94e08d9eb99428d36b5a8a1c9c5e116c5db7f0,sell,0xa578acc0cb7875781b7880903f4594d13cfa8b98,0xb70b99e209e0dc54df5e9dba8e9dddce80eeb362c485b839f75a83c569db208e
234,100,0.7,0xa19ec8d57f498e40391158698ef95699048ab050,2017-09-12T06:53:19.000Z,0.007,0x32c91fbfa0b276dc8a9d7a8332b2ddf5bbb7ff7a,sell,0xa578acc0cb7875781b7880903f4594d13cfa8b98,0xab257b8587f7c66356b65cf5c98824c308f0ce0af03bb758ce6f74be4481d70b
235,174.83,1.2570277,0x6878f58de2545b0dcb7c66932cc83390f9723304,2017-09-12T06:12:12.000Z,0.00719,0xc8790a0bff976b39d119b8dc47c3e0f6574fe1c8,sell,0xa578acc0cb7875781b7880903f4594d13cfa8b98,0x9f201fac68372484a56f046eb5724f0d1653291d078a6433cc64576f552c8ad0
236,1397.66,10.049226224345045,0xddf151d5ad69ab209eb1b5ccde71c95f68e5a866,2017-09-12T06:12:12.000Z,0.007190036363883236,0xc8790a0bff976b39d119b8dc47c3e0f6574fe1c8,buy,0xa578acc0cb7875781b7880903f4594d13cfa8b98,0x8d558c6af9f2bc294df0f496438a40affaa3d8991e967238fe2c4f26dbb370e3
237,200,1.438,0x6878f58de2545b0dcb7c66932cc83390f9723304,2017-09-12T06:03:28.000Z,0.00719,0x0c5442b8ec4bea6f0509f062b5d63e692fb54743,sell,0xa578acc0cb7875781b7880903f4594d13cfa8b98,0xb7f1b87dbd205fee34127527c756b39eb62c32fcc75c64c666ef78fba35776eb
238,1000,7.19,0x6878f58de2545b0dcb7c66932cc83390f9723304,2017-09-12T05:53:55.000Z,0.00719,0x32c91fbfa0b276dc8a9d7a8332b2ddf5bbb7ff7a,sell,0xa578acc0cb7875781b7880903f4594d13cfa8b98,0x6a67a3f223594202f3ef8a90eeaa74717c6c0c88b2f8d158d07ba14cbba8badf
239,100,0.719,0x6878f58de2545b0dcb7c66932cc83390f9723304,2017-09-12T05:53:55.000Z,0.00719,0x0c5442b8ec4bea6f0509f062b5d63e692fb54743,sell,0xa578acc0cb7875781b7880903f4594d13cfa8b98,0x224eb3c87fd1a17bc45968b0602b84bc75404dfb02f102e05e9c7ab459ee2483
240,628,4.5214744,0x6d57996140600cef8d291591101a9b433c3ad166,2017-09-12T00:36:59.000Z,0.0071998,0xbaeefa9f24ba0ae7c127d84cfcec91c1d372ddc0,buy,0xa578acc0cb7875781b7880903f4594d13cfa8b98,0x9b04001c5955a4a77cd6f62db238784af5d41134c19f4a8e0e29ce2d5a2b5b70
241,406.04,2.918622708,0x6d57996140600cef8d291591101a9b433c3ad166,2017-09-12T00:36:28.000Z,0.00718801770268939,0x2b94e08d9eb99428d36b5a8a1c9c5e116c5db7f0,buy,0xa578acc0cb7875781b7880903f4594d13cfa8b98,0x0ef26ce996533e6730efc15cdad162f4c7fd76307947e8b7f951125d5c7b0172
242,13.86,0.09969102243131076,0x6d57996140600cef8d291591101a9b433c3ad166,2017-09-12T00:08:07.000Z,0.007192714461133533,0x2b94e08d9eb99428d36b5a8a1c9c5e116c5db7f0,buy,0xa578acc0cb7875781b7880903f4594d13cfa8b98,0xc1ba221c5214bc526c48356f8b18efabd10a0346970b739a4e27583b6672cc97
243,0.08,0.000646008478212687,0x6d57996140600cef8d291591101a9b433c3ad166,2017-09-12T00:05:23.000Z,0.008075105977658587,0x2b94e08d9eb99428d36b5a8a1c9c5e116c5db7f0,buy,0xa578acc0cb7875781b7880903f4594d13cfa8b98,0x542d1a071274853bc43d1ed31fb84edb6fb4bebd333d4be351325b9918f952ea
244,180,1.1160018,0xbcce870909b3dbbe28f744f69b080dbdeeb7748a,2017-09-11T23:26:04.000Z,0.00620001,0x2b94e08d9eb99428d36b5a8a1c9c5e116c5db7f0,sell,0xa578acc0cb7875781b7880903f4594d13cfa8b98,0xfd13743d18fb6fa642bfe10a36d833935f4a09dd592c7bf4e372cf3b0c18c316
245,3,0.0215997,0x9b113df7b32e93193e6e2d8ec491bcc30da0c04c,2017-09-11T16:59:08.000Z,0.0071999,0x4d75687b5e9ee87abb070d047d01ef44cb8fa764,buy,0xa578acc0cb7875781b7880903f4594d13cfa8b98,0xc4c34758fb819428618231de73cfd368d487e4a787f3cf1cdde44c20e2e35612
246,133.22,0.8153064,0x1fdf047bf7a114b37e7936d01e9cad754ad18803,2017-09-11T14:42:59.000Z,0.00612,0x7dc879fa4926db3d5a478ed9a3ddc0c6ad75b991,sell,0xa578acc0cb7875781b7880903f4594d13cfa8b98,0x173157e043ecdd087eb420f3d35f4f4d5da9ac160e4e989dae4d220a2dad6e20
247,620,3.782,0xc8790a0bff976b39d119b8dc47c3e0f6574fe1c8,2017-09-11T14:42:59.000Z,0.0061,0x2b94e08d9eb99428d36b5a8a1c9c5e116c5db7f0,sell,0xa578acc0cb7875781b7880903f4594d13cfa8b98,0x47a609129a3f17092b8d18947c5dbe3bd82863294e3a3e84af7208e3a0cc099e
248,511.93,3.7882564051440535,0xddf151d5ad69ab209eb1b5ccde71c95f68e5a866,2017-09-11T11:41:38.000Z,0.007399950003211481,0xc8790a0bff976b39d119b8dc47c3e0f6574fe1c8,buy,0xa578acc0cb7875781b7880903f4594d13cfa8b98,0x2c0db725e71d1721258ac4a5e270ed3bf539a942a307c9b3edfa87dc45af290d
249,15,0.091509,0x8e2e886a630f02dea79f6a0e37c0be1b3927e569,2017-09-11T11:18:06.000Z,0.0061006,0x2b94e08d9eb99428d36b5a8a1c9c5e116c5db7f0,sell,0xa578acc0cb7875781b7880903f4594d13cfa8b98,0xd4b1eb45cf5022cbcb13c1a1b06759b43d5874e0d3bbaf00f4bef955fae12561
250,50,0.3050205,0xd15176e25921d147665e5703c53be2bf546ba4a3,2017-09-11T11:15:29.000Z,0.00610041,0x2b94e08d9eb99428d36b5a8a1c9c5e116c5db7f0,sell,0xa578acc0cb7875781b7880903f4594d13cfa8b98,0x7efc93f2a4211f61890c46e0b3364883ff90c2d8e5eae08acd0a3f7af589015e
251,68.05,0.421910006805,0xc8790a0bff976b39d119b8dc47c3e0f6574fe1c8,2017-09-11T10:04:02.000Z,0.0062000001,0x2b94e08d9eb99428d36b5a8a1c9c5e116c5db7f0,sell,0xa578acc0cb7875781b7880903f4594d13cfa8b98,0xf7e0ec4e2f67e4172a4fecfa11ae19d48ab4b7f29a3dafc6ec87a62fd1bd9fc7
252,970,6.014,0x3ad8e841a1ac30864088107677c999d4ce9351f8,2017-09-11T09:54:56.000Z,0.0062,0x2b94e08d9eb99428d36b5a8a1c9c5e116c5db7f0,sell,0xa578acc0cb7875781b7880903f4594d13cfa8b98,0x1a8c5ec360ff955a6db5547c340c32474059c9ebb637d2e2ed49bb041ac51d04
253,490,3.038,0x32c91fbfa0b276dc8a9d7a8332b2ddf5bbb7ff7a,2017-09-11T08:07:09.000Z,0.0062,0xab717ed1b537148d67f03fd7efa609cf45cea1a5,sell,0xa578acc0cb7875781b7880903f4594d13cfa8b98,0x682eddc19b4eb95fa12b9b6068434efe6292235c76362b2fadff2ddded458345
254,13.31,0.082522,0x3ad8e841a1ac30864088107677c999d4ce9351f8,2017-09-11T08:07:09.000Z,0.0062,0xab717ed1b537148d67f03fd7efa609cf45cea1a5,sell,0xa578acc0cb7875781b7880903f4594d13cfa8b98,0x4cad5db3596cfeb7574bd69ad56f8ecff44518d1e51966d0ab09ca2303b61a31
255,590,3.658000059,0xc8790a0bff976b39d119b8dc47c3e0f6574fe1c8,2017-09-11T08:06:35.000Z,0.0062000001,0xab717ed1b537148d67f03fd7efa609cf45cea1a5,sell,0xa578acc0cb7875781b7880903f4594d13cfa8b98,0x4d60309a0c890154f5854b8e9506596fb396ea79e5376518d0eab307029fa6a2
256,100,0.62006,0x8e2e886a630f02dea79f6a0e37c0be1b3927e569,2017-09-11T08:06:20.000Z,0.0062006,0xab717ed1b537148d67f03fd7efa609cf45cea1a5,sell,0xa578acc0cb7875781b7880903f4594d13cfa8b98,0xff1a414cb2f4d4b2ac96f0aad050de88590b995b2ef608c72d8adc363517755b
257,55,0.385,0x4f011d474c659e0f6fb94cb48e6824ff8f52f5e4,2017-09-11T07:43:25.000Z,0.007,0xc8790a0bff976b39d119b8dc47c3e0f6574fe1c8,sell,0xa578acc0cb7875781b7880903f4594d13cfa8b98,0x03d896bb43a935bc0239bdcf5f2efa4c2c50713f2a24bc11f37167565dd46a73
258,300,1.92,0x1fdf047bf7a114b37e7936d01e9cad754ad18803,2017-09-11T07:29:11.000Z,0.0064,0xab717ed1b537148d67f03fd7efa609cf45cea1a5,sell,0xa578acc0cb7875781b7880903f4594d13cfa8b98,0x97c35dbabf1a72123b4a5e17dea7438cb03363e4bf094f12c869e80427f026eb
259,58,0.3654,0x8221f3e07e0609a54abb9772c3398c276f48eaca,2017-09-11T07:29:11.000Z,0.0063,0xab717ed1b537148d67f03fd7efa609cf45cea1a5,sell,0xa578acc0cb7875781b7880903f4594d13cfa8b98,0xc3035ae58116a5996a6c6e651ed58405f13f9c86b0843c594926a37b2d4f7d4b
260,1580,9.796,0xb250d3147a73beb58405f9cc12f280796e521fc9,2017-09-11T07:28:34.000Z,0.0062,0xab717ed1b537148d67f03fd7efa609cf45cea1a5,sell,0xa578acc0cb7875781b7880903f4594d13cfa8b98,0xc713588aafd740cba9f1e220381078a014254c3d426f8c369cfe24b39a380583
261,16.35,0.104641635,0x894468c8aaefd8d939f0af7ec8f142b23659e447,2017-09-11T07:28:34.000Z,0.0064001,0xab717ed1b537148d67f03fd7efa609cf45cea1a5,sell,0xa578acc0cb7875781b7880903f4594d13cfa8b98,0x627e2aa9636909c8ea741de159735cd02853892890e189a1be5953e3460867e1
262,149.51,1.1355505455587678,0xfb9ce961623f53e0174e5a3a854994de5705f7f0,2017-09-11T07:26:02.000Z,0.007595147786494333,0xc8790a0bff976b39d119b8dc47c3e0f6574fe1c8,buy,0xa578acc0cb7875781b7880903f4594d13cfa8b98,0xba95a94a0ffd677f1fd6ba8bdcf3fe5d79ea40d435d7f3f9ccbe490c47b9d411
263,320,2.4303328,0x894468c8aaefd8d939f0af7ec8f142b23659e447,2017-09-11T07:06:35.000Z,0.00759479,0xc8790a0bff976b39d119b8dc47c3e0f6574fe1c8,buy,0xa578acc0cb7875781b7880903f4594d13cfa8b98,0x9cdd22c216b747fc3d9be2f17d051aa3bebe3319a91a9ad7aa5588e091898de7
264,5.26,0.040002865,0xe985ac05f01f7fa12e3322003e88bde06e6fe042,2017-09-11T01:04:45.000Z,0.007605107414448669,0x7dc879fa4926db3d5a478ed9a3ddc0c6ad75b991,buy,0xa578acc0cb7875781b7880903f4594d13cfa8b98,0xf83e3c869486cfe8c8542db48c280c36c9e4e18ff671f32cdcde1b814376bc54
265,0.38,0.002356,0x2b94e08d9eb99428d36b5a8a1c9c5e116c5db7f0,2017-09-10T23:47:15.000Z,0.0062,0xa82c826046b13371e59474e9b6ee697382a73bf2,buy,0xa578acc0cb7875781b7880903f4594d13cfa8b98,0x2aa5dcbb02c3fa560f1f144fec44dc0390a5b0c1514bc8166bb38a0ef50eb8e6
266,6,0.0432,0x2b94e08d9eb99428d36b5a8a1c9c5e116c5db7f0,2017-09-10T15:40:21.000Z,0.0072,0xc8790a0bff976b39d119b8dc47c3e0f6574fe1c8,sell,0xa578acc0cb7875781b7880903f4594d13cfa8b98,0x032fc5300602ccc44e0cafef719ac85718a39802e10a360479d47bcdd0e0e04d
267,5,0.037,0x2b94e08d9eb99428d36b5a8a1c9c5e116c5db7f0,2017-09-10T15:40:05.000Z,0.0074,0xc8790a0bff976b39d119b8dc47c3e0f6574fe1c8,sell,0xa578acc0cb7875781b7880903f4594d13cfa8b98,0x29e8433cffc9e38b15f7ec36bb31b0669751de60f7cbabd547f51fe598ed3479
268,2,0.015,0x2b94e08d9eb99428d36b5a8a1c9c5e116c5db7f0,2017-09-10T15:38:03.000Z,0.0075,0xc8790a0bff976b39d119b8dc47c3e0f6574fe1c8,sell,0xa578acc0cb7875781b7880903f4594d13cfa8b98,0xad2f97efb69dc431c4e416e6bffcae09edc435c78497cdd5e9f246620cb5b471
269,2,0.015,0x2b94e08d9eb99428d36b5a8a1c9c5e116c5db7f0,2017-09-10T15:38:03.000Z,0.0075,0xc8790a0bff976b39d119b8dc47c3e0f6574fe1c8,sell,0xa578acc0cb7875781b7880903f4594d13cfa8b98,0xc3fd8e8158fc67d6c0a3e85ab347a13b9e6330602ede332129f955c286645534
270,2,0.015,0x2b94e08d9eb99428d36b5a8a1c9c5e116c5db7f0,2017-09-10T15:38:03.000Z,0.0075,0xc8790a0bff976b39d119b8dc47c3e0f6574fe1c8,sell,0xa578acc0cb7875781b7880903f4594d13cfa8b98,0xdbcbb1748650c5c2964e8c3a622f4d9aff59bbd3808c4ffeeec8d450c74e1307
271,100,0.62,0x32c91fbfa0b276dc8a9d7a8332b2ddf5bbb7ff7a,2017-09-10T15:01:02.000Z,0.0062,0x2b94e08d9eb99428d36b5a8a1c9c5e116c5db7f0,sell,0xa578acc0cb7875781b7880903f4594d13cfa8b98,0x324b1b12ffd6967e53f49d586b5e5d8705b79a1eec0933244e6b9c5f7b1aa58d
272,167,1.018766967,0x0c5442b8ec4bea6f0509f062b5d63e692fb54743,2017-09-10T14:58:08.000Z,0.006100401,0x2b94e08d9eb99428d36b5a8a1c9c5e116c5db7f0,sell,0xa578acc0cb7875781b7880903f4594d13cfa8b98,0x865c63b195dc737edbacd93f55b9c23d9d6600fa29bad26f13562130a2bfdebb
273,1115,6.801946,0x9d5e8f17e49abaaf36e0bec137cd7d3d0da1969e,2017-09-10T14:23:08.000Z,0.0061004,0x2b94e08d9eb99428d36b5a8a1c9c5e116c5db7f0,sell,0xa578acc0cb7875781b7880903f4594d13cfa8b98,0x793af1eb4894ff2f49f182398ece1c05feba5ce004b5faa9f620046acb76a103
274,870,5.30734887,0xe41ea6047a07745f6b29fe85c83617260d7b24e6,2017-09-10T14:22:13.000Z,0.006100401,0x2b94e08d9eb99428d36b5a8a1c9c5e116c5db7f0,sell,0xa578acc0cb7875781b7880903f4594d13cfa8b98,0x8f2b2f5de2120a7976426b96e83c91c126ec58895082581c43bf8b0d26228c51
275,819,4.996229238,0xc8790a0bff976b39d119b8dc47c3e0f6574fe1c8,2017-09-10T14:22:13.000Z,0.006100402,0x2b94e08d9eb99428d36b5a8a1c9c5e116c5db7f0,sell,0xa578acc0cb7875781b7880903f4594d13cfa8b98,0xc63844da889f32794cf5033fb6edaf6d473989ffd210aeeb45338cf9c8d114ba
276,220,1.67167,0x894468c8aaefd8d939f0af7ec8f142b23659e447,2017-09-10T14:08:20.000Z,0.0075985,0xbaeefa9f24ba0ae7c127d84cfcec91c1d372ddc0,buy,0xa578acc0cb7875781b7880903f4594d13cfa8b98,0xf27bfaec186b7ceab9d40542ee9e094ccfaae2ffa087519837046fe32378664c
277,280,2.12758,0xd15176e25921d147665e5703c53be2bf546ba4a3,2017-09-10T14:06:24.000Z,0.0075985,0xbaeefa9f24ba0ae7c127d84cfcec91c1d372ddc0,buy,0xa578acc0cb7875781b7880903f4594d13cfa8b98,0xfd9d13b424f833a94a36fcc5db21231ce66866321f99a6414e7a97b1dafcbaac
278,10,0.074,0x2b94e08d9eb99428d36b5a8a1c9c5e116c5db7f0,2017-09-10T13:56:52.000Z,0.0074,0x32c91fbfa0b276dc8a9d7a8332b2ddf5bbb7ff7a,sell,0xa578acc0cb7875781b7880903f4594d13cfa8b98,0x00069644739491c3b57cbaf3f299b3a454d35377eaa31ce4a43e2f25d64aa32d
279,10,0.0752,0x2b94e08d9eb99428d36b5a8a1c9c5e116c5db7f0,2017-09-10T13:56:38.000Z,0.00752,0x32c91fbfa0b276dc8a9d7a8332b2ddf5bbb7ff7a,sell,0xa578acc0cb7875781b7880903f4594d13cfa8b98,0x70a6929561bbd1cb84b5816dbd407c3b35cb712ceabce5a328de74e746f735be
280,10,0.0752,0x2b94e08d9eb99428d36b5a8a1c9c5e116c5db7f0,2017-09-10T13:56:38.000Z,0.00752,0x32c91fbfa0b276dc8a9d7a8332b2ddf5bbb7ff7a,sell,0xa578acc0cb7875781b7880903f4594d13cfa8b98,0xa345b37c53d84493e6fbf362d7d4b4fc2e0356427ab3b3444399025ca6fd92eb
281,30,0.222,0x2b94e08d9eb99428d36b5a8a1c9c5e116c5db7f0,2017-09-10T13:56:38.000Z,0.0074,0x32c91fbfa0b276dc8a9d7a8332b2ddf5bbb7ff7a,sell,0xa578acc0cb7875781b7880903f4594d13cfa8b98,0xf4c2655cb80998258c9523e28e5e3b42b3ced9551ca37d494ee37e913ca54639
282,6,0.045132,0x2b94e08d9eb99428d36b5a8a1c9c5e116c5db7f0,2017-09-10T13:55:55.000Z,0.007522,0x32c91fbfa0b276dc8a9d7a8332b2ddf5bbb7ff7a,sell,0xa578acc0cb7875781b7880903f4594d13cfa8b98,0x1a7d201fd54766f14c9f3a04b438740b696b85739fb16c6b2fd0724e27d0cf6c
283,472.92,3.58950075,0xd15176e25921d147665e5703c53be2bf546ba4a3,2017-09-10T13:39:56.000Z,0.007590080246130424,0x7dc879fa4926db3d5a478ed9a3ddc0c6ad75b991,buy,0xa578acc0cb7875781b7880903f4594d13cfa8b98,0x875707f41750deedc25fe08a5c2a2d86b3898e41789533e3217771b6f1d6f514
284,55.43,0.343666,0x0d7796da9df14acfd486403d16523d02f59de143,2017-09-10T13:04:15.000Z,0.0062,0x2b94e08d9eb99428d36b5a8a1c9c5e116c5db7f0,sell,0xa578acc0cb7875781b7880903f4594d13cfa8b98,0x39b289e4693a644bff25b287b4dee70e657b726cdd88e19eca4c5f1ebe24f57c
285,1,0.00759,0x0024a5046fd95c5eee6db19a69ef7ed3bacd50f1,2017-09-10T11:43:20.000Z,0.00759,0x7dc879fa4926db3d5a478ed9a3ddc0c6ad75b991,buy,0xa578acc0cb7875781b7880903f4594d13cfa8b98,0x10e59008f45155dfda8e8c53eb3a4a2aebf2354fba450bff10c61af0c3ce43fd
286,20,0.1518,0xac51a5aefd71644ddc573303e3e233b0845950a1,2017-09-10T11:15:14.000Z,0.00759,0x7dc879fa4926db3d5a478ed9a3ddc0c6ad75b991,buy,0xa578acc0cb7875781b7880903f4594d13cfa8b98,0x4a9ff1efe66754b4a0914f1b2e1a7c813025af509cf75d8f7484c4b9e002da0f
287,77.07,0.58499925,0xfb9ce961623f53e0174e5a3a854994de5705f7f0,2017-09-10T10:32:07.000Z,0.007590492409497859,0x7dc879fa4926db3d5a478ed9a3ddc0c6ad75b991,buy,0xa578acc0cb7875781b7880903f4594d13cfa8b98,0x0cb866c52e7dfbc6d480202e150010900bc31d5facebdcbc76f665a1a6387e19
288,100,0.75,0xfb9ce961623f53e0174e5a3a854994de5705f7f0,2017-09-10T10:22:33.000Z,0.0075,0x1fdf047bf7a114b37e7936d01e9cad754ad18803,buy,0xa578acc0cb7875781b7880903f4594d13cfa8b98,0x5365fb58b09ec4e68844cce7706852d946da7465a4b70f7779b21a9f06e2407a
289,4.57,0.028334,0x0d7796da9df14acfd486403d16523d02f59de143,2017-09-10T06:30:49.000Z,0.0062,0x6d3d0dfa885186833d6cf04f7890aab7d3b43cd1,sell,0xa578acc0cb7875781b7880903f4594d13cfa8b98,0x6961c090d9c0a81613e01a17aaa5083105d4e78486ac4fede2e4a00b1ebeecff
290,1000,6.1001,0x32c91fbfa0b276dc8a9d7a8332b2ddf5bbb7ff7a,2017-09-10T05:45:18.000Z,0.0061001,0x2b94e08d9eb99428d36b5a8a1c9c5e116c5db7f0,sell,0xa578acc0cb7875781b7880903f4594d13cfa8b98,0x32ab4994bdd3de26fa839c6985759b58d006b95e8a904e91eb6d9a512bbcb59f
291,2000,12.2004,0xc8790a0bff976b39d119b8dc47c3e0f6574fe1c8,2017-09-10T05:43:49.000Z,0.0061002,0x2b94e08d9eb99428d36b5a8a1c9c5e116c5db7f0,sell,0xa578acc0cb7875781b7880903f4594d13cfa8b98,0x23bd9564052a08416a777a451cad28b2014b5be9d53dbf11f5b16e144df5255b
292,501,3.9078,0x32c91fbfa0b276dc8a9d7a8332b2ddf5bbb7ff7a,2017-09-10T05:02:50.000Z,0.0078,0xc8790a0bff976b39d119b8dc47c3e0f6574fe1c8,buy,0xa578acc0cb7875781b7880903f4594d13cfa8b98,0x993f81fa22076227a78bebe39d66bc0d9febcebf4ca2b1fa2cc317fbfe329890
293,499.68,3.89700432,0xc8790a0bff976b39d119b8dc47c3e0f6574fe1c8,2017-09-10T04:56:38.000Z,0.007799,0x32c91fbfa0b276dc8a9d7a8332b2ddf5bbb7ff7a,buy,0xa578acc0cb7875781b7880903f4594d13cfa8b98,0xcb30097cc041770d22ff06c292a6ce0a4a6e840b018ccb77bef08edf31ff0af5
294,500,3.8995,0xc8790a0bff976b39d119b8dc47c3e0f6574fe1c8,2017-09-10T04:54:39.000Z,0.007799,0x32c91fbfa0b276dc8a9d7a8332b2ddf5bbb7ff7a,buy,0xa578acc0cb7875781b7880903f4594d13cfa8b98,0x717993b7167765c0d9e198b9aa3f497c314640178e936418a703d83e23b52a99
295,0.32,0.00209600032,0x47e889c0034ca643180d49a4fdfea4f10d8eea7b,2017-09-10T04:54:07.000Z,0.006550001,0x32c91fbfa0b276dc8a9d7a8332b2ddf5bbb7ff7a,sell,0xa578acc0cb7875781b7880903f4594d13cfa8b98,0x4a2490eb73dc9228f728866fbad5f5d6d38fc5b5e6c802221db2587f68c2a8ec
296,500,3.8995,0xc8790a0bff976b39d119b8dc47c3e0f6574fe1c8,2017-09-10T04:49:13.000Z,0.007799,0x32c91fbfa0b276dc8a9d7a8332b2ddf5bbb7ff7a,buy,0xa578acc0cb7875781b7880903f4594d13cfa8b98,0xd19d25e85106c5c2eb861689df6778114b11c9b97fa03853fa3d4593ad1374cb
297,160,0.976,0xedb033607cc9417e198974ab5da71bc8db865480,2017-09-10T04:45:07.000Z,0.0061,0x2b94e08d9eb99428d36b5a8a1c9c5e116c5db7f0,sell,0xa578acc0cb7875781b7880903f4594d13cfa8b98,0x950f191d7925678818de19a199174173fedb114fc4c29b5aa5eb49d02d4ce963
298,0.88,0.00668712,0x2b94e08d9eb99428d36b5a8a1c9c5e116c5db7f0,2017-09-10T04:31:20.000Z,0.007599,0xc8790a0bff976b39d119b8dc47c3e0f6574fe1c8,sell,0xa578acc0cb7875781b7880903f4594d13cfa8b98,0x40399c48a63fa0c517dd94d29aabf88ca6034068aab358ec1d22ce46194778f0
299,0.88,0.00668712,0x2b94e08d9eb99428d36b5a8a1c9c5e116c5db7f0,2017-09-10T04:31:20.000Z,0.007599,0xc8790a0bff976b39d119b8dc47c3e0f6574fe1c8,sell,0xa578acc0cb7875781b7880903f4594d13cfa8b98,0xfe5f605c99b3e88adc13450b20b82c5d5524b63d8c464bf7d3441c0296df1c38
300,0.88,0.00668712,0x2b94e08d9eb99428d36b5a8a1c9c5e116c5db7f0,2017-09-10T04:31:20.000Z,0.007599,0xc8790a0bff976b39d119b8dc47c3e0f6574fe1c8,sell,0xa578acc0cb7875781b7880903f4594d13cfa8b98,0xd04e1b2f154000d9df76daa550a81f05df3fe6584c8b0f7f74fca9eb9f3c6136
301,0.88,0.00668712,0x2b94e08d9eb99428d36b5a8a1c9c5e116c5db7f0,2017-09-10T04:31:20.000Z,0.007599,0xc8790a0bff976b39d119b8dc47c3e0f6574fe1c8,sell,0xa578acc0cb7875781b7880903f4594d13cfa8b98,0xc088fe1d71c881965be767a83acf8f63ab705b91f968e0f72f16dfa5d2bd505e
302,0.88,0.00668712,0x2b94e08d9eb99428d36b5a8a1c9c5e116c5db7f0,2017-09-10T04:31:07.000Z,0.007599,0xc8790a0bff976b39d119b8dc47c3e0f6574fe1c8,sell,0xa578acc0cb7875781b7880903f4594d13cfa8b98,0x01f546d8535b9a18cdee947e9fce312fc214d9f93fabe180521734947c1393ba
303,0.06,0.0005,0x64b604630e055318093215b7ed41697ca4fb5de6,2017-09-10T03:03:54.000Z,0.008333333333333333,0x2b94e08d9eb99428d36b5a8a1c9c5e116c5db7f0,buy,0xa578acc0cb7875781b7880903f4594d13cfa8b98,0xd0c46a728afb6167d6a6249e5a6567134ff3f9146300a2372d46a917ce12469e
304,0.06,0.0005,0x64b604630e055318093215b7ed41697ca4fb5de6,2017-09-10T02:53:13.000Z,0.008333333333333333,0x2b94e08d9eb99428d36b5a8a1c9c5e116c5db7f0,buy,0xa578acc0cb7875781b7880903f4594d13cfa8b98,0x8ad4d6c8f18ff8376a28ba4ed2a4b68689cb231d570f0a9ac0ca4e35b7cf37fb
305,20,0.15199976,0x2b94e08d9eb99428d36b5a8a1c9c5e116c5db7f0,2017-09-10T01:33:53.000Z,0.007599988,0x2b94e08d9eb99428d36b5a8a1c9c5e116c5db7f0,buy,0xa578acc0cb7875781b7880903f4594d13cfa8b98,0xb5530cb93f8414d5885ed447d0b6decd8c2b625f7296bf2e3cfd6336f44f1e50
306,100,0.7,0x0c5442b8ec4bea6f0509f062b5d63e692fb54743,2017-09-10T01:32:07.000Z,0.007,0x2b94e08d9eb99428d36b5a8a1c9c5e116c5db7f0,sell,0xa578acc0cb7875781b7880903f4594d13cfa8b98,0x509a277460c1f96e264dd3460194a6f865f835cdb3c76ffa0c1c6517eaeb1d47
307,0.87,0.006177,0xacb9a22ab5ac6453d27b1525e754a1bac373a9b4,2017-09-10T01:18:00.000Z,0.0071,0x4d75687b5e9ee87abb070d047d01ef44cb8fa764,sell,0xa578acc0cb7875781b7880903f4594d13cfa8b98,0x467addc6661a834f6ef7576cf443185bd376ea3563451a487c17de75634af5b7
308,1.9,0.0133,0xd15176e25921d147665e5703c53be2bf546ba4a3,2017-09-10T01:18:00.000Z,0.007,0x4d75687b5e9ee87abb070d047d01ef44cb8fa764,sell,0xa578acc0cb7875781b7880903f4594d13cfa8b98,0xe495b4dab8219938b4c1220dac8c52efc07ab19411954e31438904633fcf6cd4
309,100,0.655,0x1fdf047bf7a114b37e7936d01e9cad754ad18803,2017-09-10T01:13:44.000Z,0.00655,0x4d75687b5e9ee87abb070d047d01ef44cb8fa764,sell,0xa578acc0cb7875781b7880903f4594d13cfa8b98,0xf025c75f9a40230d62e865ffa2f9e760142c1ff657db1e7dd32fbcc3bf43131c
310,138.13,0.897845,0x1df85a87066c945050ee25fbc35995d2bbfa3e38,2017-09-10T01:13:44.000Z,0.0065,0x4d75687b5e9ee87abb070d047d01ef44cb8fa764,sell,0xa578acc0cb7875781b7880903f4594d13cfa8b98,0x9848e5fec77e2f59940a306fcc780b53557a0c64df38b03163dba35e4d1fd33a
311,347,2.272850347,0x47e889c0034ca643180d49a4fdfea4f10d8eea7b,2017-09-10T01:13:38.000Z,0.006550001,0x4d75687b5e9ee87abb070d047d01ef44cb8fa764,sell,0xa578acc0cb7875781b7880903f4594d13cfa8b98,0x1558f2709e6eb6cc8f004b48b5889377b3c79b3e4e6a7c4292a337531a9ca069
312,20,0.15199976,0x96373170538a83c7674ef92f41d195203a8abe09,2017-09-09T20:29:26.000Z,0.007599988,0x2b94e08d9eb99428d36b5a8a1c9c5e116c5db7f0,buy,0xa578acc0cb7875781b7880903f4594d13cfa8b98,0xf353f14fc88516f4df3c94870915659a4a3ce6424186036d11a2a5a92fabf8be
313,440,3.08,0x29cf84559a01d9e5b9f3f82ad5be725fa85a43c7,2017-09-09T13:56:36.000Z,0.007,0x2b94e08d9eb99428d36b5a8a1c9c5e116c5db7f0,sell,0xa578acc0cb7875781b7880903f4594d13cfa8b98,0xee644c869b1a23e2946ed88a4fcea474487b37bfdd9fdedaf114f74368ed3bb4
314,0.01,0.000071,0xacb9a22ab5ac6453d27b1525e754a1bac373a9b4,2017-09-09T08:14:37.000Z,0.0071,0x8a30cdeb6db0c847d7fc4027cca36b7ab775be9f,sell,0xa578acc0cb7875781b7880903f4594d13cfa8b98,0xef0cfd1f67916cfb3f470d88e52b5e0587212d8743877650bf98a79ff86884b5
315,63,0.4473,0x3ad8e841a1ac30864088107677c999d4ce9351f8,2017-09-09T06:23:45.000Z,0.0071,0x2b94e08d9eb99428d36b5a8a1c9c5e116c5db7f0,sell,0xa578acc0cb7875781b7880903f4594d13cfa8b98,0xdf771c11539b65c27ad0ec487ccd0f9f45ad9802da367b2be910f8ee5cf4e6e8
316,97,0.6887,0x011bcfccafa3a9b299adda770a5ec1b2fc8f57ae,2017-09-09T05:57:50.000Z,0.0071,0x8067e863bf85384a1a2dc55ed55d99b6861770d7,sell,0xa578acc0cb7875781b7880903f4594d13cfa8b98,0xb8488c03b0c36e3c43bb8d6c466705b138a37696c601e7f85492f9a9e77c02fc
317,635,4.51485,0x3ad8e841a1ac30864088107677c999d4ce9351f8,2017-09-09T05:21:54.000Z,0.00711,0x2b94e08d9eb99428d36b5a8a1c9c5e116c5db7f0,sell,0xa578acc0cb7875781b7880903f4594d13cfa8b98,0xe377d479c777bb674109ea53c36e4b622cf1c4e842d84f42910247d20ea2a7d5
318,1593.61,11.314631,0x084282192252c0c1985c1094a58605c56b83c81c,2017-09-09T05:19:09.000Z,0.0071,0x2b94e08d9eb99428d36b5a8a1c9c5e116c5db7f0,sell,0xa578acc0cb7875781b7880903f4594d13cfa8b98,0xcd56318e05212b4c11c612bfbb344ef4ecea54e4163f6e22593c33c6cc3ea7e7
319,58.32,0.449064,0x084282192252c0c1985c1094a58605c56b83c81c,2017-09-09T05:18:22.000Z,0.0077,0x3ad8e841a1ac30864088107677c999d4ce9351f8,buy,0xa578acc0cb7875781b7880903f4594d13cfa8b98,0x269213cd67799dbfad3980d7cb47188364db027f77ee0edf39c2434dc6c7e959
320,920,7.175816,0x084282192252c0c1985c1094a58605c56b83c81c,2017-09-09T05:18:20.000Z,0.0077998,0x2b94e08d9eb99428d36b5a8a1c9c5e116c5db7f0,buy,0xa578acc0cb7875781b7880903f4594d13cfa8b98,0x4f0c84652cda9460d9ebe0c948a06b5ae23ae76b804bda5ac15cbbc2c8a784cb
321,346.67,2.6000251719669025,0x084282192252c0c1985c1094a58605c56b83c81c,2017-09-09T04:10:56.000Z,0.007500000496053603,0x3ad8e841a1ac30864088107677c999d4ce9351f8,buy,0xa578acc0cb7875781b7880903f4594d13cfa8b98,0x0609b2e7e49983eff7b4a5ea0d03a3f9b14e4811666951f1b994992964bcbeac
322,568,4.3168,0x084282192252c0c1985c1094a58605c56b83c81c,2017-09-09T04:10:09.000Z,0.0076,0xa82c826046b13371e59474e9b6ee697382a73bf2,buy,0xa578acc0cb7875781b7880903f4594d13cfa8b98,0x95170322a7b6c6a1db1f065f9b05d4dc834ae068ff966e98b69ca324bf5f66bc
323,568,4.3168,0x084282192252c0c1985c1094a58605c56b83c81c,2017-09-09T04:09:39.000Z,0.0076,0xa82c826046b13371e59474e9b6ee697382a73bf2,buy,0xa578acc0cb7875781b7880903f4594d13cfa8b98,0x95170322a7b6c6a1db1f065f9b05d4dc834ae068ff966e98b69ca324bf5f66bc
324,0.32,0.002474828033097398,0x47e889c0034ca643180d49a4fdfea4f10d8eea7b,2017-09-09T03:54:07.000Z,0.0077338376034293685,0x3ad8e841a1ac30864088107677c999d4ce9351f8,buy,0xa578acc0cb7875781b7880903f4594d13cfa8b98,0xeb74e2e1df6acf01b0c247a601732d6882638d84b8998d9ea0dafa10edbc5044
325,207,1.5525,0x47e889c0034ca643180d49a4fdfea4f10d8eea7b,2017-09-09T03:53:07.000Z,0.0075,0x3ad8e841a1ac30864088107677c999d4ce9351f8,buy,0xa578acc0cb7875781b7880903f4594d13cfa8b98,0xa6e4463bc6dc317699561117335fe30680347215f06e04dd88579eceab406bc1
326,10,0.075,0x47e889c0034ca643180d49a4fdfea4f10d8eea7b,2017-09-09T03:18:57.000Z,0.0075,0x3ad8e841a1ac30864088107677c999d4ce9351f8,buy,0xa578acc0cb7875781b7880903f4594d13cfa8b98,0x0672666570e76357917fa0ee4112c4e585e9d940c236729481b7306a60c74142
327,5,0.0375,0x47e889c0034ca643180d49a4fdfea4f10d8eea7b,2017-09-09T03:11:18.000Z,0.0075,0x3ad8e841a1ac30864088107677c999d4ce9351f8,buy,0xa578acc0cb7875781b7880903f4594d13cfa8b98,0xd8ea8c60f6295adddd845ca83348419ce2fc621a84164d8074f563de437483c6
328,1,0.0075,0x47e889c0034ca643180d49a4fdfea4f10d8eea7b,2017-09-09T03:09:07.000Z,0.0075,0x3ad8e841a1ac30864088107677c999d4ce9351f8,buy,0xa578acc0cb7875781b7880903f4594d13cfa8b98,0x87a71f0abad27004ece86edc3c00e82cba9bf370169418132e58cedd4e0acd4a
329,30,0.225,0xd15176e25921d147665e5703c53be2bf546ba4a3,2017-09-09T02:56:50.000Z,0.0075,0x3ad8e841a1ac30864088107677c999d4ce9351f8,buy,0xa578acc0cb7875781b7880903f4594d13cfa8b98,0xf3fd0e09c377dfb45c6ea0b0b212174e6a011dfbb28ace50f37dcda090c26489
330,240,2.4,0xe710eef236aa3eb4345be054b0f98755d7712ad7,2017-09-09T01:39:18.000Z,0.01,0xe710eef236aa3eb4345be054b0f98755d7712ad7,buy,0xa578acc0cb7875781b7880903f4594d13cfa8b98,0xd778400b3690511084a83c39b6bbc726f8409465b2ae33f0e1c3ec92cc1cc39e
331,18,0.1278,0x888948ce019d6d2a4709256fbe15abc933059d3c,2017-09-09T00:23:39.000Z,0.0071,0xa82c826046b13371e59474e9b6ee697382a73bf2,buy,0xa578acc0cb7875781b7880903f4594d13cfa8b98,0x689cceab43e1062f92ea2b7489a5733f4db2da832020a91cc9dc764a60d19f6b
332,110,0.781,0x7aabd81ed83572612a5b5643434f78a1b921b0cf,2017-09-08T23:37:10.000Z,0.0071,0xa82c826046b13371e59474e9b6ee697382a73bf2,buy,0xa578acc0cb7875781b7880903f4594d13cfa8b98,0x6f79daf877d90f2511ec74873cde5832aa59b57d6e8f709f2428b5b1582f6a77
333,190,1.349,0x3ad8e841a1ac30864088107677c999d4ce9351f8,2017-09-08T10:42:50.000Z,0.0071,0x2b94e08d9eb99428d36b5a8a1c9c5e116c5db7f0,sell,0xa578acc0cb7875781b7880903f4594d13cfa8b98,0x077c4594690587db3482495eb6998ebf1598c35e13871a7ab1b54585f3e46048
334,164.69,1.284644853489331,0xefd0199657b444856e3259ed8e3c39ee43cf51dc,2017-09-08T10:20:14.000Z,0.00780038164727264,0x3ad8e841a1ac30864088107677c999d4ce9351f8,buy,0xa578acc0cb7875781b7880903f4594d13cfa8b98,0x89509d0abdcea99e23685a829a23160960fa22e9f16e9a0460591b82547cf8ee
335,190,1.349,0x011bcfccafa3a9b299adda770a5ec1b2fc8f57ae,2017-09-08T10:14:35.000Z,0.0071,0xbaeefa9f24ba0ae7c127d84cfcec91c1d372ddc0,sell,0xa578acc0cb7875781b7880903f4594d13cfa8b98,0x50cd94d64b63f40bd33ca9126ec6fab91ba29a73d786ba801b2d3f3c9b3dd202
336,51.78,0.367638,0x3ad8e841a1ac30864088107677c999d4ce9351f8,2017-09-08T10:14:32.000Z,0.0071,0xbaeefa9f24ba0ae7c127d84cfcec91c1d372ddc0,sell,0xa578acc0cb7875781b7880903f4594d13cfa8b98,0x178c1ef5a0cecefa225e5575a42419ad1438d410c87256820ea5d9a03164680e
337,148.22,1.052362,0x3ad8e841a1ac30864088107677c999d4ce9351f8,2017-09-08T09:50:11.000Z,0.0071,0xe849d8b1b6714554d5019b40280e95209db356ea,sell,0xa578acc0cb7875781b7880903f4594d13cfa8b98,0x8265e2e541c5dcd5f29b396ac3c35bc6c2020fc8d054122184395f132c223333
338,11.87,0.077155,0x1df85a87066c945050ee25fbc35995d2bbfa3e38,2017-09-08T07:14:01.000Z,0.0065,0x4599c6f6b69d86e042809c16b490c632f0e5b029,sell,0xa578acc0cb7875781b7880903f4594d13cfa8b98,0x6262070de68a37d96279066a486b74109169a410493ab5b3f5e213d9a22ee110
339,460,3.082046,0xe41ea6047a07745f6b29fe85c83617260d7b24e6,2017-09-08T07:12:58.000Z,0.0067001,0x4599c6f6b69d86e042809c16b490c632f0e5b029,sell,0xa578acc0cb7875781b7880903f4594d13cfa8b98,0x82e317ae5f6b10785d1c50eccf34157ce2cf5aa4ce8c81669b919c4f9d9c1f24
340,190,1.349,0x011bcfccafa3a9b299adda770a5ec1b2fc8f57ae,2017-09-08T07:12:31.000Z,0.0071,0x4599c6f6b69d86e042809c16b490c632f0e5b029,sell,0xa578acc0cb7875781b7880903f4594d13cfa8b98,0xf164e8a4db03c797ea8581bad67949625c2a6f2d02fbabaee800ca56aa7828ec
341,880,6.16,0x17c437c0360207d3b7b0c4516e7ca768398ef2b9,2017-09-08T07:11:39.000Z,0.007,0x4599c6f6b69d86e042809c16b490c632f0e5b029,sell,0xa578acc0cb7875781b7880903f4594d13cfa8b98,0xad622204277d862c2743fb0d2607d661572552dae37497c6081aa021051df0eb
342,190,1.349,0x011bcfccafa3a9b299adda770a5ec1b2fc8f57ae,2017-09-08T07:11:39.000Z,0.0071,0x4599c6f6b69d86e042809c16b490c632f0e5b029,sell,0xa578acc0cb7875781b7880903f4594d13cfa8b98,0xbf04d71493e8d4e89fef51cb07eb3e3bdc3fdc77293f33393df8d96825204706
343,125,0.975,0xfb9ce961623f53e0174e5a3a854994de5705f7f0,2017-09-08T01:29:55.000Z,0.0078,0x3ad8e841a1ac30864088107677c999d4ce9351f8,buy,0xa578acc0cb7875781b7880903f4594d13cfa8b98,0x54f8198903865d4eb63e64b8ad239452557bc145ca07e12d591ea54c7be03527
344,190,1.349,0x011bcfccafa3a9b299adda770a5ec1b2fc8f57ae,2017-09-08T00:43:00.000Z,0.0071,0xab717ed1b537148d67f03fd7efa609cf45cea1a5,sell,0xa578acc0cb7875781b7880903f4594d13cfa8b98,0x49fc31e6be6e62dbed282a2560139b47856bfa911c48101b67a30f407a3450e9
345,220,1.562,0x88d08af60d4d0a37ebe01ede82c8f0646a116d1f,2017-09-08T00:42:57.000Z,0.0071,0xab717ed1b537148d67f03fd7efa609cf45cea1a5,sell,0xa578acc0cb7875781b7880903f4594d13cfa8b98,0x5de5129282463d102b82d80cea92ddf72a55a9af89ce964b98eb33782158a948
346,500,3.55,0x3ad8e841a1ac30864088107677c999d4ce9351f8,2017-09-08T00:42:53.000Z,0.0071,0xab717ed1b537148d67f03fd7efa609cf45cea1a5,sell,0xa578acc0cb7875781b7880903f4594d13cfa8b98,0x984607d7d99f3ffacdb859fd7d983b940176441014dbaff3bd91bf856a90fc64
347,150,1.17,0xd15176e25921d147665e5703c53be2bf546ba4a3,2017-09-08T00:25:14.000Z,0.0078,0x3ad8e841a1ac30864088107677c999d4ce9351f8,buy,0xa578acc0cb7875781b7880903f4594d13cfa8b98,0xe2963eca2c44c991e604a9d1b51a2030ec9e2b58bc914c3bd3f1a333fc1fca02
348,950,7.5962,0x011bcfccafa3a9b299adda770a5ec1b2fc8f57ae,2017-09-07T23:50:17.000Z,0.007996,0x4d75687b5e9ee87abb070d047d01ef44cb8fa764,buy,0xa578acc0cb7875781b7880903f4594d13cfa8b98,0xf3c1faf43132019fe60e7c82b6208c7e0cec140a6f657b158422d837a60d1a72
349,81.69,0.6208649309445564,0x011bcfccafa3a9b299adda770a5ec1b2fc8f57ae,2017-09-07T23:30:09.000Z,0.0076002562240734045,0xa82c826046b13371e59474e9b6ee697382a73bf2,buy,0xa578acc0cb7875781b7880903f4594d13cfa8b98,0xae6f9b5c7b90da963f0f4f8fb65c42c8dede05b0df4584c2a1df12401b0442f5
350,852.64,6.480111044951461,0x6d57996140600cef8d291591101a9b433c3ad166,2017-09-07T23:04:29.000Z,0.007600055175632695,0xa82c826046b13371e59474e9b6ee697382a73bf2,buy,0xa578acc0cb7875781b7880903f4594d13cfa8b98,0x566cefb19c0a459800cedc9e6dc46f4cb3031e5e09f83efb8c4b9f92d9afda67
351,1000,7.101,0x3ad8e841a1ac30864088107677c999d4ce9351f8,2017-09-07T23:03:16.000Z,0.007101,0x2b94e08d9eb99428d36b5a8a1c9c5e116c5db7f0,sell,0xa578acc0cb7875781b7880903f4594d13cfa8b98,0xb6c32813000ffb52958073d4bc848885511638643e89b5ea77026b8e05c1b2be
352,498,3.535800498,0xe41ea6047a07745f6b29fe85c83617260d7b24e6,2017-09-07T23:02:53.000Z,0.007100001,0x2b94e08d9eb99428d36b5a8a1c9c5e116c5db7f0,sell,0xa578acc0cb7875781b7880903f4594d13cfa8b98,0xa0ca2b71171733769f7e5900c8c315f8b703585babc62cf221c508888edbbc96
353,499,3.54290499,0xe41ea6047a07745f6b29fe85c83617260d7b24e6,2017-09-07T23:02:06.000Z,0.00710001,0x2b94e08d9eb99428d36b5a8a1c9c5e116c5db7f0,sell,0xa578acc0cb7875781b7880903f4594d13cfa8b98,0x950013d369a65c9e67823f9c60f38407d2d2e9dc1e706d6f6dd19338be865551
354,262.35,1.9938919081028248,0x6d57996140600cef8d291591101a9b433c3ad166,2017-09-07T21:48:01.000Z,0.007600121624176957,0xa82c826046b13371e59474e9b6ee697382a73bf2,buy,0xa578acc0cb7875781b7880903f4594d13cfa8b98,0xdbd6ee18ad88c34aa4a3d0f3ba50e200ddacd8c7a4b0c545f2d9b10ec3767d8b
355,3.3,0.02513211600115805,0x011bcfccafa3a9b299adda770a5ec1b2fc8f57ae,2017-09-07T19:20:00.000Z,0.007615792727623651,0xa82c826046b13371e59474e9b6ee697382a73bf2,buy,0xa578acc0cb7875781b7880903f4594d13cfa8b98,0xa14eee255d47106c8a9f899b57cbdb65baeeb1254b59868a0c219f9613427b36
356,700,4.97,0x3ad8e841a1ac30864088107677c999d4ce9351f8,2017-09-07T19:01:18.000Z,0.0071,0xbaeefa9f24ba0ae7c127d84cfcec91c1d372ddc0,sell,0xa578acc0cb7875781b7880903f4594d13cfa8b98,0x8dc119f619ec19266f605cbafb000f96f14cde0b2120c977d523e51d15337925
357,137,0.9727,0xacb9a22ab5ac6453d27b1525e754a1bac373a9b4,2017-09-07T18:58:16.000Z,0.0071,0x4d75687b5e9ee87abb070d047d01ef44cb8fa764,sell,0xa578acc0cb7875781b7880903f4594d13cfa8b98,0xc69e9ce5cb1db37e83f0f869963c1d40acb611afd68760692df0a5f7e9cdfbbf
358,32,0.2272,0x7aabd81ed83572612a5b5643434f78a1b921b0cf,2017-09-07T18:25:29.000Z,0.0071,0x8d4826af33f39691ee07f3bc1426f0f2a2cda278,buy,0xa578acc0cb7875781b7880903f4594d13cfa8b98,0x5900dec0061a23bab13ec64f38ca449f1b3376eb5e9488b501bff46820d9f410
359,100,0.76,0xa5f9fdb25cb3b0d9740981d1a152f2485e70568d,2017-09-07T18:14:57.000Z,0.0076,0xa82c826046b13371e59474e9b6ee697382a73bf2,buy,0xa578acc0cb7875781b7880903f4594d13cfa8b98,0xb4a48499f78ef01faa4910b38c43ed84075239dd6ef9e45795217020b24bc4db
360,1000,7.1,0x3ad8e841a1ac30864088107677c999d4ce9351f8,2017-09-07T14:33:06.000Z,0.0071,0xbaeefa9f24ba0ae7c127d84cfcec91c1d372ddc0,sell,0xa578acc0cb7875781b7880903f4594d13cfa8b98,0x368e53b04a2ec2a0f00a1ce890de9f6791680175db648b2f487a202fbaabe330
361,1000,7,0x17c437c0360207d3b7b0c4516e7ca768398ef2b9,2017-09-07T14:31:34.000Z,0.007,0xbaeefa9f24ba0ae7c127d84cfcec91c1d372ddc0,sell,0xa578acc0cb7875781b7880903f4594d13cfa8b98,0x305d9e93a2cab823aceb8762f1f3f984c895c44708de76f2ba6a7e62237fa650
362,699,5.3124,0x3ad8e841a1ac30864088107677c999d4ce9351f8,2017-09-07T14:16:19.000Z,0.0076,0x8d4826af33f39691ee07f3bc1426f0f2a2cda278,buy,0xa578acc0cb7875781b7880903f4594d13cfa8b98,0x32c59b4824d7c75e865908662460aa18f0cb54c47d09d4155c650dfc6238ae29
363,1,0.0076,0xc73604d0514ac01e63513d07601e7e98f2f117b4,2017-09-07T08:45:18.000Z,0.0076,0x8d4826af33f39691ee07f3bc1426f0f2a2cda278,buy,0xa578acc0cb7875781b7880903f4594d13cfa8b98,0xb521d091a7e5586582eee1e4097b8806b4ab3f4579378fb6a96ab8c884c2978c
364,430,3.01043,0x32c91fbfa0b276dc8a9d7a8332b2ddf5bbb7ff7a,2017-09-07T08:45:18.000Z,0.007001,0x2b94e08d9eb99428d36b5a8a1c9c5e116c5db7f0,sell,0xa578acc0cb7875781b7880903f4594d13cfa8b98,0x0208559539007ff3bdb098adfcdef93d192743bcfa5b4e4f08aaa96f8d136be8
365,95,0.7125,0x1df85a87066c945050ee25fbc35995d2bbfa3e38,2017-09-07T08:36:33.000Z,0.0075,0x2b94e08d9eb99428d36b5a8a1c9c5e116c5db7f0,sell,0xa578acc0cb7875781b7880903f4594d13cfa8b98,0xa239f7441f4fd411e9af49342fafc4a8c022b7d03d5dd4e319451e00c5d29721
366,300,2.25,0x0d7796da9df14acfd486403d16523d02f59de143,2017-09-07T08:32:20.000Z,0.0075,0x2b94e08d9eb99428d36b5a8a1c9c5e116c5db7f0,sell,0xa578acc0cb7875781b7880903f4594d13cfa8b98,0xc56ebeea3598124de056b14deb8e58aa5e835113f6f1865312775cb894eab29a
367,1400,10.64,0x17c437c0360207d3b7b0c4516e7ca768398ef2b9,2017-09-07T08:25:35.000Z,0.0076,0x2b94e08d9eb99428d36b5a8a1c9c5e116c5db7f0,sell,0xa578acc0cb7875781b7880903f4594d13cfa8b98,0x048ff0e78133036dc09abef367d1906f0542d08addec76953325397f37151d45
368,90,0.729,0x011bcfccafa3a9b299adda770a5ec1b2fc8f57ae,2017-09-07T06:33:51.000Z,0.0081,0x32c91fbfa0b276dc8a9d7a8332b2ddf5bbb7ff7a,sell,0xa578acc0cb7875781b7880903f4594d13cfa8b98,0x2ea1fa690dd62a2360b226f31594a13d44d1620152548a624bdffcaba2d26b2f
369,862,6.896,0x74c6b91ebcfc19d9751184c9de248749b6bfdd6d,2017-09-07T05:47:31.000Z,0.008,0xc8790a0bff976b39d119b8dc47c3e0f6574fe1c8,sell,0xa578acc0cb7875781b7880903f4594d13cfa8b98,0x514713e85bc2e9c1d3762a1a01a41854c8428ac51f60011a53dd38e2798ad0c5
370,55,0.4125,0x1df85a87066c945050ee25fbc35995d2bbfa3e38,2017-09-07T05:29:46.000Z,0.0075,0xc8790a0bff976b39d119b8dc47c3e0f6574fe1c8,sell,0xa578acc0cb7875781b7880903f4594d13cfa8b98,0x971fb54c9c0efef7f52096cd29b7981b84a64d5d3fff22835d3886f23da2db7b
371,80,0.656,0x011bcfccafa3a9b299adda770a5ec1b2fc8f57ae,2017-09-07T04:56:47.000Z,0.0082,0x32c91fbfa0b276dc8a9d7a8332b2ddf5bbb7ff7a,sell,0xa578acc0cb7875781b7880903f4594d13cfa8b98,0xbc7f400209443a70f995f9da3019c633053c2a5bdac339e4c642337a1e489f72
372,200,1.5,0x0d7796da9df14acfd486403d16523d02f59de143,2017-09-07T04:44:58.000Z,0.0075,0x2b94e08d9eb99428d36b5a8a1c9c5e116c5db7f0,sell,0xa578acc0cb7875781b7880903f4594d13cfa8b98,0xbf6fe2b1d62cc30d3b17dbae6471cf073c9cfb8d31e99d47311908b230fea063
373,100,0.82,0x011bcfccafa3a9b299adda770a5ec1b2fc8f57ae,2017-09-07T03:57:12.000Z,0.0082,0x1df85a87066c945050ee25fbc35995d2bbfa3e38,sell,0xa578acc0cb7875781b7880903f4594d13cfa8b98,0x00fad829dfa23300fc62538b696c84675ce2d0bd8b794047fc1ed236a5378ba3
374,180,1.476,0x011bcfccafa3a9b299adda770a5ec1b2fc8f57ae,2017-09-07T03:25:19.000Z,0.0082,0x32c91fbfa0b276dc8a9d7a8332b2ddf5bbb7ff7a,sell,0xa578acc0cb7875781b7880903f4594d13cfa8b98,0x5c8f3dd1b00086205cc1048b048b331750cfb0b4d489b4102c42b50d2f97b721
375,100,0.75,0x1df85a87066c945050ee25fbc35995d2bbfa3e38,2017-09-07T03:23:15.000Z,0.0075,0x2b94e08d9eb99428d36b5a8a1c9c5e116c5db7f0,sell,0xa578acc0cb7875781b7880903f4594d13cfa8b98,0xdfd61a45b57435a98789da8a4b96b3b22f56ac3a8d94eba2f8e0dd35a25e2c49
376,80.31,0.658542,0x011bcfccafa3a9b299adda770a5ec1b2fc8f57ae,2017-09-07T03:12:32.000Z,0.0082,0x32c91fbfa0b276dc8a9d7a8332b2ddf5bbb7ff7a,sell,0xa578acc0cb7875781b7880903f4594d13cfa8b98,0x95c2c7f48ee1a5ea1d02644fef1f7c5c2afd1671b16317db5f1ce030805ea963
377,200,1.5,0x3ad8e841a1ac30864088107677c999d4ce9351f8,2017-09-07T03:12:32.000Z,0.0075,0x2b94e08d9eb99428d36b5a8a1c9c5e116c5db7f0,sell,0xa578acc0cb7875781b7880903f4594d13cfa8b98,0xa536f95537c0689a8deb955b3a23ce75a829c308d089cd5c2fe4b2bc36eb2936
378,480,4.224,0x011bcfccafa3a9b299adda770a5ec1b2fc8f57ae,2017-09-07T03:08:01.000Z,0.0088,0x3d674e31033e5c105ec81b67bca7ab3c7fc2d81b,buy,0xa578acc0cb7875781b7880903f4594d13cfa8b98,0xcc5da023464ccf73442113910a40ad534e01fb1657e72d6cb0e8fcd6ee71f723
379,99.69,0.817458,0x011bcfccafa3a9b299adda770a5ec1b2fc8f57ae,2017-09-07T02:03:17.000Z,0.0082,0xbcce870909b3dbbe28f744f69b080dbdeeb7748a,sell,0xa578acc0cb7875781b7880903f4594d13cfa8b98,0xb4f09ff1f1dc494b9d2824cc2a3682315d72819ea7abb534c1315db1f4c6f917
380,30.45,0.26187,0x2a9f4b1510ca802bf99aa3bad2a8065313471640,2017-09-07T01:06:08.000Z,0.0086,0x1df85a87066c945050ee25fbc35995d2bbfa3e38,buy,0xa578acc0cb7875781b7880903f4594d13cfa8b98,0x6318a1f43a66f2f0220da8839fbc99b5f6a1b9074f85a10667430ae9ed8968b3
381,30.35,0.26708,0x011bcfccafa3a9b299adda770a5ec1b2fc8f57ae,2017-09-07T01:06:08.000Z,0.0088,0x2a9f4b1510ca802bf99aa3bad2a8065313471640,sell,0xa578acc0cb7875781b7880903f4594d13cfa8b98,0x6318a1f43a66f2f0220da8839fbc99b5f6a1b9074f85a10667430ae9ed8968b3
382,150,1.335,0x370a790bb3cceb1a9534ebe2df84a8f9840f4eec,2017-09-07T01:05:04.000Z,0.0089,0x3ad8e841a1ac30864088107677c999d4ce9351f8,buy,0xa578acc0cb7875781b7880903f4594d13cfa8b98,0xd58084ef95507fcd7b5f41372cb8661a52cb527e0849d083d719b9d7db3acc2d
383,149.55,1.31604,0x011bcfccafa3a9b299adda770a5ec1b2fc8f57ae,2017-09-07T00:57:33.000Z,0.0088,0x39dc3f7adc8cad2b03c831c7771a25d4fb99021e,sell,0xa578acc0cb7875781b7880903f4594d13cfa8b98,0x135ff9c207e8855d970aa9c25cd48b04c745a8ea9100e48b09055d2a2c26c2e6
384,150,1.29,0x39dc3f7adc8cad2b03c831c7771a25d4fb99021e,2017-09-07T00:57:33.000Z,0.0086,0x1df85a87066c945050ee25fbc35995d2bbfa3e38,buy,0xa578acc0cb7875781b7880903f4594d13cfa8b98,0x135ff9c207e8855d970aa9c25cd48b04c745a8ea9100e48b09055d2a2c26c2e6
385,600,4.5,0x3ad8e841a1ac30864088107677c999d4ce9351f8,2017-09-07T00:53:36.000Z,0.0075,0xbaeefa9f24ba0ae7c127d84cfcec91c1d372ddc0,sell,0xa578acc0cb7875781b7880903f4594d13cfa8b98,0xc403d183f96a7748d00af297a4364ea718ec0b610800dcdcca59b908652518b8
386,3.28,0.02296328,0xddde354bc2473b1ee791643cfc103f52f35101b1,2017-09-07T00:46:53.000Z,0.007001,0x2b94e08d9eb99428d36b5a8a1c9c5e116c5db7f0,sell,0xa578acc0cb7875781b7880903f4594d13cfa8b98,0xa2ed32819a1d94f479088eb93e7d5b324e9575737b5889fdfde61e733fdceba6
387,50,0.3505,0x3fd6275b9ce2d5ef126582c5adcc12c823bbab79,2017-09-07T00:44:31.000Z,0.00701,0x2b94e08d9eb99428d36b5a8a1c9c5e116c5db7f0,sell,0xa578acc0cb7875781b7880903f4594d13cfa8b98,0x412b3c6cf9875022acf4124d04e35a9fed849745c01f052562eff631f38ccba6
388,488,3.41600488,0xe41ea6047a07745f6b29fe85c83617260d7b24e6,2017-09-07T00:43:18.000Z,0.00700001,0x2b94e08d9eb99428d36b5a8a1c9c5e116c5db7f0,sell,0xa578acc0cb7875781b7880903f4594d13cfa8b98,0xbce9db0a62a2a85a44fdddb5e0cb6de1cd5f3540361b6d63c2bfbaa963f39525
389,2.27,0.02025560761638919,0x011bcfccafa3a9b299adda770a5ec1b2fc8f57ae,2017-09-07T00:42:11.000Z,0.008923175161404931,0x3ad8e841a1ac30864088107677c999d4ce9351f8,buy,0xa578acc0cb7875781b7880903f4594d13cfa8b98,0xb6731f46dd8711ebc98d0cd292180d1a94f27e8135376dd9291c22a9e8dd2601
390,499,3.49300499,0xe41ea6047a07745f6b29fe85c83617260d7b24e6,2017-09-07T00:33:32.000Z,0.00700001,0x2b94e08d9eb99428d36b5a8a1c9c5e116c5db7f0,sell,0xa578acc0cb7875781b7880903f4594d13cfa8b98,0x53b0aaaca29659a7fe68b91d71cc78a0c2b1136a82f0bc1496cdb2291839aa9a
391,100,0.70100001,0xbcce870909b3dbbe28f744f69b080dbdeeb7748a,2017-09-07T00:32:50.000Z,0.0070100001,0x2b94e08d9eb99428d36b5a8a1c9c5e116c5db7f0,sell,0xa578acc0cb7875781b7880903f4594d13cfa8b98,0xa7f494501fc852530be035182462e2cd7c1ddd5a6bc31f168a4b489ac35e95f9
392,162,1.296,0x3ad8e841a1ac30864088107677c999d4ce9351f8,2017-09-06T20:54:17.000Z,0.008,0x2b94e08d9eb99428d36b5a8a1c9c5e116c5db7f0,sell,0xa578acc0cb7875781b7880903f4594d13cfa8b98,0xfae2394a78c0dff08a702f4e1606680014fd9417dbab15b178a447b46a52f4df
393,1,0.0091,0x4c7940da9ecc8dae8b988c720f40b257ad3693a0,2017-09-06T19:27:50.000Z,0.0091,0xe849d8b1b6714554d5019b40280e95209db356ea,buy,0xa578acc0cb7875781b7880903f4594d13cfa8b98,0xcd07acf90f66a4087fbdeeeefff0634e986a7f06b934bf097f565d00f0534535
394,1,0.0091,0x4c7940da9ecc8dae8b988c720f40b257ad3693a0,2017-09-06T19:27:03.000Z,0.0091,0xe849d8b1b6714554d5019b40280e95209db356ea,buy,0xa578acc0cb7875781b7880903f4594d13cfa8b98,0xcd07acf90f66a4087fbdeeeefff0634e986a7f06b934bf097f565d00f0534535
395,1,0.0091,0x979a0e2db72ce003634b7411f04d873ab380a9ee,2017-09-06T19:24:10.000Z,0.0091,0xe849d8b1b6714554d5019b40280e95209db356ea,buy,0xa578acc0cb7875781b7880903f4594d13cfa8b98,0xfaad68dfbb28088d0fe1def792ad23adc6382abd8456351d260c36679ac68c24
