,amount,amountBase,buyer,date,price,seller,side,tokenAddr,txHash
0,9969095,0.03987638,0x2bdc160ca80bc28f37d81b6d16e88201b74aa7b9,2017-11-02T13:50:35.000Z,0.000000004,0x9b86511feabff8664f87caceb31e30ef7ced0397,sell,0xe469c4473af82217b30cf17b10bcdb6c8c796e75,0xafde504753adef4c2dfbbfa94da63f1ddb22056b8cc01b3e65c09c61a64ff2e2
1,9969095,0.03987638,0x95e52a150e4a6f18323fb0d52066d130d1b79e22,2017-11-02T13:31:23.000Z,0.000000004,0x5ff7d1efb20798efe90ad965333975dcf24c16ad,sell,0xe469c4473af82217b30cf17b10bcdb6c8c796e75,0x3c06d0761ba70028ecd78066598960c2d42493f6dda96e29283c9bf74b88d640
2,443,0.000002217264307072,0x4c8c5d7236bebb4c019f1c811c8dff4303967e13,2017-11-02T13:11:43.000Z,0.00000000500511130264,0xd314afc687d5f22ea6f05564875aa67432e15d27,buy,0xe469c4473af82217b30cf17b10bcdb6c8c796e75,0x9f981dbc50b3062c8f059a342415f76cd354502c1fd6d2c599cbec413bebd43c
3,4448275,0.0222413782642351,0x4c8c5d7236bebb4c019f1c811c8dff4303967e13,2017-11-02T13:10:40.000Z,0.00000000500000073382,0xd314afc687d5f22ea6f05564875aa67432e15d27,buy,0xe469c4473af82217b30cf17b10bcdb6c8c796e75,0xd3186f4effaaf8db42ffbae9ffb33564605f2796bffa1c4e90c3915a2f5b7423
4,9969095,0.03987638,0x95e52a150e4a6f18323fb0d52066d130d1b79e22,2017-11-02T13:08:52.000Z,0.000000004,0xa4da7b9eb91d44b43f6a2f8221c67c9c3c0f48f8,sell,0xe469c4473af82217b30cf17b10bcdb6c8c796e75,0x494158b06124838773c671a46cf17b2d8de4ccff4097fce1955f5ff41706ba5f
5,9969095,0.03987638,0x95e52a150e4a6f18323fb0d52066d130d1b79e22,2017-11-02T12:28:30.000Z,0.000000004,0xa582d3fbe4240ff3b8a9d72c2168b1f688fc3991,sell,0xe469c4473af82217b30cf17b10bcdb6c8c796e75,0x79dc98b04492633a02d3c0b7f23557ebe92d62bd0173786ba9492cdbbf34d3a2
6,9969095,0.03987638,0x95e52a150e4a6f18323fb0d52066d130d1b79e22,2017-11-02T12:10:28.000Z,0.000000004,0x1b3529cec0bd2760d2ef184b15f1b2a16e79c77e,sell,0xe469c4473af82217b30cf17b10bcdb6c8c796e75,0xcb09e218a71217531b5dbd5cfd4035e002ce7e458b2099d181b47372c250de80
7,10000000,0.03,0xc9d56287b414e1aa0963016aa721b527f095fd9c,2017-11-02T11:47:14.000Z,0.000000003,0x908f1988b5a85cdaee7b229db6cf5f56869b0803,buy,0xe469c4473af82217b30cf17b10bcdb6c8c796e75,0x16cd711620429d98961781c48a32857cc8787adce5edecf754cb71037c98d6ad
8,9970089,0.039880356,0xddd0fec477ee2a2f25f4751d02673bc6ca107d80,2017-11-02T11:47:14.000Z,0.000000004,0xc9d56287b414e1aa0963016aa721b527f095fd9c,sell,0xe469c4473af82217b30cf17b10bcdb6c8c796e75,0x16cd711620429d98961781c48a32857cc8787adce5edecf754cb71037c98d6ad
9,100000,0.0005,0x4fda9e6bcd83af6c5cc771b5d20accc2b7720074,2017-11-02T10:52:51.000Z,0.000000005,0x40a68428d998096e841291a72c0e68344acf6e10,buy,0xe469c4473af82217b30cf17b10bcdb6c8c796e75,0x624581ccf2a5abb8ec1493e5ba09d0f62f8b48471b078a01edcd0f2a8230351a
10,3233416,0.016167082075876485,0xf00e99c7502aa209e90001dbb5365dfe361fb75d,2017-11-02T10:49:09.000Z,0.000000005000000642,0x40a68428d998096e841291a72c0e68344acf6e10,buy,0xe469c4473af82217b30cf17b10bcdb6c8c796e75,0xe30cc454dd2fad7e2dc590617c65e0dd0e7587d4d6569a392b5c1e19a7579c47
11,100000,0.0005,0x3075f7f189912f4f425dd7021b9c396434197477,2017-11-02T10:30:55.000Z,0.000000005,0x40a68428d998096e841291a72c0e68344acf6e10,buy,0xe469c4473af82217b30cf17b10bcdb6c8c796e75,0x53fa0e2af2ea5cd9bfbc53d12179075e68be8ebcbaacb022f89cc6a5016317da
12,9969095,0.03987638,0x95e52a150e4a6f18323fb0d52066d130d1b79e22,2017-11-02T10:04:05.000Z,0.000000004,0x1d828851050c968bd6e3697fc89995576017c35f,sell,0xe469c4473af82217b30cf17b10bcdb6c8c796e75,0x7aa2562b61b3ae37cf4cb2c6593b68b1f6ebc234379fe1a4899f119f910f0929
13,9969095,0.03987638,0xddd0fec477ee2a2f25f4751d02673bc6ca107d80,2017-11-02T08:56:18.000Z,0.000000004,0xf334af0467a3c6110fadfc7fa2b8ac36b36722b6,sell,0xe469c4473af82217b30cf17b10bcdb6c8c796e75,0x51da79fa0df07c110a630f20a4afcc87c1329682e27ad6e6387e71b59e055d91
14,9969095,0.03987638,0x95e52a150e4a6f18323fb0d52066d130d1b79e22,2017-11-02T08:05:07.000Z,0.000000004,0xf5a6b7412c4645911b82f3ef473be2993ba745a9,sell,0xe469c4473af82217b30cf17b10bcdb6c8c796e75,0x09d74b3908c72c2b1f9904f8a5bf18ef25d26bbf32cbba8ddafca22d66b4e4e3
15,994,0.000003976,0x95e52a150e4a6f18323fb0d52066d130d1b79e22,2017-11-02T07:53:32.000Z,0.000000004,0x5a2cb8072702910e232b08c7ed712bb1d96320d6,sell,0xe469c4473af82217b30cf17b10bcdb6c8c796e75,0x7fd35d3b65ed8163781aac1eee39d023cf8b0a0fa9acefbfe6a011eb55cbe71e
16,9969095,0.03987638,0x95e52a150e4a6f18323fb0d52066d130d1b79e22,2017-11-02T07:51:59.000Z,0.000000004,0x5a2cb8072702910e232b08c7ed712bb1d96320d6,sell,0xe469c4473af82217b30cf17b10bcdb6c8c796e75,0x71cc358faf17ba50a11ac67c0fbf9af88b57b300805435210cd7898d25e88bba
17,3798396,0.01899198021,0xd2739cc647e29a81d1cd185f87796598734d412f,2017-11-02T05:31:49.000Z,0.00000000500000005528,0xb69e5f9f642cae3ea0a299de47fc4c612be3bb47,buy,0xe469c4473af82217b30cf17b10bcdb6c8c796e75,0x411a7d3e92ecef94d6a25a256592f9ae361678e86675b8db7792bcbae598b314
18,3700000,0.0185,0xf015a6bf5ecb0ed05a1a827b091fcba8ac4dd774,2017-11-02T05:14:58.000Z,0.000000005,0xb69e5f9f642cae3ea0a299de47fc4c612be3bb47,buy,0xe469c4473af82217b30cf17b10bcdb6c8c796e75,0x2bd7b17c9d81eddba0447289c9199d09e851a1b8d4163eed314153e14de579ab
19,1500000,0.0075,0x3aec102016f7234595cdb043bad55dcea0a44751,2017-11-02T04:42:38.000Z,0.000000005,0x40a68428d998096e841291a72c0e68344acf6e10,buy,0xe469c4473af82217b30cf17b10bcdb6c8c796e75,0x56ad6f82a4b674746177e6d11ac4729340522996b84e2791266fbe4cea9b4bc6
20,99695928,0.34993270728,0x1567591981207815cbeefe0381f491000f5d302a,2017-11-02T04:18:47.000Z,0.00000000351,0x6e49bc6a9260bd8272f9cfab359d4e2de91c897d,sell,0xe469c4473af82217b30cf17b10bcdb6c8c796e75,0xafcabf73c5a2e29403403397736a2cd81e7fbd3546d8084cb7aaf46d0d45b22d
21,9969269,0.039877076,0xc1247afc472ead93b059f15d1494cfc937809c8f,2017-11-02T04:09:57.000Z,0.000000004,0x9d0f536dc95cde0486a8708e1af01a6e4a60e9b2,sell,0xe469c4473af82217b30cf17b10bcdb6c8c796e75,0x67e8c41f07f84a512e13e87fbcc416fd59836dd1bf010be20c6d0e2a93abb313
22,9426787,0.037707148,0xc1247afc472ead93b059f15d1494cfc937809c8f,2017-11-02T02:40:43.000Z,0.000000004,0x67c8d4cfa960edeef6bcae17582f95ed56cdc1f2,sell,0xe469c4473af82217b30cf17b10bcdb6c8c796e75,0xae7bbd104c8cd89c54edd062b728e9cdf6159d309292736cb4c8851d0510ba4c
23,60061810,0.24024724,0x742097391f52639b70b68909d58c7a77e37ffd4f,2017-11-02T02:37:58.000Z,0.000000004,0x67c8d4cfa960edeef6bcae17582f95ed56cdc1f2,sell,0xe469c4473af82217b30cf17b10bcdb6c8c796e75,0x2afafd1b1496316d7877a74c16b623652c7f79ca0a594e0a56b2cbb842670cdb
24,80061810,0.32024724,0x95e52a150e4a6f18323fb0d52066d130d1b79e22,2017-11-02T02:37:48.000Z,0.000000004,0x67c8d4cfa960edeef6bcae17582f95ed56cdc1f2,sell,0xe469c4473af82217b30cf17b10bcdb6c8c796e75,0x9ac88be67a74d4712d78b69fe17e1cb5960cdf178a113e5c06fd1db3d9622829
25,9969095,0.03987638,0x742097391f52639b70b68909d58c7a77e37ffd4f,2017-11-02T02:17:38.000Z,0.000000004,0x38dab0b616165bc260aac5476cbfa5282fcb6f92,sell,0xe469c4473af82217b30cf17b10bcdb6c8c796e75,0x0105d7b38baa179df63903f8f58b67df3fba164494492248d072a9ea5ec34bfe
26,9969095,0.03987638,0x95e52a150e4a6f18323fb0d52066d130d1b79e22,2017-11-02T02:10:11.000Z,0.000000004,0x79395a98f19188398ba2a2377db4bf9d5a36ce97,sell,0xe469c4473af82217b30cf17b10bcdb6c8c796e75,0x8e7ceece2af43db4d476e2a0a6942053438fe8a790813aab630cb0517f07e79e
27,9969095,0.03987638,0x95e52a150e4a6f18323fb0d52066d130d1b79e22,2017-11-02T01:56:38.000Z,0.000000004,0xef483b50edd4f03919d755b7746c40ede7ca9916,sell,0xe469c4473af82217b30cf17b10bcdb6c8c796e75,0x1283ab4d2af3795802c5397f6c66641a14dae80136f8ef4e47dda2f3c214184d
28,9969095,0.03987638,0x742097391f52639b70b68909d58c7a77e37ffd4f,2017-11-02T00:43:04.000Z,0.000000004,0x1a7dc6d1c56650e56a61d5c1bb6d7408abc5f7b9,sell,0xe469c4473af82217b30cf17b10bcdb6c8c796e75,0x7c21648cb59c351aa7a23956014dba04ca213d9a94bd80361093738bdb371cfc
29,7608386,0.03043362008386,0x06c6fea19f72ffeccb0326805b723ae3cae131ca,2017-11-02T00:03:02.000Z,0.00000000400001,0xeda40b7878f1c0137197a9f18a12d1cc8e52e4bb,sell,0xe469c4473af82217b30cf17b10bcdb6c8c796e75,0x665f3a4f63c13106b809a865ddd57f4651b030adceaaf16fb51fe3305271fd42
30,10000000,0.05,0x565082e07c6b7799872dcbc27b36be7762bd5a39,2017-11-01T23:45:43.000Z,0.000000005,0x12d39c52df46bdbaa47813f46e8d47bb717d8726,buy,0xe469c4473af82217b30cf17b10bcdb6c8c796e75,0xd683190e1d4ed34deb1c6760c8078f643f65bbde238754303d021c7d0e4d43af
31,9969095,0.03987647969095,0x06c6fea19f72ffeccb0326805b723ae3cae131ca,2017-11-01T23:25:07.000Z,0.00000000400001,0xffb4c3847c14f88e27042800c18d6e3ec2d2c5df,sell,0xe469c4473af82217b30cf17b10bcdb6c8c796e75,0xf2fa352e6cff26e605a748c3557143b88d749d731375ad30f3ca447c8086a731
32,2422519,0.00969010022519,0x06c6fea19f72ffeccb0326805b723ae3cae131ca,2017-11-01T21:40:56.000Z,0.00000000400001,0x405c548321f8dd153c33454790109a5fe14e246c,sell,0xe469c4473af82217b30cf17b10bcdb6c8c796e75,0x958aa5163c5f62f46034a6015df665ff9f8e09712e9921f7b5b204efb96ff504
33,9969095,0.041870199,0x12c3fd99ab45bd806128e96062dc5a6c273d8af6,2017-11-01T21:30:23.000Z,0.0000000042,0x6fedd64864c47dda9b52692089f9c5fb07b796c1,sell,0xe469c4473af82217b30cf17b10bcdb6c8c796e75,0x411995f6012fa77a8d0a657fc7496a8f337fb8e088ce24021229e9e2923cf1fd
34,9969095,0.041870199,0x12c3fd99ab45bd806128e96062dc5a6c273d8af6,2017-11-01T21:19:20.000Z,0.0000000042,0x400acc76811731b8e8550ce928164f573adc25e6,sell,0xe469c4473af82217b30cf17b10bcdb6c8c796e75,0xe886345844ab1cec7d9c4d66a583eb992f36d9c60e1072d31ca6c9dca1b261f4
35,5534740,0.0233012554,0x95e52a150e4a6f18323fb0d52066d130d1b79e22,2017-11-01T20:31:59.000Z,0.00000000421,0xc03f8225dc677a8a118d48e97f0601c4fcdf74e1,sell,0xe469c4473af82217b30cf17b10bcdb6c8c796e75,0x5045ff39f02d014564b5b78a1fcb76eddc5882f43dcac875992b0bce211590a7
36,2492273,0.01049246933,0x95e52a150e4a6f18323fb0d52066d130d1b79e22,2017-11-01T20:29:14.000Z,0.00000000421,0x5e30bccaa8921b2fb3b5b01c29d1827b9d4f8563,sell,0xe469c4473af82217b30cf17b10bcdb6c8c796e75,0x4d01b27643bf8bf99059dcf87aa1190456b506cd34140e26f2e14acf8ddd49cb
37,997103,0.004985519788885178,0x446e5f754e799afa64461ea279efbf1b0ec54b78,2017-11-01T20:28:11.000Z,0.00000000500000480279,0xb69e5f9f642cae3ea0a299de47fc4c612be3bb47,buy,0xe469c4473af82217b30cf17b10bcdb6c8c796e75,0xb2016c7d4487e627b4b1e9f544336829120f1c92e58c4191748f71cc59ae8945
38,994,0.00000418474,0x95e52a150e4a6f18323fb0d52066d130d1b79e22,2017-11-01T19:12:38.000Z,0.00000000421,0x7cbf9f7f192c84e93af6e6758bb7b8b5da1c29b5,sell,0xe469c4473af82217b30cf17b10bcdb6c8c796e75,0xd6f826aed682401eee85e543716a62da2c83e96175dabf549c525216892b69bd
39,9969095,0.04196988995,0x95e52a150e4a6f18323fb0d52066d130d1b79e22,2017-11-01T19:12:21.000Z,0.00000000421,0x7cbf9f7f192c84e93af6e6758bb7b8b5da1c29b5,sell,0xe469c4473af82217b30cf17b10bcdb6c8c796e75,0x8dec7139d548f49f8e11cb59378710638a53c0b66cc5761f08303e4161a2614f
40,4236865,0.03389492573023627,0x194ca1fc7243fffc1b7efde7064bf03ce5b95177,2017-11-01T18:47:12.000Z,0.00000000800000135247,0x2676b313e5d4daf6fd5525b0391a44266c834b99,buy,0xe469c4473af82217b30cf17b10bcdb6c8c796e75,0xa96b057f36f0dc64d3ed851ee2d9b4c47941ce234861e861e53c074d25ff2014
41,994,0.00000418474,0x95e52a150e4a6f18323fb0d52066d130d1b79e22,2017-11-01T18:28:59.000Z,0.00000000421,0xadb2a296b5543be7546733c0b9a5ca731b604d80,sell,0xe469c4473af82217b30cf17b10bcdb6c8c796e75,0x504bcf35d3185a01ea36b2bb4ca97437f114b114ef0866e6ff271d674b8fdf4a
42,204,0.00000085884,0x95e52a150e4a6f18323fb0d52066d130d1b79e22,2017-11-01T18:14:28.000Z,0.00000000421,0xb734e80437b211b7d950aa56e2aba48eb37b7e5d,sell,0xe469c4473af82217b30cf17b10bcdb6c8c796e75,0xf21191230b734b04520bd24638b8a19f0995cc2921c02b3faaf5c86ad61bde60
43,1993819,0.00839397799,0x95e52a150e4a6f18323fb0d52066d130d1b79e22,2017-11-01T17:28:12.000Z,0.00000000421,0x6061ec9dc92e50e73e9034d42e84b4d8b788f643,sell,0xe469c4473af82217b30cf17b10bcdb6c8c796e75,0x876db83d9c87296f367a3f8575165e342de65c60ce956a5879c111fbf730418c
44,9970000,0.0419737,0x95e52a150e4a6f18323fb0d52066d130d1b79e22,2017-11-01T17:03:57.000Z,0.00000000421,0x273a5d3e6721b9f5c1a6474f560c1334c63dda01,sell,0xe469c4473af82217b30cf17b10bcdb6c8c796e75,0x506d3bf865995765860f73949f1a49af4da5db52010bf6ddc69cf46ff61ebe75
45,10000000,0.04,0x273a5d3e6721b9f5c1a6474f560c1334c63dda01,2017-11-01T17:03:57.000Z,0.000000004,0xb54c22a82c131b205954948b142f75db751f43c2,buy,0xe469c4473af82217b30cf17b10bcdb6c8c796e75,0x506d3bf865995765860f73949f1a49af4da5db52010bf6ddc69cf46ff61ebe75
46,10068786,0.04238958906,0x95e52a150e4a6f18323fb0d52066d130d1b79e22,2017-11-01T15:52:31.000Z,0.00000000421,0x3808be684e086b4bbd90a280617ce19fe5dfb460,sell,0xe469c4473af82217b30cf17b10bcdb6c8c796e75,0x2dca54f509fc999dc0e5a3fd988fb02dd18562435364ba9537300dd61c1c5846
47,999006,0.003996024,0x609032a0015a1a9315eddaa4272d57b5f6c82b74,2017-11-01T15:19:57.000Z,0.000000004,0x82f264f9a47462724b093ede43ba8497af476ffd,sell,0xe469c4473af82217b30cf17b10bcdb6c8c796e75,0x5d07801678f172b3a2b4677f22c9e13de6d682cd09d1e3d95f181de8b628f4ca
48,9969095,0.04196988995,0x95e52a150e4a6f18323fb0d52066d130d1b79e22,2017-11-01T15:07:21.000Z,0.00000000421,0x40879fb99ce02c6e4b8db11b43b3dbbf94d8975b,sell,0xe469c4473af82217b30cf17b10bcdb6c8c796e75,0xcc3db1e533d941ea4cc05a609c8d1afa56d3e185a0097a6f0e7f0dc962cf720e
49,9969095,0.049845475,0x6e6e73f261b9417eefb08713757645b2bd49b1e9,2017-11-01T14:03:06.000Z,0.000000005,0x46070abf2df1e6711e11726e02040c2486422544,sell,0xe469c4473af82217b30cf17b10bcdb6c8c796e75,0xc227a7355289989ffc5af75c531b299223f261466ec8a402508cea0b85de7705
50,9969095,0.049845475,0x6e6e73f261b9417eefb08713757645b2bd49b1e9,2017-11-01T13:38:34.000Z,0.000000005,0x7522b31cd0cba4e8f64dbebef846456f0aaff9f3,sell,0xe469c4473af82217b30cf17b10bcdb6c8c796e75,0xca49c74496079fffe12837c5e500e072e638a83561e016bfbdd9080210e33cf0
51,1500000,0.0075,0xe7ac4b81e00ec85d1ddd448fd7b640d62bb2e7c4,2017-11-01T11:31:36.000Z,0.000000005,0xb69e5f9f642cae3ea0a299de47fc4c612be3bb47,sell,0xe469c4473af82217b30cf17b10bcdb6c8c796e75,0x5228560216e2a63aa3a260a379a9484e8c6e531771a41dce99ceff93fcd93776
52,1878182,0.00939091,0xe7ac4b81e00ec85d1ddd448fd7b640d62bb2e7c4,2017-11-01T10:56:55.000Z,0.000000005,0x7f91ef30100398243ff2d8eb8e5512c688bb8b61,sell,0xe469c4473af82217b30cf17b10bcdb6c8c796e75,0x1b054078f9f334aeab590eb89ad7f47aa26535822a3edde93901b9160da50b50
53,7000000,0.035,0x1b8d1874ba741f0b7c22c22408d9927597ef36cf,2017-11-01T10:50:29.000Z,0.000000005,0x7f91ef30100398243ff2d8eb8e5512c688bb8b61,sell,0xe469c4473af82217b30cf17b10bcdb6c8c796e75,0x4830c443d38eaf49bde16d341362515b55ebe6e22f705e3619226d4c589e32ec
54,3323525,0.019941152619694882,0xbbdaa3048455072413e45aed13d83e7f55aad734,2017-11-01T10:50:29.000Z,0.00000000600000078822,0xbfee897b96228c8eec63c8b7de4e59b0e8ad1832,buy,0xe469c4473af82217b30cf17b10bcdb6c8c796e75,0xfa97047d5157d6cf59ec9185e8f702c54114da47dd56aa7fe30943e585a62fde
55,1091720,0.0054586,0x3d3657363f6141e5294fe183a43e2f983ec73ee9,2017-11-01T10:38:25.000Z,0.000000005,0x7f91ef30100398243ff2d8eb8e5512c688bb8b61,sell,0xe469c4473af82217b30cf17b10bcdb6c8c796e75,0x033e16b92d0c4a2322c435e598ec8ce7211a0c3684a6546aab1576c43fa2c2cf
56,9969095,0.049845475,0xacf84ef0630f01208960764afa1317eb2187bd18,2017-11-01T10:34:20.000Z,0.000000005,0xe25ce19226c3ce65204570db8d6c6db1e9df74ac,buy,0xe469c4473af82217b30cf17b10bcdb6c8c796e75,0x718812e741ee9754d6ec53324f25ce7ffc95ffaf48e5bba106249c08dc81f8fc
57,9969095,0.049845475,0xd347f7b5fab42a04177be02c1f669aab83fae992,2017-11-01T09:27:23.000Z,0.000000005,0x9b66640f042286b55de8e7099a2d21d163668528,sell,0xe469c4473af82217b30cf17b10bcdb6c8c796e75,0x5fef0eb0b7c068d9a9164e15355801a0e856fd2197d5a82996c684badbe2b0ec
58,9969095,0.049845475,0xd347f7b5fab42a04177be02c1f669aab83fae992,2017-11-01T09:14:21.000Z,0.000000005,0x004d9c456b5a8f3ad9ff1f524e416663040c995a,sell,0xe469c4473af82217b30cf17b10bcdb6c8c796e75,0xeaf924ebff87a040745536072c7e40d53bb09456f01bec7e8b55aa5b1a5cfe80
59,4985000,0.034895,0xd3a87f9ec6f3129d1ce52c6214561784590079af,2017-11-01T08:48:04.000Z,0.000000007,0xb3ae070d47133ac18193f2e4629d430901bb476e,buy,0xe469c4473af82217b30cf17b10bcdb6c8c796e75,0x3b3d6f44fad2e76acb3d80e36f5ed412099729937761bc38f6672f2640f655a9
60,5000000,0.025,0xacf84ef0630f01208960764afa1317eb2187bd18,2017-11-01T08:44:45.000Z,0.000000005,0xb3ae070d47133ac18193f2e4629d430901bb476e,sell,0xe469c4473af82217b30cf17b10bcdb6c8c796e75,0x04021d29eca8403923658a8ccf4583a96763b78118c3776ae99d390183a4a90b
61,9969095,0.049845475,0x3d3657363f6141e5294fe183a43e2f983ec73ee9,2017-11-01T08:26:50.000Z,0.000000005,0x8f6e3af4378f878e51ef126e7cfea647f4215e23,sell,0xe469c4473af82217b30cf17b10bcdb6c8c796e75,0x04efb0fc58c888b3e872858f39ba23c46cc1cd402c11664b23ee61feec26eeec
62,9969096,0.04984548,0x3d3657363f6141e5294fe183a43e2f983ec73ee9,2017-11-01T07:12:49.000Z,0.000000005,0x9f13b3ed10828bbbc3fad8c584f4111a0ed417d8,sell,0xe469c4473af82217b30cf17b10bcdb6c8c796e75,0xc59be5809a9a94142ea4a05900c6c3623f19f2e0e32b99dbf695f8fcb8381d64
63,1,0.000000005,0xacf84ef0630f01208960764afa1317eb2187bd18,2017-11-01T06:57:07.000Z,0.000000005,0x9f13b3ed10828bbbc3fad8c584f4111a0ed417d8,sell,0xe469c4473af82217b30cf17b10bcdb6c8c796e75,0x7a39b0b5a254aa049e57d97f8ebbec4d6744262e2c58080782c15dfea8aa7790
64,994,0.00000497,0x3d3657363f6141e5294fe183a43e2f983ec73ee9,2017-11-01T06:55:32.000Z,0.000000005,0x9f13b3ed10828bbbc3fad8c584f4111a0ed417d8,sell,0xe469c4473af82217b30cf17b10bcdb6c8c796e75,0x52145a28d82b78cf6c2e21d96d6ca762e3786fbf07e64267b32d613f61ef02d3
65,9969095,0.049845475,0x3d3657363f6141e5294fe183a43e2f983ec73ee9,2017-11-01T06:55:09.000Z,0.000000005,0x9f13b3ed10828bbbc3fad8c584f4111a0ed417d8,sell,0xe469c4473af82217b30cf17b10bcdb6c8c796e75,0xbc8cdec0a480e1a47221a4fecd11612cd8517cccddee43e52bf2eced92cfd74b
66,9969095,0.049845475,0xacf84ef0630f01208960764afa1317eb2187bd18,2017-11-01T06:33:25.000Z,0.000000005,0x117ac0195f2d28ba9d046e251dbf4101f9ada4e4,sell,0xe469c4473af82217b30cf17b10bcdb6c8c796e75,0x5b791a361c92768f0addea21464de1608fc7973c64e7bf4cc8dd9f4cf16ab646
67,826241,0.004131205,0xacf84ef0630f01208960764afa1317eb2187bd18,2017-11-01T06:16:44.000Z,0.000000005,0x9f0bb02e7003767f7fe66ec6497a72e5f155c01d,sell,0xe469c4473af82217b30cf17b10bcdb6c8c796e75,0xb9abee48d7e06d29c5073a5c0163ffd0ca9b001777190dc4ec4b7221ccad5e28
68,9143766,0.04571883,0x3d3657363f6141e5294fe183a43e2f983ec73ee9,2017-11-01T06:14:58.000Z,0.000000005,0x9f0bb02e7003767f7fe66ec6497a72e5f155c01d,sell,0xe469c4473af82217b30cf17b10bcdb6c8c796e75,0xebe736cda4ec6d03566beb6ce0f191a8529a89f68b89dc4d2b185188b33038a4
69,994,0.000003976,0x609032a0015a1a9315eddaa4272d57b5f6c82b74,2017-11-01T05:29:25.000Z,0.000000004,0x07a1410f73dbfa19f0220712bab8e8ebc764b341,sell,0xe469c4473af82217b30cf17b10bcdb6c8c796e75,0x482115e12c7695c8f9a7c20877bc2690b1fda528f4cb01e3ce9d203e68bd23fa
70,3712741,0.029701928159359986,0xbbdaa3048455072413e45aed13d83e7f55aad734,2017-11-01T05:26:45.000Z,0.00000000800000004292,0xacf84ef0630f01208960764afa1317eb2187bd18,buy,0xe469c4473af82217b30cf17b10bcdb6c8c796e75,0x7215bbe40ffa89f712be860ff03c8dfe9cf8d6b50ea582b416243fead72dd495
71,5014384,0.035100693782,0xbbdaa3048455072413e45aed13d83e7f55aad734,2017-11-01T05:24:40.000Z,0.00000000700000115308,0x67c8d4cfa960edeef6bcae17582f95ed56cdc1f2,buy,0xe469c4473af82217b30cf17b10bcdb6c8c796e75,0xc37a20aacc8ca0acf9b8f6971c2e3868a6f19254aeddfb53adf9c18679404dd1
72,9969095,0.029907285,0xe25ce19226c3ce65204570db8d6c6db1e9df74ac,2017-11-01T05:09:04.000Z,0.000000003,0x07a1410f73dbfa19f0220712bab8e8ebc764b341,sell,0xe469c4473af82217b30cf17b10bcdb6c8c796e75,0xd8567eaca7401d4506022f9bfdbc516c2fed1289b9577bf99563fbd7fbf882a2
73,10000000,0.08,0xc05eb25915a202c6ac9f3d9c11ab4044b6c25326,2017-11-01T05:00:21.000Z,0.000000008,0x3d544ec1813f8d2b0d836fc96621f26841fe4305,buy,0xe469c4473af82217b30cf17b10bcdb6c8c796e75,0xcbc74f89a0b716ee88c3791d5f7ecb9e3e21ab69f41de375cd9ecdfc4b42c5c5
74,10000000,0.07,0xc05eb25915a202c6ac9f3d9c11ab4044b6c25326,2017-11-01T04:53:43.000Z,0.000000007,0x8aa571ff710ca435cb14076ec7e915dd66c4416f,buy,0xe469c4473af82217b30cf17b10bcdb6c8c796e75,0x25525688e0e5067f2128120a99580170f01ebae0f44ec63fa6c0e8aa7a4a01dc
75,10000000,0.06,0xc05eb25915a202c6ac9f3d9c11ab4044b6c25326,2017-11-01T04:53:43.000Z,0.000000006,0xc492d444356724fbaac2e4f610f3cef06343987f,buy,0xe469c4473af82217b30cf17b10bcdb6c8c796e75,0x8d263e7cda9d154a98f6362643fd4b3cf62392b2d1f4173a97ec2108b45e340e
76,44985615,0.3148993062151358,0xb171e4324c3bfff191dc0f092d0b4a93d0eda0de,2017-11-01T04:43:40.000Z,0.00000000700000002701,0x67c8d4cfa960edeef6bcae17582f95ed56cdc1f2,buy,0xe469c4473af82217b30cf17b10bcdb6c8c796e75,0xdfe3ddb68b864d995ed622ba326308f50a5623efc78c8ae804d22621c50e6f41
77,10000000,0.06,0xb171e4324c3bfff191dc0f092d0b4a93d0eda0de,2017-11-01T04:41:41.000Z,0.000000006,0xd4a2deacd186d082c3746ab06b082e4651a5f343,buy,0xe469c4473af82217b30cf17b10bcdb6c8c796e75,0x5f251359721f611eddbbdd1b28eadf9d83c70a1407fdefeb90f6433def7dadde
78,5000000,0.025,0xb171e4324c3bfff191dc0f092d0b4a93d0eda0de,2017-11-01T04:39:38.000Z,0.000000005,0xc85073bb45458a69e1af1184d3691f6b15bc6cc2,buy,0xe469c4473af82217b30cf17b10bcdb6c8c796e75,0x787c8bd5280d63e258fb10c0b80985c92e87e0deacca82d8aeb08eeb4d291a32
79,49850448,0.24925224,0xacf84ef0630f01208960764afa1317eb2187bd18,2017-11-01T04:07:21.000Z,0.000000005,0x6e49bc6a9260bd8272f9cfab359d4e2de91c897d,sell,0xe469c4473af82217b30cf17b10bcdb6c8c796e75,0xea78878b92d5e55ba015ca51964a42231ba147a51b4795e9da264e1ac9bf6be4
80,10101571,0.050507855,0x3d3657363f6141e5294fe183a43e2f983ec73ee9,2017-11-01T03:56:34.000Z,0.000000005,0x7530f85827154ce178ff6c0710af07520663f9d5,sell,0xe469c4473af82217b30cf17b10bcdb6c8c796e75,0x52d0d4735058986901f201ca80aec90cbf55237bcbb9d1d4fabd77a422382b61
81,994,0.00000497,0x3d3657363f6141e5294fe183a43e2f983ec73ee9,2017-11-01T03:31:46.000Z,0.000000005,0xffd84530db27cc11d3ebf2b4854e3b2b53609a7e,sell,0xe469c4473af82217b30cf17b10bcdb6c8c796e75,0xb475d9c1751d1704def83995b8d2a8ad5ca8d29f5e2d71494b7b564fb6eb1373
82,9969095,0.049845475,0x3d3657363f6141e5294fe183a43e2f983ec73ee9,2017-11-01T03:23:44.000Z,0.000000005,0xffd84530db27cc11d3ebf2b4854e3b2b53609a7e,sell,0xe469c4473af82217b30cf17b10bcdb6c8c796e75,0x60e654a40d74624b9116cfa89131184587cc799c84bc88443531233803cae0e0
83,1000000,0.005,0x3d3657363f6141e5294fe183a43e2f983ec73ee9,2017-11-01T02:41:22.000Z,0.000000005,0x71eb35669b2406481563838863f29be7ecca8c6c,sell,0xe469c4473af82217b30cf17b10bcdb6c8c796e75,0x59f5e8ebff499ba51ffd6914c6f97455cf37c78bed6dce5a25eaafdae70133ea
84,49845479,0.249227395,0x3d3657363f6141e5294fe183a43e2f983ec73ee9,2017-11-01T02:11:31.000Z,0.000000005,0x6e49bc6a9260bd8272f9cfab359d4e2de91c897d,sell,0xe469c4473af82217b30cf17b10bcdb6c8c796e75,0x66c7d8ae04bd0d390e98783eead223f656726e2bdec0f7bbf3333956e04372c3
85,9970000,0.04985,0x3d3657363f6141e5294fe183a43e2f983ec73ee9,2017-11-01T01:53:31.000Z,0.000000005,0x223fd352fe860bb7872fdc58e055923214a95001,sell,0xe469c4473af82217b30cf17b10bcdb6c8c796e75,0xe3aac3aebc9e769980d75e8e089a61d85ceaed8064b931e3f9b948458967c506
86,9969095,0.049845475,0x3d3657363f6141e5294fe183a43e2f983ec73ee9,2017-11-01T01:28:16.000Z,0.000000005,0x11fb6aef2b0e35edd2d5d6169dccad5f50261b08,sell,0xe469c4473af82217b30cf17b10bcdb6c8c796e75,0xe0e415cd06a97f957f7b0f8e098e61f04d0d18557bb3a00d2a578af27cd3a437
87,9969095,0.05981457,0xacf84ef0630f01208960764afa1317eb2187bd18,2017-11-01T01:12:08.000Z,0.000000006,0x0a34abcb69b77e984b9f007149bf59188d2d2bbe,sell,0xe469c4473af82217b30cf17b10bcdb6c8c796e75,0x02cfb8cdd6eaf187370594ce08d4e7b0e62fb2a6c684b473f60387d7f1fe8790
88,2990728,0.017944368,0xacf84ef0630f01208960764afa1317eb2187bd18,2017-11-01T00:58:52.000Z,0.000000006,0x5f5ddca779e296c02dac4c82ca4b8f9a728266a4,sell,0xe469c4473af82217b30cf17b10bcdb6c8c796e75,0xab1c60c7763230c826ea602eecef6c46490f5f51d18686cdd12bd7ccba19ef33
89,9969095,0.05981457,0xacf84ef0630f01208960764afa1317eb2187bd18,2017-11-01T00:40:23.000Z,0.000000006,0xdc3de975d542463ac64768c5ef4ba19ea4d3fe0b,sell,0xe469c4473af82217b30cf17b10bcdb6c8c796e75,0x0cc712a94a5594f5b2615113fc44d356f9105f6c525bb7d5c81c2cb64bcb21cc
90,9969095,0.05981457,0xacf84ef0630f01208960764afa1317eb2187bd18,2017-11-01T00:39:49.000Z,0.000000006,0x34d5577ac12fcd4fa87f87812058021b8bc1f80d,sell,0xe469c4473af82217b30cf17b10bcdb6c8c796e75,0x1b6aef9dd261c636ee06d1f0ab6a07a59fe71c33ebd97af931a2bfd782c629c8
91,9969095,0.05981457,0xacf84ef0630f01208960764afa1317eb2187bd18,2017-11-01T00:30:33.000Z,0.000000006,0xda87d37921e64598fbf63647d6f9c58ab246d9ea,sell,0xe469c4473af82217b30cf17b10bcdb6c8c796e75,0x33db05a99a52d8428902849c06e2c99b4cc6b741e9513eefb982b7cddd3b1d96
92,19907382,0.119444292,0xacf84ef0630f01208960764afa1317eb2187bd18,2017-10-31T23:44:45.000Z,0.000000006,0x6be3e59768323ee13dc46d83a3ced62aa939e41c,sell,0xe469c4473af82217b30cf17b10bcdb6c8c796e75,0x422ddc6700e5c8e32524c2cdd5c738d5f2bb5322840c4cd0ca2ecd4b35aa62e0
93,10000,0.00009,0x648b9797a1581f97528ccadd8f9ea7a22e8a7b26,2017-10-31T22:18:35.000Z,0.000000009,0xddd0fec477ee2a2f25f4751d02673bc6ca107d80,buy,0xe469c4473af82217b30cf17b10bcdb6c8c796e75,0x76e93c1c65cbe9dc45ad25ee02de95643f74f45205f50c66b9db828361b2b01a
94,2118827,0.0133486101,0x49d11ec08cbb8ef22da431fda7183f9d3563f0bc,2017-10-31T22:07:35.000Z,0.0000000063,0xa7078d684b2f492fbb2c81bd8278b20b83c649a6,sell,0xe469c4473af82217b30cf17b10bcdb6c8c796e75,0x81ff0845aba8a8737c92d36acd5dc04ae6e00a9abb91c30371260e566b96a64d
95,20000000,0.16,0x49d11ec08cbb8ef22da431fda7183f9d3563f0bc,2017-10-31T21:48:36.000Z,0.000000008,0x3d3657363f6141e5294fe183a43e2f983ec73ee9,buy,0xe469c4473af82217b30cf17b10bcdb6c8c796e75,0xb6226d3839630d6ec0fb165e52e9c044a6fd343f744ff1281c3867ddaf75208d
96,50000000,0.45,0x49d11ec08cbb8ef22da431fda7183f9d3563f0bc,2017-10-31T21:48:09.000Z,0.000000009,0x67c8d4cfa960edeef6bcae17582f95ed56cdc1f2,buy,0xe469c4473af82217b30cf17b10bcdb6c8c796e75,0xacc5cdc73c5f0aacdf445fcbca6005c3c4b83603c39a1a465f37477c3868263c
97,8000000,0.064,0x49d11ec08cbb8ef22da431fda7183f9d3563f0bc,2017-10-31T21:40:46.000Z,0.000000008,0x9b85ee94c25294d5e2bf9c9b9b5fa5b58602fad3,buy,0xe469c4473af82217b30cf17b10bcdb6c8c796e75,0xce23e1d4964298c9caf37c3e2528b7d76b379417a32012c3445aa463a1699675
98,10000000,0.08,0x49d11ec08cbb8ef22da431fda7183f9d3563f0bc,2017-10-31T21:40:32.000Z,0.000000008,0xd347f7b5fab42a04177be02c1f669aab83fae992,buy,0xe469c4473af82217b30cf17b10bcdb6c8c796e75,0x3b19d95b7d6ca8ceeac981714f67550dc9f903656a7f516871f186bf9c957b96
99,14924999,0.11939999999999999,0x49d11ec08cbb8ef22da431fda7183f9d3563f0bc,2017-10-31T21:39:57.000Z,0.00000000800000053601,0x06c6fea19f72ffeccb0326805b723ae3cae131ca,buy,0xe469c4473af82217b30cf17b10bcdb6c8c796e75,0xcdc6dc225bb554b79cfbbf42fa0feb02ba42924b512da0ec5560f89ddd1639e0
100,20000000,0.1558,0x49d11ec08cbb8ef22da431fda7183f9d3563f0bc,2017-10-31T21:39:49.000Z,0.00000000779,0x12c3fd99ab45bd806128e96062dc5a6c273d8af6,buy,0xe469c4473af82217b30cf17b10bcdb6c8c796e75,0x37a7d0a3572f1cfa12fa1f2bb9606310fddc2f209843ae04bc49f20822bb374f
101,20000000,0.14,0x49d11ec08cbb8ef22da431fda7183f9d3563f0bc,2017-10-31T21:39:49.000Z,0.000000007,0xece2edcbeb1631f62055edb2e04011013bff75ee,buy,0xe469c4473af82217b30cf17b10bcdb6c8c796e75,0x045819a31b1570de93d1b39714d9723711a19b3733f686ab9caf8ad40048f74d
102,30000001,0.210000007,0x49d11ec08cbb8ef22da431fda7183f9d3563f0bc,2017-10-31T21:39:37.000Z,0.000000007,0xacf84ef0630f01208960764afa1317eb2187bd18,buy,0xe469c4473af82217b30cf17b10bcdb6c8c796e75,0x95f5a66e2821b446f709d390051fa3406dd9e6fd9fcfb2c705928b70645f2240
103,2500000,0.0175,0x49d11ec08cbb8ef22da431fda7183f9d3563f0bc,2017-10-31T21:36:32.000Z,0.000000007,0xe7ac4b81e00ec85d1ddd448fd7b640d62bb2e7c4,buy,0xe469c4473af82217b30cf17b10bcdb6c8c796e75,0x0c09b904c2f9abc5118448bd42e1193a0128da069224ae43d6c27d73c7dc9202
104,20000000,0.14,0x49d11ec08cbb8ef22da431fda7183f9d3563f0bc,2017-10-31T21:36:32.000Z,0.000000007,0xf0b6feeaff52411c0b9a750f41aaafbf288f4375,buy,0xe469c4473af82217b30cf17b10bcdb6c8c796e75,0x074f2357ec37929f7a8cfdf6b97f550d1f741401c071690f783e1320bc823ea3
105,20000000,0.14,0x49d11ec08cbb8ef22da431fda7183f9d3563f0bc,2017-10-31T21:36:32.000Z,0.000000007,0x3d3657363f6141e5294fe183a43e2f983ec73ee9,buy,0xe469c4473af82217b30cf17b10bcdb6c8c796e75,0xfea1dbb2b5a88e9946e71aa65a22e624241123f4126228bd0d87170f77df733f
106,10000000,0.06,0x49d11ec08cbb8ef22da431fda7183f9d3563f0bc,2017-10-31T21:36:04.000Z,0.000000006,0x590fa45656b8ca8d9b371c4f848ee2cb34031b3b,buy,0xe469c4473af82217b30cf17b10bcdb6c8c796e75,0xab6a234cf52a24688d12427c3be06b92e54076486b3feb330e8737ce06a6800a
107,311427,0.001868562,0x49d11ec08cbb8ef22da431fda7183f9d3563f0bc,2017-10-31T21:35:57.000Z,0.000000006,0xbb9c7ac3b0a60bac6233291bdca6d2d91aaf0931,buy,0xe469c4473af82217b30cf17b10bcdb6c8c796e75,0x3000d92183cc0352a8305a1e8a05d643f79a2f32bd2b38b1cf7e33383dc802f7
108,994,0.000005467,0x49d11ec08cbb8ef22da431fda7183f9d3563f0bc,2017-10-31T21:07:05.000Z,0.0000000055,0x32b053dbec4e70da61fa6da70ef4bf0d86160ef5,sell,0xe469c4473af82217b30cf17b10bcdb6c8c796e75,0x05601a672145d4b7d42b4cd25c9c3c998c0b562a258ad512e9ae1ad533bab2a2
109,9969095,0.0548300225,0x49d11ec08cbb8ef22da431fda7183f9d3563f0bc,2017-10-31T20:49:37.000Z,0.0000000055,0x32b053dbec4e70da61fa6da70ef4bf0d86160ef5,sell,0xe469c4473af82217b30cf17b10bcdb6c8c796e75,0x911b84f378a3779f559aeef8a13ceba9754dcb1c78d55fd4b8c44c7a3a1d8eaf
110,9969095,0.0548300225,0x49d11ec08cbb8ef22da431fda7183f9d3563f0bc,2017-10-31T20:48:20.000Z,0.0000000055,0xe6dfb7d673c47a0ad14309dba9db1adcc8971619,sell,0xe469c4473af82217b30cf17b10bcdb6c8c796e75,0xa10ebc9d876434841df2520bf4e730ac5e5847d111addcae461d3c6f2c126646
111,20000000,0.12,0x49d11ec08cbb8ef22da431fda7183f9d3563f0bc,2017-10-31T20:11:57.000Z,0.000000006,0x3d3657363f6141e5294fe183a43e2f983ec73ee9,buy,0xe469c4473af82217b30cf17b10bcdb6c8c796e75,0x0ec6a228b4e210bb3d91d8e49122529b37536be9dd7022e3278cfcf91bcff016
112,1400,0.000007,0x49d11ec08cbb8ef22da431fda7183f9d3563f0bc,2017-10-31T20:10:01.000Z,0.000000005,0x4c8c5d7236bebb4c019f1c811c8dff4303967e13,sell,0xe469c4473af82217b30cf17b10bcdb6c8c796e75,0x7364ccbf36c00f369fbbab568a783b2271b0eff6ad3068c1c27aac430e4001ee
113,14043113,0.056172452,0x3d3657363f6141e5294fe183a43e2f983ec73ee9,2017-10-31T20:09:34.000Z,0.000000004,0x4c8c5d7236bebb4c019f1c811c8dff4303967e13,sell,0xe469c4473af82217b30cf17b10bcdb6c8c796e75,0x4682a8df821a3f72b15d910b84992dc7e7a5c4179d109112947eb944cba904da
114,3900000,0.0195,0x49d11ec08cbb8ef22da431fda7183f9d3563f0bc,2017-10-31T20:03:25.000Z,0.000000005,0xe6dce38a61edba2cd7dc0be24aa42f1c1bd3de0c,buy,0xe469c4473af82217b30cf17b10bcdb6c8c796e75,0xde83f8a4f5ec197375bf1723b00249b8caa4ced20b2c41c27358428d951644b1
115,10000000,0.05,0x49d11ec08cbb8ef22da431fda7183f9d3563f0bc,2017-10-31T20:01:57.000Z,0.000000005,0x5c242ebb3ec50f9d70c8fc4550b5a9f082177f90,buy,0xe469c4473af82217b30cf17b10bcdb6c8c796e75,0x08d53e3fb0b10c724350b8804e11e374193eedb4ca1bc8362f0aada4c31bf391
116,994,0.000003976,0x3d3657363f6141e5294fe183a43e2f983ec73ee9,2017-10-31T19:48:17.000Z,0.000000004,0xbda8a2cb0e71b3d83730d0c9d27e846a99eeec4e,sell,0xe469c4473af82217b30cf17b10bcdb6c8c796e75,0x729fc5441a2c81a2dc49368e222def941d6b3d7e0ca886cae2cf6a8751061d08
117,9969095,0.03987638,0x3d3657363f6141e5294fe183a43e2f983ec73ee9,2017-10-31T19:45:43.000Z,0.000000004,0xbda8a2cb0e71b3d83730d0c9d27e846a99eeec4e,sell,0xe469c4473af82217b30cf17b10bcdb6c8c796e75,0x42e38f8b4de360c63933575455399d58a10d9de9e383a2f6f5022651230c7904
118,20869946,0.083479784,0x3d3657363f6141e5294fe183a43e2f983ec73ee9,2017-10-31T19:23:44.000Z,0.000000004,0x60c797646b94c0f3a2a349c265f422360d7a8983,sell,0xe469c4473af82217b30cf17b10bcdb6c8c796e75,0x4df01fb97c317a641829312aaefb5e69ea703d55c0f7d20c0d7cf903f74c6ce9
119,10030905,0.04012362,0x26554809c4c63ee939a78edb189d5c4508f8d4b1,2017-10-31T17:16:44.000Z,0.000000004,0x12c3fd99ab45bd806128e96062dc5a6c273d8af6,sell,0xe469c4473af82217b30cf17b10bcdb6c8c796e75,0x93f7b8a3513f18a8d515be2c9f4880c95d80a4827316dd743ab9fde41e632d17
120,9969095,0.03987638,0x26554809c4c63ee939a78edb189d5c4508f8d4b1,2017-10-31T17:13:29.000Z,0.000000004,0xd67b77f5b77f2e8b93099d3351d96f994d83a879,sell,0xe469c4473af82217b30cf17b10bcdb6c8c796e75,0x04de79b0b1f9d4b7cc04c456de656ab00fc37fa540ef815847a7f57f1d278f6b
121,5000000,0.02,0x95e52a150e4a6f18323fb0d52066d130d1b79e22,2017-10-31T17:07:05.000Z,0.000000004,0x12c3fd99ab45bd806128e96062dc5a6c273d8af6,buy,0xe469c4473af82217b30cf17b10bcdb6c8c796e75,0x00b2cc47d3b608b37ed83bc31e59c893da5a416db8629c1501da4ce52c1c16db
122,9969095,0.0309041945,0x12c3fd99ab45bd806128e96062dc5a6c273d8af6,2017-10-31T17:05:21.000Z,0.0000000031,0xbb943aff95ae90cceab03f7ffcc24b55385841da,sell,0xe469c4473af82217b30cf17b10bcdb6c8c796e75,0xc22d177b593ad83e925db427f572b397ef8072812ca947425f992b40201a80c5
123,20588,0.0000638228,0x12c3fd99ab45bd806128e96062dc5a6c273d8af6,2017-10-31T17:00:28.000Z,0.0000000031,0x12c3fd99ab45bd806128e96062dc5a6c273d8af6,sell,0xe469c4473af82217b30cf17b10bcdb6c8c796e75,0x79f0de2467015eda9b9bfcd175e51cd6a8ac81f94986479e1a695185b48cf59b
124,20000,0.000062,0x12c3fd99ab45bd806128e96062dc5a6c273d8af6,2017-10-31T16:55:56.000Z,0.0000000031,0x12c3fd99ab45bd806128e96062dc5a6c273d8af6,sell,0xe469c4473af82217b30cf17b10bcdb6c8c796e75,0x22da4f78ed8f8aedbade678f320c1c53571036ff6c5905dcec0d4e171a767d87
125,2015135,0.00806054,0xef00d864e642f0ceb03eb7282d5602aa110215d9,2017-10-31T16:47:28.000Z,0.000000004,0x12c3fd99ab45bd806128e96062dc5a6c273d8af6,sell,0xe469c4473af82217b30cf17b10bcdb6c8c796e75,0xc9accf02d893cb514475a239dafef238189d8e4e2ad0f52fc0472d075c8b1679
126,101172643,0.404690572,0x67c8d4cfa960edeef6bcae17582f95ed56cdc1f2,2017-10-31T16:46:57.000Z,0.000000004,0x12c3fd99ab45bd806128e96062dc5a6c273d8af6,sell,0xe469c4473af82217b30cf17b10bcdb6c8c796e75,0x2657625d3914c8300d5e6158e2703fd191376b94094e6df09b669b87cee97bd1
127,1,0.000000004,0x67c8d4cfa960edeef6bcae17582f95ed56cdc1f2,2017-10-31T16:13:00.000Z,0.000000004,0xaef2368da7ee514b54a72e147d5b5738bc1e247d,sell,0xe469c4473af82217b30cf17b10bcdb6c8c796e75,0x85e3173cc90247c46da1f9b408891d5b73f419d5468592740cad7e0a43b0a35b
128,994,0.000003976,0x67c8d4cfa960edeef6bcae17582f95ed56cdc1f2,2017-10-31T16:08:21.000Z,0.000000004,0xaef2368da7ee514b54a72e147d5b5738bc1e247d,sell,0xe469c4473af82217b30cf17b10bcdb6c8c796e75,0x0e7a5ef8fc2af5963571d7c308a213edacd5bbb0a3200cf7c2d41201ad9c7732
129,9969095,0.03987638,0xcfa831357b9e35c6b4d250c6dfe2f0046d341307,2017-10-31T16:06:56.000Z,0.000000004,0xaef2368da7ee514b54a72e147d5b5738bc1e247d,sell,0xe469c4473af82217b30cf17b10bcdb6c8c796e75,0x761eca965f3f07c3a29fa836f4ba7ea6e62d333346985012aa5c1eef1bf57f44
130,9257133,0.037028532,0x67c8d4cfa960edeef6bcae17582f95ed56cdc1f2,2017-10-31T14:58:30.000Z,0.000000004,0xac5b8828d1c5758788fa5d7e0d8aa3d75b4f2d37,sell,0xe469c4473af82217b30cf17b10bcdb6c8c796e75,0xd0911db762466b962769e6d2a4496d8d70b10a3eee5d51ddc29dbae757a6c5ad
131,10000000,0.04,0x95e52a150e4a6f18323fb0d52066d130d1b79e22,2017-10-31T14:26:21.000Z,0.000000004,0x2d09061f0b80351caeebe9f6c704e66237393427,buy,0xe469c4473af82217b30cf17b10bcdb6c8c796e75,0x316ee7f7b54d2aa302ac9d104fb211576269b6082736a44535c6ea0f0dc852f1
132,9969095,0.03987638,0x67c8d4cfa960edeef6bcae17582f95ed56cdc1f2,2017-10-31T14:20:50.000Z,0.000000004,0x61fcfb5d01c0cfad5db2d1791f082ec97c229d38,sell,0xe469c4473af82217b30cf17b10bcdb6c8c796e75,0x2c45dd9af2873dbf963e1e081871c683bd00ff0c1fe5f30962da4d863132daad
133,10000000,0.04,0xa0e8d87e5caf8424c86c8d95d99d6394dc04ad22,2017-10-31T13:12:40.000Z,0.000000004,0xf228e9bc73c3c182983acf12a313f0f1fae8e48c,buy,0xe469c4473af82217b30cf17b10bcdb6c8c796e75,0x77e15fe1514170db76f7f7b7537718452803e9b12c30b1be843ce7846a1e2fd2
134,9969095,0.03987638,0xd347f7b5fab42a04177be02c1f669aab83fae992,2017-10-31T12:45:56.000Z,0.000000004,0x02d2280ba85e89fff0e7184e1151bc64d7516d45,sell,0xe469c4473af82217b30cf17b10bcdb6c8c796e75,0x3e4e5cacd559f8724edf4c6b3fddb3105d57db17a5777c4e8e5ea525f5eb0ac5
135,994,0.000003976,0xcfa831357b9e35c6b4d250c6dfe2f0046d341307,2017-10-31T12:02:40.000Z,0.000000004,0xe97a3b785a8af6fd381e0e706a88abb3f43b3806,sell,0xe469c4473af82217b30cf17b10bcdb6c8c796e75,0x11621cda584c1e2903ac04b55780dc931240a1c2c11bf2b299287aba156033ab
136,9969095,0.03987638,0x67c8d4cfa960edeef6bcae17582f95ed56cdc1f2,2017-10-31T12:01:18.000Z,0.000000004,0xe97a3b785a8af6fd381e0e706a88abb3f43b3806,sell,0xe469c4473af82217b30cf17b10bcdb6c8c796e75,0x4335020092ba7fff6276756feeb28ed766b48a9c31ec8025a5de693a19f62a21
137,6000000,0.03,0x2bdc160ca80bc28f37d81b6d16e88201b74aa7b9,2017-10-31T10:15:58.000Z,0.000000005,0x38cde1ef8b525264ac033d40ca97343eccdf3a70,buy,0xe469c4473af82217b30cf17b10bcdb6c8c796e75,0x1772414b6a34172cb3a92a5a389d38bcaf5f0e68a74b3cd6dfc340208f07a062
138,4000000,0.02,0x3c04f714d60aa4dee22db84c16ea535066c1f1bb,2017-10-31T09:31:59.000Z,0.000000005,0x38cde1ef8b525264ac033d40ca97343eccdf3a70,buy,0xe469c4473af82217b30cf17b10bcdb6c8c796e75,0x209185ba728eaa7af4f1636b5f79127f4e9c5880aaae59dfd056e3d97ecd2ff2
139,9969095,0.03987638,0x67c8d4cfa960edeef6bcae17582f95ed56cdc1f2,2017-10-31T07:27:47.000Z,0.000000004,0x20a3eb708c6613e7e8edef518627a21ac7a7fa86,sell,0xe469c4473af82217b30cf17b10bcdb6c8c796e75,0x0358731e4aa7986f2b3f0550e297cce31a054316880310b8ba329e6d67f92c25
140,10000000,0.04,0x95e52a150e4a6f18323fb0d52066d130d1b79e22,2017-10-31T07:20:53.000Z,0.000000004,0x04dc7427eac4d1aac4e1541c5ead2f93b006f124,buy,0xe469c4473af82217b30cf17b10bcdb6c8c796e75,0xd7cd354830bfc9db68615b76e6a9e0f22ecb58cbf261d916d2227a980197ffe4
141,20000000,0.12,0x840bb9fc0217f8e4b57200af6a8a794b71f00e20,2017-10-31T07:16:52.000Z,0.000000006,0x3d3657363f6141e5294fe183a43e2f983ec73ee9,buy,0xe469c4473af82217b30cf17b10bcdb6c8c796e75,0x68aac79b654464d03ed5f71948316285a7d85d93672c065faa114200cdf707e0
142,1969095,0.0096485655,0x840bb9fc0217f8e4b57200af6a8a794b71f00e20,2017-10-31T07:15:10.000Z,0.0000000049,0xc1247afc472ead93b059f15d1494cfc937809c8f,buy,0xe469c4473af82217b30cf17b10bcdb6c8c796e75,0x2e414cc2d30be60a1d751503ddd749fe4e5fa3f0d68dc4587c4ab73c14484cf5
143,994,0.000003976,0x67c8d4cfa960edeef6bcae17582f95ed56cdc1f2,2017-10-31T07:02:26.000Z,0.000000004,0xc9f1e8cf888853840504336a6519e26adf34ad0c,sell,0xe469c4473af82217b30cf17b10bcdb6c8c796e75,0x9aba36ee2bde2f2db605edf0d82cabd042785743b39b5c09d83a9591e1a691b7
144,9923739,0.039694956,0xcfa831357b9e35c6b4d250c6dfe2f0046d341307,2017-10-31T06:57:27.000Z,0.000000004,0x6649ee7df511568e4599cd8732fc870ff069c994,sell,0xe469c4473af82217b30cf17b10bcdb6c8c796e75,0xdb887ee454632f956d633e74834e59545def181c0eb5a824da1fbb584ec6af81
145,9969095,0.03987638,0x67c8d4cfa960edeef6bcae17582f95ed56cdc1f2,2017-10-31T06:15:15.000Z,0.000000004,0x61cf155c405c2e1ae308c89c8d1769cbb651e9ce,sell,0xe469c4473af82217b30cf17b10bcdb6c8c796e75,0xada34a0c56f711bd29af7b0f45cb8693b95122ac94abcadb4a76598f9279924f
146,10000000,0.06,0x9d0f536dc95cde0486a8708e1af01a6e4a60e9b2,2017-10-31T06:08:15.000Z,0.000000006,0xa5842ec685bdef95bd05a53a833091f6677f8753,buy,0xe469c4473af82217b30cf17b10bcdb6c8c796e75,0x92b6ad7e877bf4efb7b71321649b3d9c946ee02b2ddef6f6b961936e903cdee6
147,9969095,0.03987638,0x67c8d4cfa960edeef6bcae17582f95ed56cdc1f2,2017-10-31T06:04:46.000Z,0.000000004,0x94f4d3c8fa4ce51f1dd62d323db7bcc52211c2ea,sell,0xe469c4473af82217b30cf17b10bcdb6c8c796e75,0xcb25b9190972056103fd48ad57b79542844bfda223838ff8d296a8ae91ada15e
148,9969095,0.03987638,0x67c8d4cfa960edeef6bcae17582f95ed56cdc1f2,2017-10-31T06:04:31.000Z,0.000000004,0x7b4e526a00e5f151448c7044843e3275b62982aa,sell,0xe469c4473af82217b30cf17b10bcdb6c8c796e75,0x3aec17df60ba0238107a8e5901adde948a320d077ff3d2496a94b552d9a6ba9d
149,9969095,0.03987638,0x67c8d4cfa960edeef6bcae17582f95ed56cdc1f2,2017-10-31T06:01:21.000Z,0.000000004,0xd618f5e5cb58dd4788ebe24320db24339ac5d74d,sell,0xe469c4473af82217b30cf17b10bcdb6c8c796e75,0x45203d7692937e8521401a316b41772b9ee8b380e7a43a649386707de5ef23ae
150,9969095,0.03987638,0x67c8d4cfa960edeef6bcae17582f95ed56cdc1f2,2017-10-31T06:01:21.000Z,0.000000004,0xb60ea97b85e09342671a21ccd7a9a9d6a36699cd,sell,0xe469c4473af82217b30cf17b10bcdb6c8c796e75,0x826508bd091efa78b563e3fab4e9c85dee6ba3409a7b645746bbe0b59c05690b
151,10000000,0.03,0x273a5d3e6721b9f5c1a6474f560c1334c63dda01,2017-10-31T05:28:25.000Z,0.000000003,0x98408fc85b5fddd857903271865cd5586a99ee7e,buy,0xe469c4473af82217b30cf17b10bcdb6c8c796e75,0xb0d447fc1130122328f40369ebd656008a2f9ed832f039d20ee2539df3dbab55
152,9970000,0.03988,0x67c8d4cfa960edeef6bcae17582f95ed56cdc1f2,2017-10-31T05:28:25.000Z,0.000000004,0x273a5d3e6721b9f5c1a6474f560c1334c63dda01,sell,0xe469c4473af82217b30cf17b10bcdb6c8c796e75,0xb0d447fc1130122328f40369ebd656008a2f9ed832f039d20ee2539df3dbab55
153,9969095,0.03987638,0x67c8d4cfa960edeef6bcae17582f95ed56cdc1f2,2017-10-31T05:17:41.000Z,0.000000004,0xc9f1e8cf888853840504336a6519e26adf34ad0c,sell,0xe469c4473af82217b30cf17b10bcdb6c8c796e75,0x2eca6c63ebd10510336cec0d8489e28698ef722d7dd2f68cc2c11932a06db8f7
154,9969095,0.03987638,0x67c8d4cfa960edeef6bcae17582f95ed56cdc1f2,2017-10-31T03:43:37.000Z,0.000000004,0xde72b570f9d2957b092fb243c6277a0b183e80ec,sell,0xe469c4473af82217b30cf17b10bcdb6c8c796e75,0x4d175a8760d57e164f6c21c5d4e80602622c71ce18fa21f8bfb387d91b637c17
155,9969095,0.03987638,0x67c8d4cfa960edeef6bcae17582f95ed56cdc1f2,2017-10-31T03:37:20.000Z,0.000000004,0x51feb09f82313a99cb0d90be3702df6d7a3e1caa,sell,0xe469c4473af82217b30cf17b10bcdb6c8c796e75,0x0b2aaea35699e8b435fff2f153309ebaf8160d0f8fadd742368922e84ccda8f1
156,9969095,0.03987638,0x67c8d4cfa960edeef6bcae17582f95ed56cdc1f2,2017-10-31T03:29:25.000Z,0.000000004,0xe906b031daa3d55df74905155077d844b2357bef,sell,0xe469c4473af82217b30cf17b10bcdb6c8c796e75,0xfa46fe1a03869e1f584f40a4cdb9f267906a7dc6b00a39b0d8cd1cda97eeebd8
157,484865,0.00193946,0xef00d864e642f0ceb03eb7282d5602aa110215d9,2017-10-31T02:27:09.000Z,0.000000004,0xb6abb52d6ec21a2d282cdbc22e07f75062b5d096,sell,0xe469c4473af82217b30cf17b10bcdb6c8c796e75,0x776deb52829c9fd7b7058f90b1178bd2160c9958c2bc2876c8f48d4069982df4
158,4843370,0.026638535,0xc31e6dc679b23e89b1ba562717b54d4b5c5c8fec,2017-10-31T01:47:15.000Z,0.0000000055,0x13512137d004d3e8d919ced5f5f7119934917c11,buy,0xe469c4473af82217b30cf17b10bcdb6c8c796e75,0xdf7b857bdaadf8baf9fde4e5a094a508f5d28d1060482eb74f78dbcb78994574
159,10000000,0.05,0xc31e6dc679b23e89b1ba562717b54d4b5c5c8fec,2017-10-31T01:44:00.000Z,0.000000005,0xa42a317e1d9ad2a29ef0047b5dc307ee5988b0a8,buy,0xe469c4473af82217b30cf17b10bcdb6c8c796e75,0x6579118d447b6fc3cdf80dc148b0b70b7dac647b3d0bf3ba36dddd62983afe9d
160,10000000,0.05,0xc31e6dc679b23e89b1ba562717b54d4b5c5c8fec,2017-10-31T01:41:43.000Z,0.000000005,0x367c05bfe8b231ee2725305cdcf25d0c0656c2e3,buy,0xe469c4473af82217b30cf17b10bcdb6c8c796e75,0x7471227983cb0f1522cd9db0781cc5edd1df29c54806f5bd6b8ee44b1c209cf2
161,9969095,0.03987638,0x67c8d4cfa960edeef6bcae17582f95ed56cdc1f2,2017-10-31T01:39:29.000Z,0.000000004,0x3775d983f6890e6a09655ba0a7e45e393124aca1,sell,0xe469c4473af82217b30cf17b10bcdb6c8c796e75,0x6056f9797ee2be75ffd7da1925f79b43afab1fa5afc30d1beb7ce5a8f862f819
162,10038879,0.040155516,0xcfa831357b9e35c6b4d250c6dfe2f0046d341307,2017-10-30T23:55:03.000Z,0.000000004,0xfcf750d7a9201a0979694033a96865e44f963d0a,sell,0xe469c4473af82217b30cf17b10bcdb6c8c796e75,0x5506eaa0e94eb99ad47aa8dfbd4bc0b12be45935c1a6a5461c77cecbd4f7fafd
163,25000000,0.1,0xb11238b0708b565c1bafdb9a952689fed7bc9047,2017-10-30T23:08:13.000Z,0.000000004,0x6d008ff3111a579c78bd82a084cddea109d6f5e0,sell,0xe469c4473af82217b30cf17b10bcdb6c8c796e75,0xb3c2b17b713a69bc602e479d3e503a155579214a765e1989b7db9618b959b848
164,25000000,0.1,0xf0b6feeaff52411c0b9a750f41aaafbf288f4375,2017-10-30T23:06:05.000Z,0.000000004,0x6d008ff3111a579c78bd82a084cddea109d6f5e0,sell,0xe469c4473af82217b30cf17b10bcdb6c8c796e75,0xd66619f7994b130562b06fce0e09d5f8c27125f053df65e3fcac386cc45156aa
165,2417512,0.01208756,0xc8f0f7ee5ab3ef98804438550111bc2c115c96dc,2017-10-30T21:02:58.000Z,0.000000005,0xdf7beec4a75b0971e48530c14d67385cee710b65,buy,0xe469c4473af82217b30cf17b10bcdb6c8c796e75,0xcee99976807c7be195225ce7f6240700cb439714654f86c166e150cbb9c4da9c
166,9969095,0.03987638,0xcfa831357b9e35c6b4d250c6dfe2f0046d341307,2017-10-30T20:09:17.000Z,0.000000004,0xfeceebb2385384cff016f9b508a81dfc2265fe46,sell,0xe469c4473af82217b30cf17b10bcdb6c8c796e75,0x0cb52a4e934495b26fd4cef84e49795b82165272a3d98b126435ff57e391056f
167,9969095,0.03987638,0xcfa831357b9e35c6b4d250c6dfe2f0046d341307,2017-10-30T20:08:10.000Z,0.000000004,0x2dd49dea849e1fdfb863430a4565b9e9e917c917,sell,0xe469c4473af82217b30cf17b10bcdb6c8c796e75,0x6a4ad5a04d12023b8c45f726979650e2f551c53b16add50454742f0027f62f8b
168,8000000,0.04,0x28ef6c0161667aac9268f93250a7798591c428ff,2017-10-30T20:03:18.000Z,0.000000005,0xc1247afc472ead93b059f15d1494cfc937809c8f,buy,0xe469c4473af82217b30cf17b10bcdb6c8c796e75,0xbe875ba6a4f69173de0ec10d8d9af9c4b27f1b51a2530f822f9b5be33cad172d
169,2000000,0.01,0x28ef6c0161667aac9268f93250a7798591c428ff,2017-10-30T19:59:39.000Z,0.000000005,0xdf7beec4a75b0971e48530c14d67385cee710b65,buy,0xe469c4473af82217b30cf17b10bcdb6c8c796e75,0xd4e947e68299f6b6ab3364c92d0c9200e90546aa23c05b6957f917c330b5bc22
170,9969095,0.03987638,0xcfa831357b9e35c6b4d250c6dfe2f0046d341307,2017-10-30T19:58:15.000Z,0.000000004,0x72731302b7dc3c0b6f62b7b9ec56a05c7acb7642,sell,0xe469c4473af82217b30cf17b10bcdb6c8c796e75,0x92c7e32832efff2a24a036df982b8ea985fe18cbecf12264f965da6f9097e9d0
171,1275740,0.00510296,0xa0e8d87e5caf8424c86c8d95d99d6394dc04ad22,2017-10-30T19:51:17.000Z,0.000000004,0x9291a9f87d5912e44eb1118a39bd63c3a9001e01,sell,0xe469c4473af82217b30cf17b10bcdb6c8c796e75,0x9089a7f34574c0222eb5d44271b301519e6d4ba28e779240beea8fb5f21a53b2
172,17000000,0.085,0xbda6e75bc60f9f13d66d2725b595d93cf6fc0f96,2017-10-30T17:53:19.000Z,0.000000005,0x3d3657363f6141e5294fe183a43e2f983ec73ee9,sell,0xe469c4473af82217b30cf17b10bcdb6c8c796e75,0xb36c7df72d39406cbe69d377d02527a3e1f0e717be4928e2ce22b127aafb772e
173,15135161,0.09081097162541026,0x2bdc160ca80bc28f37d81b6d16e88201b74aa7b9,2017-10-30T17:52:20.000Z,0.00000000600000037167,0xacf84ef0630f01208960764afa1317eb2187bd18,buy,0xe469c4473af82217b30cf17b10bcdb6c8c796e75,0xdac18451800f9815c9fa97a5c75022ce221afe6b47b4d1c183b335b24d8c9224
174,10000000,0.06,0x2bdc160ca80bc28f37d81b6d16e88201b74aa7b9,2017-10-30T17:48:31.000Z,0.000000006,0x817f0fc8760eac5c497697329b50f632c453a4eb,buy,0xe469c4473af82217b30cf17b10bcdb6c8c796e75,0x8662d8482759eff6b53a080c91250b2b5479b5c07006b0117fb89613ef052e1d
175,30000000,0.123,0x12c3fd99ab45bd806128e96062dc5a6c273d8af6,2017-10-30T17:12:16.000Z,0.0000000041,0xb99f72a8b0d3a5025ab8b2ca534973497af42899,sell,0xe469c4473af82217b30cf17b10bcdb6c8c796e75,0x5b1d80102f45830d9cb50948d77c5873e7e188e97c7893628566cb23d9ca1486
176,4969594,0.019878376,0xcfa831357b9e35c6b4d250c6dfe2f0046d341307,2017-10-30T15:57:28.000Z,0.000000004,0x3b985dcb066a8e69eb25c2e1ade62579266f6717,sell,0xe469c4473af82217b30cf17b10bcdb6c8c796e75,0x8fe971826e30682515e7fe94ce6e74102e22311a648d96b30d3a448d8cf9d02d
177,5000000,0.025,0x1b2ba681893d2b2e301e095303a419b9c2c2bbaf,2017-10-30T15:50:15.000Z,0.000000005,0xdf7beec4a75b0971e48530c14d67385cee710b65,buy,0xe469c4473af82217b30cf17b10bcdb6c8c796e75,0x33dcb169c6084e317aadae97ccfcc2adc14ec8dd95867ff20bd9fac5cad85d6d
178,10168477,0.040673908,0xcfa831357b9e35c6b4d250c6dfe2f0046d341307,2017-10-30T15:40:13.000Z,0.000000004,0x158cad0e2dc87435a5bbe5ec2f0bd7aa6d352b1b,sell,0xe469c4473af82217b30cf17b10bcdb6c8c796e75,0x79a0965b7a03439ffc74f465fc2891678c28615e2d3d6c98bf5c84a94f1c9f3d
179,9969095,0.03987638,0xa0e8d87e5caf8424c86c8d95d99d6394dc04ad22,2017-10-30T15:31:12.000Z,0.000000004,0xd52dc3c632c1157783cc395c6697e9b167741755,sell,0xe469c4473af82217b30cf17b10bcdb6c8c796e75,0xa9cf0a00d91061aef490c137edc4856061df5af0b385e3d94be522b09194ab74
180,300138,0.00150069,0xcfa831357b9e35c6b4d250c6dfe2f0046d341307,2017-10-30T15:20:14.000Z,0.000000005,0xdf7beec4a75b0971e48530c14d67385cee710b65,sell,0xe469c4473af82217b30cf17b10bcdb6c8c796e75,0x25b1e4ad59018370ecf1aa585c1d6ad00bb8ebf43fdc694c86fbe34f28c800ed
181,280609,0.0014591668,0x02f516ad79119c74cf1f47ab610023337b3bd8d3,2017-10-30T15:15:52.000Z,0.0000000052,0xdf7beec4a75b0971e48530c14d67385cee710b65,sell,0xe469c4473af82217b30cf17b10bcdb6c8c796e75,0xce26af97dd11acab74d63c0c67a219cabc4ad40c97bd6a3947de59cd10bc2919
182,38755165,0.15502066,0xa0e8d87e5caf8424c86c8d95d99d6394dc04ad22,2017-10-30T15:05:40.000Z,0.000000004,0x456d3ebab6bf5ee4152fd3398f90606db679ef79,sell,0xe469c4473af82217b30cf17b10bcdb6c8c796e75,0x88b67230864896a709e3c3491c6d66b471d26f86a2abea02cc9417a968def488
183,75000000,0.3,0x3d3657363f6141e5294fe183a43e2f983ec73ee9,2017-10-30T15:00:07.000Z,0.000000004,0x456d3ebab6bf5ee4152fd3398f90606db679ef79,sell,0xe469c4473af82217b30cf17b10bcdb6c8c796e75,0x2126cbd5524e32ed8b2afc9789d0d073fb55bf16cd10e41134e1eef8dae7d5c1
184,882008,0.00441004,0xcfa831357b9e35c6b4d250c6dfe2f0046d341307,2017-10-30T14:20:19.000Z,0.000000005,0x0e14740926471137b571c090d625dd7123a307d7,sell,0xe469c4473af82217b30cf17b10bcdb6c8c796e75,0x43e21d576e234ea19dc369d0307947396cd65c5cae684c1b99681a7151f97b19
185,10660966,0.05330483,0x456d3ebab6bf5ee4152fd3398f90606db679ef79,2017-10-30T14:16:39.000Z,0.000000005,0x0e14740926471137b571c090d625dd7123a307d7,sell,0xe469c4473af82217b30cf17b10bcdb6c8c796e75,0xcbbd855f97728b75b9d195c05aa27b1aa31691c762917b38d706649f19b89932
186,1988,0.0000103376,0x02f516ad79119c74cf1f47ab610023337b3bd8d3,2017-10-30T13:56:56.000Z,0.0000000052,0x9b07f5475186e22025d856dd5a27e58e28f8d6af,sell,0xe469c4473af82217b30cf17b10bcdb6c8c796e75,0xbc6089f0f2b9afb1c5c45240a8f935e75dd048d73dc83d7d013a34e78f6cd5e2
187,1,0.000000006,0x6cdea8e07bf82d7a07dbf36642d6e5be8623845c,2017-10-30T13:46:52.000Z,0.000000006,0xbb9c7ac3b0a60bac6233291bdca6d2d91aaf0931,buy,0xe469c4473af82217b30cf17b10bcdb6c8c796e75,0xf53be6f4fd98dce74af0e9704e6b058234501c930f9ab550c8d6412b71b1443e
188,1626875,0.009761250374589739,0x2796d9139f6d44f3294f9bd5fa135348c786adb9,2017-10-30T12:14:50.000Z,0.00000000600000023025,0xacf84ef0630f01208960764afa1317eb2187bd18,buy,0xe469c4473af82217b30cf17b10bcdb6c8c796e75,0x73b4e2456b083364fcaa1f27b77ab46376c2ca8a5f605ad11d0f4e1d8011d651
189,7930455,0.039652275,0xcfa831357b9e35c6b4d250c6dfe2f0046d341307,2017-10-30T09:44:25.000Z,0.000000005,0xfeeea026676322fcabf392cb4394603230836a82,sell,0xe469c4473af82217b30cf17b10bcdb6c8c796e75,0x77b66ce65c4a3a490525fbbf3acd7db96f0cf72b125a072aafd7c536179f2b6f
190,9969095,0.049845475,0xddd0fec477ee2a2f25f4751d02673bc6ca107d80,2017-10-30T09:15:04.000Z,0.000000005,0xdf252473e22254bd2741f501810ca49c92967c01,sell,0xe469c4473af82217b30cf17b10bcdb6c8c796e75,0x2530bd47dba5d865b51056bb17cf99bdfd7c70a68fc2f4c45cd6b951f72fb971
191,994,0.00000497,0x456d3ebab6bf5ee4152fd3398f90606db679ef79,2017-10-30T09:07:33.000Z,0.000000005,0x1fc19d2f4acf535a509bb3e9c3ebde2f18cdc191,sell,0xe469c4473af82217b30cf17b10bcdb6c8c796e75,0xd764e2c0478778f03f9eb47cf8bf4984ca33b1334f0bf00127e219452ddf7d48
192,9969095,0.049845475,0xa0e8d87e5caf8424c86c8d95d99d6394dc04ad22,2017-10-30T09:02:28.000Z,0.000000005,0x497760aac83be3a2c38b8430da2e89f827fcc8d3,sell,0xe469c4473af82217b30cf17b10bcdb6c8c796e75,0x299a19105a91b209c4860d8b1524e741d6492025057b5cf65b868d433e08841c
193,9969095,0.049845475,0xa0e8d87e5caf8424c86c8d95d99d6394dc04ad22,2017-10-30T08:08:03.000Z,0.000000005,0x0753f446779b6ba8b7d0cfa83fee89eb9322686c,sell,0xe469c4473af82217b30cf17b10bcdb6c8c796e75,0xbb11dedc1e3076f08c67db87147dd58a0bcbc8fbc4d04864e258817cb58e90be
194,488572,0.002931437491142388,0x3e799421ad7ca8de3ee650edd05a53423d008ced,2017-10-30T07:20:29.000Z,0.00000000600001123916,0xbb9c7ac3b0a60bac6233291bdca6d2d91aaf0931,buy,0xe469c4473af82217b30cf17b10bcdb6c8c796e75,0xb91758d960c2b11b6d483fcd57768f99f5cbf892745cd24be6c175033aaf3199
195,10000000,0.06,0xf00dd34fa52d31aa537658baf071cbaeac59a66d,2017-10-30T07:05:22.000Z,0.000000006,0x2ebb2f906eb5fb04e3dc2987d1fb9f00b676965b,buy,0xe469c4473af82217b30cf17b10bcdb6c8c796e75,0x6881f46b3599091ed5341309b05f6468ccb818005913f0ba65605e1106d088c6
196,10318014,0.05159007,0xcfa831357b9e35c6b4d250c6dfe2f0046d341307,2017-10-30T05:57:18.000Z,0.000000005,0x0216facf7143763f55643e8164f4bb5b18809ec9,sell,0xe469c4473af82217b30cf17b10bcdb6c8c796e75,0x673b642bbc9eae9de68f97297c28ca94dc0ec34693e1d6ebf356985639036bc2
197,4082300,0.0244938,0xa0e8d87e5caf8424c86c8d95d99d6394dc04ad22,2017-10-30T05:06:09.000Z,0.000000006,0x8b5347e12ece13475157b712ed601a7ec5962bb9,buy,0xe469c4473af82217b30cf17b10bcdb6c8c796e75,0x060b67ed8ce50663604f77f0053d95922ebb43455b0129767e29bd93f1565a1e
198,7416666,0.0445,0xa0e8d87e5caf8424c86c8d95d99d6394dc04ad22,2017-10-30T05:06:09.000Z,0.00000000600000053932,0x4705fbcf9bb6c840175500a617c21f031ded8478,buy,0xe469c4473af82217b30cf17b10bcdb6c8c796e75,0xc343e49a519c34bfbf92d57c93630d4639eb48afba6f06946103766777d0cdbb
199,10000000,0.06,0xa0e8d87e5caf8424c86c8d95d99d6394dc04ad22,2017-10-30T05:05:46.000Z,0.000000006,0xfcbfb1321cdbb8b472547f3fe73be4653ad1759a,buy,0xe469c4473af82217b30cf17b10bcdb6c8c796e75,0x16748c2ae378843cb597855a8abbc63f409207b3cae9804306b19043c1529c4f
200,2110529,0.012663174,0xa0e8d87e5caf8424c86c8d95d99d6394dc04ad22,2017-10-30T05:05:46.000Z,0.000000006,0xa2b3871be1c880c095130b1906d9eb3b84e9e7b0,buy,0xe469c4473af82217b30cf17b10bcdb6c8c796e75,0xb5adccc102239b7cfe3c89d433db73e77539ff0f78090bc837d0ac6e22b2885c
201,8569385,0.042846925,0xcfa831357b9e35c6b4d250c6dfe2f0046d341307,2017-10-30T05:05:09.000Z,0.000000005,0xcc33a452f36359d837e03140e8fa379c4699753c,sell,0xe469c4473af82217b30cf17b10bcdb6c8c796e75,0xbf810c309e9c76c5701bdfd5347b0e4f1cd7ce5573e5a488a4f8726144a6ae55
202,1399850,0.00699925,0x456d3ebab6bf5ee4152fd3398f90606db679ef79,2017-10-30T05:03:41.000Z,0.000000005,0xcc33a452f36359d837e03140e8fa379c4699753c,sell,0xe469c4473af82217b30cf17b10bcdb6c8c796e75,0xc9eb1e38e97286ec68abf0ad61b3f274ab6677d7c67255229418532e1065e220
203,26816897,0.134084485,0xacf84ef0630f01208960764afa1317eb2187bd18,2017-10-30T03:57:07.000Z,0.000000005,0x2590d837765fee20271eb79e50649ee7bc8a3c3f,sell,0xe469c4473af82217b30cf17b10bcdb6c8c796e75,0xcb9175a071c1d96f6d551e8aadc8e5e41f661efd2450bef0187ec0b5424ad4b1
204,0,0,0xacf84ef0630f01208960764afa1317eb2187bd18,2017-10-30T03:50:11.000Z,NaN,0x16e5d97bbc92417e051e3b2cabfbf8ceea2acb9c,sell,0xe469c4473af82217b30cf17b10bcdb6c8c796e75,0xcca2f9f48522fea1a3400d14cbd78be0f38ae240f35a53bd98f3a5174302d80f
205,0,0,0xacf84ef0630f01208960764afa1317eb2187bd18,2017-10-30T03:48:31.000Z,NaN,0x379374d13077e8867ef31803c37baf9785a17c00,sell,0xe469c4473af82217b30cf17b10bcdb6c8c796e75,0x310880e866947e0b4adb7d62230b60e391d578d4a1cfb3464c592b6bde13ffde
206,1,0.000000005,0xacf84ef0630f01208960764afa1317eb2187bd18,2017-10-30T03:45:32.000Z,0.000000005,0x607ab992af733e092bb8b0e98e6249c197e6c93b,sell,0xe469c4473af82217b30cf17b10bcdb6c8c796e75,0xd41526a05401421ac2070fd467c48cbfde3a6fc88099854d3e8a7bf99239376b
207,994,0.00000497,0xacf84ef0630f01208960764afa1317eb2187bd18,2017-10-30T03:43:19.000Z,0.000000005,0x607ab992af733e092bb8b0e98e6249c197e6c93b,sell,0xe469c4473af82217b30cf17b10bcdb6c8c796e75,0x25b3ec9ae9ed1df992130599a04cee553ad9c2f25b4f30194cc16a8efb6eda90
208,9969095,0.049845475,0xacf84ef0630f01208960764afa1317eb2187bd18,2017-10-30T03:41:42.000Z,0.000000005,0x607ab992af733e092bb8b0e98e6249c197e6c93b,sell,0xe469c4473af82217b30cf17b10bcdb6c8c796e75,0x9cd4a37de1b053e404bbd396681022d7f5fbc236a1a8ac5358767dd5252099d0
209,9969095,0.049845475,0xacf84ef0630f01208960764afa1317eb2187bd18,2017-10-30T02:52:52.000Z,0.000000005,0x23d3b08a4477dca0a7b95f657253532afb638d64,sell,0xe469c4473af82217b30cf17b10bcdb6c8c796e75,0x14dbad023b15f6a91cabd47547cdc7e29961038c9444aae534e9fc22acd00f97
210,2110529,0.010552649999999998,0xa2b3871be1c880c095130b1906d9eb3b84e9e7b0,2017-10-30T02:52:29.000Z,0.00000000500000236907,0xc8d62644dacf4e4653037d1be93c9dfa6ddf5c11,buy,0xe469c4473af82217b30cf17b10bcdb6c8c796e75,0xf548006528a3e0fbdfec4602d25bf390c8cdf69d5727b79a9c1265b657481ed2
211,83333,0.0005,0xf9695cd65d6dfdf257fab76a3eb0cb8f001971cc,2017-10-30T02:50:45.000Z,0.00000000600002400009,0x4705fbcf9bb6c840175500a617c21f031ded8478,buy,0xe469c4473af82217b30cf17b10bcdb6c8c796e75,0xd8df22047a0f617413ecabebc67412e14df9a572bf3dbf3504ceb7f22ee16ed5
212,5565640,0.03339384,0xb455f47fcd6cdce7bdfb72ad8eb4306db67a1fe6,2017-10-30T02:37:37.000Z,0.000000006,0xc9d56287b414e1aa0963016aa721b527f095fd9c,sell,0xe469c4473af82217b30cf17b10bcdb6c8c796e75,0x58beb1f7bf3992bdcc348b8f86c7f699b3d0f3f1673a4a11b7eb8a8d3d0520ab
213,5582336,0.02791168,0xc9d56287b414e1aa0963016aa721b527f095fd9c,2017-10-30T02:37:37.000Z,0.000000005,0xc8d62644dacf4e4653037d1be93c9dfa6ddf5c11,buy,0xe469c4473af82217b30cf17b10bcdb6c8c796e75,0x58beb1f7bf3992bdcc348b8f86c7f699b3d0f3f1673a4a11b7eb8a8d3d0520ab
214,0,0,0xacf84ef0630f01208960764afa1317eb2187bd18,2017-10-30T02:24:25.000Z,NaN,0x16e5d97bbc92417e051e3b2cabfbf8ceea2acb9c,sell,0xe469c4473af82217b30cf17b10bcdb6c8c796e75,0x024e8213c1800ea41872831005c9e85792f78dcf45712c4fd2f3495e5ebfef61
215,0,0,0xacf84ef0630f01208960764afa1317eb2187bd18,2017-10-30T02:23:25.000Z,NaN,0x379374d13077e8867ef31803c37baf9785a17c00,sell,0xe469c4473af82217b30cf17b10bcdb6c8c796e75,0x02f19dabff1b9803bd2652104713708921d24c35d4402ddf5ccf6e7f03ab794a
216,4843370,0.0242652837,0x13512137d004d3e8d919ced5f5f7119934917c11,2017-10-30T01:20:17.000Z,0.00000000501,0x8d9c6fabbe86b246e247146684bf53678699b375,sell,0xe469c4473af82217b30cf17b10bcdb6c8c796e75,0x71c0e1fc90f171e0146e01309e0fef99978d5b82e1be06427bd5cf97037a9b6c
217,13904585,0.097332095,0x048e94d1cb3f5b0eaf41372e19ad75ef30045d2f,2017-10-30T01:13:20.000Z,0.000000007,0x2590d837765fee20271eb79e50649ee7bc8a3c3f,buy,0xe469c4473af82217b30cf17b10bcdb6c8c796e75,0x0927225eecb48d2b0c431d4bea75e7730ecba09b8eb04c4e9e0fac2b7f5af7a3
218,2500000,0.015,0x65f2dddf638c7a7118b22d610c9aeba141f2467f,2017-10-30T01:04:43.000Z,0.000000006,0x4705fbcf9bb6c840175500a617c21f031ded8478,buy,0xe469c4473af82217b30cf17b10bcdb6c8c796e75,0xbbe6058e202bc14c396135698a91ee839d4561a4df451c1361b542f3dca14765
219,2492274,0.017445918,0x7ae95541c6ec1862e3cd5bfcf12e50b120755c99,2017-10-30T01:04:43.000Z,0.000000007,0x65f2dddf638c7a7118b22d610c9aeba141f2467f,sell,0xe469c4473af82217b30cf17b10bcdb6c8c796e75,0xbbe6058e202bc14c396135698a91ee839d4561a4df451c1361b542f3dca14765
220,5525812,0.038680684,0x8465bb2361b50320ce7f200675a1c82542f9eac3,2017-10-30T00:27:20.000Z,0.000000007,0xd28f17e3420d730cdd670a4f876a5744313da4a6,sell,0xe469c4473af82217b30cf17b10bcdb6c8c796e75,0x62df090be26d6e03d6c561df11d152a75d88e6986dc8e63ce6fbf2881ac54114
221,4969539,0.034786773,0x8465bb2361b50320ce7f200675a1c82542f9eac3,2017-10-30T00:22:49.000Z,0.000000007,0x925086363fb842749f253e5cb1f421d2bb8d8de5,sell,0xe469c4473af82217b30cf17b10bcdb6c8c796e75,0x5f9f7d90b91f4649846ea999d64e5305c484ad4f732124e62a1c03eba3fabbe6
222,9969095,0.069783665,0x8465bb2361b50320ce7f200675a1c82542f9eac3,2017-10-30T00:16:57.000Z,0.000000007,0x62a27c6e093e23ee9a6623bf5577f7f75f93f3cb,sell,0xe469c4473af82217b30cf17b10bcdb6c8c796e75,0x7f984c008524a8ea5a67dfe36326616aa1677f0a86726986906a7c0d598e0a09
223,59535554,0.416748878,0x8465bb2361b50320ce7f200675a1c82542f9eac3,2017-10-30T00:05:59.000Z,0.000000007,0xacf84ef0630f01208960764afa1317eb2187bd18,sell,0xe469c4473af82217b30cf17b10bcdb6c8c796e75,0x0ce975238211ed6fc0e84198db3d2a2bff7f1af467fa5878663d191caacb2f2d
224,9969095,0.049845475,0xacf84ef0630f01208960764afa1317eb2187bd18,2017-10-29T23:59:28.000Z,0.000000005,0x9a265f1d59e020341ca2b6f4eb20aeec46054414,sell,0xe469c4473af82217b30cf17b10bcdb6c8c796e75,0x79cfc1e52dd8eae5317c411876c64170aa5afefbd6848742262adc8105e6f7b0
225,400000,0.00276,0x273a5d3e6721b9f5c1a6474f560c1334c63dda01,2017-10-29T23:58:07.000Z,0.0000000069,0x02f516ad79119c74cf1f47ab610023337b3bd8d3,buy,0xe469c4473af82217b30cf17b10bcdb6c8c796e75,0x96bbb60759ce2f3fa2311e3c88ececa02adae7aafc560254c95419e884499401
226,398800,0.003988,0xeb3644cee0cef12ae7f58dca50a1d94d6480ad23,2017-10-29T23:58:07.000Z,0.00000001,0x273a5d3e6721b9f5c1a6474f560c1334c63dda01,sell,0xe469c4473af82217b30cf17b10bcdb6c8c796e75,0x96bbb60759ce2f3fa2311e3c88ececa02adae7aafc560254c95419e884499401
227,422,0.0000021944,0x02f516ad79119c74cf1f47ab610023337b3bd8d3,2017-10-29T23:43:55.000Z,0.0000000052,0x4aa257a93f6a122f3a40acc2b8a6a2c951040fa2,sell,0xe469c4473af82217b30cf17b10bcdb6c8c796e75,0x794c12d769e59e36f2a3a4ed42b27d880ee1b2566b1e0d29b66b33f8d19e13a6
228,30,0.00000015,0x2590d837765fee20271eb79e50649ee7bc8a3c3f,2017-10-29T23:40:51.000Z,0.000000005,0x65e44324f5a4edb9fa333b1e0185975641cd5029,sell,0xe469c4473af82217b30cf17b10bcdb6c8c796e75,0x5d66d58cdb0124edb7411746ce292a7553af6529ba9ce740b34d8195e8a57d78
229,1500000,0.01035,0xffe82e06ec78f3ada9bc78ae3ff0b1f58133f1d7,2017-10-29T23:40:12.000Z,0.0000000069,0x02f516ad79119c74cf1f47ab610023337b3bd8d3,buy,0xe469c4473af82217b30cf17b10bcdb6c8c796e75,0xa00e3aed68ad0bc3ed5a663541b60b49ee62c8108a566f9d9672515bb7054bf8
230,9969095,0.049845475,0x2590d837765fee20271eb79e50649ee7bc8a3c3f,2017-10-29T23:10:57.000Z,0.000000005,0x6d729986da2d1de85df030a8b1401c22538b27a1,sell,0xe469c4473af82217b30cf17b10bcdb6c8c796e75,0x5bf567edef0b17f59d2c6ab45a4ad3ce629d3772be6e3303996755b658eec41a
231,10000000,0.05,0xacf84ef0630f01208960764afa1317eb2187bd18,2017-10-29T22:47:30.000Z,0.000000005,0x9846bc02f1b2f228c7a03c91b867da55f01cb0a3,buy,0xe469c4473af82217b30cf17b10bcdb6c8c796e75,0x2ddfe2e81d4af233094f077e0b6423d80be444cdb4b6987deb9f8868d8f94378
232,9969095,0.049845475,0xacf84ef0630f01208960764afa1317eb2187bd18,2017-10-29T22:17:57.000Z,0.000000005,0xfecb9bc1c8cbdccee4f6f0f02b0f8eac943f25b6,sell,0xe469c4473af82217b30cf17b10bcdb6c8c796e75,0x00cf359151849c98efb8280d14cb6085cb73a9921c2095963f5a795c8929e25a
233,1,0.0000000052,0x02f516ad79119c74cf1f47ab610023337b3bd8d3,2017-10-29T21:46:40.000Z,0.0000000052,0x3a0efca8f3e69cda5f6d489d7e341c7884dc23d6,sell,0xe469c4473af82217b30cf17b10bcdb6c8c796e75,0x50d7c15538c42477fa9325857989e9733e8125aee95b3cd5e8725b9e2e6158f1
234,994,0.00000448294,0x1567591981207815cbeefe0381f491000f5d302a,2017-10-29T21:40:41.000Z,0.00000000451,0x3a0efca8f3e69cda5f6d489d7e341c7884dc23d6,sell,0xe469c4473af82217b30cf17b10bcdb6c8c796e75,0x0a56f31377d0885941014704af990399a9d435a87666d9668aae3718abb706e5
235,9969095,0.049845475,0x2590d837765fee20271eb79e50649ee7bc8a3c3f,2017-10-29T21:39:55.000Z,0.000000005,0x3a0efca8f3e69cda5f6d489d7e341c7884dc23d6,sell,0xe469c4473af82217b30cf17b10bcdb6c8c796e75,0x597a74a59dea5ba36905f87a902768ca4fcb03cd7c781968ce7eaec171280d7e
236,10000000,0.05,0x2590d837765fee20271eb79e50649ee7bc8a3c3f,2017-10-29T21:36:26.000Z,0.000000005,0xcc5b1aa1a4db8c81e1eaaf3e5c56c622872ce8c9,sell,0xe469c4473af82217b30cf17b10bcdb6c8c796e75,0x5467200daba15bd2ad88cc776ad51625b12e500533ff5cbe1898a20d88e55a3b
237,994,0.0000051688,0x02f516ad79119c74cf1f47ab610023337b3bd8d3,2017-10-29T21:28:14.000Z,0.0000000052,0xbbe421c41192bba3812bd04823e6459b34c376ba,sell,0xe469c4473af82217b30cf17b10bcdb6c8c796e75,0xbe2316ac93f7140d88a1c9c8124d3262826f98f200d223df487f650b7a8525cf
238,9969095,0.049845475,0xacf84ef0630f01208960764afa1317eb2187bd18,2017-10-29T21:26:56.000Z,0.000000005,0xbbe421c41192bba3812bd04823e6459b34c376ba,sell,0xe469c4473af82217b30cf17b10bcdb6c8c796e75,0xe5db8a5abe832c34c81732f1541ab1e7d83fc6420f7fa35001688175b2b77a05
239,49845,0.001993819160602133,0xb3a88418d2caa93151de3af77ce934252515c0d3,2017-10-29T20:50:34.000Z,0.00000004000038440369,0xcd17ffc6fa721cbdec1dee5cee7b7643292699df,buy,0xe469c4473af82217b30cf17b10bcdb6c8c796e75,0x2aa2b0ee0ba7cb03c7ec757922114092f3f1479b17d9a7e86305fbfe97cc6269
240,1951948,0.0101501296,0x02f516ad79119c74cf1f47ab610023337b3bd8d3,2017-10-29T20:49:08.000Z,0.0000000052,0x1804206b5be10e6d88ee076f73c6e9b50097f236,sell,0xe469c4473af82217b30cf17b10bcdb6c8c796e75,0x2558cf9de7ab25258febaf739a8877c41bcfbf59e200eed941e5316542672dad
241,9969095,0.049845475,0x2590d837765fee20271eb79e50649ee7bc8a3c3f,2017-10-29T20:15:32.000Z,0.000000005,0x1b45f312db4d85e9f93989207c035fff6baa653f,sell,0xe469c4473af82217b30cf17b10bcdb6c8c796e75,0xcedc5c7e1099b4c79d566ad26b3c9b9302d7bc11145b9af3d645c45197833ad6
242,4969683,0.029818098,0x456d3ebab6bf5ee4152fd3398f90606db679ef79,2017-10-29T20:06:18.000Z,0.000000006,0xbd738420197ca6e0471320a2d6e62a3edeef5512,sell,0xe469c4473af82217b30cf17b10bcdb6c8c796e75,0xce6907bc3fa2d6e4f0703e82a437a1285f27316553d946366aae2914d6bca1b5
243,9969095,0.05981457,0x456d3ebab6bf5ee4152fd3398f90606db679ef79,2017-10-29T20:05:53.000Z,0.000000006,0x4f68ce6dfec9c34b6eece76cfc125f5d778a1d43,sell,0xe469c4473af82217b30cf17b10bcdb6c8c796e75,0xe883839c6d7720d73628a9ce286b6622b81f6a7235948d8f0da54611c7d4fba2
244,9969095,0.05981457,0x456d3ebab6bf5ee4152fd3398f90606db679ef79,2017-10-29T19:42:17.000Z,0.000000006,0x3cc1b64568938efc6dba6737e0ebee1b0e4c890b,sell,0xe469c4473af82217b30cf17b10bcdb6c8c796e75,0xfa9c9eec5d200831f500e23ccaa829cc64caa0c372e082b1fcc67c62534f2076
245,2969793,0.0154429236,0x02f516ad79119c74cf1f47ab610023337b3bd8d3,2017-10-29T18:52:44.000Z,0.0000000052,0xbdad771e20c39f35fd04871106788c9745b5eb27,sell,0xe469c4473af82217b30cf17b10bcdb6c8c796e75,0x8ccda9c038a1a8978dc5436aecef6a7aa8ce224167318b9ea413b122f1915fa9
246,4794245,0.024930074,0x02f516ad79119c74cf1f47ab610023337b3bd8d3,2017-10-29T18:40:54.000Z,0.0000000052,0x668fdf891363f5e62048ebee9386b3b058256edd,sell,0xe469c4473af82217b30cf17b10bcdb6c8c796e75,0xccd8532cb9a073525b4c71ca5db6b255cebdca09507f3364d17fef830800258b
247,5175366,0.02587683,0xe7ac4b81e00ec85d1ddd448fd7b640d62bb2e7c4,2017-10-29T18:40:02.000Z,0.000000005,0x668fdf891363f5e62048ebee9386b3b058256edd,sell,0xe469c4473af82217b30cf17b10bcdb6c8c796e75,0x0b313f53e2507e0edd674c609c14faea757bd5327f4ca290c73c26f6e71ee3fb
248,20000000,0.14,0xa0e8d87e5caf8424c86c8d95d99d6394dc04ad22,2017-10-29T18:27:46.000Z,0.000000007,0x456d3ebab6bf5ee4152fd3398f90606db679ef79,buy,0xe469c4473af82217b30cf17b10bcdb6c8c796e75,0x451af2312bfb6357256f08e3471b2d68021be62172dab4255aa85caa59eb87e8
249,8185,0.000057300415237154,0x80831b5a5f13ae1d25c354bcab92856262451793,2017-10-29T18:27:15.000Z,0.00000000700066160502,0x456d3ebab6bf5ee4152fd3398f90606db679ef79,buy,0xe469c4473af82217b30cf17b10bcdb6c8c796e75,0xc5a125ec66d46af96d8027271d4677c7409e70e4335952edf97b0ebcf30b33e8
250,3011000,0.021077,0x80831b5a5f13ae1d25c354bcab92856262451793,2017-10-29T18:26:22.000Z,0.000000007,0x456d3ebab6bf5ee4152fd3398f90606db679ef79,buy,0xe469c4473af82217b30cf17b10bcdb6c8c796e75,0x4ee82213a198c8634f3ef911af700ec0c507e2c372fdf3aded26ff5f0af4b6eb
251,1724634,0.00862317,0xe7ac4b81e00ec85d1ddd448fd7b640d62bb2e7c4,2017-10-29T18:11:34.000Z,0.000000005,0x9d0f536dc95cde0486a8708e1af01a6e4a60e9b2,sell,0xe469c4473af82217b30cf17b10bcdb6c8c796e75,0x74543606980c0b41f66cc02b5c738d07ca448f7a5c2dcc8cbee927e9cdaf28e8
252,8245284,0.04122642,0xa0e8d87e5caf8424c86c8d95d99d6394dc04ad22,2017-10-29T18:09:56.000Z,0.000000005,0x9d0f536dc95cde0486a8708e1af01a6e4a60e9b2,sell,0xe469c4473af82217b30cf17b10bcdb6c8c796e75,0x63af7ff2eb22e714444f231a53c3f61873d34faeb27b108738b44726870a6f54
253,3000000,0.0207,0xf00dd34fa52d31aa537658baf071cbaeac59a66d,2017-10-29T17:18:09.000Z,0.0000000069,0x02f516ad79119c74cf1f47ab610023337b3bd8d3,buy,0xe469c4473af82217b30cf17b10bcdb6c8c796e75,0x69a8a6afbb3b4511c3502d3b81789b3466bcdce0e6bf366548b882e8964ad379
254,9969095,0.049845475,0xacf84ef0630f01208960764afa1317eb2187bd18,2017-10-29T16:56:09.000Z,0.000000005,0x8b3117df72155b305dbc8c4f40df6a2b4c06a461,sell,0xe469c4473af82217b30cf17b10bcdb6c8c796e75,0x47375723c6ad6e55f008a83bbd9625d4d7c2b4146bc63839acb4d449d9437ea5
255,125361,0.001002888751976837,0x852aaaae334960ce17737c13287ea5791616ce9c,2017-10-29T16:31:01.000Z,0.00000000800000599849,0xacf84ef0630f01208960764afa1317eb2187bd18,buy,0xe469c4473af82217b30cf17b10bcdb6c8c796e75,0x2c7d24ef4e67baecd2d1afcc84e4b1c72830f740bf63c6a4306b3bdb60d2fa90
256,9996178,0.059977071079653076,0x852aaaae334960ce17737c13287ea5791616ce9c,2017-10-29T16:12:50.000Z,0.00000000600000030808,0xaab6d681ee53f119c7adc6e2220f30ce794f3d30,buy,0xe469c4473af82217b30cf17b10bcdb6c8c796e75,0x913ef70c62b50a146bbd445ed120922ab010f24807c24c0180840aca092a0d5b
257,8967734,0.04483867,0xa0e8d87e5caf8424c86c8d95d99d6394dc04ad22,2017-10-29T14:58:57.000Z,0.000000005,0x1749bb6e4080ebd7317ce5d8f9fb63fbfe58d27c,sell,0xe469c4473af82217b30cf17b10bcdb6c8c796e75,0x19e27e07d37b848a84773e6c53f016488f1cec59f848d4f07f8e6a506193169b
258,5869504,0.02934752,0xa0e8d87e5caf8424c86c8d95d99d6394dc04ad22,2017-10-29T14:54:50.000Z,0.000000005,0x6f49c48d1fce8f5fc780f4b9ab2e45f09fbbcbc4,sell,0xe469c4473af82217b30cf17b10bcdb6c8c796e75,0xdda8ab213420c56c4455ad7c1e09a3cdb00f22eebe417487265197a8bd7071e8
259,3000000,0.0153,0x02f516ad79119c74cf1f47ab610023337b3bd8d3,2017-10-29T14:53:19.000Z,0.0000000051,0x6f49c48d1fce8f5fc780f4b9ab2e45f09fbbcbc4,sell,0xe469c4473af82217b30cf17b10bcdb6c8c796e75,0xe53483601c3557d586108c3ac9c8abe465e9725172977d93065e9aa0fe981ce9
260,16948383,0.084741915,0xa0e8d87e5caf8424c86c8d95d99d6394dc04ad22,2017-10-29T14:24:10.000Z,0.000000005,0x5f19b49693f2c537226c1c75ae0f2881795e43cd,sell,0xe469c4473af82217b30cf17b10bcdb6c8c796e75,0xbaf667d236528a59f0043dab550acee9acf18f40510a8c1c05c3f4d82287bd98
261,9969095,0.049845475,0xa0e8d87e5caf8424c86c8d95d99d6394dc04ad22,2017-10-29T14:14:35.000Z,0.000000005,0x44443914bed5a3fca58d4cb65f1c088059124062,sell,0xe469c4473af82217b30cf17b10bcdb6c8c796e75,0x930b64bde1165d7fb8d3d76b428c85e0072aa84d27e2517a762bd70c22b3a2f1
262,5000000,0.035,0xda5529a8fa284111befd703b6095c1ac51502772,2017-10-29T13:51:14.000Z,0.000000007,0xaab6d681ee53f119c7adc6e2220f30ce794f3d30,buy,0xe469c4473af82217b30cf17b10bcdb6c8c796e75,0xbc024d2285a02c12c649f2bf7f0eee04690f03d20880d4513d2d26b030cf4da4
263,10000000,0.05,0xaab6d681ee53f119c7adc6e2220f30ce794f3d30,2017-10-29T13:49:47.000Z,0.000000005,0xf0f60a09366360418a202c1c10667577b8d054fe,buy,0xe469c4473af82217b30cf17b10bcdb6c8c796e75,0x7da9d36f7f49b5569bf4b10b7a2b5d17fd8d1e3d5ff96293c18d57f95fa23a59
264,2705165,0.01623099,0xf00e99c7502aa209e90001dbb5365dfe361fb75d,2017-10-29T13:44:20.000Z,0.000000006,0xaab6d681ee53f119c7adc6e2220f30ce794f3d30,buy,0xe469c4473af82217b30cf17b10bcdb6c8c796e75,0xcb209dc027aecd257d9215e75b90fbf6a63563de54ce3609a0d2bd907db592f3
265,4466,0.000031267072076562,0xf00e99c7502aa209e90001dbb5365dfe361fb75d,2017-10-29T13:25:37.000Z,0.00000000700113570903,0x1749bb6e4080ebd7317ce5d8f9fb63fbfe58d27c,buy,0xe469c4473af82217b30cf17b10bcdb6c8c796e75,0xa799994ddd20ff893eccc0cccc568781292b2f55793b65af5ad34778a67d2e18
266,1000000,0.007,0xd5f6f23b67831e2b81d37c2a15781403eae63a3f,2017-10-29T13:12:30.000Z,0.000000007,0x1749bb6e4080ebd7317ce5d8f9fb63fbfe58d27c,buy,0xe469c4473af82217b30cf17b10bcdb6c8c796e75,0x303e7fdfa3bf8cef7161ca4be88ef62634ec710784acfa64526178197f10f414
267,10000000,0.07,0xf00e99c7502aa209e90001dbb5365dfe361fb75d,2017-10-29T12:53:59.000Z,0.000000007,0x0e8c0eb3eeeb6389f9930173d9db44aa87db5147,buy,0xe469c4473af82217b30cf17b10bcdb6c8c796e75,0x087559eba26de3dced8a4ab018d2a207b66643caa997851d273f94fdbfe47c88
268,10000000,0.079,0x852aaaae334960ce17737c13287ea5791616ce9c,2017-10-29T12:51:01.000Z,0.0000000079,0x057c1f3e61b09ff651cdda8340a2bcde6dc69c9c,buy,0xe469c4473af82217b30cf17b10bcdb6c8c796e75,0xe7f8c3ff4ddcae63f5da0e96b6d132af974c55a12647b677d5a52e8e6b304b9d
269,10000000,0.07,0xf00e99c7502aa209e90001dbb5365dfe361fb75d,2017-10-29T12:40:38.000Z,0.000000007,0xdbb899e46ab49a2d7057cdcbb4edb2ce7722d3fd,buy,0xe469c4473af82217b30cf17b10bcdb6c8c796e75,0x16ff1ffb112a6e873fe1d0f8cd8ed2ec8333667a6587f73dcc40cd5390239408
270,4900000,0.0343,0xd3a87f9ec6f3129d1ce52c6214561784590079af,2017-10-29T12:23:27.000Z,0.000000007,0x442edd20fdaf8d00adb4a94665a1b2edfad915ef,buy,0xe469c4473af82217b30cf17b10bcdb6c8c796e75,0x65a3a0cd462f6a8e6a1c3f0abaf55a55e914da4dfbd81adc91f9a08c8fe1238f
271,10000000,0.05,0xa0e8d87e5caf8424c86c8d95d99d6394dc04ad22,2017-10-29T11:57:55.000Z,0.000000005,0xd48361c515d9f7228ec57dd19cc8a22bb1a5107d,buy,0xe469c4473af82217b30cf17b10bcdb6c8c796e75,0xc0b318b6af7765f3065810d74c9b679066dfb9da974369b764d52a2ea0834ad2
272,10000000,0.05,0xa0e8d87e5caf8424c86c8d95d99d6394dc04ad22,2017-10-29T11:47:42.000Z,0.000000005,0xda5529a8fa284111befd703b6095c1ac51502772,buy,0xe469c4473af82217b30cf17b10bcdb6c8c796e75,0x3cc5972f454e795fc26427ba562cd9eda30211ca3ce0e0e34a57be4a050948fa
273,9969095,0.049845475,0xacf84ef0630f01208960764afa1317eb2187bd18,2017-10-29T10:22:51.000Z,0.000000005,0xb017853e62caa85483017df1c1463cdcb7df9d85,sell,0xe469c4473af82217b30cf17b10bcdb6c8c796e75,0xa91c08fa3e3406e99ab988352ecd630de80af17da79cfaa9f6be6b3cf5ddd0e1
274,1400000,0.0098,0x012cf6bb49242b1612e1fd2a38ed53119d61650d,2017-10-29T10:03:26.000Z,0.000000007,0x442edd20fdaf8d00adb4a94665a1b2edfad915ef,buy,0xe469c4473af82217b30cf17b10bcdb6c8c796e75,0x144c610e96283aad17f33b7602502a76c326f18c89d387141f9225faeb1655c3
275,1100000,0.0077,0xeb16ba8cfde305e769f2482665a04d725809c871,2017-10-29T09:26:42.000Z,0.000000007,0x6f49c48d1fce8f5fc780f4b9ab2e45f09fbbcbc4,sell,0xe469c4473af82217b30cf17b10bcdb6c8c796e75,0xcfa9c6cae09fe24b6cdce67cc432fcbe9389c4272711489ffb06296c8b921436
276,7274643,0.05092250489057618,0x60c797646b94c0f3a2a349c265f422360d7a8983,2017-10-29T09:24:43.000Z,0.00000000700000053481,0xacf84ef0630f01208960764afa1317eb2187bd18,buy,0xe469c4473af82217b30cf17b10bcdb6c8c796e75,0x6e4be31b1672eb6f2786a977330f5ac1fb707fbcff98f16b042e94e9aa70fb6a
277,10000000,0.07,0x60c797646b94c0f3a2a349c265f422360d7a8983,2017-10-29T09:23:54.000Z,0.000000007,0x3b59847563555347b50d25bff0108a92b5cf0d47,buy,0xe469c4473af82217b30cf17b10bcdb6c8c796e75,0x08f07c906dbc57636c4622c9f0a69865efc4d0ac2a6c612b5ba297777c9a9cf6
278,8235189,0.05764632610942382,0x743d174c8263118d65c9051ea9001c3014cec29b,2017-10-29T09:11:40.000Z,0.00000000700000037757,0xacf84ef0630f01208960764afa1317eb2187bd18,buy,0xe469c4473af82217b30cf17b10bcdb6c8c796e75,0x999b3137229a885921252b254fd9be5eea2e3cfa6bd2ff11f52e49433d64407f
279,16000001,0.126399959899997,0x743d174c8263118d65c9051ea9001c3014cec29b,2017-10-29T09:05:50.000Z,0.000000007899997,0x06195f91b396e27ca7912617554dcec737b74e09,buy,0xe469c4473af82217b30cf17b10bcdb6c8c796e75,0x756a7e82e5e4917c9dae3beaf45a5a1b7227e07ce1634e34b9fbc5b3cb1b9ea4
280,9282454,0.064977178,0x743d174c8263118d65c9051ea9001c3014cec29b,2017-10-29T09:00:51.000Z,0.000000007,0x613df58f6a7f49ed850bad59dc49b33db43cc013,buy,0xe469c4473af82217b30cf17b10bcdb6c8c796e75,0x355433a9469a48fa753723cb10d45eb681044742f557f7b84108a2c858645fe9
281,12000000,0.084,0x743d174c8263118d65c9051ea9001c3014cec29b,2017-10-29T08:59:25.000Z,0.000000007,0x1e71d58dbce68549948bdbd7b026501c4e17231e,buy,0xe469c4473af82217b30cf17b10bcdb6c8c796e75,0x5bf2c6c6687caa1947e6aeb3c08c3aa7da748e574c7dc64913c9855a2d001437
282,4330905,0.03464724,0x743d174c8263118d65c9051ea9001c3014cec29b,2017-10-29T08:58:12.000Z,0.000000008,0xe7ac4b81e00ec85d1ddd448fd7b640d62bb2e7c4,buy,0xe469c4473af82217b30cf17b10bcdb6c8c796e75,0x51a981c93f0e5303892166a2e20a20f548d5866dfd0cbf02b769794950130954
283,30100000,0.23779,0x743d174c8263118d65c9051ea9001c3014cec29b,2017-10-29T08:58:12.000Z,0.0000000079,0xf0b6feeaff52411c0b9a750f41aaafbf288f4375,buy,0xe469c4473af82217b30cf17b10bcdb6c8c796e75,0xac5b9c1c2817b01a044318197fc92d4c9bb3935b8040acc75d021f9d1c0de244
284,9000000,0.036,0xa0e8d87e5caf8424c86c8d95d99d6394dc04ad22,2017-10-29T08:18:28.000Z,0.000000004,0xa20dbb3671015c10daca87ad4c7b0ba776cf5bc9,buy,0xe469c4473af82217b30cf17b10bcdb6c8c796e75,0x0f12091ff724e6606095233dd748c96c90a3f26acb15ea5f7524fd9fd37d4bf8
285,715393,0.005723144,0xcdcfa5114c7a49a227dab7466fee5f4405508745,2017-10-29T07:45:03.000Z,0.000000008,0x273a5d3e6721b9f5c1a6474f560c1334c63dda01,sell,0xe469c4473af82217b30cf17b10bcdb6c8c796e75,0x9ac2a98710451b54d67e5eb5d6befa662cd5a5c2bb0b616ce2ef49b624003aaf
286,717546,0.005022822,0x273a5d3e6721b9f5c1a6474f560c1334c63dda01,2017-10-29T07:45:03.000Z,0.000000007,0x613df58f6a7f49ed850bad59dc49b33db43cc013,buy,0xe469c4473af82217b30cf17b10bcdb6c8c796e75,0x9ac2a98710451b54d67e5eb5d6befa662cd5a5c2bb0b616ce2ef49b624003aaf
287,99690,0.00079752,0xcdcfa5114c7a49a227dab7466fee5f4405508745,2017-10-29T07:26:26.000Z,0.000000008,0x7a8dcc431b75b2ce3f55fc44bdcb121d3e839916,sell,0xe469c4473af82217b30cf17b10bcdb6c8c796e75,0x657fba47912bdb47cc7ec73ea0668673b67368c49bb7fb097051eb57c9342314
288,10000000,0.05,0x743d174c8263118d65c9051ea9001c3014cec29b,2017-10-29T06:22:31.000Z,0.000000005,0x9c1a0021aaa7f7d97709bf9ce6f1631e904eb9fe,buy,0xe469c4473af82217b30cf17b10bcdb6c8c796e75,0x5ca2fd031b1d35dd06fea7b0e7fdf2fdb4faffe29cafa4baa4625dd9199ff2f6
289,25000000,0.5,0x8990fe450374c061dd344ff1d31fe62df6ea30b5,2017-10-29T05:54:01.000Z,0.00000002,0xc9d56287b414e1aa0963016aa721b527f095fd9c,sell,0xe469c4473af82217b30cf17b10bcdb6c8c796e75,0x855be724c974a0d581bebb514ba0b647b161575ad452b00599920a3489f79f9a
290,25075000,0.2006,0xc9d56287b414e1aa0963016aa721b527f095fd9c,2017-10-29T05:54:01.000Z,0.000000008,0x06c6fea19f72ffeccb0326805b723ae3cae131ca,buy,0xe469c4473af82217b30cf17b10bcdb6c8c796e75,0x855be724c974a0d581bebb514ba0b647b161575ad452b00599920a3489f79f9a
291,4000000,0.031599988,0x65681895fbc12d11433c2639c344f6ff7fa10d9e,2017-10-29T05:13:19.000Z,0.000000007899997,0x06195f91b396e27ca7912617554dcec737b74e09,buy,0xe469c4473af82217b30cf17b10bcdb6c8c796e75,0x44ba4f553538dc5c7518459050e0e39c3c97f864f168d6f14d94b493560a6b8c
292,5414191,0.021656764,0xacf84ef0630f01208960764afa1317eb2187bd18,2017-10-29T03:41:34.000Z,0.000000004,0xdaaad0aab2c5d58b2566dc230665cb54714ded20,sell,0xe469c4473af82217b30cf17b10bcdb6c8c796e75,0x9fea675b9b57b655b42e230ef212154fa78bffee4737f4e12357fa5f2c98fc25
293,1512028,0.009072168,0x8d6e0a79003a9d49e68a6b82bbd497189f019905,2017-10-29T03:16:39.000Z,0.000000006,0xdaaad0aab2c5d58b2566dc230665cb54714ded20,sell,0xe469c4473af82217b30cf17b10bcdb6c8c796e75,0xe0372cf09eaffb2e8cb18da5eed43231870bdb6c198bfa7259826743c8ad30c6
294,3043332,0.021303324,0x1a98b91d4bf41cb018af83349fb9b0409c4cad72,2017-10-29T03:13:11.000Z,0.000000007,0xdaaad0aab2c5d58b2566dc230665cb54714ded20,sell,0xe469c4473af82217b30cf17b10bcdb6c8c796e75,0x4059ab5e95930b66e7355419377b1d4b291c9f991cf112f8d640d505d51fd1b4
295,10000000,0.07,0xf00dd34fa52d31aa537658baf071cbaeac59a66d,2017-10-29T03:08:23.000Z,0.000000007,0x7974490ed9b0d4a7d119e0feafbd0ed4e9e79f43,buy,0xe469c4473af82217b30cf17b10bcdb6c8c796e75,0xd5265e0f53b056d4b896417653883a52f12d8a2651691364d38f842a43a94350
296,39875441,0.3190035336279198,0x8f75f41694cb1f288413c5c6445f1eb12957f69c,2017-10-29T02:52:01.000Z,0.00000000800000014113,0xacf84ef0630f01208960764afa1317eb2187bd18,buy,0xe469c4473af82217b30cf17b10bcdb6c8c796e75,0xdc8334fcf2b42537c07f174ef16a063deefd90ce2b7613fb7f1253fd5cfd88b9
297,10000000,0.08,0x8f75f41694cb1f288413c5c6445f1eb12957f69c,2017-10-29T02:50:13.000Z,0.000000008,0x3d3657363f6141e5294fe183a43e2f983ec73ee9,buy,0xe469c4473af82217b30cf17b10bcdb6c8c796e75,0xfb589c13e3807262a3608289d6b3c46fd4e2cc0e57736e331b899225fd753d05
298,9608276,0.076866208,0x8f75f41694cb1f288413c5c6445f1eb12957f69c,2017-10-29T02:49:01.000Z,0.000000008,0xddd0fec477ee2a2f25f4751d02673bc6ca107d80,buy,0xe469c4473af82217b30cf17b10bcdb6c8c796e75,0x369ab4874617ca9cad026c3e9d1b5a1da9eb64349ce61b45026f588345a5a3da
299,6564151,0.05251320936,0x8f75f41694cb1f288413c5c6445f1eb12957f69c,2017-10-29T02:48:14.000Z,0.00000000800000020718,0x609032a0015a1a9315eddaa4272d57b5f6c82b74,buy,0xe469c4473af82217b30cf17b10bcdb6c8c796e75,0x62faf45ec64f203a104a902bb656450aa702019027be6216d976da2ea333bd23
300,242,0.000001942463181806,0x8f75f41694cb1f288413c5c6445f1eb12957f69c,2017-10-29T02:33:24.000Z,0.00000000802670736283,0x609032a0015a1a9315eddaa4272d57b5f6c82b74,buy,0xe469c4473af82217b30cf17b10bcdb6c8c796e75,0x4cab072cd053fdd1c6cd5793fc6de7fa59ad3d4e924c19f5ae86f4f82b454a44
301,2435606,0.01948484817668328,0x8f75f41694cb1f288413c5c6445f1eb12957f69c,2017-10-29T02:31:41.000Z,0.00000000800000007254,0x609032a0015a1a9315eddaa4272d57b5f6c82b74,buy,0xe469c4473af82217b30cf17b10bcdb6c8c796e75,0x1ce0755228f75dc87449a9fd68b695104566d474a919a27e73e154e6692eb27a
302,10000000,0.07,0x8f75f41694cb1f288413c5c6445f1eb12957f69c,2017-10-29T02:28:08.000Z,0.000000007,0x3d3657363f6141e5294fe183a43e2f983ec73ee9,buy,0xe469c4473af82217b30cf17b10bcdb6c8c796e75,0x95993713a6c021aef62f6dcfc4dae23bb51fd738fd0ad20bf72ebf7352d92d76
303,6948259,0.048637817683,0x8f75f41694cb1f288413c5c6445f1eb12957f69c,2017-10-29T02:28:08.000Z,0.00000000700000067398,0x14319b81fead2f3038619e231de24a14e93f48df,buy,0xe469c4473af82217b30cf17b10bcdb6c8c796e75,0xf8536b8cfb3ba847163cc0b1a24edd086dd1f0b0db26b477e8c1000a9a85e17d
304,20000000,0.14,0x8f75f41694cb1f288413c5c6445f1eb12957f69c,2017-10-29T02:28:08.000Z,0.000000007,0x3d3657363f6141e5294fe183a43e2f983ec73ee9,buy,0xe469c4473af82217b30cf17b10bcdb6c8c796e75,0xab122dc094fcfea537c9cfd409df4dd4926069e0ec385d507e904430ce363578
305,6948259,0.048637817683,0x8f75f41694cb1f288413c5c6445f1eb12957f69c,2017-10-29T02:27:26.000Z,0.00000000700000067398,0x14319b81fead2f3038619e231de24a14e93f48df,buy,0xe469c4473af82217b30cf17b10bcdb6c8c796e75,0xf8536b8cfb3ba847163cc0b1a24edd086dd1f0b0db26b477e8c1000a9a85e17d
306,47922783,0.31101886167,0x8f75f41694cb1f288413c5c6445f1eb12957f69c,2017-10-29T02:25:18.000Z,0.00000000649,0x1567591981207815cbeefe0381f491000f5d302a,buy,0xe469c4473af82217b30cf17b10bcdb6c8c796e75,0x1327e5527404b9e02a83917b82aab387e45a202707d31c66499621f078266ceb
307,1666667,0.010000002,0xc8d62644dacf4e4653037d1be93c9dfa6ddf5c11,2017-10-29T02:24:31.000Z,0.000000006,0x59378f92d396d931f3522712d3624f5d9408f462,sell,0xe469c4473af82217b30cf17b10bcdb6c8c796e75,0x00cdd4488163ab441bf7a91ec18b0060bd8ceb0fc349be4972ac52e38c7355a2
308,10000000,0.06,0x8f75f41694cb1f288413c5c6445f1eb12957f69c,2017-10-29T02:24:01.000Z,0.000000006,0x063781d0055782ed876f629da839e68a90639d2b,buy,0xe469c4473af82217b30cf17b10bcdb6c8c796e75,0x3280263ba4300340f4283a3707cb5b37c0ea148a1093ae6312029d6ecb662a38
309,8140703,0.04876281097,0x8f75f41694cb1f288413c5c6445f1eb12957f69c,2017-10-29T02:22:19.000Z,0.00000000599,0x02f516ad79119c74cf1f47ab610023337b3bd8d3,buy,0xe469c4473af82217b30cf17b10bcdb6c8c796e75,0x17fcdb8c873daa25a309f13da93a692ad0bdea52a90c9fe6eb569752c2b12589
310,8000000,0.04792,0xda335761adceaa57fe02367340c2e33ba185175e,2017-10-29T00:47:09.000Z,0.00000000599,0x02f516ad79119c74cf1f47ab610023337b3bd8d3,buy,0xe469c4473af82217b30cf17b10bcdb6c8c796e75,0xce389cdc9582e173b11d5874defa1b3458183707d867f09fcf3a74d824cb6bb2
311,2000007,0.01298004543,0xda335761adceaa57fe02367340c2e33ba185175e,2017-10-29T00:46:11.000Z,0.00000000649,0x1567591981207815cbeefe0381f491000f5d302a,buy,0xe469c4473af82217b30cf17b10bcdb6c8c796e75,0x2ee0062c6d6e9ddccbbaf386377ece8d9bfe17a1abef94c379554cd62b77ab14
312,10000000,0.04,0xe8c24c46ae433dce95411eb0a52bc680e9eb4076,2017-10-29T00:09:32.000Z,0.000000004,0xe7dcf2b7bb30c638c67c3c2a6f3bb18335570b92,buy,0xe469c4473af82217b30cf17b10bcdb6c8c796e75,0x7e1e1dd11fdce4d3152300fd0d97f64446ebafb13999a594a86c87def0a70b6f
313,9969095,0.03987638,0xd347f7b5fab42a04177be02c1f669aab83fae992,2017-10-28T23:31:37.000Z,0.000000004,0xbb71615f74a576a44c3e10c81af4fcb9511286c7,sell,0xe469c4473af82217b30cf17b10bcdb6c8c796e75,0x4314b00a2c49b236a1ee826e54118abe5ad641a9b13c7cecf39a32fe764b50d4
314,15000000,0.09735,0xe8c24c46ae433dce95411eb0a52bc680e9eb4076,2017-10-28T23:23:35.000Z,0.00000000649,0x1567591981207815cbeefe0381f491000f5d302a,buy,0xe469c4473af82217b30cf17b10bcdb6c8c796e75,0xfcabfae968339179efc431521dcb6af989dcd95dc912afff8974f4672ae196b3
315,30000000,0.1947,0xe8c24c46ae433dce95411eb0a52bc680e9eb4076,2017-10-28T23:23:26.000Z,0.00000000649,0x1567591981207815cbeefe0381f491000f5d302a,buy,0xe469c4473af82217b30cf17b10bcdb6c8c796e75,0xc951dabf7edb84f6a6695ba29000d9c704a1fe1daa51035df4e475a933c56a50
316,26000000,0.16874,0x048e94d1cb3f5b0eaf41372e19ad75ef30045d2f,2017-10-28T22:14:04.000Z,0.00000000649,0x1567591981207815cbeefe0381f491000f5d302a,buy,0xe469c4473af82217b30cf17b10bcdb6c8c796e75,0x94726092c10a60276c8d8c5c2764cc156d211748d2ae5c4b3869379888340edc
317,994,0.000003976,0xacf84ef0630f01208960764afa1317eb2187bd18,2017-10-28T22:05:28.000Z,0.000000004,0x9b06ec3ff3f504f636a13ae244fab26b90e7e54e,sell,0xe469c4473af82217b30cf17b10bcdb6c8c796e75,0x7c50988f8ccf0ccb40709e17daeb32ce87c0691e13e69508e20cbdc39068aa5f
318,9969095,0.03987638,0xacf84ef0630f01208960764afa1317eb2187bd18,2017-10-28T22:04:18.000Z,0.000000004,0x9b06ec3ff3f504f636a13ae244fab26b90e7e54e,sell,0xe469c4473af82217b30cf17b10bcdb6c8c796e75,0x99df59a33199b83e60c9a6fadc7104dad02b3bf2146ca013d4d172746674425f
319,1000000,0.006,0x5a79e6221d11f5f98254fb956a38a55076f83d0e,2017-10-28T21:36:46.000Z,0.000000006,0xaab6d681ee53f119c7adc6e2220f30ce794f3d30,sell,0xe469c4473af82217b30cf17b10bcdb6c8c796e75,0xca39e30a53940cd510493dc81dae01469a28b71f81b744f747d793b6b1525cc8
320,287972,0.001727832,0x8d6e0a79003a9d49e68a6b82bbd497189f019905,2017-10-28T21:36:16.000Z,0.000000006,0xaab6d681ee53f119c7adc6e2220f30ce794f3d30,sell,0xe469c4473af82217b30cf17b10bcdb6c8c796e75,0xa186b0cb8ce9dc2488afb88bf18e82f1457f79e4357d89cd9ac8d85b3bf824c1
321,20000000,0.102,0x12c3fd99ab45bd806128e96062dc5a6c273d8af6,2017-10-28T21:34:38.000Z,0.0000000051,0xe43b5c7fa0149340cd5905eec06d5d3f767bc7f4,sell,0xe469c4473af82217b30cf17b10bcdb6c8c796e75,0xc2da924e2d98845b4ed1fa2b929fe6ced4b4efd1ce5f0a37bece7a62cfec68fa
322,1837454,0.012862182315430985,0x554a23fc3f95e6e0022eb58b124ca04abd7d8c0b,2017-10-28T21:34:38.000Z,0.00000000700000234859,0x14319b81fead2f3038619e231de24a14e93f48df,buy,0xe469c4473af82217b30cf17b10bcdb6c8c796e75,0x840913c6ae95f390a7c80832b4cc2b76a7510d6df27255a74c75ac8c61b074ce
323,4363355,0.030543490999,0x554a23fc3f95e6e0022eb58b124ca04abd7d8c0b,2017-10-28T21:31:58.000Z,0.00000000700000137485,0x89edf78d238f3a8c2ccf448a0e163eaa88465523,buy,0xe469c4473af82217b30cf17b10bcdb6c8c796e75,0xa4012c655037d37a14f7ac8cf6274a990a45ee0fdb03e1fdf40c945654ea8e08
324,71428,0.0005,0x16e5d97bbc92417e051e3b2cabfbf8ceea2acb9c,2017-10-28T21:03:51.000Z,0.00000000700005600044,0x89edf78d238f3a8c2ccf448a0e163eaa88465523,buy,0xe469c4473af82217b30cf17b10bcdb6c8c796e75,0x0a84f770b078b98c723e72743635103267556d034e541ea9ff99681ebc3b845d
325,71428,0.0005,0x42c24a83bded723edfdf5883bc7efb30bc1a1bf3,2017-10-28T21:02:57.000Z,0.00000000700005600044,0x89edf78d238f3a8c2ccf448a0e163eaa88465523,buy,0xe469c4473af82217b30cf17b10bcdb6c8c796e75,0x6e1f55df4698f12259274f512030470431fabefbd4951cd9e4a818e25df0377f
326,50000,0.00035,0x3f6f27340ed219b603f81c0ccdbeb813ef6dc70b,2017-10-28T21:00:58.000Z,0.000000007,0x89edf78d238f3a8c2ccf448a0e163eaa88465523,buy,0xe469c4473af82217b30cf17b10bcdb6c8c796e75,0x3b2b2ff20577905d5d0fd3694ca46955e4e0bce28ab639fec5bd7661a86b66f2
327,71428,0.0005,0x379374d13077e8867ef31803c37baf9785a17c00,2017-10-28T20:59:26.000Z,0.00000000700005600044,0x14319b81fead2f3038619e231de24a14e93f48df,buy,0xe469c4473af82217b30cf17b10bcdb6c8c796e75,0x58b7d61959a173f25969ecdfbfdeee01b60adf9a4c71a5ceab5e9443a19018f1
328,71428,0.0005,0x34f9560c63078eb61872a4dc2ccd20e21c34feaf,2017-10-28T20:33:53.000Z,0.00000000700005600044,0x14319b81fead2f3038619e231de24a14e93f48df,buy,0xe469c4473af82217b30cf17b10bcdb6c8c796e75,0xcc474f086b1b78f89a06c5a3668f7920842effdfce78a0ba96a74c227d49fdb7
329,71428,0.0005,0xe444a40689f51f63bcd29910622035707d533d29,2017-10-28T20:27:53.000Z,0.00000000700005600044,0x14319b81fead2f3038619e231de24a14e93f48df,buy,0xe469c4473af82217b30cf17b10bcdb6c8c796e75,0xd31b5528041cebfda7a9f41437c8df03b7af17a7c1366ae4aa90dff2f1f9b3e7
330,30030905,0.18018543,0xacf84ef0630f01208960764afa1317eb2187bd18,2017-10-28T20:17:06.000Z,0.000000006,0x89edf78d238f3a8c2ccf448a0e163eaa88465523,sell,0xe469c4473af82217b30cf17b10bcdb6c8c796e75,0x3212eaf600269b66d5edec17d8878ab70c5f956f38c691a64a1543aa5bf9e628
331,9969095,0.05981457,0xacf84ef0630f01208960764afa1317eb2187bd18,2017-10-28T20:16:05.000Z,0.000000006,0x0a859d2c850b9ccdd995c5774e54c2be5ed22a6f,sell,0xe469c4473af82217b30cf17b10bcdb6c8c796e75,0xeb0bb8920a3ecd1e0740b823d827839aad1837ba4fa24b7d84275f9912358756
332,1939467,0.015321792159920734,0x4be5bd40d06c8a34c72ce12b66cc480b28bb7ce0,2017-10-28T19:33:15.000Z,0.00000000790000147459,0x02f516ad79119c74cf1f47ab610023337b3bd8d3,buy,0xe469c4473af82217b30cf17b10bcdb6c8c796e75,0xe385346f76a6cb63a045990c735dafe91028007f1b37f7a498f972b748151592
333,2523821,0.01993819160602133,0xd3a87f9ec6f3129d1ce52c6214561784590079af,2017-10-28T19:31:26.000Z,0.00000000790000226086,0x02f516ad79119c74cf1f47ab610023337b3bd8d3,buy,0xe469c4473af82217b30cf17b10bcdb6c8c796e75,0xc07b3d43662b108f241cdb7060835f2abfeb3ad297ef17800cac86d6ea51917b
334,5000000,0.04,0x4be5bd40d06c8a34c72ce12b66cc480b28bb7ce0,2017-10-28T19:30:56.000Z,0.000000008,0x5772e242f50b189cd370bd257ff5cfa3c29fb0a3,buy,0xe469c4473af82217b30cf17b10bcdb6c8c796e75,0x7711dfc9426fbd579b9324a5303914ba53358840634cc2253a93d6e781e8c688
335,4178047,0.029246334373824658,0x4be5bd40d06c8a34c72ce12b66cc480b28bb7ce0,2017-10-28T19:27:37.000Z,0.0000000070000012862,0x3d3657363f6141e5294fe183a43e2f983ec73ee9,buy,0xe469c4473af82217b30cf17b10bcdb6c8c796e75,0xa55c689ee67f1f1caa7ab30c3f0729e84f2edc921f2ab5971e87f893bc2b54a3
336,20000000,0.14,0x4be5bd40d06c8a34c72ce12b66cc480b28bb7ce0,2017-10-28T19:26:00.000Z,0.000000007,0x3d3657363f6141e5294fe183a43e2f983ec73ee9,buy,0xe469c4473af82217b30cf17b10bcdb6c8c796e75,0xdf22947d694fe923fd37ebbc1e48db334bcf159804c0cfd2ea337f7b516da293
337,5821952,0.04075366562617534,0x4be5bd40d06c8a34c72ce12b66cc480b28bb7ce0,2017-10-28T19:23:56.000Z,0.00000000700000027931,0x3d3657363f6141e5294fe183a43e2f983ec73ee9,buy,0xe469c4473af82217b30cf17b10bcdb6c8c796e75,0x86c0dbca267b7b15d34a230fb16be6509d26fed6bb8e4ee8ce95fd8556907ac3
338,10000000,0.07,0x4be5bd40d06c8a34c72ce12b66cc480b28bb7ce0,2017-10-28T19:16:35.000Z,0.000000007,0x89edf78d238f3a8c2ccf448a0e163eaa88465523,buy,0xe469c4473af82217b30cf17b10bcdb6c8c796e75,0xb6c9d4312a8407ef6a4e74e4fb1e2c564d68e214bc35443efe3d92a1e2186600
339,994,0.000002982,0xacf84ef0630f01208960764afa1317eb2187bd18,2017-10-28T18:22:45.000Z,0.000000003,0xba4177fde40679239c854fc088ed33ccb1a7aac2,sell,0xe469c4473af82217b30cf17b10bcdb6c8c796e75,0xec98902f897c2f545f6c7bf5166c02a20a7f9f68fce38435621c4403befe9469
340,49908513,0.349359591,0xa0e8d87e5caf8424c86c8d95d99d6394dc04ad22,2017-10-28T18:20:16.000Z,0.000000007,0xacf84ef0630f01208960764afa1317eb2187bd18,buy,0xe469c4473af82217b30cf17b10bcdb6c8c796e75,0xb121834c5adb197d40039aee9ce389c2a89678dbe42ced0b06a4d987806df425
341,9969095,0.0309041945,0x02f516ad79119c74cf1f47ab610023337b3bd8d3,2017-10-28T18:13:02.000Z,0.0000000031,0xba4177fde40679239c854fc088ed33ccb1a7aac2,sell,0xe469c4473af82217b30cf17b10bcdb6c8c796e75,0x1209b47bfa9250b9d9df0af575148e8a687231f0113493346cc4c226e559103a
342,695913,0.003479565,0x02f516ad79119c74cf1f47ab610023337b3bd8d3,2017-10-28T18:00:20.000Z,0.000000005,0x38e86bc048ca4512a3ba8d548b420907e77e86e4,buy,0xe469c4473af82217b30cf17b10bcdb6c8c796e75,0x3954eccad4ebe7f5348d6014d130ee3179d4abf6ce160576256ce646b35a3ba1
343,4908513,0.014725539,0xacf84ef0630f01208960764afa1317eb2187bd18,2017-10-28T17:59:53.000Z,0.000000003,0x744f213f6d5cf475e8c7b5f44d2125761152fb59,sell,0xe469c4473af82217b30cf17b10bcdb6c8c796e75,0xa7eab87ff4a8fcf1003bc36fae2e37281d735374acef018accbb703701c8f5d1
344,5061087,0.020244348,0xacf84ef0630f01208960764afa1317eb2187bd18,2017-10-28T17:58:29.000Z,0.000000004,0x744f213f6d5cf475e8c7b5f44d2125761152fb59,sell,0xe469c4473af82217b30cf17b10bcdb6c8c796e75,0x1ea60bf87a47c13442d8081001064c47e32ac6221957abf588f6ea2ac2cca977
345,9969095,0.03987638,0xacf84ef0630f01208960764afa1317eb2187bd18,2017-10-28T17:57:30.000Z,0.000000004,0x7b9e8210761294e5b8b8e1d224fbf3adac8d36c4,sell,0xe469c4473af82217b30cf17b10bcdb6c8c796e75,0xf987336717c0468ecc96717b4f5b7dda08b7538a6d66c98b725f9a10a6792825
346,9969095,0.03987638,0xacf84ef0630f01208960764afa1317eb2187bd18,2017-10-28T17:54:01.000Z,0.000000004,0x2c6e11aefc077e35c06a223ccf7537065ef8d484,sell,0xe469c4473af82217b30cf17b10bcdb6c8c796e75,0x454674357f0c696b07d4e6930f18dce0ea7fb02a1692b7feaa602e1162415260
347,723,0.000002892,0xacf84ef0630f01208960764afa1317eb2187bd18,2017-10-28T17:32:13.000Z,0.000000004,0x3404a5e9e1a828a71c329d29090aa6923547c6ff,sell,0xe469c4473af82217b30cf17b10bcdb6c8c796e75,0xcece770dec277354a4359d280c905e6762f0eed179de3908991271379db4b4a6
348,9969095,0.029907285,0xcfa831357b9e35c6b4d250c6dfe2f0046d341307,2017-10-28T17:28:17.000Z,0.000000003,0xd6429a5220072da42c9ded4dc73627e09eedc171,sell,0xe469c4473af82217b30cf17b10bcdb6c8c796e75,0x35987546b35ce3da88ecb0cb1d73302b41f9e390186b7175863842d634a556f5
349,9969095,0.03987638,0xcfa831357b9e35c6b4d250c6dfe2f0046d341307,2017-10-28T17:27:54.000Z,0.000000004,0x8d80e577d6b015320685ad90d6028aebe610377f,sell,0xe469c4473af82217b30cf17b10bcdb6c8c796e75,0xef0d1f9aa40c6902d3a522749cd95334c31d500a22c3945c3576c1d98d4be7d6
350,9276259,0.046381295,0x0ffffa6ce80eee2139e8b4c76a5a210dff49a48c,2017-10-28T17:27:20.000Z,0.000000005,0x38e86bc048ca4512a3ba8d548b420907e77e86e4,sell,0xe469c4473af82217b30cf17b10bcdb6c8c796e75,0x382577f23f625aaea2a54c02d628cb1a61b8561e6def17d441ba4be1e310eeae
351,9883156,0.039532624,0xd347f7b5fab42a04177be02c1f669aab83fae992,2017-10-28T17:25:25.000Z,0.000000004,0x1555a7a319bbf21e3a92ae7e10701cd8fe64b1db,sell,0xe469c4473af82217b30cf17b10bcdb6c8c796e75,0x36196413947d2f8f48bea33d6619e55ad1804196b3fd879d59f07032b6742950
352,9883156,0.039532624,0xd347f7b5fab42a04177be02c1f669aab83fae992,2017-10-28T17:25:15.000Z,0.000000004,0x1555a7a319bbf21e3a92ae7e10701cd8fe64b1db,sell,0xe469c4473af82217b30cf17b10bcdb6c8c796e75,0x36196413947d2f8f48bea33d6619e55ad1804196b3fd879d59f07032b6742950
353,7257737,0.036288685,0x0ffffa6ce80eee2139e8b4c76a5a210dff49a48c,2017-10-28T17:25:05.000Z,0.000000005,0x3404a5e9e1a828a71c329d29090aa6923547c6ff,sell,0xe469c4473af82217b30cf17b10bcdb6c8c796e75,0x9e8f206632d5f320f88947df9b383da5ab69dc499254fe3788a17dc62b377e6e
354,20000000,0.1,0xacf84ef0630f01208960764afa1317eb2187bd18,2017-10-28T17:23:41.000Z,0.000000005,0x3404a5e9e1a828a71c329d29090aa6923547c6ff,sell,0xe469c4473af82217b30cf17b10bcdb6c8c796e75,0xfaf6d688ee6b81d1292aec2ce4521848a38c94f0e659956c2622e9605c471bfa
355,499181,0.0025458231,0x9d384fe998564e20926deb1f9bcafcc071cdd4e9,2017-10-28T17:23:41.000Z,0.0000000051,0x3404a5e9e1a828a71c329d29090aa6923547c6ff,sell,0xe469c4473af82217b30cf17b10bcdb6c8c796e75,0xc43f79d0f7f5e817d6250c9c69e19ef08dcc6dc1476f99362c5d846cc6ce830c
356,9000000,0.045,0x14319b81fead2f3038619e231de24a14e93f48df,2017-10-28T17:23:41.000Z,0.000000005,0x3404a5e9e1a828a71c329d29090aa6923547c6ff,sell,0xe469c4473af82217b30cf17b10bcdb6c8c796e75,0x13dac37c5beeebf0cbac8bcc12c28bfb8a90f94ee790e7a5b59cbbb4e52eb479
357,10000000,0.05,0x64528c495416091f44a638866a6dffcab623d4b0,2017-10-28T17:23:41.000Z,0.000000005,0x3404a5e9e1a828a71c329d29090aa6923547c6ff,sell,0xe469c4473af82217b30cf17b10bcdb6c8c796e75,0x807940fd654fe47636e42b132c1c0e01cb240211ea810d39dad1ed4f75c36f95
358,2066610,0.010746372,0x107d35bdbb393d33d6d9ce4127883b057b8e6187,2017-10-28T17:23:11.000Z,0.0000000052,0x3404a5e9e1a828a71c329d29090aa6923547c6ff,sell,0xe469c4473af82217b30cf17b10bcdb6c8c796e75,0xff4f1a26c0a9e02cff037311865b29770328e76d5745b50ad2d3ca3f30691e70
359,1026199,0.006157194,0xc8d62644dacf4e4653037d1be93c9dfa6ddf5c11,2017-10-28T17:22:12.000Z,0.000000006,0x3404a5e9e1a828a71c329d29090aa6923547c6ff,sell,0xe469c4473af82217b30cf17b10bcdb6c8c796e75,0x366de134d9601be980149b64b0632db4e3f5ac8a76db52ca10fa66a7b8502235
360,86206,0.0005,0xcd912af5286dc0b0a23edb30209734ecb60838b3,2017-10-28T17:07:03.000Z,0.00000000580006032062,0x1555a7a319bbf21e3a92ae7e10701cd8fe64b1db,buy,0xe469c4473af82217b30cf17b10bcdb6c8c796e75,0x6335cdd027c1cad853a1e5bdbd85cc0dda85c546c275e500f06b289a460c2638
361,999999,0.001999999999999998,0xc6f781aba6232641260eb66ea49889728d244234,2017-10-28T17:00:03.000Z,0.000000002000002,0x7d86f644faa40c489215209866f5f2d8cbce44a5,buy,0xe469c4473af82217b30cf17b10bcdb6c8c796e75,0x0a15f7267950afddcf7adb17cd2ad79bf7a72b3123b5c0f24c08b3ef53343375
362,9999999,0.019999998,0xd2ea382e498316d91b9de8557670149b479721a0,2017-10-28T16:58:55.000Z,0.000000002,0x67e88908c9b1af0e4bed20aa7b46b07c7a858118,buy,0xe469c4473af82217b30cf17b10bcdb6c8c796e75,0xb1795b59fe2d1cef66911a8891e26565812ac5af815dc4e4e03cecab9cc12260
363,9969999,0.049849995,0xccae1684735aeaa40d40218158ff09016f3012ac,2017-10-28T16:58:55.000Z,0.000000005,0xd2ea382e498316d91b9de8557670149b479721a0,sell,0xe469c4473af82217b30cf17b10bcdb6c8c796e75,0xb1795b59fe2d1cef66911a8891e26565812ac5af815dc4e4e03cecab9cc12260
364,8973000,0.053838,0x8747b8a010033060529d60909ab7a00b8d2a1dea,2017-10-28T16:58:42.000Z,0.000000006,0xd2ea382e498316d91b9de8557670149b479721a0,sell,0xe469c4473af82217b30cf17b10bcdb6c8c796e75,0x0c68935df088eda8ad3b1daa81e4b52087c7f27bff81d6cb18f3f7ef10127ba2
365,9000000,0.018000000000000002,0xd2ea382e498316d91b9de8557670149b479721a0,2017-10-28T16:58:42.000Z,0.000000002,0x7d86f644faa40c489215209866f5f2d8cbce44a5,buy,0xe469c4473af82217b30cf17b10bcdb6c8c796e75,0x0c68935df088eda8ad3b1daa81e4b52087c7f27bff81d6cb18f3f7ef10127ba2
366,9969095,0.051839294,0x107d35bdbb393d33d6d9ce4127883b057b8e6187,2017-10-28T16:55:28.000Z,0.0000000052,0x69264a8deee29b3627a97fae7d4bb602d9ef7427,sell,0xe469c4473af82217b30cf17b10bcdb6c8c796e75,0x16421bca45d5ae8053d52c6398d352945fe569efc5eca692bf93abde2f4f8c19
367,11577691,0.0219976137702,0x0e14740926471137b571c090d625dd7123a307d7,2017-10-28T16:48:24.000Z,0.00000000190000007516,0xf68362dbc57b30c49bff0b4c0af688962eb0186d,buy,0xe469c4473af82217b30cf17b10bcdb6c8c796e75,0xce9645f25fbdfc7dd1089b20521a2509514c57247836ada81070c4b48d0a571e
368,20060180,0.03811434302908726,0xd445f61ebca3d6b4c57eef1f39fdab6595ef8972,2017-10-28T16:47:40.000Z,0.0000000019000000513,0xf68362dbc57b30c49bff0b4c0af688962eb0186d,buy,0xe469c4473af82217b30cf17b10bcdb6c8c796e75,0xa2f54fc1447957156ca6fea731717fd559421b452496fadb4baeb6be765e2b59
369,79760000,0.23928,0x12c3fd99ab45bd806128e96062dc5a6c273d8af6,2017-10-28T16:47:40.000Z,0.000000003,0xd2ea382e498316d91b9de8557670149b479721a0,sell,0xe469c4473af82217b30cf17b10bcdb6c8c796e75,0x1f6c5667624a5c652c8e1207db755582978072a07c91cb3b068a046f17e87f0e
370,24925000,0.124625,0xcfa831357b9e35c6b4d250c6dfe2f0046d341307,2017-10-28T16:47:40.000Z,0.000000005,0xd2ea382e498316d91b9de8557670149b479721a0,sell,0xe469c4473af82217b30cf17b10bcdb6c8c796e75,0xc64072dc5d510c023a3b3bccc7d763fd23bef26a4504c61a6d529914120c5725
371,80000000,0.152,0xd2ea382e498316d91b9de8557670149b479721a0,2017-10-28T16:47:40.000Z,0.0000000019,0xf68362dbc57b30c49bff0b4c0af688962eb0186d,buy,0xe469c4473af82217b30cf17b10bcdb6c8c796e75,0x1f6c5667624a5c652c8e1207db755582978072a07c91cb3b068a046f17e87f0e
372,25000000,0.0475,0xd2ea382e498316d91b9de8557670149b479721a0,2017-10-28T16:47:40.000Z,0.0000000019,0xf68362dbc57b30c49bff0b4c0af688962eb0186d,buy,0xe469c4473af82217b30cf17b10bcdb6c8c796e75,0xc64072dc5d510c023a3b3bccc7d763fd23bef26a4504c61a6d529914120c5725
373,29911931,0.0568326689,0xd2ea382e498316d91b9de8557670149b479721a0,2017-10-28T16:47:40.000Z,0.0000000019,0xf68362dbc57b30c49bff0b4c0af688962eb0186d,buy,0xe469c4473af82217b30cf17b10bcdb6c8c796e75,0xd16690c6cd4298d4a9486dad68dd4fc120062a521f750968115e6ff2cd1cb6ce
374,29822195,0.149110975,0x80cb44519a927d8eaae50dacc952df3bc1d6de53,2017-10-28T16:47:40.000Z,0.000000005,0xd2ea382e498316d91b9de8557670149b479721a0,sell,0xe469c4473af82217b30cf17b10bcdb6c8c796e75,0xd16690c6cd4298d4a9486dad68dd4fc120062a521f750968115e6ff2cd1cb6ce
375,19999999,0.099999995,0x9b07f5475186e22025d856dd5a27e58e28f8d6af,2017-10-28T16:47:40.000Z,0.000000005,0xd445f61ebca3d6b4c57eef1f39fdab6595ef8972,sell,0xe469c4473af82217b30cf17b10bcdb6c8c796e75,0xa2f54fc1447957156ca6fea731717fd559421b452496fadb4baeb6be765e2b59
376,50000000,0.25,0x5749fcda66fc69af6033a70b358c2862c339b563,2017-10-28T16:20:23.000Z,0.000000005,0x0a97a45a5fc79677cb8526b23ab6e27583596476,sell,0xe469c4473af82217b30cf17b10bcdb6c8c796e75,0x541051b376a48e0e7c9bc7f401c0820f2c029d514cfa845ed2966478dc226e7b
377,30000000,0.153,0xf0b6feeaff52411c0b9a750f41aaafbf288f4375,2017-10-28T16:20:23.000Z,0.0000000051,0x0a97a45a5fc79677cb8526b23ab6e27583596476,sell,0xe469c4473af82217b30cf17b10bcdb6c8c796e75,0x0c1adb3e5981c6eb99a1663624302f10c262eec7f3469c0bfca0a598ec783b1e
378,1500000,0.009,0xfdd1b02793aeb65c251eb6781431ff3d91b3a1ce,2017-10-28T16:20:08.000Z,0.000000006,0x0a97a45a5fc79677cb8526b23ab6e27583596476,sell,0xe469c4473af82217b30cf17b10bcdb6c8c796e75,0xdec0cabf3a63ac9c22a676b5529672d0d592232fbac02b1c50a5f9b474491fa3
379,19569168,0.117415008,0x5749fcda66fc69af6033a70b358c2862c339b563,2017-10-28T16:19:17.000Z,0.000000006,0x0a97a45a5fc79677cb8526b23ab6e27583596476,sell,0xe469c4473af82217b30cf17b10bcdb6c8c796e75,0xf4aaf3e2063e188422c848b56f7ee76a1ac002a73037075c0c7aae63d64b4295
380,12128404,0.072770424,0x5749fcda66fc69af6033a70b358c2862c339b563,2017-10-28T16:01:09.000Z,0.000000006,0xa6dc476cb8db388604ae26d968abd8e9c6290301,sell,0xe469c4473af82217b30cf17b10bcdb6c8c796e75,0x3242d6bcfb1c95d2b98c83e0cf00eeb31646d963f135c86991f2120788ac2f7a
381,9969095,0.05981457,0x5749fcda66fc69af6033a70b358c2862c339b563,2017-10-28T15:53:09.000Z,0.000000006,0xffaa394fb6394e2ea09f2d0fcd887a11127e4985,sell,0xe469c4473af82217b30cf17b10bcdb6c8c796e75,0x06df00fc482e5390f1758ba22164f471e4fe42402c1d54b65c205daf511365d1
