,amount,amountBase,buyer,date,price,seller,side,tokenAddr,txHash
0,875,0.111125,0x5514f6b75e993b8a363ccfed615fc62264850a75,2017-11-02T17:43:43.000Z,0.000127,0xfc69e7c9afc6454f0a074f4bd7e366a516ea8b67,buy,0x744d70fdbe2ba4cf95131626614a1763df805b9e,0xcfab86245163679d91511165b608781cf4512eb4c6c04890905df4e9c66c163c
1,11900.251282907688,1.5097848802624982,0xb6052a08ffad405ce2bffd714c580447afe20c80,2017-11-02T17:19:43.000Z,0.00012686999999999998,0xda79f2b9db7ae9fc5e308e81dc1e1992245c4b41,buy,0x744d70fdbe2ba4cf95131626614a1763df805b9e,0x701493a02e4681a1c7d8dfe7fb36800a3962728539b254149f0bb86bfd024f7b
2,750.3748125937032,0.09559775112443779,0x1d5321e125f6c7079a716705541c7b371ca79e69,2017-11-02T16:49:23.000Z,0.0001274,0xfc69e7c9afc6454f0a074f4bd7e366a516ea8b67,buy,0x744d70fdbe2ba4cf95131626614a1763df805b9e,0x280f98941abba09b570d5a6fde0a97f3771eafc1a48848699f51d6969fdbbe27
3,748.1304213297141,0.09980059820538385,0x9f18b49bb00c24769aaec553641bcad225298662,2017-11-02T16:49:23.000Z,0.0001334,0x1d5321e125f6c7079a716705541c7b371ca79e69,sell,0x744d70fdbe2ba4cf95131626614a1763df805b9e,0x280f98941abba09b570d5a6fde0a97f3771eafc1a48848699f51d6969fdbbe27
4,11000,1.584,0x47c965caead95d3f16c3b1e4bc7ac48e3702f5b3,2017-11-02T16:29:09.000Z,0.000144,0xc9d56287b414e1aa0963016aa721b527f095fd9c,sell,0x744d70fdbe2ba4cf95131626614a1763df805b9e,0xb4b61c3710e26e30d7cc903cb2ffa51465e8341b240b0f9993710cc97633eef4
5,11033,1.4025149599999998,0xc9d56287b414e1aa0963016aa721b527f095fd9c,2017-11-02T16:29:09.000Z,0.00012712,0xda79f2b9db7ae9fc5e308e81dc1e1992245c4b41,buy,0x744d70fdbe2ba4cf95131626614a1763df805b9e,0xb4b61c3710e26e30d7cc903cb2ffa51465e8341b240b0f9993710cc97633eef4
6,98.69464659555378,0.010930432110457581,0x009a12d4290630bc01fd82516ac57c1dc6a9bcfb,2017-11-02T16:12:04.000Z,0.00011075,0xaca41f3b6f18ecbf7c049cbeb31470cd1ddc5efe,sell,0x744d70fdbe2ba4cf95131626614a1763df805b9e,0x4ae0e03e0f3b1f163b035bc4116a4789bf658eab6948ebd4ce11bce24694cc6f
7,1000,0.1274,0xa9ce6633bd9aeb51d4a427edc6ccdcd793d739f6,2017-11-02T16:02:16.000Z,0.0001274,0xfc69e7c9afc6454f0a074f4bd7e366a516ea8b67,buy,0x744d70fdbe2ba4cf95131626614a1763df805b9e,0x11a5dd7bcdffba3052b452e6f31be608548b8c451aa07a92e70d2557b12874b5
8,399.8,0.04427785,0x009a12d4290630bc01fd82516ac57c1dc6a9bcfb,2017-11-02T15:53:17.000Z,0.00011075,0xaca41f3b6f18ecbf7c049cbeb31470cd1ddc5efe,sell,0x744d70fdbe2ba4cf95131626614a1763df805b9e,0xc6bdc027ae989c1ffa2987a290bcd13cd7cd55db12a2352a03c137d593b8453a
9,4.3240169819554275,0.000605362377473759,0xf69bbb08adb77cd25b4702fe516c278705ae024a,2017-11-02T15:47:30.000Z,0.0001399999999999998,0x1d5321e125f6c7079a716705541c7b371ca79e69,sell,0x744d70fdbe2ba4cf95131626614a1763df805b9e,0xa86874e2cb7a80e5884edf039de79ff418071f5f72e9e3b6449ec8ec7d7c4230
10,4.336989032901294,0.000552966101694915,0x1d5321e125f6c7079a716705541c7b371ca79e69,2017-11-02T15:47:30.000Z,0.0001275,0xff684104992bd26b6326bca4620d733526c0ddb1,buy,0x744d70fdbe2ba4cf95131626614a1763df805b9e,0xa86874e2cb7a80e5884edf039de79ff418071f5f72e9e3b6449ec8ec7d7c4230
11,753.6785440019554,0.08377137016581736,0xda79f2b9db7ae9fc5e308e81dc1e1992245c4b41,2017-11-02T15:46:50.000Z,0.00011115,0xb8108cd9b983aa8c221b009d970249c377a90196,sell,0x744d70fdbe2ba4cf95131626614a1763df805b9e,0x4268a1b66aabb3b0a3c450a21e9d05ba6f17b1795b54e21a14b3d600e59b7bf4
12,2037.304340544313,0.22563145571528267,0x009a12d4290630bc01fd82516ac57c1dc6a9bcfb,2017-11-02T15:40:35.000Z,0.00011075,0xddf452f3237bb350cf534f7f8ecaa469c4763d00,sell,0x744d70fdbe2ba4cf95131626614a1763df805b9e,0x8757234349532400aebbefc21e3915ef2c9cf2288ebf44d60473033d9199803f
13,78.183,0.009538326,0xd657b59431702cae0925e272e25147306caf910e,2017-11-02T15:38:42.000Z,0.000122,0xddf452f3237bb350cf534f7f8ecaa469c4763d00,sell,0x744d70fdbe2ba4cf95131626614a1763df805b9e,0xceab610674e31436145d2805f3f1966bb4948d452f9aafd3d2abeff4fa75b6fd
14,37.49999999999961,0.004654124999999951,0x2aace7cf7342f9cf22c42b75be9595295599c75d,2017-11-02T15:38:21.000Z,0.00012411,0xddf452f3237bb350cf534f7f8ecaa469c4763d00,sell,0x744d70fdbe2ba4cf95131626614a1763df805b9e,0x0235fabd5369c67450b2cb48a1fb4bcbac011ac5bf3fa6326d796a881226647c
15,78,0.009984,0x40c276db8e457faadce59d7b3f71f596923b4af9,2017-11-02T15:38:17.000Z,0.000128,0xddf452f3237bb350cf534f7f8ecaa469c4763d00,sell,0x744d70fdbe2ba4cf95131626614a1763df805b9e,0x6f45cbc58897181307705fe4b6918c27f1f6b352ac270e86988e5e8e0323ea55
16,17708.989,1.96799994757,0xda79f2b9db7ae9fc5e308e81dc1e1992245c4b41,2017-11-02T15:38:00.000Z,0.00011112999999999999,0xddf452f3237bb350cf534f7f8ecaa469c4763d00,sell,0x744d70fdbe2ba4cf95131626614a1763df805b9e,0x56440d50327ba11704dd9521da16c537c501865b34fa22a3cc2c553c0f8bab77
17,15.434560224903247,0.001967906428675164,0x1d5321e125f6c7079a716705541c7b371ca79e69,2017-11-02T15:25:53.000Z,0.0001275,0xff684104992bd26b6326bca4620d733526c0ddb1,buy,0x744d70fdbe2ba4cf95131626614a1763df805b9e,0x9a75906d9bd6900053521616b5a5658013c521a53bbc2fe3bb98cbaab7383f6d
18,15.388395039783896,0.002031268145251474,0xd8be8871c52b91a1f4f8457baf0dc0946d931132,2017-11-02T15:25:53.000Z,0.00013199999999999998,0x1d5321e125f6c7079a716705541c7b371ca79e69,sell,0x744d70fdbe2ba4cf95131626614a1763df805b9e,0x9a75906d9bd6900053521616b5a5658013c521a53bbc2fe3bb98cbaab7383f6d
19,500,0.06354,0xe3ab61945ba5e51edf012bff9835a3306ba037cd,2017-11-02T15:22:13.000Z,0.00012708,0xff684104992bd26b6326bca4620d733526c0ddb1,sell,0x744d70fdbe2ba4cf95131626614a1763df805b9e,0x1cf430e168f6eb151d357d04cce2de7a7040e4ef5566a3c42e489aa232587418
20,210.542,0.027054647,0xfc69e7c9afc6454f0a074f4bd7e366a516ea8b67,2017-11-02T15:21:52.000Z,0.0001285,0xff684104992bd26b6326bca4620d733526c0ddb1,sell,0x744d70fdbe2ba4cf95131626614a1763df805b9e,0xa4436492d87f2762a87e8e69358a4916f5dc9fabeeb207909f0eba0149a0856f
21,200,0.027,0xd8be8871c52b91a1f4f8457baf0dc0946d931132,2017-11-02T15:19:24.000Z,0.000135,0xff684104992bd26b6326bca4620d733526c0ddb1,sell,0x744d70fdbe2ba4cf95131626614a1763df805b9e,0x66a3068da5c73c3cba9a70fe1e78a45bea3b89e75e2219befad75fcabcd981d0
22,100,0.014,0xd8be8871c52b91a1f4f8457baf0dc0946d931132,2017-11-02T15:18:30.000Z,0.00014,0xff684104992bd26b6326bca4620d733526c0ddb1,sell,0x744d70fdbe2ba4cf95131626614a1763df805b9e,0x2a3304a08e12c652f6458828d4590949a071d7648a0049d541c6e1c56a0baefe
23,10000,1.241,0x3dee4a4e076e8d82859d241db0baf46f112cfa23,2017-11-02T15:17:02.000Z,0.0001241,0xff684104992bd26b6326bca4620d733526c0ddb1,sell,0x744d70fdbe2ba4cf95131626614a1763df805b9e,0x75668cfdc54300c1a369db2fca696e93fe4d8350e51e3241309cabb62e0982fe
24,7462.5,0.9261708750000001,0x2aace7cf7342f9cf22c42b75be9595295599c75d,2017-11-02T15:15:52.000Z,0.00012411,0xda79f2b9db7ae9fc5e308e81dc1e1992245c4b41,sell,0x744d70fdbe2ba4cf95131626614a1763df805b9e,0xbf373b23d42d1085e68c0eb528c952747050207026bb887b841721e143aaebd7
25,15558.4775584449,1.898134262130278,0xd657b59431702cae0925e272e25147306caf910e,2017-11-02T15:12:31.000Z,0.00012199999999999998,0xda79f2b9db7ae9fc5e308e81dc1e1992245c4b41,sell,0x744d70fdbe2ba4cf95131626614a1763df805b9e,0x05cec6c5b2787eb185ef5bec96c81176d44816ed2de53e5ed721cd403015202d
26,3.255526255819253,0.0005,0x4fda9e6bcd83af6c5cc771b5d20accc2b7720074,2017-11-02T15:09:23.000Z,0.000153585,0xb8108cd9b983aa8c221b009d970249c377a90196,buy,0x744d70fdbe2ba4cf95131626614a1763df805b9e,0xdf7567c46d6bc73fa7b71009c4e5a25fc3c88cb27fd13ae795e5e6c72c4908b4
27,3.255526255819253,0.0005,0x3075f7f189912f4f425dd7021b9c396434197477,2017-11-02T15:08:33.000Z,0.000153585,0xb8108cd9b983aa8c221b009d970249c377a90196,buy,0x744d70fdbe2ba4cf95131626614a1763df805b9e,0x17d748820bf7ee89793d4a1145db27ce9b1fb79071b81d8d151bdd3bed7c3edf
28,29857.441930016947,3.6426079154620674,0xd657b59431702cae0925e272e25147306caf910e,2017-11-02T14:56:34.000Z,0.00012199999999999998,0x23c09abbc301e4bd6396548f5f6005ab345afb7e,sell,0x744d70fdbe2ba4cf95131626614a1763df805b9e,0x32232d488d7ae339933a8a1fc22bdb923c059bc922b1d87e82ed30afbda74767
29,5789.457681847498,0.7439453121174034,0xfc69e7c9afc6454f0a074f4bd7e366a516ea8b67,2017-11-02T14:53:38.000Z,0.00012849999999999998,0xda79f2b9db7ae9fc5e308e81dc1e1992245c4b41,sell,0x744d70fdbe2ba4cf95131626614a1763df805b9e,0x2bd690c8575585fc42a57ae10e18db7a1b5fd753c1225bb86a3698a122cab3ea
30,15522,1.986816,0x40c276db8e457faadce59d7b3f71f596923b4af9,2017-11-02T14:50:28.000Z,0.000128,0xda79f2b9db7ae9fc5e308e81dc1e1992245c4b41,sell,0x744d70fdbe2ba4cf95131626614a1763df805b9e,0xf25050b341787b1aa5ae3f37fb72100b4640769eaba492f04ea718a34cba7d7e
31,150,0.023151000000000005,0xef049c3a0eef4681f5d3b42b3ed6860a49fbaba5,2017-11-02T14:27:35.000Z,0.00015434000000000002,0xda79f2b9db7ae9fc5e308e81dc1e1992245c4b41,buy,0x744d70fdbe2ba4cf95131626614a1763df805b9e,0x7b3a200c64cab0b438313411084c8f7a6172a0d1412746860dfb0a8690f80227
32,14.11773373343668,0.002185425181935998,0xef049c3a0eef4681f5d3b42b3ed6860a49fbaba5,2017-11-02T14:23:04.000Z,0.0001548,0xfc69e7c9afc6454f0a074f4bd7e366a516ea8b67,buy,0x744d70fdbe2ba4cf95131626614a1763df805b9e,0x596188adf63b32f383933a93d61174f50b68355e0d905aa98aa2473ffecfd896
33,6117.507767385262,0.9469902023912385,0xf69bbb08adb77cd25b4702fe516c278705ae024a,2017-11-02T14:16:18.000Z,0.0001548,0xfc69e7c9afc6454f0a074f4bd7e366a516ea8b67,buy,0x744d70fdbe2ba4cf95131626614a1763df805b9e,0xc1e231cc9171614a2b09eceb883caab742decd655b93ef3a438bbd507d85884a
34,2189,0.3388572,0x0c92f6d870d7e15b78d7785b3404ac1747c26933,2017-11-02T14:16:08.000Z,0.0001548,0xda79f2b9db7ae9fc5e308e81dc1e1992245c4b41,sell,0x744d70fdbe2ba4cf95131626614a1763df805b9e,0x1651e57532110ac372dd8a86657392925e054d14396ce1ac1f267848507c6e80
35,100,0.0153,0xf69bbb08adb77cd25b4702fe516c278705ae024a,2017-11-02T14:10:27.000Z,0.000153,0x5aa943321f5b22bcf7a7d09c7eab8137aa1b72f8,buy,0x744d70fdbe2ba4cf95131626614a1763df805b9e,0xf2ce8ef0ea2db3d0f874b753ae92f65d722fd7bc6ac702aed809553e7d65e4ee
36,10,0.0013,0xf69bbb08adb77cd25b4702fe516c278705ae024a,2017-11-02T14:10:14.000Z,0.00013,0x17decb8d35f5e33f2bb5d4d653fe7b51803dcabd,buy,0x744d70fdbe2ba4cf95131626614a1763df805b9e,0x7b9a4c5ddf8958d55785ae7a03c2aea609d17667d508b9144c08d8647bd4e4e7
37,30277.52895714286,4.238854054,0x39ba2c18d273e75ba9ff1a9fd16701b1ca05c99a,2017-11-02T12:32:53.000Z,0.00014,0x65a83820d3a8cd3c72e1b7f8b9e95c1571f0b062,buy,0x744d70fdbe2ba4cf95131626614a1763df805b9e,0xf90e3c9a5f7e061901a5f657727c522a28494cb67395cdfdd2f2ae0168879174
38,30388.552914285716,4.254397408,0x73b7424a32b34806f9ba10129843ce9cc3069397,2017-11-02T12:28:06.000Z,0.00014,0x65a83820d3a8cd3c72e1b7f8b9e95c1571f0b062,buy,0x744d70fdbe2ba4cf95131626614a1763df805b9e,0x67cc2019caacc5d544fbaad662f8dd3f5a16366a3e8a31b40aca3fa8de304277
39,30337.318535714287,4.247224595,0x73b7424a32b34806f9ba10129843ce9cc3069397,2017-11-02T12:28:06.000Z,0.00014,0x65a83820d3a8cd3c72e1b7f8b9e95c1571f0b062,buy,0x744d70fdbe2ba4cf95131626614a1763df805b9e,0x03a472aa171f106731e267abb0ffe8a7d0ae69f3ccf9dd69d2aa13d5e4e6b99d
40,5264.311,0.73700354,0x73b7424a32b34806f9ba10129843ce9cc3069397,2017-11-02T12:27:20.000Z,0.00014,0x36429c1d0acc0cf297c4a9e9e8b9c27bc2f8cd19,buy,0x744d70fdbe2ba4cf95131626614a1763df805b9e,0x67819a711257e6e2dd5fd423e91358093eec03e95e81450087afdbad14a9e4e8
41,23996.599592857143,3.359523943,0x73b7424a32b34806f9ba10129843ce9cc3069397,2017-11-02T12:27:20.000Z,0.00014,0x65a83820d3a8cd3c72e1b7f8b9e95c1571f0b062,buy,0x744d70fdbe2ba4cf95131626614a1763df805b9e,0x67819a711257e6e2dd5fd423e91358093eec03e95e81450087afdbad14a9e4e8
42,1133.1395166666666,0.1563732533,0x73b7424a32b34806f9ba10129843ce9cc3069397,2017-11-02T12:27:20.000Z,0.000138,0xac69402d502f29f77d7f03cca25ea2ae01735351,buy,0x744d70fdbe2ba4cf95131626614a1763df805b9e,0x67819a711257e6e2dd5fd423e91358093eec03e95e81450087afdbad14a9e4e8
43,6965,0.9507225,0xda79f2b9db7ae9fc5e308e81dc1e1992245c4b41,2017-11-02T12:24:05.000Z,0.0001365,0xac69402d502f29f77d7f03cca25ea2ae01735351,buy,0x744d70fdbe2ba4cf95131626614a1763df805b9e,0x8391d4d6fc99c957952f04447d10312aae6bae642c7f2d32d4b4884e11dc14a9
44,32313.48697010405,4.20075007476483,0x39ba2c18d273e75ba9ff1a9fd16701b1ca05c99a,2017-11-02T12:22:58.000Z,0.0001299999,0x21de9e523991ccb64c665315af72c7d0564e049b,buy,0x744d70fdbe2ba4cf95131626614a1763df805b9e,0xbf3b30660e3cce9eb739f5ce8beddb46c6673ff2d24654a156fb79ce1cf4d0f6
45,1000,0.1365,0x254deb3b02a6df946e0ab6802d37840bd9b11f57,2017-11-02T10:43:46.000Z,0.0001365,0xac69402d502f29f77d7f03cca25ea2ae01735351,buy,0x744d70fdbe2ba4cf95131626614a1763df805b9e,0x263f1da70e88e19f5b6e02d04e27fe5d8d8ad37fe84af77342ad9ec798fb872c
46,2000,0.266,0xb01730aed35baba0fbe6b93423a81985b2b89bb5,2017-11-02T09:56:07.000Z,0.000133,0xac69402d502f29f77d7f03cca25ea2ae01735351,sell,0x744d70fdbe2ba4cf95131626614a1763df805b9e,0x67be9a3c16b820995b892b5033471d175ccae1370a81f5aae80d4c594dcfc4c0
47,2338.8439512293635,0.3120017830939971,0x9f18b49bb00c24769aaec553641bcad225298662,2017-11-02T09:56:07.000Z,0.0001334,0xac69402d502f29f77d7f03cca25ea2ae01735351,sell,0x744d70fdbe2ba4cf95131626614a1763df805b9e,0x65274335884366c28c420e440ddd431ea62d7411b1efd1a84386b33c500d4d92
48,1445.6630109670987,0.2023928215353938,0xf69bbb08adb77cd25b4702fe516c278705ae024a,2017-11-02T09:27:27.000Z,0.00014,0x1d5321e125f6c7079a716705541c7b371ca79e69,sell,0x744d70fdbe2ba4cf95131626614a1763df805b9e,0x3425bf9b80822a4c47628be38be9e9d596138466539ceead704e6eec944d5339
49,1450,0.2001,0x1d5321e125f6c7079a716705541c7b371ca79e69,2017-11-02T09:27:27.000Z,0.000138,0xac69402d502f29f77d7f03cca25ea2ae01735351,buy,0x744d70fdbe2ba4cf95131626614a1763df805b9e,0x3425bf9b80822a4c47628be38be9e9d596138466539ceead704e6eec944d5339
50,2500,0.3625,0xf69bbb08adb77cd25b4702fe516c278705ae024a,2017-11-02T08:57:10.000Z,0.000145,0xb9f1a043bf2efc5820babadf1c244a378c577fa6,buy,0x744d70fdbe2ba4cf95131626614a1763df805b9e,0x1f74ba8059bfe1b8b58dd4f3d6c749ad185cd25b58c66ba9e60311d3c9f14376
51,1587,0.2515395,0x1c566c0e2306b486673d1bda54c79617d65f6602,2017-11-02T05:20:44.000Z,0.0001585,0xfc69e7c9afc6454f0a074f4bd7e366a516ea8b67,buy,0x744d70fdbe2ba4cf95131626614a1763df805b9e,0xcf9df8d6ee57ea4f3af931418ae616fce3b64c6b87eb4b7efe72bcc39eb17610
52,12513.511795002229,1.968,0x1c566c0e2306b486673d1bda54c79617d65f6602,2017-11-02T05:18:30.000Z,0.00015726999999999996,0xda79f2b9db7ae9fc5e308e81dc1e1992245c4b41,buy,0x744d70fdbe2ba4cf95131626614a1763df805b9e,0xa0af5e62a4a12a6b414339eff6a032c6b65e9f2815e5d5473c9058e24fff4b33
53,3009,0.474125121,0x1c566c0e2306b486673d1bda54c79617d65f6602,2017-11-02T05:17:52.000Z,0.000157569,0xe809d458ea42a11be877d91929280a798a17cea0,buy,0x744d70fdbe2ba4cf95131626614a1763df805b9e,0xeef9dfd0625fb51a5d4b5a157f65891a1b459fc2ebbc85d4d3428f98e4ab675b
54,120,0.018909600000000002,0x3f5a86104d20e0079c8758b805c84274f6f9a199,2017-11-02T03:47:32.000Z,0.00015758000000000002,0xda79f2b9db7ae9fc5e308e81dc1e1992245c4b41,buy,0x744d70fdbe2ba4cf95131626614a1763df805b9e,0xc2837a0ec635496afb9b58b2884b4293a5552ac90df8461f6dac029ed29991f7
55,3286.978236496412,0.5179620305071048,0xf4524b1518816f4d0243a8cd9b18b109ab3d059c,2017-11-02T03:44:11.000Z,0.00015758000000000002,0xda79f2b9db7ae9fc5e308e81dc1e1992245c4b41,buy,0x744d70fdbe2ba4cf95131626614a1763df805b9e,0x0cb10b4d5c2b05ce566c29bae0434e6f58a51ff347a4c191516a08b939bf5a55
56,1,0.00015855,0xe2b48b3dd0b33283b4802e63e65518f27e635054,2017-11-02T02:10:52.000Z,0.00015855,0xda79f2b9db7ae9fc5e308e81dc1e1992245c4b41,buy,0x744d70fdbe2ba4cf95131626614a1763df805b9e,0x72839d1471568c7cdab8cff37c5379bbcde4a8b1067e4316161e67a0ef18c64b
57,1,0.00015854,0xed2ca7381d82f8fb9bcc54ea6ab6526e35aece25,2017-11-02T02:10:11.000Z,0.00015854,0xe809d458ea42a11be877d91929280a798a17cea0,buy,0x744d70fdbe2ba4cf95131626614a1763df805b9e,0x7a9198a685ec38c625dfa05935647226c062ff6be158eb7aeb7cc8ac2504f77e
58,4044,0.56616,0x9833156e2636e8c218252ed5caa62a62463bc768,2017-11-02T01:24:50.000Z,0.00014,0xdf3ded8c434839de00bb76947cf14d345f4890a0,sell,0x744d70fdbe2ba4cf95131626614a1763df805b9e,0xa8543e2bd037f0a25f2f19ddf0b799c2623a73969100838441062d5880853433
59,951.654,0.132279906,0x1d5321e125f6c7079a716705541c7b371ca79e69,2017-11-02T01:15:14.000Z,0.000139,0xd4a31d00164e5b0f38527dec2aa26e0606b0e172,buy,0x744d70fdbe2ba4cf95131626614a1763df805b9e,0x7f7a7b046416cd110c0b5e7ca9217234dcdd1b2ae448c3cf0e784a808ee07a48
60,948.8075772681954,0.13283306081754737,0x9833156e2636e8c218252ed5caa62a62463bc768,2017-11-02T01:15:14.000Z,0.00014,0x1d5321e125f6c7079a716705541c7b371ca79e69,sell,0x744d70fdbe2ba4cf95131626614a1763df805b9e,0x7f7a7b046416cd110c0b5e7ca9217234dcdd1b2ae448c3cf0e784a808ee07a48
61,3000,0.3999,0xfc69e7c9afc6454f0a074f4bd7e366a516ea8b67,2017-11-02T00:58:07.000Z,0.0001333,0xd4a31d00164e5b0f38527dec2aa26e0606b0e172,sell,0x744d70fdbe2ba4cf95131626614a1763df805b9e,0xfe47d4bd166759f2ea76da63d24c7be3dedac2cb18497b6f94c4b9d755d67956
62,14731.641589939367,1.968,0xda79f2b9db7ae9fc5e308e81dc1e1992245c4b41,2017-11-02T00:56:30.000Z,0.00013359,0xd4a31d00164e5b0f38527dec2aa26e0606b0e172,sell,0x744d70fdbe2ba4cf95131626614a1763df805b9e,0xaf6f50e5455c13fa8c53bfff1a394d54d3e9c6fc08ad52d86fba914cfae691d5
63,10000,1.3301,0x3dee4a4e076e8d82859d241db0baf46f112cfa23,2017-11-02T00:56:30.000Z,0.00013301,0xd4a31d00164e5b0f38527dec2aa26e0606b0e172,sell,0x744d70fdbe2ba4cf95131626614a1763df805b9e,0x614da140c95ebcf564c4e5ccea17dc637ffe15a55752ae4e1845fe0577596f5b
64,1226.198783770312,0.1716678297278437,0x9833156e2636e8c218252ed5caa62a62463bc768,2017-11-02T00:54:53.000Z,0.00014,0x409912f1883cf31b14716adef03fa05c344d4328,sell,0x744d70fdbe2ba4cf95131626614a1763df805b9e,0x84b9725fcc62b2ce6aa4ee0570cbd145c5949f1dca33ae327c5147e992ca138e
65,40000,6.36,0x25f027aa3805edc5c986ff4794ab24b184ecdcd0,2017-11-01T22:06:51.000Z,0.000159,0x89e6268db04ad02c3ea19a38edb0e82d2b87f1f5,buy,0x744d70fdbe2ba4cf95131626614a1763df805b9e,0xbc65bc124c3889002441c625e0946301ccf9fcc33bd9864415702c7b4ee8eb3b
66,3000,0.593133,0xa110c8fb29ceb0478b4855bd6a7823d6cd639c21,2017-11-01T21:05:38.000Z,0.000197711,0x5557a30d864e438e7b21ef97df9d1034e7c16cf5,buy,0x744d70fdbe2ba4cf95131626614a1763df805b9e,0x80b7b20b3cd6a56073cf52adc00c5fdd6b9a431adca5552fc8a5b4739ab9c087
67,1500,0.237825,0xa110c8fb29ceb0478b4855bd6a7823d6cd639c21,2017-11-01T21:04:14.000Z,0.00015855,0x0071d48f86eeb80784fd7210dd1337e8b41da028,buy,0x744d70fdbe2ba4cf95131626614a1763df805b9e,0x85a98bd0ee76cdc0281b7ddb9638674bfaddda25e50dbe991530addf74f5bee9
68,3013.633,0.48218128,0xa110c8fb29ceb0478b4855bd6a7823d6cd639c21,2017-11-01T21:04:14.000Z,0.00016,0x8bd80ecbd9e9fd4bcb25d7ed52e82d0d8edbf09b,buy,0x744d70fdbe2ba4cf95131626614a1763df805b9e,0x88bb11b6d51c54258a28aa0005355f4d89fdc8b35febce1ebc7d536cf180fb80
69,1047.352,0.1627585008,0xa110c8fb29ceb0478b4855bd6a7823d6cd639c21,2017-11-01T21:04:00.000Z,0.0001554,0xa54ffa43d11698bc300d924781518b71dd10f0a8,buy,0x744d70fdbe2ba4cf95131626614a1763df805b9e,0x72892f27bfe6e8ba81867b415e548dc64b12f0745985dfde4652428ac22f75ee
70,27504,4.0925952,0xa110c8fb29ceb0478b4855bd6a7823d6cd639c21,2017-11-01T21:03:18.000Z,0.0001488,0xaa0197432b320f433dd3dc0ac28c804257323a15,buy,0x744d70fdbe2ba4cf95131626614a1763df805b9e,0x13d07a4a6dc41a3b1c94531d3f1fc4be2e0bee955c804babcf3ec32f1251b1c8
71,2379.07,0.3568605,0x20a63176af40e094b0f15008962b988c873b55b2,2017-11-01T20:53:24.000Z,0.00015,0xaa0197432b320f433dd3dc0ac28c804257323a15,sell,0x744d70fdbe2ba4cf95131626614a1763df805b9e,0x6797aa6f40eb1886992b4a58bf6ce7702c2d8b8f5954e560dbee2645f00fe7f3
72,20.92960839703112,0.003139441259554668,0x20a63176af40e094b0f15008962b988c873b55b2,2017-11-01T20:46:07.000Z,0.00015,0x1d5321e125f6c7079a716705541c7b371ca79e69,sell,0x744d70fdbe2ba4cf95131626614a1763df805b9e,0xe210306ff365721dabb444e7326c7ca9f7b079098107861739e02476e4f4626d
73,20.992397222222216,0.003022905199999999,0x1d5321e125f6c7079a716705541c7b371ca79e69,2017-11-01T20:46:07.000Z,0.000144,0x9f18b49bb00c24769aaec553641bcad225298662,buy,0x744d70fdbe2ba4cf95131626614a1763df805b9e,0xe210306ff365721dabb444e7326c7ca9f7b079098107861739e02476e4f4626d
74,80,0.0123636,0x20a63176af40e094b0f15008962b988c873b55b2,2017-11-01T20:04:49.000Z,0.000154545,0x0071d48f86eeb80784fd7210dd1337e8b41da028,buy,0x744d70fdbe2ba4cf95131626614a1763df805b9e,0xd0fd5e42b6dd3084306333476e92a2f4990308bd58e3cbdaf26e0e78f05b5c01
75,4311.309522883534,0.6207854582,0x73b7424a32b34806f9ba10129843ce9cc3069397,2017-11-01T19:46:59.000Z,0.00014399,0xa36a24233168cca326767224ad7e7006a5cb6bb7,buy,0x744d70fdbe2ba4cf95131626614a1763df805b9e,0x6acad354d84da1b8ab5aced3347dd1f51c21b7ab889bb52630dae7b98b698526
76,28646.989179804154,4.124879972,0x73b7424a32b34806f9ba10129843ce9cc3069397,2017-11-01T19:21:57.000Z,0.00014399,0xa36a24233168cca326767224ad7e7006a5cb6bb7,buy,0x744d70fdbe2ba4cf95131626614a1763df805b9e,0x1b73904c63ab9d176b5a50836f3803101de4208e7dc67795ed48906620292c0e
77,1389.237573944919,0.21469972086531752,0xa7f6864700a3102923c167a188599aea68b7580d,2017-11-01T17:15:46.000Z,0.000154545,0x0071d48f86eeb80784fd7210dd1337e8b41da028,buy,0x744d70fdbe2ba4cf95131626614a1763df805b9e,0xe353723489f6bbee0af329bbf2e58ad7aa775400719ceb1a1cf4f60f4a6118e5
78,8888,1.3941716800000001,0xf791134fd5df3672bf42712de661aef43ead19bd,2017-11-01T15:50:21.000Z,0.00015686,0xda79f2b9db7ae9fc5e308e81dc1e1992245c4b41,buy,0x744d70fdbe2ba4cf95131626614a1763df805b9e,0xde34b428675d0df9ff626efa6c5523878d3eefaecb1491ed16e6fb08a5dedd5c
79,47.071796927851835,0.006778338757610664,0xfc69e7c9afc6454f0a074f4bd7e366a516ea8b67,2017-11-01T14:50:18.000Z,0.000144,0x80e6dfc0b3a414ea89d6bad97a5538c93fec2602,buy,0x744d70fdbe2ba4cf95131626614a1763df805b9e,0x60bcfe6149aad6d1ad41cef8a3f090cd1f3b7ca389679f1d26a140aa0f8ea364
80,6731.7471413501735,0.8961301794565351,0xda79f2b9db7ae9fc5e308e81dc1e1992245c4b41,2017-11-01T14:48:22.000Z,0.00013312,0x799671dd187ac29ae1f50f75e3e3fec2282471d7,sell,0x744d70fdbe2ba4cf95131626614a1763df805b9e,0x7306083f305b29b69f8d734152f5c9991c58c20c5101f60df236a394716d5e3e
81,1012.5,0.1458,0xfc69e7c9afc6454f0a074f4bd7e366a516ea8b67,2017-11-01T14:47:03.000Z,0.000144,0x689de6aae98fe48334d6147b8fdb1eb4f9be95d1,buy,0x744d70fdbe2ba4cf95131626614a1763df805b9e,0xa8914a497512661c6933df6c53539fb3496b2badfa915a4a61a26b4ed4faec43
82,11422.6,1.51806354,0xda79f2b9db7ae9fc5e308e81dc1e1992245c4b41,2017-11-01T11:46:04.000Z,0.0001329,0xf361e7f39beb5e1a3f7fef72abd805797f8c1e84,buy,0x744d70fdbe2ba4cf95131626614a1763df805b9e,0xaad9261aff889b91968cdcd5c7c690c21e0d49913b178784e066cdc751502edf
83,182.56620307214817,0.026289533242389335,0x117ac0195f2d28ba9d046e251dbf4101f9ada4e4,2017-11-01T08:53:20.000Z,0.000144,0x80e6dfc0b3a414ea89d6bad97a5538c93fec2602,buy,0x744d70fdbe2ba4cf95131626614a1763df805b9e,0x2de5b9c0350beeed33c728049bafa79d4281b328af9a41667269e92458bb757b
84,31.019,0.0043860866,0x117ac0195f2d28ba9d046e251dbf4101f9ada4e4,2017-11-01T08:52:42.000Z,0.0001414,0x4086084834380b6fbb9e623adee6d8c6f7e46847,buy,0x744d70fdbe2ba4cf95131626614a1763df805b9e,0xdeac631b3315a43ae8231eeb615c951ad63aea02acc14318b174232fe469724c
85,5241.527696131112,0.7803586434,0x73b7424a32b34806f9ba10129843ce9cc3069397,2017-11-01T08:17:22.000Z,0.00014888,0xf7bc4e2c7c7e42d808ce3b510ae6d06e887eff7d,buy,0x744d70fdbe2ba4cf95131626614a1763df805b9e,0xeba1d2bf76a708d8dc77f916df8816b22cc54221540eec5dd38861bb6b868345
86,1499.8972557673019,0.2243096346,0x73b7424a32b34806f9ba10129843ce9cc3069397,2017-11-01T08:17:22.000Z,0.00014955,0x0071d48f86eeb80784fd7210dd1337e8b41da028,buy,0x744d70fdbe2ba4cf95131626614a1763df805b9e,0xeba1d2bf76a708d8dc77f916df8816b22cc54221540eec5dd38861bb6b868345
87,200,0.02622,0x905312a807dc2daa2b7aa65839c7a8d6ef3e0ea2,2017-11-01T07:34:50.000Z,0.0001311,0x10388a4db0b0eef4afd11b3e58a63eda90fba1ca,buy,0x744d70fdbe2ba4cf95131626614a1763df805b9e,0x99493c84d42de286908e34220c66d48fd35215378c9a02b15a19b805315fb8aa
88,27264.218263030627,4.059096815,0x73b7424a32b34806f9ba10129843ce9cc3069397,2017-11-01T07:11:00.000Z,0.00014888,0xf7bc4e2c7c7e42d808ce3b510ae6d06e887eff7d,buy,0x744d70fdbe2ba4cf95131626614a1763df805b9e,0x274d62c172803b4499cd629939f5b30ebfc9a18c5426b9417a7c5444e03bd81e
89,27264.22003627082,4.059097079,0x73b7424a32b34806f9ba10129843ce9cc3069397,2017-11-01T07:10:46.000Z,0.00014888,0xf7bc4e2c7c7e42d808ce3b510ae6d06e887eff7d,buy,0x744d70fdbe2ba4cf95131626614a1763df805b9e,0xdb4b78018e6a3d729a86b7d2185796f657b5820f135808351c780b3449155cb7
90,25812.164877753894,3.842915107,0x73b7424a32b34806f9ba10129843ce9cc3069397,2017-11-01T07:09:50.000Z,0.00014888,0xf7bc4e2c7c7e42d808ce3b510ae6d06e887eff7d,buy,0x744d70fdbe2ba4cf95131626614a1763df805b9e,0xbface89145f1a9d7a73b6f6451ff28a92b6bca77f00e4a8686d1b5955aa707e0
91,1500,0.216,0x73b7424a32b34806f9ba10129843ce9cc3069397,2017-11-01T07:09:50.000Z,0.000144,0x689de6aae98fe48334d6147b8fdb1eb4f9be95d1,buy,0x744d70fdbe2ba4cf95131626614a1763df805b9e,0xbface89145f1a9d7a73b6f6451ff28a92b6bca77f00e4a8686d1b5955aa707e0
92,14317.868948146159,2.131644329,0x73b7424a32b34806f9ba10129843ce9cc3069397,2017-11-01T07:09:27.000Z,0.00014888,0xf7bc4e2c7c7e42d808ce3b510ae6d06e887eff7d,buy,0x744d70fdbe2ba4cf95131626614a1763df805b9e,0x6b487494c6800ae5fed870bd40266939b893cc3860ab963782aea93767566cdc
93,10496.99,1.561952112,0x73b7424a32b34806f9ba10129843ce9cc3069397,2017-11-01T07:09:27.000Z,0.0001488,0xb6b90acd30b33ec6737003abc2b4aa4206ef05e7,buy,0x744d70fdbe2ba4cf95131626614a1763df805b9e,0x6b487494c6800ae5fed870bd40266939b893cc3860ab963782aea93767566cdc
94,2500,0.3595,0x73b7424a32b34806f9ba10129843ce9cc3069397,2017-11-01T07:09:27.000Z,0.0001438,0x689de6aae98fe48334d6147b8fdb1eb4f9be95d1,buy,0x744d70fdbe2ba4cf95131626614a1763df805b9e,0x6b487494c6800ae5fed870bd40266939b893cc3860ab963782aea93767566cdc
95,1500,0.2157,0x73b7424a32b34806f9ba10129843ce9cc3069397,2017-11-01T07:06:25.000Z,0.0001438,0x689de6aae98fe48334d6147b8fdb1eb4f9be95d1,buy,0x744d70fdbe2ba4cf95131626614a1763df805b9e,0x69592604ffa9f391c90c0338b9ed8bf803e12ebaf9fd6ca3b64310901e993a1f
96,1981.1043893658266,0.286150718,0x73b7424a32b34806f9ba10129843ce9cc3069397,2017-11-01T07:06:25.000Z,0.00014444,0x0071d48f86eeb80784fd7210dd1337e8b41da028,buy,0x744d70fdbe2ba4cf95131626614a1763df805b9e,0x69592604ffa9f391c90c0338b9ed8bf803e12ebaf9fd6ca3b64310901e993a1f
97,3482.5,0.50113175,0xda79f2b9db7ae9fc5e308e81dc1e1992245c4b41,2017-11-01T06:58:50.000Z,0.0001439,0x689de6aae98fe48334d6147b8fdb1eb4f9be95d1,buy,0x744d70fdbe2ba4cf95131626614a1763df805b9e,0xa06568e2bc7cc48783d3cea16658383693c670b1f6f48569c8b2400f9552ec3f
98,6172.8648317514135,0.8728430872096499,0xda79f2b9db7ae9fc5e308e81dc1e1992245c4b41,2017-11-01T06:27:48.000Z,0.0001414,0x4086084834380b6fbb9e623adee6d8c6f7e46847,buy,0x744d70fdbe2ba4cf95131626614a1763df805b9e,0x47217fb8c9a2a8653dbb4dac6c1f560852c0d2ef2c0220c33a3d6ca4c1cf8b36
99,3796.1157469835025,0.5367707666234672,0xa81d30697eaf18bc2d0b6a87ec5aa22e0506be42,2017-11-01T05:48:33.000Z,0.0001414,0x4086084834380b6fbb9e623adee6d8c6f7e46847,buy,0x744d70fdbe2ba4cf95131626614a1763df805b9e,0xa40a8e7ba894f917335087f78aba86fe0d7cabcc6f9efc7ea506ae8abc0daeb3
100,9960,1.407348,0xa81d30697eaf18bc2d0b6a87ec5aa22e0506be42,2017-11-01T05:45:53.000Z,0.0001413,0x4086084834380b6fbb9e623adee6d8c6f7e46847,buy,0x744d70fdbe2ba4cf95131626614a1763df805b9e,0x60b3fd5c15d5c1f8876679389c5a16bac7ae1e9cd6e40dd9f6660bd7e74e075c
101,25358.910139435102,3.6225203134183044,0xf7627d9eef95897f528c04a607bdf4f344d2f6ca,2017-11-01T02:47:24.000Z,0.00014285,0x8fd2515a5b29e61220ee080d484d1f2ea4c46e6b,sell,0x744d70fdbe2ba4cf95131626614a1763df805b9e,0x4f4751034a9ad050a762a2a01311f19814c04537d26a179c39ddab0f73d5ec7e
102,9924.234871897119,1.3774838002193202,0xf7627d9eef95897f528c04a607bdf4f344d2f6ca,2017-11-01T02:46:06.000Z,0.00013879999999999999,0x8fd2515a5b29e61220ee080d484d1f2ea4c46e6b,sell,0x744d70fdbe2ba4cf95131626614a1763df805b9e,0xce21f4ede11e44d3b9933df060018f941a266ad3d0d4d9c59505ce1adc0e795b
103,1455,0.18915,0x8d271b7dee29678ddbb3669c8a3f15f0a3713b9a,2017-11-01T00:20:15.000Z,0.00013,0x527e6009e17c7e85ca8c3912accd8f0e12b89e2b,buy,0x744d70fdbe2ba4cf95131626614a1763df805b9e,0xa73c19b2e70d27262101b950551c3ade69172611ca4eba893c0bbbfa5c8a492f
104,735,0.09555,0xbea1b77d05af2f4b5a6c30be3aa9c050538ebec9,2017-11-01T00:00:23.000Z,0.00013,0x527e6009e17c7e85ca8c3912accd8f0e12b89e2b,buy,0x744d70fdbe2ba4cf95131626614a1763df805b9e,0x078eb1903485cdc83c2f45a2752c6011e491335d03552c264b84cbfe538bf0c7
105,239.258299272256,0.029907287409032,0x8d271b7dee29678ddbb3669c8a3f15f0a3713b9a,2017-10-31T22:36:16.000Z,0.000125,0x95eab0ed9c747af1e9b2d8762b7bed346aee5a6f,sell,0x744d70fdbe2ba4cf95131626614a1763df805b9e,0x0fc547acdd9f4b966a4db956d667cb414503dba226ae1beb859e81ee3e7be262
106,320,0.0416,0x3f5a86104d20e0079c8758b805c84274f6f9a199,2017-10-31T20:40:37.000Z,0.00013,0x527e6009e17c7e85ca8c3912accd8f0e12b89e2b,buy,0x744d70fdbe2ba4cf95131626614a1763df805b9e,0x2f639bc01c1c36df37853bc8cc306150af97bc6f77d960c89a7bd56bcecf9e0d
107,230,0.0299,0xcf5fc15d82a33845f6acdc6068b8dab269c56c7e,2017-10-31T19:33:51.000Z,0.00013,0x527e6009e17c7e85ca8c3912accd8f0e12b89e2b,buy,0x744d70fdbe2ba4cf95131626614a1763df805b9e,0x2a74e7ef8ceb7b6ffbb6c2b17836cbf090a079ff4dc94cf28253c2e3f54003ff
108,100,0.013,0x651264c2513774bd0d1b97c3418110b09f2fa0a7,2017-10-31T14:25:22.000Z,0.00013,0x527e6009e17c7e85ca8c3912accd8f0e12b89e2b,buy,0x744d70fdbe2ba4cf95131626614a1763df805b9e,0x5555d10ae924abbc5c0512be4a28ef32a25512e3ea208d6d12685841f5bf85fa
109,15000,1.92,0x8dbd7b3258be2824df1b3f87430d508638408cc1,2017-10-31T13:38:15.000Z,0.000128,0x8fd2515a5b29e61220ee080d484d1f2ea4c46e6b,sell,0x744d70fdbe2ba4cf95131626614a1763df805b9e,0x0c806c3238d683ba2383b50f329776f19b30c2bc9cabcae6666d5a82d66874a1
110,4770.6881841502045,0.6106480875712261,0x8dbd7b3258be2824df1b3f87430d508638408cc1,2017-10-31T13:37:34.000Z,0.000128,0x9778550d76b07ac9f5e57392f68ecdf6efc1774e,sell,0x744d70fdbe2ba4cf95131626614a1763df805b9e,0x839dc20ff3b2408c680cc27cab6b6373e8f25dfcc72d26c7cc2c1c5245c79dd8
111,89.721862227096,0.01166384208952248,0x244beb883da53d9f6169762af296e944aba5bb84,2017-10-31T13:18:18.000Z,0.00013,0x935ff6f507d8f55aff8d7b181e3b5f952485937a,sell,0x744d70fdbe2ba4cf95131626614a1763df805b9e,0xd46084abb16c5f9d49a98d78a8540fe804932b7c8290edb5dc5699e0774abfb2
112,90,0.01161,0x935ff6f507d8f55aff8d7b181e3b5f952485937a,2017-10-31T13:15:24.000Z,0.000129,0xb68599528b69bd8030b08297207ab3f032b2f7b2,buy,0x744d70fdbe2ba4cf95131626614a1763df805b9e,0x28c41bca886fb7a6b773bd7b46c88dcf00b2c5d334c9034ed43f3253f8071d9d
113,4983.726114809585,0.6379169426956268,0x8dbd7b3258be2824df1b3f87430d508638408cc1,2017-10-31T13:06:29.000Z,0.000128,0x583b640795999aa2bb22c1a62a91336ff9d325bb,sell,0x744d70fdbe2ba4cf95131626614a1763df805b9e,0xf3459c3b05e45cefc7cac757be51555330880837ac0bdb5bbd187bb03a83f046
114,498.55448110856344,0.06381497358189613,0x8dbd7b3258be2824df1b3f87430d508638408cc1,2017-10-31T12:26:07.000Z,0.000128,0xfc2acd6ac8560d587a32b6261909fcde979bd3ee,sell,0x744d70fdbe2ba4cf95131626614a1763df805b9e,0x7168729f3067e61b11b16f5ed77e32f328ac971ce7b72648df410e35ac73c5cb
115,10,0.0013615,0x0b773d7819259d78757b26dc4148812d35676d8f,2017-10-31T12:10:24.000Z,0.00013615,0xda79f2b9db7ae9fc5e308e81dc1e1992245c4b41,buy,0x744d70fdbe2ba4cf95131626614a1763df805b9e,0x0f1cbbdb89114b6421c3bfe70493bcc0d4bb874b7823bc0756b3cfce096f6f10
116,1744.5917655268668,0.22330774598743894,0x8dbd7b3258be2824df1b3f87430d508638408cc1,2017-10-31T10:48:47.000Z,0.000128,0x5438843c490dea4ad75d29f2564929017a88914a,sell,0x744d70fdbe2ba4cf95131626614a1763df805b9e,0x1a1c675d2145a095d64e250f80d8cdcc1fac6a3e089c5a0f88d9e99e853f51d7
117,11241.721,1.506390614,0x8dbd7b3258be2824df1b3f87430d508638408cc1,2017-10-31T09:00:36.000Z,0.000134,0xbbe8a82dc936ac8a7f188624e42a1253dbb279ec,buy,0x744d70fdbe2ba4cf95131626614a1763df805b9e,0xe0125817a78a484aa33eb052578b7767936e74e23be5beb41aa150f07c7b5731
118,149.07922877698905,0.019007601669066104,0xeb73d8f2590f7929d82cc2f832f2c94ce4789fba,2017-10-31T07:38:39.000Z,0.00012749999999999998,0xe33c1ef7bddedf0d2b4dad461360ec96beaa4e4c,sell,0x744d70fdbe2ba4cf95131626614a1763df805b9e,0x1cb519da5b6ac2247e9dd644798a1db34e105e7f7f91985c0a35795b694e5e59
119,10.038877220228164,0.001345209547510574,0x1d5321e125f6c7079a716705541c7b371ca79e69,2017-10-31T07:13:57.000Z,0.000134,0xbbe8a82dc936ac8a7f188624e42a1253dbb279ec,buy,0x744d70fdbe2ba4cf95131626614a1763df805b9e,0xa4969918c60c53aa3cf1474c0dfeb1d3e5614b4cc93f5538242f1eb7ee3ad01c
120,10.008850668223493,0.001371212541546618,0xf7627d9eef95897f528c04a607bdf4f344d2f6ca,2017-10-31T07:13:57.000Z,0.00013699999999999994,0x1d5321e125f6c7079a716705541c7b371ca79e69,sell,0x744d70fdbe2ba4cf95131626614a1763df805b9e,0xa4969918c60c53aa3cf1474c0dfeb1d3e5614b4cc93f5538242f1eb7ee3ad01c
121,20,0.00268,0x1d5321e125f6c7079a716705541c7b371ca79e69,2017-10-31T07:11:23.000Z,0.000134,0xbbe8a82dc936ac8a7f188624e42a1253dbb279ec,buy,0x744d70fdbe2ba4cf95131626614a1763df805b9e,0x965d5fcebef356cf2e3a7cabba6a06cc7bdf7442be13721b87596bc047eeba51
122,19.940179461615156,0.002729810568295114,0xf7627d9eef95897f528c04a607bdf4f344d2f6ca,2017-10-31T07:11:23.000Z,0.00013689999999999997,0x1d5321e125f6c7079a716705541c7b371ca79e69,sell,0x744d70fdbe2ba4cf95131626614a1763df805b9e,0x965d5fcebef356cf2e3a7cabba6a06cc7bdf7442be13721b87596bc047eeba51
123,3980,0.544862,0xf7627d9eef95897f528c04a607bdf4f344d2f6ca,2017-10-31T06:44:40.000Z,0.0001369,0xda79f2b9db7ae9fc5e308e81dc1e1992245c4b41,sell,0x744d70fdbe2ba4cf95131626614a1763df805b9e,0xde44a3fa39acffb6233dad4d60964710f7ae27c75b344bea7a556246357da64a
124,3498.731815007415,0.47932625865601586,0xf7627d9eef95897f528c04a607bdf4f344d2f6ca,2017-10-31T06:38:19.000Z,0.000137,0xda79f2b9db7ae9fc5e308e81dc1e1992245c4b41,sell,0x744d70fdbe2ba4cf95131626614a1763df805b9e,0x607d801618046560af55eb50d8ff56b568c48b868a26695e17edbee49d6b61d5
125,3995.673639,0.538932464754681,0x273a5d3e6721b9f5c1a6474f560c1334c63dda01,2017-10-31T06:35:11.000Z,0.000134879,0x4086084834380b6fbb9e623adee6d8c6f7e46847,buy,0x744d70fdbe2ba4cf95131626614a1763df805b9e,0xc42309c715dbd981f4bb662b08364f308cbfabd649de88138b1af291891dbe35
126,3983.686618083,0.545765066677371,0xf7627d9eef95897f528c04a607bdf4f344d2f6ca,2017-10-31T06:35:11.000Z,0.000137,0x273a5d3e6721b9f5c1a6474f560c1334c63dda01,sell,0x744d70fdbe2ba4cf95131626614a1763df805b9e,0xc42309c715dbd981f4bb662b08364f308cbfabd649de88138b1af291891dbe35
127,978.8896919242273,0.133618442947657,0xf7627d9eef95897f528c04a607bdf4f344d2f6ca,2017-10-31T06:34:39.000Z,0.00013649999999999998,0x1d5321e125f6c7079a716705541c7b371ca79e69,sell,0x744d70fdbe2ba4cf95131626614a1763df805b9e,0x93bc7ea9476ff851a877644cf88438f11598ceb9911e8851e46fe0e074df3ca6
128,981.826361,0.132427757745319,0x1d5321e125f6c7079a716705541c7b371ca79e69,2017-10-31T06:34:39.000Z,0.000134879,0x4086084834380b6fbb9e623adee6d8c6f7e46847,buy,0x744d70fdbe2ba4cf95131626614a1763df805b9e,0x93bc7ea9476ff851a877644cf88438f11598ceb9911e8851e46fe0e074df3ca6
129,6537.787,0.881869012856,0x273a5d3e6721b9f5c1a6474f560c1334c63dda01,2017-10-31T06:34:39.000Z,0.000134888,0xbc0945c667fadc26b9bf39e586b15eeb901e7d1c,buy,0x744d70fdbe2ba4cf95131626614a1763df805b9e,0x3a8643951ec6559695cb7f6fcfaa727c06f2e0d6ac738f77c4863c11b62647af
130,6518.173639,0.8897307017235,0xf7627d9eef95897f528c04a607bdf4f344d2f6ca,2017-10-31T06:34:39.000Z,0.00013649999999999998,0x273a5d3e6721b9f5c1a6474f560c1334c63dda01,sell,0x744d70fdbe2ba4cf95131626614a1763df805b9e,0x3a8643951ec6559695cb7f6fcfaa727c06f2e0d6ac738f77c4863c11b62647af
131,22.5,0.0030347775,0x1d5321e125f6c7079a716705541c7b371ca79e69,2017-10-31T06:27:07.000Z,0.000134879,0x4086084834380b6fbb9e623adee6d8c6f7e46847,buy,0x744d70fdbe2ba4cf95131626614a1763df805b9e,0x566ff9f16a46b6e69bc0a706d0f3af8ba12b5f914df389f1a4d423159fad3546
132,22.43270189431705,0.003073280159521435,0xf7627d9eef95897f528c04a607bdf4f344d2f6ca,2017-10-31T06:27:07.000Z,0.00013699999999999997,0x1d5321e125f6c7079a716705541c7b371ca79e69,sell,0x744d70fdbe2ba4cf95131626614a1763df805b9e,0x566ff9f16a46b6e69bc0a706d0f3af8ba12b5f914df389f1a4d423159fad3546
133,7500,1.01166,0x273a5d3e6721b9f5c1a6474f560c1334c63dda01,2017-10-31T06:26:55.000Z,0.000134888,0xbc0945c667fadc26b9bf39e586b15eeb901e7d1c,buy,0x744d70fdbe2ba4cf95131626614a1763df805b9e,0x99e081b94736fc7653950488309c1b405eb03d13169ca25147105ab20f026004
134,7477.5,1.0244175,0xf7627d9eef95897f528c04a607bdf4f344d2f6ca,2017-10-31T06:26:55.000Z,0.000137,0x273a5d3e6721b9f5c1a6474f560c1334c63dda01,sell,0x744d70fdbe2ba4cf95131626614a1763df805b9e,0x99e081b94736fc7653950488309c1b405eb03d13169ca25147105ab20f026004
135,7462.499999999999,0.999975,0xf7627d9eef95897f528c04a607bdf4f344d2f6ca,2017-10-31T06:22:30.000Z,0.00013399999999999998,0xda79f2b9db7ae9fc5e308e81dc1e1992245c4b41,sell,0x744d70fdbe2ba4cf95131626614a1763df805b9e,0x6b4be6d403bfa65d12a8d4118dbb2e77f9a9d9f2dab8e8ed1fe2603b2fcbda22
136,7500,1.0115925,0x1d5321e125f6c7079a716705541c7b371ca79e69,2017-10-31T06:20:49.000Z,0.000134879,0x4086084834380b6fbb9e623adee6d8c6f7e46847,buy,0x744d70fdbe2ba4cf95131626614a1763df805b9e,0xed38cf831fd86edf739935cc43d27fffd9472811a03441acb50d8a0d15083433
137,7477.567298105683,1.0169491525423728,0xf7627d9eef95897f528c04a607bdf4f344d2f6ca,2017-10-31T06:20:49.000Z,0.000136,0x1d5321e125f6c7079a716705541c7b371ca79e69,sell,0x744d70fdbe2ba4cf95131626614a1763df805b9e,0xed38cf831fd86edf739935cc43d27fffd9472811a03441acb50d8a0d15083433
138,7462.5,1.0074375,0xf7627d9eef95897f528c04a607bdf4f344d2f6ca,2017-10-31T06:19:07.000Z,0.000135,0xda79f2b9db7ae9fc5e308e81dc1e1992245c4b41,sell,0x744d70fdbe2ba4cf95131626614a1763df805b9e,0x882e061f2d00a5fe0f1279fd6f6fcdb09dc556770e9422495406ceb3bcfa8a62
139,7477.567298105683,1.0169491525423728,0xf7627d9eef95897f528c04a607bdf4f344d2f6ca,2017-10-31T06:17:20.000Z,0.000136,0x1d5321e125f6c7079a716705541c7b371ca79e69,sell,0x744d70fdbe2ba4cf95131626614a1763df805b9e,0x4a458d0f0418af0e6290b08a5f2f0b7679e24c5beb41a380e59834f471466b3a
140,7500,1.0115925,0x1d5321e125f6c7079a716705541c7b371ca79e69,2017-10-31T06:17:20.000Z,0.000134879,0x4086084834380b6fbb9e623adee6d8c6f7e46847,buy,0x744d70fdbe2ba4cf95131626614a1763df805b9e,0x4a458d0f0418af0e6290b08a5f2f0b7679e24c5beb41a380e59834f471466b3a
141,3.5863632125206,0.000474834489337727,0xf7627d9eef95897f528c04a607bdf4f344d2f6ca,2017-10-31T05:48:22.000Z,0.00013239999999999986,0xe444a40689f51f63bcd29910622035707d533d29,sell,0x744d70fdbe2ba4cf95131626614a1763df805b9e,0x2143efc4ee376fde0b7f1189a8485d5264e210b6ecfc994c2cf4b4187fb85a0b
142,1756.6576549424833,0.23258147351438477,0xf7627d9eef95897f528c04a607bdf4f344d2f6ca,2017-10-31T05:46:27.000Z,0.0001324,0x583b640795999aa2bb22c1a62a91336ff9d325bb,sell,0x744d70fdbe2ba4cf95131626614a1763df805b9e,0xd679403c9d1787e844ef92c870ce4ba32fca56ba4665e71fd05437bf484d3c49
143,7690,1.020463,0xf7627d9eef95897f528c04a607bdf4f344d2f6ca,2017-10-31T05:45:59.000Z,0.0001327,0x583b640795999aa2bb22c1a62a91336ff9d325bb,sell,0x744d70fdbe2ba4cf95131626614a1763df805b9e,0xb56dc31f6e20ccfab30f42d652e6bb350486b2ce1c55a8376f3ca0abe8051eba
144,7690,1.017387,0xf7627d9eef95897f528c04a607bdf4f344d2f6ca,2017-10-31T05:45:21.000Z,0.0001323,0x583b640795999aa2bb22c1a62a91336ff9d325bb,sell,0x744d70fdbe2ba4cf95131626614a1763df805b9e,0x6e9f8e0a37d1e804fe644be980469afa36619b62133785f4c6205cb1c45d16f2
145,7690,1.017387,0xf7627d9eef95897f528c04a607bdf4f344d2f6ca,2017-10-31T05:45:11.000Z,0.0001323,0x583b640795999aa2bb22c1a62a91336ff9d325bb,sell,0x744d70fdbe2ba4cf95131626614a1763df805b9e,0x22eb98f03d1007fee4972798af0b0a714f868b845e18178d23fe9638854db97d
146,7462.5,0.9954975,0xf7627d9eef95897f528c04a607bdf4f344d2f6ca,2017-10-31T05:25:18.000Z,0.0001334,0xda79f2b9db7ae9fc5e308e81dc1e1992245c4b41,sell,0x744d70fdbe2ba4cf95131626614a1763df805b9e,0x68c23081efe9bfe591f0613cc09feecb6ce5c9e6facc313e705aa9bf31348a78
147,1500,0.2982,0xedeb4b92c7a5ef2a67ab2f21fa3c424e5a61e331,2017-10-31T04:47:19.000Z,0.0001988,0x583b640795999aa2bb22c1a62a91336ff9d325bb,buy,0x744d70fdbe2ba4cf95131626614a1763df805b9e,0x896bfce813cf3d9e88c8b12f53a21f926094f7d931f666f1a6da5eee0c9d0119
148,8600,1.159968,0x70c2aa00460b3870a83a2336004edbb6bda91b08,2017-10-31T04:39:15.000Z,0.00013488,0x583b640795999aa2bb22c1a62a91336ff9d325bb,buy,0x744d70fdbe2ba4cf95131626614a1763df805b9e,0x3639ab86c964237ec5c4989cd0161604f7a55e07b0ac74e407677be660fcf0ee
149,4052.7193031602033,0.5006121519228641,0xeb73d8f2590f7929d82cc2f832f2c94ce4789fba,2017-10-31T04:06:21.000Z,0.00012352499999999998,0x2dd2fa545e53712d50fa4ae81743cce8bf560ab9,sell,0x744d70fdbe2ba4cf95131626614a1763df805b9e,0xb701e075fe18ff5875d5f1512f90f5bc0629301b52872403059aaa2aabab51b8
150,15876.089,1.96799999244,0xda79f2b9db7ae9fc5e308e81dc1e1992245c4b41,2017-10-31T04:05:22.000Z,0.00012396,0x2dd2fa545e53712d50fa4ae81743cce8bf560ab9,sell,0x744d70fdbe2ba4cf95131626614a1763df805b9e,0x0f840f7529b0d8845e11032eea8493e2f7fccd3aecdbbd4a5a00a9d1f2326bf2
151,500,0.0655,0xf142f26d1cac4ba8a6e6d7974d243eda2fe5f4f9,2017-10-31T03:40:31.000Z,0.000131,0x34a0e8081340d93aae4af9703742f358c43ec3a0,buy,0x744d70fdbe2ba4cf95131626614a1763df805b9e,0x5939fb41e58b609fa28bf9dd722fc7f5afe8785ee428caa19a37b1555f2ee6bb
152,11.757,0.0015319371,0xf142f26d1cac4ba8a6e6d7974d243eda2fe5f4f9,2017-10-31T03:39:20.000Z,0.0001303,0x40de6250458e6c9b41e7609dbb39172816dba22b,buy,0x744d70fdbe2ba4cf95131626614a1763df805b9e,0x4add95053dcd6eec04e1275d34513646d1852b81bc562b73c80e418b861f830d
153,19334.48373752878,2.519283231,0x73b7424a32b34806f9ba10129843ce9cc3069397,2017-10-31T03:37:15.000Z,0.0001303,0x40de6250458e6c9b41e7609dbb39172816dba22b,buy,0x744d70fdbe2ba4cf95131626614a1763df805b9e,0x101d82d1ca321ffb960aa1708f4065ab27ae4458e6981edd2f20c96c507449eb
154,30653.758963929395,3.994184793,0x73b7424a32b34806f9ba10129843ce9cc3069397,2017-10-31T03:36:38.000Z,0.0001303,0x40de6250458e6c9b41e7609dbb39172816dba22b,buy,0x744d70fdbe2ba4cf95131626614a1763df805b9e,0x0508f08bb3ea6d74b73a8e9578694c4f4e34553e65bffb1eb6a2107f328a99c3
155,20000,2.59338,0xeb73d8f2590f7929d82cc2f832f2c94ce4789fba,2017-10-31T03:35:23.000Z,0.000129669,0xd657b59431702cae0925e272e25147306caf910e,buy,0x744d70fdbe2ba4cf95131626614a1763df805b9e,0x35a7365b0ae85f904c6226c7afbb72d59231372f229ab0e814f71bee0fa5b706
156,31576.68,4.04181504,0xeb73d8f2590f7929d82cc2f832f2c94ce4789fba,2017-10-31T03:33:25.000Z,0.000128,0x8f39ed51a45811dd6b7517b420613c1a0818ec67,buy,0x744d70fdbe2ba4cf95131626614a1763df805b9e,0xc913417860a2b749a3ab5f7372eca274fb0be0f89c627d6eb631afca7268a752
157,42.32,0.00541696,0xb3296c5912cddf8af6b89deaebe2958aa8ce42d2,2017-10-31T02:51:04.000Z,0.000128,0x8f39ed51a45811dd6b7517b420613c1a0818ec67,buy,0x744d70fdbe2ba4cf95131626614a1763df805b9e,0x4d6771098e2fd7c6312eac01196306a6d11dc2d1c7c29c0f1b728a73eb06a038
158,2638.155,0.329769375,0xf142f26d1cac4ba8a6e6d7974d243eda2fe5f4f9,2017-10-31T01:28:31.000Z,0.000125,0x254fb89e4cab71708eaab16e067ca8156a38e18a,buy,0x744d70fdbe2ba4cf95131626614a1763df805b9e,0x8601a87c22524e567bb32c4373f7fc98a0a6c52af70ee7b1790a5a5f3956a682
159,0.001,0.000000125,0x0c4085d8e714ca77ac5f46cd2b80a92d238a7cd3,2017-10-30T21:26:41.000Z,0.000125,0x254fb89e4cab71708eaab16e067ca8156a38e18a,buy,0x744d70fdbe2ba4cf95131626614a1763df805b9e,0x05b6eb83ae2720977ba5efa10cb63df00cffe793734d68ea9562969e76b790bc
160,19938.191606021333,2.4324593759346027,0x8f39ed51a45811dd6b7517b420613c1a0818ec67,2017-10-30T20:32:37.000Z,0.00012199999999999998,0x2cf26e61790c11e1f104eb03511cb28fe1fa1b16,sell,0x744d70fdbe2ba4cf95131626614a1763df805b9e,0x218707c0afd9565cd0f47b2279279c5a1e365c4cf4305a82ccc13cdb84d91323
161,11681.551191306948,1.401786142956834,0x8f39ed51a45811dd6b7517b420613c1a0818ec67,2017-10-30T17:57:50.000Z,0.00011999999999999999,0xc5c751ddaa97754342d53c0ef212b44c3455c166,sell,0x744d70fdbe2ba4cf95131626614a1763df805b9e,0x6a2ebbb949e65f37d424839b661097709303735c605b308d7167537c8fde8b6a
162,833.6604212700628,0.09795509949923238,0x1401a9ba5033026fc5a36b9a65b42a32a78649c7,2017-10-30T14:45:56.000Z,0.0001175,0x05202bb8ecb44a77edf08b3d61cf65a299c246f0,sell,0x744d70fdbe2ba4cf95131626614a1763df805b9e,0x0847ec450a0a7b378b5535887ee1ae2d73d0be13720df5d5b0607a0c3dc0ddb7
163,1375,0.171875,0x23012f74de1adbb749e9414a42de477a3b266c56,2017-10-30T14:38:16.000Z,0.000125,0x254fb89e4cab71708eaab16e067ca8156a38e18a,buy,0x744d70fdbe2ba4cf95131626614a1763df805b9e,0x57b4f9ae5123802186a8c3919470e827ae8c453e5ff97c04977ebc364bc0dd90
164,65.7875076383147,0.007894500916597763,0x23012f74de1adbb749e9414a42de477a3b266c56,2017-10-30T14:33:58.000Z,0.00012,0xeb73d8f2590f7929d82cc2f832f2c94ce4789fba,buy,0x744d70fdbe2ba4cf95131626614a1763df805b9e,0x42bfac394f444d6844c2f7f4eb8a9ee9d409ef8dff49741e4dd8892cec0a869f
165,3.2451768370510434,0.000381308278353497,0x1401a9ba5033026fc5a36b9a65b42a32a78649c7,2017-10-30T08:55:49.000Z,0.0001174999999999998,0xc4721cad29d2b253ea2d35714d6130992c3f0b96,sell,0x744d70fdbe2ba4cf95131626614a1763df805b9e,0x6aeada2951090f3143b6fd3a8a19fd4dd4ec95e9ddc3f011a5aa445b6b1e535c
166,6887.744763114754,0.8403048611,0x73b7424a32b34806f9ba10129843ce9cc3069397,2017-10-30T08:13:21.000Z,0.000122,0xc4721cad29d2b253ea2d35714d6130992c3f0b96,buy,0x744d70fdbe2ba4cf95131626614a1763df805b9e,0xe455fcee3fe4771b7df786ee1b46204c783b92598c3a87294a1642acfc1fee10
167,3.182783160374366,0.000373977021343988,0x1401a9ba5033026fc5a36b9a65b42a32a78649c7,2017-10-30T07:48:24.000Z,0.0001175,0x742097391f52639b70b68909d58c7a77e37ffd4f,sell,0x744d70fdbe2ba4cf95131626614a1763df805b9e,0xcc0c2eda8e8fa6eec625fc31f93ac9417fe8181025e3dfc1e589f66c2bb42640
168,4996.808564397047,0.609110964,0x73b7424a32b34806f9ba10129843ce9cc3069397,2017-10-30T07:44:29.000Z,0.0001219,0x742097391f52639b70b68909d58c7a77e37ffd4f,buy,0x744d70fdbe2ba4cf95131626614a1763df805b9e,0x912258a41763587261e8565900882c4778ff0d63fc3669ec2fc22c785ca97f37
169,3750,0.457125,0x73b7424a32b34806f9ba10129843ce9cc3069397,2017-10-30T07:44:29.000Z,0.0001219,0xc5c751ddaa97754342d53c0ef212b44c3455c166,buy,0x744d70fdbe2ba4cf95131626614a1763df805b9e,0x912258a41763587261e8565900882c4778ff0d63fc3669ec2fc22c785ca97f37
170,1000,0.121,0x73b7424a32b34806f9ba10129843ce9cc3069397,2017-10-30T07:44:29.000Z,0.000121,0x254fb89e4cab71708eaab16e067ca8156a38e18a,buy,0x744d70fdbe2ba4cf95131626614a1763df805b9e,0x912258a41763587261e8565900882c4778ff0d63fc3669ec2fc22c785ca97f37
171,19940,3.478533,0xbaccfcfded9fcea89a5294cafdfb56e3284b2ba6,2017-10-30T07:01:17.000Z,0.00017445,0x273a5d3e6721b9f5c1a6474f560c1334c63dda01,sell,0x744d70fdbe2ba4cf95131626614a1763df805b9e,0x1e830b7a80b79697ddb100a6b370ba349eeb408a4e8936b7a35d83b986ee383d
172,20000,2.592,0x273a5d3e6721b9f5c1a6474f560c1334c63dda01,2017-10-30T07:01:17.000Z,0.0001296,0xd657b59431702cae0925e272e25147306caf910e,buy,0x744d70fdbe2ba4cf95131626614a1763df805b9e,0x1e830b7a80b79697ddb100a6b370ba349eeb408a4e8936b7a35d83b986ee383d
173,1250,0.152375,0xd19f8bf2721b31b0f4f20c80f5a59c0bd5f23262,2017-10-30T06:47:30.000Z,0.0001219,0xc5c751ddaa97754342d53c0ef212b44c3455c166,buy,0x744d70fdbe2ba4cf95131626614a1763df805b9e,0x956246d39d0036f21db9b35ed266ae63a5e57cec57d6a66fc70d225c7aa5f6e8
174,2500,0.299975,0xbaccfcfded9fcea89a5294cafdfb56e3284b2ba6,2017-10-30T06:43:50.000Z,0.00011999,0x254fb89e4cab71708eaab16e067ca8156a38e18a,buy,0x744d70fdbe2ba4cf95131626614a1763df805b9e,0xe8e8dcca025f6bad52b87b2aa63ec32dedd4eeac8bf2b015442aec48a1cce82d
175,5.6011740060715,0.000657824279969061,0x254fb89e4cab71708eaab16e067ca8156a38e18a,2017-10-30T03:00:53.000Z,0.00011744399999999996,0x16e5d97bbc92417e051e3b2cabfbf8ceea2acb9c,sell,0x744d70fdbe2ba4cf95131626614a1763df805b9e,0x16345dbfbfe2b09da4243224a15e3f7b745f8a9630ad0932b6a5708178bc08cd
176,5.6011740060715,0.000657824279969061,0x254fb89e4cab71708eaab16e067ca8156a38e18a,2017-10-30T02:57:42.000Z,0.00011744399999999996,0x379374d13077e8867ef31803c37baf9785a17c00,sell,0x744d70fdbe2ba4cf95131626614a1763df805b9e,0x455ac4e7fb99c99beef4ce02cbf6a1004fc0ab9b986f964d3524dc32722a0fa3
177,3000,0.357,0xf142f26d1cac4ba8a6e6d7974d243eda2fe5f4f9,2017-10-30T02:34:22.000Z,0.000119,0x254fb89e4cab71708eaab16e067ca8156a38e18a,buy,0x744d70fdbe2ba4cf95131626614a1763df805b9e,0x8c400d052461594fa46cd99a2a2f583f469c2eb6b9f1223df70cab5e0650556d
178,0.001934028351975,0.000000232083402237,0xc714231291004dad7d68b1235c293b7475e4e7d4,2017-10-30T00:40:31.000Z,0.00012,0xeb73d8f2590f7929d82cc2f832f2c94ce4789fba,buy,0x744d70fdbe2ba4cf95131626614a1763df805b9e,0x733abebfc1f15f1cb7b3e91f6fcc8f81f7965e18d5b1d21979712ba24d56c1fc
179,3000,2.997,0xbaccfcfded9fcea89a5294cafdfb56e3284b2ba6,2017-10-29T23:29:37.000Z,0.000999,0xd815bbdb973fcfae73f27ddc9a135e377028c1c5,sell,0x744d70fdbe2ba4cf95131626614a1763df805b9e,0xb268306a6dfbd03ca6f73a307fc7c13571056e043c11f329f2e3659d3bb77e5a
180,3009,0.367098,0xd815bbdb973fcfae73f27ddc9a135e377028c1c5,2017-10-29T23:29:37.000Z,0.000122,0xc4721cad29d2b253ea2d35714d6130992c3f0b96,buy,0x744d70fdbe2ba4cf95131626614a1763df805b9e,0xb268306a6dfbd03ca6f73a307fc7c13571056e043c11f329f2e3659d3bb77e5a
181,25532.210558333332,3.063865267,0x73b7424a32b34806f9ba10129843ce9cc3069397,2017-10-29T22:43:54.000Z,0.00012,0xeb73d8f2590f7929d82cc2f832f2c94ce4789fba,buy,0x744d70fdbe2ba4cf95131626614a1763df805b9e,0x8dd3d42d48907ba2a1c41e5c705786f32102eeb4e16382ec62e27c2b1738c4bc
182,9950,1.1791745,0xb87cadbee58c3df08761c10dded305fe85639937,2017-10-29T18:26:22.000Z,0.00011850999999999999,0xda79f2b9db7ae9fc5e308e81dc1e1992245c4b41,sell,0x744d70fdbe2ba4cf95131626614a1763df805b9e,0x4a46b9ed84dd13912686862ad767d97aa50111c8fbf613755165158239865947
183,2000,0.237,0xeb73d8f2590f7929d82cc2f832f2c94ce4789fba,2017-10-29T14:13:32.000Z,0.0001185,0x34a0e8081340d93aae4af9703742f358c43ec3a0,sell,0x744d70fdbe2ba4cf95131626614a1763df805b9e,0xf1f0b3991edee5adb0ed4e23b6d8f1152b7a1a345f42a6dc287a08f0d20e9b4e
184,4000,0.474,0xeb73d8f2590f7929d82cc2f832f2c94ce4789fba,2017-10-29T14:12:12.000Z,0.0001185,0x34a0e8081340d93aae4af9703742f358c43ec3a0,sell,0x744d70fdbe2ba4cf95131626614a1763df805b9e,0xa3e6ab3ce2ef31778b2dc7f4d4f440fe81830d1ab3817b4b4666340bcd8424eb
185,50.378,0.006498762,0x0bbb57db57004f00d88a6d115689eb0b645a0f0e,2017-10-29T13:45:45.000Z,0.000129,0xfc69e7c9afc6454f0a074f4bd7e366a516ea8b67,sell,0x744d70fdbe2ba4cf95131626614a1763df805b9e,0xd8fd25e4e878e8fccf048734f048becb79dbda7ccb666b14c43d3918987bf394
186,19598.745,2.3224512825,0xeb73d8f2590f7929d82cc2f832f2c94ce4789fba,2017-10-29T13:09:44.000Z,0.0001185,0xbaccfcfded9fcea89a5294cafdfb56e3284b2ba6,sell,0x744d70fdbe2ba4cf95131626614a1763df805b9e,0xbcf1db739b883b7a74b69047c97fcb85b791f4cf20c6c2832f4966146fcef2df
187,5170.734429031044,0.6072717342831219,0x254fb89e4cab71708eaab16e067ca8156a38e18a,2017-10-29T13:06:19.000Z,0.000117444,0xda79f2b9db7ae9fc5e308e81dc1e1992245c4b41,sell,0x744d70fdbe2ba4cf95131626614a1763df805b9e,0xa652ddd7bf6ab41536f9be920ec645eb03679166b0ae452dca7bbcb9c7549b63
188,10226.155587826086,1.196460203775652,0xbaccfcfded9fcea89a5294cafdfb56e3284b2ba6,2017-10-29T12:59:14.000Z,0.00011699999999999998,0xda79f2b9db7ae9fc5e308e81dc1e1992245c4b41,sell,0x744d70fdbe2ba4cf95131626614a1763df805b9e,0x4ebfd97437a807292b0bd38b5d2220674b4e6953e2ac0c10101e0520e3064e2e
189,7000,0.8421,0xfc69e7c9afc6454f0a074f4bd7e366a516ea8b67,2017-10-29T12:18:57.000Z,0.0001203,0x29f6912fbe406beb8ed4647072fcc838b7b97e52,sell,0x744d70fdbe2ba4cf95131626614a1763df805b9e,0x37a630082d9fd4814d99351653ba03128d1c36063f59c8eaf7e2eb30c4627893
190,9950,1.20017895,0x3dee4a4e076e8d82859d241db0baf46f112cfa23,2017-10-29T12:16:58.000Z,0.000120621,0xda79f2b9db7ae9fc5e308e81dc1e1992245c4b41,sell,0x744d70fdbe2ba4cf95131626614a1763df805b9e,0x0b782ec65a458acb1b77fcf142284194c2030c10522771e6e28e28ea2890a9b8
191,6778.578587489403,0.8473223234361753,0x89e6268db04ad02c3ea19a38edb0e82d2b87f1f5,2017-10-29T12:16:07.000Z,0.000125,0x29f6912fbe406beb8ed4647072fcc838b7b97e52,sell,0x744d70fdbe2ba4cf95131626614a1763df805b9e,0x633bc0729169f71aa8d968fa39c6b687b4206e1035727fdf557f7711effd2802
192,2.7271653666674878,0.000351804332300105,0x0bbb57db57004f00d88a6d115689eb0b645a0f0e,2017-10-29T12:12:22.000Z,0.00012899999999999964,0xfd0fe438cf033aab2a6998a95f2614d231ab8e04,sell,0x744d70fdbe2ba4cf95131626614a1763df805b9e,0xcf9ba3e30a1fc90cfd6e553999c7c44cc82299158c767eac18c1cfb63baee805
193,27356.19579304157,3.4195244741301964,0x89e6268db04ad02c3ea19a38edb0e82d2b87f1f5,2017-10-29T12:10:30.000Z,0.000125,0xfd0fe438cf033aab2a6998a95f2614d231ab8e04,sell,0x744d70fdbe2ba4cf95131626614a1763df805b9e,0x314d290af4e73903787905872ddbb160a3a616030d8aa0da4748830b87292fb7
194,5865.225619469026,0.7331532024336284,0x89e6268db04ad02c3ea19a38edb0e82d2b87f1f5,2017-10-29T12:04:52.000Z,0.000125,0xda79f2b9db7ae9fc5e308e81dc1e1992245c4b41,sell,0x744d70fdbe2ba4cf95131626614a1763df805b9e,0x414b71288fcd54751968094f116c0f3772335e121c1c3072d2c90240e1d67b57
195,1831.3425084932617,0.24922740198084797,0x23012f74de1adbb749e9414a42de477a3b266c56,2017-10-29T09:55:14.000Z,0.00013608999999999998,0xda79f2b9db7ae9fc5e308e81dc1e1992245c4b41,buy,0x744d70fdbe2ba4cf95131626614a1763df805b9e,0x56724557dafd48e5d65a745be43aab04a01841cb62c65c2936d1cc7a68071b3f
196,346.89462665736215,0.04474940683879972,0x0bbb57db57004f00d88a6d115689eb0b645a0f0e,2017-10-29T07:46:17.000Z,0.000129,0xc672c403bffd9e7a86d896355c4ea728897a067f,sell,0x744d70fdbe2ba4cf95131626614a1763df805b9e,0x2d5505a9931409f19ef3b9faf6453cfcb525abe56d5cc87651ad81197285ba2f
197,400,0.054992,0x0bbb57db57004f00d88a6d115689eb0b645a0f0e,2017-10-29T05:23:51.000Z,0.00013748,0x80e6dfc0b3a414ea89d6bad97a5538c93fec2602,buy,0x744d70fdbe2ba4cf95131626614a1763df805b9e,0xde625c570b7a4330bfdda572c10183196700796fd4e1ed6fb97215403db7602f
198,11698.733924833017,1.400221463463264,0xda79f2b9db7ae9fc5e308e81dc1e1992245c4b41,2017-10-29T05:05:08.000Z,0.00011969000000000001,0xa5971a6ff484d84ec7b7f2fcf365c52d8c91e02e,sell,0x744d70fdbe2ba4cf95131626614a1763df805b9e,0x862eafad89293efcb6d926bd1265ede570b4eee1b776c96c1a24cb8e83bdda77
199,2900,0.399678,0xa36334b0909ab194b9ddb9689bfde7f6b2332220,2017-10-29T04:49:17.000Z,0.00013781999999999998,0xda79f2b9db7ae9fc5e308e81dc1e1992245c4b41,buy,0x744d70fdbe2ba4cf95131626614a1763df805b9e,0xbe2c9c63e12bae23de1ff45eec5f8b3adaab9c320af29ea70ec9be1924f83531
200,325,0.0447915,0xa36334b0909ab194b9ddb9689bfde7f6b2332220,2017-10-29T04:46:21.000Z,0.00013781999999999998,0xda79f2b9db7ae9fc5e308e81dc1e1992245c4b41,buy,0x744d70fdbe2ba4cf95131626614a1763df805b9e,0x96ddc01b5bea7de94a173c4fb6b0405ace7ea1746988d9b08934ebc9417391a7
201,1993.8091915063303,0.23416092668726946,0x254fb89e4cab71708eaab16e067ca8156a38e18a,2017-10-29T00:57:23.000Z,0.000117444,0xd5d299c4bc8b09015e5d5784743e2e64de0f9fe3,sell,0x744d70fdbe2ba4cf95131626614a1763df805b9e,0x97ec222f39d393b601d4fa3f8a346da97e9fedc2ecd76fa17e4e4ec26c89317b
202,700,0.097657,0xc1187d152cfacbf853ecc43bda111ff48b4423ee,2017-10-29T00:36:19.000Z,0.00013951,0xda79f2b9db7ae9fc5e308e81dc1e1992245c4b41,buy,0x744d70fdbe2ba4cf95131626614a1763df805b9e,0x979c23a28e1449788886740f7d9e3b172f98d27757d34ee5dedad7fc6a4c2194
203,35,0.0049,0x92d3ed39d77c4a667d2a193dd9b946ac8fedf94f,2017-10-29T00:27:54.000Z,0.00014,0x61288825e371079a1e301037f2c1f18e59fb7c58,sell,0x744d70fdbe2ba4cf95131626614a1763df805b9e,0x43f600a92d38296ae468921035225862d8580f803058d23d202d39683cfadbc3
204,309.4727893669928,0.0363457222744171,0x254fb89e4cab71708eaab16e067ca8156a38e18a,2017-10-29T00:24:10.000Z,0.000117444,0xf6fb7a4de4bf4bc746783abc63000b0148dac855,sell,0x744d70fdbe2ba4cf95131626614a1763df805b9e,0x5e8d06a5adf32097c181eadc5f1d0f8317cc67085cd8fb36f09fb9d0b8478203
205,0.49675773744303087,0.000069269885940006,0x23012f74de1adbb749e9414a42de477a3b266c56,2017-10-28T23:34:51.000Z,0.000139444,0x254fb89e4cab71708eaab16e067ca8156a38e18a,buy,0x744d70fdbe2ba4cf95131626614a1763df805b9e,0xa5fe69d22de8173c30cef20528491c7c4df793b5d24543765fb40574a09dc3e4
206,4982.9768642909885,0.6948462258641925,0x23012f74de1adbb749e9414a42de477a3b266c56,2017-10-28T23:33:35.000Z,0.000139444,0x254fb89e4cab71708eaab16e067ca8156a38e18a,buy,0x744d70fdbe2ba4cf95131626614a1763df805b9e,0xc1746df155f7a9327f68d9c30fe5b71db6e9f018d26aa4e0a8b9dbf5c1053b67
207,3.597122302158273,0.0005,0xe444a40689f51f63bcd29910622035707d533d29,2017-10-28T21:01:43.000Z,0.000139,0xf5d45ca0532008fbc09d8667778427eae9164c6d,buy,0x744d70fdbe2ba4cf95131626614a1763df805b9e,0x20174e70757eef446b778afda6f25696cd4accf08b1bcc346c2dc9b8880d8168
208,3.597122302158273,0.0005,0x34f9560c63078eb61872a4dc2ccd20e21c34feaf,2017-10-28T21:00:58.000Z,0.000139,0xf5d45ca0532008fbc09d8667778427eae9164c6d,buy,0x744d70fdbe2ba4cf95131626614a1763df805b9e,0x2763ea10d9c30e6b86104203780c270fd6c396cbbf368b11177bda0f0c0b030e
209,4149.676083589438,0.48642918019443754,0x3dee4a4e076e8d82859d241db0baf46f112cfa23,2017-10-28T19:19:36.000Z,0.000117221,0x799671dd187ac29ae1f50f75e3e3fec2282471d7,sell,0x744d70fdbe2ba4cf95131626614a1763df805b9e,0x1725ea30f1c8f1ff0c30ee89d9c1c5905c251aab050587289de4efae6519003f
210,5820,0.698982,0x72515452db16e9cdc1e6f1841fc6e07fab81c195,2017-10-28T19:18:30.000Z,0.0001201,0x799671dd187ac29ae1f50f75e3e3fec2282471d7,sell,0x744d70fdbe2ba4cf95131626614a1763df805b9e,0xa1833a8151741fe8c5a2d8e895e9c2fcde505f3925f7cbbf96beaef58c3af49c
211,0.7944856539384473,0.000095441561607625,0xda79f2b9db7ae9fc5e308e81dc1e1992245c4b41,2017-10-28T19:11:28.000Z,0.00012012999999999915,0x799671dd187ac29ae1f50f75e3e3fec2282471d7,sell,0x744d70fdbe2ba4cf95131626614a1763df805b9e,0x6e3cebe55c667d2a6afa418c7e0a0124ad6fd465be7989fddf7c387ceb6fbf3c
212,17.797455113038193,0.002491643715825347,0x23012f74de1adbb749e9414a42de477a3b266c56,2017-10-28T17:21:13.000Z,0.00014,0x0ccecf5195c26f5452ee88ab20607530bafed1cb,buy,0x744d70fdbe2ba4cf95131626614a1763df805b9e,0x29e0d58bd7ef49d8ac9bebcb35f606386e1c3910dd9d9f34bd74fc592353b663
213,424.6566918072494,0.05732865339397867,0x23012f74de1adbb749e9414a42de477a3b266c56,2017-10-28T17:20:48.000Z,0.000135,0x3dbc1e0968ce57611805e0ee8ea2262c728a68e5,buy,0x744d70fdbe2ba4cf95131626614a1763df805b9e,0xb64cac61521348e80bb0ce54b4c4a4bb71921525647ec25e8d0704863370d570
214,147.69030819275062,0.01993819160602133,0xb3296c5912cddf8af6b89deaebe2958aa8ce42d2,2017-10-28T17:00:03.000Z,0.000135,0x3dbc1e0968ce57611805e0ee8ea2262c728a68e5,buy,0x744d70fdbe2ba4cf95131626614a1763df805b9e,0x50f175dc1ee40602b1661a99a02e27141c61e5930c5b73a8ddec2d8d8e050852
215,3462.9025086858665,0.41804159084855785,0xda79f2b9db7ae9fc5e308e81dc1e1992245c4b41,2017-10-28T16:57:06.000Z,0.00012072000000000001,0x1ed014aec47fae44c9e55bac7662c0b78ae61798,sell,0x744d70fdbe2ba4cf95131626614a1763df805b9e,0xadb86fb49004f1a9e8231f3dad92dfa5e6fe39a151fbfac1ad27b8fe5816d208
216,0.5118217863174714,0.000071655050084446,0x23012f74de1adbb749e9414a42de477a3b266c56,2017-10-28T16:11:46.000Z,0.00014,0x0ccecf5195c26f5452ee88ab20607530bafed1cb,buy,0x744d70fdbe2ba4cf95131626614a1763df805b9e,0x7b75d5e3888ba30b53409cd331920e54d5939d01ad462f57646bbb5ad52c86ea
217,5134.084338550493,0.7187718073970691,0x23012f74de1adbb749e9414a42de477a3b266c56,2017-10-28T16:09:22.000Z,0.00014,0x0ccecf5195c26f5452ee88ab20607530bafed1cb,buy,0x744d70fdbe2ba4cf95131626614a1763df805b9e,0xf6f4aebd12e4059cd501172e79caa673bd2449bfeee3f67bfd6a59ae7e33a4a8
218,18592.363672614894,2.4170072774399363,0x6c0f58ad4eb24da5769412bf34ddee698c4d185b,2017-10-28T16:07:09.000Z,0.00013,0xb3d98d091d3229291823fcb828446f7e7f780a14,sell,0x744d70fdbe2ba4cf95131626614a1763df805b9e,0xce4a182c69f5517987ec73e78752e15259e208844252b3391d60e26d1edea67a
219,1230,0.16605,0x409912f1883cf31b14716adef03fa05c344d4328,2017-10-28T16:05:09.000Z,0.000135,0xbaccfcfded9fcea89a5294cafdfb56e3284b2ba6,sell,0x744d70fdbe2ba4cf95131626614a1763df805b9e,0xf112ae7c04a4024787c3b902bebed057477bb8bc6508210ffffd4dcefb59cd8f
220,52.24,0.0073136,0xc99da0fbbad72a2b100a40c90f46475d92f8f04f,2017-10-28T15:49:02.000Z,0.00014,0xbc0945c667fadc26b9bf39e586b15eeb901e7d1c,sell,0x744d70fdbe2ba4cf95131626614a1763df805b9e,0xe4313957c7015da231706d639db7924cb8ab7eca1940517aeab842430b02d3de
221,10000,1.4,0x23012f74de1adbb749e9414a42de477a3b266c56,2017-10-28T15:30:04.000Z,0.00014,0x0ccecf5195c26f5452ee88ab20607530bafed1cb,buy,0x744d70fdbe2ba4cf95131626614a1763df805b9e,0x3f438d29f00b77cc090fe842bbfe82c2994e3f15a493567521330e55698bfd2e
222,2600,0.364,0xc99da0fbbad72a2b100a40c90f46475d92f8f04f,2017-10-28T15:23:28.000Z,0.00014,0x0ccecf5195c26f5452ee88ab20607530bafed1cb,sell,0x744d70fdbe2ba4cf95131626614a1763df805b9e,0xb064be173ceed2a675d42bcc8c86b26964b6078ce0bd3423b2ad35fd4020006c
223,1000,0.14,0x23012f74de1adbb749e9414a42de477a3b266c56,2017-10-28T15:14:51.000Z,0.00014,0x9d397615d90b791d4bc088484964e04dcf130804,buy,0x744d70fdbe2ba4cf95131626614a1763df805b9e,0xbfc98b196286eacdec5f287871872be6c6f0dbe2d61a2cf2c8b959b59611d291
224,1000,0.14,0x23012f74de1adbb749e9414a42de477a3b266c56,2017-10-28T15:14:02.000Z,0.00014,0x254fb89e4cab71708eaab16e067ca8156a38e18a,buy,0x744d70fdbe2ba4cf95131626614a1763df805b9e,0x1ac5246a34c07754f7cc28a17dd42c7306a14f6f2c8a83a51bd2286898202b3b
225,155.16972780861755,0.021723746376233675,0x23012f74de1adbb749e9414a42de477a3b266c56,2017-10-28T15:13:09.000Z,0.0001399999,0x254fb89e4cab71708eaab16e067ca8156a38e18a,buy,0x744d70fdbe2ba4cf95131626614a1763df805b9e,0x3c500db21cdd8eefa743fd1a819ee90d81b2e26025bda0ec30c4ba1c69ac1e7a
226,1106.801859689819,0.14388424175967646,0x6c0f58ad4eb24da5769412bf34ddee698c4d185b,2017-10-28T15:01:16.000Z,0.00013,0x3c7f1d234d85a3edeb7209cd173f91b08e347c48,sell,0x744d70fdbe2ba4cf95131626614a1763df805b9e,0xae9c59eed471db013b8b182ffb0f0a874aff303920df28fddd05329037ee6f61
227,844.8302721913825,0.11827615362376633,0xc0cc4f467e1b5c43ee536b9f21cd5f9a2d2be4ad,2017-10-28T14:54:38.000Z,0.0001399999,0x254fb89e4cab71708eaab16e067ca8156a38e18a,buy,0x744d70fdbe2ba4cf95131626614a1763df805b9e,0x6cc7ae3e8a6792155f3a68c5b4dc0f7f8e0739ffba0a56e3b81c74b821eff29b
228,844.8302721913825,0.11827615362376633,0xc0cc4f467e1b5c43ee536b9f21cd5f9a2d2be4ad,2017-10-28T14:54:17.000Z,0.0001399999,0x254fb89e4cab71708eaab16e067ca8156a38e18a,buy,0x744d70fdbe2ba4cf95131626614a1763df805b9e,0x6cc7ae3e8a6792155f3a68c5b4dc0f7f8e0739ffba0a56e3b81c74b821eff29b
229,158.80411208228105,0.020644534570696534,0x6c0f58ad4eb24da5769412bf34ddee698c4d185b,2017-10-28T14:03:40.000Z,0.00013,0xf2b1fdc974a80ae077f285421eb39e10403fb1f2,sell,0x744d70fdbe2ba4cf95131626614a1763df805b9e,0x3eda54ea7927b40212bf0a0d939c6d07954159fe6b6f97ecb47c2f96d2c58d02
230,2400,0.3348,0x31df6b9b0ec0403d9efd4fc1cb48eb34305dd7e8,2017-10-28T12:11:26.000Z,0.0001395,0x583b640795999aa2bb22c1a62a91336ff9d325bb,buy,0x744d70fdbe2ba4cf95131626614a1763df805b9e,0xeef9d1fa79bcfbe0851ca2ebd8f4ba128141022c87d10b9d0bdc96822b20f8e7
231,6450,0.8995814999999999,0xdae0f700e51c3bd43a522fada636ed00c71c852e,2017-10-28T11:46:15.000Z,0.00013947,0xda79f2b9db7ae9fc5e308e81dc1e1992245c4b41,buy,0x744d70fdbe2ba4cf95131626614a1763df805b9e,0xd446004183fb8a4302e6044fb43829090341c9792da001ce05563310a3fc4a70
232,156.9374058886682,0.01898942611252885,0xf2b1fdc974a80ae077f285421eb39e10403fb1f2,2017-10-28T11:00:21.000Z,0.00012099999999999999,0xf883f6a1020cd670ad52ead782db641b7a354857,sell,0x744d70fdbe2ba4cf95131626614a1763df805b9e,0x57f552c6e5d9a73e6abfe4aec847c8f12acb737bdcc85468e6741ba37cd17b36
233,1388.0250000000003,0.19432350000000004,0xe5627b010caf3e08db4e91b6bce5ca472e579a7d,2017-10-28T10:37:38.000Z,0.00014,0xda79f2b9db7ae9fc5e308e81dc1e1992245c4b41,sell,0x744d70fdbe2ba4cf95131626614a1763df805b9e,0x38364a3878bd7e939a67c016ef4c659f11e9bd766231745742d17c5eb1720dfb
234,4773.175210698551,0.6682445294977971,0xe5627b010caf3e08db4e91b6bce5ca472e579a7d,2017-10-28T10:29:14.000Z,0.00014,0x9778550d76b07ac9f5e57392f68ecdf6efc1774e,sell,0x744d70fdbe2ba4cf95131626614a1763df805b9e,0x3bbe35ba63f0397db21a1992d09724a95bbdd1772d974765d94e5933906229e7
235,1.9405086023979263,0.000271671204335709,0xe5627b010caf3e08db4e91b6bce5ca472e579a7d,2017-10-28T10:28:50.000Z,0.00013999999999999964,0x1d5321e125f6c7079a716705541c7b371ca79e69,sell,0x744d70fdbe2ba4cf95131626614a1763df805b9e,0x3119221436c983df4f0143281ac2e1774f954415aa14bbc2c0935ea75bc6a667
236,1.9463301282051202,0.000242901999999999,0x1d5321e125f6c7079a716705541c7b371ca79e69,2017-10-28T10:28:50.000Z,0.0001248,0x6c36f3c98a409911a148272740b32ba5a64ee5b1,buy,0x744d70fdbe2ba4cf95131626614a1763df805b9e,0x3119221436c983df4f0143281ac2e1774f954415aa14bbc2c0935ea75bc6a667
237,3560.7462111198943,0.4985044695567852,0xee4a25bb926bfac719f7bf00bfa155772b802f6d,2017-10-28T10:27:26.000Z,0.00014,0xbaccfcfded9fcea89a5294cafdfb56e3284b2ba6,buy,0x744d70fdbe2ba4cf95131626614a1763df805b9e,0xc3005fd52c7f0dfd347b4a5ffa0515ab268fe499a01aec06e1f7233a2c7fe9f3
238,9900,1.386,0x23012f74de1adbb749e9414a42de477a3b266c56,2017-10-28T10:07:14.000Z,0.00014,0xbaccfcfded9fcea89a5294cafdfb56e3284b2ba6,buy,0x744d70fdbe2ba4cf95131626614a1763df805b9e,0x6ce76c12b5d240cf5d8439cde83cd689f50876e1cc6228bcd0f8f952fc481022
239,153.5109515296329,0.02132267116746601,0x23012f74de1adbb749e9414a42de477a3b266c56,2017-10-28T10:04:22.000Z,0.0001389,0x0071d48f86eeb80784fd7210dd1337e8b41da028,buy,0x744d70fdbe2ba4cf95131626614a1763df805b9e,0xf86ca34e2dd963ab694fa7b1cc026869f12d036bd8741f6262871eca228958b6
240,646.489048470367,0.089797328832534,0x2f49fe5bd23c7d1f97b1e1b18a403a19f42086c5,2017-10-28T09:49:00.000Z,0.0001389,0x0071d48f86eeb80784fd7210dd1337e8b41da028,buy,0x744d70fdbe2ba4cf95131626614a1763df805b9e,0xc72e108409afc8f4ff6da2624e4afedf21075e9e57a13770602244b1b3f93af3
241,700,0.09723,0x6dc8a351ce571992b0d4f86becce5a9b5bf9fa1e,2017-10-28T09:15:36.000Z,0.0001389,0x0071d48f86eeb80784fd7210dd1337e8b41da028,buy,0x744d70fdbe2ba4cf95131626614a1763df805b9e,0x2966e80cc57f1ce41cec5d376d912753ed14123bbd37aeadb6f2b3b9bf855acf
242,8498.053669871795,1.060557098,0x73b7424a32b34806f9ba10129843ce9cc3069397,2017-10-28T08:21:25.000Z,0.0001248,0x6c36f3c98a409911a148272740b32ba5a64ee5b1,buy,0x744d70fdbe2ba4cf95131626614a1763df805b9e,0x2524d71c2a5601f851185e0ea6a1bf9647b7e4036cb20d2198bf239733367baf
243,1408.1119998394347,0.1753944307,0x73b7424a32b34806f9ba10129843ce9cc3069397,2017-10-28T08:21:25.000Z,0.00012456,0x0071d48f86eeb80784fd7210dd1337e8b41da028,buy,0x744d70fdbe2ba4cf95131626614a1763df805b9e,0x2524d71c2a5601f851185e0ea6a1bf9647b7e4036cb20d2198bf239733367baf
244,91.88795409850518,0.011445563562509803,0x58ad6261e08a6ba21346690fd69eda41a6b93e3a,2017-10-28T08:13:03.000Z,0.00012456,0x0071d48f86eeb80784fd7210dd1337e8b41da028,buy,0x744d70fdbe2ba4cf95131626614a1763df805b9e,0xaab00f640ada7169b9afe03c7495d5e7135dfadbf248248e3d18b974c1535df4
245,1600,0.195184,0xe809d458ea42a11be877d91929280a798a17cea0,2017-10-28T07:38:47.000Z,0.00012199,0x0071d48f86eeb80784fd7210dd1337e8b41da028,buy,0x744d70fdbe2ba4cf95131626614a1763df805b9e,0x697e8b02532a204bd638aaf307f9a9ae4ad0947772d891eedbb2e6dd12bf4000
246,1410,0.1691859,0xe809d458ea42a11be877d91929280a798a17cea0,2017-10-28T07:35:31.000Z,0.00011999,0x0071d48f86eeb80784fd7210dd1337e8b41da028,buy,0x744d70fdbe2ba4cf95131626614a1763df805b9e,0xb2eeb490bd1e7365754c063308a44f6ab120a0905f6ac89e3bed08dc5de6931a
247,90,0.0107991,0xb68599528b69bd8030b08297207ab3f032b2f7b2,2017-10-28T07:16:45.000Z,0.00011999,0x0071d48f86eeb80784fd7210dd1337e8b41da028,buy,0x744d70fdbe2ba4cf95131626614a1763df805b9e,0xa1b08d850bec875aad405a276abb21f8827b2fa667b613be9f87e72fce32b4de
248,12.141852182863003,0.001416468475652797,0x98cc968b491a5e18a20f9c221c278558f586d0d9,2017-10-28T06:35:01.000Z,0.00011665999999999992,0x742097391f52639b70b68909d58c7a77e37ffd4f,sell,0x744d70fdbe2ba4cf95131626614a1763df805b9e,0xf5d37c28d9eed660cc8e0defe8966eaf5367912e4ced94bebfd3974bea5fcb3c
249,10000,1.1888,0x73b7424a32b34806f9ba10129843ce9cc3069397,2017-10-28T06:24:23.000Z,0.00011888,0xbc0945c667fadc26b9bf39e586b15eeb901e7d1c,buy,0x744d70fdbe2ba4cf95131626614a1763df805b9e,0xcee1155138c0fe225ce10a8a90f771d47546453886986d35e20499428a7c61f3
250,10527.82050807537,1.251547302,0x73b7424a32b34806f9ba10129843ce9cc3069397,2017-10-28T06:24:23.000Z,0.00011888,0x742097391f52639b70b68909d58c7a77e37ffd4f,buy,0x744d70fdbe2ba4cf95131626614a1763df805b9e,0xcee1155138c0fe225ce10a8a90f771d47546453886986d35e20499428a7c61f3
251,271.15940584189013,0.0316334562855149,0x98cc968b491a5e18a20f9c221c278558f586d0d9,2017-10-28T06:09:23.000Z,0.00011665999999999998,0x13d5d590be45f86e1c1297073951ad7abfb746e4,sell,0x744d70fdbe2ba4cf95131626614a1763df805b9e,0x828a36c9928a3f58c69913ec37ae97502ff1977beb732fa8d49cf726f9e1b14d
252,11.46,0.00134655,0x6c723da0e2243be0d60a23801c00039b98ce35d6,2017-10-28T03:04:13.000Z,0.0001175,0x91b954a40361be8f54a2f727c9b38c34e8611009,buy,0x744d70fdbe2ba4cf95131626614a1763df805b9e,0xbe8e6c96d78ee69dc2a3d709b5d9495d26d0a937023972cfe3c8c86f2058d872
253,22.150739756557517,0.0025841053,0x6c723da0e2243be0d60a23801c00039b98ce35d6,2017-10-28T03:04:13.000Z,0.00011666,0x9c7ad45000cc1657673e7ebc12b8a4da316fa087,buy,0x744d70fdbe2ba4cf95131626614a1763df805b9e,0x649858cee0f4ae7d1cc2bc0f48ec55a0ff891bad0159bd7090fdc90147e8da7b
254,1500,0.176655,0x6c723da0e2243be0d60a23801c00039b98ce35d6,2017-10-28T03:04:13.000Z,0.00011777,0x0071d48f86eeb80784fd7210dd1337e8b41da028,buy,0x744d70fdbe2ba4cf95131626614a1763df805b9e,0xe8dae5a5e3e031421b33426e7287190fd1514a8c9aa9bfdf33ce8d299bed0e1c
255,2895.857,0.34098716175,0x6c723da0e2243be0d60a23801c00039b98ce35d6,2017-10-28T03:03:20.000Z,0.00011775,0xe855ed42dcfacdc8d30ef62dddffcc4188801194,buy,0x744d70fdbe2ba4cf95131626614a1763df805b9e,0xf9abe3547388ce07ce30686362d861f735c378bbd58af3ad3b53ceb2fab461fd
256,30631.271249785703,3.573444104,0x73b7424a32b34806f9ba10129843ce9cc3069397,2017-10-28T02:43:36.000Z,0.00011666,0x9c7ad45000cc1657673e7ebc12b8a4da316fa087,buy,0x744d70fdbe2ba4cf95131626614a1763df805b9e,0xf60880b7f2bf3c9a6790b106c5bdb712bf690d21984e4e4b33903b513b924212
257,31271.557771110158,3.647827214,0x73b7424a32b34806f9ba10129843ce9cc3069397,2017-10-28T02:43:15.000Z,0.00011665,0x86a4e49965f57a4d79434e599c26d55953bef3b5,buy,0x744d70fdbe2ba4cf95131626614a1763df805b9e,0xc28090df5e094a8af4337d18d0fe5c5f3b43fc777ed358004d87f41a3db5eacd
258,4446.578010457741,0.5187377907,0x73b7424a32b34806f9ba10129843ce9cc3069397,2017-10-28T02:43:15.000Z,0.00011666,0x9c7ad45000cc1657673e7ebc12b8a4da316fa087,buy,0x744d70fdbe2ba4cf95131626614a1763df805b9e,0xc28090df5e094a8af4337d18d0fe5c5f3b43fc777ed358004d87f41a3db5eacd
259,35728.44222888984,4.167722786,0x73b7424a32b34806f9ba10129843ce9cc3069397,2017-10-28T02:42:24.000Z,0.00011665,0x86a4e49965f57a4d79434e599c26d55953bef3b5,buy,0x744d70fdbe2ba4cf95131626614a1763df805b9e,0x832d5f1215e284a8fe0e88b6c33d882596c01e8264d86c605e61bcf44bf63600
260,1854.251819359984,0.19274947662247038,0xda79f2b9db7ae9fc5e308e81dc1e1992245c4b41,2017-10-28T02:25:48.000Z,0.00010395,0x579790e999ed9e3c26ddbcf2ff66ca630bbb4571,sell,0x744d70fdbe2ba4cf95131626614a1763df805b9e,0xb21ebe6530cbf31f9b16af858af90a1322541c379b2f18456fb3a8a6eacd466f
261,100,0.011666,0x6ce82bec02679183685f18cf2969e5702fb7e72a,2017-10-27T23:27:39.000Z,0.00011666,0x9c7ad45000cc1657673e7ebc12b8a4da316fa087,buy,0x744d70fdbe2ba4cf95131626614a1763df805b9e,0xe4b895b50ff35f15a45ad376129d4acadbfddb7fa46c92dc74550be3deeafa83
262,63,0.0074025,0x2a6e0891e20e6746db8f596fd6b70bbe88aa73b2,2017-10-27T21:18:48.000Z,0.0001175,0x91b954a40361be8f54a2f727c9b38c34e8611009,buy,0x744d70fdbe2ba4cf95131626614a1763df805b9e,0xf94f67913e97bf00f4d8d277d99a8b5a2c12502f221efc21f7c50462e949540f
263,10000,1.1775,0x44acb7665310fe891686f68dd19df0225a274a41,2017-10-27T20:56:50.000Z,0.00011775,0xe855ed42dcfacdc8d30ef62dddffcc4188801194,buy,0x744d70fdbe2ba4cf95131626614a1763df805b9e,0x81816bbd0afaac8ae61bd211b0f7284619f79519389198f88730f933674563af
264,0.050795678645923485,0.000005925823870833,0x98cc968b491a5e18a20f9c221c278558f586d0d9,2017-10-27T20:38:05.000Z,0.00011665999999999145,0x6e1e10175b9145bb887ac78fff35fabea2dfff6d,sell,0x744d70fdbe2ba4cf95131626614a1763df805b9e,0x9d05d9b0d8df00c377ebdfc0921c706ee04e17da7ed71bab0d75abda563ab936
265,509.5314524972585,0.059441939248330175,0x98cc968b491a5e18a20f9c221c278558f586d0d9,2017-10-27T20:36:09.000Z,0.00011665999999999998,0x6e1e10175b9145bb887ac78fff35fabea2dfff6d,sell,0x744d70fdbe2ba4cf95131626614a1763df805b9e,0xc55b417afaf5e49417ddba434466c7c24cea7b989d04355f74c7d557149efe0f
266,1425,0.1662405,0x9686b715c13a005c20ecc30b0bbc3e15e4203ac0,2017-10-27T17:23:23.000Z,0.00011666,0x0071d48f86eeb80784fd7210dd1337e8b41da028,buy,0x744d70fdbe2ba4cf95131626614a1763df805b9e,0x8f018c3a15a65984a01421c696832344da765e15d52463d9f9fd428802d6c6e3
267,75,0.0087495,0xb8c4d3c48fd783800efae55dfcef124e7b4f56c9,2017-10-27T16:25:09.000Z,0.00011666,0x0071d48f86eeb80784fd7210dd1337e8b41da028,buy,0x744d70fdbe2ba4cf95131626614a1763df805b9e,0x4889f90bd1240ff4b26de42cd1b312ccff6fba6b481b3a463b7c45a988acbc98
268,10003.947807216557,1.1846674993305846,0x23012f74de1adbb749e9414a42de477a3b266c56,2017-10-27T10:44:34.000Z,0.00011842,0x583b640795999aa2bb22c1a62a91336ff9d325bb,buy,0x744d70fdbe2ba4cf95131626614a1763df805b9e,0xde5506f5950bef6d466133b5c8cf514aab8975a3bd0370efe7c4662e66f8ab4d
269,1405,0.16579,0x23012f74de1adbb749e9414a42de477a3b266c56,2017-10-27T09:29:50.000Z,0.000118,0xd84c3a30b1c244b6b4ddd17b4cc1e6eaa03f4cb8,buy,0x744d70fdbe2ba4cf95131626614a1763df805b9e,0x0f64b0e8aef5b54fb55920bd981d1ab45b0032c4d383e604c9e3f0c73a0bd767
270,11647.535,1.3799999468,0x23012f74de1adbb749e9414a42de477a3b266c56,2017-10-27T09:24:29.000Z,0.00011847999999999999,0xda79f2b9db7ae9fc5e308e81dc1e1992245c4b41,buy,0x744d70fdbe2ba4cf95131626614a1763df805b9e,0xa5b3f085a3f8ff70bf13cb710cd81502b9f77251ff9e4f133f1aa8227787a8cb
271,1405,0.15455,0xd84c3a30b1c244b6b4ddd17b4cc1e6eaa03f4cb8,2017-10-27T06:26:05.000Z,0.00011,0xbaccfcfded9fcea89a5294cafdfb56e3284b2ba6,sell,0x744d70fdbe2ba4cf95131626614a1763df805b9e,0x1d2f3813c496ea294814c99e3c373e648bfae9d6a3455ca0f9f3a620530b69ae
272,3.881900118762835,0.000389471038915475,0xda79f2b9db7ae9fc5e308e81dc1e1992245c4b41,2017-10-27T05:34:32.000Z,0.00010032999999999994,0x19615670e465841c4413a475811cd1683b19f194,sell,0x744d70fdbe2ba4cf95131626614a1763df805b9e,0x387d255e6ac9498774cd05e28cfd265505ac692e197ff56dff9497d3dcacc6a8
273,38939.34009131,3.8939340091309997,0x739c5f6d73d483705a08f9a52c7cd61c7933573e,2017-10-27T05:30:58.000Z,0.00009999999999999999,0x19615670e465841c4413a475811cd1683b19f194,sell,0x744d70fdbe2ba4cf95131626614a1763df805b9e,0xf4b83179a16d33ba38e36e127b737c4232a7d9c2bc6f7a810e18e5e032d64e15
274,4520.693,0.45347071483,0xda79f2b9db7ae9fc5e308e81dc1e1992245c4b41,2017-10-27T05:29:51.000Z,0.00010031,0x19615670e465841c4413a475811cd1683b19f194,sell,0x744d70fdbe2ba4cf95131626614a1763df805b9e,0x548ad9887352a623224f1f61c09949853c6b844c640bccd09b209cecebb5098b
275,9236.659,0.92652926429,0xda79f2b9db7ae9fc5e308e81dc1e1992245c4b41,2017-10-27T05:28:38.000Z,0.00010031,0x19615670e465841c4413a475811cd1683b19f194,sell,0x744d70fdbe2ba4cf95131626614a1763df805b9e,0x23690cc2eecbaf1879905fb21f30bdda01dcab56c5bca3ef7a5e05f379b50978
276,13746.38873224524,1.3799999648300996,0xda79f2b9db7ae9fc5e308e81dc1e1992245c4b41,2017-10-27T05:19:36.000Z,0.00010039,0x19615670e465841c4413a475811cd1683b19f194,sell,0x744d70fdbe2ba4cf95131626614a1763df805b9e,0x9b876e849f18f3efbe20baf5e302c46033365e3b7d65ebdc8ace02ce1c4197c8
277,0.000350332705650563,0.00000003516990032,0xda79f2b9db7ae9fc5e308e81dc1e1992245c4b41,2017-10-27T05:15:29.000Z,0.00010038999999925779,0x19615670e465841c4413a475811cd1683b19f194,sell,0x744d70fdbe2ba4cf95131626614a1763df805b9e,0xc3f8b82db64b530b2de9528a66d54fb91c4a700648ce04a60053e8a7de6f9050
278,662,0.079432056,0xd2d61801f35b2e97b89721af5b4e0627036d1b9f,2017-10-27T03:58:42.000Z,0.000119988,0xbc0945c667fadc26b9bf39e586b15eeb901e7d1c,buy,0x744d70fdbe2ba4cf95131626614a1763df805b9e,0x5a64e680c9eb9d95ffcb3b224fa8b08518df015f4446769d44b7eba2b5d2e88d
279,980,0.1175891024,0xd2d61801f35b2e97b89721af5b4e0627036d1b9f,2017-10-27T03:56:39.000Z,0.00011998888,0x953d1111662196af36e9d387c0f909e14111fa76,buy,0x744d70fdbe2ba4cf95131626614a1763df805b9e,0xfa93fc9ad17a788110178ddea1dcf72e9e43cc5c1cbd217051f136506e8ac1c1
280,25,0.0029997,0x4060369598c9ceae3178167387a26b885381493e,2017-10-27T00:47:37.000Z,0.000119988,0xbc0945c667fadc26b9bf39e586b15eeb901e7d1c,buy,0x744d70fdbe2ba4cf95131626614a1763df805b9e,0x68ac6b60d578590bc59f16daae4c03bc9f1bc8fd56fed4042fc6d289abc739ae
281,8.334166750008334,0.001,0x4a57d0208164a1c1c63c75395dc444428a07b50a,2017-10-26T23:43:15.000Z,0.000119988,0xbc0945c667fadc26b9bf39e586b15eeb901e7d1c,buy,0x744d70fdbe2ba4cf95131626614a1763df805b9e,0x04d08a7d230941be9b4088953cf32056363182d2f1667455f1ca78c6ca83a25d
282,0,0,0x3130657e153164cf234eaabec6925d17e5153455,2017-10-26T20:20:44.000Z,NaN,0x4a57d0208164a1c1c63c75395dc444428a07b50a,sell,0x744d70fdbe2ba4cf95131626614a1763df805b9e,0x20d6116a8c0097e6fbb9f4042bd360146d335d1327b05f85c1111ad7a7ff2e66
283,3333,0.4116255,0x3130657e153164cf234eaabec6925d17e5153455,2017-10-26T20:19:03.000Z,0.0001235,0x848b1b8457ade1da0e6b2851320857b33f97e0e2,buy,0x744d70fdbe2ba4cf95131626614a1763df805b9e,0xe5c02e4b03fecf112f1dcdb2a5bc968191a73714acefcb8e4c51c903b2578f79
284,0,0,0x3130657e153164cf234eaabec6925d17e5153455,2017-10-26T20:18:41.000Z,NaN,0x4a57d0208164a1c1c63c75395dc444428a07b50a,sell,0x744d70fdbe2ba4cf95131626614a1763df805b9e,0x1c9eae35165e4091b656f0ae1b23ac7edb6430a9158bd45b2976d8d1d46cded6
285,0.000119988,0.419958,0x3130657e153164cf234eaabec6925d17e5153455,2017-10-26T20:18:25.000Z,3500,0x0249924245a19aa2d7f5ddb0739a7132b7d094ab,sell,0x744d70fdbe2ba4cf95131626614a1763df805b9e,0xaba474bc544aea44f55437e45bccc58e13e7b9f5d1f8943696737d0f787c90de
286,14011.327459162538,1.2982896023660009,0xda79f2b9db7ae9fc5e308e81dc1e1992245c4b41,2017-10-26T19:27:26.000Z,0.00009266,0x23f2030563a7bbb9369eea4447eb1475f51b6bdf,sell,0x744d70fdbe2ba4cf95131626614a1763df805b9e,0x907c2c77eab64ebb20911e87b6d7a95357204ab3cebc92fe6445a4167c4c04a9
287,2000,0.23,0x23f2030563a7bbb9369eea4447eb1475f51b6bdf,2017-10-26T18:45:34.000Z,0.000115,0xeae46ec3c5f204697789b090d03d2d2c72791af6,buy,0x744d70fdbe2ba4cf95131626614a1763df805b9e,0x7eb5c852e5eb7fa8ee5270ac7941a6fce34fcb5883a2137f4391bfc3b091d5ff
288,11637.712936414235,1.38,0x23f2030563a7bbb9369eea4447eb1475f51b6bdf,2017-10-26T18:45:28.000Z,0.00011858,0xda79f2b9db7ae9fc5e308e81dc1e1992245c4b41,buy,0x744d70fdbe2ba4cf95131626614a1763df805b9e,0xd0b59c4ca4cacae383e5c442b9b750e4c3f5ee69dc3d0518a7e6f176f6931792
289,417.04963787170686,0.045875460165887755,0x23f2030563a7bbb9369eea4447eb1475f51b6bdf,2017-10-26T18:45:28.000Z,0.00011,0xfc69e7c9afc6454f0a074f4bd7e366a516ea8b67,buy,0x744d70fdbe2ba4cf95131626614a1763df805b9e,0x53187bc2ed33f8a1a953a11634a0866ba269fa4ef0bac9610380ca849a98b9b4
290,52929.079698587644,4.647649559253282,0xf142f26d1cac4ba8a6e6d7974d243eda2fe5f4f9,2017-10-26T14:57:22.000Z,0.000087809,0x0e2719dd750662283ee31715e7987a4f033f293e,buy,0x744d70fdbe2ba4cf95131626614a1763df805b9e,0x98fa4176f76064d6745cb1cdfe6b2b0c50bebff8623141b2a19f321f5ac7d4af
291,52000,4.566068,0x6bad391397f5f6047d3b6752576ee1a4ae3d2927,2017-10-26T14:56:19.000Z,0.000087809,0x0e2719dd750662283ee31715e7987a4f033f293e,buy,0x744d70fdbe2ba4cf95131626614a1763df805b9e,0x1bbc8d972d36e24dbe1f741e567b6dc64fe5083a4709ab43f19421def44e4fb9
292,15124.32670111025,1.3758599999999996,0xda79f2b9db7ae9fc5e308e81dc1e1992245c4b41,2017-10-26T14:56:19.000Z,0.00009097,0x7aa6e2506316f6d613277d4f2f4e4e1dc55e528e,sell,0x744d70fdbe2ba4cf95131626614a1763df805b9e,0x4114dfaa724489ef6ea7899d5a54e0af4561eab52ecf2e6a642471e9262e07f6
293,15169.836209739471,1.332048147741013,0x7aa6e2506316f6d613277d4f2f4e4e1dc55e528e,2017-10-26T14:56:19.000Z,0.000087809,0x0e2719dd750662283ee31715e7987a4f033f293e,buy,0x744d70fdbe2ba4cf95131626614a1763df805b9e,0x4114dfaa724489ef6ea7899d5a54e0af4561eab52ecf2e6a642471e9262e07f6
294,48150.6327376107,4.228058910056858,0xd445f61ebca3d6b4c57eef1f39fdab6595ef8972,2017-10-26T14:55:39.000Z,0.000087809,0x0e2719dd750662283ee31715e7987a4f033f293e,buy,0x744d70fdbe2ba4cf95131626614a1763df805b9e,0x32424af1d05752e18952d0c86fd2266fad6045993f34b56a452d7b2db1e28c9b
295,48006.180839397864,4.320556275545808,0xbaccfcfded9fcea89a5294cafdfb56e3284b2ba6,2017-10-26T14:55:39.000Z,0.00008999999999999999,0xd445f61ebca3d6b4c57eef1f39fdab6595ef8972,sell,0x744d70fdbe2ba4cf95131626614a1763df805b9e,0x32424af1d05752e18952d0c86fd2266fad6045993f34b56a452d7b2db1e28c9b
296,50000,4.53,0xbaccfcfded9fcea89a5294cafdfb56e3284b2ba6,2017-10-26T14:55:04.000Z,0.00009059999999999999,0xd445f61ebca3d6b4c57eef1f39fdab6595ef8972,sell,0x744d70fdbe2ba4cf95131626614a1763df805b9e,0xefa28957cede2d04da2cc7c19f79c4ee359bb70a434f8c9633270f24068068af
297,50150.451354062185,4.403660982948846,0xd445f61ebca3d6b4c57eef1f39fdab6595ef8972,2017-10-26T14:55:04.000Z,0.000087809,0x0e2719dd750662283ee31715e7987a4f033f293e,buy,0x744d70fdbe2ba4cf95131626614a1763df805b9e,0xefa28957cede2d04da2cc7c19f79c4ee359bb70a434f8c9633270f24068068af
298,5000,0.452105,0x6bad391397f5f6047d3b6752576ee1a4ae3d2927,2017-10-26T13:15:41.000Z,0.000090421,0xfc69e7c9afc6454f0a074f4bd7e366a516ea8b67,sell,0x744d70fdbe2ba4cf95131626614a1763df805b9e,0x960be3a6b97e01028cfb24c051e33f9996ae67412ddb3fcd15dc1d37d55ff9af
299,250,0.0275,0xc11fa10cb7c02500223832aa2cf505051be46f32,2017-10-26T13:00:54.000Z,0.00011,0xfc69e7c9afc6454f0a074f4bd7e366a516ea8b67,buy,0x744d70fdbe2ba4cf95131626614a1763df805b9e,0xb9c9a70b09615470d1ca6923481abfb3fae83b4bb7ef299b3db82cf40848ee14
300,1993.8191606021335,0.17944372445419202,0xbaccfcfded9fcea89a5294cafdfb56e3284b2ba6,2017-10-26T12:57:43.000Z,0.00008999999999999999,0xc54920608b1240fc5ee89668dbfd9707eab0ccc5,sell,0x744d70fdbe2ba4cf95131626614a1763df805b9e,0xeb6014fa22874c5725d541117251dee7c73668290dcd710137e2acd7305be8a0
301,6166.882663742399,0.5575478616289503,0xda79f2b9db7ae9fc5e308e81dc1e1992245c4b41,2017-10-26T11:22:11.000Z,0.00009041,0xa81d30697eaf18bc2d0b6a87ec5aa22e0506be42,sell,0x744d70fdbe2ba4cf95131626614a1763df805b9e,0x7ba4ada6e2a754770f0affede6becf557df37bba5ab78467e8800576ce987dcf
302,5000,0.4505,0xfc69e7c9afc6454f0a074f4bd7e366a516ea8b67,2017-10-26T11:20:53.000Z,0.0000901,0xa81d30697eaf18bc2d0b6a87ec5aa22e0506be42,sell,0x744d70fdbe2ba4cf95131626614a1763df805b9e,0xccec409255a5b328e43c48fd24807d5a459f3963e98577e16fdf78cbe8e2633d
303,15000,1.351665,0x3dee4a4e076e8d82859d241db0baf46f112cfa23,2017-10-26T11:20:42.000Z,0.000090111,0xa81d30697eaf18bc2d0b6a87ec5aa22e0506be42,sell,0x744d70fdbe2ba4cf95131626614a1763df805b9e,0x512c72fbc49de66f56ea920d154d29901b16cbef887659bd15021c183a20f2a5
304,99.69095803010667,0.00898315222809291,0xcd3acc6a8725a5c42609783f6fb8486ec43335ea,2017-10-26T09:40:35.000Z,0.00009010999999999999,0x333eede1d8891bddeb6e3797f81bf8283397cd4c,sell,0x744d70fdbe2ba4cf95131626614a1763df805b9e,0x94006c5dbda95c1446507df7f91179cb7e51a6741354a0a62f814ce82e7ea20e
305,400,0.048548,0x1900bc4111f386e538e4befe25076e3f9ae72019,2017-10-26T08:23:00.000Z,0.00012137,0xda79f2b9db7ae9fc5e308e81dc1e1992245c4b41,buy,0x744d70fdbe2ba4cf95131626614a1763df805b9e,0x48f1955a13c38a6178590a51913609bc7a095485bd34b8491d52db2a6a6d7cb5
306,2207.3075413874726,0.21953880806639803,0x23012f74de1adbb749e9414a42de477a3b266c56,2017-10-26T08:09:26.000Z,0.00009946,0x6c36f3c98a409911a148272740b32ba5a64ee5b1,buy,0x744d70fdbe2ba4cf95131626614a1763df805b9e,0x0277e5e9bfaecad2a74908fc0b02f17f600e594850aeb01b0ee478a3730139ac
307,1894.1282025720268,0.1668158708005184,0xda79f2b9db7ae9fc5e308e81dc1e1992245c4b41,2017-10-26T02:00:58.000Z,0.00008807,0x291e14d8f3632d4dc39dca11774537475006cee1,sell,0x744d70fdbe2ba4cf95131626614a1763df805b9e,0x63942553817687d626e45522d8ac73ecb49fb5a5e6f92d779b2218ce5041e7e0
308,30,0.003,0xa7bcdd01cba0eef0b5742d6502e9adbd3ba63174,2017-10-25T23:54:35.000Z,0.0001,0x83e6b5e0b571030839d846656c2a4ebf614862d8,buy,0x744d70fdbe2ba4cf95131626614a1763df805b9e,0xae406351f864d0a9ef82bb307e09fd95dd285fdeae23713e772a12b595439cc9
309,750,0.0675,0xa7bcdd01cba0eef0b5742d6502e9adbd3ba63174,2017-10-25T23:52:30.000Z,0.00009,0x291e14d8f3632d4dc39dca11774537475006cee1,buy,0x744d70fdbe2ba4cf95131626614a1763df805b9e,0x3a5308c248b171014d15ac4a8a6e720786059b21c3ed0f4c35fa95a5c17f8547
310,1470,0.1462062,0xe5c5f7b4e7d4a86da73bb6a3e7fde89a9e8f1041,2017-10-25T21:10:46.000Z,0.00009946,0x6c36f3c98a409911a148272740b32ba5a64ee5b1,buy,0x744d70fdbe2ba4cf95131626614a1763df805b9e,0xf620d98f6bbee49ac64e955a22734e2ddadd8fc9f4592eb2ad6686e1c719e579
311,20,0.00196,0xe5c5f7b4e7d4a86da73bb6a3e7fde89a9e8f1041,2017-10-25T21:09:26.000Z,0.000098,0x83e6b5e0b571030839d846656c2a4ebf614862d8,buy,0x744d70fdbe2ba4cf95131626614a1763df805b9e,0x0e06d3eb2d20db031f0a1369e9afeeb93ec281691a78d6241b3921ff88c50d2b
312,10.667,0.001045366,0xe5c5f7b4e7d4a86da73bb6a3e7fde89a9e8f1041,2017-10-25T21:08:14.000Z,0.000098,0x117878fc423b0f7352db9e2a2d022df2e7427053,buy,0x744d70fdbe2ba4cf95131626614a1763df805b9e,0x3220d3c333ea577b59fe180edb6f61acacf6af767b06a31e01916bed774d71f8
313,4976.097862345113,0.4949226933888449,0x23012f74de1adbb749e9414a42de477a3b266c56,2017-10-25T21:05:56.000Z,0.00009946,0x6c36f3c98a409911a148272740b32ba5a64ee5b1,buy,0x744d70fdbe2ba4cf95131626614a1763df805b9e,0x11ecac0f6244772824a5a63d2a28cca309c449243ed265137a5734ae385f967b
314,140.22,0.01360134,0x23012f74de1adbb749e9414a42de477a3b266c56,2017-10-25T21:03:31.000Z,0.000097,0x3c3aef0043c8629556d0b20425aca08a1509d1dc,buy,0x744d70fdbe2ba4cf95131626614a1763df805b9e,0x078e4027f40964d92b1f72eaa181726715e05a86df57cae9abfb3042fefccd44
315,101.75650960159018,0.009870381431354247,0xc8aa2f1cfee78848fd31cea466fc83b5253665a2,2017-10-25T20:07:09.000Z,0.000097,0x3c3aef0043c8629556d0b20425aca08a1509d1dc,buy,0x744d70fdbe2ba4cf95131626614a1763df805b9e,0xf914fd0947943549f9d56d842b479a240700724dbf20892f6417cf3943c94baf
316,299.062904994517,0.026018472734522978,0x5b790fcbb5760d7ab6de76c29b302fe04668ed4a,2017-10-25T19:03:02.000Z,0.00008699999999999999,0x302b55b3e8bfff5d0ff9ac6837e1759f02afdd05,sell,0x744d70fdbe2ba4cf95131626614a1763df805b9e,0x695e973c80d7b2cc0aa6fd28eb280c70fb8c1e7716b4ff9fc2c8318ca7f040b8
317,1000,0.097,0x1bb751cd35d7a62b80838ae4b68ab5e825a32d08,2017-10-25T15:53:30.000Z,0.000097,0x3c3aef0043c8629556d0b20425aca08a1509d1dc,buy,0x744d70fdbe2ba4cf95131626614a1763df805b9e,0x214d4896adb42204cabfef46218a6a0b968030ee3c01942374f2b676238acf49
318,3322.6996311434555,0.2826952846176852,0xda79f2b9db7ae9fc5e308e81dc1e1992245c4b41,2017-10-25T14:27:36.000Z,0.00008508,0xf1083c2984e351c02e94ba4f19ae82c05db06f3c,sell,0x744d70fdbe2ba4cf95131626614a1763df805b9e,0xfe264ad87dbc8d2dc916612c17a2a784fd36366dddd1b6c35e84146c47f3334e
319,4010,0.34506050000000005,0xda79f2b9db7ae9fc5e308e81dc1e1992245c4b41,2017-10-25T02:55:18.000Z,0.00008605,0xad440e6b26dd3a044a97294bf87c017d7fb81c67,sell,0x744d70fdbe2ba4cf95131626614a1763df805b9e,0xbe8895e3d8fbfa01c2146347a410ce914cbe0ec8bd59af28777851ef3f0852bf
320,250,0.024865,0x95eab0ed9c747af1e9b2d8762b7bed346aee5a6f,2017-10-24T23:37:13.000Z,0.00009946,0x6c36f3c98a409911a148272740b32ba5a64ee5b1,buy,0x744d70fdbe2ba4cf95131626614a1763df805b9e,0x4e5b6c6b041d41ebae6074a2b524c9199f4a925c85bcd202c0f8f355229330b4
321,1346.5945962674143,0.13393229854475702,0x20b0e980d23bc1a32137720251dc5ba1e2c3e274,2017-10-24T23:18:27.000Z,0.00009946,0x6c36f3c98a409911a148272740b32ba5a64ee5b1,buy,0x744d70fdbe2ba4cf95131626614a1763df805b9e,0x96aaddf9dcbb41717388dc4f0b7395d24e93b61ab37717b353243a4cfb293b98
322,14057.247631659366,1.38,0x20b0e980d23bc1a32137720251dc5ba1e2c3e274,2017-10-24T23:16:51.000Z,0.00009817,0xda79f2b9db7ae9fc5e308e81dc1e1992245c4b41,buy,0x744d70fdbe2ba4cf95131626614a1763df805b9e,0xd104fdc79ee327a85c303e397cbddcd21848828fcab142bbda0e7640bd5bb80f
323,4132.824,0.396746971176,0x20b0e980d23bc1a32137720251dc5ba1e2c3e274,2017-10-24T23:16:39.000Z,0.000095999,0xbc0945c667fadc26b9bf39e586b15eeb901e7d1c,buy,0x744d70fdbe2ba4cf95131626614a1763df805b9e,0x9d1f46bdc996b9ec6970b07648df46de50c00a93ea609a7cbf32ad3c04b8b765
324,5000,0.479995,0x29dcd67307045880f2db4d003c79ef0e635b1031,2017-10-24T23:01:57.000Z,0.000095999,0xbc0945c667fadc26b9bf39e586b15eeb901e7d1c,buy,0x744d70fdbe2ba4cf95131626614a1763df805b9e,0x1f7dc63015c1c435c5ff5c1cf52193c696ca9f4388668014bd00acff3fd75e89
325,750,0.070725,0x291e14d8f3632d4dc39dca11774537475006cee1,2017-10-24T22:47:36.000Z,0.0000943,0x3c3aef0043c8629556d0b20425aca08a1509d1dc,buy,0x744d70fdbe2ba4cf95131626614a1763df805b9e,0x476dcb95f4fbb46a72e246640bd8a79cd5928f62db58f2e0c4233270cc6c2e6e
326,7437.728588855479,0.7013778059290716,0x20b0e980d23bc1a32137720251dc5ba1e2c3e274,2017-10-24T22:36:26.000Z,0.0000943,0x3c3aef0043c8629556d0b20425aca08a1509d1dc,buy,0x744d70fdbe2ba4cf95131626614a1763df805b9e,0x8f78b2a5eb03d4d2973e6302b35b7b8899a52bb2d1ecd2e09884885882a38329
327,2809.280718637547,0.26491517176752066,0x29f6912fbe406beb8ed4647072fcc838b7b97e52,2017-10-24T21:17:52.000Z,0.0000943,0x3c3aef0043c8629556d0b20425aca08a1509d1dc,buy,0x744d70fdbe2ba4cf95131626614a1763df805b9e,0xc84ff868a145c16a5f9721bdc8051f14870cf26715ed1cd864ab4cfca60d5c7e
328,12746,1.1777304,0x29f6912fbe406beb8ed4647072fcc838b7b97e52,2017-10-24T21:15:53.000Z,0.0000924,0xa54b88fcb5dc39e97d12e79aafaa28702204344f,buy,0x744d70fdbe2ba4cf95131626614a1763df805b9e,0xa60ecbdaabcab9a39b12a4528eb0aa503b7b5cedadebbcf3fdaba321bbb0e24d
329,240,0.022176,0x3e38451c215f8b8210160af7f63e374b7489d297,2017-10-24T21:00:23.000Z,0.0000924,0xa54b88fcb5dc39e97d12e79aafaa28702204344f,buy,0x744d70fdbe2ba4cf95131626614a1763df805b9e,0x3fd84b318d0cbb1f26577c5aaa55c92f9f0de227d91a6723bec9489781c7ad69
330,500,0.055555,0x7a77d16b1314ad3d106c0ad564a044fc0fc86383,2017-10-24T17:18:31.000Z,0.00011111,0xb0d2ce3e2bfbc1a47dbfe5b3eef5335284dfeb49,buy,0x744d70fdbe2ba4cf95131626614a1763df805b9e,0xa0dd9e091d6c88eecefb5d25bb51b680e8a5d8d3d3e49b348da6e597d6b17fd3
331,850,0.07854,0xb5058689ba841b3d96ba07848eee583871ac1d38,2017-10-24T13:26:39.000Z,0.0000924,0xa54b88fcb5dc39e97d12e79aafaa28702204344f,buy,0x744d70fdbe2ba4cf95131626614a1763df805b9e,0x8e8914beea23124c07e1bafbbfe7516aa8fac6a3415940a9ece80738c32f470b
332,500,0.0462,0xaca41f3b6f18ecbf7c049cbeb31470cd1ddc5efe,2017-10-24T08:09:09.000Z,0.0000924,0xa54b88fcb5dc39e97d12e79aafaa28702204344f,buy,0x744d70fdbe2ba4cf95131626614a1763df805b9e,0x49a8fc619c0c33c7d4967dd46e1364372876c67a9dfb8e821ac97d231f6b490b
333,1522.75,0.227651125,0xdf0580c36714b0410eeccde642c25f961e46ce0c,2017-10-24T05:57:03.000Z,0.0001495,0x672ecc24c68d4efb455c3524bfd0885aab32f912,buy,0x744d70fdbe2ba4cf95131626614a1763df805b9e,0xbc1701370c6f1ad37a5fb1d4479dc138eedf95a68fe5bf57a06e7da2e52e43f8
334,2000,0.2,0xdf0580c36714b0410eeccde642c25f961e46ce0c,2017-10-24T05:55:05.000Z,0.0001,0x9d397615d90b791d4bc088484964e04dcf130804,buy,0x744d70fdbe2ba4cf95131626614a1763df805b9e,0x465d17a5513e73a3b1bdc1d5abdce9bb4043fb59391a35e42e1ce658cee76c1b
335,1465,0.13690425,0xdf0580c36714b0410eeccde642c25f961e46ce0c,2017-10-24T05:55:05.000Z,0.00009345,0x0071d48f86eeb80784fd7210dd1337e8b41da028,buy,0x744d70fdbe2ba4cf95131626614a1763df805b9e,0x27f8dfaa7f6bea19ea38f30f73677e503ca6b5154a5dae4c620f2e10bcc443e2
336,3055,0.254787,0xfcbd4e101074615d6db43f94eef63ec9306feabc,2017-10-24T03:27:19.000Z,0.0000834,0x98c24aa5bcfa4e921103dc58e0f62e164cc88468,sell,0x744d70fdbe2ba4cf95131626614a1763df805b9e,0x96a09cb2ded145568b880a6ed1f031d902ee8444d4daa4ed3845d759ba7d94a7
337,850,0.07089,0xfcbd4e101074615d6db43f94eef63ec9306feabc,2017-10-24T03:21:43.000Z,0.0000834,0x98c24aa5bcfa4e921103dc58e0f62e164cc88468,sell,0x744d70fdbe2ba4cf95131626614a1763df805b9e,0x993182422ab05d03f75f57f21b26b7588074af2e22faa41e7ccafa3770f7e3f3
338,1636.6865235230955,0.13830001123770155,0xfddd5d907592b596bae6da6ec5b27fb8ff6686be,2017-10-24T03:15:17.000Z,0.0000845,0x98c24aa5bcfa4e921103dc58e0f62e164cc88468,sell,0x744d70fdbe2ba4cf95131626614a1763df805b9e,0xdaaf3649eca7b0f02b340a6d8d1de0bf41d296defbef980fafb4c06523bd338a
339,682.0496378717069,0.05701934972607469,0xfc69e7c9afc6454f0a074f4bd7e366a516ea8b67,2017-10-23T21:13:42.000Z,0.00008359999999999999,0x1cfb66cb98eecdeb6df0526f075ab5f54026844e,sell,0x744d70fdbe2ba4cf95131626614a1763df805b9e,0x014efddd3ebb21ca52b564d9d955ed5dd39ab7290b32b8e29e9609eae59deaf7
340,2620.247,0.222720995,0x4bc8c0994567e49d18ef01dd45a356fa377f99f1,2017-10-23T21:12:28.000Z,0.000085,0x1cfb66cb98eecdeb6df0526f075ab5f54026844e,sell,0x744d70fdbe2ba4cf95131626614a1763df805b9e,0x33bba4920b7d30e7cca02b73336fa0692901efb8bddc808cd27cd2dc0ff4e29f
341,79.75286544037583,0.006778993562431945,0x4bc8c0994567e49d18ef01dd45a356fa377f99f1,2017-10-23T20:59:47.000Z,0.00008499999999999999,0xe4dc0a0462da5b3a060be95e5e6d8ea082733a85,sell,0x744d70fdbe2ba4cf95131626614a1763df805b9e,0xcf2f846e48ea12d8b9076cefcd7c3e1ea5a35c66603c1bb5f82418c629b02149
342,378,0.034965,0x5d2ba7d1f80e353b48ec8a214a21d1e3d6951a3a,2017-10-23T13:29:44.000Z,0.0000925,0xf0db9f1a969270ba5f32cff7f49b7ebe7c505ba1,buy,0x744d70fdbe2ba4cf95131626614a1763df805b9e,0xfda922cc0804506dfdcda6f6f687f99d8c72fcb38aa2a3dc6decea03480d894c
343,2385.863822151331,0.20010239876383215,0xda79f2b9db7ae9fc5e308e81dc1e1992245c4b41,2017-10-23T05:56:54.000Z,0.00008387000000000001,0xf84899cfe0cebc5bca951cb878314f9f0c35d675,sell,0x744d70fdbe2ba4cf95131626614a1763df805b9e,0x09a98c84b1466b41fc495067a7886e79d111c779d6961ca75c13753f77a10de4
344,742.8,0.070558572,0xa31188576e1037dc8484cfcaf8e1af9fefea9b07,2017-10-22T21:39:36.000Z,0.00009499,0xa5f282efd8db8c66dc5dcfb5ab3bfccb2637d783,buy,0x744d70fdbe2ba4cf95131626614a1763df805b9e,0xaaf9c28974808157af342551a9a6665c68bf5f10c2885b80c5bdbdcacf5ab126
345,1,0.00009499,0xe1fa699860444be91d366c21de8fef56e3dec77a,2017-10-22T18:26:59.000Z,0.00009499,0x0071d48f86eeb80784fd7210dd1337e8b41da028,buy,0x744d70fdbe2ba4cf95131626614a1763df805b9e,0x662bee6651feccbc052cb92a16ba2bac0f3ed17be58b70f640f7edce53f9ca5c
346,867.1756012762918,0.08324799054692274,0x36429c1d0acc0cf297c4a9e9e8b9c27bc2f8cd19,2017-10-22T14:40:50.000Z,0.000095999,0xbc0945c667fadc26b9bf39e586b15eeb901e7d1c,buy,0x744d70fdbe2ba4cf95131626614a1763df805b9e,0x34665fd77586788d18c93d6d220202885c26bb8842d635f54c61dda6c7dba718
347,2403.3356814190424,0.22711522189409952,0x36429c1d0acc0cf297c4a9e9e8b9c27bc2f8cd19,2017-10-22T14:39:22.000Z,0.0000945,0x82463b8da463abc4db27a43c06d687ef889232e9,buy,0x744d70fdbe2ba4cf95131626614a1763df805b9e,0xcd9796255508e9cfd3d424f0b7f85ddfca672851e1f36b949713cc32f3df8933
348,1993.8,0.1881329742,0x36429c1d0acc0cf297c4a9e9e8b9c27bc2f8cd19,2017-10-22T14:39:03.000Z,0.000094359,0x951571ecb267b433469ef2c50f4c7b74b1d631f7,buy,0x744d70fdbe2ba4cf95131626614a1763df805b9e,0x494947dec2b1cda0d6e2ef293cc7f048a86e4a45adb5d4d96aa60c225bbc97e5
349,7500,0.707685,0xc8777f597df1e730eb325b45a6a64d40ae18f18a,2017-10-22T14:20:09.000Z,0.000094358,0x254fb89e4cab71708eaab16e067ca8156a38e18a,buy,0x744d70fdbe2ba4cf95131626614a1763df805b9e,0x1859cf0aecb7dd1c2bb657a6c443cc0b8f9ae45b321cb0c67a7f23e9a39566eb
350,13549.254,1.2741718461600002,0xc8777f597df1e730eb325b45a6a64d40ae18f18a,2017-10-22T14:19:00.000Z,0.00009404000000000001,0xda79f2b9db7ae9fc5e308e81dc1e1992245c4b41,buy,0x744d70fdbe2ba4cf95131626614a1763df805b9e,0x214dade613ddee626641f9e7a4dbd12dd40a5112ce2765fd8969d0555361acb8
351,17860,1.474343,0xa3d7dedda551204ccb03bd79aa87824cc453b8de,2017-10-22T10:59:41.000Z,0.00008255,0x4d517d272ce8d879d8891518e70153b49d2cdb96,sell,0x744d70fdbe2ba4cf95131626614a1763df805b9e,0x5a2081eafde29b6cd704eabe4ee95d4ed111576350f9682537163219b09feb2c
352,996.9095803010667,0.08306350314026517,0x951571ecb267b433469ef2c50f4c7b74b1d631f7,2017-10-22T10:37:21.000Z,0.00008332099999999998,0x4ad64328076e1220333a82a4e602b1aaddd215e3,sell,0x744d70fdbe2ba4cf95131626614a1763df805b9e,0x81e202ac71bdb729955b6d67e85980478aa9b47a50fcc2c28ee34f9856078967
353,413.0096700229289,0.03648114415312531,0xb4781becd68e71cd48c4aa9c1ab6a25090042f48,2017-10-22T06:03:13.000Z,0.00008832999999999999,0x9e1477cd68e8e375705ccb3dcf5764fe901de3ef,sell,0x744d70fdbe2ba4cf95131626614a1763df805b9e,0x3392381c04f842d9aaf8ff8d3aa7b69f5a484f0fee689542b354e8ed21063c64
354,11300,0.9981629,0xa54b88fcb5dc39e97d12e79aafaa28702204344f,2017-10-22T06:01:41.000Z,0.000088333,0x9e1477cd68e8e375705ccb3dcf5764fe901de3ef,sell,0x744d70fdbe2ba4cf95131626614a1763df805b9e,0x3b439abccb771a2b839335efd11a1add76de6238d4a10d7427945c63513573f4
355,961.5433185809576,0.09086584360590048,0xf01b8cf4a51c4373f1a09243c713412d5bd94d6e,2017-10-21T13:21:06.000Z,0.0000945,0x82463b8da463abc4db27a43c06d687ef889232e9,buy,0x744d70fdbe2ba4cf95131626614a1763df805b9e,0xf42d449a112b5b446507d9afa5bb0c3bbea811c2e7127d3adad1e401e3c09dda
356,950.0548300269165,0.07916806898614295,0xfcbd4e101074615d6db43f94eef63ec9306feabc,2017-10-21T13:07:11.000Z,0.00008332999999999999,0x04b21b5f6f66a7e6e6e16a82c7765656b67b7266,sell,0x744d70fdbe2ba4cf95131626614a1763df805b9e,0xa9ef13bbd58abfd3eaf42e5034d248cccb971dd8134cb957821340a4d24eb806
357,1989.8315222809292,0.16581863024623666,0xa54b88fcb5dc39e97d12e79aafaa28702204344f,2017-10-21T04:04:31.000Z,0.000083333,0x2a9cba92cfc3f1dd159dcc04f6b792c2d8f30e15,sell,0x744d70fdbe2ba4cf95131626614a1763df805b9e,0x0a829ef7cedef35522be2f337947bc9f5d61a31764f7d7160b8888e1f6e72708
358,1993.81961876409,0.16612704445504275,0x951571ecb267b433469ef2c50f4c7b74b1d631f7,2017-10-20T21:47:34.000Z,0.00008332099999999998,0xa54ffa43d11698bc300d924781518b71dd10f0a8,sell,0x744d70fdbe2ba4cf95131626614a1763df805b9e,0xfeb6f9ed69f76f2cce2a8d45662708378f3dc64d227b168df458dd3be00ef13b
359,3980,0.377702,0x1da251119e3a70bcb4aed858bd2acccff2155077,2017-10-20T21:19:27.000Z,0.0000949,0xda79f2b9db7ae9fc5e308e81dc1e1992245c4b41,sell,0x744d70fdbe2ba4cf95131626614a1763df805b9e,0x0f6210a9cb8c7d130692c5e859cf7b618ade365bc01bd51d69811c0f71d4bb29
360,6400,0.6144,0xd6322a849f3e690693f115c380ab40d02172944a,2017-10-20T18:32:59.000Z,0.000096,0xd24b5e22cd471a9baa3f401dd6b6b9584c1a1389,buy,0x744d70fdbe2ba4cf95131626614a1763df805b9e,0x2cdea02eff44a334ec19f57188f93b5dcdb656195e3d42f73dd83034dda4fad2
361,57690.30200078756,4.73060476406458,0xbaccfcfded9fcea89a5294cafdfb56e3284b2ba6,2017-10-20T16:45:22.000Z,0.00008199999999999999,0x3bf6e8e9759fe42f1f1a43a2d30fad255dec01fe,sell,0x744d70fdbe2ba4cf95131626614a1763df805b9e,0xad5098715d13457cefbaf293bc1e3d84654a97e29d94eace5d43cea3cbfc4ed6
362,20000,1.642,0xbc0945c667fadc26b9bf39e586b15eeb901e7d1c,2017-10-20T16:44:27.000Z,0.0000821,0x3bf6e8e9759fe42f1f1a43a2d30fad255dec01fe,sell,0x744d70fdbe2ba4cf95131626614a1763df805b9e,0x30aac9500e1a8333030ffef6be50e846733641dcc521b761516d3b818c967203
363,6500,0.6344650000000001,0xc0b207c7b68c6bf51b4f4a73943f6edc46a4b206,2017-10-20T14:40:04.000Z,0.00009761000000000001,0xda79f2b9db7ae9fc5e308e81dc1e1992245c4b41,buy,0x744d70fdbe2ba4cf95131626614a1763df805b9e,0x0829bfa5f977afe0e5a7072e176c268abff61933a54999f19de51a6759bdc049
364,598.14574818064,0.0493470242249028,0x40039054689b6f6714a1a0c9da7f8330f1b25c0c,2017-10-20T12:31:24.000Z,0.00008249999999999999,0xe4571f2ae739914c877e0b5c640fe77a4a09010d,sell,0x744d70fdbe2ba4cf95131626614a1763df805b9e,0x650ec450d137afc192fb2a4190b2c7fcb757124b99a0e1b3b0509418204ecef8
365,995.9216429069884,0.08216353553982654,0x3c3aef0043c8629556d0b20425aca08a1509d1dc,2017-10-20T10:54:10.000Z,0.00008249999999999999,0xfd5ed0517dc218e5a1a595a1cefe8019f8c07b96,sell,0x744d70fdbe2ba4cf95131626614a1763df805b9e,0x57e375cce55df2d43a0bca957fc1787c0cbdc81846a7fce80fc20c421eccf83d
366,9965.107317351738,0.8221213536815184,0x3c3aef0043c8629556d0b20425aca08a1509d1dc,2017-10-20T10:36:51.000Z,0.00008249999999999999,0x1fdf047bf7a114b37e7936d01e9cad754ad18803,sell,0x744d70fdbe2ba4cf95131626614a1763df805b9e,0xb26372ce2aca1fe868f1ac855559991fd6ef5371e68eacd5038e1daca3dd8117
367,2810.116638420895,0.23450423347622376,0xda79f2b9db7ae9fc5e308e81dc1e1992245c4b41,2017-10-20T02:10:46.000Z,0.00008345000000000001,0xe15f8d91aee679130e9c3b7f24e30d17aa540f6d,sell,0x744d70fdbe2ba4cf95131626614a1763df805b9e,0xfe6a240d38eedcd6f64b4f43871ee46a936836934ee7eb9fe0fb42e40276ee15
368,75,0.006225,0x583b640795999aa2bb22c1a62a91336ff9d325bb,2017-10-19T18:33:03.000Z,0.000083,0x077d410928105449f2ebf0c0d9a7bc3ecc5fc277,sell,0x744d70fdbe2ba4cf95131626614a1763df805b9e,0x54ac69421572a2846f62ffb1905414f4d2367b6f049f6ac8567e2b19800c718c
369,700,0.058331,0xb0d2ce3e2bfbc1a47dbfe5b3eef5335284dfeb49,2017-10-19T18:30:47.000Z,0.00008333,0x077d410928105449f2ebf0c0d9a7bc3ecc5fc277,sell,0x744d70fdbe2ba4cf95131626614a1763df805b9e,0x9ef410606c1e04763dc66afee7653fc30bebbed252e2370f79f4b85f66d7e8f0
370,7500,0.6282,0xd657b59431702cae0925e272e25147306caf910e,2017-10-19T18:30:47.000Z,0.00008376,0x077d410928105449f2ebf0c0d9a7bc3ecc5fc277,sell,0x744d70fdbe2ba4cf95131626614a1763df805b9e,0x2241564f13b27a4eb1a2110f8745b6863f4866a3133a4206cce151b24a86bbed
371,2500,0.2094,0xd657b59431702cae0925e272e25147306caf910e,2017-10-19T18:28:37.000Z,0.00008376,0x077d410928105449f2ebf0c0d9a7bc3ecc5fc277,sell,0x744d70fdbe2ba4cf95131626614a1763df805b9e,0x45db401e6c223af66730436e14a59b4ccbb090a89624e65b7edc644dec33e566
372,80.7496760043864,0.006763592862127405,0xd657b59431702cae0925e272e25147306caf910e,2017-10-19T18:28:35.000Z,0.00008375999999999998,0x077d410928105449f2ebf0c0d9a7bc3ecc5fc277,sell,0x744d70fdbe2ba4cf95131626614a1763df805b9e,0x0af3f322c22c70c3cea80d9ca5df9b682b997970aa556510faee50d7ad87c946
373,500,0.0418885,0xb0d2ce3e2bfbc1a47dbfe5b3eef5335284dfeb49,2017-10-19T18:28:05.000Z,0.000083777,0x077d410928105449f2ebf0c0d9a7bc3ecc5fc277,sell,0x744d70fdbe2ba4cf95131626614a1763df805b9e,0x16239768c1aead0e83608b5283cab1ffe2bbe5f6036e71c4856a80fcd4f1eaff
