,amount,amountBase,buyer,date,price,seller,side,tokenAddr,txHash
0,4.237288135593221,0.0005,0x4fda9e6bcd83af6c5cc771b5d20accc2b7720074,2017-11-02T15:07:45.000Z,0.000118,0x18a6cbd268eef4ec450af59b7e8bf2710efc5ebb,buy,0xf4134146af2d511dd5ea8cdb1c4ac88c57d60404,0x71e49867cc4eadf22fdd635a1d9be67f4749c7a88959cb8409eb42df921bd8c2
1,4.237288135593221,0.0005,0x3075f7f189912f4f425dd7021b9c396434197477,2017-11-02T15:01:27.000Z,0.000118,0x18a6cbd268eef4ec450af59b7e8bf2710efc5ebb,buy,0xf4134146af2d511dd5ea8cdb1c4ac88c57d60404,0xb7b314db08a22956d1e1802e3b46c107cdc2d54e7b924c1c3ae2573948bb3a48
2,2781.4721822527126,0.333220367433875,0x2a1adfc3d824022b4c3619cb66612808c320c5e0,2017-10-31T13:09:34.000Z,0.0001198,0xd4f61957daea5154b10a57727ffcac4cd954cba7,buy,0xf4134146af2d511dd5ea8cdb1c4ac88c57d60404,0xe72f148a9ebf9b491a20448765077cde10f776e045bfd75629a31561dc1c739f
3,10,0.001198,0x0b773d7819259d78757b26dc4148812d35676d8f,2017-10-31T13:06:14.000Z,0.0001198,0xd4f61957daea5154b10a57727ffcac4cd954cba7,buy,0xf4134146af2d511dd5ea8cdb1c4ac88c57d60404,0xd6b3a417339947733338afd72c86af50ef4832f75ca8f7f803f4a55e56c43441
4,3.4498580383416,0.00041053310656265,0x556c49feed77e87a56bc3bc312b17a132750cb37,2017-10-31T05:48:22.000Z,0.00011899999999999988,0xe444a40689f51f63bcd29910622035707d533d29,sell,0xf4134146af2d511dd5ea8cdb1c4ac88c57d60404,0x443a29a7edf762591cc4788b8ddee7944cfca4d94e511b03cc3df082f58dc44e
5,10,0.00125,0x0ce4b16411b408bc9f06d456175db3cc79b25299,2017-10-31T02:38:49.000Z,0.000125,0xd1386560f0fa070b6b79e9968e8197cf17f3b8ae,buy,0xf4134146af2d511dd5ea8cdb1c4ac88c57d60404,0x7b0b721a9d1747a15c3b32c7ed3ed47295219bf1c0dff7862658d2063e11859b
6,0.001,0.00000013,0x0c4085d8e714ca77ac5f46cd2b80a92d238a7cd3,2017-10-31T01:07:31.000Z,0.00013,0xb58e93435a5a28a8345e28a0c2eaa240c42e2af0,buy,0xf4134146af2d511dd5ea8cdb1c4ac88c57d60404,0xf4539fd2f1ec2df3abe249b7e25a9543650100220a4b881150b61d99d2896e7b
7,4.3348216220902,0.000479097490138275,0xf36990a2cb4d609e0a7d4f3bf884c0342d81fd3d,2017-10-30T03:00:53.000Z,0.00011052299999999994,0x16e5d97bbc92417e051e3b2cabfbf8ceea2acb9c,sell,0xf4134146af2d511dd5ea8cdb1c4ac88c57d60404,0x453c2c1329329331eb3de1130fe846c43a7001afd21adf682bba1ebf997c1b13
8,19471.05957708612,1.8692217194002674,0x0ce4b16411b408bc9f06d456175db3cc79b25299,2017-10-30T01:57:28.000Z,0.00009599999999999999,0xeaf84eef057679fd4835bef2c31572bc39daf276,sell,0xf4134146af2d511dd5ea8cdb1c4ac88c57d60404,0xfe02ac803dd7ae29500be35c4a2e30b35fa3ed3ba2d3b89d1156686610d01f94
9,10000,1.06512,0x3dee4a4e076e8d82859d241db0baf46f112cfa23,2017-10-30T01:55:04.000Z,0.000106512,0xeaf84eef057679fd4835bef2c31572bc39daf276,sell,0xf4134146af2d511dd5ea8cdb1c4ac88c57d60404,0x84ba8e2652692955cdbdafa89f9e65b8199638a5d3cb82296b75f0ef5a416f8f
10,0.00993834626117509,0.000001099181096485,0xb455f47fcd6cdce7bdfb72ad8eb4306db67a1fe6,2017-10-29T23:55:22.000Z,0.00011059999999990291,0xb53ac2f3787785996797b3af60bddea45a59dfd9,sell,0xf4134146af2d511dd5ea8cdb1c4ac88c57d60404,0x7c534ce27040618e276236dd176ef2dc9a2356132f637149f3f9c9f04370d931
11,99.69155134584732,0.011025885578850711,0xb455f47fcd6cdce7bdfb72ad8eb4306db67a1fe6,2017-10-29T23:54:02.000Z,0.00011059999999999999,0xb53ac2f3787785996797b3af60bddea45a59dfd9,sell,0xf4134146af2d511dd5ea8cdb1c4ac88c57d60404,0x354e7c69d5dbb640a5687e1a679ae6164e5fbb8561b008a13ad0fb9699af12b2
12,621.0335987051445,0.07452403184461734,0x556c49feed77e87a56bc3bc312b17a132750cb37,2017-10-29T18:42:33.000Z,0.00011999999999999999,0x996d3938b601a44859bdd03dc993bb548f6dad54,sell,0xf4134146af2d511dd5ea8cdb1c4ac88c57d60404,0xec082645b82cae9d71728945577f886d644453f185510d3b862159f53d73dbba
13,1493.9664012948554,0.17927596815538266,0x556c49feed77e87a56bc3bc312b17a132750cb37,2017-10-29T17:30:23.000Z,0.00011999999999999999,0x02e7d29d501539ab9412eb2e32bef5051becdbc2,sell,0xf4134146af2d511dd5ea8cdb1c4ac88c57d60404,0x7468614a452559635718b86475b87cd7633b337dd31b9dd19d014de26feef0fc
14,500,0.0595,0xc1c59390f2aaa7def424605d96769ef7a7c64916,2017-10-29T16:47:32.000Z,0.000119,0x02e7d29d501539ab9412eb2e32bef5051becdbc2,sell,0xf4134146af2d511dd5ea8cdb1c4ac88c57d60404,0x56ad8de9d0dcc5d3d5be0adbcf58bb3085399c1a88d2ec74aa743ef89417564f
15,3.4602076124567476,0.0005,0xe444a40689f51f63bcd29910622035707d533d29,2017-10-28T21:01:32.000Z,0.0001445,0xeaf84eef057679fd4835bef2c31572bc39daf276,buy,0xf4134146af2d511dd5ea8cdb1c4ac88c57d60404,0x72f8bfa23309432b972c6c411d3c9a3f0c80cacdb8ee6b022d56756cdf070657
16,3.4602076124567476,0.0005,0x34f9560c63078eb61872a4dc2ccd20e21c34feaf,2017-10-28T21:00:23.000Z,0.0001445,0xeaf84eef057679fd4835bef2c31572bc39daf276,buy,0xf4134146af2d511dd5ea8cdb1c4ac88c57d60404,0x303917b33a552af53a523b4503cc982650abb0bafe9dfe61865de7b7bcb46ab4
17,2435.0923524123796,0.25812003286494745,0x0ce4b16411b408bc9f06d456175db3cc79b25299,2017-10-28T17:16:12.000Z,0.0001060001,0x1ed014aec47fae44c9e55bac7662c0b78ae61798,sell,0xf4134146af2d511dd5ea8cdb1c4ac88c57d60404,0x8d2fbc85e83f2315f81b4f9f30e7a3a0ab239c5f831ac97720f9b880e6a0c590
18,7.52068216112908,0.001086738572283151,0x6b6419c14e261f31a2fe1d8aba756f61984ccb55,2017-10-28T07:48:01.000Z,0.00014449999999999985,0xb2f0a333cb207205b4f2ae9c49653bfa0615caee,sell,0xf4134146af2d511dd5ea8cdb1c4ac88c57d60404,0x1136957e32ef7dd060d3a8074e46b1fc8eb6be906886756b6a4bb9387117f8c3
19,39.88035892323031,0.006380857427716849,0x6b6419c14e261f31a2fe1d8aba756f61984ccb55,2017-10-28T06:12:13.000Z,0.00015999999999999999,0x1d5321e125f6c7079a716705541c7b371ca79e69,sell,0xf4134146af2d511dd5ea8cdb1c4ac88c57d60404,0x05a819edc90c71ba2b513ab84f6292ca4c5782b4e98e2003e91e80c662dfd8d6
20,40,0.00578,0x1d5321e125f6c7079a716705541c7b371ca79e69,2017-10-28T06:12:13.000Z,0.0001445,0xeaf84eef057679fd4835bef2c31572bc39daf276,buy,0xf4134146af2d511dd5ea8cdb1c4ac88c57d60404,0x05a819edc90c71ba2b513ab84f6292ca4c5782b4e98e2003e91e80c662dfd8d6
21,2,0.000289,0x8764e6ebd6585c21051af37ef6c983344b81445f,2017-10-28T05:50:38.000Z,0.0001445,0xeaf84eef057679fd4835bef2c31572bc39daf276,buy,0xf4134146af2d511dd5ea8cdb1c4ac88c57d60404,0xe2b46b1fc6cae6245def15760fa116b46abf53745c0ec3c176d3785aea3a160c
22,51.8879886,0.006687323970768,0x99daacbc6d3cc495519938b1b9ae913a94caa1c1,2017-10-28T04:25:12.000Z,0.00012888,0xf090a67dcfdf3544ee725c549fef745e5aa1f19d,buy,0xf4134146af2d511dd5ea8cdb1c4ac88c57d60404,0x05c5f4bd549070f7eb856e80b758f96d8f4f4834817ff87ce8f84d1931bf93c9
23,4806.241,0.504655305,0xd4f61957daea5154b10a57727ffcac4cd954cba7,2017-10-28T02:36:17.000Z,0.000105,0xeaf84eef057679fd4835bef2c31572bc39daf276,sell,0xf4134146af2d511dd5ea8cdb1c4ac88c57d60404,0x9fe7166bdfbf7c3dacbdffc08432fc6bedc1c81efd8d4543fa25acace7184e82
24,10000,0.9201,0x3dee4a4e076e8d82859d241db0baf46f112cfa23,2017-10-28T02:36:17.000Z,0.00009201,0xeaf84eef057679fd4835bef2c31572bc39daf276,sell,0xf4134146af2d511dd5ea8cdb1c4ac88c57d60404,0x741951d331318c73405a13bb83481377bbdb260434b337459c6c16e0e028da4e
25,13000,1.339481,0x32328ed0ddaa7b09250c0ae71f84555483936ada,2017-10-28T02:36:13.000Z,0.000103037,0xeaf84eef057679fd4835bef2c31572bc39daf276,sell,0xf4134146af2d511dd5ea8cdb1c4ac88c57d60404,0x66202318ea26fef977cc605f0a91e82ae5ed15385bf5295187197812201ec643
26,2100,0.270648,0x3f5a86104d20e0079c8758b805c84274f6f9a199,2017-10-27T22:30:40.000Z,0.00012888,0xf090a67dcfdf3544ee725c549fef745e5aa1f19d,buy,0xf4134146af2d511dd5ea8cdb1c4ac88c57d60404,0x752026f1bcbed224c12b6f2850be353df6f5136f979da07ec9587bbc1654e1b7
27,2800.244,0.296825864,0x75f157da5b8fe9cc61c40e8f9ba22d99cebc55d2,2017-10-27T07:40:34.000Z,0.000106,0xf090a67dcfdf3544ee725c549fef745e5aa1f19d,sell,0xf4134146af2d511dd5ea8cdb1c4ac88c57d60404,0xd9d05a27743d8bcd2fc89669b1dba01deb4028f13ea9c557409e857d85706a5f
28,358.90362736515226,0.03807967486344266,0xad8d628c6772c492459db29f92725831720caea0,2017-10-27T07:37:27.000Z,0.00010609999999999999,0xf090a67dcfdf3544ee725c549fef745e5aa1f19d,sell,0xf4134146af2d511dd5ea8cdb1c4ac88c57d60404,0x39a42e6bc595cc7607f3d7a885179e98626dd46a7a2c45577f6d850e17251fbf
29,10291.75555777091,1.0909260891237165,0x75f157da5b8fe9cc61c40e8f9ba22d99cebc55d2,2017-10-27T05:26:36.000Z,0.00010599999999999999,0x39b421eaf279c35f69afb85c8762d1d7a3511c98,sell,0xf4134146af2d511dd5ea8cdb1c4ac88c57d60404,0xc5be35501a7746a94f748d4e71fd7b5471860d189b32442a78e75fc8d07e0c03
30,976.9713886950453,0.10365666434054431,0xad8d628c6772c492459db29f92725831720caea0,2017-10-27T02:45:55.000Z,0.00010609999999999999,0x02e7d29d501539ab9412eb2e32bef5051becdbc2,sell,0xf4134146af2d511dd5ea8cdb1c4ac88c57d60404,0x04326fc70f2c95978a9319d725460b7bc8c392f872f91baf574046abc34968b1
31,589,0.07591032,0x99daacbc6d3cc495519938b1b9ae913a94caa1c1,2017-10-27T01:44:41.000Z,0.00012888,0xf090a67dcfdf3544ee725c549fef745e5aa1f19d,buy,0xf4134146af2d511dd5ea8cdb1c4ac88c57d60404,0x2d61a8e1e05e2b8ed334b488d01773624824cd7f9039674c4a42a454c9820cf0
32,140.4869410695233,0.018105956965040165,0x1579c988f8c718e170406a057ac44bf7a61feda7,2017-10-26T17:01:21.000Z,0.00012888,0xf090a67dcfdf3544ee725c549fef745e5aa1f19d,buy,0xf4134146af2d511dd5ea8cdb1c4ac88c57d60404,0x4bb717885bae698ea1b1953d7fdc6781e3c46dfd235daf534daf719a383c7156
33,7405.1839298175655,0.6738724781317914,0x0ce4b16411b408bc9f06d456175db3cc79b25299,2017-10-26T13:51:15.000Z,0.0000910001,0xf3b988cf5150a42084803e02bf1f69fd0b52e5a3,sell,0xf4134146af2d511dd5ea8cdb1c4ac88c57d60404,0x968e6b0a3d522a638de94f9e9279466af5931248cf61a6a23f511d55ed07ef41
34,250,0.03222,0x26e102e13770a69d817515557b41e7c256305ddb,2017-10-26T13:29:03.000Z,0.00012888,0xf090a67dcfdf3544ee725c549fef745e5aa1f19d,buy,0xf4134146af2d511dd5ea8cdb1c4ac88c57d60404,0xd35d0df7f4ce85eba68dd5af7a7ccd959dc9da7c11b1374ba128f5c655674d17
35,200,0.025776,0x7ff6dade60b697ef9fb6249196f75812b7d26ba2,2017-10-26T11:24:04.000Z,0.00012888,0xf090a67dcfdf3544ee725c549fef745e5aa1f19d,buy,0xf4134146af2d511dd5ea8cdb1c4ac88c57d60404,0x3f363831bb8577857d8c43e2888128ad9da1b6efea6e18d55e8b7912c2d8c4d9
36,750,0.096675,0xadc2b6934278e379c0bcabfccca5d042b02578b4,2017-10-26T02:34:19.000Z,0.0001289,0xb2f0a333cb207205b4f2ae9c49653bfa0615caee,buy,0xf4134146af2d511dd5ea8cdb1c4ac88c57d60404,0xf0b3a9a345e126860a0cf4361b416f920d59e629b22f2a453af7871182a3185e
37,100,0.0129,0xb85d14ab22a69276e57f24130ce4215e5ffe7dc0,2017-10-25T21:21:49.000Z,0.000129,0x7ff6dade60b697ef9fb6249196f75812b7d26ba2,buy,0xf4134146af2d511dd5ea8cdb1c4ac88c57d60404,0x26dd0b69aada7ea7b5c36e7a0356656b76d11fc23489c2cd0ac5ed53c24daf1e
38,1000,0.1035,0x6bad391397f5f6047d3b6752576ee1a4ae3d2927,2017-10-25T20:31:47.000Z,0.0001035,0x1d3aae726b1967c2695f6340570ecfc574ea2cf9,buy,0xf4134146af2d511dd5ea8cdb1c4ac88c57d60404,0x5cfb7d512960c247a7777eea163de92e866fee9fd9d19a140a16d3e912ac13b9
39,64923.2237563553,4.122624708528561,0x73255d98f7ac75beb5397febd37db3b3650d8156,2017-10-23T16:21:52.000Z,0.00006349999999999998,0x89a93f467c5942db086607edc16b2ba18e0d744f,sell,0xf4134146af2d511dd5ea8cdb1c4ac88c57d60404,0xbaf211144f9d85a76545bc1c2e1c2940c2dae08cfb7e180c219411e67f3b56cb
40,4000,0.26,0x287bb430d006914627be3a53b033d0d7b3c48ab8,2017-10-23T16:20:45.000Z,0.000065,0x89a93f467c5942db086607edc16b2ba18e0d744f,sell,0xf4134146af2d511dd5ea8cdb1c4ac88c57d60404,0x23f03a26d2328484aa8deb830bda7676aa5eaff28784114da6981e68d801de22
41,500,0.0335,0xf5b04a7c2fd7b3d1f09db2e917a83e9a435c341b,2017-10-23T16:20:32.000Z,0.000067,0x89a93f467c5942db086607edc16b2ba18e0d744f,sell,0xf4134146af2d511dd5ea8cdb1c4ac88c57d60404,0x7d168834d37dd44261bb41182385a5b9eca570d9f08754bde89c05ad9c320e1c
42,5000,0.338885,0xd35cc4db1066b87373c5b83f2a033b4aabb8a1f2,2017-10-23T16:20:06.000Z,0.000067777,0x89a93f467c5942db086607edc16b2ba18e0d744f,sell,0xf4134146af2d511dd5ea8cdb1c4ac88c57d60404,0x384be46c6f093019caa40d2a3ef1f5f5c78ffefad67766a78af66a0ed1533d6b
43,10000,0.6778,0x32328ed0ddaa7b09250c0ae71f84555483936ada,2017-10-23T16:20:06.000Z,0.00006778,0x89a93f467c5942db086607edc16b2ba18e0d744f,sell,0xf4134146af2d511dd5ea8cdb1c4ac88c57d60404,0x55d9727670016e7921e6514c46dd5e6b4f242061e0fecc25ce5f0206c5c6b274
44,20000,1.35556,0x32328ed0ddaa7b09250c0ae71f84555483936ada,2017-10-23T16:20:06.000Z,0.000067778,0x89a93f467c5942db086607edc16b2ba18e0d744f,sell,0xf4134146af2d511dd5ea8cdb1c4ac88c57d60404,0xc9b6286b880dfc90ede9348c7ac911c2d96ac03039a2ce7adcb7e61423bff97b
45,754.75,0.051323075475,0xb6141d9359d574ae942148de9b6d582c8100e888,2017-10-23T16:19:50.000Z,0.0000680001,0x89a93f467c5942db086607edc16b2ba18e0d744f,sell,0xf4134146af2d511dd5ea8cdb1c4ac88c57d60404,0x8dd7345e47de6810264bd5571eaefc7469b118265c98c9ccf54f1cb3607a9fe5
46,4969.594257800817,0.3379572575017446,0x73255d98f7ac75beb5397febd37db3b3650d8156,2017-10-23T09:23:10.000Z,0.00006800499999999998,0x956dc60c714883c17a7d0828d2178d51c5e377e1,sell,0xf4134146af2d511dd5ea8cdb1c4ac88c57d60404,0xdb7e86814dedbfcc113ae91ca56a6fb87b872e7f65e654108f0a61f9976f1cc1
47,4985,0.473575,0x956dc60c714883c17a7d0828d2178d51c5e377e1,2017-10-23T09:16:33.000Z,0.000095,0x273a5d3e6721b9f5c1a6474f560c1334c63dda01,sell,0xf4134146af2d511dd5ea8cdb1c4ac88c57d60404,0x74728ef7c6121e9d9309e002d7d66401c4932f573e212cfbceb0b9adf8a2ddba
48,5000,0.45944,0x273a5d3e6721b9f5c1a6474f560c1334c63dda01,2017-10-23T09:16:33.000Z,0.000091888,0xf090a67dcfdf3544ee725c549fef745e5aa1f19d,buy,0xf4134146af2d511dd5ea8cdb1c4ac88c57d60404,0x74728ef7c6121e9d9309e002d7d66401c4932f573e212cfbceb0b9adf8a2ddba
49,245.25,0.016677024525,0xb6141d9359d574ae942148de9b6d582c8100e888,2017-10-23T07:19:52.000Z,0.0000680001,0xfe737759f9f7ec05535c1b092d3d5392577f9e12,sell,0xf4134146af2d511dd5ea8cdb1c4ac88c57d60404,0x8d12e4e9a16da72853a5b98edbf6cfed9ccf02a4e31a50c9a68910d675ee4146
50,11599.04296680291,0.8119330076762038,0x73255d98f7ac75beb5397febd37db3b3650d8156,2017-10-22T18:58:49.000Z,0.00007,0xe442ba2b539d7d8ac5e7ae5c28febb6977e9c36a,sell,0xf4134146af2d511dd5ea8cdb1c4ac88c57d60404,0x074852dfdd7581cee507bac12564005315b3c8a0b8550be220bcfd3a9dfdb8e9
51,15000,1.05015,0x3dee4a4e076e8d82859d241db0baf46f112cfa23,2017-10-22T18:57:24.000Z,0.00007001,0xe442ba2b539d7d8ac5e7ae5c28febb6977e9c36a,sell,0xf4134146af2d511dd5ea8cdb1c4ac88c57d60404,0x893c149d075582cd66f8eea705698aa71e231fde8c74d169e99210080bb12dd5
52,30066.792941880172,1.843455208852557,0xe1e1d0d73eeb29d0632bc4c7871bfc74dbed0741,2017-10-22T01:44:19.000Z,0.00006131199999999998,0x1cfb66cb98eecdeb6df0526f075ab5f54026844e,sell,0xf4134146af2d511dd5ea8cdb1c4ac88c57d60404,0x631d270e21876769661adfb3fa564f46ed0a6e7321da3572565e7cf985be912e
53,37337.74,2.65097954,0xf732b16f5aee6cd2db5b30a7a3860764a48b19ff,2017-10-20T00:10:33.000Z,0.000071,0x7b04d9e1043bf5dde2eb3a1bf815a43500576e4a,buy,0xf4134146af2d511dd5ea8cdb1c4ac88c57d60404,0xe6c3ec4147630181b1ec0e45f256028d6dfbad7126dab1a7a8cec34271f31b14
54,46420,3.29582,0x7ff6dade60b697ef9fb6249196f75812b7d26ba2,2017-10-19T18:38:52.000Z,0.000071,0x7b04d9e1043bf5dde2eb3a1bf815a43500576e4a,sell,0xf4134146af2d511dd5ea8cdb1c4ac88c57d60404,0x59ea188d2b5e659b6b54ea86e8a1a4d535c41976525c5c99e5293bb40493d0cd
55,15000,1.06515,0x3dee4a4e076e8d82859d241db0baf46f112cfa23,2017-10-19T18:36:03.000Z,0.00007101,0x7b04d9e1043bf5dde2eb3a1bf815a43500576e4a,sell,0xf4134146af2d511dd5ea8cdb1c4ac88c57d60404,0x240002f90e9548621037801161e1a502c6ec7b9b6bb794aaa9039f30cc60592c
56,1000,0.0710101,0xb6141d9359d574ae942148de9b6d582c8100e888,2017-10-19T18:35:04.000Z,0.0000710101,0x7b04d9e1043bf5dde2eb3a1bf815a43500576e4a,sell,0xf4134146af2d511dd5ea8cdb1c4ac88c57d60404,0x292b95642d17d4e6056d9cd18722ea5045e0b65bfcd3e97705bf2dcbf9b79ebc
57,15000,1.05015,0x3dee4a4e076e8d82859d241db0baf46f112cfa23,2017-10-19T18:33:26.000Z,0.00007001,0x7b04d9e1043bf5dde2eb3a1bf815a43500576e4a,sell,0xf4134146af2d511dd5ea8cdb1c4ac88c57d60404,0x261d2f18bb8bfc142ed16c3352eaa1f0a5ea453c6c226f7c72e5b63116c314bd
58,231.28302262984747,0.011846778985146047,0xb6141d9359d574ae942148de9b6d582c8100e888,2017-10-18T21:03:40.000Z,0.00005122199999999999,0x11a7a5eda6f2e60e21745aab1b50b02c98f2e484,sell,0xf4134146af2d511dd5ea8cdb1c4ac88c57d60404,0x4b3085e1f06054a139dda44f08745ebbc2dd760b4578366ff66e57b95fd5c11f
59,1,0.00026,0x3ac636ac5c3a2576156ac5f10066ca68abe0ad54,2017-10-18T17:59:03.000Z,0.00026,0x293d5d17676ab4055476da1606b534d02214fc35,buy,0xf4134146af2d511dd5ea8cdb1c4ac88c57d60404,0xf7b4040dd0baad1d70035604138c9ebd185bf8a75ef8dd683b24524062e42454
60,500,0.04,0xf5b04a7c2fd7b3d1f09db2e917a83e9a435c341b,2017-10-18T16:22:59.000Z,0.00008,0x3ba2112383b52d416eba58c4d2824df0b984bd9c,buy,0xf4134146af2d511dd5ea8cdb1c4ac88c57d60404,0x559a117c0d45d214f595ebe74e07e0095c52a01e978e43125c5c53a10af4c7b2
61,5,0.0005,0xf9695cd65d6dfdf257fab76a3eb0cb8f001971cc,2017-10-18T15:35:47.000Z,0.0001,0x7b04d9e1043bf5dde2eb3a1bf815a43500576e4a,buy,0xf4134146af2d511dd5ea8cdb1c4ac88c57d60404,0xeaf5daf0f4578ebf61b48d497b75ec8d6cb74b2f4c1e3a57afc3122aab0cbccc
62,5,0.0005,0x379374d13077e8867ef31803c37baf9785a17c00,2017-10-18T15:30:35.000Z,0.0001,0x7b04d9e1043bf5dde2eb3a1bf815a43500576e4a,buy,0xf4134146af2d511dd5ea8cdb1c4ac88c57d60404,0xb328062ac32e6463a31b83fa8ee1cc851bcd436181905b9cb8685fffbc3e5941
63,4.3478260869565215,0.0005,0x16e5d97bbc92417e051e3b2cabfbf8ceea2acb9c,2017-10-17T18:22:52.000Z,0.000115,0xb58e93435a5a28a8345e28a0c2eaa240c42e2af0,buy,0xf4134146af2d511dd5ea8cdb1c4ac88c57d60404,0x8be7164ffe2fb002fa79d49cdb0cdc7059ce95737bb3b74e31595cc4de872bc7
64,4.000032000256002,0.0005,0xcd912af5286dc0b0a23edb30209734ecb60838b3,2017-10-17T06:01:56.000Z,0.000124999,0x35942914cb722a1154aa63fa190fd2bc4539bfdf,buy,0xf4134146af2d511dd5ea8cdb1c4ac88c57d60404,0xacf71fbb2d1818f92ddd0e802eedfda1e9f90d3d386e01086d9e80545f038908
65,6000,0.54,0xe311b04d0588975d7a4aab0bb8108307078d10c7,2017-10-15T04:11:21.000Z,0.00009,0xe311b04d0588975d7a4aab0bb8108307078d10c7,sell,0xf4134146af2d511dd5ea8cdb1c4ac88c57d60404,0x34ca77bc80c32d854c2cd7cea82e6d97c39bb4171bad2ea6e822ee43bdfaffe7
66,6005.521466283302,0.7206625759539963,0xe311b04d0588975d7a4aab0bb8108307078d10c7,2017-10-14T14:27:55.000Z,0.00011999999999999999,0x669f0ab96fd3beb68bc836bb874894bbb516331a,sell,0xf4134146af2d511dd5ea8cdb1c4ac88c57d60404,0x8fe58c06d5f999ecf5ba4e0f0a50697721ded13fb990932c3cb8ee1dadac7142
67,1538.462,0.40000012,0xe311b04d0588975d7a4aab0bb8108307078d10c7,2017-10-14T12:14:23.000Z,0.00026,0x293d5d17676ab4055476da1606b534d02214fc35,buy,0xf4134146af2d511dd5ea8cdb1c4ac88c57d60404,0x9b3995758e42161065452a192600684b992ddebd4c263808d556d5fad2531515
68,1938,0.30039,0xe311b04d0588975d7a4aab0bb8108307078d10c7,2017-10-14T12:07:13.000Z,0.000155,0x82212fe53aa9ad02c853b5033b1a1f3668633feb,buy,0xf4134146af2d511dd5ea8cdb1c4ac88c57d60404,0x94d3b6ec19fc8cd8e78f00a774d7a79c4452e56fc9be05253ccf78baac6d4497
69,500,0.062375,0xe311b04d0588975d7a4aab0bb8108307078d10c7,2017-10-14T12:06:06.000Z,0.00012475,0x38449f7b41793eedc220eb6307a36ebd1ebb7fca,buy,0xf4134146af2d511dd5ea8cdb1c4ac88c57d60404,0x700f67f99b9d40bc94f2476915e1e387cf5599e54c54b11f51607fe1604f46c6
70,2492.2739507526667,0.19938191606021333,0x0ce4b16411b408bc9f06d456175db3cc79b25299,2017-10-14T00:48:53.000Z,0.00007999999999999999,0x830cc67eacd9b8cd9dd86032c130f9e3d562b9e2,sell,0xf4134146af2d511dd5ea8cdb1c4ac88c57d60404,0x29b538b27d0a0037a56cdf0fc298c030ae9651270a89f40714e44cbe06128e9b
71,2266,0.18128,0xf732b16f5aee6cd2db5b30a7a3860764a48b19ff,2017-10-13T20:41:48.000Z,0.00008,0x992b4609935fe143891bfc7b69f18d12a87a9872,buy,0xf4134146af2d511dd5ea8cdb1c4ac88c57d60404,0x93a01c2e6b6069edf410730bf5928e647a706ce641c3675f28d9cca68448c2e2
72,4950,0.396,0xf732b16f5aee6cd2db5b30a7a3860764a48b19ff,2017-10-13T16:59:36.000Z,0.00008,0xe77463193a3ed5bf5350da6651aad24babde8123,buy,0xf4134146af2d511dd5ea8cdb1c4ac88c57d60404,0xb64d6a0791d2a2d813223a2cce3be5b4b8b609c54a2aea630e423b303608b726
73,13356.594556873692,1.0685275645498953,0x0ce4b16411b408bc9f06d456175db3cc79b25299,2017-10-13T10:24:21.000Z,0.00007999999999999999,0x1451dbe4304a60b5b25b4d98b355effd440417af,sell,0xf4134146af2d511dd5ea8cdb1c4ac88c57d60404,0x38f502f2a7cfa59cbb1afae7a64e3c4e50f8f37f978481fe8ccdae44d1115c88
74,15000,1.20195,0x3dee4a4e076e8d82859d241db0baf46f112cfa23,2017-10-13T10:22:59.000Z,0.00008013,0x1451dbe4304a60b5b25b4d98b355effd440417af,sell,0xf4134146af2d511dd5ea8cdb1c4ac88c57d60404,0xf3f45efd8a59249062439f07585c36201d36a9400caa1cd8335d243430329bd6
75,1315,0.1053578,0x2256c01a9c0e2de68cb7d27f7e39dc4e1c7d3783,2017-10-12T23:56:50.000Z,0.00008012,0x38449f7b41793eedc220eb6307a36ebd1ebb7fca,sell,0xf4134146af2d511dd5ea8cdb1c4ac88c57d60404,0xc998a64ae0da798ef122a818bd85762f918fa13f1d0e897e2801c912e298adb4
76,80,0.00998,0x98145d44c9b1d0b6b48e58e0c144ca76fe90105f,2017-10-12T23:33:23.000Z,0.00012475,0x38449f7b41793eedc220eb6307a36ebd1ebb7fca,sell,0xf4134146af2d511dd5ea8cdb1c4ac88c57d60404,0x24010cefbd73dd8689bfeddda344e22741019c9e4e3944fe70ffc433c5284623
77,6546,0.52374546,0x3dee4a4e076e8d82859d241db0baf46f112cfa23,2017-10-12T06:05:11.000Z,0.00008001,0x14d6b5bddc32a367a8a3b0bc920806f2e38592ab,sell,0xf4134146af2d511dd5ea8cdb1c4ac88c57d60404,0x8460232b5c34d02c39a6a3956773910c1b9aec380d532bf35ac1ffb113b343c1
78,963.9617186721165,0.028918851560163494,0x61b3b420cd544e64cdc4dc3cfca79108ee9022a0,2017-10-11T03:52:54.000Z,0.00002999999999999999,0xf75444cd37f39d7e635862d2ff1388330a7cf135,sell,0xf4134146af2d511dd5ea8cdb1c4ac88c57d60404,0x26ccf153fe2aa4b72ccbf6e3da4bb2a4acd6a65bb7eabc66ba6cb05084f05ae4
79,1000,0.0801209,0xb6141d9359d574ae942148de9b6d582c8100e888,2017-10-11T03:50:12.000Z,0.0000801209,0xf75444cd37f39d7e635862d2ff1388330a7cf135,sell,0xf4134146af2d511dd5ea8cdb1c4ac88c57d60404,0x12d7507799db38e4b2b9c59570ac5b583dcb959dffa16483b8b4dfd60fb075c9
80,350,0.0287,0xf5b04a7c2fd7b3d1f09db2e917a83e9a435c341b,2017-10-11T03:46:42.000Z,0.000082,0xf75444cd37f39d7e635862d2ff1388330a7cf135,sell,0xf4134146af2d511dd5ea8cdb1c4ac88c57d60404,0xb759e9a4266a808da84a9a11eeeb5c2780cbe1309330e180d6fb8b9eb8199621
81,15000,1.2333,0x3dee4a4e076e8d82859d241db0baf46f112cfa23,2017-10-11T03:45:53.000Z,0.00008222,0xf75444cd37f39d7e635862d2ff1388330a7cf135,sell,0xf4134146af2d511dd5ea8cdb1c4ac88c57d60404,0x88a472540a2b0db11a77dbf9e11caea153aa948cc34ddd27a981d381302d11d0
82,420,0.05249958,0x740d0b0318e65ae52c6775896f75aade1e707db4,2017-10-10T16:02:32.000Z,0.000124999,0xeb19e912a51eb267cd423dcf0934d1a7f971ad66,buy,0xf4134146af2d511dd5ea8cdb1c4ac88c57d60404,0x55122495061cf8eab42bd9537a4d88fdd8ff2deb5b3446ccd1330a6570780fbc
83,1847.3193784668497,0.1572068791075289,0x0ce4b16411b408bc9f06d456175db3cc79b25299,2017-10-09T07:33:24.000Z,0.0000851,0xa6b5182acf830f24ca93118163bb2fa5434ecce1,sell,0xf4134146af2d511dd5ea8cdb1c4ac88c57d60404,0x10963e51cd5511c8aa2278e254dd3a20173f0be1bbd5f05c6252222f9c6712c8
84,500,0.04255,0x0ce4b16411b408bc9f06d456175db3cc79b25299,2017-10-09T07:26:46.000Z,0.0000851,0xa6b5182acf830f24ca93118163bb2fa5434ecce1,sell,0xf4134146af2d511dd5ea8cdb1c4ac88c57d60404,0xf5178354e011840996953fbae3a87909291aff7acda6bcadc20d2637d872ccbe
85,275.53095993420277,0.02345044,0xb6141d9359d574ae942148de9b6d582c8100e888,2017-10-09T07:23:18.000Z,0.00008510999999999999,0xa6b5182acf830f24ca93118163bb2fa5434ecce1,sell,0xf4134146af2d511dd5ea8cdb1c4ac88c57d60404,0xf66f5829caac5e2aac9695656a22662a61da5736f2e83f11685912e75172bd55
86,1000,0.08511,0xb6141d9359d574ae942148de9b6d582c8100e888,2017-10-09T07:16:38.000Z,0.00008511,0xa6b5182acf830f24ca93118163bb2fa5434ecce1,sell,0xf4134146af2d511dd5ea8cdb1c4ac88c57d60404,0xacaa7eb22c55504d9e69f1bd926a443e4979551d19d26b7b432b7932014512fe
87,322.08354102282925,0.031113270062805305,0x281540acaa7c96ab4b5fc258ffbff067d22f2b6b,2017-10-09T07:12:28.000Z,0.00009659999999999999,0xa6b5182acf830f24ca93118163bb2fa5434ecce1,sell,0xf4134146af2d511dd5ea8cdb1c4ac88c57d60404,0xb95288b18b19771c3f1f8d44eb98cd86c0df6201d0806531f5af307cd33e375a
88,172.529,0.016666646458,0x5d5065b42bdee0274e394ba9042c21e1818c69cf,2017-10-09T07:11:37.000Z,0.000096602,0xa6b5182acf830f24ca93118163bb2fa5434ecce1,sell,0xf4134146af2d511dd5ea8cdb1c4ac88c57d60404,0x06ec919423609e3bb4a060bd1f91c639eb941858773420a0748152e6c4e7eed1
89,2975.414536142226,0.26779623449640877,0xeb19e912a51eb267cd423dcf0934d1a7f971ad66,2017-10-09T03:35:46.000Z,0.00009000299999999999,0x8f3ab9008b1b3e1b4f3dc4c354e9192c1a3ad931,sell,0xf4134146af2d511dd5ea8cdb1c4ac88c57d60404,0x57281c823b555f9bed1dd341f3403e730382a5f0b1f1855e658cbae57c86ae2b
90,1000,0.0966021,0xb6141d9359d574ae942148de9b6d582c8100e888,2017-10-09T00:43:03.000Z,0.0000966021,0x8f3ab9008b1b3e1b4f3dc4c354e9192c1a3ad931,sell,0xf4134146af2d511dd5ea8cdb1c4ac88c57d60404,0xb410dd5a77d81171ab581a28e20a519c9d9b812145e73d4d43222e5c1017acd5
91,3897.916458977171,0.37653872993719467,0x281540acaa7c96ab4b5fc258ffbff067d22f2b6b,2017-10-08T20:49:07.000Z,0.00009659999999999999,0x714cf1e7d7ec9f915550faa450908aac31bc86f8,sell,0xf4134146af2d511dd5ea8cdb1c4ac88c57d60404,0x2fb67bf9e9d1f3a1472c9a7e2ce80a5ca159e36a757d15e83d139446b68ce74a
92,9969.095803010667,0.897238560462566,0x3dee4a4e076e8d82859d241db0baf46f112cfa23,2017-10-08T03:08:55.000Z,0.000090002,0x755dfe72cff68f68627b7a6ce5ef96ece2bfcfdc,sell,0xf4134146af2d511dd5ea8cdb1c4ac88c57d60404,0xdb5494d717e43ed7143d8fac763a0f152674e79faa838cebec5d9ea6b8ab73e7
93,687.638,0.082440232182,0xda1e4bc4eb9377e87295dec147922eaa3f509fcc,2017-10-07T17:09:05.000Z,0.000119889,0xeb19e912a51eb267cd423dcf0934d1a7f971ad66,buy,0xf4134146af2d511dd5ea8cdb1c4ac88c57d60404,0xae8eb137a18902079684594775ea1242008b7b4e4351fd363f4f022fbf71fd8a
94,3987.638321204267,0.3852138371049746,0x8f3ab9008b1b3e1b4f3dc4c354e9192c1a3ad931,2017-10-06T18:05:39.000Z,0.000096602,0x809c51e868c3977139e13cb99333eaa0e7915bdb,sell,0xf4134146af2d511dd5ea8cdb1c4ac88c57d60404,0x6a274b4c077e966e79021a9bd57fa7b4640a6852355d33dda81b1bb180de9de2
95,800,0.0959192,0x740d0b0318e65ae52c6775896f75aade1e707db4,2017-10-06T17:28:45.000Z,0.000119899,0xeb19e912a51eb267cd423dcf0934d1a7f971ad66,buy,0xf4134146af2d511dd5ea8cdb1c4ac88c57d60404,0x189ec59912dbc8c84b48b0f04b1bfc3b6e9bd8f513b5c739282e5d183440c8e9
96,2500,0.2997475,0x80009cd3ac6446bfb1a7eeb876a2dbb5283c92a4,2017-10-04T18:51:40.000Z,0.000119899,0xeb19e912a51eb267cd423dcf0934d1a7f971ad66,buy,0xf4134146af2d511dd5ea8cdb1c4ac88c57d60404,0xbb9fe75494161742cf68563e0caf16f0bf9c624f501e1cbaa19701572ce345f2
97,60,0.00582,0xb6141d9359d574ae942148de9b6d582c8100e888,2017-10-04T18:00:22.000Z,0.000097,0x7b4f324c4914a6cce601728a73ed2460cb807edd,buy,0xf4134146af2d511dd5ea8cdb1c4ac88c57d60404,0xf0a66740aef5b3b1fe8ca6e4d6bd1a488249287655fd62337b75c17e663787bb
98,3987.638321204267,0.3899152626856744,0xeb19e912a51eb267cd423dcf0934d1a7f971ad66,2017-10-04T17:47:25.000Z,0.00009778099999999999,0x28dffa2952d4fa987bea0bdbce0b636c9fa5edd4,sell,0xf4134146af2d511dd5ea8cdb1c4ac88c57d60404,0x3378fe4f8a88f98023a215686a8cbd6e25f8502c949b5add49eabb9fbb409831
99,40,0.004796,0x035392de57aa4fe343d86494103dbe1b068a56c6,2017-10-04T08:31:57.000Z,0.0001199,0x714cf1e7d7ec9f915550faa450908aac31bc86f8,buy,0xf4134146af2d511dd5ea8cdb1c4ac88c57d60404,0x2940a05e29257a78d50da63a44c824d944758d85d974ab44dfc6b45b1f57d90f
100,50,0.005995,0x035392de57aa4fe343d86494103dbe1b068a56c6,2017-10-04T08:25:34.000Z,0.0001199,0x714cf1e7d7ec9f915550faa450908aac31bc86f8,buy,0xf4134146af2d511dd5ea8cdb1c4ac88c57d60404,0x321d3d953f8f4188563e49ed43b96a6a8673dd1b55ee1cad13cf8bd260f15f7d
101,22.582845508345574,0.004516569101669115,0x1579c988f8c718e170406a057ac44bf7a61feda7,2017-10-02T23:59:11.000Z,0.0002,0x512ef734d8ad98bbe10224a4022ce2a6dac46e60,buy,0xf4134146af2d511dd5ea8cdb1c4ac88c57d60404,0xd3416b80ba2bda849e85a962a4e3bddac073ab14c047f1296904f6603a590202
102,500,0.083333,0x1579c988f8c718e170406a057ac44bf7a61feda7,2017-10-02T21:54:27.000Z,0.000166666,0x512ef734d8ad98bbe10224a4022ce2a6dac46e60,buy,0xf4134146af2d511dd5ea8cdb1c4ac88c57d60404,0x133bb9e8ff389271e4554b841d6959f89711e28c48a4dda93758636a6691fef2
103,500,0.083333,0x1579c988f8c718e170406a057ac44bf7a61feda7,2017-10-02T21:54:27.000Z,0.000166666,0x512ef734d8ad98bbe10224a4022ce2a6dac46e60,buy,0xf4134146af2d511dd5ea8cdb1c4ac88c57d60404,0x948f2b9914ad38af1e3276528f6f994dd3c044bba6f29050b6d83d9698eb8b61
104,12083.634799393629,1.1117548197182108,0x698dcaafdca79929b570146b1a411d62fad0ad55,2017-10-01T08:04:20.000Z,0.00009200499999999998,0xdcd1965f236729943b371c018c2eb0f2d03fa43a,sell,0xf4134146af2d511dd5ea8cdb1c4ac88c57d60404,0x726893d31f14d2e69994abe970e362124c43361a5485da0f4ad0c7ecb976b2c5
105,3053.82,0.41073879,0xe43b5c7fa0149340cd5905eec06d5d3f767bc7f4,2017-09-30T22:44:14.000Z,0.0001345,0xdcd1965f236729943b371c018c2eb0f2d03fa43a,buy,0xf4134146af2d511dd5ea8cdb1c4ac88c57d60404,0xf1b54da9a81507962ff35c7a0d1168c89546a405074e044911f784975f27917a
106,1996.18,0.24053969,0xe43b5c7fa0149340cd5905eec06d5d3f767bc7f4,2017-09-30T22:31:42.000Z,0.0001205,0x8f3ab9008b1b3e1b4f3dc4c354e9192c1a3ad931,buy,0xf4134146af2d511dd5ea8cdb1c4ac88c57d60404,0xdd4c84a26fcb1ae64882d3cb8fbe0d639284b2151ca04440741396941f6a8b54
107,2000,0.241,0x59e486aeafd43c3563f4179ca6e19f5e306d4938,2017-09-30T20:37:53.000Z,0.0001205,0x8f3ab9008b1b3e1b4f3dc4c354e9192c1a3ad931,buy,0xf4134146af2d511dd5ea8cdb1c4ac88c57d60404,0x12bbc4da9fdaffebaa3f593b3a2d944c7f599391bc00612c08d98c72a3070077
108,10000,0.92003,0x3dee4a4e076e8d82859d241db0baf46f112cfa23,2017-09-29T06:38:29.000Z,0.000092003,0x8f3ab9008b1b3e1b4f3dc4c354e9192c1a3ad931,sell,0xf4134146af2d511dd5ea8cdb1c4ac88c57d60404,0xd476cd16f13cf0f1b0fb128449d49f5cf7bdf59f23a4c7942e4bf6078e40c5f6
109,4990,0.459579,0xeed7479945c74f45c8a2586bfbea53ed4883a6c8,2017-09-29T06:38:04.000Z,0.0000921,0x8f3ab9008b1b3e1b4f3dc4c354e9192c1a3ad931,sell,0xf4134146af2d511dd5ea8cdb1c4ac88c57d60404,0xb91fcf5e58ebe4b554487e2c6dba1b04ffc4510bc81b537046c24ab0f7daac2a
110,2950,0.272285,0xe43b5c7fa0149340cd5905eec06d5d3f767bc7f4,2017-09-29T06:37:11.000Z,0.0000923,0x8f3ab9008b1b3e1b4f3dc4c354e9192c1a3ad931,sell,0xf4134146af2d511dd5ea8cdb1c4ac88c57d60404,0x776761386e37aba66677c3202d19ee717366cecd00e83481ae385415f676812c
111,0.9999999999999921,0.000126799999999999,0x0249924245a19aa2d7f5ddb0739a7132b7d094ab,2017-09-28T18:58:23.000Z,0.0001268,0xf60b7a42f39161c8852731d2c75039c8ad439c20,buy,0xf4134146af2d511dd5ea8cdb1c4ac88c57d60404,0xc0119e60e9aae0f64df22eb0e6fa34ee84aeb24520be8d222a1ec99ae719abb3
112,10,0.001269,0xa0be78d2bac6a692adba423c7af50ec86a18bddf,2017-09-28T14:19:27.000Z,0.0001269,0x8f3ab9008b1b3e1b4f3dc4c354e9192c1a3ad931,buy,0xf4134146af2d511dd5ea8cdb1c4ac88c57d60404,0xec1648aa3389f5d3c9b7092cef9194b4ded99d2fdbe26513380aaa1752c60eb5
113,772.2062368059318,0.09266474841671182,0x740d0b0318e65ae52c6775896f75aade1e707db4,2017-09-28T09:18:40.000Z,0.00012,0xf60b7a42f39161c8852731d2c75039c8ad439c20,buy,0xf4134146af2d511dd5ea8cdb1c4ac88c57d60404,0x8c7d5c4d50632eb2da11df79daf00e8ce27aec183e257c9b87af6527647517fd
114,20000,1.820002,0x8f3ab9008b1b3e1b4f3dc4c354e9192c1a3ad931,2017-09-28T01:33:19.000Z,0.0000910001,0xdcd1965f236729943b371c018c2eb0f2d03fa43a,sell,0xf4134146af2d511dd5ea8cdb1c4ac88c57d60404,0x64567e99c77413ade44a0ca4430f891fcc0feafcaf7e090c551f678715c49661
115,2000,0.19,0x8f3ab9008b1b3e1b4f3dc4c354e9192c1a3ad931,2017-09-28T01:32:42.000Z,0.000095,0xdcd1965f236729943b371c018c2eb0f2d03fa43a,sell,0xf4134146af2d511dd5ea8cdb1c4ac88c57d60404,0xdb653f4f264668bbb5bf6ca6332abff858e72f2a6ff1170535b4f27a75b41b63
116,12027.068786761041,1.2027068786761042,0x3dee4a4e076e8d82859d241db0baf46f112cfa23,2017-09-28T01:02:25.000Z,0.00009999999999999999,0xdcd1965f236729943b371c018c2eb0f2d03fa43a,sell,0xf4134146af2d511dd5ea8cdb1c4ac88c57d60404,0x2e991ce92fcf10c942cedae456ef925cf97f2af07bd1001210d7ba5435486316
117,5483.002691655867,0.5483002691655867,0x3dee4a4e076e8d82859d241db0baf46f112cfa23,2017-09-27T22:39:49.000Z,0.00009999999999999999,0x9f440eb928fe558dbb9e7972a8be3072cff9f4b2,sell,0xf4134146af2d511dd5ea8cdb1c4ac88c57d60404,0x5e91bedaf22833c682b16eacff24c8cf3f351b11e01def6f6a764646fb6cedaa
118,2489.9285215830923,0.24899285215830924,0x3dee4a4e076e8d82859d241db0baf46f112cfa23,2017-09-27T19:04:21.000Z,0.00009999999999999999,0x47a2e211f15f24db4b3a61f667696cb79c584c00,sell,0xf4134146af2d511dd5ea8cdb1c4ac88c57d60404,0x16d79d04c3b591ddf3c16dff42174194ad924f5e27e8701dcacc8cb2e954c1ca
119,150.9,0.016599,0xf5b04a7c2fd7b3d1f09db2e917a83e9a435c341b,2017-09-27T19:01:24.000Z,0.00011,0x47a2e211f15f24db4b3a61f667696cb79c584c00,sell,0xf4134146af2d511dd5ea8cdb1c4ac88c57d60404,0x0d6f77b7fadfffb6880231d9365da4150b390a62bb3c26d86f6f4f420bc99aea
120,12.588378238144866,0.001598724036244398,0x740d0b0318e65ae52c6775896f75aade1e707db4,2017-09-27T13:19:09.000Z,0.000127,0xd1386560f0fa070b6b79e9968e8197cf17f3b8ae,buy,0xf4134146af2d511dd5ea8cdb1c4ac88c57d60404,0xb4fe2daeadd41a3007e915fcbeba35a2cff013c361025aa5ecafbb208aef33a6
121,20000,2.00024,0x3dee4a4e076e8d82859d241db0baf46f112cfa23,2017-09-26T17:22:17.000Z,0.000100012,0xdcd1965f236729943b371c018c2eb0f2d03fa43a,sell,0xf4134146af2d511dd5ea8cdb1c4ac88c57d60404,0x6d365ca5c83f634de447e5833b0140755ec02c9867791407b6f5d4d7acc8fc8a
122,1120,0.112,0x448bc1f751c2214efc021703d55310a91880b338,2017-09-26T17:12:05.000Z,0.0001,0xdcd1965f236729943b371c018c2eb0f2d03fa43a,sell,0xf4134146af2d511dd5ea8cdb1c4ac88c57d60404,0x83f06ab668a0bb8abeabf508c4bba0d84327f2850b658f288d391a337518411c
123,14700.927,1.470254410197,0x32328ed0ddaa7b09250c0ae71f84555483936ada,2017-09-26T17:00:43.000Z,0.000100011,0xdcd1965f236729943b371c018c2eb0f2d03fa43a,sell,0xf4134146af2d511dd5ea8cdb1c4ac88c57d60404,0x9277b5403bbb9fbd0675afac18e9f3b2f32cdc58b4ae9f3f8ff612becbedb041
124,20000,2.00024,0x3dee4a4e076e8d82859d241db0baf46f112cfa23,2017-09-26T16:45:32.000Z,0.000100012,0xdcd1965f236729943b371c018c2eb0f2d03fa43a,sell,0xf4134146af2d511dd5ea8cdb1c4ac88c57d60404,0xec0dfdaa4b15d5c890480c2facf51f11cddee866045c4d3331ce9200ee053c4c
125,2.997637861365244,0.0005,0x350f6f675b20d606bb7f6c412ef4775c9bc57168,2017-09-25T19:52:34.000Z,0.000166798,0x50dd81c0c39cadbcc134c3dc6955ea63eda923ed,buy,0xf4134146af2d511dd5ea8cdb1c4ac88c57d60404,0x3754948c30b98a255c311009d1476b395ae431c06d60fe968684e31aa6d71eb0
126,299.07287409032,0.029910577210646994,0x32328ed0ddaa7b09250c0ae71f84555483936ada,2017-09-25T18:43:17.000Z,0.00010001099999999999,0xfe737759f9f7ec05535c1b092d3d5392577f9e12,sell,0xf4134146af2d511dd5ea8cdb1c4ac88c57d60404,0x7360e4dfa53d3d7e52bffb0fb44abd2fa81fd916e5c5d15851d030cdb805aa56
127,15000,1.500165,0x32328ed0ddaa7b09250c0ae71f84555483936ada,2017-09-25T16:07:36.000Z,0.000100011,0xdcd1965f236729943b371c018c2eb0f2d03fa43a,sell,0xf4134146af2d511dd5ea8cdb1c4ac88c57d60404,0x0babd9682397df544cf09ed91cf747f054a2610abd3b244f336bb880af23cf1c
128,3.125,0.0005,0xc886b21b865e7c90432d9b8bdb14ad254f2232f5,2017-09-25T05:51:27.000Z,0.00016,0x1e5d8f7677d288bb94b015d3a5844a062a6ee9a7,buy,0xf4134146af2d511dd5ea8cdb1c4ac88c57d60404,0x4fe4ecc16db7ed912864c05b2c8b1b74bba62f7738216ac8d9092a73cdf6bb29
129,3.125,0.0005,0xe37bd4d49c619e748d4efe74525489d26b6aff43,2017-09-25T05:24:58.000Z,0.00016,0x1e5d8f7677d288bb94b015d3a5844a062a6ee9a7,buy,0xf4134146af2d511dd5ea8cdb1c4ac88c57d60404,0x863e56216213e30deef22426cb207a26ba3f2ea6f14ea7500828c17dc264defa
130,3.125,0.0005,0x23ee598e50ff1b1bde1022bf3c8a41d4c23321a0,2017-09-25T00:57:01.000Z,0.00016,0x1e5d8f7677d288bb94b015d3a5844a062a6ee9a7,buy,0xf4134146af2d511dd5ea8cdb1c4ac88c57d60404,0xe7a0927b8ee11d8ba331a628e4304f77d2ebf1bc01576409f84d9bea7cee4755
131,3.125,0.0005,0xe5a759eb3e214ff0a2bbbea31acc41c9bf27b239,2017-09-25T00:33:43.000Z,0.00016,0x1e5d8f7677d288bb94b015d3a5844a062a6ee9a7,buy,0xf4134146af2d511dd5ea8cdb1c4ac88c57d60404,0xbfbe3889bd211246dc1c4b4f1a3393aceeccdd91f7e49778c18a3b11ba0a7947
132,3.125,0.0005,0x160506e5a5ce5dadd43623689f53d5aa1f288f0f,2017-09-25T00:17:33.000Z,0.00016,0x1e5d8f7677d288bb94b015d3a5844a062a6ee9a7,buy,0xf4134146af2d511dd5ea8cdb1c4ac88c57d60404,0x77218e9ec8d30716f4eb94000a14af42781293e9affe9bcb66b5b4fd6596b50a
133,3.8794123466176,0.00038794123466176,0x32328ed0ddaa7b09250c0ae71f84555483936ada,2017-09-24T23:20:49.000Z,0.0001,0x1f8ac99600c61189d92c85cc760735b9e0067a60,sell,0xf4134146af2d511dd5ea8cdb1c4ac88c57d60404,0xbc5149719842d9272f38d394a6d7356f593600f3b38d67230f58d219dee45ccc
134,2.997637861365244,0.0005,0xc22f5ab4f1591613a92b4d172cc7f4e4a5af58cd,2017-09-23T23:29:51.000Z,0.000166798,0x50dd81c0c39cadbcc134c3dc6955ea63eda923ed,buy,0xf4134146af2d511dd5ea8cdb1c4ac88c57d60404,0x3197bac18c8e0156ec880621450b942cd44e19557cecfe0e48d6268d58f6bc4c
135,2.997637861365244,0.0005,0x452b06f1c61cff4c9bebaa405319a7c3b12553a2,2017-09-23T23:29:51.000Z,0.000166798,0x50dd81c0c39cadbcc134c3dc6955ea63eda923ed,buy,0xf4134146af2d511dd5ea8cdb1c4ac88c57d60404,0xbb6ff250e4b3cbf4ec2edb851cec63f25c4f116c3df840d02bc16fca4389d34b
136,2.997637861365244,0.0005,0x2ba19ec4bcd5ae8de66b110bde5ebf41092bd02f,2017-09-23T19:24:24.000Z,0.000166798,0x50dd81c0c39cadbcc134c3dc6955ea63eda923ed,buy,0xf4134146af2d511dd5ea8cdb1c4ac88c57d60404,0x02868f85059d9130382d3e0f9ca0aa15904207b115f418f4051e154b079ba91e
137,1027.5147044163095,0.1278238567440933,0xeb19e912a51eb267cd423dcf0934d1a7f971ad66,2017-09-23T17:23:38.000Z,0.00012440099999999998,0x045f579d2d595ba1d3d9af259fedcc72c2c82e4c,sell,0xf4134146af2d511dd5ea8cdb1c4ac88c57d60404,0x14cb0d610cb463bdfe1302f6a260591f76481e2c276c06535207bf5d72ddffba
138,2.997601918465228,0.0005,0x18a902dc44442205b4ba2b1dc038e67506d22c55,2017-09-23T16:33:46.000Z,0.0001668,0xf60b7a42f39161c8852731d2c75039c8ad439c20,buy,0xf4134146af2d511dd5ea8cdb1c4ac88c57d60404,0xf96470a0a833ff20ed46dd15edf8885054f2201ac568ef0edf5febc9c7ad7f66
139,2.997601918465228,0.0005,0xd868b838b5de79f1e540b5d83c9e9a3d0b3810cd,2017-09-23T16:30:23.000Z,0.0001668,0xf60b7a42f39161c8852731d2c75039c8ad439c20,buy,0xf4134146af2d511dd5ea8cdb1c4ac88c57d60404,0x1be70a6737eb0cb6ccc502ac45b7b47c725ab105ad2ea7fc776ca8e3db8bcc7a
140,3.8794123466176,0.000482602775331576,0xeb19e912a51eb267cd423dcf0934d1a7f971ad66,2017-09-23T13:48:30.000Z,0.00012440099999999998,0x0f657c396dfcd6c59bb82b89fc3adbe5f90ce153,sell,0xf4134146af2d511dd5ea8cdb1c4ac88c57d60404,0x9c672764156a8e00295b0ce7b3ac921413b4de556435b0d03aef2a5c8845bdea
141,35.57271645753083,0.003201544481177774,0xb455f47fcd6cdce7bdfb72ad8eb4306db67a1fe6,2017-09-23T04:31:08.000Z,0.00008999999999999997,0x7b4f324c4914a6cce601728a73ed2460cb807edd,sell,0xf4134146af2d511dd5ea8cdb1c4ac88c57d60404,0x25252e738c9ec31d21453fb6359547135904d4dfd9eda02c635ef754cff28592
142,2.942907592701589,0.0005,0x999dbc9673afdd6b6c140c261297f89de35ff1b3,2017-09-22T06:31:25.000Z,0.0001699,0xf60b7a42f39161c8852731d2c75039c8ad439c20,buy,0xf4134146af2d511dd5ea8cdb1c4ac88c57d60404,0x12e481946e69c15529bf2907a6db6b38cea7e3c41318e149a03efefdf73e49e0
143,2.941193771728069,0.0005,0x999dbc9673afdd6b6c140c261297f89de35ff1b3,2017-09-22T05:38:17.000Z,0.000169999,0xeb19e912a51eb267cd423dcf0934d1a7f971ad66,buy,0xf4134146af2d511dd5ea8cdb1c4ac88c57d60404,0xa280e06c705b008667b6289c8218c30aa5d90b34cec78793937b53996088866c
144,2.941193771728069,0.0005,0x8612d2a48328bbf318b856ed0daaa4a7034383d0,2017-09-22T05:29:32.000Z,0.000169999,0xeb19e912a51eb267cd423dcf0934d1a7f971ad66,buy,0xf4134146af2d511dd5ea8cdb1c4ac88c57d60404,0xe05abc6f00f5ee3260fd9a08dcad3b9f8e0850556273e5496be9c7f230b79dd5
145,2.941193771728069,0.0005,0x10c12555236fa11fc988be565ab70c82a4660ecf,2017-09-22T05:29:07.000Z,0.000169999,0xeb19e912a51eb267cd423dcf0934d1a7f971ad66,buy,0xf4134146af2d511dd5ea8cdb1c4ac88c57d60404,0xe9bbdbc7f7a6ece69d2a360f86b4288a6f62a3ec35199b2c8d976f7cd9d16505
146,2.941193771728069,0.0005,0x8f28b1970e72adb11173044ebc762800e3128238,2017-09-22T05:15:38.000Z,0.000169999,0xeb19e912a51eb267cd423dcf0934d1a7f971ad66,buy,0xf4134146af2d511dd5ea8cdb1c4ac88c57d60404,0xdc01b6c9389d2223237d957c28d54862aecc51708b2e0dfc9aa6887e1b083948
147,2.941193771728069,0.0005,0x7ed2114439b24152cf18c02c10cae681a7ca2adc,2017-09-22T05:14:41.000Z,0.000169999,0xeb19e912a51eb267cd423dcf0934d1a7f971ad66,buy,0xf4134146af2d511dd5ea8cdb1c4ac88c57d60404,0x470c211be5e75afbc4caced2911b916b39c6f55385f640ceafde332e68315a72
148,2.941193771728069,0.0005,0x03dd03643b71b06642179afb38211c0f45699bc5,2017-09-22T05:08:25.000Z,0.000169999,0xeb19e912a51eb267cd423dcf0934d1a7f971ad66,buy,0xf4134146af2d511dd5ea8cdb1c4ac88c57d60404,0x2ce87842e32421af0cca7f65b1c486bd3ae9657df3589161e4e62345bf93409c
149,15000,1.87503,0x32328ed0ddaa7b09250c0ae71f84555483936ada,2017-09-21T21:03:35.000Z,0.000125002,0xdcd1965f236729943b371c018c2eb0f2d03fa43a,sell,0xf4134146af2d511dd5ea8cdb1c4ac88c57d60404,0x42879a0f1ffb0b4246d6c28a3cb5aacdf00c5cb40fd47038a2c32e3ba008e43f
150,20000,2.60002,0x32328ed0ddaa7b09250c0ae71f84555483936ada,2017-09-21T20:17:41.000Z,0.000130001,0xdcd1965f236729943b371c018c2eb0f2d03fa43a,sell,0xf4134146af2d511dd5ea8cdb1c4ac88c57d60404,0xe1dfcf4648b4500eb367b2c9ea31e6a018792d40d9f9849c4a040f0138d10e34
151,10000,1.243,0xa5eeeeed281ddfcecc1432386645de842e849791,2017-09-21T20:13:39.000Z,0.0001243,0xdcd1965f236729943b371c018c2eb0f2d03fa43a,sell,0xf4134146af2d511dd5ea8cdb1c4ac88c57d60404,0x5204ce3c22c5340a2a8d712ca362897dcdf8d16acad68621233134eb83248424
152,20000,2.504,0x32328ed0ddaa7b09250c0ae71f84555483936ada,2017-09-21T20:12:41.000Z,0.0001252,0xdcd1965f236729943b371c018c2eb0f2d03fa43a,sell,0xf4134146af2d511dd5ea8cdb1c4ac88c57d60404,0x3db35f197ec6f666f6f369222d0d56b001220ba4b8f41ff19b2308c774ee6ec1
153,64000,8.332864,0xeb19e912a51eb267cd423dcf0934d1a7f971ad66,2017-09-21T20:10:37.000Z,0.000130201,0xdcd1965f236729943b371c018c2eb0f2d03fa43a,sell,0xf4134146af2d511dd5ea8cdb1c4ac88c57d60404,0x200f3141643728b1a2e40477f9e88aa0cfb5c2510b77678d05dadb9afd98935f
154,20000,2.70018,0x9559d5f457238cb4f0ea1f7511c39a12da4bd82c,2017-09-21T20:08:32.000Z,0.000135009,0xdcd1965f236729943b371c018c2eb0f2d03fa43a,sell,0xf4134146af2d511dd5ea8cdb1c4ac88c57d60404,0x66351e2332d3443b7bb7c0fa8bcf3ac1896b2eb96357f83daddd6558193470f0
155,5000,0.6756665,0xf60b7a42f39161c8852731d2c75039c8ad439c20,2017-09-21T20:05:34.000Z,0.0001351333,0xdcd1965f236729943b371c018c2eb0f2d03fa43a,sell,0xf4134146af2d511dd5ea8cdb1c4ac88c57d60404,0x89184cd3c8ce992d767d471b4f5462eaf5c30eb378379cd09366533733fbec22
156,3987.638321204267,0.5183929817565547,0x9559d5f457238cb4f0ea1f7511c39a12da4bd82c,2017-09-21T16:39:09.000Z,0.00013,0x3ba2112383b52d416eba58c4d2824df0b984bd9c,sell,0xf4134146af2d511dd5ea8cdb1c4ac88c57d60404,0x53530a98860e52fe6c3863d3559405e58865b063fdf1e32110204de9c5c7faff
157,2193.2010766623466,0.2851161399661051,0x9559d5f457238cb4f0ea1f7511c39a12da4bd82c,2017-09-21T16:18:51.000Z,0.00013,0x3e81b4ad0beee4466b4aeb152e4576ecff1195a2,sell,0xf4134146af2d511dd5ea8cdb1c4ac88c57d60404,0x1b4f77b6aaf54fadda79b467c13876b741ee02fc8bfbba88a85cfab4da58dc98
158,473.819,0.082918325,0x32328ed0ddaa7b09250c0ae71f84555483936ada,2017-09-21T15:17:50.000Z,0.000175,0x254fb89e4cab71708eaab16e067ca8156a38e18a,buy,0xf4134146af2d511dd5ea8cdb1c4ac88c57d60404,0x0d5d969b279e7b651b343b77aa21d54057c2cad9a0f5f136a024e7fb58ee4197
159,20,0.0035,0xe47856453bf227fb76595ee05561f893e32bbffc,2017-09-21T03:35:07.000Z,0.000175,0x254fb89e4cab71708eaab16e067ca8156a38e18a,buy,0xf4134146af2d511dd5ea8cdb1c4ac88c57d60404,0x0433397930cefc781f9152f22bd0e965ef723d86cff130e96c5555e956107307
160,2184.674929312194,0.22283684278984375,0x32328ed0ddaa7b09250c0ae71f84555483936ada,2017-09-19T17:45:05.000Z,0.00010199999999999999,0xe99fd1461a783bfa58feb19ff1dc45453c5891b5,sell,0xf4134146af2d511dd5ea8cdb1c4ac88c57d60404,0xfc9cf61dd95d4e11e50e6c1a99a20f5c77718d72b42d9184ee5a6aea4c01a703
161,1938,0.21318,0x82212fe53aa9ad02c853b5033b1a1f3668633feb,2017-09-19T17:40:48.000Z,0.00011,0xe99fd1461a783bfa58feb19ff1dc45453c5891b5,sell,0xf4134146af2d511dd5ea8cdb1c4ac88c57d60404,0x9310dba3d743b83ccf76402f7158d536b48eddfa4aa1888bd4f1a66ed462f11f
162,2260,0.24882826,0xeb19e912a51eb267cd423dcf0934d1a7f971ad66,2017-09-19T17:39:46.000Z,0.000110101,0xe99fd1461a783bfa58feb19ff1dc45453c5891b5,sell,0xf4134146af2d511dd5ea8cdb1c4ac88c57d60404,0x3bb13e4b95f89c792e62b146cca0964cc6a36c6ba5fca70c120c95e8f1833e20
163,27914.215930615093,3.0733551739607217,0x32328ed0ddaa7b09250c0ae71f84555483936ada,2017-09-19T17:35:14.000Z,0.00011009999999999999,0xe99fd1461a783bfa58feb19ff1dc45453c5891b5,sell,0xf4134146af2d511dd5ea8cdb1c4ac88c57d60404,0x0eb828a01d7f113660f1a7b61f011c7b3d79ff90905e5bb3d2cbeec21ab8b490
164,4585.784069384907,0.5048948260392783,0x32328ed0ddaa7b09250c0ae71f84555483936ada,2017-09-19T14:27:05.000Z,0.00011009999999999999,0x5610348f102b17393e367077e4f8a268160135f4,sell,0xf4134146af2d511dd5ea8cdb1c4ac88c57d60404,0x00876044b10caf577d471380d2f26aa37d23bc5d5204b108c309e83d00d76e90
165,1750,0.233331,0xc3d2faa69f6c864ab5215ea5108237f2f2e054eb,2017-09-19T05:56:05.000Z,0.000133332,0xeb19e912a51eb267cd423dcf0934d1a7f971ad66,buy,0xf4134146af2d511dd5ea8cdb1c4ac88c57d60404,0x5b60fb3b1dfb06f0c4cf7742b219a37a074ff25ba3723f588491a046be6c6b73
166,10,0.0022,0xc3d2faa69f6c864ab5215ea5108237f2f2e054eb,2017-09-19T05:38:37.000Z,0.00022,0x512ef734d8ad98bbe10224a4022ce2a6dac46e60,buy,0xf4134146af2d511dd5ea8cdb1c4ac88c57d60404,0x0bfda1f9ff1ed9b7ef05c2fa299c4514b184b905c63c2ed43313de53ceb790f5
167,100,0.016,0xc3d2faa69f6c864ab5215ea5108237f2f2e054eb,2017-09-18T16:27:23.000Z,0.00016,0xeb19e912a51eb267cd423dcf0934d1a7f971ad66,buy,0xf4134146af2d511dd5ea8cdb1c4ac88c57d60404,0xbcd40d6f89e39c5c7b50b81b3a29386adcbdf0f54d6137400ad980d180b027e5
168,1105.3733426378228,0.11274808094905792,0x32328ed0ddaa7b09250c0ae71f84555483936ada,2017-09-18T09:51:56.000Z,0.00010199999999999999,0x9778550d76b07ac9f5e57392f68ecdf6efc1774e,sell,0xf4134146af2d511dd5ea8cdb1c4ac88c57d60404,0xc5edc673be89a3a5ad569d0ee760f39c93d9399361a1abca21470c1f64b62080
169,1108.8,0.11088,0x9778550d76b07ac9f5e57392f68ecdf6efc1774e,2017-09-18T09:50:16.000Z,0.0001,0xf88bd3e933ceaeba27ab3d8703722e90a250a89b,buy,0xf4134146af2d511dd5ea8cdb1c4ac88c57d60404,0x5c3b31b87208b1552b1aaf11c5571e8af32efb15d0a88ce8d30cda0a8d9c6802
170,8153.935,1.34251278201,0x32328ed0ddaa7b09250c0ae71f84555483936ada,2017-09-18T07:37:34.000Z,0.000164646,0xd764f9099e0bc9bda422d21de715bf863e3de840,buy,0xf4134146af2d511dd5ea8cdb1c4ac88c57d60404,0x453c9a746de2b35b95ba9c1d54fc0c9bce44853f451e66a0afea1aed130331c1
171,0.001,0.000000101,0x1fdf047bf7a114b37e7936d01e9cad754ad18803,2017-09-18T03:26:15.000Z,0.000101,0xadc2b6934278e379c0bcabfccca5d042b02578b4,sell,0xf4134146af2d511dd5ea8cdb1c4ac88c57d60404,0x34c1ba2beaee5d62a725a79770ed9f9100ab0c113d64bf871daeb37a4a46a40b
172,3987.638321204267,0.39876383212042665,0x75f157da5b8fe9cc61c40e8f9ba22d99cebc55d2,2017-09-17T02:42:59.000Z,0.00009999999999999999,0x094733fd56e985686c3ce360e9821ea501d2dee9,sell,0xf4134146af2d511dd5ea8cdb1c4ac88c57d60404,0xa65c152e0291c3a121252516200283b70b032a296aae7863fa026a86b944ec32
173,932,0.0932,0xf732b16f5aee6cd2db5b30a7a3860764a48b19ff,2017-09-17T02:25:02.000Z,0.0001,0x094733fd56e985686c3ce360e9821ea501d2dee9,buy,0xf4134146af2d511dd5ea8cdb1c4ac88c57d60404,0x6bfabf60539c28e0e099f269b6b8cbf3669d9827a0a06904c5091ddd771df648
174,18228,3.0185568,0xa0e6452322b61066673307566da7a95c748605cb,2017-09-16T20:57:29.000Z,0.0001656,0xdcd1965f236729943b371c018c2eb0f2d03fa43a,buy,0xf4134146af2d511dd5ea8cdb1c4ac88c57d60404,0xc6e155bf7d1b3f467b924e243320d29ff97ccadd2c2f352a9b05eaf0380d349b
175,30000,4.368,0xa0e6452322b61066673307566da7a95c748605cb,2017-09-16T20:47:29.000Z,0.0001456,0xdcd1965f236729943b371c018c2eb0f2d03fa43a,buy,0xf4134146af2d511dd5ea8cdb1c4ac88c57d60404,0x15e06e9b15343cd3c6b2924e0fe202ac19cc6f66a95eb2c1bd6a11019fc78052
176,1772.3738482490273,0.2277500395,0xa0e6452322b61066673307566da7a95c748605cb,2017-09-16T20:23:45.000Z,0.0001285,0xdcd1965f236729943b371c018c2eb0f2d03fa43a,buy,0xf4134146af2d511dd5ea8cdb1c4ac88c57d60404,0xf8a42530b472f1d1eb8a2cd8a864cd9b9aca92ba6b1ca4e6e257eac735720bc2
177,2482.49,0.318999965,0x32328ed0ddaa7b09250c0ae71f84555483936ada,2017-09-16T19:44:56.000Z,0.0001285,0xdcd1965f236729943b371c018c2eb0f2d03fa43a,buy,0xf4134146af2d511dd5ea8cdb1c4ac88c57d60404,0xd316e5ee46ca1f6aff4d48dd8e819c4fa2cdccde363a02816d359f8e741f920d
178,20233.463,2.5999999955,0x32328ed0ddaa7b09250c0ae71f84555483936ada,2017-09-16T19:27:43.000Z,0.0001285,0xdcd1965f236729943b371c018c2eb0f2d03fa43a,buy,0xf4134146af2d511dd5ea8cdb1c4ac88c57d60404,0xaf6f3378947dc95d56de9ee8d630ea470b98613e1528d31c39040822e9a4570d
179,3.8910505836575875,0.0005,0x42c24a83bded723edfdf5883bc7efb30bc1a1bf3,2017-09-16T17:50:28.000Z,0.0001285,0xdcd1965f236729943b371c018c2eb0f2d03fa43a,buy,0xf4134146af2d511dd5ea8cdb1c4ac88c57d60404,0x9839d9f80f8053760443cb21209b53785b012ba4f7b4bad9a2e511ff3c1d69ec
180,3.8910505836575875,0.0005,0x0f657c396dfcd6c59bb82b89fc3adbe5f90ce153,2017-09-16T16:02:29.000Z,0.0001285,0xdcd1965f236729943b371c018c2eb0f2d03fa43a,buy,0xf4134146af2d511dd5ea8cdb1c4ac88c57d60404,0x60395644636ed9404ff4057919130d8b35a404605f43e873fb47c2c8a729c780
181,3.8910505836575875,0.0005,0x1f8ac99600c61189d92c85cc760735b9e0067a60,2017-09-16T15:51:33.000Z,0.0001285,0xdcd1965f236729943b371c018c2eb0f2d03fa43a,buy,0xf4134146af2d511dd5ea8cdb1c4ac88c57d60404,0x4ec98832fd93ab44146d54ad275233c97a671936a123e57cd0b4af051f2457eb
182,0.7988631284351154,0.000079886312843511,0xf5b04a7c2fd7b3d1f09db2e917a83e9a435c341b,2017-09-16T15:19:51.000Z,0.00009999999999999931,0x32ad720c6de7941785335653b1478024d8082470,sell,0xf4134146af2d511dd5ea8cdb1c4ac88c57d60404,0x580005231045065f8e4e10d80873bb834838933694ebfce7ff72a78a96a8ef32
183,12.461369753763334,0.0011215232778387,0xb455f47fcd6cdce7bdfb72ad8eb4306db67a1fe6,2017-09-16T02:57:38.000Z,0.00008999999999999999,0xadc2b6934278e379c0bcabfccca5d042b02578b4,sell,0xf4134146af2d511dd5ea8cdb1c4ac88c57d60404,0x9495dddc6568e29c65427bafbdf7febbf260d33c68bd23787696a34caff6e0ad
184,1,0.00019999,0x78b0e4933f5b7d90102367e28efcde256998411e,2017-09-16T01:23:44.000Z,0.00019999,0x512ef734d8ad98bbe10224a4022ce2a6dac46e60,buy,0xf4134146af2d511dd5ea8cdb1c4ac88c57d60404,0x33102a6602cd5c03a1141234c4066d8d4e7f38a37911e690fd0c1b6b2461369c
185,1,0.00019999,0xd6f29f2fb0a1dc783aeab42ce7ce9276f8e14a54,2017-09-16T01:19:52.000Z,0.00019999,0x512ef734d8ad98bbe10224a4022ce2a6dac46e60,buy,0xf4134146af2d511dd5ea8cdb1c4ac88c57d60404,0x5b453a72936618ac1e8d7658e9153537c00e50ddcb8567e565e9b260d660bb1d
186,1,0.00019999,0xd6f29f2fb0a1dc783aeab42ce7ce9276f8e14a54,2017-09-16T01:19:52.000Z,0.00019999,0x512ef734d8ad98bbe10224a4022ce2a6dac46e60,buy,0xf4134146af2d511dd5ea8cdb1c4ac88c57d60404,0x1afe15ed42b041ba90bc298c907fb193d2f4ecefce610f4b2f1a464dc4ba9be8
187,1,0.00019999,0xd6f29f2fb0a1dc783aeab42ce7ce9276f8e14a54,2017-09-16T01:18:53.000Z,0.00019999,0x512ef734d8ad98bbe10224a4022ce2a6dac46e60,buy,0xf4134146af2d511dd5ea8cdb1c4ac88c57d60404,0x5b453a72936618ac1e8d7658e9153537c00e50ddcb8567e565e9b260d660bb1d
188,1,0.00019999,0xd6f29f2fb0a1dc783aeab42ce7ce9276f8e14a54,2017-09-16T01:14:15.000Z,0.00019999,0x512ef734d8ad98bbe10224a4022ce2a6dac46e60,buy,0xf4134146af2d511dd5ea8cdb1c4ac88c57d60404,0x4e1f4bf18d1db31157d9b3826fdd2b060efbd501d9633ef8e7499615459a9bf8
189,1,0.00019999,0xd6f29f2fb0a1dc783aeab42ce7ce9276f8e14a54,2017-09-16T01:14:01.000Z,0.00019999,0x512ef734d8ad98bbe10224a4022ce2a6dac46e60,buy,0xf4134146af2d511dd5ea8cdb1c4ac88c57d60404,0x3a7f055d6abaa9b3dd7abd1fc75cc38c4a18cc4b0c848298768adc1e407da37f
190,8013.396041332642,0.8013396041332642,0x75f157da5b8fe9cc61c40e8f9ba22d99cebc55d2,2017-09-15T18:42:31.000Z,0.00009999999999999999,0x32ad720c6de7941785335653b1478024d8082470,sell,0xf4134146af2d511dd5ea8cdb1c4ac88c57d60404,0x41786be3d131eb6e91c49e2a3fa8751fd6e21dade23097cc00e01d2de26ca46e
191,2.857142857142857,0.0005,0x8b24d80c6dd6e1af5a000e03ca8f00886a05f6f5,2017-09-15T04:24:55.000Z,0.000175,0xd764f9099e0bc9bda422d21de715bf863e3de840,buy,0xf4134146af2d511dd5ea8cdb1c4ac88c57d60404,0x2dc75af85e0d972ae9b7a26df11844d14b9d9bb71466d71a02c2b7ab339e41d2
192,3000,0.3,0x512ef734d8ad98bbe10224a4022ce2a6dac46e60,2017-09-14T14:27:36.000Z,0.0001,0x32ad720c6de7941785335653b1478024d8082470,sell,0xf4134146af2d511dd5ea8cdb1c4ac88c57d60404,0x8c2059a357c2aaa64e31267a12906e3fd1a5e2610e10a778f7d02d4b7b0411a6
193,2.7624309392265194,0.0005,0x4c2fb430e95954bcfa54ce4741a9fc2ff6e415ad,2017-09-13T21:16:54.000Z,0.000181,0x32ad720c6de7941785335653b1478024d8082470,buy,0xf4134146af2d511dd5ea8cdb1c4ac88c57d60404,0xda629a08c54c147684e2d3057ed75b2cb085ea11ff9a51080b095b085efa08e1
194,0.000009848635856792,0.000000001969628685,0x87eb8e079ded802c2ee2b34af5641884ae5aec05,2017-09-12T01:44:39.000Z,0.00019999000000001704,0xd764f9099e0bc9bda422d21de715bf863e3de840,buy,0xf4134146af2d511dd5ea8cdb1c4ac88c57d60404,0x8e3e4b288630fb561311779e8124b94b7d77fc118a455c3374791312e900f2df
195,0.09879166623883194,0.000019757345331104,0x87eb8e079ded802c2ee2b34af5641884ae5aec05,2017-09-12T01:37:54.000Z,0.00019999,0xd764f9099e0bc9bda422d21de715bf863e3de840,buy,0xf4134146af2d511dd5ea8cdb1c4ac88c57d60404,0x67c1756be76883f5f418adc07c63a9702d661a0bbfda5915135a2e0a4ce4b0b2
196,1903.399,0.28550985,0x5104efc872d45dba3a97bf02aebe240dfc283321,2017-09-11T14:27:21.000Z,0.00015,0xd764f9099e0bc9bda422d21de715bf863e3de840,sell,0xf4134146af2d511dd5ea8cdb1c4ac88c57d60404,0x4d1cf5ff60280c8dd55685d6fa9f30dc8af6cbbfc4d673903ae2b10469b21cf3
197,1096.6005383311733,0.164490080749676,0x5104efc872d45dba3a97bf02aebe240dfc283321,2017-09-10T22:57:05.000Z,0.00015,0x8f94175404475f87a197bf3044cb9a2da6fa46af,sell,0xf4134146af2d511dd5ea8cdb1c4ac88c57d60404,0xc60f491444b75632645edc010463c7cc016ef85875ee0ad3dfb9445f279304c1
198,258.268,0.04907092,0x5104efc872d45dba3a97bf02aebe240dfc283321,2017-09-10T16:38:58.000Z,0.00019,0xd764f9099e0bc9bda422d21de715bf863e3de840,buy,0xf4134146af2d511dd5ea8cdb1c4ac88c57d60404,0x0691ebf67294c4a82cfb415e10d422ea48d5ac99bb240da73604fe6e7a340546
199,2.6315789473684212,0.0005,0x64b604630e055318093215b7ed41697ca4fb5de6,2017-09-10T05:12:22.000Z,0.00019,0xd764f9099e0bc9bda422d21de715bf863e3de840,buy,0xf4134146af2d511dd5ea8cdb1c4ac88c57d60404,0x21afbc56e7c11f296f51baa62230958181ea479a47f66ce5416f03ffee823393
200,100,0.0185,0xc6660a835c352bf39d6b5b170c65d8e3f03a6b6a,2017-09-10T03:23:56.000Z,0.000185,0xab6c79a9d40bda2e8925207e1d38f432847354e5,buy,0xf4134146af2d511dd5ea8cdb1c4ac88c57d60404,0x1884218ad83c1bb36395a4f676eaf09ff68575025e107aa63a2486ec0b14b904
201,4012.5610607117933,0.5216329378925332,0x293d5d17676ab4055476da1606b534d02214fc35,2017-09-10T03:01:33.000Z,0.00013,0x8ff3a0b7689f964774cf15faa82e639ebaa2cdff,sell,0xf4134146af2d511dd5ea8cdb1c4ac88c57d60404,0xed7c6d43bbed0339d5d0ecdb833292166953a64e55ecdc534482301fede856ee
202,1700,0.289,0x714cf1e7d7ec9f915550faa450908aac31bc86f8,2017-09-09T19:43:33.000Z,0.00017,0xd764f9099e0bc9bda422d21de715bf863e3de840,sell,0xf4134146af2d511dd5ea8cdb1c4ac88c57d60404,0x834e3b08dcd0bd56bf886c48f0f78c8c79763da42edc4a873ccec6f6ab7e65c2
203,6015.5627255507925,0.09023344088326189,0xccd41fd2dc66d60460351afad6297ea3d00b7fb9,2017-09-09T08:50:52.000Z,0.000015,0xe95d69be9424131cc656402996b51c4d153d7726,sell,0xf4134146af2d511dd5ea8cdb1c4ac88c57d60404,0x5f017a39f87943cc851ec7e191963ec1ba18e52f309bb9e74c2f968ad7712b98
204,2000,0.3,0xccd41fd2dc66d60460351afad6297ea3d00b7fb9,2017-09-09T08:36:25.000Z,0.00015,0xe95d69be9424131cc656402996b51c4d153d7726,sell,0xf4134146af2d511dd5ea8cdb1c4ac88c57d60404,0xd570676ea36726ac9e85aed14799d1d4a8eaeb38dc56a27b27ebcb851fa31858
205,1065.8847,0.2131758741153,0x1c63598bed847355b552a55a787d46ca51bf8946,2017-09-07T19:05:04.000Z,0.000199999,0xeb19e912a51eb267cd423dcf0934d1a7f971ad66,buy,0xf4134146af2d511dd5ea8cdb1c4ac88c57d60404,0xac6c18d4cc0437847e96373c5ebd3489f7e501e1b96aeafa5dd2e006b507ba91
206,1345.8282878057585,0.20187424317086378,0x992b4d3fad7fd88eb46bf7a24efa2ffededa2f38,2017-09-07T16:47:52.000Z,0.00015,0x669f0ab96fd3beb68bc836bb874894bbb516331a,sell,0xf4134146af2d511dd5ea8cdb1c4ac88c57d60404,0x64ac8216d0c1211c7208f9c465e12326df58e2e6f131b8bf39adcc36196a4b42
207,1100,0.869,0x8f94175404475f87a197bf3044cb9a2da6fa46af,2017-09-07T08:47:49.000Z,0.00079,0x4ab5bfddafbd1507707415be517699d09fd16158,buy,0xf4134146af2d511dd5ea8cdb1c4ac88c57d60404,0xc1e31d8af7ddda7dc3ffc89569497221325a4980489521b9a4f8ff7149c5b8a0
208,1065.8847572525171,0.1449613928710996,0xeb19e912a51eb267cd423dcf0934d1a7f971ad66,2017-09-07T07:16:14.000Z,0.000136001,0xeddf1956593ec725a0964401d291f4250463abaf,sell,0xf4134146af2d511dd5ea8cdb1c4ac88c57d60404,0x72826c5ddbc83fd87fbc9eae85ad58cd7017a103d802395eb6be2e2cab987298
209,430.811,0.068498518189,0x8de015433657626187c93fcf6f75704940e06211,2017-09-07T05:35:29.000Z,0.000158999,0x254fb89e4cab71708eaab16e067ca8156a38e18a,buy,0xf4134146af2d511dd5ea8cdb1c4ac88c57d60404,0x592a7919ba2e7a5a9823ab99e428b4a294f27555e47e0bc0608d762f0780c416
210,1069.189,0.169999981811,0xeddf1956593ec725a0964401d291f4250463abaf,2017-09-06T12:52:16.000Z,0.000158999,0x254fb89e4cab71708eaab16e067ca8156a38e18a,buy,0xf4134146af2d511dd5ea8cdb1c4ac88c57d60404,0x0604dd4067879d807106188432c029ff198d8e1452fff9ff54d29cf94a591c40
211,1993.8191606021335,0.27115940584189013,0x254fb89e4cab71708eaab16e067ca8156a38e18a,2017-09-05T07:20:51.000Z,0.000136,0xc85d3baba724711ce7b43e746acf9c6bf38e6ec5,sell,0xf4134146af2d511dd5ea8cdb1c4ac88c57d60404,0xa612c43e01fb57947754faf338dfcb4f180a3143522b2d63cbe51cadb30508cf
212,2492.585516053658,0.33649904466724384,0xc0ad1a27233940e60e96c242de701aee9d6baff4,2017-09-05T03:18:47.000Z,0.000135,0xf852d19fdf61bb2dabf5c4d9c074ccf4a08146e7,sell,0xf4134146af2d511dd5ea8cdb1c4ac88c57d60404,0x9fff10597563a8a3b6ce278aa744f7defbd51ce8961829c60d1dc2b9440e851b
213,5.9515501943973685,0.000760429568338151,0x7ff6dade60b697ef9fb6249196f75812b7d26ba2,2017-09-04T23:31:01.000Z,0.00012776999999999987,0xb53ac2f3787785996797b3af60bddea45a59dfd9,sell,0xf4134146af2d511dd5ea8cdb1c4ac88c57d60404,0x9dc6fcfc87ddbdc10854466ce611e2c2a40822547c59624fab62397b18e669e6
214,26418.10387797827,3.375441132489283,0x7ff6dade60b697ef9fb6249196f75812b7d26ba2,2017-09-04T22:45:48.000Z,0.00012777,0x8cd3bec93d81f900f4faef7f40259d392b616a7e,sell,0xf4134146af2d511dd5ea8cdb1c4ac88c57d60404,0x86875f1fa288946e76b5b5f1d3cd69fba98cbffadda74912c6a5f7dbac4bc3ad
215,10,0.0011,0x78b0e4933f5b7d90102367e28efcde256998411e,2017-09-04T16:39:07.000Z,0.00011,0xb53ac2f3787785996797b3af60bddea45a59dfd9,sell,0xf4134146af2d511dd5ea8cdb1c4ac88c57d60404,0xa52e61e3093c857eab6266f2633e36466d9a1bcab62f7544228b7162001f45e7
216,3125.311534243844,0.31565646495862826,0xd22264eac18c6eab7fbfdd9a9789a6ef2909f93a,2017-09-04T06:07:56.000Z,0.000101,0xf852d19fdf61bb2dabf5c4d9c074ccf4a08146e7,sell,0xf4134146af2d511dd5ea8cdb1c4ac88c57d60404,0xba11b90bb2c25841387239dd2dc9f3686442e6ad69cd4bbfba8eeb1a8c3e0aa9
217,2312.830226298475,0.23128302262984748,0xd22264eac18c6eab7fbfdd9a9789a6ef2909f93a,2017-09-03T22:52:09.000Z,0.0001,0xf5d45ca0532008fbc09d8667778427eae9164c6d,sell,0xf4134146af2d511dd5ea8cdb1c4ac88c57d60404,0x90f4ac63e19669394e48143b6429045833b1b9327cc57bbd3c535f12b2804605
218,0.3552138870221,0.00007104277740442,0x891705cc13e08d8b92220559290654a78d63ded2,2017-09-03T15:36:52.000Z,0.0002,0x1f77ff856747db75dc485561459b2dbccf83a0b8,buy,0xf4134146af2d511dd5ea8cdb1c4ac88c57d60404,0x9b3bad38b929378768393f9039202a87d6ca69930ba252797327f421ee957ac8
219,1.8006,0.001764588,0xe41b5e6d7328eb3a519efe0ed8d63c8d1e63acf5,2017-09-03T13:28:31.000Z,0.00098,0xb455f47fcd6cdce7bdfb72ad8eb4306db67a1fe6,sell,0xf4134146af2d511dd5ea8cdb1c4ac88c57d60404,0xd4894ad4b0678f69c43f68aa437b1981211fa1f71dee55502be80a546719ac19
220,600,0.2664,0xdd5ed75a9175b77685cfd27124f86b3a6c053660,2017-09-03T12:49:33.000Z,0.000444,0xe389dd6220a8deeca36b45dfd717421582e2e153,buy,0xf4134146af2d511dd5ea8cdb1c4ac88c57d60404,0xe3ef7faa8d85e82024f3f1c3f8d3fa750ebc6c5e2c4e8a9557eb862bbf82c7f0
221,598.1994,0.586235412,0xe41b5e6d7328eb3a519efe0ed8d63c8d1e63acf5,2017-09-03T12:49:33.000Z,0.00098,0xdd5ed75a9175b77685cfd27124f86b3a6c053660,sell,0xf4134146af2d511dd5ea8cdb1c4ac88c57d60404,0xe3ef7faa8d85e82024f3f1c3f8d3fa750ebc6c5e2c4e8a9557eb862bbf82c7f0
222,143.5549795633536,0.08039078855547802,0x3261b70f0e704da93ff6a015c778e7a079584267,2017-09-03T11:02:41.000Z,0.00056,0x669f0ab96fd3beb68bc836bb874894bbb516331a,sell,0xf4134146af2d511dd5ea8cdb1c4ac88c57d60404,0x554cadccadf970676219f7c48e0c50900632b3f5cda8568e2ac33ab057794fe6
223,5800,0.8062,0x3261b70f0e704da93ff6a015c778e7a079584267,2017-09-03T10:38:21.000Z,0.000139,0x6cee94dbc619bbe3355687d8862e4a48e93e6ba3,buy,0xf4134146af2d511dd5ea8cdb1c4ac88c57d60404,0x479b99fcda6314b79836b65c9c85df39090c411a51eed46c5bfeed447d96d899
224,9.017379457016581,0.02975735220815472,0xfd0f38b78a9b799061264bc6ece94f3bffe1a3eb,2017-08-30T21:15:21.000Z,0.0033,0xc23074b0d1a724676c5480035618b930a3710282,buy,0xf4134146af2d511dd5ea8cdb1c4ac88c57d60404,0xadf1fc87fccb1c69d9d1c1f849faca8c2a91ef4fb70d4bfb801f44c984a7e6f5
