,amount,amountBase,buyer,date,price,seller,side,tokenAddr,txHash
0,0.026595,0.0005,0x3075f7f189912f4f425dd7021b9c396434197477,2017-11-02T08:55:33.000Z,0.018800526414739612,0x403bf1082d62f5ae02127efe4a5b291378cb61b0,buy,0xc3951d77737733174152532e8b0f27e2c4e9f0dc,0xf110e162f9a8b45f572b465bda641f36ade96d32c31ec5f214c622a4ab224559
1,0.026595,0.0005,0x4fda9e6bcd83af6c5cc771b5d20accc2b7720074,2017-11-02T08:55:18.000Z,0.018800526414739612,0x403bf1082d62f5ae02127efe4a5b291378cb61b0,buy,0xc3951d77737733174152532e8b0f27e2c4e9f0dc,0x0ce9c2fa09e6f1f3257e525e107aab2b5b4dfea4ca76005465524df45da27473
2,49.352507,0.9278271358787757,0x1cb87d28fca9aacb12f483b9cd78c5f472c43dc5,2017-11-02T02:03:48.000Z,0.018800000086698247,0x403bf1082d62f5ae02127efe4a5b291378cb61b0,buy,0xc3951d77737733174152532e8b0f27e2c4e9f0dc,0x7892dc4e78dd67b49172617d9b6b1b14b050f3304ec44ac39c70ef45f1c61bad
3,94.946808,1.784998955,0xb89cba04266d1ef91c42cbe7d90ef60e79ca9ffc,2017-11-01T18:55:17.000Z,0.01879998909494672,0x42d1b146d1c0ebcb75c0b9e959deda1d4fc11545,buy,0xc3951d77737733174152532e8b0f27e2c4e9f0dc,0x4bf2ab505d856b262cd1d8e594f7aff4f2f87c5a974dbeba73f28e358281c81e
4,2.75,0.051337,0xb89cba04266d1ef91c42cbe7d90ef60e79ca9ffc,2017-11-01T18:51:50.000Z,0.018668,0xf9ffafd71db3193eb042c8db76e573669323f148,buy,0xc3951d77737733174152532e8b0f27e2c4e9f0dc,0xa95ee4aa948622fc6d3b9706db9d86af5098c69378a9b434593b9730164d0f07
5,7.25,0.135343,0x7102f09bc19df4bc71aa39c85c7f390704da2078,2017-11-01T17:31:47.000Z,0.018668,0xf9ffafd71db3193eb042c8db76e573669323f148,buy,0xc3951d77737733174152532e8b0f27e2c4e9f0dc,0x5b159ddcfa4e98ece568c98b562373b145c9fe966b158127f3e284cc8761e76c
6,2.410866,0.045003648636511934,0x7102f09bc19df4bc71aa39c85c7f390704da2078,2017-11-01T17:22:03.000Z,0.018667005398272627,0xf9ffafd71db3193eb042c8db76e573669323f148,buy,0xc3951d77737733174152532e8b0f27e2c4e9f0dc,0xab4454ad1670d4f05465230bd2077c05ce747d9d26aec44bd56bb439ac203ede
7,7.589133,0.14166635136348807,0xb89cba04266d1ef91c42cbe7d90ef60e79ca9ffc,2017-11-01T15:52:02.000Z,0.018667000744813415,0xf9ffafd71db3193eb042c8db76e573669323f148,buy,0xc3951d77737733174152532e8b0f27e2c4e9f0dc,0xd921854120da7e4e7bea0b1c95949142d96a64a1582d19497cb30e4cb463c58e
8,3,0.0558,0xb89cba04266d1ef91c42cbe7d90ef60e79ca9ffc,2017-11-01T15:40:33.000Z,0.0186,0xf9ffafd71db3193eb042c8db76e573669323f148,buy,0xc3951d77737733174152532e8b0f27e2c4e9f0dc,0xc79fcf3a271f96c910e3856516736466b5943b9a9af73e3b5805ab15519c4611
9,10,0.1869,0xb89cba04266d1ef91c42cbe7d90ef60e79ca9ffc,2017-11-01T15:38:39.000Z,0.01869,0xf9ffafd71db3193eb042c8db76e573669323f148,buy,0xc3951d77737733174152532e8b0f27e2c4e9f0dc,0xa72cff9014009a0d51aee06377f84d9a9fb12fb7968ce82989e97f69744a817d
10,1,0.0186,0x7102f09bc19df4bc71aa39c85c7f390704da2078,2017-11-01T15:18:16.000Z,0.0186,0xf9ffafd71db3193eb042c8db76e573669323f148,buy,0xc3951d77737733174152532e8b0f27e2c4e9f0dc,0x2fe818e4bfe4f5c6eed525f9147dc3303c679509fe4d34e8e5a1587aadecc092
11,4,0.0744,0xb89cba04266d1ef91c42cbe7d90ef60e79ca9ffc,2017-11-01T13:59:38.000Z,0.0186,0xf9ffafd71db3193eb042c8db76e573669323f148,buy,0xc3951d77737733174152532e8b0f27e2c4e9f0dc,0xb41ae8743e14cb08c432c411efe1025ff3c38a446f17e5202fe4981f947a15e3
12,2,0.0372,0xa03cbeeeead4346c01f0d4f959f93835377f9988,2017-11-01T10:26:12.000Z,0.0186,0xf9ffafd71db3193eb042c8db76e573669323f148,buy,0xc3951d77737733174152532e8b0f27e2c4e9f0dc,0xaedd3f76d85767dd62e76e5b5beff070ceaa1a70c73cb0cb378b600880d02ea8
13,0.000001,0.000000015,0xa0ea2bec21ca1b140252424321e81f9727ed655c,2017-10-30T16:23:51.000Z,0.015,0x0dcc2f876d979c5a96d85516b4f045dde12d03cf,buy,0xc3951d77737733174152532e8b0f27e2c4e9f0dc,0xbd8610c832abbc5d01e2128fc84c2b2b802ad73c7722d5bb95393595ef168d2b
14,0.00001,0.00000015,0xa0ea2bec21ca1b140252424321e81f9727ed655c,2017-10-30T16:12:19.000Z,0.015,0x0dcc2f876d979c5a96d85516b4f045dde12d03cf,buy,0xc3951d77737733174152532e8b0f27e2c4e9f0dc,0xe7ad6b03e78a477915bb3ba7f0b25873181b47b6e4a28b8b63ffeaebe8505440
15,2,0.09999998,0xd4ee11c66214169b17e12f9ec59186b84d75b0dd,2017-10-29T17:49:29.000Z,0.04999999,0x0b2de009825eac9a347868b44349aa32e91ef81f,buy,0xc3951d77737733174152532e8b0f27e2c4e9f0dc,0x5c11cce4d3851a3672c50345d390f2638225b27a036d8dbf26ce608a0592b17c
16,1,0.0347,0xd4ee11c66214169b17e12f9ec59186b84d75b0dd,2017-10-29T17:47:58.000Z,0.0347,0x3e246d0453d08ea726a39560ede13551bb73dfb4,buy,0xc3951d77737733174152532e8b0f27e2c4e9f0dc,0x93eeb4d22f01c64ee20d3f6c6b5010f94091cc9c13046bdc8822c9ba7c8c4ef7
17,4,0.188,0xd4ee11c66214169b17e12f9ec59186b84d75b0dd,2017-10-29T17:46:19.000Z,0.047,0xd410568a668477071515f83ff1782e5cd44a39b6,buy,0xc3951d77737733174152532e8b0f27e2c4e9f0dc,0xf911bfec681de10b8ce1dea6f7b3bd45cf2c2c75fed4bcf3469052a0611ad7bb
18,2,0.096,0xd4ee11c66214169b17e12f9ec59186b84d75b0dd,2017-10-29T17:45:07.000Z,0.048,0xd410568a668477071515f83ff1782e5cd44a39b6,buy,0xc3951d77737733174152532e8b0f27e2c4e9f0dc,0x648a94b20c3dd388c99434ab065180036e3e7780cb1c01d4732c836570de864b
19,4,0.2,0xd4ee11c66214169b17e12f9ec59186b84d75b0dd,2017-10-29T17:37:22.000Z,0.05,0x672ecc24c68d4efb455c3524bfd0885aab32f912,buy,0xc3951d77737733174152532e8b0f27e2c4e9f0dc,0x3b250847a1a7991003ae0b6142b404adc94ee38a5677ac1a4e3cda5d0c28e3ab
20,0.026595,0.0005,0x34f9560c63078eb61872a4dc2ccd20e21c34feaf,2017-10-28T20:17:38.000Z,0.018800526414739612,0x42d1b146d1c0ebcb75c0b9e959deda1d4fc11545,buy,0xc3951d77737733174152532e8b0f27e2c4e9f0dc,0x934a6c86246fda62823cd03947cad285a566bba87e74165129d29633a7e1a1b8
21,0.026595,0.0005,0xe444a40689f51f63bcd29910622035707d533d29,2017-10-28T20:14:57.000Z,0.018800526414739612,0x42d1b146d1c0ebcb75c0b9e959deda1d4fc11545,buy,0xc3951d77737733174152532e8b0f27e2c4e9f0dc,0xbd15abfba7010315d230750bbe80c394f4b2a2acebb2d070123a0315b64ad83f
22,10,0.06,0x0ce4b16411b408bc9f06d456175db3cc79b25299,2017-10-27T18:40:16.000Z,0.006,0x4d7749a19b4ac7cb2295aa652276d0eadbe5f4ae,sell,0xc3951d77737733174152532e8b0f27e2c4e9f0dc,0x8b35963339654c3eb76a705e6507034469ae7a0d39b23e5d95c0c4580484550e
23,5.8,0.06959942,0xc0db53f7a4f6ee1d8d635adffd51ebc25634e35f,2017-10-26T14:54:13.000Z,0.0119999,0x42d1b146d1c0ebcb75c0b9e959deda1d4fc11545,buy,0xc3951d77737733174152532e8b0f27e2c4e9f0dc,0x358f83331f685fcb8387a8d573c8decf098221e65fefabd3c114eba80def6b39
24,14,0.1679986,0xc0db53f7a4f6ee1d8d635adffd51ebc25634e35f,2017-10-26T14:05:54.000Z,0.0119999,0x42d1b146d1c0ebcb75c0b9e959deda1d4fc11545,buy,0xc3951d77737733174152532e8b0f27e2c4e9f0dc,0x8631b2b2f034e8c932f357cd3fee91abb9dac5d4d65009c450902855f2da4a67
25,2,0.0239998,0xc0db53f7a4f6ee1d8d635adffd51ebc25634e35f,2017-10-26T13:48:58.000Z,0.0119999,0x42d1b146d1c0ebcb75c0b9e959deda1d4fc11545,buy,0xc3951d77737733174152532e8b0f27e2c4e9f0dc,0x5d8c681c048667e639d953f4b5eca0ca8606e48db9d6a730d79590889be2225a
26,90.662898,1.0698221990283918,0xc0db53f7a4f6ee1d8d635adffd51ebc25634e35f,2017-10-26T13:46:38.000Z,0.011800000028990822,0x4de6bf61916eafb0510af6aa45e0cf994a571adb,buy,0xc3951d77737733174152532e8b0f27e2c4e9f0dc,0x2a16551084913562a693ddb6bb2e747e61304599b953923ef8d97b4f63245915
27,4,0.0240000004,0x0ce4b16411b408bc9f06d456175db3cc79b25299,2017-10-26T12:10:40.000Z,0.0060000001,0xc0db53f7a4f6ee1d8d635adffd51ebc25634e35f,sell,0xc3951d77737733174152532e8b0f27e2c4e9f0dc,0x6056f29c876bde33475248f34b06bbd5387c79a589a35cbfe0d4e834f6c8afbe
28,2.535193,0.029915288855758733,0xc0db53f7a4f6ee1d8d635adffd51ebc25634e35f,2017-10-26T10:49:36.000Z,0.011800004518692949,0x4de6bf61916eafb0510af6aa45e0cf994a571adb,buy,0xc3951d77737733174152532e8b0f27e2c4e9f0dc,0x19e6304a41ede5df2782ec325fb61ef3c66850ee41a55863270c13e5f53e644a
29,6.801907,0.0802625121158494,0xc0db53f7a4f6ee1d8d635adffd51ebc25634e35f,2017-10-26T08:32:42.000Z,0.011800001398997279,0x4de6bf61916eafb0510af6aa45e0cf994a571adb,buy,0xc3951d77737733174152532e8b0f27e2c4e9f0dc,0x234ec5e147f84ff7af797d859aaab7c50ffb7837428dd89ff50950e97e360a00
30,42,0.405299958,0x9778550d76b07ac9f5e57392f68ecdf6efc1774e,2017-10-26T01:13:50.000Z,0.009649999,0x42d1b146d1c0ebcb75c0b9e959deda1d4fc11545,buy,0xc3951d77737733174152532e8b0f27e2c4e9f0dc,0xeb7252c7ba2d67051faebac49c613a02a6bb8b212971cd78781fc85b8f83c85e
31,23,0.221949977,0xb22212c21844796914ee89fb5f9e3cabd98f7c8e,2017-10-25T21:42:57.000Z,0.009649999,0x42d1b146d1c0ebcb75c0b9e959deda1d4fc11545,buy,0xc3951d77737733174152532e8b0f27e2c4e9f0dc,0xe516134c448c842cdc6d777ee8b2c3c1a899c4dd77f8b4193c0bf11a8358b237
32,5,0.0475,0xb22212c21844796914ee89fb5f9e3cabd98f7c8e,2017-10-25T21:25:11.000Z,0.0095,0x422d4d1f8a9373dc8b75f3e1aeab786083f38a51,buy,0xc3951d77737733174152532e8b0f27e2c4e9f0dc,0x4125a959fc530c682bd60183b047dbc6280786c76d1d91fb7613f8325991b09c
33,33,0.318449967,0xb22212c21844796914ee89fb5f9e3cabd98f7c8e,2017-10-25T19:44:25.000Z,0.009649999,0x42d1b146d1c0ebcb75c0b9e959deda1d4fc11545,buy,0xc3951d77737733174152532e8b0f27e2c4e9f0dc,0x2e775accb83835aead4a2ffd356e27a68d3424d7a590693549a0442bd94686e8
34,5.5,0.046749945,0xb22212c21844796914ee89fb5f9e3cabd98f7c8e,2017-10-25T19:35:55.000Z,0.00849999,0x42d1b146d1c0ebcb75c0b9e959deda1d4fc11545,buy,0xc3951d77737733174152532e8b0f27e2c4e9f0dc,0xcfcb06cb579d1c62bbb8ae61d0fb24fc2561e16a44dd16d1b44715f854dfdb4e
35,10.8,0.09072,0xb22212c21844796914ee89fb5f9e3cabd98f7c8e,2017-10-25T19:32:53.000Z,0.0084,0x1f0c8da3c503fed1e08067f04fb6dfe2a5b5a265,buy,0xc3951d77737733174152532e8b0f27e2c4e9f0dc,0xf0c0bea061a87fea3d836a5267471399bef85a8d44aaf81995e8c8dcb010b956
36,104.867,0.87983413,0xb22212c21844796914ee89fb5f9e3cabd98f7c8e,2017-10-25T19:30:20.000Z,0.00839,0x4de6bf61916eafb0510af6aa45e0cf994a571adb,buy,0xc3951d77737733174152532e8b0f27e2c4e9f0dc,0xbefcb99406ae800a7014d657967a80587e046a621e46a95045b3ddc501579168
37,40,0.3356,0xdb95ffc525554da455565b6f68c2c3b0b74e8a16,2017-10-25T18:29:56.000Z,0.00839,0x4de6bf61916eafb0510af6aa45e0cf994a571adb,buy,0xc3951d77737733174152532e8b0f27e2c4e9f0dc,0x32cb239a7d50d4686cdb0cb1774e49669593ef69c0e701e3ade18879b8e7d9c6
38,45,0.37755,0x0ce4b16411b408bc9f06d456175db3cc79b25299,2017-10-25T17:58:07.000Z,0.00839,0x4de6bf61916eafb0510af6aa45e0cf994a571adb,buy,0xc3951d77737733174152532e8b0f27e2c4e9f0dc,0x4fbd2379415b8cb43af394714f3d327252634b91f08ec080747bbd602bea4c27
39,30,0.24,0x0ce4b16411b408bc9f06d456175db3cc79b25299,2017-10-25T17:22:54.000Z,0.008,0x19cfd9ea9cce0e07b7b6079c8adf9030a6c42285,buy,0xc3951d77737733174152532e8b0f27e2c4e9f0dc,0x9c60aa8cd72bade7b47ea54fc45a105a11e9eb9ea5298d57534c16f02dce59af
40,11.065696,0.05665636352,0x0ce4b16411b408bc9f06d456175db3cc79b25299,2017-10-25T17:00:24.000Z,0.00512,0x704e0de2534102e3102f358e6c78568d13053aaa,sell,0xc3951d77737733174152532e8b0f27e2c4e9f0dc,0x5b7b0d44f4b687c6200de484f3d8e9d141e229578e2b804e1be6031ff52a22f1
41,19.938191,0.10188415601,0x0ce4b16411b408bc9f06d456175db3cc79b25299,2017-10-25T15:08:18.000Z,0.00511,0xb16a10f472773768883b347019395499e54418fe,sell,0xc3951d77737733174152532e8b0f27e2c4e9f0dc,0x31a931db217b22f987a5c9b37de7daae713f9e3ee86a010f6f18bf0e3c2f7662
42,10,0.0839,0xf6a7222207c2e93d2013c76310316b5204fe89f5,2017-10-25T09:56:16.000Z,0.00839,0x4de6bf61916eafb0510af6aa45e0cf994a571adb,buy,0xc3951d77737733174152532e8b0f27e2c4e9f0dc,0x2216e4dc667a8f451c1da63f93558dbdde39688c3a430b2c19ae3142aa6a6e5f
43,12,0.10199988,0xf6a7222207c2e93d2013c76310316b5204fe89f5,2017-10-25T00:18:26.000Z,0.00849999,0x42d1b146d1c0ebcb75c0b9e959deda1d4fc11545,buy,0xc3951d77737733174152532e8b0f27e2c4e9f0dc,0x8d80658477683a839d2f78062afb979c7ae2cb651a304960c5319233688d1b0f
44,10,0.0849999,0xf6a7222207c2e93d2013c76310316b5204fe89f5,2017-10-25T00:07:23.000Z,0.00849999,0x42d1b146d1c0ebcb75c0b9e959deda1d4fc11545,buy,0xc3951d77737733174152532e8b0f27e2c4e9f0dc,0xed4718a747ae02d31fc084ccbd5465bead10802b2dab2a84a5dcc10dec1999a5
45,10,0.0849999,0xf6a7222207c2e93d2013c76310316b5204fe89f5,2017-10-24T23:52:31.000Z,0.00849999,0x42d1b146d1c0ebcb75c0b9e959deda1d4fc11545,buy,0xc3951d77737733174152532e8b0f27e2c4e9f0dc,0x2233567d15b9d532fce98d1a2d1ad6e224986eabb2c834d93a6446ba2b4da0a4
46,60.5,0.514249395,0x9778550d76b07ac9f5e57392f68ecdf6efc1774e,2017-10-24T23:15:00.000Z,0.00849999,0x42d1b146d1c0ebcb75c0b9e959deda1d4fc11545,buy,0xc3951d77737733174152532e8b0f27e2c4e9f0dc,0xde69c7e612aca0996e34173a7aea28f5501c00de0323b2461a9cf90623dee906
47,30,0.2547,0x9778550d76b07ac9f5e57392f68ecdf6efc1774e,2017-10-24T23:13:40.000Z,0.00849,0x3da9ab8ab69bfae5910663e703c3394193ac4df8,buy,0xc3951d77737733174152532e8b0f27e2c4e9f0dc,0x329dd47f7fe9bffb9917bb04dce9b60ec08c21b7824fce1164ed6738f2b5f105
48,69.5,0.54905,0x9778550d76b07ac9f5e57392f68ecdf6efc1774e,2017-10-24T23:12:36.000Z,0.0079,0xcb00f7f20364e815aa6e4b298fe29adc6faae215,buy,0xc3951d77737733174152532e8b0f27e2c4e9f0dc,0x58f1a928c09c60555b9f0c75bffa6696a9b7f0a3d239f42203ee969d1d8428be
49,28,0.2212,0xf6a7222207c2e93d2013c76310316b5204fe89f5,2017-10-24T20:58:31.000Z,0.0079,0xcb00f7f20364e815aa6e4b298fe29adc6faae215,buy,0xc3951d77737733174152532e8b0f27e2c4e9f0dc,0x4dc5dd320789e002033d76dbfdd92fe0e0e67ae0cb3628b4e6392c39aa3b4703
50,30,0.237,0xf6a7222207c2e93d2013c76310316b5204fe89f5,2017-10-24T20:29:36.000Z,0.0079,0xcb00f7f20364e815aa6e4b298fe29adc6faae215,buy,0xc3951d77737733174152532e8b0f27e2c4e9f0dc,0x0a3a82c5bfacd60bdd27f7b59d2815b0c2f4245497a2f5417cad1a532bdab5c3
51,20,0.158,0xf6a7222207c2e93d2013c76310316b5204fe89f5,2017-10-24T20:14:22.000Z,0.0079,0xcb00f7f20364e815aa6e4b298fe29adc6faae215,buy,0xc3951d77737733174152532e8b0f27e2c4e9f0dc,0x921be1ee0b40b7d25c45205f0ce3423496a598500b6f44ffb04629461d1e629c
52,19,0.1501,0xf6a7222207c2e93d2013c76310316b5204fe89f5,2017-10-24T19:48:37.000Z,0.0079,0xcb00f7f20364e815aa6e4b298fe29adc6faae215,buy,0xc3951d77737733174152532e8b0f27e2c4e9f0dc,0x58263fcbd0bcdb7db722cbf21202d61290dffba205ff2af03a7229eb0142fd93
53,16.497,0.1303263,0xf6a7222207c2e93d2013c76310316b5204fe89f5,2017-10-24T19:29:53.000Z,0.0079,0x19cfd9ea9cce0e07b7b6079c8adf9030a6c42285,buy,0xc3951d77737733174152532e8b0f27e2c4e9f0dc,0x5c718f3350d9741abc9a0bb2dfe48f08dadedb020f6caa783ee39687382ad6c5
54,22,0.1738,0xdb95ffc525554da455565b6f68c2c3b0b74e8a16,2017-10-24T19:06:24.000Z,0.0079,0x19cfd9ea9cce0e07b7b6079c8adf9030a6c42285,buy,0xc3951d77737733174152532e8b0f27e2c4e9f0dc,0x7c8ef7f5ae51bf90141049aa8188fc6b70457e3ac0fea9355b55b49a63b4841f
55,3,0.02367,0xdb95ffc525554da455565b6f68c2c3b0b74e8a16,2017-10-24T19:04:07.000Z,0.00789,0x3da9ab8ab69bfae5910663e703c3394193ac4df8,buy,0xc3951d77737733174152532e8b0f27e2c4e9f0dc,0xaa733076187d73e1d656ada0ceb24d75ed97e951d91874a9a2c111777f5dd838
56,52.622882,0.41572077559565346,0xf6a7222207c2e93d2013c76310316b5204fe89f5,2017-10-24T18:56:21.000Z,0.007900000148141895,0x19cfd9ea9cce0e07b7b6079c8adf9030a6c42285,buy,0xc3951d77737733174152532e8b0f27e2c4e9f0dc,0x135e45d6f2628ff167213c139ecb60639e5ad43cf02f06af8a9daeadbd2387ee
57,14,0.11046,0xf6a7222207c2e93d2013c76310316b5204fe89f5,2017-10-24T18:44:06.000Z,0.00789,0x3da9ab8ab69bfae5910663e703c3394193ac4df8,buy,0xc3951d77737733174152532e8b0f27e2c4e9f0dc,0x2d70e9a3c9eefd6f506175d465f40f96438fd820f4bed8d66b4de15bb137ec02
58,13,0.10257,0xf6a7222207c2e93d2013c76310316b5204fe89f5,2017-10-24T18:22:48.000Z,0.00789,0x3da9ab8ab69bfae5910663e703c3394193ac4df8,buy,0xc3951d77737733174152532e8b0f27e2c4e9f0dc,0x2b19c3a47198903ddc31f7adc1f6fc2a1138c34788ad6c62212c5aeee0fae578
59,12,0.0948,0xf6a7222207c2e93d2013c76310316b5204fe89f5,2017-10-24T17:53:58.000Z,0.0079,0x19cfd9ea9cce0e07b7b6079c8adf9030a6c42285,buy,0xc3951d77737733174152532e8b0f27e2c4e9f0dc,0x4f7c60299e2b04220997bd608e7fc1250bc3c7193e9d020fc6b667da94c2be72
60,10,0.079,0xf6a7222207c2e93d2013c76310316b5204fe89f5,2017-10-24T17:14:12.000Z,0.0079,0x19cfd9ea9cce0e07b7b6079c8adf9030a6c42285,buy,0xc3951d77737733174152532e8b0f27e2c4e9f0dc,0xc74876898c5ea0d3a957c09919800fb5da433b46854a40eaf578f3ad0f10bcbb
61,1,0.0079,0xf47ac5a53372ee6bd0041f10c0ffa53662843f62,2017-10-24T08:47:43.000Z,0.0079,0x19cfd9ea9cce0e07b7b6079c8adf9030a6c42285,buy,0xc3951d77737733174152532e8b0f27e2c4e9f0dc,0x8c141abce8c3feed59c5eac8899d038a51b7531da355d1d2b1d5e1c1a0077275
62,139.597248,0.7538251392,0x4de6bf61916eafb0510af6aa45e0cf994a571adb,2017-10-23T08:16:58.000Z,0.0054,0x9875ff906b24ac520ac614e2ec93d4981ae40809,sell,0xc3951d77737733174152532e8b0f27e2c4e9f0dc,0xf579920b47cc1d851c0c9962227ca490f2efbd0e8e41a4e6a8adfdf1e4386436
63,28.335624,0.1530123696,0x4de6bf61916eafb0510af6aa45e0cf994a571adb,2017-10-23T08:08:49.000Z,0.0054,0x517957b4b6ece71456b6867ea55cd5d6c91e2c81,sell,0xc3951d77737733174152532e8b0f27e2c4e9f0dc,0x228f53492fa7aeb17570bab4b2d131bb50d54d6623ed06601c974f6e9d4940e8
64,49.048003,0.2648592162,0x4de6bf61916eafb0510af6aa45e0cf994a571adb,2017-10-23T02:02:30.000Z,0.0054,0xc0db53f7a4f6ee1d8d635adffd51ebc25634e35f,sell,0xc3951d77737733174152532e8b0f27e2c4e9f0dc,0xf4bbf1ed5b4351799a57c231d506fedfd36ac09ea010758a1d7d2cf7dc57f35a
65,1,0.0079,0x3ac636ac5c3a2576156ac5f10066ca68abe0ad54,2017-10-19T11:13:10.000Z,0.0079,0x517957b4b6ece71456b6867ea55cd5d6c91e2c81,buy,0xc3951d77737733174152532e8b0f27e2c4e9f0dc,0xd3194440327b6501b5a3d2fed8c072b3bd5f10ebbf882afbfbbde450e811b776
66,0.063291,0.0005,0x379374d13077e8867ef31803c37baf9785a17c00,2017-10-18T15:07:11.000Z,0.007900017380038236,0x517957b4b6ece71456b6867ea55cd5d6c91e2c81,buy,0xc3951d77737733174152532e8b0f27e2c4e9f0dc,0x32e92898e345448c89601fb15db7b22d908a7b165d9add9f24bc9cf5b2859819
67,0.063291,0.0005,0xf9695cd65d6dfdf257fab76a3eb0cb8f001971cc,2017-10-18T15:05:25.000Z,0.007900017380038236,0x517957b4b6ece71456b6867ea55cd5d6c91e2c81,buy,0xc3951d77737733174152532e8b0f27e2c4e9f0dc,0xe6cdbd9050a02aeefedfd55023b0422c2d0732339bab39ddc7c87fce389d4764
68,0.055187,0.0005,0x16e5d97bbc92417e051e3b2cabfbf8ceea2acb9c,2017-10-17T17:23:20.000Z,0.009060104734810734,0x3da9ab8ab69bfae5910663e703c3394193ac4df8,buy,0xc3951d77737733174152532e8b0f27e2c4e9f0dc,0x9823ea1af699015930e5b5a459ff22e4fe46c784dc2a4b97f9b9127cb59a2146
69,0.055187,0.0005,0x42c24a83bded723edfdf5883bc7efb30bc1a1bf3,2017-10-17T15:04:05.000Z,0.009060104734810734,0x3da9ab8ab69bfae5910663e703c3394193ac4df8,buy,0xc3951d77737733174152532e8b0f27e2c4e9f0dc,0xd4fc8ef12efd66c67fba935aa15c09d98d40cd585b7c0bc12da6a48c6c2dd18b
70,0.055005,0.0005,0xcd912af5286dc0b0a23edb30209734ecb60838b3,2017-10-17T05:02:12.000Z,0.00909008271975275,0x517957b4b6ece71456b6867ea55cd5d6c91e2c81,buy,0xc3951d77737733174152532e8b0f27e2c4e9f0dc,0x59e342294825762752fa6f7631d42044c0b6288830ab323355326a0d78313bb0
71,21.94503,0.199480331217589,0x41951225ff2851251f552a409533183bfc91217f,2017-10-16T15:49:54.000Z,0.00909000038813294,0x517957b4b6ece71456b6867ea55cd5d6c91e2c81,buy,0xc3951d77737733174152532e8b0f27e2c4e9f0dc,0x8ee7d60adc28dfec3233759cbaeb2272ba5a2d4779fa129e9d126fddd0ff0141
72,12,0.012024,0x4de6bf61916eafb0510af6aa45e0cf994a571adb,2017-10-16T01:08:31.000Z,0.001002,0xdd4abe3b656cdcb198b0f52bee78d672e55724db,sell,0xc3951d77737733174152532e8b0f27e2c4e9f0dc,0xf00e914a04e3edfda017d1297a8dcb1b2cf66ab8f412196a57f21ea82770f078
73,1.076654,0.0010228213,0x938cd068ea9bf1d37b217f8aa696d154551a93e4,2017-10-14T12:15:24.000Z,0.00095,0x57b070709b9baffa065ec5a284ebf26b98398dcc,sell,0xc3951d77737733174152532e8b0f27e2c4e9f0dc,0xf45ec6819cf0609295cf3ff2c85b825376b13702d5edd906216567640d2a1f6e
74,10.535424,0.09977046630587602,0x41951225ff2851251f552a409533183bfc91217f,2017-10-14T01:56:35.000Z,0.009470000097373966,0x4de6bf61916eafb0510af6aa45e0cf994a571adb,buy,0xc3951d77737733174152532e8b0f27e2c4e9f0dc,0x8e75eadbbb10157f648759737957373e7fc47592446e196d49c48f6abb72c26d
75,35.080375,0.32624749235370354,0x41951225ff2851251f552a409533183bfc91217f,2017-10-13T21:28:32.000Z,0.00930000013835951,0x517957b4b6ece71456b6867ea55cd5d6c91e2c81,buy,0xc3951d77737733174152532e8b0f27e2c4e9f0dc,0xb39d8dc1400643f0b9c0dd0aab566e1f8db9161546f509d50a333f39a8cf13d5
76,68.607317,0.0638116655417,0x4de6bf61916eafb0510af6aa45e0cf994a571adb,2017-10-12T05:51:38.000Z,0.0009301,0x20abf65634219512c6c98a64614c43220ca2085b,sell,0xc3951d77737733174152532e8b0f27e2c4e9f0dc,0x62b4de86aa14b5add52307efa40cde83a4a063d9e8d458882027d501c03781dc
77,17.54,0.15786,0x41951225ff2851251f552a409533183bfc91217f,2017-10-11T17:13:14.000Z,0.009,0xbdf3dfa5f0a94fe481ee2e05798e0b98a11b817e,buy,0xc3951d77737733174152532e8b0f27e2c4e9f0dc,0xfaa9154dd0cddcb1accb2b0e2abfd485cce57d6cc959efdc5222aa5778915b29
78,5.981463,0.00556276059,0x4de6bf61916eafb0510af6aa45e0cf994a571adb,2017-10-11T03:28:42.000Z,0.00093,0x5aed459e223098c3a2459602880025d5bf434164,sell,0xc3951d77737733174152532e8b0f27e2c4e9f0dc,0x0fbf3c5d970b8a3d729dbb673d6c3fcdfd0b3016d3c96f7ac6d006341e2a67a7
79,107.562465,1.494042646753838,0x41951225ff2851251f552a409533183bfc91217f,2017-10-08T22:20:42.000Z,0.013890000073481375,0x19cfd9ea9cce0e07b7b6079c8adf9030a6c42285,buy,0xc3951d77737733174152532e8b0f27e2c4e9f0dc,0x2d61e042b7a16a5c35d7b7a88bdd3bcc174cecc8ddce94bf30984615e084a446
80,50,0.5,0x41951225ff2851251f552a409533183bfc91217f,2017-10-08T22:09:03.000Z,0.01,0x517957b4b6ece71456b6867ea55cd5d6c91e2c81,buy,0xc3951d77737733174152532e8b0f27e2c4e9f0dc,0x52930fb6ac51a61463a822fd8983704f8f3fe85d017e9495583da1c409993132
81,1.70068,0.016666664,0x5d5065b42bdee0274e394ba9042c21e1818c69cf,2017-10-08T16:47:32.000Z,0.0098,0xdc72b3394b3a1c460a13c077aa2f1ce79f57e220,sell,0xc3951d77737733174152532e8b0f27e2c4e9f0dc,0x1c2b030b5d3aaf7fc75343b06fa4526728dc3e7d2a97ea39fcc2acf699047808
82,35,0.339500035,0x0b2de009825eac9a347868b44349aa32e91ef81f,2017-10-08T12:53:02.000Z,0.009700001,0x517957b4b6ece71456b6867ea55cd5d6c91e2c81,sell,0xc3951d77737733174152532e8b0f27e2c4e9f0dc,0x18a3356e7807989c81ee5ce43638b13a51d254b26ad7469e3474cd5f16a2b0d9
83,28.145,0.275821,0x938cd068ea9bf1d37b217f8aa696d154551a93e4,2017-10-08T12:51:06.000Z,0.0098,0x517957b4b6ece71456b6867ea55cd5d6c91e2c81,sell,0xc3951d77737733174152532e8b0f27e2c4e9f0dc,0xce9218869ae1f15b0faa0c2957b958f871b9bbecd9dc27836605b2be15cfbe0b
84,12,0.14268,0x41951225ff2851251f552a409533183bfc91217f,2017-10-08T10:00:26.000Z,0.01189,0x517957b4b6ece71456b6867ea55cd5d6c91e2c81,sell,0xc3951d77737733174152532e8b0f27e2c4e9f0dc,0x0bf238eb58f2fcae52afd6285c1d434f6271f69a860ab54a63a50e5774f31880
85,12.56106,0.123098388,0x938cd068ea9bf1d37b217f8aa696d154551a93e4,2017-10-08T08:58:04.000Z,0.0098,0x00276bb7a274bb272816c15d31ee9c66bc5c615a,sell,0xc3951d77737733174152532e8b0f27e2c4e9f0dc,0x83eb2a4986fcc367a6e9920b82fbfe0f293174246e63ede34f27614ea3e86f34
86,29.467872,0.4980070412901534,0x41951225ff2851251f552a409533183bfc91217f,2017-10-08T07:52:42.000Z,0.01690000015237454,0x4de6bf61916eafb0510af6aa45e0cf994a571adb,buy,0xc3951d77737733174152532e8b0f27e2c4e9f0dc,0x3a8c1bde01975ebb58bad8b90e8a77315463f8c056fa17cf468330e879f02e93
87,30.096519,0.5086311815288665,0x41951225ff2851251f552a409533183bfc91217f,2017-10-08T07:48:42.000Z,0.016900000346514045,0x4de6bf61916eafb0510af6aa45e0cf994a571adb,buy,0xc3951d77737733174152532e8b0f27e2c4e9f0dc,0xa568362b871383e1908428823ec6c403475c40aa3e02e39068ffa0a7499c9d8b
88,11.728348,0.19938191606021333,0x41951225ff2851251f552a409533183bfc91217f,2017-10-08T06:18:24.000Z,0.017000000005134,0x19cfd9ea9cce0e07b7b6079c8adf9030a6c42285,buy,0xc3951d77737733174152532e8b0f27e2c4e9f0dc,0x35c7231e0b5a678b6b10efbe9bf2bae290751718181607ac894495651737d3a8
89,50,0.85,0xf8e7be11e98bb311f21295cf40a624d46c0e13cc,2017-10-07T19:25:09.000Z,0.017,0x19cfd9ea9cce0e07b7b6079c8adf9030a6c42285,buy,0xc3951d77737733174152532e8b0f27e2c4e9f0dc,0xef561858575c33948c70e14c0261a47065598a91402ea9165c71806b7d016041
90,60,1.014,0xf8e7be11e98bb311f21295cf40a624d46c0e13cc,2017-10-07T19:19:05.000Z,0.0169,0x4de6bf61916eafb0510af6aa45e0cf994a571adb,buy,0xc3951d77737733174152532e8b0f27e2c4e9f0dc,0x5187cb08c5844fbb8f4000eef914064e490a6a1f49b647a195ea1358ad573182
91,8.91935,0.08740963,0x938cd068ea9bf1d37b217f8aa696d154551a93e4,2017-10-07T14:59:41.000Z,0.0098,0x517957b4b6ece71456b6867ea55cd5d6c91e2c81,sell,0xc3951d77737733174152532e8b0f27e2c4e9f0dc,0x27cf0a3de6854a424203be57debc4837f7f2c1284fc297a657ece788d4ceba0e
92,32.898016,0.3224005568,0x938cd068ea9bf1d37b217f8aa696d154551a93e4,2017-10-07T14:33:05.000Z,0.0098,0x6079ca4a2d8a1b5d2a31b482ee9e5eb6ccfec368,sell,0xc3951d77737733174152532e8b0f27e2c4e9f0dc,0x3caff6f4e2b3e73b7ea76cd6b3bd3cb2440a2d2b06cf30e2dcb6f8581dd8f851
93,36.476482,0.3574695236,0x938cd068ea9bf1d37b217f8aa696d154551a93e4,2017-10-07T11:12:12.000Z,0.0098,0x5fda273343324e1ed600622eb6d1ea1a33462782,sell,0xc3951d77737733174152532e8b0f27e2c4e9f0dc,0x94ba3b5fcbfe9550eb7dc1aa3257b27597176df2fb63d90a1c9be710c2987b80
94,0.588,0.009996,0x41951225ff2851251f552a409533183bfc91217f,2017-10-06T23:07:04.000Z,0.017,0x19cfd9ea9cce0e07b7b6079c8adf9030a6c42285,buy,0xc3951d77737733174152532e8b0f27e2c4e9f0dc,0x64a8cad08982dd0c3803d34360c7df398467149dc1bc27fc7a8baf2519ae9696
95,1,0.0098,0x938cd068ea9bf1d37b217f8aa696d154551a93e4,2017-10-06T21:31:48.000Z,0.0098,0x517957b4b6ece71456b6867ea55cd5d6c91e2c81,sell,0xc3951d77737733174152532e8b0f27e2c4e9f0dc,0x99622e87e7cc07953129391f30044f5c1e6bc0081d05bb89a301e807dff608c5
96,0.05,0.0009895,0x6cdea8e07bf82d7a07dbf36642d6e5be8623845c,2017-10-06T15:00:07.000Z,0.01979,0x517957b4b6ece71456b6867ea55cd5d6c91e2c81,buy,0xc3951d77737733174152532e8b0f27e2c4e9f0dc,0xe32265ecb8a2f3da319cafc53eaf0464ae67e4ffdf437225fe46bb7e8e14d55f
97,2.527221,0.04068827365666434,0x41951225ff2851251f552a409533183bfc91217f,2017-10-05T05:49:16.000Z,0.016100006155640657,0x4de6bf61916eafb0510af6aa45e0cf994a571adb,buy,0xc3951d77737733174152532e8b0f27e2c4e9f0dc,0x505c8175bac0f511695c8cdf6630e569affee0b117ada0319bb66bb0ad0df25d
98,1.982052,0.0319110458893726,0xc0db53f7a4f6ee1d8d635adffd51ebc25634e35f,2017-10-04T23:38:46.000Z,0.016100004384028574,0x4de6bf61916eafb0510af6aa45e0cf994a571adb,buy,0xc3951d77737733174152532e8b0f27e2c4e9f0dc,0x23c9661f63eb1efac39eead201adc7a7ec5789b855ba17f92c758607224a332f
99,6.192628,0.09970131629659157,0xc0db53f7a4f6ee1d8d635adffd51ebc25634e35f,2017-10-04T23:05:10.000Z,0.016100000887602415,0x4de6bf61916eafb0510af6aa45e0cf994a571adb,buy,0xc3951d77737733174152532e8b0f27e2c4e9f0dc,0x0b942cb8b9de2decb638aeb951794eb05efbba59220fb42bc4eef70a5a9487b4
100,60,0.966,0x938cd068ea9bf1d37b217f8aa696d154551a93e4,2017-10-04T19:41:23.000Z,0.0161,0x4de6bf61916eafb0510af6aa45e0cf994a571adb,buy,0xc3951d77737733174152532e8b0f27e2c4e9f0dc,0xd93f889261be12e1c6e0e064ea16e0897af0a52d22f8a5cf93633ece3fe0f956
101,0.9,0.01449,0xbf52f67f8524587d6a7ab1f1f8d092c635b9587f,2017-10-03T21:31:26.000Z,0.0161,0x4de6bf61916eafb0510af6aa45e0cf994a571adb,buy,0xc3951d77737733174152532e8b0f27e2c4e9f0dc,0xf3b843bbbf2e169bc9142797f0366549864cd57eb51f695494f3b18a997f1429
102,2,0.1,0x5a0a55a712656b77bbb722ef08ba667a19df98ea,2017-10-03T09:39:23.000Z,0.05,0xdc72b3394b3a1c460a13c077aa2f1ce79f57e220,buy,0xc3951d77737733174152532e8b0f27e2c4e9f0dc,0xcf2ce5b92ab58c0ddb591ebc1251bd2e8b3c9a2cdb641c32c37793ab3a7c964d
103,1,0.05,0xd4ee11c66214169b17e12f9ec59186b84d75b0dd,2017-10-03T09:28:50.000Z,0.05,0xd4ee11c66214169b17e12f9ec59186b84d75b0dd,buy,0xc3951d77737733174152532e8b0f27e2c4e9f0dc,0x5a8b1f8f78254250816767c77da24483edca3dcb0739a0be195050c0ba72003f
104,2,0.0322,0x1cb87d28fca9aacb12f483b9cd78c5f472c43dc5,2017-10-03T09:26:51.000Z,0.0161,0x4de6bf61916eafb0510af6aa45e0cf994a571adb,buy,0xc3951d77737733174152532e8b0f27e2c4e9f0dc,0x4e616a6341589489323f905a9233762268883e09e9d3095f0a64c53240deb2c9
105,1,0.075,0xd4ee11c66214169b17e12f9ec59186b84d75b0dd,2017-10-02T11:36:21.000Z,0.075,0x958e29d7a438391b2d1c4fad8101f7c80a9dc795,buy,0xc3951d77737733174152532e8b0f27e2c4e9f0dc,0xa52586e046cdc38c7c70167ccada90677342372aac57c379ca79004189170d86
106,2,0.1,0x5a0a55a712656b77bbb722ef08ba667a19df98ea,2017-10-02T10:12:32.000Z,0.05,0xd4ee11c66214169b17e12f9ec59186b84d75b0dd,buy,0xc3951d77737733174152532e8b0f27e2c4e9f0dc,0x67e6bd8f9798b8968bc6eead2bd7811552dcfc825723d04ed446f4b2e179c37f
107,2,0.073,0xd4ee11c66214169b17e12f9ec59186b84d75b0dd,2017-10-02T09:16:28.000Z,0.0365,0xdc72b3394b3a1c460a13c077aa2f1ce79f57e220,buy,0xc3951d77737733174152532e8b0f27e2c4e9f0dc,0x47407e6bf42216b50b80cebaf698a333791dba289279d356e149931f31f6f3ff
108,1,0.0172,0x0249924245a19aa2d7f5ddb0739a7132b7d094ab,2017-10-02T02:01:21.000Z,0.0172,0x19cfd9ea9cce0e07b7b6079c8adf9030a6c42285,buy,0xc3951d77737733174152532e8b0f27e2c4e9f0dc,0x7e6cbd045a0ab57730e624a8ca3d83e017e21e6bc993e5f291ca4720dfd39d45
109,19.411439,0.1824675266,0x958e29d7a438391b2d1c4fad8101f7c80a9dc795,2017-10-01T22:57:33.000Z,0.0094,0x626a7b370391310b1cb9f6e17273a43e95851048,sell,0xc3951d77737733174152532e8b0f27e2c4e9f0dc,0x4325c26ef9b2b15b598a4997d02fc43a5e3e1be7f08b5a303e5b21c185118094
110,24,0.2256,0xdc72b3394b3a1c460a13c077aa2f1ce79f57e220,2017-10-01T21:45:16.000Z,0.0094,0x626a7b370391310b1cb9f6e17273a43e95851048,sell,0xc3951d77737733174152532e8b0f27e2c4e9f0dc,0x2f6a432a2d886877005052840b4a51bfa3988cfea5815735c82cb160e25d7844
111,100,0.92,0x4de6bf61916eafb0510af6aa45e0cf994a571adb,2017-10-01T21:44:12.000Z,0.0092,0x626a7b370391310b1cb9f6e17273a43e95851048,sell,0xc3951d77737733174152532e8b0f27e2c4e9f0dc,0x9da5b219fd9b6529c66c39d5b51a79ec3e34ebf7bd71671c7fa4df0ef16cb1c2
112,3,0.1041,0xd4ee11c66214169b17e12f9ec59186b84d75b0dd,2017-10-01T20:09:32.000Z,0.0347,0x3e246d0453d08ea726a39560ede13551bb73dfb4,buy,0xc3951d77737733174152532e8b0f27e2c4e9f0dc,0x821bb374867f09e0132c8f41900eca4a3da67c29f472ce1b6d30940599e582c9
113,5,0.19,0xd4ee11c66214169b17e12f9ec59186b84d75b0dd,2017-10-01T20:02:16.000Z,0.038,0x433ca85c0801aedeadfdd040d30c1da959b650fc,buy,0xc3951d77737733174152532e8b0f27e2c4e9f0dc,0x3d12cb7e80beb1f10b548e4ae60c25f043b00aac25d93ed2227248be6d77f535
114,1,0.0175,0xd4ee11c66214169b17e12f9ec59186b84d75b0dd,2017-10-01T19:47:48.000Z,0.0175,0x626a7b370391310b1cb9f6e17273a43e95851048,buy,0xc3951d77737733174152532e8b0f27e2c4e9f0dc,0x751fbd84492d703cc0611df187a9bf6e83a76d53ed0fe943e9bfa561245cae04
115,5,0.0665,0x422d4d1f8a9373dc8b75f3e1aeab786083f38a51,2017-10-01T19:40:35.000Z,0.0133,0x626a7b370391310b1cb9f6e17273a43e95851048,sell,0xc3951d77737733174152532e8b0f27e2c4e9f0dc,0xc4241ed4f142af2b0abd73dfd0542944e15ea8792f509c61f66f9fb712bdef16
116,20,0.26,0xdc72b3394b3a1c460a13c077aa2f1ce79f57e220,2017-10-01T19:38:59.000Z,0.013,0x626a7b370391310b1cb9f6e17273a43e95851048,sell,0xc3951d77737733174152532e8b0f27e2c4e9f0dc,0x295f6540523eb51ba2cd0cdd95258de35951b08717a76f3187e528e2bac3481f
117,37,0.4958,0x4de6bf61916eafb0510af6aa45e0cf994a571adb,2017-10-01T19:32:39.000Z,0.0134,0x626a7b370391310b1cb9f6e17273a43e95851048,sell,0xc3951d77737733174152532e8b0f27e2c4e9f0dc,0x6e2a138df02a8c07829369e9d543927626bced91865fc00ec8eb13853bf09967
118,15.070385,0.28633732326309247,0x3e246d0453d08ea726a39560ede13551bb73dfb4,2017-10-01T14:06:28.000Z,0.019000000548300023,0x626a7b370391310b1cb9f6e17273a43e95851048,buy,0xc3951d77737733174152532e8b0f27e2c4e9f0dc,0xa544325d04d48358327b0de82190ab91511f5e0e0f4aa2c72947c396db9fe0a3
119,0.1,0.003489,0x0024a5046fd95c5eee6db19a69ef7ed3bacd50f1,2017-09-30T22:22:27.000Z,0.03489,0xf9ffafd71db3193eb042c8db76e573669323f148,buy,0xc3951d77737733174152532e8b0f27e2c4e9f0dc,0x67691eb81521996bb0fbd39569c431302846eb76ed5ddc86c74697c2c12cab98
120,0.151,0.0052699,0xc0db53f7a4f6ee1d8d635adffd51ebc25634e35f,2017-09-30T22:18:26.000Z,0.0349,0x6aac527223707311c7f8721c9010bcc3be93c59e,sell,0xc3951d77737733174152532e8b0f27e2c4e9f0dc,0xa9e709547eea9f7935cbc6755cad66b496c33dfcb5961d1cdddddc46eeab59dc
121,1.146,0.0399954,0xc0db53f7a4f6ee1d8d635adffd51ebc25634e35f,2017-09-30T09:22:32.000Z,0.0349,0x6aac527223707311c7f8721c9010bcc3be93c59e,buy,0xc3951d77737733174152532e8b0f27e2c4e9f0dc,0xbcac0769c94f286eda091b299f35945c1cef23cfc024fae6d366ee8b5e895381
122,0.1,0.00349,0xbf52f67f8524587d6a7ab1f1f8d092c635b9587f,2017-09-30T02:13:57.000Z,0.0349,0x6aac527223707311c7f8721c9010bcc3be93c59e,buy,0xc3951d77737733174152532e8b0f27e2c4e9f0dc,0x5a1c1e76418a241318e6bee1db182022bef92da0b3a01f5586538b7c48477ffc
123,2,0.0698,0xb8186b97012530dceadc931136bf6cc7e4237f10,2017-09-30T01:35:56.000Z,0.0349,0x6aac527223707311c7f8721c9010bcc3be93c59e,buy,0xc3951d77737733174152532e8b0f27e2c4e9f0dc,0x41aa4bc36a014a26252fa23612cc781bc8e0209a0708d34f7e3f0274c65a3f9d
124,0.1,0.0035,0x88ca927773b820a9b7fdbb38cbce813a8a464a2f,2017-09-30T00:59:49.000Z,0.035,0x433ca85c0801aedeadfdd040d30c1da959b650fc,buy,0xc3951d77737733174152532e8b0f27e2c4e9f0dc,0x223a98e97e86bcdd95f9feb532d20a81888c14e6888b32573418de2e2bb3af00
