,amount,amountBase,buyer,date,price,seller,side,tokenAddr,txHash
0,2698.139766723158,0.7703189033994616,0xaf62453e6c0a04f902432a6aaaa0e425ac3cde9b,2017-11-02T15:05:24.000Z,0.0002855,0xdb9ea5b57793860b609bc07c772c78100c12a50b,sell,0xa8f93faee440644f89059a2c88bdc9bf3be5e2ea,0x0236c970bebe45fcc877c7a1da3258c0d1ce96bc4f2aed606df00b4b30255ef2
1,2,0.00082,0x968dba4331736ddf27925a7edf752d327706815c,2017-11-02T10:37:19.000Z,0.00041,0x1f5a4b4233fc37b2dff69888a6a299e2dd786bcc,buy,0xa8f93faee440644f89059a2c88bdc9bf3be5e2ea,0xc4fce8bc4bc726840077f1a882ffcef2805b507fab5d42b07a2aeafb2e8c46f8
2,1.2195121951219512,0.0005,0x3075f7f189912f4f425dd7021b9c396434197477,2017-11-02T08:38:32.000Z,0.00041,0x1f5a4b4233fc37b2dff69888a6a299e2dd786bcc,buy,0xa8f93faee440644f89059a2c88bdc9bf3be5e2ea,0x0ccc0ee67ea7628be0f7186999222e76b0da75fb055316f1f84b12da18589f9d
3,1.2195121951219512,0.0005,0x4fda9e6bcd83af6c5cc771b5d20accc2b7720074,2017-11-02T08:34:48.000Z,0.00041,0x1f5a4b4233fc37b2dff69888a6a299e2dd786bcc,buy,0xa8f93faee440644f89059a2c88bdc9bf3be5e2ea,0xa23f8535292b4b5eb1ef2c05d9b6825fe6507048d66c8162ca91683f4ca5926b
4,95.496,0.03915336,0xd7dd052ff73d9177f884592814f844a7788787d1,2017-11-02T06:35:23.000Z,0.00041,0xdb9ea5b57793860b609bc07c772c78100c12a50b,buy,0xa8f93faee440644f89059a2c88bdc9bf3be5e2ea,0x220fb7f3ee9951e2284611218bc6984c64960d27529b950a3e0e1d682c310fa7
5,303.45668169964057,0.10924440541187061,0xaf62453e6c0a04f902432a6aaaa0e425ac3cde9b,2017-11-02T05:57:01.000Z,0.00036,0x4718b5320a3a2b1a57eefe7fe4efaceb7f475f98,buy,0xa8f93faee440644f89059a2c88bdc9bf3be5e2ea,0x04546ab73a07660d09f628e438a05fad9ed969ffc3f6f0888ec55d8119e9c261
6,50.685,0.0182466,0x1d5321e125f6c7079a716705541c7b371ca79e69,2017-11-02T05:54:06.000Z,0.00036,0x4718b5320a3a2b1a57eefe7fe4efaceb7f475f98,buy,0xa8f93faee440644f89059a2c88bdc9bf3be5e2ea,0x8351e02f94a490ce6e14f971a6d5cb7a7829715b1ade74bb587f20e721f3f93d
7,50.533399800598204,0.020466026919242274,0xaf62453e6c0a04f902432a6aaaa0e425ac3cde9b,2017-11-02T05:54:06.000Z,0.000405,0x1d5321e125f6c7079a716705541c7b371ca79e69,sell,0xa8f93faee440644f89059a2c88bdc9bf3be5e2ea,0x8351e02f94a490ce6e14f971a6d5cb7a7829715b1ade74bb587f20e721f3f93d
8,1000,0.36,0xc05eb25915a202c6ac9f3d9c11ab4044b6c25326,2017-11-02T04:48:58.000Z,0.00036,0x4718b5320a3a2b1a57eefe7fe4efaceb7f475f98,buy,0xa8f93faee440644f89059a2c88bdc9bf3be5e2ea,0x3acab2b26f134ff8f70356f5b0042e0f68396f87c449674ff3bc74454bc251b0
9,2,0.00072,0xc7c8232c0328f22f6c0ca77e4b1e1b430f4fb70b,2017-11-02T04:18:56.000Z,0.00036,0x4718b5320a3a2b1a57eefe7fe4efaceb7f475f98,buy,0xa8f93faee440644f89059a2c88bdc9bf3be5e2ea,0xd31702a7ef26c9e76ee64988671b74f7457d4b396161f4e18e705a4669a26f72
10,80.999,0.024866693,0xc5e79ef5a7b29d7af398f317ffbf2cd7bcdff577,2017-11-02T00:21:24.000Z,0.000307,0x4718b5320a3a2b1a57eefe7fe4efaceb7f475f98,sell,0xa8f93faee440644f89059a2c88bdc9bf3be5e2ea,0x587bd57b03eae1d0c2086089b95c74b8a0306f2c56df93ce496b23b5b1ef7b21
11,0.000744181598896208,0.000000228463750861,0xc5e79ef5a7b29d7af398f317ffbf2cd7bcdff577,2017-11-01T19:23:43.000Z,0.00030699999999981746,0x65e44324f5a4edb9fa333b1e0185975641cd5029,sell,0xa8f93faee440644f89059a2c88bdc9bf3be5e2ea,0x706e59fa4d8cac192315f26ebcb34fa988409ce6d87fb673e5ceb9c48de9034f
12,0.005264653044081395,0.000002263800808955,0xc5e79ef5a7b29d7af398f317ffbf2cd7bcdff577,2017-11-01T19:12:21.000Z,0.00043000000000000004,0x4718b5320a3a2b1a57eefe7fe4efaceb7f475f98,buy,0xa8f93faee440644f89059a2c88bdc9bf3be5e2ea,0xae34af434d78af6c5f6c6a5eb960a54ff831bcf24cb425bffce7f84f260b9882
13,1597,0.4791,0xda31bd4277df8ed5e28509a95971be4babc86f0f,2017-11-01T18:18:26.000Z,0.0003,0x7c21d07deefa8e271980e5c9f994ad2e4f7663e0,sell,0xa8f93faee440644f89059a2c88bdc9bf3be5e2ea,0xee76cb53dcefd9857be50c0fe48a33d570b553421788694a74299d3d647f0bcb
14,480,0.1488,0x3b3e935576b4625a57355c6c850400c78a46cbb1,2017-11-01T18:17:05.000Z,0.00031,0x7c21d07deefa8e271980e5c9f994ad2e4f7663e0,sell,0xa8f93faee440644f89059a2c88bdc9bf3be5e2ea,0xcdfe62db47d15594df25b2426404d208fea4f34842d9f6e4d0a92a6655e0284e
15,1437.3889433526847,0.4384036277225688,0x4718b5320a3a2b1a57eefe7fe4efaceb7f475f98,2017-11-01T18:17:05.000Z,0.000305,0x7c21d07deefa8e271980e5c9f994ad2e4f7663e0,sell,0xa8f93faee440644f89059a2c88bdc9bf3be5e2ea,0x70e10beae6f4ab5696f57d7a5ffd1e4a215ec82966148e3888ffa11bc4ee315a
16,23,0.0107801,0x3b3e935576b4625a57355c6c850400c78a46cbb1,2017-11-01T17:44:23.000Z,0.0004687,0x0b75e193442f057196c326ec88d032bf3ddd7ebd,buy,0xa8f93faee440644f89059a2c88bdc9bf3be5e2ea,0x30da3e284d42898a1bb26cf90beb39e887398d929a0678e72c2d24dabec0c388
17,300,0.14061,0x2abd94b8ee46ccefbd200f5f289749d285a05858,2017-11-01T17:22:52.000Z,0.0004687,0x0a91f318f2814134e77ac140437b4edc34c1bb9b,sell,0xa8f93faee440644f89059a2c88bdc9bf3be5e2ea,0x8b08bb6e182c64692b084bfd788d91b24e6d8966cad170cf46185f7c3be40b5c
18,1179.3999987567802,0.554200059415811,0xfc67acb613fbdba96cdbaecaf68377263aaf105a,2017-11-01T10:12:49.000Z,0.0004699,0x8dbd7b3258be2824df1b3f87430d508638408cc1,buy,0xa8f93faee440644f89059a2c88bdc9bf3be5e2ea,0xc062b23e7ac707ce4b37e9a9d7fd271844d5f68d86beef57a121d91418bd0f99
19,700.84,0.35042,0xfc67acb613fbdba96cdbaecaf68377263aaf105a,2017-11-01T09:54:40.000Z,0.0005,0x0a91f318f2814134e77ac140437b4edc34c1bb9b,buy,0xa8f93faee440644f89059a2c88bdc9bf3be5e2ea,0x4fc7d33cb9ed507fd5e62e520a0c7de80a7666aac971746263c5c2af2245cbcd
20,599.16,0.2576388,0xfc67acb613fbdba96cdbaecaf68377263aaf105a,2017-11-01T09:49:37.000Z,0.00043,0x8afe1a2153da8c83dafd3cfa2be86b7d7cb71bcf,buy,0xa8f93faee440644f89059a2c88bdc9bf3be5e2ea,0x622e41d0ca041bc43b4c2aefdcc3eb0cf59db9ab83a961e8037b1ba4469ec06a
21,700,0.301,0xfc67acb613fbdba96cdbaecaf68377263aaf105a,2017-11-01T09:47:30.000Z,0.00043,0xaa5a8763179d7e24b0230e981cf7cd5d9fa7cff8,buy,0xa8f93faee440644f89059a2c88bdc9bf3be5e2ea,0x3a10727ff60bac6a0669b6334ca58b7f1e01825b5adf2e3313074eb9c112bae3
22,9020.86196525975,2.2101202023506037,0xfadf2dfe5087306c5b5fe7272ee3d1a5a1417287,2017-11-01T08:06:19.000Z,0.000245001,0x2daf797758a4372812bc67d6d166b3a387dcfd78,sell,0xa8f93faee440644f89059a2c88bdc9bf3be5e2ea,0x4f323abefaca84795bbd93403a1668fe9449acc9e1128d2983563e1a2b5d4a65
23,1699.25,0.7306775,0xadc45ad9e5d19bb7536b468a3fce8a8d275649ed,2017-11-01T05:10:48.000Z,0.00043,0xbedc97d23b91e86f13e2b42c6f86908777726936,sell,0xa8f93faee440644f89059a2c88bdc9bf3be5e2ea,0xf4782b4c8074c3f84586f1d351a49094f568674357ba13d63ee3f0915c151970
24,237.77367896311065,0.10224268195413759,0xadc45ad9e5d19bb7536b468a3fce8a8d275649ed,2017-11-01T04:04:59.000Z,0.00043,0x0cd2795a623adeb9370e2895e8d7526a6e4c556d,sell,0xa8f93faee440644f89059a2c88bdc9bf3be5e2ea,0x3a71b04057e48a50f6ad149c163fedc8989db31a96f830ff2504d832d609c0ef
25,238.487,0.10016454,0x0cd2795a623adeb9370e2895e8d7526a6e4c556d,2017-11-01T04:04:59.000Z,0.00042,0x8afe1a2153da8c83dafd3cfa2be86b7d7cb71bcf,buy,0xa8f93faee440644f89059a2c88bdc9bf3be5e2ea,0x3a71b04057e48a50f6ad149c163fedc8989db31a96f830ff2504d832d609c0ef
26,500,0.100045,0xaa5a8763179d7e24b0230e981cf7cd5d9fa7cff8,2017-11-01T03:21:17.000Z,0.00020009,0x7c21d07deefa8e271980e5c9f994ad2e4f7663e0,sell,0xa8f93faee440644f89059a2c88bdc9bf3be5e2ea,0x443e14c2f39e59c450b71c42d753fa6a63e81bb5b4acce79b1ede8c070e12d60
27,9786.839564797596,2.4193263140970953,0xda5114082c872bf77e605f35850fcc1c40ce6548,2017-11-01T03:19:13.000Z,0.00024720199999999997,0x7c21d07deefa8e271980e5c9f994ad2e4f7663e0,sell,0xa8f93faee440644f89059a2c88bdc9bf3be5e2ea,0xab23addc955976f8e60187b5de074b1b0020dbc48233cfc028c28326ce3f7d3a
28,100,0.030009,0xaa5a8763179d7e24b0230e981cf7cd5d9fa7cff8,2017-11-01T03:19:02.000Z,0.00030009,0x7c21d07deefa8e271980e5c9f994ad2e4f7663e0,sell,0xa8f93faee440644f89059a2c88bdc9bf3be5e2ea,0x7da33f739717d37a80e3cd188f00d3fd76c21996cec6b9208fbc7550101ee817
29,100,0.0350009,0xaa5a8763179d7e24b0230e981cf7cd5d9fa7cff8,2017-11-01T03:18:28.000Z,0.000350009,0x7c21d07deefa8e271980e5c9f994ad2e4f7663e0,sell,0xa8f93faee440644f89059a2c88bdc9bf3be5e2ea,0xf8c6f599676cd72e0fcfc3bfe0db892015fbe7afc9781d24bdccf08018e5f77b
30,236.4918217710096,0.092246,0xcdc821be5cb4bf06a6671340c26f18eb07bd3324,2017-11-01T03:17:19.000Z,0.00039006,0x7c21d07deefa8e271980e5c9f994ad2e4f7663e0,sell,0xa8f93faee440644f89059a2c88bdc9bf3be5e2ea,0x1229267c73baaaf864a0b42f2bb40dcaa63da4b66109c23df49262be5d661d96
31,51,0.01938,0x415017548c9b451d49736be0929c8c03321672d8,2017-11-01T03:17:19.000Z,0.00038,0x7c21d07deefa8e271980e5c9f994ad2e4f7663e0,sell,0xa8f93faee440644f89059a2c88bdc9bf3be5e2ea,0xdeb027aa7e962bc1402ca8d290104359f513dbdd00fb009ac68be84244d6c217
32,449.315,0.181972575,0xaf62453e6c0a04f902432a6aaaa0e425ac3cde9b,2017-11-01T02:39:25.000Z,0.000405,0x7c21d07deefa8e271980e5c9f994ad2e4f7663e0,sell,0xa8f93faee440644f89059a2c88bdc9bf3be5e2ea,0x276f9100b5e70f5200a8f939883ff54758464797dbbcdcfb34ace906feedf147
33,1000,0.4,0xcdc821be5cb4bf06a6671340c26f18eb07bd3324,2017-11-01T02:38:01.000Z,0.0004,0x7c21d07deefa8e271980e5c9f994ad2e4f7663e0,sell,0xa8f93faee440644f89059a2c88bdc9bf3be5e2ea,0xd8e747a888ba02167691b4f80f4a4af180b5e3b3250194b71602a81c32f49f1b
34,238.48650689555072,0.1001643328961313,0xaf62453e6c0a04f902432a6aaaa0e425ac3cde9b,2017-11-01T02:37:47.000Z,0.00041999999999999996,0x7c21d07deefa8e271980e5c9f994ad2e4f7663e0,sell,0xa8f93faee440644f89059a2c88bdc9bf3be5e2ea,0x3ad12b61c2c3468afde19eddf2abf7bf0bcbc696294ab9668f84c3d3b4287e32
35,1000,0.4,0xcdc821be5cb4bf06a6671340c26f18eb07bd3324,2017-11-01T02:37:47.000Z,0.0004,0x7c21d07deefa8e271980e5c9f994ad2e4f7663e0,sell,0xa8f93faee440644f89059a2c88bdc9bf3be5e2ea,0x766048f30f2379c94639cf6fdfc450daf3c64be9c6838321cbb116c7d1b627f4
36,500,0.2045,0xaf62453e6c0a04f902432a6aaaa0e425ac3cde9b,2017-11-01T02:37:47.000Z,0.000409,0x7c21d07deefa8e271980e5c9f994ad2e4f7663e0,sell,0xa8f93faee440644f89059a2c88bdc9bf3be5e2ea,0x5cefb318b6b917d6c11ce5ac1281ab7761ede0a006116554881eb571ddd1ccb5
37,1600,0.64,0xf2f8963dc08974f397243bce2f6efdb93a79656a,2017-11-01T02:37:47.000Z,0.0004,0x7c21d07deefa8e271980e5c9f994ad2e4f7663e0,sell,0xa8f93faee440644f89059a2c88bdc9bf3be5e2ea,0x89b44ae9f48bf63d6f680d03238c40f99ebc05fed754e0214f11e1cd03326409
38,300,0.12000003,0x9b75f8781545e6286b60d601fd2ad5833dc86c58,2017-11-01T02:37:47.000Z,0.0004000001,0x7c21d07deefa8e271980e5c9f994ad2e4f7663e0,sell,0xa8f93faee440644f89059a2c88bdc9bf3be5e2ea,0x49f1e615428b01353470afd9075d86db26728dc2cc7b89a557de59ad37a6ddfe
39,22.97591803460668,0.009879644754880871,0xadc45ad9e5d19bb7536b468a3fce8a8d275649ed,2017-11-01T02:37:47.000Z,0.00042999999999999994,0x7c21d07deefa8e271980e5c9f994ad2e4f7663e0,sell,0xa8f93faee440644f89059a2c88bdc9bf3be5e2ea,0xc7f3bbbd1319bf0c9915c971a8c1d8a62993b634d26612d4ec2775798b2f5846
40,300,0.123,0xaf62453e6c0a04f902432a6aaaa0e425ac3cde9b,2017-11-01T02:37:47.000Z,0.00041,0x7c21d07deefa8e271980e5c9f994ad2e4f7663e0,sell,0xa8f93faee440644f89059a2c88bdc9bf3be5e2ea,0xc3131827e60128f184754e063671dc5610afc8cb011aa203ecf57e318cad7b6c
41,141.51349310444928,0.0594356671038687,0xaf62453e6c0a04f902432a6aaaa0e425ac3cde9b,2017-10-31T19:30:21.000Z,0.00041999999999999996,0xd6059aa323a6a3590394fef14b870ff44811c0ff,sell,0xa8f93faee440644f89059a2c88bdc9bf3be5e2ea,0x590bceeaa1d0356cb55ca23d5eedfd23f1c965038d77448c166e4dcb4088544e
42,19.938016880126927,0.009370867933659655,0xaf62453e6c0a04f902432a6aaaa0e425ac3cde9b,2017-10-31T18:04:50.000Z,0.00047,0x00965498ad146825b0d04554a85825055feed354,sell,0xa8f93faee440644f89059a2c88bdc9bf3be5e2ea,0xfafe396637489757f594ae4358f6dba0c59c1de560e1fd10f01105b48628b39d
43,0.06614217712670263,0.00003108682324955,0xaf62453e6c0a04f902432a6aaaa0e425ac3cde9b,2017-10-31T18:04:08.000Z,0.00046999999999999635,0xe6dce38a61edba2cd7dc0be24aa42f1c1bd3de0c,sell,0xa8f93faee440644f89059a2c88bdc9bf3be5e2ea,0x1fe663f1db3f99b36088c7dd6ce00d782aec63f51e5932da1fabcedefe9f39de
44,180,0.0774,0xaf62453e6c0a04f902432a6aaaa0e425ac3cde9b,2017-10-31T15:49:18.000Z,0.00043,0x2daf797758a4372812bc67d6d166b3a387dcfd78,sell,0xa8f93faee440644f89059a2c88bdc9bf3be5e2ea,0xf91fe29972696c7b2718bd8335ea0136b38fae69c17b62803286ec495448d8e0
45,1000,0.41,0xaf62453e6c0a04f902432a6aaaa0e425ac3cde9b,2017-10-31T15:48:54.000Z,0.00041,0x2daf797758a4372812bc67d6d166b3a387dcfd78,sell,0xa8f93faee440644f89059a2c88bdc9bf3be5e2ea,0x388403a9392887a4b0e009cb38447c3ffc700069a81855f7dd74f248923f5450
46,57.41,0.0291637059,0x2abd94b8ee46ccefbd200f5f289749d285a05858,2017-10-31T15:13:41.000Z,0.00050799,0xd6059aa323a6a3590394fef14b870ff44811c0ff,sell,0xa8f93faee440644f89059a2c88bdc9bf3be5e2ea,0x24bb7fccb3f6ba4128159a47a2e14809cbb626ff3eef5bd7d5c88c749786ef4f
47,1080,0.5486292,0xaf62453e6c0a04f902432a6aaaa0e425ac3cde9b,2017-10-31T14:19:50.000Z,0.00050799,0x24a0b97420d09899d97f24ed00af1d6f027cf3e5,buy,0xa8f93faee440644f89059a2c88bdc9bf3be5e2ea,0x86c969854101038e13b57441f98112e16abd21d0c68408bfaa16f90eba6ea02b
48,1690,0.8585031,0xaf62453e6c0a04f902432a6aaaa0e425ac3cde9b,2017-10-31T14:11:36.000Z,0.00050799,0xadc45ad9e5d19bb7536b468a3fce8a8d275649ed,buy,0xa8f93faee440644f89059a2c88bdc9bf3be5e2ea,0xa542021739aff739ac0036342763a414ed86e1c3ed5b1544f90f317348eee019
49,230,0.1168124,0xaf62453e6c0a04f902432a6aaaa0e425ac3cde9b,2017-10-31T14:08:09.000Z,0.00050788,0x00965498ad146825b0d04554a85825055feed354,buy,0xa8f93faee440644f89059a2c88bdc9bf3be5e2ea,0x91f1a755557e4965a450cdb9b0599ce62179eb6cc98fefc74fbaa845d90594b3
50,97.2,0.049329,0xaf62453e6c0a04f902432a6aaaa0e425ac3cde9b,2017-10-31T14:07:46.000Z,0.0005075,0x42237be48a9f4b16343dfe64221c67f94ff9ada6,buy,0xa8f93faee440644f89059a2c88bdc9bf3be5e2ea,0x3c0d1b5d83502dafb375aa793974742df0392cf22f6a1f2a696d6aa3c83ce91c
51,593.0385887925902,0.3012576727207479,0x2abd94b8ee46ccefbd200f5f289749d285a05858,2017-10-31T10:58:00.000Z,0.0005079899999999999,0x39bd12c87b8dc8875ca72208b45465d72d6f2874,sell,0xa8f93faee440644f89059a2c88bdc9bf3be5e2ea,0xcecfbe589225b2ce763836cdc6b4cb60bfba2b6fe27e42855cfc252554a3fd5c
52,150,0.075,0x1d5321e125f6c7079a716705541c7b371ca79e69,2017-10-31T10:55:41.000Z,0.0005,0x56e5b3910b4e89af25bffd144b762f5f7a00b22f,buy,0xa8f93faee440644f89059a2c88bdc9bf3be5e2ea,0xe4a8d5f9df495654eceb022c52c74318f2e2771ccb6c7e712ca6f4d4e8dec4ff
53,149.55134596211366,0.07597058823529412,0x2abd94b8ee46ccefbd200f5f289749d285a05858,2017-10-31T10:55:41.000Z,0.0005079899999999999,0x1d5321e125f6c7079a716705541c7b371ca79e69,sell,0xa8f93faee440644f89059a2c88bdc9bf3be5e2ea,0xe4a8d5f9df495654eceb022c52c74318f2e2771ccb6c7e712ca6f4d4e8dec4ff
54,272,0.136,0x9d7fdea940df185a6a3ec530016fee0335dfde73,2017-10-31T10:04:55.000Z,0.0005,0x39bd12c87b8dc8875ca72208b45465d72d6f2874,sell,0xa8f93faee440644f89059a2c88bdc9bf3be5e2ea,0xa6240c2fca4adf61e376577c5893828cf9a2782cee7a2c8f5a6e350146d811f0
55,500,0.195,0xcdc821be5cb4bf06a6671340c26f18eb07bd3324,2017-10-31T02:59:57.000Z,0.00039,0x0b8cc90051abd0b9b33bd17121b899bb7a9d796e,sell,0xa8f93faee440644f89059a2c88bdc9bf3be5e2ea,0x6a58ecc36e245ac5b9819a85e3568b507e667422e5eb551d59d880937b13426c
56,200,0.078,0xcdc821be5cb4bf06a6671340c26f18eb07bd3324,2017-10-31T02:22:54.000Z,0.00039,0x7c21d07deefa8e271980e5c9f994ad2e4f7663e0,sell,0xa8f93faee440644f89059a2c88bdc9bf3be5e2ea,0xc104f408d226a9c4ff58b20373f97888d489bd2a0c459635b6c9c50d36091ca6
57,150,0.06,0xcdc821be5cb4bf06a6671340c26f18eb07bd3324,2017-10-31T02:20:54.000Z,0.0004,0x7c21d07deefa8e271980e5c9f994ad2e4f7663e0,sell,0xa8f93faee440644f89059a2c88bdc9bf3be5e2ea,0xb69ad2df0877f2b928633c1120bef741052c19ac23ee57108b1193ceecce02af
58,1500,0.600015,0xcef58358e11dbd18866dc6b38f39f8bb989fdcc9,2017-10-31T02:20:05.000Z,0.00040001,0x7c21d07deefa8e271980e5c9f994ad2e4f7663e0,sell,0xa8f93faee440644f89059a2c88bdc9bf3be5e2ea,0xf907d34266f63c934cd118235f066c5152a081e91198dddc033aef9c614aa64f
59,670.458,0.268853658,0xcef58358e11dbd18866dc6b38f39f8bb989fdcc9,2017-10-31T02:19:56.000Z,0.000401,0x7c21d07deefa8e271980e5c9f994ad2e4f7663e0,sell,0xa8f93faee440644f89059a2c88bdc9bf3be5e2ea,0x7b7ed8ecd271567bf295bb29c0c0d2969c4ef38097e61de30295393b5a5b2d55
60,10000,4.01001,0x0a91f318f2814134e77ac140437b4edc34c1bb9b,2017-10-31T02:19:23.000Z,0.000401001,0x7c21d07deefa8e271980e5c9f994ad2e4f7663e0,sell,0xa8f93faee440644f89059a2c88bdc9bf3be5e2ea,0xc6f62dbc3dd10285b153b536c74f3493a6bb0da20d07096053a61cc15b2735c8
61,797.5276642408534,0.418702023726448,0x3f0b119f61bfffc21f3f85b1b53ae3010e054b6e,2017-10-31T02:03:29.000Z,0.000525,0xcef58358e11dbd18866dc6b38f39f8bb989fdcc9,buy,0xa8f93faee440644f89059a2c88bdc9bf3be5e2ea,0x0f7105d19ea0e1dde449e5c8eaa45a4b541c5c2540ec75a31fc92501dab78fb9
62,1,0.000528,0x0a91f318f2814134e77ac140437b4edc34c1bb9b,2017-10-31T01:09:09.000Z,0.000528,0xf4471f3aeeb527a9f0eb0a2106c5e2304c665ced,buy,0xa8f93faee440644f89059a2c88bdc9bf3be5e2ea,0x394a919d023266da21ed88db24a2581bb19bc54ff2d1948ec77fb6714a41a804
63,829.5417184381066,0.33264622909368075,0xcef58358e11dbd18866dc6b38f39f8bb989fdcc9,2017-10-30T23:17:32.000Z,0.000401,0x6dd0b878c5755e808121639291796fc9bb416e47,sell,0xa8f93faee440644f89059a2c88bdc9bf3be5e2ea,0xc7f93b09f340905afe1ca97657b7443ea0828d8c51faa380666f6ad1c09c38c4
64,10,0.0045003,0x407d81c36dce19a98ec0e88d424d86963247717f,2017-10-30T23:03:47.000Z,0.00045003,0x6dd0b878c5755e808121639291796fc9bb416e47,sell,0xa8f93faee440644f89059a2c88bdc9bf3be5e2ea,0x01966133e5ac702d3956537b83438b6d2ff3753a9eea9de0cdfc21cfcf996b79
65,1,0.000529,0xda31bd4277df8ed5e28509a95971be4babc86f0f,2017-10-30T22:33:38.000Z,0.000529,0x39bd12c87b8dc8875ca72208b45465d72d6f2874,buy,0xa8f93faee440644f89059a2c88bdc9bf3be5e2ea,0xf97015c835263ed06bb42ad8a00c767890e0af0a3684847a8383498fc9392fe9
66,1409.506661468034,0.5638026645872136,0xda31bd4277df8ed5e28509a95971be4babc86f0f,2017-10-30T22:22:38.000Z,0.0004,0x89eb544a244466a51f957c352354c459983d9020,buy,0xa8f93faee440644f89059a2c88bdc9bf3be5e2ea,0xdcc42e55938cd9452b1b43355304b142168fbebd232d10b3cc5c693cf3c1c9e7
67,120,0.048,0xaf62453e6c0a04f902432a6aaaa0e425ac3cde9b,2017-10-30T22:17:19.000Z,0.0004,0x89eb544a244466a51f957c352354c459983d9020,buy,0xa8f93faee440644f89059a2c88bdc9bf3be5e2ea,0x9705e79c76b3033fca627338f85db918b4b03231293bec97e8e69f209d242812
68,49.845479015053336,0.01993819160602133,0x0a91f318f2814134e77ac140437b4edc34c1bb9b,2017-10-30T22:16:58.000Z,0.0004,0x89eb544a244466a51f957c352354c459983d9020,buy,0xa8f93faee440644f89059a2c88bdc9bf3be5e2ea,0xbc561a477fc8d0c079f70cf7fa1c94c3ad3d647618b9a91994f02c580e72bd6a
69,2538.9220339764515,1.0155688135905805,0xda31bd4277df8ed5e28509a95971be4babc86f0f,2017-10-30T21:59:46.000Z,0.0004,0x89eb544a244466a51f957c352354c459983d9020,buy,0xa8f93faee440644f89059a2c88bdc9bf3be5e2ea,0xa084f95e9b64ce50b0a507940081711609f37ea28c99059e2ca2d9e94a91c526
70,19.72582554046131,0.007890330216184524,0x70e13a932963e1f373f2494abedc87de7f782ae9,2017-10-30T21:58:43.000Z,0.0004,0x89eb544a244466a51f957c352354c459983d9020,buy,0xa8f93faee440644f89059a2c88bdc9bf3be5e2ea,0x8ba5359251078de2f25496525769bbc97107580e2b31c4ffaf698424b8243611
71,199.4,0.081754,0xcdc821be5cb4bf06a6671340c26f18eb07bd3324,2017-10-30T21:49:25.000Z,0.00041,0x273a5d3e6721b9f5c1a6474f560c1334c63dda01,sell,0xa8f93faee440644f89059a2c88bdc9bf3be5e2ea,0xf3d59e49d0ca7e118cc1af84c013f270c1202fbd20d9cc50630f876aeea239ae
72,200,0.08,0x273a5d3e6721b9f5c1a6474f560c1334c63dda01,2017-10-30T21:49:25.000Z,0.0004,0x89eb544a244466a51f957c352354c459983d9020,buy,0xa8f93faee440644f89059a2c88bdc9bf3be5e2ea,0xf3d59e49d0ca7e118cc1af84c013f270c1202fbd20d9cc50630f876aeea239ae
73,350,0.14,0x273a5d3e6721b9f5c1a6474f560c1334c63dda01,2017-10-30T21:49:14.000Z,0.0004,0x89eb544a244466a51f957c352354c459983d9020,buy,0xa8f93faee440644f89059a2c88bdc9bf3be5e2ea,0x8793b58efe5071abdf295b7d8bc789d87d9fc90646c8696bb46bb66e6ca33d22
74,2000,0.84,0xda31bd4277df8ed5e28509a95971be4babc86f0f,2017-10-30T21:49:14.000Z,0.00042,0xc9d56287b414e1aa0963016aa721b527f095fd9c,sell,0xa8f93faee440644f89059a2c88bdc9bf3be5e2ea,0x58f1e78b2af7ed5dc694ac32a9ce3fffc2ee86f12722432d2a6465ce5c3f5835
75,2006,0.8024,0xc9d56287b414e1aa0963016aa721b527f095fd9c,2017-10-30T21:49:14.000Z,0.0004,0x89eb544a244466a51f957c352354c459983d9020,buy,0xa8f93faee440644f89059a2c88bdc9bf3be5e2ea,0x58f1e78b2af7ed5dc694ac32a9ce3fffc2ee86f12722432d2a6465ce5c3f5835
76,348.95,0.1500485,0xaf62453e6c0a04f902432a6aaaa0e425ac3cde9b,2017-10-30T21:49:14.000Z,0.00043,0x273a5d3e6721b9f5c1a6474f560c1334c63dda01,sell,0xa8f93faee440644f89059a2c88bdc9bf3be5e2ea,0x8793b58efe5071abdf295b7d8bc789d87d9fc90646c8696bb46bb66e6ca33d22
77,60.306991582152776,0.03190239854695882,0x70e13a932963e1f373f2494abedc87de7f782ae9,2017-10-30T21:44:37.000Z,0.000529,0x39bd12c87b8dc8875ca72208b45465d72d6f2874,buy,0xa8f93faee440644f89059a2c88bdc9bf3be5e2ea,0xbdc3f566727a4caf2a54437c81df029171a86384655974d25c1e3b4779aa013f
78,150,0.07935,0x501f8da796013b8baff432f1e9139243cf4d8a1b,2017-10-30T20:25:34.000Z,0.000529,0x39bd12c87b8dc8875ca72208b45465d72d6f2874,buy,0xa8f93faee440644f89059a2c88bdc9bf3be5e2ea,0x7cd67f16bd655b7a300116040f7c07f6cb84ad7c5b47458c3127c2e266a77b61
79,449.26200476635637,0.23810886252616886,0xb7199a06a04af4a80b4df4d6afce42851d76beb1,2017-10-30T16:47:11.000Z,0.00053,0xfcabf61ba33d5fc4591568e4cb81c982a34ed107,buy,0xa8f93faee440644f89059a2c88bdc9bf3be5e2ea,0x2b4c3d0c1cb318e1beb8ebd962a864e6d5203bdda697f23baabd1d0bffb63f58
80,100,0.051,0xb7199a06a04af4a80b4df4d6afce42851d76beb1,2017-10-30T16:43:49.000Z,0.00051,0x7c0223d957227044ec030ef35e99b3a6fe4825a3,buy,0xa8f93faee440644f89059a2c88bdc9bf3be5e2ea,0x5cf43ceca8efcfafacb20020a7b1c8611694fe84a674da8c44949efc3d700ac9
81,1231,0.55395,0xda31bd4277df8ed5e28509a95971be4babc86f0f,2017-10-30T16:41:12.000Z,0.00045,0xede8dbc373b9d554ccf2c15dfb61bae805fd55b2,buy,0xa8f93faee440644f89059a2c88bdc9bf3be5e2ea,0x11c30c7be101616a4941e54a07b70b4326561cfc433c8e60f3aa1441e5363dac
82,296.2315350790905,0.12145492938242711,0xaf62453e6c0a04f902432a6aaaa0e425ac3cde9b,2017-10-30T14:31:43.000Z,0.00041,0x5e9cb42294d393306f48355944a3bd1596ef5e2b,sell,0xa8f93faee440644f89059a2c88bdc9bf3be5e2ea,0xf543d3a07e9fd71fa182e6377443b81703981dc393593ab8f6878968015feb51
83,700,0.287,0xd4149907c84dea9a9b405c552f9446ac5660bbff,2017-10-30T14:30:07.000Z,0.00041,0x5e9cb42294d393306f48355944a3bd1596ef5e2b,sell,0xa8f93faee440644f89059a2c88bdc9bf3be5e2ea,0xb764b195df524459dfad49729f7f4d8fa4c06e904ef33952aaef61ec165b81c7
84,300,0.16128,0x210a713d9463a392618257acddb3c618c0416622,2017-10-30T11:55:09.000Z,0.0005376,0x5e0889019221599de2a7a221c63b77c8eebca379,buy,0xa8f93faee440644f89059a2c88bdc9bf3be5e2ea,0xd8f2055fe7a1260535d98119cb8e0268e129cfda9e7c8d34bdd263af0a9c96f1
85,300,0.16125,0x210a713d9463a392618257acddb3c618c0416622,2017-10-30T11:55:03.000Z,0.0005375,0x4ece6189f43aa7551b4ace3a909085f5b4a8a4b0,buy,0xa8f93faee440644f89059a2c88bdc9bf3be5e2ea,0x1062243658cb9f6b9e96a9812c66c7dcc1bb04258ad2b0de8033a731e920e7c7
86,212,0.1144906,0x210a713d9463a392618257acddb3c618c0416622,2017-10-30T11:45:47.000Z,0.00054005,0x2f58842f4e70c044c12e1081dcd0afa74817b499,buy,0xa8f93faee440644f89059a2c88bdc9bf3be5e2ea,0xc7da68570f7dbcaf151eaa8a6cca883a9a8dd4ddd543fb03fbb66f845a8e5e48
87,148.125,0.05925,0xadb2a296b5543be7546733c0b9a5ca731b604d80,2017-10-30T10:05:58.000Z,0.0004,0xf464c0f4ad3916c788792d46fb3e0b86b783746e,sell,0xa8f93faee440644f89059a2c88bdc9bf3be5e2ea,0x261fd4a5c5f9aba6c5b018a6e01925617bf5ca5e608acfcf52595c7302972bd5
88,41.804465969482145,0.0227081859146227,0xc5e79ef5a7b29d7af398f317ffbf2cd7bcdff577,2017-10-30T08:32:33.000Z,0.0005432,0x8ac745bf1b0bd6b42f64bcf5f8cce2d834d68501,buy,0xa8f93faee440644f89059a2c88bdc9bf3be5e2ea,0xa9aa3cb3fdbebf48328a4025d089d9ca4c6bfb273a594c819c96a519a9be291a
89,50,0.0271605,0xc5e79ef5a7b29d7af398f317ffbf2cd7bcdff577,2017-10-30T07:28:50.000Z,0.00054321,0x24a0b97420d09899d97f24ed00af1d6f027cf3e5,buy,0xa8f93faee440644f89059a2c88bdc9bf3be5e2ea,0xa878b232656e92360e4cc38637e8e996a413a027109f197a15e3fa947e7636bc
90,30,0.0165,0xc5e79ef5a7b29d7af398f317ffbf2cd7bcdff577,2017-10-30T07:26:21.000Z,0.00055,0x5e0889019221599de2a7a221c63b77c8eebca379,sell,0xa8f93faee440644f89059a2c88bdc9bf3be5e2ea,0xcde26823b30cb74d63a77bc4bfb139b6fc37e27b9bf0d09b462a78aefec31165
91,734.0951150296788,0.39876780743527185,0xd7dd052ff73d9177f884592814f844a7788787d1,2017-10-30T07:26:21.000Z,0.00054321,0x24a0b97420d09899d97f24ed00af1d6f027cf3e5,buy,0xa8f93faee440644f89059a2c88bdc9bf3be5e2ea,0xf1a41c76b5bf72cf36edb2e27359cc17bb384362abac717cd9917539b775203c
92,30,0.0162963,0xc5e79ef5a7b29d7af398f317ffbf2cd7bcdff577,2017-10-30T07:24:07.000Z,0.00054321,0x24a0b97420d09899d97f24ed00af1d6f027cf3e5,buy,0xa8f93faee440644f89059a2c88bdc9bf3be5e2ea,0xc3730e88348692ab56bd0ff0e0d58159f844b69f6670043b4a8bc4dbaa44025e
93,73.40877968381044,0.03987638321204267,0xd7dd052ff73d9177f884592814f844a7788787d1,2017-10-30T07:22:01.000Z,0.00054321,0x24a0b97420d09899d97f24ed00af1d6f027cf3e5,buy,0xa8f93faee440644f89059a2c88bdc9bf3be5e2ea,0x56fdd7bbf99d68ed760a89ba52b3bf32db3f782a4366a79307884cc4f19d3a16
94,237,0.0948,0xadb2a296b5543be7546733c0b9a5ca731b604d80,2017-10-30T07:16:25.000Z,0.0004,0x575c0c445f73bd0bcde0ae2f53a63bdb9d18445f,sell,0xa8f93faee440644f89059a2c88bdc9bf3be5e2ea,0xbf2a40db348323ee84e2eb5c63194f9a31dfe0a4985eea6534f70ef4f6ef069e
95,150,0.06585,0xaf62453e6c0a04f902432a6aaaa0e425ac3cde9b,2017-10-30T07:13:27.000Z,0.000439,0x575c0c445f73bd0bcde0ae2f53a63bdb9d18445f,sell,0xa8f93faee440644f89059a2c88bdc9bf3be5e2ea,0xe6ca2a1ad2df076d49b5c6ee5165ce2a9805fff6aa6e73881d3394df606779bf
96,64.04084261851268,0.02882094081203545,0xaf62453e6c0a04f902432a6aaaa0e425ac3cde9b,2017-10-30T07:12:16.000Z,0.00045003999999999997,0x575c0c445f73bd0bcde0ae2f53a63bdb9d18445f,sell,0xa8f93faee440644f89059a2c88bdc9bf3be5e2ea,0x487af2a316690bb2905209b7271ab44b1edacecec1a23c3f7242dc1895fea0dd
97,85.95915738148732,0.03868505918796455,0xaf62453e6c0a04f902432a6aaaa0e425ac3cde9b,2017-10-30T07:04:57.000Z,0.00045003999999999997,0xf230d122c24af3b44e13fc3ba56e24c681f7b466,sell,0xa8f93faee440644f89059a2c88bdc9bf3be5e2ea,0x3ef917c0f4251ee4b47bc161e5883c65dcc3d71ff370d2cda61b0658cae76233
98,150,0.06765,0xaf62453e6c0a04f902432a6aaaa0e425ac3cde9b,2017-10-30T07:03:09.000Z,0.000451,0xf230d122c24af3b44e13fc3ba56e24c681f7b466,sell,0xa8f93faee440644f89059a2c88bdc9bf3be5e2ea,0x7cfa0fc27da5cca52e2cca6d6e5259c8461a08846fae33c75e3f14f9d352c0c4
99,234.45,0.103158,0xc8e448365f1bd5b545b0bfcfac947a827507998d,2017-10-30T05:43:10.000Z,0.00044,0x2daf797758a4372812bc67d6d166b3a387dcfd78,sell,0xa8f93faee440644f89059a2c88bdc9bf3be5e2ea,0x6f76998b3050c20863e14243471d31051be424d8f511b691c0e100865ece45a8
100,250,0.1125075,0xaf62453e6c0a04f902432a6aaaa0e425ac3cde9b,2017-10-30T05:43:08.000Z,0.00045003,0x2daf797758a4372812bc67d6d166b3a387dcfd78,sell,0xa8f93faee440644f89059a2c88bdc9bf3be5e2ea,0x412c282bc0bd3481bbc209e1b60e53e9bb07c1b63c07a530fde618f2a23b359b
101,250,0.115,0xaf62453e6c0a04f902432a6aaaa0e425ac3cde9b,2017-10-30T05:43:08.000Z,0.00046,0x2daf797758a4372812bc67d6d166b3a387dcfd78,sell,0xa8f93faee440644f89059a2c88bdc9bf3be5e2ea,0xa083910ba31863ce2507d307eed68a42aa72068d0fb77ef5e529ef48bd272dc2
102,730,0.3796,0xaf62453e6c0a04f902432a6aaaa0e425ac3cde9b,2017-10-30T05:19:53.000Z,0.00052,0xe6dce38a61edba2cd7dc0be24aa42f1c1bd3de0c,buy,0xa8f93faee440644f89059a2c88bdc9bf3be5e2ea,0xa336e40c1391ffee2e603fb6ad6a27e81356ff95fe0c557e658c424c953a6831
103,99.69095803010667,0.043864021533246936,0xc8e448365f1bd5b545b0bfcfac947a827507998d,2017-10-30T04:46:44.000Z,0.00044,0xc6f781aba6232641260eb66ea49889728d244234,sell,0xa8f93faee440644f89059a2c88bdc9bf3be5e2ea,0xe78d554e2e16e72589b8df71cb487ef2eaea40e51b50d83a3d898e9eb975daa7
104,54.6,0.026754,0xcdc821be5cb4bf06a6671340c26f18eb07bd3324,2017-10-30T04:28:29.000Z,0.00049,0x575c0c445f73bd0bcde0ae2f53a63bdb9d18445f,sell,0xa8f93faee440644f89059a2c88bdc9bf3be5e2ea,0xac10d29f2d6209e22577115480c0051aa42b12b1b43ad0cdd4d677069fdabe4c
105,100,0.048,0xcdc821be5cb4bf06a6671340c26f18eb07bd3324,2017-10-30T04:28:02.000Z,0.00048,0x575c0c445f73bd0bcde0ae2f53a63bdb9d18445f,sell,0xa8f93faee440644f89059a2c88bdc9bf3be5e2ea,0xa841c5985af0b23621783d879e470c6a52ac70cc9df4223e8b053707576b9731
106,10,0.005,0x9d7fdea940df185a6a3ec530016fee0335dfde73,2017-10-30T04:21:07.000Z,0.0005,0x7c21d07deefa8e271980e5c9f994ad2e4f7663e0,sell,0xa8f93faee440644f89059a2c88bdc9bf3be5e2ea,0x54f7e35f13d2e33d7de0c66ab577df460c2a04e3e2dd1ca8027de0e410ca6b42
107,85.52,0.04267448,0xaf62453e6c0a04f902432a6aaaa0e425ac3cde9b,2017-10-30T03:07:57.000Z,0.000499,0x575c0c445f73bd0bcde0ae2f53a63bdb9d18445f,sell,0xa8f93faee440644f89059a2c88bdc9bf3be5e2ea,0x1151e9ad250d4a31ac8aaf1bc305c80df5828cc441ab1887f5d0a7263db44995
108,20.025,0.01021275,0x5e9cb42294d393306f48355944a3bd1596ef5e2b,2017-10-30T03:06:14.000Z,0.00051,0x575c0c445f73bd0bcde0ae2f53a63bdb9d18445f,sell,0xa8f93faee440644f89059a2c88bdc9bf3be5e2ea,0x9d8e08205e23531ea6667aebf71daca9c65e206b8d8d9299225b9be7f25bb6f7
109,0.7669299792928,0.000391134289439328,0x5e9cb42294d393306f48355944a3bd1596ef5e2b,2017-10-30T02:07:50.000Z,0.00051,0x16e5d97bbc92417e051e3b2cabfbf8ceea2acb9c,sell,0xa8f93faee440644f89059a2c88bdc9bf3be5e2ea,0x36e79d310747f210023a464211d2f3fb24c9057c43b0f6e243ab6f9b7538670a
110,0.8449228585429,0.000430910657856879,0x5e9cb42294d393306f48355944a3bd1596ef5e2b,2017-10-30T02:06:09.000Z,0.00051,0x379374d13077e8867ef31803c37baf9785a17c00,sell,0xa8f93faee440644f89059a2c88bdc9bf3be5e2ea,0x09295d6edf8c1cb85659d95d93ec28ebd515ffb70a0159eb796c01b33dc2231d
111,150,0.07215,0xaf62453e6c0a04f902432a6aaaa0e425ac3cde9b,2017-10-30T00:29:43.000Z,0.000481,0x5e9cb42294d393306f48355944a3bd1596ef5e2b,sell,0xa8f93faee440644f89059a2c88bdc9bf3be5e2ea,0xcadd976b5e0704eb191d7cc02c8cc2a62de698c76ce1f99febab9a4847380386
112,100,0.049,0xcdc821be5cb4bf06a6671340c26f18eb07bd3324,2017-10-30T00:28:31.000Z,0.00049,0x5e9cb42294d393306f48355944a3bd1596ef5e2b,sell,0xa8f93faee440644f89059a2c88bdc9bf3be5e2ea,0xa0e1c5431a6f2e22ebb5d3cfaeca5ad47d663284414d9efb16ba3992d506aaa8
113,10,0.0052,0x9d7fdea940df185a6a3ec530016fee0335dfde73,2017-10-29T23:54:29.000Z,0.00052,0x575c0c445f73bd0bcde0ae2f53a63bdb9d18445f,sell,0xa8f93faee440644f89059a2c88bdc9bf3be5e2ea,0x2fd4727c7e3a46d367215eb0515212109bb76d01675b6c684646af34839a00b7
114,100,0.056,0x9d7fdea940df185a6a3ec530016fee0335dfde73,2017-10-29T23:44:22.000Z,0.00056,0xf464c0f4ad3916c788792d46fb3e0b86b783746e,sell,0xa8f93faee440644f89059a2c88bdc9bf3be5e2ea,0x681e1006a54716ab05cfa029a09e5449b1b9844ac3482f32a4801f2c15a19f27
115,64.47986617493079,0.032175453221290465,0xaf62453e6c0a04f902432a6aaaa0e425ac3cde9b,2017-10-29T20:42:01.000Z,0.000499,0xa56f4cdf31e3723cdb04d1d3963586fb5c99ac2f,sell,0xa8f93faee440644f89059a2c88bdc9bf3be5e2ea,0x7f6b68eb197e2164cd527140eb388d79f7ca8f65b3e082f4b1c219bd41222ad5
116,45.4,0.022246,0xcdc821be5cb4bf06a6671340c26f18eb07bd3324,2017-10-29T19:15:28.000Z,0.00049,0x77c3db040f79ae46a91529a667c03ab484b37116,sell,0xa8f93faee440644f89059a2c88bdc9bf3be5e2ea,0x342a05808522716f4e3f09d7201fb652627a910d619b6c51a21ab456b2b223db
117,100,0.05,0xcdc821be5cb4bf06a6671340c26f18eb07bd3324,2017-10-29T19:13:05.000Z,0.0005,0x77c3db040f79ae46a91529a667c03ab484b37116,sell,0xa8f93faee440644f89059a2c88bdc9bf3be5e2ea,0x370f3475361fdd3c2a4789ea7a185a8c60b2e748576f204346a877ac3dbaf567
118,100,0.051,0xcdc821be5cb4bf06a6671340c26f18eb07bd3324,2017-10-29T19:12:08.000Z,0.00051,0x77c3db040f79ae46a91529a667c03ab484b37116,sell,0xa8f93faee440644f89059a2c88bdc9bf3be5e2ea,0x58aa507d37fc37d13bbb11c1553f780b7706c6f962d4919a25cad2c4edc75a32
119,400,0.204,0xaf62453e6c0a04f902432a6aaaa0e425ac3cde9b,2017-10-29T18:47:30.000Z,0.00051,0x77c3db040f79ae46a91529a667c03ab484b37116,sell,0xa8f93faee440644f89059a2c88bdc9bf3be5e2ea,0x227e62f0f8a9e15095daa75cfca30d252d537ed2c7b4d2fbc0c462847b2459ea
120,46.63868042807149,0.024252580209401454,0xaf62453e6c0a04f902432a6aaaa0e425ac3cde9b,2017-10-29T18:47:09.000Z,0.00052001,0x77c3db040f79ae46a91529a667c03ab484b37116,sell,0xa8f93faee440644f89059a2c88bdc9bf3be5e2ea,0x17526c8e21b59e6fd28d37dc26dbf161146e4505176385533e368686d8c1a29d
121,478.10707711435396,0.24861568009946405,0xda31bd4277df8ed5e28509a95971be4babc86f0f,2017-10-29T18:46:44.000Z,0.00052,0x77c3db040f79ae46a91529a667c03ab484b37116,sell,0xa8f93faee440644f89059a2c88bdc9bf3be5e2ea,0x16c7517715a1cedf6f6287d87b73182237bbfdc807e490f440a77190034bbbdd
122,423.89292288564604,0.22042431990053596,0xda31bd4277df8ed5e28509a95971be4babc86f0f,2017-10-29T18:28:24.000Z,0.00052,0x8dc754ee96908ff4d262ff448285bcb668c318a4,sell,0xa8f93faee440644f89059a2c88bdc9bf3be5e2ea,0x38cf8fc6a8bc9b967d566a6e54358ad8af7e0d5129500a840f3149e24590a8dd
123,33,0.0194337,0xec8713fc441c77994c2f3588eae9afb7a135f3ac,2017-10-29T16:39:07.000Z,0.0005889,0x24a0b97420d09899d97f24ed00af1d6f027cf3e5,buy,0xa8f93faee440644f89059a2c88bdc9bf3be5e2ea,0xc61c98c7b14000119b4f9d88901e65a2e6370492f019a803ffb2647f555df261
124,1.6896772547475696,0.000996909580301066,0xc5e79ef5a7b29d7af398f317ffbf2cd7bcdff577,2017-10-29T15:56:00.000Z,0.00059,0x77c3db040f79ae46a91529a667c03ab484b37116,buy,0xa8f93faee440644f89059a2c88bdc9bf3be5e2ea,0x64a557226ecf4e22c8cc93c59ae934d493e1afdd66ea9e4a363b7dbc741690cd
125,0.000058833674303389,0.000000034711867839,0xd17bb416683288b784aba9a5f8b5fc8aa60b0a0b,2017-10-29T15:54:28.000Z,0.0005900000000000083,0x77c3db040f79ae46a91529a667c03ab484b37116,buy,0xa8f93faee440644f89059a2c88bdc9bf3be5e2ea,0xf4cc021d9ff5e56bf51370799b0f529437fa70605936f4c7143eb839d204188b
126,0.5901605869262898,0.000348194746286511,0xd17bb416683288b784aba9a5f8b5fc8aa60b0a0b,2017-10-29T15:51:02.000Z,0.00059,0x77c3db040f79ae46a91529a667c03ab484b37116,buy,0xa8f93faee440644f89059a2c88bdc9bf3be5e2ea,0xe6ab442635713b0b8449defa957e03eedb833ea07e1365f1bfbe3f315d7be533
127,425,0.25075,0xb8585f350637aac72b5c3b1bb4cfc990304057a6,2017-10-29T14:35:23.000Z,0.00059,0xfadf2dfe5087306c5b5fe7272ee3d1a5a1417287,sell,0xa8f93faee440644f89059a2c88bdc9bf3be5e2ea,0x2acfe50b9b38f245b351649bb130be2e058a00c9c5db065d6237d60e15806849
128,659.8449990359957,0.3926071145814184,0xadb2a296b5543be7546733c0b9a5ca731b604d80,2017-10-29T14:35:17.000Z,0.000594999,0xfadf2dfe5087306c5b5fe7272ee3d1a5a1417287,buy,0xa8f93faee440644f89059a2c88bdc9bf3be5e2ea,0x4911e0fa106da3526e4db830807f122cb32c2aaf2721e220be46630d6bba8e3b
129,659.8449990359957,0.3926071145814184,0xadb2a296b5543be7546733c0b9a5ca731b604d80,2017-10-29T14:35:08.000Z,0.000594999,0xfadf2dfe5087306c5b5fe7272ee3d1a5a1417287,buy,0xa8f93faee440644f89059a2c88bdc9bf3be5e2ea,0x4911e0fa106da3526e4db830807f122cb32c2aaf2721e220be46630d6bba8e3b
130,84,0.04981116,0x1036d2a34e8c9c687a02124256971698c1ef1e4d,2017-10-29T14:33:09.000Z,0.00059299,0x5e0889019221599de2a7a221c63b77c8eebca379,buy,0xa8f93faee440644f89059a2c88bdc9bf3be5e2ea,0xb654dd56286209bad8b4e255752e80f81db948d01ab1db08a483e8f075dce7d4
131,819.667,0.486062531,0xed4f187c08e2232411c85717f22e9a7624eb2381,2017-10-29T14:21:48.000Z,0.000593,0x24a0b97420d09899d97f24ed00af1d6f027cf3e5,buy,0xa8f93faee440644f89059a2c88bdc9bf3be5e2ea,0xc0fc452ff7d124425432ecb977228f9d598e5bef98787617872f81408e3b3f11
132,32,0.01897568,0x4ee6850799cd6d0d15f1135e9d09ebc1c84f6b5e,2017-10-29T14:21:48.000Z,0.00059299,0x5e0889019221599de2a7a221c63b77c8eebca379,buy,0xa8f93faee440644f89059a2c88bdc9bf3be5e2ea,0x1e4fa4903d2a4e54aa20867f9d9d8282150e9d33baa89e7e77d369a52b7d2df7
133,454.33279617359875,0.2694193481309441,0xed4f187c08e2232411c85717f22e9a7624eb2381,2017-10-29T14:14:00.000Z,0.000593,0x24a0b97420d09899d97f24ed00af1d6f027cf3e5,buy,0xa8f93faee440644f89059a2c88bdc9bf3be5e2ea,0x315be625e9ab3cbaead3c8275d6bd3adfb43b4b7860367967f579f4334412099
134,145.70929776526475,0.08640415648182434,0x6dd0b878c5755e808121639291796fc9bb416e47,2017-10-29T13:57:25.000Z,0.00059299,0x5e0889019221599de2a7a221c63b77c8eebca379,buy,0xa8f93faee440644f89059a2c88bdc9bf3be5e2ea,0xa4aa2d0535ca273b1d0e6bd723eb862e69be5948400591e59db4f6ca84f28b00
135,155.858,0.09195622,0x3e6e042a8f2c5342ca72c8b3102f3f95b077106c,2017-10-29T13:15:22.000Z,0.00059,0xc8e448365f1bd5b545b0bfcfac947a827507998d,buy,0xa8f93faee440644f89059a2c88bdc9bf3be5e2ea,0xd1ad19ed29009470ca357176e94e15e9eae89f5f765bcb3bd02f7cfd5afdf57f
136,77.469,0.045551772,0x1979713820190f1617e54a78ff393e819eebb0cf,2017-10-29T13:13:30.000Z,0.000588,0x4cc2fa038e2ffc190dd188dab64d7ff997744daa,buy,0xa8f93faee440644f89059a2c88bdc9bf3be5e2ea,0x7725022d317844b097be8e0204a0d84d5a3ed22fe5168ee86ac446c82a753fe0
137,182.53089976309224,0.10732816906069824,0x3c3365adeacdd87ecf43d7fcff51c6343d4836c0,2017-10-29T12:44:02.000Z,0.000588,0x4cc2fa038e2ffc190dd188dab64d7ff997744daa,buy,0xa8f93faee440644f89059a2c88bdc9bf3be5e2ea,0xb3352ba3ba920fb259486c841a603dac332284ae222c0f974688ae65760765e6
138,74.97,0.04408236,0x3c3365adeacdd87ecf43d7fcff51c6343d4836c0,2017-10-29T12:41:37.000Z,0.000588,0x21f050e6dc0d7285405b537dd3d3d853ef852d24,buy,0xa8f93faee440644f89059a2c88bdc9bf3be5e2ea,0xfe18a088de7f8ab1a275c4e1ad177ee5faf2f275219fc5d84b51702645d25719
139,300,0.17397,0x3c3365adeacdd87ecf43d7fcff51c6343d4836c0,2017-10-29T12:41:06.000Z,0.0005799,0x5e0889019221599de2a7a221c63b77c8eebca379,buy,0xa8f93faee440644f89059a2c88bdc9bf3be5e2ea,0xdd074650d9664e5fb6879dbd0a6e4bd85857db406c5bb34f4a692830b0814ec0
140,353.3613195719285,0.18375141979059853,0xaf62453e6c0a04f902432a6aaaa0e425ac3cde9b,2017-10-29T12:17:38.000Z,0.00052001,0xd798cf11debb0b63a275777ff485787bc7be606b,sell,0xa8f93faee440644f89059a2c88bdc9bf3be5e2ea,0xa535d91cc0b299de2a578feb8c356c62561114d13e9300bd795de48c7bc23016
141,172.83589242225926,0.10024481760491037,0x8e6cc94fe3b9e77ed5f2d0e7361ea7624357b344,2017-10-29T11:48:09.000Z,0.00058,0x9e3b09384abeb8b965c3f8eb4a3ac3847836b031,buy,0xa8f93faee440644f89059a2c88bdc9bf3be5e2ea,0xc50346ef3636375eeb1a1e92def5bbce2c5bd0c055a1d2c9b70fa8aa10cf3cb3
142,177.16410757774074,0.10275518239508963,0x8e6cc94fe3b9e77ed5f2d0e7361ea7624357b344,2017-10-29T11:44:44.000Z,0.00058,0x9e3b09384abeb8b965c3f8eb4a3ac3847836b031,buy,0xa8f93faee440644f89059a2c88bdc9bf3be5e2ea,0x04783c9b9eb335cf2a8ea20e86da0e63cd2cb7818e50fb38799d8235fa0be333
143,70,0.0398993,0xe01924ddac0ff34536fd9649b60d7be3d0681835,2017-10-29T11:37:12.000Z,0.00056999,0x321c8f4779579c9b49e6b1d7a53d1ad03107fc5f,buy,0xa8f93faee440644f89059a2c88bdc9bf3be5e2ea,0x528428b2c90b8704c3cac4e10b2c7b66bc2bcb5cfd39097aa8236a8f4afcae95
144,236.67563076936992,0.13419508264623276,0xf230d122c24af3b44e13fc3ba56e24c681f7b466,2017-10-29T11:35:56.000Z,0.000567,0x24a0b97420d09899d97f24ed00af1d6f027cf3e5,buy,0xa8f93faee440644f89059a2c88bdc9bf3be5e2ea,0x15a48f82e9bcc6631c3a2523787eb11fa78fec34944945500ce3112d85ab8fa9
145,232.16078253615447,0.1316351636979996,0x2fe2ac145ab9da3f5c5cdbb1932153f5e0b59086,2017-10-29T11:23:35.000Z,0.000567,0x24a0b97420d09899d97f24ed00af1d6f027cf3e5,buy,0xa8f93faee440644f89059a2c88bdc9bf3be5e2ea,0xfca1d35fcad2a2befbdd1ac0e1dd0d03aecacae2799301b6c7eec8f7d5901b83
146,210.54448076382462,0.11937872059308856,0x78632c711de17d4189705d06e14e858a27d3c350,2017-10-29T11:20:45.000Z,0.000567,0x24a0b97420d09899d97f24ed00af1d6f027cf3e5,buy,0xa8f93faee440644f89059a2c88bdc9bf3be5e2ea,0xfbe9bcecf9a0eba8da4e2f19bd116a0078cd9c9422839217a66103fbc5830cad
147,1899.8068124088954,1.0771904626358437,0x78632c711de17d4189705d06e14e858a27d3c350,2017-10-29T11:12:05.000Z,0.000567,0x24a0b97420d09899d97f24ed00af1d6f027cf3e5,buy,0xa8f93faee440644f89059a2c88bdc9bf3be5e2ea,0x3623830e98c44c601d3ee82735f2474407e6e50c1bd3c09769b7752748f7e45e
148,210.3341187928146,0.11925944535552588,0x2ebc0a41dd6b094d0eeb7bbc168ecd20ea5a3990,2017-10-29T10:55:40.000Z,0.000567,0x24a0b97420d09899d97f24ed00af1d6f027cf3e5,buy,0xa8f93faee440644f89059a2c88bdc9bf3be5e2ea,0x1d9e71e8b0abbc175ef88563d3fe03c008e14407ece49bfa42294ad27e749a72
149,0.020980679299137567,0.000011896045162611,0x7cb4eab701ca891b5e0391bea0c8b77bbd71931d,2017-10-29T10:48:42.000Z,0.000567,0x24a0b97420d09899d97f24ed00af1d6f027cf3e5,buy,0xa8f93faee440644f89059a2c88bdc9bf3be5e2ea,0x26946b9b9f595bec6124325b99a9db04f3b472236d4c9ec77c1c08f95a9092dc
150,210.45719404964188,0.11932922902614694,0x7cb4eab701ca891b5e0391bea0c8b77bbd71931d,2017-10-29T10:48:18.000Z,0.000567,0x24a0b97420d09899d97f24ed00af1d6f027cf3e5,buy,0xa8f93faee440644f89059a2c88bdc9bf3be5e2ea,0xe9e6ba3f8bacf1807ceffe3e7e1cb92bace8ca8c0d0bbf2f0e90fcda95e9f8d7
151,215.10231879857204,0.11948933809260677,0x5c13be055f282a8214408bc2f4e93ea9214f3274,2017-10-29T10:39:56.000Z,0.0005555,0x24a0b97420d09899d97f24ed00af1d6f027cf3e5,buy,0xa8f93faee440644f89059a2c88bdc9bf3be5e2ea,0xa0c2a51534aff2a1b89e14b02f43693d15a5b58f31a2d51963e4fd8f8a27800f
152,215.22519166321277,0.11955759396891469,0xc5f27d7c7100e1bb6fa6bd9762b3ae123f94d262,2017-10-29T10:34:10.000Z,0.0005555,0x24a0b97420d09899d97f24ed00af1d6f027cf3e5,buy,0xa8f93faee440644f89059a2c88bdc9bf3be5e2ea,0x5d0397f8b4829f293e286d20460725a181b05f422255a1ec01701ff25192dc7d
153,180.90726158504683,0.10255632659256306,0xedc321eacad5f279851c765f10353cc5e544e0a7,2017-10-29T10:27:32.000Z,0.0005669,0x78a4cc57929c751652270ebad9970f5b84a2f884,buy,0xa8f93faee440644f89059a2c88bdc9bf3be5e2ea,0x47f083f6b43bb837ae8c2fc41fc5aeced52689276526d554fe334c2722a6c5be
154,387.4063150748819,0.21962064001595055,0xedc321eacad5f279851c765f10353cc5e544e0a7,2017-10-29T10:27:08.000Z,0.0005669,0x78a4cc57929c751652270ebad9970f5b84a2f884,buy,0xa8f93faee440644f89059a2c88bdc9bf3be5e2ea,0xdd530a436c10957c27577b34640cd078588987f1bdcd8cd3127c91c150b25e4a
155,419.68642334007126,0.2379202333914864,0x9171c7253ce12758a1c3d9883fb424180dcebe09,2017-10-29T10:22:51.000Z,0.0005669,0x78a4cc57929c751652270ebad9970f5b84a2f884,buy,0xa8f93faee440644f89059a2c88bdc9bf3be5e2ea,0xb9afacc9541fbf0fc5d7ce04022821eb90f4bbdba7b1967d005ab4ff32ba1957
156,648.95,0.345306295,0x9171c7253ce12758a1c3d9883fb424180dcebe09,2017-10-29T10:21:13.000Z,0.0005321,0x24a0b97420d09899d97f24ed00af1d6f027cf3e5,buy,0xa8f93faee440644f89059a2c88bdc9bf3be5e2ea,0x8549003e4fcf774f4bc339a002cdc4f52782a0ffdeaaf48b90f9b565ba2416d6
157,1.0468594217347955,0.000593569292123629,0xaf62453e6c0a04f902432a6aaaa0e425ac3cde9b,2017-10-29T10:13:37.000Z,0.0005669999999999999,0x1d5321e125f6c7079a716705541c7b371ca79e69,sell,0xa8f93faee440644f89059a2c88bdc9bf3be5e2ea,0x0612951c4f23bdf653d4f100e47799e16552adf46d165a4c9e8a89b60611c663
158,1.05,0.000558705,0x1d5321e125f6c7079a716705541c7b371ca79e69,2017-10-29T10:13:37.000Z,0.0005321,0x24a0b97420d09899d97f24ed00af1d6f027cf3e5,buy,0xa8f93faee440644f89059a2c88bdc9bf3be5e2ea,0x0612951c4f23bdf653d4f100e47799e16552adf46d165a4c9e8a89b60611c663
159,350,0.186235,0xd53955fa72ae2844f9add18bb455898af8e470f1,2017-10-29T10:13:03.000Z,0.0005321,0x24a0b97420d09899d97f24ed00af1d6f027cf3e5,buy,0xa8f93faee440644f89059a2c88bdc9bf3be5e2ea,0xb703734972f18b7fdd04f15220ca42fb41e0d42f7f09ea0581e3f0ad4acf7bef
160,348.95,0.19785465,0xaf62453e6c0a04f902432a6aaaa0e425ac3cde9b,2017-10-29T10:13:03.000Z,0.000567,0xd53955fa72ae2844f9add18bb455898af8e470f1,sell,0xa8f93faee440644f89059a2c88bdc9bf3be5e2ea,0xb703734972f18b7fdd04f15220ca42fb41e0d42f7f09ea0581e3f0ad4acf7bef
161,1,0.0005877,0x0b773d7819259d78757b26dc4148812d35676d8f,2017-10-29T07:46:26.000Z,0.0005877,0x78a4cc57929c751652270ebad9970f5b84a2f884,buy,0xa8f93faee440644f89059a2c88bdc9bf3be5e2ea,0x96b894f58b4cd84eaecbb5c320ba84776d601aec20f11a6afd62d1d26212ed5e
162,10,0.006,0x9d7fdea940df185a6a3ec530016fee0335dfde73,2017-10-29T06:46:42.000Z,0.0006,0x78a4cc57929c751652270ebad9970f5b84a2f884,sell,0xa8f93faee440644f89059a2c88bdc9bf3be5e2ea,0xbb85e0d16e944a2d69fc364e4747e182ad51e1c9865977330f2c87776d1a1485
163,10,0.006,0x9d7fdea940df185a6a3ec530016fee0335dfde73,2017-10-29T05:52:32.000Z,0.0006,0x21f050e6dc0d7285405b537dd3d3d853ef852d24,sell,0xa8f93faee440644f89059a2c88bdc9bf3be5e2ea,0x5b648d9e1c640b10aaefc36322b76b0c7bc8487364ebbbaab2930e98f1a21dfb
164,85,0.04998,0x21f050e6dc0d7285405b537dd3d3d853ef852d24,2017-10-29T05:49:46.000Z,0.000588,0x4cc2fa038e2ffc190dd188dab64d7ff997744daa,buy,0xa8f93faee440644f89059a2c88bdc9bf3be5e2ea,0x2e566ac1981d659317349dc11bec1beca76b69cc37908d14b8c71bad012b9e6c
165,2600,1.5288,0x0fb404bf92af3ff385a0d319ff5c2fbfdf00e68d,2017-10-29T05:22:06.000Z,0.000588,0x7c21d07deefa8e271980e5c9f994ad2e4f7663e0,sell,0xa8f93faee440644f89059a2c88bdc9bf3be5e2ea,0x23258833357105e597bab7b3955989b648753f4834f54fcc19b56851aba1ae1a
166,370,0.22162963,0x6dd0b878c5755e808121639291796fc9bb416e47,2017-10-29T04:29:05.000Z,0.000598999,0xfadf2dfe5087306c5b5fe7272ee3d1a5a1417287,buy,0xa8f93faee440644f89059a2c88bdc9bf3be5e2ea,0xbbac382c85cef9f52c091d9ca8c91575606fc5824b024873837ced9fc95803d0
167,37.002,0.0218274798,0x6dd0b878c5755e808121639291796fc9bb416e47,2017-10-29T04:25:28.000Z,0.0005899,0x2a1164a9055e58e8a76bbdf7b43512d133eac112,buy,0xa8f93faee440644f89059a2c88bdc9bf3be5e2ea,0xb2fdbc54b5553ffcb0f06b8b9765c03c0cadb2cb6cc964e6a4ebebe2909c1b92
168,289.432,0.170475448,0x6dd0b878c5755e808121639291796fc9bb416e47,2017-10-29T04:23:08.000Z,0.000589,0xcc6fed415553c4c680f8323980dd1e37b2d3c309,buy,0xa8f93faee440644f89059a2c88bdc9bf3be5e2ea,0x81917dfe3bba52e6a3467e89cd7de8ef84d3575eddfa24a1116605c7fe4863b9
169,155.85886301485004,0.06857789972653403,0xc8e448365f1bd5b545b0bfcfac947a827507998d,2017-10-29T04:10:51.000Z,0.00044,0x50923479a9634c1f2c74a4b87ece58c8caf8dfb9,sell,0xa8f93faee440644f89059a2c88bdc9bf3be5e2ea,0xb45954e33ee512196e12d31e652793cf9dbbca6187c2194b58af43bb58122fc5
170,0.6899047954176666,0.000351851445663009,0xf5d1c977a2537c09f48748bc82f23a665b4a0081,2017-10-29T04:05:02.000Z,0.0005099999999999986,0x1d5321e125f6c7079a716705541c7b371ca79e69,sell,0xa8f93faee440644f89059a2c88bdc9bf3be5e2ea,0x147cf40845f252d78698693cffa1621640cbc941b70e86a07861f91d2245337b
171,0.6919745098039196,0.000335607637254901,0x1d5321e125f6c7079a716705541c7b371ca79e69,2017-10-29T04:05:02.000Z,0.000485,0x50923479a9634c1f2c74a4b87ece58c8caf8dfb9,buy,0xa8f93faee440644f89059a2c88bdc9bf3be5e2ea,0x147cf40845f252d78698693cffa1621640cbc941b70e86a07861f91d2245337b
172,100,0.04719,0xaf62453e6c0a04f902432a6aaaa0e425ac3cde9b,2017-10-29T04:04:01.000Z,0.0004719,0x50923479a9634c1f2c74a4b87ece58c8caf8dfb9,sell,0xa8f93faee440644f89059a2c88bdc9bf3be5e2ea,0x1b9f9b2e76af75234a5ed4d72a574e8e22dd81fc232ee6c7a91bce16ec3b6596
173,100,0.0485,0x7c0223d957227044ec030ef35e99b3a6fe4825a3,2017-10-29T04:03:16.000Z,0.000485,0x50923479a9634c1f2c74a4b87ece58c8caf8dfb9,sell,0xa8f93faee440644f89059a2c88bdc9bf3be5e2ea,0x79f75fc6779ccf195d814bdcf3ad042e41571a525dd4ce13735aa158c1d0d474
174,122,0.05917,0xf4471f3aeeb527a9f0eb0a2106c5e2304c665ced,2017-10-29T04:03:08.000Z,0.000485,0x50923479a9634c1f2c74a4b87ece58c8caf8dfb9,sell,0xa8f93faee440644f89059a2c88bdc9bf3be5e2ea,0x99de9e9a23b2fc63750a72b7192b31ecb7effa02a0490a3d2f9db06d8cf1a628
175,100,0.0514,0xaf62453e6c0a04f902432a6aaaa0e425ac3cde9b,2017-10-29T03:50:51.000Z,0.000514,0xfadf2dfe5087306c5b5fe7272ee3d1a5a1417287,sell,0xa8f93faee440644f89059a2c88bdc9bf3be5e2ea,0x7436ec1da4e02cf4c65e35dc315fe87efd78c5a2e9dd53f5e67bf525559dd12a
176,100,0.05119,0xaf62453e6c0a04f902432a6aaaa0e425ac3cde9b,2017-10-29T03:50:51.000Z,0.0005119,0xfadf2dfe5087306c5b5fe7272ee3d1a5a1417287,sell,0xa8f93faee440644f89059a2c88bdc9bf3be5e2ea,0x0550161f6fc904720c09ce08789d41bf7383ddc9d97639f8a5e5ec56e47d39c7
177,525,0.269325,0x39bd12c87b8dc8875ca72208b45465d72d6f2874,2017-10-29T03:50:51.000Z,0.000513,0xfadf2dfe5087306c5b5fe7272ee3d1a5a1417287,sell,0xa8f93faee440644f89059a2c88bdc9bf3be5e2ea,0xdd462f86a99ddabfc80d22349d78630c0430e22d9e14da3e0068be848363cb29
178,2,0.001177998,0xdb87473c75ef9039b75b28d1752c632d361db407,2017-10-29T03:05:27.000Z,0.000588999,0x7c21d07deefa8e271980e5c9f994ad2e4f7663e0,sell,0xa8f93faee440644f89059a2c88bdc9bf3be5e2ea,0xeec53af5e1a1f8b579e0ec8809485f1d2bb77438e97fc379e0bbf669e9459912
179,478.363,0.24396513,0x5e9cb42294d393306f48355944a3bd1596ef5e2b,2017-10-29T02:29:12.000Z,0.00051,0xfadf2dfe5087306c5b5fe7272ee3d1a5a1417287,sell,0xa8f93faee440644f89059a2c88bdc9bf3be5e2ea,0xaeff438ce0fd544f33f8ff42f021de356378c2e14a2c767d267571f5946f669c
180,554,0.299714,0x39bd12c87b8dc8875ca72208b45465d72d6f2874,2017-10-29T02:26:15.000Z,0.000541,0xfadf2dfe5087306c5b5fe7272ee3d1a5a1417287,sell,0xa8f93faee440644f89059a2c88bdc9bf3be5e2ea,0x83186616cc41a7c3a6876cffd5a3825d2750e06e4681e2f5a1e09a81586e8cd1
181,118,0.070563882,0x210a713d9463a392618257acddb3c618c0416622,2017-10-29T02:24:31.000Z,0.000597999,0xfadf2dfe5087306c5b5fe7272ee3d1a5a1417287,buy,0xa8f93faee440644f89059a2c88bdc9bf3be5e2ea,0x46c6e3ba7d62e5fddc84a74600698ffd9f27ba586023aa0459b9da8e5bd8fae9
182,120,0.0648,0x1f5a4b4233fc37b2dff69888a6a299e2dd786bcc,2017-10-29T02:15:55.000Z,0.00054,0xfadf2dfe5087306c5b5fe7272ee3d1a5a1417287,sell,0xa8f93faee440644f89059a2c88bdc9bf3be5e2ea,0x84efcaaf03d0016eed49fe614423564eb04f00efc83e40f4dccc49a8884797ba
183,1000,0.550001,0x9c27830cec092480cc454a82bcf97a976a859b4b,2017-10-29T02:15:55.000Z,0.000550001,0xfadf2dfe5087306c5b5fe7272ee3d1a5a1417287,sell,0xa8f93faee440644f89059a2c88bdc9bf3be5e2ea,0xdcef67130705fda3ddba37d9c524c58919b93f92679e352b5ebc090b40e520e4
184,416.4,0.22902,0x770393e377c2784451366741ea36720821d3df56,2017-10-29T02:15:55.000Z,0.00055,0xfadf2dfe5087306c5b5fe7272ee3d1a5a1417287,sell,0xa8f93faee440644f89059a2c88bdc9bf3be5e2ea,0xc09075936763f93540eac8fdc7a83b5f036b8def26e3efb27285783b091459d1
185,724.7299189664141,0.43411322146088205,0xda31bd4277df8ed5e28509a95971be4babc86f0f,2017-10-29T01:22:00.000Z,0.000599,0x8ac745bf1b0bd6b42f64bcf5f8cce2d834d68501,buy,0xa8f93faee440644f89059a2c88bdc9bf3be5e2ea,0xd8f3236b89c98c7aec0d5ebc92a9f61debfbdc8903175f2a99440a7c47b5e28d
186,470,0.28153,0xd048261ba81c8c952891d29bd9a94d0a7b94c3c6,2017-10-29T00:55:59.000Z,0.000599,0x8ac745bf1b0bd6b42f64bcf5f8cce2d834d68501,buy,0xa8f93faee440644f89059a2c88bdc9bf3be5e2ea,0xf55ce97bf99c487ed9c31ecdf4f1e3fed3bb82c6f21f75b2e19c1fd495405261
187,26.58658936056225,0.01592270836804073,0xd048261ba81c8c952891d29bd9a94d0a7b94c3c6,2017-10-29T00:53:36.000Z,0.0005989,0x5e0889019221599de2a7a221c63b77c8eebca379,buy,0xa8f93faee440644f89059a2c88bdc9bf3be5e2ea,0xc666edfcd807a2f93e53b240ae801cb0d90d41dfe50da8b977b1340fb21004b9
188,316.07101594344283,0.1892949314485279,0x575c0c445f73bd0bcde0ae2f53a63bdb9d18445f,2017-10-29T00:49:00.000Z,0.0005989,0x5e0889019221599de2a7a221c63b77c8eebca379,buy,0xa8f93faee440644f89059a2c88bdc9bf3be5e2ea,0x37b3b97c83c11481604c173d66918ecf55db24a47428abd1ed7eee638dae2090
189,250,0.149725,0x5e9cb42294d393306f48355944a3bd1596ef5e2b,2017-10-29T00:39:04.000Z,0.0005989,0x5e0889019221599de2a7a221c63b77c8eebca379,buy,0xa8f93faee440644f89059a2c88bdc9bf3be5e2ea,0x90dff860ff64aa709e3a600bdc1c71b3056ab5593273b768cf66351a92857fda
190,407.3423946959949,0.24395736018343137,0x575c0c445f73bd0bcde0ae2f53a63bdb9d18445f,2017-10-29T00:21:32.000Z,0.0005989,0x5e0889019221599de2a7a221c63b77c8eebca379,buy,0xa8f93faee440644f89059a2c88bdc9bf3be5e2ea,0xfc662e7270d54641a07014ba43f913c8459628e275ccdde9e785515dbdcb7092
191,243.03098369719717,0.1455755592346211,0xedeb4b92c7a5ef2a67ab2f21fa3c424e5a61e331,2017-10-28T23:30:46.000Z,0.000599,0x8ac745bf1b0bd6b42f64bcf5f8cce2d834d68501,buy,0xa8f93faee440644f89059a2c88bdc9bf3be5e2ea,0x24f717408bcfe9e24f4def5f7b7bdaad3da7b3123e7c54af64dd865ca3499532
192,350,0.217,0x1428550fc8a5b57d9b1078ad9b7bbff200ffe0ff,2017-10-28T23:25:09.000Z,0.00062,0x4cc2fa038e2ffc190dd188dab64d7ff997744daa,buy,0xa8f93faee440644f89059a2c88bdc9bf3be5e2ea,0xfd0b422e7629069b40336ae13c89bb0beb8e9bd1267dc38d1d0199dc76d41de9
193,123.326,0.073872027348,0x418093bc5a2c439652b29cce5daa04df002db800,2017-10-28T23:00:38.000Z,0.000598998,0x65e44324f5a4edb9fa333b1e0185975641cd5029,buy,0xa8f93faee440644f89059a2c88bdc9bf3be5e2ea,0x1c45811c55f30df9814c20925629eafbc03962fc18a6bbc9a197612d54159126
194,1943.28,1.16208144,0x418093bc5a2c439652b29cce5daa04df002db800,2017-10-28T22:58:22.000Z,0.000598,0x256ef395fe4cb93eb513da4ec5fb574dfb53ecb8,buy,0xa8f93faee440644f89059a2c88bdc9bf3be5e2ea,0x1754ce758c1b450976ecfa233a8768386a94dc269e4a6e15546663081915f400
195,56.72,0.03391856,0x6e85a58b8a90b462cb080ae2904dfcd88b7a0b18,2017-10-28T22:52:13.000Z,0.000598,0x256ef395fe4cb93eb513da4ec5fb574dfb53ecb8,buy,0xa8f93faee440644f89059a2c88bdc9bf3be5e2ea,0x80972218c53c28fb3bfd9b5b169f60d6f3bce5389562e7bab4a39ec77e9e1efc
196,443.28,0.26463816,0x6e85a58b8a90b462cb080ae2904dfcd88b7a0b18,2017-10-28T22:50:13.000Z,0.000597,0x9232c4c1eb3007a443cea63b96fef41a9dad09bf,buy,0xa8f93faee440644f89059a2c88bdc9bf3be5e2ea,0xbd8d715a29c94c7b998edce5e060e65a69e8e784a87b2b7a88497e862dc2586c
197,101,0.060498798,0xb236b907580361fd4f87b759de68ca5c206644af,2017-10-28T22:05:28.000Z,0.000598998,0x65e44324f5a4edb9fa333b1e0185975641cd5029,buy,0xa8f93faee440644f89059a2c88bdc9bf3be5e2ea,0xe134f4967314a30367d59e30c6ebbb3dc0ab7371fa62dcd57b14c2f88d913360
198,300,0.1796994,0x68bbd7afd66f2a2c36a817bef85f07e5f63d60f4,2017-10-28T22:05:04.000Z,0.000598998,0x65e44324f5a4edb9fa333b1e0185975641cd5029,buy,0xa8f93faee440644f89059a2c88bdc9bf3be5e2ea,0xe4d4b69d1c7caa537dac22277b38f1d1dd2c9df01795bc5449b6fadbabc6288e
199,992.7049,0.594610381002,0x14d6a9617a144ac2ee29a309862a3d88ba2820d6,2017-10-28T21:57:44.000Z,0.00059898,0x1fabd314bb4f78f3d8860371e9042540dc1bf3c1,buy,0xa8f93faee440644f89059a2c88bdc9bf3be5e2ea,0x7ebd18923b8c0618ac52223b16dfd264d2ab060d117debb61b6a3387ea3aef8c
200,112.047,0.06498726,0x14d6a9617a144ac2ee29a309862a3d88ba2820d6,2017-10-28T21:57:17.000Z,0.00058,0x9a4cf45a4b422fab87e6a8c98057556a7a7a9dfe,buy,0xa8f93faee440644f89059a2c88bdc9bf3be5e2ea,0x973f8ccd41fd29b63143d18ddc3b0e174a409e8a62323b6cd33dbd2316154162
201,350,0.203,0x7d47f96513a3dc1d24bc93ae145c85b8e212545e,2017-10-28T21:38:07.000Z,0.00058,0x9a4cf45a4b422fab87e6a8c98057556a7a7a9dfe,buy,0xa8f93faee440644f89059a2c88bdc9bf3be5e2ea,0xc39ab888c18a7ccba99478439ff036d0af1f75341602004b91d6caeed5a2b815
202,37.95293735693487,0.022012703667022224,0x42237be48a9f4b16343dfe64221c67f94ff9ada6,2017-10-28T21:20:41.000Z,0.00058,0x9a4cf45a4b422fab87e6a8c98057556a7a7a9dfe,buy,0xa8f93faee440644f89059a2c88bdc9bf3be5e2ea,0x2b61801b6e9508e504cc779f87c0382e755e83e66c8a74a6646ef5f5557835ae
203,29.149,0.01603195,0x00965498ad146825b0d04554a85825055feed354,2017-10-28T20:28:53.000Z,0.00055,0x65e44324f5a4edb9fa333b1e0185975641cd5029,sell,0xa8f93faee440644f89059a2c88bdc9bf3be5e2ea,0x362763cf213325422a2ed103cdd19092dd01abd649ddf810b7a54684940c7736
204,25.12199094659157,0.014062536872173563,0x8dc754ee96908ff4d262ff448285bcb668c318a4,2017-10-28T20:27:53.000Z,0.0005597699999999999,0x65e44324f5a4edb9fa333b1e0185975641cd5029,sell,0xa8f93faee440644f89059a2c88bdc9bf3be5e2ea,0xa2ed051b4b6b4ba097c48cdb91ad6bf876782bad7b8984bee912013d05ccbaa4
205,10,0.0056,0xe65906517927a79e9a748c38682ef8b0e77a49a2,2017-10-28T20:27:53.000Z,0.00056,0x65e44324f5a4edb9fa333b1e0185975641cd5029,sell,0xa8f93faee440644f89059a2c88bdc9bf3be5e2ea,0xcf739cde0a72fb40fde37c46e8fb9cb26b0fd1f3bc2ca3670fb651294e2856b6
206,0.8347259344339473,0.0005,0x34f9560c63078eb61872a4dc2ccd20e21c34feaf,2017-10-28T20:16:05.000Z,0.000598999,0x65e44324f5a4edb9fa333b1e0185975641cd5029,buy,0xa8f93faee440644f89059a2c88bdc9bf3be5e2ea,0xccab6b809758b17f80e3af5285cf04e5acf799db54ed5ed70067ab0ea8855105
207,0.8347259344339473,0.0005,0xe444a40689f51f63bcd29910622035707d533d29,2017-10-28T20:13:52.000Z,0.000598999,0x65e44324f5a4edb9fa333b1e0185975641cd5029,buy,0xa8f93faee440644f89059a2c88bdc9bf3be5e2ea,0xe1385a0e3a1fb19fdd1319409b94f78c5ede185b8da34c2a5d60e6da254d0a2e
208,29.779232903806964,0.01786724194995514,0x42237be48a9f4b16343dfe64221c67f94ff9ada6,2017-10-28T19:50:42.000Z,0.00059999,0x5efa158712f755094df88f85406ecb7949cfbda4,buy,0xa8f93faee440644f89059a2c88bdc9bf3be5e2ea,0xcbe0c443dbbd28dc641f60c000261e6bb1ebeb17cea59de27a425beb3e44b9d4
209,1000,0.520001,0x78a4cc57929c751652270ebad9970f5b84a2f884,2017-10-28T19:32:38.000Z,0.000520001,0x1fabd314bb4f78f3d8860371e9042540dc1bf3c1,sell,0xa8f93faee440644f89059a2c88bdc9bf3be5e2ea,0xb1b9d3728dfc8001dbf4ce0a4c557b2e6a9d2694612ca05884f7e63a783b3154
210,29.82845066770474,0.01786724194995514,0x42237be48a9f4b16343dfe64221c67f94ff9ada6,2017-10-28T19:27:32.000Z,0.000599,0x8ac745bf1b0bd6b42f64bcf5f8cce2d834d68501,buy,0xa8f93faee440644f89059a2c88bdc9bf3be5e2ea,0x010173903578022acac1912a111876ba3414d3210709d93796a5ca0579e03f08
211,665.571,0.3858980658,0xe81e6767af9283ef265c723bfab28ee9d17ef575,2017-10-28T19:03:59.000Z,0.0005798,0x2daf797758a4372812bc67d6d166b3a387dcfd78,buy,0xa8f93faee440644f89059a2c88bdc9bf3be5e2ea,0x6317456c129850243e59c680712423da32750ce8a8258ad684416ada2afaa65e
212,743.742082835688,0.43122165962813197,0x31e00ee598e542ea3a51170ca63a328d37fd05fc,2017-10-28T18:55:14.000Z,0.0005798,0x2daf797758a4372812bc67d6d166b3a387dcfd78,buy,0xa8f93faee440644f89059a2c88bdc9bf3be5e2ea,0x4505842abd7ed56ce34e5c58360effe6d4ffc0bdb7efec2f64794874989c8377
213,245.68645237019464,0.14244900508423886,0x61aaa3153e5fb36dc7474357b27d74acfe25792b,2017-10-28T18:55:14.000Z,0.0005798,0x2daf797758a4372812bc67d6d166b3a387dcfd78,buy,0xa8f93faee440644f89059a2c88bdc9bf3be5e2ea,0x4b58d7f5220af9c85ee895c5240409b3ea86faa02fea8c7abf665b3352bc3ad0
214,708.4417160045047,0.4094793118506037,0x6a1a3efc42337ed0d3d4feef339dff9ce1c94289,2017-10-28T18:54:33.000Z,0.000578,0xcc6fed415553c4c680f8323980dd1e37b2d3c309,sell,0xa8f93faee440644f89059a2c88bdc9bf3be5e2ea,0x4488dd9f5b536ef535106aa3d3084f416bb710c7af1047df13e96bfd4d8efd35
215,1456.5,0.841857,0x6a1a3efc42337ed0d3d4feef339dff9ce1c94289,2017-10-28T18:50:31.000Z,0.000578,0x1fabd314bb4f78f3d8860371e9042540dc1bf3c1,sell,0xa8f93faee440644f89059a2c88bdc9bf3be5e2ea,0x7791f7148a91e4ad362e857cfa9e76cd0c34bc440361855b82d84f268d491edb
216,835.0582839954953,0.4826636881493963,0x6a1a3efc42337ed0d3d4feef339dff9ce1c94289,2017-10-28T18:50:31.000Z,0.000578,0xdec08a327f3d1eb3d7b38c035813e13cffeabe29,sell,0xa8f93faee440644f89059a2c88bdc9bf3be5e2ea,0x35e724509c5e6c729746b900689f11313f8d3f3743b4ffd4feeadece290d3098
217,1000,0.575,0x6a1a3efc42337ed0d3d4feef339dff9ce1c94289,2017-10-28T18:42:22.000Z,0.000575,0xcef58358e11dbd18866dc6b38f39f8bb989fdcc9,buy,0xa8f93faee440644f89059a2c88bdc9bf3be5e2ea,0x0f76e2618bc955c4a19d4ff25a07b29ec5765dfb01e2637784acd5f80f054d3a
218,837.647,0.481647025,0x8afe1a2153da8c83dafd3cfa2be86b7d7cb71bcf,2017-10-28T18:32:08.000Z,0.000575,0x1fabd314bb4f78f3d8860371e9042540dc1bf3c1,sell,0xa8f93faee440644f89059a2c88bdc9bf3be5e2ea,0xb2bb0fe5f91eb5ac4c9c99754d6bd92e6c48d4a708d93e7d460fdd10358a750b
219,2734.129,1.53111224,0x31e00ee598e542ea3a51170ca63a328d37fd05fc,2017-10-28T18:26:37.000Z,0.00056,0x9a4cf45a4b422fab87e6a8c98057556a7a7a9dfe,buy,0xa8f93faee440644f89059a2c88bdc9bf3be5e2ea,0xf58673994dcf3ebd1719682b5e83da607b907baade34b693eb2c36542dbea5eb
220,220.85082473245532,0.12146795360285043,0x00965498ad146825b0d04554a85825055feed354,2017-10-28T18:19:01.000Z,0.00055,0x58c827ed24f0204cf0e45f44a9ab222014837b10,sell,0xa8f93faee440644f89059a2c88bdc9bf3be5e2ea,0xc052a9295cc07b6e2bf142344e5ef3aefca68ab7312eef09f32ee229d858eb50
221,1038.3259,0.581452120741,0x31e00ee598e542ea3a51170ca63a328d37fd05fc,2017-10-28T18:09:00.000Z,0.00055999,0xdec08a327f3d1eb3d7b38c035813e13cffeabe29,buy,0xa8f93faee440644f89059a2c88bdc9bf3be5e2ea,0x4e014b1406ed9243d0feec653b681367d6ca7694df5c81c9e7e096c6c6fe8b3e
222,42.929754396806416,0.024030788618700328,0x31e00ee598e542ea3a51170ca63a328d37fd05fc,2017-10-28T18:07:31.000Z,0.00055977,0xdec08a327f3d1eb3d7b38c035813e13cffeabe29,buy,0xa8f93faee440644f89059a2c88bdc9bf3be5e2ea,0xd3d2beda6ad54cfa3edbdff926418a530246f52c51c35649ac7c341dfa2a0ffd
223,730.0663472178758,0.4086692391821503,0xe6dce38a61edba2cd7dc0be24aa42f1c1bd3de0c,2017-10-28T17:57:30.000Z,0.00055977,0xdec08a327f3d1eb3d7b38c035813e13cffeabe29,buy,0xa8f93faee440644f89059a2c88bdc9bf3be5e2ea,0x69f2d75b425960d19ab563af8840a6b1b9d12a694c07a8a02c2cb2e845c4b5c7
224,100,0.055977,0xe88fbfa057c7f7493787238fbd3977cd373b35e8,2017-10-28T17:50:45.000Z,0.00055977,0xdec08a327f3d1eb3d7b38c035813e13cffeabe29,buy,0xa8f93faee440644f89059a2c88bdc9bf3be5e2ea,0xc631a14e46cdf71031e7bae250371fe4ae6ef56b031edc88b49425ce0087ec08
225,20,0.0111954,0xd17bb416683288b784aba9a5f8b5fc8aa60b0a0b,2017-10-28T17:43:41.000Z,0.00055977,0xdec08a327f3d1eb3d7b38c035813e13cffeabe29,buy,0xa8f93faee440644f89059a2c88bdc9bf3be5e2ea,0x805393e36a9d7a739fcc511e3c98fed5b81ebd986f42f2dba01e0a4a8288d268
226,400.085,0.22395558045,0x8dc754ee96908ff4d262ff448285bcb668c318a4,2017-10-28T17:37:22.000Z,0.00055977,0x8ac745bf1b0bd6b42f64bcf5f8cce2d834d68501,sell,0xa8f93faee440644f89059a2c88bdc9bf3be5e2ea,0x738c6cf90db3f00cdd256b893ee2c8700c1743aec3eb81916b13022d59b00faf
227,15,0.00839655,0xd17bb416683288b784aba9a5f8b5fc8aa60b0a0b,2017-10-28T17:37:08.000Z,0.00055977,0xdec08a327f3d1eb3d7b38c035813e13cffeabe29,buy,0xa8f93faee440644f89059a2c88bdc9bf3be5e2ea,0xbf707d45ff34a282b4de99623efbd4ff2c10553a753d27dc2c2f326fbccdcc46
228,130,0.0727701,0x77f23349cd32ddeb4aaeaf4d351f7234ab5de6ac,2017-10-28T17:35:19.000Z,0.00055977,0xdec08a327f3d1eb3d7b38c035813e13cffeabe29,buy,0xa8f93faee440644f89059a2c88bdc9bf3be5e2ea,0xf207a539aa16fab6075425a59da02f16aea269aa1060d44f63384f64f45bf9ce
229,0.36,0.00013279968,0x643241fd34a55bc9e5964f2abea870c0700fe981,2017-10-28T17:34:43.000Z,0.000368888,0x643241fd34a55bc9e5964f2abea870c0700fe981,sell,0xa8f93faee440644f89059a2c88bdc9bf3be5e2ea,0xa318d11d33e84e951beaca13cfcce47f5944c2fe67bf2746914f3cf8943fb2f7
230,1,0.00055977,0x0a89dbfbbbefff2d1f744f481c01698dea995cdc,2017-10-28T17:30:00.000Z,0.00055977,0xdec08a327f3d1eb3d7b38c035813e13cffeabe29,buy,0xa8f93faee440644f89059a2c88bdc9bf3be5e2ea,0x4d12ffe8b5f02a48df10627e01be540fb0d3c888c3082ab944b5cfd91ee5fc29
231,249.3297983853178,0.13956734124214934,0x3b4e1aee59159be4884f5e83a055c1f73652f308,2017-10-28T17:25:25.000Z,0.00055977,0xdec08a327f3d1eb3d7b38c035813e13cffeabe29,buy,0xa8f93faee440644f89059a2c88bdc9bf3be5e2ea,0xfdf7c189614ad0ba80ddc4f6482337c2c5e7110e6a3555901353030789ee660d
232,249.3297983853178,0.13956734124214934,0x3b4e1aee59159be4884f5e83a055c1f73652f308,2017-10-28T17:25:15.000Z,0.00055977,0xdec08a327f3d1eb3d7b38c035813e13cffeabe29,buy,0xa8f93faee440644f89059a2c88bdc9bf3be5e2ea,0xfdf7c189614ad0ba80ddc4f6482337c2c5e7110e6a3555901353030789ee660d
233,850.9306791524372,0.4424839531592673,0x6a1a3efc42337ed0d3d4feef339dff9ce1c94289,2017-10-28T17:23:11.000Z,0.00052,0x8ac745bf1b0bd6b42f64bcf5f8cce2d834d68501,sell,0xa8f93faee440644f89059a2c88bdc9bf3be5e2ea,0xded2229b5c4ba9360374fc28665c834ad244e31e575f226a1233599ffda7b6ae
234,4093.909184349417,2.1288327758616967,0x6a1a3efc42337ed0d3d4feef339dff9ce1c94289,2017-10-28T17:21:34.000Z,0.00052,0x12f8967fa9cb2b44468a453230a99ef64cbaa494,sell,0xa8f93faee440644f89059a2c88bdc9bf3be5e2ea,0x4a8878a8d80b1d9df8dc0a9dfd0a669157f15cb4386063fba804637079b19e39
235,480,0.240048,0x50923479a9634c1f2c74a4b87ece58c8caf8dfb9,2017-10-28T17:16:44.000Z,0.0005001,0x8ac745bf1b0bd6b42f64bcf5f8cce2d834d68501,sell,0xa8f93faee440644f89059a2c88bdc9bf3be5e2ea,0x0f3b0fcf72b4ebe1e9cd612ff3a93f041c128952c9ffd13c6814da389f64ce43
236,350,0.19593,0x4cc2fa038e2ffc190dd188dab64d7ff997744daa,2017-10-28T17:16:44.000Z,0.0005598,0x8ac745bf1b0bd6b42f64bcf5f8cce2d834d68501,buy,0xa8f93faee440644f89059a2c88bdc9bf3be5e2ea,0xf92c41a6074c9f691c3cd02630d23f414b6d82eddf46f2c2c79f338379b1b335
237,345,0.200031,0x4cc2fa038e2ffc190dd188dab64d7ff997744daa,2017-10-28T17:16:44.000Z,0.0005798,0x2daf797758a4372812bc67d6d166b3a387dcfd78,buy,0xa8f93faee440644f89059a2c88bdc9bf3be5e2ea,0xdda1ccac4728bb81f79bfac22ccdcb5ed01ad4cad68c0e22b086a0d85cf8a76d
238,3000,1.5,0x2979ee7aad1b0ba7a6c66aba40d5cfc926c4ea52,2017-10-28T17:16:03.000Z,0.0005,0x2daf797758a4372812bc67d6d166b3a387dcfd78,sell,0xa8f93faee440644f89059a2c88bdc9bf3be5e2ea,0x56e330f7b3f76826f271cbcacc371944ed1666600ee05d53a32c84d7d3ea6974
239,6500,3.25,0x2979ee7aad1b0ba7a6c66aba40d5cfc926c4ea52,2017-10-28T17:14:48.000Z,0.0005,0x8ac745bf1b0bd6b42f64bcf5f8cce2d834d68501,sell,0xa8f93faee440644f89059a2c88bdc9bf3be5e2ea,0x043fd77a9097600d590ce8374c7da86bd189c17efd848323ed3639df254695ec
240,250,0.1399975,0x9e3b09384abeb8b965c3f8eb4a3ac3847836b031,2017-10-28T17:08:39.000Z,0.00055999,0xdec08a327f3d1eb3d7b38c035813e13cffeabe29,buy,0xa8f93faee440644f89059a2c88bdc9bf3be5e2ea,0x4417491ca96bb11595a039b3f73af2749d6df7d218f835c236659e804dbee9d7
241,249.87062001612478,0.1399275472090299,0xf464c0f4ad3916c788792d46fb3e0b86b783746e,2017-10-28T17:07:03.000Z,0.00056,0x9a4cf45a4b422fab87e6a8c98057556a7a7a9dfe,buy,0xa8f93faee440644f89059a2c88bdc9bf3be5e2ea,0x980b17d08867f91359b2f8ce4824772a1bcdce276393fe833ac0df1713d5f2c9
242,37.002,0.02072037996,0x2a1164a9055e58e8a76bbdf7b43512d133eac112,2017-10-28T17:05:40.000Z,0.00055998,0x59b5a04c039e46a46d435f1282193416d78b8f98,buy,0xa8f93faee440644f89059a2c88bdc9bf3be5e2ea,0xc675973d61dae8b184a07c5c144195c3bf41d64dd8724053d37e0545082a76a3
243,150,0.069,0x56e5b3910b4e89af25bffd144b762f5f7a00b22f,2017-10-28T17:00:32.000Z,0.00046,0x2daf797758a4372812bc67d6d166b3a387dcfd78,sell,0xa8f93faee440644f89059a2c88bdc9bf3be5e2ea,0xdbdf4b8ffa6104fdaeb45c454f360d8b12ad6e92e6a088e547d6c1506582ccf2
244,212,0.09964,0x2f58842f4e70c044c12e1081dcd0afa74817b499,2017-10-28T17:00:32.000Z,0.00047,0x2daf797758a4372812bc67d6d166b3a387dcfd78,sell,0xa8f93faee440644f89059a2c88bdc9bf3be5e2ea,0x86874d31559151258f1dadfaed840266ef250638e9855d8e8f2e19cd6f0d242c
245,5000,1.844445,0x0b75e193442f057196c326ec88d032bf3ddd7ebd,2017-10-28T17:00:15.000Z,0.000368889,0x2daf797758a4372812bc67d6d166b3a387dcfd78,sell,0xa8f93faee440644f89059a2c88bdc9bf3be5e2ea,0x234a90ef08ab3a73cd55e955e223cb6bd82413f9180bad23de26a5aac3ba4481
246,70,0.0392,0x321c8f4779579c9b49e6b1d7a53d1ad03107fc5f,2017-10-28T16:55:52.000Z,0.00056,0x9a4cf45a4b422fab87e6a8c98057556a7a7a9dfe,buy,0xa8f93faee440644f89059a2c88bdc9bf3be5e2ea,0x3b835a340d1a6c7ffef43e81bb4a060e9fb967f8a10d0e2a83172438e5977c51
247,100,0.056,0xc6f781aba6232641260eb66ea49889728d244234,2017-10-28T16:55:37.000Z,0.00056,0x9a4cf45a4b422fab87e6a8c98057556a7a7a9dfe,buy,0xa8f93faee440644f89059a2c88bdc9bf3be5e2ea,0x1df0be4c1704da86dcdf8c6faf2673b7d79650d7364877b66118e8e7bcec2bf6
248,100,0.056,0x9e3b09384abeb8b965c3f8eb4a3ac3847836b031,2017-10-28T16:54:42.000Z,0.00056,0x21f050e6dc0d7285405b537dd3d3d853ef852d24,buy,0xa8f93faee440644f89059a2c88bdc9bf3be5e2ea,0x15b776050f569e34945b8b15423df6e69bf650aec00cd9b022a5d8aff0897194
249,1300,0.7511101,0x8ddb77a4c87c9bb6606b6799019414fb04566929,2017-10-28T16:51:03.000Z,0.000577777,0xdec08a327f3d1eb3d7b38c035813e13cffeabe29,buy,0xa8f93faee440644f89059a2c88bdc9bf3be5e2ea,0xf14e7d2b627777415e87f9ddd1b2ad1bc4088dfe40b2c27e02080f6ddcfd8796
250,50,0.02895,0x19c6430514f91cae8c6817ac8546db75bfc796b7,2017-10-28T16:49:29.000Z,0.000579,0x8ac745bf1b0bd6b42f64bcf5f8cce2d834d68501,buy,0xa8f93faee440644f89059a2c88bdc9bf3be5e2ea,0xb60649cb309555f9867d2afd0f65786e61214ae01da57eb25debedb6d226f081
251,210,0.09621381,0x0b75e193442f057196c326ec88d032bf3ddd7ebd,2017-10-28T16:48:24.000Z,0.000458161,0x2daf797758a4372812bc67d6d166b3a387dcfd78,sell,0xa8f93faee440644f89059a2c88bdc9bf3be5e2ea,0x62fbc5e96675e0dbc4f85ceb0cd3889ab9e58bc88ebc1d2bcd607c20fab48024
252,1000,0.46,0xcef58358e11dbd18866dc6b38f39f8bb989fdcc9,2017-10-28T16:47:40.000Z,0.00046,0x2daf797758a4372812bc67d6d166b3a387dcfd78,sell,0xa8f93faee440644f89059a2c88bdc9bf3be5e2ea,0xd5bca211d71bbf97e46dc87ca9d639d56aedddf109c4b0141eacc6cebe313e67
253,1200.3609234572605,0.44279874033230193,0x643241fd34a55bc9e5964f2abea870c0700fe981,2017-10-28T16:44:50.000Z,0.000368888,0x1ed014aec47fae44c9e55bac7662c0b78ae61798,sell,0xa8f93faee440644f89059a2c88bdc9bf3be5e2ea,0x8445d06345902104255bf64b05c3ea5ccdc9dcd4199e10eef432c936d0a32757
254,0.06847363554312533,0.000102710453314688,0x1fabd314bb4f78f3d8860371e9042540dc1bf3c1,2017-10-28T16:44:07.000Z,0.0015,0x0972cf675fce75a62ee756f02fa801d06e49ebd7,buy,0xa8f93faee440644f89059a2c88bdc9bf3be5e2ea,0x287c9d2ae7cbc8a83ee4425401c2f081fb7f207591f5f0e2d6d3923cfee473f6
255,1776.6659030861065,1.0302885571996332,0x1fabd314bb4f78f3d8860371e9042540dc1bf3c1,2017-10-28T16:41:52.000Z,0.0005799,0xdec08a327f3d1eb3d7b38c035813e13cffeabe29,buy,0xa8f93faee440644f89059a2c88bdc9bf3be5e2ea,0x84c59b6a8a17ce5cd8bc671b1a59d2e5ac71bf07aa9ffe50f7373d27fa5b7f97
256,1270.122619878377,0.7176192802312831,0xadc45ad9e5d19bb7536b468a3fce8a8d275649ed,2017-10-28T16:40:48.000Z,0.000565,0xdec08a327f3d1eb3d7b38c035813e13cffeabe29,sell,0xa8f93faee440644f89059a2c88bdc9bf3be5e2ea,0xda8b7cdd6b97a33624628d0f02339a3eed6a6c14f4e7579d5ffb52e6ac7c93a9
257,2000,1.16,0x1fabd314bb4f78f3d8860371e9042540dc1bf3c1,2017-10-28T16:40:48.000Z,0.00058,0x12f8967fa9cb2b44468a453230a99ef64cbaa494,buy,0xa8f93faee440644f89059a2c88bdc9bf3be5e2ea,0x7b1648eab70ed6199f559cc082c68073a184d706e3cbde976ea4263853a6d581
258,520,0.2938,0x1fabd314bb4f78f3d8860371e9042540dc1bf3c1,2017-10-28T16:40:48.000Z,0.000565,0x9a4cf45a4b422fab87e6a8c98057556a7a7a9dfe,buy,0xa8f93faee440644f89059a2c88bdc9bf3be5e2ea,0x42295d97ffa6956ae61039e0d3536956d228a470a0ec9bba9048d83f92632eba
259,419.877380121623,0.23723071976871699,0xadc45ad9e5d19bb7536b468a3fce8a8d275649ed,2017-10-28T16:40:05.000Z,0.000565,0x68ca7fc4bfc3bb2a9cf6f45736dcadc2c427c5a0,sell,0xa8f93faee440644f89059a2c88bdc9bf3be5e2ea,0x5117a0ba4e395da2bc72fb1c7facf0d481230166c867463942be62f877ac205d
260,600,0.339,0x4ece6189f43aa7551b4ace3a909085f5b4a8a4b0,2017-10-28T16:38:44.000Z,0.000565,0x9a4cf45a4b422fab87e6a8c98057556a7a7a9dfe,buy,0xa8f93faee440644f89059a2c88bdc9bf3be5e2ea,0x1900918beda65caec3d3e4100c2e18ea16a2ef47acb015a8159a7ddea07ead01
261,730,0.41245,0x8ddb77a4c87c9bb6606b6799019414fb04566929,2017-10-28T16:37:15.000Z,0.000565,0x9a4cf45a4b422fab87e6a8c98057556a7a7a9dfe,buy,0xa8f93faee440644f89059a2c88bdc9bf3be5e2ea,0x635658d7b7d29da3de5f2eb6a1f496903690e37448f45469d7c8e04ed04ff831
262,431.011,0.19396357022,0x9232c4c1eb3007a443cea63b96fef41a9dad09bf,2017-10-28T16:33:29.000Z,0.00045002,0x2daf797758a4372812bc67d6d166b3a387dcfd78,sell,0xa8f93faee440644f89059a2c88bdc9bf3be5e2ea,0xe519acd512f677c4aed701f7dd72dd9430b06aa170bde90f79b7f48a95e026fa
263,421.179,0.252286221,0x68ca7fc4bfc3bb2a9cf6f45736dcadc2c427c5a0,2017-10-28T16:31:41.000Z,0.000599,0x8ac745bf1b0bd6b42f64bcf5f8cce2d834d68501,buy,0xa8f93faee440644f89059a2c88bdc9bf3be5e2ea,0x71ba8162f4a60209ada7141144a55c9703ab280d8c3eb02bb609271faf82b5d2
264,5000,2.50495,0xdec08a327f3d1eb3d7b38c035813e13cffeabe29,2017-10-28T16:30:35.000Z,0.00050099,0x2daf797758a4372812bc67d6d166b3a387dcfd78,sell,0xa8f93faee440644f89059a2c88bdc9bf3be5e2ea,0x09c56b948bef79b58e4a82dd8142b9b7570eb547910cfcc641b0fec54e6e506a
265,100,0.0599,0x5079bc1b774e1056ea5563286705a58e551c4cde,2017-10-28T16:30:35.000Z,0.000599,0xfadf2dfe5087306c5b5fe7272ee3d1a5a1417287,sell,0xa8f93faee440644f89059a2c88bdc9bf3be5e2ea,0x6b9e030c9ea87799483c36a1ba6d028fbbe07a12f098010c81a5147d0dd6394e
266,5000,2.55,0x9a4cf45a4b422fab87e6a8c98057556a7a7a9dfe,2017-10-28T16:29:59.000Z,0.00051,0xfadf2dfe5087306c5b5fe7272ee3d1a5a1417287,sell,0xa8f93faee440644f89059a2c88bdc9bf3be5e2ea,0x76696cd96ad01edba0021e0afa71dad50e0ecea3f7198832342f30316e406cc5
267,176.8976555,0.102775768868945,0xdec08a327f3d1eb3d7b38c035813e13cffeabe29,2017-10-28T16:29:33.000Z,0.00058099,0xfadf2dfe5087306c5b5fe7272ee3d1a5a1417287,sell,0xa8f93faee440644f89059a2c88bdc9bf3be5e2ea,0x647f77515c839c29e58e893947f46b41f031c035d8f18f6ae2564457ae3b2ffa
268,199.5344149330731,0.11952111454491078,0xd6059aa323a6a3590394fef14b870ff44811c0ff,2017-10-28T16:29:19.000Z,0.000599,0x8ac745bf1b0bd6b42f64bcf5f8cce2d834d68501,buy,0xa8f93faee440644f89059a2c88bdc9bf3be5e2ea,0xf9b4e4de32947bc9e44400c717bd87921b70dd0b37bb795521dbf1eb10d2098f
269,340,0.20366,0xf94f36bff970cdbbcfab04872fdf1ca4b53fd540,2017-10-28T16:28:42.000Z,0.000599,0x8ac745bf1b0bd6b42f64bcf5f8cce2d834d68501,buy,0xa8f93faee440644f89059a2c88bdc9bf3be5e2ea,0xe1d6f74a34daa276a6d02454ce404c454ecd60313687be013371ea207e32b726
270,326.7803172203464,0.19574141001498746,0x65e44324f5a4edb9fa333b1e0185975641cd5029,2017-10-28T16:25:58.000Z,0.000599,0x8ac745bf1b0bd6b42f64bcf5f8cce2d834d68501,buy,0xa8f93faee440644f89059a2c88bdc9bf3be5e2ea,0x198fa79371e5c46d4d8cf5db363fb0d3b27f72957a10598950e6cdefa49ea6dc
271,0.22079846080446244,0.000132258278021873,0x2161ea28bf193f85eed28485ebd1e80cfd2c3cbe,2017-10-28T16:24:09.000Z,0.000599,0x8ac745bf1b0bd6b42f64bcf5f8cce2d834d68501,buy,0xa8f93faee440644f89059a2c88bdc9bf3be5e2ea,0xfc3d4bf6be7efbbf3e8c12479c8827d66baf54eae3af8c27cc4fde0f5d6c1bc4
272,12.285822013087362,0.00735920738583933,0x65e44324f5a4edb9fa333b1e0185975641cd5029,2017-10-28T16:23:56.000Z,0.000599,0x8ac745bf1b0bd6b42f64bcf5f8cce2d834d68501,buy,0xa8f93faee440644f89059a2c88bdc9bf3be5e2ea,0x9b15dd8d40c21874a684172f0d21b657cc28cdc80ce80027deaf82ddd6ce16a7
273,500,0.2995,0x8f36ced491d043977bb124fb4778911bb840b6ad,2017-10-28T16:23:52.000Z,0.000599,0x8ac745bf1b0bd6b42f64bcf5f8cce2d834d68501,buy,0xa8f93faee440644f89059a2c88bdc9bf3be5e2ea,0x1c90c89cb5c8f2fa23a60e3300296227a29ed7fc4bb4db75f9afe77b9e8f10b7
274,12.26997854455516,0.00730063723401032,0x9232c4c1eb3007a443cea63b96fef41a9dad09bf,2017-10-28T16:22:44.000Z,0.000595,0x080b35710dc43bf16c8cbcd01731a4d5981aa1a2,buy,0xa8f93faee440644f89059a2c88bdc9bf3be5e2ea,0x01b3a34d41da195701e71a57228c33ffe36d476fe7629565e7752110c7f8788f
275,1000,0.59999,0xcc6fed415553c4c680f8323980dd1e37b2d3c309,2017-10-28T16:20:08.000Z,0.00059999,0x5efa158712f755094df88f85406ecb7949cfbda4,buy,0xa8f93faee440644f89059a2c88bdc9bf3be5e2ea,0x55f69d9a1d58dcae9b2751d4538c86edb5355b67d3ec23c81c8f8d56482cd500
276,1231.7416477507284,0.7328862804116835,0xede8dbc373b9d554ccf2c15dfb61bae805fd55b2,2017-10-28T16:19:17.000Z,0.000595,0x080b35710dc43bf16c8cbcd01731a4d5981aa1a2,buy,0xa8f93faee440644f89059a2c88bdc9bf3be5e2ea,0x143dbd6f3f8d28d002ede020b3a4116aab797f5052470315b11df42d82472052
277,52.979373704716416,0.031522727354306265,0x65e44324f5a4edb9fa333b1e0185975641cd5029,2017-10-28T16:18:22.000Z,0.000595,0x080b35710dc43bf16c8cbcd01731a4d5981aa1a2,buy,0xa8f93faee440644f89059a2c88bdc9bf3be5e2ea,0x847c7c6823955617bd025a401420f419ff94e950958317ebbba82ed7cc08cf50
278,588,0.34104,0xdec08a327f3d1eb3d7b38c035813e13cffeabe29,2017-10-28T16:17:47.000Z,0.00058,0xbb3dfed3f4d8a7f242ba417071dd78831617dd03,buy,0xa8f93faee440644f89059a2c88bdc9bf3be5e2ea,0xd81be324c246730914da3be61ec9ad9704176beedb7ae7cc4a1d9333d2812beb
279,2000,1.1,0xdec08a327f3d1eb3d7b38c035813e13cffeabe29,2017-10-28T16:16:09.000Z,0.00055,0x8fcc467661dd076463aa16929de00c5b9e5c71e1,buy,0xa8f93faee440644f89059a2c88bdc9bf3be5e2ea,0x6e3b26d41627d34ddc85923462a2a9454057940cd1f7e8e851345e215ea5054c
280,504.662,0.252331,0x9a4cf45a4b422fab87e6a8c98057556a7a7a9dfe,2017-10-28T16:13:56.000Z,0.0005,0xa46a69569b4d86dab047142a6ad657893dac287e,buy,0xa8f93faee440644f89059a2c88bdc9bf3be5e2ea,0xd89b5bd1e95e29651c2c2b4517145a92a2ce97181f6ced2dbaca3dd80b56bde2
281,174.65618209230863,0.08732809104615431,0x65e44324f5a4edb9fa333b1e0185975641cd5029,2017-10-28T16:11:46.000Z,0.0005,0xa46a69569b4d86dab047142a6ad657893dac287e,buy,0xa8f93faee440644f89059a2c88bdc9bf3be5e2ea,0x06da0f6be2655e6521b029fa1cd6606076934aabc28d5fcb9edc549f00d70a70
282,100,0.05,0x21f050e6dc0d7285405b537dd3d3d853ef852d24,2017-10-28T16:11:46.000Z,0.0005,0xa46a69569b4d86dab047142a6ad657893dac287e,buy,0xa8f93faee440644f89059a2c88bdc9bf3be5e2ea,0xe5e1b451cb999560f08f4910322448c114b29e892de65eb3bf425f78439db522
283,37.00204702963093,0.018501023514815466,0x59b5a04c039e46a46d435f1282193416d78b8f98,2017-10-28T16:11:06.000Z,0.0005,0xa46a69569b4d86dab047142a6ad657893dac287e,buy,0xa8f93faee440644f89059a2c88bdc9bf3be5e2ea,0x7bb1e28fb830b9fdc79950bb9cff9877ddaf8cf57374b0354dd298a2ad5f605e
284,64.67975376007307,0.03233987688003654,0xa56f4cdf31e3723cdb04d1d3963586fb5c99ac2f,2017-10-28T16:09:22.000Z,0.0005,0xa46a69569b4d86dab047142a6ad657893dac287e,buy,0xa8f93faee440644f89059a2c88bdc9bf3be5e2ea,0x67212b13e6b3a4323e945076f45137a08805e991c8bb2e13ba7a59d537a16552
285,6106.6003028209,2.747970136269405,0x12f8967fa9cb2b44468a453230a99ef64cbaa494,2017-10-28T16:07:36.000Z,0.00045,0x463ee2df31af9ff487326c58f4d1f312d1db712d,buy,0xa8f93faee440644f89059a2c88bdc9bf3be5e2ea,0x4e26523f6f6b0c1c2e151f94eabb838437806f76a9475d2a23729a54157981a3
286,221.53546228912595,0.09969095803010666,0x58c827ed24f0204cf0e45f44a9ab222014837b10,2017-10-28T16:06:58.000Z,0.00045,0x463ee2df31af9ff487326c58f4d1f312d1db712d,buy,0xa8f93faee440644f89059a2c88bdc9bf3be5e2ea,0x444be5da730c4a8ec1445d3339e364d18e48867c3d4e6ffb9752d9f869a8cc42
287,1000,0.45,0x080b35710dc43bf16c8cbcd01731a4d5981aa1a2,2017-10-28T16:06:31.000Z,0.00045,0x463ee2df31af9ff487326c58f4d1f312d1db712d,buy,0xa8f93faee440644f89059a2c88bdc9bf3be5e2ea,0x3a5fc1e59d29d35bf6206f55cfaca389cb8b78457e9aa23df4b537ac9be1b1ea
288,23.75830724640233,0.01069123826088105,0x65e44324f5a4edb9fa333b1e0185975641cd5029,2017-10-28T16:05:42.000Z,0.00045,0x463ee2df31af9ff487326c58f4d1f312d1db712d,buy,0xa8f93faee440644f89059a2c88bdc9bf3be5e2ea,0x98a7429063afa53bd15d2eaac8d4ed506d78138961c76cc828e3c6bd8bff35cd
289,354.4567396626015,0.15950553284817068,0xd798cf11debb0b63a275777ff485787bc7be606b,2017-10-28T16:05:09.000Z,0.00045,0x463ee2df31af9ff487326c58f4d1f312d1db712d,buy,0xa8f93faee440644f89059a2c88bdc9bf3be5e2ea,0x303c6f0f5fb18b4dcfc22e05514de96e2c1f30609a4ae00b616d3fd73967719e
290,254.2641879809702,0.11441888459143659,0x9f12587b7114c57d9d6584853447b70ad0c4b6f1,2017-10-28T16:04:41.000Z,0.00045,0x463ee2df31af9ff487326c58f4d1f312d1db712d,buy,0xa8f93faee440644f89059a2c88bdc9bf3be5e2ea,0xcc1edb9402a94ef8572692622b5af20c00b8e23516b1daa5347dae0d35cfc11d
291,296.991,0.131864004,0x080b35710dc43bf16c8cbcd01731a4d5981aa1a2,2017-10-28T16:03:16.000Z,0.000444,0x8ac745bf1b0bd6b42f64bcf5f8cce2d834d68501,buy,0xa8f93faee440644f89059a2c88bdc9bf3be5e2ea,0x86572db030f81729ce28b5f7ba2740c4005a7bacbd0c6d734fa30ee15cf61b6d
292,3.009,0.001335996,0xe0fda40ed2db6505c7d9b47249ef869031ae84cb,2017-10-28T12:34:34.000Z,0.000444,0x8ac745bf1b0bd6b42f64bcf5f8cce2d834d68501,buy,0xa8f93faee440644f89059a2c88bdc9bf3be5e2ea,0x7000b4739afa962780d357bf6fd76e3a44f5eef9508536d2c6acfe61ce58e80c
293,3,0.00135,0x9d7fdea940df185a6a3ec530016fee0335dfde73,2017-10-28T12:34:34.000Z,0.00045,0xe0fda40ed2db6505c7d9b47249ef869031ae84cb,sell,0xa8f93faee440644f89059a2c88bdc9bf3be5e2ea,0x7000b4739afa962780d357bf6fd76e3a44f5eef9508536d2c6acfe61ce58e80c
294,997,0.44865,0x9d7fdea940df185a6a3ec530016fee0335dfde73,2017-10-28T11:36:57.000Z,0.00045,0x273a5d3e6721b9f5c1a6474f560c1334c63dda01,sell,0xa8f93faee440644f89059a2c88bdc9bf3be5e2ea,0x961e2e3bc77bdbd8ca7f7ffc3b7159403443c65674672bfb5a67399a92e1996a
295,1000,0.444,0x273a5d3e6721b9f5c1a6474f560c1334c63dda01,2017-10-28T11:36:57.000Z,0.000444,0x8ac745bf1b0bd6b42f64bcf5f8cce2d834d68501,buy,0xa8f93faee440644f89059a2c88bdc9bf3be5e2ea,0x961e2e3bc77bdbd8ca7f7ffc3b7159403443c65674672bfb5a67399a92e1996a
296,10000,2.00102,0x2daf797758a4372812bc67d6d166b3a387dcfd78,2017-10-28T08:22:01.000Z,0.000200102,0xfadf2dfe5087306c5b5fe7272ee3d1a5a1417287,sell,0xa8f93faee440644f89059a2c88bdc9bf3be5e2ea,0xef4d3c0fbe1ecd31a99217691544bdebdb08911843f97b0b91972a0410720c6d
297,50,0.01260005,0xf36990a2cb4d609e0a7d4f3bf884c0342d81fd3d,2017-10-28T07:51:39.000Z,0.000252001,0x2daf797758a4372812bc67d6d166b3a387dcfd78,sell,0xa8f93faee440644f89059a2c88bdc9bf3be5e2ea,0xf6242a9578fcfba534b5c4d514b186ca1dff0c5d14d64dcad4967d15ac19d8bb
298,18067.189555557936,5.420156866667381,0x2daf797758a4372812bc67d6d166b3a387dcfd78,2017-10-28T07:25:46.000Z,0.0003,0x6fb2e2fd468cb7a8f10bca22151e7f53782c9538,buy,0xa8f93faee440644f89059a2c88bdc9bf3be5e2ea,0x3d3c9c8ae83c14a286ea6cab56d404484a15fb28a2fe8bec7b7f2b5118ac4663
299,6900,2.07,0x64db2a0348007280efec66b1ef48714307c4b95e,2017-10-28T06:09:23.000Z,0.0003,0x6fb2e2fd468cb7a8f10bca22151e7f53782c9538,buy,0xa8f93faee440644f89059a2c88bdc9bf3be5e2ea,0x322b93d33bb7134a13c49f40af450c4f5dcd23040f6fc5fb76bd833d49a255de
300,25000,6.25,0xfadf2dfe5087306c5b5fe7272ee3d1a5a1417287,2017-10-28T06:01:22.000Z,0.00025,0x6fb2e2fd468cb7a8f10bca22151e7f53782c9538,buy,0xa8f93faee440644f89059a2c88bdc9bf3be5e2ea,0xccc18c45e59d2d4d37be33a72e68a422eef044d3721b46aeeb96208ff1f1c2bb
301,10936.798,2.1873596,0x0972cf675fce75a62ee756f02fa801d06e49ebd7,2017-10-28T03:51:06.000Z,0.0002,0x6fb2e2fd468cb7a8f10bca22151e7f53782c9538,sell,0xa8f93faee440644f89059a2c88bdc9bf3be5e2ea,0xb09ab6d05401f24cf91f56b54f40aa9200e5a494022d79e5e8e3e7a7b8bd98ca
302,1000,0.250001,0xed9d2dd36a71170c2fb8c067da42433a82a2f6a2,2017-10-28T02:27:06.000Z,0.000250001,0x6fb2e2fd468cb7a8f10bca22151e7f53782c9538,sell,0xa8f93faee440644f89059a2c88bdc9bf3be5e2ea,0x4ad9c230d2a0ae5f3e049696307a6a2f99b617eacf57bbd944fade66e8280a82
303,13239.95597301224,3.30998899325306,0x0972cf675fce75a62ee756f02fa801d06e49ebd7,2017-10-28T02:27:06.000Z,0.00025,0x6fb2e2fd468cb7a8f10bca22151e7f53782c9538,sell,0xa8f93faee440644f89059a2c88bdc9bf3be5e2ea,0x9551901a00d0ba74ca1bf8bbfa006a558a0fc15e18f8f282ba32fe998b727854
304,6760.04402698776,1.6900110067469398,0x0972cf675fce75a62ee756f02fa801d06e49ebd7,2017-10-28T01:18:02.000Z,0.00025,0xedf87a3ebd0ae662f169af1c7c5a050b686409b7,sell,0xa8f93faee440644f89059a2c88bdc9bf3be5e2ea,0x83ffef92d472d57c01131dd0c873cd4660b7539a05d72d992985bd6456d7b00a
305,12000,3.00012,0xfadf2dfe5087306c5b5fe7272ee3d1a5a1417287,2017-10-28T01:17:29.000Z,0.00025001,0xedf87a3ebd0ae662f169af1c7c5a050b686409b7,sell,0xa8f93faee440644f89059a2c88bdc9bf3be5e2ea,0x7e839f15862be7cbf6d4abb99723fa21d0c4b98a3d7b2694493caa069c92b4f7
306,16666,4.9998,0x0972cf675fce75a62ee756f02fa801d06e49ebd7,2017-10-27T21:07:47.000Z,0.0003,0x6fb2e2fd468cb7a8f10bca22151e7f53782c9538,sell,0xa8f93faee440644f89059a2c88bdc9bf3be5e2ea,0x03646af474d4f8dd415d13edfdd7aac7f812a3d44873f078d20c3a900a055df9
307,5779.818821196468,2.0229365874187635,0x0972cf675fce75a62ee756f02fa801d06e49ebd7,2017-10-27T21:03:39.000Z,0.00035,0x463ee2df31af9ff487326c58f4d1f312d1db712d,sell,0xa8f93faee440644f89059a2c88bdc9bf3be5e2ea,0xa2a880c6cb411645a4da72d19fef6d903b5dfbb7aa56e20bfb832bff88da4a1d
308,0.000292260071070066,0.000000102291024874,0x0972cf675fce75a62ee756f02fa801d06e49ebd7,2017-10-27T20:39:26.000Z,0.00034999999999821014,0x463ee2df31af9ff487326c58f4d1f312d1db712d,sell,0xa8f93faee440644f89059a2c88bdc9bf3be5e2ea,0x655f5b65cf1d65fe26b91181707d6dd84c70ab6f43d71d52f1d357c84b35597d
309,0.000292260071070066,0.000000102291024874,0x0972cf675fce75a62ee756f02fa801d06e49ebd7,2017-10-27T20:39:26.000Z,0.00034999999999821014,0x463ee2df31af9ff487326c58f4d1f312d1db712d,sell,0xa8f93faee440644f89059a2c88bdc9bf3be5e2ea,0x043ec643fd32eabda1faefa82af1ad88d60966e72e71ba655ca6ab47ff94eb16
310,9754.100228932322,4.974591116755484,0xb804c685f835e36022a6780af2da10f7aa402737,2017-10-27T17:42:17.000Z,0.00051,0x6fb2e2fd468cb7a8f10bca22151e7f53782c9538,buy,0xa8f93faee440644f89059a2c88bdc9bf3be5e2ea,0xec2f22ddb242f2fc9d1d1a56426dfb2a54b0f1a94ff564d02663c6173b5ee66d
311,11926.52882730203,6.082529701924035,0xf429ad5a4c136a3cfe42c587b67e1645b6bce72c,2017-10-27T15:04:54.000Z,0.00051,0x6fb2e2fd468cb7a8f10bca22151e7f53782c9538,buy,0xa8f93faee440644f89059a2c88bdc9bf3be5e2ea,0x5d1de96ad6aaac2aa26acff82fd0c87cf46cac517757cfe2fd826a716ce45c6a
312,580,0.2958,0xf429ad5a4c136a3cfe42c587b67e1645b6bce72c,2017-10-27T14:36:24.000Z,0.00051,0x6fb2e2fd468cb7a8f10bca22151e7f53782c9538,buy,0xa8f93faee440644f89059a2c88bdc9bf3be5e2ea,0x0ee9757f6dbb6c9170cdd00fccec75783a64bca8e1b055d59a9006e19f6f6f23
313,15,0.00765,0x273a5d3e6721b9f5c1a6474f560c1334c63dda01,2017-10-27T13:31:13.000Z,0.00051,0x6fb2e2fd468cb7a8f10bca22151e7f53782c9538,buy,0xa8f93faee440644f89059a2c88bdc9bf3be5e2ea,0x9b1467bb1d1b60f90f0980209529fa2447d5115d6dd48a0f4b9e28821dc095d4
314,14.955,0.00942165,0xc527d5593ec66c3190a6a55e684892e4d525d797,2017-10-27T13:31:13.000Z,0.00063,0x273a5d3e6721b9f5c1a6474f560c1334c63dda01,sell,0xa8f93faee440644f89059a2c88bdc9bf3be5e2ea,0x9b1467bb1d1b60f90f0980209529fa2447d5115d6dd48a0f4b9e28821dc095d4
315,1.6347142155143422,0.000572149975430019,0x0972cf675fce75a62ee756f02fa801d06e49ebd7,2017-10-27T10:11:58.000Z,0.00034999999999999956,0xedf87a3ebd0ae662f169af1c7c5a050b686409b7,sell,0xa8f93faee440644f89059a2c88bdc9bf3be5e2ea,0xae1cb11746f41704780cf5f064ebb53a35f64237db83738638165a7e48e72b8e
316,16397.818295824367,5.739236403538528,0x0972cf675fce75a62ee756f02fa801d06e49ebd7,2017-10-27T10:10:16.000Z,0.00035,0xedf87a3ebd0ae662f169af1c7c5a050b686409b7,sell,0xa8f93faee440644f89059a2c88bdc9bf3be5e2ea,0xa4a69810f1e43e3ce9ead24ef0108cdeb0323b7bd33c031133e3c206aab1b577
317,1000,0.36,0xed9d2dd36a71170c2fb8c067da42433a82a2f6a2,2017-10-27T10:09:02.000Z,0.00036,0xedf87a3ebd0ae662f169af1c7c5a050b686409b7,sell,0xa8f93faee440644f89059a2c88bdc9bf3be5e2ea,0x94db74c2d7d9ee7d00e89ff43096dd2a781905cadc1905845ea363606731bbde
318,3000,1.080006,0xec202df2540f5bd2096fb6bc159de1779ce6974e,2017-10-27T10:07:47.000Z,0.000360002,0xedf87a3ebd0ae662f169af1c7c5a050b686409b7,sell,0xa8f93faee440644f89059a2c88bdc9bf3be5e2ea,0x6298ebb6be3bb2c91cd630e5b9c975d4ba9b29f221cb1759b8fcb541cad7ca2c
319,1100,0.3960033,0xed9d2dd36a71170c2fb8c067da42433a82a2f6a2,2017-10-27T10:01:35.000Z,0.000360003,0xedf87a3ebd0ae662f169af1c7c5a050b686409b7,sell,0xa8f93faee440644f89059a2c88bdc9bf3be5e2ea,0xe89b0ada670b73fa3cb3a9dac021ba6f9b7ed986fa2ce87afb3d4658fa0e3465
320,1768.689,0.65441493,0x3d1f1553d483378353483d76b557b5663119d005,2017-10-27T07:59:35.000Z,0.00037,0xedf87a3ebd0ae662f169af1c7c5a050b686409b7,sell,0xa8f93faee440644f89059a2c88bdc9bf3be5e2ea,0x83ce609e076f22d962ea81f452f8eef071f25515a84baf099a68284ad86d3b57
321,300,0.165,0x1600aae5f49628334307abf7880a652b073ef131,2017-10-27T07:38:02.000Z,0.00055,0xedf87a3ebd0ae662f169af1c7c5a050b686409b7,sell,0xa8f93faee440644f89059a2c88bdc9bf3be5e2ea,0xb99338656bf4ecb5d21b667ba9f06d42233865594b5e6d32f681a0540e07b36a
322,3500,1.33,0x3d1f1553d483378353483d76b557b5663119d005,2017-10-27T07:35:52.000Z,0.00038,0xedf87a3ebd0ae662f169af1c7c5a050b686409b7,sell,0xa8f93faee440644f89059a2c88bdc9bf3be5e2ea,0xfa65d847808eb7c73ba8874b6e56c9aa12db8ad9767e83fc56bc553b2f9c7fa0
323,3700,1.443,0x3d1f1553d483378353483d76b557b5663119d005,2017-10-27T07:34:14.000Z,0.00039,0xedf87a3ebd0ae662f169af1c7c5a050b686409b7,sell,0xa8f93faee440644f89059a2c88bdc9bf3be5e2ea,0xb3bdfd860bb25fe33ce37442e1785bab135c4cb4a9a86abe9bffb5cbcef77ce5
324,3800,1.482,0x3d1f1553d483378353483d76b557b5663119d005,2017-10-27T07:32:33.000Z,0.00039,0xedf87a3ebd0ae662f169af1c7c5a050b686409b7,sell,0xa8f93faee440644f89059a2c88bdc9bf3be5e2ea,0xc18192db09ad340c017c79595487b343d5e0848e1b2977e8dcf9e6ab29ba583a
325,320,0.16,0x4c1f4178959274fca1b5849083b872bf20675fa7,2017-10-27T07:28:11.000Z,0.0005,0xedf87a3ebd0ae662f169af1c7c5a050b686409b7,sell,0xa8f93faee440644f89059a2c88bdc9bf3be5e2ea,0xbf72d3b6137e20e9bab55e8fcd26fdb2067c27a99ccd4696ef1fc53f2983e708
326,7.1718848062057035,0.003657661251164908,0xd0ee5f1f46edfa38da423013da9bd5aeb4cbeda5,2017-10-27T07:27:14.000Z,0.0005099999999999998,0xedf87a3ebd0ae662f169af1c7c5a050b686409b7,sell,0xa8f93faee440644f89059a2c88bdc9bf3be5e2ea,0x2ee011a18d474b653d017e99422a5ad85f9efe1b0edbe7851277b77dd45685d4
327,0.000020459139555641,0.000000010434161173,0xd0ee5f1f46edfa38da423013da9bd5aeb4cbeda5,2017-10-27T07:26:16.000Z,0.0005099999999815774,0xedf87a3ebd0ae662f169af1c7c5a050b686409b7,sell,0xa8f93faee440644f89059a2c88bdc9bf3be5e2ea,0x50b4c0cc2f2fb213e1c980a6409cf309022e227be81f82ec404ccd03075d52ef
328,0.2052256288826341,0.000104665070730143,0xd0ee5f1f46edfa38da423013da9bd5aeb4cbeda5,2017-10-27T07:25:05.000Z,0.0005099999999999981,0xedf87a3ebd0ae662f169af1c7c5a050b686409b7,sell,0xa8f93faee440644f89059a2c88bdc9bf3be5e2ea,0x274beaeed11cc71608b27a3acd5662b6852af247846e11db3b2cb5ce3fd515ae
329,2058.6182833217026,1.0498953244940683,0xd0ee5f1f46edfa38da423013da9bd5aeb4cbeda5,2017-10-27T06:40:28.000Z,0.00051,0xedf87a3ebd0ae662f169af1c7c5a050b686409b7,sell,0xa8f93faee440644f89059a2c88bdc9bf3be5e2ea,0x565095469eb438084533e4aaf7d6ffde12e59d871132cedcb86e0710e7299e47
330,1934.0045857840694,0.9863423387498754,0xd0ee5f1f46edfa38da423013da9bd5aeb4cbeda5,2017-10-27T02:39:53.000Z,0.00051,0xd02e4dfb47555722c26724ff05597ef74830c54c,sell,0xa8f93faee440644f89059a2c88bdc9bf3be5e2ea,0xe299bad8cc12fda5c0d4028f53f0227b0a070b65f8a990ce2193c97bc1d5eb59
331,6482.060819710375,4.206850989931214,0xb804c685f835e36022a6780af2da10f7aa402737,2017-10-27T01:48:20.000Z,0.000648999,0xfadf2dfe5087306c5b5fe7272ee3d1a5a1417287,buy,0xa8f93faee440644f89059a2c88bdc9bf3be5e2ea,0x0aef0d44da304e367de47c4f951b6f35215caae947965e3a19e06862506e5a9a
332,1198.4567901234568,0.7766,0xb804c685f835e36022a6780af2da10f7aa402737,2017-10-27T01:44:06.000Z,0.000648,0x8ac745bf1b0bd6b42f64bcf5f8cce2d834d68501,buy,0xa8f93faee440644f89059a2c88bdc9bf3be5e2ea,0x2fed0d69e2de1201cd6554e9328851f97d6251d5480574ff50ff4160c4e0da3e
333,500,0.324,0x9a206049ce6ae6f63f83b1ded32773776e42bfca,2017-10-27T00:36:27.000Z,0.000648,0x8ac745bf1b0bd6b42f64bcf5f8cce2d834d68501,sell,0xa8f93faee440644f89059a2c88bdc9bf3be5e2ea,0x1baadb016639f0cf5d90e41ce16e921c69f38702f644aa94b74cddfd1957fe8c
334,1.5432098765432098,0.001,0x4a57d0208164a1c1c63c75395dc444428a07b50a,2017-10-26T23:46:09.000Z,0.000648,0x8ac745bf1b0bd6b42f64bcf5f8cce2d834d68501,buy,0xa8f93faee440644f89059a2c88bdc9bf3be5e2ea,0x5560f82fbf9a6fcb3469b03bfc70ca88910ebfbfb148e5a666852016cdfe1d08
335,2340,1.63683,0x0644c1a6d61e0994c73c86febdf64ec8432b1013,2017-10-26T18:44:27.000Z,0.0006995,0x8dbd7b3258be2824df1b3f87430d508638408cc1,buy,0xa8f93faee440644f89059a2c88bdc9bf3be5e2ea,0x9f4dec1eb64aebce3af9deaa9fa39fb1baa1633ae14b870fc4349b9c32ecf6f5
336,9131,6.02646,0x0644c1a6d61e0994c73c86febdf64ec8432b1013,2017-10-26T18:43:10.000Z,0.00066,0xda5114082c872bf77e605f35850fcc1c40ce6548,buy,0xa8f93faee440644f89059a2c88bdc9bf3be5e2ea,0x93489cb88479661c1dab6ffa6c7ffad24ac5855447a067112add7f4ee63cde54
337,5000,3.25,0x0644c1a6d61e0994c73c86febdf64ec8432b1013,2017-10-26T18:42:18.000Z,0.00065,0xa61f0d310793a551ec00def6fb98ca1f69e084e8,buy,0xa8f93faee440644f89059a2c88bdc9bf3be5e2ea,0x99bc40257fc7558df6fbfadb7fa50e0685ef3110c90af70e9393331986154a35
338,3200,1.92,0x4c1f4178959274fca1b5849083b872bf20675fa7,2017-10-26T17:21:20.000Z,0.0006,0xa61f0d310793a551ec00def6fb98ca1f69e084e8,sell,0xa8f93faee440644f89059a2c88bdc9bf3be5e2ea,0x2e68b75a0eb92ea6ce0e1b8e845d76d965f00432930ccdab73a1486db57589b8
339,523.0750770644909,0.36589101640661137,0x4369289ced1b3546ecf72307851935ebaa7b72d6,2017-10-26T16:08:55.000Z,0.0006995,0x8dbd7b3258be2824df1b3f87430d508638408cc1,buy,0xa8f93faee440644f89059a2c88bdc9bf3be5e2ea,0xae589d884e12ef6cd8ecc09daf78ff8646443727439b0e1677120ccb61546cad
340,361.3803784394182,0.25278557471837304,0x4369289ced1b3546ecf72307851935ebaa7b72d6,2017-10-26T15:34:51.000Z,0.0006995,0x8dbd7b3258be2824df1b3f87430d508638408cc1,buy,0xa8f93faee440644f89059a2c88bdc9bf3be5e2ea,0x73957fc4377d7bed052ef0ad02a752638664dc791907e4d790781dffedf3ebac
341,200,0.1399,0x4369289ced1b3546ecf72307851935ebaa7b72d6,2017-10-26T15:22:55.000Z,0.0006995,0x8dbd7b3258be2824df1b3f87430d508638408cc1,buy,0xa8f93faee440644f89059a2c88bdc9bf3be5e2ea,0x0ef2d8a5361ca337c0b0bc879ca48da003ebc20f1e86f0bd91f5b3eed613b444
342,3200,1.92,0x4c1f4178959274fca1b5849083b872bf20675fa7,2017-10-26T14:28:36.000Z,0.0006,0x8ac745bf1b0bd6b42f64bcf5f8cce2d834d68501,sell,0xa8f93faee440644f89059a2c88bdc9bf3be5e2ea,0xa088e80672210feaee2531236eb8a124da792f15add32c05321d1c27d7a8bd0f
343,0.5,0.00124999995,0xd33802d07fd33dd0a2e310bf91dd9ec645bb10d6,2017-10-26T10:01:08.000Z,0.0024999999,0x691053a11b569b45eb2ff7788c4e138623812fa1,buy,0xa8f93faee440644f89059a2c88bdc9bf3be5e2ea,0xa6410ca6b5d3f089a77b287d706c6a16bbca25943c074ffc06f9a2a1a821132e
344,0.9969105772116432,0.000996909580301066,0xd33802d07fd33dd0a2e310bf91dd9ec645bb10d6,2017-10-26T09:46:48.000Z,0.000999999,0xf36990a2cb4d609e0a7d4f3bf884c0342d81fd3d,buy,0xa8f93faee440644f89059a2c88bdc9bf3be5e2ea,0x193ef16d4e14d25d2c93bb0fc3ed583992b5535f3d07a2c3033f8d32582a51f8
345,0.007587658910010833,0.000003186816742204,0x1600aae5f49628334307abf7880a652b073ef131,2017-10-26T08:39:04.000Z,0.00041999999999992754,0x4179e2c2f127d21994f5a9c124c03e086ad74d1d,sell,0xa8f93faee440644f89059a2c88bdc9bf3be5e2ea,0x744dee655a1ac6f7022ff4fc9cc5ca1d1a3b99e51427a5045d1b0b2fb4be5747
346,76.11180652631866,0.03196695874105383,0x1600aae5f49628334307abf7880a652b073ef131,2017-10-26T08:37:00.000Z,0.00041999999999999996,0x4179e2c2f127d21994f5a9c124c03e086ad74d1d,sell,0xa8f93faee440644f89059a2c88bdc9bf3be5e2ea,0xf1cf95f40917e8296f3af2fab5fba2f7594edf63a4c8b4d8c6c5f1e7ba1f22f3
347,76.34775312655024,0.05000777829789041,0x4179e2c2f127d21994f5a9c124c03e086ad74d1d,2017-10-26T06:32:30.000Z,0.000655,0xa61f0d310793a551ec00def6fb98ca1f69e084e8,buy,0xa8f93faee440644f89059a2c88bdc9bf3be5e2ea,0x3701185c8d9ec93ee267c89101c4a23e94453c9a1f817aa9653bb01887976ac2
348,10000,6.55,0x0644c1a6d61e0994c73c86febdf64ec8432b1013,2017-10-26T06:29:05.000Z,0.000655,0xa61f0d310793a551ec00def6fb98ca1f69e084e8,buy,0xa8f93faee440644f89059a2c88bdc9bf3be5e2ea,0x9e8760b9bca3a98f5c700682a7e236fc1ffd5a991b50ed39d73e4592678d8519
349,10000,5.195,0x0644c1a6d61e0994c73c86febdf64ec8432b1013,2017-10-26T06:20:09.000Z,0.0005195,0x8ac745bf1b0bd6b42f64bcf5f8cce2d834d68501,buy,0xa8f93faee440644f89059a2c88bdc9bf3be5e2ea,0x730bf0d2184bd05ffe43f51b7dd649bd61a768435f28967b3b5f2869592a924d
350,10000,5.195,0x3d1f1553d483378353483d76b557b5663119d005,2017-10-26T04:42:09.000Z,0.0005195,0x8ac745bf1b0bd6b42f64bcf5f8cce2d834d68501,buy,0xa8f93faee440644f89059a2c88bdc9bf3be5e2ea,0x62f5246012a95c526299a376510f29adbf8017d40f410f743b6a42ae060b5efc
351,530,0.2756,0x256ef395fe4cb93eb513da4ec5fb574dfb53ecb8,2017-10-25T20:17:53.000Z,0.00052,0xa61f0d310793a551ec00def6fb98ca1f69e084e8,buy,0xa8f93faee440644f89059a2c88bdc9bf3be5e2ea,0x3de5c6ecc7b52c8b415f8c86aaea90f6186558e93fb9d8e7eb1f89fbed828712
352,4600,2.07,0x6fb2e2fd468cb7a8f10bca22151e7f53782c9538,2017-10-25T04:03:59.000Z,0.00045,0x0b8cc90051abd0b9b33bd17121b899bb7a9d796e,sell,0xa8f93faee440644f89059a2c88bdc9bf3be5e2ea,0x3aee57b64f42e238696ac9954e32f8292e860077317913b2f8d611cbc845e710
353,3757.4482931660773,1.9538731124463602,0x463ee2df31af9ff487326c58f4d1f312d1db712d,2017-10-24T17:15:31.000Z,0.00052,0xa61f0d310793a551ec00def6fb98ca1f69e084e8,buy,0xa8f93faee440644f89059a2c88bdc9bf3be5e2ea,0xff06cbea285f78546f713c2d86c03e9bdaa5172dfd91ce5fc6d0560236ed8cdd
354,10000,5.2,0x463ee2df31af9ff487326c58f4d1f312d1db712d,2017-10-24T16:33:34.000Z,0.00052,0xa61f0d310793a551ec00def6fb98ca1f69e084e8,buy,0xa8f93faee440644f89059a2c88bdc9bf3be5e2ea,0xfbf04a1536809eba2376fa19299713b2223ca561059f98906cd72e5b0b81b5ee
355,16000,7.2,0x6fb2e2fd468cb7a8f10bca22151e7f53782c9538,2017-10-24T15:36:15.000Z,0.00045,0xa61f0d310793a551ec00def6fb98ca1f69e084e8,sell,0xa8f93faee440644f89059a2c88bdc9bf3be5e2ea,0x5124e10b5607ed7d58fb93249a8c1dece7a3937634de2aaaddd63cfff820a32e
356,17027.140778839836,7.662213350477925,0x6fb2e2fd468cb7a8f10bca22151e7f53782c9538,2017-10-24T15:00:27.000Z,0.00045,0xa61f0d310793a551ec00def6fb98ca1f69e084e8,sell,0xa8f93faee440644f89059a2c88bdc9bf3be5e2ea,0x9596baab9fad8cad6dff88e365af9ff702a97be54cc14ccea0be3645fef33d61
357,2633,1.392562104,0x3a5ca52299041fd2271cd58c229795bca54a0481,2017-10-24T07:15:38.000Z,0.000528888,0xda5114082c872bf77e605f35850fcc1c40ce6548,buy,0xa8f93faee440644f89059a2c88bdc9bf3be5e2ea,0x7d949f71d1aae3c4464af753bced109be0348f9a054e810f2793173cf31540d8
358,588,0.30576,0x3a5ca52299041fd2271cd58c229795bca54a0481,2017-10-24T07:14:39.000Z,0.00052,0xc1c72c5e1f0a98b355c0dbd41dda6f05e40c70c9,buy,0xa8f93faee440644f89059a2c88bdc9bf3be5e2ea,0x01a27177916ff6d619dc0cb80cea163bdb0d6b4c5c0bd01309d43025416fbab8
359,6272.859221160166,2.8227866495220746,0x6fb2e2fd468cb7a8f10bca22151e7f53782c9538,2017-10-24T03:44:57.000Z,0.00045,0x5918c0ba4c600b617fe376d1408c9a5132707ba1,sell,0xa8f93faee440644f89059a2c88bdc9bf3be5e2ea,0x70fc342d54aa8fd5d03ee7d924482b024cd2569da12176037a82831aab343d71
360,527,0.277729,0x4ee6850799cd6d0d15f1135e9d09ebc1c84f6b5e,2017-10-23T15:27:14.000Z,0.000527,0x5918c0ba4c600b617fe376d1408c9a5132707ba1,buy,0xa8f93faee440644f89059a2c88bdc9bf3be5e2ea,0xfb52abef24e0e8dc7d096b26c9ee8046cfba749b5bfd7ad480728c5cec573e3e
361,1,0.000527,0xe1fa699860444be91d366c21de8fef56e3dec77a,2017-10-22T18:26:57.000Z,0.000527,0x5918c0ba4c600b617fe376d1408c9a5132707ba1,buy,0xa8f93faee440644f89059a2c88bdc9bf3be5e2ea,0x5f575f8d2c30b7a7d6b694f20d283986dcde2c2e58adacc676e6da16090d2afa
362,2820.7275842435097,0.9872546544852284,0x0972cf675fce75a62ee756f02fa801d06e49ebd7,2017-10-22T14:09:25.000Z,0.00035,0x572c5ddddfad90aefb179a76a32ebad64659715f,sell,0xa8f93faee440644f89059a2c88bdc9bf3be5e2ea,0xd0841390cf45ffcc9b0f70203c6a50836de844cd55c8cee73294a5a0d5a7ada7
363,3043.3979663462965,1.1869252068750555,0x294ff8cc3dbb05c9526b8d184b69c2497625cd79,2017-10-22T14:08:13.000Z,0.00039,0x572c5ddddfad90aefb179a76a32ebad64659715f,sell,0xa8f93faee440644f89059a2c88bdc9bf3be5e2ea,0x57c80861ed664bb0b6df09d9d6218a4da307a9416b11842960c6d483f3848eca
364,11280,4.4556,0xef4a7182680e6d534a51779e5dae639bae4af62b,2017-10-22T01:52:24.000Z,0.000395,0x7c21d07deefa8e271980e5c9f994ad2e4f7663e0,sell,0xa8f93faee440644f89059a2c88bdc9bf3be5e2ea,0x080bb35e4a701d945b1877823d99c71910aec98afa56744f9ba3f6830dc0e582
365,75,0.029634,0x708746d07fbfea9eb83583452940b84438c5a1eb,2017-10-22T01:52:24.000Z,0.00039512,0x7c21d07deefa8e271980e5c9f994ad2e4f7663e0,sell,0xa8f93faee440644f89059a2c88bdc9bf3be5e2ea,0x3a44c5ba452f80d414c04e791d6137222cf8e43525973f8ad1b4c2765984bf35
366,3256.6020336537035,1.2700747931249443,0x294ff8cc3dbb05c9526b8d184b69c2497625cd79,2017-10-21T12:47:46.000Z,0.00039,0x463ee2df31af9ff487326c58f4d1f312d1db712d,sell,0xa8f93faee440644f89059a2c88bdc9bf3be5e2ea,0x27cc522b364deece56efaa08e349bd2cfc7fb21358c59aba5f1f77e642f758d9
367,100,0.042,0x565db5808d543489ef9fa994c5d82f31669f07da,2017-10-21T12:46:52.000Z,0.00042,0x463ee2df31af9ff487326c58f4d1f312d1db712d,sell,0xa8f93faee440644f89059a2c88bdc9bf3be5e2ea,0xb49d6b1f5ee11c68a16a219da1459f5276c28c7ea90282c264ac4221cc7bc09a
368,6900,2.898,0x6fb2e2fd468cb7a8f10bca22151e7f53782c9538,2017-10-21T12:46:32.000Z,0.00042,0x463ee2df31af9ff487326c58f4d1f312d1db712d,sell,0xa8f93faee440644f89059a2c88bdc9bf3be5e2ea,0xdf97ddd642eb7ed2411c20e74e47c3971b3fb898ba3dee8205fd4ede16ca74a5
369,100,0.043,0xef4a7182680e6d534a51779e5dae639bae4af62b,2017-10-21T12:46:26.000Z,0.00043,0x463ee2df31af9ff487326c58f4d1f312d1db712d,sell,0xa8f93faee440644f89059a2c88bdc9bf3be5e2ea,0xe7514fba4df6328033cd411794ed63c6e574678afdcec446d58bf4e94ab7900c
370,11500,4.945,0x0972cf675fce75a62ee756f02fa801d06e49ebd7,2017-10-21T12:46:26.000Z,0.00043,0x463ee2df31af9ff487326c58f4d1f312d1db712d,sell,0xa8f93faee440644f89059a2c88bdc9bf3be5e2ea,0x2d54eb420a8e959c2f7eb2529f9cb72e4e7345e5c5009aa8145823bf0877988c
371,5,0.002100005,0x0b2de009825eac9a347868b44349aa32e91ef81f,2017-10-21T12:46:26.000Z,0.000420001,0x463ee2df31af9ff487326c58f4d1f312d1db712d,sell,0xa8f93faee440644f89059a2c88bdc9bf3be5e2ea,0x7a343afee129ff49f443598faaafca9dff69a3912bd3f4f858b65077d2013eeb
372,3063.397,1.31729134397,0x893add95059d0d34b9de1621418aed9a5b18b224,2017-10-21T12:46:04.000Z,0.00043001,0x463ee2df31af9ff487326c58f4d1f312d1db712d,sell,0xa8f93faee440644f89059a2c88bdc9bf3be5e2ea,0xff13f9841624eff7296b5e7bbd45eba1bbd8d83862b61e18d5892bc9ec390d65
373,996.909580301242,0.4286810886253371,0x893add95059d0d34b9de1621418aed9a5b18b224,2017-10-21T11:24:47.000Z,0.00043001,0x463ee2df31af9ff487326c58f4d1f312d1db712d,sell,0xa8f93faee440644f89059a2c88bdc9bf3be5e2ea,0x49eaf007df65afd092ce64b38cc2a67f9f92962ae03bdfb5872e7071d4e5b5cd
374,0.000001758831091353,0.000000000756314957,0x893add95059d0d34b9de1621418aed9a5b18b224,2017-10-21T11:24:00.000Z,0.0004300099996630128,0x463ee2df31af9ff487326c58f4d1f312d1db712d,sell,0xa8f93faee440644f89059a2c88bdc9bf3be5e2ea,0xd788615e13baff881ca807206fefdef9103edf98ab95e9791ff067b0f96822ce
375,5001,2.45049,0x0972cf675fce75a62ee756f02fa801d06e49ebd7,2017-10-21T07:54:09.000Z,0.00049,0xa46a69569b4d86dab047142a6ad657893dac287e,buy,0xa8f93faee440644f89059a2c88bdc9bf3be5e2ea,0x78e1bc698994d6d4846969fe28ac6e32ede2176d324a00b0822c829ab9da1665
376,11764,5.764348236,0x0972cf675fce75a62ee756f02fa801d06e49ebd7,2017-10-21T07:54:09.000Z,0.000489999,0xf69d03a69b316538b6eafcd2b10b21235529a2bc,buy,0xa8f93faee440644f89059a2c88bdc9bf3be5e2ea,0xe905367b3233737e9d004a8434156bbb979a2f008a9c8df00069ea373284290b
377,2909.692951849267,1.2511970662247034,0x893add95059d0d34b9de1621418aed9a5b18b224,2017-10-21T07:28:37.000Z,0.00043001,0xe5c55cc8174d9e272fd3fd1b2412164feb60bd86,sell,0xa8f93faee440644f89059a2c88bdc9bf3be5e2ea,0xa12636f6065846cf94ef12fd590376feb21808ccfebeb39974365d78ecf1e04a
378,180,0.0864,0x1600aae5f49628334307abf7880a652b073ef131,2017-10-21T07:25:16.000Z,0.00048,0xe5c55cc8174d9e272fd3fd1b2412164feb60bd86,sell,0xa8f93faee440644f89059a2c88bdc9bf3be5e2ea,0x0f0a66ae9d40a88c5369bdc8569c289629d2e1a92985bcaf973459accdf0377a
379,500,0.24000005,0x2d8f9569c65d4256ee5046b9c9ce936d9e5fb23a,2017-10-21T02:23:16.000Z,0.0004800001,0x0b8cc90051abd0b9b33bd17121b899bb7a9d796e,sell,0xa8f93faee440644f89059a2c88bdc9bf3be5e2ea,0x6e4735ccbcf75b16d8096fdaceaf252c25dabf6b460ee3f2dcc4ddc32336d345
380,397.9969785971182,0.16755672798938676,0x6fb2e2fd468cb7a8f10bca22151e7f53782c9538,2017-10-20T11:49:49.000Z,0.000421,0x037f96a2a6430376cff5cd297cc40c2554f8f7bf,sell,0xa8f93faee440644f89059a2c88bdc9bf3be5e2ea,0x85b49617849d2a179b46755194bc68054e6c415e7ab9240a3eb3e1322d8d5baf
