,amount,amountBase,buyer,date,price,seller,side,tokenAddr,txHash
0,3.333644473484192,0.0005,0x4fda9e6bcd83af6c5cc771b5d20accc2b7720074,2017-11-02T08:51:25.000Z,0.000149986,0x60684dfb5e9d6d43ac11d3cf95860a3e86ebc336,buy,0x6fff3806bbac52a20e0d79bc538d527f6a22c96b,0x08ed533050828ecc4ee8d83bf511bc13f1dffc1d58f731473a7a876dbaf01a5e
1,1424.673886064515,0.2136825621491584,0x9b7a8b471ad9a43e36d69ab971c7a03c6f5b5b41,2017-11-02T02:38:20.000Z,0.000149987,0x8a30836828bfb2644f05e0665bb3e40a85b6b198,buy,0x6fff3806bbac52a20e0d79bc538d527f6a22c96b,0x9b588927de900038621ea7277628a56cbed91dde5ce78b2ac46d6733e3ea9d2c
2,755,0.083050755,0x264e478eea740f5007023165457a3b511ababd98,2017-11-01T19:47:26.000Z,0.000110001,0x6cac786adf18329afc3d74b71cbee49d64e97dba,sell,0x6fff3806bbac52a20e0d79bc538d527f6a22c96b,0x92e4072724a977bf0d7cc82d9480d47b28024dc715caee0ddb9874b9754a8fec
3,3000,0.336,0x5dc5b2392567b6546f77f8fd7781f568e631b109,2017-11-01T19:45:59.000Z,0.000112,0x6cac786adf18329afc3d74b71cbee49d64e97dba,sell,0x6fff3806bbac52a20e0d79bc538d527f6a22c96b,0x2662dbf3499e9286723e78e4cd48855c99456eb0888fdf55c9021101d8599795
4,2025,0.226802025,0x8a30836828bfb2644f05e0665bb3e40a85b6b198,2017-11-01T19:45:46.000Z,0.000112001,0x6cac786adf18329afc3d74b71cbee49d64e97dba,sell,0x6fff3806bbac52a20e0d79bc538d527f6a22c96b,0x27b68c1919d65b705b0ca98c2a741bbc4d655913e0c333d67e0b771e863dde16
5,1660.8717860942654,0.2491291070423537,0x6a1afc7af4278351bca6125e03cc9e1a3f41e80a,2017-11-01T17:16:44.000Z,0.000149999,0x82d9a6d6ed59810c3ca08b1fff8cdd942733a4a9,buy,0x6fff3806bbac52a20e0d79bc538d527f6a22c96b,0x36adca57ce6e90341ba8365f07d1905dd1ab6b6ae8ad0139e47de5341fb4ab60
6,79,0.011849842,0x5dc5b2392567b6546f77f8fd7781f568e631b109,2017-11-01T15:52:59.000Z,0.000149998,0x60684dfb5e9d6d43ac11d3cf95860a3e86ebc336,buy,0x6fff3806bbac52a20e0d79bc538d527f6a22c96b,0x87d7a42a13fa9940a5af78532c43be00b65cc15133841c60f84604aa33416f5c
7,0.6482255819429993,0.000097232540840286,0x5dc5b2392567b6546f77f8fd7781f568e631b109,2017-11-01T15:51:44.000Z,0.000149998,0x60684dfb5e9d6d43ac11d3cf95860a3e86ebc336,buy,0x6fff3806bbac52a20e0d79bc538d527f6a22c96b,0x3cd4192a1a39d904c317a364ce99ab3c9d40f881d16115ce2bcc224f95c40672
8,1001,0.150147998,0xa7c66d7e2869f72710c87a4d461a990321359861,2017-11-01T15:41:14.000Z,0.000149998,0x60684dfb5e9d6d43ac11d3cf95860a3e86ebc336,buy,0x6fff3806bbac52a20e0d79bc538d527f6a22c96b,0x98431f77c3fee53425d0e5304056e5905dbd0a57cbe396ecff53bfc4f343a650
9,6646.397589911472,0.996946345691541,0x9b7a8b471ad9a43e36d69ab971c7a03c6f5b5b41,2017-11-01T07:52:18.000Z,0.000149998,0x60684dfb5e9d6d43ac11d3cf95860a3e86ebc336,buy,0x6fff3806bbac52a20e0d79bc538d527f6a22c96b,0x0516cd0926085eae0244acc66eb4b4231f4be86cd6f2e1c4b103d299e1c04a68
10,0.20423180017133805,0.000024712047820731,0x5dc5b2392567b6546f77f8fd7781f568e631b109,2017-11-01T00:20:56.000Z,0.00012099999999999556,0x6e3e562848dbafc6b1366afca523e54fa6811b75,sell,0x6fff3806bbac52a20e0d79bc538d527f6a22c96b,0x46db4d3eca7c99c0b45f8be1dcb7ecd1b8c7506b00e5caf36ccd661fc8c77577
11,2048.649187518692,0.24788655168976173,0x5dc5b2392567b6546f77f8fd7781f568e631b109,2017-11-01T00:19:32.000Z,0.00012099999999999999,0x6e3e562848dbafc6b1366afca523e54fa6811b75,sell,0x6fff3806bbac52a20e0d79bc538d527f6a22c96b,0x28431b6649d881dee3bd449c8d7913552ff3a3c26e7a87b88a6e667a3fe89e92
12,1,0.000149999,0x548cab36b9c0de476d0415437b44a1e7f00210f7,2017-10-31T19:59:21.000Z,0.000149999,0x82d9a6d6ed59810c3ca08b1fff8cdd942733a4a9,buy,0x6fff3806bbac52a20e0d79bc538d527f6a22c96b,0x7769af6b7ce41743d996ff3fe07525ec1ee0424f50a336c0e2c1273a554c3d27
13,8871.498355099193,1.0734513009670024,0x5dc5b2392567b6546f77f8fd7781f568e631b109,2017-10-31T19:58:10.000Z,0.00012099999999999999,0x9d79b4dee7f1e0a0eeaab19a74365230f6158d84,sell,0x6fff3806bbac52a20e0d79bc538d527f6a22c96b,0x4257d63ba4796058e99970b404d585d4b5d0afec299b0e73cf847dde119c5e7d
14,8,0.007999992,0xafe2d290463e27c1e9a529303fa05889b57e8dc6,2017-10-31T18:54:01.000Z,0.000999999,0xf36990a2cb4d609e0a7d4f3bf884c0342d81fd3d,buy,0x6fff3806bbac52a20e0d79bc538d527f6a22c96b,0xf6c79213ef9dc7fb1ac66c158368bf117e1e31dc69fad52a4b580f7e6bbbd98b
15,497,0.074549503,0x8a30836828bfb2644f05e0665bb3e40a85b6b198,2017-10-31T18:27:12.000Z,0.000149999,0x82d9a6d6ed59810c3ca08b1fff8cdd942733a4a9,buy,0x6fff3806bbac52a20e0d79bc538d527f6a22c96b,0x4c337c62be8235bd2ac681afec66501bab80a6a3e26f59fa7c2c4b1ba66eedea
16,6018,1.011024,0xd815bbdb973fcfae73f27ddc9a135e377028c1c5,2017-10-31T17:34:47.000Z,0.000168,0xd29d77b67ca9499f972f16a19b5635c1eafd969d,buy,0x6fff3806bbac52a20e0d79bc538d527f6a22c96b,0x06eafd7d5ece6eb802772f3e234bb7c8d92ad70c336c01100288e505179f3429
17,6000,1.266,0x5dc5b2392567b6546f77f8fd7781f568e631b109,2017-10-31T17:34:47.000Z,0.000211,0xd815bbdb973fcfae73f27ddc9a135e377028c1c5,sell,0x6fff3806bbac52a20e0d79bc538d527f6a22c96b,0x06eafd7d5ece6eb802772f3e234bb7c8d92ad70c336c01100288e505179f3429
18,2.9376498219768,0.000355470316708302,0x8a30836828bfb2644f05e0665bb3e40a85b6b198,2017-10-31T04:03:20.000Z,0.00012100499999999975,0xe444a40689f51f63bcd29910622035707d533d29,sell,0x6fff3806bbac52a20e0d79bc538d527f6a22c96b,0xad565da06fa3446c8cb3ab3c56e47774db41c7949ada9720caa64daa47b94c72
19,500,0.0605025,0x8a30836828bfb2644f05e0665bb3e40a85b6b198,2017-10-31T03:27:28.000Z,0.000121005,0x1981765200d3fd2c9f7f643256213b5556629374,sell,0x6fff3806bbac52a20e0d79bc538d527f6a22c96b,0x13f1f2df97de08a97d1c8fb9ff6afd349997c0039c8bc2ee70e6a5c79b38d155
20,9000,1.08,0x5dc5b2392567b6546f77f8fd7781f568e631b109,2017-10-30T09:41:16.000Z,0.00012,0xc47b0ccdc1d64cb662804edeb9a1f659bf2d78df,sell,0x6fff3806bbac52a20e0d79bc538d527f6a22c96b,0xdc120b936553ac3d7244e2e64dd181913791c94c2a540fec04276ab670c23c5e
21,458,0.07557,0x8a30836828bfb2644f05e0665bb3e40a85b6b198,2017-10-30T03:06:37.000Z,0.000165,0x6e3e562848dbafc6b1366afca523e54fa6811b75,buy,0x6fff3806bbac52a20e0d79bc538d527f6a22c96b,0xe2068d900e6767743caa5810c493ef4c2629e863fc8dfac561e1400554acc3da
22,487,0.080355,0x9de0b7d6cdda7da38b0a4e08cd4d9fdfe73b1922,2017-10-30T01:56:35.000Z,0.000165,0x6e3e562848dbafc6b1366afca523e54fa6811b75,buy,0x6fff3806bbac52a20e0d79bc538d527f6a22c96b,0xee13f86a4342f10c1f3a776c5e5cc9d1b9d9126fea95fb3dd66ce5f799f622b6
23,469,0.079586955,0x9de0b7d6cdda7da38b0a4e08cd4d9fdfe73b1922,2017-10-28T22:48:29.000Z,0.000169695,0x82d9a6d6ed59810c3ca08b1fff8cdd942733a4a9,buy,0x6fff3806bbac52a20e0d79bc538d527f6a22c96b,0xff11ecc2c5dfaa347090335ad3e1383d354df38e4df0a23d7c323daecd7f7ec0
24,2.946462771442883,0.0005,0x34f9560c63078eb61872a4dc2ccd20e21c34feaf,2017-10-28T20:17:38.000Z,0.000169695,0x82d9a6d6ed59810c3ca08b1fff8cdd942733a4a9,buy,0x6fff3806bbac52a20e0d79bc538d527f6a22c96b,0x27c6f8cef603b7e52ecd50371f6d665c9f76e24774bcd070c3c09ed248e2d9c1
25,2.946462771442883,0.0005,0xe444a40689f51f63bcd29910622035707d533d29,2017-10-28T20:14:27.000Z,0.000169695,0x82d9a6d6ed59810c3ca08b1fff8cdd942733a4a9,buy,0x6fff3806bbac52a20e0d79bc538d527f6a22c96b,0x046c0976944d54dee91a1cf1f1cd656d8cbce9026b9e1f6a1b702c0a7a024509
26,1749.0590223293655,0.2990768494051652,0x8676e20d27ca303d7f832ba24be717457ff43021,2017-10-28T02:36:13.000Z,0.000170993,0xc2249c3dd3c18167a6f65c0cd8e0eccb6a0e29ab,buy,0x6fff3806bbac52a20e0d79bc538d527f6a22c96b,0xe1d70c66c8a7d259aa5ffa8b352bb8349562e19f9707821f985b9b3e7ec70678
27,5203,0.894910797,0x0206d6fcc3449a232c227c6cd83967c81015c0f1,2017-10-27T20:17:22.000Z,0.000171999,0x82d9a6d6ed59810c3ca08b1fff8cdd942733a4a9,buy,0x6fff3806bbac52a20e0d79bc538d527f6a22c96b,0x62101146979236507c75d2de3316ad2c2d00eba37104f9b120e409f7bec8cf9c
28,4425,0.761077875,0x0206d6fcc3449a232c227c6cd83967c81015c0f1,2017-10-27T20:16:55.000Z,0.000171995,0x82d9a6d6ed59810c3ca08b1fff8cdd942733a4a9,buy,0x6fff3806bbac52a20e0d79bc538d527f6a22c96b,0x496c6024aa5a6b5034ecb53a26c7723a95e6e2a59201cdf06c8a30f407ed03e0
29,6555,1.12086567,0x0206d6fcc3449a232c227c6cd83967c81015c0f1,2017-10-27T20:16:03.000Z,0.000170994,0x82d9a6d6ed59810c3ca08b1fff8cdd942733a4a9,buy,0x6fff3806bbac52a20e0d79bc538d527f6a22c96b,0x107ea64886e15b1db4cc7309660a3c3b7c67e5a4b88c67a4e5b5d68a2bb57942
30,2500,0.4252225,0x0206d6fcc3449a232c227c6cd83967c81015c0f1,2017-10-27T20:14:36.000Z,0.000170089,0xc2249c3dd3c18167a6f65c0cd8e0eccb6a0e29ab,buy,0x6fff3806bbac52a20e0d79bc538d527f6a22c96b,0xd2f319c00f71e084407f05c51e503a68adc8deb061f1e221e4a92ca542b75797
31,110.0873007961035,0.012109603087571384,0x82d99d98115565d2a58e99fc53704cee56e3c0de,2017-10-25T22:39:33.000Z,0.00010999999999999999,0x9542d5ea0317bf04f2bd8c694644713e30880c1b,sell,0x6fff3806bbac52a20e0d79bc538d527f6a22c96b,0xd9ff0753e2ca2bc945b8c702e92365887c30e49b22c2d569dc485ea92fc0b703
32,5233.7752965806,0.6071179344033496,0x82d99d98115565d2a58e99fc53704cee56e3c0de,2017-10-25T10:09:19.000Z,0.00011599999999999999,0x9310929406050fcca085623b26611fedb1222cac,sell,0x6fff3806bbac52a20e0d79bc538d527f6a22c96b,0xe57c2dac24293e7f6bbf0ea362c2c5f2932e34f62fbf4f5c7504ecffd9ed06db
33,444.32,0.051496688,0x695f7ca2b214b12912a8f74ab689907666cad96c,2017-10-25T08:25:51.000Z,0.0001159,0xb14a7c72e14462f6bee077dcce5416a4c40f6046,sell,0x6fff3806bbac52a20e0d79bc538d527f6a22c96b,0xdc8d9ec092446520116c0be81d748a258990b22c9686e264298e0d20f19441e6
34,1000,0.1157,0x695f7ca2b214b12912a8f74ab689907666cad96c,2017-10-25T08:25:51.000Z,0.0001157,0xb14a7c72e14462f6bee077dcce5416a4c40f6046,sell,0x6fff3806bbac52a20e0d79bc538d527f6a22c96b,0xc83d35602f17bf4f49e7d6fdba3706ccd5739563dd311d6afdbc8f110ea2fe9c
35,1278,0.127798722,0x264e478eea740f5007023165457a3b511ababd98,2017-10-25T08:25:51.000Z,0.000099999,0xb14a7c72e14462f6bee077dcce5416a4c40f6046,sell,0x6fff3806bbac52a20e0d79bc538d527f6a22c96b,0x109d9716e3727be06e739389bde0fac033d12a0973d278aaea39dc246e7773a6
36,0.2796375589074755,0.000032437956833267,0x82d99d98115565d2a58e99fc53704cee56e3c0de,2017-10-25T01:05:14.000Z,0.00011599999999999942,0x9c8bc3fde6bdab4866f217d8a1cbc44f80a4e936,sell,0x6fff3806bbac52a20e0d79bc538d527f6a22c96b,0x628c5bc38b7633b80f47a97b166d66f3a9aa6a04d8e6e0147a6953790f726027
37,2805.044353400887,0.3253851449945029,0x82d99d98115565d2a58e99fc53704cee56e3c0de,2017-10-25T01:01:49.000Z,0.00011599999999999999,0x9c8bc3fde6bdab4866f217d8a1cbc44f80a4e936,sell,0x6fff3806bbac52a20e0d79bc538d527f6a22c96b,0x8cd3da60711550f6b38a6c097503be980c5c1ed820466ae6262ea61311ae1532
38,500,0.065025,0x8a30836828bfb2644f05e0665bb3e40a85b6b198,2017-10-25T00:51:34.000Z,0.00013005,0x9c8bc3fde6bdab4866f217d8a1cbc44f80a4e936,sell,0x6fff3806bbac52a20e0d79bc538d527f6a22c96b,0x9d983dc8c69a30a9538e72eb6a4a994ed133f11c80560633bb137669be8d27c2
39,2086.7298196446363,0.2712748765538027,0x8141c48249b9879dd565bda9a3e7e02b69ceb34d,2017-10-25T00:51:34.000Z,0.00013,0x9c8bc3fde6bdab4866f217d8a1cbc44f80a4e936,sell,0x6fff3806bbac52a20e0d79bc538d527f6a22c96b,0x905c23ee8169bb7406f07a8520cad2717c25bf6532113b9b06edf2c3a983b261
40,590,0.0767295,0x8a30836828bfb2644f05e0665bb3e40a85b6b198,2017-10-25T00:50:48.000Z,0.00013005,0x9c8bc3fde6bdab4866f217d8a1cbc44f80a4e936,sell,0x6fff3806bbac52a20e0d79bc538d527f6a22c96b,0x7fbf2086a2267bdaededb54de88bc9cad879aae341a920ae7c260c6fd274da4c
41,0.09103570378342937,0.000011834641491845,0x8141c48249b9879dd565bda9a3e7e02b69ceb34d,2017-10-24T09:19:16.000Z,0.000129999999999991,0x2bba88a7bb8a823a307e8dd90432d41ca63e94a6,sell,0x6fff3806bbac52a20e0d79bc538d527f6a22c96b,0x79038ff5128bc959698afc681ac24081773b55514b76f1194ab981c3bda3ef2f
42,913.1791446515801,0.11871328880470541,0x8141c48249b9879dd565bda9a3e7e02b69ceb34d,2017-10-24T09:18:53.000Z,0.00013,0x2bba88a7bb8a823a307e8dd90432d41ca63e94a6,sell,0x6fff3806bbac52a20e0d79bc538d527f6a22c96b,0x0e3802d12628ef2a180279e796957b21b3509ead465936fc23d39b1458cf088c
43,330,0.0429165,0x8a30836828bfb2644f05e0665bb3e40a85b6b198,2017-10-24T09:18:05.000Z,0.00013005,0x2bba88a7bb8a823a307e8dd90432d41ca63e94a6,sell,0x6fff3806bbac52a20e0d79bc538d527f6a22c96b,0xf985072ae4346e15ed6efdcdf1b8d31967101dcf2ac0a419deacfaf82a77e9b5
44,1000,0.13005,0x8a30836828bfb2644f05e0665bb3e40a85b6b198,2017-10-24T09:18:05.000Z,0.00013005,0x2bba88a7bb8a823a307e8dd90432d41ca63e94a6,sell,0x6fff3806bbac52a20e0d79bc538d527f6a22c96b,0x4de4e2b975dbb3613170f9b2efd1d229ffc2b66b34724098c3a53f47f1aff67b
45,495.4640614096301,0.059461137473831124,0x8a30836828bfb2644f05e0665bb3e40a85b6b198,2017-10-23T04:44:16.000Z,0.00012001099999999999,0xa2b16e3b6b64771396c925e61fefd851e757e38e,sell,0x6fff3806bbac52a20e0d79bc538d527f6a22c96b,0x7943dc88d8cc4803375071d3927afbb22644d6b9c6ec2a0536d4feca93dc887c
46,1000,0.120011,0x8a30836828bfb2644f05e0665bb3e40a85b6b198,2017-10-23T04:40:45.000Z,0.000120011,0xa2b16e3b6b64771396c925e61fefd851e757e38e,sell,0x6fff3806bbac52a20e0d79bc538d527f6a22c96b,0xb4fe86633734fc61c621e57bdbdcd86504b1242c1201677941114b3f47911775
47,7800,1.3415766,0x8a8d8529769cffcbf812dc8908030843a4cec17f,2017-10-22T23:26:52.000Z,0.000171997,0x82d9a6d6ed59810c3ca08b1fff8cdd942733a4a9,buy,0x6fff3806bbac52a20e0d79bc538d527f6a22c96b,0x149ae488f78b74859a8e1127dc15635e9252c830e940e5df4ec38b19132376fd
48,9760,1.67868096,0x8a8d8529769cffcbf812dc8908030843a4cec17f,2017-10-22T23:24:31.000Z,0.000171996,0x82d9a6d6ed59810c3ca08b1fff8cdd942733a4a9,buy,0x6fff3806bbac52a20e0d79bc538d527f6a22c96b,0x11f7a6b758b4995c409c125a67f24d96dd7a312eb36e61198fe8f0288a043838
49,1175,0.202094125,0xe9a0fa14df829b4d288ba25b5829c29e4c1bed68,2017-10-22T18:58:49.000Z,0.000171995,0x82d9a6d6ed59810c3ca08b1fff8cdd942733a4a9,buy,0x6fff3806bbac52a20e0d79bc538d527f6a22c96b,0x3f4609595259e29274cc571e998f00d43923a69b80e9b167a18703788d659599
50,440,0.07568,0x2887fe66e68186e576d1a60e75a97c5348d82ea1,2017-10-22T00:58:20.000Z,0.000172,0x695f7ca2b214b12912a8f74ab689907666cad96c,sell,0x6fff3806bbac52a20e0d79bc538d527f6a22c96b,0x56e2692ab805425db19c7966ac79c3e4f965c9b9cd9d587cbc3c8c3a42b1e65a
51,1000,0.172,0x2887fe66e68186e576d1a60e75a97c5348d82ea1,2017-10-21T23:25:58.000Z,0.000172,0x695f7ca2b214b12912a8f74ab689907666cad96c,sell,0x6fff3806bbac52a20e0d79bc538d527f6a22c96b,0x4c5d98cb04fab8362e2e8d954b247e5ee05e0704ed935c93881bb3f203a3d441
52,1300,0.2275,0xb136930cd54e130bc024827cb966c1a728ec5b37,2017-10-21T15:57:18.000Z,0.000175,0x8a30836828bfb2644f05e0665bb3e40a85b6b198,buy,0x6fff3806bbac52a20e0d79bc538d527f6a22c96b,0xd67fa38f75656ad0e47c4158e9457de688190b2cd822b06fbabd59e6e26682a3
53,4154,0.24924,0xfddc06e314380c09da9455287b6fb7dcca4bf2bb,2017-10-21T13:49:56.000Z,0.00006,0x4bc673761bf3b4a8a40f389b0c5a87919b3d00a9,buy,0x6fff3806bbac52a20e0d79bc538d527f6a22c96b,0x5e5a6dff39a3ad30902cb3e19f63320b49d80f06b7bfa5f9a50b5ee97a39662a
54,0.27722243698308546,0.00000277776881857,0x035392de57aa4fe343d86494103dbe1b068a56c6,2017-10-21T12:41:03.000Z,0.00001001999999999813,0x88fd0f1f80766d3cf74c97c880477308504b2afe,sell,0x6fff3806bbac52a20e0d79bc538d527f6a22c96b,0xdbdca86c49c9ad479954f34a18a3933c0f96cc03fd6d7f594caff15cc7758859
55,2780.81826537733,0.11404135706312431,0xc2249c3dd3c18167a6f65c0cd8e0eccb6a0e29ab,2017-10-21T12:38:15.000Z,0.00004100999999999999,0x88fd0f1f80766d3cf74c97c880477308504b2afe,sell,0x6fff3806bbac52a20e0d79bc538d527f6a22c96b,0xaac0623e75527fa2d5ce034175a3f37946253e318c0326a8c6b4825916517eeb
56,20,0.0010012,0x78b0e4933f5b7d90102367e28efcde256998411e,2017-10-21T12:35:07.000Z,0.00005006,0x88fd0f1f80766d3cf74c97c880477308504b2afe,sell,0x6fff3806bbac52a20e0d79bc538d527f6a22c96b,0xcd70a17508fb012f6f6fa455604268320767b82557070d79a70ae61ad3737567
57,50,0.0025035,0x78b0e4933f5b7d90102367e28efcde256998411e,2017-10-21T12:35:07.000Z,0.00005007,0x88fd0f1f80766d3cf74c97c880477308504b2afe,sell,0x6fff3806bbac52a20e0d79bc538d527f6a22c96b,0x9e1ca42ef3dcc313bd43b44b1067b43a7d206356f058a6622e9ae5617aebba31
58,1400,0.1119986,0x695f7ca2b214b12912a8f74ab689907666cad96c,2017-10-21T12:33:25.000Z,0.000079999,0x88fd0f1f80766d3cf74c97c880477308504b2afe,sell,0x6fff3806bbac52a20e0d79bc538d527f6a22c96b,0xa37ee88abec5da533966cabed2755e539c6de50a008167639820fc9a33e4cab8
59,5000,0.635,0x5dc5b2392567b6546f77f8fd7781f568e631b109,2017-10-21T12:31:48.000Z,0.000127,0x88fd0f1f80766d3cf74c97c880477308504b2afe,sell,0x6fff3806bbac52a20e0d79bc538d527f6a22c96b,0x371b345bd86d8ab97ed7f9877296a5688d6259920f31d8634dda8e5081c71d33
60,425.248,0.059959968,0x8a30836828bfb2644f05e0665bb3e40a85b6b198,2017-10-21T12:31:48.000Z,0.000141,0x88fd0f1f80766d3cf74c97c880477308504b2afe,sell,0x6fff3806bbac52a20e0d79bc538d527f6a22c96b,0x13b6006d3101df59127e693c79604d949f48b512cf0004e1b51f4dc16340a6f1
61,19.818,0.00267543,0x8141c48249b9879dd565bda9a3e7e02b69ceb34d,2017-10-21T12:31:48.000Z,0.000135,0x88fd0f1f80766d3cf74c97c880477308504b2afe,sell,0x6fff3806bbac52a20e0d79bc538d527f6a22c96b,0x2dd8494d7746244999590792d01b475bb3efcb3a9e068fe1b15ef807499f7cae
62,1250,0.13749875,0x264e478eea740f5007023165457a3b511ababd98,2017-10-21T12:31:48.000Z,0.000109999,0x88fd0f1f80766d3cf74c97c880477308504b2afe,sell,0x6fff3806bbac52a20e0d79bc538d527f6a22c96b,0xe3888bf0356ff2661fe19a7d1cca02beeecdf60885ea173832eaca715ab5d0b5
63,3000,0.42,0x8141c48249b9879dd565bda9a3e7e02b69ceb34d,2017-10-21T12:25:34.000Z,0.00014,0x88fd0f1f80766d3cf74c97c880477308504b2afe,sell,0x6fff3806bbac52a20e0d79bc538d527f6a22c96b,0xd03beb63a9473d360ae736c7bb0bc4ff3d89e474b9f60bd00ebad9fbbd96d3a6
64,1000,0.141,0x8a30836828bfb2644f05e0665bb3e40a85b6b198,2017-10-21T12:24:25.000Z,0.000141,0x88fd0f1f80766d3cf74c97c880477308504b2afe,sell,0x6fff3806bbac52a20e0d79bc538d527f6a22c96b,0x383451ccf15cd00327ce1192c1fb048d8be68a033cf23a2a5d97ebbd4638f471
65,3000,0.45,0x8141c48249b9879dd565bda9a3e7e02b69ceb34d,2017-10-21T12:24:25.000Z,0.00015,0x88fd0f1f80766d3cf74c97c880477308504b2afe,sell,0x6fff3806bbac52a20e0d79bc538d527f6a22c96b,0x23eb4826b93f332e95ddc5f6b2543dde0c7f460cc89f4962805c180255cf91c6
66,4000,0.8,0x5dc5b2392567b6546f77f8fd7781f568e631b109,2017-10-20T04:16:47.000Z,0.0002,0x4bc673761bf3b4a8a40f389b0c5a87919b3d00a9,buy,0x6fff3806bbac52a20e0d79bc538d527f6a22c96b,0xec2476da6b3537fb097cfe9c9223f20cafc54ab540edf6bba8cbefd984ca3571
67,0.1,0.00002,0x6cdea8e07bf82d7a07dbf36642d6e5be8623845c,2017-10-20T01:14:02.000Z,0.0002,0x4bc673761bf3b4a8a40f389b0c5a87919b3d00a9,buy,0x6fff3806bbac52a20e0d79bc538d527f6a22c96b,0x7578c06928cbb254189faf283a6c93668893af86c0ca87629e919d74ab40fb31
68,1843.9681592369996,0.3687936318473999,0x9b7a8b471ad9a43e36d69ab971c7a03c6f5b5b41,2017-10-19T05:34:45.000Z,0.0002,0x4bc673761bf3b4a8a40f389b0c5a87919b3d00a9,buy,0x6fff3806bbac52a20e0d79bc538d527f6a22c96b,0xe54aa4cd8acce81cdc2c48bee2037ab42370b379b0f2c981f44cfd9ac41d5ef2
69,560,0.10976,0x9b7a8b471ad9a43e36d69ab971c7a03c6f5b5b41,2017-10-19T05:32:39.000Z,0.000196,0x8a30836828bfb2644f05e0665bb3e40a85b6b198,buy,0x6fff3806bbac52a20e0d79bc538d527f6a22c96b,0x2910c4f0236c781779ae061edf20960267ce29e8c3d27b2daa669447811addb7
70,406.98437039773455,0.049245108818125875,0x8a30836828bfb2644f05e0665bb3e40a85b6b198,2017-10-18T20:47:16.000Z,0.00012099999999999999,0x8c8ae389c7577b202ff228c0d28c0d5fbcc97512,sell,0x6fff3806bbac52a20e0d79bc538d527f6a22c96b,0xdf684740944e905e221d2f61bf77536b016dbdceeaaabc3fe27c2079fcd8748c
71,1,0.00027,0x3ac636ac5c3a2576156ac5f10066ca68abe0ad54,2017-10-18T16:32:45.000Z,0.00027,0x4bc673761bf3b4a8a40f389b0c5a87919b3d00a9,buy,0x6fff3806bbac52a20e0d79bc538d527f6a22c96b,0x5b3677cd67dfe6d75f4d98b744d762d6429cffc6b79e2140ade4dd3393d11828
72,2.386634844868735,0.0005,0x379374d13077e8867ef31803c37baf9785a17c00,2017-10-18T15:07:11.000Z,0.0002095,0x5138cefb2893bcf00d7815d13c6bfa0737ee3630,buy,0x6fff3806bbac52a20e0d79bc538d527f6a22c96b,0x5ec95e3d3bfe909f9082803b1dd82bca0ab3300b408b8767138abb0a9901e5fb
73,2.386634844868735,0.0005,0xf9695cd65d6dfdf257fab76a3eb0cb8f001971cc,2017-10-18T15:05:25.000Z,0.0002095,0x5138cefb2893bcf00d7815d13c6bfa0737ee3630,buy,0x6fff3806bbac52a20e0d79bc538d527f6a22c96b,0xd8adf2bae870f2304df52bcdb4f14278d7dc138d9e20122b6faefbfb73f527d6
74,625,0.1309375,0x179c6ae2129da08767391429911ef1ea32c7b6d4,2017-10-18T03:01:58.000Z,0.0002095,0x5138cefb2893bcf00d7815d13c6bfa0737ee3630,buy,0x6fff3806bbac52a20e0d79bc538d527f6a22c96b,0xa95d191caf670f55e553468570f994d212877df32d94d237c8f957a6bd12ae31
75,0.7204297170746308,0.000151218197613965,0x5138cefb2893bcf00d7815d13c6bfa0737ee3630,2017-10-17T23:46:21.000Z,0.0002099,0x3f1827827dd5cf78bb8c62d3e45d8f921196d325,buy,0x6fff3806bbac52a20e0d79bc538d527f6a22c96b,0x68e46169eee159414bd47925242f0ce324dc90b5a1233e82bc09f827bbc356ae
76,2.3820867079561694,0.0005,0xcd912af5286dc0b0a23edb30209734ecb60838b3,2017-10-17T21:33:20.000Z,0.0002099,0x3f1827827dd5cf78bb8c62d3e45d8f921196d325,buy,0x6fff3806bbac52a20e0d79bc538d527f6a22c96b,0xdbf64596d5cac7ffbf720feda928cd6f36b2ee2f311eab7c5e0164de64cf38c4
77,2.3820867079561694,0.0005,0x16e5d97bbc92417e051e3b2cabfbf8ceea2acb9c,2017-10-17T17:23:13.000Z,0.0002099,0x3f1827827dd5cf78bb8c62d3e45d8f921196d325,buy,0x6fff3806bbac52a20e0d79bc538d527f6a22c96b,0x5c60364b7456d32d9380abce53445e54254723956f44d804e3975443b8c0c67d
78,2.3820867079561694,0.0005,0x42c24a83bded723edfdf5883bc7efb30bc1a1bf3,2017-10-17T15:03:33.000Z,0.0002099,0x3f1827827dd5cf78bb8c62d3e45d8f921196d325,buy,0x6fff3806bbac52a20e0d79bc538d527f6a22c96b,0xe0111ca95a4fd2d2a0cdfb061cc737b9b8e8e3e2fc6ab0ec486dc01bc9b13654
79,1000,0.12,0x8909e1a4f31fc2214ea6c4a917268b833b00c000,2017-10-17T10:33:57.000Z,0.00012,0x61e9547e8ec64d8a89ccb9bb98afaa6e2d97b2ba,sell,0x6fff3806bbac52a20e0d79bc538d527f6a22c96b,0xbd9d812543e0a4eb708bebdf79285f3f89c7d099b911e3d916b88a14003cf01e
80,1000,0.12,0x8909e1a4f31fc2214ea6c4a917268b833b00c000,2017-10-17T10:33:24.000Z,0.00012,0x61e9547e8ec64d8a89ccb9bb98afaa6e2d97b2ba,sell,0x6fff3806bbac52a20e0d79bc538d527f6a22c96b,0x0d063e8cd24abc687a14d4becece811f4bb5e6284c6ab8ea15456be7af7010c3
81,5370,1.074,0x6db4c297e7b4bee3b35c0c68d5179525747ceb78,2017-10-17T05:01:32.000Z,0.0002,0x6214ff0afd2a91a7ef0889406acb48b84f1f0159,buy,0x6fff3806bbac52a20e0d79bc538d527f6a22c96b,0x6e51defd951df1d06b372edb3ec623d14ef8c552e64694b33cf67718706a74ab
82,506.57,0.0810461343,0x6db4c297e7b4bee3b35c0c68d5179525747ceb78,2017-10-17T05:00:34.000Z,0.00015999,0x4964e6b436e602120f702563524fd538b98d649a,buy,0x6fff3806bbac52a20e0d79bc538d527f6a22c96b,0x78324bf112322e5dce676c4e023d018bb7b69da2689ff97ed5249c2888d5eb0c
83,154.91974877878576,0.017041946964410328,0x8a30836828bfb2644f05e0665bb3e40a85b6b198,2017-10-17T04:09:03.000Z,0.00011000499999999999,0x17e5ffd62fac2a0bdad0301fcf958254aa7f3f9c,sell,0x6fff3806bbac52a20e0d79bc538d527f6a22c96b,0x741516a337edfd372638088f23c6231de2b4fed9bb4be377e911739ac9771a77
84,2492.429727610642,0.39876383212042665,0x9b7a8b471ad9a43e36d69ab971c7a03c6f5b5b41,2017-10-17T00:21:15.000Z,0.00015999,0x4964e6b436e602120f702563524fd538b98d649a,buy,0x6fff3806bbac52a20e0d79bc538d527f6a22c96b,0x16892b45bfa09acbc5ecffcb9027998c14a158666e8b4e866211c70850b98957
85,14953.643704516,1.4953643704516,0x0206d6fcc3449a232c227c6cd83967c81015c0f1,2017-10-16T16:09:55.000Z,0.00009999999999999999,0x1451dbe4304a60b5b25b4d98b355effd440417af,sell,0x6fff3806bbac52a20e0d79bc538d527f6a22c96b,0x45a3686661d1105b7de12e465805c4d0308ac567110b7179e35ed06176f263bc
86,0.1854251819359984,0.000018542518193599,0x0206d6fcc3449a232c227c6cd83967c81015c0f1,2017-10-16T15:22:53.000Z,0.00009999999999999546,0x41951225ff2851251f552a409533183bfc91217f,sell,0x6fff3806bbac52a20e0d79bc538d527f6a22c96b,0xeafe93e9dd9fb066126238f383006e64a856f8d685ca0e08ef2b68878f778c2a
87,5472.939181537235,0.4433080737045161,0x5d755ef2efebd5fe534d930f32ed760c78f88d2a,2017-10-16T09:57:08.000Z,0.000081,0x763ecf2de7af41a086662a8357cd26942d673ae7,sell,0x6fff3806bbac52a20e0d79bc538d527f6a22c96b,0x6c7055283f10721d104f88ca56497d1b1963050b06db517187f15119b83768ea
88,508.569,0.06611397,0x5138cefb2893bcf00d7815d13c6bfa0737ee3630,2017-10-16T06:35:22.000Z,0.00013,0x763ecf2de7af41a086662a8357cd26942d673ae7,sell,0x6fff3806bbac52a20e0d79bc538d527f6a22c96b,0xce659c38894428fc7c6797201378ecb9f5cf48babca4c5fc3e0eb5bea117ea8e
89,200.21945967500747,0.02602852975775097,0x5138cefb2893bcf00d7815d13c6bfa0737ee3630,2017-10-15T20:19:02.000Z,0.00013,0x8c8ae389c7577b202ff228c0d28c0d5fbcc97512,sell,0x6fff3806bbac52a20e0d79bc538d527f6a22c96b,0xea848eb1e585990993c578623942e89ae299be550c187b13652f4963a7737a81
90,846.62,0.11006144662,0x264e478eea740f5007023165457a3b511ababd98,2017-10-15T20:13:43.000Z,0.000130001,0x8c8ae389c7577b202ff228c0d28c0d5fbcc97512,sell,0x6fff3806bbac52a20e0d79bc538d527f6a22c96b,0xe06ca1712e86f4806159003c7b0aa335abbdbf908ec059aadf566deaf9506c71
91,425.37950852357693,0.05529976148757352,0x264e478eea740f5007023165457a3b511ababd98,2017-10-15T18:54:40.000Z,0.00013000099999999998,0xe1ce8ee1a4cea025e7dc282c79a62be56edaf468,sell,0x6fff3806bbac52a20e0d79bc538d527f6a22c96b,0xb2e23d9064c50076346c7146a8963acd4aee2624a3da9970780e42b2f8fd8fe4
92,565.605,0.0791847,0x8141c48249b9879dd565bda9a3e7e02b69ceb34d,2017-10-15T18:53:32.000Z,0.00014,0xe1ce8ee1a4cea025e7dc282c79a62be56edaf468,sell,0x6fff3806bbac52a20e0d79bc538d527f6a22c96b,0x8ffb6b21ba7f04b0cb0433fb36afff1aae8dc7fe5a00b6a81cc4666f72a3f8fb
93,2000,0.2602,0x8909e1a4f31fc2214ea6c4a917268b833b00c000,2017-10-15T18:52:31.000Z,0.0001301,0xe1ce8ee1a4cea025e7dc282c79a62be56edaf468,sell,0x6fff3806bbac52a20e0d79bc538d527f6a22c96b,0xe1ffd8bd11cd0ae807ea7a705d4373031c9e8210bb38e3f814382e019cd6b45e
94,533,0.06929,0x264e478eea740f5007023165457a3b511ababd98,2017-10-15T00:13:38.000Z,0.00013,0x28ab166c529db8ff664cdd24b63f07a733e080c3,sell,0x6fff3806bbac52a20e0d79bc538d527f6a22c96b,0x0791342b9334b0d84fb918c16e2cfca0dce8542e4c6d0cd37fdc8c25beaf1daa
95,1844.396,0.23977148,0x8141c48249b9879dd565bda9a3e7e02b69ceb34d,2017-10-15T00:13:19.000Z,0.00013,0x28ab166c529db8ff664cdd24b63f07a733e080c3,sell,0x6fff3806bbac52a20e0d79bc538d527f6a22c96b,0x71be9767b1729759678aa2102078590d219e2f0f1990bf8b6b3e0fa970ef5c67
96,378.76169275246735,0.049239020057820757,0x29b8eca0a380c562a00b7e5d1fbc624e5be736a5,2017-10-14T17:11:24.000Z,0.00013,0x15cac0795e625084e0e8f233151e3223d8e25519,sell,0x6fff3806bbac52a20e0d79bc538d527f6a22c96b,0xec9092e462b879bd6059021a324a26c29610dfe09cd2678e3f544bb1474c8269
97,2729.177,0.38208478,0xa7c66d7e2869f72710c87a4d461a990321359861,2017-10-14T17:05:20.000Z,0.00014,0x15cac0795e625084e0e8f233151e3223d8e25519,sell,0x6fff3806bbac52a20e0d79bc538d527f6a22c96b,0x07eaa40a9a307f84e25c5ed44ceecfc0f8ec3b2751cd48a1991f38ad7e1fbf54
98,1498.205,0.20976368205,0x4964e6b436e602120f702563524fd538b98d649a,2017-10-14T17:02:31.000Z,0.00014001,0x15cac0795e625084e0e8f233151e3223d8e25519,sell,0x6fff3806bbac52a20e0d79bc538d527f6a22c96b,0xfc30e969855fb6507248f8186410704c895f21b0e244c587ea17d257a291f275
99,0.1497004228271521,0.000020959556200029,0x4964e6b436e602120f702563524fd538b98d649a,2017-10-14T14:35:40.000Z,0.00014000999999999624,0xd33047e125a4d7db70b532dee53b4e1f0b9fe457,sell,0x6fff3806bbac52a20e0d79bc538d527f6a22c96b,0x78b4dc6ba15dcbc8101aa33cea29c4f87bc5576cddbf84bb8870049ab4aa066b
100,1501.6449413791624,0.21024530824249654,0x4964e6b436e602120f702563524fd538b98d649a,2017-10-14T14:26:07.000Z,0.00014000999999999998,0xd33047e125a4d7db70b532dee53b4e1f0b9fe457,sell,0x6fff3806bbac52a20e0d79bc538d527f6a22c96b,0x2519636b5fa791d502dcb7cb207f6917079f43d7252a7122a772ce8ae811958f
101,1483.478,0.23735648,0x8141c48249b9879dd565bda9a3e7e02b69ceb34d,2017-10-14T14:14:27.000Z,0.00016,0xd33047e125a4d7db70b532dee53b4e1f0b9fe457,sell,0x6fff3806bbac52a20e0d79bc538d527f6a22c96b,0x0f3c07cfd453727c7d6f526333b9196dfa47f4ab0f969b233dd8b1fa76b8fafb
102,1000,0.15,0xa7c66d7e2869f72710c87a4d461a990321359861,2017-10-14T14:14:27.000Z,0.00015,0xd33047e125a4d7db70b532dee53b4e1f0b9fe457,sell,0x6fff3806bbac52a20e0d79bc538d527f6a22c96b,0x58e462c3c9515b6e9a1b9ce0e2d33f5e61eb5dfa23fe07b89fcd98a35ffc003b
103,1000,0.165,0xa7c66d7e2869f72710c87a4d461a990321359861,2017-10-14T14:05:23.000Z,0.000165,0xd33047e125a4d7db70b532dee53b4e1f0b9fe457,sell,0x6fff3806bbac52a20e0d79bc538d527f6a22c96b,0x7459ee7826b6ca9d801c8ab3ea6e77a2c80ddb1512a3fb5f1fdb66f144702d7b
104,1516.5215782873092,0.2426434525259695,0x8141c48249b9879dd565bda9a3e7e02b69ceb34d,2017-10-13T19:16:07.000Z,0.00015999999999999999,0x1d52dbdceceba6475535afbf3b5f4d4715b6c492,sell,0x6fff3806bbac52a20e0d79bc538d527f6a22c96b,0xa6525b33204807baaaba4a949f2b7fb198653a72ba3d3b25fbbb8bbeca4ef460
105,270.8225321161519,0.03791515449626127,0xa7c66d7e2869f72710c87a4d461a990321359861,2017-10-13T02:20:36.000Z,0.00014,0xc7b8674ecfa7b34b100a994fa55b1bcf1455e9f9,sell,0x6fff3806bbac52a20e0d79bc538d527f6a22c96b,0xe47bbccd0fff0479a6098f7c678de793b56417cbd042a87252e8c8504e828e26
106,674.0105672415511,0.10110158508623268,0xa7c66d7e2869f72710c87a4d461a990321359861,2017-10-13T01:56:53.000Z,0.00015,0xc7b8674ecfa7b34b100a994fa55b1bcf1455e9f9,sell,0x6fff3806bbac52a20e0d79bc538d527f6a22c96b,0x62be22f891341ff9989551348dcb1676a233283894af8d1ff924f6916568edc0
107,1000,0.16,0xa7c66d7e2869f72710c87a4d461a990321359861,2017-10-13T01:56:20.000Z,0.00016,0xc7b8674ecfa7b34b100a994fa55b1bcf1455e9f9,sell,0x6fff3806bbac52a20e0d79bc538d527f6a22c96b,0x2723520559ee6661aeb349ec1d0a2eb7450e56cdec88be88da4bb31f6daaebaf
108,6000,0.99996,0x8141c48249b9879dd565bda9a3e7e02b69ceb34d,2017-10-13T01:51:38.000Z,0.00016666,0xc7b8674ecfa7b34b100a994fa55b1bcf1455e9f9,sell,0x6fff3806bbac52a20e0d79bc538d527f6a22c96b,0x86e01ec597a2820ab148001710bf3ed3809f8182faefe11a61b8cc5165ae8b40
109,8.94965711965323,0.001610947231194701,0xf36990a2cb4d609e0a7d4f3bf884c0342d81fd3d,2017-10-13T01:50:01.000Z,0.000180001,0xc7b8674ecfa7b34b100a994fa55b1bcf1455e9f9,sell,0x6fff3806bbac52a20e0d79bc538d527f6a22c96b,0xd12440049ce7e3b38f84232a715df97c350cf78cc526f5229a8d1ad540084363
110,1019.271,0.183470818542,0x8141c48249b9879dd565bda9a3e7e02b69ceb34d,2017-10-13T01:49:52.000Z,0.000180002,0xc7b8674ecfa7b34b100a994fa55b1bcf1455e9f9,sell,0x6fff3806bbac52a20e0d79bc538d527f6a22c96b,0x2faca3382eb05e6041f3c93e90da1ef05ad23607e901639142a8e648b4f269c7
111,1990,0.35820398,0x8141c48249b9879dd565bda9a3e7e02b69ceb34d,2017-10-12T15:30:50.000Z,0.000180002,0x65919f4824cf41db56c2b4acb6a29b19aaf600a5,sell,0x6fff3806bbac52a20e0d79bc538d527f6a22c96b,0x1321222e950a4222e14b62a969815690f8d6ff3199d12e3e374b492e12d47a3e
112,1000,0.19,0xa7c66d7e2869f72710c87a4d461a990321359861,2017-10-12T15:21:41.000Z,0.00019,0x65919f4824cf41db56c2b4acb6a29b19aaf600a5,sell,0x6fff3806bbac52a20e0d79bc538d527f6a22c96b,0x564b709b082b24798d93c1fdc8a0b5d3bb5b3637515dae8bb721d3a2dafb7d0c
113,2990.7287409032,0.5383371548200578,0x8141c48249b9879dd565bda9a3e7e02b69ceb34d,2017-10-12T08:26:42.000Z,0.000180002,0xa515275623f028898c0a934dab57e4ba0c64d07d,sell,0x6fff3806bbac52a20e0d79bc538d527f6a22c96b,0x3f5627c9baf735be15b97213caa30a9bec621487dc24f2f24934418acd833955
114,0.0324981988593808,0.000005849708292887,0xf36990a2cb4d609e0a7d4f3bf884c0342d81fd3d,2017-10-12T02:04:41.000Z,0.00018000099999998759,0xb7bcaa712fd126d4530b7f187400840167d40e6a,sell,0x6fff3806bbac52a20e0d79bc538d527f6a22c96b,0xd597796225e193ff8cd8bda446cf4b5d2f36506057984723b2c5f0e81ede5ab6
115,325.9894327584488,0.04889841491376732,0xa7c66d7e2869f72710c87a4d461a990321359861,2017-10-12T01:49:21.000Z,0.00015,0xb7bcaa712fd126d4530b7f187400840167d40e6a,sell,0x6fff3806bbac52a20e0d79bc538d527f6a22c96b,0x58964e7a4d50172af3361d3490b5cefe529218e78fc8773b97f91c7946d4b29b
116,1855.6036287508723,0.2412284717376134,0x29b8eca0a380c562a00b7e5d1fbc624e5be736a5,2017-10-11T12:07:59.000Z,0.00013,0x41951225ff2851251f552a409533183bfc91217f,sell,0x6fff3806bbac52a20e0d79bc538d527f6a22c96b,0xb316bc133df96ad8fb63bd61e878dfe1ef653d2d67a8e5260261d92c056324dc
117,5477,0.640809,0x3f1827827dd5cf78bb8c62d3e45d8f921196d325,2017-10-11T11:08:35.000Z,0.000117,0xfd7997b32e69e101e1035d0d7530df1a79edf807,sell,0x6fff3806bbac52a20e0d79bc538d527f6a22c96b,0x268c3bb983e027969877bbe123014e369e7496e4e2cc54b7bfb8169f9875508d
118,2000,0.360004,0x8141c48249b9879dd565bda9a3e7e02b69ceb34d,2017-10-11T10:45:51.000Z,0.000180002,0xfd7997b32e69e101e1035d0d7530df1a79edf807,sell,0x6fff3806bbac52a20e0d79bc538d527f6a22c96b,0x80e1433626e6feaf7b7fff8a7ba5a65262941709791668f900a4f723760c9482
119,500,0.13895,0xdc8d41b76618721fb6504ec5104ff7746d02817c,2017-10-11T04:51:53.000Z,0.0002779,0x25e2ba79c43ca015f1a72d540467430b3305f00a,buy,0x6fff3806bbac52a20e0d79bc538d527f6a22c96b,0xbd4a3e303088ee55487ad316c55d63be5e5dbe8c5853112b2aba81e91a4178ca
120,564,0.10152,0xdc8d41b76618721fb6504ec5104ff7746d02817c,2017-10-10T17:32:30.000Z,0.00018,0xd1a053e96997bc6b36839d612aa8bed27e3de399,buy,0x6fff3806bbac52a20e0d79bc538d527f6a22c96b,0x3b14ee054eead410c78c597c78ab4bf06897906a6499c34f41fe17cb252ab0e6
121,2375,0.223252375,0x264e478eea740f5007023165457a3b511ababd98,2017-10-10T13:32:09.000Z,0.000094001,0xd1a053e96997bc6b36839d612aa8bed27e3de399,sell,0x6fff3806bbac52a20e0d79bc538d527f6a22c96b,0x838fbb48024ba9c8a433139241d5fe04fd1c633d0015094b9a24ef959212b79e
122,1792,0.1791998208,0x264e478eea740f5007023165457a3b511ababd98,2017-10-10T12:45:04.000Z,0.0000999999,0xd1a053e96997bc6b36839d612aa8bed27e3de399,sell,0x6fff3806bbac52a20e0d79bc538d527f6a22c96b,0xf9d41f09a36ce7e2caf4283f8ad5c4f6707ec1cff7eace47424f9d4f12aba26b
123,210,0.378,0x15cc37ffcf262c786f5810407dbc5faecf603a7a,2017-10-10T10:19:30.000Z,0.0018,0xd0d1c35e385677437b308450533ba5120c216214,buy,0x6fff3806bbac52a20e0d79bc538d527f6a22c96b,0x9280889a530ee32d02971008a10345dfa76beb0b02f40f742a720efa170c2d49
124,89.886,0.016341364686,0x5d5065b42bdee0274e394ba9042c21e1818c69cf,2017-10-10T09:51:37.000Z,0.000181801,0x635f87c3af6d6361541bdd1c67100d4616a31b62,sell,0x6fff3806bbac52a20e0d79bc538d527f6a22c96b,0xd0fadec9db5710ace8ab1f3f7f307cb5e40f2a9ac8096fa98053eff851e7259c
125,180,0.324,0x15cc37ffcf262c786f5810407dbc5faecf603a7a,2017-10-10T09:49:31.000Z,0.0018,0xd0d1c35e385677437b308450533ba5120c216214,buy,0x6fff3806bbac52a20e0d79bc538d527f6a22c96b,0xb7be509e629b50999919806e2b0b615c7a431e432b7ce86eac9d70325bcddae6
126,500,0.095,0x8909e1a4f31fc2214ea6c4a917268b833b00c000,2017-10-10T08:34:18.000Z,0.00019,0xd1a053e96997bc6b36839d612aa8bed27e3de399,sell,0x6fff3806bbac52a20e0d79bc538d527f6a22c96b,0xa44a3957764c7946b115f6fd2045195f5979e597ced7e574e3dff13a1fc2ad41
127,715.153,0.119192166189898,0x8141c48249b9879dd565bda9a3e7e02b69ceb34d,2017-10-10T08:09:16.000Z,0.000166666666,0xd1a053e96997bc6b36839d612aa8bed27e3de399,sell,0x6fff3806bbac52a20e0d79bc538d527f6a22c96b,0x00a86712356614adbd7af60497341cb18b210d18db1c7c96971b1bde4ff0bb81
128,1.788891680332888,0.000325222296376199,0x5d5065b42bdee0274e394ba9042c21e1818c69cf,2017-10-10T03:37:40.000Z,0.00018180099999999977,0x3ef3fb3fe601beb98d154f8b0c398acb1fc66a17,sell,0x6fff3806bbac52a20e0d79bc538d527f6a22c96b,0x34761544fbf0b4606643abc9b08a88375923fa839eee321a366ec691b6bca4a0
129,17944.3724454192,2.332768417904496,0x0e64cbca254788df4a8d29e3721d077d91d0d92a,2017-10-10T03:35:45.000Z,0.00013,0x3ef3fb3fe601beb98d154f8b0c398acb1fc66a17,sell,0x6fff3806bbac52a20e0d79bc538d527f6a22c96b,0xd6caa8402c3f6e570a4eb8d51c7e12dd886e05159f13b09b3ea1a651153c7376
130,4797,1.1498409,0x20bb7588604cf8e2edec4e3478fa9e8039a77a2e,2017-10-10T00:33:20.000Z,0.0002397,0x82d9a6d6ed59810c3ca08b1fff8cdd942733a4a9,buy,0x6fff3806bbac52a20e0d79bc538d527f6a22c96b,0xdd4ebfff3e3e3c814523b7bee1d78de7de9fee12ddee1f6e038a708442d914c2
131,222,0.53946,0xd0d1c35e385677437b308450533ba5120c216214,2017-10-09T23:05:30.000Z,0.00243,0x15cc37ffcf262c786f5810407dbc5faecf603a7a,buy,0x6fff3806bbac52a20e0d79bc538d527f6a22c96b,0x54f5ba86dde69b103f2a06a23a09fc810993da5f2b87a1e3929e647708aa2bca
132,75,0.1875,0x15cc37ffcf262c786f5810407dbc5faecf603a7a,2017-10-09T13:59:10.000Z,0.0025,0xd0d1c35e385677437b308450533ba5120c216214,buy,0x6fff3806bbac52a20e0d79bc538d527f6a22c96b,0xd6d1a9d0d958f34b51932199efd2ab8b002d99aebc61f87e155e0de16259cfae
133,1000,0.180002,0x4b0925f7776c00378f9556fcd4b3aaf3efe0013f,2017-10-09T12:48:50.000Z,0.000180002,0x61e9547e8ec64d8a89ccb9bb98afaa6e2d97b2ba,sell,0x6fff3806bbac52a20e0d79bc538d527f6a22c96b,0x0f661cbe115d1c47c9992b5f38672fa6e5454152fb270d1a45aa16e30350d074
134,120,0.324,0x15cc37ffcf262c786f5810407dbc5faecf603a7a,2017-10-09T10:31:14.000Z,0.0027,0xd0d1c35e385677437b308450533ba5120c216214,buy,0x6fff3806bbac52a20e0d79bc538d527f6a22c96b,0xe8e02acbf3a3e1e021e9e5591cc125490f70770b1a066df6d33af88a43d0e62b
135,200,0.51,0xd0d1c35e385677437b308450533ba5120c216214,2017-10-09T09:27:01.000Z,0.00255,0x15cc37ffcf262c786f5810407dbc5faecf603a7a,buy,0x6fff3806bbac52a20e0d79bc538d527f6a22c96b,0x63126e00ed4d8b8a408d6274e6f02e401a3144b52a7580d24fcf0db270985ea8
136,102,0.2652,0x15cc37ffcf262c786f5810407dbc5faecf603a7a,2017-10-09T09:18:50.000Z,0.0026,0xd0d1c35e385677437b308450533ba5120c216214,buy,0x6fff3806bbac52a20e0d79bc538d527f6a22c96b,0xc68adb2414a61962474e6b5e30d7d16765075f0ad363ee4bec2d0c859a821fd3
137,91.01784468148739,0.01638330306051241,0xf36990a2cb4d609e0a7d4f3bf884c0342d81fd3d,2017-10-09T03:32:00.000Z,0.000180001,0x8934211e1de5ac2726a495a1a26db45a692789b7,sell,0x6fff3806bbac52a20e0d79bc538d527f6a22c96b,0x875048df118a7494148aa0943efb5fcbf91b1879210c51226e4bad79d58b065f
138,100,0.0190001,0xf36990a2cb4d609e0a7d4f3bf884c0342d81fd3d,2017-10-09T02:31:16.000Z,0.000190001,0x8934211e1de5ac2726a495a1a26db45a692789b7,sell,0x6fff3806bbac52a20e0d79bc538d527f6a22c96b,0xa383e85edcc7dd7d951d7d13a32127b7f6a56c0b3335c69a300dae8be78b14d8
139,900,0.1710018,0x3e37e3d2e664dff18fded3f653b508652d9e4cc8,2017-10-09T01:36:14.000Z,0.000190002,0x8934211e1de5ac2726a495a1a26db45a692789b7,sell,0x6fff3806bbac52a20e0d79bc538d527f6a22c96b,0x21f5a218816fe32a969a48c4cb66d372123996d40014702247fe2123b3905b66
140,1900,0.38,0x813078b302a6de97ce32e3c7a6bd61e2ffd80eb2,2017-10-09T01:21:53.000Z,0.0002,0x8934211e1de5ac2726a495a1a26db45a692789b7,sell,0x6fff3806bbac52a20e0d79bc538d527f6a22c96b,0x0dfa0570cee3b37498c35cb0057fa76ac30e1b029452b99ccf10ea10df4408a7
141,160,0.408,0xd0d1c35e385677437b308450533ba5120c216214,2017-10-08T21:03:26.000Z,0.00255,0x15cc37ffcf262c786f5810407dbc5faecf603a7a,buy,0x6fff3806bbac52a20e0d79bc538d527f6a22c96b,0x5ca02c5b04d9833e166fb2acab7631676b78e68344c677dfaf864631edeb70fe
142,100,0.25,0x15cc37ffcf262c786f5810407dbc5faecf603a7a,2017-10-08T20:17:20.000Z,0.0025,0xd0d1c35e385677437b308450533ba5120c216214,buy,0x6fff3806bbac52a20e0d79bc538d527f6a22c96b,0x15cb6322605e64aecc8e5f1048d7a34d0e4fdf185059d64c2d9f684c4589569c
143,100,0.25,0x15cc37ffcf262c786f5810407dbc5faecf603a7a,2017-10-08T20:01:19.000Z,0.0025,0xd0d1c35e385677437b308450533ba5120c216214,buy,0x6fff3806bbac52a20e0d79bc538d527f6a22c96b,0x301f326a934bebe436d6a76d3411ada9aad7daa3e7419cc83ce31f184f47b8a9
144,100,0.25,0x15cc37ffcf262c786f5810407dbc5faecf603a7a,2017-10-08T19:47:41.000Z,0.0025,0xd0d1c35e385677437b308450533ba5120c216214,buy,0x6fff3806bbac52a20e0d79bc538d527f6a22c96b,0xfa7f2b802f29f572b92bd63e35010158db657ca53d6de46ef44a3dc0a19aeaa1
145,0.9999999999999964,0.000277999999999999,0x0249924245a19aa2d7f5ddb0739a7132b7d094ab,2017-10-08T19:13:47.000Z,0.000278,0x9d79b4dee7f1e0a0eeaab19a74365230f6158d84,buy,0x6fff3806bbac52a20e0d79bc538d527f6a22c96b,0xd7d413559f6a0aed74447d6ee49c60f2cd1559c957888017db75b6072040a5e8
146,100,0.7,0xd0d1c35e385677437b308450533ba5120c216214,2017-10-08T18:47:17.000Z,0.007,0x15cc37ffcf262c786f5810407dbc5faecf603a7a,buy,0x6fff3806bbac52a20e0d79bc538d527f6a22c96b,0x030dd573bf11ac01cc15d61836071c2b6002be42a1c77a9a1c63a74db44ba4c4
147,100,0.25,0x15cc37ffcf262c786f5810407dbc5faecf603a7a,2017-10-08T18:28:26.000Z,0.0025,0xd0d1c35e385677437b308450533ba5120c216214,buy,0x6fff3806bbac52a20e0d79bc538d527f6a22c96b,0x627766d0386c3bbddc7258e5438864b566ed1f791ecd838dba5ef070c86c6f51
148,100,0.0269999,0x3e37e3d2e664dff18fded3f653b508652d9e4cc8,2017-10-08T14:39:31.000Z,0.000269999,0x9d79b4dee7f1e0a0eeaab19a74365230f6158d84,buy,0x6fff3806bbac52a20e0d79bc538d527f6a22c96b,0x836ef85cf8af8b4da2e783ca84c11810fde838096a88a28fdfc8a437cfbbf312
149,300,0.0499999998,0x8141c48249b9879dd565bda9a3e7e02b69ceb34d,2017-10-08T13:31:42.000Z,0.000166666666,0x9f4f2d2f113a23a32f03b76e331c3632e23c4a18,sell,0x6fff3806bbac52a20e0d79bc538d527f6a22c96b,0xdbd6489aa75277fb8f2a56bd38de9d544a599b8edc0e7330988dceb117304f5d
150,5000,0.8333333333333334,0xa7c66d7e2869f72710c87a4d461a990321359861,2017-10-08T13:25:45.000Z,0.00016666666666666666,0x9f4f2d2f113a23a32f03b76e331c3632e23c4a18,sell,0x6fff3806bbac52a20e0d79bc538d527f6a22c96b,0x7f08cbfd5822c4b79ab0ce737f85827d4f84ca042f5acf5f6842b33d7f1ee68a
151,1000,0.18,0xa7c66d7e2869f72710c87a4d461a990321359861,2017-10-08T13:05:23.000Z,0.00018,0x9f4f2d2f113a23a32f03b76e331c3632e23c4a18,sell,0x6fff3806bbac52a20e0d79bc538d527f6a22c96b,0x3e1df2bbd2e966a9efd2df2f05a3bc67cdaae641d97e2eb5b52e18ba4a4a9f2d
152,1027,0.18486,0xcb8359ffab79eab0bbaf90780213c4871d96d5f8,2017-10-08T13:03:57.000Z,0.00018,0x9f4f2d2f113a23a32f03b76e331c3632e23c4a18,sell,0x6fff3806bbac52a20e0d79bc538d527f6a22c96b,0x9e53917e1d4d74c24853abd77ec02b100b1824a4a642a5eafb13c4df39f680ab
153,7009.271,1.268678051,0x0e64cbca254788df4a8d29e3721d077d91d0d92a,2017-10-08T13:02:20.000Z,0.000181,0x9f4f2d2f113a23a32f03b76e331c3632e23c4a18,sell,0x6fff3806bbac52a20e0d79bc538d527f6a22c96b,0x8b48773bf1da4ea0516cd598f3ab9363c051efd7bff02bc18fb63fb364b160e3
154,2990.7287409032,0.5413219021034792,0x0e64cbca254788df4a8d29e3721d077d91d0d92a,2017-10-08T11:41:03.000Z,0.00018099999999999998,0x447a5acf5b2c315b0c8d9cdf31660f6a06360701,sell,0x6fff3806bbac52a20e0d79bc538d527f6a22c96b,0xcd5a55152194fa9591f2be54fa0d9c399e2ff7f96036ebaa7f2f833998f236df
155,1984.8469743794237,0.330807827740006,0x8141c48249b9879dd565bda9a3e7e02b69ceb34d,2017-10-08T03:27:51.000Z,0.000166666666,0xd33047e125a4d7db70b532dee53b4e1f0b9fe457,sell,0x6fff3806bbac52a20e0d79bc538d527f6a22c96b,0x2c361a97464ec10b02fd6e26d0b7fe6bef13b9e605263d0c9b937e88bee36e7b
156,3000,0.499999998,0x8141c48249b9879dd565bda9a3e7e02b69ceb34d,2017-10-08T02:36:31.000Z,0.000166666666,0xd33047e125a4d7db70b532dee53b4e1f0b9fe457,sell,0x6fff3806bbac52a20e0d79bc538d527f6a22c96b,0xfae058e84c480a055d35794aca78c9d1dff841049c4067be0e38b6f70020b10a
157,3000,0.839997,0x8141c48249b9879dd565bda9a3e7e02b69ceb34d,2017-10-07T22:01:57.000Z,0.000279999,0x447a5acf5b2c315b0c8d9cdf31660f6a06360701,buy,0x6fff3806bbac52a20e0d79bc538d527f6a22c96b,0x0df6ff3388f098cd5f356380389228bb8ed6e8c1f26fc263870b3c5f1fdb9c16
158,1000,0.337,0xe38b59e4b38db027a2e076a870baa620fd76ee5d,2017-10-07T10:07:48.000Z,0.000337,0xd3e28313346b024f0106fee40b47f7870808abb6,sell,0x6fff3806bbac52a20e0d79bc538d527f6a22c96b,0xc7825be603751af7efaec347e24ce3ddd3e524b39fdf5fa4489a102c2eb059f0
159,110.42857142857143,0.03865,0x9542d5ea0317bf04f2bd8c694644713e30880c1b,2017-10-07T10:07:02.000Z,0.00035,0xd3e28313346b024f0106fee40b47f7870808abb6,sell,0x6fff3806bbac52a20e0d79bc538d527f6a22c96b,0x34b759957fc9a008e48d7fd86a14b3c01da53137374a2ff880aab90b4f906434
160,15,0.005055,0x0024a5046fd95c5eee6db19a69ef7ed3bacd50f1,2017-10-07T09:58:09.000Z,0.000337,0xc4982d7c769b2ce6bc09a4753d7906d2b78cf83d,buy,0x6fff3806bbac52a20e0d79bc538d527f6a22c96b,0x3f744d65b54acbd6a8c224ac6351fe220b79f3799ef55c86cff88c0f76455463
161,3,0.001011,0xbf52f67f8524587d6a7ab1f1f8d092c635b9587f,2017-10-07T07:50:58.000Z,0.000337,0xc4982d7c769b2ce6bc09a4753d7906d2b78cf83d,buy,0x6fff3806bbac52a20e0d79bc538d527f6a22c96b,0x944c1794f560325664f32d285f1f6e97f3eb85bedce60775cf7fef47ee79333e
162,900,0.3033,0x4b0925f7776c00378f9556fcd4b3aaf3efe0013f,2017-10-07T06:36:52.000Z,0.000337,0xc4982d7c769b2ce6bc09a4753d7906d2b78cf83d,buy,0x6fff3806bbac52a20e0d79bc538d527f6a22c96b,0x3993106456ae0a230907dfeb04926022aab8759463868fce590fbe8d82e73833
163,100,0.0337,0x4b0925f7776c00378f9556fcd4b3aaf3efe0013f,2017-10-07T06:28:35.000Z,0.000337,0xc4982d7c769b2ce6bc09a4753d7906d2b78cf83d,buy,0x6fff3806bbac52a20e0d79bc538d527f6a22c96b,0xe10c6759accd2a46be09a80ca1918f17c5143f52431f7fb0ab00956e2de6d53c
164,1716.0148402333393,0.5782970011586354,0xdc8d41b76618721fb6504ec5104ff7746d02817c,2017-10-07T06:10:37.000Z,0.000337,0xc4982d7c769b2ce6bc09a4753d7906d2b78cf83d,buy,0x6fff3806bbac52a20e0d79bc538d527f6a22c96b,0xb097259a71458f21cad50f7c0903dc30af9294146bd3f8094829228ff476d110
165,2662.36979902362,0.89721862227096,0xdc8d41b76618721fb6504ec5104ff7746d02817c,2017-10-07T05:58:42.000Z,0.000337,0xc4982d7c769b2ce6bc09a4753d7906d2b78cf83d,buy,0x6fff3806bbac52a20e0d79bc538d527f6a22c96b,0x829b7b12b92221a10a948bc8fe25026b5804f18215ea46bd486262cb96f9e805
166,4230.304178800009,1.4256125082556033,0x403a0902d22f9758df435a74921d3d7edb14d494,2017-10-07T03:07:48.000Z,0.000337,0xc4982d7c769b2ce6bc09a4753d7906d2b78cf83d,buy,0x6fff3806bbac52a20e0d79bc538d527f6a22c96b,0x435e31f09c88bcb6809ce36b8d3d51a3bc31278d9d8b647e199ece0ecafd0828
167,10,0.028,0x15cc37ffcf262c786f5810407dbc5faecf603a7a,2017-10-04T19:03:06.000Z,0.0028,0xd0d1c35e385677437b308450533ba5120c216214,buy,0x6fff3806bbac52a20e0d79bc538d527f6a22c96b,0x07696a26f521fca7a1a123a17e4cc2f2b6e56e96bbd34b7f20407a5d8055a6d8
168,50,0.3,0x15cc37ffcf262c786f5810407dbc5faecf603a7a,2017-10-04T13:06:42.000Z,0.006,0xd0d1c35e385677437b308450533ba5120c216214,sell,0x6fff3806bbac52a20e0d79bc538d527f6a22c96b,0x5192aceb57810417a830691b6f5ef6d8c9d05aef539d276d4ba97930c17d3f26
