,amount,amountBase,buyer,date,price,seller,side,tokenAddr,txHash
0,0.6780778156605519,0.000162874291321664,0xdef0083fea701af025c19bdf0d328d5a44eac384,2017-11-02T10:10:08.000Z,0.00024019999999999917,0x8af55e3395b878d7e02971fb35f6f214a97c83e4,sell,0x65292eeadf1426cd2df1c4793a3d7519f253913b,0xd72c1c6cdbc433ca77f26850bfc2e347c4da243592e00b4fccbcf1b8bbdf62ae
1,79.32404745289602,0.019100437386182834,0x3efd9b0bd8e4595bc494539aca584821950106ee,2017-11-02T09:31:23.000Z,0.00024078999999999998,0xbac830c91cc65113e64c1e6394e8206e466b34d6,sell,0x65292eeadf1426cd2df1c4793a3d7519f253913b,0xff495acc10ed0106d6268b93243b98f3df5105522fb7b90ff07e8fe400b32cc7
2,138.016,0.035470112,0xe0775a00891e3f5896ab55811fbc2132c7cdb842,2017-11-02T09:29:44.000Z,0.000257,0xbac830c91cc65113e64c1e6394e8206e466b34d6,sell,0x65292eeadf1426cd2df1c4793a3d7519f253913b,0xf9d51ba2a21a7df0ab48d13c6518f978e1b420da0692a1ae78947c5e1f9c60d5
3,250,0.0644005,0x4be7bced82b314ad60dc69274a75757e7d5d93a3,2017-11-02T09:28:08.000Z,0.000257602,0xbac830c91cc65113e64c1e6394e8206e466b34d6,sell,0x65292eeadf1426cd2df1c4793a3d7519f253913b,0x95bc1ef84a318adeef65d5ab0dc07ae11e1108e969c25fcb5afed23b2c65318d
4,1.852537977028529,0.0005,0x4fda9e6bcd83af6c5cc771b5d20accc2b7720074,2017-11-02T09:00:42.000Z,0.0002699,0x492842125e4c3a7d10cda0e0291ea22788e4ad60,buy,0x65292eeadf1426cd2df1c4793a3d7519f253913b,0x3a8994d79f848a6846b7b6d65f882de836fe737f85de6cf7e6f4ee0d4e028ecd
5,1.852537977028529,0.0005,0x3075f7f189912f4f425dd7021b9c396434197477,2017-11-02T08:59:55.000Z,0.0002699,0x492842125e4c3a7d10cda0e0291ea22788e4ad60,buy,0x65292eeadf1426cd2df1c4793a3d7519f253913b,0xb03dfd2019b25ffbb72d94f2d0bae24c43e13153f114cb482d7403f4c99c5455
6,786.0779207619048,0.2063454542,0x9e13b2837c544694db97ad73445182ded131d2ad,2017-11-02T08:06:45.000Z,0.0002625,0x1761ac93c035dc0f5de7c557ee609c461c7d6a38,sell,0x65292eeadf1426cd2df1c4793a3d7519f253913b,0x61fd5059b7280a58bf8f1c90e5342f5ac7d470b03d51d06e6cbdf0fd67215e7b
7,10000,2.51,0xdef0083fea701af025c19bdf0d328d5a44eac384,2017-11-02T07:26:08.000Z,0.000251,0x9733ae7ececa99c8b1db998a7e8e37bcb3f68ae2,sell,0x65292eeadf1426cd2df1c4793a3d7519f253913b,0x2cdaa72042e9b36f744bada29498c0f0c1488638305a77711a96bd86e50b8375
8,1200,0.309324,0xdef0083fea701af025c19bdf0d328d5a44eac384,2017-11-02T07:17:45.000Z,0.00025777,0x9733ae7ececa99c8b1db998a7e8e37bcb3f68ae2,sell,0x65292eeadf1426cd2df1c4793a3d7519f253913b,0x228846546eeb8f92f402ab557ea4c755d437184749b11480447352158fe018d7
9,3606.797,0.929114513997,0x308ec9a0f5612535c9a9532b310108d01268d395,2017-11-02T07:16:52.000Z,0.000257601,0x9733ae7ececa99c8b1db998a7e8e37bcb3f68ae2,sell,0x65292eeadf1426cd2df1c4793a3d7519f253913b,0x90c0fa711594d778077e8e775b915a6cc1769bf51a2717416e519c519faa648f
10,2250,0.579825,0x492842125e4c3a7d10cda0e0291ea22788e4ad60,2017-11-02T07:16:52.000Z,0.0002577,0x9733ae7ececa99c8b1db998a7e8e37bcb3f68ae2,sell,0x65292eeadf1426cd2df1c4793a3d7519f253913b,0x6d071a1114397577ee799c50b157d0af3a112ebf13c86d8f58c4f077a60c9a6f
11,4000,1.03042,0x13c3fd153e23ded7477e0817ad4d5754e2d67649,2017-11-02T07:16:31.000Z,0.000257605,0x9733ae7ececa99c8b1db998a7e8e37bcb3f68ae2,sell,0x65292eeadf1426cd2df1c4793a3d7519f253913b,0x944c3e3e1d5368028441e2cc544a402b6bd573b9bb5b18ec629c11a29e132596
12,4800,1.237296,0xdef0083fea701af025c19bdf0d328d5a44eac384,2017-11-02T07:01:15.000Z,0.00025777,0x01c05bf83d6fa609939821ab2b2d9267bd2f2273,sell,0x65292eeadf1426cd2df1c4793a3d7519f253913b,0xa703a2c0abdac5f0d0cf92d3177f1dd1bf39d602ac37c241770c6b5725122912
13,48,0.013536,0xdef0083fea701af025c19bdf0d328d5a44eac384,2017-11-02T06:44:53.000Z,0.000282,0x6eb25cd876944ec8352acfa35d7d94b5569b14d8,buy,0x65292eeadf1426cd2df1c4793a3d7519f253913b,0x6207c06505f92e2bc3541c82fa6ff76746a315ce8a5486a479f11d0f865998cc
14,10000,2.57,0xdef0083fea701af025c19bdf0d328d5a44eac384,2017-11-02T06:02:28.000Z,0.000257,0x9733ae7ececa99c8b1db998a7e8e37bcb3f68ae2,sell,0x65292eeadf1426cd2df1c4793a3d7519f253913b,0xb1d5c9c0a8db94a34c4d14ebe95616b86c3595c910a32ab708cf374ee35e4e86
15,40000,10.304,0xdef0083fea701af025c19bdf0d328d5a44eac384,2017-11-02T06:01:00.000Z,0.0002576,0x9733ae7ececa99c8b1db998a7e8e37bcb3f68ae2,sell,0x65292eeadf1426cd2df1c4793a3d7519f253913b,0xc07d4bde863551f5f4d86d5568ee4cfd9db942dc6ac1597587542c23b008b719
16,20000,5.14,0xdef0083fea701af025c19bdf0d328d5a44eac384,2017-11-02T06:00:12.000Z,0.000257,0x9733ae7ececa99c8b1db998a7e8e37bcb3f68ae2,sell,0x65292eeadf1426cd2df1c4793a3d7519f253913b,0xf20f331930c00a8012f2b0b99ccf0bb2da320db2acb24f4c4ccf776f5e331dc1
17,10000,2.5601,0xdef0083fea701af025c19bdf0d328d5a44eac384,2017-11-02T06:00:12.000Z,0.00025601,0x9733ae7ececa99c8b1db998a7e8e37bcb3f68ae2,sell,0x65292eeadf1426cd2df1c4793a3d7519f253913b,0x127db5643d5a097ce572fb22e5f230222f42a836c24ab0225d6c8d62bff7a300
18,10000,2.575,0x057ed433468485ed84c1e61a212b93bbfbb5cef9,2017-11-02T06:00:12.000Z,0.0002575,0x9733ae7ececa99c8b1db998a7e8e37bcb3f68ae2,sell,0x65292eeadf1426cd2df1c4793a3d7519f253913b,0x28d6704296b6c9cc54eff5e26f6d56fd91dc41527dee03aa05c762c47e8cc60c
19,17000,4.37852,0x0f5ef870283ca2d11b0a8c52cab654585b9b60d7,2017-11-02T05:58:08.000Z,0.00025756,0x9733ae7ececa99c8b1db998a7e8e37bcb3f68ae2,sell,0x65292eeadf1426cd2df1c4793a3d7519f253913b,0x464678d5aca9c26c7ece90367b665b26256e6b9b47a0c47dfb5abc553ac80196
20,27659.43082155279,7.125069379631998,0xbeafd36577f57717257aa13202980be1670dbeed,2017-11-02T05:58:08.000Z,0.0002576,0x9733ae7ececa99c8b1db998a7e8e37bcb3f68ae2,sell,0x65292eeadf1426cd2df1c4793a3d7519f253913b,0xd51f7797b94aa5776b97a1878e2da65112ce02d64e50b40e0fb09d4b734f3845
21,12491.404,3.2802426904,0xdef0083fea701af025c19bdf0d328d5a44eac384,2017-11-02T05:57:04.000Z,0.0002626,0x9733ae7ececa99c8b1db998a7e8e37bcb3f68ae2,sell,0x65292eeadf1426cd2df1c4793a3d7519f253913b,0x3f574e19a3bf0b049bd6908af9464ec1861eb4d9501a684525c1ae60dd6e1e59
22,99.69095803010667,0.02617884557870601,0xdef0083fea701af025c19bdf0d328d5a44eac384,2017-11-02T05:53:10.000Z,0.0002626,0xe62b49dd208f7c0f0be52be7667c8a92d5ce7cc2,sell,0x65292eeadf1426cd2df1c4793a3d7519f253913b,0xefe1a62ab1f86ddfe5a84a1efeadc7fed6b81b3e673c4227ab3102fb2d3af9b8
23,598.14574818064,0.15707307347223606,0xdef0083fea701af025c19bdf0d328d5a44eac384,2017-11-02T05:45:09.000Z,0.0002626,0xaeb9135c6ca07d773a96280e2351f913ae626ce6,sell,0x65292eeadf1426cd2df1c4793a3d7519f253913b,0x66edd59249c52633401f47bb1811556c60f70c25ff18ff7510c6d8c130e46748
24,6560.202681684307,1.6899147710045592,0x308ec9a0f5612535c9a9532b310108d01268d395,2017-11-02T05:38:27.000Z,0.000257601,0x28fc50a4088f19e18ec8272f5a3fcd035bc2cbe5,sell,0x65292eeadf1426cd2df1c4793a3d7519f253913b,0x77548c31637a333c7cd471952d61f24a806cdf59a51cd327e9eb387d69ffb155
25,2000,0.5251,0x07af7e740936a86cd6a1037dfa013f7df9858e4a,2017-11-02T05:33:38.000Z,0.00026255,0x28fc50a4088f19e18ec8272f5a3fcd035bc2cbe5,sell,0x65292eeadf1426cd2df1c4793a3d7519f253913b,0xf8b26d384b1c5b87726636fd9abf89b20fd579555db17276daefcba099630edb
26,2859.81,0.750700125,0xe64a8bc0caea2908afec497613efffe365535ef2,2017-11-02T05:33:38.000Z,0.0002625,0x28fc50a4088f19e18ec8272f5a3fcd035bc2cbe5,sell,0x65292eeadf1426cd2df1c4793a3d7519f253913b,0x34173c490af91878a54ba739500f5b72a4f00e611cc51536070c0ff017dab85b
27,500,0.13,0xe616b0a17a5dbffbd053ea1a21d5061a8e757622,2017-11-02T05:33:38.000Z,0.00026,0x28fc50a4088f19e18ec8272f5a3fcd035bc2cbe5,sell,0x65292eeadf1426cd2df1c4793a3d7519f253913b,0x98e730764ceab020ebf09a65fa6dd81717f9f30c9d852c46f7dcd58fcab3999b
28,25.527947016867103,0.006701086091927613,0x9e13b2837c544694db97ad73445182ded131d2ad,2017-11-02T05:33:38.000Z,0.0002625,0x28fc50a4088f19e18ec8272f5a3fcd035bc2cbe5,sell,0x65292eeadf1426cd2df1c4793a3d7519f253913b,0xd9ec2770f33192e5e461fb38f1e3417bae3a322b3d5301248e066df41335ab62
29,83.187,0.021878181,0x6e1f291b9358214d1c2e12f266e1e15775bd12bc,2017-11-02T05:30:14.000Z,0.000263,0x28fc50a4088f19e18ec8272f5a3fcd035bc2cbe5,sell,0x65292eeadf1426cd2df1c4793a3d7519f253913b,0x4c4b9cf36726557b8f1a0c3aa6486fa3777ef060b0b403b912540cc02c7523ae
30,1894.1282577534719,0.4972086676602864,0xe64a8bc0caea2908afec497613efffe365535ef2,2017-11-02T04:54:18.000Z,0.0002625,0x3efd9b0bd8e4595bc494539aca584821950106ee,sell,0x65292eeadf1426cd2df1c4793a3d7519f253913b,0xfa696a6a66fb50bd6a8354796600d319f6a1225cae62a685ebfa3bb2b5d73560
31,8654.088251785492,2.2716981660936915,0xe64a8bc0caea2908afec497613efffe365535ef2,2017-11-02T04:32:32.000Z,0.0002625,0x611a416c156e6465bba1562166f83f54d66c6a0d,sell,0x65292eeadf1426cd2df1c4793a3d7519f253913b,0xf72c9b3019099e5773a839dcb991b5b95af89ba4e96d59fc8ae17d3327e77c49
32,1591.9734241725268,0.4178930238452883,0xe64a8bc0caea2908afec497613efffe365535ef2,2017-11-02T03:35:55.000Z,0.0002625,0x308ec9a0f5612535c9a9532b310108d01268d395,sell,0x65292eeadf1426cd2df1c4793a3d7519f253913b,0x7d79069ac0fe89ae77cf0937e419893d7dbb1a03f6d6b1910651ee450be2fb44
33,6810.759,1.7885053134,0xdef0083fea701af025c19bdf0d328d5a44eac384,2017-11-02T03:34:40.000Z,0.0002626,0x308ec9a0f5612535c9a9532b310108d01268d395,sell,0x65292eeadf1426cd2df1c4793a3d7519f253913b,0xc78b604688d09581e661582a08d09dd004ebc2c1ba6c5b08b6e9ad2ff484e51f
34,48,0.01296,0x6eb25cd876944ec8352acfa35d7d94b5569b14d8,2017-11-02T03:34:40.000Z,0.00027,0x308ec9a0f5612535c9a9532b310108d01268d395,sell,0x65292eeadf1426cd2df1c4793a3d7519f253913b,0x42d311d5360af28df82829a20442da717078629e92ea1bf9190cefbc35b33b9e
35,1520,0.39976,0x4c1cf5314ab59c618808860735e0e8a54f159e22,2017-11-02T03:34:40.000Z,0.000263,0x308ec9a0f5612535c9a9532b310108d01268d395,sell,0x65292eeadf1426cd2df1c4793a3d7519f253913b,0xafb22e97b4c445986b310c848c3e33730ebcb46d92f2588b0d88097c76e39000
36,642.6577609410826,0.17994417306350313,0x6d1a9aefe5aaddcd90284333109e14ef6d3c79bc,2017-11-01T23:39:01.000Z,0.00028,0x9733ae7ececa99c8b1db998a7e8e37bcb3f68ae2,sell,0x65292eeadf1426cd2df1c4793a3d7519f253913b,0x03fb56f2f53641c3742a4fee2b4140171150831e45a05a6433acce78aec0c7fb
37,857.3422390589174,0.24005582693649685,0x6d1a9aefe5aaddcd90284333109e14ef6d3c79bc,2017-11-01T23:25:32.000Z,0.00028,0xd6ad47611a81d12f64d9f5d5f3016932d9ec6764,sell,0x65292eeadf1426cd2df1c4793a3d7519f253913b,0x336ba8d400e672f47d706e05c648e2526feaf7add67c42ddb218607359cdd235
38,18259.256305453095,4.703620942797328,0x8af55e3395b878d7e02971fb35f6f214a97c83e4,2017-11-01T22:48:25.000Z,0.000257602,0x1a5225e1b58836f1e853f27bda4f6568112deabf,sell,0x65292eeadf1426cd2df1c4793a3d7519f253913b,0x86c5bbcd7225f1b120d2016e8300bc1c80f1deff522f663364955ccf951f7b89
39,20000,5.153,0x8af55e3395b878d7e02971fb35f6f214a97c83e4,2017-11-01T22:46:12.000Z,0.00025765,0x1a5225e1b58836f1e853f27bda4f6568112deabf,sell,0x65292eeadf1426cd2df1c4793a3d7519f253913b,0x2f7086a7e5585bd97c5139763690c2b552ee33e646882f6621200c9e3815d846
40,1380,0.371358,0x99bc37ffa8c3b9e6f4792abf009cc294b34947bc,2017-11-01T22:42:13.000Z,0.0002691,0x1a5225e1b58836f1e853f27bda4f6568112deabf,sell,0x65292eeadf1426cd2df1c4793a3d7519f253913b,0x1d97d69129bf9788848c9c14cf4a387ba0646cac1e1b19ff96e887d4947dfea1
41,80000,20.612,0x8af55e3395b878d7e02971fb35f6f214a97c83e4,2017-11-01T22:42:13.000Z,0.00025765,0x1a5225e1b58836f1e853f27bda4f6568112deabf,sell,0x65292eeadf1426cd2df1c4793a3d7519f253913b,0xaed1f5a3db62019537296659e40653c1352a2c6629972828b449fdfa25fa58f2
42,4575.856388596631,1.2263295121438973,0x8af55e3395b878d7e02971fb35f6f214a97c83e4,2017-11-01T22:24:10.000Z,0.000268,0xdb7c7c7f6ce956c5a6c8e0fbbc9b3ca71b9a8c17,sell,0x65292eeadf1426cd2df1c4793a3d7519f253913b,0xb9bf8705fbcaf89cfd04bd152a31657d4ab0cf0f6e96a13260e896c300243768
43,2100,0.5691,0x15c27bf733a28206832cace0e99d64d16159f64e,2017-11-01T21:44:47.000Z,0.000271,0xdb7c7c7f6ce956c5a6c8e0fbbc9b3ca71b9a8c17,sell,0x65292eeadf1426cd2df1c4793a3d7519f253913b,0x3b5cac5c382c7d01792b831ae6043bd1d19c07ec9fe28f0d0872664ec33e53b1
44,345,0.093533295,0x8a7cc55030cab83199b8ef6e9847ef3b98421b4a,2017-11-01T21:43:48.000Z,0.000271111,0xdb7c7c7f6ce956c5a6c8e0fbbc9b3ca71b9a8c17,sell,0x65292eeadf1426cd2df1c4793a3d7519f253913b,0x9c371c2b1ecce286b553ef9a7ddfc04fe8c238c6cb7fbef04e3224f6d8309bef
45,500,0.1365,0xeb1b89e6143fdb9976c047ec7d843a84e4c89d4b,2017-11-01T21:43:39.000Z,0.000273,0xdb7c7c7f6ce956c5a6c8e0fbbc9b3ca71b9a8c17,sell,0x65292eeadf1426cd2df1c4793a3d7519f253913b,0x72549ce01e67fa4d7d9cb76d6bb77a68a266217fb883f5dca5ea81bcf76458f5
46,500,0.1365,0xeb1b89e6143fdb9976c047ec7d843a84e4c89d4b,2017-11-01T21:42:28.000Z,0.000273,0x1c39c4a38ced25b4cf306d0ebfbd1fdd7d33d917,sell,0x65292eeadf1426cd2df1c4793a3d7519f253913b,0xaf5a88b014126cdc458c0df0e770038af735e9835643310b6e3d57e8f6c367ed
47,8449.916558316932,2.2645776376289377,0x8af55e3395b878d7e02971fb35f6f214a97c83e4,2017-11-01T21:40:04.000Z,0.000268,0x06985e1387b6184fa1be1c9dc3713f40dd2733dd,sell,0x65292eeadf1426cd2df1c4793a3d7519f253913b,0x041da98d25acdf2f4915fe57f44c85df8b1598cc12363e1c1af8cf183729e1eb
48,20000,5.36002,0xed7f4d43a68a1353004159aa48fcf79e23b5b75f,2017-11-01T21:38:23.000Z,0.000268001,0x06985e1387b6184fa1be1c9dc3713f40dd2733dd,sell,0x65292eeadf1426cd2df1c4793a3d7519f253913b,0x304bf65d516dac78d088103bc25f80b1956794a18f085f0eafef7375f4975036
49,20000,5.42202,0xed7f4d43a68a1353004159aa48fcf79e23b5b75f,2017-11-01T21:36:46.000Z,0.000271101,0x06985e1387b6184fa1be1c9dc3713f40dd2733dd,sell,0x65292eeadf1426cd2df1c4793a3d7519f253913b,0x0295ff98a73014c010482e21b3a999c58e4c4a8759bc4e6645e653c071db0096
50,16916,4.586130592,0x0d4f9e1211e77218b0b6a877961ce69ebdf5a27d,2017-11-01T21:34:38.000Z,0.000271112,0x06985e1387b6184fa1be1c9dc3713f40dd2733dd,sell,0x65292eeadf1426cd2df1c4793a3d7519f253913b,0x302d27f4c0599c18937943bcf452d7af2d6681c0e95641448687caa79da03154
51,60,0.017877456,0xe28541fcbfc65e99c49fae3588043448dd791179,2017-11-01T19:09:05.000Z,0.0002979576,0xb21cc737227e04b4a36d12c0e9a455dd2d4a07f1,buy,0x65292eeadf1426cd2df1c4793a3d7519f253913b,0xfde0fd3edb1073f1cdf8915bbc0b1c2e8d116670372b5431d1626364a92bf6fb
52,1000,0.286,0x8056c25eaa73ea6fbfe931aa2e4354cce455e532,2017-11-01T18:54:09.000Z,0.000286,0x09e396aca9535fffc68c72f880ab36e252b73a43,sell,0x65292eeadf1426cd2df1c4793a3d7519f253913b,0xfedc5ef0b5bcafc4d3d471fe1c05cdcf25f0e0539e18be9a55ec39a7a8f7ea3e
53,100,0.0286,0xd4504ceded844c0bbdf74de176edbe357995be7d,2017-11-01T18:51:53.000Z,0.000286,0xce273629c61fa936e939f2bc33602850c58a7a8a,buy,0x65292eeadf1426cd2df1c4793a3d7519f253913b,0xb1c9f0f858eef6cf283ccd4d1ead533da73b5dbf1cc04c7d032b192d2bae2134
54,760,0.2173524,0x3e43b4e95d6e2c8bff378b6726ec513edaf42549,2017-11-01T18:35:30.000Z,0.00028599,0xc4ce7d6b8b01d1ce6aec1e5295aa5c91d8f420fb,buy,0x65292eeadf1426cd2df1c4793a3d7519f253913b,0x500feb37d652043c8a4ad81ec9d174c1ba7166a8c792e7fdee98e39bf344116f
55,37200,10.4532,0x9733ae7ececa99c8b1db998a7e8e37bcb3f68ae2,2017-11-01T18:01:59.000Z,0.000281,0x50cd198c98e9cd93ccd3643ebfca61593f8a6e7e,buy,0x65292eeadf1426cd2df1c4793a3d7519f253913b,0xa6ccae43c00aa977dc663b84741c6297261b8a9894676892f7f14eab938f3153
56,10000,2.80999,0x9733ae7ececa99c8b1db998a7e8e37bcb3f68ae2,2017-11-01T18:01:45.000Z,0.000280999,0xed7f4d43a68a1353004159aa48fcf79e23b5b75f,buy,0x65292eeadf1426cd2df1c4793a3d7519f253913b,0xbb4f7f5906b282e408fcb75abb93b06ac24b14fb06a904bf58092dcea824f55c
57,1445.3,0.4061278547,0x9733ae7ececa99c8b1db998a7e8e37bcb3f68ae2,2017-11-01T17:36:55.000Z,0.000280999,0x3b07174592fba512424ffdd73b06c1889e194526,buy,0x65292eeadf1426cd2df1c4793a3d7519f253913b,0xc9643267a6f1e09bad245818c80b2a551f521145d2d10b0f7b2103724ce84bda
58,29586.257902430945,8.313738470583095,0x9733ae7ececa99c8b1db998a7e8e37bcb3f68ae2,2017-11-01T17:33:40.000Z,0.000281,0x1eaa18a0e964d346f2b5182be3f97d7aab5145b9,buy,0x65292eeadf1426cd2df1c4793a3d7519f253913b,0x098089a4899843589033ae6c6f3b42c76aaf4fd10306d4686047b17a3dbac15c
59,303.7423843735665,0.08535161000897219,0x644015a13b07eacd5c8b4b185f8b1902371e3922,2017-11-01T16:10:32.000Z,0.000281,0x1eaa18a0e964d346f2b5182be3f97d7aab5145b9,buy,0x65292eeadf1426cd2df1c4793a3d7519f253913b,0xbc440c1370f6a2ba1e144451186956d8c6face13becef93bf718feb3ab2972ed
60,7400,2.0054,0x9733ae7ececa99c8b1db998a7e8e37bcb3f68ae2,2017-11-01T15:53:12.000Z,0.000271,0xc81984a2d2cf61763f457f345ecfb1f7222be004,buy,0x65292eeadf1426cd2df1c4793a3d7519f253913b,0x35ab8cc01956de85b2b1398c4ce99edc4174466959ab1f1328912c4d5b4da545
61,7.558831393038965,0.001982001179568746,0x308ec9a0f5612535c9a9532b310108d01268d395,2017-11-01T15:30:43.000Z,0.00026220999999999986,0x8af55e3395b878d7e02971fb35f6f214a97c83e4,sell,0x65292eeadf1426cd2df1c4793a3d7519f253913b,0xc98d07a70ccaef3712306424b4ab8f95c17f338d4eb5533475bd5b2a56402247
62,50,0.01375,0xea2996b9e0375f0251563bf581ac75a93380494b,2017-11-01T15:27:11.000Z,0.000275,0x8af55e3395b878d7e02971fb35f6f214a97c83e4,sell,0x65292eeadf1426cd2df1c4793a3d7519f253913b,0x7862f7e2df10d61c10d19d3d899d04bf04be33f9a42fba7f5a615e8e1c0a6ff3
63,22427.14847831571,5.988048643710295,0x8af55e3395b878d7e02971fb35f6f214a97c83e4,2017-11-01T15:25:54.000Z,0.000267,0xe66f896b2de35f2185005b3d8faced215825bab6,sell,0x65292eeadf1426cd2df1c4793a3d7519f253913b,0x0f7c4c7334c5a17cdb01829905cbc6a10cf2f3764b74820e37b5582b3ebdb39b
64,732.79,0.20078446,0x9733ae7ececa99c8b1db998a7e8e37bcb3f68ae2,2017-11-01T15:25:13.000Z,0.000274,0x5933ec2852dc662a5df3ba42744a8472e17c7866,buy,0x65292eeadf1426cd2df1c4793a3d7519f253913b,0xe8ccfdf451f2e10155ea169e42500d8734915fac24713692fd6812c18bc2a610
65,19910,5.51507,0x9733ae7ececa99c8b1db998a7e8e37bcb3f68ae2,2017-11-01T15:24:36.000Z,0.000277,0xc4ce7d6b8b01d1ce6aec1e5295aa5c91d8f420fb,buy,0x65292eeadf1426cd2df1c4793a3d7519f253913b,0x9110d68df5cce7b5c620df3dca72406b4f0d6f5e6c8089c8500b0ba6cd1d7485
66,10000,2.755,0x9733ae7ececa99c8b1db998a7e8e37bcb3f68ae2,2017-11-01T15:24:14.000Z,0.0002755,0xc4ce7d6b8b01d1ce6aec1e5295aa5c91d8f420fb,buy,0x65292eeadf1426cd2df1c4793a3d7519f253913b,0xd6894c9ee1ccb13184d835246b37e9418d05a5ccc599fbb01ccba8e6458ebc88
67,732.7905255366395,0.198,0x5933ec2852dc662a5df3ba42744a8472e17c7866,2017-11-01T12:55:28.000Z,0.0002702,0x7cd85fe12c0d6986b5b46be36b2a05987b291869,sell,0x65292eeadf1426cd2df1c4793a3d7519f253913b,0x0d5aa6cabb777a336c6d870a6c1edd0324387e8274888555af685265453b4149
68,50,0.014,0xea2996b9e0375f0251563bf581ac75a93380494b,2017-11-01T12:35:03.000Z,0.00028,0x7cd85fe12c0d6986b5b46be36b2a05987b291869,sell,0x65292eeadf1426cd2df1c4793a3d7519f253913b,0xeb50fc6cd32ba0c175cb1f917dcba18e96d36ca939480a343316b7c0bc50abc1
69,100,0.0275,0xd4504ceded844c0bbdf74de176edbe357995be7d,2017-11-01T12:33:54.000Z,0.000275,0x1eaa18a0e964d346f2b5182be3f97d7aab5145b9,buy,0x65292eeadf1426cd2df1c4793a3d7519f253913b,0x0023684f4e4ba19f799c871a6e22a6e601cab9da7792b77e5b566b6a024c5a42
70,997.0586546322359,0.2592352502043813,0x1761ac93c035dc0f5de7c557ee609c461c7d6a38,2017-11-01T12:22:34.000Z,0.00026,0x11436e5de95bd057e01e89188de78f3d18c9b37e,sell,0x65292eeadf1426cd2df1c4793a3d7519f253913b,0x6f616697186512cf5c13269cb643b0a95ea3a7b1a0e20a38790a319adaae937c
71,90,0.02493,0x4ce32597fbe8a4097193f8a1e12befd3c51043ff,2017-11-01T12:13:08.000Z,0.000277,0xc4ce7d6b8b01d1ce6aec1e5295aa5c91d8f420fb,buy,0x65292eeadf1426cd2df1c4793a3d7519f253913b,0xaf552f8b3cfbec6688c1b0b20f51ff3a9d3df978e301d6f9c38aa2337e2be882
72,1000,0.2597,0xef6274bb851c1f56f699d4a4b167a4764599095d,2017-11-01T11:53:54.000Z,0.0002597,0x3da4ebcffab7a579feffbac8a2a6e27d9e23f0d5,sell,0x65292eeadf1426cd2df1c4793a3d7519f253913b,0x8c3ababb64f76201eacfd2e672e3a8fa5bd7c208dc225c8c3b836630c64caafe
73,10,0.00278,0x1bf546e7e42ebc76c270f84dc9f5f3e2e8e7276d,2017-11-01T11:09:31.000Z,0.000278,0x1eaa18a0e964d346f2b5182be3f97d7aab5145b9,buy,0x65292eeadf1426cd2df1c4793a3d7519f253913b,0xd56b301a672e61826ea699fe726446de0ddd15e4d2dad144d27baeedc24771ab
74,50567.9280113265,13.001469403064144,0x9733ae7ececa99c8b1db998a7e8e37bcb3f68ae2,2017-11-01T10:57:09.000Z,0.000257109,0x2407f6937dda5ca99b82d3d9de34ea14bff87f42,sell,0x65292eeadf1426cd2df1c4793a3d7519f253913b,0x96d0553b97734a31d64910d42223ee1e366e2f41912cc693ff8ecebda0ef84c1
75,80823.23395706173,20.773187591644007,0x8af55e3395b878d7e02971fb35f6f214a97c83e4,2017-11-01T10:42:43.000Z,0.00025702,0x5c2326eab878db0b5a3e4a7d6f07deb4b6bdaf7f,sell,0x65292eeadf1426cd2df1c4793a3d7519f253913b,0xf900109da548f48b79202dc69376bf34d4ce4684c7111a2806cfb4cb4cbcbc5c
76,10000,2.6,0xf9a51086b5ed37c64187d70baf5c45ffeadf573b,2017-11-01T10:40:45.000Z,0.00026,0x5c2326eab878db0b5a3e4a7d6f07deb4b6bdaf7f,sell,0x65292eeadf1426cd2df1c4793a3d7519f253913b,0x83de6f7b7f3a636e0799b3fa658be7cb665099f1211d35e4fd0aa8e73ec1fd99
77,86500,22.2323165,0x9733ae7ececa99c8b1db998a7e8e37bcb3f68ae2,2017-11-01T10:27:13.000Z,0.000257021,0x5c2326eab878db0b5a3e4a7d6f07deb4b6bdaf7f,sell,0x65292eeadf1426cd2df1c4793a3d7519f253913b,0xf4bc40a36c803991ac8291e15169e174597719eaa1853ead3bfaa2ef783220d5
78,5000,1.31111,0x5603e9614eb82f61407aced212b7515686351133,2017-11-01T10:26:40.000Z,0.000262222,0x5c2326eab878db0b5a3e4a7d6f07deb4b6bdaf7f,sell,0x65292eeadf1426cd2df1c4793a3d7519f253913b,0x7081119ae2184bead1c20191239781bd67a82f528fcc847038ff4f87356ef049
79,35.185,0.00949995,0x6e1f291b9358214d1c2e12f266e1e15775bd12bc,2017-11-01T10:26:12.000Z,0.00027,0xc4ce7d6b8b01d1ce6aec1e5295aa5c91d8f420fb,sell,0x65292eeadf1426cd2df1c4793a3d7519f253913b,0xe058c581aba9c3c232f9dcff6341f3c8add16d42e4e777c0823c9dc94c7196c5
80,10000,2.71,0xdef0083fea701af025c19bdf0d328d5a44eac384,2017-11-01T10:17:24.000Z,0.000271,0xc4ce7d6b8b01d1ce6aec1e5295aa5c91d8f420fb,sell,0x65292eeadf1426cd2df1c4793a3d7519f253913b,0xab2f51a36616141f6862d123e9a879a03460f31f72e86154a65a9661345c6618
81,1000,0.270201,0xbe46dbbc1e3dafd0cbda9f40f0839d7aa4e8d659,2017-11-01T10:04:35.000Z,0.000270201,0x1bf546e7e42ebc76c270f84dc9f5f3e2e8e7276d,sell,0x65292eeadf1426cd2df1c4793a3d7519f253913b,0x73437dbfc515061fe9d90fdc84ad08a54f707ad72619f83175da5d02d8f78a86
82,10000,2.75,0xdef0083fea701af025c19bdf0d328d5a44eac384,2017-11-01T09:54:40.000Z,0.000275,0x9733ae7ececa99c8b1db998a7e8e37bcb3f68ae2,sell,0x65292eeadf1426cd2df1c4793a3d7519f253913b,0xd51d2fb985dfa8fea1813c500cd441612c1d0a6f48dbdae1afa4f7eb356788ae
83,1,0.000282,0xe2b48b3dd0b33283b4802e63e65518f27e635054,2017-11-01T09:54:40.000Z,0.000282,0xc4ce7d6b8b01d1ce6aec1e5295aa5c91d8f420fb,buy,0x65292eeadf1426cd2df1c4793a3d7519f253913b,0xe446d3342c383ee54a24ff4707c5f5b8d52a0ca3882477d9b95b19fc9bcc87cb
84,1,0.000282,0xed2ca7381d82f8fb9bcc54ea6ab6526e35aece25,2017-11-01T09:52:45.000Z,0.000282,0xc4ce7d6b8b01d1ce6aec1e5295aa5c91d8f420fb,buy,0x65292eeadf1426cd2df1c4793a3d7519f253913b,0xb73b360a1a7dd1f22cbf8a4fb8792ebcaf9aaf35a041e32ab78b709aa16a9614
85,111545.939,28.56579951851,0x9733ae7ececa99c8b1db998a7e8e37bcb3f68ae2,2017-11-01T09:41:32.000Z,0.00025609,0x5c2326eab878db0b5a3e4a7d6f07deb4b6bdaf7f,sell,0x65292eeadf1426cd2df1c4793a3d7519f253913b,0x52ff8b4fc028024c6400acbad21a91b8fdffad8b61b3ff2bd6f5e5e001ece1dd
86,30000,7.683,0x1eaa18a0e964d346f2b5182be3f97d7aab5145b9,2017-11-01T09:41:26.000Z,0.0002561,0x5c2326eab878db0b5a3e4a7d6f07deb4b6bdaf7f,sell,0x65292eeadf1426cd2df1c4793a3d7519f253913b,0xc4b68433b7119864885df73562901cdb52788af2cc9a493e969477fe35d39183
87,10000,2.6,0xf9a51086b5ed37c64187d70baf5c45ffeadf573b,2017-11-01T09:41:10.000Z,0.00026,0x5c2326eab878db0b5a3e4a7d6f07deb4b6bdaf7f,sell,0x65292eeadf1426cd2df1c4793a3d7519f253913b,0x07e3c41772b34dc70107167921ead5cd031d4171d05c4ca0d3af6fd96165bde0
88,3628.3957433287337,0.9435824550313539,0x4c1cf5314ab59c618808860735e0e8a54f159e22,2017-11-01T09:40:36.000Z,0.000260055,0x5c2326eab878db0b5a3e4a7d6f07deb4b6bdaf7f,sell,0x65292eeadf1426cd2df1c4793a3d7519f253913b,0xea5ec2e99a48df8f8a34cd84c1da3de26632cdbe868cbecc432d5e6f9d736a75
89,85000,22.105185,0x945df54583eb102061f57d3b4f3e499d7acc49b7,2017-11-01T09:39:19.000Z,0.000260061,0x5c2326eab878db0b5a3e4a7d6f07deb4b6bdaf7f,sell,0x65292eeadf1426cd2df1c4793a3d7519f253913b,0x450fdea6ed6749b0d9ccd3974c04c36c4a506d326f9777a2ee7a92c7d2bd2381
90,9159.798873492175,2.500634252262237,0x5603e9614eb82f61407aced212b7515686351133,2017-11-01T09:38:51.000Z,0.000273001,0x5c2326eab878db0b5a3e4a7d6f07deb4b6bdaf7f,sell,0x65292eeadf1426cd2df1c4793a3d7519f253913b,0x082ed3db82c4c7f5a5d7dff689a48f323187038faf713512d63fc25e151c9c27
91,8400,2.2092,0xc4ce7d6b8b01d1ce6aec1e5295aa5c91d8f420fb,2017-11-01T09:38:51.000Z,0.000263,0x5c2326eab878db0b5a3e4a7d6f07deb4b6bdaf7f,sell,0x65292eeadf1426cd2df1c4793a3d7519f253913b,0xf04e6ecd5b80a6602f0104de3730281d39f6be3a94e5449ba1f881c763a00966
92,5000,1.365,0x1761ac93c035dc0f5de7c557ee609c461c7d6a38,2017-11-01T09:38:51.000Z,0.000273,0x5c2326eab878db0b5a3e4a7d6f07deb4b6bdaf7f,sell,0x65292eeadf1426cd2df1c4793a3d7519f253913b,0x371643b82929520a56e0dde9460b1b152c135ba17e01a7c56d8711fef6c25f03
93,65000,17.044365,0x945df54583eb102061f57d3b4f3e499d7acc49b7,2017-11-01T09:38:51.000Z,0.000262221,0x5c2326eab878db0b5a3e4a7d6f07deb4b6bdaf7f,sell,0x65292eeadf1426cd2df1c4793a3d7519f253913b,0x1aa1f8d3aa40f836e44adf8c7277d02c7ccc4222b704cff59ce1a751f0da435f
94,111000,30.192,0x6f886db672dd3158c9592b44852ebd3c07443c31,2017-11-01T09:38:51.000Z,0.000272,0x5c2326eab878db0b5a3e4a7d6f07deb4b6bdaf7f,sell,0x65292eeadf1426cd2df1c4793a3d7519f253913b,0x1b334de098a817146b1ead2dda191b16341ef0824848896720560391e0db1bb3
95,25000,6.825225,0x9733ae7ececa99c8b1db998a7e8e37bcb3f68ae2,2017-11-01T09:38:26.000Z,0.000273009,0x5c2326eab878db0b5a3e4a7d6f07deb4b6bdaf7f,sell,0x65292eeadf1426cd2df1c4793a3d7519f253913b,0xe7d5d0418c5e112091feb2b000fb1ba5bd8f2ca389560d560a967d026f68b6cc
96,840.2011265078257,0.22937574773776293,0x5603e9614eb82f61407aced212b7515686351133,2017-11-01T09:05:08.000Z,0.000273001,0x06811a2b589d9a80d20925ab683a32ef796b4648,sell,0x65292eeadf1426cd2df1c4793a3d7519f253913b,0x9aa8f8d80031e1f8c7ed64ebfd52a2f21f184007cd7a2e664dceb605b9c6f434
97,1289.934911943923,0.3687665926265287,0x02be0d3baf6f1309520b52cc76cc27c5eb3429dc,2017-11-01T08:34:16.000Z,0.00028588,0x9733ae7ececa99c8b1db998a7e8e37bcb3f68ae2,buy,0x65292eeadf1426cd2df1c4793a3d7519f253913b,0x8d624c3585964cfe68f71fc4128bb4af8998c3ced881ab9f6d37122c93fa9579
98,4000,1.144,0xdb7c7c7f6ce956c5a6c8e0fbbc9b3ca71b9a8c17,2017-11-01T07:15:46.000Z,0.000286,0xce273629c61fa936e939f2bc33602850c58a7a8a,buy,0x65292eeadf1426cd2df1c4793a3d7519f253913b,0x63d3546de970c1391591e911d1d7f216c184d2581c3dc2517194bee8950b4e3e
99,500,0.1356,0x6f886db672dd3158c9592b44852ebd3c07443c31,2017-11-01T05:18:38.000Z,0.0002712,0x945df54583eb102061f57d3b4f3e499d7acc49b7,sell,0x65292eeadf1426cd2df1c4793a3d7519f253913b,0xd6903056a14ea70acd4cfa1be180d7ec2f30e5192030647bf236dbe8c1149555
100,11850.59978798811,3.19966194275679,0xe64a8bc0caea2908afec497613efffe365535ef2,2017-11-01T05:18:09.000Z,0.00027,0x945df54583eb102061f57d3b4f3e499d7acc49b7,sell,0x65292eeadf1426cd2df1c4793a3d7519f253913b,0x4c13ef2511d21b5cbf217b89b1b7dcb61eb4b3a8b774984c8540a62d6a722198
101,3100,0.84072,0x6f886db672dd3158c9592b44852ebd3c07443c31,2017-11-01T05:15:25.000Z,0.0002712,0x0299ca909860f5d0cbc61faddb3fdd85a15b453c,sell,0x65292eeadf1426cd2df1c4793a3d7519f253913b,0x9a2892bdad05a2fc8aed5017f75cc5ed1fb33ca6e49b0bb9aae5f1f86b8b47e1
102,4.400212011888855,0.00118805724320999,0xe64a8bc0caea2908afec497613efffe365535ef2,2017-11-01T05:14:59.000Z,0.0002699999999999998,0x545a59325354e28bb7382af0fe9de53a2b5a9ee3,sell,0x65292eeadf1426cd2df1c4793a3d7519f253913b,0xaa9936eae0c56850464f8f23444edfe6b9654b535a8f366c4e66ba05f068074a
103,44138.5266912571,11.574048607508129,0x945df54583eb102061f57d3b4f3e499d7acc49b7,2017-11-01T05:13:01.000Z,0.000262221,0x545a59325354e28bb7382af0fe9de53a2b5a9ee3,sell,0x65292eeadf1426cd2df1c4793a3d7519f253913b,0xc0761701528e17f828b746c77012edca47317525a754a59f31e5d08274e3639f
104,16060.292,4.3555511904,0x6f886db672dd3158c9592b44852ebd3c07443c31,2017-11-01T05:12:15.000Z,0.0002712,0x545a59325354e28bb7382af0fe9de53a2b5a9ee3,sell,0x65292eeadf1426cd2df1c4793a3d7519f253913b,0xb7597140e5eccfbf4c841041b2c0a249b66ff00ef7cfda2932b8fa0139207912
105,10000,2.71201,0xed7f4d43a68a1353004159aa48fcf79e23b5b75f,2017-11-01T05:12:01.000Z,0.000271201,0x545a59325354e28bb7382af0fe9de53a2b5a9ee3,sell,0x65292eeadf1426cd2df1c4793a3d7519f253913b,0xa5596c5c6ddceed223b67f07fb26178b75a646cb5a4af4e30a6ed1dcff7fd1b9
106,5000,1.35605,0xc4ce7d6b8b01d1ce6aec1e5295aa5c91d8f420fb,2017-11-01T05:11:35.000Z,0.00027121,0x545a59325354e28bb7382af0fe9de53a2b5a9ee3,sell,0x65292eeadf1426cd2df1c4793a3d7519f253913b,0xdf269930ab043449aeccc933b9cfe630fd129bd6ee4d28c7dcafd46caff9c9c0
107,1000,0.272,0x3b029e56b0f259516b313adc142eaa17facbdba1,2017-11-01T05:08:01.000Z,0.000272,0x0299ca909860f5d0cbc61faddb3fdd85a15b453c,sell,0x65292eeadf1426cd2df1c4793a3d7519f253913b,0x9dabb9e810e466b178c51f3ecd8cf675398cdf384e89837c0d1f44fe4e83ac91
108,19939.707958563424,5.407648798362401,0x6f886db672dd3158c9592b44852ebd3c07443c31,2017-11-01T03:37:10.000Z,0.0002712,0x6ecd5bbd600931d2ffad11e2948939b284afd5d6,sell,0x65292eeadf1426cd2df1c4793a3d7519f253913b,0x2b133538e954c73491da2560fa836e612ff99c93f8a74e2ef4359ae1788acf9c
109,1570.751,0.4471928097,0x945df54583eb102061f57d3b4f3e499d7acc49b7,2017-11-01T01:41:46.000Z,0.0002847,0x5a91def498b2dd9c6995f92e03412574ad8c1672,buy,0x65292eeadf1426cd2df1c4793a3d7519f253913b,0xa1c320261e1734b0b4248ac52d26dd7c62718883f9f69d5c5bd4f467588dfba8
110,5000,1.419995,0x945df54583eb102061f57d3b4f3e499d7acc49b7,2017-11-01T01:41:15.000Z,0.000283999,0xc4ce7d6b8b01d1ce6aec1e5295aa5c91d8f420fb,buy,0x65292eeadf1426cd2df1c4793a3d7519f253913b,0x6fdd06e94e715863c73ba5d0d889f30cb856e78e5d3749d8f5d203fa77b17301
111,2295,0.649485,0x945df54583eb102061f57d3b4f3e499d7acc49b7,2017-11-01T01:41:05.000Z,0.000283,0x1eaa18a0e964d346f2b5182be3f97d7aab5145b9,buy,0x65292eeadf1426cd2df1c4793a3d7519f253913b,0x9e2e4a65774459781ca7bfa4f58a9f81327fe44d4fe92791dba8874263939cc9
112,452.918,0.12404971102,0x6f886db672dd3158c9592b44852ebd3c07443c31,2017-11-01T00:42:32.000Z,0.00027389,0xc521820ab6e3b58241dc964c8fbd4f1ef2e2e045,buy,0x65292eeadf1426cd2df1c4793a3d7519f253913b,0x151826eab08591fe8ebe1da9e8d55dcdb0c1a7ba202759d2c6242d443767643a
113,507.176,0.13896115224,0x6f886db672dd3158c9592b44852ebd3c07443c31,2017-11-01T00:42:32.000Z,0.00027399,0x2c711a3c9a16a7cb804a8f765957504f8068600a,buy,0x65292eeadf1426cd2df1c4793a3d7519f253913b,0xe2853d8b60eb9a3ce133ed8ffe255a4d34cbbd803d12e7e92a9c0bf6258996d3
114,5813.289812949449,1.5922019468687245,0x7cd85fe12c0d6986b5b46be36b2a05987b291869,2017-11-01T00:40:53.000Z,0.00027389,0xc521820ab6e3b58241dc964c8fbd4f1ef2e2e045,buy,0x65292eeadf1426cd2df1c4793a3d7519f253913b,0x77385324ecea91573edc6bf15239f60399c1bd368acdc0acf7326d7bf26904c6
115,1644.5777029873714,0.4276888774388958,0xc4ce7d6b8b01d1ce6aec1e5295aa5c91d8f420fb,2017-10-31T21:13:03.000Z,0.00026006,0x00ac8a2bf7d97b363667aae3995192abada3c471,sell,0x65292eeadf1426cd2df1c4793a3d7519f253913b,0xc45676710ef47954f2719dc93f15113e1c74315e3cc6dc5730d64b67077797e5
116,232.40294860010448,0.06367608388694262,0x338e25a8fa1b3f55cdb3877e9d0fed1f00fa8033,2017-10-31T21:09:39.000Z,0.00027399,0x00ac8a2bf7d97b363667aae3995192abada3c471,sell,0x65292eeadf1426cd2df1c4793a3d7519f253913b,0xa9b1462c97e8a9df8c78e3502de21704762293ce4952deaaa903c2984c26de15
117,1097.5970513998955,0.30073061611305735,0x338e25a8fa1b3f55cdb3877e9d0fed1f00fa8033,2017-10-31T21:07:05.000Z,0.00027399,0x6f886db672dd3158c9592b44852ebd3c07443c31,sell,0x65292eeadf1426cd2df1c4793a3d7519f253913b,0xd325422c45781d64f192105b875aba458f49f577f52567a7e28c817695ad3b62
118,230,0.063017677,0x64acad5962c53fd4ab1ecc06d162bf836ab2fd04,2017-10-31T20:46:48.000Z,0.0002739899,0x00ac8a2bf7d97b363667aae3995192abada3c471,buy,0x65292eeadf1426cd2df1c4793a3d7519f253913b,0x87b8fa83e550ac068fa889a9e387dc7b21a1ec529a6f964291fcf835c2adb086
119,23.276,0.00637739124,0x1d5321e125f6c7079a716705541c7b371ca79e69,2017-10-31T20:34:24.000Z,0.00027399,0x2c711a3c9a16a7cb804a8f765957504f8068600a,buy,0x65292eeadf1426cd2df1c4793a3d7519f253913b,0x2025f47b4ca5a9d2ff4a2265bdff993433b1e56192b121de0469c48e0c864cc3
120,23.206380857427718,0.006520993020937188,0x6e1f291b9358214d1c2e12f266e1e15775bd12bc,2017-10-31T20:34:24.000Z,0.000281,0x1d5321e125f6c7079a716705541c7b371ca79e69,sell,0x65292eeadf1426cd2df1c4793a3d7519f253913b,0x2025f47b4ca5a9d2ff4a2265bdff993433b1e56192b121de0469c48e0c864cc3
121,1864.901,0.4884175719,0x09e396aca9535fffc68c72f880ab36e252b73a43,2017-10-31T20:02:35.000Z,0.0002619,0x751cc568cb9a7becd3001217cbeba8563e58fc7c,buy,0x65292eeadf1426cd2df1c4793a3d7519f253913b,0x3bd7207371e31beb4480ffdb3e869c1f576c3ef10f92837e2152caef5291a085
122,999.999,0.2622997377,0xeb1b89e6143fdb9976c047ec7d843a84e4c89d4b,2017-10-31T19:42:00.000Z,0.0002623,0x751cc568cb9a7becd3001217cbeba8563e58fc7c,sell,0x65292eeadf1426cd2df1c4793a3d7519f253913b,0x19d654f9137488b094fd52191736f373149b9a0a430db8bea7d5f40f62638c75
123,0.00000033647687942,0.000000000088227602,0x308ec9a0f5612535c9a9532b310108d01268d395,2017-10-31T18:17:49.000Z,0.00026220999835733675,0xe03d6982dc67599496ddc2bc6fdefbd6bc85a2d1,sell,0x65292eeadf1426cd2df1c4793a3d7519f253913b,0x7f5de6bf52f3354829433a5aa2216fd48ab4f81d4638f2026b1fa91b951adcfb
124,0.052,0.00001363492,0x308ec9a0f5612535c9a9532b310108d01268d395,2017-10-31T18:07:20.000Z,0.00026221,0x13195a95087285c251693abfa22763aa2006e5cc,sell,0x65292eeadf1426cd2df1c4793a3d7519f253913b,0x50b24fe84069ae1a5725ab91f1d425c3574af8b2f7e7a9aa9ecb391d508bdb55
125,0.003375199577465141,0.000000885011081207,0x308ec9a0f5612535c9a9532b310108d01268d395,2017-10-31T17:52:33.000Z,0.0002622099999999601,0xe03d6982dc67599496ddc2bc6fdefbd6bc85a2d1,sell,0x65292eeadf1426cd2df1c4793a3d7519f253913b,0x3531e415d594ffd1f5d2253eb06b46d409e3adab03a0d6c7112346d4330ee77d
126,392.07,0.10546683,0xcab71d365cfc3b927d50cfbca602f1082451a688,2017-10-31T17:03:35.000Z,0.000269,0x5933ec2852dc662a5df3ba42744a8472e17c7866,buy,0x65292eeadf1426cd2df1c4793a3d7519f253913b,0x56030a58fb99bb4564310b6946c678903219bafc067c9d06a80a1eae7b8da475
127,5,0.00139,0xc04ca821620dcaf8198d96157105672438034b89,2017-10-31T16:15:52.000Z,0.000278,0x1eaa18a0e964d346f2b5182be3f97d7aab5145b9,buy,0x65292eeadf1426cd2df1c4793a3d7519f253913b,0xb07b3294bd7d02e53de0958e8c2b50bd7552de0348c6c7bc59f50f4acf24bb95
128,700,0.1946,0x2617d7e8180e218f7f56e7729171c4394bfaae3f,2017-10-31T16:14:11.000Z,0.000278,0x1eaa18a0e964d346f2b5182be3f97d7aab5145b9,buy,0x65292eeadf1426cd2df1c4793a3d7519f253913b,0x05e53d4c4451fe5b978a3091a91433e00e3f529c1bd0433608a276c75116aef0
129,6394.592762436447,1.6629138478715981,0x09e396aca9535fffc68c72f880ab36e252b73a43,2017-10-31T15:32:11.000Z,0.00026005,0xea4b003d2b26e269b5ebe025dbc1affe070a7a57,sell,0x65292eeadf1426cd2df1c4793a3d7519f253913b,0x4b1a70f325338304c1295644bfb041fa36cff63eea120cb66765e03cf9647db1
130,1762.590521457388,0.45836168273089894,0x24418ab1b19550b380652432eac1ab37bf3d0fa9,2017-10-31T15:25:35.000Z,0.00026005000999999997,0xff91e90648cfb448ff1e291cc765a6aea6aa9308,sell,0x65292eeadf1426cd2df1c4793a3d7519f253913b,0x3950fe6cb9b704c5a0e06641d56456887c166922e584181b4e2e603e48de9ac2
131,2100,0.54642441,0x00ac8a2bf7d97b363667aae3995192abada3c471,2017-10-31T15:24:29.000Z,0.0002602021,0xff91e90648cfb448ff1e291cc765a6aea6aa9308,sell,0x65292eeadf1426cd2df1c4793a3d7519f253913b,0x33a22253f592c7e3f70ef7d8ac900a8c896685f6aae66bb53372b3020d855f72
132,1257.163,0.3296281386,0x4089bc81b3e2e986fbd429e03094faf6685200db,2017-10-31T15:23:25.000Z,0.0002622,0xff91e90648cfb448ff1e291cc765a6aea6aa9308,sell,0x65292eeadf1426cd2df1c4793a3d7519f253913b,0x8aab0fd849ef6470026e5afb9ceb68922040254931a3da6164a74ad72de9edcc
133,600,0.15726,0xb399e4b93e52590b91235c1c45d20986f189c3ce,2017-10-31T15:23:25.000Z,0.0002621,0xff91e90648cfb448ff1e291cc765a6aea6aa9308,sell,0x65292eeadf1426cd2df1c4793a3d7519f253913b,0x0b5cd70ad1555d81918fb12d10142ff977801bcc1876ebb396035e0400ce76f7
134,0.6363245549453445,0.000166850661552218,0x308ec9a0f5612535c9a9532b310108d01268d395,2017-10-31T15:22:22.000Z,0.0002622099999999988,0x3e4a97035e332bcdbc34b0e3ba73fe69b25523b3,sell,0x65292eeadf1426cd2df1c4793a3d7519f253913b,0x02cdf6063c02d43e568781c1f2b49583e805d4b5d75162bf43588f2facca6ed2
135,2848.3132289901305,0.7468334252676703,0x24418ab1b19550b380652432eac1ab37bf3d0fa9,2017-10-31T15:15:44.000Z,0.000262202,0x7cf832e7e55a419e807b150d2060e4a7773c6c79,sell,0x65292eeadf1426cd2df1c4793a3d7519f253913b,0x724022b39c48456092f014891096f123be7f9212b71e92933613a52575e26d8b
136,357.14285714285717,0.1,0x5a91def498b2dd9c6995f92e03412574ad8c1672,2017-10-31T14:39:35.000Z,0.00028,0x3efd9b0bd8e4595bc494539aca584821950106ee,sell,0x65292eeadf1426cd2df1c4793a3d7519f253913b,0x66da707291dcef308fbff814bf98573cad86381b8c97da69443aeee38aba1930
137,100,0.027,0x43c88efbbad582ab05a1deb26ec6873c0ef7b55f,2017-10-31T14:31:10.000Z,0.00027,0x945df54583eb102061f57d3b4f3e499d7acc49b7,sell,0x65292eeadf1426cd2df1c4793a3d7519f253913b,0x43d76946da4ada0ee9f822cee08adaad9a7293a7d5de864239e837a54e4aae17
138,350,0.09975,0x9cb4b4eebe012a9149305f97ab11d2ebe63b0587,2017-10-31T14:13:42.000Z,0.000285,0x1a5486b6d08a50a3f1082eee3633dc53c3d9da18,sell,0x65292eeadf1426cd2df1c4793a3d7519f253913b,0xb76e180f9b43df0c06b80b2c75265a8ba22bf6a26b633537a9f18aeb365b9986
139,14434.979329079852,3.756010491385236,0x945df54583eb102061f57d3b4f3e499d7acc49b7,2017-10-31T14:09:16.000Z,0.000260202,0x23d8a5d170d8b17506c02823c2e26d4d84f29ca3,sell,0x65292eeadf1426cd2df1c4793a3d7519f253913b,0xbc0b8798244faf098ad3f5bbba39be285846df188a997e6a5fe26043aa145171
140,892.6549286098027,0.2505682384607716,0xea89553c0e6a680e164b70ed3af67b90f5e198c7,2017-10-31T13:37:58.000Z,0.0002807,0x1a5486b6d08a50a3f1082eee3633dc53c3d9da18,sell,0x65292eeadf1426cd2df1c4793a3d7519f253913b,0xb4b1d36d6870c88e3288fe61a19abe6f6cd6851665e9fbe42f96f2346b44f4cc
141,33784.27877952051,8.790736906988794,0x945df54583eb102061f57d3b4f3e499d7acc49b7,2017-10-31T13:26:13.000Z,0.000260202,0x6439aa797fbb8e0166ae664acc9a6ca6ab07a2da,sell,0x65292eeadf1426cd2df1c4793a3d7519f253913b,0x12824904c46c1e9721f88d8c4b6387fe9d21ad66c00aab4f57602e3ce1441c07
142,17264.15,4.5577356,0x8f2dda93fef5b064a49baff050d984f6477b9e9f,2017-10-31T13:23:51.000Z,0.000264,0x6439aa797fbb8e0166ae664acc9a6ca6ab07a2da,sell,0x65292eeadf1426cd2df1c4793a3d7519f253913b,0xc0d43271556a368d0aa57dffab4396e81ef0352e23d72ff8ac1fcfbfadf2a2da
143,8000,2.1304,0xe873d18864d76e6a5862fee92c5fd9cf6294db6d,2017-10-31T13:23:44.000Z,0.0002663,0x6439aa797fbb8e0166ae664acc9a6ca6ab07a2da,sell,0x65292eeadf1426cd2df1c4793a3d7519f253913b,0x86c07a2cc0b3f36b3334fd4c111df608e9c766991470e33ba08ca845d928d9c1
144,3600,0.950436,0x308ec9a0f5612535c9a9532b310108d01268d395,2017-10-31T13:23:44.000Z,0.00026401,0x6439aa797fbb8e0166ae664acc9a6ca6ab07a2da,sell,0x65292eeadf1426cd2df1c4793a3d7519f253913b,0x77db6b19ddfe269068766d194d3850787a524f288622ece1de515e0a41628eda
145,377.25672424387136,0.10261382899433301,0x5933ec2852dc662a5df3ba42744a8472e17c7866,2017-10-31T12:33:28.000Z,0.000272,0x751cc568cb9a7becd3001217cbeba8563e58fc7c,sell,0x65292eeadf1426cd2df1c4793a3d7519f253913b,0x8ec09d58e382ee0f4193f887b7226d3cbe3d08f2331832878a9a5f6142a04241
146,14.80657156514337,0.004027387465718996,0x5933ec2852dc662a5df3ba42744a8472e17c7866,2017-10-31T12:11:30.000Z,0.00027199999999999994,0x32698805274316f523bb2c3b7924c8a997889a1f,sell,0x65292eeadf1426cd2df1c4793a3d7519f253913b,0x44c8f1e9de299fa49bac5128f8972d088222b80ca70e93f7c5aca59ee9e42f81
147,2010.02,0.5728557,0x7f3b0424d8ceb11f5929102a2659a360256a2096,2017-10-31T10:33:05.000Z,0.000285,0x1eaa18a0e964d346f2b5182be3f97d7aab5145b9,buy,0x65292eeadf1426cd2df1c4793a3d7519f253913b,0x15a68d400c87583796467fc5300e1ee6efd9ef2a4bd7c391c9141d61986811b8
148,21432.61,6.106150589,0x7f3b0424d8ceb11f5929102a2659a360256a2096,2017-10-31T10:32:09.000Z,0.0002849,0x5933ec2852dc662a5df3ba42744a8472e17c7866,buy,0x65292eeadf1426cd2df1c4793a3d7519f253913b,0xfa76d5164d2e3f597a3d398fa52eb14191dad65a3b9cbc5e950c8adc01170e22
149,5000,1.424435,0x7f3b0424d8ceb11f5929102a2659a360256a2096,2017-10-31T10:32:01.000Z,0.000284887,0xc4ce7d6b8b01d1ce6aec1e5295aa5c91d8f420fb,buy,0x65292eeadf1426cd2df1c4793a3d7519f253913b,0x69faa46015582a1dc162270d161b6c18f6a8ca8872ea2205e5eede3b570a3b56
150,5000,1.41205,0x7f3b0424d8ceb11f5929102a2659a360256a2096,2017-10-31T10:30:26.000Z,0.00028241,0xc4ce7d6b8b01d1ce6aec1e5295aa5c91d8f420fb,buy,0x65292eeadf1426cd2df1c4793a3d7519f253913b,0x683226512c2dca851bd1be0838238d2fc5db01006323f21f1ec3cc3a5d191d37
151,2000,0.5648,0x7f3b0424d8ceb11f5929102a2659a360256a2096,2017-10-31T10:30:13.000Z,0.0002824,0x308ec9a0f5612535c9a9532b310108d01268d395,buy,0x65292eeadf1426cd2df1c4793a3d7519f253913b,0x27e0542e1399f3e26ebdb3010072f6ffb26904863882d23ba50feba25f52ca5f
152,1891.93,0.5301755439,0x7f3b0424d8ceb11f5929102a2659a360256a2096,2017-10-31T10:30:13.000Z,0.00028023,0x65f403f5ce12908bfa7d8089f54f097e8b686fae,buy,0x65292eeadf1426cd2df1c4793a3d7519f253913b,0xb98df8515d42fe6478d135fa9916a25a877da71abadf9de0a21e4fe5f6b85e42
153,5000,1.31,0x1a5486b6d08a50a3f1082eee3633dc53c3d9da18,2017-10-31T10:08:52.000Z,0.000262,0xd7896d8450403bdfd2582b80f5eafd6de3daeb66,sell,0x65292eeadf1426cd2df1c4793a3d7519f253913b,0x85f67db8b5bf16f01fe03cd9aa04310a0ba20ef1e9cfc13668b606ff09d254e7
154,1891.93,0.4999992604,0x65f403f5ce12908bfa7d8089f54f097e8b686fae,2017-10-31T10:08:23.000Z,0.00026428,0xd7896d8450403bdfd2582b80f5eafd6de3daeb66,sell,0x65292eeadf1426cd2df1c4793a3d7519f253913b,0x83c0a942892b8a8f3d473cddd2c207f98954e1c9c5ff33c1135226e229a62ce0
155,25000,6.50515,0x945df54583eb102061f57d3b4f3e499d7acc49b7,2017-10-31T09:30:13.000Z,0.000260206,0x6439aa797fbb8e0166ae664acc9a6ca6ab07a2da,sell,0x65292eeadf1426cd2df1c4793a3d7519f253913b,0x86d5306dc478e94fc19f062dda012d33a7eebfdbebc3d24e6ffeb3e7b79b9b6f
156,40000,10.4082,0x751cc568cb9a7becd3001217cbeba8563e58fc7c,2017-10-31T09:30:13.000Z,0.000260205,0x6439aa797fbb8e0166ae664acc9a6ca6ab07a2da,sell,0x65292eeadf1426cd2df1c4793a3d7519f253913b,0x779068229158da1fb6e5e1d2903f07bcb2363a0caa363fd89fc1d77a1f617f2f
157,15000,3.915045,0x5603e9614eb82f61407aced212b7515686351133,2017-10-31T09:30:07.000Z,0.000261003,0x6439aa797fbb8e0166ae664acc9a6ca6ab07a2da,sell,0x65292eeadf1426cd2df1c4793a3d7519f253913b,0xc6e3b21d11e21f196a1086f89a11e205de1b8851efb38cdf1ee80f9b172835df
158,9000,2.358,0x2e1999aa07176c50e088f8450f26dbced2d123c5,2017-10-31T09:30:07.000Z,0.000262,0x6439aa797fbb8e0166ae664acc9a6ca6ab07a2da,sell,0x65292eeadf1426cd2df1c4793a3d7519f253913b,0xb62ffa626bee51e4bc73faa1cc0387e00eb282d80d393912e1b1f72f237e0bfc
159,10000,2.62,0xf9a51086b5ed37c64187d70baf5c45ffeadf573b,2017-10-31T09:30:07.000Z,0.000262,0x6439aa797fbb8e0166ae664acc9a6ca6ab07a2da,sell,0x65292eeadf1426cd2df1c4793a3d7519f253913b,0x9967cfc7476dee4665399d1f8e5ca480c54726651d3d7655e41a76a575c2769d
160,2000,0.5242,0x957de35805a9b7810000546a2f14035685969ea0,2017-10-31T09:29:49.000Z,0.0002621,0x6439aa797fbb8e0166ae664acc9a6ca6ab07a2da,sell,0x65292eeadf1426cd2df1c4793a3d7519f253913b,0xead69e79e407612a7e0ed6561d91b13cbe514a35928da03f4c1fc4c2e72becb7
161,5000,1.315005,0x3dee4a4e076e8d82859d241db0baf46f112cfa23,2017-10-31T09:29:49.000Z,0.000263001,0x6439aa797fbb8e0166ae664acc9a6ca6ab07a2da,sell,0x65292eeadf1426cd2df1c4793a3d7519f253913b,0x6d1ce5ed44f918e79f2a31a0ac45dce51d55a53dda4965328764dd638d8fe819
162,1004.635,0.271854231,0xd0d089fe18092dcb94a1a06b2496a5b9a611d3a5,2017-10-31T09:29:36.000Z,0.0002706,0x6439aa797fbb8e0166ae664acc9a6ca6ab07a2da,sell,0x65292eeadf1426cd2df1c4793a3d7519f253913b,0x4b902ccf46313ffa744acfdd1aa41fadbdc5125e4f331940729ed6242670b436
163,10000,2.667,0xe873d18864d76e6a5862fee92c5fd9cf6294db6d,2017-10-31T09:29:36.000Z,0.0002667,0x6439aa797fbb8e0166ae664acc9a6ca6ab07a2da,sell,0x65292eeadf1426cd2df1c4793a3d7519f253913b,0xbb86f95c4ddbc0888be21f660d51b5f47867a254a2e9b95e78bf56ed13d3f689
164,10000,2.67,0xf9a51086b5ed37c64187d70baf5c45ffeadf573b,2017-10-31T09:29:36.000Z,0.000267,0x6439aa797fbb8e0166ae664acc9a6ca6ab07a2da,sell,0x65292eeadf1426cd2df1c4793a3d7519f253913b,0x45ff04fabdcc8ea8b007aa9eedb47ed42575a22dee7cef26be66dadd483bc8fb
165,10000,2.66,0xf9a51086b5ed37c64187d70baf5c45ffeadf573b,2017-10-31T09:29:36.000Z,0.000266,0x6439aa797fbb8e0166ae664acc9a6ca6ab07a2da,sell,0x65292eeadf1426cd2df1c4793a3d7519f253913b,0xb0a5ae9010927cc056314e96b3e92b219a17964894ca64aee642f0440199cae5
166,80,0.02279024,0xf9a51086b5ed37c64187d70baf5c45ffeadf573b,2017-10-31T09:26:01.000Z,0.000284878,0x4089bc81b3e2e986fbd429e03094faf6685200db,buy,0x65292eeadf1426cd2df1c4793a3d7519f253913b,0x912b65f609187020b64339294b2f7f7a673d6cdae77c3672bba07fe0414c7a08
167,1656.213,0.46935420207,0xf9a51086b5ed37c64187d70baf5c45ffeadf573b,2017-10-31T09:26:01.000Z,0.00028339,0x65f403f5ce12908bfa7d8089f54f097e8b686fae,buy,0x65292eeadf1426cd2df1c4793a3d7519f253913b,0x71897444d6de414a66c4e987ba40be854f52ca98dc7dcadf3c94550381e7b9f6
168,181.81707773826312,0.05145241482915108,0x4f040b3cef71afdc47b0365206b32de9e6ca091f,2017-10-31T09:22:15.000Z,0.00028299,0x65f403f5ce12908bfa7d8089f54f097e8b686fae,buy,0x65292eeadf1426cd2df1c4793a3d7519f253913b,0xa6b7794fbacd13340d25838389d36d31706decad177e894b123baf113aa8b825
169,1220,0.34755116,0x4f040b3cef71afdc47b0365206b32de9e6ca091f,2017-10-31T09:18:17.000Z,0.000284878,0x4089bc81b3e2e986fbd429e03094faf6685200db,buy,0x65292eeadf1426cd2df1c4793a3d7519f253913b,0xadc71a72f1d1e37e1b358b5f322fde0467cc05a937b04ef294609130def280dd
170,1495.364615958388,0.40464566507833977,0xd0d089fe18092dcb94a1a06b2496a5b9a611d3a5,2017-10-31T09:14:23.000Z,0.00027059999999999996,0x11436e5de95bd057e01e89188de78f3d18c9b37e,sell,0x65292eeadf1426cd2df1c4793a3d7519f253913b,0x3e1d0d81f5dcece4b570734907e1f658a38648e6f2c97f1fa765ddba1bae1092
171,1838.03,0.4999993009,0x65f403f5ce12908bfa7d8089f54f097e8b686fae,2017-10-31T08:50:32.000Z,0.00027203,0xc4ce7d6b8b01d1ce6aec1e5295aa5c91d8f420fb,sell,0x65292eeadf1426cd2df1c4793a3d7519f253913b,0xf7ccf3eb237bc056d8b3f9460da05a885695d501945b65d29bf4456194fa36c8
172,1800,0.4953618,0x7acfc59944be1a633f9df99565ccfc79414a8f99,2017-10-31T08:50:03.000Z,0.000275201,0xc4ce7d6b8b01d1ce6aec1e5295aa5c91d8f420fb,sell,0x65292eeadf1426cd2df1c4793a3d7519f253913b,0x1c21d761ee57b497fe789ffd1b2b5f3252ccccea913e07103fcc3a09e259bac3
173,87.50867038127053,0.024502427706755748,0x5a91def498b2dd9c6995f92e03412574ad8c1672,2017-10-31T07:39:51.000Z,0.00028,0x308ec9a0f5612535c9a9532b310108d01268d395,sell,0x65292eeadf1426cd2df1c4793a3d7519f253913b,0x383ea46f381cde730c9ad8afd0680866431079085cbab2f15fc900647be9ec35
174,102.781,0.02878381905,0x103196b348b42f523d929c7ff789eb6f1b3d9ceb,2017-10-31T07:39:29.000Z,0.00028005,0x308ec9a0f5612535c9a9532b310108d01268d395,sell,0x65292eeadf1426cd2df1c4793a3d7519f253913b,0xa4af705c9813cbad94b00283812a945147c81399c05f5ef12b8b2268c9172c65
175,1124.582,0.31488296,0x5a91def498b2dd9c6995f92e03412574ad8c1672,2017-10-31T07:37:28.000Z,0.00028,0x308ec9a0f5612535c9a9532b310108d01268d395,sell,0x65292eeadf1426cd2df1c4793a3d7519f253913b,0xc43cccf2a13c11692002a83800fd12574c47b97a52885287b17fcea5d7f75559
176,70.092712590968,0.019630165088226497,0x5441f90fb34be44b320bc6b97e07cf744f416f29,2017-10-31T07:37:11.000Z,0.00028006,0x308ec9a0f5612535c9a9532b310108d01268d395,sell,0x65292eeadf1426cd2df1c4793a3d7519f253913b,0x6206ef4b3d221d584ed58743ed411ebeae37a1a4149baa38f6634f00a92b702d
177,1270,0.361823,0xd8f2a55ea9f4583604dbb94c6a35c4641f5e5c10,2017-10-31T07:28:49.000Z,0.0002849,0x5933ec2852dc662a5df3ba42744a8472e17c7866,buy,0x65292eeadf1426cd2df1c4793a3d7519f253913b,0x86c4386266f509bda0b83647ecec6f197adfc8a0498196065c0e82c6a80b89f7
178,897.21862227096,0.25126607516698235,0x103196b348b42f523d929c7ff789eb6f1b3d9ceb,2017-10-31T07:25:25.000Z,0.00028005,0x7e3d133519d9f83319315e058d622802f044b4e3,sell,0x65292eeadf1426cd2df1c4793a3d7519f253913b,0x852b6470217d187e2665b1e0da1db0f2feaecdd0efbeb66e376e92deda02706f
179,0.000060127043836433,0.000000017130194789,0xd8f2a55ea9f4583604dbb94c6a35c4641f5e5c10,2017-10-31T07:13:20.000Z,0.00028490000000000394,0x5933ec2852dc662a5df3ba42744a8472e17c7866,buy,0x65292eeadf1426cd2df1c4793a3d7519f253913b,0x1ed08ffae8499829c192c398ba90d1d15917fb77c696a4ac8219b0d8af0de769
180,0.6031343767070411,0.000171832983923836,0xd8f2a55ea9f4583604dbb94c6a35c4641f5e5c10,2017-10-31T07:08:39.000Z,0.0002849,0x5933ec2852dc662a5df3ba42744a8472e17c7866,buy,0x65292eeadf1426cd2df1c4793a3d7519f253913b,0x301f2f1ee1ac763322380785d19f4b99119b87dac61a84943c97dc72733241e9
181,2096.2703435464196,0.5768935985439746,0xb399e4b93e52590b91235c1c45d20986f189c3ce,2017-10-31T07:07:18.000Z,0.00027519999999999997,0x8b703e327e30f70333a87746b4244bd736a255ca,sell,0x65292eeadf1426cd2df1c4793a3d7519f253913b,0x1536d4067bec0e9d452e6b40f8478447a9dac3a2da162ac513d86ca5d98903e3
182,15210.53234971588,4.137264799122719,0x5933ec2852dc662a5df3ba42744a8472e17c7866,2017-10-31T04:59:03.000Z,0.000272,0x6ecd5bbd600931d2ffad11e2948939b284afd5d6,sell,0x65292eeadf1426cd2df1c4793a3d7519f253913b,0x94c5a93593865db7f7ee37570da3b83da35be41c2d23a4db4ee6e039adb1a5c5
183,29.907287409032,0.008375834911773503,0x5441f90fb34be44b320bc6b97e07cf744f416f29,2017-10-31T04:58:36.000Z,0.00028006,0xb68599528b69bd8030b08297207ab3f032b2f7b2,sell,0x65292eeadf1426cd2df1c4793a3d7519f253913b,0xe512c3bd4873e4680eb178dde895e55de1c33312a211460b024135bd08dbb733
184,839.3486073521052,0.23913041823461478,0x40771c18fb731f962714d5ebdd066570f8423f8a,2017-10-31T04:22:50.000Z,0.0002849,0x5933ec2852dc662a5df3ba42744a8472e17c7866,buy,0x65292eeadf1426cd2df1c4793a3d7519f253913b,0xb6978172ef6f88eab9a3404e0cf179619a8b27ab7b58d09a0dc7bcf01519c716
185,1.5152112052898,0.000424259137481144,0x5a91def498b2dd9c6995f92e03412574ad8c1672,2017-10-31T04:04:14.000Z,0.00028,0xe444a40689f51f63bcd29910622035707d533d29,sell,0x65292eeadf1426cd2df1c4793a3d7519f253913b,0x448a3aed2caaa028ee7f71aaae028790b64bcf6317fd92f3b728dc64cf65adcc
186,1487.3832491614933,0.42375548768610943,0x2a4656b3bbc2d0472adc26db0e6f5914db931006,2017-10-31T03:34:36.000Z,0.0002849,0x5933ec2852dc662a5df3ba42744a8472e17c7866,buy,0x65292eeadf1426cd2df1c4793a3d7519f253913b,0xeae121b2d971bb1f5d60bde3ca186478437299671d8dc389bd7b9fe823507dba
187,2000,0.5698,0x89be575727156aca2c35cb1703e8f4b1e0ffe9e8,2017-10-31T02:42:57.000Z,0.0002849,0x5933ec2852dc662a5df3ba42744a8472e17c7866,buy,0x65292eeadf1426cd2df1c4793a3d7519f253913b,0x99fe82e72823e9d430eae1dc15c762975744ef2306880548a10bd31a880dae01
188,4200,1.19574,0x72ad2a37a514788553f7bfe5c4192f5e644e7efd,2017-10-31T02:02:34.000Z,0.0002847,0x3efd9b0bd8e4595bc494539aca584821950106ee,buy,0x65292eeadf1426cd2df1c4793a3d7519f253913b,0x956028e3fd80a258529ece173a8390d9207ea0eabda8212bbcefc01a0e85c343
189,3000,0.8547,0xa6917bc0d7ebee1e8e45a2593c2bafb870b43f47,2017-10-31T01:09:09.000Z,0.0002849,0x5933ec2852dc662a5df3ba42744a8472e17c7866,buy,0x65292eeadf1426cd2df1c4793a3d7519f253913b,0x7bfa8680f6b3dc0ebd2f20dca27c2755ad97b6bda02619edf1384b0ae3a6ee59
190,8.5,0.0025925,0x8d6e0a79003a9d49e68a6b82bbd497189f019905,2017-10-31T00:50:44.000Z,0.000305,0x5933ec2852dc662a5df3ba42744a8472e17c7866,sell,0x65292eeadf1426cd2df1c4793a3d7519f253913b,0xce9b68f50006ad80fe0d2556e88a3917bd3dacaa318ed36d565e2559a70186f5
191,1817.552,0.51574855552,0x7acfc59944be1a633f9df99565ccfc79414a8f99,2017-10-31T00:49:58.000Z,0.00028376,0x65f403f5ce12908bfa7d8089f54f097e8b686fae,buy,0x65292eeadf1426cd2df1c4793a3d7519f253913b,0x6070d35dde79deaa10228ed8726e5a422941585d258be3997333a18cf9450045
192,1000,0.2849,0xe0116a17df8ad675b1e6a14dd0420168db76ca8a,2017-10-31T00:44:05.000Z,0.0002849,0x5933ec2852dc662a5df3ba42744a8472e17c7866,buy,0x65292eeadf1426cd2df1c4793a3d7519f253913b,0x419302fc5e4f67fe94241ca298a8ca47cc735858b172e6dddf25181c4a4052a3
193,3.9,0.001209,0x9f857389883e22683c11048e84299733d322065a,2017-10-31T00:37:40.000Z,0.00031,0x5a91def498b2dd9c6995f92e03412574ad8c1672,buy,0x65292eeadf1426cd2df1c4793a3d7519f253913b,0x4cc0454e8720e150a2ef9c006c2855284a79684f7eca81dd28ac973d195bda77
194,26.352,0.0079056,0x9f857389883e22683c11048e84299733d322065a,2017-10-31T00:37:27.000Z,0.0003,0x937296fc01c16da1caaadd352f1212b1d580bd03,buy,0x65292eeadf1426cd2df1c4793a3d7519f253913b,0x736d2c2294a808632bec04e27ca17bda7c661f88df53c1bc4014edf8e5053c39
195,1990,0.56715,0x8933c3763da8cd01a5f27e9d466194bf1922c340,2017-10-30T23:30:51.000Z,0.000285,0x1eaa18a0e964d346f2b5182be3f97d7aab5145b9,buy,0x65292eeadf1426cd2df1c4793a3d7519f253913b,0xcf299b5c76e40444caf77c061b69f317a946bbbe224ce026744f0cae8e86c122
196,1782.53,0.499999665,0x65f403f5ce12908bfa7d8089f54f097e8b686fae,2017-10-30T23:30:51.000Z,0.0002805,0x64dcca9d2091012bd3e1e5235d703f72f4d65746,sell,0x65292eeadf1426cd2df1c4793a3d7519f253913b,0x83ffc3926182e3f2c112c3b47860fe26717c073e47fd03dee70f7cc7a4fcfe02
197,47.772,0.0129987612,0x3efd9b0bd8e4595bc494539aca584821950106ee,2017-10-30T23:20:54.000Z,0.0002721,0x64dcca9d2091012bd3e1e5235d703f72f4d65746,sell,0x65292eeadf1426cd2df1c4793a3d7519f253913b,0x93b8bcc3b63bb669a6a8faea94cf7882eb8b7495083c7c0d596d7cd12f96e2e8
198,3629.2777912575857,1.034344170508412,0xc9d56287b414e1aa0963016aa721b527f095fd9c,2017-10-30T23:14:22.000Z,0.000285,0x1eaa18a0e964d346f2b5182be3f97d7aab5145b9,buy,0x65292eeadf1426cd2df1c4793a3d7519f253913b,0x78ad6d44006337e027a425b2e5df5882312258ab0ca4eb087fd4bf0989fc0a1c
199,3618.422523686526,1.1398211870738741,0x64dcca9d2091012bd3e1e5235d703f72f4d65746,2017-10-30T23:14:22.000Z,0.000315005,0xc9d56287b414e1aa0963016aa721b527f095fd9c,sell,0x65292eeadf1426cd2df1c4793a3d7519f253913b,0x78ad6d44006337e027a425b2e5df5882312258ab0ca4eb087fd4bf0989fc0a1c
200,2152.2278099003092,0.5856211870738741,0x3efd9b0bd8e4595bc494539aca584821950106ee,2017-10-30T23:06:05.000Z,0.0002721,0x64dcca9d2091012bd3e1e5235d703f72f4d65746,sell,0x65292eeadf1426cd2df1c4793a3d7519f253913b,0xdad3b02589256e0e8eef4c388c55d96e1d80abe6b01bf4579ea9895084ea860b
201,2000,0.5442,0x3efd9b0bd8e4595bc494539aca584821950106ee,2017-10-30T23:04:30.000Z,0.0002721,0x64dcca9d2091012bd3e1e5235d703f72f4d65746,sell,0x65292eeadf1426cd2df1c4793a3d7519f253913b,0x314852f73478011f4f02a66de76fa497792e844f6d9ec7836d0b6f6646e17cb7
202,35.02232515109864,0.009574403249807345,0x65f403f5ce12908bfa7d8089f54f097e8b686fae,2017-10-30T22:53:57.000Z,0.00027338,0x39e828fed299d91984925307e1cbafce807cc420,sell,0x65292eeadf1426cd2df1c4793a3d7519f253913b,0xe759c7ac6b1e1e8ffcf886407730bf480e59f1f9be8460993a1e7cc1b5fde35a
203,0.44865403788634095,0.000219840478564307,0x9d384fe998564e20926deb1f9bcafcc071cdd4e9,2017-10-30T22:51:23.000Z,0.0004899999999999998,0x1d5321e125f6c7079a716705541c7b371ca79e69,sell,0x65292eeadf1426cd2df1c4793a3d7519f253913b,0x09a48fcab2788bd1f727bae7f7969074547e4467d6ec01d10369120e5bf92d37
204,0.45,0.00012825,0x1d5321e125f6c7079a716705541c7b371ca79e69,2017-10-30T22:51:23.000Z,0.000285,0x1eaa18a0e964d346f2b5182be3f97d7aab5145b9,buy,0x65292eeadf1426cd2df1c4793a3d7519f253913b,0x09a48fcab2788bd1f727bae7f7969074547e4467d6ec01d10369120e5bf92d37
205,149.55,0.0732795,0x9d384fe998564e20926deb1f9bcafcc071cdd4e9,2017-10-30T22:48:52.000Z,0.00049,0xd53955fa72ae2844f9add18bb455898af8e470f1,sell,0x65292eeadf1426cd2df1c4793a3d7519f253913b,0xe72c28e8f9a77148c6adcf0ade7946f1c220bbbd2e3aea7b5fe38513b44dcf94
206,150,0.043500000000000004,0xd53955fa72ae2844f9add18bb455898af8e470f1,2017-10-30T22:48:52.000Z,0.00029,0x5933ec2852dc662a5df3ba42744a8472e17c7866,buy,0x65292eeadf1426cd2df1c4793a3d7519f253913b,0xe72c28e8f9a77148c6adcf0ade7946f1c220bbbd2e3aea7b5fe38513b44dcf94
207,3.9026741668201,0.001092748766709628,0x5a91def498b2dd9c6995f92e03412574ad8c1672,2017-10-30T22:46:06.000Z,0.00028,0x39e828fed299d91984925307e1cbafce807cc420,sell,0x65292eeadf1426cd2df1c4793a3d7519f253913b,0x2f3274b9cfdc55edb309ca462ff3761cccec368408e06ca0b65145a8654351a6
208,2162.9119926350377,0.68132809224,0x64dcca9d2091012bd3e1e5235d703f72f4d65746,2017-10-30T22:39:51.000Z,0.000315005,0xc9d56287b414e1aa0963016aa721b527f095fd9c,sell,0x65292eeadf1426cd2df1c4793a3d7519f253913b,0x7120f4fcee5499cf67edb3b8a2258b1049fce18b4acd4c0e570c69c6135f0459
209,2169.4007286129427,0.6182792076546887,0xc9d56287b414e1aa0963016aa721b527f095fd9c,2017-10-30T22:39:51.000Z,0.000285,0x1eaa18a0e964d346f2b5182be3f97d7aab5145b9,buy,0x65292eeadf1426cd2df1c4793a3d7519f253913b,0x7120f4fcee5499cf67edb3b8a2258b1049fce18b4acd4c0e570c69c6135f0459
210,5,0.001425,0x5971f9b8c955285dcd49d4951a33a613d3e2701b,2017-10-30T22:30:34.000Z,0.000285,0x1eaa18a0e964d346f2b5182be3f97d7aab5145b9,buy,0x65292eeadf1426cd2df1c4793a3d7519f253913b,0x932bd945f03baed54bcabb076c34034d40f9fd6283166dbaacbb7501134b0799
211,350,0.09975,0x9d384fe998564e20926deb1f9bcafcc071cdd4e9,2017-10-30T22:25:30.000Z,0.000285,0x1eaa18a0e964d346f2b5182be3f97d7aab5145b9,buy,0x65292eeadf1426cd2df1c4793a3d7519f253913b,0x9a65bc478a1c71f818485db6f72e32305a26e3660cb5d3e338313c06aca3f946
212,35,0.009975035,0xf6bdc37264e415bf65c8a97c267d7f9ddccff712,2017-10-30T22:20:50.000Z,0.000285001,0x5933ec2852dc662a5df3ba42744a8472e17c7866,sell,0x65292eeadf1426cd2df1c4793a3d7519f253913b,0x60ccf0dae32fa8e9d70326167ba183268be8be6b281a42009c3a062075f38a35
213,730,0.20586,0x8580a76997b6278c4584fde6e6580314d4cb7e54,2017-10-30T22:03:06.000Z,0.000282,0x1eaa18a0e964d346f2b5182be3f97d7aab5145b9,sell,0x65292eeadf1426cd2df1c4793a3d7519f253913b,0xa1608a7a1d16bc11c611ea9accaf6da080924ce7766a041ccaeb14e3dceea93c
214,1300,0.36673,0x4089bc81b3e2e986fbd429e03094faf6685200db,2017-10-30T22:02:54.000Z,0.0002821,0x1eaa18a0e964d346f2b5182be3f97d7aab5145b9,sell,0x65292eeadf1426cd2df1c4793a3d7519f253913b,0x6971d35ebdaff375ec5273e35b14e2a4f550d8ce24e53f9660183810133a1077
215,250,0.0715,0xfa9b28bd2a7d3562a0a78980357be64d5c8b16fb,2017-10-30T21:59:16.000Z,0.000286,0x5933ec2852dc662a5df3ba42744a8472e17c7866,sell,0x65292eeadf1426cd2df1c4793a3d7519f253913b,0x711d79559820af628f88ca5407615cba3a9df89c439988f5e4f69cbcbba23b7c
216,2001.7340098896702,0.6305562217852956,0x64dcca9d2091012bd3e1e5235d703f72f4d65746,2017-10-30T21:57:39.000Z,0.000315005,0x422d7c1f2f04e7582163d1381a436516f4de3c2a,sell,0x65292eeadf1426cd2df1c4793a3d7519f253913b,0x4c399de7b2f4a6d90f18a51ac55f4c75e6e36902c1d32cdada7322bae4928d69
217,2009.7409459292285,0.5808151333735471,0x422d7c1f2f04e7582163d1381a436516f4de3c2a,2017-10-30T21:57:39.000Z,0.000289,0x1eaa18a0e964d346f2b5182be3f97d7aab5145b9,buy,0x65292eeadf1426cd2df1c4793a3d7519f253913b,0x4c399de7b2f4a6d90f18a51ac55f4c75e6e36902c1d32cdada7322bae4928d69
218,400,0.11444,0xb399e4b93e52590b91235c1c45d20986f189c3ce,2017-10-30T21:52:55.000Z,0.0002861,0x5933ec2852dc662a5df3ba42744a8472e17c7866,sell,0x65292eeadf1426cd2df1c4793a3d7519f253913b,0xb6039d83d892443d71c57bb8b0a9f11f98aac5590eac55aa5779eafc88dd9e26
219,639.4045189774505,0.18542731050346065,0x8580a76997b6278c4584fde6e6580314d4cb7e54,2017-10-30T20:26:03.000Z,0.00029,0xce273629c61fa936e939f2bc33602850c58a7a8a,buy,0x65292eeadf1426cd2df1c4793a3d7519f253913b,0x1dd2eae48173f2db22f782c1c2612b5e38522747689864fa4b61e5bea93481cc
220,9047.62356064154,2.6238108325860465,0xc4ce7d6b8b01d1ce6aec1e5295aa5c91d8f420fb,2017-10-30T20:23:21.000Z,0.00029,0xce273629c61fa936e939f2bc33602850c58a7a8a,buy,0x65292eeadf1426cd2df1c4793a3d7519f253913b,0x47d75af34ad732c2ab7fe9bb385756ce2839bc905fd4d1f12fd9bc4ba69bab74
221,10312.971920381011,2.990761856910493,0x7acfc59944be1a633f9df99565ccfc79414a8f99,2017-10-30T20:05:53.000Z,0.00029,0xce273629c61fa936e939f2bc33602850c58a7a8a,buy,0x65292eeadf1426cd2df1c4793a3d7519f253913b,0xc4bb72278430367189273fcab3e7f4245989330478052e0efd117e1185b699db
222,1814.74,0.5228084466,0xc4ce7d6b8b01d1ce6aec1e5295aa5c91d8f420fb,2017-10-30T20:04:19.000Z,0.00028809,0x65f403f5ce12908bfa7d8089f54f097e8b686fae,buy,0x65292eeadf1426cd2df1c4793a3d7519f253913b,0xfab0c755624546c5b18bf57821742b271a7590effccc5de554ac9a54b6883b82
223,12072.781655034896,3.460059222333001,0xab008752230d99a9b757fd9c86accb81b7e7303a,2017-10-30T19:44:35.000Z,0.0002866,0x5933ec2852dc662a5df3ba42744a8472e17c7866,sell,0x65292eeadf1426cd2df1c4793a3d7519f253913b,0x7ebeed1474c2beba6a62b0b3dbedf7d7adb10d95bdbabe1918e59ee74a4941aa
224,5000,1.433,0xab008752230d99a9b757fd9c86accb81b7e7303a,2017-10-30T19:30:31.000Z,0.0002866,0x5933ec2852dc662a5df3ba42744a8472e17c7866,sell,0x65292eeadf1426cd2df1c4793a3d7519f253913b,0xc67e9879fa80b6940917a71434f8ae7a74181ba2673c5a1d155c3a91baba8401
225,2000,0.5732,0xab008752230d99a9b757fd9c86accb81b7e7303a,2017-10-30T19:19:27.000Z,0.0002866,0x5933ec2852dc662a5df3ba42744a8472e17c7866,sell,0x65292eeadf1426cd2df1c4793a3d7519f253913b,0xa168865ffd63463a5d712cdff489863b46df4a597a765f56eead5adcb1151af0
226,930,0.26412,0x1d5321e125f6c7079a716705541c7b371ca79e69,2017-10-30T19:13:42.000Z,0.000284,0x3efd9b0bd8e4595bc494539aca584821950106ee,buy,0x65292eeadf1426cd2df1c4793a3d7519f253913b,0x83e32cab4cba2b52b268a60c703817d290b3eef9c7cf6e0039e4ecb176675d3b
227,927.2183449651047,0.265740777666999,0xab008752230d99a9b757fd9c86accb81b7e7303a,2017-10-30T19:13:42.000Z,0.0002866,0x1d5321e125f6c7079a716705541c7b371ca79e69,sell,0x65292eeadf1426cd2df1c4793a3d7519f253913b,0x83e32cab4cba2b52b268a60c703817d290b3eef9c7cf6e0039e4ecb176675d3b
228,75,0.0213,0x1d5321e125f6c7079a716705541c7b371ca79e69,2017-10-30T19:12:53.000Z,0.000284,0x3efd9b0bd8e4595bc494539aca584821950106ee,buy,0x65292eeadf1426cd2df1c4793a3d7519f253913b,0x77af4b99f8d2eafc38f3f528985efd6904697e2f3adc1e1b5b77e0c7e1e85ddc
229,74.77567298105683,0.021430707876370886,0x029fad5ca06e33602d8831347d6bae3bbda0a3e2,2017-10-30T19:12:53.000Z,0.0002866,0x1d5321e125f6c7079a716705541c7b371ca79e69,sell,0x65292eeadf1426cd2df1c4793a3d7519f253913b,0x77af4b99f8d2eafc38f3f528985efd6904697e2f3adc1e1b5b77e0c7e1e85ddc
230,1000,0.271001,0x3efd9b0bd8e4595bc494539aca584821950106ee,2017-10-30T18:44:08.000Z,0.000271001,0x06811a2b589d9a80d20925ab683a32ef796b4648,sell,0x65292eeadf1426cd2df1c4793a3d7519f253913b,0x61b28336973db277e3bf88fdc8626e507e01857f0ba662102b884ded42144c1b
231,1814.75,0.49999992,0x65f403f5ce12908bfa7d8089f54f097e8b686fae,2017-10-30T18:43:18.000Z,0.00027552,0x06811a2b589d9a80d20925ab683a32ef796b4648,sell,0x65292eeadf1426cd2df1c4793a3d7519f253913b,0xd7ebd8b83f2511bcdb06a401f4e74132647080d8988e79843e3efb486f04bc95
232,0.08560618793837271,0.000023165120062311,0x7acfc59944be1a633f9df99565ccfc79414a8f99,2017-10-30T18:29:54.000Z,0.00027060099999999304,0x678718c0be74395ce96c7b3f17fd5be4e88fabe3,sell,0x65292eeadf1426cd2df1c4793a3d7519f253913b,0x41f5038605224aa362d2d44f8de82feb96908aed925fc37e00fe5927597069a5
233,1281.54,0.3652389,0xf69d03a69b316538b6eafcd2b10b21235529a2bc,2017-10-30T18:29:24.000Z,0.000285,0x678718c0be74395ce96c7b3f17fd5be4e88fabe3,buy,0x65292eeadf1426cd2df1c4793a3d7519f253913b,0xabd9afd9fecbde8bed7672b7dec32afcacc1019ce4c8b5d7dea923332eaed2b4
234,1.4556331006979062,0.000427956131605184,0x0f5ef870283ca2d11b0a8c52cab654585b9b60d7,2017-10-30T18:25:28.000Z,0.00029399999999999967,0x1d5321e125f6c7079a716705541c7b371ca79e69,sell,0x65292eeadf1426cd2df1c4793a3d7519f253913b,0x918ae58a0833c335cadb951e0a6126c04150f93b347d0e350c5ffa7fe16724b0
235,1.46,0.0004161,0x1d5321e125f6c7079a716705541c7b371ca79e69,2017-10-30T18:25:28.000Z,0.000285,0x678718c0be74395ce96c7b3f17fd5be4e88fabe3,buy,0x65292eeadf1426cd2df1c4793a3d7519f253913b,0x918ae58a0833c335cadb951e0a6126c04150f93b347d0e350c5ffa7fe16724b0
236,2200,0.671,0xf69d03a69b316538b6eafcd2b10b21235529a2bc,2017-10-30T18:05:46.000Z,0.000305,0x2d1204d83b9182c5755ad06c1c24767786527928,buy,0x65292eeadf1426cd2df1c4793a3d7519f253913b,0xc06f53b064ae1e17805f43cd536079fbd5f0bc9f49c40ec7343c1c2d46ae01f4
237,0.001,0.0000003052,0x0c4085d8e714ca77ac5f46cd2b80a92d238a7cd3,2017-10-30T17:34:48.000Z,0.0003052,0xff91e90648cfb448ff1e291cc765a6aea6aa9308,buy,0x65292eeadf1426cd2df1c4793a3d7519f253913b,0x364b9b4453020eb07ca22d63e7357018144a2cde7b58de314e6630160713b457
238,1186.0969441143468,0.3618781776492872,0xacc69d436ce830b0b43eaac802cf38c5238bb63f,2017-10-30T17:25:38.000Z,0.0003051,0xa3d7dedda551204ccb03bd79aa87824cc453b8de,buy,0x65292eeadf1426cd2df1c4793a3d7519f253913b,0xe2ba29a477d32d51ca15efbbe7ff1e54a74463a6f4df4a879bb10e0832d99826
239,797.5276642408534,0.2272969793639717,0xa6917bc0d7ebee1e8e45a2593c2bafb870b43f47,2017-10-30T17:14:13.000Z,0.00028500199999999997,0x4a1ee0184f90b3673d76c12c89ff125449f4af63,sell,0x65292eeadf1426cd2df1c4793a3d7519f253913b,0x8d586b9d3eefc7e0604b9cb0bb90b2cd4d3dcf29de66c5d7eccb2b6557801d3a
240,262.1235881616093,0.08000011910692315,0x2407f6937dda5ca99b82d3d9de34ea14bff87f42,2017-10-30T15:57:45.000Z,0.0003052,0xff91e90648cfb448ff1e291cc765a6aea6aa9308,sell,0x65292eeadf1426cd2df1c4793a3d7519f253913b,0x2ede468fc7700a9b124746277a856e39a70c2a5aa0fa7dec68ea320ed10795e3
241,4000,1.08,0x1761ac93c035dc0f5de7c557ee609c461c7d6a38,2017-10-30T15:55:33.000Z,0.00027,0x2407f6937dda5ca99b82d3d9de34ea14bff87f42,sell,0x65292eeadf1426cd2df1c4793a3d7519f253913b,0x2a4dbe7da43dee669abb6cd86436992b17fc1d6ab43f210f47a5ead4864da684
242,250,0.076727775,0x3a09d02eae540e87c0ce20b3d04e7850bd54e48e,2017-10-30T15:35:02.000Z,0.0003069111,0x28fc50a4088f19e18ec8272f5a3fcd035bc2cbe5,buy,0x65292eeadf1426cd2df1c4793a3d7519f253913b,0x660dba646a26df5b682c58f9d54ff93c8ccfaabbfe9b3f33f245f173e5a87fae
243,1500,0.4500015,0x3a09d02eae540e87c0ce20b3d04e7850bd54e48e,2017-10-30T15:33:37.000Z,0.000300001,0x49dc235474e153367b593cab41b56dff301fbea0,buy,0x65292eeadf1426cd2df1c4793a3d7519f253913b,0xe98b93893e9a4b9f38af4640d167f45e6c364c996fa9b125dbc983dec1bd7afe
244,2337.081,0.6749489928,0xe1f8434aeb36d63f113ad160b7999f3cec8ee8cd,2017-10-30T15:18:30.000Z,0.0002888,0xe8a89a3c02709e53fa10e443f96f0aef49746ef6,buy,0x65292eeadf1426cd2df1c4793a3d7519f253913b,0xdebf5490d16c080f2a6528584daa048f33dd6b5e37222aaa78193ceb9884c881
245,5000,1.445,0xedebd3c3435853142d6e8eaf96047f5000f00c6d,2017-10-30T14:47:50.000Z,0.000289,0x1eaa18a0e964d346f2b5182be3f97d7aab5145b9,buy,0x65292eeadf1426cd2df1c4793a3d7519f253913b,0x1a8a96c9a1d6318d387dc8ed21204f0cf5982cefd3909f66707a79aa81ae0789
246,616,0.17556,0xb8f767bbfcda792828631aad63979057463f8b68,2017-10-30T14:11:05.000Z,0.000285,0x1f22b9a1346ff129c014e4601e06155f5a47ec88,sell,0x65292eeadf1426cd2df1c4793a3d7519f253913b,0xde358b620f6bffcc963a8cf0abcb38c47254fa541b1e666e38c26bd5c3f12ac8
247,8.229334490877147,0.002345360329899987,0xd70bca39e5d99671ef6a6be62c1624df419a13c0,2017-10-30T14:08:28.000Z,0.000285,0x029fad5ca06e33602d8831347d6bae3bbda0a3e2,buy,0x65292eeadf1426cd2df1c4793a3d7519f253913b,0x7eac73b518b601ed44b1ce927c6018dbddbb4e332162cca38fcb1722e47e14fd
248,50,0.01425,0xd70bca39e5d99671ef6a6be62c1624df419a13c0,2017-10-30T14:07:51.000Z,0.000285,0x029fad5ca06e33602d8831347d6bae3bbda0a3e2,buy,0x65292eeadf1426cd2df1c4793a3d7519f253913b,0x6140f196aec94380bc876be2b278cdf6c71168f4725c5ac803b87aebdc3a4a71
249,500,0.144,0xb8f767bbfcda792828631aad63979057463f8b68,2017-10-30T13:58:18.000Z,0.000288,0x9c62de7d38089db17a0ce3b3bf767f63979aceb6,buy,0x65292eeadf1426cd2df1c4793a3d7519f253913b,0xfbcc3038bc46d2fd6a5bb97bb9d1d5e0cf9990df1bdd8fff77dc452993027415
250,11,0.002871011,0xc4ce7d6b8b01d1ce6aec1e5295aa5c91d8f420fb,2017-10-30T13:50:26.000Z,0.000261001,0xc73604d0514ac01e63513d07601e7e98f2f117b4,sell,0x65292eeadf1426cd2df1c4793a3d7519f253913b,0x68fe716e0d7f7cc7631bcc51bfbcb2e7b800c62d08510917ca67e02bdb8d13b9
251,996.9095803010667,0.2601934004585784,0x24d528b8530db22c0949f28fbbbd3c1cce771633,2017-10-30T13:29:10.000Z,0.000261,0xc0998c780e0e3c13791c5a32721380d4b8e4c105,sell,0x65292eeadf1426cd2df1c4793a3d7519f253913b,0x03da6ebfcb84f616ed2c47c032cbf42f0b789790c72797664b12a85ffdb7c1b4
252,876.3039092839907,0.2366020555066775,0x794174e49bf065bfb97cd3b06b3b5e2caccc0a17,2017-10-30T12:57:33.000Z,0.00027,0xbaea8152597c9fc853c5d0c15e3030abb04d63e0,sell,0x65292eeadf1426cd2df1c4793a3d7519f253913b,0x07c39a4f8f29f3483d68a2ffa6f4440eb250a1325eb0074f21168a080637abb9
253,1000,0.271,0x89be575727156aca2c35cb1703e8f4b1e0ffe9e8,2017-10-30T12:55:18.000Z,0.000271,0xbaea8152597c9fc853c5d0c15e3030abb04d63e0,sell,0x65292eeadf1426cd2df1c4793a3d7519f253913b,0x5ab2d0275e5fa496f8b99fdeb801cdd4b8bb655220d2fe61a0e8be9c61f0236f
254,1100,0.2981022,0x6f886db672dd3158c9592b44852ebd3c07443c31,2017-10-30T12:55:18.000Z,0.000271002,0xbaea8152597c9fc853c5d0c15e3030abb04d63e0,sell,0x65292eeadf1426cd2df1c4793a3d7519f253913b,0x3762a90320262526c6de72175e864fa39b6d66af95c203634a076b80c8e13441
255,2571.9637040229145,0.7072925905700056,0x5603e9614eb82f61407aced212b7515686351133,2017-10-30T12:55:18.000Z,0.000275001,0xbaea8152597c9fc853c5d0c15e3030abb04d63e0,sell,0x65292eeadf1426cd2df1c4793a3d7519f253913b,0x9269048a7c8220c4308943544fd20bde21ae9efe836fb5308b9e403d7ea249c2
256,2000,0.540002,0x24418ab1b19550b380652432eac1ab37bf3d0fa9,2017-10-30T12:55:18.000Z,0.000270001,0xbaea8152597c9fc853c5d0c15e3030abb04d63e0,sell,0x65292eeadf1426cd2df1c4793a3d7519f253913b,0x21bfafacc46f5498bf241845777f010facb5c2dac40a1c1836b80cd8cf9358f0
257,600,0.177,0xc105951a31bbf0ea125d757a912da0c8ed9c404c,2017-10-30T12:42:40.000Z,0.000295,0x24d528b8530db22c0949f28fbbbd3c1cce771633,buy,0x65292eeadf1426cd2df1c4793a3d7519f253913b,0x9c126c6785413d4fe8d7396a551f72ca1f07517358e2641c30d15530b3ad1e73
258,5000,1.375,0xf5d1d8285e32f6750ae08ee025d44b97cbcbc9f3,2017-10-30T12:41:43.000Z,0.000275,0xd7896d8450403bdfd2582b80f5eafd6de3daeb66,sell,0x65292eeadf1426cd2df1c4793a3d7519f253913b,0x225515eec0a6593c8f0f5516f2cdfd01d99eeca304040351bf685cec8582f74f
259,6.990336907985691,0.002062149387855779,0x1d5321e125f6c7079a716705541c7b371ca79e69,2017-10-30T12:40:19.000Z,0.000295,0x24d528b8530db22c0949f28fbbbd3c1cce771633,buy,0x65292eeadf1426cd2df1c4793a3d7519f253913b,0x06e47ac4c1d0658106c5298d90a1bec413af4aefec86dd680b21498ceed8f027
260,6.969428622119334,0.002090905250350643,0xe8a89a3c02709e53fa10e443f96f0aef49746ef6,2017-10-30T12:40:19.000Z,0.00030001099999999993,0x1d5321e125f6c7079a716705541c7b371ca79e69,sell,0x65292eeadf1426cd2df1c4793a3d7519f253913b,0x06e47ac4c1d0658106c5298d90a1bec413af4aefec86dd680b21498ceed8f027
261,4462.897360430117,1.3210176186873148,0xc105951a31bbf0ea125d757a912da0c8ed9c404c,2017-10-30T12:39:16.000Z,0.000296,0x1eaa18a0e964d346f2b5182be3f97d7aab5145b9,buy,0x65292eeadf1426cd2df1c4793a3d7519f253913b,0x8b9ab01c0b0ffd49eba62ed4534ea3af18f31760a08cf95a5f86880673f5cc25
262,2330.1123026618966,0.6990593220338983,0xe8a89a3c02709e53fa10e443f96f0aef49746ef6,2017-10-30T12:37:57.000Z,0.000300011,0x1d5321e125f6c7079a716705541c7b371ca79e69,sell,0x65292eeadf1426cd2df1c4793a3d7519f253913b,0x7cc32dec043d02701f384289ad250e966d5bd6b123394cf52f92aea003a18627
263,2337.1026395698823,0.6917823813126852,0x1d5321e125f6c7079a716705541c7b371ca79e69,2017-10-30T12:37:57.000Z,0.000296,0x1eaa18a0e964d346f2b5182be3f97d7aab5145b9,buy,0x65292eeadf1426cd2df1c4793a3d7519f253913b,0x7cc32dec043d02701f384289ad250e966d5bd6b123394cf52f92aea003a18627
264,1296.478921726029,0.3565329999535797,0x5603e9614eb82f61407aced212b7515686351133,2017-10-30T12:22:17.000Z,0.000275001,0x4089bc81b3e2e986fbd429e03094faf6685200db,sell,0x65292eeadf1426cd2df1c4793a3d7519f253913b,0xe9d7307c92af96724eb76f29cb4d09865b1d1e2ce616f0c5094433430f6751ac
265,1131.5573742510564,0.31117940947641476,0x5603e9614eb82f61407aced212b7515686351133,2017-10-30T12:21:33.000Z,0.000275001,0x8580a76997b6278c4584fde6e6580314d4cb7e54,sell,0x65292eeadf1426cd2df1c4793a3d7519f253913b,0x2f02b981936a294eb7ca7fb76648da8d458efb130a180a0b4958d6d57985e78d
266,200,0.0592,0xe28541fcbfc65e99c49fae3588043448dd791179,2017-10-30T12:05:49.000Z,0.000296,0x1eaa18a0e964d346f2b5182be3f97d7aab5145b9,buy,0x65292eeadf1426cd2df1c4793a3d7519f253913b,0x7c946502e081ed020a928a752338e595a32e3c07b1c7add04b02cf2784c063fb
267,16.38185443668993,0.004865410767696909,0x1d5321e125f6c7079a716705541c7b371ca79e69,2017-10-30T11:28:54.000Z,0.000297,0x1761ac93c035dc0f5de7c557ee609c461c7d6a38,buy,0x65292eeadf1426cd2df1c4793a3d7519f253913b,0xa1d1c89aaf798724692c7d70534a3ab93518b2cb3305115749e5ee21009f60a8
268,16.33285586908268,0.004899856760724804,0xf018e38377ffeb966390aa980286b81e36b26494,2017-10-30T11:28:54.000Z,0.0003,0x1d5321e125f6c7079a716705541c7b371ca79e69,sell,0x65292eeadf1426cd2df1c4793a3d7519f253913b,0xa1d1c89aaf798724692c7d70534a3ab93518b2cb3305115749e5ee21009f60a8
269,273.23709661491193,0.08142465479124376,0x549f2ac2f129c6df05e3b13122e86b45d9cd4fc3,2017-10-30T11:25:22.000Z,0.000298,0x1eaa18a0e964d346f2b5182be3f97d7aab5145b9,buy,0x65292eeadf1426cd2df1c4793a3d7519f253913b,0x82b020745c9c4ba9d7a15529b4679b08ae91234995b9c5ddf6d36aff877c88a4
270,5460.6181455633105,1.638185443668993,0xf018e38377ffeb966390aa980286b81e36b26494,2017-10-30T11:19:09.000Z,0.0003,0x1d5321e125f6c7079a716705541c7b371ca79e69,sell,0x65292eeadf1426cd2df1c4793a3d7519f253913b,0x413f9b171e639701a1c10f849ccfc037fbd1ba525421f425ad2368f687693466
271,5477,1.632146,0x1d5321e125f6c7079a716705541c7b371ca79e69,2017-10-30T11:19:09.000Z,0.000298,0x1eaa18a0e964d346f2b5182be3f97d7aab5145b9,buy,0x65292eeadf1426cd2df1c4793a3d7519f253913b,0x413f9b171e639701a1c10f849ccfc037fbd1ba525421f425ad2368f687693466
272,0.000132921277373333,0.000000039876383212,0x593f94bef0069788897c587d18e3da95cf2982bf,2017-10-30T11:16:41.000Z,0.00030000000000000073,0x593f94bef0069788897c587d18e3da95cf2982bf,buy,0x65292eeadf1426cd2df1c4793a3d7519f253913b,0x1d633a6075363ad7692d907d9ae99124b4a9425c80221aa774b64706812bc1ca
273,833,0.2499,0x0a1a513275009c24901746fd395e2c41c671a1a7,2017-10-30T09:18:16.000Z,0.0003,0x1eaa18a0e964d346f2b5182be3f97d7aab5145b9,sell,0x65292eeadf1426cd2df1c4793a3d7519f253913b,0xec9425208c091eb6d29aaee16bc60b245d07afb1186b097fc62ca93221cf05fc
274,0.16672283150548356,0.000060270303589232,0x6e1f291b9358214d1c2e12f266e1e15775bd12bc,2017-10-30T09:18:09.000Z,0.00036149999999999816,0x1d5321e125f6c7079a716705541c7b371ca79e69,sell,0x65292eeadf1426cd2df1c4793a3d7519f253913b,0x1dc78dca078b1af12a29487137b193b2d29ad465383a758190b169d556c7e413
275,0.167223,0.000049999677,0x1d5321e125f6c7079a716705541c7b371ca79e69,2017-10-30T09:18:09.000Z,0.000299,0x1eaa18a0e964d346f2b5182be3f97d7aab5145b9,buy,0x65292eeadf1426cd2df1c4793a3d7519f253913b,0x1dc78dca078b1af12a29487137b193b2d29ad465383a758190b169d556c7e413
276,4505.745,1.2616086,0x1761ac93c035dc0f5de7c557ee609c461c7d6a38,2017-10-30T09:07:11.000Z,0.00028,0x23d8a5d170d8b17506c02823c2e26d4d84f29ca3,sell,0x65292eeadf1426cd2df1c4793a3d7519f253913b,0x052a0198fc52ff6eee3afa182a49b719f79333f1616ad5ffbaed9a009501c2fc
277,54000,14.04054,0x945df54583eb102061f57d3b4f3e499d7acc49b7,2017-10-30T09:06:18.000Z,0.00026001,0x6439aa797fbb8e0166ae664acc9a6ca6ab07a2da,sell,0x65292eeadf1426cd2df1c4793a3d7519f253913b,0x2e4e56e64a2994fc86e3bd84f85030af83cb8d4e60457019251e2c2dede705d3
278,50937,13.75299,0x5933ec2852dc662a5df3ba42744a8472e17c7866,2017-10-30T09:05:23.000Z,0.00027,0x6439aa797fbb8e0166ae664acc9a6ca6ab07a2da,sell,0x65292eeadf1426cd2df1c4793a3d7519f253913b,0x0188efb5dc0aa9f38c967d0bf2ac94b46131b2b3f96803a40d09924d42be8824
279,494.2548190869262,0.13839134934433933,0x1761ac93c035dc0f5de7c557ee609c461c7d6a38,2017-10-30T09:00:10.000Z,0.00028,0x172518e6404131cde72b9a8dade1a88e951688cb,sell,0x65292eeadf1426cd2df1c4793a3d7519f253913b,0xfd29a68b312631bd15b2a31604f34be3de27a3aa8135e4c745b5f9eb862f9bec
280,36,0.0106938,0x86be51d66065e70fa26b25c8971ea3942ec17887,2017-10-30T08:59:32.000Z,0.00029705,0x172518e6404131cde72b9a8dade1a88e951688cb,sell,0x65292eeadf1426cd2df1c4793a3d7519f253913b,0xcaff91d756a8003d954ef132ebbf674759abea74aa1c1ee23ad323c8f365d87b
281,191.4185355365809,0.056661800704183314,0x2475fe4d7a9d7d2e7908baf6697b801596bf5148,2017-10-30T08:59:32.000Z,0.00029601,0x172518e6404131cde72b9a8dade1a88e951688cb,sell,0x65292eeadf1426cd2df1c4793a3d7519f253913b,0xcbda3bc3505780a4aab92a4c3332cff51c48fb8832e59dca8b35503906328b7d
282,6.093918076484209,0.001812940627754051,0x3efd9b0bd8e4595bc494539aca584821950106ee,2017-10-30T08:59:22.000Z,0.0002974999999999998,0x172518e6404131cde72b9a8dade1a88e951688cb,sell,0x65292eeadf1426cd2df1c4793a3d7519f253913b,0x5e75c3bbfb456dff579b9ae1757b64e40374543d9d1e3a6a9976a003c1f44aab
283,1342.686,0.398777742,0x89be575727156aca2c35cb1703e8f4b1e0ffe9e8,2017-10-30T08:04:35.000Z,0.000297,0x1eaa18a0e964d346f2b5182be3f97d7aab5145b9,sell,0x65292eeadf1426cd2df1c4793a3d7519f253913b,0xaf81dbd96666c8d14657f1fc8865d6677e82d2e368e9264aba9c33e809ee0fe3
284,8000,2.272,0x09425c532e7dec3cfb29fdf097aa9650297d8ef8,2017-10-30T07:37:11.000Z,0.000284,0x6439aa797fbb8e0166ae664acc9a6ca6ab07a2da,sell,0x65292eeadf1426cd2df1c4793a3d7519f253913b,0x8ef42efc9fbd8b173855d07288caa03e4cd7ca34d05b4df0df212357b8ba591f
285,105000,29.925,0xce273629c61fa936e939f2bc33602850c58a7a8a,2017-10-30T07:37:11.000Z,0.000285,0x6439aa797fbb8e0166ae664acc9a6ca6ab07a2da,sell,0x65292eeadf1426cd2df1c4793a3d7519f253913b,0x578bd9df9d328d5b19aa5634975e0c2c7013de658a9e4acd33f5a9af82a53aa7
286,3606,1.0000652549838493,0x4e58c14b9d9bc1c7147b360433ff22a69ab11296,2017-10-30T07:37:11.000Z,0.00027733368135991385,0x6439aa797fbb8e0166ae664acc9a6ca6ab07a2da,sell,0x65292eeadf1426cd2df1c4793a3d7519f253913b,0x1a471be165c9d3bc0c21b0663f2b4745b3344ed3a4a58aad0c7b864a3a5df039
287,20000,5.062,0x1eaa18a0e964d346f2b5182be3f97d7aab5145b9,2017-10-30T07:37:11.000Z,0.0002531,0x6439aa797fbb8e0166ae664acc9a6ca6ab07a2da,sell,0x65292eeadf1426cd2df1c4793a3d7519f253913b,0x403bf1908e1acb6ee24e3db4205ee0203555cd23f434c5e21a0ad4e701d5100f
288,6481.589580676417,1.912075407889124,0x5603e9614eb82f61407aced212b7515686351133,2017-10-30T07:35:57.000Z,0.000295001,0x6439aa797fbb8e0166ae664acc9a6ca6ab07a2da,sell,0x65292eeadf1426cd2df1c4793a3d7519f253913b,0xc9bbd970df1c47a382516282b9c3581ffc78cfadf0afa494bcf45c03162f1a3d
289,127500,36.7328775,0x9733ae7ececa99c8b1db998a7e8e37bcb3f68ae2,2017-10-30T07:35:57.000Z,0.000288101,0x6439aa797fbb8e0166ae664acc9a6ca6ab07a2da,sell,0x65292eeadf1426cd2df1c4793a3d7519f253913b,0x5870d455aa14a7c2e66c502345fa30ab46aa806d042ff584167525fcfbe74c1a
290,150000,43.2153,0x945df54583eb102061f57d3b4f3e499d7acc49b7,2017-10-30T07:33:08.000Z,0.000288102,0x6439aa797fbb8e0166ae664acc9a6ca6ab07a2da,sell,0x65292eeadf1426cd2df1c4793a3d7519f253913b,0x68fcb24c75dcf79c30dd901dccaea6aff6932e6943d31c97a99821b331197021
291,998.54,0.29357076,0x0f5ef870283ca2d11b0a8c52cab654585b9b60d7,2017-10-30T07:32:32.000Z,0.000294,0x6439aa797fbb8e0166ae664acc9a6ca6ab07a2da,sell,0x65292eeadf1426cd2df1c4793a3d7519f253913b,0xfbd47c15baae3bdf19614e243155f3d2d493c8a6d9a25bcfd985255cf4a4724e
292,1558.756964410328,0.46310825288327284,0x5603e9614eb82f61407aced212b7515686351133,2017-10-30T07:32:32.000Z,0.000297101,0x6439aa797fbb8e0166ae664acc9a6ca6ab07a2da,sell,0x65292eeadf1426cd2df1c4793a3d7519f253913b,0x7c8259ca7490e6fd50b340fef9f37022ebd974aa50acf539928d1f9e2d82f9de
293,5000,1.45,0x1a5486b6d08a50a3f1082eee3633dc53c3d9da18,2017-10-30T07:28:16.000Z,0.00029,0x6439aa797fbb8e0166ae664acc9a6ca6ab07a2da,sell,0x65292eeadf1426cd2df1c4793a3d7519f253913b,0x05c4d1adcb8dc0bc8b90558826320cebfef55de0202dc2c680b9e026611ff754
294,9500,2.8025,0x549f2ac2f129c6df05e3b13122e86b45d9cd4fc3,2017-10-30T07:28:03.000Z,0.000295,0x6439aa797fbb8e0166ae664acc9a6ca6ab07a2da,sell,0x65292eeadf1426cd2df1c4793a3d7519f253913b,0xb7e18bae12fd67652c36f04143f936957619cef6e4c1cbf6fa9bdf71c99236f3
295,219.32010766623466,0.06516022330774598,0x5603e9614eb82f61407aced212b7515686351133,2017-10-30T07:28:03.000Z,0.000297101,0xa3406b9ef2aab95b0f2431982fefdc0de4662313,sell,0x65292eeadf1426cd2df1c4793a3d7519f253913b,0x1852bec5d465940e36a1dda77e9707bf672ce96dab55a8f501917a804008421d
296,57316.874,16.90905099874,0x1b7688a79d07be5b3d03cfc59983c0d3ddf54de3,2017-10-30T07:28:01.000Z,0.00029501,0x6439aa797fbb8e0166ae664acc9a6ca6ab07a2da,sell,0x65292eeadf1426cd2df1c4793a3d7519f253913b,0x93f8d11dbc8af926979148b164ee1ff97ac1cb3254333d5a80ffd8046da053d3
297,5000,1.485005,0x5603e9614eb82f61407aced212b7515686351133,2017-10-30T07:27:32.000Z,0.000297001,0x6439aa797fbb8e0166ae664acc9a6ca6ab07a2da,sell,0x65292eeadf1426cd2df1c4793a3d7519f253913b,0x128212688e63bb297b335c40918433fa338ef3f4a223371c3f753f5df84022a5
298,721.9229279234373,0.21448402380898116,0x5603e9614eb82f61407aced212b7515686351133,2017-10-30T06:28:24.000Z,0.000297101,0xe63faeefe2bbc40fc4d44e163561c871bdb16954,sell,0x65292eeadf1426cd2df1c4793a3d7519f253913b,0x80d56f19bb569810932cdf3b62eb26283fbb455fd61ece12e61d7db35cbdc2f1
299,223.037,0.068026285,0x5603e9614eb82f61407aced212b7515686351133,2017-10-30T06:27:13.000Z,0.000305,0xe63faeefe2bbc40fc4d44e163561c871bdb16954,sell,0x65292eeadf1426cd2df1c4793a3d7519f253913b,0x3bb5f79d95f36654b186ffe66532c31f56d02aca282c3763b26a42e82c268cba
300,776.9628616447025,0.23697367280163426,0x5603e9614eb82f61407aced212b7515686351133,2017-10-30T05:55:35.000Z,0.000305,0x945df54583eb102061f57d3b4f3e499d7acc49b7,sell,0x65292eeadf1426cd2df1c4793a3d7519f253913b,0x04948586eb9b86ef880a91bf400b9bb23ab995291e026854f59603404715c419
301,5000,1.54,0x5603e9614eb82f61407aced212b7515686351133,2017-10-30T05:54:14.000Z,0.000308,0x1eaa18a0e964d346f2b5182be3f97d7aab5145b9,buy,0x65292eeadf1426cd2df1c4793a3d7519f253913b,0x1cfc2d60a96b61135e143c64dc9dd9962fcfd075d5ece7a2ef1fd113eb1bb03d
302,3738.6786318096497,1.151513018597372,0x3efd9b0bd8e4595bc494539aca584821950106ee,2017-10-30T05:54:07.000Z,0.000308,0x1eaa18a0e964d346f2b5182be3f97d7aab5145b9,buy,0x65292eeadf1426cd2df1c4793a3d7519f253913b,0x8a2196514e2e463823d0fbbb12d6eccf4fd58098898d45ce4696481877f517f9
303,1000,0.3,0x5603e9614eb82f61407aced212b7515686351133,2017-10-30T05:53:43.000Z,0.0003,0x945df54583eb102061f57d3b4f3e499d7acc49b7,sell,0x65292eeadf1426cd2df1c4793a3d7519f253913b,0xe092007453d48ceeb759833980c103e1a9740d147994d0076befbc990f33311f
304,2500,0.7427575,0x5603e9614eb82f61407aced212b7515686351133,2017-10-30T05:51:53.000Z,0.000297103,0x945df54583eb102061f57d3b4f3e499d7acc49b7,sell,0x65292eeadf1426cd2df1c4793a3d7519f253913b,0x1bac733b5636c65a6a144af797271154501ac32e866f032d5ba938f5cabf2a24
305,610,0.18788,0x01c05bf83d6fa609939821ab2b2d9267bd2f2273,2017-10-30T05:47:42.000Z,0.000308,0x1eaa18a0e964d346f2b5182be3f97d7aab5145b9,buy,0x65292eeadf1426cd2df1c4793a3d7519f253913b,0x25a9b42205efa6c2fba81a79acc67a0f4ed1e832ea6c9940a6a819eec08311ed
306,4289.871398664141,1.2569323198085933,0x945df54583eb102061f57d3b4f3e499d7acc49b7,2017-10-30T04:56:06.000Z,0.00029299999999999997,0x3285de43ad6ad897cfdf0e48808b2aaca3df871d,sell,0x65292eeadf1426cd2df1c4793a3d7519f253913b,0xd9e793a8a9c557c76ff16f702d955392619fcbbcbcec416bc34c54f766e10483
307,193.40045857840693,0.05743993619778686,0x89be575727156aca2c35cb1703e8f4b1e0ffe9e8,2017-10-30T04:17:28.000Z,0.000297,0xa406f04fd6b06e709b9e7cff1767d1b4f345a25f,sell,0x65292eeadf1426cd2df1c4793a3d7519f253913b,0x3699d023ed973923109c35e4a7052b4dcd470005a00233a01f54119c228da50c
308,462.56604525969493,0.1373821154421294,0x89be575727156aca2c35cb1703e8f4b1e0ffe9e8,2017-10-30T02:47:41.000Z,0.000297,0xee3f07980dcadfa90d7d1852d67531d045dbd140,sell,0x65292eeadf1426cd2df1c4793a3d7519f253913b,0x5c21f0a163f8d85303dcb466cf822abc80a01b59d34338835b5ed99f4a47509b
309,2.5,0.00077,0x98a42412fd0ee0c7703a51909ce476a5941ccf50,2017-10-30T02:13:48.000Z,0.000308,0x1eaa18a0e964d346f2b5182be3f97d7aab5145b9,buy,0x65292eeadf1426cd2df1c4793a3d7519f253913b,0xac0802d612c8011cdc7addc8663f8701b3efaf02bd19a40eb5a24cc7db8745c0
310,1.3473458378343,0.000400161713836787,0x89be575727156aca2c35cb1703e8f4b1e0ffe9e8,2017-10-30T02:10:20.000Z,0.0002969999999999999,0x16e5d97bbc92417e051e3b2cabfbf8ceea2acb9c,sell,0x65292eeadf1426cd2df1c4793a3d7519f253913b,0xb5639f79a04bf3c98cd70637b5a98c78285db27d29227167260427c7218998c3
311,68.50694444444444,0.01973,0x1f22b9a1346ff129c014e4601e06155f5a47ec88,2017-10-30T01:40:49.000Z,0.00028799999999999995,0x43c32c6f9684bed42e26454ed93ee944b6dbc129,sell,0x65292eeadf1426cd2df1c4793a3d7519f253913b,0x090c9cbcca87940bb36126590838d8d2e27ba1eee286a99619bb2c14202963d4
312,520,0.1482,0xf187eb34073c29ed27a39fb07f3cdd5ad75c99be,2017-10-30T01:28:52.000Z,0.000285,0x43c32c6f9684bed42e26454ed93ee944b6dbc129,sell,0x65292eeadf1426cd2df1c4793a3d7519f253913b,0x7b2487af506a342e38282f6b656b6a55467c98c9d4bb43348489a76a2e9a3b7d
313,3188.5814644634193,0.9438519992958166,0x2475fe4d7a9d7d2e7908baf6697b801596bf5148,2017-10-30T00:19:34.000Z,0.00029601,0x062582e3726311ba3934f364da189a5c8ba301db,sell,0x65292eeadf1426cd2df1c4793a3d7519f253913b,0x8a23971d102e17ef32989407ee3a3027ba448a2400b401551c40c24b7b5eb984
314,1096.2909601163951,0.3246117532904646,0x492842125e4c3a7d10cda0e0291ea22788e4ad60,2017-10-30T00:16:57.000Z,0.0002961,0x062582e3726311ba3934f364da189a5c8ba301db,sell,0x65292eeadf1426cd2df1c4793a3d7519f253913b,0x76e60a51a14e785320757c68d81fc3c5b140469eb490f0bf757b4cdbd78a978f
315,84.7,0.025410847,0x3b07174592fba512424ffdd73b06c1889e194526,2017-10-30T00:16:09.000Z,0.00030001,0x062582e3726311ba3934f364da189a5c8ba301db,sell,0x65292eeadf1426cd2df1c4793a3d7519f253913b,0x701c2b181d75db8dfb088ccbff6963ad458641a29f98b80bb708954cd1875586
316,93.70903988360489,0.027747246709535406,0x492842125e4c3a7d10cda0e0291ea22788e4ad60,2017-10-29T23:51:55.000Z,0.0002961,0x99bff24ee00bb6a32ea54a98fbee3742c2eb0436,sell,0x65292eeadf1426cd2df1c4793a3d7519f253913b,0x59aa8a6c56cdfc88c6fbf81478ec9da590dcaecaee0e95cde87070e772247971
317,500,0.14805,0x492842125e4c3a7d10cda0e0291ea22788e4ad60,2017-10-29T23:10:43.000Z,0.0002961,0x3149ec41165b76e08b16dc206975aa54222f1bad,sell,0x65292eeadf1426cd2df1c4793a3d7519f253913b,0x4af5b4b9cef183c201491ac01415f441791b621fa802b4640e482516b376d775
318,170,0.051,0x815a1c56d553ea72fc5b907ceca0ebd1d3b56818,2017-10-29T23:10:05.000Z,0.0003,0x3149ec41165b76e08b16dc206975aa54222f1bad,sell,0x65292eeadf1426cd2df1c4793a3d7519f253913b,0x0d371158c5a1a505077cb76d2430661e0731c97bfe0c8584e4291c7215c295ea
319,341.473898447281,0.10517396072176254,0xd70bca39e5d99671ef6a6be62c1624df419a13c0,2017-10-29T21:46:47.000Z,0.000308,0x1eaa18a0e964d346f2b5182be3f97d7aab5145b9,buy,0x65292eeadf1426cd2df1c4793a3d7519f253913b,0x5d32948654d9ddcc553f04a5b5a98068930552cfc6895ced5d48dd8f647015bd
320,7444.616038956563,2.2929417399986214,0x8470d0636de2e0d2dc898e005c016058e8e5e6fd,2017-10-29T21:37:12.000Z,0.000308,0x1eaa18a0e964d346f2b5182be3f97d7aab5145b9,buy,0x65292eeadf1426cd2df1c4793a3d7519f253913b,0xe1d1e8347dde502086b568399728c06909647c740f7ba428abd551e53c688af0
321,670,0.20636,0x338e25a8fa1b3f55cdb3877e9d0fed1f00fa8033,2017-10-29T20:01:41.000Z,0.000308,0x1eaa18a0e964d346f2b5182be3f97d7aab5145b9,sell,0x65292eeadf1426cd2df1c4793a3d7519f253913b,0x2df2e0fb35dcb48e2ade1dd5daf79ed260c40d289fa157e97769fc1f0e0421ae
322,9.710158249685714,0.0029907287409032,0x4c1d1d441e5a513406d8b97609a38ad936130b26,2017-10-29T19:38:47.000Z,0.000308,0x1eaa18a0e964d346f2b5182be3f97d7aab5145b9,buy,0x65292eeadf1426cd2df1c4793a3d7519f253913b,0xb777deb198ec058e0533e7766dda845e72295cf84700684f15932563dfba0098
323,84.1989831522281,0.025428092911972885,0x8990fe450374c061dd344ff1d31fe62df6ea30b5,2017-10-29T19:27:45.000Z,0.00030199999999999997,0x3b07174592fba512424ffdd73b06c1889e194526,sell,0x65292eeadf1426cd2df1c4793a3d7519f253913b,0x4775a32b7bfaa71dd26c2bdc9175a751b58221ee2ed4de652c74ba532601b68a
324,7496.835853839991,2.369000129813437,0x5933ec2852dc662a5df3ba42744a8472e17c7866,2017-10-29T18:53:55.000Z,0.000316,0xe66f896b2de35f2185005b3d8faced215825bab6,sell,0x65292eeadf1426cd2df1c4793a3d7519f253913b,0xca2273c1080538026c0b45c4b015b3fbbf1c435b188aef16911896113f335357
325,3860.011248281667,1.1387419183555747,0x549f2ac2f129c6df05e3b13122e86b45d9cd4fc3,2017-10-29T18:51:55.000Z,0.00029501,0x7365bc87a9ed443ceb265b0cc7c5f2a15c240c25,sell,0x65292eeadf1426cd2df1c4793a3d7519f253913b,0xc6dfd0418003191747c8e7c617bb4d8a452fb13484d38403ced64a10e1ead871
326,21000,6.09021,0x945df54583eb102061f57d3b4f3e499d7acc49b7,2017-10-29T18:49:47.000Z,0.00029001,0x7365bc87a9ed443ceb265b0cc7c5f2a15c240c25,sell,0x65292eeadf1426cd2df1c4793a3d7519f253913b,0xe02f3b3ca62b2746bc9f1f2a20f751dad67083f77f1d5f77ce30fba0f06967ed
327,5109.291830357587,1.532787549107276,0x72e05d18e7dbb79f8d70a0a85d38ad552e676ff2,2017-10-29T18:49:12.000Z,0.0003,0x7365bc87a9ed443ceb265b0cc7c5f2a15c240c25,sell,0x65292eeadf1426cd2df1c4793a3d7519f253913b,0xfd0f7741aa51f5a9e3124a51af09b0bbc6fc169e14db21aabd2b0fc93704cc47
328,350,0.10535,0x6b9fa468597e3edbcab7ecbefb0888a51020938e,2017-10-29T18:42:06.000Z,0.000301,0x7365bc87a9ed443ceb265b0cc7c5f2a15c240c25,sell,0x65292eeadf1426cd2df1c4793a3d7519f253913b,0xd92ab23f3c57e1a64ec5d54cf9a8ddc861e4a1e1943498b1faf1d8082b528afa
329,733,0.219972567,0x28fc50a4088f19e18ec8272f5a3fcd035bc2cbe5,2017-10-29T18:42:00.000Z,0.000300099,0x7365bc87a9ed443ceb265b0cc7c5f2a15c240c25,sell,0x65292eeadf1426cd2df1c4793a3d7519f253913b,0xc50ee2a2103c97cd1a6286a88e726f5a3b955c880af5cb6cf3f8a46d9646aee2
330,7000,2.1,0x2951c68ff60150aade35d01936d2086166b017d0,2017-10-29T18:41:53.000Z,0.0003,0x7365bc87a9ed443ceb265b0cc7c5f2a15c240c25,sell,0x65292eeadf1426cd2df1c4793a3d7519f253913b,0xdd71560ac4368a807236740445d4e2cae300b54df67ae9b5b7c2281b3ee10774
331,19001.528,5.719440926472,0x549f2ac2f129c6df05e3b13122e86b45d9cd4fc3,2017-10-29T18:26:40.000Z,0.000300999,0x7365bc87a9ed443ceb265b0cc7c5f2a15c240c25,sell,0x65292eeadf1426cd2df1c4793a3d7519f253913b,0xbcd6c2f77086aa20df271c2437c0680adaf9087833a3c4e33cac23ec86f1a4b7
332,920.809,0.27726479799,0x99bc37ffa8c3b9e6f4792abf009cc294b34947bc,2017-10-29T18:25:46.000Z,0.00030111,0x7365bc87a9ed443ceb265b0cc7c5f2a15c240c25,sell,0x65292eeadf1426cd2df1c4793a3d7519f253913b,0x49cbd408ef6bfda4e14e79d7cd79969423e1f36dcb11209741b60aa339eaf97f
333,20350,6.12537035,0x549f2ac2f129c6df05e3b13122e86b45d9cd4fc3,2017-10-29T18:25:46.000Z,0.000301001,0x7365bc87a9ed443ceb265b0cc7c5f2a15c240c25,sell,0x65292eeadf1426cd2df1c4793a3d7519f253913b,0x9fc1e32f61cf417909fcd36e1c0b5f8671707c53e26552a57f3adb023c9f8cf8
334,7000.529797314831,2.1210905232884207,0xea36a738ba82b3066bc7e77b949cfcf3bbab3a31,2017-10-29T18:23:14.000Z,0.00030299,0xda896bd9e964386f7343414a646c8ef75d5ae009,buy,0x65292eeadf1426cd2df1c4793a3d7519f253913b,0xdce3485cfbb77d149447bcdc50a6719726b56adc4eb3c6b15e397d68bd32ea4b
335,2000,0.6042,0x89be575727156aca2c35cb1703e8f4b1e0ffe9e8,2017-10-29T18:17:45.000Z,0.0003021,0xda896bd9e964386f7343414a646c8ef75d5ae009,sell,0x65292eeadf1426cd2df1c4793a3d7519f253913b,0xb2e242f8de3cba11ec43eb2ab523200ab00fec4f4eba4986f91950515c866df6
336,7000,2.121,0x1eaa18a0e964d346f2b5182be3f97d7aab5145b9,2017-10-29T18:13:52.000Z,0.000303,0x7365bc87a9ed443ceb265b0cc7c5f2a15c240c25,buy,0x65292eeadf1426cd2df1c4793a3d7519f253913b,0x462847d868db4afda2577c3186208dbaa421b5ce2a357fc044616881d745efe3
337,4901.804,1.4813251688,0x1eaa18a0e964d346f2b5182be3f97d7aab5145b9,2017-10-29T18:12:45.000Z,0.0003022,0xda896bd9e964386f7343414a646c8ef75d5ae009,sell,0x65292eeadf1426cd2df1c4793a3d7519f253913b,0x45f2867bd13177da2c0e013ad6d2d21939cda122a1c8e3328caa3adb5c3e7b3c
338,2000,0.612,0x89be575727156aca2c35cb1703e8f4b1e0ffe9e8,2017-10-29T17:22:34.000Z,0.000306,0x1eaa18a0e964d346f2b5182be3f97d7aab5145b9,buy,0x65292eeadf1426cd2df1c4793a3d7519f253913b,0x95b9c532141333d4af29cbf0eb23ed1c000ab66b6ccb5f62f52924f7e75359a5
339,3089.5115143056523,0.9409107316817865,0x0179e021f5580aa255cf138ed54ac3af3829008c,2017-10-29T16:58:39.000Z,0.00030455,0x747979c9dc63256b97b16ccc2f9ff004015b287d,sell,0x65292eeadf1426cd2df1c4793a3d7519f253913b,0xdcff5083094421dbb2c2b8bf77a64c043857f97e0e432c4ceb2f1f37bfed89d9
340,2911.9728840594157,0.8868413418402951,0x0179e021f5580aa255cf138ed54ac3af3829008c,2017-10-29T16:38:41.000Z,0.00030455,0x1bf546e7e42ebc76c270f84dc9f5f3e2e8e7276d,sell,0x65292eeadf1426cd2df1c4793a3d7519f253913b,0x9aedac8dd69b19138a00bebfa385554ae30dc02e7fac738917bfbe9a9e8c7d21
341,583.4150038962173,0.17767903943659297,0x0179e021f5580aa255cf138ed54ac3af3829008c,2017-10-29T16:27:06.000Z,0.00030455,0x2bea862d6c4784cb40b991d763afde097394d8c6,sell,0x65292eeadf1426cd2df1c4793a3d7519f253913b,0x6265142b46f06278b69f13a337a7bc6ffbbb32e1c1bc6885998183e57e8b869d
342,1254.6153657216014,0.38389975575715285,0xbaea8152597c9fc853c5d0c15e3030abb04d63e0,2017-10-29T16:24:07.000Z,0.00030599,0xda896bd9e964386f7343414a646c8ef75d5ae009,buy,0x65292eeadf1426cd2df1c4793a3d7519f253913b,0x67e942f2ee05e04450150189ce6d628bedf457e102a7a46f0b4890cef8747041
343,5057,1.542385,0xbaea8152597c9fc853c5d0c15e3030abb04d63e0,2017-10-29T16:22:35.000Z,0.000305,0x99bc37ffa8c3b9e6f4792abf009cc294b34947bc,buy,0x65292eeadf1426cd2df1c4793a3d7519f253913b,0xbd2e36f1e90f9733574c6735ae8330e7af28b0d3ab8ce0344f3e9121fc00e66e
344,0.009789212806266084,0.000003009448746966,0xda896bd9e964386f7343414a646c8ef75d5ae009,2017-10-29T16:11:42.000Z,0.00030742499999996417,0xb1bd7cc0f172bbac6c96db1eafad947747132abd,sell,0x65292eeadf1426cd2df1c4793a3d7519f253913b,0xf96fc0ee7adc3fd0a2570afa155e2836b56097e38cf2aeb3fb179429bef9b573
345,98.19559365965507,0.02967470840394776,0x1eaa18a0e964d346f2b5182be3f97d7aab5145b9,2017-10-29T16:09:38.000Z,0.0003022,0xb1bd7cc0f172bbac6c96db1eafad947747132abd,sell,0x65292eeadf1426cd2df1c4793a3d7519f253913b,0xa2fe9f39388f87eae484dee6186d48d7ca0557025218e8765a41fa281c63a9d1
346,2000,0.6119990102,0xee7acd51a05bdd280d84caf0b506ea1b66743818,2017-10-29T16:05:04.000Z,0.0003059995051,0xda896bd9e964386f7343414a646c8ef75d5ae009,buy,0x65292eeadf1426cd2df1c4793a3d7519f253913b,0xf55c81c26a521d8c72b388df502477e1546837fdda297ff3b7405daa74f53369
347,500,0.15245,0x1ac4a9ac7517b725b9fe1fa8323e0c15eda42fa1,2017-10-29T16:02:40.000Z,0.0003049,0xb1bd7cc0f172bbac6c96db1eafad947747132abd,sell,0x65292eeadf1426cd2df1c4793a3d7519f253913b,0xbdfba4346693525cd2f2e37d295e982d72e0712148101fedaa0f9c988972548b
348,3000,0.9179985153,0x89be575727156aca2c35cb1703e8f4b1e0ffe9e8,2017-10-29T16:01:34.000Z,0.0003059995051,0xda896bd9e964386f7343414a646c8ef75d5ae009,buy,0x65292eeadf1426cd2df1c4793a3d7519f253913b,0xcfb376b1b12f018820070cb64cf6e4e35336959edbb2281de986252e419a0206
349,585.2235904082955,0.1806,0x2bea862d6c4784cb40b991d763afde097394d8c6,2017-10-29T15:48:21.000Z,0.00030859999999999997,0x1eaa18a0e964d346f2b5182be3f97d7aab5145b9,sell,0x65292eeadf1426cd2df1c4793a3d7519f253913b,0x2189bb32b60d8486d948cdfee8baccc37696f8dceda04357f1f7d2000605e2aa
350,1500,0.46425,0x1bf546e7e42ebc76c270f84dc9f5f3e2e8e7276d,2017-10-29T15:46:19.000Z,0.0003095,0xda896bd9e964386f7343414a646c8ef75d5ae009,buy,0x65292eeadf1426cd2df1c4793a3d7519f253913b,0xdd819bfbe238f10dfea01dd312b6baa3ce92c4c50d466e1231ab01ca54762360
351,10030,3.07919997,0xc9d56287b414e1aa0963016aa721b527f095fd9c,2017-10-29T15:25:58.000Z,0.000306999,0xda896bd9e964386f7343414a646c8ef75d5ae009,buy,0x65292eeadf1426cd2df1c4793a3d7519f253913b,0xd2c9ae4f9f71e1326914e5d4ba23faed3edae59d752e104fcedaff093ab5d8e0
352,10000,3.099,0xda896bd9e964386f7343414a646c8ef75d5ae009,2017-10-29T15:25:58.000Z,0.0003099,0xc9d56287b414e1aa0963016aa721b527f095fd9c,sell,0x65292eeadf1426cd2df1c4793a3d7519f253913b,0xd2c9ae4f9f71e1326914e5d4ba23faed3edae59d752e104fcedaff093ab5d8e0
353,210,0.06446979,0x4ce32597fbe8a4097193f8a1e12befd3c51043ff,2017-10-29T15:25:22.000Z,0.000306999,0xda896bd9e964386f7343414a646c8ef75d5ae009,buy,0x65292eeadf1426cd2df1c4793a3d7519f253913b,0x405f33425b716c8f1d0e373c17cf331a60501828339d38fb54cf6bc8a4ea8fcf
354,300,0.0921,0xc1c59390f2aaa7def424605d96769ef7a7c64916,2017-10-29T15:12:41.000Z,0.000307,0x1eaa18a0e964d346f2b5182be3f97d7aab5145b9,buy,0x65292eeadf1426cd2df1c4793a3d7519f253913b,0x849400e7b2dc69119603cbb8f3e607bae6b9712e4bf3d786d61e46c9744997ba
355,5000,1.53,0xa6917bc0d7ebee1e8e45a2593c2bafb870b43f47,2017-10-29T15:10:48.000Z,0.000306,0x1eaa18a0e964d346f2b5182be3f97d7aab5145b9,buy,0x65292eeadf1426cd2df1c4793a3d7519f253913b,0x12d3f9b33b8143fa544e33efbdee53f6799ece0879011ed2f181c7227c56902a
356,141,0.043146,0x6a208935011555cd4896d449bd6686485f5d1000,2017-10-29T15:09:30.000Z,0.000306,0x1eaa18a0e964d346f2b5182be3f97d7aab5145b9,buy,0x65292eeadf1426cd2df1c4793a3d7519f253913b,0x1cb8e94841580641462ec8dd3f9f04e62e25f82d7faf1995b73c99bd03807e2c
357,5057.190708802712,1.5227706943275845,0x99bc37ffa8c3b9e6f4792abf009cc294b34947bc,2017-10-29T14:36:50.000Z,0.00030111,0xf3683703b1df78685051f93a270daa803ad8c3e7,sell,0x65292eeadf1426cd2df1c4793a3d7519f253913b,0x029310868e908688a831a4a20f798ac0f4e1543ff4e658e4d1c9bffbb903badf
358,10000,3.09,0x09e396aca9535fffc68c72f880ab36e252b73a43,2017-10-29T14:30:10.000Z,0.000309,0xda896bd9e964386f7343414a646c8ef75d5ae009,buy,0x65292eeadf1426cd2df1c4793a3d7519f253913b,0x500b6eb1f8c2c19499e9577642c3249abe1a23864151c8685238f1240cce16af
359,1000,0.305,0x75d636a7d03760f4ab77d139ec79599475686775,2017-10-29T14:14:47.000Z,0.000305,0x1eaa18a0e964d346f2b5182be3f97d7aab5145b9,buy,0x65292eeadf1426cd2df1c4793a3d7519f253913b,0x58d64c404ec151187ed257583d56676aebadb49b2cfd84ccf1b96201ad24ce70
360,0.26942118630746004,0.00009607559503724,0xf2f8963dc08974f397243bce2f6efdb93a79656a,2017-10-29T14:12:28.000Z,0.00035659999999999907,0x1d5321e125f6c7079a716705541c7b371ca79e69,sell,0x65292eeadf1426cd2df1c4793a3d7519f253913b,0x80dfd17877b4043a0e4d720325ead6d7b1bfd111b9c8080c6d20397bf79fb660
361,0.2702294498663824,0.00008239295926426,0x1d5321e125f6c7079a716705541c7b371ca79e69,2017-10-29T14:12:28.000Z,0.0003049,0xda896bd9e964386f7343414a646c8ef75d5ae009,buy,0x65292eeadf1426cd2df1c4793a3d7519f253913b,0x80dfd17877b4043a0e4d720325ead6d7b1bfd111b9c8080c6d20397bf79fb660
362,2915.8010168477717,0.8805719070880271,0x8990fe450374c061dd344ff1d31fe62df6ea30b5,2017-10-29T14:05:06.000Z,0.00030199999999999997,0x39b421eaf279c35f69afb85c8762d1d7a3511c98,sell,0x65292eeadf1426cd2df1c4793a3d7519f253913b,0x89d3b876ce4a6118139ccdcd494ae9a156095f672aeb755ac824f8366fff357c
363,1000,0.3032,0x1eaa18a0e964d346f2b5182be3f97d7aab5145b9,2017-10-29T14:03:06.000Z,0.0003032,0x39b421eaf279c35f69afb85c8762d1d7a3511c98,sell,0x65292eeadf1426cd2df1c4793a3d7519f253913b,0x7a37cba26d220bc1705977cc6d04bc80c216f18c29a4ac7332566aa5f16ceb93
364,10000,3.03,0x1eaa18a0e964d346f2b5182be3f97d7aab5145b9,2017-10-29T14:02:36.000Z,0.000303,0x39b421eaf279c35f69afb85c8762d1d7a3511c98,sell,0x65292eeadf1426cd2df1c4793a3d7519f253913b,0x8b50db46d8c64a6141d2b7a2ad9d818e14526374fc68cdc9eafb6965d14687fa
365,186.37,0.05702903363,0x1eaa18a0e964d346f2b5182be3f97d7aab5145b9,2017-10-29T13:45:26.000Z,0.000305999,0xc7954ad7f35fe1e61b088fa1367a03d19cf1ed03,buy,0x65292eeadf1426cd2df1c4793a3d7519f253913b,0x3db893012b3620d662ec11a2999cc8a024b4c5d63bd0821173733396322d5f73
366,665.269,0.203572314,0x1eaa18a0e964d346f2b5182be3f97d7aab5145b9,2017-10-29T13:30:26.000Z,0.000306,0x120523daa602ef7d8b93d5ac161192b232468d79,buy,0x65292eeadf1426cd2df1c4793a3d7519f253913b,0xb4a566bb5d3232af1ea73e972c3c20303023e597ad8458d2449dfe2646036300
367,1000,0.30599,0x1eaa18a0e964d346f2b5182be3f97d7aab5145b9,2017-10-29T13:25:29.000Z,0.00030599,0xda896bd9e964386f7343414a646c8ef75d5ae009,buy,0x65292eeadf1426cd2df1c4793a3d7519f253913b,0x8d17a9219dca00446040d1912c6bb2bffec3448f1a2295093e3ef4b2e2f882ef
368,173.018,0.0527877918,0x600bf5b4c26ab95cc6260e5fac8c77154308024e,2017-10-29T13:25:17.000Z,0.0003051,0x120523daa602ef7d8b93d5ac161192b232468d79,sell,0x65292eeadf1426cd2df1c4793a3d7519f253913b,0xda63981deda8f84460ffbacc0b8ec345853315b005673897ff1503b58d9c97d3
369,25.241,0.00770481525,0x6e1f291b9358214d1c2e12f266e1e15775bd12bc,2017-10-29T13:24:47.000Z,0.00030525,0x120523daa602ef7d8b93d5ac161192b232468d79,sell,0x65292eeadf1426cd2df1c4793a3d7519f253913b,0x0c1a12c8ae69ba61a1a735afc11da222c200fd28c30bfa22dc021c4ebed68de1
370,4.7,0.001472087,0xda896bd9e964386f7343414a646c8ef75d5ae009,2017-10-29T13:23:40.000Z,0.00031321,0x120523daa602ef7d8b93d5ac161192b232468d79,sell,0x65292eeadf1426cd2df1c4793a3d7519f253913b,0x30fce7ae316c2f48157ce166f8a807baa96eeb0d8ee0cfc0698b868c43eb7cea
371,3.9,0.0012354537,0xda896bd9e964386f7343414a646c8ef75d5ae009,2017-10-29T13:22:51.000Z,0.000316783,0x120523daa602ef7d8b93d5ac161192b232468d79,sell,0x65292eeadf1426cd2df1c4793a3d7519f253913b,0x492e54881be5c82aae44796d2baa030cc6915047d8ec2d44cefdf18a3bd8c544
372,872.7489927849111,0.2670611917921828,0x120523daa602ef7d8b93d5ac161192b232468d79,2017-10-29T13:21:55.000Z,0.000306,0x1eaa18a0e964d346f2b5182be3f97d7aab5145b9,buy,0x65292eeadf1426cd2df1c4793a3d7519f253913b,0xabd37063e99e2d857887132d66f0b2b968c7ab36683158dcf889173ae98532ce
373,10000,3.01,0x1eaa18a0e964d346f2b5182be3f97d7aab5145b9,2017-10-29T13:08:02.000Z,0.000301,0x6439aa797fbb8e0166ae664acc9a6ca6ab07a2da,sell,0x65292eeadf1426cd2df1c4793a3d7519f253913b,0xa51d0789b34d50153985600a864b8a4722d6f39b46b52c2973625f204d94689a
374,10000,3.01,0x1eaa18a0e964d346f2b5182be3f97d7aab5145b9,2017-10-29T13:07:58.000Z,0.000301,0x6439aa797fbb8e0166ae664acc9a6ca6ab07a2da,sell,0x65292eeadf1426cd2df1c4793a3d7519f253913b,0x0108f72ba2a39d9f835d528a6048a2637f9dc04039ce230615b07b10beb6a5ce
375,13861,4.227605,0x8b84a01f601858926999386833f218a75579ca8e,2017-10-29T13:07:52.000Z,0.000305,0x1eaa18a0e964d346f2b5182be3f97d7aab5145b9,buy,0x65292eeadf1426cd2df1c4793a3d7519f253913b,0xb60aedf1fe6a4a9b32bfb4f2d39b0cc8820c34b266b708ea97c5d19a844e4aa5
376,10000,3.05,0x8b84a01f601858926999386833f218a75579ca8e,2017-10-29T12:51:13.000Z,0.000305,0x1eaa18a0e964d346f2b5182be3f97d7aab5145b9,buy,0x65292eeadf1426cd2df1c4793a3d7519f253913b,0x6db02cb81a83e2687733742c8fb7e042cf5e67acd70490be9531f347f31a1fb0
377,10000,3.03,0x8b84a01f601858926999386833f218a75579ca8e,2017-10-29T12:45:44.000Z,0.000303,0x1eaa18a0e964d346f2b5182be3f97d7aab5145b9,buy,0x65292eeadf1426cd2df1c4793a3d7519f253913b,0x49a19f41b15021aa6f6f1dd7d6ed08113eb4f0c03c14b5dbe3197fb673bb4aea
378,470,0.143444,0xc4ce7d6b8b01d1ce6aec1e5295aa5c91d8f420fb,2017-10-29T12:43:47.000Z,0.0003052,0x1eaa18a0e964d346f2b5182be3f97d7aab5145b9,sell,0x65292eeadf1426cd2df1c4793a3d7519f253913b,0x188bcf3805f68de2df2557ef865d2be4d993b5d69d664346ca0bb93cd9909477
