,amount,amountBase,buyer,date,price,seller,side,tokenAddr,txHash
0,10379.93755409,0.028025831396043,0xea77e83c306f3e3f4654e2b2e272306efc94c9bd,2017-11-02T14:43:29.000Z,0.0000027,0xc436223eaa54f3c1fbd956eefabae0da048f138b,sell,0xdded69d8e28d38d640f6244ab5294f309fd40ce1,0x76f64179cab736f42269e2fc18fdbe91babee3a2d700a23c1ef65cced1648b02
1,50,0.0005,0x4fda9e6bcd83af6c5cc771b5d20accc2b7720074,2017-11-02T12:35:43.000Z,0.00001,0x952c73db8f515b7d84a7d4f8c7bf1a2880be7f25,buy,0xdded69d8e28d38d640f6244ab5294f309fd40ce1,0x758835f13c582a5d100745df0a8911f5ad75a1d15ee1c285b395c93cccbbbd73
2,50,0.0005,0x3075f7f189912f4f425dd7021b9c396434197477,2017-11-02T12:10:59.000Z,0.00001,0x952c73db8f515b7d84a7d4f8c7bf1a2880be7f25,buy,0xdded69d8e28d38d640f6244ab5294f309fd40ce1,0xdecc7ceb735886d83abc9fdd8ced3e742f0cde55c46b535504f0019c27428818
3,2073.57192702,0.005598644202954,0xea77e83c306f3e3f4654e2b2e272306efc94c9bd,2017-11-01T16:23:11.000Z,0.0000027,0xcf4f5f219ebf2942df596db449269aa26a96131c,sell,0xdded69d8e28d38d640f6244ab5294f309fd40ce1,0x04f10cc884f40dbb641704a9572048c4649198fef3fb6608498fd5433eaf11b2
4,2073.57192702,0.005598644202954,0xea77e83c306f3e3f4654e2b2e272306efc94c9bd,2017-11-01T16:14:57.000Z,0.0000027,0x83b466e639f48cd34c56c787f3e7da8e2a437d2c,sell,0xdded69d8e28d38d640f6244ab5294f309fd40ce1,0x256fbf3ce91f95afbf95f7b0ada3d295a0333c836458539324529a42d6b9216c
5,2073.57192702,0.005598644202954,0xea77e83c306f3e3f4654e2b2e272306efc94c9bd,2017-11-01T14:39:03.000Z,0.0000027,0x4a3ce6a2444ee642b143ae129851b6e0579ae4f0,sell,0xdded69d8e28d38d640f6244ab5294f309fd40ce1,0x1fba3b78c4eeb46ef9a57da9c95a5af1a85e742092b4ce3a0a255bf89beb66a5
6,7926.01464023,0.024570645384713,0xd45cdf90eea2ad7b5423ba92045a999cfbde3678,2017-11-01T08:29:20.000Z,0.0000031,0x90aad56da23a48591d79a9873b3bd4d9e2dde91f,sell,0xdded69d8e28d38d640f6244ab5294f309fd40ce1,0xd9955df1618cff1aefaa939188129c935ecb9eb2d5e8a96372d360b2074e5513
7,2073.98535977,0.006429354615287,0xd45cdf90eea2ad7b5423ba92045a999cfbde3678,2017-11-01T03:24:24.000Z,0.0000031,0x7d878c82755b4831bb18b5df0b8fdf1e82cd61a2,sell,0xdded69d8e28d38d640f6244ab5294f309fd40ce1,0x8eebc7d2428e90a8e0eacceceafb05ddf8fbe0038cbbc501585d6cb6d318df48
8,0.20607754,0.000000556491789016,0x429c7cf947d18c6e14660975ba5272621a618b36,2017-10-31T11:37:06.000Z,0.0000027004,0x120523daa602ef7d8b93d5ac161192b232468d79,sell,0xdded69d8e28d38d640f6244ab5294f309fd40ce1,0xd1554186359824586f443845fb56bacba4edcc5e98895c11cebfa7f65cffc160
9,2067.16371948,0.005582168908083792,0x429c7cf947d18c6e14660975ba5272621a618b36,2017-10-31T10:08:52.000Z,0.0000027004,0x120523daa602ef7d8b93d5ac161192b232468d79,sell,0xdded69d8e28d38d640f6244ab5294f309fd40ce1,0x47920aa5a637804ac61770007cd29b555139cf6274e57a1c4d7224653a6d56a4
10,2000,0.03976,0xd8d06134e33e921cd7a7487a3e38cdbe82564f9c,2017-10-31T01:21:56.000Z,0.00001988,0xf1695582c702dd963a9abb90f1591d5bdfc22476,buy,0xdded69d8e28d38d640f6244ab5294f309fd40ce1,0x4b488ceb6051d96ffae1e7edeada955d81fc5e90a1d8e83b974a331526ae5842
11,2073.57192702,0.019906290499392,0x120523daa602ef7d8b93d5ac161192b232468d79,2017-10-30T21:47:51.000Z,0.0000096,0xc563305b275f66eb2e836bec2187b6859329a972,sell,0xdded69d8e28d38d640f6244ab5294f309fd40ce1,0x87262959971e9543cd168454ac4959e46dcead5a6114bec4b00304157e2270a4
12,1000,0.02,0x38f5ecbd20276178d8cf7453aab347260c9cdea7,2017-10-29T22:16:44.000Z,0.00002,0x1abf493f86c4be0530955ef551f8c64e7df4bd27,buy,0xdded69d8e28d38d640f6244ab5294f309fd40ce1,0xcc16db0d6df8c79850ef38a5a7c13a5c48b2e0c9b1eefcd8cf4e752b2e16b9a5
13,2080,0.04056,0x56e93558a97a7921daafa3c01888ba9eae7fa364,2017-10-29T20:25:42.000Z,0.0000195,0x6bb665019956b9b728419f193aa22920daea3325,buy,0xdded69d8e28d38d640f6244ab5294f309fd40ce1,0x4fe0747e3c750b3c68eaa011c47e7b8986096fc4388fd998962c159d279c48a0
14,5778.325,0.0548940875,0x243d25fa46782c9bcd20f306894f6774e095cfc5,2017-10-29T13:50:20.000Z,0.0000095,0x71e0083a42196576e29b64a37ce91209b1911c9f,sell,0xdded69d8e28d38d640f6244ab5294f309fd40ce1,0xba559483728a54aa8bdf070ea8c111a4c368a48490437e6e1c586d5aea225230
15,2073.57192702,0.01969893330669,0x243d25fa46782c9bcd20f306894f6774e095cfc5,2017-10-29T06:25:13.000Z,0.0000095,0x4b7fb61bcfcf8cc04f03fbcd34c29dc5190b89b9,sell,0xdded69d8e28d38d640f6244ab5294f309fd40ce1,0x115e534913c603972c6879554834f7d9b7ab57369f5d0187ecac847286cc5918
16,467.4247485,0.0044410025354985,0x971f30c325d9924ad472adf0bf98702502baad93,2017-10-29T05:49:46.000Z,0.000009501,0xdb5fae9f8ddd9c502cd432b4640b6a12ffdfd02f,sell,0xdded69d8e28d38d640f6244ab5294f309fd40ce1,0x708d3dad362b6a92403e6ace3d00fd0600e9d2321ff09d1bb9d422001c03a364
17,2147.70765719,0.020403222743305,0x243d25fa46782c9bcd20f306894f6774e095cfc5,2017-10-29T03:56:53.000Z,0.0000095,0x80f7b7d27b5c524c1eb4c3fbb3acc59b3c976d37,sell,0xdded69d8e28d38d640f6244ab5294f309fd40ce1,0x5d1c327c9d1f6dedd19c1c44775fa1fe350c180728841fb0ee42d5d3e3974f5d
18,2000,0.019004,0x132d1c6564ec904fc549620b3d6c56036bebc911,2017-10-29T03:54:42.000Z,0.000009502,0x80f7b7d27b5c524c1eb4c3fbb3acc59b3c976d37,sell,0xdded69d8e28d38d640f6244ab5294f309fd40ce1,0x51c831b1b4bbe7a748bd50290031bc5a904f26ec345cea9e3b83791cc5f4753e
19,2080,2.08,0x80f7b7d27b5c524c1eb4c3fbb3acc59b3c976d37,2017-10-29T03:39:52.000Z,0.001,0xdb5fae9f8ddd9c502cd432b4640b6a12ffdfd02f,buy,0xdded69d8e28d38d640f6244ab5294f309fd40ce1,0xc1902648c631ddccac6ac3454005672ce35b1b5ebd7518c5468cf417c2ac3d95
20,1,0.00002,0x2d7ad46c8c2128b37f7bbf1d70f81db34d1176ba,2017-10-29T03:37:27.000Z,0.00002,0x1abf493f86c4be0530955ef551f8c64e7df4bd27,buy,0xdded69d8e28d38d640f6244ab5294f309fd40ce1,0xc110e20ce2efa8c0ce56ca570c4f194b8f91e27ef01e828519946583b061b1d1
21,0.00000947,0.0393952,0xdb5fae9f8ddd9c502cd432b4640b6a12ffdfd02f,2017-10-29T03:35:08.000Z,4160,0xd2ea382e498316d91b9de8557670149b479721a0,sell,0xdded69d8e28d38d640f6244ab5294f309fd40ce1,0x6fd5eea0ceb305b332f49144e2c8e9b641f3db7ad4c3cef9461135f9db6d5cce
22,0.0000095,0.00000000019,0xd2ea382e498316d91b9de8557670149b479721a0,2017-10-29T03:35:08.000Z,0.00002,0x1abf493f86c4be0530955ef551f8c64e7df4bd27,buy,0xdded69d8e28d38d640f6244ab5294f309fd40ce1,0x6fd5eea0ceb305b332f49144e2c8e9b641f3db7ad4c3cef9461135f9db6d5cce
23,2080,0.0416,0x80f7b7d27b5c524c1eb4c3fbb3acc59b3c976d37,2017-10-29T03:23:24.000Z,0.00002,0xdb5fae9f8ddd9c502cd432b4640b6a12ffdfd02f,buy,0xdded69d8e28d38d640f6244ab5294f309fd40ce1,0x2c2d39969e8c316a9354542cde7f19001872a6e3c49a9a47f7b2bfcf3f5c2e3d
24,28605.87,0.57180273543,0xdb5fae9f8ddd9c502cd432b4640b6a12ffdfd02f,2017-10-29T03:21:59.000Z,0.000019989,0xdb5fae9f8ddd9c502cd432b4640b6a12ffdfd02f,buy,0xdded69d8e28d38d640f6244ab5294f309fd40ce1,0x167c155a7e283cc33a0041b71cfb0f694c4a41652848b2df7e05abe43228ed92
25,136023,2.71909977,0xdb5fae9f8ddd9c502cd432b4640b6a12ffdfd02f,2017-10-29T03:20:32.000Z,0.00001999,0x80f7b7d27b5c524c1eb4c3fbb3acc59b3c976d37,buy,0xdded69d8e28d38d640f6244ab5294f309fd40ce1,0x924940649f902a7165970fdc8413efacb485ca6e876cdd8ca1456992476caf08
26,20000,0.192,0x952c73db8f515b7d84a7d4f8c7bf1a2880be7f25,2017-10-29T03:01:01.000Z,0.0000096,0xdb5fae9f8ddd9c502cd432b4640b6a12ffdfd02f,sell,0xdded69d8e28d38d640f6244ab5294f309fd40ce1,0x3ae5ec1453fcac4d07878911a32c845b30d7f6c79c2eb91b9a379acf73f2b1cd
27,5500,0.055,0x572d61f11413b477c83699e3ea311293437d269a,2017-10-29T03:00:50.000Z,0.00001,0x80f7b7d27b5c524c1eb4c3fbb3acc59b3c976d37,sell,0xdded69d8e28d38d640f6244ab5294f309fd40ce1,0x66ec73e75e337c84b15c86265eeead0926bce9f01ac5d95ac76cc6b478b18c68
28,5500,0.055,0x572d61f11413b477c83699e3ea311293437d269a,2017-10-29T03:00:18.000Z,0.00001,0x80f7b7d27b5c524c1eb4c3fbb3acc59b3c976d37,sell,0xdded69d8e28d38d640f6244ab5294f309fd40ce1,0x66ec73e75e337c84b15c86265eeead0926bce9f01ac5d95ac76cc6b478b18c68
29,20000,0.192,0x952c73db8f515b7d84a7d4f8c7bf1a2880be7f25,2017-10-29T03:00:18.000Z,0.0000096,0xdb5fae9f8ddd9c502cd432b4640b6a12ffdfd02f,sell,0xdded69d8e28d38d640f6244ab5294f309fd40ce1,0x3ae5ec1453fcac4d07878911a32c845b30d7f6c79c2eb91b9a379acf73f2b1cd
30,4147.14385405,0.0415129099790405,0xdb5fae9f8ddd9c502cd432b4640b6a12ffdfd02f,2017-10-29T02:52:44.000Z,0.00001001,0x7d878c82755b4831bb18b5df0b8fdf1e82cd61a2,sell,0xdded69d8e28d38d640f6244ab5294f309fd40ce1,0x2ee917ada032dd701b2a52ad33633ae899aebcb1526cf3130c18ced60fbd77d7
31,4147.14385405,0.0415129099790405,0xdb5fae9f8ddd9c502cd432b4640b6a12ffdfd02f,2017-10-29T02:52:38.000Z,0.00001001,0x7d878c82755b4831bb18b5df0b8fdf1e82cd61a2,sell,0xdded69d8e28d38d640f6244ab5294f309fd40ce1,0x2ee917ada032dd701b2a52ad33633ae899aebcb1526cf3130c18ced60fbd77d7
32,20.8420175,0.0005,0x34f9560c63078eb61872a4dc2ccd20e21c34feaf,2017-10-28T20:44:13.000Z,0.0000239900000083965,0xedc8b0bb8042ca5e9bba9cf1d20a6194def58772,buy,0xdded69d8e28d38d640f6244ab5294f309fd40ce1,0x17ac2ec6016c0c14cbb5b0ba5bfa387783ef90d7f6f3ec587ff6097c35af0c25
33,20.8420175,0.0005,0xe444a40689f51f63bcd29910622035707d533d29,2017-10-28T20:44:13.000Z,0.0000239900000083965,0xedc8b0bb8042ca5e9bba9cf1d20a6194def58772,buy,0xdded69d8e28d38d640f6244ab5294f309fd40ce1,0xa5ecd09e77e3bc11d29a5e261cd072d78b53c5f4b3812093e00ed73962b20eea
34,2073.57192702,0.0207564549894702,0xdb5fae9f8ddd9c502cd432b4640b6a12ffdfd02f,2017-10-28T19:34:28.000Z,0.00001001,0xaa8cbdfb06699c609078eabaef87f94262081f0b,sell,0xdded69d8e28d38d640f6244ab5294f309fd40ce1,0xac829d06dd138a80d81ecd7edd153b086bd3f72d9ff4dd6daa84b77727431f92
35,2080,0.04991792,0x80f7b7d27b5c524c1eb4c3fbb3acc59b3c976d37,2017-10-28T18:39:49.000Z,0.000023999,0xdb5fae9f8ddd9c502cd432b4640b6a12ffdfd02f,buy,0xdded69d8e28d38d640f6244ab5294f309fd40ce1,0x3e747285b5c5ce1d6508a3b3bc846e1c0bf35a0dc83ba8e975132ce556143a05
36,2080,0.046176,0x80f7b7d27b5c524c1eb4c3fbb3acc59b3c976d37,2017-10-28T18:32:18.000Z,0.0000222,0xdb5fae9f8ddd9c502cd432b4640b6a12ffdfd02f,buy,0xdded69d8e28d38d640f6244ab5294f309fd40ce1,0x41619ae63613d7c4fe38ef78cbe464ff91adfe6dc6a64340fe70129103bdb557
37,2080,0.045968,0x80f7b7d27b5c524c1eb4c3fbb3acc59b3c976d37,2017-10-28T18:30:48.000Z,0.0000221,0xdb5fae9f8ddd9c502cd432b4640b6a12ffdfd02f,buy,0xdded69d8e28d38d640f6244ab5294f309fd40ce1,0x2d460f6eb4d811c04a5df0980ad848c770d538db345d710a05c6284d95b70e9b
38,2080,0.03952,0xdb5fae9f8ddd9c502cd432b4640b6a12ffdfd02f,2017-10-28T18:29:42.000Z,0.000019,0x80f7b7d27b5c524c1eb4c3fbb3acc59b3c976d37,buy,0xdded69d8e28d38d640f6244ab5294f309fd40ce1,0x30d2936faa8ffbc76f710a29a2348769b7e9f6e651cad7c9a33bce91f3c0faad
39,2080,0.03952,0xdb5fae9f8ddd9c502cd432b4640b6a12ffdfd02f,2017-10-28T18:28:52.000Z,0.000019,0x80f7b7d27b5c524c1eb4c3fbb3acc59b3c976d37,buy,0xdded69d8e28d38d640f6244ab5294f309fd40ce1,0xe07c1511547cdf538f3b734aea581f4b5f62277b07ac2a24150db68ad7af7556
40,14503.701,0.2683184685,0xdb5fae9f8ddd9c502cd432b4640b6a12ffdfd02f,2017-10-28T18:27:40.000Z,0.0000185,0x16d2d762f71ce31f95cf56fc87e5305643bdcfe0,buy,0xdded69d8e28d38d640f6244ab5294f309fd40ce1,0x914c904b907736c5dff60b98bd1f217c398697c1383952112193330d76bdf5d9
41,2080,0.0312,0xdb5fae9f8ddd9c502cd432b4640b6a12ffdfd02f,2017-10-28T18:22:45.000Z,0.000015,0x80f7b7d27b5c524c1eb4c3fbb3acc59b3c976d37,buy,0xdded69d8e28d38d640f6244ab5294f309fd40ce1,0x0950dd9e9f67bbf7da9f63c0b62c1ecf38d6a1cbc2a7a618ee8d5cd882f3bc7d
42,50000,0.5,0x80f7b7d27b5c524c1eb4c3fbb3acc59b3c976d37,2017-10-28T17:03:44.000Z,0.00001,0xdb5fae9f8ddd9c502cd432b4640b6a12ffdfd02f,sell,0xdded69d8e28d38d640f6244ab5294f309fd40ce1,0x47cef60d99fbf73d17daae34f5268703ebec8074a0a58a34e195339593b3c3b1
43,2926.428,0.0295569228,0xdb5fae9f8ddd9c502cd432b4640b6a12ffdfd02f,2017-10-28T16:27:06.000Z,0.0000101,0x80f7b7d27b5c524c1eb4c3fbb3acc59b3c976d37,sell,0xdded69d8e28d38d640f6244ab5294f309fd40ce1,0x3216459af2994aeb144cec166550ab026de6ceacd36c386c3ffc99bd22cab42e
44,2086.428,0.022950708,0xdb5fae9f8ddd9c502cd432b4640b6a12ffdfd02f,2017-10-28T16:26:29.000Z,0.000011,0x80f7b7d27b5c524c1eb4c3fbb3acc59b3c976d37,sell,0xdded69d8e28d38d640f6244ab5294f309fd40ce1,0xd5cfc77faab0a90b32ae9f66c2383a87190c1bb7f78cfe85d2d9f1f5730f90f4
45,2073.57192702,0.02280929119722,0xdb5fae9f8ddd9c502cd432b4640b6a12ffdfd02f,2017-10-28T15:00:18.000Z,0.000011,0xf76e446f45912a6168699b43e481d91a1c727b32,sell,0xdded69d8e28d38d640f6244ab5294f309fd40ce1,0xa0e2842a733204b8349862b805214d4710c662dfe45d65ab60ed456584d2f55e
46,1,0.000024,0xdb5fae9f8ddd9c502cd432b4640b6a12ffdfd02f,2017-10-28T14:45:57.000Z,0.000024,0x16d2d762f71ce31f95cf56fc87e5305643bdcfe0,buy,0xdded69d8e28d38d640f6244ab5294f309fd40ce1,0x5cd79fbbfcd65bd56d93df648eaed5be5abcffe71ca6a4c23da6d1b7ea5a0b5c
47,2080,0.051584,0x80f7b7d27b5c524c1eb4c3fbb3acc59b3c976d37,2017-10-28T12:25:23.000Z,0.0000248,0xdb5fae9f8ddd9c502cd432b4640b6a12ffdfd02f,buy,0xdded69d8e28d38d640f6244ab5294f309fd40ce1,0x27d02dafb9641e948b5ab826cc6bfe82160e910eef604a4bc318e074c0d6f298
48,1000,0.0102,0xdbbae39c54992479faac890e81eb4d8579b951d6,2017-10-28T11:59:38.000Z,0.0000102,0xdb5fae9f8ddd9c502cd432b4640b6a12ffdfd02f,sell,0xdded69d8e28d38d640f6244ab5294f309fd40ce1,0xeb09d2b67dadd563638dbf6414fa53b5c36cb6c7198a2d30a1bfc0367711357a
49,2073.57192702,0.020943076462902,0xdb5fae9f8ddd9c502cd432b4640b6a12ffdfd02f,2017-10-28T06:35:10.000Z,0.0000101,0xa7958db96629caacf931a0bd675b350a0c988d7d,sell,0xdded69d8e28d38d640f6244ab5294f309fd40ce1,0xd7aa435fc151bd556c3f7d541f5217e6eae7930613c327d01e81f0ec1431cbf3
50,0.000001,0.00099999999999,0xdb5fae9f8ddd9c502cd432b4640b6a12ffdfd02f,2017-10-28T05:46:01.000Z,999.99999999,0xf36990a2cb4d609e0a7d4f3bf884c0342d81fd3d,buy,0xdded69d8e28d38d640f6244ab5294f309fd40ce1,0x14ce0e3a553046e735dfc371ab47582ac0d6f13b264d8d1b684fe22a999329ed
51,730.14086898,0.018107493550913567,0xf6561e96977e573f96ae7761709c3bfd6677bd48,2017-10-28T00:15:55.000Z,0.00002480000000028702,0xa403b1b7ede70afe902ae6aaf213d8dd49615d58,buy,0xdded69d8e28d38d640f6244ab5294f309fd40ce1,0x1b4870b5c2cf1332d9a2abb6a8a26191fe9ef5dea34b8b4b277b0da40162e842
52,2080,0.051376,0xf6561e96977e573f96ae7761709c3bfd6677bd48,2017-10-28T00:15:55.000Z,0.0000247,0xdb5fae9f8ddd9c502cd432b4640b6a12ffdfd02f,buy,0xdded69d8e28d38d640f6244ab5294f309fd40ce1,0xa9cc0d27fe1551d2fb490c483b15809abd72ac820c6776904cbbffbaaa372727
53,2080,0.050128,0xf6561e96977e573f96ae7761709c3bfd6677bd48,2017-10-28T00:08:42.000Z,0.0000241,0x2f6cb1bde566a0536cec0099be0d824197c72c9b,buy,0xdded69d8e28d38d640f6244ab5294f309fd40ce1,0x879b61e41676931e7d199e25104e65d01f595e52d3afaf42ff15936b4ab59634
54,1080,0.008856,0xdb5fae9f8ddd9c502cd432b4640b6a12ffdfd02f,2017-10-27T21:44:29.000Z,0.0000082,0xa32ca5440470be952e93622ad6292aa93bc7a236,sell,0xdded69d8e28d38d640f6244ab5294f309fd40ce1,0x706f27c04997f3b56b5a8677dc9d43b4493d2a26e3ca142a1f1df4ac862856de
55,2080,0.051376,0xdb5fae9f8ddd9c502cd432b4640b6a12ffdfd02f,2017-10-27T20:41:34.000Z,0.0000247,0x80f7b7d27b5c524c1eb4c3fbb3acc59b3c976d37,buy,0xdded69d8e28d38d640f6244ab5294f309fd40ce1,0xffe38cf87db906004afc7c07b7e8a290a953a591770afebe6d36f48c26db12a5
56,1349.85913101,0.03347650644908643,0x0216facf7143763f55643e8164f4bb5b18809ec9,2017-10-27T19:24:49.000Z,0.00002480000000002847,0xa403b1b7ede70afe902ae6aaf213d8dd49615d58,buy,0xdded69d8e28d38d640f6244ab5294f309fd40ce1,0xd8418989d52b219df4e9142aa52655fe127aa723a88e75239e407f88cfd64759
57,1224.358,0.024473692062,0x0216facf7143763f55643e8164f4bb5b18809ec9,2017-10-27T19:21:41.000Z,0.000019989,0xdd0822f3052e1ea8eee4d970afb4ae5408fbcdcb,buy,0xdded69d8e28d38d640f6244ab5294f309fd40ce1,0x5f640eb1cab84cfe479339fc34a1adb0dea5bd653e6e27ac78a0819568f4a61c
58,2080,0.039104,0x80f7b7d27b5c524c1eb4c3fbb3acc59b3c976d37,2017-10-27T18:43:46.000Z,0.0000188,0xdb5fae9f8ddd9c502cd432b4640b6a12ffdfd02f,buy,0xdded69d8e28d38d640f6244ab5294f309fd40ce1,0x31df128c55bc4014cdec388ca9da8fb1a9432294b71a07238297a1bd8ff218cf
59,2073.57192702,0.013685574718332,0xdb5fae9f8ddd9c502cd432b4640b6a12ffdfd02f,2017-10-27T17:15:46.000Z,0.0000066,0xae92e434d800753f8fbe07876afd213b4630d580,sell,0xdded69d8e28d38d640f6244ab5294f309fd40ce1,0x737008fafa22b6093dca109dcd736231ddefd626fe11e29a099110d76a436d4f
60,2050,0.0124025,0x16d2d762f71ce31f95cf56fc87e5305643bdcfe0,2017-10-27T17:04:51.000Z,0.00000605,0xc436223eaa54f3c1fbd956eefabae0da048f138b,sell,0xdded69d8e28d38d640f6244ab5294f309fd40ce1,0xe01e88eecea5a09bb9cc3b1312d162c9a88269545c3b18114e5c4c28282494cc
61,2086.428,0.014604996,0x80f7b7d27b5c524c1eb4c3fbb3acc59b3c976d37,2017-10-27T17:04:21.000Z,0.000007,0xc436223eaa54f3c1fbd956eefabae0da048f138b,sell,0xdded69d8e28d38d640f6244ab5294f309fd40ce1,0x39d3c2bd7eed454ad3c65712fdbb0750b1a5c8f0531e827b1534d11db774f6ab
62,2073.57192702,0.01451500348914,0x80f7b7d27b5c524c1eb4c3fbb3acc59b3c976d37,2017-10-27T16:40:05.000Z,0.000007,0xa9770b7abcaa479e68298e46ae58aef2f601ab37,sell,0xdded69d8e28d38d640f6244ab5294f309fd40ce1,0x0c52d25ac6db24cb0f90be4fe39f685b5660a5e70bb52c520112993da9da394e
63,855.64183332,0.017103424606330287,0x3da475f79a8d6c5e3cce4c166f666bb2864a9c9b,2017-10-27T16:37:21.000Z,0.00001998900000011313,0xdd0822f3052e1ea8eee4d970afb4ae5408fbcdcb,buy,0xdded69d8e28d38d640f6244ab5294f309fd40ce1,0xe4b6a98830d592de55e27b0492fc7561eb97d4950cc197317723c57fe4fd3224
64,2080,0.1456,0x80f7b7d27b5c524c1eb4c3fbb3acc59b3c976d37,2017-10-27T15:22:23.000Z,0.00007,0xdb5fae9f8ddd9c502cd432b4640b6a12ffdfd02f,buy,0xdded69d8e28d38d640f6244ab5294f309fd40ce1,0x6b6ad640bba85564fd81519ea1e12f24ea83829eee47adfe80da8d2a2ebf4327
65,10000,0.08,0xdb5fae9f8ddd9c502cd432b4640b6a12ffdfd02f,2017-10-27T15:17:03.000Z,0.000008,0x80f7b7d27b5c524c1eb4c3fbb3acc59b3c976d37,sell,0xdded69d8e28d38d640f6244ab5294f309fd40ce1,0x720afc9f4e24e2ebbd58ead20dd0711914d8d0e5fefbc933e805c9cfd218a58a
66,2080,0.02288,0x0216facf7143763f55643e8164f4bb5b18809ec9,2017-10-27T11:07:16.000Z,0.000011,0xece2edcbeb1631f62055edb2e04011013bff75ee,buy,0xdded69d8e28d38d640f6244ab5294f309fd40ce1,0xdfc8fecbf794c8ffcbc33ee149f95fa5cfc220d69b971eac21932d188b577410
67,2073.57192702,0.011715681387663,0x16d2d762f71ce31f95cf56fc87e5305643bdcfe0,2017-10-27T11:03:19.000Z,0.00000565,0x89f137e5c019040eb37a7ae821d6fca34234afa1,sell,0xdded69d8e28d38d640f6244ab5294f309fd40ce1,0xf474521bb9d3f5c06b746031c1c2664fc25e21879320590e5afe933d5a87828f
68,2080,0.022672,0x0216facf7143763f55643e8164f4bb5b18809ec9,2017-10-27T10:51:35.000Z,0.0000109,0x67238b534de0724f027a1fbf0196a97ebbee918d,buy,0xdded69d8e28d38d640f6244ab5294f309fd40ce1,0x778095452341dc0158647821fcd0b4e0aa00e39c19bf30e0d0eeeb3e552a07db
69,2073.57192702,0.011715681387663,0x16d2d762f71ce31f95cf56fc87e5305643bdcfe0,2017-10-27T10:47:43.000Z,0.00000565,0x56d21e3dfc39ed938672f66ea6df4424c956fc49,sell,0xdded69d8e28d38d640f6244ab5294f309fd40ce1,0xa66280a6eedda31a19514cd5d7dd2d13b287327f87540be1826b786b04d87424
70,0.41343274,0.000002335894981,0x16d2d762f71ce31f95cf56fc87e5305643bdcfe0,2017-10-27T10:42:36.000Z,0.00000565,0xc8f27c96c7e8d1a1a09bbc8f1988b4cff10898cb,sell,0xdded69d8e28d38d640f6244ab5294f309fd40ce1,0x941a7ca4e8c06857ac40c71ffcf381434391e137886ab52577207aa0c0016e97
71,4147.14385405,0.0234313627753825,0x16d2d762f71ce31f95cf56fc87e5305643bdcfe0,2017-10-27T10:41:17.000Z,0.00000565,0xc8f27c96c7e8d1a1a09bbc8f1988b4cff10898cb,sell,0xdded69d8e28d38d640f6244ab5294f309fd40ce1,0x730c4f12655d49fd45d0aa70cd80ea9849037ccf69db432f70b1aa310803723b
72,1500,0.01515,0xab45233b06b1d1f452901661f6a931c9da663cc0,2017-10-27T03:30:13.000Z,0.0000101,0x971f30c325d9924ad472adf0bf98702502baad93,buy,0xdded69d8e28d38d640f6244ab5294f309fd40ce1,0x86382980b177e8ab39345871d31d8b707866ebedff6764156ac65c35a3ad360d
73,4160,0.02496,0x80f7b7d27b5c524c1eb4c3fbb3acc59b3c976d37,2017-10-27T03:04:55.000Z,0.000006,0xdb5fae9f8ddd9c502cd432b4640b6a12ffdfd02f,sell,0xdded69d8e28d38d640f6244ab5294f309fd40ce1,0x679357f25392e7ce86512af2afee020173a0ad874d4872f020494c63d7a6ed62
74,500,0.00505,0xdb5fae9f8ddd9c502cd432b4640b6a12ffdfd02f,2017-10-27T01:46:46.000Z,0.0000101,0x971f30c325d9924ad472adf0bf98702502baad93,buy,0xdded69d8e28d38d640f6244ab5294f309fd40ce1,0x35c50e688af15dc15fb259ff482786f9e9cfadf64d3573e5d4db282e1d7a3c7c
75,2080,0.0228384,0xdb5fae9f8ddd9c502cd432b4640b6a12ffdfd02f,2017-10-26T23:24:45.000Z,0.00001098,0x84580b51036e01fd1f9c69b70076273655f829b1,buy,0xdded69d8e28d38d640f6244ab5294f309fd40ce1,0xa8c979473715f8898d12ece8289b3e457b86e8f93fdd56a9a2e0bbbf95ce96b4
76,2080,0.0208,0xdb5fae9f8ddd9c502cd432b4640b6a12ffdfd02f,2017-10-26T23:14:50.000Z,0.00001,0x80f7b7d27b5c524c1eb4c3fbb3acc59b3c976d37,sell,0xdded69d8e28d38d640f6244ab5294f309fd40ce1,0x5211ca5fd6c2c287acba8ad795632c2a883a2b40da5eed19b67c3e5dcd0beb77
77,1069.662,0.06952803,0x80f7b7d27b5c524c1eb4c3fbb3acc59b3c976d37,2017-10-26T23:11:21.000Z,0.000065,0xdb5fae9f8ddd9c502cd432b4640b6a12ffdfd02f,buy,0xdded69d8e28d38d640f6244ab5294f309fd40ce1,0xd7d2a17dc2b99257cc84553805b3e8494ab4f4e0d25e0c66188dbfd546a14757
78,1000,0.08,0xdb5fae9f8ddd9c502cd432b4640b6a12ffdfd02f,2017-10-26T22:42:52.000Z,0.00008,0x80f7b7d27b5c524c1eb4c3fbb3acc59b3c976d37,buy,0xdded69d8e28d38d640f6244ab5294f309fd40ce1,0xb58881da7b82fe07f4b6123ad3a78a0a0fcbdc896d353dbc8d361bfde2353aae
79,500,0.122,0xdb5fae9f8ddd9c502cd432b4640b6a12ffdfd02f,2017-10-26T22:30:42.000Z,0.000244,0x80f7b7d27b5c524c1eb4c3fbb3acc59b3c976d37,buy,0xdded69d8e28d38d640f6244ab5294f309fd40ce1,0x0f5381bf18803a8ddd38afe141007e61c05801cc4f99f87c2baae664124d686a
80,4000,0.26,0x80f7b7d27b5c524c1eb4c3fbb3acc59b3c976d37,2017-10-26T22:28:27.000Z,0.000065,0xdb5fae9f8ddd9c502cd432b4640b6a12ffdfd02f,buy,0xdded69d8e28d38d640f6244ab5294f309fd40ce1,0x008ed2d5c2e00e7c2e632ce762be55491c5072b170cd6ba4d82adc59ad61f7f3
81,1000,0.01,0xdb5fae9f8ddd9c502cd432b4640b6a12ffdfd02f,2017-10-26T22:25:33.000Z,0.00001,0x80f7b7d27b5c524c1eb4c3fbb3acc59b3c976d37,sell,0xdded69d8e28d38d640f6244ab5294f309fd40ce1,0x3e70087fbaab0e959a1d96b17c7984222745abc040edd1726c45bd2dcd316e74
82,2599,0.028534421,0x80f7b7d27b5c524c1eb4c3fbb3acc59b3c976d37,2017-10-26T22:22:44.000Z,0.000010979,0x429c7cf947d18c6e14660975ba5272621a618b36,buy,0xdded69d8e28d38d640f6244ab5294f309fd40ce1,0xbca87956bfda1041c5aa8ae1520e4a35efe6a13e769c5d7c015dac225d16a46b
83,4000,0.32,0xdb5fae9f8ddd9c502cd432b4640b6a12ffdfd02f,2017-10-26T22:19:25.000Z,0.00008,0x80f7b7d27b5c524c1eb4c3fbb3acc59b3c976d37,buy,0xdded69d8e28d38d640f6244ab5294f309fd40ce1,0x2dd12275c27896fd90f7dfa2b8c0d423fc334eb1c87fa8bb85333421233b8e84
84,4430.33819191,0.2879719824743296,0x80f7b7d27b5c524c1eb4c3fbb3acc59b3c976d37,2017-10-26T22:18:12.000Z,0.00006500000000004053,0xdb5fae9f8ddd9c502cd432b4640b6a12ffdfd02f,buy,0xdded69d8e28d38d640f6244ab5294f309fd40ce1,0xc0444777fb9c6574c2cf79597fd1da11c3f3f6cdf7d5245d40ebfb77d980c045
85,4708.86,0.26134173,0xdb5fae9f8ddd9c502cd432b4640b6a12ffdfd02f,2017-10-26T22:15:45.000Z,0.0000555,0x80f7b7d27b5c524c1eb4c3fbb3acc59b3c976d37,buy,0xdded69d8e28d38d640f6244ab5294f309fd40ce1,0xcd499864485b5d00dedf0147d7e517340b1721541bb28162164ba63bc9180f28
86,4500,0.2925,0x80f7b7d27b5c524c1eb4c3fbb3acc59b3c976d37,2017-10-26T20:45:56.000Z,0.000065,0xdb5fae9f8ddd9c502cd432b4640b6a12ffdfd02f,buy,0xdded69d8e28d38d640f6244ab5294f309fd40ce1,0xfe3176ac8926536cc4af16767f2bf512edc118afaad26a5603ad052cdc3bd098
87,400,0.2,0xdb5fae9f8ddd9c502cd432b4640b6a12ffdfd02f,2017-10-26T20:39:39.000Z,0.0005,0x80f7b7d27b5c524c1eb4c3fbb3acc59b3c976d37,buy,0xdded69d8e28d38d640f6244ab5294f309fd40ce1,0xf272b09e4bcdaa79063b00b26fc98383bf89262cf3a74abdad2eca2473f510c8
88,10000,0.1998,0x80f7b7d27b5c524c1eb4c3fbb3acc59b3c976d37,2017-10-26T20:37:22.000Z,0.00001998,0xdb5fae9f8ddd9c502cd432b4640b6a12ffdfd02f,buy,0xdded69d8e28d38d640f6244ab5294f309fd40ce1,0xbc5e4f213650f423632931e707f198e74e11fc675cde24880362fc0ac01e076d
89,500,0.25,0xdb5fae9f8ddd9c502cd432b4640b6a12ffdfd02f,2017-10-26T20:35:23.000Z,0.0005,0x80f7b7d27b5c524c1eb4c3fbb3acc59b3c976d37,buy,0xdded69d8e28d38d640f6244ab5294f309fd40ce1,0xb1b7b05c4f3e6a5413f76fa7e4bd3d49add50de8b700d2d4d23cca04c99fe09d
90,3000,0.0051,0x3c6438ddd1bca543953327b2cc6391df60a63982,2017-10-26T18:40:52.000Z,0.0000017,0xdb5fae9f8ddd9c502cd432b4640b6a12ffdfd02f,sell,0xdded69d8e28d38d640f6244ab5294f309fd40ce1,0x8fc0063b4e13c96f2ed28cd517b8806f213af29b450b53d3ff79e79222170f20
91,2600,0.01040104,0x429c7cf947d18c6e14660975ba5272621a618b36,2017-10-26T17:31:11.000Z,0.0000040004,0x71e0083a42196576e29b64a37ce91209b1911c9f,sell,0xdded69d8e28d38d640f6244ab5294f309fd40ce1,0x75e0635b235d031995eb1006053a3339e363f2da3bf13bfcdda02ffc1a0e8b6c
92,2000,0.008002,0x971f30c325d9924ad472adf0bf98702502baad93,2017-10-26T17:30:02.000Z,0.000004001,0x71e0083a42196576e29b64a37ce91209b1911c9f,sell,0xdded69d8e28d38d640f6244ab5294f309fd40ce1,0x37de9937c38e80acad9473e0943f8c8920f281434752f3fed30087566f12b12f
93,15000,0.0675,0xdb5fae9f8ddd9c502cd432b4640b6a12ffdfd02f,2017-10-26T15:56:27.000Z,0.0000045,0x80f7b7d27b5c524c1eb4c3fbb3acc59b3c976d37,sell,0xdded69d8e28d38d640f6244ab5294f309fd40ce1,0x244a4a1cac6d4caec4671e725323866687980687385ef0344cfd47841e6e87ad
94,15000,0.105,0x80f7b7d27b5c524c1eb4c3fbb3acc59b3c976d37,2017-10-26T15:04:54.000Z,0.000007,0xdb5fae9f8ddd9c502cd432b4640b6a12ffdfd02f,sell,0xdded69d8e28d38d640f6244ab5294f309fd40ce1,0xb8d50e1d80fe098be34b3eb49a3bc6bee4a8dbc81b56be567519748d5b92443d
95,2500,0.025,0x80f7b7d27b5c524c1eb4c3fbb3acc59b3c976d37,2017-10-26T13:49:02.000Z,0.00001,0x71e0083a42196576e29b64a37ce91209b1911c9f,sell,0xdded69d8e28d38d640f6244ab5294f309fd40ce1,0xcf989f1fec2a4dfae20efc4b9304182e8a7a9b1d142602970fc775afe9c999c3
96,7500,0.075,0x80f7b7d27b5c524c1eb4c3fbb3acc59b3c976d37,2017-10-26T13:47:17.000Z,0.00001,0xdb5fae9f8ddd9c502cd432b4640b6a12ffdfd02f,sell,0xdded69d8e28d38d640f6244ab5294f309fd40ce1,0x38d7789684a3e3123a7e4fa7b0c704fda9f6e4798a94e252f63962f9c986319e
97,4000,0.04388,0x80f7b7d27b5c524c1eb4c3fbb3acc59b3c976d37,2017-10-26T13:45:32.000Z,0.00001097,0x971f30c325d9924ad472adf0bf98702502baad93,buy,0xdded69d8e28d38d640f6244ab5294f309fd40ce1,0x8935ce30225644aa749ce5a02eba4ac19dcd29b80529584b924059fa7ce8a7f7
98,5000,0.05,0xdb5fae9f8ddd9c502cd432b4640b6a12ffdfd02f,2017-10-26T12:16:39.000Z,0.00001,0x80f7b7d27b5c524c1eb4c3fbb3acc59b3c976d37,sell,0xdded69d8e28d38d640f6244ab5294f309fd40ce1,0xf632d0d25439e7ea1aa62f6f9de1666430225e7d39cc4edb06912c31ab95bdfa
99,4000,0.008004,0x971f30c325d9924ad472adf0bf98702502baad93,2017-10-26T12:13:01.000Z,0.000002001,0x80f7b7d27b5c524c1eb4c3fbb3acc59b3c976d37,sell,0xdded69d8e28d38d640f6244ab5294f309fd40ce1,0x31daeb7887020bb085d2e9430bf32df3398cd04371d867b988c23c238df65f6d
100,2080,0.0156,0xab45233b06b1d1f452901661f6a931c9da663cc0,2017-10-26T06:14:21.000Z,0.0000075,0xc9e9358b4fd98cdc2cc82867fdfca90e43c1fb22,buy,0xdded69d8e28d38d640f6244ab5294f309fd40ce1,0xb82476a378d2ca84338109960280f2e6f24278eee45865fae9287d6262ef714c
101,2080,0.0155792,0xab45233b06b1d1f452901661f6a931c9da663cc0,2017-10-26T06:13:55.000Z,0.00000749,0xc9c6eecbb570205a39d864a419efe9e6c48a2a85,buy,0xdded69d8e28d38d640f6244ab5294f309fd40ce1,0x210d48cd194d5a26261456e1f8240e28e84a346623dd24a985181043c07f81d9
102,2080,0.0156,0x80f7b7d27b5c524c1eb4c3fbb3acc59b3c976d37,2017-10-26T04:01:43.000Z,0.0000075,0xacc881c3a171d94f8d441d37326baef97012c396,buy,0xdded69d8e28d38d640f6244ab5294f309fd40ce1,0xae7682519556940e5e6597c90950cec49cf6a6e2d022046e4e1d5e337591c48d
103,10000,0.1,0x80f7b7d27b5c524c1eb4c3fbb3acc59b3c976d37,2017-10-26T03:53:47.000Z,0.00001,0xdb5fae9f8ddd9c502cd432b4640b6a12ffdfd02f,buy,0xdded69d8e28d38d640f6244ab5294f309fd40ce1,0x1c1fe7d35ed8b25dda6217bebf2697f49e4339ab1382d1d200d3b7300865876d
104,9779.86,0.07334895,0x80f7b7d27b5c524c1eb4c3fbb3acc59b3c976d37,2017-10-26T03:47:54.000Z,0.0000075,0xdb5fae9f8ddd9c502cd432b4640b6a12ffdfd02f,buy,0xdded69d8e28d38d640f6244ab5294f309fd40ce1,0x0941d52eea7cd4d1aaf54f8db5ab452c43cfcc1a84c5ef10d8775e78ecda3dab
105,2080,0.0156,0x80f7b7d27b5c524c1eb4c3fbb3acc59b3c976d37,2017-10-26T03:40:35.000Z,0.0000075,0xe8e5a4c72d07c3e7769368b93d89f7d59845bc10,buy,0xdded69d8e28d38d640f6244ab5294f309fd40ce1,0x3e3382c9c0e1b7e48dd9b3a0396941a3827036cc30bc122ce7ef5da299ed9744
106,2999,0.02246251,0x80f7b7d27b5c524c1eb4c3fbb3acc59b3c976d37,2017-10-26T02:45:23.000Z,0.00000749,0x833438ee8ac5c23f579ec08142f2285b4a596b74,buy,0xdded69d8e28d38d640f6244ab5294f309fd40ce1,0xe65655292c408c902aa0f05d935f34462739668ab2510d11ac0c4f8a17f456c0
107,50000,0.1,0xdb5fae9f8ddd9c502cd432b4640b6a12ffdfd02f,2017-10-26T02:42:01.000Z,0.000002,0x80f7b7d27b5c524c1eb4c3fbb3acc59b3c976d37,sell,0xdded69d8e28d38d640f6244ab5294f309fd40ce1,0xcf455af0a4449ee741c5918c03e9f83a2a4457d5637047da8d96d88b873a60b8
108,649,0.004543,0xdb5fae9f8ddd9c502cd432b4640b6a12ffdfd02f,2017-10-26T02:24:07.000Z,0.000007,0x7d7d0321cc811ade3bf91d23749c096fd1c26d8c,buy,0xdded69d8e28d38d640f6244ab5294f309fd40ce1,0xd16643aaea8f1e012e0a44765a81e40aa51eb4ae795797592341e0b2a7593090
109,2080,0.014352,0xdb5fae9f8ddd9c502cd432b4640b6a12ffdfd02f,2017-10-26T02:23:16.000Z,0.0000069,0x6d50eea626caecc03f6a587e55d4d9236c2d0e89,buy,0xdded69d8e28d38d640f6244ab5294f309fd40ce1,0x1711ec7f51fb46a2b8b1a10f983ce3684a40b0edf232ffc69ac1b1260af752a6
110,100000,0.1675,0x80f7b7d27b5c524c1eb4c3fbb3acc59b3c976d37,2017-10-26T02:14:34.000Z,0.000001675,0xdb5fae9f8ddd9c502cd432b4640b6a12ffdfd02f,sell,0xdded69d8e28d38d640f6244ab5294f309fd40ce1,0x5613654cd9cc51e8f1d048824c89dbc080c92ca143c09ca85abc6e05d1d6f9a6
111,2073.57192702,0.003525072275934,0xdb5fae9f8ddd9c502cd432b4640b6a12ffdfd02f,2017-10-26T02:10:02.000Z,0.0000017,0x9bfc3d49e4df2bceefe32c2e6ed93870205cc307,sell,0xdded69d8e28d38d640f6244ab5294f309fd40ce1,0x5aa42db306269b44c92e5f4e56926bf4357ade6b60927ec3d35270057259dbce
112,4160,0.007072,0xdb5fae9f8ddd9c502cd432b4640b6a12ffdfd02f,2017-10-26T00:26:09.000Z,0.0000017,0x71e0083a42196576e29b64a37ce91209b1911c9f,sell,0xdded69d8e28d38d640f6244ab5294f309fd40ce1,0xfd2fe3b4594f9712ef3699aae838cfb1095e8cc14077d788189c9195340b31ce
113,2073.57192702,0.0020839397866551,0x4d140c10845cb9a7dc740e966d54ce54436f8584,2017-10-25T10:41:34.000Z,0.000001005,0xba95b4a5b130c4c1d27dc9e8adcf7f087cdb4c52,sell,0xdded69d8e28d38d640f6244ab5294f309fd40ce1,0x8893ebcd4ae444e96b0442cba1cfcaa349a5362f4ab33d038a43697cc1e26c41
114,2073.57192702,0.0020839397866551,0x4d140c10845cb9a7dc740e966d54ce54436f8584,2017-10-25T09:51:38.000Z,0.000001005,0xb392a23fc325d36a590ec4962cd5f12e2b382d61,sell,0xdded69d8e28d38d640f6244ab5294f309fd40ce1,0x2df5cced5d7862117aad92de1d693fda7998a4adbe71023a9a57a81e308be4b4
115,9526.44496935,0.00952644496935,0xdb5fae9f8ddd9c502cd432b4640b6a12ffdfd02f,2017-10-25T04:53:20.000Z,0.000001,0xc436223eaa54f3c1fbd956eefabae0da048f138b,sell,0xdded69d8e28d38d640f6244ab5294f309fd40ce1,0x49dd8715d0603b271e8b39de73a8010fb5051f35e93ef306c81b09eaab70b156
116,1,0.0001,0xdb5fae9f8ddd9c502cd432b4640b6a12ffdfd02f,2017-10-25T03:45:00.000Z,0.0001,0xdb5fae9f8ddd9c502cd432b4640b6a12ffdfd02f,buy,0xdded69d8e28d38d640f6244ab5294f309fd40ce1,0x18b3c8024c496c3df525f4576dea2e6e25b55eb5f3a3a7bd135d7c00cabde523
117,2080,0.00021216,0xdb5fae9f8ddd9c502cd432b4640b6a12ffdfd02f,2017-10-25T02:54:30.000Z,0.000000102,0xdb5fae9f8ddd9c502cd432b4640b6a12ffdfd02f,sell,0xdded69d8e28d38d640f6244ab5294f309fd40ce1,0xa4fafe31398e3ed5f7b5392e1b3d8fcfbb505a097952ab1f1fa43f3d03a8690b
118,1000,0.001001,0xf36990a2cb4d609e0a7d4f3bf884c0342d81fd3d,2017-10-25T02:52:05.000Z,0.000001001,0xdb5fae9f8ddd9c502cd432b4640b6a12ffdfd02f,sell,0xdded69d8e28d38d640f6244ab5294f309fd40ce1,0x741599b6ab33a620ce415ecd6acfcfcffbd43b874919eb6c950574e951c198a2
119,5852.856,0.02926428,0x3c6438ddd1bca543953327b2cc6391df60a63982,2017-10-24T22:59:43.000Z,0.000005,0xdb5fae9f8ddd9c502cd432b4640b6a12ffdfd02f,sell,0xdded69d8e28d38d640f6244ab5294f309fd40ce1,0x7b21b5ac1f07ef638faf22439435037366b250204e70e65cb6545915da708468
120,4147.14385405,0.02073571927025,0x3c6438ddd1bca543953327b2cc6391df60a63982,2017-10-24T17:52:52.000Z,0.000005,0xdf0ca1627d056116fb56ae5cb53f4ad5647157d7,sell,0xdded69d8e28d38d640f6244ab5294f309fd40ce1,0xa11f9533c370fdfa28f40f2b945012cdf63a11ac3e9db155e7cb189aee84550e
121,1426.428,0.009984996,0xdb5fae9f8ddd9c502cd432b4640b6a12ffdfd02f,2017-10-24T16:34:10.000Z,0.000007,0x7d7d0321cc811ade3bf91d23749c096fd1c26d8c,sell,0xdded69d8e28d38d640f6244ab5294f309fd40ce1,0xe283af8b6fe8f03561584a8afb62559680bc349b087c79aa46b0538b021b101c
122,2073.57192702,0.01451500348914,0xdb5fae9f8ddd9c502cd432b4640b6a12ffdfd02f,2017-10-24T12:37:20.000Z,0.000007,0x34d4ecd77d6378ebdda1c62a38881e4587109181,sell,0xdded69d8e28d38d640f6244ab5294f309fd40ce1,0x6e0d7b5854731353d3439b6d511be3efc90450c871d75fa6208b0d289b89d300
123,2073.57192702,0.009123716478888,0xdb5fae9f8ddd9c502cd432b4640b6a12ffdfd02f,2017-10-24T01:36:29.000Z,0.0000044,0x423b2a3ffb546d0cbaf25af92b3684a753dede35,sell,0xdded69d8e28d38d640f6244ab5294f309fd40ce1,0x7702882010b91aa85a26ceee27ff70acc985490d89029e02cd3361dc9d1a2ce0
124,1200,0.0144,0x27849f835bb345a26dffbfa7a8863c387b546730,2017-10-23T20:04:54.000Z,0.000012,0x107d35bdbb393d33d6d9ce4127883b057b8e6187,buy,0xdded69d8e28d38d640f6244ab5294f309fd40ce1,0xb97b7411f0998762d14e7322bab1a121354eb0052f48e49944131bb7412d9f4b
125,213.41951433,0.000875020008753,0xf1695582c702dd963a9abb90f1591d5bdfc22476,2017-10-23T19:56:17.000Z,0.0000041,0x781f8d4f594d924d1e7075804fb7f6823c6e3b7d,sell,0xdded69d8e28d38d640f6244ab5294f309fd40ce1,0xb2d3ca1b9b6cf1108ea0d3faf05d1f2d339af056117eab55ce6b620ebcb8ef92
126,1000,0.005,0x4cb48fa9a7c07b36fe5e666f2082b8e0ec2ffc1a,2017-10-23T19:55:12.000Z,0.000005,0x781f8d4f594d924d1e7075804fb7f6823c6e3b7d,sell,0xdded69d8e28d38d640f6244ab5294f309fd40ce1,0xb940fa4ee384564f48cce41629e869bc5efd17440dd2c5f793771c03459ae784
127,860.33787156,0.00473185829358,0x243d25fa46782c9bcd20f306894f6774e095cfc5,2017-10-23T19:53:07.000Z,0.0000055,0x781f8d4f594d924d1e7075804fb7f6823c6e3b7d,sell,0xdded69d8e28d38d640f6244ab5294f309fd40ce1,0xca88844f191d5f21689cf741a76ccbbb60443c0ca5ae32120b4210414e15780e
128,1969.8753863,0.0108362845000363,0x107d35bdbb393d33d6d9ce4127883b057b8e6187,2017-10-23T14:36:21.000Z,0.000005501,0xb2ca6967588b5dc4a44a8c288cce7ee2d5a50b88,sell,0xdded69d8e28d38d640f6244ab5294f309fd40ce1,0xb40b2426eb60a1b3b661ae9dae6166e500b76ba4a7f5df117a905b18fd35414a
129,1006,0.007143606,0x833438ee8ac5c23f579ec08142f2285b4a596b74,2017-10-23T14:33:59.000Z,0.000007101,0xb2ca6967588b5dc4a44a8c288cce7ee2d5a50b88,sell,0xdded69d8e28d38d640f6244ab5294f309fd40ce1,0x1e2e50a4109bbe0196c9627a65c7ac34dd2325e8af177a9ea6e06c32f5051adf
130,5000,0.035,0xdb5fae9f8ddd9c502cd432b4640b6a12ffdfd02f,2017-10-23T14:30:57.000Z,0.000007,0xb2ca6967588b5dc4a44a8c288cce7ee2d5a50b88,sell,0xdded69d8e28d38d640f6244ab5294f309fd40ce1,0xcecf0343842e9e2d7c4b17c7027d5b8dd56bd4cf956b0f5e3a59061726749991
131,1993.8191606,0.0141581098594206,0x833438ee8ac5c23f579ec08142f2285b4a596b74,2017-10-23T13:09:31.000Z,0.000007101,0x7a01b2a7e3fd833dd3fc301bd7ace0991293ee89,sell,0xdded69d8e28d38d640f6244ab5294f309fd40ce1,0x9c46601903f42f4b67fc614c414d01d33bda8192fd9eb1d6bcc2d8e06031add9
132,10000,0.08,0xdb5fae9f8ddd9c502cd432b4640b6a12ffdfd02f,2017-10-23T01:46:07.000Z,0.000008,0xa32ca5440470be952e93622ad6292aa93bc7a236,sell,0xdded69d8e28d38d640f6244ab5294f309fd40ce1,0xf780b7cc5dd710910153d3eb0988532585dde9bd46169f935eacff60df6c0379
133,2073.57192702,0.01451500348914,0xdb5fae9f8ddd9c502cd432b4640b6a12ffdfd02f,2017-10-22T18:59:50.000Z,0.000007,0x7d474571a015a8f76361872830ed538d28a56082,sell,0xdded69d8e28d38d640f6244ab5294f309fd40ce1,0x786c2b8723d3d3297822a1c03160d9b8985762007093d71c04e003e2e4a797be
134,2073.57192702,0.008397966304431,0xd67c4efd07ecc4bc7cc5daadfc460126a5c9139d,2017-10-22T15:14:47.000Z,0.00000405,0xa77400c0d86ac8e0605735bed1596f53269134cc,sell,0xdded69d8e28d38d640f6244ab5294f309fd40ce1,0x07b1c9e779aa404aad3cd36862db4bf9df426b187981f971b548dfcbf3b50d59
135,2500,0.0375,0x27849f835bb345a26dffbfa7a8863c387b546730,2017-10-22T13:54:04.000Z,0.000015,0x037f96a2a6430376cff5cd297cc40c2554f8f7bf,buy,0xdded69d8e28d38d640f6244ab5294f309fd40ce1,0xd8850765a2adc28f4772d70589df3eb640182e6aa511a83a17d79a5e6915b8ab
136,80298.66083696,0.8029866083696,0xdb5fae9f8ddd9c502cd432b4640b6a12ffdfd02f,2017-10-22T08:55:19.000Z,0.00001,0x71e0083a42196576e29b64a37ce91209b1911c9f,sell,0xdded69d8e28d38d640f6244ab5294f309fd40ce1,0x460b224c1d0b2a073281bbc013cb1e7ad05538ac9278824f42df84193306feff
137,9969.09580301,0.0996909580301,0xdb5fae9f8ddd9c502cd432b4640b6a12ffdfd02f,2017-10-22T08:47:40.000Z,0.00001,0x71e0083a42196576e29b64a37ce91209b1911c9f,sell,0xdded69d8e28d38d640f6244ab5294f309fd40ce1,0x9a46107eab07beeffc54d8a44e63b3e19084b1ec1e5c866f2090dd62014cfde8
138,2073.57192702,0.0207357192702,0xdb5fae9f8ddd9c502cd432b4640b6a12ffdfd02f,2017-10-22T06:38:16.000Z,0.00001,0x312b550c9c218c436932e4623df7403d88fd372f,sell,0xdded69d8e28d38d640f6244ab5294f309fd40ce1,0xdc45e14f477234db6fe6a446468eda547ac31e16d0be65788f2d9a0949d301b3
139,4147.14385405,0.0414714385405,0xdb5fae9f8ddd9c502cd432b4640b6a12ffdfd02f,2017-10-22T06:37:41.000Z,0.00001,0x47e9cfa8c920dd158260ceeedf0176cf01d225e1,sell,0xdded69d8e28d38d640f6244ab5294f309fd40ce1,0xe52b7f35c34ddf3a0e8ca05f8190cd8ea0e79c52134afec1c78a80245ac4ae14
140,2073.57192702,0.0207357192702,0xdb5fae9f8ddd9c502cd432b4640b6a12ffdfd02f,2017-10-22T05:42:34.000Z,0.00001,0x20685e2b7c391f412c0887b0ef4fa388633129e1,sell,0xdded69d8e28d38d640f6244ab5294f309fd40ce1,0x7f86a61f2ac808281b944abca25d6dcc48110ac228543d2035f1b377358f1f6d
141,2080,0.052,0xdb5fae9f8ddd9c502cd432b4640b6a12ffdfd02f,2017-10-22T04:47:34.000Z,0.000025,0x8c1ec7b20c4741f6d058795677acb8f4e877a685,buy,0xdded69d8e28d38d640f6244ab5294f309fd40ce1,0x03ee2a0225df786e80afdc83bc807e01a0e9b3ea099dba809831b1bfaccedb64
142,2080,0.0416,0xdb5fae9f8ddd9c502cd432b4640b6a12ffdfd02f,2017-10-22T04:30:50.000Z,0.00002,0x8c1ec7b20c4741f6d058795677acb8f4e877a685,buy,0xdded69d8e28d38d640f6244ab5294f309fd40ce1,0xea7beb4a96c9d1cb32067df1b3c6ce53c2aa88df88384bd8dd1b35c84f1d9737
143,1000,0.018,0xdb5fae9f8ddd9c502cd432b4640b6a12ffdfd02f,2017-10-22T04:30:05.000Z,0.000018,0x4cb48fa9a7c07b36fe5e666f2082b8e0ec2ffc1a,buy,0xdded69d8e28d38d640f6244ab5294f309fd40ce1,0xf18c736552671921111ae68ddf8aee3af18eaf665bff8504ac0116e7e90f2897
144,2080,0.0312,0xdb5fae9f8ddd9c502cd432b4640b6a12ffdfd02f,2017-10-22T04:29:21.000Z,0.000015,0x65753592de4db3482b2a2dec2406635f661d42ae,buy,0xdded69d8e28d38d640f6244ab5294f309fd40ce1,0xf9d3684b54e39f0e609776a7ba0b0a55aad5f4874ba7911b4043db023da560dc
145,4160.147,0.06236060353,0xdb5fae9f8ddd9c502cd432b4640b6a12ffdfd02f,2017-10-22T04:28:51.000Z,0.00001499,0x97bb447b8b9c6e8fc625d50e4ad6780dbe54dea9,buy,0xdded69d8e28d38d640f6244ab5294f309fd40ce1,0x9a2bcbbc67402bc92d3d65693b981093fe7cd770c7936d70d292f8a1e3f1911d
146,1707.596,0.025595156444,0xdb5fae9f8ddd9c502cd432b4640b6a12ffdfd02f,2017-10-22T04:27:50.000Z,0.000014989,0x662177c39ab2529827f128f4fbbb17f0ae6e5636,buy,0xdded69d8e28d38d640f6244ab5294f309fd40ce1,0xf964212f9205559c091c0972ed00cd593fe7bcc617d3a0a76309ddfcd2e26e9a
147,2073.57192702,0.00622071578106,0x4d140c10845cb9a7dc740e966d54ce54436f8584,2017-10-22T03:21:06.000Z,0.000003,0x8b3117df72155b305dbc8c4f40df6a2b4c06a461,sell,0xdded69d8e28d38d640f6244ab5294f309fd40ce1,0xa8627d95d2d8dd278a084a7ec5c5c2f1d7aaa9e800b61e25c03521b2c1d9f761
148,33.35779571,0.0005,0x42c24a83bded723edfdf5883bc7efb30bc1a1bf3,2017-10-22T00:38:15.000Z,0.00001498900000308203,0x662177c39ab2529827f128f4fbbb17f0ae6e5636,buy,0xdded69d8e28d38d640f6244ab5294f309fd40ce1,0x9ff2cb64782bc25541d5d103cfd8a6feab6a2d0859da9d8595a8e2fb9797f61f
149,33.35779571,0.0005,0x16e5d97bbc92417e051e3b2cabfbf8ceea2acb9c,2017-10-22T00:37:51.000Z,0.00001498900000308203,0x662177c39ab2529827f128f4fbbb17f0ae6e5636,buy,0xdded69d8e28d38d640f6244ab5294f309fd40ce1,0x7423812eb95d4f577180b30c06496eff0887eadd7ac1e200572cbeb02887d537
150,33.35779571,0.0005,0xf9695cd65d6dfdf257fab76a3eb0cb8f001971cc,2017-10-22T00:37:12.000Z,0.00001498900000308203,0x662177c39ab2529827f128f4fbbb17f0ae6e5636,buy,0xdded69d8e28d38d640f6244ab5294f309fd40ce1,0x35547901b36050f3c58abab4c13c40c3e83184d8ca30bb341a48de5b874ece36
151,33.35779571,0.0005,0xcd912af5286dc0b0a23edb30209734ecb60838b3,2017-10-22T00:33:52.000Z,0.00001498900000308203,0x662177c39ab2529827f128f4fbbb17f0ae6e5636,buy,0xdded69d8e28d38d640f6244ab5294f309fd40ce1,0x6f8af25add0c42dbf133a15b25cbf752718bd0ba877e8ea8844fe96f74c4d70a
152,33.35779571,0.0005,0x379374d13077e8867ef31803c37baf9785a17c00,2017-10-22T00:32:27.000Z,0.00001498900000308203,0x662177c39ab2529827f128f4fbbb17f0ae6e5636,buy,0xdded69d8e28d38d640f6244ab5294f309fd40ce1,0xd254dec77cd26c538c77a8c20ab10654735ffdaa52b609d13bc4360f5cf33299
153,4160,0.03198624,0x0a72ebae0321b78bf42b5846c57f90d714a5cb31,2017-10-21T22:28:56.000Z,0.000007689,0xc436223eaa54f3c1fbd956eefabae0da048f138b,sell,0xdded69d8e28d38d640f6244ab5294f309fd40ce1,0x4085a811614863a5c88df2b10ae77ede353fed7b97e50f30dcecd38727cc5b40
154,901.10579383,0.00739086972099366,0x4d140c10845cb9a7dc740e966d54ce54436f8584,2017-10-21T22:28:56.000Z,0.000008202,0xc436223eaa54f3c1fbd956eefabae0da048f138b,sell,0xdded69d8e28d38d640f6244ab5294f309fd40ce1,0xe3e6fe12887d374b25980d1db0d6bc84bd5f902de7a7018a19de87fc493922e9
155,2611.284,0.021409917516,0x0a72ebae0321b78bf42b5846c57f90d714a5cb31,2017-10-21T22:27:25.000Z,0.000008199,0xc436223eaa54f3c1fbd956eefabae0da048f138b,sell,0xdded69d8e28d38d640f6244ab5294f309fd40ce1,0xd5fe9eb2e7b338f9abc0a0903093278d8b52835ac29da24cfa5328c493ebe763
156,5000,0.04,0x037f96a2a6430376cff5cd297cc40c2554f8f7bf,2017-10-21T22:26:58.000Z,0.000008,0xc436223eaa54f3c1fbd956eefabae0da048f138b,sell,0xdded69d8e28d38d640f6244ab5294f309fd40ce1,0xaf6d345fa190681b5495421e458ad893b568e3725c6051b374f50b3adcefdfb6
157,3000,0.024576,0xb2ca6967588b5dc4a44a8c288cce7ee2d5a50b88,2017-10-21T22:25:56.000Z,0.000008192,0xc436223eaa54f3c1fbd956eefabae0da048f138b,sell,0xdded69d8e28d38d640f6244ab5294f309fd40ce1,0x760dcbb8fe69b6784f3bc95a52a9fb6b3a8460ec5664583c926214a0ed342b69
158,3832.11972885,0.03142721389629885,0x0a72ebae0321b78bf42b5846c57f90d714a5cb31,2017-10-21T22:25:38.000Z,0.000008201,0xc436223eaa54f3c1fbd956eefabae0da048f138b,sell,0xdded69d8e28d38d640f6244ab5294f309fd40ce1,0xa163f1369a1246e541f78e85d44a52e975e9a090b1941f2cb2597572cc4ce9e6
159,4570.88027115,0.03748578910370115,0x0a72ebae0321b78bf42b5846c57f90d714a5cb31,2017-10-21T21:03:54.000Z,0.000008201,0x48cd0aa19ed8443151dc1b0bab50d6d3715475c9,sell,0xdded69d8e28d38d640f6244ab5294f309fd40ce1,0x38bcd8f7d8907278c6c20353e54d2e4b7a492cdc0b762c9a42be0cc976dde818
160,1650,0.016665,0x5d5065b42bdee0274e394ba9042c21e1818c69cf,2017-10-21T21:03:06.000Z,0.0000101,0x48cd0aa19ed8443151dc1b0bab50d6d3715475c9,sell,0xdded69d8e28d38d640f6244ab5294f309fd40ce1,0xfe2b3b8da032cbe57d4b57719e43d9d78ae419a50c4448f6ad34e2da0061a44b
161,4000,0.040404,0xb2ca6967588b5dc4a44a8c288cce7ee2d5a50b88,2017-10-21T17:38:30.000Z,0.000010101,0xa32ca5440470be952e93622ad6292aa93bc7a236,sell,0xdded69d8e28d38d640f6244ab5294f309fd40ce1,0xd1c7b3f95750c526b86477c00d9380216706be614c42a7dfb7eda797f8839e9d
162,1000,0.010101,0xb2ca6967588b5dc4a44a8c288cce7ee2d5a50b88,2017-10-21T17:33:45.000Z,0.000010101,0xa32ca5440470be952e93622ad6292aa93bc7a236,sell,0xdded69d8e28d38d640f6244ab5294f309fd40ce1,0x822610c9da762ded5bc9b45ff5effe4b1739613d541b28dc6a5e44069ff84816
163,100,0.0010102,0xf36990a2cb4d609e0a7d4f3bf884c0342d81fd3d,2017-10-21T17:33:45.000Z,0.000010102,0xa32ca5440470be952e93622ad6292aa93bc7a236,sell,0xdded69d8e28d38d640f6244ab5294f309fd40ce1,0x336b041f65dff883cf26acfecc15309c0041908bca50e4dde3673cd3860604fb
164,2073.57192702,0.021150433655604,0x346eb8847ec84aae1463b80163a097ad3b24514d,2017-10-21T12:40:14.000Z,0.0000102,0x1abf493f86c4be0530955ef551f8c64e7df4bd27,sell,0xdded69d8e28d38d640f6244ab5294f309fd40ce1,0xcd26ead3003996bc009f8a82d0768b45c9afc00ddd2d2a8cbee152933a563d79
165,2073.57192702,0.0207357192702,0xdb5fae9f8ddd9c502cd432b4640b6a12ffdfd02f,2017-10-21T08:13:24.000Z,0.00001,0x2d923a09bf3110b21381a528552700531de83f63,sell,0xdded69d8e28d38d640f6244ab5294f309fd40ce1,0xc2bb04ded5ebb551df03479ae190cf47c11f40c9040fac7e787522e6756a6eee
166,2073.57192702,0.020528362077498,0x346eb8847ec84aae1463b80163a097ad3b24514d,2017-10-21T05:55:55.000Z,0.0000099,0x390c9a8c8df06123389704967c50206034fdbef3,sell,0xdded69d8e28d38d640f6244ab5294f309fd40ce1,0x6accd96cf98a42140f2a7cb013c2beeeb7bc02246be4a18258806a2e013e5716
167,4160,0.07395232,0x346eb8847ec84aae1463b80163a097ad3b24514d,2017-10-21T04:02:17.000Z,0.000017777,0xbfeaf671982494035fbec8bdc7bf52af7e4db1ba,buy,0xdded69d8e28d38d640f6244ab5294f309fd40ce1,0x0055ae4904d240f2a6815d4d69b3b5c14ea15302c89eba3ffabcb31c74286263
168,4160,0.0728,0x346eb8847ec84aae1463b80163a097ad3b24514d,2017-10-21T04:01:50.000Z,0.0000175,0x40de6250458e6c9b41e7609dbb39172816dba22b,buy,0xdded69d8e28d38d640f6244ab5294f309fd40ce1,0x3362b1d9dde553ec36a1ed18d2f94cabded3a9e438185ec61125787e627730f2
169,2080,0.026,0x346eb8847ec84aae1463b80163a097ad3b24514d,2017-10-21T04:00:23.000Z,0.0000125,0x926117d329e986e1ea4480151547e14bd7399479,buy,0xdded69d8e28d38d640f6244ab5294f309fd40ce1,0x9bd735a1dccde43503dcd8ea3342b135d9ed8f449fe63b82588da49c9bb41937
170,2080,0.0208,0x346eb8847ec84aae1463b80163a097ad3b24514d,2017-10-21T03:57:19.000Z,0.00001,0xd1869bf1ac6536f30c46e8f70d2f3e8ad23ebf7c,buy,0xdded69d8e28d38d640f6244ab5294f309fd40ce1,0x92cc65769dfcb8be55ea0ccd34c8c8491a816e1e1b18ad907adc2bc3d2893e6e
171,1000,0.008202,0x4d140c10845cb9a7dc740e966d54ce54436f8584,2017-10-20T23:56:35.000Z,0.000008202,0xa32ca5440470be952e93622ad6292aa93bc7a236,sell,0xdded69d8e28d38d640f6244ab5294f309fd40ce1,0xaf2ffaa5d7587c747d297a037068bd6eeb59d2fcd47a5b982e99101d95df9770
172,1000,0.008201,0x0a72ebae0321b78bf42b5846c57f90d714a5cb31,2017-10-20T20:31:08.000Z,0.000008201,0xa32ca5440470be952e93622ad6292aa93bc7a236,sell,0xdded69d8e28d38d640f6244ab5294f309fd40ce1,0x9b34ae4c28e2037c25686c8885d5f595039622ceab45f1e6262d47481c7850bd
173,2073.57192702,0.01700121622963698,0x0a72ebae0321b78bf42b5846c57f90d714a5cb31,2017-10-20T20:14:40.000Z,0.000008199,0x4ab2b660339f0ec6e786665b30ce7a28bf0eeb23,sell,0xdded69d8e28d38d640f6244ab5294f309fd40ce1,0x8d3ad70dfeea7b0746aa3eac46a86d3ef18a2f09fe98b8af80388d3ca9a13d8d
174,1000,0.0082,0x4d140c10845cb9a7dc740e966d54ce54436f8584,2017-10-20T19:18:38.000Z,0.0000082,0xa32ca5440470be952e93622ad6292aa93bc7a236,sell,0xdded69d8e28d38d640f6244ab5294f309fd40ce1,0x5c4c7052267813e79c504a7937785dcc9900ef8597ccd694fac0ec8e3086e005
175,4147.14385405,0.03400243245935595,0x0a72ebae0321b78bf42b5846c57f90d714a5cb31,2017-10-20T18:40:43.000Z,0.000008199,0xfe4856ea92a3d9fe3691f332cb5344072ac061d1,sell,0xdded69d8e28d38d640f6244ab5294f309fd40ce1,0x85848305e5d1da02918519fcf9fb903db303082ac4dc169eab65a6aba61018b5
176,1000,0.008199,0x0a72ebae0321b78bf42b5846c57f90d714a5cb31,2017-10-20T18:34:37.000Z,0.000008199,0xa32ca5440470be952e93622ad6292aa93bc7a236,sell,0xdded69d8e28d38d640f6244ab5294f309fd40ce1,0xdd2a359d37c2d980164fc58a29e760b5f659368a016592d5e7ecce80fa46b4a4
177,3489.18353105,0.0279134682484,0x346eb8847ec84aae1463b80163a097ad3b24514d,2017-10-20T13:07:36.000Z,0.000008,0xb425020c938069298f5fbd4ac89ee7d936627b14,sell,0xdded69d8e28d38d640f6244ab5294f309fd40ce1,0x399909e7c97b5c0f01c36caf5d3ff02daac3ae7069fef9e20dbe4d58cde2c75a
178,15790.85614596,0.12037369640065308,0x0a72ebae0321b78bf42b5846c57f90d714a5cb31,2017-10-20T09:22:27.000Z,0.000007623,0xf34aaf93a7f7d33d73bfd83a067264dc351c4955,sell,0xdded69d8e28d38d640f6244ab5294f309fd40ce1,0x07cfdd43836672c63746cb91439c1def1a129390cdd53cc17e06da61fba104aa
179,2073.57192702,0.01580683879967346,0x0a72ebae0321b78bf42b5846c57f90d714a5cb31,2017-10-20T09:05:40.000Z,0.000007623,0xc8e649f99b8fa38874b4b0f8e989d0dca433da61,sell,0xdded69d8e28d38d640f6244ab5294f309fd40ce1,0xcada9f86b1eecfdedec1be7c9482635f673dca5ef5e9fe541478a53fbdd0d574
180,2073.57192702,0.01580683879967346,0x0a72ebae0321b78bf42b5846c57f90d714a5cb31,2017-10-20T08:55:35.000Z,0.000007623,0xf34aaf93a7f7d33d73bfd83a067264dc351c4955,sell,0xdded69d8e28d38d640f6244ab5294f309fd40ce1,0x55afddb3765e7d491b06a7dca3a88bef3cad4a6d7ca958eec4a195e5c0977c5d
181,2073,0.0157548,0x346eb8847ec84aae1463b80163a097ad3b24514d,2017-10-20T08:49:48.000Z,0.0000076,0x658acdd5063fa27fe816f3923c7426a29cb2421b,sell,0xdded69d8e28d38d640f6244ab5294f309fd40ce1,0x7d013113c7e54146cfda02cf96f4e706b65ca70073383dcc5860260125411c1d
182,402.69498637,0.003060481896412,0x346eb8847ec84aae1463b80163a097ad3b24514d,2017-10-20T06:29:45.000Z,0.0000076,0x40deae48809e0ac7f078c0746e291711dc120cc5,sell,0xdded69d8e28d38d640f6244ab5294f309fd40ce1,0x1b2ba3a4613292212cbb832c82499bd85b914e41cae8306cd8ce0774bff9314e
183,1671.04352859,0.01336834822872,0x037f96a2a6430376cff5cd297cc40c2554f8f7bf,2017-10-20T06:28:40.000Z,0.000008,0x40deae48809e0ac7f078c0746e291711dc120cc5,sell,0xdded69d8e28d38d640f6244ab5294f309fd40ce1,0xae2704d0096792620cf31e07a549f2c7af3d1f4d1c76630490ae3e0135c53fdc
184,2080,0.0156,0x4d140c10845cb9a7dc740e966d54ce54436f8584,2017-10-20T03:28:13.000Z,0.0000075,0x60f7fa7ab3fdd0f897aab240375cf498cce23ef4,buy,0xdded69d8e28d38d640f6244ab5294f309fd40ce1,0x7c47851fc4686f4c77a711705e779560e5ee21dae67cd6c301cbf9090b07a79b
185,55,0.001265,0xa32ca5440470be952e93622ad6292aa93bc7a236,2017-10-20T01:10:08.000Z,0.000023,0x662177c39ab2529827f128f4fbbb17f0ae6e5636,sell,0xdded69d8e28d38d640f6244ab5294f309fd40ce1,0xc56be179ae048f27ea43dbfc7cc94f71fb014012bf288d559fdd82f415b8a55f
186,50,0.0011,0xa32ca5440470be952e93622ad6292aa93bc7a236,2017-10-20T01:10:08.000Z,0.000022,0x662177c39ab2529827f128f4fbbb17f0ae6e5636,sell,0xdded69d8e28d38d640f6244ab5294f309fd40ce1,0x865eeebf646d32a98cc2bb6e693377d9da5cf9c3c41729bb7084b0e1f05e8c87
187,100,0.0024,0xa32ca5440470be952e93622ad6292aa93bc7a236,2017-10-20T01:10:08.000Z,0.000024,0x662177c39ab2529827f128f4fbbb17f0ae6e5636,sell,0xdded69d8e28d38d640f6244ab5294f309fd40ce1,0xec0ed8a8195220b03462dface0e9d3cd623052c6dc8023ad57f295a174b7231e
188,1473.6317416,0.010359631143448,0x0a72ebae0321b78bf42b5846c57f90d714a5cb31,2017-10-19T23:56:33.000Z,0.00000703,0x97bb447b8b9c6e8fc625d50e4ad6780dbe54dea9,sell,0xdded69d8e28d38d640f6244ab5294f309fd40ce1,0xce6e566543e26ab3b4edf1ae68737dd6e574bef96d3252c2d577b2e673dac710
189,600,0.00426,0x035392de57aa4fe343d86494103dbe1b068a56c6,2017-10-19T23:55:13.000Z,0.0000071,0x97bb447b8b9c6e8fc625d50e4ad6780dbe54dea9,sell,0xdded69d8e28d38d640f6244ab5294f309fd40ce1,0xf648686eb2f7499b702c2056ad8b0c738f36191b0c4132512af757abcde60ce0
190,1,0.000065999,0x3ac636ac5c3a2576156ac5f10066ca68abe0ad54,2017-10-19T22:49:38.000Z,0.000065999,0x6565e0b6b1a1702ee3ac41b5d2ad0498a71b7f5e,buy,0xdded69d8e28d38d640f6244ab5294f309fd40ce1,0x20dd19645ceef345dfa58d1e6b2f47194ed8154968d04029ff8b673b4bd8348f
191,649.5,0.0045465,0x0a72ebae0321b78bf42b5846c57f90d714a5cb31,2017-10-19T20:44:30.000Z,0.000007,0x4dca30bcc9c9db4408141cd67b1515e689f546d8,buy,0xdded69d8e28d38d640f6244ab5294f309fd40ce1,0xd789aa7eee89d1445659cef10fbeaa028f4a4d0ae59887c662b863cf05ed3015
192,3500,0.0245,0xb425020c938069298f5fbd4ac89ee7d936627b14,2017-10-19T19:59:57.000Z,0.000007,0x4dca30bcc9c9db4408141cd67b1515e689f546d8,sell,0xdded69d8e28d38d640f6244ab5294f309fd40ce1,0xaffe5684558e2a26192e63166a4810fb9646107066ada768eefe25aa826dda9c
193,18655.92662745,0.1119355597647,0x6565e0b6b1a1702ee3ac41b5d2ad0498a71b7f5e,2017-10-19T19:44:38.000Z,0.000006,0x2f44f41d28eb82547e07abb16096aca2c3c40f84,sell,0xdded69d8e28d38d640f6244ab5294f309fd40ce1,0x93e95eb64e3460c3c9093c8f2501029fd237ac50463c513355361dc74fce5cb5
194,2073.57192702,0.0103678596351,0x4d140c10845cb9a7dc740e966d54ce54436f8584,2017-10-19T08:22:18.000Z,0.000005,0xc329a8a7e7d71146a018e7765fab94e74f1a12b6,sell,0xdded69d8e28d38d640f6244ab5294f309fd40ce1,0x629a321deba92058cee4315eaf42877c43dc3257019383fa3d41231f9a3ed6d3
195,2080,0.0104,0x4d140c10845cb9a7dc740e966d54ce54436f8584,2017-10-19T06:35:27.000Z,0.000005,0x2f44f41d28eb82547e07abb16096aca2c3c40f84,sell,0xdded69d8e28d38d640f6244ab5294f309fd40ce1,0x46b8684405c1ef4d4a198ee75dad462c661403c4fccfd03ec54277cf58b62390
196,2000,0.01,0x4d140c10845cb9a7dc740e966d54ce54436f8584,2017-10-19T04:03:50.000Z,0.000005,0xd14a86c1d73c2b583b540838ad2c541182138484,sell,0xdded69d8e28d38d640f6244ab5294f309fd40ce1,0x95c17a609eea4024bf677a92f76d708ba53bc32eeb3bc722c49b36d5ea174468
