,amount,amountBase,buyer,date,price,seller,side,tokenAddr,txHash
0,0.01,0.000064,0x6cdea8e07bf82d7a07dbf36642d6e5be8623845c,2017-10-29T11:52:45.000Z,0.0064,0xd8eeda4ee2657bb267bc35c1d60babdc5aedd269,buy,0xb9e7f8568e08d5659f5d29c4997173d84cdf2607,0xcffacf356800d44d6eca6a39264991fb95171567f0fdb37f1039238dd22a2865
1,0.078125,0.0005,0xe444a40689f51f63bcd29910622035707d533d29,2017-10-28T21:04:47.000Z,0.0064,0xd8eeda4ee2657bb267bc35c1d60babdc5aedd269,buy,0xb9e7f8568e08d5659f5d29c4997173d84cdf2607,0x1ec816a3356c7d3b84941d42b86b905538c8e6d5d803c0a642407107bb993a8a
2,0.078125,0.0005,0x34f9560c63078eb61872a4dc2ccd20e21c34feaf,2017-10-28T21:04:11.000Z,0.0064,0xd8eeda4ee2657bb267bc35c1d60babdc5aedd269,buy,0xb9e7f8568e08d5659f5d29c4997173d84cdf2607,0x95d8cdcbf1908e3d52aaae0a517076ea31f9e13c28952a722382592a311a8e64
3,8.029593460273153,0.02007478661002891,0x3dee4a4e076e8d82859d241db0baf46f112cfa23,2017-10-27T14:47:44.000Z,0.0025001,0xd497f303e36117bbc04dae8292208d0a52719685,sell,0xb9e7f8568e08d5659f5d29c4997173d84cdf2607,0x1162d260be51ce5bedfacc86fb5a834546b39ee868f28e8f11ed58814d391786
4,797.5276642408534,2.4244848968198585,0xe1e1d0d73eeb29d0632bc4c7871bfc74dbed0741,2017-10-23T00:01:54.000Z,0.003040001,0x78b0e4933f5b7d90102367e28efcde256998411e,sell,0xb9e7f8568e08d5659f5d29c4997173d84cdf2607,0x459e4fb768a69ec1b46241b9179c72796154e4f1be5fca7c1c29bad8fd8a08ab
5,800,0.0032,0x78b0e4933f5b7d90102367e28efcde256998411e,2017-10-22T11:20:22.000Z,0.000004,0x4d517d272ce8d879d8891518e70153b49d2cdb96,sell,0xb9e7f8568e08d5659f5d29c4997173d84cdf2607,0x5a5b47a7a1df7d36c685bb184a82b14f84fe4367c18ce7c47682e6d51c93df2e
6,500,1.515,0x3dee4a4e076e8d82859d241db0baf46f112cfa23,2017-10-22T10:58:10.000Z,0.00303,0x4d517d272ce8d879d8891518e70153b49d2cdb96,sell,0xb9e7f8568e08d5659f5d29c4997173d84cdf2607,0xf9a62939d110f416cb3bb7ce4fb663bb468daaf54271d4aba28b695ca070d481
7,33.90290100687868,0.1017426059216429,0x3dee4a4e076e8d82859d241db0baf46f112cfa23,2017-10-20T09:05:59.000Z,0.0030009999999999998,0xd6ee38d37c5bf2bc6cfe3a171dc6802d64381fe1,sell,0xb9e7f8568e08d5659f5d29c4997173d84cdf2607,0x430d144d934f225a5e0a7516e53064363eef791cb4cabf5c4ef903c741f0d27c
8,1,0.01669,0x3ac636ac5c3a2576156ac5f10066ca68abe0ad54,2017-10-18T16:20:02.000Z,0.01669,0x927a4460df1ba655363dde2fe1b2a07d3a209e83,buy,0xb9e7f8568e08d5659f5d29c4997173d84cdf2607,0x5fa8182c9e89e0e626603c24ead3d7d3f771556a119705c631ba32f301e0cf11
9,0.03333333333333333,0.0005,0xf9695cd65d6dfdf257fab76a3eb0cb8f001971cc,2017-10-18T15:37:18.000Z,0.015,0x5d26ca4ee3be471a4c5eeccb3bac220603387c77,buy,0xb9e7f8568e08d5659f5d29c4997173d84cdf2607,0x51c8f6175d1a62deb64b8c4219f708b78bc82e69630044d9f2d8df9c810fa269
10,0.03333333333333333,0.0005,0x379374d13077e8867ef31803c37baf9785a17c00,2017-10-18T15:34:36.000Z,0.015,0x5d26ca4ee3be471a4c5eeccb3bac220603387c77,buy,0xb9e7f8568e08d5659f5d29c4997173d84cdf2607,0x3cfae7ed8b20a465ebd6a5518492a11b0bb74fdd13d74ccca7415f32312ad3eb
11,0.1,0.0015,0x636d925f140f761f7a0e600db2177dd068ddada1,2017-10-18T15:26:01.000Z,0.015,0x5d26ca4ee3be471a4c5eeccb3bac220603387c77,buy,0xb9e7f8568e08d5659f5d29c4997173d84cdf2607,0x68c57d36aa585b7013df341b94bb8dd4e30f2962422934e0c74174cf66292f63
12,0.03333333333333333,0.0005,0x16e5d97bbc92417e051e3b2cabfbf8ceea2acb9c,2017-10-17T18:31:40.000Z,0.015,0x5d26ca4ee3be471a4c5eeccb3bac220603387c77,buy,0xb9e7f8568e08d5659f5d29c4997173d84cdf2607,0x531754276deb015240aaba894450af501a3ef5b12af202f7203ffff6a7eb8528
13,0.03333333333333333,0.0005,0xcd912af5286dc0b0a23edb30209734ecb60838b3,2017-10-17T06:11:38.000Z,0.015,0x5d26ca4ee3be471a4c5eeccb3bac220603387c77,buy,0xb9e7f8568e08d5659f5d29c4997173d84cdf2607,0xd9ef7038faec7ff53ca3ac018a835dd4ba0a387eb03b1844a9a2d10898134972
14,3.339253025949575,0.008348199349934455,0xe1e1d0d73eeb29d0632bc4c7871bfc74dbed0741,2017-10-16T07:19:47.000Z,0.00250002,0xf889c6747e91e8191d20571b3d6d920550082c46,sell,0xb9e7f8568e08d5659f5d29c4997173d84cdf2607,0x2009da9de29d8734c7893abfca5dbad89ecaa004b99abf14d4a582090a94949a
15,30.25587307159678,0.1437153970900847,0x8dc8d33fef1996c4af61e5aa8ad8386149d54757,2017-10-16T06:38:52.000Z,0.00475,0xf889c6747e91e8191d20571b3d6d920550082c46,sell,0xb9e7f8568e08d5659f5d29c4997173d84cdf2607,0xa8c50c2f645f4522d8702752b67510a155e7b315122436c3df77b4325cd01ab6
16,692.0115024542451,3.2870546366576643,0x8dc8d33fef1996c4af61e5aa8ad8386149d54757,2017-10-15T17:37:44.000Z,0.00475,0x3dee4a4e076e8d82859d241db0baf46f112cfa23,sell,0xb9e7f8568e08d5659f5d29c4997173d84cdf2607,0xa00ce3924db15e069a912a2485eeeefc00bccc40ef448158324f9ea858ddcbac
17,20.351505941609023,0.09666965322264287,0x8dc8d33fef1996c4af61e5aa8ad8386149d54757,2017-10-10T07:36:41.000Z,0.00475,0x32596ba033710b321af7d7ead337c5e88b7c1ca2,sell,0xb9e7f8568e08d5659f5d29c4997173d84cdf2607,0x50111b0d19479496147ea6fd345fdc9367551dbfdb395a43968a5c7b9a21195e
18,3.137,0.0166656262,0x5d5065b42bdee0274e394ba9042c21e1818c69cf,2017-10-10T07:14:36.000Z,0.0053126,0x32596ba033710b321af7d7ead337c5e88b7c1ca2,sell,0xb9e7f8568e08d5659f5d29c4997173d84cdf2607,0x413a936a888478c500e50a8fb0faf4d408b1edc79e7199cbab1ffc9cdf908f15
19,3.17460257,0.01666666666710257,0x5d5065b42bdee0274e394ba9042c21e1818c69cf,2017-10-10T06:31:52.000Z,0.005250001,0x32596ba033710b321af7d7ead337c5e88b7c1ca2,sell,0xb9e7f8568e08d5659f5d29c4997173d84cdf2607,0x7aff7094a6e45c2fb95e7765f7d4ee3279761fcee89249c4c69c37b4ea06c5b8
20,13.329877380121623,0.07011515501943974,0x5d26ca4ee3be471a4c5eeccb3bac220603387c77,2017-10-10T06:11:48.000Z,0.00526,0x32596ba033710b321af7d7ead337c5e88b7c1ca2,sell,0xb9e7f8568e08d5659f5d29c4997173d84cdf2607,0x3ce598c83c95c82b8a4fd17d2b6c67ea3a765b81d13a68028954b208a5a922c0
21,38.67012261987838,0.20340484498056027,0x5d26ca4ee3be471a4c5eeccb3bac220603387c77,2017-10-09T14:00:45.000Z,0.00526,0x3e6cc838f4d8524f0115d10dfdb923ccf3e0d6fc,sell,0xb9e7f8568e08d5659f5d29c4997173d84cdf2607,0x7332fbe531056a21331954590a5ef87b94717575e595d876e66067947982f470
22,7.9752766424085335,0.13318711992822252,0x4004cded0f305677996b9a935b09a8186ff1843a,2017-10-06T07:42:14.000Z,0.0167,0xe2eabfc1e89a462bbd2ba188cd8a9591a9a0d04e,sell,0xb9e7f8568e08d5659f5d29c4997173d84cdf2607,0xc884e4abb04ed96bf464abab4a16e0377ff18e763999048f83eb86ab51203c6d
23,41.883,0.7161993,0x4004cded0f305677996b9a935b09a8186ff1843a,2017-10-06T06:04:14.000Z,0.0171,0x953d1111662196af36e9d387c0f909e14111fa76,buy,0xb9e7f8568e08d5659f5d29c4997173d84cdf2607,0xf7ccf6c2c187286906ec857eeb0b8abc987b9c51edb161ac0ee1477f218f837a
24,0.1,0.00165,0xa0be78d2bac6a692adba423c7af50ec86a18bddf,2017-09-28T14:33:45.000Z,0.0165,0x4d63f7bc86b6c300953c7784a526a837200f06cb,buy,0xb9e7f8568e08d5659f5d29c4997173d84cdf2607,0xc7ab485295dc6e3d33f9023f1ee105ff1d7a616473d71a9dd0eccdce1608d949
25,0.1,0.00165,0xa0be78d2bac6a692adba423c7af50ec86a18bddf,2017-09-28T14:32:26.000Z,0.0165,0x4d63f7bc86b6c300953c7784a526a837200f06cb,buy,0xb9e7f8568e08d5659f5d29c4997173d84cdf2607,0x45292626f16debf4a5bdc05986d1bfe3c87c8bac08e06d515044148ee2191884
26,0.029239766081871343,0.0005,0x1f8ac99600c61189d92c85cc760735b9e0067a60,2017-09-21T01:03:51.000Z,0.0171,0x953d1111662196af36e9d387c0f909e14111fa76,buy,0xb9e7f8568e08d5659f5d29c4997173d84cdf2607,0x2ace3e3a6e0de60f77adbe8a7a537076d35582f1f60706ff8bbb20b5fb323aca
27,0.029239766081871343,0.0005,0x1f8ac99600c61189d92c85cc760735b9e0067a60,2017-09-21T00:56:27.000Z,0.0171,0x953d1111662196af36e9d387c0f909e14111fa76,buy,0xb9e7f8568e08d5659f5d29c4997173d84cdf2607,0xf86cb09e7f16b3fadbc2d2d59e6f894c0e774d6729446a9a79840edeebb29e83
28,0.029239766081871343,0.0005,0x42c24a83bded723edfdf5883bc7efb30bc1a1bf3,2017-09-20T21:01:09.000Z,0.0171,0x953d1111662196af36e9d387c0f909e14111fa76,buy,0xb9e7f8568e08d5659f5d29c4997173d84cdf2607,0xcd90288d0aaf9d2cd63ec744bab03d2f1a119364e28bac82e15e716691f365a1
29,0.029239766081871343,0.0005,0x0f657c396dfcd6c59bb82b89fc3adbe5f90ce153,2017-09-20T17:44:36.000Z,0.0171,0x953d1111662196af36e9d387c0f909e14111fa76,buy,0xb9e7f8568e08d5659f5d29c4997173d84cdf2607,0x932ba493bdfeecad1c7d7da7adaa1d9998808aa1cd8cac67c3f0c732ac5305c3
30,0.9970089730807,0.00259222333000982,0x83e2f3e191fd52e1adb7186d46d36869072acde1,2017-09-10T06:09:07.000Z,0.0026,0x6d3d0dfa885186833d6cf04f7890aab7d3b43cd1,sell,0xb9e7f8568e08d5659f5d29c4997173d84cdf2607,0xb1cf75d466d4806267a1b27f3eb09fbde4aaf43f6b2b8d39a98d886e3ffd8dba
31,40.115,0.70000675,0x32596ba033710b321af7d7ead337c5e88b7c1ca2,2017-09-03T14:03:42.000Z,0.01745,0xa3d559a26e0252266d4d43231d7c29707c76d8b0,buy,0xb9e7f8568e08d5659f5d29c4997173d84cdf2607,0x6fc1048a0f3e40cd47c9cf33dfd45112884c126a71ff966c0173d05adce02e33
32,10.682,0.026705,0xa3d559a26e0252266d4d43231d7c29707c76d8b0,2017-08-27T11:20:43.000Z,0.0025,0xbf274d2913fb38ce09ad1788239aa913361b8a12,buy,0xb9e7f8568e08d5659f5d29c4997173d84cdf2607,0xb0dd565d7d008d13b5f07e5b60cfbcfae94be98d26a02fa7acefbfdc9ce47162
33,1,0.01,0x6d3d0dfa885186833d6cf04f7890aab7d3b43cd1,2017-08-24T19:37:02.000Z,0.01,0xa3d559a26e0252266d4d43231d7c29707c76d8b0,buy,0xb9e7f8568e08d5659f5d29c4997173d84cdf2607,0x1425bb628d0fc59d06d0f88e6c7054ec5988c27dec7c91fcfe3683fe73cabb80
34,0.09459907662778136,0.000208117968581118,0xa3d559a26e0252266d4d43231d7c29707c76d8b0,2017-08-24T11:10:30.000Z,0.0021999999999999893,0xac75b73394c329376c214663d92156afa864a77f,sell,0xb9e7f8568e08d5659f5d29c4997173d84cdf2607,0xe693b83edaf4200527b35f945c7259aff33414d37101ba423d5f0d135d80cec6
35,948.9233376532749,2.087631342837205,0xa3d559a26e0252266d4d43231d7c29707c76d8b0,2017-08-24T11:04:41.000Z,0.0022,0xac75b73394c329376c214663d92156afa864a77f,sell,0xb9e7f8568e08d5659f5d29c4997173d84cdf2607,0xc114ff933032a3930830685afc3a56bfcd0d0e323536ceb8fe8468070daccc1e
36,845,2.0618,0xa3d559a26e0252266d4d43231d7c29707c76d8b0,2017-08-24T11:01:18.000Z,0.00244,0xac75b73394c329376c214663d92156afa864a77f,sell,0xb9e7f8568e08d5659f5d29c4997173d84cdf2607,0xc23b6438765c6e69f185894f85e4e228d9efd071f41fc6efe6210a1df06f3116
37,200,0.49,0x0f7ce02f8af040579eb7a93549bdcc965fa8eb7b,2017-08-24T11:00:11.000Z,0.00245,0xac75b73394c329376c214663d92156afa864a77f,sell,0xb9e7f8568e08d5659f5d29c4997173d84cdf2607,0x4c21e8c58f92c8aa30fcade6746871f0e7cc0cb3b6a252281930e32ba593223a
