,amount,amountBase,buyer,date,price,seller,side,tokenAddr,txHash
0,105.359,0.642795259,0x583b640795999aa2bb22c1a62a91336ff9d325bb,2017-11-02T14:39:10.000Z,0.006101,0xf5c1aa3d6525b335673897a1407f247886bd5f72,sell,0x0d88ed6e74bbfd96b831231638b66c05571e824f,0xdc8c36e3461f6b2349e248a290c69a634e8133504bfff4192d202d00cdfe197c
1,235.39072176253615,1.4382375453598175,0xed7f4d43a68a1353004159aa48fcf79e23b5b75f,2017-11-02T14:31:06.000Z,0.006110001,0xf5c1aa3d6525b335673897a1407f247886bd5f72,sell,0x0d88ed6e74bbfd96b831231638b66c05571e824f,0x026654f84dd0f1285083c081c454573600309f17f10d0c16f48082636279b01b
2,32.97,0.214305,0x366b9bdea87e37125ff660769ccc983adaf92634,2017-11-02T14:21:22.000Z,0.0065,0x86d3ccb700a9d71b4b6f4b5245d7a0b2b4d82a98,sell,0x0d88ed6e74bbfd96b831231638b66c05571e824f,0x284521f15eaf35c82179810895716b32db9160ede4b2f6153b543be90e54dcdc
3,1831.318295785791,11.189171655421605,0xd3e0af2fd0be2b6148916ab295d365c8f6fea179,2017-11-02T12:10:28.000Z,0.0061099,0xc4edd6b970a6432634143e6db9e4fa1483c53950,sell,0x0d88ed6e74bbfd96b831231638b66c05571e824f,0xfc0337c3466f171fca7304b4f6f542624614dbc4d27346fa068491aa9d84956f
4,764.6092782374639,4.671763454640183,0xed7f4d43a68a1353004159aa48fcf79e23b5b75f,2017-11-02T11:07:00.000Z,0.006110001,0x716e1bd52b275b4028fe5cd2db675c02b1d9c1ce,sell,0x0d88ed6e74bbfd96b831231638b66c05571e824f,0x188a37f24ee4c8cf35a7509731b4025918c89f7ce86761b0647ceb35f8ca9141
5,340,2.108034,0xb3d0b2376a79ebed0653fea93a1259d17255251f,2017-11-02T11:05:15.000Z,0.0062001,0x716e1bd52b275b4028fe5cd2db675c02b1d9c1ce,sell,0x0d88ed6e74bbfd96b831231638b66c05571e824f,0xe12c1f170afad6e265b678ec0a1bf050a48dfea2d7c3ceb424da8192c974f5ab
6,107,0.6634,0xbe46dbbc1e3dafd0cbda9f40f0839d7aa4e8d659,2017-11-02T11:05:15.000Z,0.0062,0x716e1bd52b275b4028fe5cd2db675c02b1d9c1ce,sell,0x0d88ed6e74bbfd96b831231638b66c05571e824f,0xc6bcbcd1c494dac7f1cc6e106fd9b67ddb013c531a647402b27881eb5a2e943e
7,5,0.031,0x12a2067d17829de25cd7f581919071f1b2a65c01,2017-11-02T11:05:15.000Z,0.0062,0x716e1bd52b275b4028fe5cd2db675c02b1d9c1ce,sell,0x0d88ed6e74bbfd96b831231638b66c05571e824f,0xe679bb452862881b086062efeeccae8c7eb9fc6f2cdf1fe595df634b1ac7d0ec
8,617.811,3.830490598911,0xe5830fc331aa8eb94b6a6daba5ae0ad028e5e222,2017-11-02T11:05:15.000Z,0.006200101,0x716e1bd52b275b4028fe5cd2db675c02b1d9c1ce,sell,0x0d88ed6e74bbfd96b831231638b66c05571e824f,0x23a7fa4a9751c61f3e0625454398213a789e48e6efcc10fb55efcb419e8d91b1
9,50.227,0.30688697,0xf732b16f5aee6cd2db5b30a7a3860764a48b19ff,2017-11-02T08:45:38.000Z,0.00611,0xc116d64929ea0ce3c23fac5dd12a1d17624763da,buy,0x0d88ed6e74bbfd96b831231638b66c05571e824f,0x46408d1b817f519eab3ea7b8acfa6ceebe1801bd7a1579c22eea5543386ba7ef
10,425.8076853814394,2.601684957680595,0xe5830fc331aa8eb94b6a6daba5ae0ad028e5e222,2017-11-02T08:33:12.000Z,0.00611,0xc116d64929ea0ce3c23fac5dd12a1d17624763da,buy,0x0d88ed6e74bbfd96b831231638b66c05571e824f,0xdfec276d49dfc192d73f31b6ccea0a330a4ffba4f162993ce789480107de56ae
11,49.04473767470492,0.3236952686530525,0xde9816c2eddff1d26710053950380165e910916d,2017-11-02T08:29:15.000Z,0.0066,0xf44072eda87ede9613b6ae1b812de8a60ade27a2,sell,0x0d88ed6e74bbfd96b831231638b66c05571e824f,0x1f6c0c09deff1b3e000fad91f424183987381b688c136cd2cd8f283c15ee5ad5
12,49.192314618560594,0.30056504231940523,0xf44072eda87ede9613b6ae1b812de8a60ade27a2,2017-11-02T08:29:15.000Z,0.00611,0xc116d64929ea0ce3c23fac5dd12a1d17624763da,buy,0x0d88ed6e74bbfd96b831231638b66c05571e824f,0x1f6c0c09deff1b3e000fad91f424183987381b688c136cd2cd8f283c15ee5ad5
13,674.0093201076662,4.1121982629088825,0xe5830fc331aa8eb94b6a6daba5ae0ad028e5e222,2017-11-02T07:45:36.000Z,0.0061011,0xa596a01acb9e36ae574495dced3922377abbbb74,sell,0x0d88ed6e74bbfd96b831231638b66c05571e824f,0x6aba25b3c055e77338109b91088d9de57c2b24a268a8a85ce1d5dc280a8d74ad
14,161.417,0.98625787,0x5272cd4dd8b48fcbd85ea40c458840924b0f086e,2017-11-02T07:43:15.000Z,0.00611,0xa596a01acb9e36ae574495dced3922377abbbb74,sell,0x0d88ed6e74bbfd96b831231638b66c05571e824f,0x103407f20853e3d938eaa852778bd816f73a438e47bbd74bd400bd0442e30cc9
15,0.07153075822603719,0.0005,0x3075f7f189912f4f425dd7021b9c396434197477,2017-11-02T07:19:42.000Z,0.00699,0xfbf7dc0756a9768d0c71aea5f8421f3b1eaee7d1,buy,0x0d88ed6e74bbfd96b831231638b66c05571e824f,0x446c1dd34489bc08f666f7a0db979a053941dc342731572fcd2b493b5c51140d
16,0.07153075822603719,0.0005,0x4fda9e6bcd83af6c5cc771b5d20accc2b7720074,2017-11-02T07:16:31.000Z,0.00699,0xfbf7dc0756a9768d0c71aea5f8421f3b1eaee7d1,buy,0x0d88ed6e74bbfd96b831231638b66c05571e824f,0xd17e839e95ed518061a5258396a71fefcdce574caf2e27297f17022a5d5c40e3
17,79.065,0.553455,0x4a693868650fdc449ebb599d22fecc0f7d224462,2017-11-02T04:39:31.000Z,0.007,0xd0d089fe18092dcb94a1a06b2496a5b9a611d3a5,sell,0x0d88ed6e74bbfd96b831231638b66c05571e824f,0x0d63aca39ef0c752246bc4e7b7aee78d4932cce9be9a234af03a4d01ea7f4674
18,26.45880698481093,0.19844131697415182,0x8c16c8fe98a50b515cf8268090bcb8886b241908,2017-11-02T01:15:57.000Z,0.00750001,0x366b9bdea87e37125ff660769ccc983adaf92634,sell,0x0d88ed6e74bbfd96b831231638b66c05571e824f,0x11e907eefc7b96f483a31eae2a20a482438a6ea7a7f1c3812e7364793fd56135
19,68.07280957963518,0.5105467525753596,0x8c16c8fe98a50b515cf8268090bcb8886b241908,2017-11-02T00:39:58.000Z,0.00750001,0xb02a8468a646f6699f67d363e65bdf05e41eb883,sell,0x0d88ed6e74bbfd96b831231638b66c05571e824f,0x223ae546f4ca36cd21face8d17a1011054c33d588198a576ed9d436929e27a6e
20,0.5747847205166533,0.006983634354277337,0x0c498ba71b8e620e998b7cd020a86c1e3c6e3e32,2017-11-01T22:43:27.000Z,0.01215,0x33146d62f22eb8be73b1854494a23c5a67ee9efa,buy,0x0d88ed6e74bbfd96b831231638b66c05571e824f,0x0ad1886549830a346179dba34ca912c9451078799c7700852e521ba8b618949d
21,5.336990682419852,0.05283620775595654,0x0c498ba71b8e620e998b7cd020a86c1e3c6e3e32,2017-11-01T22:39:54.000Z,0.0099,0xe4f789a179d1af8335c3a53d95af3cca1c47a56f,buy,0x0d88ed6e74bbfd96b831231638b66c05571e824f,0x8fbca3cd86e5464c78ae3c31c1584f2a23cfb1c9843d1da46b091a75b8129544
22,4.466872352502243,0.03484115766228224,0x0c498ba71b8e620e998b7cd020a86c1e3c6e3e32,2017-11-01T22:30:51.000Z,0.0077999,0xaf859c7dc477ae70ff8c1ee8a25d65d800a90d90,buy,0x0d88ed6e74bbfd96b831231638b66c05571e824f,0x7540c3a9349c360931571cfeeadae4253ce1f3f4aeefc8bc56a873bbb7b789b4
23,128,0.99456,0xa596a01acb9e36ae574495dced3922377abbbb74,2017-11-01T21:43:06.000Z,0.00777,0xfbf7dc0756a9768d0c71aea5f8421f3b1eaee7d1,buy,0x0d88ed6e74bbfd96b831231638b66c05571e824f,0x970b0eaac971bfac6c4976a8d40363e7d59d03a5c0f66efbe7dd3cd071ee9c15
24,455.82567579326667,3.4642751360288266,0xa596a01acb9e36ae574495dced3922377abbbb74,2017-11-01T20:54:49.000Z,0.0076,0x366b9bdea87e37125ff660769ccc983adaf92634,sell,0x0d88ed6e74bbfd96b831231638b66c05571e824f,0x0d0f6dcb72b3507c9523943e7d1ad122ea0e2fd43383370d22afcde4690999aa
25,254.17432420673336,1.9317248639711735,0xa596a01acb9e36ae574495dced3922377abbbb74,2017-11-01T20:47:42.000Z,0.0076,0x366b9bdea87e37125ff660769ccc983adaf92634,sell,0x0d88ed6e74bbfd96b831231638b66c05571e824f,0xae9f7bfca0cfc39ac78c387d3ad4961c00aa4a0d40708588fc34973716e02d2a
26,80.525,0.61199,0xfbf7dc0756a9768d0c71aea5f8421f3b1eaee7d1,2017-11-01T19:58:58.000Z,0.0076,0x366b9bdea87e37125ff660769ccc983adaf92634,sell,0x0d88ed6e74bbfd96b831231638b66c05571e824f,0x01056a1d0780c477ab402d0aeea90bb393a7a1d1b2bd1806b46ab4acf16fcd23
27,169.47462865118135,1.288007177748978,0xfbf7dc0756a9768d0c71aea5f8421f3b1eaee7d1,2017-11-01T18:24:14.000Z,0.0076,0x01fc548290eea56cd0beb30c887539ba5ac7add7,sell,0x0d88ed6e74bbfd96b831231638b66c05571e824f,0x4162d1e54f9d2f53b9816ef566baa9bae05b8e16581b4e4265069982dbb77503
28,166.8447227692701,1.8352919504619711,0x0c498ba71b8e620e998b7cd020a86c1e3c6e3e32,2017-11-01T16:20:54.000Z,0.011,0x6d6ace9721fdae85d9af52fe0cc47bee04f33dfd,buy,0x0d88ed6e74bbfd96b831231638b66c05571e824f,0x0d3e93d2a7c66eb92f287bb7696e355f60e8841ca1816402ca6dd7ab07a9fafd
29,98.5,1.0835,0x0c498ba71b8e620e998b7cd020a86c1e3c6e3e32,2017-11-01T16:18:18.000Z,0.011,0xde01fd66aabbd87227b88aa5dc60ca60dd39ae0b,buy,0x0d88ed6e74bbfd96b831231638b66c05571e824f,0x9605ca41f482cdb35bb4fd2604b2ff25487ba6a140740cabbd53a7532d7c90df
30,48.76,0.53636,0x0c498ba71b8e620e998b7cd020a86c1e3c6e3e32,2017-11-01T16:17:58.000Z,0.011,0x628dd9a687c70523e9cd266dda568db7d47c1912,buy,0x0d88ed6e74bbfd96b831231638b66c05571e824f,0x81cf06ce6b34f28cd2c12516ec11b8570540bfe733ac1e047e858b91b885dcfb
31,50,0.44999995,0x0c498ba71b8e620e998b7cd020a86c1e3c6e3e32,2017-11-01T16:16:35.000Z,0.008999999,0x1567591981207815cbeefe0381f491000f5d302a,buy,0x0d88ed6e74bbfd96b831231638b66c05571e824f,0x2420ed84f96e9a550b1b1a4ef60753fa53b4e37c80e7cc86e2c03bc3fe311529
32,60.57,0.6057,0x0c498ba71b8e620e998b7cd020a86c1e3c6e3e32,2017-11-01T16:16:35.000Z,0.01,0x79c4cdd69587343577d19d6a508afaba2dde7eb3,buy,0x0d88ed6e74bbfd96b831231638b66c05571e824f,0x143a07960b3fc4287e9d998344c1215cd298fd285a159c4297b1c1439ae34bf9
33,367.908,4.03962984,0x0c498ba71b8e620e998b7cd020a86c1e3c6e3e32,2017-11-01T16:16:35.000Z,0.01098,0x861c479671bd8bc80b7bdf2c51e977d1db176888,buy,0x0d88ed6e74bbfd96b831231638b66c05571e824f,0xe8a02e260ba9dc5b75b4468529fd96e2e85b73f143c92c84e0a4f40eadab71e0
34,418.0778456359215,4.3480095946135835,0x0c498ba71b8e620e998b7cd020a86c1e3c6e3e32,2017-11-01T16:16:35.000Z,0.0104,0x33146d62f22eb8be73b1854494a23c5a67ee9efa,buy,0x0d88ed6e74bbfd96b831231638b66c05571e824f,0xa141b786d3ba70c07869a6c3ab5339f62764bd8ef9717892201d47ea9b298acd
35,273.41461765335373,2.345897419465775,0x0c498ba71b8e620e998b7cd020a86c1e3c6e3e32,2017-11-01T16:15:12.000Z,0.00858,0x723fa2df041440651a6ac8cdddcf81a0977a97e8,buy,0x0d88ed6e74bbfd96b831231638b66c05571e824f,0x9a4cd7ce1e114cbabf45550572cf40d27b5982c6da51b6fa82033f0b60fd12ae
36,100,0.78,0x0c498ba71b8e620e998b7cd020a86c1e3c6e3e32,2017-11-01T16:15:05.000Z,0.0078,0xd0f7a0950e32838c3050052bbc2fcd0186e3abdf,buy,0x0d88ed6e74bbfd96b831231638b66c05571e824f,0xcd0288cd40b7e0efabb9bd01284e21d9daa92de55f2f72d1c477299d84fa2bab
37,430,3.4314,0x0c498ba71b8e620e998b7cd020a86c1e3c6e3e32,2017-11-01T16:14:59.000Z,0.00798,0x6ae299f97c1a2c05ac17e2861708ad57b1a6546e,buy,0x0d88ed6e74bbfd96b831231638b66c05571e824f,0xff3b32e1199aaa3e692e227c02e5bb5a8bb9d40826afe8373387626ff9dcbc9b
38,3250,26.975,0x0c498ba71b8e620e998b7cd020a86c1e3c6e3e32,2017-11-01T16:14:57.000Z,0.0083,0x366b9bdea87e37125ff660769ccc983adaf92634,buy,0x0d88ed6e74bbfd96b831231638b66c05571e824f,0xa5cb3f430569891ce3dfac68da5236ee12ca0c0a865ba909e3968cc5a7c95cc2
39,55,0.42845,0x0c498ba71b8e620e998b7cd020a86c1e3c6e3e32,2017-11-01T16:13:44.000Z,0.00779,0xfbf7dc0756a9768d0c71aea5f8421f3b1eaee7d1,buy,0x0d88ed6e74bbfd96b831231638b66c05571e824f,0x8b4ab8bdc6488e96f609c43340186f67da8703722599f0c8b65c45f31c753bf2
40,0.02725094627066919,0.000204382369539481,0x8c16c8fe98a50b515cf8268090bcb8886b241908,2017-11-01T15:47:17.000Z,0.007500009999999977,0x0c498ba71b8e620e998b7cd020a86c1e3c6e3e32,sell,0x0d88ed6e74bbfd96b831231638b66c05571e824f,0x7b1c81ec2e3c336dce3bd5b229b91ea652b55b951439c02d4eabc11898662ac8
41,273.35424204108267,1.667460876450604,0x723fa2df041440651a6ac8cdddcf81a0977a97e8,2017-11-01T15:43:10.000Z,0.0061,0x0c498ba71b8e620e998b7cd020a86c1e3c6e3e32,sell,0x0d88ed6e74bbfd96b831231638b66c05571e824f,0x300f64c920d2d8ef31958aa90e9f8ce4e0127afcf784076550c30aacf5f1d6e4
42,835.9345055087598,5.851541538561319,0x4a693868650fdc449ebb599d22fecc0f7d224462,2017-11-01T15:13:11.000Z,0.007,0xa596a01acb9e36ae574495dced3922377abbbb74,sell,0x0d88ed6e74bbfd96b831231638b66c05571e824f,0x62333ac7615b779589cd8fac65b810b22fd1a358dfe5e4420239e35c757ba1ce
43,0.5315330483526991,0.00419911161351937,0xc5ade67e26741e927bada0d3201286054c0a3cd0,2017-11-01T13:49:11.000Z,0.007900000999999999,0x1d5321e125f6c7079a716705541c7b371ca79e69,sell,0x0d88ed6e74bbfd96b831231638b66c05571e824f,0x1bf82afb6879fc355764f9503dc3aefa649d2a11e7e73d1dca15433044f9760c
44,0.5331276474977571,0.004158342337717756,0x1d5321e125f6c7079a716705541c7b371ca79e69,2017-11-01T13:49:11.000Z,0.0077999,0xaf859c7dc477ae70ff8c1ee8a25d65d800a90d90,buy,0x0d88ed6e74bbfd96b831231638b66c05571e824f,0x1bf82afb6879fc355764f9503dc3aefa649d2a11e7e73d1dca15433044f9760c
45,80,0.6384,0x688bccf7cd874b3e9f5f02489aa5661c10af28b6,2017-11-01T10:18:50.000Z,0.00798,0xfbf7dc0756a9768d0c71aea5f8421f3b1eaee7d1,buy,0x0d88ed6e74bbfd96b831231638b66c05571e824f,0xc448c1cde06b6087a3e7b40a652eaa06a524403a2bf88f272a344e2845596f4b
46,5,0.04005,0xaf859c7dc477ae70ff8c1ee8a25d65d800a90d90,2017-11-01T08:41:02.000Z,0.00801,0xfbf7dc0756a9768d0c71aea5f8421f3b1eaee7d1,sell,0x0d88ed6e74bbfd96b831231638b66c05571e824f,0x863acc9a528c93fe03df2ed2bc9945162f0fafae35039b0011f2b1e3793260e2
47,825.4411324892832,6.190816748080949,0x8c16c8fe98a50b515cf8268090bcb8886b241908,2017-11-01T08:28:07.000Z,0.00750001,0xce1c28560f17c2aa0b0a539019bbb4492f117e40,sell,0x0d88ed6e74bbfd96b831231638b66c05571e824f,0xa4085865787d3c2b6b5bb0dfdfe6196e7ec527b8145469edaa5cd54141745fac
48,78,0.6006,0x84ebfdf69e1946e6215cc2a6e56b0d67b0ca970a,2017-11-01T07:25:02.000Z,0.0077,0x366b9bdea87e37125ff660769ccc983adaf92634,sell,0x0d88ed6e74bbfd96b831231638b66c05571e824f,0xbc04190a445617c02f6641b7f8e13d7e85d9b1c15569b7d44aafe2c14c5fd6e0
49,150,1.15515,0xd0d089fe18092dcb94a1a06b2496a5b9a611d3a5,2017-11-01T07:24:47.000Z,0.007701,0x366b9bdea87e37125ff660769ccc983adaf92634,sell,0x0d88ed6e74bbfd96b831231638b66c05571e824f,0x4f2811fcbe1b7c6cda154b98bee8dfa5b4b0b682f7dceadd24c874d7d52246e3
50,150,1.155,0x90f8a972112245bd631826cf5f1b45fba3b5679d,2017-11-01T07:24:47.000Z,0.0077,0x366b9bdea87e37125ff660769ccc983adaf92634,sell,0x0d88ed6e74bbfd96b831231638b66c05571e824f,0x27cbb96908cc819a8c8e736d501164f896c573f4080b8f7f1fb9b0899a168c7a
51,37.009,0.29644283018,0x3752f1ec7f38814576c8fa97f566d8759b73189a,2017-10-31T15:20:52.000Z,0.00801002,0x366b9bdea87e37125ff660769ccc983adaf92634,sell,0x0d88ed6e74bbfd96b831231638b66c05571e824f,0xcb8ae635adf6bfbde69abd5d7c79502b8f84a1ac5948d0f7cff31af9eab7a3be
52,2.9907287409032,0.02395579702920945,0x3752f1ec7f38814576c8fa97f566d8759b73189a,2017-10-31T14:44:48.000Z,0.00801002,0xf01cc749a4a6a3e19a5dfc88f9de1e3f0aa41390,sell,0x0d88ed6e74bbfd96b831231638b66c05571e824f,0x8e7eec0f6d23c67e27c490fa82c203cd3824510c44dfe49212719dba6581e973
53,60,0.5082,0xa596a01acb9e36ae574495dced3922377abbbb74,2017-10-31T14:18:50.000Z,0.00847,0xfbf7dc0756a9768d0c71aea5f8421f3b1eaee7d1,buy,0x0d88ed6e74bbfd96b831231638b66c05571e824f,0x098ff48cd76e5de2e41311382b07778f2cf7c370d12fa5ca216d9698ace23b46
54,352,2.97792,0xa596a01acb9e36ae574495dced3922377abbbb74,2017-10-31T14:15:26.000Z,0.00846,0xafcffe2635dadeaf2bcf38578ca60f0601af552e,buy,0x0d88ed6e74bbfd96b831231638b66c05571e824f,0xa3e7b899ae57f25c3f2ffa9e0066a6fd5a65075a112938a02bb46ccb6efb81ee
55,88.5,0.749595,0x279cdd763b7d89bd19ce0877464e3f7a2fef511e,2017-10-31T13:40:32.000Z,0.00847,0x366b9bdea87e37125ff660769ccc983adaf92634,sell,0x0d88ed6e74bbfd96b831231638b66c05571e824f,0x2fb01f7f6244990b6c97a8ec33f0dc03e722f3fb842aab0076127d46feed9b80
56,59.814574818064,0.47911474429269263,0x405183b5c1e41004cd4f7ffd2ac9ceabbe499393,2017-10-31T10:37:09.000Z,0.00801,0x5acca8e15f3ab7a93e49e77487e1e4e623b94148,sell,0x0d88ed6e74bbfd96b831231638b66c05571e824f,0x8f2d6a55937c2354e3af2c75112697cad4810a74d10f8d4fc8fd594c74eb25ae
57,0.026437930924036065,0.000211767826701528,0x405183b5c1e41004cd4f7ffd2ac9ceabbe499393,2017-10-31T09:50:50.000Z,0.008009999999999967,0x009a12d4290630bc01fd82516ac57c1dc6a9bcfb,sell,0x0d88ed6e74bbfd96b831231638b66c05571e824f,0xc95d24206b9a56710909af0d2c514949c3cb7502dc1400b73268046a40347e68
58,0.11668611435239207,0.001,0xd1f6f7607d6891e2dfda76380145f1f314e79db8,2017-10-31T06:27:07.000Z,0.00857,0xfbf7dc0756a9768d0c71aea5f8421f3b1eaee7d1,buy,0x0d88ed6e74bbfd96b831231638b66c05571e824f,0x8e66cca20cb4390c453a7a5baba7e7337c61024ff0aa0c03ebfabcfc0e43a721
59,22.5,0.180225,0x405183b5c1e41004cd4f7ffd2ac9ceabbe499393,2017-10-31T05:15:36.000Z,0.00801,0xe4b092a5ea2d60f066c8a39f62dcf2e239cbcbb6,sell,0x0d88ed6e74bbfd96b831231638b66c05571e824f,0xa387f6694c8948c04c48978ef0b797ccbb77b051542eaed56d1b882ad2fb1d9b
60,0.0576305764785,0.000461620917592785,0x405183b5c1e41004cd4f7ffd2ac9ceabbe499393,2017-10-31T03:50:28.000Z,0.00801,0xe444a40689f51f63bcd29910622035707d533d29,sell,0x0d88ed6e74bbfd96b831231638b66c05571e824f,0xbd540a898e0657f9913137d32afb8cdb63c81fd6aa7e696edbff52326e14602b
61,603.7561227107834,4.830048981686267,0x366b9bdea87e37125ff660769ccc983adaf92634,2017-10-31T02:34:13.000Z,0.008,0x723fa2df041440651a6ac8cdddcf81a0977a97e8,sell,0x0d88ed6e74bbfd96b831231638b66c05571e824f,0xb86aa64b692f8c614b02c74e9ef0f9f2a3d40fd6ce322210e0396f31430622ad
62,200,1.544,0xfbf7dc0756a9768d0c71aea5f8421f3b1eaee7d1,2017-10-31T01:15:49.000Z,0.00772,0xb00548770ea87482f024cd4292a975fea72e8f01,sell,0x0d88ed6e74bbfd96b831231638b66c05571e824f,0xeb68043c8b3e0858a28080a4f9563d1a23c2d07843a36d559be1788e928b18b0
63,44,0.3784,0x4cfc8d5ed10997375481a12a86e388ec31458d36,2017-10-31T00:51:19.000Z,0.0086,0x723fa2df041440651a6ac8cdddcf81a0977a97e8,sell,0x0d88ed6e74bbfd96b831231638b66c05571e824f,0xa42b31edd5a30c4d8f7f7308c17405a91c0675ce2eeb4c881764206b689eb223
64,24.08912894863753,0.1963264009313959,0x366b9bdea87e37125ff660769ccc983adaf92634,2017-10-30T22:06:18.000Z,0.00815,0x006b25ff703cfe9c84d0336cbd43ec3712dc67b2,sell,0x0d88ed6e74bbfd96b831231638b66c05571e824f,0x687a9207816f95cf7dbbcb83373d9a3d1b34115f4831126628845293c02921af
65,15,0.12225,0x366b9bdea87e37125ff660769ccc983adaf92634,2017-10-30T22:02:03.000Z,0.00815,0x1b265160f0cea50a34405cd2e187c49f0bab5d61,sell,0x0d88ed6e74bbfd96b831231638b66c05571e824f,0x7b6f7b118b2130b8b08e4a0a77940f16a1f2720160ceeb45620b50a3380955d8
66,0.002,0.00001621,0x37fe6beb296fde7d87f46777cbd30fab37ccdd2e,2017-10-30T21:10:14.000Z,0.008105,0x37fe6beb296fde7d87f46777cbd30fab37ccdd2e,sell,0x0d88ed6e74bbfd96b831231638b66c05571e824f,0x2a03dca8400f81da69887f5e0c5335c9fa80dd7ddbd3adb2d5ebbbf2ad6ad698
67,0.02,0.000156,0x37fe6beb296fde7d87f46777cbd30fab37ccdd2e,2017-10-30T21:05:43.000Z,0.0078,0x37fe6beb296fde7d87f46777cbd30fab37ccdd2e,sell,0x0d88ed6e74bbfd96b831231638b66c05571e824f,0xac35b0a9528450229934b08a4e3255cd6a8a9b6afee92678ff69e9ecbfb1ba98
68,0.02,0.000156,0x37fe6beb296fde7d87f46777cbd30fab37ccdd2e,2017-10-30T21:03:07.000Z,0.0078,0x37fe6beb296fde7d87f46777cbd30fab37ccdd2e,sell,0x0d88ed6e74bbfd96b831231638b66c05571e824f,0x09582e10b3307a5fa78cb813408d8953a304557d01701525b577ff78f979fc6e
69,0.001,0.0000078,0x37fe6beb296fde7d87f46777cbd30fab37ccdd2e,2017-10-30T21:02:44.000Z,0.0078,0x37fe6beb296fde7d87f46777cbd30fab37ccdd2e,sell,0x0d88ed6e74bbfd96b831231638b66c05571e824f,0x70302f9a72d6bf4c381e1cdf10acc31b9723e025b3e03ccc38786d34dc9d3a48
70,0.002,0.0000156,0x37fe6beb296fde7d87f46777cbd30fab37ccdd2e,2017-10-30T21:02:12.000Z,0.0078,0x37fe6beb296fde7d87f46777cbd30fab37ccdd2e,sell,0x0d88ed6e74bbfd96b831231638b66c05571e824f,0xa48f64aaafc6895423a9b89b60de5a13b6448cf45ee0f68da3f823362bb2ba19
71,426.42750322656633,3.6885979029097986,0xa596a01acb9e36ae574495dced3922377abbbb74,2017-10-30T20:57:11.000Z,0.00865,0xbe56bff75a1cb085674cc37a5c8746ff6c43c442,buy,0x0d88ed6e74bbfd96b831231638b66c05571e824f,0x6625ea615342b0ecddfea82d34551ec3ee88390562377b7ff30402aabbabdcfd
72,492.8152362732999,4.2874925555777095,0xee670c06874abea43e14b85018093d930f06b7ca,2017-10-30T20:06:57.000Z,0.0087,0x366b9bdea87e37125ff660769ccc983adaf92634,buy,0x0d88ed6e74bbfd96b831231638b66c05571e824f,0xb8ae75fbbdc3f878003794bb67066d270fa409c0c3afcbf4995de2975950ccb7
73,3299.95,28.2145725,0xee670c06874abea43e14b85018093d930f06b7ca,2017-10-30T20:04:59.000Z,0.00855,0x366b9bdea87e37125ff660769ccc983adaf92634,buy,0x0d88ed6e74bbfd96b831231638b66c05571e824f,0x8ed8464098ac3116b41c7598eceec8f875022f94ef0fc81b28d5d217c3491b21
74,0.05,0.0004275,0x0c4085d8e714ca77ac5f46cd2b80a92d238a7cd3,2017-10-30T20:00:46.000Z,0.00855,0x366b9bdea87e37125ff660769ccc983adaf92634,buy,0x0d88ed6e74bbfd96b831231638b66c05571e824f,0x7fcb35ba6384173837bda18cf8fedc616f82bff62175d4edff59a0ec638e42b0
75,12,0.1044,0xdf41f62241289ffd28af083d7fb671d796e04893,2017-10-30T19:21:55.000Z,0.0087,0x366b9bdea87e37125ff660769ccc983adaf92634,buy,0x0d88ed6e74bbfd96b831231638b66c05571e824f,0x98c94bd768e9be6a333b1d22cfae19df01a02de09d741feda451a0403bd1d2c8
76,380.55,3.42495,0x036b337c54af5387226a7a5e6da0ad1baf90ca5b,2017-10-30T18:30:38.000Z,0.009,0xc12864a0c5e71c7573a97ca07b98a33752a60e04,buy,0x0d88ed6e74bbfd96b831231638b66c05571e824f,0xa0d549481b8f15b32356c512758049d4f8156db39dcfab261bc78f81d6ef58fd
77,69.61130545451502,0.6265017490906352,0x036b337c54af5387226a7a5e6da0ad1baf90ca5b,2017-10-30T18:24:55.000Z,0.009,0xe5830fc331aa8eb94b6a6daba5ae0ad028e5e222,sell,0x0d88ed6e74bbfd96b831231638b66c05571e824f,0x09e3d6c3f342a5b418368ed41bf51edd15d3bebb3615fdf0ee5b902fcaddf906
78,2064,18.4728,0x036b337c54af5387226a7a5e6da0ad1baf90ca5b,2017-10-30T18:14:50.000Z,0.00895,0xef41d59163205120ea659aa0174c9fe48317fc10,buy,0x0d88ed6e74bbfd96b831231638b66c05571e824f,0xa6a1ceabc012cf74ca370a4cbf2c93e0daf0f649bf3fd2b891974f5e54ba1389
79,2479.620245470544,22.316582209234895,0xee670c06874abea43e14b85018093d930f06b7ca,2017-10-30T17:27:07.000Z,0.009,0xc12864a0c5e71c7573a97ca07b98a33752a60e04,buy,0x0d88ed6e74bbfd96b831231638b66c05571e824f,0x16c83c30a64003d441b00784e05ba891fbb289f2856cb09eaa81acc56bf8cc55
80,492.247,4.420327358559,0xee670c06874abea43e14b85018093d930f06b7ca,2017-10-30T17:25:56.000Z,0.008979897,0xed7f4d43a68a1353004159aa48fcf79e23b5b75f,buy,0x0d88ed6e74bbfd96b831231638b66c05571e824f,0xa1ab1d3b2c88485f3522361f8d6599d93d52b66e3e0a542a00e2fa14fcbc12cc
81,189.9,1.640736,0xee670c06874abea43e14b85018093d930f06b7ca,2017-10-30T17:25:56.000Z,0.00864,0x723fa2df041440651a6ac8cdddcf81a0977a97e8,buy,0x0d88ed6e74bbfd96b831231638b66c05571e824f,0xaf45f17a6418b4fbbad1984a7705ecbb18d3d5a7df71fc6fee4be3c1e2254553
82,4.994,0.0448955606,0xee670c06874abea43e14b85018093d930f06b7ca,2017-10-30T17:25:56.000Z,0.0089899,0xaf859c7dc477ae70ff8c1ee8a25d65d800a90d90,buy,0x0d88ed6e74bbfd96b831231638b66c05571e824f,0x4413d14cd55c9c919458f6aa32eb8bf2d36834b136aa8f2bd68dfc894b03a370
83,390.5,3.47545,0xee670c06874abea43e14b85018093d930f06b7ca,2017-10-30T17:25:56.000Z,0.0089,0x6ae299f97c1a2c05ac17e2861708ad57b1a6546e,buy,0x0d88ed6e74bbfd96b831231638b66c05571e824f,0xd32210144f54f26a19eaee03ef9b6c37df64ab1903726b7bd59c7e494fdaaf83
84,116,1.00108,0xee670c06874abea43e14b85018093d930f06b7ca,2017-10-30T17:25:38.000Z,0.00863,0x405183b5c1e41004cd4f7ffd2ac9ceabbe499393,buy,0x0d88ed6e74bbfd96b831231638b66c05571e824f,0x6b0b7ec2f0f0692d85adebb05bc8f498dd89147a7da63f4a82442462efdfec9b
85,69.8185468092485,0.5348170504135245,0xe5830fc331aa8eb94b6a6daba5ae0ad028e5e222,2017-10-30T17:06:39.000Z,0.0076601,0x26febc7e9e08c70836b9a512d138b46c7e50c4a9,sell,0x0d88ed6e74bbfd96b831231638b66c05571e824f,0x795bb9b7a6cb4fc6868c40b45a3ccf63e7c68e677c28262ea9fcea6ae2ce2e30
86,99.74025940439826,0.7640203610636311,0xe5830fc331aa8eb94b6a6daba5ae0ad028e5e222,2017-10-30T16:34:20.000Z,0.0076601,0x0c7200c61e91ea19e137eb0ed392f98769291d63,sell,0x0d88ed6e74bbfd96b831231638b66c05571e824f,0x953ffc5d28886c2ea578b7e9823f7e923120cc59323cfeccc0f89524ca1be4c0
87,0.1,0.000864,0x94b0bf6dd676f7b4884557735945b927535fd822,2017-10-30T15:01:35.000Z,0.00864,0x723fa2df041440651a6ac8cdddcf81a0977a97e8,buy,0x0d88ed6e74bbfd96b831231638b66c05571e824f,0xd32d3e8d23916be0153a3c5ecb674b4b08284b44b5f468f52910737d01a6d57d
88,10,0.0788,0x462cdf194d12c5168e804fe7d91e639fb3bed21d,2017-10-30T14:09:58.000Z,0.00788,0x006b25ff703cfe9c84d0336cbd43ec3712dc67b2,sell,0x0d88ed6e74bbfd96b831231638b66c05571e824f,0xb8c021d96e0eeec755be010c2a9b0d7a14c80db04c3f0a0c0372ef4b694077ec
89,10,0.0795,0x462cdf194d12c5168e804fe7d91e639fb3bed21d,2017-10-30T14:09:58.000Z,0.00795,0x006b25ff703cfe9c84d0336cbd43ec3712dc67b2,sell,0x0d88ed6e74bbfd96b831231638b66c05571e824f,0xea940ec063b978cd152a364dab7e868caae0b1570bacd4706d72eb90818b90ec
90,10,0.08,0x462cdf194d12c5168e804fe7d91e639fb3bed21d,2017-10-30T14:09:58.000Z,0.008,0x006b25ff703cfe9c84d0336cbd43ec3712dc67b2,sell,0x0d88ed6e74bbfd96b831231638b66c05571e824f,0xef5a7f51cde619b07569d97311551752f6d5a0ce2205fb6fcf09d47014c76f2c
91,100,0.8000001,0xe913c0f42fb60f85bd43bdddaf4e004135ef318c,2017-10-30T13:35:50.000Z,0.008000001,0x723fa2df041440651a6ac8cdddcf81a0977a97e8,sell,0x0d88ed6e74bbfd96b831231638b66c05571e824f,0x7a94123096f41bfba914ceaf3690713c485a6fcdab80a8db5174cda3081a9a56
92,465,3.859505115,0x14a762928e0fb1834fc26673ea4d16c07cf2dccb,2017-10-30T10:26:48.000Z,0.008300011,0x366b9bdea87e37125ff660769ccc983adaf92634,sell,0x0d88ed6e74bbfd96b831231638b66c05571e824f,0x22534a56c409e4561d32c1dc6009cc229062ba2b00ddbf714a64b5ee2d5f3f0a
93,380,3.173,0x90f8a972112245bd631826cf5f1b45fba3b5679d,2017-10-30T10:25:16.000Z,0.00835,0x366b9bdea87e37125ff660769ccc983adaf92634,sell,0x0d88ed6e74bbfd96b831231638b66c05571e824f,0x3c4ff3180efe2f9ec0f29bdbdd2667cda1dd4bd2e0f915112ff6aadd93bcd267
94,0.7975276642408533,0.006789360183431362,0x4a3c19cf247c290b3c20d02a659dd0dca2176616,2017-10-30T08:54:53.000Z,0.008513008999999998,0xf2a15edf811f7ea1e6f13e9d76f821b38fb0cb0f,sell,0x0d88ed6e74bbfd96b831231638b66c05571e824f,0xd1f52a9c548de7778aa653cf661c749879e515aa7502e4760e25b89f8bdd6629
95,50,0.41,0x1567591981207815cbeefe0381f491000f5d302a,2017-10-30T03:05:56.000Z,0.0082,0x3e799421ad7ca8de3ee650edd05a53423d008ced,sell,0x0d88ed6e74bbfd96b831231638b66c05571e824f,0x30705225bf4d1f86f5b436fdae56a3ffd3de9f7dbedf41a49e2ef8b3f2fd0c06
96,0.0457385569573,0.000389372747024507,0x4a3c19cf247c290b3c20d02a659dd0dca2176616,2017-10-30T01:56:35.000Z,0.008513008999999988,0x379374d13077e8867ef31803c37baf9785a17c00,sell,0x0d88ed6e74bbfd96b831231638b66c05571e824f,0x0ac423e1ec70cf312e4082f57cb3644ed4edcb8ddb12fb6ba03dd9b9074d5c14
97,0.0479331237057,0.000408055113504737,0x4a3c19cf247c290b3c20d02a659dd0dca2176616,2017-10-30T01:56:07.000Z,0.00851300899999999,0x16e5d97bbc92417e051e3b2cabfbf8ceea2acb9c,sell,0x0d88ed6e74bbfd96b831231638b66c05571e824f,0x47b8c1831459454cde811a2db0fb7c4036fc671b098d8c57dc478c07733e2fce
98,21.74688465756156,0.185109482205164,0x3623f7b68d75e00b551fda10acc274a0788aa61f,2017-10-29T22:24:45.000Z,0.008512,0x01ac7aef192ee2637afa390c4fbcfc92a00604a6,sell,0x0d88ed6e74bbfd96b831231638b66c05571e824f,0x98b9f47c64485f82b7ab6a692fef88b819257f2055dd70970cc065a0205f71ff
99,13,0.1168687,0x2427be55bfae1ab071f96a31fba5dcc7afdc0c6c,2017-10-29T22:10:05.000Z,0.0089899,0xaf859c7dc477ae70ff8c1ee8a25d65d800a90d90,buy,0x0d88ed6e74bbfd96b831231638b66c05571e824f,0xf2c4bd9fe7d1f19afd5fd093838b01481a28659bb657b19f64c29ed51c2e3530
100,0.1,0.001033,0x0b773d7819259d78757b26dc4148812d35676d8f,2017-10-29T16:00:53.000Z,0.01033,0x0f752ce5a7ea8bbe95531b25a37feee0489b1684,buy,0x0d88ed6e74bbfd96b831231638b66c05571e824f,0x021b05aacf75b6efb5bc6c45e7ecf7e116e595d4c17aa2b173274b290d357019
101,2,0.0207,0x3623f7b68d75e00b551fda10acc274a0788aa61f,2017-10-29T14:22:48.000Z,0.01035,0xaf859c7dc477ae70ff8c1ee8a25d65d800a90d90,sell,0x0d88ed6e74bbfd96b831231638b66c05571e824f,0xb4a2f12574cfa8e8f00f44e8d7d1dfc52ea8befe2512346fb1b4b080640bb79b
102,0.0003186123019,0.000003297637324665,0x3623f7b68d75e00b551fda10acc274a0788aa61f,2017-10-29T13:58:19.000Z,0.01035,0x383932e5467528999954bf192452e390e1c84795,buy,0x0d88ed6e74bbfd96b831231638b66c05571e824f,0x3ed960a72271fb1cff6d3341d9c4c02c6252b83bc22387b17eba1f88cacfd6fe
103,82.94287777243561,0.7141381776206706,0x70e6194ae475f682cee0fb3d174481b2e9616680,2017-10-29T11:56:42.000Z,0.00861,0xe5830fc331aa8eb94b6a6daba5ae0ad028e5e222,sell,0x0d88ed6e74bbfd96b831231638b66c05571e824f,0x65a2685bf35d1d0cfbc91222204e0eaccb82a7de8c203e6b7f13878d5334460b
104,0.00693530154428506,0.000059712946296294,0x70e6194ae475f682cee0fb3d174481b2e9616680,2017-10-29T11:55:04.000Z,0.008609999999999948,0xe5830fc331aa8eb94b6a6daba5ae0ad028e5e222,sell,0x0d88ed6e74bbfd96b831231638b66c05571e824f,0xcafaa72d3ce9b1f72dd6a80452cce59eacc9aa0b52225b273410f03dcff29db9
105,146.284,1.26096808,0x3623f7b68d75e00b551fda10acc274a0788aa61f,2017-10-29T09:10:51.000Z,0.00862,0x336707214137ab2035aa724e0378baf0e50af962,sell,0x0d88ed6e74bbfd96b831231638b66c05571e824f,0x49ee8a8e1b323d97d968e78a9346c07fc21d1ea8eb023a806651d74891b2978e
106,64.99999,0.5979999073500001,0x14a762928e0fb1834fc26673ea4d16c07cf2dccb,2017-10-29T08:37:13.000Z,0.00919999999,0x5826a9669ac5d9465c17b0f0d193facc2b1c4208,buy,0x0d88ed6e74bbfd96b831231638b66c05571e824f,0x20d52e86cd9e3c521a2be6843467a20c6494ba38320fddcce033b593f380f443
107,0.009,8.397,0xa596a01acb9e36ae574495dced3922377abbbb74,2017-10-29T07:47:43.000Z,933,0x2af5c32c76ddd5be71c1e3f7d06d0b1a2d204cf2,sell,0x0d88ed6e74bbfd96b831231638b66c05571e824f,0x0035ac0ac5c6d32c5a12ff05300d86e8a4330fc4e0352b58960ed2c2dc5d8090
108,91.71568138769814,0.7905891735619579,0x3623f7b68d75e00b551fda10acc274a0788aa61f,2017-10-29T05:35:45.000Z,0.00862,0x49faf47305a05b0577b09acf41a396f190e845b7,sell,0x0d88ed6e74bbfd96b831231638b66c05571e824f,0x117b86798a217724583c27ac1f5b6b20f7858495917ae304d05a7ca7124a05c8
109,69.56800979072342,0.5989805642981287,0x70e6194ae475f682cee0fb3d174481b2e9616680,2017-10-29T04:43:35.000Z,0.00861,0xe5830fc331aa8eb94b6a6daba5ae0ad028e5e222,sell,0x0d88ed6e74bbfd96b831231638b66c05571e824f,0x7d6086df8daea97a6f66e191a013bd56e807cd349ef8d6ecf74de6c9b0c40218
110,5,0.04599999995,0x8732967a5ececa2986ae8457669e40b6890fe9a8,2017-10-29T03:53:44.000Z,0.00919999999,0x5826a9669ac5d9465c17b0f0d193facc2b1c4208,buy,0x0d88ed6e74bbfd96b831231638b66c05571e824f,0x41975149273906bfc0fa42c327eb801d4102fef10b6817b1145c17877638e1e6
111,0.29654413777404787,0.002565106791745514,0x8732967a5ececa2986ae8457669e40b6890fe9a8,2017-10-29T03:53:34.000Z,0.00865,0x0a992b523ca1f1a19e6849aadc240ddd6d0c95f7,buy,0x0d88ed6e74bbfd96b831231638b66c05571e824f,0xa06e006c14c8666d42b87fe087edcde888b3cbbfe4b54074a7b918d8d7e1430b
112,550.2940883261888,4.727026218721962,0x70e6194ae475f682cee0fb3d174481b2e9616680,2017-10-29T03:45:42.000Z,0.00859,0x371d9b8044db4dcf0d718cd669a099fb46899d91,sell,0x0d88ed6e74bbfd96b831231638b66c05571e824f,0x849ee5882a30589f5460fe91b1202036b8dc4f9a3ac82ae337d57d13c9cd0354
113,1.177848925809767,0.010188393208254485,0x8732967a5ececa2986ae8457669e40b6890fe9a8,2017-10-29T03:42:59.000Z,0.00865,0x0a992b523ca1f1a19e6849aadc240ddd6d0c95f7,buy,0x0d88ed6e74bbfd96b831231638b66c05571e824f,0x343c8cf43457b0364722376c27017b9aade4b509af1ab06de040b112fd434292
114,20,0.1718,0x70e6194ae475f682cee0fb3d174481b2e9616680,2017-10-29T02:57:29.000Z,0.00859,0x86d3ccb700a9d71b4b6f4b5245d7a0b2b4d82a98,sell,0x0d88ed6e74bbfd96b831231638b66c05571e824f,0x52f8302b5afb21c3b5a538c9c35b4d79c3dd9df30ec554a5b9e229049ec3f78a
115,11.743919165831416,0.10076282644283355,0x366b9bdea87e37125ff660769ccc983adaf92634,2017-10-28T21:48:46.000Z,0.008579999999999999,0x1953d927044860d81b052a2f6751311b10a3ae55,sell,0x0d88ed6e74bbfd96b831231638b66c05571e824f,0x67d8c9a2144ad1749f5a855388165599be0812da960d92d3afb3627d1b8aa69f
116,149.54339384613908,1.274109715569105,0x366b9bdea87e37125ff660769ccc983adaf92634,2017-10-28T20:24:29.000Z,0.00852,0xa2b16e3b6b64771396c925e61fefd851e757e38e,sell,0x0d88ed6e74bbfd96b831231638b66c05571e824f,0xae9ba57b5f6d96ec391dfb183d8a01749e8a76ad517de614a6618e5c1fd391d5
117,0.057803468208092484,0.0005,0xe444a40689f51f63bcd29910622035707d533d29,2017-10-28T20:06:42.000Z,0.00865,0x0a992b523ca1f1a19e6849aadc240ddd6d0c95f7,buy,0x0d88ed6e74bbfd96b831231638b66c05571e824f,0x7c907e88b05922a20075317f534ba3048390682527ebb558eaaaa9f7d116cb92
118,0.057803468208092484,0.0005,0x34f9560c63078eb61872a4dc2ccd20e21c34feaf,2017-10-28T20:06:42.000Z,0.00865,0x0a992b523ca1f1a19e6849aadc240ddd6d0c95f7,buy,0x0d88ed6e74bbfd96b831231638b66c05571e824f,0xacb8145c8c657331b23d1d226d2d0a729ddf1447d248de0b3e719a9500708269
119,797.5275371301611,6.794934616348973,0x366b9bdea87e37125ff660769ccc983adaf92634,2017-10-28T20:01:38.000Z,0.00852,0xde0e15e1488e4c6ead2b763d427e6d7edb3d1d10,sell,0x0d88ed6e74bbfd96b831231638b66c05571e824f,0xb98153eab5d9d3daaac8b63d9885659e6a1283d993ee6ebc9c59f20d6b2aacda
120,69.78367062107466,0.5939986741102582,0xe5830fc331aa8eb94b6a6daba5ae0ad028e5e222,2017-10-28T19:32:05.000Z,0.008512001,0xa2b16e3b6b64771396c925e61fefd851e757e38e,sell,0x0d88ed6e74bbfd96b831231638b66c05571e824f,0x052bd5775dd0acae963708a65709f42fb593fc679c73093e43e3ed77416cc2bd
121,18.347559150700373,0.15870638665355824,0x366b9bdea87e37125ff660769ccc983adaf92634,2017-10-28T16:56:58.000Z,0.00865,0x1ed014aec47fae44c9e55bac7662c0b78ae61798,sell,0x0d88ed6e74bbfd96b831231638b66c05571e824f,0xeefe4f6a1373f8928e6625758c0319efcdb6c76398945e48947cb11c44b85fce
122,1275.954510114448,10.973208786984255,0x366b9bdea87e37125ff660769ccc983adaf92634,2017-10-28T15:08:58.000Z,0.0086,0x86947743cea929c26572a2b080dc893ee4ba6cff,sell,0x0d88ed6e74bbfd96b831231638b66c05571e824f,0x223f129636935d2e0e4a524835b1cf38f48de851d7290882a0a204967adbadb3
123,99.69095803010667,0.8573422390589174,0x366b9bdea87e37125ff660769ccc983adaf92634,2017-10-28T14:59:11.000Z,0.0086,0x86947743cea929c26572a2b080dc893ee4ba6cff,sell,0x0d88ed6e74bbfd96b831231638b66c05571e824f,0x48dfa34cd2ada82047f6417b12b9d5575e0aa62e02714017840600c50dc0c152
124,36.885654471139915,0.3138969195494007,0x70e6194ae475f682cee0fb3d174481b2e9616680,2017-10-28T12:06:15.000Z,0.00851,0x6e21cf1b1cd858a600375dd7e9a829062cf3054b,sell,0x0d88ed6e74bbfd96b831231638b66c05571e824f,0x20a86c32b8c4fc63ad251bca4b8650d8c3ef5b7c0da4b89dccf150c7da821e56
125,893.9924927068641,7.607876112935413,0x70e6194ae475f682cee0fb3d174481b2e9616680,2017-10-28T10:46:57.000Z,0.00851,0xa596a01acb9e36ae574495dced3922377abbbb74,sell,0x0d88ed6e74bbfd96b831231638b66c05571e824f,0xfc3d3ff9a4000dd0da29634654c9b4abe6928adaff4718f6787968d636f15c7e
126,10,0.08511,0x383932e5467528999954bf192452e390e1c84795,2017-10-28T09:49:36.000Z,0.008511,0xb4b7c10aba4dce0552fa9449f72eb73f1d69311d,sell,0x0d88ed6e74bbfd96b831231638b66c05571e824f,0x8d911cc41f94d50ea927d8c2db5e0340f543c0ad5631258283a60da758c5e809
127,82.45239756754063,0.7016699032997707,0x70e6194ae475f682cee0fb3d174481b2e9616680,2017-10-28T09:04:14.000Z,0.00851,0xe0795d857641e6e5668f65abb65139dcb23cf667,sell,0x0d88ed6e74bbfd96b831231638b66c05571e824f,0x7286582e3d7f43ccf3cf108d06c0baf05ec9d4f8e0f4f02b3be1384f70e7a79b
128,175.3314724354501,1.4920708304256804,0x70e6194ae475f682cee0fb3d174481b2e9616680,2017-10-28T07:28:08.000Z,0.00851,0x351e8d1fea80f804fbf850f71071196d5de58ad3,sell,0x0d88ed6e74bbfd96b831231638b66c05571e824f,0x5d1e76b4a6acc10b3aa980431f3579f6c1bc6459a73e5274d384af258e927ad5
129,115,0.9798,0x1716407edd41c461d7cb57189f3eb054dd58e432,2017-10-28T07:26:33.000Z,0.00852,0x351e8d1fea80f804fbf850f71071196d5de58ad3,sell,0x0d88ed6e74bbfd96b831231638b66c05571e824f,0x29577cfa2d15abadd4a178493d9176c0a4dd11b0d30945183e7c920041ebe367
130,260,2.2282,0x0a1a248112d09e3ef247dec367cd519f36cc0e53,2017-10-28T07:25:30.000Z,0.00857,0x351e8d1fea80f804fbf850f71071196d5de58ad3,sell,0x0d88ed6e74bbfd96b831231638b66c05571e824f,0x6594ec140ef58dcd9df73701e192800629394f5ce9e4deb82f6b03c02ea783e5
131,15,0.138,0xb12221dad518129c645b7b184a93c8e1aea0d10c,2017-10-27T21:45:37.000Z,0.0092,0x28ef6c0161667aac9268f93250a7798591c428ff,buy,0x0d88ed6e74bbfd96b831231638b66c05571e824f,0x77a5788e2f4736318e4cb7a88463fa313d874206ab59c21440f39f39651c9b62
132,0.00129,0.000011223,0xb12221dad518129c645b7b184a93c8e1aea0d10c,2017-10-27T20:55:37.000Z,0.0087,0x80386b7d64963b5d929ff665d8e1cd75fab4bb00,sell,0x0d88ed6e74bbfd96b831231638b66c05571e824f,0x3aa01ac23f874d514cbf8eb1965ede5e8a4022c3d67eba166daa47694fdf76b2
133,159.5726343728949,1.5957261841563144,0xa596a01acb9e36ae574495dced3922377abbbb74,2017-10-27T20:40:13.000Z,0.009999999,0xed7f4d43a68a1353004159aa48fcf79e23b5b75f,buy,0x0d88ed6e74bbfd96b831231638b66c05571e824f,0x2cf6cf88ef52132624e7ee966937e9867715680a7b8057c6f7583bae0c67c59c
134,135.85090613712327,1.256620745917484,0x4cc6e4b4f2197bdb6d3fb513882c49cc559e5d50,2017-10-27T18:54:35.000Z,0.009249999,0xed7f4d43a68a1353004159aa48fcf79e23b5b75f,buy,0x0d88ed6e74bbfd96b831231638b66c05571e824f,0xf4ed946ff1dd81c275f06772b914bb1c1e27da69ab0e34f34b670642d8c7c466
135,60.570043460844694,0.5602728414427699,0x79c4cdd69587343577d19d6a508afaba2dde7eb3,2017-10-27T18:21:32.000Z,0.009249999,0xed7f4d43a68a1353004159aa48fcf79e23b5b75f,buy,0x0d88ed6e74bbfd96b831231638b66c05571e824f,0x137f3f7497351c7473eb733f977fcf565b564796dd2c25c9d60451ca2fab91ed
136,498.45479015053337,4.286711195294587,0x366b9bdea87e37125ff660769ccc983adaf92634,2017-10-27T15:57:20.000Z,0.0086,0x47e56ef48e1003d45a37b87fc22897dcf7486a9d,sell,0x0d88ed6e74bbfd96b831231638b66c05571e824f,0x3b4bc0dc8379061bdf2ddf97d0a4e86006aa4f93436de5c76ad3826dccb5e542
137,81,0.72819,0xb47fde11cf92a967cedf49ab7b7b33cf214d3edf,2017-10-27T13:09:44.000Z,0.00899,0xfbf7dc0756a9768d0c71aea5f8421f3b1eaee7d1,buy,0x0d88ed6e74bbfd96b831231638b66c05571e824f,0x898acb41f3952b741d71586cd989d55dbbc0362c57dc4a2de85dc92cd00bca1f
138,0.024845717782401223,0.00021367317292865,0x366b9bdea87e37125ff660769ccc983adaf92634,2017-10-27T11:27:14.000Z,0.00859999999999998,0x5faaa63171ab3efbbd57c7a4bff84aeb359b608e,sell,0x0d88ed6e74bbfd96b831231638b66c05571e824f,0x1b5fe0cfbcc595aaa8884e0cefc7f4338440737ebd3e26c6237985c6bbb2521a
139,249.22739507526668,2.1433555976472936,0x366b9bdea87e37125ff660769ccc983adaf92634,2017-10-27T11:24:49.000Z,0.0086,0x5faaa63171ab3efbbd57c7a4bff84aeb359b608e,sell,0x0d88ed6e74bbfd96b831231638b66c05571e824f,0x26e70eed4a6fdc57685e39ed33f8ba4a6193b383c6fc066d260feb87ade0c436
140,58,0.4988,0x366b9bdea87e37125ff660769ccc983adaf92634,2017-10-27T10:52:47.000Z,0.0086,0xb0a6029a6caf9863c5871f26ae8085947ccfafc8,sell,0x0d88ed6e74bbfd96b831231638b66c05571e824f,0x1caba229bd95584f656d30e42141d42c5897c4fa76bff252e664c55db63a524d
141,75,0.67425,0x4dda6699222ef31d89c5630bc562f44e3365ba46,2017-10-27T10:16:01.000Z,0.00899,0xfbf7dc0756a9768d0c71aea5f8421f3b1eaee7d1,buy,0x0d88ed6e74bbfd96b831231638b66c05571e824f,0x4d143fd988e55fe27fd16252155d61a71671e9443211f898e71e52a169fd6137
142,9.171568138769814,0.08254411324892832,0x366b9bdea87e37125ff660769ccc983adaf92634,2017-10-27T04:13:19.000Z,0.009,0x1780340a5340b3530af097b9cbff2c35d4a68c95,sell,0x0d88ed6e74bbfd96b831231638b66c05571e824f,0x57d745045c64c969130850be175978bcf4cd5a0d6bf864618d9ce34e3b4e349a
143,12.566447694848168,0.11309802925363352,0x366b9bdea87e37125ff660769ccc983adaf92634,2017-10-27T03:56:34.000Z,0.009,0x3ae818a002eb135fd83bea974e9a8e9b43b05b04,sell,0x0d88ed6e74bbfd96b831231638b66c05571e824f,0xf08be5d9545657b215e1bb838def3a23484eb500471ea2f854865fb5bf75df6a
144,0.3844741513235732,0.003306477701382729,0x366b9bdea87e37125ff660769ccc983adaf92634,2017-10-27T03:12:48.000Z,0.008599999999999998,0x6653acb6d74ac95f750a687177c5c3d6a5f14c4d,sell,0x0d88ed6e74bbfd96b831231638b66c05571e824f,0x8c887dbb8eb9526c0391d3a26f5b0fd1e9c6b60e466dd7f02388c088ffcfe712
145,13.151596317297802,0.12349217425979464,0xb804c685f835e36022a6780af2da10f7aa402737,2017-10-27T02:53:10.000Z,0.0093899,0x3ae818a002eb135fd83bea974e9a8e9b43b05b04,buy,0x0d88ed6e74bbfd96b831231638b66c05571e824f,0x9f4f141d286411232cfe0f761679be9e2b56419d8026fdb1d3b03645d86cebc0
146,0.9969095803010667,0.008483700528362077,0x366b9bdea87e37125ff660769ccc983adaf92634,2017-10-26T21:37:52.000Z,0.00851,0xb4c432a9559a4f1464d2bff9fcbbdc14f1c39dec,sell,0x0d88ed6e74bbfd96b831231638b66c05571e824f,0x9ed70c2c8e56be13f675ec766ca4293d471e29fd0c051218c5352d4e63262c6b
147,19,0.17936,0x20ee98b307e9a3dd11451dc17df21b2466daa605,2017-10-26T18:06:09.000Z,0.00944,0xfbf7dc0756a9768d0c71aea5f8421f3b1eaee7d1,buy,0x0d88ed6e74bbfd96b831231638b66c05571e824f,0x800d2a0b3a2483739eee323004e40599f4c42e11e327131861ed8c3596168725
148,228.812,2.1622276376,0x20ee98b307e9a3dd11451dc17df21b2466daa605,2017-10-26T18:00:40.000Z,0.0094498,0xfd4fb1da00f55acce00f30462280f409b65d4547,buy,0x0d88ed6e74bbfd96b831231638b66c05571e824f,0xe9a640f4c06bceb61feea7a56113c430965632b0ea62ed71978c8416c2f6347a
149,45,0.4131,0x006b25ff703cfe9c84d0336cbd43ec3712dc67b2,2017-10-26T17:47:41.000Z,0.00918,0x29e2b549e2aa8a6cd7da9715bbcb1130c6c39d4d,buy,0x0d88ed6e74bbfd96b831231638b66c05571e824f,0x42b5b69416e6d2b6f359d62c1a2a98bfbb739f73bbfcad3c90c4d3eb42a004f2
150,9.2,0.08096,0x006b25ff703cfe9c84d0336cbd43ec3712dc67b2,2017-10-26T16:54:39.000Z,0.0088,0xc903e960cf2b167e2ad62b40494a003015ea2ed9,buy,0x0d88ed6e74bbfd96b831231638b66c05571e824f,0xd1dd0544060fb6ed13a89357768ceff1f1548f1c682cc4fe44064a0993e82c1a
151,0.01781636929430662,0.000148232192528631,0x927e9be72a655782a06298ef2cc69688849e5775,2017-10-26T16:47:57.000Z,0.008319999999999996,0x74e2870d82c3e5238b26f0cc102ad2a891d39341,sell,0x0d88ed6e74bbfd96b831231638b66c05571e824f,0x32085f251538c305bdd2e781a5fed3f4662dee9854b2105b302f9d900edca4d6
152,178.7160003911897,1.4869171232546983,0x927e9be72a655782a06298ef2cc69688849e5775,2017-10-26T16:47:04.000Z,0.00832,0x74e2870d82c3e5238b26f0cc102ad2a891d39341,sell,0x0d88ed6e74bbfd96b831231638b66c05571e824f,0x7db27cb70cd98d938383e90fcd321ddda9504830bc4c01879e05be513ca45387
153,4.715832510067406,0.040320372676908835,0xbe46dbbc1e3dafd0cbda9f40f0839d7aa4e8d659,2017-10-26T16:46:13.000Z,0.008550001,0x74e2870d82c3e5238b26f0cc102ad2a891d39341,sell,0x0d88ed6e74bbfd96b831231638b66c05571e824f,0x65d160f0a4172f99895b1403a567e8409666d7b063cb9174a6cb0e92151c62db
154,165.502,1.37532162,0x366b9bdea87e37125ff660769ccc983adaf92634,2017-10-26T16:17:28.000Z,0.00831,0x273a5d3e6721b9f5c1a6474f560c1334c63dda01,sell,0x0d88ed6e74bbfd96b831231638b66c05571e824f,0xfd5becf08fefa235dea90db081261e5666eb31790536a6d9daaca6a7dc89d13e
155,166,0.1826,0x273a5d3e6721b9f5c1a6474f560c1334c63dda01,2017-10-26T16:17:28.000Z,0.0011,0xa431f0835cb23225f61a48e63f8181d1afc65795,buy,0x0d88ed6e74bbfd96b831231638b66c05571e824f,0xfd5becf08fefa235dea90db081261e5666eb31790536a6d9daaca6a7dc89d13e
156,2.77790702613229,0.023751107851338105,0xbe46dbbc1e3dafd0cbda9f40f0839d7aa4e8d659,2017-10-26T09:38:37.000Z,0.008550001,0xad5b3fbc469313e21efe4117627a658424091b0a,sell,0x0d88ed6e74bbfd96b831231638b66c05571e824f,0xafa4a07a74cc65b60cd01f363b6defcc9f3719f20732d60a372fd1dd63d3cace
157,10.519419670260278,0.08994104870014505,0xbe46dbbc1e3dafd0cbda9f40f0839d7aa4e8d659,2017-10-26T06:54:06.000Z,0.008550001,0xa497615148038749447d24202b9112755111fb32,sell,0x0d88ed6e74bbfd96b831231638b66c05571e824f,0xa9e4ecfddbd1145c8737a82d562d52ee75776483cb6cce93afcf333cd5265127
158,8.520967227080673,0.07328031815289379,0x84ebfdf69e1946e6215cc2a6e56b0d67b0ca970a,2017-10-26T06:52:02.000Z,0.0086,0xa497615148038749447d24202b9112755111fb32,sell,0x0d88ed6e74bbfd96b831231638b66c05571e824f,0x2fd9f4dbda4c80cbff47b4103f66c90d57f3e804a062cae8938743fecb7b7b6d
159,8.3,0.0806759917,0x0f94622601a456d6b3a0e2a03f1cea156db2463b,2017-10-25T23:51:01.000Z,0.009719999,0xed7f4d43a68a1353004159aa48fcf79e23b5b75f,buy,0x0d88ed6e74bbfd96b831231638b66c05571e824f,0xd4ad98d0b3a6b4f57b019bf84c9b293f03f6fc2ef714116fc12902dce900d77f
160,20,0.172,0x84ebfdf69e1946e6215cc2a6e56b0d67b0ca970a,2017-10-25T23:40:44.000Z,0.0086,0x1ed014aec47fae44c9e55bac7662c0b78ae61798,sell,0x0d88ed6e74bbfd96b831231638b66c05571e824f,0xe798e7d066019fb39290ca745c2e822dbad65d7eac580204d932aa7bf7406d08
161,116,0.99876,0x405183b5c1e41004cd4f7ffd2ac9ceabbe499393,2017-10-25T23:40:22.000Z,0.00861,0x1ed014aec47fae44c9e55bac7662c0b78ae61798,sell,0x0d88ed6e74bbfd96b831231638b66c05571e824f,0x7d69a16d3ef358a075f8412d80c7302becd251adfe2a6a6c3107e2360ef80b97
162,1038.6202290270264,8.329735275416981,0x6bedacc2356fb151bb616f2bb5303ba2c2b78328,2017-10-25T21:12:25.000Z,0.008020001,0xf128f48aa68012e2010a1731c068c9af933f6832,sell,0x0d88ed6e74bbfd96b831231638b66c05571e824f,0x764f7cf73cbb9ac991a57860517321d8f058e42aba01a1c8bbc8a2898d148386
163,0.001467785623713136,0.000012622956363932,0x84ebfdf69e1946e6215cc2a6e56b0d67b0ca970a,2017-10-25T20:30:05.000Z,0.008599999999999339,0xcb9e58ec85d56aa39a6246bc1e94236299c65133,sell,0x0d88ed6e74bbfd96b831231638b66c05571e824f,0x760d554d5e7d5bbc8c76d21673707e128c68e33c9299aac4554e5c7f6bc668f2
164,71.47756498729561,0.6147070588907423,0x84ebfdf69e1946e6215cc2a6e56b0d67b0ca970a,2017-10-25T19:57:34.000Z,0.0086,0x787e6870754cc306c1758db62dc6cd334ba76345,sell,0x0d88ed6e74bbfd96b831231638b66c05571e824f,0xc3653dda6c1ee8be012979765461d7f45bbb5571ccc6eb977fca9537a2ca100f
165,212.3506136047837,1.8049802156406614,0x366b9bdea87e37125ff660769ccc983adaf92634,2017-10-25T17:20:02.000Z,0.0085,0xa596a01acb9e36ae574495dced3922377abbbb74,sell,0x0d88ed6e74bbfd96b831231638b66c05571e824f,0x6204c965559e9cb95514176260f990e111ee7b469b1bb562e14b03e416376d31
166,31.986840793540026,0.27348752077160804,0xbe46dbbc1e3dafd0cbda9f40f0839d7aa4e8d659,2017-10-25T15:38:46.000Z,0.008550001,0x87fb7962f4e898968b1cfbd05aa2fbb6833f608a,sell,0x0d88ed6e74bbfd96b831231638b66c05571e824f,0x06a675117aac0f07a1f3b568cee5216a742207acc14b4bf9ae49a4639027b25a
167,100,0.9,0x265ca90bd2ceb257be4370d0cbd6bf8e0a6688e1,2017-10-25T15:06:11.000Z,0.009,0xe913c0f42fb60f85bd43bdddaf4e004135ef318c,sell,0x0d88ed6e74bbfd96b831231638b66c05571e824f,0xbd5cf3f0105e26ec615c1f9176d0f2de2c14616048c9b18a30b07441eaf2b214
168,2.7765486990329977,0.02390608429867411,0xad5b3fbc469313e21efe4117627a658424091b0a,2017-10-25T14:25:53.000Z,0.00861,0x14ea2099b491121b528b1fea2ae94406de0b5a89,sell,0x0d88ed6e74bbfd96b831231638b66c05571e824f,0x169a4a28329dec6735910099a0a4e9a911995763b631cf4b0a7556bbe00385c1
169,88.948,0.76673176,0xfbf7dc0756a9768d0c71aea5f8421f3b1eaee7d1,2017-10-25T14:25:06.000Z,0.00862,0x14ea2099b491121b528b1fea2ae94406de0b5a89,sell,0x0d88ed6e74bbfd96b831231638b66c05571e824f,0x1660cbc26a1f71421fb44507e78237e5bf4c15b2bba178e9ce2cca861d89c4d6
170,61.051576496349675,0.5262645893985342,0xfbf7dc0756a9768d0c71aea5f8421f3b1eaee7d1,2017-10-25T14:08:21.000Z,0.00862,0x30a7a63344525f50969d7d90fa2b794065f0d04b,sell,0x0d88ed6e74bbfd96b831231638b66c05571e824f,0x866e1b4d6afa131bc00ada2eff1384f9a269f445ab9ce57645023e210b540833
171,51.69786619911448,0.442016807700295,0x787e6870754cc306c1758db62dc6cd334ba76345,2017-10-25T09:08:04.000Z,0.008550001,0x21726b053e30f5d8697e6e513cc1381e3573fda2,sell,0x0d88ed6e74bbfd96b831231638b66c05571e824f,0x2e00ef8174ba2eda5a038d8bef3c1b77addbc0f184d2d413f5a65e724a62b0cd
172,11.699,0.1064609,0x6505b1519aab87ce0df1ca13930f693e71dae6bd,2017-10-25T09:07:15.000Z,0.0091,0x21726b053e30f5d8697e6e513cc1381e3573fda2,sell,0x0d88ed6e74bbfd96b831231638b66c05571e824f,0x16aa70873b2a73f204008c15e87c2d89b877a97c770591cc1c624f096e3a923f
173,552.3267465749764,5.026173393832285,0x6505b1519aab87ce0df1ca13930f693e71dae6bd,2017-10-25T06:41:40.000Z,0.0091,0x366b9bdea87e37125ff660769ccc983adaf92634,sell,0x0d88ed6e74bbfd96b831231638b66c05571e824f,0xba5067bef3e9f10d7b7ee6f56cee6530c33b8d13e612f4c9e0f2be28b07706e8
174,60,0.5892,0xcc6e0348016e9a0e7d02f400f0832d00698f0b65,2017-10-25T06:09:44.000Z,0.00982,0xfbf7dc0756a9768d0c71aea5f8421f3b1eaee7d1,buy,0x0d88ed6e74bbfd96b831231638b66c05571e824f,0x1827cb17c5b718e4b21bbd64f9d7a85783a7005bfb02c24530d0126cc6a9d4a9
175,0.42839815131361286,0.003898423176953876,0x6505b1519aab87ce0df1ca13930f693e71dae6bd,2017-10-25T03:49:22.000Z,0.009099999999999999,0xad440e6b26dd3a044a97294bf87c017d7fb81c67,sell,0x0d88ed6e74bbfd96b831231638b66c05571e824f,0x476fea99535ba24420d026ead94d9581bd7fb103871f31a3890f52220b080a34
176,91.43589522126332,0.8430389539400479,0x366b9bdea87e37125ff660769ccc983adaf92634,2017-10-25T01:35:21.000Z,0.00922,0x67bab4d20bebebc4e967ba3a048c735e2b298af8,sell,0x0d88ed6e74bbfd96b831231638b66c05571e824f,0x4c0a89bca9c3ba4cf346e19389e45c21ade90d68fa9f5751f43f418da753c061
177,177,1.6284,0x366b9bdea87e37125ff660769ccc983adaf92634,2017-10-25T00:54:34.000Z,0.0092,0xe913c0f42fb60f85bd43bdddaf4e004135ef318c,sell,0x0d88ed6e74bbfd96b831231638b66c05571e824f,0x63066adfd523889029913abf79086afd418aa464fb28dd0dae7e95e537413622
178,0.5762137374140166,0.005301166384208952,0x366b9bdea87e37125ff660769ccc983adaf92634,2017-10-25T00:51:34.000Z,0.0092,0x6686861fc55504b1b41850247ba35ca5a109a31c,sell,0x0d88ed6e74bbfd96b831231638b66c05571e824f,0x664daa46a0387c5bb5dfdd7c8cabab4c3655f683f52d864ce444c64d1e770598
179,150,1.3800075,0x9b12d296a33f888e4f636107fbea1468167ff43c,2017-10-25T00:39:17.000Z,0.00920005,0xe913c0f42fb60f85bd43bdddaf4e004135ef318c,sell,0x0d88ed6e74bbfd96b831231638b66c05571e824f,0x4b07ae7f3870627260f7e7c6b6fc6ae81452a389a88287939388e92913ab648b
180,173.123,1.5927316,0x366b9bdea87e37125ff660769ccc983adaf92634,2017-10-24T22:18:45.000Z,0.0092,0x03f263a70d0d5322b01a4d22506583ecf2935694,buy,0x0d88ed6e74bbfd96b831231638b66c05571e824f,0x17eb47dc47060a6f73aaa9d32c825187123bb272c643973d589a74eaa8031164
181,111.65416123644457,1.0272182833752899,0x366b9bdea87e37125ff660769ccc983adaf92634,2017-10-24T21:32:07.000Z,0.0092,0x038b23e1d4d404d716d643ecebcbb738d81f6957,sell,0x0d88ed6e74bbfd96b831231638b66c05571e824f,0xa06b0de7ecc191523d4b246e85f3092d478d16f96b1f8ffaac949694ef022056
182,1299,11.8209,0x6505b1519aab87ce0df1ca13930f693e71dae6bd,2017-10-24T21:09:20.000Z,0.0091,0xcbb38f20996b387ec562ffc46448d5e7c3d86020,sell,0x0d88ed6e74bbfd96b831231638b66c05571e824f,0x320c7dda38c09d26061cffd732b2f5e355ff8b58fda8f5cccbd4fc4551f0eff1
183,33,0.30063,0x366b9bdea87e37125ff660769ccc983adaf92634,2017-10-24T19:45:28.000Z,0.00911,0xcbb38f20996b387ec562ffc46448d5e7c3d86020,sell,0x0d88ed6e74bbfd96b831231638b66c05571e824f,0x980b58f7d0d83ce160537c9e90e172bd34bf3c6de618650ad0c269a306a888b3
184,1136.5457283795968,10.342566128254331,0x6505b1519aab87ce0df1ca13930f693e71dae6bd,2017-10-24T17:53:58.000Z,0.0091,0x5caa66408617f77601d0dc19c163621e7f4b8b38,sell,0x0d88ed6e74bbfd96b831231638b66c05571e824f,0xef7b53b62820a6eedbcead5972d2aaf0aa7147058a6836c97416187d99290645
185,50.855119130694845,0.46786709600239257,0x366b9bdea87e37125ff660769ccc983adaf92634,2017-10-24T14:55:17.000Z,0.0092,0x959ed58a57343441bd7aadc5cc470b5716a2e6f4,sell,0x0d88ed6e74bbfd96b831231638b66c05571e824f,0xa6ae10c82b81f60c7667a8649c4a9adca11946efac1952c808db89919c620c94
186,597.6669118684044,5.43876889800248,0x366b9bdea87e37125ff660769ccc983adaf92634,2017-10-24T14:39:48.000Z,0.0091,0x723fa2df041440651a6ac8cdddcf81a0977a97e8,sell,0x0d88ed6e74bbfd96b831231638b66c05571e824f,0xdd4b02570470864478f0072b05714983d149ec268780431845de01840e6da716
187,35,0.34405,0x11ebd432f4dd0324172ae8a59180d2c067b91ce9,2017-10-24T14:36:38.000Z,0.00983,0xfbf7dc0756a9768d0c71aea5f8421f3b1eaee7d1,buy,0x0d88ed6e74bbfd96b831231638b66c05571e824f,0xe44981434eb69281f627f9b855d623a886a38a2e13c6059dc7ca3b071a5d2fdb
188,99.69838880302366,0.9072553381075154,0x366b9bdea87e37125ff660769ccc983adaf92634,2017-10-24T14:27:20.000Z,0.0091,0xad5b3fbc469313e21efe4117627a658424091b0a,sell,0x0d88ed6e74bbfd96b831231638b66c05571e824f,0xecd501a674c317e733892ce51b973c2c710958eae17d8286b8b39e7960cdb32b
189,168,1.436401344,0x752787eed164651e282f311530d8df133e006f04,2017-10-24T12:45:20.000Z,0.008550008,0xe913c0f42fb60f85bd43bdddaf4e004135ef318c,sell,0x0d88ed6e74bbfd96b831231638b66c05571e824f,0xa54a906a5790fe8829a97f05824b4aef9e90af1e7ee21fa513b66e298e39bd6e
190,20,0.17100002,0x787e6870754cc306c1758db62dc6cd334ba76345,2017-10-24T07:52:05.000Z,0.008550001,0x0248cf74ed50adcf0c050a7ca4136dcb90520f84,sell,0x0d88ed6e74bbfd96b831231638b66c05571e824f,0x701adfe627bd26b3d1b98f9bc4e1fa773661489fd3eb812e85a61e8a37b42760
191,120,1.0272,0xfbf7dc0756a9768d0c71aea5f8421f3b1eaee7d1,2017-10-24T07:51:01.000Z,0.00856,0x0248cf74ed50adcf0c050a7ca4136dcb90520f84,sell,0x0d88ed6e74bbfd96b831231638b66c05571e824f,0xd1cc6babd5e3bc14640e6823dfb67e0a77a3e8ec0b05f5925a8575451cf53ee1
192,7.962429022936331,0.0796226897811297,0x0248cf74ed50adcf0c050a7ca4136dcb90520f84,2017-10-24T07:49:54.000Z,0.009999799,0xed7f4d43a68a1353004159aa48fcf79e23b5b75f,buy,0x0d88ed6e74bbfd96b831231638b66c05571e824f,0x856e2e1cd7f91114be7ad61c53770911bc5368189a31187b1084a195b22de53b
193,7.962429022936331,0.0796226897811297,0x0248cf74ed50adcf0c050a7ca4136dcb90520f84,2017-10-24T07:48:52.000Z,0.009999799,0xed7f4d43a68a1353004159aa48fcf79e23b5b75f,buy,0x0d88ed6e74bbfd96b831231638b66c05571e824f,0x856e2e1cd7f91114be7ad61c53770911bc5368189a31187b1084a195b22de53b
194,8.006180839397867,0.071255009470641,0x45ece8b3ecdfa9d1a9657bce8d9b148ddce6aec2,2017-10-24T07:47:58.000Z,0.0089,0x0248cf74ed50adcf0c050a7ca4136dcb90520f84,sell,0x0d88ed6e74bbfd96b831231638b66c05571e824f,0x1c262e7c323873fa4b15870f9a28e72d211cfea0e2b823ac176ee9e1e0dfa443
195,1.9938191606021334,0.017744990529358986,0x45ece8b3ecdfa9d1a9657bce8d9b148ddce6aec2,2017-10-24T07:04:37.000Z,0.0089,0x41d496d95ba5ac3906c74d031f57ab4a9cda23f1,sell,0x0d88ed6e74bbfd96b831231638b66c05571e824f,0x6c9d4a26996410227116c377bc629b8024ec5fff7d4023cae9589c4015952197
196,0.0000258,0.000000258,0xd2ea382e498316d91b9de8557670149b479721a0,2017-10-24T02:26:55.000Z,0.01,0xb236b907580361fd4f87b759de68ca5c206644af,buy,0x0d88ed6e74bbfd96b831231638b66c05571e824f,0x1b3d4b8592499f7c6aa1f430c4fa70624d7b169836b4863df31cd1984f72e249
197,0.0000257226,0.003729777,0xc43b0c4013131b17eccdcef96e6c873a21c3d087,2017-10-24T02:26:55.000Z,145,0xd2ea382e498316d91b9de8557670149b479721a0,sell,0x0d88ed6e74bbfd96b831231638b66c05571e824f,0x1b3d4b8592499f7c6aa1f430c4fa70624d7b169836b4863df31cd1984f72e249
198,0.0086,0.000086,0x7aa6e2506316f6d613277d4f2f4e4e1dc55e528e,2017-10-24T02:26:42.000Z,0.01,0xb236b907580361fd4f87b759de68ca5c206644af,buy,0x0d88ed6e74bbfd96b831231638b66c05571e824f,0xa5c14f932f2eb5a7262af4cce33d592200a2b9e88b88af40785a08921c77cfb6
199,0.008574199999999999,1.243259,0xc43b0c4013131b17eccdcef96e6c873a21c3d087,2017-10-24T02:26:42.000Z,145,0x7aa6e2506316f6d613277d4f2f4e4e1dc55e528e,sell,0x0d88ed6e74bbfd96b831231638b66c05571e824f,0xa5c14f932f2eb5a7262af4cce33d592200a2b9e88b88af40785a08921c77cfb6
200,100,0.918002,0xad5b3fbc469313e21efe4117627a658424091b0a,2017-10-23T23:56:08.000Z,0.00918002,0x366b9bdea87e37125ff660769ccc983adaf92634,sell,0x0d88ed6e74bbfd96b831231638b66c05571e824f,0x4033237d4b8aaba7062a3300b3aabfaf5cbcac7240dd0c81c82fbda40ffbf785
201,3333,29.997,0xcbb38f20996b387ec562ffc46448d5e7c3d86020,2017-10-23T23:54:38.000Z,0.009,0x366b9bdea87e37125ff660769ccc983adaf92634,sell,0x0d88ed6e74bbfd96b831231638b66c05571e824f,0x086500d35afaccffaa86faa214f446ae8291cb6554835ea395db63237df1623e
202,165.325,1.50611075,0x927e9be72a655782a06298ef2cc69688849e5775,2017-10-23T23:54:38.000Z,0.00911,0x366b9bdea87e37125ff660769ccc983adaf92634,sell,0x0d88ed6e74bbfd96b831231638b66c05571e824f,0xd39f183483ea8bdb0a9afddc48cc0519065c6da76c91d005453db7a697a7254e
203,1492.4449211397102,13.59617323158276,0x927e9be72a655782a06298ef2cc69688849e5775,2017-10-23T23:50:07.000Z,0.00911,0x366b9bdea87e37125ff660769ccc983adaf92634,sell,0x0d88ed6e74bbfd96b831231638b66c05571e824f,0xaf98e69477343ea39116e6bd91b5eb3434728629f6179257733c99e496bc9c47
204,1000,9.18,0xcbb38f20996b387ec562ffc46448d5e7c3d86020,2017-10-23T23:49:21.000Z,0.00918,0x366b9bdea87e37125ff660769ccc983adaf92634,sell,0x0d88ed6e74bbfd96b831231638b66c05571e824f,0x26e012daaf6a1a31a545367464f6f367a0382b20d794f621654ee042283ac808
205,715.0039524327887,6.563736998336952,0xed7f4d43a68a1353004159aa48fcf79e23b5b75f,2017-10-23T23:04:24.000Z,0.009180001,0x366b9bdea87e37125ff660769ccc983adaf92634,sell,0x0d88ed6e74bbfd96b831231638b66c05571e824f,0x4feee5b9113ef1bcd935f45a2df904f7466b42141e738d4c6a37c6dd78d2092c
206,100,0.935,0x84ebfdf69e1946e6215cc2a6e56b0d67b0ca970a,2017-10-23T22:47:22.000Z,0.00935,0x366b9bdea87e37125ff660769ccc983adaf92634,sell,0x0d88ed6e74bbfd96b831231638b66c05571e824f,0x1097e68569cd7006ef111c9a88ea2aab2b4569f7022809d0048528c3d4252a8e
207,161.5060294074101,1.5666084852518778,0x3b7200a758e35777c72e635ddf59e8d3aab4dadb,2017-10-23T22:24:31.000Z,0.0097,0x366b9bdea87e37125ff660769ccc983adaf92634,sell,0x0d88ed6e74bbfd96b831231638b66c05571e824f,0x698caa7df300ada82c87286fa605efd2cf059cbaf720b9a686038b2b53a84454
208,91.73397059258991,0.8898195147481222,0x3b7200a758e35777c72e635ddf59e8d3aab4dadb,2017-10-23T22:22:11.000Z,0.0097,0xfa4b2971a72fa78b947e0192b05bc95f4b1f7290,sell,0x0d88ed6e74bbfd96b831231638b66c05571e824f,0xaf1bfa38dc4f2901f3896abbf905e24075a911d8a09f1db7fadcbed8d4a9deb7
209,80,0.76,0x273a5d3e6721b9f5c1a6474f560c1334c63dda01,2017-10-23T21:02:19.000Z,0.0095,0xfd35b270cef3020f50c0f1bb4b723ad470045702,buy,0x0d88ed6e74bbfd96b831231638b66c05571e824f,0x5d4b89c640b666fabe134b9286c377d97d1a36e48f9f82d8fe66641a79cdbd85
210,79.76,0.773672,0x3b7200a758e35777c72e635ddf59e8d3aab4dadb,2017-10-23T21:02:19.000Z,0.0097,0x273a5d3e6721b9f5c1a6474f560c1334c63dda01,sell,0x0d88ed6e74bbfd96b831231638b66c05571e824f,0x5d4b89c640b666fabe134b9286c377d97d1a36e48f9f82d8fe66641a79cdbd85
211,44.324,0.4299428,0x3b7200a758e35777c72e635ddf59e8d3aab4dadb,2017-10-23T20:36:39.000Z,0.0097,0x3c0e781116e7ebcfcee0955f314bdac09bf1813d,buy,0x0d88ed6e74bbfd96b831231638b66c05571e824f,0x7ee09258896fb396a1194b7ed0dadc91c337be7d896807c02e76a7a446bd2834
212,30,0.291,0xa2b16e3b6b64771396c925e61fefd851e757e38e,2017-10-23T19:34:58.000Z,0.0097,0x3c0e781116e7ebcfcee0955f314bdac09bf1813d,buy,0x0d88ed6e74bbfd96b831231638b66c05571e824f,0xac91feb410d4e462b7371006db0fb49b0e38d3c6b265fd99549c3e7e44854563
213,98.6,0.898246,0x927e9be72a655782a06298ef2cc69688849e5775,2017-10-23T19:10:12.000Z,0.00911,0x499c688f627b9f011add93cb6f45ec916a4d1f8d,sell,0x0d88ed6e74bbfd96b831231638b66c05571e824f,0xb66ccb313937759a2940f19865740b125edca0529ce918e574a5a75236e03c1e
214,0.498,0.0056274,0x477c16fbe9c0a603d8e4b860f039e29dd43feff2,2017-10-23T17:50:40.000Z,0.0113,0x69e2a4881d63b598ca937abe3c8595d4be3ca0c0,buy,0x0d88ed6e74bbfd96b831231638b66c05571e824f,0x882997d35bf83252cff2a869771f7fbc2375bf1fa21572173f4e7416ca821601
215,278.522,2.70444862,0x477c16fbe9c0a603d8e4b860f039e29dd43feff2,2017-10-23T17:45:11.000Z,0.00971,0x90da718b3dd85cc9d5ce22effc11e67852072023,buy,0x0d88ed6e74bbfd96b831231638b66c05571e824f,0xa3d142c60bda3f4a162c2fffdc40ab5c318452230f703f8c4e5c0fdde3961ecb
216,500,4.8499995,0x477c16fbe9c0a603d8e4b860f039e29dd43feff2,2017-10-23T17:43:28.000Z,0.009699999,0xed7f4d43a68a1353004159aa48fcf79e23b5b75f,buy,0x0d88ed6e74bbfd96b831231638b66c05571e824f,0x0ee6c2dda337493dcf5f14501055bda573e572f5cfcf26ce7756c29a548f7c51
217,25,0.231675,0x477c16fbe9c0a603d8e4b860f039e29dd43feff2,2017-10-23T17:13:04.000Z,0.009267,0x3655f0eb5edc49d7be2b3338a3fd641dbdc53798,sell,0x0d88ed6e74bbfd96b831231638b66c05571e824f,0x6c44d5ac98c8eb1f5c679f714550d04d0c9270ea235bbddd60314e947866c3bc
218,3.6759684154379157,0.035656893629747784,0x9606f97cb3436613f40d637c2ffa96465d16ec46,2017-10-23T16:28:34.000Z,0.0097,0x3c0e781116e7ebcfcee0955f314bdac09bf1813d,buy,0x0d88ed6e74bbfd96b831231638b66c05571e824f,0x9b372fd66a280aa313984c9fdd75de8dea17be6efe8673ea7ba51616f07630de
219,50,0.485,0x0e0193a44c0d7e36b8faff8fd3d9004d5bb5ff09,2017-10-23T15:57:30.000Z,0.0097,0x3c0e781116e7ebcfcee0955f314bdac09bf1813d,buy,0x0d88ed6e74bbfd96b831231638b66c05571e824f,0x7957f76b1b300610dc17832e4eaefccf1df1c089f8b8037f08219ccb391a9cb4
220,136,1.2376,0x3c0e781116e7ebcfcee0955f314bdac09bf1813d,2017-10-23T13:51:15.000Z,0.0091,0x5272cd4dd8b48fcbd85ea40c458840924b0f086e,sell,0x0d88ed6e74bbfd96b831231638b66c05571e824f,0x30c213ba53d16758a331e9e8155866eb5c7d14f483d4428a14e2249327383f96
221,1075.557,10.0026801,0xcec059742071b60375cc5f8c236768b25f85776d,2017-10-23T13:32:09.000Z,0.0093,0x90da718b3dd85cc9d5ce22effc11e67852072023,sell,0x0d88ed6e74bbfd96b831231638b66c05571e824f,0x76c33821abbfba309fed2ecd588fe3a263fb87bfc50afa2f7d81fd0bca5197de
222,165.465,1.605175965,0x723fa2df041440651a6ac8cdddcf81a0977a97e8,2017-10-23T13:31:33.000Z,0.009701,0x90da718b3dd85cc9d5ce22effc11e67852072023,sell,0x0d88ed6e74bbfd96b831231638b66c05571e824f,0xbe556101f3a5205f4845eb4df227e78257d9209ea06fb4fc8e63fc43079e4961
223,500,4.6500005,0xed7f4d43a68a1353004159aa48fcf79e23b5b75f,2017-10-23T13:31:33.000Z,0.009300001,0x90da718b3dd85cc9d5ce22effc11e67852072023,sell,0x0d88ed6e74bbfd96b831231638b66c05571e824f,0xe60a8618f5978dd3f916c9f4bc1dffe4450e047230eda616dc7bea2529aa3e42
224,134,1.299934,0x723fa2df041440651a6ac8cdddcf81a0977a97e8,2017-10-23T13:17:16.000Z,0.009701,0xfc4d4dd4057d7e5c84ae3f09f32a8fd58171a6ec,sell,0x0d88ed6e74bbfd96b831231638b66c05571e824f,0x218c5ab5360976d8eb79942be86c63cb48d34728626a4d4c16cd814dfeb48a7f
225,416.304,4.0797792,0xc2345b4978328f3da32bb1c6938d1bc3206c43f3,2017-10-23T13:16:31.000Z,0.0098,0xfc4d4dd4057d7e5c84ae3f09f32a8fd58171a6ec,sell,0x0d88ed6e74bbfd96b831231638b66c05571e824f,0x6dc9150ec55bc4f31cbe3886c29b361f7abff6cb0e10c76977fa042441042ad6
226,538.0524837830767,5.272914341074151,0xc2345b4978328f3da32bb1c6938d1bc3206c43f3,2017-10-23T12:58:17.000Z,0.0098,0x006b25ff703cfe9c84d0336cbd43ec3712dc67b2,sell,0x0d88ed6e74bbfd96b831231638b66c05571e824f,0xf04efd8d40c7d5bb872b47d851cdf81669a24cb6345bcd450cb9ba1b787996b8
227,50,0.4950605,0x200c227e4227c4d24bbea017e4939e7c0053bccc,2017-10-23T12:54:43.000Z,0.00990121,0x006b25ff703cfe9c84d0336cbd43ec3712dc67b2,sell,0x0d88ed6e74bbfd96b831231638b66c05571e824f,0x24a5a519131ec309a952b11f706ac539fb197a9963cb6dda6d2175775b90a344
228,84.119,0.8328874547,0xd2c0c1146009a1a2021b46c074bed3939dee3d87,2017-10-23T12:54:14.000Z,0.0099013,0x006b25ff703cfe9c84d0336cbd43ec3712dc67b2,sell,0x0d88ed6e74bbfd96b831231638b66c05571e824f,0x9f77940b3d5ac5ba6046cb69bd183eb35c44b14890d26f1fd1328bbb37e3d2a8
229,41,0.409999959,0xc63c2ff00db27543ca6f78847e9b4d716abc7f66,2017-10-23T12:54:14.000Z,0.009999999,0x006b25ff703cfe9c84d0336cbd43ec3712dc67b2,sell,0x0d88ed6e74bbfd96b831231638b66c05571e824f,0xbd015b6c990009761f4f43a5ca4ff873fba952df5b9ef7893208164c7b054e8b
230,6.23180243857811,0.06387597499542563,0xd56e286c06dc71000e85cf3d70c6c9165b631667,2017-10-23T12:54:14.000Z,0.01025,0x006b25ff703cfe9c84d0336cbd43ec3712dc67b2,sell,0x0d88ed6e74bbfd96b831231638b66c05571e824f,0xaed2eaf091138e456e4a80a65e52349a43ce5a2ad755bb3d097e638b0c965b4c
231,44.69819756142189,0.4581565250045744,0xd56e286c06dc71000e85cf3d70c6c9165b631667,2017-10-23T07:30:39.000Z,0.01025,0x8580a76997b6278c4584fde6e6580314d4cb7e54,sell,0x0d88ed6e74bbfd96b831231638b66c05571e824f,0x8c1ca205f4cf4ab1627834447f1e1cfbc4e0b4aad32102337a1b08da052a7ac1
232,0,0,0x9e593db389c9d8307b5c932dda21491e63f8f7d3,2017-10-23T07:21:38.000Z,NaN,0x86f07ee309655dbb0c169668f4e27848c0deda77,sell,0x0d88ed6e74bbfd96b831231638b66c05571e824f,0x07501ddae77202978c9dbf189a09e00eccfb51d5c0a3c03b47e9056eb0669399
233,0,0,0x86f07ee309655dbb0c169668f4e27848c0deda77,2017-10-23T07:21:38.000Z,NaN,0x33146d62f22eb8be73b1854494a23c5a67ee9efa,buy,0x0d88ed6e74bbfd96b831231638b66c05571e824f,0x07501ddae77202978c9dbf189a09e00eccfb51d5c0a3c03b47e9056eb0669399
234,0.000999008991080769,0.00001038969350724,0x86f07ee309655dbb0c169668f4e27848c0deda77,2017-10-23T07:17:34.000Z,0.010400000000000003,0x33146d62f22eb8be73b1854494a23c5a67ee9efa,buy,0x0d88ed6e74bbfd96b831231638b66c05571e824f,0xb70739b90849afa647530a6e37c325dd7f443bd3b81f349a5cc4a4718373ab7e
235,0.000996011964107677,0.00001175293121635,0x9e593db389c9d8307b5c932dda21491e63f8f7d3,2017-10-23T07:17:34.000Z,0.01179998999999905,0x86f07ee309655dbb0c169668f4e27848c0deda77,sell,0x0d88ed6e74bbfd96b831231638b66c05571e824f,0xb70739b90849afa647530a6e37c325dd7f443bd3b81f349a5cc4a4718373ab7e
236,0.000999008991080769,0.00001038969350724,0x86f07ee309655dbb0c169668f4e27848c0deda77,2017-10-23T07:16:57.000Z,0.010400000000000003,0x33146d62f22eb8be73b1854494a23c5a67ee9efa,buy,0x0d88ed6e74bbfd96b831231638b66c05571e824f,0x3bda92a6b8aa88658ffca81a8038d1230bce2db89d00663ed81ab995f483f703
237,0.000996011964107526,0.000012450139591224,0x9e593db389c9d8307b5c932dda21491e63f8f7d3,2017-10-23T07:16:57.000Z,0.012499989999999564,0x86f07ee309655dbb0c169668f4e27848c0deda77,sell,0x0d88ed6e74bbfd96b831231638b66c05571e824f,0x3bda92a6b8aa88658ffca81a8038d1230bce2db89d00663ed81ab995f483f703
238,0.3320039880358923,0.004150046530408773,0x9e593db389c9d8307b5c932dda21491e63f8f7d3,2017-10-23T07:14:59.000Z,0.012499989999999997,0x1d5321e125f6c7079a716705541c7b371ca79e69,sell,0x0d88ed6e74bbfd96b831231638b66c05571e824f,0xcf42b85b58755494f1d4ef73c23b34dc078212eb06925bc0a23d98565a45382d
239,0.333,0.0034632,0x1d5321e125f6c7079a716705541c7b371ca79e69,2017-10-23T07:14:59.000Z,0.0104,0x33146d62f22eb8be73b1854494a23c5a67ee9efa,buy,0x0d88ed6e74bbfd96b831231638b66c05571e824f,0xcf42b85b58755494f1d4ef73c23b34dc078212eb06925bc0a23d98565a45382d
240,111,1.1544,0x273a5d3e6721b9f5c1a6474f560c1334c63dda01,2017-10-23T07:14:44.000Z,0.0104,0x33146d62f22eb8be73b1854494a23c5a67ee9efa,buy,0x0d88ed6e74bbfd96b831231638b66c05571e824f,0x3102357671866f061c41aa03234a5f4202a3a38efb0f68d0d35dcb80d7736059
241,110.667,1.38333639333,0x9e593db389c9d8307b5c932dda21491e63f8f7d3,2017-10-23T07:14:44.000Z,0.01249999,0x273a5d3e6721b9f5c1a6474f560c1334c63dda01,sell,0x0d88ed6e74bbfd96b831231638b66c05571e824f,0x3102357671866f061c41aa03234a5f4202a3a38efb0f68d0d35dcb80d7736059
242,110.667,1.30586949333,0x9e593db389c9d8307b5c932dda21491e63f8f7d3,2017-10-23T07:14:31.000Z,0.01179999,0x273a5d3e6721b9f5c1a6474f560c1334c63dda01,sell,0x0d88ed6e74bbfd96b831231638b66c05571e824f,0x6c64d96d6b2f9da42550b99378b8946682dd6102f70631208998e0787a996533
243,111,1.1544,0x273a5d3e6721b9f5c1a6474f560c1334c63dda01,2017-10-23T07:14:31.000Z,0.0104,0x33146d62f22eb8be73b1854494a23c5a67ee9efa,buy,0x0d88ed6e74bbfd96b831231638b66c05571e824f,0x6c64d96d6b2f9da42550b99378b8946682dd6102f70631208998e0787a996533
244,67.25415634609634,0.6994432259994019,0xed0b1f964083c72f77a73c51493177c1c0c17ab9,2017-10-23T06:41:39.000Z,0.0104,0x33146d62f22eb8be73b1854494a23c5a67ee9efa,buy,0x0d88ed6e74bbfd96b831231638b66c05571e824f,0x2789cb1944400f205877e45a22ee198abfee6f8622a9b9368bc8b6a1333b2067
245,310,3.162,0x7aa6e2506316f6d613277d4f2f4e4e1dc55e528e,2017-10-23T06:38:21.000Z,0.0102,0xfad04a8bddf97d83ca29221fa56eda3069cb7887,buy,0x0d88ed6e74bbfd96b831231638b66c05571e824f,0x7fd61974a55001758d4cda576b5849f10b6b0435457417406a1539c6b70f51b7
246,309.07,3.1679675,0xd56e286c06dc71000e85cf3d70c6c9165b631667,2017-10-23T06:38:21.000Z,0.01025,0x7aa6e2506316f6d613277d4f2f4e4e1dc55e528e,sell,0x0d88ed6e74bbfd96b831231638b66c05571e824f,0x7fd61974a55001758d4cda576b5849f10b6b0435457417406a1539c6b70f51b7
247,190,1.938,0xa2b16e3b6b64771396c925e61fefd851e757e38e,2017-10-23T04:47:40.000Z,0.0102,0xfad04a8bddf97d83ca29221fa56eda3069cb7887,buy,0x0d88ed6e74bbfd96b831231638b66c05571e824f,0xe6db3ef2143c6cce782d1e9ba5c322e378922c3b234a94ec0e524c92e7f80c2d
248,0.9969095803010667,0.009870700827434952,0xd2c0c1146009a1a2021b46c074bed3939dee3d87,2017-10-23T03:41:21.000Z,0.0099013,0x7d053385a05276eedcaf706325ae34ae544741a6,sell,0x0d88ed6e74bbfd96b831231638b66c05571e824f,0xe5c567f30cb3454c4d1f00b3d3a0e27d0539bd692dc67d6576d63196bd0edb50
249,14.884011108364557,0.14737105918725,0xd2c0c1146009a1a2021b46c074bed3939dee3d87,2017-10-23T03:21:17.000Z,0.0099013,0xb2259cf4a0e3468a3f8f07d75216df27372e1a91,sell,0x0d88ed6e74bbfd96b831231638b66c05571e824f,0xa86a75ed96aff5064c3fe1a440aea6d25d3c7553eab60d89c74a92bf71875fa8
250,4278.904,42.78904,0x366b9bdea87e37125ff660769ccc983adaf92634,2017-10-23T00:05:57.000Z,0.01,0x33146d62f22eb8be73b1854494a23c5a67ee9efa,sell,0x0d88ed6e74bbfd96b831231638b66c05571e824f,0x543dbd7aba87a9bfedd32773f4997b69f2e44cbf22bebdaa2e9d93007226b3a9
251,3271.095624117347,32.71095624117347,0x366b9bdea87e37125ff660769ccc983adaf92634,2017-10-23T00:04:50.000Z,0.01,0x33146d62f22eb8be73b1854494a23c5a67ee9efa,sell,0x0d88ed6e74bbfd96b831231638b66c05571e824f,0xe8076710bdc4f8a271f23b9bea081ed351140e1b74b993de1b528fa789cb320e
252,4.986535558927925,0.04986535558927926,0x366b9bdea87e37125ff660769ccc983adaf92634,2017-10-22T21:11:57.000Z,0.01,0x1bf546e7e42ebc76c270f84dc9f5f3e2e8e7276d,sell,0x0d88ed6e74bbfd96b831231638b66c05571e824f,0x1ebedff956ecef3587331bb73064c20efcb3cc7e8dfb8ba823c5c7d448fca941
253,74.53808313039437,0.7453808313039436,0x366b9bdea87e37125ff660769ccc983adaf92634,2017-10-22T18:08:33.000Z,0.01,0xad5b3fbc469313e21efe4117627a658424091b0a,sell,0x0d88ed6e74bbfd96b831231638b66c05571e824f,0x889da47cc79c802480a1049186fe9186621065f3be60017b1bc951b8c1ad258e
254,1,0.0105,0xe1fa699860444be91d366c21de8fef56e3dec77a,2017-10-22T17:43:05.000Z,0.0105,0xa61fc5b9c7a6eb24bde942e1da13956964251b41,buy,0x0d88ed6e74bbfd96b831231638b66c05571e824f,0xed737637737a0c0e198dbc850ed44b62ac5474e3ff39842291e07c2d5d9da407
255,140.32499252317814,1.3892174259794636,0x366b9bdea87e37125ff660769ccc983adaf92634,2017-10-22T16:07:37.000Z,0.0099,0x7db2af332906eae8831ab2107bf132321437bfe2,sell,0x0d88ed6e74bbfd96b831231638b66c05571e824f,0xe60fad0b4902c7602e140588962936d8ae096239e04c5b87517a57636a655657
256,28.51370170510689,0.29369112756260096,0xf8ee628cdc6fb40914f948146021de3ab08dcbfe,2017-10-22T14:02:42.000Z,0.0103,0x366b9bdea87e37125ff660769ccc983adaf92634,sell,0x0d88ed6e74bbfd96b831231638b66c05571e824f,0xea74363129e3271888edce75ac35a55ca9708c140bbc667411df299727783d3d
257,74.78819447967705,0.7329243059008351,0x366b9bdea87e37125ff660769ccc983adaf92634,2017-10-22T13:32:57.000Z,0.0098,0xf4c69bd9703bd9352b825ec7adda0111afa756c1,sell,0x0d88ed6e74bbfd96b831231638b66c05571e824f,0xbccb9930789edf5370db77cb408bd32414fbc57c345e7da088827bb1f699b231
258,74.76821852258,0.7253341142458379,0xad5b3fbc469313e21efe4117627a658424091b0a,2017-10-22T13:14:33.000Z,0.009701102,0xf4c69bd9703bd9352b825ec7adda0111afa756c1,sell,0x0d88ed6e74bbfd96b831231638b66c05571e824f,0xf9e5b74f0b97826173bd602b1a13a0956cbb3575025392629945b08ea9b07e2b
259,124.61369753763334,1.2835210846376233,0xf8ee628cdc6fb40914f948146021de3ab08dcbfe,2017-10-22T12:52:09.000Z,0.0103,0xf4c69bd9703bd9352b825ec7adda0111afa756c1,sell,0x0d88ed6e74bbfd96b831231638b66c05571e824f,0x1cfef39a6a98cd6ada890f9a0b589823e9883c6f35846e3347cd4cb8d9feb14e
260,0.9969095803010667,0.010268168677100986,0xf8ee628cdc6fb40914f948146021de3ab08dcbfe,2017-10-22T12:35:06.000Z,0.010299999999999998,0xf4c69bd9703bd9352b825ec7adda0111afa756c1,sell,0x0d88ed6e74bbfd96b831231638b66c05571e824f,0x4d3a6347b8fc7d500085112b22f1d940fefeca54ee01482e6f775c64f7b3d067
261,0.5349693088599563,0.005189737265250435,0x723fa2df041440651a6ac8cdddcf81a0977a97e8,2017-10-22T08:18:49.000Z,0.009701,0x64dcca9d2091012bd3e1e5235d703f72f4d65746,sell,0x0d88ed6e74bbfd96b831231638b66c05571e824f,0x4a4f6b77542ba7817ab15b8e6ce478f9dbcec5542a4705e2f3e2faa2fa0acd6c
262,62.84,0.65982,0xd82714a8d96e0c5463605c0b3c1021a201b926bc,2017-10-22T06:11:27.000Z,0.0105,0xf082e67d73561f40c30a9cd41a1b24999ef57362,buy,0x0d88ed6e74bbfd96b831231638b66c05571e824f,0xdc35ecce90bcaa8fcd3be6df861f2ae09b57f2a3263da4689057b6b617ecf646
263,82.0127,0.855392461,0xd82714a8d96e0c5463605c0b3c1021a201b926bc,2017-10-22T06:09:20.000Z,0.01043,0x7a113221ebf0634348ccac761021ec9d98394c2d,buy,0x0d88ed6e74bbfd96b831231638b66c05571e824f,0x5b6b437ea270a59d9c52af2fca7bd84c779912c57eef296beb356deb609fb9d6
264,82.0127,0.855392461,0xd82714a8d96e0c5463605c0b3c1021a201b926bc,2017-10-22T06:09:00.000Z,0.01043,0x7a113221ebf0634348ccac761021ec9d98394c2d,buy,0x0d88ed6e74bbfd96b831231638b66c05571e824f,0x5b6b437ea270a59d9c52af2fca7bd84c779912c57eef296beb356deb609fb9d6
265,384.2467387757063,4.034590757144916,0xd82714a8d96e0c5463605c0b3c1021a201b926bc,2017-10-22T04:40:40.000Z,0.0105,0xa61fc5b9c7a6eb24bde942e1da13956964251b41,buy,0x0d88ed6e74bbfd96b831231638b66c05571e824f,0x277d096c08298a269b8a950c2accf920f37e6a451aeb89d9a7bdc40faa6898c0
266,112.303,1.17805847,0xd82714a8d96e0c5463605c0b3c1021a201b926bc,2017-10-22T04:39:46.000Z,0.01049,0xad5b3fbc469313e21efe4117627a658424091b0a,buy,0x0d88ed6e74bbfd96b831231638b66c05571e824f,0xd1a6f70268ab714614e1af41fa6f434ea876c0070573761dc92ece832219c7da
267,90,0.9387,0xd82714a8d96e0c5463605c0b3c1021a201b926bc,2017-10-22T04:38:45.000Z,0.01043,0xfbf7dc0756a9768d0c71aea5f8421f3b1eaee7d1,buy,0x0d88ed6e74bbfd96b831231638b66c05571e824f,0x89c45c3c9a6a26e05463ab6a8074272e63a6fa42c5203bffc2a936a90e80f604
268,340,3.55299966,0xd82714a8d96e0c5463605c0b3c1021a201b926bc,2017-10-22T04:38:45.000Z,0.010449999,0xed7f4d43a68a1353004159aa48fcf79e23b5b75f,buy,0x0d88ed6e74bbfd96b831231638b66c05571e824f,0x695860797e1cc05a40167c76df9f60147739f63f82dd44383c575c67888cd19d
269,5.32296951221036,0.051633336565391715,0xc8f1e40d1b663133d10b725d4a45d45c477339b0,2017-10-22T01:12:00.000Z,0.0097001,0xf61a327acaba5b2c08e8a8b335892c3a62b01a9f,sell,0x0d88ed6e74bbfd96b831231638b66c05571e824f,0xbdc1b15d37beeb17eb84867186f22917620e4e31870128d6137909b2520f72e9
270,920,9.108,0xd82714a8d96e0c5463605c0b3c1021a201b926bc,2017-10-21T23:32:26.000Z,0.0099,0x6ab28b4635079f91d6ee6c7e773aedbd13b18bff,buy,0x0d88ed6e74bbfd96b831231638b66c05571e824f,0x11fdefa0e8189df00ef373a4d9e1f810f4c16a208d2bd527614cfcec26f947ad
271,56.8248429867411,0.5458026168876483,0xc8f1e40d1b663133d10b725d4a45d45c477339b0,2017-10-21T23:11:06.000Z,0.009605,0x0e3ca5baaa3197e5b53b8a415d4c4432a618470c,sell,0x0d88ed6e74bbfd96b831231638b66c05571e824f,0x6ee7da7195729d85827b3e7edf2cda3ebc5995f128658811fefc645b86361538
272,8.902920827497189,0.0855125545481105,0xc8f1e40d1b663133d10b725d4a45d45c477339b0,2017-10-21T22:14:51.000Z,0.009605,0xba2236d9a90dd62e9f08a64d4928bb4791c6834a,sell,0x0d88ed6e74bbfd96b831231638b66c05571e824f,0x50c9fee501350aa154e02245f78b5f4ae9452259ca52ffb912ad33dac1da9e56
273,10,0.10489997,0xa0e8d87e5caf8424c86c8d95d99d6394dc04ad22,2017-10-21T21:51:09.000Z,0.010489997,0xed7f4d43a68a1353004159aa48fcf79e23b5b75f,buy,0x0d88ed6e74bbfd96b831231638b66c05571e824f,0x32287d28fe87e7f78afc0693af6eec0e568ec894df1096313473125ddc8a32be
274,69.18974308878471,0.6503905040088851,0xb3d0b2376a79ebed0653fea93a1259d17255251f,2017-10-21T20:56:21.000Z,0.0094001,0x6051555b585a70bd0616052d3ba30020a16fdd44,sell,0x0d88ed6e74bbfd96b831231638b66c05571e824f,0xe264a6a10defcb42a87ef690318e564fcb869b705f06a370738d0a768c1bde9a
275,180.0558454217109,1.6934252261911908,0xc8f1e40d1b663133d10b725d4a45d45c477339b0,2017-10-21T20:54:14.000Z,0.009405,0x6051555b585a70bd0616052d3ba30020a16fdd44,sell,0x0d88ed6e74bbfd96b831231638b66c05571e824f,0xe144d1154a8454f4f9af56fe9c66ab6ee81afd71e456fec7d3443b59813aa530
276,19.944154578289112,0.18757477380880908,0xc8f1e40d1b663133d10b725d4a45d45c477339b0,2017-10-21T20:53:38.000Z,0.009405,0x696075779f312f6fb0d6921a144d5300c01aad10,sell,0x0d88ed6e74bbfd96b831231638b66c05571e824f,0x3cc312a73ee0f17365b7193e2b3d76e5a126fbea3957c7ed4538f0093b654178
277,82.44250335964138,0.7667152812446649,0xcec059742071b60375cc5f8c236768b25f85776d,2017-10-21T19:48:06.000Z,0.0093,0x6051555b585a70bd0616052d3ba30020a16fdd44,sell,0x0d88ed6e74bbfd96b831231638b66c05571e824f,0x1619db1df19250742451d756df1cb61ede3efe6dcb96be19fa17a1a958c32b37
278,4.13,0.03840904543,0xe004844f7dbd5bde3e7e1a2b9e8a9c61285b9fb0,2017-10-21T19:46:09.000Z,0.009300011,0x6051555b585a70bd0616052d3ba30020a16fdd44,sell,0x0d88ed6e74bbfd96b831231638b66c05571e824f,0x0d0990315e360a75fe39c1f89dad3d1bc5acc6b14f09b26afd1c3841baa47354
279,400,3.76,0x723fa2df041440651a6ac8cdddcf81a0977a97e8,2017-10-21T19:43:39.000Z,0.0094,0x6051555b585a70bd0616052d3ba30020a16fdd44,sell,0x0d88ed6e74bbfd96b831231638b66c05571e824f,0x97a7c336aa31bac3ca0a1ea4252ca4276a69b03197f204eebe46fd34b718e4bb
280,320,3.0080032,0xb3d0b2376a79ebed0653fea93a1259d17255251f,2017-10-21T19:42:22.000Z,0.00940001,0x6051555b585a70bd0616052d3ba30020a16fdd44,sell,0x0d88ed6e74bbfd96b831231638b66c05571e824f,0x5dcfe175a1f7be672e48f663f51da2a4e0dd66f4af4aaeb0048ff689480d3462
281,90.35988435848869,0.853900907187718,0xfbf7dc0756a9768d0c71aea5f8421f3b1eaee7d1,2017-10-21T19:19:35.000Z,0.00945,0xba173494b9dd05a6a109459faff67b7767c6abe3,sell,0x0d88ed6e74bbfd96b831231638b66c05571e824f,0xa7654ba303b700cfc417f64ae1f151afeec34d33dc7ebcefec99edd16ccef863
282,100,0.945001,0xad5b3fbc469313e21efe4117627a658424091b0a,2017-10-21T18:57:48.000Z,0.00945001,0xba173494b9dd05a6a109459faff67b7767c6abe3,sell,0x0d88ed6e74bbfd96b831231638b66c05571e824f,0xa643c8a5138db58679cc5ce46a92af8c815282a20e2ddf4557cee9d196a370af
283,500,4.9500005,0xed7f4d43a68a1353004159aa48fcf79e23b5b75f,2017-10-21T18:57:45.000Z,0.009900001,0xba173494b9dd05a6a109459faff67b7767c6abe3,sell,0x0d88ed6e74bbfd96b831231638b66c05571e824f,0x2307fc652d40f252168595194dc5f62050260e78b5f4bd4cda52096a67130735
284,2500,24.75,0x366b9bdea87e37125ff660769ccc983adaf92634,2017-10-21T18:57:45.000Z,0.0099,0xba173494b9dd05a6a109459faff67b7767c6abe3,sell,0x0d88ed6e74bbfd96b831231638b66c05571e824f,0xb646f7e8f8626c2b746febd489222b972147c7730da3895328fd7b9ee541adaf
285,20,0.204,0xed14c7d6ba3de845bbcdf9c6051dda1acbd5769f,2017-10-21T18:57:29.000Z,0.0102,0xba173494b9dd05a6a109459faff67b7767c6abe3,sell,0x0d88ed6e74bbfd96b831231638b66c05571e824f,0x50fdb996d9e40b3c1e36bb3fb6e0fbbee164baecadf3d86f867b5a04f456b474
286,0.5,0.0053494995,0xedf5de3807d23e5d85b0caa1e10d52b85c2a6965,2017-10-21T14:07:08.000Z,0.010698999,0xad5b3fbc469313e21efe4117627a658424091b0a,buy,0x0d88ed6e74bbfd96b831231638b66c05571e824f,0xaf65f614b398a52fbd3141b08a8f7c66b24ec4d4e1db4d3b1e637b6b436c2821
287,144,1.44,0xfc4d4dd4057d7e5c84ae3f09f32a8fd58171a6ec,2017-10-21T12:55:28.000Z,0.01,0x69e2a4881d63b598ca937abe3c8595d4be3ca0c0,buy,0x0d88ed6e74bbfd96b831231638b66c05571e824f,0x875ba778357bbe52bf20b32f0ad558c7ba2b77f8a1b44f8bb5a47c785877df9d
288,10,0.107,0x688bccf7cd874b3e9f5f02489aa5661c10af28b6,2017-10-21T12:25:34.000Z,0.0107,0x275bf442048038890abcd3b3077143449ddd23c2,buy,0x0d88ed6e74bbfd96b831231638b66c05571e824f,0x8ecb61f250b8c9f5823a8d040beff05e9accbcde61f11fd0c90a4c12e10f8d07
289,12.7923964175333,0.12537827728824388,0xad5b3fbc469313e21efe4117627a658424091b0a,2017-10-21T11:51:25.000Z,0.009801,0x787e6870754cc306c1758db62dc6cd334ba76345,sell,0x0d88ed6e74bbfd96b831231638b66c05571e824f,0xbc9520882dfd4ba4519be7fbe1ef164361c864406fcb86b5bc28ceb01d6eb684
290,0.007648300622110339,0.000074960994397303,0xad5b3fbc469313e21efe4117627a658424091b0a,2017-10-21T10:40:56.000Z,0.009800999999999943,0xfc4d4dd4057d7e5c84ae3f09f32a8fd58171a6ec,sell,0x0d88ed6e74bbfd96b831231638b66c05571e824f,0x96de0e3855f63275b9baebcf6cbb7652675db2659a9e6b94d85736a1f097591e
291,1,0.0107,0xb4c432a9559a4f1464d2bff9fcbbdc14f1c39dec,2017-10-21T09:22:44.000Z,0.0107,0x275bf442048038890abcd3b3077143449ddd23c2,buy,0x0d88ed6e74bbfd96b831231638b66c05571e824f,0x1ea8d9645ebd4ef1d26d5a7a97a448c1d494b644334b098b482f1dbdd03328af
292,19.938191606021334,0.20057820755657463,0xcbb38f20996b387ec562ffc46448d5e7c3d86020,2017-10-21T06:32:01.000Z,0.01006,0x1bf546e7e42ebc76c270f84dc9f5f3e2e8e7276d,sell,0x0d88ed6e74bbfd96b831231638b66c05571e824f,0xa105a2b6aa818531dd7c82973de5218f424f62e1b2e1d27d32ba1da4d535a0c3
293,40.049,0.43212871,0x5272cd4dd8b48fcbd85ea40c458840924b0f086e,2017-10-21T05:51:50.000Z,0.01079,0x5272cd4dd8b48fcbd85ea40c458840924b0f086e,buy,0x0d88ed6e74bbfd96b831231638b66c05571e824f,0x95bd6ab55d7771d5bd6e1eb853a16580291481d12d4514a27671c0f2c9a6f930
294,48.27302856262549,0.520865978190729,0x5272cd4dd8b48fcbd85ea40c458840924b0f086e,2017-10-21T05:47:48.000Z,0.01079,0x5272cd4dd8b48fcbd85ea40c458840924b0f086e,buy,0x0d88ed6e74bbfd96b831231638b66c05571e824f,0x89f73a9b1dd9599f3b14635267aa8c97bbe97a49027ad83a36c837077ee99ce9
295,48.41783316785285,0.5224284198811322,0x5272cd4dd8b48fcbd85ea40c458840924b0f086e,2017-10-21T05:33:33.000Z,0.01079,0x5272cd4dd8b48fcbd85ea40c458840924b0f086e,buy,0x0d88ed6e74bbfd96b831231638b66c05571e824f,0x304a0e7a12efbcea392592ea98532deae58e51092a72b41d98f0322d65e60e64
296,69.79361135770999,0.6984246688566038,0xcbb38f20996b387ec562ffc46448d5e7c3d86020,2017-10-21T05:32:32.000Z,0.010007,0x8909e1a4f31fc2214ea6c4a917268b833b00c000,sell,0x0d88ed6e74bbfd96b831231638b66c05571e824f,0x03b50d0fe0d18780471a378770c389616fe58df6bdd27e16713bd6555e3436bf
297,13.046553650496516,0.13046553650496517,0x366b9bdea87e37125ff660769ccc983adaf92634,2017-10-21T05:19:17.000Z,0.01,0xabbb1bce1f0fc05b93cfb675e2d0618ce7005a1d,sell,0x0d88ed6e74bbfd96b831231638b66c05571e824f,0xcbe59cbcb1ea40ce4af88fd252c3ad0feace77ba47d48c06dc14c2cc8d834e0c
298,9.932215515214569,0.09932215515214568,0x366b9bdea87e37125ff660769ccc983adaf92634,2017-10-21T04:53:23.000Z,0.01,0x7a7eb4791d23d0bde6c1fc190fdd140ce18edd11,sell,0x0d88ed6e74bbfd96b831231638b66c05571e824f,0xe5ae504e0dd14edfb5055a3fc95daa05ef0f38912ac84fb4d76b15aed39d5417
299,1,0.011,0xf58dcfa3afb09a491be10a7e8aaf99afc9311df2,2017-10-21T04:50:10.000Z,0.011,0x7a7eb4791d23d0bde6c1fc190fdd140ce18edd11,sell,0x0d88ed6e74bbfd96b831231638b66c05571e824f,0x5be9842ca7502972c3e9ff0d3657429fa23e1a7721f02c16bcacdfc35f2aae78
300,1,0.010799,0x2a37aa5e418efbecb227f33ba02e8cd5f79e9c69,2017-10-21T04:30:48.000Z,0.010799,0x4cf9ed4907db823a1715abeb6c091eb2afc677f2,buy,0x0d88ed6e74bbfd96b831231638b66c05571e824f,0x135b9939c0e86be3eb7c107958df9ef3c14ed0205da23122e0cc2b69413116a2
301,456.58458777788854,4.839796630445618,0x366b9bdea87e37125ff660769ccc983adaf92634,2017-10-21T01:49:53.000Z,0.0106,0xa8692c3d814b57514539c4d673e09771e91d57bd,sell,0x0d88ed6e74bbfd96b831231638b66c05571e824f,0x84e72075a8434dbd950fe251fa0fb55f2d8f3beb8a2c5ce87e34c896db057696
302,1146.788991,12.466743121161,0x366b9bdea87e37125ff660769ccc983adaf92634,2017-10-21T00:40:16.000Z,0.010871,0x036b337c54af5387226a7a5e6da0ad1baf90ca5b,buy,0x0d88ed6e74bbfd96b831231638b66c05571e824f,0x55479a584050bf2d5c8796665d217d4561c26ea9d1b45fe5155ff72347e1f0a7
303,53.40964340952966,0.5794946309933968,0x1da251119e3a70bcb4aed858bd2acccff2155077,2017-10-20T22:58:32.000Z,0.01085,0x366b9bdea87e37125ff660769ccc983adaf92634,sell,0x0d88ed6e74bbfd96b831231638b66c05571e824f,0xc23b100110f46d3e3628e2621262b22fb205e9e8bedd80a81a72c70d1da50734
304,0.000028943041314828,0.000000314031998265,0x1da251119e3a70bcb4aed858bd2acccff2155077,2017-10-20T22:39:29.000Z,0.010849999999969464,0x2ad8cc944c4855aa6c3ed2f97279a2a8720ed209,sell,0x0d88ed6e74bbfd96b831231638b66c05571e824f,0x4286eca1303fe2a3a313d1fa1729f19e4750d54e289e03b1480f71e600211f1f
305,0.29032764742902895,0.003150054974604963,0x1da251119e3a70bcb4aed858bd2acccff2155077,2017-10-20T22:24:51.000Z,0.010849999999999997,0x2ad8cc944c4855aa6c3ed2f97279a2a8720ed209,sell,0x0d88ed6e74bbfd96b831231638b66c05571e824f,0x4f473c4c684edf134215eaa1636cc88056ee8c8353873231f405bbbdf6522b1a
306,366.86272555079256,3.7970292094507028,0x366b9bdea87e37125ff660769ccc983adaf92634,2017-10-20T22:20:10.000Z,0.01035,0xc686e2cf94195705e79321f72ca0dd0b160b064e,sell,0x0d88ed6e74bbfd96b831231638b66c05571e824f,0xd11d6e0a59e0e6e1015fc0ef89b27730e9a08fddd2d279b2cfa23d15b3134dcd
307,1,0.011,0x7c7b6909fcb9b6f672d37cf47e4c9d233d3bba24,2017-10-20T21:42:03.000Z,0.011,0x628dd9a687c70523e9cd266dda568db7d47c1912,buy,0x0d88ed6e74bbfd96b831231638b66c05571e824f,0x58d154793520dedfc2aca26a082ceede092c1693e4e6aa8aaa6535094c5dcb2b
308,71,0.74337,0x3efd9b0bd8e4595bc494539aca584821950106ee,2017-10-20T21:41:32.000Z,0.01047,0x2e20a60ecdbc0417262d94605dc69fe70fbcea7f,buy,0x0d88ed6e74bbfd96b831231638b66c05571e824f,0xd1cc5dcd6502d098071ecd0b2829478b934f4a6332106427f8199fb1de7239ac
309,100,1.049,0x751cc568cb9a7becd3001217cbeba8563e58fc7c,2017-10-20T21:40:42.000Z,0.01049,0x91c488c10de196974f2b4e7eb7c940c21d8faff1,buy,0x0d88ed6e74bbfd96b831231638b66c05571e824f,0xa84cee7dcda5dc3b51cb4d1c395d191ccf7cfdfac3bbc3ea1458b47bdb9c32f0
310,100,1.045,0x751cc568cb9a7becd3001217cbeba8563e58fc7c,2017-10-20T21:39:32.000Z,0.01045,0x2e20a60ecdbc0417262d94605dc69fe70fbcea7f,buy,0x0d88ed6e74bbfd96b831231638b66c05571e824f,0x75b890f47693afcaf33f138c538b444b66949c5f2e306223dfab6888c43b00c5
311,860.771,8.89176443,0x366b9bdea87e37125ff660769ccc983adaf92634,2017-10-20T21:24:48.000Z,0.01033,0xb7abd2a6b638b3b305b0a69417a934c8e8e20f07,sell,0x0d88ed6e74bbfd96b831231638b66c05571e824f,0xa2f6bbf751c19905dcc4d15ec27414a68f6a5782e985e393e6e781d122d71ffe
312,2950,30.5325,0x366b9bdea87e37125ff660769ccc983adaf92634,2017-10-20T21:22:23.000Z,0.01035,0xb7abd2a6b638b3b305b0a69417a934c8e8e20f07,sell,0x0d88ed6e74bbfd96b831231638b66c05571e824f,0x4056fd38ce6489a27df25df813848cad9dd06cce6e5b19188d992bc9ebc4c2ad
313,515.3435122324368,5.359572527217343,0x366b9bdea87e37125ff660769ccc983adaf92634,2017-10-20T21:22:12.000Z,0.0104,0xb7abd2a6b638b3b305b0a69417a934c8e8e20f07,sell,0x0d88ed6e74bbfd96b831231638b66c05571e824f,0xee1bea56122434e25b1e0dce27408521514e1e643352a6a9bf248d4334cf0590
314,4984.656487767563,51.84042747278266,0x366b9bdea87e37125ff660769ccc983adaf92634,2017-10-20T21:06:37.000Z,0.0104,0xb7abd2a6b638b3b305b0a69417a934c8e8e20f07,sell,0x0d88ed6e74bbfd96b831231638b66c05571e824f,0x7c8a4b2b545345a86ee614b60ceee15071d89bf61411c4790096dd50a08a7d3a
315,1089.2287964263915,11.251733467084625,0x366b9bdea87e37125ff660769ccc983adaf92634,2017-10-20T20:45:03.000Z,0.01033,0xb7abd2a6b638b3b305b0a69417a934c8e8e20f07,sell,0x0d88ed6e74bbfd96b831231638b66c05571e824f,0x5755acd4af46d20c6664f8e5de09b0df0ead8926e0a2f2841224548168eb94de
316,2500,25.375,0x366b9bdea87e37125ff660769ccc983adaf92634,2017-10-20T20:12:57.000Z,0.01015,0xb7abd2a6b638b3b305b0a69417a934c8e8e20f07,sell,0x0d88ed6e74bbfd96b831231638b66c05571e824f,0xd66befbb419b3e4287548f35d25815f412b8b0fc781db331dc5b7bfe0eb9b2fd
317,2500,25.375,0x366b9bdea87e37125ff660769ccc983adaf92634,2017-10-20T20:10:11.000Z,0.01015,0xb7abd2a6b638b3b305b0a69417a934c8e8e20f07,sell,0x0d88ed6e74bbfd96b831231638b66c05571e824f,0x676966d7513c8ad686b571d8b743bf69630762ad2895aab35d9a7d5fd5f7181f
318,1000,10.4,0x366b9bdea87e37125ff660769ccc983adaf92634,2017-10-20T20:08:28.000Z,0.0104,0xb7abd2a6b638b3b305b0a69417a934c8e8e20f07,buy,0x0d88ed6e74bbfd96b831231638b66c05571e824f,0x735222258a77f810cf4a0f760aa80bb229b7d35611236159469801b0c6138695
319,1000,10.3,0x739c5f6d73d483705a08f9a52c7cd61c7933573e,2017-10-20T20:07:41.000Z,0.0103,0xb7abd2a6b638b3b305b0a69417a934c8e8e20f07,buy,0x0d88ed6e74bbfd96b831231638b66c05571e824f,0x20175b18ee9d46544ae0c750d4374a77fcf5abbef35644f0f062029f039c2e49
320,149.5,1.5247503505,0x366b9bdea87e37125ff660769ccc983adaf92634,2017-10-20T20:07:01.000Z,0.010198999,0xed7f4d43a68a1353004159aa48fcf79e23b5b75f,buy,0x0d88ed6e74bbfd96b831231638b66c05571e824f,0x7b4f545165cb3f3877fa1c1088585289070c3319b84d50edd40fa1036c4ebf22
321,1000,10.2,0x366b9bdea87e37125ff660769ccc983adaf92634,2017-10-20T20:05:56.000Z,0.0102,0xb7abd2a6b638b3b305b0a69417a934c8e8e20f07,buy,0x0d88ed6e74bbfd96b831231638b66c05571e824f,0xedf20b8be207837d2d073e22422e761a80c1da02e78c5c713b4008d01b3e9247
322,1000,10.19899999,0x366b9bdea87e37125ff660769ccc983adaf92634,2017-10-20T20:04:57.000Z,0.01019899999,0x0edc326b97f071c1a5393ba5344bb762dee0c53a,buy,0x0d88ed6e74bbfd96b831231638b66c05571e824f,0xd5b10532602b1ec8c611d7827e6bbcb8fa497e96708d815cddaa64d1644727b6
323,890,8.9,0xd82714a8d96e0c5463605c0b3c1021a201b926bc,2017-10-20T18:38:05.000Z,0.01,0xb7abd2a6b638b3b305b0a69417a934c8e8e20f07,sell,0x0d88ed6e74bbfd96b831231638b66c05571e824f,0xd85479a8cbaf100669f8dd97e5d7f914211311d62fc147043915d70307f10c06
324,183.19569200836483,1.9235547660878307,0xc8f1e40d1b663133d10b725d4a45d45c477339b0,2017-10-20T18:14:56.000Z,0.0105,0x1ed014aec47fae44c9e55bac7662c0b78ae61798,sell,0x0d88ed6e74bbfd96b831231638b66c05571e824f,0xb8e4c0ab8a68d8d571583ef68825c017a4144449cbf248672d5a1fc571b656ff
325,19.94,0.21933998006,0x594a768adc84eb7bf4823bb18bd83ae808145575,2017-10-20T16:33:16.000Z,0.010999999,0xd990b20677084e0ecc854a956cb15a401515dfe8,buy,0x0d88ed6e74bbfd96b831231638b66c05571e824f,0x410622aa6a4ae62a9bec4a1e46b8cd907e6e39a9e52c5aa183226974aad30c22
326,42,0.4789764,0x594a768adc84eb7bf4823bb18bd83ae808145575,2017-10-20T16:24:37.000Z,0.0114042,0x67b0b80e96bbfca4a36b4f0bbdba45a8f9cba886,buy,0x0d88ed6e74bbfd96b831231638b66c05571e824f,0xf8e4778d6feafc3e2cff73c616fba67f49d0881b83f73c65f2ba6838d46c7a53
327,0.2635167193968013,0.002780101389636254,0x594a768adc84eb7bf4823bb18bd83ae808145575,2017-10-20T16:08:21.000Z,0.01055,0xaea6d027c6e2b8892bcdf7b488e2a9f103a26e20,buy,0x0d88ed6e74bbfd96b831231638b66c05571e824f,0x4dc4ebbc0824f9d3ea5ca0315cc2c2f6bc2d7761bab78c612b6e7e5bdf4bdafd
328,12.959824543913866,0.137374140165487,0x751cc568cb9a7becd3001217cbeba8563e58fc7c,2017-10-20T14:56:24.000Z,0.0106,0x80386b7d64963b5d929ff665d8e1cd75fab4bb00,sell,0x0d88ed6e74bbfd96b831231638b66c05571e824f,0x8bb8b298df0ae77bb3e2d558f76175fe2408faa18a7e2b32f3df601b645b3466
329,169.1,1.839808,0x751cc568cb9a7becd3001217cbeba8563e58fc7c,2017-10-20T14:35:03.000Z,0.01088,0xcb3833a6a1dab47376c94ee9ca15bded513ca883,buy,0x0d88ed6e74bbfd96b831231638b66c05571e824f,0x91fc99deb758071d5b3e3ee5353d31719e6a70473e0e0c4f2b0dfd2b18f244d4
330,1120,12.1856,0xef41d59163205120ea659aa0174c9fe48317fc10,2017-10-20T14:33:24.000Z,0.01088,0xcb3833a6a1dab47376c94ee9ca15bded513ca883,buy,0x0d88ed6e74bbfd96b831231638b66c05571e824f,0xc428e38da2d1eb4f7a920115fc55219ce2e5fa500ca1196beb4a8b1eed6ff31d
331,99.8689064988271,1.1175330637218752,0x927e9be72a655782a06298ef2cc69688849e5775,2017-10-20T14:19:13.000Z,0.01119,0x4c7b89ed72c910af33c0e2e2d260f5afe4670aa7,buy,0x0d88ed6e74bbfd96b831231638b66c05571e824f,0xe478327d69280dea5dc351c91a5a2f82cfa8780fe50184febc30f68a6a914129
332,400,4.48,0x927e9be72a655782a06298ef2cc69688849e5775,2017-10-20T14:08:45.000Z,0.0112,0xce8b6c1b18f99f67e0679fd7da1a2a1accd65649,buy,0x0d88ed6e74bbfd96b831231638b66c05571e824f,0xf8ea49cd18e0bb70d871b87ca810094a4e3a8f7bb6dbfaf01eef1d787d7466b1
333,20,0.22221999998,0x927e9be72a655782a06298ef2cc69688849e5775,2017-10-20T14:07:27.000Z,0.011110999999,0xdaa6dbe69b63df377d4f92914883544426fd9081,buy,0x0d88ed6e74bbfd96b831231638b66c05571e824f,0xc908f57c437592b95d0d990a0b2ddaba741e81c9c00a5081ce4f509fe9b23059
334,198,2.217402,0x927e9be72a655782a06298ef2cc69688849e5775,2017-10-20T14:06:14.000Z,0.011199,0x231c1e813df236756e6823b73154bc94d825b3d2,buy,0x0d88ed6e74bbfd96b831231638b66c05571e824f,0x3ec46b6e6e20390d8d831b2a34095a09a32ca133368e3e55effd324dcd6616a1
335,18.883,0.20979013,0x927e9be72a655782a06298ef2cc69688849e5775,2017-10-20T14:05:03.000Z,0.01111,0x1e8c867d109e850c944227c5930d93a6a67d020c,buy,0x0d88ed6e74bbfd96b831231638b66c05571e824f,0x5dfed9ddb8c61996da068245e9668510593dac1913cf06c68ed356cf5304063d
336,91.9,1.0109,0x927e9be72a655782a06298ef2cc69688849e5775,2017-10-20T14:05:03.000Z,0.011,0x45a0d44a0e7aa4768292d8ff74b364b574221829,buy,0x0d88ed6e74bbfd96b831231638b66c05571e824f,0xd6781ae0e6b0a42c06ecbba2eeece2ff7c32821080470a40b3758da13f97a3f3
337,1542.185,17.19536275,0x9778550d76b07ac9f5e57392f68ecdf6efc1774e,2017-10-20T13:58:52.000Z,0.01115,0x6d6ace9721fdae85d9af52fe0cc47bee04f33dfd,buy,0x0d88ed6e74bbfd96b831231638b66c05571e824f,0xe6cc5b527f38906d869c5ff4ac5519b943c02ce11743d038b95663d870ffa561
338,677.8147648220174,7.557634627765495,0xef41d59163205120ea659aa0174c9fe48317fc10,2017-10-20T13:54:43.000Z,0.01115,0x6d6ace9721fdae85d9af52fe0cc47bee04f33dfd,buy,0x0d88ed6e74bbfd96b831231638b66c05571e824f,0x73b7b6f114ce4c8fe11a689914787aa9d4b097b7b8e64ce05486945d9f0e01fc
339,212.058,2.3114322,0x9778550d76b07ac9f5e57392f68ecdf6efc1774e,2017-10-20T13:31:00.000Z,0.0109,0x4cc6e4b4f2197bdb6d3fb513882c49cc559e5d50,buy,0x0d88ed6e74bbfd96b831231638b66c05571e824f,0xc759323c1aa106604e2514ed4fd768fe9e3ffa40f5f64fe842d92ea70d9ec7cb
340,19.940185425181937,0.18344992525371348,0xd990b20677084e0ecc854a956cb15a401515dfe8,2017-10-20T12:01:48.000Z,0.009200011,0x5da8edec8e3385e5808599463abfbc7efd1d8a3e,sell,0x0d88ed6e74bbfd96b831231638b66c05571e824f,0x2040e4fa5c15b20b5c82fa989494403f6759a19ee5b3af92ad30765050b17cfd
341,112.23484198983192,1.2137075812780425,0x231c1e813df236756e6823b73154bc94d825b3d2,2017-10-20T11:53:53.000Z,0.010814,0x46af5859d0061abf24ec723447ebe21ebfa8096e,sell,0x0d88ed6e74bbfd96b831231638b66c05571e824f,0x4f60778969b7e79d6a82c349896d8d551bfe20fc0af1dc0ea29eea148c653706
342,0.000029907287003902,0.00000032341740166,0x231c1e813df236756e6823b73154bc94d825b3d2,2017-10-20T11:32:26.000Z,0.010813999999993438,0x349e94d20ab21b0af8e18bfe32bc1514e5f46e11,sell,0x0d88ed6e74bbfd96b831231638b66c05571e824f,0x381d2f8d6d541d933d0f9eca07503eaf868898a6315fb92e1e8dc2b05b96e669
343,10,0.10814,0x231c1e813df236756e6823b73154bc94d825b3d2,2017-10-20T11:05:09.000Z,0.010814,0xace2f0e2021ed8067a5f64eebd39bff7e67f096e,sell,0x0d88ed6e74bbfd96b831231638b66c05571e824f,0x2d101e9c7e458d7a016ddec89af24c7902fc54af239fda342c58156a797265b1
344,81.11667512080686,0.9012062605921642,0x3f88e7c03775aa1b8ca78b6039ee4c2c071945cd,2017-10-20T10:56:07.000Z,0.01111,0x1e8c867d109e850c944227c5930d93a6a67d020c,buy,0x0d88ed6e74bbfd96b831231638b66c05571e824f,0x107fd630d316ab6f2155ff07b08db8e8157310e56c1be4ccdfd0c2a5656afca0
345,75.76512810288106,0.8193240953045559,0x231c1e813df236756e6823b73154bc94d825b3d2,2017-10-20T10:50:42.000Z,0.010814,0x092410f6c66c761144069911a36a5a14c998cb35,sell,0x0d88ed6e74bbfd96b831231638b66c05571e824f,0x46fa06b144932e234f88955b955b70bf31518c1593f37a4f053463b3548be42f
346,87.74791964071979,0.9038035722994139,0x366b9bdea87e37125ff660769ccc983adaf92634,2017-10-20T09:54:23.000Z,0.0103,0x12dbdf8b35294fbcb527c231fb38d11f72377d81,sell,0x0d88ed6e74bbfd96b831231638b66c05571e824f,0x687df6cc30512fabc68094c45592b687695e4e5ed061ecff5ae9b78ae7c3dd76
347,276,3.007848,0xef41d59163205120ea659aa0174c9fe48317fc10,2017-10-20T09:54:15.000Z,0.010898,0x25139e09ccbb2de58c4817467f7f8ad2b3fd23f3,buy,0x0d88ed6e74bbfd96b831231638b66c05571e824f,0x50cac745f480f85b86ea0d6f8d529a43187f20fbb4334e0b9c091dffc2201b3b
348,223,2.42624,0xef41d59163205120ea659aa0174c9fe48317fc10,2017-10-20T09:54:11.000Z,0.01088,0x0d2be8032423fac814062e80ccfe08601cb50ac6,buy,0x0d88ed6e74bbfd96b831231638b66c05571e824f,0x7f4e7b27353271c5d17f4418521538f170de94115a97f783466fc560b57a48d0
349,49.322,0.5326776,0xef41d59163205120ea659aa0174c9fe48317fc10,2017-10-20T09:53:17.000Z,0.0108,0xd846f51b5861ff6cc694b00277bcfacfd96f6faa,buy,0x0d88ed6e74bbfd96b831231638b66c05571e824f,0xe2770c8ed220772940ec5207ea5c6c0c6d07c634a95563188dab2b6105ad326a
350,34.664,0.363972,0xef41d59163205120ea659aa0174c9fe48317fc10,2017-10-20T09:53:05.000Z,0.0105,0x1804111464a198d8b0450bdbf7cb9fd65a903baf,buy,0x0d88ed6e74bbfd96b831231638b66c05571e824f,0x0e6f79a928093a607e4fbac105465ad606033b145a37245f81dea4185695e88c
351,799,8.6292,0x366b9bdea87e37125ff660769ccc983adaf92634,2017-10-20T07:42:17.000Z,0.0108,0xcbb38f20996b387ec562ffc46448d5e7c3d86020,buy,0x0d88ed6e74bbfd96b831231638b66c05571e824f,0x80cb59486901e1cb625abe1445d644e59c43c1d9f0e41cfc081ef98ba8c79e27
352,50.67794802241505,0.5473218386420826,0x0f896622c28da2e3c583b64b3bee4ece239b3450,2017-10-20T06:59:09.000Z,0.0108,0xd846f51b5861ff6cc694b00277bcfacfd96f6faa,buy,0x0d88ed6e74bbfd96b831231638b66c05571e824f,0x7e7ae585ea09d3890d832159a35f17e67871927a69a82139f26c05bce53c56cc
353,87.243,0.9335001,0x0f896622c28da2e3c583b64b3bee4ece239b3450,2017-10-20T06:56:34.000Z,0.0107,0x9af723cdc53e63f40881631bd588df2833893246,buy,0x0d88ed6e74bbfd96b831231638b66c05571e824f,0x92522b86efdd7e68d47f704ed92c110252abb22da42091fe1d9c8b3219d8580c
354,762.227,8.2320516,0x366b9bdea87e37125ff660769ccc983adaf92634,2017-10-20T06:37:00.000Z,0.0108,0x14002364bb0e360dd547072fd15bf0c3eb835b10,buy,0x0d88ed6e74bbfd96b831231638b66c05571e824f,0xbf6bafd6f92c456edfd6b1ada9a06ad2981e7f10fa57dd976ecca3f0839c6641
355,143.11869867130193,1.509759152283564,0x366b9bdea87e37125ff660769ccc983adaf92634,2017-10-20T06:36:10.000Z,0.010549,0x751cc568cb9a7becd3001217cbeba8563e58fc7c,buy,0x0d88ed6e74bbfd96b831231638b66c05571e824f,0xd0e48ef4257133025b071dde9c78a769a25571cf5abc77ad3fd0d4ca52acbce4
356,27.881301328698065,0.2941198477164359,0x006b25ff703cfe9c84d0336cbd43ec3712dc67b2,2017-10-20T06:32:01.000Z,0.010549,0x751cc568cb9a7becd3001217cbeba8563e58fc7c,buy,0x0d88ed6e74bbfd96b831231638b66c05571e824f,0x5c7da25619fbaf07b5444729e5d16fa8d36a3bac4b983f55331114288f12bfb3
357,19.5,0.2047305,0x006b25ff703cfe9c84d0336cbd43ec3712dc67b2,2017-10-20T06:31:06.000Z,0.010499,0x75505b5ae2099f716bad49c7a63f7fa44120c597,buy,0x0d88ed6e74bbfd96b831231638b66c05571e824f,0x3802f59a91f0627e433f7e1a8e7e25da6e92e6b64f5fc6865bf5b8f80c1d4f17
358,204.082,2.122248718,0x006b25ff703cfe9c84d0336cbd43ec3712dc67b2,2017-10-20T06:30:39.000Z,0.010399,0x1ce4ac02cb00d49aa145065b3839c9be242d085a,buy,0x0d88ed6e74bbfd96b831231638b66c05571e824f,0xd19dfc07386732ccfd3affd5133ab6471759814ab22d6a20df6ef9d36f907917
359,750,7.57499925,0x366b9bdea87e37125ff660769ccc983adaf92634,2017-10-20T06:01:41.000Z,0.010099999,0xed7f4d43a68a1353004159aa48fcf79e23b5b75f,buy,0x0d88ed6e74bbfd96b831231638b66c05571e824f,0x50437ea14d4eda4534d8354e0af24747198fcb215f94e3d6d86bb6cd15ba2e00
360,34.66355753165188,0.3189047292911973,0x1804111464a198d8b0450bdbf7cb9fd65a903baf,2017-10-20T04:43:29.000Z,0.0092,0xcb4abf4638be0765d226fb43641d9a67c8a716c4,sell,0x0d88ed6e74bbfd96b831231638b66c05571e824f,0xb8bd4550a1aa6ed77d707ed4cb3f6ecf982754d17d2a5abc4d05dd666885444d
361,500,4.9000005,0xed7f4d43a68a1353004159aa48fcf79e23b5b75f,2017-10-20T02:52:59.000Z,0.009800001,0x366b9bdea87e37125ff660769ccc983adaf92634,sell,0x0d88ed6e74bbfd96b831231638b66c05571e824f,0x8dd265063050a8ef8b209f76939e49765ce44d4c6c2ca9f455732a843d1c10e7
362,400,3.9400004,0xed7f4d43a68a1353004159aa48fcf79e23b5b75f,2017-10-20T02:50:53.000Z,0.009850001,0x366b9bdea87e37125ff660769ccc983adaf92634,sell,0x0d88ed6e74bbfd96b831231638b66c05571e824f,0xed0dc790d02ec5d0c0c785f19962a7443cd3f1cd4eb8faee54762b36b9b20dd5
363,0.5,0.0052495,0x366b9bdea87e37125ff660769ccc983adaf92634,2017-10-20T01:45:17.000Z,0.010499,0x75505b5ae2099f716bad49c7a63f7fa44120c597,buy,0x0d88ed6e74bbfd96b831231638b66c05571e824f,0x07c6919662312afe37369678f6fe7a3249784640c6cda65b1b92263d95a7b664
364,0.5,0.0049,0x366b9bdea87e37125ff660769ccc983adaf92634,2017-10-20T01:40:26.000Z,0.0098,0x366b9bdea87e37125ff660769ccc983adaf92634,sell,0x0d88ed6e74bbfd96b831231638b66c05571e824f,0xf70eeade689d215235944e6cf4bee1ab6b67c013fa2830f9c232f172e3026e48
365,39.2,0.4272016,0x98079efdc34647d5030bb9ccf95405cd7c786f03,2017-10-19T20:27:35.000Z,0.010898,0xcb4abf4638be0765d226fb43641d9a67c8a716c4,sell,0x0d88ed6e74bbfd96b831231638b66c05571e824f,0x14802808e545320ab9d15c097e0ab0b4164d40ff5b715965f812bfcea5886346
366,635.8596114046456,6.929598045087828,0x0945b7c16373ac4c44844dcea8f2de9d8e7ce197,2017-10-19T20:23:11.000Z,0.010898,0xd445f61ebca3d6b4c57eef1f39fdab6595ef8972,sell,0x0d88ed6e74bbfd96b831231638b66c05571e824f,0x08dcd37bcbffaff04e6db0cc6162b8ef22b0252e09fde96f8e6f83da68a3f637
367,637.7729301952313,6.887947646108498,0xd445f61ebca3d6b4c57eef1f39fdab6595ef8972,2017-10-19T20:23:11.000Z,0.0108,0x14002364bb0e360dd547072fd15bf0c3eb835b10,buy,0x0d88ed6e74bbfd96b831231638b66c05571e824f,0x08dcd37bcbffaff04e6db0cc6162b8ef22b0252e09fde96f8e6f83da68a3f637
368,0,0,0x0945b7c16373ac4c44844dcea8f2de9d8e7ce197,2017-10-19T20:22:10.000Z,NaN,0x86f07ee309655dbb0c169668f4e27848c0deda77,sell,0x0d88ed6e74bbfd96b831231638b66c05571e824f,0x902666f64c89d5d712d3f745494652813bae551e763b5c6b17ebe42714dad9c3
369,0,0,0x86f07ee309655dbb0c169668f4e27848c0deda77,2017-10-19T20:22:10.000Z,NaN,0xfbf7dc0756a9768d0c71aea5f8421f3b1eaee7d1,buy,0x0d88ed6e74bbfd96b831231638b66c05571e824f,0x902666f64c89d5d712d3f745494652813bae551e763b5c6b17ebe42714dad9c3
370,99.7,1.0865306,0x0945b7c16373ac4c44844dcea8f2de9d8e7ce197,2017-10-19T20:22:05.000Z,0.010898,0xd445f61ebca3d6b4c57eef1f39fdab6595ef8972,sell,0x0d88ed6e74bbfd96b831231638b66c05571e824f,0x4a595e47fbb3bd7c7b0a60ecc54d45e65de9e7986f5c47f70c80c3ba5f3372d8
371,100,1.021,0xd445f61ebca3d6b4c57eef1f39fdab6595ef8972,2017-10-19T20:22:05.000Z,0.01021,0xfbf7dc0756a9768d0c71aea5f8421f3b1eaee7d1,buy,0x0d88ed6e74bbfd96b831231638b66c05571e824f,0x4a595e47fbb3bd7c7b0a60ecc54d45e65de9e7986f5c47f70c80c3ba5f3372d8
372,133.598,1.455951004,0x0945b7c16373ac4c44844dcea8f2de9d8e7ce197,2017-10-19T20:21:39.000Z,0.010898,0xd445f61ebca3d6b4c57eef1f39fdab6595ef8972,sell,0x0d88ed6e74bbfd96b831231638b66c05571e824f,0x107d44c95b6815a7ca9762f4c32f5da6329e2e76e92f7b867972674d23e3d8db
373,50.8423885953544,0.5540803509121722,0x0945b7c16373ac4c44844dcea8f2de9d8e7ce197,2017-10-19T20:21:39.000Z,0.010898,0x65f2dddf638c7a7118b22d610c9aeba141f2467f,sell,0x0d88ed6e74bbfd96b831231638b66c05571e824f,0xb63a4f54211121581c67685da274d7a93beca21422a5002c22a815e09fa8584f
374,51,0.52070949,0x65f2dddf638c7a7118b22d610c9aeba141f2467f,2017-10-19T20:21:39.000Z,0.01020999,0xad5b3fbc469313e21efe4117627a658424091b0a,buy,0x0d88ed6e74bbfd96b831231638b66c05571e824f,0xb63a4f54211121581c67685da274d7a93beca21422a5002c22a815e09fa8584f
375,134,1.3869,0xd445f61ebca3d6b4c57eef1f39fdab6595ef8972,2017-10-19T20:21:39.000Z,0.01035,0x3c0e781116e7ebcfcee0955f314bdac09bf1813d,buy,0x0d88ed6e74bbfd96b831231638b66c05571e824f,0x107d44c95b6815a7ca9762f4c32f5da6329e2e76e92f7b867972674d23e3d8db
376,11.9629149636128,0.11604027514704417,0x366b9bdea87e37125ff660769ccc983adaf92634,2017-10-19T19:11:44.000Z,0.0097,0xb1c0c7393fdd229fdae166f04fd9600f3f4175ca,sell,0x0d88ed6e74bbfd96b831231638b66c05571e824f,0x4f487b4d72d75a2070087ecc8541076fe68948a153b0ee2ad7934eee6f75d68a
377,51.003887947363175,0.4748563975675406,0xad5b3fbc469313e21efe4117627a658424091b0a,2017-10-19T16:59:42.000Z,0.0093102,0x927e9be72a655782a06298ef2cc69688849e5775,sell,0x0d88ed6e74bbfd96b831231638b66c05571e824f,0x603b9e03ce475e8255e65bf4866763f90f559d8f418f091090bbf426e4eccd79
378,88,0.8272,0x20ee98b307e9a3dd11451dc17df21b2466daa605,2017-10-19T16:57:50.000Z,0.0094,0x927e9be72a655782a06298ef2cc69688849e5775,sell,0x0d88ed6e74bbfd96b831231638b66c05571e824f,0x164d740c2a372bdbac3a50d9e361a37860df751fa63c38f53a427ae4f034878e
379,500,4.7,0x47e56ef48e1003d45a37b87fc22897dcf7486a9d,2017-10-19T16:56:23.000Z,0.0094,0x927e9be72a655782a06298ef2cc69688849e5775,sell,0x0d88ed6e74bbfd96b831231638b66c05571e824f,0xb9fc59731a46c3d6388d9b3a9f094515c85cd7e354589d474eb358bf158e7b82
