,amount,amountBase,buyer,date,price,seller,side,tokenAddr,txHash
0,249.22739507526668,0.000722510218323198,0x84ad7cf6939768aeeea562fb4744ff1beffdd13c,2017-11-02T13:59:07.000Z,0.00000289899999999999,0xc8e649f99b8fa38874b4b0f8e989d0dca433da61,sell,0xe66cc41dd03a170623dc087a69ad8d72e64cb838,0x85e6284357847e1f2501ce47af1895b6956c46b9fba70bff2ac7231febda4a3d
1,768.5,0.003081685,0x97c5c53f8acac416f87a884f6f923ae063ebaacd,2017-11-02T13:43:41.000Z,0.00000401,0x18d75ed5cdd83c97a5d7d318435c2ad017d0c42e,sell,0xe66cc41dd03a170623dc087a69ad8d72e64cb838,0x1c9324b2a58a1bc0283a9066d18af4f539803d554d62e20048ce364c3e9c914f
2,2217.4319609211443,0.008925163642707606,0x97c5c53f8acac416f87a884f6f923ae063ebaacd,2017-11-02T12:55:51.000Z,0.00000402499999999999,0xbf8418ea81566519e9ec9f441991bab6e33ecc32,sell,0xe66cc41dd03a170623dc087a69ad8d72e64cb838,0xe3ea88c2b33185d47aebfb40a2608439c6bc101753368c6d20e1d5aaab60d543
3,1448.50962017745,0.005830251221214235,0x97c5c53f8acac416f87a884f6f923ae063ebaacd,2017-11-02T12:48:34.000Z,0.00000402499999999999,0x3ea19c19e3d98af9de024a2a52fb50bcdf2f93ef,sell,0xe66cc41dd03a170623dc087a69ad8d72e64cb838,0x72cd96bde81a81544bbff7b62f265e497d4b0f3dc23046a587d2d71b46bfbf2a
4,498.45479015053337,0.002006280530355896,0x97c5c53f8acac416f87a884f6f923ae063ebaacd,2017-11-02T11:57:53.000Z,0.00000402499999999999,0xa9a51832689646533d41ce4186f9e9b89fa6564a,sell,0xe66cc41dd03a170623dc087a69ad8d72e64cb838,0x80ddf59afd764d818cf29a923d1630b4a9d006e8577fb9b4a5114559c3d3482c
5,83.33333333333333,0.0005,0x3075f7f189912f4f425dd7021b9c396434197477,2017-11-02T08:07:08.000Z,0.000006,0x20c721b0262bd9341c0a7ec685768cb3d33eadfb,buy,0xe66cc41dd03a170623dc087a69ad8d72e64cb838,0x882ff7b42bbb369c36264a9066c60d458d6d7191501d755496044f0890e69bd4
6,83.33333333333333,0.0005,0x4fda9e6bcd83af6c5cc771b5d20accc2b7720074,2017-11-02T08:06:45.000Z,0.000006,0x20c721b0262bd9341c0a7ec685768cb3d33eadfb,buy,0xe66cc41dd03a170623dc087a69ad8d72e64cb838,0x8c7b59d4ee3f7650ebd7e9d9ecd6270aa980ef52467c5fd4b5d29890c28f91f6
7,1764.3599467429497,0.009000000088335784,0x0a23e3542ea05bcf2dea1ae66eef33543c71b891,2017-11-02T07:43:09.000Z,0.00000510099999999999,0xe1243c8a4d6ec1a9a652c9e1aa71652ed130f480,sell,0xe66cc41dd03a170623dc087a69ad8d72e64cb838,0x44339ff303b30a1366876351bc520240502e900f168f505b7b878218c0bea1be
8,392.08,0.00200000008,0x0a23e3542ea05bcf2dea1ae66eef33543c71b891,2017-11-02T07:06:15.000Z,0.000005101,0x18d75ed5cdd83c97a5d7d318435c2ad017d0c42e,sell,0xe66cc41dd03a170623dc087a69ad8d72e64cb838,0xaa05b24f296ad46677b63fc92bac0f5daacb0e13d8f26df84397c9bff909767c
9,396.666,0.001189998,0x3421c555a64032f3bb56c0f1236138dc88ae4c7f,2017-11-02T04:12:35.000Z,0.000003,0x18d75ed5cdd83c97a5d7d318435c2ad017d0c42e,sell,0xe66cc41dd03a170623dc087a69ad8d72e64cb838,0x014f0ff6856ff19728a9faaa7bccfbce90e75fe6f992c12e1e32b3449432465e
10,53,0.000153647,0x84ad7cf6939768aeeea562fb4744ff1beffdd13c,2017-11-02T02:42:43.000Z,0.000002899,0x18d75ed5cdd83c97a5d7d318435c2ad017d0c42e,sell,0xe66cc41dd03a170623dc087a69ad8d72e64cb838,0x23b71bd0d0fdd22c2ab5c3543bedf7d3253d8d764c6df3f2904394664ec202a8
11,2684.8036749939847,0.013719346779219262,0x86d4b794a7ffa3a3ea81421107cf26b7ad1b3d44,2017-11-01T22:50:18.000Z,0.00000510999999999999,0xa839c6c2143fac413b4aa0134b200b84dfa1bb08,sell,0xe66cc41dd03a170623dc087a69ad8d72e64cb838,0x1746c14ef6d8c4c13966a58d9eff23d82a23a80dd82058f50bf5551ffc158a03
12,996.9095803010667,0.00509420795533845,0x86d4b794a7ffa3a3ea81421107cf26b7ad1b3d44,2017-11-01T21:12:52.000Z,0.00000510999999999999,0xf42b7ec907677a79468e3b8f910cc8ac9ba044f3,sell,0xe66cc41dd03a170623dc087a69ad8d72e64cb838,0x347666f823a93320cb2b5485de2de13973b20415614aa1d8255b21c252720125
13,1500,0.01485,0xa41e845ca78c7b7bf57f19b4520846161fa558b1,2017-11-01T19:26:56.000Z,0.0000099,0x40de6250458e6c9b41e7609dbb39172816dba22b,buy,0xe66cc41dd03a170623dc087a69ad8d72e64cb838,0x9333e80413222e974620aaeb45a29219b780a4657f479a8b109165ede8ceaf24
14,498.45479015053337,0.002547103977669225,0x86d4b794a7ffa3a3ea81421107cf26b7ad1b3d44,2017-11-01T19:04:20.000Z,0.00000510999999999999,0xa2cbad176fcca01710e5b1051ee301bf29e26d3e,sell,0xe66cc41dd03a170623dc087a69ad8d72e64cb838,0xe72ed6dafe10992d3dc047544520336814a6bb3c788772063b927582b97e09e9
15,1260.0438640215332,0.008757304854949657,0x86d4b794a7ffa3a3ea81421107cf26b7ad1b3d44,2017-11-01T15:52:59.000Z,0.00000694999999999999,0x92f012808e3ac2161e8e863e4e55201044e64e85,sell,0xe66cc41dd03a170623dc087a69ad8d72e64cb838,0x034d746334f2fb73c1470311c33203100bbcba8d61c29849229b5bee007e56cc
16,1744.5917655268668,0.012124912770411724,0x86d4b794a7ffa3a3ea81421107cf26b7ad1b3d44,2017-11-01T15:18:43.000Z,0.00000694999999999999,0x38c211219107969dbb99a761f9f01e28beb4355e,sell,0xe66cc41dd03a170623dc087a69ad8d72e64cb838,0x0ec80d53a3d61c26023eede60e5f88f6049c0c3acc14d3221f87fec853e12b1b
17,498.45479015053337,0.003464260791546206,0x86d4b794a7ffa3a3ea81421107cf26b7ad1b3d44,2017-11-01T14:49:14.000Z,0.00000694999999999999,0x88eb35b7e4428b280aa900edeaca4821c407400c,sell,0xe66cc41dd03a170623dc087a69ad8d72e64cb838,0xd518be1cfdf47d46e928271ae47a8e6a55e4303688ce40a380e15cee31e4ae9e
18,500,0.003475,0x86d4b794a7ffa3a3ea81421107cf26b7ad1b3d44,2017-11-01T11:42:23.000Z,0.00000695,0x2745b7b912faaf1a5c4f68ff3be03e31e60caf89,sell,0xe66cc41dd03a170623dc087a69ad8d72e64cb838,0xb9128079b81c84cac7e6275379ffbf327c8efa60ca5af2a22b28b4f846582840
19,996.9095803010667,0.006928521583092413,0x86d4b794a7ffa3a3ea81421107cf26b7ad1b3d44,2017-11-01T11:32:55.000Z,0.00000694999999999999,0xc6f004e13340ae659f5a731ab0f3d37ad0d35147,sell,0xe66cc41dd03a170623dc087a69ad8d72e64cb838,0x56dea5fd8afc759313aba827cbb50491e5126e9f7fe45766d296add4bb6cbc3b
20,2490.2801315920647,0.017207835709301168,0x47cce6037f4aa5e75c99054a0468f4161362a4a5,2017-11-01T08:43:26.000Z,0.00000690999999999999,0x90aad56da23a48591d79a9873b3bd4d9e2dde91f,sell,0xe66cc41dd03a170623dc087a69ad8d72e64cb838,0x1095eb116707db373b971f974a4ff692e51cd80a469073061cbe6adb30a1ffba
21,1,0.000011,0x9f94f72e061b874c3c930413c9cdab469365967d,2017-11-01T06:39:18.000Z,0.000011,0xc3cd7269c26d3fc5c0f751a9f238f546fc1e153b,buy,0xe66cc41dd03a170623dc087a69ad8d72e64cb838,0xe099102cd6ccc7f2e74417e1ea487a45a5cd0d2893e093049d3a14b053300ae9
22,996.9095803010667,0.005085235769115741,0x0a23e3542ea05bcf2dea1ae66eef33543c71b891,2017-11-01T03:51:44.000Z,0.00000510099999999999,0xd28e28d33b927f2dd3098f48bb924f7d18f7f6bf,sell,0xe66cc41dd03a170623dc087a69ad8d72e64cb838,0x3ad5a780bcbc81843628a8b988a06d8db0093f63ab4224258f218b68869c50b6
23,0.8774785007271,0.000004391779896139,0x86d4b794a7ffa3a3ea81421107cf26b7ad1b3d44,2017-10-31T20:45:46.000Z,0.00000500499999999984,0x0cccd5ccba3c9020ae048b54cc44b95f054e247e,sell,0xe66cc41dd03a170623dc087a69ad8d72e64cb838,0x4147c858a64c1d2ed085f38fb60481572d1d09fee4e7be5a5ecc43c05e947293
24,996.9095803010667,0.00508423885953544,0x4cd1ace2d57ac322437f4c853bdc492ab023de72,2017-10-31T19:40:01.000Z,0.00000509999999999999,0x058352fca3a740fb822bc74e5f3d33ade894086b,sell,0xe66cc41dd03a170623dc087a69ad8d72e64cb838,0x838c7c2616f0275bef1552beae2ed5df2fdb88b292b3ab8f6ebe2830554740cd
25,498.45479015053337,0.002492273950752666,0x0a23e3542ea05bcf2dea1ae66eef33543c71b891,2017-10-31T14:59:56.000Z,0.00000499999999999999,0x2fb78fa114374e9f6be311af209e8581c23967ca,sell,0xe66cc41dd03a170623dc087a69ad8d72e64cb838,0x93ddf6350b1985ed118bde78e7568046dbc98ddc6f1b76f091d85340dbdbd2d7
26,807,0.007263,0x8e29b4932e438ad7880d11aeb9b892c7452be628,2017-10-31T14:19:50.000Z,0.000009,0x9f94f72e061b874c3c930413c9cdab469365967d,sell,0xe66cc41dd03a170623dc087a69ad8d72e64cb838,0x82c4c5364950d81090f6ab6dbcd1836f19f1081b46ce230769e6b96416316533
27,30000.276,0.330003036,0x5c5d2fa3384cd2c93338cda30066d11201b1239c,2017-10-31T13:44:33.000Z,0.000011,0x2745b7b912faaf1a5c4f68ff3be03e31e60caf89,sell,0xe66cc41dd03a170623dc087a69ad8d72e64cb838,0xbabbf803d288ff47c6894296254f6f7513c69ee5e7bc2f9e9cb4f8b9b14b6147
28,996.9095803010667,0.010966005383311732,0x5c5d2fa3384cd2c93338cda30066d11201b1239c,2017-10-31T13:40:16.000Z,0.00001099999999999999,0xef81c273a627ffb79a7fc06d601c01d5b27c65f6,sell,0xe66cc41dd03a170623dc087a69ad8d72e64cb838,0x7a512ceb9334f22ec9165ed5003d164ded850c445b89a2c644ca2ce2d75ba0ff
29,2.118976206955527,0.00002330873827651,0x5c5d2fa3384cd2c93338cda30066d11201b1239c,2017-10-31T13:23:29.000Z,0.00001099999999999962,0x82b39450663460b8ed2bf2bd95c6ed406c61359d,sell,0xe66cc41dd03a170623dc087a69ad8d72e64cb838,0xbdbed20bad2d9e0c9ffe9b3f2246c2678047d67437e1a73c330811d8149a6049
30,21255.45033197089,0.23380995365167978,0x5c5d2fa3384cd2c93338cda30066d11201b1239c,2017-10-31T13:20:52.000Z,0.00001099999999999999,0x82b39450663460b8ed2bf2bd95c6ed406c61359d,sell,0xe66cc41dd03a170623dc087a69ad8d72e64cb838,0x701c3d20792bc685c52c216233d68c6d5250e5c8f2d4dfe187c85804bc5425d9
31,192.33440233985195,0.001921420679375121,0x1d5321e125f6c7079a716705541c7b371ca79e69,2017-10-31T11:55:45.000Z,0.00000999,0x437401805369026e52313fce03b4f5a3a517fb20,buy,0xe66cc41dd03a170623dc087a69ad8d72e64cb838,0x051a69316f73ad654c8ff400580e002cbc1b8af6391651ab0fe869bac2e7fa4a
32,191.75912496495707,0.002109350374614527,0x5c5d2fa3384cd2c93338cda30066d11201b1239c,2017-10-31T11:55:45.000Z,0.00001099999999999999,0x1d5321e125f6c7079a716705541c7b371ca79e69,sell,0xe66cc41dd03a170623dc087a69ad8d72e64cb838,0x051a69316f73ad654c8ff400580e002cbc1b8af6391651ab0fe869bac2e7fa4a
33,500,0.004,0x1d5321e125f6c7079a716705541c7b371ca79e69,2017-10-31T11:47:50.000Z,0.000008,0x5b9cd3d32147053b02744e78a50b359fc8d8b839,buy,0xe66cc41dd03a170623dc087a69ad8d72e64cb838,0xfd8016abc111d7cef2cf695af4d8927a3b5d8a85298166a27e53d8cab1f286b7
34,498.5044865403789,0.005483549351944167,0x5c5d2fa3384cd2c93338cda30066d11201b1239c,2017-10-31T11:47:50.000Z,0.00001099999999999999,0x1d5321e125f6c7079a716705541c7b371ca79e69,sell,0xe66cc41dd03a170623dc087a69ad8d72e64cb838,0xfd8016abc111d7cef2cf695af4d8927a3b5d8a85298166a27e53d8cab1f286b7
35,807.6655976601479,0.008068579320624878,0x49ea8a980ad4e401bdd6d629e388a13baf62b944,2017-10-31T10:13:37.000Z,0.00000999,0x437401805369026e52313fce03b4f5a3a517fb20,buy,0xe66cc41dd03a170623dc087a69ad8d72e64cb838,0x5d35b9dc81ae091a452a16a6f6e1f6fc142a97c446bc0ffc1681cf4c1c3814cc
36,1953.59,0.0195359,0x49ea8a980ad4e401bdd6d629e388a13baf62b944,2017-10-31T10:12:38.000Z,0.00001,0xc7d938690ad2e75f8fbe3e6fe20bcac7e1e5d55a,buy,0xe66cc41dd03a170623dc087a69ad8d72e64cb838,0xba65e2e35a2ca24c6f218848fcf20e0766d7f8366849637103fbbf8e4b7afd76
37,975.783,0.00975783,0x49ea8a980ad4e401bdd6d629e388a13baf62b944,2017-10-31T09:23:37.000Z,0.00001,0x17222b82e30c18286238fac222f733f9c773aa3b,buy,0xe66cc41dd03a170623dc087a69ad8d72e64cb838,0x466565c31179cc242b3663928cc50df7df91123a6d12589ccdb37599fadb0be5
38,498.45479015053337,0.002003788256405144,0x86d4b794a7ffa3a3ea81421107cf26b7ad1b3d44,2017-10-31T07:58:36.000Z,0.00000401999999999999,0xa984fb44e33803877b11ed0deaab7d6f6c18c3ab,sell,0xe66cc41dd03a170623dc087a69ad8d72e64cb838,0xe59c3015785098f41cedcdcf89a81a3d509ca82238db3e32a16d558b6da48f63
39,498.45479015053337,0.002003788256405144,0x86d4b794a7ffa3a3ea81421107cf26b7ad1b3d44,2017-10-31T07:48:24.000Z,0.00000401999999999999,0x48b7ec299387f17fb9fd1aea979f33306bae576e,sell,0xe66cc41dd03a170623dc087a69ad8d72e64cb838,0x35becbb0bf630c74a96725f1f228fa6acea1ec10845fbf4415960e0710a90e9f
40,498.45479015053337,0.002003788256405144,0x86d4b794a7ffa3a3ea81421107cf26b7ad1b3d44,2017-10-31T07:42:45.000Z,0.00000401999999999999,0xcb88114bf537142b114356069d312afdd06d1115,sell,0xe66cc41dd03a170623dc087a69ad8d72e64cb838,0x6b0c935424acc51c0c97339e4defca1912bae317e7659550ea2c2c688d1a5f3a
41,1000,0.0098,0xd8d06134e33e921cd7a7487a3e38cdbe82564f9c,2017-10-31T01:44:51.000Z,0.0000098,0x2f6cb1bde566a0536cec0099be0d824197c72c9b,buy,0xe66cc41dd03a170623dc087a69ad8d72e64cb838,0x50a0eb364dc187e2b592f1917097511d10d88b36494df6a43b3119870dec9807
42,500,0.004,0xd8d06134e33e921cd7a7487a3e38cdbe82564f9c,2017-10-31T01:43:45.000Z,0.000008,0x2745b7b912faaf1a5c4f68ff3be03e31e60caf89,buy,0xe66cc41dd03a170623dc087a69ad8d72e64cb838,0x538fa6fdfa0ef68f623f8e196c367aa7ff64f622fdc8de10392e4af13c6ac4b3
43,2000,0.014,0xd8d06134e33e921cd7a7487a3e38cdbe82564f9c,2017-10-31T01:42:40.000Z,0.000007,0x362ca6a6ac1f24dd40bfab8f794b6e4a6f65ce67,buy,0xe66cc41dd03a170623dc087a69ad8d72e64cb838,0xd651697825115a0ee277cbcc7f79a37dfcac60efb4fec220132d6fb41d56a1ed
44,971.9868407935401,0.00390738709999003,0x86d4b794a7ffa3a3ea81421107cf26b7ad1b3d44,2017-10-30T22:12:30.000Z,0.00000401999999999999,0x0cccd5ccba3c9020ae048b54cc44b95f054e247e,sell,0xe66cc41dd03a170623dc087a69ad8d72e64cb838,0xcea04f2797871aa77d8ffa9b7e3bf3ea474010d5056311c62346b3290cb38442
45,498.45479015053337,0.002006280530355896,0x97c5c53f8acac416f87a884f6f923ae063ebaacd,2017-10-30T20:00:06.000Z,0.00000402499999999999,0x9ef89cefddc36f22181af5e4b7f6c0825b8788de,sell,0xe66cc41dd03a170623dc087a69ad8d72e64cb838,0x73f6b4945b1928e4f96895a06368b1d19b6e8df450bb67a57c6471fe7bd34812
46,498.45479015053337,0.002003788256405144,0x86d4b794a7ffa3a3ea81421107cf26b7ad1b3d44,2017-10-30T19:14:35.000Z,0.00000401999999999999,0x1589acab58ade005a61ff098782c56d8efc9af44,sell,0xe66cc41dd03a170623dc087a69ad8d72e64cb838,0x44b10e3b1a155cedf4a5954c14218d80501a498bd42e0af89c1c08085bce3ca8
47,46.091163063263856,0.000322638141442847,0x362ca6a6ac1f24dd40bfab8f794b6e4a6f65ce67,2017-10-30T14:50:53.000Z,0.000007,0x362ca6a6ac1f24dd40bfab8f794b6e4a6f65ce67,buy,0xe66cc41dd03a170623dc087a69ad8d72e64cb838,0x700342529a794d111f6caadcb6c0c18f0e4d3766f7a0ab69140a7251edee3274
48,0.19415342964485371,0.000000778555252875,0x97c5c53f8acac416f87a884f6f923ae063ebaacd,2017-10-30T10:11:56.000Z,0.00000400999999999555,0x59274949f2723c3a5622df1e469a51d14a7e2a3a,sell,0xe66cc41dd03a170623dc087a69ad8d72e64cb838,0xa008fd3decae2cdc1944e2fc7c2aded1d5be2fb5e193ca27ec4783d49b063bea
49,1947.5530527675276,0.007809687741597785,0x97c5c53f8acac416f87a884f6f923ae063ebaacd,2017-10-30T10:08:33.000Z,0.00000400999999999999,0x59274949f2723c3a5622df1e469a51d14a7e2a3a,sell,0xe66cc41dd03a170623dc087a69ad8d72e64cb838,0x560543c8de045260000921c6f416ada8a76661653084dfc495ba3c9a990d84cd
50,1993.8191606021335,0.007995214834014554,0x97c5c53f8acac416f87a884f6f923ae063ebaacd,2017-10-30T06:54:34.000Z,0.00000400999999999999,0x935ff6f507d8f55aff8d7b181e3b5f952485937a,sell,0xe66cc41dd03a170623dc087a69ad8d72e64cb838,0x86535a8457461572e74aa05bec7d30b982ceab0d707bf231603a05162c568410
51,2490,0.00996747,0x132d1c6564ec904fc549620b3d6c56036bebc911,2017-10-30T00:33:22.000Z,0.000004003,0x5634fc9a8194fa713558d8962ff7c3d2be45bb2a,sell,0xe66cc41dd03a170623dc087a69ad8d72e64cb838,0x9b9afc82c1d82434a0d7793c26e8de38148c8fd8f3bb6041f6ca4fdb01dc7344
52,1953,0.0146475,0x27849f835bb345a26dffbfa7a8863c387b546730,2017-10-29T23:20:00.000Z,0.0000075,0xb8a3c3145e2c298cbdceb7dfeda0e4158061cc19,buy,0xe66cc41dd03a170623dc087a69ad8d72e64cb838,0x387aac2325bb4386cf1bd237bf027a4fa477135bac846a0e24e57ff286286e53
53,1000,0.004003,0x935ff6f507d8f55aff8d7b181e3b5f952485937a,2017-10-29T22:38:51.000Z,0.000004003,0x9846bc02f1b2f228c7a03c91b867da55f01cb0a3,buy,0xe66cc41dd03a170623dc087a69ad8d72e64cb838,0x356bca599473701c08b5e537b71420cf6380cb831fdc8723a4a06dca82af5b8d
54,2027.2325790050843,0.01419143894606719,0x3421c555a64032f3bb56c0f1236138dc88ae4c7f,2017-10-29T21:28:14.000Z,0.00000700039999999999,0x3e7d005ed164cc1b2066279cf625a0960281dfb2,sell,0xe66cc41dd03a170623dc087a69ad8d72e64cb838,0xf2c89ad995a02d7589f0650d3e8182c5515b691c39ce85ab9e0e50961e9d43a3
55,972.7674209949157,0.006809761053932808,0x3421c555a64032f3bb56c0f1236138dc88ae4c7f,2017-10-29T21:26:29.000Z,0.00000700039999999999,0xd35cc4db1066b87373c5b83f2a033b4aabb8a1f2,sell,0xe66cc41dd03a170623dc087a69ad8d72e64cb838,0xf880b6d0483fdce10c342c2a0bd295d584b7814b7f36114409395d9557033446
56,2216.9396607073168,0.008872192522150681,0x3e7d005ed164cc1b2066279cf625a0960281dfb2,2017-10-29T20:29:49.000Z,0.00000400199999999999,0x3e7d005ed164cc1b2066279cf625a0960281dfb2,sell,0xe66cc41dd03a170623dc087a69ad8d72e64cb838,0x36e66ea480c21823abe1197635e4e1d75b15f0f1856e53256569c3d3f6ab7ea3
57,1946.9644103279832,0.007787857641311933,0x47cce6037f4aa5e75c99054a0468f4161362a4a5,2017-10-29T17:13:44.000Z,0.00000399999999999999,0xa6e0c6e7a00723f70329db64fb143a2da2db92cc,sell,0xe66cc41dd03a170623dc087a69ad8d72e64cb838,0xf84e40346d24c810161aa6e68390afc97056c93f36c55d38af0958b7a84804a2
58,8107.924,0.0543080746173683,0x81494319b66a4da6e4b6eb9ee02d183af7d92e96,2017-10-29T11:51:03.000Z,0.00000669814796208848,0x82b39450663460b8ed2bf2bd95c6ed406c61359d,sell,0xe66cc41dd03a170623dc087a69ad8d72e64cb838,0xc3d3c707c27566451d3377f13e3e7abba41ee464be1eae4f8a19fdd0a271608f
59,953,0.006383194,0x81494319b66a4da6e4b6eb9ee02d183af7d92e96,2017-10-29T10:22:59.000Z,0.000006698,0x691146ede2868d5e69cca70d36afadede1a0b152,buy,0xe66cc41dd03a170623dc087a69ad8d72e64cb838,0xc67108f4ddf0b24f1560cae092b7dc83ed2432e61840f5e61232d4b579f1cc48
60,868.1815995244438,0.006511361996433328,0xbf8418ea81566519e9ec9f441991bab6e33ecc32,2017-10-29T09:35:23.000Z,0.0000075,0x9c1a0021aaa7f7d97709bf9ce6f1631e904eb9fe,buy,0xe66cc41dd03a170623dc087a69ad8d72e64cb838,0x27489d34037496682130ef3250fe63811d8445296ab7a15a5786d26e9cb42708
61,900,0.0060282,0xc7b7732497a8f47a04e5e96b49271c6e6ff61f97,2017-10-29T09:18:34.000Z,0.000006698,0xa20dbb3671015c10daca87ad4c7b0ba776cf5bc9,buy,0xe66cc41dd03a170623dc087a69ad8d72e64cb838,0x4d15d2db255d887035bb2d81b2c04a2c933558ec3c8072451eef5c1fe6cd8afd
62,972.7674209949157,0.006515740118523164,0x81494319b66a4da6e4b6eb9ee02d183af7d92e96,2017-10-29T08:15:42.000Z,0.00000669814796208848,0x0374bab1bf3dbb4cc79a585332ac76a3194b581b,sell,0xe66cc41dd03a170623dc087a69ad8d72e64cb838,0x231236ae611867139e35d323252aad4cd83d1b80297373c26b077d8a7c2902ed
63,856.1246395715267,0.0089721862227096,0xbf8418ea81566519e9ec9f441991bab6e33ecc32,2017-10-28T20:44:54.000Z,0.00001048,0x02f516ad79119c74cf1f47ab610023337b3bd8d3,buy,0xe66cc41dd03a170623dc087a69ad8d72e64cb838,0x5c15f0137fd2c83502f2f86fedc57ef2a0e1e798ee25c9388f222caf4b777262
64,47.70992366412214,0.0005,0x34f9560c63078eb61872a4dc2ccd20e21c34feaf,2017-10-28T20:14:57.000Z,0.00001048,0x02f516ad79119c74cf1f47ab610023337b3bd8d3,buy,0xe66cc41dd03a170623dc087a69ad8d72e64cb838,0x5e64275c0575f63353140d96aecd3a807b21f5817ce8e17fa799c5787779fc35
65,47.70992366412214,0.0005,0xe444a40689f51f63bcd29910622035707d533d29,2017-10-28T20:12:47.000Z,0.00001048,0x02f516ad79119c74cf1f47ab610023337b3bd8d3,buy,0xe66cc41dd03a170623dc087a69ad8d72e64cb838,0xa1a526ea0d7976ac3b6715c0d4914299bbf7f0ed41cbc57f7cd93f3f8110e217
66,310.895,0.0032643975,0xbc02b496d9574163061cea6ada93e1275b12ff25,2017-10-28T17:35:57.000Z,0.0000105,0x8573ee5247b043fc05e1e9405286c3b3dfa27cbc,sell,0xe66cc41dd03a170623dc087a69ad8d72e64cb838,0xf7722dad721b8334a2f57e98a16526ae9dbe5eedf6efd61798145399b072996b
67,4000,0.04,0xda1f3895c87d58cfe321c248e427ceb66d53ec80,2017-10-28T17:32:13.000Z,0.00001,0x3e7d005ed164cc1b2066279cf625a0960281dfb2,sell,0xe66cc41dd03a170623dc087a69ad8d72e64cb838,0xe538b7b89bcefcebbf471a9a2a8c7d2eb50eb5e546085a64a81185c2f338cce8
68,3075.431605353307,0.030757391485138424,0x38223b8ebc6d6f404f887df06c334c4702a55711,2017-10-28T17:32:13.000Z,0.00001000099999999999,0x3e7d005ed164cc1b2066279cf625a0960281dfb2,sell,0xe66cc41dd03a170623dc087a69ad8d72e64cb838,0xc0be1414262cb44369330091ef06e8110325e18a2ebf45331ca593ccc1c3ac2a
69,996.9095803010667,0.0104675505931612,0xbc02b496d9574163061cea6ada93e1275b12ff25,2017-10-28T16:16:28.000Z,0.00001049999999999999,0xc982cc121a6651f1843f1c4dede978d9a04652d9,sell,0xe66cc41dd03a170623dc087a69ad8d72e64cb838,0xde03402efa971b563726322816f586aa029938c3d6f704aff5b20d8043794099
70,1993.8191606021335,0.0209351011863224,0xbc02b496d9574163061cea6ada93e1275b12ff25,2017-10-28T16:05:09.000Z,0.00001049999999999999,0xe6da8125f3b59a90390c7b7047245ebdec60ac58,sell,0xe66cc41dd03a170623dc087a69ad8d72e64cb838,0x468458ed0599a29a5bab049ae01d235d2a31322403568d839be746c3c84a1733
71,118.64626068021751,0.001245785737142283,0xbc02b496d9574163061cea6ada93e1275b12ff25,2017-10-28T16:00:03.000Z,0.00001049999999999999,0xe8cf4114d5de6f1f318f3bd161d07f686432281b,sell,0xe66cc41dd03a170623dc087a69ad8d72e64cb838,0xb760dade38665e82342755ea2fc5c1b1fa7c8ed5c7a4f4f3a94c33dd2898382a
72,878.3508832618882,0.00922277210933815,0xe80b1d89f33e75069475d2804d1a989ec4c3862c,2017-10-28T15:58:35.000Z,0.00001050009999999999,0xe8cf4114d5de6f1f318f3bd161d07f686432281b,sell,0xe66cc41dd03a170623dc087a69ad8d72e64cb838,0x08208e69155e2be57734d3b9b410595dac3cb62381af67cf957bdb97ef4d9455
73,996.9095803010667,0.01046765028411923,0xe80b1d89f33e75069475d2804d1a989ec4c3862c,2017-10-28T15:55:53.000Z,0.00001050009999999999,0x2debb29a989dde8d9be11d2d77d99a8c3477f42f,sell,0xe66cc41dd03a170623dc087a69ad8d72e64cb838,0x6db8a93be3043fa8a2cc373060c10fbcae7eba606d229b7add02df1ee6aa3873
74,124.73953643704516,0.001309777606542617,0xe80b1d89f33e75069475d2804d1a989ec4c3862c,2017-10-28T15:00:18.000Z,0.00001050009999999999,0xd41302b1ce993b173cbb79ec7b7190793da14195,sell,0xe66cc41dd03a170623dc087a69ad8d72e64cb838,0x3e0984be254393916e0542eb150c6c732ab26f6478f8f1ec4227b42a641ef8b9
75,872.257,0.009246796457,0x6c4abceb16c95785c332e79213e5f143ba4e33a3,2017-10-28T14:59:11.000Z,0.000010601,0xd41302b1ce993b173cbb79ec7b7190793da14195,sell,0xe66cc41dd03a170623dc087a69ad8d72e64cb838,0xa5cdec7623373b77caef1fd7bbc24541957606276b489c9c6425079f2b6a8c41
76,996.9095803010667,0.010569235370351909,0x02f516ad79119c74cf1f47ab610023337b3bd8d3,2017-10-28T12:45:16.000Z,0.00001060199999999999,0x504d3fd6bf4f65b75aef71a63c85c3b0c70e4539,sell,0xe66cc41dd03a170623dc087a69ad8d72e64cb838,0xabed7395129c9d8f9579274ed734a5bea34cffeb2517d94226d3feb0b2217cd8
77,1947.552586980361,0.02064444693250922,0x3e7d005ed164cc1b2066279cf625a0960281dfb2,2017-10-28T12:15:00.000Z,0.00001060019999999999,0xa8759794f4228712d36297f9ca59368d587657d5,sell,0xe66cc41dd03a170623dc087a69ad8d72e64cb838,0x99d89635d21d70beb4bc934778d60951fdfa5674825a6d8cb5b7b3b5093858b1
78,5425.364899864155,0.05750995301154001,0x3e7d005ed164cc1b2066279cf625a0960281dfb2,2017-10-28T12:07:24.000Z,0.00001060019999999999,0xfc5b5a90e6d724e5dd1c9c99b6b81c34544117b5,sell,0xe66cc41dd03a170623dc087a69ad8d72e64cb838,0x722b66a257ebb92998feaee08d7785d945ad3b224b1bdb1c77747a856ef79db5
79,1947.552586980361,0.02064444693250922,0x3e7d005ed164cc1b2066279cf625a0960281dfb2,2017-10-28T10:17:13.000Z,0.00001060019999999999,0x9664ed0820a10e95851480b9821532994b7bd9d1,sell,0xe66cc41dd03a170623dc087a69ad8d72e64cb838,0x9b47fdbaa70293d3104221dfc034f7045902f23a207206002adb80d6727ca22e
80,16234.422290898216,0.172101110705812,0x6c4abceb16c95785c332e79213e5f143ba4e33a3,2017-10-28T10:12:39.000Z,0.00001060099999999999,0xe3f43091daf1fb0b21240e689e590cdc2f8f5a71,sell,0xe66cc41dd03a170623dc087a69ad8d72e64cb838,0xedde03678845132b43db41a11b30a93aeef7bd1f129933f01014f51ff812d9cf
81,2477.320307048151,0.026262072575017444,0x6c4abceb16c95785c332e79213e5f143ba4e33a3,2017-10-28T08:59:30.000Z,0.00001060099999999999,0x6dff069fa071f90845898c588b7b1abd520a76cc,sell,0xe66cc41dd03a170623dc087a69ad8d72e64cb838,0xa96f76873c12cd304b920fb8e39bcef136c4a7c01c254da8086427c4cd2388fc
82,5000,0.06,0xed8cfaf1a0b94d5f46b118c8de46f462a303325e,2017-10-28T08:58:27.000Z,0.000012,0x6dff069fa071f90845898c588b7b1abd520a76cc,sell,0xe66cc41dd03a170623dc087a69ad8d72e64cb838,0xb1f2dfbf8ae99ee661c7cb8aa3bf7e5bb9ac7ac55135ed8adc7810cdce132836
83,910.3459430297853,0.010924151316357423,0x3ea8a88dc7c5930c6ee57228a7bfe43a4f876fd3,2017-10-28T08:11:18.000Z,0.000012,0x49ea8a980ad4e401bdd6d629e388a13baf62b944,sell,0xe66cc41dd03a170623dc087a69ad8d72e64cb838,0x129c5522d32b861fa020b70e941710c782cafdcb34a130e3ff41a6e7f73d2eb5
84,350,0.006993,0xab45233b06b1d1f452901661f6a931c9da663cc0,2017-10-28T03:32:37.000Z,0.00001998,0x5634fc9a8194fa713558d8962ff7c3d2be45bb2a,buy,0xe66cc41dd03a170623dc087a69ad8d72e64cb838,0x1ca2594b8599ae2a19c59e5308ca312b3cde7443e67d814b1ddcd06075fe0910
85,1947.5530527675276,0.021639261969299998,0x1e5d2feee346afe729c803839c222a3f4414bc9f,2017-10-28T03:19:26.000Z,0.00001111099999999999,0x7b878c0b68f5903eb3802d84adf39684be3f97a5,sell,0xe66cc41dd03a170623dc087a69ad8d72e64cb838,0x339c2954b01d4bafe4dbeb44322a63a393339dbacecd209ad37f3f38a3ea7c12
86,1946.9644103279832,0.020445073272854154,0x6c4abceb16c95785c332e79213e5f143ba4e33a3,2017-10-28T00:17:31.000Z,0.00001050099999999999,0xc45bfa546c72c160e40a9b140d56e083cde3fc97,sell,0xe66cc41dd03a170623dc087a69ad8d72e64cb838,0x1549d96e73e2c90c8952577a06bc52d417f460b8bca9b8f2eb3c28241108f06c
87,996.9095803010667,0.010468547502741501,0x6c4abceb16c95785c332e79213e5f143ba4e33a3,2017-10-27T23:32:34.000Z,0.00001050099999999999,0x8d9c6fabbe86b246e247146684bf53678699b375,sell,0xe66cc41dd03a170623dc087a69ad8d72e64cb838,0x43506c4f19619e94e8c15b08b618f0b6320917f556d6c7081c89196aa1775c84
88,498.45479015053337,0.00523427375137075,0x6c4abceb16c95785c332e79213e5f143ba4e33a3,2017-10-27T23:18:45.000Z,0.00001050099999999999,0xf1324968aa42b0aa4fd7fe3b70f7457b4e37d0c6,sell,0xe66cc41dd03a170623dc087a69ad8d72e64cb838,0x791dd42e10f7f93b0695feecd8b5de849ce91c34c91eb1303af3a5a4c55e7b34
89,972.7674209949157,0.01021503068786761,0x6c4abceb16c95785c332e79213e5f143ba4e33a3,2017-10-27T23:02:58.000Z,0.00001050099999999999,0x4c8c4e09e6f281a2372355b6b4785bace328047a,sell,0xe66cc41dd03a170623dc087a69ad8d72e64cb838,0xc3a330630b092669c617fde5fbb25a8aed042f5e38f192ec93e51b9dd9f097f2
90,1000,0.010501,0x6c4abceb16c95785c332e79213e5f143ba4e33a3,2017-10-27T22:38:44.000Z,0.000010501,0x362ca6a6ac1f24dd40bfab8f794b6e4a6f65ce67,sell,0xe66cc41dd03a170623dc087a69ad8d72e64cb838,0xfae1f16812b073b9956cd34d999a6e0b17388f1f634741fa4abcce9f47ab778e
91,1000,0.016999,0x97c5c53f8acac416f87a884f6f923ae063ebaacd,2017-10-27T15:59:59.000Z,0.000016999,0xe80b1d89f33e75069475d2804d1a989ec4c3862c,buy,0xe66cc41dd03a170623dc087a69ad8d72e64cb838,0x71ecd5313118cc036cf89c2b72903bc71cb36a85d159d0aaf001770900d74072
92,996.9095803010667,0.0104675505931612,0xbc02b496d9574163061cea6ada93e1275b12ff25,2017-10-27T15:46:51.000Z,0.00001049999999999999,0xab84e55942fd1bb60409f1d2623387decaac8fcf,sell,0xe66cc41dd03a170623dc087a69ad8d72e64cb838,0x3ec1f64f3b8134843137af3d94f5d151fbaff90b857c2cdb503887793992f021
93,498.45479015053337,0.00523427375137075,0xfc5b5a90e6d724e5dd1c9c99b6b81c34544117b5,2017-10-27T15:27:49.000Z,0.00001050099999999999,0x7bfd4cc4f7645a65a1538c770f5093ffd012484e,sell,0xe66cc41dd03a170623dc087a69ad8d72e64cb838,0xbceaae0aa021ba6a7d3fd2de6b2e21db2d7366bf000f91dd3000c4de72312c1c
94,996.9095803010667,0.010468547502741501,0xfc5b5a90e6d724e5dd1c9c99b6b81c34544117b5,2017-10-27T14:25:29.000Z,0.00001050099999999999,0x9624fae12c24bcdade48cbb10e50fd662bf2f9f9,sell,0xe66cc41dd03a170623dc087a69ad8d72e64cb838,0xff365ebf1ba37b8735775e75019ef4e248c161346a824a4ee32004a6b20569f2
95,1000,0.010501,0x9624fae12c24bcdade48cbb10e50fd662bf2f9f9,2017-10-27T14:13:57.000Z,0.000010501,0xffd04803cd79fe11c6a94c84a0e227a1312f4ecc,buy,0xe66cc41dd03a170623dc087a69ad8d72e64cb838,0xf5751d79c07ad3eb9da57120f9fea4fb8853883d568f6dcde87c40b605df625e
96,996.9095803010667,0.010468547502741501,0xfc5b5a90e6d724e5dd1c9c99b6b81c34544117b5,2017-10-27T14:07:48.000Z,0.00001050099999999999,0xa66629220afb166cba1993138c15cbd96b6dc0ab,sell,0xe66cc41dd03a170623dc087a69ad8d72e64cb838,0x24df52eec84d50250e2c340a91ffff5be2eb893834787a1c41e59532460cc3ff
97,996.9095803010667,0.010468547502741501,0xfc5b5a90e6d724e5dd1c9c99b6b81c34544117b5,2017-10-27T13:47:07.000Z,0.00001050099999999999,0xe884d3f3181d3118b13ce430da98e294d3573dcf,sell,0xe66cc41dd03a170623dc087a69ad8d72e64cb838,0xd44c871d5c5a83660af3738aefec73467fea205f92609635661eba5f22feacff
98,100,0.00105,0xbc02b496d9574163061cea6ada93e1275b12ff25,2017-10-27T11:33:30.000Z,0.0000105,0x2745b7b912faaf1a5c4f68ff3be03e31e60caf89,sell,0xe66cc41dd03a170623dc087a69ad8d72e64cb838,0x75e39e51ac45c7e5100b25eada64e34f7a85d63e31a38c085e084ade0ba58d57
99,454.9998096321103,0.004554548094417424,0xdbaf12d05b2bd9e5ecfbde9383a0a9ced64a26c2,2017-10-27T11:24:49.000Z,0.00001000999999999999,0x2745b7b912faaf1a5c4f68ff3be03e31e60caf89,sell,0xe66cc41dd03a170623dc087a69ad8d72e64cb838,0x96c357d18e6dccbf013ecae29a61fd0e1732513f676ec8046c762222f0ba09fb
100,747.7815680969296,0.007485293496650265,0xdbaf12d05b2bd9e5ecfbde9383a0a9ced64a26c2,2017-10-27T11:01:05.000Z,0.00001000999999999999,0xa3d1ed43ba62d61a8687130770dda943dc7b59bd,sell,0xe66cc41dd03a170623dc087a69ad8d72e64cb838,0x561f2512dd229ee9c253ef9134d9b74f6a353abd0deb081ce470a6d7dda54f51
101,897.21862227096,0.00898115840893231,0xdbaf12d05b2bd9e5ecfbde9383a0a9ced64a26c2,2017-10-27T10:36:48.000Z,0.00001000999999999999,0x7a01b2a7e3fd833dd3fc301bd7ace0991293ee89,sell,0xe66cc41dd03a170623dc087a69ad8d72e64cb838,0x48828d2e6365351e2634e14b4e9544a37d3fd0191b2556261611597a4f435c15
102,2558.5807726049247,0.025585807726049247,0x19c6c21c8a8d6268762abeaf909a35ee3857db2f,2017-10-27T04:16:28.000Z,0.00000999999999999999,0xf015a6bf5ecb0ed05a1a827b091fcba8ac4dd774,sell,0xe66cc41dd03a170623dc087a69ad8d72e64cb838,0xc79fdd4d91c56cd7a7a9522a28ab5e0817d94b85ea9847135bb541843873cf19
103,2426.209,0.029114508,0xdd86d2ad08fe65756d89a791653f30434a5bb0f4,2017-10-27T04:14:57.000Z,0.000012,0xf015a6bf5ecb0ed05a1a827b091fcba8ac4dd774,sell,0xe66cc41dd03a170623dc087a69ad8d72e64cb838,0xc7ea3cd223c43bb2895f2268bae847e5cdc546b45fc0d41a0040b703aff6f373
104,1946.9644103279832,0.0233635729239358,0xdd86d2ad08fe65756d89a791653f30434a5bb0f4,2017-10-27T04:05:39.000Z,0.00001199999999999999,0x117d988ab63532157d47504d54adf917f47bfed5,sell,0xe66cc41dd03a170623dc087a69ad8d72e64cb838,0xb9b807d61b713cbc7f86957ba54b7bebcea1a8d9c48e8d8febe00db63f492fbc
105,0.024845717782401223,0.000000248457177824,0x19c6c21c8a8d6268762abeaf909a35ee3857db2f,2017-10-27T03:08:01.000Z,0.0000099999999999995,0x0e2412a03ac1695d5d18df3d95c941490be63e24,sell,0xe66cc41dd03a170623dc087a69ad8d72e64cb838,0x620d8ef547522541d2d536eb215b934c39b10da1d83a43a166f5d103ef7207d7
106,249.22739507526668,0.0029907287409032,0xdd86d2ad08fe65756d89a791653f30434a5bb0f4,2017-10-27T03:05:45.000Z,0.00001199999999999999,0x0e2412a03ac1695d5d18df3d95c941490be63e24,sell,0xe66cc41dd03a170623dc087a69ad8d72e64cb838,0x60bcba2eb86dde2f59deac420063a25f1b2c92b680b0d8679badf363901b06df
107,377.5991836894988,0.004531190204273985,0xdd86d2ad08fe65756d89a791653f30434a5bb0f4,2017-10-27T02:02:11.000Z,0.00001199999999999999,0x077664018c741c2df811ecd2f0ed6668c89bbb49,sell,0xe66cc41dd03a170623dc087a69ad8d72e64cb838,0x305162bd2ef41e8981851661a935f88f2c2a3f07f495d720c7135120c98232e0
108,1953,0.041013,0xed4129c8a692309e185ac1e1858200c2a0aa8e65,2017-10-26T22:20:19.000Z,0.000021,0x63fc75ea938d0294da3cd67e30878763b0e4a831,buy,0xe66cc41dd03a170623dc087a69ad8d72e64cb838,0x7abe72cdb0f4a26db423360fdce5f588a27409a8924c0d638847850d5c8c6ce6
109,498.45479015053337,0.004984547901505333,0x19c6c21c8a8d6268762abeaf909a35ee3857db2f,2017-10-26T21:37:39.000Z,0.00000999999999999999,0x6cbe9e69b54fb87cbfdc8cca2cd6e90515d1a36c,sell,0xe66cc41dd03a170623dc087a69ad8d72e64cb838,0xf147f66bbc2e04c5009ec2908e7c359d1481d8f05b20ab2fa5ca3103457f29f3
110,552.2532447289983,0.004975801735008275,0xd6818884c14cf6cb08c2e8705c52305ff7c547b0,2017-10-26T20:05:40.000Z,0.00000900999999999999,0x689107323fdd0062473b8ccb5cb0fc86705814a1,sell,0xe66cc41dd03a170623dc087a69ad8d72e64cb838,0x6270009bcdbfada51313656ece16d8b523dd178f57ecf075b34c280deac1a9c0
111,0.04463185359559426,0.000000402133000896,0xd6818884c14cf6cb08c2e8705c52305ff7c547b0,2017-10-26T20:04:15.000Z,0.00000900999999999318,0x318323cd98dc0bf291b5f9b265a81296c62d1342,sell,0xe66cc41dd03a170623dc087a69ad8d72e64cb838,0x86bcaae0c7f3f0e941f3a5d3bc475e988a690789a404ffe884f727202e284263
112,447.702123417406,0.004033796131990828,0xd6818884c14cf6cb08c2e8705c52305ff7c547b0,2017-10-26T19:58:28.000Z,0.00000900999999999999,0x318323cd98dc0bf291b5f9b265a81296c62d1342,sell,0xe66cc41dd03a170623dc087a69ad8d72e64cb838,0x787f046b9888c8b6338ac1cbf37297828c532190a5abaccce3c801e94203010c
113,1500,0.014775,0x3bfa483e6d86f78a6883a3d052f857e859edbd28,2017-10-26T19:56:55.000Z,0.00000985,0x318323cd98dc0bf291b5f9b265a81296c62d1342,sell,0xe66cc41dd03a170623dc087a69ad8d72e64cb838,0xc96c95654a230534e7e436f9337d6bb8db0c4abd18dbe195790a057179442867
114,100,0.0023,0x2745b7b912faaf1a5c4f68ff3be03e31e60caf89,2017-10-26T19:31:22.000Z,0.000023,0x20c721b0262bd9341c0a7ec685768cb3d33eadfb,sell,0xe66cc41dd03a170623dc087a69ad8d72e64cb838,0x4529f7ff28e6f7dc163eb559b8c12e56469b121bb269ee5e968cb2b5564ba37e
115,1953,0.03906,0x7dfbb419d87e48ea56d5f69589110f2a39f29218,2017-10-26T17:51:58.000Z,0.00002,0xe73afbee7a63774c83f202d6292b66e34105830c,buy,0xe66cc41dd03a170623dc087a69ad8d72e64cb838,0x25cafc0f5778a682e7d8674772f15b2f0937f4bc4264ab94e5ee1ed7a417df6d
116,150,0.003,0x7dfbb419d87e48ea56d5f69589110f2a39f29218,2017-10-26T17:51:41.000Z,0.00002,0x5634fc9a8194fa713558d8962ff7c3d2be45bb2a,buy,0xe66cc41dd03a170623dc087a69ad8d72e64cb838,0x9951759e8709ccdd867e5855378de933921f458f01202d4c99d05e5c5b7a5cdb
117,500,0.01,0x7dfbb419d87e48ea56d5f69589110f2a39f29218,2017-10-26T17:51:41.000Z,0.00002,0x6cc9ca9b77a4a9c09d05b474ae2f8be251b41bb9,buy,0xe66cc41dd03a170623dc087a69ad8d72e64cb838,0x500f1106db360791b9a357e77861596fec1466f8918175abfdef442590324fa6
118,140,0.0028,0x7dfbb419d87e48ea56d5f69589110f2a39f29218,2017-10-26T17:50:13.000Z,0.00002,0x2745b7b912faaf1a5c4f68ff3be03e31e60caf89,buy,0xe66cc41dd03a170623dc087a69ad8d72e64cb838,0x3de8d91865694dfe82e448a512c88ce59f8643098de1daefbc95cf48fb6ae185
119,493.86931416804896,0.005432562455848538,0xb77c1f7c6f3b44bcfce50cea8ae13d9237b99ee4,2017-10-26T17:50:00.000Z,0.00001099999999999999,0x09133f4cea3037b0ec018bb3fbec2174655e22b9,sell,0xe66cc41dd03a170623dc087a69ad8d72e64cb838,0x3e74120fbbd2ce3b131fd3bf8fc23ab45013a982a8f26ac198f9acb72ea6ca1d
120,58,0.00116,0x7dfbb419d87e48ea56d5f69589110f2a39f29218,2017-10-26T17:49:42.000Z,0.00002,0x2745b7b912faaf1a5c4f68ff3be03e31e60caf89,buy,0xe66cc41dd03a170623dc087a69ad8d72e64cb838,0xbfebdd06794b7a3fa71a92429372831bc9201b3844f4c58481308a0e624a94c7
121,503.0904196989333,0.005534497707107965,0x57534320de36797294b1b2715125d285da683349,2017-10-26T17:48:24.000Z,0.00001100099999999999,0x09133f4cea3037b0ec018bb3fbec2174655e22b9,sell,0xe66cc41dd03a170623dc087a69ad8d72e64cb838,0x8390b51f64069b84c38d8e035b91356960f2f5b092725c206693a8aac18a29f6
122,1495,0.0291525,0x7dfbb419d87e48ea56d5f69589110f2a39f29218,2017-10-26T17:47:41.000Z,0.0000195,0xb3c05ff1cac9f6de9085dd5a964de704ed0e667c,buy,0xe66cc41dd03a170623dc087a69ad8d72e64cb838,0x5e5283a0afcd157e4a7c7ab888c7a4ff0c2e36af93a902108004517304340e2b
123,1993.8191606021335,0.021932010766623468,0xb77c1f7c6f3b44bcfce50cea8ae13d9237b99ee4,2017-10-26T17:41:42.000Z,0.00001099999999999999,0x9036b3ef4ae62f3d887ffd86f9b76f6cd7c60004,sell,0xe66cc41dd03a170623dc087a69ad8d72e64cb838,0x2d145a5efcedb2d774d4d70626206761d9e743516e82890a18c566f60fabfd67
124,996.9095803010667,0.010967002292892034,0x57534320de36797294b1b2715125d285da683349,2017-10-26T17:27:01.000Z,0.00001100099999999999,0x73d923358c8def832e4f7d5bc9fddb1ed5920b6a,sell,0xe66cc41dd03a170623dc087a69ad8d72e64cb838,0xf3696e4b165e98288615c3bed34280ab59dfb6c22973bd028b88e7ace12f2488
125,3953,0.07906,0xccc3f1c17b26309e10afe05ceb44ca88029b63b1,2017-10-26T15:26:53.000Z,0.00002,0x8559d6fa6c3fddc0e5eedd0468aa1e1a14ed0bf7,buy,0xe66cc41dd03a170623dc087a69ad8d72e64cb838,0x09f81aaac5eec4ca94d8a2840159925098626e77230e56768a92181f1dec20aa
126,24211.23,0.4842246,0xccc3f1c17b26309e10afe05ceb44ca88029b63b1,2017-10-26T15:24:27.000Z,0.00002,0x34d4ecd77d6378ebdda1c62a38881e4587109181,buy,0xe66cc41dd03a170623dc087a69ad8d72e64cb838,0x242f2697b8c093cb5254c8880423f1618e41cb042147002d837db52ce670b7c5
127,1,0.00002,0x6cdea8e07bf82d7a07dbf36642d6e5be8623845c,2017-10-26T12:36:30.000Z,0.00002,0x2745b7b912faaf1a5c4f68ff3be03e31e60caf89,buy,0xe66cc41dd03a170623dc087a69ad8d72e64cb838,0x14b04aa49971cdaeccf9b93e8402cfe823b4e314b10429461eb6592f9ed340bb
128,111.23,0.0011123,0x34d4ecd77d6378ebdda1c62a38881e4587109181,2017-10-26T11:33:36.000Z,0.00001,0xdbbae39c54992479faac890e81eb4d8579b951d6,buy,0xe66cc41dd03a170623dc087a69ad8d72e64cb838,0x7112b4ca1a7301f5c37653797d3552ca942f45ef882706879af57c987aff348c
129,1500,0.03,0x34d4ecd77d6378ebdda1c62a38881e4587109181,2017-10-26T11:33:36.000Z,0.00002,0xd474af8d5da4b92b51f674b937387a587a39a1a5,buy,0xe66cc41dd03a170623dc087a69ad8d72e64cb838,0x7691f1ff96a50d8c674e23fab623d3c1f9c6434fa79871a81dcfa77c5b4bbf21
130,100,0.001,0x34d4ecd77d6378ebdda1c62a38881e4587109181,2017-10-26T11:20:53.000Z,0.00001,0x2745b7b912faaf1a5c4f68ff3be03e31e60caf89,buy,0xe66cc41dd03a170623dc087a69ad8d72e64cb838,0x9c16b4ddab75bf386ace79e61e9c1c344d0a7028b4618784e9a964361edc3f64
131,22500,0.4272525,0x34d4ecd77d6378ebdda1c62a38881e4587109181,2017-10-26T11:16:29.000Z,0.000018989,0x618940cf593059885cc173b1727cc03f55391ca0,buy,0xe66cc41dd03a170623dc087a69ad8d72e64cb838,0xec1ab39f6c60a43c91de49734396232c9716cc326de8be78b2d00d485e6bcf36
132,1000,0.01,0xccc3f1c17b26309e10afe05ceb44ca88029b63b1,2017-10-26T10:49:36.000Z,0.00001,0xf2e8b46b4cc990434e0d55e63f790c10b16e1097,buy,0xe66cc41dd03a170623dc087a69ad8d72e64cb838,0xfd5005d8feafb07a00bde3cc42f984aee888ff8bd099c11cf724fa0f07e31f75
133,1000,0.01,0x19c6c21c8a8d6268762abeaf909a35ee3857db2f,2017-10-26T10:49:36.000Z,0.00001,0x72277df4ca90d6271cec4ad644a2993136fd6006,buy,0xe66cc41dd03a170623dc087a69ad8d72e64cb838,0x05aee852ac544494349542c6e20ffb7bdd9cb3245911fc1bd51e3bb48c94c821
134,1953,0.01953,0x19c6c21c8a8d6268762abeaf909a35ee3857db2f,2017-10-26T10:48:14.000Z,0.00001,0x953823b50d896762a97f2d78b593fc08bcd850e5,buy,0xe66cc41dd03a170623dc087a69ad8d72e64cb838,0xfba4ff727a43565901887d5bce85e637a09f271f3977451dfa0cb791ac438cb7
135,3956.47,0.0395647,0xccc3f1c17b26309e10afe05ceb44ca88029b63b1,2017-10-26T10:47:36.000Z,0.00001,0x97bb447b8b9c6e8fc625d50e4ad6780dbe54dea9,buy,0xe66cc41dd03a170623dc087a69ad8d72e64cb838,0xc25b78fbb89634320c1a7a688610511833de58bbe23b922e58370608d3273aef
136,0.000485142496581606,0.000000001697998738,0x87b53f4d4cb88a808504f2d4c13b93bfaf7510b6,2017-10-26T10:37:27.000Z,0.00000349999999992657,0xcb7c56c201ee37f1e2e09a80c1eb4191d4c53700,sell,0xe66cc41dd03a170623dc087a69ad8d72e64cb838,0xb7c241389286c6ad264ae18997c85ce1183c3837738ebccfb787841446632c93
137,378.7697411589362,0.003787697411589362,0x077664018c741c2df811ecd2f0ed6668c89bbb49,2017-10-26T10:00:22.000Z,0.00001,0xdbbae39c54992479faac890e81eb4d8579b951d6,buy,0xe66cc41dd03a170623dc087a69ad8d72e64cb838,0xa74aa3ae32d0ab975b8d4b71712f37344267817108cf8db45dbbaf368025cbd6
138,1953,0.0191394,0xe3f43091daf1fb0b21240e689e590cdc2f8f5a71,2017-10-26T08:35:04.000Z,0.0000098,0xc80952529a1c2f0f2e648518d48213b1645f571e,buy,0xe66cc41dd03a170623dc087a69ad8d72e64cb838,0xe28516319a8ca14b4f891fe54aef47512df78c78d7b7f812665d2066bc1ead1a
139,3907.18,0.037508928,0xe3f43091daf1fb0b21240e689e590cdc2f8f5a71,2017-10-26T08:32:42.000Z,0.0000096,0xab45233b06b1d1f452901661f6a931c9da663cc0,buy,0xe66cc41dd03a170623dc087a69ad8d72e64cb838,0x01fee0c24fbde8b4b0e91d77e1e735e7f915606ece404361ac4cdcaab80c316f
140,5424.569,0.051799209381,0xe3f43091daf1fb0b21240e689e590cdc2f8f5a71,2017-10-26T08:31:22.000Z,0.000009549,0xc436223eaa54f3c1fbd956eefabae0da048f138b,buy,0xe66cc41dd03a170623dc087a69ad8d72e64cb838,0x5a648c4f8fbb43e1eb112f5b00355d41cafc1fda2be8d1d853c6da73eec203a4
141,5000,0.047745,0xe3f43091daf1fb0b21240e689e590cdc2f8f5a71,2017-10-26T08:31:22.000Z,0.000009549,0xc436223eaa54f3c1fbd956eefabae0da048f138b,buy,0xe66cc41dd03a170623dc087a69ad8d72e64cb838,0x441b99259aec31d3959c7778da6c0217e76b49f1c73786a322f0f119f4c44d10
142,996.9095803010667,0.001694746286511813,0x688cb7e759df27aea3779946361860357ded57b8,2017-10-26T07:29:26.000Z,0.00000169999999999999,0x39ec3d6a883e0a8f20aea25947857aea1442ff85,sell,0xe66cc41dd03a170623dc087a69ad8d72e64cb838,0xa355223632919f5d95ebbd98a0ceec86922480a7ca9fcb6251f3c706c79be8ee
143,498.45479015053337,0.000847373143255906,0x688cb7e759df27aea3779946361860357ded57b8,2017-10-26T07:09:16.000Z,0.00000169999999999999,0x496c36e316bb4c703295a78ed1b64625240d4617,sell,0xe66cc41dd03a170623dc087a69ad8d72e64cb838,0xc21385125eaca3247b6530c7891620ff132fec49f1bd7bee6b0c3ed933055c95
144,5000,0.047745,0xf015a6bf5ecb0ed05a1a827b091fcba8ac4dd774,2017-10-26T06:54:06.000Z,0.000009549,0xc436223eaa54f3c1fbd956eefabae0da048f138b,buy,0xe66cc41dd03a170623dc087a69ad8d72e64cb838,0xd7d830073ba166bef1eddb9e057333e63cb0148d0a87712582131920ae967b67
145,5000,0.047745,0xccc3f1c17b26309e10afe05ceb44ca88029b63b1,2017-10-26T06:31:30.000Z,0.000009549,0xc436223eaa54f3c1fbd956eefabae0da048f138b,buy,0xe66cc41dd03a170623dc087a69ad8d72e64cb838,0xa755bc36233f8bdfc3f6a575d70d7d6f97ca2e190a4347b90a9668262c094e82
146,996.9095803010667,0.001595155019439736,0x3421c555a64032f3bb56c0f1236138dc88ae4c7f,2017-10-26T06:19:39.000Z,0.00000160009999999999,0xe886e170cd2f49f1b9e3a4344e8a0133d91983a2,sell,0xe66cc41dd03a170623dc087a69ad8d72e64cb838,0x6b6c164dbe66660064913d0b1290c1f1e3e1152e600c29dd5bc493fc5deee675
147,0.00000160481444,0.000000000080240722,0x6dfca959b12f86c9d35c1acaf686bfd0828e7a0e,2017-10-26T04:53:17.000Z,0.00005,0x0fe150aa9c34651d56e20bf5e01527a3a1c8ea8c,buy,0xe66cc41dd03a170623dc087a69ad8d72e64cb838,0x6dca60631bb6d306b7540704282dd13fb3e7a3c5ac578456e506aa48b1f83d9c
148,0.0000016,0.16,0xe3f43091daf1fb0b21240e689e590cdc2f8f5a71,2017-10-26T04:53:17.000Z,100000,0x3ac636ac5c3a2576156ac5f10066ca68abe0ad54,sell,0xe66cc41dd03a170623dc087a69ad8d72e64cb838,0x55a019fefccf3f5ac8b55bb66159cc9977081a2bc1b7951b52743cb25b351d7d
149,996.91,0.00897219,0xab45233b06b1d1f452901661f6a931c9da663cc0,2017-10-26T00:29:37.000Z,0.000009,0xb3c05ff1cac9f6de9085dd5a964de704ed0e667c,buy,0xe66cc41dd03a170623dc087a69ad8d72e64cb838,0x8b721b6aee48e64d42605da76b5982f925b3e968cd1f0283729d769f4f86b4ab
150,200,0.00191,0xab45233b06b1d1f452901661f6a931c9da663cc0,2017-10-26T00:29:37.000Z,0.00000955,0x4cd1ace2d57ac322437f4c853bdc492ab023de72,buy,0xe66cc41dd03a170623dc087a69ad8d72e64cb838,0xb0353dc9cb3a1a2e5de2ef704c077dd19ad8cdd026e44a10589335d946f72181
151,5000,0.047745,0x49ea8a980ad4e401bdd6d629e388a13baf62b944,2017-10-26T00:01:47.000Z,0.000009549,0xc436223eaa54f3c1fbd956eefabae0da048f138b,buy,0xe66cc41dd03a170623dc087a69ad8d72e64cb838,0xc1aab8fe08b97bc8b86d151e6b09144dea38d38249d475aec892ddd8d9f41aa7
152,498.45479015053337,0.00059814574818064,0xd6818884c14cf6cb08c2e8705c52305ff7c547b0,2017-10-25T21:33:26.000Z,0.00000119999999999999,0x25fba96c3dfd9289cfc9297207799c6fbc77b779,sell,0xe66cc41dd03a170623dc087a69ad8d72e64cb838,0x917bc9e367be1230ffdace962d30386eda68d1eefe5bcd73256499267452645b
153,996.9095803010667,0.001146446017346226,0xb3c05ff1cac9f6de9085dd5a964de704ed0e667c,2017-10-25T19:14:06.000Z,0.00000114999999999999,0x79c6f3bdadb98800958bdbf05d464efb6e6613c7,sell,0xe66cc41dd03a170623dc087a69ad8d72e64cb838,0x067428f600a4db515e779a007e4292bd4b070e227e92d4746e91f48aa8445168
154,1000,0.0089,0xac5b8828d1c5758788fa5d7e0d8aa3d75b4f2d37,2017-10-25T18:26:05.000Z,0.0000089,0x22eb520ce1f1eaffade7c4ff769fff8599c1b24a,buy,0xe66cc41dd03a170623dc087a69ad8d72e64cb838,0xb52a825c37a9d678c12122e83b18cf86b52d3a4517a48c409c24a0b431a27ada
155,498.45479015053337,0.000573223008673113,0xb3c05ff1cac9f6de9085dd5a964de704ed0e667c,2017-10-25T16:38:14.000Z,0.00000114999999999999,0xf2dbb776790dbd4744dd3c22d0e0801dfbd6b9f1,sell,0xe66cc41dd03a170623dc087a69ad8d72e64cb838,0x3ed9d64bbedd5a1ef55caa25cd023697337a1b72832cbca3d9445d6ab39fe62b
156,7000,0.066885,0x49ea8a980ad4e401bdd6d629e388a13baf62b944,2017-10-25T16:28:40.000Z,0.000009555,0xea3f533360920fb2497a6485913ba83d60cd07f3,buy,0xe66cc41dd03a170623dc087a69ad8d72e64cb838,0xefcfabda8d71f2f44b7e3170edfdad6420844154a86f12be4c29fb85f1d8b316
157,2953.59,0.025991592,0x49ea8a980ad4e401bdd6d629e388a13baf62b944,2017-10-25T16:26:29.000Z,0.0000088,0x02919eca2d40cee769646c57bd443c2ab59a43ec,buy,0xe66cc41dd03a170623dc087a69ad8d72e64cb838,0xec4caff5d5b7e5fd1d0df9444766d7e3f81d72add7ab71138bfae46d3782bc2e
158,975.783,0.00502528245,0x49ea8a980ad4e401bdd6d629e388a13baf62b944,2017-10-25T16:26:29.000Z,0.00000515,0xace375ee831cf31dcd89ef270b91de53b02620bf,buy,0xe66cc41dd03a170623dc087a69ad8d72e64cb838,0x2aabba196cd97cb8f056794ec3af138994fc94dd2ea683f9d4c0df4ec0e894e4
159,498.45479015053337,0.000549297178745887,0xdbbae39c54992479faac890e81eb4d8579b951d6,2017-10-25T14:08:21.000Z,0.00000110199999999999,0xc6945b49433727a14f626365dccb8f8ede98d596,sell,0xe66cc41dd03a170623dc087a69ad8d72e64cb838,0x9f59fc6c48118a53c96b2053039cc8921d11313fd74a41615030a8ed8016144b
160,996.9095803010667,0.0022430465556774,0xb3c05ff1cac9f6de9085dd5a964de704ed0e667c,2017-10-25T09:40:18.000Z,0.00000224999999999999,0xa87a6017687f5d7607a4dde37624fa8eec9b0d45,sell,0xe66cc41dd03a170623dc087a69ad8d72e64cb838,0x7be21878dd90f5efecee885c7bf32b703e8481683faffa4cb9e2923ff598ea2e
161,3907.18,0.03321103,0xab45233b06b1d1f452901661f6a931c9da663cc0,2017-10-25T08:51:53.000Z,0.0000085,0x7fb30face695357c2b487c52516b00bae7c7be73,buy,0xe66cc41dd03a170623dc087a69ad8d72e64cb838,0x575d1968d5742446ff9a6626d8dd74a0ae5d29e4ea3a80d61cf401a2806a9d53
162,993.9188515601634,0.009939188515601634,0xccc3f1c17b26309e10afe05ceb44ca88029b63b1,2017-10-24T18:44:31.000Z,0.00001,0xa5ef1f3c37c840a19e18cd283ef3beff0db0e2b3,buy,0xe66cc41dd03a170623dc087a69ad8d72e64cb838,0xf9410d106afe76b6dda618a9a91d5f9b98c3426ab7f81a86dfb2a0d467e22f51
163,1000,0.01,0xccc3f1c17b26309e10afe05ceb44ca88029b63b1,2017-10-24T18:43:21.000Z,0.00001,0x77efab41da4e0b3063eecfc22a57b663a5f1e5b9,buy,0xe66cc41dd03a170623dc087a69ad8d72e64cb838,0x844601c2a33fb0304f1d5601f684f821eda8e8cf6f05b93d68f4c1da986346b8
164,1000,0.0099,0xccc3f1c17b26309e10afe05ceb44ca88029b63b1,2017-10-24T18:32:57.000Z,0.0000099,0x511da3708e6acd76e45e2ac9fcf34790c2d16724,buy,0xe66cc41dd03a170623dc087a69ad8d72e64cb838,0x511bcd0beb47ce9df3d68966dcfff775eaca8f538e8a121207bb0812e49f9f5b
165,996.9095803010667,0.001097597447911474,0xc4240904cb9f6a3831e816d1288cf0256b3f7ec0,2017-10-24T18:00:36.000Z,0.00000110099999999999,0x7c4c8b06bacf6591c5c716cabd144c0df9879c7c,sell,0xe66cc41dd03a170623dc087a69ad8d72e64cb838,0x3e641cc343bc77218290efe7c6f4767f17291f4df6faa144344fc78d50d83a8d
166,1000,0.0103,0xccc3f1c17b26309e10afe05ceb44ca88029b63b1,2017-10-24T07:58:47.000Z,0.0000103,0x6873035172a9d986e31d8b4ecf108838af8e7e23,buy,0xe66cc41dd03a170623dc087a69ad8d72e64cb838,0x71ff7242840c6a2e5383d01ff04c2264ae764dfa76651f64141eed9e71be0a36
167,959.761,0.00959761,0xccc3f1c17b26309e10afe05ceb44ca88029b63b1,2017-10-24T07:53:20.000Z,0.00001,0x18a8769df875e830bef960e1b82729b5180461ce,buy,0xe66cc41dd03a170623dc087a69ad8d72e64cb838,0xcbebdc63cbd2b519fcf9cb7d2a7d761ede44050f810211fee6da0470fc944580
168,1953.59,0.0195359,0xccc3f1c17b26309e10afe05ceb44ca88029b63b1,2017-10-24T07:42:25.000Z,0.00001,0x28df321d9885a28cfd8a4cdbd249604c30e5ff05,buy,0xe66cc41dd03a170623dc087a69ad8d72e64cb838,0x5b0ae22aa93590e35573d946902c69be04a44513d76172084441bd3ef09b9c26
169,996.9095803010667,0.001050742697637324,0x97c5c53f8acac416f87a884f6f923ae063ebaacd,2017-10-24T05:33:50.000Z,0.00000105399999999999,0xc6757a2b8e1fcda85dbaf0ed45133de95ab8a8c5,sell,0xe66cc41dd03a170623dc087a69ad8d72e64cb838,0xafe6b15cec2e52f7b05191784ae78d331dec5b3c8dbde3d179b403c68efdb34b
170,993.8287112960488,0.009938287112960489,0x170a328be8889510e973286e9e68556ab7b0e935,2017-10-24T04:08:32.000Z,0.00001,0x18a8769df875e830bef960e1b82729b5180461ce,buy,0xe66cc41dd03a170623dc087a69ad8d72e64cb838,0x8ad6cf94075ccbedef0394ed78189775792da7d4d5d49ae43397ae503de4c3c0
171,975.783,0.0098554083,0xccc3f1c17b26309e10afe05ceb44ca88029b63b1,2017-10-23T21:23:14.000Z,0.0000101,0xcbe8ce16402bfc086cf29b792ae3a2c3ff314d49,buy,0xe66cc41dd03a170623dc087a69ad8d72e64cb838,0x75c64b8b48af94580fc8eea6ee4effb05efd096f4392af341d776737f2fb6aee
172,1953.59,0.0195359,0xccc3f1c17b26309e10afe05ceb44ca88029b63b1,2017-10-23T21:11:16.000Z,0.00001,0x34d4ecd77d6378ebdda1c62a38881e4587109181,buy,0xe66cc41dd03a170623dc087a69ad8d72e64cb838,0xaffe2981dd557874c649f4d9a94f446e9741f4824a24a90529058f4262800ff2
173,975.783,0.009758805783,0xd04c84f032cd18b14069a719b9bbc7b500f9cff7,2017-10-23T16:04:51.000Z,0.000010001,0x4a6b1a04704f50e863973a1de0de310415e41141,buy,0xe66cc41dd03a170623dc087a69ad8d72e64cb838,0x554470c7f33ce7252f02a2bb3cc45fde312d0a9e8a753f7af616a6574a0536e0
174,1250,0.0125,0xd04c84f032cd18b14069a719b9bbc7b500f9cff7,2017-10-23T16:03:46.000Z,0.00001,0xc8f27c96c7e8d1a1a09bbc8f1988b4cff10898cb,buy,0xe66cc41dd03a170623dc087a69ad8d72e64cb838,0x68f0501fb5d82a2a7f2f444367da938929e3d86fd916246cbff7894037f79e5d
175,975.782,0.00487891,0xd04c84f032cd18b14069a719b9bbc7b500f9cff7,2017-10-23T10:53:44.000Z,0.000005,0x11135473df4f870018d41ea77c45c55262d84199,buy,0xe66cc41dd03a170623dc087a69ad8d72e64cb838,0x98a30fe8ceff47b4cd23804555a6a4a73ca04ccb426dc21a6f07e3cd1e3bc093
176,500,0.0024995,0xd04c84f032cd18b14069a719b9bbc7b500f9cff7,2017-10-23T10:53:44.000Z,0.000004999,0xfb62a2744ebc69c375ea1eefcb7adb5c5f661065,buy,0xe66cc41dd03a170623dc087a69ad8d72e64cb838,0xe9bae194d306e031a6a2ef3bf0ac18039c3627edf54c2749f7c51f6ca096559c
177,1000.59,0.00400236,0x6a82342937003d8b273d605bf78deaebdf756e12,2017-10-23T10:42:50.000Z,0.000004,0x6fbb0a236720d2fc37c9617cb72904b198adcc93,buy,0xe66cc41dd03a170623dc087a69ad8d72e64cb838,0xafdc0ba6623abfbd1558f80322d7e2b91fd3128989178d391e3949f4fb9d031a
178,0.09697611613945925,0.000000097170068371,0xc4240904cb9f6a3831e816d1288cf0256b3f7ec0,2017-10-23T09:10:57.000Z,0.00000100199999999238,0x6c4c60d434bfa4cb39c23c4c5265f7df917cab98,sell,0xe66cc41dd03a170623dc087a69ad8d72e64cb838,0x7fe73170647a84d945614a95cd849a24b8afca73d758977b0c833328ab211320
179,972.7674209949157,0.000974712955836905,0xc4240904cb9f6a3831e816d1288cf0256b3f7ec0,2017-10-23T09:08:35.000Z,0.00000100199999999999,0x6c4c60d434bfa4cb39c23c4c5265f7df917cab98,sell,0xe66cc41dd03a170623dc087a69ad8d72e64cb838,0x6b76a68172941087184b65a2d769a888448c26953c0445c8a049dd98ec12e589
180,1000,0.001,0xc4240904cb9f6a3831e816d1288cf0256b3f7ec0,2017-10-23T04:42:32.000Z,0.000001,0x51bff6f116cd1d9bffb0248a669bbd86635d92f8,buy,0xe66cc41dd03a170623dc087a69ad8d72e64cb838,0xc4d9b873d257a2ec13b55fc5cc60b6462066f93a11637d38d9fc11bc46c3b5dd
181,3895.105173960722,0.003902895384308643,0xc4240904cb9f6a3831e816d1288cf0256b3f7ec0,2017-10-23T02:43:46.000Z,0.00000100199999999999,0xf7dc53864e9d19e03d5b3ae31c7c44996581714f,sell,0xe66cc41dd03a170623dc087a69ad8d72e64cb838,0x1ef2453ee545d6649b01c9d0a4c8583ee8b9443dd3e5638ad60858761af969a1
182,1953.59,0.0390718,0xf7dc53864e9d19e03d5b3ae31c7c44996581714f,2017-10-23T02:41:14.000Z,0.00002,0x9ec0aac861f4b8e010a6348bf019105c87230d02,buy,0xe66cc41dd03a170623dc087a69ad8d72e64cb838,0x18ba24f02a91a18c6b714317f87c71e01c5de542914b749c0541fb8bb00f546d
183,1195.1025316468022,0.010385441000010709,0x7e51cb607632583e5d96fe95a2214a128fc460f6,2017-10-22T23:49:09.000Z,0.00000868999999999999,0x97bb447b8b9c6e8fc625d50e4ad6780dbe54dea9,sell,0xe66cc41dd03a170623dc087a69ad8d72e64cb838,0x761d76a8bc500798994005372d79172569e3408b56a42a96158d38ed95ae3071
184,157.19,0.00136771019,0xc4240904cb9f6a3831e816d1288cf0256b3f7ec0,2017-10-22T23:49:09.000Z,0.000008701,0x97bb447b8b9c6e8fc625d50e4ad6780dbe54dea9,sell,0xe66cc41dd03a170623dc087a69ad8d72e64cb838,0x05020a485186128d4bc579c5709ed13dfcff8e07baaccbd30130d9e21b0e3496
185,186.619,0.001624145157,0x8d5ebdf9d7107bd8c63e490fe616d4b89184807c,2017-10-22T23:48:20.000Z,0.000008703,0x97bb447b8b9c6e8fc625d50e4ad6780dbe54dea9,sell,0xe66cc41dd03a170623dc087a69ad8d72e64cb838,0xf547762504b37e1c5751333dd0e5f946c1f3460a769279ed4184a767cbbb3806
186,996.9095803010667,0.008676104077360183,0x8d5ebdf9d7107bd8c63e490fe616d4b89184807c,2017-10-22T21:01:02.000Z,0.00000870299999999999,0x0161b8edf0cac47ef8956e626047bae957624916,sell,0xe66cc41dd03a170623dc087a69ad8d72e64cb838,0xf36d7ef681054b3556956ac76e039344ca26faea8051235b2b97b8243e32b4ac
187,996.9095803010667,0.008676104077360183,0x8d5ebdf9d7107bd8c63e490fe616d4b89184807c,2017-10-22T19:13:52.000Z,0.00000870299999999999,0xa3d1ed43ba62d61a8687130770dda943dc7b59bd,sell,0xe66cc41dd03a170623dc087a69ad8d72e64cb838,0x5eb1dfd353ab7522773d2ff474d7d4ed5780b0f8b505a70967e738715101d6b4
188,0.08692274366173068,0.000000756488638088,0x8d5ebdf9d7107bd8c63e490fe616d4b89184807c,2017-10-22T15:20:07.000Z,0.00000870299999999951,0x3b8b8995ddaa7475ad6f7cf67639e90e2a83bcf9,sell,0xe66cc41dd03a170623dc087a69ad8d72e64cb838,0xda533cfcc79beb4536ae1b778316d28041fd7576ce70f9e911bfbf56b9034840
189,871.9220416708205,0.00758833752866115,0x8d5ebdf9d7107bd8c63e490fe616d4b89184807c,2017-10-22T15:18:20.000Z,0.00000870299999999999,0x3b8b8995ddaa7475ad6f7cf67639e90e2a83bcf9,sell,0xe66cc41dd03a170623dc087a69ad8d72e64cb838,0x94805223cc493252f5358949af86b9a4588fd9b68802916819a55b5337a203f8
190,125,0.00108775,0x0b2de009825eac9a347868b44349aa32e91ef81f,2017-10-22T15:11:08.000Z,0.000008702,0x3b8b8995ddaa7475ad6f7cf67639e90e2a83bcf9,sell,0xe66cc41dd03a170623dc087a69ad8d72e64cb838,0x520fdcd924fea3620c4c12a35e7c2708a1e1e17cbf0c10c8257820f5a15d53af
191,3895.1061055350483,0.033135667639786655,0x5e4c8b04c9753ad2bcd2b5d82281b8546df27b50,2017-10-22T15:08:45.000Z,0.00000850699999999999,0xa77400c0d86ac8e0605735bed1596f53269134cc,sell,0xe66cc41dd03a170623dc087a69ad8d72e64cb838,0xc64ef76bd650bf58839f73ee5265693a44b5b8e34606bb3cf1dd5c60aab4c0f5
192,50,0.0005,0x42c24a83bded723edfdf5883bc7efb30bc1a1bf3,2017-10-22T12:48:20.000Z,0.00001,0xc8f27c96c7e8d1a1a09bbc8f1988b4cff10898cb,buy,0xe66cc41dd03a170623dc087a69ad8d72e64cb838,0x2d596b118287ec26271149f16bfdbd01cb4928af6fb57438b90a6786d661275c
193,1947.552586980361,0.01694955016449008,0x8d5ebdf9d7107bd8c63e490fe616d4b89184807c,2017-10-22T10:44:46.000Z,0.00000870299999999999,0x423b2a3ffb546d0cbaf25af92b3684a753dede35,sell,0xe66cc41dd03a170623dc087a69ad8d72e64cb838,0x3928935d621b1c503664c20418d0f067bf9d83dd402d7ac9f47e5bb193fdd564
194,50,0.0005,0x16e5d97bbc92417e051e3b2cabfbf8ceea2acb9c,2017-10-22T10:33:00.000Z,0.00001,0xc8f27c96c7e8d1a1a09bbc8f1988b4cff10898cb,buy,0xe66cc41dd03a170623dc087a69ad8d72e64cb838,0xc619825987ec6ea5302f05ca26973c17baa701969c04df86ee8c49acb75be388
195,50,0.0005,0x379374d13077e8867ef31803c37baf9785a17c00,2017-10-22T10:29:40.000Z,0.00001,0xc8f27c96c7e8d1a1a09bbc8f1988b4cff10898cb,buy,0xe66cc41dd03a170623dc087a69ad8d72e64cb838,0xa311b15d1b37ad5d200441aac0d7d204368d3985f3c1e36ddb3eeb45256ba552
196,50,0.0005,0xcd912af5286dc0b0a23edb30209734ecb60838b3,2017-10-22T10:27:37.000Z,0.00001,0xc8f27c96c7e8d1a1a09bbc8f1988b4cff10898cb,buy,0xe66cc41dd03a170623dc087a69ad8d72e64cb838,0xc221d05db423bed040f97bbdd465198187d311fbb38ca2a5e35e584e5d7b93e8
197,50,0.0005,0xf9695cd65d6dfdf257fab76a3eb0cb8f001971cc,2017-10-22T10:13:31.000Z,0.00001,0xc8f27c96c7e8d1a1a09bbc8f1988b4cff10898cb,buy,0xe66cc41dd03a170623dc087a69ad8d72e64cb838,0x6d6cea520a9cdc60bd702c065179dd55097baed8db3f7f415343c44d225fee6b
198,1947,0.0169389,0x362ca6a6ac1f24dd40bfab8f794b6e4a6f65ce67,2017-10-22T03:21:40.000Z,0.0000087,0x8b3117df72155b305dbc8c4f40df6a2b4c06a461,sell,0xe66cc41dd03a170623dc087a69ad8d72e64cb838,0xc19ed7857f210a365b7c186c8aebb9d0db4a0f48fd4ccb87150b2285998c8cef
199,14.286122460641733,0.0005,0xcd912af5286dc0b0a23edb30209734ecb60838b3,2017-10-21T23:11:06.000Z,0.000034999,0xc436223eaa54f3c1fbd956eefabae0da048f138b,buy,0xe66cc41dd03a170623dc087a69ad8d72e64cb838,0x413396381792b1e62685bd9563702e33942bea0c504975ff66223c6ac453e3ff
200,14.286122460641733,0.0005,0x42c24a83bded723edfdf5883bc7efb30bc1a1bf3,2017-10-21T23:11:06.000Z,0.000034999,0xc436223eaa54f3c1fbd956eefabae0da048f138b,buy,0xe66cc41dd03a170623dc087a69ad8d72e64cb838,0xd033173fa01d507a1d28b5467cec218a4cc8c00ae2b1f881e83c03ea1c3aaabc
201,14.286122460641733,0.0005,0x379374d13077e8867ef31803c37baf9785a17c00,2017-10-21T23:11:06.000Z,0.000034999,0xc436223eaa54f3c1fbd956eefabae0da048f138b,buy,0xe66cc41dd03a170623dc087a69ad8d72e64cb838,0xb6d8d831c9bd090db3c029f859347dc02442d183ddfe16bba7b8e43b28a7dd0c
202,14.286122460641733,0.0005,0xf9695cd65d6dfdf257fab76a3eb0cb8f001971cc,2017-10-21T23:06:08.000Z,0.000034999,0xc436223eaa54f3c1fbd956eefabae0da048f138b,buy,0xe66cc41dd03a170623dc087a69ad8d72e64cb838,0x79aa856d19903577dd2e57fe68a79f7b96ce7acc312352885e90fcd1c5c90671
203,14.286122460641733,0.0005,0x16e5d97bbc92417e051e3b2cabfbf8ceea2acb9c,2017-10-21T23:03:45.000Z,0.000034999,0xc436223eaa54f3c1fbd956eefabae0da048f138b,buy,0xe66cc41dd03a170623dc087a69ad8d72e64cb838,0xb35e1379a07e8af4ad7ea30a378e66c9cb5a6081c1964e3800bca77deed8f962
204,630.042116856445,0.005481996458767928,0xc4240904cb9f6a3831e816d1288cf0256b3f7ec0,2017-10-21T22:47:29.000Z,0.00000870099999999999,0x0f060e902d8116cb8aa39896ef22b909ca349f89,sell,0xe66cc41dd03a170623dc087a69ad8d72e64cb838,0x92f00fa535b31407a70e85f8376ed0d7e695a88daaec1b1856e04c052007dd2f
205,972.7674209949157,0.008464049330076762,0xc4240904cb9f6a3831e816d1288cf0256b3f7ec0,2017-10-21T22:38:30.000Z,0.00000870099999999999,0x14d6d0f3d430455b5c1f169e28548bbc61d79cda,sell,0xe66cc41dd03a170623dc087a69ad8d72e64cb838,0x139e1f5edb035de7cce4c45cfb4df433ced1659b472680526a488c6f250c4bd9
206,975.783,0.046837584,0xd04c84f032cd18b14069a719b9bbc7b500f9cff7,2017-10-21T16:41:19.000Z,0.000048,0x4d4f1d5ab3847a73283190382b7b8cb9ee672048,buy,0xe66cc41dd03a170623dc087a69ad8d72e64cb838,0x9ad2cdef42c58f53d22e3786ecd2f64728d677a2cd5a8c4bd971d5a36c513537
207,1953.59,0.0781436,0xd04c84f032cd18b14069a719b9bbc7b500f9cff7,2017-10-21T16:36:17.000Z,0.00004,0x05528ad35deea50d4b309409a04534ab8daa0e08,buy,0xe66cc41dd03a170623dc087a69ad8d72e64cb838,0x77b86411d20d0ef89c1abe02e05cf1c2cb26a9324bbcb62191f29709bfa6b9fa
208,1000,0.0399,0xd04c84f032cd18b14069a719b9bbc7b500f9cff7,2017-10-21T16:33:07.000Z,0.0000399,0xc56ce8276e47b1aca4b38e6f7af67aaeac7f1dbf,buy,0xe66cc41dd03a170623dc087a69ad8d72e64cb838,0xf9da81a717e633fbff53e16d9b5f61f68ee7c2581db3006fd5190b1e3ea8057d
209,953.59,0.037857523,0xd04c84f032cd18b14069a719b9bbc7b500f9cff7,2017-10-21T16:33:07.000Z,0.0000397,0xc56ce8276e47b1aca4b38e6f7af67aaeac7f1dbf,buy,0xe66cc41dd03a170623dc087a69ad8d72e64cb838,0x3ccab058131916d16ec8c73306a162e6e4bb5b80b08effbc1a9182f5e2f4a9f0
210,1953.59,0.076971446,0xd04c84f032cd18b14069a719b9bbc7b500f9cff7,2017-10-21T16:01:56.000Z,0.0000394,0x2cbc78b7db97576674cc4e442d3f4d792b43a3a9,buy,0xe66cc41dd03a170623dc087a69ad8d72e64cb838,0x139134758cbc63b98d3b8b8eb7d2a01f396ef402d51278dde480260485c5ce1a
211,1000,0.038999,0xd04c84f032cd18b14069a719b9bbc7b500f9cff7,2017-10-21T16:01:56.000Z,0.000038999,0x97bb447b8b9c6e8fc625d50e4ad6780dbe54dea9,buy,0xe66cc41dd03a170623dc087a69ad8d72e64cb838,0xfaf67a96bb5b93375d43fd38622399c843b4ae9eae73c016cc2d71e6b26b82ad
212,500,0.0195,0xd04c84f032cd18b14069a719b9bbc7b500f9cff7,2017-10-21T16:01:56.000Z,0.000039,0xbfeaf671982494035fbec8bdc7bf52af7e4db1ba,buy,0xe66cc41dd03a170623dc087a69ad8d72e64cb838,0xdc1bcca6429201f1066df270fca474bef5a2540cd50337b401e2b0d44316de51
213,1953,0.070308,0xd04c84f032cd18b14069a719b9bbc7b500f9cff7,2017-10-21T15:41:08.000Z,0.000036,0x7e51cb607632583e5d96fe95a2214a128fc460f6,buy,0xe66cc41dd03a170623dc087a69ad8d72e64cb838,0x623e9448c7723904353c35058e98202a4d7a606c81b1ed3485414552c9d18ade
214,1000,0.032,0xd04c84f032cd18b14069a719b9bbc7b500f9cff7,2017-10-21T15:41:08.000Z,0.000032,0x81f83fcc5b3a4c385c7b293a051f2129321a7cf8,buy,0xe66cc41dd03a170623dc087a69ad8d72e64cb838,0xf5545c0341061edd0f597d5159894e76698290d94401d69cc953506697d0cb64
215,1000,0.025,0xd04c84f032cd18b14069a719b9bbc7b500f9cff7,2017-10-21T15:39:21.000Z,0.000025,0x97ecee8de91fd6568391d89f2c6efeb817803556,buy,0xe66cc41dd03a170623dc087a69ad8d72e64cb838,0x8a17ebb2865643f2fe3f380d5e320c68571b76251370d6934e684f2daa8785f3
216,3907,0.093768,0xd04c84f032cd18b14069a719b9bbc7b500f9cff7,2017-10-21T15:38:29.000Z,0.000024,0x30bcf30b470ad7a130efbdb2e329e264ee21aceb,buy,0xe66cc41dd03a170623dc087a69ad8d72e64cb838,0x77fdd1bc1ae49ca768afa55ae25bb572067b34dda2617b2d757ffada0b2dcff0
217,975.783,0.01951566,0xd04c84f032cd18b14069a719b9bbc7b500f9cff7,2017-10-21T15:38:22.000Z,0.00002,0xfd5332418a6d54c31d749657189cabcefa93c372,buy,0xe66cc41dd03a170623dc087a69ad8d72e64cb838,0xaa860a90c5d8361e41150d4d3d6ae8142cfbe415ce624cbd8a25e305775d72da
218,1947.552586980361,0.016614571119529457,0xc4240904cb9f6a3831e816d1288cf0256b3f7ec0,2017-10-21T15:30:17.000Z,0.00000853099999999999,0x1cebe758c6e1a1b10d37210c764ac75f225bd55c,sell,0xe66cc41dd03a170623dc087a69ad8d72e64cb838,0xf1ccc3801ab36232db59526e474bf7c745e1cb76076c7fd4c8e5a55ec78095d5
219,977.2844183032599,0.00833134966603529,0xc4240904cb9f6a3831e816d1288cf0256b3f7ec0,2017-10-21T13:50:32.000Z,0.00000852499999999999,0x8d5ebdf9d7107bd8c63e490fe616d4b89184807c,sell,0xe66cc41dd03a170623dc087a69ad8d72e64cb838,0x4082e91ec5a0c7601b7eae285667c3f1104c28f690fb02a4e5c53059a3088360
220,5841.481407636327,0.04978694603728442,0x362ca6a6ac1f24dd40bfab8f794b6e4a6f65ce67,2017-10-21T12:53:54.000Z,0.00000852299999999999,0xc8cd137d8ad0646de03b86316bcf5ecca9e9b401,sell,0xe66cc41dd03a170623dc087a69ad8d72e64cb838,0x5175bdb6744ddd0b22ee791670b9e738d1db7e0bd929def03c789cd2c91ea9cf
221,1947.5530527675276,0.01660483732789594,0x362ca6a6ac1f24dd40bfab8f794b6e4a6f65ce67,2017-10-21T12:45:38.000Z,0.00000852599999999999,0xa3f174aa277902b87a7f8d6712ccd782c2a0484d,sell,0xe66cc41dd03a170623dc087a69ad8d72e64cb838,0xe077e6836cd53079eb89a6df1492004af6f729401da947bfbe72a7991e03f929
222,6562,0.055881992,0xc4240904cb9f6a3831e816d1288cf0256b3f7ec0,2017-10-21T11:00:12.000Z,0.000008516,0x8d5ebdf9d7107bd8c63e490fe616d4b89184807c,sell,0xe66cc41dd03a170623dc087a69ad8d72e64cb838,0x555421b494685de004e55f38d3c177ece18fa2fc4475e5d75cc1e6443403562b
223,1947.552586980361,0.01656977741002891,0xc4240904cb9f6a3831e816d1288cf0256b3f7ec0,2017-10-21T09:31:53.000Z,0.00000850799999999999,0x6723e655a5b99dc2267796f81d0d3303615bd040,sell,0xe66cc41dd03a170623dc087a69ad8d72e64cb838,0x126830977cdfcad597db5f28768bd900f24beea922b2ad90b071d9268b1a7432
224,0.09689829935136478,0.000000824313832582,0x5e4c8b04c9753ad2bcd2b5d82281b8546df27b50,2017-10-21T08:49:23.000Z,0.00000850699999999937,0x4ba01ae32eabc41f4d8ed756dfa71f4e3e739426,sell,0xe66cc41dd03a170623dc087a69ad8d72e64cb838,0x6eb98938e9b7f7e39207ddd22d4b3b446b8bc5659520a14fa4e8a1784f344976
225,971.9868407935401,0.008268692054630645,0x5e4c8b04c9753ad2bcd2b5d82281b8546df27b50,2017-10-21T08:44:53.000Z,0.00000850699999999999,0x4ba01ae32eabc41f4d8ed756dfa71f4e3e739426,sell,0xe66cc41dd03a170623dc087a69ad8d72e64cb838,0x88d792cdf31046553ea71769d1384f6cc3337868811d0b39b298fe3e73dad830
226,1993.8191606021335,0.016959425780081746,0xc4240904cb9f6a3831e816d1288cf0256b3f7ec0,2017-10-21T06:25:00.000Z,0.00000850599999999999,0x4dca30bcc9c9db4408141cd67b1515e689f546d8,sell,0xe66cc41dd03a170623dc087a69ad8d72e64cb838,0x1113dd856e7a478133c95f44dea84bc11fe000f1bb5a4197bd4b0b06d184332b
227,1953.59,0.0976795,0xed4129c8a692309e185ac1e1858200c2a0aa8e65,2017-10-20T16:21:45.000Z,0.00005,0xd14a86c1d73c2b583b540838ad2c541182138484,buy,0xe66cc41dd03a170623dc087a69ad8d72e64cb838,0xf97221b449b3deede7d92a0e4e582622a1ed5234e9a0fd035087d40be5e8bf2d
228,953.59,0.0095359,0xd04c84f032cd18b14069a719b9bbc7b500f9cff7,2017-10-20T15:52:16.000Z,0.00001,0xe148cb7ef19d0a114ee5e4e2f29985999b1a4a90,buy,0xe66cc41dd03a170623dc087a69ad8d72e64cb838,0x6322bfe1dbb4ed9dd55a9d05106f608b80383908b3a63633be5141a3a9ebf9e2
229,9946.479912271958,0.04973239956135978,0x0579673ec579e5ea86b3bc26160db5d95ba97780,2017-10-20T15:45:09.000Z,0.00000499999999999999,0xff97e52008f9bfe46a7aa6facc0320937fd18c06,sell,0xe66cc41dd03a170623dc087a69ad8d72e64cb838,0x6de909aaf09390e577b792cec9d49922b46c97f7748e0883fab2f1a026bd316d
230,1000,0.01,0xe673b1ea0c5d49462ce27cff1d58177af5de7dfa,2017-10-20T15:15:01.000Z,0.00001,0xe148cb7ef19d0a114ee5e4e2f29985999b1a4a90,buy,0xe66cc41dd03a170623dc087a69ad8d72e64cb838,0x03592ea99c1a8cf593df098378f98e4932ace9d9bb185235881dff0eab6694cb
231,7562,0.0287356,0x8d5ebdf9d7107bd8c63e490fe616d4b89184807c,2017-10-20T15:06:25.000Z,0.0000038,0xff97e52008f9bfe46a7aa6facc0320937fd18c06,sell,0xe66cc41dd03a170623dc087a69ad8d72e64cb838,0xe590b68554f438532e9318f6dcf40f611e14151538b49de4d0f97242e09d74ba
232,1953.59,0.081660062,0xd04c84f032cd18b14069a719b9bbc7b500f9cff7,2017-10-20T13:19:15.000Z,0.0000418,0xa01de6b319fc807f5810fb247deac2e3eee3059d,buy,0xe66cc41dd03a170623dc087a69ad8d72e64cb838,0x9331110d5dca2cfe3ba84beb19570d0150325f3c5974a180e5efdbf73848707e
233,850,0.0255255,0xd04c84f032cd18b14069a719b9bbc7b500f9cff7,2017-10-20T13:16:30.000Z,0.00003003,0x81f83fcc5b3a4c385c7b293a051f2129321a7cf8,buy,0xe66cc41dd03a170623dc087a69ad8d72e64cb838,0xa33e579d946feb8862685fc552a8b6ccc12043e2f5eb5d2cb023ea84c45c075d
234,850,0.0246755,0xd04c84f032cd18b14069a719b9bbc7b500f9cff7,2017-10-20T13:15:54.000Z,0.00002903,0x81f83fcc5b3a4c385c7b293a051f2129321a7cf8,buy,0xe66cc41dd03a170623dc087a69ad8d72e64cb838,0x641f8c4bfc4c320687a5a6254078698eb958b2cecde9d68d61e4a7ef5d2433e0
235,1953.59,0.0195359,0xd04c84f032cd18b14069a719b9bbc7b500f9cff7,2017-10-20T13:14:53.000Z,0.00001,0xb6dbd85555862cd184e86889cf7982aabd127c65,buy,0xe66cc41dd03a170623dc087a69ad8d72e64cb838,0x37ed9915a59b9720a995fe221cd363121115e7c9852f6b0989353a2dab723095
236,1953,0.01953,0xd04c84f032cd18b14069a719b9bbc7b500f9cff7,2017-10-20T13:14:50.000Z,0.00001,0x6fbb0a236720d2fc37c9617cb72904b198adcc93,buy,0xe66cc41dd03a170623dc087a69ad8d72e64cb838,0x4dbcea7ba76d822e87bcb4f0c5406a5d25e3c577333c792a5baab065a777f213
237,975,0.00974025,0xd04c84f032cd18b14069a719b9bbc7b500f9cff7,2017-10-20T13:14:43.000Z,0.00000999,0x8114611c80be909e25e0a9c4eb25f2e278957286,buy,0xe66cc41dd03a170623dc087a69ad8d72e64cb838,0x92cfa1a8f503f78b4485cdaf53db546d238578a8bd5e322fa258e181bbc616c0
238,1963.59,0.0195377205,0xd04c84f032cd18b14069a719b9bbc7b500f9cff7,2017-10-20T13:14:43.000Z,0.00000995,0xb3c05ff1cac9f6de9085dd5a964de704ed0e667c,buy,0xe66cc41dd03a170623dc087a69ad8d72e64cb838,0xc57cbe27d6b5c696b5a4c072c4294d9a3644445d6cbd3556edfbc60359070a15
239,0.19415338321008482,0.000000294336528946,0xc4240904cb9f6a3831e816d1288cf0256b3f7ec0,2017-10-20T06:27:42.000Z,0.00000151599999999748,0xcb7c56c201ee37f1e2e09a80c1eb4191d4c53700,sell,0xe66cc41dd03a170623dc087a69ad8d72e64cb838,0xf4816f2865b23123dd5b0c19ac4abb6bcbc5b25b1bb1e2d842b3d00053d2e6a8
240,1947.552586980361,0.002952489721862227,0xc4240904cb9f6a3831e816d1288cf0256b3f7ec0,2017-10-20T06:27:00.000Z,0.00000151599999999999,0xcb7c56c201ee37f1e2e09a80c1eb4191d4c53700,sell,0xe66cc41dd03a170623dc087a69ad8d72e64cb838,0xaa47e4c647d9168ebe93740041feda0e65ce65ada1055c9f6e9d43293f317795
241,1000,0.0271,0x0fe6090affd0b5ba58586ab18fe575a51911d098,2017-10-20T05:36:14.000Z,0.0000271,0x0f060e902d8116cb8aa39896ef22b909ca349f89,sell,0xe66cc41dd03a170623dc087a69ad8d72e64cb838,0xcc1c37780812b4528108ec166517fd24eb1fcf5da5c76616aee408627a1260bd
242,10,0.0000151,0xb3c05ff1cac9f6de9085dd5a964de704ed0e667c,2017-10-19T17:08:22.000Z,0.00000151,0x81f83fcc5b3a4c385c7b293a051f2129321a7cf8,sell,0xe66cc41dd03a170623dc087a69ad8d72e64cb838,0xe383a1dbb77d8198e68882f01c06a0c38c06fa4fca1ad07f746e16aa6c080df9
243,317.6418271,0.016666666667937,0x5d5065b42bdee0274e394ba9042c21e1818c69cf,2017-10-19T06:33:24.000Z,0.00005247,0x0f060e902d8116cb8aa39896ef22b909ca349f89,sell,0xe66cc41dd03a170623dc087a69ad8d72e64cb838,0x535c738e88703ac18d09ff87a577218718ec2e75ba241eae1d3ccbc1f84dd47e
244,1,0.000055,0x3ac636ac5c3a2576156ac5f10066ca68abe0ad54,2017-10-18T18:59:37.000Z,0.000055,0x60f7fa7ab3fdd0f897aab240375cf498cce23ef4,buy,0xe66cc41dd03a170623dc087a69ad8d72e64cb838,0x8849a3324b0c0c8789fb0181cc249d7bc392d56ed8d93ed9fe63802b58266aa7
245,971.9868407935401,0.000973930814475127,0xc4240904cb9f6a3831e816d1288cf0256b3f7ec0,2017-10-18T09:32:45.000Z,0.00000100199999999999,0xfa639ba151e934b7fc76a707dc7af0b2f06a8da9,sell,0xe66cc41dd03a170623dc087a69ad8d72e64cb838,0xba3a8d0d547b843256d1326035890ba8654af601e0035fa1157fbf24a91f2de6
