,amount,amountBase,buyer,date,price,seller,side,tokenAddr,txHash
0,2933.351,0.008800053,0xe403f32a9dad5b5c17aa68dc90abda2befd29dd7,2017-11-02T11:13:16.000Z,0.000003,0xd460056fd946b6a3f0240e15e7732016fbe1eb36,sell,0xae4191a7eb25713ac90483ea75828ae8038f94dc,0x7b7cf6e85a9324fa00d29b7b9bc6b9b04ae808c7490ef478f41ee619db8be3a8
1,15037.100623609413,0.045111301870828235,0xe403f32a9dad5b5c17aa68dc90abda2befd29dd7,2017-11-02T11:01:55.000Z,0.00000299999999999999,0x1804206b5be10e6d88ee076f73c6e9b50097f236,sell,0xae4191a7eb25713ac90483ea75828ae8038f94dc,0x5434b50e3fe01f4296301b48ed5051709e9a0c11525c99c93df8502976a0281b
2,116.27906976744185,0.0005,0x4fda9e6bcd83af6c5cc771b5d20accc2b7720074,2017-11-02T10:55:25.000Z,0.0000043,0x4cb48fa9a7c07b36fe5e666f2082b8e0ec2ffc1a,buy,0xae4191a7eb25713ac90483ea75828ae8038f94dc,0x17a8c1af541a6907ebff833e13d15ce48d0a0df70fcc9a6a7f068772395463b6
3,116.27906976744185,0.0005,0x3075f7f189912f4f425dd7021b9c396434197477,2017-11-02T10:43:09.000Z,0.0000043,0x4cb48fa9a7c07b36fe5e666f2082b8e0ec2ffc1a,buy,0xae4191a7eb25713ac90483ea75828ae8038f94dc,0xa4a3b706b9fa0e634a1f18e656392c1958cd71f9ecfcd2f43228c06e5b2763f7
4,1.3357057879818899,0.000004007117363945,0xe403f32a9dad5b5c17aa68dc90abda2befd29dd7,2017-11-02T09:58:32.000Z,0.00000299999999999949,0x68b4683475747e28a83596e94b58187d452099cf,sell,0xae4191a7eb25713ac90483ea75828ae8038f94dc,0xc7f875f323beae97719bf7e79cc4dd09ba9e397b12e951eff3db3bf9af021eef
5,13398.464759246337,0.04019539427773901,0xe403f32a9dad5b5c17aa68dc90abda2befd29dd7,2017-11-02T07:08:28.000Z,0.00000299999999999999,0xc56c8c66c5bf94cbe3ebae84fa02fb461efff778,sell,0xae4191a7eb25713ac90483ea75828ae8038f94dc,0xe68acdd9f96494dfb00c0d9843d886692f55e4dd4873c5c56a3ace7fe92e8a4c
6,3629.747781876184,0.010889243345628552,0xe403f32a9dad5b5c17aa68dc90abda2befd29dd7,2017-11-02T04:56:16.000Z,0.00000299999999999999,0x8e64cbf384f691bf68baeb6484fc4e1289eab131,sell,0xae4191a7eb25713ac90483ea75828ae8038f94dc,0xaebe5a249c3564c71d5379622a0b0cb039a3def27c4448549a89761aa92a0d40
7,7150.295646858305,0.03146130084617654,0xca8ed40a1f30ce94fe78f9b12b81d7b3c288fa05,2017-11-01T19:47:26.000Z,0.0000044,0x24bf5f007e4b06f5777c460fb02d3521c1b521a8,buy,0xae4191a7eb25713ac90483ea75828ae8038f94dc,0x51957cfe4163ec9b11440465e169b0830e0ef785ca74c83684dbb578965220c6
8,3641,0.01514656,0xca8ed40a1f30ce94fe78f9b12b81d7b3c288fa05,2017-11-01T19:14:27.000Z,0.00000416,0x484dbe4c2899fa71bd2737f7f62965129737c6ed,buy,0xae4191a7eb25713ac90483ea75828ae8038f94dc,0x7951e244c8b2dcd5db5b811e555dbf3b011776d4d1bedd376f5c0aa6dec9499d
9,13440,0.05376,0xca8ed40a1f30ce94fe78f9b12b81d7b3c288fa05,2017-11-01T19:12:11.000Z,0.000004,0x166a795cba879bec8466d55d7945152319537408,buy,0xae4191a7eb25713ac90483ea75828ae8038f94dc,0x284244bac831a340a87ef552ef256686364bfb79fe6d1b5797a1e5c97ef1223d
10,13440,0.052416,0xca8ed40a1f30ce94fe78f9b12b81d7b3c288fa05,2017-11-01T19:11:07.000Z,0.0000039,0x3d544ec1813f8d2b0d836fc96621f26841fe4305,buy,0xae4191a7eb25713ac90483ea75828ae8038f94dc,0xe23400023574641b719ca967134fd5080d00b7e24d2f7ff486271793a07ede11
11,13398,0.0522522,0xca8ed40a1f30ce94fe78f9b12b81d7b3c288fa05,2017-11-01T19:08:56.000Z,0.0000039,0xbbe8a1421d8583194bd959a640cb82225650c748,buy,0xae4191a7eb25713ac90483ea75828ae8038f94dc,0x60a4f21f5cb05cd49ff92261f6eb6a0ff01087fa07650436b68d2e765fa8245e
12,13398,0.0522522,0xca8ed40a1f30ce94fe78f9b12b81d7b3c288fa05,2017-11-01T19:07:55.000Z,0.0000039,0xbbe8a1421d8583194bd959a640cb82225650c748,buy,0xae4191a7eb25713ac90483ea75828ae8038f94dc,0x19339578b270c670b2b1c5f500fdb4be365617f05c845e3801d3396ebddad811
13,3641,0.0138358,0xca8ed40a1f30ce94fe78f9b12b81d7b3c288fa05,2017-11-01T19:07:47.000Z,0.0000038,0xb3c05ff1cac9f6de9085dd5a964de704ed0e667c,buy,0xae4191a7eb25713ac90483ea75828ae8038f94dc,0xfe47f367c000f113dca6dd6640a030a4ee1601b4764b44a6afd583641c4bb168
14,7259.495563752368,0.00944460372844183,0x107d35bdbb393d33d6d9ce4127883b057b8e6187,2017-11-01T06:33:25.000Z,0.00000130099999999999,0x9f0bb02e7003767f7fe66ec6497a72e5f155c01d,sell,0xae4191a7eb25713ac90483ea75828ae8038f94dc,0x0c8a31c46ba10948930f984a086ce35dda389bf29561350b1e0e66691a7977cd
15,11855.339921005705,0.053349029644525675,0xca8ed40a1f30ce94fe78f9b12b81d7b3c288fa05,2017-10-31T19:10:19.000Z,0.0000045,0xd8805ab8df0092cf80f8bac30b953a6a90bf8224,buy,0xae4191a7eb25713ac90483ea75828ae8038f94dc,0x5b127d380a7ecb69aa0f1ba1c845337a6183b8d1ca6ab16c6f085f5d73bdc9f5
16,12340,0.05553,0xca8ed40a1f30ce94fe78f9b12b81d7b3c288fa05,2017-10-31T19:07:17.000Z,0.0000045,0xb4d22f1037db1381ff9a8215ca84f9dc24b8b645,buy,0xae4191a7eb25713ac90483ea75828ae8038f94dc,0x1fb0e9f7b778c821de4081f88536ba09823aaf9448142a2860ea690cc6378321
17,5000,0.022,0xca8ed40a1f30ce94fe78f9b12b81d7b3c288fa05,2017-10-31T19:07:17.000Z,0.0000044,0x4cb48fa9a7c07b36fe5e666f2082b8e0ec2ffc1a,buy,0xae4191a7eb25713ac90483ea75828ae8038f94dc,0xd8b60cd7d6637ff7eabd41bb199e24add625e6d0146f1ffddcf075ac00e4f0ba
18,40216.092,0.16046220708,0xca8ed40a1f30ce94fe78f9b12b81d7b3c288fa05,2017-10-31T19:07:05.000Z,0.00000399,0x5e4c8b04c9753ad2bcd2b5d82281b8546df27b50,buy,0xae4191a7eb25713ac90483ea75828ae8038f94dc,0x6c2044ae3491ef45e74293bb88ccfc37d3c915c26b2c11b176a6759eb12b7ded
19,10,0.00005,0x5e4c8b04c9753ad2bcd2b5d82281b8546df27b50,2017-10-31T16:16:28.000Z,0.000005,0x24bf5f007e4b06f5777c460fb02d3521c1b521a8,buy,0xae4191a7eb25713ac90483ea75828ae8038f94dc,0xc5084b8cb46077f52c37ac5fa3c5eadfe726e2759421cdf7abe3a7be7e988f46
20,1370.252,0.002740504,0x4cb48fa9a7c07b36fe5e666f2082b8e0ec2ffc1a,2017-10-31T12:54:57.000Z,0.000002,0xb5adabfe1b77e0c365285dddb5c35caf8cded7eb,sell,0xae4191a7eb25713ac90483ea75828ae8038f94dc,0x00681fd569a89f502d17c85a420e2567ad918b46deeeeade23b8378ef5cfbd82
21,3629.747781876184,0.009836616488884458,0xe403f32a9dad5b5c17aa68dc90abda2befd29dd7,2017-10-31T11:05:23.000Z,0.00000270999999999999,0xbcc78b4cbf66a1ce31fbe0e967e578ebcb09c04c,sell,0xae4191a7eb25713ac90483ea75828ae8038f94dc,0x08d1d8f6db93d973e6b6ad9b57017a263c38ec0d567aea14a95e380ccecabddb
22,10661.564,0.02889283844,0xe403f32a9dad5b5c17aa68dc90abda2befd29dd7,2017-10-31T04:43:50.000Z,0.00000271,0xde72b570f9d2957b092fb243c6277a0b183e80ec,buy,0xae4191a7eb25713ac90483ea75828ae8038f94dc,0x2e4defabcc503d72a74ade60ba257413ffce26bdc818f50ccb7634cd4702488a
23,13440,0.036288,0xe403f32a9dad5b5c17aa68dc90abda2befd29dd7,2017-10-31T04:43:02.000Z,0.0000027,0xc7d938690ad2e75f8fbe3e6fe20bcac7e1e5d55a,buy,0xae4191a7eb25713ac90483ea75828ae8038f94dc,0x3081dd1695b2d3a33afff20b19af3ac2028cd80d4cf5b4e6dacc0809381ccda6
24,2770.12551091616,0.007507040134582793,0x24bf5f007e4b06f5777c460fb02d3521c1b521a8,2017-10-31T03:07:52.000Z,0.00000270999999999999,0xde72b570f9d2957b092fb243c6277a0b183e80ec,sell,0xae4191a7eb25713ac90483ea75828ae8038f94dc,0x8bb78593dd0030a45ad6092c6df4f7d302abad0f285ec04561991fc056d1ea70
25,3588.87448908384,0.009725849865417207,0x24bf5f007e4b06f5777c460fb02d3521c1b521a8,2017-10-31T03:03:54.000Z,0.00000270999999999999,0xc69e3cd404c4eee62a9ba237a6ce76a49980bf9a,sell,0xae4191a7eb25713ac90483ea75828ae8038f94dc,0x62ceb1ff3c70e49535ad8fe6274bf2e6273f4f0633cd60b514d20044ed97f7c1
26,907.7083352443831,0.002541583338684272,0xe403f32a9dad5b5c17aa68dc90abda2befd29dd7,2017-10-30T22:37:44.000Z,0.00000279999999999999,0xf82c7c1503a06fcf927ee401a7b868bf067715f8,sell,0xae4191a7eb25713ac90483ea75828ae8038f94dc,0x8f57ff42a81ecfe1cb596f1304e03a837cd380910a92c901763e443f8a153f49
27,0.3618530337828914,0.000001013188494592,0xe403f32a9dad5b5c17aa68dc90abda2befd29dd7,2017-10-30T22:06:52.000Z,0.00000279999999999973,0x0cccd5ccba3c9020ae048b54cc44b95f054e247e,sell,0xae4191a7eb25713ac90483ea75828ae8038f94dc,0xa9f1731bface6396506369e117dc5b5ec2e3c8370469344f7f1212dae0bb2a43
28,3629.747781876184,0.010163293789253314,0xe403f32a9dad5b5c17aa68dc90abda2befd29dd7,2017-10-30T22:05:39.000Z,0.00000279999999999999,0x0cccd5ccba3c9020ae048b54cc44b95f054e247e,sell,0xae4191a7eb25713ac90483ea75828ae8038f94dc,0xb3a6ae50fada36afbe29f26dfd2dac3afff50b78e3737ba82ae16ac0b55674b5
29,13270.723495164988,0.035963660671897116,0xe403f32a9dad5b5c17aa68dc90abda2befd29dd7,2017-10-30T16:22:23.000Z,0.00000270999999999999,0x4cfbefd1a23d05a25039b36ddd6ad358e0bbfb99,sell,0xae4191a7eb25713ac90483ea75828ae8038f94dc,0x7310826285e7f5729105ff76a0059e1c09c60eb397feed65759fd9f789967a99
30,3629.747781876184,0.009945508922340742,0xe403f32a9dad5b5c17aa68dc90abda2befd29dd7,2017-10-30T15:15:52.000Z,0.00000273999999999999,0x133e9693907a85230f997dadf3ff219e4946b1ce,sell,0xae4191a7eb25713ac90483ea75828ae8038f94dc,0xd0e3250131a7307f82c1896042ad126d193ffd3ba1ae158d5f8023d6caa5890e
31,13398.464759246337,0.03630983949755757,0xe403f32a9dad5b5c17aa68dc90abda2befd29dd7,2017-10-30T10:12:46.000Z,0.00000270999999999999,0x5740241812f338b0650d59ff2c40c2f82792cba0,sell,0xae4191a7eb25713ac90483ea75828ae8038f94dc,0x8349166020db21e82c4e3c8c1e07028bdf8d10f3018eeb40cbfef47a5fa9775f
32,3629.747781876184,0.009836616488884458,0xe403f32a9dad5b5c17aa68dc90abda2befd29dd7,2017-10-30T09:12:07.000Z,0.00000270999999999999,0x497760aac83be3a2c38b8430da2e89f827fcc8d3,sell,0xae4191a7eb25713ac90483ea75828ae8038f94dc,0x3e8d8909819fd03d8f69b89dce10e3c47635c3084cd4864b9a32be58102229bf
33,13440,0.0364224,0xe403f32a9dad5b5c17aa68dc90abda2befd29dd7,2017-10-30T01:30:20.000Z,0.00000271,0x78cf1351851e6e6abea04aa2742abb00790a07cb,buy,0xae4191a7eb25713ac90483ea75828ae8038f94dc,0xb8d421bfc3a009802eb01a3da1bd02a4201e7c882f45b16e66baf8ab39267b2c
34,13398.464759246337,0.03630983949755757,0xe403f32a9dad5b5c17aa68dc90abda2befd29dd7,2017-10-30T00:13:14.000Z,0.00000270999999999999,0x62a27c6e093e23ee9a6623bf5577f7f75f93f3cb,sell,0xae4191a7eb25713ac90483ea75828ae8038f94dc,0xc19e5c8ddfa2e72b3ca4dd8974443fae2b56436250ab3c14ef361dfee8f6d4e5
35,2722.3108364071377,0.007377462366663343,0xe403f32a9dad5b5c17aa68dc90abda2befd29dd7,2017-10-29T22:36:39.000Z,0.00000270999999999999,0xf82c7c1503a06fcf927ee401a7b868bf067715f8,sell,0xae4191a7eb25713ac90483ea75828ae8038f94dc,0x4b74f866a13d866d6ee159748bc163bc25f72da5ae3d9e27d29288e4833f49d7
36,200,0.001079998,0x5e4c8b04c9753ad2bcd2b5d82281b8546df27b50,2017-10-29T19:16:57.000Z,0.00000539999,0x5e4c8b04c9753ad2bcd2b5d82281b8546df27b50,buy,0xae4191a7eb25713ac90483ea75828ae8038f94dc,0xe0bd255778379669a21967e36b1c61b6a9c25bc993e7d0a39c2607b2f06c30b3
37,100,0.000539999,0x5e4c8b04c9753ad2bcd2b5d82281b8546df27b50,2017-10-29T19:16:28.000Z,0.00000539999,0x5e4c8b04c9753ad2bcd2b5d82281b8546df27b50,buy,0xae4191a7eb25713ac90483ea75828ae8038f94dc,0xf4f8ebdec4869213b94096bf91a7f597d772ddfc0b5f28ef29b5ed7f1cc07c7e
38,2686.5961153124945,0.007253809511343734,0xe403f32a9dad5b5c17aa68dc90abda2befd29dd7,2017-10-29T17:39:19.000Z,0.00000269999999999999,0x391ab6a1afdbdde894ea0b673fb9d84463b340bb,sell,0xae4191a7eb25713ac90483ea75828ae8038f94dc,0x603c0c967db2867ca4acf22374feeec89f49b2f167601f9e33d3f097bc9dc14c
39,943.2456996311435,0.004433254788266374,0xca8ed40a1f30ce94fe78f9b12b81d7b3c288fa05,2017-10-29T17:36:45.000Z,0.00000469999999999999,0x391ab6a1afdbdde894ea0b673fb9d84463b340bb,sell,0xae4191a7eb25713ac90483ea75828ae8038f94dc,0xd7d92b1372b05a2b95c4b8415fa41765632195930a78399c1ca4b9832ceae2f2
40,3629.747781876184,0.017059814574818064,0xca8ed40a1f30ce94fe78f9b12b81d7b3c288fa05,2017-10-29T15:52:02.000Z,0.00000469999999999999,0x2f3ca84cd635ea88efed4777f2a2bd2df7f2badc,sell,0xae4191a7eb25713ac90483ea75828ae8038f94dc,0xdd9e56862d89732ed71026938a729a4c1c6a829969ce8f9cbb0dc1cb2dc2f84b
41,13398.464759246337,0.06297278436845778,0xca8ed40a1f30ce94fe78f9b12b81d7b3c288fa05,2017-10-29T13:33:45.000Z,0.00000469999999999999,0x565d5b7cb0a551777228d8b16b36f81a708191a6,sell,0xae4191a7eb25713ac90483ea75828ae8038f94dc,0x339f3b29cf8872b65fefa61b75de035bacee4af271cc6f03ea8a0c33639cdf75
42,100,0.00055,0x035392de57aa4fe343d86494103dbe1b068a56c6,2017-10-29T11:12:05.000Z,0.0000055,0xb4d22f1037db1381ff9a8215ca84f9dc24b8b645,buy,0xae4191a7eb25713ac90483ea75828ae8038f94dc,0x0dd0bc70a706befbce8d355f9d156efe73f43dbdf3d2a681f92737e8f729ee8e
43,1000,0.0055,0x035392de57aa4fe343d86494103dbe1b068a56c6,2017-10-29T11:03:40.000Z,0.0000055,0xb4d22f1037db1381ff9a8215ca84f9dc24b8b645,buy,0xae4191a7eb25713ac90483ea75828ae8038f94dc,0x4df5be642d64b0ac536b1ba9058705da512010cd89acc052aca71f92526e4fd2
44,3641,0.0091025,0x273a5d3e6721b9f5c1a6474f560c1334c63dda01,2017-10-29T09:43:24.000Z,0.0000025,0x51345132d3f44ae2ae7c2cbbe082df4cfc1f3b1b,buy,0xae4191a7eb25713ac90483ea75828ae8038f94dc,0x296910fb8aa985c679da6f22084fe6f9e09b2d2a0f8d5392d5a408f7160e9bdb
45,3630.077,0.0170613619,0xca8ed40a1f30ce94fe78f9b12b81d7b3c288fa05,2017-10-29T09:43:24.000Z,0.0000047,0x273a5d3e6721b9f5c1a6474f560c1334c63dda01,sell,0xae4191a7eb25713ac90483ea75828ae8038f94dc,0x296910fb8aa985c679da6f22084fe6f9e09b2d2a0f8d5392d5a408f7160e9bdb
46,13398.464759246337,0.06297278436845778,0xca8ed40a1f30ce94fe78f9b12b81d7b3c288fa05,2017-10-29T08:07:40.000Z,0.00000469999999999999,0xb95390d77f2af27deb09abf9ad6a0c36ec1333d2,sell,0xae4191a7eb25713ac90483ea75828ae8038f94dc,0xbe9abbaaf07f1af4e2721186ddd28faa63121e218e1f2afcd10967954b71b2b3
47,12092.05235964139,0.07252813005312905,0xca8ed40a1f30ce94fe78f9b12b81d7b3c288fa05,2017-10-29T04:05:02.000Z,0.000005998,0x7ba567a5ebe5af6be6b96187ee4358e189f97a07,buy,0xae4191a7eb25713ac90483ea75828ae8038f94dc,0xe62a1be48c82aae951de2b30418145475ce71303c20c189e885f2b53a1e71cd3
48,13440,0.08064,0xca8ed40a1f30ce94fe78f9b12b81d7b3c288fa05,2017-10-29T04:02:06.000Z,0.000006,0xaa8cbdfb06699c609078eabaef87f94262081f0b,buy,0xae4191a7eb25713ac90483ea75828ae8038f94dc,0x82d6ae6bbaddb66efbc20bd4d04460adb8becacfca06f12d58326fd5e837732b
49,2000,0.011,0xca8ed40a1f30ce94fe78f9b12b81d7b3c288fa05,2017-10-29T03:59:37.000Z,0.0000055,0x4cb48fa9a7c07b36fe5e666f2082b8e0ec2ffc1a,buy,0xae4191a7eb25713ac90483ea75828ae8038f94dc,0x8b2ef424541b4a61f50f0b66cfbd957d1d98a966f6f29e1844fff4bdb519442e
50,15000,0.082305,0xca8ed40a1f30ce94fe78f9b12b81d7b3c288fa05,2017-10-29T03:58:42.000Z,0.000005487,0xd92ce5941305b7cf1e5cc5713b93db2b651a4fdf,buy,0xae4191a7eb25713ac90483ea75828ae8038f94dc,0x9b7fb92815f672f2fd673fec8e52f543b00124a1f595a5ac027275b86fee5075
51,13440,0.07256256,0xca8ed40a1f30ce94fe78f9b12b81d7b3c288fa05,2017-10-29T03:58:13.000Z,0.000005399,0x02f516ad79119c74cf1f47ab610023337b3bd8d3,buy,0xae4191a7eb25713ac90483ea75828ae8038f94dc,0x5e170a61a5a1eba128698e236be4ef3e7244f6552a4413d392552fecfd444a2f
52,3641,0.0178409,0xab45233b06b1d1f452901661f6a931c9da663cc0,2017-10-29T02:11:21.000Z,0.0000049,0x063781d0055782ed876f629da839e68a90639d2b,buy,0xae4191a7eb25713ac90483ea75828ae8038f94dc,0xcaef57bca2ba3b464d6c78c0f5283b2d307fe589c7f36e273ea125ce62a79f07
53,3629.747781876184,0.00907436945469046,0xe403f32a9dad5b5c17aa68dc90abda2befd29dd7,2017-10-29T01:06:33.000Z,0.00000249999999999999,0xac6f8b833ef667204ffe3073c511628289807527,sell,0xae4191a7eb25713ac90483ea75828ae8038f94dc,0xd9e7fa00f0adb7fba90e2832b0055297ae188af5399c4647a9268c5ebce35f40
54,84.7457627118644,0.0005,0x34f9560c63078eb61872a4dc2ccd20e21c34feaf,2017-10-28T20:34:07.000Z,0.0000059,0x4cb48fa9a7c07b36fe5e666f2082b8e0ec2ffc1a,buy,0xae4191a7eb25713ac90483ea75828ae8038f94dc,0x3309cd3225594307192e1be8506f2a2c9b8ce0bb23d71d156c9c67a7d5ed25ce
55,84.7457627118644,0.0005,0xe444a40689f51f63bcd29910622035707d533d29,2017-10-28T20:27:53.000Z,0.0000059,0x4cb48fa9a7c07b36fe5e666f2082b8e0ec2ffc1a,buy,0xae4191a7eb25713ac90483ea75828ae8038f94dc,0x4af7fb4f43008e0e9f2e0703c5fbcee4e2e7a9819b66a58c671c3ed24b65a59c
56,3629.747781876184,0.007259495563752367,0x4cb48fa9a7c07b36fe5e666f2082b8e0ec2ffc1a,2017-10-28T11:49:28.000Z,0.00000199999999999999,0x423b2a3ffb546d0cbaf25af92b3684a753dede35,sell,0xae4191a7eb25713ac90483ea75828ae8038f94dc,0xb398c92cc0ca8660d5611d0c9b810e8274a107ab54ef0480810201dde6941c21
57,0.000086777493202896,0.000000000173554986,0x4cb48fa9a7c07b36fe5e666f2082b8e0ec2ffc1a,2017-10-28T08:53:27.000Z,0.00000199999999532376,0x166e9e207b79872280a33b6d4bd1b1b591602006,sell,0xae4191a7eb25713ac90483ea75828ae8038f94dc,0x0b2e9b3aed5b3a8ab60def2ca1771f1d35b1d2fe2f0f3f89a2ced59b3c5b0c00
58,1.1478701738894286,0.000008035091217226,0xe32c340433a440a800277ca53627d99b4414345c,2017-10-28T04:13:32.000Z,0.000007,0xc12787b02b996c0c23de426b60c4dd59548a5f86,buy,0xae4191a7eb25713ac90483ea75828ae8038f94dc,0x1df1e829584af2ba6aff905f2941d5c4b20beca5841861f5253acf3ee02997fe
59,314.749,0.001573745,0xab45233b06b1d1f452901661f6a931c9da663cc0,2017-10-28T02:19:38.000Z,0.000005,0x4cb48fa9a7c07b36fe5e666f2082b8e0ec2ffc1a,buy,0xae4191a7eb25713ac90483ea75828ae8038f94dc,0x1c677defb52bc31f6f6cf2cc49fe13861212046e566561c079fe1db60c8331ca
60,3000,0.01296,0xab45233b06b1d1f452901661f6a931c9da663cc0,2017-10-28T02:19:32.000Z,0.00000432,0xde7b89667dc3311c45179aa6223d9592053dc4c8,buy,0xae4191a7eb25713ac90483ea75828ae8038f94dc,0x4202af38a8a1963acb47f43b927b0daf5511bd78c8317b733c1ec04cb8ef50dd
61,21800,0.0872,0xab45233b06b1d1f452901661f6a931c9da663cc0,2017-10-28T02:19:32.000Z,0.000004,0xc12787b02b996c0c23de426b60c4dd59548a5f86,buy,0xae4191a7eb25713ac90483ea75828ae8038f94dc,0x3af8f693cabe42068b2fcce07335c9459ea0857e9747ac4b973a567a4d97bfe0
62,89,0.001779911,0x5e4c8b04c9753ad2bcd2b5d82281b8546df27b50,2017-10-28T01:11:46.000Z,0.000019999,0x5e4c8b04c9753ad2bcd2b5d82281b8546df27b50,buy,0xae4191a7eb25713ac90483ea75828ae8038f94dc,0xb4d320ca3696fe056e5f1b0371c9f88f0b0123957ac0fffd9257f83fb4e833da
63,100,0.0015,0x5e4c8b04c9753ad2bcd2b5d82281b8546df27b50,2017-10-28T01:10:44.000Z,0.000015,0x5e4c8b04c9753ad2bcd2b5d82281b8546df27b50,buy,0xae4191a7eb25713ac90483ea75828ae8038f94dc,0x3aef720283dbcf136319ca9ae74d2ddadb6806b1c568344d998a34a55edf399c
64,60000,0.12,0xe403f32a9dad5b5c17aa68dc90abda2befd29dd7,2017-10-28T01:09:03.000Z,0.000002,0x5e4c8b04c9753ad2bcd2b5d82281b8546df27b50,sell,0xae4191a7eb25713ac90483ea75828ae8038f94dc,0x988d0612ae1c9632425493967da7e006bc4a6bc5c764db865400adf612671397
65,11,0.000165,0x5e4c8b04c9753ad2bcd2b5d82281b8546df27b50,2017-10-28T00:58:56.000Z,0.000015,0x5e4c8b04c9753ad2bcd2b5d82281b8546df27b50,buy,0xae4191a7eb25713ac90483ea75828ae8038f94dc,0xdea0cbff79d536705336374e1a5374a837c310345fd4152d1d5b02774daf740e
66,11,0.000219989,0x5e4c8b04c9753ad2bcd2b5d82281b8546df27b50,2017-10-28T00:45:38.000Z,0.000019999,0x5e4c8b04c9753ad2bcd2b5d82281b8546df27b50,buy,0xae4191a7eb25713ac90483ea75828ae8038f94dc,0x1568d56705d0ca1e5da2fb399c3270b6b98a464ffb2375508c51819cf9e1af5e
67,10,0.00015,0x5e4c8b04c9753ad2bcd2b5d82281b8546df27b50,2017-10-28T00:45:18.000Z,0.000015,0x5e4c8b04c9753ad2bcd2b5d82281b8546df27b50,buy,0xae4191a7eb25713ac90483ea75828ae8038f94dc,0x88910a95820e1db0879327a64e47824a6d8befda91d73bb64c4f92fd93890f08
68,1000,0.004,0x57534320de36797294b1b2715125d285da683349,2017-10-27T23:35:38.000Z,0.000004,0xc12787b02b996c0c23de426b60c4dd59548a5f86,buy,0xae4191a7eb25713ac90483ea75828ae8038f94dc,0x2d9e1eb08a9683c2149a8ee991174389cd8fa175a7a401289a33a675d409cb20
69,0.3618530337828914,0.000000434223640539,0xc12787b02b996c0c23de426b60c4dd59548a5f86,2017-10-27T22:50:58.000Z,0.0000011999999999987,0x1f59c2b92161711616b4418153923f14d55d2d4c,sell,0xae4191a7eb25713ac90483ea75828ae8038f94dc,0xa4675bd7e98cf16f5d4c9d6dd171e279c4c197cb04d3c4a317f0c58ebecf07ba
70,3629.747781876184,0.00435569733825142,0xc12787b02b996c0c23de426b60c4dd59548a5f86,2017-10-27T22:48:48.000Z,0.00000119999999999999,0x1f59c2b92161711616b4418153923f14d55d2d4c,sell,0xae4191a7eb25713ac90483ea75828ae8038f94dc,0x63793c48f11d7b51fbbabdb6eaab39ba6ab5321eb94d29e714ef1d6fd6509379
71,6200,0.0248,0x57534320de36797294b1b2715125d285da683349,2017-10-27T22:27:21.000Z,0.000004,0xc12787b02b996c0c23de426b60c4dd59548a5f86,buy,0xae4191a7eb25713ac90483ea75828ae8038f94dc,0x8be3a7ba69e0081a86da8fbf4954ab36b803a8fa2da9c9e47e145a738f508f6c
72,13398.464759246337,0.010102442428471737,0x1804206b5be10e6d88ee076f73c6e9b50097f236,2017-10-26T11:06:56.000Z,0.00000075399999999999,0x68b4683475747e28a83596e94b58187d452099cf,sell,0xae4191a7eb25713ac90483ea75828ae8038f94dc,0x613586ccd03d39b8e8654559a008c1afee0630b8c305b8e6c8194ae68becae4c
73,1.2758772995618677,0.000000450384686745,0xf36990a2cb4d609e0a7d4f3bf884c0342d81fd3d,2017-10-25T20:54:40.000Z,0.00000035299999999973,0xbaa231ae438c2ce0059a8f008e951cfe4848d9ea,sell,0xae4191a7eb25713ac90483ea75828ae8038f94dc,0x0bb364ba32337977d69857d41a29ed84a9baa8fcb3a61b48dc980cedc64ce606
74,12798.325191905094,0.004517808792742498,0xf36990a2cb4d609e0a7d4f3bf884c0342d81fd3d,2017-10-25T20:53:56.000Z,0.00000035299999999999,0xbaa231ae438c2ce0059a8f008e951cfe4848d9ea,sell,0xae4191a7eb25713ac90483ea75828ae8038f94dc,0x23d0aba29835834d90beb8f9db2ac3a0887e6f7ef35b8724e4593ec83a834e7d
75,14000,0.028,0xe403f32a9dad5b5c17aa68dc90abda2befd29dd7,2017-10-25T20:52:31.000Z,0.000002,0xbaa231ae438c2ce0059a8f008e951cfe4848d9ea,sell,0xae4191a7eb25713ac90483ea75828ae8038f94dc,0x62e09e978bdea73d6b3ce97142c1b56b03f84dc929decc38907836fa3805a130
76,1685.2508762962646,0.008426254381481323,0x1804206b5be10e6d88ee076f73c6e9b50097f236,2017-10-25T20:42:55.000Z,0.000005,0x4cb48fa9a7c07b36fe5e666f2082b8e0ec2ffc1a,buy,0xae4191a7eb25713ac90483ea75828ae8038f94dc,0x0652c9b1a5bc719085c97fe32b3e9ff386f4fbbc993461170354574bff97c2ab
77,677,0.004062,0xd8d06134e33e921cd7a7487a3e38cdbe82564f9c,2017-10-25T03:49:17.000Z,0.000006,0x4cb48fa9a7c07b36fe5e666f2082b8e0ec2ffc1a,buy,0xae4191a7eb25713ac90483ea75828ae8038f94dc,0x2566facee498363ba0bdc8b9c2d68abe94f2bfc5985f086a7f8b81aee0c47c2e
78,13398.464759246337,0.02143754361479414,0xe403f32a9dad5b5c17aa68dc90abda2befd29dd7,2017-10-24T22:18:16.000Z,0.00000159999999999999,0x95e52a150e4a6f18323fb0d52066d130d1b79e22,sell,0xae4191a7eb25713ac90483ea75828ae8038f94dc,0xa067a5e1faf056c03cab70d581f3a7e41697daa95b0836f3e457e7a28b3d922e
79,13398.464759246337,0.0160781577110956,0x771286645c4fa423ccd80cb751736e32f5c5f8ae,2017-10-24T12:38:24.000Z,0.00000119999999999999,0xb94fe30bb4fc91dd94ba3fdbb21022dd7ce4c27a,sell,0xae4191a7eb25713ac90483ea75828ae8038f94dc,0x41a147e5110ca6c297d9bbc16dea975095cd43aeb02862e3619fcba4721db195
80,10000,0.00301,0x8b182a4526944fa498970732a69a95d281c3c8a9,2017-10-23T22:18:24.000Z,0.000000301,0xaa5537cbb29d8b0f64e201ebcc943aa3ddc3de20,sell,0xae4191a7eb25713ac90483ea75828ae8038f94dc,0x2fdcb673930e89dca4df00f4f57a80ea034d0d486d576f2ba978e45f8bebe0e1
81,396.09232116159177,0.001069845359457459,0x5e4c8b04c9753ad2bcd2b5d82281b8546df27b50,2017-10-23T21:23:14.000Z,0.00000270099999999999,0xec8f09b8c72fd7befdae53802c18924dac4d4dd2,sell,0xae4191a7eb25713ac90483ea75828ae8038f94dc,0xbfe2a4f9afc948380c1dc1ac8ca1718f3d01b31b9d1a0d6a765f21d9e3a15727
82,3000,0.009,0x4cb48fa9a7c07b36fe5e666f2082b8e0ec2ffc1a,2017-10-23T21:21:59.000Z,0.000003,0xec8f09b8c72fd7befdae53802c18924dac4d4dd2,sell,0xae4191a7eb25713ac90483ea75828ae8038f94dc,0x6c4553dcc2fcecbc43dddd153df84ee7cfa71cae23a28be5f30639a77a02c25f
83,83202.07357192703,0.25043824145150034,0x5e4c8b04c9753ad2bcd2b5d82281b8546df27b50,2017-10-23T21:21:59.000Z,0.00000300999999999999,0xec8f09b8c72fd7befdae53802c18924dac4d4dd2,sell,0xae4191a7eb25713ac90483ea75828ae8038f94dc,0x68fbcbb8261fe5629272f7911937a1d7e091608774a73f9868c5b30a10ca927f
84,1000,0.0035,0x4cb48fa9a7c07b36fe5e666f2082b8e0ec2ffc1a,2017-10-23T21:21:38.000Z,0.0000035,0xec8f09b8c72fd7befdae53802c18924dac4d4dd2,sell,0xae4191a7eb25713ac90483ea75828ae8038f94dc,0x506c211c9a5037714d655d1b5177e358c9ff04c702a9074c75e9995108b33450
85,33000,0.1188,0xe403f32a9dad5b5c17aa68dc90abda2befd29dd7,2017-10-23T21:21:38.000Z,0.0000036,0xec8f09b8c72fd7befdae53802c18924dac4d4dd2,sell,0xae4191a7eb25713ac90483ea75828ae8038f94dc,0x9959920e8f5c13ebedb80b6807ae3528a62f90a6fc2067062d835ec4b7674bf3
86,13398.464759246337,0.04287508722958828,0xe403f32a9dad5b5c17aa68dc90abda2befd29dd7,2017-10-23T16:51:17.000Z,0.00000319999999999999,0x5055c528b57aa9e48776e557b42f8105154d3f7c,sell,0xae4191a7eb25713ac90483ea75828ae8038f94dc,0xaac8b8e40c4784cf1c9178030ea6f8f034cb728c032808b03d6ba57af67bb25c
87,2323,0.013938,0x54b59cbea68b581f1fa6ae1c3d5ea0643e8e2378,2017-10-23T15:39:55.000Z,0.000006,0x4cb48fa9a7c07b36fe5e666f2082b8e0ec2ffc1a,buy,0xae4191a7eb25713ac90483ea75828ae8038f94dc,0xac8b68b3b245c286a04ee9efa8a3093dd366f040865e01efe43450b80c22acb4
88,13398.464759246337,0.04032937892533147,0x5e4c8b04c9753ad2bcd2b5d82281b8546df27b50,2017-10-23T02:49:42.000Z,0.00000300999999999999,0x1fc8317029084d207277178b701ca2ef440fb65d,sell,0xae4191a7eb25713ac90483ea75828ae8038f94dc,0x36f602043b7e51e6f81952545ed7efe71320c219f76217606fdfaa9e181e49a4
89,3399.4616688266374,0.010232379623168178,0x5e4c8b04c9753ad2bcd2b5d82281b8546df27b50,2017-10-22T19:56:07.000Z,0.00000300999999999999,0x87c31e4d68ed7357e254e0d93f6ed457095055a3,sell,0xae4191a7eb25713ac90483ea75828ae8038f94dc,0x5d9b6445121502303d5971a7ea17bbd88c49241072e54367146a59fce0d5a9df
90,10000,0.031,0xc12787b02b996c0c23de426b60c4dd59548a5f86,2017-10-22T19:53:24.000Z,0.0000031,0x87c31e4d68ed7357e254e0d93f6ed457095055a3,sell,0xae4191a7eb25713ac90483ea75828ae8038f94dc,0xd767914986e1e6483fa31ce1161f30bc0436c33863158cf3a80b937fbb6662d8
91,500,0.0049995,0xe403f32a9dad5b5c17aa68dc90abda2befd29dd7,2017-10-21T17:18:35.000Z,0.000009999,0xf36990a2cb4d609e0a7d4f3bf884c0342d81fd3d,buy,0xae4191a7eb25713ac90483ea75828ae8038f94dc,0x4e2eeef6732b30320b20261421d3f4faa2e806e704df027d16498459bbc28a16
92,2000,0.008,0xe403f32a9dad5b5c17aa68dc90abda2befd29dd7,2017-10-21T17:17:44.000Z,0.000004,0x4cb48fa9a7c07b36fe5e666f2082b8e0ec2ffc1a,buy,0xae4191a7eb25713ac90483ea75828ae8038f94dc,0xd6682fd18bcd2f65e7409670982400428531e921bca64190405b829ee166983a
93,2945.3899436526754,0.011192481785880167,0xe403f32a9dad5b5c17aa68dc90abda2befd29dd7,2017-10-21T17:15:47.000Z,0.0000038,0xbede750d17ab647cab6b45b8765347dff3fbb89a,buy,0xae4191a7eb25713ac90483ea75828ae8038f94dc,0x635fecb1470083aaf5db7d987738cf422bde9423261845e5a93944fc574a35db
94,7.726255963705216,0.000020706365982729,0x771286645c4fa423ccd80cb751736e32f5c5f8ae,2017-10-21T02:14:45.000Z,0.00000267999999999987,0x1af57b15f375396dab8ed0446782188849059cd4,sell,0xae4191a7eb25713ac90483ea75828ae8038f94dc,0x8a7e5774b12f4889605ab007b0fe774f2b3c64d516477783f737bd6ecdfd1dcf
95,10494.610056347325,0.039879518214119836,0x162ea9c58164e2193d98cc97e8de3d962cab4044,2017-10-20T22:28:27.000Z,0.0000038,0xbede750d17ab647cab6b45b8765347dff3fbb89a,buy,0xae4191a7eb25713ac90483ea75828ae8038f94dc,0xc9cf5a34f4cf43f98a553c6d7aacdddf0781ef2093c7355be7f29acbe214d83a
96,13398.464759246337,0.03590788555478018,0x771286645c4fa423ccd80cb751736e32f5c5f8ae,2017-10-20T11:03:18.000Z,0.00000267999999999999,0x91cba5a19d234f2b07257673906411847e890804,sell,0xae4191a7eb25713ac90483ea75828ae8038f94dc,0x54eadf5d694d4f29f86302da2c3cf1a4aa839e5d36ba9ffa378308d6ceb7f1a4
97,13440,0.059136,0x304c929780c19ae230022779a75b451f63d4705f,2017-10-20T08:02:30.000Z,0.0000044,0xfa410cbf8064c8343497883ae3bcc86977307bb3,buy,0xae4191a7eb25713ac90483ea75828ae8038f94dc,0xddadb66ac7b7553df0b74ec0053b2b52a9d991030ef829dfac114a7cb52cae81
98,40195.39427773901,0.1057138869504536,0x771286645c4fa423ccd80cb751736e32f5c5f8ae,2017-10-20T04:30:03.000Z,0.00000262999999999999,0x2a02904c2d7510a28d184387aab187478182a60b,sell,0xae4191a7eb25713ac90483ea75828ae8038f94dc,0xa7ca8f93b30cc27bf3f2d6675878eec1d28137a02abb5b23bc83956dc262b423
99,1,0.0000044,0x6cdea8e07bf82d7a07dbf36642d6e5be8623845c,2017-10-20T02:18:03.000Z,0.0000044,0xbbe8a1421d8583194bd959a640cb82225650c748,buy,0xae4191a7eb25713ac90483ea75828ae8038f94dc,0x7e7a253c9e17e96a1f0b5fa579b62dbcb708363a7c6570055f8dc8ea9b4c281f
100,4000,0.0176,0xd4504ceded844c0bbdf74de176edbe357995be7d,2017-10-19T19:32:52.000Z,0.0000044,0xbbe8a1421d8583194bd959a640cb82225650c748,buy,0xae4191a7eb25713ac90483ea75828ae8038f94dc,0x7f5d02503b019d633c2e92fd4365a1bf7f6bbd73f847d6c5c762fa500aa7ca46
101,2440,0.012688,0x304c929780c19ae230022779a75b451f63d4705f,2017-10-19T18:37:32.000Z,0.0000052,0x4cb48fa9a7c07b36fe5e666f2082b8e0ec2ffc1a,buy,0xae4191a7eb25713ac90483ea75828ae8038f94dc,0x6c75217ac8300267608c2415a8a60cc8ef6b660908372e780ec80c09569e9d8e
102,13398.464759246337,0.03523796231681786,0x771286645c4fa423ccd80cb751736e32f5c5f8ae,2017-10-19T14:40:48.000Z,0.00000262999999999999,0x8b3117df72155b305dbc8c4f40df6a2b4c06a461,sell,0xae4191a7eb25713ac90483ea75828ae8038f94dc,0x92eb545f2618105c0a089c93d3d7949f6a94d5a304d80c86172eb4e4d994d145
103,13440,0.04704,0x8d9c6fabbe86b246e247146684bf53678699b375,2017-10-19T10:10:11.000Z,0.0000035,0x223fd352fe860bb7872fdc58e055923214a95001,buy,0xae4191a7eb25713ac90483ea75828ae8038f94dc,0xfd061000bced6a88544cfddc8cbb3c639c4bbe88c8718a656bd4c1190c1be60d
104,485,0.000873,0xbbe8a1421d8583194bd959a640cb82225650c748,2017-10-18T17:37:45.000Z,0.0000018,0xb5ee19efcff6d032cc511e5746758f965a44c1d4,sell,0xae4191a7eb25713ac90483ea75828ae8038f94dc,0xa1218448945954f3e5871bfe4f12af1542763a89be515c3e8e7fe6733e55c443
105,1,0.000006,0x3ac636ac5c3a2576156ac5f10066ca68abe0ad54,2017-10-18T17:18:20.000Z,0.000006,0xc12787b02b996c0c23de426b60c4dd59548a5f86,buy,0xae4191a7eb25713ac90483ea75828ae8038f94dc,0x87e7a669aea6634d4a2dd63dee3794e35ba6a64a7dfc9ead9a1f1bfdc9ea7374
106,13398.464759246337,0.024117236566643406,0xbbe8a1421d8583194bd959a640cb82225650c748,2017-10-18T17:17:44.000Z,0.00000179999999999999,0xdb5fae9f8ddd9c502cd432b4640b6a12ffdfd02f,sell,0xae4191a7eb25713ac90483ea75828ae8038f94dc,0x1370d29b2f30ef058a6c67928e45af8eb2aff806449c3bbbcb7ceb2d62720272
107,9970.092712590967,0.017946166882663744,0xc12787b02b996c0c23de426b60c4dd59548a5f86,2017-10-18T16:20:26.000Z,0.00000179999999999999,0x389b675cdd46602197f71d0ac0b422e850f9cecd,sell,0xae4191a7eb25713ac90483ea75828ae8038f94dc,0xa73807f9272c7280e055fef4ed970384ea5de2c530a94e8a801d63bfdd1886f0
108,83.33333333333333,0.0005,0x379374d13077e8867ef31803c37baf9785a17c00,2017-10-18T15:13:58.000Z,0.000006,0xc12787b02b996c0c23de426b60c4dd59548a5f86,buy,0xae4191a7eb25713ac90483ea75828ae8038f94dc,0x19485b781513ecc0b5fa689a08d6fd338c57617a2c4de07ab7b27c95c7d79990
109,83.33333333333333,0.0005,0xf9695cd65d6dfdf257fab76a3eb0cb8f001971cc,2017-10-18T15:12:58.000Z,0.000006,0xc12787b02b996c0c23de426b60c4dd59548a5f86,buy,0xae4191a7eb25713ac90483ea75828ae8038f94dc,0x2b6ba1dfabeac7127708d056b34bf9eaeb8cda8a57fd80231c64cbad547d4df2
110,13398.464759246337,0.024117236566643406,0xd92ce5941305b7cf1e5cc5713b93db2b651a4fdf,2017-10-18T11:03:44.000Z,0.00000179999999999999,0x7e60aad04738b80eaad7da83a8465f8886511ff4,sell,0xae4191a7eb25713ac90483ea75828ae8038f94dc,0x7c71e0d7d6dd915b1c04b68033f9f2ae4eb528044402cb57610b362a84a73928
111,14358.985544173636,0.08687186254225049,0x8d9c6fabbe86b246e247146684bf53678699b375,2017-10-18T09:38:55.000Z,0.00000605,0xc12787b02b996c0c23de426b60c4dd59548a5f86,buy,0xae4191a7eb25713ac90483ea75828ae8038f94dc,0xa2aaa8509ca27f2c13da62b75094e37cfeeeae1df9cae33b0aa9c143b2215ea1
112,13440,0.08129856,0x8d9c6fabbe86b246e247146684bf53678699b375,2017-10-18T09:37:59.000Z,0.000006049,0x97c5c53f8acac416f87a884f6f923ae063ebaacd,buy,0xae4191a7eb25713ac90483ea75828ae8038f94dc,0x1c6119550e2d2a6f0e991415ad13a855a18286cdc1659e6a0c0893291d327487
113,26880,0.16128,0x8d9c6fabbe86b246e247146684bf53678699b375,2017-10-18T09:36:45.000Z,0.000006,0x39ec3d6a883e0a8f20aea25947857aea1442ff85,buy,0xae4191a7eb25713ac90483ea75828ae8038f94dc,0x14fd0990c842874d2bc89a03af57c8deb2e29ae09f658c6ac3aab48e059193b2
114,13440,0.07392,0x8d9c6fabbe86b246e247146684bf53678699b375,2017-10-18T09:34:30.000Z,0.0000055,0x496c36e316bb4c703295a78ed1b64625240d4617,buy,0xae4191a7eb25713ac90483ea75828ae8038f94dc,0xfe662a48da8dca8f3877fe71d3a83238f4d6737046007e0c0a2a5f5e2242d9ed
115,12467.896537733028,0.004401167477819758,0xf36990a2cb4d609e0a7d4f3bf884c0342d81fd3d,2017-10-17T18:44:29.000Z,0.00000035299999999999,0x3b9a1e0841635d231f831a9892530732867e5c3e,sell,0xae4191a7eb25713ac90483ea75828ae8038f94dc,0xedafdc1ed3f6e5680751365ecac9c5dd1dad80c29a038a878aa72d4cc61bbb66
116,930.661,0.0016751898,0xc12787b02b996c0c23de426b60c4dd59548a5f86,2017-10-17T18:41:43.000Z,0.0000018,0x3b9a1e0841635d231f831a9892530732867e5c3e,sell,0xae4191a7eb25713ac90483ea75828ae8038f94dc,0xe6abe5c3feafe2fdad25ed8acf48dfe59276b77384aa7bcb9a59a1b907fa16ac
117,6798.584773203071,0.012237452591765527,0xc12787b02b996c0c23de426b60c4dd59548a5f86,2017-10-17T18:28:40.000Z,0.00000179999999999999,0x36791a6a2709455ff6ecd9c7699d490bf815fbce,sell,0xae4191a7eb25713ac90483ea75828ae8038f94dc,0x3cca54469d280184aeca2c470e2fe725b7f51530cf16420bc128fd3835dba228
118,6600.538,0.01194697378,0xd92ce5941305b7cf1e5cc5713b93db2b651a4fdf,2017-10-17T18:26:56.000Z,0.00000181,0x36791a6a2709455ff6ecd9c7699d490bf815fbce,sell,0xae4191a7eb25713ac90483ea75828ae8038f94dc,0x4c486d4db0f033798bffdfcb3585c1b0bfa5597502508179dcda0fd7b151f511
119,3399.4616688266374,0.006153025620576213,0xd92ce5941305b7cf1e5cc5713b93db2b651a4fdf,2017-10-17T18:05:24.000Z,0.00000180999999999999,0xd1be7b2a693cc11badc87c084a8adfb73d518211,sell,0xae4191a7eb25713ac90483ea75828ae8038f94dc,0x91b146aabb83b7cee09957ca031180a27350cd41a4217a20ac778f22349bd1ba
120,10000,0.02,0xc12787b02b996c0c23de426b60c4dd59548a5f86,2017-10-17T18:04:12.000Z,0.000002,0xd1be7b2a693cc11badc87c084a8adfb73d518211,sell,0xae4191a7eb25713ac90483ea75828ae8038f94dc,0xa456b92f4554da27cc2906584877551436ec1e943f8830301c93731f85bcd088
121,77.51937984496124,0.0005,0x16e5d97bbc92417e051e3b2cabfbf8ceea2acb9c,2017-10-17T17:43:38.000Z,0.00000645,0x6e4e0ca28f79ff4448a3e9fbf815583c1354e216,buy,0xae4191a7eb25713ac90483ea75828ae8038f94dc,0xcba8f9ae9af2d9203172652c0b66609bf0b231d4b9f63036a1018f299f50b463
122,77.51937984496124,0.0005,0x42c24a83bded723edfdf5883bc7efb30bc1a1bf3,2017-10-17T15:22:42.000Z,0.00000645,0x6e4e0ca28f79ff4448a3e9fbf815583c1354e216,buy,0xae4191a7eb25713ac90483ea75828ae8038f94dc,0xcb484a523926ec754adce499621e4afc5574cc20d1bfdc14076e98780e8bc42a
123,67.11409395973155,0.0005,0xcd912af5286dc0b0a23edb30209734ecb60838b3,2017-10-17T05:16:44.000Z,0.00000745,0x736870ba22c8296525f3aa9a37c6d8bf4cff4810,buy,0xae4191a7eb25713ac90483ea75828ae8038f94dc,0xb5ff579206bb8fdd9a35840a77ae8d17409bde37813e05eef1b75654f3ee865d
124,15000,0.112365,0x74dfaa77ae0b49e29e29a2a9eb074993950e219c,2017-10-16T08:02:43.000Z,0.000007491,0xc12787b02b996c0c23de426b60c4dd59548a5f86,buy,0xae4191a7eb25713ac90483ea75828ae8038f94dc,0x85a81096a5b97b1fc292dc4b4a797088245a2fd8228dc364e4e801b1993c970d
125,13440,0.09408,0x74dfaa77ae0b49e29e29a2a9eb074993950e219c,2017-10-16T07:45:27.000Z,0.000007,0x458c46570b39e85f860b19c526c8c98650b73026,buy,0xae4191a7eb25713ac90483ea75828ae8038f94dc,0x48c4b0417d9d1b7f5465e60b24ddbe9721d63d5c986647d591b369b05d7c20f4
126,6850,0.0436208,0x74dfaa77ae0b49e29e29a2a9eb074993950e219c,2017-10-16T05:33:18.000Z,0.000006368,0xb483e1ebe2766c64b3ce5edb1a5fd4a69c7682e0,buy,0xae4191a7eb25713ac90483ea75828ae8038f94dc,0x26610055c499f1930c56866fd6c55494c9bed7805d628c56dc1553e3349aa9f9
127,38.879473631741604,0.000062906988336157,0x771286645c4fa423ccd80cb751736e32f5c5f8ae,2017-10-15T10:54:42.000Z,0.00000161799999999997,0xd062457be36d5187a283f067da77df945d2d68af,sell,0xae4191a7eb25713ac90483ea75828ae8038f94dc,0x0f464fd9f1cbffd1ae94d92cb00ac9a2062c247982b3f7d3bb18b4c08423997a
128,13440,0.13438656,0x74dfaa77ae0b49e29e29a2a9eb074993950e219c,2017-10-15T02:22:08.000Z,0.000009999,0xc3eecea0347d97c59f3d0f9bdbeead6e8f858775,buy,0xae4191a7eb25713ac90483ea75828ae8038f94dc,0xd11a0bb4a0c8eac637c7ec8251771bf27675ed4fffddc869489679a75a002593
129,13440,0.11424,0x74dfaa77ae0b49e29e29a2a9eb074993950e219c,2017-10-15T02:14:44.000Z,0.0000085,0x22314348624cbe6cec28b8f26f41cc56e04f153a,buy,0xae4191a7eb25713ac90483ea75828ae8038f94dc,0x246ca6a1854dfe371b9f7768a88106f8d137b2da6bc9259482a95fc7683aa88b
130,13398.464759246337,0.014738311235170968,0xc12787b02b996c0c23de426b60c4dd59548a5f86,2017-10-15T02:09:17.000Z,0.00000109999999999999,0x207e6eebc61503d050cf343750a0ed0901305646,sell,0xae4191a7eb25713ac90483ea75828ae8038f94dc,0xdc52ed9939a6101215712f5a37a1ba55ea215f6fca5f57a09579812454c6ab74
131,13440,0.11424,0x74dfaa77ae0b49e29e29a2a9eb074993950e219c,2017-10-15T02:02:21.000Z,0.0000085,0x00616859400409116fb3c86f149e9e7905693a73,buy,0xae4191a7eb25713ac90483ea75828ae8038f94dc,0xc990d8cfdf20f5c0d9c29d733019fcd152e6b1a1c7f290420d8805bcf7869024
132,13438,0.1128792,0xe403f32a9dad5b5c17aa68dc90abda2befd29dd7,2017-10-15T01:04:19.000Z,0.0000084,0xdb04553c2d797f8b8a9055acd1a456e31b4e7817,buy,0xae4191a7eb25713ac90483ea75828ae8038f94dc,0x9db4c69c5087069507868657902fc90e142711a5a82434e5b656a2f5cbc85201
133,13440,0.11088,0x74dfaa77ae0b49e29e29a2a9eb074993950e219c,2017-10-14T23:51:10.000Z,0.00000825,0x104b8743d50f914ec83648eea2b6b87339fac8a2,buy,0xae4191a7eb25713ac90483ea75828ae8038f94dc,0xce861bbd4def0bc96e1b03707e1a53b4e60e108ec0cf15e00fbf17435c26630b
134,4000,0.0296,0x74dfaa77ae0b49e29e29a2a9eb074993950e219c,2017-10-14T23:51:02.000Z,0.0000074,0x4d57f35968c555a745e26766d0b87f3039b1b985,buy,0xae4191a7eb25713ac90483ea75828ae8038f94dc,0x88f60c7769b837f3d8aded96e76ba3c952604f97d24ebe061735efb56c37e8e5
135,13440,0.099456,0x4cc4bd0a8fc9bdb97791e44dc5e661b8c461c98b,2017-10-14T21:44:20.000Z,0.0000074,0x826886b490aa06b93900534851530c1f4a9f0a54,buy,0xae4191a7eb25713ac90483ea75828ae8038f94dc,0xa22e5d190f5a7a60786a11bd5b7993a72c5fd7bb960b90bc1b8419e3ec300754
136,13440,0.098112,0x4cc4bd0a8fc9bdb97791e44dc5e661b8c461c98b,2017-10-14T21:31:38.000Z,0.0000073,0x0a880217efba5d7cb8fc746dcc9a01a9e7c1e419,buy,0xae4191a7eb25713ac90483ea75828ae8038f94dc,0x699f1ead8bfa9da69b0e17c9c026fd7cb207d907f5b966ed29b8c94dbc55d726
137,13400,0.09715,0x4cc4bd0a8fc9bdb97791e44dc5e661b8c461c98b,2017-10-14T21:30:20.000Z,0.00000725,0xd062457be36d5187a283f067da77df945d2d68af,buy,0xae4191a7eb25713ac90483ea75828ae8038f94dc,0x6931b16734e3066b59f5df791c1a91848e332e7144fe7cd911d7b5f40f9ec96e
138,1.3,0.0000013,0x8d9c6fabbe86b246e247146684bf53678699b375,2017-10-14T19:06:38.000Z,0.000001,0x7d7d0321cc811ade3bf91d23749c096fd1c26d8c,sell,0xae4191a7eb25713ac90483ea75828ae8038f94dc,0xd5f2032084e487ae4f8a3845f1ae86cb30c735a0e9f8309313c96b2d53da80b6
139,13440,0.095424,0x74dfaa77ae0b49e29e29a2a9eb074993950e219c,2017-10-14T15:39:53.000Z,0.0000071,0xc456e22c41945be59d83f8e9bf121b1d8a635286,buy,0xae4191a7eb25713ac90483ea75828ae8038f94dc,0x8e8f2702a40b7aafc7b3d9aaa15f95310e143d76ba55988977f7f69ec662fb6c
140,13000,0.0949,0x74dfaa77ae0b49e29e29a2a9eb074993950e219c,2017-10-14T15:10:12.000Z,0.0000073,0x5d26ca4ee3be471a4c5eeccb3bac220603387c77,buy,0xae4191a7eb25713ac90483ea75828ae8038f94dc,0x8436b9cd0dd2eb75c79394e62078f268489f87e84a3e73b4aad8cfb44537de92
141,13440,0.1006656,0x74dfaa77ae0b49e29e29a2a9eb074993950e219c,2017-10-14T04:13:14.000Z,0.00000749,0xf85a5f48a7de7ac2b760689f2c227c92e26f9ea5,buy,0xae4191a7eb25713ac90483ea75828ae8038f94dc,0xc22c6dbf21add33268525c0998c3d431cb2b62c45626a0a66d5be69f7b5d0da5
142,13440,0.09408,0xe403f32a9dad5b5c17aa68dc90abda2befd29dd7,2017-10-14T02:43:54.000Z,0.000007,0xf9df3a2dc28ce72b19a1e79cb35f6e2ad1502992,buy,0xae4191a7eb25713ac90483ea75828ae8038f94dc,0x5b9c3c410c069cafbf583af9d48620b2ccf8a4f9e976025e7e0b718971d6c054
143,3461.631,0.0200774598,0x8d9c6fabbe86b246e247146684bf53678699b375,2017-10-13T14:33:12.000Z,0.0000058,0x166e9e207b79872280a33b6d4bd1b1b591602006,sell,0xae4191a7eb25713ac90483ea75828ae8038f94dc,0x6acf0b0687ab5c17ce37a130333ba61bd00743418e92da22021b9eb7a5fa2157
144,13398.464759246337,0.0040195394277739,0x5d26ca4ee3be471a4c5eeccb3bac220603387c77,2017-10-13T12:59:07.000Z,0.00000029999999999999,0xa01de6b319fc807f5810fb247deac2e3eee3059d,sell,0xae4191a7eb25713ac90483ea75828ae8038f94dc,0x8d7ffcfe8c910e46884e5fd26134462ef24abff2b785d46e5ebde5b31f34cad0
145,13398.464759246337,0.07771109560362875,0x8d9c6fabbe86b246e247146684bf53678699b375,2017-10-13T11:21:46.000Z,0.00000579999999999999,0xd14a86c1d73c2b583b540838ad2c541182138484,sell,0xae4191a7eb25713ac90483ea75828ae8038f94dc,0x0dadc1f2ec9ea599797b3ca86a9295cbf7fd7193502d11aa93b87c1562d23128
146,13399.80046503432,0.07771884269719904,0x8d9c6fabbe86b246e247146684bf53678699b375,2017-10-13T09:32:54.000Z,0.00000579999999999999,0x2f44f41d28eb82547e07abb16096aca2c3c40f84,sell,0xae4191a7eb25713ac90483ea75828ae8038f94dc,0x32c2921875fb5d5fcdbcfce98b3fdb268b6c0d6b2656507024ff3d93b8cd99c1
147,3699.4317615392283,0.021456704216927525,0x8d9c6fabbe86b246e247146684bf53678699b375,2017-10-13T09:29:22.000Z,0.00000579999999999999,0xc8cd137d8ad0646de03b86316bcf5ecca9e9b401,sell,0xae4191a7eb25713ac90483ea75828ae8038f94dc,0x0c8154ffbc0fa9400323699d07dcf9ea6bf64fd4fa2314d09047136ea7c2bae0
148,13398.464759246337,0.07771109560362875,0x8d9c6fabbe86b246e247146684bf53678699b375,2017-10-13T09:25:43.000Z,0.00000579999999999999,0xc6757a2b8e1fcda85dbaf0ed45133de95ab8a8c5,sell,0xae4191a7eb25713ac90483ea75828ae8038f94dc,0xb9dea625be91059f86b9baad83db08b1e15de67cef9c258f7144ba2250be343b
149,13399.68,0.077718144,0x8d9c6fabbe86b246e247146684bf53678699b375,2017-10-13T08:48:44.000Z,0.0000058,0xfe423f6b9b3aa093cc08831d9b106027f97e132e,sell,0xae4191a7eb25713ac90483ea75828ae8038f94dc,0x0e12ba609aff04925e2a1c096252f6b01b0dfb34aac3d85391d6551cb0b379e7
150,13440,0.008064,0xfe423f6b9b3aa093cc08831d9b106027f97e132e,2017-10-13T08:48:44.000Z,0.0000006,0x7fb30face695357c2b487c52516b00bae7c7be73,buy,0xae4191a7eb25713ac90483ea75828ae8038f94dc,0x0e12ba609aff04925e2a1c096252f6b01b0dfb34aac3d85391d6551cb0b379e7
151,5593,0.0324394,0x8d9c6fabbe86b246e247146684bf53678699b375,2017-10-13T08:32:46.000Z,0.0000058,0x72488b3f00dd0507a0981b2d801d10cb36e8a8d1,sell,0xae4191a7eb25713ac90483ea75828ae8038f94dc,0x53cf7cf299207a05d70ce523147b9fdcb26f5024fd3c2ba212d823bb3d8b7604
152,13399.80046503432,0.07771884269719904,0x8d9c6fabbe86b246e247146684bf53678699b375,2017-10-13T06:54:37.000Z,0.00000579999999999999,0x166e9e207b79872280a33b6d4bd1b1b591602006,sell,0xae4191a7eb25713ac90483ea75828ae8038f94dc,0x2211523aec99871b00fe25ed869ce604e1764a855980e26bd37b60fedaac3954
153,13398.464759246337,0.07771109560362875,0x8d9c6fabbe86b246e247146684bf53678699b375,2017-10-13T06:38:40.000Z,0.00000579999999999999,0x166e9e207b79872280a33b6d4bd1b1b591602006,sell,0xae4191a7eb25713ac90483ea75828ae8038f94dc,0xaeeca62ff89cc432ebe54cb695b391882619ac6a94e4fea20e1826d9325e1386
154,6851.261813915778,0.03973731852071151,0x8d9c6fabbe86b246e247146684bf53678699b375,2017-10-13T05:52:49.000Z,0.00000579999999999999,0xff97e52008f9bfe46a7aa6facc0320937fd18c06,sell,0xae4191a7eb25713ac90483ea75828ae8038f94dc,0x3d2f058236ecc768568246b2a68ffc47cb52582866bffe24e55acd463c71ad24
155,7805.718842536497,0.048676462702057596,0x771286645c4fa423ccd80cb751736e32f5c5f8ae,2017-10-13T05:45:28.000Z,0.00000623599999999999,0x72488b3f00dd0507a0981b2d801d10cb36e8a8d1,sell,0xae4191a7eb25713ac90483ea75828ae8038f94dc,0xbdfe11bdac8ad72b8899325fd9dc0cd8f55e7773fef5f4f878bfdfc2a7861bb7
156,6559.737971107233,0.04177241140001086,0x8d9c6fabbe86b246e247146684bf53678699b375,2017-10-13T05:36:24.000Z,0.00000636799999999999,0xff97e52008f9bfe46a7aa6facc0320937fd18c06,sell,0xae4191a7eb25713ac90483ea75828ae8038f94dc,0x95fcb03e585dada767d1cb2870168be50b46a63d5973ea79ec3992404a915efc
157,13398.464759246337,0.08355282623866016,0x771286645c4fa423ccd80cb751736e32f5c5f8ae,2017-10-13T04:38:12.000Z,0.00000623599999999999,0x16d2d762f71ce31f95cf56fc87e5305643bdcfe0,sell,0xae4191a7eb25713ac90483ea75828ae8038f94dc,0xd7d992e726b5d98757d4ddb71af52dd850341d88815424e1aa634534ed13387a
158,3399,0.021644832,0x8d9c6fabbe86b246e247146684bf53678699b375,2017-10-13T04:21:06.000Z,0.000006368,0x5bdc85d123ee8e62007ffe7b66b1a9b1d3dc58bb,sell,0xae4191a7eb25713ac90483ea75828ae8038f94dc,0x8318b9a7b5c1e699e3db40b5ff35e50abb379ecfc9890bfaae337b39560e6786
159,10000,0.06236,0x771286645c4fa423ccd80cb751736e32f5c5f8ae,2017-10-13T04:09:56.000Z,0.000006236,0x5bdc85d123ee8e62007ffe7b66b1a9b1d3dc58bb,sell,0xae4191a7eb25713ac90483ea75828ae8038f94dc,0x0f591a258158469708f35534a5cb69757079226f5d02bccd18c60d8e8c1a869e
160,76642.79726964643,0.48806133301310844,0x8d9c6fabbe86b246e247146684bf53678699b375,2017-10-13T03:54:44.000Z,0.00000636799999999999,0x7194e2671eff61260da5408089a5600de6f06f80,sell,0xae4191a7eb25713ac90483ea75828ae8038f94dc,0x0f78d4149613b9c5416eacdfcc9afb1b0ad1768dbf34d82053524c00ecc49be8
161,13398.464759246337,0.08532142358688066,0x8d9c6fabbe86b246e247146684bf53678699b375,2017-10-13T03:39:51.000Z,0.00000636799999999999,0x36c8f7c03efa71767b30c25cd0441f8b300d5950,sell,0xae4191a7eb25713ac90483ea75828ae8038f94dc,0x2148a70fe12d994b826cb7ac1dcb32f2e6dfd1d0e4d2ba978afc87e9d5c77460
162,9616.710803509122,0.05996980857068288,0x771286645c4fa423ccd80cb751736e32f5c5f8ae,2017-10-13T03:37:10.000Z,0.00000623599999999999,0xde77cfaba804ff7c5f94a554d92217dba91a4464,sell,0xae4191a7eb25713ac90483ea75828ae8038f94dc,0x9fd4e031681c3f6a9f94a11455c1b8b291d576e162eab23dcb42a3d4fa369efe
163,3782.131,0.024084610208,0x771286645c4fa423ccd80cb751736e32f5c5f8ae,2017-10-13T03:34:19.000Z,0.000006368,0xde77cfaba804ff7c5f94a554d92217dba91a4464,sell,0xae4191a7eb25713ac90483ea75828ae8038f94dc,0xe6ef85c0cf42cfcecedfbf05ada612827d2d363a667f965dfd2e7392116d4c07
164,2000,0.012736,0x771286645c4fa423ccd80cb751736e32f5c5f8ae,2017-10-13T03:00:28.000Z,0.000006368,0x4d57f35968c555a745e26766d0b87f3039b1b985,sell,0xae4191a7eb25713ac90483ea75828ae8038f94dc,0x1d8d994cd1c7d8b4ffcc6e1bbef31eecff54a6a283a7f27574582305453e52d2
165,3499.451699730834,0.022284508423885952,0x771286645c4fa423ccd80cb751736e32f5c5f8ae,2017-10-13T02:52:27.000Z,0.00000636799999999999,0x1343ebb4d2abd16db3fc0d8eb7461532346d17c9,sell,0xae4191a7eb25713ac90483ea75828ae8038f94dc,0x6395caec6b876878187fbf15773a2cab6c3c72fc31470c6df7ffe24c2a9d1314
166,6500,0.041392,0x771286645c4fa423ccd80cb751736e32f5c5f8ae,2017-10-13T00:28:40.000Z,0.000006368,0xb483e1ebe2766c64b3ce5edb1a5fd4a69c7682e0,sell,0xae4191a7eb25713ac90483ea75828ae8038f94dc,0xdbeefed70c31570b7bf137c3acfee4768918a4e6c2a1ee1c64be06a53f817df1
167,9700,0.0617696,0x771286645c4fa423ccd80cb751736e32f5c5f8ae,2017-10-12T21:15:25.000Z,0.000006368,0xc8cd137d8ad0646de03b86316bcf5ecca9e9b401,sell,0xae4191a7eb25713ac90483ea75828ae8038f94dc,0x183e9f5d8928bf03f263aa9858a4d80f5ef1af8ae23f579848140753d7b04925
168,13398.464759246337,0.08532142358688066,0x771286645c4fa423ccd80cb751736e32f5c5f8ae,2017-10-12T20:28:02.000Z,0.00000636799999999999,0x135c91795a4859b2e0dfabf8ae0890cca1f0042e,sell,0xae4191a7eb25713ac90483ea75828ae8038f94dc,0x585ed8c800fb97eae02b8896db22b7b0939327d2521c626c9ad8d51b090af170
169,13398.464759246337,0.08532142358688066,0x771286645c4fa423ccd80cb751736e32f5c5f8ae,2017-10-12T19:48:58.000Z,0.00000636799999999999,0x7d7d0321cc811ade3bf91d23749c096fd1c26d8c,sell,0xae4191a7eb25713ac90483ea75828ae8038f94dc,0x2254e7ea5f7dcc1c4c2f5be8e487333d30d6bb9c9d67a285535542331c10eb26
170,13440,0.08558592,0x7194e2671eff61260da5408089a5600de6f06f80,2017-10-12T13:15:38.000Z,0.000006368,0x9e7c4003f511fff551a14d747a0c4127881017b1,buy,0xae4191a7eb25713ac90483ea75828ae8038f94dc,0xd55f2a396cd67c47ab7049767e5c1ff6b8ba0028001857674574b480143930ce
171,13398.464759246337,0.08532142358688066,0x771286645c4fa423ccd80cb751736e32f5c5f8ae,2017-10-12T13:05:45.000Z,0.00000636799999999999,0x08289cf66354969aae72a0f9429da54cb4c23b84,sell,0xae4191a7eb25713ac90483ea75828ae8038f94dc,0x537935f8fad969e21ed53e3e69dd2b2820dbd5957a9d84a9b851e54ce4214b20
172,119179.10559470805,0.7432009024885994,0x771286645c4fa423ccd80cb751736e32f5c5f8ae,2017-10-12T13:00:07.000Z,0.00000623599999999999,0xff97e52008f9bfe46a7aa6facc0320937fd18c06,sell,0xae4191a7eb25713ac90483ea75828ae8038f94dc,0x05c9ae8ecd7609c6190b42e2412c73b8e9caee9dbbf22bc29c7d3819a336720a
173,9969.557973058607,0.0634861451724372,0x771286645c4fa423ccd80cb751736e32f5c5f8ae,2017-10-12T12:23:02.000Z,0.00000636799999999999,0xd59287c566816360f12d6ad9a6bba0ac8a1ad72b,sell,0xae4191a7eb25713ac90483ea75828ae8038f94dc,0x04a78f2f247f90052843bbe91746e3dbc181e47020ae9179d0d0953ef95d9829
174,6955,0.04428944,0x771286645c4fa423ccd80cb751736e32f5c5f8ae,2017-10-12T11:05:32.000Z,0.000006368,0x24802cf659a5974b00989575b23532ab696f2df8,sell,0xae4191a7eb25713ac90483ea75828ae8038f94dc,0x0fe59edec4287700feaf4e57af6545db9d576d2eceb5158e6a2e5827011c16fb
175,4769.2307692307695,0.031,0x170a328be8889510e973286e9e68556ab7b0e935,2017-10-12T10:52:56.000Z,0.00000649999999999999,0x6e4e0ca28f79ff4448a3e9fbf815583c1354e216,sell,0xae4191a7eb25713ac90483ea75828ae8038f94dc,0xd518c505f4b64a4081a87c32cda24b31753680d1c359db89130bb1f94ce326e4
176,13398.464759246337,0.08532142358688066,0x771286645c4fa423ccd80cb751736e32f5c5f8ae,2017-10-12T10:35:22.000Z,0.00000636799999999999,0xbd234fee11fc8dad8f77b326abab21e2ca2190df,sell,0xae4191a7eb25713ac90483ea75828ae8038f94dc,0xa985c708a5283bd93f377096c1aff4780780b61e0f1e9091a45b9287b5f70a64
177,2538.715,0.016666663975,0x5d5065b42bdee0274e394ba9042c21e1818c69cf,2017-10-12T10:33:55.000Z,0.000006565,0x6e4e0ca28f79ff4448a3e9fbf815583c1354e216,sell,0xae4191a7eb25713ac90483ea75828ae8038f94dc,0x0676311e77a728af93f2ce425e54d65598f32259f6e97594d0364ed1fcb6fc0b
178,6443.827135878776,0.04252925909679992,0x7194e2671eff61260da5408089a5600de6f06f80,2017-10-12T09:57:06.000Z,0.00000659999999999999,0x24802cf659a5974b00989575b23532ab696f2df8,sell,0xae4191a7eb25713ac90483ea75828ae8038f94dc,0xf13835826722e8438b21310bbaf855ea0b700acde410db11963067ec857850fc
179,6798.122819260293,0.044867610607117935,0x7194e2671eff61260da5408089a5600de6f06f80,2017-10-12T09:04:06.000Z,0.00000659999999999999,0x28df321d9885a28cfd8a4cdbd249604c30e5ff05,sell,0xae4191a7eb25713ac90483ea75828ae8038f94dc,0xe30accbd52047b90f250876ad2b920e7862394d01813706e94ab94fd3a1c2e0d
180,3359.585285614595,0.022173262885056326,0x7194e2671eff61260da5408089a5600de6f06f80,2017-10-12T07:50:02.000Z,0.00000659999999999999,0x2d9dc8d1f14706ece468261daee11d13b379c14b,sell,0xae4191a7eb25713ac90483ea75828ae8038f94dc,0xd0f6e961f957c0bb41e0e9e4f789ed1191417b120900ee3b4346d5b8b9dc0c53
181,10000,0.071,0xa1a94ef4661e4e96d04883228ed9ed85691f28f8,2017-10-12T07:43:20.000Z,0.0000071,0x2d9dc8d1f14706ece468261daee11d13b379c14b,sell,0xae4191a7eb25713ac90483ea75828ae8038f94dc,0xbe470b2cd797c07354170053bea3e3d0fad74052e22c1ba64cc16c5bd10956c6
182,13398.464759246337,0.08842986741102582,0x7194e2671eff61260da5408089a5600de6f06f80,2017-10-12T04:44:40.000Z,0.00000659999999999999,0x416b562644966f9359a5e35ebecc3c1a9a2077ff,sell,0xae4191a7eb25713ac90483ea75828ae8038f94dc,0x6c1dce7e2f4dd08550836e3f96ec0f4d272270aa82f9251c8328b50a9cedd72b
183,13440,0.088704,0x7194e2671eff61260da5408089a5600de6f06f80,2017-10-12T04:10:42.000Z,0.0000066,0xc8d62644dacf4e4653037d1be93c9dfa6ddf5c11,buy,0xae4191a7eb25713ac90483ea75828ae8038f94dc,0xebef1309ae59a7ec00e7aa2dcc5325f503d24b032b5128a59a028340d155600b
184,9900,0.158301,0xc52514925ccb82f6472ab69b24032832dcaf33e1,2017-10-12T03:26:20.000Z,0.00001599,0x1343ebb4d2abd16db3fc0d8eb7461532346d17c9,sell,0xae4191a7eb25713ac90483ea75828ae8038f94dc,0x606105e4a20cf2a6862eb31c273cd6ca6198c9824efe17ea534780f11cdba1d4
185,14810,0.1202572,0x69f11eadaae674f04096711cde1752e86a56ed80,2017-10-12T02:25:31.000Z,0.00000812,0xff97e52008f9bfe46a7aa6facc0320937fd18c06,sell,0xae4191a7eb25713ac90483ea75828ae8038f94dc,0xbb44979764690ca083a2d8628a6092345ce961f0726c9a05711ed4680e2d35c3
186,6601,0.0541282,0x86ea1a9a2c42c28343bd0c7de8a60a1b9bf9c654,2017-10-12T02:15:18.000Z,0.0000082,0x28df321d9885a28cfd8a4cdbd249604c30e5ff05,sell,0xae4191a7eb25713ac90483ea75828ae8038f94dc,0xb3dd42f4dce0651e6ce72592952dbcd13498235e9b2328c2266ddf85ebafce5d
187,29908.220516399164,0.24225658618283322,0xbbe8a1421d8583194bd959a640cb82225650c748,2017-10-12T01:09:55.000Z,0.00000809999999999999,0xff97e52008f9bfe46a7aa6facc0320937fd18c06,sell,0xae4191a7eb25713ac90483ea75828ae8038f94dc,0xad039ebe3524b5ba9a348e5efa33229dc8593aa1b32c4e6680a1b4b8f50e09ed
188,23688,0.192133368,0x74dfaa77ae0b49e29e29a2a9eb074993950e219c,2017-10-12T01:04:35.000Z,0.000008111,0xff97e52008f9bfe46a7aa6facc0320937fd18c06,sell,0xae4191a7eb25713ac90483ea75828ae8038f94dc,0xa03d2c45486691e2fff1e6df6b0c5ca96da240bde08a851cb240b56edaf2309b
189,2,0.000032,0x6e4e0ca28f79ff4448a3e9fbf815583c1354e216,2017-10-11T23:28:09.000Z,0.000016,0xdb04553c2d797f8b8a9055acd1a456e31b4e7817,buy,0xae4191a7eb25713ac90483ea75828ae8038f94dc,0x650f6140db010e103a05ca19198024ee1309d759a4b538e8558af9f94a818e75
190,3399,0.0278718,0x86ea1a9a2c42c28343bd0c7de8a60a1b9bf9c654,2017-10-11T23:15:58.000Z,0.0000082,0xa3115c56684ea42dfe2cf98fdee47abab0a96bcf,sell,0xae4191a7eb25713ac90483ea75828ae8038f94dc,0x2a85c68a6080f973b88be9c7321d97c322b746e035ff7b51e1615bae91008e4f
191,10000,0.0821,0x69f11eadaae674f04096711cde1752e86a56ed80,2017-10-11T22:06:18.000Z,0.00000821,0xa3115c56684ea42dfe2cf98fdee47abab0a96bcf,sell,0xae4191a7eb25713ac90483ea75828ae8038f94dc,0x22c6478150d9be21505aea355166c21ddcd3aaa8a6c120681eed1114526b8de7
192,10190,0.0827428,0x69f11eadaae674f04096711cde1752e86a56ed80,2017-10-11T19:37:46.000Z,0.00000812,0x1af57b15f375396dab8ed0446782188849059cd4,sell,0xae4191a7eb25713ac90483ea75828ae8038f94dc,0xe905f7262d7567d41af350f2a0ecf5aacfae5fccac6340ad700cb1e546091145
193,3202.073571927026,0.032340943076462965,0x7194e2671eff61260da5408089a5600de6f06f80,2017-10-11T19:33:21.000Z,0.00001009999999999999,0x1af57b15f375396dab8ed0446782188849059cd4,sell,0xae4191a7eb25713ac90483ea75828ae8038f94dc,0x84f1dbb248d3ed300c3e873e3cc05b6ddd8bd639bc6eb23bd83b9886315623d2
194,3399.4616688266374,0.034334562855149034,0x7194e2671eff61260da5408089a5600de6f06f80,2017-10-11T19:20:02.000Z,0.00001009999999999999,0xd6c32837d5f2cb08eab435f68205e687cb236c22,sell,0xae4191a7eb25713ac90483ea75828ae8038f94dc,0xc919b57fe0edffc725731da87174d503d80df704d34da268133159af9246a964
195,10000,0.102,0xd59287c566816360f12d6ad9a6bba0ac8a1ad72b,2017-10-11T19:14:32.000Z,0.0000102,0xd6c32837d5f2cb08eab435f68205e687cb236c22,sell,0xae4191a7eb25713ac90483ea75828ae8038f94dc,0xa55490fb83a1f0f0cf3c9e2103708248922019860f626687a29777f15039e1fc
196,10000,0.102,0xd59287c566816360f12d6ad9a6bba0ac8a1ad72b,2017-10-11T19:13:27.000Z,0.0000102,0xd6c32837d5f2cb08eab435f68205e687cb236c22,sell,0xae4191a7eb25713ac90483ea75828ae8038f94dc,0xa55490fb83a1f0f0cf3c9e2103708248922019860f626687a29777f15039e1fc
197,1500,0.0225,0xc52514925ccb82f6472ab69b24032832dcaf33e1,2017-10-11T18:28:16.000Z,0.000015,0x25a0638c756bd62863a3949e1111e82ad920cb91,sell,0xae4191a7eb25713ac90483ea75828ae8038f94dc,0xc05d2be119823e68068f2a2e2f8a6f0fd22baf8d7b7d83e9896a48fdb5a8e461
198,9950,0.17114,0xc52514925ccb82f6472ab69b24032832dcaf33e1,2017-10-11T18:27:45.000Z,0.0000172,0xdc055aba02fcadc91c2c8973a4e224639b908464,sell,0xae4191a7eb25713ac90483ea75828ae8038f94dc,0x39bbc0473317eb94e6a94aa3575846594d6775fadf1bb6182ab211b3f83183b7
199,1365.0225958213293,0.023478388648126864,0xc52514925ccb82f6472ab69b24032832dcaf33e1,2017-10-11T18:16:07.000Z,0.00001719999999999999,0x736870ba22c8296525f3aa9a37c6d8bf4cff4810,sell,0xae4191a7eb25713ac90483ea75828ae8038f94dc,0x68e68ab70e024c629716ef7d7fd924ae19a568d2af6ca29063334a930e1adaaf
200,9900,0.172755,0xc52514925ccb82f6472ab69b24032832dcaf33e1,2017-10-11T18:09:40.000Z,0.00001745,0x736870ba22c8296525f3aa9a37c6d8bf4cff4810,sell,0xae4191a7eb25713ac90483ea75828ae8038f94dc,0x131e1000b834eb44f8f90608853437b4c21876ec6b214b671c5df4d0818b437a
201,8534.977404178671,0.14680161135187314,0xc52514925ccb82f6472ab69b24032832dcaf33e1,2017-10-11T18:06:50.000Z,0.00001719999999999999,0x195cc46edaa210c541d49dde7bc34944ae8948fe,sell,0xae4191a7eb25713ac90483ea75828ae8038f94dc,0xa5b75ab2dbc8827a1891fb0a12bd239f27e2fa37ac19e078a2336f68f18fdb3d
202,100.588,0.0017502312,0xc52514925ccb82f6472ab69b24032832dcaf33e1,2017-10-11T18:04:12.000Z,0.0000174,0x736870ba22c8296525f3aa9a37c6d8bf4cff4810,sell,0xae4191a7eb25713ac90483ea75828ae8038f94dc,0x13116a684a8d097f0323f193a85a61bce918c8620cf5d3c98a2ce21db87a55e2
203,13398.464759246337,0.135324494068388,0x7194e2671eff61260da5408089a5600de6f06f80,2017-10-11T17:36:09.000Z,0.00001009999999999999,0xe9a20962174f5770f4026ea3eec98dae5000ee0f,sell,0xae4191a7eb25713ac90483ea75828ae8038f94dc,0xa890216db4b3fc004ab6f2de537ededfb0474a1d60d1c2890f07c77997219377
204,1090,0.018748,0xc52514925ccb82f6472ab69b24032832dcaf33e1,2017-10-11T17:31:42.000Z,0.0000172,0x25a0638c756bd62863a3949e1111e82ad920cb91,sell,0xae4191a7eb25713ac90483ea75828ae8038f94dc,0x7c08a16d2aba249f224f93d5b6eecf7a5d4c85eb8e60a46271a80f0247def026
205,3899.4118233476224,0.06784976572624862,0xc52514925ccb82f6472ab69b24032832dcaf33e1,2017-10-11T17:08:16.000Z,0.00001739999999999999,0x7194e2671eff61260da5408089a5600de6f06f80,sell,0xae4191a7eb25713ac90483ea75828ae8038f94dc,0xf4fb30919b75bd4f881e0a100474511169ae3270bcae4add31167b0257f9ce4f
206,9500,0.16625,0xc52514925ccb82f6472ab69b24032832dcaf33e1,2017-10-11T17:05:09.000Z,0.0000175,0xf573353a424ca1b38786768aafd919509c5f889f,sell,0xae4191a7eb25713ac90483ea75828ae8038f94dc,0x59e37b57e841f8da34c38b8df7eaceb95e242de0f109d82e23d210f3e088c56b
207,909.6026821342369,0.015645166132708877,0x35e1fddb2c5335f16ea2199da46f74dbd7fee87c,2017-10-11T16:59:02.000Z,0.0000172,0x4d57f35968c555a745e26766d0b87f3039b1b985,buy,0xae4191a7eb25713ac90483ea75828ae8038f94dc,0x1b53dc5de6d81ec6f5d637f19a3c2d2313818ff5d57def010034e8cbc894767e
208,4863.972249121012,0.09217227412084318,0xc52514925ccb82f6472ab69b24032832dcaf33e1,2017-10-11T16:38:58.000Z,0.00001894999999999999,0x195cc46edaa210c541d49dde7bc34944ae8948fe,sell,0xae4191a7eb25713ac90483ea75828ae8038f94dc,0x50344cac2621774f233e7543c3fe57eb16364e3b2c124433a5cac6115cc6fa64
209,4636.027750878988,0.08785272587915681,0xc52514925ccb82f6472ab69b24032832dcaf33e1,2017-10-11T16:37:57.000Z,0.00001894999999999999,0xd59287c566816360f12d6ad9a6bba0ac8a1ad72b,sell,0xae4191a7eb25713ac90483ea75828ae8038f94dc,0x33b0ac28d754220b3c547c597e67793cf1aca65479ed61fb57b007c3f34c7f2d
210,9500,0.180025,0xc52514925ccb82f6472ab69b24032832dcaf33e1,2017-10-11T16:37:57.000Z,0.00001895,0x7194e2671eff61260da5408089a5600de6f06f80,sell,0xae4191a7eb25713ac90483ea75828ae8038f94dc,0xdc6cd3afce30fec4d1b52db146f455589b82109df2bcfac5214f9ece4e3c7574
211,2242.765118094154,0.02242765118094154,0xd59287c566816360f12d6ad9a6bba0ac8a1ad72b,2017-10-11T16:31:11.000Z,0.00000999999999999999,0x25a0638c756bd62863a3949e1111e82ad920cb91,sell,0xae4191a7eb25713ac90483ea75828ae8038f94dc,0x3550a6518301b922d7f2d81b1f49f00496e41d18e5bf66691aaeb8415f97beef
212,2242.765118094154,0.02242765118094154,0xd59287c566816360f12d6ad9a6bba0ac8a1ad72b,2017-10-11T16:29:46.000Z,0.00000999999999999999,0x25a0638c756bd62863a3949e1111e82ad920cb91,sell,0xae4191a7eb25713ac90483ea75828ae8038f94dc,0x3550a6518301b922d7f2d81b1f49f00496e41d18e5bf66691aaeb8415f97beef
213,3156.8118744165045,0.05492852661484718,0xc52514925ccb82f6472ab69b24032832dcaf33e1,2017-10-11T16:18:56.000Z,0.00001739999999999999,0x25a0638c756bd62863a3949e1111e82ad920cb91,sell,0xae4191a7eb25713ac90483ea75828ae8038f94dc,0x513fdc885783f3a0ce6a3458940cd884bcf9c4ea82674e1ffcf34fff13ceba66
214,4000,0.0696,0xc52514925ccb82f6472ab69b24032832dcaf33e1,2017-10-11T16:17:00.000Z,0.0000174,0x25a0638c756bd62863a3949e1111e82ad920cb91,sell,0xae4191a7eb25713ac90483ea75828ae8038f94dc,0xbef14bbab2f94323bc40095ca25b18baa27de24c7ce92bb8664a7ebed788ac2a
215,4000,0.0696,0xc52514925ccb82f6472ab69b24032832dcaf33e1,2017-10-11T16:14:33.000Z,0.0000174,0x25a0638c756bd62863a3949e1111e82ad920cb91,sell,0xae4191a7eb25713ac90483ea75828ae8038f94dc,0xf096cbd4ab47af680d3542be0f32faf76244a45394bd9420e62ae19bfa55eb59
216,5000,0.0925,0xc52514925ccb82f6472ab69b24032832dcaf33e1,2017-10-11T16:05:43.000Z,0.0000185,0xd59287c566816360f12d6ad9a6bba0ac8a1ad72b,sell,0xae4191a7eb25713ac90483ea75828ae8038f94dc,0xafbca92646441d08f5e0e9c9efe4d1c381136366764b1d53e5534f54ab55d860
217,7422,0.126174,0xd59287c566816360f12d6ad9a6bba0ac8a1ad72b,2017-10-11T16:02:35.000Z,0.000017,0xc8e21007b4616881533ed7d3e346dbfa78215299,buy,0xae4191a7eb25713ac90483ea75828ae8038f94dc,0x1c7f882007232a84818b1a286d93980023b78c0ec82d38f11977e254ccf386ae
218,6000,0.111,0xc52514925ccb82f6472ab69b24032832dcaf33e1,2017-10-11T15:52:37.000Z,0.0000185,0xc8e21007b4616881533ed7d3e346dbfa78215299,sell,0xae4191a7eb25713ac90483ea75828ae8038f94dc,0x40e678892c150541492cd8d966cbf857359dacd684877088afb66d799abe6427
219,6343.188125583495,0.11037147338515282,0xc52514925ccb82f6472ab69b24032832dcaf33e1,2017-10-11T15:32:31.000Z,0.00001739999999999999,0xd59287c566816360f12d6ad9a6bba0ac8a1ad72b,sell,0xae4191a7eb25713ac90483ea75828ae8038f94dc,0x087b897d6d19e7e54c7af8a576faec86d80a8244961b6f45eec83027d21a8591
220,1000,0.0185,0xc52514925ccb82f6472ab69b24032832dcaf33e1,2017-10-11T15:20:53.000Z,0.0000185,0x35e1fddb2c5335f16ea2199da46f74dbd7fee87c,sell,0xae4191a7eb25713ac90483ea75828ae8038f94dc,0x07ceadd922342bcb686b3da592f9afa18555bbb882cb5a4b077bce7735edd8c0
221,6000,0.1044,0x7aa6e2506316f6d613277d4f2f4e4e1dc55e528e,2017-10-11T14:41:59.000Z,0.0000174,0xc12787b02b996c0c23de426b60c4dd59548a5f86,buy,0xae4191a7eb25713ac90483ea75828ae8038f94dc,0xba4c1b53d9ba2704103c59028c94e7de343eeb0622161f9807a1fb838bb2cad5
222,5982,0.1118634,0xc52514925ccb82f6472ab69b24032832dcaf33e1,2017-10-11T14:41:59.000Z,0.0000187,0x7aa6e2506316f6d613277d4f2f4e4e1dc55e528e,sell,0xae4191a7eb25713ac90483ea75828ae8038f94dc,0xba4c1b53d9ba2704103c59028c94e7de343eeb0622161f9807a1fb838bb2cad5
223,5000,0.05,0xd59287c566816360f12d6ad9a6bba0ac8a1ad72b,2017-10-11T13:47:09.000Z,0.00001,0x35e1fddb2c5335f16ea2199da46f74dbd7fee87c,sell,0xae4191a7eb25713ac90483ea75828ae8038f94dc,0x45ccd8676c3707a2a39e55e01e5ea0a77aedc26148262905d2392017e6383cd1
224,6000,0.105,0xc52514925ccb82f6472ab69b24032832dcaf33e1,2017-10-11T13:35:36.000Z,0.0000175,0xd59287c566816360f12d6ad9a6bba0ac8a1ad72b,sell,0xae4191a7eb25713ac90483ea75828ae8038f94dc,0xa17f32bb89a813982b6f67073a596efa766735bb4a9c235a0b6de92a953e32df
225,6000,0.111,0xc52514925ccb82f6472ab69b24032832dcaf33e1,2017-10-11T13:35:21.000Z,0.0000185,0xd59287c566816360f12d6ad9a6bba0ac8a1ad72b,sell,0xae4191a7eb25713ac90483ea75828ae8038f94dc,0xdd4e3789590356282053ef00499d9b3d40dda754d223a45e94d8221afa04e5cd
226,16248.66,0.305474808,0x74dfaa77ae0b49e29e29a2a9eb074993950e219c,2017-10-11T12:40:00.000Z,0.0000188,0x5b66fb0cfa931a2fc8fa17779ef26a1b9bb3d6e5,buy,0xae4191a7eb25713ac90483ea75828ae8038f94dc,0xc3d2432aee1f8f4783d25c12e7be42f574ee6177fd7a44072ea4f1a7b3868f17
227,127.754,0.0024017752,0xc52514925ccb82f6472ab69b24032832dcaf33e1,2017-10-11T12:18:52.000Z,0.0000188,0x4cfbefd1a23d05a25039b36ddd6ad358e0bbfb99,sell,0xae4191a7eb25713ac90483ea75828ae8038f94dc,0xedfd1c7c1b3da7edd6d4ee3882e2b2f10c6dbe50eb47a292963482b6708c4a04
228,13398.464759246337,0.13398464759246337,0xd59287c566816360f12d6ad9a6bba0ac8a1ad72b,2017-10-11T12:07:09.000Z,0.00000999999999999999,0x2f44f41d28eb82547e07abb16096aca2c3c40f84,sell,0xae4191a7eb25713ac90483ea75828ae8038f94dc,0x51c0fdd540bbfd0989390c0b49fcf60ded62fe4cb961904018bfb5c6760754d3
229,3872.4952646794936,0.07280291097597448,0xc52514925ccb82f6472ab69b24032832dcaf33e1,2017-10-11T11:50:23.000Z,0.00001879999999999999,0xd59287c566816360f12d6ad9a6bba0ac8a1ad72b,sell,0xae4191a7eb25713ac90483ea75828ae8038f94dc,0x1b682ec696e8fc4488331a8370cb084185b0c3584c19a044f39c63c94e45c1f8
230,9500,0.1786,0xc52514925ccb82f6472ab69b24032832dcaf33e1,2017-10-11T11:46:30.000Z,0.0000188,0xd59287c566816360f12d6ad9a6bba0ac8a1ad72b,sell,0xae4191a7eb25713ac90483ea75828ae8038f94dc,0xa22ca9b7056a06e6f85abc323c4d9151d76eabdf173e0acf1df43fabd4141fdb
231,2999.7506444113246,0.056395312114932906,0xc52514925ccb82f6472ab69b24032832dcaf33e1,2017-10-11T11:42:54.000Z,0.00001879999999999999,0x095fee0941b050120909d386750625451b1d82d9,sell,0xae4191a7eb25713ac90483ea75828ae8038f94dc,0x8ad173bf0e1702435af93d8f28cb691a02ce36624782f1c7d6e4edca67186f85
232,13398.464759246337,0.10718771807397069,0x86ea1a9a2c42c28343bd0c7de8a60a1b9bf9c654,2017-10-11T11:31:56.000Z,0.00000799999999999999,0x65bd663927e87fac03c0c501ff7cc81f6f092ff8,sell,0xae4191a7eb25713ac90483ea75828ae8038f94dc,0xa88ecf448390a16eaaa1c98cbb36c199e4fd305fa77392a4453a28e0453c8df2
233,4800,0.0384,0x86ea1a9a2c42c28343bd0c7de8a60a1b9bf9c654,2017-10-11T11:24:45.000Z,0.000008,0x095fee0941b050120909d386750625451b1d82d9,sell,0xae4191a7eb25713ac90483ea75828ae8038f94dc,0x6b51f391b34dfd7d8aed69049ffed7e93299b01e35f3e278835aa2c9518b73f1
234,9500,0.1786,0xc52514925ccb82f6472ab69b24032832dcaf33e1,2017-10-11T11:19:56.000Z,0.0000188,0x5b66fb0cfa931a2fc8fa17779ef26a1b9bb3d6e5,sell,0xae4191a7eb25713ac90483ea75828ae8038f94dc,0xd82bfc6601936ff9879f2430a9301881dc29a96e886d1ec0dc1ca8a5de316777
235,5599.750875963111,0.10527531646810648,0xc52514925ccb82f6472ab69b24032832dcaf33e1,2017-10-11T10:51:01.000Z,0.00001879999999999999,0x095fee0941b050120909d386750625451b1d82d9,sell,0xae4191a7eb25713ac90483ea75828ae8038f94dc,0x6510336b1af1df702bac1e825f154ac06ba7d95d315f23050a2f2fcdd0d0e08e
236,3900.2491240368895,0.07332468353189352,0xc52514925ccb82f6472ab69b24032832dcaf33e1,2017-10-11T10:45:39.000Z,0.00001879999999999999,0x67c1559f671935e1601eba3d688f029f87a00db6,sell,0xae4191a7eb25713ac90483ea75828ae8038f94dc,0x310d2fbc7f6bc6220b1694804f04041f584b7e71eae73fd19d7e7f74d41dc67a
237,9500,0.17765,0xc52514925ccb82f6472ab69b24032832dcaf33e1,2017-10-11T10:39:36.000Z,0.0000187,0x67c1559f671935e1601eba3d688f029f87a00db6,sell,0xae4191a7eb25713ac90483ea75828ae8038f94dc,0xc832f76eabf72884c3adafd9e9b2cd7dfdcce727793123525260c452b1d90078
238,27208.345,0.21766676,0x86ea1a9a2c42c28343bd0c7de8a60a1b9bf9c654,2017-10-11T10:22:02.000Z,0.000008,0x6e4e0ca28f79ff4448a3e9fbf815583c1354e216,sell,0xae4191a7eb25713ac90483ea75828ae8038f94dc,0xb5ebcef8b09080895562444b0935e59396c0ebf58bc34d2ef01eda165aa47c64
239,4399.361977868607,0.03519489582294886,0x86ea1a9a2c42c28343bd0c7de8a60a1b9bf9c654,2017-10-11T10:21:24.000Z,0.00000799999999999999,0xcdd33f58cf447f861af8b55e79b20df38ff855fa,sell,0xae4191a7eb25713ac90483ea75828ae8038f94dc,0x3a748879fe002970483a95702d9292b94ad87e1ec5cdaf2fca80754fdda0add2
240,9000,0.09,0xd59287c566816360f12d6ad9a6bba0ac8a1ad72b,2017-10-11T10:13:34.000Z,0.00001,0xcdd33f58cf447f861af8b55e79b20df38ff855fa,sell,0xae4191a7eb25713ac90483ea75828ae8038f94dc,0x64433e7ce7ebd752f455064a9e95495d654761d2c6729ffca5bb1cc15fab3f54
241,498.49999999999994,0.034894999999999995,0xb5ee19efcff6d032cc511e5746758f965a44c1d4,2017-10-11T10:04:09.000Z,0.00007,0x7aa6e2506316f6d613277d4f2f4e4e1dc55e528e,sell,0xae4191a7eb25713ac90483ea75828ae8038f94dc,0x0fb6e390fdeec3f4b517e4dd2637ba5efdafc848ce0014cfefa1c13d8739784c
242,500,0.0094,0x7aa6e2506316f6d613277d4f2f4e4e1dc55e528e,2017-10-11T10:04:09.000Z,0.0000188,0x5b66fb0cfa931a2fc8fa17779ef26a1b9bb3d6e5,buy,0xae4191a7eb25713ac90483ea75828ae8038f94dc,0x0fb6e390fdeec3f4b517e4dd2637ba5efdafc848ce0014cfefa1c13d8739784c
243,9000,0.1692,0xc52514925ccb82f6472ab69b24032832dcaf33e1,2017-10-11T09:33:36.000Z,0.0000188,0xd59287c566816360f12d6ad9a6bba0ac8a1ad72b,sell,0xae4191a7eb25713ac90483ea75828ae8038f94dc,0x7dae639b090f43b4656ce1ef0c145a6196eb27a1e1de3f3d92100dcd4120bf84
244,601.0367859635131,0.011119180540324992,0xc52514925ccb82f6472ab69b24032832dcaf33e1,2017-10-11T09:12:37.000Z,0.00001849999999999999,0x5b66fb0cfa931a2fc8fa17779ef26a1b9bb3d6e5,sell,0xae4191a7eb25713ac90483ea75828ae8038f94dc,0xa86f11257c01b23ad9e59cb667615c5f2356be44817b390b1799f5240a53a98c
245,3899.4118233476224,0.031195294586780976,0x86ea1a9a2c42c28343bd0c7de8a60a1b9bf9c654,2017-10-11T09:12:08.000Z,0.00000799999999999999,0xd68561fab1e913e128edcfddac8b45337e0821a8,sell,0xae4191a7eb25713ac90483ea75828ae8038f94dc,0x09246619375e93e0f9153e02ce581213abc162ab819678a9a1c2beb31973303e
246,9500,0.180025,0xc52514925ccb82f6472ab69b24032832dcaf33e1,2017-10-11T09:09:57.000Z,0.00001895,0xd68561fab1e913e128edcfddac8b45337e0821a8,sell,0xae4191a7eb25713ac90483ea75828ae8038f94dc,0x054d045581a96c9d6b62456df3b048d46c9a75a9b4fcf3070fa315a8bcc71ce4
247,13440,0.24864,0x86ea1a9a2c42c28343bd0c7de8a60a1b9bf9c654,2017-10-11T08:11:14.000Z,0.0000185,0x005d931ff4aec1870eb20b044ae301665cec10cd,buy,0xae4191a7eb25713ac90483ea75828ae8038f94dc,0x11fe63e4346373a2429c4ae115adb1200ecc9299d941e4c28e1e0aba5e2fd825
248,8398.963214036487,0.155380819459675,0xc52514925ccb82f6472ab69b24032832dcaf33e1,2017-10-11T08:07:16.000Z,0.00001849999999999999,0x67c1559f671935e1601eba3d688f029f87a00db6,sell,0xae4191a7eb25713ac90483ea75828ae8038f94dc,0x51ab4a1301e9a9a2b27daf388d6dd1d07468c2d28d95273ca0a79e5cb407621e
249,5000,0.09475,0xc52514925ccb82f6472ab69b24032832dcaf33e1,2017-10-11T06:56:55.000Z,0.00001895,0x67c1559f671935e1601eba3d688f029f87a00db6,sell,0xae4191a7eb25713ac90483ea75828ae8038f94dc,0x8b337398b78f4f14360146f3591b39788fa7a6439941fc9c20aea2bdc8c2a01c
250,13440,0.08062656,0x86ea1a9a2c42c28343bd0c7de8a60a1b9bf9c654,2017-10-11T06:20:01.000Z,0.000005999,0xbfeaf671982494035fbec8bdc7bf52af7e4db1ba,buy,0xae4191a7eb25713ac90483ea75828ae8038f94dc,0x54bc930a15d3b279bb55c600cb2cb931ae4daf6877af7099dc08e6623e9c4d90
251,10746.42,0.06447852,0x86ea1a9a2c42c28343bd0c7de8a60a1b9bf9c654,2017-10-11T06:19:26.000Z,0.000006,0x4dca30bcc9c9db4408141cd67b1515e689f546d8,buy,0xae4191a7eb25713ac90483ea75828ae8038f94dc,0xd05c8bed4d741a5a19f692e224c29884b053604a116799ad714cc04aa1e813ac
252,2693.579533788338,0.016161477202730028,0x35e1fddb2c5335f16ea2199da46f74dbd7fee87c,2017-10-11T05:38:03.000Z,0.000006,0x4dca30bcc9c9db4408141cd67b1515e689f546d8,buy,0xae4191a7eb25713ac90483ea75828ae8038f94dc,0x415abb07fe9e8e3817da9ff732fa0b91e10fd0e87a6dfa98adb3b941e070c80e
253,3440,0.0172,0x35e1fddb2c5335f16ea2199da46f74dbd7fee87c,2017-10-11T05:28:42.000Z,0.000005,0x491abe8711af71efb086b827a4c7d68905efb0fa,buy,0xae4191a7eb25713ac90483ea75828ae8038f94dc,0xdda11ee36321ae3d9252085152e109f70b4d8f81dd11185bfb04631d609a9f47
254,13440,0.0672,0x609a680235aecded7ce3e0135a3d1d66e1e89f1f,2017-10-11T03:42:16.000Z,0.000005,0x4dca30bcc9c9db4408141cd67b1515e689f546d8,buy,0xae4191a7eb25713ac90483ea75828ae8038f94dc,0x534b8a79bd62cbf292becab74c71d50c01f59f53be938abe8c8f13dc35186df4
255,10000,0.05,0x609a680235aecded7ce3e0135a3d1d66e1e89f1f,2017-10-11T02:59:37.000Z,0.000005,0x491abe8711af71efb086b827a4c7d68905efb0fa,buy,0xae4191a7eb25713ac90483ea75828ae8038f94dc,0xe4de7e1df3fa709c999c2e606c1930c7528ea3898de82ad86d788ec43da4a605
256,3110.651721824974,0.05910238271467451,0x5be19417d02cab13e86e3798d5fa8db3b51b7e2f,2017-10-11T01:21:26.000Z,0.000019,0x6e4e0ca28f79ff4448a3e9fbf815583c1354e216,buy,0xae4191a7eb25713ac90483ea75828ae8038f94dc,0x7a9caaed87af4b40cd6aa99f993cc7798a729ebce87ab51e4fe05d89562d0336
257,1,0.0000000011,0xccef1314ac229a0a3680dc4f02ca7ba8838140bc,2017-10-09T21:26:41.000Z,0.0000000011,0x6e4e0ca28f79ff4448a3e9fbf815583c1354e216,sell,0xae4191a7eb25713ac90483ea75828ae8038f94dc,0xcbc358e459f896f85d05671ddb29027e63334f92bc61f0abb70bced1f55a368c
