,amount,amountBase,buyer,date,price,seller,side,tokenAddr,txHash
0,0.71438776,0.0005,0x4fda9e6bcd83af6c5cc771b5d20accc2b7720074,2017-11-02T12:06:40.000Z,0.000699900009485045,0x00db95a9f5552d0111f0094510850d3dc7c15526,buy,0x0aef06dcccc531e581f0440059e6ffcc206039ee,0xafaf9acd992a05c6bbdf7f4db294f0d3833a2041a172faffd047086737f1ea9c
1,0.70422535,0.0005,0x3075f7f189912f4f425dd7021b9c396434197477,2017-11-02T11:52:57.000Z,0.00071000000213,0x3d3657363f6141e5294fe183a43e2f983ec73ee9,buy,0x0aef06dcccc531e581f0440059e6ffcc206039ee,0x4ce6b86f6fabd84397aa04479d9e9fed873d2212a91cdee6310dbb021c25bfd1
2,27.79226195,0.00947716132495,0x3d3657363f6141e5294fe183a43e2f983ec73ee9,2017-11-02T11:40:11.000Z,0.000341,0x04dd9b612af3ada8dd044486c5765d2ee16981cb,sell,0x0aef06dcccc531e581f0440059e6ffcc206039ee,0x529d11535da781f47377ccee27a9571a8799741abd980bcf84318b27613ff66f
3,48.715,0.017050591005,0xde05e601f672aacd0a4ebfa311085f89a77b9e64,2017-11-02T11:38:09.000Z,0.000350007,0x04dd9b612af3ada8dd044486c5765d2ee16981cb,sell,0x0aef06dcccc531e581f0440059e6ffcc206039ee,0x1cbe6c750c9507e97457d155fa1472c556cd70230bf790ca2e89e5a563a55148
4,76.50240551,0.02616382268442,0xc841ebe00be00878923e888f8148ff05697d4259,2017-11-02T09:04:35.000Z,0.000342,0xc419aaf9bccf716857f590dc029b7bbef339194a,sell,0x0aef06dcccc531e581f0440059e6ffcc206039ee,0x91cc39d7d5b8e0d1cb79e7a6aea5ebdc918012f50e4b5eb6a9d38feb06b777d8
5,101.2848749,0.0354504152091243,0xde05e601f672aacd0a4ebfa311085f89a77b9e64,2017-11-02T04:32:47.000Z,0.000350007,0xb2cd14e218bf2fb9e370d75a1c11aab8d72b2e85,sell,0x0aef06dcccc531e581f0440059e6ffcc206039ee,0xf5793766411e371a92c557a87949d6286439a0f8b35b9496627636115c040234
6,290,0.116,0xf634ca63a5d3aae0e522b7cbacf9616b43a20b9c,2017-11-01T21:30:23.000Z,0.0004,0xc1aac4101f510c66e44f0f0aee922051efc3ae53,sell,0x0aef06dcccc531e581f0440059e6ffcc206039ee,0x32d16e2e3d3fbee2506dcd9ab7ed8c71edf0e822200c84385619da098b1013c9
7,1550,0.62,0xa1184b193da53db215ac97c1e1c943dc357377d2,2017-11-01T17:56:22.000Z,0.0004,0x00db95a9f5552d0111f0094510850d3dc7c15526,sell,0x0aef06dcccc531e581f0440059e6ffcc206039ee,0x18b0426491bee1910f39edb363cc91478c9a8c742ee19e9af181fbd811a91f11
8,300,0.126,0x65e44324f5a4edb9fa333b1e0185975641cd5029,2017-11-01T17:54:11.000Z,0.00042,0x00db95a9f5552d0111f0094510850d3dc7c15526,sell,0x0aef06dcccc531e581f0440059e6ffcc206039ee,0xa721713c2ea24f00a29c874d44328719a78a7d4918d2b4d4880988aabe917708
9,600,0.24,0xd048261ba81c8c952891d29bd9a94d0a7b94c3c6,2017-11-01T11:53:37.000Z,0.0004,0x00db95a9f5552d0111f0094510850d3dc7c15526,sell,0x0aef06dcccc531e581f0440059e6ffcc206039ee,0x4dd32119159f5adbdb38286eedda15a8e320527b74c111ab1f1a21497e845b51
10,2.40742449,0.000722468089449,0x67070465e4f369fb97950d981f069e74ca48e836,2017-11-01T00:51:25.000Z,0.0003001,0xbc18642c7e0647d6e65b53cadefb4367d8f85a97,sell,0x0aef06dcccc531e581f0440059e6ffcc206039ee,0x6e95cd7779f75780b261398913be9594c64fa20caee4c4dda42aca8b02d83e8c
11,640,0.208,0x8412aa72b3676b9c67e176ac026be71ad41e9f68,2017-11-01T00:50:57.000Z,0.000325,0xbc18642c7e0647d6e65b53cadefb4367d8f85a97,sell,0x0aef06dcccc531e581f0440059e6ffcc206039ee,0xefbae1d13c73abe25b24718c9e645a7377d67b950b7ef8f51df9089b7aabeaf2
12,54,0.027,0xf426138c983fa2dccef816ffbc15f1d287105a22,2017-11-01T00:50:09.000Z,0.0005,0xbc18642c7e0647d6e65b53cadefb4367d8f85a97,sell,0x0aef06dcccc531e581f0440059e6ffcc206039ee,0xc4e5ded922c704fb1e68f0511413f9d72548df17d635ef077e8f28fc5485c010
13,702,0.22815,0x8412aa72b3676b9c67e176ac026be71ad41e9f68,2017-11-01T00:04:40.000Z,0.000325,0xbc18642c7e0647d6e65b53cadefb4367d8f85a97,sell,0x0aef06dcccc531e581f0440059e6ffcc206039ee,0x293c52f52c10ef4b9e392ba38d3d86107c4b3a8ce0a9f211dcf2f383ac954f9c
14,150,0.09,0x7fe8d10b80ccf235771a008931e60d8da137a6a3,2017-10-31T23:57:31.000Z,0.0006,0xbc18642c7e0647d6e65b53cadefb4367d8f85a97,sell,0x0aef06dcccc531e581f0440059e6ffcc206039ee,0xe02b72e35452d3d1e1c1888171916933df58a5ec26d14dc603b8f282477da6d5
15,2000,0.66,0x3d3657363f6141e5294fe183a43e2f983ec73ee9,2017-10-31T23:57:31.000Z,0.00033,0xbc18642c7e0647d6e65b53cadefb4367d8f85a97,sell,0x0aef06dcccc531e581f0440059e6ffcc206039ee,0x1376a0c0c4a0f221f270461b660e4a4810ef34b12f14f4db7b21285bde85f696
16,201.32165551,0.1491793467339972,0x65e44324f5a4edb9fa333b1e0185975641cd5029,2017-10-31T22:33:27.000Z,0.0007410000000054002,0xc1aac4101f510c66e44f0f0aee922051efc3ae53,buy,0x0aef06dcccc531e581f0440059e6ffcc206039ee,0x3bd4494b5baf70b975024266e7da7ac26c70611f7104f80cb9079fe46a6accf7
17,150,0.11115,0xd5e0062264408d167cd087ec77e1c008a747a7e5,2017-10-31T21:57:51.000Z,0.000741,0xc1aac4101f510c66e44f0f0aee922051efc3ae53,buy,0x0aef06dcccc531e581f0440059e6ffcc206039ee,0xd66a438fdee021b0663a7de2e29dd2473037a3b6925901ba5da958491c3902d0
18,221.282,0.16374868,0x00a9b4f4c3a0d4d1a4d9db720dc9a0e5b91b5e29,2017-10-31T19:58:10.000Z,0.00074,0x3d3657363f6141e5294fe183a43e2f983ec73ee9,buy,0x0aef06dcccc531e581f0440059e6ffcc206039ee,0xdd736e2b08902673f520cbb844575edf5577f72c599d99e668f69799e8c7b39a
19,318,0.1749,0xa1184b193da53db215ac97c1e1c943dc357377d2,2017-10-31T19:31:53.000Z,0.00055,0x00db95a9f5552d0111f0094510850d3dc7c15526,sell,0x0aef06dcccc531e581f0440059e6ffcc206039ee,0x5ba6848824f6611e3efdbef5b8e85f32fc6604874e92799d1fb165c5a797278f
20,646.6677126,0.326567194863,0xaccd581223e4defdeebe1cb0121428383f3140d9,2017-10-31T19:31:39.000Z,0.000505,0x00db95a9f5552d0111f0094510850d3dc7c15526,sell,0x0aef06dcccc531e581f0440059e6ffcc206039ee,0x92b160b97ebdf890347030ba661d236087dc2aa775d6a0c2c4e7034651b97444
21,29.9072874,0.015103180137,0xaccd581223e4defdeebe1cb0121428383f3140d9,2017-10-31T16:18:49.000Z,0.000505,0x713eb2d2a00eef814b98342cbe3dc8419a0b7636,sell,0x0aef06dcccc531e581f0440059e6ffcc206039ee,0x2025c4f44637f7103003ba290f30ab8d5d8ee999761bf44c71c477a5f8fa971c
22,10,0.00325,0x8412aa72b3676b9c67e176ac026be71ad41e9f68,2017-10-31T16:10:59.000Z,0.000325,0x713eb2d2a00eef814b98342cbe3dc8419a0b7636,buy,0x0aef06dcccc531e581f0440059e6ffcc206039ee,0xed71b10e6fc9ecbad879c051f66789a5a830772aa9aae77ee02ce26192baaeba
23,9.97,0.00503485,0xaccd581223e4defdeebe1cb0121428383f3140d9,2017-10-31T16:10:29.000Z,0.000505,0xf44072eda87ede9613b6ae1b812de8a60ade27a2,sell,0x0aef06dcccc531e581f0440059e6ffcc206039ee,0x4ab7c5aca832724b6f878469d4cd012abdce5e3839d00ff2355a58e1a0126488
24,10,0.00325,0xf44072eda87ede9613b6ae1b812de8a60ade27a2,2017-10-31T16:10:29.000Z,0.000325,0x713eb2d2a00eef814b98342cbe3dc8419a0b7636,buy,0x0aef06dcccc531e581f0440059e6ffcc206039ee,0x4ab7c5aca832724b6f878469d4cd012abdce5e3839d00ff2355a58e1a0126488
25,10,0.00325,0xf44072eda87ede9613b6ae1b812de8a60ade27a2,2017-10-31T16:09:31.000Z,0.000325,0x713eb2d2a00eef814b98342cbe3dc8419a0b7636,buy,0x0aef06dcccc531e581f0440059e6ffcc206039ee,0x818b3ee64466fce3d469a8de11ee98d0a73cde996ec4f101a2c953a7b257975b
26,9.97,0.00503485,0xaccd581223e4defdeebe1cb0121428383f3140d9,2017-10-31T16:09:31.000Z,0.000505,0xf44072eda87ede9613b6ae1b812de8a60ade27a2,sell,0x0aef06dcccc531e581f0440059e6ffcc206039ee,0x818b3ee64466fce3d469a8de11ee98d0a73cde996ec4f101a2c953a7b257975b
27,50,0.01625,0x273a5d3e6721b9f5c1a6474f560c1334c63dda01,2017-10-31T15:58:26.000Z,0.000325,0x713eb2d2a00eef814b98342cbe3dc8419a0b7636,buy,0x0aef06dcccc531e581f0440059e6ffcc206039ee,0x8cd20c689f48f9f959957c2a89f23c5f08f3083cb5a4d0f8da5bb6a7534dd4ce
28,49.85,0.02517425,0xaccd581223e4defdeebe1cb0121428383f3140d9,2017-10-31T15:58:26.000Z,0.000505,0x273a5d3e6721b9f5c1a6474f560c1334c63dda01,sell,0x0aef06dcccc531e581f0440059e6ffcc206039ee,0x8cd20c689f48f9f959957c2a89f23c5f08f3083cb5a4d0f8da5bb6a7534dd4ce
29,100,0.0325,0x713eb2d2a00eef814b98342cbe3dc8419a0b7636,2017-10-31T15:56:26.000Z,0.000325,0x8412aa72b3676b9c67e176ac026be71ad41e9f68,sell,0x0aef06dcccc531e581f0440059e6ffcc206039ee,0xe844c9ba23a10e51b54c5d6d4eee9ec8e838bd025421b6d552d699dfd396b25f
30,2230.49759449,1.5613706211189449,0x361aa26501131776d2c4040f128bc07f6014c545,2017-10-31T15:08:17.000Z,0.00070001,0x3d3657363f6141e5294fe183a43e2f983ec73ee9,sell,0x0aef06dcccc531e581f0440059e6ffcc206039ee,0x765444db07eb7a04676a2600953dd87921a743b3ddd57095a75a78a964afbed8
31,1000,0.325,0x8412aa72b3676b9c67e176ac026be71ad41e9f68,2017-10-31T15:03:24.000Z,0.000325,0x8412aa72b3676b9c67e176ac026be71ad41e9f68,sell,0x0aef06dcccc531e581f0440059e6ffcc206039ee,0xc598a93a6a58a280ff6e3f0b78f0b5ba4eb6872531a150c8acd0f726d078c724
32,76.50240551,0.0535524488810551,0x361aa26501131776d2c4040f128bc07f6014c545,2017-10-31T14:48:58.000Z,0.00070001,0xac00f6b3fb1f653ae92589f6d40e8473ec8d3a1b,sell,0x0aef06dcccc531e581f0440059e6ffcc206039ee,0x83d5bcc533f7f0681e98f1ad391550d24c864293863f001bb2d50871413de444
33,1323.68627212,0.986940484498056,0x6982f4ebe92923bc4dedc6c546813d1a942fee1f,2017-10-31T12:31:11.000Z,0.0007456000000040674,0xcb6ab60ec4d9a3a7879ab0816c3b45624e8c67ae,buy,0x0aef06dcccc531e581f0440059e6ffcc206039ee,0xfd668032cd9a23d0a46ab92331998484b9e92f8866729d7a5e4cd2160d82166a
34,400,0.248,0x7fe8d10b80ccf235771a008931e60d8da137a6a3,2017-10-30T23:02:27.000Z,0.00062,0x3d3657363f6141e5294fe183a43e2f983ec73ee9,sell,0x0aef06dcccc531e581f0440059e6ffcc206039ee,0x4565b50318cbb182c3d8171f46266ff89ef2c10f618bf4d95277604d263ee634
35,26,0.0156,0x00a9b4f4c3a0d4d1a4d9db720dc9a0e5b91b5e29,2017-10-30T22:08:52.000Z,0.0006,0xe4af924fa1693ed227b3e11cc5f6711327559b10,buy,0x0aef06dcccc531e581f0440059e6ffcc206039ee,0xb59ed386a9d5633e05425aee2e7f7a77362c94c2fc412c5f4a967871879afc65
36,100,0.0775,0xf56a5813467b2b28d095877a40df468290e747e4,2017-10-30T20:27:22.000Z,0.000775,0x3d3657363f6141e5294fe183a43e2f983ec73ee9,buy,0x0aef06dcccc531e581f0440059e6ffcc206039ee,0xb4656fde12971e3c135e8d231882009c95d519b862b58350ff7b44d4c5ae7695
37,4,0.0024,0xa1184b193da53db215ac97c1e1c943dc357377d2,2017-10-30T18:14:37.000Z,0.0006,0xe4af924fa1693ed227b3e11cc5f6711327559b10,buy,0x0aef06dcccc531e581f0440059e6ffcc206039ee,0x068eb382c2bb7b854ff6d50fdd492ce57a4e5ce66852de006601a6e8be3b3962
38,872.375,0.536510625,0x1804111464a198d8b0450bdbf7cb9fd65a903baf,2017-10-30T17:45:18.000Z,0.000615,0x273a5d3e6721b9f5c1a6474f560c1334c63dda01,sell,0x0aef06dcccc531e581f0440059e6ffcc206039ee,0x1fc54bdd5b9da9d78783b1daf3e6ae88134c955ca47603dd07b87698ca30f97a
39,875,0.525,0x273a5d3e6721b9f5c1a6474f560c1334c63dda01,2017-10-30T17:45:18.000Z,0.0006,0xe4af924fa1693ed227b3e11cc5f6711327559b10,buy,0x0aef06dcccc531e581f0440059e6ffcc206039ee,0x1fc54bdd5b9da9d78783b1daf3e6ae88134c955ca47603dd07b87698ca30f97a
40,821.94390214,0.2301442925992,0x3d3657363f6141e5294fe183a43e2f983ec73ee9,2017-10-30T16:59:17.000Z,0.00028,0x6bc209be1dba2aa9b1ab642040581969d52fe9e2,sell,0x0aef06dcccc531e581f0440059e6ffcc206039ee,0x8f8ac1acc1abada80208bd7ed701cd090e1064d0cc7cf3a06ad392184e515866
41,2000,0.82,0x3d3657363f6141e5294fe183a43e2f983ec73ee9,2017-10-30T16:58:22.000Z,0.00041,0x6bc209be1dba2aa9b1ab642040581969d52fe9e2,sell,0x0aef06dcccc531e581f0440059e6ffcc206039ee,0x7eb4c0d5f33a98ece05a15326fdda262d0c863d234e2a7d37b9f410fd383a0f9
42,999.98292298,0.3399941938132,0x7d8d49e6c6b33b96d905a834203a2b772b98558e,2017-10-30T16:58:22.000Z,0.00034,0x6bc209be1dba2aa9b1ab642040581969d52fe9e2,sell,0x0aef06dcccc531e581f0440059e6ffcc206039ee,0x25fb8462f322c6a9ac8571280d16ef4007273d7b02f855fe5cf20fb7a082d35a
43,1250,0.5,0x67070465e4f369fb97950d981f069e74ca48e836,2017-10-30T16:58:22.000Z,0.0004,0x6bc209be1dba2aa9b1ab642040581969d52fe9e2,sell,0x0aef06dcccc531e581f0440059e6ffcc206039ee,0xf776130f34c3e10a773862cc4c975286fbab32c848f621cc53295dec47c5f39d
44,12.916,0.006459304516,0x861b7fd03c7e051a000c4a188a52784f43e651a2,2017-10-30T16:58:05.000Z,0.000500101,0x6bc209be1dba2aa9b1ab642040581969d52fe9e2,sell,0x0aef06dcccc531e581f0440059e6ffcc206039ee,0xed6ccb1efe61620a1ea3025f5ff2b462534c4c7b6e72c01dbb2a160416a7ca40
45,25,0.01475,0x5e0221c72f941fbc27e8ba90609a7f1594ec068a,2017-10-30T15:32:50.000Z,0.00059,0x3d3657363f6141e5294fe183a43e2f983ec73ee9,sell,0x0aef06dcccc531e581f0440059e6ffcc206039ee,0xdd19be781057f135b2fb18d3ec801d50c443ea905f96152ea5823d9d06a59859
46,129.30166484,0.077580998904,0xa1184b193da53db215ac97c1e1c943dc357377d2,2017-10-30T15:19:24.000Z,0.0006,0x3d3657363f6141e5294fe183a43e2f983ec73ee9,sell,0x0aef06dcccc531e581f0440059e6ffcc206039ee,0xf494de33def21b43cd16e894a92b6aaa1dfb933dbf89f249ef505f016c91124e
47,135.69833516,0.081419001096,0xa1184b193da53db215ac97c1e1c943dc357377d2,2017-10-30T14:13:32.000Z,0.0006,0xa48d1b277b080fb60dfbd0d3be6c35f0ffec03e0,sell,0x0aef06dcccc531e581f0440059e6ffcc206039ee,0x76715c1e4571558019fead7f70c858a64fa5478488878519764e37ccd061da78
48,606.006,0.3636036,0xa1184b193da53db215ac97c1e1c943dc357377d2,2017-10-30T08:08:03.000Z,0.0006,0x6ee3c78a15071bfca6acd1d71f8567625118d1ff,sell,0x0aef06dcccc531e581f0440059e6ffcc206039ee,0x92e82ecca840f8ff5214c0868739bbb028e167f806fef2e004b40a4fc3f5670b
49,0.997,0.0005982,0xa1184b193da53db215ac97c1e1c943dc357377d2,2017-10-30T02:33:53.000Z,0.0006,0x16e5d97bbc92417e051e3b2cabfbf8ceea2acb9c,sell,0x0aef06dcccc531e581f0440059e6ffcc206039ee,0x2e9ce1953706ab1b4fe7e2bc1643aae5440196d05d22dc10aba30077f6687ba1
50,0.997,0.0005982,0xa1184b193da53db215ac97c1e1c943dc357377d2,2017-10-30T02:32:21.000Z,0.0006,0x379374d13077e8867ef31803c37baf9785a17c00,sell,0x0aef06dcccc531e581f0440059e6ffcc206039ee,0xfc11e48b663f5c9dde9dd29fd5238fef44602534d3e0bb13b1c237ab46903498
51,3426.222,2.58679761,0x265ca90bd2ceb257be4370d0cbd6bf8e0a6688e1,2017-10-29T19:38:45.000Z,0.000755,0xcb6ab60ec4d9a3a7879ab0816c3b45624e8c67ae,buy,0x0aef06dcccc531e581f0440059e6ffcc206039ee,0x0a313be1fccd44cb0c330fe94c84c740f1b961a8c61d2c0e852587c5b17bca21
52,1279.77797334,0.9662323698733924,0xf2a5c2c71eb5e76f46dda4e965f5c6508f632b36,2017-10-29T19:36:20.000Z,0.0007550000000013224,0xcb6ab60ec4d9a3a7879ab0816c3b45624e8c67ae,buy,0x0aef06dcccc531e581f0440059e6ffcc206039ee,0xf723922d71e99d831092295c3054a2219fd15fad50901a9a429b8020524b2b4b
53,40.662,0.02968326,0xf2a5c2c71eb5e76f46dda4e965f5c6508f632b36,2017-10-29T19:34:36.000Z,0.00073,0x9232c4c1eb3007a443cea63b96fef41a9dad09bf,buy,0x0aef06dcccc531e581f0440059e6ffcc206039ee,0xe9b7758df8a22653227bf8f9dd68a6a570a8f7f4cd4ca9f337ee4fcd32334d10
54,446,0.2676,0xa1184b193da53db215ac97c1e1c943dc357377d2,2017-10-29T19:23:15.000Z,0.0006,0x9232c4c1eb3007a443cea63b96fef41a9dad09bf,sell,0x0aef06dcccc531e581f0440059e6ffcc206039ee,0x48270272becc304ec00a660ac78c1124eeecef0ea0d576d826cd7c17a9582fbb
55,292.49270144,0.1491712777344,0x3d3657363f6141e5294fe183a43e2f983ec73ee9,2017-10-29T17:02:02.000Z,0.00051,0xeb6f83d085698c9a380bf168d5e8d359318ed429,sell,0x0aef06dcccc531e581f0440059e6ffcc206039ee,0x646719f26534893dff36401f90223cba8cc9610f0a192169ad409760473548b3
56,1000,0.5101,0x0ea9c0d2b04d95504f6451c5972f339f107771e3,2017-10-29T16:57:03.000Z,0.0005101,0xeb6f83d085698c9a380bf168d5e8d359318ed429,sell,0x0aef06dcccc531e581f0440059e6ffcc206039ee,0xc1b466acf9c17091c4c6eac274891919d9fd1a5c2bad79fb9ec14f256e7c364d
57,1000,0.62,0x3c57707290869e5c73c3282e28d2f1a19dd5c65c,2017-10-29T16:55:37.000Z,0.00062,0xcb6ab60ec4d9a3a7879ab0816c3b45624e8c67ae,sell,0x0aef06dcccc531e581f0440059e6ffcc206039ee,0x2d379628b22d50b15f4e9ee6c952bcb5513b4e246b279e620b6ed6fdc99a5734
58,498.006,0.3486042,0xd048261ba81c8c952891d29bd9a94d0a7b94c3c6,2017-10-29T16:52:15.000Z,0.0007,0xeb6f83d085698c9a380bf168d5e8d359318ed429,sell,0x0aef06dcccc531e581f0440059e6ffcc206039ee,0x36619422f931657bb06d203bd6211afe4b508e3368b31c459dee3022255490c9
59,620,0.4402,0xa04c74c5d53446108b03c519c945f54361c51918,2017-10-29T16:49:02.000Z,0.00071,0xeb6f83d085698c9a380bf168d5e8d359318ed429,sell,0x0aef06dcccc531e581f0440059e6ffcc206039ee,0x8730a3c5ab67658ae1a0f45b5bca82317cd09052d2cc7492055fa5d149131976
60,177.644,0.12612724,0x6ee3c78a15071bfca6acd1d71f8567625118d1ff,2017-10-29T16:30:46.000Z,0.00071,0x789c9f02de174d9215277f23a64bf31ddc398ea7,buy,0x0aef06dcccc531e581f0440059e6ffcc206039ee,0x07b808f8f459edb6fca23dce3991968929932465f5a122844546314adb5eb8f5
61,0.08424589,0.000059814583391993,0xeb6f83d085698c9a380bf168d5e8d359318ed429,2017-10-29T16:20:23.000Z,0.0007100000177099797,0x789c9f02de174d9215277f23a64bf31ddc398ea7,buy,0x0aef06dcccc531e581f0440059e6ffcc206039ee,0x57fa4a8a003857323748ba202ad2dadc68349ab27f18e7d1ef8e09835eb74d8b
62,26.58666674,0.019940000055,0xeb6f83d085698c9a380bf168d5e8d359318ed429,2017-10-29T16:19:12.000Z,0.00075,0x273a5d3e6721b9f5c1a6474f560c1334c63dda01,sell,0x0aef06dcccc531e581f0440059e6ffcc206039ee,0xf34967fb10daebad6ce539cf5e85b2ef4a3b0e7e435c006f29ed8b3ea7b925de
63,26.66666675,0.0189333333925,0x273a5d3e6721b9f5c1a6474f560c1334c63dda01,2017-10-29T16:19:12.000Z,0.00071,0x789c9f02de174d9215277f23a64bf31ddc398ea7,buy,0x0aef06dcccc531e581f0440059e6ffcc206039ee,0xf34967fb10daebad6ce539cf5e85b2ef4a3b0e7e435c006f29ed8b3ea7b925de
64,49.83862342,0.037378967565,0xeb6f83d085698c9a380bf168d5e8d359318ed429,2017-10-29T13:01:13.000Z,0.00075,0x28df321d9885a28cfd8a4cdbd249604c30e5ff05,sell,0x0aef06dcccc531e581f0440059e6ffcc206039ee,0xb7bfedf5055fc0deec91d59974943a3f34d3cab0d5632a9653402f5fbe46e649
65,49.84547901,0.0353902900971,0xeb6f83d085698c9a380bf168d5e8d359318ed429,2017-10-29T09:29:10.000Z,0.00071,0xd69256e87bd68e01213c7095f4e41f870982ed27,sell,0x0aef06dcccc531e581f0440059e6ffcc206039ee,0xcb64e117af00d7a25b765890fa789dd72a8a26423060310017ae8c08c66bb255
66,1.99381916,0.001395673412,0xd048261ba81c8c952891d29bd9a94d0a7b94c3c6,2017-10-29T08:55:55.000Z,0.0007,0x55175e481e087ce3e5a65c8f197ae9281bdb76fe,sell,0x0aef06dcccc531e581f0440059e6ffcc206039ee,0x11a00e5eb01e3c88b43f39daae973f05463ad1d9044b41bb71802a5d83863187
67,200,0.23756,0xd048261ba81c8c952891d29bd9a94d0a7b94c3c6,2017-10-29T00:59:47.000Z,0.0011878,0xeb6f83d085698c9a380bf168d5e8d359318ed429,buy,0x0aef06dcccc531e581f0440059e6ffcc206039ee,0xfd484bbff1a1f119c9d54117c965b43216101ee3869340c63d5cf0128a4aa134
68,184.47621672,0.18447621672,0xc1aac4101f510c66e44f0f0aee922051efc3ae53,2017-10-29T00:35:40.000Z,0.001,0x4a62bce8e35b276489ccbe7966d3dac1c8322fad,sell,0x0aef06dcccc531e581f0440059e6ffcc206039ee,0x609c629fd5448db173038cb6968ceb802c715f82f9cc3e36200e6acc1de97b02
69,2000,2,0xc1aac4101f510c66e44f0f0aee922051efc3ae53,2017-10-29T00:33:55.000Z,0.001,0x4a62bce8e35b276489ccbe7966d3dac1c8322fad,sell,0x0aef06dcccc531e581f0440059e6ffcc206039ee,0x6f2f47613491b0188a6614f100942bbc7e13e5b9f1bd7c81b0ee243c3ed40a50
70,488,0.3416,0x9232c4c1eb3007a443cea63b96fef41a9dad09bf,2017-10-28T23:17:16.000Z,0.0007,0x4a62bce8e35b276489ccbe7966d3dac1c8322fad,sell,0x0aef06dcccc531e581f0440059e6ffcc206039ee,0xecd9b7e20622f457820ade336381a1640b96d77b33bb5520598468287204927d
71,1.333,0.001139713667,0x1d6537f38376540bbc69ed986d447a53bd627892,2017-10-28T22:55:48.000Z,0.000854999,0x4a62bce8e35b276489ccbe7966d3dac1c8322fad,sell,0x0aef06dcccc531e581f0440059e6ffcc206039ee,0xdbe3a0decddf34df62dc8d21148f40e674ee5b5fee0670d76cf0bb33b12ab22b
72,350,0.3045,0xff6aacee0b78e6f446ea96bf6fb01c70a7aee5b0,2017-10-28T22:09:36.000Z,0.00087,0x4a62bce8e35b276489ccbe7966d3dac1c8322fad,sell,0x0aef06dcccc531e581f0440059e6ffcc206039ee,0x4714689e88b10a14babdb5e13a902a6a96cb2f3b0b12fba14c54ad7aa93261f3
73,450,0.396009,0x0667589f6ec70a6573b5854b20868d2c8e9c8d7e,2017-10-28T22:09:05.000Z,0.00088002,0x4a62bce8e35b276489ccbe7966d3dac1c8322fad,sell,0x0aef06dcccc531e581f0440059e6ffcc206039ee,0xafc4f9b42f7791a105906f496b209bc63906b106c57df88dd0978efa56896591
74,1.636,0.00153784,0xa1184b193da53db215ac97c1e1c943dc357377d2,2017-10-28T22:07:23.000Z,0.00094,0x4a62bce8e35b276489ccbe7966d3dac1c8322fad,sell,0x0aef06dcccc531e581f0440059e6ffcc206039ee,0x2fe0bc6468c5a51b79e37a2d5906524233d63d5e21193607b14e423bb5f30c3b
75,285,0.27075,0xa1184b193da53db215ac97c1e1c943dc357377d2,2017-10-28T22:02:51.000Z,0.00095,0x4a62bce8e35b276489ccbe7966d3dac1c8322fad,sell,0x0aef06dcccc531e581f0440059e6ffcc206039ee,0xa35a7124c9f42f3e619b4cc8b9494a4391ea013e93e179b53ed819d143d8c757
76,531,0.50445,0xa1184b193da53db215ac97c1e1c943dc357377d2,2017-10-28T22:02:40.000Z,0.00095,0x4a62bce8e35b276489ccbe7966d3dac1c8322fad,sell,0x0aef06dcccc531e581f0440059e6ffcc206039ee,0x21d9a937cbf3badf22214ba9342bd0ef2fb0f514b69b8f4624c6019ab0d629d0
77,0.41667013,0.0005,0xe444a40689f51f63bcd29910622035707d533d29,2017-10-28T20:40:04.000Z,0.0011999900256829065,0x08485d5e08c9b7b5e5ea4ca5db2806b43ebe0d47,buy,0x0aef06dcccc531e581f0440059e6ffcc206039ee,0xa54e4c3e7c3d142784caa3eaeea8b335f3a5216bff43ffb684d4976add574801
78,0.41667013,0.0005,0x34f9560c63078eb61872a4dc2ccd20e21c34feaf,2017-10-28T20:38:59.000Z,0.0011999900256829065,0x08485d5e08c9b7b5e5ea4ca5db2806b43ebe0d47,buy,0x0aef06dcccc531e581f0440059e6ffcc206039ee,0xb8ca45e848047b859c5850d82fb77e4a0c3b4a178abb6116bc28147360a79d26
79,370,0.3256,0x0549af7c7201e1d98604deb3ac14aea189602f23,2017-10-28T19:41:30.000Z,0.00088,0xbc18642c7e0647d6e65b53cadefb4367d8f85a97,sell,0x0aef06dcccc531e581f0440059e6ffcc206039ee,0xbb8e8b2dd351c5af09ab42b882b331ae6949a557f85dda4e0c0d62a2c478a07a
80,864,0.776639232,0x273a5d3e6721b9f5c1a6474f560c1334c63dda01,2017-10-28T19:34:28.000Z,0.000898888,0xbc18642c7e0647d6e65b53cadefb4367d8f85a97,buy,0x0aef06dcccc531e581f0440059e6ffcc206039ee,0xff2b39093a26e1cfcb3fc9b9225d968eb4011ea530697ca46121dcd2267f3cf0
81,861.408,0.80972352,0xa1184b193da53db215ac97c1e1c943dc357377d2,2017-10-28T19:34:28.000Z,0.00094,0x273a5d3e6721b9f5c1a6474f560c1334c63dda01,sell,0x0aef06dcccc531e581f0440059e6ffcc206039ee,0xff2b39093a26e1cfcb3fc9b9225d968eb4011ea530697ca46121dcd2267f3cf0
82,35,0.0315,0x77f23349cd32ddeb4aaeaf4d351f7234ab5de6ac,2017-10-28T19:08:32.000Z,0.0009,0xbc18642c7e0647d6e65b53cadefb4367d8f85a97,buy,0x0aef06dcccc531e581f0440059e6ffcc206039ee,0x637a4ab797b15eb0b1e026e50faca649371bac0247b3aee82efd5909d2c12773
83,1450,1.305,0xbb0ea877a85df253ccc312b80c644da31443abfd,2017-10-28T18:55:23.000Z,0.0009,0xbc18642c7e0647d6e65b53cadefb4367d8f85a97,buy,0x0aef06dcccc531e581f0440059e6ffcc206039ee,0x1dcd519951bb7338ad5c3f50e2bcc199d74c6a35368c32162fca52eab84b0b3b
84,667.03658202,0.600332923818,0xbb0ea877a85df253ccc312b80c644da31443abfd,2017-10-28T18:30:59.000Z,0.0009,0x15486b58ed09a5fb42334e5c79fd05f9299ea9c3,buy,0x0aef06dcccc531e581f0440059e6ffcc206039ee,0x14ee5e7d8b7832a8bc5150569c3114a7627038a16d33d4403a314ef3cbc6c237
85,927.036,0.834331472964,0xbb0ea877a85df253ccc312b80c644da31443abfd,2017-10-28T18:27:40.000Z,0.000899999,0x08485d5e08c9b7b5e5ea4ca5db2806b43ebe0d47,buy,0x0aef06dcccc531e581f0440059e6ffcc206039ee,0xfd4d2d219dd2fb602c4debdabc0c37123a4f1e57f77a93cf6cb83eb5e69ca6df
86,20.67133286,0.01860417890838401,0xa1184b193da53db215ac97c1e1c943dc357377d2,2017-10-28T18:12:30.000Z,0.0008999990002765602,0x08485d5e08c9b7b5e5ea4ca5db2806b43ebe0d47,buy,0x0aef06dcccc531e581f0440059e6ffcc206039ee,0x7d9ce8d8092f83d9d4913a15e76768be0ba9b38868e5cd84b0d654c2347dd9ea
87,30,0.02699997,0xa1184b193da53db215ac97c1e1c943dc357377d2,2017-10-28T18:02:40.000Z,0.000899999,0x08485d5e08c9b7b5e5ea4ca5db2806b43ebe0d47,buy,0x0aef06dcccc531e581f0440059e6ffcc206039ee,0x99c23d741ec87cf3e828fd065d4424eac1c51f05aa2461c6b588bdf396c1c539
88,2.285403,0.002861324556,0x28df321d9885a28cfd8a4cdbd249604c30e5ff05,2017-10-28T17:18:00.000Z,0.001252,0x273a5d3e6721b9f5c1a6474f560c1334c63dda01,sell,0x0aef06dcccc531e581f0440059e6ffcc206039ee,0xc167c10231f95860d94a3ee76ba5dd3753dd4fc152aba8c75a5e809f51662908
89,2.29227984,0.00206304956372016,0x273a5d3e6721b9f5c1a6474f560c1334c63dda01,2017-10-28T17:18:00.000Z,0.000899999,0x08485d5e08c9b7b5e5ea4ca5db2806b43ebe0d47,buy,0x0aef06dcccc531e581f0440059e6ffcc206039ee,0xc167c10231f95860d94a3ee76ba5dd3753dd4fc152aba8c75a5e809f51662908
90,87.07731001,0.0766289035819001,0x8909e1a4f31fc2214ea6c4a917268b833b00c000,2017-10-28T17:05:07.000Z,0.00088001,0x1ed014aec47fae44c9e55bac7662c0b78ae61798,sell,0x0aef06dcccc531e581f0440059e6ffcc206039ee,0x1d7e95d0d90db8c19d030f05748ab99b5e4c6718a5668d0d9659a9c0b8b9edf9
91,8.71619072,0.01091267078144,0x28df321d9885a28cfd8a4cdbd249604c30e5ff05,2017-10-28T13:42:29.000Z,0.001252,0xd2ea382e498316d91b9de8557670149b479721a0,sell,0x0aef06dcccc531e581f0440059e6ffcc206039ee,0xbd0aabc39bc4a6e8b87602aae05aa2e9756e834d4b16161e2f50b073def27b88
92,8.74241798,0.007868176182,0xd2ea382e498316d91b9de8557670149b479721a0,2017-10-28T13:42:29.000Z,0.0009,0x15486b58ed09a5fb42334e5c79fd05f9299ea9c3,buy,0x0aef06dcccc531e581f0440059e6ffcc206039ee,0xbd0aabc39bc4a6e8b87602aae05aa2e9756e834d4b16161e2f50b073def27b88
93,6.79108076,0.006111972692999999,0xd2ea382e498316d91b9de8557670149b479721a0,2017-10-28T13:27:53.000Z,0.0009000000013252676,0x15486b58ed09a5fb42334e5c79fd05f9299ea9c3,buy,0x0aef06dcccc531e581f0440059e6ffcc206039ee,0x694219544f4cb46f7ce46f43d24f3061b8ca5890ad368b23c61279acab24825c
94,6.77070752,0.00847692581504,0x28df321d9885a28cfd8a4cdbd249604c30e5ff05,2017-10-28T13:27:53.000Z,0.001252,0xd2ea382e498316d91b9de8557670149b479721a0,sell,0x0aef06dcccc531e581f0440059e6ffcc206039ee,0x694219544f4cb46f7ce46f43d24f3061b8ca5890ad368b23c61279acab24825c
95,99.69095803,0.089721862227,0xa1184b193da53db215ac97c1e1c943dc357377d2,2017-10-28T12:22:37.000Z,0.0009,0xa4714f884bc82599fd0ed391ae8747e07454cc8d,sell,0x0aef06dcccc531e581f0440059e6ffcc206039ee,0xcac4864ef4e35d14d2870dc8d2802df9af577727758ba1692f5e46c018fb9bed
96,24.9227395,0.021932259987395,0x8909e1a4f31fc2214ea6c4a917268b833b00c000,2017-10-28T11:29:49.000Z,0.00088001,0x68ca7fc4bfc3bb2a9cf6f45736dcadc2c427c5a0,sell,0x0aef06dcccc531e581f0440059e6ffcc206039ee,0xefd15abb56af23fe0d4f4f207c732e0f6683bf5a6713b91bad430db386d80a15
97,130,0.1144,0x0549af7c7201e1d98604deb3ac14aea189602f23,2017-10-28T10:44:50.000Z,0.00088,0x15c72278c83a00b3efe57fd628a6947edcf0edaf,sell,0x0aef06dcccc531e581f0440059e6ffcc206039ee,0x0dfa3ce88e983706279f22b2c8c9243d529e543d1af2187a42c427e30373c956
98,342.01737471,0.3112358109861,0x1bb8c205571225fd92032484c8cba60344cb2d8b,2017-10-28T10:41:14.000Z,0.00091,0x15c72278c83a00b3efe57fd628a6947edcf0edaf,sell,0x0aef06dcccc531e581f0440059e6ffcc206039ee,0x778707bdb1d5649120d78ea3a661c8ee25a3b433c1033a2eea69e47fce2ffeaf
99,0.00577978,0.0000052595998,0x1bb8c205571225fd92032484c8cba60344cb2d8b,2017-10-28T09:07:08.000Z,0.00091,0xb635fa1a4e7f1f2edf5fbe4630040cb6db0b40af,sell,0x0aef06dcccc531e581f0440059e6ffcc206039ee,0x1319d2b428458b8e3843b64e9b3c5e2dc870760062c2cac9446890dee51acdba
100,57.97684551,0.0527589294141,0x1bb8c205571225fd92032484c8cba60344cb2d8b,2017-10-28T09:02:44.000Z,0.00091,0xb635fa1a4e7f1f2edf5fbe4630040cb6db0b40af,sell,0x0aef06dcccc531e581f0440059e6ffcc206039ee,0xad8940a655644141020aed7f94a39b6726f0a5d8c8b7c32f545c4108374775f0
101,404,0.39592,0x6ee3c78a15071bfca6acd1d71f8567625118d1ff,2017-10-28T09:01:18.000Z,0.00098,0xb635fa1a4e7f1f2edf5fbe4630040cb6db0b40af,sell,0x0aef06dcccc531e581f0440059e6ffcc206039ee,0xcfa966e07d412ef99c2556f1cab3eb5e976a6fc391709472d43bd90f21649730
102,227,0.21338,0x0c5e87cc85f25ea8221ea0dedb7216df9efc2892,2017-10-28T09:01:18.000Z,0.00094,0xb635fa1a4e7f1f2edf5fbe4630040cb6db0b40af,sell,0x0aef06dcccc531e581f0440059e6ffcc206039ee,0xa139ab5106383ea2af28b2c6c5e6db8a3a19ef45e4a9ec28dcf73fc94ce7df43
103,174.99993106,0.1732499317494,0x946ce76bc41ff9e8b8446a7b4bcd2a89594dca95,2017-10-28T09:01:14.000Z,0.00099,0xb635fa1a4e7f1f2edf5fbe4630040cb6db0b40af,sell,0x0aef06dcccc531e581f0440059e6ffcc206039ee,0x44dc677b1094abf8065714e6910e01de1ed6f4eb42991ae66540ae4b0d6dfa98
104,0.00006894,0.0000000682506,0x946ce76bc41ff9e8b8446a7b4bcd2a89594dca95,2017-10-28T07:40:34.000Z,0.00099,0xfec2cb43252d9b74bf3b873ebaa5bbfc4d6d1e5c,sell,0x0aef06dcccc531e581f0440059e6ffcc206039ee,0xf8e313ba7c45a10a00c225ac4e7b194329a55b00a8c8aaa96b8f9c09ff5ae36e
105,114.668,0.114668,0x34e684c9b668b595caf016df64e21d43c658877d,2017-10-28T07:33:59.000Z,0.001,0xfec2cb43252d9b74bf3b873ebaa5bbfc4d6d1e5c,buy,0x0aef06dcccc531e581f0440059e6ffcc206039ee,0x6e26a4a02a1608ec0293d64b1f596a107d923758dc823f4609e9a67a71c2b93c
106,100,0.1,0x56661e238d6784951f00c036a3a1224dcadd6840,2017-10-28T07:27:10.000Z,0.001,0xfec2cb43252d9b74bf3b873ebaa5bbfc4d6d1e5c,sell,0x0aef06dcccc531e581f0440059e6ffcc206039ee,0x5a04e5b976578e897462b5379a731edfa9151b21f5ab1582177f73d234b5d467
107,518.065,0.518065,0x6bc209be1dba2aa9b1ab642040581969d52fe9e2,2017-10-28T07:25:30.000Z,0.001,0xfec2cb43252d9b74bf3b873ebaa5bbfc4d6d1e5c,sell,0x0aef06dcccc531e581f0440059e6ffcc206039ee,0xaafae0b71af328361ba6e82e390d1e26b3ab697771f667fab2e8f5b7166282db
108,77,0.077,0x273a5d3e6721b9f5c1a6474f560c1334c63dda01,2017-10-28T07:25:08.000Z,0.001,0xfec2cb43252d9b74bf3b873ebaa5bbfc4d6d1e5c,buy,0x0aef06dcccc531e581f0440059e6ffcc206039ee,0x1e0725731ecaceb1d12f5cf1172db79d1f283c6bd3181911a617c4a61096423e
109,76.769,0.0844459,0xa1184b193da53db215ac97c1e1c943dc357377d2,2017-10-28T07:25:08.000Z,0.0011,0x273a5d3e6721b9f5c1a6474f560c1334c63dda01,sell,0x0aef06dcccc531e581f0440059e6ffcc206039ee,0x1e0725731ecaceb1d12f5cf1172db79d1f283c6bd3181911a617c4a61096423e
110,1.2,0.001212,0x1bb8c205571225fd92032484c8cba60344cb2d8b,2017-10-28T07:20:19.000Z,0.00101,0xfec2cb43252d9b74bf3b873ebaa5bbfc4d6d1e5c,sell,0x0aef06dcccc531e581f0440059e6ffcc206039ee,0x18cff4ab483bc653c7cf2c1224050ba1db9b5a52ab646565f9c285cf87fe6088
111,24.136,0.030218272,0x28df321d9885a28cfd8a4cdbd249604c30e5ff05,2017-10-28T07:17:47.000Z,0.001252,0x45521db5fd5d1cc05aeecdb85220d65c7d0f2b57,sell,0x0aef06dcccc531e581f0440059e6ffcc206039ee,0x4c6c8ddfbec2e8a913bcf00e69b31855ce5ba311367c5926392cdeebf6bc1692
112,530.409,0.7956135,0x6ee3c78a15071bfca6acd1d71f8567625118d1ff,2017-10-28T07:06:56.000Z,0.0015,0x3d3657363f6141e5294fe183a43e2f983ec73ee9,buy,0x0aef06dcccc531e581f0440059e6ffcc206039ee,0xddc6c179428488366995cbfc26ee24f43dde42b0ff26a0ba1ad052dcfb927155
113,241,0.35909,0x6ee3c78a15071bfca6acd1d71f8567625118d1ff,2017-10-28T07:04:06.000Z,0.00149,0x8909e1a4f31fc2214ea6c4a917268b833b00c000,buy,0x0aef06dcccc531e581f0440059e6ffcc206039ee,0x58fb2a72bd8768a5658954f14d6724e5c44a5cdebfd8bc6f5cecec2f3ff0b6d2
114,0.99731266,0.00124863545032,0x28df321d9885a28cfd8a4cdbd249604c30e5ff05,2017-10-28T07:00:41.000Z,0.001252,0xede8dbc373b9d554ccf2c15dfb61bae805fd55b2,sell,0x0aef06dcccc531e581f0440059e6ffcc206039ee,0x6331a22b0d48a680a0d5e86ba9cd74b38033b2eb00b223892792557c92ad3775
115,255,0.37995,0x6ee3c78a15071bfca6acd1d71f8567625118d1ff,2017-10-28T06:27:07.000Z,0.00149,0x8909e1a4f31fc2214ea6c4a917268b833b00c000,buy,0x0aef06dcccc531e581f0440059e6ffcc206039ee,0x196aeb0bf3390e9e37218887f420ca58723dbf1c062844f07f8bb818911787cb
116,78,0.11622,0x1d6537f38376540bbc69ed986d447a53bd627892,2017-10-28T05:56:08.000Z,0.00149,0x3d3657363f6141e5294fe183a43e2f983ec73ee9,sell,0x0aef06dcccc531e581f0440059e6ffcc206039ee,0xc616192bf8eb12cdaa7f48de855fe916a9a080157de24e2c8b855cc3486c528d
117,76.7,0.11505,0x045b4f21a31953f9a51f54124cf1d791dd030dc9,2017-10-28T05:05:38.000Z,0.0015,0xddea26841324e40393b167937a394c187dd7995b,buy,0x0aef06dcccc531e581f0440059e6ffcc206039ee,0x41dd6f27a4b96ff64f9d642a0d253cc2a68f6aa2cfc004559cf7d4680b1d47f8
118,4,0.00596,0x4fc9333d67be094e35e7c7b32a9edbc38fdb0681,2017-10-28T04:16:43.000Z,0.00149,0x8909e1a4f31fc2214ea6c4a917268b833b00c000,buy,0x0aef06dcccc531e581f0440059e6ffcc206039ee,0x95ed0be9b66d21841ac621a453859aa46a697a8b30b7b46cf7e5c2308b34b28a
119,235.79757261,0.23579757261,0x6bc209be1dba2aa9b1ab642040581969d52fe9e2,2017-10-27T23:39:03.000Z,0.001,0x2016dedc02912be50dbed8e8093d1e3ff528bf54,sell,0x0aef06dcccc531e581f0440059e6ffcc206039ee,0xb8044cf53fc8e50d997389b7c9d9215dab9df0ea569be2a37bc109d4ffbfd35c
120,38,0.057,0xb85d14ab22a69276e57f24130ce4215e5ffe7dc0,2017-10-27T21:49:38.000Z,0.0015,0x3d3657363f6141e5294fe183a43e2f983ec73ee9,buy,0x0aef06dcccc531e581f0440059e6ffcc206039ee,0x4e701f6f3d3b713485853e3a82cef3181bb52c38358b4a5404158420a4bfdede
121,1246.13697537,1.24613697537,0x6bc209be1dba2aa9b1ab642040581969d52fe9e2,2017-10-27T21:13:06.000Z,0.001,0xe896783ea1ab389218fdc46223f3b6d3dc4b3612,sell,0x0aef06dcccc531e581f0440059e6ffcc206039ee,0x3a7d7adab81bc7feb6de3acf37e0221c0c6daee25d4491a57455365bec14d0c7
122,2,0.003,0xb85d14ab22a69276e57f24130ce4215e5ffe7dc0,2017-10-27T21:01:57.000Z,0.0015,0x3d3657363f6141e5294fe183a43e2f983ec73ee9,buy,0x0aef06dcccc531e581f0440059e6ffcc206039ee,0x49c2a5261f26e26c3e5cdc1825c8e738440bfb52639c129cf03bee96b8dd9880
123,648.643,0.648643,0x3d3657363f6141e5294fe183a43e2f983ec73ee9,2017-10-27T20:02:52.000Z,0.001,0x2eb8e3f1152f797665ca113f7853a2c69fa3be9d,buy,0x0aef06dcccc531e581f0440059e6ffcc206039ee,0xc0978008d1b74ed422a62a1ae6180f1b64c65133cd3cd0fd346324d6440624a1
124,619.24791258,0.6192479125854186,0xeb6f83d085698c9a380bf168d5e8d359318ed429,2017-10-27T20:00:31.000Z,0.0010000000000087502,0x2eb8e3f1152f797665ca113f7853a2c69fa3be9d,buy,0x0aef06dcccc531e581f0440059e6ffcc206039ee,0xfd32c678a8e6b8349651997837343f53f6ac2307f35f19e0e9fc8b9611b24eae
125,25,0.025,0x5e0221c72f941fbc27e8ba90609a7f1594ec068a,2017-10-27T19:50:40.000Z,0.001,0x2eb8e3f1152f797665ca113f7853a2c69fa3be9d,buy,0x0aef06dcccc531e581f0440059e6ffcc206039ee,0xc780bd95295d0d78a430cc330b7fc64837a2d9130ec1fdc390e151923d589dc4
126,398.8,0.402788,0x1bb8c205571225fd92032484c8cba60344cb2d8b,2017-10-27T19:45:06.000Z,0.00101,0xd2ea382e498316d91b9de8557670149b479721a0,sell,0x0aef06dcccc531e581f0440059e6ffcc206039ee,0x49e79ade50ea10db3a6bad57ceae139f31bb43a0f44eadc7e0aff26ae54c8c93
127,400,0.4,0xd2ea382e498316d91b9de8557670149b479721a0,2017-10-27T19:45:06.000Z,0.001,0x2eb8e3f1152f797665ca113f7853a2c69fa3be9d,buy,0x0aef06dcccc531e581f0440059e6ffcc206039ee,0x49e79ade50ea10db3a6bad57ceae139f31bb43a0f44eadc7e0aff26ae54c8c93
128,300,0.3,0x7aa6e2506316f6d613277d4f2f4e4e1dc55e528e,2017-10-27T19:45:02.000Z,0.001,0x2eb8e3f1152f797665ca113f7853a2c69fa3be9d,buy,0x0aef06dcccc531e581f0440059e6ffcc206039ee,0x60979fc5e34cfea72a3389c2f0f88760f14890a370a44c490037ff1d0dd70170
129,7.10883577,0.00710883577,0x273a5d3e6721b9f5c1a6474f560c1334c63dda01,2017-10-27T19:45:02.000Z,0.001,0x2eb8e3f1152f797665ca113f7853a2c69fa3be9d,buy,0x0aef06dcccc531e581f0440059e6ffcc206039ee,0x20fa577de63b4129efc496502bdb082186eab1f3bddae6701d0c54894ed81033
130,7.08750926,0.00887356159352,0x28df321d9885a28cfd8a4cdbd249604c30e5ff05,2017-10-27T19:45:02.000Z,0.001252,0x273a5d3e6721b9f5c1a6474f560c1334c63dda01,sell,0x0aef06dcccc531e581f0440059e6ffcc206039ee,0x20fa577de63b4129efc496502bdb082186eab1f3bddae6701d0c54894ed81033
131,299.1,0.305082,0xadb2a296b5543be7546733c0b9a5ca731b604d80,2017-10-27T19:45:02.000Z,0.00102,0x7aa6e2506316f6d613277d4f2f4e4e1dc55e528e,sell,0x0aef06dcccc531e581f0440059e6ffcc206039ee,0x60979fc5e34cfea72a3389c2f0f88760f14890a370a44c490037ff1d0dd70170
132,25,0.035,0x68ca7fc4bfc3bb2a9cf6f45736dcadc2c427c5a0,2017-10-27T19:29:57.000Z,0.0014,0xfddba3f120af75d260fcefb3919a8b6db9348067,sell,0x0aef06dcccc531e581f0440059e6ffcc206039ee,0x4aea4dd42cedc69f2ef45be6d2aa807b599c0001f564b33f4132fe3acc4bf4d0
133,0.0001,0.001,0x46eb10fba3445da29ba2e767ba34685c7642c153,2017-10-27T18:19:34.000Z,10,0x58319288a01eff24620ee5237315f9e1e9dc0e36,buy,0x0aef06dcccc531e581f0440059e6ffcc206039ee,0xde0cdb8edb4bea31a832b6b7fd9e4af3cec2e2ee41bfdc9d43a260e5369307b5
134,1.552,0.001943104,0xd07f9074f641cb70174bec2f3bc594046d7475b1,2017-10-27T18:18:23.000Z,0.001252,0x45521db5fd5d1cc05aeecdb85220d65c7d0f2b57,sell,0x0aef06dcccc531e581f0440059e6ffcc206039ee,0xf294591c855f6112ef383cae73743907a9438696942968823e2d9cba333cfd83
135,550,0.869,0x46eb10fba3445da29ba2e767ba34685c7642c153,2017-10-27T18:17:44.000Z,0.00158,0x46eb10fba3445da29ba2e767ba34685c7642c153,buy,0x0aef06dcccc531e581f0440059e6ffcc206039ee,0xffc7c8592ae13d69102fb2a209f93698e5b10661b05c4195c3257c55b5cb6c0e
136,650,1.027,0x46eb10fba3445da29ba2e767ba34685c7642c153,2017-10-27T18:16:17.000Z,0.00158,0x46eb10fba3445da29ba2e767ba34685c7642c153,buy,0x0aef06dcccc531e581f0440059e6ffcc206039ee,0x0ff0dc9b80cce984ce76be655d0b7588a65caaaa4b8da903dcd0b65d9ef3919f
137,1200,1.872,0x46eb10fba3445da29ba2e767ba34685c7642c153,2017-10-27T18:15:28.000Z,0.00156,0x46eb10fba3445da29ba2e767ba34685c7642c153,buy,0x0aef06dcccc531e581f0440059e6ffcc206039ee,0xdb52bcae2a394389de1a7267378ffd5f72506065888bf87f5b3aababaa8b262b
138,53,0.08162,0x46eb10fba3445da29ba2e767ba34685c7642c153,2017-10-27T18:14:46.000Z,0.00154,0x46eb10fba3445da29ba2e767ba34685c7642c153,buy,0x0aef06dcccc531e581f0440059e6ffcc206039ee,0xb6500712a51fecdbf77cbf01a75e4ecac98f8955b2ff3a58dfffdfcc7564f725
139,700,1.078,0x46eb10fba3445da29ba2e767ba34685c7642c153,2017-10-27T18:13:16.000Z,0.00154,0x46eb10fba3445da29ba2e767ba34685c7642c153,buy,0x0aef06dcccc531e581f0440059e6ffcc206039ee,0x8051ea90a305f172539de1debfe6b4e28f5195eeaaa48ad0ff2f1f22b7000983
140,1000,1.666,0x46eb10fba3445da29ba2e767ba34685c7642c153,2017-10-27T17:57:38.000Z,0.001666,0x46eb10fba3445da29ba2e767ba34685c7642c153,buy,0x0aef06dcccc531e581f0440059e6ffcc206039ee,0x63f318f0b638cd2cf2b789f84b6b1a5df1bf41836e80289336d71c8fc2922027
141,28,0.044744,0xd07f9074f641cb70174bec2f3bc594046d7475b1,2017-10-27T17:57:38.000Z,0.001598,0x4a62bce8e35b276489ccbe7966d3dac1c8322fad,buy,0x0aef06dcccc531e581f0440059e6ffcc206039ee,0x4f5191ec8b6940f4f3ca78547f86af72e63037bee1f16a262cf234cf1eccc862
142,1000,1.59,0x46eb10fba3445da29ba2e767ba34685c7642c153,2017-10-27T17:53:34.000Z,0.00159,0x46eb10fba3445da29ba2e767ba34685c7642c153,buy,0x0aef06dcccc531e581f0440059e6ffcc206039ee,0x7b43cde0480b5df65ed0c6781fdc64be5509d2c78fa0da34c3fe2e4b1730e764
143,117,0.186966,0xd07f9074f641cb70174bec2f3bc594046d7475b1,2017-10-27T17:49:11.000Z,0.001598,0x4a62bce8e35b276489ccbe7966d3dac1c8322fad,buy,0x0aef06dcccc531e581f0440059e6ffcc206039ee,0x875cbb63e078e1d844aacd1b5795368084210ab405924ce8b9a3678e2adfcb4f
144,200,0.3196,0xadb2a296b5543be7546733c0b9a5ca731b604d80,2017-10-27T17:42:31.000Z,0.001598,0x4a62bce8e35b276489ccbe7966d3dac1c8322fad,buy,0x0aef06dcccc531e581f0440059e6ffcc206039ee,0xd913309da01c12f2d68608da557182d61a1b9973dc8edccf9cf5d3b7af28a831
145,480,1.344,0x46eb10fba3445da29ba2e767ba34685c7642c153,2017-10-27T17:14:49.000Z,0.0028,0x46eb10fba3445da29ba2e767ba34685c7642c153,buy,0x0aef06dcccc531e581f0440059e6ffcc206039ee,0x22fb4148e5dc2d756fff8e8e1bdbdd02002baf600b2c00a57d3c67535e132fed
146,12.28254308,0.02088032324190011,0x045b4f21a31953f9a51f54124cf1d791dd030dc9,2017-10-27T17:09:24.000Z,0.0017000000004803654,0xfddba3f120af75d260fcefb3919a8b6db9348067,buy,0x0aef06dcccc531e581f0440059e6ffcc206039ee,0x7a5067dc45fe377bdd5749faacfe2f9d8fa57af8dbb4c36bb51f6e0e2472cf4c
147,0.00000924,0.000000015504917279,0x059b76e73d252ea337742d7cfdf3631eceaac42b,2017-10-27T17:02:11.000Z,0.0016780213505411255,0xaf9f86d4880b69b3fc65410d5f9108c22b0acb62,buy,0x0aef06dcccc531e581f0440059e6ffcc206039ee,0x2a6ed9a8aa5895d3d7dc6d6a5df482bebc6e9e9166e330bd12038d78a0e0eb19
148,0.09274288,0.000155529825217636,0x059b76e73d252ea337742d7cfdf3631eceaac42b,2017-10-27T17:01:26.000Z,0.0016770001666719428,0xaf9f86d4880b69b3fc65410d5f9108c22b0acb62,buy,0x0aef06dcccc531e581f0440059e6ffcc206039ee,0x9b8765c89fca37cbff842f57167511756d1b9ad18d4f75ee959217e6e30a5fe0
149,917.71745691,1.5601196767580998,0x059b76e73d252ea337742d7cfdf3631eceaac42b,2017-10-27T17:00:40.000Z,0.001700000000012095,0xfddba3f120af75d260fcefb3919a8b6db9348067,buy,0x0aef06dcccc531e581f0440059e6ffcc206039ee,0xdadbcbaa7dc018b3743cdc7608e746d36c3391c4190cfc4d7a3aa97a9b210ea2
150,500,1.8,0x46eb10fba3445da29ba2e767ba34685c7642c153,2017-10-27T16:23:17.000Z,0.0036,0x46eb10fba3445da29ba2e767ba34685c7642c153,buy,0x0aef06dcccc531e581f0440059e6ffcc206039ee,0x5795b23877f0327761fbb132893d08105fe1e0f93fd9bff4cec8e0616219966e
151,120,0.15,0xe08e1abaeaa2657ebe412a5d808a5eb910106ffc,2017-10-27T16:11:25.000Z,0.00125,0x187cd087369b76d9e095895fce43861cacc4ff7e,sell,0x0aef06dcccc531e581f0440059e6ffcc206039ee,0x7f4aa37da3ed1fb98500354667789c523ab6fa3f9cf3ea46e9c34862443410f1
152,125,0.14375,0x1804111464a198d8b0450bdbf7cb9fd65a903baf,2017-10-27T16:11:25.000Z,0.00115,0x187cd087369b76d9e095895fce43861cacc4ff7e,sell,0x0aef06dcccc531e581f0440059e6ffcc206039ee,0x9b540b37b1d3fe07ed52687b126f78bc340ffca56d4a9700fbc4c92b61ec8bc7
153,21,0.03255,0x552be36440727a5811f1056f177638a0d59805d3,2017-10-27T16:06:37.000Z,0.00155,0xe2fbe7b63f79fca9c2dc4375076ec81d6f55c9b4,buy,0x0aef06dcccc531e581f0440059e6ffcc206039ee,0x523d6c215ba7d005514019f7f2a8c842aec490357db61d530831a064bc0abc41
154,20,0.031,0x552be36440727a5811f1056f177638a0d59805d3,2017-10-27T16:01:15.000Z,0.00155,0xe2fbe7b63f79fca9c2dc4375076ec81d6f55c9b4,buy,0x0aef06dcccc531e581f0440059e6ffcc206039ee,0xd632408186c1d2533dcfb64d68da9e387c9f512334be3c3636fda8b574b9d8c1
155,500,0.6265,0x4717c48e3f3d63d01ee7452fcea47cb522c56a99,2017-10-27T15:59:59.000Z,0.001253,0x187cd087369b76d9e095895fce43861cacc4ff7e,sell,0x0aef06dcccc531e581f0440059e6ffcc206039ee,0xc15a049a32ad0f6dae3bb30318a865883904092646ba3ae4272ac8f44aaffa25
156,1.25,0.0017,0xfddba3f120af75d260fcefb3919a8b6db9348067,2017-10-27T15:11:43.000Z,0.00136,0xf4ae0a6af340cbdffb7689404c35c3e1edc74d37,buy,0x0aef06dcccc531e581f0440059e6ffcc206039ee,0x2bfc7c75b5dab4171dabc9a74b5e858fe58fb13ab9b69e1ea97c660ea15d62b3
157,285,1.368,0x46eb10fba3445da29ba2e767ba34685c7642c153,2017-10-27T15:05:53.000Z,0.0048,0x46eb10fba3445da29ba2e767ba34685c7642c153,buy,0x0aef06dcccc531e581f0440059e6ffcc206039ee,0x75134886cd5fa219b779e488372ac6950fa71e73ba50849c60255ae447d1a9ba
158,350,1.687,0x46eb10fba3445da29ba2e767ba34685c7642c153,2017-10-27T15:04:57.000Z,0.00482,0x46eb10fba3445da29ba2e767ba34685c7642c153,buy,0x0aef06dcccc531e581f0440059e6ffcc206039ee,0x0c5c85fa5d74da5d5c6387bc7452345a358fd3f4e3dbcd1b43bca7380e755ec0
159,432,0.575424,0xe4a59ee4018364afe97293117ab5d56ef2e97c91,2017-10-27T15:00:02.000Z,0.001332,0xfddba3f120af75d260fcefb3919a8b6db9348067,sell,0x0aef06dcccc531e581f0440059e6ffcc206039ee,0xf62ecb7c3e3b393bca96749931f20336a05ab659bbf84d4e375901a2937bae0f
160,2500,3.3275,0xcec059742071b60375cc5f8c236768b25f85776d,2017-10-27T14:59:53.000Z,0.001331,0xfddba3f120af75d260fcefb3919a8b6db9348067,sell,0x0aef06dcccc531e581f0440059e6ffcc206039ee,0x11e821bdbfca65f2b3f6a881bf47ac94098914092ccdfe6280e394c0a9dd3951
161,45,0.0612,0x5e9cb42294d393306f48355944a3bd1596ef5e2b,2017-10-27T14:58:59.000Z,0.00136,0xf4ae0a6af340cbdffb7689404c35c3e1edc74d37,buy,0x0aef06dcccc531e581f0440059e6ffcc206039ee,0x99ecd4f9c7d2b15d6eb5b144d6d9f0ffce9b2c55e91661798be29ec3e7133aef
162,101.59,0.1381624,0xe4a59ee4018364afe97293117ab5d56ef2e97c91,2017-10-27T14:53:42.000Z,0.00136,0x46eb10fba3445da29ba2e767ba34685c7642c153,sell,0x0aef06dcccc531e581f0440059e6ffcc206039ee,0x7230bbf676bce808488ad56d014f8cea911cdbbcd4125c89ea4d58e7c69f6edf
163,50,0.06655,0x273a5d3e6721b9f5c1a6474f560c1334c63dda01,2017-10-27T14:48:05.000Z,0.001331,0xf4ae0a6af340cbdffb7689404c35c3e1edc74d37,buy,0x0aef06dcccc531e581f0440059e6ffcc206039ee,0x3ab67af472b13a8977ded40fd7d0cde23d487f76366c63bc843f043630143420
164,49.85,0.067796,0xe4a59ee4018364afe97293117ab5d56ef2e97c91,2017-10-27T14:48:05.000Z,0.00136,0x273a5d3e6721b9f5c1a6474f560c1334c63dda01,sell,0x0aef06dcccc531e581f0440059e6ffcc206039ee,0x272f5335b8ec2c815b825f4520328ba17570516575b7f6a71583f87697829f38
165,49.85,0.067796,0xe4a59ee4018364afe97293117ab5d56ef2e97c91,2017-10-27T14:48:05.000Z,0.00136,0x273a5d3e6721b9f5c1a6474f560c1334c63dda01,sell,0x0aef06dcccc531e581f0440059e6ffcc206039ee,0x3ab67af472b13a8977ded40fd7d0cde23d487f76366c63bc843f043630143420
166,50,0.06655,0x273a5d3e6721b9f5c1a6474f560c1334c63dda01,2017-10-27T14:48:05.000Z,0.001331,0xf4ae0a6af340cbdffb7689404c35c3e1edc74d37,buy,0x0aef06dcccc531e581f0440059e6ffcc206039ee,0x272f5335b8ec2c815b825f4520328ba17570516575b7f6a71583f87697829f38
167,1390,1.89179,0xe2fbe7b63f79fca9c2dc4375076ec81d6f55c9b4,2017-10-27T14:34:29.000Z,0.001361,0xfddba3f120af75d260fcefb3919a8b6db9348067,sell,0x0aef06dcccc531e581f0440059e6ffcc206039ee,0xe1ca750aa69b9464bd4da0a785b60f3dd6cadc5282223ea212f7fc392d4eae15
168,99.7,0.140577,0xcac1151940f16509eea48ddfeb7cb890dc6c67d5,2017-10-27T14:27:32.000Z,0.00141,0x7aa6e2506316f6d613277d4f2f4e4e1dc55e528e,sell,0x0aef06dcccc531e581f0440059e6ffcc206039ee,0x1591d30dcf926aaf6c1f2a8a88d5dc7a3a0799fcecced366f26ddff3048acd47
169,100,0.136,0x7aa6e2506316f6d613277d4f2f4e4e1dc55e528e,2017-10-27T14:27:32.000Z,0.00136,0xf4ae0a6af340cbdffb7689404c35c3e1edc74d37,buy,0x0aef06dcccc531e581f0440059e6ffcc206039ee,0x1591d30dcf926aaf6c1f2a8a88d5dc7a3a0799fcecced366f26ddff3048acd47
170,250,0.34025,0xe2fbe7b63f79fca9c2dc4375076ec81d6f55c9b4,2017-10-27T14:21:03.000Z,0.001361,0xf4ae0a6af340cbdffb7689404c35c3e1edc74d37,sell,0x0aef06dcccc531e581f0440059e6ffcc206039ee,0x07136e6f2a030a6110f1f0ffd950d6802ab1f0cd0b2a276299196725e1c75e24
171,100,0.16,0xa4714f884bc82599fd0ed391ae8747e07454cc8d,2017-10-27T14:12:54.000Z,0.0016,0x62042d10b3456601f13a3c6a05938801313909e2,buy,0x0aef06dcccc531e581f0440059e6ffcc206039ee,0xd346499a58b2c6c0bbfbc271be6082009687b4fe9b3d8a49ee7e3a28439496d1
172,70,0.119,0xcac1151940f16509eea48ddfeb7cb890dc6c67d5,2017-10-27T13:37:17.000Z,0.0017,0xfddba3f120af75d260fcefb3919a8b6db9348067,buy,0x0aef06dcccc531e581f0440059e6ffcc206039ee,0x268554f84995c898c18ff051f88990fbc949a847714c7b7b8f50de6e70d5e9ff
173,240,0.42,0xd048261ba81c8c952891d29bd9a94d0a7b94c3c6,2017-10-27T13:32:33.000Z,0.00175,0xe2fbe7b63f79fca9c2dc4375076ec81d6f55c9b4,buy,0x0aef06dcccc531e581f0440059e6ffcc206039ee,0x95f7ce2d98ed8042ed4ff88700b053acff0e1d2e7d22497b83b3493ec4b1a469
174,200,0.35,0x8afe1a2153da8c83dafd3cfa2be86b7d7cb71bcf,2017-10-27T13:28:59.000Z,0.00175,0xfddba3f120af75d260fcefb3919a8b6db9348067,sell,0x0aef06dcccc531e581f0440059e6ffcc206039ee,0xe92e3c2381a5d01c2c9e7c1a595e132ee12c7392ded390b3fcbb27fca840ab2e
175,29.9072874,0.039776692242,0xeb6f83d085698c9a380bf168d5e8d359318ed429,2017-10-27T12:43:31.000Z,0.00133,0x3e02d67740a9a02fc95848c803d82d42dccaf566,sell,0x0aef06dcccc531e581f0440059e6ffcc206039ee,0x0f538d104958d0f566466dd7efa703e3188446fd9bc83f11a098a44f1768644c
176,2501.236,3.2516068,0xe2fbe7b63f79fca9c2dc4375076ec81d6f55c9b4,2017-10-27T12:40:59.000Z,0.0013,0xfddba3f120af75d260fcefb3919a8b6db9348067,sell,0x0aef06dcccc531e581f0440059e6ffcc206039ee,0x03a1dcbf2391cdbb019220eda8d410e0d696bb8db2733e63f729dcc7a0fd125f
177,398.76383212,0.518392981756,0xe2fbe7b63f79fca9c2dc4375076ec81d6f55c9b4,2017-10-27T12:38:04.000Z,0.0013,0x3ccca137dbf0616549cc4a7143ba528b7cd2f4d1,sell,0x0aef06dcccc531e581f0440059e6ffcc206039ee,0x06e4b2fceee1439475c34a963e25207ed46928b7a62cb584aa22e3aad8bf2e03
178,1400,1.974,0xeb6f83d085698c9a380bf168d5e8d359318ed429,2017-10-27T12:34:19.000Z,0.00141,0x88a8d8a13a69a182004dfa8dc680bee75df4bda5,sell,0x0aef06dcccc531e581f0440059e6ffcc206039ee,0x3b4bfd24a25ae1da1b74bda0ad7be3d2b6095695d30bc280448f300232b61f6e
179,1469.13951745,2.7913650831559838,0x757c274b7b60c14872c99fa7f4a329544fe815d0,2017-10-27T12:33:45.000Z,0.0019000000000006696,0x8412aa72b3676b9c67e176ac026be71ad41e9f68,buy,0x0aef06dcccc531e581f0440059e6ffcc206039ee,0xd57829bb0ea68443fa62bcd04a02b04bc7980447054b00de25b1ba99a2abc15e
180,1150,1.725115,0xcec059742071b60375cc5f8c236768b25f85776d,2017-10-27T12:28:58.000Z,0.0015001,0x62042d10b3456601f13a3c6a05938801313909e2,sell,0x0aef06dcccc531e581f0440059e6ffcc206039ee,0xc9e750e2c25030b94c7f31f7367d977a55b7e56caa53af68d900d1cb00c7c5b1
181,31.1,0.0622,0x540e0299db8b33ec1bde2c466bcc6466c8c62acf,2017-10-27T12:26:25.000Z,0.002,0x62042d10b3456601f13a3c6a05938801313909e2,buy,0x0aef06dcccc531e581f0440059e6ffcc206039ee,0xeffb95000ef00f0e4c6060dc7b539e5f1a59d67a12b60486e39b87539c09fce6
182,10.345,0.0155175,0x540e0299db8b33ec1bde2c466bcc6466c8c62acf,2017-10-27T12:19:43.000Z,0.0015,0xfddba3f120af75d260fcefb3919a8b6db9348067,sell,0x0aef06dcccc531e581f0440059e6ffcc206039ee,0xc09f04e5e3194257aa547ac6473f54289abb53da7f49316292555926b14ad671
183,139.64487874,0.20946731811,0x540e0299db8b33ec1bde2c466bcc6466c8c62acf,2017-10-27T12:09:04.000Z,0.0015,0x5b66fb0cfa931a2fc8fa17779ef26a1b9bb3d6e5,sell,0x0aef06dcccc531e581f0440059e6ffcc206039ee,0x2537f074b842424533ad081f2ce2b41f64f86b76576e45bb2985e89c1901a30e
184,0.001,0.000003495,0x46eb10fba3445da29ba2e767ba34685c7642c153,2017-10-27T11:59:02.000Z,0.003495,0x540e0299db8b33ec1bde2c466bcc6466c8c62acf,buy,0x0aef06dcccc531e581f0440059e6ffcc206039ee,0x579719b467367ba383c5b8e55f7a17594775bc551b703b245a0f1e5ae9214811
185,0.00981054,0.00001471581,0x540e0299db8b33ec1bde2c466bcc6466c8c62acf,2017-10-27T11:55:22.000Z,0.0015,0x8d87d36d6722e5f897428c42e14d4a8bcffd3f52,sell,0x0aef06dcccc531e581f0440059e6ffcc206039ee,0x91ea64dc79a706ad2eae4e8a5419da2a8b32dfdc6ffb28ade93a8cf47c65c565
186,49.85,0.19067625,0x8afe1a2153da8c83dafd3cfa2be86b7d7cb71bcf,2017-10-27T11:49:03.000Z,0.003825,0x7aa6e2506316f6d613277d4f2f4e4e1dc55e528e,sell,0x0aef06dcccc531e581f0440059e6ffcc206039ee,0xd3e0881ffd90da8f344ffd46d116a8c9e8df9a752d5f1c42bceadee5410c618b
187,50,0.175,0x7aa6e2506316f6d613277d4f2f4e4e1dc55e528e,2017-10-27T11:49:03.000Z,0.0035,0x540e0299db8b33ec1bde2c466bcc6466c8c62acf,buy,0x0aef06dcccc531e581f0440059e6ffcc206039ee,0xd3e0881ffd90da8f344ffd46d116a8c9e8df9a752d5f1c42bceadee5410c618b
188,30,0.1155,0x3e02d67740a9a02fc95848c803d82d42dccaf566,2017-10-27T11:32:23.000Z,0.00385,0x540e0299db8b33ec1bde2c466bcc6466c8c62acf,buy,0x0aef06dcccc531e581f0440059e6ffcc206039ee,0x4dc8dd9a0a3e3973912677b549d3b703e568e502e4295c6b2f2b17c12734377b
189,2,0.00774,0x55175e481e087ce3e5a65c8f197ae9281bdb76fe,2017-10-27T11:01:01.000Z,0.00387,0xbe4736749ef1e1c1e686bb161fb17cdd4aea563e,buy,0x0aef06dcccc531e581f0440059e6ffcc206039ee,0x8d4f477f20fd8010e079084824e5a2225be52ecf50fa36037e431fde0c6d3f7d
190,55,0.21285,0xc03b51141fd5a74927b2f8d9c20f39d45e0d832b,2017-10-27T10:55:59.000Z,0.00387,0xbe4736749ef1e1c1e686bb161fb17cdd4aea563e,buy,0x0aef06dcccc531e581f0440059e6ffcc206039ee,0x992b3e19ad3733e924b26184c84c2d46f47d3972bf0c6245756321cf9deef3dc
191,38,0.14706,0xd048261ba81c8c952891d29bd9a94d0a7b94c3c6,2017-10-27T10:47:43.000Z,0.00387,0xbe4736749ef1e1c1e686bb161fb17cdd4aea563e,buy,0x0aef06dcccc531e581f0440059e6ffcc206039ee,0xe88629ecc2bd6caeec01f1b0d7c1afc0c8b9fb0a940400e57f2c825bfb01a2c2
192,10,0.03,0xd048261ba81c8c952891d29bd9a94d0a7b94c3c6,2017-10-27T10:40:33.000Z,0.003,0xc03b51141fd5a74927b2f8d9c20f39d45e0d832b,buy,0x0aef06dcccc531e581f0440059e6ffcc206039ee,0xdd67992961e95bc05c8bc287f66de11a98fe246c8ca34f2d7d00d347490278c2
193,80,0.24,0xd048261ba81c8c952891d29bd9a94d0a7b94c3c6,2017-10-27T10:35:14.000Z,0.003,0xc03b51141fd5a74927b2f8d9c20f39d45e0d832b,buy,0x0aef06dcccc531e581f0440059e6ffcc206039ee,0xf6a8c2ba764130e0b9f0d8c2ddb41f791e03d86d7cfaaa1820c42aac793a90a8
194,3,0.01446,0x46eb10fba3445da29ba2e767ba34685c7642c153,2017-10-27T10:30:51.000Z,0.00482,0x46eb10fba3445da29ba2e767ba34685c7642c153,buy,0x0aef06dcccc531e581f0440059e6ffcc206039ee,0x76eb57db6245826b8c2aabbd7d27f91f71c9e62b404ebb8d5de7c50cad3776f0
195,10,0.03,0x46eb10fba3445da29ba2e767ba34685c7642c153,2017-10-27T10:29:13.000Z,0.003,0xc03b51141fd5a74927b2f8d9c20f39d45e0d832b,buy,0x0aef06dcccc531e581f0440059e6ffcc206039ee,0xa47f1abe4c60c9d0f23f0ad78e997476cd9e787b066ee8118a9b4feb604d4251
196,1560,2.028,0xe2fbe7b63f79fca9c2dc4375076ec81d6f55c9b4,2017-10-27T10:25:34.000Z,0.0013,0x12f8967fa9cb2b44468a453230a99ef64cbaa494,buy,0x0aef06dcccc531e581f0440059e6ffcc206039ee,0xa433601f27531907b1bc0c6c90a7220db3263e3203774c26ac55324eaec8178f
197,572.275,0.68673,0xe2fbe7b63f79fca9c2dc4375076ec81d6f55c9b4,2017-10-27T10:24:51.000Z,0.0012,0x83f706592475511375d00687739a49f0505965ce,buy,0x0aef06dcccc531e581f0440059e6ffcc206039ee,0x07bc21620d295f00e446e905e12d59b4a304ea19b3e22f9c9dfcd8d404fda070
198,200,0.24,0xc03b51141fd5a74927b2f8d9c20f39d45e0d832b,2017-10-27T10:08:56.000Z,0.0012,0x83f706592475511375d00687739a49f0505965ce,buy,0x0aef06dcccc531e581f0440059e6ffcc206039ee,0x8e5a453c29093840024cba39866ab5ebdac256ed4abc0cb3e4d0d96397127e53
199,866.57450459,1.0398894055198757,0xb635fa1a4e7f1f2edf5fbe4630040cb6db0b40af,2017-10-27T10:04:23.000Z,0.0012000000000137042,0x83f706592475511375d00687739a49f0505965ce,buy,0x0aef06dcccc531e581f0440059e6ffcc206039ee,0xfb8c5c064ce983ca7b5c04403a2ee297c0b2aa4732916230006fc8a86dcf1cde
200,30,0.03296997,0x46eb10fba3445da29ba2e767ba34685c7642c153,2017-10-27T09:58:16.000Z,0.001098999,0x78b0e4933f5b7d90102367e28efcde256998411e,buy,0x0aef06dcccc531e581f0440059e6ffcc206039ee,0x7c55dfb20bdb360950f1ed4b8492de4284952c559324ccfefaee1cd08a26d693
201,0.026,0.00002236,0x9f11e85607cc9e312bf184670f3b785108e2ac96,2017-10-27T09:55:50.000Z,0.00086,0x4cc2fa038e2ffc190dd188dab64d7ff997744daa,sell,0x0aef06dcccc531e581f0440059e6ffcc206039ee,0x667280005c92513d5e92e73ca8e1eba3d097737dd1003b3b307e391a441fcd3f
202,100.18,0.10018,0x6bc209be1dba2aa9b1ab642040581969d52fe9e2,2017-10-27T09:55:31.000Z,0.001,0x5547bcab3276256609f678a051174366144a1ccb,buy,0x0aef06dcccc531e581f0440059e6ffcc206039ee,0x64b14cd571485f73fbc57f76d305ce8043c3c954a273425a410d6fd15a40dcac
203,3000,3,0x6bc209be1dba2aa9b1ab642040581969d52fe9e2,2017-10-27T09:55:31.000Z,0.001,0x4181e98bfeb46d08d5d392c3b556d44913b06592,buy,0x0aef06dcccc531e581f0440059e6ffcc206039ee,0xc821c4ab269df21f657d8f95002415aebfc83d603ba8ced2ece608d8e9c258df
204,2100,1.7954979,0xb95d753d130b387f0189d67d6b46f023966ae6b6,2017-10-27T09:50:59.000Z,0.000854999,0x08485d5e08c9b7b5e5ea4ca5db2806b43ebe0d47,buy,0x0aef06dcccc531e581f0440059e6ffcc206039ee,0xccbf263048bfe32d84cfa462292ce3b50e8467c2acc43f340328abcc71d7e81f
205,264.18103877,0.2245538829545,0x9f11e85607cc9e312bf184670f3b785108e2ac96,2017-10-27T09:39:06.000Z,0.00085,0x4cc2fa038e2ffc190dd188dab64d7ff997744daa,sell,0x0aef06dcccc531e581f0440059e6ffcc206039ee,0xcdf8535178164dbbc078fd95bf811c2f96bc2131ab8912f26d169798cc196816
206,101.59,0.07771635,0x46eb10fba3445da29ba2e767ba34685c7642c153,2017-10-27T09:33:00.000Z,0.000765,0xd8a4730d956e1b1084d97812d9236426f92a042c,buy,0x0aef06dcccc531e581f0440059e6ffcc206039ee,0xd7a496559fe43eab99358701abfc88cf59f17945d0145ad198ac84ba31030587
207,1250,1.06874875,0xe896783ea1ab389218fdc46223f3b6d3dc4b3612,2017-10-27T09:30:39.000Z,0.000854999,0x08485d5e08c9b7b5e5ea4ca5db2806b43ebe0d47,buy,0x0aef06dcccc531e581f0440059e6ffcc206039ee,0xc45d3e295958432edbcbdf6d55132c4866c1265581c3e8361e490a5d5330e8ae
208,100,0.0854999,0x540e0299db8b33ec1bde2c466bcc6466c8c62acf,2017-10-27T09:29:50.000Z,0.000854999,0x08485d5e08c9b7b5e5ea4ca5db2806b43ebe0d47,buy,0x0aef06dcccc531e581f0440059e6ffcc206039ee,0x24d67a65f9cd50508a276382397a3f2cea68bc306c22bef0bdc8a79b43593741
209,1252.76888069,1.0711148874570555,0x1bb8c205571225fd92032484c8cba60344cb2d8b,2017-10-27T09:23:44.000Z,0.0008549980000038848,0x08485d5e08c9b7b5e5ea4ca5db2806b43ebe0d47,buy,0x0aef06dcccc531e581f0440059e6ffcc206039ee,0xf9ec3d9a09e14f9b29fb10910749e74dbfa8eb1b56a8e2fc5b1f854e0b1116ca
210,1000,0.854998,0x45521db5fd5d1cc05aeecdb85220d65c7d0f2b57,2017-10-27T09:00:13.000Z,0.000854998,0x08485d5e08c9b7b5e5ea4ca5db2806b43ebe0d47,buy,0x0aef06dcccc531e581f0440059e6ffcc206039ee,0x16c3948f521fc730ce335bb679819523171c07cc320a7de83d8f10aeddf7f024
211,87.2311193,0.07458243254294454,0xeb6f83d085698c9a380bf168d5e8d359318ed429,2017-10-27T08:55:33.000Z,0.0008549980000422229,0x08485d5e08c9b7b5e5ea4ca5db2806b43ebe0d47,buy,0x0aef06dcccc531e581f0440059e6ffcc206039ee,0x154defba4585d20c950426fc85c8a29565826f10c652ad4cac12e2273273c7ec
212,207.371,0.156565105,0xeb6f83d085698c9a380bf168d5e8d359318ed429,2017-10-27T08:52:55.000Z,0.000755,0xede8dbc373b9d554ccf2c15dfb61bae805fd55b2,buy,0x0aef06dcccc531e581f0440059e6ffcc206039ee,0xec3d51a9e4759099b649f6bb2054aa8d1eafaa4ee327601f06a02b6de21d010d
213,147.64711248,0.11413121794733033,0xeb6f83d085698c9a380bf168d5e8d359318ed429,2017-10-27T08:50:59.000Z,0.0007730000000019665,0x5c5de2b62678709ac81fb6d88a71b4bae106dc4c,buy,0x0aef06dcccc531e581f0440059e6ffcc206039ee,0xe6c339c3640d6a93d12b32380d1fdddf83ebb57c23583c8f7e49964d468ceb9b
214,399.7607417,0.3018193599835,0x0d77884f76b8c961465432ee63ef05292a063f76,2017-10-27T07:30:49.000Z,0.000755,0xd09e4c2ab4c42ca5afd1756ad5899634421abf07,sell,0x0aef06dcccc531e581f0440059e6ffcc206039ee,0xad23d3c95aabd4ff3bef5615983c3b24f2ccdb2d5c8abec6dbc91ed803fa87c5
215,265,0.200075,0x4cc2fa038e2ffc190dd188dab64d7ff997744daa,2017-10-27T07:22:51.000Z,0.000755,0xede8dbc373b9d554ccf2c15dfb61bae805fd55b2,buy,0x0aef06dcccc531e581f0440059e6ffcc206039ee,0xca21a2ff2bb583c068fc8b217b05ea33138fe651b183d402eeaacc0a037698dd
216,208.62988751,0.16127090305266967,0xbc18642c7e0647d6e65b53cadefb4367d8f85a97,2017-10-27T07:00:55.000Z,0.0007730000000356597,0x5c5de2b62678709ac81fb6d88a71b4bae106dc4c,buy,0x0aef06dcccc531e581f0440059e6ffcc206039ee,0x4198fa1f135b4d6338d5a1f7427bfd7d89ad3bf6f2ae4f66844857e5ca8b5aaf
217,839,0.633445,0xbc18642c7e0647d6e65b53cadefb4367d8f85a97,2017-10-27T07:00:10.000Z,0.000755,0xcb6ab60ec4d9a3a7879ab0816c3b45624e8c67ae,buy,0x0aef06dcccc531e581f0440059e6ffcc206039ee,0x9534a4d2bc39b84ff571017c4d10927a009c9072720711622bb87d269f4e6e46
218,541.87,0.409003476,0xbc18642c7e0647d6e65b53cadefb4367d8f85a97,2017-10-27T06:59:18.000Z,0.0007548,0x05711e000a291e32512c1db11975e49b6ca6ac14,buy,0x0aef06dcccc531e581f0440059e6ffcc206039ee,0xd64b5bafda458ff1e7e3ea4a476413a7141c6f9cb4d1ad095c79ad4d75e873a4
219,539.82,0.39892698,0xbc18642c7e0647d6e65b53cadefb4367d8f85a97,2017-10-27T06:59:18.000Z,0.000739,0xa3d7dedda551204ccb03bd79aa87824cc453b8de,buy,0x0aef06dcccc531e581f0440059e6ffcc206039ee,0x0188127d87aab17e074c170ea81b060315fe35ba075649c9d645dc0bd3123faf
220,1200,0.9059988,0xbc18642c7e0647d6e65b53cadefb4367d8f85a97,2017-10-27T06:59:18.000Z,0.000754999,0x08485d5e08c9b7b5e5ea4ca5db2806b43ebe0d47,buy,0x0aef06dcccc531e581f0440059e6ffcc206039ee,0xe7d09f9be0e85e10fa230ed79bdab996fab6aa203b3f414d7210b9c486e59416
221,100,0.073899,0xbc18642c7e0647d6e65b53cadefb4367d8f85a97,2017-10-27T06:58:45.000Z,0.00073899,0x1567591981207815cbeefe0381f491000f5d302a,buy,0x0aef06dcccc531e581f0440059e6ffcc206039ee,0x633bf76a6cc4c5fe29c5781ec865b7a63afe2dd81dacbde1cfdaf1ff0703d145
222,31.669,0.02090154,0xbc18642c7e0647d6e65b53cadefb4367d8f85a97,2017-10-27T06:53:56.000Z,0.00066,0x9bade2672149119afd0b0f35e2fef89946ddde0f,buy,0x0aef06dcccc531e581f0440059e6ffcc206039ee,0x7b97edc9129580672c3baaf5bd4eabfc4a6f8607d36c0f505f1d3c969a7fa65a
223,2243.174,1.44684723,0xbc18642c7e0647d6e65b53cadefb4367d8f85a97,2017-10-27T06:53:46.000Z,0.000645,0xcb6ab60ec4d9a3a7879ab0816c3b45624e8c67ae,buy,0x0aef06dcccc531e581f0440059e6ffcc206039ee,0x2a3b9efde882aea0f71206a12d86f29e1b4891307c0a86805f6841cb8ffb7d2f
224,2700,1.7415,0xefa7abbd5fe2aef47b325619b0824d41835f5d6c,2017-10-27T06:46:44.000Z,0.000645,0xcb6ab60ec4d9a3a7879ab0816c3b45624e8c67ae,buy,0x0aef06dcccc531e581f0440059e6ffcc206039ee,0xb4ff76590ebf59f8978b3d68f56b61c811592751385e4907340af8945b62a03c
225,575,0.370875,0xbc18642c7e0647d6e65b53cadefb4367d8f85a97,2017-10-27T06:36:55.000Z,0.000645,0xcb6ab60ec4d9a3a7879ab0816c3b45624e8c67ae,buy,0x0aef06dcccc531e581f0440059e6ffcc206039ee,0x8d2db00d5b536166e1550e95303fb1cece958a9bf181a664215e20bd03e4937a
226,150,0.09675,0xa0e8d87e5caf8424c86c8d95d99d6394dc04ad22,2017-10-27T06:35:35.000Z,0.000645,0xcb6ab60ec4d9a3a7879ab0816c3b45624e8c67ae,buy,0x0aef06dcccc531e581f0440059e6ffcc206039ee,0x89f138e49ea4f0d9c030d94a6ceed4c8167f6eb0f36fb25e64ad082a2dd43548
227,20,0.0129,0xf2a15edf811f7ea1e6f13e9d76f821b38fb0cb0f,2017-10-27T06:22:52.000Z,0.000645,0xcb6ab60ec4d9a3a7879ab0816c3b45624e8c67ae,buy,0x0aef06dcccc531e581f0440059e6ffcc206039ee,0x7b915826e2b08e97d7c20ff2580bfb751793810130a9b3ec75cbb88a17d64024
228,400,0.258,0x3ccca137dbf0616549cc4a7143ba528b7cd2f4d1,2017-10-27T06:07:36.000Z,0.000645,0xcb6ab60ec4d9a3a7879ab0816c3b45624e8c67ae,buy,0x0aef06dcccc531e581f0440059e6ffcc206039ee,0xf2281925f0c1dc767d17d7370cd2f8bed59214f3dfd8df698981146d5c2fe7b5
229,1560,1.0062,0x12f8967fa9cb2b44468a453230a99ef64cbaa494,2017-10-27T05:59:27.000Z,0.000645,0xcb6ab60ec4d9a3a7879ab0816c3b45624e8c67ae,buy,0x0aef06dcccc531e581f0440059e6ffcc206039ee,0x1c01ff092ad23e4875ec26da55e565519e6f84a0f4c682e05877043bbac18175
230,40,0.0258,0x89a93acc34726f5f4cb55da76e930f196193576d,2017-10-27T05:49:01.000Z,0.000645,0xcb6ab60ec4d9a3a7879ab0816c3b45624e8c67ae,buy,0x0aef06dcccc531e581f0440059e6ffcc206039ee,0xd133c441c8008f64af41ceabe350cd28209e1db64b4e88b38f735843e3d3e2f0
231,100,0.0645,0x1567591981207815cbeefe0381f491000f5d302a,2017-10-27T05:46:21.000Z,0.000645,0xcb6ab60ec4d9a3a7879ab0816c3b45624e8c67ae,buy,0x0aef06dcccc531e581f0440059e6ffcc206039ee,0x4fcd09174129bb5ff3f91b4b4845227769bd2f05e9671bb1784430c5e820e5e8
232,473.37140433,0.30532455579292683,0xede8dbc373b9d554ccf2c15dfb61bae805fd55b2,2017-10-27T05:43:49.000Z,0.0006450000000001623,0xcb6ab60ec4d9a3a7879ab0816c3b45624e8c67ae,buy,0x0aef06dcccc531e581f0440059e6ffcc206039ee,0xffd9062dd07ade9367c57f0efa81b4bc5f483b476a9ca3ddcba332e045d17f75
233,544.45417982,0.35117294598631976,0x538c896e27b91f8ccc81ecaf30602d7994bd6461,2017-10-27T05:24:17.000Z,0.0006450000000044443,0xcb6ab60ec4d9a3a7879ab0816c3b45624e8c67ae,buy,0x0aef06dcccc531e581f0440059e6ffcc206039ee,0xd36d8e889f271c8bdbe423bbd460fd88546a8f796ed49ee6c8b94214da72b0a0
234,150,0.09675,0xd5793048df04f90d2224706faaa76e05e2c635e6,2017-10-27T05:08:47.000Z,0.000645,0xcb6ab60ec4d9a3a7879ab0816c3b45624e8c67ae,buy,0x0aef06dcccc531e581f0440059e6ffcc206039ee,0x8a176aa0e17f9157e7b260a00a9cc00478784822de5db06b0e182689d314e19b
235,44,0.02838,0x54b59cbea68b581f1fa6ae1c3d5ea0643e8e2378,2017-10-26T19:16:22.000Z,0.000645,0xcb6ab60ec4d9a3a7879ab0816c3b45624e8c67ae,buy,0x0aef06dcccc531e581f0440059e6ffcc206039ee,0x15c1e1f18e864d2f2b8e808d92af36a5b87ed3da3891950585e9c5a1a9f84a90
236,100,0.066,0x045b4f21a31953f9a51f54124cf1d791dd030dc9,2017-10-26T17:23:15.000Z,0.00066,0x5547bcab3276256609f678a051174366144a1ccb,buy,0x0aef06dcccc531e581f0440059e6ffcc206039ee,0x9df368a2b3f87927fa486d8793375e12087eba21e8e922c4297855db656d03f6
237,1000,0.5,0x94a93ef97aa4db8f7b60d8e79142352a93183f7f,2017-10-26T16:05:41.000Z,0.0005,0xcb6ab60ec4d9a3a7879ab0816c3b45624e8c67ae,sell,0x0aef06dcccc531e581f0440059e6ffcc206039ee,0x86a7285d4736f1e676260657c9550105346972a644ab82b6b6d83cfa5c7825b3
238,0.08401173,0.00001008182765865,0x00e2714ee395bfde4ccee43c31fb7697d5fc3d07,2017-10-26T10:29:26.000Z,0.000120005,0xbd286cc28c047c3da3bd7b22a5c05f95fc169671,sell,0x0aef06dcccc531e581f0440059e6ffcc206039ee,0xa06a4ab258abd6d51a3a92802d6883a4bbc76d10149e5eba2c29e0515f4c370a
239,900,0.6795,0x001e44599eeb629e138d000c3e88abec370b662a,2017-10-26T07:40:37.000Z,0.000755,0xcb6ab60ec4d9a3a7879ab0816c3b45624e8c67ae,buy,0x0aef06dcccc531e581f0440059e6ffcc206039ee,0xc7394a7ecda7a8881e0dd9dae5960b96f7e3dec5bf47bf4f2463b610da4c00bd
240,273.146,0.18300782,0x001e44599eeb629e138d000c3e88abec370b662a,2017-10-26T07:37:07.000Z,0.00067,0x22eb520ce1f1eaffade7c4ff769fff8599c1b24a,buy,0x0aef06dcccc531e581f0440059e6ffcc206039ee,0xcdde03287543a1d01aec479c16e13324fe224a76f48726517e20056c92edc35d
241,991,0.65405009,0x001e44599eeb629e138d000c3e88abec370b662a,2017-10-26T07:31:07.000Z,0.00065999,0x08485d5e08c9b7b5e5ea4ca5db2806b43ebe0d47,buy,0x0aef06dcccc531e581f0440059e6ffcc206039ee,0x8ac2204c50a4ff11d91a4f1ae0028dfe60fc19c2f0909fdd8c4e22a4255fca16
242,78.54451201,0.03102508224395,0x059b76e73d252ea337742d7cfdf3631eceaac42b,2017-10-25T16:20:47.000Z,0.000395,0x22e2a2bf31257f767870ff5effea52cd77ab7fc4,sell,0x0aef06dcccc531e581f0440059e6ffcc206039ee,0xcd26e2f3aa1ad0622ce8ebf814e6aed6869d7f377471d1d8fef76966ba3939a1
243,2.56787623,0.001566404506031302,0x16ed84d419a98e6c83f2dd4c36073cb0408272ea,2017-10-25T15:33:14.000Z,0.000610000002231923,0xf3b9700203e14d79392bea3ff187367099c3fca9,buy,0x0aef06dcccc531e581f0440059e6ffcc206039ee,0xa58b02dc107e7902ec6adaa21984703708206745b7e29b3c6cff48950dfc6a88
244,76.50240551,0.0298359381489,0xaccd581223e4defdeebe1cb0121428383f3140d9,2017-10-25T14:54:35.000Z,0.00039,0xa3410448185301ce9cbd4761cea2d9296adc8812,sell,0x0aef06dcccc531e581f0440059e6ffcc206039ee,0x63a8240969b0195cae585fb21c0e14db7d3701f69a9c247fb478f1b5c46019dd
245,187.10301312,0.0729701751168,0xaccd581223e4defdeebe1cb0121428383f3140d9,2017-10-25T07:55:28.000Z,0.00039,0x0799376cd3d071127ea4cef6babc670047b276d3,sell,0x0aef06dcccc531e581f0440059e6ffcc206039ee,0x5f5b23d5ff705a6720fb36ae386076b9ca545ee7f7e32d82bda2bff66bdc1cff
246,444.983,0.2224915,0x16ed84d419a98e6c83f2dd4c36073cb0408272ea,2017-10-25T07:50:17.000Z,0.0005,0x0799376cd3d071127ea4cef6babc670047b276d3,sell,0x0aef06dcccc531e581f0440059e6ffcc206039ee,0x52dad83299d576852c01d398162e07379cca4df7d9abfc685c69a715acfaa896
247,156.60739088,0.07830369544,0x16ed84d419a98e6c83f2dd4c36073cb0408272ea,2017-10-25T06:42:08.000Z,0.0005,0x756e8259c266229d687df5cafa7b1293ca3f6a1a,sell,0x0aef06dcccc531e581f0440059e6ffcc206039ee,0x29c050df1237106c95dbaa815278a899d9584b8f2035a64cecda987843374d3b
248,564.34197691,0.2934578279932,0x16ed84d419a98e6c83f2dd4c36073cb0408272ea,2017-10-25T06:40:59.000Z,0.00052,0x756e8259c266229d687df5cafa7b1293ca3f6a1a,sell,0x0aef06dcccc531e581f0440059e6ffcc206039ee,0x5f9fa9646acb7e60241b65f2f45491f6dfc187d8364677e3f731d848448deaa9
249,59.15561758,0.0307609211416,0x16ed84d419a98e6c83f2dd4c36073cb0408272ea,2017-10-25T06:16:54.000Z,0.00052,0x43808d5a5cc952c530ff9d0499fa0bfd8ff553bf,sell,0x0aef06dcccc531e581f0440059e6ffcc206039ee,0x2ed0424469279a99f5103a4efcff9a5e7e2020a80e23494e22f6a50978bb806a
250,76.50240551,0.0397812508652,0x16ed84d419a98e6c83f2dd4c36073cb0408272ea,2017-10-24T23:58:33.000Z,0.00052,0xfd2418617b08030afb197f64ec6325673b539f7c,sell,0x0aef06dcccc531e581f0440059e6ffcc206039ee,0xaaf4cc2c4d2a251aac9c9a1c1625fbc96c07bd78faf753c7bc124e97dd5f1923
251,98.4095604,0.0492047802,0x16ed84d419a98e6c83f2dd4c36073cb0408272ea,2017-10-24T22:41:34.000Z,0.0005,0x8d87d36d6722e5f897428c42e14d4a8bcffd3f52,sell,0x0aef06dcccc531e581f0440059e6ffcc206039ee,0x14d02a779fb709f3817d5146e48f1d48058a253220db952b7cbd80e4c9451dbb
252,0.01707702,0.0000058061868,0x7d8d49e6c6b33b96d905a834203a2b772b98558e,2017-10-24T11:13:24.000Z,0.00034,0xa2c64c54e178b9d7917295cac960e94d3e54b1aa,sell,0x0aef06dcccc531e581f0440059e6ffcc206039ee,0x5bbb06a60f662742107d111d116f8dd03652eb34f22ee7c25c4948dbec1128e2
253,171.29958013,0.06149654926667,0x26c395264b3bb513b11aa45956feb62d27eb5f77,2017-10-24T11:12:04.000Z,0.000359,0xa2c64c54e178b9d7917295cac960e94d3e54b1aa,sell,0x0aef06dcccc531e581f0440059e6ffcc206039ee,0xf42c51875e3ebe227a54cd5dd3ceab3373f1c4636049a73d081634efad188618
254,300,0.12,0x26c395264b3bb513b11aa45956feb62d27eb5f77,2017-10-24T11:11:33.000Z,0.0004,0xa2c64c54e178b9d7917295cac960e94d3e54b1aa,sell,0x0aef06dcccc531e581f0440059e6ffcc206039ee,0x948a75bbf49c7fc2f680b882fc79ef9ffc59f5ee3292249eb80e0a00e3ae3400
255,1050,0.588,0x60fe3135d0efb243de98619b1252b8290bb45540,2017-10-24T07:15:14.000Z,0.00056,0x83f706592475511375d00687739a49f0505965ce,sell,0x0aef06dcccc531e581f0440059e6ffcc206039ee,0xbdf315538cbba8a55b70484d27b636a203457162755c08e29961424c44a00a1e
256,52,0.025896,0x83f706592475511375d00687739a49f0505965ce,2017-10-24T04:10:39.000Z,0.000498,0x43808d5a5cc952c530ff9d0499fa0bfd8ff553bf,sell,0x0aef06dcccc531e581f0440059e6ffcc206039ee,0x70c493f64e5dbc4d77f0d1fb533262ad3b3bd47d5d41ec574bd7f81ea30d264f
257,78,0.03666,0x83f706592475511375d00687739a49f0505965ce,2017-10-23T23:17:05.000Z,0.00047,0x8d87d36d6722e5f897428c42e14d4a8bcffd3f52,sell,0x0aef06dcccc531e581f0440059e6ffcc206039ee,0xd0cb467e4e797d216994b4ed920fc5d20dc3de3e50cfe4e3d89421373f8f199c
258,23.49759449,0.011748797245,0x26c395264b3bb513b11aa45956feb62d27eb5f77,2017-10-23T23:16:23.000Z,0.0005,0x8d87d36d6722e5f897428c42e14d4a8bcffd3f52,sell,0x0aef06dcccc531e581f0440059e6ffcc206039ee,0x0ca93099d026244aca3a9d8baa8416762722e704a2c41aeaaa42d2a7acdcb812
259,206,0.09991,0x26c395264b3bb513b11aa45956feb62d27eb5f77,2017-10-23T23:15:55.000Z,0.000485,0x8d87d36d6722e5f897428c42e14d4a8bcffd3f52,sell,0x0aef06dcccc531e581f0440059e6ffcc206039ee,0x37a2bb7de20f0062845708756a8df36f612c99df2b992b0edf4d3aeb6ac6b2ef
260,2150,1.1825,0x8412aa72b3676b9c67e176ac026be71ad41e9f68,2017-10-23T17:40:16.000Z,0.00055,0x187cd087369b76d9e095895fce43861cacc4ff7e,sell,0x0aef06dcccc531e581f0440059e6ffcc206039ee,0x2d0ad75e5ca244a14b0dd1cf417f26db5d024b17942126c3c62c8bd155824c53
261,76.50240551,0.038251202755,0x26c395264b3bb513b11aa45956feb62d27eb5f77,2017-10-23T14:25:38.000Z,0.0005,0xc06d1aa2f5f3dba9ccc0d294f623a6c26e11f5d8,sell,0x0aef06dcccc531e581f0440059e6ffcc206039ee,0xac77c87bf7fb6849392303bbb2ad273e1aae53c0525ed012a43d2feff9198709
262,49,0.02597,0x83f706592475511375d00687739a49f0505965ce,2017-10-23T13:49:56.000Z,0.00053,0x2016dedc02912be50dbed8e8093d1e3ff528bf54,sell,0x0aef06dcccc531e581f0440059e6ffcc206039ee,0x43d108d286708b0593c5843fba8347ffa7a4c72d09e38afea3e771544d28f83a
263,13,0.00585,0x83f706592475511375d00687739a49f0505965ce,2017-10-23T12:22:32.000Z,0.00045,0x26c395264b3bb513b11aa45956feb62d27eb5f77,sell,0x0aef06dcccc531e581f0440059e6ffcc206039ee,0x60c68c4412cda3d482e65c05ae88ae1edf0dabb23e1bc9df8a0c56ccebd5ed04
264,500,0.344,0x83f706592475511375d00687739a49f0505965ce,2017-10-23T12:02:10.000Z,0.000688,0x26c395264b3bb513b11aa45956feb62d27eb5f77,buy,0x0aef06dcccc531e581f0440059e6ffcc206039ee,0xf08b7ee15cd9c5593183c2cbdc1aa19805c29630702741c1abcdc38982906571
265,1000,0.6889,0x26c395264b3bb513b11aa45956feb62d27eb5f77,2017-10-23T11:57:33.000Z,0.0006889,0x83f706592475511375d00687739a49f0505965ce,buy,0x0aef06dcccc531e581f0440059e6ffcc206039ee,0xd11d7b2e3f14aaf4c164cf19a120b94331ee57db165cdcf5829c24d8b906f37c
266,112.46261216,0.0326141575264,0xbb4367bfb3916cf964fa6363223788fcaf48b015,2017-10-23T07:41:44.000Z,0.00029,0x1d5321e125f6c7079a716705541c7b371ca79e69,sell,0x0aef06dcccc531e581f0440059e6ffcc206039ee,0x89d3c959c1e8a9e625c38b73515c2c50dbc22d84bd0ebb8f7139654f2730d289
267,112.8,0.031584,0x1d5321e125f6c7079a716705541c7b371ca79e69,2017-10-23T07:41:44.000Z,0.00028,0x6b2dbccc0b56038541873a2c8ef6d27386b17ad7,buy,0x0aef06dcccc531e581f0440059e6ffcc206039ee,0x89d3c959c1e8a9e625c38b73515c2c50dbc22d84bd0ebb8f7139654f2730d289
268,76.50240551,0.0221856975979,0xbb4367bfb3916cf964fa6363223788fcaf48b015,2017-10-23T06:49:02.000Z,0.00029,0x1e99737d62e293d6043f2407a24652d39b1ec372,sell,0x0aef06dcccc531e581f0440059e6ffcc206039ee,0xd2c24757a12d57d4f887eec614840a69a8a676566a5289e388a50f3666097ed2
269,75.7651281,0.0204567361172562,0x927a4460df1ba655363dde2fe1b2a07d3a209e83,2017-10-23T00:22:27.000Z,0.000270002,0xea407239885a632fc8f5fdc9f4ad1b044e13814c,sell,0x0aef06dcccc531e581f0440059e6ffcc206039ee,0xa0bc058ad7dd903f5d671024d0fcace75cfd614fca75d5743fcc05c2ebf5250c
270,1700,1.462,0x001e44599eeb629e138d000c3e88abec370b662a,2017-10-22T12:32:55.000Z,0.00086,0xcb6ab60ec4d9a3a7879ab0816c3b45624e8c67ae,buy,0x0aef06dcccc531e581f0440059e6ffcc206039ee,0x9ba66d1c5154ac3d02aa4ce214e3f36dd42491b89d7ab172f1237549f2db421d
271,555,0.419025,0x4ea7320f1896a416ed5b4d6b726829bd73452614,2017-10-22T12:28:11.000Z,0.000755,0xcb6ab60ec4d9a3a7879ab0816c3b45624e8c67ae,buy,0x0aef06dcccc531e581f0440059e6ffcc206039ee,0x859fe6ccbcd9018720129fa186c8df9b6f434446785c3f58f0107b31ca027f94
272,139.435,0.06553305565,0x4ea7320f1896a416ed5b4d6b726829bd73452614,2017-10-22T12:27:06.000Z,0.00046999,0xa3d7dedda551204ccb03bd79aa87824cc453b8de,buy,0x0aef06dcccc531e581f0440059e6ffcc206039ee,0x9494e3055d721449d8ade7641950c3b5ee13b80a6fcb5d2097c75bf5219ceb66
273,1060.56467191,0.49845479015100463,0x4ea7320f1896a416ed5b4d6b726829bd73452614,2017-10-22T12:09:48.000Z,0.0004699900000000224,0xa3d7dedda551204ccb03bd79aa87824cc453b8de,buy,0x0aef06dcccc531e581f0440059e6ffcc206039ee,0x5328e0e2b018e3d8b1d604974c4a13169494b617b5061a522a0a50d8acbc31bc
274,7.57417819,0.001258070997359,0x46eb10fba3445da29ba2e767ba34685c7642c153,2017-10-22T12:05:11.000Z,0.0001661,0x562cc8156d7ab3f85aeae3b0096b0bf86d18e71f,sell,0x0aef06dcccc531e581f0440059e6ffcc206039ee,0x6d785c0a5bbf6453ddd257f181b127abe62c0a506a73a1edbcaa0fd838badbd7
275,2369.77628017,0.7109328840538504,0x608cb60905efc0b59ebad8a9c650a410fead95a0,2017-10-22T11:46:11.000Z,0.0003000000000012028,0x562cc8156d7ab3f85aeae3b0096b0bf86d18e71f,buy,0x0aef06dcccc531e581f0440059e6ffcc206039ee,0xa27ff34429df3f655cf10616f1ce910c6fa0a8cf84ac248a0e21cf966ec4bc5f
276,906.731,0.22668275,0x46eb10fba3445da29ba2e767ba34685c7642c153,2017-10-22T07:09:32.000Z,0.00025,0x0799376cd3d071127ea4cef6babc670047b276d3,buy,0x0aef06dcccc531e581f0440059e6ffcc206039ee,0x571a66c56495dd645cf06e8d1b1416398b7725e49fd74138fdef5ee8678603cd
277,4941,1.259950059,0x46eb10fba3445da29ba2e767ba34685c7642c153,2017-10-22T07:09:17.000Z,0.000254999,0x08485d5e08c9b7b5e5ea4ca5db2806b43ebe0d47,buy,0x0aef06dcccc531e581f0440059e6ffcc206039ee,0x61fe7ae7392ef66be34210a98a94de2c0a971e304a97802ed417b883ebbabc04
278,0.00734502,0.0000012119283,0xde05e601f672aacd0a4ebfa311085f89a77b9e64,2017-10-22T02:18:32.000Z,0.000165,0xc963a1de0ebe0358b05a29b6d6af35daa8eed4ff,sell,0x0aef06dcccc531e581f0440059e6ffcc206039ee,0xe6cdcb68ef08281f6d9df6242b7be7ed95bdd4827c23a3e613f68e94e5f093ea
279,73.67782837,0.01215684168105,0xde05e601f672aacd0a4ebfa311085f89a77b9e64,2017-10-22T02:13:01.000Z,0.000165,0xc963a1de0ebe0358b05a29b6d6af35daa8eed4ff,sell,0x0aef06dcccc531e581f0440059e6ffcc206039ee,0xe9021d507f343a5e7403bf084b2aeb072a86638254fd73af494b9a9c6deac23f
280,27.62436447,0.00455802013755,0xde05e601f672aacd0a4ebfa311085f89a77b9e64,2017-10-21T22:36:20.000Z,0.000165,0x3030b94518fa058b7c464a08479823f0d792dbef,sell,0x0aef06dcccc531e581f0440059e6ffcc206039ee,0x38c0fbec63542540b09ded5b29138aa9d4199af2f9c8fd20a5a405fd387196d8
281,200,0.05,0x2346ec020397e426a781d0ad2b55e6b71432808f,2017-10-21T21:53:48.000Z,0.00025,0x0799376cd3d071127ea4cef6babc670047b276d3,buy,0x0aef06dcccc531e581f0440059e6ffcc206039ee,0x499e9678fc512633d57cf01940f84d46ded090105d214b44e584f653fc28a715
282,842.72156315,0.134835450104,0x8412aa72b3676b9c67e176ac026be71ad41e9f68,2017-10-21T13:10:48.000Z,0.00016,0xbd286cc28c047c3da3bd7b22a5c05f95fc169671,sell,0x0aef06dcccc531e581f0440059e6ffcc206039ee,0xd79e6cb08d21cd6bb47e021b8fbb8223a616d7c58bad5397d8f7786cdb16818d
283,324.5147251,0.051922356016,0x8412aa72b3676b9c67e176ac026be71ad41e9f68,2017-10-21T11:03:35.000Z,0.00016,0xc32490bae8e818287df24f9a294e80d2c526f0ec,sell,0x0aef06dcccc531e581f0440059e6ffcc206039ee,0x21ed9acd1452b76e299a7393d62fa20135298ddba7e3b612cc028784c2810d2c
284,229.50721653,0.0367211546448,0x8412aa72b3676b9c67e176ac026be71ad41e9f68,2017-10-21T00:37:35.000Z,0.00016,0x36fef8678944d9fea67ea28f23fef98098de0995,sell,0x0aef06dcccc531e581f0440059e6ffcc206039ee,0xb260b8b8faead975266078172dbd7f5ca69fa251b0699c89769aa89ae2080b00
285,990,0.1584,0x8412aa72b3676b9c67e176ac026be71ad41e9f68,2017-10-20T23:31:23.000Z,0.00016,0x8b182a4526944fa498970732a69a95d281c3c8a9,sell,0x0aef06dcccc531e581f0440059e6ffcc206039ee,0x443efc56a960122f56156a7a17a339e8abf84ed5893b057c91257a145a7ee807
286,0.001,0.001,0x46eb10fba3445da29ba2e767ba34685c7642c153,2017-10-20T17:36:15.000Z,1,0x58319288a01eff24620ee5237315f9e1e9dc0e36,buy,0x0aef06dcccc531e581f0440059e6ffcc206039ee,0xbd0035a26a3e016a98526ec73dbc61ede9020b49349b017eb8ff1d6503a6de22
287,1000,0.003617,0x8b182a4526944fa498970732a69a95d281c3c8a9,2017-10-20T16:09:28.000Z,0.000003617,0x7cf81daadfa68f9f5d36fe975168a72d552bf67e,sell,0x0aef06dcccc531e581f0440059e6ffcc206039ee,0x469221f41a080bd901523dfbbac1b629b379ae6d555fe2edba629054e448e2c7
288,314.17978189,0.0502687651024,0x8412aa72b3676b9c67e176ac026be71ad41e9f68,2017-10-20T12:14:41.000Z,0.00016,0x670563c34b7889e9a6aa2f4fdb7d95a2f0ddeef6,sell,0x0aef06dcccc531e581f0440059e6ffcc206039ee,0xcc2179fdd299ad5aaee04a19771717048cea32d53821fc02dc404dcd870b92ea
289,76.55069285,0.011490258996785,0x8909e1a4f31fc2214ea6c4a917268b833b00c000,2017-10-20T05:50:23.000Z,0.0001501,0xcc20809d35d8465efcde023cb95fc092eec0e135,sell,0x0aef06dcccc531e581f0440059e6ffcc206039ee,0x1ed8de81ffcb856f8f4dbd8261e11acb1835f4ec96c0e233db09b5fac27dac83
290,1,0.000255002,0x6cdea8e07bf82d7a07dbf36642d6e5be8623845c,2017-10-20T03:55:40.000Z,0.000255002,0x789c9f02de174d9215277f23a64bf31ddc398ea7,buy,0x0aef06dcccc531e581f0440059e6ffcc206039ee,0x96966416a1996e4b532aea12ddf7cab92c9365623cd2ca810d8aed81e8092ca1
291,76.50240551,0.00918044166601102,0x46eb10fba3445da29ba2e767ba34685c7642c153,2017-10-19T21:54:28.000Z,0.000120002,0xa87a6017687f5d7607a4dde37624fa8eec9b0d45,sell,0x0aef06dcccc531e581f0440059e6ffcc206039ee,0xbd260d9bd376caee3397bfcc32c10efefaf46bd50e12b49374963748a94c5770
292,101.2848749,0.0121543875577498,0x46eb10fba3445da29ba2e767ba34685c7642c153,2017-10-19T11:45:11.000Z,0.000120002,0x632c219677b3e781143a9ddcc1849d0c06b65854,sell,0x0aef06dcccc531e581f0440059e6ffcc206039ee,0x40238e36a886242b4569c73d9d7842cb8704bb0476a86ff1c26b9160a1ab270d
293,1,0.00049,0x3ac636ac5c3a2576156ac5f10066ca68abe0ad54,2017-10-19T03:17:25.000Z,0.00049,0xc32490bae8e818287df24f9a294e80d2c526f0ec,buy,0x0aef06dcccc531e581f0440059e6ffcc206039ee,0xb54288c8d6ca7ff89936f64f006d977669b77dc1390fc39b3eba4bc82e9d7e6c
294,1,0.0005,0xf9695cd65d6dfdf257fab76a3eb0cb8f001971cc,2017-10-18T15:18:47.000Z,0.0005,0xc963a1de0ebe0358b05a29b6d6af35daa8eed4ff,buy,0x0aef06dcccc531e581f0440059e6ffcc206039ee,0xf0167389c1116d7a6f14f6d9ec06a474b5b1c5daea7f377e62a9b6aeca8f9551
295,1,0.0005,0x379374d13077e8867ef31803c37baf9785a17c00,2017-10-18T15:17:29.000Z,0.0005,0xc963a1de0ebe0358b05a29b6d6af35daa8eed4ff,buy,0x0aef06dcccc531e581f0440059e6ffcc206039ee,0xb34be1bf1018998c992a95a2c4ff8dfbb3f595ab5b4fc201373271d645c2649a
296,1,0.0005,0x16e5d97bbc92417e051e3b2cabfbf8ceea2acb9c,2017-10-17T17:51:23.000Z,0.0005,0xcc20809d35d8465efcde023cb95fc092eec0e135,buy,0x0aef06dcccc531e581f0440059e6ffcc206039ee,0x07b29394d2c0397b49b2bdba958e4a6fb10a11cd4c3640c5e1b1d920c4d54962
297,1,0.0005,0x42c24a83bded723edfdf5883bc7efb30bc1a1bf3,2017-10-17T15:36:24.000Z,0.0005,0xcc20809d35d8465efcde023cb95fc092eec0e135,buy,0x0aef06dcccc531e581f0440059e6ffcc206039ee,0xf4f1456528bfaa76d5a912dbaef3efc3adac7bad27de09171586b02ca12fc67c
298,101.2848749,0.01012848749,0x8909e1a4f31fc2214ea6c4a917268b833b00c000,2017-10-17T10:06:18.000Z,0.0001,0xd14a86c1d73c2b583b540838ad2c541182138484,sell,0x0aef06dcccc531e581f0440059e6ffcc206039ee,0xe6ce7f1b5aee34b6499f251ab3751c91fef24e2deeac87b5ffcaab0a85bbbc06
299,0.83333333,0.0005,0xcd912af5286dc0b0a23edb30209734ecb60838b3,2017-10-17T05:31:05.000Z,0.0006000000024,0xc963a1de0ebe0358b05a29b6d6af35daa8eed4ff,buy,0x0aef06dcccc531e581f0440059e6ffcc206039ee,0xaf2da89a7553b739f20add0305f3e98072fb3bef4b336f678cfbdab17a2268c4
300,101.2848749,0.0002032787439243,0x78b0e4933f5b7d90102367e28efcde256998411e,2017-10-14T09:44:51.000Z,0.000002007,0x9655cc9e44b31d3ec048bcd3090c4f7f708a26de,sell,0x0aef06dcccc531e581f0440059e6ffcc206039ee,0x2e2ec4235ba3321d60cb61e6ff306928d79d41216631fe982f7a9cc4ccf4920a
301,22.298,0.0166666401,0x5d5065b42bdee0274e394ba9042c21e1818c69cf,2017-10-14T07:26:30.000Z,0.00074745,0xc32490bae8e818287df24f9a294e80d2c526f0ec,sell,0x0aef06dcccc531e581f0440059e6ffcc206039ee,0x9673f3518c95217ce22e4ff1c2d717f1d23c77c1075c7e35a75f65557bd53e4f
302,1000,0.3,0x8909e1a4f31fc2214ea6c4a917268b833b00c000,2017-10-12T09:02:42.000Z,0.0003,0xcb6ab60ec4d9a3a7879ab0816c3b45624e8c67ae,sell,0x0aef06dcccc531e581f0440059e6ffcc206039ee,0xba6b73f05444e8890a1e348e2e0946bace5954b424110e851a996ecb5e9b9639
303,299.07290399,0.29907287409032,0x608cb60905efc0b59ebad8a9c650a410fead95a0,2017-10-11T07:34:56.000Z,0.0009999999000254466,0x756e8259c266229d687df5cafa7b1293ca3f6a1a,buy,0x0aef06dcccc531e581f0440059e6ffcc206039ee,0xd353a63b728a3d1ed35cb41a3892765f62dbc5c7fe8c2eaba8f989f6057eaa77
304,1,0.0011089,0x0024a5046fd95c5eee6db19a69ef7ed3bacd50f1,2017-10-08T17:58:04.000Z,0.0011089,0xc32490bae8e818287df24f9a294e80d2c526f0ec,buy,0x0aef06dcccc531e581f0440059e6ffcc206039ee,0xf289ed40757c032564390b41b524771b46142372476305114e22a7daa1a1ab14
