,amount,amountBase,buyer,date,price,seller,side,tokenAddr,txHash
0,6,0.001347,0x770910cb109a800a95ee58a1d9f64eccec092c43,2017-11-02T09:57:04.000Z,0.0002245,0x1071291e22156d9c3bd80ab509e5d16dd19ad73e,sell,0x540449e4d172cd9491c76320440cd74933d5691a,0x391c1f28acebf9a9d3e8a886e782cceb9468a1f595ae3394e53a726ff0ccbf5b
1,15,0.003375,0x770910cb109a800a95ee58a1d9f64eccec092c43,2017-11-02T09:57:04.000Z,0.000225,0x1071291e22156d9c3bd80ab509e5d16dd19ad73e,sell,0x540449e4d172cd9491c76320440cd74933d5691a,0xef3206b0252a73faf0a4e89ae4ee9fc107a2fc0b8f60acea7b7e0edfe0a211b5
2,8.306817193690708,0.001877340685774099,0x001262c2ece8eadf1b2da0c2b48f833d69406786,2017-11-02T09:56:56.000Z,0.00022599999999999988,0x1071291e22156d9c3bd80ab509e5d16dd19ad73e,sell,0x540449e4d172cd9491c76320440cd74933d5691a,0xb0bb669c55c6bf72446e6eb24ae291f69ac3029517d3127f75310d686105b0d5
3,6.693,0.001499232,0x770910cb109a800a95ee58a1d9f64eccec092c43,2017-11-02T09:56:34.000Z,0.000224,0x1071291e22156d9c3bd80ab509e5d16dd19ad73e,sell,0x540449e4d172cd9491c76320440cd74933d5691a,0x7312e1714f678099c06fb52eb3f8bffeb07e8c50dc92063bd0e8c6d993213c90
4,990,0.2079,0x4ec9541074ff93a92268127e75ce900ec52eaf3f,2017-11-02T09:54:22.000Z,0.00021,0x1071291e22156d9c3bd80ab509e5d16dd19ad73e,sell,0x540449e4d172cd9491c76320440cd74933d5691a,0xd82e0ca9aa6fa6ee1cbf8172c11c6009b635b5388685f6557c164f99fdb92504
5,1000,0.221001,0x4d0a638f6d827ce52fe43443336a894fe8abb2c3,2017-11-02T09:54:04.000Z,0.000221001,0x1071291e22156d9c3bd80ab509e5d16dd19ad73e,sell,0x540449e4d172cd9491c76320440cd74933d5691a,0x17e144b6593b69ffdff4741cb6bc908ce35a5338021dc270dfc53fdfe7e22660
6,12.668,0.002567638916,0xab89360ddba16872c5f3e24c7aceafec74421f54,2017-11-02T09:54:04.000Z,0.000202687,0x1071291e22156d9c3bd80ab509e5d16dd19ad73e,sell,0x540449e4d172cd9491c76320440cd74933d5691a,0x1a2d0bb2038cab838993600d733a997d0f4da2cac5de4b5fdf476ad2084a2ff6
7,209.10269193314502,0.046002592225291905,0x273a5d3e6721b9f5c1a6474f560c1334c63dda01,2017-11-02T09:43:06.000Z,0.00022,0x1071291e22156d9c3bd80ab509e5d16dd19ad73e,buy,0x540449e4d172cd9491c76320440cd74933d5691a,0xda84931dcf015336e218fdddee205de61bdf6e545bf974a9537fbaf5198e29ad
8,208.47538385734558,0.04713628429014584,0xc2ef3492077355a26a7bd24386a15e1346c07ef0,2017-11-02T09:43:06.000Z,0.0002261,0x273a5d3e6721b9f5c1a6474f560c1334c63dda01,sell,0x540449e4d172cd9491c76320440cd74933d5691a,0xda84931dcf015336e218fdddee205de61bdf6e545bf974a9537fbaf5198e29ad
9,2224.431625,0.498272684,0x770910cb109a800a95ee58a1d9f64eccec092c43,2017-11-02T09:42:54.000Z,0.000224,0x273a5d3e6721b9f5c1a6474f560c1334c63dda01,sell,0x540449e4d172cd9491c76320440cd74933d5691a,0xff0f7406eafb6844d08f9fb31f12b688993e6618578f037a49f8b11010111087
10,5000,1.1,0x273a5d3e6721b9f5c1a6474f560c1334c63dda01,2017-11-02T09:42:54.000Z,0.00022,0x1071291e22156d9c3bd80ab509e5d16dd19ad73e,buy,0x540449e4d172cd9491c76320440cd74933d5691a,0x4c882af9b4b91743ce56b42806f006b82f722f4e2418ae6a219953808f06ca4c
11,2231.125,0.4908475,0x273a5d3e6721b9f5c1a6474f560c1334c63dda01,2017-11-02T09:42:54.000Z,0.00022,0x1071291e22156d9c3bd80ab509e5d16dd19ad73e,buy,0x540449e4d172cd9491c76320440cd74933d5691a,0xff0f7406eafb6844d08f9fb31f12b688993e6618578f037a49f8b11010111087
12,2768.93906456357,0.6091665942039853,0x273a5d3e6721b9f5c1a6474f560c1334c63dda01,2017-11-02T09:42:54.000Z,0.00022,0x1071291e22156d9c3bd80ab509e5d16dd19ad73e,buy,0x540449e4d172cd9491c76320440cd74933d5691a,0x0cba16bbc9cc1fdbd349f1988cff0a4f3bed62954c7a41931b1bccc7e3f044c2
13,1994,0.447653,0x770910cb109a800a95ee58a1d9f64eccec092c43,2017-11-02T09:42:54.000Z,0.0002245,0x273a5d3e6721b9f5c1a6474f560c1334c63dda01,sell,0x540449e4d172cd9491c76320440cd74933d5691a,0x6bcc30ad71db88db5b11469b8e1de4ee690296977e56f433aec36ce32da4d3f4
14,2760.632247369879,0.6239028879055927,0x001262c2ece8eadf1b2da0c2b48f833d69406786,2017-11-02T09:42:54.000Z,0.000226,0x273a5d3e6721b9f5c1a6474f560c1334c63dda01,sell,0x540449e4d172cd9491c76320440cd74933d5691a,0x0cba16bbc9cc1fdbd349f1988cff0a4f3bed62954c7a41931b1bccc7e3f044c2
15,2000,0.44,0x273a5d3e6721b9f5c1a6474f560c1334c63dda01,2017-11-02T09:42:54.000Z,0.00022,0x1071291e22156d9c3bd80ab509e5d16dd19ad73e,buy,0x540449e4d172cd9491c76320440cd74933d5691a,0x6bcc30ad71db88db5b11469b8e1de4ee690296977e56f433aec36ce32da4d3f4
16,4985,1.121625,0x770910cb109a800a95ee58a1d9f64eccec092c43,2017-11-02T09:42:54.000Z,0.000225,0x273a5d3e6721b9f5c1a6474f560c1334c63dda01,sell,0x540449e4d172cd9491c76320440cd74933d5691a,0x4c882af9b4b91743ce56b42806f006b82f722f4e2418ae6a219953808f06ca4c
17,0.8973080668549767,0.00020288135391591,0xc2ef3492077355a26a7bd24386a15e1346c07ef0,2017-11-02T09:37:30.000Z,0.00022609999999999975,0x4d71f0d43605ec7fbcddda411f6383cff17b32cd,sell,0x540449e4d172cd9491c76320440cd74933d5691a,0xa9823e05a41e3b446862532afbf067164536280eb8e9e04c12e4e5dfbc08878c
18,9000.89721862227,2.034202771408633,0x001262c2ece8eadf1b2da0c2b48f833d69406786,2017-11-02T09:36:32.000Z,0.000226,0x4d71f0d43605ec7fbcddda411f6383cff17b32cd,sell,0x540449e4d172cd9491c76320440cd74933d5691a,0x97d571339db0abe6203597cb220629190f99ceb1f7e9026a983d2d2a87619215
19,1.8868636552322728,0.0005,0x3075f7f189912f4f425dd7021b9c396434197477,2017-11-02T09:22:03.000Z,0.00026499,0xc1df1ecc608bd1a3ef50e5bb38cbe809153268c5,buy,0x540449e4d172cd9491c76320440cd74933d5691a,0x57b8baa98b73305a7d2ed0beed00d5f7b114c4446ea923346079a13512d89c1e
20,1.8868636552322728,0.0005,0x4fda9e6bcd83af6c5cc771b5d20accc2b7720074,2017-11-02T09:21:34.000Z,0.00026499,0xc1df1ecc608bd1a3ef50e5bb38cbe809153268c5,buy,0x540449e4d172cd9491c76320440cd74933d5691a,0x67752ded57fa6fd7ba68d7e8b332772efa9942c3f00d2635a4853900bdfc1869
21,1500,0.339,0x001262c2ece8eadf1b2da0c2b48f833d69406786,2017-11-02T06:12:17.000Z,0.000226,0x39feb6fad2a64187a6568bf777483cf70e8e40f4,buy,0x540449e4d172cd9491c76320440cd74933d5691a,0xca9353add523f4082a3c25c9131b8769ded6d014ab6a594618f87c9e4894b472
22,1243.3881715542543,0.28100572677126145,0x770910cb109a800a95ee58a1d9f64eccec092c43,2017-11-02T06:04:58.000Z,0.000226,0x39feb6fad2a64187a6568bf777483cf70e8e40f4,sell,0x540449e4d172cd9491c76320440cd74933d5691a,0xaff36ada7e4004d883b65b6f4b8751c108ac74958b7b778f8610bbe73cf958c6
23,1997.6118284457457,0.45146027322873855,0x770910cb109a800a95ee58a1d9f64eccec092c43,2017-11-02T01:55:05.000Z,0.000226,0x40b7636c1fec14d2887faec3223a0490ba9d55c3,sell,0x540449e4d172cd9491c76320440cd74933d5691a,0x9ea38452d8b22b05e4a53ce85f711e67317971c222fe6d6661524507ce8b8f48
24,65.233,0.014807891,0x770910cb109a800a95ee58a1d9f64eccec092c43,2017-11-02T01:52:53.000Z,0.000227,0x40b7636c1fec14d2887faec3223a0490ba9d55c3,sell,0x540449e4d172cd9491c76320440cd74933d5691a,0xa6cb58f43925216cc698865feae1de1b7ac2fe3c9f0ccdec7929fcad387d83a9
25,420,0.0987,0x0a53051c0c118860aa77df7d5fbbe1cf878dc24d,2017-11-02T01:52:30.000Z,0.000235,0x40b7636c1fec14d2887faec3223a0490ba9d55c3,sell,0x540449e4d172cd9491c76320440cd74933d5691a,0x0fb4ae4fb2f0e6a0baaaba104896ac7fba8669cce269175172dcc257d94c1c19
26,423,0.099405,0xdf0154b836e6fe6f93c0db87e88268545fc1ec10,2017-11-02T01:51:43.000Z,0.000235,0x40b7636c1fec14d2887faec3223a0490ba9d55c3,sell,0x540449e4d172cd9491c76320440cd74933d5691a,0xfbe2294fb41273aaea4b8643ccf45a69e03b7567bb60e78d432aadd1d782fa37
27,1700,0.3995,0x623bbd8413b4a4900e6f7b277f478dffe70a41c0,2017-11-02T01:51:19.000Z,0.000235,0x40b7636c1fec14d2887faec3223a0490ba9d55c3,sell,0x540449e4d172cd9491c76320440cd74933d5691a,0xbcce14eaa96edb110ac2d9ae5438f1a48def92fadf5e13ab4de98a2a64efa230
28,1000,0.235001,0x837a4e7ba5894e458fcc6121bb4dc36391ce0b48,2017-11-02T01:49:27.000Z,0.000235001,0x40b7636c1fec14d2887faec3223a0490ba9d55c3,sell,0x540449e4d172cd9491c76320440cd74933d5691a,0x0db7d0e3acd19a7f8e28cda34aea4284e8148788c068cc8039d9048bbdac3b1f
29,1000,0.24,0x837a4e7ba5894e458fcc6121bb4dc36391ce0b48,2017-11-02T01:48:54.000Z,0.00024,0x40b7636c1fec14d2887faec3223a0490ba9d55c3,sell,0x540449e4d172cd9491c76320440cd74933d5691a,0x40b50a5728d565e196a9443819168d19b5bda3143b0fafbf9afa12f631a70980
30,376.0098463470314,0.09212241235502269,0x837a4e7ba5894e458fcc6121bb4dc36391ce0b48,2017-11-02T01:48:17.000Z,0.000245,0x40b7636c1fec14d2887faec3223a0490ba9d55c3,sell,0x540449e4d172cd9491c76320440cd74933d5691a,0x83e9a8a5bed768d2a1af1e90d41c32435fed4f54654d478c59b9bfdd0e2f5114
31,623.9901536529686,0.1528775876449773,0x837a4e7ba5894e458fcc6121bb4dc36391ce0b48,2017-11-02T01:39:15.000Z,0.000245,0x47c48019752246c56434a69af290a8eb781b8e20,sell,0x540449e4d172cd9491c76320440cd74933d5691a,0x2564bae0fb56b8c2aa1d7094b7e6b425f98f28689d7f7d21913c8dbe745329f0
32,1000,0.25,0x837a4e7ba5894e458fcc6121bb4dc36391ce0b48,2017-11-02T00:31:28.000Z,0.00025,0xc1df1ecc608bd1a3ef50e5bb38cbe809153268c5,sell,0x540449e4d172cd9491c76320440cd74933d5691a,0xf6b5b43b24265b9987ec50b944e158d14dce98ea14d7a3ef15758b2d95cbf3f8
33,3960,1.0098,0x837a4e7ba5894e458fcc6121bb4dc36391ce0b48,2017-11-02T00:29:55.000Z,0.000255,0xc1df1ecc608bd1a3ef50e5bb38cbe809153268c5,sell,0x540449e4d172cd9491c76320440cd74933d5691a,0x6c29434e0d3d5357dfed39af92e7a5c77181d5f16175f8686de6e6df81f6ce01
34,2025,0.553635,0x32c9ca9d91daa07994984f1d60efe99ff421825f,2017-11-01T22:00:11.000Z,0.0002734,0x40b7636c1fec14d2887faec3223a0490ba9d55c3,buy,0x540449e4d172cd9491c76320440cd74933d5691a,0xeb8fdd3b916c02384a6b31114debdc8bb502d070ec0e4fe84dd6ac92bd7ea235
35,1264,0.345704,0x82ec477bd93940e7ce16fa42f464be82d7355815,2017-11-01T20:26:28.000Z,0.0002735,0xca46904d366193d2035bf84b77259dc970120875,buy,0x540449e4d172cd9491c76320440cd74933d5691a,0xf36e7c1ce8448c48db563625e10a991aaa9f3d3e350ff95a691008231ea1f84a
36,121,0.08954,0xa737696d31737cd97455a8b2c5ef6ab4858a801d,2017-11-01T19:48:49.000Z,0.00074,0x55b5b939fe75021c04ecd6759a64088e04e01ec4,buy,0x540449e4d172cd9491c76320440cd74933d5691a,0x9450b80c4656447df663b0c8f5b4fe77b1ec7f1afe69f7e0b7afae6a1cfa2873
37,0.09218618046160344,0.000026733992333865,0xa737696d31737cd97455a8b2c5ef6ab4858a801d,2017-11-01T19:33:44.000Z,0.00029,0xca46904d366193d2035bf84b77259dc970120875,buy,0x540449e4d172cd9491c76320440cd74933d5691a,0xa0a310b6513ca34808c3db78ea3b62dda4f9872bb178280d2bd1ca69994f7f93
38,1,0.0002739,0x980bc6887385e82807e59f6858f518e3cfae1bd8,2017-11-01T15:00:45.000Z,0.0002739,0x9985d7f476f2891b238cd34ef05eebdfc1541c9c,buy,0x540449e4d172cd9491c76320440cd74933d5691a,0x11502a6455c3e4e096b73e5c3d41bbe5dbbc4e2f7017475dfc823fbcf6320df2
39,2572.1319350014955,0.5838739492453394,0x770910cb109a800a95ee58a1d9f64eccec092c43,2017-11-01T14:52:54.000Z,0.000227,0x76de3ded7a43081feb715c0ab590739e0fa540c6,sell,0x540449e4d172cd9491c76320440cd74933d5691a,0xc6f765bcea2edb90742cfae752ac74743d234d3f24f6730714145acc5d100a1e
40,1000,0.227001,0x4d0a638f6d827ce52fe43443336a894fe8abb2c3,2017-11-01T14:51:57.000Z,0.000227001,0x76de3ded7a43081feb715c0ab590739e0fa540c6,sell,0x540449e4d172cd9491c76320440cd74933d5691a,0x3d78984e91e938fa5e36749a23cd623c4fddea4c3a9640f0515d78359b5e16b5
41,914.152,0.20752164552,0x980bc6887385e82807e59f6858f518e3cfae1bd8,2017-11-01T14:51:51.000Z,0.00022701,0x76de3ded7a43081feb715c0ab590739e0fa540c6,sell,0x540449e4d172cd9491c76320440cd74933d5691a,0x60e627d195fe5585978692c3d0f74599f35a609a56729256439a4532485bf8d7
42,457.33768417904497,0.10382022768548499,0x980bc6887385e82807e59f6858f518e3cfae1bd8,2017-11-01T13:14:40.000Z,0.00022700999999999998,0x9f12587b7114c57d9d6584853447b70ad0c4b6f1,sell,0x540449e4d172cd9491c76320440cd74933d5691a,0xa1bd82549da7501e378f889112aa12828b923e67046d30ce6a59b85c5690d6ca
43,500,0.13625,0x837a4e7ba5894e458fcc6121bb4dc36391ce0b48,2017-11-01T12:08:05.000Z,0.0002725,0xe8572c97de7d4611ac6635a7c2712223d05edad0,buy,0x540449e4d172cd9491c76320440cd74933d5691a,0xc933ed52010aac59d51d662764313673170d926239a8d609b9c1bc9aa5772ea3
44,500,0.13625,0x837a4e7ba5894e458fcc6121bb4dc36391ce0b48,2017-11-01T11:30:06.000Z,0.0002725,0xe8572c97de7d4611ac6635a7c2712223d05edad0,buy,0x540449e4d172cd9491c76320440cd74933d5691a,0x34c79c183fb55b9e5e449a1531461e78349635a4872848b1fec1c667a214b14f
45,364.408,0.099847792,0x837a4e7ba5894e458fcc6121bb4dc36391ce0b48,2017-11-01T10:08:32.000Z,0.000274,0xe8572c97de7d4611ac6635a7c2712223d05edad0,buy,0x540449e4d172cd9491c76320440cd74933d5691a,0xc2e9aecd9ce53dfd19fd371216b7b4de1f326f8229bbd18dbab5aa207e29a572
46,500,0.1325,0x837a4e7ba5894e458fcc6121bb4dc36391ce0b48,2017-11-01T10:07:33.000Z,0.000265,0xe8572c97de7d4611ac6635a7c2712223d05edad0,buy,0x540449e4d172cd9491c76320440cd74933d5691a,0x448ad4668d51fba3233ea3e3e386d62797d205421f68d06cf87ed19b1750839d
47,0.000080576080210909,0.000000022158422058,0x837a4e7ba5894e458fcc6121bb4dc36391ce0b48,2017-11-01T09:20:14.000Z,0.0002750000000000003,0x06811a2b589d9a80d20925ab683a32ef796b4648,buy,0x540449e4d172cd9491c76320440cd74933d5691a,0x2bb39ed633f6f5977037e1f3d2cf9514cd508dd386eeacc582e5502e4ea58b7c
48,0.8082586605968145,0.000222271131664124,0x837a4e7ba5894e458fcc6121bb4dc36391ce0b48,2017-11-01T09:17:16.000Z,0.000275,0x06811a2b589d9a80d20925ab683a32ef796b4648,buy,0x540449e4d172cd9491c76320440cd74933d5691a,0x3387d4970e2ce8edc1b05835bfaf07703fb93324e76ba16190f9ce971a9f55d1
49,135.592,0.039050496,0x1d5321e125f6c7079a716705541c7b371ca79e69,2017-11-01T08:46:22.000Z,0.000288,0xe8572c97de7d4611ac6635a7c2712223d05edad0,buy,0x540449e4d172cd9491c76320440cd74933d5691a,0x605a3a59eddf84fffd6d8942fcca8e348baeeb367c5b2c8ca649a2e40174cfaa
50,135.1864406779661,0.04055593220338983,0x6af70ceb9f95f1251957654b68f6314dd9c3ae5e,2017-11-01T08:46:22.000Z,0.0003,0x1d5321e125f6c7079a716705541c7b371ca79e69,sell,0x540449e4d172cd9491c76320440cd74933d5691a,0x605a3a59eddf84fffd6d8942fcca8e348baeeb367c5b2c8ca649a2e40174cfaa
51,143.96171867211643,0.03268002994716379,0x980bc6887385e82807e59f6858f518e3cfae1bd8,2017-11-01T08:26:33.000Z,0.00022700499999999999,0x6af70ceb9f95f1251957654b68f6314dd9c3ae5e,sell,0x540449e4d172cd9491c76320440cd74933d5691a,0xc5a726a9dddd96e9dac95b37c9fc471d5d30cfe426550ffd9c45281dbc5e1695
52,4984.547901505333,1.1315172963812181,0x980bc6887385e82807e59f6858f518e3cfae1bd8,2017-11-01T06:34:46.000Z,0.00022700499999999999,0xd01cfa851fd0a035c4a40d9fd6ca561503a80cd5,sell,0x540449e4d172cd9491c76320440cd74933d5691a,0x59cc3ead71bb1573a0dc1db7d4d4c415cb93f516868b34863f4bb8b3810d03c1
53,0.1359557677052995,0.000030862231180638,0xdf0154b836e6fe6f93c0db87e88268545fc1ec10,2017-11-01T02:54:09.000Z,0.0002270019999999971,0x0a70de1a644ced8488ec91b4b463826cbf4b5000,sell,0x540449e4d172cd9491c76320440cd74933d5691a,0xfc15eaa266dc447c6369447b816f111d2660cee6674fccc8430bd665742a79eb
54,2362.6348320207358,0.536318106868707,0x770910cb109a800a95ee58a1d9f64eccec092c43,2017-11-01T00:27:22.000Z,0.000227,0xb00548770ea87482f024cd4292a975fea72e8f01,sell,0x540449e4d172cd9491c76320440cd74933d5691a,0xe50e10931b52f08a16825d3225b0590bffdc60cb5182b142695d76e90e011d26
55,233.4055507803736,0.06768760972630834,0xeba98cbfe57fdda09a9473b899892867ec9750d0,2017-10-31T21:02:56.000Z,0.00029,0xca46904d366193d2035bf84b77259dc970120875,buy,0x540449e4d172cd9491c76320440cd74933d5691a,0x28d59f9917bb13a0384324f6ad42e617660dcdbe50a4d99891448ef811463ac9
56,969.4772833632969,0.21689048835675342,0xab89360ddba16872c5f3e24c7aceafec74421f54,2017-10-31T16:50:07.000Z,0.000223719,0xc265bb789c70050db7c3f307cd6fc614816417b5,sell,0x540449e4d172cd9491c76320440cd74933d5691a,0x898f5cbb103306f2dd1b8c662290566b72ec46e55c65f72a6b6ca2cfc4aab57c
57,89.20478370715537,0.020517100252645734,0xd4149907c84dea9a9b405c552f9446ac5660bbff,2017-10-31T16:48:50.000Z,0.00022999999999999998,0xc265bb789c70050db7c3f307cd6fc614816417b5,sell,0x540449e4d172cd9491c76320440cd74933d5691a,0xcda68c9dc3141315b171ce7fbfcc2c2017cb7382da5fa016c56a02f79f68e942
58,4.408,0.0013224,0x6af70ceb9f95f1251957654b68f6314dd9c3ae5e,2017-10-31T16:48:42.000Z,0.0003,0xc265bb789c70050db7c3f307cd6fc614816417b5,sell,0x540449e4d172cd9491c76320440cd74933d5691a,0x130183eccaadf9fd2d2fc7c03221226be53d3b1bcb468782885618648572d1b9
59,500,0.115,0x179db9068c45e6617c13176c4c5082c9e5e347fc,2017-10-31T16:48:42.000Z,0.00023,0xc265bb789c70050db7c3f307cd6fc614816417b5,sell,0x540449e4d172cd9491c76320440cd74933d5691a,0xc199efa8abeb0c2be7bd36f7b4820c6c2b85965967d5d99e7aa6be6989a36def
60,600,0.144,0xc2ef3492077355a26a7bd24386a15e1346c07ef0,2017-10-31T16:46:42.000Z,0.00024,0xc265bb789c70050db7c3f307cd6fc614816417b5,sell,0x540449e4d172cd9491c76320440cd74933d5691a,0x68a5a31846d7b21e639641d2578cf63f7d1d335a642481607d0079749c70133d
61,3680.905,0.8834172,0xca46904d366193d2035bf84b77259dc970120875,2017-10-31T16:44:29.000Z,0.00024,0xc265bb789c70050db7c3f307cd6fc614816417b5,sell,0x540449e4d172cd9491c76320440cd74933d5691a,0x9360db3653331c42532faebc4f4a244b7bc27a5e54e716498460012afaa02aa2
62,1000,0.241979,0xab89360ddba16872c5f3e24c7aceafec74421f54,2017-10-31T16:00:17.000Z,0.000241979,0xc265bb789c70050db7c3f307cd6fc614816417b5,sell,0x540449e4d172cd9491c76320440cd74933d5691a,0x609ad46d04762efae12ce7b0b6c90ad53e593515002e03c1a64584b166d8e988
63,140,0.042,0x6af70ceb9f95f1251957654b68f6314dd9c3ae5e,2017-10-31T15:58:23.000Z,0.0003,0x19070e8556f06a33bce55d3191605e3c89531f25,buy,0x540449e4d172cd9491c76320440cd74933d5691a,0xa173a342fe6ff3d6fa1953fa5a340d7e9c5062999512b023ccead74cbddcc624
64,444.48,0.133344,0x3340324e6913c9dd12794cf18e639095ed4bd2ad,2017-10-31T13:29:42.000Z,0.0003,0xe8572c97de7d4611ac6635a7c2712223d05edad0,buy,0x540449e4d172cd9491c76320440cd74933d5691a,0x552be65b98374f1a0a52c55b5eb430f3fa35505c1843af3bf97f7202d79914d5
65,800,0.208,0xc020e86f05c35c43114e950366bfe4713c917abc,2017-10-31T04:50:09.000Z,0.00026,0xec92c71b711d958278b237d877fb106c4dd6119b,sell,0x540449e4d172cd9491c76320440cd74933d5691a,0x4b4af2de5cde658db96f4ff1096bb1d594ecb3cae83de3120132ab3f28d08f4d
66,57.40765510088534,0.014925990326230189,0x001262c2ece8eadf1b2da0c2b48f833d69406786,2017-10-31T04:49:41.000Z,0.00026,0xec92c71b711d958278b237d877fb106c4dd6119b,sell,0x540449e4d172cd9491c76320440cd74933d5691a,0x4f9b4887fdaf70d94b4897c0129863e02eed6e89f8b0b25362f48fbc6ca728d2
67,1.4661896662952,0.000381209313236752,0x001262c2ece8eadf1b2da0c2b48f833d69406786,2017-10-31T04:06:29.000Z,0.00026,0xe444a40689f51f63bcd29910622035707d533d29,sell,0x540449e4d172cd9491c76320440cd74933d5691a,0x2f162fe26929d18a8913066af0bc8953a31f7523b4e1e684f719499b473f4c9d
68,274.188876482903,0.07128910788555479,0x001262c2ece8eadf1b2da0c2b48f833d69406786,2017-10-31T02:23:07.000Z,0.00026,0xa999deb55fae0db64971616c35aa9b003e67ec55,sell,0x540449e4d172cd9491c76320440cd74933d5691a,0x579e795f4813be7f1a6d021afa27bb7b4bd7fb3022576a8c4e01a4996f636f11
69,585.046,0.15796242,0x6329bc728290ab5b95ee9ab5256de0447e88c4c5,2017-10-31T02:22:18.000Z,0.00027,0xa999deb55fae0db64971616c35aa9b003e67ec55,sell,0x540449e4d172cd9491c76320440cd74933d5691a,0x3556fd322e5176eb117e221b09a274bf1de1bf022caa148a53dffc9f68dcb348
70,14.953643704516,0.00403748380021932,0x6329bc728290ab5b95ee9ab5256de0447e88c4c5,2017-10-30T23:16:23.000Z,0.00027,0x39e828fed299d91984925307e1cbafce807cc420,sell,0x540449e4d172cd9491c76320440cd74933d5691a,0x0a13450c7a9a75c7bda404244522f833f84840d92c41b0ecb6c70a4adfadef0f
71,78.27368491011198,0.023482105473033595,0x32c9ca9d91daa07994984f1d60efe99ff421825f,2017-10-30T19:49:19.000Z,0.0003,0x6329bc728290ab5b95ee9ab5256de0447e88c4c5,buy,0x540449e4d172cd9491c76320440cd74933d5691a,0x44ab7dafaf11060f79657b93819d0debcb67861fda8a6a78712f85314eb1c8ba
72,1.028899331090112,0.000288091812705231,0xd4149907c84dea9a9b405c552f9446ac5660bbff,2017-10-30T14:19:26.000Z,0.0002799999999999996,0x8dd85a425ef40d6e6e26ea24efa2776aedc9538c,sell,0x540449e4d172cd9491c76320440cd74933d5691a,0xe03f45d945bae725c0236ea02f4f41fd051280069c038f3f43d7e337d7758e83
73,10320.889190164915,2.683431189442878,0x001262c2ece8eadf1b2da0c2b48f833d69406786,2017-10-30T14:17:52.000Z,0.00026,0x8dd85a425ef40d6e6e26ea24efa2776aedc9538c,sell,0x540449e4d172cd9491c76320440cd74933d5691a,0x1a58b5005dfd9e5bb8fe31d6ae9a31a6e2dbcd018ef6326412e5fd0544b3ab46
74,489.5776082452925,0.13218595422622897,0x001262c2ece8eadf1b2da0c2b48f833d69406786,2017-10-30T14:16:39.000Z,0.00027,0x8dd85a425ef40d6e6e26ea24efa2776aedc9538c,sell,0x540449e4d172cd9491c76320440cd74933d5691a,0x8eaa217cedbed83968b6e7acd651bf58034baafd1c25232bf9744dafc7a4a934
75,12399.052,3.34774404,0x6329bc728290ab5b95ee9ab5256de0447e88c4c5,2017-10-30T14:14:49.000Z,0.00027,0x8dd85a425ef40d6e6e26ea24efa2776aedc9538c,sell,0x540449e4d172cd9491c76320440cd74933d5691a,0x7692717326f6d9d7b3bc2f566f2c3316d0fe92f15cb9ee32a1362714473308c4
76,1794.43724454192,0.5024424284717376,0xd4149907c84dea9a9b405c552f9446ac5660bbff,2017-10-30T14:09:06.000Z,0.00028,0x8dd85a425ef40d6e6e26ea24efa2776aedc9538c,sell,0x540449e4d172cd9491c76320440cd74933d5691a,0xffd7b71b1b164714cf5e1e920a70544a864be7a974bd2e32360c9856a525f3e2
77,62,0.0186,0xec8713fc441c77994c2f3588eae9afb7a135f3ac,2017-10-30T12:23:47.000Z,0.0003,0x6329bc728290ab5b95ee9ab5256de0447e88c4c5,buy,0x540449e4d172cd9491c76320440cd74933d5691a,0x21503baa08e26572ac0a46698a1065a012af9965cbd832b5ffc2b8ee475f518e
78,0.9478191401344594,0.000255911167836304,0x6329bc728290ab5b95ee9ab5256de0447e88c4c5,2017-10-30T11:25:22.000Z,0.00026999999999999995,0x574825e193e2730dfcf7245db19ffc0e334ed0c2,sell,0x540449e4d172cd9491c76320440cd74933d5691a,0x642a136b0126fb04e5f0fc4782109031251cc4b27b407a3db8bf7e9d19a9b149
79,9507.573794688762,2.567044924565966,0x001262c2ece8eadf1b2da0c2b48f833d69406786,2017-10-30T11:23:35.000Z,0.00027,0x574825e193e2730dfcf7245db19ffc0e334ed0c2,sell,0x540449e4d172cd9491c76320440cd74933d5691a,0xe704d4b2fcf2ed416eaf4e20f7b34739327c0c77a2f1748644cb79f613650ae9
80,8472.734522978766,2.3723656664340544,0x001262c2ece8eadf1b2da0c2b48f833d69406786,2017-10-30T11:16:06.000Z,0.00028,0x574825e193e2730dfcf7245db19ffc0e334ed0c2,sell,0x540449e4d172cd9491c76320440cd74933d5691a,0x8aa88a374c539274f0a9b3882468adb5b77d4ba20fa6d62fc28d57ef493481c7
81,2000,0.57,0x1b6572f89d7d320e044b0a218e3c68c8198c2c40,2017-10-30T11:14:42.000Z,0.000285,0x574825e193e2730dfcf7245db19ffc0e334ed0c2,sell,0x540449e4d172cd9491c76320440cd74933d5691a,0xb427f5b96147f58c7a76e74c6d4c91f42b00f4341c4cef1dbfd2b2406c225239
82,1527.2654770212341,0.42763433356594555,0x001262c2ece8eadf1b2da0c2b48f833d69406786,2017-10-30T08:21:29.000Z,0.00028,0x47c9ab4029f3eb781c1a54aad791507d5da5cbbc,sell,0x540449e4d172cd9491c76320440cd74933d5691a,0x35cc5eb960a7ae98806ad54314fe8a099dbaff51768c449a5ca771ef23e9b732
83,329.9999999255325,0.10889999997542572,0x3340324e6913c9dd12794cf18e639095ed4bd2ad,2017-10-30T08:14:16.000Z,0.00033,0x6329bc728290ab5b95ee9ab5256de0447e88c4c5,buy,0x540449e4d172cd9491c76320440cd74933d5691a,0x88eeef15a5aeee6b2126772e351be9972d99ff815c6e368a643f8e8b036d3bb4
84,11200,3.36,0xa93ce90ee0f0c0f3a5f46d3e1dede38573981c74,2017-10-30T03:04:17.000Z,0.0003,0x6329bc728290ab5b95ee9ab5256de0447e88c4c5,buy,0x540449e4d172cd9491c76320440cd74933d5691a,0x14135bb9f2fc0ccb99f5f9f6731f76eee62738b8404e206a8b4a4d19c9899a27
85,1.4242985329724,0.000384560603902548,0x001262c2ece8eadf1b2da0c2b48f833d69406786,2017-10-30T02:13:20.000Z,0.00027,0x16e5d97bbc92417e051e3b2cabfbf8ceea2acb9c,sell,0x540449e4d172cd9491c76320440cd74933d5691a,0xb2e665819effb13b6a3a00844fb28505447e5c96036f73de30f3b79d2bc168b2
86,1.4242985329724,0.000384560603902548,0x001262c2ece8eadf1b2da0c2b48f833d69406786,2017-10-30T02:09:51.000Z,0.00027,0x379374d13077e8867ef31803c37baf9785a17c00,sell,0x540449e4d172cd9491c76320440cd74933d5691a,0x38b2c0351940ae6bc4a80a0c5c09129f8a85477a0f942a3229c78537e51d94ab
87,1155,0.329175,0x001262c2ece8eadf1b2da0c2b48f833d69406786,2017-10-29T23:10:43.000Z,0.000285,0x1b6572f89d7d320e044b0a218e3c68c8198c2c40,buy,0x540449e4d172cd9491c76320440cd74933d5691a,0x7fceb9d24fdc84912dd655dce5882a8cd87aa81ba1cdd067d823aedcd5f9901b
88,20.879,0.005658209,0x50687aff84edbd13b4f03403ff8a677d20a8c04b,2017-10-29T22:38:25.000Z,0.000271,0x1b6572f89d7d320e044b0a218e3c68c8198c2c40,sell,0x540449e4d172cd9491c76320440cd74933d5691a,0x1c300f06355ded6cad2d328809203cdb1188e2b651f1ba1690de338074f39d5a
89,1100,0.3003,0x6d02032cbbca923510459512e49395caf16db68a,2017-10-29T22:22:13.000Z,0.000273,0x1b6572f89d7d320e044b0a218e3c68c8198c2c40,sell,0x540449e4d172cd9491c76320440cd74933d5691a,0x7705654fda66ef58048555e82e46d1c806b8438f77046d69a37c2d73f77d396b
90,3703,0.99981,0x001262c2ece8eadf1b2da0c2b48f833d69406786,2017-10-29T20:15:32.000Z,0.00027,0xd0c23775bea3d5082b8d7b709cf121648645b9f3,sell,0x540449e4d172cd9491c76320440cd74933d5691a,0x35d790538971b3b3ad3e15abbdd24ec2da73ac5ec168fc335356db4425409720
91,4930,1.33603,0x214f11c307d4395d2851c5a757d98ed0934c1e10,2017-10-29T20:13:11.000Z,0.000271,0xd0c23775bea3d5082b8d7b709cf121648645b9f3,sell,0x540449e4d172cd9491c76320440cd74933d5691a,0x73b983c106c632085b47cbecfc06c58485396f7a98832d1650fb8fd758078d41
92,3856.9769725736364,1.045244616544428,0x623bbd8413b4a4900e6f7b277f478dffe70a41c0,2017-10-29T20:11:27.000Z,0.000271001,0xd0c23775bea3d5082b8d7b709cf121648645b9f3,sell,0x540449e4d172cd9491c76320440cd74933d5691a,0x23c5d684134f956a49e6b2630b2e0a834133e358093258e252667e4b8677ef13
93,240.25560638404158,0.06510950958568165,0x623bbd8413b4a4900e6f7b277f478dffe70a41c0,2017-10-29T18:43:53.000Z,0.000271001,0x8dba9d95810d232a65c29c7ff5ae68a1232d817f,sell,0x540449e4d172cd9491c76320440cd74933d5691a,0xe3f1cf5be766815e17e4febf32f081b5ea2b0bf826d8ec9ef4978ae1a2c3604a
94,3.9876383212042668,0.001081585086232678,0x82216962bd2a06f0dd016b7d2ffdf8a83c011f89,2017-10-29T18:38:33.000Z,0.0002712344999999998,0x8dba9d95810d232a65c29c7ff5ae68a1232d817f,sell,0x540449e4d172cd9491c76320440cd74933d5691a,0x7bc47c9c7e893e8917b06c99893fcdf962986c06f5d9d278af1791f8faa3e3f3
95,902.7674209949205,0.24465087385704445,0x623bbd8413b4a4900e6f7b277f478dffe70a41c0,2017-10-29T18:18:28.000Z,0.000271001,0xd4149907c84dea9a9b405c552f9446ac5660bbff,sell,0x540449e4d172cd9491c76320440cd74933d5691a,0x2548846f34e271deaf9ff7c3cfccf6567a629affd79b3c720736a51d6209ed08
96,0.000000047401376132,0.00000000001284582,0x623bbd8413b4a4900e6f7b277f478dffe70a41c0,2017-10-29T18:04:13.000Z,0.00027100099297176246,0xd4149907c84dea9a9b405c552f9446ac5660bbff,sell,0x540449e4d172cd9491c76320440cd74933d5691a,0x6cc31c6e3daad7781fa83b0396838c554bdee5bedaefb0c783e7469910a08758
97,0.000475483203987031,0.000000128967449091,0x82216962bd2a06f0dd016b7d2ffdf8a83c011f89,2017-10-29T18:03:42.000Z,0.0002712344999982747,0xd4149907c84dea9a9b405c552f9446ac5660bbff,sell,0x540449e4d172cd9491c76320440cd74933d5691a,0xdf604c446a7d30e483749465f077f8976d23dad8c0ab63f7825202712b7bb7f7
98,240.523,0.06734644,0x001262c2ece8eadf1b2da0c2b48f833d69406786,2017-10-29T17:10:08.000Z,0.00028,0x9f12587b7114c57d9d6584853447b70ad0c4b6f1,sell,0x540449e4d172cd9491c76320440cd74933d5691a,0x82347fbcb4bdbc76f9edff75ba353d98b29db00edb60fa8ca007ef72980cdb82
99,0.000000000007427272,0.000000000000002451,0x74a75be2975deb0e0be4a66625167319158b7108,2017-10-29T16:27:06.000Z,0.00033000003231334465,0xd0c23775bea3d5082b8d7b709cf121648645b9f3,buy,0x540449e4d172cd9491c76320440cd74933d5691a,0x38b90f64092c8fc246ac9bc7444bed6441e006d0eed09cac1105e7565b0fa4d3
100,0.000000074467484848,0.00000000002457427,0x74a75be2975deb0e0be4a66625167319158b7108,2017-10-29T16:24:22.000Z,0.00033000000000214856,0x6329bc728290ab5b95ee9ab5256de0447e88c4c5,buy,0x540449e4d172cd9491c76320440cd74933d5691a,0xecfbd55f620cb34790192872843de88dccb9cbd85f22ac4f02e4a39deea75146
101,0.000770326557815625,0.000000246504498501,0x74a75be2975deb0e0be4a66625167319158b7108,2017-10-29T16:22:23.000Z,0.00032,0x6d02032cbbca923510459512e49395caf16db68a,buy,0x540449e4d172cd9491c76320440cd74933d5691a,0xde5bbf7c92dacb57ff680a0e53a84ae48d75012d940005aa4e012d3eb14d9839
102,7.727145701449275,0.002472686624463768,0x74a75be2975deb0e0be4a66625167319158b7108,2017-10-29T16:19:49.000Z,0.00032,0x6d02032cbbca923510459512e49395caf16db68a,buy,0x540449e4d172cd9491c76320440cd74933d5691a,0xfdb1ad9be0df94b7c35895b9ed2b1855a1d27c86a8010ec8ba09cd0d8a5f2876
103,3623,1.01444,0x001262c2ece8eadf1b2da0c2b48f833d69406786,2017-10-29T15:15:19.000Z,0.00028,0x5d8309469b066297d85b84afa851304525d8ded8,sell,0x540449e4d172cd9491c76320440cd74933d5691a,0x2117a8c42eba013f7cc1edb4b2ef2b8351b7430ca23c0d6c7a91f68bd2711ec2
104,1136.4769215432161,0.3182135380321005,0x001262c2ece8eadf1b2da0c2b48f833d69406786,2017-10-29T15:08:24.000Z,0.00028,0x2f4366d0feb315c2ac6d40180be1eb4220b9ab06,sell,0x540449e4d172cd9491c76320440cd74933d5691a,0x19d96f51f7fe4084b697b1a1df9bc18f5afccbf03b51d9e2593ea7c5690e3f3f
105,735,0.2352,0xc1c59390f2aaa7def424605d96769ef7a7c64916,2017-10-29T14:49:10.000Z,0.00032,0x6d02032cbbca923510459512e49395caf16db68a,buy,0x540449e4d172cd9491c76320440cd74933d5691a,0x66cc5934aaa503646b02392e22fbdba515826a602aaee60452cb57b81d92f604
106,50,0.015,0xc1c59390f2aaa7def424605d96769ef7a7c64916,2017-10-29T14:49:02.000Z,0.0003,0x3b993687594c690744fa5fae34b37d5e52ed8f0b,buy,0x540449e4d172cd9491c76320440cd74933d5691a,0xdce15139eaff4ebfc5c135f7269d64e6c363216965b1ae943b4ef5f5c9d9e780
107,1368,0.370728,0x2b3190a9d5593e70c43e47c940cdb05a5d000c99,2017-10-29T12:59:14.000Z,0.000271,0xf33e67fff973abebbc6ea0a7ebc9ab026d769387,buy,0x540449e4d172cd9491c76320440cd74933d5691a,0xe9f64a0b3076806417569404e3dbcb154b662880e21a7eba50b413c26fc602f4
108,2450,0.66395,0x214f11c307d4395d2851c5a757d98ed0934c1e10,2017-10-29T12:40:41.000Z,0.000271,0x395cd45ac2653c13c911ecfa10a06546eab7f78e,sell,0x540449e4d172cd9491c76320440cd74933d5691a,0x6e1fb0058afe29e2a9ba898532adb766ad87a58a2ed66e3aeae8887d5ae0546c
109,198.36,0.0634752,0x82216962bd2a06f0dd016b7d2ffdf8a83c011f89,2017-10-29T07:29:26.000Z,0.00032,0x6d02032cbbca923510459512e49395caf16db68a,buy,0x540449e4d172cd9491c76320440cd74933d5691a,0xb2ec15342ebbf73aa6429bd2b061c64acd1aa99bbbf6a75551713b058d1d8c0c
110,3524,0.98672,0x0a02260327c9e3da47a85711b6161a4b5e4ef848,2017-10-29T05:38:04.000Z,0.00028,0x6d02032cbbca923510459512e49395caf16db68a,sell,0x540449e4d172cd9491c76320440cd74933d5691a,0xec05560be3791ac551aa5ec752a1c4f081c9bbfbdc19e1ddaa01d5011e1a5190
111,1878,0.527718,0x59f8e9a0e98d8de0fc7a13467ffd9dd49904e2d0,2017-10-29T05:37:08.000Z,0.000281,0x6d02032cbbca923510459512e49395caf16db68a,sell,0x540449e4d172cd9491c76320440cd74933d5691a,0x5a7e55d7ff2ffef891cb3c1d965ba2c947e1f6b243b0a1d4966e8a6cc4591330
112,330,0.099,0x6329bc728290ab5b95ee9ab5256de0447e88c4c5,2017-10-29T05:36:40.000Z,0.0003,0x6d02032cbbca923510459512e49395caf16db68a,sell,0x540449e4d172cd9491c76320440cd74933d5691a,0x000e0bce90d281da1edb3d866d7b9bc175d3e7d98040b8458070acb5ab75694f
113,1,0.00033,0x6cdea8e07bf82d7a07dbf36642d6e5be8623845c,2017-10-29T05:22:06.000Z,0.00033,0xd0c23775bea3d5082b8d7b709cf121648645b9f3,buy,0x540449e4d172cd9491c76320440cd74933d5691a,0x3efc6e05eb3a9c6aaf75de4e3dc085c5832ff7919bc98f2a5d378e1f1390e367
114,1.4705882352941178,0.0005,0x34f9560c63078eb61872a4dc2ccd20e21c34feaf,2017-10-28T20:19:52.000Z,0.00034,0x6d02032cbbca923510459512e49395caf16db68a,buy,0x540449e4d172cd9491c76320440cd74933d5691a,0x28f7daf01456bb3221a759377a0ce96fcab7f761214eaac9aa4190b35060c550
115,1.4705882352941178,0.0005,0xe444a40689f51f63bcd29910622035707d533d29,2017-10-28T20:17:06.000Z,0.00034,0x6d02032cbbca923510459512e49395caf16db68a,buy,0x540449e4d172cd9491c76320440cd74933d5691a,0x64a81774d9c496c9b0e30823eb0c99f7110239f0283900238701066926208801
116,1993.8191606021335,0.538331173362576,0x06811a2b589d9a80d20925ab683a32ef796b4648,2017-10-28T20:13:17.000Z,0.00027,0x499c688f627b9f011add93cb6f45ec916a4d1f8d,sell,0x540449e4d172cd9491c76320440cd74933d5691a,0x796e35a78fddd2cc0d345124ca95d2287e1b77fd3c11948e0cffeb885c184c39
117,5000,1.305,0x770910cb109a800a95ee58a1d9f64eccec092c43,2017-10-28T20:07:33.000Z,0.000261,0x499c688f627b9f011add93cb6f45ec916a4d1f8d,sell,0x540449e4d172cd9491c76320440cd74933d5691a,0x1a65780f4f57286256c2afdae05406c5cc31ade451d0eb8fa6c72821e9c9715e
118,1993.8693828416128,0.5981608148524838,0x50687aff84edbd13b4f03403ff8a677d20a8c04b,2017-10-28T18:41:33.000Z,0.0003,0xf78999d7ea65487d738a2cc0cc5dca706e2d723a,sell,0x540449e4d172cd9491c76320440cd74933d5691a,0x706fb0f85a54e411633eb4de237102089819b99ba389b6af058f3dbf2ea57bcb
119,609.4377429967102,0.18283132289901305,0x50687aff84edbd13b4f03403ff8a677d20a8c04b,2017-10-28T17:58:29.000Z,0.0003,0x53a356ae69405d877121d05230aba6bda7b5ee0f,sell,0x540449e4d172cd9491c76320440cd74933d5691a,0xc1bb7f59ad27b214d04177c99f6148e4d955b5c8d1aa94085cbcfe9e5f3b4bb0
120,272.7544611703718,0.0630062805303559,0x59f8e9a0e98d8de0fc7a13467ffd9dd49904e2d0,2017-10-28T13:16:58.000Z,0.00023099999999999998,0xa537d985a15358e5095fa653a184454c2f142544,sell,0x540449e4d172cd9491c76320440cd74933d5691a,0xd8eea4ef7d5c46b89c45c77e4192453a27f53e5a720509e3f07a2f1ef0234a03
121,3496.8541122520187,0.8042764458179643,0xbd4d43682374570416cb764921b697bc9d087243,2017-10-28T12:06:46.000Z,0.00022999999999999998,0x75d2438a8e30abae2c900d1988a5085c0c5d370d,sell,0x540449e4d172cd9491c76320440cd74933d5691a,0x6aa24c20db86058f02c9dedc6b3c91e1797e4d927c0901d0b59ee9d6c1556a93
122,1000,0.24,0x8aff5f6782032de53f5c9cbf4abe0e6358ae419e,2017-10-28T12:05:59.000Z,0.00024,0x75d2438a8e30abae2c900d1988a5085c0c5d370d,sell,0x540449e4d172cd9491c76320440cd74933d5691a,0x7900c2b7ec76905a28a405e105fa0791ad306d385a6160e4b0fb96b33df55afc
123,3221,0.80525,0x8b9af3040bc29b4be78b0e978a09d501d5a4c3c6,2017-10-28T12:05:11.000Z,0.00025,0x75d2438a8e30abae2c900d1988a5085c0c5d370d,sell,0x540449e4d172cd9491c76320440cd74933d5691a,0x074fca1c04f158ba4ae2138e8659b799c817410c8d8c3fc6a81fffdc931f8d2c
124,5920.88,1.5394288,0x770910cb109a800a95ee58a1d9f64eccec092c43,2017-10-28T12:04:35.000Z,0.00026,0x75d2438a8e30abae2c900d1988a5085c0c5d370d,sell,0x540449e4d172cd9491c76320440cd74933d5691a,0xd1ed7459e3bdf4aa150edecefbe84ba69090c958ea0b9994017c9a9cb0073733
125,4079.119629381266,1.0605711036391292,0x770910cb109a800a95ee58a1d9f64eccec092c43,2017-10-28T10:36:08.000Z,0.00026,0x5053eab95edc6c37e738c11d820b43b06bf659b3,sell,0x540449e4d172cd9491c76320440cd74933d5691a,0xfa1e35bf4892eb5a63e0de34315acfaa2bfe34289f780537831b4226c67a17da
126,76.619,0.020304035,0x69f9a06cbf2069d529f77007cc6600f252b8851f,2017-10-28T10:34:39.000Z,0.000265,0x5053eab95edc6c37e738c11d820b43b06bf659b3,sell,0x540449e4d172cd9491c76320440cd74933d5691a,0x78680caea4fa9e3ba819d522a8e128076e312c4d20d6b81912105de2338dc0f5
127,203.7037037037037,0.055,0xcaf7d3b5306b307c3854c321896f762f9403450e,2017-10-28T10:32:10.000Z,0.00027,0x5053eab95edc6c37e738c11d820b43b06bf659b3,sell,0x540449e4d172cd9491c76320440cd74933d5691a,0xda104f1e851a8ee0785ebbae161ce40879adcdacd2f65bcd196ff84bb3b5d3a3
128,13042.414777619977,3.5214519899573937,0x770910cb109a800a95ee58a1d9f64eccec092c43,2017-10-28T10:32:10.000Z,0.00027,0x5053eab95edc6c37e738c11d820b43b06bf659b3,sell,0x540449e4d172cd9491c76320440cd74933d5691a,0xb338f66983bd9d4572a844d2faeb58677e06662fb1211628943dba55d428786f
129,610,0.16775,0xcdc4f509813892ac5995e4a902ccc67e945f9f88,2017-10-28T10:31:56.000Z,0.000275,0x5053eab95edc6c37e738c11d820b43b06bf659b3,sell,0x540449e4d172cd9491c76320440cd74933d5691a,0x55c61f1c48b7326b24f52c471da633032c2b34d3ee237957d59c9027a734eb00
130,2959.214,0.81378385,0xf690b7625cc01737aa758734c0ebac17371aaa65,2017-10-28T10:31:56.000Z,0.000275,0x5053eab95edc6c37e738c11d820b43b06bf659b3,sell,0x540449e4d172cd9491c76320440cd74933d5691a,0x371ac4029d4cf96a571c2d1e9093103bee8e6f62ac07defd580924801c36a8ae
131,132.466,0.0397398,0x19db50303566734d162fb43d043f28849468ea8e,2017-10-28T10:31:45.000Z,0.0003,0x5053eab95edc6c37e738c11d820b43b06bf659b3,sell,0x540449e4d172cd9491c76320440cd74933d5691a,0x04b2a99b8c83c1eba6c4ba16b7d0bf0d2eb35ee529b011ecae4fb9c7a016a263
132,4040.7855647492775,1.1112160303060512,0xf690b7625cc01737aa758734c0ebac17371aaa65,2017-10-28T06:57:36.000Z,0.000275,0x60b30a82cd9f502e6d45c85181b545cab8ba9394,sell,0x540449e4d172cd9491c76320440cd74933d5691a,0xbd9717936faa5245258e974ec82ff0314056478e992240cccb43c3180bae0512
133,1500,0.42,0xcaf7d3b5306b307c3854c321896f762f9403450e,2017-10-28T06:42:51.000Z,0.00028,0x60b30a82cd9f502e6d45c85181b545cab8ba9394,sell,0x540449e4d172cd9491c76320440cd74933d5691a,0x4b8902c40495cb9d65a5ae4da608d98fc7ad8987d9a9b08edd2bf831b603adb8
134,8254,2.319374,0x59f8e9a0e98d8de0fc7a13467ffd9dd49904e2d0,2017-10-28T06:40:09.000Z,0.000281,0x60b30a82cd9f502e6d45c85181b545cab8ba9394,sell,0x540449e4d172cd9491c76320440cd74933d5691a,0x8d40fbcf8a6b02d287211950d829ff69a8964a0cc270545befcd2e9d500f46e8
135,7142,1.99976,0xf690b7625cc01737aa758734c0ebac17371aaa65,2017-10-28T06:40:09.000Z,0.00028,0x60b30a82cd9f502e6d45c85181b545cab8ba9394,sell,0x540449e4d172cd9491c76320440cd74933d5691a,0x13fbcce35f18500b5abc0fabd77bffddcb7bb48f9be861e623836e319ad57beb
136,106,0.028726,0x59f8e9a0e98d8de0fc7a13467ffd9dd49904e2d0,2017-10-28T01:46:19.000Z,0.000271,0x3f53e05bbf5bd0e26e22db13356093405c95590c,sell,0x540449e4d172cd9491c76320440cd74933d5691a,0x42978c24860ca0facbe96c5a137e5cc00b7ec17dbbd98ea65df1ee101f38b63f
137,1640,0.44444,0x59f8e9a0e98d8de0fc7a13467ffd9dd49904e2d0,2017-10-28T01:44:59.000Z,0.000271,0x3f53e05bbf5bd0e26e22db13356093405c95590c,sell,0x540449e4d172cd9491c76320440cd74933d5691a,0x926d826737f32c8d7bd1c59ae58321a6701319597d77534a413b867b42f7b2b4
138,48,0.0132,0xd34a4a5f59317b4e03137e4a6d64b6f6a629df5b,2017-10-28T01:44:23.000Z,0.000275,0x3f53e05bbf5bd0e26e22db13356093405c95590c,sell,0x540449e4d172cd9491c76320440cd74933d5691a,0xe6090f8bf0dc85ffb23cf5c5c3d06f15f7f33108ef218eb29aab17c4739ab8f9
139,849,0.29715,0xa04795844aa5f2dc2647e3267cbba1f479fd6d8e,2017-10-28T01:13:23.000Z,0.00035,0x5da9062cca584a16d407a19bfaae03d124729cd8,sell,0x540449e4d172cd9491c76320440cd74933d5691a,0x82f129fd340eb01735832b6a171d8cd7c2c089296abeb40447acab2764454667
140,10,0.0035,0x3b993687594c690744fa5fae34b37d5e52ed8f0b,2017-10-27T23:47:21.000Z,0.00035,0x5053eab95edc6c37e738c11d820b43b06bf659b3,buy,0x540449e4d172cd9491c76320440cd74933d5691a,0xe29fefd5f96f03763d185feb7d53c70d85a5f0b87f3e1108f9e12b76936b9066
141,1363.7723058518593,0.368218522580002,0x770910cb109a800a95ee58a1d9f64eccec092c43,2017-10-27T19:56:46.000Z,0.00027,0x0a70de1a644ced8488ec91b4b463826cbf4b5000,sell,0x540449e4d172cd9491c76320440cd74933d5691a,0x4c968a657eb647dc7d77d002f470d29e9f6177f62902b2382b5f6ebc5c38aec5
142,100,0.03,0x69f9a06cbf2069d529f77007cc6600f252b8851f,2017-10-27T19:15:15.000Z,0.0003,0xe8572c97de7d4611ac6635a7c2712223d05edad0,buy,0x540449e4d172cd9491c76320440cd74933d5691a,0xb3577cffc4d5008cc0a14dfa24aee26cbfcc6c6e9cafa7c8679e7128daf0ae77
143,1100,0.489225,0xc75c8dcf163d5d5278fbde0411b92922f36f3405,2017-10-27T18:44:07.000Z,0.00044475,0xae064dfd16ab44e7a015c3d1901422cd80c699fe,buy,0x540449e4d172cd9491c76320440cd74933d5691a,0xa63f44139725131ca0fdfb58b8add2a3661fc39a1ce38f6f48ef18dbf885d900
144,1,0.004,0x3b993687594c690744fa5fae34b37d5e52ed8f0b,2017-10-27T14:56:21.000Z,0.004,0xf96b24e0033d6d4c6646a5e560e8df4601454c55,buy,0x540449e4d172cd9491c76320440cd74933d5691a,0xd538a8251f3d52fbc86d7f4a310385a7a3861ecc4ec37146c31d8d5d8a272517
145,300,0.090000003,0xc02563cd91acf9631f1023aac432fdcc2724e5df,2017-10-27T13:40:48.000Z,0.00030000001,0x53a356ae69405d877121d05230aba6bda7b5ee0f,sell,0x540449e4d172cd9491c76320440cd74933d5691a,0x2c2d172ab75caf7d1d62d5151b0913c3c8fbf0fd44892f3290a3b27021150b09
146,991,0.2973,0x32c0d3927bf83759dd7a0938e5b9e02216f0cb93,2017-10-27T13:40:48.000Z,0.0003,0x53a356ae69405d877121d05230aba6bda7b5ee0f,sell,0x540449e4d172cd9491c76320440cd74933d5691a,0xa61acda0653e4d5e995c6f9439420937264ec67b9b7382f7ea29daecba0c06e4
147,600,0.1806,0xd98a3954353055ab642c9159c7f3b25dac2dc29b,2017-10-27T13:40:48.000Z,0.000301,0x53a356ae69405d877121d05230aba6bda7b5ee0f,sell,0x540449e4d172cd9491c76320440cd74933d5691a,0x89024de9bb1110d1b862f1059d06e8a2dc10c62448f415a349fc48335c733799
148,700,0.245,0x9f12587b7114c57d9d6584853447b70ad0c4b6f1,2017-10-27T12:54:25.000Z,0.00035,0x5053eab95edc6c37e738c11d820b43b06bf659b3,buy,0x540449e4d172cd9491c76320440cd74933d5691a,0x98eaf060ac6d4e7f9f4084ee88a997f366dee425aa96829c657e1f844f7e1afd
149,608,0.207328,0x7f293efc39f6b9b99a19b985f86f2fca3f153712,2017-10-27T12:33:45.000Z,0.000341,0xd0c23775bea3d5082b8d7b709cf121648645b9f3,sell,0x540449e4d172cd9491c76320440cd74933d5691a,0xca01fbfb45109ad68e0e034a5f9d778c3d5784a8212266402759daba37e330ad
150,3000,1.05,0x8bc547a128a8f03242771660a2a31f5c07bdb102,2017-10-27T11:46:48.000Z,0.00035,0x5da9062cca584a16d407a19bfaae03d124729cd8,buy,0x540449e4d172cd9491c76320440cd74933d5691a,0xb74fffb807d15a66f8ed2e75efc62331b767b85767da4df6e3c4e139341e3fab
151,592,0.201872,0x7f293efc39f6b9b99a19b985f86f2fca3f153712,2017-10-27T11:16:29.000Z,0.000341,0xa05a2e51beb7fde2c8cddd4750926fa6ca02b769,sell,0x540449e4d172cd9491c76320440cd74933d5691a,0xc60e6b17fb050eff4a8444f727ab041c8d0946311665bdc00527a77072d8d17c
152,0.7128733586917059,0.000242376941955179,0x22597d3a5922672fd57a2fb4da751f03a054a778,2017-10-27T07:32:42.000Z,0.0003399999999999986,0x9f54d8b230ee465495fa953375118561a2abc168,sell,0x540449e4d172cd9491c76320440cd74933d5691a,0xfbbd08331cb3b9867ab22a88664937af0d39af563a1ef97a6a8e66b863bd8307
153,2000,0.679998,0x770910cb109a800a95ee58a1d9f64eccec092c43,2017-10-27T06:09:00.000Z,0.000339999,0xa05a2e51beb7fde2c8cddd4750926fa6ca02b769,sell,0x540449e4d172cd9491c76320440cd74933d5691a,0xb9c323b6926ab8a274c76c8dc6f196321555e5d811998faa999a63bb255a5248
154,4000,1.36,0x770910cb109a800a95ee58a1d9f64eccec092c43,2017-10-27T05:42:42.000Z,0.00034,0x5053eab95edc6c37e738c11d820b43b06bf659b3,sell,0x540449e4d172cd9491c76320440cd74933d5691a,0x94a0069398cf11dd1c841bd1173428f04a212f0e41b19b56c63ddd6519b13822
155,3736.122,1.285225968,0xe7882db9271debd44baf498abecad6d9dd07ab44,2017-10-27T05:42:13.000Z,0.000344,0x5053eab95edc6c37e738c11d820b43b06bf659b3,sell,0x540449e4d172cd9491c76320440cd74933d5691a,0xf1a9d6c1e916fa4edddc0ecc95fb59c2559846ffc1fe442a4aa3cda549fc3af9
156,8515,2.932566,0x69f9a06cbf2069d529f77007cc6600f252b8851f,2017-10-27T05:41:00.000Z,0.0003444,0x5053eab95edc6c37e738c11d820b43b06bf659b3,sell,0x540449e4d172cd9491c76320440cd74933d5691a,0x14bef57257059dc8498de237b849fb231a231675ffe09caa09ff83d87a2b9224
157,315,0.1126755,0xd3337d452a815e98fdc8ec65e48be155a9abfece,2017-10-27T03:20:29.000Z,0.0003577,0x5da9062cca584a16d407a19bfaae03d124729cd8,sell,0x540449e4d172cd9491c76320440cd74933d5691a,0x77dd476756a4faf77b33346244f8284c023ddc1777e6d03b2b15585f53511b95
158,315,0.17325,0x77526e3e580662df11ddfa23dbdd91b5c1aee2aa,2017-10-27T03:09:40.000Z,0.00055,0xc020e86f05c35c43114e950366bfe4713c917abc,buy,0x540449e4d172cd9491c76320440cd74933d5691a,0xcfc746c0d80e1fb13cce1fb99b2b29aae5200b58b47387f858a8011442122999
159,2500,0.89425,0x6329bc728290ab5b95ee9ab5256de0447e88c4c5,2017-10-27T02:48:07.000Z,0.0003577,0x5da9062cca584a16d407a19bfaae03d124729cd8,buy,0x540449e4d172cd9491c76320440cd74933d5691a,0x4a5ed2f3f2221b9497d76bb5fe4d9334ae21ad33cbc0d4589de1f65728e82ace
160,2705,0.94134,0x4fdef1bb3043d4d0bdde38cea5b48ba88baf5cb2,2017-10-27T02:06:49.000Z,0.000348,0x6c8e45ad14b64fda96cf911a0304fe7e24f16ecb,sell,0x540449e4d172cd9491c76320440cd74933d5691a,0xc17a43fc3deab17b6168f39d9897d5efc695a2bfe58d3b5f56be7d39dee6ed81
161,996.9095803010667,0.34293689562356694,0xe7882db9271debd44baf498abecad6d9dd07ab44,2017-10-27T02:03:13.000Z,0.000344,0xec92c71b711d958278b237d877fb106c4dd6119b,sell,0x540449e4d172cd9491c76320440cd74933d5691a,0x3bebfe5159da9e1239b9f26023686f5c00b946d0b3644408c02757aab0acf2e3
162,9710.967999202472,3.3405729917256504,0xe7882db9271debd44baf498abecad6d9dd07ab44,2017-10-27T01:49:06.000Z,0.000344,0xedf081255edd99433df3af62c9d9246c4e0d6054,sell,0x540449e4d172cd9491c76320440cd74933d5691a,0xa6af8966f2bfbe8ecbfd98bdeb4d5611b813b7a4fbb7032e005fe34555d222d6
163,2.795638803466592,0.001,0x4a57d0208164a1c1c63c75395dc444428a07b50a,2017-10-26T23:48:28.000Z,0.0003577,0x5da9062cca584a16d407a19bfaae03d124729cd8,buy,0x540449e4d172cd9491c76320440cd74933d5691a,0xaced90b442d52af7ce0a2c0f32f1ddd83b3075191fa512d79e38f366711445f0
164,40,0.0143196,0x3b993687594c690744fa5fae34b37d5e52ed8f0b,2017-10-26T22:45:52.000Z,0.00035799,0xb189d14b631d7f9f6e505fec4ec7ee61e495b051,buy,0x540449e4d172cd9491c76320440cd74933d5691a,0xb52d0b62e6c94279fdf4229196f8c8d854dd125187ab9e397396f9cbc8a7515c
165,3250,1.1375,0xa85016e37e2e4d38a04f96a1ba9de6d5d49da016,2017-10-26T22:07:06.000Z,0.00035,0x5da9062cca584a16d407a19bfaae03d124729cd8,sell,0x540449e4d172cd9491c76320440cd74933d5691a,0xc7738754ccd40a054ee55284663cc462be5ee1aadcd8d4455b8345151bb02b6d
166,20002.158,7.0007553,0xa85016e37e2e4d38a04f96a1ba9de6d5d49da016,2017-10-26T22:05:10.000Z,0.00035,0x5da9062cca584a16d407a19bfaae03d124729cd8,sell,0x540449e4d172cd9491c76320440cd74933d5691a,0xfc8aeaa0d341065326e664863075d72772b6a8a537233a45fe2e65ec2e9427c9
167,4953.466489061066,1.773291468418971,0x9ee08d2db90aa5af50163929a93c385cadd53e33,2017-10-26T21:31:39.000Z,0.00035799,0xb189d14b631d7f9f6e505fec4ec7ee61e495b051,buy,0x540449e4d172cd9491c76320440cd74933d5691a,0xbf09fd0e85f81e6df0c290bbbf036495245297c43fb6828b5dca91fd7610d481
168,3000,1.05,0x9ee08d2db90aa5af50163929a93c385cadd53e33,2017-10-26T21:29:10.000Z,0.00035,0x5da9062cca584a16d407a19bfaae03d124729cd8,buy,0x540449e4d172cd9491c76320440cd74933d5691a,0xe93d23f75f504d3e22d32a1d4245f8b337688413beb09a7d26b20eceb2998f51
169,3009.6,1.0503504,0x9ee08d2db90aa5af50163929a93c385cadd53e33,2017-10-26T21:29:10.000Z,0.000349,0x65e9633089b713d2cd5c02332d89d9deed2202a2,buy,0x540449e4d172cd9491c76320440cd74933d5691a,0x01e8270fedb2538c47d17eab75d8ade4ba1d44d1e2ca840cb12380c1ebc64c4c
170,7150.832661036501,2.5027914313627755,0xa85016e37e2e4d38a04f96a1ba9de6d5d49da016,2017-10-26T21:15:57.000Z,0.00035,0x9f54d8b230ee465495fa953375118561a2abc168,sell,0x540449e4d172cd9491c76320440cd74933d5691a,0xcd6048b3a28929f3423f0690c5c38fe653c947bfe1ed4c802e19aa84214307cb
171,997.0089711081935,0.34895313988786775,0xa85016e37e2e4d38a04f96a1ba9de6d5d49da016,2017-10-26T21:00:46.000Z,0.00035,0x3655f0eb5edc49d7be2b3338a3fd641dbdc53798,sell,0x540449e4d172cd9491c76320440cd74933d5691a,0x4e413fad96655edc9f56233da8bdff93c15e62df4b5cc1c6d8db15fc42c1be51
172,1279,0.446371,0xe44ff3a56eb61d8989c862074c5e075db667d31d,2017-10-26T16:10:46.000Z,0.000349,0x5da9062cca584a16d407a19bfaae03d124729cd8,sell,0x540449e4d172cd9491c76320440cd74933d5691a,0xf33d1c4599cad16ea403b7ea862bf52588124dff6e9f1ec4ac234e4ce55f4830
173,4.372580645161297,0.001355500000000001,0xe28a24ce2f3bbbd0020cfcfbc1e011dd025d5d25,2017-10-26T14:37:06.000Z,0.0003099999999999998,0x3b993687594c690744fa5fae34b37d5e52ed8f0b,sell,0x540449e4d172cd9491c76320440cd74933d5691a,0xc4ee7135b3449cc9109635473d6d6b5c8547362c58ace7e8de8f2d6f91ef47f9
174,830.158,0.2905553,0xd4149907c84dea9a9b405c552f9446ac5660bbff,2017-10-26T14:24:33.000Z,0.00035,0x9f54d8b230ee465495fa953375118561a2abc168,buy,0x540449e4d172cd9491c76320440cd74933d5691a,0x3b27766403b6fcfbc95affa08adb06d9168a8b5b6b0285e13493c03595fdc7d8
175,75,0.02624925,0xd4149907c84dea9a9b405c552f9446ac5660bbff,2017-10-26T14:22:08.000Z,0.00034999,0x429c7cf947d18c6e14660975ba5272621a618b36,buy,0x540449e4d172cd9491c76320440cd74933d5691a,0x6d182d6a148f4c0f376c5f002632ae5a1a82ef3e397ace43817a03ce4f189926
176,4.827232303030304,0.015929866600000002,0xa05f26f8f280512a80b60dc098b53957b4cc96e4,2017-10-26T13:33:58.000Z,0.0033,0x5ae933bfbbaa04c3e05ae56295138174ada9799c,sell,0x540449e4d172cd9491c76320440cd74933d5691a,0x2b7d543e52e8eba072777b2c2ed3a3684c7b32b9c4fccd27ceb90ef117050b64
177,4.841757714285714,0.0016946152,0x5ae933bfbbaa04c3e05ae56295138174ada9799c,2017-10-26T13:33:58.000Z,0.00035,0x9f54d8b230ee465495fa953375118561a2abc168,buy,0x540449e4d172cd9491c76320440cd74933d5691a,0x2b7d543e52e8eba072777b2c2ed3a3684c7b32b9c4fccd27ceb90ef117050b64
178,0.6,0.0003078,0x7aa6e2506316f6d613277d4f2f4e4e1dc55e528e,2017-10-26T13:33:33.000Z,0.000513,0x16c6d0c65ec2c49fbbb8c638f880b1e8d395dd17,buy,0x540449e4d172cd9491c76320440cd74933d5691a,0xc22bff22e4255724ba30a1200c1bf6956dc3e1f7a2e664b66b2139c91ae2fe13
179,0.5982,0.00197406,0xa05f26f8f280512a80b60dc098b53957b4cc96e4,2017-10-26T13:33:33.000Z,0.0033,0x7aa6e2506316f6d613277d4f2f4e4e1dc55e528e,sell,0x540449e4d172cd9491c76320440cd74933d5691a,0xc22bff22e4255724ba30a1200c1bf6956dc3e1f7a2e664b66b2139c91ae2fe13
180,200,0.07,0x273a5d3e6721b9f5c1a6474f560c1334c63dda01,2017-10-26T13:32:53.000Z,0.00035,0x9f54d8b230ee465495fa953375118561a2abc168,buy,0x540449e4d172cd9491c76320440cd74933d5691a,0xde10f16e13dfc6331a1541b7b6bf4f0088500bed940ac037f79d6cf932e303d4
181,199.4,0.65802,0xa05f26f8f280512a80b60dc098b53957b4cc96e4,2017-10-26T13:32:53.000Z,0.0033,0x273a5d3e6721b9f5c1a6474f560c1334c63dda01,sell,0x540449e4d172cd9491c76320440cd74933d5691a,0xde10f16e13dfc6331a1541b7b6bf4f0088500bed940ac037f79d6cf932e303d4
182,2135,0.710955,0x869e646dc79fde0ad9fe85dc976e35086b0f3e2c,2017-10-26T13:04:39.000Z,0.000333,0xd0c23775bea3d5082b8d7b709cf121648645b9f3,sell,0x540449e4d172cd9491c76320440cd74933d5691a,0xe500ee29903bbfd6ee72b6a298816e3b067ee8f09608d2c422ecf092ff91e513
183,150,0.054,0xe28a24ce2f3bbbd0020cfcfbc1e011dd025d5d25,2017-10-26T12:28:23.000Z,0.00036,0x5da9062cca584a16d407a19bfaae03d124729cd8,sell,0x540449e4d172cd9491c76320440cd74933d5691a,0xec5ae2a7b94c0e5119868a06500c8ab57b3adb1f4418d34d3b77298a42b48430
184,300,0.10767,0x273a5d3e6721b9f5c1a6474f560c1334c63dda01,2017-10-26T12:19:28.000Z,0.0003589,0xb189d14b631d7f9f6e505fec4ec7ee61e495b051,buy,0x540449e4d172cd9491c76320440cd74933d5691a,0x040d3b0fe4759fc4bff1b4496e7557ae63acf27f8de324ce3454c4870fcd3e81
185,299.1,0.110667,0xe28a24ce2f3bbbd0020cfcfbc1e011dd025d5d25,2017-10-26T12:19:28.000Z,0.00037,0x273a5d3e6721b9f5c1a6474f560c1334c63dda01,sell,0x540449e4d172cd9491c76320440cd74933d5691a,0x040d3b0fe4759fc4bff1b4496e7557ae63acf27f8de324ce3454c4870fcd3e81
186,98.46668310692992,0.05051340843385505,0x3340324e6913c9dd12794cf18e639095ed4bd2ad,2017-10-26T12:18:07.000Z,0.000513,0x16c6d0c65ec2c49fbbb8c638f880b1e8d395dd17,buy,0x540449e4d172cd9491c76320440cd74933d5691a,0xd20340faa472686ee3c4adf43d57c9174a85737fce706ecfcd1406ebd349a692
187,200,0.11,0x3340324e6913c9dd12794cf18e639095ed4bd2ad,2017-10-26T12:00:45.000Z,0.00055,0x16c6d0c65ec2c49fbbb8c638f880b1e8d395dd17,buy,0x540449e4d172cd9491c76320440cd74933d5691a,0xd53a7699c470a03513a8900a79f0333a9f47070c085b05ffe2eab31b6b89dc68
188,1250,0.55,0x7f293efc39f6b9b99a19b985f86f2fca3f153712,2017-10-26T11:38:18.000Z,0.00044,0xae064dfd16ab44e7a015c3d1901422cd80c699fe,buy,0x540449e4d172cd9491c76320440cd74933d5691a,0xdecd2388fbe0375f28b418e93873b943d6ed873cd27750261df3dfdb3f6a9f64
189,500,0.1795,0x8083cdca84f7de4b4011b8a4bb92560ab656833c,2017-10-26T11:38:18.000Z,0.000359,0x5da9062cca584a16d407a19bfaae03d124729cd8,sell,0x540449e4d172cd9491c76320440cd74933d5691a,0xfd70f4517368e3c23d7f0571cf2d02e52d12d0c54a96d2eb235eeed7ca97be18
190,0.000333,0.4995,0xd4149907c84dea9a9b405c552f9446ac5660bbff,2017-10-26T11:28:28.000Z,1500,0x3ac636ac5c3a2576156ac5f10066ca68abe0ad54,sell,0x540449e4d172cd9491c76320440cd74933d5691a,0x57e0fdace0c629f2c9c74dd6d6393479be0ca35afb319003986bb3ef38fa6e33
191,865,0.288045,0x869e646dc79fde0ad9fe85dc976e35086b0f3e2c,2017-10-26T11:25:58.000Z,0.000333,0x1f1777fef359fa31e03ae3205480b92cb46561ef,sell,0x540449e4d172cd9491c76320440cd74933d5691a,0x6e6b8e20d8c188e2078330358f22ef8c1ccec389d139861484f1c515e1f923d1
192,500,0.1795,0x125577fa4ae96fa3d911ed139cd8010f85f998ac,2017-10-26T10:29:26.000Z,0.000359,0x5da9062cca584a16d407a19bfaae03d124729cd8,buy,0x540449e4d172cd9491c76320440cd74933d5691a,0x5090e419dfe69ee8c3903e4c61cf753cab344d1d943f9ae3363011d2441cd5db
193,3600,1.2924,0x837a4e7ba5894e458fcc6121bb4dc36391ce0b48,2017-10-26T09:40:35.000Z,0.000359,0x5da9062cca584a16d407a19bfaae03d124729cd8,buy,0x540449e4d172cd9491c76320440cd74933d5691a,0x9f12f9e6703812e7c41260e24a3139e3762f6aa00f729d3c845afcbe2732a2f4
194,0.22858060359809126,0.000070859987115408,0xd4149907c84dea9a9b405c552f9446ac5660bbff,2017-10-26T09:38:37.000Z,0.00030999999999999875,0xaa1d8404ceb17d991b7dc59c323bca9bcbe1ee82,sell,0x540449e4d172cd9491c76320440cd74933d5691a,0x9f549cd1976d08b17c9670e550bc587dd047cb8a7a8af664670854fffc2499bf
195,5800,2.0764,0x837a4e7ba5894e458fcc6121bb4dc36391ce0b48,2017-10-26T09:38:25.000Z,0.000358,0x5da9062cca584a16d407a19bfaae03d124729cd8,buy,0x540449e4d172cd9491c76320440cd74933d5691a,0x7e61b579bd83bdf35e18ba79ba03398f905de44ad1178500cf5df4eb4ec62db2
196,303.8336345279199,0.1005689330287415,0x837a4e7ba5894e458fcc6121bb4dc36391ce0b48,2017-10-26T09:35:07.000Z,0.000331,0xf197fba413c089c636530c073dd963f50212a897,buy,0x540449e4d172cd9491c76320440cd74933d5691a,0xc233dd9f4156043dffbef8f601cc5f587d8a8b76c28dfd08c0716d5af89506ba
197,617.4221888799214,0.20436674451925396,0x47c48019752246c56434a69af290a8eb781b8e20,2017-10-26T09:11:33.000Z,0.000331,0xf197fba413c089c636530c073dd963f50212a897,buy,0x540449e4d172cd9491c76320440cd74933d5691a,0x6659d4722d4c1275108fda133b233b46d2d975308096135fa54b538e735eb0f5
198,8.50233424937144,0.002814272636541947,0x47c48019752246c56434a69af290a8eb781b8e20,2017-10-26T09:06:29.000Z,0.000331,0xf197fba413c089c636530c073dd963f50212a897,buy,0x540449e4d172cd9491c76320440cd74933d5691a,0x178fab48be747940c02146c7b10870c5fc68a72f98ea8e7c8140a43e2762ffe4
199,451.9218423427873,0.1495861298154626,0xd03c6d8b4836a381e3f7923992c588ec4658b582,2017-10-26T08:36:16.000Z,0.000331,0xf197fba413c089c636530c073dd963f50212a897,buy,0x540449e4d172cd9491c76320440cd74933d5691a,0x0a7573f3cda2e4d5439ffe037639ea23b6f14cce2b903401361e8a3260644b85
200,5500,1.969,0x521eabecf42c418cf45fdb0489cab03b5663a71f,2017-10-26T07:40:37.000Z,0.000358,0x5da9062cca584a16d407a19bfaae03d124729cd8,buy,0x540449e4d172cd9491c76320440cd74933d5691a,0x7c6a2883c755995dde3d5b8eb1337bc107179e3045cd2bffb4f8f4613169be42
201,3425.685,1.1417808105,0x521eabecf42c418cf45fdb0489cab03b5663a71f,2017-10-26T07:39:44.000Z,0.0003333,0x87fc87d73aa3b4c9aeb627f42d7a21513cd920b2,buy,0x540449e4d172cd9491c76320440cd74933d5691a,0x8d1ea67f582e18cab7a1dc60556c278c35addc195c1d56ed9e91d2b0045fc96c
202,593.8129165281634,0.16032948746260411,0x770910cb109a800a95ee58a1d9f64eccec092c43,2017-10-25T23:42:19.000Z,0.00027,0x1ed014aec47fae44c9e55bac7662c0b78ae61798,sell,0x540449e4d172cd9491c76320440cd74933d5691a,0xc17db07dbac02be481ad0ff1e1c2a278b6cca367971c447f657ba76b731f45d6
203,1,0.00035,0xedbbaefebdbb56726322f60c9e624de7a03ae7e5,2017-10-25T21:13:27.000Z,0.00035,0x87fc87d73aa3b4c9aeb627f42d7a21513cd920b2,buy,0x540449e4d172cd9491c76320440cd74933d5691a,0x1347337ca244ce8582389c1c41740804764be2220ac4344bfca7bc898558a460
204,140,0.049,0xf2f59df6da18e20342a38d5c868ae7a4214d2473,2017-10-25T19:30:20.000Z,0.00035,0x87fc87d73aa3b4c9aeb627f42d7a21513cd920b2,buy,0x540449e4d172cd9491c76320440cd74933d5691a,0x2cad5616a46d8d5fc081b74768e72acb4eb30b489e9017783623870f34efcfb9
205,498.201,0.17935236,0xb9dfae0f58596075ca11310362ff87513a8e0c7a,2017-10-25T18:39:31.000Z,0.00036,0x5da9062cca584a16d407a19bfaae03d124729cd8,sell,0x540449e4d172cd9491c76320440cd74933d5691a,0xcb9a96622bdcc363522268a3c88d0a2b1329683c3dd66560add7043660c8e57c
206,2599.2,0.90426168,0x273a5d3e6721b9f5c1a6474f560c1334c63dda01,2017-10-25T18:36:35.000Z,0.0003479,0xc86f18dff1aa6846975bb5d30b0a67368bdc5e04,buy,0x540449e4d172cd9491c76320440cd74933d5691a,0xb9f9118b645576b018027990674fb003a47875d9bc33251048c26dc352bd3e0b
207,2591.4024,0.932904864,0xb9dfae0f58596075ca11310362ff87513a8e0c7a,2017-10-25T18:36:35.000Z,0.00036,0x273a5d3e6721b9f5c1a6474f560c1334c63dda01,sell,0x540449e4d172cd9491c76320440cd74933d5691a,0xb9f9118b645576b018027990674fb003a47875d9bc33251048c26dc352bd3e0b
208,5544,1.9404,0x273a5d3e6721b9f5c1a6474f560c1334c63dda01,2017-10-25T18:36:19.000Z,0.00035,0x5da9062cca584a16d407a19bfaae03d124729cd8,buy,0x540449e4d172cd9491c76320440cd74933d5691a,0xa6e47c5bb9c461bf38ed1be7c2b68b8c4113ec7b724af3d569749df09597b038
209,5417.28,1.77686784,0x273a5d3e6721b9f5c1a6474f560c1334c63dda01,2017-10-25T18:36:19.000Z,0.000328,0x30fe208cad112e6ef4d37115301bd7ffb9fd7203,buy,0x540449e4d172cd9491c76320440cd74933d5691a,0x79364142b635db0ea54c166f0424bd1d57e95484ee232f2b3e3bf683a759232a
210,6000,1.98,0x273a5d3e6721b9f5c1a6474f560c1334c63dda01,2017-10-25T18:36:19.000Z,0.00033,0x6ac7fed3f6770ef05c55ef8405e0f718ba47914a,buy,0x540449e4d172cd9491c76320440cd74933d5691a,0x44325bf7c23dc5af33f8722c35310499420e362bf41c2e0f2f26a46ac4f7384f
211,5527.368,1.98985248,0xb9dfae0f58596075ca11310362ff87513a8e0c7a,2017-10-25T18:36:19.000Z,0.00036,0x273a5d3e6721b9f5c1a6474f560c1334c63dda01,sell,0x540449e4d172cd9491c76320440cd74933d5691a,0xa6e47c5bb9c461bf38ed1be7c2b68b8c4113ec7b724af3d569749df09597b038
212,5401.02816,1.9443701376,0xb9dfae0f58596075ca11310362ff87513a8e0c7a,2017-10-25T18:36:19.000Z,0.00036,0x273a5d3e6721b9f5c1a6474f560c1334c63dda01,sell,0x540449e4d172cd9491c76320440cd74933d5691a,0x79364142b635db0ea54c166f0424bd1d57e95484ee232f2b3e3bf683a759232a
213,5982,2.15352,0xb9dfae0f58596075ca11310362ff87513a8e0c7a,2017-10-25T18:36:19.000Z,0.00036,0x273a5d3e6721b9f5c1a6474f560c1334c63dda01,sell,0x540449e4d172cd9491c76320440cd74933d5691a,0x44325bf7c23dc5af33f8722c35310499420e362bf41c2e0f2f26a46ac4f7384f
214,3568,0.99904,0x6c6403e6d711a2df1f6f1e47a38d34343c60ac61,2017-10-25T15:06:57.000Z,0.00028,0x6ac7fed3f6770ef05c55ef8405e0f718ba47914a,sell,0x540449e4d172cd9491c76320440cd74933d5691a,0xfed444b33c14c0ad150bbb31b67e7c9f8da8d3d83b9d4bf0915ae2fcf5aa3102
215,12500,4,0x0206d6fcc3449a232c227c6cd83967c81015c0f1,2017-10-25T11:24:42.000Z,0.00032,0x5da9062cca584a16d407a19bfaae03d124729cd8,sell,0x540449e4d172cd9491c76320440cd74933d5691a,0x00dfde64f09d225fc9dd0b8c617383dc7fa09865a02fa7ca7f596ba0717c1ec6
216,189,0.06804,0x8b511ed424105b63064bdae03473fe69f930098b,2017-10-25T05:13:44.000Z,0.00036,0x6ac7fed3f6770ef05c55ef8405e0f718ba47914a,buy,0x540449e4d172cd9491c76320440cd74933d5691a,0x0165295fbabf47df22d9a3409082083a8567b566d850c95fd48b4b57b0a41143
217,1,0.00036,0x0249924245a19aa2d7f5ddb0739a7132b7d094ab,2017-10-24T23:46:56.000Z,0.00036,0x5da9062cca584a16d407a19bfaae03d124729cd8,buy,0x540449e4d172cd9491c76320440cd74933d5691a,0x4d9f2041ff86ebd50c52a79ef26b52c93b740b25bf9058d96fd102fa4135c7a4
218,2429.9998258733685,0.8018999425382116,0xb9dfae0f58596075ca11310362ff87513a8e0c7a,2017-10-24T23:20:56.000Z,0.00033,0x87fc87d73aa3b4c9aeb627f42d7a21513cd920b2,sell,0x540449e4d172cd9491c76320440cd74933d5691a,0x9c761084a791c5ef5a64df6db32b2b0148049a7ea10a225cd7dae747f68807b2
219,20000.749,6.60024717,0xb9dfae0f58596075ca11310362ff87513a8e0c7a,2017-10-24T22:00:53.000Z,0.00033,0x5da9062cca584a16d407a19bfaae03d124729cd8,sell,0x540449e4d172cd9491c76320440cd74933d5691a,0x036eca7ac50f3088d56dce5ef13be83bb5f9d9b0bf3758940d79f31144a62d94
220,1,0.00036,0xedbbaefebdbb56726322f60c9e624de7a03ae7e5,2017-10-24T21:25:59.000Z,0.00036,0x6ac7fed3f6770ef05c55ef8405e0f718ba47914a,buy,0x540449e4d172cd9491c76320440cd74933d5691a,0x7ca8bae9bb4dde5049011a1d802c48935681b5935b3779ff8a9257b672782e6c
221,700,0.252,0x19230915969e4bd6d27d2087ce047e65f1df2560,2017-10-24T21:22:16.000Z,0.00036,0x6ac7fed3f6770ef05c55ef8405e0f718ba47914a,buy,0x540449e4d172cd9491c76320440cd74933d5691a,0x0d0b3a7c58aa1b6e7c61cf55cd83eb5290a2503fad5a01052bdf4be5994d9c46
222,4110,1.4796,0x8bc547a128a8f03242771660a2a31f5c07bdb102,2017-10-24T20:04:56.000Z,0.00036,0x6ac7fed3f6770ef05c55ef8405e0f718ba47914a,buy,0x540449e4d172cd9491c76320440cd74933d5691a,0x73c01e7f320edde48bd62ca96956fdbf249752b71b3a10848178c55dcbe732fe
223,10023.726448011166,3.307829727843685,0xb9dfae0f58596075ca11310362ff87513a8e0c7a,2017-10-24T19:27:24.000Z,0.00033,0xac401cc7bf7f62493feabc5827f98c2c3667b48b,sell,0x540449e4d172cd9491c76320440cd74933d5691a,0x8da10fe5c1a12994cefe7ed30c53f1716825597f0d7f2a8307687bb47b90beef
224,948.5355398265377,0.31301672814275744,0xb9dfae0f58596075ca11310362ff87513a8e0c7a,2017-10-24T19:07:14.000Z,0.00033,0x5ee46c2637595728d99545669e3e1f1faa1417e5,sell,0x540449e4d172cd9491c76320440cd74933d5691a,0x74ff4cde8ef2d4e5f97811def0564c28a2c55df6d4df51d36d6d68e2d7f3d39b
225,388,0.12998,0xd03c6d8b4836a381e3f7923992c588ec4658b582,2017-10-24T19:06:24.000Z,0.000335,0x5ee46c2637595728d99545669e3e1f1faa1417e5,sell,0x540449e4d172cd9491c76320440cd74933d5691a,0xe59915fe8ef21f517e17cc11c6b604fe21ea42eb46161e9b72cceffeabd98510
226,996.9891862889284,0.32900643147534636,0xb9dfae0f58596075ca11310362ff87513a8e0c7a,2017-10-24T18:53:06.000Z,0.00033,0x3655f0eb5edc49d7be2b3338a3fd641dbdc53798,sell,0x540449e4d172cd9491c76320440cd74933d5691a,0x928a99e3fa61bb4cdc5699777c0e058adb8fd5d89b0808c02c345ed9925dc2be
227,290,0.10295,0x6329bc728290ab5b95ee9ab5256de0447e88c4c5,2017-10-24T18:08:36.000Z,0.000355,0x6ac7fed3f6770ef05c55ef8405e0f718ba47914a,buy,0x540449e4d172cd9491c76320440cd74933d5691a,0x9774eb072b0bedca514bb7fada4023ebf950282d5c38f692c6a5611aea6290b0
228,4,0.0013332,0x0b773d7819259d78757b26dc4148812d35676d8f,2017-10-24T17:52:58.000Z,0.0003333,0x87fc87d73aa3b4c9aeb627f42d7a21513cd920b2,buy,0x540449e4d172cd9491c76320440cd74933d5691a,0x07e1a13c7975511bf72c03a54915ca55ec3d1a3cd33468728d37d2e69fd3a8d1
229,2900,0.957,0xf59972ef2f033e2d9765440964d4e05bd812a94f,2017-10-24T15:23:55.000Z,0.00033,0x87fc87d73aa3b4c9aeb627f42d7a21513cd920b2,buy,0x540449e4d172cd9491c76320440cd74933d5691a,0x38c2366d0763ebd5e07b740f59d4876d163a6ebfa30e4a1aaf31e524a68c459b
230,75,0.0157503333,0x429c7cf947d18c6e14660975ba5272621a618b36,2017-10-24T14:19:38.000Z,0.000210004444,0x87fc87d73aa3b4c9aeb627f42d7a21513cd920b2,sell,0x540449e4d172cd9491c76320440cd74933d5691a,0xe20c1df69b61dc3557bd41e097707b4e113efd93a3dacc789a316700cc226600
231,718.5528021029545,0.2730500647991227,0xf2f59df6da18e20342a38d5c868ae7a4214d2473,2017-10-24T14:07:34.000Z,0.00038,0x5da9062cca584a16d407a19bfaae03d124729cd8,buy,0x540449e4d172cd9491c76320440cd74933d5691a,0x9766588930574e2477ee291a4cee029458697385c0d1fd0acc61dc6765c2e86e
232,0.0000001,0.000278,0x8c31fa3daa6ac0cb7d4cc12f788b813a551b65d3,2017-10-24T13:39:27.000Z,2780,0xaa3ca460356d7052322e40db74cca067eff12abc,buy,0x540449e4d172cd9491c76320440cd74933d5691a,0x39d6460f66cf9429f0ff711a3a66511e66ae4e6e7ccdf74de21526148114644f
233,1.1985245300926912,0.000239824758471547,0x4d0a638f6d827ce52fe43443336a894fe8abb2c3,2017-10-24T09:28:02.000Z,0.00020009999999999958,0x2bba88a7bb8a823a307e8dd90432d41ca63e94a6,sell,0x540449e4d172cd9491c76320440cd74933d5691a,0x7030caa9091e196140d88f1154a1ab5ac8e0bfd7202971070b612d685c46361a
234,12022.399561359785,2.404479912271957,0x6e323a63a5137f4099113a4c9630965418845c37,2017-10-24T09:26:48.000Z,0.00019999999999999998,0x2bba88a7bb8a823a307e8dd90432d41ca63e94a6,sell,0x540449e4d172cd9491c76320440cd74933d5691a,0x1cab48f666589ccc94d15e8410f304ca6694d5b0c9b7bf7ff71b6f6d6213859c
235,570,0.1767,0x6de30d89a7f977b15c2899d9629ea28ba1af2245,2017-10-24T09:26:12.000Z,0.00031,0x2bba88a7bb8a823a307e8dd90432d41ca63e94a6,sell,0x540449e4d172cd9491c76320440cd74933d5691a,0xd25637b9fba792f9629da7a34dc1c40ec80fb69f9a5779c0e13db05181774496
236,1351,0.41881,0x19070e8556f06a33bce55d3191605e3c89531f25,2017-10-24T09:25:28.000Z,0.00031,0x2bba88a7bb8a823a307e8dd90432d41ca63e94a6,sell,0x540449e4d172cd9491c76320440cd74933d5691a,0x071f6d3a09ff23a626df1413fd6050b430e3519c99fe856ec15a285209c260f7
237,5000,1.75,0x8869ba867536754d18c08a492c6ebe92580b1188,2017-10-24T09:03:33.000Z,0.00035,0x5da9062cca584a16d407a19bfaae03d124729cd8,sell,0x540449e4d172cd9491c76320440cd74933d5691a,0x00602576610c25667d33bf84d0db36b719bc49e4afbf2651782f3549eecfc3a0
238,2750,0.99,0x51febad5d3f4352d144d8d75da2e187d0ab8c55f,2017-10-24T09:02:26.000Z,0.00036,0x5da9062cca584a16d407a19bfaae03d124729cd8,sell,0x540449e4d172cd9491c76320440cd74933d5691a,0x3704f8c36c38077de3e075f5b196ca99bb89ff4a56faeb402427e0b36035f09b
239,3000,0.93006,0x4d0a638f6d827ce52fe43443336a894fe8abb2c3,2017-10-24T04:19:19.000Z,0.00031002,0x5da9062cca584a16d407a19bfaae03d124729cd8,sell,0x540449e4d172cd9491c76320440cd74933d5691a,0x311c3b1e0a8e8fbab9fbf437a19d3f7ac42eba1e64d5a029512193db4f672500
240,0.15359414029051063,0.000047617255372864,0x4d0a638f6d827ce52fe43443336a894fe8abb2c3,2017-10-24T03:47:27.000Z,0.0003100199999999993,0x13598d297d4497ede184939d62f2930cb63e9ea7,sell,0x540449e4d172cd9491c76320440cd74933d5691a,0x1fb14f181de6af7cc202c4e20eed2f5f01883a356e388f39626661c1fa686945
241,1540.7028212541122,0.4776486886451999,0x4d0a638f6d827ce52fe43443336a894fe8abb2c3,2017-10-24T03:44:13.000Z,0.00031002,0x13598d297d4497ede184939d62f2930cb63e9ea7,sell,0x540449e4d172cd9491c76320440cd74933d5691a,0xf2b50babdbe9ceeb92f16167f8706637c7256441ccb04dbbdd4fb8108a2964e6
242,2500,0.77505,0x4d0a638f6d827ce52fe43443336a894fe8abb2c3,2017-10-24T03:43:12.000Z,0.00031002,0x13598d297d4497ede184939d62f2930cb63e9ea7,sell,0x540449e4d172cd9491c76320440cd74933d5691a,0x708c19773b6f6afd81c1498aa4424818edeebb660212e9967ad2f66249120614
243,500,0.175,0x6329bc728290ab5b95ee9ab5256de0447e88c4c5,2017-10-24T03:34:06.000Z,0.00035,0x13598d297d4497ede184939d62f2930cb63e9ea7,buy,0x540449e4d172cd9491c76320440cd74933d5691a,0x7ed0bd88216dee197ec6eca5b1a271aa6098713a946b09ca94020dcde6890b6e
244,359.2459717732173,0.12573609012062606,0x13598d297d4497ede184939d62f2930cb63e9ea7,2017-10-24T03:32:45.000Z,0.00035,0x13598d297d4497ede184939d62f2930cb63e9ea7,buy,0x540449e4d172cd9491c76320440cd74933d5691a,0x7c1387d9a98ae803177a66c639788f09c438ace7f4864c81b68b07ed9f34c641
245,7,0.00245,0xcaf7d3b5306b307c3854c321896f762f9403450e,2017-10-24T03:30:40.000Z,0.00035,0x13598d297d4497ede184939d62f2930cb63e9ea7,sell,0x540449e4d172cd9491c76320440cd74933d5691a,0xb1984e96f8afbeba53c7cbc9e4cbc813f28369c666f46f28cf0e6e2acb81ae31
246,1200,0.42,0xcaf7d3b5306b307c3854c321896f762f9403450e,2017-10-24T02:51:30.000Z,0.00035,0x5da9062cca584a16d407a19bfaae03d124729cd8,sell,0x540449e4d172cd9491c76320440cd74933d5691a,0xa9164d632f20cd167b1c3f0dac7d784451c85fd10427d90339bfcee07819bfe1
247,0.01,0.0000055,0x8c31fa3daa6ac0cb7d4cc12f788b813a551b65d3,2017-10-24T02:26:49.000Z,0.00055,0x66b3362085b043325c49f568a3b8b64b89be9538,buy,0x540449e4d172cd9491c76320440cd74933d5691a,0xb1e81301e3865e23fb8adc13d49d59b3c85f2c09659f941254188ee761cb6325
248,293,0.10255,0xcaf7d3b5306b307c3854c321896f762f9403450e,2017-10-24T01:56:13.000Z,0.00035,0x8c31fa3daa6ac0cb7d4cc12f788b813a551b65d3,sell,0x540449e4d172cd9491c76320440cd74933d5691a,0x5fd83378686a59b0ab408469b598636ea1c6ea0bb962ef3c6abf3e4618d43444
249,280,0.14,0x6329bc728290ab5b95ee9ab5256de0447e88c4c5,2017-10-23T21:54:43.000Z,0.0005,0x890b92db98aa451e5da9aa86dba36473a066c05f,buy,0x540449e4d172cd9491c76320440cd74933d5691a,0xf91479d0193865981ff2424582074be71ecb1e25c09a002a5bb10f39c1f112fc
250,2816.3969693948757,1.408198484697438,0xf203d8dfa8f48f7f5c0104d783a5a6178e375897,2017-10-23T21:49:32.000Z,0.0005,0x890b92db98aa451e5da9aa86dba36473a066c05f,buy,0x540449e4d172cd9491c76320440cd74933d5691a,0x25aa961fdbc2cb9964182898f5747414a79b08765a95a60fb2dd7c0851376cd8
251,1286,0.5787,0xf203d8dfa8f48f7f5c0104d783a5a6178e375897,2017-10-23T21:47:18.000Z,0.00045,0xcbd9156f7d2283b3220acbaa96453e4d995ead6d,buy,0x540449e4d172cd9491c76320440cd74933d5691a,0x05435bb9ed5937582b67aba0637e2528dfc1b65f6fb55072438b9cfa18f71079
252,1500,0.675,0x6329bc728290ab5b95ee9ab5256de0447e88c4c5,2017-10-23T21:37:07.000Z,0.00045,0xcbd9156f7d2283b3220acbaa96453e4d995ead6d,buy,0x540449e4d172cd9491c76320440cd74933d5691a,0x89b55ade54861c226f057070e1f8bb20a1fa2704b2e45e6463bc8e84b0134256
253,315,0.1575,0xc020e86f05c35c43114e950366bfe4713c917abc,2017-10-23T20:23:34.000Z,0.0005,0x890b92db98aa451e5da9aa86dba36473a066c05f,buy,0x540449e4d172cd9491c76320440cd74933d5691a,0xae1fbacfcff86234354f09c6350f0cccf23d36ccfe97851a5a624c1980fb1d45
254,300,0.21,0x4ec8264b52c79d09b613688369503a50af302241,2017-10-23T19:09:40.000Z,0.0007,0x890b92db98aa451e5da9aa86dba36473a066c05f,buy,0x540449e4d172cd9491c76320440cd74933d5691a,0xdff800a52beae992337f2bec4a425dba09b79350fcddb7bdae8521f736a110da
255,2730,0.9555,0x5d79669ddf5d8193d9a7d2e5c7698174b8281e61,2017-10-23T18:18:51.000Z,0.00035,0xcadb06be92bbcc0243e979e807c88b361dbf4556,buy,0x540449e4d172cd9491c76320440cd74933d5691a,0x541c6cd81ee635ae428628ff6ce389573464fd436ee8596c7eeaf5555891c12e
256,1228.8656089200401,0.39938132289901307,0xeba98cbfe57fdda09a9473b899892867ec9750d0,2017-10-23T17:21:40.000Z,0.000325,0xca46904d366193d2035bf84b77259dc970120875,buy,0x540449e4d172cd9491c76320440cd74933d5691a,0x6b747751a02302bd54a6307712c9ac1d9dc6be6b6f54107588a657bcfa07f520
257,900,0.2925,0xeba98cbfe57fdda09a9473b899892867ec9750d0,2017-10-23T17:10:23.000Z,0.000325,0xca46904d366193d2035bf84b77259dc970120875,buy,0x540449e4d172cd9491c76320440cd74933d5691a,0x8f287734b673fedce4fc16183485028dc7faddb9cc7336733742389537edd60b
258,2992.99,0.89789400701,0xeba98cbfe57fdda09a9473b899892867ec9750d0,2017-10-23T17:07:06.000Z,0.000299999,0x6c8e45ad14b64fda96cf911a0304fe7e24f16ecb,buy,0x540449e4d172cd9491c76320440cd74933d5691a,0xf81088d4743ff52f913d85b6cedf88ab9a40a0bd3a0c94aea65b97ecec75719c
259,100,0.086802,0xeba98cbfe57fdda09a9473b899892867ec9750d0,2017-10-23T17:00:30.000Z,0.00086802,0xd8355f3eaab3b999d14237b878848c336780a2fb,buy,0x540449e4d172cd9491c76320440cd74933d5691a,0x5933f140b49beda28794b627a1c9fefc47709dee2e7c34f7076ec246f86ca134
260,1795.6335360382814,0.4788344125211843,0x770910cb109a800a95ee58a1d9f64eccec092c43,2017-10-23T16:34:27.000Z,0.000266666,0xd4149907c84dea9a9b405c552f9446ac5660bbff,sell,0x540449e4d172cd9491c76320440cd74933d5691a,0x5e6f3e4cceb31dad1d0d59acfc94e305bffb0491d5c39c3dc41a3319e489430d
261,0.0001,0.000000642,0x3655f0eb5edc49d7be2b3338a3fd641dbdc53798,2017-10-23T16:34:27.000Z,0.00642,0x25b0907e8a539634554ca19887a4e4bde3e24a73,buy,0x540449e4d172cd9491c76320440cd74933d5691a,0xd366aee22efaa17095cfa9bc553e81e54b8fa33f1e081def4189945d9a3bb4ee
262,7,0.002099993,0x3b993687594c690744fa5fae34b37d5e52ed8f0b,2017-10-23T16:24:21.000Z,0.000299999,0x6c8e45ad14b64fda96cf911a0304fe7e24f16ecb,buy,0x540449e4d172cd9491c76320440cd74933d5691a,0x9ba687f9b9307cdf5d6694fef104eb6a0292671d78324f340c3d290358d0b83a
263,0.00997,0.001994,0x14c2cf46668cd47b70b65e163012ac31a8bf9736,2017-10-23T15:56:06.000Z,0.2,0x273a5d3e6721b9f5c1a6474f560c1334c63dda01,sell,0x540449e4d172cd9491c76320440cd74933d5691a,0x6560590c2aabf377f0bcb3162e53de36bace1aae4d922a3b34a01f36f22a8858
264,0.01,0.00000299999,0x273a5d3e6721b9f5c1a6474f560c1334c63dda01,2017-10-23T15:56:06.000Z,0.000299999,0x6c8e45ad14b64fda96cf911a0304fe7e24f16ecb,buy,0x540449e4d172cd9491c76320440cd74933d5691a,0x6560590c2aabf377f0bcb3162e53de36bace1aae4d922a3b34a01f36f22a8858
265,0.001,0.00000642,0x8c31fa3daa6ac0cb7d4cc12f788b813a551b65d3,2017-10-23T14:49:19.000Z,0.00642,0x25b0907e8a539634554ca19887a4e4bde3e24a73,buy,0x540449e4d172cd9491c76320440cd74933d5691a,0xc6513b28e3b83767e1f498f947d6347110dcbc7c5e204213b78f06cce469cd64
266,2151.62169808734,0.5744829933893197,0xd0c23775bea3d5082b8d7b709cf121648645b9f3,2017-10-23T13:44:42.000Z,0.000267,0x9313295f634ce375271dbc6781b5fb94169177fa,sell,0x540449e4d172cd9491c76320440cd74933d5691a,0x7bcc351b2a671490854597c4c4dafd29fa8a554d9a253cc0bc49316b43dec6df
267,7818.253514106271,2.1109284488086932,0x7c21d07deefa8e271980e5c9f994ad2e4f7663e0,2017-10-23T13:43:57.000Z,0.00027,0x9313295f634ce375271dbc6781b5fb94169177fa,sell,0x540449e4d172cd9491c76320440cd74933d5691a,0x8fd7ad518171f7188048cc18ed4f9ac2cd2eac44d7d8954ffc35465a9ffe73d8
268,503.77928421892136,0.13602040673910876,0x7c21d07deefa8e271980e5c9f994ad2e4f7663e0,2017-10-23T13:04:35.000Z,0.00027,0xf78999d7ea65487d738a2cc0cc5dca706e2d723a,sell,0x540449e4d172cd9491c76320440cd74933d5691a,0x3e71da37b3920aea19d7e8b0690f6863804b2fa7a0090078aaab1eb8d410151f
269,553,0.152075,0x8c31fa3daa6ac0cb7d4cc12f788b813a551b65d3,2017-10-23T13:00:23.000Z,0.000275,0xf78999d7ea65487d738a2cc0cc5dca706e2d723a,sell,0x540449e4d172cd9491c76320440cd74933d5691a,0x833f87c265df939c9dc3217987c93b10c1a8ef24ef8bb656e07046ed92152edb
270,2679.692951849267,0.7235170969993021,0x7c21d07deefa8e271980e5c9f994ad2e4f7663e0,2017-10-23T12:35:08.000Z,0.00027,0x32b053dbec4e70da61fa6da70ef4bf0d86160ef5,sell,0x540449e4d172cd9491c76320440cd74933d5691a,0xe8ebb730aa5fa20257ed708e8d2d094511590974d516018393589e43e0485ba2
271,297.27424982554083,0.08026404745289602,0x7c21d07deefa8e271980e5c9f994ad2e4f7663e0,2017-10-23T11:40:24.000Z,0.00027,0x1be5e64f9d12be1319c841b946d59f444c61b9a5,sell,0x540449e4d172cd9491c76320440cd74933d5691a,0x3b8e77be8864bab5acecd286854ee4e0660c1142794dedec4535671dc73dfd65
272,600,0.1626,0xd98a3954353055ab642c9159c7f3b25dac2dc29b,2017-10-23T11:38:38.000Z,0.000271,0x1be5e64f9d12be1319c841b946d59f444c61b9a5,sell,0x540449e4d172cd9491c76320440cd74933d5691a,0x79a437dcb4dde90e0c2c0d4f56cc0fe3a9a5002ec7959fb6f27eaa257bb8dad4
273,15,0.0048735,0x39e828fed299d91984925307e1cbafce807cc420,2017-10-22T22:21:57.000Z,0.0003249,0x32b053dbec4e70da61fa6da70ef4bf0d86160ef5,buy,0x540449e4d172cd9491c76320440cd74933d5691a,0x466d4ff8e6815446d168b09288082fbf0f0fb310a36dd925d87b58fcdd101bd8
274,0.7916647971256646,0.000184721522107722,0x770910cb109a800a95ee58a1d9f64eccec092c43,2017-10-22T20:55:34.000Z,0.0002333329999999991,0x136189e2edd46d3d181109df2d71bfd5f1ba1ccf,sell,0x540449e4d172cd9491c76320440cd74933d5691a,0xb51bbf7c0fa6ac92c22e54748f92132305c8b52fb4bae5e2ab02d7c6fb69691e
275,7941.189579967542,2.120297617851334,0xd0c23775bea3d5082b8d7b709cf121648645b9f3,2017-10-22T20:54:00.000Z,0.000267,0x136189e2edd46d3d181109df2d71bfd5f1ba1ccf,sell,0x540449e4d172cd9491c76320440cd74933d5691a,0x6274ff46bbd7e42c31e5f0e151eb4381503b266803bcb948cffbde333616df4c
276,125.176,0.033421992,0xd0c23775bea3d5082b8d7b709cf121648645b9f3,2017-10-22T20:51:34.000Z,0.000267,0x136189e2edd46d3d181109df2d71bfd5f1ba1ccf,sell,0x540449e4d172cd9491c76320440cd74933d5691a,0xadcb2c2d0f11837f9f7348d66779c3ca5f4a24082e29df3be806444e685c9123
277,33.7165,0.01011495,0x97b2b50ea3a1d6b45050cde95eb59f7ce6def888,2017-10-22T20:50:35.000Z,0.0003,0x136189e2edd46d3d181109df2d71bfd5f1ba1ccf,sell,0x540449e4d172cd9491c76320440cd74933d5691a,0xa00a62c6eee62f1864f9f4360a526a4a7556c71c174e9c9b598d9096d808727e
278,10000,3,0xbd4d43682374570416cb764921b697bc9d087243,2017-10-22T20:50:02.000Z,0.0003,0x136189e2edd46d3d181109df2d71bfd5f1ba1ccf,sell,0x540449e4d172cd9491c76320440cd74933d5691a,0x73f388c4294cc4e22d272f00800a6d5c8045ede6025cf89b3d08ec3455748cc1
279,20.436646396171867,0.006253613797228591,0x97b2b50ea3a1d6b45050cde95eb59f7ce6def888,2017-10-22T20:49:19.000Z,0.00030599999999999996,0x136189e2edd46d3d181109df2d71bfd5f1ba1ccf,sell,0x540449e4d172cd9491c76320440cd74933d5691a,0x082b143fb6ebbc0d1a8d2471162b9ebb4c186a63850593f37b571a204716eedc
280,300,0.09747,0x19230915969e4bd6d27d2087ce047e65f1df2560,2017-10-22T19:01:02.000Z,0.0003249,0x32b053dbec4e70da61fa6da70ef4bf0d86160ef5,buy,0x540449e4d172cd9491c76320440cd74933d5691a,0xd7f6ddc3a57e428fcff04dc6a51263a218436e1f4e90729267e41c89adeac0c1
281,50,0.016245,0xdb326494fda94d80201737eda03294deeba48088,2017-10-22T18:47:16.000Z,0.0003249,0x32b053dbec4e70da61fa6da70ef4bf0d86160ef5,buy,0x540449e4d172cd9491c76320440cd74933d5691a,0x69eb7dc517a380864ba6e0b1718d29ea2d8b91925474957509dcd8f801398f74
282,220,0.071478,0xdb326494fda94d80201737eda03294deeba48088,2017-10-22T18:41:41.000Z,0.0003249,0x32b053dbec4e70da61fa6da70ef4bf0d86160ef5,buy,0x540449e4d172cd9491c76320440cd74933d5691a,0xeb75949e49defb7f70b62f422f343523dc0d786b14cf5f15a7658975b8bb997e
283,3500,1.13715,0xdb326494fda94d80201737eda03294deeba48088,2017-10-22T18:37:54.000Z,0.0003249,0x32b053dbec4e70da61fa6da70ef4bf0d86160ef5,buy,0x540449e4d172cd9491c76320440cd74933d5691a,0xb5228e90f4296b0200934e5eae847abb203f24ee767832d9d63c8cfc7bf1a573
284,500,0.16245,0xdb326494fda94d80201737eda03294deeba48088,2017-10-22T18:28:18.000Z,0.0003249,0x32b053dbec4e70da61fa6da70ef4bf0d86160ef5,buy,0x540449e4d172cd9491c76320440cd74933d5691a,0x5b309b7b4a5cfb46ca72f8660efc574542e8e9891336a971d0b9ceacc0f18180
285,250,0.081225,0xdb326494fda94d80201737eda03294deeba48088,2017-10-22T18:08:05.000Z,0.0003249,0x32b053dbec4e70da61fa6da70ef4bf0d86160ef5,buy,0x540449e4d172cd9491c76320440cd74933d5691a,0x8feb02b4a3b2a2b26dd271d7b50c7e22c2394899e4b3a34c3d3d973f38694248
286,797.5276642408534,0.24404346525770113,0x97b2b50ea3a1d6b45050cde95eb59f7ce6def888,2017-10-22T17:46:40.000Z,0.000306,0x3655f0eb5edc49d7be2b3338a3fd641dbdc53798,sell,0x540449e4d172cd9491c76320440cd74933d5691a,0x2386ee7ad56350fdac4c723ecb76d1b2f7d5b3387d2ce21302a87a8aef64f872
287,2182.0356893629746,0.6677029209450703,0x97b2b50ea3a1d6b45050cde95eb59f7ce6def888,2017-10-22T17:43:05.000Z,0.000306,0x722e895a12d2a11be99ed69dbc1fedbb9f3cd8fe,sell,0x540449e4d172cd9491c76320440cd74933d5691a,0x89a4d9a4d76b2c67b15eee275b0e2ad6cbdf31db4d0fc8c162f37d69771dcdd4
288,825.1343910799599,0.26816867710098696,0xa737696d31737cd97455a8b2c5ef6ab4858a801d,2017-10-22T17:18:48.000Z,0.000325,0xca46904d366193d2035bf84b77259dc970120875,buy,0x540449e4d172cd9491c76320440cd74933d5691a,0xd9bac618fd9db7c99de5b238e7c729ac4086fa7778434aa14096b4dc367684f4
289,4745.92762436447,1.423778287309341,0x7c21d07deefa8e271980e5c9f994ad2e4f7663e0,2017-10-22T16:41:48.000Z,0.0003,0x764c8bed76aa5fc621d43150797a80b21b371eea,sell,0x540449e4d172cd9491c76320440cd74933d5691a,0x5ebf86f103dc09f30a92ab3d75030f840e2950d0e62f2d68a5ca8794eda26432
290,2736,0.8208,0xc46e1c14006f93036f1ceb8008c805b0048535e4,2017-10-22T13:22:57.000Z,0.0003,0x1d5583ac7127d336a28fd931bfad726eac43349f,buy,0x540449e4d172cd9491c76320440cd74933d5691a,0x0088d5f0460d07991378dc9d6c4f446eb959ec25bac7cda523e6ada1b2714b39
291,3000.29907287409,0.8010798524573821,0xd0c23775bea3d5082b8d7b709cf121648645b9f3,2017-10-22T11:39:06.000Z,0.000267,0xef0d515a64385ce17546021662d8e42528eff9f2,sell,0x540449e4d172cd9491c76320440cd74933d5691a,0x92c1d77288d3cb94458564cda2253b57b02c3a71e6ef94799ca20aef8f014001
292,5632.541414507063,1.5038885576733858,0xd0c23775bea3d5082b8d7b709cf121648645b9f3,2017-10-22T11:13:59.000Z,0.000267,0x5fe478a0f2ad3ff6c7cb95a723bc2a55115d3ffb,sell,0x540449e4d172cd9491c76320440cd74933d5691a,0xe59404894d93f0071f011e82a9ed205dd4e11f794618b34b9986bd984046ad63
293,16150,4.6835,0x3b993687594c690744fa5fae34b37d5e52ed8f0b,2017-10-22T11:04:16.000Z,0.00029,0x5fe478a0f2ad3ff6c7cb95a723bc2a55115d3ffb,buy,0x540449e4d172cd9491c76320440cd74933d5691a,0x6e5486142babb5e352013842ad05d02095241956b95975b2251c89c0899f4ddb
294,4284.2200606690685,1.1438867561986414,0xd0c23775bea3d5082b8d7b709cf121648645b9f3,2017-10-22T10:42:00.000Z,0.000267,0xdd0e82f9dc6ce0e71455b7bd0e176c08b5abc9f0,sell,0x540449e4d172cd9491c76320440cd74933d5691a,0x37ec833eeb6af590cd04b276237d25fd7214d569473f31248a7e4e08fdcbe05f
295,3500,0.945,0x980bc6887385e82807e59f6858f518e3cfae1bd8,2017-10-22T10:39:28.000Z,0.00027,0xdd0e82f9dc6ce0e71455b7bd0e176c08b5abc9f0,sell,0x540449e4d172cd9491c76320440cd74933d5691a,0xe5516f20e8d6728f911a7a4ddcc9c14518fbfdd3fa46fa6c27a9bfb0894fe560
296,1363.7723058518593,0.3636717057122919,0x770910cb109a800a95ee58a1d9f64eccec092c43,2017-10-22T10:19:27.000Z,0.000266666,0xc5be900a4362408e052ff6710d87c3a238cc8cca,sell,0x540449e4d172cd9491c76320440cd74933d5691a,0xe6e818fbffdd7e2a20f2530f2b220c539947106c22b0670359e36a41ddaa34ea
297,19720.8,5.719032,0x770910cb109a800a95ee58a1d9f64eccec092c43,2017-10-22T08:10:31.000Z,0.00029,0x65eb3bcb984ad4a14483440bb47e5ebb33242382,buy,0x540449e4d172cd9491c76320440cd74933d5691a,0xc96d2ae91fe1e5543b76ab75a3074ef8736e3feccea07ff93d75bc41e28882e6
298,2784.821598499198,0.9189911275047353,0x94187adb9ec1c14fec9b73595ddc6830c45e4df0,2017-10-22T07:05:49.000Z,0.00033,0x136189e2edd46d3d181109df2d71bfd5f1ba1ccf,buy,0x540449e4d172cd9491c76320440cd74933d5691a,0x62da4a012e9ffecac6cd2c303a8d5746f7ea0ed8815fc82121a484768b51bfb4
299,98.571,0.03449985,0x770910cb109a800a95ee58a1d9f64eccec092c43,2017-10-22T05:30:38.000Z,0.00035,0xdd0e82f9dc6ce0e71455b7bd0e176c08b5abc9f0,buy,0x540449e4d172cd9491c76320440cd74933d5691a,0xba703f8bb72bc0f256777f81ddcacedac97754ac71f06f9caf0dc78c234ee9cc
300,98.571,0.03449985,0x770910cb109a800a95ee58a1d9f64eccec092c43,2017-10-22T05:30:08.000Z,0.00035,0xdd0e82f9dc6ce0e71455b7bd0e176c08b5abc9f0,buy,0x540449e4d172cd9491c76320440cd74933d5691a,0xe9eb3ac17387d753777c15d51364502beadb1e031e6f65301e7fe2b0e09489a3
301,100,0.035,0x770910cb109a800a95ee58a1d9f64eccec092c43,2017-10-22T05:29:37.000Z,0.00035,0xdd0e82f9dc6ce0e71455b7bd0e176c08b5abc9f0,buy,0x540449e4d172cd9491c76320440cd74933d5691a,0x54e856c38d77b87d5ae30bd901a70cbd2fae4baa9c0cdc745ef8f5c7ccf75176
302,95.714,0.0334999,0x770910cb109a800a95ee58a1d9f64eccec092c43,2017-10-22T05:29:37.000Z,0.00035,0xdd0e82f9dc6ce0e71455b7bd0e176c08b5abc9f0,buy,0x540449e4d172cd9491c76320440cd74933d5691a,0xfae04a2676722bfea6201139637c28ce0663c66ef5894f50c4b48f34cdb24928
303,10000,2.5,0x770910cb109a800a95ee58a1d9f64eccec092c43,2017-10-22T04:52:01.000Z,0.00025,0x8fe9885a530c164e799f6309de85702f5c91947d,buy,0x540449e4d172cd9491c76320440cd74933d5691a,0x395d1c3485a1888da8d4ff4ca70fce437c6117b0f031fcb44afa5938dda9c316
304,2292.8920346924533,0.5044362476323397,0x06811a2b589d9a80d20925ab683a32ef796b4648,2017-10-22T03:24:51.000Z,0.00021999999999999998,0xaa1d8404ceb17d991b7dc59c323bca9bcbe1ee82,sell,0x540449e4d172cd9491c76320440cd74933d5691a,0x1f791d84e06d5f2f8b66ff2b3bcc038544fbb14c1fff3a5c6c0760453f196c6b
305,16500,3.3,0x6e323a63a5137f4099113a4c9630965418845c37,2017-10-22T01:08:06.000Z,0.0002,0x65eb3bcb984ad4a14483440bb47e5ebb33242382,sell,0x540449e4d172cd9491c76320440cd74933d5691a,0xb9504e98fce35f11c352d9c88a83324efbc3e88c4104e16b7623bab8ee1cf7ae
306,10,0.0021,0xf75ad134742f932841d39c0fd28a71c11569bdc6,2017-10-22T01:07:05.000Z,0.00021,0x65eb3bcb984ad4a14483440bb47e5ebb33242382,sell,0x540449e4d172cd9491c76320440cd74933d5691a,0x8894000f32210941cffc41be763d6accc53863c0029084ccb4cd311211f65a76
307,487.62295065385035,0.12190573766346259,0x45bf821edd049a39549c2637eab76832d8cb4f96,2017-10-22T01:06:30.000Z,0.00025,0x65eb3bcb984ad4a14483440bb47e5ebb33242382,sell,0x540449e4d172cd9491c76320440cd74933d5691a,0x841c2433ca7d42b48b48c59a57ac85d0258ef45fdcc9e30b50655799f372eb37
308,200,0.05,0xc2ef3492077355a26a7bd24386a15e1346c07ef0,2017-10-22T01:06:30.000Z,0.00025,0x65eb3bcb984ad4a14483440bb47e5ebb33242382,sell,0x540449e4d172cd9491c76320440cd74933d5691a,0x918b6a5357b7c263fa6a724762491b4b6300d15cf37c1a36f780c4d18aedd9c9
309,10000,2.1001,0x8fe9885a530c164e799f6309de85702f5c91947d,2017-10-22T01:05:30.000Z,0.00021001,0x65eb3bcb984ad4a14483440bb47e5ebb33242382,sell,0x540449e4d172cd9491c76320440cd74933d5691a,0xf8bb368694a7a4d3b3555591ae684ee48dda5aa93d128ed1864e18ab6da18db1
310,0.114,0.0000285,0x45bf821edd049a39549c2637eab76832d8cb4f96,2017-10-22T01:02:22.000Z,0.00025,0x73a782e0da83f7de49b93cde617df6f141cc2254,sell,0x540449e4d172cd9491c76320440cd74933d5691a,0xbd72fb543a8e029ef6323b836921134016b8e7d4b936c7288d447f7c2df1a28d
311,1144.403414215056,0.286100853553764,0x45bf821edd049a39549c2637eab76832d8cb4f96,2017-10-22T01:01:33.000Z,0.00025,0x73a782e0da83f7de49b93cde617df6f141cc2254,sell,0x540449e4d172cd9491c76320440cd74933d5691a,0xc9c1b5d8fea0d9e9ffe589e153a7ef0f2da397ea919c97c933b4305b3ddaa619
312,25,0.006275,0xf75ad134742f932841d39c0fd28a71c11569bdc6,2017-10-22T00:57:45.000Z,0.000251,0x73a782e0da83f7de49b93cde617df6f141cc2254,sell,0x540449e4d172cd9491c76320440cd74933d5691a,0x76fb73f8dc6edb831056fbc4b981c507b073b3f890c56a33706a6f7de00d7cb8
313,1.4285714285714286,0.0005,0x42c24a83bded723edfdf5883bc7efb30bc1a1bf3,2017-10-21T23:23:42.000Z,0.00035,0xdd0e82f9dc6ce0e71455b7bd0e176c08b5abc9f0,buy,0x540449e4d172cd9491c76320440cd74933d5691a,0x433ec3fd226a9c58ce9b902fbb90a22a161a7f1b5e46c2dcc3326387c8273259
314,1.4285714285714286,0.0005,0x379374d13077e8867ef31803c37baf9785a17c00,2017-10-21T23:23:07.000Z,0.00035,0xdd0e82f9dc6ce0e71455b7bd0e176c08b5abc9f0,buy,0x540449e4d172cd9491c76320440cd74933d5691a,0x6269e17c93b1340f258898d9f1cd100ace27f6a722445fa1e9bb00da8e9fe116
315,1.4285714285714286,0.0005,0xcd912af5286dc0b0a23edb30209734ecb60838b3,2017-10-21T23:21:39.000Z,0.00035,0xdd0e82f9dc6ce0e71455b7bd0e176c08b5abc9f0,buy,0x540449e4d172cd9491c76320440cd74933d5691a,0x1b2c93d74d1efac3b6a162edb960e6a9accfec8f8751a9d42af4677a02afcb9a
316,1.4285714285714286,0.0005,0xf9695cd65d6dfdf257fab76a3eb0cb8f001971cc,2017-10-21T23:18:05.000Z,0.00035,0xdd0e82f9dc6ce0e71455b7bd0e176c08b5abc9f0,buy,0x540449e4d172cd9491c76320440cd74933d5691a,0x89ee76b72d3c7e3a6140ea62d1198966a3b68b920167b58528b02b4fe01495ac
317,1.4285714285714286,0.0005,0x16e5d97bbc92417e051e3b2cabfbf8ceea2acb9c,2017-10-21T23:17:09.000Z,0.00035,0xdd0e82f9dc6ce0e71455b7bd0e176c08b5abc9f0,buy,0x540449e4d172cd9491c76320440cd74933d5691a,0xe4d41f4288f4a44fba4af14fd22cfa5ce6af90a0ea0f1304a46a8371b72513e8
318,3330,0.999,0x108774a7793112043174cbc9b433d00c37453342,2017-10-21T22:23:54.000Z,0.0003,0xa0bb2ddb75db32413fc65982e75113a286c68d44,sell,0x540449e4d172cd9491c76320440cd74933d5691a,0x2e37f7060675db3f2622625787b1d2c6e7dcc96845a0e0a1118a64b2c249b0de
319,22.928920346924535,0.005732230086731133,0x45bf821edd049a39549c2637eab76832d8cb4f96,2017-10-21T12:03:52.000Z,0.00024999999999999995,0x5fe478a0f2ad3ff6c7cb95a723bc2a55115d3ffb,sell,0x540449e4d172cd9491c76320440cd74933d5691a,0xfaa58956039952061e9b472cf97068abb1f3994df7b383aef0246d63161c7809
320,344.9307147841691,0.08623267869604227,0x45bf821edd049a39549c2637eab76832d8cb4f96,2017-10-21T11:29:33.000Z,0.00025,0x65eb3bcb984ad4a14483440bb47e5ebb33242382,sell,0x540449e4d172cd9491c76320440cd74933d5691a,0xb136714d3bc6e3efb62ac00fb09fc8d1d1b0db5ae622ada53bf44bdff3f780a0
321,1,0.00055,0x3ac636ac5c3a2576156ac5f10066ca68abe0ad54,2017-10-21T11:19:26.000Z,0.00055,0x66b3362085b043325c49f568a3b8b64b89be9538,buy,0x540449e4d172cd9491c76320440cd74933d5691a,0xbe22dc39ca666ec2aa5c4d2727eed14c2b60af9cbb74fa9c11910a6adebe8b12
322,1500.6479912271957,0.5004661050742698,0x45bf821edd049a39549c2637eab76832d8cb4f96,2017-10-21T11:18:45.000Z,0.0003335,0x73a782e0da83f7de49b93cde617df6f141cc2254,sell,0x540449e4d172cd9491c76320440cd74933d5691a,0xac17a9662749e1f97bf5f67eb66bae125f0f2865090927fd6485011b563620d3
323,1499.3520087728043,0.5000338949257302,0x45bf821edd049a39549c2637eab76832d8cb4f96,2017-10-21T08:22:49.000Z,0.0003335,0xaa3ca460356d7052322e40db74cca067eff12abc,sell,0x540449e4d172cd9491c76320440cd74933d5691a,0x01008216d0a537ffe1ddee83ce81b30fb2a03f7e57ef9848be4ceb36a4728eb5
