,amount,amountBase,buyer,date,price,seller,side,tokenAddr,txHash
0,113.63636363636364,0.0005,0x4fda9e6bcd83af6c5cc771b5d20accc2b7720074,2017-11-02T10:01:21.000Z,0.0000044,0xec908b51478c3c357ff26f6988adc89e490d226e,buy,0x84c2c31c04339c9938adfe3f8013315c8906f071,0xdfe12f8f97347ddd60b2483965807eb427190bc28e54cc2dd41495e55de01254
1,113.63636363636364,0.0005,0x3075f7f189912f4f425dd7021b9c396434197477,2017-11-02T09:48:51.000Z,0.0000044,0xec908b51478c3c357ff26f6988adc89e490d226e,buy,0x84c2c31c04339c9938adfe3f8013315c8906f071,0xc3c76559fd4c4b9dd16cbcab14fb0a58c4dd778ef479ce48ad1639c8bd45ed88
2,1901.7711760210016,0.002091948293623101,0xea77e83c306f3e3f4654e2b2e272306efc94c9bd,2017-11-01T12:09:23.000Z,0.00000109999999999999,0x5b9cd3d32147053b02744e78a50b359fc8d8b839,sell,0x84c2c31c04339c9938adfe3f8013315c8906f071,0x08b046a80320c21502e2ccb882a994bac3b2cba67958b48ebe0e16506ee5cf8d
3,83.33333333333333,0.0005,0x42c24a83bded723edfdf5883bc7efb30bc1a1bf3,2017-10-31T12:31:48.000Z,0.000006,0x5b9cd3d32147053b02744e78a50b359fc8d8b839,buy,0x84c2c31c04339c9938adfe3f8013315c8906f071,0xb8c6cf437471df7738f96e4013ecc10f3afdc2e05070df40c99bc3d6f34662d6
4,3000,0.00333,0xdbbae39c54992479faac890e81eb4d8579b951d6,2017-10-31T11:41:27.000Z,0.00000111,0x5b9cd3d32147053b02744e78a50b359fc8d8b839,sell,0x84c2c31c04339c9938adfe3f8013315c8906f071,0x473340ad47f0da0608521f2a57a5295842682cf1c6a835deae5e6dacac67b956
5,119906.06918552487,0.11990606918552488,0x3c6438ddd1bca543953327b2cc6391df60a63982,2017-10-31T01:06:59.000Z,0.00000099999999999999,0xa7622a77bf13ba8dc6c37d1edd278346a7e0c174,sell,0x84c2c31c04339c9938adfe3f8013315c8906f071,0xc36da016bd2331a8a46c59e58f2e7a0fc592c682fc09df61116a262e76f9c149
6,50.01000200040008,0.0005,0xe444a40689f51f63bcd29910622035707d533d29,2017-10-30T02:43:20.000Z,0.000009998,0xec908b51478c3c357ff26f6988adc89e490d226e,buy,0x84c2c31c04339c9938adfe3f8013315c8906f071,0x3727da22975ea9edda3829d6891cb9fcce0810aa9b805bf0a87c4a48ddb8c28d
7,50.01000200040008,0.0005,0xf9695cd65d6dfdf257fab76a3eb0cb8f001971cc,2017-10-30T02:34:31.000Z,0.000009998,0xec908b51478c3c357ff26f6988adc89e490d226e,buy,0x84c2c31c04339c9938adfe3f8013315c8906f071,0xbc718d19e179008fea0cdd656008c3c7ad46ffa58a26e32f628fa2d36dbb7541
8,50.01000200040008,0.0005,0x34f9560c63078eb61872a4dc2ccd20e21c34feaf,2017-10-30T02:32:11.000Z,0.000009998,0xec908b51478c3c357ff26f6988adc89e490d226e,buy,0x84c2c31c04339c9938adfe3f8013315c8906f071,0x64a096387b15e85687b1c5e9e4e9457d62c80abdaecba1c6782d2705481de60c
9,4984.547901505333,0.001595055328481706,0x5d26ca4ee3be471a4c5eeccb3bac220603387c77,2017-10-30T01:32:31.000Z,0.00000031999999999999,0x0f823a5ff52a4822634f0c3ccd723f4f294f1804,sell,0x84c2c31c04339c9938adfe3f8013315c8906f071,0xdac337d07645f6b81fd7115af869045b61d621716531a25c63d5288237f74bce
10,9701,0.0087309,0x8b182a4526944fa498970732a69a95d281c3c8a9,2017-10-29T05:43:13.000Z,0.0000009,0x4e61303947c87dc677187ac5f72c71e24c02b861,buy,0x84c2c31c04339c9938adfe3f8013315c8906f071,0x1bd28184887bb0f0fb036dda0e18515a0018cdaf6665e82e8ac8c5e67b51d424
11,0.4969143556480245,0.000001291977324684,0xee72cd07a36d08f5fafff2214857a8221a3314be,2017-10-27T18:03:07.000Z,0.00000259999999999826,0xc2513ae473706983adcd0cdd1130a2aec195135c,sell,0x84c2c31c04339c9938adfe3f8013315c8906f071,0x4b2fae0aa1e84d67aadda30318ac6c0dc4edd83659896b809c72407fe5587dec
12,4984.547901505333,0.012959824543913867,0xee72cd07a36d08f5fafff2214857a8221a3314be,2017-10-27T18:02:58.000Z,0.00000259999999999999,0xc2513ae473706983adcd0cdd1130a2aec195135c,sell,0x84c2c31c04339c9938adfe3f8013315c8906f071,0xeff457210e366d9f35e5ca50d34044adeb754a238a9f015b9ba91be9e309c12c
13,905,0.003619095,0xa4252e82894d1f089d92399ff59bd848c9fc88d7,2017-10-27T16:28:43.000Z,0.000003999,0x2fc28a4f5840105132a4a06daa05be0a1c95cb90,sell,0x84c2c31c04339c9938adfe3f8013315c8906f071,0x1d31a05268b258d5235a5925bf77e3acb200ce1cb03148c800031d098b24f3cb
14,5000,0.02,0xdbbae39c54992479faac890e81eb4d8579b951d6,2017-10-27T13:39:01.000Z,0.000004,0x4e61303947c87dc677187ac5f72c71e24c02b861,sell,0x84c2c31c04339c9938adfe3f8013315c8906f071,0xc23111d0a37b55a90f061707abc17e60257018895c9915037643a7928e488ccb
15,50000,0.2495,0xa4252e82894d1f089d92399ff59bd848c9fc88d7,2017-10-27T11:31:19.000Z,0.00000499,0x4e61303947c87dc677187ac5f72c71e24c02b861,sell,0x84c2c31c04339c9938adfe3f8013315c8906f071,0x9f946035b38d658234c7e800d6ebc4b06bb5a231bc47469bad9d13e430142ea5
16,45000,0.225,0xa4252e82894d1f089d92399ff59bd848c9fc88d7,2017-10-27T11:31:00.000Z,0.000005,0x4e61303947c87dc677187ac5f72c71e24c02b861,sell,0x84c2c31c04339c9938adfe3f8013315c8906f071,0xf6f98558138d35c1b2767a088a4a8417427b2a3d9694e33c9b8e72ce687a9af9
17,155.6,0.001359944,0xa4252e82894d1f089d92399ff59bd848c9fc88d7,2017-10-27T09:46:50.000Z,0.00000874,0xdbbae39c54992479faac890e81eb4d8579b951d6,buy,0x84c2c31c04339c9938adfe3f8013315c8906f071,0x2c2946a795fddf0f1e54f1505a669f2325a7fa3c26ee03dd61b8980ae2ccbeb1
18,15000,0.15,0xa4252e82894d1f089d92399ff59bd848c9fc88d7,2017-10-27T09:46:23.000Z,0.00001,0x25fe7d00c554af4012b7a7b6d0fe5cda8120928e,buy,0x84c2c31c04339c9938adfe3f8013315c8906f071,0xd3f6e8ab012ddd421f7f21d5e831cb82415279a1d5495bf311a9f05ceda5b14c
19,5000,0.024995,0xa4252e82894d1f089d92399ff59bd848c9fc88d7,2017-10-27T09:43:38.000Z,0.000004999,0x4e61303947c87dc677187ac5f72c71e24c02b861,buy,0x84c2c31c04339c9938adfe3f8013315c8906f071,0x0cad0ae8e7ee0c6ba842b99a1de5e23baf4123933d6aca035e8caffcea778ae5
20,5000,0.024995,0xa4252e82894d1f089d92399ff59bd848c9fc88d7,2017-10-27T09:43:38.000Z,0.000004999,0x4e61303947c87dc677187ac5f72c71e24c02b861,buy,0x84c2c31c04339c9938adfe3f8013315c8906f071,0x63180a9a2a5ddb2d193d5d9aa3f595614b0c3f9ad0275a18bf067985be4b3115
21,2500,0.01375,0xa4252e82894d1f089d92399ff59bd848c9fc88d7,2017-10-27T09:43:38.000Z,0.0000055,0x42c8883c430eb3524f2879b680a4dc2c4ddbfb46,buy,0x84c2c31c04339c9938adfe3f8013315c8906f071,0xd188f84928f002437d85fe383e2ba6b65c0f33d7718fbdc25a0141aaf06517e3
22,492.5,0.00221625,0xff6fc474f89473ddeaf5fec9dd73b94c5b863dc1,2017-10-27T07:32:33.000Z,0.0000045,0xb417fc8781bfd509b91c6360493535512b133481,buy,0x84c2c31c04339c9938adfe3f8013315c8906f071,0x4d4b54b56de4ae4091cdf6de385c49aef6f46483f213bf34acddd57752caf190
23,10000,0.04998,0x0b38cef547238e862017d01803baa9825581628a,2017-10-27T05:46:48.000Z,0.000004998,0x7d878c82755b4831bb18b5df0b8fdf1e82cd61a2,buy,0x84c2c31c04339c9938adfe3f8013315c8906f071,0xa37eeb7244f93b4563334b2775fe87db2971e8216b8e8a2f29a6ced81bf45ca8
24,797.5276642408534,0.002073571927026218,0xee72cd07a36d08f5fafff2214857a8221a3314be,2017-10-26T21:35:35.000Z,0.00000259999999999999,0xd960ae5f5294d1c06af036e78bcd9dca1e7840b8,sell,0x84c2c31c04339c9938adfe3f8013315c8906f071,0x4a30249e0153616f2d4fa611a8a6d01008076e5b55cf885c826d5e08af5202ab
25,7000,0.0175,0xa4252e82894d1f089d92399ff59bd848c9fc88d7,2017-10-26T08:35:53.000Z,0.0000025,0xdbbae39c54992479faac890e81eb4d8579b951d6,sell,0x84c2c31c04339c9938adfe3f8013315c8906f071,0x879defb19294535eb976e071313abc61c39344a3c4b816f2ec2a273d996ab495
26,2000,0.011,0xb85d14ab22a69276e57f24130ce4215e5ffe7dc0,2017-10-25T12:47:46.000Z,0.0000055,0xea3f533360920fb2497a6485913ba83d60cd07f3,buy,0x84c2c31c04339c9938adfe3f8013315c8906f071,0x159fefacdf354a65ec78e6f9da1108a5f71ae30c3e744ec8e361a77a43f1e966
27,5000,0.03,0x42c8883c430eb3524f2879b680a4dc2c4ddbfb46,2017-10-25T04:19:40.000Z,0.000006,0xdbbae39c54992479faac890e81eb4d8579b951d6,sell,0x84c2c31c04339c9938adfe3f8013315c8906f071,0x6abc27267dbbf25ecedc78e0c454c6fe48bb2fe52ac3d5e6839766ea235013de
28,2350,0.0205625,0x3e379f55f8faae407fae416f8ca096a82d2dee70,2017-10-23T23:24:51.000Z,0.00000875,0x0b7d16e5d41a8361ab37e36974e738cb2ea9cb9c,buy,0x84c2c31c04339c9938adfe3f8013315c8906f071,0xa42fe29f229794d952656edc5c11d25ac1bb17dc9480aa51fe4dd2fddf3ffca4
29,1111,0.0097768,0x54b59cbea68b581f1fa6ae1c3d5ea0643e8e2378,2017-10-23T15:23:36.000Z,0.0000088,0xec908b51478c3c357ff26f6988adc89e490d226e,buy,0x84c2c31c04339c9938adfe3f8013315c8906f071,0xe841b583603789d1596c6d44600a410b8c5a9a7a97a936af7c453f2515fe2161
30,300,0.0018,0xa0039cf454321b61bb7f12a81ff823c0fb26c748,2017-10-22T22:11:58.000Z,0.000006,0xeb89bd1689d51bdb2f16818e03f1e9944904b407,buy,0x84c2c31c04339c9938adfe3f8013315c8906f071,0xbcfc6b887c452b10f5015877b44ba276941fe545e52db13f114a8fbdf296bcae
31,30015,0.18039015,0x2e76f28d753b219b02037e5f40a5719ec7e4d493,2017-10-22T17:07:14.000Z,0.00000601,0xa11f36555b15d08f63fe4c1da229574871e1fdb1,sell,0x84c2c31c04339c9938adfe3f8013315c8906f071,0xd94b94adb68b4a8f44cec18f39b1656117da3e9587b6a1eb7fb6bb184fcc4eb0
32,44956.181,0.270231603991,0x3e379f55f8faae407fae416f8ca096a82d2dee70,2017-10-22T17:07:02.000Z,0.000006011,0xa11f36555b15d08f63fe4c1da229574871e1fdb1,sell,0x84c2c31c04339c9938adfe3f8013315c8906f071,0x069fa43813f4ea08895c6d023b0b5c25680ba16ad3bc3a355be17dc8b47b5e99
33,90000,0.5409,0x2e76f28d753b219b02037e5f40a5719ec7e4d493,2017-10-22T17:01:17.000Z,0.00000601,0xa11f36555b15d08f63fe4c1da229574871e1fdb1,sell,0x84c2c31c04339c9938adfe3f8013315c8906f071,0xa057544adafcf4b4feeeb18ea74a0995a950d3f7c02c95afa4e8c888756e95cc
34,1993.8186969168441,0.01198484418716715,0x3e379f55f8faae407fae416f8ca096a82d2dee70,2017-10-22T15:36:02.000Z,0.00000601099999999999,0x43808d5a5cc952c530ff9d0499fa0bfd8ff553bf,sell,0x84c2c31c04339c9938adfe3f8013315c8906f071,0x4f359a1ad5a535d9981947f4af3fe1f0a1579b6207c79cf60d1e1c1398f9be27
35,2800,0.0168308,0x3e379f55f8faae407fae416f8ca096a82d2dee70,2017-10-22T14:53:19.000Z,0.000006011,0xdbbae39c54992479faac890e81eb4d8579b951d6,sell,0x84c2c31c04339c9938adfe3f8013315c8906f071,0xb0110b3a91dc8503b2e0527f8ab5eefd8347ad5945ec0aa07125c679dc1dcae8
36,5000,0.025,0x273a5d3e6721b9f5c1a6474f560c1334c63dda01,2017-10-22T14:27:52.000Z,0.000005,0x1548c43c81e0ccb5a01b33f19708097cce3e82c6,buy,0x84c2c31c04339c9938adfe3f8013315c8906f071,0x46139cac3c223e8e3083470718c35e5f72b90bb016961ed4619a2357c27d014e
37,4985,0.02995985,0x2e76f28d753b219b02037e5f40a5719ec7e4d493,2017-10-22T14:27:52.000Z,0.00000601,0x273a5d3e6721b9f5c1a6474f560c1334c63dda01,sell,0x84c2c31c04339c9938adfe3f8013315c8906f071,0x46139cac3c223e8e3083470718c35e5f72b90bb016961ed4619a2357c27d014e
38,5000,0.015,0xdbbae39c54992479faac890e81eb4d8579b951d6,2017-10-22T11:30:12.000Z,0.000003,0xaacf497ba3ba1f5f88a78f5f0e962ba4f8dbe647,buy,0x84c2c31c04339c9938adfe3f8013315c8906f071,0x7d3c4fe9ccfbb718fd50b448ace35e3bcb32ab12cd0d100e530e5f273a4022b2
39,3000,0.006,0x304c929780c19ae230022779a75b451f63d4705f,2017-10-21T22:07:01.000Z,0.000002,0x3e379f55f8faae407fae416f8ca096a82d2dee70,sell,0x84c2c31c04339c9938adfe3f8013315c8906f071,0x34904789d7f54e98affaf963d7db5edd4a39dafbadf265700e3029a0a2c7019c
40,5227.778,0.0141150006,0x8a424781254908e4bc40db921f969218eef3c81a,2017-10-21T22:04:55.000Z,0.0000027,0x3e379f55f8faae407fae416f8ca096a82d2dee70,sell,0x84c2c31c04339c9938adfe3f8013315c8906f071,0x69d91f8e5f740ba196218cf595075d65ebb3af3610bf3cf1809c9dcd13526e52
41,200000,0.52,0xa11f36555b15d08f63fe4c1da229574871e1fdb1,2017-10-21T10:06:10.000Z,0.0000026,0x66a4e99923ff534c41936d0b28a13980b0a942f0,sell,0x84c2c31c04339c9938adfe3f8013315c8906f071,0x64ef5320106df7dbe0c3aa2daa1f6b41f5f680bd5abc07ddf8ad52ef03607935
42,573.2230086731133,0.001490953045558767,0x3e379f55f8faae407fae416f8ca096a82d2dee70,2017-10-20T21:54:14.000Z,0.00000260099999999999,0x717a6dcb1f178c83fe2ace641393fe1067501413,sell,0x84c2c31c04339c9938adfe3f8013315c8906f071,0x3b1491b82a94156999210a7a7b12cb34d9045c0b74c19cfe97a3f72a52352cce
43,142902.00379643892,0.28580400759287783,0x86ea1a9a2c42c28343bd0c7de8a60a1b9bf9c654,2017-10-19T18:44:04.000Z,0.00000199999999999999,0x9d78246b84a153d91b9f71381d93904c40fdbb03,sell,0x84c2c31c04339c9938adfe3f8013315c8906f071,0x9de10d6a2622bf76f964bc727f859a23305fed2527ffa22f8c9807f5cffb9d16
44,10000,0.0201,0xdbbae39c54992479faac890e81eb4d8579b951d6,2017-10-19T18:43:30.000Z,0.00000201,0x9d78246b84a153d91b9f71381d93904c40fdbb03,sell,0x84c2c31c04339c9938adfe3f8013315c8906f071,0xfc56f787289f202bc8462cf99f09d74b33eb81dd99035492d358a02038465617
45,1,0.00001888,0x6cdea8e07bf82d7a07dbf36642d6e5be8623845c,2017-10-19T15:54:37.000Z,0.00001888,0x0b7d16e5d41a8361ab37e36974e738cb2ea9cb9c,buy,0x84c2c31c04339c9938adfe3f8013315c8906f071,0xbab1e158fad9b3052fcf1ea4ce0f285ffe17cc926abf3d550a2cc30f86ce0be2
46,40000,0.755,0x3e379f55f8faae407fae416f8ca096a82d2dee70,2017-10-19T13:46:26.000Z,0.000018875,0x7d878c82755b4831bb18b5df0b8fdf1e82cd61a2,buy,0x84c2c31c04339c9938adfe3f8013315c8906f071,0xd203a58c7476d6137c29ad6ad62f71272cea2f9f0c188f380514ae056d063929
47,42387.679,0.720590543,0x3e379f55f8faae407fae416f8ca096a82d2dee70,2017-10-19T13:30:06.000Z,0.000017,0x3453011daa568b3fed926bb0cf5e0a7b62454c97,buy,0x84c2c31c04339c9938adfe3f8013315c8906f071,0x7d744f3339e16d3853aff9984d9ce1c5c3b7f57bf7159770b0fd4a1123fe4c53
48,2000,0.034,0x3e379f55f8faae407fae416f8ca096a82d2dee70,2017-10-19T12:18:13.000Z,0.000017,0xa01de6b319fc807f5810fb247deac2e3eee3059d,buy,0x84c2c31c04339c9938adfe3f8013315c8906f071,0x39788713a79a82ef272748615de5eda40bae708c659f340654a7cc52869480b5
49,4999,0.079984,0x3e379f55f8faae407fae416f8ca096a82d2dee70,2017-10-19T12:17:28.000Z,0.000016,0xdf0727e5cd2cfd93cad2628309b19564caa63ab3,buy,0x84c2c31c04339c9938adfe3f8013315c8906f071,0xb54c60db326d24bdffe2c77afb1c34388fc2a8dc1547c812919eb93db6d24905
50,5000,0.074995,0x3e379f55f8faae407fae416f8ca096a82d2dee70,2017-10-19T12:17:28.000Z,0.000014999,0x79b40b57a32ddc795c99faad6b573d8b474292cf,buy,0x84c2c31c04339c9938adfe3f8013315c8906f071,0x6eada16f0fdb67ec356284a67c474cfe79bb5ced632f8ed5e5d9fd927e3e128b
51,1052.188552,0.01666666666368,0x5d5065b42bdee0274e394ba9042c21e1818c69cf,2017-10-19T05:37:55.000Z,0.00001584,0x58a1140a65a026f3157c1987d378eed2dbbab4a3,sell,0x84c2c31c04339c9938adfe3f8013315c8906f071,0x0b0509dfa46ebfb715cd8e32800a7d4acf42edbb22cf80a7cfb7d0eb5a0f6c0a
52,12500,0.167125,0x3e379f55f8faae407fae416f8ca096a82d2dee70,2017-10-18T23:09:30.000Z,0.00001337,0xaf5d138b3a72858f6bad5b852f82cf7f5620f5a7,buy,0x84c2c31c04339c9938adfe3f8013315c8906f071,0xf334ff3395f20387fa388683e6c153b4d33007cb2d29e4e8b38be643d3cf0b5f
53,1,0.000019,0x3ac636ac5c3a2576156ac5f10066ca68abe0ad54,2017-10-18T21:01:04.000Z,0.000019,0xdf0727e5cd2cfd93cad2628309b19564caa63ab3,buy,0x84c2c31c04339c9938adfe3f8013315c8906f071,0x853b1bef2a7a8a33c64b52d964b9a37ed04edcb8fe2e3cec77b7a092d6d19f39
54,25000,0.375,0x3e379f55f8faae407fae416f8ca096a82d2dee70,2017-10-18T20:03:11.000Z,0.000015,0xa11f36555b15d08f63fe4c1da229574871e1fdb1,buy,0x84c2c31c04339c9938adfe3f8013315c8906f071,0xa85b1a945383de93ad2fabe851fe52fa57537249b82d0b6b4419fbae9a05e2b6
55,50000,0.75,0x3e379f55f8faae407fae416f8ca096a82d2dee70,2017-10-18T17:42:56.000Z,0.000015,0xa11f36555b15d08f63fe4c1da229574871e1fdb1,buy,0x84c2c31c04339c9938adfe3f8013315c8906f071,0x01beb05d36737b283ebea4162995fa87fe0c16604dea350bbb3d89bf41d75415
56,40000,0.56,0x3e379f55f8faae407fae416f8ca096a82d2dee70,2017-10-18T17:42:46.000Z,0.000014,0xa11f36555b15d08f63fe4c1da229574871e1fdb1,buy,0x84c2c31c04339c9938adfe3f8013315c8906f071,0x791c5e6cd9b228cc97abe2ba7ab780ecf8316a964cffbfbc2605530fa7d30fcf
57,2665.485,0.03718351575,0x3e379f55f8faae407fae416f8ca096a82d2dee70,2017-10-18T17:42:46.000Z,0.00001395,0x43808d5a5cc952c530ff9d0499fa0bfd8ff553bf,buy,0x84c2c31c04339c9938adfe3f8013315c8906f071,0x0ca145cbe9b1546edc1e513644e1d1fdfc7d0435c5fab4038fe46113062edfa0
58,4975,0.0693515,0x3e379f55f8faae407fae416f8ca096a82d2dee70,2017-10-18T17:42:35.000Z,0.00001394,0xf1324968aa42b0aa4fd7fe3b70f7457b4e37d0c6,buy,0x84c2c31c04339c9938adfe3f8013315c8906f071,0x0fd869a0c7d0b893ed0142bb561af179dc0925fa8e6382134d06399b4cc83ac5
59,4978.6,0.069351898,0x3e379f55f8faae407fae416f8ca096a82d2dee70,2017-10-18T17:42:35.000Z,0.00001393,0xaf7cec4e09b063530c5769370119ce82c18ef518,buy,0x84c2c31c04339c9938adfe3f8013315c8906f071,0xdee07b8c274388ec11bee1178535369c7efe3033b972a8c215ce1d2f1cc043a2
60,12500,0.011875,0xaf5d138b3a72858f6bad5b852f82cf7f5620f5a7,2017-10-18T13:43:00.000Z,0.00000095,0x3e379f55f8faae407fae416f8ca096a82d2dee70,sell,0x84c2c31c04339c9938adfe3f8013315c8906f071,0x2f3ffa8afb61379298d1a57e43e797dbc48181a5a9d081a8093ce8e300f8152a
61,15000,0.225,0x3e379f55f8faae407fae416f8ca096a82d2dee70,2017-10-17T20:51:46.000Z,0.000015,0x4ae6eedd92f46f5d78554f47d51eefed97aaee12,buy,0x84c2c31c04339c9938adfe3f8013315c8906f071,0x95c0ddd1392bf5bdfb06bbf7dbeff0b127569deaf3d266d40d2a06a47f00f463
62,25,0.0005,0x16e5d97bbc92417e051e3b2cabfbf8ceea2acb9c,2017-10-17T17:30:29.000Z,0.00002,0xf1324968aa42b0aa4fd7fe3b70f7457b4e37d0c6,buy,0x84c2c31c04339c9938adfe3f8013315c8906f071,0xd7562a7c5962239213fa69dd48eda9cab3783c44d770cb60b4fe32e4e4244943
63,21.50537634408602,0.0005,0x42c24a83bded723edfdf5883bc7efb30bc1a1bf3,2017-10-17T15:13:41.000Z,0.00002325,0x0b7d16e5d41a8361ab37e36974e738cb2ea9cb9c,buy,0x84c2c31c04339c9938adfe3f8013315c8906f071,0x8f9c63263e0c8e033b227b1d26dc204bcc00959f740be6db37d2d3562b310263
64,500,0.0117,0x7bfc602267386faa74b7789bccfafdb12c3373b2,2017-10-17T12:22:18.000Z,0.0000234,0x7a89eece07e614d3d93c18dddf978e079599d4a6,buy,0x84c2c31c04339c9938adfe3f8013315c8906f071,0x2a34169f5de455c6a0d7e855cf2919afaefdeee9cdd81ec1e64edee707254b02
65,21.368434548484977,0.0005,0xcd912af5286dc0b0a23edb30209734ecb60838b3,2017-10-17T05:10:07.000Z,0.000023399,0xaf7cec4e09b063530c5769370119ce82c18ef518,buy,0x84c2c31c04339c9938adfe3f8013315c8906f071,0xb2044345dbe386546ce638e80933927cb0964cba2c6da5606dd133d570d4df8c
66,0.4969143556480245,0.000000348833877664,0x3e379f55f8faae407fae416f8ca096a82d2dee70,2017-10-16T22:02:54.000Z,0.00000070199999999816,0x35c41897f9d50c7a726394cfe6e6deb6a2c1e133,sell,0x84c2c31c04339c9938adfe3f8013315c8906f071,0x64c46aed466da58a0bce808c99b5c8d92d85eb48e97aa20e9727c5d359863223
67,4984.547901505333,0.003499152626856744,0x3e379f55f8faae407fae416f8ca096a82d2dee70,2017-10-16T17:13:49.000Z,0.00000070199999999999,0x35c41897f9d50c7a726394cfe6e6deb6a2c1e133,sell,0x84c2c31c04339c9938adfe3f8013315c8906f071,0xeec5d90b81fc56ea33a3f9487ab39600ae0b97b9ec9b702aa0c0969024e8bb8c
68,10000,0.04444,0x3e379f55f8faae407fae416f8ca096a82d2dee70,2017-10-16T15:16:06.000Z,0.000004444,0xccef1314ac229a0a3680dc4f02ca7ba8838140bc,buy,0x84c2c31c04339c9938adfe3f8013315c8906f071,0x3a36329cfe66c7375eed6db63e053513b30612ee056dfc3fb363b4791be74116
69,0.4969143556480245,0.000000330944960861,0x3e379f55f8faae407fae416f8ca096a82d2dee70,2017-10-16T01:23:30.000Z,0.00000066599999999882,0xff29d7daac5c66cc38cf3fe254b7f51b9538c618,sell,0x84c2c31c04339c9938adfe3f8013315c8906f071,0xe28365ae7e7b9565f50e27ad6eaab654513d1d5d5a852ff345d64f664ff690d4
70,1000,0.004998,0x3e379f55f8faae407fae416f8ca096a82d2dee70,2017-10-16T00:00:25.000Z,0.000004998,0x971f30c325d9924ad472adf0bf98702502baad93,buy,0x84c2c31c04339c9938adfe3f8013315c8906f071,0x34ca9baccb6156dedea163059097f24e3a9a376fd0fcb27736581951d1b865d6
71,4985,0.024860195,0x3e379f55f8faae407fae416f8ca096a82d2dee70,2017-10-15T20:53:32.000Z,0.000004987,0x9d0dd0071df21ce2e990457c2bc93139e81eba23,buy,0x84c2c31c04339c9938adfe3f8013315c8906f071,0xb21367506aaf894bc30e89bb9e4bedc895536d830f006f831f968efbf9fd3d3c
72,5000,0.025,0x3e379f55f8faae407fae416f8ca096a82d2dee70,2017-10-15T11:03:19.000Z,0.000005,0x807a63d24e011662db646fcbec9a72aa9b6c07b8,buy,0x84c2c31c04339c9938adfe3f8013315c8906f071,0x8be99c94a5258a4bfe473964dd069ca2a374fc8109feca833ce472a1a9640ea3
73,1222.222,0.005499999,0x3e379f55f8faae407fae416f8ca096a82d2dee70,2017-10-15T11:01:33.000Z,0.0000045,0x05528ad35deea50d4b309409a04534ab8daa0e08,buy,0x84c2c31c04339c9938adfe3f8013315c8906f071,0x48a9e6b477617291dd487f618dddb04094d0fde4ae640cb58c23adbb7ebc05d9
74,1000,0.0045,0x8b182a4526944fa498970732a69a95d281c3c8a9,2017-10-15T00:22:11.000Z,0.0000045,0x05528ad35deea50d4b309409a04534ab8daa0e08,buy,0x84c2c31c04339c9938adfe3f8013315c8906f071,0x8e5bdd93670acb032428ff6b1b593bd4826a8926f8cd5020fcc07b1e34876958
75,84458,0.168916,0x3e379f55f8faae407fae416f8ca096a82d2dee70,2017-10-14T22:07:13.000Z,0.000002,0xeaf38fb22460e453bf2f354f27207bcd9b955691,buy,0x84c2c31c04339c9938adfe3f8013315c8906f071,0x339aa6ee7785fd0553b4a3459caa9716f5e4d7386aee6bce49b6b7d9fb010e0b
76,4984.547901505333,0.001993819160602133,0x3e379f55f8faae407fae416f8ca096a82d2dee70,2017-10-14T22:06:13.000Z,0.00000039999999999999,0xff29d7daac5c66cc38cf3fe254b7f51b9538c618,sell,0x84c2c31c04339c9938adfe3f8013315c8906f071,0x1ca80a01ee1fe0ea4cb48b8222cc018d8ccefb71c0edbd934d4c0fc3fa02899a
77,5001.33,0.00749199234,0x3e379f55f8faae407fae416f8ca096a82d2dee70,2017-10-14T22:02:38.000Z,0.000001498,0x8a3a64ba369697a84ce95cfaa2040c9367d8f35a,buy,0x84c2c31c04339c9938adfe3f8013315c8906f071,0x34ef88dbbf3fe9f6107bf593166c62c955abc7b8cc300f5792273825ea19f2dc
78,57000,0.085443,0x3e379f55f8faae407fae416f8ca096a82d2dee70,2017-10-14T22:02:12.000Z,0.000001499,0x5173f41944484b17271f9ae37e3f86c05eb520c2,buy,0x84c2c31c04339c9938adfe3f8013315c8906f071,0x3bab408e908a8ee653e163a7108a9b11d54d3f0a3da5e08013e7499684a15f15
79,39699.097,0.0595486455,0x3e379f55f8faae407fae416f8ca096a82d2dee70,2017-10-14T22:02:12.000Z,0.0000015,0xb2c9425d5f3fec0ddd819ca87e758d2d020ff104,buy,0x84c2c31c04339c9938adfe3f8013315c8906f071,0xf39f0ff31bce69b9b36cc9a35f556cfb3e7f7c3df86f5279ace4fcd6c6858e46
80,299.07287409032,0.000060412720566244,0x3e379f55f8faae407fae416f8ca096a82d2dee70,2017-10-14T15:31:52.000Z,0.00000020199999999999,0x14d6d0f3d430455b5c1f169e28548bbc61d79cda,sell,0x84c2c31c04339c9938adfe3f8013315c8906f071,0x5aff0c50e31b5c0294896d6fc8a9e8f43ecee3dd42dc90c9131c31c1f783ee63
81,500000,0.2,0x66a4e99923ff534c41936d0b28a13980b0a942f0,2017-10-14T10:47:33.000Z,0.0000004,0xeaf38fb22460e453bf2f354f27207bcd9b955691,sell,0x84c2c31c04339c9938adfe3f8013315c8906f071,0x0380eb45e17e5a4a5b391c4a0c7311717a4dc415d93121a63a11c9b7ac9cb99f
82,4000,0.004008,0x8b182a4526944fa498970732a69a95d281c3c8a9,2017-10-14T10:35:06.000Z,0.000001002,0xeaf38fb22460e453bf2f354f27207bcd9b955691,sell,0x84c2c31c04339c9938adfe3f8013315c8906f071,0x07ab710732c691da571b8ba3677c4277be20ae2113bdb716376563b272ac9c86
83,10000,0.01001,0xf36990a2cb4d609e0a7d4f3bf884c0342d81fd3d,2017-10-14T10:28:42.000Z,0.000001001,0xeaf38fb22460e453bf2f354f27207bcd9b955691,sell,0x84c2c31c04339c9938adfe3f8013315c8906f071,0x80ada510691961b6483c3681a7500ef1616a91a439a2f197740d5870f384a8a9
84,1935.4509670022928,0.003870901934004585,0x2fc28a4f5840105132a4a06daa05be0a1c95cb90,2017-10-14T08:16:03.000Z,0.00000199999999999999,0x90e543bbe2b020dcf69e06927ca2920750dc211f,sell,0x84c2c31c04339c9938adfe3f8013315c8906f071,0x4097f5eafcee5ed641f6ed81c5dde9c9c49a973fcfc3ce85b87b1a8e39559cb0
85,100300.90270812437,0.15045135406218657,0xfe423f6b9b3aa093cc08831d9b106027f97e132e,2017-10-14T02:13:26.000Z,0.0000015,0xb2c9425d5f3fec0ddd819ca87e758d2d020ff104,buy,0x84c2c31c04339c9938adfe3f8013315c8906f071,0x8c461cd2ae8c956caa40228eb137a42ac81b1a0c7147aa0b13d0c325be43584c
86,100000,0.2001,0x24418ab1b19550b380652432eac1ab37bf3d0fa9,2017-10-14T02:13:26.000Z,0.00000200099999999999,0xfe423f6b9b3aa093cc08831d9b106027f97e132e,sell,0x84c2c31c04339c9938adfe3f8013315c8906f071,0x8c461cd2ae8c956caa40228eb137a42ac81b1a0c7147aa0b13d0c325be43584c
87,4984.547901505333,0.009969095803010666,0x2fc28a4f5840105132a4a06daa05be0a1c95cb90,2017-10-14T01:06:04.000Z,0.00000199999999999999,0x7fdd7217a9c5ac794e6f40213988aae479ce61cd,sell,0x84c2c31c04339c9938adfe3f8013315c8906f071,0x08ca0ae27598a56545cf8a4abbdcb7c11ccb0423d64c6c785530bb72810e95df
88,77777.778,0.350000001,0xa7622a77bf13ba8dc6c37d1edd278346a7e0c174,2017-10-13T22:02:13.000Z,0.0000045,0x05528ad35deea50d4b309409a04534ab8daa0e08,buy,0x84c2c31c04339c9938adfe3f8013315c8906f071,0x3aa754d7e0674428bbbfa1cc8185f251a0c2cb3541321ca5e72f538981b7701f
89,4983.550991925033,0.004988534542916957,0xcd1684b2241e12332f34fc7909affb50066ebd3a,2017-10-13T09:32:54.000Z,0.00000100099999999999,0xc6757a2b8e1fcda85dbaf0ed45133de95ab8a8c5,sell,0x84c2c31c04339c9938adfe3f8013315c8906f071,0x27abd752f752129b9c35caeab9ce1e52df88b3046882a2aa78535d1bcbaf60b2
90,4983.550991925033,0.004988534542916957,0xcd1684b2241e12332f34fc7909affb50066ebd3a,2017-10-13T09:31:30.000Z,0.00000100099999999999,0xc6757a2b8e1fcda85dbaf0ed45133de95ab8a8c5,sell,0x84c2c31c04339c9938adfe3f8013315c8906f071,0x27abd752f752129b9c35caeab9ce1e52df88b3046882a2aa78535d1bcbaf60b2
91,9969.095803010667,0.03191107566543715,0xd92ce5941305b7cf1e5cc5713b93db2b651a4fdf,2017-10-13T07:05:02.000Z,0.00000320099999999999,0x107d35bdbb393d33d6d9ce4127883b057b8e6187,sell,0x84c2c31c04339c9938adfe3f8013315c8906f071,0x7541859dfab85092c83f0c93562bb05fbe13778b7b95d1c4969cb5a86994feeb
92,299.07287409032,0.000957332269963114,0xd92ce5941305b7cf1e5cc5713b93db2b651a4fdf,2017-10-12T16:32:02.000Z,0.00000320099999999999,0xc3eecea0347d97c59f3d0f9bdbeead6e8f858775,sell,0x84c2c31c04339c9938adfe3f8013315c8906f071,0xdc50b03d5cefa80959ffe440f7be06b702e63ea64be11b95fe9dd9d89c68e59a
93,5030,0.02515,0xd92ce5941305b7cf1e5cc5713b93db2b651a4fdf,2017-10-12T16:29:36.000Z,0.000005,0x1add80d013c0d7bd92224ee6a4872f2d03fa13a3,buy,0x84c2c31c04339c9938adfe3f8013315c8906f071,0xbdc8afae2f06567fd71f8612b234872ea056d0d651e7f72489e55cd0d93650c5
94,763.7979824038922,0.002444917341674859,0xd92ce5941305b7cf1e5cc5713b93db2b651a4fdf,2017-10-12T14:37:37.000Z,0.000003201,0x319410e3421c15a50c3e04a162a095bc42076325,sell,0x84c2c31c04339c9938adfe3f8013315c8906f071,0x44788b355c2f6f8b46b7b7e0957b49896ebe4d431c2697f2a5de4da24b6f89fa
95,763.7979824038922,0.002444917341674859,0xd92ce5941305b7cf1e5cc5713b93db2b651a4fdf,2017-10-12T14:37:21.000Z,0.00000320099999999999,0x319410e3421c15a50c3e04a162a095bc42076325,sell,0x84c2c31c04339c9938adfe3f8013315c8906f071,0x44788b355c2f6f8b46b7b7e0957b49896ebe4d431c2697f2a5de4da24b6f89fa
96,3000,0.009603,0xd92ce5941305b7cf1e5cc5713b93db2b651a4fdf,2017-10-12T11:53:03.000Z,0.000003201,0x185b2c9e2b48bb60fa2fae0b5871cd44a5b4ce73,sell,0x84c2c31c04339c9938adfe3f8013315c8906f071,0xce060b09bb1ba8d727ab2f750e7a4da6bf768d100f9cd97c29874089d5447c7d
97,429.50563749833395,0.002190478751241503,0x3318a522d8f4bf552f7e57961356e4639d77db96,2017-10-12T11:46:22.000Z,0.00000509999999999999,0xd92ce5941305b7cf1e5cc5713b93db2b651a4fdf,sell,0x84c2c31c04339c9938adfe3f8013315c8906f071,0xc5cb8cb96bde18d7b7a27308d4cd95ff3b93f97dff96b9e78def3962c4ab1704
98,2510.515,0.01508819515,0xff3f8d703bbfca2bd2be9eb2ba182f071b84f975,2017-10-12T07:22:07.000Z,0.00000601,0xc8d62644dacf4e4653037d1be93c9dfa6ddf5c11,buy,0x84c2c31c04339c9938adfe3f8013315c8906f071,0xcd2de180a791d7cdce337ee74d657ae33815307aa8c2fb3b4beb3bd6a5326f00
99,2510.515,0.01508819515,0xff3f8d703bbfca2bd2be9eb2ba182f071b84f975,2017-10-12T07:21:29.000Z,0.00000601,0xc8d62644dacf4e4653037d1be93c9dfa6ddf5c11,buy,0x84c2c31c04339c9938adfe3f8013315c8906f071,0xcd2de180a791d7cdce337ee74d657ae33815307aa8c2fb3b4beb3bd6a5326f00
100,2489.4846500704684,0.014961802746923516,0x43808d5a5cc952c530ff9d0499fa0bfd8ff553bf,2017-10-12T06:14:51.000Z,0.00000601,0xc8d62644dacf4e4653037d1be93c9dfa6ddf5c11,buy,0x84c2c31c04339c9938adfe3f8013315c8906f071,0xa5647ae2aec615772286a108b6ffa7838bb28516dff53f0bcb9cd6f07b095e85
101,5191.208034070331,0.031199160284762693,0x3318a522d8f4bf552f7e57961356e4639d77db96,2017-10-12T05:18:57.000Z,0.00000600999999999999,0x1add80d013c0d7bd92224ee6a4872f2d03fa13a3,sell,0x84c2c31c04339c9938adfe3f8013315c8906f071,0xd944ea91cea3717f782810b5fe8ecd703f063f8fbad26e4dd01ca3a1dbcfccca
102,119808.79196592967,0.7200508397152373,0x3318a522d8f4bf552f7e57961356e4639d77db96,2017-10-12T04:53:07.000Z,0.00000600999999999999,0x5a8874db0a2b1de1a56d3cf4b9c746a754a2f8a5,sell,0x84c2c31c04339c9938adfe3f8013315c8906f071,0x9e0844b86bf5f654597077e99301b41d84a63df46aa76c2ec8f626bc11d0e11c
103,498.8277417506974,0.003242380321379532,0x34f65e7c2045a7f75122caaffb2f1dc93c45468f,2017-10-12T04:39:15.000Z,0.00000649999999999999,0x5a8874db0a2b1de1a56d3cf4b9c746a754a2f8a5,sell,0x84c2c31c04339c9938adfe3f8013315c8906f071,0x79057f9873457203444831743a18f5f6400541a71af8d26eae57f63ac6f072d9
104,5808.222,0.037759251222,0xd92ce5941305b7cf1e5cc5713b93db2b651a4fdf,2017-10-12T04:39:00.000Z,0.000006501,0x5a8874db0a2b1de1a56d3cf4b9c746a754a2f8a5,sell,0x84c2c31c04339c9938adfe3f8013315c8906f071,0xc97dbd5a283cfed2585618d615fd432bfe7b003d4cee866b634e38b377add606
105,1000,0.006502,0x971f30c325d9924ad472adf0bf98702502baad93,2017-10-12T03:27:50.000Z,0.000006502,0x185b2c9e2b48bb60fa2fae0b5871cd44a5b4ce73,sell,0x84c2c31c04339c9938adfe3f8013315c8906f071,0xbb4d9f014e845220161a84012a30218fd2933eca0c72076e03d35d78970499fe
106,19191.77788206833,0.12476574801132621,0xd92ce5941305b7cf1e5cc5713b93db2b651a4fdf,2017-10-11T23:09:45.000Z,0.00000650099999999999,0x342642f4cfdb9bf2e5929ca39524946114791e31,sell,0x84c2c31c04339c9938adfe3f8013315c8906f071,0xb003d67c58fe2ee99943ee00eb974be70e16cf6bec897a58a61a99a7ea97e623
107,75000,0.48825,0x3318a522d8f4bf552f7e57961356e4639d77db96,2017-10-11T22:01:27.000Z,0.00000651,0x5a8874db0a2b1de1a56d3cf4b9c746a754a2f8a5,sell,0x84c2c31c04339c9938adfe3f8013315c8906f071,0xe495b5404097a1452da3f7f3e97e7e2c07f46357ecb0860dddca44d974b65ad9
108,2511.296,0.017579072,0x3453011daa568b3fed926bb0cf5e0a7b62454c97,2017-10-11T21:48:43.000Z,0.000007,0x5a8874db0a2b1de1a56d3cf4b9c746a754a2f8a5,sell,0x84c2c31c04339c9938adfe3f8013315c8906f071,0x440884dff069bbcf7807009033be53750114e533fcf4a4bebd5cc1a0281391cb
109,309.0419698933307,0.003893928820655966,0xa11f36555b15d08f63fe4c1da229574871e1fdb1,2017-10-11T21:47:33.000Z,0.00001259999999999999,0x5a8874db0a2b1de1a56d3cf4b9c746a754a2f8a5,sell,0x84c2c31c04339c9938adfe3f8013315c8906f071,0x25178d21830d298dbc7fb6acbdb0a94158217ddc7ed58655c00a95572a6062fc
110,50000,0.35005,0xd92ce5941305b7cf1e5cc5713b93db2b651a4fdf,2017-10-11T21:25:36.000Z,0.000007001,0x5a8874db0a2b1de1a56d3cf4b9c746a754a2f8a5,sell,0x84c2c31c04339c9938adfe3f8013315c8906f071,0xd60617a80efa306d6116929d17c31f1b48d062b0ac1dfa9de48f070021b1335e
111,100000,1,0x564109f0557b21c23681a29bee0d58f2afa4b624,2017-10-11T21:06:25.000Z,0.00001,0x5a8874db0a2b1de1a56d3cf4b9c746a754a2f8a5,sell,0x84c2c31c04339c9938adfe3f8013315c8906f071,0xd7271eab95bd51db79f4bf529aacdc31030575fa864209eecb41e8b1798b1848
112,99690.95803010667,1.2561060711793441,0xa11f36555b15d08f63fe4c1da229574871e1fdb1,2017-10-11T16:17:00.000Z,0.00001259999999999999,0x5a8874db0a2b1de1a56d3cf4b9c746a754a2f8a5,sell,0x84c2c31c04339c9938adfe3f8013315c8906f071,0x234d86d86d4c791e2c4a6ae904e0e21276cb5c6ece1631a0abeaf84da1e37ea0
113,4984.547901505333,0.07476821852258,0x564109f0557b21c23681a29bee0d58f2afa4b624,2017-10-11T12:31:07.000Z,0.00001499999999999999,0x1e4f1fd2dbc01022a1d90c32fedb0b5eee1b3e05,sell,0x84c2c31c04339c9938adfe3f8013315c8906f071,0xfbd5471e0cc659665ba35691fb8dbbe3f5908c0c40c0862f3445aace9b17dcc1
114,9969.592717366315,0.14954389076049474,0x564109f0557b21c23681a29bee0d58f2afa4b624,2017-10-11T12:05:59.000Z,0.00001499999999999999,0x28cb2cd00cf72221501bec6fcfb8f9aa34aa05ea,sell,0x84c2c31c04339c9938adfe3f8013315c8906f071,0x90b2437ae71d8cdb7a3d433d5c2a555ef546b24bc0aca23884a6cfd231aea967
115,4984.547901505333,0.07476821852258,0x564109f0557b21c23681a29bee0d58f2afa4b624,2017-10-11T11:46:30.000Z,0.00001499999999999999,0x28cb2cd00cf72221501bec6fcfb8f9aa34aa05ea,sell,0x84c2c31c04339c9938adfe3f8013315c8906f071,0xb3d4923e110af06056a97e87f2af1c91aa04739f6aa0d6407d5dbb6ed7ad02cc
116,5135.708272900082,0.07703562409350123,0x564109f0557b21c23681a29bee0d58f2afa4b624,2017-10-11T10:27:37.000Z,0.00001499999999999999,0x7d878c82755b4831bb18b5df0b8fdf1e82cd61a2,sell,0x84c2c31c04339c9938adfe3f8013315c8906f071,0x0b29263b56b59cd5e6d7e22cec9a3f42bbd692533ea621e726c36b3eb4039763
117,7447.589583645499,0.11171384375468249,0x564109f0557b21c23681a29bee0d58f2afa4b624,2017-10-11T10:17:44.000Z,0.00001499999999999999,0xceb33b15d09712e7066b2b227a070d3fd2d48294,sell,0x84c2c31c04339c9938adfe3f8013315c8906f071,0x09fc34a0f1ae8264524643183d14bf40d7b2577a1da032209d646e04f8016a00
118,1984.857092518526,0.02977285638777789,0x564109f0557b21c23681a29bee0d58f2afa4b624,2017-10-11T07:35:23.000Z,0.00001499999999999999,0x34f65e7c2045a7f75122caaffb2f1dc93c45468f,sell,0x84c2c31c04339c9938adfe3f8013315c8906f071,0xb3ebedc1b2c765396b75efa019a4c8bad3b77373d0b07d1a44b9edf45fe53134
119,4486.0931113548,0.06733625760143555,0xceb33b15d09712e7066b2b227a070d3fd2d48294,2017-10-11T07:32:29.000Z,0.00001500999999999999,0xd8b50d899ca5ae70e95210520301b6a9ac0cd9e8,sell,0x84c2c31c04339c9938adfe3f8013315c8906f071,0xdd400498c460250ddcd8ef341fdb646fa1d1883b231b7022cb40c3896c1900f4
120,1000,0.024,0x564109f0557b21c23681a29bee0d58f2afa4b624,2017-10-11T07:17:41.000Z,0.000024,0xce1f340f2cda69f45084b0143cb04754ee28c6c5,buy,0x84c2c31c04339c9938adfe3f8013315c8906f071,0xa0be9b87ee5605fb029f9c83cb4c2bb2f912e2b8fc69b3506d14fa1d08b8d7ba
121,2984.584,0.04479860584,0xceb33b15d09712e7066b2b227a070d3fd2d48294,2017-10-11T07:16:52.000Z,0.00001501,0x34f65e7c2045a7f75122caaffb2f1dc93c45468f,sell,0x84c2c31c04339c9938adfe3f8013315c8906f071,0x1de458ae07b65a3553bb85c0145efceb2526a13cea0686778e922b522c7c6e0d
122,5000,0.1075,0x564109f0557b21c23681a29bee0d58f2afa4b624,2017-10-11T07:16:52.000Z,0.0000215,0x736870ba22c8296525f3aa9a37c6d8bf4cff4810,buy,0x84c2c31c04339c9938adfe3f8013315c8906f071,0xde51d11e8c36629f6bdfeb209814beb1f1e71f6d1d3cef59a518cd4113d0ebef
123,2716.279952761235,0.04074419929141852,0x564109f0557b21c23681a29bee0d58f2afa4b624,2017-10-11T05:14:40.000Z,0.00001499999999999999,0x4dca30bcc9c9db4408141cd67b1515e689f546d8,sell,0x84c2c31c04339c9938adfe3f8013315c8906f071,0x773f777ba4bc340cc413d582bc91d1865570a967f188e4767ee3b0a5eb8a149b
124,2118.4788074283706,0.021184788074283707,0xff3f8d703bbfca2bd2be9eb2ba182f071b84f975,2017-10-11T05:09:30.000Z,0.00001,0x319410e3421c15a50c3e04a162a095bc42076325,sell,0x84c2c31c04339c9938adfe3f8013315c8906f071,0xe35a030e515663bcb4d95dfeb8db016cc8067bc9d382f3d336ad10da93e9f881
125,575,0.010925,0x717a6dcb1f178c83fe2ace641393fe1067501413,2017-10-11T05:09:11.000Z,0.000019,0x4d57f35968c555a745e26766d0b87f3039b1b985,buy,0x84c2c31c04339c9938adfe3f8013315c8906f071,0xcc0248f41baab9f04dd3b5c5e4b17c93493b7a2665533ecc385e90b19d668690
126,44716.379,0.670745685,0x564109f0557b21c23681a29bee0d58f2afa4b624,2017-10-11T04:38:03.000Z,0.000015,0x7d878c82755b4831bb18b5df0b8fdf1e82cd61a2,sell,0x84c2c31c04339c9938adfe3f8013315c8906f071,0xce6c46cde36fcb7c9f2c8e1d4b32568704bf90b53905e33881ca06dea2524216
127,175,0.0035,0x43808d5a5cc952c530ff9d0499fa0bfd8ff553bf,2017-10-11T04:27:17.000Z,0.00002,0x4dca30bcc9c9db4408141cd67b1515e689f546d8,buy,0x84c2c31c04339c9938adfe3f8013315c8906f071,0x0161aa56b41fd362d12ff31c9aab8aa2a3b9d1a5e4035a075500d1cf1b4f2713
128,5283.620775595654,0.0792543116339348,0x564109f0557b21c23681a29bee0d58f2afa4b624,2017-10-11T04:18:02.000Z,0.00001499999999999999,0x8b3117df72155b305dbc8c4f40df6a2b4c06a461,sell,0x84c2c31c04339c9938adfe3f8013315c8906f071,0xa6867dec97d7bb3696e1fb5972483533ca9e22929bc5f7f613b94a369ff1048d
129,4000,0.088,0xd8b50d899ca5ae70e95210520301b6a9ac0cd9e8,2017-10-11T04:06:09.000Z,0.000022,0xb16da0d9951c986a79b01ace069901e14a1814c6,buy,0x84c2c31c04339c9938adfe3f8013315c8906f071,0xe0591868163b673b9d58c8a6af7ac1989b2b630f8fff2be6d6b3a8b2a538100d
130,500,0.009,0xd8b50d899ca5ae70e95210520301b6a9ac0cd9e8,2017-10-11T04:06:09.000Z,0.000018,0x4cd1ace2d57ac322437f4c853bdc492ab023de72,buy,0x84c2c31c04339c9938adfe3f8013315c8906f071,0xe60d0b8bfce1cb7094e5700b05e116f7fc5df024e258292d5eb70ef9a79061d4
131,15000,0.27,0xa11f36555b15d08f63fe4c1da229574871e1fdb1,2017-10-11T00:45:11.000Z,0.000018,0x037f96a2a6430376cff5cd297cc40c2554f8f7bf,buy,0x84c2c31c04339c9938adfe3f8013315c8906f071,0x292deded1fc677baf67500c090b81e1793eff3ecf490a2767e7297caed8cc7a7
132,1000,0.010001,0xf36990a2cb4d609e0a7d4f3bf884c0342d81fd3d,2017-10-11T00:05:48.000Z,0.000010001,0x319410e3421c15a50c3e04a162a095bc42076325,sell,0x84c2c31c04339c9938adfe3f8013315c8906f071,0x2034063393159bdf7934ea76eed63e61ed9afa8900985304dfac9fc47db31e2a
133,2000,0.02001,0x27849f835bb345a26dffbfa7a8863c387b546730,2017-10-10T23:47:34.000Z,0.000010005,0x319410e3421c15a50c3e04a162a095bc42076325,sell,0x84c2c31c04339c9938adfe3f8013315c8906f071,0x21d46c38a2dc8a0694f9125b970c844f2cb3629955f04e4e07e1039470780e4d
134,5000,0.05,0xff3f8d703bbfca2bd2be9eb2ba182f071b84f975,2017-10-10T20:10:52.000Z,0.00001,0x90e543bbe2b020dcf69e06927ca2920750dc211f,sell,0x84c2c31c04339c9938adfe3f8013315c8906f071,0xd9813225ebc12433d242444781ac7303373f59acc2ec13a9a6ade5d4479277ea
135,21571.055460727875,0.21571055460727875,0xff3f8d703bbfca2bd2be9eb2ba182f071b84f975,2017-10-10T20:06:31.000Z,0.00000999999999999999,0x7d878c82755b4831bb18b5df0b8fdf1e82cd61a2,sell,0x84c2c31c04339c9938adfe3f8013315c8906f071,0x4061ee875ddc8b036eba969e4040bbe9ab59f8ff37cb7d1b0a63edd706d89005
136,18000,0.18,0xff3f8d703bbfca2bd2be9eb2ba182f071b84f975,2017-10-10T19:34:52.000Z,0.00001,0xff3f8d703bbfca2bd2be9eb2ba182f071b84f975,sell,0x84c2c31c04339c9938adfe3f8013315c8906f071,0x19513e4bec78f2d311f4c2dc0ba43b9a5473185136d9624b5fa578bee04046c5
137,10000,0.1,0xff3f8d703bbfca2bd2be9eb2ba182f071b84f975,2017-10-10T19:28:55.000Z,0.00001,0xff3f8d703bbfca2bd2be9eb2ba182f071b84f975,sell,0x84c2c31c04339c9938adfe3f8013315c8906f071,0x0addfd166c4c390348c12d59e6c53ca702460804ae77fbc33cbbaccbb97a5848
138,267,0.0064347,0x8a3a64ba369697a84ce95cfaa2040c9367d8f35a,2017-10-10T18:31:05.000Z,0.0000241,0x90e543bbe2b020dcf69e06927ca2920750dc211f,sell,0x84c2c31c04339c9938adfe3f8013315c8906f071,0x6a70b06b98fb674920f994ba53560d66eeb9988cc85f701999b78840a8449645
139,500,0.0120005,0xf36990a2cb4d609e0a7d4f3bf884c0342d81fd3d,2017-10-10T18:28:50.000Z,0.000024001,0x90e543bbe2b020dcf69e06927ca2920750dc211f,sell,0x84c2c31c04339c9938adfe3f8013315c8906f071,0xec3aded9995267abfa2ca02a853d9df2d53506c86ca4c2303f0b731c59ace57d
140,1249.045,0.02997708,0x43808d5a5cc952c530ff9d0499fa0bfd8ff553bf,2017-10-10T18:25:33.000Z,0.000024,0x90e543bbe2b020dcf69e06927ca2920750dc211f,sell,0x84c2c31c04339c9938adfe3f8013315c8906f071,0x4699737b48f1cb09c38f6d7afe5508af903c0f319179cbc21d17f467517ffeb0
141,450,0.01125045,0x8a3a64ba369697a84ce95cfaa2040c9367d8f35a,2017-10-10T17:39:54.000Z,0.000025001,0x90e543bbe2b020dcf69e06927ca2920750dc211f,sell,0x84c2c31c04339c9938adfe3f8013315c8906f071,0xe2658835155fe04b44db578d6b2216adeb475c62034ff26b80d2bd44518cc4f4
142,6979,0.195412,0x2fc28a4f5840105132a4a06daa05be0a1c95cb90,2017-10-10T17:18:57.000Z,0.000028,0x7aa6e2506316f6d613277d4f2f4e4e1dc55e528e,sell,0x84c2c31c04339c9938adfe3f8013315c8906f071,0xa107fd2f627ffce3e11b802a8e67723cb139350f22025818a573285d4aee5043
143,7000,0.189,0x7aa6e2506316f6d613277d4f2f4e4e1dc55e528e,2017-10-10T17:18:57.000Z,0.000027,0x3318a522d8f4bf552f7e57961356e4639d77db96,buy,0x84c2c31c04339c9938adfe3f8013315c8906f071,0xa107fd2f627ffce3e11b802a8e67723cb139350f22025818a573285d4aee5043
144,15000,0.255,0x037f96a2a6430376cff5cd297cc40c2554f8f7bf,2017-10-10T16:08:55.000Z,0.000017,0x7d878c82755b4831bb18b5df0b8fdf1e82cd61a2,sell,0x84c2c31c04339c9938adfe3f8013315c8906f071,0x7f2f488f32733db7b1bf721d35df7abc5a64f27a17b5b3c57751900b42ee1e4b
145,780.389,0.019510505389,0x8a3a64ba369697a84ce95cfaa2040c9367d8f35a,2017-10-10T15:51:14.000Z,0.000025001,0x7d878c82755b4831bb18b5df0b8fdf1e82cd61a2,sell,0x84c2c31c04339c9938adfe3f8013315c8906f071,0xc987faa5654e011ef61fb85d93bc275dbb4d22938d436e010192aa7e8dd571a3
146,800,0.02008,0xd960ae5f5294d1c06af036e78bcd9dca1e7840b8,2017-10-10T15:49:57.000Z,0.0000251,0x7d878c82755b4831bb18b5df0b8fdf1e82cd61a2,sell,0x84c2c31c04339c9938adfe3f8013315c8906f071,0x06ac825408ed1d4f2b5f91f3587365e52473e12dbcfdc43e9ec32bca36573485
147,11816.497894659888,0.2835959494718373,0x9d78246b84a153d91b9f71381d93904c40fdbb03,2017-10-10T15:48:10.000Z,0.00002399999999999999,0x7d878c82755b4831bb18b5df0b8fdf1e82cd61a2,sell,0x84c2c31c04339c9938adfe3f8013315c8906f071,0x244c9e4314c0abed1b6737d10958633f01a167e4ded80a301880577fb03271bc
148,1000,0.0251,0x4cd1ace2d57ac322437f4c853bdc492ab023de72,2017-10-10T14:06:37.000Z,0.0000251,0x90e543bbe2b020dcf69e06927ca2920750dc211f,sell,0x84c2c31c04339c9938adfe3f8013315c8906f071,0xb20032966419f1d2029bf4bdd3dc7b5d76bc371ab2e33f7a5218f692daa312d1
149,50030.904,1.2507726,0x9d78246b84a153d91b9f71381d93904c40fdbb03,2017-10-10T12:21:02.000Z,0.000025,0x7d878c82755b4831bb18b5df0b8fdf1e82cd61a2,sell,0x84c2c31c04339c9938adfe3f8013315c8906f071,0x2944885d69f906fb20283e677371ba69bea4cb3cd1c8949c3b3869aa8fa140ae
150,4984.547901505333,0.12461369753763334,0x9d78246b84a153d91b9f71381d93904c40fdbb03,2017-10-10T11:20:08.000Z,0.00002499999999999999,0x0f51341a5984f7e6498afabf34cdfa6fda8102ca,sell,0x84c2c31c04339c9938adfe3f8013315c8906f071,0xa93a7cd5aae36fd847fa7f8cae23996628ab4fdd37f688b759ff4a8b45aec271
151,4984.547901505333,0.12461369753763334,0x9d78246b84a153d91b9f71381d93904c40fdbb03,2017-10-10T09:51:50.000Z,0.00002499999999999999,0xaec280d467b77b277f41e76872146ed560325fec,sell,0x84c2c31c04339c9938adfe3f8013315c8906f071,0x9196fa426dcdd64f89782d75d797a895f48050c063f41e7a4298e217c2c98038
152,266.674,0.010000008326,0xd806f6ed305d8180834da1df352e37e207955b71,2017-10-10T09:37:59.000Z,0.000037499,0x8a3a64ba369697a84ce95cfaa2040c9367d8f35a,buy,0x84c2c31c04339c9938adfe3f8013315c8906f071,0xc7483036ebf19fc165bd730f8d058b8b7d374819637ddeda31d6250c00df9b75
153,9969.095803010667,0.239258299272256,0x9d78246b84a153d91b9f71381d93904c40fdbb03,2017-10-10T09:27:40.000Z,0.00002399999999999999,0xbfeaf671982494035fbec8bdc7bf52af7e4db1ba,sell,0x84c2c31c04339c9938adfe3f8013315c8906f071,0x28deae485e813f07f2c846a4824a00ca86b681c05df53136b993bc7832e514c3
154,283.61094662969873,0.007090557276689098,0x8a3a64ba369697a84ce95cfaa2040c9367d8f35a,2017-10-10T09:10:34.000Z,0.00002500099999999999,0xdf4c871f368850b83977a14292c28c4e415a9cfe,sell,0x84c2c31c04339c9938adfe3f8013315c8906f071,0x5eaab413f87e74ddef67d31da4a42b4eeacb8c05acb6e7f38d4279cc8bbf6cac
155,1710.6549695942579,0.04276637423985644,0xff3f8d703bbfca2bd2be9eb2ba182f071b84f975,2017-10-10T09:04:08.000Z,0.00002499999999999999,0xdf4c871f368850b83977a14292c28c4e415a9cfe,sell,0x84c2c31c04339c9938adfe3f8013315c8906f071,0xcbce48c3015543ee5750fae5d41862b4ab624636bfa47e92db0410eeba93a670
156,1063.4433925846872,0.03987806377853318,0x2fc28a4f5840105132a4a06daa05be0a1c95cb90,2017-10-10T08:44:38.000Z,0.000037499,0x8a3a64ba369697a84ce95cfaa2040c9367d8f35a,buy,0x84c2c31c04339c9938adfe3f8013315c8906f071,0xa53109194e78f97338c98673cbfb5f770e6bdc3191173c4cd9afab2003c19666
157,449.55232049773167,0.01685776246634444,0x2fc28a4f5840105132a4a06daa05be0a1c95cb90,2017-10-10T08:25:26.000Z,0.000037499,0x8a3a64ba369697a84ce95cfaa2040c9367d8f35a,buy,0x84c2c31c04339c9938adfe3f8013315c8906f071,0xcd31c30f9ae978523049219c2696f2635774fb46478ec3832a4710136fbf890d
158,500,0.03,0x2fc28a4f5840105132a4a06daa05be0a1c95cb90,2017-10-10T08:18:45.000Z,0.00006,0x4cd1ace2d57ac322437f4c853bdc492ab023de72,buy,0x84c2c31c04339c9938adfe3f8013315c8906f071,0x82d245655c16577d8f6305ab2e0c72355f6237b53f9559e7e3ab628839d76176
159,2484.7971289004086,0.062119928222510216,0xff3f8d703bbfca2bd2be9eb2ba182f071b84f975,2017-10-10T07:10:17.000Z,0.00002499999999999999,0xbda83a3a533afed3456e92b4f09891ac6a3f9d5e,sell,0x84c2c31c04339c9938adfe3f8013315c8906f071,0x3b1bdb502235144d3f93a93729080148edaca9297229765e36c8b73274712797
160,4984.547901505333,0.12461369753763334,0xff3f8d703bbfca2bd2be9eb2ba182f071b84f975,2017-10-10T07:05:22.000Z,0.00002499999999999999,0x503164284bb1b9d80e85455a54c765c031beba57,sell,0x84c2c31c04339c9938adfe3f8013315c8906f071,0x4ddfc36464386afad02674491ea51f8baf876b9c380ab94005e10c9ab9bcbf32
161,2500,0.0625,0xff3f8d703bbfca2bd2be9eb2ba182f071b84f975,2017-10-10T06:31:52.000Z,0.000025,0xbda83a3a533afed3456e92b4f09891ac6a3f9d5e,sell,0x84c2c31c04339c9938adfe3f8013315c8906f071,0xba95778232f7ec74de4c1b460f3dcfdf32dae4e836a6a3ce34c8aff1c0c699b9
162,2500,0.095,0x7322f723ab0b701ad0b4f328e4f9690fe8a4b18e,2017-10-10T06:08:57.000Z,0.000038,0xb417fc8781bfd509b91c6360493535512b133481,sell,0x84c2c31c04339c9938adfe3f8013315c8906f071,0xbdfa9a0264d52feabb33c5218f88299c20adc51b282a484ac0be20b455e83075
163,50,0.00275,0xcfad4842b68ae4e71283ab7cb914c658a8d7b01b,2017-10-10T05:14:41.000Z,0.000055,0xf9eb1990bdf7117b47247dfed2b9195821b45eea,sell,0x84c2c31c04339c9938adfe3f8013315c8906f071,0x64a3c68b3aeb0d8839b75fb90c3111aa70018118615923040da44835826dc8e0
164,1,0.000041,0x0249924245a19aa2d7f5ddb0739a7132b7d094ab,2017-10-10T05:04:07.000Z,0.000041,0x93e0187b7c30ea88146c0aa20a9215222f27c698,buy,0x84c2c31c04339c9938adfe3f8013315c8906f071,0xfcf1b4e2f63d50c82fee36a25944539770a6e2873e4a6eb42fa3925624b5eb03
165,4984.548,0.1246137,0xff3f8d703bbfca2bd2be9eb2ba182f071b84f975,2017-10-10T04:33:59.000Z,0.000025,0xff3f8d703bbfca2bd2be9eb2ba182f071b84f975,sell,0x84c2c31c04339c9938adfe3f8013315c8906f071,0x3f814634bb71cbfc9cca1bf9a68da7c3a17a8c5f434485176e6e4fe3fea09d10
166,2111.7144519763838,0.0527928612994096,0xff3f8d703bbfca2bd2be9eb2ba182f071b84f975,2017-10-10T04:28:32.000Z,0.00002499999999999999,0x2f2e42f7378b93941fb989adcbfdf2ddd4ba727b,sell,0x84c2c31c04339c9938adfe3f8013315c8906f071,0x58b6d6ea4f5b5a0feb36eca7beba9382dd66e686a53a2a1208e0ee2d0c2af5e5
167,2623.119873601684,0.10492479494406737,0xa7622a77bf13ba8dc6c37d1edd278346a7e0c174,2017-10-10T04:12:45.000Z,0.00003999999999999999,0x2f2e42f7378b93941fb989adcbfdf2ddd4ba727b,sell,0x84c2c31c04339c9938adfe3f8013315c8906f071,0x8e98e85c8c65c6764899da8eb4d4f07fba539c0854292639cf7efa5cf80b2b47
168,250,0.01000025,0xf36990a2cb4d609e0a7d4f3bf884c0342d81fd3d,2017-10-10T04:10:01.000Z,0.000040001,0x2f2e42f7378b93941fb989adcbfdf2ddd4ba727b,sell,0x84c2c31c04339c9938adfe3f8013315c8906f071,0xb8ea3226b6baec229a853adefdf02214be022f9a624d18c96ea8de8b3c2464f5
169,100,0.005,0x499425c0b1224a6dcb7f82fbe60556fce7b2e175,2017-10-10T03:54:37.000Z,0.00005,0x4dca30bcc9c9db4408141cd67b1515e689f546d8,sell,0x84c2c31c04339c9938adfe3f8013315c8906f071,0x95a6f5cc6826e54b6a3c124c10769560ce87be74ca5a966b149f095eb199e2bd
170,425,0.017,0x90e543bbe2b020dcf69e06927ca2920750dc211f,2017-10-10T01:52:52.000Z,0.00004,0x4d57f35968c555a745e26766d0b87f3039b1b985,buy,0x84c2c31c04339c9938adfe3f8013315c8906f071,0xd656530e8b1433b7f373d2e3fbda3e3e3abfe10ceac75d6908fbb9172a1ab713
171,9969.592717366315,0.39878370869465257,0xa7622a77bf13ba8dc6c37d1edd278346a7e0c174,2017-10-10T01:05:00.000Z,0.00003999999999999999,0x0e3f188b21b534b3454b58ac02c67f192d3ddcae,sell,0x84c2c31c04339c9938adfe3f8013315c8906f071,0xd3349fdfb88e7e19be88a49bb80a13610c1df1fde5cbd3050efe382775216896
172,4984.547901505333,0.19938191606021333,0xa7622a77bf13ba8dc6c37d1edd278346a7e0c174,2017-10-10T00:41:03.000Z,0.00003999999999999999,0x8a75ff000589d114288fa6b7ca9fe51b9fb69283,sell,0x84c2c31c04339c9938adfe3f8013315c8906f071,0xdefacf9caa1c955f37ef52071326a41d444671d1da52024973ffeeae2a16e9af
173,4984.547901505333,0.19938191606021333,0xa7622a77bf13ba8dc6c37d1edd278346a7e0c174,2017-10-10T00:40:09.000Z,0.00003999999999999999,0x0e3f188b21b534b3454b58ac02c67f192d3ddcae,sell,0x84c2c31c04339c9938adfe3f8013315c8906f071,0x6e7d8b810e823b0e517a2702711457d9fa9d3edbaffabf1f85c741591fdac467
174,4984.547901505333,0.19938191606021333,0xa7622a77bf13ba8dc6c37d1edd278346a7e0c174,2017-10-10T00:14:30.000Z,0.00003999999999999999,0xa89cbcec297b68280beb2aad8867196cf5e8b055,sell,0x84c2c31c04339c9938adfe3f8013315c8906f071,0x74170e11a5ba97259afa865751d4c12e5e3591439c1f901b1e6341c6269acabe
175,4984.547901505333,0.19938191606021333,0xa7622a77bf13ba8dc6c37d1edd278346a7e0c174,2017-10-10T00:02:04.000Z,0.00003999999999999999,0xcdd33f58cf447f861af8b55e79b20df38ff855fa,sell,0x84c2c31c04339c9938adfe3f8013315c8906f071,0x3883883c6307eb7e9d02fb44537c035eac5b95d999ccd0697ee260e066a1b52a
176,4984.547901505333,0.19938191606021333,0xa7622a77bf13ba8dc6c37d1edd278346a7e0c174,2017-10-09T23:28:58.000Z,0.00003999999999999999,0x5bcfbcd1ab8b54e0ef9255cd338968d0dc04b651,sell,0x84c2c31c04339c9938adfe3f8013315c8906f071,0xa96db308f1d7c2b3a3acb12fe826dc49d315a779b7799090800b45ce15753021
177,4984.547901505333,0.19938191606021333,0xa7622a77bf13ba8dc6c37d1edd278346a7e0c174,2017-10-09T22:47:26.000Z,0.00003999999999999999,0xfe52bf055d42abbf3a8ed248fa9e9376604b743a,sell,0x84c2c31c04339c9938adfe3f8013315c8906f071,0xef4db67fe5c59b4ae2b9fc153fb06a3d49082e2fac218ecf9876806d6d4ea6e3
178,1700.927,0.061233372,0x801b51aafe13ecabf618fcf4766ea266189d1da1,2017-10-09T22:41:02.000Z,0.000036,0xf9eb1990bdf7117b47247dfed2b9195821b45eea,sell,0x84c2c31c04339c9938adfe3f8013315c8906f071,0x3c7340edebc4dfd22bc9e1d46c726ccd960085e63e0155cafe661cb8cd12e990
179,10225,0.316975,0x801b51aafe13ecabf618fcf4766ea266189d1da1,2017-10-09T22:39:56.000Z,0.000031,0xf9eb1990bdf7117b47247dfed2b9195821b45eea,sell,0x84c2c31c04339c9938adfe3f8013315c8906f071,0x83c2910c79c0227023cda18bd5bfda199aca98e1ff2397ccd93b666f994e1e45
180,299.07287409032,0.01076662346725152,0x801b51aafe13ecabf618fcf4766ea266189d1da1,2017-10-09T22:32:25.000Z,0.00003599999999999999,0x45f625d1b4eaed944ab2af1d95d5ff1601a8199f,sell,0x84c2c31c04339c9938adfe3f8013315c8906f071,0x3ac8c5736776507795bcfcb8446c273d83a3c89f88405394d62010e020592e2d
181,300,0.0111,0x801b51aafe13ecabf618fcf4766ea266189d1da1,2017-10-09T22:13:42.000Z,0.000037,0xf9eb1990bdf7117b47247dfed2b9195821b45eea,sell,0x84c2c31c04339c9938adfe3f8013315c8906f071,0x95a738aea0cf40a8650424cd4baf9077ff4d09a22ddf72444fb098dd70ff3a2a
182,30000,0.9,0x5173f41944484b17271f9ae37e3f86c05eb520c2,2017-10-09T22:11:14.000Z,0.00003,0xf9eb1990bdf7117b47247dfed2b9195821b45eea,sell,0x84c2c31c04339c9938adfe3f8013315c8906f071,0xe5a102942d6a796d55da3716a4a7fdaf241de61c893b33f7ed93d01dc202f0ef
183,19716.379,0.78865516,0x801b51aafe13ecabf618fcf4766ea266189d1da1,2017-10-09T21:59:17.000Z,0.00004,0x0b7d16e5d41a8361ab37e36974e738cb2ea9cb9c,sell,0x84c2c31c04339c9938adfe3f8013315c8906f071,0x50fd489b0bc821f7917e30c4e0235e9a7a319f61bf9f334bb828f70c7720d2b0
184,5283.620775595654,0.21134483102382615,0x801b51aafe13ecabf618fcf4766ea266189d1da1,2017-10-09T21:55:55.000Z,0.00003999999999999999,0x3451a9d11ff53ec6aa67ee61104cde51dd9d745c,sell,0x84c2c31c04339c9938adfe3f8013315c8906f071,0x48d13455839d1d8834b6860bb481b1afb854de96f9fdf312f663d322019e14b0
185,2000,0.072,0x5173f41944484b17271f9ae37e3f86c05eb520c2,2017-10-09T21:54:55.000Z,0.000036,0x4cd1ace2d57ac322437f4c853bdc492ab023de72,buy,0x84c2c31c04339c9938adfe3f8013315c8906f071,0x1607fc5be1ce23eaaa00bc349afe12122498b243646390249b3477dc1d9668b8
186,25000,1,0x5173f41944484b17271f9ae37e3f86c05eb520c2,2017-10-09T21:54:55.000Z,0.00004,0x20c7eb8436056b952032d44c602c1c7f32464e06,buy,0x84c2c31c04339c9938adfe3f8013315c8906f071,0x89c8c55914a58ad9314109cf9dd66b9e6140768bbcc66c230bfa4cdf1bf881a7
187,300,0.0111,0x5173f41944484b17271f9ae37e3f86c05eb520c2,2017-10-09T21:54:55.000Z,0.000037,0x2f6cb1bde566a0536cec0099be0d824197c72c9b,buy,0x84c2c31c04339c9938adfe3f8013315c8906f071,0x134790315d28c6dd4c20eae4b5b7ca5c29a96429974c499b7420f18356160fe7
188,749.998,0.01874995,0x801b51aafe13ecabf618fcf4766ea266189d1da1,2017-10-09T21:08:31.000Z,0.000025,0x342642f4cfdb9bf2e5929ca39524946114791e31,sell,0x84c2c31c04339c9938adfe3f8013315c8906f071,0x4e48e7139c3a1cad1d4d345211b0b6b5f62b64b24b45df4e74483dace400bc8b
189,15,0.00075,0x0024a5046fd95c5eee6db19a69ef7ed3bacd50f1,2017-10-09T20:36:05.000Z,0.00005,0xdd20390d666835135e4eea455fe343c2636fcc7f,buy,0x84c2c31c04339c9938adfe3f8013315c8906f071,0xd614c696d04ab22aea52d219d51c06e782ed36c9c4219e37a2e117dee210e0c4
190,9969.095803010667,0.239258299272256,0x9d78246b84a153d91b9f71381d93904c40fdbb03,2017-10-09T20:35:33.000Z,0.00002399999999999999,0xca115d8a781a8de483ed6a59f8e38a000caf3e58,sell,0x84c2c31c04339c9938adfe3f8013315c8906f071,0x44143a2a92bdf3ce0ea30509e3a341f4f7a39f4edfc9d75ee5587d6d56d5f777
191,41666.667,1.000000008,0x9d78246b84a153d91b9f71381d93904c40fdbb03,2017-10-09T20:04:17.000Z,0.000024,0x0b7d16e5d41a8361ab37e36974e738cb2ea9cb9c,sell,0x84c2c31c04339c9938adfe3f8013315c8906f071,0x30694d8382299ef6ae8619cf305ea628b7f2a3a22775a6baf236f9b5e380de9a
192,1000,0.024,0x641cf5dec78db66010db72471a3fafcc9c168557,2017-10-09T18:44:11.000Z,0.000024,0x4cd1ace2d57ac322437f4c853bdc492ab023de72,buy,0x84c2c31c04339c9938adfe3f8013315c8906f071,0x2b960dcc60d429580ce9bff6d2fe19616518ba37074f999d6865b3e94c4aa26a
193,4984.547901505333,0.119629149636128,0x9d78246b84a153d91b9f71381d93904c40fdbb03,2017-10-09T18:31:46.000Z,0.00002399999999999999,0xdf252473e22254bd2741f501810ca49c92967c01,sell,0x84c2c31c04339c9938adfe3f8013315c8906f071,0xf7a91f1950075ee6301e10376a762eb11bd32e7991f0faeec38699e849d18dda
194,4984.547901505333,0.119629149636128,0x9d78246b84a153d91b9f71381d93904c40fdbb03,2017-10-09T18:30:51.000Z,0.00002399999999999999,0x48cd0aa19ed8443151dc1b0bab50d6d3715475c9,sell,0x84c2c31c04339c9938adfe3f8013315c8906f071,0x5683f0a2a6e5f493fbd2bd85ea9b784e8598891ce64e1eedd068e0958f4a042f
195,0.001993819160602133,0.000000049845479015,0x801b51aafe13ecabf618fcf4766ea266189d1da1,2017-10-09T18:19:06.000Z,0.00002499999999997325,0x9d0dd0071df21ce2e990457c2bc93139e81eba23,sell,0x84c2c31c04339c9938adfe3f8013315c8906f071,0xcc3d8980c0e8a31ba7f42861f8670d12eb0c5d16c607b5462df6b7b7958e73d2
196,7000,0.196,0x1a95cd4452542e529fef25bcc781429e662212de,2017-10-09T18:08:45.000Z,0.000028,0x0b7d16e5d41a8361ab37e36974e738cb2ea9cb9c,sell,0x84c2c31c04339c9938adfe3f8013315c8906f071,0xcc30c1c62653180af6f5b7f5a8230f3467e05354e67f7d188bd8dca89b2db703
197,4984.547901505333,0.119629149636128,0x9d78246b84a153d91b9f71381d93904c40fdbb03,2017-10-09T17:41:31.000Z,0.00002399999999999999,0x3b2898454a13fe09c0b625220cf2264ef0bdb16d,sell,0x84c2c31c04339c9938adfe3f8013315c8906f071,0x61f4fc0fc693f1a2b5ac1e3cf0d59e3b41afe0b6595ff930cd8aa3360ea6db3f
198,5000,0.12,0x9d78246b84a153d91b9f71381d93904c40fdbb03,2017-10-09T17:19:21.000Z,0.000024,0x90e543bbe2b020dcf69e06927ca2920750dc211f,sell,0x84c2c31c04339c9938adfe3f8013315c8906f071,0xc7e7c3d76a75ed19088bb3684898a617c940b78186cb3441867d57b5e0790095
199,418.709,0.011305143,0xf36dbca7cb5b4b272839ab84daec8976ce6291ef,2017-10-09T17:08:48.000Z,0.000027,0xc9e9358b4fd98cdc2cc82867fdfca90e43c1fb22,buy,0x84c2c31c04339c9938adfe3f8013315c8906f071,0x39c1b83831c7cddf3fc10916452b92f2098012cd6774b364f7134eed02c78039
200,186.296,0.005029992,0xf36dbca7cb5b4b272839ab84daec8976ce6291ef,2017-10-09T17:08:48.000Z,0.000027,0xc9e9358b4fd98cdc2cc82867fdfca90e43c1fb22,buy,0x84c2c31c04339c9938adfe3f8013315c8906f071,0x9902eebf1b303a8f81a4adcae2406c73a31a68f4944ea160a01cde9364efb6d4
201,2000,0.054,0xf36dbca7cb5b4b272839ab84daec8976ce6291ef,2017-10-09T17:08:28.000Z,0.000027,0x4cd1ace2d57ac322437f4c853bdc492ab023de72,buy,0x84c2c31c04339c9938adfe3f8013315c8906f071,0x6d211b7e29df52d4546f5facdeb5a6a1a26bc2d0fcfed5178fe9a10e294adf95
202,27460.153524075366,0.7414241451500349,0xacaa9cc40ad5b19c76db3798ff918a4be6d13039,2017-10-09T16:52:12.000Z,0.00002699999999999999,0x0b7d16e5d41a8361ab37e36974e738cb2ea9cb9c,sell,0x84c2c31c04339c9938adfe3f8013315c8906f071,0x2b81ced71700ac7e785971a6b7e8abf3340236dc0a7e6a162a45d7b204f37a71
203,2770.750672913967,0.0748102681686771,0xacaa9cc40ad5b19c76db3798ff918a4be6d13039,2017-10-09T16:44:37.000Z,0.00002699999999999999,0xdf4c871f368850b83977a14292c28c4e415a9cfe,sell,0x84c2c31c04339c9938adfe3f8013315c8906f071,0xc33a186f192c18c6b9d655a9c2770cc284c987ee25364b91f20724c3cfd2db2d
204,4984.547901505333,0.134582793340644,0xacaa9cc40ad5b19c76db3798ff918a4be6d13039,2017-10-09T16:44:37.000Z,0.00002699999999999999,0x5a3605315938bbde068ef0b0bfaf4f730f6968e8,sell,0x84c2c31c04339c9938adfe3f8013315c8906f071,0x5524a777e50d05fc83a794ee7b7a776628037351e7027ba49713f149744090ee
205,50,0.00135,0x68bbd7afd66f2a2c36a817bef85f07e5f63d60f4,2017-10-09T16:25:28.000Z,0.000027,0xc9e9358b4fd98cdc2cc82867fdfca90e43c1fb22,buy,0x84c2c31c04339c9938adfe3f8013315c8906f071,0xdaa8ab03fb30ceed07494cafcafbb156ace04f3b053b8028799b8f78c2ce83d4
206,321.9548848068177,0.008692781889784078,0x43808d5a5cc952c530ff9d0499fa0bfd8ff553bf,2017-10-09T16:20:09.000Z,0.000027,0xc9e9358b4fd98cdc2cc82867fdfca90e43c1fb22,buy,0x84c2c31c04339c9938adfe3f8013315c8906f071,0xa0121985fb71edc7dc0f42cf814a69cdd43d50097129cbf011fb9e762d2cc6e4
207,321.9548848068177,0.008692781889784078,0x43808d5a5cc952c530ff9d0499fa0bfd8ff553bf,2017-10-09T16:20:03.000Z,0.000027,0xc9e9358b4fd98cdc2cc82867fdfca90e43c1fb22,buy,0x84c2c31c04339c9938adfe3f8013315c8906f071,0xa0121985fb71edc7dc0f42cf814a69cdd43d50097129cbf011fb9e762d2cc6e4
208,4800,0.1296,0xacaa9cc40ad5b19c76db3798ff918a4be6d13039,2017-10-09T16:19:58.000Z,0.000027,0x185b2c9e2b48bb60fa2fae0b5871cd44a5b4ce73,sell,0x84c2c31c04339c9938adfe3f8013315c8906f071,0x673688aa03e95324404622003d58f943044b23c77e472a5746623cc9c8544a3b
209,4984.547901505333,0.134582793340644,0xacaa9cc40ad5b19c76db3798ff918a4be6d13039,2017-10-09T16:15:03.000Z,0.00002699999999999999,0xba95b4a5b130c4c1d27dc9e8adcf7f087cdb4c52,sell,0x84c2c31c04339c9938adfe3f8013315c8906f071,0x3c56ba3c451109b8c65c0610476fb6980907d363787bd6a7bcc5b962dd5b7d34
210,1209.3358783910053,0.03265206871655714,0x6784a3a58abfa324f7291a115cbfe44818b71aa4,2017-10-09T16:03:46.000Z,0.000027,0xc9e9358b4fd98cdc2cc82867fdfca90e43c1fb22,buy,0x84c2c31c04339c9938adfe3f8013315c8906f071,0xcaf4c9d84e8c7a3b207f1d7b40aeb9f8333ee1c5d1222e6e8e20bf5bc0d0f0fa
211,703.704,0.019000008,0x93e0187b7c30ea88146c0aa20a9215222f27c698,2017-10-09T15:42:16.000Z,0.000027,0xc9e9358b4fd98cdc2cc82867fdfca90e43c1fb22,buy,0x84c2c31c04339c9938adfe3f8013315c8906f071,0xe91b262441eccccfe8606e199af02083fc353b68ebbe1d228f13d4272368ac12
212,2000,0.052,0xb417fc8781bfd509b91c6360493535512b133481,2017-10-09T15:38:10.000Z,0.000026,0xc9e9358b4fd98cdc2cc82867fdfca90e43c1fb22,buy,0x84c2c31c04339c9938adfe3f8013315c8906f071,0xcf647b7468776a6bfe10390daa440625b72e8ca7e6df3075032292e7a13d8048
213,110,0.00297,0x43808d5a5cc952c530ff9d0499fa0bfd8ff553bf,2017-10-09T15:25:48.000Z,0.000027,0xc9e9358b4fd98cdc2cc82867fdfca90e43c1fb22,buy,0x84c2c31c04339c9938adfe3f8013315c8906f071,0x06fcf660c76e27205b23b16962d62a81cda2ec73b233f0ee122a27e91fb3210b
214,200,0.0054,0x93e0187b7c30ea88146c0aa20a9215222f27c698,2017-10-09T15:19:44.000Z,0.000027,0xdf4c871f368850b83977a14292c28c4e415a9cfe,sell,0x84c2c31c04339c9938adfe3f8013315c8906f071,0xaaea0a2c8e427255d3a970c0c7bfa1f4767334c6e7ca5cbab5ea643b7ade9909
215,320,0.010816,0x43808d5a5cc952c530ff9d0499fa0bfd8ff553bf,2017-10-09T15:19:23.000Z,0.0000338,0x93e0187b7c30ea88146c0aa20a9215222f27c698,buy,0x84c2c31c04339c9938adfe3f8013315c8906f071,0xf289cdb0f06a0cd79d562f10115f9d595a9cd3055d56bbd847d615d973c42c44
216,200,0.0054,0x93e0187b7c30ea88146c0aa20a9215222f27c698,2017-10-09T15:17:08.000Z,0.000027,0xdf4c871f368850b83977a14292c28c4e415a9cfe,sell,0x84c2c31c04339c9938adfe3f8013315c8906f071,0xaaea0a2c8e427255d3a970c0c7bfa1f4767334c6e7ca5cbab5ea643b7ade9909
217,20,0.001,0x93e0187b7c30ea88146c0aa20a9215222f27c698,2017-10-09T15:13:27.000Z,0.00005,0xdf4c871f368850b83977a14292c28c4e415a9cfe,sell,0x84c2c31c04339c9938adfe3f8013315c8906f071,0x4d08f2dd82d45f33e3efdcf3b7dfe233b9fca52339c60f2fdabf5ea5b2c54b94
218,1551.02,0.03799999,0x90e543bbe2b020dcf69e06927ca2920750dc211f,2017-10-09T15:04:09.000Z,0.0000245,0x3b3adc072eb0d890d7ac2909b65c88503386fc51,buy,0x84c2c31c04339c9938adfe3f8013315c8906f071,0x0a444fb203e6b2455c5b26f33893443e3e009549eafcf43be362e6d85e5c43e8
219,4984.547901505333,0.12212142358688068,0xb521c3e4c6cc5591f1f0c06e4f47e661cee64168,2017-10-09T15:02:20.000Z,0.00002449999999999999,0x1c58ecd8fb227fc0fd9bcad0672e86d13a92d728,sell,0x84c2c31c04339c9938adfe3f8013315c8906f071,0x87735c6996717eda2a32d5f4fac79fb536f6f8cb9a3b530d8f21a68d8d8f6a79
220,4984.547901505333,0.12212142358688068,0xb521c3e4c6cc5591f1f0c06e4f47e661cee64168,2017-10-09T15:02:20.000Z,0.00002449999999999999,0xca872b6ac295ed9f8fc664d674ca3b3428b6bf56,sell,0x84c2c31c04339c9938adfe3f8013315c8906f071,0x787ee798cf9c878a711b49da2c7bba924c9b23f966472dde6b03d9d8c83f3a94
221,100,0.0038,0x93e0187b7c30ea88146c0aa20a9215222f27c698,2017-10-09T15:02:20.000Z,0.000038,0x185b2c9e2b48bb60fa2fae0b5871cd44a5b4ce73,sell,0x84c2c31c04339c9938adfe3f8013315c8906f071,0x4f115b390aabb64b2986f9da5391742e0f3d0027490c9f1ece58804f32220b16
222,2448.98,0.06000001,0x93e0187b7c30ea88146c0aa20a9215222f27c698,2017-10-09T14:56:46.000Z,0.0000245,0x3b3adc072eb0d890d7ac2909b65c88503386fc51,buy,0x84c2c31c04339c9938adfe3f8013315c8906f071,0x65bdd9f7d038ca25d2930151da00e8af04bb3ca4199405b4d7420393980fdd3e
223,1470.588,0.049999992,0x90e543bbe2b020dcf69e06927ca2920750dc211f,2017-10-09T14:53:54.000Z,0.000034,0x93e0187b7c30ea88146c0aa20a9215222f27c698,buy,0x84c2c31c04339c9938adfe3f8013315c8906f071,0xf28c9fdf7ed457a6adf944082fb315454108b788e56d0b969d9e34e688b0a625
224,1000,0.0245,0xb417fc8781bfd509b91c6360493535512b133481,2017-10-09T14:53:47.000Z,0.0000245,0x3b3adc072eb0d890d7ac2909b65c88503386fc51,buy,0x84c2c31c04339c9938adfe3f8013315c8906f071,0xf141441927881668d9e1afee866e723993d50cacc0dc68736813234865f36bc0
225,4984.547901505333,0.119629149636128,0x93e0187b7c30ea88146c0aa20a9215222f27c698,2017-10-09T14:41:59.000Z,0.00002399999999999999,0x756e8259c266229d687df5cafa7b1293ca3f6a1a,sell,0x84c2c31c04339c9938adfe3f8013315c8906f071,0xafeb53da941cc80e65884b38fa6ac087820e2c487351e88992b270cff69519b9
226,1324.9127704117236,0.031797906489881365,0x93e0187b7c30ea88146c0aa20a9215222f27c698,2017-10-09T14:41:59.000Z,0.00002399999999999999,0x416b562644966f9359a5e35ebecc3c1a9a2077ff,sell,0x84c2c31c04339c9938adfe3f8013315c8906f071,0xbbfb0ce0bb6b6824737bf8a50b915850fa7b539ad2bb0fa706e0b306618c8a7a
227,4710,0.164379,0x90e543bbe2b020dcf69e06927ca2920750dc211f,2017-10-09T14:33:12.000Z,0.0000349,0x93e0187b7c30ea88146c0aa20a9215222f27c698,buy,0x84c2c31c04339c9938adfe3f8013315c8906f071,0xd34c9ec2bce93d873190160136327ce45f0fc44449c0fa8469ce75b7120e419b
228,2710,0.07588,0x93e0187b7c30ea88146c0aa20a9215222f27c698,2017-10-09T14:19:31.000Z,0.000028,0x416b562644966f9359a5e35ebecc3c1a9a2077ff,sell,0x84c2c31c04339c9938adfe3f8013315c8906f071,0xec83d9a6b0c656310484be68fc1a50ae23ab8a4164099e9b4e7de7ae082b1756
229,950,0.03325,0x68bbd7afd66f2a2c36a817bef85f07e5f63d60f4,2017-10-09T14:05:10.000Z,0.000035,0x4cd1ace2d57ac322437f4c853bdc492ab023de72,buy,0x84c2c31c04339c9938adfe3f8013315c8906f071,0xbbb890a8984b02a681fa008ebbc94186f48076f2e053427a558b77da2d9cb405
230,2000,0.054,0x93e0187b7c30ea88146c0aa20a9215222f27c698,2017-10-09T13:54:40.000Z,0.000027,0x4cd1ace2d57ac322437f4c853bdc492ab023de72,buy,0x84c2c31c04339c9938adfe3f8013315c8906f071,0x3245fd41ddc6e85a7a1ed3d8b1959f2bd9cb2f7bcb71e5c9374820ffe3a93c4a
231,950,0.03325,0x6784a3a58abfa324f7291a115cbfe44818b71aa4,2017-10-09T13:54:40.000Z,0.000035,0x416b562644966f9359a5e35ebecc3c1a9a2077ff,sell,0x84c2c31c04339c9938adfe3f8013315c8906f071,0x09efbe2d3ca6600015edeeee320af8b90bb9cca474ef36e18b4fa34197abdd7c
232,2713.9,0.09200121,0xc8ae1373d87e51f32bfad9315d6e1b7a76977846,2017-10-09T13:34:17.000Z,0.0000339,0x93e0187b7c30ea88146c0aa20a9215222f27c698,buy,0x84c2c31c04339c9938adfe3f8013315c8906f071,0x9a448c9f95bbd74ea514b2e4df26237521f58f6327b919a7ccc738a3e3009e55
233,44306.36165541451,1.550722657939508,0xc8ae1373d87e51f32bfad9315d6e1b7a76977846,2017-10-09T13:30:28.000Z,0.000035,0xf75e1b6f5cfa94d6645bd9bd9649e977fa333968,buy,0x84c2c31c04339c9938adfe3f8013315c8906f071,0x0c7ccf52a426cc3d460f9f534f87d7544885e5a62f784c516cef220f356563e1
234,10237.35234458549,0.35830733206049215,0x1add80d013c0d7bd92224ee6a4872f2d03fa13a3,2017-10-09T13:23:09.000Z,0.000035,0xf75e1b6f5cfa94d6645bd9bd9649e977fa333968,buy,0x84c2c31c04339c9938adfe3f8013315c8906f071,0xf836e5bdb62060b92c3598599c4089a7271fcb61c7eee482cb4173e4800b2284
235,514.286,0.01800001,0x90e543bbe2b020dcf69e06927ca2920750dc211f,2017-10-09T13:16:38.000Z,0.000035,0xf75e1b6f5cfa94d6645bd9bd9649e977fa333968,buy,0x84c2c31c04339c9938adfe3f8013315c8906f071,0xdd0bd19fb94f27412a9db86d48a93f62d391fb3e3de73b3cccbf06765f8d4472
236,927,0.031518,0x90e543bbe2b020dcf69e06927ca2920750dc211f,2017-10-09T13:11:18.000Z,0.000034,0x4dca30bcc9c9db4408141cd67b1515e689f546d8,buy,0x84c2c31c04339c9938adfe3f8013315c8906f071,0xd12d615258fc0cce10a86e95ce5660765b823548dd90da2e205b895a089667c9
237,533.9038677818597,0.013347596694546491,0x93e0187b7c30ea88146c0aa20a9215222f27c698,2017-10-09T12:21:44.000Z,0.000025,0x4dca30bcc9c9db4408141cd67b1515e689f546d8,sell,0x84c2c31c04339c9938adfe3f8013315c8906f071,0xea37887818ef44aa63cf5a4cb29bd65a5e40b2d68ec0931dcb83fa258df38412
238,2180,0.05668,0x93e0187b7c30ea88146c0aa20a9215222f27c698,2017-10-09T12:15:44.000Z,0.000026,0x4dca30bcc9c9db4408141cd67b1515e689f546d8,sell,0x84c2c31c04339c9938adfe3f8013315c8906f071,0xc8dd0f3754d4c49b45e16c4bb88ae62a154307483c190a3a0e68c118f101f766
239,850,0.034,0x90e543bbe2b020dcf69e06927ca2920750dc211f,2017-10-09T11:32:39.000Z,0.00004,0x4dca30bcc9c9db4408141cd67b1515e689f546d8,buy,0x84c2c31c04339c9938adfe3f8013315c8906f071,0xeaceec3d5e473214ec929030eb2d634428bbf7d0e21788279d96bbed00917614
240,2492.2739507526667,0.17445917655268667,0x10021313b39ec7cffb729a01facc7e5fe9130e5a,2017-10-09T10:00:27.000Z,0.00007,0x65f2dddf638c7a7118b22d610c9aeba141f2467f,sell,0x84c2c31c04339c9938adfe3f8013315c8906f071,0x7e5fc874779acb7a3e90fc9fbda161798c87f3b9d220e44cd0c2382f9d9a6be5
241,2500,0.125,0x65f2dddf638c7a7118b22d610c9aeba141f2467f,2017-10-09T10:00:27.000Z,0.00005,0x4dca30bcc9c9db4408141cd67b1515e689f546d8,buy,0x84c2c31c04339c9938adfe3f8013315c8906f071,0x7e5fc874779acb7a3e90fc9fbda161798c87f3b9d220e44cd0c2382f9d9a6be5
242,4984.547901505333,0.029907287409032,0xff3f8d703bbfca2bd2be9eb2ba182f071b84f975,2017-10-09T07:26:46.000Z,0.00000599999999999999,0x491abe8711af71efb086b827a4c7d68905efb0fa,sell,0x84c2c31c04339c9938adfe3f8013315c8906f071,0x1264b0329b70c1f039193f1303994478972b221ee9c800044191c8622db9b3a3
243,69570.49436250166,0.3548095212487585,0x3318a522d8f4bf552f7e57961356e4639d77db96,2017-10-09T07:16:38.000Z,0.00000509999999999999,0xe7a820315943083a81fc5e6ccd8793af98b2400a,sell,0x84c2c31c04339c9938adfe3f8013315c8906f071,0x53e46e73f191e6af8f8dfcf6a360263df08e1c9394069159c6ca188fddf4166b
244,1,0.0001,0x0671f73668831051b71f967938d22f3584a3051d,2017-10-09T06:26:25.000Z,0.0001,0xc6757a2b8e1fcda85dbaf0ed45133de95ab8a8c5,buy,0x84c2c31c04339c9938adfe3f8013315c8906f071,0x606c7a29ae84e2225441c3b76e6a0effa9fa1db63b3c985a05e0f46e08a4bf2e
245,4984.547901505333,0.024922739507526666,0x34f65e7c2045a7f75122caaffb2f1dc93c45468f,2017-10-09T06:18:24.000Z,0.00000499999999999999,0x49b27c452166cccb9be69085637c1751edbfa8a4,sell,0x84c2c31c04339c9938adfe3f8013315c8906f071,0xef286f18ba2c74d8cad6c943fb3591e0b4ee8045269a7fc6d90c74e26af1fde0
246,5000,0.345,0x58a1140a65a026f3157c1987d378eed2dbbab4a3,2017-10-09T05:46:52.000Z,0.000069,0x47e9cfa8c920dd158260ceeedf0176cf01d225e1,buy,0x84c2c31c04339c9938adfe3f8013315c8906f071,0x96de83dbcb06cf979d8fd3e27ae5f0bbfb332480dd8c4adcae1993c70a6c4d24
247,4992.383792805313,0.33448971411795597,0x58a1140a65a026f3157c1987d378eed2dbbab4a3,2017-10-09T05:42:47.000Z,0.000067,0xbb081cd3d43b900463e2fb2f9fbfcf8c5ab61ef3,buy,0x84c2c31c04339c9938adfe3f8013315c8906f071,0xc293e7c7954bf96dc0d41dd9b6a0b4bb28e58697ac99eb958238284646600bbd
248,7.616207194687209,0.000510285882044043,0xbd11a3bae9ea4473053ad48d83e887e4bae2c3cf,2017-10-09T05:39:18.000Z,0.000067,0xbb081cd3d43b900463e2fb2f9fbfcf8c5ab61ef3,buy,0x84c2c31c04339c9938adfe3f8013315c8906f071,0xd6300136c34cd76d114c4eb82a3a5320f94e60ae964fdf4bb86c992b7e0249b7
249,19938.191606021333,0.19938191606021333,0x6a048cfba87b99c7a900bfcf959a81b87a9db382,2017-10-09T04:56:12.000Z,0.00001,0xf75e1b6f5cfa94d6645bd9bd9649e977fa333968,buy,0x84c2c31c04339c9938adfe3f8013315c8906f071,0x2412f694fb3d2ca28244b443472da5b762041d46e3ea644b81ef1d704fe454f6
250,39876.38321204267,0.119629149636128,0x3453011daa568b3fed926bb0cf5e0a7b62454c97,2017-10-09T01:16:47.000Z,0.00000299999999999999,0x480581861e193f7e1e5683b8c491d21f0ce6f62b,sell,0x84c2c31c04339c9938adfe3f8013315c8906f071,0x4054ae2f8b4efb863d23b40d26d044357d5dc76ebe6378fa2a0878408c39b1da
251,3.5203875027415,0.000035203875027415,0x342642f4cfdb9bf2e5929ca39524946114791e31,2017-10-08T23:55:19.000Z,0.00001,0xf75e1b6f5cfa94d6645bd9bd9649e977fa333968,buy,0x84c2c31c04339c9938adfe3f8013315c8906f071,0xd6eedfdd65162d796b026dac0480044b2dac170dc24bc270ac3c1104de9ba23f
252,9969.095803010667,0.009969095803010666,0xe7a820315943083a81fc5e6ccd8793af98b2400a,2017-10-08T23:11:16.000Z,0.00000099999999999999,0xa9770b7abcaa479e68298e46ae58aef2f601ab37,sell,0x84c2c31c04339c9938adfe3f8013315c8906f071,0x9661fdcd79ab3b6a2618659a0717bccc43d9622cd3a91a1e72768972c8204919
253,34817.06709201475,0.03481706709201476,0xe7a820315943083a81fc5e6ccd8793af98b2400a,2017-10-08T23:10:46.000Z,0.00000099999999999999,0x4b2e87745c3a11e50d5bb4d83a763f95069852a5,sell,0x84c2c31c04339c9938adfe3f8013315c8906f071,0x90c06016f5174c432762f7d3ba52597d170a5bda866553ab99d93c9a6c348fae
254,25000,0.0375,0xe7a820315943083a81fc5e6ccd8793af98b2400a,2017-10-08T22:40:22.000Z,0.0000015,0x4b2e87745c3a11e50d5bb4d83a763f95069852a5,sell,0x84c2c31c04339c9938adfe3f8013315c8906f071,0xffaedfadb34dcec2d3131c653f913c2479949335c646bd3daf8fed94410db413
