,amount,amountBase,buyer,date,price,seller,side,tokenAddr,txHash
0,5000,0.205,0xbbe8a1421d8583194bd959a640cb82225650c748,2017-11-02T12:20:41.000Z,0.000041,0x626fcc98ee86ee187039e93f19272bdea20fee09,sell,0x3a26746ddb79b1b8e4450e3f4ffe3285a307387e,0x147f1eeb3e29e76a46b427e6c33d059f654ea49343d7a0b7e8a24489c499be16
1,7820,0.35190782,0xb766a4790be0441006226ec1b11a20424626cdcf,2017-11-02T12:20:17.000Z,0.000045001,0x626fcc98ee86ee187039e93f19272bdea20fee09,sell,0x3a26746ddb79b1b8e4450e3f4ffe3285a307387e,0xeb3d59790ac64d14ca167ad2b71d662cef6fcab52aaf48df821db6073d81815b
2,2500,0.1125,0x9d413c9f3650b2d7a264373bc89c457a05dedcae,2017-11-02T12:20:17.000Z,0.000045,0x626fcc98ee86ee187039e93f19272bdea20fee09,sell,0x3a26746ddb79b1b8e4450e3f4ffe3285a307387e,0x7e8a365cba6a9905d2afc81fb6264fd64e4483803e943edf7e20029b812bcc75
3,5.00050005,0.0005,0x4fda9e6bcd83af6c5cc771b5d20accc2b7720074,2017-11-02T10:44:29.000Z,0.00009999000000009999,0xea77e83c306f3e3f4654e2b2e272306efc94c9bd,buy,0x3a26746ddb79b1b8e4450e3f4ffe3285a307387e,0x6d40404f4c4a3b7f0e07b85ebfb5a509ab0474282ab0e1d4ce48c34530d01283
4,5.00050005,0.0005,0x3075f7f189912f4f425dd7021b9c396434197477,2017-11-02T10:22:56.000Z,0.00009999000000009999,0xea77e83c306f3e3f4654e2b2e272306efc94c9bd,buy,0x3a26746ddb79b1b8e4450e3f4ffe3285a307387e,0xc49858ecb7cca994c2e54fb9deee8a46047931d6446d63552d9720fae4feb478
5,4352,0.82688,0x2ddd0808be289cb902711c7ac4148560297e6ca3,2017-10-31T21:59:12.000Z,0.00019,0xbbe8a1421d8583194bd959a640cb82225650c748,buy,0x3a26746ddb79b1b8e4450e3f4ffe3285a307387e,0x725d6cec840a9eab98c63099f72363d3de25eca7a7027aa9a13d9cb7cd483f74
6,1000,0.199,0x2ddd0808be289cb902711c7ac4148560297e6ca3,2017-10-31T17:36:53.000Z,0.000199,0x503a6945bc893a957deda173e3b1bd235a2f9112,buy,0x3a26746ddb79b1b8e4450e3f4ffe3285a307387e,0xcb5bdea32752a940a8c21aeeaf4f24be90499bc5a06bddc62c68c1c821975ab1
7,650,0.085735,0x2ddd0808be289cb902711c7ac4148560297e6ca3,2017-10-31T10:01:21.000Z,0.0001319,0x5f4bac6f00064627066e53df4a40f5f8effaa925,buy,0x3a26746ddb79b1b8e4450e3f4ffe3285a307387e,0xa8657c08c3ce2d5bd20806c6b8a7ce41f9fa4e07c95bfaf9ac42b75e01a86fc6
8,1298.977,0.153279286,0x2ddd0808be289cb902711c7ac4148560297e6ca3,2017-10-31T09:59:00.000Z,0.000118,0x9d413c9f3650b2d7a264373bc89c457a05dedcae,buy,0x3a26746ddb79b1b8e4450e3f4ffe3285a307387e,0x03806ae2d43a463a3e4dd9c99af259ee7e3e9e85fe08eb07bb4008acf98641a2
9,2554.08646113,0.10223957022174167,0x66ba7e4d074192839652a4042a6fa9ad96bab92d,2017-10-31T06:33:25.000Z,0.0000400298,0x8ce3bb397893e32992736331c34a51195022dd46,sell,0x3a26746ddb79b1b8e4450e3f4ffe3285a307387e,0x11533e3cccc63177933feeaca9507e42e07c48e979f8b265144374d32cb9345c
10,1000,0.041,0xea77e83c306f3e3f4654e2b2e272306efc94c9bd,2017-10-31T06:27:59.000Z,0.000041,0x8ce3bb397893e32992736331c34a51195022dd46,sell,0x3a26746ddb79b1b8e4450e3f4ffe3285a307387e,0x50be76b8c31639b8fe671f24c63f24c73cef92e831f92b5580b4f4e9dc848808
11,5000,0.20525,0x0bbb57db57004f00d88a6d115689eb0b645a0f0e,2017-10-31T06:27:41.000Z,0.00004105,0x8ce3bb397893e32992736331c34a51195022dd46,sell,0x3a26746ddb79b1b8e4450e3f4ffe3285a307387e,0xb0c5a1b5a8cf738aa151e28d78204e219e4a52f04d92e41aa0ee3be8149c794c
12,1544.4624494,0.06182452295699212,0x66ba7e4d074192839652a4042a6fa9ad96bab92d,2017-10-30T18:34:11.000Z,0.0000400298,0xa06fb4fe461ad9f2c5d45b22e18c3f67bbd84101,sell,0x3a26746ddb79b1b8e4450e3f4ffe3285a307387e,0x39b4305eefbc67e657573b329e59b941a9df5f4a3420723f1d3a4a8f5755784c
13,900,0.04509,0x0190d5407e389ba2ca7ad1d6f480f8ebefffb7d9,2017-10-30T15:15:47.000Z,0.0000501,0x8ce3bb397893e32992736331c34a51195022dd46,sell,0x3a26746ddb79b1b8e4450e3f4ffe3285a307387e,0x490e0e5167083c5dcbd48f2721513fd213bb2468531977c02847d22f70bc4a92
14,561.307,0.0779655423,0x98b35e9447c24e45a187d8cd8d275a2e83f8f01b,2017-10-30T10:36:09.000Z,0.0001389,0x72fd2ec5dfe929f2ab3f6f14de7ffa83e8558f54,buy,0x3a26746ddb79b1b8e4450e3f4ffe3285a307387e,0x4df6967273c66957ec47dff0a7943fdff647bdf195a535c54c55e2b370a01fa5
15,160.8852557,0.006916457142543,0x0190d5407e389ba2ca7ad1d6f480f8ebefffb7d9,2017-10-30T07:35:57.000Z,0.00004299,0x14aae375993ba1152f425e39b44d7e06adeb493d,sell,0x3a26746ddb79b1b8e4450e3f4ffe3285a307387e,0xe58bb1d41ef06cd468d256f844b3d77f1cffd611f751ecc54d09dcc39d32490a
16,438.69254985,0.060934395174957634,0x98b35e9447c24e45a187d8cd8d275a2e83f8f01b,2017-10-30T06:15:20.000Z,0.0001389000000018068,0x72fd2ec5dfe929f2ab3f6f14de7ffa83e8558f54,buy,0x3a26746ddb79b1b8e4450e3f4ffe3285a307387e,0x45a542d66ab4cee27cf43bb3a5baa970028b6a163cfff8a12887b6911cdc29ed
17,1.02284656,0.000125810127868585,0xee6d9ee0130877137dcba28f7e909a65a0031d7d,2017-10-29T00:16:41.000Z,0.00012300000096650371,0x9d413c9f3650b2d7a264373bc89c457a05dedcae,buy,0x3a26746ddb79b1b8e4450e3f4ffe3285a307387e,0x074aee4cc836741da82b8ddfb27141164790f216b0abdfc9c1790584204da75e
18,200,0.0246,0xee6d9ee0130877137dcba28f7e909a65a0031d7d,2017-10-29T00:12:27.000Z,0.000123,0x9d413c9f3650b2d7a264373bc89c457a05dedcae,buy,0x3a26746ddb79b1b8e4450e3f4ffe3285a307387e,0x84de31454141dd90235acb491d231455880141759e438b1ed25c60fce87ae699
19,0.00002,0.00000000246,0x273a5d3e6721b9f5c1a6474f560c1334c63dda01,2017-10-28T22:24:52.000Z,0.000123,0x9d413c9f3650b2d7a264373bc89c457a05dedcae,buy,0x3a26746ddb79b1b8e4450e3f4ffe3285a307387e,0x1136faa4d2d0c8dca7cc24c47d321458d5597d5f981933e1d35e799734943599
20,0.00001994,0.4985,0x3d851864d9e56451f09e687e6d25db2d412bdede,2017-10-28T22:24:52.000Z,25000,0x273a5d3e6721b9f5c1a6474f560c1334c63dda01,sell,0x3a26746ddb79b1b8e4450e3f4ffe3285a307387e,0x1136faa4d2d0c8dca7cc24c47d321458d5597d5f981933e1d35e799734943599
21,4.16666666,0.0005,0x34f9560c63078eb61872a4dc2ccd20e21c34feaf,2017-10-28T20:32:02.000Z,0.000120000000192,0x5f4b3ee61a3a47f2cab2fe97cb1a96ee947cedcb,buy,0x3a26746ddb79b1b8e4450e3f4ffe3285a307387e,0x2f8ef4b5a97cf60730817ac1ded9f27c503d92d344727e83c4bdab5988774031
22,4.16666666,0.0005,0xe444a40689f51f63bcd29910622035707d533d29,2017-10-28T20:25:45.000Z,0.000120000000192,0x5f4b3ee61a3a47f2cab2fe97cb1a96ee947cedcb,buy,0x3a26746ddb79b1b8e4450e3f4ffe3285a307387e,0xe5c55849f153ba8004fe515cc7b17d640a86519aa277e884b7872dd2c183b324
23,1500,0.105,0x9d413c9f3650b2d7a264373bc89c457a05dedcae,2017-10-27T00:25:21.000Z,0.00007,0x626fcc98ee86ee187039e93f19272bdea20fee09,sell,0x3a26746ddb79b1b8e4450e3f4ffe3285a307387e,0x16f506e45cecb24d5fadb4a9bc37cc9a5ce025f0fce4b76df227e766cc34cc94
24,1736.61648888,0.08856744093288,0xbbe8a1421d8583194bd959a640cb82225650c748,2017-10-26T19:03:38.000Z,0.000051,0x1be52a01d15c1b0ceca5f0b9947d195310f60385,sell,0x3a26746ddb79b1b8e4450e3f4ffe3285a307387e,0x51aa67fde168d29f27d2ba111ef8ff39a6138cfe96f614d3c4f6c6238bc06467
25,797.92642807,0.04069424783157,0xbbe8a1421d8583194bd959a640cb82225650c748,2017-10-26T17:05:23.000Z,0.000051,0x3cf0a8dfcaafb1c11c569861922d61cfd4ac6cb4,sell,0x3a26746ddb79b1b8e4450e3f4ffe3285a307387e,0xd0d6a62305a25db46120ad09fe36ed6f07e0b74c14bb74305c56f4f8de568704
26,429.66306032,0.021483153016,0x1d5321e125f6c7079a716705541c7b371ca79e69,2017-10-26T15:19:01.000Z,0.00005,0x6dd0b878c5755e808121639291796fc9bb416e47,buy,0x3a26746ddb79b1b8e4450e3f4ffe3285a307387e,0x7b3197c475132597d94134ff10d91ddf1cc21dd955fe82c70a7000e9a91bad27
27,428.37792654,0.02184727425354,0xbbe8a1421d8583194bd959a640cb82225650c748,2017-10-26T15:19:01.000Z,0.000051,0x1d5321e125f6c7079a716705541c7b371ca79e69,sell,0x3a26746ddb79b1b8e4450e3f4ffe3285a307387e,0x7b3197c475132597d94134ff10d91ddf1cc21dd955fe82c70a7000e9a91bad27
28,100,0.005,0xe673b1ea0c5d49462ce27cff1d58177af5de7dfa,2017-10-26T15:10:14.000Z,0.00005,0x6dd0b878c5755e808121639291796fc9bb416e47,buy,0x3a26746ddb79b1b8e4450e3f4ffe3285a307387e,0xf78ae1708239d008088ca8cf53fb1f0e937c48109017e4320547c311fc3b9583
29,1.91393967,0.000095696983960326,0x6dd0b878c5755e808121639291796fc9bb416e47,2017-10-26T14:38:32.000Z,0.00005000000024051228,0x6dd0b878c5755e808121639291796fc9bb416e47,buy,0x3a26746ddb79b1b8e4450e3f4ffe3285a307387e,0x2b66e07cd36c3e96403f637320b79d9da6ce5cbae207c8484de183f5f1b04e18
30,79,0.00948,0x00f88a2eb274ba2151f89ac5cf80d15b04b20fb8,2017-10-26T14:19:01.000Z,0.00012,0x6dd0b878c5755e808121639291796fc9bb416e47,sell,0x3a26746ddb79b1b8e4450e3f4ffe3285a307387e,0x347c9f371c88528d19c80e1b04b7d3825999ad034261be0b270b9e3389de786d
31,200,0.024,0x98c40f877dd771b53253d5570cf280cc1d509eee,2017-10-26T06:09:58.000Z,0.00012,0x3cf0a8dfcaafb1c11c569861922d61cfd4ac6cb4,sell,0x3a26746ddb79b1b8e4450e3f4ffe3285a307387e,0x68e43106b0c7f6cc6a5d8b8d03493ed4059787a5ee19ea7546bbe23b74f3e39b
32,610.814,0.10383838,0x6dd0b878c5755e808121639291796fc9bb416e47,2017-10-26T04:36:55.000Z,0.00017,0xbbe8a1421d8583194bd959a640cb82225650c748,buy,0x3a26746ddb79b1b8e4450e3f4ffe3285a307387e,0xc06edd6f44b1f397b61b7c5001a3711c29e536d8207150a9759fcc12f9b49ae8
33,1758.57768156,0.3515396785452727,0xcc149530837d24538605890d23fb21ef2b139896,2017-10-25T17:35:22.000Z,0.0001999000000008124,0xb766a4790be0441006226ec1b11a20424626cdcf,buy,0x3a26746ddb79b1b8e4450e3f4ffe3285a307387e,0xfffdb5ba328276ca1a7a34bf52b913bfb5d771ac27aaea6cbeb20adde7f298ae
34,1000,0.0465,0x3cf0a8dfcaafb1c11c569861922d61cfd4ac6cb4,2017-10-25T15:13:34.000Z,0.0000465,0x8ce3bb397893e32992736331c34a51195022dd46,sell,0x3a26746ddb79b1b8e4450e3f4ffe3285a307387e,0x17443f053c7c32bc6b0931ffcf597897996b3b16d4c7d9812266bc7c7ac7875b
35,0.00001994,0.01994,0xb766a4790be0441006226ec1b11a20424626cdcf,2017-10-24T08:02:18.000Z,1000,0x273a5d3e6721b9f5c1a6474f560c1334c63dda01,sell,0x3a26746ddb79b1b8e4450e3f4ffe3285a307387e,0x48b89dbcc02aa94f86e41ffbe559ebd5bcbde40694a89d33f85a144a2d894a0e
36,0.00002,0.000000006,0x273a5d3e6721b9f5c1a6474f560c1334c63dda01,2017-10-24T08:02:18.000Z,0.0003,0x8ce3bb397893e32992736331c34a51195022dd46,buy,0x3a26746ddb79b1b8e4450e3f4ffe3285a307387e,0x48b89dbcc02aa94f86e41ffbe559ebd5bcbde40694a89d33f85a144a2d894a0e
37,250,0.083325,0xa8937f0183f0186bb37b2555652851dbc475381a,2017-10-23T20:07:26.000Z,0.0003333,0xa06fb4fe461ad9f2c5d45b22e18c3f67bbd84101,sell,0x3a26746ddb79b1b8e4450e3f4ffe3285a307387e,0x8b6afc2083556d78a5550581638f3118bacf005946c0a80f2de2b6b770305250
38,0.00003688,0.022128,0xb766a4790be0441006226ec1b11a20424626cdcf,2017-10-22T17:27:17.000Z,600,0x273a5d3e6721b9f5c1a6474f560c1334c63dda01,sell,0x3a26746ddb79b1b8e4450e3f4ffe3285a307387e,0xf432b2355dd32596f22496f8484e9d8da35af3aa39c476b012abf4418036a080
39,0.000037,0.0000000148,0x273a5d3e6721b9f5c1a6474f560c1334c63dda01,2017-10-22T17:27:17.000Z,0.0004,0xbbe8a1421d8583194bd959a640cb82225650c748,buy,0x3a26746ddb79b1b8e4450e3f4ffe3285a307387e,0xf432b2355dd32596f22496f8484e9d8da35af3aa39c476b012abf4418036a080
40,10,0.00435,0x304c929780c19ae230022779a75b451f63d4705f,2017-10-22T03:51:45.000Z,0.000435,0x626fcc98ee86ee187039e93f19272bdea20fee09,sell,0x3a26746ddb79b1b8e4450e3f4ffe3285a307387e,0xf9ab3c4ae6f5b5d949836c7f2eba1319d30fd0d6d64475fc18d3e9c53ef369a9
41,1314.885463,0.047335876668,0x5e4c8b04c9753ad2bcd2b5d82281b8546df27b50,2017-10-21T23:46:35.000Z,0.000036,0x3e379f55f8faae407fae416f8ca096a82d2dee70,sell,0x3a26746ddb79b1b8e4450e3f4ffe3285a307387e,0x677ac0ddcfb715fdd91d685fe45e4ba0b032bf807f9e42ef103dbdda71a1f78c
42,565,0.06441,0xb766a4790be0441006226ec1b11a20424626cdcf,2017-10-21T23:45:14.000Z,0.000114,0x3e379f55f8faae407fae416f8ca096a82d2dee70,sell,0x3a26746ddb79b1b8e4450e3f4ffe3285a307387e,0xc121cebd31343f96500b71d7746ab2af1c7d051443279ce195eafed50375d85f
43,704,0.0704,0xb766a4790be0441006226ec1b11a20424626cdcf,2017-10-21T23:45:14.000Z,0.0001,0x3e379f55f8faae407fae416f8ca096a82d2dee70,sell,0x3a26746ddb79b1b8e4450e3f4ffe3285a307387e,0x51f7cf64b37fb334d48c6cc61b82eae938ef4e8391fd8545c1e29fc91a4ac61a
44,670,0.0804,0xb766a4790be0441006226ec1b11a20424626cdcf,2017-10-21T19:43:58.000Z,0.00012,0x626fcc98ee86ee187039e93f19272bdea20fee09,sell,0x3a26746ddb79b1b8e4450e3f4ffe3285a307387e,0xc423da0e8a76bb2b60f8c012252edfd2a79d0ea4919a580303162b7e66ebd723
45,2000,0.31,0xbbe8a1421d8583194bd959a640cb82225650c748,2017-10-21T14:52:47.000Z,0.000155,0x8ce3bb397893e32992736331c34a51195022dd46,sell,0x3a26746ddb79b1b8e4450e3f4ffe3285a307387e,0x924960dff4408c5e845f671a6e3de11c55f538d2ec4bde6aedf8415cf30ee152
46,1000,0.15,0x503a6945bc893a957deda173e3b1bd235a2f9112,2017-10-21T14:52:47.000Z,0.00015,0x8ce3bb397893e32992736331c34a51195022dd46,sell,0x3a26746ddb79b1b8e4450e3f4ffe3285a307387e,0x279fc35dfdc9a70b30c89edc7d3245aecab53a6cf2b09991a3211e4ffd73e364
47,69,0.041399931,0x2a2ceb256a17fafd0a1e7485d8d9b5fda8fc9003,2017-10-21T03:08:27.000Z,0.000599999,0xc7c9f2d328c104fc59ce23bc25bfad5c5566cfeb,buy,0x3a26746ddb79b1b8e4450e3f4ffe3285a307387e,0xc0c202392848620be7a144e59238927b7cccc0884b4e261c619f3a8c962e1e56
48,1.00007337,0.0005500403535,0x2a2ceb256a17fafd0a1e7485d8d9b5fda8fc9003,2017-10-21T03:04:32.000Z,0.00055,0xb766a4790be0441006226ec1b11a20424626cdcf,buy,0x3a26746ddb79b1b8e4450e3f4ffe3285a307387e,0xa8e1cb7a8b7cdb0144e7ea2d3830537bc8e2b86a120269e7921299b465dfa4bd
49,130,0.0715,0x2a2ceb256a17fafd0a1e7485d8d9b5fda8fc9003,2017-10-21T03:02:46.000Z,0.00055,0xb766a4790be0441006226ec1b11a20424626cdcf,buy,0x3a26746ddb79b1b8e4450e3f4ffe3285a307387e,0x6fc5a46804b33bb6921d9d1ec13bfaa2926cd47501eb53c4641e547d36553b66
50,150,0.075,0x2a2ceb256a17fafd0a1e7485d8d9b5fda8fc9003,2017-10-21T03:00:49.000Z,0.0005,0xb766a4790be0441006226ec1b11a20424626cdcf,buy,0x3a26746ddb79b1b8e4450e3f4ffe3285a307387e,0x3b3f8bf986697aa431434da49a83ee5a139568a9d351db30a445ebc2a4bacdbb
51,20,0.0034,0xe673b1ea0c5d49462ce27cff1d58177af5de7dfa,2017-10-20T17:16:54.000Z,0.00017,0xb766a4790be0441006226ec1b11a20424626cdcf,buy,0x3a26746ddb79b1b8e4450e3f4ffe3285a307387e,0x9802b2311fae38b76698815a6bfb4a86267c3ae5207733877f9340656ca770ff
52,200,0.0246912,0x503a6945bc893a957deda173e3b1bd235a2f9112,2017-10-20T15:30:42.000Z,0.000123456,0xb766a4790be0441006226ec1b11a20424626cdcf,buy,0x3a26746ddb79b1b8e4450e3f4ffe3285a307387e,0x1129390bdde7efa4e1e06e02b26b5550aec2c9c4cd33ee9827963629078d3153
53,398.986,0.039898201014,0x503a6945bc893a957deda173e3b1bd235a2f9112,2017-10-20T15:29:08.000Z,0.000099999,0xb766a4790be0441006226ec1b11a20424626cdcf,buy,0x3a26746ddb79b1b8e4450e3f4ffe3285a307387e,0x18d27b7a71ca3583c3f3226e69d152e0841b70089227eaf541f8408fdc050019
54,0.01392663,0.000001392649765599,0xee6d9ee0130877137dcba28f7e909a65a0031d7d,2017-10-20T01:08:30.000Z,0.00009999904970542047,0xb766a4790be0441006226ec1b11a20424626cdcf,buy,0x3a26746ddb79b1b8e4450e3f4ffe3285a307387e,0xcbef673eb47e339b0f1f49a1d004988190b7379c3f939eaff1885dd1fc7a899d
55,1,0.000099999,0x6cdea8e07bf82d7a07dbf36642d6e5be8623845c,2017-10-20T01:01:26.000Z,0.000099999,0xb766a4790be0441006226ec1b11a20424626cdcf,buy,0x3a26746ddb79b1b8e4450e3f4ffe3285a307387e,0x301c6f2ba620ee50fdac4ad3044230e3ffa780662be053f5e2d0095395361b67
56,139.69669798,0.013969669798721485,0xee6d9ee0130877137dcba28f7e909a65a0031d7d,2017-10-19T08:23:28.000Z,0.00010000000000516466,0x8ce3bb397893e32992736331c34a51195022dd46,buy,0x3a26746ddb79b1b8e4450e3f4ffe3285a307387e,0x069862c93cac68fac0ffa1cc7fbefc67140d4a9152010023cdfa23ede5c4c3b2
57,300,0.1797,0xa299302b931aa976cf33b85cd0e70e2f130b5641,2017-10-19T03:10:22.000Z,0.000599,0xc7c9f2d328c104fc59ce23bc25bfad5c5566cfeb,buy,0x3a26746ddb79b1b8e4450e3f4ffe3285a307387e,0x6894d225386859c3e85acacda0cdb466e9e5c332e382d1d662fdeddead9fdc5f
58,64,0.015488,0xa299302b931aa976cf33b85cd0e70e2f130b5641,2017-10-19T03:07:26.000Z,0.000242,0xbbe8a1421d8583194bd959a640cb82225650c748,buy,0x3a26746ddb79b1b8e4450e3f4ffe3285a307387e,0x92f7ba35ee63fac2ef67e0bf295220da048ae169a723a326a2c6ce750d328c16
59,4200,0.336,0xee6d9ee0130877137dcba28f7e909a65a0031d7d,2017-10-19T02:39:16.000Z,0.00008,0x8ce3bb397893e32992736331c34a51195022dd46,sell,0x3a26746ddb79b1b8e4450e3f4ffe3285a307387e,0x29dcea1ed22aa53be3729c5a699cfb4280cf0dc1ed9e68685793791e13f06ca0
60,1742,0.21505861,0x1be52a01d15c1b0ceca5f0b9947d195310f60385,2017-10-18T21:53:59.000Z,0.000123455,0x72fd2ec5dfe929f2ab3f6f14de7ffa83e8558f54,buy,0x3a26746ddb79b1b8e4450e3f4ffe3285a307387e,0xe791ac5adcf46af26938fa81ae8d5e172bba7c98577818f0e9a7559d4f4135e4
61,196.988,0.024319350528,0x054ab0955dae69923920a1923ed4c6cebb61a063,2017-10-18T19:43:43.000Z,0.000123456,0xb766a4790be0441006226ec1b11a20424626cdcf,buy,0x3a26746ddb79b1b8e4450e3f4ffe3285a307387e,0x3ac80015454d7ac604a169fe4a7d7000b84cfbe4020c7fe9c4a90fa35166b974
62,1,0.00018,0x3ac636ac5c3a2576156ac5f10066ca68abe0ad54,2017-10-18T16:20:26.000Z,0.00018,0x0a56aa3e1d99cc75b8aa2c020d1c56e33834ff71,buy,0x3a26746ddb79b1b8e4450e3f4ffe3285a307387e,0x13ffbde763cab3c0e0fdaed951cfa78c4ca92fce5fa5244a50e0bea1cfdd0484
63,4.05005872,0.0005,0x379374d13077e8867ef31803c37baf9785a17c00,2017-10-18T15:13:58.000Z,0.00012345500017836778,0x72fd2ec5dfe929f2ab3f6f14de7ffa83e8558f54,buy,0x3a26746ddb79b1b8e4450e3f4ffe3285a307387e,0xdce73b5059a0215d7df86ce398eaffd7bf4040af7c360281a5a3b9241dd829ad
64,4.05005872,0.0005,0xf9695cd65d6dfdf257fab76a3eb0cb8f001971cc,2017-10-18T15:12:31.000Z,0.00012345500017836778,0x72fd2ec5dfe929f2ab3f6f14de7ffa83e8558f54,buy,0x3a26746ddb79b1b8e4450e3f4ffe3285a307387e,0xe20e84f869706d0f3190c53848794e523ef9e3af37e1aa62f37af2b33d9874b0
65,2.05761316,0.0005,0x16e5d97bbc92417e051e3b2cabfbf8ceea2acb9c,2017-10-17T17:36:30.000Z,0.00024300000103032,0x72fd2ec5dfe929f2ab3f6f14de7ffa83e8558f54,buy,0x3a26746ddb79b1b8e4450e3f4ffe3285a307387e,0x9e5b6a1fe7714b09d30493e40cdc61eb296d1d221f8bce3e27d2e5489d75e018
66,2.05761316,0.0005,0x42c24a83bded723edfdf5883bc7efb30bc1a1bf3,2017-10-17T15:21:01.000Z,0.00024300000103032,0x72fd2ec5dfe929f2ab3f6f14de7ffa83e8558f54,buy,0x3a26746ddb79b1b8e4450e3f4ffe3285a307387e,0x46a82307116e4f771eaa117db8903fee03fab3ea2858153be3cfe017d401c87c
67,2.05761316,0.0005,0xcd912af5286dc0b0a23edb30209734ecb60838b3,2017-10-17T05:15:41.000Z,0.00024300000103032,0x72fd2ec5dfe929f2ab3f6f14de7ffa83e8558f54,buy,0x3a26746ddb79b1b8e4450e3f4ffe3285a307387e,0x462380eff6d742a0c3372b0459921fac516a7151519a5348b2e89b6bc2eb31ac
68,26.45542595,0.018518798165686388,0xf1c3157357e7848fc7eb5a1dad49704ce8ad8a15,2017-10-16T19:42:22.000Z,0.0007000000000259451,0xfb76d850ada4afb72c1ae60b8cc12fe97808287a,buy,0x3a26746ddb79b1b8e4450e3f4ffe3285a307387e,0x5b83e4e6c28cf6776d585d6b2e059812d6b09fdc18826b9da45b7e2ca3426677
69,40,0.028,0xf1c3157357e7848fc7eb5a1dad49704ce8ad8a15,2017-10-16T19:38:13.000Z,0.0007,0xfb76d850ada4afb72c1ae60b8cc12fe97808287a,buy,0x3a26746ddb79b1b8e4450e3f4ffe3285a307387e,0x81a02ff018a8adc6be77eaac5ec602ab17e25ee3b15de3d41dc782f847869be1
70,200,0.05,0xe2b81f3aecdf9c34f72ff97517516d3d185d5ebe,2017-10-16T19:13:44.000Z,0.00025,0x72fd2ec5dfe929f2ab3f6f14de7ffa83e8558f54,buy,0x3a26746ddb79b1b8e4450e3f4ffe3285a307387e,0x317b84d13be8e8fa4a4497785892cc923a3a6791a0c456a9c68eda5240578b2c
71,200,0.0488,0xe2b81f3aecdf9c34f72ff97517516d3d185d5ebe,2017-10-16T19:10:50.000Z,0.000244,0xc7c9f2d328c104fc59ce23bc25bfad5c5566cfeb,buy,0x3a26746ddb79b1b8e4450e3f4ffe3285a307387e,0x2af69bf24d92841b0ef6391b2d754ac1f4c381ca1e9af8bca7759e3d8f84247b
72,2000,0.86,0xe2b81f3aecdf9c34f72ff97517516d3d185d5ebe,2017-10-16T18:57:47.000Z,0.00043,0x72fd2ec5dfe929f2ab3f6f14de7ffa83e8558f54,buy,0x3a26746ddb79b1b8e4450e3f4ffe3285a307387e,0x42af0f58b8c27d6d6bbb7e01c672357488ed68edd178bd194d71a18642626e59
73,100,0.014,0x054ab0955dae69923920a1923ed4c6cebb61a063,2017-10-16T11:06:44.000Z,0.00014,0x72fd2ec5dfe929f2ab3f6f14de7ffa83e8558f54,buy,0x3a26746ddb79b1b8e4450e3f4ffe3285a307387e,0x6122637b0d43856932b221655c3a1d96b5eac94c9078e1ae6e79363915be0510
74,574.8042432,0.252913867012262,0xcb5586e5d302d946135473b3be3f73a9d3b53185,2017-10-16T03:01:17.000Z,0.00044000000000741466,0xf64b8d83bce8b8ea4b63276bfba161d04308f096,buy,0x3a26746ddb79b1b8e4450e3f4ffe3285a307387e,0x799153650d5cef0a15b46f2186f0078f46775e62457cff0dae0bf082d3083f70
75,1.11111111,0.0005,0x3bfdec5343e950ce45522eef9948c977631b4000,2017-10-15T20:46:31.000Z,0.00045000000045,0xf64b8d83bce8b8ea4b63276bfba161d04308f096,buy,0x3a26746ddb79b1b8e4450e3f4ffe3285a307387e,0xae5709e102d038fb45261841295dc0452ef9749a4cd990ea3085fd4a3b2fbbb0
76,1.11111111,0.0005,0x350f6f675b20d606bb7f6c412ef4775c9bc57168,2017-10-15T20:46:31.000Z,0.00045000000045,0xf64b8d83bce8b8ea4b63276bfba161d04308f096,buy,0x3a26746ddb79b1b8e4450e3f4ffe3285a307387e,0x426c976ea9a6d8690b20f569a59d40312e25c264d9f8424966a43a81752cdffa
77,2591.76860794,0.03888430442492382,0x3e379f55f8faae407fae416f8ca096a82d2dee70,2017-10-15T19:16:11.000Z,0.000015003,0xc6efa52870ac9fd2749913308e20de256252436c,sell,0x3a26746ddb79b1b8e4450e3f4ffe3285a307387e,0x31ba8a48adf97bdf37ef87edc364656fc0b689690ecac80babb71680c6f405b6
78,7.75374118,0.006978367062107466,0x72fd2ec5dfe929f2ab3f6f14de7ffa83e8558f54,2017-10-15T03:39:38.000Z,0.0009000000000138599,0xd6c4885d257aa39ff7d9ab7e8cc42945ed5d2726,buy,0x3a26746ddb79b1b8e4450e3f4ffe3285a307387e,0x5c7c5aef98bc1b34ae12314fc68a1c33704b582156ba9dcfcafe6e1e97796ab5
79,315.68803378,0.2841192304057422,0xc9ef79a1bb76cc5c621c78edd4b32cb176589850,2017-10-15T02:12:37.000Z,0.0009000000000118541,0xd6c4885d257aa39ff7d9ab7e8cc42945ed5d2726,buy,0x3a26746ddb79b1b8e4450e3f4ffe3285a307387e,0x2552bc4cd1915706db01b409c4b84b1d1913bcbb106c5baa605ee5ea9a1942bb
80,100,0.003337,0x035392de57aa4fe343d86494103dbe1b068a56c6,2017-10-15T02:09:17.000Z,0.00003337,0xf64b8d83bce8b8ea4b63276bfba161d04308f096,sell,0x3a26746ddb79b1b8e4450e3f4ffe3285a307387e,0xdf84a4e58c5d5e5503584e4f8030a0cb667572d9d1c31c6bf0720cae661dfcd4
81,144.17527886,0.12975775097520775,0xee6d9ee0130877137dcba28f7e909a65a0031d7d,2017-10-15T01:35:41.000Z,0.000900000000008377,0xd6c4885d257aa39ff7d9ab7e8cc42945ed5d2726,buy,0x3a26746ddb79b1b8e4450e3f4ffe3285a307387e,0x125b9a941b3c4293aa80efa788015d130b631d64c7424ba159b03cd6cdab8f9d
82,100,0.010001,0xf36990a2cb4d609e0a7d4f3bf884c0342d81fd3d,2017-10-14T23:44:22.000Z,0.00010001,0xc6efa52870ac9fd2749913308e20de256252436c,sell,0x3a26746ddb79b1b8e4450e3f4ffe3285a307387e,0x2dfcccdbdfa8dd08290f3e6e90d4a96dcbd7fd3f2500ea196b46908145bdd9d0
83,100,0.003334,0x78b0e4933f5b7d90102367e28efcde256998411e,2017-10-14T23:06:21.000Z,0.00003334,0xd6c4885d257aa39ff7d9ab7e8cc42945ed5d2726,sell,0x3a26746ddb79b1b8e4450e3f4ffe3285a307387e,0x621a280199934ffcf433be87c20f3366cef3fc0bdf830cabcc2687a953e2c4d9
84,100,0.003335,0x8b182a4526944fa498970732a69a95d281c3c8a9,2017-10-14T23:06:12.000Z,0.00003335,0xd6c4885d257aa39ff7d9ab7e8cc42945ed5d2726,sell,0x3a26746ddb79b1b8e4450e3f4ffe3285a307387e,0xb8d020aa7a9f105a422446e594057d08d8d649efcc51caf60240741db26440fa
85,100,0.003337,0x035392de57aa4fe343d86494103dbe1b068a56c6,2017-10-14T23:05:14.000Z,0.00003337,0xd6c4885d257aa39ff7d9ab7e8cc42945ed5d2726,sell,0x3a26746ddb79b1b8e4450e3f4ffe3285a307387e,0x72570fe93fc59bafff3d971331924d7a7578f939ece1beebcad1e6edf7c4584f
86,51.8,0.04144,0xee6d9ee0130877137dcba28f7e909a65a0031d7d,2017-10-14T23:02:39.000Z,0.0008,0xd6c4885d257aa39ff7d9ab7e8cc42945ed5d2726,sell,0x3a26746ddb79b1b8e4450e3f4ffe3285a307387e,0xd1a676aa417bea373f2784eeda2d4e417c818cf0b390a20ef62d281fa3554573
87,100,0.099,0x40f770af2bab89f11d88ef212cba5fb4e8d1da6f,2017-10-14T22:20:18.000Z,0.00099,0x8ce3bb397893e32992736331c34a51195022dd46,buy,0x3a26746ddb79b1b8e4450e3f4ffe3285a307387e,0x668801ba7c7eee7b5108bac0fd3958b23e68b3ac5ec9252f0686c7436a2f5c93
88,1.53481522,0.003192415674702212,0xdba7649104a3063d7652a45eb8a5c9c8452970fd,2017-10-14T10:44:16.000Z,0.0020800000111428477,0xee6d9ee0130877137dcba28f7e909a65a0031d7d,buy,0x3a26746ddb79b1b8e4450e3f4ffe3285a307387e,0x717cf5b3bc5c057d2589332f6ffb7d5698aa14c235b13cd87e5b382ccc104ca6
89,18.46518477,0.03840758432529779,0xdba7649104a3063d7652a45eb8a5c9c8452970fd,2017-10-14T10:30:01.000Z,0.002080000000200257,0xee6d9ee0130877137dcba28f7e909a65a0031d7d,buy,0x3a26746ddb79b1b8e4450e3f4ffe3285a307387e,0x8d6b46aa95519aee74c71535da1752edf783189b520ac1b0aaa146bb027260a6
90,10,0.012,0x0fe6090affd0b5ba58586ab18fe575a51911d098,2017-10-14T03:45:39.000Z,0.0012,0x626fcc98ee86ee187039e93f19272bdea20fee09,sell,0x3a26746ddb79b1b8e4450e3f4ffe3285a307387e,0x1d65ed3169be3f68c9a607300f540557930967dea908d6819b90ea1adbaab723
91,34.505,0.0379555,0xbbe8a1421d8583194bd959a640cb82225650c748,2017-10-14T03:09:56.000Z,0.0011,0x082719f0c30b171033743001e8245053f3cb9819,sell,0x3a26746ddb79b1b8e4450e3f4ffe3285a307387e,0x28eea5c39556264c654e6f78af995a9ed0fdfd09cf730efd4202586bdf9cb018
92,40,0.05,0xc9ef79a1bb76cc5c621c78edd4b32cb176589850,2017-10-14T03:05:37.000Z,0.00125,0x082719f0c30b171033743001e8245053f3cb9819,sell,0x3a26746ddb79b1b8e4450e3f4ffe3285a307387e,0xfd334da4c53a1fdea77a9672062759c8ca48737152f9f66c5f184a1e29b06572
93,200,0.164018,0xe1226c4d0a752a3ef42ee783aa1b4ac1abe47a8e,2017-10-14T03:04:48.000Z,0.00082009,0x082719f0c30b171033743001e8245053f3cb9819,sell,0x3a26746ddb79b1b8e4450e3f4ffe3285a307387e,0xb348a41164d2d0fa1c0a8c3163b9d6d1080c40dce72cef977cfea0eb5c5a322b
94,138.51056874,0.13851056874,0xee6d9ee0130877137dcba28f7e909a65a0031d7d,2017-10-14T03:02:17.000Z,0.001,0x082719f0c30b171033743001e8245053f3cb9819,sell,0x3a26746ddb79b1b8e4450e3f4ffe3285a307387e,0x5ae3cbb2d35390d9997722f0e3e41b02d39dbd96e6f018077350ea278327c935
95,85.23576911,0.09375943125676911,0xee6d9ee0130877137dcba28f7e909a65a0031d7d,2017-10-14T02:06:03.000Z,0.001100001,0x082719f0c30b171033743001e8245053f3cb9819,sell,0x3a26746ddb79b1b8e4450e3f4ffe3285a307387e,0x174db01a7a06f9ff926dd35d4adb63674e07d2798caa48187eae7daf0441d7f1
96,5,0.013,0xdba7649104a3063d7652a45eb8a5c9c8452970fd,2017-10-13T23:22:54.000Z,0.0026,0xee6d9ee0130877137dcba28f7e909a65a0031d7d,buy,0x3a26746ddb79b1b8e4450e3f4ffe3285a307387e,0x3f89e0b85250d0693be9b11d30c2abcd064309ad92e0728ca42176c619d2de41
97,2.76378428,0.0081082244936072,0xc7c9f2d328c104fc59ce23bc25bfad5c5566cfeb,2017-10-13T23:19:25.000Z,0.00293374,0x833438ee8ac5c23f579ec08142f2285b4a596b74,sell,0x3a26746ddb79b1b8e4450e3f4ffe3285a307387e,0xeb60a50a8fdf64cd7ac24ecb869b0c50a73a03e207e9cdc539c6451dcf9c16fc
98,20,0.042,0x833438ee8ac5c23f579ec08142f2285b4a596b74,2017-10-13T23:15:18.000Z,0.0021,0xbbe8a1421d8583194bd959a640cb82225650c748,buy,0x3a26746ddb79b1b8e4450e3f4ffe3285a307387e,0xd2de57d4518c3d1815e77d54489822211b6fb3c377c012ddd0a731473061ecb8
99,28.8,0.03456,0xee6d9ee0130877137dcba28f7e909a65a0031d7d,2017-10-13T22:14:14.000Z,0.0012,0x1f380aea2d8f2e474d344028cc9237ededafe084,sell,0x3a26746ddb79b1b8e4450e3f4ffe3285a307387e,0xba5cd8a26447d0f142e53948be456d7631bc4b82a59992058e15d06b27e3427c
100,90,0.216,0xfe423f6b9b3aa093cc08831d9b106027f97e132e,2017-10-13T21:18:35.000Z,0.0024,0x5f4b3ee61a3a47f2cab2fe97cb1a96ee947cedcb,buy,0x3a26746ddb79b1b8e4450e3f4ffe3285a307387e,0xce9bfb3dff7c0ec744f7cf4ce161c908efd6c54169821935c283e2e029e4bbea
101,89.73,0.2632444902,0xc7c9f2d328c104fc59ce23bc25bfad5c5566cfeb,2017-10-13T21:18:35.000Z,0.00293374,0xfe423f6b9b3aa093cc08831d9b106027f97e132e,sell,0x3a26746ddb79b1b8e4450e3f4ffe3285a307387e,0xce9bfb3dff7c0ec744f7cf4ce161c908efd6c54169821935c283e2e029e4bbea
102,150,0.345,0xfe423f6b9b3aa093cc08831d9b106027f97e132e,2017-10-13T21:17:41.000Z,0.0023,0xbbe8a1421d8583194bd959a640cb82225650c748,buy,0x3a26746ddb79b1b8e4450e3f4ffe3285a307387e,0xb4a57ff59a4b9d53fb48ca3793e3a4e02a3fe025960d234c0a91ac11a06a0cf3
103,149.55,0.438740817,0xc7c9f2d328c104fc59ce23bc25bfad5c5566cfeb,2017-10-13T21:17:41.000Z,0.00293374,0xfe423f6b9b3aa093cc08831d9b106027f97e132e,sell,0x3a26746ddb79b1b8e4450e3f4ffe3285a307387e,0xb4a57ff59a4b9d53fb48ca3793e3a4e02a3fe025960d234c0a91ac11a06a0cf3
104,440.02999999,1.2909336121706625,0xc7c9f2d328c104fc59ce23bc25bfad5c5566cfeb,2017-10-13T21:16:40.000Z,0.00293374,0xfe423f6b9b3aa093cc08831d9b106027f97e132e,sell,0x3a26746ddb79b1b8e4450e3f4ffe3285a307387e,0x724a35aa4490d99a1b88bc9c46faf3a5f149335be7a12477e297a49ea4540ff7
105,441.35406218,0.9709789368104313,0xfe423f6b9b3aa093cc08831d9b106027f97e132e,2017-10-13T21:16:40.000Z,0.002200000000032698,0xd3ed103350f85f662592fd4560d82a52a517eda9,buy,0x3a26746ddb79b1b8e4450e3f4ffe3285a307387e,0x724a35aa4490d99a1b88bc9c46faf3a5f149335be7a12477e297a49ea4540ff7
106,99.7,0.292493878,0xc7c9f2d328c104fc59ce23bc25bfad5c5566cfeb,2017-10-13T18:54:22.000Z,0.00293374,0xfe423f6b9b3aa093cc08831d9b106027f97e132e,sell,0x3a26746ddb79b1b8e4450e3f4ffe3285a307387e,0x20efce051e3532057e0f0fa4eb5ede3bdfbf0f063531416a40c12aa84d0fed0d
107,100,0.23,0xfe423f6b9b3aa093cc08831d9b106027f97e132e,2017-10-13T18:54:22.000Z,0.0023,0xbbe8a1421d8583194bd959a640cb82225650c748,buy,0x3a26746ddb79b1b8e4450e3f4ffe3285a307387e,0x20efce051e3532057e0f0fa4eb5ede3bdfbf0f063531416a40c12aa84d0fed0d
108,50,0.146687,0xc7c9f2d328c104fc59ce23bc25bfad5c5566cfeb,2017-10-13T18:53:06.000Z,0.00293374,0x14319b81fead2f3038619e231de24a14e93f48df,sell,0x3a26746ddb79b1b8e4450e3f4ffe3285a307387e,0xcfbf09440a9587fa21734a5e2755f7545f706facc3633237c4bf0456d6622a7a
109,89.73080757,0.2632468594004118,0xc7c9f2d328c104fc59ce23bc25bfad5c5566cfeb,2017-10-13T18:52:43.000Z,0.00293374,0x1d5321e125f6c7079a716705541c7b371ca79e69,sell,0x3a26746ddb79b1b8e4450e3f4ffe3285a307387e,0x23606af71a0637ba9b4a382611b742d735e42a543bc4a4733f826367e9fbb932
110,90,0.1971,0x1d5321e125f6c7079a716705541c7b371ca79e69,2017-10-13T18:52:43.000Z,0.00219,0xee6d9ee0130877137dcba28f7e909a65a0031d7d,buy,0x3a26746ddb79b1b8e4450e3f4ffe3285a307387e,0x23606af71a0637ba9b4a382611b742d735e42a543bc4a4733f826367e9fbb932
111,9.97,0.0292493878,0xc7c9f2d328c104fc59ce23bc25bfad5c5566cfeb,2017-10-13T18:52:29.000Z,0.00293374,0x7aa6e2506316f6d613277d4f2f4e4e1dc55e528e,sell,0x3a26746ddb79b1b8e4450e3f4ffe3285a307387e,0xe9bb221fcc83b48ff3015a19721bc137832653c44ee11b47e811cf7cade70276
112,10,0.0219,0x7aa6e2506316f6d613277d4f2f4e4e1dc55e528e,2017-10-13T18:52:29.000Z,0.00219,0xee6d9ee0130877137dcba28f7e909a65a0031d7d,buy,0x3a26746ddb79b1b8e4450e3f4ffe3285a307387e,0xe9bb221fcc83b48ff3015a19721bc137832653c44ee11b47e811cf7cade70276
113,498.5,1.46246939,0xc7c9f2d328c104fc59ce23bc25bfad5c5566cfeb,2017-10-13T18:46:34.000Z,0.00293374,0xfe423f6b9b3aa093cc08831d9b106027f97e132e,sell,0x3a26746ddb79b1b8e4450e3f4ffe3285a307387e,0xc05000942e39b3805a0c45b0a2902112c1699bdc36c971dc79c0934c05b9e92f
114,500,1.1,0xfe423f6b9b3aa093cc08831d9b106027f97e132e,2017-10-13T18:46:34.000Z,0.0022,0xd3ed103350f85f662592fd4560d82a52a517eda9,buy,0x3a26746ddb79b1b8e4450e3f4ffe3285a307387e,0xc05000942e39b3805a0c45b0a2902112c1699bdc36c971dc79c0934c05b9e92f
115,299.99691862,0.14999845931,0xbbe8a1421d8583194bd959a640cb82225650c748,2017-10-13T11:58:43.000Z,0.0005,0xc6efa52870ac9fd2749913308e20de256252436c,sell,0x3a26746ddb79b1b8e4450e3f4ffe3285a307387e,0xf7adbe7627f8ab499e7db3c75fa5f268df3f71c75302159dd23f66694e83535c
116,2.5,0.01225,0xdba7649104a3063d7652a45eb8a5c9c8452970fd,2017-10-13T09:51:59.000Z,0.0049,0x1dad06b12d7a48525888d91c3bbb54571b4fe178,buy,0x3a26746ddb79b1b8e4450e3f4ffe3285a307387e,0xfd2f490277d2f604edf9c11687e3110961dafb1e691d2b8ec895f5fc4e6bc278
117,0.00308138,0.00000154069,0xbbe8a1421d8583194bd959a640cb82225650c748,2017-10-13T02:52:37.000Z,0.0005,0xd3ed103350f85f662592fd4560d82a52a517eda9,sell,0x3a26746ddb79b1b8e4450e3f4ffe3285a307387e,0xa00b3e2d59faee9a7f9fbd35b820438a7c47e2dff8d0a9c22d7e007511fcb74d
118,100,0.082,0xee6d9ee0130877137dcba28f7e909a65a0031d7d,2017-10-12T22:28:17.000Z,0.00082,0x626fcc98ee86ee187039e93f19272bdea20fee09,sell,0x3a26746ddb79b1b8e4450e3f4ffe3285a307387e,0xc189c2b9ef0137e57fc3a028b84968fb7e4ac63481d73f8c6f2d3e2e60efdb89
119,50,0.1325,0x364c27e8d5462f9a855db0d82d07ed5f00d467ae,2017-10-12T19:56:06.000Z,0.00265,0x626fcc98ee86ee187039e93f19272bdea20fee09,buy,0x3a26746ddb79b1b8e4450e3f4ffe3285a307387e,0x5822994d6cbf74b52b57099707abe00c16df28e78d445c09db21b67bf106be4d
120,1,0.007,0x257c3eba49d302472fc76ea3019f3ead03381f96,2017-10-12T19:51:08.000Z,0.007,0x72fd2ec5dfe929f2ab3f6f14de7ffa83e8558f54,buy,0x3a26746ddb79b1b8e4450e3f4ffe3285a307387e,0x27f1979beb66ef337de850c7d82730bf99dd1de0361cba933e153cd56d86f5c5
121,40.364,0.080728,0x1aa91097e1e0f456200174a39fb94bc8d109f83f,2017-10-12T13:32:12.000Z,0.002,0xee6d9ee0130877137dcba28f7e909a65a0031d7d,buy,0x3a26746ddb79b1b8e4450e3f4ffe3285a307387e,0xf1e8a9e53fc0d75e80cfaf72003e1649b31a8a28b87a39f61e1356f6093ac2ba
122,10,0.02,0x1aa91097e1e0f456200174a39fb94bc8d109f83f,2017-10-12T13:20:45.000Z,0.002,0xee6d9ee0130877137dcba28f7e909a65a0031d7d,buy,0x3a26746ddb79b1b8e4450e3f4ffe3285a307387e,0xedb415af1a8e695190574355e355e2c0507c67414ab544e228477e9c36ba3976
123,190.733,0.5340333267,0x1aa91097e1e0f456200174a39fb94bc8d109f83f,2017-10-12T13:18:13.000Z,0.0027999,0xa06fb4fe461ad9f2c5d45b22e18c3f67bbd84101,buy,0x3a26746ddb79b1b8e4450e3f4ffe3285a307387e,0x12e119d0e49d252bd371ff6bd7aac8666a4de5e9933b1402dc852b25ca637d1f
124,195,0.4875,0x1aa91097e1e0f456200174a39fb94bc8d109f83f,2017-10-12T13:13:06.000Z,0.0025,0xe5108fb1f618f3c5ff7d0d17692cfde0d9957304,buy,0x3a26746ddb79b1b8e4450e3f4ffe3285a307387e,0x5b684cbac7aa9daa75f2ba9d3a356c39016ed8319cd42b0023405e1280d0df55
125,120,0.24,0x1aa91097e1e0f456200174a39fb94bc8d109f83f,2017-10-12T13:05:27.000Z,0.002,0xeec56bce84f01980545fd0b311ee95b896f549d7,buy,0x3a26746ddb79b1b8e4450e3f4ffe3285a307387e,0xbc06783c1a1d30e8f6df2b2856408cf9c481b199b9dd889a850bcca3efd5299b
126,99.69095803,0.239258299272256,0x1aa91097e1e0f456200174a39fb94bc8d109f83f,2017-10-12T09:51:34.000Z,0.002400000000002568,0xbbe8a1421d8583194bd959a640cb82225650c748,buy,0x3a26746ddb79b1b8e4450e3f4ffe3285a307387e,0xecb30ca1496c233c1d665f47bac71516709c19263df9d8890eed20b74191c682
127,2,0.0046,0xdba7649104a3063d7652a45eb8a5c9c8452970fd,2017-10-12T06:21:51.000Z,0.0023,0xee6d9ee0130877137dcba28f7e909a65a0031d7d,buy,0x3a26746ddb79b1b8e4450e3f4ffe3285a307387e,0xbf5f56a4f1d173a6c3836680c9e44d5d7ee5550f955a05c8e10b24c5d647d5dc
128,5,0.0115,0xdba7649104a3063d7652a45eb8a5c9c8452970fd,2017-10-12T06:21:09.000Z,0.0023,0xee6d9ee0130877137dcba28f7e909a65a0031d7d,buy,0x3a26746ddb79b1b8e4450e3f4ffe3285a307387e,0x73bdff727a40d2f3898603ebff0c48a147d92dd9961b76a1c18e6c7731e9f938
129,30.90930545,0.0040182097085,0xa11f36555b15d08f63fe4c1da229574871e1fdb1,2017-10-12T03:28:00.000Z,0.00013,0xd3ed103350f85f662592fd4560d82a52a517eda9,sell,0x3a26746ddb79b1b8e4450e3f4ffe3285a307387e,0x8c52309ccbd2a30ce3da3d04869ffff10d1b86d857bb4350cb36b927f870c4c0
130,1,0.001,0xee6d9ee0130877137dcba28f7e909a65a0031d7d,2017-10-12T03:16:19.000Z,0.001,0x626fcc98ee86ee187039e93f19272bdea20fee09,sell,0x3a26746ddb79b1b8e4450e3f4ffe3285a307387e,0x08f44f525054436487c797366baec3e6b0d2f5782e558abe177b68ca7a1f37ce
131,10,0.15,0x40f770af2bab89f11d88ef212cba5fb4e8d1da6f,2017-10-12T01:58:40.000Z,0.015,0x40f770af2bab89f11d88ef212cba5fb4e8d1da6f,buy,0x3a26746ddb79b1b8e4450e3f4ffe3285a307387e,0xacf107ae10891b2b9f5d76e6c30523008d237c40f9446ec9e0ce8ef3798f14d8
132,50,0.114,0x07b8d5d0403ab2626413e45230daab1bb50956ca,2017-10-12T01:39:19.000Z,0.00228,0x14319b81fead2f3038619e231de24a14e93f48df,buy,0x3a26746ddb79b1b8e4450e3f4ffe3285a307387e,0xd8d480da8ff72b8aff12cf8d0aa4b91234a2fdd37d9aab36cdd99fb063238ade
133,8.4712297,0.00762410673,0x5f4b3ee61a3a47f2cab2fe97cb1a96ee947cedcb,2017-10-12T00:03:40.000Z,0.0009,0x8ce3bb397893e32992736331c34a51195022dd46,sell,0x3a26746ddb79b1b8e4450e3f4ffe3285a307387e,0x76f5f3ccf5bf70eab263c615dc515b39385090b1ed39455f112b3c3fa67c5b2f
134,50,0.0575,0x5f4b3ee61a3a47f2cab2fe97cb1a96ee947cedcb,2017-10-11T23:54:29.000Z,0.00115,0x8ce3bb397893e32992736331c34a51195022dd46,sell,0x3a26746ddb79b1b8e4450e3f4ffe3285a307387e,0xea54544bf1cd28073a18bbadc89a02a53de4c11140c3d28dff6f125debe02271
135,100,0.12,0x5f4b3ee61a3a47f2cab2fe97cb1a96ee947cedcb,2017-10-11T22:36:23.000Z,0.0012,0x8ce3bb397893e32992736331c34a51195022dd46,sell,0x3a26746ddb79b1b8e4450e3f4ffe3285a307387e,0x5bddae7fe17fcf89bcc6b5cf575734c11e5bc109fba58dea14bdeddd94e4773a
136,70,0.1372,0x5f4b3ee61a3a47f2cab2fe97cb1a96ee947cedcb,2017-10-11T20:18:11.000Z,0.00196,0x8ce3bb397893e32992736331c34a51195022dd46,sell,0x3a26746ddb79b1b8e4450e3f4ffe3285a307387e,0x3d1df4a51d5c2beb1766331bb6e97d85ea3d5e20af5482826eee6ef369a414e5
137,10,0.026,0x5f4b3ee61a3a47f2cab2fe97cb1a96ee947cedcb,2017-10-11T18:52:57.000Z,0.0026,0x14319b81fead2f3038619e231de24a14e93f48df,sell,0x3a26746ddb79b1b8e4450e3f4ffe3285a307387e,0x87a2ee815828f4b601dd28767c361adc1c931cddb82b95d8bd4a94df4769a56d
138,20,0.0025998,0xc6f781aba6232641260eb66ea49889728d244234,2017-10-11T13:58:03.000Z,0.00012999,0x52943f7e4125d0491433cf88d006783e317d30c1,buy,0x3a26746ddb79b1b8e4450e3f4ffe3285a307387e,0x1337aa6cf4f5c693ca7cca06364cfcfb9eda2935945f7d8714b4828bd42938bc
139,1000,1.15,0x580d0572dbd9f27c75d5fcc88a6075ce32924c2b,2017-10-11T13:24:52.000Z,0.00115,0x8ce3bb397893e32992736331c34a51195022dd46,sell,0x3a26746ddb79b1b8e4450e3f4ffe3285a307387e,0xa1b281bb86e65610c112909c854de362d61d156fbc2b454b804066ac9e2ec3ee
140,6,0.012,0xee6d9ee0130877137dcba28f7e909a65a0031d7d,2017-10-11T13:02:36.000Z,0.002,0x8ce3bb397893e32992736331c34a51195022dd46,sell,0x3a26746ddb79b1b8e4450e3f4ffe3285a307387e,0xc742208182c9743ad92ad14a88358edfa3de9744e13e3314c7cbaf85e703ab2a
141,100,1.2,0x40f770af2bab89f11d88ef212cba5fb4e8d1da6f,2017-10-11T10:28:26.000Z,0.012,0x40f770af2bab89f11d88ef212cba5fb4e8d1da6f,buy,0x3a26746ddb79b1b8e4450e3f4ffe3285a307387e,0x3dac8f24e42f845c79ebd4468111e956fc0435006121ff56047ec7c1422b8693
142,1,0.01195,0x40f770af2bab89f11d88ef212cba5fb4e8d1da6f,2017-10-11T07:35:23.000Z,0.01195,0x40f770af2bab89f11d88ef212cba5fb4e8d1da6f,buy,0x3a26746ddb79b1b8e4450e3f4ffe3285a307387e,0xef87eb7db148ae4b4e2e47f1e0e35a6dc42568bd13436376bd0dd8ea3673f8b0
143,20,0.02200002,0xf36990a2cb4d609e0a7d4f3bf884c0342d81fd3d,2017-10-11T05:54:04.000Z,0.001100001,0x42977c5d040af2e76c2664a9da9b1a53aa962d7c,sell,0x3a26746ddb79b1b8e4450e3f4ffe3285a307387e,0x745163783698d8e32355885d6b1583abb4ec82a1b4756dfdbf4904829126d263
144,100,0.09,0x9790f84a00e7be2bebfb042d5dc4f2f2c6db9267,2017-10-11T05:09:30.000Z,0.0009,0xd3ed103350f85f662592fd4560d82a52a517eda9,sell,0x3a26746ddb79b1b8e4450e3f4ffe3285a307387e,0x87cd2d947c3179dacb05aaa3c708a2b8fa297dac7c00310b6481ded5562908dc
145,1,0.01195,0x40f770af2bab89f11d88ef212cba5fb4e8d1da6f,2017-10-11T01:07:15.000Z,0.01195,0x40f770af2bab89f11d88ef212cba5fb4e8d1da6f,buy,0x3a26746ddb79b1b8e4450e3f4ffe3285a307387e,0x4d302cff6a207a0fce113b8a13cf8b10db12a8aa78ea423987356eddf4e1fc10
146,1,0.002,0x2b0f9b18de97e3e4c6515b76c1e099552611dfa8,2017-10-11T01:01:34.000Z,0.002,0x8ce3bb397893e32992736331c34a51195022dd46,sell,0x3a26746ddb79b1b8e4450e3f4ffe3285a307387e,0x96cf933ce88b1339ca004cb25d037a43055e393ab2fa6794e2fce946a66054cf
147,100,0.12,0xbbe8a1421d8583194bd959a640cb82225650c748,2017-10-10T22:12:15.000Z,0.0012,0x8ce3bb397893e32992736331c34a51195022dd46,sell,0x3a26746ddb79b1b8e4450e3f4ffe3285a307387e,0x8d29cda3bb67580403614ddc0fcd11ea355fd564ee7dd3a8037c79c61eb2585f
148,50,0.7,0x40f770af2bab89f11d88ef212cba5fb4e8d1da6f,2017-10-10T06:35:21.000Z,0.014,0x40f770af2bab89f11d88ef212cba5fb4e8d1da6f,buy,0x3a26746ddb79b1b8e4450e3f4ffe3285a307387e,0xb612390b03b4808531620c57689668d79971713474d2fbbc236d28c3c85ce502
149,10,0.14,0x40f770af2bab89f11d88ef212cba5fb4e8d1da6f,2017-10-10T06:01:42.000Z,0.014,0x40f770af2bab89f11d88ef212cba5fb4e8d1da6f,buy,0x3a26746ddb79b1b8e4450e3f4ffe3285a307387e,0xc5675c681699a142c79b4eaa583da281ade2ac3c574ab6afc3408a2a4b31abdf
150,300,3,0x40f770af2bab89f11d88ef212cba5fb4e8d1da6f,2017-10-10T05:34:04.000Z,0.01,0x40f770af2bab89f11d88ef212cba5fb4e8d1da6f,buy,0x3a26746ddb79b1b8e4450e3f4ffe3285a307387e,0x004f1315e7eb3554521d1eade5307025fb22762f1fb9f564cefa552f6ce4a74e
151,3.98763832,0.004785165984,0x0ae5d401f4df1af815f5973747b0a6223e6927c2,2017-10-10T03:41:58.000Z,0.0012,0xf7260d702b98f9cc1a975060e8cb873a0030fd3b,sell,0x3a26746ddb79b1b8e4450e3f4ffe3285a307387e,0xe0dfd3672d14d03f077ccb3b32f1ac6cb686c7141f1b7910ede79de50f3e6423
152,84,1.008,0x40f770af2bab89f11d88ef212cba5fb4e8d1da6f,2017-10-10T03:32:56.000Z,0.012,0x40f770af2bab89f11d88ef212cba5fb4e8d1da6f,buy,0x3a26746ddb79b1b8e4450e3f4ffe3285a307387e,0xfcf0622b84fe886e6f2b1cfc2b8e4877546b863dfc50842b31e50c146ac5f5fa
153,84,1.008,0x40f770af2bab89f11d88ef212cba5fb4e8d1da6f,2017-10-10T03:27:19.000Z,0.012,0x40f770af2bab89f11d88ef212cba5fb4e8d1da6f,buy,0x3a26746ddb79b1b8e4450e3f4ffe3285a307387e,0x9e63fb20e709281e7f9dd5448d83a1822b4ca30db04b82a5fa4869f63b02111a
154,16.38758524,0.019665102293947117,0x4ea9c94c8b33ee7fa141c0d1fbc782b47ce22b13,2017-10-10T03:07:50.000Z,0.0012000000003629038,0x8ce3bb397893e32992736331c34a51195022dd46,buy,0x3a26746ddb79b1b8e4450e3f4ffe3285a307387e,0xdcbb72ccb1fd77c2ff2b80fca1d8605661007e10e301a8ec7e11eed6ff4bf3b6
155,84,1.008,0x40f770af2bab89f11d88ef212cba5fb4e8d1da6f,2017-10-10T03:07:20.000Z,0.012,0x40f770af2bab89f11d88ef212cba5fb4e8d1da6f,buy,0x3a26746ddb79b1b8e4450e3f4ffe3285a307387e,0x1146ecc60406e9fa0052905e21bf50fe977fb5f4875ff071fc0228c34e0e4dc6
156,300,3,0x40f770af2bab89f11d88ef212cba5fb4e8d1da6f,2017-10-10T02:44:43.000Z,0.01,0x40f770af2bab89f11d88ef212cba5fb4e8d1da6f,buy,0x3a26746ddb79b1b8e4450e3f4ffe3285a307387e,0x4a9e0a4921550f067efc8f3c6521373cb3dea0f3547addaaa3057a23ff135a40
157,100,1,0x40f770af2bab89f11d88ef212cba5fb4e8d1da6f,2017-10-10T02:32:05.000Z,0.01,0x40f770af2bab89f11d88ef212cba5fb4e8d1da6f,buy,0x3a26746ddb79b1b8e4450e3f4ffe3285a307387e,0x9e623f351754cdc7b4824f0c8123e4fe6a339b58e1b440c3c1eb0388ad8f7a95
158,10,0.14,0x40f770af2bab89f11d88ef212cba5fb4e8d1da6f,2017-10-10T01:56:35.000Z,0.014,0x40f770af2bab89f11d88ef212cba5fb4e8d1da6f,buy,0x3a26746ddb79b1b8e4450e3f4ffe3285a307387e,0x0650c85c1efa806c24298b2fbdad2d45f15c7bbd074ae49f313645318775126e
159,10,0.14,0x40f770af2bab89f11d88ef212cba5fb4e8d1da6f,2017-10-09T23:51:17.000Z,0.014,0x40f770af2bab89f11d88ef212cba5fb4e8d1da6f,buy,0x3a26746ddb79b1b8e4450e3f4ffe3285a307387e,0x318644364814a99f0f7405983de5f00355aaaa40d25f84568b9326eb9da601a5
160,0.5,0.0065,0x40f770af2bab89f11d88ef212cba5fb4e8d1da6f,2017-10-09T23:43:23.000Z,0.013,0x40f770af2bab89f11d88ef212cba5fb4e8d1da6f,buy,0x3a26746ddb79b1b8e4450e3f4ffe3285a307387e,0x5a45e8702ebdb1ded952c9766ece1084dedd268d3e37c3ec94bd6820aab54914
161,1,0.014,0x40f770af2bab89f11d88ef212cba5fb4e8d1da6f,2017-10-09T23:04:49.000Z,0.014,0x40f770af2bab89f11d88ef212cba5fb4e8d1da6f,buy,0x3a26746ddb79b1b8e4450e3f4ffe3285a307387e,0x4e1f2a8b95bf994fb6d5a3d7ac59282b50ce2505da5a133506d676b9b8a99186
162,8.726,0.01666666,0x5d5065b42bdee0274e394ba9042c21e1818c69cf,2017-10-09T21:54:02.000Z,0.00191,0xa06fb4fe461ad9f2c5d45b22e18c3f67bbd84101,sell,0x3a26746ddb79b1b8e4450e3f4ffe3285a307387e,0x34455586f7b476476adf8135db778385b6e9fa62aa2171726ed8ea329bcd586e
163,0.513,0.0010773,0x503a6945bc893a957deda173e3b1bd235a2f9112,2017-10-09T21:53:15.000Z,0.0021,0xa06fb4fe461ad9f2c5d45b22e18c3f67bbd84101,sell,0x3a26746ddb79b1b8e4450e3f4ffe3285a307387e,0x176196ac7cc3bd4cddc961eeeb98d5f5e7182ede45cf1a4b05245c6c33553689
164,10,0.02,0x26fdbfd53ef846531e31b0177c3462bfb255aae6,2017-10-09T21:22:29.000Z,0.002,0x12392a79a1c5c47ff55018c806e59127a3c5927d,sell,0x3a26746ddb79b1b8e4450e3f4ffe3285a307387e,0xeb764dd8bf6ed49490f44f2b254c26a1c1381c60529bdb7af6097a6401f0703b
165,1,0.014,0xcb5586e5d302d946135473b3be3f73a9d3b53185,2017-10-09T20:37:55.000Z,0.014,0x42977c5d040af2e76c2664a9da9b1a53aa962d7c,buy,0x3a26746ddb79b1b8e4450e3f4ffe3285a307387e,0x0003d247ede256d015def0f6438f1a35d3e52928eba1a799909f47c2951ec6e9
166,0.997,0.0132601,0xcb5586e5d302d946135473b3be3f73a9d3b53185,2017-10-09T20:36:05.000Z,0.0133,0x5ae933bfbbaa04c3e05ae56295138174ada9799c,sell,0x3a26746ddb79b1b8e4450e3f4ffe3285a307387e,0x0ac6df9968b44b49c4d7e71d871f53858619fbc6bbe809fe61844113359248aa
167,1,0.00285,0x5ae933bfbbaa04c3e05ae56295138174ada9799c,2017-10-09T20:36:05.000Z,0.00285,0x14aae375993ba1152f425e39b44d7e06adeb493d,buy,0x3a26746ddb79b1b8e4450e3f4ffe3285a307387e,0x0ac6df9968b44b49c4d7e71d871f53858619fbc6bbe809fe61844113359248aa
168,0.69783677,0.006978367062107466,0xdba7649104a3063d7652a45eb8a5c9c8452970fd,2017-10-09T16:54:56.000Z,0.009999999085900083,0xf36990a2cb4d609e0a7d4f3bf884c0342d81fd3d,buy,0x3a26746ddb79b1b8e4450e3f4ffe3285a307387e,0x681ccae9efbcfe8daee9660bd1ff14e1e522598e54f45a270fa3da21f4561310
169,5.2,0.01508,0x783d4ed1798ea2bca01f25c2cd428519d5cacc2f,2017-10-09T15:54:56.000Z,0.0029,0x8ce3bb397893e32992736331c34a51195022dd46,buy,0x3a26746ddb79b1b8e4450e3f4ffe3285a307387e,0x5886ae57e75b94526db02a65b62f03e44c4dff4c75743858c5c348dda24abc90
170,10,0.02,0xe673b1ea0c5d49462ce27cff1d58177af5de7dfa,2017-10-09T07:16:38.000Z,0.002,0x54898f3ccdeac1c8e2547a6532d5406251b6bab8,sell,0x3a26746ddb79b1b8e4450e3f4ffe3285a307387e,0x3412d0f2494aa264df7b4f8aadc23df90e93943a4eded49410cbb723842c8062
171,0.364,0.001456,0xee6d9ee0130877137dcba28f7e909a65a0031d7d,2017-10-09T07:16:38.000Z,0.004,0x39289bdd2147a1b2661670881b86c1b246bc073c,sell,0x3a26746ddb79b1b8e4450e3f4ffe3285a307387e,0x2334d0c39d0686c20c98df50a77477fede832ea8e04ab966b967ac6f7fecb9cf
172,1,0.004,0xee6d9ee0130877137dcba28f7e909a65a0031d7d,2017-10-09T06:58:03.000Z,0.004,0x39289bdd2147a1b2661670881b86c1b246bc073c,sell,0x3a26746ddb79b1b8e4450e3f4ffe3285a307387e,0x5f551b5f3cae20a9f506269143e29f45ac3dd12801ac2e2d2e3bb7fa827ad60b
173,1,0.004,0xee6d9ee0130877137dcba28f7e909a65a0031d7d,2017-10-09T06:55:05.000Z,0.004,0x39289bdd2147a1b2661670881b86c1b246bc073c,sell,0x3a26746ddb79b1b8e4450e3f4ffe3285a307387e,0x3f55bef7d5c6820b66014b90cd3793630a9d50c6f33a314a5b871b1e2481bcfe
174,1,0.004,0xee6d9ee0130877137dcba28f7e909a65a0031d7d,2017-10-09T06:54:13.000Z,0.004,0x39289bdd2147a1b2661670881b86c1b246bc073c,sell,0x3a26746ddb79b1b8e4450e3f4ffe3285a307387e,0xfe405f4e2a0b401ec2cf1de782a28e5ea587b9ce448cffc114248abf9ef2d47c
175,1,0.014,0xee6d9ee0130877137dcba28f7e909a65a0031d7d,2017-10-09T06:03:55.000Z,0.014,0x40f770af2bab89f11d88ef212cba5fb4e8d1da6f,buy,0x3a26746ddb79b1b8e4450e3f4ffe3285a307387e,0x00b88fc1720711d2c98d09390a9eef8c9bfdb0f3ae60314af968e4c441bf63b0
176,0.00015901,0.000079506296903684,0xdc16456bdd908b1d6eaaa1521276e3a894be9b6f,2017-10-09T05:52:30.000Z,0.5000081561139803,0x40f770af2bab89f11d88ef212cba5fb4e8d1da6f,buy,0x3a26746ddb79b1b8e4450e3f4ffe3285a307387e,0xd4debb10a3080cf6f1f9255dcfc85a96b789a2dc8a918e4f779ec729e3a88047
177,1.07666245,0.01076662346725152,0x619584e622a8f8be5c4d46af19879846e50fc3ae,2017-10-09T05:18:40.000Z,0.00999999904078713,0xf36990a2cb4d609e0a7d4f3bf884c0342d81fd3d,buy,0x3a26746ddb79b1b8e4450e3f4ffe3285a307387e,0x3e26b932249da20c7765af0f59316c88db61d945dbb71efa28a0faec32a274af
178,15.172,0.0439988,0xeec56bce84f01980545fd0b311ee95b896f549d7,2017-10-09T04:47:55.000Z,0.0029,0x8ce3bb397893e32992736331c34a51195022dd46,buy,0x3a26746ddb79b1b8e4450e3f4ffe3285a307387e,0x1fa6caf91555babb87037425e815902b86a2131e86e60f3c5867ac2d9ce02be0
179,1,0.009999999,0x9bcdc8e5edb2367eb54192885680ac260ccff543,2017-10-09T03:58:04.000Z,0.009999999,0xf36990a2cb4d609e0a7d4f3bf884c0342d81fd3d,buy,0x3a26746ddb79b1b8e4450e3f4ffe3285a307387e,0xb2b895fb5007d066bfabc87751320f46f051627686e2b9526996bee93d7bc131
180,0.00797527,0.7975276642408533,0xdc16456bdd908b1d6eaaa1521276e3a894be9b6f,2017-10-09T02:09:49.000Z,100.00008328756937,0xf36990a2cb4d609e0a7d4f3bf884c0342d81fd3d,buy,0x3a26746ddb79b1b8e4450e3f4ffe3285a307387e,0x009b69d39d73a9a0a32db087e5b4bc9853476e21d69bf458af988452978e0361
181,1,0.014,0x0ae5d401f4df1af815f5973747b0a6223e6927c2,2017-10-09T00:25:03.000Z,0.014,0xa5a002e333890ab6dfce2b36065a579cc0ba58f7,buy,0x3a26746ddb79b1b8e4450e3f4ffe3285a307387e,0x805210e787c150e42124085f05e27ce73f4a87ce810fde235f09befc3ec8b2aa
182,1,0.017509,0x0ae5d401f4df1af815f5973747b0a6223e6927c2,2017-10-09T00:23:39.000Z,0.017509,0xa5a002e333890ab6dfce2b36065a579cc0ba58f7,buy,0x3a26746ddb79b1b8e4450e3f4ffe3285a307387e,0x90e60e7e84282d482d06ad80934d3fc50ed7121673472e2e5db3a0f9f6f7ff44
183,72.40095704,0.1419058757984,0xcb9e58ec85d56aa39a6246bc1e94236299c65133,2017-10-09T00:22:23.000Z,0.00196,0x0ae5d401f4df1af815f5973747b0a6223e6927c2,sell,0x3a26746ddb79b1b8e4450e3f4ffe3285a307387e,0x0002b05392d5c31fed90a9dfb5ebb4c6cbcea48b3e0ea2bbd835332265591d0a
184,343.76192424,0.9969095803010667,0x4aba1eed225886e58c0d049cdc6b12fc4a85fc38,2017-10-08T23:55:58.000Z,0.002900000000014739,0x8ce3bb397893e32992736331c34a51195022dd46,buy,0x3a26746ddb79b1b8e4450e3f4ffe3285a307387e,0x8bcc168ca5d9d724bd9cf0b3fa43bd04fa31e76c471c4e98a9a3de7a92b232c0
185,1,0.0134,0xf7260d702b98f9cc1a975060e8cb873a0030fd3b,2017-10-08T23:28:22.000Z,0.0134,0xa5a002e333890ab6dfce2b36065a579cc0ba58f7,buy,0x3a26746ddb79b1b8e4450e3f4ffe3285a307387e,0x671a8b127d78dfac9afc1dbd2e0f7bdeb282c5172bc0b15c0976858078eeb36f
186,1,0.015,0xf7260d702b98f9cc1a975060e8cb873a0030fd3b,2017-10-08T23:15:26.000Z,0.015,0xa5a002e333890ab6dfce2b36065a579cc0ba58f7,buy,0x3a26746ddb79b1b8e4450e3f4ffe3285a307387e,0x970e65f981c226089687409dfa3f15feecc4deb50973ec555de8498822c42512
187,1,0.014,0xf7260d702b98f9cc1a975060e8cb873a0030fd3b,2017-10-08T23:10:46.000Z,0.014,0x2b0f9b18de97e3e4c6515b76c1e099552611dfa8,buy,0x3a26746ddb79b1b8e4450e3f4ffe3285a307387e,0x0907d575b7d653e130113bdd5f34063f4a634b1d745979c084acba43be982a25
188,1,0.0135,0xf7260d702b98f9cc1a975060e8cb873a0030fd3b,2017-10-08T23:06:16.000Z,0.0135,0xa5a002e333890ab6dfce2b36065a579cc0ba58f7,buy,0x3a26746ddb79b1b8e4450e3f4ffe3285a307387e,0x88b9da894d8027722bce5c3a4922059c3ccc9722a900631344aa3e989101004c
189,70,0.203,0x3e95a6cb2cfbf69b98a384b835f3c88ea701412b,2017-10-08T22:44:36.000Z,0.0029,0x8ce3bb397893e32992736331c34a51195022dd46,buy,0x3a26746ddb79b1b8e4450e3f4ffe3285a307387e,0x6a34cf73bfab9a67b9bb2e04b7c9330e1897b63b487b2b18019a2c5c1c2c6ed3
190,100,0.21,0x3e95a6cb2cfbf69b98a384b835f3c88ea701412b,2017-10-08T22:36:56.000Z,0.0021,0x8ce3bb397893e32992736331c34a51195022dd46,buy,0x3a26746ddb79b1b8e4450e3f4ffe3285a307387e,0x7f0fab512f12ed11a6e047e54bf26b7e597c35338ef19ee0803c0512bea56492
191,1,0.0021,0xc6efa52870ac9fd2749913308e20de256252436c,2017-10-08T22:28:38.000Z,0.0021,0x42977c5d040af2e76c2664a9da9b1a53aa962d7c,sell,0x3a26746ddb79b1b8e4450e3f4ffe3285a307387e,0x485871226eec9667cc6865ffbd0c9febf9933a94c9fa64dbade2ce663d889f81
192,90,0.18,0xd819c9dc2f54d33c0d2cb567b9afebabe6dc4d03,2017-10-08T21:23:40.000Z,0.002,0x8ce3bb397893e32992736331c34a51195022dd46,buy,0x3a26746ddb79b1b8e4450e3f4ffe3285a307387e,0x90433c2c4325264a61868d89928f1a6213204fb568fba3578f543de1233c0d6a
193,1,0.012,0x417b953e046e28f5c1d052d3285030aaff0f1a09,2017-10-08T20:45:22.000Z,0.012,0x40f770af2bab89f11d88ef212cba5fb4e8d1da6f,buy,0x3a26746ddb79b1b8e4450e3f4ffe3285a307387e,0xa42b273cb93677ba7a56411d6722b3e01144cef09e704b6426aaf712413a37f2
194,80,0.16,0xd37d88d01d9ea4b27a33c161706ed9720a97716e,2017-10-08T19:46:04.000Z,0.002,0xc3ccd76e319faa01e74066cd00089986de496c39,buy,0x3a26746ddb79b1b8e4450e3f4ffe3285a307387e,0xba7902eb93806af1af3aa383d42248736e6126c80fe897d9c124cd3ed44a9e92
195,80,0.16,0xd37d88d01d9ea4b27a33c161706ed9720a97716e,2017-10-08T19:42:14.000Z,0.002,0xc3ccd76e319faa01e74066cd00089986de496c39,buy,0x3a26746ddb79b1b8e4450e3f4ffe3285a307387e,0xf15d23dc0bbebc4547df51ef53849a0c4670441764974c1e995f3bc16363649b
196,1,0.012,0x40f770af2bab89f11d88ef212cba5fb4e8d1da6f,2017-10-08T19:31:47.000Z,0.012,0x40f770af2bab89f11d88ef212cba5fb4e8d1da6f,buy,0x3a26746ddb79b1b8e4450e3f4ffe3285a307387e,0x5004bd560bb7a57c22c6b6129b61e77fb7b420fe23552441d9ff2db7ca4cc6d1
197,1,0.0038,0x0249924245a19aa2d7f5ddb0739a7132b7d094ab,2017-10-08T19:16:05.000Z,0.0038,0x14aae375993ba1152f425e39b44d7e06adeb493d,buy,0x3a26746ddb79b1b8e4450e3f4ffe3285a307387e,0xe541db7e70014fde24e720968afb9fd14172d3e78560c2aa4e2239897d2c6800
198,1.5,0.00375,0xf6dbdebeb726c2b99c414ab01e8bcc1857d91d85,2017-10-08T19:09:42.000Z,0.0025,0x42977c5d040af2e76c2664a9da9b1a53aa962d7c,sell,0x3a26746ddb79b1b8e4450e3f4ffe3285a307387e,0xb6f945cd165f23f8e9534f83ddfaac8f1ba5b2f63850a5aaa8a5e21d8ba11f0e
199,2,0.0052,0x3734a96a88f6fda9ec976a9831550c95b09ebe80,2017-10-08T18:57:51.000Z,0.0026,0x42977c5d040af2e76c2664a9da9b1a53aa962d7c,sell,0x3a26746ddb79b1b8e4450e3f4ffe3285a307387e,0xb738c3ac4fb7031823098f2868f6152a728bc9a0bc683c265e3bb0904a1086b2
200,2,0.007,0x3734a96a88f6fda9ec976a9831550c95b09ebe80,2017-10-08T18:50:57.000Z,0.0035,0x42977c5d040af2e76c2664a9da9b1a53aa962d7c,sell,0x3a26746ddb79b1b8e4450e3f4ffe3285a307387e,0x6916d625f68c372153e9fe3e4999da217ce5c4e29baf14d67d1b9653a2d489a8
201,70,0.182,0x3e95a6cb2cfbf69b98a384b835f3c88ea701412b,2017-10-08T18:43:23.000Z,0.0026,0xd6c4885d257aa39ff7d9ab7e8cc42945ed5d2726,sell,0x3a26746ddb79b1b8e4450e3f4ffe3285a307387e,0x7e3da1ac9c05f397f3177211297e78787266f5a77c0a6fb35475d393609768d5
202,20,0.052,0x42977c5d040af2e76c2664a9da9b1a53aa962d7c,2017-10-08T18:37:46.000Z,0.0026,0x8ce3bb397893e32992736331c34a51195022dd46,buy,0x3a26746ddb79b1b8e4450e3f4ffe3285a307387e,0x09aabc20dc4915c581e802f78703bf0a7d1f3c7661fa2a45a5a04197c7fa7ef8
203,0.96182509,0.004809125481458282,0xe39dd4d2048ec83baaa809bb53be57011393e535,2017-10-08T18:14:41.000Z,0.005000000032706863,0x42977c5d040af2e76c2664a9da9b1a53aa962d7c,buy,0x3a26746ddb79b1b8e4450e3f4ffe3285a307387e,0x8efb09f6213633c49c4e67ba6238aae70844f76e71e299da12cb7f246415637a
204,1,0.005,0xe39dd4d2048ec83baaa809bb53be57011393e535,2017-10-08T17:58:59.000Z,0.005,0xd819c9dc2f54d33c0d2cb567b9afebabe6dc4d03,buy,0x3a26746ddb79b1b8e4450e3f4ffe3285a307387e,0xfad61732a8c5cbc48319c5eea7223ad283c60c371c963f6ad6543c6a5e286199
205,70,0.182,0x3e95a6cb2cfbf69b98a384b835f3c88ea701412b,2017-10-08T17:50:40.000Z,0.0026,0xd6c4885d257aa39ff7d9ab7e8cc42945ed5d2726,sell,0x3a26746ddb79b1b8e4450e3f4ffe3285a307387e,0x637c5cc0c011f0059c935970f640767a82ff278472ac4947305ba5ca57e1aba2
206,5,0.0195,0x9bb8e371b79ec9a43f997b8abe2af70c76291589,2017-10-08T17:47:19.000Z,0.0039,0x40f770af2bab89f11d88ef212cba5fb4e8d1da6f,sell,0x3a26746ddb79b1b8e4450e3f4ffe3285a307387e,0x8b29d45c29f9ba946bcdbff0c8957175a0ada0836226e1af4ef70b925bf71b78
207,30.61272992,0.11938964671534391,0x27849f835bb345a26dffbfa7a8863c387b546730,2017-10-08T16:31:19.000Z,0.00390000000089322,0x12392a79a1c5c47ff55018c806e59127a3c5927d,buy,0x3a26746ddb79b1b8e4450e3f4ffe3285a307387e,0xbd54a89a181bc238507bab26c58406d2b7e5f4b22d636909606730429054696c
208,70,0.273,0xf16f1b82b91e8dee2ebb489859506c6c125fb638,2017-10-08T15:55:28.000Z,0.0039,0x12392a79a1c5c47ff55018c806e59127a3c5927d,buy,0x3a26746ddb79b1b8e4450e3f4ffe3285a307387e,0xa0fe7f4bc291d718e809cce6def4e3db6d81fbe835eb447bc5da4f77305b8abe
209,1,0.0022,0xd819c9dc2f54d33c0d2cb567b9afebabe6dc4d03,2017-10-08T12:54:47.000Z,0.0022,0xb766a4790be0441006226ec1b11a20424626cdcf,sell,0x3a26746ddb79b1b8e4450e3f4ffe3285a307387e,0xd1c204775840fa3f052b1400c3c5c52ae2c0d4cf03fe50ac6976a35322eea0d0
210,2,0.004000002,0xb766a4790be0441006226ec1b11a20424626cdcf,2017-10-08T12:45:52.000Z,0.002000001,0x7c3abcde790b86209587963d78ed41b798c3fd9d,sell,0x3a26746ddb79b1b8e4450e3f4ffe3285a307387e,0xc40a1975ce909bc16c33a905306ba80515eb131a81a504322b7605068fcc8cae
211,2,0.0042,0xeb4f6f6386b26596668a0b150ae6a74efc03f3e7,2017-10-08T12:40:17.000Z,0.0021,0x39289bdd2147a1b2661670881b86c1b246bc073c,sell,0x3a26746ddb79b1b8e4450e3f4ffe3285a307387e,0xfa106b4d912337898058239ff035cdc3ef938964510a3a233ec3ed2afef61954
212,1,0.01320132,0xd819c9dc2f54d33c0d2cb567b9afebabe6dc4d03,2017-10-08T12:39:21.000Z,0.01320132,0x40f770af2bab89f11d88ef212cba5fb4e8d1da6f,buy,0x3a26746ddb79b1b8e4450e3f4ffe3285a307387e,0xea5ea6303e21aab4a10c78c5f41399691a5cbdad6221a481380bc18f1a041710
213,2.5,0.01,0x1dad06b12d7a48525888d91c3bbb54571b4fe178,2017-10-08T11:51:03.000Z,0.004,0x12392a79a1c5c47ff55018c806e59127a3c5927d,buy,0x3a26746ddb79b1b8e4450e3f4ffe3285a307387e,0xcade6640163936ddfa0b201011dc52cd99c7901613d778ee6feab84521fd1926
214,2.09351032,0.020935101196229974,0x4fef95c773da7c984a0b8b752930d49d0403d3a6,2017-10-08T11:28:46.000Z,0.009999999042865944,0xf36990a2cb4d609e0a7d4f3bf884c0342d81fd3d,buy,0x3a26746ddb79b1b8e4450e3f4ffe3285a307387e,0x606af76c9348c7eb79d2460a113b7ab3071789b5caa6078270a89933558bee42
215,0.99690958,0.003987638321204266,0x0190d5407e389ba2ca7ad1d6f480f8ebefffb7d9,2017-10-08T11:27:21.000Z,0.004000000001207999,0x12392a79a1c5c47ff55018c806e59127a3c5927d,buy,0x3a26746ddb79b1b8e4450e3f4ffe3285a307387e,0xf466213f5beccfc9c9ee544947ac96933c7e3c1f35170a75bb702b75ac75ebfd
216,0.99690958,0.003987638321204266,0xd9906f1dbbc7e68b64027e3fb284665daa623759,2017-10-08T11:25:55.000Z,0.004000000001207999,0x12392a79a1c5c47ff55018c806e59127a3c5927d,buy,0x3a26746ddb79b1b8e4450e3f4ffe3285a307387e,0xdf0b6cd7831a7af4c9339b9921e7e5941e11e217582a10f7888f290091d04e5d
217,1,0.004,0x2f77da8bd502346b24189e30b856f8a179d19495,2017-10-08T11:13:10.000Z,0.004,0x12392a79a1c5c47ff55018c806e59127a3c5927d,buy,0x3a26746ddb79b1b8e4450e3f4ffe3285a307387e,0x744c34d43aa3c25fc1c1522d3e3b84c710cb8d1997b25768056491e72ac3c20c
218,1,0.004,0xe914acd0bebdbd81e5232dc93939747ed4bbea31,2017-10-08T11:08:52.000Z,0.004,0x12392a79a1c5c47ff55018c806e59127a3c5927d,buy,0x3a26746ddb79b1b8e4450e3f4ffe3285a307387e,0x81be7e22818c259439dfca96a4aec7b30c5185c82aaf11542497145053eae97c
219,0.09969096,0.000996909580301066,0x4fef95c773da7c984a0b8b752930d49d0403d3a6,2017-10-08T10:49:58.000Z,0.009999999802399996,0xf36990a2cb4d609e0a7d4f3bf884c0342d81fd3d,buy,0x3a26746ddb79b1b8e4450e3f4ffe3285a307387e,0x9da3195294dcd122fc040eace073f7a51cc2726995a63d05b0edaee8366803e1
220,27.59904296,0.0540941242016,0xcb9e58ec85d56aa39a6246bc1e94236299c65133,2017-10-08T09:35:32.000Z,0.00196,0x7531e7cfd229f95185facaa2b808311f5552d01f,sell,0x3a26746ddb79b1b8e4450e3f4ffe3285a307387e,0x3707294d2e867ff79146873a855cf7905f37252b7f66a0a809eced2685899202
221,2.8,0.007,0x14319b81fead2f3038619e231de24a14e93f48df,2017-10-08T09:31:22.000Z,0.0025,0x7531e7cfd229f95185facaa2b808311f5552d01f,sell,0x3a26746ddb79b1b8e4450e3f4ffe3285a307387e,0x70737511493a7e53f51cd49e257a28fdefc6bf5309b198337b2fe2e20c2291ce
222,50,0.1,0x14aae375993ba1152f425e39b44d7e06adeb493d,2017-10-08T09:26:21.000Z,0.002,0x7531e7cfd229f95185facaa2b808311f5552d01f,sell,0x3a26746ddb79b1b8e4450e3f4ffe3285a307387e,0x1eb204a2461b7aabf3c4ba3ce078e59ba320021a7c66896944953c7151df8b0e
223,4,0.016,0xe673b1ea0c5d49462ce27cff1d58177af5de7dfa,2017-10-08T09:20:44.000Z,0.004,0x7531e7cfd229f95185facaa2b808311f5552d01f,buy,0x3a26746ddb79b1b8e4450e3f4ffe3285a307387e,0x61416ad7544f498ca9a1013cdb88de5b61ac78a8698e6bff875849e037224b93
224,19,0.0399,0x3cf0a8dfcaafb1c11c569861922d61cfd4ac6cb4,2017-10-08T09:20:17.000Z,0.0021,0x7531e7cfd229f95185facaa2b808311f5552d01f,sell,0x3a26746ddb79b1b8e4450e3f4ffe3285a307387e,0x2b50e11cfa0f625ea084e069b9ec8eceefc5b207b56a3de6a22bea683b6c9995
225,100,0.2,0x14319b81fead2f3038619e231de24a14e93f48df,2017-10-08T09:16:57.000Z,0.002,0x7531e7cfd229f95185facaa2b808311f5552d01f,sell,0x3a26746ddb79b1b8e4450e3f4ffe3285a307387e,0x187a3685c09b9adbda37307634c552d60d434d7f0c2d416859c212a52883df47
226,1,0.004,0xaa39128ab181c3ff9b5cf27d197f7c196aeef7ac,2017-10-08T09:12:34.000Z,0.004,0x7531e7cfd229f95185facaa2b808311f5552d01f,buy,0x3a26746ddb79b1b8e4450e3f4ffe3285a307387e,0x68d796d4a34e957863f1760f4ded787c83089d7f4ff0383b64021d76fc9200f4
227,0.0000038,0.000000019026566841,0xaa39128ab181c3ff9b5cf27d197f7c196aeef7ac,2017-10-08T09:07:08.000Z,0.005006991273947369,0x42977c5d040af2e76c2664a9da9b1a53aa962d7c,buy,0x3a26746ddb79b1b8e4450e3f4ffe3285a307387e,0x96b73b707aecadad614b200fe79b84292a8ffb23783f3b840add38aede8657ba
228,0.03817109,0.000190855491974877,0xaa39128ab181c3ff9b5cf27d197f7c196aeef7ac,2017-10-08T08:58:04.000Z,0.005000001099650993,0x42977c5d040af2e76c2664a9da9b1a53aa962d7c,buy,0x3a26746ddb79b1b8e4450e3f4ffe3285a307387e,0x746f96413447ba3399bfdf4ec1162065084cf4d6a2be7982125e7547d8a90ccf
229,1,0.005,0x72fd2ec5dfe929f2ab3f6f14de7ffa83e8558f54,2017-10-08T08:31:43.000Z,0.005,0x42977c5d040af2e76c2664a9da9b1a53aa962d7c,buy,0x3a26746ddb79b1b8e4450e3f4ffe3285a307387e,0x9528fbe285d7ef288a374835d5ea68f3f142789e29ece9928323e37613144556
230,1.79686285,0.00503121598,0xc9ef79a1bb76cc5c621c78edd4b32cb176589850,2017-10-08T08:26:55.000Z,0.0028,0x42977c5d040af2e76c2664a9da9b1a53aa962d7c,sell,0x3a26746ddb79b1b8e4450e3f4ffe3285a307387e,0x62bfd73ad305622dbdbaf85daece34e4591ad023ddc907a2b90b201bf7e250b8
231,1,0.005,0xc9ef79a1bb76cc5c621c78edd4b32cb176589850,2017-10-08T08:21:29.000Z,0.005,0xb766a4790be0441006226ec1b11a20424626cdcf,sell,0x3a26746ddb79b1b8e4450e3f4ffe3285a307387e,0x6814fc77246eb3942e2d1930defa4fee11036fcf8c2ea92adc85e26a6f216527
232,1,0.005,0xc9ef79a1bb76cc5c621c78edd4b32cb176589850,2017-10-08T08:21:02.000Z,0.005,0xb766a4790be0441006226ec1b11a20424626cdcf,sell,0x3a26746ddb79b1b8e4450e3f4ffe3285a307387e,0x1526457e817d226efe51bb45f6d0ee034d7fe3b8cb322f0f104dfbd6d96b80ab
233,1,0.005,0x509fe29a034a147c5629abd4d80f25bc0a44d79a,2017-10-08T08:17:08.000Z,0.005,0x42977c5d040af2e76c2664a9da9b1a53aa962d7c,buy,0x3a26746ddb79b1b8e4450e3f4ffe3285a307387e,0xa1f605eab57e2ebd4033308695c4707ce353bf61dfd2cbd97cbb573131c2ccf8
234,10,0.03,0x1247fb2f2804eaf5b637211c322a21e0e041c0e0,2017-10-08T08:07:36.000Z,0.003,0x42977c5d040af2e76c2664a9da9b1a53aa962d7c,sell,0x3a26746ddb79b1b8e4450e3f4ffe3285a307387e,0x8494e43db447982d7be5210d4fc46cfb318af524c7e5c761adaf510e71afc12e
235,15,0.030000015,0xf36990a2cb4d609e0a7d4f3bf884c0342d81fd3d,2017-10-08T08:07:30.000Z,0.002000001,0x42977c5d040af2e76c2664a9da9b1a53aa962d7c,sell,0x3a26746ddb79b1b8e4450e3f4ffe3285a307387e,0x924efb8b50229d4fa19dc46dfa60097f4d6fe8d849a3d6446a52447224efdaac
236,1,0.013,0x2b0f9b18de97e3e4c6515b76c1e099552611dfa8,2017-10-08T08:02:09.000Z,0.013,0xfb76d850ada4afb72c1ae60b8cc12fe97808287a,sell,0x3a26746ddb79b1b8e4450e3f4ffe3285a307387e,0x88306aa7846d3fb49dfbea0e0cd5bf40bb344e0a98e6947fc389dd90c7fb3d6b
237,1,0.01,0xc9ef79a1bb76cc5c621c78edd4b32cb176589850,2017-10-08T08:01:08.000Z,0.01,0xb766a4790be0441006226ec1b11a20424626cdcf,sell,0x3a26746ddb79b1b8e4450e3f4ffe3285a307387e,0xc5dadf62c726b1903c7cf9761b0beee85343f0207dcdbcbb745fc0fa91e82b52
238,30,0.093,0x14319b81fead2f3038619e231de24a14e93f48df,2017-10-08T07:46:58.000Z,0.0031,0x42977c5d040af2e76c2664a9da9b1a53aa962d7c,sell,0x3a26746ddb79b1b8e4450e3f4ffe3285a307387e,0x7b88ab6c5e20ee023142a5dd9faadccad9913d39642409db6376f1da487fec08
239,1,0.0031,0xe673b1ea0c5d49462ce27cff1d58177af5de7dfa,2017-10-08T07:45:37.000Z,0.0031,0x42977c5d040af2e76c2664a9da9b1a53aa962d7c,sell,0x3a26746ddb79b1b8e4450e3f4ffe3285a307387e,0xf39bdce581139c49cbcbff4429e9d3c5c4e2f3870d41906ae39b507342001152
240,0.01211077,0.000069031407898997,0x12392a79a1c5c47ff55018c806e59127a3c5927d,2017-10-08T07:41:53.000Z,0.005700001560511594,0xd3ed103350f85f662592fd4560d82a52a517eda9,buy,0x3a26746ddb79b1b8e4450e3f4ffe3285a307387e,0x1b48f703c6f94dc863412c188f98fe7a4a63435fdaeb6d6df496265cc534c868
241,0.017,0.017,0xc9ef79a1bb76cc5c621c78edd4b32cb176589850,2017-10-08T07:37:49.000Z,1,0x42977c5d040af2e76c2664a9da9b1a53aa962d7c,buy,0x3a26746ddb79b1b8e4450e3f4ffe3285a307387e,0x763b14768416d55108ad83c130fff5bd393b8a377cb048a301af882b4d59fa0f
242,10,0.03100001,0xf36990a2cb4d609e0a7d4f3bf884c0342d81fd3d,2017-10-08T07:37:36.000Z,0.003100001,0x42977c5d040af2e76c2664a9da9b1a53aa962d7c,sell,0x3a26746ddb79b1b8e4450e3f4ffe3285a307387e,0x470e597ac5f13cea85a46fa805161473d57555cfc0f6b52c118d90ad6b4c1307
243,3,0.0171,0x8f351d5a44b8eeb3405172a0cfd87566f0b22da2,2017-10-08T07:29:31.000Z,0.0057,0xd3ed103350f85f662592fd4560d82a52a517eda9,buy,0x3a26746ddb79b1b8e4450e3f4ffe3285a307387e,0x72ab323ab18f459a2c9a1cddc0a8cd9581161e7bf822c7db4ad01afc9b54a81b
244,1,0.011,0x72fd2ec5dfe929f2ab3f6f14de7ffa83e8558f54,2017-10-08T07:28:39.000Z,0.011,0x257c3eba49d302472fc76ea3019f3ead03381f96,buy,0x3a26746ddb79b1b8e4450e3f4ffe3285a307387e,0xab2e0d08af5f55b216086b1e44536c0c4e2fa5fa833e7ca9365b8e1b3820eaa3
245,0.5,0.0025,0x9b4edb7442118a99fcccec01625060bcfa335eb1,2017-10-08T07:00:41.000Z,0.005,0x626fcc98ee86ee187039e93f19272bdea20fee09,sell,0x3a26746ddb79b1b8e4450e3f4ffe3285a307387e,0x87ba18064c67150e326f22e905bb99b132f79ba7c0eaffe69857bf18f2bdd373
246,5,0.0285,0x1806b48b945bd26f56dea9e154053fec07ca909c,2017-10-08T06:53:27.000Z,0.0057,0xd3ed103350f85f662592fd4560d82a52a517eda9,buy,0x3a26746ddb79b1b8e4450e3f4ffe3285a307387e,0x27d9c26f5c8e18377a7fed1706ef080025e390c5225b7786d5d77f894c5e503c
247,2,0.0114,0xe673b1ea0c5d49462ce27cff1d58177af5de7dfa,2017-10-08T06:48:50.000Z,0.0057,0xd3ed103350f85f662592fd4560d82a52a517eda9,buy,0x3a26746ddb79b1b8e4450e3f4ffe3285a307387e,0xef09adca1bc9096875af74f72e4488072ac941ea6c7c6c3fbbab657edfe8689f
248,0.99690958,0.012959824543913867,0x6417d2e0f911b5e06c4ce57723ffecc3f9c209a7,2017-10-08T06:48:50.000Z,0.013000000003926,0xa5a002e333890ab6dfce2b36065a579cc0ba58f7,buy,0x3a26746ddb79b1b8e4450e3f4ffe3285a307387e,0x21f8a686a064525fec9d2328eeea0520670ccacd7cbf2a5342946f4bc0b3b907
249,1,0.0057,0xe673b1ea0c5d49462ce27cff1d58177af5de7dfa,2017-10-08T06:24:14.000Z,0.0057,0xd3ed103350f85f662592fd4560d82a52a517eda9,buy,0x3a26746ddb79b1b8e4450e3f4ffe3285a307387e,0x739bbfb9e60d85946ceb9ad8580a6cc2791f07fe36948a1a2a56e73925b65641
250,90,0.1719,0x5d26ca4ee3be471a4c5eeccb3bac220603387c77,2017-10-08T05:37:01.000Z,0.00191,0x42977c5d040af2e76c2664a9da9b1a53aa962d7c,sell,0x3a26746ddb79b1b8e4450e3f4ffe3285a307387e,0xf6647d0077bb3b1ce7df4af5c469a5949add359e3095de37c3e3849e2fa6211e
251,50,0.25,0x14aae375993ba1152f425e39b44d7e06adeb493d,2017-10-08T05:21:03.000Z,0.005,0x626fcc98ee86ee187039e93f19272bdea20fee09,sell,0x3a26746ddb79b1b8e4450e3f4ffe3285a307387e,0x4957eb4445955068458aad4d730ff0f343c3408d3435afdb98622ad09a03f4df
252,63.384,0.443688,0x14aae375993ba1152f425e39b44d7e06adeb493d,2017-10-08T05:18:44.000Z,0.007,0x4b940b4a7a9f73d6bf883dce46dc056b13a91c04,buy,0x3a26746ddb79b1b8e4450e3f4ffe3285a307387e,0x70c2db1003fcf508a025958ccf47991d360f40278e1efd9f1bd447a0ecffaab7
253,1,0.0067,0xe673b1ea0c5d49462ce27cff1d58177af5de7dfa,2017-10-08T05:07:20.000Z,0.0067,0x42977c5d040af2e76c2664a9da9b1a53aa962d7c,buy,0x3a26746ddb79b1b8e4450e3f4ffe3285a307387e,0x6884820a52a168cd70db414a3f7fbbc73cb7f76cbe0224ae127d6b22c624df07
254,1,0.01149,0xe673b1ea0c5d49462ce27cff1d58177af5de7dfa,2017-10-08T04:32:50.000Z,0.01149,0x25a02586c8573e54160307c74582b555f4b79a87,buy,0x3a26746ddb79b1b8e4450e3f4ffe3285a307387e,0x24e38bb8558eaa59606ed1c0e5f78b3c886f933fb4d58d0eeb8abe0471d827e7
255,1,0.01149,0xe673b1ea0c5d49462ce27cff1d58177af5de7dfa,2017-10-08T04:32:40.000Z,0.01149,0x25a02586c8573e54160307c74582b555f4b79a87,buy,0x3a26746ddb79b1b8e4450e3f4ffe3285a307387e,0x24e38bb8558eaa59606ed1c0e5f78b3c886f933fb4d58d0eeb8abe0471d827e7
256,63.38484032,0.3803090419690324,0x4b940b4a7a9f73d6bf883dce46dc056b13a91c04,2017-10-08T04:26:16.000Z,0.006000000000773567,0x42977c5d040af2e76c2664a9da9b1a53aa962d7c,buy,0x3a26746ddb79b1b8e4450e3f4ffe3285a307387e,0x85d14b9329de6a3081a609376d0cceefdd301342d7a51ac7312c094f5aed5d8d
257,16.61515967,0.09969095803096759,0xc05eb25915a202c6ac9f3d9c11ab4044b6c25326,2017-10-08T04:07:24.000Z,0.0060000000006600945,0x42977c5d040af2e76c2664a9da9b1a53aa962d7c,buy,0x3a26746ddb79b1b8e4450e3f4ffe3285a307387e,0x86a33bb67990221af81b88e3ed253db83eb64e61980c07a92e80ef4674196d15
258,4.9845479,0.009719868405,0x4cc4bd0a8fc9bdb97791e44dc5e661b8c461c98b,2017-10-08T03:59:13.000Z,0.00195,0xf644b700861eb1008fe9c5800fcfad7335839127,sell,0x3a26746ddb79b1b8e4450e3f4ffe3285a307387e,0x1f1bed4f795fe8b1822bc23f99f3ad6a1bf2ac1607c3d50f348e0d5790156195
259,10,0.0195,0x4cc4bd0a8fc9bdb97791e44dc5e661b8c461c98b,2017-10-08T03:58:41.000Z,0.00195,0x42977c5d040af2e76c2664a9da9b1a53aa962d7c,sell,0x3a26746ddb79b1b8e4450e3f4ffe3285a307387e,0x8b330dd202a06e301da91de976d016b3b7c2841b467a358a8b15c6576ad6cd55
260,30,0.0582,0x3e95a6cb2cfbf69b98a384b835f3c88ea701412b,2017-10-08T03:27:38.000Z,0.00194,0x42977c5d040af2e76c2664a9da9b1a53aa962d7c,sell,0x3a26746ddb79b1b8e4450e3f4ffe3285a307387e,0x6727013c747d0c419288f2b10b0e6acaf08110344c029566793cbfbe9f11ee1a
261,100,0.195,0x3e95a6cb2cfbf69b98a384b835f3c88ea701412b,2017-10-08T03:08:55.000Z,0.00195,0x42977c5d040af2e76c2664a9da9b1a53aa962d7c,sell,0x3a26746ddb79b1b8e4450e3f4ffe3285a307387e,0x5ed314077b7b7fad1d9bb2d1b28b45a2a41690676e3d1152012639ea9fb1dad9
262,0.10355697,0.001190905184926727,0x1f9dc9bc0e1d8f14e86704256bb67417b3b1f8cb,2017-10-08T03:01:49.000Z,0.011500000288988052,0x40f770af2bab89f11d88ef212cba5fb4e8d1da6f,buy,0x3a26746ddb79b1b8e4450e3f4ffe3285a307387e,0x33c0cd27adc79e35f9021a838671616028d2d5a50d8cef2a8d31d0ea852d7b2b
263,33,0.099,0x8173bc0138ea5e27359a42154dce26bfb491f4e1,2017-10-08T02:57:13.000Z,0.003,0x42977c5d040af2e76c2664a9da9b1a53aa962d7c,sell,0x3a26746ddb79b1b8e4450e3f4ffe3285a307387e,0x975674c4b07683c289dfae5443c311af69afeffc6e469f3bff3f6cb595e5ace6
264,3.46751158,0.03987638321204267,0x0284b62aa64c2e81de52be16bd7c883925d86fd5,2017-10-08T02:55:38.000Z,0.011500000012124737,0x40f770af2bab89f11d88ef212cba5fb4e8d1da6f,buy,0x3a26746ddb79b1b8e4450e3f4ffe3285a307387e,0xbb45b0b3130ffc608bf483db7215e6e4b741a97b1a89d3f99602a6109b823122
265,1,0.01320132,0xefb5717e387fd3e000751389b71c2a3a12c6cb2b,2017-10-08T02:55:38.000Z,0.01320132,0x40f770af2bab89f11d88ef212cba5fb4e8d1da6f,buy,0x3a26746ddb79b1b8e4450e3f4ffe3285a307387e,0xacc0ec142475f154ce443823f64e79899234577d0697a92f97112ff6b312c095
266,100,1.189,0xd37d88d01d9ea4b27a33c161706ed9720a97716e,2017-10-08T00:31:58.000Z,0.01189,0x40f770af2bab89f11d88ef212cba5fb4e8d1da6f,buy,0x3a26746ddb79b1b8e4450e3f4ffe3285a307387e,0x7408347ee6031545117a8ccd31b8f8776429efd8fa97e71ff06d632e1c8edbde
267,1,0.011,0xbba1f993e59c2b0014d7f83f73b57a622bdd9dfc,2017-10-07T23:14:26.000Z,0.011,0xd14a86c1d73c2b583b540838ad2c541182138484,buy,0x3a26746ddb79b1b8e4450e3f4ffe3285a307387e,0x84669482f9d2f8296b043d9d64e7d3dd41f29246301f66d84f837a4b4dbe2534
268,16.807,0.2000033,0x4cc4bd0a8fc9bdb97791e44dc5e661b8c461c98b,2017-10-07T15:00:26.000Z,0.0119,0x40f770af2bab89f11d88ef212cba5fb4e8d1da6f,buy,0x3a26746ddb79b1b8e4450e3f4ffe3285a307387e,0x6778b6b0d0c7c818053f082644d44e02e6c430fbc91cec14bc21d5d30b484bcf
269,10,0.12376237,0x1806b48b945bd26f56dea9e154053fec07ca909c,2017-10-07T13:53:31.000Z,0.012376237,0x40f770af2bab89f11d88ef212cba5fb4e8d1da6f,buy,0x3a26746ddb79b1b8e4450e3f4ffe3285a307387e,0x346ccc0527657cd77da05c100549813b45e343c5282a692bb72251e076ca12e6
270,8.403,0.0999957,0xf7189dbd537ed2d384d8537d576a67545513ebd1,2017-10-07T13:53:31.000Z,0.0119,0x40f770af2bab89f11d88ef212cba5fb4e8d1da6f,buy,0x3a26746ddb79b1b8e4450e3f4ffe3285a307387e,0x87d02e54a0ac1ce54b311ff4f57d3116647fe114960132a42e845585aa001c68
271,12,0.036,0x503a6945bc893a957deda173e3b1bd235a2f9112,2017-10-07T13:32:20.000Z,0.003,0xbba1f993e59c2b0014d7f83f73b57a622bdd9dfc,sell,0x3a26746ddb79b1b8e4450e3f4ffe3285a307387e,0xa3f057a418b08facb7656b8adc5202264bb866b4f90a5485d5ad7fe4d997bf57
272,10,0.12376237,0xbba1f993e59c2b0014d7f83f73b57a622bdd9dfc,2017-10-07T13:20:25.000Z,0.012376237,0x40f770af2bab89f11d88ef212cba5fb4e8d1da6f,buy,0x3a26746ddb79b1b8e4450e3f4ffe3285a307387e,0x6599fde918efe1de1af0fb3a7ac94dcc1f179c8eee8e5bf3cd8a0fbc5d1748ad
273,7.523,0.0887714,0xbba1f993e59c2b0014d7f83f73b57a622bdd9dfc,2017-10-07T13:19:48.000Z,0.0118,0x4cc4bd0a8fc9bdb97791e44dc5e661b8c461c98b,buy,0x3a26746ddb79b1b8e4450e3f4ffe3285a307387e,0xb6842f30fa47055e0018412be52c4f97e825821424775c67c11763e0e58cc48c
274,0.25,0.00295,0x0024a5046fd95c5eee6db19a69ef7ed3bacd50f1,2017-10-07T11:55:30.000Z,0.0118,0x4cc4bd0a8fc9bdb97791e44dc5e661b8c461c98b,buy,0x3a26746ddb79b1b8e4450e3f4ffe3285a307387e,0xcd545ddecc884fc88a2c097c46077b772eba6fb94d3fc93b3b04524fa29991a6
275,7.77317763,0.09250081390912199,0x4cc4bd0a8fc9bdb97791e44dc5e661b8c461c98b,2017-10-07T05:16:05.000Z,0.011900000014424216,0x40f770af2bab89f11d88ef212cba5fb4e8d1da6f,buy,0x3a26746ddb79b1b8e4450e3f4ffe3285a307387e,0xd9847e0b7040d41a0c7a25db5a9e73d5b20e43b240ae84ee4f757cea7afaac44
276,8.37977902,0.09971937044299051,0x5a79d9aa3a4917c085491e76ec1397c59d66cebf,2017-10-07T04:11:09.000Z,0.01190000001252903,0x40f770af2bab89f11d88ef212cba5fb4e8d1da6f,buy,0x3a26746ddb79b1b8e4450e3f4ffe3285a307387e,0x7d1c8dba69d92e24fab9b1ff38a7bdfda62c8f3e76eb80c9b193b5f7313b65a4
277,10,0.18918261,0x40f770af2bab89f11d88ef212cba5fb4e8d1da6f,2017-09-15T22:17:47.000Z,0.018918261,0x40f770af2bab89f11d88ef212cba5fb4e8d1da6f,buy,0x3a26746ddb79b1b8e4450e3f4ffe3285a307387e,0xcc67988361ab9cf9138b299031ecb9ca46016260a49a642836b573ed13496fa1
