,amount,amountBase,buyer,date,price,seller,side,tokenAddr,txHash
0,11.11,0.0005,0x4fda9e6bcd83af6c5cc771b5d20accc2b7720074,2017-11-02T11:00:16.000Z,0.000045004500450045,0x82d99d98115565d2a58e99fc53704cee56e3c0de,buy,0xe6923e9b56db1eed1c9f430ea761da7565e260fe,0x5820e89887e47f1d2971accdd04646c64b20a977d79a637c659c457cf02d7a3f
1,11.11,0.0005,0x3075f7f189912f4f425dd7021b9c396434197477,2017-11-02T10:47:24.000Z,0.000045004500450045,0x82d99d98115565d2a58e99fc53704cee56e3c0de,buy,0xe6923e9b56db1eed1c9f430ea761da7565e260fe,0x6f652cc45d8cbdb2335bcf4dc97eddeb5296e782e1da670c93c27b983f009b88
2,1190.31,0.02618682,0x9cdc370013229bf5ac914f78681d8479ab79c5a9,2017-11-01T22:57:59.000Z,0.000022,0x2b738c1964d6fc053d386798f7b6664909e0030b,sell,0xe6923e9b56db1eed1c9f430ea761da7565e260fe,0x32f345266df7ac0048d350e92fa80473a93274b849a0a8a9a8dcee6f4adb9766
3,3798.35,0.10255545,0x9cdc370013229bf5ac914f78681d8479ab79c5a9,2017-11-01T18:47:42.000Z,0.000027,0xa5e8ec84aca34e8ef6ae78f0735df247a941bcd1,sell,0xe6923e9b56db1eed1c9f430ea761da7565e260fe,0xb65dd4b05da7eed2c94f7305636434a47b3244ad2477008f27403ca4c3b99cf9
4,0.33,0.00000891,0x9cdc370013229bf5ac914f78681d8479ab79c5a9,2017-11-01T16:26:00.000Z,0.000027,0x274e163ecf688a007c577bb37ceba6cd0087ebec,sell,0xe6923e9b56db1eed1c9f430ea761da7565e260fe,0xad963b028369294aaea23974302bd1ac6f5dad60c94d982f0bfc97dea0b71682
5,3373.8,0.0910926,0x9cdc370013229bf5ac914f78681d8479ab79c5a9,2017-11-01T16:24:36.000Z,0.000027,0x274e163ecf688a007c577bb37ceba6cd0087ebec,sell,0xe6923e9b56db1eed1c9f430ea761da7565e260fe,0xc0ab844f2512041c0da9904d4dd9d8c4d1e2e2b77bc7bd0b3328472dbbd552cf
6,10000,0.271,0x948b15e038ea3e9852f030589796494b6b511ae9,2017-11-01T16:22:14.000Z,0.0000271,0x274e163ecf688a007c577bb37ceba6cd0087ebec,sell,0xe6923e9b56db1eed1c9f430ea761da7565e260fe,0x6cf610bfe477ed121d7d88208348f1ef082887ae0c7fe5bc86f3f963910e86e4
7,996.9,0.0269163,0x9cdc370013229bf5ac914f78681d8479ab79c5a9,2017-11-01T12:33:32.000Z,0.000027,0x1aa7e20656f755f935223342abfab5a5c2d6fc72,sell,0xe6923e9b56db1eed1c9f430ea761da7565e260fe,0x6c3ac57b8ea89e9d19e5e48eb7db2edaeb1577a7b3eea400772d42f50eee2d25
8,4150,0.166,0x134292e5862df4b5b1a046997bfc6f6978d0d3da,2017-11-01T01:06:42.000Z,0.00004,0x82d99d98115565d2a58e99fc53704cee56e3c0de,buy,0xe6923e9b56db1eed1c9f430ea761da7565e260fe,0x7a230a49432a28bd74e7b990fb078ae711fad51e2224661485415f0a4c991b9e
9,6000,0.24,0x134292e5862df4b5b1a046997bfc6f6978d0d3da,2017-10-31T23:06:26.000Z,0.00004,0x82d99d98115565d2a58e99fc53704cee56e3c0de,buy,0xe6923e9b56db1eed1c9f430ea761da7565e260fe,0xec02634d1d335c0f00a3fb27af5290bfae4471f9766df5731c2c6a330e3fb33d
10,25000,1,0x84c2f4eeedd911667eb1833ecd0bfa74c0c46b9a,2017-10-31T21:31:55.000Z,0.00004,0x82d99d98115565d2a58e99fc53704cee56e3c0de,buy,0xe6923e9b56db1eed1c9f430ea761da7565e260fe,0xe4122a25d959765d9f488d2c973a5fa3a6e49fcbabe1e7e73d143e34d3c7df64
11,30,0.0009863997,0x0b773d7819259d78757b26dc4148812d35676d8f,2017-10-31T14:25:22.000Z,0.00003287999,0xcb268eb8ed168c25bd17c7a2af51a69f9134cbe1,buy,0xe6923e9b56db1eed1c9f430ea761da7565e260fe,0x9daa054c25922bdd29291b92eeb4e74bdfbc8ae66b3769dee2925d0e6d8ed2f4
12,115.34,0.00379226386,0xd4b5b1f3c0f1ba76d2eeca64718f953a062fda96,2017-10-31T11:14:07.000Z,0.000032879,0x28fc50a4088f19e18ec8272f5a3fcd035bc2cbe5,buy,0xe6923e9b56db1eed1c9f430ea761da7565e260fe,0x13ce2ec219d3b2ac5ac4c53eac7d29e178f3d70f5fc62e64a875073ca92589db
13,0,0,0x5fe35713d30a083f226ffea19a3b1e1ade29de47,2017-10-31T07:38:39.000Z,NaN,0xe444a40689f51f63bcd29910622035707d533d29,sell,0xe6923e9b56db1eed1c9f430ea761da7565e260fe,0xa9bcd4eef5a766f4fcfd74ce6f9103b5ee36921aab54987ef349c2429e801991
14,76000,1.52,0x82d99d98115565d2a58e99fc53704cee56e3c0de,2017-10-30T01:52:49.000Z,0.00002,0x8f3ab9008b1b3e1b4f3dc4c354e9192c1a3ad931,sell,0xe6923e9b56db1eed1c9f430ea761da7565e260fe,0xcd53ea3ce29ed5fc6a7e5a7f61f639f26f3fcedc65d0796aba7edff212ab8224
15,4984.59,0.1495377,0xafdcf99562ee7e2a5c1d9313f4b4dd4940d05927,2017-10-29T12:57:50.000Z,0.00003,0xb18fd5771e02a8e54c4dc73618e81ee52ffc4591,sell,0xe6923e9b56db1eed1c9f430ea761da7565e260fe,0xf8d518cb141529f271e9d4e8f381ba2da0a745ad81da47fa2553dcd2efb1d009
16,20000,0.65758,0x82d99d98115565d2a58e99fc53704cee56e3c0de,2017-10-29T00:34:05.000Z,0.000032879,0x28fc50a4088f19e18ec8272f5a3fcd035bc2cbe5,buy,0xe6923e9b56db1eed1c9f430ea761da7565e260fe,0xeb468910241f50479baf07e78ef7e75ac94c45d3bf764a4b5a575ab2995464a2
17,16.66,0.0005,0x42c24a83bded723edfdf5883bc7efb30bc1a1bf3,2017-10-28T21:03:51.000Z,0.00003001200480192076,0xcb268eb8ed168c25bd17c7a2af51a69f9134cbe1,buy,0xe6923e9b56db1eed1c9f430ea761da7565e260fe,0x65b1dec8e74e5a5333a5da8bd904511d0abda03aea4dc47451164a2376df9b85
18,16.66,0.0005,0x34f9560c63078eb61872a4dc2ccd20e21c34feaf,2017-10-28T20:34:27.000Z,0.00003001200480192076,0xcb268eb8ed168c25bd17c7a2af51a69f9134cbe1,buy,0xe6923e9b56db1eed1c9f430ea761da7565e260fe,0xc816a83df74c919883c91e8c2b1605059338227eac3c09f5f85183b657324364
19,16.66,0.0005,0xe444a40689f51f63bcd29910622035707d533d29,2017-10-28T20:30:31.000Z,0.00003001200480192076,0xcb268eb8ed168c25bd17c7a2af51a69f9134cbe1,buy,0xe6923e9b56db1eed1c9f430ea761da7565e260fe,0xecc153bce3f2f322ec89ba57885561ef0afdcfa513f63085cbbd82d981f7a3ae
20,2456.4,0.073692,0xafdcf99562ee7e2a5c1d9313f4b4dd4940d05927,2017-10-28T16:56:30.000Z,0.00003,0x0006d50465bbd36394383345a4facc1a1064f18d,sell,0xe6923e9b56db1eed1c9f430ea761da7565e260fe,0x812c95e3842dd8eb8ce07d44babe4536de3766ce82316b9f1c31667c70f0ac46
21,7101.61,0.21304850331868339,0xd4b5b1f3c0f1ba76d2eeca64718f953a062fda96,2017-10-28T13:30:09.000Z,0.00003000002862994213,0xd4fab3b55c94166b1c94c208714aedd525a5e329,buy,0xe6923e9b56db1eed1c9f430ea761da7565e260fe,0x98e96f360ed10c9bffaa758e0d004d320d9c6ca57a86bb53ee930e9b3cc146c1
22,2400,0.0717312,0x1dfb724b5cd84c6be394923edbc46424fb6b504b,2017-10-28T13:12:36.000Z,0.000029888,0x20e62f232d9dfdd8740a1041868d264965d699e5,buy,0xe6923e9b56db1eed1c9f430ea761da7565e260fe,0xe5d5e7982344a42c9b3876995f1d77c7648329891cc22503f9855dd3c0d3468d
23,2910.13,0.08730399668131661,0xa5e8ec84aca34e8ef6ae78f0735df247a941bcd1,2017-10-27T22:19:50.000Z,0.00003000003322233598,0xd4fab3b55c94166b1c94c208714aedd525a5e329,buy,0xe6923e9b56db1eed1c9f430ea761da7565e260fe,0x7643ce78caa41cd54d37a7afb59ad01c7c14beb99ca25d8c13911ce2a98514a1
24,0.12,0.00000096,0x3e29e9266d163f6b28e119f7c1efabb683e76968,2017-10-27T08:03:23.000Z,0.000008,0xf090a67dcfdf3544ee725c549fef745e5aa1f19d,sell,0xe6923e9b56db1eed1c9f430ea761da7565e260fe,0xd8a24f4e32054db3533388e5ca338a7a03dfc2573825cb7cb4c5761d6ad2dd99
25,1214.68,0.00971744,0x3e29e9266d163f6b28e119f7c1efabb683e76968,2017-10-27T07:32:05.000Z,0.000008,0xf090a67dcfdf3544ee725c549fef745e5aa1f19d,sell,0xe6923e9b56db1eed1c9f430ea761da7565e260fe,0xdf3502d9b01965394815c6cfc98399d8dbd511050d00e49d46951fbaf440f004
26,0.11,0.00000060753,0x64dcca9d2091012bd3e1e5235d703f72f4d65746,2017-10-25T22:16:59.000Z,0.000005523,0xb9a8e38ebc48f43f5f3465f2b4ef1cf14b173719,sell,0xe6923e9b56db1eed1c9f430ea761da7565e260fe,0x9b63925d0c55f2d8f04e1e44ac7cfd3f4fbc0abf75205299c140b662a7e8726d
27,9869,0.3839041,0x15f8e988924cf1593e8d19942508d62732d38898,2017-10-24T08:43:46.000Z,0.0000389,0x246a44139502cd3ce09b959da7558655ffef82af,buy,0xe6923e9b56db1eed1c9f430ea761da7565e260fe,0x83cf54d1a0a6e583029f538147d2b413a0d9f9b1e6df3c3b8f7a2066f674c6a0
28,93.92,0.000517630688,0xcb268eb8ed168c25bd17c7a2af51a69f9134cbe1,2017-10-24T07:10:35.000Z,0.0000055114,0xd13f3d62d14db8f986910b863f0241fb91947102,sell,0xe6923e9b56db1eed1c9f430ea761da7565e260fe,0x93f8aa30f395a231f1163db44df5f40f899a6cb5637c613f2c4076cdd64beb68
29,100,0.004,0xd4b5b1f3c0f1ba76d2eeca64718f953a062fda96,2017-10-24T01:43:07.000Z,0.00004,0x246a44139502cd3ce09b959da7558655ffef82af,buy,0xe6923e9b56db1eed1c9f430ea761da7565e260fe,0x41aa0e819cfaa7053b82a107b2b367eb151db72e7fa01eb1c0edab2ca992d106
30,20000,0.97978,0xb311a0462926c0889123d6e4b463699ea083f1cf,2017-10-24T00:59:42.000Z,0.000048989,0x8f3ab9008b1b3e1b4f3dc4c354e9192c1a3ad931,buy,0xe6923e9b56db1eed1c9f430ea761da7565e260fe,0x578f1c72fddde02573fa4db76d1a901ef25710761a30549eafec653fd5eb9d71
31,9969.09,0.3987636,0x246a44139502cd3ce09b959da7558655ffef82af,2017-10-23T08:20:48.000Z,0.00004,0x03307f0fbf063a28e30719474c3d637e5ce1be35,sell,0xe6923e9b56db1eed1c9f430ea761da7565e260fe,0xc63714d7968d40177436874d9eec0810c0a9601277e37806970171b3671a9576
32,1100,0.0538879,0xf56a5813467b2b28d095877a40df468290e747e4,2017-10-23T05:46:33.000Z,0.000048989,0x8f3ab9008b1b3e1b4f3dc4c354e9192c1a3ad931,buy,0xe6923e9b56db1eed1c9f430ea761da7565e260fe,0x82049cdb62fcec75171b6a978c4ff5ac11bf9f60da2930c71eaf420de5636540
33,2045.99,0.0613797,0x24418ab1b19550b380652432eac1ab37bf3d0fa9,2017-10-23T04:54:09.000Z,0.00003,0xdaef4a3c01284b6cd10b738cdba9f28f2e434535,buy,0xe6923e9b56db1eed1c9f430ea761da7565e260fe,0x710961dfd9f5fff02cab8ca989760b84766c5b1ab7ec5ba5232bf4c16f6ffcb9
34,10000,0.30005,0x4013176e5a4e7bf43a4d5ee5777ec6cf1e60ab9e,2017-10-23T03:50:01.000Z,0.000030005,0xdaef4a3c01284b6cd10b738cdba9f28f2e434535,sell,0xe6923e9b56db1eed1c9f430ea761da7565e260fe,0xb24883bce3a9d9ff265b4980d256033491517fcd7a6730c1a42a47757ac4c500
35,4000,0.201996,0x4143a8c53f7f94e0914878ca9e16e0800bf72c1b,2017-10-23T00:48:10.000Z,0.000050499,0x24418ab1b19550b380652432eac1ab37bf3d0fa9,buy,0xe6923e9b56db1eed1c9f430ea761da7565e260fe,0x2601e323655b99bcbf519f1c95fb48f6c6a3da79e796eb6417ce5ccb718d5d56
36,15000,0.75615,0x4143a8c53f7f94e0914878ca9e16e0800bf72c1b,2017-10-23T00:44:39.000Z,0.00005041,0x51823e32ef98383f5c13a50c93191ec73c765638,buy,0xe6923e9b56db1eed1c9f430ea761da7565e260fe,0x64b3f0db10b31440ec3a39899c92318720814ac902a11561944044d0cfbf727a
37,2237.75,0.11300667929418802,0xc7fc870676fbc48f894d9af5fe43eedb7f85278f,2017-10-22T13:36:12.000Z,0.00005050013598220892,0x873880b4ec6fd0d442148ca0fd8ef287e0e6c7c6,buy,0xe6923e9b56db1eed1c9f430ea761da7565e260fe,0x27e3bcd11ad8361611e8b631c7d30b98a9362c15102a1ada91ed065db624cff4
38,10000,0.5,0xd4b5b1f3c0f1ba76d2eeca64718f953a062fda96,2017-10-22T13:14:25.000Z,0.00005,0x51823e32ef98383f5c13a50c93191ec73c765638,buy,0xe6923e9b56db1eed1c9f430ea761da7565e260fe,0x12a2052e546c194f3928bd101fea740d806d45eaa0fafa0e67a8ccca043f46ef
39,999,0.0504495,0xf56a5813467b2b28d095877a40df468290e747e4,2017-10-22T11:44:15.000Z,0.0000505,0x873880b4ec6fd0d442148ca0fd8ef287e0e6c7c6,buy,0xe6923e9b56db1eed1c9f430ea761da7565e260fe,0xa46b0dca297b9c79406e0781a68cd6814f5d14232d0863162247e3df795d4f6b
40,7500,0.3899925,0x1dfb724b5cd84c6be394923edbc46424fb6b504b,2017-10-22T00:21:45.000Z,0.000051999,0x8f3ab9008b1b3e1b4f3dc4c354e9192c1a3ad931,buy,0xe6923e9b56db1eed1c9f430ea761da7565e260fe,0x3c4e3a14fdbab44588d900ea8b59f83e21d0303369a34e401e5c488b6ecfdaa3
41,143.02,0.007151,0x1dfb724b5cd84c6be394923edbc46424fb6b504b,2017-10-21T22:30:20.000Z,0.00005,0x82d99d98115565d2a58e99fc53704cee56e3c0de,buy,0xe6923e9b56db1eed1c9f430ea761da7565e260fe,0x0b6c7df351645a935b1c722811f207ea9465ea33331f85eadf9d9a2a959b73fd
42,143,0.0077363,0x82d99d98115565d2a58e99fc53704cee56e3c0de,2017-10-21T07:53:33.000Z,0.0000541,0x873880b4ec6fd0d442148ca0fd8ef287e0e6c7c6,buy,0xe6923e9b56db1eed1c9f430ea761da7565e260fe,0x67597a5de16c6f7d812f2e8f043de9ca8a0eb98700f92e73d871473360e23392
43,250,0.013525,0xd4b5b1f3c0f1ba76d2eeca64718f953a062fda96,2017-10-20T22:25:56.000Z,0.0000541,0x873880b4ec6fd0d442148ca0fd8ef287e0e6c7c6,buy,0xe6923e9b56db1eed1c9f430ea761da7565e260fe,0x57bac53e7096a0468826b5f8c1a7986f12f3a488a2f29486d0bc336d71712598
44,10000,0.310001,0x24418ab1b19550b380652432eac1ab37bf3d0fa9,2017-10-20T21:16:35.000Z,0.0000310001,0x8f3ab9008b1b3e1b4f3dc4c354e9192c1a3ad931,sell,0xe6923e9b56db1eed1c9f430ea761da7565e260fe,0x14da40beec881ecd45ecf0d40c7913d9bd12eca2110bc6998bb28d13c6a2a03d
45,7500,0.24,0x9cdc370013229bf5ac914f78681d8479ab79c5a9,2017-10-20T21:16:15.000Z,0.000032,0x8f3ab9008b1b3e1b4f3dc4c354e9192c1a3ad931,sell,0xe6923e9b56db1eed1c9f430ea761da7565e260fe,0xd0413be06f803ea73f88965bae5db8a368ffc453d7366f7c3f32dbaac7b7e055
46,4999,0.24990001,0x0657aa768614a7132c18c69234f71bcd3aff6fa1,2017-10-20T18:53:45.000Z,0.00004999,0x24418ab1b19550b380652432eac1ab37bf3d0fa9,buy,0xe6923e9b56db1eed1c9f430ea761da7565e260fe,0xfd53d60ba3db1244718d234750d2014325e900b19b6da7134983177e6cf42512
47,41665.67,2.079116933,0x0657aa768614a7132c18c69234f71bcd3aff6fa1,2017-10-20T18:52:19.000Z,0.0000499,0x249c0c8291399b259711a497ab480b8b6105ea15,buy,0xe6923e9b56db1eed1c9f430ea761da7565e260fe,0xbcd72a1e4efed2716bd94fce22b9933df35d1dfd6bfae03bb94c1ef67d9b7510
48,1,0.00004999,0x6cdea8e07bf82d7a07dbf36642d6e5be8623845c,2017-10-20T02:07:50.000Z,0.00004999,0x24418ab1b19550b380652432eac1ab37bf3d0fa9,buy,0xe6923e9b56db1eed1c9f430ea761da7565e260fe,0x09f208c89d9ed5459a47a2c29dea7988522688ba5d59e51d1f2ff287f7ce0275
49,1652.5,0.082625,0xd4b5b1f3c0f1ba76d2eeca64718f953a062fda96,2017-10-19T20:07:31.000Z,0.00005,0x64dcca9d2091012bd3e1e5235d703f72f4d65746,buy,0xe6923e9b56db1eed1c9f430ea761da7565e260fe,0x2e07234e9dc7438416937492b1ab78e7573d92e5d04c64946c1315fe2099841c
50,1081.53,0.0324459,0x9cdc370013229bf5ac914f78681d8479ab79c5a9,2017-10-19T13:34:20.000Z,0.00003,0xb9a8e38ebc48f43f5f3465f2b4ef1cf14b173719,sell,0xe6923e9b56db1eed1c9f430ea761da7565e260fe,0x70056bd5583b1496dd7848f755b4018d46601eb8b331d121022f677bfb39ff9b
51,1,0.000055,0x3ac636ac5c3a2576156ac5f10066ca68abe0ad54,2017-10-18T17:50:48.000Z,0.000055,0x249c0c8291399b259711a497ab480b8b6105ea15,buy,0xe6923e9b56db1eed1c9f430ea761da7565e260fe,0x0002ef55281352096910fc55d1bc5770dc0758f2723239a345f18c7353c87030
52,9.16,0.0005,0x379374d13077e8867ef31803c37baf9785a17c00,2017-10-18T15:13:58.000Z,0.00005458515283842794,0x8f3ab9008b1b3e1b4f3dc4c354e9192c1a3ad931,buy,0xe6923e9b56db1eed1c9f430ea761da7565e260fe,0x803589d67a734b50fef9af9d0628ddd42e28ca643e2abc34e3762c78c8bb6499
53,9.16,0.0005,0xf9695cd65d6dfdf257fab76a3eb0cb8f001971cc,2017-10-18T15:12:58.000Z,0.00005458515283842794,0x8f3ab9008b1b3e1b4f3dc4c354e9192c1a3ad931,buy,0xe6923e9b56db1eed1c9f430ea761da7565e260fe,0x256565d96ab0e74e4e8fde250ee3e070d8d8db243f6725a07825c6a0e33d3ef0
54,900,0.0495,0xa5e8ec84aca34e8ef6ae78f0735df247a941bcd1,2017-10-18T13:35:34.000Z,0.000055,0x64dcca9d2091012bd3e1e5235d703f72f4d65746,sell,0xe6923e9b56db1eed1c9f430ea761da7565e260fe,0x014ced6269d556f2323a5444cdf9667f9290f786d520f515394643aed5f70042
55,5000,0.15055,0x24418ab1b19550b380652432eac1ab37bf3d0fa9,2017-10-17T22:30:58.000Z,0.00003011,0x8f3ab9008b1b3e1b4f3dc4c354e9192c1a3ad931,sell,0xe6923e9b56db1eed1c9f430ea761da7565e260fe,0x7f42ea2e9743e91bf4c9589ba9480e071f2927483a55984bbb1deb54fdd79da4
56,15000,0.4515,0x9875ff906b24ac520ac614e2ec93d4981ae40809,2017-10-17T22:30:58.000Z,0.0000301,0x8f3ab9008b1b3e1b4f3dc4c354e9192c1a3ad931,sell,0xe6923e9b56db1eed1c9f430ea761da7565e260fe,0x30fecfc839b7117e1653599629f18022f2df0c90e73f60307e9a3f2f680f7ca8
57,6039.03,0.182378706,0x3e29e9266d163f6b28e119f7c1efabb683e76968,2017-10-17T22:29:48.000Z,0.0000302,0x8f3ab9008b1b3e1b4f3dc4c354e9192c1a3ad931,sell,0xe6923e9b56db1eed1c9f430ea761da7565e260fe,0xac8fdf1300239ad6cd3151ca63b1ed10b9e365f52267cf071e3848ddb6b8b411
58,8.62,0.0005,0x16e5d97bbc92417e051e3b2cabfbf8ceea2acb9c,2017-10-17T17:43:38.000Z,0.00005800464037122969,0x88650fdbfbb5c7933eb52008c4387050b963747d,buy,0xe6923e9b56db1eed1c9f430ea761da7565e260fe,0x2c9b58739c63a5315750dba247d779e16db085657a421d20ecd5d02c95b65d66
59,8.5,0.0005,0xcd912af5286dc0b0a23edb30209734ecb60838b3,2017-10-17T05:17:14.000Z,0.0000588235294117647,0x88650fdbfbb5c7933eb52008c4387050b963747d,buy,0xe6923e9b56db1eed1c9f430ea761da7565e260fe,0x664a09399e61c5323ed7cbd1197d09f86d64a185cb8b3dac814fef58b734ab06
60,2990.72,0.12261952,0x3e29e9266d163f6b28e119f7c1efabb683e76968,2017-10-16T21:24:40.000Z,0.000041,0x140da2f105d7e0ec7fa54e86cf6227dcf89e8408,sell,0xe6923e9b56db1eed1c9f430ea761da7565e260fe,0xdf8411e990c7e1a1239f14e5ce457e0372313ef0cf549794c8205e76e0edc287
61,1161.6,0.08000001183,0xf56a5813467b2b28d095877a40df468290e747e4,2017-10-15T19:24:57.000Z,0.0000688705336002066,0x873880b4ec6fd0d442148ca0fd8ef287e0e6c7c6,buy,0xe6923e9b56db1eed1c9f430ea761da7565e260fe,0x9f9ee0147fdf356993915e51d2576f47897bc04a7e1747aa0144e4af8aa6b4b0
62,2000,0.082002,0x24418ab1b19550b380652432eac1ab37bf3d0fa9,2017-10-15T16:19:26.000Z,0.000041001,0x1b0948046f4802c21f5a5a5cf9c573c41e50eed7,sell,0xe6923e9b56db1eed1c9f430ea761da7565e260fe,0x10aea948c8f60e81d9271b6b7b7033c42dae9e31fae2e363522e718662c82de5
63,2391.59,0.074378449,0x24418ab1b19550b380652432eac1ab37bf3d0fa9,2017-10-15T02:26:39.000Z,0.0000311,0xec15f8ec929616111c9b47c5fcce1f6eca45bb54,sell,0xe6923e9b56db1eed1c9f430ea761da7565e260fe,0xa82485790421d8dbf8a6480c0e22c07f57097b52d0c6a1b4d5de84681041877c
64,2000,0.13774,0x8909e1a4f31fc2214ea6c4a917268b833b00c000,2017-10-14T23:32:54.000Z,0.00006887,0x873880b4ec6fd0d442148ca0fd8ef287e0e6c7c6,buy,0xe6923e9b56db1eed1c9f430ea761da7565e260fe,0x599a7046e8beecad7f7072ff54c5ba6d5386ecc3ada80dadadf90225f66a57c6
65,1072.31,0.0738714889393626,0x15ac8d14ae42a32aa108ea783d3cdabeb4f5b497,2017-10-14T12:18:51.000Z,0.00006889004946271376,0x88650fdbfbb5c7933eb52008c4387050b963747d,buy,0xe6923e9b56db1eed1c9f430ea761da7565e260fe,0x18c8e19d2c032434fd19dde1aef6edc5c305e5d100585a9d3c72876a6e73d218
66,295.35,0.02155770610731789,0x57cfda02a09f2661b7ee6da846780efd50bc614a,2017-10-13T00:02:32.000Z,0.00007299037110993021,0x971f30c325d9924ad472adf0bf98702502baad93,buy,0xe6923e9b56db1eed1c9f430ea761da7565e260fe,0xb07a57152ea683235835c0f1c29b610fded818b5c6e90b0ed3b789dea3ebf128
67,726.02,0.052999971,0xf56a5813467b2b28d095877a40df468290e747e4,2017-10-12T15:14:42.000Z,0.00007300070383735985,0x873880b4ec6fd0d442148ca0fd8ef287e0e6c7c6,buy,0xe6923e9b56db1eed1c9f430ea761da7565e260fe,0x6be475752b05cde2254c5ef4679f37cd848f7350ad1de30a93da4df53f95f141
68,6300,0.252,0x88650fdbfbb5c7933eb52008c4387050b963747d,2017-10-12T06:05:11.000Z,0.00004,0x8f3ab9008b1b3e1b4f3dc4c354e9192c1a3ad931,sell,0xe6923e9b56db1eed1c9f430ea761da7565e260fe,0x9bf5c4bff42e173f5cc82df5cc033fea86d3c33ec3914a5739123e2df5172819
69,10000,0.77,0xfa5fae67afad7b2bde3adceacd446d4877d2126f,2017-10-12T02:06:17.000Z,0.000077,0x0c2ddda597af327b8cb3632cef83f81f7d8a5ca3,buy,0xe6923e9b56db1eed1c9f430ea761da7565e260fe,0x38c1e809c81f6c9910218728a30d37f2eef37501233cc8863cb3d73df331d9a4
70,668.57,0.051999991106,0xf56a5813467b2b28d095877a40df468290e747e4,2017-10-11T13:43:21.000Z,0.00007777793066694586,0x64dcca9d2091012bd3e1e5235d703f72f4d65746,buy,0xe6923e9b56db1eed1c9f430ea761da7565e260fe,0x340726b0c15679cbe26a15eadfe7bd8f356457cb83584421d732acad0f536fe2
71,2147.16,0.166999974428,0xf56a5813467b2b28d095877a40df468290e747e4,2017-10-11T12:55:12.000Z,0.00007777714489278861,0x64dcca9d2091012bd3e1e5235d703f72f4d65746,buy,0xe6923e9b56db1eed1c9f430ea761da7565e260fe,0xf5519e12180b3768594e27f97e183da32230a177461159749e9678c0c2f78681
72,6340.67,0.193390435,0x8f3ab9008b1b3e1b4f3dc4c354e9192c1a3ad931,2017-10-11T10:55:41.000Z,0.0000305,0xe2ede0c2140f5895c66e8c97479df8df2ab0d509,sell,0xe6923e9b56db1eed1c9f430ea761da7565e260fe,0x0cd569215503d7fcadc4e9c951a30728d51ee2365fdc4751ca77761ff9cac006
73,10000,0.30505,0x64dcca9d2091012bd3e1e5235d703f72f4d65746,2017-10-11T09:42:50.000Z,0.000030505,0xe2ede0c2140f5895c66e8c97479df8df2ab0d509,sell,0xe6923e9b56db1eed1c9f430ea761da7565e260fe,0xf32ec6b74aa7f96e865ffa51e3ac797bed33bbfcec279f212322ff5ff9130e76
74,5000,0.3,0x395fafcdd89179a24ce8c7dd6b1eed682ba71aa9,2017-10-11T08:47:12.000Z,0.00006,0x64dcca9d2091012bd3e1e5235d703f72f4d65746,sell,0xe6923e9b56db1eed1c9f430ea761da7565e260fe,0xd83e0af2a1c89d4567971f959485e59a609e14c78248485b9c5a4347bf44863e
75,1700,0.1359966,0x99ec2a9eeba68daa62a5c6929f1b557a6f6600e0,2017-10-11T05:55:59.000Z,0.000079998,0x873880b4ec6fd0d442148ca0fd8ef287e0e6c7c6,sell,0xe6923e9b56db1eed1c9f430ea761da7565e260fe,0xf9f4612e5c41a740466c581bb49b0989ea850364062a2181a8fdd187a861947e
76,542.46,0.01410775722,0x979aeda7863b556d33702eacc851ebcdf4de0259,2017-10-11T05:50:17.000Z,0.000026007,0x59622b691c59485e5f4ba3fefe487dd1e7c6c050,sell,0xe6923e9b56db1eed1c9f430ea761da7565e260fe,0xd54bba40f7dc0dd64db31d7230ae83393113a4b2f63861d457cfffd5a291b52e
77,2000,0.04444,0xb0d2ce3e2bfbc1a47dbfe5b3eef5335284dfeb49,2017-10-11T02:28:51.000Z,0.00002222,0xb9a8e38ebc48f43f5f3465f2b4ef1cf14b173719,sell,0xe6923e9b56db1eed1c9f430ea761da7565e260fe,0x979b5f906786740a76798c9126168bf2465582bf773cccc93269c504e6112991
78,1000,0.025011,0xb0d2ce3e2bfbc1a47dbfe5b3eef5335284dfeb49,2017-10-11T01:13:03.000Z,0.000025011,0xb9a8e38ebc48f43f5f3465f2b4ef1cf14b173719,sell,0xe6923e9b56db1eed1c9f430ea761da7565e260fe,0xee1bbf3d41839544c0adeabc63af7cdfec6802f8ba5b9352a21fbaa5589df1b3
79,1375,0.11,0xf56a5813467b2b28d095877a40df468290e747e4,2017-10-10T19:47:57.000Z,0.00008,0x64dcca9d2091012bd3e1e5235d703f72f4d65746,buy,0xe6923e9b56db1eed1c9f430ea761da7565e260fe,0x0cce73f68c7af0dde68c5834117032f9e7faf20870a4c91a2d7330f4f0bda75e
80,1625,0.13,0xf56a5813467b2b28d095877a40df468290e747e4,2017-10-10T19:35:05.000Z,0.00008,0x64dcca9d2091012bd3e1e5235d703f72f4d65746,buy,0xe6923e9b56db1eed1c9f430ea761da7565e260fe,0x8285c7cc9288cce39d9349d9e27eda28bcceac0bf0aa9d03d60b21db18fca3c9
81,706.72,0.059999991078,0xf56a5813467b2b28d095877a40df468290e747e4,2017-10-10T18:34:55.000Z,0.0000848992402620557,0xe2ede0c2140f5895c66e8c97479df8df2ab0d509,buy,0xe6923e9b56db1eed1c9f430ea761da7565e260fe,0xc17246db9d7315f1881d65a26970f6d207cb37528c2c7696eb71a137a9fb8288
82,5000,0.255,0x873880b4ec6fd0d442148ca0fd8ef287e0e6c7c6,2017-10-10T08:36:17.000Z,0.000051,0xe2ede0c2140f5895c66e8c97479df8df2ab0d509,sell,0xe6923e9b56db1eed1c9f430ea761da7565e260fe,0x7a5abd856fe5288dc2e8ebd3ae3443625e6f34abdc48140ca4a12e897a7c15aa
83,7314.51,0.2925804,0xad2fdeed7f778298410af5863e904ba00ebbbada,2017-10-10T08:36:17.000Z,0.00004,0xe2ede0c2140f5895c66e8c97479df8df2ab0d509,sell,0xe6923e9b56db1eed1c9f430ea761da7565e260fe,0xd90dda6c01a9ad4df0fab36e55c1770e247385e999078ef7c7e577614d1cc672
84,500,0.0256495,0xb0d2ce3e2bfbc1a47dbfe5b3eef5335284dfeb49,2017-10-10T08:34:18.000Z,0.000051299,0xe2ede0c2140f5895c66e8c97479df8df2ab0d509,sell,0xe6923e9b56db1eed1c9f430ea761da7565e260fe,0xfe8304898c9696c253c189e7b67f7b1e5057b8fc06e0686a12256642e924d00e
85,1000,0.010001,0xf36990a2cb4d609e0a7d4f3bf884c0342d81fd3d,2017-10-10T07:58:31.000Z,0.000010001,0x59622b691c59485e5f4ba3fefe487dd1e7c6c050,sell,0xe6923e9b56db1eed1c9f430ea761da7565e260fe,0x84d445ea161bfe47efb721d345d19c12482392e23e210817d82deba3e103c1f6
86,300,0.015363,0x971f30c325d9924ad472adf0bf98702502baad93,2017-10-10T07:57:22.000Z,0.00005121,0x59622b691c59485e5f4ba3fefe487dd1e7c6c050,sell,0xe6923e9b56db1eed1c9f430ea761da7565e260fe,0x94bd690596b578e383239061168f332729ac0dca15f3481dd9766381e7ce188d
87,650,0.0333385,0x5d7c0913dc098a6176f6c0de349eb86f41d65b56,2017-10-10T07:57:07.000Z,0.00005129,0x59622b691c59485e5f4ba3fefe487dd1e7c6c050,sell,0xe6923e9b56db1eed1c9f430ea761da7565e260fe,0x7b103ff8dde8032d007cbd64bfbde92153a57c7bc649c1b8b3d3e3afd1d32452
88,230,0.017917,0x6db4c297e7b4bee3b35c0c68d5179525747ceb78,2017-10-09T15:20:15.000Z,0.0000779,0x971f30c325d9924ad472adf0bf98702502baad93,buy,0xe6923e9b56db1eed1c9f430ea761da7565e260fe,0x7e701b9f0ce7fdd2ceed0778c2acc415f06c975a568416da999c17d2ceb5a026
89,70,0.005453,0x8b182a4526944fa498970732a69a95d281c3c8a9,2017-10-09T15:04:24.000Z,0.0000779,0x971f30c325d9924ad472adf0bf98702502baad93,buy,0xe6923e9b56db1eed1c9f430ea761da7565e260fe,0x77e5318c3a663d7ed8a671dd6311bf9c094d355e2cd24ac4d943d121628053ff
90,20000,1.56,0x6db4c297e7b4bee3b35c0c68d5179525747ceb78,2017-10-09T14:44:20.000Z,0.000078,0x15f8e988924cf1593e8d19942508d62732d38898,buy,0xe6923e9b56db1eed1c9f430ea761da7565e260fe,0xa5a3bab13e60c01d964740e898e7f42655bced49288fc6033ff755cb02836476
91,4984.54,0.255208448,0x873880b4ec6fd0d442148ca0fd8ef287e0e6c7c6,2017-10-09T12:06:32.000Z,0.0000512,0x6466b8ff2da8594febdb57a6812968eb3fa2e345,sell,0xe6923e9b56db1eed1c9f430ea761da7565e260fe,0x22061477f1909ca77367520362558a284faec7f9e9179071c7aa1d2ff6e91665
92,9046.68,0.46338904296,0x64dcca9d2091012bd3e1e5235d703f72f4d65746,2017-10-09T11:46:46.000Z,0.000051222,0x19aaca6f71a6b3433f409569cbc3f8870449b887,sell,0xe6923e9b56db1eed1c9f430ea761da7565e260fe,0xab0fa5790c60a9e251a2d6800d90feed176fd9c49fe54a1c843f74b00edd88b1
93,700,0.040677,0x0c2ddda597af327b8cb3632cef83f81f7d8a5ca3,2017-10-09T11:38:21.000Z,0.00005811,0x19aaca6f71a6b3433f409569cbc3f8870449b887,sell,0xe6923e9b56db1eed1c9f430ea761da7565e260fe,0x7788ec6e4d43cf4ab99881695658cf26d326c2b9ca590816755bb1738d9aca40
94,300,0.0174333,0x971f30c325d9924ad472adf0bf98702502baad93,2017-10-09T11:38:09.000Z,0.000058111,0x19aaca6f71a6b3433f409569cbc3f8870449b887,sell,0xe6923e9b56db1eed1c9f430ea761da7565e260fe,0xc9b78905356fcec1a115cbaffb55f6b8a732523abea9fba8a1712ef162e6f764
95,888,0.05328,0xf5e32a901cb4537e5911b5b7a8b667b7f2c97eb0,2017-10-08T18:25:31.000Z,0.00006,0xb9a8e38ebc48f43f5f3465f2b4ef1cf14b173719,sell,0xe6923e9b56db1eed1c9f430ea761da7565e260fe,0xeb19f5ebcf1cb8e72bba8b5f2d88999f6eb66330fa8cb177982282b1543804ab
96,22,0.00195338,0x5736da9ac7b04c9a3f7aa51cc8c0a78be9e87ef0,2017-10-08T16:48:49.000Z,0.00008879,0x8f3ab9008b1b3e1b4f3dc4c354e9192c1a3ad931,buy,0xe6923e9b56db1eed1c9f430ea761da7565e260fe,0x9f04726b52e1ed3c964393030f968ca6e879bff4c69e44f95203bf8e8b21c536
97,16665,0.9999,0x8ef42653cd5420da899975c6145d331d7ae622f6,2017-10-08T10:46:30.000Z,0.00006,0x15f8e988924cf1593e8d19942508d62732d38898,sell,0xe6923e9b56db1eed1c9f430ea761da7565e260fe,0x61e3f99b9f217d7a74fc5e8667240594037e1eeb8ad9ba90b842a167caca649b
98,75000,4.500075,0x8f3ab9008b1b3e1b4f3dc4c354e9192c1a3ad931,2017-10-08T10:44:40.000Z,0.000060001,0x15f8e988924cf1593e8d19942508d62732d38898,sell,0xe6923e9b56db1eed1c9f430ea761da7565e260fe,0x659e10f653b5b49dae22b5c3e3d31b019958dcf41c7f19c7ca804059b68cec49
99,300,0.02637,0x5736da9ac7b04c9a3f7aa51cc8c0a78be9e87ef0,2017-10-08T01:48:52.000Z,0.0000879,0x971f30c325d9924ad472adf0bf98702502baad93,buy,0xe6923e9b56db1eed1c9f430ea761da7565e260fe,0xd2fb6192c8a0a6516f05310e34b0e99fa9fe5f9196f105b7dc84b726ac9523f5
100,1081.07,0.065729056,0xf5e32a901cb4537e5911b5b7a8b667b7f2c97eb0,2017-10-07T19:04:16.000Z,0.0000608,0xbc16aa06ef6211e15e581a59fcfc73799f1d5729,sell,0xe6923e9b56db1eed1c9f430ea761da7565e260fe,0x1d112c1bd376854fbc9a548f8aba9654709e468d82a6716460794c14b2e8437a
101,286.81,0.0166665291,0x5d5065b42bdee0274e394ba9042c21e1818c69cf,2017-10-07T15:17:04.000Z,0.00005811,0xbc16aa06ef6211e15e581a59fcfc73799f1d5729,sell,0xe6923e9b56db1eed1c9f430ea761da7565e260fe,0x555e28ecacd6ae5dfcd5f4ed8f805405c5973b35e4102462151d70b357ee2b43
102,300,0.017433,0x971f30c325d9924ad472adf0bf98702502baad93,2017-10-07T15:13:10.000Z,0.00005811,0xbc16aa06ef6211e15e581a59fcfc73799f1d5729,sell,0xe6923e9b56db1eed1c9f430ea761da7565e260fe,0xbfbbfd609a65e2a370a1425df27fcc8703b5715cd522725dacb5d3d579aa5295
103,8729.07,0.79260001,0x5736da9ac7b04c9a3f7aa51cc8c0a78be9e87ef0,2017-10-07T14:54:07.000Z,0.00009080005201012248,0x03307f0fbf063a28e30719474c3d637e5ce1be35,buy,0xe6923e9b56db1eed1c9f430ea761da7565e260fe,0xc702a2812061f21b05aacc5c40d6d7069d374458f611ed1340aff2c4dc5f0549
104,500,0.0454,0x17b6daf1bd2da4e63426db1b8f00d1b0cf72c1f9,2017-10-07T14:14:56.000Z,0.0000908,0x03307f0fbf063a28e30719474c3d637e5ce1be35,buy,0xe6923e9b56db1eed1c9f430ea761da7565e260fe,0x92c9adb213e0cdd26fbe853d11be16ec03d4ad4d9e1481fcd77156acc87c54be
105,770.92,0.06999999,0x676da05fa6892e77e6c11983ff1d59e592dda7dd,2017-10-07T13:47:13.000Z,0.00009080058890676074,0x03307f0fbf063a28e30719474c3d637e5ce1be35,buy,0xe6923e9b56db1eed1c9f430ea761da7565e260fe,0xb9e1c7851d6a78b653f5d8f8a9be728bfb426df77c643bc9d3bac42f491a761e
106,315.53,0.0280822362613,0x676da05fa6892e77e6c11983ff1d59e592dda7dd,2017-10-07T13:42:32.000Z,0.00008900021,0x3fb5df6d175b7ab55eb208d08a62ba6470ac3a3e,buy,0xe6923e9b56db1eed1c9f430ea761da7565e260fe,0xf2b9cc44ddc993766057af8c3b645bbb6773991422ed5af26998f4d8e6854b3a
107,0.02,0.0000013,0x676da05fa6892e77e6c11983ff1d59e592dda7dd,2017-10-07T13:34:54.000Z,0.000065,0x15f8e988924cf1593e8d19942508d62732d38898,sell,0xe6923e9b56db1eed1c9f430ea761da7565e260fe,0x4e0e4ab444cb95d5983c4d38e59bd8e39967dfc3f3925464f2aa7db21a65a3fc
108,979,0.0591316,0x3e29e9266d163f6b28e119f7c1efabb683e76968,2017-10-06T19:15:41.000Z,0.0000604,0x15f8e988924cf1593e8d19942508d62732d38898,sell,0xe6923e9b56db1eed1c9f430ea761da7565e260fe,0xfc4b2b7738b6d6fae0d72444764d69302b0562713aba1314a0ca3639cf92e8a7
109,300,0.021,0x5d7c0913dc098a6176f6c0de349eb86f41d65b56,2017-10-06T19:04:41.000Z,0.00007,0x15f8e988924cf1593e8d19942508d62732d38898,sell,0xe6923e9b56db1eed1c9f430ea761da7565e260fe,0xf775667d83781585abc8d0a06c7aa6b3f869c1f9edb25719db8a4b9fe1a6a7af
110,4910,0.2946,0x5736da9ac7b04c9a3f7aa51cc8c0a78be9e87ef0,2017-10-06T16:51:09.000Z,0.00006,0xe0489afde5d1fffb5b594349f73af067f81f2ffc,buy,0xe6923e9b56db1eed1c9f430ea761da7565e260fe,0xe06ff9c2a384f96c3a552dcbf1874bc5da726b30493d2ea22d45e856a5ce9d51
111,5000,0.3,0x873880b4ec6fd0d442148ca0fd8ef287e0e6c7c6,2017-10-06T16:48:23.000Z,0.00006,0xe0489afde5d1fffb5b594349f73af067f81f2ffc,buy,0xe6923e9b56db1eed1c9f430ea761da7565e260fe,0x9a0ed1ceb50e1a383908c793dee83c9cbcfde0d5466fcd3419a4114796ba78b2
112,90,0.0054,0x7aa6e2506316f6d613277d4f2f4e4e1dc55e528e,2017-10-06T16:36:18.000Z,0.00006,0xe0489afde5d1fffb5b594349f73af067f81f2ffc,buy,0xe6923e9b56db1eed1c9f430ea761da7565e260fe,0x20827fc8b0be757f40fa02c41f5fad4d88a6737e2cb005d9fcfd504d21c6c1af
113,89.73,0.008973,0x5736da9ac7b04c9a3f7aa51cc8c0a78be9e87ef0,2017-10-06T16:36:18.000Z,0.0001,0x7aa6e2506316f6d613277d4f2f4e4e1dc55e528e,sell,0xe6923e9b56db1eed1c9f430ea761da7565e260fe,0x20827fc8b0be757f40fa02c41f5fad4d88a6737e2cb005d9fcfd504d21c6c1af
114,8972.18,0.5383308,0x0c2ddda597af327b8cb3632cef83f81f7d8a5ca3,2017-10-06T14:54:59.000Z,0.00006,0x5e2113ed022feebc901825f5ac0f57d84023a297,sell,0xe6923e9b56db1eed1c9f430ea761da7565e260fe,0xecc05ced48688e039a964aa2f1b522c4430ad04b4ae2af2d898055cda78e9a2c
115,17000,0.9996,0x8ef42653cd5420da899975c6145d331d7ae622f6,2017-10-06T08:37:53.000Z,0.0000588,0x8f3ab9008b1b3e1b4f3dc4c354e9192c1a3ad931,sell,0xe6923e9b56db1eed1c9f430ea761da7565e260fe,0x711198371dbd05e92d6e15867c535f71fea764074d2821e4c53f3a54101f5c27
116,8600,0.4997546,0x64dcca9d2091012bd3e1e5235d703f72f4d65746,2017-10-06T06:45:18.000Z,0.000058111,0x8f3ab9008b1b3e1b4f3dc4c354e9192c1a3ad931,sell,0xe6923e9b56db1eed1c9f430ea761da7565e260fe,0xe472eb1aa77e19679819a4044b6f7d0034b30601492c0cb727c47e569fc323de
117,6000,0.3612,0x14d6a9617a144ac2ee29a309862a3d88ba2820d6,2017-10-06T05:01:14.000Z,0.0000602,0x8f3ab9008b1b3e1b4f3dc4c354e9192c1a3ad931,sell,0xe6923e9b56db1eed1c9f430ea761da7565e260fe,0x5be7be530e4d26d29dffc97e612aa8fa3da040a314eb503e8383c64a7f89d451
118,5000,0.5,0x6466b8ff2da8594febdb57a6812968eb3fa2e345,2017-10-05T23:57:24.000Z,0.0001,0x64dcca9d2091012bd3e1e5235d703f72f4d65746,buy,0xe6923e9b56db1eed1c9f430ea761da7565e260fe,0x683723a4074592c9e064d6026b488d1debf0b4908372de761a913f1cb60f981a
119,10,0.001124,0xd8a62ad8a7efa8a3267932d2e478c026566fbe34,2017-10-05T12:31:12.000Z,0.0001124,0x8f3ab9008b1b3e1b4f3dc4c354e9192c1a3ad931,buy,0xe6923e9b56db1eed1c9f430ea761da7565e260fe,0xa50ef49dd28ce4d6bfca6116402ca9cb0adeb078b66f49d092e0f0617706b7ff
120,3130,0.182166,0x9cdc370013229bf5ac914f78681d8479ab79c5a9,2017-10-05T11:22:55.000Z,0.0000582,0x8f3ab9008b1b3e1b4f3dc4c354e9192c1a3ad931,sell,0xe6923e9b56db1eed1c9f430ea761da7565e260fe,0xfebfaebe8bdc96b6cd9d51a5451e4be5048668cf761ecfd639e32a9057a3333b
121,11531.24,1.2961116558647314,0x60573d1a8861d311916467ccb4c5b6f8c618d745,2017-10-05T07:44:18.000Z,0.00011240002427013323,0x8f3ab9008b1b3e1b4f3dc4c354e9192c1a3ad931,buy,0xe6923e9b56db1eed1c9f430ea761da7565e260fe,0x081272ef49707d67631ffbccadc81fbd72ac767ecf7a260de8f81b5eda787e25
122,5000,0.28,0xb18fd5771e02a8e54c4dc73618e81ee52ffc4591,2017-10-04T23:17:32.000Z,0.000056,0x8f3ab9008b1b3e1b4f3dc4c354e9192c1a3ad931,sell,0xe6923e9b56db1eed1c9f430ea761da7565e260fe,0x98f6160e842dcda606457a7fee3f3a116129dc334379f7e159486909c86d30b8
123,29999.4,1.4999999994,0x8f3ab9008b1b3e1b4f3dc4c354e9192c1a3ad931,2017-10-04T22:57:00.000Z,0.000050001,0x605c45c6ce352fd4499257032a868de2e1f63070,sell,0xe6923e9b56db1eed1c9f430ea761da7565e260fe,0xf9a267d648a7fc30def407307266416ebe82e68e719ffc5e3fe321934e98fd97
124,25500,1.5045,0x64dcca9d2091012bd3e1e5235d703f72f4d65746,2017-10-04T22:48:10.000Z,0.000059,0x605c45c6ce352fd4499257032a868de2e1f63070,sell,0xe6923e9b56db1eed1c9f430ea761da7565e260fe,0x6f670b3f6a051cac33e782ce2b69f4c2606f2be8f4ba3fe12bfba4b1e9b1c423
125,8333.33,0.99999996,0x4bb1a9f4daf7de80fad0094736a3e6f7efd2ef69,2017-10-04T20:52:23.000Z,0.00012000004320001728,0x249c0c8291399b259711a497ab480b8b6105ea15,buy,0xe6923e9b56db1eed1c9f430ea761da7565e260fe,0xf4bd4cea10966e2a325228642aa2cdf385a774e29a6a3002664cb595e2b9f76c
126,239.25,0.01363725,0x64dcca9d2091012bd3e1e5235d703f72f4d65746,2017-10-04T13:16:58.000Z,0.000057,0x5bc947356b9a75fdcb92f3eb550682941aca376b,sell,0xe6923e9b56db1eed1c9f430ea761da7565e260fe,0xecd31b2c05324808a7a0883dfd0bd5769e30bcab3168f103adb7e5d3809fcf77
127,9599.4,1.266161244098435,0x4ddcfd455463508c2656ff5b2502a6b6fa818487,2017-10-03T19:59:33.000Z,0.00013190004001275443,0x19aaca6f71a6b3433f409569cbc3f8870449b887,buy,0xe6923e9b56db1eed1c9f430ea761da7565e260fe,0x0015fcbe9c5ce2873cf3a1c24e719ec442613fd17418da26e64a7959be94d0d7
128,300,0.0384,0x4ddcfd455463508c2656ff5b2502a6b6fa818487,2017-10-03T18:50:50.000Z,0.000128,0xb6d7f4b544144a202293c274d539824e34f601b6,buy,0xe6923e9b56db1eed1c9f430ea761da7565e260fe,0x054657186b0a90c4a8562c3b4cc4896c2d1ef5f069d2287ad6d8a17b833ff64d
129,5990,0.68885,0x4ddcfd455463508c2656ff5b2502a6b6fa818487,2017-10-03T18:45:46.000Z,0.000115,0x41cc9e7bae53ec6d53d22dfeef26631550070087,buy,0xe6923e9b56db1eed1c9f430ea761da7565e260fe,0xe1c71d05442d59bfe7d6524859779c60b2de0c4b8a757732b45116909d4672ff
130,14999.83,0.74999165,0xe69c0ec93893cb3ddd03b390c8bb206290b057f4,2017-10-03T13:35:36.000Z,0.00005000001000011333,0xc05eb25915a202c6ac9f3d9c11ab4044b6c25326,buy,0xe6923e9b56db1eed1c9f430ea761da7565e260fe,0xf8b8942616288e5b64f60f69d31ce1950ea83abccc71a4607315e48333555d4f
131,0.16,0.000008336798710083,0xab13b657aff57ceee2955d2128c34b37932f6f3a,2017-10-03T13:25:51.000Z,0.00005210499193801875,0xc05eb25915a202c6ac9f3d9c11ab4044b6c25326,buy,0xe6923e9b56db1eed1c9f430ea761da7565e260fe,0xb54ddac881591a740e9c52cfa515aeaec4c1a0f017aa7ff561674462dca9f37b
132,3000,0.15,0x8f3ab9008b1b3e1b4f3dc4c354e9192c1a3ad931,2017-10-03T13:16:03.000Z,0.00005,0xc05eb25915a202c6ac9f3d9c11ab4044b6c25326,buy,0xe6923e9b56db1eed1c9f430ea761da7565e260fe,0x28a65b6f3ce9501723eb7887020c7c5b08c00f42200c2167c77a36de8c1393d9
133,12000,0.6,0x8f3ab9008b1b3e1b4f3dc4c354e9192c1a3ad931,2017-10-03T12:43:25.000Z,0.00005,0xc05eb25915a202c6ac9f3d9c11ab4044b6c25326,buy,0xe6923e9b56db1eed1c9f430ea761da7565e260fe,0x960e44e57bc72ef7519e3b40191be8ac7ebd47dd787ec8e62ab6f550749c08dc
134,80000,4,0x61f9d128a3ad34c979fdacf5f7194710ce8dc5b2,2017-10-03T12:35:50.000Z,0.00005,0xc05eb25915a202c6ac9f3d9c11ab4044b6c25326,buy,0xe6923e9b56db1eed1c9f430ea761da7565e260fe,0x171343f6c477465d9e5dfaa688432d765d4b51a4d95cfd19eff400f85be8e8f3
135,60000,3,0x8f3ab9008b1b3e1b4f3dc4c354e9192c1a3ad931,2017-10-03T12:35:50.000Z,0.00005,0xc05eb25915a202c6ac9f3d9c11ab4044b6c25326,buy,0xe6923e9b56db1eed1c9f430ea761da7565e260fe,0x8246024556e4357aaf891ae1c96c024c213bc1e5cfa0d20b01705d9cc772cd25
136,74774.95,3.7387475,0x8f3ab9008b1b3e1b4f3dc4c354e9192c1a3ad931,2017-10-03T10:24:30.000Z,0.00005,0xc05eb25915a202c6ac9f3d9c11ab4044b6c25326,buy,0xe6923e9b56db1eed1c9f430ea761da7565e260fe,0x57346a2f6b78f207e8c90040b3675345247e9d0f9c72fb63280e1d48bdf1a103
137,1671.85,0.0836264278608394,0xab13b657aff57ceee2955d2128c34b37932f6f3a,2017-10-03T09:49:18.000Z,0.00005002029360339707,0xc05eb25915a202c6ac9f3d9c11ab4044b6c25326,buy,0xe6923e9b56db1eed1c9f430ea761da7565e260fe,0x814c85abaa5776a1074076edc3139d1ea77a8c6833ff2be5baea31c575fb482a
138,450,0.022509,0x1b0948046f4802c21f5a5a5cf9c573c41e50eed7,2017-10-03T09:42:32.000Z,0.00005002,0xc05eb25915a202c6ac9f3d9c11ab4044b6c25326,buy,0xe6923e9b56db1eed1c9f430ea761da7565e260fe,0x855bfad0a73b3916a239d18a5b9e7e1661918ae75e83c79adffb2c9e55b80410
139,923.43,0.04619044510365997,0xab13b657aff57ceee2955d2128c34b37932f6f3a,2017-10-03T09:28:50.000Z,0.00005002051601492259,0xc05eb25915a202c6ac9f3d9c11ab4044b6c25326,buy,0xe6923e9b56db1eed1c9f430ea761da7565e260fe,0x62f06f5a794ed03e2ba87ba5313c8e93cbc6b74a73271f97f72a9fc98df1541b
140,326.96,0.016354834813194136,0xab13b657aff57ceee2955d2128c34b37932f6f3a,2017-10-03T09:19:00.000Z,0.00005002090412648071,0xc05eb25915a202c6ac9f3d9c11ab4044b6c25326,buy,0xe6923e9b56db1eed1c9f430ea761da7565e260fe,0xa6e608a678d9e741ddc4b7619ed141f23776a0e7da49e5b91c1bb75390a2fbd1
141,3000,0.15006,0x483b43ad3ffac4d887daed5c1fa9dae7bce3bf73,2017-10-03T09:09:05.000Z,0.00005002,0xc05eb25915a202c6ac9f3d9c11ab4044b6c25326,buy,0xe6923e9b56db1eed1c9f430ea761da7565e260fe,0xb38eeb6fda95df8b88df725ce85683f7d29822fba0cbb7e1b862d20993aacdbe
142,2991.02,0.16151508,0x3e29e9266d163f6b28e119f7c1efabb683e76968,2017-10-03T09:09:05.000Z,0.000054,0x483b43ad3ffac4d887daed5c1fa9dae7bce3bf73,sell,0xe6923e9b56db1eed1c9f430ea761da7565e260fe,0xb38eeb6fda95df8b88df725ce85683f7d29822fba0cbb7e1b862d20993aacdbe
143,59792.64,2.990828130710745,0x605c45c6ce352fd4499257032a868de2e1f63070,2017-10-03T09:08:03.000Z,0.00005002000464790892,0xc05eb25915a202c6ac9f3d9c11ab4044b6c25326,buy,0xe6923e9b56db1eed1c9f430ea761da7565e260fe,0x6526238709cbf433b9ed9fb40beabd5b7d2d1105cde13b6226e44a790fe60e0f
144,20060.18,1.0034102306920762,0xe6752641b59bffab5cce0e14dc517f9422acce12,2017-10-03T08:58:37.000Z,0.00005002000135054003,0xc05eb25915a202c6ac9f3d9c11ab4044b6c25326,buy,0xe6923e9b56db1eed1c9f430ea761da7565e260fe,0x69879ecfe72bf572d35d0045a1581468edbc976133838f04f32417cfb0d771dd
145,19999.99,1.03999948,0x03307f0fbf063a28e30719474c3d637e5ce1be35,2017-10-03T08:58:37.000Z,0.000052,0xe6752641b59bffab5cce0e14dc517f9422acce12,sell,0xe6923e9b56db1eed1c9f430ea761da7565e260fe,0x69879ecfe72bf572d35d0045a1581468edbc976133838f04f32417cfb0d771dd
146,0.9,0.000045018,0x4ddcfd455463508c2656ff5b2502a6b6fa818487,2017-10-03T08:45:35.000Z,0.00005002,0xc05eb25915a202c6ac9f3d9c11ab4044b6c25326,sell,0xe6923e9b56db1eed1c9f430ea761da7565e260fe,0xa8bc842357cee0856c27ea6d198538e68620c884acf3fd4740d8d8e88ce69313
147,8972.18,0.4487884436,0x4ddcfd455463508c2656ff5b2502a6b6fa818487,2017-10-03T05:48:35.000Z,0.00005002,0xc05eb25915a202c6ac9f3d9c11ab4044b6c25326,sell,0xe6923e9b56db1eed1c9f430ea761da7565e260fe,0xcdc358c5034768361b8b11d32a5ce47fc0420cb8a96f9569def0f7c14b377f49
148,5000,0.375,0x873880b4ec6fd0d442148ca0fd8ef287e0e6c7c6,2017-10-03T01:57:00.000Z,0.000075,0x2fe6548eaeee12b996fc969c6487416f6d3002b1,sell,0xe6923e9b56db1eed1c9f430ea761da7565e260fe,0x4a563548fa21fde1d6f0abe3819ec14bd17af060414a667166a87e02fbdb62d4
149,5000,0.348,0xe1226c4d0a752a3ef42ee783aa1b4ac1abe47a8e,2017-10-02T22:37:51.000Z,0.0000696,0x2fe6548eaeee12b996fc969c6487416f6d3002b1,sell,0xe6923e9b56db1eed1c9f430ea761da7565e260fe,0xe507d1c2f35f375996c56c4d5a9513e423f4d3ca6ba913ab56ed4adbf6a6ea10
150,5576,0.50184,0x8f49ddf19659ecd5f33b4b225ba624603b906288,2017-10-02T22:37:12.000Z,0.00009,0x2fe6548eaeee12b996fc969c6487416f6d3002b1,sell,0xe6923e9b56db1eed1c9f430ea761da7565e260fe,0x60a417ed6157db0255401a0aba1661f201b4b6c73d55ca2e9677cedec6cea645
151,5424,0.48816,0x8f49ddf19659ecd5f33b4b225ba624603b906288,2017-10-02T22:01:40.000Z,0.00009,0xc66bc5f26b7308d8746926c0b2b839bc120621c3,sell,0xe6923e9b56db1eed1c9f430ea761da7565e260fe,0x9a4f4f2fe24252cbd31340078a6fbf622fc0caa08c731e6a1b228eb24b5ba9c4
152,5000,0.5,0x873880b4ec6fd0d442148ca0fd8ef287e0e6c7c6,2017-10-02T21:56:00.000Z,0.0001,0xc66bc5f26b7308d8746926c0b2b839bc120621c3,sell,0xe6923e9b56db1eed1c9f430ea761da7565e260fe,0x711dcb794cdc747329fb450741517948af77a53a19963ea90f112a9afe3a4747
153,11000,0.99,0x8be4c4ff8b863d92a2936e387520ea7eae3c222a,2017-10-02T21:30:11.000Z,0.00009,0x2fe6548eaeee12b996fc969c6487416f6d3002b1,sell,0xe6923e9b56db1eed1c9f430ea761da7565e260fe,0x4b1955d2af66143b887200ab0bc7a92827a6f3430e8d61464894a18ede94b23f
154,4600.05,0.44620485,0xd6bc57da7e69c187a8b459e88215961a9d19ae80,2017-10-02T20:29:11.000Z,0.000097,0x15f8e988924cf1593e8d19942508d62732d38898,sell,0xe6923e9b56db1eed1c9f430ea761da7565e260fe,0xc365579662e23226f8cc78a39b4518a2fc68aea82f5dc43fb53a9d356ef670fa
155,5599.76,0.54877648,0x3e29e9266d163f6b28e119f7c1efabb683e76968,2017-10-02T18:08:13.000Z,0.000098,0x2fe6548eaeee12b996fc969c6487416f6d3002b1,sell,0xe6923e9b56db1eed1c9f430ea761da7565e260fe,0x0537227d1c93e778e4d661adb9dac3b0d1c0a0e6cae5a73a1a21e1a130df269b
156,0.24,0.00002352,0x3e29e9266d163f6b28e119f7c1efabb683e76968,2017-10-02T12:50:12.000Z,0.000098,0xb60d7fe4860bc77aaca445ab03502c1588164954,sell,0xe6923e9b56db1eed1c9f430ea761da7565e260fe,0x73c2d854b7a7aee4124311b6a54472b2f6f29a2cad1c26e82a4bfdb5c8a7e8aa
157,2399.95,0.23279515,0xd6bc57da7e69c187a8b459e88215961a9d19ae80,2017-10-02T08:21:17.000Z,0.000097,0xb60d7fe4860bc77aaca445ab03502c1588164954,sell,0xe6923e9b56db1eed1c9f430ea761da7565e260fe,0x4e042de12b305d1edebcaad635ea45f1f80250c16c40e30440ce0150d7ea0e2d
158,5000,0.5,0x873880b4ec6fd0d442148ca0fd8ef287e0e6c7c6,2017-10-02T08:18:41.000Z,0.0001,0xb60d7fe4860bc77aaca445ab03502c1588164954,sell,0xe6923e9b56db1eed1c9f430ea761da7565e260fe,0x23f3b93003cbe0d56f216f0b5d23216c0042655ab35c9c850b699022b1c6e9e9
159,2500,0.375,0x4ddcfd455463508c2656ff5b2502a6b6fa818487,2017-10-02T07:00:35.000Z,0.00015,0x873880b4ec6fd0d442148ca0fd8ef287e0e6c7c6,buy,0xe6923e9b56db1eed1c9f430ea761da7565e260fe,0x3aecc5e04957efe1d7a2b66651ed99e9e3cf3c66e04b2ec4522ee65d6be5b763
160,6000,0.78,0x4ddcfd455463508c2656ff5b2502a6b6fa818487,2017-10-02T06:53:04.000Z,0.00013,0x41cc9e7bae53ec6d53d22dfeef26631550070087,buy,0xe6923e9b56db1eed1c9f430ea761da7565e260fe,0x239f50b7b3d1a8ce280ef93e55219fa4bff4a7fbc22f3313c4b871a812cf9099
161,7000,1.12,0x4ddcfd455463508c2656ff5b2502a6b6fa818487,2017-10-02T05:56:53.000Z,0.00016,0xd4fab3b55c94166b1c94c208714aedd525a5e329,buy,0xe6923e9b56db1eed1c9f430ea761da7565e260fe,0x08dbe4ba60affc49ea7aea5421a8eb4442a39db370284b15c1bd393b4252c7e9
162,10000,1.5888,0x4ddcfd455463508c2656ff5b2502a6b6fa818487,2017-10-02T05:47:46.000Z,0.00015888,0xc5e0066acb6aa88fd00bed07425779dd850fd368,buy,0xe6923e9b56db1eed1c9f430ea761da7565e260fe,0x17d3d7758d3e15a094bad735f438f35672372da8a9ac673729c1a3c33f63dfea
163,5146.36,0.8119412172,0x4ddcfd455463508c2656ff5b2502a6b6fa818487,2017-10-02T05:47:43.000Z,0.00015777,0xc5e0066acb6aa88fd00bed07425779dd850fd368,buy,0xe6923e9b56db1eed1c9f430ea761da7565e260fe,0xa68c2f06d80bbcd63bd8675dfaac0c51dec1019c3841b9271abf0b61d8aaf05a
164,222,0.03327782442,0x4ddcfd455463508c2656ff5b2502a6b6fa818487,2017-10-02T02:26:15.000Z,0.00014990011,0x28fc50a4088f19e18ec8272f5a3fcd035bc2cbe5,buy,0xe6923e9b56db1eed1c9f430ea761da7565e260fe,0x03c4dc5b5c0c6df25312e3a039ed6c63d6083906209fc5a61c20624bce634b4e
165,2500,0.3625,0x4ddcfd455463508c2656ff5b2502a6b6fa818487,2017-10-02T02:18:49.000Z,0.000145,0x873880b4ec6fd0d442148ca0fd8ef287e0e6c7c6,buy,0xe6923e9b56db1eed1c9f430ea761da7565e260fe,0x459d04446ca9d3bc2356abcb5b1f29321ea426c2a5a5eef296d61ff14fe41bdb
166,240,0.02328,0xc7ede7be9c535da518a666ae7dfb98af426a9db7,2017-10-01T17:03:21.000Z,0.000097,0xb60d7fe4860bc77aaca445ab03502c1588164954,sell,0xe6923e9b56db1eed1c9f430ea761da7565e260fe,0x059cfdfe0a1d46d973075bd6f00e761e9b91aafcdc271d4e3984e96b47cb569e
167,1000,0.098,0x5fe35713d30a083f226ffea19a3b1e1ade29de47,2017-10-01T16:59:27.000Z,0.000098,0xb60d7fe4860bc77aaca445ab03502c1588164954,sell,0xe6923e9b56db1eed1c9f430ea761da7565e260fe,0xcc3a61140bec33690f489b561374fc4b1dc4461981bfc37a651cce034c5ecf0a
168,5500,0.55,0x873880b4ec6fd0d442148ca0fd8ef287e0e6c7c6,2017-10-01T16:58:50.000Z,0.0001,0xb60d7fe4860bc77aaca445ab03502c1588164954,sell,0xe6923e9b56db1eed1c9f430ea761da7565e260fe,0xcfaaa706da34f225a571b46e1e4555979a1dc1f5f40946e2bde6daeaec282c79
169,114.26,0.0148538,0x274e163ecf688a007c577bb37ceba6cd0087ebec,2017-10-01T11:16:51.000Z,0.00013,0x15f8e988924cf1593e8d19942508d62732d38898,sell,0xe6923e9b56db1eed1c9f430ea761da7565e260fe,0x01b91a13863158bffc56348ec197be7c2b4c9d3200877dea3dddb2c12597c5de
170,4501.55,0.450155,0x873880b4ec6fd0d442148ca0fd8ef287e0e6c7c6,2017-10-01T08:40:04.000Z,0.0001,0xb60d7fe4860bc77aaca445ab03502c1588164954,sell,0xe6923e9b56db1eed1c9f430ea761da7565e260fe,0x6d0a40c1caefbe76cb637ad31a80c6fa1cb4fc1ecc95b7179575b9a69716de07
171,400,0.0404,0x3e29e9266d163f6b28e119f7c1efabb683e76968,2017-10-01T08:38:25.000Z,0.000101,0xb60d7fe4860bc77aaca445ab03502c1588164954,sell,0xe6923e9b56db1eed1c9f430ea761da7565e260fe,0x527aeadd9505f6c9f0acd18c6f6856399780f1c8284827df6620a067db245a75
172,5000,0.55,0x873880b4ec6fd0d442148ca0fd8ef287e0e6c7c6,2017-10-01T08:33:04.000Z,0.00011,0xb60d7fe4860bc77aaca445ab03502c1588164954,sell,0xe6923e9b56db1eed1c9f430ea761da7565e260fe,0x143927dbb4f9e3e2fca47e9f8faa96a7a56bdc46e54702724086913b568ecebe
173,8500,0.9775,0x61f9d128a3ad34c979fdacf5f7194710ce8dc5b2,2017-10-01T08:32:39.000Z,0.000115,0xb60d7fe4860bc77aaca445ab03502c1588164954,sell,0xe6923e9b56db1eed1c9f430ea761da7565e260fe,0x42105e3542b5db7d77e8a4c984dad0012f48734a2c48567f0e58f0335a89fddf
174,6530.22,0.7836264,0x61f9d128a3ad34c979fdacf5f7194710ce8dc5b2,2017-10-01T08:31:57.000Z,0.00012,0xb60d7fe4860bc77aaca445ab03502c1588164954,sell,0xe6923e9b56db1eed1c9f430ea761da7565e260fe,0x49ec8d55eac89a799ec22979dc5725a0df767add6755fd70977d6ce4729787b4
175,13300,1.729,0x274e163ecf688a007c577bb37ceba6cd0087ebec,2017-10-01T08:29:57.000Z,0.00013,0xb60d7fe4860bc77aaca445ab03502c1588164954,sell,0xe6923e9b56db1eed1c9f430ea761da7565e260fe,0x5fce0fbb34b48ad28e41e672526807e2fd842bac745e7d9fa5044ce30c4d6c71
176,0.35,0.000007777385,0xb902ba6e3272e66c74035d7e30f4fa9279bd56f9,2017-10-01T05:57:58.000Z,0.0000222211,0xc64608a89c5dd8ce828fb05ab2f09a353d1b0b86,sell,0xe6923e9b56db1eed1c9f430ea761da7565e260fe,0x1dbb1288fe9523e7a844d485f6f9514cb6ea2448d6ca23c334f819ed098aae55
177,3469.78,0.4163736,0x61f9d128a3ad34c979fdacf5f7194710ce8dc5b2,2017-10-01T04:44:21.000Z,0.00012,0xc64608a89c5dd8ce828fb05ab2f09a353d1b0b86,sell,0xe6923e9b56db1eed1c9f430ea761da7565e260fe,0xc6abd9ccf427bd2ac87a3fe200d67eea516894e0218e114b2771968802a5d222
178,8698.49,1.3047735,0x4ddcfd455463508c2656ff5b2502a6b6fa818487,2017-10-01T04:06:52.000Z,0.00015,0x873880b4ec6fd0d442148ca0fd8ef287e0e6c7c6,buy,0xe6923e9b56db1eed1c9f430ea761da7565e260fe,0x3a0a03e7ce5b77dc6679204d72353098e1a491ccacfd7d377f11794b9cc1e378
179,1800,0.2916,0x4ddcfd455463508c2656ff5b2502a6b6fa818487,2017-10-01T02:57:26.000Z,0.000162,0x873880b4ec6fd0d442148ca0fd8ef287e0e6c7c6,buy,0xe6923e9b56db1eed1c9f430ea761da7565e260fe,0xe7ab7f678938889890f8d4e104b873c21cc3e630da62e3db3cd36356ff279c1d
180,498.45,0.049845,0x873880b4ec6fd0d442148ca0fd8ef287e0e6c7c6,2017-09-30T22:11:38.000Z,0.0001,0x641cf5dec78db66010db72471a3fafcc9c168557,sell,0xe6923e9b56db1eed1c9f430ea761da7565e260fe,0x3c0edef57d0a6ace327997485c11bcfab703d8ee9ebea42a6d840ef81e142ec0
181,13804.68,1.7946084,0x4ddcfd455463508c2656ff5b2502a6b6fa818487,2017-09-30T20:48:31.000Z,0.00013,0x4f578ef7b1f8377760facb7db3ce7a6c77ce46e1,buy,0xe6923e9b56db1eed1c9f430ea761da7565e260fe,0xaa84d83fad9ce8a7c61038805969e0ed2bd9df77493a8809971e82e0ab58ee0f
182,1302.79,0.13679295,0x873880b4ec6fd0d442148ca0fd8ef287e0e6c7c6,2017-09-30T18:24:04.000Z,0.000105,0x15f8e988924cf1593e8d19942508d62732d38898,sell,0xe6923e9b56db1eed1c9f430ea761da7565e260fe,0x96d511072a799c48e08043183c9e7e8865ed7e20cbe1c9eab61b9c917561b813
183,300,0.0321,0x5fe35713d30a083f226ffea19a3b1e1ade29de47,2017-09-30T18:23:01.000Z,0.000107,0x15f8e988924cf1593e8d19942508d62732d38898,sell,0xe6923e9b56db1eed1c9f430ea761da7565e260fe,0x631be7e35b681c208e19f147959e1e71cbfbce2bc16949c8d03e3a594204daaa
184,360,0.03852036,0x9cdc370013229bf5ac914f78681d8479ab79c5a9,2017-09-30T18:20:03.000Z,0.000107001,0x15f8e988924cf1593e8d19942508d62732d38898,sell,0xe6923e9b56db1eed1c9f430ea761da7565e260fe,0x92c2bf211939e075c40bbd45254abc74019382d6831966bff040f9696c37e419
185,4000,0.46,0x3e29e9266d163f6b28e119f7c1efabb683e76968,2017-09-30T10:07:02.000Z,0.000115,0x15f8e988924cf1593e8d19942508d62732d38898,sell,0xe6923e9b56db1eed1c9f430ea761da7565e260fe,0x2ea79113247e4d8cc27ca886afc8169ac24b392bf44c8b6e35445b2d95e3906e
186,1000,0.16554,0x22692dcbcc363b3b80b284627868f09f092bc3cf,2017-09-30T03:44:46.000Z,0.00016554,0x0b21bec2bf2b711d86a6a1f1c46a634c23f47ca8,buy,0xe6923e9b56db1eed1c9f430ea761da7565e260fe,0x318ab7ad9755fd9a6eaed273bdf7ab00d4fa70a725efe2f31a98c7cc12345591
187,1749,0.201133251,0xd6bc57da7e69c187a8b459e88215961a9d19ae80,2017-09-29T23:54:43.000Z,0.000114999,0xd07f64e867f6d06cafea2c47d2714140f03c7318,buy,0xe6923e9b56db1eed1c9f430ea761da7565e260fe,0xc69725701ae58939c0bee75da6447619f8ea6ec965d8afa765a0632c62207615
188,1750,0.2012465,0xd6bc57da7e69c187a8b459e88215961a9d19ae80,2017-09-29T23:54:06.000Z,0.000114998,0xd07f64e867f6d06cafea2c47d2714140f03c7318,buy,0xe6923e9b56db1eed1c9f430ea761da7565e260fe,0xe12cc8db959f452a2df6efdbfe0639c21dea6786094aef37a1bfb0c56c1b468b
189,2500,0.26,0xd6bc57da7e69c187a8b459e88215961a9d19ae80,2017-09-29T23:27:33.000Z,0.000104,0xd5892698f177229fc1e5f14375d0ab802f8c7601,buy,0xe6923e9b56db1eed1c9f430ea761da7565e260fe,0xe69f14cee5239e40040fe9aa50147b3656cd6ff88c18db9a45bd14f368cffc32
190,897.21,0.09420705,0x873880b4ec6fd0d442148ca0fd8ef287e0e6c7c6,2017-09-29T21:09:18.000Z,0.000105,0x3ab9e5252a79123adcb3ee2f35ad64c3ea8c5bf3,sell,0xe6923e9b56db1eed1c9f430ea761da7565e260fe,0x1c3a7d071b4665551d928eebbfb0f11c048ddb0bcd45f6bea9ca5bdead1b7ee4
191,4000,0.48,0x6b144c8d683847aca2a30ae8f9e4818306a8d134,2017-09-29T11:49:25.000Z,0.00012,0xc5e0066acb6aa88fd00bed07425779dd850fd368,sell,0xe6923e9b56db1eed1c9f430ea761da7565e260fe,0x19986b1632d9e80b98313754aad7b4c56b4884a2e99c65d54ff45fd76fb3031b
192,333.71,0.040078571,0xd6bc57da7e69c187a8b459e88215961a9d19ae80,2017-09-29T11:07:01.000Z,0.0001201,0xc5e0066acb6aa88fd00bed07425779dd850fd368,sell,0xe6923e9b56db1eed1c9f430ea761da7565e260fe,0x69b93f13931f5978a6cea5ce461b1c83e1ee333e63a6b3ce8003b6f69728e62f
193,2000,0.24,0x3e29e9266d163f6b28e119f7c1efabb683e76968,2017-09-29T07:41:47.000Z,0.00012,0x4f578ef7b1f8377760facb7db3ce7a6c77ce46e1,buy,0xe6923e9b56db1eed1c9f430ea761da7565e260fe,0xfbb7c1418b0e896b3ad171be31f5cc807abccc3521f7b1f3804541a01b252384
194,4195.32,0.5034393578704471,0x659a1610f960c0a758180b6103ecec664883f43e,2017-09-28T21:03:04.000Z,0.00012000022831880457,0x4f578ef7b1f8377760facb7db3ce7a6c77ce46e1,buy,0xe6923e9b56db1eed1c9f430ea761da7565e260fe,0x4fe93fe194ea324cf5e073cbeea3f317e0d20d64eb3db5117501b42284df9331
195,10000,1.1777,0x12d00b993bfd0422d6bde9aa63d96e0ab74fb636,2017-09-28T18:30:33.000Z,0.00011777,0xb60d7fe4860bc77aaca445ab03502c1588164954,sell,0xe6923e9b56db1eed1c9f430ea761da7565e260fe,0xa3ed9c0f990d7dd6346c4a034485532cdd269c5752c52060329cb178ebaefe4d
196,1,0.0001509,0x0249924245a19aa2d7f5ddb0739a7132b7d094ab,2017-09-28T17:18:02.000Z,0.0001509,0x41cc9e7bae53ec6d53d22dfeef26631550070087,buy,0xe6923e9b56db1eed1c9f430ea761da7565e260fe,0xb2e74671c1c3646f8beb48c0ba0417196aa5777f60c8fb75d5ad7cb14b234204
197,300,0.0315,0x873880b4ec6fd0d442148ca0fd8ef287e0e6c7c6,2017-09-28T11:54:15.000Z,0.000105,0x3fb5df6d175b7ab55eb208d08a62ba6470ac3a3e,sell,0xe6923e9b56db1eed1c9f430ea761da7565e260fe,0x51d01f80af7291e0e03fd4a619df06168ff6191b32a331f1f83b6ae60ebc0541
198,3000,0.42,0x3e29e9266d163f6b28e119f7c1efabb683e76968,2017-09-28T09:56:08.000Z,0.00014,0x41cc9e7bae53ec6d53d22dfeef26631550070087,sell,0xe6923e9b56db1eed1c9f430ea761da7565e260fe,0x20d95f5f7a426fa536086c4a71fd5da013174a716cb59c4f7bb627421540a714
199,1603,0.242053,0x3e29e9266d163f6b28e119f7c1efabb683e76968,2017-09-28T07:56:25.000Z,0.000151,0x8ef42653cd5420da899975c6145d331d7ae622f6,buy,0xe6923e9b56db1eed1c9f430ea761da7565e260fe,0x44edccf740d382572bb1845855fb245fed2b8a3eae3a63cb28c256c3550db855
200,500,0.0755,0x1c0add0ee8c10d27e60cbe8b92cb2b8a8092e13b,2017-09-28T07:31:09.000Z,0.000151,0x8ef42653cd5420da899975c6145d331d7ae622f6,buy,0xe6923e9b56db1eed1c9f430ea761da7565e260fe,0x7a5d04a361479ca7597bb609b0234b3da18423370bbfdd339706b622bcf30f2a
201,1,0.0001653998,0xa0be78d2bac6a692adba423c7af50ec86a18bddf,2017-09-28T05:52:33.000Z,0.0001653998,0xd07f64e867f6d06cafea2c47d2714140f03c7318,buy,0xe6923e9b56db1eed1c9f430ea761da7565e260fe,0x54b75f7f06da8fda9ef9a8d4f4bb09deca2625c899c93078c55176f9d35135a4
202,1018.69,0.1697816100313085,0xfa035849001ea7e22cbe302326054b289ddb16af,2017-09-27T20:48:30.000Z,0.00016666661107040266,0x0b21bec2bf2b711d86a6a1f1c46a634c23f47ca8,buy,0xe6923e9b56db1eed1c9f430ea761da7565e260fe,0xde93bc01bb9aacdb4121f041e91046df445b7a8249c07feecfde7bd602564dd4
203,1,0.000166666,0x4b6bbd7521586eaa26bb2730b531a1c54c9eb038,2017-09-27T20:23:12.000Z,0.000166666,0xc5e0066acb6aa88fd00bed07425779dd850fd368,buy,0xe6923e9b56db1eed1c9f430ea761da7565e260fe,0xbfb693aa22d554b6078d78489b65840aaed4785714945a78c0811b5ed346b2f0
204,14500,2.407,0x156d48c907348703208df32be321cf26099e38d0,2017-09-27T16:49:14.000Z,0.000166,0x15f8e988924cf1593e8d19942508d62732d38898,sell,0xe6923e9b56db1eed1c9f430ea761da7565e260fe,0xc6479e358b16847ba2f8a93f38e73669ace8b87ec5659e5a47ad55169f36f6f8
205,654,0.109000063998,0x95c0991549e34fc3b528a294433a996695584d83,2017-09-27T16:23:35.000Z,0.00016666676452293578,0xc5e0066acb6aa88fd00bed07425779dd850fd368,buy,0xe6923e9b56db1eed1c9f430ea761da7565e260fe,0xc552553b38638a9a7d6b451b7e93f0f5cd76e42344779f75d938f4d8710ad28f
206,5000,0.65385,0x12d00b993bfd0422d6bde9aa63d96e0ab74fb636,2017-09-27T13:46:28.000Z,0.00013077,0x15f8e988924cf1593e8d19942508d62732d38898,sell,0xe6923e9b56db1eed1c9f430ea761da7565e260fe,0x8439ed902ca996435d475abd6e30d9900e725c634a0b759c8efb7bb46e370201
207,5621.93,0.8744921448,0x12d00b993bfd0422d6bde9aa63d96e0ab74fb636,2017-09-27T13:10:43.000Z,0.00015555016601060488,0xc5e0066acb6aa88fd00bed07425779dd850fd368,buy,0xe6923e9b56db1eed1c9f430ea761da7565e260fe,0x37ae3e71bfb5169725e134e84420d9fc57b34f5943099e14461bf9aec7f6324a
208,109.29,0.0170000595,0x1425327131f5d13f5feedf83dca59d9b45d0c17f,2017-09-27T11:53:23.000Z,0.00015555,0xc5e0066acb6aa88fd00bed07425779dd850fd368,buy,0xe6923e9b56db1eed1c9f430ea761da7565e260fe,0x64cd9e51821cce3cbfd972f846861ffd81e4bbbca2ae7407a0ee83431b0d6262
209,390.5,0.05271884053434354,0xcaab4f28e949dea4e773e09e5b55bd34dbf8b9f3,2017-09-27T10:07:16.000Z,0.0001350034328664367,0xf4c8afc7816444991714c27cf2d1f4af7c2a329a,buy,0xe6923e9b56db1eed1c9f430ea761da7565e260fe,0x7582b5617d2ba3cb0035a3726d5dd1083bce8da8c14ef58720e17a39835c1a9b
210,4268.77,0.6640077875171658,0x29156b109979c6acbffc8f702f9b3a41e4168b4d,2017-09-27T09:57:41.000Z,0.0001555501438393649,0xc5e0066acb6aa88fd00bed07425779dd850fd368,buy,0xe6923e9b56db1eed1c9f430ea761da7565e260fe,0xf1a23ea29c0d1d771e2fdc73b122de255b5dfd58af252b480108e1ba62bb42ed
211,486.79,0.06571665,0x5d7c0913dc098a6176f6c0de349eb86f41d65b56,2017-09-27T08:06:07.000Z,0.000135,0xd4fab3b55c94166b1c94c208714aedd525a5e329,sell,0xe6923e9b56db1eed1c9f430ea761da7565e260fe,0xcea08f0a151aa03d99442618ce99d5c3b682372221cf5d94aa89e39ab3e64b28
212,3480.54,0.43699995303,0xc64608a89c5dd8ce828fb05ab2f09a353d1b0b86,2017-09-27T07:39:10.000Z,0.00012555521644055232,0xc5e0066acb6aa88fd00bed07425779dd850fd368,buy,0xe6923e9b56db1eed1c9f430ea761da7565e260fe,0xbeb983e691d330272391b167bcabcd7eef484f7969501614e80a9821ba3431e1
213,14800,1.858214,0x41cc9e7bae53ec6d53d22dfeef26631550070087,2017-09-27T07:29:13.000Z,0.000125555,0xc5e0066acb6aa88fd00bed07425779dd850fd368,buy,0xe6923e9b56db1eed1c9f430ea761da7565e260fe,0x90fe8e8051a6786165be60324311a631b80ef63536c0b45af786810c2bb805aa
214,200,0.025111,0xdbbae39c54992479faac890e81eb4d8579b951d6,2017-09-27T07:28:57.000Z,0.000125555,0xc5e0066acb6aa88fd00bed07425779dd850fd368,buy,0xe6923e9b56db1eed1c9f430ea761da7565e260fe,0x233b43c93de3f16e1c29da6c740170dd69d8fa2270149fe6444756bceab6a996
215,1194.69,0.15000005628,0x2b738c1964d6fc053d386798f7b6664909e0030b,2017-09-27T06:58:29.000Z,0.00012555563056525123,0xc5e0066acb6aa88fd00bed07425779dd850fd368,buy,0xe6923e9b56db1eed1c9f430ea761da7565e260fe,0x00767b93a3028b59772497808220ab94e353963239447ad5ab0e69138f3ad41e
216,729.03,0.09153337022178083,0xb8878cd00f51f088588602acb43c7008333e767e,2017-09-27T06:56:23.000Z,0.0001255550117577889,0xc5e0066acb6aa88fd00bed07425779dd850fd368,buy,0xe6923e9b56db1eed1c9f430ea761da7565e260fe,0x5c83b30983ef7bdaff1f583ef65c39bed12eeeca1c88f74b889c856038efc795
217,726.84,0.0981234,0x5d7c0913dc098a6176f6c0de349eb86f41d65b56,2017-09-27T06:56:23.000Z,0.000135,0xb8878cd00f51f088588602acb43c7008333e767e,sell,0xe6923e9b56db1eed1c9f430ea761da7565e260fe,0x5c83b30983ef7bdaff1f583ef65c39bed12eeeca1c88f74b889c856038efc795
218,270.97,0.03658095,0x5d7c0913dc098a6176f6c0de349eb86f41d65b56,2017-09-27T06:53:18.000Z,0.000135,0x873880b4ec6fd0d442148ca0fd8ef287e0e6c7c6,sell,0xe6923e9b56db1eed1c9f430ea761da7565e260fe,0xaf62136eec05af64f3788f03d055a1384bc638daea08870fe2a1a18492d4c3cf
219,1084.41,0.13012811559,0x20863540367c3ef0b2034dd448d416bd2aff6151,2017-09-27T05:04:51.000Z,0.000119999,0xa5c47c2500996a6aa03fa50a9550996d51c05813,buy,0xe6923e9b56db1eed1c9f430ea761da7565e260fe,0x8ee9ffe1027e84573b7dbb5dc87c8996f5f57e847efb3b2fbd59512f31b3a19e
220,200,0.02,0x41cc9e7bae53ec6d53d22dfeef26631550070087,2017-09-27T04:38:21.000Z,0.0001,0x3fb5df6d175b7ab55eb208d08a62ba6470ac3a3e,sell,0xe6923e9b56db1eed1c9f430ea761da7565e260fe,0x366d65e1b476aa806b8dd9193066880ae6aba04d8e02f2cb8e4c60f76f3333ec
221,4710.73,0.6359485594656564,0xc31efed8182223fede2c633ecd9c01e7cf15bb6f,2017-09-27T02:52:49.000Z,0.00013500000200938208,0xf4c8afc7816444991714c27cf2d1f4af7c2a329a,buy,0xe6923e9b56db1eed1c9f430ea761da7565e260fe,0x418db2bda1e6d5754d89ff1750e92222cf4d17d15df49ed9cd92bbdb95726790
222,400,0.0378,0xb8186b97012530dceadc931136bf6cc7e4237f10,2017-09-27T02:31:28.000Z,0.0000945,0x15f8e988924cf1593e8d19942508d62732d38898,sell,0xe6923e9b56db1eed1c9f430ea761da7565e260fe,0xc726b6b49281e4ef68c6a19bf9d59a2252ad643d1039843de17d11a0d87a4546
223,1835,0.2202,0x2c088fdb0eb32e6e83910c7c9e143906cf6d65f3,2017-09-27T02:29:26.000Z,0.00012,0x873880b4ec6fd0d442148ca0fd8ef287e0e6c7c6,buy,0xe6923e9b56db1eed1c9f430ea761da7565e260fe,0x0a11f8eabec8193a50a5805fe5fe1728199da4ddcedb220416b1697458760676
224,665,0.076475,0x2c088fdb0eb32e6e83910c7c9e143906cf6d65f3,2017-09-27T02:24:28.000Z,0.000115,0x162724772f692e40054541bafe8aedb710e2d7d8,buy,0xe6923e9b56db1eed1c9f430ea761da7565e260fe,0x0fbfed6943729ee0972a0bbb0bbeb249189d228195e32c38f20767199f960e43
225,4954.57,0.44591625457,0x4ddcfd455463508c2656ff5b2502a6b6fa818487,2017-09-27T02:21:25.000Z,0.000090001,0x15f8e988924cf1593e8d19942508d62732d38898,sell,0xe6923e9b56db1eed1c9f430ea761da7565e260fe,0xbe15907a9256ccd6d483d3ababd3a537fb1dc11868fb33c320ba43a7dcaedafb
226,2500,0.2975,0x2c088fdb0eb32e6e83910c7c9e143906cf6d65f3,2017-09-27T02:21:07.000Z,0.000119,0xd4fab3b55c94166b1c94c208714aedd525a5e329,buy,0xe6923e9b56db1eed1c9f430ea761da7565e260fe,0x6fd2e950bacc875280ca5afc8ce5d9ad07ea82f26056c14eb356bbb9e40d9378
227,2000,0.36,0xc31efed8182223fede2c633ecd9c01e7cf15bb6f,2017-09-27T02:15:19.000Z,0.00018,0xe1226c4d0a752a3ef42ee783aa1b4ac1abe47a8e,buy,0xe6923e9b56db1eed1c9f430ea761da7565e260fe,0x55be9c1c87a4bb34f1534074ef2fe8c4c6ac04299eaf68bde38df4b13b3609b4
228,4811.57,0.5533313178418586,0x395fc9e77ed523f42caab247b6fb7c380a3413cf,2017-09-27T02:14:22.000Z,0.0001150001595823938,0x162724772f692e40054541bafe8aedb710e2d7d8,buy,0xe6923e9b56db1eed1c9f430ea761da7565e260fe,0x748d22091329ced03c6f825721da12cf1e25582d89a4786c7b02de222333f98d
229,7964.63,0.999999998535,0xbf155cdf06800edd5d5791fc698b697b479f0d97,2017-09-27T00:56:36.000Z,0.00012555511034850332,0xc5e0066acb6aa88fd00bed07425779dd850fd368,buy,0xe6923e9b56db1eed1c9f430ea761da7565e260fe,0x302ba65675337fe9c330124ce2826e0de079f256f9f1e70a44d44c57c91a5321
230,1527.03,0.17545608613298774,0xf5245f381322710a475a7d3abddbe6b304e0cca0,2017-09-27T00:00:02.000Z,0.00011490022208665693,0x4b6bbd7521586eaa26bb2730b531a1c54c9eb038,buy,0xe6923e9b56db1eed1c9f430ea761da7565e260fe,0xd7e37b54376affe89f79a3c89af4a77cd2372d2df35bb8b1572ec2f5e6482d93
231,2816.26,0.336540612237,0x1ea7759739778982695b99afef2d83a9503215c6,2017-09-26T23:57:34.000Z,0.00011949912729542017,0x28fc50a4088f19e18ec8272f5a3fcd035bc2cbe5,buy,0xe6923e9b56db1eed1c9f430ea761da7565e260fe,0x9cb8da6eed7e675f200786a61b56080830dd26a04bbc787338ad85aa2238ad3b
232,2546.21,0.2928147397278639,0x5a4c698bbf79ad5f272927e08d1f3747eb63f182,2017-09-26T22:09:10.000Z,0.00011500023161006511,0x162724772f692e40054541bafe8aedb710e2d7d8,buy,0xe6923e9b56db1eed1c9f430ea761da7565e260fe,0x8008f8c802fe2024194e11943da53f5ab5d725cf9b915789a717b1dc25eed0b8
233,8900.79,1.06808589921,0x1ea7759739778982695b99afef2d83a9503215c6,2017-09-26T21:39:16.000Z,0.000119999,0x4c1cf5314ab59c618808860735e0e8a54f159e22,buy,0xe6923e9b56db1eed1c9f430ea761da7565e260fe,0xb73d8af7a7e1e81247531d153cb39ceeb48617f062770e56ccd4a6b4ba4e7fcc
234,10212.14,1.248148419524,0xa4989d0f03f9aa41bff1c4d1b95faeaa2b2cf78f,2017-09-26T21:37:48.000Z,0.00012222202393660878,0xc5e0066acb6aa88fd00bed07425779dd850fd368,buy,0xe6923e9b56db1eed1c9f430ea761da7565e260fe,0xfe6aa78b2d2979036d0538b5d71cc8056b8fbe7a1013a9503775e8e64e2b0b53
235,1971,0.226665,0x2aff3281ba1c2f5b0fc7ef3583002ef2d62d173e,2017-09-26T21:25:11.000Z,0.000115,0x162724772f692e40054541bafe8aedb710e2d7d8,sell,0xe6923e9b56db1eed1c9f430ea761da7565e260fe,0x4a6a9a09db8140f120087220085d3e0e2eaecbf9e05112cdcef4ac4747dc1ccd
236,1000,0.098,0xfa5e6d35cade1df8287da271b2fd32243cf736fe,2017-09-26T20:41:15.000Z,0.000098,0x28fc50a4088f19e18ec8272f5a3fcd035bc2cbe5,sell,0xe6923e9b56db1eed1c9f430ea761da7565e260fe,0x6946151a1770091f3914d071e270dc92629bb2e98f304182cfb8badb33c53060
237,4.18,0.0005,0x3bfdec5343e950ce45522eef9948c977631b4000,2017-09-26T19:39:22.000Z,0.00011961722488038278,0x28fc50a4088f19e18ec8272f5a3fcd035bc2cbe5,buy,0xe6923e9b56db1eed1c9f430ea761da7565e260fe,0x6c37f106f6160e4185f960ab91eacfd930d69e0ace2ca6566b81ee1f95f2c5e5
238,7559.21,0.8315131,0xd4b5b1f3c0f1ba76d2eeca64718f953a062fda96,2017-09-26T18:17:23.000Z,0.00011,0x1fdf047bf7a114b37e7936d01e9cad754ad18803,buy,0xe6923e9b56db1eed1c9f430ea761da7565e260fe,0x721816205cc81a602895ecc3ed3703315ab40a3c89725ed5c7679419c1c5745c
239,12725.35,1.272535478296166,0x1ea7759739778982695b99afef2d83a9503215c6,2017-09-26T18:07:08.000Z,0.00010000003758609121,0xcc49e5bce552b5ecbbb6c371215559cc82f4e895,buy,0xe6923e9b56db1eed1c9f430ea761da7565e260fe,0x227376ebcfa74bc8fe71b0a4153aa4d70ccb353ea05973f4bff527a275e833fc
240,4.54,0.0005,0x350f6f675b20d606bb7f6c412ef4775c9bc57168,2017-09-26T18:03:04.000Z,0.00011013215859030837,0x1fdf047bf7a114b37e7936d01e9cad754ad18803,buy,0xe6923e9b56db1eed1c9f430ea761da7565e260fe,0x05d6dca53ddfa24fbfc4ff43939c7bb83a4932a7f9ac5181eecc0950c67097e7
241,1375,0.130625,0x2aff3281ba1c2f5b0fc7ef3583002ef2d62d173e,2017-09-26T17:12:05.000Z,0.000095,0x46dc6b56513ae75026900e7fd27aaf835cd0163a,sell,0xe6923e9b56db1eed1c9f430ea761da7565e260fe,0xdd684d6d56c2744eeb5ef22cc6d256a36008376df051fa832c42ee5a6131038b
242,278.09,0.023637881904,0xc38a1796fdbee574907aa7cddf2b6bbbd24ec560,2017-09-26T17:08:44.000Z,0.0000850008339170772,0xb902ba6e3272e66c74035d7e30f4fa9279bd56f9,buy,0xe6923e9b56db1eed1c9f430ea761da7565e260fe,0x7b2908efc5fb810fefc23e6df057096bcf607cde542d8ace5a60e8c409547076
243,6654.12,0.6321414,0x2aff3281ba1c2f5b0fc7ef3583002ef2d62d173e,2017-09-26T16:45:49.000Z,0.000095,0xe6752641b59bffab5cce0e14dc517f9422acce12,sell,0xe6923e9b56db1eed1c9f430ea761da7565e260fe,0x9815894614ecc595984ad225cb51de83d279bdaf63b020762982338f9b6b77e1
244,6674.15,0.5673028261304954,0xe6752641b59bffab5cce0e14dc517f9422acce12,2017-09-26T16:45:49.000Z,0.00008500001140677021,0x1fdf047bf7a114b37e7936d01e9cad754ad18803,buy,0xe6923e9b56db1eed1c9f430ea761da7565e260fe,0x9815894614ecc595984ad225cb51de83d279bdaf63b020762982338f9b6b77e1
245,1149.37,0.09769713886950454,0xd6fa435b03f0632e208dcd2eb019de5495d1725b,2017-09-26T16:35:59.000Z,0.00008500059934529745,0x1fdf047bf7a114b37e7936d01e9cad754ad18803,buy,0xe6923e9b56db1eed1c9f430ea761da7565e260fe,0x2dcefeb0c369271c3117bb236fe73771a78ff12c2cbd3ece614957c398113602
246,9787.85,1.1962915237286116,0xec7af1e3a543fe3d66f474bd488a521eec0c1b00,2017-09-26T16:23:37.000Z,0.00012222209409917516,0xc5e0066acb6aa88fd00bed07425779dd850fd368,buy,0xe6923e9b56db1eed1c9f430ea761da7565e260fe,0x333389c6d9f3a23c4a2f9547a9adaf1d511bc3f3f8e8a3636c7d876c50516e9e
247,500,0.0424995,0x7aa6e2506316f6d613277d4f2f4e4e1dc55e528e,2017-09-26T13:50:27.000Z,0.000084999,0xb902ba6e3272e66c74035d7e30f4fa9279bd56f9,buy,0xe6923e9b56db1eed1c9f430ea761da7565e260fe,0xfd8563264c498d8d9dfcfb04f8e845e7f5b8ba297024d520be500fa0f2a8fff5
248,498.5,0.0483545,0x5fe35713d30a083f226ffea19a3b1e1ade29de47,2017-09-26T13:50:27.000Z,0.000097,0x7aa6e2506316f6d613277d4f2f4e4e1dc55e528e,sell,0xe6923e9b56db1eed1c9f430ea761da7565e260fe,0xfd8563264c498d8d9dfcfb04f8e845e7f5b8ba297024d520be500fa0f2a8fff5
249,1380.34,0.1173283432108652,0x46dc6b56513ae75026900e7fd27aaf835cd0163a,2017-09-26T13:49:08.000Z,0.00008499959662899372,0xb902ba6e3272e66c74035d7e30f4fa9279bd56f9,buy,0xe6923e9b56db1eed1c9f430ea761da7565e260fe,0xa7c8a37670196dacd04f26ddaaf3e271e8960464019028c824b813b0d550f420
250,2010.63,0.240270958269118,0xd3c1168d337a3aedbd5013d06406807bcb04be8f,2017-09-26T13:39:22.000Z,0.0001195003348548057,0xb18fd5771e02a8e54c4dc73618e81ee52ffc4591,buy,0xe6923e9b56db1eed1c9f430ea761da7565e260fe,0x2fc54b4546d4917e4c2e0646954b35184dce819a8c1287658e478ef51c4f22f5
251,2.74,0.000274521703834114,0xec7af1e3a543fe3d66f474bd488a521eec0c1b00,2017-09-26T13:27:34.000Z,0.00010019040285916569,0xcc49e5bce552b5ecbbb6c371215559cc82f4e895,buy,0xe6923e9b56db1eed1c9f430ea761da7565e260fe,0xc8a4612a80b266e17937a8b001827596d44174b9ecd3632e15d9a86cb77725ef
252,4984.55,0.4486095,0xb9a8e38ebc48f43f5f3465f2b4ef1cf14b173719,2017-09-26T13:22:57.000Z,0.00009,0x65f2dddf638c7a7118b22d610c9aeba141f2467f,sell,0xe6923e9b56db1eed1c9f430ea761da7565e260fe,0x8316b809d8e3f3922527ef13696b61d1d7f169190395f605ceba64bfbad2cdc5
253,5000,0.424995,0x65f2dddf638c7a7118b22d610c9aeba141f2467f,2017-09-26T13:22:57.000Z,0.000084999,0xb902ba6e3272e66c74035d7e30f4fa9279bd56f9,buy,0xe6923e9b56db1eed1c9f430ea761da7565e260fe,0x8316b809d8e3f3922527ef13696b61d1d7f169190395f605ceba64bfbad2cdc5
254,2.26,0.000270591730881998,0xd3c1168d337a3aedbd5013d06406807bcb04be8f,2017-09-26T12:45:41.000Z,0.00011973085437256547,0xb18fd5771e02a8e54c4dc73618e81ee52ffc4591,buy,0xe6923e9b56db1eed1c9f430ea761da7565e260fe,0x54016f449c2deea038ed4e47b523987a3fb1802d4c23955c7bdd64b2f5c6779d
255,291.64,0.03178876,0xd4b5b1f3c0f1ba76d2eeca64718f953a062fda96,2017-09-26T11:58:01.000Z,0.000109,0x971f30c325d9924ad472adf0bf98702502baad93,buy,0xe6923e9b56db1eed1c9f430ea761da7565e260fe,0xbb76d371383dc23c1a80be1aef2f4e77c0abf05f70ed6c1451bd4de897659255
256,504,0.05544,0xd4b5b1f3c0f1ba76d2eeca64718f953a062fda96,2017-09-26T11:35:04.000Z,0.00011,0xa3721f0442923febe722592073cce2f214a508a4,buy,0xe6923e9b56db1eed1c9f430ea761da7565e260fe,0xdaacc295e24d7c99ca71530db25e9d5da0e3a3b67ba752916a3c6cef65f9507c
257,11764.7,1.00000001,0x4ae303c2d6ab5bec9929b9f31e62fb1a80125ae2,2017-09-26T09:43:40.000Z,0.00008500004335002167,0x1fdf047bf7a114b37e7936d01e9cad754ad18803,buy,0xe6923e9b56db1eed1c9f430ea761da7565e260fe,0x3d62f1f1018f4b3e67ebb99101166e881df7ee44d0002bc8c93e5185c6bf0fbc
258,443.7,0.03771441285651666,0x9cdc370013229bf5ac914f78681d8479ab79c5a9,2017-09-26T07:32:52.000Z,0.00008499980359818945,0xb902ba6e3272e66c74035d7e30f4fa9279bd56f9,buy,0xe6923e9b56db1eed1c9f430ea761da7565e260fe,0xefb205325365737e4d3397f62e3c914eea9ffeec2919e502afeb7749ded659ae
259,1.96,0.00004355316,0xb902ba6e3272e66c74035d7e30f4fa9279bd56f9,2017-09-25T23:18:19.000Z,0.000022221,0x65919f4824cf41db56c2b4acb6a29b19aaf600a5,sell,0xe6923e9b56db1eed1c9f430ea761da7565e260fe,0xb98ef06134e4b8f38023917c95ea855f6990e859c6c8d77bedff0ee2ba466bf0
260,397.23,0.02581995,0x3e29e9266d163f6b28e119f7c1efabb683e76968,2017-09-25T23:14:05.000Z,0.000065,0x65919f4824cf41db56c2b4acb6a29b19aaf600a5,sell,0xe6923e9b56db1eed1c9f430ea761da7565e260fe,0x88fcc2eeb8f87aba69b9017dc2fdc266e5748805c74c9b78c4730ec06209ee90
261,7600,0.1688796,0xb902ba6e3272e66c74035d7e30f4fa9279bd56f9,2017-09-25T23:14:05.000Z,0.000022221,0x65919f4824cf41db56c2b4acb6a29b19aaf600a5,sell,0xe6923e9b56db1eed1c9f430ea761da7565e260fe,0xdee42d074c81eee4e1c2af28484765c4bd8f7a22d8b238cb178563af9c56d66d
262,1000,0.052004,0x670633a4853f53e70e0135773315ecac27616375,2017-09-25T23:14:05.000Z,0.000052004,0x65919f4824cf41db56c2b4acb6a29b19aaf600a5,sell,0xe6923e9b56db1eed1c9f430ea761da7565e260fe,0x9d74ef8e386e3844cb1351c8773a110be472c7f7caad2878f8f251cceac80a6e
263,504,0.026209008,0xa3721f0442923febe722592073cce2f214a508a4,2017-09-25T23:14:05.000Z,0.000052002,0x65919f4824cf41db56c2b4acb6a29b19aaf600a5,sell,0xe6923e9b56db1eed1c9f430ea761da7565e260fe,0xecc58e9db47505d937b3cc3f6a295862da35b14233ecfb082e1fca4daa9a1afc
264,5000,0.55,0x3e29e9266d163f6b28e119f7c1efabb683e76968,2017-09-25T11:08:56.000Z,0.00011,0x1fdf047bf7a114b37e7936d01e9cad754ad18803,buy,0xe6923e9b56db1eed1c9f430ea761da7565e260fe,0xc6c5301727038fff2bc99fa92cd0c66f961d830e618221460624f73c2d6703dd
265,4.18,0.0005,0xc886b21b865e7c90432d9b8bdb14ad254f2232f5,2017-09-25T04:14:10.000Z,0.00011961722488038277,0x971f30c325d9924ad472adf0bf98702502baad93,buy,0xe6923e9b56db1eed1c9f430ea761da7565e260fe,0x53e0d24b43c536a00840850901934f4a97ce091fcbb4cebd2ee5460f08d58c15
266,4.18,0.0005,0xe37bd4d49c619e748d4efe74525489d26b6aff43,2017-09-25T04:09:35.000Z,0.00011961722488038277,0x971f30c325d9924ad472adf0bf98702502baad93,buy,0xe6923e9b56db1eed1c9f430ea761da7565e260fe,0xf8b94d6c0d33871b766ab70508a757b8082241bfe5636bacdbbc88d95203c8d3
267,2000,0.104004,0xa3721f0442923febe722592073cce2f214a508a4,2017-09-25T00:40:41.000Z,0.000052002,0x9c74e1ce0f9c431a330ae2618e6f83b5dce642de,sell,0xe6923e9b56db1eed1c9f430ea761da7565e260fe,0x8ba8d8d6be0241477f9600fcf137835afdcb362859d23a3d1a728de4844eb752
268,275,0.014300825,0xf36990a2cb4d609e0a7d4f3bf884c0342d81fd3d,2017-09-25T00:40:08.000Z,0.000052003,0x9c74e1ce0f9c431a330ae2618e6f83b5dce642de,sell,0xe6923e9b56db1eed1c9f430ea761da7565e260fe,0xe5be294aba3adc81daf7164456ed6cdbe1e45500618a47515a4b2e76024df200
269,4.18,0.0005,0x23ee598e50ff1b1bde1022bf3c8a41d4c23321a0,2017-09-25T00:19:33.000Z,0.00011961722488038277,0x28fc50a4088f19e18ec8272f5a3fcd035bc2cbe5,buy,0xe6923e9b56db1eed1c9f430ea761da7565e260fe,0x2f64ba725a95518f613f7e458c0959bb46a0c8547f2834b44cdfdb39efb74f1b
270,4.18,0.0005,0xe5a759eb3e214ff0a2bbbea31acc41c9bf27b239,2017-09-25T00:10:08.000Z,0.00011961722488038277,0x28fc50a4088f19e18ec8272f5a3fcd035bc2cbe5,buy,0xe6923e9b56db1eed1c9f430ea761da7565e260fe,0xfb359b37393f588f677fe072375d282adc4c1d72a44f9b8845085ac99e8c5431
271,4.18,0.0005,0x160506e5a5ce5dadd43623689f53d5aa1f288f0f,2017-09-24T23:43:53.000Z,0.00011961722488038277,0x28fc50a4088f19e18ec8272f5a3fcd035bc2cbe5,buy,0xe6923e9b56db1eed1c9f430ea761da7565e260fe,0x18fc761da2cf0ba863d18d7fa0e01f943c2e929b2ce47f0821d19c37c301e98e
272,500,0.0597495,0x73a2bd158e30741f4c402c1a1a2ec0440647ffb3,2017-09-24T23:09:22.000Z,0.000119499,0x28fc50a4088f19e18ec8272f5a3fcd035bc2cbe5,buy,0xe6923e9b56db1eed1c9f430ea761da7565e260fe,0x54d2a0139ef37d218ae4094090f1ce719a55082d8bb19f1e7cc905330d1168b8
273,500,0.05975,0x73a2bd158e30741f4c402c1a1a2ec0440647ffb3,2017-09-24T22:19:46.000Z,0.0001195,0xb18fd5771e02a8e54c4dc73618e81ee52ffc4591,buy,0xe6923e9b56db1eed1c9f430ea761da7565e260fe,0x55af9f3a317410742327bb5e2893dac1f3ef9de3368e4fbfca2d91bbfa6cc3f1
274,416.66,0.05000004,0x1e3dd9f656e475c5ad89a2d3e7a05c8de0469d78,2017-09-24T17:23:32.000Z,0.00012000201603225652,0x873880b4ec6fd0d442148ca0fd8ef287e0e6c7c6,buy,0xe6923e9b56db1eed1c9f430ea761da7565e260fe,0x16840e88c715cab6baec2321e112f820749a2b65b49cbcc7433ef76dc0fae830
275,300,0.0225006,0x971f30c325d9924ad472adf0bf98702502baad93,2017-09-24T15:33:43.000Z,0.000075002,0x847be2901000812f0432af366b1febaa9eb60f80,sell,0xe6923e9b56db1eed1c9f430ea761da7565e260fe,0xb47da88387c2da57e30342b17a48179eddddb168bd2d1f08b841ecd5f8bd4f93
276,24.56,0.002455987811749476,0xd07f64e867f6d06cafea2c47d2714140f03c7318,2017-09-24T02:41:42.000Z,0.00009999950373572786,0xf36990a2cb4d609e0a7d4f3bf884c0342d81fd3d,buy,0xe6923e9b56db1eed1c9f430ea761da7565e260fe,0xfff6977a0a4b3d76b3be7e178935c8847b47dffe1e3e53941d3579cb341224dc
277,3.87,0.0005,0x452b06f1c61cff4c9bebaa405319a7c3b12553a2,2017-09-23T23:28:12.000Z,0.00012919896640826872,0xa5c47c2500996a6aa03fa50a9550996d51c05813,buy,0xe6923e9b56db1eed1c9f430ea761da7565e260fe,0x63e10086c109b959bf2f52636a9da30ff3c4f60a9f0301061d744922d4c21eb3
278,3.87,0.0005,0xc22f5ab4f1591613a92b4d172cc7f4e4a5af58cd,2017-09-23T23:28:12.000Z,0.00012919896640826872,0xa5c47c2500996a6aa03fa50a9550996d51c05813,buy,0xe6923e9b56db1eed1c9f430ea761da7565e260fe,0x1ed93cc04f753b746cd44598fc8f2f86b2d94d05b8e04d062ca039efdd679dc2
279,20000,1.502,0x1fdf047bf7a114b37e7936d01e9cad754ad18803,2017-09-23T21:25:39.000Z,0.0000751,0xc5e0066acb6aa88fd00bed07425779dd850fd368,sell,0xe6923e9b56db1eed1c9f430ea761da7565e260fe,0xa83a7bba16058066ecc43a75b8c427cf6d3c26f9dd39ebc06f6d9fd9a82d9a95
280,3.87,0.0005,0x2ba19ec4bcd5ae8de66b110bde5ebf41092bd02f,2017-09-23T19:17:59.000Z,0.00012919896640826872,0xa5c47c2500996a6aa03fa50a9550996d51c05813,buy,0xe6923e9b56db1eed1c9f430ea761da7565e260fe,0x87bdd576b73ca295cd0a81a804abe02ca9a1a534281a93668125895f16bda73a
281,3.84,0.0005,0x18a902dc44442205b4ba2b1dc038e67506d22c55,2017-09-23T16:13:11.000Z,0.00013020833333333333,0x28fc50a4088f19e18ec8272f5a3fcd035bc2cbe5,buy,0xe6923e9b56db1eed1c9f430ea761da7565e260fe,0x9bea94958036ca93b8203f5f7bcba7cad48241072a543d26b4e5065bcba60183
282,3.84,0.0005,0xd868b838b5de79f1e540b5d83c9e9a3d0b3810cd,2017-09-23T16:04:29.000Z,0.00013020833333333333,0x28fc50a4088f19e18ec8272f5a3fcd035bc2cbe5,buy,0xe6923e9b56db1eed1c9f430ea761da7565e260fe,0xbe3e0da2f22530d3452b3dbd09064bb28bd590a4891f81e1c7f8455ca10443ad
283,10,0.0013,0x636d925f140f761f7a0e600db2177dd068ddada1,2017-09-23T10:37:05.000Z,0.00013,0x1fdf047bf7a114b37e7936d01e9cad754ad18803,buy,0xe6923e9b56db1eed1c9f430ea761da7565e260fe,0x619cb29cf8a01e2f437ef4169d81187c0a85a3a920ca2c1693e48fccc914d3e2
284,214.39,0.0278707,0xae4f1f3f0eb0916c8580458d69fc712133ada64c,2017-09-23T03:26:54.000Z,0.00013,0x1fdf047bf7a114b37e7936d01e9cad754ad18803,buy,0xe6923e9b56db1eed1c9f430ea761da7565e260fe,0x3029e7b46600dc09ac939533c9240a2648e427bb23830ecd26beac1b0fff1e6b
285,811.88,0.10554441232180245,0xc38a1796fdbee574907aa7cddf2b6bbbd24ec560,2017-09-23T02:26:31.000Z,0.00013000001517687643,0x1fdf047bf7a114b37e7936d01e9cad754ad18803,buy,0xe6923e9b56db1eed1c9f430ea761da7565e260fe,0x1b1ec0b8f4346f0eca54643f08285233a72b37e375cebda95717f57ecc2af531
286,1,0.09,0x803f300e0423176abffa947ed89837dbb3675125,2017-09-22T23:56:05.000Z,0.09,0x78b0e4933f5b7d90102367e28efcde256998411e,buy,0xe6923e9b56db1eed1c9f430ea761da7565e260fe,0x08e13fb7326be99d73a19e6e8a284106e2f61bac6cb8612b7dd33a1ad0ce50b7
287,5000,0.455,0x873880b4ec6fd0d442148ca0fd8ef287e0e6c7c6,2017-09-22T18:34:44.000Z,0.000091,0xc5e0066acb6aa88fd00bed07425779dd850fd368,sell,0xe6923e9b56db1eed1c9f430ea761da7565e260fe,0x7fa5da649ac8fca2c4560aed8cdcb857034101293e1b463bf9f61cfd86a6816e
288,1500,0.1395,0x873880b4ec6fd0d442148ca0fd8ef287e0e6c7c6,2017-09-22T18:30:13.000Z,0.000093,0xc5e0066acb6aa88fd00bed07425779dd850fd368,sell,0xe6923e9b56db1eed1c9f430ea761da7565e260fe,0x0e91b8544e310728cfd953a207532b429fe2e97d52d650dd407b38be593cf79a
289,513.99,0.07138821807559681,0xec15f8ec929616111c9b47c5fcce1f6eca45bb54,2017-09-22T15:29:21.000Z,0.0001388902859503041,0xc5e0066acb6aa88fd00bed07425779dd850fd368,buy,0xe6923e9b56db1eed1c9f430ea761da7565e260fe,0x82e4cf1596a8abae34127257f415ea6ad4d2a1b3e2d14d83f9d5fe158d4953d9
290,850,0.118048,0xec15f8ec929616111c9b47c5fcce1f6eca45bb54,2017-09-22T15:26:29.000Z,0.00013888,0x971f30c325d9924ad472adf0bf98702502baad93,buy,0xe6923e9b56db1eed1c9f430ea761da7565e260fe,0xb9203a240b02ce4a9a960836d7d89012ef99e1bb1c091d79eefdbd7475880866
291,850,0.118048,0xec15f8ec929616111c9b47c5fcce1f6eca45bb54,2017-09-22T15:25:53.000Z,0.00013888,0x971f30c325d9924ad472adf0bf98702502baad93,buy,0xe6923e9b56db1eed1c9f430ea761da7565e260fe,0xb9203a240b02ce4a9a960836d7d89012ef99e1bb1c091d79eefdbd7475880866
292,1516.21,0.21058337448,0xc5e0066acb6aa88fd00bed07425779dd850fd368,2017-09-22T12:23:34.000Z,0.000138888,0x873880b4ec6fd0d442148ca0fd8ef287e0e6c7c6,sell,0xe6923e9b56db1eed1c9f430ea761da7565e260fe,0xd9669ae4d05c5c34b8cb3e9e80bcdb5f7bcf8a810f05247774c698e730e92b34
293,2400,0.3333312,0xc5e0066acb6aa88fd00bed07425779dd850fd368,2017-09-22T12:10:35.000Z,0.000138888,0x873880b4ec6fd0d442148ca0fd8ef287e0e6c7c6,sell,0xe6923e9b56db1eed1c9f430ea761da7565e260fe,0xe9919716360a2a735c1b7010ab5c7da33e54b5e596f4662b8a3a9a04fa68332f
294,2500,0.34722,0xc5e0066acb6aa88fd00bed07425779dd850fd368,2017-09-22T12:06:15.000Z,0.000138888,0x873880b4ec6fd0d442148ca0fd8ef287e0e6c7c6,sell,0xe6923e9b56db1eed1c9f430ea761da7565e260fe,0xa053545a184285018a24b9edf799167a8ee69b04ac9d897a54974f91643347ca
295,5000,0.46,0x873880b4ec6fd0d442148ca0fd8ef287e0e6c7c6,2017-09-22T11:37:23.000Z,0.000092,0xc5e0066acb6aa88fd00bed07425779dd850fd368,sell,0xe6923e9b56db1eed1c9f430ea761da7565e260fe,0xd8b447ccda608adaf4ccf98a00ac1c44480446b70bf2bfbdf5e5e25caf450b5f
296,2990,0.49833134,0xc5e0066acb6aa88fd00bed07425779dd850fd368,2017-09-22T11:16:16.000Z,0.000166666,0x873880b4ec6fd0d442148ca0fd8ef287e0e6c7c6,sell,0xe6923e9b56db1eed1c9f430ea761da7565e260fe,0x7d204b2cb902af4e1e201bf5c6b44d04a84a4a3e64f9828c6f7419850be97daf
297,2000,0.333332,0xc5e0066acb6aa88fd00bed07425779dd850fd368,2017-09-22T11:13:34.000Z,0.000166666,0x873880b4ec6fd0d442148ca0fd8ef287e0e6c7c6,sell,0xe6923e9b56db1eed1c9f430ea761da7565e260fe,0xbedfea47ff6b89c91de8c764544d7043a81079e2853c25f51d47076aaef337b4
298,300,0.0270003,0x971f30c325d9924ad472adf0bf98702502baad93,2017-09-22T11:09:12.000Z,0.000090001,0xc5e0066acb6aa88fd00bed07425779dd850fd368,sell,0xe6923e9b56db1eed1c9f430ea761da7565e260fe,0xe884234e63bdefee7145777f0328a84bc4bfaa981b019c8db00a573aed3b084a
299,478.91,0.04358081,0x873880b4ec6fd0d442148ca0fd8ef287e0e6c7c6,2017-09-22T11:08:24.000Z,0.000091,0xc5e0066acb6aa88fd00bed07425779dd850fd368,sell,0xe6923e9b56db1eed1c9f430ea761da7565e260fe,0x9d4f678a4dca7b49d60965666ceb2cdef43c54fe08a1656eba80c57c8ec82dd3
300,4521.09,0.41141919,0x873880b4ec6fd0d442148ca0fd8ef287e0e6c7c6,2017-09-22T09:53:07.000Z,0.000091,0xc5e0066acb6aa88fd00bed07425779dd850fd368,sell,0xe6923e9b56db1eed1c9f430ea761da7565e260fe,0x3338bbda27763d1306fe6b18a3a2ac4d9e7919c236488aa60ca25d111357af7c
301,44444,4.12973648,0xad2fdeed7f778298410af5863e904ba00ebbbada,2017-09-22T09:41:01.000Z,0.00009292,0xc5e0066acb6aa88fd00bed07425779dd850fd368,sell,0xe6923e9b56db1eed1c9f430ea761da7565e260fe,0x35feca8ab30f673857a079dc07393aaebfd635a1614f9efbd6c1f2cc0c52d689
302,300,0.0270009,0x971f30c325d9924ad472adf0bf98702502baad93,2017-09-22T09:23:51.000Z,0.000090003,0xc5e0066acb6aa88fd00bed07425779dd850fd368,sell,0xe6923e9b56db1eed1c9f430ea761da7565e260fe,0x5a0d8f02638bdff68fac485f8cc047471e5ed4caeb10195ee6c790d0d6f1ee4f
303,2000,0.182,0xe1226c4d0a752a3ef42ee783aa1b4ac1abe47a8e,2017-09-22T09:23:51.000Z,0.000091,0xc5e0066acb6aa88fd00bed07425779dd850fd368,sell,0xe6923e9b56db1eed1c9f430ea761da7565e260fe,0xdca65510f04fdf892b42f9d5131a1814fb3bc1cb7820fec5f7b2f668f7624926
304,250,0.0227755,0xf36990a2cb4d609e0a7d4f3bf884c0342d81fd3d,2017-09-22T09:22:54.000Z,0.000091102,0xc5e0066acb6aa88fd00bed07425779dd850fd368,sell,0xe6923e9b56db1eed1c9f430ea761da7565e260fe,0x2009ecc6efcd10a6c5efe69368cfa32ec51048aaa92c8ec70f94aa763e1c6230
305,2500,0.2275025,0xa3721f0442923febe722592073cce2f214a508a4,2017-09-22T09:20:36.000Z,0.000091001,0xc5e0066acb6aa88fd00bed07425779dd850fd368,sell,0xe6923e9b56db1eed1c9f430ea761da7565e260fe,0xf0f9b7016947fe723eeef4d415ace4facf83fe8b639dbc3a8886682e34be13ec
306,250,0.0228025,0x971f30c325d9924ad472adf0bf98702502baad93,2017-09-22T09:17:05.000Z,0.00009121,0xc5e0066acb6aa88fd00bed07425779dd850fd368,sell,0xe6923e9b56db1eed1c9f430ea761da7565e260fe,0xa2c29ef77aece3dd87b2c4eccf2f81e5b109bb624531fc2f72cd9328d16ea909
307,200,0.0184,0x08bc9fcd9724843c677670ae8c264598704ae124,2017-09-22T09:13:13.000Z,0.000092,0xc5e0066acb6aa88fd00bed07425779dd850fd368,sell,0xe6923e9b56db1eed1c9f430ea761da7565e260fe,0x2e7cfb8e006be462612331693d70c0227bc13fd0ee883b4326776c5de752cc04
308,2.85,0.0005,0x999dbc9673afdd6b6c140c261297f89de35ff1b3,2017-09-22T05:54:30.000Z,0.00017543859649122806,0x162724772f692e40054541bafe8aedb710e2d7d8,buy,0xe6923e9b56db1eed1c9f430ea761da7565e260fe,0x94c9ebc25207fc9e480d140759bc7137d4318e8a5c76e221432c2c4be643d383
309,2.85,0.0005,0x999dbc9673afdd6b6c140c261297f89de35ff1b3,2017-09-22T05:24:18.000Z,0.00017543859649122806,0x162724772f692e40054541bafe8aedb710e2d7d8,buy,0xe6923e9b56db1eed1c9f430ea761da7565e260fe,0x0f88d44816821de01cda73430a013f23dadafc1d9acfeacad462f50002cccdb6
310,2.85,0.0005,0x8612d2a48328bbf318b856ed0daaa4a7034383d0,2017-09-22T05:10:39.000Z,0.00017543859649122806,0x162724772f692e40054541bafe8aedb710e2d7d8,buy,0xe6923e9b56db1eed1c9f430ea761da7565e260fe,0xf06d95429eaa5ecee001a1554debfa73a3aa11392bd73d5045899d1a574e99eb
311,2.85,0.0005,0x10c12555236fa11fc988be565ab70c82a4660ecf,2017-09-22T05:08:25.000Z,0.00017543859649122806,0x162724772f692e40054541bafe8aedb710e2d7d8,buy,0xe6923e9b56db1eed1c9f430ea761da7565e260fe,0x2993aa26f1224a2c5bc5ae3d8e04c583e4fd1bbd428e55d7b11710e9593d7aec
312,666.6,0.11665551631156924,0xec15f8ec929616111c9b47c5fcce1f6eca45bb54,2017-09-22T05:00:28.000Z,0.00017500077454480836,0x162724772f692e40054541bafe8aedb710e2d7d8,buy,0xe6923e9b56db1eed1c9f430ea761da7565e260fe,0x7dde667d33ea05b4ef69bac416ebca7110944633b41e426b0b2476b88c3c0c13
313,2.85,0.0005,0x8f28b1970e72adb11173044ebc762800e3128238,2017-09-22T04:58:14.000Z,0.00017543859649122806,0x162724772f692e40054541bafe8aedb710e2d7d8,buy,0xe6923e9b56db1eed1c9f430ea761da7565e260fe,0xe70547dab332bb76f5ca748dfaded952dcd98a7df4cca7707a3bf52e56de8299
314,2.85,0.0005,0x7ed2114439b24152cf18c02c10cae681a7ca2adc,2017-09-22T04:55:48.000Z,0.00017543859649122806,0x162724772f692e40054541bafe8aedb710e2d7d8,buy,0xe6923e9b56db1eed1c9f430ea761da7565e260fe,0x5717a3615cd1f94362b3c73ae5e47c1d57b469c0addde5539473ea55b8d6022e
315,5.71,0.00099995,0x19b78488b79c6a45d4e060f05a2b35c4873f25c5,2017-09-22T04:24:26.000Z,0.00017512259194395796,0x162724772f692e40054541bafe8aedb710e2d7d8,buy,0xe6923e9b56db1eed1c9f430ea761da7565e260fe,0x7aa47f5b6b4f8a466e38383ad2c8fbff9391450b7b111bddc13eac8c15a7a0c7
316,231.45,0.03888434636556133,0xae4f1f3f0eb0916c8580458d69fc712133ada64c,2017-09-22T00:56:33.000Z,0.0001680032247377893,0x0f5ef870283ca2d11b0a8c52cab654585b9b60d7,buy,0xe6923e9b56db1eed1c9f430ea761da7565e260fe,0xcb71869b5a0243f10de77ebfac4c3ba8799a121502291b102b6493b67cf7a229
317,285.71,0.047999952,0x6e6c130bdc85fdc61f40920722217c5919af5a03,2017-09-22T00:51:27.000Z,0.00016800235203528053,0x0f5ef870283ca2d11b0a8c52cab654585b9b60d7,buy,0xe6923e9b56db1eed1c9f430ea761da7565e260fe,0x004a74be3aa49e25a2e01578fe0ff262954493cff82b24c8e6de3a48150252f6
318,290.94,0.0488783929457427,0xae4f1f3f0eb0916c8580458d69fc712133ada64c,2017-09-22T00:46:21.000Z,0.00016800162557827284,0x0f5ef870283ca2d11b0a8c52cab654585b9b60d7,buy,0xe6923e9b56db1eed1c9f430ea761da7565e260fe,0x2dd3b8eb2041feb5665242ed24ecdd70575f8a2ae5869cdb8ea9b0b78f76167f
319,5355,0.49266,0x9cdc370013229bf5ac914f78681d8479ab79c5a9,2017-09-21T20:33:30.000Z,0.000092,0xc5e0066acb6aa88fd00bed07425779dd850fd368,sell,0xe6923e9b56db1eed1c9f430ea761da7565e260fe,0x6466e57c41dda2673262189b16d0f8e008f0d7401d803321facb6ae8e3e967d8
320,398.79,0.036369648,0x0f5ef870283ca2d11b0a8c52cab654585b9b60d7,2017-09-21T09:50:47.000Z,0.0000912,0xeddf1956593ec725a0964401d291f4250463abaf,sell,0xe6923e9b56db1eed1c9f430ea761da7565e260fe,0xef60db399f4ed91c56b62cccfc61f9c56a3930df2bc097689150a7af97508009
321,1056.28,0.1794636013739659,0x7530f85827154ce178ff6c0710af07520663f9d5,2017-09-21T00:22:14.000Z,0.00016990154255875893,0xd07f64e867f6d06cafea2c47d2714140f03c7318,buy,0xe6923e9b56db1eed1c9f430ea761da7565e260fe,0x083ec5c4a485fa69187a4db82350f93eeeb10a415e847596634ffc832f0ff133
322,1.11,0.000101121,0x0f5ef870283ca2d11b0a8c52cab654585b9b60d7,2017-09-20T21:44:58.000Z,0.0000911,0xe939805a42fc3a732d7c6057d51b0309ed65e4dc,sell,0xe6923e9b56db1eed1c9f430ea761da7565e260fe,0xb550feb93518871336134a4f191a8b59122a031d3c75f13fc370e7fe2d78026b
323,300,0.0273303,0x9cdc370013229bf5ac914f78681d8479ab79c5a9,2017-09-20T21:40:42.000Z,0.000091101,0xe939805a42fc3a732d7c6057d51b0309ed65e4dc,sell,0xe6923e9b56db1eed1c9f430ea761da7565e260fe,0x53d8fa9bb5a608455d1a3066d72ed5cdabec970193817338a9b5818f49f01306
324,2000,0.338,0x28a65ff3ee1109e0c07a3adee9c356ae7b097fa3,2017-09-20T19:02:48.000Z,0.000169,0xd07f64e867f6d06cafea2c47d2714140f03c7318,buy,0xe6923e9b56db1eed1c9f430ea761da7565e260fe,0x9b9184e79d81a8550328af46422877c8036817eb05c223dabce7a0a9e027fa21
325,3000,0.51,0x66833b62862175dcfb470070e7595ff3fda65fbc,2017-09-20T16:21:53.000Z,0.00017,0x162724772f692e40054541bafe8aedb710e2d7d8,buy,0xe6923e9b56db1eed1c9f430ea761da7565e260fe,0xa5b35c5f1148f03cd81ca260054bb5d146a4dd37d2d16ea4f880596220660da6
326,5000,0.9,0x66833b62862175dcfb470070e7595ff3fda65fbc,2017-09-20T16:17:50.000Z,0.00018,0x15f8e988924cf1593e8d19942508d62732d38898,buy,0xe6923e9b56db1eed1c9f430ea761da7565e260fe,0xe097ab62f87cc193e9c5ac9e2ca181794605e8635b2e7a40597ce560390e97bd
327,1280,0.256,0x65919f4824cf41db56c2b4acb6a29b19aaf600a5,2017-09-20T13:15:50.000Z,0.0002,0x1fdf047bf7a114b37e7936d01e9cad754ad18803,buy,0xe6923e9b56db1eed1c9f430ea761da7565e260fe,0x3cef51e4a14b73248206e1fdb109e1a51bb0bed4bf98731a9d2f4bc47a5777b8
328,290,0.057971,0x65919f4824cf41db56c2b4acb6a29b19aaf600a5,2017-09-20T13:15:07.000Z,0.0001999,0x971f30c325d9924ad472adf0bf98702502baad93,buy,0xe6923e9b56db1eed1c9f430ea761da7565e260fe,0xd667bfc68e2417436b7897f27e50889aa9f6d1d168bbf81a732eb6fd95117ab9
329,7000,1.26,0x65919f4824cf41db56c2b4acb6a29b19aaf600a5,2017-09-20T13:03:30.000Z,0.00018,0x96a2e89eaa15f7c1991742e3b8da33cdfe84d672,buy,0xe6923e9b56db1eed1c9f430ea761da7565e260fe,0x4c1045274b77a0c13da6d7b4ed197d847b0e6e346db2cff500b83b75e28c5715
330,2500,0.2275025,0xa3721f0442923febe722592073cce2f214a508a4,2017-09-20T09:41:06.000Z,0.000091001,0x15f8e988924cf1593e8d19942508d62732d38898,sell,0xe6923e9b56db1eed1c9f430ea761da7565e260fe,0xb6b680a830e6d9ca41c29b97c4e0fee4b4c4221a8349dcf2267f1f47b040f99f
331,200,0.018412,0x3fb5df6d175b7ab55eb208d08a62ba6470ac3a3e,2017-09-20T09:38:10.000Z,0.00009206,0x15f8e988924cf1593e8d19942508d62732d38898,sell,0xe6923e9b56db1eed1c9f430ea761da7565e260fe,0xb55371467632e5b47ea193ec6500cd78301652d55b55afa3b391e005ae27c673
332,180,0.01675908,0x3fb5df6d175b7ab55eb208d08a62ba6470ac3a3e,2017-09-20T07:06:20.000Z,0.000093106,0x15f8e988924cf1593e8d19942508d62732d38898,sell,0xe6923e9b56db1eed1c9f430ea761da7565e260fe,0x0301a992b5531554b970dc5e1b541176dd8fad174ae83666672257236cba87fd
333,25000,2.275,0x4b6bbd7521586eaa26bb2730b531a1c54c9eb038,2017-09-20T06:57:14.000Z,0.000091,0x15f8e988924cf1593e8d19942508d62732d38898,sell,0xe6923e9b56db1eed1c9f430ea761da7565e260fe,0x7a91728cf93f9b95bebb489dcfe8a70cfb9bd91fa5bee9f558254fc675187d08
334,140,0.007,0x752ae7f28ce11e356fde0559be30f2b22ba9cac6,2017-09-20T03:09:25.000Z,0.00005,0x993c2449ff1947f56ff2de44ca7fd83b9d8d60fb,sell,0xe6923e9b56db1eed1c9f430ea761da7565e260fe,0xe0c95ec9f2b0f9435641e51bcbda288737696d7827cadb0f4f106037bc086877
335,700,0.0525,0xb0d2ce3e2bfbc1a47dbfe5b3eef5335284dfeb49,2017-09-20T03:07:47.000Z,0.000075,0x993c2449ff1947f56ff2de44ca7fd83b9d8d60fb,sell,0xe6923e9b56db1eed1c9f430ea761da7565e260fe,0x9bd57b6035d8c4dbdc1eb43a24d9ec1cbc75ffa14e83470307fc2b44b94d6242
336,1350,0.10125,0x979aeda7863b556d33702eacc851ebcdf4de0259,2017-09-20T03:02:04.000Z,0.000075,0x993c2449ff1947f56ff2de44ca7fd83b9d8d60fb,sell,0xe6923e9b56db1eed1c9f430ea761da7565e260fe,0x893ab774b67422dbc303b21e266dc0ce1230656fb842b5e4a14e6746ee7cd0cb
337,700,0.063,0xb0d2ce3e2bfbc1a47dbfe5b3eef5335284dfeb49,2017-09-20T03:01:02.000Z,0.00009,0x993c2449ff1947f56ff2de44ca7fd83b9d8d60fb,sell,0xe6923e9b56db1eed1c9f430ea761da7565e260fe,0x491c53beaa5449372652700c101ad8df1f6f0ef8e1b8d598700acebc7c4cafbf
338,200,0.018051,0x971f30c325d9924ad472adf0bf98702502baad93,2017-09-20T03:00:25.000Z,0.000090255,0x993c2449ff1947f56ff2de44ca7fd83b9d8d60fb,sell,0xe6923e9b56db1eed1c9f430ea761da7565e260fe,0x124e224abfab8c43eb15d013c182fce0c4b0338ff02d231a6a0deec607d52f02
339,19.42,0.0021362,0xa3721f0442923febe722592073cce2f214a508a4,2017-09-20T02:59:35.000Z,0.00011,0x993c2449ff1947f56ff2de44ca7fd83b9d8d60fb,sell,0xe6923e9b56db1eed1c9f430ea761da7565e260fe,0x5a33eee130161897f03ba9f80a8e6140205f3f9b33c08907654f03f50adcf5f7
340,6333,0.50664354648,0x28fc50a4088f19e18ec8272f5a3fcd035bc2cbe5,2017-09-20T02:58:00.000Z,0.00008000056,0x993c2449ff1947f56ff2de44ca7fd83b9d8d60fb,sell,0xe6923e9b56db1eed1c9f430ea761da7565e260fe,0x2006941ffd54630a47bc651d499fbf2e5f7635cf65daef7f36b33babca6efc36
341,90,0.00999,0x971f30c325d9924ad472adf0bf98702502baad93,2017-09-20T02:53:20.000Z,0.000111,0x993c2449ff1947f56ff2de44ca7fd83b9d8d60fb,sell,0xe6923e9b56db1eed1c9f430ea761da7565e260fe,0xcedff86d3f51a6c8081b8eb4089dcee2557ee392f4a6ef8993ec68b5ab92434c
342,20.03,0.004809379229103172,0xe939805a42fc3a732d7c6057d51b0309ed65e4dc,2017-09-19T23:02:53.000Z,0.00024010879825777195,0x162724772f692e40054541bafe8aedb710e2d7d8,buy,0xe6923e9b56db1eed1c9f430ea761da7565e260fe,0x0ee80fe181b2f801ce3888703ddf7f950b2ac15c1b4d0647c686c89ccdf76df0
343,16.23,0.00487076751598705,0xe939805a42fc3a732d7c6057d51b0309ed65e4dc,2017-09-19T22:51:32.000Z,0.0003001089042505884,0xb6d7f4b544144a202293c274d539824e34f601b6,buy,0xe6923e9b56db1eed1c9f430ea761da7565e260fe,0xea17c94d96d941ea1ecfa0df4a12d8e16dbd379d516874a70c2118e55da3af4f
344,5,0.0012,0x28fc50a4088f19e18ec8272f5a3fcd035bc2cbe5,2017-09-19T22:41:47.000Z,0.00024,0x162724772f692e40054541bafe8aedb710e2d7d8,buy,0xe6923e9b56db1eed1c9f430ea761da7565e260fe,0xa7a650a2986a898b424afc372f95ad17aba34c03b7c0c83e6d203bc6325b5246
345,83.76,0.02512923248401295,0xe939805a42fc3a732d7c6057d51b0309ed65e4dc,2017-09-19T22:35:24.000Z,0.00030001471447006864,0xb6d7f4b544144a202293c274d539824e34f601b6,buy,0xe6923e9b56db1eed1c9f430ea761da7565e260fe,0x285aa2954ebceb427b408dee64167f3a74c844046a3662cac4f158805c167cab
346,2000,0.8,0xb60d7fe4860bc77aaca445ab03502c1588164954,2017-09-19T19:26:29.000Z,0.0004,0xb60d7fe4860bc77aaca445ab03502c1588164954,buy,0xe6923e9b56db1eed1c9f430ea761da7565e260fe,0x52f42b5ad6da34ed50b234aa5a86d8e05334f4101c46065e882bcba15959e98c
347,333.33,0.999999,0xb60d7fe4860bc77aaca445ab03502c1588164954,2017-09-19T19:22:32.000Z,0.0030000270002700025,0xb60d7fe4860bc77aaca445ab03502c1588164954,buy,0xe6923e9b56db1eed1c9f430ea761da7565e260fe,0x1ace0d90fa424145b7e7a739c53bc7e767a8d8266fb32fffc7471275c487629d
348,3949.69,1.30340001,0xb60d7fe4860bc77aaca445ab03502c1588164954,2017-09-19T18:26:25.000Z,0.00033000058485602667,0xb60d7fe4860bc77aaca445ab03502c1588164954,buy,0xe6923e9b56db1eed1c9f430ea761da7565e260fe,0xb894795af5e6cc3a7b7ede6ee6e959257edf28eccf048bfb46e155cdaf27ee25
349,90,0.036,0xb60d7fe4860bc77aaca445ab03502c1588164954,2017-09-19T17:52:13.000Z,0.0004,0xb6d7f4b544144a202293c274d539824e34f601b6,buy,0xe6923e9b56db1eed1c9f430ea761da7565e260fe,0x51a8c35d42c21df67c10403fe953242b199389e3771c1f45921daa4da913b563
350,1500,0.495,0xb60d7fe4860bc77aaca445ab03502c1588164954,2017-09-19T17:51:51.000Z,0.00033,0xb60d7fe4860bc77aaca445ab03502c1588164954,buy,0xe6923e9b56db1eed1c9f430ea761da7565e260fe,0x868b57e710f1fb53806f0e75cf00a013a8b4b0ace27917f1e751565f10426cf3
351,120,0.03,0xb60d7fe4860bc77aaca445ab03502c1588164954,2017-09-19T17:51:32.000Z,0.00025,0x1fdf047bf7a114b37e7936d01e9cad754ad18803,buy,0xe6923e9b56db1eed1c9f430ea761da7565e260fe,0x99e07b9f33f38a8ea05ec38e6e0d67e4341f2ebcec48b59399be90251bdeeee2
352,100,0.032999,0xb60d7fe4860bc77aaca445ab03502c1588164954,2017-09-19T17:50:36.000Z,0.00032999,0x4c1cf5314ab59c618808860735e0e8a54f159e22,buy,0xe6923e9b56db1eed1c9f430ea761da7565e260fe,0xbcaa8912d6bd6dd10bb58d6ef0ee501eeb9b15586f90141191bd0fc0fedf6a35
353,300,0.099,0xb60d7fe4860bc77aaca445ab03502c1588164954,2017-09-19T14:53:47.000Z,0.00033,0xb60d7fe4860bc77aaca445ab03502c1588164954,buy,0xe6923e9b56db1eed1c9f430ea761da7565e260fe,0xacbf156108e92a54856a80bc150657bf6f4df107d25b2ac19c8cc16b625d4d13
354,1,0.000075,0x4b6bbd7521586eaa26bb2730b531a1c54c9eb038,2017-09-19T14:05:11.000Z,0.000075,0x4b6bbd7521586eaa26bb2730b531a1c54c9eb038,sell,0xe6923e9b56db1eed1c9f430ea761da7565e260fe,0x9b07044ed96e5b0e6dade9c3925f38057ec5bfd6f42118388c31515a55e0a659
355,0.33,0.000497956335360382,0xa1251e74695593e1627260a9b563599e8ffaff0c,2017-09-19T13:54:58.000Z,0.0015089585920011576,0xf0fb4e87833518c18cd8c84f9f5e0f30f1b23a8f,buy,0xe6923e9b56db1eed1c9f430ea761da7565e260fe,0xeeaf99dcbaca3ba432b08d191ccb99cfa809909694001d1fd3f501dc15253397
356,413.71,0.034503414,0x0f5ef870283ca2d11b0a8c52cab654585b9b60d7,2017-09-19T10:35:19.000Z,0.0000834,0x59d620b8ef893ce11ca3e3c98a8f224c99f62b6f,sell,0xe6923e9b56db1eed1c9f430ea761da7565e260fe,0x5c6cf88cf8fed307c7621a29ce381bccf713af0cd39272c0e5fca5fda66fedba
357,15000,1.35,0x1fdf047bf7a114b37e7936d01e9cad754ad18803,2017-09-19T10:30:38.000Z,0.00009,0x59d620b8ef893ce11ca3e3c98a8f224c99f62b6f,sell,0xe6923e9b56db1eed1c9f430ea761da7565e260fe,0x7b130fccff4ff07079744d652d67c8188f3a9b81a76a4970a976ee51de30fce5
358,3500,1.0499965,0x0d103ad510878adc8c4f90a4c8b1a7e7673f5929,2017-09-19T04:24:58.000Z,0.000299999,0x979aeda7863b556d33702eacc851ebcdf4de0259,buy,0xe6923e9b56db1eed1c9f430ea761da7565e260fe,0x4d16b67a518b63d0c8fc62424a5b98b4b32537df87e3942d7dada95ad70fd1ee
359,1000,0.3335,0xa1251e74695593e1627260a9b563599e8ffaff0c,2017-09-19T01:22:35.000Z,0.0003335,0xb6d7f4b544144a202293c274d539824e34f601b6,buy,0xe6923e9b56db1eed1c9f430ea761da7565e260fe,0x47e4b144f0000a1735a93ad2feb242984c5f4edab0542fcdb3551b083b81ad20
360,120,0.0396,0xb60d7fe4860bc77aaca445ab03502c1588164954,2017-09-19T00:02:01.000Z,0.00033,0xb60d7fe4860bc77aaca445ab03502c1588164954,buy,0xe6923e9b56db1eed1c9f430ea761da7565e260fe,0x67cc0ec566907a7719cc89720a4df14719b74fc88df74ecc7457cb17168843d6
361,100,0.033,0xb60d7fe4860bc77aaca445ab03502c1588164954,2017-09-18T23:59:31.000Z,0.00033,0xb60d7fe4860bc77aaca445ab03502c1588164954,buy,0xe6923e9b56db1eed1c9f430ea761da7565e260fe,0xcfef49eebb396e0b40d24af224bcb5c28b046c8bb557c272c9a5a7040954412e
362,30.3,0.00999999,0xb60d7fe4860bc77aaca445ab03502c1588164954,2017-09-18T23:56:34.000Z,0.0003300326732673267,0xb60d7fe4860bc77aaca445ab03502c1588164954,buy,0xe6923e9b56db1eed1c9f430ea761da7565e260fe,0xc855fb37c99d60f3446f0ac40fa5d5464389b7f802f65ae2aaa9f6c437257af9
363,182,0.0637,0xe939805a42fc3a732d7c6057d51b0309ed65e4dc,2017-09-18T22:29:40.000Z,0.00035,0xe466b585a09e27b9c006b6868cd116d8c4e950b7,buy,0xe6923e9b56db1eed1c9f430ea761da7565e260fe,0x17f9432bdadff42644c166a1809950269bd3bcaa9728cd27d3e926883d545a6e
364,267.1,0.08493858959410966,0xc6f781aba6232641260eb66ea49889728d244234,2017-09-18T21:51:56.000Z,0.0003180029561741283,0xd07f64e867f6d06cafea2c47d2714140f03c7318,buy,0xe6923e9b56db1eed1c9f430ea761da7565e260fe,0xa55242b163cb4f2bdaf2d3a09ca97b659c4ba481d6e73a94b18f7c2b8d409273
365,300,0.095925,0xc6f781aba6232641260eb66ea49889728d244234,2017-09-18T21:32:19.000Z,0.00031975,0x85db75eaa054cd12d04d184b137eb10523a88ce7,buy,0xe6923e9b56db1eed1c9f430ea761da7565e260fe,0xa23cea273aa69a627af22e93d26908de4729ac21349f9affe93766a239279c18
366,0.7,0.000990946309884677,0x9c74e1ce0f9c431a330ae2618e6f83b5dce642de,2017-09-18T21:30:13.000Z,0.0014156375855495385,0x9c74e1ce0f9c431a330ae2618e6f83b5dce642de,buy,0xe6923e9b56db1eed1c9f430ea761da7565e260fe,0x0f7333cc87a0c4927155b33dcbca79b4c77f1fae139b3c2e54d949eb61c64560
367,0.05,0.00000375,0x4b6bbd7521586eaa26bb2730b531a1c54c9eb038,2017-09-18T20:53:07.000Z,0.000075,0x84d7a3202156e57b98cf4685c5cda2a27bba1097,sell,0xe6923e9b56db1eed1c9f430ea761da7565e260fe,0x4ecfb3766e9c0734408bfe53dc6af85a8808ef8e589d34156ce250f1d072259a
368,1,0.000001001,0xcd1684b2241e12332f34fc7909affb50066ebd3a,2017-09-18T20:43:03.000Z,0.000001001,0x15f8e988924cf1593e8d19942508d62732d38898,sell,0xe6923e9b56db1eed1c9f430ea761da7565e260fe,0x389a951fb7a0b0099b91d4ff6fd476c10838e87011e8a302f4ba1432410570a6
369,1,0.000113,0x798e36eb201a2bbf89fc36cc46f59af3eebb6f17,2017-09-18T20:30:29.000Z,0.000113,0x15f8e988924cf1593e8d19942508d62732d38898,sell,0xe6923e9b56db1eed1c9f430ea761da7565e260fe,0xce1af1c35fb04a0a007ef059151018152c371c33407ed7c69ef0ec0c1138b4ad
370,1000,0.35,0x46e8caf110e10b5fcf27ec6fd35e66b1ab1374c9,2017-09-18T20:17:50.000Z,0.00035,0x873880b4ec6fd0d442148ca0fd8ef287e0e6c7c6,buy,0xe6923e9b56db1eed1c9f430ea761da7565e260fe,0xab0f67c5e4974903e8c327bd8bde2372f0dec20da4b8f81dfa4a4263de17c2d6
371,300,0.0989964,0xb60d7fe4860bc77aaca445ab03502c1588164954,2017-09-18T20:17:32.000Z,0.000329988,0x979aeda7863b556d33702eacc851ebcdf4de0259,buy,0xe6923e9b56db1eed1c9f430ea761da7565e260fe,0x9b2646ba46288f6de512ee0a753a4e2b4c9b7563da1085cf538ceda535234b36
372,976.93,0.34094857,0x46e8caf110e10b5fcf27ec6fd35e66b1ab1374c9,2017-09-18T20:15:58.000Z,0.000349,0xb6d7f4b544144a202293c274d539824e34f601b6,buy,0xe6923e9b56db1eed1c9f430ea761da7565e260fe,0x66e09a4068ad337ef489071b13d86295de37b497b431e8b1e52933c4861a7445
373,496,0.16864,0x46e8caf110e10b5fcf27ec6fd35e66b1ab1374c9,2017-09-18T20:12:56.000Z,0.00034,0x873880b4ec6fd0d442148ca0fd8ef287e0e6c7c6,buy,0xe6923e9b56db1eed1c9f430ea761da7565e260fe,0xb3c0dfbdbcbbd24cf77b821ef9c72a6731bbe3e251ecc0e15fe83e0b4724586d
374,584.79,0.19999989,0xb60d7fe4860bc77aaca445ab03502c1588164954,2017-09-18T18:55:23.000Z,0.00034200292412660954,0xf4c8afc7816444991714c27cf2d1f4af7c2a329a,buy,0xe6923e9b56db1eed1c9f430ea761da7565e260fe,0xd7ecac0747778023439158139785b4b9487b10f1023f11f59841b30fa3dad67f
375,500,0.15,0xb60d7fe4860bc77aaca445ab03502c1588164954,2017-09-18T18:46:03.000Z,0.0003,0x873880b4ec6fd0d442148ca0fd8ef287e0e6c7c6,buy,0xe6923e9b56db1eed1c9f430ea761da7565e260fe,0xcf9ba413aa60e4354b232dfbaa90433f55fec540a471877d7dfb1e506ce565e3
376,1000,0.3,0xb60d7fe4860bc77aaca445ab03502c1588164954,2017-09-18T18:32:17.000Z,0.0003,0x873880b4ec6fd0d442148ca0fd8ef287e0e6c7c6,buy,0xe6923e9b56db1eed1c9f430ea761da7565e260fe,0x7d08f341ff41ee854c5fd131d90c8294bee378839ef8ebce52093974f0cf4a6c
377,1000,0.3,0xb60d7fe4860bc77aaca445ab03502c1588164954,2017-09-18T18:31:58.000Z,0.0003,0xb6d7f4b544144a202293c274d539824e34f601b6,buy,0xe6923e9b56db1eed1c9f430ea761da7565e260fe,0x71b6e1a68a550b644297c85a5613a209c2824c798e006684bf40be5bf1aa2ad5
378,500,0.15,0xb60d7fe4860bc77aaca445ab03502c1588164954,2017-09-18T18:31:58.000Z,0.0003,0xb6d7f4b544144a202293c274d539824e34f601b6,buy,0xe6923e9b56db1eed1c9f430ea761da7565e260fe,0xaf400b9b85739339379a9bd4ed938083e12825abfdbd2b8f8680b919f929d41c
379,2345.64,0.53949927,0xb60d7fe4860bc77aaca445ab03502c1588164954,2017-09-18T18:31:28.000Z,0.0002300008824883614,0x0f5ef870283ca2d11b0a8c52cab654585b9b60d7,buy,0xe6923e9b56db1eed1c9f430ea761da7565e260fe,0x8c4b26db0331a3d2168b103c7b1ddb1f0625ce01e439dc56ccc54a820c4a2b58
380,1004,0.23092,0xa3721f0442923febe722592073cce2f214a508a4,2017-09-18T17:55:50.000Z,0.00023,0x0f5ef870283ca2d11b0a8c52cab654585b9b60d7,buy,0xe6923e9b56db1eed1c9f430ea761da7565e260fe,0xeadd3f9e08eef547e24646532f3ebe1bbe2331085945525e6f1f6247dcecd2c0
381,0.35,0.000080698892078258,0xa3721f0442923febe722592073cce2f214a508a4,2017-09-18T17:50:48.000Z,0.00023056826308073713,0x0f5ef870283ca2d11b0a8c52cab654585b9b60d7,buy,0xe6923e9b56db1eed1c9f430ea761da7565e260fe,0xfd589dbc64eb8f16555ee6448d6297ae74f15da63f1d88e8a23eaba01c1a8077
382,500,0.15,0xb60d7fe4860bc77aaca445ab03502c1588164954,2017-09-18T17:48:37.000Z,0.0003,0xb6d7f4b544144a202293c274d539824e34f601b6,buy,0xe6923e9b56db1eed1c9f430ea761da7565e260fe,0x55b0921f30c332359e1cec9cda625668b832147b08ffdc12c3be71c1f490e1d0
383,150,0.0447,0xb60d7fe4860bc77aaca445ab03502c1588164954,2017-09-18T17:47:16.000Z,0.000298,0x3fb5df6d175b7ab55eb208d08a62ba6470ac3a3e,buy,0xe6923e9b56db1eed1c9f430ea761da7565e260fe,0x3cea7e1c423a6c48ca9d9f1865cfe631e004b482e1327741a6701d4dd769ce99
384,1000,0.22,0xb60d7fe4860bc77aaca445ab03502c1588164954,2017-09-18T17:47:16.000Z,0.00022,0x873880b4ec6fd0d442148ca0fd8ef287e0e6c7c6,buy,0xe6923e9b56db1eed1c9f430ea761da7565e260fe,0x77dde1493575daf7d8fecb7d6cb24986617a70093ceeb77594120a8441334617
385,1000,0.23,0xb60d7fe4860bc77aaca445ab03502c1588164954,2017-09-18T17:46:09.000Z,0.00023,0x0f5ef870283ca2d11b0a8c52cab654585b9b60d7,buy,0xe6923e9b56db1eed1c9f430ea761da7565e260fe,0x0502b806c6def5489aa62e8baf6c78a9bed4940787093f499fb3a9b0f9c9fd95
386,500,0.145,0xb60d7fe4860bc77aaca445ab03502c1588164954,2017-09-18T17:46:09.000Z,0.00029,0x3148839bfaaeee3f67ff28a5b8daa97277c34480,buy,0xe6923e9b56db1eed1c9f430ea761da7565e260fe,0xdd9b10a3dfdcb9afc886a1501bc3b6504f29abf7b687b581f0aa6cf37df5cd11
