,amount,amountBase,buyer,date,price,seller,side,tokenAddr,txHash
0,49,0.0196,0x62f970b4d6bb5f1172b9f00ca54bddafe0784207,2017-11-02T13:25:27.000Z,0.0004,0xd26fb8f0e0010dac8bf620d15bb76f7753d918a0,buy,0xdd6c68bb32462e01705011a4e2ad1a60740f217f,0x09f7aec7fb919bac371cfab7f75e8fccd067f6a50383cf7296bf4737f7bdb6d3
1,727.7439936197787,0.26562655767121923,0xc53c099b03e3811d8b70cf27997f6c389db8de6d,2017-11-02T12:27:03.000Z,0.000365,0xb7cfda0bff90d7a0af70328c55545346b4441090,sell,0xdd6c68bb32462e01705011a4e2ad1a60740f217f,0xe72936470adac40b502870f9047114440874cc5457f58be1b54cf5a1fab46fed
2,1.04602510460251,0.0005,0x4fda9e6bcd83af6c5cc771b5d20accc2b7720074,2017-11-02T11:40:21.000Z,0.00047800000000000023,0x14d6a9617a144ac2ee29a309862a3d88ba2820d6,buy,0xdd6c68bb32462e01705011a4e2ad1a60740f217f,0x1ad9ed4330832d9d4bbda7429b22d2572333618a52d651072fd7ba5bfcdb82d0
3,1.04602510460251,0.0005,0x3075f7f189912f4f425dd7021b9c396434197477,2017-11-02T11:27:57.000Z,0.00047800000000000023,0x14d6a9617a144ac2ee29a309862a3d88ba2820d6,buy,0xdd6c68bb32462e01705011a4e2ad1a60740f217f,0xd008e369c4293407b3810a75b22463c3020cfb5604414cdc48ed65420541a42a
4,300,0.1083,0x34eec67ff1ae5febe8b32f6aa73f581ef410f2dd,2017-11-02T02:10:11.000Z,0.000361,0x1863b934fac5c420ba55b0089eccd7c5e500e0f0,sell,0xdd6c68bb32462e01705011a4e2ad1a60740f217f,0x578f265917c1cf2cfbf714e34288a9ff7a24af847383c182977de10d3dce7a43
5,666.725,0.240688391725,0x6937ef203de9fefb2110ed968fb261721fb50a01,2017-11-02T02:09:52.000Z,0.000361001,0x1863b934fac5c420ba55b0089eccd7c5e500e0f0,sell,0xdd6c68bb32462e01705011a4e2ad1a60740f217f,0xed3bf2c86ff4d04870313e11f948b074e5577223bbe6816c91738ff33fc513eb
6,333.274847971289,0.1203125533924833,0x6937ef203de9fefb2110ed968fb261721fb50a01,2017-11-01T22:20:36.000Z,0.000361001,0xdd3aa93c2f291e77b31a9fabf2d818a9908f6d74,sell,0xdd6c68bb32462e01705011a4e2ad1a60740f217f,0x73ce3469c96377387c9e1e1982f40a55b121734a8d1fe4cef2ccb617e6da97e4
7,564,0.204168,0x88650fdbfbb5c7933eb52008c4387050b963747d,2017-11-01T22:18:28.000Z,0.000362,0xdd3aa93c2f291e77b31a9fabf2d818a9908f6d74,sell,0xdd6c68bb32462e01705011a4e2ad1a60740f217f,0x32329c74604c5e21621a2cb926dc87873cea0f26951cae4febcf51212b8855b8
8,100,0.048,0x62f970b4d6bb5f1172b9f00ca54bddafe0784207,2017-11-01T18:25:57.000Z,0.00048,0xbabfddc41cf17038132e6dbb6401f65337cc0849,buy,0xdd6c68bb32462e01705011a4e2ad1a60740f217f,0x6dfa83308b007e771ddcd369af53099ba5cd173f0c0f8a6b75f7381b101ac621
9,435.8957232579005,0.15779425181936,0x88650fdbfbb5c7933eb52008c4387050b963747d,2017-11-01T16:24:10.000Z,0.000362,0x840a38ba9321307976e648d3cd8c88d873cd61e2,sell,0xdd6c68bb32462e01705011a4e2ad1a60740f217f,0x49e6e016c2e03f204f855c0e24997da30ce95342b003ca62064d6b12451ad636
10,317.77,0.1398188,0x3af051066cbddc1c00b7442f61848a94b1044bdf,2017-11-01T09:42:44.000Z,0.00044,0x632d7de0037bca4cdb13a4189473b7489e051dee,buy,0xdd6c68bb32462e01705011a4e2ad1a60740f217f,0x466d47bf068c13d5d76a38e0aae78710448327cc297cd43fc17cb7aa973ec299
11,50,0.022,0x62f970b4d6bb5f1172b9f00ca54bddafe0784207,2017-11-01T08:45:14.000Z,0.00044,0x632d7de0037bca4cdb13a4189473b7489e051dee,buy,0xdd6c68bb32462e01705011a4e2ad1a60740f217f,0xeaf61f29229006cb41c43920563eb7214ad67821cda7aba432894c5842658eaa
12,2000,0.96,0x86348f6d11893768fc8cbad8084d021c33895cec,2017-11-01T08:15:45.000Z,0.00048,0x1b5ffbf8985a3476bb5f5a6045b77f7ec2242fe9,buy,0xdd6c68bb32462e01705011a4e2ad1a60740f217f,0x75132d3b4e42710645ab584fdb684e13f87b50f6d8cdd4a34dc4d6c18fe2c16e
13,367.7599441730635,0.13243035589672017,0x632d7de0037bca4cdb13a4189473b7489e051dee,2017-11-01T07:07:23.000Z,0.00036009999999999997,0x913a31cec69b0417369851d573c2d8ec9556b0dc,sell,0xdd6c68bb32462e01705011a4e2ad1a60740f217f,0xabe2ceeabcf1ecee19527f9576aa86dddc18dc1131045f4e264d5d0b7c086a2d
14,1000,0.36789,0x6937ef203de9fefb2110ed968fb261721fb50a01,2017-11-01T07:05:40.000Z,0.00036789,0x913a31cec69b0417369851d573c2d8ec9556b0dc,sell,0xdd6c68bb32462e01705011a4e2ad1a60740f217f,0xfe7b751bea2c0d4e2745cee56f10968c16d7100eb34cb09970abf6ca94c2316b
15,100,0.037,0xd3f904b74cee33469893dacf6f7890c6e7fc976c,2017-11-01T07:03:01.000Z,0.00037,0x913a31cec69b0417369851d573c2d8ec9556b0dc,sell,0xdd6c68bb32462e01705011a4e2ad1a60740f217f,0xfefcd58e3dce2455d5bf4d11c28a2386b03a8037ddff28484af8d201dfeeb9df
16,2600,0.988,0x07e69ddcb6709f5b61353c0ed62d227996d617f9,2017-11-01T07:01:32.000Z,0.00038,0x913a31cec69b0417369851d573c2d8ec9556b0dc,sell,0xdd6c68bb32462e01705011a4e2ad1a60740f217f,0x7e48a04f9e613b14f27f71b47a3688d6adfa3b6bb388ca2bf6d02c1098e396fd
17,5.609,0.002697929,0x34eec67ff1ae5febe8b32f6aa73f581ef410f2dd,2017-11-01T06:30:29.000Z,0.000481,0xbabfddc41cf17038132e6dbb6401f65337cc0849,sell,0xdd6c68bb32462e01705011a4e2ad1a60740f217f,0x7d70ec7f4c361303330db169f16da6eab27464827de5a7475de79d36161b5858
18,51.8494174293227,0.024939569783504218,0x826dc38d0c43b303fa28dc4fde9d8c426b75ebf2,2017-11-01T03:01:29.000Z,0.000481,0xfd2418617b08030afb197f64ec6325673b539f7c,buy,0xdd6c68bb32462e01705011a4e2ad1a60740f217f,0x7e68e06d56ebd566fa85612fdb384b5664f2a27bb07ed3f588e38ba50f4892ae
19,136.85621263893515,0.050773654889044936,0x88650fdbfbb5c7933eb52008c4387050b963747d,2017-11-01T02:16:12.000Z,0.00037099999999999996,0xc91ab57ef5f66c3f117540472f62178f9b565073,sell,0xdd6c68bb32462e01705011a4e2ad1a60740f217f,0x49fbb765498f2dfff6c1ec4c2a4dfbd75061e9d0b3456f446f064cd3b3576c96
20,500,0.24,0x4f1e07dcacbc47616e0934da45123fb5ffc57599,2017-11-01T02:14:21.000Z,0.00048,0xc91ab57ef5f66c3f117540472f62178f9b565073,sell,0xdd6c68bb32462e01705011a4e2ad1a60740f217f,0x0e4b545209af6fd2ce1d08dc15b8d740eb4f9809970df20627204255f9453fac
21,3740.7089811584087,1.7980465859734125,0x14a762928e0fb1834fc26673ea4d16c07cf2dccb,2017-11-01T02:12:41.000Z,0.00048067,0xc91ab57ef5f66c3f117540472f62178f9b565073,sell,0xdd6c68bb32462e01705011a4e2ad1a60740f217f,0x5c27c3f5f2702549b13db111d425a38fcab2f98dac185595725009685b579bc9
22,1000,0.481,0x34eec67ff1ae5febe8b32f6aa73f581ef410f2dd,2017-11-01T02:09:56.000Z,0.000481,0xc91ab57ef5f66c3f117540472f62178f9b565073,sell,0xdd6c68bb32462e01705011a4e2ad1a60740f217f,0x6807e18ae74a2287cae8ff13e7a8b84660776b4818bfa00a0a073b94e2109f87
23,604.475,0.290752475,0x3d68a942c3b86c63aa8b0723decc3392c6cc919e,2017-11-01T02:08:27.000Z,0.000481,0xc91ab57ef5f66c3f117540472f62178f9b565073,sell,0xdd6c68bb32462e01705011a4e2ad1a60740f217f,0xaf0fd1e3748d5fd2a212d385a353290b5a185d5915abc39ab0fa6d7e2f6c07d2
24,139.56734124214933,0.06713189113747384,0x3d68a942c3b86c63aa8b0723decc3392c6cc919e,2017-10-31T21:51:15.000Z,0.000481,0xbe777d408431272e371fdd81b32087333310fe05,sell,0xdd6c68bb32462e01705011a4e2ad1a60740f217f,0xcc6a382b00a6e52b275ffafde0635114c0d09068a70f056d71cd587860e576d8
25,5660,2.9998,0x50ad37dee9ba345297bca15638a0766d126e7f58,2017-10-31T18:45:22.000Z,0.00053,0xbe777d408431272e371fdd81b32087333310fe05,buy,0xdd6c68bb32462e01705011a4e2ad1a60740f217f,0x2bd8c78d89aa6e23b7b07ea08b813f22a2c1809f5230c4952251d9805e54e638
26,5255.957531651879,2.5281155727245537,0x3d68a942c3b86c63aa8b0723decc3392c6cc919e,2017-10-31T15:02:39.000Z,0.000481,0x12a1e8f498501c2cce0967f8b9717b28492fc668,sell,0xdd6c68bb32462e01705011a4e2ad1a60740f217f,0x476eb8044dd8c32a55963c67f26e836b0dee584c2cf72a82fd5545dfe83521e6
27,259.29101884159104,0.12463341402658758,0x14a762928e0fb1834fc26673ea4d16c07cf2dccb,2017-10-31T11:37:06.000Z,0.00048067,0x3285de43ad6ad897cfdf0e48808b2aaca3df871d,sell,0xdd6c68bb32462e01705011a4e2ad1a60740f217f,0xc6a647c70fe58abf467d3f933e803ee649c50add6f18c45d8da8e9ecf23ee544
28,1000,0.481,0x34eec67ff1ae5febe8b32f6aa73f581ef410f2dd,2017-10-31T11:34:54.000Z,0.000481,0x3285de43ad6ad897cfdf0e48808b2aaca3df871d,sell,0xdd6c68bb32462e01705011a4e2ad1a60740f217f,0xd69b6d53d0e4a1b20ee0267d23caf9b87187090ce84cc9e7d4da7b598e124d8d
29,994.3907268818532,0.4783019396301714,0x34eec67ff1ae5febe8b32f6aa73f581ef410f2dd,2017-10-31T09:54:09.000Z,0.000481,0xa318d8edbe3f6c47c5b03193b9a9f079abcf92fc,sell,0xdd6c68bb32462e01705011a4e2ad1a60740f217f,0x034004697987c4cb8b3582abb6b698d492b65bdac8ddc94303fa7a1b29b0b5b8
30,1000,0.482,0x34eec67ff1ae5febe8b32f6aa73f581ef410f2dd,2017-10-31T09:41:18.000Z,0.000482,0xa318d8edbe3f6c47c5b03193b9a9f079abcf92fc,sell,0xdd6c68bb32462e01705011a4e2ad1a60740f217f,0x9285af29bc21abb4233119097d6d6db9e528097e0d34f03b0f3d0a369ac8eb65
31,837.393,0.403623426,0x34eec67ff1ae5febe8b32f6aa73f581ef410f2dd,2017-10-31T04:48:14.000Z,0.000482,0x3285de43ad6ad897cfdf0e48808b2aaca3df871d,sell,0xdd6c68bb32462e01705011a4e2ad1a60740f217f,0xb87f1770842b893426979be2121ae8c5f2728a7ff0445b3961b5de1adb9f765c
32,0.007,0.000003374,0x34eec67ff1ae5febe8b32f6aa73f581ef410f2dd,2017-10-31T04:45:00.000Z,0.000482,0x508e4a96dab9bd044d0bb654d623c4ef663dfc35,sell,0xdd6c68bb32462e01705011a4e2ad1a60740f217f,0xb623a0302d8a08678e95c84137b7ed95b0d1215e7be066e9cc5cdfdda7283139
33,0.733202657,0.000353403680674,0x34eec67ff1ae5febe8b32f6aa73f581ef410f2dd,2017-10-31T04:40:37.000Z,0.000482,0xe444a40689f51f63bcd29910622035707d533d29,sell,0xdd6c68bb32462e01705011a4e2ad1a60740f217f,0xd7bb78110b834b856d4be8a21aaa3d63f995d17e07881e83d130bbdec91eb024
34,161.8667506559066,0.07801977381614698,0x34eec67ff1ae5febe8b32f6aa73f581ef410f2dd,2017-10-31T03:49:45.000Z,0.000482,0x2dd2fa545e53712d50fa4ae81743cce8bf560ab9,sell,0xdd6c68bb32462e01705011a4e2ad1a60740f217f,0x829bb33ada885687663e3d00c1b84adf9f8581055abea3f4f99536f4a5ebdb98
35,1704.517908690987,0.8863493125193133,0x0e51b5ca13953f92dc239ac475aebd7c80834746,2017-10-31T03:49:05.000Z,0.00052,0x2dd2fa545e53712d50fa4ae81743cce8bf560ab9,sell,0xdd6c68bb32462e01705011a4e2ad1a60740f217f,0xb0cd07fbc27b16716188e35ce48509a139e604f5829d9165b9864d4eec0b61d2
36,731.7446218431065,0.38050720335841537,0x0e51b5ca13953f92dc239ac475aebd7c80834746,2017-10-31T03:26:37.000Z,0.00052,0xff751bf33f82287f184ea88dfb1b125410c3f79b,sell,0xdd6c68bb32462e01705011a4e2ad1a60740f217f,0xd068d95853ef50db814a614fdd0548dd3e58b11971c527b43300ac253ac58852
37,1276.0293645910185,0.6635352695873297,0x0e51b5ca13953f92dc239ac475aebd7c80834746,2017-10-31T03:20:54.000Z,0.00052,0xefce3bcb52b7b8e2c2e3e852ec0bb299740e3b48,sell,0xdd6c68bb32462e01705011a4e2ad1a60740f217f,0x73573bcee9c64c67abeb0e28d24d33d91bd301362c476fea0340fdc98c6b0a25
38,1638.1716678297278,0.8518492672714585,0x0e51b5ca13953f92dc239ac475aebd7c80834746,2017-10-30T19:46:46.000Z,0.00052,0x5a9b2366b9d1bcd9cea569ed64c8cf9eeb600177,sell,0xdd6c68bb32462e01705011a4e2ad1a60740f217f,0x03f9349fdb434a75ab44b291a9448a628950db1e99b9fd4cc0ba0488c6b76900
39,149.53643704516,0.0777589472634832,0x0e51b5ca13953f92dc239ac475aebd7c80834746,2017-10-30T19:43:03.000Z,0.00052,0x9d413c9f3650b2d7a264373bc89c457a05dedcae,sell,0xdd6c68bb32462e01705011a4e2ad1a60740f217f,0x9edfb42ab2c9f33436c8c338a8e3e898cbd9578e419e61a7a5400fbce3b712bc
40,80,0.04312,0x0e51b5ca13953f92dc239ac475aebd7c80834746,2017-10-30T19:07:41.000Z,0.000539,0x1099b992dffe76b4bdface01f3516aaca6309544,buy,0xdd6c68bb32462e01705011a4e2ad1a60740f217f,0x6eb33b9843f262d4889ca46c1527cde07159d5bcc6a6e5b0c6e89eaeb81adbaf
41,6427.466183775897,3.0851837682124303,0x3d68a942c3b86c63aa8b0723decc3392c6cc919e,2017-10-30T18:20:45.000Z,0.00048,0x6ef6e0031e822a76777323c8cb3e5ed109b189a8,sell,0xdd6c68bb32462e01705011a4e2ad1a60740f217f,0x36da1d2be15da06523972809a1832e5e40c1b4d9d097392d4e78539a07951c63
42,4733.381351869933,2.2720230488975677,0x3d68a942c3b86c63aa8b0723decc3392c6cc919e,2017-10-30T18:18:43.000Z,0.00048,0xa318d8edbe3f6c47c5b03193b9a9f079abcf92fc,sell,0xdd6c68bb32462e01705011a4e2ad1a60740f217f,0x4fd7f9dad9933a98ee75978e135af1be48829d93b8669c3770646d94c55ad37e
43,389.7758384239989,0.18904128163563946,0x34eec67ff1ae5febe8b32f6aa73f581ef410f2dd,2017-10-30T18:17:11.000Z,0.00048499999999999997,0xa318d8edbe3f6c47c5b03193b9a9f079abcf92fc,sell,0xdd6c68bb32462e01705011a4e2ad1a60740f217f,0x4e33d442d905eea043aafd926e4c9c36e92a652e21c573e6a407f07711f39d8d
44,422.34741452037827,0.20483849604238344,0x34eec67ff1ae5febe8b32f6aa73f581ef410f2dd,2017-10-30T18:06:13.000Z,0.00048499999999999997,0xcf92083ba95fd470e0983f70805b24a2fd1d8340,sell,0xdd6c68bb32462e01705011a4e2ad1a60740f217f,0xf5d752bad154fce008090ed3fce9a5c945d59ca35bc0978ebecd4ad25403f9f8
45,572.1947243216437,0.27894492810680127,0x1804111464a198d8b0450bdbf7cb9fd65a903baf,2017-10-30T18:02:48.000Z,0.0004875,0xcf92083ba95fd470e0983f70805b24a2fd1d8340,sell,0xdd6c68bb32462e01705011a4e2ad1a60740f217f,0x0eec052a7ba85a2cb477b1650990cfeebf4ae483a0b9d116cf036a1565deeb54
46,187.87674705562287,0.09112022232197708,0x34eec67ff1ae5febe8b32f6aa73f581ef410f2dd,2017-10-30T15:55:44.000Z,0.00048499999999999997,0xad5b3fbc469313e21efe4117627a658424091b0a,sell,0xdd6c68bb32462e01705011a4e2ad1a60740f217f,0x0bb5a3b33993f36d0366486b88b900b139e0c1a3d786e436ab362ce2152215be
47,46.854750274150135,0.02284169075864819,0x1804111464a198d8b0450bdbf7cb9fd65a903baf,2017-10-30T13:39:55.000Z,0.0004875,0x813078b302a6de97ce32e3c7a6bd61e2ffd80eb2,sell,0xdd6c68bb32462e01705011a4e2ad1a60740f217f,0x6f74a24a608b221b33c8e5528f23b1d001df282e8176ce9fcbc7c830eeed1b2f
48,289.1260698653037,0.1387805135353458,0x3d68a942c3b86c63aa8b0723decc3392c6cc919e,2017-10-30T10:42:13.000Z,0.00048,0xad7944e6baa2ffcfbe96329f07b3bef456d18287,sell,0xdd6c68bb32462e01705011a4e2ad1a60740f217f,0xbb2d4aa973bb094874bf41af7140fa8784225b38ed35e5df34340616afaf2ea2
49,3736.4395668424304,1.7934909920843665,0x3d68a942c3b86c63aa8b0723decc3392c6cc919e,2017-10-30T10:32:19.000Z,0.00048,0x477c16fbe9c0a603d8e4b860f039e29dd43feff2,sell,0xdd6c68bb32462e01705011a4e2ad1a60740f217f,0x939f136d660eb6e70888850bfb760bd947afcc38dbb186d5da11b324ac714dbe
50,156,0.07799844,0x6031d595272cb28cfc807c1cbd85974f050ac4ec,2017-10-30T10:06:51.000Z,0.00049999,0xdb33e22841b915af41c8c3098bf15aea5a19db7c,buy,0xdd6c68bb32462e01705011a4e2ad1a60740f217f,0xea76664eb784e42f14f00014c89f1f430c8796bf7d0d1d358f7c2c9f74885111
51,2049.4181324864826,0.9693747766661063,0x6031d595272cb28cfc807c1cbd85974f050ac4ec,2017-10-30T09:07:11.000Z,0.000473,0xfbf7dc0756a9768d0c71aea5f8421f3b1eaee7d1,sell,0xdd6c68bb32462e01705011a4e2ad1a60740f217f,0x2da204186bf3b7daa430a2a7ad4d7a9ff9cb5564e02ae8b59c4a6a7d9564b021
52,156.84378426876683,0.07372049970092713,0xdb33e22841b915af41c8c3098bf15aea5a19db7c,2017-10-30T07:16:01.000Z,0.000470025,0xe525f5fb6bfbbcb44b502714e454503a443dac4c,sell,0xdd6c68bb32462e01705011a4e2ad1a60740f217f,0xd8d3575f22c9a272833ef6b246de550031ae3ffe93e851eb8908ca3cc1d72a99
53,890,0.4272,0x00d7cd5fe6f0150ac273571425b673c7caf14dc2,2017-10-30T07:14:50.000Z,0.00048,0xe525f5fb6bfbbcb44b502714e454503a443dac4c,sell,0xdd6c68bb32462e01705011a4e2ad1a60740f217f,0xf6c1bf049bdba150cfb03a6572953a151aadbbe47bfc740f26efc5766f11ccc3
54,2015.2534742119985,0.8564827265400994,0xfbf7dc0756a9768d0c71aea5f8421f3b1eaee7d1,2017-10-30T05:55:57.000Z,0.000425,0xaaa8a090e78724c8e3f3de407205fff160017568,sell,0xdd6c68bb32462e01705011a4e2ad1a60740f217f,0x39a8b9c1f11ddef98c6767d30191ca3936880ab41b779453ce2b6766c3f5b6d1
55,103,0.048513,0x3285de43ad6ad897cfdf0e48808b2aaca3df871d,2017-10-30T05:10:19.000Z,0.000471,0xaaa8a090e78724c8e3f3de407205fff160017568,sell,0xdd6c68bb32462e01705011a4e2ad1a60740f217f,0xda7395b95bf6262e0fd42c2936c50a68b189d1e040acadb1c83dc748461fc8f2
56,1872.34,0.8799998,0xb2610874ca3af074b5d3b8d23f590065a427f9ee,2017-10-30T05:09:50.000Z,0.00047,0xaaa8a090e78724c8e3f3de407205fff160017568,sell,0xdd6c68bb32462e01705011a4e2ad1a60740f217f,0x210e5d2d068afec8996ad7f5223e3bda6a9eb154161ee07546dad25ddefe84f3
57,6477.799820556275,3.0704771149436745,0x5bfb9ddbb581434996e250d787d31e011bc1de98,2017-10-30T05:09:27.000Z,0.000474,0xaaa8a090e78724c8e3f3de407205fff160017568,sell,0xdd6c68bb32462e01705011a4e2ad1a60740f217f,0x4a330acc476a9ba993ddf8ffba39f8a2e27ed88a88df519476c01327a52ef3df
58,40,0.01904,0xfbf7dc0756a9768d0c71aea5f8421f3b1eaee7d1,2017-10-30T03:58:44.000Z,0.000476,0xcf5fa18052eb3df849096fa5718f123ad31cbe9f,buy,0xdd6c68bb32462e01705011a4e2ad1a60740f217f,0x6ac3d27d57bb2477092c2cd1d37541550899630b952226eab22fec21c5b29a54
59,1.0606478436,0.0005048683735536,0x2b5ed4b7619e845766c3ac8aa0d6e922540d6882,2017-10-30T02:28:32.000Z,0.000476,0x379374d13077e8867ef31803c37baf9785a17c00,sell,0xdd6c68bb32462e01705011a4e2ad1a60740f217f,0x9864a24d8760ea5b39f2c3dc8430053039b923dca28386b00daca1aea0b9b648
60,299.07287409032,0.1423586880669923,0x2b5ed4b7619e845766c3ac8aa0d6e922540d6882,2017-10-29T22:09:39.000Z,0.00047599999999999997,0x09c936e7acc1dfa2003d1e41240de860a1c7875e,sell,0xdd6c68bb32462e01705011a4e2ad1a60740f217f,0x16978022aec0ca6f3cb4233419e9f31924fee37583a1577058e5fb01cd9e26bc
61,433.655667430964,0.2059864420297079,0x8909e1a4f31fc2214ea6c4a917268b833b00c000,2017-10-29T20:40:05.000Z,0.000475,0x5acca8e15f3ab7a93e49e77487e1e4e623b94148,sell,0xdd6c68bb32462e01705011a4e2ad1a60740f217f,0x4acfde4e5eb8ee7e63eb9449edf78665fda0fdc0ad58dd275f912daaf26f0c40
62,892.2001794437244,0.4229028850563254,0x5bfb9ddbb581434996e250d787d31e011bc1de98,2017-10-29T17:47:16.000Z,0.000474,0x824f9b6077e3053b16ee5460965c8fd0aab48681,sell,0xdd6c68bb32462e01705011a4e2ad1a60740f217f,0x730af7c9cf417e3a29f74ddabcf78729024ceda6252fc49dc8c8ed0ecb15313e
63,150,0.07125,0x9d413c9f3650b2d7a264373bc89c457a05dedcae,2017-10-29T17:45:54.000Z,0.000475,0x824f9b6077e3053b16ee5460965c8fd0aab48681,sell,0xdd6c68bb32462e01705011a4e2ad1a60740f217f,0x8f2daf4509768cfcac6e569b6a1d39bdd0b9b2f33f0b2e2bf98c325046e1b20e
64,528,0.2502720528,0x6937ef203de9fefb2110ed968fb261721fb50a01,2017-10-29T17:45:54.000Z,0.0004740001,0x824f9b6077e3053b16ee5460965c8fd0aab48681,sell,0xdd6c68bb32462e01705011a4e2ad1a60740f217f,0xfabac4f886b587cb2cb8e979e850ca0ce824c421961d1890de50f46f9bec4709
65,188.44382414515005,0.08894550384089323,0xad5b3fbc469313e21efe4117627a658424091b0a,2017-10-29T14:53:19.000Z,0.0004720001,0xb622dd83e08f62d823eb7f622f96ee1d853d2ba5,sell,0xdd6c68bb32462e01705011a4e2ad1a60740f217f,0x4c18fcea2ec8ef5ed8d3aa18e19ea19a523d226a44fcdc49c050ce96e4cb13e8
66,180.8616293367575,0.09043081466837875,0x34eec67ff1ae5febe8b32f6aa73f581ef410f2dd,2017-10-29T11:05:11.000Z,0.0005,0x2caa8caf504397d53933514a10e1330b04bf14f0,buy,0xdd6c68bb32462e01705011a4e2ad1a60740f217f,0x6b742cc92c1f0d669c5b5f9676f2eaf70beb88c6e216f205075162573d413fda
67,66394.46840030646,33.19723420015323,0x5d0195444d98a66eb3e5412cf186cffeeaf7584d,2017-10-29T11:03:20.000Z,0.0005,0x2caa8caf504397d53933514a10e1330b04bf14f0,buy,0xdd6c68bb32462e01705011a4e2ad1a60740f217f,0x4df2eb34edfe055ffa451aa131377e63d3d57c08a19c53d0c98461409c4780d9
68,51,0.0255,0xe28fd3070b9e93c993841aca34eb2cce243e64bf,2017-10-29T10:25:20.000Z,0.0005,0x62f970b4d6bb5f1172b9f00ca54bddafe0784207,sell,0xdd6c68bb32462e01705011a4e2ad1a60740f217f,0x6956bcf77df63bea86c8a0aca9d845c332c49af35000ab591e0cbefb66cfc23f
69,300,0.15,0x62f970b4d6bb5f1172b9f00ca54bddafe0784207,2017-10-29T09:45:15.000Z,0.0005,0x2caa8caf504397d53933514a10e1330b04bf14f0,buy,0xdd6c68bb32462e01705011a4e2ad1a60740f217f,0x646a3371eb178f111b981e053bc6ead39da3350b5bde48ca158b5dd040eaa5d7
70,1100,0.55,0x10c00bfe152ff45d99bfb9a5da1859b67d007f0d,2017-10-29T09:43:48.000Z,0.0005,0x62f970b4d6bb5f1172b9f00ca54bddafe0784207,sell,0xdd6c68bb32462e01705011a4e2ad1a60740f217f,0x4d3a9dfcfee5b2e2fffbd65093c84971bd884e461800a034cc29b67936eebb35
71,1136.2126485752804,0.5681063242876402,0x62f970b4d6bb5f1172b9f00ca54bddafe0784207,2017-10-29T09:42:24.000Z,0.0005,0x2caa8caf504397d53933514a10e1330b04bf14f0,buy,0xdd6c68bb32462e01705011a4e2ad1a60740f217f,0xae809205abcbc30831669f62b16292f19d6b0b25868bb14fc2f3632ac298279e
72,6000,3,0xc5d8c4dddc5e9cb21f7e1af1175da93d02794723,2017-10-29T09:19:47.000Z,0.0005,0x2caa8caf504397d53933514a10e1330b04bf14f0,buy,0xdd6c68bb32462e01705011a4e2ad1a60740f217f,0x2fbd150c9e70998c8c00b1f15cd082fc43950c3baa73aa7cd19716b85b485543
73,137.731,0.069003231,0x3285de43ad6ad897cfdf0e48808b2aaca3df871d,2017-10-29T09:03:46.000Z,0.000501,0x4a867fa8d1c99dc36ce4b770220962dcc58a2b33,sell,0xdd6c68bb32462e01705011a4e2ad1a60740f217f,0xa98471080ff2d86ab6eda55599698b2d641820fd1f2908a86b856a079acf4b63
74,20000,10,0x3d68a942c3b86c63aa8b0723decc3392c6cc919e,2017-10-29T08:24:49.000Z,0.0005,0x2caa8caf504397d53933514a10e1330b04bf14f0,buy,0xdd6c68bb32462e01705011a4e2ad1a60740f217f,0x619d49df4e1150ece1ea0e4f7d296337284f8630e4516ab959f7390b4fe1d95b
75,1107,0.552393,0x8909e1a4f31fc2214ea6c4a917268b833b00c000,2017-10-29T08:16:46.000Z,0.000499,0xfbf7dc0756a9768d0c71aea5f8421f3b1eaee7d1,buy,0xdd6c68bb32462e01705011a4e2ad1a60740f217f,0xe31c4ce2027e1df211c964289cd426df8c993ae2f1c00dfd5af40f39659b3fd0
76,2075.773841305816,1.037886920652908,0x10c00bfe152ff45d99bfb9a5da1859b67d007f0d,2017-10-29T07:46:32.000Z,0.0005,0x2b5ed4b7619e845766c3ac8aa0d6e922540d6882,sell,0xdd6c68bb32462e01705011a4e2ad1a60740f217f,0xeac34348bf62ef15e6081885a27699889824afad1fb5810a413c104648941fd3
77,3.579526069822672,0.001979477916611937,0xfbf7dc0756a9768d0c71aea5f8421f3b1eaee7d1,2017-10-29T07:43:48.000Z,0.0005529999999999998,0x2b5ed4b7619e845766c3ac8aa0d6e922540d6882,sell,0xdd6c68bb32462e01705011a4e2ad1a60740f217f,0xda3e29d158ff1a22aa3cf4b1ed4a7bfd64173fbf08d7b3787f99fa4ac28047e8
78,3.680248195922736,0.001840124097961368,0x1d5321e125f6c7079a716705541c7b371ca79e69,2017-10-29T07:42:57.000Z,0.0005,0x2caa8caf504397d53933514a10e1330b04bf14f0,buy,0xdd6c68bb32462e01705011a4e2ad1a60740f217f,0xad790ec11f25fa8f4526135d6cf7a3d35760ecde4b9e9e284625c40b57ba6486
79,3.669240474499238,0.002030924602635328,0x2b5ed4b7619e845766c3ac8aa0d6e922540d6882,2017-10-29T07:42:57.000Z,0.0005535,0x1d5321e125f6c7079a716705541c7b371ca79e69,sell,0xdd6c68bb32462e01705011a4e2ad1a60740f217f,0xad790ec11f25fa8f4526135d6cf7a3d35760ecde4b9e9e284625c40b57ba6486
80,1145.6353655741484,0.5728176827870742,0xd445f61ebca3d6b4c57eef1f39fdab6595ef8972,2017-10-29T07:41:17.000Z,0.0005,0x2caa8caf504397d53933514a10e1330b04bf14f0,buy,0xdd6c68bb32462e01705011a4e2ad1a60740f217f,0x85af749d8150a891794ad6b74bcfb0c6b051bb56defba305b568052b20ffcfaf
81,1142.198459477426,0.6304935496315391,0x2b5ed4b7619e845766c3ac8aa0d6e922540d6882,2017-10-29T07:41:17.000Z,0.000552,0xd445f61ebca3d6b4c57eef1f39fdab6595ef8972,sell,0xdd6c68bb32462e01705011a4e2ad1a60740f217f,0x85af749d8150a891794ad6b74bcfb0c6b051bb56defba305b568052b20ffcfaf
82,40.18237674313618,0.02009118837156809,0xd53955fa72ae2844f9add18bb455898af8e470f1,2017-10-29T07:41:08.000Z,0.0005,0x2caa8caf504397d53933514a10e1330b04bf14f0,buy,0xdd6c68bb32462e01705011a4e2ad1a60740f217f,0x1bf9a943592bb1b4cf0528d13bf32d12e1cb403d5203df9ab7c565a9ea648c77
83,40.06182961290677,0.022114129946324536,0x2b5ed4b7619e845766c3ac8aa0d6e922540d6882,2017-10-29T07:41:08.000Z,0.000552,0xd53955fa72ae2844f9add18bb455898af8e470f1,sell,0xdd6c68bb32462e01705011a4e2ad1a60740f217f,0x1bf9a943592bb1b4cf0528d13bf32d12e1cb403d5203df9ab7c565a9ea648c77
84,1862.269,0.932996769,0x3285de43ad6ad897cfdf0e48808b2aaca3df871d,2017-10-29T07:40:11.000Z,0.000501,0x2b5ed4b7619e845766c3ac8aa0d6e922540d6882,sell,0xdd6c68bb32462e01705011a4e2ad1a60740f217f,0xdb7ed03f148a8ca9605ea7697371adc659f4cf3356cd4cd03db04dac46595654
85,40.06182961290677,0.022114129946324536,0x2b5ed4b7619e845766c3ac8aa0d6e922540d6882,2017-10-29T07:39:35.000Z,0.000552,0xd2ea382e498316d91b9de8557670149b479721a0,sell,0xdd6c68bb32462e01705011a4e2ad1a60740f217f,0x7bd492f9b91e1d3dc630724907953500f01b841d8d7d47eb0048a243578313ce
86,40.182376743136174,0.020091188371568088,0xd2ea382e498316d91b9de8557670149b479721a0,2017-10-29T07:39:35.000Z,0.0005,0x2caa8caf504397d53933514a10e1330b04bf14f0,buy,0xdd6c68bb32462e01705011a4e2ad1a60740f217f,0x7bd492f9b91e1d3dc630724907953500f01b841d8d7d47eb0048a243578313ce
87,3,0.001536,0x10c00bfe152ff45d99bfb9a5da1859b67d007f0d,2017-10-29T07:39:29.000Z,0.000512,0x2b5ed4b7619e845766c3ac8aa0d6e922540d6882,sell,0xdd6c68bb32462e01705011a4e2ad1a60740f217f,0x9924659b9022e6189d582839318254fa591fb4b753320217e42068a087989050
88,21.06,0.01078272,0x10c00bfe152ff45d99bfb9a5da1859b67d007f0d,2017-10-29T07:39:18.000Z,0.000512,0x2b5ed4b7619e845766c3ac8aa0d6e922540d6882,sell,0xdd6c68bb32462e01705011a4e2ad1a60740f217f,0x77f9804794c3872b2220b3a60fe4482c1274228ae7db21c052fcc835734d7cb2
89,2.875633556219298,0.001475200014340499,0xd1871537e5bc1e3410c01a8600718e63ba305f63,2017-10-29T07:39:18.000Z,0.0005129999999999997,0x2b5ed4b7619e845766c3ac8aa0d6e922540d6882,sell,0xdd6c68bb32462e01705011a4e2ad1a60740f217f,0x7ba7255e2af34da074951e75bda600f6f7dddf9db93495afdaa77ab2f5de7e0c
90,19.26,0.0099189,0x10c00bfe152ff45d99bfb9a5da1859b67d007f0d,2017-10-29T07:39:06.000Z,0.000515,0x2b5ed4b7619e845766c3ac8aa0d6e922540d6882,sell,0xdd6c68bb32462e01705011a4e2ad1a60740f217f,0xa65965a5d2ff4a5956880362091ba6dca765404acf81323a31427f4ec0135a1d
91,2.1,0.00105,0x1d5321e125f6c7079a716705541c7b371ca79e69,2017-10-29T07:18:17.000Z,0.0005,0x2caa8caf504397d53933514a10e1330b04bf14f0,buy,0xdd6c68bb32462e01705011a4e2ad1a60740f217f,0x2b4ef113f4e8a0765e11ac477bd48f72ebba8ce57a0e40a3415bf37ccf3d1e4c
92,2.093718843469591,0.001080358923230308,0x947d19efbca9b0f8801352c8b0f52263656aa9b2,2017-10-29T07:18:17.000Z,0.0005159999999999995,0x1d5321e125f6c7079a716705541c7b371ca79e69,sell,0xdd6c68bb32462e01705011a4e2ad1a60740f217f,0x2b4ef113f4e8a0765e11ac477bd48f72ebba8ce57a0e40a3415bf37ccf3d1e4c
93,1.792025209642056,0.000896012604821028,0x1d5321e125f6c7079a716705541c7b371ca79e69,2017-10-29T07:17:25.000Z,0.0005,0x2caa8caf504397d53933514a10e1330b04bf14f0,buy,0xdd6c68bb32462e01705011a4e2ad1a60740f217f,0x498349baefb0dcad4e2aa463896d371f3546aa3fdc1ee84abf52f1abacdbb304
94,1.786665214000055,0.000937999237350028,0x10c00bfe152ff45d99bfb9a5da1859b67d007f0d,2017-10-29T07:17:25.000Z,0.0005249999999999995,0x1d5321e125f6c7079a716705541c7b371ca79e69,sell,0xdd6c68bb32462e01705011a4e2ad1a60740f217f,0x498349baefb0dcad4e2aa463896d371f3546aa3fdc1ee84abf52f1abacdbb304
95,2.326711059489496,0.001163355529744748,0x1d5321e125f6c7079a716705541c7b371ca79e69,2017-10-29T07:12:33.000Z,0.0005,0x2caa8caf504397d53933514a10e1330b04bf14f0,buy,0xdd6c68bb32462e01705011a4e2ad1a60740f217f,0xd4698d88d2867c12369a0828decce7fa3e2c1980dcb126ec626a5ee7683dccdf
96,2.319751804077264,0.001283982623556765,0x2b5ed4b7619e845766c3ac8aa0d6e922540d6882,2017-10-29T07:12:33.000Z,0.0005534999999999997,0x1d5321e125f6c7079a716705541c7b371ca79e69,sell,0xdd6c68bb32462e01705011a4e2ad1a60740f217f,0xd4698d88d2867c12369a0828decce7fa3e2c1980dcb126ec626a5ee7683dccdf
97,2.991026919242273,0.001630109670987038,0x07d8c2ce8f9d410e41146e5fb33d3979436233d6,2017-10-29T07:11:47.000Z,0.0005449999999999997,0x1d5321e125f6c7079a716705541c7b371ca79e69,sell,0xdd6c68bb32462e01705011a4e2ad1a60740f217f,0x42104b8378d0b5e0e539152aa271d223dbe05dddf22df58c66d7bacb6b1df4b6
98,3,0.0015,0x1d5321e125f6c7079a716705541c7b371ca79e69,2017-10-29T07:11:47.000Z,0.0005,0x2caa8caf504397d53933514a10e1330b04bf14f0,buy,0xdd6c68bb32462e01705011a4e2ad1a60740f217f,0x42104b8378d0b5e0e539152aa271d223dbe05dddf22df58c66d7bacb6b1df4b6
99,7.05,0.003525,0x1d5321e125f6c7079a716705541c7b371ca79e69,2017-10-29T07:07:13.000Z,0.0005,0x2caa8caf504397d53933514a10e1330b04bf14f0,buy,0xdd6c68bb32462e01705011a4e2ad1a60740f217f,0xf0a5fbc5f56337c9d5725272c3df78b2fcb38f4422e42088574aef0f83b398ef
100,7.028913260219341,0.003690882352941175,0x07d8c2ce8f9d410e41146e5fb33d3979436233d6,2017-10-29T07:07:13.000Z,0.0005250999999999998,0x1d5321e125f6c7079a716705541c7b371ca79e69,sell,0xdd6c68bb32462e01705011a4e2ad1a60740f217f,0xf0a5fbc5f56337c9d5725272c3df78b2fcb38f4422e42088574aef0f83b398ef
101,3.311844702696084,0.001655922351348042,0x1d5321e125f6c7079a716705541c7b371ca79e69,2017-10-29T07:03:45.000Z,0.0005,0x2caa8caf504397d53933514a10e1330b04bf14f0,buy,0xdd6c68bb32462e01705011a4e2ad1a60740f217f,0xb62eb319f4bc3a6dff9c4aac863e352e25ad11ad1242a807e4339e40cba1ed0f
102,3.30193888603797,0.001825972203978997,0xfbf7dc0756a9768d0c71aea5f8421f3b1eaee7d1,2017-10-29T07:03:45.000Z,0.0005529999999999999,0x1d5321e125f6c7079a716705541c7b371ca79e69,sell,0xdd6c68bb32462e01705011a4e2ad1a60740f217f,0xb62eb319f4bc3a6dff9c4aac863e352e25ad11ad1242a807e4339e40cba1ed0f
103,17.75140626326391,0.00976327344479515,0x07d8c2ce8f9d410e41146e5fb33d3979436233d6,2017-10-29T06:58:55.000Z,0.0005499999999999999,0x1d5321e125f6c7079a716705541c7b371ca79e69,sell,0xdd6c68bb32462e01705011a4e2ad1a60740f217f,0x393dd22c41f57180ea77e7edb336130526ca216bb03348b1a23669b03c9f981b
104,17.804660482053702,0.008902330241026851,0x1d5321e125f6c7079a716705541c7b371ca79e69,2017-10-29T06:58:55.000Z,0.0005,0x2caa8caf504397d53933514a10e1330b04bf14f0,buy,0xdd6c68bb32462e01705011a4e2ad1a60740f217f,0x393dd22c41f57180ea77e7edb336130526ca216bb03348b1a23669b03c9f981b
105,780.0109149406508,0.3900054574703254,0x1d5321e125f6c7079a716705541c7b371ca79e69,2017-10-29T06:57:55.000Z,0.0005,0x2caa8caf504397d53933514a10e1330b04bf14f0,buy,0xdd6c68bb32462e01705011a4e2ad1a60740f217f,0x27c65c583d4c2831ed06fe41f9d4e0de6db179e70b24506e5f407eaa4982ae53
106,777.6778812967605,0.4292781904758118,0x2b5ed4b7619e845766c3ac8aa0d6e922540d6882,2017-10-29T06:57:55.000Z,0.000552,0x1d5321e125f6c7079a716705541c7b371ca79e69,sell,0xdd6c68bb32462e01705011a4e2ad1a60740f217f,0x27c65c583d4c2831ed06fe41f9d4e0de6db179e70b24506e5f407eaa4982ae53
107,997,0.510464,0x10c00bfe152ff45d99bfb9a5da1859b67d007f0d,2017-10-29T06:57:55.000Z,0.000512,0x273a5d3e6721b9f5c1a6474f560c1334c63dda01,sell,0xdd6c68bb32462e01705011a4e2ad1a60740f217f,0xc06fdc62ab8b66d0629c27dcfcdaa31f40c8f51912de6bbda61a9dc50bcad197
108,1000,0.5,0x273a5d3e6721b9f5c1a6474f560c1334c63dda01,2017-10-29T06:57:55.000Z,0.0005,0x2caa8caf504397d53933514a10e1330b04bf14f0,buy,0xdd6c68bb32462e01705011a4e2ad1a60740f217f,0xc06fdc62ab8b66d0629c27dcfcdaa31f40c8f51912de6bbda61a9dc50bcad197
109,597.3417365473523,0.29867086827367617,0x273a5d3e6721b9f5c1a6474f560c1334c63dda01,2017-10-29T06:57:38.000Z,0.0005,0x2caa8caf504397d53933514a10e1330b04bf14f0,buy,0xdd6c68bb32462e01705011a4e2ad1a60740f217f,0x7f45fbc19eec91c5c4adb6de7a5f0cd7156e917fae8cb8411ce4002a38e4f0f8
110,1000,0.5,0x273a5d3e6721b9f5c1a6474f560c1334c63dda01,2017-10-29T06:57:38.000Z,0.0005,0x2caa8caf504397d53933514a10e1330b04bf14f0,buy,0xdd6c68bb32462e01705011a4e2ad1a60740f217f,0x8a8d89953bd06fefa6c490d5853ab16c0a36b38a8ef476043c522b0345c2de49
111,997,0.543365,0x07d8c2ce8f9d410e41146e5fb33d3979436233d6,2017-10-29T06:57:38.000Z,0.000545,0x273a5d3e6721b9f5c1a6474f560c1334c63dda01,sell,0xdd6c68bb32462e01705011a4e2ad1a60740f217f,0x8a8d89953bd06fefa6c490d5853ab16c0a36b38a8ef476043c522b0345c2de49
112,2350,1.175,0x273a5d3e6721b9f5c1a6474f560c1334c63dda01,2017-10-29T06:57:38.000Z,0.0005,0x2caa8caf504397d53933514a10e1330b04bf14f0,buy,0xdd6c68bb32462e01705011a4e2ad1a60740f217f,0x91858791efa7c5ff426a130e18c9dedaef11155c61bc73eb86379e88394c5a44
113,700,0.35,0x273a5d3e6721b9f5c1a6474f560c1334c63dda01,2017-10-29T06:57:38.000Z,0.0005,0x2caa8caf504397d53933514a10e1330b04bf14f0,buy,0xdd6c68bb32462e01705011a4e2ad1a60740f217f,0x58adde61094d7e04c19d0ee9553f361f8aa7179dbabc4bd770377473d9e323f0
114,595.5497113377103,0.31266359845229785,0x10c00bfe152ff45d99bfb9a5da1859b67d007f0d,2017-10-29T06:57:38.000Z,0.000525,0x273a5d3e6721b9f5c1a6474f560c1334c63dda01,sell,0xdd6c68bb32462e01705011a4e2ad1a60740f217f,0x7f45fbc19eec91c5c4adb6de7a5f0cd7156e917fae8cb8411ce4002a38e4f0f8
115,697.9,0.3601164,0x947d19efbca9b0f8801352c8b0f52263656aa9b2,2017-10-29T06:57:38.000Z,0.000516,0x273a5d3e6721b9f5c1a6474f560c1334c63dda01,sell,0xdd6c68bb32462e01705011a4e2ad1a60740f217f,0x58adde61094d7e04c19d0ee9553f361f8aa7179dbabc4bd770377473d9e323f0
116,2342.95,1.230283045,0x07d8c2ce8f9d410e41146e5fb33d3979436233d6,2017-10-29T06:57:38.000Z,0.0005251,0x273a5d3e6721b9f5c1a6474f560c1334c63dda01,sell,0xdd6c68bb32462e01705011a4e2ad1a60740f217f,0x91858791efa7c5ff426a130e18c9dedaef11155c61bc73eb86379e88394c5a44
117,6420,3.21,0xd2ea382e498316d91b9de8557670149b479721a0,2017-10-29T06:56:40.000Z,0.0005,0x2caa8caf504397d53933514a10e1330b04bf14f0,buy,0xdd6c68bb32462e01705011a4e2ad1a60740f217f,0xf77db5b60c639ff915dc163657a86c4e0bbe4272dad1829e0ff8b821537f6208
118,6400.74,3.2963811,0x10c00bfe152ff45d99bfb9a5da1859b67d007f0d,2017-10-29T06:56:40.000Z,0.000515,0xd2ea382e498316d91b9de8557670149b479721a0,sell,0xdd6c68bb32462e01705011a4e2ad1a60740f217f,0xf77db5b60c639ff915dc163657a86c4e0bbe4272dad1829e0ff8b821537f6208
119,6998.94,3.58345728,0x10c00bfe152ff45d99bfb9a5da1859b67d007f0d,2017-10-29T06:56:40.000Z,0.000512,0xd2ea382e498316d91b9de8557670149b479721a0,sell,0xdd6c68bb32462e01705011a4e2ad1a60740f217f,0x567366818a9ef215a1ab058332941d828ac8b0609cdd9d490a12c74cae9b7c5f
120,7020,3.51,0xd2ea382e498316d91b9de8557670149b479721a0,2017-10-29T06:56:40.000Z,0.0005,0x2caa8caf504397d53933514a10e1330b04bf14f0,buy,0xdd6c68bb32462e01705011a4e2ad1a60740f217f,0x567366818a9ef215a1ab058332941d828ac8b0609cdd9d490a12c74cae9b7c5f
121,5934.886827351239,2.9674434136756194,0xd2ea382e498316d91b9de8557670149b479721a0,2017-10-29T06:56:40.000Z,0.0005,0x2caa8caf504397d53933514a10e1330b04bf14f0,buy,0xdd6c68bb32462e01705011a4e2ad1a60740f217f,0x85f953bb2ad309aa212f58229e8a45794c61d45e622612ff6bee1bc1b34f5f71
122,1103.9482342320277,0.5519741171160139,0x273a5d3e6721b9f5c1a6474f560c1334c63dda01,2017-10-29T06:56:40.000Z,0.0005,0x2caa8caf504397d53933514a10e1330b04bf14f0,buy,0xdd6c68bb32462e01705011a4e2ad1a60740f217f,0xbbb9a37ca478f7ce147b5317f5660273b5ab58e985b6221beddbf3b7611ae24e
123,2000,1,0x273a5d3e6721b9f5c1a6474f560c1334c63dda01,2017-10-29T06:56:40.000Z,0.0005,0x2caa8caf504397d53933514a10e1330b04bf14f0,buy,0xdd6c68bb32462e01705011a4e2ad1a60740f217f,0x0a7da715347c76d5ee830d7ab83ab37979400363db51c2f8f94b45767ac1e319
124,1994,1.103679,0x2b5ed4b7619e845766c3ac8aa0d6e922540d6882,2017-10-29T06:56:40.000Z,0.0005535,0x273a5d3e6721b9f5c1a6474f560c1334c63dda01,sell,0xdd6c68bb32462e01705011a4e2ad1a60740f217f,0x0a7da715347c76d5ee830d7ab83ab37979400363db51c2f8f94b45767ac1e319
125,5917.082166869184,3.2543951917780514,0x07d8c2ce8f9d410e41146e5fb33d3979436233d6,2017-10-29T06:56:40.000Z,0.00055,0xd2ea382e498316d91b9de8557670149b479721a0,sell,0xdd6c68bb32462e01705011a4e2ad1a60740f217f,0x85f953bb2ad309aa212f58229e8a45794c61d45e622612ff6bee1bc1b34f5f71
126,1100.6363895293316,0.6086519234097204,0xfbf7dc0756a9768d0c71aea5f8421f3b1eaee7d1,2017-10-29T06:56:40.000Z,0.000553,0x273a5d3e6721b9f5c1a6474f560c1334c63dda01,sell,0xdd6c68bb32462e01705011a4e2ad1a60740f217f,0xbbb9a37ca478f7ce147b5317f5660273b5ab58e985b6221beddbf3b7611ae24e
127,245,0.13524,0x00d7cd5fe6f0150ac273571425b673c7caf14dc2,2017-10-29T04:49:55.000Z,0.000552,0x5000fc6dd56adf07583bc8598cc350281e1df771,buy,0xdd6c68bb32462e01705011a4e2ad1a60740f217f,0x7bc30ad866467af13d9505f959086e4ca2f297b2bd84bf812a51b32d1159a3b7
128,25.547,0.0172314515,0x00d7cd5fe6f0150ac273571425b673c7caf14dc2,2017-10-29T04:18:20.000Z,0.0006745,0x2b5ed4b7619e845766c3ac8aa0d6e922540d6882,buy,0xdd6c68bb32462e01705011a4e2ad1a60740f217f,0x66cbc7c7878e7329136bbe94702459a45853bf20ec27becf5d32457e4d3cc556
129,51,0.03315,0x00d7cd5fe6f0150ac273571425b673c7caf14dc2,2017-10-29T04:17:14.000Z,0.00065,0xe28fd3070b9e93c993841aca34eb2cce243e64bf,buy,0xdd6c68bb32462e01705011a4e2ad1a60740f217f,0x7bcca048f2ecf96a9ec73a461c527a01eab28bcebb934c354a82813775351ccf
130,50,0.0275,0x00d7cd5fe6f0150ac273571425b673c7caf14dc2,2017-10-29T04:15:37.000Z,0.00055,0xc5812cbf8d77de5c88917732556c320164cad877,buy,0xdd6c68bb32462e01705011a4e2ad1a60740f217f,0xc66238cee5f26f93d5ac1132dc95016a884114e62c23a2d174a01e79b8ddc305
131,1500,1.01655,0x00d7cd5fe6f0150ac273571425b673c7caf14dc2,2017-10-29T04:14:53.000Z,0.0006777,0xa1ca4df2b64d39ca2b17fa3b1605dcd632792bd7,buy,0xdd6c68bb32462e01705011a4e2ad1a60740f217f,0x59b9263cf89d208cf803a8109b379065ec9b03f56af973bdd6eb4889119dbef1
132,1000,0.62,0x00d7cd5fe6f0150ac273571425b673c7caf14dc2,2017-10-29T04:13:11.000Z,0.00062,0x8ace27cff51c5db7b736c732cb2d54cee2e6b098,buy,0xdd6c68bb32462e01705011a4e2ad1a60740f217f,0x0de82ac41952cc73ef1ddec14d7dcba5c0cd4b70882766ce5d1fc4ebcab117ff
133,3000,1.827,0x00d7cd5fe6f0150ac273571425b673c7caf14dc2,2017-10-29T04:12:00.000Z,0.000609,0xfbf7dc0756a9768d0c71aea5f8421f3b1eaee7d1,buy,0xdd6c68bb32462e01705011a4e2ad1a60740f217f,0xcd7a9e120f15ee5d3eb7fa8ad360073914177a05ca897cab5aba0e208f790674
134,2000,1.21,0x00d7cd5fe6f0150ac273571425b673c7caf14dc2,2017-10-29T04:09:59.000Z,0.000605,0x2b5ed4b7619e845766c3ac8aa0d6e922540d6882,buy,0xdd6c68bb32462e01705011a4e2ad1a60740f217f,0x2b6d347fcf42d1dcd82f35b7b39016de48e60ac8f5fb8d082aa4abb57143ec9e
135,1000,0.6087,0x00d7cd5fe6f0150ac273571425b673c7caf14dc2,2017-10-29T03:56:53.000Z,0.0006087,0x947d19efbca9b0f8801352c8b0f52263656aa9b2,buy,0xdd6c68bb32462e01705011a4e2ad1a60740f217f,0x3be3d1d6e03530c0c43767978b55f3efee9990522bc02d4c2996e1d2c27cc33e
136,100,0.055,0x07d8c2ce8f9d410e41146e5fb33d3979436233d6,2017-10-29T03:42:01.000Z,0.00055,0x947d19efbca9b0f8801352c8b0f52263656aa9b2,sell,0xdd6c68bb32462e01705011a4e2ad1a60740f217f,0xd592fce8f1505d37447a21142152084b3813eaf99ab1fbfd1cc629d85cd58051
137,728.0090018221949,0.4004049510022072,0x07d8c2ce8f9d410e41146e5fb33d3979436233d6,2017-10-29T02:28:08.000Z,0.00055,0x3318a522d8f4bf552f7e57961356e4639d77db96,sell,0xdd6c68bb32462e01705011a4e2ad1a60740f217f,0x6154db4fedfd58774c402d20076f70566cbaa07c4a822baac05dd5a8363df220
138,98,0.0539,0x07d8c2ce8f9d410e41146e5fb33d3979436233d6,2017-10-29T02:20:06.000Z,0.00055,0x947d19efbca9b0f8801352c8b0f52263656aa9b2,sell,0xdd6c68bb32462e01705011a4e2ad1a60740f217f,0x194864d43128ccce4b7486d1d01416cea83f0df40e3e7ff153791f1b8254e95f
139,1000,0.551,0xa1ca4df2b64d39ca2b17fa3b1605dcd632792bd7,2017-10-29T02:18:02.000Z,0.000551,0x3318a522d8f4bf552f7e57961356e4639d77db96,sell,0xdd6c68bb32462e01705011a4e2ad1a60740f217f,0x7bcb0b2516b4fbf98a3bb7c45b077d061b171463a339f0706e181295b0e11aca
140,900,0.5103,0xdd3aa93c2f291e77b31a9fabf2d818a9908f6d74,2017-10-29T02:15:55.000Z,0.000567,0x3318a522d8f4bf552f7e57961356e4639d77db96,sell,0xdd6c68bb32462e01705011a4e2ad1a60740f217f,0xb71dd4a883b43c631a8d52de29bda23655fed14a7e0550f017bc933b055ec004
141,300,0.171,0x2b5ed4b7619e845766c3ac8aa0d6e922540d6882,2017-10-29T01:46:51.000Z,0.00057,0x8ace27cff51c5db7b736c732cb2d54cee2e6b098,sell,0xdd6c68bb32462e01705011a4e2ad1a60740f217f,0x63946f5e4d904ab414b554d27b26ee0e8bcaf72aa1a580379609bf49a5a8817d
142,769.9316430730695,0.43655124162243036,0x9cd9a41c494b161643ba8b5ca7300a410af37d05,2017-10-29T01:45:18.000Z,0.000567,0x8ace27cff51c5db7b736c732cb2d54cee2e6b098,sell,0xdd6c68bb32462e01705011a4e2ad1a60740f217f,0x53031365af45d3241ff3dfb146ba258218421404bd1822639445bc5ea44d9c65
143,8091.081646894627,4.628098702023727,0x6ad9eabb737039b679e736abc310ca8f54f4adb4,2017-10-29T01:08:49.000Z,0.000572,0x3318a522d8f4bf552f7e57961356e4639d77db96,sell,0xdd6c68bb32462e01705011a4e2ad1a60740f217f,0x718d0de086e1755d54f51cadf5ebaa933fe55d565de9b1e2d993bd532762b5e5
144,40,0.02698,0xcf5fa18052eb3df849096fa5718f123ad31cbe9f,2017-10-28T23:23:35.000Z,0.0006745,0x2b5ed4b7619e845766c3ac8aa0d6e922540d6882,sell,0xdd6c68bb32462e01705011a4e2ad1a60740f217f,0x684e5c7d3296f6194a6c336bb8d0da05f24f83c873dd98259124dfd5746e9643
145,348.91835310537334,0.19958129797627355,0x6ad9eabb737039b679e736abc310ca8f54f4adb4,2017-10-28T22:34:52.000Z,0.000572,0x6d86598f9ec5d3dc71f54be59aab71f40846f29a,sell,0xdd6c68bb32462e01705011a4e2ad1a60740f217f,0x7f24eab0c2bf3cb675eca9b21ddcfa2376f207b16bbdc47ceb7b9cf408776210
146,0.735402265038976,0.0005,0x34f9560c63078eb61872a4dc2ccd20e21c34feaf,2017-10-28T20:37:20.000Z,0.0006799000000000003,0x947d19efbca9b0f8801352c8b0f52263656aa9b2,buy,0xdd6c68bb32462e01705011a4e2ad1a60740f217f,0x15ac48dd35b978839eab67d120b996140296f49976b40c0c1d27a8abba948931
147,0.735402265038976,0.0005,0xe444a40689f51f63bcd29910622035707d533d29,2017-10-28T20:36:57.000Z,0.0006799000000000003,0x947d19efbca9b0f8801352c8b0f52263656aa9b2,buy,0xdd6c68bb32462e01705011a4e2ad1a60740f217f,0x617d7ee54f006311e6a9c4da82c0d37de25ab6fb1657f3af3cb12de8927d28dc
148,0.068356926930536,0.000038758377569613,0x9cd9a41c494b161643ba8b5ca7300a410af37d05,2017-10-28T19:56:13.000Z,0.0005669999999999867,0xc233ab46822445da441022f4d5b4fab928ec8678,sell,0xdd6c68bb32462e01705011a4e2ad1a60740f217f,0xe99c70d8941078ce5023d1372aa5365adff6e9b59a21c5e82e8bc84221ebccaa
149,685.6883340402077,0.38947097373483797,0x2b5ed4b7619e845766c3ac8aa0d6e922540d6882,2017-10-28T19:53:43.000Z,0.000568,0xc233ab46822445da441022f4d5b4fab928ec8678,sell,0xdd6c68bb32462e01705011a4e2ad1a60740f217f,0x4c4e362731ee54585a8a5643a20092c9a9095daf60c248288029483b7359f2da
150,150,0.10185,0x6ad9eabb737039b679e736abc310ca8f54f4adb4,2017-10-28T19:52:24.000Z,0.000679,0x22eb520ce1f1eaffade7c4ff769fff8599c1b24a,buy,0xdd6c68bb32462e01705011a4e2ad1a60740f217f,0xb1136c0e204fe82172abe313b19d5edaac7e9ef43c1144ae578617358f6e6865
151,290.4327339225002,0.1655466583358251,0x2b5ed4b7619e845766c3ac8aa0d6e922540d6882,2017-10-28T19:51:29.000Z,0.00057,0xc233ab46822445da441022f4d5b4fab928ec8678,sell,0xdd6c68bb32462e01705011a4e2ad1a60740f217f,0x83d766f2adda4d6daee9384eed0a96aa7841a50e6834d4029f00921ac0a0be8c
152,10,0.0068,0x6ad9eabb737039b679e736abc310ca8f54f4adb4,2017-10-28T18:30:23.000Z,0.00068,0x3318a522d8f4bf552f7e57961356e4639d77db96,buy,0xdd6c68bb32462e01705011a4e2ad1a60740f217f,0xa8c17d16e7646fdeb3e29c8fde2d1a7802823e6d1143079dd89f4e95e487c3f6
153,4,0.002796,0x07e69ddcb6709f5b61353c0ed62d227996d617f9,2017-10-28T17:03:44.000Z,0.000699,0x12a1e8f498501c2cce0967f8b9717b28492fc668,sell,0xdd6c68bb32462e01705011a4e2ad1a60740f217f,0x9d285b9b29f2b799505704cd64178e819d6486a76f29f081d2dffa41b082b2f5
154,28.285296622883575,0.01612261907504364,0x2b5ed4b7619e845766c3ac8aa0d6e922540d6882,2017-10-28T16:41:34.000Z,0.00057,0x221f09f50ceb169bf8b8d6670c65261deca97ccf,sell,0xdd6c68bb32462e01705011a4e2ad1a60740f217f,0x128f632ed7d6f2638d980ea680a0d98bdbadd43ce0d5446f5f02fc426d39658f
155,481.2819694546163,0.27433072258913127,0x2b5ed4b7619e845766c3ac8aa0d6e922540d6882,2017-10-28T16:36:18.000Z,0.00057,0x1ed014aec47fae44c9e55bac7662c0b78ae61798,sell,0xdd6c68bb32462e01705011a4e2ad1a60740f217f,0x9995b3fb79cf4596930c05d26c161257d01be49a3686e721b207f17e8c31a904
156,200,0.114,0x2b5ed4b7619e845766c3ac8aa0d6e922540d6882,2017-10-28T16:28:42.000Z,0.00057,0x947d19efbca9b0f8801352c8b0f52263656aa9b2,sell,0xdd6c68bb32462e01705011a4e2ad1a60740f217f,0x9f3ccf711529b2b81301c603745054754564690041bf5064ce0490f865a9fdb5
157,1081.297976273552,0.6007204972086532,0xa1ca4df2b64d39ca2b17fa3b1605dcd632792bd7,2017-10-28T15:30:54.000Z,0.000555555,0x3318a522d8f4bf552f7e57961356e4639d77db96,sell,0xdd6c68bb32462e01705011a4e2ad1a60740f217f,0x57c6de6b80d8ceb388fe0b1481fba3ca53039f3f4c5095ef286f3a61cba862d7
158,2219.571,1.3317426,0x0e51b5ca13953f92dc239ac475aebd7c80834746,2017-10-28T15:30:54.000Z,0.0006,0xeca54fa2a762048b88b17feb48756cd0bf64948d,buy,0xdd6c68bb32462e01705011a4e2ad1a60740f217f,0x83f2455f706705e5bccee2e7696faf17ea21a817a5c740e1542383b8278d5d6e
159,70.773,0.052301247,0x0e51b5ca13953f92dc239ac475aebd7c80834746,2017-10-28T15:16:45.000Z,0.000739,0x84ad7cf6939768aeeea562fb4744ff1beffdd13c,buy,0xdd6c68bb32462e01705011a4e2ad1a60740f217f,0xaa018da25846aeb9d24183c677325ac21f1d06f806201a7c742d7a7bb7c8870f
160,418.70202372644803,0.23261200279134683,0xa1ca4df2b64d39ca2b17fa3b1605dcd632792bd7,2017-10-28T15:03:25.000Z,0.000555555,0x3c7f1d234d85a3edeb7209cd173f91b08e347c48,sell,0xdd6c68bb32462e01705011a4e2ad1a60740f217f,0x4b50043510835132580909194957cd37359183909ecb9c66359cbfd34182e8bb
161,2990.7287409032,1.6449008074967602,0x07d8c2ce8f9d410e41146e5fb33d3979436233d6,2017-10-28T14:28:57.000Z,0.00055,0x5918c0ba4c600b617fe376d1408c9a5132707ba1,sell,0xdd6c68bb32462e01705011a4e2ad1a60740f217f,0xc41abc1bac535187840ae9df1da0c79740ce1571804af9f9050c7de7d25773e5
162,1473.5772826854786,0.8104675054770133,0x07d8c2ce8f9d410e41146e5fb33d3979436233d6,2017-10-28T14:15:55.000Z,0.00055,0x3cc1e0ad933503c9e843d38ca3b3c069ae3a2581,sell,0xdd6c68bb32462e01705011a4e2ad1a60740f217f,0xbe48ad652d4ee4cba9cde0f1b26d10f6d2361269e5943fd3010d467785029427
163,3000,1.578,0x07d8c2ce8f9d410e41146e5fb33d3979436233d6,2017-10-28T14:14:14.000Z,0.000526,0x3cc1e0ad933503c9e843d38ca3b3c069ae3a2581,sell,0xdd6c68bb32462e01705011a4e2ad1a60740f217f,0xee05dffd40fe4229898bbe1d0ffc5e5196fc11fd4dbeb3b21421255f4ddf2dff
164,700,0.399,0xc135eb0da63985d5350a4c2af193ceab57cd83bd,2017-10-28T14:13:10.000Z,0.00057,0x3cc1e0ad933503c9e843d38ca3b3c069ae3a2581,sell,0xdd6c68bb32462e01705011a4e2ad1a60740f217f,0x60aaf5c3e5b1eee6f577deadee199aa5da82f4d5448a0a3ba6c99e5fae1ab53f
165,60.5729090111628,0.03634374540669768,0x7b1439f7f6488bc1b8d673b9f16ee245024bd7cf,2017-10-28T14:13:03.000Z,0.0006,0x3cc1e0ad933503c9e843d38ca3b3c069ae3a2581,sell,0xdd6c68bb32462e01705011a4e2ad1a60740f217f,0xc750cb792078d3993a89f1bc0b8d8765e1b8874ef921c0cebb549036361b348f
166,5607.606,3.3645636,0xc5d8c4dddc5e9cb21f7e1af1175da93d02794723,2017-10-28T14:07:25.000Z,0.0006,0xeca54fa2a762048b88b17feb48756cd0bf64948d,sell,0xdd6c68bb32462e01705011a4e2ad1a60740f217f,0x099277ce439d0c1c4651499ba35f8a0f485db34cbaff25e839bc3b3aaf516dea
167,2197,1.3182,0xc5d8c4dddc5e9cb21f7e1af1175da93d02794723,2017-10-28T14:01:01.000Z,0.0006,0x45214f73c569abd92f292f9ff7733abdf8cb838b,sell,0xdd6c68bb32462e01705011a4e2ad1a60740f217f,0x248a2e47a733ad40484ced7bc77b1fcaf283cd058a172d78edb8f8aa0d2aa779
168,273,0.1638,0xc5d8c4dddc5e9cb21f7e1af1175da93d02794723,2017-10-28T12:27:34.000Z,0.0006,0xcef01dfe48077d5ea00cf1ffd949c62026af577e,sell,0xdd6c68bb32462e01705011a4e2ad1a60740f217f,0xe6b9362771ee2f04aa280703a322bdd93d55b8ad5726d59749558943966e8dc8
169,3000,1.803,0xfbf7dc0756a9768d0c71aea5f8421f3b1eaee7d1,2017-10-28T12:26:22.000Z,0.000601,0xcef01dfe48077d5ea00cf1ffd949c62026af577e,sell,0xdd6c68bb32462e01705011a4e2ad1a60740f217f,0x2422baef4976b37853485439290652e9cc612334ca105d48f7db323ed9162d46
170,1822.393820634816,1.0934362923808896,0xc5d8c4dddc5e9cb21f7e1af1175da93d02794723,2017-10-28T12:18:18.000Z,0.0006,0x9812322b50966b80a544fff56e668a161b6435e5,sell,0xdd6c68bb32462e01705011a4e2ad1a60740f217f,0x7697cf06d621230274ae35756014cc2daacadbce65d56356adc0396eaee31f27
171,500,0.325,0x5efdca26e7cbb98c4f23a46d7a724c6c9148d0cf,2017-10-28T11:41:29.000Z,0.00065,0x9812322b50966b80a544fff56e668a161b6435e5,buy,0xdd6c68bb32462e01705011a4e2ad1a60740f217f,0x55a2438c4d07be1641b936395952a15b14fbecf4507d161564c5868f061be7f7
172,769.4538499592516,0.5001450024735135,0xf61239a874389af457c2c0926d74363a38869dd6,2017-10-28T11:39:21.000Z,0.00065,0x9812322b50966b80a544fff56e668a161b6435e5,buy,0xdd6c68bb32462e01705011a4e2ad1a60740f217f,0x2bb0c221744b2b35325a7d77a265516ef17f3b5d24b2862de11c996a89ebe323
173,340,0.221,0x7b1439f7f6488bc1b8d673b9f16ee245024bd7cf,2017-10-28T11:36:06.000Z,0.00065,0x9812322b50966b80a544fff56e668a161b6435e5,buy,0xdd6c68bb32462e01705011a4e2ad1a60740f217f,0xdb6aa598628ce0da3274b0b28e5575753cd1f1d4ca1840eec3efd7f5b43616e7
174,36,0.02484,0x9cd9a41c494b161643ba8b5ca7300a410af37d05,2017-10-28T11:29:38.000Z,0.00069,0x9812322b50966b80a544fff56e668a161b6435e5,buy,0xdd6c68bb32462e01705011a4e2ad1a60740f217f,0xc6f2939b4eff914e3a503a88171c23057e416c8d24d7eb5ce59f67efa5dff002
175,3500,2.17,0xc5d8c4dddc5e9cb21f7e1af1175da93d02794723,2017-10-28T11:21:46.000Z,0.00062,0x9812322b50966b80a544fff56e668a161b6435e5,sell,0xdd6c68bb32462e01705011a4e2ad1a60740f217f,0x857d0e626124a138940fbaf82756f3f9abae967434ea3293064df44fb38678ff
176,2000,1.222,0xa54b88fcb5dc39e97d12e79aafaa28702204344f,2017-10-28T11:21:07.000Z,0.000611,0x3318a522d8f4bf552f7e57961356e4639d77db96,sell,0xdd6c68bb32462e01705011a4e2ad1a60740f217f,0x8c7fd28da202bed811d8fc62778d3dbee3106c4ae1071dc6167b2832fa0fc345
177,10000,6,0xf61239a874389af457c2c0926d74363a38869dd6,2017-10-28T11:21:07.000Z,0.0006,0x3318a522d8f4bf552f7e57961356e4639d77db96,sell,0xdd6c68bb32462e01705011a4e2ad1a60740f217f,0xe3267bbc79787c64c18dd0c00301a3412fe11b3fcebf96405a301f6549b614df
178,16070,9.8027,0xa49df4b7768200a2a121a716e106b70f2f69491e,2017-10-28T11:19:54.000Z,0.00061,0x3318a522d8f4bf552f7e57961356e4639d77db96,sell,0xdd6c68bb32462e01705011a4e2ad1a60740f217f,0x68f4420814e6948e7b8d182b4a9f2d8f9cad5b3bb6eca61e9e9c8ca0fbd57abe
179,1050,0.735,0xc5d8c4dddc5e9cb21f7e1af1175da93d02794723,2017-10-28T11:14:08.000Z,0.0007,0x59cb7782cde686f5d19313a513d6eb95bdae60a8,buy,0xdd6c68bb32462e01705011a4e2ad1a60740f217f,0x7821916e0c009ba0f3c18fe39b9dc5addf0ca1776c1123cf12d1ef19614b8915
180,692.902,0.4851699804,0xd1871537e5bc1e3410c01a8600718e63ba305f63,2017-10-28T10:50:00.000Z,0.0007002,0xa54b88fcb5dc39e97d12e79aafaa28702204344f,sell,0xdd6c68bb32462e01705011a4e2ad1a60740f217f,0xc41f564c7f03d990d7e50087289654cd7526da8eb25e80381d4c3ab5db945780
181,579,0.427302,0x6031d595272cb28cfc807c1cbd85974f050ac4ec,2017-10-28T10:17:19.000Z,0.000738,0x12a1e8f498501c2cce0967f8b9717b28492fc668,sell,0xdd6c68bb32462e01705011a4e2ad1a60740f217f,0x3992a205b13c9f75d43a62b78991f8df5afdf869527c70b7e5dccf3ae64bc86f
182,1059.7987285540719,0.7936832678141444,0x9352b7829b1cf9ec67ac7dd74ccfefdbfe14af56,2017-10-28T09:55:10.000Z,0.0007489,0xa54b88fcb5dc39e97d12e79aafaa28702204344f,buy,0xdd6c68bb32462e01705011a4e2ad1a60740f217f,0x5eea5a9d5e6824cc162c46333f5fc32bb3eab36ecc73716337f1b15586def7e4
183,7.098,0.0049700196,0xd1871537e5bc1e3410c01a8600718e63ba305f63,2017-10-28T09:43:17.000Z,0.0007002,0x2b5ed4b7619e845766c3ac8aa0d6e922540d6882,sell,0xdd6c68bb32462e01705011a4e2ad1a60740f217f,0x326d46081cd07c81ac3b34d1308a088a7c7c177d65deb7c33354b0ddc1e8fc88
184,2000,1.476,0x6031d595272cb28cfc807c1cbd85974f050ac4ec,2017-10-28T09:36:50.000Z,0.000738,0x5da39a4e1e267d68cd920238ed01aa3e70ce9204,buy,0xdd6c68bb32462e01705011a4e2ad1a60740f217f,0xd76228099b3f9f1238d781177f29bfada148c9cdcbca6128235d88a000637c93
185,4401.279746520354,3.193128456100517,0xf61239a874389af457c2c0926d74363a38869dd6,2017-10-28T09:15:36.000Z,0.0007255,0x0e51b5ca13953f92dc239ac475aebd7c80834746,buy,0xdd6c68bb32462e01705011a4e2ad1a60740f217f,0x6c021443371294ff9fa032b0fc68ea026c7baf4f473a12e0e47c466b6fe58f0d
186,598.7202534796456,0.43437154389948296,0x05fb7c8761582244a62e1c0a6411427935c9e6f4,2017-10-28T08:51:22.000Z,0.0007255,0x0e51b5ca13953f92dc239ac475aebd7c80834746,buy,0xdd6c68bb32462e01705011a4e2ad1a60740f217f,0x02d52c5c49ba21b65492f9c1b918466a92592368f30a67e356db9f9ab45dafc0
187,300,0.2217,0x2c30bde3b6a7f1143e8cce9308e070fd190f2bb4,2017-10-28T08:03:43.000Z,0.000739,0x84ad7cf6939768aeeea562fb4744ff1beffdd13c,buy,0xdd6c68bb32462e01705011a4e2ad1a60740f217f,0x73519fba74252e014c5c58557132779918bbc0949fe3c977b3923d8aa92bfee7
188,2000,1.46,0x00d7cd5fe6f0150ac273571425b673c7caf14dc2,2017-10-28T07:20:19.000Z,0.00073,0x6ef6e0031e822a76777323c8cb3e5ed109b189a8,buy,0xdd6c68bb32462e01705011a4e2ad1a60740f217f,0x9333ac57d581e7b913dcf6270cd9059b7ca95e9cedc4d420b66812ed5a69c15c
189,601,0.438729399,0x00d7cd5fe6f0150ac273571425b673c7caf14dc2,2017-10-28T07:18:22.000Z,0.000729999,0x508d8f38f6cf477e9b005063c9bb9455c5da8a57,buy,0xdd6c68bb32462e01705011a4e2ad1a60740f217f,0x54eb1eb59b847da6f507bd64e0e66b27c48aeb683f8e2408aaee0014fb9b92cc
190,111.16078,0.08064714589,0x00d7cd5fe6f0150ac273571425b673c7caf14dc2,2017-10-28T07:17:47.000Z,0.0007255,0xdc5f5a9c3eb2f16db36c6c7f889f83dd232d71af,buy,0xdd6c68bb32462e01705011a4e2ad1a60740f217f,0x8a5ccda9fee41cb3a3d3472dac6910cdf44713a110acb008ea14110e7cb8e059
191,1098.815,0.78015865,0xf61239a874389af457c2c0926d74363a38869dd6,2017-10-28T07:12:28.000Z,0.00071,0xe6d1b045d8f37a8502cd17ce78dad7fb9c4d62fa,buy,0xdd6c68bb32462e01705011a4e2ad1a60740f217f,0x2d2e4584ff03beae32cc6a02b2d6addb80be11144ce4e14bcd72e784412633da
192,1000,0.709,0xf61239a874389af457c2c0926d74363a38869dd6,2017-10-28T07:12:28.000Z,0.000709,0x79adc6f2891e65969d62c7508c7a1eebce3b6019,buy,0xdd6c68bb32462e01705011a4e2ad1a60740f217f,0x213a67b7a6cb1983a41d119fe857472573a9b2974cb5e92f4f4991580d113f88
193,100,0.071,0xf61239a874389af457c2c0926d74363a38869dd6,2017-10-28T07:12:28.000Z,0.00071,0x1cb2f2c9cc61b6b492768a5d6a3577530da91980,buy,0xdd6c68bb32462e01705011a4e2ad1a60740f217f,0xf3b2abc3cac69d033d9e7ca906897b77b26807d134f890189fbb817f2027e405
194,1000,0.7,0xf61239a874389af457c2c0926d74363a38869dd6,2017-10-28T07:09:54.000Z,0.0007,0x5da39a4e1e267d68cd920238ed01aa3e70ce9204,buy,0xdd6c68bb32462e01705011a4e2ad1a60740f217f,0x8d55981e9beae33e5f6ebd6003b398fa495b54c49f57b8dd0d84af1fff87cf79
195,2000,1.3998,0xf61239a874389af457c2c0926d74363a38869dd6,2017-10-28T07:07:12.000Z,0.0006999,0x11adb32eace8e532e175a01444205415dd22c509,buy,0xdd6c68bb32462e01705011a4e2ad1a60740f217f,0x1389db92fe286294f8697b4b1c8a4120a6ae8d20ebbe56e06d91a23543b4408d
196,554.58,0.3826602,0xf61239a874389af457c2c0926d74363a38869dd6,2017-10-28T06:52:03.000Z,0.00069,0x54804cbd6db2362656f743e4c4306dd4f98e6580,buy,0xdd6c68bb32462e01705011a4e2ad1a60740f217f,0xb2a1d758a05d9de3e27dff65662d8b151edbdd4f1f1b6b8215b6ffc7513749f6
197,1000,0.69,0x00d7cd5fe6f0150ac273571425b673c7caf14dc2,2017-10-28T06:18:07.000Z,0.00069,0x5da39a4e1e267d68cd920238ed01aa3e70ce9204,buy,0xdd6c68bb32462e01705011a4e2ad1a60740f217f,0x8a2229f922228f6c35dfab986a01e0ed0295336845b2ea326417c45c67b85b0b
198,99.69095803010667,0.06230684876881667,0x05fb7c8761582244a62e1c0a6411427935c9e6f4,2017-10-28T04:54:00.000Z,0.000625,0xa87026865603709359ffd0bd24e42dcf1c1cbee9,sell,0xdd6c68bb32462e01705011a4e2ad1a60740f217f,0x0703c818792df0577856bd2b1b1b8fe20b8b6bfecff4e95a9571936f83f09ae5
199,2000,1.25,0xf61239a874389af457c2c0926d74363a38869dd6,2017-10-28T04:52:26.000Z,0.000625,0xb981ecf1ae7d3277d5fc98dcb25204616f8d2629,buy,0xdd6c68bb32462e01705011a4e2ad1a60740f217f,0x85d7c52ce668bac30d31821dafd9bd222726d4af9c0e2519431c446468686660
200,1,0.0085,0x508d8f38f6cf477e9b005063c9bb9455c5da8a57,2017-10-28T02:20:55.000Z,0.0085,0x8c22803790711a1aa80d5f27d228b9110c485801,buy,0xdd6c68bb32462e01705011a4e2ad1a60740f217f,0xd42ea9563d79de274fecca4af82be9e17db3574d19db23e1b7b588e298be28e5
201,400,0.29,0x372fa70eb1d68b67af6c59624ee9ac56ca176ff6,2017-10-28T02:01:34.000Z,0.000725,0xa87026865603709359ffd0bd24e42dcf1c1cbee9,buy,0xdd6c68bb32462e01705011a4e2ad1a60740f217f,0xf0ccf9fb0843b1e11ef5928a36b1f6e50b2c14acd5e27705b97ec70744adbc69
202,888,0.644244,0x372fa70eb1d68b67af6c59624ee9ac56ca176ff6,2017-10-28T01:50:36.000Z,0.0007255,0xdc5f5a9c3eb2f16db36c6c7f889f83dd232d71af,buy,0xdd6c68bb32462e01705011a4e2ad1a60740f217f,0x66ef25948907492edc4bf51148a134a3cc2fddc91d7314e2f31d1cf6c373a709
203,87,0.05307,0x2b5ed4b7619e845766c3ac8aa0d6e922540d6882,2017-10-28T01:27:15.000Z,0.00061,0x4c2280e55f320cec44a8e054b3ed57fe5485b7f1,sell,0xdd6c68bb32462e01705011a4e2ad1a60740f217f,0xd589479f3b63aca8098c6803f39042757bd13c61f7ea3717449cd57124e31e00
204,0.909,0.0006594795,0x1d5321e125f6c7079a716705541c7b371ca79e69,2017-10-28T00:07:20.000Z,0.0007255,0xdc5f5a9c3eb2f16db36c6c7f889f83dd232d71af,buy,0xdd6c68bb32462e01705011a4e2ad1a60740f217f,0xa0e1b7b4940903ea4e877651a457acdd97f4c03fe07cb934acf76f9e3355ad8f
205,0.906281156530408,0.000906281156530408,0xd3f904b74cee33469893dacf6f7890c6e7fc976c,2017-10-28T00:07:20.000Z,0.001,0x1d5321e125f6c7079a716705541c7b371ca79e69,sell,0xdd6c68bb32462e01705011a4e2ad1a60740f217f,0xa0e1b7b4940903ea4e877651a457acdd97f4c03fe07cb934acf76f9e3355ad8f
206,0.098,0.00005586,0x2b5ed4b7619e845766c3ac8aa0d6e922540d6882,2017-10-27T23:49:18.000Z,0.00057,0xed80b41218f243e6750760a1565f9cadeb6a0628,sell,0xdd6c68bb32462e01705011a4e2ad1a60740f217f,0x53a007705464962182e267448f327faa14cf0fb5297de345917059b98bbff836
207,510,0.31161,0xc0cbd93be551016e000482a32c91402af64e587d,2017-10-27T23:12:27.000Z,0.000611,0x14d6a9617a144ac2ee29a309862a3d88ba2820d6,sell,0xdd6c68bb32462e01705011a4e2ad1a60740f217f,0x5bbf3ae22182118222333964b03085d42cdee8d52b4d84cf4e02599528aaf06d
208,50,0.05,0x508d8f38f6cf477e9b005063c9bb9455c5da8a57,2017-10-27T22:46:02.000Z,0.001,0x47709f8497dfb6a77255488769bdb709a8e1dc1c,buy,0xdd6c68bb32462e01705011a4e2ad1a60740f217f,0xb050b30554ea6b74149ca5422f250e674e8b0abad38006cda34e330041464a74
209,2000,1.42,0x25f027aa3805edc5c986ff4794ab24b184ecdcd0,2017-10-27T22:30:38.000Z,0.00071,0x11adb32eace8e532e175a01444205415dd22c509,buy,0xdd6c68bb32462e01705011a4e2ad1a60740f217f,0x855c2d5b5bb3383b2d8acb0c8ba2e7f48aca347a160b70187b6a8075320bc6be
210,8242,6.1815,0x25f027aa3805edc5c986ff4794ab24b184ecdcd0,2017-10-27T22:29:14.000Z,0.00075,0xd07d9349aa2047845a4bd7108efabd24be685c9e,buy,0xdd6c68bb32462e01705011a4e2ad1a60740f217f,0x8e351ec28c9cc7071fafe974855e97d2c4b33b0d5088068440dd347bdc1f58aa
211,15515.223892501946,11.48126568045144,0x25f027aa3805edc5c986ff4794ab24b184ecdcd0,2017-10-27T22:28:29.000Z,0.00074,0x3cc1e0ad933503c9e843d38ca3b3c069ae3a2581,buy,0xdd6c68bb32462e01705011a4e2ad1a60740f217f,0x1c59c37c260871bb911d0bf54dfd3746688cb19943a3c1582ebdc3c4527d1534
212,17.089995,0.010886326815,0x5d0195444d98a66eb3e5412cf186cffeeaf7584d,2017-10-27T22:17:30.000Z,0.000637,0x2b5ed4b7619e845766c3ac8aa0d6e922540d6882,buy,0xdd6c68bb32462e01705011a4e2ad1a60740f217f,0x9965896b053a5f8ae3bf9ca7e76a4fc139b55ccca85e73f0c86fbdc520d748e5
213,27.999999999744286,0.01679999999984657,0x5d0195444d98a66eb3e5412cf186cffeeaf7584d,2017-10-27T22:17:30.000Z,0.0006,0x36abee03cf94ad50d769941bcc44f134233ccb9e,buy,0xdd6c68bb32462e01705011a4e2ad1a60740f217f,0x165e31faca24a93a6f5a9090fa90836e6b8878d6e5d8104d84be17cccdf7e312
214,1442.542,0.99535398,0x5d0195444d98a66eb3e5412cf186cffeeaf7584d,2017-10-27T22:15:56.000Z,0.00069,0x250ced7dff477a3d394d3fc4451bd4b7362e6cff,buy,0xdd6c68bb32462e01705011a4e2ad1a60740f217f,0xa11b32f77131fc0c1e9d014230aa997df92594d8bcfdfe6513378ac19d17a7e8
215,5849,4.0943,0x5d0195444d98a66eb3e5412cf186cffeeaf7584d,2017-10-27T22:15:56.000Z,0.0007,0xe24d336f095f81def9c0fccdef8c6c7952ca27f5,buy,0xdd6c68bb32462e01705011a4e2ad1a60740f217f,0x6c2600e35dda361eaf67046de6fe7e1367a2162930ea3cf115c76f5cafc4e590
216,0.00000000000002,0.000000000000000015,0x25f027aa3805edc5c986ff4794ab24b184ecdcd0,2017-10-27T22:15:42.000Z,0.00075,0x3cc1e0ad933503c9e843d38ca3b3c069ae3a2581,buy,0xdd6c68bb32462e01705011a4e2ad1a60740f217f,0xf9bb08a7f7d8cd742eff1e82b01c62ae6fe25df327b6f92ab8e7c773706e3339
217,0.000000000255715,0.000000000000153429,0x25f027aa3805edc5c986ff4794ab24b184ecdcd0,2017-10-27T22:14:12.000Z,0.0006,0x36abee03cf94ad50d769941bcc44f134233ccb9e,buy,0xdd6c68bb32462e01705011a4e2ad1a60740f217f,0x47b92ac1a0ea79a3b2b2693132c31e9c3af97cee5d78de774e1dde57e86bd575
218,999,0.67932,0x5d0195444d98a66eb3e5412cf186cffeeaf7584d,2017-10-27T22:13:25.000Z,0.00068,0x34eec67ff1ae5febe8b32f6aa73f581ef410f2dd,buy,0xdd6c68bb32462e01705011a4e2ad1a60740f217f,0xab64a7d1f070416b062de61b1db5ae681bf11efaaa37a94b04dff9e4ceb44b0b
219,1918.26,1.31976288,0x5d0195444d98a66eb3e5412cf186cffeeaf7584d,2017-10-27T22:13:25.000Z,0.000688,0xa1ca4df2b64d39ca2b17fa3b1605dcd632792bd7,buy,0xdd6c68bb32462e01705011a4e2ad1a60740f217f,0x4de63517c207abdcdeead9ebae6d8f4f77820cb45d1683631bf660558e782282
220,670,0.4489,0x5d0195444d98a66eb3e5412cf186cffeeaf7584d,2017-10-27T22:13:07.000Z,0.00067,0xcbe8ce16402bfc086cf29b792ae3a2c3ff314d49,buy,0xdd6c68bb32462e01705011a4e2ad1a60740f217f,0xc6bf3429f8aa5f252449287d33a6ffe3d6482883cef7a7e8007b7feb317cecae
221,1000,0.6599,0x5d0195444d98a66eb3e5412cf186cffeeaf7584d,2017-10-27T22:12:02.000Z,0.0006599,0x88650fdbfbb5c7933eb52008c4387050b963747d,buy,0xdd6c68bb32462e01705011a4e2ad1a60740f217f,0xe35f8b6f16509bfee71a8fc94e3de0e93b92a50ed46b5eeea4a66f3f083eeddc
222,1211,0.7747978,0x5d0195444d98a66eb3e5412cf186cffeeaf7584d,2017-10-27T22:11:46.000Z,0.0006398,0x11adb32eace8e532e175a01444205415dd22c509,buy,0xdd6c68bb32462e01705011a4e2ad1a60740f217f,0xcabd964581715e458b4c7b66e40916ada5963d9bd956024dd3cb20455653e7fc
223,3000,1.9107,0x5d0195444d98a66eb3e5412cf186cffeeaf7584d,2017-10-27T22:09:48.000Z,0.0006369,0x632d7de0037bca4cdb13a4189473b7489e051dee,buy,0xdd6c68bb32462e01705011a4e2ad1a60740f217f,0x9ad7baf6088c3a4448ffeb2d786e7828d20d467ead4cc2a3dd374e24838c044f
224,2000,1.278,0x5d0195444d98a66eb3e5412cf186cffeeaf7584d,2017-10-27T22:09:48.000Z,0.000639,0x11adb32eace8e532e175a01444205415dd22c509,buy,0xdd6c68bb32462e01705011a4e2ad1a60740f217f,0xf4814be3cbd1b34537ed3078764fa6496d11fb12925fe19e7697d57ad4433d6c
225,50,0.03,0x5d0195444d98a66eb3e5412cf186cffeeaf7584d,2017-10-27T22:00:53.000Z,0.0006,0xc5812cbf8d77de5c88917732556c320164cad877,buy,0xdd6c68bb32462e01705011a4e2ad1a60740f217f,0xc20886233db6f5ee9c915e75dd9e91e2e8533535b56dbce58418ee864f711cce
226,400,0.244,0x5d0195444d98a66eb3e5412cf186cffeeaf7584d,2017-10-27T22:00:31.000Z,0.00061,0x2b5ed4b7619e845766c3ac8aa0d6e922540d6882,buy,0xdd6c68bb32462e01705011a4e2ad1a60740f217f,0x509d769a2e7b0ae4a8d749cff5c7cf559d4be0ffb8574f94f905f1a95d07adcf
227,400,0.248,0x5d0195444d98a66eb3e5412cf186cffeeaf7584d,2017-10-27T21:59:59.000Z,0.00062,0x0e51b5ca13953f92dc239ac475aebd7c80834746,buy,0xdd6c68bb32462e01705011a4e2ad1a60740f217f,0x933f7d85955a482d3fefdece95de31bfd792512985f3beed3df1cd0f3bc56883
228,763.5,0.4857387,0x5d0195444d98a66eb3e5412cf186cffeeaf7584d,2017-10-27T21:59:54.000Z,0.0006362,0x632d7de0037bca4cdb13a4189473b7489e051dee,buy,0xdd6c68bb32462e01705011a4e2ad1a60740f217f,0x12c73545c466c9654bf14ffc4bb8a0113b4a99c30b275964ad980898c443594d
229,2112,1.34399232,0x5d0195444d98a66eb3e5412cf186cffeeaf7584d,2017-10-27T21:59:54.000Z,0.00063636,0x3970bfdc6bfec512c94ebe41249502293e460580,buy,0xdd6c68bb32462e01705011a4e2ad1a60740f217f,0x47cd07c444febb61e6065f388de20bde04849181ca8c2e2e7c57033f500848b8
230,3000,2.04,0x5d0195444d98a66eb3e5412cf186cffeeaf7584d,2017-10-27T21:58:36.000Z,0.00068,0x3cc1e0ad933503c9e843d38ca3b3c069ae3a2581,buy,0xdd6c68bb32462e01705011a4e2ad1a60740f217f,0x6baacdd904253792700bf1fb0ca1ba5d2e87b9d08e036517f8ff5b68c8054ff9
231,6929.373,4.774337997,0x5d0195444d98a66eb3e5412cf186cffeeaf7584d,2017-10-27T21:57:53.000Z,0.000689,0x7cf28d56ac6c5c2db8f4e028583a36f7e2fca4b6,buy,0xdd6c68bb32462e01705011a4e2ad1a60740f217f,0x5184577ac4636a864a2081942c9e3f260912924779320512ec439ff4880635d5
232,222,0.1332,0xf78e54692d9365552b7e59630dc65add5dcdda7e,2017-10-27T21:33:20.000Z,0.0006,0x36abee03cf94ad50d769941bcc44f134233ccb9e,buy,0xdd6c68bb32462e01705011a4e2ad1a60740f217f,0x926ca3751d800fd80aefb18be1c0696fba8f9b6f61c9c41c1e83a24fe1e35253
233,2888,1.83780768,0x8ce068b63f3846ef88ad7077efc005ab000ec615,2017-10-27T21:05:00.000Z,0.00063636,0x3970bfdc6bfec512c94ebe41249502293e460580,buy,0xdd6c68bb32462e01705011a4e2ad1a60740f217f,0x81b81a346a236f9f5364d0d20704e4c44d46694daa94ad7f20991fcce04155d2
234,126,0.0756,0x10c00bfe152ff45d99bfb9a5da1859b67d007f0d,2017-10-27T21:01:57.000Z,0.0006,0x80479636d971ccc142716436ac94828dee000e86,buy,0xdd6c68bb32462e01705011a4e2ad1a60740f217f,0x10733ca52e8c577986767d0d47edea2d17e68606e66b7187143eb386ce650a74
235,2682.6,1.60956,0x10c00bfe152ff45d99bfb9a5da1859b67d007f0d,2017-10-27T21:01:15.000Z,0.0006,0x3ffaf6d7382bb0bec6aaf56225ae8d0acf85a6e8,buy,0xdd6c68bb32462e01705011a4e2ad1a60740f217f,0xe3f06ec91eeb9a90b5174d1bfbeb3f33830a8cdcab1dc5e64e456386b3a07b5b
236,674.7981472378881,0.3711389809808385,0x07d8c2ce8f9d410e41146e5fb33d3979436233d6,2017-10-27T20:40:13.000Z,0.00055,0x7d5b1cc5b58494fc8f6ffee039a646343cb36cf3,sell,0xdd6c68bb32462e01705011a4e2ad1a60740f217f,0xd74ecc13d45e4a6d347883e27671b6dd06301c6446591c6d7c70d903fe6b5d79
237,300,0.18,0x508d8f38f6cf477e9b005063c9bb9455c5da8a57,2017-10-27T20:08:21.000Z,0.0006,0x64528c495416091f44a638866a6dffcab623d4b0,buy,0xdd6c68bb32462e01705011a4e2ad1a60740f217f,0x286af6c60e697261708c274d61498a6dd57bc28865fd62ad072611d4bb37e9bf
238,250,0.1375,0x508d8f38f6cf477e9b005063c9bb9455c5da8a57,2017-10-27T20:04:50.000Z,0.00055,0x36abee03cf94ad50d769941bcc44f134233ccb9e,buy,0xdd6c68bb32462e01705011a4e2ad1a60740f217f,0x47f0d2c735d90d175ecc42ef80ae595da019812794bc04300ba96d70ebd906f8
239,249.25,0.13085625,0x10c00bfe152ff45d99bfb9a5da1859b67d007f0d,2017-10-27T19:38:27.000Z,0.000525,0xd2ea382e498316d91b9de8557670149b479721a0,sell,0xdd6c68bb32462e01705011a4e2ad1a60740f217f,0x445fa0bf18953d6b009f9d47c2082a5458659c6c6ff09b2c8c9a4640cac971a9
240,250,0.125,0xd2ea382e498316d91b9de8557670149b479721a0,2017-10-27T19:38:27.000Z,0.0005,0x36abee03cf94ad50d769941bcc44f134233ccb9e,buy,0xdd6c68bb32462e01705011a4e2ad1a60740f217f,0x445fa0bf18953d6b009f9d47c2082a5458659c6c6ff09b2c8c9a4640cac971a9
241,1400,0.8666,0x10c00bfe152ff45d99bfb9a5da1859b67d007f0d,2017-10-27T19:27:16.000Z,0.000619,0x26bf3e620ca520f5e00ba1f6b9233911acb56947,buy,0xdd6c68bb32462e01705011a4e2ad1a60740f217f,0x63f6b38748284ddf184d04c1527b30cf1bd442d40e293a08fe91f9197b88890d
242,1514.177668666177,0.9085066011997062,0x10c00bfe152ff45d99bfb9a5da1859b67d007f0d,2017-10-27T19:27:16.000Z,0.0006,0x2b5ed4b7619e845766c3ac8aa0d6e922540d6882,buy,0xdd6c68bb32462e01705011a4e2ad1a60740f217f,0x2db8a8f310973c63ade14398674661e1847f1a13d167660125e881296b7f0ffc
243,249.25,0.1370875,0x10c00bfe152ff45d99bfb9a5da1859b67d007f0d,2017-10-27T19:26:58.000Z,0.00055,0xd1871537e5bc1e3410c01a8600718e63ba305f63,buy,0xdd6c68bb32462e01705011a4e2ad1a60740f217f,0x4691ae2fbd529e87633606c9fba7c6ce5b49afa3164790e19370b9888d8abbd1
244,153.4082634526477,0.08053933831264005,0x10c00bfe152ff45d99bfb9a5da1859b67d007f0d,2017-10-27T19:25:09.000Z,0.000525,0xad5b3fbc469313e21efe4117627a658424091b0a,sell,0xdd6c68bb32462e01705011a4e2ad1a60740f217f,0x2496d525d04aef491081d52b1fb306c1473b923fceba27e76bf8e6883a41af27
245,249.25,0.1221325,0xd1871537e5bc1e3410c01a8600718e63ba305f63,2017-10-27T19:24:08.000Z,0.00049,0xd2ea382e498316d91b9de8557670149b479721a0,sell,0xdd6c68bb32462e01705011a4e2ad1a60740f217f,0x666b1b487b84c0b329842ed74821735b9477ff9e2296baf611e63fe2598236af
246,250,0.11325025,0xd2ea382e498316d91b9de8557670149b479721a0,2017-10-27T19:24:08.000Z,0.000453001,0x36abee03cf94ad50d769941bcc44f134233ccb9e,buy,0xdd6c68bb32462e01705011a4e2ad1a60740f217f,0x666b1b487b84c0b329842ed74821735b9477ff9e2296baf611e63fe2598236af
247,5262.97,3.13146715,0x10c00bfe152ff45d99bfb9a5da1859b67d007f0d,2017-10-27T19:20:15.000Z,0.000595,0xeee25e3f76a267334641ced7314fd8ddb61f934e,buy,0xdd6c68bb32462e01705011a4e2ad1a60740f217f,0x1f34f618790fd2205ec0b6a4e544a2981cadd12c28f2acdb70ea56873387da35
248,45,0.0267749955,0x5e0221c72f941fbc27e8ba90609a7f1594ec068a,2017-10-27T19:16:07.000Z,0.0005949999,0xad5b3fbc469313e21efe4117627a658424091b0a,buy,0xdd6c68bb32462e01705011a4e2ad1a60740f217f,0x51088c98f2e2b0b367f0e861f42687231a06e4731ac39c70be7e5fd29e1d3856
249,198.8834612700628,0.09009440683879973,0xad5b3fbc469313e21efe4117627a658424091b0a,2017-10-27T19:05:39.000Z,0.00045300099999999997,0x53dddbc27e1d909487e291120e779a4c43b8b557,sell,0xdd6c68bb32462e01705011a4e2ad1a60740f217f,0x07e58585a8a352d2c53c6713da5b29696ac130ecd6b020608e9b671497050323
250,676.8900214943255,0.40613401289659534,0x7d5b1cc5b58494fc8f6ffee039a646343cb36cf3,2017-10-27T18:28:06.000Z,0.0006,0x2b5ed4b7619e845766c3ac8aa0d6e922540d6882,buy,0xdd6c68bb32462e01705011a4e2ad1a60740f217f,0x6cb523b2dca0e8da81d28e3579adf24fa6c64d6c9851b1da4dd9a975667d788b
251,100,0.0453,0x80479636d971ccc142716436ac94828dee000e86,2017-10-27T18:14:51.000Z,0.000453,0x9812322b50966b80a544fff56e668a161b6435e5,sell,0xdd6c68bb32462e01705011a4e2ad1a60740f217f,0x0902e09553abd54ee0364c09db0a7839d1c8e5bafc800503404e9877a7c92636
252,26.168876482903,0.01185450104675506,0x80479636d971ccc142716436ac94828dee000e86,2017-10-27T18:14:46.000Z,0.000453,0x04111aa8d920685305fdf701824869c75a8c6589,sell,0xdd6c68bb32462e01705011a4e2ad1a60740f217f,0x50f08ae555d8edb6090c86108814b9083f4fb1b8401c9721495946e8fc09c6db
253,199.99999999999997,0.11999999999999998,0xd2ea382e498316d91b9de8557670149b479721a0,2017-10-27T18:09:06.000Z,0.0006,0x2b5ed4b7619e845766c3ac8aa0d6e922540d6882,buy,0xdd6c68bb32462e01705011a4e2ad1a60740f217f,0x5c21c24ae0c6ea283d97a39453c400125bb8c9b78d4255967a03fdfdfc3bf25c
254,199.4,0.12961,0x0e51b5ca13953f92dc239ac475aebd7c80834746,2017-10-27T18:09:06.000Z,0.00065,0xd2ea382e498316d91b9de8557670149b479721a0,sell,0xdd6c68bb32462e01705011a4e2ad1a60740f217f,0x5c21c24ae0c6ea283d97a39453c400125bb8c9b78d4255967a03fdfdfc3bf25c
255,108.93230983949756,0.06535938590369854,0x2f12f8511a45b526f5c895fc873d6c002988e61a,2017-10-27T18:04:30.000Z,0.0006,0x2b5ed4b7619e845766c3ac8aa0d6e922540d6882,buy,0xdd6c68bb32462e01705011a4e2ad1a60740f217f,0x823643e07665f1632e1a2884f79e9d1de989dc7afff0982e71b70fd21309a3fc
256,50,0.05,0x0e51b5ca13953f92dc239ac475aebd7c80834746,2017-10-27T17:59:48.000Z,0.001,0x47709f8497dfb6a77255488769bdb709a8e1dc1c,buy,0xdd6c68bb32462e01705011a4e2ad1a60740f217f,0x89e236c300d40191ad751768a7ed1f74db2550c79e710d200af9064c764d39b0
257,46,0.0271399954,0x815391bc5038c92105c02b78ce0e4eb208332e68,2017-10-27T17:54:39.000Z,0.0005899999,0xa73de997a32a8f9bcefecc918c4aa607030761b8,buy,0xdd6c68bb32462e01705011a4e2ad1a60740f217f,0x200809669b3276bc53550b474c01a44ab864e4267f54f23af6946718cdb2f0b9
258,50,0.05,0x0e51b5ca13953f92dc239ac475aebd7c80834746,2017-10-27T17:54:36.000Z,0.001,0x47709f8497dfb6a77255488769bdb709a8e1dc1c,buy,0xdd6c68bb32462e01705011a4e2ad1a60740f217f,0x5d5854125953b5a67401fcd9aabfe730a935a5f0e2be3b5977242b56a77046f8
259,4.393,0.0026358,0x815391bc5038c92105c02b78ce0e4eb208332e68,2017-10-27T17:52:59.000Z,0.0006,0xc0d25eec41257298c8501ffbf79253786602a882,buy,0xdd6c68bb32462e01705011a4e2ad1a60740f217f,0x1dde0db8e172bd8d1bad59923fa255fe6063502a2aca929d5c5da7709ba5c89c
260,2.77,0.0016343,0x815391bc5038c92105c02b78ce0e4eb208332e68,2017-10-27T17:52:59.000Z,0.00059,0x51d48ab1a6371b5b5636a18e77eef3b2f8a0a8e5,buy,0xdd6c68bb32462e01705011a4e2ad1a60740f217f,0x42a64416553df1450f4f9dff22067d3d5097bd6fbdbf1724dab3a2e2fd9b4b4b
261,26.471,0.032771098,0x0e51b5ca13953f92dc239ac475aebd7c80834746,2017-10-27T17:51:38.000Z,0.001238,0x3fb5df6d175b7ab55eb208d08a62ba6470ac3a3e,buy,0xdd6c68bb32462e01705011a4e2ad1a60740f217f,0xee4c347a0fbe925b71d3e2d5dd1c58140fc5afd12736f7c57ac6ad4326cd5e8f
262,46,0.0506,0x0e51b5ca13953f92dc239ac475aebd7c80834746,2017-10-27T17:51:29.000Z,0.0011,0x47709f8497dfb6a77255488769bdb709a8e1dc1c,buy,0xdd6c68bb32462e01705011a4e2ad1a60740f217f,0x319ea0e9df466d62bc37b5000eca9a120f0e9812f3391c7d107ccb1a2aa8b618
263,5000,3,0x815391bc5038c92105c02b78ce0e4eb208332e68,2017-10-27T17:49:11.000Z,0.0006,0x43704564fd076c8ad27d38c1ce5e66a098a72fa9,buy,0xdd6c68bb32462e01705011a4e2ad1a60740f217f,0x5862d340d74efebb5a79e6a01d94e942f6688e40be23a4b53b55751628c46c2c
264,24.074678496660354,0.04814935699332071,0x0e51b5ca13953f92dc239ac475aebd7c80834746,2017-10-27T17:37:04.000Z,0.002,0x4bbf730c2512ffc6d059b8e4e6121b711666b603,buy,0xdd6c68bb32462e01705011a4e2ad1a60740f217f,0x8121c19be05989a0bbfabdb35a668108ba0984b9e42ebd18670d60c12eb63ce0
265,1,0.00068,0x6c5b33775b740e5f8cfeded4ea80cbd8cb5f4bfa,2017-10-27T17:31:57.000Z,0.00068,0x34eec67ff1ae5febe8b32f6aa73f581ef410f2dd,buy,0xdd6c68bb32462e01705011a4e2ad1a60740f217f,0x2baaad4615684c73632b32f5e5bfd19476d13af3dacc3f4feeda754b97a121a8
266,99.92532150333965,0.1998506430066793,0x6c5b33775b740e5f8cfeded4ea80cbd8cb5f4bfa,2017-10-27T17:25:17.000Z,0.002,0x4bbf730c2512ffc6d059b8e4e6121b711666b603,buy,0xdd6c68bb32462e01705011a4e2ad1a60740f217f,0xd2747da611e5fc5db4624aa1aaf0aedc57a1ecebc30044bd748863f42f2285d3
267,500,0.3,0x6c5b33775b740e5f8cfeded4ea80cbd8cb5f4bfa,2017-10-27T17:17:02.000Z,0.0006,0x2b5ed4b7619e845766c3ac8aa0d6e922540d6882,buy,0xdd6c68bb32462e01705011a4e2ad1a60740f217f,0x6336ab75d976040140c4c232bc9eaa85e6fe0002a51f3321069e1cab29d06169
268,50,0.05,0x00d7cd5fe6f0150ac273571425b673c7caf14dc2,2017-10-27T16:27:05.000Z,0.001,0x8da78f268eced8e70324fb28955272738163cc05,buy,0xdd6c68bb32462e01705011a4e2ad1a60740f217f,0x495910e11e9b3b83c2e4779e36cbc8bc8bcce07ca045f453d7e17b3bf469edac
269,352.7863622769415,0.16933745389293192,0x632d7de0037bca4cdb13a4189473b7489e051dee,2017-10-27T15:54:41.000Z,0.00048,0x62f970b4d6bb5f1172b9f00ca54bddafe0784207,sell,0xdd6c68bb32462e01705011a4e2ad1a60740f217f,0x36803162f6edb6ae6de26c3ca91c8cb0773302d5a909620e5e73c09928e4ab21
270,758,0.36384,0x632d7de0037bca4cdb13a4189473b7489e051dee,2017-10-27T15:48:30.000Z,0.00048,0xdd53040b4f9c582b1b8ec9f39c8a5dc1cb57812a,sell,0xdd6c68bb32462e01705011a4e2ad1a60740f217f,0xb6bcad844efb1bed496458418d341a957631c4840a7750427713c31f21818c7c
271,285,0.17099715,0x00d7cd5fe6f0150ac273571425b673c7caf14dc2,2017-10-27T15:37:42.000Z,0.00059999,0x068d1a6030bb3e8cf185b0433dd3c48c6d3157b8,buy,0xdd6c68bb32462e01705011a4e2ad1a60740f217f,0x2ce26b5bca877ee672318ff949ab438d8535abd070bffe0cabd8088552ff5ea4
272,5800,2.9696,0xe0d463597d9a53a5fbb5d983427e23661cef6e58,2017-10-27T15:13:28.000Z,0.000512,0xdd53040b4f9c582b1b8ec9f39c8a5dc1cb57812a,sell,0xdd6c68bb32462e01705011a4e2ad1a60740f217f,0xcf7ba1071f1be006e8079e3f728bcffe874beaffdd0d464434bce8e6891a7535
273,2800,1.4336,0xe0d463597d9a53a5fbb5d983427e23661cef6e58,2017-10-27T14:25:13.000Z,0.000512,0xbc7d2fec2005df098404d8ba72efb45efaf884c3,buy,0xdd6c68bb32462e01705011a4e2ad1a60740f217f,0x7549d85ab5c9021e4623148f49f8c5f644c291171cca4375700c3846b3728184
274,200,0.1024,0x87eb8e079ded802c2ee2b34af5641884ae5aec05,2017-10-27T13:58:59.000Z,0.000512,0xbc7d2fec2005df098404d8ba72efb45efaf884c3,buy,0xdd6c68bb32462e01705011a4e2ad1a60740f217f,0x79f20f6374e31ea07e5380eb35374c5b98c640b8bca78ee447721d9a8f4585a3
275,50,0.0256,0xe0d463597d9a53a5fbb5d983427e23661cef6e58,2017-10-27T13:53:03.000Z,0.000512,0x62f970b4d6bb5f1172b9f00ca54bddafe0784207,sell,0xdd6c68bb32462e01705011a4e2ad1a60740f217f,0x3ed0f9807579e4b37b06e21934f370011c1a1b967a96778cc900f6158d88b70c
276,320,0.20384,0x00d7cd5fe6f0150ac273571425b673c7caf14dc2,2017-10-27T13:39:19.000Z,0.000637,0x9f7114925d825fc2505d5c98aa1b4637d91d0087,buy,0xdd6c68bb32462e01705011a4e2ad1a60740f217f,0xb56bc7dc7c322f7eb03cd4549b729569d6fa7d4e04555b58b86e102753a6d410
277,0.172876504329949,0.00009853960746807,0x9812322b50966b80a544fff56e668a161b6435e5,2017-10-27T13:13:58.000Z,0.0005699999999999947,0x258882181b468818ccaa0ff960d9f7847988829e,sell,0xdd6c68bb32462e01705011a4e2ad1a60740f217f,0xbc9192ccbada82ef3c95380ef0e3c556a9aed8867d2da60a4ed41745821f95fe
278,100,0.057,0x9812322b50966b80a544fff56e668a161b6435e5,2017-10-27T13:13:23.000Z,0.00057,0x62f970b4d6bb5f1172b9f00ca54bddafe0784207,sell,0xdd6c68bb32462e01705011a4e2ad1a60740f217f,0x11e4ea246483e7ac3b0b40df69d79ade10f90278803766be6a2de72b224b3c47
279,1734.1242149337056,0.9884508025122122,0x9812322b50966b80a544fff56e668a161b6435e5,2017-10-27T13:11:40.000Z,0.00057,0x258882181b468818ccaa0ff960d9f7847988829e,sell,0xdd6c68bb32462e01705011a4e2ad1a60740f217f,0x4461762069808dc976562da5fe72ae1f90e32b2638d835c2aa8d413847533768
280,350,0.1995,0x6d86598f9ec5d3dc71f54be59aab71f40846f29a,2017-10-27T13:04:19.000Z,0.00057,0x258882181b468818ccaa0ff960d9f7847988829e,buy,0xdd6c68bb32462e01705011a4e2ad1a60740f217f,0xa7a0c2f38ff0511873df60aa7356db573a531bbec1ea7a6e7c64f3a30c04ce54
281,100,0.057,0x9812322b50966b80a544fff56e668a161b6435e5,2017-10-27T12:56:14.000Z,0.00057,0x62f970b4d6bb5f1172b9f00ca54bddafe0784207,sell,0xdd6c68bb32462e01705011a4e2ad1a60740f217f,0xf9cd35adf051fe7224aaba3b24ded2cd4d3cc59e12519e7595d818afdefa48cf
282,789,0.5048022,0x735cd2e79a42bf89ebd477ba2fb02d6b986150b3,2017-10-27T12:54:13.000Z,0.0006398,0x11adb32eace8e532e175a01444205415dd22c509,buy,0xdd6c68bb32462e01705011a4e2ad1a60740f217f,0xda996084facb5f8d80348e50e46e19b02cc641fe8f4b674e333c360592397cc0
283,150,0.0855,0x9812322b50966b80a544fff56e668a161b6435e5,2017-10-27T12:53:22.000Z,0.00057,0x62f970b4d6bb5f1172b9f00ca54bddafe0784207,sell,0xdd6c68bb32462e01705011a4e2ad1a60740f217f,0x681bc12f5f969d4e24bb3591e5f2a0f47accf10a4367d13b6e96ad4c233207f7
284,2000,1.279,0x735cd2e79a42bf89ebd477ba2fb02d6b986150b3,2017-10-27T12:50:07.000Z,0.0006395,0x11adb32eace8e532e175a01444205415dd22c509,buy,0xdd6c68bb32462e01705011a4e2ad1a60740f217f,0x4e304e326fbdebed13cf99306f7adf85c547d1aebebb2dad1d0542a1592efc77
285,330,0.18513,0x9f7114925d825fc2505d5c98aa1b4637d91d0087,2017-10-27T12:48:32.000Z,0.000561,0x62f970b4d6bb5f1172b9f00ca54bddafe0784207,sell,0xdd6c68bb32462e01705011a4e2ad1a60740f217f,0x43de33b3556c94dea55b4f82becbd372bec937fa7c39b527b3a95be79a3596cb
286,0.034616503321544,0.000022497265508672,0x3d06db95dd79a521742c4c31421876efaaf1bbc5,2017-10-27T12:25:34.000Z,0.000649900000000016,0x632d7de0037bca4cdb13a4189473b7489e051dee,buy,0xdd6c68bb32462e01705011a4e2ad1a60740f217f,0xaa79275fdee697c7cdec7caa83a4ad080ed57f9c5ec358a5158240a3fc78402c
287,347.2381448184076,0.2256700703174831,0x3d06db95dd79a521742c4c31421876efaaf1bbc5,2017-10-27T12:24:39.000Z,0.0006499,0x632d7de0037bca4cdb13a4189473b7489e051dee,buy,0xdd6c68bb32462e01705011a4e2ad1a60740f217f,0x863a8841809bc6515a4f4591b6c13680d37d074a52c1363530f1088f3d3f4093
288,2000,1.25,0x3d06db95dd79a521742c4c31421876efaaf1bbc5,2017-10-27T12:23:51.000Z,0.000625,0x6ef6e0031e822a76777323c8cb3e5ed109b189a8,buy,0xdd6c68bb32462e01705011a4e2ad1a60740f217f,0xcad9a224a2b8c51c9a038fa0e483e94681aa9497a9ad9f4a196b3973c2bb0307
289,5000,3.1,0x9812322b50966b80a544fff56e668a161b6435e5,2017-10-27T12:21:48.000Z,0.00062,0xe09e53a8538cf699f832c271257ccdbf0ada754b,buy,0xdd6c68bb32462e01705011a4e2ad1a60740f217f,0xcf213e66c2aa4d29af960c155441622e891a06692f1ccc3192d47e4b56611e15
290,1455.435,0.9023697,0xd3f904b74cee33469893dacf6f7890c6e7fc976c,2017-10-27T12:21:48.000Z,0.00062,0x2b5ed4b7619e845766c3ac8aa0d6e922540d6882,sell,0xdd6c68bb32462e01705011a4e2ad1a60740f217f,0x31fae29180b9ca0ddf4f45b96394fa405a893b8b1e0aa9f6f752851c5371ea46
291,144.565,0.0896303,0xd3f904b74cee33469893dacf6f7890c6e7fc976c,2017-10-27T12:20:11.000Z,0.00062,0x273a5d3e6721b9f5c1a6474f560c1334c63dda01,sell,0xdd6c68bb32462e01705011a4e2ad1a60740f217f,0xd995f14d442c17d1ce3b09514ee901f9e87d9e70d675b22d3d48cab3fd562de4
292,145,0.08845,0x273a5d3e6721b9f5c1a6474f560c1334c63dda01,2017-10-27T12:20:11.000Z,0.00061,0xe09e53a8538cf699f832c271257ccdbf0ada754b,buy,0xdd6c68bb32462e01705011a4e2ad1a60740f217f,0xd995f14d442c17d1ce3b09514ee901f9e87d9e70d675b22d3d48cab3fd562de4
293,269.145,0.16417845,0x00d7cd5fe6f0150ac273571425b673c7caf14dc2,2017-10-27T11:59:35.000Z,0.00061,0x2b5ed4b7619e845766c3ac8aa0d6e922540d6882,buy,0xdd6c68bb32462e01705011a4e2ad1a60740f217f,0xeb27c9ac71281e83742269a289948b86ff38e0b1bfebfcbe31124fe4979e2d94
294,730,0.4453,0xb7cfda0bff90d7a0af70328c55545346b4441090,2017-10-27T11:47:19.000Z,0.00061,0x2b5ed4b7619e845766c3ac8aa0d6e922540d6882,buy,0xdd6c68bb32462e01705011a4e2ad1a60740f217f,0x93c42412b8fb35a7962916526104f33f405e01a6e4b364258d8f612eba9fede9
295,3000,1.503,0x632d7de0037bca4cdb13a4189473b7489e051dee,2017-10-27T11:43:02.000Z,0.000501,0xe0d463597d9a53a5fbb5d983427e23661cef6e58,sell,0xdd6c68bb32462e01705011a4e2ad1a60740f217f,0x1100f277af8b666b34ef3d770dffa7549b5fbec3c69a1d7ce8c6d5a6c6d2ce17
296,4187.02023726448,2.0997906489881366,0xe0d463597d9a53a5fbb5d983427e23661cef6e58,2017-10-27T11:40:16.000Z,0.0005015,0xa3999ee72cb7888c9690329a94bfc7396ca7eca8,sell,0xdd6c68bb32462e01705011a4e2ad1a60740f217f,0x84f7658ab0076880a18a336053948e711245ffc13fa7245328889726681acefe
297,1584.625,0.958698125,0x00d7cd5fe6f0150ac273571425b673c7caf14dc2,2017-10-27T11:40:04.000Z,0.000605,0xc0d25eec41257298c8501ffbf79253786602a882,buy,0xdd6c68bb32462e01705011a4e2ad1a60740f217f,0x96b3fc24786bac57132f52ef6e1e0f64f47d986267c0d2137f7450d2d4f896fd
298,1471.3917530420922,0.7680664950879722,0xe0d463597d9a53a5fbb5d983427e23661cef6e58,2017-10-27T11:24:55.000Z,0.000522,0x624ac07e97de8027272b0c1f27b706a371ef49b1,sell,0xdd6c68bb32462e01705011a4e2ad1a60740f217f,0xdf08f7808eb69c624550144d33223517af32995c6b9b7836d0a3bc7586d295f2
299,1000,0.57,0x00d7cd5fe6f0150ac273571425b673c7caf14dc2,2017-10-27T11:23:07.000Z,0.00057,0xc0d25eec41257298c8501ffbf79253786602a882,buy,0xdd6c68bb32462e01705011a4e2ad1a60740f217f,0x908c7022ac7e127826ddc64a8476956a60fc311a8fa5bc7c0c00b8261dec26a8
300,1920.1647652277939,1.0176873255707308,0xe0d463597d9a53a5fbb5d983427e23661cef6e58,2017-10-27T11:23:07.000Z,0.00053,0x624ac07e97de8027272b0c1f27b706a371ef49b1,sell,0xdd6c68bb32462e01705011a4e2ad1a60740f217f,0xcd9fa3ae32232a4b7ceceb1c16d4a2706884f10bac1c922aac6feff6e68b207b
301,776.891,0.41952114,0x2b5ed4b7619e845766c3ac8aa0d6e922540d6882,2017-10-27T11:21:48.000Z,0.00054,0x624ac07e97de8027272b0c1f27b706a371ef49b1,sell,0xdd6c68bb32462e01705011a4e2ad1a60740f217f,0x5ba287036409d3072d5ac216d993218c6de09697240bd158110b41a899ced0f6
302,4200,2.2302,0xe0d463597d9a53a5fbb5d983427e23661cef6e58,2017-10-27T11:20:43.000Z,0.000531,0x624ac07e97de8027272b0c1f27b706a371ef49b1,sell,0xdd6c68bb32462e01705011a4e2ad1a60740f217f,0x2a55b4a0df0c6f1198299362378fd1d3af9688f739b87b5670f6d58de83f4a49
303,2100,1.092,0x2b5ed4b7619e845766c3ac8aa0d6e922540d6882,2017-10-27T11:19:27.000Z,0.00052,0x624ac07e97de8027272b0c1f27b706a371ef49b1,sell,0xdd6c68bb32462e01705011a4e2ad1a60740f217f,0x927e1e17aed88db7122030cb73a49d023f5e89ac3e54140b91f84d020bea30f9
304,414.13258286955937,0.23895450031573576,0x21875070da0bc64f0d29d66dad5b81847bdf177c,2017-10-27T11:18:22.000Z,0.000577,0xc0d25eec41257298c8501ffbf79253786602a882,sell,0xdd6c68bb32462e01705011a4e2ad1a60740f217f,0x2deffb87bb159ee01f936bf3b2d805cd20ef30dc2e54a0cd8c2f484419307105
305,0.001581680335969,0.000000912629553854,0x21875070da0bc64f0d29d66dad5b81847bdf177c,2017-10-27T11:12:49.000Z,0.0005769999999999286,0xf80afd06fc0fb611bb04ba6e7aeb8cc75e4da72e,sell,0xdd6c68bb32462e01705011a4e2ad1a60740f217f,0x5319dd24c743a7016f1b91d60e974e34db2e7b1568e7db13a557be5735ccca04
306,15.865835450104676,0.009154587054710396,0x21875070da0bc64f0d29d66dad5b81847bdf177c,2017-10-27T11:10:22.000Z,0.0005769999999999999,0xf80afd06fc0fb611bb04ba6e7aeb8cc75e4da72e,sell,0xdd6c68bb32462e01705011a4e2ad1a60740f217f,0xab4fd062a3aad3145c69746830dacb2f185e4c90a4596cdb985f9f6d5e4510e4
307,1.999,0.00147926,0xf80afd06fc0fb611bb04ba6e7aeb8cc75e4da72e,2017-10-27T11:06:33.000Z,0.00074,0x3cc1e0ad933503c9e843d38ca3b3c069ae3a2581,buy,0xdd6c68bb32462e01705011a4e2ad1a60740f217f,0x86dd646524e8ceb7410feb4023e34817574d688bde81227128ce77a9cd38365c
308,1695.602,1.0173612,0x00d7cd5fe6f0150ac273571425b673c7caf14dc2,2017-10-27T11:06:33.000Z,0.0006,0xc0d25eec41257298c8501ffbf79253786602a882,buy,0xdd6c68bb32462e01705011a4e2ad1a60740f217f,0xaa8b96f0df5dcf5208a4dc8a6a009123fc47eb1834efd9f93837cc9ef51746ef
309,3.898,0.00288452,0xf80afd06fc0fb611bb04ba6e7aeb8cc75e4da72e,2017-10-27T11:05:43.000Z,0.00074,0x3cc1e0ad933503c9e843d38ca3b3c069ae3a2581,buy,0xdd6c68bb32462e01705011a4e2ad1a60740f217f,0xedef647d0c12c5b403f2e07161899bc9fcecaf066a1cd0c7e0cdef6654ddd81a
310,579.8352347722061,0.30731267442926924,0xe0d463597d9a53a5fbb5d983427e23661cef6e58,2017-10-27T11:05:43.000Z,0.00053,0xe28541fcbfc65e99c49fae3588043448dd791179,sell,0xdd6c68bb32462e01705011a4e2ad1a60740f217f,0x9a12ee4870118d84015aecef0c5c8cb1b8ad4d1fcf35601b6202a7d79b8b9b35
311,1.458,0.00100602,0xf80afd06fc0fb611bb04ba6e7aeb8cc75e4da72e,2017-10-27T11:04:42.000Z,0.00069,0x250ced7dff477a3d394d3fc4451bd4b7362e6cff,buy,0xdd6c68bb32462e01705011a4e2ad1a60740f217f,0x9d7e44220ad9b28bc3d2a5cfbdbcfd03036cf40b944ef5e03adbca1d0e000543
312,0.8547,0.000521367,0xf80afd06fc0fb611bb04ba6e7aeb8cc75e4da72e,2017-10-27T11:04:29.000Z,0.00061,0x2b5ed4b7619e845766c3ac8aa0d6e922540d6882,buy,0xdd6c68bb32462e01705011a4e2ad1a60740f217f,0x06531f0e0b46adca8255366b7347f366447b0e462ba9f487e9c97fee1c5d39a8
313,0.005,0.000003,0xf80afd06fc0fb611bb04ba6e7aeb8cc75e4da72e,2017-10-27T11:04:19.000Z,0.0006,0xc0d25eec41257298c8501ffbf79253786602a882,buy,0xdd6c68bb32462e01705011a4e2ad1a60740f217f,0x8963bec1795328d1ac0e70fe59cb7eab84602319a4eb4bdabe0917985ea44dd5
314,2002,1.04104,0xe0d463597d9a53a5fbb5d983427e23661cef6e58,2017-10-27T11:04:19.000Z,0.00052,0xc0d25eec41257298c8501ffbf79253786602a882,sell,0xdd6c68bb32462e01705011a4e2ad1a60740f217f,0xe35fc0c7b489c4d1185ab9081d35f0ae4176157c1a3246274c8bad29ff7389da
315,2002,1.04104,0xe0d463597d9a53a5fbb5d983427e23661cef6e58,2017-10-27T11:03:44.000Z,0.00052,0xc0d25eec41257298c8501ffbf79253786602a882,sell,0xdd6c68bb32462e01705011a4e2ad1a60740f217f,0xe35fc0c7b489c4d1185ab9081d35f0ae4176157c1a3246274c8bad29ff7389da
316,50,0.03299,0x540e0299db8b33ec1bde2c466bcc6466c8c62acf,2017-10-27T10:58:43.000Z,0.0006598,0x3e59031307164778c10b4548fc8dbe3fb3dcecad,buy,0xdd6c68bb32462e01705011a4e2ad1a60740f217f,0x180c49f51e15ec81d26d552e6d31029cfa74ad24a6773ee6636f1a42e795b1b5
317,200,0.12,0x540e0299db8b33ec1bde2c466bcc6466c8c62acf,2017-10-27T10:57:25.000Z,0.0006,0xc0d25eec41257298c8501ffbf79253786602a882,buy,0xdd6c68bb32462e01705011a4e2ad1a60740f217f,0x808e8e205cd41844e830ebeb295f1ba5b88125dca88ba54dab2f0934a2229b18
318,3000,1.53,0x2b5ed4b7619e845766c3ac8aa0d6e922540d6882,2017-10-27T10:56:57.000Z,0.00051,0xc0d25eec41257298c8501ffbf79253786602a882,sell,0xdd6c68bb32462e01705011a4e2ad1a60740f217f,0xffc0710f33634c96c1e478489841d93ce5809a476307327d2c2c21b7405677d5
319,1800,1.08,0xe0d463597d9a53a5fbb5d983427e23661cef6e58,2017-10-27T10:56:57.000Z,0.0006,0xc0d25eec41257298c8501ffbf79253786602a882,buy,0xdd6c68bb32462e01705011a4e2ad1a60740f217f,0xf322b9add947c4a84aaa26edc6a81cda62268d4516615094ba5ee37940420c7e
320,1729,0.907725,0x1804111464a198d8b0450bdbf7cb9fd65a903baf,2017-10-27T10:52:29.000Z,0.000525,0xc0d25eec41257298c8501ffbf79253786602a882,sell,0xdd6c68bb32462e01705011a4e2ad1a60740f217f,0x0943e3ddccb84e8eca183a08a1993c19697ae4da1ad6dea15b01c4fd51761b80
321,1535,1.0126395,0x00d7cd5fe6f0150ac273571425b673c7caf14dc2,2017-10-27T10:44:50.000Z,0.0006597,0x50f97906123dde50fd8511908b625c3b1ebf878b,buy,0xdd6c68bb32462e01705011a4e2ad1a60740f217f,0x2ef1a56a9e0a30bcf56f43836dd47c87997398014be4597006ff083a7c59a409
322,719.05,0.4242395,0x00d7cd5fe6f0150ac273571425b673c7caf14dc2,2017-10-27T10:41:17.000Z,0.00059,0xc20ba3d0ce47f54ea2f160e87dae916a58fb903f,buy,0xdd6c68bb32462e01705011a4e2ad1a60740f217f,0x95637dd52c0f05ab56932f718041059097f8bdd24fb2abc7d54cabb80f39d88b
323,2046.7545054119723,0.8309823291972607,0x4ceb7b864b7172219d769668f97ebbd6b137e9f4,2017-10-27T10:40:33.000Z,0.000406,0xb9a9c45881af3948a65dc35a899b02894392c6bb,sell,0xdd6c68bb32462e01705011a4e2ad1a60740f217f,0x7211d21f6da421b4fefe3c463f3bc5f080205931521f5ca5c53c7f46ea96d5f6
324,275.042,0.150998058,0x00d7cd5fe6f0150ac273571425b673c7caf14dc2,2017-10-27T10:39:15.000Z,0.000549,0x91bff8a22b483e1ac522b259a662dbab431cd651,buy,0xdd6c68bb32462e01705011a4e2ad1a60740f217f,0xc15fcb7959f08e81e07738edb92ddc993bdfa5a3144a0a115b6a42b3a9eed5bf
325,200,0.10958,0x00d7cd5fe6f0150ac273571425b673c7caf14dc2,2017-10-27T10:38:26.000Z,0.0005479,0x3162f2032ddce11a87098cc13fcc6117ebe92f95,buy,0xdd6c68bb32462e01705011a4e2ad1a60740f217f,0x3e7d1ac697604de43bede7e78c31f33b19be7e40df764a433ce300c41cef0ed4
326,0.23445,0.0000445455,0x51d48ab1a6371b5b5636a18e77eef3b2f8a0a8e5,2017-10-27T10:38:11.000Z,0.00019,0xf80afd06fc0fb611bb04ba6e7aeb8cc75e4da72e,sell,0xdd6c68bb32462e01705011a4e2ad1a60740f217f,0xe1dba1ab95058bf3e38b41b1c85df8f6179c7dd74f4cf49c64ed80bb2e5d532a
327,0.0012,0.000000216,0xfa7424ee742e9bec6b8100fc9ca0295696a97248,2017-10-27T10:37:32.000Z,0.00018,0xf80afd06fc0fb611bb04ba6e7aeb8cc75e4da72e,sell,0xdd6c68bb32462e01705011a4e2ad1a60740f217f,0x8d5264d8ba7bf90da222ba92e68f4cf50cd3b4d6ccacb9dee12e6e36845682c3
328,0.0002,0.000000036,0xfa7424ee742e9bec6b8100fc9ca0295696a97248,2017-10-27T10:37:19.000Z,0.00018,0xf80afd06fc0fb611bb04ba6e7aeb8cc75e4da72e,sell,0xdd6c68bb32462e01705011a4e2ad1a60740f217f,0x2327e2f99ff9b580b0272a4d806aa134912639a57dde16e5c858326e36acb7e6
329,3000,1.64391,0x00d7cd5fe6f0150ac273571425b673c7caf14dc2,2017-10-27T10:35:46.000Z,0.00054797,0x3162f2032ddce11a87098cc13fcc6117ebe92f95,buy,0xdd6c68bb32462e01705011a4e2ad1a60740f217f,0x6ce9c212d7671e6d4f5edd5c605bf39065c9a8f7c2912d9646dad9d1bedc4a78
330,950,0.520581,0x00d7cd5fe6f0150ac273571425b673c7caf14dc2,2017-10-27T10:34:10.000Z,0.00054798,0xd1871537e5bc1e3410c01a8600718e63ba305f63,buy,0xdd6c68bb32462e01705011a4e2ad1a60740f217f,0xfb99d884cd9458a297dfee787cb18edb68eb41b944f01d86d25bce6239baf2a2
331,3000,1.644,0x00d7cd5fe6f0150ac273571425b673c7caf14dc2,2017-10-27T10:30:54.000Z,0.000548,0x3162f2032ddce11a87098cc13fcc6117ebe92f95,buy,0xdd6c68bb32462e01705011a4e2ad1a60740f217f,0x1e38ce6f9a35ace89b7aaf9610c50e6fe0b0c82f6a150ba6bd82f3ea57ec1f4f
332,0.04,0.0000076,0x51d48ab1a6371b5b5636a18e77eef3b2f8a0a8e5,2017-10-27T10:28:53.000Z,0.00019,0xf80afd06fc0fb611bb04ba6e7aeb8cc75e4da72e,sell,0xdd6c68bb32462e01705011a4e2ad1a60740f217f,0xb8e0a4c6a74a44c0b4ebc35c23e19a3a4e79430f8de4cc81bb51ec25fb6498ab
333,0.00417,0.0000007923,0x51d48ab1a6371b5b5636a18e77eef3b2f8a0a8e5,2017-10-27T10:28:02.000Z,0.00019,0xf80afd06fc0fb611bb04ba6e7aeb8cc75e4da72e,sell,0xdd6c68bb32462e01705011a4e2ad1a60740f217f,0x929dfedf6f725d09d3750e9d9fcc5470203a8856889c66f599ee7bfbc4482178
334,3000,1.2,0x4ceb7b864b7172219d769668f97ebbd6b137e9f4,2017-10-27T10:28:02.000Z,0.0004,0xb9a9c45881af3948a65dc35a899b02894392c6bb,sell,0xdd6c68bb32462e01705011a4e2ad1a60740f217f,0x2ef9e87e1336aeaa827aa9d1fc292aaa5ca2164dc02ffb2010d84244080344ee
335,0.0045,0.0000009000045,0x3b7e651384e2eb31ed894a5843cb23215420b5b0,2017-10-27T10:27:36.000Z,0.000200001,0xf80afd06fc0fb611bb04ba6e7aeb8cc75e4da72e,sell,0xdd6c68bb32462e01705011a4e2ad1a60740f217f,0x9c1fdb771e9e11896d44f9e693a0bcffc4ca2139e7a3c271849ae9a0d8df9432
336,0.0023,0.000000414,0xfa7424ee742e9bec6b8100fc9ca0295696a97248,2017-10-27T10:27:29.000Z,0.00018,0xf80afd06fc0fb611bb04ba6e7aeb8cc75e4da72e,sell,0xdd6c68bb32462e01705011a4e2ad1a60740f217f,0x3d2c425d32453ed04b36ab28b159e56ffba0eb847a0f03ce4e1b67888f79443b
337,1,0.00019,0x51d48ab1a6371b5b5636a18e77eef3b2f8a0a8e5,2017-10-27T10:26:11.000Z,0.00019,0xf80afd06fc0fb611bb04ba6e7aeb8cc75e4da72e,sell,0xdd6c68bb32462e01705011a4e2ad1a60740f217f,0x77c55e524e5ce9d0491d3c0da63776c480fada9188673fd877c6754d4bf4e7dd
338,0.5,0.00009,0xfa7424ee742e9bec6b8100fc9ca0295696a97248,2017-10-27T10:25:53.000Z,0.00018,0xf80afd06fc0fb611bb04ba6e7aeb8cc75e4da72e,sell,0xdd6c68bb32462e01705011a4e2ad1a60740f217f,0x425d35b241694ecce65b0985c5dc415aff458ebe553783b0c0518660d1930950
339,0.5,0.000095,0x51d48ab1a6371b5b5636a18e77eef3b2f8a0a8e5,2017-10-27T10:25:34.000Z,0.00019,0xf80afd06fc0fb611bb04ba6e7aeb8cc75e4da72e,sell,0xdd6c68bb32462e01705011a4e2ad1a60740f217f,0x459bb8c90f3eb9ab939f728fa5f14cbaafdc5e9d2376a32043b9633ff67869d3
340,0.5,0.000095,0x51d48ab1a6371b5b5636a18e77eef3b2f8a0a8e5,2017-10-27T10:25:22.000Z,0.00019,0xf80afd06fc0fb611bb04ba6e7aeb8cc75e4da72e,sell,0xdd6c68bb32462e01705011a4e2ad1a60740f217f,0x8f3d3f5be8f9a9c651efd25fcecc9cc1930505efe100a453560b18941d058c7d
341,0.5,0.000095,0x51d48ab1a6371b5b5636a18e77eef3b2f8a0a8e5,2017-10-27T10:24:59.000Z,0.00019,0xf80afd06fc0fb611bb04ba6e7aeb8cc75e4da72e,sell,0xdd6c68bb32462e01705011a4e2ad1a60740f217f,0xaa06b190476f01f28ba8329d56fd58a1c571b7ff4c2b796a33e5f0d66ef3f0c5
342,4800,2.62992,0xe0d463597d9a53a5fbb5d983427e23661cef6e58,2017-10-27T10:24:59.000Z,0.0005479,0x3162f2032ddce11a87098cc13fcc6117ebe92f95,buy,0xdd6c68bb32462e01705011a4e2ad1a60740f217f,0xcfd134d05e52c7a78d0aa06fc7cee1aac1e15a72647e8abf4543e4f476024c5e
343,0.5,0.000103,0xfa7424ee742e9bec6b8100fc9ca0295696a97248,2017-10-27T10:24:51.000Z,0.000206,0xf80afd06fc0fb611bb04ba6e7aeb8cc75e4da72e,sell,0xdd6c68bb32462e01705011a4e2ad1a60740f217f,0xa439c101d397159905f4f3388f0a84ab99d4bfe34d3e3f9d9bb9d9ff93926e22
344,0.5,0.0001,0xad6311e899ca6b6e8f3a475a34a570a8706790b4,2017-10-27T10:24:51.000Z,0.0002,0xf80afd06fc0fb611bb04ba6e7aeb8cc75e4da72e,sell,0xdd6c68bb32462e01705011a4e2ad1a60740f217f,0x4bda853b9bb74cd61ff2d7e90ff27abe03c26b70d7755bdc104c61071df19fd2
345,1000,0.5,0x00d7cd5fe6f0150ac273571425b673c7caf14dc2,2017-10-27T10:24:01.000Z,0.0005,0x2b5ed4b7619e845766c3ac8aa0d6e922540d6882,buy,0xdd6c68bb32462e01705011a4e2ad1a60740f217f,0x2127bb9ebf3c9c55fca062ff4887f1f95522c4f57093d356065a7d9bae8b1820
346,3000,1.5,0x00d7cd5fe6f0150ac273571425b673c7caf14dc2,2017-10-27T10:21:34.000Z,0.0005,0x2b5ed4b7619e845766c3ac8aa0d6e922540d6882,buy,0xdd6c68bb32462e01705011a4e2ad1a60740f217f,0xc9cc8ff3dc49f7904d5c534165a0a7035abd59b6a6323638d81b6ea28909c975
347,1000,0.5,0x00d7cd5fe6f0150ac273571425b673c7caf14dc2,2017-10-27T10:10:38.000Z,0.0005,0x2b5ed4b7619e845766c3ac8aa0d6e922540d6882,buy,0xdd6c68bb32462e01705011a4e2ad1a60740f217f,0x060f0da63899e2ec16f9155418c01abfa33d39ab6cf4738adfaade5928538623
348,12,0.00528,0xf80afd06fc0fb611bb04ba6e7aeb8cc75e4da72e,2017-10-27T09:52:12.000Z,0.00044,0xb9a9c45881af3948a65dc35a899b02894392c6bb,sell,0xdd6c68bb32462e01705011a4e2ad1a60740f217f,0xb3804727733769e16f84cbeb444769a9a5e16b729ac0a05fcc5ec6a93fb4a320
349,4501.5,1.8006,0x2b5ed4b7619e845766c3ac8aa0d6e922540d6882,2017-10-27T09:50:38.000Z,0.0004,0xb9a9c45881af3948a65dc35a899b02894392c6bb,sell,0xdd6c68bb32462e01705011a4e2ad1a60740f217f,0x839e3f95e23e9b4f295b59b011d15d81f9877c0323acd79c995325c8416f9e5b
350,498.5,0.1994,0x2b5ed4b7619e845766c3ac8aa0d6e922540d6882,2017-10-27T09:49:02.000Z,0.0004,0xd2ea382e498316d91b9de8557670149b479721a0,sell,0xdd6c68bb32462e01705011a4e2ad1a60740f217f,0x2daab239407ffbc32688cd82931cf71ffe0139ccc7ce4b1644006d0c28f54206
351,500,0.170225,0xd2ea382e498316d91b9de8557670149b479721a0,2017-10-27T09:49:02.000Z,0.00034045,0xa67d716cb43141d2d186e7ed21cfd26299f8c84d,buy,0xdd6c68bb32462e01705011a4e2ad1a60740f217f,0x2daab239407ffbc32688cd82931cf71ffe0139ccc7ce4b1644006d0c28f54206
352,418.26,0.19156308,0xa1ca4df2b64d39ca2b17fa3b1605dcd632792bd7,2017-10-27T09:23:44.000Z,0.000458,0x62bf8f52e67457a0d52437e8fa44d3a3121db041,buy,0xdd6c68bb32462e01705011a4e2ad1a60740f217f,0xcd826a71b52f5e03ae449f79fb158e5ae52712b892a8c9cf77adb8bba78d27b2
353,5990.5592662745485,1.9888656764031503,0xd605b2483b18133c30939b7ea56c8fa7f5d3c7ec,2017-10-27T09:03:58.000Z,0.000332,0xb4cfcb2b61bae99448176e1253a2916923cda0dc,sell,0xdd6c68bb32462e01705011a4e2ad1a60740f217f,0x4a5c080f0cddb9a7d10cfca3e1b2a35402605835c23d698f246be1f9f52fabea
354,290,0.1015,0xad7944e6baa2ffcfbe96329f07b3bef456d18287,2017-10-27T09:03:27.000Z,0.00035,0xb4cfcb2b61bae99448176e1253a2916923cda0dc,sell,0xdd6c68bb32462e01705011a4e2ad1a60740f217f,0x6583fe7aeaa48bf93fcfa3fe9ecf327bbd2443f979aa1aff329359ef0451b8dc
355,580,0.24476,0xf142121888da843ec0f7690e88ec1073bc91561d,2017-10-27T08:45:44.000Z,0.000422,0x62bf8f52e67457a0d52437e8fa44d3a3121db041,sell,0xdd6c68bb32462e01705011a4e2ad1a60740f217f,0x77447d6be0c191e42bc4ea9614e2ee8334822f089b29d4d24cac1d71159a702f
356,3.829,0.00188000071,0xb9a9c45881af3948a65dc35a899b02894392c6bb,2017-10-27T08:23:53.000Z,0.00049099,0x0f1b76410215ed963ea2c3d3eaddd4a56350b422,buy,0xdd6c68bb32462e01705011a4e2ad1a60740f217f,0x3c6b379d398dd8cf867d4a88815132396dad7f095af02c06a85ef6c2bd311eca
357,420,0.19698,0xf142121888da843ec0f7690e88ec1073bc91561d,2017-10-27T07:27:14.000Z,0.000469,0xad7c44bde6558a9b78986acdb0d2e23b0f63e8ab,buy,0xdd6c68bb32462e01705011a4e2ad1a60740f217f,0x6badf87b56c5d94528381defe5851261e3fa1fea54723f3862c07175d9856b47
358,1000,0.458,0x34eec67ff1ae5febe8b32f6aa73f581ef410f2dd,2017-10-27T07:18:56.000Z,0.000458,0x6937ef203de9fefb2110ed968fb261721fb50a01,buy,0xdd6c68bb32462e01705011a4e2ad1a60740f217f,0xbb8da06f8fbe12c73a15df330436434a9616ca22df0e8fa7c6725e0e5e5977a3
359,0.000005494542187,0.000000001703308077,0xd605b2483b18133c30939b7ea56c8fa7f5d3c7ec,2017-10-27T06:04:36.000Z,0.00030999999982346115,0xf81b3beedd011a715cacb3724873ddcc3053f6ef,sell,0xdd6c68bb32462e01705011a4e2ad1a60740f217f,0x7ff61c74e482b09ceca7154510b1bef95e449970e621d6b2ab625852ff981725
360,0.055115752671057,0.000017085883328027,0xd605b2483b18133c30939b7ea56c8fa7f5d3c7ec,2017-10-27T06:03:42.000Z,0.00030999999999998786,0xf81b3beedd011a715cacb3724873ddcc3053f6ef,sell,0xdd6c68bb32462e01705011a4e2ad1a60740f217f,0x17cc3356540537ea833f59db3caa3099611a03fc77d7700aaf744ef2bb1be32c
361,750.53,0.3302332,0x34eec67ff1ae5febe8b32f6aa73f581ef410f2dd,2017-10-27T06:03:20.000Z,0.00044,0xc79ab1cb52c8c6cbbc7e8992d78037a3b5d75c35,buy,0xdd6c68bb32462e01705011a4e2ad1a60740f217f,0x368a5b2f1d7e4ec9ae66b112856650b42912acf88dd0a89d54b955966464ffee
362,523.9,0.19672439761,0x07d8c2ce8f9d410e41146e5fb33d3979436233d6,2017-10-27T00:40:44.000Z,0.0003754999,0xad5b3fbc469313e21efe4117627a658424091b0a,buy,0xdd6c68bb32462e01705011a4e2ad1a60740f217f,0x59e8a5eb66a78935f212da70a647850f738bc9439d62450e6e49ea440111dcdc
363,1000,0.4,0x07d8c2ce8f9d410e41146e5fb33d3979436233d6,2017-10-27T00:39:30.000Z,0.0004,0x54409c45877a9877a724bdfc941dd5a16ac0f0c8,buy,0xdd6c68bb32462e01705011a4e2ad1a60740f217f,0x38d1e555fdc53d685a040657a1a3848dcaba8bce97651164792f8ebec519e764
364,1000,0.398,0x07d8c2ce8f9d410e41146e5fb33d3979436233d6,2017-10-27T00:36:27.000Z,0.000398,0x34eec67ff1ae5febe8b32f6aa73f581ef410f2dd,buy,0xdd6c68bb32462e01705011a4e2ad1a60740f217f,0x7068c73eaabfb337e3c7520a10f5a9ca84701aee653ec3d4da2fa80c3d1a4846
365,4000,1.508,0x07d8c2ce8f9d410e41146e5fb33d3979436233d6,2017-10-27T00:34:19.000Z,0.000377,0x3162f2032ddce11a87098cc13fcc6117ebe92f95,buy,0xdd6c68bb32462e01705011a4e2ad1a60740f217f,0x252464d8ec385d4d9fa44e38cc7065134237bbd07c744e83434e89c934e132aa
366,3150,1.18755,0x41f02a16d182039eb37ee57f50c59f9c6911dab9,2017-10-26T23:10:44.000Z,0.000377,0x3162f2032ddce11a87098cc13fcc6117ebe92f95,buy,0xdd6c68bb32462e01705011a4e2ad1a60740f217f,0xba5d53a8292d9a59a9bd3c414295de8bc94dd5f5a19c2d0310df9333c1365f44
367,1.719208034225326,0.00044871329693281,0xbd1eb239187230805d80a3a2274ef56fef7c449f,2017-10-26T21:27:24.000Z,0.00026099999999999995,0x64dcca9d2091012bd3e1e5235d703f72f4d65746,sell,0xdd6c68bb32462e01705011a4e2ad1a60740f217f,0x713a48e2c1265d70243a26d7f7c428eefd2e3eafa59a220a2b42c2ca2580f8e1
368,17245.375791314233,4.483797705741701,0x802f90e303da694fbb9f7a7cc585a7926b8fc044,2017-10-26T21:06:16.000Z,0.00026,0x64dcca9d2091012bd3e1e5235d703f72f4d65746,sell,0xdd6c68bb32462e01705011a4e2ad1a60740f217f,0x86553f9fb7dbee8150f263348e243915dab9c12b2753ee525019021bc28003ad
369,2000,0.52,0xbd1eb239187230805d80a3a2274ef56fef7c449f,2017-10-26T20:35:35.000Z,0.00026,0x64dcca9d2091012bd3e1e5235d703f72f4d65746,sell,0xdd6c68bb32462e01705011a4e2ad1a60740f217f,0x594ea3807ab2559cd18226661ba0ee59301e40f0321304d731d68e4a01a648bf
370,449.55,0.11688344955,0xfa7424ee742e9bec6b8100fc9ca0295696a97248,2017-10-26T20:35:35.000Z,0.000260001,0x64dcca9d2091012bd3e1e5235d703f72f4d65746,sell,0xdd6c68bb32462e01705011a4e2ad1a60740f217f,0x1d2151f46ba7240588cc1c9c8a69fb101abfeac6db7e16dabea739f3a731f541
371,19000,4.94038,0xe0d463597d9a53a5fbb5d983427e23661cef6e58,2017-10-26T20:34:33.000Z,0.00026002,0x64dcca9d2091012bd3e1e5235d703f72f4d65746,sell,0xdd6c68bb32462e01705011a4e2ad1a60740f217f,0x3dc083b0337b8d1e312f51c23567f2ef2562972b9bb1f592e8a6a99aaf211f62
372,50.45,0.01311705045,0xfa7424ee742e9bec6b8100fc9ca0295696a97248,2017-10-26T19:54:43.000Z,0.000260001,0xfa7424ee742e9bec6b8100fc9ca0295696a97248,sell,0xdd6c68bb32462e01705011a4e2ad1a60740f217f,0x2719731cb139224d291db383cf8f4a2d0ed43ae67b7451dc09e60241af851b9f
373,99,0.01782,0xfa7424ee742e9bec6b8100fc9ca0295696a97248,2017-10-26T19:51:18.000Z,0.00018,0xfa7424ee742e9bec6b8100fc9ca0295696a97248,sell,0xdd6c68bb32462e01705011a4e2ad1a60740f217f,0xdb365c6f79c9e0773bdec346ffaa18f41be6e5b6130c82cc53c5a4f464b8df33
374,50,0.0103,0xfa7424ee742e9bec6b8100fc9ca0295696a97248,2017-10-26T19:50:12.000Z,0.000206,0xfa7424ee742e9bec6b8100fc9ca0295696a97248,sell,0xdd6c68bb32462e01705011a4e2ad1a60740f217f,0x2864019689bf3a152a5bf9d189b8fe84712f8acc314e1898345992e09520d069
375,1,0.00018,0xfa7424ee742e9bec6b8100fc9ca0295696a97248,2017-10-26T19:47:31.000Z,0.00018,0xfa7424ee742e9bec6b8100fc9ca0295696a97248,sell,0xdd6c68bb32462e01705011a4e2ad1a60740f217f,0xc49ca3fdb8766e854f0e48202cb2f6726739ae186192237eb3b91e3e28b27b96
376,132.88821429596135,0.04989952446813349,0xcef01dfe48077d5ea00cf1ffd949c62026af577e,2017-10-26T16:17:28.000Z,0.0003755,0x64dcca9d2091012bd3e1e5235d703f72f4d65746,buy,0xdd6c68bb32462e01705011a4e2ad1a60740f217f,0x23647b8ff3adba51510028e4a430822703b2acbec711fdfc18306e3a43650519
377,1443.7548331478395,0.5421299398470137,0xcef01dfe48077d5ea00cf1ffd949c62026af577e,2017-10-26T15:55:08.000Z,0.0003755,0x64dcca9d2091012bd3e1e5235d703f72f4d65746,buy,0xdd6c68bb32462e01705011a4e2ad1a60740f217f,0x476fde7cd148fcfadc0bd6c1abce98a1942336409126561f3255ada4a7701da5
378,283.769942001027,0.09931947970035945,0xcef01dfe48077d5ea00cf1ffd949c62026af577e,2017-10-26T15:52:20.000Z,0.00035,0x802f90e303da694fbb9f7a7cc585a7926b8fc044,buy,0xdd6c68bb32462e01705011a4e2ad1a60740f217f,0x7bf2406d05e915c5c66da63b87f6929af50f56160227f72d4bc885536446db75
379,1422.52,0.4552064,0xcef01dfe48077d5ea00cf1ffd949c62026af577e,2017-10-26T15:51:47.000Z,0.00032,0xfebed3f7333f028aaf315e7aa6bddf28da95f853,buy,0xdd6c68bb32462e01705011a4e2ad1a60740f217f,0x220b3017e4eb96446e974553c28dcb8cc0e75b07a97ea0b7390c8c8b547f4951
380,856,0.214861992,0x64dcca9d2091012bd3e1e5235d703f72f4d65746,2017-10-26T15:41:16.000Z,0.000251007,0x27c2feced841a7c1af611a4672a87665cab60408,buy,0xdd6c68bb32462e01705011a4e2ad1a60740f217f,0x180aa6512479aa3ca971e38e8655ef5aed146f32133f66cad6a43317a8a10671
381,1476,0.557588518524,0x76c06d75c960bde9fab758df59975e228664f37e,2017-10-26T11:44:49.000Z,0.000377769999,0xad5b3fbc469313e21efe4117627a658424091b0a,buy,0xdd6c68bb32462e01705011a4e2ad1a60740f217f,0xdae4d2c65f2670a76a07d3d6a0ed3aaa9f01a7b5f6847c525d96fba2527c4be9
382,0.099632200711886,0.000039753148451842,0x1b1c185352e45359838a080260e1a08b98e1e8b7,2017-10-26T10:32:26.000Z,0.000398999000000002,0xad5b3fbc469313e21efe4117627a658424091b0a,buy,0xdd6c68bb32462e01705011a4e2ad1a60740f217f,0x6ad521774a90acd6d47a8dd3491ac8e55f38ed1c7372a84604e31af93a1274eb
383,58.273,0.01981282,0xa67d716cb43141d2d186e7ed21cfd26299f8c84d,2017-10-26T10:28:46.000Z,0.00034,0xe0d463597d9a53a5fbb5d983427e23661cef6e58,sell,0xdd6c68bb32462e01705011a4e2ad1a60740f217f,0x1a947329ca778e0c32c285e70ed50a98f721243b21e0c8cdfd142c8947eaf000
