,amount,amountBase,buyer,date,price,seller,side,tokenAddr,txHash
0,0.15454038,0.0002055387054,0x0644c1a6d61e0994c73c86febdf64ec8432b1013,2017-11-02T10:36:51.000Z,0.00133,0x6d91f54040d517e2da18aff74f1a6ecd087b839d,sell,0xdf6ef343350780bf8c3410bf062e0c015b1dd671,0x49875c3a1f522bafa75f79853bbc88ab79e11f0e1377062f74787d2b58e65f86
1,1550.19449426,2.0617586773658,0xa7ea12674d3186e5013e048705755f990b25b2b4,2017-11-02T10:34:53.000Z,0.00133,0x6d91f54040d517e2da18aff74f1a6ecd087b839d,sell,0xdf6ef343350780bf8c3410bf062e0c015b1dd671,0x3c8aed69ac1851369af81720416402d51e1375bf0233aae1bd1fcaf025ad0f17
2,17.47828484,0.02691655866818863,0xda9e9fb829f6ee498d49dfa0e54ed1aead1157bb,2017-11-02T10:30:55.000Z,0.0015400000008346717,0x72bd9ed3dd900d460bfa6e70dca09811853628fa,buy,0xdf6ef343350780bf8c3410bf062e0c015b1dd671,0x9ba89c41afc240c3e3360fe1d500bd20574c9450b30958aa0ce74157cbd8827d
3,0.05279765,0.0000702208745,0x0644c1a6d61e0994c73c86febdf64ec8432b1013,2017-11-02T09:35:08.000Z,0.00133,0x2d413b4ae8a9997c04d05d632810b1093fa25c9c,sell,0xdf6ef343350780bf8c3410bf062e0c015b1dd671,0x61d05816441c2b19146f72101b1e35e191842282731a9cdcaf97735c1c610eab
4,529.61319908,0.7043855547764,0xa7ea12674d3186e5013e048705755f990b25b2b4,2017-11-02T09:34:08.000Z,0.00133,0x2d413b4ae8a9997c04d05d632810b1093fa25c9c,sell,0xdf6ef343350780bf8c3410bf062e0c015b1dd671,0xc57567f33129091827ff0cc79fe7624bba527f0728e72b544aa7080e519a454c
5,263.18412919,0.3500348918227,0x0644c1a6d61e0994c73c86febdf64ec8432b1013,2017-11-02T09:17:10.000Z,0.00133,0xa512be805118987a5874be8d2c49fd3db649e0dd,sell,0xdf6ef343350780bf8c3410bf062e0c015b1dd671,0xb1213ffbcf0b9e46041d11d9609ace0c3aebf428c13ddddf30cf846fd52208a3
6,299.08683082,0.3977854849906,0x0644c1a6d61e0994c73c86febdf64ec8432b1013,2017-11-02T09:16:26.000Z,0.00133,0x51f2ad62552c62c7f888acf5ff89d6d9496cd0ab,sell,0xdf6ef343350780bf8c3410bf062e0c015b1dd671,0x5d5a3fff99605ed6a10ff5edd1c9a92aca333b402259399c250c369da80eda2e
7,4536.6912571,6.033799371943,0x0644c1a6d61e0994c73c86febdf64ec8432b1013,2017-11-02T09:06:30.000Z,0.00133,0x840a570ebf6e0ee1ac387f1b63533eb4974778b9,sell,0xdf6ef343350780bf8c3410bf062e0c015b1dd671,0xeb588cc4566902400c99bcfe9606515be2060ce131a639fc64b286294f91056b
8,50,0.06655,0x4be7bced82b314ad60dc69274a75757e7d5d93a3,2017-11-02T08:58:47.000Z,0.001331,0x840a570ebf6e0ee1ac387f1b63533eb4974778b9,sell,0xdf6ef343350780bf8c3410bf062e0c015b1dd671,0x1b45e8642b1a9dfad0b725fb274e8f2f7ebe14d93320688d9ff3cb36963528c2
9,1500,1.995015,0x4ff2428c439e3623c9924ae520f16e459d1e6d99,2017-11-02T08:58:38.000Z,0.00133001,0x840a570ebf6e0ee1ac387f1b63533eb4974778b9,sell,0xdf6ef343350780bf8c3410bf062e0c015b1dd671,0x1065906f0e563ec728cdd7e229cda10691268648b0130daa860c73f15652449f
10,0.32467532,0.0005,0x3075f7f189912f4f425dd7021b9c396434197477,2017-11-02T07:50:36.000Z,0.0015400000221760003,0x72bd9ed3dd900d460bfa6e70dca09811853628fa,buy,0xdf6ef343350780bf8c3410bf062e0c015b1dd671,0x380928af3e43ba65b87998762b08cdb3ca7656aa4f2b28bcec5764f1ad18754f
11,0.32467532,0.0005,0x4fda9e6bcd83af6c5cc771b5d20accc2b7720074,2017-11-02T07:49:08.000Z,0.0015400000221760003,0x72bd9ed3dd900d460bfa6e70dca09811853628fa,buy,0xdf6ef343350780bf8c3410bf062e0c015b1dd671,0x22aca2baa09a3abd5f9ca3bca69eae3652f18cd2653c4c7a5aa06f2c867850fe
12,250.001,0.33750135,0x4de6bf61916eafb0510af6aa45e0cf994a571adb,2017-11-02T07:43:15.000Z,0.00135,0x022cd020da5bbce44ffa4b45e9452e57177d6ef7,sell,0xdf6ef343350780bf8c3410bf062e0c015b1dd671,0x2d5454e02506b7179b44b3f69135c9d06f8cea14cd31810ac37ac0c0e462716e
13,444.42427432,0.5910842848456,0x0644c1a6d61e0994c73c86febdf64ec8432b1013,2017-11-02T05:19:19.000Z,0.00133,0x63eac1a2235a9fd1d12c8f8db96ffe6b999eafb4,sell,0xdf6ef343350780bf8c3410bf062e0c015b1dd671,0x5c3d7229eec53f0d705799b2d9638847386567ce3b0ea1cc4649f09f597c52fa
14,99,0.13068,0x50caf279447e23e6b10762bbc89cc3af2c6ce44c,2017-11-02T02:32:48.000Z,0.00132,0xd94d5079b844f90b1991873a2f41a2f75cf3a9d9,buy,0xdf6ef343350780bf8c3410bf062e0c015b1dd671,0x6e35270d28ec35191f2c65bdef2c3eadaeb97f93a8ef737846d41ac86854cf2f
15,160.56119928,0.2103351710568,0xde9816c2eddff1d26710053950380165e910916d,2017-11-02T01:21:46.000Z,0.00131,0xbd042914c93361e248a56db78403e99ef01a1c14,sell,0xdf6ef343350780bf8c3410bf062e0c015b1dd671,0x701b26b59fd29d9b6857ff3ef60501c41389361b3f5bfd702149545ab50ec44d
16,149.687,0.19758684,0x1ac4a9ac7517b725b9fe1fa8323e0c15eda42fa1,2017-11-02T01:21:10.000Z,0.00132,0xbd042914c93361e248a56db78403e99ef01a1c14,sell,0xdf6ef343350780bf8c3410bf062e0c015b1dd671,0x017aee115865744e36f995cbc471d295ac333d3f12a0e41b7c2c25f841664337
17,287.64039342,0.3796853193144,0x1ac4a9ac7517b725b9fe1fa8323e0c15eda42fa1,2017-11-01T22:20:58.000Z,0.00132,0xcdb791aba67134db7336cbd7edc22db9dfafa68a,sell,0xdf6ef343350780bf8c3410bf062e0c015b1dd671,0x91e720478f1b50a1bb46844f8e18cac5dfbadf2c6f286119ab629ebf35bbd32b
18,608.46774997,0.7970927524607,0xde9816c2eddff1d26710053950380165e910916d,2017-11-01T20:57:15.000Z,0.00131,0x400acc76811731b8e8550ce928164f573adc25e6,sell,0xdf6ef343350780bf8c3410bf062e0c015b1dd671,0x7207862fb533c964e98d71d199e8c1941f9161b39eef1c52100e35ddc9d67af2
19,12,0.01573212,0x3eab84f29252d0a4efda33b34419bbdc24ab4ca4,2017-11-01T20:54:49.000Z,0.00131101,0x400acc76811731b8e8550ce928164f573adc25e6,sell,0xdf6ef343350780bf8c3410bf062e0c015b1dd671,0x801f99b7849667b448c6576d6ab296a10b16bb62a1cae5c903f1afe47bad2813
20,498,0.6474,0xb15ac57dfb5bd509712949143516252289edd01b,2017-11-01T18:24:14.000Z,0.0013,0xa7ea12674d3186e5013e048705755f990b25b2b4,sell,0xdf6ef343350780bf8c3410bf062e0c015b1dd671,0x643fbdb0e9ff90c285194069c9fa87c27eb5b28d03d098cb1655e258b61de1e5
21,498.45479015,0.59814574818,0xa7ea12674d3186e5013e048705755f990b25b2b4,2017-11-01T17:07:55.000Z,0.0012,0xdbe1918c0a776b8805cb53fc2ea67fffa0f7d658,sell,0xdf6ef343350780bf8c3410bf062e0c015b1dd671,0x85e85f2d75a2ce83093fe2ff4ca55f47cf68271e83c2015d1148bef6843fb939
22,10,0.0134,0x59e9442d8ddc010f8f5a980c92eb795e32526c6d,2017-11-01T16:12:48.000Z,0.00134,0x1b350e3f6b2a2620a6d426069d6015e2b62b3ed5,buy,0xdf6ef343350780bf8c3410bf062e0c015b1dd671,0x9f3b59d83082ab2866f5a2b43b995b28adc4f9001b59a5e27f2799c1488c3674
23,277.75376333,0.361079892329,0xa7ea12674d3186e5013e048705755f990b25b2b4,2017-11-01T15:43:42.000Z,0.0013,0x7037ef94eba0fedbfb923599aa396c8e22036444,sell,0xdf6ef343350780bf8c3410bf062e0c015b1dd671,0xb7724730f9a1ef4919ffd7e8070b855bab1ec4fb8ce7ad1704b91a936525ffe4
24,453.84351575,0.6126892001060158,0xa04cbff9c5d59eedebbcc8620ad0e52cf4d8be21,2017-11-01T14:49:27.000Z,0.001350001,0x3df86cefaecfaa31be2f74f8f832cb4ef62b79f8,sell,0xdf6ef343350780bf8c3410bf062e0c015b1dd671,0x36c6fbbecaffe76c109460bc79766e07c8ff0e05e4410c18464a14009c737c59
25,6151.969,8.30515815,0xe8f0cc52b0d087e4eaabe1de8c0bc01f83918ea9,2017-11-01T14:48:42.000Z,0.00135,0x3df86cefaecfaa31be2f74f8f832cb4ef62b79f8,sell,0xdf6ef343350780bf8c3410bf062e0c015b1dd671,0xcf948e53d0d32c03e980f5b84849a0cd2daa6be75245590dc8f01fee5d2ce924
26,760.45416146,1.0266138784251615,0xa04cbff9c5d59eedebbcc8620ad0e52cf4d8be21,2017-11-01T14:47:51.000Z,0.001350001,0x6bedacc2356fb151bb616f2bb5303ba2c2b78328,sell,0xdf6ef343350780bf8c3410bf062e0c015b1dd671,0x076eaa9061e8e0509805551ec16206738411535b3065fe7c36793d0ef372cc77
27,905.70232279,1.2226990414688228,0xa04cbff9c5d59eedebbcc8620ad0e52cf4d8be21,2017-11-01T12:25:15.000Z,0.001350001,0x65a0120ff06813fd56749763c5a5b0e81b8d1231,sell,0xdf6ef343350780bf8c3410bf062e0c015b1dd671,0xef6e23df542f4781f4bb9c6c860f8a3c1e33bcd1b63eb0b6416c7d0e29724127
28,25,0.033850025,0x3eab84f29252d0a4efda33b34419bbdc24ab4ca4,2017-11-01T12:12:15.000Z,0.001354001,0x65a0120ff06813fd56749763c5a5b0e81b8d1231,sell,0xdf6ef343350780bf8c3410bf062e0c015b1dd671,0xaf788c08d12d11bd42bdd15713dd0d77aedcd1bc49ab4367ff861aeb38d8389c
29,0.00000037,0.00000000049950444,0xeaf4bdbe89e34ddaf61df73539a3c413561401e3,2017-11-01T09:56:33.000Z,0.001350012,0x6ecb35ae95e560af8ed8b10ae292e74592fffad7,sell,0xdf6ef343350780bf8c3410bf062e0c015b1dd671,0x043ac95063fcdb3128dcda55927db9543b7912562fa0e71b4593ee7c2f85b888
30,0.00365263,0.00000493109433156,0xeaf4bdbe89e34ddaf61df73539a3c413561401e3,2017-11-01T09:53:12.000Z,0.001350012,0x6ecb35ae95e560af8ed8b10ae292e74592fffad7,sell,0xdf6ef343350780bf8c3410bf062e0c015b1dd671,0x7dbf8c22222a3c07c46c8c716873ed53ce4eba5de96748877941a4554f1ad785
31,36.63953702,0.04946381465144424,0xeaf4bdbe89e34ddaf61df73539a3c413561401e3,2017-11-01T09:50:58.000Z,0.001350012,0x6ecb35ae95e560af8ed8b10ae292e74592fffad7,sell,0xdf6ef343350780bf8c3410bf062e0c015b1dd671,0xebdd336957b58a7237a9ce433725c89826791562f136a6d7b1e4c8109afc9493
32,100,0.1350111,0xeaf4bdbe89e34ddaf61df73539a3c413561401e3,2017-11-01T09:49:50.000Z,0.001350111,0x6ecb35ae95e560af8ed8b10ae292e74592fffad7,sell,0xdf6ef343350780bf8c3410bf062e0c015b1dd671,0x8968fcf49af4184e83820e6b8a4d6b2beaadc82ecd65e9e473e694d21b3c431c
33,0.99995754,0.001399940556,0xa0be78d2bac6a692adba423c7af50ec86a18bddf,2017-11-01T09:49:37.000Z,0.0014,0x6ecb35ae95e560af8ed8b10ae292e74592fffad7,sell,0xdf6ef343350780bf8c3410bf062e0c015b1dd671,0xf11264d782befea779baa5964d0a8ed7a52bfe7f68f3b86ca547c1c19e08a86a
34,1.641,0.002297401641,0xeaf4bdbe89e34ddaf61df73539a3c413561401e3,2017-11-01T09:49:04.000Z,0.001400001,0x6ecb35ae95e560af8ed8b10ae292e74592fffad7,sell,0xdf6ef343350780bf8c3410bf062e0c015b1dd671,0x99bcef29d1e8adff8d522e83e0ae8f59f5f2bd8ccc1cf0d6cf91d46fd14ea6cf
35,122.01176353,0.1647158807655,0xe8f0cc52b0d087e4eaabe1de8c0bc01f83918ea9,2017-11-01T09:32:21.000Z,0.00135,0x9f7036f87d36f286f77c961a42ac536ac7dd4eba,sell,0xdf6ef343350780bf8c3410bf062e0c015b1dd671,0xdc67fd097bccecff860eb7357755e1c1bf2a8a550763af3c08591de77cbb98bb
36,73.35852667,0.10270201069652667,0xeaf4bdbe89e34ddaf61df73539a3c413561401e3,2017-11-01T08:23:41.000Z,0.001400001,0x3efd9b0bd8e4595bc494539aca584821950106ee,sell,0xdf6ef343350780bf8c3410bf062e0c015b1dd671,0xaa959217d88048b5b022e673291eb89ff750e0d7743e498c97a5e65ae2f99eeb
37,418.046,0.5852644,0xa0be78d2bac6a692adba423c7af50ec86a18bddf,2017-11-01T08:22:25.000Z,0.0014,0x3efd9b0bd8e4595bc494539aca584821950106ee,sell,0xdf6ef343350780bf8c3410bf062e0c015b1dd671,0x934f10563415bf9edc06f94a24cd56a746e9e343de47ff0145de61e21e84c67b
38,150.95404246,0.211335659444,0xa0be78d2bac6a692adba423c7af50ec86a18bddf,2017-11-01T08:01:57.000Z,0.0014,0x3efd9b0bd8e4595bc494539aca584821950106ee,sell,0xdf6ef343350780bf8c3410bf062e0c015b1dd671,0xab2de1875b18cf9f073211459e35fd3ba8b829319ae37a4584bd40fb1a7946e2
39,24.404,0.037118484,0x4de6bf61916eafb0510af6aa45e0cf994a571adb,2017-11-01T05:15:25.000Z,0.001521,0xa7ea12674d3186e5013e048705755f990b25b2b4,sell,0xdf6ef343350780bf8c3410bf062e0c015b1dd671,0x9e6794511a6d9606ca1ce8557d385d2faac9abcebcbdc70315921cdf73633378
40,22.224,0.033780724464,0xeaf4bdbe89e34ddaf61df73539a3c413561401e3,2017-11-01T04:36:23.000Z,0.001520011,0xcdb791aba67134db7336cbd7edc22db9dfafa68a,sell,0xdf6ef343350780bf8c3410bf062e0c015b1dd671,0x96d52f0a0ca2ca9064eb41fac70e5681817f764890d0159b02c6213ca29d4d8f
41,1.87867235,0.00281801040367235,0x5603e9614eb82f61407aced212b7515686351133,2017-11-01T04:12:53.000Z,0.001500001,0xcdb791aba67134db7336cbd7edc22db9dfafa68a,sell,0xdf6ef343350780bf8c3410bf062e0c015b1dd671,0xac63cd21b72abc75c7a40e5cc152ba42167a37e9fd55ae2d718ee748b6255e04
42,2.647,0.004023469117,0xeaf4bdbe89e34ddaf61df73539a3c413561401e3,2017-11-01T04:11:50.000Z,0.001520011,0xcdb791aba67134db7336cbd7edc22db9dfafa68a,sell,0xdf6ef343350780bf8c3410bf062e0c015b1dd671,0xe05134d323ff260b54209c252533ee1a3123f0339b56c46e459634171a7e4a25
43,1,0.00150011,0xcdb791aba67134db7336cbd7edc22db9dfafa68a,2017-11-01T04:11:29.000Z,0.00150011,0x1b350e3f6b2a2620a6d426069d6015e2b62b3ed5,buy,0xdf6ef343350780bf8c3410bf062e0c015b1dd671,0xd2781e7c70d140cae98310e157231b08736b9ab14523999661c45903a72d3db8
44,1,0.001520011,0xeaf4bdbe89e34ddaf61df73539a3c413561401e3,2017-11-01T04:10:54.000Z,0.001520011,0xcdb791aba67134db7336cbd7edc22db9dfafa68a,sell,0xdf6ef343350780bf8c3410bf062e0c015b1dd671,0xcefacc559f1b157068fc5ab4333efdf6ad1f5e0e2d3c3aa15c5868ad82e1d7bf
45,620.27215631,0.8373736137400631,0x3dee4a4e076e8d82859d241db0baf46f112cfa23,2017-11-01T04:09:54.000Z,0.00135001,0xbf613f2fb893ea88f64f8feacfa36cb4842af7b1,sell,0xdf6ef343350780bf8c3410bf062e0c015b1dd671,0xd8ac216f88465d41e451d508bc4d233185c58637af2cc5efe2d8da8397be7faa
46,22,0.034913978,0x810486c904859266f6978d06f165da1d44f1c2d3,2017-11-01T03:25:09.000Z,0.001586999,0x72bd9ed3dd900d460bfa6e70dca09811853628fa,buy,0xdf6ef343350780bf8c3410bf062e0c015b1dd671,0x3a35cb0df85c3688aaba26cf62779a83a559f2d0da3e33b128ce131ca5f25439
47,215,0.341205,0xc1a2ca4ed47285ed018856eb474312279a63341e,2017-11-01T02:30:36.000Z,0.001587,0x695f7ca2b214b12912a8f74ab689907666cad96c,buy,0xdf6ef343350780bf8c3410bf062e0c015b1dd671,0x05b6c56ebfe93c465e8fe2b510bd274b5131fd6e86b4a3013b13b8cadc157899
48,496.95942578,0.5516801251120615,0x695f7ca2b214b12912a8f74ab689907666cad96c,2017-11-01T01:22:46.000Z,0.001110111,0x993c2449ff1947f56ff2de44ca7fd83b9d8d60fb,sell,0xdf6ef343350780bf8c3410bf062e0c015b1dd671,0xde45911926e7cdaf07ae4f3d28b331698a95222e60e84a6838acc47cf79b2abf
49,500,0.6150005,0x5603e9614eb82f61407aced212b7515686351133,2017-11-01T01:21:57.000Z,0.001230001,0x993c2449ff1947f56ff2de44ca7fd83b9d8d60fb,sell,0xdf6ef343350780bf8c3410bf062e0c015b1dd671,0x06d6f76ee366ef64d6b6c8fe852112cd778fe3ce5a3f562ef16ecf839def5102
50,94.78815671,0.1279640115585,0xe8f0cc52b0d087e4eaabe1de8c0bc01f83918ea9,2017-11-01T01:13:34.000Z,0.00135,0x77a8c9ad0ec1029dedac08efb4aaeb2ba6de0414,sell,0xdf6ef343350780bf8c3410bf062e0c015b1dd671,0xe663541857e2134320fd4519285eada2af4e3e85e77cfbfb9e7320f6f2ef0cec
51,53.874,0.0808056126,0x21307819952639b45caaa70e12ab6b6a795ecfc9,2017-10-31T23:36:43.000Z,0.0014999,0xc1c59390f2aaa7def424605d96769ef7a7c64916,buy,0xdf6ef343350780bf8c3410bf062e0c015b1dd671,0x3efa8dac9edb36a9a9dea667a54847ab1ef3a54c370af4c09dddf39c72ee158f
52,16.62294902,0.02909022727679608,0xa0be78d2bac6a692adba423c7af50ec86a18bddf,2017-10-31T22:53:18.000Z,0.001750004,0xf44072eda87ede9613b6ae1b812de8a60ade27a2,sell,0xdf6ef343350780bf8c3410bf062e0c015b1dd671,0xfc7b873b005ab95c411bf3db926b0f77f8f00058146295187f6b4cee8facba15
53,16.67296793,0.025007784598207,0xf44072eda87ede9613b6ae1b812de8a60ade27a2,2017-10-31T22:53:18.000Z,0.0014999,0xc1c59390f2aaa7def424605d96769ef7a7c64916,buy,0xdf6ef343350780bf8c3410bf062e0c015b1dd671,0xfc7b873b005ab95c411bf3db926b0f77f8f00058146295187f6b4cee8facba15
54,45.77162399,0.08010052506899595,0xa0be78d2bac6a692adba423c7af50ec86a18bddf,2017-10-31T22:52:03.000Z,0.001750004,0xc9d56287b414e1aa0963016aa721b527f095fd9c,sell,0xdf6ef343350780bf8c3410bf062e0c015b1dd671,0x97bad36d3a6d65fe96dec1fdfa7f542799dcce650adb48f2974bd4d6c366be35
55,45.90893886,0.068858817396114,0xc9d56287b414e1aa0963016aa721b527f095fd9c,2017-10-31T22:52:03.000Z,0.0014999,0xc1c59390f2aaa7def424605d96769ef7a7c64916,buy,0xdf6ef343350780bf8c3410bf062e0c015b1dd671,0x97bad36d3a6d65fe96dec1fdfa7f542799dcce650adb48f2974bd4d6c366be35
56,620.46655368,0.837629847468,0xe8f0cc52b0d087e4eaabe1de8c0bc01f83918ea9,2017-10-31T22:39:49.000Z,0.00135,0xb97eb43384f999c538bb64436acf686611b2623c,sell,0xdf6ef343350780bf8c3410bf062e0c015b1dd671,0xefeecf160dbc53e15ccecb6aff8f6837c0fee0524a11b18582116438541f324c
57,1256.15246348,1.695805825698,0xe8f0cc52b0d087e4eaabe1de8c0bc01f83918ea9,2017-10-31T22:29:23.000Z,0.00135,0xb00548770ea87482f024cd4292a975fea72e8f01,sell,0xdf6ef343350780bf8c3410bf062e0c015b1dd671,0xeaa5c5e50cac2e3524a74558929380af4f0aafdc9df03eb5cf5e3a4bddebe32b
58,465.36104279,0.6282374077665,0xe8f0cc52b0d087e4eaabe1de8c0bc01f83918ea9,2017-10-31T21:51:35.000Z,0.00135,0xb00548770ea87482f024cd4292a975fea72e8f01,sell,0xdf6ef343350780bf8c3410bf062e0c015b1dd671,0x4a7b2deb9857f585c4d20bac308b03f9ba0af7549c99014fc9eae42d68e86c06
59,20,0.03,0xd92ce5941305b7cf1e5cc5713b93db2b651a4fdf,2017-10-31T20:35:48.000Z,0.0015,0xc1c59390f2aaa7def424605d96769ef7a7c64916,sell,0xdf6ef343350780bf8c3410bf062e0c015b1dd671,0xe62dce108d19eea9f223aab7bffcee2bcd1fd6de9df1b35bd1c738db8813dd0e
60,80,0.119992,0x46d84e15b1866bc6d1c235e63a542cbd580fdd06,2017-10-31T20:32:30.000Z,0.0014999,0xc1c59390f2aaa7def424605d96769ef7a7c64916,buy,0xdf6ef343350780bf8c3410bf062e0c015b1dd671,0xb4dcbfbba4cea728fd45eae0e377f652ff3510412b2c8c635e6160bd3ffed120
61,0.12852664,0.00019536190659304,0xeaf4bdbe89e34ddaf61df73539a3c413561401e3,2017-10-31T20:15:50.000Z,0.001520011,0x8ee06f255c26971b501d8652fbdd7d8bcd4f14bb,sell,0xdf6ef343350780bf8c3410bf062e0c015b1dd671,0xcc3f594ddb435dba5c22f32de86c1420e73ff85c597bd161eb2cbd821f658828
62,1289.25073059,1.7404884862965,0xe8f0cc52b0d087e4eaabe1de8c0bc01f83918ea9,2017-10-31T20:12:39.000Z,0.00135,0x8ee06f255c26971b501d8652fbdd7d8bcd4f14bb,sell,0xdf6ef343350780bf8c3410bf062e0c015b1dd671,0xc9a3ecf1300e343bcb8a7fdfa4c58ef4d988dcb3100cca4678e7ad70cc19fd64
63,1994,2.7916,0xa7ea12674d3186e5013e048705755f990b25b2b4,2017-10-31T20:10:01.000Z,0.0014,0xf44072eda87ede9613b6ae1b812de8a60ade27a2,sell,0xdf6ef343350780bf8c3410bf062e0c015b1dd671,0x2124c89a3fdf81c8c529928edd302b5a2459023d28d4d0ad28d2a851e78d0bc9
64,2000,2.7,0xf44072eda87ede9613b6ae1b812de8a60ade27a2,2017-10-31T20:10:01.000Z,0.00135,0x8ee06f255c26971b501d8652fbdd7d8bcd4f14bb,buy,0xdf6ef343350780bf8c3410bf062e0c015b1dd671,0x2124c89a3fdf81c8c529928edd302b5a2459023d28d4d0ad28d2a851e78d0bc9
65,130.9753688,0.17681674788000004,0xf44072eda87ede9613b6ae1b812de8a60ade27a2,2017-10-31T20:10:01.000Z,0.0013500000000000003,0x8ee06f255c26971b501d8652fbdd7d8bcd4f14bb,buy,0xdf6ef343350780bf8c3410bf062e0c015b1dd671,0x634c275ce61ed60d766653ca5ea8f38a862209694e59275ef47f92f8e3c990ec
66,130.58244269,0.19784572008450438,0xc11f32a3d45a3dc54b34234dd2b9f46292e69c02,2017-10-31T20:10:01.000Z,0.001515102,0xf44072eda87ede9613b6ae1b812de8a60ade27a2,sell,0xdf6ef343350780bf8c3410bf062e0c015b1dd671,0x634c275ce61ed60d766653ca5ea8f38a862209694e59275ef47f92f8e3c990ec
67,626.22411468,0.845402554818,0xf44072eda87ede9613b6ae1b812de8a60ade27a2,2017-10-31T20:09:34.000Z,0.00135,0x8ee06f255c26971b501d8652fbdd7d8bcd4f14bb,buy,0xdf6ef343350780bf8c3410bf062e0c015b1dd671,0xafde0a3650de808d9558cb6f7717739e7753846065cd4d4f8cc49a254655e73a
68,564.83060866,0.7625213216910001,0xf44072eda87ede9613b6ae1b812de8a60ade27a2,2017-10-31T20:09:34.000Z,0.00135,0x8ee06f255c26971b501d8652fbdd7d8bcd4f14bb,buy,0xdf6ef343350780bf8c3410bf062e0c015b1dd671,0xfe6a6e9031f0817fc4472bfbce5612f55570f76e2a9c780a9bdf673d0c4f1bfe
69,563.13611683,0.8559674607177168,0x72bd9ed3dd900d460bfa6e70dca09811853628fa,2017-10-31T20:09:34.000Z,0.001520001,0xf44072eda87ede9613b6ae1b812de8a60ade27a2,sell,0xdf6ef343350780bf8c3410bf062e0c015b1dd671,0xfe6a6e9031f0817fc4472bfbce5612f55570f76e2a9c780a9bdf673d0c4f1bfe
70,624.34544233,0.9365187878404423,0x5603e9614eb82f61407aced212b7515686351133,2017-10-31T20:09:34.000Z,0.001500001,0xf44072eda87ede9613b6ae1b812de8a60ade27a2,sell,0xdf6ef343350780bf8c3410bf062e0c015b1dd671,0xafde0a3650de808d9558cb6f7717739e7753846065cd4d4f8cc49a254655e73a
71,3000,4.23,0x7ff6dade60b697ef9fb6249196f75812b7d26ba2,2017-10-31T20:07:01.000Z,0.00141,0x8ee06f255c26971b501d8652fbdd7d8bcd4f14bb,sell,0xdf6ef343350780bf8c3410bf062e0c015b1dd671,0xcfdfaed6757c7b0e3b03f067ba60b237c9d113057e77c3698e147e33889aadf7
72,260.5827878,0.3948095029613556,0xc11f32a3d45a3dc54b34234dd2b9f46292e69c02,2017-10-31T19:57:43.000Z,0.001515102,0xc1c59390f2aaa7def424605d96769ef7a7c64916,sell,0xdf6ef343350780bf8c3410bf062e0c015b1dd671,0xb2032ec483a402c0da13d9bd502b0d9bdcb5b6203a049bd1c2433d274b5f9508
73,59.65635439,0.09038546184899778,0xc11f32a3d45a3dc54b34234dd2b9f46292e69c02,2017-10-31T19:37:09.000Z,0.001515102,0xc1c59390f2aaa7def424605d96769ef7a7c64916,sell,0xdf6ef343350780bf8c3410bf062e0c015b1dd671,0xa6370e1c730ba5076b60457a5422a68d4634923c7772bbcb6e7cd542f1757aa2
74,54,0.082080324,0xd92ce5941305b7cf1e5cc5713b93db2b651a4fdf,2017-10-31T19:36:06.000Z,0.001520006,0xc1c59390f2aaa7def424605d96769ef7a7c64916,sell,0xdf6ef343350780bf8c3410bf062e0c015b1dd671,0xef56b70e28aba73b008e693d262d2ae089bb65c3f4277cf7b86b75171ab2f9af
75,28.81467452,0.0440864520156,0x798f782d0e5ddf90dcb75d1d175e35d06b89a162,2017-10-31T19:35:54.000Z,0.00153,0xc1c59390f2aaa7def424605d96769ef7a7c64916,sell,0xdf6ef343350780bf8c3410bf062e0c015b1dd671,0x1adc0e2aeb4c9525d7b5c28fa52826f64f49487b206fe3b49d1e6e8195fe6eaa
76,115.69362684,0.1752876454125377,0xc11f32a3d45a3dc54b34234dd2b9f46292e69c02,2017-10-31T19:24:50.000Z,0.001515102,0x6bedacc2356fb151bb616f2bb5303ba2c2b78328,sell,0xdf6ef343350780bf8c3410bf062e0c015b1dd671,0x1940df7df4761582bee120a27dcad4dc4e5831af9151dfe900c704b3bdaaa319
77,97.31931013,0.1488985444989,0x798f782d0e5ddf90dcb75d1d175e35d06b89a162,2017-10-31T19:06:29.000Z,0.00153,0xc1c59390f2aaa7def424605d96769ef7a7c64916,sell,0xdf6ef343350780bf8c3410bf062e0c015b1dd671,0x4cd8d74fdce2b45fc21283f05abad1d961a21dcaf02acb1ca1e67b130f3661c1
78,123.77588532,0.18566395175588532,0x5603e9614eb82f61407aced212b7515686351133,2017-10-31T19:01:37.000Z,0.001500001,0x3df86cefaecfaa31be2f74f8f832cb4ef62b79f8,sell,0xdf6ef343350780bf8c3410bf062e0c015b1dd671,0xe7837c94bbebfe43c68397a0e31a32a7a85546e1a15c8931a59be01d49cf0174
79,104.164,0.158330425804,0x5603e9614eb82f61407aced212b7515686351133,2017-10-31T18:59:03.000Z,0.001520011,0x3df86cefaecfaa31be2f74f8f832cb4ef62b79f8,sell,0xdf6ef343350780bf8c3410bf062e0c015b1dd671,0x6c321326623fbba0958e9ace62d42491951e5fedb9d396ef23959c0cf992f6db
80,282.554,0.429485470648,0xfbf9acda89427d9565abe5912cb3b30c85af85c4,2017-10-31T18:57:18.000Z,0.001520012,0x3df86cefaecfaa31be2f74f8f832cb4ef62b79f8,sell,0xdf6ef343350780bf8c3410bf062e0c015b1dd671,0xad2cc71bed4419479c96b6351ffbd867634e91103d7ada09f73f1998bc73abf6
81,2000,3,0xa7ea12674d3186e5013e048705755f990b25b2b4,2017-10-31T18:54:43.000Z,0.0015,0x3df86cefaecfaa31be2f74f8f832cb4ef62b79f8,sell,0xdf6ef343350780bf8c3410bf062e0c015b1dd671,0xcd217083ed5e266fe72446c5b8472f70ec0e0c6bd7b0fea4d0510e6cb3678842
82,377.44564077,0.5737219033180893,0xfbf9acda89427d9565abe5912cb3b30c85af85c4,2017-10-31T18:49:35.000Z,0.001520012,0x3df86cefaecfaa31be2f74f8f832cb4ef62b79f8,sell,0xdf6ef343350780bf8c3410bf062e0c015b1dd671,0x805806c5bfe9479864c42a11db55ea8652c9c48a3c06b43995233a3ffd1299bd
83,552.77766117,0.84077482263957,0x4de6bf61916eafb0510af6aa45e0cf994a571adb,2017-10-31T18:47:45.000Z,0.001521,0x3df86cefaecfaa31be2f74f8f832cb4ef62b79f8,sell,0xdf6ef343350780bf8c3410bf062e0c015b1dd671,0x699de397096892d9514975c0e5d151b5051ca67d7d9d2eb08c4fbe1dfc63a569
84,23.86601535,0.0365150034855,0x798f782d0e5ddf90dcb75d1d175e35d06b89a162,2017-10-31T18:47:45.000Z,0.00153,0x4b43041e418b16bb7dcf94a09f721cc73574fc04,sell,0xdf6ef343350780bf8c3410bf062e0c015b1dd671,0xd5107efac8de82bd0eadb4ae44d55cfa1628966c37cbb2f8c1a77a6caeefc93d
85,2000,3.03,0x6338bcf3f43b7b2f8b6eecaa36f41b3bb2510c95,2017-10-31T18:47:30.000Z,0.001515,0x3df86cefaecfaa31be2f74f8f832cb4ef62b79f8,sell,0xdf6ef343350780bf8c3410bf062e0c015b1dd671,0xe19bc6802e12a48cd658220d86b0fa7c95c522b48290405364feb39981bc0d3a
86,666,1.02564,0x06811a2b589d9a80d20925ab683a32ef796b4648,2017-10-31T18:46:45.000Z,0.00154,0x3df86cefaecfaa31be2f74f8f832cb4ef62b79f8,sell,0xdf6ef343350780bf8c3410bf062e0c015b1dd671,0xc155837826538c6d0f749bdf31f4d331761d0016338c04429905110481a8c272
87,15,0.0231,0x43c88efbbad582ab05a1deb26ec6873c0ef7b55f,2017-10-31T17:14:15.000Z,0.00154,0x8566f8ec2b3f9354fa1f92340949125872f3a836,sell,0xdf6ef343350780bf8c3410bf062e0c015b1dd671,0xd27f40152b07c39cd3336f353d4e1a390781c5e13fd992bd0aa6553c2751a837
88,290,0.4437,0x2e7624b6523f0b97b689f4e53fd1ee9b7fe3e52a,2017-10-31T17:13:29.000Z,0.00153,0x8566f8ec2b3f9354fa1f92340949125872f3a836,sell,0xdf6ef343350780bf8c3410bf062e0c015b1dd671,0xc29d0d38e6a7112326cb994bc02d4ce25476d18b33f01ba48a4b70687396f2f1
89,46,0.0736,0xee054e89931640de8ebd4157a3cf0513bcedc76e,2017-10-31T17:13:29.000Z,0.0016,0x8566f8ec2b3f9354fa1f92340949125872f3a836,sell,0xdf6ef343350780bf8c3410bf062e0c015b1dd671,0x5897bde9d7ea467b3a23c7fb019a78a98bc03182d740720ce7192d31d3419a71
90,5.723,0.010015272892,0xa0be78d2bac6a692adba423c7af50ec86a18bddf,2017-10-31T17:13:29.000Z,0.001750004,0x8566f8ec2b3f9354fa1f92340949125872f3a836,sell,0xdf6ef343350780bf8c3410bf062e0c015b1dd671,0x05023f21f2d8a386ed95d555261596ad7e037fca8325b9d5123e528edbfb2d43
91,10,0.016,0xa7ea12674d3186e5013e048705755f990b25b2b4,2017-10-31T15:04:50.000Z,0.0016,0xe6c92b9517a451e6479f307dc15998be0d221dab,buy,0xdf6ef343350780bf8c3410bf062e0c015b1dd671,0xe4ac23fac3c2267d7998aa466150f8ee84f04a9d9e06e0e71913597e3e8307a6
92,140,0.224,0x937f5687bca671a1636eb8a14b7d672b1fbaa339,2017-10-31T14:47:20.000Z,0.0016,0xe6c92b9517a451e6479f307dc15998be0d221dab,buy,0xdf6ef343350780bf8c3410bf062e0c015b1dd671,0x811045b9499f6783fdccb63be5bdb8e2763ae6fdb8b8840c195736f0ac7889c9
93,489,0.77262,0x937f5687bca671a1636eb8a14b7d672b1fbaa339,2017-10-31T14:46:02.000Z,0.00158,0x7e3d133519d9f83319315e058d622802f044b4e3,buy,0xdf6ef343350780bf8c3410bf062e0c015b1dd671,0x1c46c695f1a377b037db09b85f5471b70f22a0200e001d68a571d6ef7589d25f
94,895.83591167,1.3616804399334284,0x5603e9614eb82f61407aced212b7515686351133,2017-10-31T11:00:03.000Z,0.001520011,0x757c274b7b60c14872c99fa7f4a329544fe815d0,sell,0xdf6ef343350780bf8c3410bf062e0c015b1dd671,0x8e421468f040fbd58589ccde854e5a8635165d5e45bb45f223c65a73bf6ae734
95,149.999,0.23249845,0xaffa298cfff078521fdc687f7a5523179df72bf1,2017-10-31T10:57:12.000Z,0.00155,0x757c274b7b60c14872c99fa7f4a329544fe815d0,sell,0xdf6ef343350780bf8c3410bf062e0c015b1dd671,0x4148e9105aff2ec6dd75a0651a8f701745f56fe36daf20c9163eedcbd99b31d7
96,25,0.03875,0x1788236577f984564286ce90f2d8551af60e774b,2017-10-31T10:57:12.000Z,0.00155,0x757c274b7b60c14872c99fa7f4a329544fe815d0,sell,0xdf6ef343350780bf8c3410bf062e0c015b1dd671,0x233257adc7c8ecaa2b4c2026a41c0b6876e1f73927066f9ff6a51c5870a37f77
97,15,0.023265,0x3eab84f29252d0a4efda33b34419bbdc24ab4ca4,2017-10-31T10:56:59.000Z,0.001551,0x757c274b7b60c14872c99fa7f4a329544fe815d0,sell,0xdf6ef343350780bf8c3410bf062e0c015b1dd671,0xf18583a423aaa40c5969e50f84ba8234ad059b935f295fb15c1814f955f2f49d
98,0.00079307,0.0000012292585,0xaffa298cfff078521fdc687f7a5523179df72bf1,2017-10-31T09:50:50.000Z,0.00155,0x009a12d4290630bc01fd82516ac57c1dc6a9bcfb,sell,0xdf6ef343350780bf8c3410bf062e0c015b1dd671,0x28018288bb349ad7131c9ee9b04c7aa933043406efcbfcb7b5b9734ab1033a36
99,350,0.553,0x67d2bf1c8ce48498cf5233673f4aefed251414c2,2017-10-31T08:02:11.000Z,0.00158,0x7e3d133519d9f83319315e058d622802f044b4e3,buy,0xdf6ef343350780bf8c3410bf062e0c015b1dd671,0x9c84e59adaa23de5ba4cb2b7a37036d818b36b457361064215004eb1eaae7081
100,5.597,0.0089552,0xaffa298cfff078521fdc687f7a5523179df72bf1,2017-10-31T05:37:45.000Z,0.0016,0xe6c92b9517a451e6479f307dc15998be0d221dab,buy,0xdf6ef343350780bf8c3410bf062e0c015b1dd671,0xd8034131bc316dacc7c641cd9fb39f80d4ed9644e51dde8f21a181df74e17089
101,0.238,0.0003689,0xb4cfcb2b61bae99448176e1253a2916923cda0dc,2017-10-31T03:55:36.000Z,0.00155,0xe444a40689f51f63bcd29910622035707d533d29,sell,0xdf6ef343350780bf8c3410bf062e0c015b1dd671,0x980bdaf16a34848a78d8f9cbd66663f623286cbdfddd0681c2c15d307a86d7db
102,0.15061521,0.00022819740590142,0xc11f32a3d45a3dc54b34234dd2b9f46292e69c02,2017-10-31T02:07:47.000Z,0.001515102,0xec8dbdd4daa3bb5d31a36af99f7cf986c6bad31e,sell,0xdf6ef343350780bf8c3410bf062e0c015b1dd671,0x9c606fac64a6c966ee0ce33335ceba148a5b4f9e778c7bcacb3dc34c5644e62d
103,116.62013242,0.17669139586980684,0xc11f32a3d45a3dc54b34234dd2b9f46292e69c02,2017-10-31T01:39:29.000Z,0.001515102,0xb00548770ea87482f024cd4292a975fea72e8f01,sell,0xdf6ef343350780bf8c3410bf062e0c015b1dd671,0x0baf2029f652e8eb9cbe274059cc73d2246130f0768f285853f765c96e664b90
104,1510.82111454,2.2890480922817833,0xc11f32a3d45a3dc54b34234dd2b9f46292e69c02,2017-10-31T01:38:37.000Z,0.001515102,0xec8dbdd4daa3bb5d31a36af99f7cf986c6bad31e,sell,0xdf6ef343350780bf8c3410bf062e0c015b1dd671,0xe7092066580dc0b1d05384c69682df9c532170fc83d2721c6cbf9aa8d2854c2f
105,650,0.9945,0xbffff1ba68de97e664907dea711a514ad4d93512,2017-10-31T01:34:06.000Z,0.00153,0xec8dbdd4daa3bb5d31a36af99f7cf986c6bad31e,sell,0xdf6ef343350780bf8c3410bf062e0c015b1dd671,0xc6600c43ce4cfa38d4eea2ccce903a0a3934f0415ff02afd344b25c53a50ebaa
106,1000,1.530001,0x72bd9ed3dd900d460bfa6e70dca09811853628fa,2017-10-31T01:33:53.000Z,0.001530001,0xec8dbdd4daa3bb5d31a36af99f7cf986c6bad31e,sell,0xdf6ef343350780bf8c3410bf062e0c015b1dd671,0xe758e248b403c8543b8482650c994576ed1b059bddbb1e6f99d144dd00d89c9e
107,69,0.1104,0x273a5d3e6721b9f5c1a6474f560c1334c63dda01,2017-10-31T00:18:20.000Z,0.0016,0x89ce50df3c364896cfddf744ba6132251cbccb73,buy,0xdf6ef343350780bf8c3410bf062e0c015b1dd671,0xc190cd55b9c57fe0a22ed67a05e655c68127705dd494f5fe684530168285f4fd
108,68.793,0.116949131895,0x72bd9ed3dd900d460bfa6e70dca09811853628fa,2017-10-31T00:18:20.000Z,0.001700015,0x273a5d3e6721b9f5c1a6474f560c1334c63dda01,sell,0xdf6ef343350780bf8c3410bf062e0c015b1dd671,0xc190cd55b9c57fe0a22ed67a05e655c68127705dd494f5fe684530168285f4fd
109,49.84547901,0.08473806199918515,0x72bd9ed3dd900d460bfa6e70dca09811853628fa,2017-10-31T00:00:24.000Z,0.001700015,0x6e21cf1b1cd858a600375dd7e9a829062cf3054b,sell,0xdf6ef343350780bf8c3410bf062e0c015b1dd671,0x5373c1b5ac27d14edb6701c40ef8f66728efd8598549d8d0e37c4c291080cdcd
110,734.88356682,1.1134228269725488,0x6bedacc2356fb151bb616f2bb5303ba2c2b78328,2017-10-30T21:41:52.000Z,0.001515101,0xdda3ff82def15fab2eca2f56229edbf62a1a2dc9,sell,0xdf6ef343350780bf8c3410bf062e0c015b1dd671,0x1a4c87f175d6b7cd51430905d3d9a16d5f4a52f8c5640fa32f9e73efa7fb1113
111,180,0.3096,0x46d84e15b1866bc6d1c235e63a542cbd580fdd06,2017-10-30T20:41:34.000Z,0.00172,0x6bedacc2356fb151bb616f2bb5303ba2c2b78328,buy,0xdf6ef343350780bf8c3410bf062e0c015b1dd671,0xe239d8ae277c1ad4002725f05ae29f3e42fadaebd1cc46a94d063805b728e16e
112,0.01,0.0000172,0x0c4085d8e714ca77ac5f46cd2b80a92d238a7cd3,2017-10-30T20:05:58.000Z,0.00172,0x6bedacc2356fb151bb616f2bb5303ba2c2b78328,buy,0xdf6ef343350780bf8c3410bf062e0c015b1dd671,0x03debd64d89cccf96cf2229b61aa3100a2dc42531069575bd632ce298d1fc677
113,59.62356657,0.10255253451008085,0xb813b10f53ac0c8012e12d5e4761ae7626c5303e,2017-10-30T19:00:10.000Z,0.0017200000001623662,0x6bedacc2356fb151bb616f2bb5303ba2c2b78328,buy,0xdf6ef343350780bf8c3410bf062e0c015b1dd671,0x20e313595f0192d9bb9ef08215ed392684a7e741ac0ab9994ac35d5017d93119
114,200,0.320002,0x9985d7f476f2891b238cd34ef05eebdfc1541c9c,2017-10-30T18:48:34.000Z,0.00160001,0xdda3ff82def15fab2eca2f56229edbf62a1a2dc9,sell,0xdf6ef343350780bf8c3410bf062e0c015b1dd671,0x87a859b9bcd0316469cbcaab2c683b00292449137a032e9c3334aefbafff102d
115,507.90658794,0.82331657905074,0x3dee4a4e076e8d82859d241db0baf46f112cfa23,2017-10-30T18:18:52.000Z,0.001621,0x71477219697b26052d74a908c982120028f6ac46,sell,0xdf6ef343350780bf8c3410bf062e0c015b1dd671,0x1df786d85e3ed78db619f5c1ac67d6d4312e2370fc16b1d34c4de06ec6342293
116,9.969,0.016948306869,0xad4a9f21193a77b00c1b7b091edccc9143472ab6,2017-10-30T17:32:06.000Z,0.001700101,0x71477219697b26052d74a908c982120028f6ac46,sell,0xdf6ef343350780bf8c3410bf062e0c015b1dd671,0xfea16abb159df933d25dcdda24916966b7b9125e6e4cd89aea1a6cbd556b1182
117,0.03092745,0.00005257978867245,0xad4a9f21193a77b00c1b7b091edccc9143472ab6,2017-10-30T17:28:14.000Z,0.001700101,0x909c4a82f48081ca1e2580b0a665f9215ce854fb,sell,0xdf6ef343350780bf8c3410bf062e0c015b1dd671,0xbeebd115fc11f6928ffadfd96d4c1f316714ee5dc20765723dc0a7b77c923bee
118,310.23327684,0.5028884519909168,0x6bedacc2356fb151bb616f2bb5303ba2c2b78328,2017-10-30T17:26:21.000Z,0.001621001,0x909c4a82f48081ca1e2580b0a665f9215ce854fb,sell,0xdf6ef343350780bf8c3410bf062e0c015b1dd671,0xa1dd9fc6c3cae7cb05c923fe97c6d54d7a32cd52e848d8ce6cb001d3324ae0f2
119,200,0.344,0xb4cfcb2b61bae99448176e1253a2916923cda0dc,2017-10-30T16:48:34.000Z,0.00172,0x71477219697b26052d74a908c982120028f6ac46,sell,0xdf6ef343350780bf8c3410bf062e0c015b1dd671,0xd1a8dd30e1db970632e1d6ead1d3d4aec3b11d2d18906f6e69ae8af05ff573f7
120,7.85,0.01413785,0x695f7ca2b214b12912a8f74ab689907666cad96c,2017-10-30T16:48:24.000Z,0.001801,0x8566f8ec2b3f9354fa1f92340949125872f3a836,sell,0xdf6ef343350780bf8c3410bf062e0c015b1dd671,0xa581cdd95bfd7b9e6152d93b7182c3c229e33d6c1b1e6866d582d16dce434d97
121,999.70289887,1.699494928079,0xe8f0cc52b0d087e4eaabe1de8c0bc01f83918ea9,2017-10-30T16:48:24.000Z,0.0017,0x71477219697b26052d74a908c982120028f6ac46,sell,0xdf6ef343350780bf8c3410bf062e0c015b1dd671,0x6951cdffd1f73b2a39555de45072022eac4d0910e90802d9892abc351b07078a
122,620,1.067082,0x9eb87a971beabc2ad91fd67ea2bf8a5347a45531,2017-10-30T16:47:11.000Z,0.0017211,0x71477219697b26052d74a908c982120028f6ac46,sell,0xdf6ef343350780bf8c3410bf062e0c015b1dd671,0xaff45e184f56fa1f4e3bb65c27b9dca41fdfca84b6bf4b7d5c562c350c90267f
123,579.42,1.08815076,0x46ab6f91e27f98638104ddc615c976f6f3022f1f,2017-10-30T14:12:24.000Z,0.001878,0x009a12d4290630bc01fd82516ac57c1dc6a9bcfb,buy,0xdf6ef343350780bf8c3410bf062e0c015b1dd671,0xf3269639a54a6ead25e3f9edd4ae7c45be22ac67d19ab1c23b12c7fc1c157cca
124,622.39,1.058063,0x5e1e1b8f0e75f9608f8f82a40fceac31589558bf,2017-10-30T14:07:49.000Z,0.0017,0xe4af924fa1693ed227b3e11cc5f6711327559b10,buy,0xdf6ef343350780bf8c3410bf062e0c015b1dd671,0x2c75838b702c192db82228cd6b177fa797a5404e2e2bef76c3301f63a17c6790
125,622.39,1.058063,0x5e1e1b8f0e75f9608f8f82a40fceac31589558bf,2017-10-30T14:07:33.000Z,0.0017,0xe4af924fa1693ed227b3e11cc5f6711327559b10,buy,0xdf6ef343350780bf8c3410bf062e0c015b1dd671,0x2c75838b702c192db82228cd6b177fa797a5404e2e2bef76c3301f63a17c6790
126,0.29710113,0.000505071921,0xe8f0cc52b0d087e4eaabe1de8c0bc01f83918ea9,2017-10-30T13:00:53.000Z,0.0017,0x11cb23cdcfc75c9afcc415dd5cd29d26550a0a5d,sell,0xdf6ef343350780bf8c3410bf062e0c015b1dd671,0xb620e0f9733e064b98d8a08341ec287210b21133072a696f8d9a91ec5802adc0
127,2980.22137664,5.066376340288,0xa7ea12674d3186e5013e048705755f990b25b2b4,2017-10-30T12:57:23.000Z,0.0017,0x11cb23cdcfc75c9afcc415dd5cd29d26550a0a5d,sell,0xdf6ef343350780bf8c3410bf062e0c015b1dd671,0x6f783ac07de3ec16b7828069903ab791b34a5ea5c658f690a31d9b3896841b06
128,100,0.171,0xa4dba416289b78f5d63726a041b4c346e3af103d,2017-10-30T12:55:53.000Z,0.00171,0x11cb23cdcfc75c9afcc415dd5cd29d26550a0a5d,sell,0xdf6ef343350780bf8c3410bf062e0c015b1dd671,0xc5f58c5d285fa153efd609b5ddfb1fc4bc7a6f258c9de3e8f38fd080a3a38e7a
129,19.9675664,0.0346437476715664,0xcb5af8f7e1c95aeb566cf675456f7be8965bd292,2017-10-30T12:55:53.000Z,0.001735001,0x11cb23cdcfc75c9afcc415dd5cd29d26550a0a5d,sell,0xdf6ef343350780bf8c3410bf062e0c015b1dd671,0x23215907b0c1b51f6c0b569b2eaadbb042fd5b348f7557cebcad42512e43a717
130,2.156,0.00366523234,0x72bd9ed3dd900d460bfa6e70dca09811853628fa,2017-10-30T12:55:53.000Z,0.001700015,0x11cb23cdcfc75c9afcc415dd5cd29d26550a0a5d,sell,0xdf6ef343350780bf8c3410bf062e0c015b1dd671,0x54e7c346afb941038489ba93d2ef1c06ea6f557002e2efcfb4d04352235b596b
131,600,1.0260066,0x5603e9614eb82f61407aced212b7515686351133,2017-10-30T12:53:08.000Z,0.001710011,0xfb3c71bdf0af0efa63a57fd6030c57f3cbc846e1,sell,0xdf6ef343350780bf8c3410bf062e0c015b1dd671,0xa4c3a8537e1d5793353f138fc79a90d1366b586d1a0eac69307d1238d2cee0db
132,666,1.14552,0x06811a2b589d9a80d20925ab683a32ef796b4648,2017-10-30T12:52:44.000Z,0.00172,0xfb3c71bdf0af0efa63a57fd6030c57f3cbc846e1,sell,0xdf6ef343350780bf8c3410bf062e0c015b1dd671,0x73ef7c922ac7d750d9ac578905005a3d0aae8ae28b492e83f4ee1ebc5de1a4c2
133,600,1.032006,0x3dee4a4e076e8d82859d241db0baf46f112cfa23,2017-10-30T12:52:30.000Z,0.00172001,0xfb3c71bdf0af0efa63a57fd6030c57f3cbc846e1,sell,0xdf6ef343350780bf8c3410bf062e0c015b1dd671,0x99b506affb8931464e85d1e9e9597cb82f2754122ae3a37f25738c2ebfbccb89
134,6,0.010794,0xa7ea12674d3186e5013e048705755f990b25b2b4,2017-10-30T11:40:59.000Z,0.001799,0x4fe66c963fe9e3c996b4af51d7547d7ba819dfa1,buy,0xdf6ef343350780bf8c3410bf062e0c015b1dd671,0x6fe155c8d9fef84f592bb8d6b0b08381344c162aeda244946102371dbc587a3b
135,0.0324336,0.0000562723284336,0xcb5af8f7e1c95aeb566cf675456f7be8965bd292,2017-10-30T09:55:04.000Z,0.001735001,0x85073ea282d71e343c5f4ad4a4448a7931855215,sell,0xdf6ef343350780bf8c3410bf062e0c015b1dd671,0xd56e915b7aa27cdf911cdef9db3fc359497ef5750a01a4e2d7261da618ca9fb4
136,325.34144153,0.5628406938469,0xbffff1ba68de97e664907dea711a514ad4d93512,2017-10-30T09:52:35.000Z,0.00173,0x85073ea282d71e343c5f4ad4a4448a7931855215,sell,0xdf6ef343350780bf8c3410bf062e0c015b1dd671,0x7278a476cba82f984b05e1a3d21cde3cd0bf66b42610570061d0b6a9861d5fb4
137,39.94,0.073889,0xa7ea12674d3186e5013e048705755f990b25b2b4,2017-10-30T07:06:11.000Z,0.00185,0x445598750201119e8c0df5998d04ace8796c0ae7,buy,0xdf6ef343350780bf8c3410bf062e0c015b1dd671,0xb97d84c5c3dc35172836c250248d6f3df51c2ab546c074fe7a2525e146b75fa0
138,20,0.03470002,0xcb5af8f7e1c95aeb566cf675456f7be8965bd292,2017-10-30T07:00:38.000Z,0.001735001,0x445598750201119e8c0df5998d04ace8796c0ae7,sell,0xdf6ef343350780bf8c3410bf062e0c015b1dd671,0x64de97b464bce3c72e66080987dbff310b5ef6250051ce6b074079ae1eba9906
139,93.97781717,0.17667829628173712,0xee054e89931640de8ebd4157a3cf0513bcedc76e,2017-10-30T06:26:31.000Z,0.0018800000000227404,0x4de6bf61916eafb0510af6aa45e0cf994a571adb,buy,0xdf6ef343350780bf8c3410bf062e0c015b1dd671,0xcb8aabaf767284c298d8c08714d69406d5762461e668db5cbbb98349c5f45cd9
140,121.363,0.230589578637,0xc9d56287b414e1aa0963016aa721b527f095fd9c,2017-10-30T04:50:38.000Z,0.001899999,0xd990b20677084e0ecc854a956cb15a401515dfe8,buy,0xdf6ef343350780bf8c3410bf062e0c015b1dd671,0x3015a152a954a1577f125ea2f2201bd6a0bb53c2120c2bda082fffafaf62b3a3
141,121,0.2904,0x41875cef73bfc0cfea901d053fda6870adef0beb,2017-10-30T04:50:38.000Z,0.0024,0xc9d56287b414e1aa0963016aa721b527f095fd9c,sell,0xdf6ef343350780bf8c3410bf062e0c015b1dd671,0x3015a152a954a1577f125ea2f2201bd6a0bb53c2120c2bda082fffafaf62b3a3
142,0.001,0.000001899999,0x77c0016fea4b7c41cb7867518f23a5cde66f8cd4,2017-10-30T01:47:25.000Z,0.001899999,0xd990b20677084e0ecc854a956cb15a401515dfe8,buy,0xdf6ef343350780bf8c3410bf062e0c015b1dd671,0xbfbdefca5fa2d3f9c5f518d86ae7551ea5b12ef28cc5911acf87cfc115000377
143,1.481,0.002517722215,0x72bd9ed3dd900d460bfa6e70dca09811853628fa,2017-10-30T01:45:01.000Z,0.001700015,0x77c0016fea4b7c41cb7867518f23a5cde66f8cd4,sell,0xdf6ef343350780bf8c3410bf062e0c015b1dd671,0x6d4f8a468e1b8e6f781037be5a0852d12272cecf91488ce323129e2e4aa86a61
144,1.6,0.0030399984,0x77c0016fea4b7c41cb7867518f23a5cde66f8cd4,2017-10-30T01:43:00.000Z,0.001899999,0xd990b20677084e0ecc854a956cb15a401515dfe8,buy,0xdf6ef343350780bf8c3410bf062e0c015b1dd671,0x6ce6490e99a9922815fa14cbfe680eecc91d3943bec4d4b44233a70245fe789f
145,99.88452902,0.18978050526890947,0x77c0016fea4b7c41cb7867518f23a5cde66f8cd4,2017-10-30T01:38:06.000Z,0.0018999990001545633,0xd990b20677084e0ecc854a956cb15a401515dfe8,buy,0xdf6ef343350780bf8c3410bf062e0c015b1dd671,0xc8788afd8425bbb5896b0f1d5b5100fa8dafaf5d56eb412d38ea43992f315127
146,25.99,0.04938097401,0x6e562ae36a18f65897dddc9fc92b0b358776d171,2017-10-30T01:21:52.000Z,0.001899999,0xd990b20677084e0ecc854a956cb15a401515dfe8,buy,0xdf6ef343350780bf8c3410bf062e0c015b1dd671,0x468642fe78cfe763fbc2cc77be449e9b65222d00000bc365c86add9425f1d9ad
147,107.32454822,0.19318418680091715,0x6e562ae36a18f65897dddc9fc92b0b358776d171,2017-10-30T01:19:26.000Z,0.0018000000000458157,0x1c193da9cfbe7e289bce3eb86a0f61917bc3b02f,buy,0xdf6ef343350780bf8c3410bf062e0c015b1dd671,0x1eca432eb72f25436bf9352f57c488ba514b2fef49fabe20beac2409f7f265cf
148,48.9869914,0.08572723495,0x3dd434a613e6d7014ed25f1fd40e90f984a3291a,2017-10-30T00:41:37.000Z,0.00175,0x0653726d6def67472d2b1f1b64f1d2045752fb37,sell,0xdf6ef343350780bf8c3410bf062e0c015b1dd671,0x777e18312d78afe68aeaeab04ad9684870378c3ee1bfa26e5d0a4b94cfab5676
149,87.76645177,0.15797961319908285,0xa0be78d2bac6a692adba423c7af50ec86a18bddf,2017-10-30T00:15:23.000Z,0.0018000000001490643,0x1c193da9cfbe7e289bce3eb86a0f61917bc3b02f,buy,0xdf6ef343350780bf8c3410bf062e0c015b1dd671,0x4f34c81f0dc4f9eb16a0b80104b51339ecf059493199941bc9f1c79b19bca7b4
150,4.9845479,0.0087229837477395,0x72bd9ed3dd900d460bfa6e70dca09811853628fa,2017-10-30T00:13:33.000Z,0.001750005,0x56ab693975f84dcff83f7d1edce0e28b195c073c,sell,0xdf6ef343350780bf8c3410bf062e0c015b1dd671,0x83acb01f2d0c7c8bec8d71b63a1657f984e26d559915d20e4bd93b0f6b300c17
151,260.38779782,0.4556789065727978,0x6bedacc2356fb151bb616f2bb5303ba2c2b78328,2017-10-29T23:12:08.000Z,0.001750001,0xbc23e468de0508adf7a28babc1b0523b1cf05bfc,sell,0xdf6ef343350780bf8c3410bf062e0c015b1dd671,0x93f23b64d23c49a0a07adac3d0b28b08d6d7dd326bcda47af022b059b27ab207
152,0.29814861,0.00052176036564861,0x6bedacc2356fb151bb616f2bb5303ba2c2b78328,2017-10-29T22:42:11.000Z,0.001750001,0x554a65d1c1146a2bb595d1f61d3a73974e2274f3,sell,0xdf6ef343350780bf8c3410bf062e0c015b1dd671,0xa2f1a104a594bab081d4396353b7c405276a6e94f42a9580f83a5bc3178ffe02
153,2990.7287409,5.233778287303741,0x6bedacc2356fb151bb616f2bb5303ba2c2b78328,2017-10-29T22:41:07.000Z,0.001750001,0x554a65d1c1146a2bb595d1f61d3a73974e2274f3,sell,0xdf6ef343350780bf8c3410bf062e0c015b1dd671,0x1083263adc69978eaab044153ffdc76b8b21ca9006e7921cf5d6cd31af1ac34a
154,564.278,1.017978954564,0x0689da3dc8ece9725f6bfb40a21bed166b13b8e7,2017-10-29T18:09:56.000Z,0.001804038,0xfb3c71bdf0af0efa63a57fd6030c57f3cbc846e1,sell,0xdf6ef343350780bf8c3410bf062e0c015b1dd671,0x31c395dda52fa920b07383575849532658a863a170b98907c2dfae09f97345f8
155,129.84251891,0.24929750648111557,0x09809e998b9aec6cb5dcb3d7f02cf64527281176,2017-10-29T18:04:30.000Z,0.0019199990001265723,0xd990b20677084e0ecc854a956cb15a401515dfe8,buy,0xdf6ef343350780bf8c3410bf062e0c015b1dd671,0xbcaacbaa5379fbf29772afe2d78e7b06fb425231e2cbff88edce0d8584c33286
156,92.15,0.16596215,0x695f7ca2b214b12912a8f74ab689907666cad96c,2017-10-29T17:24:05.000Z,0.001801,0xfb3c71bdf0af0efa63a57fd6030c57f3cbc846e1,sell,0xdf6ef343350780bf8c3410bf062e0c015b1dd671,0x7eb2be71653ccdc5de48bef76b774df4d75aca5dcb473d9c2c341b5f09188c1e
157,142.15990509,0.2561735705712309,0x4bfa5fdd96496a949f8ad8ca7c59fceec8d7e3d6,2017-10-29T17:23:55.000Z,0.00180201,0xfb3c71bdf0af0efa63a57fd6030c57f3cbc846e1,sell,0xdf6ef343350780bf8c3410bf062e0c015b1dd671,0x0c5a8125ce7c584b93b2c9df241da1124449e1b00a9748e8537283ed4cca7f7b
158,2000,3.608002,0x4bfa5fdd96496a949f8ad8ca7c59fceec8d7e3d6,2017-10-29T17:14:32.000Z,0.001804001,0xfb3c71bdf0af0efa63a57fd6030c57f3cbc846e1,sell,0xdf6ef343350780bf8c3410bf062e0c015b1dd671,0x78b29eaa56d4ea2be70fe91ea2a77c56d30dee8028e1a6051fa145e86d79dd7e
159,259.62,0.46887397962,0x1ac4a9ac7517b725b9fe1fa8323e0c15eda42fa1,2017-10-29T17:13:24.000Z,0.001806001,0xfb3c71bdf0af0efa63a57fd6030c57f3cbc846e1,sell,0xdf6ef343350780bf8c3410bf062e0c015b1dd671,0x464a93e6a53e96a78a957816d5ffc5ec87189fe0b6f7f57e24ac5527a333044c
160,25.37768484,0.04595903800060968,0xbedb4b7f1fd4a6a6e1b43f390bd36a0a783b5054,2017-10-29T17:13:24.000Z,0.001811002,0xfb3c71bdf0af0efa63a57fd6030c57f3cbc846e1,sell,0xdf6ef343350780bf8c3410bf062e0c015b1dd671,0x2449e7fdb211cb7ea1b8de874c532afea950b9eeca25993d4611f463515c95b2
161,32.751,0.06058935,0xb4cfcb2b61bae99448176e1253a2916923cda0dc,2017-10-29T17:13:05.000Z,0.00185,0xfb3c71bdf0af0efa63a57fd6030c57f3cbc846e1,sell,0xdf6ef343350780bf8c3410bf062e0c015b1dd671,0x585e9aa4159ae95433643f817d37769c1834377bb941b36249916e04938eea48
162,40.37959237,0.07292558419981238,0x1ac4a9ac7517b725b9fe1fa8323e0c15eda42fa1,2017-10-29T17:01:26.000Z,0.001806001,0x273a5d3e6721b9f5c1a6474f560c1334c63dda01,sell,0xdf6ef343350780bf8c3410bf062e0c015b1dd671,0xfb97f7fa675d84329409aba92260be35ba51c32ef53e83ecec778f2181288950
163,40.50109566,0.0129603506112,0x273a5d3e6721b9f5c1a6474f560c1334c63dda01,2017-10-29T17:01:26.000Z,0.00032,0x1099b992dffe76b4bdface01f3516aaca6309544,buy,0xdf6ef343350780bf8c3410bf062e0c015b1dd671,0xfb97f7fa675d84329409aba92260be35ba51c32ef53e83ecec778f2181288950
164,253.60277596,0.45927513446911195,0xbedb4b7f1fd4a6a6e1b43f390bd36a0a783b5054,2017-10-29T15:57:13.000Z,0.001811002,0xfc73413d8dcc28d271cde376835edf6690fa91a8,sell,0xdf6ef343350780bf8c3410bf062e0c015b1dd671,0x83b91d5236a5496e69dbb2a1bf56df58829c5930036185f71748cd76fe318279
165,97.53563952,0.17663733577763857,0x5603e9614eb82f61407aced212b7515686351133,2017-10-29T15:55:54.000Z,0.001811003,0xfc73413d8dcc28d271cde376835edf6690fa91a8,sell,0xdf6ef343350780bf8c3410bf062e0c015b1dd671,0x30c747777984d453f2fab1e0a3707ce091ccbe82c3d722ba18c769a6a7d1a46f
166,2.203,0.003989754165,0xeaf4bdbe89e34ddaf61df73539a3c413561401e3,2017-10-29T15:55:23.000Z,0.001811055,0xfc73413d8dcc28d271cde376835edf6690fa91a8,sell,0xdf6ef343350780bf8c3410bf062e0c015b1dd671,0x850dd23c9cbb4689b777feda9cecf2d1094afe4d98e00cdb8a5c75be70773532
167,102.46436048,0.18556326422236144,0x5603e9614eb82f61407aced212b7515686351133,2017-10-29T15:00:04.000Z,0.001811003,0x145ed205ce1e6d7ba8c59b2c32490b60a20daaa7,sell,0xdf6ef343350780bf8c3410bf062e0c015b1dd671,0xe1856f183cad6e3f3106affba314b63c25e41158bdeba70831129204ec5f4b4a
168,10.10031165,0.0182916845987733,0xbedb4b7f1fd4a6a6e1b43f390bd36a0a783b5054,2017-10-29T13:22:51.000Z,0.001811002,0x7f1c2cee2c6ccb9ba73d1b3fa051e1ed73dcc0db,sell,0xdf6ef343350780bf8c3410bf062e0c015b1dd671,0x35edb50293e81cebea0c815d17e76af07866d77d0a28e43fd4a7b41c2004d211
169,300,0.5433009,0x5603e9614eb82f61407aced212b7515686351133,2017-10-29T12:31:45.000Z,0.001811003,0x7f1c2cee2c6ccb9ba73d1b3fa051e1ed73dcc0db,sell,0xdf6ef343350780bf8c3410bf062e0c015b1dd671,0xf221307990919412541c8c9f9110f5c588fe002530df0b36acb895fbb9c22dad
170,165,0.337425,0x27e3091836bd01b1a81cf3d97ab79424b4485191,2017-10-29T10:00:05.000Z,0.002045,0x4de6bf61916eafb0510af6aa45e0cf994a571adb,buy,0xdf6ef343350780bf8c3410bf062e0c015b1dd671,0x89ea94815514e12698c6106a96f76bac8086037350e504a27bc6601cb0b458e1
171,20.52636825,0.0371732939534865,0xbedb4b7f1fd4a6a6e1b43f390bd36a0a783b5054,2017-10-29T07:41:08.000Z,0.001811002,0x22e1d4e6a67b24aa1a7f77c05f67889ab4685167,sell,0xdf6ef343350780bf8c3410bf062e0c015b1dd671,0x7f8aa340efee82feb62d4bdfac4dff441cfe48bbfddc1cd35de64f2ffc032f25
172,600,1.092,0x3dee4a4e076e8d82859d241db0baf46f112cfa23,2017-10-29T07:36:15.000Z,0.00182,0x22e1d4e6a67b24aa1a7f77c05f67889ab4685167,sell,0xdf6ef343350780bf8c3410bf062e0c015b1dd671,0x8f13869c92f4f5b49083e2c2bf18380d3f1cbbd2ff6365a02d6f3cccf557289b
173,352.3928593,0.6381841729780185,0xbedb4b7f1fd4a6a6e1b43f390bd36a0a783b5054,2017-10-29T07:25:29.000Z,0.001811002,0x5488c55fabb24691efa3134e3f0a9326a082e5c8,sell,0xdf6ef343350780bf8c3410bf062e0c015b1dd671,0xa7ff06373dc268d75aa788ab8bd1cacd57011fbd2d7fa01026b6bd6ce92fb044
174,158.02163294,0.2875993719508,0xbffff1ba68de97e664907dea711a514ad4d93512,2017-10-29T07:24:16.000Z,0.00182,0x5488c55fabb24691efa3134e3f0a9326a082e5c8,sell,0xdf6ef343350780bf8c3410bf062e0c015b1dd671,0x2828badc611f1a81cf0166771c1aabf22f035e597b977f84d340df9df050c103
175,546,0.99918,0xbffff1ba68de97e664907dea711a514ad4d93512,2017-10-29T07:23:25.000Z,0.00183,0x5488c55fabb24691efa3134e3f0a9326a082e5c8,sell,0xdf6ef343350780bf8c3410bf062e0c015b1dd671,0x7e465423df7bcbf474970cb5f77ccc129b9043615abafdbc0fde08dc6ae0659d
176,250,0.5125,0x7e20a4b16244f9f10f1f2b400eba8abf5568d46e,2017-10-29T06:18:43.000Z,0.00205,0x1c193da9cfbe7e289bce3eb86a0f61917bc3b02f,buy,0xdf6ef343350780bf8c3410bf062e0c015b1dd671,0x3c2d7cef3577f2f2c47349c7808fe7e43fba8b2088de1592021c454ac76fe4a2
177,300,0.585,0xa7ea12674d3186e5013e048705755f990b25b2b4,2017-10-29T04:33:55.000Z,0.00195,0x1c193da9cfbe7e289bce3eb86a0f61917bc3b02f,buy,0xdf6ef343350780bf8c3410bf062e0c015b1dd671,0x8a3a87e1ab2342c9a00f45ac1c1555f068539d77fd4960b4d651bb355d1b25c4
178,311.195,0.6037183,0xa7ea12674d3186e5013e048705755f990b25b2b4,2017-10-29T04:33:55.000Z,0.00194,0xc335eaa358f966b18e43511e8aec030c85f6d87f,buy,0xdf6ef343350780bf8c3410bf062e0c015b1dd671,0x7b406c86998aae1f1755f5d060b61a9cedceef5881647d72491762d4be3c82d4
179,200,0.371,0xe3bb32d1e0e60c6fbba4a53f9f90450b3b794c4e,2017-10-29T01:12:28.000Z,0.001855,0x1c193da9cfbe7e289bce3eb86a0f61917bc3b02f,buy,0xdf6ef343350780bf8c3410bf062e0c015b1dd671,0xca43df152500807909ebd11edbbde4050017f95c004fc1fb47b8aaf29336dbf4
180,6.97836706,0.0127006280492,0xbffff1ba68de97e664907dea711a514ad4d93512,2017-10-29T00:41:46.000Z,0.00182,0xb4644415a639bf48418f50717ea59e7299682173,sell,0xdf6ef343350780bf8c3410bf062e0c015b1dd671,0xe474787301b622aad5381098e468fe19d4b98609f83405c81a0d91aa0a7618b9
181,376,0.69748,0xbffff1ba68de97e664907dea711a514ad4d93512,2017-10-29T00:11:42.000Z,0.001855,0x1c193da9cfbe7e289bce3eb86a0f61917bc3b02f,buy,0xdf6ef343350780bf8c3410bf062e0c015b1dd671,0x64c72a8f38f23fa730ab6c2624fb526786961544ea18c90584a49ab89120bce8
182,0.23992322,0.0005,0xe444a40689f51f63bcd29910622035707d533d29,2017-10-28T20:08:47.000Z,0.002084000039679361,0x4de6bf61916eafb0510af6aa45e0cf994a571adb,buy,0xdf6ef343350780bf8c3410bf062e0c015b1dd671,0xa705f62a269ea3de0c6df2eba8ea3be1080474801d9aa89e623ef8fd21696f33
183,359.65105271,0.6509687650561528,0xd990b20677084e0ecc854a956cb15a401515dfe8,2017-10-28T19:37:07.000Z,0.001810001,0xfe1bec0853ba8f2c6abfb8f67f09850abc9e6a10,sell,0xdf6ef343350780bf8c3410bf062e0c015b1dd671,0x296ad47fba64260316a4eb80e93ad4c156b48f20ebd910513cdd05b95042c527
184,150,0.27165,0xe3bb32d1e0e60c6fbba4a53f9f90450b3b794c4e,2017-10-28T19:36:38.000Z,0.001811,0xfe1bec0853ba8f2c6abfb8f67f09850abc9e6a10,sell,0xdf6ef343350780bf8c3410bf062e0c015b1dd671,0x6339ae367c25d7a3a8b3e0641a5dd03b3724d429d0afcff4e2edda669d07140a
185,181.74977969,0.32987585013735,0x4de6bf61916eafb0510af6aa45e0cf994a571adb,2017-10-28T19:35:43.000Z,0.001815,0xfe1bec0853ba8f2c6abfb8f67f09850abc9e6a10,sell,0xdf6ef343350780bf8c3410bf062e0c015b1dd671,0x97af95dc2424e2ce53d05a5d9f34db156aff71a3e7e1396fd289adfa5005d217
186,0.09384653,0.00016948692702653,0xd990b20677084e0ecc854a956cb15a401515dfe8,2017-10-28T17:52:58.000Z,0.001806001,0xfe100b41e2463194787391e411948096b08ed3b2,sell,0xdf6ef343350780bf8c3410bf062e0c015b1dd671,0xb0d32cfb3683c8ed4411c25a8fb2ed1ba638a2ef906d66b4632ee01ea1e38346
187,941.374514,1.700123313658514,0xd990b20677084e0ecc854a956cb15a401515dfe8,2017-10-28T17:51:07.000Z,0.001806001,0xfe100b41e2463194787391e411948096b08ed3b2,sell,0xdf6ef343350780bf8c3410bf062e0c015b1dd671,0x39efea878653972debef4397c3ab4a9badba672bd7ea0c459e0efc40b9d032a6
188,66.826,0.12262571,0x695f7ca2b214b12912a8f74ab689907666cad96c,2017-10-28T17:50:08.000Z,0.001835,0xfe100b41e2463194787391e411948096b08ed3b2,sell,0xdf6ef343350780bf8c3410bf062e0c015b1dd671,0xec4b4b74b5bb0303f45c1bf32ac6e1f6136cb0265568dadcc99d6ff76d62df16
189,150,0.2760018,0x1ac4a9ac7517b725b9fe1fa8323e0c15eda42fa1,2017-10-28T17:49:50.000Z,0.001840012,0xfe100b41e2463194787391e411948096b08ed3b2,sell,0xdf6ef343350780bf8c3410bf062e0c015b1dd671,0x99d743f4dbd24198b344a6c6a6185f3096373865d541d2e583ebfa3e24b1398f
190,67.249,0.12441065,0xb4cfcb2b61bae99448176e1253a2916923cda0dc,2017-10-28T17:49:11.000Z,0.00185,0xfe100b41e2463194787391e411948096b08ed3b2,sell,0xdf6ef343350780bf8c3410bf062e0c015b1dd671,0x39676edca05f57c604908e25182cba0a82b4fd0f8a26aad8570aebfac52046c1
191,39,0.0813111,0x4ed4912bbe05bd6340171d7327ab44b58e7a5c65,2017-10-28T17:08:47.000Z,0.0020849,0x9248477715aeeb97750ed82143ff00b46f7ad7db,buy,0xdf6ef343350780bf8c3410bf062e0c015b1dd671,0x81f71c6c06cc261a6ea3bea19a8964af09e7b0e00efc7f54b7628a853fc5c8eb
192,312.24204402,0.572995374981102,0x3dee4a4e076e8d82859d241db0baf46f112cfa23,2017-10-28T16:50:05.000Z,0.0018351,0x1ed014aec47fae44c9e55bac7662c0b78ae61798,sell,0xdf6ef343350780bf8c3410bf062e0c015b1dd671,0x9e1d8e75e41615b903e8afcfbe3a4d641900e7331b8e9a461f2721f7c61fc94c
193,51.49835509,0.094504631425659,0x3dee4a4e076e8d82859d241db0baf46f112cfa23,2017-10-28T16:35:16.000Z,0.0018351,0xee3cf8612456e5289f98e649453d279e88817d18,sell,0xdf6ef343350780bf8c3410bf062e0c015b1dd671,0x976bfe6323d2c416e154adc8c755806cc73a78ed22c853c387982ae98ee7e0d6
194,240,0.500376,0x3814a2f48bc96d73ef786b7b443e075c70617c76,2017-10-28T14:18:19.000Z,0.0020849,0x492842125e4c3a7d10cda0e0291ea22788e4ad60,buy,0xdf6ef343350780bf8c3410bf062e0c015b1dd671,0xeb3077e74f1e5eb2a6b387876f609afff0cd032dcc8a9ba81e018506acc86f6a
195,499,1.039916,0x3814a2f48bc96d73ef786b7b443e075c70617c76,2017-10-28T14:16:20.000Z,0.002084,0xfbf7dc0756a9768d0c71aea5f8421f3b1eaee7d1,buy,0xdf6ef343350780bf8c3410bf062e0c015b1dd671,0x93e2236913e0b8a51d5951109d50b5e49920f224bfe58266d09961d4d1d4991c
196,671,1.398363329,0x3814a2f48bc96d73ef786b7b443e075c70617c76,2017-10-28T14:15:55.000Z,0.002083999,0xd990b20677084e0ecc854a956cb15a401515dfe8,buy,0xdf6ef343350780bf8c3410bf062e0c015b1dd671,0x47aca8c83f61d463409e77a78572504d8a82f30d6c403724610d033979c181dc
197,1671,3.074658381,0xd990b20677084e0ecc854a956cb15a401515dfe8,2017-10-28T14:02:05.000Z,0.001840011,0x1cfefc5697a521ed3b7a4d023c28dd33c3e74b8e,buy,0xdf6ef343350780bf8c3410bf062e0c015b1dd671,0xa7e17414304e114dc05d492eb0625396f1b2b79dd57cce4b3b681b0c611947f0
198,33.17389104,0.0608740900584,0x695f7ca2b214b12912a8f74ab689907666cad96c,2017-10-28T13:52:33.000Z,0.001835,0xeba5175bbd03df1ff1c733dc6bba681cdb35a3b4,sell,0xdf6ef343350780bf8c3410bf062e0c015b1dd671,0xede97fca9a9362bd4f6ea3530279d931c2cd15ab0d844ffebec17d34882903de
199,5.102,0.00938768,0x59e9442d8ddc010f8f5a980c92eb795e32526c6d,2017-10-28T13:49:52.000Z,0.00184,0xeba5175bbd03df1ff1c733dc6bba681cdb35a3b4,sell,0xdf6ef343350780bf8c3410bf062e0c015b1dd671,0xaf05c63fcf14c14ce5828eaebb11590c58444228c7a604ede63412807ff6fc8e
200,51,0.09384,0x59e9442d8ddc010f8f5a980c92eb795e32526c6d,2017-10-28T13:47:33.000Z,0.00184,0xeba5175bbd03df1ff1c733dc6bba681cdb35a3b4,sell,0xdf6ef343350780bf8c3410bf062e0c015b1dd671,0x2fb3934ed50a47736558f9edeaf85f5eba7f308264328ceb40734a5667592d81
201,700,1.288007,0x3dee4a4e076e8d82859d241db0baf46f112cfa23,2017-10-28T13:46:57.000Z,0.00184001,0xeba5175bbd03df1ff1c733dc6bba681cdb35a3b4,sell,0xdf6ef343350780bf8c3410bf062e0c015b1dd671,0xd7fb21fd1fb3a7becf872bef8842b81f18d98b6f6186b1145e30c40887c56003
202,4000,7.360044,0xd990b20677084e0ecc854a956cb15a401515dfe8,2017-10-28T13:42:29.000Z,0.001840011,0xeba5175bbd03df1ff1c733dc6bba681cdb35a3b4,sell,0xdf6ef343350780bf8c3410bf062e0c015b1dd671,0xa978fd73b0e4f93464c1c97e089676a2546cd89023ceabab77b16400fc3e06a3
203,133,0.244721596,0x798f782d0e5ddf90dcb75d1d175e35d06b89a162,2017-10-28T13:38:44.000Z,0.001840012,0xeba5175bbd03df1ff1c733dc6bba681cdb35a3b4,sell,0xdf6ef343350780bf8c3410bf062e0c015b1dd671,0x85754223ef6ce47ef994d9fd114988681e3108fdaf8ba46e89148b7027f044fa
204,160,0.2992,0xf082e67d73561f40c30a9cd41a1b24999ef57362,2017-10-28T13:38:44.000Z,0.00187,0xeba5175bbd03df1ff1c733dc6bba681cdb35a3b4,sell,0xdf6ef343350780bf8c3410bf062e0c015b1dd671,0xee85bc2d096317735ce0dc19886def1483dbce9b3bb6f0f225fb84a653dbdf48
205,500,0.92550005,0x0ce4b16411b408bc9f06d456175db3cc79b25299,2017-10-28T13:38:44.000Z,0.0018510001,0xeba5175bbd03df1ff1c733dc6bba681cdb35a3b4,sell,0xdf6ef343350780bf8c3410bf062e0c015b1dd671,0x3cc52f490415d04cec286e7ee0f51685934d283618a3e31f0ddb00012cb8611d
206,2.47653429,0.00458406497079,0xfff0905740ad6b68a5064359277c876d133252fa,2017-10-28T13:38:44.000Z,0.001851,0xeba5175bbd03df1ff1c733dc6bba681cdb35a3b4,sell,0xdf6ef343350780bf8c3410bf062e0c015b1dd671,0xd375c5a5cac62c4a5fc22ddff15598a2c660d1f1fb307547c29f6deeb77a2dd3
207,13,0.027105,0x0d846a206669973740b2251871f83dfa958f2211,2017-10-28T09:45:09.000Z,0.002085,0xb4b7c10aba4dce0552fa9449f72eb73f1d69311d,sell,0xdf6ef343350780bf8c3410bf062e0c015b1dd671,0x95077aa8ffcf72b00ae083b5c362cabad6bf7be7c01129836b58f0dddfa3e89c
208,78.2466157,0.165100359127,0x5104efc872d45dba3a97bf02aebe240dfc283321,2017-10-28T06:44:35.000Z,0.00211,0x07abae541d2bbe5e36e7f6d5fb52332e72609365,sell,0xdf6ef343350780bf8c3410bf062e0c015b1dd671,0x4dc1ef4fcb2fa2658db4f1768203eff5efda4c7c60a056f3941ee2cac189db1e
209,156.62311746,0.32734231549873766,0x07abae541d2bbe5e36e7f6d5fb52332e72609365,2017-10-28T06:43:45.000Z,0.002090000000046849,0x4de6bf61916eafb0510af6aa45e0cf994a571adb,buy,0xdf6ef343350780bf8c3410bf062e0c015b1dd671,0x969f5a8ae0bbe9e217c2fa98e00f0a713d3de85a6be531c2b56125de55ac5b64
210,579.42079553,1.04411627354506,0x009a12d4290630bc01fd82516ac57c1dc6a9bcfb,2017-10-28T04:56:30.000Z,0.001802,0xeecf392663f44b305e8a1987c7f3653f780b942b,sell,0xdf6ef343350780bf8c3410bf062e0c015b1dd671,0x8f79bc278dbc9371c09b53643337db6782916df18b64f2b6a343abbe6c4aefd9
211,100,0.19,0xb4cfcb2b61bae99448176e1253a2916923cda0dc,2017-10-28T04:55:17.000Z,0.0019,0xeecf392663f44b305e8a1987c7f3653f780b942b,sell,0xdf6ef343350780bf8c3410bf062e0c015b1dd671,0x6efde0f41bca95594dfcc9dc26aa82e2474c9ded46819c47c61abe419688f3b1
212,0.09940234,0.0001829003056,0x59e9442d8ddc010f8f5a980c92eb795e32526c6d,2017-10-28T01:56:05.000Z,0.00184,0x9ec0dbc657d14ea31d77e4aa0905232ef899372f,sell,0xdf6ef343350780bf8c3410bf062e0c015b1dd671,0x235f75c74cd12fa5ccbc6f128cd0241f4ac3b50d2a30c704477016b786e8fc8c
213,997.1047759,1.75600122083749,0x4bfa5fdd96496a949f8ad8ca7c59fceec8d7e3d6,2017-10-28T01:54:29.000Z,0.0017611,0x9ec0dbc657d14ea31d77e4aa0905232ef899372f,sell,0xdf6ef343350780bf8c3410bf062e0c015b1dd671,0x0f27ee267b954abea5576949c536a25f5f2b292da7c6b40345501ae27328ee58
214,250,0.45,0x45bf821edd049a39549c2637eab76832d8cb4f96,2017-10-28T01:52:54.000Z,0.0018,0x9ec0dbc657d14ea31d77e4aa0905232ef899372f,sell,0xdf6ef343350780bf8c3410bf062e0c015b1dd671,0xa8dcdfc56da170865fdff66bff8b87aca64e8e839d6a2cc4b5a1157841725632
215,900,1.584999,0x3dee4a4e076e8d82859d241db0baf46f112cfa23,2017-10-28T01:52:37.000Z,0.00176111,0x9ec0dbc657d14ea31d77e4aa0905232ef899372f,sell,0xdf6ef343350780bf8c3410bf062e0c015b1dd671,0x811636faeb91c7f9088c3902091e79ababb6add70104f793d2face701aac3bd1
216,1000,1.8,0xe8f0cc52b0d087e4eaabe1de8c0bc01f83918ea9,2017-10-28T01:51:33.000Z,0.0018,0x9ec0dbc657d14ea31d77e4aa0905232ef899372f,sell,0xdf6ef343350780bf8c3410bf062e0c015b1dd671,0xa1001b08b6ee7634434012f22e8f54f0effef964a8cc11dc3c897664ca3bc2bd
217,2000,3.6,0xa7ea12674d3186e5013e048705755f990b25b2b4,2017-10-28T01:50:54.000Z,0.0018,0x9ec0dbc657d14ea31d77e4aa0905232ef899372f,sell,0xdf6ef343350780bf8c3410bf062e0c015b1dd671,0xd4f067a96438a41a2018997f6f45850eaea53a4a715930aa3584de2aa60e11a0
218,100,0.18421,0xa4dba416289b78f5d63726a041b4c346e3af103d,2017-10-28T01:50:36.000Z,0.0018421,0x9ec0dbc657d14ea31d77e4aa0905232ef899372f,sell,0xdf6ef343350780bf8c3410bf062e0c015b1dd671,0xa2953b11ad31bd8238dd6a75cc0e5c94c2fa013b56b56c46a460714f238c6645
219,158,0.291053538,0xb49fda420b9ce7334c6446af26f06225cbecb401,2017-10-28T01:50:16.000Z,0.001842111,0x9ec0dbc657d14ea31d77e4aa0905232ef899372f,sell,0xdf6ef343350780bf8c3410bf062e0c015b1dd671,0xeaed4f7488c1fcfca3a16efdd17d4383f1953f0e01aee741be32004ddbeec26c
220,731.5,1.3475041965,0xc11f32a3d45a3dc54b34234dd2b9f46292e69c02,2017-10-28T01:49:31.000Z,0.001842111,0x9ec0dbc657d14ea31d77e4aa0905232ef899372f,sell,0xdf6ef343350780bf8c3410bf062e0c015b1dd671,0xafbb51cd4b5d00922dde916188f784d9fd336f002cd23892e8305f0c0ce41e7b
221,450,0.82899,0x5486863204ce36efd9bd304cd6c7cd68908d5449,2017-10-28T01:49:21.000Z,0.0018422,0x9ec0dbc657d14ea31d77e4aa0905232ef899372f,sell,0xdf6ef343350780bf8c3410bf062e0c015b1dd671,0xe993a24c0d61d7fc2a6f5a245559a0f82c66060202d2f1ed0d1be4bd4bdfcc7a
222,731.5,1.3475041965,0xc11f32a3d45a3dc54b34234dd2b9f46292e69c02,2017-10-28T01:49:21.000Z,0.001842111,0x9ec0dbc657d14ea31d77e4aa0905232ef899372f,sell,0xdf6ef343350780bf8c3410bf062e0c015b1dd671,0xafbb51cd4b5d00922dde916188f784d9fd336f002cd23892e8305f0c0ce41e7b
223,1500,2.7645,0x9f32f405deecb8ef891ef3abef7ae83095b80cfc,2017-10-28T01:48:17.000Z,0.001843,0x9ec0dbc657d14ea31d77e4aa0905232ef899372f,sell,0xdf6ef343350780bf8c3410bf062e0c015b1dd671,0x1a7f040511b6d962a178adede0b084ac9fec2e77b5783d17d9c2a6e23bd23332
224,420.55085055,0.7751181137504061,0xc11f32a3d45a3dc54b34234dd2b9f46292e69c02,2017-10-28T01:48:17.000Z,0.001843102,0x9ec0dbc657d14ea31d77e4aa0905232ef899372f,sell,0xdf6ef343350780bf8c3410bf062e0c015b1dd671,0xb69e4f03033d5c2608d858510668eb5d1ad9fcf838085e69afa0c4fef2832770
225,17,0.031348,0x3eab84f29252d0a4efda33b34419bbdc24ab4ca4,2017-10-28T01:47:56.000Z,0.001844,0x9ec0dbc657d14ea31d77e4aa0905232ef899372f,sell,0xdf6ef343350780bf8c3410bf062e0c015b1dd671,0x1318f7834565bd83bb4a4bd6b1b2fd4004a0a0abd84d0f5e65b1ad482e37148f
226,280,0.518,0xe274bd7645e96db0c8c65e5298b6b96fe724a8cc,2017-10-28T01:47:27.000Z,0.00185,0x9ec0dbc657d14ea31d77e4aa0905232ef899372f,sell,0xdf6ef343350780bf8c3410bf062e0c015b1dd671,0x15925f8719916f3274bb42de048e4a3fe0fbcd0e2bc9665110d9a2224e2e303c
227,200.135,0.3722511,0xe274bd7645e96db0c8c65e5298b6b96fe724a8cc,2017-10-28T01:46:52.000Z,0.00186,0x9ec0dbc657d14ea31d77e4aa0905232ef899372f,sell,0xdf6ef343350780bf8c3410bf062e0c015b1dd671,0xe6b101486218445f0b728777886268e081a5c39bf5b5c6f160e78c9a98638575
228,480.0618084,0.8929154436858084,0xd18a7ead69b9fe434cf377a24e1c99f56fe36b84,2017-10-28T01:44:59.000Z,0.001860001,0x9ec0dbc657d14ea31d77e4aa0905232ef899372f,sell,0xdf6ef343350780bf8c3410bf062e0c015b1dd671,0x35b4232e7ffb5ef535f5b2d0fb9bbeffbbbba7c2da63fe5fa08cf7a16014b8dd
229,400,0.7444,0x492842125e4c3a7d10cda0e0291ea22788e4ad60,2017-10-28T01:44:51.000Z,0.001861,0x9ec0dbc657d14ea31d77e4aa0905232ef899372f,sell,0xdf6ef343350780bf8c3410bf062e0c015b1dd671,0xd45a87760a17d4002f6ffb7be3e37868c9b7014771cc18ba83fa7039d0606961
230,68,0.126548068,0xcb5af8f7e1c95aeb566cf675456f7be8965bd292,2017-10-28T01:44:35.000Z,0.001861001,0x9ec0dbc657d14ea31d77e4aa0905232ef899372f,sell,0xdf6ef343350780bf8c3410bf062e0c015b1dd671,0xbd8a37dc242e3f245d0cd7592c75d0b666ff8ee51b03d05f70b4b9c5a413a9e2
231,18,0.033642,0x3eab84f29252d0a4efda33b34419bbdc24ab4ca4,2017-10-28T01:44:23.000Z,0.001869,0x9ec0dbc657d14ea31d77e4aa0905232ef899372f,sell,0xdf6ef343350780bf8c3410bf062e0c015b1dd671,0x9c5c2126a2e806bb99b4de49b80c509940883f0d215b4961967c09b1951fb3d8
232,77.7,0.16222983,0x5a7f52c42526ddb16755d0681ddc80be166c2ff6,2017-10-28T00:31:45.000Z,0.0020879,0x1da172bb228518f94f7040b68f07a5af1b0e6aa8,buy,0xdf6ef343350780bf8c3410bf062e0c015b1dd671,0x577726e97d60a1bb50998e8b958eb9cf430df70fd84c7eb1eadce572b7df0910
233,451.57632535,0.948265125618266,0x72c6171d6781cc90e853ed1a85653840357df065,2017-10-27T21:37:05.000Z,0.0020999000000349907,0xcc5d3e88c658fb119aa2c22bc8fc082b697ac9b1,buy,0xdf6ef343350780bf8c3410bf062e0c015b1dd671,0x4803b08d88736a7f76a93bbdb8ce9c21544d8efde59b3e63b49f9522ffda9121
234,400,0.8352,0x72c6171d6781cc90e853ed1a85653840357df065,2017-10-27T21:31:58.000Z,0.002088,0x492842125e4c3a7d10cda0e0291ea22788e4ad60,buy,0xdf6ef343350780bf8c3410bf062e0c015b1dd671,0x440da6d67eda4182df8001b118bdf6469187f885d259557297973452f310933a
235,19.9381916,0.0370850563141916,0xd18a7ead69b9fe434cf377a24e1c99f56fe36b84,2017-10-27T19:58:48.000Z,0.001860001,0x2f3cf16db02326fcbfb9abdc3add26f2f547284a,sell,0xdf6ef343350780bf8c3410bf062e0c015b1dd671,0xcdb704e59307568e747d0a020e07c320ad9ed91caa46e1ee5d4be4ecf304a78d
236,49.86482219,0.0927485692734,0xe274bd7645e96db0c8c65e5298b6b96fe724a8cc,2017-10-27T18:13:16.000Z,0.00186,0x9d77fbb54521b01263764ff4cd339bffd533264f,sell,0xdf6ef343350780bf8c3410bf062e0c015b1dd671,0x57bbbf8a40cc1fc27b04239d8cc138c7dbf02e20c17a833b4aac6ec485f4d392
237,0.03099573,0.00005712829195446,0xc11f32a3d45a3dc54b34234dd2b9f46292e69c02,2017-10-27T17:19:25.000Z,0.001843102,0x24b816bdad5333b5a028a9c5bdf30c7ca5b213d1,sell,0xdf6ef343350780bf8c3410bf062e0c015b1dd671,0xe0fd6abee2e29999e5a1a80bc33de5f559c9dcf0de35091d0b6507afd52161cd
238,310.91815372,0.5730538709576395,0xc11f32a3d45a3dc54b34234dd2b9f46292e69c02,2017-10-27T17:17:02.000Z,0.001843102,0x24b816bdad5333b5a028a9c5bdf30c7ca5b213d1,sell,0xdf6ef343350780bf8c3410bf062e0c015b1dd671,0xa9af046ba15da131f5d4322f8d5987c5265b530c22e2a0b5399ab0d52636f6b6
239,24,0.0504,0x32de59a4dd4403265a5dacc15396520f1b1acd49,2017-10-27T16:27:39.000Z,0.0021,0x58944d452a38ec02edefef4180a41224dae4893c,buy,0xdf6ef343350780bf8c3410bf062e0c015b1dd671,0x9e574d6d32acdc92e8dea55918c69165d31dac13701131a349d40514d3e9fdfb
240,117.44292692,0.216459058606252,0xe3bb32d1e0e60c6fbba4a53f9f90450b3b794c4e,2017-10-27T14:40:12.000Z,0.0018431,0x708c0f5a287ec8f8207e741024da27740ecd7119,sell,0xdf6ef343350780bf8c3410bf062e0c015b1dd671,0xf75df92b38cd1d67b01eca7750509140319c75a089248cb2d4ae3938194641a9
241,105,0.1995,0xd92ce5941305b7cf1e5cc5713b93db2b651a4fdf,2017-10-27T14:38:51.000Z,0.0019,0x708c0f5a287ec8f8207e741024da27740ecd7119,sell,0xdf6ef343350780bf8c3410bf062e0c015b1dd671,0x678847a6330e1ed1202940660b7454b8c59c5dc88a9ead70ab61308ebc8c5a9b
242,55,0.11,0x3494e486c454f6c8cd5435aaf5407d093dddfcea,2017-10-27T14:38:30.000Z,0.002,0x708c0f5a287ec8f8207e741024da27740ecd7119,sell,0xdf6ef343350780bf8c3410bf062e0c015b1dd671,0x1efbe7e3f33cba0ac56b07d8f6410647edb3f0d17a56cfad9ea1fbd4a9683419
243,100,0.21,0x59e9442d8ddc010f8f5a980c92eb795e32526c6d,2017-10-27T14:28:32.000Z,0.0021,0x58944d452a38ec02edefef4180a41224dae4893c,buy,0xdf6ef343350780bf8c3410bf062e0c015b1dd671,0x6ee14866a2f27e27d542fa953f807d293c505e962f3e33c05ccf99832c82efad
244,41.055,0.0862155,0xb4cfcb2b61bae99448176e1253a2916923cda0dc,2017-10-27T13:58:11.000Z,0.0021,0x58944d452a38ec02edefef4180a41224dae4893c,sell,0xdf6ef343350780bf8c3410bf062e0c015b1dd671,0xa3cf7acbca70b9b46107f1d05f3134e53e373ba4753db14d68844406a913d4cc
245,4.458,0.00940638,0x5104efc872d45dba3a97bf02aebe240dfc283321,2017-10-27T13:57:51.000Z,0.00211,0x58944d452a38ec02edefef4180a41224dae4893c,sell,0xdf6ef343350780bf8c3410bf062e0c015b1dd671,0x900476a7e282ed60c156ad2965e6a591cb82cb33d42eecabbf71ff007911b6a2
246,227.2953843,0.479593260873,0x5104efc872d45dba3a97bf02aebe240dfc283321,2017-10-27T13:53:14.000Z,0.00211,0xf18521dc5c211dc0ed6c85b034d4f46d456950bb,sell,0xdf6ef343350780bf8c3410bf062e0c015b1dd671,0x254a43a3e103d749f5ebc3760a824c5670dd8bcc262c26c0c0ee0b040b5c554b
247,25,0.05275,0xd92ce5941305b7cf1e5cc5713b93db2b651a4fdf,2017-10-27T13:13:06.000Z,0.00211,0x5603e9614eb82f61407aced212b7515686351133,sell,0xdf6ef343350780bf8c3410bf062e0c015b1dd671,0x1004f4bdfcc9f478df92ceade57af2283785b6868ac17a9971926ffd080f8e65
248,58.94488809,0.123784264989,0xb4cfcb2b61bae99448176e1253a2916923cda0dc,2017-10-27T10:40:10.000Z,0.0021,0x6873035172a9d986e31d8b4ecf108838af8e7e23,sell,0xdf6ef343350780bf8c3410bf062e0c015b1dd671,0x284f7796819c84ffcfa83a72f0fdd7c11252bd5198728653d503b4bfda15bda9
249,8.3298232,0.015326874688,0x4de6bf61916eafb0510af6aa45e0cf994a571adb,2017-10-27T06:37:01.000Z,0.00184,0xfd26f25d6588b752a90e600aff038a654d64a42c,sell,0xdf6ef343350780bf8c3410bf062e0c015b1dd671,0xe0ed2dee434fb396f79af30b139931102326c3945fdc36354daed051cf88f236
250,148.81866214,0.2738263383376,0x4de6bf61916eafb0510af6aa45e0cf994a571adb,2017-10-27T06:12:53.000Z,0.00184,0x37bf8dfb1f2a5cdad9bb023afaf61524df310d08,sell,0xdf6ef343350780bf8c3410bf062e0c015b1dd671,0x6370a6ba320bbbf97c8297b16175a7de4c0320c08d27263ed5e1aec347200b4a
251,45,0.099,0xd7be50bf7570640425d61d2337d4884f6fbd1673,2017-10-27T05:16:47.000Z,0.0022,0x56ab693975f84dcff83f7d1edce0e28b195c073c,buy,0xdf6ef343350780bf8c3410bf062e0c015b1dd671,0x6fc4cb4b8ab747f41b2f3a0298b9dd1e6f4a0aea0148ae4eb1b6309f542d2a16
252,140,0.294,0x5c8972441e9acb5b3497db39e2a0badb99b5a43c,2017-10-27T04:27:07.000Z,0.0021,0xfd26f25d6588b752a90e600aff038a654d64a42c,buy,0xdf6ef343350780bf8c3410bf062e0c015b1dd671,0xd36d8be9ca6a2d4c4938ad279f7aaa57fd43ae1b7828d485de59493421a994ea
253,400,0.84,0xbffff1ba68de97e664907dea711a514ad4d93512,2017-10-27T02:42:33.000Z,0.0021,0xfd26f25d6588b752a90e600aff038a654d64a42c,buy,0xdf6ef343350780bf8c3410bf062e0c015b1dd671,0x5ad459e5bb04336cb4f2edd1a3aa7db23bd3c2a14203d1f2e5d7c820a14b9cc4
254,50,0.105,0x95a989504914386333ec1396bc229eaf61a96bb0,2017-10-27T01:51:09.000Z,0.0021,0xfd26f25d6588b752a90e600aff038a654d64a42c,buy,0xdf6ef343350780bf8c3410bf062e0c015b1dd671,0xb361f6b47245c7b926d04686a37d2d20c4407f251d7c5ab45ed558603a22e183
255,50,0.11,0x95a989504914386333ec1396bc229eaf61a96bb0,2017-10-27T01:10:20.000Z,0.0022,0x56ab693975f84dcff83f7d1edce0e28b195c073c,buy,0xdf6ef343350780bf8c3410bf062e0c015b1dd671,0xd7a4853f46df0b17715828076058986b5b4484e24960687fc84bc862bf25c004
256,0.02,0.000036002,0x986a0d7d7907e3c4ba839c61e3d03d418f2660bb,2017-10-26T22:27:13.000Z,0.0018001,0x3203dcfe147f49b69c8b0807721c6eb6afbed8e2,sell,0xdf6ef343350780bf8c3410bf062e0c015b1dd671,0x720b9e55c78b0506d983789c449d7e2baede130bc00c2bec4a6b0d038b8dd480
257,2000,3.8002,0x009a12d4290630bc01fd82516ac57c1dc6a9bcfb,2017-10-26T22:06:25.000Z,0.0019001,0xe646d5a0019806c29551a09dfa1b3c234840f94e,sell,0xdf6ef343350780bf8c3410bf062e0c015b1dd671,0xf9c7a7a9d47e480939e37722534b4d85e845bf4f080c4eebb2053d833fe4b321
258,55.02,0.107289,0x5f7a5241dc4ed10e3e6a46336dd179059cee31f9,2017-10-26T22:06:25.000Z,0.00195,0xe646d5a0019806c29551a09dfa1b3c234840f94e,sell,0xdf6ef343350780bf8c3410bf062e0c015b1dd671,0x2548fc6ae0a6f82e8df752a0166ed3482ac6645104e0c6e6b2a0de9444eceeb8
259,1000,1.9,0xe8f0cc52b0d087e4eaabe1de8c0bc01f83918ea9,2017-10-26T22:06:25.000Z,0.0019,0xe646d5a0019806c29551a09dfa1b3c234840f94e,sell,0xdf6ef343350780bf8c3410bf062e0c015b1dd671,0x0c11b0b5b87e2e1c16ea344587ce24f5202d548add8cc6eab8b40749aefbdf05
260,204.75396271,0.3992702272845,0x5f7a5241dc4ed10e3e6a46336dd179059cee31f9,2017-10-26T22:03:26.000Z,0.00195,0x3203dcfe147f49b69c8b0807721c6eb6afbed8e2,sell,0xdf6ef343350780bf8c3410bf062e0c015b1dd671,0x62bfbc420f13ee1a3c97b94b9e6d6e391e3303123663a1c0df3d8eea514aa5f5
261,27.685,0.058166185,0x765d4acb2accb9a294cce6dab522f8ff5d3ef50d,2017-10-26T21:08:58.000Z,0.002101,0xe646d5a0019806c29551a09dfa1b3c234840f94e,sell,0xdf6ef343350780bf8c3410bf062e0c015b1dd671,0xbdf67784c3318cf2aaeb86b44d09cbdaf8da957c3feb0da9fd2e3f99a436b785
262,50.12954143,0.10030921240143,0x986a0d7d7907e3c4ba839c61e3d03d418f2660bb,2017-10-26T21:08:37.000Z,0.002001,0xe646d5a0019806c29551a09dfa1b3c234840f94e,sell,0xdf6ef343350780bf8c3410bf062e0c015b1dd671,0xbfb7b2d5d89b4384f3a043bf73bd1a72c04e7df1ed13eaae3401b894ce920e84
263,20,0.0422,0x43c88efbbad582ab05a1deb26ec6873c0ef7b55f,2017-10-26T21:08:37.000Z,0.00211,0xe646d5a0019806c29551a09dfa1b3c234840f94e,sell,0xdf6ef343350780bf8c3410bf062e0c015b1dd671,0x98894fa0e4ea9420b330cf9d8bbe1d1e29868529f79ccc6ea18453e094b99803
264,250,0.5,0xfc197f3321c6435212ae9350349bec2f21d8a240,2017-10-26T21:07:59.000Z,0.002,0xe646d5a0019806c29551a09dfa1b3c234840f94e,sell,0xdf6ef343350780bf8c3410bf062e0c015b1dd671,0xea4108e3ec015fb887ac9b10ca031992f5a291be6f644d05e55b9b3eb656f69f
265,1000,2,0xe8f0cc52b0d087e4eaabe1de8c0bc01f83918ea9,2017-10-26T20:44:11.000Z,0.002,0xe646d5a0019806c29551a09dfa1b3c234840f94e,sell,0xdf6ef343350780bf8c3410bf062e0c015b1dd671,0x77ec87a46cfdcb603d1ac285a62e69a0ae7e5eb28e3cc46941e4f028ad546595
266,900,1.808856,0x800900b243cea052dcf08dfa428736de2f6282a0,2017-10-26T20:43:45.000Z,0.00200984,0xe646d5a0019806c29551a09dfa1b3c234840f94e,sell,0xdf6ef343350780bf8c3410bf062e0c015b1dd671,0xdbe44460ed512a6910af19135a5efe89d5b260035d80b5f7105873c5581ec579
267,105.96870602,0.2140567967572706,0x487b8d3847d8718267a07c8c7e8ed354983bf34c,2017-10-26T20:43:35.000Z,0.0020200001,0xe646d5a0019806c29551a09dfa1b3c234840f94e,sell,0xdf6ef343350780bf8c3410bf062e0c015b1dd671,0x012d44cd4bf51fbd0c7f1603386d580a6ec14508739b3c77845b2fa175c4ddf9
268,500,1.05,0x662630312e1f8eac0513021d9586541cc1359e1e,2017-10-26T20:43:20.000Z,0.0021,0xe646d5a0019806c29551a09dfa1b3c234840f94e,sell,0xdf6ef343350780bf8c3410bf062e0c015b1dd671,0x725cce1b4594c55cd3cfa7acfe630d932e8603328c93ad56253cfd8572e05aa5
269,786,1.59558,0xa3d7dedda551204ccb03bd79aa87824cc453b8de,2017-10-26T20:43:20.000Z,0.00203,0xe646d5a0019806c29551a09dfa1b3c234840f94e,sell,0xdf6ef343350780bf8c3410bf062e0c015b1dd671,0xc9920cd37361679798b8f14cde85123db2691239417bbdd331f6dfb213d990f0
270,194.03129398,0.3919432332427294,0x487b8d3847d8718267a07c8c7e8ed354983bf34c,2017-10-26T18:59:29.000Z,0.0020200001,0x9d77fbb54521b01263764ff4cd339bffd533264f,sell,0xdf6ef343350780bf8c3410bf062e0c015b1dd671,0x7abb905a32ae7c369315b2a1bb161f127a16e6cff3078ccfb1b0529876948e57
271,278.981,0.588650188981,0xa0be78d2bac6a692adba423c7af50ec86a18bddf,2017-10-26T18:28:59.000Z,0.002110001,0x9fc54ec6e174daab67dc510342eee6c91cf1ac3b,sell,0xdf6ef343350780bf8c3410bf062e0c015b1dd671,0x8a70f760d36e05bb391a00ea253b699d930f122a284ba5d22239f5961a54a09f
272,90,0.1899009,0xb3c74e8478cb91b17d0f78e3d0e3ea574c9fe2f8,2017-10-26T18:24:47.000Z,0.00211001,0x9fc54ec6e174daab67dc510342eee6c91cf1ac3b,sell,0xdf6ef343350780bf8c3410bf062e0c015b1dd671,0xabba1f0cb2a31e5c21c8a72eee2ac1c294252d525dfb8689d60d5f1a61a6e4a7
273,366.27393816,0.769578171467976,0x2475fe4d7a9d7d2e7908baf6697b801596bf5148,2017-10-26T18:05:35.000Z,0.0021011,0xbbe8a82dc936ac8a7f188624e42a1253dbb279ec,sell,0xdf6ef343350780bf8c3410bf062e0c015b1dd671,0xf4065752bed650cf18d6e90c4a184aa0bc5a900f573b95efedec84750ed59400
274,377.597,0.79672967,0xfbf7dc0756a9768d0c71aea5f8421f3b1eaee7d1,2017-10-26T18:05:03.000Z,0.00211,0xbbe8a82dc936ac8a7f188624e42a1253dbb279ec,sell,0xdf6ef343350780bf8c3410bf062e0c015b1dd671,0x1d114fe83d38e1476ba37c71b7ca140801e1f6c11ed0bfb314f586ca922f4646
275,3612.34232901,7.585918890921,0xa7ea12674d3186e5013e048705755f990b25b2b4,2017-10-26T17:35:24.000Z,0.0021,0x6bedacc2356fb151bb616f2bb5303ba2c2b78328,sell,0xdf6ef343350780bf8c3410bf062e0c015b1dd671,0xcf1d804b5c341e5c7ceeff5c782955caf4fa50f41f4c56530e81d7ffe68a2c37
276,8338.421,17.51076748421,0xcc5d3e88c658fb119aa2c22bc8fc082b697ac9b1,2017-10-26T17:34:46.000Z,0.00210001,0x6bedacc2356fb151bb616f2bb5303ba2c2b78328,sell,0xdf6ef343350780bf8c3410bf062e0c015b1dd671,0xe690ca10c413ce943b7031a1079b073c9a85e72f4dbd5017213fdc5a73c770a0
277,131.0185146,0.2764491968245146,0xa0be78d2bac6a692adba423c7af50ec86a18bddf,2017-10-26T17:33:57.000Z,0.002110001,0xd4cc623168251059797aea18709d1309e47296b3,sell,0xdf6ef343350780bf8c3410bf062e0c015b1dd671,0xabba5f837c749a13a8a8e3b607ca5ebefd5776f10e6220c4fb8359e1c54b5b3f
278,5,0.01235,0x94306b3cf126b3481381f70e022e88381266a5d9,2017-10-26T17:08:23.000Z,0.00247,0x9d77fbb54521b01263764ff4cd339bffd533264f,buy,0xdf6ef343350780bf8c3410bf062e0c015b1dd671,0x315a099bfee6b9b13a655ecfed72b419f6d83c74a5ff41a8be5aaa3211fca229
279,122.403,0.25827033,0xfbf7dc0756a9768d0c71aea5f8421f3b1eaee7d1,2017-10-26T16:14:06.000Z,0.00211,0x9d77fbb54521b01263764ff4cd339bffd533264f,sell,0xdf6ef343350780bf8c3410bf062e0c015b1dd671,0x48d9ae67903555c993b41ce51b50797a40c1da95be15f2ee398e73a67e6e08f7
280,108,0.2269188,0x2475fe4d7a9d7d2e7908baf6697b801596bf5148,2017-10-26T15:55:21.000Z,0.0021011,0x9d77fbb54521b01263764ff4cd339bffd533264f,sell,0xdf6ef343350780bf8c3410bf062e0c015b1dd671,0xdbbbad51dc6fe64606a67216528c5af52c0038e34c0fb216c48bae49e86464d1
281,91,0.2002,0x15bed69231aa24afed639835c66681599fbeb423,2017-10-26T15:47:43.000Z,0.0022,0x9d77fbb54521b01263764ff4cd339bffd533264f,sell,0xdf6ef343350780bf8c3410bf062e0c015b1dd671,0x7ac3bc15fe4c2b90313bb6d247689a9581191ff2f3fe94609418951b363bc188
282,4087.99999999,8.17599999998,0xd2ea382e498316d91b9de8557670149b479721a0,2017-10-26T13:19:55.000Z,0.002,0x8b4456bccebed3b58fb169ca25029e914d659fe4,buy,0xdf6ef343350780bf8c3410bf062e0c015b1dd671,0xb01475aad0772b0ac14bc3342c3f0a9734a4ae895015733155473e8624d2730d
283,4075.73599999,8.559086357339,0xcc5d3e88c658fb119aa2c22bc8fc082b697ac9b1,2017-10-26T13:19:55.000Z,0.00210001,0xd2ea382e498316d91b9de8557670149b479721a0,sell,0xdf6ef343350780bf8c3410bf062e0c015b1dd671,0xb01475aad0772b0ac14bc3342c3f0a9734a4ae895015733155473e8624d2730d
284,85.84282577,0.1802707925452577,0xcc5d3e88c658fb119aa2c22bc8fc082b697ac9b1,2017-10-26T11:44:05.000Z,0.00210001,0x9eac09317133aa6a1855bb4360e42d4d59ea4997,sell,0xdf6ef343350780bf8c3410bf062e0c015b1dd671,0xdd967cd8dba83b58c9f2a50daa2ddf3e30435b32ff4f97ff48544158098f2ea5
285,10,0.0212,0xf62c0ded86eb122a741806495f6592db64b980b3,2017-10-26T11:42:18.000Z,0.00212,0x9eac09317133aa6a1855bb4360e42d4d59ea4997,sell,0xdf6ef343350780bf8c3410bf062e0c015b1dd671,0x644594af4ba2292c21e7a1bce1492fcc8ffeff0af2dc71f518e5ae3d58ec0d91
286,11,0.02365,0x765d4acb2accb9a294cce6dab522f8ff5d3ef50d,2017-10-26T11:42:14.000Z,0.00215,0x9eac09317133aa6a1855bb4360e42d4d59ea4997,sell,0xdf6ef343350780bf8c3410bf062e0c015b1dd671,0xf3c4c40dc150f0b05e161a67f3a150c70c9d2db76ffeeb8bb5796d076e494193
287,0.8536953,0.001886666613,0x679a5d286ef5f9c921ac41bf1abd83c64dff94b3,2017-10-26T11:36:08.000Z,0.00221,0x9eac09317133aa6a1855bb4360e42d4d59ea4997,sell,0xdf6ef343350780bf8c3410bf062e0c015b1dd671,0x21833fc37fbac2b7f8c0534935b5f228f6f94bc398839bbdfb59a81848db779d
288,10,0.0225,0x765d4acb2accb9a294cce6dab522f8ff5d3ef50d,2017-10-26T11:36:08.000Z,0.00225,0x9eac09317133aa6a1855bb4360e42d4d59ea4997,sell,0xdf6ef343350780bf8c3410bf062e0c015b1dd671,0x24960f72d0fa470711557a11a686fc38b546dda689d730d82a5561dbd463de2e
289,6,0.013218,0xac9302f10740e0b0149449ffb3b792c8e31515f0,2017-10-26T11:36:08.000Z,0.002203,0x9eac09317133aa6a1855bb4360e42d4d59ea4997,sell,0xdf6ef343350780bf8c3410bf062e0c015b1dd671,0xc7d7a12820d438895460fd83f011e34d21dbbe88e56d07d1488f0ce00c13a963
290,350,0.868,0xbffff1ba68de97e664907dea711a514ad4d93512,2017-10-26T11:28:28.000Z,0.00248,0x9eac09317133aa6a1855bb4360e42d4d59ea4997,buy,0xdf6ef343350780bf8c3410bf062e0c015b1dd671,0x4d302904044802f5bf07cc1cc3680bc56ed8c269868314cf165b9912fd36531f
291,150,0.372,0xbffff1ba68de97e664907dea711a514ad4d93512,2017-10-26T11:25:19.000Z,0.00248,0x9eac09317133aa6a1855bb4360e42d4d59ea4997,buy,0xdf6ef343350780bf8c3410bf062e0c015b1dd671,0xe7127f618f57ba73e4aadc5ff9f9b431d1dca2c5500edc18c1d5ff942cb13411
292,2.83598514,0.006522765822,0x0d2c54ea3f649eb351d40e88b98fcef107c29d36,2017-10-26T11:22:06.000Z,0.0023,0x9eac09317133aa6a1855bb4360e42d4d59ea4997,sell,0xdf6ef343350780bf8c3410bf062e0c015b1dd671,0xa1e4e3e9bf83816c493dfa2ae15f206609e7cdbfc16a778ba7df89c2395359b3
293,825,2.145,0xbffff1ba68de97e664907dea711a514ad4d93512,2017-10-26T11:17:06.000Z,0.0026,0xfd26f25d6588b752a90e600aff038a654d64a42c,buy,0xdf6ef343350780bf8c3410bf062e0c015b1dd671,0x69856221c1066aef6f1a27b0df1587b3a5cdb4dd1937f5f12bbb92ecb9596e71
294,497.16401486,1.143477234178,0x0d2c54ea3f649eb351d40e88b98fcef107c29d36,2017-10-26T11:14:16.000Z,0.0023,0x3df86cefaecfaa31be2f74f8f832cb4ef62b79f8,sell,0xdf6ef343350780bf8c3410bf062e0c015b1dd671,0xff208adf834e5c24d5c758df290a980fb3a959ff206f119cd13814680a15c8aa
295,175,0.43575,0xbffff1ba68de97e664907dea711a514ad4d93512,2017-10-26T11:14:16.000Z,0.00249,0xfbf7dc0756a9768d0c71aea5f8421f3b1eaee7d1,buy,0xdf6ef343350780bf8c3410bf062e0c015b1dd671,0x1f39569bc2598d5e72a783184462d795f39aa0793c1dc4ee299fe13dd176787d
296,18,0.03924,0x3eab84f29252d0a4efda33b34419bbdc24ab4ca4,2017-10-26T09:14:06.000Z,0.00218,0x6bedacc2356fb151bb616f2bb5303ba2c2b78328,sell,0xdf6ef343350780bf8c3410bf062e0c015b1dd671,0x73527c4cfd3b5c31a0640e69b2128ed48ac309e2ee57f92a93a89f0b0c720c64
297,14.556,0.0320217444,0x1ac4a9ac7517b725b9fe1fa8323e0c15eda42fa1,2017-10-26T09:12:48.000Z,0.0021999,0x6bedacc2356fb151bb616f2bb5303ba2c2b78328,sell,0xdf6ef343350780bf8c3410bf062e0c015b1dd671,0x6ad9ab2f5aca0f12fec1b12c872d901b8f7b5ffbe6db12203585a8ec1af5e145
298,11,0.024255,0x765d4acb2accb9a294cce6dab522f8ff5d3ef50d,2017-10-26T09:08:05.000Z,0.002205,0x6bedacc2356fb151bb616f2bb5303ba2c2b78328,sell,0xdf6ef343350780bf8c3410bf062e0c015b1dd671,0x35d22456b26e52dea177be8ee86ab0f9e894a306c3f8145a5bc233d2857c5eb7
299,67,0.147534,0x487900cb95d2aaa302ae2646d24812845bae68a6,2017-10-26T09:05:24.000Z,0.002202,0x6bedacc2356fb151bb616f2bb5303ba2c2b78328,sell,0xdf6ef343350780bf8c3410bf062e0c015b1dd671,0x69999311dbeb6c8e2b8a3dbb6a9282c77d827cbd66393ce156f55ba744758003
300,50,0.110175,0x986a0d7d7907e3c4ba839c61e3d03d418f2660bb,2017-10-26T08:55:01.000Z,0.0022035,0x6bedacc2356fb151bb616f2bb5303ba2c2b78328,sell,0xdf6ef343350780bf8c3410bf062e0c015b1dd671,0x509f1e865ad20211c437c21ae114902cda2e820c66b5d8b3cd45be5f6f75e462
301,50,0.1102,0xeae46ec3c5f204697789b090d03d2d2c72791af6,2017-10-26T08:52:05.000Z,0.002204,0x6bedacc2356fb151bb616f2bb5303ba2c2b78328,sell,0xdf6ef343350780bf8c3410bf062e0c015b1dd671,0x3c608ac5bde521e127f66ec0b39a3e21ad1c20042441a14e2a0c08f8ebf2ae50
302,500,1.1005,0x4de6bf61916eafb0510af6aa45e0cf994a571adb,2017-10-26T08:51:31.000Z,0.002201,0x6bedacc2356fb151bb616f2bb5303ba2c2b78328,sell,0xdf6ef343350780bf8c3410bf062e0c015b1dd671,0x906b042db0b0aa124b4aee5db31c6be948b50b34d29077c3326c50471753170c
303,0.023,0.00005083,0x679a5d286ef5f9c921ac41bf1abd83c64dff94b3,2017-10-26T04:06:48.000Z,0.00221,0xc0a9d9d62f5465cf0db8884a3d220cc5c28c7653,sell,0xdf6ef343350780bf8c3410bf062e0c015b1dd671,0x9237069f6bd88dd71dd549ae2a3945c027c37b3447d7c4a5debbf1d3199b3bc0
304,233.57167139,0.4671669335188104,0x6bedacc2356fb151bb616f2bb5303ba2c2b78328,2017-10-26T04:04:57.000Z,0.002000101,0xc0a9d9d62f5465cf0db8884a3d220cc5c28c7653,sell,0xdf6ef343350780bf8c3410bf062e0c015b1dd671,0x32f5fe0399be4bfbae02b0207f8122fe52fffd2daf5b3cb477c9b4afffe735fb
305,100,0.2105,0x695f7ca2b214b12912a8f74ab689907666cad96c,2017-10-26T03:47:26.000Z,0.002105,0x3dee4a4e076e8d82859d241db0baf46f112cfa23,sell,0xdf6ef343350780bf8c3410bf062e0c015b1dd671,0xcb2dc3e2c522dcd0276fcbc53285f86c428449c9af0c58c23b9bdb55c2775f9d
306,3286.07317316,6.572478239710489,0x6bedacc2356fb151bb616f2bb5303ba2c2b78328,2017-10-26T03:46:20.000Z,0.002000101,0x533e0b2109a96a2f38f6280b2db2aba9b507faf7,sell,0xdf6ef343350780bf8c3410bf062e0c015b1dd671,0x03bb3575b9e90b7ace8bd998226c8da0e43a627fd9c2aca456fce668706e1bd3
307,2300,4.6,0xcc5d3e88c658fb119aa2c22bc8fc082b697ac9b1,2017-10-26T03:45:02.000Z,0.002,0x533e0b2109a96a2f38f6280b2db2aba9b507faf7,sell,0xdf6ef343350780bf8c3410bf062e0c015b1dd671,0xd91040e13da2bb1191caaf897f24cb5064000510af438276b013bfb85d4a72c6
308,1000,2.0001,0x3dee4a4e076e8d82859d241db0baf46f112cfa23,2017-10-26T03:44:09.000Z,0.0020001,0x533e0b2109a96a2f38f6280b2db2aba9b507faf7,sell,0xdf6ef343350780bf8c3410bf062e0c015b1dd671,0xa0cb069446a94c7f794f178bd3d4a78b8d2bb283679175ac5f20c16ad6ec70f1
309,2000,4.2,0xa7ea12674d3186e5013e048705755f990b25b2b4,2017-10-26T03:44:09.000Z,0.0021,0x533e0b2109a96a2f38f6280b2db2aba9b507faf7,sell,0xdf6ef343350780bf8c3410bf062e0c015b1dd671,0x86f461d5efac21e4ebab9caea6c30e390f27575d99ecac2f5f98e4001d870bd3
310,100,0.21911,0x986a0d7d7907e3c4ba839c61e3d03d418f2660bb,2017-10-26T03:44:09.000Z,0.0021911,0x533e0b2109a96a2f38f6280b2db2aba9b507faf7,sell,0xdf6ef343350780bf8c3410bf062e0c015b1dd671,0x31b7a4e854b484c844afab6b04eba1c3019b2c45057258bd0b9e923913772d8a
311,0.1233047,0.000272503387,0x679a5d286ef5f9c921ac41bf1abd83c64dff94b3,2017-10-26T02:24:07.000Z,0.00221,0xf5bedf0fdb48e812d91b352e5ffa9c402ce6bbf4,sell,0xdf6ef343350780bf8c3410bf062e0c015b1dd671,0xf07cd2e9cda9f994e4b85f5553d492c040052cebb66daa9fb8d9df4eedb211e6
312,185.44366899,0.407957527411101,0x1ac4a9ac7517b725b9fe1fa8323e0c15eda42fa1,2017-10-26T01:21:41.000Z,0.0021999,0x1d5321e125f6c7079a716705541c7b371ca79e69,sell,0xdf6ef343350780bf8c3410bf062e0c015b1dd671,0x633b0a5268c4bf1180af0e6451001cb6a05a31746af64a5554474f6be1d646fa
313,186,0.40548,0x1d5321e125f6c7079a716705541c7b371ca79e69,2017-10-26T01:21:41.000Z,0.00218,0xa2f384085a6463647626361b44f5dfc0f546131c,buy,0xdf6ef343350780bf8c3410bf062e0c015b1dd671,0x633b0a5268c4bf1180af0e6451001cb6a05a31746af64a5554474f6be1d646fa
314,3,0.0080397,0xedf5de3807d23e5d85b0caa1e10d52b85c2a6965,2017-10-25T23:42:19.000Z,0.0026799,0x492842125e4c3a7d10cda0e0291ea22788e4ad60,buy,0xdf6ef343350780bf8c3410bf062e0c015b1dd671,0x42273e061664c2a784cbd038909ad960423caa51c066a786d7dc73a6bccff29e
315,83.85964034,0.184491208748,0x5f7a5241dc4ed10e3e6a46336dd179059cee31f9,2017-10-25T23:32:07.000Z,0.0022,0x1ed014aec47fae44c9e55bac7662c0b78ae61798,sell,0xdf6ef343350780bf8c3410bf062e0c015b1dd671,0x7d699bd7dccd4713cde2c55751f0a25e2e8bc431b9e0695df6c1ab199ed272e1
316,3175.00947064,6.350339617236535,0x6bedacc2356fb151bb616f2bb5303ba2c2b78328,2017-10-25T22:39:20.000Z,0.002000101,0x04b8df7bd9efde77f9653ee41d66ddf19db801d9,sell,0xdf6ef343350780bf8c3410bf062e0c015b1dd671,0x8978a7ae3d3a06cd24a9c5e93b7823d1ab7f874f485134e8c6f8034b281e6996
317,1000,2.1701,0x4277428beb344aa1ec2117db5f5578a931cafb68,2017-10-25T22:38:11.000Z,0.0021701,0x04b8df7bd9efde77f9653ee41d66ddf19db801d9,sell,0xdf6ef343350780bf8c3410bf062e0c015b1dd671,0x49eaa860c32685589e45a68f1d2c798ba5934319a2b880d122b28a88e130dc62
318,215,0.55684785,0x72c6171d6781cc90e853ed1a85653840357df065,2017-10-25T21:05:12.000Z,0.00258999,0x2475fe4d7a9d7d2e7908baf6697b801596bf5148,buy,0xdf6ef343350780bf8c3410bf062e0c015b1dd671,0x98f7197df0098b20493ef7cd0ef1bdaeed4ef21a0ad2fdb1e6b18e2aa6734198
319,133.1,0.3059969,0x72c6171d6781cc90e853ed1a85653840357df065,2017-10-25T21:03:31.000Z,0.002299,0x37e0a63c7a309d96a00114e64a696bc890b6627b,buy,0xdf6ef343350780bf8c3410bf062e0c015b1dd671,0xb3a302bf884fd0583a09f08688e59885178c10abbb5968e54adeca02066aafcb
320,622.39,1.431497,0x72c6171d6781cc90e853ed1a85653840357df065,2017-10-25T21:02:47.000Z,0.0023,0x51dc4be759f6109c78940645ecf0c0e64a30505f,buy,0xdf6ef343350780bf8c3410bf062e0c015b1dd671,0x1fc8507a38ac8622668ae12cf4bd89dea8c854337f3ac03dd604a332864d2836
321,701,1.60529,0x72c6171d6781cc90e853ed1a85653840357df065,2017-10-25T21:02:17.000Z,0.00229,0x84d2b8fed135d7b4c80dde811e065308ed8bd435,buy,0xdf6ef343350780bf8c3410bf062e0c015b1dd671,0xee5eb6cea8da35235c076e2f5187f98d7caa39c4b5e7e4dcd0b92e4bb96af9c7
322,146.14035966,0.321508791252,0x5f7a5241dc4ed10e3e6a46336dd179059cee31f9,2017-10-25T19:42:50.000Z,0.0022,0xda9e9fb829f6ee498d49dfa0e54ed1aead1157bb,sell,0xdf6ef343350780bf8c3410bf062e0c015b1dd671,0x5fa502226f0e5387910f05696126daf91970a2e1d31eeb62d76823639969b2db
323,5.98145748,0.01322500248828,0xeae46ec3c5f204697789b090d03d2d2c72791af6,2017-10-25T19:06:41.000Z,0.002211,0x302b55b3e8bfff5d0ff9ac6837e1759f02afdd05,sell,0xdf6ef343350780bf8c3410bf062e0c015b1dd671,0x0dc20a11e88e789ddfaee1e9d3d1ae9fa84a996145f1a3e9b2e65e7529e4176e
324,547.48,1.1989812,0xa7ea12674d3186e5013e048705755f990b25b2b4,2017-10-25T18:16:33.000Z,0.00219,0x5068b418433d55d7b5c83640ecda3155893679f7,buy,0xdf6ef343350780bf8c3410bf062e0c015b1dd671,0xf8a9e9576107613ff8aff04b38c4ed860fa81356706547accaf6402c61dd1b08
325,133.5,0.292365,0x1d5321e125f6c7079a716705541c7b371ca79e69,2017-10-25T18:12:08.000Z,0.00219,0x5068b418433d55d7b5c83640ecda3155893679f7,buy,0xdf6ef343350780bf8c3410bf062e0c015b1dd671,0x1ff5f1d5e9654cdc7675750d8b98e75326b4ae4c63182da06f767d54ac223331
326,133.1006979,0.294152542359,0x37e0a63c7a309d96a00114e64a696bc890b6627b,2017-10-25T18:12:08.000Z,0.00221,0x1d5321e125f6c7079a716705541c7b371ca79e69,sell,0xdf6ef343350780bf8c3410bf062e0c015b1dd671,0x1ff5f1d5e9654cdc7675750d8b98e75326b4ae4c63182da06f767d54ac223331
327,144.55188914,0.3194596749994,0xd3790c5cd131d9849b220f69e984bd7c52569090,2017-10-25T15:49:26.000Z,0.00221,0xd42e7a3f3b5808b8b3b8ca2d9ebd39afa9e4294e,sell,0xdf6ef343350780bf8c3410bf062e0c015b1dd671,0x7f5a215d9a4eaed1ce4d9803b85c191440f65b2b8d2d35fdb264461831b9853d
328,178,0.42364,0x59e9442d8ddc010f8f5a980c92eb795e32526c6d,2017-10-25T15:39:45.000Z,0.00238,0xfbf7dc0756a9768d0c71aea5f8421f3b1eaee7d1,buy,0xdf6ef343350780bf8c3410bf062e0c015b1dd671,0xc47a6bd118ae24bdfe0cfc7618de1070dd114c8c51490a23bba3c3e296abdf17
329,127.5,0.31875,0x59e9442d8ddc010f8f5a980c92eb795e32526c6d,2017-10-25T14:29:15.000Z,0.0025,0x93d38b1f12b8acb09eac2fc9fa8c35a50deed647,buy,0xdf6ef343350780bf8c3410bf062e0c015b1dd671,0xbc2041471a9386003258d1f1b641df2a79c76e1330b9060cd4214b283c63c4c9
330,442.51627797,1.017787439331,0xd3790c5cd131d9849b220f69e984bd7c52569090,2017-10-25T14:03:07.000Z,0.0023,0x26ff29e4489ca985077652076842c3200b299ec3,sell,0xdf6ef343350780bf8c3410bf062e0c015b1dd671,0x055546e0528a4e6e453a246267da64f0d0692fe89b797f286d7518191da3840f
331,6.8,0.01564,0xd3790c5cd131d9849b220f69e984bd7c52569090,2017-10-25T14:01:02.000Z,0.0023,0x308c7b87e51552964cff5fb63cc076e9fb465a5e,sell,0xdf6ef343350780bf8c3410bf062e0c015b1dd671,0x34f86ccd91caaa7f90fee87e423c0415b9cd93bae9ba8ba8549b40fd1a33ee81
332,7,0.0154,0x308c7b87e51552964cff5fb63cc076e9fb465a5e,2017-10-25T13:59:39.000Z,0.0022,0x5d2184fd0890e3d398421bc10076d811c821e016,buy,0xdf6ef343350780bf8c3410bf062e0c015b1dd671,0xbf670a688fffbaae4f221f589b6606c5f2eca2b68574e11a6110b96601a7fa0d
333,622.76941908,1.432369663884,0xd3790c5cd131d9849b220f69e984bd7c52569090,2017-10-25T13:56:15.000Z,0.0023,0xf9ac154b1c43a57228d8dd18175ce5c0386a3e8c,sell,0xdf6ef343350780bf8c3410bf062e0c015b1dd671,0x8de2312ddacde4b40e4cb0a37be5b1b6222c404d23ea9768d0ab4770cab0a656
334,0.04265493,0.000098106339,0xd3790c5cd131d9849b220f69e984bd7c52569090,2017-10-25T13:48:31.000Z,0.0023,0xf9ac154b1c43a57228d8dd18175ce5c0386a3e8c,sell,0xdf6ef343350780bf8c3410bf062e0c015b1dd671,0xc2c361e94f6ce215d98722141b831003dac6121d2ad2fdaef3602470b75b19c7
335,427.87164802,0.984104790446,0xd3790c5cd131d9849b220f69e984bd7c52569090,2017-10-25T13:46:17.000Z,0.0023,0xf9ac154b1c43a57228d8dd18175ce5c0386a3e8c,sell,0xdf6ef343350780bf8c3410bf062e0c015b1dd671,0xa8066c14162afeafd29062cb8f1cddeab441b427bedced3ed20095dc99651524
336,4808.305,10.5777901695,0xa7ea12674d3186e5013e048705755f990b25b2b4,2017-10-25T12:24:48.000Z,0.0021999,0x2ca229c3df59c5ac733340dc90cc443d471b66d9,buy,0xdf6ef343350780bf8c3410bf062e0c015b1dd671,0xb3259505b17b47437aec70db92cae14eaf3435a4e2732a42f5d0bc02814f430d
337,4000,8.7996,0xa7ea12674d3186e5013e048705755f990b25b2b4,2017-10-25T12:21:21.000Z,0.0021999,0x2ca229c3df59c5ac733340dc90cc443d471b66d9,buy,0xdf6ef343350780bf8c3410bf062e0c015b1dd671,0xc32d40654dbcf8b5648ca8a17a02cae858e6efb33d8ed2c43a93655ab69378d2
338,32.39956135,0.07127903497,0x679a5d286ef5f9c921ac41bf1abd83c64dff94b3,2017-10-25T09:29:27.000Z,0.0022,0xb50612101abf7a079539ac33396fe52b24d59e81,sell,0xdf6ef343350780bf8c3410bf062e0c015b1dd671,0xf7ab43fc21c58d17374976ab48851ce609f0d3bd5293ff57e09f957ea3a1527d
339,7.34319259,0.016155023698,0x273a5d3e6721b9f5c1a6474f560c1334c63dda01,2017-10-25T09:13:20.000Z,0.0022,0x5d2184fd0890e3d398421bc10076d811c821e016,buy,0xdf6ef343350780bf8c3410bf062e0c015b1dd671,0xb20ed1af8ad5c2dc506b879a1ee39980c18b1d4a9d0d898c0e689224fc403927
340,7.32116301,0.0169448325187613,0x1c39c4a38ced25b4cf306d0ebfbd1fdd7d33d917,2017-10-25T09:13:20.000Z,0.0023145001,0x273a5d3e6721b9f5c1a6474f560c1334c63dda01,sell,0xdf6ef343350780bf8c3410bf062e0c015b1dd671,0xb20ed1af8ad5c2dc506b879a1ee39980c18b1d4a9d0d898c0e689224fc403927
341,64,0.1408,0x273a5d3e6721b9f5c1a6474f560c1334c63dda01,2017-10-25T09:12:16.000Z,0.0022,0x5d2184fd0890e3d398421bc10076d811c821e016,buy,0xdf6ef343350780bf8c3410bf062e0c015b1dd671,0x7ae3d258f94f3089342c8ae27b1909e7123502be75564b4a1fba8375095a4b85
342,63.808,0.143631808,0x986a0d7d7907e3c4ba839c61e3d03d418f2660bb,2017-10-25T09:12:16.000Z,0.002251,0x273a5d3e6721b9f5c1a6474f560c1334c63dda01,sell,0xdf6ef343350780bf8c3410bf062e0c015b1dd671,0x7ae3d258f94f3089342c8ae27b1909e7123502be75564b4a1fba8375095a4b85
343,146.59339478,0.3782109585471716,0xda9e9fb829f6ee498d49dfa0e54ed1aead1157bb,2017-10-25T08:54:41.000Z,0.002580000000100766,0xfbf7dc0756a9768d0c71aea5f8421f3b1eaee7d1,buy,0xdf6ef343350780bf8c3410bf062e0c015b1dd671,0xdd7a4f4d648f6141832696801ff50c85fee59ecb139335bf9b0f32374cf8206b
344,700,1.575007,0x3dee4a4e076e8d82859d241db0baf46f112cfa23,2017-10-25T08:24:42.000Z,0.00225001,0xb14a7c72e14462f6bee077dcce5416a4c40f6046,sell,0xdf6ef343350780bf8c3410bf062e0c015b1dd671,0x751e769d93aedc4605bd9c40c44fefe9fab327cd2d90d7f8724c563f367b6952
345,20,0.046024,0x4be7bced82b314ad60dc69274a75757e7d5d93a3,2017-10-25T08:24:42.000Z,0.0023012,0xb14a7c72e14462f6bee077dcce5416a4c40f6046,sell,0xdf6ef343350780bf8c3410bf062e0c015b1dd671,0x3f91308f819f127759f923e10c27bec1541bf7c3076059984037db8f3d0fc0bc
346,691.14005191,1.5619765173166,0x009a12d4290630bc01fd82516ac57c1dc6a9bcfb,2017-10-25T06:39:25.000Z,0.00226,0x530e4a67c38acf5f1b62213df47d74dc1d1cb107,sell,0xdf6ef343350780bf8c3410bf062e0c015b1dd671,0x1d0ebb645c8efcc50813be0ea4d8ec43924d726372f696c5c82c5a97ad4b3cde
347,36,0.081036,0x986a0d7d7907e3c4ba839c61e3d03d418f2660bb,2017-10-25T04:27:02.000Z,0.002251,0x953bdfbda93d06f5d32e40080d699e252d44a0f8,sell,0xdf6ef343350780bf8c3410bf062e0c015b1dd671,0x75d81ee786b6a55feabc236290bf9c7bfae2720a13f07ae6d495ed0ac32ae1c2
348,309.1849525,0.7120529456075,0xb3c74e8478cb91b17d0f78e3d0e3ea574c9fe2f8,2017-10-25T04:25:08.000Z,0.002303,0x953bdfbda93d06f5d32e40080d699e252d44a0f8,sell,0xdf6ef343350780bf8c3410bf062e0c015b1dd671,0x1b1206d6e118a6e0646cc3fe60af46e1d73036488a5f2027782564e0c5061aed
349,100,0.2302,0x986a0d7d7907e3c4ba839c61e3d03d418f2660bb,2017-10-25T04:25:08.000Z,0.002302,0x953bdfbda93d06f5d32e40080d699e252d44a0f8,sell,0xdf6ef343350780bf8c3410bf062e0c015b1dd671,0x43df11f97c5e788086b59fa7ce6ff3a8545d85c5b7dd8f750cb2abdfb843e54b
350,485,1.11065,0xd4f61957daea5154b10a57727ffcac4cd954cba7,2017-10-25T04:25:08.000Z,0.00229,0x953bdfbda93d06f5d32e40080d699e252d44a0f8,sell,0xdf6ef343350780bf8c3410bf062e0c015b1dd671,0x8d80f74e5370212abc4a3842af5bcaf09fcb10de423db24348de042f39a3974e
351,30.8150475,0.0709670543925,0xb3c74e8478cb91b17d0f78e3d0e3ea574c9fe2f8,2017-10-25T04:23:13.000Z,0.002303,0xe6c6efc29fafaa03806ded098c826f7075234300,sell,0xdf6ef343350780bf8c3410bf062e0c015b1dd671,0x553673551eeb3d4633ab922eb662e3b46ba969e848bedf68af0ad2b6d1f92274
352,943.46582837,2.17091487107937,0x5486863204ce36efd9bd304cd6c7cd68908d5449,2017-10-25T04:21:15.000Z,0.002301,0xe6c6efc29fafaa03806ded098c826f7075234300,sell,0xdf6ef343350780bf8c3410bf062e0c015b1dd671,0x6e3820186a87bd26b675c6487fed135c7195e065dfb44a9671026f12b6230937
353,0.12919773,0.00029728397673,0x5486863204ce36efd9bd304cd6c7cd68908d5449,2017-10-25T04:06:37.000Z,0.002301,0x71477219697b26052d74a908c982120028f6ac46,sell,0xdf6ef343350780bf8c3410bf062e0c015b1dd671,0x2e6859f517b2cdda0cffe11eca9504891f1727c0b82dd8ac74040be0a2134407
354,120,0.3216,0xa75fcdf436c9713b3757819f1fb235918749c3ba,2017-10-25T03:09:32.000Z,0.00268,0xf9ac154b1c43a57228d8dd18175ce5c0386a3e8c,buy,0xdf6ef343350780bf8c3410bf062e0c015b1dd671,0x63e50f7cd9ee5565b020d352b19e870a39ea1268c1afc7591ecbe15292769699
355,56.4049739,0.1297878449439,0x5486863204ce36efd9bd304cd6c7cd68908d5449,2017-10-25T03:05:37.000Z,0.002301,0xf996270a8fb539289e6039494f97f2efea135c79,sell,0xdf6ef343350780bf8c3410bf062e0c015b1dd671,0xf1347c2161b292906c5ba75b7c1ef7d46ac39380d2908e4a78b01a29fb814f06
356,100,0.2308,0x986a0d7d7907e3c4ba839c61e3d03d418f2660bb,2017-10-25T02:58:59.000Z,0.002308,0xf996270a8fb539289e6039494f97f2efea135c79,sell,0xdf6ef343350780bf8c3410bf062e0c015b1dd671,0x6ab1336eab4511930ad3d58bd0196408d56e2ffd3b4aea348d689a7a45b411f4
357,215,0.4961125,0x2475fe4d7a9d7d2e7908baf6697b801596bf5148,2017-10-25T02:58:59.000Z,0.0023075,0xf996270a8fb539289e6039494f97f2efea135c79,sell,0xdf6ef343350780bf8c3410bf062e0c015b1dd671,0xdfca3a33f7151c130da598c611b86dba6510c81ebc40aa99edbf3ee4e59f3f18
358,200,0.462912,0x612e902119734edad054602dee314e8eb1c8e705,2017-10-25T02:52:05.000Z,0.00231456,0xf996270a8fb539289e6039494f97f2efea135c79,sell,0xdf6ef343350780bf8c3410bf062e0c015b1dd671,0xbcb1eb935394477562dce485abf9d75b6ac577c9fef786b5c1fbfcb9e5646c4f
359,100,0.2320025,0x4be7bced82b314ad60dc69274a75757e7d5d93a3,2017-10-25T02:49:40.000Z,0.002320025,0xf996270a8fb539289e6039494f97f2efea135c79,sell,0xdf6ef343350780bf8c3410bf062e0c015b1dd671,0xbd3b4d5d9149a48c02af186c74b9b9afa0de64292940dce2ae8b984ed1463c85
360,500,1.16,0xfbf7dc0756a9768d0c71aea5f8421f3b1eaee7d1,2017-10-25T02:30:44.000Z,0.00232,0xf996270a8fb539289e6039494f97f2efea135c79,sell,0xdf6ef343350780bf8c3410bf062e0c015b1dd671,0x28cfa6167a2a1149a42fb5dde5a823169ab1a35b368bb4a5590b21c6c4dbc039
361,25,0.058025,0x4be7bced82b314ad60dc69274a75757e7d5d93a3,2017-10-25T02:25:36.000Z,0.002321,0xf996270a8fb539289e6039494f97f2efea135c79,sell,0xdf6ef343350780bf8c3410bf062e0c015b1dd671,0x682796d39e09f829c55fb2634f9376a4496d8ca8ce9d37f68a2a869da9ff129c
362,1035,2.381535,0xc1a2ca4ed47285ed018856eb474312279a63341e,2017-10-25T01:26:56.000Z,0.002301,0x6e168b0f4aa541b01726ff8b62f5b0dd5a0718a6,buy,0xdf6ef343350780bf8c3410bf062e0c015b1dd671,0x6cdbb4f62d08605d0751e8b2048e9bdc8284cb4d874e873acc3d554745470ec4
363,0.02791852,0.0000646176937252,0x3dee4a4e076e8d82859d241db0baf46f112cfa23,2017-10-24T21:03:28.000Z,0.00231451,0x0fd9bf643a96d338b4212080e188493121273ed9,sell,0xdf6ef343350780bf8c3410bf062e0c015b1dd671,0x5c63d509f6cddc6bd7b2c2eef8658f09957df0977841780567524a54e11ea7da
364,280.05064346,0.6481800147946046,0x3dee4a4e076e8d82859d241db0baf46f112cfa23,2017-10-24T21:02:12.000Z,0.00231451,0x0fd9bf643a96d338b4212080e188493121273ed9,sell,0xdf6ef343350780bf8c3410bf062e0c015b1dd671,0xd47248670a8ba832a48eab116b27fd9ac568b2e9deda5c7424d0a9b8a5361ec2
365,215,0.50525,0x5f7a5241dc4ed10e3e6a46336dd179059cee31f9,2017-10-24T21:01:34.000Z,0.00235,0x0fd9bf643a96d338b4212080e188493121273ed9,sell,0xdf6ef343350780bf8c3410bf062e0c015b1dd671,0x08bcef4deeab612d611afa588331aa53549f7ba6fe1101872d9899674c8bda2a
366,380,0.89300418,0x1c39c4a38ced25b4cf306d0ebfbd1fdd7d33d917,2017-10-24T20:59:54.000Z,0.002350011,0x0fd9bf643a96d338b4212080e188493121273ed9,sell,0xdf6ef343350780bf8c3410bf062e0c015b1dd671,0xf4325baf724016fcf68a2860317c66e9c8a56db23078a8c635a136e33bc6635b
367,122.02980115,0.28677186314951725,0x841bd18409f4ea1422ac2728190fdb91e5bb5921,2017-10-24T20:59:47.000Z,0.002350015,0x0fd9bf643a96d338b4212080e188493121273ed9,sell,0xdf6ef343350780bf8c3410bf062e0c015b1dd671,0xdca8188784c9dad7a788a9067982e890b0b84b908f997674366d3fcb5dc339e6
368,102.06024566,0.2398431082046849,0x841bd18409f4ea1422ac2728190fdb91e5bb5921,2017-10-24T20:54:45.000Z,0.002350015,0x6bedacc2356fb151bb616f2bb5303ba2c2b78328,sell,0xdf6ef343350780bf8c3410bf062e0c015b1dd671,0x581ba462304f2ad9c96d7d5d630c6b932aed29ce28d83382d586ec82e3395d13
369,996.90995319,2.3427533436457977,0x841bd18409f4ea1422ac2728190fdb91e5bb5921,2017-10-24T20:49:53.000Z,0.002350015,0x0fd9bf643a96d338b4212080e188493121273ed9,sell,0xdf6ef343350780bf8c3410bf062e0c015b1dd671,0x82018e68309d9ceb0abc9680b6a2c1e489ccc6d8d8279195912fab776bb97d00
370,900,2.1150135,0x5486863204ce36efd9bd304cd6c7cd68908d5449,2017-10-24T20:23:05.000Z,0.002350015,0x6e168b0f4aa541b01726ff8b62f5b0dd5a0718a6,buy,0xdf6ef343350780bf8c3410bf062e0c015b1dd671,0x251f30bf254fb29227c0ec232d653bc72160d134226109cd1e2ef9c04e4debf6
371,25,0.054,0x3eab84f29252d0a4efda33b34419bbdc24ab4ca4,2017-10-24T17:57:39.000Z,0.00216,0xc34993797051a997023e28657412efa00ee51589,sell,0xdf6ef343350780bf8c3410bf062e0c015b1dd671,0xe4afd7ab08fce8bed4240e187d9bfea31d90947d5cb97e947e4f32d77c15e597
372,850,1.998356545,0xf9ac154b1c43a57228d8dd18175ce5c0386a3e8c,2017-10-24T17:55:13.000Z,0.0023510077,0xc34993797051a997023e28657412efa00ee51589,sell,0xdf6ef343350780bf8c3410bf062e0c015b1dd671,0x6d2b35c9750d067c972a3bac5ce21ac98c1c6d965ed2a76fda836105db824a13
373,1,0.00273,0x0b773d7819259d78757b26dc4148812d35676d8f,2017-10-24T17:42:30.000Z,0.00273,0xf9ac154b1c43a57228d8dd18175ce5c0386a3e8c,buy,0xdf6ef343350780bf8c3410bf062e0c015b1dd671,0x3a08bbff79686a92409ca60de9f922aa62bf5d83c808fc65268a235cbc7bbd5b
374,80.74,0.1905472074,0x3dee4a4e076e8d82859d241db0baf46f112cfa23,2017-10-24T17:02:24.000Z,0.00236001,0xc03545b9c53fe08c43372496f44fc55d266b94f2,sell,0xdf6ef343350780bf8c3410bf062e0c015b1dd671,0x75040bb765ccb67c5258cadfcae499a6e53a2758fdee1d12a7b710b7e0ada65f
375,373.02362675,0.8616845777925,0xf9ac154b1c43a57228d8dd18175ce5c0386a3e8c,2017-10-24T13:16:57.000Z,0.00231,0x1b077e15c7e17980dd8b2e90f0e3e6247d4b11a9,sell,0xdf6ef343350780bf8c3410bf062e0c015b1dd671,0x4fae6ab001ba932ba3895589609905e660bc74851fe9c5bb50ea3d40ccc2639c
376,19.86342338,0.0458845080078,0xf9ac154b1c43a57228d8dd18175ce5c0386a3e8c,2017-10-24T13:16:33.000Z,0.00231,0xe7d2ac0d53175a43869a366d76a52e81e1a4068c,sell,0xdf6ef343350780bf8c3410bf062e0c015b1dd671,0x2b8bf665fac05732d8f3c306d5b109f43204d10d229aad3d4d10bae1df4d4d95
377,151.311,0.34498908,0xf9ac154b1c43a57228d8dd18175ce5c0386a3e8c,2017-10-24T12:44:37.000Z,0.00228,0x102c54bd5a536258ba739fbfad46e4a1a4498950,buy,0xdf6ef343350780bf8c3410bf062e0c015b1dd671,0xa11574b70e6215bdb454266d988894e2caa35e4667a7070c1021f26d6c55d302
378,102.37663243,0.22932478278615673,0x6bedacc2356fb151bb616f2bb5303ba2c2b78328,2017-10-24T11:15:09.000Z,0.002240011,0x0999e80755e6544cbde752ae13e483645271ff52,sell,0xdf6ef343350780bf8c3410bf062e0c015b1dd671,0xcea492fa231cff82c11cd2b179c0f26e5c0a7bb71fb236e37f50563b8071c160
379,85.98943275,0.18917683803943275,0x6bedacc2356fb151bb616f2bb5303ba2c2b78328,2017-10-24T09:31:01.000Z,0.002200001,0x009a12d4290630bc01fd82516ac57c1dc6a9bcfb,sell,0xdf6ef343350780bf8c3410bf062e0c015b1dd671,0xaaaf7baa176f31b77d4e6e9c22c43be4adb660a60e8ea1bba785d39b6b882f9d
380,328.5,0.7227003285,0x6bedacc2356fb151bb616f2bb5303ba2c2b78328,2017-10-24T09:13:57.000Z,0.002200001,0xbd1adf7cd55a6f8e70c2c28178286c76182c1fd3,sell,0xdf6ef343350780bf8c3410bf062e0c015b1dd671,0xfdba30688eee7b1636dc76f4abbef93fa94f5f9e95ef6a821ccb6ddcaf61a460
381,252.07855648,0.579780679904,0x3dee4a4e076e8d82859d241db0baf46f112cfa23,2017-10-24T09:12:25.000Z,0.0023,0xbd1adf7cd55a6f8e70c2c28178286c76182c1fd3,sell,0xdf6ef343350780bf8c3410bf062e0c015b1dd671,0xad23d292079c63d2dc4b88ec45737208c15272d484522c8e4f887c0043ab1b73
382,17,0.039117,0x798f782d0e5ddf90dcb75d1d175e35d06b89a162,2017-10-24T09:11:03.000Z,0.002301,0xbd1adf7cd55a6f8e70c2c28178286c76182c1fd3,sell,0xdf6ef343350780bf8c3410bf062e0c015b1dd671,0x88e0d1ad2b37de301ab624128f720ae59dc0c361e87978c06f1113b157af503e
383,86.256,0.1897632,0x009a12d4290630bc01fd82516ac57c1dc6a9bcfb,2017-10-24T09:09:54.000Z,0.0022,0xbd1adf7cd55a6f8e70c2c28178286c76182c1fd3,sell,0xdf6ef343350780bf8c3410bf062e0c015b1dd671,0x5e093960ea9eb4c8b7e7397ea53c7110bbfca8b4e716c34dcbc6aa735f08d2eb
