,amount,amountBase,buyer,date,price,seller,side,tokenAddr,txHash
0,1,0.00184,0xb62103d6f1fb0f3ec1189ee7f1fab26570beff33,2017-11-02T16:08:53.000Z,0.00184,0xaca41f3b6f18ecbf7c049cbeb31470cd1ddc5efe,sell,0x08711d3b02c8758f2fb3ab4e80228418a7f8e39c,0xbaea91161e3949e5a70d0d53b63c229ac4f497a3c2aee39355045063141b4457
1,3615,6.507,0x7f33bd748a12c8c9da91bc966b9e1f1974b8bdad,2017-11-02T15:04:07.000Z,0.0018,0x3df86cefaecfaa31be2f74f8f832cb4ef62b79f8,sell,0x08711d3b02c8758f2fb3ab4e80228418a7f8e39c,0xb1245bf7fb3382ab454ce29247fe4bda2f5401743bd872b3457a69a4c3771305
2,2266,4.16944,0xb62103d6f1fb0f3ec1189ee7f1fab26570beff33,2017-11-02T14:51:39.000Z,0.00184,0x3df86cefaecfaa31be2f74f8f832cb4ef62b79f8,sell,0x08711d3b02c8758f2fb3ab4e80228418a7f8e39c,0xa6fc4522a5a4865f777842f34e039525a39de41cbe76a11755f5233a7e49656e
3,1,0.00297,0x75c4ee57efc9aa3d939fd41f7c3ad59c649ec9f7,2017-11-02T10:15:58.000Z,0.00297,0x30f2e605c6c9d1c8a1b24093e759970c22614a5d,buy,0x08711d3b02c8758f2fb3ab4e80228418a7f8e39c,0x83ad4cb55a5759e8bff60956cfd0396d93b6fc3d8c72422197407921f445c9b6
4,594,1.0692,0x7f33bd748a12c8c9da91bc966b9e1f1974b8bdad,2017-11-02T06:17:43.000Z,0.0018,0x3a976fef9e8613b11f92dc9586e953d044b6bf52,sell,0x08711d3b02c8758f2fb3ab4e80228418a7f8e39c,0x0579ea2dd3e119239b106a6a9ca6ac3fd559fa73d247228989a512af412ebe3c
5,2723,5.03755,0xe89a2a7a15cbaae3c58a03d79485373e216226d6,2017-11-01T14:24:35.000Z,0.00185,0xe1821d597e7ffe1d523a0ffd121de7d4e6f2d299,sell,0x08711d3b02c8758f2fb3ab4e80228418a7f8e39c,0xbb39fe8fb40def41462de3fa4aba1d1e4f40ef578a8cbba305d2aedf24831c5d
6,3000,5.55,0xe89a2a7a15cbaae3c58a03d79485373e216226d6,2017-11-01T14:22:48.000Z,0.00185,0xe1821d597e7ffe1d523a0ffd121de7d4e6f2d299,sell,0x08711d3b02c8758f2fb3ab4e80228418a7f8e39c,0xf5b18f803641b70ac46ebced82312aa7f992e8f07509d7b72c3823badc81da9e
7,3000,5.55,0xe89a2a7a15cbaae3c58a03d79485373e216226d6,2017-11-01T14:19:59.000Z,0.00185,0xe1821d597e7ffe1d523a0ffd121de7d4e6f2d299,sell,0x08711d3b02c8758f2fb3ab4e80228418a7f8e39c,0x81e24c15fe20c98becc4d149bc139daf9ddfd324dbfa0c1aa6424ae8ddf83b15
8,8750,7,0xe1821d597e7ffe1d523a0ffd121de7d4e6f2d299,2017-11-01T14:13:35.000Z,0.0008,0xe89a2a7a15cbaae3c58a03d79485373e216226d6,sell,0x08711d3b02c8758f2fb3ab4e80228418a7f8e39c,0x062069f2260c4b5e2893faad1e2d5b9def0299012ad340608664182668661a8e
9,20,0.0598,0xb07c696ebed779da87b9e684cdc4eedb101707b7,2017-11-01T09:00:06.000Z,0.00299,0x957de35805a9b7810000546a2f14035685969ea0,buy,0x08711d3b02c8758f2fb3ab4e80228418a7f8e39c,0x8e2821421ac2d15aab6ddf9bd20bd47360c69cfae7e854722c8c83e236848a76
10,6,0.0108,0x1beabdd6c99a54101a7554b94fb804d00c4d9c60,2017-11-01T05:19:28.000Z,0.0018,0x769a9b5f2a57cbd83d577d73b9224c88c3a62006,sell,0x08711d3b02c8758f2fb3ab4e80228418a7f8e39c,0xdefa8fe313203e7e25eb110cbf73ccd5eb8523046f358aee400a9b51a4888b32
11,1,0.0021,0x92d3ed39d77c4a667d2a193dd9b946ac8fedf94f,2017-11-01T05:18:58.000Z,0.0021,0x769a9b5f2a57cbd83d577d73b9224c88c3a62006,sell,0x08711d3b02c8758f2fb3ab4e80228418a7f8e39c,0x7a017ec2296d589504e8bc1578ed98ee39f060823286ec463e67ad76e2935f91
12,36,0.07227,0x829429b6c00b0319477932112823d11f1498d3cd,2017-11-01T01:53:53.000Z,0.0020075,0x30f2e605c6c9d1c8a1b24093e759970c22614a5d,sell,0x08711d3b02c8758f2fb3ab4e80228418a7f8e39c,0xc363f4354ba36a0ab4902d524be4e4bdf04a54d5f9ccb5dfa51e52270ce8dc54
13,100,0.229,0x3f5a86104d20e0079c8758b805c84274f6f9a199,2017-10-31T20:25:02.000Z,0.00229,0x957de35805a9b7810000546a2f14035685969ea0,buy,0x08711d3b02c8758f2fb3ab4e80228418a7f8e39c,0xa46e8d765ea667dc52e5e4f8d4249ed8560b5a1006ee2c0e03f5511e72a88aeb
14,464,0.93148,0x829429b6c00b0319477932112823d11f1498d3cd,2017-10-31T20:04:25.000Z,0.0020075,0xbbe8a82dc936ac8a7f188624e42a1253dbb279ec,sell,0x08711d3b02c8758f2fb3ab4e80228418a7f8e39c,0x6f78cd8dca0732d63977e923a66635aace7cfbb74943e786c4ad10cd9e7abcfb
15,1,0.00229,0xaca41f3b6f18ecbf7c049cbeb31470cd1ddc5efe,2017-10-31T19:16:57.000Z,0.00229,0x957de35805a9b7810000546a2f14035685969ea0,buy,0x08711d3b02c8758f2fb3ab4e80228418a7f8e39c,0x24677a5128593cd5445b5f03005b68d8acc3c4678c050abc5174bb2d30aecdb1
16,9,0.0189,0x244beb883da53d9f6169762af296e944aba5bb84,2017-10-31T18:50:41.000Z,0.0021,0xc1c59390f2aaa7def424605d96769ef7a7c64916,sell,0x08711d3b02c8758f2fb3ab4e80228418a7f8e39c,0x2bc4f404d02719d9fdf0fea789445af03d97290112311625fccb3ff441931d51
17,86,0.19694,0xdf13d76cdc478b5098d1861068acaceda0f823a5,2017-10-31T12:36:04.000Z,0.00229,0x957de35805a9b7810000546a2f14035685969ea0,buy,0x08711d3b02c8758f2fb3ab4e80228418a7f8e39c,0xcdf560e376504a9abae4e2d02682d42f7a9022159101167b2901ed2b20d3d997
18,191,0.382,0x829429b6c00b0319477932112823d11f1498d3cd,2017-10-30T21:46:54.000Z,0.002,0xfe1b80ecc5704b9f7c059af0d3d52f4a25bd4b40,sell,0x08711d3b02c8758f2fb3ab4e80228418a7f8e39c,0xfc6894b9453339891f845079a6a9ab06cc1154f5b884b5d21e4b450e5832c629
19,5,0.01,0x829429b6c00b0319477932112823d11f1498d3cd,2017-10-29T22:15:35.000Z,0.002,0x016ab691721a99da1c1489ca0ac8b549eb0f7713,sell,0x08711d3b02c8758f2fb3ab4e80228418a7f8e39c,0x0bc7f55ebc7743d99a3f9a348e00b3ba35c2065be9707c49f1218949a635ce7f
20,1,0.00191001,0x3dee4a4e076e8d82859d241db0baf46f112cfa23,2017-10-29T17:07:10.000Z,0.00191001,0xaca41f3b6f18ecbf7c049cbeb31470cd1ddc5efe,sell,0x08711d3b02c8758f2fb3ab4e80228418a7f8e39c,0x4469b02fd2688e912c88b0e4fd166d3ef4855c5514266b8162737ac9732b9027
21,1,0.0015,0xaca41f3b6f18ecbf7c049cbeb31470cd1ddc5efe,2017-10-29T16:47:32.000Z,0.0015,0x953204d6657654d9c11e749e39c75c1b46bee682,buy,0x08711d3b02c8758f2fb3ab4e80228418a7f8e39c,0x431d1b74b50a6deb2c87ee1c76cc0448d964edd0644cd07de4b090b94699e923
22,247,0.4705597,0x0ce4b16411b408bc9f06d456175db3cc79b25299,2017-10-29T16:19:49.000Z,0.0019051,0x953204d6657654d9c11e749e39c75c1b46bee682,sell,0x08711d3b02c8758f2fb3ab4e80228418a7f8e39c,0x00cb9c740018dfebe47d80004d99d8057ccf0a6554e6983e6e244239512406df
23,2,0.0042,0x92d3ed39d77c4a667d2a193dd9b946ac8fedf94f,2017-10-29T16:11:50.000Z,0.0021,0x953204d6657654d9c11e749e39c75c1b46bee682,sell,0x08711d3b02c8758f2fb3ab4e80228418a7f8e39c,0x6c7b89777442878d8c45b657d120116e64c222d0af7e36f9b16cc4e66836f1f7
24,24,0.04572024,0x3dee4a4e076e8d82859d241db0baf46f112cfa23,2017-10-29T14:40:43.000Z,0.00190501,0xff96cb16399110f0b6bafb399dd8f39bb651ce14,sell,0x08711d3b02c8758f2fb3ab4e80228418a7f8e39c,0x988f027fd46a36b6fae17e4147284d73fcd1e3e7bac616a0aafd4d0668f51539
25,236,0.44958236,0x3dee4a4e076e8d82859d241db0baf46f112cfa23,2017-10-29T14:39:13.000Z,0.00190501,0x75dc13a4946808c09876733ed164521a87cfe61b,sell,0x08711d3b02c8758f2fb3ab4e80228418a7f8e39c,0x9bdf263dd27d05a9131df806559730e0e7c9fd2f0b857308247ae86c573db94f
26,21,0.0497058696,0xa4714f884bc82599fd0ed391ae8747e07454cc8d,2017-10-29T13:39:27.000Z,0.0023669461714285714,0x016ab691721a99da1c1489ca0ac8b549eb0f7713,buy,0x08711d3b02c8758f2fb3ab4e80228418a7f8e39c,0xc5c82b401d4fa60f596d44f5762cabcf5264410b5e70f00702c5a5da8ade917d
27,8,0.01968368,0xdf537fe9b791ac57c4d5e94f6b2fa8d989d7f793,2017-10-29T10:29:11.000Z,0.00246046,0x016ab691721a99da1c1489ca0ac8b549eb0f7713,buy,0x08711d3b02c8758f2fb3ab4e80228418a7f8e39c,0x5fe4334a069940bbfc7c7ae9d9ca0f72ffd540b5564ab16b4fb6fbf93ce2eb41
28,79,0.18251649792929328,0xa3c55cdef38319e613f7b0593b224448944a9b1d,2017-10-29T03:24:30.000Z,0.002310335416826497,0x016ab691721a99da1c1489ca0ac8b549eb0f7713,buy,0x08711d3b02c8758f2fb3ab4e80228418a7f8e39c,0x510dbdce055d269e0eb5558d218d924b7c18adcd7313880028a3ef618e545d6b
29,20,0.045776,0xaa569b62d106d4d59773c55e230d0373cd82f6a5,2017-10-29T00:16:50.000Z,0.0022888,0x016ab691721a99da1c1489ca0ac8b549eb0f7713,buy,0x08711d3b02c8758f2fb3ab4e80228418a7f8e39c,0xb49bd31d5735be7b2cceef6d96745998c0c286d8827ef4046a40767e0bc0cc4b
30,250,0.55,0x953204d6657654d9c11e749e39c75c1b46bee682,2017-10-28T23:44:40.000Z,0.0022,0xdea025c3f2bc0f876f3649568e7c93d9396e6958,buy,0x08711d3b02c8758f2fb3ab4e80228418a7f8e39c,0xb0087f5add33b89f5b3c1725c079e3177b76aecf1cbb5067045263830e287e54
31,114,0.26448,0xddec833d7f85da97954238fb4e46fc2f23118c25,2017-10-28T18:55:18.000Z,0.00232,0x016ab691721a99da1c1489ca0ac8b549eb0f7713,buy,0x08711d3b02c8758f2fb3ab4e80228418a7f8e39c,0xb255ad78595cb48c85ddfc07d17322aaf3a4019321811ac57bec015cc7a34247
32,175,0.317135,0x5410e52e62b17307fe939788c8836529944ac335,2017-10-28T17:13:08.000Z,0.0018122,0x1ed014aec47fae44c9e55bac7662c0b78ae61798,sell,0x08711d3b02c8758f2fb3ab4e80228418a7f8e39c,0x1f4ef2230d0d82ffd80221f5551810884c118d7dd89a8f71fcd6093888b61857
33,398,0.70844,0xbaccfcfded9fcea89a5294cafdfb56e3284b2ba6,2017-10-28T07:59:13.000Z,0.00178,0x65653a36fcbf9058ca77bf6ef5c20a629cce3b48,sell,0x08711d3b02c8758f2fb3ab4e80228418a7f8e39c,0x6cb303ebc5a6cf31a8d4e35919df91a26f463fd056e881ae2f2efadbf29ce1e5
34,78,0.18532435288859275,0xdf537fe9b791ac57c4d5e94f6b2fa8d989d7f793,2017-10-28T06:25:24.000Z,0.0023759532421614455,0x5410e52e62b17307fe939788c8836529944ac335,buy,0x08711d3b02c8758f2fb3ab4e80228418a7f8e39c,0x165d545c00a97561b62c2aa1e91718adb087b9f8f05a7888e459e434fb7475ba
35,95,0.209,0x5a7f52c42526ddb16755d0681ddc80be166c2ff6,2017-10-27T17:05:56.000Z,0.0022,0x5410e52e62b17307fe939788c8836529944ac335,buy,0x08711d3b02c8758f2fb3ab4e80228418a7f8e39c,0x0cec4b5c57bc631c29feacc927c40a9d1133e1dc41fb921c60a5ff2c46f1acf2
36,105,0.24885,0x5a7f52c42526ddb16755d0681ddc80be166c2ff6,2017-10-27T17:05:06.000Z,0.00237,0x3dee4a4e076e8d82859d241db0baf46f112cfa23,buy,0x08711d3b02c8758f2fb3ab4e80228418a7f8e39c,0xebf38456c9a2ab7b6ba6597206d8668fcb0cef75c72b6a7c4849626c6fd310ba
37,78,0.1326858,0x3dee4a4e076e8d82859d241db0baf46f112cfa23,2017-10-26T23:07:18.000Z,0.0017011,0x2fa6c619dcccbd1c360fb21b819a8d700b4280a6,sell,0x08711d3b02c8758f2fb3ab4e80228418a7f8e39c,0xa7ef30bbcd9a686796b1f90de012dbb84c1c94ec7d82b47958a016363ff0dd90
38,1,0.0024,0xe1fa699860444be91d366c21de8fef56e3dec77a,2017-10-26T22:06:51.000Z,0.0024,0x68e845717ea2ae0ca63e7b2c9f6052fe7397e96e,buy,0x08711d3b02c8758f2fb3ab4e80228418a7f8e39c,0xae920166f75ff2ab1d6c21281ee28916fab17d41a4e2410b7aec725923de9fbb
39,1,0.0039,0xc7bc20fea9a0f4abd4b04f3bffebaa907dde86cc,2017-10-26T14:51:03.000Z,0.0039,0x9c076455b231a5a4371d42ee0f5323d964417bda,buy,0x08711d3b02c8758f2fb3ab4e80228418a7f8e39c,0xeff923146c1c886ca24b9a759cc4f549074e7420a8bf5a43d35cd884130cf26a
40,24,0.059814574818064,0xb706a068ecc10700ec54a74aa5e94eae673d7a8c,2017-10-26T14:43:10.000Z,0.002492273950752667,0x68e845717ea2ae0ca63e7b2c9f6052fe7397e96e,buy,0x08711d3b02c8758f2fb3ab4e80228418a7f8e39c,0x24dfa35a97a2af290cb79b9f7ab427179fb16399264de8437b1023667aa47b37
41,4,0.010857352208154722,0x1b30aa59b6ee2aac90f9d545a5e238e62623073b,2017-10-26T13:43:20.000Z,0.0027143380520386804,0x7779b6f71dbf93c9252b4c352581d21ce2258b8a,buy,0x08711d3b02c8758f2fb3ab4e80228418a7f8e39c,0x085862eb7cb1d459da389a78fa02a9f24b4b2071eadd55e4d968886d544871b5
42,150,0.36,0x1b30aa59b6ee2aac90f9d545a5e238e62623073b,2017-10-26T13:42:12.000Z,0.0024,0x2b8b52f313a29d7d90ccab3f438fbd8b3fab66e7,buy,0x08711d3b02c8758f2fb3ab4e80228418a7f8e39c,0x4bebd299422c7564e0f9dc6d4bac16fb7e34f47efd3f7273d5cab4932777ddb6
43,600,1.44,0x5bf37a50c1f8e99b3284dc39c648117a2fb93a73,2017-10-26T09:42:33.000Z,0.0024,0xe89a2a7a15cbaae3c58a03d79485373e216226d6,sell,0x08711d3b02c8758f2fb3ab4e80228418a7f8e39c,0x7906da5811a8176658644f3bd85a90f607e5c1aada70d4f429a4a99ec94f3430
44,28,0.04200028,0x3dee4a4e076e8d82859d241db0baf46f112cfa23,2017-10-26T07:12:45.000Z,0.00150001,0xc3c7be15489695d6d4a7e482a032c208dd5386d9,sell,0x08711d3b02c8758f2fb3ab4e80228418a7f8e39c,0x1059e42cd335b80db65c30c785b9bc3f7da9cab1c84091ca0abe95ead8fbc752
45,400,1.0016426477918452,0x65653a36fcbf9058ca77bf6ef5c20a629cce3b48,2017-10-26T04:11:44.000Z,0.0025041066194796133,0x7779b6f71dbf93c9252b4c352581d21ce2258b8a,buy,0x08711d3b02c8758f2fb3ab4e80228418a7f8e39c,0x7e2c1e04f476cdd3406dc02b9e0aeaf15782ff83fd044209dc62361be5f43cc3
46,2095,4.19,0xf142f26d1cac4ba8a6e6d7974d243eda2fe5f4f9,2017-10-26T04:10:28.000Z,0.002,0xe89a2a7a15cbaae3c58a03d79485373e216226d6,buy,0x08711d3b02c8758f2fb3ab4e80228418a7f8e39c,0xf1fc931f3c1a4f112243145e67b7ca801abbc98deb9bd49118fb17a149edbc24
47,1500,3,0xf142f26d1cac4ba8a6e6d7974d243eda2fe5f4f9,2017-10-26T04:04:57.000Z,0.002,0xe89a2a7a15cbaae3c58a03d79485373e216226d6,buy,0x08711d3b02c8758f2fb3ab4e80228418a7f8e39c,0x1bae81ad992c2a45f7d0a38a6a29ac3f4d1972e30d61194b5ca448dfa960f2ca
48,2000,4,0xf142f26d1cac4ba8a6e6d7974d243eda2fe5f4f9,2017-10-26T04:00:51.000Z,0.002,0xe89a2a7a15cbaae3c58a03d79485373e216226d6,buy,0x08711d3b02c8758f2fb3ab4e80228418a7f8e39c,0x8b0e76b90cdee7868ceeb22c5a908aff316334991d4050cbd85237a1b03130c8
49,4000,8,0xf142f26d1cac4ba8a6e6d7974d243eda2fe5f4f9,2017-10-26T03:48:38.000Z,0.002,0xe89a2a7a15cbaae3c58a03d79485373e216226d6,buy,0x08711d3b02c8758f2fb3ab4e80228418a7f8e39c,0x59155d7bef4dcae734d65da04e887fcbb8a131e15a62849ccba0343035a72833
50,294,0.5292198,0x6bad391397f5f6047d3b6752576ee1a4ae3d2927,2017-10-25T22:45:03.000Z,0.0018000673469387755,0x6deb12971da2291b7a5c0a06f8887246ab777764,buy,0x08711d3b02c8758f2fb3ab4e80228418a7f8e39c,0xfaf574057ba853376ad65d07c38fcc3cdf0feb611362f58fb4fb5418e36dc247
51,100,0.14,0x1dedb16313901d56f3e578df5fe2847e5f7a7691,2017-10-25T21:01:45.000Z,0.0014,0x11adb32eace8e532e175a01444205415dd22c509,sell,0x08711d3b02c8758f2fb3ab4e80228418a7f8e39c,0x3e718d49069c4e4b3550477192ef51e28c2f3d565ef13be58d98cf5dddace2f6
52,51,0.0816,0x1dedb16313901d56f3e578df5fe2847e5f7a7691,2017-10-25T21:01:20.000Z,0.0016,0x11adb32eace8e532e175a01444205415dd22c509,sell,0x08711d3b02c8758f2fb3ab4e80228418a7f8e39c,0xcb7e407746196c7bd1db5f43ece8bc9fe2ef1784941c358e4f24487adc4be42b
53,49,0.0784,0x1dedb16313901d56f3e578df5fe2847e5f7a7691,2017-10-25T20:56:00.000Z,0.0016,0x11adb32eace8e532e175a01444205415dd22c509,sell,0x08711d3b02c8758f2fb3ab4e80228418a7f8e39c,0x74b331eec4f23334751976980f92dfad8cf2cc5b17fb392bd49cb18ab606174f
54,9,0.01797934104276742,0xbd92ee3b0ed272e6fab8b79e277dcea22abb679d,2017-10-25T20:36:04.000Z,0.0019977045603074913,0x6deb12971da2291b7a5c0a06f8887246ab777764,buy,0x08711d3b02c8758f2fb3ab4e80228418a7f8e39c,0x974482bc1c95f19e5507cbf4fe80b2bbea7e4127195a88136db97dfa98e143c2
55,99,0.13602699,0x6bad391397f5f6047d3b6752576ee1a4ae3d2927,2017-10-25T15:23:08.000Z,0.00137401,0xa6d57b017bcb0daa8d8c887360bef33306846f3b,sell,0x08711d3b02c8758f2fb3ab4e80228418a7f8e39c,0x28b3987211a3fc9507c5311ae74371453996a32bd1e141648683e9d3cec3ce59
56,1,0.00178,0xe1fa699860444be91d366c21de8fef56e3dec77a,2017-10-24T10:36:13.000Z,0.00178,0xa5f282efd8db8c66dc5dcfb5ab3bfccb2637d783,buy,0x08711d3b02c8758f2fb3ab4e80228418a7f8e39c,0x8f59f68abeccd13b93452768e7a1cbca894a41de1759379deaa5ddf8ee731114
57,1,0.00178,0xe1fa699860444be91d366c21de8fef56e3dec77a,2017-10-24T10:35:59.000Z,0.00178,0xa5f282efd8db8c66dc5dcfb5ab3bfccb2637d783,buy,0x08711d3b02c8758f2fb3ab4e80228418a7f8e39c,0x8f59f68abeccd13b93452768e7a1cbca894a41de1759379deaa5ddf8ee731114
58,1,0.00178,0xc230d39a043a650582431ef23af4271176fae372,2017-10-22T18:12:33.000Z,0.00178,0x016ab691721a99da1c1489ca0ac8b549eb0f7713,buy,0x08711d3b02c8758f2fb3ab4e80228418a7f8e39c,0xcb560702f13fa23ffb6fe0404fea23545de00a6ed6a2ecbc9eab020552804131
59,177,0.22479,0x29b8eca0a380c562a00b7e5d1fbc624e5be736a5,2017-10-22T11:24:56.000Z,0.00127,0x4d517d272ce8d879d8891518e70153b49d2cdb96,sell,0x08711d3b02c8758f2fb3ab4e80228418a7f8e39c,0xd3efc997dfc0cb7819aaa4c6f055beca14c818643bcc85d8993998cd47b21e75
60,1,0.00188887,0x2c9ef0b9dfb2a5cb63408c5ff73f9ada6d73074e,2017-10-21T20:10:55.000Z,0.00188887,0x6deb12971da2291b7a5c0a06f8887246ab777764,buy,0x08711d3b02c8758f2fb3ab4e80228418a7f8e39c,0xdbdcb479bff6f0f7f04a5f1d4c053078b8f71019d3130915857e5af6fd0784c6
61,309,0.58366392,0x1da251119e3a70bcb4aed858bd2acccff2155077,2017-10-20T21:43:09.000Z,0.00188888,0x097501c95264ad3204159efaefdc5820783dbeae,sell,0x08711d3b02c8758f2fb3ab4e80228418a7f8e39c,0xe837ad7db215d334069bc4787150541fe70c25f7ff963bb2f6a076d386c21f88
62,1,0.0015,0xf142f26d1cac4ba8a6e6d7974d243eda2fe5f4f9,2017-10-20T14:48:37.000Z,0.0015,0xa2dffc197986ec9bf77bd13511d9a2563b9acef3,buy,0x08711d3b02c8758f2fb3ab4e80228418a7f8e39c,0x86d48d538bc329d1ffa2b8b03929b12515600aa6f94c6e9d70400bf070102ffb
63,98,0.14210588,0x3dee4a4e076e8d82859d241db0baf46f112cfa23,2017-10-20T09:32:29.000Z,0.00145006,0x48eaedfa6ab55f414a433f0778f55ed9b827e822,sell,0x08711d3b02c8758f2fb3ab4e80228418a7f8e39c,0x370fe9ce5a2fd4f303a601e2071847642a9d1c4e1ac658be29a4f98d172b840f
64,97,0.14065582,0x3dee4a4e076e8d82859d241db0baf46f112cfa23,2017-10-20T08:47:02.000Z,0.00145006,0xa2dffc197986ec9bf77bd13511d9a2563b9acef3,sell,0x08711d3b02c8758f2fb3ab4e80228418a7f8e39c,0x155faed91c2f03f5cee6d4f73dc5dff93c1b9088caba7268bb9aab2290a50019
65,1,0.00199998,0x6cdea8e07bf82d7a07dbf36642d6e5be8623845c,2017-10-19T23:25:23.000Z,0.00199998,0x016ab691721a99da1c1489ca0ac8b549eb0f7713,buy,0x08711d3b02c8758f2fb3ab4e80228418a7f8e39c,0x12f4707fc0fd85d0f188822c15b5441e8c04b153c041ca60f49c0e9c28879c76
66,1019,1.47758057,0x9272a1ebbdbf73e19eceba1904dbdeaf0c23dcd3,2017-10-19T19:57:54.000Z,0.00145003,0xf1083c2984e351c02e94ba4f19ae82c05db06f3c,sell,0x08711d3b02c8758f2fb3ab4e80228418a7f8e39c,0x56c0b5cc4796ca6d676738c0130ba8c34464a6cadae9ccd31e13f401ae092abe
67,800,1.168008,0x3dee4a4e076e8d82859d241db0baf46f112cfa23,2017-10-19T19:56:28.000Z,0.00146001,0xf1083c2984e351c02e94ba4f19ae82c05db06f3c,sell,0x08711d3b02c8758f2fb3ab4e80228418a7f8e39c,0xdeca8a0a681ae5406d62887a089e0ebcb321a36c84aa285445e15a473e57cbbc
68,220,0.319,0x6deb12971da2291b7a5c0a06f8887246ab777764,2017-10-19T19:56:28.000Z,0.00145,0xf1083c2984e351c02e94ba4f19ae82c05db06f3c,sell,0x08711d3b02c8758f2fb3ab4e80228418a7f8e39c,0xcb66f1a613311aeaed7bf2d97c41b123c2314edb375e26938c89288b45d901df
69,201,0.30150201,0x016ab691721a99da1c1489ca0ac8b549eb0f7713,2017-10-19T19:56:20.000Z,0.00150001,0xf1083c2984e351c02e94ba4f19ae82c05db06f3c,sell,0x08711d3b02c8758f2fb3ab4e80228418a7f8e39c,0x8f574adeb81fd9c294770cbef4ecccd1475a2b5dbf56a4c0be34ae60013567f2
70,49,0.07350049,0x016ab691721a99da1c1489ca0ac8b549eb0f7713,2017-10-19T14:32:05.000Z,0.00150001,0x7dac9edc0046ee01af8ea4a6d60823655b2ae2e6,sell,0x08711d3b02c8758f2fb3ab4e80228418a7f8e39c,0x181d3bd643aea82f137bcb3ebf048eef62b3de8991d6b023f1daa0b9158cb268
71,1,0.002,0x3ac636ac5c3a2576156ac5f10066ca68abe0ad54,2017-10-18T18:08:59.000Z,0.002,0xe89a2a7a15cbaae3c58a03d79485373e216226d6,buy,0x08711d3b02c8758f2fb3ab4e80228418a7f8e39c,0x6c528752fd24ea90ed7145a904fde6c8a3049ab3733b1dbceb4b831bcf6e5215
72,1,0.002,0x636d925f140f761f7a0e600db2177dd068ddada1,2017-10-18T15:32:06.000Z,0.002,0xe89a2a7a15cbaae3c58a03d79485373e216226d6,buy,0x08711d3b02c8758f2fb3ab4e80228418a7f8e39c,0x4c2a061f6ec165076199811bf2664e5ce3def729faed749945ce20ae324cdaa4
73,27,0.03915,0x6deb12971da2291b7a5c0a06f8887246ab777764,2017-10-18T14:35:31.000Z,0.00145,0x02f9569d62defdd94d8d36c27327620eb9c35718,sell,0x08711d3b02c8758f2fb3ab4e80228418a7f8e39c,0x33e4c15fa7a99243924d6fc95b7ee70c96ec33010efffc41640485c4d1d74140
74,1,0.0014,0x1dedb16313901d56f3e578df5fe2847e5f7a7691,2017-10-17T18:58:28.000Z,0.0014,0x9d482aa44e48999975c59275ec646598e738516c,sell,0x08711d3b02c8758f2fb3ab4e80228418a7f8e39c,0x4298977b2fe1629a2cc5a97933517c0458e957bbe3be81d33db8af6b80e54b04
75,27,0.038691,0xf142f26d1cac4ba8a6e6d7974d243eda2fe5f4f9,2017-10-17T15:17:45.000Z,0.001433,0x1c5068e0d1031b3b0c4932f4c0b71708e17f1367,buy,0x08711d3b02c8758f2fb3ab4e80228418a7f8e39c,0x410706463ba6235c643a278a1ecc766c00755a9c9c09377e9e72e6a8c5797964
76,400,0.8,0x7dac9edc0046ee01af8ea4a6d60823655b2ae2e6,2017-10-17T14:22:26.000Z,0.002,0xe89a2a7a15cbaae3c58a03d79485373e216226d6,buy,0x08711d3b02c8758f2fb3ab4e80228418a7f8e39c,0xc61a96a3afd8c593dc19d05968403d88b13adb5474e3d6721f4b826a57ab2004
77,98,0.11074,0x48eaedfa6ab55f414a433f0778f55ed9b827e822,2017-10-16T22:59:53.000Z,0.00113,0x84d2a64cf2c0b1b4a65925dc0b1a20f42fe6104f,sell,0x08711d3b02c8758f2fb3ab4e80228418a7f8e39c,0xa4c2695abdcc55bc6aa9239e7ffd86e74b5210ede50c76fe3ae51553d579927c
78,1,0.001,0xf142f26d1cac4ba8a6e6d7974d243eda2fe5f4f9,2017-10-16T19:10:50.000Z,0.001,0x50747434f2b3986b0cc1ddcf2fe501348abd0eb2,buy,0x08711d3b02c8758f2fb3ab4e80228418a7f8e39c,0xc92029a2eb16b327987a427ce920efc08386287e69ba9cf2e1dcf4a5874e3d81
79,26,0.0364,0xf142f26d1cac4ba8a6e6d7974d243eda2fe5f4f9,2017-10-16T16:16:04.000Z,0.0014,0x3d7d0807cef2411d663f54d3c507980a6135c589,buy,0x08711d3b02c8758f2fb3ab4e80228418a7f8e39c,0x85ac0038732ec24bdaafc7b324deab131588c45628a53709a574610daf146cb5
80,22160,11.08,0xe89a2a7a15cbaae3c58a03d79485373e216226d6,2017-10-16T09:19:36.000Z,0.0005,0x5dabadc33af25cdc6d68570df662d7a04ce129d6,sell,0x08711d3b02c8758f2fb3ab4e80228418a7f8e39c,0xbb94e5f1d578e2c1fc4b7360dd7d56b31f52c116fe62058788a01fadef35b72d
81,405,0.405,0x7779b6f71dbf93c9252b4c352581d21ce2258b8a,2017-10-16T09:18:08.000Z,0.001,0x5dabadc33af25cdc6d68570df662d7a04ce129d6,sell,0x08711d3b02c8758f2fb3ab4e80228418a7f8e39c,0x473e6edb6f3fd274691832fa069a28148832123bced5644c11430a2b24d886cd
82,12500,10,0xd1e98fdd4bfa6d808d37af26c4c78ab09b3ba755,2017-10-16T09:18:08.000Z,0.0008,0x5dabadc33af25cdc6d68570df662d7a04ce129d6,sell,0x08711d3b02c8758f2fb3ab4e80228418a7f8e39c,0x7656f9e4c8c299087f16b616033fa99861535ae14e6511ca0cd8efb8bebca502
83,10000,10,0xd1e98fdd4bfa6d808d37af26c4c78ab09b3ba755,2017-10-16T09:17:46.000Z,0.001,0x5dabadc33af25cdc6d68570df662d7a04ce129d6,sell,0x08711d3b02c8758f2fb3ab4e80228418a7f8e39c,0x0a05ad86a80269cdc2c29ec9e647e4f9775300596ab0f75b750f8059a4744bbc
84,922,1.1986,0x3dee4a4e076e8d82859d241db0baf46f112cfa23,2017-10-16T09:17:43.000Z,0.0013,0x5dabadc33af25cdc6d68570df662d7a04ce129d6,sell,0x08711d3b02c8758f2fb3ab4e80228418a7f8e39c,0x9f56d91c52cf694e9c2da461c9dd89f46e8ca908b381921b38049f0eb0f19009
85,158,0.2833572,0xf829b9a860ae25e9a91d3635c7798f9fdff357db,2017-10-16T08:29:02.000Z,0.0017934,0x3dee4a4e076e8d82859d241db0baf46f112cfa23,sell,0x08711d3b02c8758f2fb3ab4e80228418a7f8e39c,0x419b4d3f290dc4a72c21f355941d8c6d80c5d70d0c2a2159a913f9563cea7f2f
86,75,0.134505,0xf829b9a860ae25e9a91d3635c7798f9fdff357db,2017-10-16T07:51:01.000Z,0.0017934,0xc9087108b890f9aee9c5b878c6f062a2b0c730f3,sell,0x08711d3b02c8758f2fb3ab4e80228418a7f8e39c,0x43c4bcdca6ebbd60e9c4a7028a62846403594e2189f80a70edf5079cec97fc9e
87,24,0.0552,0xf829b9a860ae25e9a91d3635c7798f9fdff357db,2017-10-16T07:49:00.000Z,0.0023,0xc9087108b890f9aee9c5b878c6f062a2b0c730f3,sell,0x08711d3b02c8758f2fb3ab4e80228418a7f8e39c,0x3225a50d63bff5058033b8b55b21481bfb1b5f5eed1cf0cdb61c17274e7a1da7
88,27,0.03645,0x1c5068e0d1031b3b0c4932f4c0b71708e17f1367,2017-10-15T04:22:21.000Z,0.00135,0x135d52d6fdc0512c32bd9b840b098d26cc7e68ce,sell,0x08711d3b02c8758f2fb3ab4e80228418a7f8e39c,0x9edcda822dd0e3bdbc1a2b9d19d8b05959832727418cae4ab545e93671761661
89,1,0.0013,0xf142f26d1cac4ba8a6e6d7974d243eda2fe5f4f9,2017-10-14T21:01:38.000Z,0.0013,0x50747434f2b3986b0cc1ddcf2fe501348abd0eb2,buy,0x08711d3b02c8758f2fb3ab4e80228418a7f8e39c,0xfe44dd75eec292f3b81fe2b60a40f7644678705a6dfb6b52114e634d06dc26e7
90,73,0.0949,0x3dee4a4e076e8d82859d241db0baf46f112cfa23,2017-10-14T20:27:48.000Z,0.0013,0x29e5af8006b2ab68166210807f9acbc1c0f4a4bd,sell,0x08711d3b02c8758f2fb3ab4e80228418a7f8e39c,0xd07eadc7707bfe564e90d41e5b3551aff2555c97f0ad3dda36d6b3640e27c5d4
91,5,0.0065,0x3dee4a4e076e8d82859d241db0baf46f112cfa23,2017-10-14T19:37:05.000Z,0.0013,0x50747434f2b3986b0cc1ddcf2fe501348abd0eb2,sell,0x08711d3b02c8758f2fb3ab4e80228418a7f8e39c,0x90ffa1bc440518f3224672c72ab939c6a28d2c782c5c2a168c86b033ebd0b527
92,78,0.123396,0x46f0f423c24d7d3c2541ddf210232b2109bb5c11,2017-10-14T16:20:19.000Z,0.001582,0x3dee4a4e076e8d82859d241db0baf46f112cfa23,sell,0x08711d3b02c8758f2fb3ab4e80228418a7f8e39c,0x84a8bd1bab9c014005e8d0c8586c04142fc919ca2c9ebaae598b1769f377a74e
93,150,0.2385,0xd98a3954353055ab642c9159c7f3b25dac2dc29b,2017-10-14T16:18:58.000Z,0.00159,0x3dee4a4e076e8d82859d241db0baf46f112cfa23,sell,0x08711d3b02c8758f2fb3ab4e80228418a7f8e39c,0x066100869ec1240d568b166cc45fc446338fd8714a0f7d3810cac606079cba69
94,238,0.376516,0x46f0f423c24d7d3c2541ddf210232b2109bb5c11,2017-10-14T11:21:53.000Z,0.001582,0x3dee4a4e076e8d82859d241db0baf46f112cfa23,sell,0x08711d3b02c8758f2fb3ab4e80228418a7f8e39c,0x21d647cccd725ef7c7fc73a1240ef06bf70c2a47355b81dabe96174949555fa6
95,150,0.24,0xd98a3954353055ab642c9159c7f3b25dac2dc29b,2017-10-14T11:03:24.000Z,0.0016,0x3dee4a4e076e8d82859d241db0baf46f112cfa23,sell,0x08711d3b02c8758f2fb3ab4e80228418a7f8e39c,0xb85b1689db8fc314d20b01f188abdaac1cb8160c58d8c5a0bef0ad8e9b22fab1
96,200,0.39,0x2b406d9d9cbbb2f2cfe1b8903a4f84fdf4e2abb5,2017-10-13T04:33:13.000Z,0.00195,0xe72cb9f5b712fb94bd1b8b9589c2bf80efdbae34,buy,0x08711d3b02c8758f2fb3ab4e80228418a7f8e39c,0x40ee7ee1e54a1f0d55af0163d0b7452a3c1083fa9abc8e8b81bb10d340850c47
97,2,0.0076,0x197e73b73feaaf97f62ee85f6cb74bd74b3ee3be,2017-10-12T00:34:24.000Z,0.0038,0x3dee4a4e076e8d82859d241db0baf46f112cfa23,buy,0x08711d3b02c8758f2fb3ab4e80228418a7f8e39c,0x05eaa753a1d1baa6e6303071b48aeb15f473464f193bd7e1e06f8badd013ffd3
98,1,0.0019,0xf142f26d1cac4ba8a6e6d7974d243eda2fe5f4f9,2017-10-09T23:49:27.000Z,0.0019,0xbfb50b318ebd18975bd60b8d21488a8595debe74,buy,0x08711d3b02c8758f2fb3ab4e80228418a7f8e39c,0xfe656720795abc1085de33a6305b92399f24591d038e61594f48efc38ed6caa1
99,1,0.0018,0xf142f26d1cac4ba8a6e6d7974d243eda2fe5f4f9,2017-10-09T23:48:35.000Z,0.0018,0x50747434f2b3986b0cc1ddcf2fe501348abd0eb2,buy,0x08711d3b02c8758f2fb3ab4e80228418a7f8e39c,0x9dae4c09d833dd3b4bbad1299ee48f462f5dc32ad183ecb2eda26f9f0b775057
100,102,0.15300102,0x3dee4a4e076e8d82859d241db0baf46f112cfa23,2017-10-09T12:45:49.000Z,0.00150001,0x50747434f2b3986b0cc1ddcf2fe501348abd0eb2,sell,0x08711d3b02c8758f2fb3ab4e80228418a7f8e39c,0x244210a17e2644560df63c24e05d72613556b6ffdb4b33824cddf2acfd0e9c36
101,102,0.15300102,0x3dee4a4e076e8d82859d241db0baf46f112cfa23,2017-10-09T12:41:10.000Z,0.00150001,0x50747434f2b3986b0cc1ddcf2fe501348abd0eb2,sell,0x08711d3b02c8758f2fb3ab4e80228418a7f8e39c,0x244210a17e2644560df63c24e05d72613556b6ffdb4b33824cddf2acfd0e9c36
102,4,0.0080444,0x5d5065b42bdee0274e394ba9042c21e1818c69cf,2017-10-09T05:52:30.000Z,0.0020111,0x6f9fcac7ac5e87ec747d47e81a42e8ca6b73e95a,sell,0x08711d3b02c8758f2fb3ab4e80228418a7f8e39c,0xfad04e8c5f53fa57e55e95bca7e6bf382026b7a7df08eced4a5ee985a8d89421
103,4,0.0080444,0x5d5065b42bdee0274e394ba9042c21e1818c69cf,2017-10-08T22:21:06.000Z,0.0020111,0x2b8b52f313a29d7d90ccab3f438fbd8b3fab66e7,sell,0x08711d3b02c8758f2fb3ab4e80228418a7f8e39c,0x45a2e5dff1d1c7729f3273fab2571657f5868ca84126022acaa708042a3c573e
104,198,0.29700198,0x3dee4a4e076e8d82859d241db0baf46f112cfa23,2017-10-08T16:53:52.000Z,0.00150001,0xbfb50b318ebd18975bd60b8d21488a8595debe74,sell,0x08711d3b02c8758f2fb3ab4e80228418a7f8e39c,0x83b640b4f9d470cd370ed72fd3d57d822c160ca79624fb4724ef2c64aa73618f
105,4652,9.304,0x9242b544b0bd66b136544c6357eaea8088372619,2017-10-08T15:48:23.000Z,0.002,0xb0354be8edd26d154dcf10be3c47c88ee6150ddb,sell,0x08711d3b02c8758f2fb3ab4e80228418a7f8e39c,0xa0d1b1da1a92102aee4fea2f91e2f20f1dcd398b1cbc9de0f1a60c3b3ecc11e9
106,4652,9.304,0x9242b544b0bd66b136544c6357eaea8088372619,2017-10-08T15:47:40.000Z,0.002,0xb0354be8edd26d154dcf10be3c47c88ee6150ddb,sell,0x08711d3b02c8758f2fb3ab4e80228418a7f8e39c,0xa0d1b1da1a92102aee4fea2f91e2f20f1dcd398b1cbc9de0f1a60c3b3ecc11e9
107,348,0.696,0x9242b544b0bd66b136544c6357eaea8088372619,2017-10-08T02:12:48.000Z,0.002,0x0c34de6f627d29198d18e97b4885e06500d0b263,sell,0x08711d3b02c8758f2fb3ab4e80228418a7f8e39c,0x65dfe98ded65eff7c26958f3c6095986b5b1d1b5501c00fe6662258078c548f0
108,2,0.0040222,0x3dee4a4e076e8d82859d241db0baf46f112cfa23,2017-10-06T22:55:05.000Z,0.0020111,0xbbe8a82dc936ac8a7f188624e42a1253dbb279ec,sell,0x08711d3b02c8758f2fb3ab4e80228418a7f8e39c,0xc6eefe35105dce150459f8b47fa067272105f631f395324674ef19966d2a542f
109,18,0.0432,0xafb91e7ed633aeccd64b9ec6bad100115e6b7cfb,2017-10-06T22:53:02.000Z,0.0024,0xbbe8a82dc936ac8a7f188624e42a1253dbb279ec,sell,0x08711d3b02c8758f2fb3ab4e80228418a7f8e39c,0xa9651f36b1505eca2450e5cb7f58249a615be459d9130ff0f1c1268fc73c9d05
110,4,0.00968,0x957de35805a9b7810000546a2f14035685969ea0,2017-10-06T22:52:29.000Z,0.00242,0x2b8b52f313a29d7d90ccab3f438fbd8b3fab66e7,sell,0x08711d3b02c8758f2fb3ab4e80228418a7f8e39c,0x838d7d50eeaa6ff8227b12bd6644bbf8393de60794267eeee56d889cb4152e53
111,200,0.458,0x966ab79a65a8e07da2efca89dc3173575b362aae,2017-10-06T22:47:47.000Z,0.00229,0xbbe8a82dc936ac8a7f188624e42a1253dbb279ec,sell,0x08711d3b02c8758f2fb3ab4e80228418a7f8e39c,0x37339261531f6ca6324f3d8a3d1666202def8a4e2dd479b42c48d514cbdfc203
112,100,0.241,0xc9087108b890f9aee9c5b878c6f062a2b0c730f3,2017-10-06T17:26:21.000Z,0.00241,0xf142f26d1cac4ba8a6e6d7974d243eda2fe5f4f9,sell,0x08711d3b02c8758f2fb3ab4e80228418a7f8e39c,0xc370545c61e34cca0d1c1fd6eceed551b63d395786e3a19a5a438bee8a351238
113,996,2.41032,0x957de35805a9b7810000546a2f14035685969ea0,2017-10-06T00:48:28.000Z,0.00242,0x097501c95264ad3204159efaefdc5820783dbeae,sell,0x08711d3b02c8758f2fb3ab4e80228418a7f8e39c,0x0b8b85ebe8cf26ca0de37273d2280fddf7193ccfb080714834b66cc4074f04f2
114,7,0.0266,0xd28ab8919f3647330c581e2eb7cdd1289d0f1228,2017-10-05T10:45:06.000Z,0.0038,0x3dee4a4e076e8d82859d241db0baf46f112cfa23,buy,0x08711d3b02c8758f2fb3ab4e80228418a7f8e39c,0x2cd9a08048c2335863baae8ab504d1d44cfd72b39050dc5d697087227d8dd694
115,33,0.0860288,0x3279fd991aa42a1759bef80b1c3202ee985668d3,2017-10-04T22:36:30.000Z,0.0026069333333333332,0x3dee4a4e076e8d82859d241db0baf46f112cfa23,buy,0x08711d3b02c8758f2fb3ab4e80228418a7f8e39c,0xf4302d79bdf89e96145e4b92246d95e7a14a21a9a985ed34f085c1472ca5b679
116,1,0.004970778614000538,0xdf537fe9b791ac57c4d5e94f6b2fa8d989d7f793,2017-10-03T23:58:35.000Z,0.004970778614000538,0x3dee4a4e076e8d82859d241db0baf46f112cfa23,buy,0x08711d3b02c8758f2fb3ab4e80228418a7f8e39c,0x65764299b66d90fe201f508cdeb82785730fbf15655030f07be6eb47ad87040e
117,50,0.13,0x3279fd991aa42a1759bef80b1c3202ee985668d3,2017-10-03T23:50:47.000Z,0.0026,0x3dee4a4e076e8d82859d241db0baf46f112cfa23,buy,0x08711d3b02c8758f2fb3ab4e80228418a7f8e39c,0x5211482ef030acfaf1fa208d39eb9fd8156975a00dc5d4eeb4fab9f961b0bd12
118,1,0.0026,0xdf537fe9b791ac57c4d5e94f6b2fa8d989d7f793,2017-10-03T09:28:50.000Z,0.0026,0x3dee4a4e076e8d82859d241db0baf46f112cfa23,buy,0x08711d3b02c8758f2fb3ab4e80228418a7f8e39c,0x4330f56870bee3c4a8812e38702ddefdfc0676fa94c79918ae30a67f1b37854a
119,90,0.36,0xa667f17025cc8c010dd82c14efc694f503484d36,2017-10-02T06:34:56.000Z,0.004,0xe89a2a7a15cbaae3c58a03d79485373e216226d6,buy,0x08711d3b02c8758f2fb3ab4e80228418a7f8e39c,0x3f89184d817a45904de7c5b46df49bd274745d624e6a67711e0e0e53121f263a
120,19,0.04750019,0x328e81d251cabca451e84d0e860d45499eff60b0,2017-10-02T01:53:15.000Z,0.00250001,0x3dee4a4e076e8d82859d241db0baf46f112cfa23,sell,0x08711d3b02c8758f2fb3ab4e80228418a7f8e39c,0xfd3da5a8b6baa8be01a81c978494368e53d3a3aef5f0b17b2666f79568e387f5
121,100,0.24,0x966ab79a65a8e07da2efca89dc3173575b362aae,2017-10-02T01:22:57.000Z,0.0024,0x3dee4a4e076e8d82859d241db0baf46f112cfa23,sell,0x08711d3b02c8758f2fb3ab4e80228418a7f8e39c,0xe5f5e76d046d19a86558a378af301a61561f07fbd140114d18fdff4f01100bbc
122,31,0.07750031,0x328e81d251cabca451e84d0e860d45499eff60b0,2017-10-02T01:21:48.000Z,0.00250001,0xf142f26d1cac4ba8a6e6d7974d243eda2fe5f4f9,sell,0x08711d3b02c8758f2fb3ab4e80228418a7f8e39c,0x7f40632125ea25ee91e3ff7b8e576a4a2868283ec36529a29421e41962c15901
123,100,0.25,0x966ab79a65a8e07da2efca89dc3173575b362aae,2017-10-02T01:20:37.000Z,0.0025,0xf142f26d1cac4ba8a6e6d7974d243eda2fe5f4f9,sell,0x08711d3b02c8758f2fb3ab4e80228418a7f8e39c,0x6975a3aeed78951a536697314a35b5c6da108c04b77019090b0a51263a9765de
124,71,0.18105,0x966ab79a65a8e07da2efca89dc3173575b362aae,2017-10-02T01:20:03.000Z,0.00255,0xf142f26d1cac4ba8a6e6d7974d243eda2fe5f4f9,sell,0x08711d3b02c8758f2fb3ab4e80228418a7f8e39c,0x70c4e73c0954225f27012a9bb336250fb182dc7f10f9db2deee533d7258cc8f4
125,131,0.33405,0x966ab79a65a8e07da2efca89dc3173575b362aae,2017-10-02T01:12:55.000Z,0.00255,0xe2eabfc1e89a462bbd2ba188cd8a9591a9a0d04e,sell,0x08711d3b02c8758f2fb3ab4e80228418a7f8e39c,0xa6ccfc5067e2a6a51b79fb35182aac593c86c051701504b757c6f8e4a80a0ba1
126,100,0.26,0x966ab79a65a8e07da2efca89dc3173575b362aae,2017-10-02T01:11:50.000Z,0.0026,0xf142f26d1cac4ba8a6e6d7974d243eda2fe5f4f9,sell,0x08711d3b02c8758f2fb3ab4e80228418a7f8e39c,0xb94d4c4b6a31724b174252fdb204240f1b400f34a2e4de93b35a2d7744459905
127,100,0.27,0x6fe6415504db385afaf886e35838539606b3ef26,2017-10-02T01:11:02.000Z,0.0027,0xf142f26d1cac4ba8a6e6d7974d243eda2fe5f4f9,sell,0x08711d3b02c8758f2fb3ab4e80228418a7f8e39c,0xe6d64c26d150e705b8a4ece4822ca33f17f11166fa5b94590d7ba57310425f04
128,69,0.20355,0x966ab79a65a8e07da2efca89dc3173575b362aae,2017-10-01T05:02:14.000Z,0.00295,0x35ca1f6ccca60fff19178af476ce18caa3a4a169,sell,0x08711d3b02c8758f2fb3ab4e80228418a7f8e39c,0x13a8b450f3e13245373e41c2da68c853fd777c8acfb3a8449fdd8874bd400d12
129,150,0.6,0x6ef505f21b8a82a3de1b28878b56344a9375e0df,2017-09-30T17:41:04.000Z,0.004,0x097501c95264ad3204159efaefdc5820783dbeae,sell,0x08711d3b02c8758f2fb3ab4e80228418a7f8e39c,0x9e98775546303fdd55345028bd3447df25df63a6520a75bb2beaa0489259d390
130,29,0.08555,0x966ab79a65a8e07da2efca89dc3173575b362aae,2017-09-30T03:23:09.000Z,0.00295,0x5dd91d7cce70196ffdc2417c07056bed01478b2b,sell,0x08711d3b02c8758f2fb3ab4e80228418a7f8e39c,0xdf792cc369e6c861d26f4b1d715058be5e3d00715662867df3fed56992a8bbcd
131,17,0.051,0xe4ee139d64d86ca829828abf7b7c0c0044c4eacc,2017-09-30T03:22:54.000Z,0.003,0x5dd91d7cce70196ffdc2417c07056bed01478b2b,sell,0x08711d3b02c8758f2fb3ab4e80228418a7f8e39c,0x74d37010262ae878e207395abdc847dd31c26d9bcb3a49b64717096d260d1b3b
132,301,0.903,0xe4ee139d64d86ca829828abf7b7c0c0044c4eacc,2017-09-30T01:16:02.000Z,0.003,0xf81ab81ca1a6a19cc7b69b2c7876ff6543060598,sell,0x08711d3b02c8758f2fb3ab4e80228418a7f8e39c,0xf358ff0ef34ccd5229d53223d83273f3a357f09b3ef777e8a8af2fc7fd069ce8
133,178,0.534,0xe4ee139d64d86ca829828abf7b7c0c0044c4eacc,2017-09-30T01:11:32.000Z,0.003,0xe2eabfc1e89a462bbd2ba188cd8a9591a9a0d04e,sell,0x08711d3b02c8758f2fb3ab4e80228418a7f8e39c,0x1c97f9f40c462d20570f214e8245270ccb1b92fb285e1dca3648d1694ac81ddc
134,1,0.004,0x0249924245a19aa2d7f5ddb0739a7132b7d094ab,2017-09-29T23:02:10.000Z,0.004,0xe89a2a7a15cbaae3c58a03d79485373e216226d6,buy,0x08711d3b02c8758f2fb3ab4e80228418a7f8e39c,0xf515e00fe5c1d5b9fcd1aee02826ee65647ba65fad8f1cc44ac494d6f2bb8810
135,4,0.012,0xe4ee139d64d86ca829828abf7b7c0c0044c4eacc,2017-09-29T20:04:25.000Z,0.003,0x708015fee6ecceafe8ab05ae41fe4791b968f42a,sell,0x08711d3b02c8758f2fb3ab4e80228418a7f8e39c,0xb90843db31a01a9ebb540a886b2815d1979c76ec688f9a0fccc2c82031a7814a
136,87,0.2697,0x0224124d4ad34407b5cf329530efdc20515c97f3,2017-09-29T19:58:55.000Z,0.0031,0x708015fee6ecceafe8ab05ae41fe4791b968f42a,sell,0x08711d3b02c8758f2fb3ab4e80228418a7f8e39c,0x104f7ce8030c0cc35feadd19079271a5c286e7b983c49f0ed6e28d6543e4b225
137,121,0.4235,0x3af92ee723bd20a1710baa7e0d36d43f4c03d16a,2017-09-29T18:53:04.000Z,0.0035,0x4d98209eb16773cd4c2304936d0f5f078dff7122,sell,0x08711d3b02c8758f2fb3ab4e80228418a7f8e39c,0x836f08fcb98dbe4663dc35113581c02a8d5bbe1d96d91019adca945f7e5dfc94
138,42,0.168,0xa667f17025cc8c010dd82c14efc694f503484d36,2017-09-29T18:50:06.000Z,0.004,0x4d98209eb16773cd4c2304936d0f5f078dff7122,sell,0x08711d3b02c8758f2fb3ab4e80228418a7f8e39c,0x20dbaaeed7a1239935e64b7cb7e55bf1ddf4a0a09d24a8785e6abc7267a77905
139,879,3.0765,0x3af92ee723bd20a1710baa7e0d36d43f4c03d16a,2017-09-29T15:53:04.000Z,0.0035,0x46dc6b56513ae75026900e7fd27aaf835cd0163a,sell,0x08711d3b02c8758f2fb3ab4e80228418a7f8e39c,0xb646250b23aea25cfc4ec212b2b3a7ed8d9fcbb3ab520c40b3f30f9d34049a9e
140,37,0.1171118,0xe4ee139d64d86ca829828abf7b7c0c0044c4eacc,2017-09-29T13:36:34.000Z,0.0031651837837837838,0x4af01591a07a8e5dab5d272019cba8c1121a4671,buy,0x08711d3b02c8758f2fb3ab4e80228418a7f8e39c,0x5c7ab08716e38265f5994e1b805f318d5e61c1660ad03530b8fc903e9f1473cd
141,48,0.1488,0x0224124d4ad34407b5cf329530efdc20515c97f3,2017-09-28T22:31:27.000Z,0.0031,0xa021d614767da70616989e1b683ad20871476cfb,sell,0x08711d3b02c8758f2fb3ab4e80228418a7f8e39c,0xfb3ffa9369b3c269830a1f344f95055008b34be6c505f3470d42f2a8db0f1d59
142,590,1.829,0x0224124d4ad34407b5cf329530efdc20515c97f3,2017-09-28T17:13:06.000Z,0.0031,0xf81ab81ca1a6a19cc7b69b2c7876ff6543060598,sell,0x08711d3b02c8758f2fb3ab4e80228418a7f8e39c,0x67a74bc6e10733eeff4905240cd0beb545ff6091556490234653afd8889ae0f1
143,1,0.0032,0xa0be78d2bac6a692adba423c7af50ec86a18bddf,2017-09-28T05:36:20.000Z,0.0032,0x4af01591a07a8e5dab5d272019cba8c1121a4671,buy,0x08711d3b02c8758f2fb3ab4e80228418a7f8e39c,0x396c756ab2d4a22f8d5a9f16227c2b39d4ac3e94b7f7b0bc91a34ebafc627e64
144,100,0.32,0x966ab79a65a8e07da2efca89dc3173575b362aae,2017-09-28T04:28:49.000Z,0.0032,0x4af01591a07a8e5dab5d272019cba8c1121a4671,buy,0x08711d3b02c8758f2fb3ab4e80228418a7f8e39c,0x298b17515d847e89cdf26eb133e5347ec7066a130093d1828ad76867e1480fde
145,46,0.15,0x5dd91d7cce70196ffdc2417c07056bed01478b2b,2017-09-28T03:24:25.000Z,0.003260869565217391,0x4af01591a07a8e5dab5d272019cba8c1121a4671,buy,0x08711d3b02c8758f2fb3ab4e80228418a7f8e39c,0x0faa85a78c40df0ffa7aa9d24f5c9d94940bb90eb35b66cb453c708eaa368b87
146,250,0.750025,0x3dee4a4e076e8d82859d241db0baf46f112cfa23,2017-09-27T01:50:31.000Z,0.0030001,0x327612e7cf129a9531348a26f2b2d0fba3d04faf,sell,0x08711d3b02c8758f2fb3ab4e80228418a7f8e39c,0x3b669aad0084a7be4e83367bdd3ceb6f0c1f0206b60f27fe1af5d9c29008938b
147,30,0.108,0xf379ef555f1e7e93ed3d14095189e463df451820,2017-09-26T09:28:03.000Z,0.0036,0x2b8b52f313a29d7d90ccab3f438fbd8b3fab66e7,buy,0x08711d3b02c8758f2fb3ab4e80228418a7f8e39c,0x57ec6e219742cb6eb73f4715645191ffa195b5113f72eee38bd3cc206a9d5fce
148,501,1.7535,0x9ae28ea4d9e7c1cb3751cecd6351d3862e333cc4,2017-09-26T08:38:18.000Z,0.0035,0x74e4162038caf7212620fa50ce744f76ed5365c0,buy,0x08711d3b02c8758f2fb3ab4e80228418a7f8e39c,0x388fe96ccfc1d1cbdebb10a01fa052cd316bbb4e37a2de4f24a619dff8ab77ef
149,249,0.871499751,0x9ae28ea4d9e7c1cb3751cecd6351d3862e333cc4,2017-09-26T08:34:41.000Z,0.003499999,0xed7f4d43a68a1353004159aa48fcf79e23b5b75f,buy,0x08711d3b02c8758f2fb3ab4e80228418a7f8e39c,0x72fc596554377520625d807a9770fa50fea3db671b08d17fed2a35078cc241bb
150,1,0.003899999,0x0c3d0fc12a1ab89e3b00180bf9988762a44d69d4,2017-09-24T04:05:04.000Z,0.003899999,0xed7f4d43a68a1353004159aa48fcf79e23b5b75f,buy,0x08711d3b02c8758f2fb3ab4e80228418a7f8e39c,0xb43e7d9f97e45f8c3442c2e325ece6de8e71c87cdca8c8ac746de7c4f5676a60
151,1,0.00250011,0x3dee4a4e076e8d82859d241db0baf46f112cfa23,2017-09-24T03:22:45.000Z,0.00250011,0x0671f73668831051b71f967938d22f3584a3051d,sell,0x08711d3b02c8758f2fb3ab4e80228418a7f8e39c,0xf0fa217a650b096fa00b37285b6ea3471d11b7e0c6c2056e40c86657ed4899e2
152,2,0.00500022,0x3dee4a4e076e8d82859d241db0baf46f112cfa23,2017-09-24T03:06:10.000Z,0.00250011,0xf142f26d1cac4ba8a6e6d7974d243eda2fe5f4f9,sell,0x08711d3b02c8758f2fb3ab4e80228418a7f8e39c,0xb4d12c58e1427daeb528d5e2456642ed27e0ed6233b0fd2b816dddc1e7cb32c6
153,250,0.82000025,0xed7f4d43a68a1353004159aa48fcf79e23b5b75f,2017-09-24T02:54:18.000Z,0.003280001,0xf142f26d1cac4ba8a6e6d7974d243eda2fe5f4f9,sell,0x08711d3b02c8758f2fb3ab4e80228418a7f8e39c,0x8a29b0afc9a4acafa886334dc1fcd8eb0c9bab08caa57d5a88b61f41c2e581f6
154,91,0.30045652,0x4af01591a07a8e5dab5d272019cba8c1121a4671,2017-09-24T02:53:57.000Z,0.00330172,0xf142f26d1cac4ba8a6e6d7974d243eda2fe5f4f9,sell,0x08711d3b02c8758f2fb3ab4e80228418a7f8e39c,0xff959cebb36666b7870b04206a8367e2383631082d282ffcde59bb37dd68589d
155,94,0.30832,0x4af01591a07a8e5dab5d272019cba8c1121a4671,2017-09-23T16:33:08.000Z,0.00328,0xe2eabfc1e89a462bbd2ba188cd8a9591a9a0d04e,sell,0x08711d3b02c8758f2fb3ab4e80228418a7f8e39c,0x32dd8ebf0d513676ebebafdabea97c77b63d3dfca406efc71f168ffc626f45b4
156,1,0.0041,0x18bc639218a3abdf0772a49c3c4ea2ee9148ddc4,2017-09-23T09:41:48.000Z,0.0041,0x724c1f05ba6e5f7b767dba589bd376756e401f4a,buy,0x08711d3b02c8758f2fb3ab4e80228418a7f8e39c,0x6bfc4cec3fdca491ca5bc3e206ba80ca00686c254e6b635eecf02f77f07fd3e7
157,8,0.034898792111516405,0x708015fee6ecceafe8ab05ae41fe4791b968f42a,2017-09-23T03:46:32.000Z,0.004362349013939551,0xfe1b80ecc5704b9f7c059af0d3d52f4a25bd4b40,buy,0x08711d3b02c8758f2fb3ab4e80228418a7f8e39c,0xe5e1ed5dcca92e4535aad7eb01f3cb3280d32ff47f0e8955b67779727dd752bf
158,800,2.399992,0x0f622839ec5d9ea4a818bcf88785c46310889917,2017-09-21T18:31:53.000Z,0.00299999,0x3dee4a4e076e8d82859d241db0baf46f112cfa23,buy,0x08711d3b02c8758f2fb3ab4e80228418a7f8e39c,0x0cda874b56e6a63f1162d5e31da7440ff78949f01cc31d6221f2b55649e72420
159,73,0.218999197,0x0f622839ec5d9ea4a818bcf88785c46310889917,2017-09-21T18:17:02.000Z,0.002999989,0xed7f4d43a68a1353004159aa48fcf79e23b5b75f,buy,0x08711d3b02c8758f2fb3ab4e80228418a7f8e39c,0x925470c04557481d30869a8d4ab51735140157054080bae71c66492c770bd616
160,1,0.002999989,0xe72cb9f5b712fb94bd1b8b9589c2bf80efdbae34,2017-09-21T12:28:57.000Z,0.002999989,0xed7f4d43a68a1353004159aa48fcf79e23b5b75f,buy,0x08711d3b02c8758f2fb3ab4e80228418a7f8e39c,0x44f69d71e88d1a167aa59c037a1a8c156a573e927bd25524814f81d9036861f0
161,49,0.1323,0xa021d614767da70616989e1b683ad20871476cfb,2017-09-21T00:50:26.000Z,0.0027,0x097501c95264ad3204159efaefdc5820783dbeae,sell,0x08711d3b02c8758f2fb3ab4e80228418a7f8e39c,0x3dcfca2ae2b15620c46ba095760728c618d8570d454352ae24f600f4963786c0
162,50,0.15,0xc7a1f1a29484246e00c30f4a7a53116d41db589d,2017-09-21T00:44:06.000Z,0.003,0x097501c95264ad3204159efaefdc5820783dbeae,sell,0x08711d3b02c8758f2fb3ab4e80228418a7f8e39c,0x68f677d844ec2829c8a7000a9fc3c8e84b7778ecaa73b06c969a3f398903df26
163,284,0.852,0x3dee4a4e076e8d82859d241db0baf46f112cfa23,2017-09-21T00:44:03.000Z,0.003,0x097501c95264ad3204159efaefdc5820783dbeae,sell,0x08711d3b02c8758f2fb3ab4e80228418a7f8e39c,0x897d8bcc8915945c38af163e934267613cd6540b20619d4a70a78e5f99b31835
164,451,1.353,0x3dee4a4e076e8d82859d241db0baf46f112cfa23,2017-09-20T23:27:01.000Z,0.003,0xbbe8a82dc936ac8a7f188624e42a1253dbb279ec,sell,0x08711d3b02c8758f2fb3ab4e80228418a7f8e39c,0xcdbdefcf20004864003a260d485d9a2681bd265ff1555e3493341fcc5a2c3ea9
165,65,0.195,0x3dee4a4e076e8d82859d241db0baf46f112cfa23,2017-09-20T21:20:05.000Z,0.003,0xcbe2dd256fd1c8d3ea867ab096a89c086c8d5979,sell,0x08711d3b02c8758f2fb3ab4e80228418a7f8e39c,0x7d02bc43f3832f6425a9226c20ae5493583016b478bb6f0deaae94467b9995cb
166,25,0.075000025,0xed7f4d43a68a1353004159aa48fcf79e23b5b75f,2017-09-20T21:17:59.000Z,0.003000001,0xcbe2dd256fd1c8d3ea867ab096a89c086c8d5979,sell,0x08711d3b02c8758f2fb3ab4e80228418a7f8e39c,0x01f8d25a34ffd4492598848e1798db2cfbd83bf1204b76b5dda22c4df9539929
167,53,0.2200019,0x87eb8e079ded802c2ee2b34af5641884ae5aec05,2017-09-20T02:21:16.000Z,0.004150979245283019,0x724c1f05ba6e5f7b767dba589bd376756e401f4a,buy,0x08711d3b02c8758f2fb3ab4e80228418a7f8e39c,0xa2b767832ac7212ae1e0c610028fd016d5ce980a1da14b1d718d93df5b378888
168,280,0.7000028,0x3dee4a4e076e8d82859d241db0baf46f112cfa23,2017-09-20T01:45:02.000Z,0.00250001,0x215c1d2c336006013cb95f59f73f61837f5fb61b,sell,0x08711d3b02c8758f2fb3ab4e80228418a7f8e39c,0x7911dd8e227f65d5eca2196d6a714c7555b69ed424175b6a2fc0d8f607f31dd5
169,18,0.0486,0xbe7c82e758e416796e3fa6295651b0f5fcf804c1,2017-09-20T01:43:40.000Z,0.0027,0x215c1d2c336006013cb95f59f73f61837f5fb61b,sell,0x08711d3b02c8758f2fb3ab4e80228418a7f8e39c,0xb338c2812ad3ab8e30b80e29d96a8cc5ac9bf7a6bdc3d65cc685bf3c5e4fcccd
170,2,0.0062,0xb19adca5a2f9b56b1bc211c34088582701c210d0,2017-09-20T01:41:17.000Z,0.0031,0x215c1d2c336006013cb95f59f73f61837f5fb61b,sell,0x08711d3b02c8758f2fb3ab4e80228418a7f8e39c,0xd31d86de02c44a6e124f1d85362f79314365800918e591c270af733b7391530c
171,199,0.5373,0xbe7c82e758e416796e3fa6295651b0f5fcf804c1,2017-09-20T01:02:10.000Z,0.0027,0x215c1d2c336006013cb95f59f73f61837f5fb61b,sell,0x08711d3b02c8758f2fb3ab4e80228418a7f8e39c,0x42843bbb54bbae0b3ccc3ca9ffc1023cbca1c6a3795047bcde0b3bbc23be677f
172,18,0.0486,0xbe7c82e758e416796e3fa6295651b0f5fcf804c1,2017-09-20T00:30:05.000Z,0.0027,0x215c1d2c336006013cb95f59f73f61837f5fb61b,sell,0x08711d3b02c8758f2fb3ab4e80228418a7f8e39c,0x3a4edcb7aac31676d221440b5331bb7263dba42b4b187b23e9a1dbabf93b60da
173,63,0.1953,0x48eaedfa6ab55f414a433f0778f55ed9b827e822,2017-09-19T23:41:54.000Z,0.0031,0xf142f26d1cac4ba8a6e6d7974d243eda2fe5f4f9,sell,0x08711d3b02c8758f2fb3ab4e80228418a7f8e39c,0x9778c276a2f2b8ac87e1f8bdc52e26619b84d952de6d87df8d1439e5b267c77f
174,49,0.162243949,0xed7f4d43a68a1353004159aa48fcf79e23b5b75f,2017-09-19T23:35:04.000Z,0.003311101,0xf142f26d1cac4ba8a6e6d7974d243eda2fe5f4f9,sell,0x08711d3b02c8758f2fb3ab4e80228418a7f8e39c,0x20519c38766fe57f020453c152167386a8b6a00de887b3959a55867058ba2e3e
175,17,0.06978367062107467,0x708015fee6ecceafe8ab05ae41fe4791b968f42a,2017-09-19T19:09:59.000Z,0.004104921801239687,0x724c1f05ba6e5f7b767dba589bd376756e401f4a,buy,0x08711d3b02c8758f2fb3ab4e80228418a7f8e39c,0x91978e2ddc7b239af0e72d70ea38bc1814a88927ca918687fa6dd7e1a439398f
176,152,0.47272,0x50914aaa4aa1ff260dc1860952abc8a3c790a829,2017-09-19T16:16:53.000Z,0.00311,0xf81ab81ca1a6a19cc7b69b2c7876ff6543060598,sell,0x08711d3b02c8758f2fb3ab4e80228418a7f8e39c,0xdd5cab32e47c00febeb9edee01c63c0bbbf94b4eba4d02c8d48b7d8724fc85ee
177,53,0.1754883,0xcbe2dd256fd1c8d3ea867ab096a89c086c8d5979,2017-09-19T16:14:48.000Z,0.0033111,0xf81ab81ca1a6a19cc7b69b2c7876ff6543060598,sell,0x08711d3b02c8758f2fb3ab4e80228418a7f8e39c,0xe8ddc754c8c9ef767ed74df638283d55db5dacf1bdae8a9cbf575324bbf5bc7b
178,246,0.7626246,0x246f1e76fc8bd7556c7f71091f67bebb76ad714c,2017-09-19T04:15:35.000Z,0.0031001,0x665f3fb06afb92a00d9076110f2a4c09905481b9,sell,0x08711d3b02c8758f2fb3ab4e80228418a7f8e39c,0xd2c26dd96cd217f91f9e4f35bda5d7439e439bffff489776d52becd7b92013a4
179,80,0.248016,0xe41b5e6d7328eb3a519efe0ed8d63c8d1e63acf5,2017-09-19T04:13:00.000Z,0.0031002,0x665f3fb06afb92a00d9076110f2a4c09905481b9,sell,0x08711d3b02c8758f2fb3ab4e80228418a7f8e39c,0x1ce40ffa56b953d4986e71bd4c7ef9d05fcb6bc20a7ee7985c745377a76de739
180,20,0.0622,0x2a0851f39f676bf0a008194575140c9ed058f921,2017-09-19T04:12:25.000Z,0.00311,0x665f3fb06afb92a00d9076110f2a4c09905481b9,sell,0x08711d3b02c8758f2fb3ab4e80228418a7f8e39c,0x40430580ef59716e5840d810d8a13e4bbb930dea7d06f5420418d540f297ae08
181,8,0.02488,0x2a0851f39f676bf0a008194575140c9ed058f921,2017-09-19T04:09:35.000Z,0.00311,0x665f3fb06afb92a00d9076110f2a4c09905481b9,sell,0x08711d3b02c8758f2fb3ab4e80228418a7f8e39c,0x9d5c45ecb7102522d8e440cd046dd21bf1ca0e7c32da3b4c50a85d3515000be5
182,4,0.01244,0x2a0851f39f676bf0a008194575140c9ed058f921,2017-09-19T02:42:27.000Z,0.00311,0x44a397e02ac6a16dec85be956a314edbb519803f,sell,0x08711d3b02c8758f2fb3ab4e80228418a7f8e39c,0xefd29c3d007be88b4fc13249720a44ac4b1b42e5c6959fa0a6e29f0c4948eeff
183,1,0.0035,0xb19adca5a2f9b56b1bc211c34088582701c210d0,2017-09-19T02:36:56.000Z,0.0035,0x44a397e02ac6a16dec85be956a314edbb519803f,sell,0x08711d3b02c8758f2fb3ab4e80228418a7f8e39c,0xcbba745c683bfab1eb2344a4d93455d9ece06c669838dff106624410d872ed8d
184,2,0.010181477571241151,0xcdaa02719ede8291e0c0588e343377b0406d5a71,2017-09-18T23:59:40.000Z,0.005090738785620576,0x724c1f05ba6e5f7b767dba589bd376756e401f4a,buy,0x08711d3b02c8758f2fb3ab4e80228418a7f8e39c,0x7b969009c01d9968cabc5bba50accb079635cb0539dcb34770fce9da2965b9c0
185,38,0.159859,0xcbe2dd256fd1c8d3ea867ab096a89c086c8d5979,2017-09-18T23:11:55.000Z,0.004206815789473684,0x724c1f05ba6e5f7b767dba589bd376756e401f4a,buy,0x08711d3b02c8758f2fb3ab4e80228418a7f8e39c,0xb4365ea8de74e0d509d3e40eb92882c89c6f030f51326d395ea65371b89e401f
186,2,0.0082,0x35ca1f6ccca60fff19178af476ce18caa3a4a169,2017-09-18T20:46:09.000Z,0.0041,0x724c1f05ba6e5f7b767dba589bd376756e401f4a,buy,0x08711d3b02c8758f2fb3ab4e80228418a7f8e39c,0x39f9c299dc4869db926041c5668edf25ee7cd5937a166a86a58641a3cf1e0363
187,91,0.2821091,0x246f1e76fc8bd7556c7f71091f67bebb76ad714c,2017-09-18T17:06:52.000Z,0.0031001,0xa637b0251685f11eeff3cbf581b2d785766d8fb7,sell,0x08711d3b02c8758f2fb3ab4e80228418a7f8e39c,0x29c8615bfadd4944d7bc38454c17d2a8fb8e006e932ef0f8ec367bdcdcc1bebf
188,129,0.3999129,0x246f1e76fc8bd7556c7f71091f67bebb76ad714c,2017-09-18T16:45:37.000Z,0.0031001,0x142e562c31941d170bac90debb01149b0944d336,sell,0x08711d3b02c8758f2fb3ab4e80228418a7f8e39c,0x38e9b7393b7c514ebc3f746b026fbb517af233dca9d9b5853d96ec42a1309259
189,1,0.004,0xb19adca5a2f9b56b1bc211c34088582701c210d0,2017-09-18T15:23:41.000Z,0.004,0xb3b03c21d62dd58105ba7ad588b1d47ae697aaec,sell,0x08711d3b02c8758f2fb3ab4e80228418a7f8e39c,0x55a8e9fb20b22610721dc25852edfaac0438d78fbaf21bf40f11d53a60258608
190,1,0.0045,0xb19adca5a2f9b56b1bc211c34088582701c210d0,2017-09-18T15:23:12.000Z,0.0045,0xb3b03c21d62dd58105ba7ad588b1d47ae697aaec,sell,0x08711d3b02c8758f2fb3ab4e80228418a7f8e39c,0x8a3e3e3026048492c18def0757d372ffa3f95a86036eb40afe539d0524a917bb
191,339,1.254300339,0x3dee4a4e076e8d82859d241db0baf46f112cfa23,2017-09-18T15:13:45.000Z,0.003700001,0x1a6b3ff9c17ba22980281cf2a5fa829b994bbd20,sell,0x08711d3b02c8758f2fb3ab4e80228418a7f8e39c,0x1e30cec937270b0e84aaef21a85fc8c343bd03b42b09739523ab6c35b284e76f
192,241,0.891700241,0x3dee4a4e076e8d82859d241db0baf46f112cfa23,2017-09-18T14:27:23.000Z,0.003700001,0xe89a2a7a15cbaae3c58a03d79485373e216226d6,sell,0x08711d3b02c8758f2fb3ab4e80228418a7f8e39c,0x395eb5d2a8da3cfde93cbc92ff6a23782444ac649578524aa50493044beba679
193,175,0.64750035,0xde0b52b339079efc4648c61433fe6d4e2e5c7f28,2017-09-18T14:26:17.000Z,0.003700002,0xe89a2a7a15cbaae3c58a03d79485373e216226d6,sell,0x08711d3b02c8758f2fb3ab4e80228418a7f8e39c,0xb111f586703a09e9694569d98633d867617279341f809daf753d709003f3e41a
194,5,0.025,0x6f9fcac7ac5e87ec747d47e81a42e8ca6b73e95a,2017-09-18T14:02:30.000Z,0.005,0xe89a2a7a15cbaae3c58a03d79485373e216226d6,sell,0x08711d3b02c8758f2fb3ab4e80228418a7f8e39c,0x5ad4efb9dcbe15c9e5a758c473c6aee85cf7f49ad850f2bf726d4f6abe5a37eb
195,108,0.59814574818064,0xfcb4525118ff353145f923e2ad368cb0cd23ba30,2017-09-18T11:40:09.000Z,0.005538386557228148,0x3dee4a4e076e8d82859d241db0baf46f112cfa23,buy,0x08711d3b02c8758f2fb3ab4e80228418a7f8e39c,0x1d5564f906d24de5dcf483d6bb17043cfd266fb7e20c46506a026e3878d346c1
196,159,0.7473,0x063a45b94fb03feac08266095c7009ced55d8950,2017-09-18T06:19:30.000Z,0.0047,0xe89a2a7a15cbaae3c58a03d79485373e216226d6,sell,0x08711d3b02c8758f2fb3ab4e80228418a7f8e39c,0x41c96d62058afdccf62b752907040dd9f53c9f979a0342dbfe8ed080137bf2ad
197,244,1.1468,0x3dee4a4e076e8d82859d241db0baf46f112cfa23,2017-09-18T06:03:13.000Z,0.0047,0xbbe8a82dc936ac8a7f188624e42a1253dbb279ec,sell,0x08711d3b02c8758f2fb3ab4e80228418a7f8e39c,0xf07c6960a2716e9bdf76c31c6db6eafec7dbdd431817ae83ba0e397d770ff579
198,130,0.7186572643899174,0x142e562c31941d170bac90debb01149b0944d336,2017-09-18T01:23:07.000Z,0.005528132802999365,0xe89a2a7a15cbaae3c58a03d79485373e216226d6,buy,0x08711d3b02c8758f2fb3ab4e80228418a7f8e39c,0xdb64e78d5a16f2bfb38db6e16e31553725e58463399d6b0dbc53234ff56aad28
199,1,0.0068,0x327612e7cf129a9531348a26f2b2d0fba3d04faf,2017-09-18T01:19:02.000Z,0.0068,0x15636434fa8779ca1895fd3e3bba90139d36a735,buy,0x08711d3b02c8758f2fb3ab4e80228418a7f8e39c,0x4baf00ffff54ece5647dbde0cef2f0416074a110b86a95a05a6718606e9c1b63
200,84,0.714,0x327612e7cf129a9531348a26f2b2d0fba3d04faf,2017-09-18T01:17:56.000Z,0.0085,0x142e562c31941d170bac90debb01149b0944d336,buy,0x08711d3b02c8758f2fb3ab4e80228418a7f8e39c,0xd1268db48f5e6e8ecbabe80ea32c0c724e6e6196e8f18618cd608612d960afa0
201,138,0.7452,0x327612e7cf129a9531348a26f2b2d0fba3d04faf,2017-09-18T01:15:16.000Z,0.0054,0x74e4162038caf7212620fa50ce744f76ed5365c0,buy,0x08711d3b02c8758f2fb3ab4e80228418a7f8e39c,0xfe6deac65e0b0225de4c3d2285a181322f830947ae634999146e77bc766aadcd
202,92,0.4968,0xa637b0251685f11eeff3cbf581b2d785766d8fb7,2017-09-17T21:39:02.000Z,0.0054,0x74e4162038caf7212620fa50ce744f76ed5365c0,buy,0x08711d3b02c8758f2fb3ab4e80228418a7f8e39c,0x44cad87e559fdfb29b5166c97a6eaa04e64d841302c1976bc0f9392f90230f08
203,270,1.458,0xd3fb6a78ce533236128686b0449ad6935cf24960,2017-09-17T19:07:54.000Z,0.0054,0x74e4162038caf7212620fa50ce744f76ed5365c0,buy,0x08711d3b02c8758f2fb3ab4e80228418a7f8e39c,0x8c497afcd592e8a650bbd3f11acd37bf06b64d1357e3283bc6fa1db2aa423e1b
204,3,0.0141,0x3dee4a4e076e8d82859d241db0baf46f112cfa23,2017-09-17T15:05:11.000Z,0.0047,0xd3fb6a78ce533236128686b0449ad6935cf24960,sell,0x08711d3b02c8758f2fb3ab4e80228418a7f8e39c,0xd5bdfd8e995eb4770eb274fbecba40c704c84179679532281f2b8e557e721894
205,255,1.20133305,0x0671f73668831051b71f967938d22f3584a3051d,2017-09-17T15:03:29.000Z,0.00471111,0xd3fb6a78ce533236128686b0449ad6935cf24960,sell,0x08711d3b02c8758f2fb3ab4e80228418a7f8e39c,0x5082fb34e871074e6cb08052650542fc5f11aa617f0630b46985d83cc529dd0d
206,33,0.396,0x327612e7cf129a9531348a26f2b2d0fba3d04faf,2017-09-17T13:17:11.000Z,0.012,0xeb16af0ebed6da3054403b2db9e3c67685bec54c,buy,0x08711d3b02c8758f2fb3ab4e80228418a7f8e39c,0x85eebbe9b78d867ec36661cca4b0902574b99f25528adb384bcd1cd093430edb
207,201,1.20599799,0x327612e7cf129a9531348a26f2b2d0fba3d04faf,2017-09-17T13:15:48.000Z,0.00599999,0x0671f73668831051b71f967938d22f3584a3051d,buy,0x08711d3b02c8758f2fb3ab4e80228418a7f8e39c,0x1e2e1e75888a78fb81f1402ecd69591ba78b3a383ec0714efe65acda97e86819
208,1,0.0062,0x535ce53f3c702894b47c714413a87f0b757fa8ba,2017-09-17T06:02:38.000Z,0.0062,0xe89a2a7a15cbaae3c58a03d79485373e216226d6,sell,0x08711d3b02c8758f2fb3ab4e80228418a7f8e39c,0x68132e991f4af5e9eb41dda2e508de4ec196994473eebc6a3b8937a6c5c896bb
209,38,0.2128,0xcd7570ef9d8366bcc519ce8a62ba671f643de231,2017-09-17T05:56:53.000Z,0.0056,0xe89a2a7a15cbaae3c58a03d79485373e216226d6,sell,0x08711d3b02c8758f2fb3ab4e80228418a7f8e39c,0x7819652639aaa1e7e89ee396f244824b22872a126c8116ac82a5353e559ee9d6
210,5,0.034578236,0x6102838158f6c1ea06d6965d6e3ed4e38dd459f1,2017-09-17T03:08:23.000Z,0.0069156472,0x15636434fa8779ca1895fd3e3bba90139d36a735,buy,0x08711d3b02c8758f2fb3ab4e80228418a7f8e39c,0x9a3d6a2b6171613ec20bf1793bf529e3836ec938193b20428f792b8ca6569466
211,154,0.927125909679992,0x220b1528aa788520a939d6be84fdb1ac854ab894,2017-09-17T00:29:03.000Z,0.006020298114805143,0xe89a2a7a15cbaae3c58a03d79485373e216226d6,buy,0x08711d3b02c8758f2fb3ab4e80228418a7f8e39c,0x0d33c0b0234a26208bd99cf1b94082a018ab340ee742267b151fb060a5cb2934
212,33,0.19938191606021333,0xeb16af0ebed6da3054403b2db9e3c67685bec54c,2017-09-17T00:16:02.000Z,0.006041876244248889,0x15636434fa8779ca1895fd3e3bba90139d36a735,buy,0x08711d3b02c8758f2fb3ab4e80228418a7f8e39c,0xf7fb6a299c985a66bc00e0ec22c5d46955c866187b79c421518bedcde26fff06
213,42,0.25158,0x063a45b94fb03feac08266095c7009ced55d8950,2017-09-17T00:00:18.000Z,0.00599,0x4709568b8cfc7f0fb58759202acc368c75299ea1,buy,0x08711d3b02c8758f2fb3ab4e80228418a7f8e39c,0x17cfb4ce415cfa132d619b278b875c6097e4f6c40be85228928b1477f3dbfe55
214,38,0.2356,0x535ce53f3c702894b47c714413a87f0b757fa8ba,2017-09-16T21:45:24.000Z,0.0062,0x7aa6e2506316f6d613277d4f2f4e4e1dc55e528e,sell,0x08711d3b02c8758f2fb3ab4e80228418a7f8e39c,0x27db7eea5ce658d371a5dfd2808d9fddfa3ca5a729c07da6e2854e6219e8b801
215,39,0.234,0x7aa6e2506316f6d613277d4f2f4e4e1dc55e528e,2017-09-16T21:45:24.000Z,0.006,0xe89a2a7a15cbaae3c58a03d79485373e216226d6,buy,0x08711d3b02c8758f2fb3ab4e80228418a7f8e39c,0x27db7eea5ce658d371a5dfd2808d9fddfa3ca5a729c07da6e2854e6219e8b801
216,39,0.234,0x15636434fa8779ca1895fd3e3bba90139d36a735,2017-09-16T21:43:26.000Z,0.006,0xe89a2a7a15cbaae3c58a03d79485373e216226d6,buy,0x08711d3b02c8758f2fb3ab4e80228418a7f8e39c,0x2d72e9db2b63ca237a45271224ef08f0c6217daf350576449c6e16c71734fb72
217,200,1.2,0x3bb601f5b35ddd49157ac79d9aaab4aa2c2aa298,2017-09-16T21:41:10.000Z,0.006,0xe89a2a7a15cbaae3c58a03d79485373e216226d6,buy,0x08711d3b02c8758f2fb3ab4e80228418a7f8e39c,0xf4cc79e9bf6857bb8647f12d1b235876e70bf399c8be28fdaf00c9997dcaa5e2
218,29,0.1794450736353333,0xc3c7be15489695d6d4a7e482a032c208dd5386d9,2017-09-16T21:09:41.000Z,0.006187761159839079,0xe89a2a7a15cbaae3c58a03d79485373e216226d6,buy,0x08711d3b02c8758f2fb3ab4e80228418a7f8e39c,0xeda603409ce2e42a23bcef3f5c364ef7fd1e778e7a98322de6d96135f9e1001a
219,84,0.508423885953544,0x142e562c31941d170bac90debb01149b0944d336,2017-09-16T20:18:58.000Z,0.006052665308970762,0xe89a2a7a15cbaae3c58a03d79485373e216226d6,buy,0x08711d3b02c8758f2fb3ab4e80228418a7f8e39c,0x01555810490851ab6d9d7bd2d8ea9632c01352dc0fc141fa9b6abeb3f0d37b16
220,166,1.000002,0x312142446dd3a5153c9e2d79f8f186fe03466ca4,2017-09-16T18:59:50.000Z,0.00602410843373494,0xe89a2a7a15cbaae3c58a03d79485373e216226d6,buy,0x08711d3b02c8758f2fb3ab4e80228418a7f8e39c,0x83149862a4dcf5eb1bc3426c6c79734b450ba7bbbf2cc772d69fd10ed7b34d72
221,150,0.75,0xf142f26d1cac4ba8a6e6d7974d243eda2fe5f4f9,2017-09-16T17:48:19.000Z,0.005,0x9242b544b0bd66b136544c6357eaea8088372619,buy,0x08711d3b02c8758f2fb3ab4e80228418a7f8e39c,0xca95f2c12dd44f6ba6bede0e71805e57d78fd1e7edb7910d6c131c3a89fc2173
222,850,4.25,0xf142f26d1cac4ba8a6e6d7974d243eda2fe5f4f9,2017-09-16T17:41:58.000Z,0.005,0x9242b544b0bd66b136544c6357eaea8088372619,buy,0x08711d3b02c8758f2fb3ab4e80228418a7f8e39c,0x6fce25d70d21549d8634671551b4e80a54dff36878728d1ff81dcf37707473c7
223,2000,10,0xf142f26d1cac4ba8a6e6d7974d243eda2fe5f4f9,2017-09-16T17:39:58.000Z,0.005,0x9242b544b0bd66b136544c6357eaea8088372619,buy,0x08711d3b02c8758f2fb3ab4e80228418a7f8e39c,0xafeac90bf495f599f92b852407b7a31eb9d6ad5125cacec9dcde192dcf8f7359
224,2000,10,0xf142f26d1cac4ba8a6e6d7974d243eda2fe5f4f9,2017-09-16T17:33:11.000Z,0.005,0x9242b544b0bd66b136544c6357eaea8088372619,buy,0x08711d3b02c8758f2fb3ab4e80228418a7f8e39c,0x805853e362d2a970e062269865cc6a09ef435ad50ad5225c1300be51185f7319
225,402,2.01,0xf142f26d1cac4ba8a6e6d7974d243eda2fe5f4f9,2017-09-16T17:27:44.000Z,0.005,0x246f1e76fc8bd7556c7f71091f67bebb76ad714c,buy,0x08711d3b02c8758f2fb3ab4e80228418a7f8e39c,0x7fe42a1887066fe62fbaea9cdaf098f2d2a2e01840792c1155b070e388176360
226,99,0.49845479015053334,0x799cf3bc1b8ec10e6c9c3ed0ac17fae3356e8604,2017-09-16T17:07:22.000Z,0.0050348968702074075,0x246f1e76fc8bd7556c7f71091f67bebb76ad714c,buy,0x08711d3b02c8758f2fb3ab4e80228418a7f8e39c,0x8bc82013eef7e26de7d133ceba34e91fa65a57190c80b51f2a83345a9e8429ea
227,10,0.0479999,0xe89a2a7a15cbaae3c58a03d79485373e216226d6,2017-09-16T16:57:31.000Z,0.00479999,0xf732b16f5aee6cd2db5b30a7a3860764a48b19ff,buy,0x08711d3b02c8758f2fb3ab4e80228418a7f8e39c,0xd5f4844566418d1b2669ac646daa0452a3de19ca3d7c170f6f128db18b8e1311
228,1,0.0037,0x42af36b3080ed6b470fc0cd2649cdeb86f9c1c9a,2017-09-16T15:58:38.000Z,0.0037,0xb3b03c21d62dd58105ba7ad588b1d47ae697aaec,buy,0x08711d3b02c8758f2fb3ab4e80228418a7f8e39c,0xeb693f07a4f90dc560c729f3b1fadf69131dfb189892fba31c14e0e3b945d45b
229,1000,4.8,0x19fff3b449a3a58a48c7f1d838761f5721401d26,2017-09-16T15:31:13.000Z,0.0048,0x74e4162038caf7212620fa50ce744f76ed5365c0,buy,0x08711d3b02c8758f2fb3ab4e80228418a7f8e39c,0x4d5c942a9d711a7316ac8e29e457db6ec27c01ffadabc2b685a7af95007ff875
230,24,0.47386,0x327612e7cf129a9531348a26f2b2d0fba3d04faf,2017-09-16T02:38:36.000Z,0.019744166666666667,0x48eaedfa6ab55f414a433f0778f55ed9b827e822,buy,0x08711d3b02c8758f2fb3ab4e80228418a7f8e39c,0x3e5977aaff972085a77684ddc94695f7c3c52a16e789d3fe81a2c441e3530cd1
231,300,2.7,0x327612e7cf129a9531348a26f2b2d0fba3d04faf,2017-09-16T02:38:19.000Z,0.009,0x246f1e76fc8bd7556c7f71091f67bebb76ad714c,buy,0x08711d3b02c8758f2fb3ab4e80228418a7f8e39c,0xe843147830e9b614befb3ecd3a00d410c36656fb113dbffd76bb8244788da7bf
232,24,0.4571362545934277,0x327612e7cf129a9531348a26f2b2d0fba3d04faf,2017-09-16T02:12:43.000Z,0.019047343941392823,0x48eaedfa6ab55f414a433f0778f55ed9b827e822,buy,0x08711d3b02c8758f2fb3ab4e80228418a7f8e39c,0xe6dca17d7273a1881df8d57622f80cc01a0a7ea4c6074f479ed86b6afd97f99d
233,20,0.1,0xaab7f9f487a8a5c7ae9ac890a329ccb66407d158,2017-09-15T22:06:09.000Z,0.005,0x246f1e76fc8bd7556c7f71091f67bebb76ad714c,buy,0x08711d3b02c8758f2fb3ab4e80228418a7f8e39c,0xcb08b8c93baf0c6c4fa656a230931f428b11b4e5a2ca4c5dcf7aed9a14486358
234,798,3.192,0xf142f26d1cac4ba8a6e6d7974d243eda2fe5f4f9,2017-09-15T03:34:04.000Z,0.004,0xcc89ac7b3a681dcee5395436b80f98fa713e5bba,buy,0x08711d3b02c8758f2fb3ab4e80228418a7f8e39c,0xb975a72eadaf96de5efecbbf889811bf9a8987fc30c750b8cade032d8c9e0322
235,2,0.008,0x0024a5046fd95c5eee6db19a69ef7ed3bacd50f1,2017-09-14T15:00:00.000Z,0.004,0xcc89ac7b3a681dcee5395436b80f98fa713e5bba,buy,0x08711d3b02c8758f2fb3ab4e80228418a7f8e39c,0x5ba4f8760da22e30a6ef3855693c51b05761249e49d2b1014350c1f3301d59e4
236,33,0.165,0x13ef8ae8cdacdaa67aea93e88ca757906ef2b82b,2017-09-14T11:40:39.000Z,0.005,0x246f1e76fc8bd7556c7f71091f67bebb76ad714c,buy,0x08711d3b02c8758f2fb3ab4e80228418a7f8e39c,0xa289cc477ee145655606ec2a8a422459f2dd85e2d01a3bea7e39e8e5c12fbc58
237,1000,3.4,0xe89a2a7a15cbaae3c58a03d79485373e216226d6,2017-09-14T10:08:33.000Z,0.0034,0xcc89ac7b3a681dcee5395436b80f98fa713e5bba,buy,0x08711d3b02c8758f2fb3ab4e80228418a7f8e39c,0x30a2cda3a825936c5c7539e3283fc06fb8d7bfe7dfcbe0e4e4c667bfa9803c6a
238,1000,3.4,0xe89a2a7a15cbaae3c58a03d79485373e216226d6,2017-09-14T10:08:26.000Z,0.0034,0xcc89ac7b3a681dcee5395436b80f98fa713e5bba,buy,0x08711d3b02c8758f2fb3ab4e80228418a7f8e39c,0xaeb2d369f276fb174c957b81f1d723d88b7d7d58b53a71f5bf5fc671baa032a5
239,1000,3.3,0xe89a2a7a15cbaae3c58a03d79485373e216226d6,2017-09-14T10:08:11.000Z,0.0033,0xcc89ac7b3a681dcee5395436b80f98fa713e5bba,buy,0x08711d3b02c8758f2fb3ab4e80228418a7f8e39c,0x4b95b3a576ae4c3790b7cf2af93eefbfce41bc90f0ce64a2cdefac2b1dcf190f
240,999,3.2967,0xe89a2a7a15cbaae3c58a03d79485373e216226d6,2017-09-14T10:08:11.000Z,0.0033,0xcc89ac7b3a681dcee5395436b80f98fa713e5bba,buy,0x08711d3b02c8758f2fb3ab4e80228418a7f8e39c,0xb8811d7815da9dac7ee818dda01a07a1acd583b9d5abd91a81e9e5e54b2248c6
241,1000,3.3,0xe89a2a7a15cbaae3c58a03d79485373e216226d6,2017-09-14T10:08:11.000Z,0.0033,0xcc89ac7b3a681dcee5395436b80f98fa713e5bba,buy,0x08711d3b02c8758f2fb3ab4e80228418a7f8e39c,0x332f82e90e03d5053272aca09043db75b35f13f8a99c7529bc96dc385517e0db
242,1452,4.79475752867948,0xe89a2a7a15cbaae3c58a03d79485373e216226d6,2017-09-14T10:08:01.000Z,0.003302174606528568,0x9242b544b0bd66b136544c6357eaea8088372619,buy,0x08711d3b02c8758f2fb3ab4e80228418a7f8e39c,0xd242983034b44dabf5fa94bc4b5d7d3d45271d74ab9a6a0521828133e3df1b94
243,1864,6.151796720167481,0x843fcd65ad0adfa3831db046531da9d8a5a53e98,2017-09-14T09:55:48.000Z,0.003300320128845215,0x9242b544b0bd66b136544c6357eaea8088372619,buy,0x08711d3b02c8758f2fb3ab4e80228418a7f8e39c,0x4e620d0778746e6690b93dc95c975d208d9314418638239e7adf1f5914a7ab07
244,1,0.0033,0xc3a0dba2ac58de472a068174610bf320499f291f,2017-09-14T05:09:37.000Z,0.0033,0xcc89ac7b3a681dcee5395436b80f98fa713e5bba,buy,0x08711d3b02c8758f2fb3ab4e80228418a7f8e39c,0x409a4260de7e803abf42a25f203ed4753a9a0b8a5ddb75fe84eb36ac06303431
245,10,0.0250001,0xf732b16f5aee6cd2db5b30a7a3860764a48b19ff,2017-09-14T04:49:40.000Z,0.00250001,0xff4442f6feebb1244b068130dd538d7c7f977478,sell,0x08711d3b02c8758f2fb3ab4e80228418a7f8e39c,0x8fda057373da17e55534146515a5c4100afddf3a3e19cfa63164e09f301a0883
246,5,0.0444,0x327612e7cf129a9531348a26f2b2d0fba3d04faf,2017-09-14T00:50:25.000Z,0.00888,0xb236b907580361fd4f87b759de68ca5c206644af,buy,0x08711d3b02c8758f2fb3ab4e80228418a7f8e39c,0xffaacce79fbd828be04e24582a68d7492757dcef30927c6bdf37799dfadabdb3
247,2856,7.9968,0xf142f26d1cac4ba8a6e6d7974d243eda2fe5f4f9,2017-09-14T00:43:52.000Z,0.0028,0xcc89ac7b3a681dcee5395436b80f98fa713e5bba,buy,0x08711d3b02c8758f2fb3ab4e80228418a7f8e39c,0xb60a7addc5c7cb28a8737c0aaa11a85a1a5f005e92d6c71f6435d41c022c472d
248,2959,8.287025102183232,0xf142f26d1cac4ba8a6e6d7974d243eda2fe5f4f9,2017-09-14T00:07:42.000Z,0.002800616796952765,0xcc89ac7b3a681dcee5395436b80f98fa713e5bba,buy,0x08711d3b02c8758f2fb3ab4e80228418a7f8e39c,0x5982b9e17dd7ce33a08df02121a9ee3dfea1d85a3d71c25fb65fd1ff2984fd54
249,392,1.0976,0xf732b16f5aee6cd2db5b30a7a3860764a48b19ff,2017-09-13T23:47:35.000Z,0.0028,0xcc89ac7b3a681dcee5395436b80f98fa713e5bba,buy,0x08711d3b02c8758f2fb3ab4e80228418a7f8e39c,0x668ae01e87e43760a5a171f88747037f97b968ad077526474667df48666cde43
250,256,0.7177748978167681,0x6bad391397f5f6047d3b6752576ee1a4ae3d2927,2017-09-13T23:46:52.000Z,0.0028038081945967503,0xcc89ac7b3a681dcee5395436b80f98fa713e5bba,buy,0x08711d3b02c8758f2fb3ab4e80228418a7f8e39c,0x8bc58d7431d725f59f752e694580dd2eb9e4cb38dad729a1d4cab316be4d4ca8
251,983,2.7524,0x50d6e0681119e1a3d2e5629b09964031bf049786,2017-09-13T23:09:31.000Z,0.0028,0xcc89ac7b3a681dcee5395436b80f98fa713e5bba,buy,0x08711d3b02c8758f2fb3ab4e80228418a7f8e39c,0x0ded0b5d4f75248e720a9a6617c2b9deae0a24a058500eca69d97bd2be586a65
252,3219,9.3351,0xf142f26d1cac4ba8a6e6d7974d243eda2fe5f4f9,2017-09-13T17:28:00.000Z,0.0029,0xe89a2a7a15cbaae3c58a03d79485373e216226d6,buy,0x08711d3b02c8758f2fb3ab4e80228418a7f8e39c,0x452ace5f98a21cb303f9516c324fb4f187e9b82f34ca678aee4990c4a6fbee50
253,1,0.0033,0xd6f29f2fb0a1dc783aeab42ce7ce9276f8e14a54,2017-09-13T02:18:50.000Z,0.0033,0x9242b544b0bd66b136544c6357eaea8088372619,buy,0x08711d3b02c8758f2fb3ab4e80228418a7f8e39c,0x7ae1a63674390ac3f63368e184426410d1832631b5afca340422616564c53b2a
254,1000,3,0x19fff3b449a3a58a48c7f1d838761f5721401d26,2017-09-13T02:07:23.000Z,0.003,0xcc89ac7b3a681dcee5395436b80f98fa713e5bba,buy,0x08711d3b02c8758f2fb3ab4e80228418a7f8e39c,0x6cb38bba02bef7e8649e720c4a171a70d3eaf6a2fbb6923e43d330bf376d6370
255,1000,3,0x19fff3b449a3a58a48c7f1d838761f5721401d26,2017-09-13T02:05:56.000Z,0.003,0xcc89ac7b3a681dcee5395436b80f98fa713e5bba,buy,0x08711d3b02c8758f2fb3ab4e80228418a7f8e39c,0x95836e1fc54039814412e6bf24018c17d5db2e1c9d6e5e2d273337ae7e2037eb
256,1976,5.929191,0xf142f26d1cac4ba8a6e6d7974d243eda2fe5f4f9,2017-09-12T21:38:13.000Z,0.0030006027327935223,0x9242b544b0bd66b136544c6357eaea8088372619,buy,0x08711d3b02c8758f2fb3ab4e80228418a7f8e39c,0x3afbf09bed970397067e62dd1771a23ef11b2786d0a44b3447482151006040df
257,3,0.3,0xe105d9a941406c426ee79972ce9798be7ad24345,2017-09-12T18:45:05.000Z,0.1,0x57b103e4afc3d2c34f29d5f6ce32e120d5bb71c3,buy,0x08711d3b02c8758f2fb3ab4e80228418a7f8e39c,0xcf7124ecf7062871b643ac8074e60f054a738c0e692d36bbaf3cf31c918fb17a
258,124,0.3596,0x9ae28ea4d9e7c1cb3751cecd6351d3862e333cc4,2017-09-12T10:41:27.000Z,0.0029,0xe89a2a7a15cbaae3c58a03d79485373e216226d6,buy,0x08711d3b02c8758f2fb3ab4e80228418a7f8e39c,0x2330805c37549e6b66ccbeaadf741e710710010e54e1ea435437b5eaaf93c7a1
259,176,0.49532,0x9ae28ea4d9e7c1cb3751cecd6351d3862e333cc4,2017-09-12T10:31:00.000Z,0.0028143181818181817,0x74e4162038caf7212620fa50ce744f76ed5365c0,buy,0x08711d3b02c8758f2fb3ab4e80228418a7f8e39c,0xe5bb8f4b9963fba4e0309ee0a200b142ba30975c9ddfdd474f0e41fe1e2c716f
260,49,0.14278888332226533,0x7fbd71e41deb399b0a00e17fae8b91c7aadf4631,2017-09-11T23:18:22.000Z,0.0029140588433115375,0xe89a2a7a15cbaae3c58a03d79485373e216226d6,buy,0x08711d3b02c8758f2fb3ab4e80228418a7f8e39c,0xed04acc1c8e84caab9106967b991f5d9759a2ac296fbc7eac09ae93363a5198b
261,73,0.20367,0x7fbd71e41deb399b0a00e17fae8b91c7aadf4631,2017-09-11T23:16:11.000Z,0.00279,0x81f17f58bc4a4d26cca15112d8c4ee241248e0e2,buy,0x08711d3b02c8758f2fb3ab4e80228418a7f8e39c,0x18bff40da5ad775125dd252f5a1779c2480836145d80fe0f5a2a5b1c580fd02d
262,440,0.4752,0xf732b16f5aee6cd2db5b30a7a3860764a48b19ff,2017-09-10T23:16:20.000Z,0.00108,0x327612e7cf129a9531348a26f2b2d0fba3d04faf,buy,0x08711d3b02c8758f2fb3ab4e80228418a7f8e39c,0x8f1d878e373c129536cc09b505f218b22952a713852581aa5f87af160d7d97b1
263,561,0.4488,0x37dd4e5111c436147b1ff6821983bcf81fb23352,2017-09-10T21:35:45.000Z,0.0008,0x327612e7cf129a9531348a26f2b2d0fba3d04faf,sell,0x08711d3b02c8758f2fb3ab4e80228418a7f8e39c,0xa1dad412d6f77be66f8c1d0d53aa13f2bd174261a32ce1e47ace2396fe64e7ce
264,73,0.094973,0x81f17f58bc4a4d26cca15112d8c4ee241248e0e2,2017-09-10T21:34:28.000Z,0.001301,0x327612e7cf129a9531348a26f2b2d0fba3d04faf,sell,0x08711d3b02c8758f2fb3ab4e80228418a7f8e39c,0x4caa849c4b8bb5e35dae14ed657a235eae0fad4b144f790f052b561005963f31
265,375,1.112499975,0x327612e7cf129a9531348a26f2b2d0fba3d04faf,2017-09-08T22:37:41.000Z,0.0029666666,0x74e4162038caf7212620fa50ce744f76ed5365c0,buy,0x08711d3b02c8758f2fb3ab4e80228418a7f8e39c,0x5142dc7251fc4dc9bb48853bf92f0d14a3d771ee6a4a59166a380cfeea71619e
266,200,0.5,0x327612e7cf129a9531348a26f2b2d0fba3d04faf,2017-09-08T22:33:45.000Z,0.0025,0x74e4162038caf7212620fa50ce744f76ed5365c0,buy,0x08711d3b02c8758f2fb3ab4e80228418a7f8e39c,0x7ef24e43ee778853f4ceda59bbe45d391ef7bee035b6affbd4091c801063b5ba
267,400,1,0x327612e7cf129a9531348a26f2b2d0fba3d04faf,2017-09-08T22:31:47.000Z,0.0025,0x74e4162038caf7212620fa50ce744f76ed5365c0,buy,0x08711d3b02c8758f2fb3ab4e80228418a7f8e39c,0x7299c5cb499d59d137d540737ecb8a0cc985435af87d2801498744d26b8700f4
268,100,0.249,0x327612e7cf129a9531348a26f2b2d0fba3d04faf,2017-09-08T22:31:26.000Z,0.00249,0x81f17f58bc4a4d26cca15112d8c4ee241248e0e2,buy,0x08711d3b02c8758f2fb3ab4e80228418a7f8e39c,0xa51219fc3ab9f5b7ff2c35099989737d54a6ccd29f49da3626c6842406957ecc
269,99,0.1287,0x48eaedfa6ab55f414a433f0778f55ed9b827e822,2017-09-07T20:46:50.000Z,0.0013,0x175b44f6de1919b0c57f828083b1a64f359d3aff,sell,0x08711d3b02c8758f2fb3ab4e80228418a7f8e39c,0xaf25fa5e3d334eb0dfe5e3b6066a177ed02252b55c2d798c302529a2e98f7eb3
270,100,0.25,0xfda10bd52a1ede9523d19cb4386ff4ebecaa23bf,2017-09-07T19:42:06.000Z,0.0025,0x74e4162038caf7212620fa50ce744f76ed5365c0,buy,0x08711d3b02c8758f2fb3ab4e80228418a7f8e39c,0x9423c136a02679c7e4e3ac2b40e15df70c37f0451ce80f6220f7e722d6bd8e5e
271,400,1,0xfda10bd52a1ede9523d19cb4386ff4ebecaa23bf,2017-09-07T19:40:06.000Z,0.0025,0x74e4162038caf7212620fa50ce744f76ed5365c0,buy,0x08711d3b02c8758f2fb3ab4e80228418a7f8e39c,0xa97b5bfb4cf20aa8e2125fb7098398bbd7bf1edbc6c14d80100d8be3b72685e8
272,59,0.05605,0xe89a2a7a15cbaae3c58a03d79485373e216226d6,2017-09-07T06:12:28.000Z,0.00095,0x0f505484dd5e761dc3a0620c724b855750a52fa2,sell,0x08711d3b02c8758f2fb3ab4e80228418a7f8e39c,0x0f501dc980d422f571b719440f7f523e6a83c655d36b0117035e961d81ce96c0
273,239,0.1912,0x37dd4e5111c436147b1ff6821983bcf81fb23352,2017-09-06T21:19:00.000Z,0.0008,0x3da997a291259e997778ffbdd14389da9be42f6a,sell,0x08711d3b02c8758f2fb3ab4e80228418a7f8e39c,0x9cea9750e705250730200df0c2bcd85abd58b9e22735bfed1a866b4cde1737d0
274,3333,3.16635,0xe89a2a7a15cbaae3c58a03d79485373e216226d6,2017-09-06T21:11:25.000Z,0.00095,0x3da997a291259e997778ffbdd14389da9be42f6a,sell,0x08711d3b02c8758f2fb3ab4e80228418a7f8e39c,0xc20c62fe51e42ec7414e8bdaa2ef390ee4bde850fab0a0857967fed4cd4072a6
275,100,0.151,0xe41b5e6d7328eb3a519efe0ed8d63c8d1e63acf5,2017-09-06T21:11:02.000Z,0.00151,0x3da997a291259e997778ffbdd14389da9be42f6a,sell,0x08711d3b02c8758f2fb3ab4e80228418a7f8e39c,0x6d425fcfd41bd1b3720950e22210e2d1c219e995ece2fc9a12aa47f9812cb23d
276,269,0.2959,0x200c227e4227c4d24bbea017e4939e7c0053bccc,2017-09-06T21:11:02.000Z,0.0011,0x3da997a291259e997778ffbdd14389da9be42f6a,sell,0x08711d3b02c8758f2fb3ab4e80228418a7f8e39c,0x4d70714039784642885a8cbce883ce5c5a2af2f35fe321f4c54dff8974294e9c
277,850,0.9775085,0x246f1e76fc8bd7556c7f71091f67bebb76ad714c,2017-09-06T21:11:02.000Z,0.00115001,0x3da997a291259e997778ffbdd14389da9be42f6a,sell,0x08711d3b02c8758f2fb3ab4e80228418a7f8e39c,0x00e52aa31cb517ebad189a611761015bc3e8e0d7f21fefe4fe823b499d78ffda
278,200,0.304,0x767bcdedccdeb0f3dc4c70efe25865b065081ee8,2017-09-06T21:10:25.000Z,0.00152,0x3da997a291259e997778ffbdd14389da9be42f6a,sell,0x08711d3b02c8758f2fb3ab4e80228418a7f8e39c,0x129e98830558e8ba72a8d72eaf928eb03fe7bf4c167243626bfdb152ebd2d73e
279,76,0.0988,0x2a0851f39f676bf0a008194575140c9ed058f921,2017-09-06T16:31:16.000Z,0.0013,0x3da997a291259e997778ffbdd14389da9be42f6a,sell,0x08711d3b02c8758f2fb3ab4e80228418a7f8e39c,0xf690c930c9b1fcb216615a6dbf77ef14cfaa4375865c2b4312d7b197e59fcbd4
280,62,0.18599968,0x3bedeaef6a8e43d28277b1815eb618478e58c094,2017-09-06T01:26:24.000Z,0.0029999948387096774,0x74e4162038caf7212620fa50ce744f76ed5365c0,buy,0x08711d3b02c8758f2fb3ab4e80228418a7f8e39c,0x9313a15e1af29661349fd675a92d513211c2ab5df93c701ce4ce68dc2cb89ca6
281,100,0.2979,0x3bedeaef6a8e43d28277b1815eb618478e58c094,2017-09-06T01:20:44.000Z,0.002979,0x81f17f58bc4a4d26cca15112d8c4ee241248e0e2,buy,0x08711d3b02c8758f2fb3ab4e80228418a7f8e39c,0x20c9f5fc231ff8d96dc5fa78b5d972245703083bab3648bdbe20ed552e442334
282,25,0.0745,0x3791b3f54c28f86b6d413b103e8e1c50fbfc056c,2017-09-05T10:30:47.000Z,0.00298,0xff4442f6feebb1244b068130dd538d7c7f977478,sell,0x08711d3b02c8758f2fb3ab4e80228418a7f8e39c,0xa45b449d523c6ad8a535d18b3161669490649123c63c4b5538066eebfe3fe121
283,1,0.00298,0x3791b3f54c28f86b6d413b103e8e1c50fbfc056c,2017-09-05T07:32:55.000Z,0.00298,0x74e4162038caf7212620fa50ce744f76ed5365c0,buy,0x08711d3b02c8758f2fb3ab4e80228418a7f8e39c,0x67205ae4bba847a6536a7499051283617d443f681f8ac10ddc90f0b989b011de
284,423,1.2708075947041684,0x734eac43e6ce27fec10f16efa9fa10aafcf99733,2017-09-03T21:51:53.000Z,0.003004273273532313,0x9242b544b0bd66b136544c6357eaea8088372619,buy,0x08711d3b02c8758f2fb3ab4e80228418a7f8e39c,0x8d3d5074e03d84d657af53f4311b1ffb6c542b3532a8ceab559786b87ca1342e
285,1,0.00231,0x4da4ee0ffa7dda1761d4d2ac0da11f382df2f23a,2017-09-03T16:07:07.000Z,0.00231,0x1ed014aec47fae44c9e55bac7662c0b78ae61798,buy,0x08711d3b02c8758f2fb3ab4e80228418a7f8e39c,0x6b0987af56cf6275d638bab6cb4c77b7e77b4ccfb875cbc4674ce7b87a661557
286,2696,5.904830325630545,0x9778550d76b07ac9f5e57392f68ecdf6efc1774e,2017-09-02T02:11:31.000Z,0.0021902189635128137,0x1ed014aec47fae44c9e55bac7662c0b78ae61798,buy,0x08711d3b02c8758f2fb3ab4e80228418a7f8e39c,0x794f99fecefeab2c53600b6872963bd2dd3caeb29f0f750ed5e7a3111ed86f3c
287,1906,4.004350840797327,0x9778550d76b07ac9f5e57392f68ecdf6efc1774e,2017-09-01T23:43:08.000Z,0.0021009185943322807,0x57b103e4afc3d2c34f29d5f6ce32e120d5bb71c3,buy,0x08711d3b02c8758f2fb3ab4e80228418a7f8e39c,0xd50c28ceed73a956cbb1acab53d67aff6173a5334f574bb722c3bd04e87b657e
288,5933,12.460645633404948,0x9778550d76b07ac9f5e57392f68ecdf6efc1774e,2017-09-01T23:15:56.000Z,0.0021002268048887487,0x57b103e4afc3d2c34f29d5f6ce32e120d5bb71c3,buy,0x08711d3b02c8758f2fb3ab4e80228418a7f8e39c,0xc0e1a275a1e1d0b9850fe9cb4408f5e01cfef66597c038683d76517398d573e3
289,588,1.2362878451502861,0x0797f6a5470181c8c0ecf713da4510fbc4731cf9,2017-09-01T22:50:12.000Z,0.0021025303488950444,0x57b103e4afc3d2c34f29d5f6ce32e120d5bb71c3,buy,0x08711d3b02c8758f2fb3ab4e80228418a7f8e39c,0x477b850000341cd9ccabda1d51c6b2dde130ddd7867822a24e0cb0cee7cfa102
290,573,1.2033747025200008,0x0797f6a5470181c8c0ecf713da4510fbc4731cf9,2017-09-01T22:02:45.000Z,0.0021001303708900534,0x57b103e4afc3d2c34f29d5f6ce32e120d5bb71c3,buy,0x08711d3b02c8758f2fb3ab4e80228418a7f8e39c,0x35ea06c72f53114d911f1c2d5c0d3983a2419ab79308803bbf7d9f1c6ed5607a
291,500,1.0516409781274387,0x0797f6a5470181c8c0ecf713da4510fbc4731cf9,2017-09-01T21:08:50.000Z,0.0021032819562548776,0x57b103e4afc3d2c34f29d5f6ce32e120d5bb71c3,buy,0x08711d3b02c8758f2fb3ab4e80228418a7f8e39c,0x1308b1bd5cd53f481f1e6ddeb18e13fdf377b1bdd070017b097246668e977794
292,56,0.112,0x0797f6a5470181c8c0ecf713da4510fbc4731cf9,2017-09-01T21:05:19.000Z,0.002,0x8033317b2df6db167a2fff1c923f1a56d0fc484e,buy,0x08711d3b02c8758f2fb3ab4e80228418a7f8e39c,0xe3fa2e6ec8ecdd3388fb47f690f38f5f9b72a9cab2cb91caa6df2c0a6bd6d2c9
293,4,0.008,0x42af36b3080ed6b470fc0cd2649cdeb86f9c1c9a,2017-09-01T20:35:57.000Z,0.002,0x8033317b2df6db167a2fff1c923f1a56d0fc484e,buy,0x08711d3b02c8758f2fb3ab4e80228418a7f8e39c,0x6117c4da264a94226916e8b1af4110dec28c17bc7525090c8a1ef4b5ed4d9440
294,500,1,0x6165e02a7500265a31de3bfe0ea6664a8a2c8a0f,2017-09-01T14:45:40.000Z,0.002,0x57b103e4afc3d2c34f29d5f6ce32e120d5bb71c3,buy,0x08711d3b02c8758f2fb3ab4e80228418a7f8e39c,0x518eaa6a9c033090a76832aa88e15b6e4a0d680a7abc3d95a08bfceda69e7bfa
295,140,0.3052,0x4a98583d981e70c0d53fc680e0c0d119c0fdfc3e,2017-08-30T13:34:07.000Z,0.00218,0x81f17f58bc4a4d26cca15112d8c4ee241248e0e2,buy,0x08711d3b02c8758f2fb3ab4e80228418a7f8e39c,0x099b8c6998c491ae65c8715c7474cde8173268bd2a8930f9c88a6928a94bd251
296,7,0.01692967436945469,0x3ac2ec7af3bd5b0818bc92aa6c715e41a6db7008,2017-08-30T02:13:07.000Z,0.0024185249099220986,0x1ed014aec47fae44c9e55bac7662c0b78ae61798,buy,0x08711d3b02c8758f2fb3ab4e80228418a7f8e39c,0x7b0ff8e3395a8b560d2e46803efe0f4c27a90d2be72127521bb3feae6daf323a
297,11,0.0121,0x200c227e4227c4d24bbea017e4939e7c0053bccc,2017-08-30T01:03:09.000Z,0.0011,0x42af36b3080ed6b470fc0cd2649cdeb86f9c1c9a,sell,0x08711d3b02c8758f2fb3ab4e80228418a7f8e39c,0xe7834993d774a0ac9f24066c2b84ac5f74cb3e502aefcc458fb0525c9ab61cc9
298,2,0.00220004,0xbe7c82e758e416796e3fa6295651b0f5fcf804c1,2017-08-30T00:19:52.000Z,0.00110002,0x42af36b3080ed6b470fc0cd2649cdeb86f9c1c9a,sell,0x08711d3b02c8758f2fb3ab4e80228418a7f8e39c,0x8bb06148c5cbb067b655054b861b56e54d3ef37508202a7409be0ee69f92a132
299,107,0.1177,0x200c227e4227c4d24bbea017e4939e7c0053bccc,2017-08-27T19:53:12.000Z,0.0011,0xe26f7dbfcf7493f46afcd5709ca8f38550e3c05f,sell,0x08711d3b02c8758f2fb3ab4e80228418a7f8e39c,0x5cf375a02dabea2d4fe203aaa5ace2ee39da3736d39f8035a74610524cb76f57
300,13,0.0143,0x200c227e4227c4d24bbea017e4939e7c0053bccc,2017-08-26T10:16:21.000Z,0.0011,0x68b3948c0e4e19dc1da056f5491efd22278a9f48,sell,0x08711d3b02c8758f2fb3ab4e80228418a7f8e39c,0x848371d147959199eca70dd9b0d800fc3d9e125369b860b087ec9f41e3aed846
301,60,0.13959771511935223,0x8033317b2df6db167a2fff1c923f1a56d0fc484e,2017-08-24T21:17:25.000Z,0.0023266285853225373,0x1ed014aec47fae44c9e55bac7662c0b78ae61798,buy,0x08711d3b02c8758f2fb3ab4e80228418a7f8e39c,0xe1952bb9516377da89b6505b5474f088f042632ea74c4c5f4a3ef9ee730172b3
302,5,0.0115,0x6d3d0dfa885186833d6cf04f7890aab7d3b43cd1,2017-08-24T19:35:28.000Z,0.0023,0x1ed014aec47fae44c9e55bac7662c0b78ae61798,buy,0x08711d3b02c8758f2fb3ab4e80228418a7f8e39c,0x06b2cba2cf13c702fe324b43fee19fff6867cf3f0d36065405e788f46a1fd625
303,5,0.0115,0xb236b907580361fd4f87b759de68ca5c206644af,2017-08-24T18:57:11.000Z,0.0023,0x1ed014aec47fae44c9e55bac7662c0b78ae61798,buy,0x08711d3b02c8758f2fb3ab4e80228418a7f8e39c,0x15fdc32100f6a255d0b0ae0783c2089491914edb87eae028dbc208ecb522882f
304,1,0.0023,0x4717c48e3f3d63d01ee7452fcea47cb522c56a99,2017-08-24T16:44:41.000Z,0.0023,0x1ed014aec47fae44c9e55bac7662c0b78ae61798,buy,0x08711d3b02c8758f2fb3ab4e80228418a7f8e39c,0x1fa4ffb01deca16cda0330f71a77ea5b09f73faf661eb9d72d8490b430ff342e
305,2404,5.531248879626197,0x9242b544b0bd66b136544c6357eaea8088372619,2017-08-24T15:34:00.000Z,0.002300852279378618,0x1ed014aec47fae44c9e55bac7662c0b78ae61798,buy,0x08711d3b02c8758f2fb3ab4e80228418a7f8e39c,0xc8ce7d099e73d3fb806b6e348396af925f5b4f7acfdf1dbbd7a3619493d1bf5f
306,2,0.006,0x68b3948c0e4e19dc1da056f5491efd22278a9f48,2017-08-22T16:49:29.000Z,0.003,0xf142f26d1cac4ba8a6e6d7974d243eda2fe5f4f9,sell,0x08711d3b02c8758f2fb3ab4e80228418a7f8e39c,0x2483a8fc1fe7c6d46e6988e9382206259337b672529c03000f4b397911f7e06a
307,70,0.2107,0x851638b1a455db32e74a51d8d963910049597fc8,2017-08-22T16:47:44.000Z,0.00301,0xf142f26d1cac4ba8a6e6d7974d243eda2fe5f4f9,sell,0x08711d3b02c8758f2fb3ab4e80228418a7f8e39c,0x07b0ca614b3271cb7d4434ea81cee60a85ded23dfffb853178813389b3cc49fd
308,1,0.003,0x68b3948c0e4e19dc1da056f5491efd22278a9f48,2017-08-22T05:33:18.000Z,0.003,0x17a93495f24f11c7ba0a728cb2903b6627f5c673,sell,0x08711d3b02c8758f2fb3ab4e80228418a7f8e39c,0x0f32b1736ae3b00ba280e9cfe81c50974844951db846b99c751cd69d73578ee8
309,1,0.003,0x68b3948c0e4e19dc1da056f5491efd22278a9f48,2017-08-21T17:31:44.000Z,0.003,0x8c5cbe9b28618dd2d7e6a4110fb52dfa378a0196,sell,0x08711d3b02c8758f2fb3ab4e80228418a7f8e39c,0xeceb409905b7424ceed899ca8ceeecd7e03571acefc9b7fd10067aa28126905f
310,5,0.01575,0x68b3948c0e4e19dc1da056f5491efd22278a9f48,2017-08-21T17:29:11.000Z,0.00315,0x8c5cbe9b28618dd2d7e6a4110fb52dfa378a0196,sell,0x08711d3b02c8758f2fb3ab4e80228418a7f8e39c,0x41720a988e13d52ca0907718e2748beed2786e81af5e05f05fea3d374e74a406
311,5,0.01595,0x68b3948c0e4e19dc1da056f5491efd22278a9f48,2017-08-21T17:27:31.000Z,0.00319,0x8c5cbe9b28618dd2d7e6a4110fb52dfa378a0196,sell,0x08711d3b02c8758f2fb3ab4e80228418a7f8e39c,0x694fd1d7298f44be8fcded70da83cd90b834515c1e25aeb4bcaeb4e15dc1d649
312,6,0.02,0x8c5cbe9b28618dd2d7e6a4110fb52dfa378a0196,2017-08-21T17:23:04.000Z,0.003333333333333333,0xb3b03c21d62dd58105ba7ad588b1d47ae697aaec,buy,0x08711d3b02c8758f2fb3ab4e80228418a7f8e39c,0x11e7897e9b8f9e11824e42d442772e502974204a9b33787ca11ab20a1fcb35bd
313,6,0.02,0x8c5cbe9b28618dd2d7e6a4110fb52dfa378a0196,2017-08-21T17:20:43.000Z,0.003333333333333333,0xb3b03c21d62dd58105ba7ad588b1d47ae697aaec,buy,0x08711d3b02c8758f2fb3ab4e80228418a7f8e39c,0xa485a9204d4767a67a398da6022d35661ee38c599ed75d21b98a1a3fc77c02fc
314,100,0.315,0x175b44f6de1919b0c57f828083b1a64f359d3aff,2017-08-21T15:48:21.000Z,0.00315,0xb3b03c21d62dd58105ba7ad588b1d47ae697aaec,buy,0x08711d3b02c8758f2fb3ab4e80228418a7f8e39c,0x5c010de1a930a34d510894583d8473103e27a84c90fc2bda043af4cb77a171c5
315,45,0.1395,0xa5f282efd8db8c66dc5dcfb5ab3bfccb2637d783,2017-08-19T20:37:53.000Z,0.0031,0x04243f8abaf4c0a6f670518410c22dbc3650b7a4,buy,0x08711d3b02c8758f2fb3ab4e80228418a7f8e39c,0x46e410c598c34984f35210383a3c9e161c31736bcf4921a3d4b371d971337178
316,15,0.048,0x42af36b3080ed6b470fc0cd2649cdeb86f9c1c9a,2017-08-18T18:59:04.000Z,0.0032,0x93d79977ef117007a0028218d99dd2caebd70b55,buy,0x08711d3b02c8758f2fb3ab4e80228418a7f8e39c,0xf659261156b91db30c253acc478b12492cef3bd0c71751bef980505158f16c5f
317,181,0.5981457511530386,0xc57afd93815c447b98f49a962e679326d206b150,2017-08-18T02:28:02.000Z,0.0033046726583040803,0x9242b544b0bd66b136544c6357eaea8088372619,buy,0x08711d3b02c8758f2fb3ab4e80228418a7f8e39c,0xf1c1820ae13ac25bd351cce5e5e6540b3325201981681463a6e607cc27e3a8b4
318,348,1.1136,0x775463869f8fcd975cbdb615c8b939bf089ef2e0,2017-08-17T10:23:59.000Z,0.0032,0xa3d559a26e0252266d4d43231d7c29707c76d8b0,buy,0x08711d3b02c8758f2fb3ab4e80228418a7f8e39c,0x7a85c6988f171d69fc61b0eb935124435357776a0e2018b84ee5d0d16dd9cc66
319,1500,4.95,0xf0f24f53ead2887a271750b946c5964047a0ff9b,2017-08-17T02:43:02.000Z,0.0033,0x9242b544b0bd66b136544c6357eaea8088372619,buy,0x08711d3b02c8758f2fb3ab4e80228418a7f8e39c,0xa586439feeb5ced3f412f25d92268d6af9f1df0900a908b87280a7fd73b3a756
320,9,0.029229300715506296,0xf0f24f53ead2887a271750b946c5964047a0ff9b,2017-08-17T02:11:52.000Z,0.0032477000795006995,0xa3d559a26e0252266d4d43231d7c29707c76d8b0,buy,0x08711d3b02c8758f2fb3ab4e80228418a7f8e39c,0xd2328f818021a533883fe884428c178f0c8903f52be13ff21652260447eda258
321,9,0.029229300715506296,0xf0f24f53ead2887a271750b946c5964047a0ff9b,2017-08-17T02:09:53.000Z,0.0032477000795006995,0xa3d559a26e0252266d4d43231d7c29707c76d8b0,buy,0x08711d3b02c8758f2fb3ab4e80228418a7f8e39c,0xbe11dd4de6701afa675537e5df85a205cc11b80f25d6c356333c6ba9b15a362f
