,amount,amountBase,buyer,date,price,seller,side,tokenAddr,txHash
0,0.996562,1.3473529076135768,0xdc734ccef6c139096afc2176e1837288a1b9e536,2017-11-02T16:01:29.000Z,1.3520010873518926,0x5c4fa72c0199ca949e1abb046710ea46902f2ee3,buy,0xf230b790e05390fc8295f4d3f60332c93bed42e2,0x742a4a032705161ad36a0f66deafff4d130663f7a683c01b2b500ff6803505db
1,150000,1.3515,0x5c4fa72c0199ca949e1abb046710ea46902f2ee3,2017-11-02T15:55:41.000Z,0.00000901,0xdc734ccef6c139096afc2176e1837288a1b9e536,buy,0xf230b790e05390fc8295f4d3f60332c93bed42e2,0x7ff53fb46dec87a64bd12fa63ec760496614902f9c2e05ac6bf2299198d99db1
2,56.947608,0.0005,0x3075f7f189912f4f425dd7021b9c396434197477,2017-11-02T15:47:41.000Z,0.0000087800000309056,0x1eaa18a0e964d346f2b5182be3f97d7aab5145b9,buy,0xf230b790e05390fc8295f4d3f60332c93bed42e2,0x2659d6185d88e1c3a6667d76788a0321ea65a0cc8aa780042e98af69feddbbc5
3,193667.953869,1.361679383652939,0x3dee4a4e076e8d82859d241db0baf46f112cfa23,2017-11-02T15:29:29.000Z,0.000007031,0xbc2c9b95dccb8ad4ce5977a4c7f061bddc082880,sell,0xf230b790e05390fc8295f4d3f60332c93bed42e2,0x2ab140362421df42cb03f9be672186b536d2723e46f5c78947fd8ca850c2001c
4,0.00001,0.000000000088,0x273a5d3e6721b9f5c1a6474f560c1334c63dda01,2017-11-02T13:57:23.000Z,0.0000088,0xd6ef78ef089ff1817ee51fa6a77f6bd06091ff05,buy,0xf230b790e05390fc8295f4d3f60332c93bed42e2,0xa2108eb7f60c5abc06647054403f446e3578fc20dd3a229ccaf9a5e1640ebdb8
5,0.000009,0.0009,0xf18521dc5c211dc0ed6c85b034d4f46d456950bb,2017-11-02T13:57:23.000Z,100,0x273a5d3e6721b9f5c1a6474f560c1334c63dda01,sell,0xf230b790e05390fc8295f4d3f60332c93bed42e2,0xa2108eb7f60c5abc06647054403f446e3578fc20dd3a229ccaf9a5e1640ebdb8
6,38381.018841,0.288702023722002,0xf4a08caba2cab6eb3e042008a4bcc993a938ce53,2017-11-02T13:08:22.000Z,0.000007522,0x5b1809d0c696b315574ddb640eef453a1331ff5b,sell,0xf230b790e05390fc8295f4d3f60332c93bed42e2,0x17c889753ea3578cd987f65d9cbf18901754e7553242260458d58758e13ba9c2
7,10131.626467,0.076199962658307,0x185365e9f83e946e7387816817f182feabec6d15,2017-11-02T11:54:21.000Z,0.000007521,0x2bb99b2656670c179cb54fd52a12c8b44f2ada3a,sell,0xf230b790e05390fc8295f4d3f60332c93bed42e2,0x2b5eb670d165082505b0815ee10a4a7a3971a8d50bcc12fa984a0606ab97b873
8,41711.83,0.317009908,0x6a1424bb183b5f458c309a2db47b07dc131d8040,2017-11-02T11:51:27.000Z,0.0000076,0x2bb99b2656670c179cb54fd52a12c8b44f2ada3a,sell,0xf230b790e05390fc8295f4d3f60332c93bed42e2,0x78a1a959c52b30adb4c262549cd4050fba06b36ece8b788c302e286ff597ccd8
9,38911.869765,0.295730210214,0x6a1424bb183b5f458c309a2db47b07dc131d8040,2017-11-02T11:48:06.000Z,0.0000076,0x5af66acd32394c1ef30e5895f3b09c3f4a23e726,sell,0xf230b790e05390fc8295f4d3f60332c93bed42e2,0x2ec7d3c4d3ea697a4f80d48c00353c917ed7412258c114fef9d2b944784e8ea9
10,3200,0.0256,0x9c6b8e2c783db5659328f3c04b3f23dc9c0ef5f9,2017-11-02T11:47:54.000Z,0.000008,0x5af66acd32394c1ef30e5895f3b09c3f4a23e726,sell,0xf230b790e05390fc8295f4d3f60332c93bed42e2,0x9d595d637da4ccdd446b0549f843766d93e9f06f18ef25c11c4d2540f31a5fbd
11,10000,0.0791,0x185365e9f83e946e7387816817f182feabec6d15,2017-11-02T11:47:54.000Z,0.00000791,0x5af66acd32394c1ef30e5895f3b09c3f4a23e726,sell,0xf230b790e05390fc8295f4d3f60332c93bed42e2,0xc01ac1001e2d8af6e87438bbf4416795376ebc43f4c393ffad06041b02e3c31b
12,880,0.00704088,0xe16df02476f4ac96ccb5a272bac2390777033823,2017-11-02T11:47:42.000Z,0.000008001,0x5af66acd32394c1ef30e5895f3b09c3f4a23e726,sell,0xf230b790e05390fc8295f4d3f60332c93bed42e2,0x5ffc8e756a62e5d8c68c0f7a10db656575b75eae8a8485cee115652885003d15
13,3939.146,0.031517107146,0xd67c4efd07ecc4bc7cc5daadfc460126a5c9139d,2017-11-02T11:47:42.000Z,0.000008001,0x5af66acd32394c1ef30e5895f3b09c3f4a23e726,sell,0xf230b790e05390fc8295f4d3f60332c93bed42e2,0x5daffe188f35ea05f6bb6738e4799dc45e8b7467afa975ac91f2ae619aaa15dc
14,45889.407836,0.36734470972718,0xf4a08caba2cab6eb3e042008a4bcc993a938ce53,2017-11-02T10:06:08.000Z,0.000008005,0xd6ef78ef089ff1817ee51fa6a77f6bd06091ff05,sell,0xf230b790e05390fc8295f4d3f60332c93bed42e2,0x05f16a08e95b3523d36d131d6d934195308a2da14dd4d47bb4065860d514d12b
15,55555,0.44477333,0xd0ddc5e388b4010a2a6f4113723aa40d120dbc51,2017-11-02T10:05:51.000Z,0.000008006,0xd6ef78ef089ff1817ee51fa6a77f6bd06091ff05,sell,0xf230b790e05390fc8295f4d3f60332c93bed42e2,0x0e7353632cd1b7fd6f06ca9db5236096faa25df1369179d77b093f04e09ba74a
16,100000,0.8005,0xe16df02476f4ac96ccb5a272bac2390777033823,2017-11-02T10:04:56.000Z,0.000008005,0x547269c54497404c144bfb5063ca41d51b7b5a88,sell,0xf230b790e05390fc8295f4d3f60332c93bed42e2,0x1bbc57af6340cbf735570f8fd127a8c923d000ba1cc4bbee8d38c50b2e6d6880
17,100000,0.8006,0xe16df02476f4ac96ccb5a272bac2390777033823,2017-11-02T10:04:42.000Z,0.000008006,0x547269c54497404c144bfb5063ca41d51b7b5a88,sell,0xf230b790e05390fc8295f4d3f60332c93bed42e2,0x307ed324781f355220fb30096d48fff622296df719ea601c08c4cad80f86030c
18,254833.22086,2.04019476620516,0xdf42bc701b03d31f49c626fdfc66255865a7faee,2017-11-02T09:57:48.000Z,0.000008006,0xd6ef78ef089ff1817ee51fa6a77f6bd06091ff05,sell,0xf230b790e05390fc8295f4d3f60332c93bed42e2,0x6d409639a0cc214d8b18a11ad5b6dd37430271a4f812aee449857f21e53c7ecd
19,17696.876779,0.141681195492674,0xdf42bc701b03d31f49c626fdfc66255865a7faee,2017-11-02T09:56:56.000Z,0.000008006,0xab296c308b24c972b60a662262f144eeefc27ec8,sell,0xf230b790e05390fc8295f4d3f60332c93bed42e2,0x2f7b2cad692cd3a203c4aa34ca5960a85176bece7dc5d0d6e145528d9b6d7e1f
20,27469.902361,0.219924038302166,0xdf42bc701b03d31f49c626fdfc66255865a7faee,2017-11-02T09:53:21.000Z,0.000008006,0x8d271b7dee29678ddbb3669c8a3f15f0a3713b9a,sell,0xf230b790e05390fc8295f4d3f60332c93bed42e2,0xdcb3e66dc932da461371db0fdcf78fbbf400283ccca577e8250814e6b3955287
21,223555,1.79022844,0xe16df02476f4ac96ccb5a272bac2390777033823,2017-11-02T09:51:37.000Z,0.000008008,0x8d271b7dee29678ddbb3669c8a3f15f0a3713b9a,sell,0xf230b790e05390fc8295f4d3f60332c93bed42e2,0x19c1592dcc7dd635c6549eeda957ff2dbc72e8e718ec324247f24ded0b988db6
22,223555,1.79022844,0xe16df02476f4ac96ccb5a272bac2390777033823,2017-11-02T09:51:30.000Z,0.000008008,0x8d271b7dee29678ddbb3669c8a3f15f0a3713b9a,sell,0xf230b790e05390fc8295f4d3f60332c93bed42e2,0x19c1592dcc7dd635c6549eeda957ff2dbc72e8e718ec324247f24ded0b988db6
23,250.855,0.002009097695,0xd6ef78ef089ff1817ee51fa6a77f6bd06091ff05,2017-11-02T09:50:26.000Z,0.000008009,0x8d271b7dee29678ddbb3669c8a3f15f0a3713b9a,sell,0xf230b790e05390fc8295f4d3f60332c93bed42e2,0xabb539234976542ff2ec2e078295d2abd1173255524489fab6e02eeda6a1c9f8
24,200000,1.6016,0xe16df02476f4ac96ccb5a272bac2390777033823,2017-11-02T09:50:26.000Z,0.000008008,0x547269c54497404c144bfb5063ca41d51b7b5a88,sell,0xf230b790e05390fc8295f4d3f60332c93bed42e2,0xad288b17c996532a67ec76c4ca72006cdd972327a7c919fc188b3b53eeead877
25,149999.999762,1.2149999980722,0x1c5068e0d1031b3b0c4932f4c0b71708e17f1367,2017-11-02T09:48:51.000Z,0.0000081,0x8d271b7dee29678ddbb3669c8a3f15f0a3713b9a,sell,0xf230b790e05390fc8295f4d3f60332c93bed42e2,0x9b95488357a03fbf7123ac68455906a94b7695304df30b6354c0d54c0c72249e
26,34000,0.275434,0xd6ef78ef089ff1817ee51fa6a77f6bd06091ff05,2017-11-02T09:48:51.000Z,0.000008101,0x8d271b7dee29678ddbb3669c8a3f15f0a3713b9a,sell,0xf230b790e05390fc8295f4d3f60332c93bed42e2,0xabb0f22145881f697e6a1618c1890bc25b35f8b28ad182fab6947a3b44a6f532
27,0.000238,0.0000000019278,0x1c5068e0d1031b3b0c4932f4c0b71708e17f1367,2017-11-02T09:28:31.000Z,0.0000081,0xb18624858ee894af0aecfda79bf72bf42490fb02,sell,0xf230b790e05390fc8295f4d3f60332c93bed42e2,0x93facbd9726d932182cea1c4701b3ee86b0f7c282c5e3c0f1be9926c237e7228
28,30639.556381,0.27713478747474557,0xf505e3c63dbf88f0c856442503b304a119dd7587,2017-11-02T08:02:59.000Z,0.0000090450000002807,0xd6ef78ef089ff1817ee51fa6a77f6bd06091ff05,buy,0xf230b790e05390fc8295f4d3f60332c93bed42e2,0x307c713e4699606e72602b7acee53d2e80cf403ce892db23ebfbac4544653cb3
29,54110.592164,0.43315529027282,0xf4a08caba2cab6eb3e042008a4bcc993a938ce53,2017-11-02T07:44:49.000Z,0.000008005,0x7f7de94710072c78456a8088018d04b67c0b8c1d,sell,0xf230b790e05390fc8295f4d3f60332c93bed42e2,0xbd0a874fef823767ad30f76ef677e308e73b90d9e10aac53e6ab2c67c338bffb
30,55555,0.44477333,0xd0ddc5e388b4010a2a6f4113723aa40d120dbc51,2017-11-02T07:43:15.000Z,0.000008006,0x7f7de94710072c78456a8088018d04b67c0b8c1d,sell,0xf230b790e05390fc8295f4d3f60332c93bed42e2,0xfeada42f9ba6a628b6ca1c351e82ff9ac955f3ae53a9800eb6f2c2d23ab034b5
31,16732.248,0.151393379904,0x273a5d3e6721b9f5c1a6474f560c1334c63dda01,2017-11-02T07:25:56.000Z,0.000009048,0xf55e74264232bb8da1b4d2f09ebd2a3476c90f2c,buy,0xf230b790e05390fc8295f4d3f60332c93bed42e2,0x0815a38c6d1520873091b8cd245e18b611c891da091e8c0332d7836051ae6bf8
32,16682.051256,0.156794599755144,0xdeda7f64058ce77180ef53de5c27ddbe11968c9b,2017-11-02T07:25:56.000Z,0.000009399,0x273a5d3e6721b9f5c1a6474f560c1334c63dda01,sell,0xf230b790e05390fc8295f4d3f60332c93bed42e2,0x0815a38c6d1520873091b8cd245e18b611c891da091e8c0332d7836051ae6bf8
33,110000,0.99517,0x7f7de94710072c78456a8088018d04b67c0b8c1d,2017-11-02T07:13:17.000Z,0.000009047,0xd6ef78ef089ff1817ee51fa6a77f6bd06091ff05,buy,0xf230b790e05390fc8295f4d3f60332c93bed42e2,0x29693a899efa3bbc0d72c60d65176c8fdf4c1e8b72eac9aa9ef9143760221e5b
34,152.177909,0.001377057905554992,0x4dd6ef20328f31fb6b93bf47e6dbb4e8e3a78212,2017-11-02T06:03:43.000Z,0.00000904900004609073,0xf505e3c63dbf88f0c856442503b304a119dd7587,buy,0xf230b790e05390fc8295f4d3f60332c93bed42e2,0x3c7e4a6c6d7fa9b376c030174433e3f7929160b0ea83324dc610af5a8105cb3e
35,10000,0.09049,0xc05eb25915a202c6ac9f3d9c11ab4044b6c25326,2017-11-02T05:10:45.000Z,0.000009049,0xf505e3c63dbf88f0c856442503b304a119dd7587,buy,0xf230b790e05390fc8295f4d3f60332c93bed42e2,0x7d719b84aeae05d74e53699b5788abefc87186d90a1edac64ff2940f8c734509
36,172852.20691,1.3845461773491,0x3dee4a4e076e8d82859d241db0baf46f112cfa23,2017-11-02T03:43:37.000Z,0.00000801,0xdd3896cc7fc8091208ea750131c03cea19c3f0f7,sell,0xf230b790e05390fc8295f4d3f60332c93bed42e2,0x48b6d1b1cc33e312f827d7deb55903fc7b099d621fcc711ca575de7aec390d5c
37,1500,0.012555,0x3c44eff1eca505b529fc63db829be10f9790f08f,2017-11-02T03:40:48.000Z,0.00000837,0xdd3896cc7fc8091208ea750131c03cea19c3f0f7,sell,0xf230b790e05390fc8295f4d3f60332c93bed42e2,0x8366dda2fb291c8046f9f3d6a09cc093dd55555110406f28153df6b43724d224
38,2000,0.0173,0xe3d0a0d0fcdab0f65f97c5e29b3d413e827ca3ce,2017-11-02T03:39:25.000Z,0.00000865,0xdd3896cc7fc8091208ea750131c03cea19c3f0f7,sell,0xf230b790e05390fc8295f4d3f60332c93bed42e2,0xef8fd435d68a485eaf9d164634f396d96cf344170a4bcdbd19ed6354acbb1e6a
39,2400,0.0208032,0x5f7f04b250883da5d1d1f1118aa90f75349ca815,2017-11-02T03:35:03.000Z,0.000008668,0xdd3896cc7fc8091208ea750131c03cea19c3f0f7,sell,0xf230b790e05390fc8295f4d3f60332c93bed42e2,0x4ec650ac6e0a6bb2885e144275c72961e2117d064aab07b8f8dd1295a0a63df8
40,835.764248,0.007561994922531651,0xe16df02476f4ac96ccb5a272bac2390777033823,2017-11-02T03:06:32.000Z,0.00000904800000793004,0xdd3896cc7fc8091208ea750131c03cea19c3f0f7,buy,0xf230b790e05390fc8295f4d3f60332c93bed42e2,0x2c65605fc5f049818750b4e87daa0a9e2bbb209d5f899281875e6e99d9fd05a4
41,3048,0.026825448,0xf4a08caba2cab6eb3e042008a4bcc993a938ce53,2017-11-02T02:51:45.000Z,0.000008801,0xdd3896cc7fc8091208ea750131c03cea19c3f0f7,sell,0xf230b790e05390fc8295f4d3f60332c93bed42e2,0x9c45adf9445cf80a0484ca721939a326d8f38e76ec569ca8e210605bf5d20e34
42,6781,0.059727048,0x21717771388d3279203f11e915f9fc3f365d557b,2017-11-02T02:48:49.000Z,0.000008808,0xdd3896cc7fc8091208ea750131c03cea19c3f0f7,sell,0xf230b790e05390fc8295f4d3f60332c93bed42e2,0xcd7cc45582427417acd06710cc362e2e0d896b6e18a040c3867c8cb7e34a914a
43,0.000001,0.0001,0xf18521dc5c211dc0ed6c85b034d4f46d456950bb,2017-11-02T02:28:26.000Z,100,0x0c8a9ea8a3844253eceb6a0301d7901119a6da8d,sell,0xf230b790e05390fc8295f4d3f60332c93bed42e2,0xaf426cf664968fe63345a294594c0559d61ae63a39ece0e4e7cacd41692d23ea
44,0.000002,0.0000000000181,0x0c8a9ea8a3844253eceb6a0301d7901119a6da8d,2017-11-02T02:28:26.000Z,0.00000905,0x84d2b8fed135d7b4c80dde811e065308ed8bd435,buy,0xf230b790e05390fc8295f4d3f60332c93bed42e2,0xaf426cf664968fe63345a294594c0559d61ae63a39ece0e4e7cacd41692d23ea
45,4465.253,0.039329948424,0x21717771388d3279203f11e915f9fc3f365d557b,2017-11-02T02:28:26.000Z,0.000008808,0xf505e3c63dbf88f0c856442503b304a119dd7587,sell,0xf230b790e05390fc8295f4d3f60332c93bed42e2,0x194441e1026e9b02240c643cdc11270159d3461bf6b717e157ecced4c119907a
46,0.000009,0.0009,0xf18521dc5c211dc0ed6c85b034d4f46d456950bb,2017-11-02T02:28:26.000Z,100,0x273a5d3e6721b9f5c1a6474f560c1334c63dda01,sell,0xf230b790e05390fc8295f4d3f60332c93bed42e2,0x1322a5c17c2ec8785a2f871df0956bf4202972616545b188edfb18aa1cac5b25
47,0.00001,0.0000000000905,0x273a5d3e6721b9f5c1a6474f560c1334c63dda01,2017-11-02T02:28:26.000Z,0.00000905,0x84d2b8fed135d7b4c80dde811e065308ed8bd435,buy,0xf230b790e05390fc8295f4d3f60332c93bed42e2,0x1322a5c17c2ec8785a2f871df0956bf4202972616545b188edfb18aa1cac5b25
48,0.000009,0.0009,0xf18521dc5c211dc0ed6c85b034d4f46d456950bb,2017-11-02T02:20:33.000Z,100,0x273a5d3e6721b9f5c1a6474f560c1334c63dda01,sell,0xf230b790e05390fc8295f4d3f60332c93bed42e2,0x992f232c340a05273acb34fe92fff7c7de8ceca32db31131e3b2a516a1c2e83b
49,0.00001,0.0000000000905,0x273a5d3e6721b9f5c1a6474f560c1334c63dda01,2017-11-02T02:20:33.000Z,0.00000905,0x84d2b8fed135d7b4c80dde811e065308ed8bd435,buy,0xf230b790e05390fc8295f4d3f60332c93bed42e2,0x992f232c340a05273acb34fe92fff7c7de8ceca32db31131e3b2a516a1c2e83b
50,0.000011,0.00000000009955,0x0c8a9ea8a3844253eceb6a0301d7901119a6da8d,2017-11-02T02:16:14.000Z,0.00000905,0x84d2b8fed135d7b4c80dde811e065308ed8bd435,buy,0xf230b790e05390fc8295f4d3f60332c93bed42e2,0xc1db19be3e18b61e5cb9e951bb74cd6456a06e71f5582a16272bf32fcdd2f6a0
51,0.00001,0.001,0xf18521dc5c211dc0ed6c85b034d4f46d456950bb,2017-11-02T02:16:14.000Z,100,0x0c8a9ea8a3844253eceb6a0301d7901119a6da8d,sell,0xf230b790e05390fc8295f4d3f60332c93bed42e2,0xc1db19be3e18b61e5cb9e951bb74cd6456a06e71f5582a16272bf32fcdd2f6a0
52,885,0.00779508,0x21717771388d3279203f11e915f9fc3f365d557b,2017-11-02T02:12:54.000Z,0.000008808,0x0323891d5e16f77403d23a6eef92f022bb9638da,sell,0xf230b790e05390fc8295f4d3f60332c93bed42e2,0x2be8ea8e8ec05e9625e487d40610d922679753119f0e2d8ef0086fa55c0e8ecf
53,0.00001,0.0000000000905,0x273a5d3e6721b9f5c1a6474f560c1334c63dda01,2017-11-02T02:12:16.000Z,0.00000905,0x84d2b8fed135d7b4c80dde811e065308ed8bd435,buy,0xf230b790e05390fc8295f4d3f60332c93bed42e2,0xe6ecfb87b9d90e9ddfb16ff565bdf655f3bed08ff34844b8bd3d7b993882a009
54,0.000009,0.0009,0xf18521dc5c211dc0ed6c85b034d4f46d456950bb,2017-11-02T02:12:16.000Z,100,0x273a5d3e6721b9f5c1a6474f560c1334c63dda01,sell,0xf230b790e05390fc8295f4d3f60332c93bed42e2,0xe6ecfb87b9d90e9ddfb16ff565bdf655f3bed08ff34844b8bd3d7b993882a009
55,0.000009,0.0009,0xf18521dc5c211dc0ed6c85b034d4f46d456950bb,2017-11-02T01:58:54.000Z,100,0x273a5d3e6721b9f5c1a6474f560c1334c63dda01,sell,0xf230b790e05390fc8295f4d3f60332c93bed42e2,0xc98ac40c8fc55f75e867a87a3a04c54d84a6191738a4ff12a675ade823bf1b27
56,0.00001,0.0000000000905,0x273a5d3e6721b9f5c1a6474f560c1334c63dda01,2017-11-02T01:58:54.000Z,0.00000905,0x84d2b8fed135d7b4c80dde811e065308ed8bd435,buy,0xf230b790e05390fc8295f4d3f60332c93bed42e2,0xc98ac40c8fc55f75e867a87a3a04c54d84a6191738a4ff12a675ade823bf1b27
57,0.00001,0.0000000000905,0x273a5d3e6721b9f5c1a6474f560c1334c63dda01,2017-11-02T01:20:14.000Z,0.00000905,0x84d2b8fed135d7b4c80dde811e065308ed8bd435,buy,0xf230b790e05390fc8295f4d3f60332c93bed42e2,0x7cc806162743e444c2dace690584ef088b35d890db4ff75e64817821d0d6201e
58,0.000009,0.0009,0xf18521dc5c211dc0ed6c85b034d4f46d456950bb,2017-11-02T01:20:14.000Z,100,0x273a5d3e6721b9f5c1a6474f560c1334c63dda01,sell,0xf230b790e05390fc8295f4d3f60332c93bed42e2,0x7cc806162743e444c2dace690584ef088b35d890db4ff75e64817821d0d6201e
59,500,0.004525,0x036eafba7bbac262053be63d0a4326a98ce5a3c2,2017-11-02T01:12:18.000Z,0.00000905,0x84d2b8fed135d7b4c80dde811e065308ed8bd435,buy,0xf230b790e05390fc8295f4d3f60332c93bed42e2,0x77c8687cea9e8824d844da267467ab86f8de752f9fa5cbda61257dad6559db01
60,0.00001,0.0000000000905,0x273a5d3e6721b9f5c1a6474f560c1334c63dda01,2017-11-02T00:58:57.000Z,0.00000905,0x84d2b8fed135d7b4c80dde811e065308ed8bd435,buy,0xf230b790e05390fc8295f4d3f60332c93bed42e2,0x857164c3c1a4f464cacc5cc350cff4cb08fe9b87f9faa11ee1c0548a35ca5aa4
61,0.000009,0.0009,0x0c4085d8e714ca77ac5f46cd2b80a92d238a7cd3,2017-11-02T00:58:57.000Z,100,0x273a5d3e6721b9f5c1a6474f560c1334c63dda01,sell,0xf230b790e05390fc8295f4d3f60332c93bed42e2,0x857164c3c1a4f464cacc5cc350cff4cb08fe9b87f9faa11ee1c0548a35ca5aa4
62,0.000009,0.0009,0xf18521dc5c211dc0ed6c85b034d4f46d456950bb,2017-11-02T00:53:32.000Z,100,0x273a5d3e6721b9f5c1a6474f560c1334c63dda01,sell,0xf230b790e05390fc8295f4d3f60332c93bed42e2,0x2caa016c23e429cb51e9227fb6706b0642b41e263d7c8dab298d3b3187771efa
63,0.00001,0.0000000000905,0x273a5d3e6721b9f5c1a6474f560c1334c63dda01,2017-11-02T00:53:32.000Z,0.00000905,0x84d2b8fed135d7b4c80dde811e065308ed8bd435,buy,0xf230b790e05390fc8295f4d3f60332c93bed42e2,0x2caa016c23e429cb51e9227fb6706b0642b41e263d7c8dab298d3b3187771efa
64,882.967974,0.00799086016580581,0x8e2b6f16d4cc8f8309c52ae7e87f03f7f252950e,2017-11-02T00:52:01.000Z,0.00000905000000125237,0x84d2b8fed135d7b4c80dde811e065308ed8bd435,buy,0xf230b790e05390fc8295f4d3f60332c93bed42e2,0xff091923d8041b7893cbc1f7afeb4a43bd88eb4a63466bfa1b01435028015ecc
65,0.000009,0.0009,0xf18521dc5c211dc0ed6c85b034d4f46d456950bb,2017-11-02T00:49:32.000Z,100,0x273a5d3e6721b9f5c1a6474f560c1334c63dda01,sell,0xf230b790e05390fc8295f4d3f60332c93bed42e2,0xd7262c0d53beb8393ca63c3e4b5140d835d02f1ef4740344a451fc01763f68c5
66,0.00001,0.0000000000905,0x273a5d3e6721b9f5c1a6474f560c1334c63dda01,2017-11-02T00:49:32.000Z,0.00000905,0x84d2b8fed135d7b4c80dde811e065308ed8bd435,buy,0xf230b790e05390fc8295f4d3f60332c93bed42e2,0xd7262c0d53beb8393ca63c3e4b5140d835d02f1ef4740344a451fc01763f68c5
67,17272.742894,0.15631832319808595,0x8e2b6f16d4cc8f8309c52ae7e87f03f7f252950e,2017-11-02T00:48:11.000Z,0.0000090500000004276,0x84d2b8fed135d7b4c80dde811e065308ed8bd435,buy,0xf230b790e05390fc8295f4d3f60332c93bed42e2,0xbd13a372d32a2b6e6a79b3ab2544ec07225f9f1f256ac0d9c6bbe954a556b1c4
68,34743.212042,0.27829312845642,0x3dee4a4e076e8d82859d241db0baf46f112cfa23,2017-11-02T00:35:35.000Z,0.00000801,0x828e0f8803413b869879e00d3a262901cd087e3c,sell,0xf230b790e05390fc8295f4d3f60332c93bed42e2,0x7c23061fc3edc04a58f2fee8096ba35ee33ab856500f4eda2b381ee9d19f508f
69,3200.746593,0.028192175991144,0x21717771388d3279203f11e915f9fc3f365d557b,2017-11-02T00:31:33.000Z,0.000008808,0x936efab40ca56398c9109497309c2fd391450bd8,sell,0xf230b790e05390fc8295f4d3f60332c93bed42e2,0x59cf08a9b90dfddb4e073ca174f952f0fd3c8e297549a6af1c02c3cf46353a67
70,0.000009,0.0009,0xf18521dc5c211dc0ed6c85b034d4f46d456950bb,2017-11-02T00:26:57.000Z,100,0x273a5d3e6721b9f5c1a6474f560c1334c63dda01,sell,0xf230b790e05390fc8295f4d3f60332c93bed42e2,0x942a2439202769d6fb9862c3ef9a4579edf863aabf4c304a156466b911d42a00
71,0.00001,0.00000000009349,0x273a5d3e6721b9f5c1a6474f560c1334c63dda01,2017-11-02T00:26:57.000Z,0.000009349,0xf505e3c63dbf88f0c856442503b304a119dd7587,buy,0xf230b790e05390fc8295f4d3f60332c93bed42e2,0x942a2439202769d6fb9862c3ef9a4579edf863aabf4c304a156466b911d42a00
72,12687.599798,0.11418839818506824,0x08633ba8540a230b5be19211578e8d08f4fb1323,2017-11-01T23:39:37.000Z,0.00000900000000024182,0x8103a1614ca0f52ff629093280c46891ecd072f1,buy,0xf230b790e05390fc8295f4d3f60332c93bed42e2,0x8ace65268472c736203d15aa1deafe9c39388969962ce0bf814518c80580c35d
73,1312.400181,0.011811601634931765,0x149880b68367f096063dc0c51c040e8ec10a010b,2017-11-01T23:33:49.000Z,0.00000900000000451978,0x8103a1614ca0f52ff629093280c46891ecd072f1,buy,0xf230b790e05390fc8295f4d3f60332c93bed42e2,0x490754a66e9d39ef8951e7bb7b417aa0417e293716cbbce0da7c7b1bc5f84f85
74,13000,0.117,0x149880b68367f096063dc0c51c040e8ec10a010b,2017-11-01T23:33:16.000Z,0.000009,0x8103a1614ca0f52ff629093280c46891ecd072f1,buy,0xf230b790e05390fc8295f4d3f60332c93bed42e2,0xae4d33abb7e091ae3d0bff4f831ea9f852b8daf22db042f58044c9c7b52e08ce
75,42767.420994,0.34256704216194,0x3dee4a4e076e8d82859d241db0baf46f112cfa23,2017-11-01T22:39:54.000Z,0.00000801,0xf1fe7c32135be94b583d4004f1f650b2a046bf63,sell,0xf230b790e05390fc8295f4d3f60332c93bed42e2,0xc5aecf5b5fa771885f3e2549470c9989522797820a3e8a22e1b56a6291ceb4d4
76,0.00001,0.00000000009,0x273a5d3e6721b9f5c1a6474f560c1334c63dda01,2017-11-01T22:33:50.000Z,0.000009,0x8103a1614ca0f52ff629093280c46891ecd072f1,buy,0xf230b790e05390fc8295f4d3f60332c93bed42e2,0xae02fa5830ae1b91624dc4ee293392248ca93419a6661cd795d19d7e56dbb9a4
77,0.000009,0.0009,0xf18521dc5c211dc0ed6c85b034d4f46d456950bb,2017-11-01T22:33:50.000Z,100,0x273a5d3e6721b9f5c1a6474f560c1334c63dda01,sell,0xf230b790e05390fc8295f4d3f60332c93bed42e2,0xae02fa5830ae1b91624dc4ee293392248ca93419a6661cd795d19d7e56dbb9a4
78,0.000009,0.0009,0xf18521dc5c211dc0ed6c85b034d4f46d456950bb,2017-11-01T21:58:13.000Z,100,0x273a5d3e6721b9f5c1a6474f560c1334c63dda01,sell,0xf230b790e05390fc8295f4d3f60332c93bed42e2,0x737ea4ac5d63287e6940469a8f5d7b34412357e4f76dd8621851ed916cb87592
79,0.00001,0.00000000009,0x273a5d3e6721b9f5c1a6474f560c1334c63dda01,2017-11-01T21:58:13.000Z,0.000009,0x8103a1614ca0f52ff629093280c46891ecd072f1,buy,0xf230b790e05390fc8295f4d3f60332c93bed42e2,0x737ea4ac5d63287e6940469a8f5d7b34412357e4f76dd8621851ed916cb87592
80,110000,0.8811,0x3dee4a4e076e8d82859d241db0baf46f112cfa23,2017-11-01T21:55:54.000Z,0.00000801,0x0248cf74ed50adcf0c050a7ca4136dcb90520f84,sell,0xf230b790e05390fc8295f4d3f60332c93bed42e2,0x2d45e9881064685171c510be73356c32278e7ef22a17c996903ac9093970a2d4
81,4018.542519,0.035395322507352,0xd6a1726b152587dae9389099989e026b4bd06073,2017-11-01T21:51:39.000Z,0.000008808,0x0248cf74ed50adcf0c050a7ca4136dcb90520f84,sell,0xf230b790e05390fc8295f4d3f60332c93bed42e2,0x467f419277b7059c1fe2102ce6f96d355b85020fffc1234920efafd2d6996fe8
82,2000,0.018,0x2e5459ed0d6951a71e3d0b4da87ae85e0a9f5353,2017-11-01T20:43:34.000Z,0.000009,0x46c24e504d8d29a34e7daa3ab20e32f6e3d5eccb,sell,0xf230b790e05390fc8295f4d3f60332c93bed42e2,0xd31c3c13bc09ef633ffea368f2a8f3e10c35adab13873700dcb971e2ca47088a
83,10000,0.09,0xbeafd36577f57717257aa13202980be1670dbeed,2017-11-01T20:08:09.000Z,0.000009,0x8103a1614ca0f52ff629093280c46891ecd072f1,buy,0xf230b790e05390fc8295f4d3f60332c93bed42e2,0x00a485332a638f01c4cc46d620e196c7e94390d9790b8918ead534d67d108d28
84,1000,0.009,0xf5150a1f7046a390681b78f0b01667bf86911590,2017-11-01T19:40:46.000Z,0.000009,0x8103a1614ca0f52ff629093280c46891ecd072f1,buy,0xf230b790e05390fc8295f4d3f60332c93bed42e2,0xaefd9a5986f87cd38c3ef1793b263d0de525bbd0db1e4c42d93231ba99c65c66
85,0.000009,0.0009,0xf18521dc5c211dc0ed6c85b034d4f46d456950bb,2017-11-01T18:25:43.000Z,100,0x273a5d3e6721b9f5c1a6474f560c1334c63dda01,sell,0xf230b790e05390fc8295f4d3f60332c93bed42e2,0x5fdf7c13eb9dd308ece6800ad96363226a683cf61bde3c535fd52177433af1c4
86,0.00001,0.0000000000905,0x273a5d3e6721b9f5c1a6474f560c1334c63dda01,2017-11-01T18:25:43.000Z,0.00000905,0x1eaa18a0e964d346f2b5182be3f97d7aab5145b9,buy,0xf230b790e05390fc8295f4d3f60332c93bed42e2,0x5fdf7c13eb9dd308ece6800ad96363226a683cf61bde3c535fd52177433af1c4
87,5981.457481,0.052684677492648,0xd6a1726b152587dae9389099989e026b4bd06073,2017-11-01T17:48:08.000Z,0.000008808,0xf5050930cf7925b8c1835f5dc9afff1b1752c6eb,sell,0xf230b790e05390fc8295f4d3f60332c93bed42e2,0x3b714c332cedd539c7bbb06f3a151547be3868f4ce98f89e4114321acf495190
88,2410,0.0218105,0x273a5d3e6721b9f5c1a6474f560c1334c63dda01,2017-11-01T17:36:55.000Z,0.00000905,0x1eaa18a0e964d346f2b5182be3f97d7aab5145b9,buy,0xf230b790e05390fc8295f4d3f60332c93bed42e2,0x6ca012820c7e9ca15a2131a48a4a1e171ae8c6a7e477282ccbb3d3821e8c554a
89,2402.77,0.0240277,0xa273ed9670fcbc3c1b9fe5b483f193501512f062,2017-11-01T17:36:55.000Z,0.00001,0x273a5d3e6721b9f5c1a6474f560c1334c63dda01,sell,0xf230b790e05390fc8295f4d3f60332c93bed42e2,0x6ca012820c7e9ca15a2131a48a4a1e171ae8c6a7e477282ccbb3d3821e8c554a
90,4391.336,0.08064688564,0xd5032849004e1bd0641d2b6eee2dfd97d020725a,2017-11-01T16:29:59.000Z,0.000018365,0x003e51b0b457aa82deb2f9e55ab7d9c425d8a4e4,buy,0xf230b790e05390fc8295f4d3f60332c93bed42e2,0x1d49f697e59985949a516f85e9f6f29cd1d6d1dc7a4441073d663ed9da8259f0
91,16000,0.1448,0xbbd65f731e234ad835c964e1f6553fccb63f934c,2017-11-01T16:05:41.000Z,0.00000905,0x1eaa18a0e964d346f2b5182be3f97d7aab5145b9,buy,0xf230b790e05390fc8295f4d3f60332c93bed42e2,0xb01518ce489df96ea0f31a4d6eddba31f76ac4917807c36648caaf4e69c634e5
92,9465.381864,0.085188436776,0x2c7983301df986f8f1b60b999c51abd3731ce6f8,2017-11-01T15:25:54.000Z,0.000009,0x93b758ae0c50397027ee38227d48f9ee595c142c,sell,0xf230b790e05390fc8295f4d3f60332c93bed42e2,0xa996d32b1eac196e321bf935150d99c4d0f252dc947421b0a3a9d9d0d51ceb44
93,23111.3548,0.20337992224,0xe586e8534d235dad3d46685daf7c1815f0962944,2017-11-01T14:44:46.000Z,0.0000088,0x4dda6699222ef31d89c5630bc562f44e3365ba46,sell,0xf230b790e05390fc8295f4d3f60332c93bed42e2,0xa3893f0fd6b980db52afadd4b8aa327e3be71aa8e79d4b3af241f8ca834da257
94,952,0.00796824,0xf4a08caba2cab6eb3e042008a4bcc993a938ce53,2017-11-01T13:16:05.000Z,0.00000837,0x3c44eff1eca505b529fc63db829be10f9790f08f,buy,0xf230b790e05390fc8295f4d3f60332c93bed42e2,0xf7dc27792f93422b02f83fabea8ef43f8ac521f71063511fde98aa62b21b77e6
95,10000,0.08666,0xd85a83108b781f3ced41e40588d9e5a5f3a27188,2017-11-01T12:22:34.000Z,0.000008666,0x3da4ebcffab7a579feffbac8a2a6e27d9e23f0d5,sell,0xf230b790e05390fc8295f4d3f60332c93bed42e2,0xaf204ac1e426b67ad23877c43bfcc5d8ff0145314d506ebee31fefdf6e5b1cb9
96,38000,0.3249,0x8103a1614ca0f52ff629093280c46891ecd072f1,2017-11-01T12:20:54.000Z,0.00000855,0x3da4ebcffab7a579feffbac8a2a6e27d9e23f0d5,sell,0xf230b790e05390fc8295f4d3f60332c93bed42e2,0x2ff5945e770148a5b636310f903d5fd8c8f2db4808b8244cc04a7a9e63675430
97,200,0.0017336,0x5f7f04b250883da5d1d1f1118aa90f75349ca815,2017-11-01T11:49:42.000Z,0.000008668,0x12c535547350bb959bc354855083a229c2263759,sell,0xf230b790e05390fc8295f4d3f60332c93bed42e2,0x89daa97aecca37cb2897bc69f48fd06accc8d630c1eaf55ad75e11be784b0e48
98,99999.998,0.866699982666,0xf4a08caba2cab6eb3e042008a4bcc993a938ce53,2017-11-01T11:05:35.000Z,0.000008667,0x547269c54497404c144bfb5063ca41d51b7b5a88,sell,0xf230b790e05390fc8295f4d3f60332c93bed42e2,0x252ad1b852d8ce43b9cc7453576baa869961f8d4ced83a1d458710564e1ab044
99,100000,0.8669,0xf4a08caba2cab6eb3e042008a4bcc993a938ce53,2017-11-01T11:03:02.000Z,0.000008669,0x547269c54497404c144bfb5063ca41d51b7b5a88,sell,0xf230b790e05390fc8295f4d3f60332c93bed42e2,0xecdeb89603e710c67f9d7db7d3898d8d74ec31f10e2d2023403a3a1b3cab7fde
100,0.002,0.000000017334,0xf4a08caba2cab6eb3e042008a4bcc993a938ce53,2017-11-01T09:46:50.000Z,0.000008667,0x0c4085d8e714ca77ac5f46cd2b80a92d238a7cd3,sell,0xf230b790e05390fc8295f4d3f60332c93bed42e2,0xd1cd3058c7e00c1245bdc814de28e096c6d56e06a707777affe64fb5308360c1
101,0.002,0.000000017332,0xdeda7f64058ce77180ef53de5c27ddbe11968c9b,2017-11-01T09:43:39.000Z,0.000008666,0x0c4085d8e714ca77ac5f46cd2b80a92d238a7cd3,sell,0xf230b790e05390fc8295f4d3f60332c93bed42e2,0x24117706f34a938b0879d4fc151fca21e3140af6a572bb3f034e02a028a364f9
102,4934.855967,0.042765461810022,0xdeda7f64058ce77180ef53de5c27ddbe11968c9b,2017-11-01T09:27:23.000Z,0.000008666,0x5cc2072740d99c150b6815eccc05c8b6bcd466b7,sell,0xf230b790e05390fc8295f4d3f60332c93bed42e2,0x827efc24a7904f7ef94eed43ec685d66e0bc6b857d7b2340f2acf1848152dc8f
103,1000,0.009,0x2e17595778fa95590d5ce62949917cd6b18108e0,2017-11-01T05:24:17.000Z,0.000009,0x93b758ae0c50397027ee38227d48f9ee595c142c,sell,0xf230b790e05390fc8295f4d3f60332c93bed42e2,0x306d94d920055d4f7d43c2878695a995a16e94f3caf608bc1cbab6e595547f36
104,534.615,0.004811535,0x2c7983301df986f8f1b60b999c51abd3731ce6f8,2017-11-01T05:24:17.000Z,0.000009,0x93b758ae0c50397027ee38227d48f9ee595c142c,sell,0xf230b790e05390fc8295f4d3f60332c93bed42e2,0x1960d89b65f252641eb5767ab94f9918677a7baaa798e81ef5b3d6536857a7e3
105,0,0,0xf18521dc5c211dc0ed6c85b034d4f46d456950bb,2017-11-01T05:14:59.000Z,NaN,0x0c4085d8e714ca77ac5f46cd2b80a92d238a7cd3,sell,0xf230b790e05390fc8295f4d3f60332c93bed42e2,0x2da44d02631b9378b0cea46b1c4b1e5a556109cfada9d5240f2c4ff81ba92f07
106,0.00001,0.0000000000915,0x273a5d3e6721b9f5c1a6474f560c1334c63dda01,2017-11-01T05:14:39.000Z,0.00000915,0x547269c54497404c144bfb5063ca41d51b7b5a88,buy,0xf230b790e05390fc8295f4d3f60332c93bed42e2,0x0701043cc5861631616c928098b05c3b72902ab20b9384c37bb76a98a0c3929f
107,0.000009,0.0009,0xf18521dc5c211dc0ed6c85b034d4f46d456950bb,2017-11-01T05:14:39.000Z,100,0x273a5d3e6721b9f5c1a6474f560c1334c63dda01,sell,0xf230b790e05390fc8295f4d3f60332c93bed42e2,0x0701043cc5861631616c928098b05c3b72902ab20b9384c37bb76a98a0c3929f
108,0.001,0.000000009,0x2c7983301df986f8f1b60b999c51abd3731ce6f8,2017-11-01T05:06:54.000Z,0.000009,0x0c4085d8e714ca77ac5f46cd2b80a92d238a7cd3,sell,0xf230b790e05390fc8295f4d3f60332c93bed42e2,0x4c3b5fee7ca1f76d282262628aaafcf8d04a30e307d78b07b5830ac2f2dee8f1
109,0.000001,0.0001,0xf18521dc5c211dc0ed6c85b034d4f46d456950bb,2017-11-01T04:35:32.000Z,100,0x0cd2795a623adeb9370e2895e8d7526a6e4c556d,sell,0xf230b790e05390fc8295f4d3f60332c93bed42e2,0x54aaf76fc4ef9d653bc62eb6a13365d4d9a5aa5fb07a7ad5eda0e1d136cfffcb
110,0,0,0xf18521dc5c211dc0ed6c85b034d4f46d456950bb,2017-11-01T04:35:32.000Z,NaN,0x0c4085d8e714ca77ac5f46cd2b80a92d238a7cd3,sell,0xf230b790e05390fc8295f4d3f60332c93bed42e2,0x79b3185f7e6bf2b64592f57a49739ead2adbd58ae6276e0be5079db18d99e2fd
111,0.000011,0.00000000010065,0x0cd2795a623adeb9370e2895e8d7526a6e4c556d,2017-11-01T04:35:32.000Z,0.00000915,0x547269c54497404c144bfb5063ca41d51b7b5a88,buy,0xf230b790e05390fc8295f4d3f60332c93bed42e2,0x54aaf76fc4ef9d653bc62eb6a13365d4d9a5aa5fb07a7ad5eda0e1d136cfffcb
112,0.00001,0.0000000000915,0x273a5d3e6721b9f5c1a6474f560c1334c63dda01,2017-11-01T04:35:20.000Z,0.00000915,0x547269c54497404c144bfb5063ca41d51b7b5a88,buy,0xf230b790e05390fc8295f4d3f60332c93bed42e2,0xf0590883f269bf97ce8bd946541452b7f539292c658f632b961c75e2cf286760
113,0.000009,0.0009,0xf18521dc5c211dc0ed6c85b034d4f46d456950bb,2017-11-01T04:35:20.000Z,100,0x273a5d3e6721b9f5c1a6474f560c1334c63dda01,sell,0xf230b790e05390fc8295f4d3f60332c93bed42e2,0xf0590883f269bf97ce8bd946541452b7f539292c658f632b961c75e2cf286760
114,0,0,0x0c4085d8e714ca77ac5f46cd2b80a92d238a7cd3,2017-11-01T04:23:16.000Z,NaN,0x0c4085d8e714ca77ac5f46cd2b80a92d238a7cd3,sell,0xf230b790e05390fc8295f4d3f60332c93bed42e2,0xfb2fe93a3d86cfbe5c1e8d9c39973e89ea3c2b35a04851ffc6bae339929babd7
115,0.000009,0.0009,0x0c4085d8e714ca77ac5f46cd2b80a92d238a7cd3,2017-11-01T04:23:16.000Z,100,0x273a5d3e6721b9f5c1a6474f560c1334c63dda01,sell,0xf230b790e05390fc8295f4d3f60332c93bed42e2,0x726e75cd2de992789840d1099df44836dbc2a355c28b386fc59b8ed9f045ea28
116,0.00001,0.0000000000915,0x273a5d3e6721b9f5c1a6474f560c1334c63dda01,2017-11-01T04:23:16.000Z,0.00000915,0x547269c54497404c144bfb5063ca41d51b7b5a88,buy,0xf230b790e05390fc8295f4d3f60332c93bed42e2,0x726e75cd2de992789840d1099df44836dbc2a355c28b386fc59b8ed9f045ea28
117,4950.154021,0.042828732589692,0x5cc2072740d99c150b6815eccc05c8b6bcd466b7,2017-11-01T04:22:04.000Z,0.000008652,0x3efd9b0bd8e4595bc494539aca584821950106ee,sell,0xf230b790e05390fc8295f4d3f60332c93bed42e2,0x51ed54c7fe4ce14ea89a772c27174c833369e63e60dc75069e3bf3d7b2f63dc1
118,50000,0.425,0xc89eaebd7df06962cc5e68ad7e080dfcc1da47a5,2017-11-01T04:20:47.000Z,0.0000085,0x3efd9b0bd8e4595bc494539aca584821950106ee,sell,0xf230b790e05390fc8295f4d3f60332c93bed42e2,0x96d699e6e214d838faa3c3ad4773233d6e518d0c5574103fb898e0ec9c33a803
119,70000,0.602,0x26ba55e24724415976e626b0cfffb35bb8e5ee6c,2017-11-01T04:19:45.000Z,0.0000086,0x3efd9b0bd8e4595bc494539aca584821950106ee,sell,0xf230b790e05390fc8295f4d3f60332c93bed42e2,0xd69908a88bab1ab597a94280e2d06567524d42deb2c47c7781af8982de0d88f1
120,0,0,0x2c7983301df986f8f1b60b999c51abd3731ce6f8,2017-11-01T04:13:09.000Z,NaN,0x0c4085d8e714ca77ac5f46cd2b80a92d238a7cd3,sell,0xf230b790e05390fc8295f4d3f60332c93bed42e2,0x68ad18fd2de43764ae967100bf1549ceb6e0d4cd3002ec232323e18c97ad47b9
121,0.00001,0.0000000000915,0x273a5d3e6721b9f5c1a6474f560c1334c63dda01,2017-11-01T04:12:51.000Z,0.00000915,0x547269c54497404c144bfb5063ca41d51b7b5a88,buy,0xf230b790e05390fc8295f4d3f60332c93bed42e2,0x609a26ba2fb8b8ca2c3e4f4b1ba79c4972154cd874dc7284a8a96fd8e3b3e29c
122,0.000009,0.0009,0x0c4085d8e714ca77ac5f46cd2b80a92d238a7cd3,2017-11-01T04:12:51.000Z,100,0x273a5d3e6721b9f5c1a6474f560c1334c63dda01,sell,0xf230b790e05390fc8295f4d3f60332c93bed42e2,0x609a26ba2fb8b8ca2c3e4f4b1ba79c4972154cd874dc7284a8a96fd8e3b3e29c
123,0.000001,0.0001,0x0c4085d8e714ca77ac5f46cd2b80a92d238a7cd3,2017-11-01T04:10:31.000Z,100,0x0cd2795a623adeb9370e2895e8d7526a6e4c556d,sell,0xf230b790e05390fc8295f4d3f60332c93bed42e2,0xfd87f1631437cd4e4e687fd91a78d227efdff09ce61340195a4ae70f2e6edda0
124,0.000011,0.00000000010054,0x0cd2795a623adeb9370e2895e8d7526a6e4c556d,2017-11-01T04:10:31.000Z,0.00000914,0x3efd9b0bd8e4595bc494539aca584821950106ee,buy,0xf230b790e05390fc8295f4d3f60332c93bed42e2,0xfd87f1631437cd4e4e687fd91a78d227efdff09ce61340195a4ae70f2e6edda0
125,0,0,0x2c7983301df986f8f1b60b999c51abd3731ce6f8,2017-11-01T04:10:31.000Z,NaN,0x0c4085d8e714ca77ac5f46cd2b80a92d238a7cd3,sell,0xf230b790e05390fc8295f4d3f60332c93bed42e2,0xee5b1a319a416f996bddaeef75f3a13d2575e0e93272225d5acbe0c4cf1e060f
126,0.000009,0.0009,0x0c4085d8e714ca77ac5f46cd2b80a92d238a7cd3,2017-11-01T04:10:18.000Z,100,0x273a5d3e6721b9f5c1a6474f560c1334c63dda01,sell,0xf230b790e05390fc8295f4d3f60332c93bed42e2,0x76cb162f6d902297559bfa713d3cd51ca9a2ea39722a82c58ce6cb16b424af63
127,0.00001,0.0000000000915,0x273a5d3e6721b9f5c1a6474f560c1334c63dda01,2017-11-01T04:10:18.000Z,0.00000915,0x547269c54497404c144bfb5063ca41d51b7b5a88,buy,0xf230b790e05390fc8295f4d3f60332c93bed42e2,0x76cb162f6d902297559bfa713d3cd51ca9a2ea39722a82c58ce6cb16b424af63
128,0.000534,0.000000004806,0x2c7983301df986f8f1b60b999c51abd3731ce6f8,2017-11-01T04:02:32.000Z,0.000009,0x0c4085d8e714ca77ac5f46cd2b80a92d238a7cd3,sell,0xf230b790e05390fc8295f4d3f60332c93bed42e2,0x99d64eb26c8d2a8905609e18802a263224ac835d86a37469781fff78c10443f7
129,0.000534,0.000000004806,0x2c7983301df986f8f1b60b999c51abd3731ce6f8,2017-11-01T04:01:37.000Z,0.000009,0x0c4085d8e714ca77ac5f46cd2b80a92d238a7cd3,sell,0xf230b790e05390fc8295f4d3f60332c93bed42e2,0x24f985dff77bd7f8ff4ba4d8404c81dece9fd5db7a6a48a96b3802d3e4b996fb
130,0.000534,0.000000004806,0x2c7983301df986f8f1b60b999c51abd3731ce6f8,2017-11-01T04:01:26.000Z,0.000009,0x0c4085d8e714ca77ac5f46cd2b80a92d238a7cd3,sell,0xf230b790e05390fc8295f4d3f60332c93bed42e2,0x771742243b086c9b9ad1a66b7f8bc4fad4b45098674cb9d494d484665ebbd994
131,0.000001,0.0001,0x0c4085d8e714ca77ac5f46cd2b80a92d238a7cd3,2017-11-01T04:00:36.000Z,100,0x0cd2795a623adeb9370e2895e8d7526a6e4c556d,sell,0xf230b790e05390fc8295f4d3f60332c93bed42e2,0xcee47e44e9852ce4b4a1213162f5a86d3bb2f817cf85a6bfd2070df3aab8a893
132,0.000009,0.0009,0x0c4085d8e714ca77ac5f46cd2b80a92d238a7cd3,2017-11-01T04:00:36.000Z,100,0x273a5d3e6721b9f5c1a6474f560c1334c63dda01,sell,0xf230b790e05390fc8295f4d3f60332c93bed42e2,0xced351a19cd6f9803dcbaf2e8d63ac8f2630b05668e96c54031019553aae7988
133,0.000011,0.00000000010065,0x0cd2795a623adeb9370e2895e8d7526a6e4c556d,2017-11-01T04:00:36.000Z,0.00000915,0x547269c54497404c144bfb5063ca41d51b7b5a88,buy,0xf230b790e05390fc8295f4d3f60332c93bed42e2,0xcee47e44e9852ce4b4a1213162f5a86d3bb2f817cf85a6bfd2070df3aab8a893
134,0.000534,0.000000004806,0x2c7983301df986f8f1b60b999c51abd3731ce6f8,2017-11-01T04:00:36.000Z,0.000009,0x0c4085d8e714ca77ac5f46cd2b80a92d238a7cd3,sell,0xf230b790e05390fc8295f4d3f60332c93bed42e2,0xfb856a098fb1786bceffa2baca74972b7a7420e905b70c4d358026adb458a367
135,0.00001,0.0000000000915,0x273a5d3e6721b9f5c1a6474f560c1334c63dda01,2017-11-01T04:00:36.000Z,0.00000915,0x547269c54497404c144bfb5063ca41d51b7b5a88,buy,0xf230b790e05390fc8295f4d3f60332c93bed42e2,0xced351a19cd6f9803dcbaf2e8d63ac8f2630b05668e96c54031019553aae7988
136,100,0.000915,0xa3b2ceb252ec28d6bb74c78831ebfa56829ff4ed,2017-11-01T03:57:48.000Z,0.00000915,0x547269c54497404c144bfb5063ca41d51b7b5a88,buy,0xf230b790e05390fc8295f4d3f60332c93bed42e2,0xcf70a7835369f73257c27f659c94c47dc5c28fec1b210f82194dacc5b78ef967
137,0.000001,0.0001,0x0c4085d8e714ca77ac5f46cd2b80a92d238a7cd3,2017-11-01T03:55:08.000Z,100,0x0cd2795a623adeb9370e2895e8d7526a6e4c556d,sell,0xf230b790e05390fc8295f4d3f60332c93bed42e2,0x6ff0244b2364f52d07508acfd99a58b196bd11faa3f87a45ef708cf24c07ef72
138,0.000011,0.00000000010065,0x0cd2795a623adeb9370e2895e8d7526a6e4c556d,2017-11-01T03:55:08.000Z,0.00000915,0x547269c54497404c144bfb5063ca41d51b7b5a88,buy,0xf230b790e05390fc8295f4d3f60332c93bed42e2,0x6ff0244b2364f52d07508acfd99a58b196bd11faa3f87a45ef708cf24c07ef72
139,0.00001,0.0000000000915,0x6d2f27149fbf6c559008e95ede61ff20f3e4b847,2017-11-01T03:54:38.000Z,0.00000915,0x547269c54497404c144bfb5063ca41d51b7b5a88,buy,0xf230b790e05390fc8295f4d3f60332c93bed42e2,0x982d28eeca21dbc0e34e23c4f73de916dc795b456ba9e89005cac2ceda72fb34
140,0.000009,0.0009,0x0c4085d8e714ca77ac5f46cd2b80a92d238a7cd3,2017-11-01T03:54:38.000Z,100,0x6d2f27149fbf6c559008e95ede61ff20f3e4b847,sell,0xf230b790e05390fc8295f4d3f60332c93bed42e2,0x982d28eeca21dbc0e34e23c4f73de916dc795b456ba9e89005cac2ceda72fb34
141,0.000011,0.00000000010065,0x0cd2795a623adeb9370e2895e8d7526a6e4c556d,2017-11-01T03:51:44.000Z,0.00000915,0x547269c54497404c144bfb5063ca41d51b7b5a88,buy,0xf230b790e05390fc8295f4d3f60332c93bed42e2,0xb319d1d43a3d275e68474e59167e92215c8a5fd4c9b03f30830fa9dfd63faa46
142,0.000001,0.0001,0x0c4085d8e714ca77ac5f46cd2b80a92d238a7cd3,2017-11-01T03:51:44.000Z,100,0x0cd2795a623adeb9370e2895e8d7526a6e4c556d,sell,0xf230b790e05390fc8295f4d3f60332c93bed42e2,0xb319d1d43a3d275e68474e59167e92215c8a5fd4c9b03f30830fa9dfd63faa46
143,0.00001,0.0000000000915,0x273a5d3e6721b9f5c1a6474f560c1334c63dda01,2017-11-01T03:51:28.000Z,0.00000915,0x547269c54497404c144bfb5063ca41d51b7b5a88,buy,0xf230b790e05390fc8295f4d3f60332c93bed42e2,0xb25772d8ddced18b869becde27a9feb40630d45356be3b3efcb3cc61b1ff2830
144,0.000009,0.0009,0x0c4085d8e714ca77ac5f46cd2b80a92d238a7cd3,2017-11-01T03:51:28.000Z,100,0x273a5d3e6721b9f5c1a6474f560c1334c63dda01,sell,0xf230b790e05390fc8295f4d3f60332c93bed42e2,0xb25772d8ddced18b869becde27a9feb40630d45356be3b3efcb3cc61b1ff2830
145,169879.412,1.5204207374,0x1eb4af8794ecab16d0989839c101cadb4753e793,2017-11-01T03:43:32.000Z,0.00000895,0x547269c54497404c144bfb5063ca41d51b7b5a88,sell,0xf230b790e05390fc8295f4d3f60332c93bed42e2,0x18cae25a6d7f88341f3c50d3919df43cc7299e3cd969166c2ddf312e7982028b
146,280000,2.506,0x1eb4af8794ecab16d0989839c101cadb4753e793,2017-11-01T03:32:04.000Z,0.00000895,0x547269c54497404c144bfb5063ca41d51b7b5a88,sell,0xf230b790e05390fc8295f4d3f60332c93bed42e2,0x42249da59ca1a2a763f1f851f9128ee276459c29803bd23815dd655ac89bb848
147,0.000009,0.0009,0x0c4085d8e714ca77ac5f46cd2b80a92d238a7cd3,2017-11-01T03:21:43.000Z,100,0x273a5d3e6721b9f5c1a6474f560c1334c63dda01,sell,0xf230b790e05390fc8295f4d3f60332c93bed42e2,0x5ffaa5e1956c1423ef77a1386d69b1b621e39a0a4dd1cc8d1303ac314f396724
148,0.00001,0.0000000000915,0x273a5d3e6721b9f5c1a6474f560c1334c63dda01,2017-11-01T03:21:43.000Z,0.00000915,0x547269c54497404c144bfb5063ca41d51b7b5a88,buy,0xf230b790e05390fc8295f4d3f60332c93bed42e2,0x5ffaa5e1956c1423ef77a1386d69b1b621e39a0a4dd1cc8d1303ac314f396724
149,0.000009,0.0009,0x0c4085d8e714ca77ac5f46cd2b80a92d238a7cd3,2017-11-01T03:18:28.000Z,100,0x273a5d3e6721b9f5c1a6474f560c1334c63dda01,sell,0xf230b790e05390fc8295f4d3f60332c93bed42e2,0x5b30bfe4c3c945a624f06afaae6aa67a6916341c21cbacf8e6729698a61b0dea
150,0.00001,0.00000000009369,0x273a5d3e6721b9f5c1a6474f560c1334c63dda01,2017-11-01T03:18:28.000Z,0.000009369,0xf505e3c63dbf88f0c856442503b304a119dd7587,buy,0xf230b790e05390fc8295f4d3f60332c93bed42e2,0x5b30bfe4c3c945a624f06afaae6aa67a6916341c21cbacf8e6729698a61b0dea
151,150000,1.3425,0x1eb4af8794ecab16d0989839c101cadb4753e793,2017-11-01T03:07:49.000Z,0.00000895,0x547269c54497404c144bfb5063ca41d51b7b5a88,sell,0xf230b790e05390fc8295f4d3f60332c93bed42e2,0x3281dbd85ec19b31fab06adb6b6d416b1f7477d0feff626b1e9dfeace820de60
152,587120.587513,5.25472925824135,0x1eb4af8794ecab16d0989839c101cadb4753e793,2017-11-01T02:22:10.000Z,0.00000895,0x9778550d76b07ac9f5e57392f68ecdf6efc1774e,sell,0xf230b790e05390fc8295f4d3f60332c93bed42e2,0x4bf8d5ba6d07067849fead9575c50a23cf12c56c8c68f9b4a86b481e5b03362a
153,15187.241,0.136715543482,0xd0ddc5e388b4010a2a6f4113723aa40d120dbc51,2017-11-01T02:21:28.000Z,0.000009002,0x9778550d76b07ac9f5e57392f68ecdf6efc1774e,sell,0xf230b790e05390fc8295f4d3f60332c93bed42e2,0xc47a0b1f2c349585bc17e95009d62bceebfe1151bd0040d5d6f4e88519a791d9
154,55787.472579,0.502198828156158,0x7f20175bbe1ce7878ffc703b9e595f8207628f83,2017-11-01T02:21:28.000Z,0.000009002,0x9778550d76b07ac9f5e57392f68ecdf6efc1774e,sell,0xf230b790e05390fc8295f4d3f60332c93bed42e2,0x081dd50ad7bbe67b922773c6fc1412b7b8dd99987b518eb9f577064cff673a0d
155,102700,0.9243,0x2b553a3fb559820dae54a01f1bfe2a4df2841b46,2017-11-01T02:18:53.000Z,0.000009,0x547269c54497404c144bfb5063ca41d51b7b5a88,sell,0xf230b790e05390fc8295f4d3f60332c93bed42e2,0xf35f25f2861f837e5710acc99f85bed9adc8924ee74f2ee1be545135f1d52245
156,39377.928421,0.354480111645842,0x7f20175bbe1ce7878ffc703b9e595f8207628f83,2017-11-01T02:16:53.000Z,0.000009002,0x0cdc9010e997542b7cd7c382316953a41e5461e8,sell,0xf230b790e05390fc8295f4d3f60332c93bed42e2,0x09d819f3086ef5a24d1e7b8ba0286eca029848dbba239966294a46f71a35c4ee
157,311941.828884,2.807476459956,0xebf30069ca88d20bbed13ba5b42f813d7be8318e,2017-11-01T02:14:21.000Z,0.000009,0x9778550d76b07ac9f5e57392f68ecdf6efc1774e,sell,0xf230b790e05390fc8295f4d3f60332c93bed42e2,0xecb5c172a1de634953a687e35ebefdd1297d440a63fb5e0b1c6ec97432f539b4
158,41526.315,0.374608887615,0xf505e3c63dbf88f0c856442503b304a119dd7587,2017-11-01T02:13:59.000Z,0.000009021,0x9778550d76b07ac9f5e57392f68ecdf6efc1774e,sell,0xf230b790e05390fc8295f4d3f60332c93bed42e2,0x9d7a7ce9b5fe5fa38994304f225537e2d57b9eea80543d050f9271235b9ffa1e
159,172731.832807,1.5549146857453333,0xe18f24a2cf789b6a5f288622a0a18e9caa43eea3,2017-11-01T02:13:23.000Z,0.0000090019,0x547269c54497404c144bfb5063ca41d51b7b5a88,sell,0xf230b790e05390fc8295f4d3f60332c93bed42e2,0x1939615363737e0ce3677703fe0a5295df134f1fecfdd588eb557488c35797b4
160,58473.684503,0.527491107901563,0xf505e3c63dbf88f0c856442503b304a119dd7587,2017-11-01T02:12:41.000Z,0.000009021,0x9778550d76b07ac9f5e57392f68ecdf6efc1774e,sell,0xf230b790e05390fc8295f4d3f60332c93bed42e2,0x56d4969c5e9c92f507b8af0b322b7c179c50a575c7b93ca56c731bbcc8103bb7
161,300580.458,2.816138311002,0x259679b0e730f9ab861a78104d49f2c7e0c3e752,2017-11-01T02:11:25.000Z,0.000009369,0xd6ef78ef089ff1817ee51fa6a77f6bd06091ff05,sell,0xf230b790e05390fc8295f4d3f60332c93bed42e2,0xdc0c1c1a0a7b62f5fc2feb105b13bc6c2db6152461a6e18fbb9cc6d0fda993fb
162,47919.54196,0.44895818862324,0x259679b0e730f9ab861a78104d49f2c7e0c3e752,2017-11-01T02:07:13.000Z,0.000009369,0xf505e3c63dbf88f0c856442503b304a119dd7587,sell,0xf230b790e05390fc8295f4d3f60332c93bed42e2,0x0d3b8bbea9a84ba014a781b4af6a712eed3482a6672ad7fc938db4e2fc58118f
163,19938.191606,0.17984248828612,0xd0ddc5e388b4010a2a6f4113723aa40d120dbc51,2017-11-01T01:52:47.000Z,0.00000902,0x6bfd04fca93c3d6ba48bd6527769b6191b71bd6e,sell,0xf230b790e05390fc8295f4d3f60332c93bed42e2,0xf53e50cfbef2203b3edbbf2528f2614f15b6b50704e5eb67b2ab96d3a471a2f8
164,255104.325,2.30359205475,0x1eaa18a0e964d346f2b5182be3f97d7aab5145b9,2017-11-01T01:48:00.000Z,0.00000903,0xd6ef78ef089ff1817ee51fa6a77f6bd06091ff05,sell,0xf230b790e05390fc8295f4d3f60332c93bed42e2,0xb254f57f23a28fc64cd0fa5192fff17adc40a2f0f83cab0b92bcd2635a5dd757
165,0.1,0.000000902,0xd0ddc5e388b4010a2a6f4113723aa40d120dbc51,2017-11-01T01:26:47.000Z,0.00000902,0x0c4085d8e714ca77ac5f46cd2b80a92d238a7cd3,sell,0xf230b790e05390fc8295f4d3f60332c93bed42e2,0xdbd44acb19840e76e122c253b6ef1a42f094d084ac2546e99e8781f4e7fd0983
166,441430.987435,3.972878886915,0xebf30069ca88d20bbed13ba5b42f813d7be8318e,2017-11-01T01:19:54.000Z,0.000009,0xce1133769c75f51095d9605ac6f94facda515888,sell,0xf230b790e05390fc8295f4d3f60332c93bed42e2,0xd71b279396715c4e725bcfbb414d3995953135efa08c144e74b62aafb49c1b16
167,47.295988,0.00044713627753964,0x08633ba8540a230b5be19211578e8d08f4fb1323,2017-11-01T01:10:32.000Z,0.00000945400014774276,0xf505e3c63dbf88f0c856442503b304a119dd7587,buy,0xf230b790e05390fc8295f4d3f60332c93bed42e2,0xae76363a30558ec420a23d3953a9f3c172073bf5c7be16fad88b61bf901497b8
168,3800,0.0359252,0x08633ba8540a230b5be19211578e8d08f4fb1323,2017-11-01T01:08:49.000Z,0.000009454,0xf505e3c63dbf88f0c856442503b304a119dd7587,buy,0xf230b790e05390fc8295f4d3f60332c93bed42e2,0xa0ea53842023317070c9e6ddb4c39ad9129418a2b68d1ed1769cfc73f1941b58
169,13000,0.122902,0x08633ba8540a230b5be19211578e8d08f4fb1323,2017-11-01T01:06:47.000Z,0.000009454,0xf505e3c63dbf88f0c856442503b304a119dd7587,buy,0xf230b790e05390fc8295f4d3f60332c93bed42e2,0x440867ecbe6119a002b8831844574dfa0dc0c8c94d90efafdae62762e09b5c69
170,90,0.00085086,0x85340638f7fd12497c9e4f816dc3ef2557d2fc1c,2017-11-01T01:00:00.000Z,0.000009454,0xf505e3c63dbf88f0c856442503b304a119dd7587,buy,0xf230b790e05390fc8295f4d3f60332c93bed42e2,0xd4d797a9065b7ef19ce4d0cafe67107fab5da5b9c0774a151bbf4f162566dfb9
171,2800.51,0.026478822050000017,0x85340638f7fd12497c9e4f816dc3ef2557d2fc1c,2017-11-01T00:50:22.000Z,0.000009455,0x1f686fd0890109346c9242ae8644985e18e1ee6d,buy,0xf230b790e05390fc8295f4d3f60332c93bed42e2,0xca4bd544bf8b3266fc522acfa3a38b3f39f33127f653bef86b69ac32f68ec4d0
172,10500,0.1029,0x08633ba8540a230b5be19211578e8d08f4fb1323,2017-11-01T00:16:54.000Z,0.0000098,0xdeda7f64058ce77180ef53de5c27ddbe11968c9b,buy,0xf230b790e05390fc8295f4d3f60332c93bed42e2,0xf9e9769f1432da003340ff9fa686c8c49a88156a351c9845d99dc47c27d7de54
173,20000,0.1978,0x6bfd04fca93c3d6ba48bd6527769b6191b71bd6e,2017-10-31T22:20:22.000Z,0.00000989,0x4288b5ffc694faf6fc5d6784980307e8e94664ee,buy,0xf230b790e05390fc8295f4d3f60332c93bed42e2,0xe2239d2ecc77d07aca7a25fc1ae1fe2c77ae15ec7b702d50ed752b37a0731f0b
174,2500,0.0236,0x0248cf74ed50adcf0c050a7ca4136dcb90520f84,2017-10-31T22:01:08.000Z,0.00000944,0x1f686fd0890109346c9242ae8644985e18e1ee6d,buy,0xf230b790e05390fc8295f4d3f60332c93bed42e2,0x243ca0fd97e472f68f714005b44ae326a94b8c92731e86671fc3bfd86b56a6ab
175,2675,0.025238625,0x0248cf74ed50adcf0c050a7ca4136dcb90520f84,2017-10-31T21:43:41.000Z,0.000009435,0x1f686fd0890109346c9242ae8644985e18e1ee6d,buy,0xf230b790e05390fc8295f4d3f60332c93bed42e2,0x5ddebbb72493a60759bde7ba9a39f9450535143994bf3fd38cc0b4b0c08df50d
176,325,0.00303875,0x0248cf74ed50adcf0c050a7ca4136dcb90520f84,2017-10-31T21:42:20.000Z,0.00000935,0x1f686fd0890109346c9242ae8644985e18e1ee6d,buy,0xf230b790e05390fc8295f4d3f60332c93bed42e2,0x4a683f4a61857aa25d2e9c09453c9a88eff8d6a28fe54bc5120807cc89dc56e3
177,1446,0.013502748,0x0248cf74ed50adcf0c050a7ca4136dcb90520f84,2017-10-31T21:40:19.000Z,0.000009338,0x1f686fd0890109346c9242ae8644985e18e1ee6d,buy,0xf230b790e05390fc8295f4d3f60332c93bed42e2,0x6cddf6b048c0d89eb891f199b9711af738b526e3000514e13f8fa72853faceb1
178,400000,3.612,0x1eaa18a0e964d346f2b5182be3f97d7aab5145b9,2017-10-31T20:38:40.000Z,0.00000903,0x0248cf74ed50adcf0c050a7ca4136dcb90520f84,sell,0xf230b790e05390fc8295f4d3f60332c93bed42e2,0x604e74ef266ad6908e63f1e7aa614a61dc477336f07d23fae7b45f40dca8de87
179,24922.739507,0.22505233774821,0x1eaa18a0e964d346f2b5182be3f97d7aab5145b9,2017-10-31T20:29:15.000Z,0.00000903,0x99e882bd35c422b3506c50d9cb032f95e1156a73,sell,0xf230b790e05390fc8295f4d3f60332c93bed42e2,0x878e92d358c3198d021a5c93d8bf5f763652e35dddffb9728881b60df8ddb467
180,1.784227,0.00001611156981,0x1eaa18a0e964d346f2b5182be3f97d7aab5145b9,2017-10-31T19:41:52.000Z,0.00000903,0xfef4101395da20d6941352c41a87af9f60fbf86d,sell,0xf230b790e05390fc8295f4d3f60332c93bed42e2,0xee1ba85254f3eeac98c96a4b99514bdecaaac94ab5ab02187099631a12b47027
181,17897.579116,0.16161513941748,0x1eaa18a0e964d346f2b5182be3f97d7aab5145b9,2017-10-31T19:40:31.000Z,0.00000903,0xfef4101395da20d6941352c41a87af9f60fbf86d,sell,0xf230b790e05390fc8295f4d3f60332c93bed42e2,0x5f433c882785ee97ac82b6e052c16d27f86a4d75f04d4d144e6ed964e08c56f6
182,3087.251815,0.027880971141265,0xf505e3c63dbf88f0c856442503b304a119dd7587,2017-10-31T19:38:40.000Z,0.000009031,0xfef4101395da20d6941352c41a87af9f60fbf86d,sell,0xf230b790e05390fc8295f4d3f60332c93bed42e2,0x50d20f0bbb587e5a75da5c067a4db74532da3fd5b1b2bd25bfd8e7b2bd1d0c32
183,26939.606,0.24353403824,0x1eaa18a0e964d346f2b5182be3f97d7aab5145b9,2017-10-31T19:37:29.000Z,0.00000904,0xfef4101395da20d6941352c41a87af9f60fbf86d,sell,0xf230b790e05390fc8295f4d3f60332c93bed42e2,0x24dc35d61e28dd0bd244ca9bc14df07ed52b09ba95d6fe0c359ef1c1d894862c
184,8967.201674,0.08106350313296,0x1eaa18a0e964d346f2b5182be3f97d7aab5145b9,2017-10-31T19:07:05.000Z,0.00000904,0x646904c5dfad32392ed4cbb60c77c0ac3816756c,sell,0xf230b790e05390fc8295f4d3f60332c93bed42e2,0x0ef4345358aa940d4faf7ab4af3a08268082d5dc8aaae76af95933404ac6de55
185,61912.748185,0.559134028858735,0xf505e3c63dbf88f0c856442503b304a119dd7587,2017-10-31T18:50:41.000Z,0.000009031,0x35927849106d7a12e6f1b62cf431caa507f0298f,sell,0xf230b790e05390fc8295f4d3f60332c93bed42e2,0x4230eba324666942b37c9c4a703522291234a570ebe6efdfb9034461d501e45b
186,35481.105174,0.32074919077296,0x1eaa18a0e964d346f2b5182be3f97d7aab5145b9,2017-10-31T18:29:24.000Z,0.00000904,0xa3f6489c63d90ea3bd50af9b292c02b3f8ca234a,sell,0xf230b790e05390fc8295f4d3f60332c93bed42e2,0xe219eabdbae1eaa734366e51c4ca443ffb5f3394056f36a20c539a523ec75b35
187,6579.603229,0.05947961319016,0x1eaa18a0e964d346f2b5182be3f97d7aab5145b9,2017-10-31T18:26:11.000Z,0.00000904,0x07dc42630e5a61a975534f54bd2baa1c6a80c81e,sell,0xf230b790e05390fc8295f4d3f60332c93bed42e2,0x23a7551fd112b80814d6f0a06c699dca0a9cbfa645a606d0d3ecde002725ba75
188,199319,1.992791362,0x9cc70180769967ed38af69549938ad6d3c18b071,2017-10-31T17:06:15.000Z,0.000009998,0x296bdb5e7ef5188a02d5506169f52b002211dc63,buy,0xf230b790e05390fc8295f4d3f60332c93bed42e2,0x9a11463ed0c4b5ea3a236cf14023cb59d06683bfbfa3e2051f58b4e76e59ba31
189,11065.696341,0.10003389492264,0x1eaa18a0e964d346f2b5182be3f97d7aab5145b9,2017-10-31T16:53:14.000Z,0.00000904,0xa702c091023a4cd50a32ba96833cdc8e005b0191,sell,0xf230b790e05390fc8295f4d3f60332c93bed42e2,0xea75f0c1c9150d776e7be194300f07280b91a77f03b3eae63485d02cdff52862
190,1700,0.016983,0x5ad9952330353215a1e4ff58929d7f0d1432c114,2017-10-31T16:44:29.000Z,0.00000999,0x1eaa18a0e964d346f2b5182be3f97d7aab5145b9,buy,0xf230b790e05390fc8295f4d3f60332c93bed42e2,0x7f5f5c6519d0b4477fd3eeac165d6a000ed9e11d73123226bcb4d68324da7d07
191,10966.787427,0.09913975834008,0x1eaa18a0e964d346f2b5182be3f97d7aab5145b9,2017-10-31T16:36:43.000Z,0.00000904,0x994c5857751ecafecbff55b97fadda1c5b37136d,sell,0xf230b790e05390fc8295f4d3f60332c93bed42e2,0xe74203785dbc0f2f3582fff1603c9c8be419126dfe49c0e373a8149853be9888
192,10000,0.0906,0x2c7983301df986f8f1b60b999c51abd3731ce6f8,2017-10-31T16:27:49.000Z,0.00000906,0xa3f6489c63d90ea3bd50af9b292c02b3f8ca234a,sell,0xf230b790e05390fc8295f4d3f60332c93bed42e2,0x7f54bb925b6ba609e225eec62f84d3c70572c988c039f790f14579f9cab1d31e
193,67000,0.669933,0x315190118c009ce64639d2044d4ae5c0a8e92ffd,2017-10-31T15:51:31.000Z,0.000009999,0x1884f481c3ad3bd5bce2a9787542cd4d61427ad7,buy,0xf230b790e05390fc8295f4d3f60332c93bed42e2,0x53e428b59d9497aed5faf6c85b419f3a9d7a2b5bc91889379a0630cee36a84ec
194,2073.571927,0.01872435450081,0x1eaa18a0e964d346f2b5182be3f97d7aab5145b9,2017-10-31T15:09:04.000Z,0.00000903,0x95526ed34d8ab60c76695bf66e0036244528a360,sell,0xf230b790e05390fc8295f4d3f60332c93bed42e2,0x78abea6acf4aa097020200a044aa9e5a8e642a4111afe0cb218a21e1c0120df7
195,20000,0.185,0x094733fd56e985686c3ce360e9821ea501d2dee9,2017-10-31T15:08:05.000Z,0.00000925,0x95526ed34d8ab60c76695bf66e0036244528a360,sell,0xf230b790e05390fc8295f4d3f60332c93bed42e2,0x2b2fee61c3fb6dfe052dec494c56134f779365789a8f5216642e74bec0904adf
196,1096.710209,0.010966005383311732,0x0ce4b16411b408bc9f06d456175db3cc79b25299,2017-10-31T14:13:18.000Z,0.00000999900000321026,0x1884f481c3ad3bd5bce2a9787542cd4d61427ad7,buy,0xf230b790e05390fc8295f4d3f60332c93bed42e2,0x01928defb1dd8bb895aacd1a002082cd793b7612df2cd0820d7fbd74dcd70fe7
197,20000,0.1882,0x094733fd56e985686c3ce360e9821ea501d2dee9,2017-10-31T14:11:36.000Z,0.00000941,0x93b758ae0c50397027ee38227d48f9ee595c142c,sell,0xf230b790e05390fc8295f4d3f60332c93bed42e2,0x3833d56733a59625128b542e8de3ceec41f7225db893431202f5c1d346db28ec
198,53885.286392,0.5011331634456,0xe3ab90e2d47e7bbcdfde9c82510c7b78bfa12e98,2017-10-31T14:04:12.000Z,0.0000093,0xf505e3c63dbf88f0c856442503b304a119dd7587,sell,0xf230b790e05390fc8295f4d3f60332c93bed42e2,0x13493948ee0017d696bb35b96f10b7e76719ddc9a9f6056df0e45e734cd3bcbc
199,6000,0.0636,0x2c7983301df986f8f1b60b999c51abd3731ce6f8,2017-10-31T13:45:13.000Z,0.0000106,0xf505e3c63dbf88f0c856442503b304a119dd7587,sell,0xf230b790e05390fc8295f4d3f60332c93bed42e2,0x158e1bb5beb1a8f2356226fb22394e0a8f7081abd617839cc54d3e81388273f1
200,0.000009,0.0009,0x0c4085d8e714ca77ac5f46cd2b80a92d238a7cd3,2017-10-31T13:28:00.000Z,100,0x273a5d3e6721b9f5c1a6474f560c1334c63dda01,sell,0xf230b790e05390fc8295f4d3f60332c93bed42e2,0x0dc38ace6fe859393b7e6c635311672a6dccd70251a3971a21f6f217a922cd74
201,0.00001,0.000000000095,0x273a5d3e6721b9f5c1a6474f560c1334c63dda01,2017-10-31T13:28:00.000Z,0.0000095,0x723fa2df041440651a6ac8cdddcf81a0977a97e8,buy,0xf230b790e05390fc8295f4d3f60332c93bed42e2,0x0dc38ace6fe859393b7e6c635311672a6dccd70251a3971a21f6f217a922cd74
202,52246.037112,0.4703136014785128,0xe18f24a2cf789b6a5f288622a0a18e9caa43eea3,2017-10-31T13:17:16.000Z,0.0000090019,0x407060a3e4d99b2fe851b90d72578e7aeeab7f4d,sell,0xf230b790e05390fc8295f4d3f60332c93bed42e2,0xd427a8f21db3873e5f0050272d0bae7968e0f55c404fb790b19dfc9b6593855c
203,60000,0.54018,0xf505e3c63dbf88f0c856442503b304a119dd7587,2017-10-31T13:16:46.000Z,0.000009003,0x407060a3e4d99b2fe851b90d72578e7aeeab7f4d,sell,0xf230b790e05390fc8295f4d3f60332c93bed42e2,0xaa07a69836d0c1ff34c69ce6161d5932f71c99e758335c6aa31483d606f8786d
204,26857.901,0.24736126821,0x2475fe4d7a9d7d2e7908baf6697b801596bf5148,2017-10-31T13:16:32.000Z,0.00000921,0x407060a3e4d99b2fe851b90d72578e7aeeab7f4d,sell,0xf230b790e05390fc8295f4d3f60332c93bed42e2,0x8c65a1e6fa2567c87ebbb1a03741e3c17de4589901b632157b44e0b658d29523
205,80232.826989,0.7461652909977,0x22be5bbdae3b8305a4039eccaf0831c695fea98a,2017-10-31T13:06:39.000Z,0.0000093,0x407060a3e4d99b2fe851b90d72578e7aeeab7f4d,sell,0xf230b790e05390fc8295f4d3f60332c93bed42e2,0xa17d31a6118ed6f357df98fb237f98acdf2f627eb9524ba7d2c7f53e1c151c6c
206,55518.891436,0.5163256903548,0x22be5bbdae3b8305a4039eccaf0831c695fea98a,2017-10-31T12:41:44.000Z,0.0000093,0x13758560a10fac7d1f713b69e7e5ef4f6e10a54c,sell,0xf230b790e05390fc8295f4d3f60332c93bed42e2,0x27262c0721c4250e05084ba4a8d7d56aa71d48fa18b80fa8cef6121d4f24d4b5
207,14248.281575,0.1325090186475,0x22be5bbdae3b8305a4039eccaf0831c695fea98a,2017-10-31T12:19:49.000Z,0.0000093,0x0c4085d8e714ca77ac5f46cd2b80a92d238a7cd3,sell,0xf230b790e05390fc8295f4d3f60332c93bed42e2,0x8fea7cbc2aa4147fcd7e7571bad7ac7b28a3c85766c534a90f1f17851ec222aa
208,2102.237999,0.02102237999,0xa273ed9670fcbc3c1b9fe5b483f193501512f062,2017-10-31T12:15:46.000Z,0.00001,0x0c4085d8e714ca77ac5f46cd2b80a92d238a7cd3,sell,0xf230b790e05390fc8295f4d3f60332c93bed42e2,0xcf18a9a469adf1be194cd5c44669e0744e6936b1f177d5f105fd121c1c9303fc
209,0.01,0.0000001,0xa273ed9670fcbc3c1b9fe5b483f193501512f062,2017-10-31T12:09:21.000Z,0.00001,0x0c4085d8e714ca77ac5f46cd2b80a92d238a7cd3,sell,0xf230b790e05390fc8295f4d3f60332c93bed42e2,0xfd529a3e00421b5341ec5dbec7cd3af0584c657c2656656eabc670d7b5395fd2
210,0.323629,0.000003559924064588,0x598ddee53dee6601146202a4a4ebd2ee7289d766,2017-10-31T12:03:10.000Z,0.00001100001564936393,0x547269c54497404c144bfb5063ca41d51b7b5a88,buy,0xf230b790e05390fc8295f4d3f60332c93bed42e2,0x88c3e20ed10bf8498249699b63a444e2848256671acd5a605a5f66ec61857a2a
211,0,0,0xa273ed9670fcbc3c1b9fe5b483f193501512f062,2017-10-31T12:02:16.000Z,NaN,0x0c4085d8e714ca77ac5f46cd2b80a92d238a7cd3,sell,0xf230b790e05390fc8295f4d3f60332c93bed42e2,0x22cd44446d09a5abb1ce8fcea9eea7290a3805b7e145aaf290a14e6bf9f980f4
212,1.093212,0.00001093212,0xa273ed9670fcbc3c1b9fe5b483f193501512f062,2017-10-31T11:49:18.000Z,0.00001,0xa6dfcf5ee18d97d5047b60a894596a6d6450e350,sell,0xf230b790e05390fc8295f4d3f60332c93bed42e2,0x3038b0682dbc4eb6e542b7d8a5772b9a62e12def27632097ff2d0fb9827d3233
213,10966.005383,0.10966005383,0xa273ed9670fcbc3c1b9fe5b483f193501512f062,2017-10-31T11:47:40.000Z,0.00001,0xa6dfcf5ee18d97d5047b60a894596a6d6450e350,sell,0xf230b790e05390fc8295f4d3f60332c93bed42e2,0x55fcbf4c002ef7f809277b6e1d3b6cd8c4541e3850863907bfc4f72cb8b914d1
214,30000,0.33,0x15a05e5b6f16c3bd23c1ad8d2abc1dc22f4618c6,2017-10-31T11:37:06.000Z,0.000011,0x547269c54497404c144bfb5063ca41d51b7b5a88,buy,0xf230b790e05390fc8295f4d3f60332c93bed42e2,0x078e71b1f9eb686ce3a9b90eee003776849318d2851fb724f6f46fc6aab6e562
215,1100,0.0121,0x15a05e5b6f16c3bd23c1ad8d2abc1dc22f4618c6,2017-10-31T11:32:18.000Z,0.000011,0x9651b2361c8bc862d822707b34e5a0175a467a5b,buy,0xf230b790e05390fc8295f4d3f60332c93bed42e2,0x278a0d935ccc5814e774364e18448f2b48c840e53014f55551e81ec747c10bcb
216,3718.510304,0.03718510304,0xa273ed9670fcbc3c1b9fe5b483f193501512f062,2017-10-31T11:27:46.000Z,0.00001,0x0c4085d8e714ca77ac5f46cd2b80a92d238a7cd3,sell,0xf230b790e05390fc8295f4d3f60332c93bed42e2,0x0d2726cae470130e93a257383d9981c1e91497b6ddc050c7ae0dea17548b0055
217,4776.506492,0.04776506492,0xa273ed9670fcbc3c1b9fe5b483f193501512f062,2017-10-31T11:25:24.000Z,0.00001,0x0c4085d8e714ca77ac5f46cd2b80a92d238a7cd3,sell,0xf230b790e05390fc8295f4d3f60332c93bed42e2,0xabbf604058bda39a79c6efd16c84bece22ae4bf3edbff95fdb5b4d99dd46d2f1
218,21999.99999,0.2199999999,0x0c4085d8e714ca77ac5f46cd2b80a92d238a7cd3,2017-10-31T11:21:53.000Z,0.00001,0x93f263bda652e5061386284a7d3b6ea0cdd27852,buy,0xf230b790e05390fc8295f4d3f60332c93bed42e2,0x45ef4af8b276349b0348b2affcdebc64ff2d15358051a15ae3af38c1be9787fe
219,0.000009,0.0009,0x0c4085d8e714ca77ac5f46cd2b80a92d238a7cd3,2017-10-31T11:20:49.000Z,100,0x273a5d3e6721b9f5c1a6474f560c1334c63dda01,sell,0xf230b790e05390fc8295f4d3f60332c93bed42e2,0x0bd336fa8d9a5c19ed1c803faa73e89a0040d7e5c735bcd65154473c24e68ca8
220,0.00001,0.0000000001,0x273a5d3e6721b9f5c1a6474f560c1334c63dda01,2017-10-31T11:20:49.000Z,0.00001,0x93f263bda652e5061386284a7d3b6ea0cdd27852,buy,0xf230b790e05390fc8295f4d3f60332c93bed42e2,0x0bd336fa8d9a5c19ed1c803faa73e89a0040d7e5c735bcd65154473c24e68ca8
221,0.2215,0.000002215,0xa273ed9670fcbc3c1b9fe5b483f193501512f062,2017-10-31T11:14:07.000Z,0.00001,0x0c4085d8e714ca77ac5f46cd2b80a92d238a7cd3,sell,0xf230b790e05390fc8295f4d3f60332c93bed42e2,0x7c6b2ecbc4218aede647e0123ae7d3fdf0b03858141d6bbd1f8b4828cc0753e5
222,200000,2.15,0xd0f7a0950e32838c3050052bbc2fcd0186e3abdf,2017-10-31T11:09:03.000Z,0.00001075,0x547269c54497404c144bfb5063ca41d51b7b5a88,buy,0xf230b790e05390fc8295f4d3f60332c93bed42e2,0x0ca7e1b8f61940e6c7cd72702ab1f2d2354dfb8692b7413c98a16c18960ea892
223,90,0.0009,0xa273ed9670fcbc3c1b9fe5b483f193501512f062,2017-10-31T11:08:14.000Z,0.00001,0x0c4085d8e714ca77ac5f46cd2b80a92d238a7cd3,sell,0xf230b790e05390fc8295f4d3f60332c93bed42e2,0x22fdef17ff9eb186aa4f88bcd61e2523051efb75e91c9ad97062d4a7f2ac26de
224,500,0.005,0xa273ed9670fcbc3c1b9fe5b483f193501512f062,2017-10-31T11:07:36.000Z,0.00001,0xf505e3c63dbf88f0c856442503b304a119dd7587,sell,0xf230b790e05390fc8295f4d3f60332c93bed42e2,0xe0eb4944d2867881e6e0cf4856784d7dab76c53e1a4096cffa6128650cb07045
225,3000,0.03,0x0c4085d8e714ca77ac5f46cd2b80a92d238a7cd3,2017-10-31T11:02:37.000Z,0.00001,0x93f263bda652e5061386284a7d3b6ea0cdd27852,buy,0xf230b790e05390fc8295f4d3f60332c93bed42e2,0x51d66a7a92752257a4ef1044f469bd1d9005a3389d394bead19df0e5f434ec24
226,300000,2.964,0x7f3b0424d8ceb11f5929102a2659a360256a2096,2017-10-31T10:28:53.000Z,0.00000988,0x526b9f2a9b935811c23b18980bbca7882a9e4f24,buy,0xf230b790e05390fc8295f4d3f60332c93bed42e2,0xfc05a97a0a8f1c9196040f1a69a4b307d1662c7db7197b2105dc9321491d5fec
227,50000,0.4875,0x7f3b0424d8ceb11f5929102a2659a360256a2096,2017-10-31T10:27:27.000Z,0.00000975,0xf505e3c63dbf88f0c856442503b304a119dd7587,buy,0xf230b790e05390fc8295f4d3f60332c93bed42e2,0x6df74d47fe7c7df13e4bfb4ca3e1bdc03503204512698a25ec2df14632f652cc
228,110999,1.08335024,0x7f3b0424d8ceb11f5929102a2659a360256a2096,2017-10-31T10:25:57.000Z,0.00000976,0x2475fe4d7a9d7d2e7908baf6697b801596bf5148,buy,0xf230b790e05390fc8295f4d3f60332c93bed42e2,0x74b0e1cba9dd1c53e25a57a3e045178d15ae516187a5da959e1b8224a4009b6d
229,219999,2.0899905,0x7f3b0424d8ceb11f5929102a2659a360256a2096,2017-10-31T10:24:06.000Z,0.0000095,0x92a8f4c470e2c243e48c14709dda9009be4d5310,buy,0xf230b790e05390fc8295f4d3f60332c93bed42e2,0xdef402243844103bfa028b5914bf5a05f6e3693d326fac21c2c3f36be0f42872
230,113635,1.068169,0x7f3b0424d8ceb11f5929102a2659a360256a2096,2017-10-31T10:23:39.000Z,0.0000094,0x356d9b110ced427106ef6b9fed564b2c5a4f57a0,buy,0xf230b790e05390fc8295f4d3f60332c93bed42e2,0x27002c7388270a49daecec137bcb2e9ca8ed93f45edc20b18988f7f951ccd592
231,3.280482,0.0000298523862,0x3111d6305eb38043189898abad352f3048c5a0bc,2017-10-31T10:21:15.000Z,0.0000091,0xe4a4a8bce34dc0a44e872bc89fbf699c0aa43664,sell,0xf230b790e05390fc8295f4d3f60332c93bed42e2,0xdda5adc8c4ba9a3ea44ab19c166960785217f6eb85ad14feaa2485c220259c71
232,10,0.000094,0x0c4085d8e714ca77ac5f46cd2b80a92d238a7cd3,2017-10-31T10:17:18.000Z,0.0000094,0x356d9b110ced427106ef6b9fed564b2c5a4f57a0,buy,0xf230b790e05390fc8295f4d3f60332c93bed42e2,0xafa18e15d2c5db17071cf52f224de419bb64159d3de299b3ae2aa23fc5793742
233,22.130081,0.0001992127761539,0xe18f24a2cf789b6a5f288622a0a18e9caa43eea3,2017-10-31T10:12:38.000Z,0.0000090019,0xd04667c147dea188bf142c8b0d4ffadc4a70de77,sell,0xf230b790e05390fc8295f4d3f60332c93bed42e2,0x597cbe133f4c3b71c388840734b3fae8689881522936183cba05626fec67b107
234,32906.517357,0.2994493079487,0x3111d6305eb38043189898abad352f3048c5a0bc,2017-10-31T10:10:45.000Z,0.0000091,0xe4a4a8bce34dc0a44e872bc89fbf699c0aa43664,sell,0xf230b790e05390fc8295f4d3f60332c93bed42e2,0xdd20eb4ebcdaa3232df41b6c54e432bddde12a2f0b284abd2585bf6ad79a5177
235,134776.188773,1.21568122273246,0xd0ddc5e388b4010a2a6f4113723aa40d120dbc51,2017-10-31T10:09:06.000Z,0.00000902,0xe4a4a8bce34dc0a44e872bc89fbf699c0aa43664,sell,0xf230b790e05390fc8295f4d3f60332c93bed42e2,0xf48dff13a776f1f11704b53385c2e7a1f05e202fa6cde964c8a8269cba84b7d7
236,1,0.0000095,0x0c4085d8e714ca77ac5f46cd2b80a92d238a7cd3,2017-10-31T10:04:11.000Z,0.0000095,0x92a8f4c470e2c243e48c14709dda9009be4d5310,buy,0xf230b790e05390fc8295f4d3f60332c93bed42e2,0x77db7141e0f6e6bb06b8bfacadf5c025ecb6e1356246f18041cee0fe5e0c04de
237,150000,1.365,0x1a4cfe7277bfdbd108ef42a3db9e8a1c05428c6c,2017-10-31T09:56:25.000Z,0.0000091,0xe4a4a8bce34dc0a44e872bc89fbf699c0aa43664,sell,0xf230b790e05390fc8295f4d3f60332c93bed42e2,0xade4735f094366a63a6beb4aebf5a0aa7f30b576c6092fac5060ca22302ebb0a
238,20286.044193,0.1866316065756,0xd6ef78ef089ff1817ee51fa6a77f6bd06091ff05,2017-10-31T09:14:06.000Z,0.0000092,0x79adc6f2891e65969d62c7508c7a1eebce3b6019,sell,0xf230b790e05390fc8295f4d3f60332c93bed42e2,0x03cb1271a88c54ac62ead2252511dc4df02ef7b2ba9d25b8888739e02b41b66e
239,59000,0.582861,0x356d9b110ced427106ef6b9fed564b2c5a4f57a0,2017-10-31T09:10:47.000Z,0.000009879,0xd6ef78ef089ff1817ee51fa6a77f6bd06091ff05,buy,0xf230b790e05390fc8295f4d3f60332c93bed42e2,0x1928ddcf5ee25a5b0d991d496c56338ab6bfd6e74e11e5f5e01bebd784e1ec92
240,35904.229888,0.3240356747392,0x2475fe4d7a9d7d2e7908baf6697b801596bf5148,2017-10-31T09:08:36.000Z,0.000009025,0x79adc6f2891e65969d62c7508c7a1eebce3b6019,sell,0xf230b790e05390fc8295f4d3f60332c93bed42e2,0xd527577467938dd2cd3e1cfa64de66006561fb87d08567b2c594a822e3732b36
241,21899.666566,0.197556892091886,0x9e593db389c9d8307b5c932dda21491e63f8f7d3,2017-10-31T09:08:36.000Z,0.000009021,0x79adc6f2891e65969d62c7508c7a1eebce3b6019,sell,0xf230b790e05390fc8295f4d3f60332c93bed42e2,0xe65e59511bf46284016da7ef9e72e0eccb2e03b3301b5c05997f1906c1e263fa
242,21111,0.1921101,0xd0ddc5e388b4010a2a6f4113723aa40d120dbc51,2017-10-31T09:08:36.000Z,0.0000091,0x79adc6f2891e65969d62c7508c7a1eebce3b6019,sell,0xf230b790e05390fc8295f4d3f60332c93bed42e2,0xaa1c03746aa8dd9edacbbf5bf31cef0702ab2bb85ae11dec54be03cfc28b66bd
243,54644.545,0.513713367545,0x356d9b110ced427106ef6b9fed564b2c5a4f57a0,2017-10-31T09:07:45.000Z,0.000009401,0x5f8fe09e6f195b99b84274f00f898570d8814655,buy,0xf230b790e05390fc8295f4d3f60332c93bed42e2,0xbfbb747784132f13eb5b6e4cbc3509153a92b4956fe0537e2930b28db2085c29
244,58548.499651,0.528166015351671,0x9e593db389c9d8307b5c932dda21491e63f8f7d3,2017-10-31T08:46:36.000Z,0.000009021,0xe913c0f42fb60f85bd43bdddaf4e004135ef318c,sell,0xf230b790e05390fc8295f4d3f60332c93bed42e2,0xe971f01eb9a515b798ef36669659bc6225def3f4bc85f6c14e5756f29a69f005
245,41773.833783,0.376841754556443,0x9e593db389c9d8307b5c932dda21491e63f8f7d3,2017-10-31T08:45:18.000Z,0.000009021,0x105b5e3647ce8dded672844020ef7945e66c9125,sell,0xf230b790e05390fc8295f4d3f60332c93bed42e2,0x8576da77d5521357c12a9ea89cefa4a43166806b3d1888fbe4811b40fc2a2d83
246,0.005945,0.000000054699945,0x96e3bf4e28961f07b11b70c3349af1790cdb0847,2017-10-31T08:36:18.000Z,0.000009201,0xa15fa94f5bf7b95066c1315095625d217792998d,sell,0xf230b790e05390fc8295f4d3f60332c93bed42e2,0xca54fd58dbc216c6612e43c29e5ef3433602029649aae908248ee480d85f477e
247,59.630073,0.000548656301673,0x96e3bf4e28961f07b11b70c3349af1790cdb0847,2017-10-31T08:35:32.000Z,0.000009201,0xa15fa94f5bf7b95066c1315095625d217792998d,sell,0xf230b790e05390fc8295f4d3f60332c93bed42e2,0x45b7a7e7248e19e28af4b94c7d61fb752af61b7842b96369ace57e9eaf1576e6
248,598149.259236,5.383343333124,0xebf30069ca88d20bbed13ba5b42f813d7be8318e,2017-10-31T08:29:33.000Z,0.000009,0xa15fa94f5bf7b95066c1315095625d217792998d,sell,0xf230b790e05390fc8295f4d3f60332c93bed42e2,0x95d0a030f354940e111fc8147554db0931bba5dc668ca6f3dc94d9045766dcfc
249,35219.3869,0.3178549667725,0x2475fe4d7a9d7d2e7908baf6697b801596bf5148,2017-10-31T08:15:15.000Z,0.000009025,0xa15fa94f5bf7b95066c1315095625d217792998d,sell,0xf230b790e05390fc8295f4d3f60332c93bed42e2,0x71c37ccdeb2b5634e76f2ba3e990610ce8b9eca12f0eb11f6cbbf9bb013059c3
250,39876.383212,0.3598843584883,0x2475fe4d7a9d7d2e7908baf6697b801596bf5148,2017-10-31T08:14:14.000Z,0.000009025,0x32da577fd7de6f18b43c8318dd2bc6d56702d618,sell,0xf230b790e05390fc8295f4d3f60332c93bed42e2,0xb9107fd1c0b2dcee41718257987fb9c10c000ed0febcfd204bd3c5cab50b3386
251,31111,0.28684342,0xd0ddc5e388b4010a2a6f4113723aa40d120dbc51,2017-10-31T08:10:53.000Z,0.00000922,0xa15fa94f5bf7b95066c1315095625d217792998d,sell,0xf230b790e05390fc8295f4d3f60332c93bed42e2,0x13af3fea81235f785063241d9458b8acb57a1ce38bf3a653a26850468f87e458
252,0.000009,0.0099,0x9651b2361c8bc862d822707b34e5a0175a467a5b,2017-10-31T06:56:25.000Z,1100,0xf44072eda87ede9613b6ae1b812de8a60ade27a2,sell,0xf230b790e05390fc8295f4d3f60332c93bed42e2,0xf90a59822838df7fdb4d9e9f60bb686692edef4a86bcfaa17c8654d8d4d4402a
253,0.000009,0.0099,0x9651b2361c8bc862d822707b34e5a0175a467a5b,2017-10-31T06:56:25.000Z,1100,0xf44072eda87ede9613b6ae1b812de8a60ade27a2,sell,0xf230b790e05390fc8295f4d3f60332c93bed42e2,0xddab6e7465bd2bb8122d742147ec0a24106c464ba08006bdbc0575972d093036
254,0.000009,0.0099,0x9651b2361c8bc862d822707b34e5a0175a467a5b,2017-10-31T06:56:25.000Z,1100,0xf44072eda87ede9613b6ae1b812de8a60ade27a2,sell,0xf230b790e05390fc8295f4d3f60332c93bed42e2,0x6cf8d47f6993df3b38495a901068914d9538af53b0818a5a82837745a1ae2146
255,200000,1.9158,0x3a627b8be352c55d376c49f4a4c023e749671f2d,2017-10-31T06:26:32.000Z,0.000009579,0x5f8fe09e6f195b99b84274f00f898570d8814655,buy,0xf230b790e05390fc8295f4d3f60332c93bed42e2,0xb0e170e847b6367af6c54e6517af51fd98379bcf9ce0ff7bcb2852c2e11db98a
256,9467.733032,0.08303201869064,0xf44072eda87ede9613b6ae1b812de8a60ade27a2,2017-10-31T06:16:54.000Z,0.00000877,0x3dee4a4e076e8d82859d241db0baf46f112cfa23,buy,0xf230b790e05390fc8295f4d3f60332c93bed42e2,0x1c527e4b158cb6b627e2feb4094f181363710cef41c26d848969fa074864e06b
257,37667.225267,0.346576139681667,0x96e3bf4e28961f07b11b70c3349af1790cdb0847,2017-10-31T06:16:54.000Z,0.000009201,0xf44072eda87ede9613b6ae1b812de8a60ade27a2,sell,0xf230b790e05390fc8295f4d3f60332c93bed42e2,0x65fe8694022400ae0557618eb15ff0afeafc205ffe40f1f102aa8ef91c3f1f11
258,9439.329832,0.08514275508464,0xd0ddc5e388b4010a2a6f4113723aa40d120dbc51,2017-10-31T06:16:54.000Z,0.00000902,0xf44072eda87ede9613b6ae1b812de8a60ade27a2,sell,0xf230b790e05390fc8295f4d3f60332c93bed42e2,0x1c527e4b158cb6b627e2feb4094f181363710cef41c26d848969fa074864e06b
259,37780.566968,0.33133557230936,0xf44072eda87ede9613b6ae1b812de8a60ade27a2,2017-10-31T06:16:54.000Z,0.00000877,0x3dee4a4e076e8d82859d241db0baf46f112cfa23,buy,0xf230b790e05390fc8295f4d3f60332c93bed42e2,0x65fe8694022400ae0557618eb15ff0afeafc205ffe40f1f102aa8ef91c3f1f11
260,150000,1.3533,0x3dee4a4e076e8d82859d241db0baf46f112cfa23,2017-10-31T06:15:49.000Z,0.000009022,0xe913c0f42fb60f85bd43bdddaf4e004135ef318c,sell,0xf230b790e05390fc8295f4d3f60332c93bed42e2,0xb94b48f322a1ab4e97d4d05a0b1f9e407dfc092ea311b93b062c4e8e0e4ffbfd
261,33.05712,0.00030415856112,0x96e3bf4e28961f07b11b70c3349af1790cdb0847,2017-10-31T06:08:55.000Z,0.000009201,0x2b406d9d9cbbb2f2cfe1b8903a4f84fdf4e2abb5,sell,0xf230b790e05390fc8295f4d3f60332c93bed42e2,0x0b9a5b1789872125a6aa3f90aae64a9598c81839acefd86a941220efa45131fc
262,331595.974463,3.051014561034063,0x96e3bf4e28961f07b11b70c3349af1790cdb0847,2017-10-31T06:06:58.000Z,0.000009201,0x2b406d9d9cbbb2f2cfe1b8903a4f84fdf4e2abb5,sell,0xf230b790e05390fc8295f4d3f60332c93bed42e2,0x60147fa0e3829b19d1e80cecf7d96acce236f8dede6a375c682d35ef36586de5
263,134651.5,1.25225895,0x45b19a1523f2f303e56fb3d17eeb2b1f7064a428,2017-10-31T05:59:40.000Z,0.0000093,0x5f8fe09e6f195b99b84274f00f898570d8814655,sell,0xf230b790e05390fc8295f4d3f60332c93bed42e2,0xb66874b888a465b641a21a941b77111d66f9a9fbb1212b2682766b5ffacb7755
264,48.5,0.00045105,0x45b19a1523f2f303e56fb3d17eeb2b1f7064a428,2017-10-31T05:57:19.000Z,0.0000093,0xe444a40689f51f63bcd29910622035707d533d29,sell,0xf230b790e05390fc8295f4d3f60332c93bed42e2,0x90084711e50aadc9286ded35ddf0a42dad0eb988767ec459a42c0feac304feab
265,100000,0.93,0x45b19a1523f2f303e56fb3d17eeb2b1f7064a428,2017-10-31T05:56:26.000Z,0.0000093,0x5f8fe09e6f195b99b84274f00f898570d8814655,sell,0xf230b790e05390fc8295f4d3f60332c93bed42e2,0x05744e5bf6b457989a09f993ff7e241b38523373c5beb5ea020c78c47c8cf5f8
266,52935.087075,0.487055736177075,0x96e3bf4e28961f07b11b70c3349af1790cdb0847,2017-10-31T05:45:11.000Z,0.000009201,0x02e7847d410e59e3fddac715be2fa17b6c21fa58,sell,0xf230b790e05390fc8295f4d3f60332c93bed42e2,0xd029dc21730ea1180ec6ab1da7f25966c41dcf9903572dfc3a308bc332878c4d
267,690,0.00634938,0x32c55daad1ad0d5d6602f8df09535021295db86a,2017-10-31T05:44:06.000Z,0.000009202,0x02e7847d410e59e3fddac715be2fa17b6c21fa58,sell,0xf230b790e05390fc8295f4d3f60332c93bed42e2,0xa29c39702d373aaf35996e35a676bd94b11d538a17c5c75cdd3cb54c95334a4e
268,6000,0.057,0xc03e6fda02e1ab2093d8732b4d085c3b059f2ebb,2017-10-31T05:33:43.000Z,0.0000095,0x02e7847d410e59e3fddac715be2fa17b6c21fa58,sell,0xf230b790e05390fc8295f4d3f60332c93bed42e2,0x17c49eff7440596ee0ee5009cc7210caa57abbdfafe7ce0d83adba112ee07b88
269,62003.833964,0.570497276302764,0x96e3bf4e28961f07b11b70c3349af1790cdb0847,2017-10-31T05:28:30.000Z,0.000009201,0x8d271b7dee29678ddbb3669c8a3f15f0a3713b9a,sell,0xf230b790e05390fc8295f4d3f60332c93bed42e2,0xb597386917642ea63e45dd9f158b3cc086958db12b33f9b97b6e3afb618de914
270,50000,0.4601,0xf505e3c63dbf88f0c856442503b304a119dd7587,2017-10-31T05:27:06.000Z,0.000009202,0x8d271b7dee29678ddbb3669c8a3f15f0a3713b9a,sell,0xf230b790e05390fc8295f4d3f60332c93bed42e2,0x8e7c636438f2e881e8e6644d4cf5146ad038fa925478666c0d68cc5f353a8760
271,86695.433,0.7975979836,0xd6ef78ef089ff1817ee51fa6a77f6bd06091ff05,2017-10-31T05:27:06.000Z,0.0000092,0x8d271b7dee29678ddbb3669c8a3f15f0a3713b9a,sell,0xf230b790e05390fc8295f4d3f60332c93bed42e2,0x9efcc067f84576c9c2738a87287b198bc8978cc793c6b91bf08593fce814915e
272,37837.336603,0.36513029821895,0x094733fd56e985686c3ce360e9821ea501d2dee9,2017-10-31T05:14:28.000Z,0.00000965,0x93b758ae0c50397027ee38227d48f9ee595c142c,sell,0xf230b790e05390fc8295f4d3f60332c93bed42e2,0xef26062d382d67980425c8e69bc5f61c921c8d6950d75d49d513be6dd9bed2cb
273,6900,0.09108,0xedeb4b92c7a5ef2a67ab2f21fa3c424e5a61e331,2017-10-31T05:12:14.000Z,0.0000132,0xf55e74264232bb8da1b4d2f09ebd2a3476c90f2c,buy,0xf230b790e05390fc8295f4d3f60332c93bed42e2,0xb98b5eff11e32a8437f0fca5bf7a9294562109582eeb3688d7ee54403674bd46
274,9315.452904,0.09222298375037384,0x93b5601f7ac8b2224860c49bbbb5da06864d902d,2017-10-31T05:09:32.000Z,0.00000990000000008307,0xd6ef78ef089ff1817ee51fa6a77f6bd06091ff05,buy,0xf230b790e05390fc8295f4d3f60332c93bed42e2,0xac5d2eb29702c2e53658ae0e36e32740434bc94c78172bbe2dc2521d46b06d15
275,71250,0.705375,0x93b5601f7ac8b2224860c49bbbb5da06864d902d,2017-10-31T05:07:24.000Z,0.0000099,0xd6ef78ef089ff1817ee51fa6a77f6bd06091ff05,buy,0xf230b790e05390fc8295f4d3f60332c93bed42e2,0x9366e93a6857ea617ed6facfbb92d34ea209a3ff363dc4f7009517f049299ee3
276,12162.663397,0.11736970178105,0x094733fd56e985686c3ce360e9821ea501d2dee9,2017-10-31T05:06:20.000Z,0.00000965,0xf42211cd13cc0f615b87333f87488a4ada5f01e0,sell,0xf230b790e05390fc8295f4d3f60332c93bed42e2,0xc712b02485f6f963e12169bcc93530f8feefbee993ad09e77c7ef06032bf7b04
277,15651.48041,0.14400927125241,0x96e3bf4e28961f07b11b70c3349af1790cdb0847,2017-10-31T04:49:41.000Z,0.000009201,0x8d271b7dee29678ddbb3669c8a3f15f0a3713b9a,sell,0xf230b790e05390fc8295f4d3f60332c93bed42e2,0xcfb4e423d35cf52950bfd01b1d4a3edf7682c6d4ff7b48d5e4de06987e26077e
278,10000,0.09901,0x3110f81f3d112da3b18557a64138bfc966c7babb,2017-10-31T04:47:07.000Z,0.000009901,0x5f8fe09e6f195b99b84274f00f898570d8814655,buy,0xf230b790e05390fc8295f4d3f60332c93bed42e2,0x0e97b89bc95275b9b70d8c5cf8913c92773d855007e848e9bbf8dc0ce8821e2a
279,10967,0.1118634,0xcfc2142b58bcd3c67c08e1ea11307eab756bf6e8,2017-10-31T04:28:34.000Z,0.0000102,0xf44072eda87ede9613b6ae1b812de8a60ade27a2,sell,0xf230b790e05390fc8295f4d3f60332c93bed42e2,0xfab76d25167f5ab67997aae7945981e54d34f673c42287a6ab9544eb3f43f7ba
280,11000,0.11000000000000001,0xf44072eda87ede9613b6ae1b812de8a60ade27a2,2017-10-31T04:28:34.000Z,0.00001,0x8d271b7dee29678ddbb3669c8a3f15f0a3713b9a,buy,0xf230b790e05390fc8295f4d3f60332c93bed42e2,0xfab76d25167f5ab67997aae7945981e54d34f673c42287a6ab9544eb3f43f7ba
281,2895,0.02895,0x42a0ad474e8379c50395680353fcd6610a0c5ba6,2017-10-31T04:28:34.000Z,0.00001,0x8d271b7dee29678ddbb3669c8a3f15f0a3713b9a,buy,0xf230b790e05390fc8295f4d3f60332c93bed42e2,0x6e418d6fec6b2f5e94933aaab151b3c2deaed220abfc71b1690548a32d920a64
282,1000000,9.3,0x5f8fe09e6f195b99b84274f00f898570d8814655,2017-10-31T04:21:42.000Z,0.0000093,0x93b758ae0c50397027ee38227d48f9ee595c142c,sell,0xf230b790e05390fc8295f4d3f60332c93bed42e2,0xa8c5871dc5179a49ea3bd0dc23f18b5752ca83f7349c86ffeee6348b155daf51
283,40000,0.428,0x32da577fd7de6f18b43c8318dd2bc6d56702d618,2017-10-31T04:19:22.000Z,0.0000107,0x8d271b7dee29678ddbb3669c8a3f15f0a3713b9a,buy,0xf230b790e05390fc8295f4d3f60332c93bed42e2,0x8203d499476460e7b77eb3e4d1988ff1c4f46179c0f8c85f675848275e89797e
284,444444,4.9777728,0xc6c9bf8fabc9ef02c26b383686a1f81bc35c9ef0,2017-10-31T04:16:39.000Z,0.0000112,0xf55e74264232bb8da1b4d2f09ebd2a3476c90f2c,buy,0xf230b790e05390fc8295f4d3f60332c93bed42e2,0x263b85a18f316f75a768e984bdeb0f94a13079fafe4e223ebbaaff6414989072
285,18750,0.21,0xa36334b0909ab194b9ddb9689bfde7f6b2332220,2017-10-31T04:11:43.000Z,0.0000112,0xd6ef78ef089ff1817ee51fa6a77f6bd06091ff05,buy,0xf230b790e05390fc8295f4d3f60332c93bed42e2,0x8e72839164c98d253305a9db26f746f08658adb3bf8389e43010e5dae72c8529
286,46620,0.522144,0xa3f6489c63d90ea3bd50af9b292c02b3f8ca234a,2017-10-31T04:11:38.000Z,0.0000112,0xd6ef78ef089ff1817ee51fa6a77f6bd06091ff05,buy,0xf230b790e05390fc8295f4d3f60332c93bed42e2,0x0f712fd27e526df40587dc929834c96886788ea104ba7753b0666910748e3ad3
287,209180,2.51016,0xe913c0f42fb60f85bd43bdddaf4e004135ef318c,2017-10-31T04:05:22.000Z,0.000012,0xc1913f681dac6675f5793b5cd6cd33db12ddb14a,buy,0xf230b790e05390fc8295f4d3f60332c93bed42e2,0x868bf98651561f77f3e982afa13eb26d915954b847ad5d3196c0681c8b1aa0fe
288,44493.31155,0.5027744205193219,0x42a0ad474e8379c50395680353fcd6610a0c5ba6,2017-10-31T04:04:42.000Z,0.00001130000000009713,0x547269c54497404c144bfb5063ca41d51b7b5a88,buy,0xf230b790e05390fc8295f4d3f60332c93bed42e2,0x4485ae58b9c20b55af2dc27500f409c39d85ae7dd40cc65868254e3e2f68a19d
289,30000,0.34428,0x42a0ad474e8379c50395680353fcd6610a0c5ba6,2017-10-31T04:02:38.000Z,0.000011476,0xab89360ddba16872c5f3e24c7aceafec74421f54,buy,0xf230b790e05390fc8295f4d3f60332c93bed42e2,0x65b277ac436ecfaaaece5f42e4325be197134c9197db3f459acb3e5a7aa0820a
290,1150,0.0131974,0xcfc2142b58bcd3c67c08e1ea11307eab756bf6e8,2017-10-31T03:58:21.000Z,0.000011476,0x93b758ae0c50397027ee38227d48f9ee595c142c,sell,0xf230b790e05390fc8295f4d3f60332c93bed42e2,0x1a6ed3768e7898740ea344467b0f3f9b6504e554c651a87f11ee7bc2a85be2a9
291,1000,0.011,0xcfc2142b58bcd3c67c08e1ea11307eab756bf6e8,2017-10-31T03:52:23.000Z,0.000011,0x2e17595778fa95590d5ce62949917cd6b18108e0,buy,0xf230b790e05390fc8295f4d3f60332c93bed42e2,0x2cfb37e6231c3c0b865204dfa228c029b45073df41556cbc1bef62d7ff779775
292,5430,0.057015,0xcfc2142b58bcd3c67c08e1ea11307eab756bf6e8,2017-10-31T03:50:34.000Z,0.0000105,0x5163a8839c0e70c13ea40a27df705a44a0f94963,buy,0xf230b790e05390fc8295f4d3f60332c93bed42e2,0xe41c91e1a72e4569733f7f24e1417e7155e93c0c85c51f9d5ffb2720bb0cbcaf
293,84400,0.91996,0x2c6e879b4f3c700dd602e4aac94a07bfc6450ae6,2017-10-31T03:39:11.000Z,0.0000109,0x2b553a3fb559820dae54a01f1bfe2a4df2841b46,buy,0xf230b790e05390fc8295f4d3f60332c93bed42e2,0xdbbcca0010791ecfa3dd58a17fb24c27a470cc47c68c2f00594434b701358a5f
294,300000,3.585,0xc4d85a78a45cd7f2bf134884c0242c41069f193e,2017-10-31T03:37:15.000Z,0.00001195,0x96e3bf4e28961f07b11b70c3349af1790cdb0847,buy,0xf230b790e05390fc8295f4d3f60332c93bed42e2,0x666ee5d26fe1e5e3b4b2b478f7cf138033282442de722dbefd71b80d2f4b0ac2
295,150000,1.63125,0x89c8154be5bd7899b15d93d47faf10877d36327e,2017-10-31T03:37:15.000Z,0.000010875,0xf91de74033fde729d98b98546fb3692a8596d3c9,buy,0xf230b790e05390fc8295f4d3f60332c93bed42e2,0x249f9eab31535ea0881c6dbd1cab01740da6df06d1059617b6b663781e0ce9d2
296,100000,1.09,0xc4d85a78a45cd7f2bf134884c0242c41069f193e,2017-10-31T03:36:38.000Z,0.0000109,0x91d8d78b3d36232eb0f84b345c12a2b0600ba694,buy,0xf230b790e05390fc8295f4d3f60332c93bed42e2,0x97b74cac343a88e1d78d88170744c5a8ec874955735077a16029bd9096c15e76
297,25256,0.265188,0x5163a8839c0e70c13ea40a27df705a44a0f94963,2017-10-31T03:35:47.000Z,0.0000105,0x85ee2d2dbccc4f6b88093fba70e9b6ffe513a188,buy,0xf230b790e05390fc8295f4d3f60332c93bed42e2,0xd9dba4d59df9cd7221a17a386747ed34f8c791a5905a0da2211ea0694b615e77
298,28000,0.2884,0x5163a8839c0e70c13ea40a27df705a44a0f94963,2017-10-31T03:35:35.000Z,0.0000103,0x8103a1614ca0f52ff629093280c46891ecd072f1,buy,0xf230b790e05390fc8295f4d3f60332c93bed42e2,0x06afc6324aba8c1ae5e7002aed6c8e5ae45efd24efe0a55ff10b4ee69348f160
299,205940,2.182964,0x89c8154be5bd7899b15d93d47faf10877d36327e,2017-10-31T03:35:00.000Z,0.0000106,0x45b19a1523f2f303e56fb3d17eeb2b1f7064a428,buy,0xf230b790e05390fc8295f4d3f60332c93bed42e2,0x13b5132788bdc8dc78bef2b9d6afa2ecc92b490e0386fe52726c5618b62f2611
300,150000,1.586025,0x99854f319436a38bda35a8dca0369d6d85871162,2017-10-31T03:35:00.000Z,0.0000105735,0xf91de74033fde729d98b98546fb3692a8596d3c9,buy,0xf230b790e05390fc8295f4d3f60332c93bed42e2,0x3e7099c0c700520e25b8a00d793e5ac46c7d3fbfe9cf10bf12dbe6b23d84b002
301,39623.101842,0.40415563879597266,0x99854f319436a38bda35a8dca0369d6d85871162,2017-10-31T03:34:36.000Z,0.00001020000000019111,0x8d271b7dee29678ddbb3669c8a3f15f0a3713b9a,buy,0xf230b790e05390fc8295f4d3f60332c93bed42e2,0x43348865d793859d2b835b4e549500e1560bc5032651f4932698504d5b488e2a
302,500000,5.297,0x99854f319436a38bda35a8dca0369d6d85871162,2017-10-31T03:34:21.000Z,0.000010594,0x96e3bf4e28961f07b11b70c3349af1790cdb0847,buy,0xf230b790e05390fc8295f4d3f60332c93bed42e2,0x1e83cd7a6d45298a456d9a045a9b1030ae444f9afeb6c61d465488b2330ced6c
303,58956.022744,0.6007618717636853,0x9e35d546ef3630a33bd7bf00b6c1cee9d66c19bc,2017-10-31T03:34:11.000Z,0.00001019000000003944,0x96e3bf4e28961f07b11b70c3349af1790cdb0847,buy,0xf230b790e05390fc8295f4d3f60332c93bed42e2,0x2bcad2775af54d82fc3c58f776bd4351b67e7ecbe7f1d1f4d15bc47c8fc1072f
304,987000,10.757313,0x89c8154be5bd7899b15d93d47faf10877d36327e,2017-10-31T03:33:25.000Z,0.000010899,0x1eb4af8794ecab16d0989839c101cadb4753e793,buy,0xf230b790e05390fc8295f4d3f60332c93bed42e2,0xe90bb8a5b6f8aedd9aedeb988e6e82803f7d5719a36d0d0901bfef7ff12c9a5e
305,1212297.406,12.7897376333,0x89c8154be5bd7899b15d93d47faf10877d36327e,2017-10-31T03:32:58.000Z,0.00001055,0xb09e4b177856c95003e806e2f07ddca38257df6d,buy,0xf230b790e05390fc8295f4d3f60332c93bed42e2,0xedf0ceb3095afd5a8b6d8eb05708e161dfaf7bb002edc837973b9f4ea9219d8c
306,93859,0.9761336,0x89c8154be5bd7899b15d93d47faf10877d36327e,2017-10-31T03:32:45.000Z,0.0000104,0xefaa9e5a331ad704ae0a372f440e9f9c1344d394,buy,0xf230b790e05390fc8295f4d3f60332c93bed42e2,0x3b4a6206a9f4d89b08ea0de770b07eb0114bd585606718af1c7c52f9a355e43c
307,200000,2.1,0x89c8154be5bd7899b15d93d47faf10877d36327e,2017-10-31T03:32:45.000Z,0.0000105,0x0c585336a255dffc91494ec6db739426fd2f03d9,buy,0xf230b790e05390fc8295f4d3f60332c93bed42e2,0x94db36c6243d7ad25cbc4449a1704f174e1ea7e2be176210bc3200b15b002451
308,200000,2.0998,0x89c8154be5bd7899b15d93d47faf10877d36327e,2017-10-31T03:32:45.000Z,0.000010499,0xf96dda982bc69463777f1ecdb4cc841788018556,buy,0xf230b790e05390fc8295f4d3f60332c93bed42e2,0x2e973c25b90df78eb6667d54cf710b0703dff8ad8e49e0526de56eb4cf915f10
309,521874.99527,5.322603076759223,0x89c8154be5bd7899b15d93d47faf10877d36327e,2017-10-31T03:32:38.000Z,0.00001019900000000094,0x5163a8839c0e70c13ea40a27df705a44a0f94963,buy,0xf230b790e05390fc8295f4d3f60332c93bed42e2,0x4e5d9e6242cc07fad351c49f6a16d0e36c0a1cc1e1ddc551b179dd9982aacbb6
310,25.004729,0.000255023240777222,0x2b406d9d9cbbb2f2cfe1b8903a4f84fdf4e2abb5,2017-10-31T03:31:50.000Z,0.00001019900038817545,0x5163a8839c0e70c13ea40a27df705a44a0f94963,buy,0xf230b790e05390fc8295f4d3f60332c93bed42e2,0xf9d692e2df6fc65aad5f77ed990759277d9621a3c9174248675d047ca975c478
311,251043.977255,2.5581381282363145,0x2b406d9d9cbbb2f2cfe1b8903a4f84fdf4e2abb5,2017-10-31T03:30:59.000Z,0.00001019000000003132,0x96e3bf4e28961f07b11b70c3349af1790cdb0847,buy,0xf230b790e05390fc8295f4d3f60332c93bed42e2,0x69c25e140add4282be4f4e16c19365322d38cc01a800ea7c10a06a6ed4b766e7
312,123235.475157,1.2570018466040274,0x8337bfef288817f964609338b5ce6faf0c3a1c02,2017-10-31T03:30:31.000Z,0.00001020000000002131,0x8d271b7dee29678ddbb3669c8a3f15f0a3713b9a,buy,0xf230b790e05390fc8295f4d3f60332c93bed42e2,0x2d11e864d52355875507e3e2311ba0ed7b172519835b4fd142c419cdf7fc069e
313,234151.397,2.3649291097,0x2b406d9d9cbbb2f2cfe1b8903a4f84fdf4e2abb5,2017-10-31T03:29:30.000Z,0.0000101,0x5668944c89953f704bf6719c67f57431bfa71225,buy,0xf230b790e05390fc8295f4d3f60332c93bed42e2,0x6f4c574deeba7fca2bc37c1c13dc050b0b4734e781bf391dbd1d7703edabeb28
314,25000,0.25,0x2b406d9d9cbbb2f2cfe1b8903a4f84fdf4e2abb5,2017-10-31T03:29:18.000Z,0.00001,0x14ade522272766694efb08b5dd681f95f6cad647,buy,0xf230b790e05390fc8295f4d3f60332c93bed42e2,0x15cc2d0e0d606ffe0efd804e73fe66291a62bc32af41b9f7b7031e4e93a41747
315,25000,0.235,0x2b406d9d9cbbb2f2cfe1b8903a4f84fdf4e2abb5,2017-10-31T03:28:38.000Z,0.0000094,0x14ade522272766694efb08b5dd681f95f6cad647,buy,0xf230b790e05390fc8295f4d3f60332c93bed42e2,0x35f5d0960dc96c59412b7801c277361ec6ecf64dfc87ca229b8ee08a2c427ca0
316,300010,2.940098,0xb09e4b177856c95003e806e2f07ddca38257df6d,2017-10-31T03:28:11.000Z,0.0000098,0x526b9f2a9b935811c23b18980bbca7882a9e4f24,buy,0xf230b790e05390fc8295f4d3f60332c93bed42e2,0x0f5fdb19c47eafdf7dd9ba4c765fc31f480f3bea3ce288dc5cb52e27baf6b4fb
317,162288.406792,1.5558589559206244,0xb09e4b177856c95003e806e2f07ddca38257df6d,2017-10-31T03:28:02.000Z,0.00000958700000003524,0xab89360ddba16872c5f3e24c7aceafec74421f54,buy,0xf230b790e05390fc8295f4d3f60332c93bed42e2,0x0290e2a59930a2b653fe8e1bccd2caafd600f22cbedbb25bc3bbe75818b56414
318,99999,0.9199908,0xb09e4b177856c95003e806e2f07ddca38257df6d,2017-10-31T03:27:53.000Z,0.0000092,0x92aab96db541e3a376aa901e73cce70a2de041b8,buy,0xf230b790e05390fc8295f4d3f60332c93bed42e2,0xe5b6d4007fa32187d7be9983f5ad825beaceaf30cbb3985b215c95c0028ced8f
319,650000,6.04435,0xb09e4b177856c95003e806e2f07ddca38257df6d,2017-10-31T03:27:50.000Z,0.000009299,0xbf658ea776416215207fe9ac96fac0be42ae09ea,buy,0xf230b790e05390fc8295f4d3f60332c93bed42e2,0x402977da6eb4b0e3901a3912861fd0dac31d07b10c47c99755e263389f326f65
320,255048.651685,2.295437865165,0x2c6e879b4f3c700dd602e4aac94a07bfc6450ae6,2017-10-31T02:53:54.000Z,0.000009,0xd6ef78ef089ff1817ee51fa6a77f6bd06091ff05,sell,0xf230b790e05390fc8295f4d3f60332c93bed42e2,0x77a2648ebd8fdf8e3a996545b1270327a9a2cbd51e175d2bc16c37a5906cd19d
321,152679.772035,1.3588499711115,0xe586e8534d235dad3d46685daf7c1815f0962944,2017-10-31T01:07:31.000Z,0.0000089,0x6c723da0e2243be0d60a23801c00039b98ce35d6,sell,0xf230b790e05390fc8295f4d3f60332c93bed42e2,0xb4b471d285670789bc8f12f3a4fccc2280a257d1ffda0ce48b38f76d41eef9c0
322,26832.818263,0.2388120825407,0xe586e8534d235dad3d46685daf7c1815f0962944,2017-10-31T01:03:58.000Z,0.0000089,0x9d695a8167ca4186df3477ebc962ca5dd91f59c5,sell,0xf230b790e05390fc8295f4d3f60332c93bed42e2,0xb6cc516bd20b75a787645cfc445f1cd17a355621d799dd10b1dfb56ca87f2e75
323,28000,0.252,0x32c55daad1ad0d5d6602f8df09535021295db86a,2017-10-31T00:59:55.000Z,0.000009,0x9d695a8167ca4186df3477ebc962ca5dd91f59c5,sell,0xf230b790e05390fc8295f4d3f60332c93bed42e2,0x18b2d8684cd8d5a17968b910cc4aebe741320efe8559c6a5724c98e52262eb17
324,786,0.0072312,0xe586e8534d235dad3d46685daf7c1815f0962944,2017-10-31T00:45:21.000Z,0.0000092,0xbf658ea776416215207fe9ac96fac0be42ae09ea,buy,0xf230b790e05390fc8295f4d3f60332c93bed42e2,0x85691b84d3a5ca548b4bc6e8de3f1e5eff9734f97c4644d2b5de40c693b038c5
325,1000,0.0093,0x50be0c6e4a79a2bfb576c8bb67c41071671fc782,2017-10-31T00:03:59.000Z,0.0000093,0xce1133769c75f51095d9605ac6f94facda515888,buy,0xf230b790e05390fc8295f4d3f60332c93bed42e2,0x2eb295e4511bea1f37e66576a3c290c2b75195b63f84eebb74bd5808428d9fad
326,3960.505742,0.03655546799866,0xbb27188292b270621e6a9c92d21301bf6e6d38af,2017-10-30T23:50:14.000Z,0.00000923,0x6c723da0e2243be0d60a23801c00039b98ce35d6,sell,0xf230b790e05390fc8295f4d3f60332c93bed42e2,0x204765385d98a7ab51d77a0f557f4c93a8526469c28378820aa74867468a09d4
327,194694.276788,1.830904978914352,0xa99a6543b2ca43c44cdadf903665a440adfe1372,2017-10-30T23:41:12.000Z,0.000009404,0xc2832a0e76fa707f40c172d7d31144a19b10f583,sell,0xf230b790e05390fc8295f4d3f60332c93bed42e2,0x2b30cd1596896a4c5212b5285ec0212819083431edb8a2a9e859c2badb384bba
328,300463.199711,2.8544003972545,0x32c55daad1ad0d5d6602f8df09535021295db86a,2017-10-30T23:41:02.000Z,0.0000095,0xc2832a0e76fa707f40c172d7d31144a19b10f583,sell,0xf230b790e05390fc8295f4d3f60332c93bed42e2,0xd8f7e3a6c382a6b249a7b4de621c1dd77dc96ba690c2e6281e9fbbb95ca2a7d0
329,149536.800289,1.4205996027455,0x32c55daad1ad0d5d6602f8df09535021295db86a,2017-10-30T23:40:01.000Z,0.0000095,0xce1133769c75f51095d9605ac6f94facda515888,sell,0xf230b790e05390fc8295f4d3f60332c93bed42e2,0x38f82bc8ee86d34b28ccc627db7c5534fda6798aab5771c1b3631ae9d5ae27dc
330,104154.757209,0.9985316573717529,0xcab8630e7ed6dd7f6e0f1e881314df056c1a576c,2017-10-30T23:19:13.000Z,0.00000958700000008708,0xab89360ddba16872c5f3e24c7aceafec74421f54,buy,0xf230b790e05390fc8295f4d3f60332c93bed42e2,0x4d1e95679ae4193dff77a6a8c0145d55a83d514d0991d9c2f63ef575d9a87fac
331,33278.541997,0.31904138212962274,0x453061cb05f7f3ee741f0faf690eb4dc618fef37,2017-10-30T23:06:14.000Z,0.00000958700000013172,0xab89360ddba16872c5f3e24c7aceafec74421f54,buy,0xf230b790e05390fc8295f4d3f60332c93bed42e2,0x9bb9c8e968a7eee4ce2a735969254e19bfd9161403963778eb78f2e84509bdd1
332,69,0.000661503,0x5971f9b8c955285dcd49d4951a33a613d3e2701b,2017-10-30T22:52:47.000Z,0.000009587,0xab89360ddba16872c5f3e24c7aceafec74421f54,buy,0xf230b790e05390fc8295f4d3f60332c93bed42e2,0x6e885f8084c8efef7f37490c8fdaef4d514ac5236257a233b505c527bc4cc4d3
333,250,0.00239675,0x5971f9b8c955285dcd49d4951a33a613d3e2701b,2017-10-30T22:51:52.000Z,0.000009587,0xab89360ddba16872c5f3e24c7aceafec74421f54,buy,0xf230b790e05390fc8295f4d3f60332c93bed42e2,0xaf5d4cdb9fd299423b6086566025eca5701e61fb5a8bdd8cb4f4a66eec406630
334,3643.692193,0.03428714353613,0x32c55daad1ad0d5d6602f8df09535021295db86a,2017-10-30T22:47:58.000Z,0.00000941,0xce1133769c75f51095d9605ac6f94facda515888,sell,0xf230b790e05390fc8295f4d3f60332c93bed42e2,0x9647d6084d8835631f39d4ae7878bb65123abcf81d19fb2cd307bf000d59844c
335,1097.834,0.010322933102,0xa99a6543b2ca43c44cdadf903665a440adfe1372,2017-10-30T22:47:27.000Z,0.000009403,0x003e51b0b457aa82deb2f9e55ab7d9c425d8a4e4,buy,0xf230b790e05390fc8295f4d3f60332c93bed42e2,0x72264b85b69f0f26a94a3a3c7997ffed69b3313ba145c3147306865c050fbbc4
336,35000,0.32935,0x32c55daad1ad0d5d6602f8df09535021295db86a,2017-10-30T22:44:39.000Z,0.00000941,0x828e0f8803413b869879e00d3a262901cd087e3c,sell,0xf230b790e05390fc8295f4d3f60332c93bed42e2,0x182d574d36cbc97dd8df0cc1406ca02bd26844d2c3e314c06cdfef25626869c1
337,39876.383212,0.374997507725648,0xa99a6543b2ca43c44cdadf903665a440adfe1372,2017-10-30T22:39:51.000Z,0.000009404,0xce1133769c75f51095d9605ac6f94facda515888,sell,0xf230b790e05390fc8295f4d3f60332c93bed42e2,0x61167629cbb6379dcdd5f10882c93f92d7e38d5cbe5a22bae94ea4c5ee67f6f5
338,50000,0.464,0xa99a6543b2ca43c44cdadf903665a440adfe1372,2017-10-30T22:35:47.000Z,0.00000928,0x744861551453de21c83b1a98bc74836d4fbb096c,buy,0xf230b790e05390fc8295f4d3f60332c93bed42e2,0xca0640c518407dc1c344a0b1416b68b8c3a2a5d4017495b0591681bb99da63c8
339,103000,0.95172,0xa99a6543b2ca43c44cdadf903665a440adfe1372,2017-10-30T22:34:22.000Z,0.00000924,0x2475fe4d7a9d7d2e7908baf6697b801596bf5148,buy,0xf230b790e05390fc8295f4d3f60332c93bed42e2,0xddb75d90d10e688360743d1b3956ead035683b97c1289777a5ba61dfdb0f4768
340,349329,3.22430667,0xa99a6543b2ca43c44cdadf903665a440adfe1372,2017-10-30T22:31:28.000Z,0.00000923,0x1eaa18a0e964d346f2b5182be3f97d7aab5145b9,buy,0xf230b790e05390fc8295f4d3f60332c93bed42e2,0xbc57821de16d9fb40940d1187f1787e04c915047fe40288c76af089199c9ff77
341,69459.118602,0.6424273879561001,0xa99a6543b2ca43c44cdadf903665a440adfe1372,2017-10-30T22:30:34.000Z,0.00000924900000008929,0xf505e3c63dbf88f0c856442503b304a119dd7587,buy,0xf230b790e05390fc8295f4d3f60332c93bed42e2,0x03ed466585e25426c9276732c9d2fc679cb95d3bb05b654653ad31a629564265
342,40000,0.35568,0xce1133769c75f51095d9605ac6f94facda515888,2017-10-30T21:43:07.000Z,0.000008892,0x744861551453de21c83b1a98bc74836d4fbb096c,sell,0xf230b790e05390fc8295f4d3f60332c93bed42e2,0x2eda7caa4702f25e48246afaba7b9c735dd9a94f583dcfcde0a788a48f050cf7
343,10000,0.0924,0x1f686fd0890109346c9242ae8644985e18e1ee6d,2017-10-30T21:04:44.000Z,0.00000924,0x2475fe4d7a9d7d2e7908baf6697b801596bf5148,buy,0xf230b790e05390fc8295f4d3f60332c93bed42e2,0x643fa76427505a0a57cb8a6f4ef32eb5fdf0cbaa6df8ff5a9d2934b78b8ebc3c
344,483276.598782,4.47030853874275,0x7f9354eb6af29ebe56dc5cecbe729b80e97c954f,2017-10-30T20:48:46.000Z,0.00000925000000001914,0xfba8ba230c48c0f5271257e4f06ca5480c1673cf,buy,0xf230b790e05390fc8295f4d3f60332c93bed42e2,0x46fa6bae978d6ae108f0b3a42fbf4c75e86edc72d1b217e0b5902785f0747a51
345,100000,0.9249,0x7f9354eb6af29ebe56dc5cecbe729b80e97c954f,2017-10-30T20:48:07.000Z,0.000009249,0x4288b5ffc694faf6fc5d6784980307e8e94664ee,buy,0xf230b790e05390fc8295f4d3f60332c93bed42e2,0xce9690782a430d3add0525a9d5a69c00e4058ca02b68ccbbca9fa20ee8f1e311
346,13.968127,0.000120139860327,0xf505e3c63dbf88f0c856442503b304a119dd7587,2017-10-30T20:43:14.000Z,0.000008601,0x7b3086e97007b2b53f789d237c386b9ba59e65c6,sell,0xf230b790e05390fc8295f4d3f60332c93bed42e2,0x525f9aa6f86d88e505f620810152b6dc48b9313e0314e9fb899e8e691a8aea50
347,116723.401217,1.07969146125725,0xc9d56287b414e1aa0963016aa721b527f095fd9c,2017-10-30T20:43:04.000Z,0.00000925,0xfba8ba230c48c0f5271257e4f06ca5480c1673cf,buy,0xf230b790e05390fc8295f4d3f60332c93bed42e2,0xfeffe4e6999479cfd1553bc28dc616f689c8e7f3960e7f5844a8ddef118e2b3a
348,116374.278382,1.15443284154944,0xc8c688ffecb2435d758b81259ff4ef210ea7a1ae,2017-10-30T20:43:04.000Z,0.00000992,0xc9d56287b414e1aa0963016aa721b527f095fd9c,sell,0xf230b790e05390fc8295f4d3f60332c93bed42e2,0xfeffe4e6999479cfd1553bc28dc616f689c8e7f3960e7f5844a8ddef118e2b3a
349,140114.285358,1.245756111117978,0xc8c688ffecb2435d758b81259ff4ef210ea7a1ae,2017-10-30T20:42:23.000Z,0.000008891,0x7b3086e97007b2b53f789d237c386b9ba59e65c6,sell,0xf230b790e05390fc8295f4d3f60332c93bed42e2,0xe307110d0bbaa9d80012ef42f5cd37db1929977ec228108ee7b4859011e9effb
350,113000,1.00457,0x2475fe4d7a9d7d2e7908baf6697b801596bf5148,2017-10-30T20:41:11.000Z,0.00000889,0x7b3086e97007b2b53f789d237c386b9ba59e65c6,sell,0xf230b790e05390fc8295f4d3f60332c93bed42e2,0xf8725e6e10ab921d43221484a472ebcccc658e2756424e38378ba9d148f785e9
351,5000,0.0599,0x8f173c2b73df9f91f484a39af4553e2b4d0b89a6,2017-10-30T20:27:27.000Z,0.00001198,0xdc04ce57fd5c8fc5e131558b418ca073b321fff4,buy,0xf230b790e05390fc8295f4d3f60332c93bed42e2,0x9b71f8b1e88321be44c3580ff079a70e8273f793eafea76d8f052ad79a5d389d
352,10540.880897,0.09749260741939986,0xb11c7d4999d3b7a57be61dd2080bbe9d92420672,2017-10-30T20:27:22.000Z,0.00000924900000028905,0xf505e3c63dbf88f0c856442503b304a119dd7587,buy,0xf230b790e05390fc8295f4d3f60332c93bed42e2,0x04ea218f0b2ef3c6ec449a0ce311889659c05202f6fec9ecdd8566e938a72c0a
353,0.0005,0.0000000046245,0x864c253182846f773742f5a346f5905c6faded78,2017-10-30T20:21:49.000Z,0.000009249,0xf505e3c63dbf88f0c856442503b304a119dd7587,buy,0xf230b790e05390fc8295f4d3f60332c93bed42e2,0xb04d3acfd12b47a81528d926bd42f45cdb51385019ed11b32aa83afd883f52f6
354,80202.889083,0.689825049002883,0xf505e3c63dbf88f0c856442503b304a119dd7587,2017-10-30T19:22:28.000Z,0.000008601,0x5515e656b67d2ae9d15e30f803f5aff9274576e1,sell,0xf230b790e05390fc8295f4d3f60332c93bed42e2,0xface9056514812276c997d4d4b78e2ca0ff7c635d2742157543491d35a2d3fbb
355,96900,0.8997165,0xcf0af604434c8b514a339196254d7c9e8936b6c8,2017-10-30T19:21:30.000Z,0.000009285,0x5515e656b67d2ae9d15e30f803f5aff9274576e1,sell,0xf230b790e05390fc8295f4d3f60332c93bed42e2,0xdeb22c024f50e630f1dabc5c945b2c7222404a612c3d5e00be88577f37570fb9
356,93536.105302,0.8689504182626985,0xfe59878c4a96f439acfb48a7c30a68acafa0a41e,2017-10-30T18:46:15.000Z,0.0000092900000000761,0x1eaa18a0e964d346f2b5182be3f97d7aab5145b9,buy,0xf230b790e05390fc8295f4d3f60332c93bed42e2,0x650e36cd41ebf3e79d0bde17454c0a5d95db4af1d5a92a75686e2e89d7c88e17
357,92000,0.846308,0xfe59878c4a96f439acfb48a7c30a68acafa0a41e,2017-10-30T18:44:08.000Z,0.000009199,0xf505e3c63dbf88f0c856442503b304a119dd7587,buy,0xf230b790e05390fc8295f4d3f60332c93bed42e2,0x471df522173e11cb20c580dbedb80458ef20d0b0b8fce4403295ad0de700b24d
358,89981.304,0.85977135972,0x43a0958be7de5a47d529da07a4a6fed9efa2e9b5,2017-10-30T18:44:08.000Z,0.000009555,0xd8ef5d4fe57d570c8657409afd196d2f50ee848f,buy,0xf230b790e05390fc8295f4d3f60332c93bed42e2,0x85e6e1dc995957be569462a54cdb5449ebf0ed216bb199f8d40cb349ae6c07ea
359,30290.531822,0.2786728927624,0xfe59878c4a96f439acfb48a7c30a68acafa0a41e,2017-10-30T18:41:49.000Z,0.0000092,0x864c253182846f773742f5a346f5905c6faded78,buy,0xf230b790e05390fc8295f4d3f60332c93bed42e2,0xbabfc5b703b0e9e99184c9bbc8fec8e06a5e0b8f0c1227bd8d5aa0be8976746a
360,186422.091516,1.6032299870376,0xb11c7d4999d3b7a57be61dd2080bbe9d92420672,2017-10-30T18:00:00.000Z,0.0000086,0x1a2a7334aa7fc7635c8a74a29f952858001567fa,sell,0xf230b790e05390fc8295f4d3f60332c93bed42e2,0xa5c83903957bbd6d4d70119a0b4e52bd343b2d6dce8373fcd9170d08511581b9
361,26999,0.23084145,0xb11c7d4999d3b7a57be61dd2080bbe9d92420672,2017-10-30T17:47:27.000Z,0.00000855,0xe19fb6529bcd2d42c0aa7e783105214d47f8ffc8,buy,0xf230b790e05390fc8295f4d3f60332c93bed42e2,0x4919e838a8d8a4985b77ee8284ce5e9da4245d994c3a8745d815d9f9f8e3d8c8
362,1,0.0000086,0x0c4085d8e714ca77ac5f46cd2b80a92d238a7cd3,2017-10-30T17:37:33.000Z,0.0000086,0xe19fb6529bcd2d42c0aa7e783105214d47f8ffc8,buy,0xf230b790e05390fc8295f4d3f60332c93bed42e2,0x3ba85d56f6bba3acb35437cea91f60619b9f966bf5931b5734ea75897e4f1432
363,5729,0.04898295,0xb57d2d82226bf920fc5d8938c6d47052ec9bb724,2017-10-30T16:59:53.000Z,0.00000855,0x7c4cedc28589c8b886c86a56af9e8f1797815e75,sell,0xf230b790e05390fc8295f4d3f60332c93bed42e2,0xe24676f898a1c9992cb10d29688a217ecc2f21c7f381b01244425a527be16cd3
364,4652.761681,0.0418702023726448,0xdd5e46f12a039e19abc6f977634b75341ae10a8d,2017-10-30T16:55:21.000Z,0.00000899900000114465,0xf505e3c63dbf88f0c856442503b304a119dd7587,buy,0xf230b790e05390fc8295f4d3f60332c93bed42e2,0x0066e0fe12f15c3047a574c9bb69b404483e01fb23cfc5f2f3ceb0f0e33ffda0
365,20107.936029,0.1709174562465,0x32c55daad1ad0d5d6602f8df09535021295db86a,2017-10-30T16:48:34.000Z,0.0000085,0x735b71a05531bf047bc799caab80b02d4a44f29e,sell,0xf230b790e05390fc8295f4d3f60332c93bed42e2,0x8ea3a241d04f824626c598c40093123bf9fd469eee3c5cc8aef1b13379f8dc5e
366,150000,1.35,0xc67653a764044f555e26f67eecfbae0de2fd2fe5,2017-10-30T16:26:16.000Z,0.000009,0x7c4cedc28589c8b886c86a56af9e8f1797815e75,buy,0xf230b790e05390fc8295f4d3f60332c93bed42e2,0x885a0924ba2c1dc73565d228bf52c33e2766605bd1769044bf125405e7ff7809
367,45000,0.3825,0x32c55daad1ad0d5d6602f8df09535021295db86a,2017-10-30T16:17:11.000Z,0.0000085,0x7c4cedc28589c8b886c86a56af9e8f1797815e75,sell,0xf230b790e05390fc8295f4d3f60332c93bed42e2,0xba2d44ef97503781aeb50ff1acdf24433ebf7da365307a7d1de847d66ae07206
368,90000,0.783,0x32c55daad1ad0d5d6602f8df09535021295db86a,2017-10-30T16:08:03.000Z,0.0000087,0x7c4cedc28589c8b886c86a56af9e8f1797815e75,sell,0xf230b790e05390fc8295f4d3f60332c93bed42e2,0xce09ea248733c86b0a800c73f3f39b0ea55bac47ae20bf417b034d7a1a9d5d7d
369,75000,0.65625,0x32c55daad1ad0d5d6602f8df09535021295db86a,2017-10-30T16:08:03.000Z,0.00000875,0x7c4cedc28589c8b886c86a56af9e8f1797815e75,sell,0xf230b790e05390fc8295f4d3f60332c93bed42e2,0x4527ada67bd0ce7d39e6b1d48245deb8416a621206ffa3b0ced2da870dde3236
370,180000,1.5426,0xb57d2d82226bf920fc5d8938c6d47052ec9bb724,2017-10-30T16:07:31.000Z,0.00000857,0x7c4cedc28589c8b886c86a56af9e8f1797815e75,sell,0xf230b790e05390fc8295f4d3f60332c93bed42e2,0x99067d104b7ecebb5c2eaccdb3565ba6f74241a9d79bb7fd92d2ab695df98350
371,180000,1.5426,0xb57d2d82226bf920fc5d8938c6d47052ec9bb724,2017-10-30T16:07:25.000Z,0.00000857,0x7c4cedc28589c8b886c86a56af9e8f1797815e75,sell,0xf230b790e05390fc8295f4d3f60332c93bed42e2,0x47fc9c9af4a98b201f28c115556573cc2e7d5ebac97f6f05f713d7373422e338
372,34911,0.29953638,0xd0ddc5e388b4010a2a6f4113723aa40d120dbc51,2017-10-30T16:07:25.000Z,0.00000858,0x7c4cedc28589c8b886c86a56af9e8f1797815e75,sell,0xf230b790e05390fc8295f4d3f60332c93bed42e2,0xc4c195b1bd6ef2c096e677efd333363b9cf9e466659c3a12d107cef435c34a57
373,15855.61,0.1366753582,0xb57d2d82226bf920fc5d8938c6d47052ec9bb724,2017-10-30T16:07:25.000Z,0.00000862,0x7c4cedc28589c8b886c86a56af9e8f1797815e75,sell,0xf230b790e05390fc8295f4d3f60332c93bed42e2,0x311f347fd8774b1722b1d8042a1c1fc46b62c0c4cf43cdfe5718556b91c06c58
374,30645.490681,0.2696803179928,0x32c55daad1ad0d5d6602f8df09535021295db86a,2017-10-30T16:05:35.000Z,0.0000088,0x7c4cedc28589c8b886c86a56af9e8f1797815e75,sell,0xf230b790e05390fc8295f4d3f60332c93bed42e2,0x9cca90e309ff4c4b2f39b4305875a20656e75f5caab7693a6c1b3cd97ddffc97
375,50000,0.435,0x14ade522272766694efb08b5dd681f95f6cad647,2017-10-30T16:04:58.000Z,0.0000087,0x7c4cedc28589c8b886c86a56af9e8f1797815e75,sell,0xf230b790e05390fc8295f4d3f60332c93bed42e2,0x4fb8f3846bfcd822de4d1d34b5817474740168056d78958bb3b0147a7cd7d078
376,95000,0.818995,0xf505e3c63dbf88f0c856442503b304a119dd7587,2017-10-30T16:02:03.000Z,0.000008621,0x7c4cedc28589c8b886c86a56af9e8f1797815e75,sell,0xf230b790e05390fc8295f4d3f60332c93bed42e2,0xbfc8cc6dffa9c4d5de735d729d6665c0d6d575aa57bdb5eb578471db38e96067
377,19354.509319,0.1703196820072,0x32c55daad1ad0d5d6602f8df09535021295db86a,2017-10-30T16:01:04.000Z,0.0000088,0xab296c308b24c972b60a662262f144eeefc27ec8,sell,0xf230b790e05390fc8295f4d3f60332c93bed42e2,0x0723ced2244d65c19c04a4ab8fc4570b13da870fab7f1129be5257dd4fff30b6
378,80000,0.70808,0x32c55daad1ad0d5d6602f8df09535021295db86a,2017-10-30T15:59:41.000Z,0.000008851,0xab296c308b24c972b60a662262f144eeefc27ec8,sell,0xf230b790e05390fc8295f4d3f60332c93bed42e2,0x49b6c50ca0496c7bdfcb7bb041c8089a2308613a3c92a6f361424261297ef9d6
379,57051.023,0.5077541047,0x604e1ab3b57d55de135dd0a39048d29e5cb798c5,2017-10-30T15:43:34.000Z,0.0000089,0x864c253182846f773742f5a346f5905c6faded78,sell,0xf230b790e05390fc8295f4d3f60332c93bed42e2,0x869df098ca85123245c57145004f5a0c0f33e67510f86986e4f6280ad9cf8705
380,35082.97669,0.312238492541,0x604e1ab3b57d55de135dd0a39048d29e5cb798c5,2017-10-30T15:40:04.000Z,0.0000089,0xab296c308b24c972b60a662262f144eeefc27ec8,sell,0xf230b790e05390fc8295f4d3f60332c93bed42e2,0xc4c963c3a0039bce371cc6c83a65a838f67bcf69b4eb8ed1500ee439770cad45
381,1555942.109,14.266433197421,0xa99a6543b2ca43c44cdadf903665a440adfe1372,2017-10-30T15:01:16.000Z,0.000009169,0xd6ef78ef089ff1817ee51fa6a77f6bd06091ff05,buy,0xf230b790e05390fc8295f4d3f60332c93bed42e2,0x95ba450e25b1db97dd0d9be60d2437174ef8cd48ad4afd82ce027416250b85e0
