,amount,amountBase,buyer,date,price,seller,side,tokenAddr,txHash
0,14.13347655,0.0005,0x4fda9e6bcd83af6c5cc771b5d20accc2b7720074,2017-11-02T11:45:41.000Z,0.00003537700000641385,0x00db95a9f5552d0111f0094510850d3dc7c15526,buy,0xba2184520a1cc49a6159c57e61e1844e085615b6,0xd88629e06adddbbe690eee92ea15e7335abad55b064c241e6a517fb0710fb228
1,14.13267757,0.0005,0x3075f7f189912f4f425dd7021b9c396434197477,2017-11-02T11:33:10.000Z,0.00003537900001775813,0x951571ecb267b433469ef2c50f4c7b74b1d631f7,buy,0xba2184520a1cc49a6159c57e61e1844e085615b6,0xdfd88375c2613a355ea1fb614a13dcf22a0bd0b94a8747eb4b0bdedbba5a72a0
2,4600,0.162748,0x010f7ec243bb5e7ed2b54cce49ca147e540e56fc,2017-11-02T10:57:12.000Z,0.00003538,0x8d510817dbcd4a89bc18472036fe3f7bcc02583c,buy,0xba2184520a1cc49a6159c57e61e1844e085615b6,0xf4638f9b57a7694e3a9ff6b8eb0d3a1a6694807009df8727079926249a83ce4a
3,2442.91481717,0.08647918452796331,0xe06ebc703d02c62826ac27c4258db9417fd13c10,2017-11-02T10:02:39.000Z,0.00003540000000005948,0x5da39a4e1e267d68cd920238ed01aa3e70ce9204,buy,0xba2184520a1cc49a6159c57e61e1844e085615b6,0xe056f6e8980f730298bf5b4f9b66b0be2a3bab7a6984c5a21a2b0b36f74bdb08
4,8667,0.303345,0x290019d362fbeb5c48097b271a9f5f33921b2d9f,2017-11-02T09:34:19.000Z,0.000035,0x1a84a246b1ff279f1eaa13fca4c2245b58d32517,buy,0xba2184520a1cc49a6159c57e61e1844e085615b6,0x41bd89c9220ae8df528e40adfd5bdf235710ca4b562771b4c36ad0b50c8ac508
5,250,0.00875,0xe06ebc703d02c62826ac27c4258db9417fd13c10,2017-11-02T09:20:58.000Z,0.000035,0x1a84a246b1ff279f1eaa13fca4c2245b58d32517,buy,0xba2184520a1cc49a6159c57e61e1844e085615b6,0x3456721d43987688ad50c92f5878ab6e12472a3d4780ae832e21eb7375d65428
6,19494,0.73619091,0xc05eb25915a202c6ac9f3d9c11ab4044b6c25326,2017-11-02T07:57:29.000Z,0.000037765,0xb742b2e0489bfcb82e70d8a462434be7a93937d1,buy,0xba2184520a1cc49a6159c57e61e1844e085615b6,0x75c9db49fe9743c861da173307f61d076cafa2c8cd0442170926393154fff827
7,27846.783,0.779709924,0x8909e1a4f31fc2214ea6c4a917268b833b00c000,2017-11-02T06:23:36.000Z,0.000028,0x1a84a246b1ff279f1eaa13fca4c2245b58d32517,sell,0xba2184520a1cc49a6159c57e61e1844e085615b6,0x09d1138f6aaeb08719f436725b42373886c0b083ea1cb1d4601727e804c300b2
8,0.00026647,0.00000000721467525,0x67b12ec22e7898bc4eedf5290741df88e508f171,2017-11-02T06:12:01.000Z,0.000027075,0x117ac0195f2d28ba9d046e251dbf4101f9ada4e4,sell,0xba2184520a1cc49a6159c57e61e1844e085615b6,0x1c71a7f82b06071a0aa2074e793540ffcc7c5a12d1dab16b903253d65bb48f0d
9,2.67289968,0.000072368758836,0x67b12ec22e7898bc4eedf5290741df88e508f171,2017-11-02T06:11:39.000Z,0.000027075,0x117ac0195f2d28ba9d046e251dbf4101f9ada4e4,sell,0xba2184520a1cc49a6159c57e61e1844e085615b6,0xfd7619f4bdf328bb0b9f01657e8d9a6cbca1f70eb47c1d2747881118656d7beb
10,26811.85659355,0.7259310172703662,0x67b12ec22e7898bc4eedf5290741df88e508f171,2017-11-02T06:11:12.000Z,0.000027075,0x117ac0195f2d28ba9d046e251dbf4101f9ada4e4,sell,0xba2184520a1cc49a6159c57e61e1844e085615b6,0x63014c66c6c3e3e456a3c49b726f1175a444e8b157bd3a5a2f1a243d0c85e4fe
11,4950,0.1485,0x4e19af21678d50ff64805526574702fcfcb7dd39,2017-11-02T06:10:11.000Z,0.00003,0x117ac0195f2d28ba9d046e251dbf4101f9ada4e4,sell,0xba2184520a1cc49a6159c57e61e1844e085615b6,0xaef55507d851203183f1d58fe6599064b695ba3ec8498689df081f0c2c80859c
12,30000,0.8124,0x1a84a246b1ff279f1eaa13fca4c2245b58d32517,2017-11-02T06:10:11.000Z,0.00002708,0x117ac0195f2d28ba9d046e251dbf4101f9ada4e4,sell,0xba2184520a1cc49a6159c57e61e1844e085615b6,0xba6f0319cbcb09ade073f105a710bd29f63bfae67db8e5684076bbffa03d2dcb
13,6847.39308144,0.19172700628032,0x1a84a246b1ff279f1eaa13fca4c2245b58d32517,2017-11-02T03:24:43.000Z,0.000028,0x39c122da4cca59f5a1caf9aafb8ab780656e6b50,sell,0xba2184520a1cc49a6159c57e61e1844e085615b6,0x446786cbcf4d8937a00252284edad930c1689a2a3a9b25c545b6971aaa5d2f36
14,15551.78945269,0.42106469943158176,0x67b12ec22e7898bc4eedf5290741df88e508f171,2017-11-01T13:54:43.000Z,0.000027075,0x4b7c1695c547062a0a52173053ed29a330c3a547,sell,0xba2184520a1cc49a6159c57e61e1844e085615b6,0x91746f795b0a1a129457d7e0145ba192b5a3e44682a7253e50dfdfcec0fb5aa8
15,27850,0.99967575,0x70efbe60529951adfb8ef692e0bcf7be8a7a7fd6,2017-11-01T13:50:59.000Z,0.000035895,0xb742b2e0489bfcb82e70d8a462434be7a93937d1,buy,0xba2184520a1cc49a6159c57e61e1844e085615b6,0x8f8bb8da6eacc9e9190977e7df01581c3c54912ffa96ab53a805bc11b156968f
16,1000,0.0359,0xb85d14ab22a69276e57f24130ce4215e5ffe7dc0,2017-11-01T09:47:12.000Z,0.0000359,0x951571ecb267b433469ef2c50f4c7b74b1d631f7,buy,0xba2184520a1cc49a6159c57e61e1844e085615b6,0x85f84d651db715d61db8d62497b95f6357f9bb12487ce920d5efe5e925475aa0
17,13128.53155218,0.368255310038649,0x67b12ec22e7898bc4eedf5290741df88e508f171,2017-11-01T07:19:39.000Z,0.00002805,0x0d807e8c4d70455f1bae45952e1db35a81e6cdaf,sell,0xba2184520a1cc49a6159c57e61e1844e085615b6,0x20f6dca1f30912060011ca032ceb767faddf5211825c1a0dbef5607f6189fcaa
18,50000,1.45,0x290019d362fbeb5c48097b271a9f5f33921b2d9f,2017-11-01T07:09:33.000Z,0.000029,0x0d807e8c4d70455f1bae45952e1db35a81e6cdaf,sell,0xba2184520a1cc49a6159c57e61e1844e085615b6,0x17581f4dd4236390370c390d665e8a16bbc33c55c21cebc2d5d13d7aaae42cac
19,18000,0.54,0x2808f0817a90eb096e76cb20a74e63a26274a472,2017-11-01T06:44:31.000Z,0.00003,0x117ac0195f2d28ba9d046e251dbf4101f9ada4e4,sell,0xba2184520a1cc49a6159c57e61e1844e085615b6,0x4aa81f157a80441ff81199ea8d29cf2c0623b462ce17609c59c751df13b6ac57
20,18000,0.54,0x2808f0817a90eb096e76cb20a74e63a26274a472,2017-11-01T06:43:41.000Z,0.00003,0x117ac0195f2d28ba9d046e251dbf4101f9ada4e4,sell,0xba2184520a1cc49a6159c57e61e1844e085615b6,0x4aa81f157a80441ff81199ea8d29cf2c0623b462ce17609c59c751df13b6ac57
21,500,0.0213825,0xf634ca63a5d3aae0e522b7cbacf9616b43a20b9c,2017-11-01T06:42:56.000Z,0.000042765,0x117ac0195f2d28ba9d046e251dbf4101f9ada4e4,sell,0xba2184520a1cc49a6159c57e61e1844e085615b6,0x5bcab09324daac6b0bda14c4f108cda9c856de97f51d42a2e280eed1863a0bac
22,490,0.02131255,0xf634ca63a5d3aae0e522b7cbacf9616b43a20b9c,2017-11-01T03:58:58.000Z,0.000043495,0xaa34321c9e8addf2ba4d703a98bf85943656a275,buy,0xba2184520a1cc49a6159c57e61e1844e085615b6,0xea7f4caf4034c97b19893c5e63a657db3671d70321125cd2e3de8940df50db2b
23,30000,0.90333,0xc1247afc472ead93b059f15d1494cfc937809c8f,2017-10-31T19:51:14.000Z,0.000030111,0x00db95a9f5552d0111f0094510850d3dc7c15526,sell,0xba2184520a1cc49a6159c57e61e1844e085615b6,0x5efd82fcd1084f9d0cdf9288857369a03c581b1cfdf3d2a38b20145d7ac393ef
24,50000,1.5056,0x951571ecb267b433469ef2c50f4c7b74b1d631f7,2017-10-31T19:51:04.000Z,0.000030112,0x00db95a9f5552d0111f0094510850d3dc7c15526,sell,0xba2184520a1cc49a6159c57e61e1844e085615b6,0x2d246b64df8a1f56739194c6b168cd055eb0fb31cec3b90da20ec30016a2bc76
25,19337.82485863,0.8410793544013558,0x1ff0d6028da652320986f899d82ce0e4e081628e,2017-10-31T17:02:49.000Z,0.0000434940000000053,0x951571ecb267b433469ef2c50f4c7b74b1d631f7,buy,0xba2184520a1cc49a6159c57e61e1844e085615b6,0xf61a0b7794ea58716823c5d09503b86875ce7a793e2e98e79e1063282c9ec918
26,930,0.04044942,0x4a221e6302581142d534c7167c8ce2f7496a70c6,2017-10-31T16:26:39.000Z,0.000043494,0x951571ecb267b433469ef2c50f4c7b74b1d631f7,buy,0xba2184520a1cc49a6159c57e61e1844e085615b6,0xf07a8575adf270e3e2904f12e5fc594bfb43094faa4d2a21a67a120460e8d0db
27,1400,0.060893,0xec321818a87433bba955b71869242ef32adb7333,2017-10-31T15:17:49.000Z,0.000043495,0x951571ecb267b433469ef2c50f4c7b74b1d631f7,sell,0xba2184520a1cc49a6159c57e61e1844e085615b6,0x4d940773e9f901428ed7647d43d482965a31fb0f63c3291441057c4280941a30
28,2492.27395075,0.10840145548787125,0xec321818a87433bba955b71869242ef32adb7333,2017-10-31T14:10:10.000Z,0.000043495,0x23ce9f95dcda612bfbb243d576f1a1d4e1a7b658,sell,0xba2184520a1cc49a6159c57e61e1844e085615b6,0xa3d2152f259d81094a20d961dbd9b820644fb6d6bb57494257a05a4c6735852f
29,6280.53035589,0.1884849965106148,0x951571ecb267b433469ef2c50f4c7b74b1d631f7,2017-10-31T12:59:14.000Z,0.000030011,0xd834838dee4bbba0aac679104fae43eae30aeedd,sell,0xba2184520a1cc49a6159c57e61e1844e085615b6,0x874335ef4fa5f37eeda24d52dc0ada370ff4c095f1ee15f621957e263e4528f2
30,0.0001,0.0000000044949,0x0c4085d8e714ca77ac5f46cd2b80a92d238a7cd3,2017-10-31T01:23:46.000Z,0.000044949,0x951571ecb267b433469ef2c50f4c7b74b1d631f7,buy,0xba2184520a1cc49a6159c57e61e1844e085615b6,0x760ec72a204c82f21a98c3fdd727d673dcdd1dd4148c60b27f1d2ebb78f64d57
31,10000,0.45999,0xa7d8cc7dfcdc28f7c92d1140535d4b4648dde186,2017-10-30T02:52:29.000Z,0.000045999,0x951571ecb267b433469ef2c50f4c7b74b1d631f7,buy,0xba2184520a1cc49a6159c57e61e1844e085615b6,0xf687776c571aafbbde91962c7d7402e0781c7dadbbddb659f8969a0b2a32b006
32,12.788,0.000361746944,0x6009502524cc23d9861056a1d2b2f89603b14bbc,2017-10-30T02:30:49.000Z,0.000028288,0x16e5d97bbc92417e051e3b2cabfbf8ceea2acb9c,sell,0xba2184520a1cc49a6159c57e61e1844e085615b6,0x21dbe0ffffd54091059b914d9b04a72c8b75a2161899688a35a66eac8ffde4de
33,12.781,0.0004038796,0x8909e1a4f31fc2214ea6c4a917268b833b00c000,2017-10-30T02:29:07.000Z,0.0000316,0x379374d13077e8867ef31803c37baf9785a17c00,sell,0xba2184520a1cc49a6159c57e61e1844e085615b6,0x9ef8e135ad2ae65d69ffd09337d80a2df156f43107245b81f729346b8ae7879a
34,200,0.0091998,0xec4b7689eb30682f22461086da244e62741603e6,2017-10-30T00:09:26.000Z,0.000045999,0x951571ecb267b433469ef2c50f4c7b74b1d631f7,buy,0xba2184520a1cc49a6159c57e61e1844e085615b6,0x5d536a08ea51c0e81585290f0123e99ecbcfe0f46269d2c4bd5bab1d88af1382
35,9890,0.45493011,0xec4b7689eb30682f22461086da244e62741603e6,2017-10-30T00:05:59.000Z,0.000045999,0x951571ecb267b433469ef2c50f4c7b74b1d631f7,buy,0xba2184520a1cc49a6159c57e61e1844e085615b6,0xa0e5430461bd3e1d0fb9fd330366e99f7ed39946e8d747497f459ab57f76430c
36,0.00001093,0.000000000502895217,0xec4b7689eb30682f22461086da244e62741603e6,2017-10-29T23:53:42.000Z,0.00004601054135407136,0x951571ecb267b433469ef2c50f4c7b74b1d631f7,buy,0xba2184520a1cc49a6159c57e61e1844e085615b6,0x7ccad1d375861432b4937c9fdb28d630d4a1613acea05831b6d6af3b5cf3be4a
37,0.10966633,0.000005044541920047,0xec4b7689eb30682f22461086da244e62741603e6,2017-10-29T23:50:53.000Z,0.00004599900370557672,0x951571ecb267b433469ef2c50f4c7b74b1d631f7,buy,0xba2184520a1cc49a6159c57e61e1844e085615b6,0x8e6c217f28dee1ee95856784c7cb9e7984f994c8c125f90482809454dd92fdbe
38,7212.08,0.2884832,0x1ff0d6028da652320986f899d82ce0e4e081628e,2017-10-29T17:14:32.000Z,0.00004,0x33f3341d95adefed3a51358b04b599862f0f2b8c,buy,0xba2184520a1cc49a6159c57e61e1844e085615b6,0x7f427ad8006aff9d9f38838b5bf69263bda4a559c22284482730c265134f3088
39,30,0.0012,0x0b773d7819259d78757b26dc4148812d35676d8f,2017-10-29T16:51:35.000Z,0.00004,0x33f3341d95adefed3a51358b04b599862f0f2b8c,buy,0xba2184520a1cc49a6159c57e61e1844e085615b6,0x0cd2841c38f7ab111807824007f132122da33965f98427d490f2d502961590ec
40,2757.91979885,0.11031679195405733,0x1579c988f8c718e170406a057ac44bf7a61feda7,2017-10-29T16:43:22.000Z,0.00004000000000002078,0x33f3341d95adefed3a51358b04b599862f0f2b8c,buy,0xba2184520a1cc49a6159c57e61e1844e085615b6,0xf1414d831308965c51e50bf62633a730b7dbf146864d4fc401dcb4a01ba8e8bb
41,8.57903773,0.0002322345513511,0x600bf5b4c26ab95cc6260e5fac8c77154308024e,2017-10-29T12:55:59.000Z,0.00002707,0x486f9aa54bd746a02dd581ebc7c62d0c330bddf0,sell,0xba2184520a1cc49a6159c57e61e1844e085615b6,0x5df9ca6bb02a027361fb18956f8af2e22f05cb41d23ee80723087081205dcb30
42,86056.3273851,2.329544782314657,0x600bf5b4c26ab95cc6260e5fac8c77154308024e,2017-10-29T12:53:57.000Z,0.00002707,0x486f9aa54bd746a02dd581ebc7c62d0c330bddf0,sell,0xba2184520a1cc49a6159c57e61e1844e085615b6,0xfb09aaeb2ab5f4c6570d54f8d09629d7f3af3bc88676fd592ea563c465a42aa8
43,8.51742687,0.0002305667453709,0x600bf5b4c26ab95cc6260e5fac8c77154308024e,2017-10-29T12:08:26.000Z,0.00002707,0xb5331318bf5a573be2f043a91daed22615374f33,sell,0xba2184520a1cc49a6159c57e61e1844e085615b6,0x1e78acce321efaf997f68b7cd8a3e92abd48f4ce0591c5fd916b16db64998a11
44,85438.30887847,2.312815021340183,0x600bf5b4c26ab95cc6260e5fac8c77154308024e,2017-10-29T12:06:58.000Z,0.00002707,0xb5331318bf5a573be2f043a91daed22615374f33,sell,0xba2184520a1cc49a6159c57e61e1844e085615b6,0x9b536bcad4a1f3d94d3fe6cf46e499c40beddb8239e0f2a194acf784e9809378
45,30000,0.841653,0x24418ab1b19550b380652432eac1ab37bf3d0fa9,2017-10-29T12:05:27.000Z,0.0000280551,0xb5331318bf5a573be2f043a91daed22615374f33,sell,0xba2184520a1cc49a6159c57e61e1844e085615b6,0x087bc6974779c03b17f7acd28f7626fc709081a0aff5a9612ebe9937e1137828
46,4000,0.14,0x29dcd67307045880f2db4d003c79ef0e635b1031,2017-10-29T12:05:21.000Z,0.000035,0xb5331318bf5a573be2f043a91daed22615374f33,sell,0xba2184520a1cc49a6159c57e61e1844e085615b6,0x90d129a5413b1ea010edbd0ec2a0d99ff1fb4b173cbb9fa28db0402aef2c2142
47,6314.788,0.1995473008,0x8909e1a4f31fc2214ea6c4a917268b833b00c000,2017-10-29T12:05:21.000Z,0.0000316,0xb5331318bf5a573be2f043a91daed22615374f33,sell,0xba2184520a1cc49a6159c57e61e1844e085615b6,0xc199fc16f239f2aa2875ad89d4fd29d33e2d4d96f8ef25f0bca159fb0dadf85a
48,10,0.0005,0x34f9560c63078eb61872a4dc2ccd20e21c34feaf,2017-10-28T20:37:21.000Z,0.00005,0x12e47c217ed710da4f3bfd467ec74f0f3b10ccf5,buy,0xba2184520a1cc49a6159c57e61e1844e085615b6,0x1540be24c0e3fb57d244a2a727df68824cbc9e1b327b29580262e1029bed2fdf
49,10,0.0005,0xe444a40689f51f63bcd29910622035707d533d29,2017-10-28T20:36:57.000Z,0.00005,0x12e47c217ed710da4f3bfd467ec74f0f3b10ccf5,buy,0xba2184520a1cc49a6159c57e61e1844e085615b6,0x600b8dc0ffcc42f6481a86c126b0f7ffd0ca88ad1fe3f8c5c58947684f51ce34
50,518,0.029499582,0x4a221e6302581142d534c7167c8ce2f7496a70c6,2017-10-28T18:37:23.000Z,0.000056949,0x951571ecb267b433469ef2c50f4c7b74b1d631f7,buy,0xba2184520a1cc49a6159c57e61e1844e085615b6,0x227ffe41672e7e007a98483f2be6a031192202162fb078b2fad6f43142e61398
51,6886.6568979,0.1948097503277952,0x6009502524cc23d9861056a1d2b2f89603b14bbc,2017-10-28T17:17:20.000Z,0.000028288,0x1ed014aec47fae44c9e55bac7662c0b78ae61798,sell,0xba2184520a1cc49a6159c57e61e1844e085615b6,0x9b39c03ad921dd6fae7f10de0989b46727742fea503414ff56f35ae1cb85c851
52,100,0.005,0xf00118adac77d70abb28b6b27cb8f18a6d62750c,2017-10-28T12:29:20.000Z,0.00005,0x12e47c217ed710da4f3bfd467ec74f0f3b10ccf5,buy,0xba2184520a1cc49a6159c57e61e1844e085615b6,0x992b2f4cb7e754adddfad1767c137b0966c6ff95e88530b184eb1a1df106ebf2
53,46.89151477,0.001477082715255,0x4bcdd327172b7d26bd0229b69bf7b9c220194c52,2017-10-28T10:12:12.000Z,0.0000315,0x4cc6e4b4f2197bdb6d3fb513882c49cc559e5d50,sell,0xba2184520a1cc49a6159c57e61e1844e085615b6,0x8f84156d64cf1a2ea5dd0c2bd0c96c1f0214390348e5c897df99ebf170b27718
54,1623.75186594,0.0649500746376,0x67b12ec22e7898bc4eedf5290741df88e508f171,2017-10-28T10:09:16.000Z,0.00004,0x4cc6e4b4f2197bdb6d3fb513882c49cc559e5d50,sell,0xba2184520a1cc49a6159c57e61e1844e085615b6,0x1ed5e761702eaf678daa86af092f31df87e4e87f595c056e44e0cebf021d8041
55,47344.42609277,1.8937770437108,0xb742b2e0489bfcb82e70d8a462434be7a93937d1,2017-10-28T04:13:12.000Z,0.00004,0xd6195e344660da29cb3f59fbf0a7ee880ced5337,sell,0xba2184520a1cc49a6159c57e61e1844e085615b6,0x6f9c8bae2ac0bff76808cc9ae71c48ef0c50bef08966b6f51d07610689e4bf41
56,7547.21082825,0.30188843313,0x67b12ec22e7898bc4eedf5290741df88e508f171,2017-10-28T03:31:16.000Z,0.00004,0x5da39a4e1e267d68cd920238ed01aa3e70ce9204,sell,0xba2184520a1cc49a6159c57e61e1844e085615b6,0x050e1761d9250428b2000a4b5e214625cdbd699b2cb6aabdbb45c2773d9c18f7
57,4516.99751175,0.18067990047,0x67b12ec22e7898bc4eedf5290741df88e508f171,2017-10-27T23:06:57.000Z,0.00004,0x9e1477cd68e8e375705ccb3dcf5764fe901de3ef,sell,0xba2184520a1cc49a6159c57e61e1844e085615b6,0x5210449ea47a0d8bcb11de3e33cf00c6ed7f700ff0b82254f2e81e39cbc98052
58,50000,1.95005,0x951571ecb267b433469ef2c50f4c7b74b1d631f7,2017-10-27T14:29:07.000Z,0.000039001,0xd6195e344660da29cb3f59fbf0a7ee880ced5337,sell,0xba2184520a1cc49a6159c57e61e1844e085615b6,0x47ed8d77d79a6f959f98e1de68976304fbc3fadbc7c9614a88142bac09df40d4
59,150000,5.85,0x600bf5b4c26ab95cc6260e5fac8c77154308024e,2017-10-27T14:29:07.000Z,0.000039,0xd6195e344660da29cb3f59fbf0a7ee880ced5337,sell,0xba2184520a1cc49a6159c57e61e1844e085615b6,0x6b23dcae18e90d846e12c5bb87effd75d1e84497434be1e8f06e211370c9b63b
60,1683.75492158,0.084187746079,0x93d46185c77f348b3f11bac55bfeacf61163b3e5,2017-10-27T14:13:57.000Z,0.00005,0xd6195e344660da29cb3f59fbf0a7ee880ced5337,sell,0xba2184520a1cc49a6159c57e61e1844e085615b6,0xc9867d3480a098e7ba3716c517324e1a64e4b89cb164693f402fd1f8b9688874
61,150,0.009,0x12e47c217ed710da4f3bfd467ec74f0f3b10ccf5,2017-10-27T14:02:37.000Z,0.00006,0xbc7d2fec2005df098404d8ba72efb45efaf884c3,sell,0xba2184520a1cc49a6159c57e61e1844e085615b6,0x4e4fa944d03e792b352327f6fad7e436166411e5f2b4e449bfe57cb567c79789
62,26.55467696,0.00164638997152,0xdfed8133a78676551b3049d86c5e8c99c62fbc73,2017-10-27T09:27:59.000Z,0.000062,0xdcebba2b21ee646c1977fe75cb660cbd5dc30b4f,sell,0xba2184520a1cc49a6159c57e61e1844e085615b6,0xe80eb3b45a03c26cfb691ddef71e9d90135fd676c965802eb04536e099e800ab
63,201.545,0.01249579,0xdfed8133a78676551b3049d86c5e8c99c62fbc73,2017-10-27T09:27:17.000Z,0.000062,0xdcebba2b21ee646c1977fe75cb660cbd5dc30b4f,sell,0xba2184520a1cc49a6159c57e61e1844e085615b6,0xb9b25b3a74ee607e76d5aef7542754dae7922b56f2467c90cf1026a67bcbca02
64,498.45479015,0.0309041969893,0xdfed8133a78676551b3049d86c5e8c99c62fbc73,2017-10-27T09:19:41.000Z,0.000062,0x894bac9b0216f335769dca19b54ca3ed3a4bd643,sell,0xba2184520a1cc49a6159c57e61e1844e085615b6,0x6cf24cfe8c4d566e1caeaa67837e85b381de343fab8452d0b7e4bb89e999a6c5
65,500,0.031,0x46fedb0b58ea6957aaea46794cfebc94d088b5a4,2017-10-27T08:33:46.000Z,0.000062,0x34ef3e7c63c4c33d5570b5e3b563317ac3e5d76f,buy,0xba2184520a1cc49a6159c57e61e1844e085615b6,0x0a5b8275a919c6e3261f12d33503e448b1f56c2983158234979be4d7073987a3
66,48316.24507842,2.415812253921,0x93d46185c77f348b3f11bac55bfeacf61163b3e5,2017-10-27T03:59:56.000Z,0.00005,0x8d4920fa9841558c97da4dbad60bfea2664f6cb9,sell,0xba2184520a1cc49a6159c57e61e1844e085615b6,0x047185922f39d9f9739d389e242f4f6f36cdd59ebf08b67b3573ea996554b11e
67,300,0.01965,0x44840add5bd65a45bbce1a79dbdc5d11802c41de,2017-10-27T03:58:16.000Z,0.0000655,0x3e37e3d2e664dff18fded3f653b508652d9e4cc8,buy,0xba2184520a1cc49a6159c57e61e1844e085615b6,0x76b39862bc26b916471cd2c87cda7cb67fb0a3bf0e393902e0168bb89de9675a
68,40000,2.08,0x94bebd3af89c7da739865195b1d4b1ed98ec878e,2017-10-27T03:55:53.000Z,0.000052,0x8d4920fa9841558c97da4dbad60bfea2664f6cb9,sell,0xba2184520a1cc49a6159c57e61e1844e085615b6,0x8b5814038e490ec28b969260e9f812ac968d12b7e19a0e7571b721b3d188a6ee
69,7869.472,0.4092133309472,0xc1247afc472ead93b059f15d1494cfc937809c8f,2017-10-27T03:55:06.000Z,0.0000520001,0x8d4920fa9841558c97da4dbad60bfea2664f6cb9,sell,0xba2184520a1cc49a6159c57e61e1844e085615b6,0x2f3bbce0340e6532010b1e8c3b4a9ad5b44705ffa5eec600b27ae3aafe040215
70,2130.5278207,0.11078765972918207,0xc1247afc472ead93b059f15d1494cfc937809c8f,2017-10-27T03:25:20.000Z,0.0000520001,0xe1226c4d0a752a3ef42ee783aa1b4ac1abe47a8e,sell,0xba2184520a1cc49a6159c57e61e1844e085615b6,0x14a039cfa29ccccf73d194dc7bc364d3196d323c644cf2f868dd9b337142cd41
71,15.26950679,0.001,0x4a57d0208164a1c1c63c75395dc444428a07b50a,2017-10-26T23:47:23.000Z,0.00006549000002114672,0x9910752a3add8071e43d68b8a1cc1e5d3c742ede,buy,0xba2184520a1cc49a6159c57e61e1844e085615b6,0x366f49f36fb8a0bfe64a61b7aed4d1e7b5689ec17b01e867c2e85e0b0ccdc766
72,100,0.0043,0x8f413e453b567f243a6e89323dbc39efeec678be,2017-10-26T17:31:11.000Z,0.000043,0x8f413e453b567f243a6e89323dbc39efeec678be,sell,0xba2184520a1cc49a6159c57e61e1844e085615b6,0x5cafd6ab95a22690ca0e8849040ea467d28c376bddb6bc3f06628d1389a1289f
73,9593.31386806,0.62932138974483,0x486f9aa54bd746a02dd581ebc7c62d0c330bddf0,2017-10-26T17:10:26.000Z,0.0000656000000000098,0x9910752a3add8071e43d68b8a1cc1e5d3c742ede,buy,0xba2184520a1cc49a6159c57e61e1844e085615b6,0xe29ae1e2e776a5d56b973844bd4ffa06514211f9bc18c80c493046c53c6a7618
74,2485.466,0.162798023,0x486f9aa54bd746a02dd581ebc7c62d0c330bddf0,2017-10-26T17:08:23.000Z,0.0000655,0x4b0925f7776c00378f9556fcd4b3aaf3efe0013f,buy,0xba2184520a1cc49a6159c57e61e1844e085615b6,0xb27f70b6cf79dd6eaed032365e8c01f65a61b0badacca4a2f12ab2e037d0d2ef
75,5000,0.327495,0x486f9aa54bd746a02dd581ebc7c62d0c330bddf0,2017-10-26T17:08:23.000Z,0.000065499,0xaa04a7ad89f3cbc6034db1e9856473091ae1761b,buy,0xba2184520a1cc49a6159c57e61e1844e085615b6,0xa1adddf8a52510ce5ea550a826a2c7c1216878892310327f4d358d2348596031
76,5508.08554626,0.3618812203895568,0x486f9aa54bd746a02dd581ebc7c62d0c330bddf0,2017-10-26T16:41:02.000Z,0.00006570000000004988,0x9910752a3add8071e43d68b8a1cc1e5d3c742ede,buy,0xba2184520a1cc49a6159c57e61e1844e085615b6,0xa33a9d8f07921bf58a811acaa504aebcb6d6acad1df012bd245e12b0010b860f
77,4000,0.2552,0x3ee0c766d2f02ddf091413781b83d82ebb126dd5,2017-10-26T16:25:13.000Z,0.0000638,0x34ef3e7c63c4c33d5570b5e3b563317ac3e5d76f,buy,0xba2184520a1cc49a6159c57e61e1844e085615b6,0xa3f8b7155e0de3b4ba3a9f36c20c143b5c94df8d46c09f7cb332b4b49b21c844
78,9800,0.62426,0x3ee0c766d2f02ddf091413781b83d82ebb126dd5,2017-10-26T16:25:00.000Z,0.0000637,0x4b0925f7776c00378f9556fcd4b3aaf3efe0013f,buy,0xba2184520a1cc49a6159c57e61e1844e085615b6,0x99beef921ae8c58d37b941219b0f3a89f24f798d71488fd6ff9c6dc317b41e17
79,200,0.01274,0xf732b16f5aee6cd2db5b30a7a3860764a48b19ff,2017-10-26T16:23:18.000Z,0.0000637,0x4b0925f7776c00378f9556fcd4b3aaf3efe0013f,buy,0xba2184520a1cc49a6159c57e61e1844e085615b6,0xbc77db767fb90c070c3fd0d69807a58fe316c207df7c9f62f4ca91ba24b3518c
80,200,0.01274,0xf732b16f5aee6cd2db5b30a7a3860764a48b19ff,2017-10-26T16:23:14.000Z,0.0000637,0x4b0925f7776c00378f9556fcd4b3aaf3efe0013f,buy,0xba2184520a1cc49a6159c57e61e1844e085615b6,0xbc77db767fb90c070c3fd0d69807a58fe316c207df7c9f62f4ca91ba24b3518c
81,6300,0.3465,0xd834838dee4bbba0aac679104fae43eae30aeedd,2017-10-26T16:05:41.000Z,0.000055,0x4b0925f7776c00378f9556fcd4b3aaf3efe0013f,sell,0xba2184520a1cc49a6159c57e61e1844e085615b6,0x5f538a9c8f248cd4cb309ca93c97b1233127373eeb4c53a86a50ad39fb32adbc
82,4000,0.2512,0x192522ad3593abe289981a5a6e506d1d51cfce72,2017-10-26T15:41:47.000Z,0.0000628,0x34ef3e7c63c4c33d5570b5e3b563317ac3e5d76f,buy,0xba2184520a1cc49a6159c57e61e1844e085615b6,0xf5f9b2280eb1300ea591eb09ca2aed68e9360bc7cf7d5d8de88d6e124be4e056
83,4000,0.2352,0x212ffb2f514957761d3b8870508f3a1458431460,2017-10-26T15:18:46.000Z,0.0000588,0x34ef3e7c63c4c33d5570b5e3b563317ac3e5d76f,buy,0xba2184520a1cc49a6159c57e61e1844e085615b6,0xfca7254cbb21d99c188e6ebac7ca6a0234debddc1734eb773de155817d87519e
84,4000,0.2352,0x212ffb2f514957761d3b8870508f3a1458431460,2017-10-26T15:18:46.000Z,0.0000588,0x34ef3e7c63c4c33d5570b5e3b563317ac3e5d76f,buy,0xba2184520a1cc49a6159c57e61e1844e085615b6,0xf2f9a2d5a6023f8dd07253ad07a65c5a82540ab00f4b79c60b282bc212771df3
85,9483.763,0.550058254,0x8f413e453b567f243a6e89323dbc39efeec678be,2017-10-26T15:17:45.000Z,0.000058,0x54409c45877a9877a724bdfc941dd5a16ac0f0c8,buy,0xba2184520a1cc49a6159c57e61e1844e085615b6,0xbb1888798d91f7faf776237c75c2612c4bfec348c3684bba4c271876a88bcda9
86,526.23668352,0.030521727644302662,0x486f9aa54bd746a02dd581ebc7c62d0c330bddf0,2017-10-26T15:07:59.000Z,0.00005800000000027109,0x54409c45877a9877a724bdfc941dd5a16ac0f0c8,buy,0xba2184520a1cc49a6159c57e61e1844e085615b6,0xce7e8468e6d2e4e552eef9274518f29671dd659bb682ab89bd9f8638c373d904
87,15550,0.9019,0x486f9aa54bd746a02dd581ebc7c62d0c330bddf0,2017-10-26T15:07:00.000Z,0.000058,0x54409c45877a9877a724bdfc941dd5a16ac0f0c8,buy,0xba2184520a1cc49a6159c57e61e1844e085615b6,0x0d400ef8c5649782af1e53f1a11073e740c053838fd766d9b68066435ac6d90a
88,74.75893601,0.00261820745694222,0xaa04a7ad89f3cbc6034db1e9856473091ae1761b,2017-10-26T15:06:03.000Z,0.000035022,0xb742b2e0489bfcb82e70d8a462434be7a93937d1,sell,0xba2184520a1cc49a6159c57e61e1844e085615b6,0x976aeab0bbcc23da4c540abb2521ad8e7cf98dfd886402c0115bde83e2155f16
89,9980.687,0.58676458873,0x8f413e453b567f243a6e89323dbc39efeec678be,2017-10-26T15:04:20.000Z,0.00005879,0x24418ab1b19550b380652432eac1ab37bf3d0fa9,buy,0xba2184520a1cc49a6159c57e61e1844e085615b6,0x8be49e8f5b346140c864a9c82ff133bf98661eed817dcaa5ca407aced5ae33f0
90,1760,0.10208,0x486f9aa54bd746a02dd581ebc7c62d0c330bddf0,2017-10-26T15:02:32.000Z,0.000058,0x54409c45877a9877a724bdfc941dd5a16ac0f0c8,buy,0xba2184520a1cc49a6159c57e61e1844e085615b6,0xee29c6234b4f6ccac073aad4e488633f527646faf39e67be0465135e150a313c
91,27320,1.58456,0x8f413e453b567f243a6e89323dbc39efeec678be,2017-10-26T15:02:18.000Z,0.000058,0x54409c45877a9877a724bdfc941dd5a16ac0f0c8,buy,0xba2184520a1cc49a6159c57e61e1844e085615b6,0x60074c2424f119dac578c6c41005529f127f054fe81ab84dcba0e62394f220f5
92,45900,2.659905,0x486f9aa54bd746a02dd581ebc7c62d0c330bddf0,2017-10-26T14:59:17.000Z,0.00005795,0xb742b2e0489bfcb82e70d8a462434be7a93937d1,buy,0xba2184520a1cc49a6159c57e61e1844e085615b6,0xcf90cc19d4b821a827d2f6943fa1674e1befda2d09f159a191a347a9adea75e8
93,40.992,0.002295552,0xb742b2e0489bfcb82e70d8a462434be7a93937d1,2017-10-26T14:27:36.000Z,0.000056,0xe1226c4d0a752a3ef42ee783aa1b4ac1abe47a8e,sell,0xba2184520a1cc49a6159c57e61e1844e085615b6,0x1f9e2feedaa3196bfa6585c292696f170e000904c2e0288c8cd099eb6856d638
94,40.992,0.002295552,0xb742b2e0489bfcb82e70d8a462434be7a93937d1,2017-10-26T13:38:27.000Z,0.000056,0xb742b2e0489bfcb82e70d8a462434be7a93937d1,sell,0xba2184520a1cc49a6159c57e61e1844e085615b6,0xf418ff04606db4acc6c0360a505f34e6680ca1cf55b67bdd0f22f4fd27054a8b
95,20000,0.90574,0xb742b2e0489bfcb82e70d8a462434be7a93937d1,2017-10-26T13:21:38.000Z,0.000045287,0x6d617006fc0fd60be2917f1fc49e055a42288bb1,buy,0xba2184520a1cc49a6159c57e61e1844e085615b6,0xe56ca912d7bbc4f0bea452f1f3158bb0febdae4b0c3c63750308fce6f6d2b0f8
96,1934.12166472,0.08761377729039976,0xb742b2e0489bfcb82e70d8a462434be7a93937d1,2017-10-26T13:21:38.000Z,0.00004529900000012847,0x6ef8569f39521683f7000cd0de4a5b93b29286d3,buy,0xba2184520a1cc49a6159c57e61e1844e085615b6,0xa8b8fb69bc22c360b0efee78d70af735a69771e2c3cb780a5b7cba54c03d4b97
97,10000,0.45285,0xb742b2e0489bfcb82e70d8a462434be7a93937d1,2017-10-26T13:21:35.000Z,0.000045285,0x24418ab1b19550b380652432eac1ab37bf3d0fa9,buy,0xba2184520a1cc49a6159c57e61e1844e085615b6,0x04555e657ffe1f352dbbcccd7cad9da08fe52a8d100a397827f81d9d120e3792
98,4000,0.181132,0xb742b2e0489bfcb82e70d8a462434be7a93937d1,2017-10-26T13:20:30.000Z,0.000045283,0x6d617006fc0fd60be2917f1fc49e055a42288bb1,buy,0xba2184520a1cc49a6159c57e61e1844e085615b6,0xb4f6e9dc1e69c421337c79fa989b43c4beee3aeb99ebf1d4546198b67dace16f
99,10000,0.4528,0xb742b2e0489bfcb82e70d8a462434be7a93937d1,2017-10-26T13:20:30.000Z,0.00004528,0x24418ab1b19550b380652432eac1ab37bf3d0fa9,buy,0xba2184520a1cc49a6159c57e61e1844e085615b6,0x5be5f76ef8c4828c382b32d3c579bc3a5849b5259c6fd66849e06d731a33f00b
100,5000,0.226415,0xaa04a7ad89f3cbc6034db1e9856473091ae1761b,2017-10-26T12:28:54.000Z,0.000045283,0x6d617006fc0fd60be2917f1fc49e055a42288bb1,buy,0xba2184520a1cc49a6159c57e61e1844e085615b6,0x68d2f9bb4fcf159b9434380cad2ee80ea41349d3b58cc8f75fe8d91d6cd2cf88
101,6000,0.271698,0x3c28722d3b3c2d7482c9add171147c756d998ab2,2017-10-26T12:26:16.000Z,0.000045283,0x6d617006fc0fd60be2917f1fc49e055a42288bb1,buy,0xba2184520a1cc49a6159c57e61e1844e085615b6,0x850f33e0b781f036e87503fd19616a8d8faea1f872e1e596c141498f24b849fd
102,5000,0.226415,0x3e37e3d2e664dff18fded3f653b508652d9e4cc8,2017-10-26T12:19:28.000Z,0.000045283,0x6d617006fc0fd60be2917f1fc49e055a42288bb1,buy,0xba2184520a1cc49a6159c57e61e1844e085615b6,0xae2160d47e5ade090b70244ab0bf523bbcf2ed31ae8ffd556ed00c56da3ef3c4
103,10000,0.45279,0x4b0925f7776c00378f9556fcd4b3aaf3efe0013f,2017-10-26T12:16:21.000Z,0.000045279,0x24418ab1b19550b380652432eac1ab37bf3d0fa9,buy,0xba2184520a1cc49a6159c57e61e1844e085615b6,0x53b5d1017e388ecd4f80e55933d3b294c9ac65b1a36c76b60dfc4efecf0676b5
104,8397.36775047,0.38011524859286655,0x4b0925f7776c00378f9556fcd4b3aaf3efe0013f,2017-10-26T12:15:35.000Z,0.0000452660000000109,0x6009502524cc23d9861056a1d2b2f89603b14bbc,buy,0xba2184520a1cc49a6159c57e61e1844e085615b6,0x846e76238f5a45241f5e062f1c25de76869fec2a32ff8f3123f04459d75d8775
105,5000,0.22633,0x3e37e3d2e664dff18fded3f653b508652d9e4cc8,2017-10-26T12:14:46.000Z,0.000045266,0x6009502524cc23d9861056a1d2b2f89603b14bbc,buy,0xba2184520a1cc49a6159c57e61e1844e085615b6,0x9d90a1cce2f2632d8ba935ebcc10f46f5462638aefda998290bdcb87126966d6
106,10407,0.471031227,0x4b0925f7776c00378f9556fcd4b3aaf3efe0013f,2017-10-26T12:13:40.000Z,0.000045261,0xcec56a1a0c701228c50b78c9bc601cbc694b75f5,buy,0xba2184520a1cc49a6159c57e61e1844e085615b6,0x0354246e660a08e588d9380d27d9d1bb0e79c66fb28b76458477718068e3925e
107,1381,0.0606259,0xe4f6ba0c933075f37ef4a3ec6ea715f39be9ea6e,2017-10-26T11:36:37.000Z,0.0000439,0x54409c45877a9877a724bdfc941dd5a16ac0f0c8,buy,0xba2184520a1cc49a6159c57e61e1844e085615b6,0xd186f107aaf51c68761557ff3aaecd480d2b34494e1d67a9d0a703c0ee85a096
108,10000,0.35001,0x290019d362fbeb5c48097b271a9f5f33921b2d9f,2017-10-26T11:13:20.000Z,0.000035001,0x54409c45877a9877a724bdfc941dd5a16ac0f0c8,sell,0xba2184520a1cc49a6159c57e61e1844e085615b6,0x0240eaaf683c684d333fff3ff63dae391ce14f45cd58ced0d6c7439273a6070f
109,2178.24743295,0.07623866015325,0xe1226c4d0a752a3ef42ee783aa1b4ac1abe47a8e,2017-10-26T09:46:48.000Z,0.000035,0x54b59cbea68b581f1fa6ae1c3d5ea0643e8e2378,sell,0xba2184520a1cc49a6159c57e61e1844e085615b6,0x2729624ab022d76e1ee3b8cfd43be436097ac8dc119751997275073ef119899a
110,5378.82564051,0.17750662496247052,0xc1247afc472ead93b059f15d1494cfc937809c8f,2017-10-26T06:57:58.000Z,0.000033001,0x5a0553340ad9e45fac5d949bc3fa17356785c585,sell,0xba2184520a1cc49a6159c57e61e1844e085615b6,0x8312e55171a3320b744bb013ff36f0c3d4fb02c0780fae4f940573900d2d4b0b
111,40000,1.4,0xe586e8534d235dad3d46685daf7c1815f0962944,2017-10-26T06:55:33.000Z,0.000035,0x5a0553340ad9e45fac5d949bc3fa17356785c585,sell,0xba2184520a1cc49a6159c57e61e1844e085615b6,0x53f1fcf5f32a2bb37a0d2626c0268e8ffa11b0025842443b10e1626317d31a47
112,6500,0.21515,0x14d6a9617a144ac2ee29a309862a3d88ba2820d6,2017-10-26T06:55:33.000Z,0.0000331,0x5a0553340ad9e45fac5d949bc3fa17356785c585,sell,0xba2184520a1cc49a6159c57e61e1844e085615b6,0x56b482383ad18abb3bb1358b3b61c3b1ae0cfd24bc68354b69de36057d99ea5e
113,2902.63224952,0.13139055140713343,0x1579c988f8c718e170406a057ac44bf7a61feda7,2017-10-26T06:38:58.000Z,0.0000452660000001244,0x6009502524cc23d9861056a1d2b2f89603b14bbc,buy,0xba2184520a1cc49a6159c57e61e1844e085615b6,0xd35703db9b8e68bcf7d0dcb3ec9efcbdbcf7ee7fae037b8674915b1c94f17791
114,10712.26752793,0.48489078965207855,0x290019d362fbeb5c48097b271a9f5f33921b2d9f,2017-10-26T06:15:37.000Z,0.00004526500000003053,0xf4487a0a91f3c75bb9631fe6160690d9149ed853,buy,0xba2184520a1cc49a6159c57e61e1844e085615b6,0xb16375ee2bb1e02c3c559abf2ba49450182d43b61bd4719667646b5f7e2be9a6
115,3900,0.1765335,0x1579c988f8c718e170406a057ac44bf7a61feda7,2017-10-26T06:05:00.000Z,0.000045265,0xf4487a0a91f3c75bb9631fe6160690d9149ed853,buy,0xba2184520a1cc49a6159c57e61e1844e085615b6,0xece65b6a87d97bf9c0f907cc01e48cdfa03a5f8e6d7952d2538d5d99e9bdd8ad
116,198065.87833527,8.9721862227096,0xa9d33755afe205b037817a14d67d8fc2a874d8e9,2017-10-26T05:39:58.000Z,0.00004529900000000103,0x6ef8569f39521683f7000cd0de4a5b93b29286d3,buy,0xba2184520a1cc49a6159c57e61e1844e085615b6,0x565c6c4f2a70d08f112153bbde0f6c944799ed2030bbec7d29a1e14909abdf28
117,5000,0.226325,0x14d6a9617a144ac2ee29a309862a3d88ba2820d6,2017-10-26T04:49:23.000Z,0.000045265,0xf4487a0a91f3c75bb9631fe6160690d9149ed853,buy,0xba2184520a1cc49a6159c57e61e1844e085615b6,0x643b159bf26753436994af1873e071f5906ca9879967608b188b9e63e6904e61
118,387.73247206,0.017550710347921442,0x4a221e6302581142d534c7167c8ce2f7496a70c6,2017-10-26T04:33:39.000Z,0.00004526500000032378,0xf4487a0a91f3c75bb9631fe6160690d9149ed853,buy,0xba2184520a1cc49a6159c57e61e1844e085615b6,0x3893a33af688c046ee2948f1d0741346a025eca16bde9a88f18dd1aec0122a77
119,1110,0.05024415,0x4a221e6302581142d534c7167c8ce2f7496a70c6,2017-10-26T04:18:04.000Z,0.000045265,0xf4487a0a91f3c75bb9631fe6160690d9149ed853,buy,0xba2184520a1cc49a6159c57e61e1844e085615b6,0x0a18229c7714f24a74201b6338ac491963bd87676dc3aa3c146bae0e130b4fe3
120,2500,0.1131625,0x540e0299db8b33ec1bde2c466bcc6466c8c62acf,2017-10-25T19:49:57.000Z,0.000045265,0xf4487a0a91f3c75bb9631fe6160690d9149ed853,buy,0xba2184520a1cc49a6159c57e61e1844e085615b6,0x36fa9745b96c8896681f29e67eafec36d51f92eb0e05139731e672e346b6f170
121,4390,0.19871335,0xaa1a2e9a338bfd95cdf8e4a31c358613cd92c779,2017-10-25T18:35:32.000Z,0.000045265,0xf4487a0a91f3c75bb9631fe6160690d9149ed853,buy,0xba2184520a1cc49a6159c57e61e1844e085615b6,0x5d8dfd9fca14000d8d5b127c76ecf22781d58169a7682744b933d1fc09684027
122,2200,0.0995852,0x1579c988f8c718e170406a057ac44bf7a61feda7,2017-10-25T16:41:45.000Z,0.000045266,0x6009502524cc23d9861056a1d2b2f89603b14bbc,buy,0xba2184520a1cc49a6159c57e61e1844e085615b6,0x9469158fdb3e8c3c24eefd47da6a0df4a1a4d2416f58f9a484f71b5dccef103e
123,6.55495384,0.00020320356904,0xe586e8534d235dad3d46685daf7c1815f0962944,2017-10-25T12:48:25.000Z,0.000031,0xa902b8fa816bd114ee8ff98f73947102ac1c2693,sell,0xba2184520a1cc49a6159c57e61e1844e085615b6,0xd6af2ad9e8423331fb35fcf265294d7afa2c5fb69a9527ee8cedb69b394500a0
124,6000,0.271704,0xd5e0062264408d167cd087ec77e1c008a747a7e5,2017-10-25T12:00:41.000Z,0.000045284,0xf4487a0a91f3c75bb9631fe6160690d9149ed853,buy,0xba2184520a1cc49a6159c57e61e1844e085615b6,0x3f304df57d037aebb3c1c86bd2980fd04518891172dda2f0e0771ad167cc1fef
125,20000,0.500088,0x290019d362fbeb5c48097b271a9f5f33921b2d9f,2017-10-25T10:54:26.000Z,0.0000250044,0x290019d362fbeb5c48097b271a9f5f33921b2d9f,sell,0xba2184520a1cc49a6159c57e61e1844e085615b6,0xcd9a1ea9007b73cd19852fc50a63d6279c753417dc7d5f120ca3afe6b3a8f98f
126,11411.6239657,0.2853020107664657,0x54409c45877a9877a724bdfc941dd5a16ac0f0c8,2017-10-25T08:58:14.000Z,0.000025001,0x78e427d9a3e8bf9a62897e3428ea1530ba2ac0ab,sell,0xba2184520a1cc49a6159c57e61e1844e085615b6,0x6ed107854adb87a453a4cc2a5c2c2078f01e77bfdc3631769d586a96218f2eb6
127,534.06932751,0.024187465773678474,0x1579c988f8c718e170406a057ac44bf7a61feda7,2017-10-25T08:35:57.000Z,0.0000452890000001462,0x24418ab1b19550b380652432eac1ab37bf3d0fa9,buy,0xba2184520a1cc49a6159c57e61e1844e085615b6,0x42624414a68cbe5cf2fc986a59fe84308eb7eb80c040908d7889b535f84777ce
128,2746.067,0.0969361651,0x290019d362fbeb5c48097b271a9f5f33921b2d9f,2017-10-25T08:23:55.000Z,0.0000353,0xb734f4b92c5a6d07d5c39bc3f493525942399b57,buy,0xba2184520a1cc49a6159c57e61e1844e085615b6,0x4998e09f4afd8b46c8525ba7403cab5c4cd3e141bd669a455d338a179a3994ac
129,2.70028052,0.000067507013,0x5efa158712f755094df88f85406ecb7949cfbda4,2017-10-25T05:42:27.000Z,0.000025,0x3c59e3b729ea04e3c9d490f913690a8804c8dca8,sell,0xba2184520a1cc49a6159c57e61e1844e085615b6,0x78e76399b8e09158e98faacfb7db290938baa34a9c6f1a4c11b7ac1638f9f566
130,27086.51370968,0.677162842742,0x5efa158712f755094df88f85406ecb7949cfbda4,2017-10-25T05:40:50.000Z,0.000025,0x3c59e3b729ea04e3c9d490f913690a8804c8dca8,sell,0xba2184520a1cc49a6159c57e61e1844e085615b6,0x9157417cf6de0d006a374861651b97ba7752fff54146b7a9ef4530593b7062d5
131,71.324,0.002018540524,0x290019d362fbeb5c48097b271a9f5f33921b2d9f,2017-10-25T05:38:17.000Z,0.000028301,0x3c59e3b729ea04e3c9d490f913690a8804c8dca8,sell,0xba2184520a1cc49a6159c57e61e1844e085615b6,0x46cc55348bb3e170783b79b13abc098feeeee4182029c57230bf6117a13ea6a1
132,50,0.0014151,0x0b2de009825eac9a347868b44349aa32e91ef81f,2017-10-25T05:38:10.000Z,0.000028302,0x3c59e3b729ea04e3c9d490f913690a8804c8dca8,sell,0xba2184520a1cc49a6159c57e61e1844e085615b6,0x87b8a46cc4d8b856583b2d8d35c24fc45c9c8bd805374bb7bb2b27296eeec698
133,23703.47373143,0.6708320100732005,0x290019d362fbeb5c48097b271a9f5f33921b2d9f,2017-10-25T05:29:31.000Z,0.000028301,0xd2ea382e498316d91b9de8557670149b479721a0,sell,0xba2184520a1cc49a6159c57e61e1844e085615b6,0x4ccaaa2b1a2874d858698e3842e7d83024c5bf88b79ed8eb6a66d717ff225865
134,23774.79812581,0.6656943475226801,0xd2ea382e498316d91b9de8557670149b479721a0,2017-10-25T05:29:31.000Z,0.000028,0x3c59e3b729ea04e3c9d490f913690a8804c8dca8,buy,0xba2184520a1cc49a6159c57e61e1844e085615b6,0x4ccaaa2b1a2874d858698e3842e7d83024c5bf88b79ed8eb6a66d717ff225865
135,10000,0.28302,0x290019d362fbeb5c48097b271a9f5f33921b2d9f,2017-10-25T05:27:59.000Z,0.000028302,0x3c59e3b729ea04e3c9d490f913690a8804c8dca8,sell,0xba2184520a1cc49a6159c57e61e1844e085615b6,0x81657ba5032293e1dcb621217d85b521e95fcdfa00d19a3de89c3e04d5b8a161
136,6225.20187419,0.1761794382414512,0x290019d362fbeb5c48097b271a9f5f33921b2d9f,2017-10-24T15:29:34.000Z,0.000028301,0x4ad8a3a4649f85d4676fba701d9256ba0e5cb846,sell,0xba2184520a1cc49a6159c57e61e1844e085615b6,0xddb9960f0d2d7f1ad0283ba8da280e51300354d0363679fb303831dcdd88a1c6
137,1344,0.0475776,0x748b9f5dcced2f9e8932095d178a12760a2536c1,2017-10-23T14:22:09.000Z,0.0000354,0x3c59e3b729ea04e3c9d490f913690a8804c8dca8,sell,0xba2184520a1cc49a6159c57e61e1844e085615b6,0x2d32e6b82d90a9c1606bb44aac95cab0e3b4d942cddd0e3034e7e850de907ccb
138,4069,0.1440426,0xe586e8534d235dad3d46685daf7c1815f0962944,2017-10-23T11:56:02.000Z,0.0000354,0x76de3ded7a43081feb715c0ab590739e0fa540c6,buy,0xba2184520a1cc49a6159c57e61e1844e085615b6,0x76e73ac4c4427d6610550a09a184498990b72d9b9a7e615e7e4ab28461a16f78
139,23740.8677373,0.7359668998563146,0x6d617006fc0fd60be2917f1fc49e055a42288bb1,2017-10-23T08:38:58.000Z,0.00003100000000000061,0x2225ab9daf3938798221f005f94802809f7ca03c,buy,0xba2184520a1cc49a6159c57e61e1844e085615b6,0x9456f704acef1f992e8027e037f6a5e9a15c59210b336fee8a61bd747e962527
140,5699.13226269,0.17667310014368542,0x1579c988f8c718e170406a057ac44bf7a61feda7,2017-10-23T08:15:01.000Z,0.00003100000000005183,0x2225ab9daf3938798221f005f94802809f7ca03c,buy,0xba2184520a1cc49a6159c57e61e1844e085615b6,0x15b121ac856611a883a685c0fb95fecd39572855dcdfc9d74e6972b813004513
141,5846,0.181226,0xe586e8534d235dad3d46685daf7c1815f0962944,2017-10-23T06:38:57.000Z,0.000031,0x403ebcff76e64851ad32c434dcbcd5d73178690d,buy,0xba2184520a1cc49a6159c57e61e1844e085615b6,0x79c16cd49d439e05c478f0c85a8111bc76f3c203b7562994756319a48ddc2f3b
142,41198.757,1.277120268243,0xe586e8534d235dad3d46685daf7c1815f0962944,2017-10-22T22:56:52.000Z,0.000030999,0x951571ecb267b433469ef2c50f4c7b74b1d631f7,buy,0xba2184520a1cc49a6159c57e61e1844e085615b6,0xc11e2f75e2de0c649ef158c63f7158d2388bacec16a936d92407c06e289c082d
143,7678.556,0.222678124,0xab296c308b24c972b60a662262f144eeefc27ec8,2017-10-22T15:31:00.000Z,0.000029,0xe27e12479ff979114ab133543a9eff97a1694a2c,buy,0xba2184520a1cc49a6159c57e61e1844e085615b6,0x2173f0c1e964e4057e52b4daef4681dde716e2a48723237081befc425f9772d8
144,35407.47819689,1.0268168677100986,0x9e1477cd68e8e375705ccb3dcf5764fe901de3ef,2017-10-22T15:26:16.000Z,0.00002900000000000815,0xe27e12479ff979114ab133543a9eff97a1694a2c,buy,0xba2184520a1cc49a6159c57e61e1844e085615b6,0x15df3dbecb616d83ce7fd10e1dca925bd171930278dec3a60d87dbe2c35651ea
145,10000,0.29,0x7f9e3a3c0b27d6fc11102fbd2f9a1c1312a02ed9,2017-10-22T13:54:41.000Z,0.000029,0xe27e12479ff979114ab133543a9eff97a1694a2c,buy,0xba2184520a1cc49a6159c57e61e1844e085615b6,0x005cb67ffb2459ff54be37992be41d2f0e931fed05f7ef50f8f6a926d7d35811
146,2740,0.07946,0xdb532c361345611c1aca94f4ace8a846f8262709,2017-10-22T06:16:23.000Z,0.000029,0xe27e12479ff979114ab133543a9eff97a1694a2c,buy,0xba2184520a1cc49a6159c57e61e1844e085615b6,0xfd8def5f64c1c17268d9ee6d22ad7563f1599f8c37980ab84c9a869dde0ba640
147,1427.96577221,0.04141100739412902,0xdb532c361345611c1aca94f4ace8a846f8262709,2017-10-22T05:42:03.000Z,0.00002900000000002732,0xe27e12479ff979114ab133543a9eff97a1694a2c,buy,0xba2184520a1cc49a6159c57e61e1844e085615b6,0xf7c51d58a353539c803ea794b9d3fef8cf509d7a8b54eb0cf8facdd1e7a01a82
148,47432.71,1.351832235,0x4cb45d7ea684090098acea4fe4c3aef24e622320,2017-10-22T02:14:51.000Z,0.0000285,0xe27e12479ff979114ab133543a9eff97a1694a2c,sell,0xba2184520a1cc49a6159c57e61e1844e085615b6,0x77615746dc976e82ca70c33cac07345805ecba16874dba50642473415a0034bb
149,20000,0.57002,0x290019d362fbeb5c48097b271a9f5f33921b2d9f,2017-10-22T02:14:25.000Z,0.000028501,0xe27e12479ff979114ab133543a9eff97a1694a2c,sell,0xba2184520a1cc49a6159c57e61e1844e085615b6,0x3d8c580085bdc1be74e207e963eff7d19932895ec44d92349d200ea2bb6508cb
150,5093.60565961,0.145167761298885,0x4cb45d7ea684090098acea4fe4c3aef24e622320,2017-10-22T01:17:26.000Z,0.0000285,0xfa7f71083f601e2365fecae3f792a3fbced9253f,sell,0xba2184520a1cc49a6159c57e61e1844e085615b6,0x86731a0faa542f48812d65d118cbf2bf029dc9859a42b143cc7c146d567a7cbc
151,29994.947,0.8848509365,0x4cb45d7ea684090098acea4fe4c3aef24e622320,2017-10-21T19:43:39.000Z,0.0000295,0x951571ecb267b433469ef2c50f4c7b74b1d631f7,sell,0xba2184520a1cc49a6159c57e61e1844e085615b6,0xdad85f939947300a5a51ac043b7e066e42173b696de43bab6a995773cb1e1f37
152,5.05296461,0.000149062455995,0x4cb45d7ea684090098acea4fe4c3aef24e622320,2017-10-21T18:07:36.000Z,0.0000295,0x067a4a1b38ef8d106920045eb0a87791e6f7da48,sell,0xba2184520a1cc49a6159c57e61e1844e085615b6,0xca8e859de2f94584c2f7acc3815a8ec26557fec2df68414cdd523d205781e07c
153,50686.28798723,1.46990235162967,0x4a41657d6a79a9624cb64d36d226afc83c333e3d,2017-10-21T18:06:34.000Z,0.000029,0x067a4a1b38ef8d106920045eb0a87791e6f7da48,sell,0xba2184520a1cc49a6159c57e61e1844e085615b6,0x74d6519b1e31c677c9c1e0fce6f009984325f043c9d115865ccd52ec5287ed09
154,19473.666,0.5647382613666,0x24418ab1b19550b380652432eac1ab37bf3d0fa9,2017-10-21T18:06:06.000Z,0.0000290001,0x067a4a1b38ef8d106920045eb0a87791e6f7da48,sell,0xba2184520a1cc49a6159c57e61e1844e085615b6,0xea9614dfb30030ff791bb3b4459152035f88b7a3a33e314854b689a33ff9413e
155,14820,0.438672,0x290019d362fbeb5c48097b271a9f5f33921b2d9f,2017-10-21T18:05:30.000Z,0.0000296,0x067a4a1b38ef8d106920045eb0a87791e6f7da48,sell,0xba2184520a1cc49a6159c57e61e1844e085615b6,0xd8f0dd8ca16352de83f69d1428f0c175e49bf5403622aa0264e6ec069361622e
156,39621.174,1.168824633,0x7a0c8067fdb01b700d3de61df341dad688313dd3,2017-10-21T18:04:47.000Z,0.0000295,0x067a4a1b38ef8d106920045eb0a87791e6f7da48,sell,0xba2184520a1cc49a6159c57e61e1844e085615b6,0x0694dde529e45e3baa9cc5ccb0a59b8162bbfa3dee21446eeecdf277003204b1
157,500,0.0155,0xc6f781aba6232641260eb66ea49889728d244234,2017-10-21T16:58:27.000Z,0.000031,0x2225ab9daf3938798221f005f94802809f7ca03c,buy,0xba2184520a1cc49a6159c57e61e1844e085615b6,0x5fa04283675c8d6822ea9bfa9fda2bd3503cf77399d6b9d0588dd83deb482c25
158,378.82564051,0.011175356395045,0x7a0c8067fdb01b700d3de61df341dad688313dd3,2017-10-21T06:37:25.000Z,0.0000295,0x1f89a64935d28b85b48ad147215602664100e358,sell,0xba2184520a1cc49a6159c57e61e1844e085615b6,0x8f792c69664b17be38b1e72a66164b202c4dba6d0a92df41e9fad255c08d18ac
159,20000,0.618,0x4cb45d7ea684090098acea4fe4c3aef24e622320,2017-10-21T05:10:20.000Z,0.0000309,0x2225ab9daf3938798221f005f94802809f7ca03c,sell,0xba2184520a1cc49a6159c57e61e1844e085615b6,0x0cc71a5b635df2aefad48568957fcaf7b8b87f3515aa6877db7886f87928d036
160,3000,0.110697,0xd5e0062264408d167cd087ec77e1c008a747a7e5,2017-10-20T23:51:29.000Z,0.000036899,0x951571ecb267b433469ef2c50f4c7b74b1d631f7,buy,0xba2184520a1cc49a6159c57e61e1844e085615b6,0x3d2071274e0c0aedad0c6e183505bca2cdff4fdf5fc9d271cc96e9b368686da5
161,526.33362798,0.015263727844782799,0x24418ab1b19550b380652432eac1ab37bf3d0fa9,2017-10-20T18:23:09.000Z,0.0000290001,0x6e7897cf3dc5c8d7349ed63d68b0fcc34435ca8f,sell,0xba2184520a1cc49a6159c57e61e1844e085615b6,0x03065b61e69988ea04d9a0123206ed4a084a88beb492bfd6b3decaa5029f4c95
162,8756.9680743,0.2547226873452384,0x6009502524cc23d9861056a1d2b2f89603b14bbc,2017-10-20T13:07:11.000Z,0.000029088,0x17da7237393f241ec405833d409116aa4da44f75,sell,0xba2184520a1cc49a6159c57e61e1844e085615b6,0x3090101493a2d089944d30006a3fd1031733261a16c8e98fcb50b0af0e94f444
163,50000,1.45445,0x951571ecb267b433469ef2c50f4c7b74b1d631f7,2017-10-20T13:04:17.000Z,0.000029089,0x17da7237393f241ec405833d409116aa4da44f75,sell,0xba2184520a1cc49a6159c57e61e1844e085615b6,0x1c0669a43f2a7efb26f5db6f1268e806ca96eb1789649a56291657f7cb6da531
164,50000,1.5,0x6009502524cc23d9861056a1d2b2f89603b14bbc,2017-10-20T13:03:55.000Z,0.00003,0x17da7237393f241ec405833d409116aa4da44f75,sell,0xba2184520a1cc49a6159c57e61e1844e085615b6,0xb3de2766e4dc5a8585e7ea71ffee9d06ee9a0846c043080d17c207c118eb32de
165,13500,0.4981365,0x1e4a7832a4f589fb9c12e88a5aa8fbfd7ed077aa,2017-10-20T09:24:05.000Z,0.000036899,0x951571ecb267b433469ef2c50f4c7b74b1d631f7,buy,0xba2184520a1cc49a6159c57e61e1844e085615b6,0x47c9d63db45a61e06abba095e9f63646ae0f74d662345cfb76ee447ca4928793
166,20516.75702757,0.554036558448203,0x24418ab1b19550b380652432eac1ab37bf3d0fa9,2017-10-20T03:47:49.000Z,0.0000270041,0xa5f3d9c8f3d785a52a68c1ddee5ee47043431c29,sell,0xba2184520a1cc49a6159c57e61e1844e085615b6,0x1ce05acff9cba64f1f4bfa2aaba5560da46bd1a1db7bc38d684f32d268346369
167,300,0.0116637,0x96373170538a83c7674ef92f41d195203a8abe09,2017-10-19T23:41:19.000Z,0.000038879,0x951571ecb267b433469ef2c50f4c7b74b1d631f7,buy,0xba2184520a1cc49a6159c57e61e1844e085615b6,0x10ec511c63e380c07b5fb4c8e76e73867fb5f4ebec26f5135931591cb655fb37
168,4000,0.15552,0x7c306e8a54c213c5badaf5514c999a4c5834da6c,2017-10-19T16:01:36.000Z,0.00003888,0xf4487a0a91f3c75bb9631fe6160690d9149ed853,buy,0xba2184520a1cc49a6159c57e61e1844e085615b6,0xef615f92fdd478b1b0794340078c0e58efc9ec55b13c69168847ee78f52b96a8
169,32850,1.277208,0x7c306e8a54c213c5badaf5514c999a4c5834da6c,2017-10-19T15:59:46.000Z,0.00003888,0xf4487a0a91f3c75bb9631fe6160690d9149ed853,buy,0xba2184520a1cc49a6159c57e61e1844e085615b6,0xc6aa97c56766914e46a687eafc71bde6f6fb1d60c924be6d65e7bc570edd9506
170,1800,0.069984,0x7c306e8a54c213c5badaf5514c999a4c5834da6c,2017-10-19T15:55:05.000Z,0.00003888,0xf4487a0a91f3c75bb9631fe6160690d9149ed853,buy,0xba2184520a1cc49a6159c57e61e1844e085615b6,0x2b45b31005ef953aaa2d560fd57dffae5e3b992915a14b32e0d24d0aa0425696
171,50,0.001944,0x7c306e8a54c213c5badaf5514c999a4c5834da6c,2017-10-19T15:50:36.000Z,0.00003888,0xf4487a0a91f3c75bb9631fe6160690d9149ed853,buy,0xba2184520a1cc49a6159c57e61e1844e085615b6,0xf59edfb53b9242544cd779d7599bffc57811814f842c2e4fd22d6172df655945
172,189,0.00734832,0x7c306e8a54c213c5badaf5514c999a4c5834da6c,2017-10-19T15:41:45.000Z,0.00003888,0xf4487a0a91f3c75bb9631fe6160690d9149ed853,buy,0xba2184520a1cc49a6159c57e61e1844e085615b6,0xa6d5e5f8387edafbbaae3febc264fd342d9484223ced240bf648bdef8aee4816
173,1000,0.03888,0x7c306e8a54c213c5badaf5514c999a4c5834da6c,2017-10-19T15:39:36.000Z,0.00003888,0xf4487a0a91f3c75bb9631fe6160690d9149ed853,buy,0xba2184520a1cc49a6159c57e61e1844e085615b6,0xa8105b18e25cd0d7ef392750bd73353061e8423f9bc2bfb1cbf650c3b4330c17
174,1,0.00003888,0x6cdea8e07bf82d7a07dbf36642d6e5be8623845c,2017-10-19T15:37:52.000Z,0.00003888,0xf4487a0a91f3c75bb9631fe6160690d9149ed853,buy,0xba2184520a1cc49a6159c57e61e1844e085615b6,0x1fd144bb802ad75eb6448c2c1c31c644cc90bc1ff96641f89a0c80790aaea187
175,17122.91681786,0.4623358769990379,0x5da39a4e1e267d68cd920238ed01aa3e70ce9204,2017-10-19T11:53:37.000Z,0.000027001,0x8c6900868d3a88764ef2ea9d893b1d5cce9536c6,sell,0xba2184520a1cc49a6159c57e61e1844e085615b6,0x7342846e0ab309be245310d9756acd51f6b758774f2dbf8c095be2e614861eac
176,8007.38,0.216999998,0x25396175bfcdfca064181d214487e222b2587d82,2017-10-19T11:52:53.000Z,0.0000271,0x8c6900868d3a88764ef2ea9d893b1d5cce9536c6,sell,0xba2184520a1cc49a6159c57e61e1844e085615b6,0x8d7f9cc5de420c6def52031cda14bc29a1715a47fffedf9ac21b31600efe52d8
177,20000,0.544,0x290019d362fbeb5c48097b271a9f5f33921b2d9f,2017-10-19T11:52:47.000Z,0.0000272,0x8c6900868d3a88764ef2ea9d893b1d5cce9536c6,sell,0xba2184520a1cc49a6159c57e61e1844e085615b6,0x57c8b5dfa0cff29c99b0dfc3fce09dd8dd3592367857a3ba6d611dc7f155607d
178,34200,0.9268542,0x5da39a4e1e267d68cd920238ed01aa3e70ce9204,2017-10-19T11:51:07.000Z,0.000027101,0x8c6900868d3a88764ef2ea9d893b1d5cce9536c6,sell,0xba2184520a1cc49a6159c57e61e1844e085615b6,0x5551e6217e8b869e779d9562a08d5157bd5a61d1144d2a4c6ce4d20decdc3710
179,20000,0.5444,0x290019d362fbeb5c48097b271a9f5f33921b2d9f,2017-10-19T11:50:56.000Z,0.00002722,0x8c6900868d3a88764ef2ea9d893b1d5cce9536c6,sell,0xba2184520a1cc49a6159c57e61e1844e085615b6,0x02a33697c96c81e1cd464e34055aca5aec0f60c6decf6b633a19cf9739a3b039
180,10000,0.273,0x25396175bfcdfca064181d214487e222b2587d82,2017-10-19T11:48:51.000Z,0.0000273,0x8c6900868d3a88764ef2ea9d893b1d5cce9536c6,sell,0xba2184520a1cc49a6159c57e61e1844e085615b6,0x36c65e1e2791697f7f23daea8cca1c3bd038300966e4f187fb7e1a46600c595e
181,10000,0.27301,0x290019d362fbeb5c48097b271a9f5f33921b2d9f,2017-10-19T11:48:29.000Z,0.000027301,0x8c6900868d3a88764ef2ea9d893b1d5cce9536c6,sell,0xba2184520a1cc49a6159c57e61e1844e085615b6,0x4a5ab8ef2e4b5718bf286e93e26aacc428250f1ab6f2fcd4cbfc8b123725ba23
182,432.999,0.0166666511088,0x5d5065b42bdee0274e394ba9042c21e1818c69cf,2017-10-19T05:06:53.000Z,0.0000384912,0x5da39a4e1e267d68cd920238ed01aa3e70ce9204,sell,0xba2184520a1cc49a6159c57e61e1844e085615b6,0xb0bee094fde1201973be4d3ba357a7b491c5677140655fda027f507265384162
183,2109.58927325,0.0552923348518825,0x5da39a4e1e267d68cd920238ed01aa3e70ce9204,2017-10-19T04:08:06.000Z,0.00002621,0xe6c92b9517a451e6479f307dc15998be0d221dab,sell,0xba2184520a1cc49a6159c57e61e1844e085615b6,0xe4c92f0344dc6338c1fcbf67961814d46ce60c6ee7557060f97b8936bf8f4e57
184,13000,0.50544,0x1e4a7832a4f589fb9c12e88a5aa8fbfd7ed077aa,2017-10-19T03:56:03.000Z,0.00003888,0xf4487a0a91f3c75bb9631fe6160690d9149ed853,buy,0xba2184520a1cc49a6159c57e61e1844e085615b6,0x9c646f6b6912905a97f35b0579237001704fb7eaf718ba5d166e9c5fbd38b76a
185,2.4575615,0.00006414235515,0x5da39a4e1e267d68cd920238ed01aa3e70ce9204,2017-10-19T03:01:29.000Z,0.0000261,0x1e2f2d8ab6a713f1c116c43f49fc217149d06a43,sell,0xba2184520a1cc49a6159c57e61e1844e085615b6,0x7467174625c8a026aca6b3e59ded62168267db7d9a7cb160dd351a8c78b646f3
186,24651.79942179,0.643411964908719,0x5da39a4e1e267d68cd920238ed01aa3e70ce9204,2017-10-19T03:00:46.000Z,0.0000261,0x1e2f2d8ab6a713f1c116c43f49fc217149d06a43,sell,0xba2184520a1cc49a6159c57e61e1844e085615b6,0xbebb410efee5ece27afe74fb016715bd2a9ed5dd185ebf903571a3ef26de4a1f
187,1,0.00003889,0x0249924245a19aa2d7f5ddb0739a7132b7d094ab,2017-10-18T19:27:00.000Z,0.00003889,0x951571ecb267b433469ef2c50f4c7b74b1d631f7,buy,0xba2184520a1cc49a6159c57e61e1844e085615b6,0x19eb210610fd0109f914d395439eae245ce1b0e10e280238b1b8f79be2516c31
188,1,0.000039989,0x3ac636ac5c3a2576156ac5f10066ca68abe0ad54,2017-10-18T16:23:35.000Z,0.000039989,0x951571ecb267b433469ef2c50f4c7b74b1d631f7,buy,0xba2184520a1cc49a6159c57e61e1844e085615b6,0xc7df50864a5e8c23e355373cf0e9a36a8730beb43534b0a5ad13ff652dc7b158
189,12.82051282,0.0005,0xf9695cd65d6dfdf257fab76a3eb0cb8f001971cc,2017-10-18T15:17:02.000Z,0.00003900000000156,0xa5f3d9c8f3d785a52a68c1ddee5ee47043431c29,buy,0xba2184520a1cc49a6159c57e61e1844e085615b6,0xc01e5db7334996dfc548b37210d5e31df0cc09a19832d58bf0214bbf11f6a31c
190,12.82051282,0.0005,0x379374d13077e8867ef31803c37baf9785a17c00,2017-10-18T15:15:09.000Z,0.00003900000000156,0xa5f3d9c8f3d785a52a68c1ddee5ee47043431c29,buy,0xba2184520a1cc49a6159c57e61e1844e085615b6,0xe0de783503e2c993a34e1bfbc37529a4a21f3d46af2963ff4ca61cdd4722caf0
191,871.92831299,0.034867541308523466,0x1579c988f8c718e170406a057ac44bf7a61feda7,2017-10-18T08:45:35.000Z,0.00003998900000042016,0x951571ecb267b433469ef2c50f4c7b74b1d631f7,buy,0xba2184520a1cc49a6159c57e61e1844e085615b6,0xcbba9267c0fc6fcdcc915de1b80950eb1a34513ad78dfc9f460b6c113f8b8432
192,30,0.00117,0x636d925f140f761f7a0e600db2177dd068ddada1,2017-10-18T05:55:00.000Z,0.000039,0x6e7897cf3dc5c8d7349ed63d68b0fcc34435ca8f,buy,0xba2184520a1cc49a6159c57e61e1844e085615b6,0x6cb3a79c29194fe49fefffe84b824d7d3db9e98c200238169d55c50c5f8dbff1
193,29268.71930235,1.141480052791798,0x290019d362fbeb5c48097b271a9f5f33921b2d9f,2017-10-18T02:49:05.000Z,0.00003900000000000506,0x6e7897cf3dc5c8d7349ed63d68b0fcc34435ca8f,buy,0xba2184520a1cc49a6159c57e61e1844e085615b6,0x1c39cdb512cbf0fa57e6c8c7fc5067cc9016ed7180d23136a2e260d52480cc6b
194,2178.07654272,0.0847271775120112,0x290019d362fbeb5c48097b271a9f5f33921b2d9f,2017-10-18T02:45:37.000Z,0.00003890000000009329,0x54409c45877a9877a724bdfc941dd5a16ac0f0c8,buy,0xba2184520a1cc49a6159c57e61e1844e085615b6,0x4495f2a7c8e571d59ebf80193137745558f66065eb981c93a89b5d7b0c398bd6
195,12821.92345727,0.4987728224879888,0x6d617006fc0fd60be2917f1fc49e055a42288bb1,2017-10-18T02:29:46.000Z,0.00003890000000001449,0x54409c45877a9877a724bdfc941dd5a16ac0f0c8,buy,0xba2184520a1cc49a6159c57e61e1844e085615b6,0xbdb0380f9dee577382bba03a59601c9e339a5bf3e0e15322961e6b1b429b1c29
196,500,0.0195,0x894bac9b0216f335769dca19b54ca3ed3a4bd643,2017-10-18T01:55:41.000Z,0.000039,0x6e7897cf3dc5c8d7349ed63d68b0fcc34435ca8f,buy,0xba2184520a1cc49a6159c57e61e1844e085615b6,0x8d9553b28d8fd19e6b2721e55e5b290b0d7cff6b42e4dc5a9b9ca1514a787552
197,55324.5739865,2.1576583854737463,0x4d2a92834185cd798f0bbd3143119a9342a8df7d,2017-10-18T01:45:54.000Z,0.00003900000000000445,0x6e7897cf3dc5c8d7349ed63d68b0fcc34435ca8f,buy,0xba2184520a1cc49a6159c57e61e1844e085615b6,0x8fb55acb30cd8bc5184fea41df540d8fc12cb210f1b2ed4716280d42986db47d
198,1000,0.039,0x4c1798afd4d3d1ed01e8d2ee24e86f196fb1b8b6,2017-10-18T01:05:58.000Z,0.000039,0x6e7897cf3dc5c8d7349ed63d68b0fcc34435ca8f,buy,0xba2184520a1cc49a6159c57e61e1844e085615b6,0xe7308d4de302ee3c086b09a306a93277e7c6e3fbab530ecd4e436ca6c6cb931b
199,3530,0.074483,0x5da39a4e1e267d68cd920238ed01aa3e70ce9204,2017-10-17T23:54:57.000Z,0.0000211,0xdbf0d9ab03e49f2713e60e599464d6fe6eeb5056,sell,0xba2184520a1cc49a6159c57e61e1844e085615b6,0xae36396eb1399276ff19470079e82aaacfaca375b93b1d336c077dc5e6d1f13d
200,65752.74190207,1.3150548380414,0xa0df272cd5c5de52f11f20874e5b53f5f71c4a18,2017-10-17T23:02:57.000Z,0.00002,0xa902b8fa816bd114ee8ff98f73947102ac1c2693,sell,0xba2184520a1cc49a6159c57e61e1844e085615b6,0x64654fc4c8b74d118b23721cef33e1f6ed0c69abcc0e5d9cd62926076faf6262
201,25000,0.50025,0x951571ecb267b433469ef2c50f4c7b74b1d631f7,2017-10-17T23:01:01.000Z,0.00002001,0xa902b8fa816bd114ee8ff98f73947102ac1c2693,sell,0xba2184520a1cc49a6159c57e61e1844e085615b6,0x6cea7c44272fd1fa99abbddd830af16aca78959608bf4aca979ac960d10081a2
202,1003.08,0.025077,0x6440b8c5f5a3c725eb394c7c40994afaf50a0d39,2017-10-17T23:00:11.000Z,0.000025,0xa902b8fa816bd114ee8ff98f73947102ac1c2693,sell,0xba2184520a1cc49a6159c57e61e1844e085615b6,0x9f047ca79af85d47ef6bd56ba59b51b42e3ad36d14e37e518cccad2f33ba95ad
203,150,0.00599835,0xacce16bb49ffe0450aa8ffd4fa7c24b0af2d83ca,2017-10-17T22:14:36.000Z,0.000039989,0x951571ecb267b433469ef2c50f4c7b74b1d631f7,buy,0xba2184520a1cc49a6159c57e61e1844e085615b6,0xbdcd853d78182961033e3e50c6a822c553c747db9c269e6df21db3919ab4e198
204,57.42364498,0.002296314139358109,0xacce16bb49ffe0450aa8ffd4fa7c24b0af2d83ca,2017-10-17T21:34:41.000Z,0.00003998900000440391,0x951571ecb267b433469ef2c50f4c7b74b1d631f7,buy,0xba2184520a1cc49a6159c57e61e1844e085615b6,0x1e6e5f95e560ea833992926ff796ffb67fca44d8a04205088b0fd41f6ea2105c
205,12.82709081,0.0005,0x16e5d97bbc92417e051e3b2cabfbf8ceea2acb9c,2017-10-17T17:47:40.000Z,0.00003898000001763455,0xdb3fa524553eadda9eeaf041bb35d17edab777b9,buy,0xba2184520a1cc49a6159c57e61e1844e085615b6,0x36b4cd4bc6e1be3bae8f56caf42b3a4ac8398778201442d42115e2dd3f08507e
206,896.91954939,0.02242298873475,0x6440b8c5f5a3c725eb394c7c40994afaf50a0d39,2017-10-17T17:05:35.000Z,0.000025,0x1fabd314bb4f78f3d8860371e9042540dc1bf3c1,sell,0xba2184520a1cc49a6159c57e61e1844e085615b6,0x1bf4ebb3875e69823a610c8d78d29ba4b57c5a663be75990cbde1cdaa0e63bb3
207,100,0.0025,0x6440b8c5f5a3c725eb394c7c40994afaf50a0d39,2017-10-17T16:26:00.000Z,0.000025,0x1fabd314bb4f78f3d8860371e9042540dc1bf3c1,sell,0xba2184520a1cc49a6159c57e61e1844e085615b6,0x2edb58cf6797e26c4d0ff8be2efce7573740ef1aa56d7cf988b2aca580218d7c
208,1000.025,0.039999999975,0xc9d5df0081a3f79f0d60182ceff1a157d688288a,2017-10-17T15:39:07.000Z,0.000039999,0x6e7897cf3dc5c8d7349ed63d68b0fcc34435ca8f,buy,0xba2184520a1cc49a6159c57e61e1844e085615b6,0x5d7eed5d969024cda34693f2fdd40c4a80fd2b8e84bab1efb6e7037e5a05f9b6
209,12.5003125,0.0005,0x42c24a83bded723edfdf5883bc7efb30bc1a1bf3,2017-10-17T15:35:23.000Z,0.00003999900002499937,0x6e7897cf3dc5c8d7349ed63d68b0fcc34435ca8f,buy,0xba2184520a1cc49a6159c57e61e1844e085615b6,0x0d799569dd658aa49f626ee6f4b478e7058de296da94ea0acdc4292e08734bed
210,104,0.00439816,0x6440b8c5f5a3c725eb394c7c40994afaf50a0d39,2017-10-17T07:05:12.000Z,0.00004229,0x971f30c325d9924ad472adf0bf98702502baad93,buy,0xba2184520a1cc49a6159c57e61e1844e085615b6,0x003eba075114a2ee0cf48e3e22f1c26d9900941411e2abc615763de545431c45
211,100,0.004229,0x6440b8c5f5a3c725eb394c7c40994afaf50a0d39,2017-10-17T06:57:40.000Z,0.00004229,0x971f30c325d9924ad472adf0bf98702502baad93,buy,0xba2184520a1cc49a6159c57e61e1844e085615b6,0xb55ef70643fc6c6a3958c3dd843f4e9e98129f32158724cd60d8d4387bdd8e5f
212,114465.714,4.00629999,0xe38b59e4b38db027a2e076a870baa620fd76ee5d,2017-10-17T06:44:14.000Z,0.000035,0x5988659fb9da04b7d24cca9533c55982efb7d4ec,buy,0xba2184520a1cc49a6159c57e61e1844e085615b6,0x27201e0a8a35f2fec4a7d0d6e4511c8892cc5785bb47fc7ecfa64e61caf86679
213,14.28571428,0.0005,0xcd912af5286dc0b0a23edb30209734ecb60838b3,2017-10-17T05:27:09.000Z,0.000035000000014,0x5988659fb9da04b7d24cca9533c55982efb7d4ec,buy,0xba2184520a1cc49a6159c57e61e1844e085615b6,0x2e9f6f8634124afaf742ab43f95039f95c6181c5b0393acfc71c1b5295f61b5f
214,76,0.0034428,0x32698805274316f523bb2c3b7924c8a997889a1f,2017-10-17T03:16:00.000Z,0.0000453,0x971f30c325d9924ad472adf0bf98702502baad93,buy,0xba2184520a1cc49a6159c57e61e1844e085615b6,0xe9b9dbce7c6d1b5188750ca7d0c4585c582ca80cf45bed37139a7f37c387c624
215,10,0.00015,0x600bf5b4c26ab95cc6260e5fac8c77154308024e,2017-10-17T03:16:00.000Z,0.000015,0xa902b8fa816bd114ee8ff98f73947102ac1c2693,sell,0xba2184520a1cc49a6159c57e61e1844e085615b6,0xde8461e7475d269ec661076eeec6e44ea9a58387e414c53fae83338f15850d2a
216,5000,0.134,0xd22b70da6c7f4f80bd2e944a85093fab6a94d71c,2017-10-17T03:14:13.000Z,0.0000268,0xa902b8fa816bd114ee8ff98f73947102ac1c2693,sell,0xba2184520a1cc49a6159c57e61e1844e085615b6,0xa181f3654b8bc92b82f3d81aabb620c41a9ef94b598be88195375b0e8e4b457b
217,2500,0.07125,0x0330d87a06e404b0d829fad1794b85a779f5d574,2017-10-17T02:29:47.000Z,0.0000285,0xa902b8fa816bd114ee8ff98f73947102ac1c2693,sell,0xba2184520a1cc49a6159c57e61e1844e085615b6,0xa01f950dc01e05c7ab6316898e9afb7c4b301e6eaa4ebf8d46747036e4f0eb6d
218,300,0.008643,0x971f30c325d9924ad472adf0bf98702502baad93,2017-10-17T02:27:23.000Z,0.00002881,0xa902b8fa816bd114ee8ff98f73947102ac1c2693,sell,0xba2184520a1cc49a6159c57e61e1844e085615b6,0x35f9dfc8427dfc1bb34a12ca4706ea033a958fe342ea81d65d40d89a10ccd266
219,14000,0.4032,0x9fbb9fc0b48f989def72e4158866347e2a30f8df,2017-10-17T02:26:19.000Z,0.0000288,0xa902b8fa816bd114ee8ff98f73947102ac1c2693,sell,0xba2184520a1cc49a6159c57e61e1844e085615b6,0xa8db81b16adbe568d763340bf9ef84540480b235668db31256ad996dba465b72
220,3822.76984785,0.1146830954355,0x0087aaa8fd01cb5941574809443a3e3f724b5a74,2017-10-17T01:24:46.000Z,0.00003,0xa902b8fa816bd114ee8ff98f73947102ac1c2693,sell,0xba2184520a1cc49a6159c57e61e1844e085615b6,0xabe0c71763f7594e82ab6df2b1cc2404ffdfb350fdab7f03aa2faba28a090f95
221,1000,0.0485,0x9fbb9fc0b48f989def72e4158866347e2a30f8df,2017-10-17T01:23:48.000Z,0.0000485,0xa902b8fa816bd114ee8ff98f73947102ac1c2693,sell,0xba2184520a1cc49a6159c57e61e1844e085615b6,0x8a55f168bc4e615bb240d66dabf3aff9320b955784e0052e13c9eaec648bddc8
222,10000,0.3,0x0087aaa8fd01cb5941574809443a3e3f724b5a74,2017-10-17T01:23:26.000Z,0.00003,0xa902b8fa816bd114ee8ff98f73947102ac1c2693,sell,0xba2184520a1cc49a6159c57e61e1844e085615b6,0xa27a4ba8eed64cdb4d4f57cd538b4a3049e0c6b0d1148eafadaeaebc4af14bb5
223,35000,1.085,0x5da39a4e1e267d68cd920238ed01aa3e70ce9204,2017-10-17T01:20:18.000Z,0.000031,0xa902b8fa816bd114ee8ff98f73947102ac1c2693,sell,0xba2184520a1cc49a6159c57e61e1844e085615b6,0xd1406cc04afbfad823442664f671e70dab650eedda7b2730f8b900305b3907bb
224,10000,0.3,0x0087aaa8fd01cb5941574809443a3e3f724b5a74,2017-10-17T01:20:05.000Z,0.00003,0xa902b8fa816bd114ee8ff98f73947102ac1c2693,sell,0xba2184520a1cc49a6159c57e61e1844e085615b6,0x7ba7e76af71a30a564792994cee9d04e338b6b32d9c9d61b2786ebd08007dee6
225,10000,0.3001,0x23ce9f95dcda612bfbb243d576f1a1d4e1a7b658,2017-10-17T01:19:24.000Z,0.00003001,0xa902b8fa816bd114ee8ff98f73947102ac1c2693,sell,0xba2184520a1cc49a6159c57e61e1844e085615b6,0xd3f3afe0d0f4f5eaee3f4caacd4aa6e1f05baf346042a41010a40c759af56091
226,15000,0.450015,0x54409c45877a9877a724bdfc941dd5a16ac0f0c8,2017-10-17T01:19:17.000Z,0.000030001,0xa902b8fa816bd114ee8ff98f73947102ac1c2693,sell,0xba2184520a1cc49a6159c57e61e1844e085615b6,0x9fdf5ea544ee63508574f33edbb588379bab1a7d2e410b066b7c693fa3806e7a
227,33050,0.9915,0x6671b48c6b3a9ac6724e8e21fbffc492883c456c,2017-10-17T01:19:07.000Z,0.00003,0xa902b8fa816bd114ee8ff98f73947102ac1c2693,sell,0xba2184520a1cc49a6159c57e61e1844e085615b6,0xd01315bf7150c8691e8ad36166527b33b4398e6ab972d39b45789f1316356359
228,4800,0.1368,0x9fbb9fc0b48f989def72e4158866347e2a30f8df,2017-10-16T08:03:02.000Z,0.0000285,0xe21b893a3f9a56f6a1e1171d8010131ed27cf03c,sell,0xba2184520a1cc49a6159c57e61e1844e085615b6,0x8f526a9c57b1118de5f79c484704319d5f7497778112bc4746c4bd6e06aa88ca
229,14388.47688166,0.7194238440833416,0x6d617006fc0fd60be2917f1fc49e055a42288bb1,2017-10-16T07:07:55.000Z,0.00005000000000002374,0x6ef8569f39521683f7000cd0de4a5b93b29286d3,buy,0xba2184520a1cc49a6159c57e61e1844e085615b6,0x5c4d4bce03e48e9bb6ed62b03f9fcbe486c617e9b5ac9045b9956395623bbdf1
230,7.57575757,0.0005,0x3bfdec5343e950ce45522eef9948c977631b4000,2017-10-15T20:44:57.000Z,0.00006600000005016,0x9910752a3add8071e43d68b8a1cc1e5d3c742ede,buy,0xba2184520a1cc49a6159c57e61e1844e085615b6,0x655b8b4bded8e35e9a66ade26da7ddb252443be6c24922b38c6e703cdc3deeba
231,7.57575757,0.0005,0x350f6f675b20d606bb7f6c412ef4775c9bc57168,2017-10-15T20:44:57.000Z,0.00006600000005016,0x9910752a3add8071e43d68b8a1cc1e5d3c742ede,buy,0xba2184520a1cc49a6159c57e61e1844e085615b6,0xbcc7f5f28b99ac82c97d97aec12cb84f2a2ba97e13905dcbe88c9a14890d9ce5
232,5420.82014583,0.35506371955225596,0x1579c988f8c718e170406a057ac44bf7a61feda7,2017-10-15T17:33:32.000Z,0.00006550000000007212,0x8d4920fa9841558c97da4dbad60bfea2664f6cb9,buy,0xba2184520a1cc49a6159c57e61e1844e085615b6,0x6b8a34106be6b95aad74b386e9a2703a9660fef99a15941e4759eec8ca139cbe
233,2500,0.169425,0xe2e584319f57671638cb28321b830e4a79d47218,2017-10-14T23:57:37.000Z,0.00006777,0x17da7237393f241ec405833d409116aa4da44f75,buy,0xba2184520a1cc49a6159c57e61e1844e085615b6,0x879d82191521c2e30909e5048066b86c19de77c1848a0daab07c2e320823137f
234,47.88765306,0.00196339377546,0x25396175bfcdfca064181d214487e222b2587d82,2017-10-14T23:13:01.000Z,0.000041,0xa902b8fa816bd114ee8ff98f73947102ac1c2693,sell,0xba2184520a1cc49a6159c57e61e1844e085615b6,0x00f336671acc575ee76dcbd9d92b4f7b48da0929966d82e6b846cbf3eed91d8f
235,258,0.013647684,0xcedf165335b45d9f63ac091008e24703e034b248,2017-10-14T23:05:30.000Z,0.000052898,0xa902b8fa816bd114ee8ff98f73947102ac1c2693,sell,0xba2184520a1cc49a6159c57e61e1844e085615b6,0xee84ed6cd3ad305d8dc50bd46817ba5fd16dc7dd3deaf1fe9d729a5d0bb73c9d
236,10,0.000855,0x5dd097fe05eb28b891ccc2a753043f17a2b85ee8,2017-10-14T18:50:29.000Z,0.0000855,0x5dd097fe05eb28b891ccc2a753043f17a2b85ee8,buy,0xba2184520a1cc49a6159c57e61e1844e085615b6,0xe0c79fab5ce5e59d316c328a7d14814296a6548c3f73e748df94f5308f07f3dc
237,3000,0.20331,0xd5e0062264408d167cd087ec77e1c008a747a7e5,2017-10-14T18:39:26.000Z,0.00006777,0x17da7237393f241ec405833d409116aa4da44f75,buy,0xba2184520a1cc49a6159c57e61e1844e085615b6,0x7ce43116345ed30016d503bddcc3f9fffa12ef275f2667e87a454a01f29865a6
238,3000,0.20331,0xd5e0062264408d167cd087ec77e1c008a747a7e5,2017-10-14T18:39:17.000Z,0.00006777,0x17da7237393f241ec405833d409116aa4da44f75,buy,0xba2184520a1cc49a6159c57e61e1844e085615b6,0xc7a069e099330742fb272b6067dbe268d65699b0b072afc62158721ce6e62829
239,2000,0.13554,0xd5e0062264408d167cd087ec77e1c008a747a7e5,2017-10-14T18:35:38.000Z,0.00006777,0x17da7237393f241ec405833d409116aa4da44f75,buy,0xba2184520a1cc49a6159c57e61e1844e085615b6,0x25d5e9aca46820d3709de332f5e0ce1a11f87dc3ae740437c3c52bd16d5320b8
240,10,0.000855,0x5dd097fe05eb28b891ccc2a753043f17a2b85ee8,2017-10-14T15:56:55.000Z,0.0000855,0x5dd097fe05eb28b891ccc2a753043f17a2b85ee8,buy,0xba2184520a1cc49a6159c57e61e1844e085615b6,0x477a4551a838ebe24013b75f5c60cab65fdec3f523225ec066f4c2b02efe4682
241,2000,0.13576,0xd5e0062264408d167cd087ec77e1c008a747a7e5,2017-10-14T15:01:58.000Z,0.00006788,0x17da7237393f241ec405833d409116aa4da44f75,buy,0xba2184520a1cc49a6159c57e61e1844e085615b6,0xdb3ec38fb9ba56500091ecf03d736449b4e16457465bcaad9865938bb06ae84c
242,1500,0.112335,0xda335761adceaa57fe02367340c2e33ba185175e,2017-10-14T13:56:58.000Z,0.00007489,0x1fabd314bb4f78f3d8860371e9042540dc1bf3c1,buy,0xba2184520a1cc49a6159c57e61e1844e085615b6,0x5886c3d25036979508280dbeffb3d37005a22ca112698f5b2c7be8a7e35a182a
243,2000,0.1358,0xd5e0062264408d167cd087ec77e1c008a747a7e5,2017-10-14T11:33:28.000Z,0.0000679,0x17da7237393f241ec405833d409116aa4da44f75,buy,0xba2184520a1cc49a6159c57e61e1844e085615b6,0x127932b5ad15cd9a70446a060139f4b7b164e9f023bbf8fc7be811227655ef21
244,5000,0.34,0x3ca0177ceebc28ab975ab7194cfc0bbef115fd4a,2017-10-14T09:53:17.000Z,0.000068,0x17da7237393f241ec405833d409116aa4da44f75,sell,0xba2184520a1cc49a6159c57e61e1844e085615b6,0xf4c5ebccc0343d1bffc8428b82b16b9ef0bb6a2f18a17c3cb93ea6e6ad88c719
245,5000,0.34,0x3ca0177ceebc28ab975ab7194cfc0bbef115fd4a,2017-10-14T09:51:01.000Z,0.000068,0x17da7237393f241ec405833d409116aa4da44f75,sell,0xba2184520a1cc49a6159c57e61e1844e085615b6,0x56d19ca116380d93673c9a9022379ed3befdf49f5594712a28d3f9abd1d312f8
246,2700,0.1485,0xc0998c780e0e3c13791c5a32721380d4b8e4c105,2017-10-14T09:08:38.000Z,0.000055,0xa902b8fa816bd114ee8ff98f73947102ac1c2693,sell,0xba2184520a1cc49a6159c57e61e1844e085615b6,0x7a43a5c360a62481f085ab0f478b0e19faa67e15ea9e866f332f7af5da6a6c28
247,14577.259,0.9999999674,0x481b80ea15893d325863bd63a58995d44e26e323,2017-10-14T09:07:10.000Z,0.0000686,0x951571ecb267b433469ef2c50f4c7b74b1d631f7,buy,0xba2184520a1cc49a6159c57e61e1844e085615b6,0x3147ab5293870b61a27eb7beccb9aec4618a76de97f79da42b381afd0b9edb79
248,35502,1.9561602,0xa04c74c5d53446108b03c519c945f54361c51918,2017-10-14T08:41:55.000Z,0.0000551,0xa902b8fa816bd114ee8ff98f73947102ac1c2693,sell,0xba2184520a1cc49a6159c57e61e1844e085615b6,0xf5175d1ad6ca24f4cfae7c510c4b8114a8689cc202b2c8c9d3310aed3d8a7a38
249,601.379,0.04676924483,0x0087aaa8fd01cb5941574809443a3e3f724b5a74,2017-10-14T08:02:02.000Z,0.00007777,0xe38ff5b3f5c5ed44f164afa3108ccac0a1ea3c1b,buy,0xba2184520a1cc49a6159c57e61e1844e085615b6,0x776de4188550947b8031976b81c1aec0cba003244310ab5ad198be98fdc1a8f6
250,10000,0.65,0x0087aaa8fd01cb5941574809443a3e3f724b5a74,2017-10-14T06:53:56.000Z,0.000065,0xa902b8fa816bd114ee8ff98f73947102ac1c2693,sell,0xba2184520a1cc49a6159c57e61e1844e085615b6,0xcd18c3eda0d63ed2d47536f74ff64a100a2635ae0618536078987e389413de86
251,10000,0.65,0x0087aaa8fd01cb5941574809443a3e3f724b5a74,2017-10-14T06:52:33.000Z,0.000065,0xa902b8fa816bd114ee8ff98f73947102ac1c2693,sell,0xba2184520a1cc49a6159c57e61e1844e085615b6,0x73a564c91daadace097dd4f2c43285c1b18fcd88c25d27eaee93692bd8cfe490
252,10000,0.65,0x0087aaa8fd01cb5941574809443a3e3f724b5a74,2017-10-14T06:50:45.000Z,0.000065,0x17da7237393f241ec405833d409116aa4da44f75,sell,0xba2184520a1cc49a6159c57e61e1844e085615b6,0xa3ef7e3b494df4cffb73f44e19abeef29975eadce05674f76edbd80498f88d76
253,6659.566,0.43287179,0x886af57afa948579cb7af811e8f8074e4c728370,2017-10-14T05:21:01.000Z,0.000065,0x3514a3b157ab18834ea8bdb752f727a135a961ed,buy,0xba2184520a1cc49a6159c57e61e1844e085615b6,0x708e6bed6515d65d02a2a023c00842899d63e3ec7c9d140067456275ea58ff06
254,30000,2.058,0x886af57afa948579cb7af811e8f8074e4c728370,2017-10-14T05:19:05.000Z,0.0000686,0x63d6907b9e853b773cc803b2590a0b7194bb9c93,buy,0xba2184520a1cc49a6159c57e61e1844e085615b6,0x535f20a8f9bce464d7bf4810ed7a3cfb6bbc334929e09756a835c49d540ecd3f
255,29140.43388572,1.8941282025720267,0x690debf8c164fb184ce63da13e6f50ffa171c5d6,2017-10-14T03:01:40.000Z,0.00006500000000000777,0x3514a3b157ab18834ea8bdb752f727a135a961ed,buy,0xba2184520a1cc49a6159c57e61e1844e085615b6,0x9e552798a4b34d0923092d729c397b4a1759c5e290421c6f37aacde824b08c6e
256,10000,0.4902,0x951571ecb267b433469ef2c50f4c7b74b1d631f7,2017-10-13T22:36:30.000Z,0.00004902,0xa902b8fa816bd114ee8ff98f73947102ac1c2693,sell,0xba2184520a1cc49a6159c57e61e1844e085615b6,0x96d0ab1bb0d2f6546260673271ae2892b63d135830f40333e3195c14f2bb53a3
257,4500,0.23805,0xa04c74c5d53446108b03c519c945f54361c51918,2017-10-13T22:20:39.000Z,0.0000529,0xa902b8fa816bd114ee8ff98f73947102ac1c2693,sell,0xba2184520a1cc49a6159c57e61e1844e085615b6,0xc09e8884c6a96a28061f3341bccda9dd3b4efc4e25076a9e53c375a756851bea
258,15000,0.795,0x11fa8c1d112b95604f5005fea920c00b9624c145,2017-10-13T22:19:56.000Z,0.000053,0xa902b8fa816bd114ee8ff98f73947102ac1c2693,sell,0xba2184520a1cc49a6159c57e61e1844e085615b6,0xc0fbb114c01f320356351b3905327b22e323c3d5ea448a3791f90c938fcf64d8
259,145.349,0.0100000112,0x7bfc602267386faa74b7789bccfafdb12c3373b2,2017-10-13T21:02:25.000Z,0.0000688,0x17da7237393f241ec405833d409116aa4da44f75,buy,0xba2184520a1cc49a6159c57e61e1844e085615b6,0xa6773c22f9245ab6821867ea3ed9efc2d5fa0400668f8c31d19f52a69acf1eeb
260,3325.49027843,0.2287937311560453,0x1579c988f8c718e170406a057ac44bf7a61feda7,2017-10-13T19:41:00.000Z,0.00006880000000001842,0x17da7237393f241ec405833d409116aa4da44f75,buy,0xba2184520a1cc49a6159c57e61e1844e085615b6,0x17d79366e44214281f632bf20819a521741b62a02172c67c69e7659ccac03454
261,434.84340538,0.02991722629040904,0x1579c988f8c718e170406a057ac44bf7a61feda7,2017-10-13T19:13:26.000Z,0.0000688000000006095,0x17da7237393f241ec405833d409116aa4da44f75,buy,0xba2184520a1cc49a6159c57e61e1844e085615b6,0x7b1fb8e8680c3f3527d51fe81f0579c57a28e781c95d7db39496ee6ebf98df5f
262,1449.08312635,0.09969691909307125,0x1579c988f8c718e170406a057ac44bf7a61feda7,2017-10-13T18:20:44.000Z,0.00006880000000013198,0x17da7237393f241ec405833d409116aa4da44f75,buy,0xba2184520a1cc49a6159c57e61e1844e085615b6,0x86bff4d6f0b353ff4238e2aa4e134fec949b84f38a55e361d12990ccebbd01e4
263,869.1195145,0.05979542259776627,0x1579c988f8c718e170406a057ac44bf7a61feda7,2017-10-13T17:20:30.000Z,0.0000688000000001913,0x17da7237393f241ec405833d409116aa4da44f75,buy,0xba2184520a1cc49a6159c57e61e1844e085615b6,0xa2a62c316157a2f7df08d6d46b66d1f7db0fb018be1f33500d528577e6b72b66
264,10000,0.5289,0xe3d11734302e9db6fb870dbe4d102810b4e1d3fc,2017-10-13T12:28:30.000Z,0.00005289,0xa902b8fa816bd114ee8ff98f73947102ac1c2693,sell,0xba2184520a1cc49a6159c57e61e1844e085615b6,0xd79bc9398e1cd9f95bb15c49b84b307794378d6659a5f82a8bced94bfa250b18
265,17000,0.899266,0xcedf165335b45d9f63ac091008e24703e034b248,2017-10-13T12:12:51.000Z,0.000052898,0xa902b8fa816bd114ee8ff98f73947102ac1c2693,sell,0xba2184520a1cc49a6159c57e61e1844e085615b6,0x99a3bdf67b0d723174a939291983eb4d3f2a702a074942a13f14a525a583cf8d
266,60000,3.174,0xa04c74c5d53446108b03c519c945f54361c51918,2017-10-13T12:10:28.000Z,0.0000529,0xa902b8fa816bd114ee8ff98f73947102ac1c2693,sell,0xba2184520a1cc49a6159c57e61e1844e085615b6,0x9a78e6ad80d97b7e1deacc2041f3e458311fb4f898e057bbd11eb7b91bd3a490
267,10000,0.5001,0x951571ecb267b433469ef2c50f4c7b74b1d631f7,2017-10-13T12:04:45.000Z,0.00005001,0xa902b8fa816bd114ee8ff98f73947102ac1c2693,sell,0xba2184520a1cc49a6159c57e61e1844e085615b6,0xa4ce56c40d2a0d3b4023b01b3f692bf0ec558add9c014eba07cda1a2db782a89
268,20000,1.00222,0xdfc3a355ce33b48fc0fdb2a9f12e38b608cecad4,2017-10-13T12:03:02.000Z,0.000050111,0xa902b8fa816bd114ee8ff98f73947102ac1c2693,sell,0xba2184520a1cc49a6159c57e61e1844e085615b6,0x53063cf8bc18445c60ec51e7df58a476ce9c2294cf90374f3954fe63771f23f6
269,62982.44853902,3.1561764611873704,0x6042a0db6f0414e34633fdd3e360ee9dea1a44e6,2017-10-13T11:58:43.000Z,0.000050112,0xa902b8fa816bd114ee8ff98f73947102ac1c2693,sell,0xba2184520a1cc49a6159c57e61e1844e085615b6,0xfff51bf91f4e5dbc810c9b9f79966f2fb8fe81bd4caa06d1e6f906254727e8d9
270,1221.51916111,0.06121276820154432,0x6042a0db6f0414e34633fdd3e360ee9dea1a44e6,2017-10-13T09:29:22.000Z,0.000050112,0x3a66f837079571a2c13d74b586bd6e5595032447,sell,0xba2184520a1cc49a6159c57e61e1844e085615b6,0x6ec917374f4e92bc6a7da99a16b39fe6b728ec34c76b73916ebfd6a368a10a96
271,35796.03229987,1.7938107706110855,0x6042a0db6f0414e34633fdd3e360ee9dea1a44e6,2017-10-13T08:02:19.000Z,0.000050112,0x5d42ac162ac28ea922d0a67418c02df9eb1a05fb,sell,0xba2184520a1cc49a6159c57e61e1844e085615b6,0xa8fd80d5dde75b2d58cad7a6a34db809336b56d673de6ebf8be0a7d3dbb1f1c7
272,1000,0.061011,0x1fabd314bb4f78f3d8860371e9042540dc1bf3c1,2017-10-13T03:26:14.000Z,0.000061011,0x32698805274316f523bb2c3b7924c8a997889a1f,sell,0xba2184520a1cc49a6159c57e61e1844e085615b6,0x800c44e8479d5779e131d2465bd560e9d28f170f9cb1f98ea4f805322632e900
273,100000,6.1001,0x6042a0db6f0414e34633fdd3e360ee9dea1a44e6,2017-10-13T02:40:56.000Z,0.000061001,0xe00a5ea7e92f94410fa926c643ac6e6f167501bd,sell,0xba2184520a1cc49a6159c57e61e1844e085615b6,0xd8a90114f59ea092f446be771b6d77f2e9d64f900927025e7d8d4f7e240b0035
274,2000,0.136,0x0549af7c7201e1d98604deb3ac14aea189602f23,2017-10-13T02:33:39.000Z,0.000068,0xe00a5ea7e92f94410fa926c643ac6e6f167501bd,sell,0xba2184520a1cc49a6159c57e61e1844e085615b6,0xa472fe1c9fdc4d648d6a0f0d23ed9bbc29b1dba98b557f874dfd5d3b2eb8d7aa
275,8888,0.62118232,0xe3d11734302e9db6fb870dbe4d102810b4e1d3fc,2017-10-13T02:22:54.000Z,0.00006989,0xe00a5ea7e92f94410fa926c643ac6e6f167501bd,sell,0xba2184520a1cc49a6159c57e61e1844e085615b6,0x5d570322aec9eb25fc963101e42946696b16624368917b30c769fc4a1f346677
276,3619.81736209,0.26786648479466,0xe770d2241601fa821bc172522bb2e53f19906ac2,2017-10-13T01:51:45.000Z,0.000074,0x32698805274316f523bb2c3b7924c8a997889a1f,sell,0xba2184520a1cc49a6159c57e61e1844e085615b6,0x923a52fe8dd1e8742dacd6ea453da3bb06b7f2644587c29e91db4ad622326fa4
277,8380.18263791,0.62013351520534,0xe770d2241601fa821bc172522bb2e53f19906ac2,2017-10-13T01:50:58.000Z,0.000074,0xa11f36555b15d08f63fe4c1da229574871e1fdb1,sell,0xba2184520a1cc49a6159c57e61e1844e085615b6,0x4db74054b3447b8f902c48eb6887cb9091fba99004a15f4b971fbded27a50cf8
278,25800,1.806,0xa05df80650cdbbc3d21c07541508ef3009ca336c,2017-10-13T01:44:44.000Z,0.00007,0x32698805274316f523bb2c3b7924c8a997889a1f,sell,0xba2184520a1cc49a6159c57e61e1844e085615b6,0x90ae0c3e822ea11d250da25bdf40a65c1635be9844656b8e2bd59cfd154e2b1d
279,654.2069228,0.04724826321984616,0xfa7f71083f601e2365fecae3f792a3fbced9253f,2017-10-13T01:41:28.000Z,0.0000722222,0x32698805274316f523bb2c3b7924c8a997889a1f,sell,0xba2184520a1cc49a6159c57e61e1844e085615b6,0x057425870fc0e615cb8c61650379f1b91e97919aa83a0f6578bd621b18be880b
280,474.362,0.036894453274,0xaa34321c9e8addf2ba4d703a98bf85943656a275,2017-10-13T01:39:48.000Z,0.000077777,0x32698805274316f523bb2c3b7924c8a997889a1f,sell,0xba2184520a1cc49a6159c57e61e1844e085615b6,0x1735dbe4421016597bd6c385a87e33911742c7522164d3ff8a49a304ae3b8207
281,1290,0.100233,0x389cf6cd8dc3b7edbb779d8edabe0f3c9a6c2077,2017-10-13T00:46:39.000Z,0.0000777,0xa11f36555b15d08f63fe4c1da229574871e1fdb1,sell,0xba2184520a1cc49a6159c57e61e1844e085615b6,0x2d3f3296be044b8c9cc93aecb1e6a58e88681a231adc8b65cfe9ddaad4ac18b0
282,2957.172,0.229999966644,0xdbf0d9ab03e49f2713e60e599464d6fe6eeb5056,2017-10-13T00:28:40.000Z,0.000077777,0x6e7897cf3dc5c8d7349ed63d68b0fcc34435ca8f,buy,0xba2184520a1cc49a6159c57e61e1844e085615b6,0x9cf9b40a3c790e83998d8dfc09584457da4861906164608085c6673b16c45673
283,583.83979591,0.045247584183435656,0xdbf0d9ab03e49f2713e60e599464d6fe6eeb5056,2017-10-13T00:12:48.000Z,0.00007750000000070336,0xa11f36555b15d08f63fe4c1da229574871e1fdb1,buy,0xba2184520a1cc49a6159c57e61e1844e085615b6,0x380c1d37dbbffad1246c1a55ad2e8fb60f819a426d5f0afe95a42b833f0b599b
284,2116.129,0.1639999975,0xe6c92b9517a451e6479f307dc15998be0d221dab,2017-10-12T23:01:52.000Z,0.0000775,0xa11f36555b15d08f63fe4c1da229574871e1fdb1,buy,0xba2184520a1cc49a6159c57e61e1844e085615b6,0x8a1cf98a289fa9ba945f7bc6b058f9de4baf49dcea0b6557ebfad048e374c515
285,1000,0.0775,0x9b66b3e388090125f04fdc62e324ec7718b99cbd,2017-10-12T22:19:57.000Z,0.0000775,0xa11f36555b15d08f63fe4c1da229574871e1fdb1,buy,0xba2184520a1cc49a6159c57e61e1844e085615b6,0xd0ee0c39ead576166a923b01b9795171d2b9d11177e905d41b7f232bc6909878
286,1962.91496361,0.14176603708483415,0xfa7f71083f601e2365fecae3f792a3fbced9253f,2017-10-12T22:04:54.000Z,0.0000722222,0xc05d64842094bc1fc577399724ca3f1f588070b2,sell,0xba2184520a1cc49a6159c57e61e1844e085615b6,0xc4739dc8b460a65d3f5bae20107a02a128067ed55e600976e388f4a72909b3dd
287,2492.27395075,0.17999750772585665,0xfa7f71083f601e2365fecae3f792a3fbced9253f,2017-10-12T21:57:20.000Z,0.0000722222,0x63f04f9d637532286e7615bc1e79694015048b76,sell,0xba2184520a1cc49a6159c57e61e1844e085615b6,0x45e7b0381026f0b302c9e6fa77fa466a0811bb72fe6d25106429ae399452be20
288,25.63752367,0.00199400967848159,0xaa34321c9e8addf2ba4d703a98bf85943656a275,2017-10-12T21:43:47.000Z,0.000077777,0x399159e608ef9beb5c0d820073112bc8a709daa0,sell,0xba2184520a1cc49a6159c57e61e1844e085615b6,0x1dd619d44c28592ab19066923ef09fc774bc9c2b34e846402814a7a9b99b44b0
289,600,0.0465,0x8909e1a4f31fc2214ea6c4a917268b833b00c000,2017-10-12T21:07:39.000Z,0.0000775,0xa11f36555b15d08f63fe4c1da229574871e1fdb1,buy,0xba2184520a1cc49a6159c57e61e1844e085615b6,0x98c8b025dbaaae2cc46c56fd8aa31af71c7bfc9918b0ab6589d0a5abec4be00c
290,1500,0.116655,0x1fabd314bb4f78f3d8860371e9042540dc1bf3c1,2017-10-12T21:03:09.000Z,0.00007777,0xe38ff5b3f5c5ed44f164afa3108ccac0a1ea3c1b,buy,0xba2184520a1cc49a6159c57e61e1844e085615b6,0xbe47d8069eff87bd759238c0351bb4da0bbecb28bf7f340e1c0bf0d7477d2ded
291,4820,0.37488514,0xe21b893a3f9a56f6a1e1171d8010131ed27cf03c,2017-10-12T20:42:52.000Z,0.000077777,0x6e7897cf3dc5c8d7349ed63d68b0fcc34435ca8f,buy,0xba2184520a1cc49a6159c57e61e1844e085615b6,0x563361163dca91e05faf71ad84592c7e2102b779c9a345935fb2bba5ef12e01a
292,25.717,0.00200001109,0x399159e608ef9beb5c0d820073112bc8a709daa0,2017-10-12T20:17:56.000Z,0.00007777,0xe38ff5b3f5c5ed44f164afa3108ccac0a1ea3c1b,buy,0xba2184520a1cc49a6159c57e61e1844e085615b6,0xc784cfd515ba7268a74441de4c3f1a27d207aa7348d0eb3f43f2dd6b14289933
293,1225.30587051,0.09529203755020127,0x3a66f837079571a2c13d74b586bd6e5595032447,2017-10-12T19:55:34.000Z,0.00007777000000052114,0xe38ff5b3f5c5ed44f164afa3108ccac0a1ea3c1b,buy,0xba2184520a1cc49a6159c57e61e1844e085615b6,0xc51e70466173b8e5c1f9a1ac1c1351936dd5204ac44ca2e412a053992230adb1
294,2500,0.1944425,0x63f04f9d637532286e7615bc1e79694015048b76,2017-10-12T19:13:48.000Z,0.000077777,0x6e7897cf3dc5c8d7349ed63d68b0fcc34435ca8f,buy,0xba2184520a1cc49a6159c57e61e1844e085615b6,0xde657c48a8b0cfa7e13133625d3754c1f1c589c932850822e0d1f9b4d6eafc57
295,11280.51744129,0.8772858414097953,0xd64f9a51bae07df65a546408507e5163c7a1648e,2017-10-12T18:59:58.000Z,0.00007777000000005957,0xe38ff5b3f5c5ed44f164afa3108ccac0a1ea3c1b,buy,0xba2184520a1cc49a6159c57e61e1844e085615b6,0x85bd2f077313b446220c471f694db00f8e2082e862d8a4ffa0ba50fba38a4ce9
296,3995.81641,0.3107546422060599,0x89fcb62aa1042ffbec885339842b54194ad035ba,2017-10-12T18:42:41.000Z,0.00007777000000009007,0xe38ff5b3f5c5ed44f164afa3108ccac0a1ea3c1b,buy,0xba2184520a1cc49a6159c57e61e1844e085615b6,0xe4edf68151fd273d8464feef05b3c92cd8cdf630a63b40a88bda3b1c078e0ef4
297,5143.371,0.39999996267,0x89fcb62aa1042ffbec885339842b54194ad035ba,2017-10-12T18:41:20.000Z,0.00007777,0xe38ff5b3f5c5ed44f164afa3108ccac0a1ea3c1b,buy,0xba2184520a1cc49a6159c57e61e1844e085615b6,0x0718cb2b03f4764647c2d5e67b3a473af424b65cddf57835617b808f5fe04476
298,14000,1.08878,0xa11f36555b15d08f63fe4c1da229574871e1fdb1,2017-10-12T18:34:49.000Z,0.00007777,0xe38ff5b3f5c5ed44f164afa3108ccac0a1ea3c1b,buy,0xba2184520a1cc49a6159c57e61e1844e085615b6,0x08afe65d9cc4cb2cf776f34824953a90e6b2ec1255f7ebc8854d0d9b0acaae13
299,33.784,0.002736504,0x5d25204a56df088785e97b2aa30a6dc03621794d,2017-10-12T16:34:14.000Z,0.000081,0x634d31118a7d5f4fbc3ee8b837daf7d246dc9580,buy,0xba2184520a1cc49a6159c57e61e1844e085615b6,0xac81541e8c487fc7cde71f7c1d7ddd6c290808c21a2822dfa59fe43e61ea7324
300,12455.21599092,1.0088724952646795,0x5d25204a56df088785e97b2aa30a6dc03621794d,2017-10-12T16:16:48.000Z,0.0000810000000000128,0x634d31118a7d5f4fbc3ee8b837daf7d246dc9580,buy,0xba2184520a1cc49a6159c57e61e1844e085615b6,0xc22cb3918814a33bc1bdb35c332304a1c6b1ce3e1a5cb1eaaa0675caf32b02ff
301,113790.65895723,7.73776480909164,0x6e7897cf3dc5c8d7349ed63d68b0fcc34435ca8f,2017-10-12T16:15:38.000Z,0.000068,0xb90dd77405fdde22a4f37e98b2c8574cf4e20c98,sell,0xba2184520a1cc49a6159c57e61e1844e085615b6,0x719c6911ff548fc22664e8900a39030feb30642baba6257751e09cd94827469d
302,5530,0.389865,0x5c931fb98946c80ea693fa49774d2ed1a2e889e6,2017-10-12T16:12:26.000Z,0.0000705,0xb90dd77405fdde22a4f37e98b2c8574cf4e20c98,sell,0xba2184520a1cc49a6159c57e61e1844e085615b6,0xbc39b69e0109181f993a7033023b3ca320018150ce37fc9b57d754fe83f32f41
303,1,0.0000855,0xdd3b7b82caa14a588410caa5e37bc9c9c02f27ce,2017-10-12T15:33:02.000Z,0.0000855,0x5dd097fe05eb28b891ccc2a753043f17a2b85ee8,buy,0xba2184520a1cc49a6159c57e61e1844e085615b6,0xb503f61b12f452f129f8657f41f96d2bc3bc35e55b07a8855536ee6b1666c3cd
304,87747.981,6.14235867,0x6042a0db6f0414e34633fdd3e360ee9dea1a44e6,2017-10-12T14:30:54.000Z,0.00007,0xe00a5ea7e92f94410fa926c643ac6e6f167501bd,sell,0xba2184520a1cc49a6159c57e61e1844e085615b6,0x1d50dace9c80afa814d80ff8f5bcc9eade725f9300f46044110f29a329ed9325
305,150000,10.5,0x6042a0db6f0414e34633fdd3e360ee9dea1a44e6,2017-10-12T13:40:21.000Z,0.00007,0xe00a5ea7e92f94410fa926c643ac6e6f167501bd,sell,0xba2184520a1cc49a6159c57e61e1844e085615b6,0x1594b3d74fe582124541cb20533ffca8ceb129b8b58b8a712d22a8bc501f343c
306,7447.44058056,0.6397351458703083,0x5adfc402ac79e80a2cbf67a10334da8bff8a55fd,2017-10-12T08:59:34.000Z,0.00008590000000002743,0x5dd097fe05eb28b891ccc2a753043f17a2b85ee8,buy,0xba2184520a1cc49a6159c57e61e1844e085615b6,0x86d7371bf97a058d65477c8040e93274f1851101c7967fa68be36f2ecfb580b2
307,17430.233,1.499000038,0x32698805274316f523bb2c3b7924c8a997889a1f,2017-10-12T08:28:32.000Z,0.000086,0xe8f7355a17fc67219fd6d15fc9ffd5662977957b,buy,0xba2184520a1cc49a6159c57e61e1844e085615b6,0xe54468696a392735cf2f29b22c55c0a4d2dafd12416a70eda7bf644a83e52564
308,18308.62656622,1.5562332581289682,0x600bf5b4c26ab95cc6260e5fac8c77154308024e,2017-10-12T08:13:24.000Z,0.00008500000000001464,0xe8f7355a17fc67219fd6d15fc9ffd5662977957b,buy,0xba2184520a1cc49a6159c57e61e1844e085615b6,0xc59a4e9ee0901192cd0ba840b93fb3a421d9a4e9907684bf85d0c922286c7ed1
309,17280.96187569,1.4550569899331771,0x32698805274316f523bb2c3b7924c8a997889a1f,2017-10-12T08:07:17.000Z,0.00008420000000000457,0xd63f3945dde8dc7198588c2918cd7ead8a6e9211,buy,0xba2184520a1cc49a6159c57e61e1844e085615b6,0x6be416438c7160e65508ed32aa49d215bfb734ce3b443e07743d2702d7d280b6
310,8798.48300715,0.7478710556084459,0x9e1477cd68e8e375705ccb3dcf5764fe901de3ef,2017-10-12T08:06:29.000Z,0.00008500000000007909,0xe8f7355a17fc67219fd6d15fc9ffd5662977957b,buy,0xba2184520a1cc49a6159c57e61e1844e085615b6,0xc5fc5bca303a97654577c0709abbd87d4ae3fc74d83ce023d5ddda8ced2e771a
311,7697.0381243,0.648090610066823,0xab296c308b24c972b60a662262f144eeefc27ec8,2017-10-12T07:29:17.000Z,0.00008420000000009912,0xd63f3945dde8dc7198588c2918cd7ead8a6e9211,buy,0xba2184520a1cc49a6159c57e61e1844e085615b6,0xf6c02d1c99ed9162c750cb1d2c497ccfcd606cc4f9a1f5da9e137c73a59c0fcd
312,62252.0187419,4.357641311933,0x6042a0db6f0414e34633fdd3e360ee9dea1a44e6,2017-10-12T06:10:46.000Z,0.00007,0x32177fad9d9be4dd10ce0281879bbbeddf2f6575,sell,0xba2184520a1cc49a6159c57e61e1844e085615b6,0x5b19accc1f8219ddbfab43cc191cc0f3a8c21087bbee3342594c896a31a7161f
313,62445,4.37115,0xfe423f6b9b3aa093cc08831d9b106027f97e132e,2017-10-12T05:31:57.000Z,0.00007,0xc7d112f912efd17771ce0f285a2a654b5281d0b5,buy,0xba2184520a1cc49a6159c57e61e1844e085615b6,0x820aa2c39864ac4ff3a4344351536dfcc91a52c2c92b0d6d2b4285d2b0d51e24
314,62257.665,4.48255188,0x2e18e64e5c72db40834c7c1251eef6b27bf6e6bf,2017-10-12T05:31:57.000Z,0.000072,0xfe423f6b9b3aa093cc08831d9b106027f97e132e,sell,0xba2184520a1cc49a6159c57e61e1844e085615b6,0x820aa2c39864ac4ff3a4344351536dfcc91a52c2c92b0d6d2b4285d2b0d51e24
315,22892.89042661,1.945895686262586,0x46485889cf6bdbd50302bbd81f6625aa2eeca1ed,2017-10-12T04:03:59.000Z,0.00008500000000003214,0xe8f7355a17fc67219fd6d15fc9ffd5662977957b,buy,0xba2184520a1cc49a6159c57e61e1844e085615b6,0xe1e418c8e996f2c9ee902dfa16be23a8091fa78df2335444b764f6aeca05a299
316,124890,9.36675,0x6042a0db6f0414e34633fdd3e360ee9dea1a44e6,2017-10-12T03:22:15.000Z,0.000075,0x35878f342a2a54cb097788800d0219f069055e01,buy,0xba2184520a1cc49a6159c57e61e1844e085615b6,0x54af5bd54264f46d8ca062c313f73d288a3105934d34fdfb60a8e0c116e636a0
317,54218.57,4.06612165715,0x6042a0db6f0414e34633fdd3e360ee9dea1a44e6,2017-10-12T03:12:05.000Z,0.000074995,0x8ef42653cd5420da899975c6145d331d7ae622f6,buy,0xba2184520a1cc49a6159c57e61e1844e085615b6,0xdeeb6f0733c0ee887850336b51e51da914dcb1462f5445ca8fbb0e94af90d4d8
318,3.333,0.0009999,0x6be3ef159141b37f02890a8736cebbd217891e6f,2017-10-12T01:54:29.000Z,0.0003,0x5dd097fe05eb28b891ccc2a753043f17a2b85ee8,buy,0xba2184520a1cc49a6159c57e61e1844e085615b6,0x9cb1ae73cc2da864918d51c84bf02df7a8b5366baca3c6feb46b375b27482b8e
319,5,0.001,0x6be3ef159141b37f02890a8736cebbd217891e6f,2017-10-12T00:55:35.000Z,0.0002,0x3a409eff50a47aeef294e3f0bb3874490dd99abc,buy,0xba2184520a1cc49a6159c57e61e1844e085615b6,0xe8a4a7cd9ac5aa44d9a0981a207aa38fb6f5132804d33c0aa4f37c91af9b6235
320,1,0.00022,0x6be3ef159141b37f02890a8736cebbd217891e6f,2017-10-12T00:33:55.000Z,0.00022,0x5dd097fe05eb28b891ccc2a753043f17a2b85ee8,buy,0xba2184520a1cc49a6159c57e61e1844e085615b6,0x44d7c7988b24cd9ee32c078517f652085314dbef5a192c6dc273a74c43f21e5c
321,30904.78886551,1.8542873319306,0x2e18e64e5c72db40834c7c1251eef6b27bf6e6bf,2017-10-11T22:46:40.000Z,0.00006,0xe6dd3090003cf4da5e6e03b63260d08b0f60660a,sell,0xba2184520a1cc49a6159c57e61e1844e085615b6,0x538cad43cfc90996260cb5aa182ec49370760ed7e50d77cd7aac00b2aa5dd1e1
322,5222.80929119,0.3133685574714,0x2e18e64e5c72db40834c7c1251eef6b27bf6e6bf,2017-10-11T16:13:53.000Z,0.00006,0xa4041c2c155f143c8cbd22289b3f20fec2c155e0,sell,0xba2184520a1cc49a6159c57e61e1844e085615b6,0xac9711130983c6f4b4123a9256addbbdd2e7da2489e1c1fc660be894336645d3
323,485,0.03395,0x871472f682a72be20590691f049cbfee4c6248c3,2017-10-11T01:54:17.000Z,0.00007,0xa4041c2c155f143c8cbd22289b3f20fec2c155e0,buy,0xba2184520a1cc49a6159c57e61e1844e085615b6,0xbec2a814f91297f6b4fa620c2a3de42a5e692d36a08d1f8f8963dee31362ef01
324,15.452,0.00108164,0x871472f682a72be20590691f049cbfee4c6248c3,2017-10-11T01:52:06.000Z,0.00007,0x83cfe8b3c96bd189667a1902eac997d7cb01076a,buy,0xba2184520a1cc49a6159c57e61e1844e085615b6,0x3b73f944f71fbdff93080014b9fed4f8cdb4d5c366530610d8f8f747a35a20ad
325,1,0.000199,0x6be3ef159141b37f02890a8736cebbd217891e6f,2017-10-11T01:25:56.000Z,0.000199,0x00e3f02d441b2ad4315874571de3c39bc29918ae,buy,0xba2184520a1cc49a6159c57e61e1844e085615b6,0x324baa6a612a0d5a2cd2cc424b14a90bc24a50eea3628069d2afee0dcb1fd2e4
326,4984.5479015,0.34891835310537334,0x9d20e226bf871d54c7c09561b691598b59d33a67,2017-10-10T18:00:15.000Z,0.00007000000000007489,0x83cfe8b3c96bd189667a1902eac997d7cb01076a,buy,0xba2184520a1cc49a6159c57e61e1844e085615b6,0x6f4428a411e919ddb22408bc09de19980fcbddcd0a38ca1ed42f0371ee41649b
327,1580,0.0869,0x5adfc402ac79e80a2cbf67a10334da8bff8a55fd,2017-10-10T09:42:10.000Z,0.000055,0x83cfe8b3c96bd189667a1902eac997d7cb01076a,sell,0xba2184520a1cc49a6159c57e61e1844e085615b6,0x90104b27d1a11063848a269a15b7fe110d153c916c8c686fc2b50646a5beb383
328,1547.763,0.085126965,0x448e1db1fd8e0cc93e0891cc85139c8f53d066af,2017-10-09T23:58:12.000Z,0.000055,0xe6dd3090003cf4da5e6e03b63260d08b0f60660a,sell,0xba2184520a1cc49a6159c57e61e1844e085615b6,0x7ecf6226ec33288ccd7e188f88907b7adbd72887b9c38cb8531ec74d8d534bd8
329,2452.23665566,0.1348730160613,0x448e1db1fd8e0cc93e0891cc85139c8f53d066af,2017-10-09T23:28:58.000Z,0.000055,0x403a0902d22f9758df435a74921d3d7edb14d494,sell,0xba2184520a1cc49a6159c57e61e1844e085615b6,0xdfb3fa52c1b79d903ee5391e9a4483bf5318deda5660406b8408c4ea13915733
330,3.333,0.0009999,0xdb3fa524553eadda9eeaf041bb35d17edab777b9,2017-10-09T18:31:55.000Z,0.0003,0x5dd097fe05eb28b891ccc2a753043f17a2b85ee8,buy,0xba2184520a1cc49a6159c57e61e1844e085615b6,0x853d99ad298beae81ebedef3fd16ddf53992a98c981803c875c776608712b170
331,119.085,0.01095582,0xfd5bca5c2aec4d0aac952308d270bfc34fb123bf,2017-10-09T17:53:34.000Z,0.000092,0x83cfe8b3c96bd189667a1902eac997d7cb01076a,sell,0xba2184520a1cc49a6159c57e61e1844e085615b6,0x37a641956197447e61a421404727e5cddde60b3f86cfb1dc9adf55ba46072c28
332,600,0.048,0x5ae933bfbbaa04c3e05ae56295138174ada9799c,2017-10-09T17:11:56.000Z,0.00008,0x83cfe8b3c96bd189667a1902eac997d7cb01076a,buy,0xba2184520a1cc49a6159c57e61e1844e085615b6,0x448c05edb588f448d22edc59dc712907a00f8df7b97eac2a17b0827f7e318b6f
333,598.2,0.05982,0xfd5bca5c2aec4d0aac952308d270bfc34fb123bf,2017-10-09T17:11:56.000Z,0.0001,0x5ae933bfbbaa04c3e05ae56295138174ada9799c,sell,0xba2184520a1cc49a6159c57e61e1844e085615b6,0x448c05edb588f448d22edc59dc712907a00f8df7b97eac2a17b0827f7e318b6f
334,3.848,0.0010000952,0xdb3fa524553eadda9eeaf041bb35d17edab777b9,2017-10-09T13:23:09.000Z,0.0002599,0x46485889cf6bdbd50302bbd81f6625aa2eeca1ed,buy,0xba2184520a1cc49a6159c57e61e1844e085615b6,0x8660aa04eaf233faa3a707ad5c3062cab8de0fb5b55a4990b29505cba54e3297
335,1000,0.08,0x871472f682a72be20590691f049cbfee4c6248c3,2017-10-09T12:47:15.000Z,0.00008,0x83cfe8b3c96bd189667a1902eac997d7cb01076a,buy,0xba2184520a1cc49a6159c57e61e1844e085615b6,0x84e3ebbb64ada8b064b4933044d10f089a8c83e0ce57643e1dce5aaa9ac50cf5
336,1000,0.08,0x871472f682a72be20590691f049cbfee4c6248c3,2017-10-09T12:26:54.000Z,0.00008,0x83cfe8b3c96bd189667a1902eac997d7cb01076a,buy,0xba2184520a1cc49a6159c57e61e1844e085615b6,0xa461b6f27bb43ad491e78fbff16be7de0c0942cc00cb9d159b6e30116b818466
337,3.333,0.0009999,0xdb3fa524553eadda9eeaf041bb35d17edab777b9,2017-10-09T10:51:48.000Z,0.0003,0x5dd097fe05eb28b891ccc2a753043f17a2b85ee8,buy,0xba2184520a1cc49a6159c57e61e1844e085615b6,0xfd1015b3d6bca62bb58a2f207e3ed8795262dd93739769c79c33410be1066ad9
338,6.293,0.0009999577,0xdb3fa524553eadda9eeaf041bb35d17edab777b9,2017-10-09T09:51:57.000Z,0.0001589,0xe38ff5b3f5c5ed44f164afa3108ccac0a1ea3c1b,buy,0xba2184520a1cc49a6159c57e61e1844e085615b6,0xb17384a38ab41bda91d2219038d2130b16b3bc5c2d9cd251d2bf3b71345a2757
339,1,0.00009999,0xc4984256bac0e06bca2d63e5bce69d29904d0a7f,2017-10-09T06:10:19.000Z,0.00009999,0x8ef42653cd5420da899975c6145d331d7ae622f6,buy,0xba2184520a1cc49a6159c57e61e1844e085615b6,0xf696d771e77b7eb6a6498cc812f3e434b0d5ef5f0077bbde6fe2284ca3eeb74c
340,2459.8385893,0.391114335700175,0x403a0902d22f9758df435a74921d3d7edb14d494,2017-10-09T04:47:55.000Z,0.00015900000000059963,0x5dd097fe05eb28b891ccc2a753043f17a2b85ee8,buy,0xba2184520a1cc49a6159c57e61e1844e085615b6,0xc66fb98c4077ff63c5e47936a01301a5618e5ee31b9a41d02ffbd6a969145db6
341,1,0.000159,0x79ec76c1f33f3d953b0cd5a14903ba92f885e7ec,2017-10-09T04:32:01.000Z,0.000159,0x5dd097fe05eb28b891ccc2a753043f17a2b85ee8,buy,0xba2184520a1cc49a6159c57e61e1844e085615b6,0x4c4b4da7a5f14a514e9cd7ec59adec6e4a5de487da32834ef3034c991226af57
