,amount,amountBase,buyer,date,price,seller,side,tokenAddr,txHash
0,0.006,0.0000342,0x3dee4a4e076e8d82859d241db0baf46f112cfa23,2017-11-02T13:50:35.000Z,0.0057,0xf63473fc91c01a809d3915f626dde9f17366ed52,sell,0x1f573d6fb3f13d689ff844b4ce37794d79a7ff1c,0x220f7abb6cdca6806c181c5596c424b8c6cb4e12370817c7f224434629de3cc0
1,61.00306081640447,0.3477174466535055,0x3dee4a4e076e8d82859d241db0baf46f112cfa23,2017-11-02T13:23:01.000Z,0.0057,0xf63473fc91c01a809d3915f626dde9f17366ed52,sell,0x1f573d6fb3f13d689ff844b4ce37794d79a7ff1c,0xa05757a79359dece6e25270abbdb90976b81bd175c439b7e6f9e5fe3a7ced3a7
2,2.176,0.013462912,0x3a0cc8afecbb6fe9567cd7e6dac685287f7a217d,2017-11-02T13:19:50.000Z,0.006187,0xf63473fc91c01a809d3915f626dde9f17366ed52,sell,0x1f573d6fb3f13d689ff844b4ce37794d79a7ff1c,0xd99d2d2f0f56457a358899454cc1ff8b7caf39dce6ee1382f8559e1e47b9ed0a
3,35.91754904792091,0.2208929266447136,0xed05637cafbf838059080a3ad9bb059140995554,2017-11-02T13:19:50.000Z,0.00615,0xf63473fc91c01a809d3915f626dde9f17366ed52,sell,0x1f573d6fb3f13d689ff844b4ce37794d79a7ff1c,0x1e3d2e3cecfbe44090c274b9f3900fa7e7a24bf0a8f8bf4c48a24c03dd1f13ef
4,274.6893857612829,1.3871813980944785,0x009a12d4290630bc01fd82516ac57c1dc6a9bcfb,2017-11-02T12:34:00.000Z,0.00505,0xeea65437361dac0f275f2b5356a29c4d201e8a69,sell,0x1f573d6fb3f13d689ff844b4ce37794d79a7ff1c,0x39872e88f43e30e191073de960346c1260777b2e95fe1e192cba3a3af975bc58
5,312.74,1.9264784,0x9df668b00d9a4f875c2e38c15c67913bebdb242e,2017-11-02T12:31:42.000Z,0.00616,0xeea65437361dac0f275f2b5356a29c4d201e8a69,sell,0x1f573d6fb3f13d689ff844b4ce37794d79a7ff1c,0x0ac60c268180f99d2420992a089a2ab0e74abe33319db731f71dd6d8d9b73eab
6,7.5339209580878865,0.04661236896768975,0x3a0cc8afecbb6fe9567cd7e6dac685287f7a217d,2017-11-02T08:27:34.000Z,0.006187,0xc2ef3492077355a26a7bd24386a15e1346c07ef0,sell,0x1f573d6fb3f13d689ff844b4ce37794d79a7ff1c,0xa8da54b61b7f2b33af61a4f9ebb26dd58e4fd7280aa940001696c45d9a219f54
7,40,0.248,0xa4dba416289b78f5d63726a041b4c346e3af103d,2017-11-02T08:19:14.000Z,0.0062,0xc2ef3492077355a26a7bd24386a15e1346c07ef0,sell,0x1f573d6fb3f13d689ff844b4ce37794d79a7ff1c,0x779c98937940e037b433a96a4bd97c00eab44b51f3b267e48c96584e7cea646a
8,10.20073288763274,0.0663047637696128,0x81dc6f15ee72f6e6d49cb6ca44c0bf8e63770027,2017-11-02T08:18:53.000Z,0.0065,0xc2ef3492077355a26a7bd24386a15e1346c07ef0,sell,0x1f573d6fb3f13d689ff844b4ce37794d79a7ff1c,0xdc96a3bb0efe3dbfcc5cab5142651786d2cad562b1eaf66f5a6a5e8069b63461
9,64.79926711236726,0.4211952362303872,0x81dc6f15ee72f6e6d49cb6ca44c0bf8e63770027,2017-11-02T08:18:07.000Z,0.0065,0xa1619bda3f5160d19df5f9358f76a3e9bc893ed6,sell,0x1f573d6fb3f13d689ff844b4ce37794d79a7ff1c,0x94481dab6f4dd0c29f775cfbf2193a305aa12dd3ee0b6db4267661223fa0406f
10,0.07142857142857142,0.0005,0x3075f7f189912f4f425dd7021b9c396434197477,2017-11-02T07:54:35.000Z,0.007,0xeea65437361dac0f275f2b5356a29c4d201e8a69,buy,0x1f573d6fb3f13d689ff844b4ce37794d79a7ff1c,0x6d3bbe9ac2b8ba1f9b256e263d3111021bbc602d5d396ecbb839089554b6f18c
11,0.07142857142857142,0.0005,0x4fda9e6bcd83af6c5cc771b5d20accc2b7720074,2017-11-02T07:54:21.000Z,0.007,0xeea65437361dac0f275f2b5356a29c4d201e8a69,buy,0x1f573d6fb3f13d689ff844b4ce37794d79a7ff1c,0xd1710f44750f3c77b21b40261e470635807c6cdbc4c1e844fcd29f6c97d7a8d8
12,69.78367062107466,0.43614794138946966,0x99cd894c1ec9544fc97d02cc10b05d04c46a586a,2017-11-01T13:32:32.000Z,0.0062500000001111,0xa8ebce443fddd76cc1ab018d96b4f5e3b629f1e6,sell,0x1f573d6fb3f13d689ff844b4ce37794d79a7ff1c,0x5586e4acef0e459ba77a5af806a8f81e448758c24ed76c546a9b2ccfab43d48f
13,0.9470641012860134,0.005919150633142802,0x99cd894c1ec9544fc97d02cc10b05d04c46a586a,2017-11-01T04:18:08.000Z,0.0062500000001111,0x573ec53b8fcb60e6f20eec96c8045933dd169a4c,sell,0x1f573d6fb3f13d689ff844b4ce37794d79a7ff1c,0x0abdf4457c7150ca06fe93ac7a260cb046e0ec43c501d1493391140649356832
14,0.1,0.000898999,0x0b773d7819259d78757b26dc4148812d35676d8f,2017-10-31T14:39:35.000Z,0.00898999,0x7b6b2f3c88ce2ecedc01c545f13faf36034d772f,buy,0x1f573d6fb3f13d689ff844b4ce37794d79a7ff1c,0xb8e569c01713f020c605438c3adf0ce1daeb9375b70155650ca865307b34d416
15,0.001,0.000006187,0x3a0cc8afecbb6fe9567cd7e6dac685287f7a217d,2017-10-31T09:50:50.000Z,0.006187,0x009a12d4290630bc01fd82516ac57c1dc6a9bcfb,sell,0x1f573d6fb3f13d689ff844b4ce37794d79a7ff1c,0x65245e02f65cfd58f226f22f051f0e229a69677b0cd77d43b25f9c97cab67b1a
16,174.36895777610394,1.0785593626930485,0x7b6b2f3c88ce2ecedc01c545f13faf36034d772f,2017-10-31T08:55:13.000Z,0.006185501,0x757570d373ae7a3d0fa93be1407162e49605a642,sell,0x1f573d6fb3f13d689ff844b4ce37794d79a7ff1c,0x408b8065125189d6d3f315eb8c654f36d5040a3c5d23b5b815a0b82761e509eb
17,0.28893400455685875,0.001787634686193285,0x3a0cc8afecbb6fe9567cd7e6dac685287f7a217d,2017-10-31T07:46:59.000Z,0.006187,0x612e9cd74668cf5eb3629238f025d3107ed01662,sell,0x1f573d6fb3f13d689ff844b4ce37794d79a7ff1c,0x4faf5abb2aa6189a5145dbbc10b87e0a91595f415895f6b354823c8814f97266
18,3.9876383212042668,0.02466364669524474,0x7b6b2f3c88ce2ecedc01c545f13faf36034d772f,2017-10-31T01:26:20.000Z,0.006185026,0x9c5faed48240954efe9b5f666d1b6df1de3fa2ae,sell,0x1f573d6fb3f13d689ff844b4ce37794d79a7ff1c,0x0117184dadf12e3b5eb50126476806d953f184b626c02843543cbb4da777c8fc
19,0.01,0.00009136227,0x0c4085d8e714ca77ac5f46cd2b80a92d238a7cd3,2017-10-31T01:22:09.000Z,0.009136227,0x003e51b0b457aa82deb2f9e55ab7d9c425d8a4e4,buy,0x1f573d6fb3f13d689ff844b4ce37794d79a7ff1c,0x1cde328eedf50ec50bd222a290a94226d32573707e65e4db694e0bd716b9b657
20,42,0.25977,0x3efd9b0bd8e4595bc494539aca584821950106ee,2017-10-30T08:55:49.000Z,0.006185,0xf04f3932e6ebe21d1b00b60eed5b31bbaa10fedc,buy,0x1f573d6fb3f13d689ff844b4ce37794d79a7ff1c,0xb3c378f8df52e877554478a27a28595a6a914a4dcb3207e7f63c82c33a0ddcae
21,7,0.043295,0x3efd9b0bd8e4595bc494539aca584821950106ee,2017-10-30T08:49:35.000Z,0.006185,0xf04f3932e6ebe21d1b00b60eed5b31bbaa10fedc,buy,0x1f573d6fb3f13d689ff844b4ce37794d79a7ff1c,0x8d40d44ad050e06494dd97896d87c153b6a743fd465bd4da6eea524dc1ce5c6d
22,33,0.204105,0x3efd9b0bd8e4595bc494539aca584821950106ee,2017-10-30T08:42:46.000Z,0.006185,0xf04f3932e6ebe21d1b00b60eed5b31bbaa10fedc,buy,0x1f573d6fb3f13d689ff844b4ce37794d79a7ff1c,0xa108743d190d5f2e4e27746f956ec9e4178ad66d9f8e8883a118d1ae132680af
23,0.0572993662689,0.000353537147178479,0x7b6b2f3c88ce2ecedc01c545f13faf36034d772f,2017-10-30T02:04:20.000Z,0.006170000999999995,0x16e5d97bbc92417e051e3b2cabfbf8ceea2acb9c,sell,0x1f573d6fb3f13d689ff844b4ce37794d79a7ff1c,0xf898fbc8c41fe3d1a6d76463b486f123ebd8bfec7fdb01c57944b1e4082e373c
24,0.0579656379697,0.000357648044238686,0x7b6b2f3c88ce2ecedc01c545f13faf36034d772f,2017-10-30T02:01:45.000Z,0.006170000999999983,0x379374d13077e8867ef31803c37baf9785a17c00,sell,0x1f573d6fb3f13d689ff844b4ce37794d79a7ff1c,0xee820002d279a3080a59b3c86878a6c211992d0a5ab81fddd2eb40294b00cbdc
25,50,0.45,0x0a5d0c6910d52715abaec240d167add3c2dce207,2017-10-29T22:49:12.000Z,0.009,0xc2f897135ac2eb4f165aa784561f7174dce55a59,buy,0x1f573d6fb3f13d689ff844b4ce37794d79a7ff1c,0x62a12b176e0bd0641eaadf8698ecda3473e0573f82c90db07ad516bec9c7de1a
26,10,0.09,0x0a5d0c6910d52715abaec240d167add3c2dce207,2017-10-29T22:49:01.000Z,0.009,0xbba1f993e59c2b0014d7f83f73b57a622bdd9dfc,buy,0x1f573d6fb3f13d689ff844b4ce37794d79a7ff1c,0x8234abb371e639d0958ed0809e1424b3fbd288abd6a362b33fbc9735928f1063
27,259.19649087827736,1.5966506430066794,0x7b6b2f3c88ce2ecedc01c545f13faf36034d772f,2017-10-29T21:23:42.000Z,0.006160001,0x45a82eba5911aed7de5f99f97902e948c32a5fee,sell,0x1f573d6fb3f13d689ff844b4ce37794d79a7ff1c,0x1f5b15cf22984eb203ddf1161823871e42aa0b96bddef14f7b3ddcae1a220216
28,264.46873123317715,1.6264829615527707,0x7b6b2f3c88ce2ecedc01c545f13faf36034d772f,2017-10-29T02:08:05.000Z,0.0061500009999999996,0x241f3fe431dc9d4169365d6a72a9c34257bbd3f1,sell,0x1f573d6fb3f13d689ff844b4ce37794d79a7ff1c,0x598fb26bebd47f6cc99b6624c2343e3565052b07831786fb42b669b4ba9bdef9
29,50,0.555,0x0a5d0c6910d52715abaec240d167add3c2dce207,2017-10-28T21:44:39.000Z,0.0111,0x875e643c0a086d14b2ffbc1b3caeda459909da56,buy,0x1f573d6fb3f13d689ff844b4ce37794d79a7ff1c,0x8cc685b6a9e0c8c4e7ccc29c3e3f4ad9bcdfa3089d5d225769afdc467aa3e603
30,50,0.4995,0x0a5d0c6910d52715abaec240d167add3c2dce207,2017-10-28T21:44:39.000Z,0.00999,0x875e643c0a086d14b2ffbc1b3caeda459909da56,buy,0x1f573d6fb3f13d689ff844b4ce37794d79a7ff1c,0x48ccefedf6332d34faa3bd4b199a93e749fae8012f1cf58a6c5ea4fe54790e75
31,9.678,0.087102,0x0a5d0c6910d52715abaec240d167add3c2dce207,2017-10-28T21:44:04.000Z,0.009,0x3c7bc94eb9add5b66e5fd843be72f4a6baff7130,buy,0x1f573d6fb3f13d689ff844b4ce37794d79a7ff1c,0x4390424e976bf2dd99b27eaecca99c454c1e87fd8e71121ed0677ad2e90d5b5f
32,0.05555555555555555,0.0005,0x34f9560c63078eb61872a4dc2ccd20e21c34feaf,2017-10-28T20:11:40.000Z,0.009,0x3c7bc94eb9add5b66e5fd843be72f4a6baff7130,buy,0x1f573d6fb3f13d689ff844b4ce37794d79a7ff1c,0x018157cc9b49f032342357aa0ba59d1c4aa8308e3258927ee841289747afa726
33,0.05555555555555555,0.0005,0xe444a40689f51f63bcd29910622035707d533d29,2017-10-28T20:10:31.000Z,0.009,0x3c7bc94eb9add5b66e5fd843be72f4a6baff7130,buy,0x1f573d6fb3f13d689ff844b4ce37794d79a7ff1c,0x93147fcdb87d90ebed43325645ef3552614e94b46ea99d4bfd9008f0b1d4a50d
34,52.99377254804501,0.3259117011704768,0xed05637cafbf838059080a3ad9bb059140995554,2017-10-28T19:06:37.000Z,0.00615,0xde59610af2a21676d3eada6a8e53c51f706903ea,sell,0x1f573d6fb3f13d689ff844b4ce37794d79a7ff1c,0x8cc76589fcd290a118280096fc6dabff488353cc2e1dce01d8919db53d1d6d34
35,46.701841233355985,0.2895514156468071,0x3efd9b0bd8e4595bc494539aca584821950106ee,2017-10-28T19:04:24.000Z,0.0062,0xde59610af2a21676d3eada6a8e53c51f706903ea,sell,0x1f573d6fb3f13d689ff844b4ce37794d79a7ff1c,0xd6afefc58fef8b38bc3058cd39cc917fbd2966e643f03e0f1c09319b5f682674
36,40.162660275700674,0.40162660275700673,0xa8ebce443fddd76cc1ab018d96b4f5e3b629f1e6,2017-10-28T14:22:42.000Z,0.01,0xd445f61ebca3d6b4c57eef1f39fdab6595ef8972,sell,0x1f573d6fb3f13d689ff844b4ce37794d79a7ff1c,0x5ec91d57829937d4bf86184ac219f5c05cb21a8549549e40b284d7234477d61a
37,40.28351080812505,0.36255159727312547,0xd445f61ebca3d6b4c57eef1f39fdab6595ef8972,2017-10-28T14:22:42.000Z,0.009,0x3c7bc94eb9add5b66e5fd843be72f4a6baff7130,buy,0x1f573d6fb3f13d689ff844b4ce37794d79a7ff1c,0x5ec91d57829937d4bf86184ac219f5c05cb21a8549549e40b284d7234477d61a
38,29.837339724299326,0.2983733972429933,0xa8ebce443fddd76cc1ab018d96b4f5e3b629f1e6,2017-10-28T14:22:18.000Z,0.01,0x5ae933bfbbaa04c3e05ae56295138174ada9799c,sell,0x1f573d6fb3f13d689ff844b4ce37794d79a7ff1c,0x66b2d8162b3730a94b3058b7d2d298a1b2b660274a6ae20ab73a73dc27ad3bac
39,29.927121087562007,0.26934408978805807,0x5ae933bfbbaa04c3e05ae56295138174ada9799c,2017-10-28T14:22:18.000Z,0.009,0x3c7bc94eb9add5b66e5fd843be72f4a6baff7130,buy,0x1f573d6fb3f13d689ff844b4ce37794d79a7ff1c,0x66b2d8162b3730a94b3058b7d2d298a1b2b660274a6ae20ab73a73dc27ad3bac
40,586.9363314026518,3.6096584381263086,0xed05637cafbf838059080a3ad9bb059140995554,2017-10-28T05:49:34.000Z,0.00615,0xe89a2a7a15cbaae3c58a03d79485373e216226d6,sell,0x1f573d6fb3f13d689ff844b4ce37794d79a7ff1c,0xe9db19a3af6458d7b56a916e4b55a9bb4b9d731f18de007c45b523067ff32dd0
41,12.162076672549423,0.07479677153617896,0xed05637cafbf838059080a3ad9bb059140995554,2017-10-27T03:28:53.000Z,0.00615,0x009a12d4290630bc01fd82516ac57c1dc6a9bcfb,sell,0x1f573d6fb3f13d689ff844b4ce37794d79a7ff1c,0x9420759565f6898726f6c2b5f8841e503de4194811a3e88d285f85ca0c1579f7
42,12.42,0.077004,0xf18521dc5c211dc0ed6c85b034d4f46d456950bb,2017-10-26T09:06:29.000Z,0.0062,0x6fcf7af8feb49f47da5b17847f61fa2d5e660dc0,buy,0x1f573d6fb3f13d689ff844b4ce37794d79a7ff1c,0xce8fd09fc7234948699c11097f660ed83577c6dcb9e0eae43da4b360a709fc2e
43,723.5648022240304,4.486101773788988,0xced732ca92cb4f040239c4e8c85f14acbb5db000,2017-10-26T09:02:03.000Z,0.0062,0x6fcf7af8feb49f47da5b17847f61fa2d5e660dc0,buy,0x1f573d6fb3f13d689ff844b4ce37794d79a7ff1c,0x33ba04ed9d7ac796717b8d0b83081cfe3418265bb54e64d612622f91bc0bb5b7
44,400,2.48,0xf18521dc5c211dc0ed6c85b034d4f46d456950bb,2017-10-26T08:59:45.000Z,0.0062,0x6fcf7af8feb49f47da5b17847f61fa2d5e660dc0,buy,0x1f573d6fb3f13d689ff844b4ce37794d79a7ff1c,0xb368e9b1b5c316c5c3935556ffab6825be95ea41aaf822867c75c286f08aeeb3
45,14.01498021653609,0.08689287734252377,0xced732ca92cb4f040239c4e8c85f14acbb5db000,2017-10-26T08:51:31.000Z,0.0062,0x6fcf7af8feb49f47da5b17847f61fa2d5e660dc0,buy,0x1f573d6fb3f13d689ff844b4ce37794d79a7ff1c,0xddce6127b28de26973fc2bab578190f310316d6d5d44b0b5380236ab6e5ba97e
46,0.2981486133888147,0.001836632727051772,0x619741507837ec9c297cb9e7b9d07e433c247d09,2017-10-26T03:22:21.000Z,0.006160125,0x567aea70bbbeb4486ce5d40ea5e321af36dc4b62,sell,0x1f573d6fb3f13d689ff844b4ce37794d79a7ff1c,0x71be9cfd521748f52edc706be3d5cb58d784316635b3e16e5f3105ada800d6e7
47,2990.7287409032,18.423262885056324,0x619741507837ec9c297cb9e7b9d07e433c247d09,2017-10-26T03:21:30.000Z,0.006160125,0x567aea70bbbeb4486ce5d40ea5e321af36dc4b62,sell,0x1f573d6fb3f13d689ff844b4ce37794d79a7ff1c,0xa2dda7a7ed4f4343e8b439f8f0050fda4d0351cdd93484f3f1e571c8b996750e
48,12.198647193699532,0.07624276482534144,0x009a12d4290630bc01fd82516ac57c1dc6a9bcfb,2017-10-25T20:21:11.000Z,0.0062501,0xe5c5f7b4e7d4a86da73bb6a3e7fde89a9e8f1041,sell,0x1f573d6fb3f13d689ff844b4ce37794d79a7ff1c,0x032939613ca413555dc09a551e82becf7d9312a84e46e1209c045cd158ec4415
49,0.179,0.001192140179,0x0b2de009825eac9a347868b44349aa32e91ef81f,2017-10-25T20:16:37.000Z,0.006660001,0xe5c5f7b4e7d4a86da73bb6a3e7fde89a9e8f1041,sell,0x1f573d6fb3f13d689ff844b4ce37794d79a7ff1c,0x5c3107ecd6bbce69ee2b22333f8257c039d1e2675e0bbda31c9a11202fbb690d
50,0.8,0.0056,0xe1fa699860444be91d366c21de8fef56e3dec77a,2017-10-25T02:15:32.000Z,0.007,0xe89a2a7a15cbaae3c58a03d79485373e216226d6,buy,0x1f573d6fb3f13d689ff844b4ce37794d79a7ff1c,0xec8de043f5ead8fcdf1b90d1e14a5072e6d37ce26df0875e38ccd7f9cb07df7c
51,11.319165347954764,0.06906450992464012,0x3c3aef0043c8629556d0b20425aca08a1509d1dc,2017-10-24T08:37:42.000Z,0.006101555,0x009a12d4290630bc01fd82516ac57c1dc6a9bcfb,sell,0x1f573d6fb3f13d689ff844b4ce37794d79a7ff1c,0xfc124241d0828546a5269bcf09d806b414c62a7debf3aaff436e55d81db9928f
52,255.19880388970893,1.7019208231404688,0xe41ba7cfb98a58305596d551a87d37960f5f532a,2017-10-24T08:11:55.000Z,0.006669,0x7a1bf700f985bf06afa62807c38b75230d65752a,buy,0x1f573d6fb3f13d689ff844b4ce37794d79a7ff1c,0x237bf429d4acbcab64e80ffe7cd9f572d35fc4ceabe8c13f826047f4a94c4c56
53,0.021,0.000139860021,0x0b2de009825eac9a347868b44349aa32e91ef81f,2017-10-24T07:40:28.000Z,0.006660001,0xb2460f5d27c6d02f163b9c480fc0632645d21e8c,sell,0x1f573d6fb3f13d689ff844b4ce37794d79a7ff1c,0x5b55379f4e8fa004b77488931c7fb66afa1d70afeeb2ea581804be12f502d7a7
54,11.354254760533424,0.06927230829401441,0x009a12d4290630bc01fd82516ac57c1dc6a9bcfb,2017-10-24T07:37:41.000Z,0.006101,0x9241691d9d7f9034ae8eb52749ebe7d828737155,sell,0x1f573d6fb3f13d689ff844b4ce37794d79a7ff1c,0x313642bab0eda96629dab82055387e9fda990dab3ffb865a7a709aa1c9f99adf
55,2.111,0.01405926,0x6cbe0b1a01a260bf8dd9deaaab2b508c545a4af1,2017-10-24T07:35:48.000Z,0.00666,0x9241691d9d7f9034ae8eb52749ebe7d828737155,sell,0x1f573d6fb3f13d689ff844b4ce37794d79a7ff1c,0xeac56395d50c4e834d5bd93a1ab705c304b59d8757c66fa2e3a7d2019fd76fd3
56,13.506785950291077,0.0900767555024912,0x9241691d9d7f9034ae8eb52749ebe7d828737155,2017-10-24T07:30:44.000Z,0.006669,0x7a1bf700f985bf06afa62807c38b75230d65752a,buy,0x1f573d6fb3f13d689ff844b4ce37794d79a7ff1c,0xc8ee3bd2b7978bca3ab2a6634c5602b061ec1ec16bcd7506e05f51b790f838c6
57,214.36048250423687,1.3076203793240952,0x3dee4a4e076e8d82859d241db0baf46f112cfa23,2017-10-24T07:20:05.000Z,0.0061001,0xb2460f5d27c6d02f163b9c480fc0632645d21e8c,sell,0x1f573d6fb3f13d689ff844b4ce37794d79a7ff1c,0xddb8d5fabe2fa36abe796c0f922b786461188b71220df34b2ecd39cf5d225523
58,30,0.21,0x1fd29d9b7a3217e242c0eb9cbe8d82798e7d9a01,2017-10-23T19:20:32.000Z,0.007,0xe89a2a7a15cbaae3c58a03d79485373e216226d6,buy,0x1f573d6fb3f13d689ff844b4ce37794d79a7ff1c,0x34ff2088bc585c4f2a9f1d1edded51c5716a209539fe49af80a9ffa39424bf6d
59,3.701525271657861,0.02465215830924135,0x6cbe0b1a01a260bf8dd9deaaab2b508c545a4af1,2017-10-22T19:35:58.000Z,0.00666,0xa300e3aa8e5c53a93e598ba6e685a84a9cd1059c,sell,0x1f573d6fb3f13d689ff844b4ce37794d79a7ff1c,0xd00c96b96c0c71fbeabf70b2d188586938ffb3d649598f70eff0feee61e53ee3
60,0.2,0.0015,0xe1fa699860444be91d366c21de8fef56e3dec77a,2017-10-22T18:30:54.000Z,0.0075,0xea1639abd5f694178189a4b323ba0279fe853912,buy,0x1f573d6fb3f13d689ff844b4ce37794d79a7ff1c,0x502bc1f2f53b0f8348320ce54f77419d5aa330e726edd2a004aa31dc0288444d
61,7,0.0525,0x1fd29d9b7a3217e242c0eb9cbe8d82798e7d9a01,2017-10-22T17:32:46.000Z,0.0075,0xea1639abd5f694178189a4b323ba0279fe853912,buy,0x1f573d6fb3f13d689ff844b4ce37794d79a7ff1c,0x2e1efb4c6e5b4c8bf5e31543ef8d2937f143d7ca86c471818ebd70e5b99aeab3
62,240.0265536,1.57217392608,0xa634d8b6fbe9a175a5be1b0e5d6798e47d45998a,2017-10-22T11:11:30.000Z,0.00655,0x273a5d3e6721b9f5c1a6474f560c1334c63dda01,sell,0x1f573d6fb3f13d689ff844b4ce37794d79a7ff1c,0x83f33f5d9f4aac250395397d41e3082a4d77b8f8ebb2d3838369561c9acc1d5b
63,240.7488,0.2407485592512,0x273a5d3e6721b9f5c1a6474f560c1334c63dda01,2017-10-22T11:11:30.000Z,0.000999999,0x953d1111662196af36e9d387c0f909e14111fa76,buy,0x1f573d6fb3f13d689ff844b4ce37794d79a7ff1c,0x83f33f5d9f4aac250395397d41e3082a4d77b8f8ebb2d3838369561c9acc1d5b
64,0.5,0.00435,0xedf5de3807d23e5d85b0caa1e10d52b85c2a6965,2017-10-21T15:01:31.000Z,0.0087,0x3c7bc94eb9add5b66e5fd843be72f4a6baff7130,buy,0x1f573d6fb3f13d689ff844b4ce37794d79a7ff1c,0x91a8e3e1b2a69ce325a4710efa0c03b31acb4211eb1bf794f11e054d53d974cf
65,8,0.0632,0x2346ec020397e426a781d0ad2b55e6b71432808f,2017-10-20T23:08:10.000Z,0.0079,0xea1639abd5f694178189a4b323ba0279fe853912,buy,0x1f573d6fb3f13d689ff844b4ce37794d79a7ff1c,0x1fca5a92b3202e2f0aaf821fb301106639205b3e3f6e6e28597d958aa410d663
66,48,0.3792,0x1da251119e3a70bcb4aed858bd2acccff2155077,2017-10-20T20:37:56.000Z,0.0079,0xad440e6b26dd3a044a97294bf87c017d7fb81c67,sell,0x1f573d6fb3f13d689ff844b4ce37794d79a7ff1c,0x5915e6e997f132ce83fba06401bf7bc62555304ca8ae9b26262076e29090b8f0
67,0.1,0.00079,0x6cdea8e07bf82d7a07dbf36642d6e5be8623845c,2017-10-20T00:24:25.000Z,0.0079,0xea1639abd5f694178189a4b323ba0279fe853912,buy,0x1f573d6fb3f13d689ff844b4ce37794d79a7ff1c,0x26c7eef1b4c8e6351406845ad763f60733547f66720dda30d184613ae1aeeac7
68,0.004,0.00002664,0x6cbe0b1a01a260bf8dd9deaaab2b508c545a4af1,2017-10-19T17:27:02.000Z,0.00666,0x581c5d69b62c29b2cef2815a7c8e7d4f40ae9025,sell,0x1f573d6fb3f13d689ff844b4ce37794d79a7ff1c,0x5efd284fc969045cd4a6dd5bc396d1d681ee41200d8ce7e1d9fefe418895ca7b
69,44.26976373242947,0.29483662645798026,0x6cbe0b1a01a260bf8dd9deaaab2b508c545a4af1,2017-10-19T17:25:34.000Z,0.00666,0x581c5d69b62c29b2cef2815a7c8e7d4f40ae9025,sell,0x1f573d6fb3f13d689ff844b4ce37794d79a7ff1c,0x6b07da52bd7fa5d515d89c683dcfc426fca85a09a1ba67748d936c3e5537ae22
70,44.407,0.3463746,0x581c5d69b62c29b2cef2815a7c8e7d4f40ae9025,2017-10-19T17:00:51.000Z,0.0078,0xea1639abd5f694178189a4b323ba0279fe853912,buy,0x1f573d6fb3f13d689ff844b4ce37794d79a7ff1c,0x8c76a83e45da612df56f42bcf9475df42f8ba9377818ead7c1c6aaf2d2d76ba5
71,10,0.087,0x718dd57ff32507b8237a429c441403d007d0ff8b,2017-10-19T10:03:01.000Z,0.0087,0x3c7bc94eb9add5b66e5fd843be72f4a6baff7130,buy,0x1f573d6fb3f13d689ff844b4ce37794d79a7ff1c,0x9c6ad73b043eeb045ad88e76f820830e4abc01cc544eb9e414655f548014a9ca
72,4.82817024793433,0.04162191756615261,0xfc495c0f3ef141cbb3355d86bd662be19ab3cf9a,2017-10-19T09:51:29.000Z,0.008620640000000002,0xd38fe3d098facce08214175c6d004aefd368e41c,buy,0x1f573d6fb3f13d689ff844b4ce37794d79a7ff1c,0xbf6068a216ff21f69b846ecec6c085239fcd5d9c94b9622adaae597f0c62db05
73,11.39,0.095676,0xfc495c0f3ef141cbb3355d86bd662be19ab3cf9a,2017-10-19T09:46:50.000Z,0.0084,0x7fccf060abf989d5675fa0a3dd7f5ee2a5945837,buy,0x1f573d6fb3f13d689ff844b4ce37794d79a7ff1c,0x06c5b98ecb1bc33d4774bbf658cdbb9acb167a460eb11722d7447514fc77568f
74,9,0.07452,0xfc495c0f3ef141cbb3355d86bd662be19ab3cf9a,2017-10-19T09:45:17.000Z,0.00828,0xf155eac36ea8e082bdcd673c58608d6f02e4225c,buy,0x1f573d6fb3f13d689ff844b4ce37794d79a7ff1c,0x30f615ab89896f06285e166cbc09257fbb68a6e554331ecf09955bb42b48bd91
75,1,0.0084,0x359a434bcd08ddc98f2f0ecbf5990cf922e953e6,2017-10-19T01:47:33.000Z,0.0084,0x7fccf060abf989d5675fa0a3dd7f5ee2a5945837,buy,0x1f573d6fb3f13d689ff844b4ce37794d79a7ff1c,0x02f708433a9bf422b094a27c86cf0151e2c01e7ce28bf6af26d044264f722485
76,1.0000000000000002,0.0088,0x3ac636ac5c3a2576156ac5f10066ca68abe0ad54,2017-10-18T16:17:58.000Z,0.0088,0x3c7bc94eb9add5b66e5fd843be72f4a6baff7130,buy,0x1f573d6fb3f13d689ff844b4ce37794d79a7ff1c,0xf07e3f9a8643b7da8665adcbe5babd4be5dc48cebe8121304615b4a73c8038f3
77,0.05813953488372093,0.0005,0x379374d13077e8867ef31803c37baf9785a17c00,2017-10-18T15:05:45.000Z,0.0086,0x1bf546e7e42ebc76c270f84dc9f5f3e2e8e7276d,buy,0x1f573d6fb3f13d689ff844b4ce37794d79a7ff1c,0x5fa7de21cd6a6ba136f641dcf9ffc9c8d16163117e8da60e50e508c660aba466
78,0.05813953488372093,0.0005,0xf9695cd65d6dfdf257fab76a3eb0cb8f001971cc,2017-10-18T15:02:56.000Z,0.0086,0x1bf546e7e42ebc76c270f84dc9f5f3e2e8e7276d,buy,0x1f573d6fb3f13d689ff844b4ce37794d79a7ff1c,0x0d367c7d2aba4979584257f9c15372e165fd88857305274553a9e78ff89a4dee
79,9.969095803010667,0.06639417804805105,0x6cbe0b1a01a260bf8dd9deaaab2b508c545a4af1,2017-10-18T13:23:32.000Z,0.00666,0xcc97600bff3c20293b8c403d10dace2d65415f5d,sell,0x1f573d6fb3f13d689ff844b4ce37794d79a7ff1c,0x478d7416eed23898f12a618ca60173f4545a8597635539ae108302386a49fccf
80,0.05747126436781609,0.0005,0x16e5d97bbc92417e051e3b2cabfbf8ceea2acb9c,2017-10-17T17:16:42.000Z,0.0087,0x3c7bc94eb9add5b66e5fd843be72f4a6baff7130,buy,0x1f573d6fb3f13d689ff844b4ce37794d79a7ff1c,0x7d1396e0d3d66200b0f4b886f88edf307919c21d929452a3cca755d01b6beae6
81,0.05747126436781609,0.0005,0xcd912af5286dc0b0a23edb30209734ecb60838b3,2017-10-17T04:56:48.000Z,0.0087,0x3c7bc94eb9add5b66e5fd843be72f4a6baff7130,buy,0x1f573d6fb3f13d689ff844b4ce37794d79a7ff1c,0xa65f37aa358b1d2d19e797087b54cce0606be1348ebc6a5eff7d194d9d2e8c41
82,15.909,0.1399992,0x632722425e354936dd14bf0c0ed1128011b75490,2017-10-17T04:10:17.000Z,0.0088,0x3c7bc94eb9add5b66e5fd843be72f4a6baff7130,buy,0x1f573d6fb3f13d689ff844b4ce37794d79a7ff1c,0x19cb5ecb208fb6a6cc1fd7455b3b85227e7cba6f1d29c5c46b213d1c029c40a8
83,0.000017662284447471,0.000000153661874693,0xf76ce58d7d352a9df898057a0a8a548b5348e6f8,2017-10-16T22:05:51.000Z,0.00870000000000013,0x3c7bc94eb9add5b66e5fd843be72f4a6baff7130,buy,0x1f573d6fb3f13d689ff844b4ce37794d79a7ff1c,0x8b684ac2b0a94a11351ee82d50542cfce1eeb521a3e09b1366a48395b8c993fe
84,4.975,0.0373125,0x8abf98207ad56cb4ec656502ce429fb0deabe671,2017-10-16T19:11:18.000Z,0.0075,0xd38fe3d098facce08214175c6d004aefd368e41c,sell,0x1f573d6fb3f13d689ff844b4ce37794d79a7ff1c,0x2c01aad51485bd6e044972da54ec438706e104d0a6cfaccedbaf48f5d0b8485d
85,5.574,0.04999733076,0x8abf98207ad56cb4ec656502ce429fb0deabe671,2017-10-16T06:56:42.000Z,0.00896974,0xa1619bda3f5160d19df5f9358f76a3e9bc893ed6,buy,0x1f573d6fb3f13d689ff844b4ce37794d79a7ff1c,0xf64d3b826a9ed51c34a14296d79cc470d7b9e3553194094b69f9f506a877c87c
86,2.23,0.0200025202,0x8abf98207ad56cb4ec656502ce429fb0deabe671,2017-10-16T06:56:42.000Z,0.00896974,0xa1619bda3f5160d19df5f9358f76a3e9bc893ed6,buy,0x1f573d6fb3f13d689ff844b4ce37794d79a7ff1c,0xe056a0cdf4ec33406fb2da18d07f00e8c2e5042385ba5db7d51329116aeecfc9
87,5.574,0.04999733076,0x8abf98207ad56cb4ec656502ce429fb0deabe671,2017-10-16T06:54:12.000Z,0.00896974,0xa1619bda3f5160d19df5f9358f76a3e9bc893ed6,buy,0x1f573d6fb3f13d689ff844b4ce37794d79a7ff1c,0x3e5fd8316a1b8ead493dc0390f3c8483a788196eeeff24254acfe2fdb3c0ea24
88,0.17184246868184316,0.001541382265034276,0xf76ce58d7d352a9df898057a0a8a548b5348e6f8,2017-10-16T00:32:05.000Z,0.00896974,0xa1619bda3f5160d19df5f9358f76a3e9bc893ed6,buy,0x1f573d6fb3f13d689ff844b4ce37794d79a7ff1c,0x61990dd936d035211a6a013b6c4392bb779413d131433b86a92d2fe8ee74f84b
89,0.3160126909025569,0.002834551674096301,0x1352fd7ae127f80f4142b2230dd4c3bb3a5b406c,2017-10-15T17:41:28.000Z,0.00896974,0xa1619bda3f5160d19df5f9358f76a3e9bc893ed6,buy,0x1f573d6fb3f13d689ff844b4ce37794d79a7ff1c,0x9021851fe61b8f8d3562dc88db5ebe60f5554b52da5cb07d612e827f37244ac2
90,12.595912610906192,0.0882973474024524,0xd98a3954353055ab642c9159c7f3b25dac2dc29b,2017-10-14T20:29:00.000Z,0.00701,0x29e5af8006b2ab68166210807f9acbc1c0f4a4bd,sell,0x1f573d6fb3f13d689ff844b4ce37794d79a7ff1c,0x216504ebb3098aefc6473f773f28a082a9a7a48343997d894416e2d5e43de0fa
91,3.8489068587379123,0.026980837079752767,0xd98a3954353055ab642c9159c7f3b25dac2dc29b,2017-10-14T16:36:37.000Z,0.00701,0x57b070709b9baffa065ec5a284ebf26b98398dcc,sell,0x1f573d6fb3f13d689ff844b4ce37794d79a7ff1c,0xdd0be6b7a262c6c9c399ead0aa91c67de3be2b88d7ebbdefea1f5772541d164d
92,10.034,0.09000287286000001,0x58057c958997be3cae93a3f174ec751e37a6357b,2017-10-14T03:43:46.000Z,0.008969790000000002,0xd38fe3d098facce08214175c6d004aefd368e41c,buy,0x1f573d6fb3f13d689ff844b4ce37794d79a7ff1c,0x120768e85cd531218ff8911ddad413f18024b83f7d481d3fe0e01354eca74e03
93,200,2.4,0x64a33b753567b68753f0127b755e00d97d3aaf17,2017-10-12T13:15:53.000Z,0.012,0xc30ff49429b3077fc2b9a910b072f2300dc41b9a,buy,0x1f573d6fb3f13d689ff844b4ce37794d79a7ff1c,0xc60e2c28bab09a0732b8ef03049e20d6f3a7286b5a40fc0c7751a179a5b4df5a
94,10,0.0999999,0x58057c958997be3cae93a3f174ec751e37a6357b,2017-10-12T13:05:19.000Z,0.00999999,0x953d1111662196af36e9d387c0f909e14111fa76,buy,0x1f573d6fb3f13d689ff844b4ce37794d79a7ff1c,0xbedf2fd5cb0b3b525ad00414f1b876f39862a643494eaa01b72e3e33e07f282a
95,237.983,1.975020917,0x64a33b753567b68753f0127b755e00d97d3aaf17,2017-10-12T12:48:01.000Z,0.008299,0xed05637cafbf838059080a3ad9bb059140995554,buy,0x1f573d6fb3f13d689ff844b4ce37794d79a7ff1c,0xa38fd62e9a7bde01cffb98e01c8fe2204e2aca697f1dd79c95f335cf6a3e53e9
96,148.04,1.22710356,0x64a33b753567b68753f0127b755e00d97d3aaf17,2017-10-12T12:47:56.000Z,0.008289,0x1f4ebbbd00459a2b22d4cb09cfd8464482014ecb,buy,0x1f573d6fb3f13d689ff844b4ce37794d79a7ff1c,0xbaeed24b78890ac6491c53b53e99e1161cd312f02b1a2ec9a1be0a4f519cf8f9
97,595.28,5.35752,0x64a33b753567b68753f0127b755e00d97d3aaf17,2017-10-12T12:47:39.000Z,0.009,0xe89a2a7a15cbaae3c58a03d79485373e216226d6,buy,0x1f573d6fb3f13d689ff844b4ce37794d79a7ff1c,0x65186a539ba130ff90cb3f554febff6857fa4a5a6bae8c9e3c19101638844ba0
98,4.420297079054929,0.030942083973681585,0xea1639abd5f694178189a4b323ba0279fe853912,2017-10-12T09:57:06.000Z,0.007000001,0xcb57b71b80a8bc545562c556d0e8c3de35ec165a,sell,0x1f573d6fb3f13d689ff844b4ce37794d79a7ff1c,0xab5246e542f4ba23168df46eed18b6243c9bcf9efe936fa32696e6c932c7fba4
99,25,0.17525,0xd98a3954353055ab642c9159c7f3b25dac2dc29b,2017-10-12T09:44:22.000Z,0.00701,0xcb57b71b80a8bc545562c556d0e8c3de35ec165a,sell,0x1f573d6fb3f13d689ff844b4ce37794d79a7ff1c,0x3c4a4bade1c6a65b751583a7ba2a6cf98cf57a4052a1b17b8414f200edc7a778
100,74.76821852258,0.5233775304057422,0xea1639abd5f694178189a4b323ba0279fe853912,2017-10-12T01:53:35.000Z,0.00700000001,0x9e92f848f811707bd7089406892b3f631a132ae9,sell,0x1f573d6fb3f13d689ff844b4ce37794d79a7ff1c,0xeb3ce74204832fe6bd3ba21109b8b42dc5a7e3c3dec6f7bc7e644da3441d0540
101,0.2499999999999918,0.002038469749999933,0xd20c14f3238b5ffe227f7cc68cc067b418f19479,2017-10-11T03:19:10.000Z,0.008153879,0x875e643c0a086d14b2ffbc1b3caeda459909da56,sell,0x1f573d6fb3f13d689ff844b4ce37794d79a7ff1c,0x3af57e0216703c414e9df72865e3a1e5609e29f9e2edda2c0f67faf9f628c6c2
102,49.75000000000001,0.4056554802500001,0xd20c14f3238b5ffe227f7cc68cc067b418f19479,2017-10-10T00:51:48.000Z,0.008153879,0xd38fe3d098facce08214175c6d004aefd368e41c,sell,0x1f573d6fb3f13d689ff844b4ce37794d79a7ff1c,0xf67eaa3871793f94370e02a16d962231a51181af9936ab06fe232376b247a64b
103,129.69756600221203,1.0763601002523575,0x0a5d0c6910d52715abaec240d167add3c2dce207,2017-10-09T21:45:10.000Z,0.008299,0xed05637cafbf838059080a3ad9bb059140995554,buy,0x1f573d6fb3f13d689ff844b4ce37794d79a7ff1c,0xbfdc83608f5234436e68ef072d3d58753d4a49fb9e69dbda631d14f69c9eada3
104,5,0.043875,0x0a5d0c6910d52715abaec240d167add3c2dce207,2017-10-09T21:25:28.000Z,0.008775,0x8ff8f5bb597a79e636e653c7702a19b63cd1fba4,buy,0x1f573d6fb3f13d689ff844b4ce37794d79a7ff1c,0xdfb79853c12140d4f7b78ee68ed88f6f90677b0f40b175568d3d5c3094df452a
105,20,0.165,0x0a5d0c6910d52715abaec240d167add3c2dce207,2017-10-09T21:22:18.000Z,0.00825,0x3ffaf6d7382bb0bec6aaf56225ae8d0acf85a6e8,buy,0x1f573d6fb3f13d689ff844b4ce37794d79a7ff1c,0x856407c5a2ac6a9a737e0d2c7abf169b5ca01ab9eba9f8d15307f6f0bc56e270
106,57.87702411724301,0.4719222457443789,0x0a5d0c6910d52715abaec240d167add3c2dce207,2017-10-09T21:19:26.000Z,0.0081538789,0xd38fe3d098facce08214175c6d004aefd368e41c,buy,0x1f573d6fb3f13d689ff844b4ce37794d79a7ff1c,0x60128badf40db1e0df24dc09829b4259eabb2703098d9c0e21d34cbee271070e
107,43.85876632439438,0.35722965171219223,0x0a5d0c6910d52715abaec240d167add3c2dce207,2017-10-09T21:18:39.000Z,0.008145,0xe499620ae183dafa02f7db18af73f7612b63aaab,buy,0x1f573d6fb3f13d689ff844b4ce37794d79a7ff1c,0x9793d6ccfb1194a56159dfedc75df7f4c38be9a37abb6d2756275f96c2bebae1
108,5,0.040625,0x0a5d0c6910d52715abaec240d167add3c2dce207,2017-10-09T21:18:39.000Z,0.008125,0x8ff8f5bb597a79e636e653c7702a19b63cd1fba4,buy,0x1f573d6fb3f13d689ff844b4ce37794d79a7ff1c,0x41d55a51e5c4cd5197e0abc55a390c6e5b6d1e5409d76215a783270e323b5bb1
109,61.511,0.49999701056679996,0x0a5d0c6910d52715abaec240d167add3c2dce207,2017-10-09T21:18:39.000Z,0.0081285788,0xd38fe3d098facce08214175c6d004aefd368e41c,buy,0x1f573d6fb3f13d689ff844b4ce37794d79a7ff1c,0x9f50099832fb8d7bb0e22720fc83bde1ccff263d414e2943c3b7937c3d593c69
110,10,0.0799,0x74157c2362f9db24a462c15df04a7a099684a8a4,2017-10-09T16:55:11.000Z,0.00799,0x6571fef91fbfdb7fcb9bbeacf8579f69b21ba60d,buy,0x1f573d6fb3f13d689ff844b4ce37794d79a7ff1c,0xe4e1b9e5b01450a673fca5b313c13fc7a3354ad1a1e57df62eb34a7adb26b5ac
111,15,0.11985,0x1038a139278c8d4bdf8107568213a8e343440497,2017-10-08T20:02:55.000Z,0.00799,0x6571fef91fbfdb7fcb9bbeacf8579f69b21ba60d,buy,0x1f573d6fb3f13d689ff844b4ce37794d79a7ff1c,0x689de3d71f95d6b9a2eb6b6883417a0ca0f03c79a9b5958fa7331355ad664290
112,10.129,0.07483771134,0x0387d6c7fd08b8e33dc861460532a179c7b9f7a3,2017-10-08T18:13:50.000Z,0.00738846,0x11aedac1d11ddf9d554ca92b97e7a84968ce8ac7,buy,0x1f573d6fb3f13d689ff844b4ce37794d79a7ff1c,0x8b3ed8f2e4554b0f14e4c992dd600ae986d8cc163e0b46362016623d5c5245a8
113,99.99,0.7347245202,0x0387d6c7fd08b8e33dc861460532a179c7b9f7a3,2017-10-08T18:09:17.000Z,0.00734798,0xa4ac44a66bd3f78cdf41ebdb5492a863560e292d,buy,0x1f573d6fb3f13d689ff844b4ce37794d79a7ff1c,0x693bb32774dabc47b4a7e2deb467588a49b25f4641b52172368c6ff93a7c163a
114,54.23188116837803,0.36335414614694445,0x3dee4a4e076e8d82859d241db0baf46f112cfa23,2017-10-08T16:36:49.000Z,0.00670001,0xbfb50b318ebd18975bd60b8d21488a8595debe74,sell,0x1f573d6fb3f13d689ff844b4ce37794d79a7ff1c,0x09cf5be15c8fdf853f69fe743dc8e850bdc76fb65b372b2633728c830fe0c6f9
115,20.473766324394376,0.14352110193400458,0xe499620ae183dafa02f7db18af73f7612b63aaab,2017-10-08T05:53:17.000Z,0.00701,0xeeb21025ff80433c82e906bc4dca8bb4635bed92,sell,0x1f573d6fb3f13d689ff844b4ce37794d79a7ff1c,0xd9859820f1716f188388fb551e7f33d7299a6cb361c144393abb651f96a2cb18
116,2.255,0.01666445,0x5d5065b42bdee0274e394ba9042c21e1818c69cf,2017-10-08T05:21:03.000Z,0.00739,0xeeb21025ff80433c82e906bc4dca8bb4635bed92,sell,0x1f573d6fb3f13d689ff844b4ce37794d79a7ff1c,0x7a70b977c12bbeddd20c74b89bee3edca81cc1e142debd6034b1ead13ed8bd75
117,17,0.12563,0x1f4ebbbd00459a2b22d4cb09cfd8464482014ecb,2017-10-08T05:16:32.000Z,0.00739,0xeeb21025ff80433c82e906bc4dca8bb4635bed92,sell,0x1f573d6fb3f13d689ff844b4ce37794d79a7ff1c,0xa8892f9885fa6add526fd314da04fa17d0dd07789524efeb495a11d3a3024c37
118,50,0.37,0xc2f897135ac2eb4f165aa784561f7174dce55a59,2017-10-08T05:07:52.000Z,0.0074,0xeeb21025ff80433c82e906bc4dca8bb4635bed92,sell,0x1f573d6fb3f13d689ff844b4ce37794d79a7ff1c,0x5d38377752f39d2c1f4ea41ccaec352c80f7676cb1e9a078ec778c3fd4de2bfe
119,1.1,0.0091289,0x58319288a01eff24620ee5237315f9e1e9dc0e36,2017-10-07T20:29:43.000Z,0.008299,0xed05637cafbf838059080a3ad9bb059140995554,buy,0x1f573d6fb3f13d689ff844b4ce37794d79a7ff1c,0xb1ddeaddf82e7451f080a498ad65f41d84cbdd474d199919f19ea9852e4e7fc2
120,15.347,0.125001315,0x1834fd03120c7cdff6484dd6f6d74dc1b956ffac,2017-10-07T20:24:52.000Z,0.008145,0xe499620ae183dafa02f7db18af73f7612b63aaab,buy,0x1f573d6fb3f13d689ff844b4ce37794d79a7ff1c,0xa4b486496c7d734daef374ac2e41d743e40d6e071f6f93c256fe2036cf06ec1b
121,45,0.3599415,0x5e2a9720afa01a787597ba2d5dab3e405f931f00,2017-10-07T17:54:53.000Z,0.0079987,0xe499620ae183dafa02f7db18af73f7612b63aaab,buy,0x1f573d6fb3f13d689ff844b4ce37794d79a7ff1c,0xa1696824c01a79b4eb265e0451e94ee04d35e517260919e182270d40ea100e06
122,86.9443332043027,0.579049259140656,0x6cbe0b1a01a260bf8dd9deaaab2b508c545a4af1,2017-10-07T14:36:16.000Z,0.00666,0x6079ca4a2d8a1b5d2a31b482ee9e5eb6ccfec368,sell,0x1f573d6fb3f13d689ff844b4ce37794d79a7ff1c,0x8f177a6d7df4454f0449cdd5e516510147fc5dd975e76879d095dd48dcfea205
123,200,1.332002,0x3dee4a4e076e8d82859d241db0baf46f112cfa23,2017-10-07T14:31:19.000Z,0.00666001,0x6079ca4a2d8a1b5d2a31b482ee9e5eb6ccfec368,sell,0x1f573d6fb3f13d689ff844b4ce37794d79a7ff1c,0x8d05f83ee66bec22b238b0f3662d4e46ad29592eb37419360e60e240b8819fa4
124,6.139,0.050002155,0x25cb0ecbc7f8b7844531df9d137dcb594080a311,2017-10-07T11:31:04.000Z,0.008145,0xe499620ae183dafa02f7db18af73f7612b63aaab,buy,0x1f573d6fb3f13d689ff844b4ce37794d79a7ff1c,0xa6c87b1a1e8b0072df364964de79190b75b479586aab55b7bac384941aecbece
125,10.129,0.082500705,0x11aedac1d11ddf9d554ca92b97e7a84968ce8ac7,2017-10-06T20:27:57.000Z,0.008145,0xe499620ae183dafa02f7db18af73f7612b63aaab,buy,0x1f573d6fb3f13d689ff844b4ce37794d79a7ff1c,0xd127f9956a81454ef6ddf77c5d2d2a650deb002a9a37e471ca5755ad906f03a4
126,4.338138977241454,0.032058847041814345,0x0b2da868a382679e86a23e2b94db7c2b3fae8ecc,2017-10-06T04:59:03.000Z,0.00739,0x3dee4a4e076e8d82859d241db0baf46f112cfa23,sell,0x1f573d6fb3f13d689ff844b4ce37794d79a7ff1c,0xe1e7d8a6c60bed922ea1a9f0129b7dd48c92e84bb65b848c254c8e41c9477d2d
127,4.351587208070903,0.028981614321624292,0x3dee4a4e076e8d82859d241db0baf46f112cfa23,2017-10-05T20:15:50.000Z,0.00666001,0xeff8e500df2624e9754e05bbc851904059579bad,sell,0x1f573d6fb3f13d689ff844b4ce37794d79a7ff1c,0xaac02ac6ce576d0e71d73c6e8cfd22c45336050e0fbfdc094d6e4ab7cc01d1a1
128,1.9337126735633874,0.014038754010070192,0xf1e22a8ca75dca3e3f6855761e90e6a0b67894b2,2017-10-05T20:13:24.000Z,0.00726,0xeff8e500df2624e9754e05bbc851904059579bad,sell,0x1f573d6fb3f13d689ff844b4ce37794d79a7ff1c,0xc8dc01fb4e53d29953cd9caa3951f0f1418f10a87488fa6632569bb8397c308b
129,9.269265277639319,0.06729486591566144,0xf1e22a8ca75dca3e3f6855761e90e6a0b67894b2,2017-10-04T18:02:07.000Z,0.00726,0x5c318f90cb90e04f7dc22b8d889500fc045be867,sell,0x1f573d6fb3f13d689ff844b4ce37794d79a7ff1c,0x272f009ec4567b7f9558e3d75923400673d4b41f7d59ab524308fe8947af8e19
130,32,0.2336,0x3e7321d013167e5d2a3b591bac90baf4c75839e5,2017-10-04T18:00:05.000Z,0.0073,0x5c318f90cb90e04f7dc22b8d889500fc045be867,sell,0x1f573d6fb3f13d689ff844b4ce37794d79a7ff1c,0x4e1a40c5bec1744886f92f15c80288a96321a6d552b659512c5ded268a4378b7
131,0.00048073053365128,0.000006009131670641,0x1576c99013ee5489dc9326b2b13bc11ab32b90ce,2017-10-04T17:33:42.000Z,0.0125,0x8ff8f5bb597a79e636e653c7702a19b63cd1fba4,buy,0x1f573d6fb3f13d689ff844b4ce37794d79a7ff1c,0xcce49342c7b691b7dd0fc64eeccf5ff92acbae0628e732416e6431ab755c2634
132,13.900587028212541,0.10161329117623367,0xd98a3954353055ab642c9159c7f3b25dac2dc29b,2017-10-04T13:10:23.000Z,0.00731,0x5bc947356b9a75fdcb92f3eb550682941aca376b,sell,0x1f573d6fb3f13d689ff844b4ce37794d79a7ff1c,0x5b18a8236a9ea27c1ea6091990ab883f47490ba750581a83d8a7bf32a94d62ba
133,2.195117140460544,0.01789020469475343,0x477c16fbe9c0a603d8e4b860f039e29dd43feff2,2017-10-04T08:58:17.000Z,0.00815,0x068a903c384626bafe48bc93857e95be2d39dd13,sell,0x1f573d6fb3f13d689ff844b4ce37794d79a7ff1c,0xeea79213001d77ae426cf88cdb6cd7569976354fdbe1b636b81df853ac44478f
134,12.39,0.10282461,0x7fccf060abf989d5675fa0a3dd7f5ee2a5945837,2017-10-04T07:15:30.000Z,0.008299,0xed05637cafbf838059080a3ad9bb059140995554,buy,0x1f573d6fb3f13d689ff844b4ce37794d79a7ff1c,0x59fcfd69e25b20ffa967f96c7c6f6852cfbe829c35ff438212cfa27bd9768aab
135,1,0.0099,0x0249924245a19aa2d7f5ddb0739a7132b7d094ab,2017-10-03T20:44:21.000Z,0.0099,0x8ff8f5bb597a79e636e653c7702a19b63cd1fba4,buy,0x1f573d6fb3f13d689ff844b4ce37794d79a7ff1c,0xf30fa7555bfa0601f8173b67b6e735d45e458625294d1608e4541c046cc05cd2
136,7,0.058086,0x477c16fbe9c0a603d8e4b860f039e29dd43feff2,2017-10-03T19:29:24.000Z,0.008298,0x71fe8590d29d971bbbbb17342ea62a3c52c6ed0b,buy,0x1f573d6fb3f13d689ff844b4ce37794d79a7ff1c,0x569b9ab48f445f85d9a59ca43894d9b5e4c07e2af000d41a1d001b0bc7c30ebc
137,360.2831223208055,2.9363074469145647,0x477c16fbe9c0a603d8e4b860f039e29dd43feff2,2017-10-03T17:04:39.000Z,0.00815,0x669f0ab96fd3beb68bc836bb874894bbb516331a,sell,0x1f573d6fb3f13d689ff844b4ce37794d79a7ff1c,0xae7a271bdc9d693b0cc65b8ef80f62e7f5572f35b5206872c64493ad154349fb
138,118.79102343797624,0.9681468410195063,0x477c16fbe9c0a603d8e4b860f039e29dd43feff2,2017-10-03T16:58:47.000Z,0.00815,0xd38fe3d098facce08214175c6d004aefd368e41c,sell,0x1f573d6fb3f13d689ff844b4ce37794d79a7ff1c,0x511b0301579431a9430a370f3ccfa13cad71cbf399f4cf05ba4ac59a02d52786
139,118.73073710075771,0.9676555073711753,0x477c16fbe9c0a603d8e4b860f039e29dd43feff2,2017-10-03T16:42:04.000Z,0.00815,0xd38fe3d098facce08214175c6d004aefd368e41c,sell,0x1f573d6fb3f13d689ff844b4ce37794d79a7ff1c,0x145b56437c3081526ceac327a15288bfb2cd653b59ce5815b4e06a2dea2586bc
140,25.184,0.209002016,0xfc495c0f3ef141cbb3355d86bd662be19ab3cf9a,2017-10-03T13:40:51.000Z,0.008299,0xed05637cafbf838059080a3ad9bb059140995554,buy,0x1f573d6fb3f13d689ff844b4ce37794d79a7ff1c,0x0db14caeaedef4b4552aa1877b5471c14de0765c07516738b87a2107f785fc14
141,118.79702204879729,0.8624663800742683,0xf1e22a8ca75dca3e3f6855761e90e6a0b67894b2,2017-10-03T09:42:32.000Z,0.00726,0xd38fe3d098facce08214175c6d004aefd368e41c,sell,0x1f573d6fb3f13d689ff844b4ce37794d79a7ff1c,0x8cbbf541ba98a479efa9cc780e7abdc2ec709bfdc6a1f5c3f6ce4c965b051426
142,0.0560747453925,0.000406541904095625,0xed05637cafbf838059080a3ad9bb059140995554,2017-10-02T09:48:14.000Z,0.00725,0x23ee598e50ff1b1bde1022bf3c8a41d4c23321a0,sell,0x1f573d6fb3f13d689ff844b4ce37794d79a7ff1c,0xef97d8d969e814464ba209fd3ea4027af075cbf4fc0b8a0d9b13905a44acfd51
143,0.0560747453925,0.000406541904095625,0xed05637cafbf838059080a3ad9bb059140995554,2017-10-02T07:46:16.000Z,0.00725,0x160506e5a5ce5dadd43623689f53d5aa1f288f0f,sell,0x1f573d6fb3f13d689ff844b4ce37794d79a7ff1c,0xa46a42502d7e14d4d5d23c154d1f6f3884dc1f2cff664bfedbc75bf250ba0af4
144,0.0560117400606,0.00040608511543935,0xed05637cafbf838059080a3ad9bb059140995554,2017-10-02T07:11:24.000Z,0.00725,0x2ba19ec4bcd5ae8de66b110bde5ebf41092bd02f,sell,0x1f573d6fb3f13d689ff844b4ce37794d79a7ff1c,0x973bb05dc659cba1a681c5bd48639ad22f5c2b3c2488ee1830f0c89c61e8c148
145,20,0.26,0x1576c99013ee5489dc9326b2b13bc11ab32b90ce,2017-10-01T20:35:17.000Z,0.013,0x4c1503def4aa87fac66b786d3f3939ae70a34f49,buy,0x1f573d6fb3f13d689ff844b4ce37794d79a7ff1c,0x43863969be7ea7cda47e43d26c30fab3f56c88a6f0c408ace147e18b9aa9ac0d
146,98.6940484498056,0.7076363273851062,0x92a8f4c470e2c243e48c14709dda9009be4d5310,2017-09-28T05:54:15.000Z,0.00717,0x7106929ac651ce386169078e49003c910cd4abd4,sell,0x1f573d6fb3f13d689ff844b4ce37794d79a7ff1c,0x64d9293b772a206df82b0b922d306ca7a3c36484132631d0e32990289d19755a
147,1,0.0084999,0xa0be78d2bac6a692adba423c7af50ec86a18bddf,2017-09-28T04:57:35.000Z,0.0084999,0x7b6b2f3c88ce2ecedc01c545f13faf36034d772f,buy,0x1f573d6fb3f13d689ff844b4ce37794d79a7ff1c,0xcf74c9f320b1e3482a73773270d4633c0e1d0cf028651e812def6034e86cb26f
148,0.8972186222706753,0.006738111853252771,0x5f7a5241dc4ed10e3e6a46336dd179059cee31f9,2017-09-27T23:46:26.000Z,0.007509999999999999,0xc7a5c0bc06bd025b499993b0888938433f56549a,sell,0x1f573d6fb3f13d689ff844b4ce37794d79a7ff1c,0x30af3284bd0177bac2123ec7d919e20c3210a2a1c40abc49f53394d46d039613
149,2,0.01531452,0x0c3eb695a4d3feb63eb01756f1ca9349c63a5811,2017-09-27T15:02:21.000Z,0.00765726,0x8617cb4887685581e9d322fd543550c2665da593,sell,0x1f573d6fb3f13d689ff844b4ce37794d79a7ff1c,0xb185b27cb1b8a3ee20de199034fe04bbfb5d71d85b5704b16136206295114931
150,0.899780691964,0.00763014026785472,0xc7a5c0bc06bd025b499993b0888938433f56549a,2017-09-27T08:48:05.000Z,0.00848,0xed05637cafbf838059080a3ad9bb059140995554,sell,0x1f573d6fb3f13d689ff844b4ce37794d79a7ff1c,0x4598917c186a15c396fa4895b44a889a3182519b5ca9711a851037d0bde77c42
151,27.41013195974522,0.2329833806446384,0xf0256c1ff0e4319683f9f1ee1219fe5ef841fe13,2017-09-27T05:51:21.000Z,0.0084999,0x7b6b2f3c88ce2ecedc01c545f13faf36034d772f,buy,0x1f573d6fb3f13d689ff844b4ce37794d79a7ff1c,0xe37f2603e4471100329760fd39a88748dd31247f18c7ed81e1b7b9b019c17630
152,10.07466270506092,0.10074652630398216,0xf0256c1ff0e4319683f9f1ee1219fe5ef841fe13,2017-09-27T01:51:41.000Z,0.00999999,0x953d1111662196af36e9d387c0f909e14111fa76,buy,0x1f573d6fb3f13d689ff844b4ce37794d79a7ff1c,0xa30a1e619c6de45710dcd4b8c931cb6793269d6daa197f7181c96e2ae550de32
153,90,0.80001,0xf0256c1ff0e4319683f9f1ee1219fe5ef841fe13,2017-09-27T01:19:36.000Z,0.008889,0x099c1ce9f8e59e9ba95f4f8dfc3a5e7a62e9031e,buy,0x1f573d6fb3f13d689ff844b4ce37794d79a7ff1c,0x6ad16265b2fb97245f22978a617bf0916648e14a231344d78ef50c0000510df6
154,17.407612924877146,0.15475367890215783,0xf929e583ed42e752c1d0376d7aecf994d5dc6ee5,2017-09-26T06:26:04.000Z,0.00889,0x3c7bc94eb9add5b66e5fd843be72f4a6baff7130,buy,0x1f573d6fb3f13d689ff844b4ce37794d79a7ff1c,0x9de4ef7cae9fad59841e2e3247712feb69d3621dedb68bf41f2cc612105d5f7e
155,127.63285854481204,0.9164039243517504,0x097501c95264ad3204159efaefdc5820783dbeae,2017-09-25T22:04:23.000Z,0.00718,0xc7a5c0bc06bd025b499993b0888938433f56549a,buy,0x1f573d6fb3f13d689ff844b4ce37794d79a7ff1c,0x30e680ee19700723456e45ee103112db43b10583faf6f19d61cab37dae90d65d
156,62.36714145518797,0.4477960756482496,0xd38fe3d098facce08214175c6d004aefd368e41c,2017-09-25T21:38:02.000Z,0.00718,0xc7a5c0bc06bd025b499993b0888938433f56549a,buy,0x1f573d6fb3f13d689ff844b4ce37794d79a7ff1c,0x69789dfd62a1baf8754fd8bf4b4c390d78d89a9c91867f4c9b16e14c75f8fc59
157,1.4843983650682884,0.010628292293888944,0x3e7321d013167e5d2a3b591bac90baf4c75839e5,2017-09-25T15:45:41.000Z,0.00716,0xe78cd99922ff4c0d6e5cbfd6758668042fd717a4,sell,0x1f573d6fb3f13d689ff844b4ce37794d79a7ff1c,0x448f2e5b942ed8da46331f0608a8694658eca1482807dafb278f68ed9a078af7
158,0.0560117400606,0.000401044058833896,0x3e7321d013167e5d2a3b591bac90baf4c75839e5,2017-09-25T11:15:18.000Z,0.00716,0x18a902dc44442205b4ba2b1dc038e67506d22c55,sell,0x1f573d6fb3f13d689ff844b4ce37794d79a7ff1c,0x35d53ff537d05b8b48e34e72b19343c11630e2e38016ff9cd376fd197586fede
159,0.0562429696287964,0.0005,0xc886b21b865e7c90432d9b8bdb14ad254f2232f5,2017-09-25T03:19:20.000Z,0.00889,0x3c7bc94eb9add5b66e5fd843be72f4a6baff7130,buy,0x1f573d6fb3f13d689ff844b4ce37794d79a7ff1c,0xf9879206f8320d32073d3e213fadb8b44d6e630110264fe83b46be2682a1122a
160,0.0562429696287964,0.0005,0xe37bd4d49c619e748d4efe74525489d26b6aff43,2017-09-25T03:13:48.000Z,0.00889,0x3c7bc94eb9add5b66e5fd843be72f4a6baff7130,buy,0x1f573d6fb3f13d689ff844b4ce37794d79a7ff1c,0xdd4db9c426419844518e4a09bd3703850aef406d0145484418392a0b479fa2a4
161,0.0562429696287964,0.0005,0x23ee598e50ff1b1bde1022bf3c8a41d4c23321a0,2017-09-25T00:11:19.000Z,0.00889,0x3c7bc94eb9add5b66e5fd843be72f4a6baff7130,buy,0x1f573d6fb3f13d689ff844b4ce37794d79a7ff1c,0x856a69d8e62d8a7da0a221832ad49e338d212be011ed82c2887482ec65c3e256
162,0.0562429696287964,0.0005,0xe5a759eb3e214ff0a2bbbea31acc41c9bf27b239,2017-09-24T23:43:53.000Z,0.00889,0x3c7bc94eb9add5b66e5fd843be72f4a6baff7130,buy,0x1f573d6fb3f13d689ff844b4ce37794d79a7ff1c,0xc878a8feedb43457731dc00157f783456abb4be5e463d07861aaf4be06193851
163,0.0562429696287964,0.0005,0x160506e5a5ce5dadd43623689f53d5aa1f288f0f,2017-09-24T23:37:13.000Z,0.00889,0x3c7bc94eb9add5b66e5fd843be72f4a6baff7130,buy,0x1f573d6fb3f13d689ff844b4ce37794d79a7ff1c,0x9cc94f7f3a73aabbe10c75e335d11fb2b6f09f7e602cc1619be9ad7c5a8f934a
164,0.0560117400606,0.00038928159342117,0x6bad391397f5f6047d3b6752576ee1a4ae3d2927,2017-09-24T23:06:35.000Z,0.00695,0xd868b838b5de79f1e540b5d83c9e9a3d0b3810cd,sell,0x1f573d6fb3f13d689ff844b4ce37794d79a7ff1c,0x16fb7b4ab9a751eba7025edd75e32090bbfeb1a1011a755dacc411ed13b5efc0
165,0.0504110191873,0.000350356583351735,0x6bad391397f5f6047d3b6752576ee1a4ae3d2927,2017-09-24T22:53:36.000Z,0.00695,0x1f8ac99600c61189d92c85cc760735b9e0067a60,sell,0x1f573d6fb3f13d689ff844b4ce37794d79a7ff1c,0x65e1dbe5ae354f3c0180c87efea092992f7b3f84ef45938c35aae85633dd3e93
166,0.05000005000005,0.0005,0x3bfdec5343e950ce45522eef9948c977631b4000,2017-09-24T10:18:14.000Z,0.00999999,0x953d1111662196af36e9d387c0f909e14111fa76,buy,0x1f573d6fb3f13d689ff844b4ce37794d79a7ff1c,0xbdbef3548239489c2cf96ec010865ee15dc9bed08bce6dc2f8d194c4af76d12d
167,0.056179775280898875,0.0005,0xc22f5ab4f1591613a92b4d172cc7f4e4a5af58cd,2017-09-23T23:26:18.000Z,0.0089,0x3c7bc94eb9add5b66e5fd843be72f4a6baff7130,buy,0x1f573d6fb3f13d689ff844b4ce37794d79a7ff1c,0x9ef44cebadf69ba2789dc5a8438d34ee3c98207607251993cb882f8f7b619843
168,0.056179775280898875,0.0005,0x452b06f1c61cff4c9bebaa405319a7c3b12553a2,2017-09-23T23:24:36.000Z,0.0089,0x3c7bc94eb9add5b66e5fd843be72f4a6baff7130,buy,0x1f573d6fb3f13d689ff844b4ce37794d79a7ff1c,0x86e16c7c84bc8718b4444cb4ff81c602cf05b40a74d730b55013ac1ef7c537d7
169,0.056179775280898875,0.0005,0x2ba19ec4bcd5ae8de66b110bde5ebf41092bd02f,2017-09-23T19:17:44.000Z,0.0089,0x3c7bc94eb9add5b66e5fd843be72f4a6baff7130,buy,0x1f573d6fb3f13d689ff844b4ce37794d79a7ff1c,0x7abe4733c45e1f04b5a466e860dcc6f07d6ae886536ec8e0b173003e9f3727a8
170,0.056179775280898875,0.0005,0x18a902dc44442205b4ba2b1dc038e67506d22c55,2017-09-23T15:50:17.000Z,0.0089,0x3c7bc94eb9add5b66e5fd843be72f4a6baff7130,buy,0x1f573d6fb3f13d689ff844b4ce37794d79a7ff1c,0xb18497a2700bc7aa9db94aefb435da477fb987659c50ca20b0637a13f1c0bece
171,0.056179775280898875,0.0005,0xd868b838b5de79f1e540b5d83c9e9a3d0b3810cd,2017-09-23T15:16:52.000Z,0.0089,0x3c7bc94eb9add5b66e5fd843be72f4a6baff7130,buy,0x1f573d6fb3f13d689ff844b4ce37794d79a7ff1c,0x42304291771d9ae8f03aeb2df2bbd76953994501ac1f201939fd6e515a14e926
172,0.0504110191873,0.0003528771343111,0xb8186b97012530dceadc931136bf6cc7e4237f10,2017-09-23T13:13:19.000Z,0.007,0x0f657c396dfcd6c59bb82b89fc3adbe5f90ce153,sell,0x1f573d6fb3f13d689ff844b4ce37794d79a7ff1c,0x686675c90674f361d75750e24b3905e62af4f7c034aa60aa95b58bee8bb5556c
173,0.1,0.00089,0x636d925f140f761f7a0e600db2177dd068ddada1,2017-09-23T10:36:28.000Z,0.0089,0x3c7bc94eb9add5b66e5fd843be72f4a6baff7130,buy,0x1f573d6fb3f13d689ff844b4ce37794d79a7ff1c,0xe6b9be64bf1ace493b88ea8cd721b4610e639507e1a07d97a6e5f7845971b2ae
174,0.1,0.00089,0x18bc639218a3abdf0772a49c3c4ea2ee9148ddc4,2017-09-23T09:40:50.000Z,0.0089,0x3c7bc94eb9add5b66e5fd843be72f4a6baff7130,buy,0x1f573d6fb3f13d689ff844b4ce37794d79a7ff1c,0xa97ad9d390998b34e4c58a1175601d760d9e9a910fd727c95e04d313c9cc3fa3
175,0.1,0.00089,0x18bc639218a3abdf0772a49c3c4ea2ee9148ddc4,2017-09-23T09:39:55.000Z,0.0089,0x3c7bc94eb9add5b66e5fd843be72f4a6baff7130,buy,0x1f573d6fb3f13d689ff844b4ce37794d79a7ff1c,0x627531f98d18d0b1b5996f763d6985f73eca91e242deedde2902081c687858ef
176,93.26137949961753,0.6257838564424336,0x3dee4a4e076e8d82859d241db0baf46f112cfa23,2017-09-23T09:31:59.000Z,0.00671,0x1ed014aec47fae44c9e55bac7662c0b78ae61798,sell,0x1f573d6fb3f13d689ff844b4ce37794d79a7ff1c,0x5bdf9a24b2cb55ad3280f013f5d5d6d39361d88407e6df94f134b7559845b4e1
177,1,0.009,0x0c3d0fc12a1ab89e3b00180bf9988762a44d69d4,2017-09-23T07:14:42.000Z,0.009,0xe89a2a7a15cbaae3c58a03d79485373e216226d6,buy,0x1f573d6fb3f13d689ff844b4ce37794d79a7ff1c,0xadebd2212b0391a99a9e90b0ddccc93fbfc0e038e615cbf550c03553fd309489
178,120,1.08,0x4d8c8e511da966228778810f6a1a8971ae630dc1,2017-09-23T05:19:30.000Z,0.009,0xe89a2a7a15cbaae3c58a03d79485373e216226d6,buy,0x1f573d6fb3f13d689ff844b4ce37794d79a7ff1c,0x91cdf4adb7c888613b369c1e30c049856b6d75126534624fe23094f34b90d38f
179,33.36185106382979,0.3136014,0x4d8c8e511da966228778810f6a1a8971ae630dc1,2017-09-23T05:19:18.000Z,0.0094,0x5fde446016bd7bca45360efcbd6e9b9896d3a4a4,buy,0x1f573d6fb3f13d689ff844b4ce37794d79a7ff1c,0x007e6178618260e69267afc67657b194e75c1b7817a74ffaa7e96ea9d952bf02
180,1,0.0094,0xb8186b97012530dceadc931136bf6cc7e4237f10,2017-09-22T18:52:09.000Z,0.0094,0x5fde446016bd7bca45360efcbd6e9b9896d3a4a4,buy,0x1f573d6fb3f13d689ff844b4ce37794d79a7ff1c,0x7cde393c16d9d4ee5aafb5a2bcbcbcef114c520aa92d6c476e7a4395925d6e03
181,209.35101186322402,1.4131214235868808,0x3dee4a4e076e8d82859d241db0baf46f112cfa23,2017-09-22T12:57:29.000Z,0.00675001,0xc0eea34074517f9fc3f8d533394aa76a98e52df9,sell,0x1f573d6fb3f13d689ff844b4ce37794d79a7ff1c,0xcc65f0678a1bfb93bb90a7971826c2d47eb72ea0695c9b931f7b9752e522905c
182,1.7374240373597811,0.011727629626418896,0x3dee4a4e076e8d82859d241db0baf46f112cfa23,2017-09-22T11:02:34.000Z,0.00675001,0x5c029c3bd7369d67645957bca367b988b4339688,sell,0x1f573d6fb3f13d689ff844b4ce37794d79a7ff1c,0x81b111c7cefa0a280a155a732a9018dcf70a052f8bac77652fd5b3f5213d2fab
183,0.05319148936170213,0.0005,0x999dbc9673afdd6b6c140c261297f89de35ff1b3,2017-09-22T05:12:15.000Z,0.0094,0x5fde446016bd7bca45360efcbd6e9b9896d3a4a4,buy,0x1f573d6fb3f13d689ff844b4ce37794d79a7ff1c,0x60b22c6d3ae13b020b1d2ae56a85b1dd84d4b1cf665eb7e9f7b7ef03d5ae13b9
184,0.05319148936170213,0.0005,0x8612d2a48328bbf318b856ed0daaa4a7034383d0,2017-09-22T04:58:58.000Z,0.0094,0x5fde446016bd7bca45360efcbd6e9b9896d3a4a4,buy,0x1f573d6fb3f13d689ff844b4ce37794d79a7ff1c,0xfd7bd824f1c0e3d7640d5913edbad11bf1c3b8a99dd005a1b665471a54c72eba
185,0.05319148936170213,0.0005,0x10c12555236fa11fc988be565ab70c82a4660ecf,2017-09-22T04:56:56.000Z,0.0094,0x5fde446016bd7bca45360efcbd6e9b9896d3a4a4,buy,0x1f573d6fb3f13d689ff844b4ce37794d79a7ff1c,0xd2b150041ff500efe5e0666e420fa87687f033eb3905af23ba6b5e617292e85d
186,0.05319148936170213,0.0005,0x7ed2114439b24152cf18c02c10cae681a7ca2adc,2017-09-22T04:40:31.000Z,0.0094,0x5fde446016bd7bca45360efcbd6e9b9896d3a4a4,buy,0x1f573d6fb3f13d689ff844b4ce37794d79a7ff1c,0xc01d971d7b78f98c1703764c79269e381e80cd058d9fded4cf89d2aab4f57eab
187,0.05319148936170213,0.0005,0x03dd03643b71b06642179afb38211c0f45699bc5,2017-09-22T04:22:40.000Z,0.0094,0x5fde446016bd7bca45360efcbd6e9b9896d3a4a4,buy,0x1f573d6fb3f13d689ff844b4ce37794d79a7ff1c,0x334224b05ab7fc6ee19f3e17a239587f28e2bed7efdf49239a71a5ef94157e07
188,0.106,0.0009964,0x19b78488b79c6a45d4e060f05a2b35c4873f25c5,2017-09-21T22:32:50.000Z,0.0094,0x5fde446016bd7bca45360efcbd6e9b9896d3a4a4,buy,0x1f573d6fb3f13d689ff844b4ce37794d79a7ff1c,0x40d277950b3bce0dfd14cdd4afbeef951eeaa351091b7a07897c01b3c83b4244
189,152.825,1.16147,0x65f3de22aa43e5175ebb9e194e54444d69ea6035,2017-09-21T02:23:15.000Z,0.0076,0x7f03c6c1ecc6c8dd13432aa6901b539351ec7314,sell,0x1f573d6fb3f13d689ff844b4ce37794d79a7ff1c,0xc8ba415d7883b517e4df85281e370e5a7ed4bd238681292e82e6ae96e9207bd9
190,0.000000019841816106,0.000000000150797802,0x65f3de22aa43e5175ebb9e194e54444d69ea6035,2017-09-20T03:12:24.000Z,0.007599999979558323,0x00505d0a66a0646c85095bbfd75f57c4e1c431ba,sell,0x1f573d6fb3f13d689ff844b4ce37794d79a7ff1c,0xcbcc126857ebdfaf956af6bb4c92792bfa21c97f997428553fe15b26a68fce9e
191,0.000199033257353125,0.000001512652755883,0x65f3de22aa43e5175ebb9e194e54444d69ea6035,2017-09-20T03:09:53.000Z,0.007599999999996232,0x00505d0a66a0646c85095bbfd75f57c4e1c431ba,sell,0x1f573d6fb3f13d689ff844b4ce37794d79a7ff1c,0x73ae5bee6c86773be68fbf00b28ebce0443211b5134c3d69cff2b7b0ae39843c
192,86.605,0.658198,0x0047e5bb93e5494e03ec6d84f8532a0faad4d2cd,2017-09-19T20:49:56.000Z,0.0076,0x0047e5bb93e5494e03ec6d84f8532a0faad4d2cd,buy,0x1f573d6fb3f13d689ff844b4ce37794d79a7ff1c,0xa03eb71d413a57367a3192a89c018069ca2cad07e8cfa478d4afaa86aed19f58
193,0.0498504985044,0.00037886378863344,0x65f3de22aa43e5175ebb9e194e54444d69ea6035,2017-09-19T19:43:31.000Z,0.0076,0x8b24d80c6dd6e1af5a000e03ca8f00886a05f6f5,sell,0x1f573d6fb3f13d689ff844b4ce37794d79a7ff1c,0x83a2c806ecccd3513967f12ebbf8a659953ecd26d381390f4d81b0a7510ba134
194,0.0623130608175,0.000473579262213,0x65f3de22aa43e5175ebb9e194e54444d69ea6035,2017-09-19T18:18:17.000Z,0.0076,0x64b604630e055318093215b7ed41697ca4fb5de6,sell,0x1f573d6fb3f13d689ff844b4ce37794d79a7ff1c,0x1a41a406b5078229f16f67601bbf1109d19a5d168a607a4e739c7efa51ac3095
195,0.263,0.0019988,0x00131f8ca3fdadf4cd909ed72a1fb9ae85a46414,2017-09-19T14:22:06.000Z,0.0076,0x0047e5bb93e5494e03ec6d84f8532a0faad4d2cd,buy,0x1f573d6fb3f13d689ff844b4ce37794d79a7ff1c,0x43213dbe2571ede299eaaf6fc57c9140c81cff12db43e3034727b529f81d7239
196,0.0623130608175,0.000473579262213,0x65f3de22aa43e5175ebb9e194e54444d69ea6035,2017-09-19T14:18:52.000Z,0.0076,0x4c2fb430e95954bcfa54ce4741a9fc2ff6e415ad,sell,0x1f573d6fb3f13d689ff844b4ce37794d79a7ff1c,0x6fa6260c4f6c0825feb23b200cd746ec39d32b8b27b13b38536782232f2e6c61
197,0.132,0.0010032,0x57b00c981363c67b11e07eaa71364bf20e8025fe,2017-09-19T13:38:38.000Z,0.0076,0x0047e5bb93e5494e03ec6d84f8532a0faad4d2cd,buy,0x1f573d6fb3f13d689ff844b4ce37794d79a7ff1c,0x604d54e71f89db20015ad3902c9baae4879046b5257df8a67740b3e6ac9d80f4
198,55,0.396,0x9e92f848f811707bd7089406892b3f631a132ae9,2017-09-19T07:25:40.000Z,0.0072,0x5fde446016bd7bca45360efcbd6e9b9896d3a4a4,sell,0x1f573d6fb3f13d689ff844b4ce37794d79a7ff1c,0xb7fcff67a019a1b02cc0478db712d11c6aa749fd1bb37bad18f13223b265525c
199,151.822,1.50000136,0x3166fd28f538c96e3c197ee28e06ba6341ea19f8,2017-09-19T04:31:18.000Z,0.00988,0x65f3de22aa43e5175ebb9e194e54444d69ea6035,buy,0x1f573d6fb3f13d689ff844b4ce37794d79a7ff1c,0xf2c52f4f37185eb197a313dee97a568774c7402025308fda50f7d47a999e3bd1
200,13.883,0.11731135,0x3166fd28f538c96e3c197ee28e06ba6341ea19f8,2017-09-19T04:27:35.000Z,0.00845,0x71fe8590d29d971bbbbb17342ea62a3c52c6ed0b,buy,0x1f573d6fb3f13d689ff844b4ce37794d79a7ff1c,0x968d8ec5560976c0581f70d0eb9e05ba12def7e07843dbce2fc0276ea6dd0c44
201,0.020242914979757085,0.0002,0x350f6f675b20d606bb7f6c412ef4775c9bc57168,2017-09-18T20:24:44.000Z,0.00988,0x65f3de22aa43e5175ebb9e194e54444d69ea6035,buy,0x1f573d6fb3f13d689ff844b4ce37794d79a7ff1c,0x18ac518da3d9799ded3dc5457031107973fd93dddab16c9a6b576bf85cb804d9
202,168.47771907088028,1.213039745788057,0x3dee4a4e076e8d82859d241db0baf46f112cfa23,2017-09-17T18:24:52.000Z,0.007200001,0xd8b62af73cc6b9bd99b650ed9a06ea5a1991039b,sell,0x1f573d6fb3f13d689ff844b4ce37794d79a7ff1c,0x8dccf4da06ce09f9cc45b880fd0ad20e6ce647f85a6842a3dd811f5dc18b3b29
203,0.000019980036,0.00000019660355424,0x7aa6e2506316f6d613277d4f2f4e4e1dc55e528e,2017-09-17T11:49:41.000Z,0.00984,0x71fe8590d29d971bbbbb17342ea62a3c52c6ed0b,buy,0x1f573d6fb3f13d689ff844b4ce37794d79a7ff1c,0xf3a72a8a942bc9a18974a1d13cdfe171fe521d6eef7ecd5356e8880b9609e97a
204,0.000019920095892,0.006015868959384,0xa92f77d8af864d634a953a9b4e066122e4482ba9,2017-09-17T11:49:41.000Z,302,0x7aa6e2506316f6d613277d4f2f4e4e1dc55e528e,sell,0x1f573d6fb3f13d689ff844b4ce37794d79a7ff1c,0xf3a72a8a942bc9a18974a1d13cdfe171fe521d6eef7ecd5356e8880b9609e97a
205,0.1,0.000984,0xc73604d0514ac01e63513d07601e7e98f2f117b4,2017-09-17T11:47:04.000Z,0.00984,0x71fe8590d29d971bbbbb17342ea62a3c52c6ed0b,buy,0x1f573d6fb3f13d689ff844b4ce37794d79a7ff1c,0x6ae955ff3626c1de99c98a1a808a060e95f7ebd9d94a118a71d3b3eacc30a7a4
206,0.01,0.0000984,0x153685a03c2025b6825ae164e2ff5681ee487667,2017-09-17T11:29:09.000Z,0.00984,0x71fe8590d29d971bbbbb17342ea62a3c52c6ed0b,buy,0x1f573d6fb3f13d689ff844b4ce37794d79a7ff1c,0xe8cedecde84005a9f2cd424d189f0635fccb4ea1b254df03834a03730301460b
207,1,0.00984,0x0024a5046fd95c5eee6db19a69ef7ed3bacd50f1,2017-09-17T11:22:23.000Z,0.00984,0x71fe8590d29d971bbbbb17342ea62a3c52c6ed0b,buy,0x1f573d6fb3f13d689ff844b4ce37794d79a7ff1c,0x67f94a960e966bd0998576a73587cb670e384ec0cc7e1d52182fc488cbd8ec06
208,0.006660012,0.00006553451808,0x5ae933bfbbaa04c3e05ae56295138174ada9799c,2017-09-17T11:17:47.000Z,0.00984,0x71fe8590d29d971bbbbb17342ea62a3c52c6ed0b,buy,0x1f573d6fb3f13d689ff844b4ce37794d79a7ff1c,0xd5fcd7670bac1b38bba4427cd438db3ccea8fc2215f064c4729b9b83c763e11f
209,0.006640031964,2.005289653128,0xa92f77d8af864d634a953a9b4e066122e4482ba9,2017-09-17T11:17:47.000Z,302,0x5ae933bfbbaa04c3e05ae56295138174ada9799c,sell,0x1f573d6fb3f13d689ff844b4ce37794d79a7ff1c,0xd5fcd7670bac1b38bba4427cd438db3ccea8fc2215f064c4729b9b83c763e11f
210,2500,17.5,0x0047e5bb93e5494e03ec6d84f8532a0faad4d2cd,2017-09-17T06:18:33.000Z,0.007,0x0047e5bb93e5494e03ec6d84f8532a0faad4d2cd,sell,0x1f573d6fb3f13d689ff844b4ce37794d79a7ff1c,0xeb1c513d3a013bd515584d6fbed2bb9606623abf64bfcc25079e09551d1a7bd4
211,6.006823716478915,0.04865527210347921,0x0047e5bb93e5494e03ec6d84f8532a0faad4d2cd,2017-09-17T06:17:41.000Z,0.0081,0x0047e5bb93e5494e03ec6d84f8532a0faad4d2cd,sell,0x1f573d6fb3f13d689ff844b4ce37794d79a7ff1c,0x169e39049d85816d7e454cac515fa367bd32d379735bee13773a144f20dab98f
212,0.455,0.0044954,0x926faf4321846800c037bef00d1fb9fac45813b9,2017-09-17T04:52:13.000Z,0.00988,0x65f3de22aa43e5175ebb9e194e54444d69ea6035,buy,0x1f573d6fb3f13d689ff844b4ce37794d79a7ff1c,0x559faaf9941e77dde7a5dd3c356b25f673a01d0e6ae78f1ce1c9c8bd841c496a
213,0.050562252244964,0.0005,0x42c24a83bded723edfdf5883bc7efb30bc1a1bf3,2017-09-16T16:57:42.000Z,0.0098888,0xd160c410c448b7a7e115865b9764b034aca19205,buy,0x1f573d6fb3f13d689ff844b4ce37794d79a7ff1c,0xa92776e1ec5d5295c2bf1a8db1baf1932cc5b17de9005c4030b9c74ff3a07ae5
214,49.25030525269784,0.49250256002392595,0xfc495c0f3ef141cbb3355d86bd662be19ab3cf9a,2017-09-16T15:33:58.000Z,0.00999999,0x953d1111662196af36e9d387c0f909e14111fa76,buy,0x1f573d6fb3f13d689ff844b4ce37794d79a7ff1c,0x548331d1b48eb6d9937fd09aca51b8c116b74e9ebb03436ed9a3d4c076d4e809
215,0.050562252244964,0.0005,0x1f8ac99600c61189d92c85cc760735b9e0067a60,2017-09-16T14:44:50.000Z,0.0098888,0xd160c410c448b7a7e115865b9764b034aca19205,buy,0x1f573d6fb3f13d689ff844b4ce37794d79a7ff1c,0x322b8f7e6e15f18621bc323ce237e7b2a3818a1a49d4a6f2773c6411d97ac8c5
216,11.89188294117648,0.09876208782647067,0x5f7a5241dc4ed10e3e6a46336dd179059cee31f9,2017-09-16T13:28:18.000Z,0.008305,0xf155eac36ea8e082bdcd673c58608d6f02e4225c,sell,0x1f573d6fb3f13d689ff844b4ce37794d79a7ff1c,0x38e986ecd4cfe7348f019b745584b5b5d6eab861b86e13f4738f0347d6048320
217,58.10811705882352,0.4825879121735293,0xebec9760681817ee735f1a855287682f7dfa1a36,2017-09-16T04:54:35.000Z,0.008305,0x5f7a5241dc4ed10e3e6a46336dd179059cee31f9,buy,0x1f573d6fb3f13d689ff844b4ce37794d79a7ff1c,0xefd7f96d84ff53367a4c84d31d9a7833e262975c7ae3c4114f7661d0a398b389
218,58.10811705882352,0.4825879121735293,0x5f7a5241dc4ed10e3e6a46336dd179059cee31f9,2017-09-16T04:27:32.000Z,0.008305,0xd38fe3d098facce08214175c6d004aefd368e41c,sell,0x1f573d6fb3f13d689ff844b4ce37794d79a7ff1c,0x659912683da572184f6444345e37e35c9fcc4ea57cf00d21b739d518c7ec18ee
219,207.87480211130307,1.5590610158347729,0xed05637cafbf838059080a3ad9bb059140995554,2017-09-16T02:55:04.000Z,0.0075,0xafce3d722a5988a4e3f9eac3a8f0eacf05a1b7bf,sell,0x1f573d6fb3f13d689ff844b4ce37794d79a7ff1c,0xd5e7f19acdcb4d0bfa331087dc2d23f93e381b714251243c55b1acdd649af7d8
220,29.82484246903036,0.2982481264418789,0x4644d6e363d354db6db5b98030b969b69f3b69ff,2017-09-15T22:13:02.000Z,0.00999999,0x953d1111662196af36e9d387c0f909e14111fa76,buy,0x1f573d6fb3f13d689ff844b4ce37794d79a7ff1c,0x7cd021d76d26f728d7a29384bba2e87b8a7220f19ba472640584a0e9957e2aa6
221,199.38191606021334,1.4953643704516,0xed05637cafbf838059080a3ad9bb059140995554,2017-09-15T18:18:43.000Z,0.0075,0x3211989eaf5a0feaa21ad7fa98007594b5ed8906,sell,0x1f573d6fb3f13d689ff844b4ce37794d79a7ff1c,0xa5b1821a461b0d1a2be1756f675c5afa976bee0f99917e39391ff19d0ecebf72
222,0.1,0.0008305,0x35ca1f6ccca60fff19178af476ce18caa3a4a169,2017-09-15T05:10:06.000Z,0.008305,0x5f7a5241dc4ed10e3e6a46336dd179059cee31f9,buy,0x1f573d6fb3f13d689ff844b4ce37794d79a7ff1c,0x8a1b2072ef65cee9c29dc537906442f8a606949d023306fbe7f33387c2e777aa
223,0.05000005000005,0.0005,0x8b24d80c6dd6e1af5a000e03ca8f00886a05f6f5,2017-09-15T03:32:48.000Z,0.00999999,0x953d1111662196af36e9d387c0f909e14111fa76,buy,0x1f573d6fb3f13d689ff844b4ce37794d79a7ff1c,0xe5ed866388de0e5b7d23fcf1f2a2a83c7b684c41605f4db5f2ccee8a6274d5db
224,50,0.49999949995,0x9e92f848f811707bd7089406892b3f631a132ae9,2017-09-15T02:24:53.000Z,0.009999989999,0xeb0e25e9d5c2107a0b8994fe5712c394ce0be3eb,buy,0x1f573d6fb3f13d689ff844b4ce37794d79a7ff1c,0x375eec1c3e78592fd63e14b4cf41d78ad5f5ee1849385ce596c66420785ebde1
225,35.305,0.28244,0xa9c9cc050f5750815e636ec9fc7bfcf785071901,2017-09-14T22:01:45.000Z,0.008,0xed05637cafbf838059080a3ad9bb059140995554,buy,0x1f573d6fb3f13d689ff844b4ce37794d79a7ff1c,0x49f50cc540499645f3cd9662d02973ec5826678a208d2281c03afa512c57ebf8
226,9.9375,0.0795,0xa9c9cc050f5750815e636ec9fc7bfcf785071901,2017-09-14T21:44:23.000Z,0.008,0xf155eac36ea8e082bdcd673c58608d6f02e4225c,buy,0x1f573d6fb3f13d689ff844b4ce37794d79a7ff1c,0x2e1b0b11a999713ca258223bfec05020527212a6592a3c5bea844f199b8baaa5
227,250,1.6650025,0x3dee4a4e076e8d82859d241db0baf46f112cfa23,2017-09-14T15:00:07.000Z,0.00666001,0xf431f2085f272d931421be1f765fb76c14494540,sell,0x1f573d6fb3f13d689ff844b4ce37794d79a7ff1c,0xae75e19063eb440a5804777f65878611fe968eece2f941f9c9deee7de6aa60b7
228,96.6,0.725466966,0x7f325a2d8365385e4b189b708274526899c17453,2017-09-14T14:59:04.000Z,0.00751001,0xf431f2085f272d931421be1f765fb76c14494540,sell,0x1f573d6fb3f13d689ff844b4ce37794d79a7ff1c,0x405a7007eeb0ef6d8ad8a7aa21c7ab7e77ecbf86fdb1db0bc86de67710221e88
229,135,1.01925,0x5f7a5241dc4ed10e3e6a46336dd179059cee31f9,2017-09-14T14:47:03.000Z,0.00755,0xf431f2085f272d931421be1f765fb76c14494540,sell,0x1f573d6fb3f13d689ff844b4ce37794d79a7ff1c,0x75eb1e5c6609c53cf9a9c4b57aa85d66c05d50e44a4920602897af7f3b94c78d
230,103.4,0.776535034,0x7f325a2d8365385e4b189b708274526899c17453,2017-09-14T11:38:54.000Z,0.00751001,0xd5af3027ddae8fdd3f2af8bb42c267b29567c302,sell,0x1f573d6fb3f13d689ff844b4ce37794d79a7ff1c,0x48934079b519cf8d761830a355ecd280a503aefb9ec79488e3d7d520db5a1bca
231,65,0.49465,0x5f7a5241dc4ed10e3e6a46336dd179059cee31f9,2017-09-14T11:32:12.000Z,0.00761,0xd5af3027ddae8fdd3f2af8bb42c267b29567c302,sell,0x1f573d6fb3f13d689ff844b4ce37794d79a7ff1c,0xe983caef4d6dbebf7c29ba3631ee5036c42eac43a7b8e9a4c25ed4fc1e6f171b
232,0.0625,0.0005,0x4c2fb430e95954bcfa54ce4741a9fc2ff6e415ad,2017-09-13T20:34:09.000Z,0.008,0xf155eac36ea8e082bdcd673c58608d6f02e4225c,buy,0x1f573d6fb3f13d689ff844b4ce37794d79a7ff1c,0xe9e2d7f5315eb382aea9d3f7b04ba525adc715dec9f1da46d25b6b7d5d2e62d3
233,10,0.08,0x3ffaf6d7382bb0bec6aaf56225ae8d0acf85a6e8,2017-09-13T14:40:42.000Z,0.008,0xed05637cafbf838059080a3ad9bb059140995554,buy,0x1f573d6fb3f13d689ff844b4ce37794d79a7ff1c,0x0fbf2d6b8f3c27898f2ac7cd161c9eeda5650bb3a6fa612acf8593d0e5580d94
234,10,0.08,0x3ffaf6d7382bb0bec6aaf56225ae8d0acf85a6e8,2017-09-13T14:18:23.000Z,0.008,0xf155eac36ea8e082bdcd673c58608d6f02e4225c,sell,0x1f573d6fb3f13d689ff844b4ce37794d79a7ff1c,0xa2e5d02530f0174a574eedc478b18713f818232d44aa3e7c6310f1318ed2b4be
235,1,0.008,0xd6f29f2fb0a1dc783aeab42ce7ce9276f8e14a54,2017-09-13T02:29:08.000Z,0.008,0xed05637cafbf838059080a3ad9bb059140995554,buy,0x1f573d6fb3f13d689ff844b4ce37794d79a7ff1c,0x8e3d8a338ab494e86381472c6ff9331128cff588b6304ac2566582aa84fbbbcd
236,50.042,0.50041949958,0x5f7a5241dc4ed10e3e6a46336dd179059cee31f9,2017-09-12T09:26:18.000Z,0.00999999,0x953d1111662196af36e9d387c0f909e14111fa76,buy,0x1f573d6fb3f13d689ff844b4ce37794d79a7ff1c,0xc3b7ebfcc640f087e7b8dd098037a91f37a41e1c7e290a947c007b80cfc1372d
237,7.4375,0.0595,0x1a6b3ff9c17ba22980281cf2a5fa829b994bbd20,2017-09-11T23:34:28.000Z,0.008,0x41ae6e47334cfed0501e9d448e2344613b16bc9d,buy,0x1f573d6fb3f13d689ff844b4ce37794d79a7ff1c,0x370784cef70de4fd656cd53c78ccb0e6084cf00a91a928843a3f6ad175b5a2db
238,1.223,0.0095394,0x1a6b3ff9c17ba22980281cf2a5fa829b994bbd20,2017-09-11T23:32:55.000Z,0.0078,0xed05637cafbf838059080a3ad9bb059140995554,buy,0x1f573d6fb3f13d689ff844b4ce37794d79a7ff1c,0xbc31db75d3c4ca441244c8249cf01dda189c0aac1523071b8f45a3b5ecb460a6
239,39.05,0.292875,0xed05637cafbf838059080a3ad9bb059140995554,2017-09-11T23:27:45.000Z,0.0075,0x77df13582007c8cdc56cf6e7c4baa465f3b57cbc,sell,0x1f573d6fb3f13d689ff844b4ce37794d79a7ff1c,0xdd9693092b0cc4403854e6b3233bb037d0fee4a32ba7924b70fa11d841411e8e
240,7.255190400759625,0.054413928005697186,0xed05637cafbf838059080a3ad9bb059140995554,2017-09-11T19:46:42.000Z,0.0075,0xad23b157e82040664ba0f62cc04863586eb74563,sell,0x1f573d6fb3f13d689ff844b4ce37794d79a7ff1c,0xe692c195cf772de8d9eccbf37abfdcb5d679d755a9b27531766791892cbaccf7
241,12.5,0.1,0x1114ccefc6c5c012db24105ebdb77c2cdd5e3f77,2017-09-10T06:30:49.000Z,0.008,0x41ae6e47334cfed0501e9d448e2344613b16bc9d,buy,0x1f573d6fb3f13d689ff844b4ce37794d79a7ff1c,0xfbe83da0354d6fcfafe705a8c1b3f0eadb36dbe9ae5a50c70f4ecfff507efb6c
242,1.22333000997,0.009174975074775,0xed05637cafbf838059080a3ad9bb059140995554,2017-09-10T06:04:00.000Z,0.0075,0x6d3d0dfa885186833d6cf04f7890aab7d3b43cd1,sell,0x1f573d6fb3f13d689ff844b4ce37794d79a7ff1c,0xc013b34f6053e6931d3183e575a3649e00447f09b8170edc8ddaaa2ecec96f62
243,0.0625,0.0005,0x64b604630e055318093215b7ed41697ca4fb5de6,2017-09-10T04:02:49.000Z,0.008,0x41ae6e47334cfed0501e9d448e2344613b16bc9d,buy,0x1f573d6fb3f13d689ff844b4ce37794d79a7ff1c,0xc310871b14538bd09c99ea39d872f50af1da4c0cdb653285f6e6772ac4878280
244,6.958494725908619,0.06958487767413893,0xb3bf8d2abc4087fb10f1e789bc1c44c4a707b685,2017-09-09T01:50:12.000Z,0.00999999,0x953d1111662196af36e9d387c0f909e14111fa76,buy,0x1f573d6fb3f13d689ff844b4ce37794d79a7ff1c,0x3fc7e24af941a9e7d7bd890cd7b73eb8c925ba44389b7aa897a6edc7275ef14a
245,1,0.00999999,0xa31898192152435e1f838aa527ab219cfa2d992b,2017-09-08T21:09:38.000Z,0.00999999,0x953d1111662196af36e9d387c0f909e14111fa76,buy,0x1f573d6fb3f13d689ff844b4ce37794d79a7ff1c,0xf03012f6e2043b38bee2c28a3476c8b4b1ec68fb308d8dba9dd08e65bdebf713
246,1,0.00999999,0x4c7940da9ecc8dae8b988c720f40b257ad3693a0,2017-09-08T21:09:38.000Z,0.00999999,0x953d1111662196af36e9d387c0f909e14111fa76,buy,0x1f573d6fb3f13d689ff844b4ce37794d79a7ff1c,0x77755780897a0934e571a8d6eec84d957ebff656b9227e22502beb50e4212bb0
247,1,0.00999999,0x979a0e2db72ce003634b7411f04d873ab380a9ee,2017-09-08T21:09:38.000Z,0.00999999,0x953d1111662196af36e9d387c0f909e14111fa76,buy,0x1f573d6fb3f13d689ff844b4ce37794d79a7ff1c,0x22dc4dc8c01ff8506c743aca41e6173260379ab84fa84b838a75b164eaf8a30a
248,0.2341148738909381,0.001779275382719868,0xb3bf8d2abc4087fb10f1e789bc1c44c4a707b685,2017-09-08T06:49:28.000Z,0.007600009999999998,0xb63bf017737227fb1e5610d4fbb91d50cc4facef,sell,0x1f573d6fb3f13d689ff844b4ce37794d79a7ff1c,0x5ae1a98f7355838bd6e018cc4a67248d3ed55e5ee5e2ac4cad261a61443adc50
249,9.806599541421592,0.0745301565148041,0xb3bf8d2abc4087fb10f1e789bc1c44c4a707b685,2017-09-07T20:14:14.000Z,0.0076,0x6506827d91659e871fc7267160ba1c3407195270,sell,0x1f573d6fb3f13d689ff844b4ce37794d79a7ff1c,0xbe985283cac045c11c77187af432d4700c616fb7c17fc8a4655eeb0d5c12b577
250,15,0.1013385,0x8ff8f5bb597a79e636e653c7702a19b63cd1fba4,2017-09-07T19:29:25.000Z,0.0067559,0xf9c0df394179a4bf104fa834cba5c878f1eeb6ae,sell,0x1f573d6fb3f13d689ff844b4ce37794d79a7ff1c,0x602f672724380a12bb10ebe42059b6216bef0a76f74de26bf3e3c02ff82a303b
251,5,0.034,0x4c1503def4aa87fac66b786d3f3939ae70a34f49,2017-09-07T19:26:15.000Z,0.0068,0xf9c0df394179a4bf104fa834cba5c878f1eeb6ae,sell,0x1f573d6fb3f13d689ff844b4ce37794d79a7ff1c,0x12cc7736b5a4356b57dfff1bc422153d7302ae83fdf1eeab5247694d8cf650ae
252,5,0.034,0x4c1503def4aa87fac66b786d3f3939ae70a34f49,2017-09-07T19:26:07.000Z,0.0068,0xf9c0df394179a4bf104fa834cba5c878f1eeb6ae,sell,0x1f573d6fb3f13d689ff844b4ce37794d79a7ff1c,0x4d0ce618ea304e6bbf7d3529e3d921453df4e2a786dadf669a7d74ff7a8aba20
253,2,0.0135,0x27c21bbb02bf6a23beee0ee639d824d3321192ba,2017-09-07T10:16:38.000Z,0.00675,0xb7213ad55a61d65238068c8d180779d79111b8f0,buy,0x1f573d6fb3f13d689ff844b4ce37794d79a7ff1c,0x000280a03e39baf66f23421569fcefd7ff7d4d3f88ae0e99a1f6ccc477b575d3
254,50,0.525,0x27c21bbb02bf6a23beee0ee639d824d3321192ba,2017-09-07T05:29:02.000Z,0.0105,0xeb0e25e9d5c2107a0b8994fe5712c394ce0be3eb,buy,0x1f573d6fb3f13d689ff844b4ce37794d79a7ff1c,0x12a61571e38bffc2a750b631fa3329ecbaaf7b0863ffe1db76d8bd802d8962e4
255,50,0.5,0x27c21bbb02bf6a23beee0ee639d824d3321192ba,2017-09-07T05:11:46.000Z,0.01,0xeb0e25e9d5c2107a0b8994fe5712c394ce0be3eb,buy,0x1f573d6fb3f13d689ff844b4ce37794d79a7ff1c,0xa4da44530adf14c2138210291b1d56025cbf4a87da0034630990908db63c70b6
256,10,0.1,0x27c21bbb02bf6a23beee0ee639d824d3321192ba,2017-09-07T04:31:52.000Z,0.01,0xb0d2ce3e2bfbc1a47dbfe5b3eef5335284dfeb49,buy,0x1f573d6fb3f13d689ff844b4ce37794d79a7ff1c,0x0a43da7c424ab4f2c17a4ed060a2b8a8ec01f38352a5035e9a607af9ec517b1a
257,20.499,0.1742415,0x27c21bbb02bf6a23beee0ee639d824d3321192ba,2017-09-07T03:57:12.000Z,0.0085,0xed05637cafbf838059080a3ad9bb059140995554,buy,0x1f573d6fb3f13d689ff844b4ce37794d79a7ff1c,0x100421b326c436c7921548f54fe5da06e8005956d379cb82adb1bd0ce15c3379
258,3,0.01998,0x6cbe0b1a01a260bf8dd9deaaab2b508c545a4af1,2017-09-07T00:54:15.000Z,0.00666,0x46775b2583502dbe0f594c725c5944543f19682b,sell,0x1f573d6fb3f13d689ff844b4ce37794d79a7ff1c,0x155e25aca9ff0ea309881d89859d1eff6cc638a6992d8e80fe02b5207d84569d
259,10,0.06667,0x4c1503def4aa87fac66b786d3f3939ae70a34f49,2017-09-07T00:10:08.000Z,0.006667,0xc2ef3492077355a26a7bd24386a15e1346c07ef0,sell,0x1f573d6fb3f13d689ff844b4ce37794d79a7ff1c,0x51edfa23ab486bf8a0047761e182f5f0f8de9741fd02b5f24eb2dbf40017220b
260,50,0.475,0x27c21bbb02bf6a23beee0ee639d824d3321192ba,2017-09-06T22:07:36.000Z,0.0095,0xeb0e25e9d5c2107a0b8994fe5712c394ce0be3eb,buy,0x1f573d6fb3f13d689ff844b4ce37794d79a7ff1c,0xee15d3e83660c9886eccf8d666ab91c08b0e632564712203f35e8e40a2a60bd2
261,25,0.21875,0x27c21bbb02bf6a23beee0ee639d824d3321192ba,2017-09-06T20:20:46.000Z,0.00875,0xeb0e25e9d5c2107a0b8994fe5712c394ce0be3eb,buy,0x1f573d6fb3f13d689ff844b4ce37794d79a7ff1c,0xb4eadf88139567241cc3611cbb6876cee34cd009d414d18e99bf3b57a7bbe5a0
262,25,0.2125,0x27c21bbb02bf6a23beee0ee639d824d3321192ba,2017-09-06T18:48:06.000Z,0.0085,0xeb0e25e9d5c2107a0b8994fe5712c394ce0be3eb,buy,0x1f573d6fb3f13d689ff844b4ce37794d79a7ff1c,0x1b962cfb7ea09aeaa1e8dfb07c6e0499118c18f6adccd8087e1dbd542bd037f1
263,9.284,0.07433912332,0x27c21bbb02bf6a23beee0ee639d824d3321192ba,2017-09-06T18:44:48.000Z,0.00800723,0x1fdf047bf7a114b37e7936d01e9cad754ad18803,buy,0x1f573d6fb3f13d689ff844b4ce37794d79a7ff1c,0xa5fcfdea24f45893714236d5b558a5f3ed2d741caffc9215d57b39edea095a07
264,9.284,0.07433912332,0x27c21bbb02bf6a23beee0ee639d824d3321192ba,2017-09-06T18:43:06.000Z,0.00800723,0x1fdf047bf7a114b37e7936d01e9cad754ad18803,buy,0x1f573d6fb3f13d689ff844b4ce37794d79a7ff1c,0xa5fcfdea24f45893714236d5b558a5f3ed2d741caffc9215d57b39edea095a07
265,70,0.5705,0x27c21bbb02bf6a23beee0ee639d824d3321192ba,2017-09-06T18:32:04.000Z,0.00815,0xb7213ad55a61d65238068c8d180779d79111b8f0,buy,0x1f573d6fb3f13d689ff844b4ce37794d79a7ff1c,0x5e5f58cc2ff40a423f37fdf91d12d46252279aa2d7cbff6f4007e9c7676c7db9
266,19.93824745919491,0.1555183301817203,0xed05637cafbf838059080a3ad9bb059140995554,2017-09-06T11:11:25.000Z,0.0078,0xccec7b7038524b1cb9aa90835dbc3564153c95ee,sell,0x1f573d6fb3f13d689ff844b4ce37794d79a7ff1c,0xc3ba62c9344b9a91c0e65fe00d8613cb5d2280e923e17a18c9a16c7a0705683c
267,0.5602631841291995,0.004370052836207755,0xed05637cafbf838059080a3ad9bb059140995554,2017-09-06T09:33:58.000Z,0.007799999999999998,0xccec7b7038524b1cb9aa90835dbc3564153c95ee,sell,0x1f573d6fb3f13d689ff844b4ce37794d79a7ff1c,0x1af27e90dc8cf816d7e7589f4f3c37301b70f230f38fa4787b18ac5b171809f5
268,0.683,0.00546893809,0x902b4dab6f4d17be54dca6c485ccf7ed8af5a381,2017-09-06T04:30:33.000Z,0.00800723,0x1fdf047bf7a114b37e7936d01e9cad754ad18803,sell,0x1f573d6fb3f13d689ff844b4ce37794d79a7ff1c,0x3e14c4bfd586aff189279c62b01bb2c5415c17f9a8d9aa127443e1d636f5aa7d
269,3.3167181735809836,0.026557725261042858,0x902b4dab6f4d17be54dca6c485ccf7ed8af5a381,2017-09-05T23:44:49.000Z,0.008007229999999999,0xd277f1153ae4271d8c7facd36e0776ccb0ab5e54,sell,0x1f573d6fb3f13d689ff844b4ce37794d79a7ff1c,0x1d5aaa0abed34c833f6bd43697b81b38eca10e0f4eb57e002a68dcc5ed5be9a6
270,238.72993719469645,1.8620935101186322,0xed05637cafbf838059080a3ad9bb059140995554,2017-09-05T04:38:49.000Z,0.0078,0x2256c01a9c0e2de68cb7d27f7e39dc4e1c7d3783,sell,0x1f573d6fb3f13d689ff844b4ce37794d79a7ff1c,0x13bd153783911a9fb620ba7488319731efb9194f6ed3d30db1d5a481100e0f4d
271,10,0.078115,0x8ff8f5bb597a79e636e653c7702a19b63cd1fba4,2017-09-05T04:37:30.000Z,0.0078115,0x2256c01a9c0e2de68cb7d27f7e39dc4e1c7d3783,sell,0x1f573d6fb3f13d689ff844b4ce37794d79a7ff1c,0xb417e64e58f979f8384d6c91db25a6761b4abc1c57ee589a7f46a7124782b956
272,109,0.926391,0x1e09e9a4de5b73da9796fa18e08a4030614aaede,2017-09-03T20:42:10.000Z,0.008499,0xed05637cafbf838059080a3ad9bb059140995554,buy,0x1f573d6fb3f13d689ff844b4ce37794d79a7ff1c,0x865ac5ee7bac2ba39d1790e918355ad824065aafb9fe39278a5e1e951f8d7608
273,97.773,0.79684995,0x1e09e9a4de5b73da9796fa18e08a4030614aaede,2017-09-03T20:42:10.000Z,0.00815,0xed05637cafbf838059080a3ad9bb059140995554,buy,0x1f573d6fb3f13d689ff844b4ce37794d79a7ff1c,0x101fd783f6b1548559d2da895769190c07985760f15c9693698b4420e285055a
274,1.227,0.01000005,0x6d3d0dfa885186833d6cf04f7890aab7d3b43cd1,2017-09-03T09:33:20.000Z,0.00815,0xed05637cafbf838059080a3ad9bb059140995554,buy,0x1f573d6fb3f13d689ff844b4ce37794d79a7ff1c,0x95a2d5e9fb5890b797b840677567e640780b179099d8ccaba6b7888b73203f7d
275,7.9450971986840795,0.06125669940185425,0x59a3a66713cee707c48906ab0c1802239839d33a,2017-09-03T00:42:17.000Z,0.00771,0x81bb262d0c37977e0d331c3f2bcf130c832b1e0f,sell,0x1f573d6fb3f13d689ff844b4ce37794d79a7ff1c,0x83c93f6cf30867b94319874fdae28d7850f761e42df411136be13152d2571b30
276,0.019876574225920977,0.00015324838728185,0x59a3a66713cee707c48906ab0c1802239839d33a,2017-09-03T00:42:17.000Z,0.0077099999999999625,0x5dacbdd20b9eafaaa30bfad3b2af1793036d65f3,sell,0x1f573d6fb3f13d689ff844b4ce37794d79a7ff1c,0xbb981c05086443b68a81d88fe88e1e72bf8173c78bc301e4d90417d8fcea3783
277,3.951,0.03259575,0x59a3a66713cee707c48906ab0c1802239839d33a,2017-09-03T00:37:27.000Z,0.00825,0xed05637cafbf838059080a3ad9bb059140995554,buy,0x1f573d6fb3f13d689ff844b4ce37794d79a7ff1c,0x018d6ade2d95eaab4f99e4c3e195796940486c1ce0f4892202e8eea8a42f14cc
278,99,0.7623,0xed05637cafbf838059080a3ad9bb059140995554,2017-09-02T21:06:52.000Z,0.0077,0x9a970bb4d5ff08948a28752aefaf2cfe451fabdb,sell,0x1f573d6fb3f13d689ff844b4ce37794d79a7ff1c,0xc22385ce16e9d3f3c6e38dd313aa327259e364c09d3b64ada183e93157d53dde
279,146.04863698477334,1.20490125512438,0x3c6311fa725a1a4545de9421d005a04afa993f58,2017-09-02T20:36:44.000Z,0.00825,0xed05637cafbf838059080a3ad9bb059140995554,buy,0x1f573d6fb3f13d689ff844b4ce37794d79a7ff1c,0x86c5479b6cc70c8fb4dde2373fa68dd52b0b1ffe26cc49a3e7387cb179ccd145
280,199.38191606021334,1.6149935200877281,0xed05637cafbf838059080a3ad9bb059140995554,2017-09-02T15:09:43.000Z,0.0081,0x5dacbdd20b9eafaaa30bfad3b2af1793036d65f3,sell,0x1f573d6fb3f13d689ff844b4ce37794d79a7ff1c,0xc4e129f24f9eb4f022418936c550b3fd930c8b7771e468e67f8ed7be0c0fe880
281,34.184,0.2785996,0x00aa12f6d17212ed0c2764e7731f7906235415a8,2017-09-02T07:03:31.000Z,0.00815,0xc2ef3492077355a26a7bd24386a15e1346c07ef0,sell,0x1f573d6fb3f13d689ff844b4ce37794d79a7ff1c,0x62c2904f42ab9d8d8c16dcce91c6f677d76739a56a1391ab87760eb7ebe34a0c
282,0.000117647058823529,0.000001,0xd38fe3d098facce08214175c6d004aefd368e41c,2017-09-02T05:31:58.000Z,0.00850000000000003,0x1fdf047bf7a114b37e7936d01e9cad754ad18803,buy,0x1f573d6fb3f13d689ff844b4ce37794d79a7ff1c,0x5d6b4ce191c098996edd12a98748a38bfe335d187b1c9e9ce90cf06caaf8714e
283,108.3908234871897,0.9212136088176254,0x729a7681344e0af444b8f9e493655b0bfb78b33c,2017-09-02T01:24:22.000Z,0.008499,0x097501c95264ad3204159efaefdc5820783dbeae,sell,0x1f573d6fb3f13d689ff844b4ce37794d79a7ff1c,0x08209ba0c68be4733c4396ed05f03efaacd7c6bb36faa9feb730a88f317b6035
284,11.055555555555555,0.0995,0xd38fe3d098facce08214175c6d004aefd368e41c,2017-09-01T19:43:44.000Z,0.009,0xed05637cafbf838059080a3ad9bb059140995554,buy,0x1f573d6fb3f13d689ff844b4ce37794d79a7ff1c,0x0c121bf88bfa5c9921d18136b8ede61dc1da9741880540c964531de7f8af2b45
285,6,0.0489,0x00aa12f6d17212ed0c2764e7731f7906235415a8,2017-09-01T15:20:34.000Z,0.00815,0xccec7b7038524b1cb9aa90835dbc3564153c95ee,sell,0x1f573d6fb3f13d689ff844b4ce37794d79a7ff1c,0x90b2048d6417bb1c4cbfea822fc29fa538254a6efd7ef460988b8bfa44a141e4
286,59.8155686467753,0.4874968844712187,0x00aa12f6d17212ed0c2764e7731f7906235415a8,2017-09-01T06:46:12.000Z,0.00815,0x41ae6e47334cfed0501e9d448e2344613b16bc9d,sell,0x1f573d6fb3f13d689ff844b4ce37794d79a7ff1c,0xcf69560687329e06de4be4f1399f08fa2fe36f3b53ed6be5800ec9e583597b8b
287,16,0.1304,0x141dc1c9dd8c7ee07f398a7f7d47ed1b1750247d,2017-09-01T05:09:05.000Z,0.00815,0xb7213ad55a61d65238068c8d180779d79111b8f0,buy,0x1f573d6fb3f13d689ff844b4ce37794d79a7ff1c,0x0b254a9df77a32d5711abd42a44ab65d844e810bf94e502b4dbca4b46adf6264
288,4.8,0.0384,0x141dc1c9dd8c7ee07f398a7f7d47ed1b1750247d,2017-09-01T02:24:51.000Z,0.008,0xb4e238204fea0d297d6e4557c673d68f21c6e7ee,buy,0x1f573d6fb3f13d689ff844b4ce37794d79a7ff1c,0xfe976651a96cfd09e514aae76c12f818fcba8ecac07f03d718748c1a588cbc49
289,200,1.63,0x00aa12f6d17212ed0c2764e7731f7906235415a8,2017-09-01T02:18:04.000Z,0.00815,0xc2ef3492077355a26a7bd24386a15e1346c07ef0,sell,0x1f573d6fb3f13d689ff844b4ce37794d79a7ff1c,0xf6fcfd7e89b525ce5a8f6c103e13402f23bfc6abb20053bb53a7610d1d196695
290,9.969095803010667,0.0807496760043864,0xed05637cafbf838059080a3ad9bb059140995554,2017-08-31T23:40:14.000Z,0.0081,0x41ae6e47334cfed0501e9d448e2344613b16bc9d,sell,0x1f573d6fb3f13d689ff844b4ce37794d79a7ff1c,0x1b325726ea6d65f24f89f457200604258cf371611e307aa0b50d8acf97e88872
291,99.69095803010667,0.8074967600438641,0xed05637cafbf838059080a3ad9bb059140995554,2017-08-31T21:18:59.000Z,0.0081,0x846e91a60e3729f5e4744edf12efeb6b4fbb4ff7,sell,0x1f573d6fb3f13d689ff844b4ce37794d79a7ff1c,0x0746cbe27aeeac2bbb77c7804483e48f8aff23fc11df2061a8a8896bc9e6a8f9
292,9.969592717366314,0.0803549173019725,0x1fdf047bf7a114b37e7936d01e9cad754ad18803,2017-08-31T06:36:06.000Z,0.00806,0xd7b69a37104ba4e9f8b3b418d73bc7c7ced13c1a,sell,0x1f573d6fb3f13d689ff844b4ce37794d79a7ff1c,0xd4a5ecba59bd388c15b2de8bfc098e453dbbf8df8930b8719870e77549a65aad
293,500,5,0xa4656d829fdebb34350204e882e8bebe66a34de3,2017-08-31T04:07:03.000Z,0.01,0x19bb509487bbd52aaac6b0f3be43d26817b70a02,buy,0x1f573d6fb3f13d689ff844b4ce37794d79a7ff1c,0x186ce06c2cff06daf2382bb8e1b0879eb6026bd60c8806920b4acc857bcb9836
294,0.333,0.0031635,0xa4656d829fdebb34350204e882e8bebe66a34de3,2017-08-31T04:07:03.000Z,0.0095,0x5104efc872d45dba3a97bf02aebe240dfc283321,buy,0x1f573d6fb3f13d689ff844b4ce37794d79a7ff1c,0x164ad352caec983bd6400bea9e8619fb5f13a5183b3138406f1933ebc8a98d0a
295,23,0.22974424,0xa4656d829fdebb34350204e882e8bebe66a34de3,2017-08-31T04:07:03.000Z,0.00998888,0x8a09575d6bd491b7d82ad062651beb62964b24d2,buy,0x1f573d6fb3f13d689ff844b4ce37794d79a7ff1c,0xc5d615ca78e7fa8522c657508b71cc8128ef89a070509b84beae41de159fd154
296,44,0.4136,0xa4656d829fdebb34350204e882e8bebe66a34de3,2017-08-31T04:07:03.000Z,0.0094,0x2f568b1dd062304890fc2513d2c2d38d80d0759b,buy,0x1f573d6fb3f13d689ff844b4ce37794d79a7ff1c,0xbc2f82ba01d716040e706212fa5e0f53f0e26ba23e331f199ac92f0b6e35e7ed
297,91.14046460772585,0.7336807400921931,0xed05637cafbf838059080a3ad9bb059140995554,2017-08-31T03:35:16.000Z,0.00805,0xc7fc870676fbc48f894d9af5fe43eedb7f85278f,sell,0x1f573d6fb3f13d689ff844b4ce37794d79a7ff1c,0x876ee700266d0c5b24e92a3113546d5ecf26daeb70f66b72adfb1296225aacf9
298,0.000480098033759722,0.000003864789171765,0xed05637cafbf838059080a3ad9bb059140995554,2017-08-31T03:29:38.000Z,0.008049999999998413,0xc7fc870676fbc48f894d9af5fe43eedb7f85278f,sell,0x1f573d6fb3f13d689ff844b4ce37794d79a7ff1c,0x1aaab2c2b7c90c8a7ad3fba5f29b840e7c9751e849e7f7bebdb2bbbc0da2c5b8
299,80,0.752,0x86906d37183928617144924568fbd0e61eea4c39,2017-08-31T01:52:44.000Z,0.0094,0x2f568b1dd062304890fc2513d2c2d38d80d0759b,buy,0x1f573d6fb3f13d689ff844b4ce37794d79a7ff1c,0x9b68d0aced87b37ddf603200ec6ff3430f98312d8ed276c30897a76d8d04f53c
300,782.3538816739781,6.41530182972662,0xf142f26d1cac4ba8a6e6d7974d243eda2fe5f4f9,2017-08-31T00:26:49.000Z,0.0082,0xef58321032cf693fa7e39f31e45cbc32f2092cb3,buy,0x1f573d6fb3f13d689ff844b4ce37794d79a7ff1c,0xf32190ed41e246ac039dcc165ed54a5417fdddb51ccfec76a04b84a5531c98d2
301,162.93279378376639,1.3360489090268843,0x097501c95264ad3204159efaefdc5820783dbeae,2017-08-31T00:04:25.000Z,0.0082,0xef58321032cf693fa7e39f31e45cbc32f2092cb3,buy,0x1f573d6fb3f13d689ff844b4ce37794d79a7ff1c,0x2f7b1671f012f7e9e27034925bcc8d70b99852d4db635d3cc2f6b325c56e7410
302,10,0.0805,0x097501c95264ad3204159efaefdc5820783dbeae,2017-08-31T00:02:01.000Z,0.00805,0x41ae6e47334cfed0501e9d448e2344613b16bc9d,buy,0x1f573d6fb3f13d689ff844b4ce37794d79a7ff1c,0xfb55c8ca692b761093379e80ca95a480cf79800b552679be14fad4c2987150d8
303,54.71332454225558,0.44864926124649573,0xdcf93441dd681e2cac27bff4d6db7e5036f25bad,2017-08-30T23:22:25.000Z,0.0082,0xef58321032cf693fa7e39f31e45cbc32f2092cb3,buy,0x1f573d6fb3f13d689ff844b4ce37794d79a7ff1c,0xa08a8c874637d55b0d8d7dcf5bd7d8241143c24e6daaa641ce50dbde90aa7852
304,124.62053008575025,1.0031952671902895,0xed05637cafbf838059080a3ad9bb059140995554,2017-08-30T20:47:24.000Z,0.00805,0xc0f1c74ead422ae8edf02f21f9b76a3aebec1c89,sell,0x1f573d6fb3f13d689ff844b4ce37794d79a7ff1c,0xe44648224f41e778bb73189baeae6f4eec780621389a52076c116e47901e5b5c
305,20.887324294686472,0.1681429605722261,0xed05637cafbf838059080a3ad9bb059140995554,2017-08-30T19:36:50.000Z,0.00805,0xcd871ccde50e46e491dfb1ead6f0519a83b824fe,sell,0x1f573d6fb3f13d689ff844b4ce37794d79a7ff1c,0x2c66993c1ff5b8e443185cbf0087e8fecc8d6e4b7ec62dc817858f87943654c7
306,500,4.025,0xed05637cafbf838059080a3ad9bb059140995554,2017-08-30T19:33:51.000Z,0.00805,0xcd871ccde50e46e491dfb1ead6f0519a83b824fe,sell,0x1f573d6fb3f13d689ff844b4ce37794d79a7ff1c,0x89bd361f2b002caddeb2db9d491eaf4dc75f6470e951abccb6f87adbe911340a
307,500,4.025,0xed05637cafbf838059080a3ad9bb059140995554,2017-08-30T19:32:25.000Z,0.00805,0xcd871ccde50e46e491dfb1ead6f0519a83b824fe,sell,0x1f573d6fb3f13d689ff844b4ce37794d79a7ff1c,0xafce990c0831272cea141599033c27e2f17107a9a05a39ae4cc774bcfd9b424b
308,1450.1545209849467,11.746251619978068,0xed05637cafbf838059080a3ad9bb059140995554,2017-08-30T18:21:13.000Z,0.0081,0xef58321032cf693fa7e39f31e45cbc32f2092cb3,sell,0x1f573d6fb3f13d689ff844b4ce37794d79a7ff1c,0x303138ed0f0ceb75db39d4dfb3b9cfd3be7af8ee81c2231f2593b84d9209d253
309,49.845479015053336,0.40374838002193203,0xed05637cafbf838059080a3ad9bb059140995554,2017-08-30T17:44:36.000Z,0.0081,0xe32421a08dfe8dbe8e6b4843f065b13645d2ecb8,sell,0x1f573d6fb3f13d689ff844b4ce37794d79a7ff1c,0x9ce668379acd0ddc004047e27e711520bb55d9a2212597060529228f12eb0eb6
310,0.05,0.000425,0x98f0deb428b74fb5302d250af5d55e77c8519f2a,2017-08-30T13:43:38.000Z,0.0085,0xc0f1c74ead422ae8edf02f21f9b76a3aebec1c89,buy,0x1f573d6fb3f13d689ff844b4ce37794d79a7ff1c,0xa9d4614a6acf5db43e50c0facd8d4b0aa6ac4410b069fe74fda798b268f0b070
311,3.425156342233636,0.02911382890898591,0xc2ef3492077355a26a7bd24386a15e1346c07ef0,2017-08-30T13:11:09.000Z,0.0085,0xc0f1c74ead422ae8edf02f21f9b76a3aebec1c89,buy,0x1f573d6fb3f13d689ff844b4ce37794d79a7ff1c,0x660305633495e8e73debce1d189cffa4dcad76efb499af138dc7a9ae734cf896
312,70.22933514059358,0.5969493486950453,0x13861ca286e086a8f839e205510f3b2102e9aaeb,2017-08-30T11:09:17.000Z,0.0085,0xc0f1c74ead422ae8edf02f21f9b76a3aebec1c89,buy,0x1f573d6fb3f13d689ff844b4ce37794d79a7ff1c,0x822a4282dbf199b3712abbebbb702b7b119b5ef98588f98bbdb12a91a824e562
313,0.6386547881567142,0.00542856569933207,0x8ad8547a5903775d395b63fcacc6bc189e0adedb,2017-08-30T08:57:13.000Z,0.0085,0xc0f1c74ead422ae8edf02f21f9b76a3aebec1c89,buy,0x1f573d6fb3f13d689ff844b4ce37794d79a7ff1c,0x37c4eb1c66ea1b4e0ff045a791c94d9b3de5b245374f4a8078c557a5978a9b53
314,0.65,0.005525,0x8ad8547a5903775d395b63fcacc6bc189e0adedb,2017-08-30T08:13:47.000Z,0.0085,0xc0f1c74ead422ae8edf02f21f9b76a3aebec1c89,buy,0x1f573d6fb3f13d689ff844b4ce37794d79a7ff1c,0x7eb314a58030f29f3d6bd4f07476dadddfe5c4c9a72c9e1b2852b990766a0039
315,0.35,0.00308,0x8ad8547a5903775d395b63fcacc6bc189e0adedb,2017-08-30T06:06:44.000Z,0.0088,0xcd871ccde50e46e491dfb1ead6f0519a83b824fe,buy,0x1f573d6fb3f13d689ff844b4ce37794d79a7ff1c,0x644a9153c11644bc5a34854f6c4fec9d94f971b1f195b4eb4f77b4dbe8e3b405
316,240.975,2.0000925,0xed05637cafbf838059080a3ad9bb059140995554,2017-08-30T05:54:34.000Z,0.0083,0xcd871ccde50e46e491dfb1ead6f0519a83b824fe,sell,0x1f573d6fb3f13d689ff844b4ce37794d79a7ff1c,0xca325ea02cc6cbe5114700b51806d9fd5a736b169cbb7051b17112949c102ab7
317,199.3619778686073,1.6547044163094407,0xed05637cafbf838059080a3ad9bb059140995554,2017-08-30T01:44:13.000Z,0.0083,0x1f1638dace3175b7a20d7c1764fa239a7db58fd4,sell,0x1f573d6fb3f13d689ff844b4ce37794d79a7ff1c,0x4585aa78fb439f4a8ce1b9f754968b75666b7989965c2a6e7ad02751fc55bdb7
318,2.00002675,0.017776237754,0xe3234fa791e14d2a003f96d36727be8304e7016c,2017-08-29T19:22:30.000Z,0.008888,0xfcdb6997561f2af72c0cbcc27cdb4b59d8d4a871,buy,0x1f573d6fb3f13d689ff844b4ce37794d79a7ff1c,0x2e8d2427e84627e9fae248b18df142f57d55bd26499dca1cfa9a505afee0dd14
319,0.337,0.002995256,0xe3234fa791e14d2a003f96d36727be8304e7016c,2017-08-29T18:57:32.000Z,0.008888,0xfcdb6997561f2af72c0cbcc27cdb4b59d8d4a871,buy,0x1f573d6fb3f13d689ff844b4ce37794d79a7ff1c,0x17e6d8da559cc646b12603778ca51b9a1cdab693a198d74373bff8177445c9e6
320,0.6629732485213577,0.005702232910532198,0xe3234fa791e14d2a003f96d36727be8304e7016c,2017-08-29T18:52:10.000Z,0.008601,0xed05637cafbf838059080a3ad9bb059140995554,buy,0x1f573d6fb3f13d689ff844b4ce37794d79a7ff1c,0x79fb7dc95ef55254bc6b26752d0f9ac55d112458fd801a9af61dde9c9470110e
321,56,0.4648,0x5cafe4321d49717abcdf911235faf6e614b8791f,2017-08-29T10:40:37.000Z,0.0083,0xadba3d5f25dab0eef138381301df7ccecdd5c4dd,buy,0x1f573d6fb3f13d689ff844b4ce37794d79a7ff1c,0x81a97ca771e54e4508eb0b636ae8f82b40c62c6e701d3db8eba5b29fa7bf81c2
322,144,1.1952,0xc0866ef78a6ecae1b28f3f5bbe6e562e2763f109,2017-08-29T10:23:39.000Z,0.0083,0xadba3d5f25dab0eef138381301df7ccecdd5c4dd,buy,0x1f573d6fb3f13d689ff844b4ce37794d79a7ff1c,0xe73a7a2c0203b74457640896ab50c8c675b4109e9adda585dadb1d747518bf23
323,122,1.0126,0xed05637cafbf838059080a3ad9bb059140995554,2017-08-29T10:22:57.000Z,0.0083,0x5104efc872d45dba3a97bf02aebe240dfc283321,sell,0x1f573d6fb3f13d689ff844b4ce37794d79a7ff1c,0xa741f1a445dc20b799a6e8bc01b491546f4a39791c6b1e6fd7587be3257c805f
324,200,1.66,0xed05637cafbf838059080a3ad9bb059140995554,2017-08-29T09:45:50.000Z,0.0083,0xadba3d5f25dab0eef138381301df7ccecdd5c4dd,buy,0x1f573d6fb3f13d689ff844b4ce37794d79a7ff1c,0xaff0829bd315d248b2eab1b3c8dbf6201c0987d7832c81001075701fd4f01963
325,4.5,0.039996,0xc82b604e981888305772ab1b73eb7fcac92115e0,2017-08-29T08:18:58.000Z,0.008888,0xadba3d5f25dab0eef138381301df7ccecdd5c4dd,buy,0x1f573d6fb3f13d689ff844b4ce37794d79a7ff1c,0xca399123ae9b56a5bdb228d7c826788a5bbeb2490311951f5021e8c698ef01b7
326,96.7989041201192,0.8034309041969894,0xf71e48a86109f40405859ecefd78b4374e03f68d,2017-08-29T08:12:27.000Z,0.0083,0xadba3d5f25dab0eef138381301df7ccecdd5c4dd,buy,0x1f573d6fb3f13d689ff844b4ce37794d79a7ff1c,0x050e7b714a5f264b87b5b8f4cd65b4a83ed38fa68983b0d9e6cd391a82fbd7c4
327,100,0.83,0x767bcdedccdeb0f3dc4c70efe25865b065081ee8,2017-08-29T07:53:51.000Z,0.0083,0xadba3d5f25dab0eef138381301df7ccecdd5c4dd,buy,0x1f573d6fb3f13d689ff844b4ce37794d79a7ff1c,0x8812421249aff2fb079c0dba9f921e996bcc326e65afa1b8032b492d0ee98896
328,2,0.0166,0xc82b604e981888305772ab1b73eb7fcac92115e0,2017-08-29T07:49:12.000Z,0.0083,0xadba3d5f25dab0eef138381301df7ccecdd5c4dd,buy,0x1f573d6fb3f13d689ff844b4ce37794d79a7ff1c,0xc192eead8f3e3c11e827eeb09a0c00b678751d14af445991292bd2fe451fd7b3
329,1.2010958798808031,0.009969095803010666,0xc82b604e981888305772ab1b73eb7fcac92115e0,2017-08-29T07:22:45.000Z,0.0083,0xadba3d5f25dab0eef138381301df7ccecdd5c4dd,buy,0x1f573d6fb3f13d689ff844b4ce37794d79a7ff1c,0x80370d829eeb91764a69413e3a487eb3e341d9c1c83687474a35a1e2f68de981
330,124,1.0044,0x2f568b1dd062304890fc2513d2c2d38d80d0759b,2017-08-29T05:59:48.000Z,0.0081,0xadba3d5f25dab0eef138381301df7ccecdd5c4dd,sell,0x1f573d6fb3f13d689ff844b4ce37794d79a7ff1c,0x340274c4e0d1d218aaaf0539577c9132fdf8815a3054ca229ba0373424b3342e
331,4.562,0.040547056,0x3ac91e029c9f119516e2b94a996352aed9766db9,2017-08-29T00:17:22.000Z,0.008888,0x0f7ce02f8af040579eb7a93549bdcc965fa8eb7b,buy,0x1f573d6fb3f13d689ff844b4ce37794d79a7ff1c,0xcb8696aff4879d15170064e260d71e55f2a81eeb7f73a57b7df1d93411b32afa
332,200,1.5224,0x5cafe4321d49717abcdf911235faf6e614b8791f,2017-08-28T23:11:38.000Z,0.007612,0xc2ef3492077355a26a7bd24386a15e1346c07ef0,sell,0x1f573d6fb3f13d689ff844b4ce37794d79a7ff1c,0x262c4ded751327cf327cd92d6f48462aa1f2424d79a3c8833b94c528bb22ef6e
333,200,1.62,0x669f0ab96fd3beb68bc836bb874894bbb516331a,2017-08-28T22:35:39.000Z,0.0081,0xadba3d5f25dab0eef138381301df7ccecdd5c4dd,buy,0x1f573d6fb3f13d689ff844b4ce37794d79a7ff1c,0x86b2fea6cf4e70755e2cf58edc9759021ff30a6389096e6fc6ecb04e1861d1c2
334,282.3786570672884,2.292914695386382,0x03779efad7c84eacaea6f3bb20c2f3d94033a2bd,2017-08-28T22:29:48.000Z,0.00812,0xadba3d5f25dab0eef138381301df7ccecdd5c4dd,sell,0x1f573d6fb3f13d689ff844b4ce37794d79a7ff1c,0x30f5effe14fff16273948943c570a4be0d7101a51967df13b44b5c8188d4e468
335,67.6213429327116,0.5490853046136183,0x03779efad7c84eacaea6f3bb20c2f3d94033a2bd,2017-08-28T21:56:30.000Z,0.00812,0xd607d781a1d4eccdb45101b9e9c11777b438c9da,sell,0x1f573d6fb3f13d689ff844b4ce37794d79a7ff1c,0x3f2105f15f13d950a0bca4bfadcaf43e3495660315dafc80c50dfe3a3cab0cc6
336,3.713,0.033001144,0xa300e3aa8e5c53a93e598ba6e685a84a9cd1059c,2017-08-28T06:17:35.000Z,0.008888,0x0f7ce02f8af040579eb7a93549bdcc965fa8eb7b,buy,0x1f573d6fb3f13d689ff844b4ce37794d79a7ff1c,0x68a9c72b1d3f9854395fcd72ae3cbd5b4620c82a745d630c7b667b3081069870
337,10,0.08,0xed115d62d9aea8d75e25dfd857a65a7ca6c78d22,2017-08-27T23:43:31.000Z,0.008,0x0f7ce02f8af040579eb7a93549bdcc965fa8eb7b,sell,0x1f573d6fb3f13d689ff844b4ce37794d79a7ff1c,0x5ea5aa93c8f2ec0132ee963f93e34ac236bd57626f077d9da70ba4547b7f26bf
338,690.0309041969894,5.5202472335759145,0x6f9fcac7ac5e87ec747d47e81a42e8ca6b73e95a,2017-08-27T23:36:18.000Z,0.008,0xadba3d5f25dab0eef138381301df7ccecdd5c4dd,sell,0x1f573d6fb3f13d689ff844b4ce37794d79a7ff1c,0x182f65c24d5be3803c2c7dd70e9a3db9cad21b2757cf29cdd8fb2a2be9e40f75
339,200,1.62,0x03779efad7c84eacaea6f3bb20c2f3d94033a2bd,2017-08-27T23:32:53.000Z,0.0081,0xadba3d5f25dab0eef138381301df7ccecdd5c4dd,sell,0x1f573d6fb3f13d689ff844b4ce37794d79a7ff1c,0x0636fe89a4cb4b0e9715542d18a001fbbaedc35c832fee9a3b92abed7216b131
340,9.969095803010667,0.07975276642408534,0x6f9fcac7ac5e87ec747d47e81a42e8ca6b73e95a,2017-08-27T20:40:05.000Z,0.008,0xcb15992a1458b5f27b73ae033c053a872e7dca84,sell,0x1f573d6fb3f13d689ff844b4ce37794d79a7ff1c,0xc360f529731025e51a32f7e0120a614a2a9f011b1115bd2ddc0c00790f9a2dc6
341,3.713,0.033001144,0x46775b2583502dbe0f594c725c5944543f19682b,2017-08-27T18:13:34.000Z,0.008888,0xadba3d5f25dab0eef138381301df7ccecdd5c4dd,buy,0x1f573d6fb3f13d689ff844b4ce37794d79a7ff1c,0xc554e2dac587a784ba8797a55bf374aff8264ed16e00b1e552cf233a6eb75029
342,0.033306755798202,0.000283107424284717,0xdcf93441dd681e2cac27bff4d6db7e5036f25bad,2017-08-27T16:19:20.000Z,0.0085,0x03779efad7c84eacaea6f3bb20c2f3d94033a2bd,buy,0x1f573d6fb3f13d689ff844b4ce37794d79a7ff1c,0x4a2153aa37c478298a63554e71a4428495e55a8f8d51b82ce8ec48d4c8bb6655
343,91.42348158633766,0.8125719043393692,0xc7fc870676fbc48f894d9af5fe43eedb7f85278f,2017-08-27T13:40:58.000Z,0.008888,0xadba3d5f25dab0eef138381301df7ccecdd5c4dd,buy,0x1f573d6fb3f13d689ff844b4ce37794d79a7ff1c,0xce8f739c1605bb10fe9fe57b2da7eb053f1f435d14e33207813dc01804757971
344,150,1.2,0x669f0ab96fd3beb68bc836bb874894bbb516331a,2017-08-27T13:02:18.000Z,0.008,0xadba3d5f25dab0eef138381301df7ccecdd5c4dd,buy,0x1f573d6fb3f13d689ff844b4ce37794d79a7ff1c,0x0db4ed8cb4c80f7ca3335322a68ea05da2ea79308419abb936b36330b61b7ee7
345,150,1.2,0x669f0ab96fd3beb68bc836bb874894bbb516331a,2017-08-27T12:43:26.000Z,0.008,0xadba3d5f25dab0eef138381301df7ccecdd5c4dd,buy,0x1f573d6fb3f13d689ff844b4ce37794d79a7ff1c,0xce4fdc085721dd97aa7e431293f762410f8cf61e8e6730c83172b6fee8368bcf
346,20,0.179998,0xc178204edac25f3b51846d70a37b800cea33d467,2017-08-27T03:47:41.000Z,0.0089999,0xadba3d5f25dab0eef138381301df7ccecdd5c4dd,buy,0x1f573d6fb3f13d689ff844b4ce37794d79a7ff1c,0x3ef41cb5e06b272c0f3a3c4c8443bae3e52e5c08481456049eb7f123481142e9
347,14.400358887448908,0.10800269165586682,0x90a7efe7552ba6db534be1e49b0ae524ed719153,2017-08-27T01:10:30.000Z,0.0075,0x002e7f42730dcbb6bd07b99198117d78a217ed23,sell,0x1f573d6fb3f13d689ff844b4ce37794d79a7ff1c,0x733d435f3d6fa3273e96337b19f1227df23bc20c6ea84ab2739a09c3d87a87d1
348,14.445,0.1300035555,0x002e7f42730dcbb6bd07b99198117d78a217ed23,2017-08-27T00:46:55.000Z,0.0089999,0xadba3d5f25dab0eef138381301df7ccecdd5c4dd,buy,0x1f573d6fb3f13d689ff844b4ce37794d79a7ff1c,0xf249db132a9c8a47b6644f4d8a5df68689a27a4c6efa514a1e8ae69dfb889286
349,150,1.2,0xf142f26d1cac4ba8a6e6d7974d243eda2fe5f4f9,2017-08-26T12:33:12.000Z,0.008,0xadba3d5f25dab0eef138381301df7ccecdd5c4dd,buy,0x1f573d6fb3f13d689ff844b4ce37794d79a7ff1c,0x8b9e6313caa81300641b4d23434a67d3fc17bdc4f4452368fdc71ffa3051e811
350,5.347957190830757,0.03797049605489837,0x7b6b2f3c88ce2ecedc01c545f13faf36034d772f,2017-08-25T21:49:32.000Z,0.0070999999999999995,0x215055e7515ebb013f688d8d5c71b33e961cfd2b,sell,0x1f573d6fb3f13d689ff844b4ce37794d79a7ff1c,0x8672de621699cea56e5e9f499a29ced80bf324c9cfe679a9eaa2262af20e718a
351,50,0.4,0x534cacb922c009e510fb25e0d89d307d15a8392f,2017-08-25T14:11:42.000Z,0.008,0xadba3d5f25dab0eef138381301df7ccecdd5c4dd,buy,0x1f573d6fb3f13d689ff844b4ce37794d79a7ff1c,0xec0e21ced66e203f4594db32077dd4833ab6709a1d58ca5059f1893763304cde
352,1,0.00988,0xbb325a2ee38566c7a03010b2c4929fd99861bf36,2017-08-25T12:08:34.000Z,0.00988,0xadba3d5f25dab0eef138381301df7ccecdd5c4dd,buy,0x1f573d6fb3f13d689ff844b4ce37794d79a7ff1c,0xdfd98ff235bba83a4814e09737d4f7454a81253a1d8d2bae3d01765f80d72e3a
353,30,0.267,0x43f5620f84e74854bab3fc9d0df8a30576bf9b9c,2017-08-25T09:10:30.000Z,0.0089,0x3ac876ef8f7a545128aa2b76f632f050a2047c22,buy,0x1f573d6fb3f13d689ff844b4ce37794d79a7ff1c,0x372678fa7b40c7de5a8492db6f1c7974223abaaa4f58251e659c53cbb0dd19c7
354,25,0.247,0xd804feba2dc22164dacc1f51dbd551dbdb657ee7,2017-08-24T20:30:05.000Z,0.00988,0xadba3d5f25dab0eef138381301df7ccecdd5c4dd,buy,0x1f573d6fb3f13d689ff844b4ce37794d79a7ff1c,0xb423820b3a2aa479ac6dcc037e8f6f270144d660d3e2849a3928aa3bf792df6c
355,0.5,0.005,0x54649bf8777e356d16ba8dd86bf643c06baa97e8,2017-08-24T20:12:52.000Z,0.01,0xadba3d5f25dab0eef138381301df7ccecdd5c4dd,buy,0x1f573d6fb3f13d689ff844b4ce37794d79a7ff1c,0x5d4e833cdc2a2e19d58d81498a51820ea112607e94ee3f82a5bb64b03f1b2612
356,0.1,0.000988,0x2d7ad46c8c2128b37f7bbf1d70f81db34d1176ba,2017-08-24T17:11:22.000Z,0.00988,0xadba3d5f25dab0eef138381301df7ccecdd5c4dd,buy,0x1f573d6fb3f13d689ff844b4ce37794d79a7ff1c,0x9e15dda3cc48cee6ae141e3406fa8f1a52dcb95103d2705bee081a16dfb55396
357,0.5,0.00415,0x4717c48e3f3d63d01ee7452fcea47cb522c56a99,2017-08-24T16:45:12.000Z,0.0083,0xb8382f6298f01b4eebfda0e2bb2dde60250af575,buy,0x1f573d6fb3f13d689ff844b4ce37794d79a7ff1c,0xd12108f2c40b3bf1e7e04b0684197914bbfa911dfa7581f2410f68434ad62854
358,150,1.2,0xd804feba2dc22164dacc1f51dbd551dbdb657ee7,2017-08-24T16:31:33.000Z,0.008,0x32410e8e870d36131b05e7d0730bc7f35c0ccc61,buy,0x1f573d6fb3f13d689ff844b4ce37794d79a7ff1c,0x1e3e5e32e18f8c0953b00da1ea50544cc4bc2cf9dee223450648bf84b4814d7e
359,1.7366164888844582,0.013892933647692155,0xd5840247f1e80d7d5d262e4687db4fa683b9eed7,2017-08-24T10:46:52.000Z,0.008000001,0xf81ab81ca1a6a19cc7b69b2c7876ff6543060598,sell,0x1f573d6fb3f13d689ff844b4ce37794d79a7ff1c,0x724dd8a54e1b847d9bc6a3ca94293a46c3c528e41763a0053d6e741feaeef378
360,1.742,0.011323001742,0xf81ab81ca1a6a19cc7b69b2c7876ff6543060598,2017-08-24T10:45:13.000Z,0.006500001,0x82db3fab2fd704c078c41da0fcd1b103425b7fcd,buy,0x1f573d6fb3f13d689ff844b4ce37794d79a7ff1c,0xbf4071f80afdfeedcab72de6b5ceb044c9270872aac127bc55144bd6efc69b90
361,71.301,0.570408285204,0xbe3277d70e81e133069c8dcc2895eef31066f85f,2017-08-24T10:30:32.000Z,0.008000004,0x82db3fab2fd704c078c41da0fcd1b103425b7fcd,sell,0x1f573d6fb3f13d689ff844b4ce37794d79a7ff1c,0x1135c5a71c64174a2cedb860c2d73f36201744913dfaeaad0d810cff724866eb
362,200,1.404,0xa3d559a26e0252266d4d43231d7c29707c76d8b0,2017-08-24T10:30:16.000Z,0.00702,0x82db3fab2fd704c078c41da0fcd1b103425b7fcd,sell,0x1f573d6fb3f13d689ff844b4ce37794d79a7ff1c,0x88d3a3c9d6d5c24350de8aac3d53329373075e5dbb3fe92448b753b7b0e58c2f
363,19.569,0.15655297845,0x3a467db815a1f81191b3ab2c7f9b767f5d8985e0,2017-08-24T08:31:06.000Z,0.00800005,0x82db3fab2fd704c078c41da0fcd1b103425b7fcd,sell,0x1f573d6fb3f13d689ff844b4ce37794d79a7ff1c,0x1e63be07d9897b01349a10dbe88209abf3e35307cccdfe983f7d3339709ddc6f
364,5,0.0415,0x4454847b528907f6819a6696491370060a37e5d0,2017-08-24T08:15:23.000Z,0.0083,0x82db3fab2fd704c078c41da0fcd1b103425b7fcd,sell,0x1f573d6fb3f13d689ff844b4ce37794d79a7ff1c,0xa5381e730f347602357d8640cc602f04350530caae2fe843c51fc78b512b67b4
365,97.01,0.77608029103,0xd5840247f1e80d7d5d262e4687db4fa683b9eed7,2017-08-24T04:15:17.000Z,0.008000003,0x5104efc872d45dba3a97bf02aebe240dfc283321,sell,0x1f573d6fb3f13d689ff844b4ce37794d79a7ff1c,0xf1866eb0b13f3a88b30a52b94fd8a6b2432314112155f0607720f7efc275915c
366,54,0.432000216,0xbe3277d70e81e133069c8dcc2895eef31066f85f,2017-08-23T18:39:35.000Z,0.008000004,0x63e0d8753480ffcc6ce65ec46f9efb06778e819c,sell,0x1f573d6fb3f13d689ff844b4ce37794d79a7ff1c,0x189f442385ef8e388edd5a7d08f45e1a1b720c25c05d93991b9c620ab1af0d0b
367,100,0.8000005,0xd5840247f1e80d7d5d262e4687db4fa683b9eed7,2017-08-23T18:37:35.000Z,0.008000005,0x63e0d8753480ffcc6ce65ec46f9efb06778e819c,sell,0x1f573d6fb3f13d689ff844b4ce37794d79a7ff1c,0x59ded5fb8279605d5231d97a6e04b8ea1641602c7dcc8059ec2f57334d1b91f4
368,100,0.8000005,0x534cacb922c009e510fb25e0d89d307d15a8392f,2017-08-23T13:02:35.000Z,0.008000005,0xadba3d5f25dab0eef138381301df7ccecdd5c4dd,buy,0x1f573d6fb3f13d689ff844b4ce37794d79a7ff1c,0x4f3d9f6a7948d7f91667d5236bf912876d9ddd7646cd8aacfc403f0430a8f261
369,29.698933306749076,0.23759158524972585,0xbe3277d70e81e133069c8dcc2895eef31066f85f,2017-08-23T11:27:38.000Z,0.008000004,0x3659751a8cd91b1ebc3d3756f9c1f41bff1d7272,sell,0x1f573d6fb3f13d689ff844b4ce37794d79a7ff1c,0x44846a6b3efa39060db04cb15ea5ef49e70ab3784f9d10586f78bccb7d5a5924
370,100,0.8000005,0xa3d559a26e0252266d4d43231d7c29707c76d8b0,2017-08-23T07:23:35.000Z,0.008000005,0xadba3d5f25dab0eef138381301df7ccecdd5c4dd,buy,0x1f573d6fb3f13d689ff844b4ce37794d79a7ff1c,0x147360bb1da0f925a1d9fdf8b68d7191681b6af9c84e42c202067c45e3c63d00
371,100,0.99,0x7d21c9029a995fa1305231f624edb2c1065c35d9,2017-08-23T04:55:17.000Z,0.0099,0xadba3d5f25dab0eef138381301df7ccecdd5c4dd,buy,0x1f573d6fb3f13d689ff844b4ce37794d79a7ff1c,0x2a6af7c7b88d4cc6d97b525266d5ba2d8f37bc9150d71331d93f8489e6adfd7f
372,2.99,0.02392000897,0xd5840247f1e80d7d5d262e4687db4fa683b9eed7,2017-08-22T08:05:07.000Z,0.008000003,0xd1ee50bd5103309e035dc5806885417214464e04,sell,0x1f573d6fb3f13d689ff844b4ce37794d79a7ff1c,0xacc119af4ccc70b93d0c236b78c3697e3dd5e016328fd8d5db63c73162b06807
373,10,0.09999,0x35ca1f6ccca60fff19178af476ce18caa3a4a169,2017-08-22T03:15:10.000Z,0.009999,0xb7213ad55a61d65238068c8d180779d79111b8f0,buy,0x1f573d6fb3f13d689ff844b4ce37794d79a7ff1c,0xfdd064b887e03443092bd839f1054923eff32c5a94ab4840523f33472b233a8e
374,1,0.009999,0xfc89f3a2670e6b80d3e2727999f4e4cf499511c7,2017-08-21T23:06:19.000Z,0.009999,0xb7213ad55a61d65238068c8d180779d79111b8f0,buy,0x1f573d6fb3f13d689ff844b4ce37794d79a7ff1c,0x98b755c62c7b06297754fe15f65e5b7be685639125b6c460013c42e3a7014f85
375,19.29,0.1929,0x92efc54c39219b0be3dd169e10eb4780204f0a09,2017-08-21T03:56:17.000Z,0.01,0x8628d73d3f950abde99739ef34b6cfa10394f579,buy,0x1f573d6fb3f13d689ff844b4ce37794d79a7ff1c,0x72b36f621128ec96453b119a8fa504762df9f1cb0d4ff85cf676b54cebee6852
376,88.39896321403648,0.7071917941112551,0xd5840247f1e80d7d5d262e4687db4fa683b9eed7,2017-08-20T23:54:44.000Z,0.008000001,0x0325933f88dcf56454d093583ae56c226d267246,sell,0x1f573d6fb3f13d689ff844b4ce37794d79a7ff1c,0xc55d2a7dcaf493ef7a277bb012adfc35bdc1bb68bef507583ce388dc1a733727
377,10,0.1,0xb8cabbaad8138e5325b703904089760705fcca61,2017-08-20T23:52:46.000Z,0.01,0x0325933f88dcf56454d093583ae56c226d267246,sell,0x1f573d6fb3f13d689ff844b4ce37794d79a7ff1c,0x312a024ddcacd028a8719fe3eb49adfde963bf02073c48624944366b15e07a64
378,99,0.801999,0xb7213ad55a61d65238068c8d180779d79111b8f0,2017-08-20T23:50:16.000Z,0.008101,0x0325933f88dcf56454d093583ae56c226d267246,sell,0x1f573d6fb3f13d689ff844b4ce37794d79a7ff1c,0xff3066ac106611effc513fa32af43d7be2689440995a0072d0def88294bdf142
379,11.35480011962915,0.10306752068587378,0x12d00b993bfd0422d6bde9aa63d96e0ab74fb636,2017-08-20T18:06:27.000Z,0.009077,0x6522d3bcab33139a72ba63f3273575f261ec61b2,sell,0x1f573d6fb3f13d689ff844b4ce37794d79a7ff1c,0x00ce8195db9e457dbf9383aca0ddd697ba571a01ec9b0baa16b4220334372f25
380,10,0.1,0xd6f8de78714f2e8af6842281bc6ccb73a54e85eb,2017-08-20T18:01:14.000Z,0.01,0x48f149d5f467dca36ae5433d526a647314c4c882,buy,0x1f573d6fb3f13d689ff844b4ce37794d79a7ff1c,0x87a48a9795567eaff7a116c6c059d4269ac238006f3eb0377c1c966bbb9514a4
