,amount,amountBase,buyer,date,price,seller,side,tokenAddr,txHash
0,4316.56646998,0.71223778411317,0x35622db1b45d8e42cbce42acb0629f10d0648bfc,2017-11-02T16:25:22.000Z,0.000165001,0x1d80982502f3bb75654df13aa32bbd5ac9cab7d6,sell,0x08f5a9235b08173b7569f83645d2c7fb55e8ccd8,0xea84e0df186a93929acbfd6d8c9213b3ce72f78449e4e7ad502c3104d885061f
1,13784.21652439,2.3019779437896544,0xe5830fc331aa8eb94b6a6daba5ae0ad028e5e222,2017-11-02T16:23:06.000Z,0.000167001,0x1d80982502f3bb75654df13aa32bbd5ac9cab7d6,sell,0x08f5a9235b08173b7569f83645d2c7fb55e8ccd8,0xafec8b7e58687c41f15b0b785fce034dfcf6f62d6d64b1b468edfe49269a03a8
2,750,0.1275,0x3737490754c28510ed1f1c0d58aad1de0c060196,2017-11-02T16:21:52.000Z,0.00017,0x1d80982502f3bb75654df13aa32bbd5ac9cab7d6,sell,0x08f5a9235b08173b7569f83645d2c7fb55e8ccd8,0xb954dc7839419b9f99c9021bef59f91f0f74bdef21bfa5eab5e4763cafdfa5d6
3,6000,1.026,0x625309b0c5acf5334da743a16741fce5a56822cc,2017-11-02T16:21:52.000Z,0.000171,0x1d80982502f3bb75654df13aa32bbd5ac9cab7d6,sell,0x08f5a9235b08173b7569f83645d2c7fb55e8ccd8,0x94a8e572b3c69dab2254cf3fd833e3e7744cd19694297e6a5477cb9c8c8df918
4,20000,3.42002,0xe5830fc331aa8eb94b6a6daba5ae0ad028e5e222,2017-11-02T16:21:52.000Z,0.000171001,0x1d80982502f3bb75654df13aa32bbd5ac9cab7d6,sell,0x08f5a9235b08173b7569f83645d2c7fb55e8ccd8,0x374765ffbf16d647a762bb37a285524482e375906ebf7c1fa8a26ecff110c616
5,5000,0.86,0xac356a90024840b8e524e7323f141b93823135c8,2017-11-02T16:21:25.000Z,0.000172,0x1d80982502f3bb75654df13aa32bbd5ac9cab7d6,sell,0x08f5a9235b08173b7569f83645d2c7fb55e8ccd8,0x2136419cced6379f7c80bf294d1efe0ddd4490b528b5cb618464a2fd2dcbb8f4
6,3000,0.528003,0xe5830fc331aa8eb94b6a6daba5ae0ad028e5e222,2017-11-02T14:06:16.000Z,0.000176001,0xd63f3945dde8dc7198588c2918cd7ead8a6e9211,sell,0x08f5a9235b08173b7569f83645d2c7fb55e8ccd8,0x61d4d9c14c93b95295bf19cacf8f7b1e61e14580c13ae701829cf81a7c4212ff
7,4458.73637199,0.7847425060802492,0xac356a90024840b8e524e7323f141b93823135c8,2017-11-02T13:37:55.000Z,0.0001760011,0xff8fe6a8c9ed4efdc7e165dd97084300e059499b,sell,0x08f5a9235b08173b7569f83645d2c7fb55e8ccd8,0x5f3b04d259ce951c82cffbf672dabcbc0fb3ac6859a34aa4bf326b8ad5aeb0ae
8,199.38191606,0.03389512511211606,0xe5830fc331aa8eb94b6a6daba5ae0ad028e5e222,2017-11-02T08:32:44.000Z,0.000170001,0x0fe614ffea49095e98e6cb5cbd589f5455bf0f02,sell,0x08f5a9235b08173b7569f83645d2c7fb55e8ccd8,0x007d5f6b2e2291e13707d97da25435007fab1371f0ec1f58e2b407013cbe7151
9,2096.70022928,0.3564390389776,0x625309b0c5acf5334da743a16741fce5a56822cc,2017-11-02T05:49:16.000Z,0.00017,0xe6c92b9517a451e6479f307dc15998be0d221dab,sell,0x08f5a9235b08173b7569f83645d2c7fb55e8ccd8,0x540d9adae7b58665d06d1674d4014abf800bfcc9c133d33b2df57f8697163839
10,3708.3066411,0.630412128987,0x625309b0c5acf5334da743a16741fce5a56822cc,2017-11-02T05:21:08.000Z,0.00017,0x1caa750048aa9dcf487a55e07d37fad8d1a05639,sell,0x08f5a9235b08173b7569f83645d2c7fb55e8ccd8,0x96e0abb0e55699ac55c25839a91842e200c6101f009507ab3d10ad82871cae49
11,0.84039915,0.0001411870572,0xa18f410cdeea7148dd2f51c217173637f5691243,2017-11-02T03:17:25.000Z,0.000168,0x10a04b1a6776793e4ea65d69145d66c3e85cc9c7,sell,0x08f5a9235b08173b7569f83645d2c7fb55e8ccd8,0x66462da4e2cabef96f5d8970df02b45a41530e73a040c6a4302f364c72249212
12,8430.04382816,1.41624736313088,0xa18f410cdeea7148dd2f51c217173637f5691243,2017-11-02T03:14:18.000Z,0.000168,0x10a04b1a6776793e4ea65d69145d66c3e85cc9c7,sell,0x08f5a9235b08173b7569f83645d2c7fb55e8ccd8,0xbcba38835b3e32e89db45003f11d17a59a3287a5f2b2f0dd3af2f8e3c29e2b00
13,168.44382414,0.02829856245552,0xa18f410cdeea7148dd2f51c217173637f5691243,2017-11-02T00:50:34.000Z,0.000168,0xa54ffa43d11698bc300d924781518b71dd10f0a8,sell,0x08f5a9235b08173b7569f83645d2c7fb55e8ccd8,0x3bd81520ad3ba65babf798fc5694f282be093ef71e4cbe921ad30fc5f368a00f
14,100,0.0167001,0xe5830fc331aa8eb94b6a6daba5ae0ad028e5e222,2017-11-01T20:36:42.000Z,0.000167001,0xe5830fc331aa8eb94b6a6daba5ae0ad028e5e222,sell,0x08f5a9235b08173b7569f83645d2c7fb55e8ccd8,0xc9e818c51bba7ab61f98f3819ca68858dcff42cd1874ab9477eef2320736efa9
15,3725,0.651875,0xe5830fc331aa8eb94b6a6daba5ae0ad028e5e222,2017-11-01T20:01:41.000Z,0.000175,0x269e9348fae5e10be85c17d995592eccaee39440,buy,0x08f5a9235b08173b7569f83645d2c7fb55e8ccd8,0x7aee5577f4681dd02fa49022dff318d86394206314c44d3ac95191102a05bae5
16,4024.2458379,0.66882965825898,0xac356a90024840b8e524e7323f141b93823135c8,2017-11-01T17:13:16.000Z,0.0001662,0x876683cb7dd5efcc8130dc46e26e0c4f127c5caa,sell,0x08f5a9235b08173b7569f83645d2c7fb55e8ccd8,0x1e79c2099563804c435b18515e8500ffc4f077afb76d34a31cc79ebb82357491
17,0.17641713,0.0000292870077513,0xe5830fc331aa8eb94b6a6daba5ae0ad028e5e222,2017-11-01T15:53:12.000Z,0.00016601,0xb4f6ae2cca59f0ea3fb2559e32c61df753bb542a,sell,0x08f5a9235b08173b7569f83645d2c7fb55e8ccd8,0x102063ec6ef3c1f1c6bc7afac9839049400f28400e94c75e9fb9af2690261dfa
18,996.9095803,0.165496959425603,0xe5830fc331aa8eb94b6a6daba5ae0ad028e5e222,2017-11-01T14:28:40.000Z,0.00016601,0xc637b6002de22dae16a29d60a01c37d9cc8f4b0f,sell,0x08f5a9235b08173b7569f83645d2c7fb55e8ccd8,0x5fb1f446d9d0ef40136ce5e74510a6f0872c61e6d2840de89efb71a7a91db966
19,1495.36437045,0.2557236068185879,0xac356a90024840b8e524e7323f141b93823135c8,2017-11-01T11:51:37.000Z,0.0001710109,0x045e718cc8bf15f93ea31e94e95b6ce5ea2fa423,sell,0x08f5a9235b08173b7569f83645d2c7fb55e8ccd8,0x53704fbb37be7c9dfa448073c660b259a50c2b1b48002ee74d78e2af32fd4218
20,150,0.026715,0xcfdadc3626ad7dc8c761461d505cd661af02d2d0,2017-11-01T11:35:43.000Z,0.0001781,0xac356a90024840b8e524e7323f141b93823135c8,sell,0x08f5a9235b08173b7569f83645d2c7fb55e8ccd8,0x6c9b6319297004bd405bd95b1d1b78291e758e7384b61bc75699e0c730a0f04b
21,708.18715641,0.12959824962367875,0xd2f4f4b0b9ee6ac09679945e1dc6fd435daab14f,2017-11-01T10:08:41.000Z,0.00018300000000091605,0xde8675199e28bb080f17f415825f5c1b4bc0fd2b,buy,0x08f5a9235b08173b7569f83645d2c7fb55e8ccd8,0xc21816b3f2741cfae3a4388309c480bc002db2171d7b580fb39d524e29f30519
22,0.22937224,0.000041975121442016,0xd2f4f4b0b9ee6ac09679945e1dc6fd435daab14f,2017-11-01T10:04:18.000Z,0.00018300000663557195,0xde8675199e28bb080f17f415825f5c1b4bc0fd2b,buy,0x08f5a9235b08173b7569f83645d2c7fb55e8ccd8,0x7d7335e7bee69683237a1411e5f9fc04ef1ed0577e43fc223f8fda90c8f63081
23,8456,1.3538056,0xe5830fc331aa8eb94b6a6daba5ae0ad028e5e222,2017-11-01T05:41:11.000Z,0.0001601,0xb4f6ae2cca59f0ea3fb2559e32c61df753bb542a,buy,0x08f5a9235b08173b7569f83645d2c7fb55e8ccd8,0x3c80a1531daf5de9d3a28064c83a9b6092ebd4f7f843ac3795980e629cc7f8bf
24,22598,5.52385512,0x1d80982502f3bb75654df13aa32bbd5ac9cab7d6,2017-11-01T05:24:54.000Z,0.00024444,0x4f5947c9893a0599f07a3e1f599207e3543dbdaf,buy,0x08f5a9235b08173b7569f83645d2c7fb55e8ccd8,0x106bf476cea05c3126baac55e4a292e39ce5ef8ffd4395b9a444fd242c7d859d
25,8.36,0.00157166328,0x1d80982502f3bb75654df13aa32bbd5ac9cab7d6,2017-11-01T05:09:04.000Z,0.000187998,0xe25676fed56c132d42553b70b71315ebe9ccf14d,buy,0x08f5a9235b08173b7569f83645d2c7fb55e8ccd8,0x24675eff09250a4733b11ece8d88bbe5bb5b3366c5f2df579ddea7358ec62a24
26,15.3605912,0.003379330064391882,0x1d80982502f3bb75654df13aa32bbd5ac9cab7d6,2017-11-01T05:09:04.000Z,0.00022000000002551215,0xcec1f3bb4342d1d7f584b5d5b8d6d3b2c9af8a96,buy,0x08f5a9235b08173b7569f83645d2c7fb55e8ccd8,0x4a4d73173af7b3291ce1fe4f4445d60a7092ac3707ff64b81357adca6bfcc078
27,9928.05,2.23381125,0x1d80982502f3bb75654df13aa32bbd5ac9cab7d6,2017-11-01T05:09:04.000Z,0.000225,0xe8f0cc52b0d087e4eaabe1de8c0bc01f83918ea9,buy,0x08f5a9235b08173b7569f83645d2c7fb55e8ccd8,0x4fdfc1e9f1452165d74971ce3deebeb93650be310172fb1749ff87ffa70d1616
28,3000,0.585,0x1d80982502f3bb75654df13aa32bbd5ac9cab7d6,2017-11-01T05:09:04.000Z,0.000195,0x1b33551ecc84d7cb2708c0eefa8034ea91a46427,buy,0x08f5a9235b08173b7569f83645d2c7fb55e8ccd8,0xb4e4a4adce7f3d47180d4102a1b7e0cd564d64b717a15c045268f4ec41a650e1
29,14450,2.788561,0x1d80982502f3bb75654df13aa32bbd5ac9cab7d6,2017-11-01T05:04:28.000Z,0.00019298,0xe5830fc331aa8eb94b6a6daba5ae0ad028e5e222,buy,0x08f5a9235b08173b7569f83645d2c7fb55e8ccd8,0x782dcd258aa46dd539a55a291adf5c25c1af27cf5375ab5a2484e439042ca5ff
30,5550,1.071039,0x1d80982502f3bb75654df13aa32bbd5ac9cab7d6,2017-11-01T04:37:14.000Z,0.00019298,0xe5830fc331aa8eb94b6a6daba5ae0ad028e5e222,buy,0x08f5a9235b08173b7569f83645d2c7fb55e8ccd8,0x8c36ddc87687c15da584a5bc226c0e451be2bab2354fe875558770eaa6fc50b9
31,25000,4.72225,0x1d80982502f3bb75654df13aa32bbd5ac9cab7d6,2017-11-01T04:36:23.000Z,0.00018889,0xe5830fc331aa8eb94b6a6daba5ae0ad028e5e222,buy,0x08f5a9235b08173b7569f83645d2c7fb55e8ccd8,0xbc29242af29b84f1f60e89dbcbdbe7faa5766192ddd1c4ef925569275574830d
32,8250,1.55099175,0x1d80982502f3bb75654df13aa32bbd5ac9cab7d6,2017-11-01T04:35:45.000Z,0.000187999,0xb1d70e579dda889cc0350a846741ba8a2ba1837a,buy,0x08f5a9235b08173b7569f83645d2c7fb55e8ccd8,0x1b836e5aeb4e6dfc54f400763fdb2d60fb5df57f1f406ae7de4780053e34d5fb
33,30000,5.66637,0x1d80982502f3bb75654df13aa32bbd5ac9cab7d6,2017-11-01T04:35:45.000Z,0.000188879,0xd990b20677084e0ecc854a956cb15a401515dfe8,buy,0x08f5a9235b08173b7569f83645d2c7fb55e8ccd8,0x528a0d76968f764527f98f9afdb8b4cc21958d71db9db3d747ab50493a273d40
34,6200,1.1655876,0x1d80982502f3bb75654df13aa32bbd5ac9cab7d6,2017-11-01T04:35:04.000Z,0.000187998,0xe25676fed56c132d42553b70b71315ebe9ccf14d,buy,0x08f5a9235b08173b7569f83645d2c7fb55e8ccd8,0xcd9a05ece254ee3d949766f6b03be22660abf6f2ea55746504c8c156bda3875d
35,287.07574998,0.045960827571798,0x7c2b0444614da1808d2716622184a4bf02ff29df,2017-11-01T03:44:07.000Z,0.0001601,0x7530f85827154ce178ff6c0710af07520663f9d5,sell,0x08f5a9235b08173b7569f83645d2c7fb55e8ccd8,0xb98b032541b5fdf3dd94f2523cad78df1514bd935261330fce76724c851b4109
36,2500,0.4699975,0xc1a2ca4ed47285ed018856eb474312279a63341e,2017-11-01T02:20:03.000Z,0.000187999,0xb1d70e579dda889cc0350a846741ba8a2ba1837a,buy,0x08f5a9235b08173b7569f83645d2c7fb55e8ccd8,0x2724db76f83a296b7994a4a1f43008aa7959469727edc949939e0e24c8121dd2
37,3.04903669,0.000488150774069,0x7c2b0444614da1808d2716622184a4bf02ff29df,2017-11-01T01:42:17.000Z,0.0001601,0xec8dbdd4daa3bb5d31a36af99f7cf986c6bad31e,sell,0x08f5a9235b08173b7569f83645d2c7fb55e8ccd8,0xd4b06bd0e5ebd12ae0520ef89eff2e79d48fcf3f247c3b36e6dc8cb2d9f7f807
38,30584.88698456,4.896640406228056,0x7c2b0444614da1808d2716622184a4bf02ff29df,2017-11-01T01:39:37.000Z,0.0001601,0xec8dbdd4daa3bb5d31a36af99f7cf986c6bad31e,sell,0x08f5a9235b08173b7569f83645d2c7fb55e8ccd8,0x2e48dae798cd17d7825047e4e7f1902e9dc0922b47feb0349b6a2815c578c1b2
39,29465.10327983,4.717363035100783,0x7c2b0444614da1808d2716622184a4bf02ff29df,2017-11-01T00:18:01.000Z,0.0001601,0xa5a43ff72dbb4e8d91f9e77da6562b4f3630d6ef,sell,0x08f5a9235b08173b7569f83645d2c7fb55e8ccd8,0x78901932eeb4decfa0a12164ab574c591cf617f89b03029dac2521e96042f9f6
40,27418.3,4.45547375,0xe8f0cc52b0d087e4eaabe1de8c0bc01f83918ea9,2017-11-01T00:16:54.000Z,0.0001625,0xa5a43ff72dbb4e8d91f9e77da6562b4f3630d6ef,sell,0x08f5a9235b08173b7569f83645d2c7fb55e8ccd8,0x71b8d09f83d6c902934ad31a9d2a4d1eb9643af9127c27c3508eb7dedfda806a
41,1761.53922839,0.286250124613375,0xe8f0cc52b0d087e4eaabe1de8c0bc01f83918ea9,2017-10-31T23:46:08.000Z,0.0001625,0x54cd1da355c89bfcb2fd8190bed4f718d314860f,sell,0x08f5a9235b08173b7569f83645d2c7fb55e8ccd8,0xd1e17fe50020bd977c09e285c03de327d61b7e31c517581f222ede1a54f130c8
42,367.29670409,0.059685714414625,0xe8f0cc52b0d087e4eaabe1de8c0bc01f83918ea9,2017-10-31T23:26:33.000Z,0.0001625,0x787011767ad79f150a1492bc76d541615ac35aac,sell,0x08f5a9235b08173b7569f83645d2c7fb55e8ccd8,0x2fba2cca8a702d67447143cdf1c7964b37be39d83016afdb735e2f2b0b41fdf2
43,452.86399268,0.0735903988105,0xe8f0cc52b0d087e4eaabe1de8c0bc01f83918ea9,2017-10-31T23:10:14.000Z,0.0001625,0x527eee074b45bdc782075223df9d29aff1a64597,sell,0x08f5a9235b08173b7569f83645d2c7fb55e8ccd8,0xa2c428e36dbd927816620e420f58a510d16ae03521d011e9b74ac2ee3be19f21
44,3000,0.495,0x1b33551ecc84d7cb2708c0eefa8034ea91a46427,2017-10-31T23:08:01.000Z,0.000165,0x527eee074b45bdc782075223df9d29aff1a64597,sell,0x08f5a9235b08173b7569f83645d2c7fb55e8ccd8,0xdb1deabb056e63c3008775c8fb4b80f15f995a6910b1bf1420ada1037418e33c
45,3526.15366794,0.5889381856193387,0xbd8f695e5214f3eda8fa07182fc2456ee3e525c4,2017-10-31T23:06:26.000Z,0.00016702,0x527eee074b45bdc782075223df9d29aff1a64597,sell,0x08f5a9235b08173b7569f83645d2c7fb55e8ccd8,0x6b80ea70ee3feee82431b164464e2658253bb6ddc825e186ec4b57353b78b984
46,21.91580142,0.0036603771531684,0xbd8f695e5214f3eda8fa07182fc2456ee3e525c4,2017-10-31T22:59:36.000Z,0.00016702,0x37e0a63c7a309d96a00114e64a696bc890b6627b,sell,0x08f5a9235b08173b7569f83645d2c7fb55e8ccd8,0xb0b72115077a9d1813afb29ed49f79271f5553564cae3bfdf46c61fc23a0f70e
47,6000,1.00212,0xbd8f695e5214f3eda8fa07182fc2456ee3e525c4,2017-10-31T19:18:17.000Z,0.00016702,0xac356a90024840b8e524e7323f141b93823135c8,sell,0x08f5a9235b08173b7569f83645d2c7fb55e8ccd8,0x2ea8a83a0321a52e0154ee3f8d4dfedacf0712a52de00d660ff1958b72971360
48,6000,1.00212,0xbd8f695e5214f3eda8fa07182fc2456ee3e525c4,2017-10-31T19:11:20.000Z,0.00016702,0xac356a90024840b8e524e7323f141b93823135c8,sell,0x08f5a9235b08173b7569f83645d2c7fb55e8ccd8,0xb71f3af205f441d5e9fcfcbfb09238a751845d144d75c2a20f384d82679b6794
49,2475.37513953,0.4134371558043006,0xbd8f695e5214f3eda8fa07182fc2456ee3e525c4,2017-10-31T19:09:14.000Z,0.00016702,0xb3d98d091d3229291823fcb828446f7e7f780a14,sell,0x08f5a9235b08173b7569f83645d2c7fb55e8ccd8,0x67ab864b475ff5dd0b66f7da4a4814da71d489c318832a0cdc7039ff5d686ca4
50,1500,0.255,0x0ce361dcb9a24b6211b7ef736731087221e12d8c,2017-10-31T19:08:43.000Z,0.00017,0xac356a90024840b8e524e7323f141b93823135c8,sell,0x08f5a9235b08173b7569f83645d2c7fb55e8ccd8,0x38e81bc12a5d7dfdea42efc48df891c0458ef2436cf115750d20dde79cda5939
51,21674.90772439,3.686901803918739,0x7c2b0444614da1808d2716622184a4bf02ff29df,2017-10-31T19:07:33.000Z,0.0001701,0xb3d98d091d3229291823fcb828446f7e7f780a14,sell,0x08f5a9235b08173b7569f83645d2c7fb55e8ccd8,0xe771a78da4c8d0d7166fe31ae36b0625b7ba81af45ffb8e2df5b4205f7d83401
52,12400,2.10924,0x7c2b0444614da1808d2716622184a4bf02ff29df,2017-10-31T18:56:31.000Z,0.0001701,0xac356a90024840b8e524e7323f141b93823135c8,sell,0x08f5a9235b08173b7569f83645d2c7fb55e8ccd8,0x98d2f60ad64de7284e3db7e7c12cbaecff9408bed79ce7d8a7b7aac27c7e5f2d
53,14448.41565115,2.457675502260615,0x7c2b0444614da1808d2716622184a4bf02ff29df,2017-10-31T18:21:31.000Z,0.0001701,0xac356a90024840b8e524e7323f141b93823135c8,sell,0x08f5a9235b08173b7569f83645d2c7fb55e8ccd8,0xc55ab03d09426634fb197a1e2e2f01c6edc7c2040fb361a2eb86e36ec63aa7f5
54,35300,6.001,0x9df668b00d9a4f875c2e38c15c67913bebdb242e,2017-10-31T17:42:31.000Z,0.00017,0xac356a90024840b8e524e7323f141b93823135c8,sell,0x08f5a9235b08173b7569f83645d2c7fb55e8ccd8,0xedd55d6b64b8ef3adeabb248def60b7665c4a3a5fff03f5c9888f4920d2e4562
55,21.976,0.0037403152,0x37e0a63c7a309d96a00114e64a696bc890b6627b,2017-10-31T17:37:01.000Z,0.0001702,0xac356a90024840b8e524e7323f141b93823135c8,sell,0x08f5a9235b08173b7569f83645d2c7fb55e8ccd8,0x5ec3b9e9a895e0af928ecf0efa41b05eb4e8454beb0cc922811cd2f9873ee7ab
56,11476.67662446,1.952182693820646,0x7c2b0444614da1808d2716622184a4bf02ff29df,2017-10-31T15:03:40.000Z,0.0001701,0xac356a90024840b8e524e7323f141b93823135c8,sell,0x08f5a9235b08173b7569f83645d2c7fb55e8ccd8,0x18b9ad30f09149c8b40b5e4f76fbb6235b74363502083d54902ca80fb5ab1b31
57,33788.226,5.7507560652,0x902827acbeaad2b41b1ee7f126f84788684ee734,2017-10-31T14:56:54.000Z,0.0001702,0xac356a90024840b8e524e7323f141b93823135c8,sell,0x08f5a9235b08173b7569f83645d2c7fb55e8ccd8,0x13a03ca632c0c5ac092a86b33d289e4f9f6230edd38072f507a7ea736c8f49fd
58,4385,0.749835,0x279cdd763b7d89bd19ce0877464e3f7a2fef511e,2017-10-31T14:56:33.000Z,0.000171,0xac356a90024840b8e524e7323f141b93823135c8,sell,0x08f5a9235b08173b7569f83645d2c7fb55e8ccd8,0x71cca97d02ab95877bbde792618c5aa2e7f76611b82a4214701a172105ca8bf6
59,943.55197001,0.16134833042368002,0x103196b348b42f523d929c7ff789eb6f1b3d9ceb,2017-10-31T13:08:24.000Z,0.000171001,0xc17a0baabe0a4397c2e91b67b4dd8c102b1043b2,sell,0x08f5a9235b08173b7569f83645d2c7fb55e8ccd8,0x4d6e1166d0f172a3bed726e58048686c5ed267b2fcd892bda1d215f6e50ff1b1
60,0.00593237,0.00000101444120237,0x103196b348b42f523d929c7ff789eb6f1b3d9ceb,2017-10-31T10:53:37.000Z,0.000171001,0xf4ed56fb09147f59cea368560617e2342bfd5259,sell,0x08f5a9235b08173b7569f83645d2c7fb55e8ccd8,0x25e8ec7b01f489bd9f8d860b563b609fa71ad5e62d74900dffca21a56edba0f8
61,996.93457096,0.17047680856873096,0x103196b348b42f523d929c7ff789eb6f1b3d9ceb,2017-10-31T10:42:11.000Z,0.000171001,0x650d39cd34a3690eab0a6dedb7ba415ebcfa1cd3,sell,0x08f5a9235b08173b7569f83645d2c7fb55e8ccd8,0x540217f26607c4b069bcae781dea7fba26be80985265caab0d5577dbc15b47ab
62,1000,0.175,0xd16b50c46e26c8983cc1ca0c24052560a1cb0974,2017-10-31T10:41:38.000Z,0.000175,0x527e6009e17c7e85ca8c3912accd8f0e12b89e2b,buy,0x08f5a9235b08173b7569f83645d2c7fb55e8ccd8,0x78a897c43695325d6daeb4e82b22b0781a0fbee23745769d8ed484fabbe0554d
63,59.50752666,0.01017584656638666,0x103196b348b42f523d929c7ff789eb6f1b3d9ceb,2017-10-31T09:48:49.000Z,0.000171001,0xf4ed56fb09147f59cea368560617e2342bfd5259,sell,0x08f5a9235b08173b7569f83645d2c7fb55e8ccd8,0xa36aba18639a20811bd823f654466989630d3ad2abbd9f8f9053674f4dcf0695
64,24500,4.630255,0x1d80982502f3bb75654df13aa32bbd5ac9cab7d6,2017-10-31T08:20:01.000Z,0.00018899,0xe5830fc331aa8eb94b6a6daba5ae0ad028e5e222,buy,0x08f5a9235b08173b7569f83645d2c7fb55e8ccd8,0x9ceb7b8c41649eb2dd9b946f770a9d3a129a6175785c772ea361d6a91432abda
65,10500,1.89,0x1d80982502f3bb75654df13aa32bbd5ac9cab7d6,2017-10-31T08:18:31.000Z,0.00018,0xf4ed56fb09147f59cea368560617e2342bfd5259,buy,0x08f5a9235b08173b7569f83645d2c7fb55e8ccd8,0xd22a721647d3b381b98fd092c646ccbe02edc8e20050a8b3074433d38ae92b1b
66,4291,0.506338,0xf44072eda87ede9613b6ae1b812de8a60ade27a2,2017-10-31T08:02:11.000Z,0.000118,0xfbf7dc0756a9768d0c71aea5f8421f3b1eaee7d1,buy,0x08f5a9235b08173b7569f83645d2c7fb55e8ccd8,0x8ab577dac8b31c81680c9852690a89762366aa5c093b3cc40e260a48ea495929
67,4278.127,0.731559717,0x8866da41619022ebd8d317dd7c09331f5ec3db64,2017-10-31T08:02:11.000Z,0.000171,0xf44072eda87ede9613b6ae1b812de8a60ade27a2,sell,0x08f5a9235b08173b7569f83645d2c7fb55e8ccd8,0x8ab577dac8b31c81680c9852690a89762366aa5c093b3cc40e260a48ea495929
68,1496.90558815,0.256120546132465,0xfbf7dc0756a9768d0c71aea5f8421f3b1eaee7d1,2017-10-31T06:57:57.000Z,0.0001711,0xde400bf71732605febc9ce9451a8b744953b1004,sell,0x08f5a9235b08173b7569f83645d2c7fb55e8ccd8,0xea8cfda0901c2a6ed7fe13de286c2236c80575fff37e2b471bd35a9d37d37dbf
69,0.268375,0.0000459189625,0xfbf7dc0756a9768d0c71aea5f8421f3b1eaee7d1,2017-10-31T06:03:29.000Z,0.0001711,0x7a50c1f2428773d0597c8786820e64043b0cae84,sell,0x08f5a9235b08173b7569f83645d2c7fb55e8ccd8,0x10df29e3093955e45e0c250c96f99d95f6d6c52a08d99d5d1caff69e011915df
70,2692.06958428,0.460613105870308,0xfbf7dc0756a9768d0c71aea5f8421f3b1eaee7d1,2017-10-31T05:59:12.000Z,0.0001711,0x7a50c1f2428773d0597c8786820e64043b0cae84,sell,0x08f5a9235b08173b7569f83645d2c7fb55e8ccd8,0x263c09a7812876c9e51262aada4e3ac5db36e3048bc94fe7db19bb0fd5eaa9bd
71,2.372,0.0004058492,0xfbf7dc0756a9768d0c71aea5f8421f3b1eaee7d1,2017-10-31T05:53:42.000Z,0.0001711,0xe444a40689f51f63bcd29910622035707d533d29,sell,0x08f5a9235b08173b7569f83645d2c7fb55e8ccd8,0x5d38c99606dcb81c30d4fe9fe7bfb4298debee0bec7d82085fba69b7cdf39fb9
72,99.73411991,0.017064507916601,0xfbf7dc0756a9768d0c71aea5f8421f3b1eaee7d1,2017-10-31T04:51:36.000Z,0.0001711,0x96e1e7ba823796772bbda5c2abe81c8556b5e937,sell,0x08f5a9235b08173b7569f83645d2c7fb55e8ccd8,0xe7f134e975056f3f86a3b3795d6755d23cdcdace9b0069c792a1fe09cf1ef362
73,7248.729,1.377251261271,0x8866da41619022ebd8d317dd7c09331f5ec3db64,2017-10-30T23:07:27.000Z,0.000189999,0x72e1b6e5442c9a2b512c1d900fc8969bddf1deac,buy,0x08f5a9235b08173b7569f83645d2c7fb55e8ccd8,0x06b5eb0c08e1f44d23b8cbba1a1bd7dc3e9eaa33aa423a3519357893ab6ca1ab
74,9949.999,1.880549811,0x8866da41619022ebd8d317dd7c09331f5ec3db64,2017-10-30T23:05:32.000Z,0.000189,0x8e3b72e61ab133f768fe915d8112806a58eb2f25,buy,0x08f5a9235b08173b7569f83645d2c7fb55e8ccd8,0x9598140ce5792f3aa9b0fe41dc98c979d004ce6e6160b361174d900089d7fc04
75,0.001,0.000000189,0x0c4085d8e714ca77ac5f46cd2b80a92d238a7cd3,2017-10-30T21:27:24.000Z,0.000189,0x8e3b72e61ab133f768fe915d8112806a58eb2f25,buy,0x08f5a9235b08173b7569f83645d2c7fb55e8ccd8,0x9059bce68fef3af33d50ea5e08c5b0267098d79c11da61813b731205b383806f
76,24911.77350214,4.239983850064228,0x902827acbeaad2b41b1ee7f126f84788684ee734,2017-10-30T20:23:09.000Z,0.0001702,0x3df86cefaecfaa31be2f74f8f832cb4ef62b79f8,sell,0x08f5a9235b08173b7569f83645d2c7fb55e8ccd8,0xb8869864e01eb30c3bec2d5d00de5e6e5ebace9668831b26b5be4aa2fd7c659e
77,10000,1.72,0x625309b0c5acf5334da743a16741fce5a56822cc,2017-10-30T20:21:49.000Z,0.000172,0x3df86cefaecfaa31be2f74f8f832cb4ef62b79f8,sell,0x08f5a9235b08173b7569f83645d2c7fb55e8ccd8,0x2e4e4f50e62a95955699ad242ccbd8ae60088ed3abca87d8efce9b0bd4d03910
78,4572.80630046,0.7865684117421246,0xe5830fc331aa8eb94b6a6daba5ae0ad028e5e222,2017-10-30T17:43:37.000Z,0.00017201,0xf766209c6d1d24d181e33c5e2f488653bbccd755,sell,0x08f5a9235b08173b7569f83645d2c7fb55e8ccd8,0xb486a8c43a23c9821f82410b4c6fffd839d6cd4a950e3b1507cfec9b1388c037
79,2990.7287409,0.511444521981309,0xe5830fc331aa8eb94b6a6daba5ae0ad028e5e222,2017-10-30T16:35:02.000Z,0.00017101,0x0a8c7ab5df53d9a91298ce1b43eaebf497d2a288,sell,0x08f5a9235b08173b7569f83645d2c7fb55e8ccd8,0x7796f751685d626c49a70761988f260d819e7c2e1fe35094adf0b825aa014786
80,225.35435649,0.0385378485033549,0xe5830fc331aa8eb94b6a6daba5ae0ad028e5e222,2017-10-30T15:54:18.000Z,0.00017101,0x4390465b02069152d92be6146be0f32725891860,sell,0x08f5a9235b08173b7569f83645d2c7fb55e8ccd8,0x4b57d412268cb1beeeaaab2b0574bd76463f87483203dd16f8f1a37371a855c7
81,1262.015,0.2271879403,0x7c2b0444614da1808d2716622184a4bf02ff29df,2017-10-30T15:52:27.000Z,0.00018002,0x4390465b02069152d92be6146be0f32725891860,sell,0x08f5a9235b08173b7569f83645d2c7fb55e8ccd8,0x9f2422918e4a06b612d71e54cad935d04287a4ba4556f5e6ad6b7ce05340260a
82,53,0.009543233,0x4278bfeb88b7b802629cfb8ae7949e2dd7d75e2d,2017-10-30T15:50:51.000Z,0.000180061,0x4390465b02069152d92be6146be0f32725891860,sell,0x08f5a9235b08173b7569f83645d2c7fb55e8ccd8,0xd19357a32b9bb6b23856ac34488c80ef7f5253ea140fc4b26209c20411ffab99
83,1000,0.181,0x462cdf194d12c5168e804fe7d91e639fb3bed21d,2017-10-30T15:49:40.000Z,0.000181,0x4390465b02069152d92be6146be0f32725891860,sell,0x08f5a9235b08173b7569f83645d2c7fb55e8ccd8,0x88b69c4043778a5a13aacd2012163c02c6a3124f5468ec6ac1ea643d20923e96
84,50,0.0095,0xfb62a2744ebc69c375ea1eefcb7adb5c5f661065,2017-10-30T15:33:37.000Z,0.00019,0x8e3b72e61ab133f768fe915d8112806a58eb2f25,buy,0x08f5a9235b08173b7569f83645d2c7fb55e8ccd8,0x68922465a33cfea59869b2bdc44b1e41c4ecf3121c192a5b3d17109918c49bf3
85,2463.35360382,0.4434529157596764,0x7c2b0444614da1808d2716622184a4bf02ff29df,2017-10-30T12:45:49.000Z,0.00018002,0x8a7bf497e153df124d91e52bb8081635a9301e72,sell,0x08f5a9235b08173b7569f83645d2c7fb55e8ccd8,0x28f89a30293e71f420d570b2c2161ccfdb07830ae254bedf598084f1fc714626
86,10000,1.8001,0x7c2b0444614da1808d2716622184a4bf02ff29df,2017-10-30T12:44:40.000Z,0.00018001,0x8a7bf497e153df124d91e52bb8081635a9301e72,sell,0x08f5a9235b08173b7569f83645d2c7fb55e8ccd8,0xbd213aab8e67f2ae634004701be94b9545b16eae72f58c7dfe92c5f6f948c89a
87,20000,3.6002,0x7c2b0444614da1808d2716622184a4bf02ff29df,2017-10-30T12:23:20.000Z,0.00018001,0xe5830fc331aa8eb94b6a6daba5ae0ad028e5e222,sell,0x08f5a9235b08173b7569f83645d2c7fb55e8ccd8,0x13a11baed4f5624363354dafac6dd969abb1ccb4adf1cf3249a89d61618eeb10
88,60,0.011688,0x06c80b3a478db01b936916eb23067f3de3c40014,2017-10-30T09:15:04.000Z,0.0001948,0xe5830fc331aa8eb94b6a6daba5ae0ad028e5e222,buy,0x08f5a9235b08173b7569f83645d2c7fb55e8ccd8,0xb49f0af81ed21df94587dd0e17a8f7709f88b2abf6e44ff1f64f6e6eb97713dd
89,7374.63093609,1.3275810611149217,0x7c2b0444614da1808d2716622184a4bf02ff29df,2017-10-30T08:55:14.000Z,0.00018002,0xb74baee18ab776e935312fdd2b1bfe95a55c6921,sell,0x08f5a9235b08173b7569f83645d2c7fb55e8ccd8,0xdd9ca6fbfd511c98fd3ad14bccb4bc7bc43673dbae75a967bab403e19930b8e7
90,6000,1.0803,0x0610484bcbd4e56ef7467767a552fc1fd1cb12d2,2017-10-30T08:53:55.000Z,0.00018005,0xb74baee18ab776e935312fdd2b1bfe95a55c6921,sell,0x08f5a9235b08173b7569f83645d2c7fb55e8ccd8,0x3d0ec054973ded76ad14e75c8f5f46bbbf3d335f7e6131fc524afd84a2f266b0
91,3344.262,0.6021343731,0x6009502524cc23d9861056a1d2b2f89603b14bbc,2017-10-30T08:53:43.000Z,0.00018005,0xb74baee18ab776e935312fdd2b1bfe95a55c6921,sell,0x08f5a9235b08173b7569f83645d2c7fb55e8ccd8,0x63494e0695ba2f67b152c992edbe62ec433aa209d42491beb14556b5390eee76
92,1412.974,0.25442009844,0x22a49133c5f451485909756bc6c6c76e9cd3465d,2017-10-30T08:53:43.000Z,0.00018006,0xb74baee18ab776e935312fdd2b1bfe95a55c6921,sell,0x08f5a9235b08173b7569f83645d2c7fb55e8ccd8,0x15d08925f2a76d347c34b1d882d756580d4ebb929b1234293f9c4814d0044f95
93,11,0.0021428,0xe5830fc331aa8eb94b6a6daba5ae0ad028e5e222,2017-10-30T06:52:30.000Z,0.0001948,0xe5830fc331aa8eb94b6a6daba5ae0ad028e5e222,buy,0x08f5a9235b08173b7569f83645d2c7fb55e8ccd8,0x7d5ab6ece168308a7b15bb2a091bcab9dbb2ead8b6c730d1d03ea8ac92e5f6c7
94,729,0.13122,0x6009502524cc23d9861056a1d2b2f89603b14bbc,2017-10-30T06:16:09.000Z,0.00018,0x650d7913a9840987d80b5e8646f8ef9f82cf30e5,buy,0x08f5a9235b08173b7569f83645d2c7fb55e8ccd8,0x07f765e32de4b66e35e845517a07a7afead377d849dc66e8b43cff4f008e0e29
95,1987.02563225,0.357783835342935,0x22a49133c5f451485909756bc6c6c76e9cd3465d,2017-10-30T04:04:54.000Z,0.00018006,0x9c005570889bdd85e3a7cf7bdb03651d2ecf3e80,sell,0x08f5a9235b08173b7569f83645d2c7fb55e8ccd8,0xfa1fd1232e8bacd72b2bebc039f1eeeb816cf5ef2de9fc012f0d5f7b73dbb1db
96,500,0.0975,0x2ea6bd58bc3555faeebf4d5b31164d52079b9832,2017-10-30T03:06:14.000Z,0.000195,0xc1e9928b68696bdfe34e6711ba06610794ca3279,buy,0x08f5a9235b08173b7569f83645d2c7fb55e8ccd8,0x9115dff2b378f506e65ffd10afc5a8a010295a83efb38fad0a1a96a06d6805cd
97,2.985,0.000537452235,0x2256c01a9c0e2de68cb7d27f7e39dc4e1c7d3783,2017-10-30T03:06:14.000Z,0.000180051,0x16e5d97bbc92417e051e3b2cabfbf8ceea2acb9c,sell,0x08f5a9235b08173b7569f83645d2c7fb55e8ccd8,0x7db4bcb2a9023cfac28fc21cc9b1dd4e025f4f2af39da6799c0e4ffac3bb4f68
98,2.637,0.000474794487,0x2256c01a9c0e2de68cb7d27f7e39dc4e1c7d3783,2017-10-30T03:04:05.000Z,0.000180051,0x379374d13077e8867ef31803c37baf9785a17c00,sell,0x08f5a9235b08173b7569f83645d2c7fb55e8ccd8,0x60cf8d7109b0ac060627a1d5a18d5f43c81a24f2a00eadbbfd05c331168a2c4d
99,3400.40247542,0.612242465699371,0x6009502524cc23d9861056a1d2b2f89603b14bbc,2017-10-29T22:47:21.000Z,0.00018005,0xed1e5b8a838801b6ca88f91efb697731e7f9da03,sell,0x08f5a9235b08173b7569f83645d2c7fb55e8ccd8,0xcf01004b48873c459dbce5d07c73b91dd617893dfa30e071197b9d4feaef9d62
100,1245.366,0.2242281483,0x6009502524cc23d9861056a1d2b2f89603b14bbc,2017-10-29T20:21:45.000Z,0.00018005,0xbf3ff66b9f477e3c6f3b8b2c6053e398a243e6c1,sell,0x08f5a9235b08173b7569f83645d2c7fb55e8ccd8,0x6654d376ac45de6fb207a29b742739523a6bb3e8507be687680e69aa435efb7b
101,9.9690958,0.00179493569879,0x6009502524cc23d9861056a1d2b2f89603b14bbc,2017-10-29T19:57:47.000Z,0.00018005,0xcff688026fcfb9bcc30f7413d80c21ecfde96a1f,sell,0x08f5a9235b08173b7569f83645d2c7fb55e8ccd8,0x6d0083bd0aea309bd91b6d431449b7af4fdd0353b2d7ba63dfa107676284fe3e
102,1687.509,0.30378537018,0x1b265160f0cea50a34405cd2e187c49f0bab5d61,2017-10-29T19:26:04.000Z,0.00018002,0xb4463814e14612d95827a77eca5cc01d0a52f23c,buy,0x08f5a9235b08173b7569f83645d2c7fb55e8ccd8,0xc7488422184afd61407a5104c3ad5aea2d3c0b21b1fc0fb3b9daffd66e25170e
103,16900,3.042338,0x7c2b0444614da1808d2716622184a4bf02ff29df,2017-10-29T18:49:47.000Z,0.00018002,0xe5830fc331aa8eb94b6a6daba5ae0ad028e5e222,sell,0x08f5a9235b08173b7569f83645d2c7fb55e8ccd8,0xb003aa8fd1cfc8ca77bdd979acf1d99445b63877d62dd74c2988454cb8011160
104,1000,0.18002,0x7c2b0444614da1808d2716622184a4bf02ff29df,2017-10-29T17:45:54.000Z,0.00018002,0xf70bde4f9bc5c226dc60d7e7901992692968d98d,sell,0x08f5a9235b08173b7569f83645d2c7fb55e8ccd8,0x0d7e6cacaf94c946513b98555f9966a9b702b4ec92faced6474b969a0989bde3
105,1000,0.18002,0x7c2b0444614da1808d2716622184a4bf02ff29df,2017-10-29T17:44:13.000Z,0.00018002,0xf70bde4f9bc5c226dc60d7e7901992692968d98d,sell,0x08f5a9235b08173b7569f83645d2c7fb55e8ccd8,0xeb7d9500529f77ccb1a03e63c17a38b786553b7d7d30b7e0a7560e4868908cb7
106,7000,1.267,0xe5830fc331aa8eb94b6a6daba5ae0ad028e5e222,2017-10-29T17:37:24.000Z,0.000181,0xf70bde4f9bc5c226dc60d7e7901992692968d98d,sell,0x08f5a9235b08173b7569f83645d2c7fb55e8ccd8,0x0c3646d931f3c605ee98e0ea3e6c988fbf43e7248ca5152933e23043c7929e44
107,25000,4.52525,0xe5830fc331aa8eb94b6a6daba5ae0ad028e5e222,2017-10-29T17:35:02.000Z,0.00018101,0xf70bde4f9bc5c226dc60d7e7901992692968d98d,sell,0x08f5a9235b08173b7569f83645d2c7fb55e8ccd8,0x3b54372427e0b08d14bac53e25d5b6facc51e9f6baf7b7f6cf9cc8279b932048
108,9240,1.72788,0xe5830fc331aa8eb94b6a6daba5ae0ad028e5e222,2017-10-29T17:34:41.000Z,0.000187,0x1b4866e815c77e8c8770fabecde2a7c3ca4987b0,buy,0x08f5a9235b08173b7569f83645d2c7fb55e8ccd8,0x82f9d1c47a0cdfab4b05ffee12b342e1ef667fbb2a9401dd27174f100e53cdb5
109,10000,1.81,0x625309b0c5acf5334da743a16741fce5a56822cc,2017-10-29T17:34:02.000Z,0.000181,0xf70bde4f9bc5c226dc60d7e7901992692968d98d,sell,0x08f5a9235b08173b7569f83645d2c7fb55e8ccd8,0xe184e8fa6427105b476a1a0115c509602c59e1f4199aa18e6919b327a4033ac7
110,200,0.0370004,0x103196b348b42f523d929c7ff789eb6f1b3d9ceb,2017-10-29T17:34:02.000Z,0.000185002,0xf70bde4f9bc5c226dc60d7e7901992692968d98d,sell,0x08f5a9235b08173b7569f83645d2c7fb55e8ccd8,0x9063e855e95f081ce661a3e934c59c6e84dfd4d0f3957f7f47b91125008317a2
111,159,0.029574954,0x0671f73668831051b71f967938d22f3584a3051d,2017-10-29T17:33:23.000Z,0.000186006,0xf70bde4f9bc5c226dc60d7e7901992692968d98d,sell,0x08f5a9235b08173b7569f83645d2c7fb55e8ccd8,0xb64ee493fec4d2c8178aa91a33879bcc261fe929836d73dd39202aa3812efc4a
112,10000,1.86005,0x6a4cbda9e03d316720c3c238263eaedc910beee2,2017-10-29T16:48:24.000Z,0.000186005,0x1b4866e815c77e8c8770fabecde2a7c3ca4987b0,sell,0x08f5a9235b08173b7569f83645d2c7fb55e8ccd8,0xef20f347a7cfda2d34612f220244b0b8e709a2f6a82f9cca3275cded4dcd1960
113,7455.21383711,1.387415295086171,0xb1d70e579dda889cc0350a846741ba8a2ba1837a,2017-10-29T16:48:02.000Z,0.0001861,0x1b4866e815c77e8c8770fabecde2a7c3ca4987b0,sell,0x08f5a9235b08173b7569f83645d2c7fb55e8ccd8,0x9f0c84fee7d2bc6281a4cfe63bbbaa255950912a478f3d5affd112fc15e9129b
114,3400,0.6664,0xfd159ef8922c695a7578100ccbd05c16146b4012,2017-10-29T16:20:23.000Z,0.000196,0xe5830fc331aa8eb94b6a6daba5ae0ad028e5e222,sell,0x08f5a9235b08173b7569f83645d2c7fb55e8ccd8,0xaea6ecb2c3fcf0b0d22dea65ae11067da157e0b9931e695b92f7976b9570ac31
115,2990.7287409,0.55657461868149,0xb1d70e579dda889cc0350a846741ba8a2ba1837a,2017-10-29T16:04:43.000Z,0.0001861,0x72f90eb02e45aec19fa7d8e012ddc17c632ccf15,sell,0x08f5a9235b08173b7569f83645d2c7fb55e8ccd8,0xc7a8dc9ae37d7a1ecaa8269b4c6d7aa34848a7efb617e4d838b5723e596db94e
116,2000,0.392,0xfd159ef8922c695a7578100ccbd05c16146b4012,2017-10-29T16:03:39.000Z,0.000196,0xe5830fc331aa8eb94b6a6daba5ae0ad028e5e222,sell,0x08f5a9235b08173b7569f83645d2c7fb55e8ccd8,0xd573944a8ab9d50c23c337719de4e0e6b1b9ed2df5dfc80f7ddbcd504a7053c1
117,12000,2.352,0xfd159ef8922c695a7578100ccbd05c16146b4012,2017-10-29T15:55:54.000Z,0.000196,0xe5830fc331aa8eb94b6a6daba5ae0ad028e5e222,sell,0x08f5a9235b08173b7569f83645d2c7fb55e8ccd8,0xbde909719e3cfaf1ec8b3e13dbbb66ad0e9970e8fe749df6abf0e964d49a7a84
118,304.05742199,0.056585086232339,0xb1d70e579dda889cc0350a846741ba8a2ba1837a,2017-10-29T15:21:26.000Z,0.0001861,0xd1a2d03acda234c900fdccd2edf99441b6d7babe,sell,0x08f5a9235b08173b7569f83645d2c7fb55e8ccd8,0xa47404a494c59a82b977c914a95d492c214b996448482a270e3599b8b3d24f77
119,1000,0.2,0xb28b10bf5b3ff267421ab9797d2c06e2164b5e6b,2017-10-29T15:19:25.000Z,0.0002,0xe5830fc331aa8eb94b6a6daba5ae0ad028e5e222,sell,0x08f5a9235b08173b7569f83645d2c7fb55e8ccd8,0xb3b21b0689a71d18f6e9c24a83a16f222600fed08cea1a0dea130e89032f4bb5
120,90,0.016812,0x2fafe8318323df0b088feef972f2e608d0e32ab7,2017-10-29T13:44:26.000Z,0.0001868,0x0671f73668831051b71f967938d22f3584a3051d,sell,0x08f5a9235b08173b7569f83645d2c7fb55e8ccd8,0x627ff385aab818e102c59eb3124ef388395241795bb94daaa5274d64eaa3df6c
121,22.34781639,0.004275137275407,0xacafb1c9aba5edf103b6792362d3369299948e68,2017-10-29T13:44:20.000Z,0.0001913,0x0671f73668831051b71f967938d22f3584a3051d,sell,0x08f5a9235b08173b7569f83645d2c7fb55e8ccd8,0x4a99081c481a987a838c443320c3d1aaeaac148ddc1f0febfeb29f4ef65fbd23
122,29.12651933,0.00547578563404,0x8e3b72e61ab133f768fe915d8112806a58eb2f25,2017-10-29T13:44:20.000Z,0.000188,0x0671f73668831051b71f967938d22f3584a3051d,sell,0x08f5a9235b08173b7569f83645d2c7fb55e8ccd8,0x10dab7cf741c74a0289545c6ec50ea1a998eec6454138ace6c49ff3c8b10c94a
123,16.42179807,0.00310371983523,0x8619b431c8f9c530a21062e9b74d4c935722fe58,2017-10-29T13:44:20.000Z,0.000189,0x0671f73668831051b71f967938d22f3584a3051d,sell,0x08f5a9235b08173b7569f83645d2c7fb55e8ccd8,0x7fed520d5b3756068ce6ae9da68dfc2941aec1485bbf3317ae7a49db224eb100
124,9970.87348067,1.87452421436596,0x8e3b72e61ab133f768fe915d8112806a58eb2f25,2017-10-29T13:33:59.000Z,0.000188,0xf70bde4f9bc5c226dc60d7e7901992692968d98d,sell,0x08f5a9235b08173b7569f83645d2c7fb55e8ccd8,0x8c5fb0f044eb4f74ac8a94734e1c76a7bb98600fefc9df18a01168ad4d59a634
125,30000,5.64003,0xd990b20677084e0ecc854a956cb15a401515dfe8,2017-10-29T13:30:08.000Z,0.000188001,0xf70bde4f9bc5c226dc60d7e7901992692968d98d,sell,0x08f5a9235b08173b7569f83645d2c7fb55e8ccd8,0xcc873ce01180dd6c7af84fb43aaab90dbb060c0e338cd555312ca8d533ab424c
126,107.07986397,0.0203451741543,0x47033e533bf5a5d18b4cea5c81b3c566071d710e,2017-10-29T13:30:00.000Z,0.00019,0xf70bde4f9bc5c226dc60d7e7901992692968d98d,sell,0x08f5a9235b08173b7569f83645d2c7fb55e8ccd8,0x258d445b2a28eaa058277d5a9e1baf4e4dd4000735758874a9dc18d907a31d22
127,300,0.0579,0xeae49d8a0bff6abac8ba67409b8ec15a3801968c,2017-10-29T13:29:34.000Z,0.000193,0xf70bde4f9bc5c226dc60d7e7901992692968d98d,sell,0x08f5a9235b08173b7569f83645d2c7fb55e8ccd8,0x4cbd42438f86ee0c02cc37a482bdef6e550ff4463adfc768f14a51307550f0cd
128,1850,0.38665,0xc74b7f43b2fc7d341c37d503a1c0dc5b375efd1a,2017-10-29T13:21:18.000Z,0.000209,0x7c2b0444614da1808d2716622184a4bf02ff29df,buy,0x08f5a9235b08173b7569f83645d2c7fb55e8ccd8,0x8a97bf02a8ce15e89f1b5bf66b2415f7d2ae878aa5c2da903dee0d2672898cb2
129,917,0.191653,0x26539df76c5f561ff432bf155c94889a56c27f33,2017-10-29T12:17:29.000Z,0.000209,0x7c2b0444614da1808d2716622184a4bf02ff29df,buy,0x08f5a9235b08173b7569f83645d2c7fb55e8ccd8,0x779b52ac83c8649c3571854754cee124ed383afc4110b0437ff3700ba7dfa4ee
130,8000,1.7584,0x1d80982502f3bb75654df13aa32bbd5ac9cab7d6,2017-10-29T07:35:04.000Z,0.0002198,0xe5830fc331aa8eb94b6a6daba5ae0ad028e5e222,buy,0x08f5a9235b08173b7569f83645d2c7fb55e8ccd8,0xf88e87fa87cfdfbc738f3342b0df6552748987502c6683d932b983990ac1886f
131,10000,2.2,0x1d80982502f3bb75654df13aa32bbd5ac9cab7d6,2017-10-29T07:31:43.000Z,0.00022,0xe8f0cc52b0d087e4eaabe1de8c0bc01f83918ea9,buy,0x08f5a9235b08173b7569f83645d2c7fb55e8ccd8,0x7c9846fda1d221ed02b2e18493f34bd13ed92e423921f23cea3ec5031fd338e8
132,20000,4.396,0x1d80982502f3bb75654df13aa32bbd5ac9cab7d6,2017-10-29T07:31:40.000Z,0.0002198,0xe5830fc331aa8eb94b6a6daba5ae0ad028e5e222,buy,0x08f5a9235b08173b7569f83645d2c7fb55e8ccd8,0xdf0a02ae8e13ed229299092ade39df35dccb223fcc7172f52a6e46520da52fb7
133,2000,0.396,0x1d80982502f3bb75654df13aa32bbd5ac9cab7d6,2017-10-29T07:31:40.000Z,0.000198,0xa4041c2c155f143c8cbd22289b3f20fec2c155e0,buy,0x08f5a9235b08173b7569f83645d2c7fb55e8ccd8,0x0acc84b5afb1510f3990247221aa5ec9563040536b8b0d5b0e297d6141766062
134,4300,0.8514,0xfd159ef8922c695a7578100ccbd05c16146b4012,2017-10-29T06:54:39.000Z,0.000198,0xe5830fc331aa8eb94b6a6daba5ae0ad028e5e222,sell,0x08f5a9235b08173b7569f83645d2c7fb55e8ccd8,0xc65bc3156a2a33567fe80d186651d3d2c1fa746227202839802f016d1af20770
135,1100,0.24189,0xf768e8416224a217471456a8c3ec77c60c899919,2017-10-29T06:25:13.000Z,0.0002199,0xf3e28453c74609cd275de994bc5bbae3ccbcfa56,buy,0x08f5a9235b08173b7569f83645d2c7fb55e8ccd8,0x5ffd4ab179cb17ab35e2a7271ad53e72c0852ab394b443e1fc8cc64c468f3b46
136,10000,2.4,0xf768e8416224a217471456a8c3ec77c60c899919,2017-10-29T06:24:29.000Z,0.00024,0xd08649b35a201401a3bb2a26f9365455a06d306a,buy,0x08f5a9235b08173b7569f83645d2c7fb55e8ccd8,0xf5d5057c2f5d3c0d97913d8d66985b7f4c58c70caf37b62c8e105b907448691a
137,626,0.1375322,0xf768e8416224a217471456a8c3ec77c60c899919,2017-10-29T06:21:34.000Z,0.0002197,0xc335eaa358f966b18e43511e8aec030c85f6d87f,buy,0x08f5a9235b08173b7569f83645d2c7fb55e8ccd8,0x5e854987f1bec174d2b4a87bd00c7246490185adc7c7d96205ac5b1182f15097
138,588.529,0.11887697271,0xf768e8416224a217471456a8c3ec77c60c899919,2017-10-29T06:19:54.000Z,0.00020199,0xa54b88fcb5dc39e97d12e79aafaa28702204344f,buy,0x08f5a9235b08173b7569f83645d2c7fb55e8ccd8,0x5f6e4bb75e7f5706632b658979bbd3280a68cfc87dc7cd19b0f946823e34b881
139,2000,0.394,0x2ea6bd58bc3555faeebf4d5b31164d52079b9832,2017-10-29T05:48:15.000Z,0.000197,0xbbe8a82dc936ac8a7f188624e42a1253dbb279ec,buy,0x08f5a9235b08173b7569f83645d2c7fb55e8ccd8,0x6b5753be86746b831f7c0fab186399ff1202a95e9b2eb432b97850dbb7de965a
140,2400,0.472848,0xfb8b38a8c4bfe70171c764c8a05c183901cd7eb8,2017-10-29T05:03:17.000Z,0.00019702,0xa54b88fcb5dc39e97d12e79aafaa28702204344f,sell,0x08f5a9235b08173b7569f83645d2c7fb55e8ccd8,0x31902b59c5158727100d28b676e04ce1192f91de6ddfb9889519302b8c939157
141,1600,0.328,0x0b8df945d45f24195469946dd7d93bec5da240e1,2017-10-29T03:59:37.000Z,0.000205,0xbbe8a82dc936ac8a7f188624e42a1253dbb279ec,buy,0x08f5a9235b08173b7569f83645d2c7fb55e8ccd8,0x82b69c525097c1cab844d216b40a5aabed9155fef8c50c71542dba38f937003e
142,2400,0.52776,0x1900bc4111f386e538e4befe25076e3f9ae72019,2017-10-29T03:24:36.000Z,0.0002199,0xf3e28453c74609cd275de994bc5bbae3ccbcfa56,buy,0x08f5a9235b08173b7569f83645d2c7fb55e8ccd8,0xa05083c82a6e89dd46d56b7554eb2fd95130b83a3ab0e057a1c230fd41b9571d
143,1903.99999999,0.41316799999783016,0x1900bc4111f386e538e4befe25076e3f9ae72019,2017-10-29T03:22:53.000Z,0.00021700000000000007,0x0d4ea288d4949f7e629805e3598f9d801eb9fec6,buy,0x08f5a9235b08173b7569f83645d2c7fb55e8ccd8,0x95de833ffbbfbba567070ddf2e9684e065b53edead0afa9272f6be37580d3a78
144,406,0.087696,0x1900bc4111f386e538e4befe25076e3f9ae72019,2017-10-29T03:22:49.000Z,0.000216,0xcea44b433a2ba9311af02daa103034dc082283e0,buy,0x08f5a9235b08173b7569f83645d2c7fb55e8ccd8,0x37a26a96d97838ce45f600fc57bb9bb7082b10d724d6bcc1a194f23f259b42b0
145,785,0.16956,0x1900bc4111f386e538e4befe25076e3f9ae72019,2017-10-29T03:22:49.000Z,0.000216,0x1b33551ecc84d7cb2708c0eefa8034ea91a46427,buy,0x08f5a9235b08173b7569f83645d2c7fb55e8ccd8,0x0d043679123a244d25536517ed315969e380b134d9a502e3165b9e9945b7de17
146,3255.03,0.666955647,0x1900bc4111f386e538e4befe25076e3f9ae72019,2017-10-29T03:22:31.000Z,0.0002049,0xde0b52b339079efc4648c61433fe6d4e2e5c7f28,buy,0x08f5a9235b08173b7569f83645d2c7fb55e8ccd8,0xaf0cc490a7571ecadd2449d89ce6dae0f9d4e22d625bad10c40b3c1d467d3054
147,1312.058,0.28209247,0x1900bc4111f386e538e4befe25076e3f9ae72019,2017-10-29T03:22:31.000Z,0.000215,0xcfd5d60e0f447636f1643cd9b7a9547062cb0863,buy,0x08f5a9235b08173b7569f83645d2c7fb55e8ccd8,0x01050aa9d89f29c4995f1f71f51ab00a384b7661b729d7eaf29f9c021fabd65f
148,842.92013603,0.1601548258457,0x47033e533bf5a5d18b4cea5c81b3c566071d710e,2017-10-29T03:01:40.000Z,0.00019,0xf70bde4f9bc5c226dc60d7e7901992692968d98d,sell,0x08f5a9235b08173b7569f83645d2c7fb55e8ccd8,0xb03eb50c95e4ff3813c96382fac05c14fee8c7159a6f8b17c687cbb385c8a6e2
149,30000,5.7,0xa309340e09922b251dd6693c9cdd22929186b096,2017-10-29T02:59:41.000Z,0.00019,0xf70bde4f9bc5c226dc60d7e7901992692968d98d,sell,0x08f5a9235b08173b7569f83645d2c7fb55e8ccd8,0xc2dffc701cfd14b43b9c148dcb76475d24c4267b276d592b32ee95a03aab76e6
150,5000,0.955,0x8619b431c8f9c530a21062e9b74d4c935722fe58,2017-10-29T02:59:19.000Z,0.000191,0xf70bde4f9bc5c226dc60d7e7901992692968d98d,sell,0x08f5a9235b08173b7569f83645d2c7fb55e8ccd8,0x23858cf1f89e9445f1b08a29246978fe8281a47a365e90fb1a2cf689ad0a33e8
151,1000,0.205,0x47b64c800161cc82d81ca055a90ee5c5550ef11d,2017-10-29T02:01:52.000Z,0.000205,0x65350c64f77b2ac03e34a499672c7789ecbeaa44,buy,0x08f5a9235b08173b7569f83645d2c7fb55e8ccd8,0x844a037e6ba314adaa92dd1dff26ce38df0bfe074e201ef22a059fb4f05107d5
152,19940,4.72578,0xbaccfcfded9fcea89a5294cafdfb56e3284b2ba6,2017-10-29T00:13:48.000Z,0.000237,0x273a5d3e6721b9f5c1a6474f560c1334c63dda01,sell,0x08f5a9235b08173b7569f83645d2c7fb55e8ccd8,0xab9e7fd6cbffea99c0d845e49ea64a45f92886ff336559d790d14f56ca9d754e
153,12000,2.64,0x273a5d3e6721b9f5c1a6474f560c1334c63dda01,2017-10-29T00:13:48.000Z,0.00022,0x986863aa0aebc9cd0e6db6275faa8a1fbb745d81,buy,0x08f5a9235b08173b7569f83645d2c7fb55e8ccd8,0x6fa661c2e90a93c01ccf40e2ee017adb039042356aeb872e6526b56f0cf3a461
154,11964,2.835468,0xbaccfcfded9fcea89a5294cafdfb56e3284b2ba6,2017-10-29T00:13:48.000Z,0.000237,0x273a5d3e6721b9f5c1a6474f560c1334c63dda01,sell,0x08f5a9235b08173b7569f83645d2c7fb55e8ccd8,0x6fa661c2e90a93c01ccf40e2ee017adb039042356aeb872e6526b56f0cf3a461
155,20000,4.316,0x273a5d3e6721b9f5c1a6474f560c1334c63dda01,2017-10-29T00:13:48.000Z,0.0002158,0xe5830fc331aa8eb94b6a6daba5ae0ad028e5e222,buy,0x08f5a9235b08173b7569f83645d2c7fb55e8ccd8,0xab9e7fd6cbffea99c0d845e49ea64a45f92886ff336559d790d14f56ca9d754e
156,8096,1.7568320000021698,0xd2ea382e498316d91b9de8557670149b479721a0,2017-10-29T00:13:48.000Z,0.000217000000000268,0x0d4ea288d4949f7e629805e3598f9d801eb9fec6,buy,0x08f5a9235b08173b7569f83645d2c7fb55e8ccd8,0x18f09a2713b4b2266076dac2c80103c6b9ddce67cfabe7d69d5c7614b4c2b84f
157,8071.712,1.912995744,0xbaccfcfded9fcea89a5294cafdfb56e3284b2ba6,2017-10-29T00:13:48.000Z,0.000237,0xd2ea382e498316d91b9de8557670149b479721a0,sell,0x08f5a9235b08173b7569f83645d2c7fb55e8ccd8,0x18f09a2713b4b2266076dac2c80103c6b9ddce67cfabe7d69d5c7614b4c2b84f
158,840.20791415,0.17644366197349226,0x8441e4f954d9578e4005464b932055e5376d3cca,2017-10-28T21:47:33.000Z,0.00021000000000237113,0xde0b52b339079efc4648c61433fe6d4e2e5c7f28,buy,0x08f5a9235b08173b7569f83645d2c7fb55e8ccd8,0xc6dc74e0d8a9eda9c145a63c7e18ba9f35d21ecc3c6ef7ac369ee7c536de7991
159,2.38095238,0.0005,0x34f9560c63078eb61872a4dc2ccd20e21c34feaf,2017-10-28T21:07:50.000Z,0.000210000000084,0xde0b52b339079efc4648c61433fe6d4e2e5c7f28,buy,0x08f5a9235b08173b7569f83645d2c7fb55e8ccd8,0xff16eb339b39db5856a86fb1b83c35f2313f3b955d33ae93373eb91e5333bd15
160,2.38095238,0.0005,0xe444a40689f51f63bcd29910622035707d533d29,2017-10-28T21:07:06.000Z,0.000210000000084,0xde0b52b339079efc4648c61433fe6d4e2e5c7f28,buy,0x08f5a9235b08173b7569f83645d2c7fb55e8ccd8,0x6c878546c37cdef404c31ddc1460f6aaab37a45f8789e5e09c4605bb6537f47d
161,5331.88456761,1.00772618327829,0x8619b431c8f9c530a21062e9b74d4c935722fe58,2017-10-28T20:21:20.000Z,0.000189,0xf70bde4f9bc5c226dc60d7e7901992692968d98d,sell,0x08f5a9235b08173b7569f83645d2c7fb55e8ccd8,0x8fdc3fb5d759704a61cb8849dbbd1f67145fb8cac515065e3862e62dedc3207a
162,4134.09769015,0.790852888125695,0xacafb1c9aba5edf103b6792362d3369299948e68,2017-10-28T20:12:47.000Z,0.0001913,0xf70bde4f9bc5c226dc60d7e7901992692968d98d,sell,0x08f5a9235b08173b7569f83645d2c7fb55e8ccd8,0x32a77a7e36fb184e9b15b30bf67a38a22d908d78783c420501f19e1f8506c3b3
163,3177.68255934,0.61011505139328,0xdbf41cc72d1185c4c4980312c51dda5de8ea104a,2017-10-28T20:12:06.000Z,0.000192,0xf70bde4f9bc5c226dc60d7e7901992692968d98d,sell,0x08f5a9235b08173b7569f83645d2c7fb55e8ccd8,0x4b01b8b72465c905d8884a7c2558cc174a981301730a3b0c00f61c8d23cf1966
164,1822.31744066,0.34988494860672,0xdbf41cc72d1185c4c4980312c51dda5de8ea104a,2017-10-28T19:10:59.000Z,0.000192,0x5bb2a478386b25b9f8a7b1e97110d0f3989ecc30,sell,0x08f5a9235b08173b7569f83645d2c7fb55e8ccd8,0xf144f44e106b9984c7729fc0a21e612fc5de032caa16df6e15478c3cdf4b3049
165,6701.95122393,1.4744292692652776,0xa8aab3d9e7f7ebd65ac8128391d2f649748c4f53,2017-10-28T17:47:07.000Z,0.0002200000000001011,0xcec1f3bb4342d1d7f584b5d5b8d6d3b2c9af8a96,buy,0x08f5a9235b08173b7569f83645d2c7fb55e8ccd8,0x4e5d99d58bf1eb3151c6af5113324078936467f561e7332953f51db31181b8ee
166,4651.69363432,0.87917009688648,0x8619b431c8f9c530a21062e9b74d4c935722fe58,2017-10-28T17:04:37.000Z,0.000189,0x1035b0fcba2fb9079a771b5be13adbd89bdbc69b,sell,0x08f5a9235b08173b7569f83645d2c7fb55e8ccd8,0x92c08f946b4bd1f934e4fcdd96771f50460c876735f659993d1f4fe4ed4f67e1
167,843.55449346,0.161371974598898,0xacafb1c9aba5edf103b6792362d3369299948e68,2017-10-28T16:48:24.000Z,0.0001913,0x1ed014aec47fae44c9e55bac7662c0b78ae61798,sell,0x08f5a9235b08173b7569f83645d2c7fb55e8ccd8,0xf688c0c6be531c8ca4ef14a7c7df2c4ecde932c55acec0c5b32b0e088808106f
168,400,0.086,0xdcd90a1a5673fe0ae01eae78f91006b0f08d28d1,2017-10-28T16:23:56.000Z,0.000215,0xcfd5d60e0f447636f1643cd9b7a9547062cb0863,buy,0x08f5a9235b08173b7569f83645d2c7fb55e8ccd8,0x4726255109a7fa62533120402a0358952207384ad6beb0b3870ab157bd6e01af
169,0.92241307,0.0001874896806082,0x9fc0ba438bac33686099ab2e7bf16745e8ff0bf6,2017-10-28T15:05:52.000Z,0.00020326,0xf18521dc5c211dc0ed6c85b034d4f46d456950bb,sell,0x08f5a9235b08173b7569f83645d2c7fb55e8ccd8,0x54ce7fbe71317801f0dbd579ee78bc31a5eac184d2f77a6e221cf8436a341c8e
170,9252.72555079,1.8807089954535754,0x9fc0ba438bac33686099ab2e7bf16745e8ff0bf6,2017-10-28T15:03:53.000Z,0.00020326,0xf18521dc5c211dc0ed6c85b034d4f46d456950bb,sell,0x08f5a9235b08173b7569f83645d2c7fb55e8ccd8,0x293851fef060bc17ee72f8a52834d1083efafd5bb1a2f446277c0dea9ae45482
171,20782.50017305,4.224250985174143,0x9fc0ba438bac33686099ab2e7bf16745e8ff0bf6,2017-10-28T14:45:57.000Z,0.00020326,0xb3d98d091d3229291823fcb828446f7e7f780a14,sell,0x08f5a9235b08173b7569f83645d2c7fb55e8ccd8,0xb88426770e936605095ec0436725e24a60f9301acd03c06f9fae24f3e08faf9f
172,28312.01420185,5.754700006668031,0x9fc0ba438bac33686099ab2e7bf16745e8ff0bf6,2017-10-28T14:42:59.000Z,0.00020326,0xecc996953e976a305ee585a9c7bbbcc85d1c467b,sell,0x08f5a9235b08173b7569f83645d2c7fb55e8ccd8,0x6a82b96c71ed8254fb02e3f9f598b1a1ce2b2398b47bdc4eb5e687db9b96b050
173,1000,0.216,0xc637b6002de22dae16a29d60a01c37d9cc8f4b0f,2017-10-28T14:22:11.000Z,0.000216,0xcea44b433a2ba9311af02daa103034dc082283e0,buy,0x08f5a9235b08173b7569f83645d2c7fb55e8ccd8,0x028f6f1367975f45ee5eacf7eba0e61e28c5e27e05e267be37ff6cceda920467
174,16635.86360471,3.3814056362933544,0x9fc0ba438bac33686099ab2e7bf16745e8ff0bf6,2017-10-28T13:55:08.000Z,0.00020326,0xecc996953e976a305ee585a9c7bbbcc85d1c467b,sell,0x08f5a9235b08173b7569f83645d2c7fb55e8ccd8,0x03a18ef0484ae1915901eba0f73a838771c506e6e196adbc28854d2443a5307c
175,373.61241958,0.0759404604038308,0x9fc0ba438bac33686099ab2e7bf16745e8ff0bf6,2017-10-28T13:46:38.000Z,0.00020326,0xe2fbe7b63f79fca9c2dc4375076ec81d6f55c9b4,sell,0x08f5a9235b08173b7569f83645d2c7fb55e8ccd8,0x93baddbbc41ebcc9aba29606bda336745be4a8b2cf438939d4590f2d54425a42
176,986,0.20041436,0x9fc0ba438bac33686099ab2e7bf16745e8ff0bf6,2017-10-28T13:42:29.000Z,0.00020326,0x61f8203215b43cac2bb2810c69d58c7646cd832b,sell,0x08f5a9235b08173b7569f83645d2c7fb55e8ccd8,0xa96e88b12675e052f2d760268b967bd3c0d100deada3a148a84fe2c347eb36ff
177,10030,2.0386978,0x9fc0ba438bac33686099ab2e7bf16745e8ff0bf6,2017-10-28T13:41:30.000Z,0.00020326,0xbaccfcfded9fcea89a5294cafdfb56e3284b2ba6,sell,0x08f5a9235b08173b7569f83645d2c7fb55e8ccd8,0x7f558b3a041e4bc6be1442e2f8473620dbdf4300f61cbc42517bf2a9708495b6
178,3515.264,0.71451256064,0x9fc0ba438bac33686099ab2e7bf16745e8ff0bf6,2017-10-28T13:34:43.000Z,0.00020326,0x61f8203215b43cac2bb2810c69d58c7646cd832b,sell,0x08f5a9235b08173b7569f83645d2c7fb55e8ccd8,0x7744fb4f43a9b9cb374e34d602e8ce65b3586294c701798ffebc2f499dca469e
179,10030,2.0386978,0x9fc0ba438bac33686099ab2e7bf16745e8ff0bf6,2017-10-28T13:21:04.000Z,0.00020326,0xbaccfcfded9fcea89a5294cafdfb56e3284b2ba6,sell,0x08f5a9235b08173b7569f83645d2c7fb55e8ccd8,0xa15e4f9da0bb27ecaaa2f5cd0202da54befe79d4f9c45c94d45cf51295ab5175
180,100,0.0215,0xa8aab3d9e7f7ebd65ac8128391d2f649748c4f53,2017-10-28T12:22:37.000Z,0.000215,0xbaccfcfded9fcea89a5294cafdfb56e3284b2ba6,sell,0x08f5a9235b08173b7569f83645d2c7fb55e8ccd8,0xdb52886e2cad41a7c1aa1b885be3b3c1588e1ccf30ac6525deb16660889539e5
181,484.73585097,0.10567241551191307,0x26539df76c5f561ff432bf155c94889a56c27f33,2017-10-28T11:47:47.000Z,0.00021800000000093468,0x61f8203215b43cac2bb2810c69d58c7646cd832b,buy,0x08f5a9235b08173b7569f83645d2c7fb55e8ccd8,0xb5fc32a1a9981b45682535228727db2376b76abdf2d93a63a32fd5036898d325
182,598.65264644,0.1287103189846525,0x26539df76c5f561ff432bf155c94889a56c27f33,2017-10-28T11:33:39.000Z,0.00021500000000008768,0x5aa943321f5b22bcf7a7d09c7eab8137aa1b72f8,buy,0x08f5a9235b08173b7569f83645d2c7fb55e8ccd8,0xa4caaecdd115aed0de99a01be36d9867d6d6c7d435069b8c0ec45467f484a3ff
183,1960,0.4312,0xdb5c10f35bb414442a692853b94f738613311fba,2017-10-28T08:37:33.000Z,0.00022,0xbaccfcfded9fcea89a5294cafdfb56e3284b2ba6,sell,0x08f5a9235b08173b7569f83645d2c7fb55e8ccd8,0x3cc32bc977e002cdad748d4b7a9de8e1f6b74517eb541ddc81f696d413cac1d4
184,730,0.1533,0xdb5c10f35bb414442a692853b94f738613311fba,2017-10-28T08:36:57.000Z,0.00021,0xbaccfcfded9fcea89a5294cafdfb56e3284b2ba6,sell,0x08f5a9235b08173b7569f83645d2c7fb55e8ccd8,0x7da43caa8810f1b07cc8e46776d1dd3be3280188ce87f4017a9758139ec45da0
185,10000,2.1,0xdaae1b5f18f57beaa52af89ce9f909d6a8142e7f,2017-10-28T08:33:56.000Z,0.00021,0xe8f0cc52b0d087e4eaabe1de8c0bc01f83918ea9,buy,0x08f5a9235b08173b7569f83645d2c7fb55e8ccd8,0xfe32aa40a7c48570261a11334eea04da24daec49af5c8bf53ba1b2cf1a4bb788
186,5000,1.0495,0xdaae1b5f18f57beaa52af89ce9f909d6a8142e7f,2017-10-28T07:56:43.000Z,0.0002099,0x281236bfdbb35a11993a63d71ef8bfcf1cfae546,buy,0x08f5a9235b08173b7569f83645d2c7fb55e8ccd8,0x55e354123b0ab7d92cbd64321311ea282d81c38968235e19863d664bf41a0362
187,18510.49576846,3.702099153692,0x002ecfda4147e48717cbe6810f261358bdacc6b5,2017-10-28T06:00:33.000Z,0.0002,0x4427baa074563a394084de2cd61556f7908b6de4,sell,0x08f5a9235b08173b7569f83645d2c7fb55e8ccd8,0x394faef495774876211b376d3c9ababb4e2b932e4254b26b7444f7eb09b3f7e0
188,18783.05336266,3.756610672532,0x002ecfda4147e48717cbe6810f261358bdacc6b5,2017-10-28T05:59:12.000Z,0.0002,0x4427baa074563a394084de2cd61556f7908b6de4,sell,0x08f5a9235b08173b7569f83645d2c7fb55e8ccd8,0x2cab88f92a1d4ac5730fe5e8f0b05c70edd16fd29bce2e4c0731055158f4c5b6
189,1155.97564742,0.2427548859582,0xa2aba2253ae0f0099d95e8d512c2d6b14a9949a0,2017-10-28T05:58:11.000Z,0.00021,0x4427baa074563a394084de2cd61556f7908b6de4,sell,0x08f5a9235b08173b7569f83645d2c7fb55e8ccd8,0x005900b854ce0197cba5e669a25c2498902a9af289aaef5af0159fa9ecc5834c
190,7244.02435258,1.5212451140418,0xa2aba2253ae0f0099d95e8d512c2d6b14a9949a0,2017-10-28T05:53:39.000Z,0.00021,0x4427baa074563a394084de2cd61556f7908b6de4,sell,0x08f5a9235b08173b7569f83645d2c7fb55e8ccd8,0x8a084bdf55a6e6886f4c186726198b3a3bd61495a0678055925ad7fdc5d95d05
191,5000,1,0x281236bfdbb35a11993a63d71ef8bfcf1cfae546,2017-10-28T05:27:38.000Z,0.0002,0xe8f0cc52b0d087e4eaabe1de8c0bc01f83918ea9,buy,0x08f5a9235b08173b7569f83645d2c7fb55e8ccd8,0x2815cd6c3a0d71385b1567e2eeff76c71f181e2fc93f84e0a5f3511b9acd6667
192,5000,1,0x49ef480fe0105a1325f2f4e7475ee983d37c5bfc,2017-10-28T04:58:51.000Z,0.0002,0xe8f0cc52b0d087e4eaabe1de8c0bc01f83918ea9,buy,0x08f5a9235b08173b7569f83645d2c7fb55e8ccd8,0xc9da930ed4a59e46dcd238a9d0f8d3b74ddc5008b7a4b9fef2687256e5c44068
193,10000,1.95,0x70a01ccf4f94b84f520e8bbf6cae035148ea36ba,2017-10-28T04:18:21.000Z,0.000195,0xe8f0cc52b0d087e4eaabe1de8c0bc01f83918ea9,buy,0x08f5a9235b08173b7569f83645d2c7fb55e8ccd8,0x7811bd21ea2a84b00eb390b7efe4332a4fb1456edfed8675951a458951a02e40
194,4975.663,0.965278622,0x70a01ccf4f94b84f520e8bbf6cae035148ea36ba,2017-10-28T04:16:43.000Z,0.000194,0x600bf5b4c26ab95cc6260e5fac8c77154308024e,buy,0x08f5a9235b08173b7569f83645d2c7fb55e8ccd8,0x2fef922ba68b7e125746b2eedd9d35b4cb336e58387cb0c1623963a61ef3884a
195,2990.728,0.58017132472,0x625309b0c5acf5334da743a16741fce5a56822cc,2017-10-28T04:06:46.000Z,0.00019399,0x8d58e6a53048a24f87e618a4ea11af87bcdbee89,buy,0x08f5a9235b08173b7569f83645d2c7fb55e8ccd8,0xf0f09776fb87bbbcd37e41831dc69f6becf831f0d1543ec41cfecf386af97a2e
196,1148.55798416,0.2124832270696,0xdaae1b5f18f57beaa52af89ce9f909d6a8142e7f,2017-10-28T03:11:02.000Z,0.000185,0xf3743c6d0b8ee64a0fc0a395d9ba8eb028e1d2b5,sell,0x08f5a9235b08173b7569f83645d2c7fb55e8ccd8,0x1f187d38da60418bc9c61f5c8e1917dd879ebecfe732c75880968d3695dd9a0e
197,7826.99,1.5183577901,0xca5a7c2b750572c342e2089dd47f1250396606cf,2017-10-28T02:53:51.000Z,0.00019399,0x583b640795999aa2bb22c1a62a91336ff9d325bb,buy,0x08f5a9235b08173b7569f83645d2c7fb55e8ccd8,0xa4ccd12204a50fca0ddb6da5191b172eb7672560a9553c8a9860b03f5a49b11c
198,3000,0.56097,0xdaae1b5f18f57beaa52af89ce9f909d6a8142e7f,2017-10-27T23:35:38.000Z,0.00018699,0x1b33551ecc84d7cb2708c0eefa8034ea91a46427,buy,0x08f5a9235b08173b7569f83645d2c7fb55e8ccd8,0xe69f388cedb59adab3791ea811440c02d9849aa6bd26536f04fe3d7603c437ce
199,316.102,0.05847887,0xdaae1b5f18f57beaa52af89ce9f909d6a8142e7f,2017-10-27T23:33:36.000Z,0.000185,0x81923713b7fbdca295458263fb6a982179328036,buy,0x08f5a9235b08173b7569f83645d2c7fb55e8ccd8,0x7ab86ec028c75a710d4e87234e712be68ad925621f56b1c3782f024c9d9c6060
200,398,0.0735902,0xdaae1b5f18f57beaa52af89ce9f909d6a8142e7f,2017-10-27T23:26:07.000Z,0.0001849,0xbda6e75bc60f9f13d66d2725b595d93cf6fc0f96,buy,0x08f5a9235b08173b7569f83645d2c7fb55e8ccd8,0xe09d5330c7fa18040e0ab0c2935c0d4484ca377ed4f7c37ec4950cae0ba868db
201,2173,0.40630754,0x8810fe63810af7e1407e06e4eb21936b358a48cc,2017-10-27T23:23:47.000Z,0.00018698,0x583b640795999aa2bb22c1a62a91336ff9d325bb,buy,0x08f5a9235b08173b7569f83645d2c7fb55e8ccd8,0x82543f48131c3447bce908614f63f8d8ff40c17af8216b72412391a5a989ff01
202,1781.4508537,0.32956840793540026,0x44ca62769b15fcf3a7d08385794c75a0201b9f63,2017-10-27T23:23:47.000Z,0.00018500000000050534,0x8810fe63810af7e1407e06e4eb21936b358a48cc,buy,0x08f5a9235b08173b7569f83645d2c7fb55e8ccd8,0x9fae675c3cc10027053837d21278eba595e61d002c9ca90dce8942838a028075
203,2173.23,0.4041990477,0x8810fe63810af7e1407e06e4eb21936b358a48cc,2017-10-27T23:22:07.000Z,0.00018599,0x583b640795999aa2bb22c1a62a91336ff9d325bb,buy,0x08f5a9235b08173b7569f83645d2c7fb55e8ccd8,0x76851482d0506f910de3bd281c003f88a5d5703d439a56edfa15fc52f85a0355
204,664.056,0.122186304,0x8810fe63810af7e1407e06e4eb21936b358a48cc,2017-10-27T23:20:42.000Z,0.000184,0x3c3aef0043c8629556d0b20425aca08a1509d1dc,buy,0x08f5a9235b08173b7569f83645d2c7fb55e8ccd8,0x1b8aa1d7c05fc08bb4f28d6aa3df7b73a6da46903df0c5cd4f741be0011b76bf
205,7919.19151648,1.4650504305491487,0xbbe8a82dc936ac8a7f188624e42a1253dbb279ec,2017-10-27T23:17:45.000Z,0.00018500000000004404,0x81923713b7fbdca295458263fb6a982179328036,buy,0x08f5a9235b08173b7569f83645d2c7fb55e8ccd8,0xaded50fe3f345c597d0a0f12526eeba6573aa9c9a6b36dc2733b9fada4fb28d5
206,982,0.175778,0x8810fe63810af7e1407e06e4eb21936b358a48cc,2017-10-27T20:39:58.000Z,0.000179,0x088f00f1a9e7b019c452b9265d1f4811e5fe89ce,buy,0x08f5a9235b08173b7569f83645d2c7fb55e8ccd8,0x038ce26cddf1d637ffb69ccb0fba634323732f8fd4ce3cf0e2d1c1811a3c403e
207,1285.016449,0.2262913966689,0x4427baa074563a394084de2cd61556f7908b6de4,2017-10-27T18:44:02.000Z,0.0001761,0xfb1d87f1d5f91a237a6aab0a94c9686696907d34,sell,0x08f5a9235b08173b7569f83645d2c7fb55e8ccd8,0x9250d6b9dc4ea14eed9b1cfd8ee35df2e59c638964c75921239ed8849a5a1d64
208,280,0.04956,0xacafb1c9aba5edf103b6792362d3369299948e68,2017-10-27T18:42:36.000Z,0.000177,0xfb1d87f1d5f91a237a6aab0a94c9686696907d34,sell,0x08f5a9235b08173b7569f83645d2c7fb55e8ccd8,0x58806308d2167085799d79b7c8554f2c7a0700e7d84683409b133eec68f4a362
209,8400,1.512,0xacafb1c9aba5edf103b6792362d3369299948e68,2017-10-27T18:42:15.000Z,0.00018,0xfb1d87f1d5f91a237a6aab0a94c9686696907d34,sell,0x08f5a9235b08173b7569f83645d2c7fb55e8ccd8,0xeb5bdc9421cf95b8b13335107307b097f81bb36632a5d5591e07d841eecd56f3
210,1000,0.185,0x139beda68f6bb64bd31f12c458e65363f4bed8ab,2017-10-27T16:36:57.000Z,0.000185,0x8810fe63810af7e1407e06e4eb21936b358a48cc,buy,0x08f5a9235b08173b7569f83645d2c7fb55e8ccd8,0x91149c9bf55ae97e4c7de3857130d99b0edf17e28503780cc64f5aa3fd49cf75
211,100,0.0185,0xc1187d152cfacbf853ecc43bda111ff48b4423ee,2017-10-27T16:31:46.000Z,0.000185,0x8810fe63810af7e1407e06e4eb21936b358a48cc,buy,0x08f5a9235b08173b7569f83645d2c7fb55e8ccd8,0xe716a416ff9d553deeda324bc19f53de9b66e2243da8faedb19bb74c52adc0fe
212,5981.46437908,1.053335877155988,0x4427baa074563a394084de2cd61556f7908b6de4,2017-10-27T16:15:50.000Z,0.0001761,0x6d91f54040d517e2da18aff74f1a6ecd087b839d,sell,0x08f5a9235b08173b7569f83645d2c7fb55e8ccd8,0x31512fb87ce3b5a5e324be5a90eb38a2604f067b86e470f032b97d0cbb6fe667
213,4271.744,0.7475552,0x625309b0c5acf5334da743a16741fce5a56822cc,2017-10-27T15:24:06.000Z,0.000175,0x23f5f10dc6bc8b9cc980fee8c0c1f3c6256d9864,buy,0x08f5a9235b08173b7569f83645d2c7fb55e8ccd8,0x3fee7a9b415185379252787848aa34f5f6a8781cd44276847cadbada90753314
214,640.41294108,0.1120722646900204,0x8810fe63810af7e1407e06e4eb21936b358a48cc,2017-10-27T14:56:59.000Z,0.00017500000000159334,0x23f5f10dc6bc8b9cc980fee8c0c1f3c6256d9864,buy,0x08f5a9235b08173b7569f83645d2c7fb55e8ccd8,0x1e0090b758401f2839623becc033f1f9f2db75f59992faf8bafd0cd1e145fc7a
215,12000,2.1,0x625309b0c5acf5334da743a16741fce5a56822cc,2017-10-27T14:50:48.000Z,0.000175,0x23f5f10dc6bc8b9cc980fee8c0c1f3c6256d9864,buy,0x08f5a9235b08173b7569f83645d2c7fb55e8ccd8,0xaac04be70a1e82a904141e06c41849640d0c89228bf2f2a235a8c08cdb484e92
216,2000,0.346,0xa2bb45002fde61814a019c023456afa0c35e4b3b,2017-10-27T14:25:29.000Z,0.000173,0x23f5f10dc6bc8b9cc980fee8c0c1f3c6256d9864,sell,0x08f5a9235b08173b7569f83645d2c7fb55e8ccd8,0x84115fce769cec8927ba61331e58055c7b72a2e98db102e2e0123989c54d3583
217,21682,3.751007682,0x2256c01a9c0e2de68cb7d27f7e39dc4e1c7d3783,2017-10-27T13:50:17.000Z,0.000173001,0x23f5f10dc6bc8b9cc980fee8c0c1f3c6256d9864,sell,0x08f5a9235b08173b7569f83645d2c7fb55e8ccd8,0x49e1eaf0c0e94159e912477bf5b41d664ee6011346384aa507886efcb14c1368
218,8000,1.4,0x8810fe63810af7e1407e06e4eb21936b358a48cc,2017-10-27T13:04:05.000Z,0.000175,0x23f5f10dc6bc8b9cc980fee8c0c1f3c6256d9864,sell,0x08f5a9235b08173b7569f83645d2c7fb55e8ccd8,0xdcef7f9caee1b228322a2dfc2641dce6da57fc0c3cdd3558f5c42a9921674a3a
219,1500,0.26145,0xa2bb45002fde61814a019c023456afa0c35e4b3b,2017-10-27T12:54:39.000Z,0.0001743,0x23f5f10dc6bc8b9cc980fee8c0c1f3c6256d9864,sell,0x08f5a9235b08173b7569f83645d2c7fb55e8ccd8,0x78b20aebd370514922fb7daebe41d1a9731c22e72afdda8955268dac9866cfff
220,1500,0.2622,0xa2bb45002fde61814a019c023456afa0c35e4b3b,2017-10-27T12:53:22.000Z,0.0001748,0x23f5f10dc6bc8b9cc980fee8c0c1f3c6256d9864,sell,0x08f5a9235b08173b7569f83645d2c7fb55e8ccd8,0xfd0cc9cf234045e18fbaa90d2ab5ddb3fe2df0d9d2d1bfc9b31ac6aef4fe7991
221,5000,0.875,0xa2bb45002fde61814a019c023456afa0c35e4b3b,2017-10-27T12:50:56.000Z,0.000175,0x23f5f10dc6bc8b9cc980fee8c0c1f3c6256d9864,sell,0x08f5a9235b08173b7569f83645d2c7fb55e8ccd8,0x812959a677716f489816874ac0fde1ea00f366d5ae2c64bd1d0ac073db48391c
222,1396.09410826,0.23747700390913426,0x2256c01a9c0e2de68cb7d27f7e39dc4e1c7d3783,2017-10-27T06:22:04.000Z,0.000170101,0xfd0928990c2b409f0a2d17b93bac6abe3c761005,sell,0x08f5a9235b08173b7569f83645d2c7fb55e8ccd8,0xe8d25c0231c941d1069ab1dd2d021c83f9f2aab3fce1b62396fac9fb8842f85e
223,8761.50520617,1.50697889546124,0x625309b0c5acf5334da743a16741fce5a56822cc,2017-10-27T06:09:13.000Z,0.000172,0x9a6f4914a86b31cf3969160bbdbe053cd681e189,sell,0x08f5a9235b08173b7569f83645d2c7fb55e8ccd8,0x004bef373e4886afd11a0cf0461343237d4393553c91e1adc79b1f6e059e420b
224,4400,0.7612,0x5afe28c87841ab9255cceed76e3bdaa46316886e,2017-10-27T06:08:16.000Z,0.000173,0x9a6f4914a86b31cf3969160bbdbe053cd681e189,sell,0x08f5a9235b08173b7569f83645d2c7fb55e8ccd8,0x1fc6c7242dea7b85f3ef261a1aaebe9d9cbda2be9aa7e7087b7019f759bb9e8c
225,8386.65667703,1.5682209320385174,0xbe856c2de4731b0eb1f03bec519d41e65eeb6246,2017-10-27T03:38:53.000Z,0.0001869900000000808,0x7c99110a65666f7d7d78211953ac58c7cf1c1d63,buy,0x08f5a9235b08173b7569f83645d2c7fb55e8ccd8,0x5e903d93a7ea4cbc0bf05387aa27f60f15602d895b189418cce9e1230d122bc8
226,14146.92,2.6170387308,0x7c99110a65666f7d7d78211953ac58c7cf1c1d63,2017-10-27T02:11:01.000Z,0.00018499,0xae76509d6b38cebb72b7b40dac700807947f9b67,buy,0x08f5a9235b08173b7569f83645d2c7fb55e8ccd8,0x6ac461b8db74c69df604a7a098ea781d84b2341db3cc23178f90e463c32ef3b8
227,2273.384,0.40920912,0xbe856c2de4731b0eb1f03bec519d41e65eeb6246,2017-10-27T01:56:46.000Z,0.00018,0xfaae5faa8af932718d41ae93c1495a4b8732dd2c,buy,0x08f5a9235b08173b7569f83645d2c7fb55e8ccd8,0x58a2032a53a73ef0beadbc251cdbde38d7fbb6495f2265cfa9822d34fe03ca0c
228,478.72745165,0.08617094129813478,0xbbe8a82dc936ac8a7f188624e42a1253dbb279ec,2017-10-27T00:39:54.000Z,0.0001800000000023704,0xfaae5faa8af932718d41ae93c1495a4b8732dd2c,buy,0x08f5a9235b08173b7569f83645d2c7fb55e8ccd8,0x3bef5dea19f5ef9eedbe3ad84b92b564822c5fea33ddefac67e54863f2eb10a8
229,7032.0258389,1.265764651002,0xbbe8a82dc936ac8a7f188624e42a1253dbb279ec,2017-10-27T00:39:30.000Z,0.00018,0x74859894c486c1a47463058e9dfe04271b689f32,buy,0x08f5a9235b08173b7569f83645d2c7fb55e8ccd8,0x9c6d2a798b16d183e2161288b6b1679d82d9a698d842456ea8311f374c65c7ae
230,0.89839805,0.000161711649952182,0xbbe8a82dc936ac8a7f188624e42a1253dbb279ec,2017-10-27T00:24:20.000Z,0.0001800000010598665,0xfaae5faa8af932718d41ae93c1495a4b8732dd2c,buy,0x08f5a9235b08173b7569f83645d2c7fb55e8ccd8,0xa78932822c0db623193ed9d4fd8efb88ac366c42f26cbe2380304bc241e4dc27
231,7373.31618486,1.6221295606703305,0xbbe8a82dc936ac8a7f188624e42a1253dbb279ec,2017-10-27T00:23:53.000Z,0.00022000000000015331,0xcec1f3bb4342d1d7f584b5d5b8d6d3b2c9af8a96,buy,0x08f5a9235b08173b7569f83645d2c7fb55e8ccd8,0xb1cc481bcf5acfa8768a5be17c6d5f0b91199c48c1f3afeb1889ad9c4e9c2e1a
232,10,0.0018,0x94b0bf6dd676f7b4884557735945b927535fd822,2017-10-27T00:14:55.000Z,0.00018,0xfaae5faa8af932718d41ae93c1495a4b8732dd2c,buy,0x08f5a9235b08173b7569f83645d2c7fb55e8ccd8,0x60781b1f1940511af3373e7d2791b8c2772b83f3135b03c7517b601d5b92091c
233,8786.79491158,1.5816230840850305,0xbbe8a82dc936ac8a7f188624e42a1253dbb279ec,2017-10-27T00:01:24.000Z,0.00018000000000007176,0xfaae5faa8af932718d41ae93c1495a4b8732dd2c,buy,0x08f5a9235b08173b7569f83645d2c7fb55e8ccd8,0x8427aac4a3226c369e54fc9369c2c2a89c33deee0bd1048802e8ba7f6d331284
234,2550.739,0.45913302,0xe57f8364c4a07e8b586882c2337afc2c981b969e,2017-10-26T23:32:39.000Z,0.00018,0x2b74895994e7c06e4ad5f3a919e60dfcc482c1bc,buy,0x08f5a9235b08173b7569f83645d2c7fb55e8ccd8,0xef27cca64cd27ddc007185e31b43e4c47e364f9e261b82cc6d7c8efc70f665af
235,1.99381916,0.00033695743185916,0x431470561e7396c681216a8f1a35586f107f2c8b,2017-10-26T20:32:32.000Z,0.000169001,0xb4c432a9559a4f1464d2bff9fcbbdc14f1c39dec,sell,0x08f5a9235b08173b7569f83645d2c7fb55e8ccd8,0x2dfd848ec66b672142c54da92b5cb49882981408eab2728cacbbb5576f08efdc
236,1976.55539111,0.3301242814231922,0xbd8f695e5214f3eda8fa07182fc2456ee3e525c4,2017-10-26T19:30:07.000Z,0.00016702,0xbc43454e4b5c4cdbb2099449b76e11664307a1f2,sell,0x08f5a9235b08173b7569f83645d2c7fb55e8ccd8,0x79b5194cfbe0f68bdfee35dfca56d9c13fa4b1371c0bd4d2fedc69e83936697b
237,36.834,0.0062654634,0xe5830fc331aa8eb94b6a6daba5ae0ad028e5e222,2017-10-26T18:53:15.000Z,0.0001701,0xbc43454e4b5c4cdbb2099449b76e11664307a1f2,sell,0x08f5a9235b08173b7569f83645d2c7fb55e8ccd8,0xa76aeb8a5ff53490d44cc67218199c70cb9ba93c5a6e133a78fe71f6027a33f8
238,3900,0.702,0xe5830fc331aa8eb94b6a6daba5ae0ad028e5e222,2017-10-26T17:42:48.000Z,0.00018,0x74859894c486c1a47463058e9dfe04271b689f32,buy,0x08f5a9235b08173b7569f83645d2c7fb55e8ccd8,0x6043ae31a1ce12cbfea1cc04222dce9cf0514c8ed541f249ba295f3813a1c407
239,143467.63361192,27.099314377688863,0x5f0f119419b528c804c9bbbf15455d36450406b4,2017-10-26T17:35:47.000Z,0.00018888800000000362,0x4494a5fb9739c61e0ca85c6bbc3f54c1a6f611bc,buy,0x08f5a9235b08173b7569f83645d2c7fb55e8ccd8,0x206a044110dbc9ecd670293542fffb91fac4736159fa9368c9e43c6ae55cda6a
240,39492.11968316,7.10463233100147,0x5f0f119419b528c804c9bbbf15455d36450406b4,2017-10-26T17:08:05.000Z,0.00017990000000002497,0x583b640795999aa2bb22c1a62a91336ff9d325bb,buy,0x08f5a9235b08173b7569f83645d2c7fb55e8ccd8,0xffecae76a28594ed5e30360cce2e1b48fd9f77f9d18ed1e4f130d216deada887
241,15459.95473003,2.629738299578103,0xe5830fc331aa8eb94b6a6daba5ae0ad028e5e222,2017-10-26T16:55:33.000Z,0.0001701,0xde400bf71732605febc9ce9451a8b744953b1004,sell,0x08f5a9235b08173b7569f83645d2c7fb55e8ccd8,0xd05671721ab1490a94705df9892f584412cfbb1800e8e861c50fad08271a6a0a
242,2218.64955721,0.3991350553432315,0xde400bf71732605febc9ce9451a8b744953b1004,2017-10-26T15:59:32.000Z,0.00017990000000051945,0x583b640795999aa2bb22c1a62a91336ff9d325bb,buy,0x08f5a9235b08173b7569f83645d2c7fb55e8ccd8,0x6128e4a19e26876bc1d24a6aa2d57ccc66dfbe6d815ab0beec894e88b98f9c46
243,18000,3.114,0x5afe28c87841ab9255cceed76e3bdaa46316886e,2017-10-26T15:31:54.000Z,0.000173,0xe5830fc331aa8eb94b6a6daba5ae0ad028e5e222,sell,0x08f5a9235b08173b7569f83645d2c7fb55e8ccd8,0x03244cf84384a3ca075352766f2c85079eb045d16a645a93d3f3aec78d2100b0
244,13289.23075961,2.3907326136552975,0xde400bf71732605febc9ce9451a8b744953b1004,2017-10-26T15:17:09.000Z,0.00017990000000010976,0x583b640795999aa2bb22c1a62a91336ff9d325bb,buy,0x08f5a9235b08173b7569f83645d2c7fb55e8ccd8,0x76958f237ba77a0be1c3e3c9a6fff3809f21ab8087aa595f4da660c9b0c7029b
245,3633.7752966,0.603642752271192,0x583b640795999aa2bb22c1a62a91336ff9d325bb,2017-10-26T14:41:33.000Z,0.00016612,0x813078b302a6de97ce32e3c7a6bd61e2ffd80eb2,sell,0x08f5a9235b08173b7569f83645d2c7fb55e8ccd8,0x1351f7344518a38dab4a41d34c94c6ac0872947f76ae0a3a58696a2474042347
246,99.3,0.016494723,0xbe856c2de4731b0eb1f03bec519d41e65eeb6246,2017-10-26T14:10:37.000Z,0.00016611,0xb9f1a043bf2efc5820babadf1c244a378c577fa6,sell,0x08f5a9235b08173b7569f83645d2c7fb55e8ccd8,0xa52ea9d0f244cbbfb59e0bd0f00651438ed7c0d4b1483a68f450ae6c05ddf44c
247,50.15452099,0.0090278137782,0xba44c8c06f8c583beb59cc9c5d72267733d86d94,2017-10-26T14:08:03.000Z,0.00018,0xb9f1a043bf2efc5820babadf1c244a378c577fa6,sell,0x08f5a9235b08173b7569f83645d2c7fb55e8ccd8,0x79faaeafa1e0e2e9b8f11674818788b2096f99faf5de539bd3a8c677edf17f8e
248,150,0.027,0xb9f1a043bf2efc5820babadf1c244a378c577fa6,2017-10-26T14:06:23.000Z,0.00018,0x74859894c486c1a47463058e9dfe04271b689f32,buy,0x08f5a9235b08173b7569f83645d2c7fb55e8ccd8,0x56a649b3158f878cb0ae41c4a0c6fce02d13ab5581249f21671bbdea09a6eb4b
249,150,0.027,0xb9f1a043bf2efc5820babadf1c244a378c577fa6,2017-10-26T14:05:54.000Z,0.00018,0x74859894c486c1a47463058e9dfe04271b689f32,buy,0x08f5a9235b08173b7569f83645d2c7fb55e8ccd8,0x3d2bcd7f529d71ab6775983bc4dde4a50e1c730309c5bcd6c860dba4943b7b7a
250,49600,8.9279999504,0x5f0f119419b528c804c9bbbf15455d36450406b4,2017-10-26T13:46:38.000Z,0.000179999999,0xc8e45a3b8db2d0ab6c5e3f0eb05aebebdcc4d402,buy,0x08f5a9235b08173b7569f83645d2c7fb55e8ccd8,0x3b0210f27c358cd7be0c6fddd6e8290ea8e05bb0c4e6dbc2a669d99f0f23a544
251,49.84547901,0.0089721862218,0xba44c8c06f8c583beb59cc9c5d72267733d86d94,2017-10-26T13:40:32.000Z,0.00018,0xb989a321368b8d6c1cde21db485589ec24ba8c6f,sell,0x08f5a9235b08173b7569f83645d2c7fb55e8ccd8,0x799eb980a638eaf2f6a2a95847e2ab3678b146c14aed62f99328c699264cbbc4
252,859.47136862,0.1546876569242276,0xdb5c10f35bb414442a692853b94f738613311fba,2017-10-26T12:09:40.000Z,0.00017998,0x9d397615d90b791d4bc088484964e04dcf130804,sell,0x08f5a9235b08173b7569f83645d2c7fb55e8ccd8,0x9757852eacc5c4156e9b9c96aa549965bc36314c027e772fa828f4635f79ebbb
253,195.744,0.03523392,0xdb5c10f35bb414442a692853b94f738613311fba,2017-10-26T12:09:14.000Z,0.00018,0x9d397615d90b791d4bc088484964e04dcf130804,sell,0x08f5a9235b08173b7569f83645d2c7fb55e8ccd8,0x8050e5d6d49c578e92012e3dbfc3eaba8b4236dae8ffcb9ad0e55f247d51a6c7
254,15400,2.7719999846,0x735167d6a6f5edd65af9357ed03b1b129587fd6a,2017-10-26T10:14:30.000Z,0.000179999999,0xc8e45a3b8db2d0ab6c5e3f0eb05aebebdcc4d402,buy,0x08f5a9235b08173b7569f83645d2c7fb55e8ccd8,0x66925b6988e5636966ddec25a00d1c75d2b0e74d39c89ac6ce0f29c117876e99
255,661.522,0.1189747317,0x735167d6a6f5edd65af9357ed03b1b129587fd6a,2017-10-26T10:09:23.000Z,0.00017985,0xb105d96f87a1a4aa2ce523a86f4b200482aa14f0,buy,0x08f5a9235b08173b7569f83645d2c7fb55e8ccd8,0xc194d0283613a038135128847b6a38200465cab1c17ebd3d9a5a8cd2bf5b4b57
256,7047,1.26846,0xc6cd97b42a09f2b742bc5a09cba523d707d6079f,2017-10-26T06:47:45.000Z,0.00018,0xce273629c61fa936e939f2bc33602850c58a7a8a,buy,0x08f5a9235b08173b7569f83645d2c7fb55e8ccd8,0xf6f377abd6b02e3edb6096766f753db22eed6a0e6612fea328d28f96bb9eac94
257,600,0.105,0xdb5c10f35bb414442a692853b94f738613311fba,2017-10-26T06:36:24.000Z,0.000175,0x6009502524cc23d9861056a1d2b2f89603b14bbc,sell,0x08f5a9235b08173b7569f83645d2c7fb55e8ccd8,0x13c50b07b06b303711247e5d88ce65d4b126cff88564f52013e66b16ae880667
258,1000,0.175,0xdb5c10f35bb414442a692853b94f738613311fba,2017-10-26T06:35:05.000Z,0.000175,0x6009502524cc23d9861056a1d2b2f89603b14bbc,sell,0x08f5a9235b08173b7569f83645d2c7fb55e8ccd8,0xb83f5e6748030536a03fe8df56cb991cc83e7eaa791e95e2db55fc0e93ab373c
259,1248,0.2184,0xd2ea382e498316d91b9de8557670149b479721a0,2017-10-26T05:38:54.000Z,0.000175,0xe8b1ebb99db7c5351a28e78f31a117ef3c28c6f0,buy,0x08f5a9235b08173b7569f83645d2c7fb55e8ccd8,0x3b4bcfe8d095bc04167c6544b3ed6c8e30844ceffda8072036f11cb0c8fc0a75
260,1244.256,0.22396608,0xdb5c10f35bb414442a692853b94f738613311fba,2017-10-26T05:38:54.000Z,0.00018,0xd2ea382e498316d91b9de8557670149b479721a0,sell,0x08f5a9235b08173b7569f83645d2c7fb55e8ccd8,0x3b4bcfe8d095bc04167c6544b3ed6c8e30844ceffda8072036f11cb0c8fc0a75
261,9656.55923268,1.575950466773376,0xf85a551811c40e7ffb912a21efe2c26277be8ebc,2017-10-26T03:08:54.000Z,0.0001632,0x9778550d76b07ac9f5e57392f68ecdf6efc1774e,sell,0x08f5a9235b08173b7569f83645d2c7fb55e8ccd8,0x32656ce4a37e871202e1068200121e3a2897166191c0c38edef2018a43c89785
262,4984.5479015,0.8134782175248,0xf85a551811c40e7ffb912a21efe2c26277be8ebc,2017-10-26T02:31:34.000Z,0.0001632,0x4fa852e7892f601011499bd9edb3b159722c3154,sell,0x08f5a9235b08173b7569f83645d2c7fb55e8ccd8,0xfd34b6c247fcd76492a80919b8649e77d49892d7a63fb4075f9311bc3fa1e4c5
263,5.178,0.00088026,0x9623ecc872d6d2a09bc81f26bba9647c5020515e,2017-10-26T00:13:19.000Z,0.00017,0x22811e79ccd253d3e33df07b90ffba87e1e901ae,buy,0x08f5a9235b08173b7569f83645d2c7fb55e8ccd8,0xc5bf68e10b8cf5a505a7d5808343d701e36f0676869befded8da7805e1eee443
264,0.00016061,1.6061,0x8810fe63810af7e1407e06e4eb21936b358a48cc,2017-10-26T00:10:29.000Z,10000,0x273a5d3e6721b9f5c1a6474f560c1334c63dda01,sell,0x08f5a9235b08173b7569f83645d2c7fb55e8ccd8,0x898533f0b1593b6b5036773d769a3cd0e87454c3c401c5aa0069f0db3958baa9
265,0.0001611,0.000000028998,0x273a5d3e6721b9f5c1a6474f560c1334c63dda01,2017-10-26T00:10:29.000Z,0.00018,0x74859894c486c1a47463058e9dfe04271b689f32,buy,0x08f5a9235b08173b7569f83645d2c7fb55e8ccd8,0x898533f0b1593b6b5036773d769a3cd0e87454c3c401c5aa0069f0db3958baa9
266,2502.42448409,0.403140584386899,0x5afe28c87841ab9255cceed76e3bdaa46316886e,2017-10-25T23:49:41.000Z,0.0001611,0x490918d708943ca767358ede0e7ff517a7d52471,sell,0x08f5a9235b08173b7569f83645d2c7fb55e8ccd8,0x7466cfb78304fd317386e8a3262373b7dc5e41635cb84eb5e263c271a5a3ed9f
267,1904.51435962,0.306817263334782,0x5afe28c87841ab9255cceed76e3bdaa46316886e,2017-10-25T23:32:26.000Z,0.0001611,0x1ed014aec47fae44c9e55bac7662c0b78ae61798,sell,0x08f5a9235b08173b7569f83645d2c7fb55e8ccd8,0xe12616af5278f87fdf4433c4676d29da0c0f41774e878c4407030dd329a58d5b
268,26000,4.524,0x26a7f4ab31d95cb549daaf4c0335bd7204581f05,2017-10-25T22:26:12.000Z,0.000174,0x7e0eeef5f50914222bcdfba64cec96c1ec26552a,buy,0x08f5a9235b08173b7569f83645d2c7fb55e8ccd8,0x16954a2e207960d5968e5380c930ef6ef9925077a5f78a2f7c132eb1b0b53a60
269,26000,4.524,0x26a7f4ab31d95cb549daaf4c0335bd7204581f05,2017-10-25T22:25:42.000Z,0.000174,0x7e0eeef5f50914222bcdfba64cec96c1ec26552a,buy,0x08f5a9235b08173b7569f83645d2c7fb55e8ccd8,0x16954a2e207960d5968e5380c930ef6ef9925077a5f78a2f7c132eb1b0b53a60
270,1000,0.160001,0xbf5575539772089b672bad685645b4a1e5c39a43,2017-10-25T21:59:07.000Z,0.000160001,0x7e0eeef5f50914222bcdfba64cec96c1ec26552a,sell,0x08f5a9235b08173b7569f83645d2c7fb55e8ccd8,0x1eaaa8002c752843d753dd437ffeda49418f60c2c7e40b7e121ba777527ef91e
271,1940,0.3104,0xfab95a986c638326c8fc97a60b795828d5ba71a4,2017-10-25T21:57:48.000Z,0.00016,0x7e0eeef5f50914222bcdfba64cec96c1ec26552a,sell,0x08f5a9235b08173b7569f83645d2c7fb55e8ccd8,0xc9de015a71c3574122c82145539690fa62c96e6b7a5ef69f7c62f9bf13a18094
272,1794.56880495,0.28892557759695,0x37707b8c80f73e759fbeb39be05bc2fcc2d96750,2017-10-25T21:57:48.000Z,0.000161,0x7e0eeef5f50914222bcdfba64cec96c1ec26552a,sell,0x08f5a9235b08173b7569f83645d2c7fb55e8ccd8,0x345d1701510516b7db76eceff47c059acedf2351042f93964b254386bcda6327
273,1123.008,0.181927296,0x1f27553678f19f8f682a04c2c42046f4ebb648e6,2017-10-25T21:57:03.000Z,0.000162,0x7e0eeef5f50914222bcdfba64cec96c1ec26552a,sell,0x08f5a9235b08173b7569f83645d2c7fb55e8ccd8,0x1eda2e5ca2a76f131281866ae4888d56945d11f0a983d21c12c93b793af4c89c
274,3000,0.5355,0x26a7f4ab31d95cb549daaf4c0335bd7204581f05,2017-10-25T21:56:42.000Z,0.0001785,0x74859894c486c1a47463058e9dfe04271b689f32,buy,0x08f5a9235b08173b7569f83645d2c7fb55e8ccd8,0x2ff78b87db2de2f16636c6bfffcd9193a3786abbd2a51a8e6062cd85f134524d
275,25000,4.499975,0x26a7f4ab31d95cb549daaf4c0335bd7204581f05,2017-10-25T21:56:32.000Z,0.000179999,0xca5a7c2b750572c342e2089dd47f1250396606cf,buy,0x08f5a9235b08173b7569f83645d2c7fb55e8ccd8,0x1117a57fa730c1a2f61f577b7e784fd55b81de818e250a0b9cc6ce8203be6ec2
276,27000,4.8033,0xdd3b68421009415916c9e4beff1e660cf0804b3a,2017-10-25T21:49:51.000Z,0.0001779,0x5afe28c87841ab9255cceed76e3bdaa46316886e,buy,0x08f5a9235b08173b7569f83645d2c7fb55e8ccd8,0x297c0feae92cd858f2d05d905d723b0c9d4a92e5123c7f85693279fddf68c067
277,19938.19236206,3.21004897029166,0x37707b8c80f73e759fbeb39be05bc2fcc2d96750,2017-10-25T21:49:38.000Z,0.000161,0x7e0eeef5f50914222bcdfba64cec96c1ec26552a,sell,0x08f5a9235b08173b7569f83645d2c7fb55e8ccd8,0x642e9efb1edf404fe7c1b8bdaa37ba8ba41b5e56b0ab5150877327805496bf8b
278,996.9095803,0.1614993520086,0x1f27553678f19f8f682a04c2c42046f4ebb648e6,2017-10-25T20:15:57.000Z,0.000162,0x9cdc370013229bf5ac914f78681d8479ab79c5a9,sell,0x08f5a9235b08173b7569f83645d2c7fb55e8ccd8,0xd77bea072c815ee1463cc0f40ed180464a973d1730e60172659924c60152a119
279,880.08210336,0.14257330074432,0x1f27553678f19f8f682a04c2c42046f4ebb648e6,2017-10-25T19:43:35.000Z,0.000162,0xe4c4ad01a17f72963aafe6a78842232423f27923,sell,0x08f5a9235b08173b7569f83645d2c7fb55e8ccd8,0x6bf91b8fa80e66add3e74227faee46b56e45a13bf83047f1d45a7681f0047cec
280,1203.5789054,0.1961833615802,0x72f90eb02e45aec19fa7d8e012ddc17c632ccf15,2017-10-25T19:42:19.000Z,0.000163,0xe4c4ad01a17f72963aafe6a78842232423f27923,sell,0x08f5a9235b08173b7569f83645d2c7fb55e8ccd8,0x298453888d6bc3e6fcaaa7a279effb5ffe0c8dbadf517fa836cf570974553378
281,7459.23883299,1.20093745211139,0x37707b8c80f73e759fbeb39be05bc2fcc2d96750,2017-10-25T18:20:01.000Z,0.000161,0x238221babcd3da2e2f0482b2b12a8d49ada0df2b,sell,0x08f5a9235b08173b7569f83645d2c7fb55e8ccd8,0xb796b8099171de1509afb15dedf80e6946a8c0158bdb92696949b62f3e81ad3e
282,4,0.000696,0x67c80cde9200e8fbdcbae68f4c28ab74d88db962,2017-10-25T17:23:49.000Z,0.000174,0x5afe28c87841ab9255cceed76e3bdaa46316886e,buy,0x08f5a9235b08173b7569f83645d2c7fb55e8ccd8,0x3dbe92349272365b8e7db0d8a1acaf8766f43eba4b5b032a869820babaf2a77b
283,1796.4210946,0.2928166384198,0x72f90eb02e45aec19fa7d8e012ddc17c632ccf15,2017-10-25T17:08:32.000Z,0.000163,0xb4ca425c2784ff49a9afff0efb6d3339772c953b,sell,0x08f5a9235b08173b7569f83645d2c7fb55e8ccd8,0xba5117059ce318cb0843fab3d109119797b0843834cedbf70787b4251c11c935
284,400,0.0696,0xf953d48b9bfb438cc4707a33c2edf966ae4516e5,2017-10-25T16:49:31.000Z,0.000174,0x5afe28c87841ab9255cceed76e3bdaa46316886e,buy,0x08f5a9235b08173b7569f83645d2c7fb55e8ccd8,0x0fe375d9f7ad1e99873fc59c83063929b2eabf688119957634ea2d5fb84851f4
285,9969.09580301,1.5950553284816,0xb297e96ff935edbbf128bf9d634a9ff0e570a3dd,2017-10-25T10:40:47.000Z,0.00016,0x79b40b57a32ddc795c99faad6b573d8b474292cf,sell,0x08f5a9235b08173b7569f83645d2c7fb55e8ccd8,0x9dbfbe776962e677418a5609cdb16f19aebc5da15059e18dde22b6629cec078d
286,7,0.0010990007,0x983e3151decaea95921c91e609992706c0f181a0,2017-10-25T05:56:07.000Z,0.0001570001,0x42f69c6ad371b450e18e52fb8e7046533742b91a,sell,0x08f5a9235b08173b7569f83645d2c7fb55e8ccd8,0x42b64cdaa4b9c8317f2175873e76337d9b6c613f48086c08a7e457452b069ac3
287,23531.14,3.67085784,0x583b640795999aa2bb22c1a62a91336ff9d325bb,2017-10-25T04:30:13.000Z,0.000156,0x8e12c0703faae87342c03ad17196f30ddc525319,buy,0x08f5a9235b08173b7569f83645d2c7fb55e8ccd8,0x68cfe8963f8cd8a186a98672787b86e9428afd7498fc43dd0c563d1d42296ca9
288,10020,1.56312,0x583b640795999aa2bb22c1a62a91336ff9d325bb,2017-10-25T04:25:51.000Z,0.000156,0x8e12c0703faae87342c03ad17196f30ddc525319,buy,0x08f5a9235b08173b7569f83645d2c7fb55e8ccd8,0x1d16945511afc0932536c42e132ca429d1bafe6921ee427a5cce7dd5a82bbd34
289,51.80770715,0.0080820023154,0x1d5321e125f6c7079a716705541c7b371ca79e69,2017-10-25T04:15:10.000Z,0.000156,0x8e12c0703faae87342c03ad17196f30ddc525319,buy,0x08f5a9235b08173b7569f83645d2c7fb55e8ccd8,0x017bc408e93b2a3d5680e0b1cbb1871040b5bd886e73a8c4f68d5571efc1c387
290,51.6527489,0.0081870123533989,0xbf3ff66b9f477e3c6f3b8b2c6053e398a243e6c1,2017-10-25T04:15:10.000Z,0.000158501,0x1d5321e125f6c7079a716705541c7b371ca79e69,sell,0x08f5a9235b08173b7569f83645d2c7fb55e8ccd8,0x017bc408e93b2a3d5680e0b1cbb1871040b5bd886e73a8c4f68d5571efc1c387
291,109.67098703,0.01765702891183,0xe3d0a0d0fcdab0f65f97c5e29b3d413e827ca3ce,2017-10-25T04:13:56.000Z,0.000161,0x1d5321e125f6c7079a716705541c7b371ca79e69,sell,0x08f5a9235b08173b7569f83645d2c7fb55e8ccd8,0x491bc121c6cf863b47c002e31f643dee5ba1c044145deeed7b0b6b92099bd8bf
292,110,0.01716,0x1d5321e125f6c7079a716705541c7b371ca79e69,2017-10-25T04:13:56.000Z,0.000156,0x8e12c0703faae87342c03ad17196f30ddc525319,buy,0x08f5a9235b08173b7569f83645d2c7fb55e8ccd8,0x491bc121c6cf863b47c002e31f643dee5ba1c044145deeed7b0b6b92099bd8bf
293,10119.64107676,1.58878364905132,0x583b640795999aa2bb22c1a62a91336ff9d325bb,2017-10-25T04:12:43.000Z,0.000157,0x1d5321e125f6c7079a716705541c7b371ca79e69,sell,0x08f5a9235b08173b7569f83645d2c7fb55e8ccd8,0x32d67a98b37a08a4f315ed7c671cbc0c2053b657b005a246b1bd3dc19163038c
294,10150,1.5834,0x1d5321e125f6c7079a716705541c7b371ca79e69,2017-10-25T04:12:43.000Z,0.000156,0x8e12c0703faae87342c03ad17196f30ddc525319,buy,0x08f5a9235b08173b7569f83645d2c7fb55e8ccd8,0x32d67a98b37a08a4f315ed7c671cbc0c2053b657b005a246b1bd3dc19163038c
295,6000,1.098,0xc1a2ca4ed47285ed018856eb474312279a63341e,2017-10-25T03:41:23.000Z,0.000183,0x600bf5b4c26ab95cc6260e5fac8c77154308024e,buy,0x08f5a9235b08173b7569f83645d2c7fb55e8ccd8,0xc3fbe222e9abf899e9013fd02ea84e3ace0d4a5782601a0f37d95b2f2e9e4c90
296,41620,7.57484,0x739eb2b1ef52df7eb8666d70b1608118af8c2e30,2017-10-25T03:39:52.000Z,0.000182,0x647d6be738c8a8370f96fa89376a75529f7ba400,buy,0x08f5a9235b08173b7569f83645d2c7fb55e8ccd8,0xccdc9540ce76ea49296e8db28b955f5c3de1023b832a088428bc5508fff84461
297,100,0.0183,0xf953d48b9bfb438cc4707a33c2edf966ae4516e5,2017-10-25T02:29:18.000Z,0.000183,0x600bf5b4c26ab95cc6260e5fac8c77154308024e,buy,0x08f5a9235b08173b7569f83645d2c7fb55e8ccd8,0x17f3894626740bbcdf9dc4fbb2ef30fa4143f011e60a20f9232b368088bf6fd0
298,11075.66292302,1.736663946329536,0x600bf5b4c26ab95cc6260e5fac8c77154308024e,2017-10-25T02:21:59.000Z,0.0001568,0x9778550d76b07ac9f5e57392f68ecdf6efc1774e,sell,0x08f5a9235b08173b7569f83645d2c7fb55e8ccd8,0x0c4529716a1a80971a5248306c85d68ef58d2a5b2ee6ce373882277ee8b7e3b2
299,2000,0.314,0x0a34abcb69b77e984b9f007149bf59188d2d2bbe,2017-10-25T02:21:38.000Z,0.000157,0x9778550d76b07ac9f5e57392f68ecdf6efc1774e,sell,0x08f5a9235b08173b7569f83645d2c7fb55e8ccd8,0x9b756b272f1c2a2314214c664104fbb2ab0e9e310fd62ecb8c7c9dcf98da67ca
300,4594,0.735044594,0xbf3ff66b9f477e3c6f3b8b2c6053e398a243e6c1,2017-10-25T02:19:45.000Z,0.000160001,0x9778550d76b07ac9f5e57392f68ecdf6efc1774e,sell,0x08f5a9235b08173b7569f83645d2c7fb55e8ccd8,0xedde45d327d3b3df52943408b233e865c3b1297224d8c3ce6e741cf5fd825b62
301,480,0.07680096,0x3ff339c9b3b9af55ffe30af03484f1b3aca1a8ce,2017-10-25T02:19:45.000Z,0.000160002,0x9778550d76b07ac9f5e57392f68ecdf6efc1774e,sell,0x08f5a9235b08173b7569f83645d2c7fb55e8ccd8,0x0d57ed4d80acd35af27bad34f3b5b7e111d962f9fcf75b478ee0379daa14bcf9
302,8765,1.4024,0xacafb1c9aba5edf103b6792362d3369299948e68,2017-10-25T02:19:45.000Z,0.00016,0x9778550d76b07ac9f5e57392f68ecdf6efc1774e,sell,0x08f5a9235b08173b7569f83645d2c7fb55e8ccd8,0xf758791dc186a1f9a265c79529daa4933b27a3fac95115dbd05225da52408de0
303,1000,0.1615,0xe5ad28858161fe7dc6900a69e0cf9f5c5de17ae5,2017-10-25T02:19:45.000Z,0.0001615,0x9778550d76b07ac9f5e57392f68ecdf6efc1774e,sell,0x08f5a9235b08173b7569f83645d2c7fb55e8ccd8,0x2d9638c2dea11cee60bcdff434cb68247dc2e06cd0fbf06795d193fddda567fd
304,1000,0.1615,0xe5ad28858161fe7dc6900a69e0cf9f5c5de17ae5,2017-10-25T02:19:09.000Z,0.0001615,0x9778550d76b07ac9f5e57392f68ecdf6efc1774e,sell,0x08f5a9235b08173b7569f83645d2c7fb55e8ccd8,0x2d9638c2dea11cee60bcdff434cb68247dc2e06cd0fbf06795d193fddda567fd
305,1599.713,0.263952645,0xbf3ff66b9f477e3c6f3b8b2c6053e398a243e6c1,2017-10-24T23:00:29.000Z,0.000165,0x8810fe63810af7e1407e06e4eb21936b358a48cc,buy,0x08f5a9235b08173b7569f83645d2c7fb55e8ccd8,0x99ca630554857710542299bb6d77ef48afee3a8e05853e3c38f7f6250b90ec3b
306,48.65768218,0.007639260968028218,0x983e3151decaea95921c91e609992706c0f181a0,2017-10-24T22:19:27.000Z,0.0001570001,0x635d589ee087a32964a2e06a58d2b9f3cc4ae3be,sell,0x08f5a9235b08173b7569f83645d2c7fb55e8ccd8,0x84ab967583447d9685f8412416fc0b4f80bcb6a1a677ba1c315642b1b2d13751
307,48.65768218,0.007639260968028218,0x983e3151decaea95921c91e609992706c0f181a0,2017-10-24T22:19:12.000Z,0.0001570001,0x635d589ee087a32964a2e06a58d2b9f3cc4ae3be,sell,0x08f5a9235b08173b7569f83645d2c7fb55e8ccd8,0x84ab967583447d9685f8412416fc0b4f80bcb6a1a677ba1c315642b1b2d13751
308,350,0.056,0xbda6e75bc60f9f13d66d2725b595d93cf6fc0f96,2017-10-24T22:18:30.000Z,0.00016,0x635d589ee087a32964a2e06a58d2b9f3cc4ae3be,sell,0x08f5a9235b08173b7569f83645d2c7fb55e8ccd8,0x55f9b598d38c7188660f59f422682c429ce6e3b5965b149baabc5a4f3f61d6db
309,249.493,0.0405426125,0x8e387a510ddcc1891417c6ea3920d3997aff1020,2017-10-24T22:16:31.000Z,0.0001625,0x635d589ee087a32964a2e06a58d2b9f3cc4ae3be,sell,0x08f5a9235b08173b7569f83645d2c7fb55e8ccd8,0xe35a0f39e9a7331521d6c924560f4cd3c898d792bc0a6758e164a25a596ae7e8
310,0.50685265,0.000082363555625,0x8e387a510ddcc1891417c6ea3920d3997aff1020,2017-10-24T22:08:20.000Z,0.0001625,0x77a81df1ca05c33687dbf8fb82ff2cae1a8a8a5d,sell,0x08f5a9235b08173b7569f83645d2c7fb55e8ccd8,0x8666f89a12ce60089f2293b1e47b07eb247f8d7ce6a203aa9922843a131d3117
311,199.15162994,0.03146595753052,0xa6bc92f4ab635637caf8059325598f8653f0991d,2017-10-24T20:36:03.000Z,0.000158,0x6164a83559e086118689243e8fa9ba3a3a591922,sell,0x08f5a9235b08173b7569f83645d2c7fb55e8ccd8,0x17395ca3d23a5967b084b43820a1bb6dab6e6a7bd689b789d0edb1e9d0e523c1
312,24923.685,4.311797505,0xa6bc92f4ab635637caf8059325598f8653f0991d,2017-10-24T20:31:30.000Z,0.000173,0x431470561e7396c681216a8f1a35586f107f2c8b,buy,0x08f5a9235b08173b7569f83645d2c7fb55e8ccd8,0xec5178649d998a11eb4382afcca23ea6d89b18325fcb3b4226bc3fed4a09889d
313,10862.28068709,1.8791745588675106,0xbbe8a82dc936ac8a7f188624e42a1253dbb279ec,2017-10-24T20:28:34.000Z,0.0001730000000000866,0x431470561e7396c681216a8f1a35586f107f2c8b,buy,0x08f5a9235b08173b7569f83645d2c7fb55e8ccd8,0x4d892b179b4a4190f449f5e9c520bcfbf8bdbdcc20125a086d82a4d885cbc99e
314,23865,4.10478,0xa6bc92f4ab635637caf8059325598f8653f0991d,2017-10-24T20:26:39.000Z,0.000172,0x600bf5b4c26ab95cc6260e5fac8c77154308024e,buy,0x08f5a9235b08173b7569f83645d2c7fb55e8ccd8,0x1752f8e1269ddaa9c49ac463b4df3c8880a5b18e22fae9fbc2512b06e65ea869
315,15000,2.4,0xdbf41cc72d1185c4c4980312c51dda5de8ea104a,2017-10-24T19:16:16.000Z,0.00016,0xe5830fc331aa8eb94b6a6daba5ae0ad028e5e222,sell,0x08f5a9235b08173b7569f83645d2c7fb55e8ccd8,0xad5bff4a44d24e690efc61da7bb90cbd21ce7f970ace609934aef0eca4c3224a
316,141.71810409,0.024092077695421734,0x2189d552c57e95417c8ffe820713fa6782dcdc86,2017-10-24T19:05:29.000Z,0.00017000000000085897,0xbda6e75bc60f9f13d66d2725b595d93cf6fc0f96,buy,0x08f5a9235b08173b7569f83645d2c7fb55e8ccd8,0x9b3505171c1890cba56e0d43f2760ed184556d58854bcffabb494cb68d9c444b
317,10,0.0017,0x0b773d7819259d78757b26dc4148812d35676d8f,2017-10-24T18:23:54.000Z,0.00017,0xbda6e75bc60f9f13d66d2725b595d93cf6fc0f96,buy,0x08f5a9235b08173b7569f83645d2c7fb55e8ccd8,0xccde33360637dd829e59eb9f50d410ee43460e007cffe0dd89c8ac24a906ef79
318,1135,0.19522,0x587ea75aa63b9228d4aa636c55a2b852a0fd38e2,2017-10-24T17:17:58.000Z,0.000172,0x600bf5b4c26ab95cc6260e5fac8c77154308024e,buy,0x08f5a9235b08173b7569f83645d2c7fb55e8ccd8,0x54c6f8f4ec500266fe1d1206809a283619ba26b59a169f734c01be6bed76e1f1
319,2000,0.324,0xdf0580c36714b0410eeccde642c25f961e46ce0c,2017-10-24T16:34:10.000Z,0.000162,0xe5830fc331aa8eb94b6a6daba5ae0ad028e5e222,sell,0x08f5a9235b08173b7569f83645d2c7fb55e8ccd8,0xd04c29c57561e4a26faedb53f433e830c99a77624300fb8c4579845fd1028da5
320,52.31534006,0.008197813787402,0x382435915218d4307769253ee93805bd48370de3,2017-10-24T14:15:46.000Z,0.0001567,0xf142f26d1cac4ba8a6e6d7974d243eda2fe5f4f9,sell,0x08f5a9235b08173b7569f83645d2c7fb55e8ccd8,0xe377870ae0dadf870ad6b1b64e21eb3f915c2f4674cc1bac661a8c0a2f597dcd
321,30000,4.701,0x382435915218d4307769253ee93805bd48370de3,2017-10-24T14:14:11.000Z,0.0001567,0xf142f26d1cac4ba8a6e6d7974d243eda2fe5f4f9,sell,0x08f5a9235b08173b7569f83645d2c7fb55e8ccd8,0x947aa35a2988a75f4b11f2eed85e366bd48194497955f7e9d78f60b54f13015b
322,21049.56678204,3.300572071423872,0x600bf5b4c26ab95cc6260e5fac8c77154308024e,2017-10-24T14:14:07.000Z,0.0001568,0xf142f26d1cac4ba8a6e6d7974d243eda2fe5f4f9,sell,0x08f5a9235b08173b7569f83645d2c7fb55e8ccd8,0x76f6359bf22af3fe745fe3171af23ac68d157f8bb8d1c96b3ea3229f0611c757
323,100,0.0174,0x8ead387989b12e79cc347300db3100d5923fd352,2017-10-24T14:13:20.000Z,0.000174,0xf142f26d1cac4ba8a6e6d7974d243eda2fe5f4f9,sell,0x08f5a9235b08173b7569f83645d2c7fb55e8ccd8,0x348a5da65c621d7a15e8d47d75c45d011528fd84c74608472a7038140067ce1c
324,99.69095803,0.01744591765525,0xb297e96ff935edbbf128bf9d634a9ff0e570a3dd,2017-10-24T14:11:20.000Z,0.000175,0xc230d39a043a650582431ef23af4271176fae372,sell,0x08f5a9235b08173b7569f83645d2c7fb55e8ccd8,0xc23d5e564223b36388711cc4beb50b721bb6467daf5880eedd3e31a8abd4fde8
325,100,0.0173,0xc230d39a043a650582431ef23af4271176fae372,2017-10-24T14:10:39.000Z,0.000173,0x431470561e7396c681216a8f1a35586f107f2c8b,buy,0x08f5a9235b08173b7569f83645d2c7fb55e8ccd8,0x9e532ff185c63ee1405aa978692fb1728ecf57a95eaf41df124ab6ea08dab740
326,0.001,0.000000174,0x93d580fcd6ba22914916d1d1d0b8b7b3864b6de0,2017-10-24T12:25:00.000Z,0.000174,0x625309b0c5acf5334da743a16741fce5a56822cc,buy,0x08f5a9235b08173b7569f83645d2c7fb55e8ccd8,0x073b35af63a88c27f46169638ec3087ab593b8f1e34c798125d6c6181f594bd8
327,0.00017452,0.000000030367101303,0xd445f61ebca3d6b4c57eef1f39fdab6595ef8972,2017-10-24T12:23:00.000Z,0.00017400356006761402,0x625309b0c5acf5334da743a16741fce5a56822cc,buy,0x08f5a9235b08173b7569f83645d2c7fb55e8ccd8,0x600400eefc663b7774856772e45716367aeb4776bca353970133e399b0da78e4
328,0.00017399,0.17399,0xb297e96ff935edbbf128bf9d634a9ff0e570a3dd,2017-10-24T12:23:00.000Z,1000,0xd445f61ebca3d6b4c57eef1f39fdab6595ef8972,sell,0x08f5a9235b08173b7569f83645d2c7fb55e8ccd8,0x600400eefc663b7774856772e45716367aeb4776bca353970133e399b0da78e4
329,0.000174,0.174,0xb297e96ff935edbbf128bf9d634a9ff0e570a3dd,2017-10-24T12:19:47.000Z,1000,0x3ac636ac5c3a2576156ac5f10066ca68abe0ad54,sell,0x08f5a9235b08173b7569f83645d2c7fb55e8ccd8,0x19698e90a47a17243c3304c24f40ac3945d66d7418c6d3cf369a010db7756d01
330,15000,2.3505,0x382435915218d4307769253ee93805bd48370de3,2017-10-24T10:16:44.000Z,0.0001567,0xe5830fc331aa8eb94b6a6daba5ae0ad028e5e222,sell,0x08f5a9235b08173b7569f83645d2c7fb55e8ccd8,0x2bebb10871e131a5e017e795eb87eec2bbdac32a3b8775c1383db2344a02b309
331,9995.6066579,1.56631156329293,0x382435915218d4307769253ee93805bd48370de3,2017-10-24T10:03:23.000Z,0.0001567,0xe5830fc331aa8eb94b6a6daba5ae0ad028e5e222,sell,0x08f5a9235b08173b7569f83645d2c7fb55e8ccd8,0xa347a3dcc6552f46f801a7effde44845973feb75c5fd933a2c8dd42362cecf49
332,1720.07732728,0.269536117184776,0x382435915218d4307769253ee93805bd48370de3,2017-10-24T09:13:16.000Z,0.0001567,0x2bba88a7bb8a823a307e8dd90432d41ca63e94a6,sell,0x08f5a9235b08173b7569f83645d2c7fb55e8ccd8,0xf7b50d5d3a10efb31004151dd4ac585cdc7a553a86f0edb7c3e5fb23ddfb8fe3
333,1471.93855143,0.230799964864224,0x600bf5b4c26ab95cc6260e5fac8c77154308024e,2017-10-24T09:09:42.000Z,0.0001568,0x3efd9b0bd8e4595bc494539aca584821950106ee,sell,0x08f5a9235b08173b7569f83645d2c7fb55e8ccd8,0xe5841980d3e2c477fa6341064c1c6076c36c949bdb8771e5449c02e0e2ab65ea
334,2160,0.3387096,0x3d87b2e469a0fea1532e828920c91595d7fa244f,2017-10-24T09:08:44.000Z,0.00015681,0x2bba88a7bb8a823a307e8dd90432d41ca63e94a6,sell,0x08f5a9235b08173b7569f83645d2c7fb55e8ccd8,0xfe68a5917184ea454fa800f23b79e336fa030c434c2d650dc42c755786a2d773
335,299.811,0.04722323061,0x0b37c0028bd8f1c58a4f4131f4bbb95469b6ee9f,2017-10-24T09:08:21.000Z,0.00015751,0x2bba88a7bb8a823a307e8dd90432d41ca63e94a6,sell,0x08f5a9235b08173b7569f83645d2c7fb55e8ccd8,0x9137e07b6d03bd629800094ff6dc68e61d02dd6fa0074f7102048d844315e4ea
336,800,0.126016,0x24bcfc6a26aee42b95d13c38b5ff190515ec9b49,2017-10-24T09:07:40.000Z,0.00015752,0x2bba88a7bb8a823a307e8dd90432d41ca63e94a6,sell,0x08f5a9235b08173b7569f83645d2c7fb55e8ccd8,0x6951d5d7df59b316db6f133890d285301c2532143216b52e552aec7cfe6b242b
337,6500,1.01855,0x382435915218d4307769253ee93805bd48370de3,2017-10-24T08:15:39.000Z,0.0001567,0xe5830fc331aa8eb94b6a6daba5ae0ad028e5e222,sell,0x08f5a9235b08173b7569f83645d2c7fb55e8ccd8,0x828fd83a52b7b14d8361296c5fd0700c8ba2389f0ff20ef38ae0db033b9621a1
338,0.022,0.00000346522,0x0b37c0028bd8f1c58a4f4131f4bbb95469b6ee9f,2017-10-24T06:24:49.000Z,0.00015751,0x0a2f62fe0774414131717d32f72fce14d6bd3747,sell,0x08f5a9235b08173b7569f83645d2c7fb55e8ccd8,0xafcbf57e5a4d03e83ed347ef7a4b61a55c21e723bb7061f704872097741461f6
339,2478.49466653,0.388627963711904,0x600bf5b4c26ab95cc6260e5fac8c77154308024e,2017-10-24T06:11:29.000Z,0.0001568,0x3a28875fe35bbbbd352dd43803a41944a57d70cc,sell,0x08f5a9235b08173b7569f83645d2c7fb55e8ccd8,0xc0d42415277add2de88705af7e55db9d1d047aa15559305894488258781d7b6e
340,7000,1.113,0xec89ce33e66be14b2030270bb1c4bf3196305a4b,2017-10-24T06:09:16.000Z,0.000159,0xe5830fc331aa8eb94b6a6daba5ae0ad028e5e222,sell,0x08f5a9235b08173b7569f83645d2c7fb55e8ccd8,0x6de41b54a72f0646344a1d6637bb7274bb56858397d3f996d16ee2c2b579e199
341,2000,0.3164,0x02e5e79ab7f51aefb349ce9e6bbfa33bda8f567f,2017-10-24T06:04:59.000Z,0.0001582,0xe5830fc331aa8eb94b6a6daba5ae0ad028e5e222,sell,0x08f5a9235b08173b7569f83645d2c7fb55e8ccd8,0xefa1e848e5144e432c974f176d0de99165ea495d5cd2cf525844c4ac1ac00c48
342,5972.07788458,0.947171552494388,0x9f7a7ac52a3e1b2d4acdcda0da13bb0b111e2ddd,2017-10-24T06:04:12.000Z,0.0001586,0xe5830fc331aa8eb94b6a6daba5ae0ad028e5e222,sell,0x08f5a9235b08173b7569f83645d2c7fb55e8ccd8,0xa84f49f86812852030c57d750afc1d0662760a764741b8d0a5521f3ef873e78e
343,3657,0.603405,0xe5830fc331aa8eb94b6a6daba5ae0ad028e5e222,2017-10-24T03:01:24.000Z,0.000165,0xacafb1c9aba5edf103b6792362d3369299948e68,buy,0x08f5a9235b08173b7569f83645d2c7fb55e8ccd8,0x0d7b39633b58c053b5cb7e4e63eecd7ddaba0870a18bf84ba0de0c0fd111c9b9
344,9941.18236544,1.576671523158784,0x9f7a7ac52a3e1b2d4acdcda0da13bb0b111e2ddd,2017-10-24T02:41:22.000Z,0.0001586,0x625309b0c5acf5334da743a16741fce5a56822cc,sell,0x08f5a9235b08173b7569f83645d2c7fb55e8ccd8,0x5e7dde691329393786c4ad5940387bc5db09a9a76ea0fc77e6ca034cf9823fa6
345,0.30768937,0.000048799534082,0x9f7a7ac52a3e1b2d4acdcda0da13bb0b111e2ddd,2017-10-24T02:16:47.000Z,0.0001586,0x625309b0c5acf5334da743a16741fce5a56822cc,sell,0x08f5a9235b08173b7569f83645d2c7fb55e8ccd8,0x67b034f5e2ed906e655ba40ffb4146bd9929c6022629e9a9262cc79aaf86b531
346,3086.43206061,0.489508124812746,0x9f7a7ac52a3e1b2d4acdcda0da13bb0b111e2ddd,2017-10-24T02:15:58.000Z,0.0001586,0x625309b0c5acf5334da743a16741fce5a56822cc,sell,0x08f5a9235b08173b7569f83645d2c7fb55e8ccd8,0x18966c478c0c117adfe05e0cc58e752b8f20260dc7dac6e161592dd40d6b01cb
347,10000,1.59,0x79b40b57a32ddc795c99faad6b573d8b474292cf,2017-10-23T18:29:25.000Z,0.000159,0xe5830fc331aa8eb94b6a6daba5ae0ad028e5e222,sell,0x08f5a9235b08173b7569f83645d2c7fb55e8ccd8,0x06dbf4f5ced6f0bed12a5f854e5104b7feda804275a560cc290cb1b6d2f3b8cc
348,1000,0.17,0xe8d354e910a3b9836f99ff22f16ff87cd7bef396,2017-10-23T18:16:34.000Z,0.00017,0x431470561e7396c681216a8f1a35586f107f2c8b,buy,0x08f5a9235b08173b7569f83645d2c7fb55e8ccd8,0x14c4b0855e948f7f627c997a78ef9e3ace5cf3d243b093b59686dd9bfa8985dd
349,12000,1.908,0x9e74b8b6351c2d32e6b5e7f02f641187927dd329,2017-10-23T16:10:52.000Z,0.000159,0xe5830fc331aa8eb94b6a6daba5ae0ad028e5e222,sell,0x08f5a9235b08173b7569f83645d2c7fb55e8ccd8,0xbd12f665f3dacb9347398b50bd30d175def0889be00d71745469ee890e6bfc9c
350,12000,1.908,0x9e74b8b6351c2d32e6b5e7f02f641187927dd329,2017-10-23T16:09:59.000Z,0.000159,0xe5830fc331aa8eb94b6a6daba5ae0ad028e5e222,sell,0x08f5a9235b08173b7569f83645d2c7fb55e8ccd8,0xbd12f665f3dacb9347398b50bd30d175def0889be00d71745469ee890e6bfc9c
351,20871.56758769,3.270574640991023,0x382435915218d4307769253ee93805bd48370de3,2017-10-23T13:43:57.000Z,0.0001567,0xe5830fc331aa8eb94b6a6daba5ae0ad028e5e222,sell,0x08f5a9235b08173b7569f83645d2c7fb55e8ccd8,0xb2a93f98f9ec8ec0c58f62bbd46c20574866f6e11d5c99f589b53b88bf397b42
352,17800,2.7946,0xac356a90024840b8e524e7323f141b93823135c8,2017-10-23T13:00:23.000Z,0.000157,0xe5830fc331aa8eb94b6a6daba5ae0ad028e5e222,sell,0x08f5a9235b08173b7569f83645d2c7fb55e8ccd8,0xefdeb2d1ede9e36b6f5981fc6cdce6eba4daa9af678323bb23c36749bd390274
353,0.16663388,0.0000262465024388,0x0b37c0028bd8f1c58a4f4131f4bbb95469b6ee9f,2017-10-23T12:12:18.000Z,0.00015751,0xc908f66d119946b2fa0a34a0ca4b9a2724085ed4,sell,0x08f5a9235b08173b7569f83645d2c7fb55e8ccd8,0x473cbd6a7a938a4e085d299dea9bba3ff62a75b616642b4cf4ffb1e72d81f571
354,2529.01305951,0.39452603728356,0x0df75f04bdd8fc8710172cba772d4fae71376490,2017-10-23T06:24:37.000Z,0.000156,0xc8c96d79d5a60cc59c63342c83314ddab3ee2ed4,sell,0x08f5a9235b08173b7569f83645d2c7fb55e8ccd8,0x573925fe72d8e756a6a61d9afc30c130d5adde03919f851abda014da961ac59b
355,5.08130081,0.001,0x4a57d0208164a1c1c63c75395dc444428a07b50a,2017-10-23T06:05:27.000Z,0.0001968000001165056,0x8be58442bab18022b1d455e7d022475224e74198,buy,0x08f5a9235b08173b7569f83645d2c7fb55e8ccd8,0x39263ba6db085d61f4a2bb388fc0bf790a6a99c22684ed94785422fcfa1fe3d4
356,1611.003,0.25776048,0xa4041c2c155f143c8cbd22289b3f20fec2c155e0,2017-10-23T04:33:24.000Z,0.00016,0xe5830fc331aa8eb94b6a6daba5ae0ad028e5e222,sell,0x08f5a9235b08173b7569f83645d2c7fb55e8ccd8,0xe084335b5af2b32b085332c8e4e9a08358efec398095fe7ff0b2bc4355ec94fc
357,0.99690958,0.0001595055328,0xa4041c2c155f143c8cbd22289b3f20fec2c155e0,2017-10-23T04:03:01.000Z,0.00016,0x7d053385a05276eedcaf706325ae34ae544741a6,sell,0x08f5a9235b08173b7569f83645d2c7fb55e8ccd8,0xc9efb5e7271564e806c796d8b1e4481a4db9ee0cd8ee08ca0d15bb1daec56ed6
358,3101,0.57365399,0x1d80982502f3bb75654df13aa32bbd5ac9cab7d6,2017-10-23T02:57:43.000Z,0.00018499,0xae76509d6b38cebb72b7b40dac700807947f9b67,buy,0x08f5a9235b08173b7569f83645d2c7fb55e8ccd8,0x2c275f626f60c2393484e011e02cc325155869476236d0081e129a5c9f9a85a0
359,7975.492,1.35583364,0x1d80982502f3bb75654df13aa32bbd5ac9cab7d6,2017-10-23T02:55:38.000Z,0.00017,0xbbe8a82dc936ac8a7f188624e42a1253dbb279ec,buy,0x08f5a9235b08173b7569f83645d2c7fb55e8ccd8,0xcbfdf3593208ef9507c13b921ca676e42a6adb8ab54d3e32efec2abda9826b6a
360,15048.08,2.7837443192,0x1d80982502f3bb75654df13aa32bbd5ac9cab7d6,2017-10-23T02:55:38.000Z,0.00018499,0xae76509d6b38cebb72b7b40dac700807947f9b67,buy,0x08f5a9235b08173b7569f83645d2c7fb55e8ccd8,0xdc4437b82936059a0c7cb52bc5b7b4efe9e47ea9c6061a697ec4473917708ce0
361,20776.424,3.822862016,0x1d80982502f3bb75654df13aa32bbd5ac9cab7d6,2017-10-23T02:55:38.000Z,0.000184,0x600bf5b4c26ab95cc6260e5fac8c77154308024e,buy,0x08f5a9235b08173b7569f83645d2c7fb55e8ccd8,0xde0e979bf1b99d394a4990fb8407c4c3ffea0bfa72c61e6c1d47acca3bb72d00
362,3100,0.5239,0x1d80982502f3bb75654df13aa32bbd5ac9cab7d6,2017-10-23T02:55:09.000Z,0.000169,0x625309b0c5acf5334da743a16741fce5a56822cc,buy,0x08f5a9235b08173b7569f83645d2c7fb55e8ccd8,0x8dc8d3e18d35572083270aca9d2a4cee3fbc4a98c5308f0732e3afe63e0e3db6
363,66.32441703,0.010313446848165,0x0a34abcb69b77e984b9f007149bf59188d2d2bbe,2017-10-23T01:39:15.000Z,0.0001555,0xb6d71af49cd802a1ab88f8908a0c52a3ebffd37f,sell,0x08f5a9235b08173b7569f83645d2c7fb55e8ccd8,0x568500583883bcebf56e5abf6d352af1d0638e6b7abb391b84fad5a895ede44f
364,4080.97697138,0.63459191904959,0x0a34abcb69b77e984b9f007149bf59188d2d2bbe,2017-10-23T01:12:14.000Z,0.0001555,0xcb4032f066053ff1832fb6fe2a0f1c005d2f01a9,sell,0x08f5a9235b08173b7569f83645d2c7fb55e8ccd8,0xd43a7009f2b7419519bdab53c433eb319432940087ab6c6522961203039c03a8
365,5000,0.925,0x0a34abcb69b77e984b9f007149bf59188d2d2bbe,2017-10-22T22:21:57.000Z,0.000185,0xc8e45a3b8db2d0ab6c5e3f0eb05aebebdcc4d402,buy,0x08f5a9235b08173b7569f83645d2c7fb55e8ccd8,0x31301fccea8c7d8b3fc87808d83b71980c02905367f02a15e8128581dc26180f
366,6532.36638807,1.2338856223111365,0x7d2b4262488ca79c1e48712c6ef91a33effc8420,2017-10-22T21:54:28.000Z,0.00018888800000020978,0x4494a5fb9739c61e0ca85c6bbc3f54c1a6f611bc,buy,0x08f5a9235b08173b7569f83645d2c7fb55e8ccd8,0xb5b79bf035b2ae5374c9eb846b86480b92efe084aaf3e2b9bf65a7ccaf070d89
367,25634.56,4.81929728,0x7d2b4262488ca79c1e48712c6ef91a33effc8420,2017-10-22T21:50:36.000Z,0.000188,0x813c645d692dccb730dc71e65ac7e80c7de12e82,buy,0x08f5a9235b08173b7569f83645d2c7fb55e8ccd8,0x33245f43ec1c57c83bbf77407e83410a07fb06e86127f5935c51383b10ff10f0
368,3987.6383212,0.6105114146140412,0x3dee4a4e076e8d82859d241db0baf46f112cfa23,2017-10-22T21:49:39.000Z,0.000153101,0xf20c78dcc2fc6c2525a058d11a5436aed2532509,sell,0x08f5a9235b08173b7569f83645d2c7fb55e8ccd8,0x0316f0b81db104ba84f0fd4e6b2b01424b20c6153af2625e2a8c327e0655337a
369,840.10506657,0.12862092579693357,0x3dee4a4e076e8d82859d241db0baf46f112cfa23,2017-10-22T21:24:47.000Z,0.000153101,0xdead3646bb46d5639c2225f9007dec8eabecf510,sell,0x08f5a9235b08173b7569f83645d2c7fb55e8ccd8,0x3ad26fb24964b3def1639620bdbbff0a9d4da101f4580f05c2f4dbbe8e1bc5a2
370,16000,2.4496,0x99bc37ffa8c3b9e6f4792abf009cc294b34947bc,2017-10-22T21:22:51.000Z,0.0001531,0xdead3646bb46d5639c2225f9007dec8eabecf510,sell,0x08f5a9235b08173b7569f83645d2c7fb55e8ccd8,0x8ad794cad94988f4585af2e7ca1f7756560a13aa7c6fa12587a01af6179bb409
371,3100,0.5115,0x625309b0c5acf5334da743a16741fce5a56822cc,2017-10-22T21:22:44.000Z,0.000165,0xdead3646bb46d5639c2225f9007dec8eabecf510,sell,0x08f5a9235b08173b7569f83645d2c7fb55e8ccd8,0x8ea12463ed5c1363c86ff81fc7dc383daca6f7ba99366da1ef2c9b262d67eb6f
372,4100,0.697,0x5ec1fe503b4ac3a5806496ae9090371f8d23d94e,2017-10-22T20:21:43.000Z,0.00017,0xc17a0baabe0a4397c2e91b67b4dd8c102b1043b2,sell,0x08f5a9235b08173b7569f83645d2c7fb55e8ccd8,0xf491b1fc036d1854f1925b988247486e16a17c5a85d6bfeaba5fff3780ad0f84
373,1,0.000188,0xe1fa699860444be91d366c21de8fef56e3dec77a,2017-10-22T18:16:11.000Z,0.000188,0x813c645d692dccb730dc71e65ac7e80c7de12e82,buy,0x08f5a9235b08173b7569f83645d2c7fb55e8ccd8,0xb6d36bddaea1ece1a75fe10d9cf56469babec61d59963f63ae786c7ca602d5b1
374,1787.66,0.3039022,0x0a34abcb69b77e984b9f007149bf59188d2d2bbe,2017-10-22T16:13:22.000Z,0.00017,0xfd1f3c7cce5d3d96945fd300e7b183b2f0f1c482,buy,0x08f5a9235b08173b7569f83645d2c7fb55e8ccd8,0xe6859d0997d28523349c2485f4f2f930ab878b5d8996b0df339160ff5635754a
375,65,0.01105,0x2725d3b81f5d66755ab883b7d943225b7f6f0a39,2017-10-22T09:59:13.000Z,0.00017,0x02211eb602593c0eadf3ad4c62e61ff440a3bebc,sell,0x08f5a9235b08173b7569f83645d2c7fb55e8ccd8,0xad070f8bac8ac4b7adc8095e44c875979e3d432642f90b2a09150c01f7aad87b
376,0.16880567,0.0000253208505,0xae76509d6b38cebb72b7b40dac700807947f9b67,2017-10-22T03:34:16.000Z,0.00015,0xefb44d8caed844240e5f78c3b37f71aba23bbf67,sell,0x08f5a9235b08173b7569f83645d2c7fb55e8ccd8,0x33b358f5dea2fc01793f9d43cb76c64c5c3da54d41ff4eb7d77094ebafe34549
377,1693.28965399,0.2539934480985,0xae76509d6b38cebb72b7b40dac700807947f9b67,2017-10-22T03:33:09.000Z,0.00015,0xefb44d8caed844240e5f78c3b37f71aba23bbf67,sell,0x08f5a9235b08173b7569f83645d2c7fb55e8ccd8,0x47b5d6ca85ca7192875d943acdee45a866c4a92635828287a84322027a8a9bf7
378,2109.963,0.316610497965,0x47b64c800161cc82d81ca055a90ee5c5550ef11d,2017-10-22T03:30:01.000Z,0.000150055,0xefb44d8caed844240e5f78c3b37f71aba23bbf67,sell,0x08f5a9235b08173b7569f83645d2c7fb55e8ccd8,0x6751d4f270a0764df606a2aa0d2d378fdd433ab58b0a444ebb0abfe858c717f3
379,600,0.0906006,0xa739accbf52137a7e9a7d277926d9fb423e3ca5d,2017-10-22T03:29:50.000Z,0.000151001,0xefb44d8caed844240e5f78c3b37f71aba23bbf67,sell,0x08f5a9235b08173b7569f83645d2c7fb55e8ccd8,0x9957f1348b4f1e6717c35dd578f8a8320ffff923720cd011842a31bb78aa9d4a
380,29907.28740903,4.396401156414819,0x2256c01a9c0e2de68cb7d27f7e39dc4e1c7d3783,2017-10-22T02:29:49.000Z,0.000147001,0x53416d06cfc0815054502efa5b0cfe837cc6858d,sell,0x08f5a9235b08173b7569f83645d2c7fb55e8ccd8,0x01d858126ae6b089efd16b1151ce8e654b036d0ee1bc1dcffd6e9b0ba4f3056d
381,11000,1.7468,0x51e979f36b33883ee6b119296e28b73d294db028,2017-10-22T02:23:19.000Z,0.0001588,0xe5830fc331aa8eb94b6a6daba5ae0ad028e5e222,buy,0x08f5a9235b08173b7569f83645d2c7fb55e8ccd8,0xd61a6079901e9eeeed797d06664428592a5e343e9247aeaa30e47cc45772bebe
