,amount,amountBase,buyer,date,price,seller,side,tokenAddr,txHash
0,5,0.0025,0x136a799ed2718612be19f7143ef8c66c918086c4,2017-11-02T13:53:29.000Z,0.0005,0x241872b90fdd3dcfdf73b2d2cf7511d4883ae741,sell,0xcedbf324a1eb1affe53ab7b7ef0103e070e3853f,0x6e562e0889083d8eacc744006ccbf4c0880b1fa64feb2dbeaa666601f2abdfc3
1,0.2777777777,0.0005,0x4fda9e6bcd83af6c5cc771b5d20accc2b7720074,2017-11-02T10:50:39.000Z,0.001800000000504,0x4ef101828052e3b1340145926be230bda53e112b,buy,0xcedbf324a1eb1affe53ab7b7ef0103e070e3853f,0x408a6dd0a8a18ef978a2ee6c660c7626abcb1e0241c0d0a742a75756d494ed17
2,0.2777777777,0.0005,0x3075f7f189912f4f425dd7021b9c396434197477,2017-11-02T10:24:50.000Z,0.001800000000504,0x4ef101828052e3b1340145926be230bda53e112b,buy,0xcedbf324a1eb1affe53ab7b7ef0103e070e3853f,0x430d97c1efb37e15a25e6b733d18be4b8e2af8c0f0827575640a8e172bfd0bd4
3,9.969095803,0.0067042169275175,0x1d8a54cca8c998af9ed83d5c4b548229e9336c8d,2017-11-01T17:26:38.000Z,0.0006725,0x8bd914304cc48c90b17ffb27574f93c3ce949310,sell,0xcedbf324a1eb1affe53ab7b7ef0103e070e3853f,0xa63da29cc62dba249dfe6b026eb1ee3a583bf228f82c0e4f717b37dad8ba37c9
4,29.907287409,0.0201126507825525,0x1d8a54cca8c998af9ed83d5c4b548229e9336c8d,2017-11-01T17:01:38.000Z,0.0006725,0x0799376cd3d071127ea4cef6babc670047b276d3,sell,0xcedbf324a1eb1affe53ab7b7ef0103e070e3853f,0x09eb605398775e0bbd8ee5995ded6efb8be86ce05bf76674d5a027ecd9811319
5,9.969095803,0.0067042169275175,0x1d8a54cca8c998af9ed83d5c4b548229e9336c8d,2017-11-01T12:25:27.000Z,0.0006725,0x6640624c3926e7755d20e905298c3b7835fdcec2,sell,0xcedbf324a1eb1affe53ab7b7ef0103e070e3853f,0xb5e0196c3e80c8f8995fa41a3c8628a5c93b6d51b70b29b5bff37bb8ad2074ba
6,159.5055328481,0.10709201475421434,0x1d8a54cca8c998af9ed83d5c4b548229e9336c8d,2017-11-01T05:10:48.000Z,0.0006714,0x15654927007de51345293f7c40cd17d15a2e348b,sell,0xcedbf324a1eb1affe53ab7b7ef0103e070e3853f,0xa96e995e1f79f94b2a883fd1e0252297e890e0472ac5dd8c016eca0f1a525e02
7,39.876383212,0.0267730036885368,0x1d8a54cca8c998af9ed83d5c4b548229e9336c8d,2017-11-01T04:39:38.000Z,0.0006714,0x9f0bb02e7003767f7fe66ec6497a72e5f155c01d,sell,0xcedbf324a1eb1affe53ab7b7ef0103e070e3853f,0x9a1cb0b3c8d1973137041cbde547895ff1a8e4beb0ed7a5187f2f4d26777e067
8,9.969095803,0.0066932509221342,0x1d8a54cca8c998af9ed83d5c4b548229e9336c8d,2017-11-01T02:07:44.000Z,0.0006714,0xf00dd34fa52d31aa537658baf071cbaeac59a66d,sell,0xcedbf324a1eb1affe53ab7b7ef0103e070e3853f,0xc7f1258483800802d76100531d61be7a5cd3b9d1b8475d17d68f1aab44c4f024
9,20.03,0.04003997,0x4706edf336652496dc03c0ab246c57dbc6aab114,2017-10-31T17:38:33.000Z,0.001999,0x7bba9d2f34a1a33b644b4cabaf3a8d5f1f9dc449,buy,0xcedbf324a1eb1affe53ab7b7ef0103e070e3853f,0xc07b1f951e301942ae32c17dbbe695134c9f8e612f8222ce30646552dc39ec20
10,9.969095803,0.0064819060911106,0x1d8a54cca8c998af9ed83d5c4b548229e9336c8d,2017-10-31T15:21:42.000Z,0.0006502,0x8ba1cda1da80cead8aab5f2680708dfc477e4ccb,sell,0xcedbf324a1eb1affe53ab7b7ef0103e070e3853f,0x3c48947937ca265109a9ce714ee8629e80f11b366ceb20ecb24b09c55ff8dda3
11,9.969095803,0.006180839407829095,0x4ef101828052e3b1340145926be230bda53e112b,2017-10-31T11:27:04.000Z,0.0006200000009999999,0xbdc1e8a238572e8e282b791e993f571bf8640d83,sell,0xcedbf324a1eb1affe53ab7b7ef0103e070e3853f,0x0de003a98cb7199b1de4324cc7638acf59f7bff950a26eb2418a1f95f0c83a8b
12,9.969095803,0.006480919150626103,0x4706edf336652496dc03c0ab246c57dbc6aab114,2017-10-31T11:13:28.000Z,0.000650101,0xbcc78b4cbf66a1ce31fbe0e967e578ebcb09c04c,sell,0xcedbf324a1eb1affe53ab7b7ef0103e070e3853f,0x09e8fbc0925a03f368a060fb940bc49061dae8e5f5dac68571584fe66a10cf07
13,9.999,0.019997990001,0x4706edf336652496dc03c0ab246c57dbc6aab114,2017-10-31T10:46:06.000Z,0.001999999,0xb4d22f1037db1381ff9a8215ca84f9dc24b8b645,buy,0xcedbf324a1eb1affe53ab7b7ef0103e070e3853f,0x80c2e3600bbd7a01fa3bbbb1092befa6cffe386d02676a26d75267aa6af5a4fb
14,10,0.01999998,0x4706edf336652496dc03c0ab246c57dbc6aab114,2017-10-31T10:45:40.000Z,0.001999998,0xc9f1e8cf888853840504336a6519e26adf34ad0c,buy,0xcedbf324a1eb1affe53ab7b7ef0103e070e3853f,0xc743f392879f50356932f70372edf5263a5fa4d5abfe6c9e5b7efbf77ab27f80
15,10,0.015,0x4706edf336652496dc03c0ab246c57dbc6aab114,2017-10-31T10:38:47.000Z,0.0015,0x790711a93f4d37fbad248a87cf8938e7f76f1d64,buy,0xcedbf324a1eb1affe53ab7b7ef0103e070e3853f,0x99ae0b31c54aef9d67e1433682ca9a01ea4f19b2b3faa66bce2eeec67b55bccf
16,10,0.01449999,0x4706edf336652496dc03c0ab246c57dbc6aab114,2017-10-31T10:38:39.000Z,0.001449999,0xdd8804e408a21dc344e2a480dd207dea38f325ce,buy,0xcedbf324a1eb1affe53ab7b7ef0103e070e3853f,0x59852253f5c6d9941ee9f0f7cca03551e2b094cba00f0e87b65926e85d094840
17,10,0.0145,0x4706edf336652496dc03c0ab246c57dbc6aab114,2017-10-31T10:35:38.000Z,0.00145,0x3ea8a88dc7c5930c6ee57228a7bfe43a4f876fd3,buy,0xcedbf324a1eb1affe53ab7b7ef0103e070e3853f,0x39627fa80b975c79c13b0cc93538e79469f4f37bfeee9f1c53bee8078cf8a54b
18,9.969095803,0.0064809091815303,0x4706edf336652496dc03c0ab246c57dbc6aab114,2017-10-31T10:21:15.000Z,0.0006501,0xe906b031daa3d55df74905155077d844b2357bef,sell,0xcedbf324a1eb1affe53ab7b7ef0103e070e3853f,0x2947dbab90f1c7075f470d846ad0149d5e796370aedf14a363605c7c46a17bbb
19,9.969095803,0.006180839407829095,0x4ef101828052e3b1340145926be230bda53e112b,2017-10-31T07:42:00.000Z,0.0006200000009999999,0x0dc6e0bb14b58b88cd3005ace0c59fe5957c9535,sell,0xcedbf324a1eb1affe53ab7b7ef0103e070e3853f,0x9012b5b24bbefabd2837f11253566288151dcea3882189d222a21c16311a314c
20,9.969095803,0.0139567341242,0x4706edf336652496dc03c0ab246c57dbc6aab114,2017-10-30T22:03:53.000Z,0.0014,0x9f13b3ed10828bbbc3fad8c584f4111a0ed417d8,sell,0xcedbf324a1eb1affe53ab7b7ef0103e070e3853f,0xb66a025c4bff2a372d8108db9c21a7a152b85cb5ede985f70b4b20ded8db4fd7
21,0.0688822679,0.00010332340185,0x4706edf336652496dc03c0ab246c57dbc6aab114,2017-10-30T17:45:09.000Z,0.0015,0x30a619640f6019ac143a142b9ff71b0cd3bc864a,sell,0xcedbf324a1eb1affe53ab7b7ef0103e070e3853f,0x1f951f32bda1d39ff31c71f4950fd1d139dc4b627d3619e57fd419d0fc468f27
22,9.9,0.02178,0x4706edf336652496dc03c0ab246c57dbc6aab114,2017-10-30T17:30:16.000Z,0.0022,0x30a619640f6019ac143a142b9ff71b0cd3bc864a,buy,0xcedbf324a1eb1affe53ab7b7ef0103e070e3853f,0xb361d67a60c028b11f22bb5be5a4cdc7b187c091029a013ba25e6ddebf9ebf4e
23,10,0.021,0x4706edf336652496dc03c0ab246c57dbc6aab114,2017-10-30T17:24:14.000Z,0.0021,0xd562f90fb7bcd0cfc18411eefc125c70447f6210,buy,0xcedbf324a1eb1affe53ab7b7ef0103e070e3853f,0x512edee611553addfdef6a15b04aa78c88e17659ee56c6057bff05eca77a7086
24,0.0006209999,0.279449955,0x2247028d791b04747a94bce3f2c69e84a976681b,2017-10-30T17:21:35.000Z,450,0xd445f61ebca3d6b4c57eef1f39fdab6595ef8972,sell,0xcedbf324a1eb1affe53ab7b7ef0103e070e3853f,0x3f4a1f6b9dc64de504c7d407a9a8ac615d14805378987e672d17d852f8b9878b
25,0.0006228686,0.000001650601805416,0xd445f61ebca3d6b4c57eef1f39fdab6595ef8972,2017-10-30T17:21:35.000Z,0.0026500000247500033,0xb4d22f1037db1381ff9a8215ca84f9dc24b8b645,buy,0xcedbf324a1eb1affe53ab7b7ef0103e070e3853f,0x3f4a1f6b9dc64de504c7d407a9a8ac615d14805378987e672d17d852f8b9878b
26,19.1417386104,0.02488426019352,0x4706edf336652496dc03c0ab246c57dbc6aab114,2017-10-30T15:56:16.000Z,0.0013,0x659f7952cf483abcb29111f0e79730328a3ca612,sell,0xcedbf324a1eb1affe53ab7b7ef0103e070e3853f,0xb0a6514a8f1dd7aada2cec744854de84bb674fe863061c017920cfaac8e962bf
27,0.9200697836,0.00119609071868,0x4706edf336652496dc03c0ab246c57dbc6aab114,2017-10-30T15:53:07.000Z,0.0013,0x659f7952cf483abcb29111f0e79730328a3ca612,sell,0xcedbf324a1eb1affe53ab7b7ef0103e070e3853f,0x54f476563f1c913eacd24d2fc7f14ea47985d402e65a74eb44baa33caa1e9e06
28,9.969095803,0.0129598245439,0x4706edf336652496dc03c0ab246c57dbc6aab114,2017-10-30T15:18:45.000Z,0.0013,0x11fb6aef2b0e35edd2d5d6169dccad5f50261b08,sell,0xcedbf324a1eb1affe53ab7b7ef0103e070e3853f,0x0403b9e0265663374709dd143bd9952636ed1b260b327c55dec27c69b2fe4be4
29,9.969095803,0.0129598245439,0x4706edf336652496dc03c0ab246c57dbc6aab114,2017-10-30T15:13:25.000Z,0.0013,0xff6fc474f89473ddeaf5fec9dd73b94c5b863dc1,sell,0xcedbf324a1eb1affe53ab7b7ef0103e070e3853f,0xde5995b9f0ceee9ee7111b427fc1086258f49d33a0948fe2680f795f62407399
30,9.969095803,0.0139567341242,0x4706edf336652496dc03c0ab246c57dbc6aab114,2017-10-30T14:59:15.000Z,0.0014,0xd3a07067a6a428555239ab562614e8776cba689a,sell,0xcedbf324a1eb1affe53ab7b7ef0103e070e3853f,0xcf9066da80d66e9589fd16403fd590ca357b8d50f8a8296f59c9b72cfe4e11b0
31,19.938191606,0.0279134682484,0x4706edf336652496dc03c0ab246c57dbc6aab114,2017-10-30T14:55:39.000Z,0.0014,0xfe4856ea92a3d9fe3691f332cb5344072ac061d1,sell,0xcedbf324a1eb1affe53ab7b7ef0103e070e3853f,0xdbc83f8fed695416c4dd80f70e17bea3dc905182282da8e8b01c079f44baf2cf
32,20,0.03,0x4706edf336652496dc03c0ab246c57dbc6aab114,2017-10-30T14:45:56.000Z,0.0015,0x1d8a54cca8c998af9ed83d5c4b548229e9336c8d,sell,0xcedbf324a1eb1affe53ab7b7ef0103e070e3853f,0xfa12eaee80d573d8a38332ec278c3bebeabf345d5d5926f7983c243cf970681a
33,10,0.021,0x4706edf336652496dc03c0ab246c57dbc6aab114,2017-10-30T14:44:46.000Z,0.0021,0x484dbe4c2899fa71bd2737f7f62965129737c6ed,buy,0xcedbf324a1eb1affe53ab7b7ef0103e070e3853f,0xd9159b0c987f24f447302f84be7efd79b6ae5c9cba4bbe5abd99bbe1ac8723c2
34,10,0.02,0x4706edf336652496dc03c0ab246c57dbc6aab114,2017-10-30T14:39:04.000Z,0.002,0xc7d938690ad2e75f8fbe3e6fe20bcac7e1e5d55a,buy,0xcedbf324a1eb1affe53ab7b7ef0103e070e3853f,0x53ff4c9220c5be0d8fb279046a8ef26bb1502e2b03c32bb98660540d6acf8bf1
35,10,0.02,0x4706edf336652496dc03c0ab246c57dbc6aab114,2017-10-30T14:37:42.000Z,0.002,0x5c5de2b62678709ac81fb6d88a71b4bae106dc4c,buy,0xcedbf324a1eb1affe53ab7b7ef0103e070e3853f,0x16eff92a98bca1ad3f3f322748fb693ff690e796d759d326836d7b900a470a85
36,10,0.02,0x4706edf336652496dc03c0ab246c57dbc6aab114,2017-10-30T14:37:12.000Z,0.002,0xa9c517942ce43b7e1f348a3f09e6528a2a9c59e2,buy,0xcedbf324a1eb1affe53ab7b7ef0103e070e3853f,0x19a36fd35e6c3e097dde70090c09d06329bb95008a44fdb01e897e0a331fa42b
37,10,0.02,0x4706edf336652496dc03c0ab246c57dbc6aab114,2017-10-30T14:36:26.000Z,0.002,0xd460056fd946b6a3f0240e15e7732016fbe1eb36,buy,0xcedbf324a1eb1affe53ab7b7ef0103e070e3853f,0x28f43689b8d536ed2f6d38fe7ca2f607e59176be6de3a664d3e1b0634e8b8cd2
38,10,0.01999999,0x4706edf336652496dc03c0ab246c57dbc6aab114,2017-10-30T14:32:16.000Z,0.001999999,0x1a996d4696d0a84392b601ac7a876e8b2fec7d19,buy,0xcedbf324a1eb1affe53ab7b7ef0103e070e3853f,0x8dfef36ed621a1f88381c1bfbdf0c76accb6e35f26d578839b39c666b18ddbf9
39,9,0.01754991,0x4706edf336652496dc03c0ab246c57dbc6aab114,2017-10-30T14:30:34.000Z,0.00194999,0x30cc7963fc6d28b659060f6df9087fe5b3a12007,buy,0xcedbf324a1eb1affe53ab7b7ef0103e070e3853f,0x5116989bd70f14968d956bf9dbc51ca6eb99880f8ddaad9137164049f372f9b7
40,39.807,0.07762365,0x4706edf336652496dc03c0ab246c57dbc6aab114,2017-10-30T14:29:28.000Z,0.00195,0x1b2ba681893d2b2e301e095303a419b9c2c2bbaf,buy,0xcedbf324a1eb1affe53ab7b7ef0103e070e3853f,0x3630b2785997c710a671f7f63e19b8c24e4c2fcd90e627cadeaf9bc3581addcc
41,9.969095803,0.00687867610407,0x1d8a54cca8c998af9ed83d5c4b548229e9336c8d,2017-10-30T08:16:11.000Z,0.00069,0x66fa1e1af25d7661001301ab556c1eff78e2dbf9,sell,0xcedbf324a1eb1affe53ab7b7ef0103e070e3853f,0x8f7271a61de58f69b13a9872addbd777d64c384a0671f1b66f90d0d3cb38f90a
42,10,0.015,0x4706edf336652496dc03c0ab246c57dbc6aab114,2017-10-30T03:24:31.000Z,0.0015,0x179c8174792e42035b034d7ffd68410608bec62e,buy,0xcedbf324a1eb1affe53ab7b7ef0103e070e3853f,0xe91483b2e5d16af22fd0f7a281c9f4e04941f08f3fc91b78a0ecec719dce565f
43,0.2173913043,0.0005,0xf9695cd65d6dfdf257fab76a3eb0cb8f001971cc,2017-10-30T02:48:43.000Z,0.002300000000506,0x0f823a5ff52a4822634f0c3ccd723f4f294f1804,buy,0xcedbf324a1eb1affe53ab7b7ef0103e070e3853f,0xf742813779eef459c0b249a7ec84ded6b76c69f68071cea28c2e224fa59451cd
44,4.9845479015,0.000613702522180581,0x86d4b794a7ffa3a3ea81421107cf26b7ad1b3d44,2017-10-30T00:47:24.000Z,0.00012312099999999988,0x5634fc9a8194fa713558d8962ff7c3d2be45bb2a,sell,0xcedbf324a1eb1affe53ab7b7ef0103e070e3853f,0xcdb7c215c5cdec48169aed2a22982ac36adbf9ce0a397d4df4cfc2b272bb2f38
45,102,0.254897898,0x4fe3e8a137680038f5c1a7262b8dfe96cc8a1f03,2017-10-29T19:38:45.000Z,0.002498999,0xd17e01f38f53060a7c09e94bccf87f7040acfc7d,buy,0xcedbf324a1eb1affe53ab7b7ef0103e070e3853f,0x46bf7c72d9150ca56fc91283ec5b81bad8561ccfec2a00cc6e0783a9bab9cb4e
46,5,0.001,0xe15d0ea59101a403317acb8ea6a308921267d9d3,2017-10-29T17:02:20.000Z,0.0002,0x136a799ed2718612be19f7143ef8c66c918086c4,buy,0xcedbf324a1eb1affe53ab7b7ef0103e070e3853f,0x81b38f8593d69c151ad9045a9fb555808f02de27fc6c7894bf387b4bbcf65fdd
47,9.969095803,0.002542119429765,0x1b2ba681893d2b2e301e095303a419b9c2c2bbaf,2017-10-29T17:02:02.000Z,0.000255,0x07a5b48fbba6b2e0849609bd64b6c2ebdd21eafe,sell,0xcedbf324a1eb1affe53ab7b7ef0103e070e3853f,0x0dc4610cc54e1b24d4445452d0c2bbe1a69654558b799f6cb01398d97c72a4ed
48,9.9,0.00198,0x1b2ba681893d2b2e301e095303a419b9c2c2bbaf,2017-10-29T12:08:49.000Z,0.0002,0x1b32c2bf5e261d9866853a9a238b5e73978ab5e5,sell,0xcedbf324a1eb1affe53ab7b7ef0103e070e3853f,0x1a039470d9cfb81ac6f6c7f5eb93d004c692a5677a2f92a942f9d76445f74710
49,9.969095803,0.0019938191606,0x1b2ba681893d2b2e301e095303a419b9c2c2bbaf,2017-10-29T11:54:31.000Z,0.0002,0x49ffcd0dc3fd51c1e38cbbaf4b94c4ae0e8fe3c3,sell,0xcedbf324a1eb1affe53ab7b7ef0103e070e3853f,0xc7d0f06b3b7a05c4e14d4711ad9b8402de090ed04e19c9c3bb324a03d5ee8128
50,10,0.015,0x1d8a54cca8c998af9ed83d5c4b548229e9336c8d,2017-10-29T11:26:22.000Z,0.0015,0xa9256795e19b5596928115b89f5015ad733e801b,buy,0xcedbf324a1eb1affe53ab7b7ef0103e070e3853f,0x7719b2a0eef701a1794824e666016e81a248af3e55fafc338634193c8b0c7760
51,10,0.015,0x1d8a54cca8c998af9ed83d5c4b548229e9336c8d,2017-10-29T01:27:51.000Z,0.0015,0x86a56ac7d5773c339d139c196d79d29fe386d895,buy,0xcedbf324a1eb1affe53ab7b7ef0103e070e3853f,0x7d511e415075b79eef11525ec34ab36150cb7832e62791cefee9aad17898b95e
52,10,0.024,0x1d8a54cca8c998af9ed83d5c4b548229e9336c8d,2017-10-29T01:27:02.000Z,0.0024,0x6d7ff4d014737ade242c42294de9cc8c6d4e2643,buy,0xcedbf324a1eb1affe53ab7b7ef0103e070e3853f,0xc49b3b5edd569db94dc36bce9e845278ab42c928720f4270de0192e81cbf8ffd
53,5,0.0125,0x1d8a54cca8c998af9ed83d5c4b548229e9336c8d,2017-10-29T01:27:02.000Z,0.0025,0xcd17ffc6fa721cbdec1dee5cee7b7643292699df,buy,0xcedbf324a1eb1affe53ab7b7ef0103e070e3853f,0x29027b201b09a420201bb21c545163003291588a29b98fd027633e22050e2e73
54,8.198,0.01360868,0x1d8a54cca8c998af9ed83d5c4b548229e9336c8d,2017-10-29T01:27:02.000Z,0.00166,0xa42a317e1d9ad2a29ef0047b5dc307ee5988b0a8,buy,0xcedbf324a1eb1affe53ab7b7ef0103e070e3853f,0x0abf4b5bd2e06babb7cf69c99fa9cd54ed666d269e4322a865299ca142c69e97
55,10,0.0164,0x1d8a54cca8c998af9ed83d5c4b548229e9336c8d,2017-10-29T01:26:54.000Z,0.00164,0x492072db470a8fa75d3355e1eee18b8b84d9f7c9,buy,0xcedbf324a1eb1affe53ab7b7ef0103e070e3853f,0xf8ffbca551fb14636fd93e11970d7a77589593185f33a0d3938718c39b8f57c7
56,10,0.015,0x1d8a54cca8c998af9ed83d5c4b548229e9336c8d,2017-10-29T01:26:36.000Z,0.0015,0x30bcf30b470ad7a130efbdb2e329e264ee21aceb,buy,0xcedbf324a1eb1affe53ab7b7ef0103e070e3853f,0x296c0cbd5ca12691b16ea87d3361a2ecab483c2ea2d864fceacaeb0615e8f2a2
57,10,0.013997,0x1d8a54cca8c998af9ed83d5c4b548229e9336c8d,2017-10-29T01:24:39.000Z,0.0013997,0x95f3a5f945e749c6aaa54e0ce48c4df8b5ac0451,buy,0xcedbf324a1eb1affe53ab7b7ef0103e070e3853f,0x2668f416bb10887f5b29c7e474cddbdff75248eb7e8380173019f5d554c8ffab
58,9.969,0.01485381,0x1d8a54cca8c998af9ed83d5c4b548229e9336c8d,2017-10-29T01:24:39.000Z,0.00149,0x7bba9d2f34a1a33b644b4cabaf3a8d5f1f9dc449,buy,0xcedbf324a1eb1affe53ab7b7ef0103e070e3853f,0x1e7d7cb109c61601b781c53b5199e96244e926050df91bb8c9b9c9ba52e15fd9
59,10,0.013999,0x1d8a54cca8c998af9ed83d5c4b548229e9336c8d,2017-10-29T01:24:39.000Z,0.0013999,0x617e72ff1760aec6ac3917dceb24e9c1044bd8b6,buy,0xcedbf324a1eb1affe53ab7b7ef0103e070e3853f,0x06f68e6d2529ba26e68f9019de7cbdba5e00d77c8a03f805df0af246dfe32454
60,10,0.013998,0x1d8a54cca8c998af9ed83d5c4b548229e9336c8d,2017-10-29T01:24:39.000Z,0.0013998,0x706829f74e6c3e000c3006607ca1aed15578ac4a,buy,0xcedbf324a1eb1affe53ab7b7ef0103e070e3853f,0xea9e45ff8301611c47c5ce89d12c629517d9192d483734638745c104996ffcd2
61,10,0.0137,0x1d8a54cca8c998af9ed83d5c4b548229e9336c8d,2017-10-29T01:22:49.000Z,0.00137,0x2cbc78b7db97576674cc4e442d3f4d792b43a3a9,buy,0xcedbf324a1eb1affe53ab7b7ef0103e070e3853f,0xbc87154a452b65d7dcd848dfa8c7c569e7f372cf19bf15e2be579a59d0ddc03a
62,10,0.0125999,0x1d8a54cca8c998af9ed83d5c4b548229e9336c8d,2017-10-29T01:22:18.000Z,0.00125999,0x7bd9abc67df57d0cb0ac43f05e4b536eae073438,buy,0xcedbf324a1eb1affe53ab7b7ef0103e070e3853f,0x8dc0be5f1a241bd916923bc9994be8444496bb8f33733560857e06de4ca2e1f4
63,80,0.104,0x1d8a54cca8c998af9ed83d5c4b548229e9336c8d,2017-10-29T01:21:48.000Z,0.0013,0x94d845ee4a1f5c86b6194e37bc3f9956234fa206,buy,0xcedbf324a1eb1affe53ab7b7ef0103e070e3853f,0x41e329e9e568a1647e089998c5c4be6aad6401858101f45765da5579554d5393
64,100,0.1399699,0x1d8a54cca8c998af9ed83d5c4b548229e9336c8d,2017-10-29T01:21:24.000Z,0.001399699,0x24bf5f007e4b06f5777c460fb02d3521c1b521a8,buy,0xcedbf324a1eb1affe53ab7b7ef0103e070e3853f,0x76fd2f62b6f1131180c325fa6c61586b55a15fb1b98b8aae0676e9ed57aab52f
65,90,0.112499991,0x1d8a54cca8c998af9ed83d5c4b548229e9336c8d,2017-10-29T01:17:10.000Z,0.0012499999,0x3755b825d5dc70f115d1ccc9f8c6a94d34068d8a,buy,0xcedbf324a1eb1affe53ab7b7ef0103e070e3853f,0x66ac8fdfc71cad6375da978b4178d4de514b37a95536401dda2a916de46bd04c
66,47.6,0.0595,0x1d8a54cca8c998af9ed83d5c4b548229e9336c8d,2017-10-29T01:17:10.000Z,0.00125,0x1b2ba681893d2b2e301e095303a419b9c2c2bbaf,buy,0xcedbf324a1eb1affe53ab7b7ef0103e070e3853f,0x4dfc6232bf9f3ea27f98cc287a7ebb0d645508be5f5b4eadc490068aceb814dc
67,0.4,0.0005,0x16e5d97bbc92417e051e3b2cabfbf8ceea2acb9c,2017-10-28T21:01:32.000Z,0.00125,0x1b2ba681893d2b2e301e095303a419b9c2c2bbaf,buy,0xcedbf324a1eb1affe53ab7b7ef0103e070e3853f,0x87f18dd7b788112f83c923a41f183604e2e5dcc46c8eb5b6fb39e9e6553aeb4f
68,0.4,0.0005,0x42c24a83bded723edfdf5883bc7efb30bc1a1bf3,2017-10-28T21:01:19.000Z,0.00125,0x1b2ba681893d2b2e301e095303a419b9c2c2bbaf,buy,0xcedbf324a1eb1affe53ab7b7ef0103e070e3853f,0xc335e743680d02990bcfbc55c4410e32a4472200018f30a2456e969218ac6147
69,0.4,0.0005,0x379374d13077e8867ef31803c37baf9785a17c00,2017-10-28T20:59:04.000Z,0.00125,0x1b2ba681893d2b2e301e095303a419b9c2c2bbaf,buy,0xcedbf324a1eb1affe53ab7b7ef0103e070e3853f,0xe141eb92b957a575910c66cfe63847d6577828c1ed48e8171afaba8ade10f4ae
70,0.4,0.0005,0x34f9560c63078eb61872a4dc2ccd20e21c34feaf,2017-10-28T20:32:31.000Z,0.00125,0x1b2ba681893d2b2e301e095303a419b9c2c2bbaf,buy,0xcedbf324a1eb1affe53ab7b7ef0103e070e3853f,0xf19f30a1a6dff56b81f6ff196fa9f3fc494e4eb6cae73f195eed07a20101ed22
71,0.4,0.0005,0xe444a40689f51f63bcd29910622035707d533d29,2017-10-28T20:26:32.000Z,0.00125,0x1b2ba681893d2b2e301e095303a419b9c2c2bbaf,buy,0xcedbf324a1eb1affe53ab7b7ef0103e070e3853f,0x093ef8902185e7e63bd075f4c3faffb5ff9d831d760ca241168f302a9acc77ec
72,9.969095803,0.0011285016448996,0x1d8a54cca8c998af9ed83d5c4b548229e9336c8d,2017-10-28T19:41:25.000Z,0.0001132,0xb4066e3f167a4e5b7b97cca2b163ee396cfd0a1d,sell,0xcedbf324a1eb1affe53ab7b7ef0103e070e3853f,0xc970e2abccfa48955cf333a28c5e9d6cdb9a520e4826de50f0d54fa0eb1011e0
73,17.026,0.0146457652,0x7bba9d2f34a1a33b644b4cabaf3a8d5f1f9dc449,2017-10-28T18:48:00.000Z,0.0008602,0x659f7952cf483abcb29111f0e79730328a3ca612,sell,0xcedbf324a1eb1affe53ab7b7ef0103e070e3853f,0xe7930f95504f7d1ca49a70b171a0fe36fe04655658e510f969301bec64e0a2a3
74,0.4,0.0005,0xcd912af5286dc0b0a23edb30209734ecb60838b3,2017-10-28T17:05:40.000Z,0.00125,0x1b2ba681893d2b2e301e095303a419b9c2c2bbaf,buy,0xcedbf324a1eb1affe53ab7b7ef0103e070e3853f,0xc80b7b53ac19f5e42393cfd1927e574d28de7399d907f30ccb7d8b800a503967
75,9.969095803,0.001116538729936,0x1b2ba681893d2b2e301e095303a419b9c2c2bbaf,2017-10-28T11:40:38.000Z,0.000112,0x9e00365664411b507aff985ed8e5372353a2106f,sell,0xcedbf324a1eb1affe53ab7b7ef0103e070e3853f,0x921675d85cb7c9c1d0d7bd081c3aba9fbcca51be6a6a2312e959bb4beb39162d
76,30,0.02550003,0xd17e01f38f53060a7c09e94bccf87f7040acfc7d,2017-10-28T06:09:27.000Z,0.000850001,0x94d845ee4a1f5c86b6194e37bc3f9956234fa206,sell,0xcedbf324a1eb1affe53ab7b7ef0103e070e3853f,0xfccebfe8f7fce746f2ad1a492204b2065bf5d29892c7956e7a7b1ad89da42c47
77,9.969095803,0.000996919549395803,0xf36990a2cb4d609e0a7d4f3bf884c0342d81fd3d,2017-10-28T02:52:23.000Z,0.000100001,0x306d86ae1c2bc5e333a8f5f26f3ac9dd2061c65e,sell,0xcedbf324a1eb1affe53ab7b7ef0103e070e3853f,0x8639b0e50404c22bcb523f979ce62bf414eb11e81c9349c22b40f9a7ac628217
78,90,0.0765,0x24bf5f007e4b06f5777c460fb02d3521c1b521a8,2017-10-27T22:46:02.000Z,0.00085,0xb4b62ea3a57aabc61a50e8744376fd4c35419180,sell,0xcedbf324a1eb1affe53ab7b7ef0103e070e3853f,0x84d49a21298a64220ae673e67c5843855baa5c67f4598e590efb33fc508372ef
79,70,0.0602,0xd4a2deacd186d082c3746ab06b082e4651a5f343,2017-10-27T22:45:52.000Z,0.00086,0xb4b62ea3a57aabc61a50e8744376fd4c35419180,sell,0xcedbf324a1eb1affe53ab7b7ef0103e070e3853f,0xa67ae601045d39c996cc915730d20d82f88f58bc8c2dd7a2b47bdd4ea6451ba3
80,3.0046312372,0.00258458379023944,0x7bba9d2f34a1a33b644b4cabaf3a8d5f1f9dc449,2017-10-27T22:45:52.000Z,0.0008602,0xb4b62ea3a57aabc61a50e8744376fd4c35419180,sell,0xcedbf324a1eb1affe53ab7b7ef0103e070e3853f,0x1b3c75efd4008b254bc7250a655ec9de6a256a3be51501b7bce804676e9d4b7d
81,50,0.04305,0x1b2ba681893d2b2e301e095303a419b9c2c2bbaf,2017-10-27T22:45:52.000Z,0.000861,0xb4b62ea3a57aabc61a50e8744376fd4c35419180,sell,0xcedbf324a1eb1affe53ab7b7ef0103e070e3853f,0x6fcfefb6a7a8520cea2a939b2b74ca4e562d122221bcc23050dc6fe42cb6a9f6
82,9.969095803,0.0085754162097406,0x7bba9d2f34a1a33b644b4cabaf3a8d5f1f9dc449,2017-10-27T17:09:24.000Z,0.0008602,0x808794aa3a7b2ccbef5899c08f686635a5d8a4e9,sell,0xcedbf324a1eb1affe53ab7b7ef0103e070e3853f,0x0f0a2e64fe41bdc7996f09729dff77a546917b9b51a49c453cf5bd2e5540e25e
83,1.80184462,0.002991062069323497,0x077664018c741c2df811ecd2f0ed6668c89bbb49,2017-10-27T01:45:04.000Z,0.0016600000000685392,0xa42a317e1d9ad2a29ef0047b5dc307ee5988b0a8,buy,0xcedbf324a1eb1affe53ab7b7ef0103e070e3853f,0xad64e9512335cd07181d8cfd0e82e6ed2e3047fa4059df2d66f10368f8373699
84,43.7531748478,0.03937873242651695,0x4706edf336652496dc03c0ab246c57dbc6aab114,2017-10-26T20:27:34.000Z,0.00090002,0x0a72ebae0321b78bf42b5846c57f90d714a5cb31,sell,0xcedbf324a1eb1affe53ab7b7ef0103e070e3853f,0xfe219652e7624e5d008dda6185e172ae8f88d9dc4a6dd8e44a56e8ba16f5bf0d
85,50,0.0425,0x4706edf336652496dc03c0ab246c57dbc6aab114,2017-10-26T20:26:39.000Z,0.00085,0x0a72ebae0321b78bf42b5846c57f90d714a5cb31,sell,0xcedbf324a1eb1affe53ab7b7ef0103e070e3853f,0x1127931ab9fe263a26bd740ebed5b07bad2429183ebd8d58ef521ba8d50594fa
86,10,0.013,0x4706edf336652496dc03c0ab246c57dbc6aab114,2017-10-26T20:21:02.000Z,0.0013,0xd89491e8e216b25fb9a5d32a3fdcf6c5270c665b,buy,0xcedbf324a1eb1affe53ab7b7ef0103e070e3853f,0xda1b5eceb49df1e2fd40fe363cc3e2e1de08b1cd263d7e2258a56f9cb70f35e9
87,10,0.013,0x4706edf336652496dc03c0ab246c57dbc6aab114,2017-10-26T20:19:57.000Z,0.0013,0xba95b4a5b130c4c1d27dc9e8adcf7f087cdb4c52,buy,0xcedbf324a1eb1affe53ab7b7ef0103e070e3853f,0x5724f8770332b47824ffd50a1bc7282ad55da86f0352d65461c1056368a8e690
88,11.399,0.0136788,0x4706edf336652496dc03c0ab246c57dbc6aab114,2017-10-26T20:19:22.000Z,0.0012,0xb417fc8781bfd509b91c6360493535512b133481,buy,0xcedbf324a1eb1affe53ab7b7ef0103e070e3853f,0xe790c1b7a3ad09b69808ee9d73c3567ddfd41cfcf5ae19344410640e81cdc1e2
89,10,0.011,0x4706edf336652496dc03c0ab246c57dbc6aab114,2017-10-26T20:18:31.000Z,0.0011,0xb392a23fc325d36a590ec4962cd5f12e2b382d61,buy,0xcedbf324a1eb1affe53ab7b7ef0103e070e3853f,0xfaf3695934ebe02397f368892885514be012b615eff1ee757382bac60938b64d
90,9.969095803,0.0079752766424,0x3953dd681c1945ceac5631faa0a96e34ed4044cb,2017-10-26T16:08:01.000Z,0.0008,0x2574839aeba27fc9aa3b8ef768440de73aaa2276,sell,0xcedbf324a1eb1affe53ab7b7ef0103e070e3853f,0x6d41cf81416643f90d718dc93cb86f1276e287bda98aca2d828ed04aa3173222
91,9.969095803,0.00677898514604,0x688cb7e759df27aea3779946361860357ded57b8,2017-10-26T09:41:47.000Z,0.00068,0x65df448a6ea8fb4405872649c8bbce3c7369754c,sell,0xcedbf324a1eb1affe53ab7b7ef0103e070e3853f,0x68d8de45337635e609f304eaf4bdf3135f00ab7e9c8d3c8b800b8e0c76dee52c
92,9.7697138869,0.006550792854118298,0x0a72ebae0321b78bf42b5846c57f90d714a5cb31,2017-10-26T06:08:54.000Z,0.00067052044,0x429c7cf947d18c6e14660975ba5272621a618b36,sell,0xcedbf324a1eb1affe53ab7b7ef0103e070e3853f,0x58a129e08c333f304648d40605c93a7767cac9feb848ccec4a438472394d48bc
93,9.969095803,0.006684482504229713,0x0a72ebae0321b78bf42b5846c57f90d714a5cb31,2017-10-26T00:30:30.000Z,0.00067052044,0x6d50eea626caecc03f6a587e55d4d9236c2d0e89,sell,0xcedbf324a1eb1affe53ab7b7ef0103e070e3853f,0xe1c057aab5ebc721f391efb5da40dd1f29e886a43399ad494c0bbbbac7b03c99
94,10,0.0075,0x0a72ebae0321b78bf42b5846c57f90d714a5cb31,2017-10-25T19:27:05.000Z,0.00075,0xc8e649f99b8fa38874b4b0f8e989d0dca433da61,buy,0xcedbf324a1eb1affe53ab7b7ef0103e070e3853f,0x4120c2ceae06159e8121fbdfd1e27719010f1afc80c571d1a2b68dbe9a851ac1
95,10,0.0075,0x0a72ebae0321b78bf42b5846c57f90d714a5cb31,2017-10-25T19:27:05.000Z,0.00075,0xe15c0f49bf463173ad25312ead3a43ddbee40661,buy,0xcedbf324a1eb1affe53ab7b7ef0103e070e3853f,0x2c89d9c1615ed0fe722960d944f2a77808fff5eebecb38d43cdf6ed57fc1ff0d
96,5,0.0037499,0x0a72ebae0321b78bf42b5846c57f90d714a5cb31,2017-10-25T19:27:03.000Z,0.00074998,0x5634fc9a8194fa713558d8962ff7c3d2be45bb2a,buy,0xcedbf324a1eb1affe53ab7b7ef0103e070e3853f,0xdc751a00e26ec4d5c088a499e4a01ab9b91ad204a85b42ec503e035f6d2c057a
97,49.3,0.035496,0x0a72ebae0321b78bf42b5846c57f90d714a5cb31,2017-10-25T19:20:51.000Z,0.00072,0xd32deb32fec2df413c09aafb40b05fcca37ee56b,buy,0xcedbf324a1eb1affe53ab7b7ef0103e070e3853f,0x1a0c4c7819888e868f7dd01fa98223407fbdc3333d5b6d5f00fa407a6dca9cbf
98,9.969095803,0.00558269364968,0x9d3aeaca91a54a6b4588d2821ea105521ab0a4d3,2017-10-25T17:23:17.000Z,0.00056,0x47dfad29a513d9b357e5de296ffc726b554d6a32,sell,0xcedbf324a1eb1affe53ab7b7ef0103e070e3853f,0x36bf4a966e89ada66c2e8de0e0a2880e9974c6fd46922c9656a7cdb75d4bc737
99,9.969095803,0.00558269364968,0x9d3aeaca91a54a6b4588d2821ea105521ab0a4d3,2017-10-25T17:22:54.000Z,0.00056,0x312b550c9c218c436932e4623df7403d88fd372f,sell,0xcedbf324a1eb1affe53ab7b7ef0103e070e3853f,0x1a02a5ac6212342937bd9e033f5ed75ddbfffa54ff704e2977a93d8391aec888
100,9.969095803,0.00558269364968,0x9d3aeaca91a54a6b4588d2821ea105521ab0a4d3,2017-10-25T17:22:54.000Z,0.00056,0x47e9cfa8c920dd158260ceeedf0176cf01d225e1,sell,0xcedbf324a1eb1affe53ab7b7ef0103e070e3853f,0xf261ff83de172d2c680074bf927637da7cd49fa36d3766b01f563e558eb2c1d1
101,9.969095803,0.00558269364968,0x9d3aeaca91a54a6b4588d2821ea105521ab0a4d3,2017-10-25T16:42:03.000Z,0.00056,0xf2dbb776790dbd4744dd3c22d0e0801dfbd6b9f1,sell,0xcedbf324a1eb1affe53ab7b7ef0103e070e3853f,0x5aee292ce94b3fd4de03e5ab5d5822130ab3900290719459725b274f0a265350
102,10,0.0075,0x808794aa3a7b2ccbef5899c08f686635a5d8a4e9,2017-10-25T14:49:48.000Z,0.00075,0x4ad4613c0274caab0b74c475be0a867369142ba4,buy,0xcedbf324a1eb1affe53ab7b7ef0103e070e3853f,0xbd4cd816a0b275c60eb2d17d614e3ac59c0864b5db580cad83d28853e4a797d0
103,9.969095803,0.00558269364968,0x9d3aeaca91a54a6b4588d2821ea105521ab0a4d3,2017-10-25T14:07:54.000Z,0.00056,0x775dba5b860b8ad8cdb23437fcc45cba2d5701d4,sell,0xcedbf324a1eb1affe53ab7b7ef0103e070e3853f,0x9e49fc7dcf15457b863d627189c2476599b414ba57d8c9365b8569eee4e4d4df
104,9.969095803,0.00548300269165,0x564109f0557b21c23681a29bee0d58f2afa4b624,2017-10-25T13:30:39.000Z,0.00055,0x1b67bc14bf447f288af7b7af136eb43d92c0696d,sell,0xcedbf324a1eb1affe53ab7b7ef0103e070e3853f,0x87ef73c45ee00dc823fa8feaddcb4fa0e3efb45fd52f8f861e30a72232ed0422
105,9.969095803,0.00558269364968,0x9d3aeaca91a54a6b4588d2821ea105521ab0a4d3,2017-10-25T11:44:54.000Z,0.00056,0x14d6d0f3d430455b5c1f169e28548bbc61d79cda,sell,0xcedbf324a1eb1affe53ab7b7ef0103e070e3853f,0xd3ccb4f923a65895802d144186b8ba3008b7acecf9e1345fc847c057bfe65ece
106,209.5572284579,0.157167921343425,0xb4b62ea3a57aabc61a50e8744376fd4c35419180,2017-10-25T06:48:49.000Z,0.00075,0xd6b329e0df0934fd0bb3bb305ab539bef1432721,sell,0xcedbf324a1eb1affe53ab7b7ef0103e070e3853f,0xc09544742da0393014fedd8a77aaf55a3c92f3e42e3b882d47e015781ea5213d
107,9.969095803,0.00747682185225,0xb4b62ea3a57aabc61a50e8744376fd4c35419180,2017-10-25T06:46:20.000Z,0.00075,0xa9b4f15e559b6a17ccd53dccc78f1bf28f7494db,sell,0xcedbf324a1eb1affe53ab7b7ef0103e070e3853f,0x1873383b6b3c7610f99949553b57f7d3ab6294d019add21751734c855ff9b251
108,0.9390919055,0.00052589146708,0x9d3aeaca91a54a6b4588d2821ea105521ab0a4d3,2017-10-25T03:36:17.000Z,0.00056,0x47e68dfd8b04ac91cd09c9df6e4e38387464f68a,sell,0xcedbf324a1eb1affe53ab7b7ef0103e070e3853f,0x12829c295241b15ea55350c5fd38be6af8ca1376a16b4321256c25f7ac3d6b14
109,9.969095803,0.00558269364968,0x9d3aeaca91a54a6b4588d2821ea105521ab0a4d3,2017-10-25T00:05:54.000Z,0.00056,0xa8759794f4228712d36297f9ca59368d587657d5,sell,0xcedbf324a1eb1affe53ab7b7ef0103e070e3853f,0xb2fe4a928a93936842ad0380fa159f1a4d9051a9fac84e411fc2a435469d05b4
110,0.0009938287,0.000000526729211,0x94d845ee4a1f5c86b6194e37bc3f9956234fa206,2017-10-24T12:01:22.000Z,0.00053,0x986fe610f50475350aecd06783f9d4ce581bf947,sell,0xcedbf324a1eb1affe53ab7b7ef0103e070e3853f,0x28098df97ce8abcd877253b07bc2521a58cad6265f69595ca7ad1ba805f4f126
111,29.907287409,0.0448609311135,0xf1695582c702dd963a9abb90f1591d5bdfc22476,2017-10-24T11:56:31.000Z,0.0015,0xf75e1b6f5cfa94d6645bd9bd9649e977fa333968,sell,0xcedbf324a1eb1affe53ab7b7ef0103e070e3853f,0x981ee1bcc0172f176160e9d8b560bd44a3b17ba5f583cb43bb26d484b9f25ae3
112,9.969095803,0.0149536437045,0xf1695582c702dd963a9abb90f1591d5bdfc22476,2017-10-24T11:45:39.000Z,0.0015,0xfa639ba151e934b7fc76a707dc7af0b2f06a8da9,sell,0xcedbf324a1eb1affe53ab7b7ef0103e070e3853f,0x6738963bc076737ec25d14bb1201a687ec622dd4a95d551a8b18bbfc803ec295
113,9,0.0135,0xd17e01f38f53060a7c09e94bccf87f7040acfc7d,2017-10-24T10:31:36.000Z,0.0015,0xa3041a207060edacddcdeab68ac72497c1fb228d,buy,0xcedbf324a1eb1affe53ab7b7ef0103e070e3853f,0x66ccc7427f685c3b94008cde599709335c5db8d1c39cf808cd49137f91346a86
114,1,0.0015,0xe1fa699860444be91d366c21de8fef56e3dec77a,2017-10-24T10:17:39.000Z,0.0015,0xa3041a207060edacddcdeab68ac72497c1fb228d,buy,0xcedbf324a1eb1affe53ab7b7ef0103e070e3853f,0x93e8e1fdc529612bff590b20fb98ebe43a6999ef27a6d42a724120a9884a53a3
115,9.969095803,0.014953653673595803,0xd17e01f38f53060a7c09e94bccf87f7040acfc7d,2017-10-24T10:01:40.000Z,0.001500001,0xcf4f3a357fe858340dccff99ca30fd285b70b8a0,sell,0xcedbf324a1eb1affe53ab7b7ef0103e070e3853f,0xb39257a6e9bba06d21ec2ea67360e0c7cbf8d8f1ad8f59e6d19046c436c402f8
116,9.969095803,0.0149536437045,0xf1695582c702dd963a9abb90f1591d5bdfc22476,2017-10-24T09:59:44.000Z,0.0015,0x327077e2612fef686b5e32c292f933f37dcbb10a,sell,0xcedbf324a1eb1affe53ab7b7ef0103e070e3853f,0x89cec5898142213a297f8c080920ab8a7af75e74851b8241bde25b0c48232a54
117,9.969095803,0.014953653673595803,0xd17e01f38f53060a7c09e94bccf87f7040acfc7d,2017-10-24T09:51:53.000Z,0.001500001,0x8573ee5247b043fc05e1e9405286c3b3dfa27cbc,sell,0xcedbf324a1eb1affe53ab7b7ef0103e070e3853f,0x303f01ace48afa2678cf7e5db05a4ba08d5a0365227a259a6cd15bdd56f575f8
118,9.8,0.01470001372,0x429c7cf947d18c6e14660975ba5272621a618b36,2017-10-24T08:56:34.000Z,0.0015000014,0x5a3605315938bbde068ef0b0bfaf4f730f6968e8,sell,0xcedbf324a1eb1affe53ab7b7ef0103e070e3853f,0xc4f9d7d6a87e0e3e1d32f2539c052e704d0ec7e4e3e9be67e0b07899b8215d21
119,9.969095803,0.014953653673595803,0xd17e01f38f53060a7c09e94bccf87f7040acfc7d,2017-10-24T07:16:03.000Z,0.001500001,0x8c8d73becc7dda3aa3c96cc6cc85c7a0b9a072fb,sell,0xcedbf324a1eb1affe53ab7b7ef0103e070e3853f,0xf8342dff62091478fe331399fa8611095ffb0d6d14117d3d6db12dea3c93f3db
120,9.969095803,0.014953653673595803,0xd17e01f38f53060a7c09e94bccf87f7040acfc7d,2017-10-24T07:06:26.000Z,0.001500001,0x120934780ca7a9e7052d57863686a3f397146d72,sell,0xcedbf324a1eb1affe53ab7b7ef0103e070e3853f,0x107bb1077c4e1b010bdeb18d58d24cafdbc9a8511bc538768f9bbdeda8690450
121,9.969095803,0.014953653673595803,0xd17e01f38f53060a7c09e94bccf87f7040acfc7d,2017-10-24T07:01:11.000Z,0.001500001,0x5ac67a1ff15c974d597c5eb7ddaf617143b27b21,sell,0xcedbf324a1eb1affe53ab7b7ef0103e070e3853f,0x3a8fb66cf4fbf01baffb123eaa189bf2324cb8145e0174c90cc68f80bdad24b7
122,9.969095803,0.0149536437045,0xf1695582c702dd963a9abb90f1591d5bdfc22476,2017-10-24T05:09:21.000Z,0.0015,0x35c41897f9d50c7a726394cfe6e6deb6a2c1e133,sell,0xcedbf324a1eb1affe53ab7b7ef0103e070e3853f,0xec4e75a60a8a45f72ed75ad76fdcfd5157ca92754e1e6e3fc3e93d8f164cd25a
123,9.969095803,0.0149536437045,0xf1695582c702dd963a9abb90f1591d5bdfc22476,2017-10-24T04:32:45.000Z,0.0015,0x4b2e87745c3a11e50d5bb4d83a763f95069852a5,sell,0xcedbf324a1eb1affe53ab7b7ef0103e070e3853f,0x7c8494b3fe0dbcb4877fff57356a743f600acadb9184977fa87c38827198391b
124,10,0.015,0x38223b8ebc6d6f404f887df06c334c4702a55711,2017-10-24T03:58:02.000Z,0.0015,0x27fc7a4c1c200d8430b6855b1a8c99296a031e84,buy,0xcedbf324a1eb1affe53ab7b7ef0103e070e3853f,0x2539afa2ac75da1253a0c26502298fb6b8521b65e1b18b10ee033d6cf408e051
125,9.969095803,0.0149536437045,0xf1695582c702dd963a9abb90f1591d5bdfc22476,2017-10-24T03:58:02.000Z,0.0015,0x8f3e2a9ac8f31ab17a493a6fe5951d0864f8dd66,sell,0xcedbf324a1eb1affe53ab7b7ef0103e070e3853f,0xbcdea62c4fbd8aefe5ee9c4aea4ab0ca60082ba76f62ef221b27063fcecdde37
126,9.969095803,0.0149536437045,0xf1695582c702dd963a9abb90f1591d5bdfc22476,2017-10-24T03:17:40.000Z,0.0015,0x8224edaaf0d3e4608ca97c1382d54abac6d07cdd,sell,0xcedbf324a1eb1affe53ab7b7ef0103e070e3853f,0xc510b253b2388f843435c81027d2cc756affcc0c802fda646afbef5d64f4ef31
127,9.969095803,0.0149536437045,0x30a619640f6019ac143a142b9ff71b0cd3bc864a,2017-10-24T01:49:23.000Z,0.0015,0x10c7bddbd3427abfcfa75cb595da33cc9e6862d3,sell,0xcedbf324a1eb1affe53ab7b7ef0103e070e3853f,0x371c557a25a9136c503a7e213732463f361826424caf6b99efd4ed5aba8753b7
128,10,0.0218,0x304c929780c19ae230022779a75b451f63d4705f,2017-10-23T19:54:09.000Z,0.00218,0xd6b329e0df0934fd0bb3bb305ab539bef1432721,buy,0xcedbf324a1eb1affe53ab7b7ef0103e070e3853f,0x969eee94165203c7621b9f73e9729715e0d7d5490a9999288a3402e8996df31c
129,29.907287409,0.04605722260986,0x3c5018a34073f5f2b15a9976a250b9527895026c,2017-10-23T19:26:37.000Z,0.00154,0x2a02904c2d7510a28d184387aab187478182a60b,sell,0xcedbf324a1eb1affe53ab7b7ef0103e070e3853f,0xb070e8a40712573526b3fcf7b08571e197ff6c1d886facee7d9fbdbc13657dec
130,2.4,0.00528,0xd6357bbe2ef91ced61ef4de6ff890b7d15eb1598,2017-10-23T19:26:07.000Z,0.0022,0x79d249eb17c39c148226e2e26e4d38bd26301105,sell,0xcedbf324a1eb1affe53ab7b7ef0103e070e3853f,0x3dfb4ee34e84033242e38dd4d4bc6ecfcbc77d6f111313cd91901553b5911f1a
131,49.3,0.07888,0xd32deb32fec2df413c09aafb40b05fcca37ee56b,2017-10-23T19:14:49.000Z,0.0016,0xd6b329e0df0934fd0bb3bb305ab539bef1432721,sell,0xcedbf324a1eb1affe53ab7b7ef0103e070e3853f,0xbcf554725c1e466ed12f28175b1a339431b39cb97a2c09ea0cb8898eaeb22c39
132,11,0.0198,0x3953dd681c1945ceac5631faa0a96e34ed4044cb,2017-10-23T17:59:06.000Z,0.0018,0xd6b329e0df0934fd0bb3bb305ab539bef1432721,sell,0xcedbf324a1eb1affe53ab7b7ef0103e070e3853f,0x17939d74c30e90bf7c5c341690a065f6c7c28f33c4f985ccad7f992fb6453cd5
133,9.969095803,0.01515302562056,0xb59f01a43200646169c641f846d2297896986ca0,2017-10-23T17:42:53.000Z,0.00152,0xecfbf05c7483f5a39f5d828075ac68e43736aa8d,sell,0xcedbf324a1eb1affe53ab7b7ef0103e070e3853f,0x10f8ea492b97fc7ed55debfb338a33b3a936f46ff6f746909d5abea144e5440c
134,9.969095803,0.01555178945268,0xd6b329e0df0934fd0bb3bb305ab539bef1432721,2017-10-23T17:38:24.000Z,0.00156,0xa01de6b319fc807f5810fb247deac2e3eee3059d,sell,0xcedbf324a1eb1affe53ab7b7ef0103e070e3853f,0x599991f1be809c2ea99ce7fb897edb4a6695165838c8b2aae0a880b174b97b89
135,9.969095803,0.01525271657859,0xd17e01f38f53060a7c09e94bccf87f7040acfc7d,2017-10-23T14:02:36.000Z,0.00153,0xed39d0d4c051921767c204147628e8b219c3c2bc,sell,0xcedbf324a1eb1affe53ab7b7ef0103e070e3853f,0x182e03065a34dfd53552383ca95d36334f993936e5aa497958042103c5763005
136,5.030904197,0.00875377330278,0xd6b329e0df0934fd0bb3bb305ab539bef1432721,2017-10-23T13:29:44.000Z,0.00174,0x47e68dfd8b04ac91cd09c9df6e4e38387464f68a,sell,0xcedbf324a1eb1affe53ab7b7ef0103e070e3853f,0x85bd72644975a7fc95a7e108df0005f6c68002cc5bbbe6ec5a515e27dc207349
137,4,0.00612,0xd17e01f38f53060a7c09e94bccf87f7040acfc7d,2017-10-23T13:29:44.000Z,0.00153,0x47e68dfd8b04ac91cd09c9df6e4e38387464f68a,sell,0xcedbf324a1eb1affe53ab7b7ef0103e070e3853f,0xe36213d0dddc35025685c411edc2a1df8d9cfd00c52b380998499567dbb891f2
138,9.969095803,0.01734622669722,0xd6b329e0df0934fd0bb3bb305ab539bef1432721,2017-10-23T12:31:49.000Z,0.00174,0xcdd33f58cf447f861af8b55e79b20df38ff855fa,sell,0xcedbf324a1eb1affe53ab7b7ef0103e070e3853f,0x0e628ba2b85081c1d0c51b1f7ba57fa8cfacc5a2f07ddd7528d20937c3a4fd78
139,39.876383212,0.06858737912464,0xd6b329e0df0934fd0bb3bb305ab539bef1432721,2017-10-23T10:54:40.000Z,0.00172,0x51b77ac4950128db35168c5257158e86868a7a8a,sell,0xcedbf324a1eb1affe53ab7b7ef0103e070e3853f,0x9d04e6c1e0daf8a9b66b36c547bc257f07187e0a18413c7d7e16eaf50654d8d8
140,10,0.028,0xd6b329e0df0934fd0bb3bb305ab539bef1432721,2017-10-23T10:29:17.000Z,0.0028,0x3cb9f51d4e16f9bead2e0a68b42eb5f8ef1dfd02,buy,0xcedbf324a1eb1affe53ab7b7ef0103e070e3853f,0x19d529bbd155956a6979f7387ad28bde4888a366387ca1e4ea6ca98f527ac659
141,9.969095803,0.01505333466253,0xd6b329e0df0934fd0bb3bb305ab539bef1432721,2017-10-23T09:57:51.000Z,0.00151,0xc329a8a7e7d71146a018e7765fab94e74f1a12b6,sell,0xcedbf324a1eb1affe53ab7b7ef0103e070e3853f,0xed5250659898560bb0dc297a37cf0a677e858ca45e8a219612d3b692d4713aa3
142,10,0.022,0xd6b329e0df0934fd0bb3bb305ab539bef1432721,2017-10-23T09:10:02.000Z,0.0022,0xf2e8b46b4cc990434e0d55e63f790c10b16e1097,buy,0xcedbf324a1eb1affe53ab7b7ef0103e070e3853f,0xc0039e6cb4c6c8c52cc55bf6f42a1b8fcddabaec128ac35c74360a09d3a4f1fd
143,8.6,0.02494,0xd6b329e0df0934fd0bb3bb305ab539bef1432721,2017-10-23T09:09:48.000Z,0.0029,0xb417fc8781bfd509b91c6360493535512b133481,buy,0xcedbf324a1eb1affe53ab7b7ef0103e070e3853f,0x4ce525074d8fa559a4083f80513eedda2ec15af2c2e8168d174b6ae961ca4dca
144,10,0.03,0xd6b329e0df0934fd0bb3bb305ab539bef1432721,2017-10-23T09:09:48.000Z,0.003,0x30a619640f6019ac143a142b9ff71b0cd3bc864a,buy,0xcedbf324a1eb1affe53ab7b7ef0103e070e3853f,0xc794909a1fdbbe5ad1d0e7c783ded29ac0fdf17c51d42d55a320eaa8a4d8845a
145,10,0.024,0xd6b329e0df0934fd0bb3bb305ab539bef1432721,2017-10-23T09:09:31.000Z,0.0024,0xeb62f866b27ae872c0726b4477d7eea86de4e4f2,buy,0xcedbf324a1eb1affe53ab7b7ef0103e070e3853f,0xe573b369c80f264c2eb39ddc4c305952d1d4d29ae549cdc54f73ed88aad54442
146,10,0.023,0xd6b329e0df0934fd0bb3bb305ab539bef1432721,2017-10-23T09:09:31.000Z,0.0023,0x680ea6597186219e9abfa407e1293d0635966847,buy,0xcedbf324a1eb1affe53ab7b7ef0103e070e3853f,0x261b349895314938241e6002a2083294f80bf51775f94f99e3e6c1732a59dc75
147,10,0.0219,0xd6b329e0df0934fd0bb3bb305ab539bef1432721,2017-10-23T09:07:48.000Z,0.00219,0xd6b329e0df0934fd0bb3bb305ab539bef1432721,buy,0xcedbf324a1eb1affe53ab7b7ef0103e070e3853f,0xeed1037b1fdd1dd5615916f968c6a47197877cde89869fc11ae053a8a0c2605f
148,10,0.02299999,0xd6b329e0df0934fd0bb3bb305ab539bef1432721,2017-10-23T09:07:48.000Z,0.002299999,0xd17e01f38f53060a7c09e94bccf87f7040acfc7d,buy,0xcedbf324a1eb1affe53ab7b7ef0103e070e3853f,0xf9c004318d6aa047cd6fd92fb9bc4db4fc8a15a56f50732db635218533b9a9c2
149,10,0.021,0xd6b329e0df0934fd0bb3bb305ab539bef1432721,2017-10-23T09:07:17.000Z,0.0021,0xd6b329e0df0934fd0bb3bb305ab539bef1432721,buy,0xcedbf324a1eb1affe53ab7b7ef0103e070e3853f,0x8dd6989a0ce6aa3ae2bd3c0ed64c5619e63cbbb476cd641abb080eacbc1a9eab
150,10,0.02,0xd6b329e0df0934fd0bb3bb305ab539bef1432721,2017-10-23T09:06:07.000Z,0.002,0xea407239885a632fc8f5fdc9f4ad1b044e13814c,buy,0xcedbf324a1eb1affe53ab7b7ef0103e070e3853f,0xa01a66636ed71c1ffb7b6db2b55f2cf9a8b8b0566840ce71b44930f4399b350d
151,10,0.019,0xd6b329e0df0934fd0bb3bb305ab539bef1432721,2017-10-23T09:06:07.000Z,0.0019,0xd6b329e0df0934fd0bb3bb305ab539bef1432721,buy,0xcedbf324a1eb1affe53ab7b7ef0103e070e3853f,0xab7eb90fc2433b966391329dfc46b47494c9413a2d5fcc578ceb5fc629b376a7
152,0.0009938287,0.00000168950879,0xd6b329e0df0934fd0bb3bb305ab539bef1432721,2017-10-23T08:43:59.000Z,0.0017,0xfbc52d77d786b3b9c40ebdeacd7139dcb77f655f,sell,0xcedbf324a1eb1affe53ab7b7ef0103e070e3853f,0x15b7e9cf15267e98d4c1d4d3cb3e3f27ed1ba04cf65e138ef9cfec04e8978f95
153,9.969095803,0.0169474628651,0xd6b329e0df0934fd0bb3bb305ab539bef1432721,2017-10-23T08:06:32.000Z,0.0017,0x39ec3d6a883e0a8f20aea25947857aea1442ff85,sell,0xcedbf324a1eb1affe53ab7b7ef0103e070e3853f,0xf9342b667b11e3adaa6f3a2a7110d1f6205a26bda1a38ee0dd8f7d083022dcba
154,9.969095803,0.0169474628651,0xd6b329e0df0934fd0bb3bb305ab539bef1432721,2017-10-23T07:40:56.000Z,0.0017,0xfbc52d77d786b3b9c40ebdeacd7139dcb77f655f,sell,0xcedbf324a1eb1affe53ab7b7ef0103e070e3853f,0x40429ca029578d105b7e44b7ccc986ccbd1168e30bd8391a6f4bc500606a3847
155,9.969095803,0.0169474628651,0xd6b329e0df0934fd0bb3bb305ab539bef1432721,2017-10-23T07:22:37.000Z,0.0017,0xdf4c871f368850b83977a14292c28c4e415a9cfe,sell,0xcedbf324a1eb1affe53ab7b7ef0103e070e3853f,0xf22c313e920ad5570136886635ddeb32d3b423b6675b145e447b0f3c3efff739
156,8.9422789353,0.01520187419001,0xd6b329e0df0934fd0bb3bb305ab539bef1432721,2017-10-23T06:57:48.000Z,0.0017,0x4dca30bcc9c9db4408141cd67b1515e689f546d8,sell,0xcedbf324a1eb1affe53ab7b7ef0103e070e3853f,0x77c5ae4af8450b39d9fe4e6651091a7a213d5566a1b8a40a6636acb95e1e112f
157,1,0.003,0x3ac636ac5c3a2576156ac5f10066ca68abe0ad54,2017-10-23T06:25:00.000Z,0.003,0x4dca30bcc9c9db4408141cd67b1515e689f546d8,buy,0xcedbf324a1eb1affe53ab7b7ef0103e070e3853f,0x70ea88de28042cb0a7f2ac2b413fa51c60aff6786e1b8473700b755e4116fb48
158,9.969095803,0.0149536437045,0xf1695582c702dd963a9abb90f1591d5bdfc22476,2017-10-23T06:24:37.000Z,0.0015,0x6821b62f2a11b20fa3697d056844c83658184a8b,sell,0xcedbf324a1eb1affe53ab7b7ef0103e070e3853f,0x1ee19b575362f134a4cf835debb994090852bac88431aa527ad6c568c1c59c76
159,10,0.017,0xd6b329e0df0934fd0bb3bb305ab539bef1432721,2017-10-23T06:06:00.000Z,0.0017,0x4dca30bcc9c9db4408141cd67b1515e689f546d8,sell,0xcedbf324a1eb1affe53ab7b7ef0103e070e3853f,0xa82180f7535face23162700dc1493484119f81e5521284d3403f26dff40660e9
160,9.969095803,0.0169474628651,0xd6b329e0df0934fd0bb3bb305ab539bef1432721,2017-10-23T06:02:25.000Z,0.0017,0xc6757a2b8e1fcda85dbaf0ed45133de95ab8a8c5,sell,0xcedbf324a1eb1affe53ab7b7ef0103e070e3853f,0x0c4bf49adcdc0050ff2637930b32e703d94eaabfc2976c699fc34fc5d9743879
161,9.969095803,0.0169474628651,0xd6b329e0df0934fd0bb3bb305ab539bef1432721,2017-10-23T05:44:15.000Z,0.0017,0x34d4ecd77d6378ebdda1c62a38881e4587109181,sell,0xcedbf324a1eb1affe53ab7b7ef0103e070e3853f,0xf7169222f0dab8d3a453a390281a0592cca4de834867c7f19ceaa1ee9ed2ec5f
162,8.5462376632,0.01452860402744,0xd6b329e0df0934fd0bb3bb305ab539bef1432721,2017-10-23T05:20:03.000Z,0.0017,0xf24aef449d88a8a1a86cf869b14d9bdd07e40594,sell,0xcedbf324a1eb1affe53ab7b7ef0103e070e3853f,0x62fd041146e3db7bbf0024d84dd6e5cca0b2402ab9988a3fada5dcab7ac8982c
163,1.423,0.00243333,0xb417fc8781bfd509b91c6360493535512b133481,2017-10-23T05:16:33.000Z,0.00171,0xf24aef449d88a8a1a86cf869b14d9bdd07e40594,sell,0xcedbf324a1eb1affe53ab7b7ef0103e070e3853f,0x468fdcd4bda6b9b16434e6b33ec08602c3c0a16320c317011c62ddb602b7bbd1
164,9.969095803,0.01704715382313,0xb417fc8781bfd509b91c6360493535512b133481,2017-10-23T05:07:41.000Z,0.00171,0xd7a4fc2eda6a6db74cdca7278329986de8bae727,sell,0xcedbf324a1eb1affe53ab7b7ef0103e070e3853f,0xb08b78147f4021f733d76ff52346026c54aee1cfa6640ca30b6600fbc51c4fd0
165,8.607423169,0.01471869361899,0xb417fc8781bfd509b91c6360493535512b133481,2017-10-23T04:38:54.000Z,0.00171,0xb2821dd85b91c955f2a909b1c1e9fbf8706d7647,sell,0xcedbf324a1eb1affe53ab7b7ef0103e070e3853f,0x14370614452980e8808d9d44595dc8108ac95d893115a16309ac4c12cf1a66d5
166,1.361808394,0.00232869235374,0x94d845ee4a1f5c86b6194e37bc3f9956234fa206,2017-10-23T04:37:52.000Z,0.00171,0xb2821dd85b91c955f2a909b1c1e9fbf8706d7647,sell,0xcedbf324a1eb1affe53ab7b7ef0103e070e3853f,0xf2a917a3178939bd77fb25b63879bae7cc4aa97e322ea349e9e64c29d256dff3
167,10,0.022,0x717a6dcb1f178c83fe2ace641393fe1067501413,2017-10-23T02:47:50.000Z,0.0022,0xec908b51478c3c357ff26f6988adc89e490d226e,buy,0xcedbf324a1eb1affe53ab7b7ef0103e070e3853f,0x7d0bfd7b0d5d2a8e86a23ed62749b44ba18c61936e3cc8de4b512ef4fa9fa3ec
168,10,0.02149999,0x717a6dcb1f178c83fe2ace641393fe1067501413,2017-10-23T01:51:35.000Z,0.002149999,0xc5109372d36dbdad773c8a6c182b76a48ba01e14,buy,0xcedbf324a1eb1affe53ab7b7ef0103e070e3853f,0x9c63968af0eb15a37b44a7c7fc55741748b60b2eceb1ac38a7203bf45b7cfd5c
169,9.969095803,0.0169474628651,0xd6b329e0df0934fd0bb3bb305ab539bef1432721,2017-10-23T01:47:03.000Z,0.0017,0xbe3ad56c09b8fa187b5b74c0ac0275b53ad535de,sell,0xcedbf324a1eb1affe53ab7b7ef0103e070e3853f,0x716c3b778b386f609a213f85a4dc4ff47ec8077664b1153c49443bab633f6c1e
170,9.969095803,0.0169474628651,0xd6b329e0df0934fd0bb3bb305ab539bef1432721,2017-10-23T01:23:19.000Z,0.0017,0x63ba2a12bbf12def95b39aadf5aa178ffbd8fe96,sell,0xcedbf324a1eb1affe53ab7b7ef0103e070e3853f,0x06668668962cdea49f61589a7e1c15f87cb982a64e029a064da3b40ed0f485f6
171,9.7,0.016587,0x94d845ee4a1f5c86b6194e37bc3f9956234fa206,2017-10-23T01:08:28.000Z,0.00171,0xc8cd137d8ad0646de03b86316bcf5ecca9e9b401,sell,0xcedbf324a1eb1affe53ab7b7ef0103e070e3853f,0xb50a718afd3ec22364a525742ee141e84c7161d3bb7e1a0659335137df0f268c
172,9.969095803,0.01704715382313,0x94d845ee4a1f5c86b6194e37bc3f9956234fa206,2017-10-23T00:30:30.000Z,0.00171,0xfe3cedf616d740778a8f5af6baaea047168ee1a3,sell,0xcedbf324a1eb1affe53ab7b7ef0103e070e3853f,0x05a95acb440da4417c2c122acb8f569ad2274e5eeeec68f2e646c3c3c5270fa7
173,10,0.0171,0x94d845ee4a1f5c86b6194e37bc3f9956234fa206,2017-10-23T00:13:51.000Z,0.00171,0xdb4967fc1e6378b92e3fd178aa057dbe5745aa8c,buy,0xcedbf324a1eb1affe53ab7b7ef0103e070e3853f,0x49f531f0a60c4048655bbb3a565dbcb5b19a75e019040fe6965f4e333f0975c0
174,9.969095803,0.01704715382313,0x94d845ee4a1f5c86b6194e37bc3f9956234fa206,2017-10-23T00:08:48.000Z,0.00171,0x986fe610f50475350aecd06783f9d4ce581bf947,sell,0xcedbf324a1eb1affe53ab7b7ef0103e070e3853f,0xd0a1a0fdb55011da3c4236eca3c2ec4e26762b15e5a27dbd235adcc84ee4299d
175,9.969095803,0.01704715382313,0x94d845ee4a1f5c86b6194e37bc3f9956234fa206,2017-10-22T21:36:29.000Z,0.00171,0xbb98132ef2aae915cb5c09a7456a77890bafac84,sell,0xcedbf324a1eb1affe53ab7b7ef0103e070e3853f,0x378686d0ec0120c6fcd919e37fdf2b595273d5eb0245bd65b4af84a4436be836
176,10,0.05,0xd6b329e0df0934fd0bb3bb305ab539bef1432721,2017-10-22T20:33:29.000Z,0.005,0xc8f27c96c7e8d1a1a09bbc8f1988b4cff10898cb,buy,0xcedbf324a1eb1affe53ab7b7ef0103e070e3853f,0xa6c0f0508f345da4003f7dbef864070ec4362f7dc1652737f6e8cbf3cb2cccfa
177,10,0.04999999,0xd6b329e0df0934fd0bb3bb305ab539bef1432721,2017-10-22T20:31:52.000Z,0.004999999,0x20725700fd3a547af49ecfb787fbc7fa94a63a9c,buy,0xcedbf324a1eb1affe53ab7b7ef0103e070e3853f,0xb4699f18f6b64d3dfae3ee0b88a80aa9f1a3b51a24c5717f6e1ff214827d60e5
178,10,0.04999996,0xd6b329e0df0934fd0bb3bb305ab539bef1432721,2017-10-22T20:31:52.000Z,0.004999996,0xdbf78e14858f193c8f4b5562739ede6d9c379ccd,buy,0xcedbf324a1eb1affe53ab7b7ef0103e070e3853f,0xd1b94339ca63facbe49dc339c249ee98a7baea26dafa037d5c67e0918a76780b
