,amount,amountBase,buyer,date,price,seller,side,tokenAddr,txHash
0,2400,0.7197456,0x92dfc5dbdad52902ad32c8b10c34eb93e1e80e90,2017-11-02T13:53:29.000Z,0.000299894,0x1b128e5962c0fa231328bfcecd7f5d3d72e295ae,buy,0xcb97e65f07da24d46bcdd078ebebd7c6e6e3d750,0x978197cf434a2928b61f692b081fcbc5cde6c122c51a892dd888f7a01c8ccc42
1,600,0.17568,0x3f441403c9f9f93b13711db4d4a2e4eed9ada767,2017-11-02T13:41:10.000Z,0.0002928,0x0e0df4708975224b8b77a702ad88528c0eb6e9d6,buy,0xcb97e65f07da24d46bcdd078ebebd7c6e6e3d750,0xc3df0bafcc6089e11d11dc8c65b09fd4a7a33b868e6d3cb8882d146f6b56b023
2,2936,0.8593672,0x3f441403c9f9f93b13711db4d4a2e4eed9ada767,2017-11-02T13:40:47.000Z,0.0002927,0x63a78fa4abdbc36db8149aa87786df584b1261da,buy,0xcb97e65f07da24d46bcdd078ebebd7c6e6e3d750,0xcb33d6fbdb2574d43f370adb7641f853c3b08ed0e6f01c0ace0ff7ea78ac8d37
3,3000,0.864,0x3f441403c9f9f93b13711db4d4a2e4eed9ada767,2017-11-02T13:38:50.000Z,0.000288,0x63a78fa4abdbc36db8149aa87786df584b1261da,buy,0xcb97e65f07da24d46bcdd078ebebd7c6e6e3d750,0xe7856d1fb76759c1092bba8cfc7e3f33d575e982e1349792d6c8dc2dcc8e44b2
4,3496.537,1.0097998856,0x3f441403c9f9f93b13711db4d4a2e4eed9ada767,2017-11-02T13:38:50.000Z,0.0002888,0x0071bb9541b18bbb3eb743e67fdc40b3a36c49b2,buy,0xcb97e65f07da24d46bcdd078ebebd7c6e6e3d750,0xd89953c8141a8fd60b2c9b69f4a07db73bf51a8d98574ec1022d167588d2eda7
5,1389,0.3771135,0xff27e61ae411b1085f671a6a0e10d18c103884b7,2017-11-02T09:21:34.000Z,0.0002715,0x0337a1cf9ef46ee061a38f2714f50ae76e4d9491,buy,0xcb97e65f07da24d46bcdd078ebebd7c6e6e3d750,0xdf355a8fed7ab62e9eab2fab7a7bdfb6a68ed2d1f7bb4cf6c76742fb0bcbc293
6,1.73130193,0.0005,0x4fda9e6bcd83af6c5cc771b5d20accc2b7720074,2017-11-02T08:13:23.000Z,0.0002888000015110016,0x0071bb9541b18bbb3eb743e67fdc40b3a36c49b2,buy,0xcb97e65f07da24d46bcdd078ebebd7c6e6e3d750,0x6e6f70fd568d7e2e5ebcafca56633a7898c5e3711e8e3ac605459a768627dfef
7,1.73130193,0.0005,0x3075f7f189912f4f425dd7021b9c396434197477,2017-11-02T08:10:34.000Z,0.0002888000015110016,0x0071bb9541b18bbb3eb743e67fdc40b3a36c49b2,buy,0xcb97e65f07da24d46bcdd078ebebd7c6e6e3d750,0x32e825831120415b1b04dc9f9647e315430c7af9bf10edd1299d0805a0b90c3d
8,18281.02480909,4.955985825744299,0x92dfc5dbdad52902ad32c8b10c34eb93e1e80e90,2017-11-02T06:31:46.000Z,0.0002711,0xdef0083fea701af025c19bdf0d328d5a44eac384,sell,0xcb97e65f07da24d46bcdd078ebebd7c6e6e3d750,0x9fca38b629587f1d59b76b9f7b43baf77acf0f4c73bc963241ef7c5222ba6c6d
9,1655.338,0.4495898008,0xa27db55c35a60581da04eccad92c94cebf586673,2017-11-02T06:31:15.000Z,0.0002716,0xdef0083fea701af025c19bdf0d328d5a44eac384,sell,0xcb97e65f07da24d46bcdd078ebebd7c6e6e3d750,0x2ee3132f14fdd587ce5a679bdc4d84acb8e94f3288d45ad80762d0570ed89ace
10,2044.66154919,0.555330076760004,0xa27db55c35a60581da04eccad92c94cebf586673,2017-11-02T06:16:32.000Z,0.0002716,0x2aabd901349e260aac247ce983394fea94402594,sell,0xcb97e65f07da24d46bcdd078ebebd7c6e6e3d750,0x9860baeaefb45b9a0b82e36d04edb954f2b7e694c02f8d8b523e51b3d65656d3
11,1115.217,0.302223807,0x5655963e6ce26df19cc2f251a813eb0e24a05fed,2017-11-02T00:16:55.000Z,0.000271,0x1b128e5962c0fa231328bfcecd7f5d3d72e295ae,sell,0xcb97e65f07da24d46bcdd078ebebd7c6e6e3d750,0x52b6a7a15f338b8b9491e89497c281d2e2705779ac75fd06226e1fbf5299d5e8
12,1484.782677,0.402376105467,0x5655963e6ce26df19cc2f251a813eb0e24a05fed,2017-11-01T23:57:25.000Z,0.000271,0x3c0ae39120c0535e11e4ee7b6849264e9a65406f,sell,0xcb97e65f07da24d46bcdd078ebebd7c6e6e3d750,0x5ffa51bee6b581cfdcc719a13582b7beee61bc69922b2f32595cbf30943fd820
13,7950.19466636,2.1466320618638637,0x25cb0ecbc7f8b7844531df9d137dcb594080a311,2017-11-01T23:54:00.000Z,0.00027001,0x3c0ae39120c0535e11e4ee7b6849264e9a65406f,sell,0xcb97e65f07da24d46bcdd078ebebd7c6e6e3d750,0xfb4fa0f1d505db34f15112405f694bbf3e41fff1c8cf7059d92d4530f771a939
14,4000,1.084084,0x1c193da9cfbe7e289bce3eb86a0f61917bc3b02f,2017-11-01T23:53:28.000Z,0.000271021,0x3c0ae39120c0535e11e4ee7b6849264e9a65406f,sell,0xcb97e65f07da24d46bcdd078ebebd7c6e6e3d750,0xfb9dc93b60d6bdd09181865a0f3a19e769cd178997a4784af62d482beba7b104
15,549.98105871,0.1485058854728742,0x5655963e6ce26df19cc2f251a813eb0e24a05fed,2017-11-01T21:55:21.000Z,0.00027002,0x6896c3e49a2ff559b270f85928b3584fd3725356,sell,0xcb97e65f07da24d46bcdd078ebebd7c6e6e3d750,0x30aaa6a1e64c2c4f87489bffa5ca7e8614be32ace9d928659c4967353536f2e6
16,4438,1.1987038,0x71f9ccad43cfc48af4700d981ab9265944a17691,2017-11-01T21:53:41.000Z,0.0002701,0x6896c3e49a2ff559b270f85928b3584fd3725356,sell,0xcb97e65f07da24d46bcdd078ebebd7c6e6e3d750,0xb32303e09397aa73230de18fc90a75a8d55704ca14883c9ea420e72828aca943
17,3988.77838878,1.1686881352429113,0x5d808fa57f6b2071a704877f178847d5f0381e6c,2017-11-01T09:19:23.000Z,0.0002929940000001765,0x1b128e5962c0fa231328bfcecd7f5d3d72e295ae,buy,0xcb97e65f07da24d46bcdd078ebebd7c6e6e3d750,0xb9adcc96db80192be38c777a7e1918f12fb35d8168139bbd6c26ce1cf76c5f84
18,3000,0.87,0x5d808fa57f6b2071a704877f178847d5f0381e6c,2017-11-01T09:17:16.000Z,0.00029,0x3c0ae39120c0535e11e4ee7b6849264e9a65406f,buy,0xcb97e65f07da24d46bcdd078ebebd7c6e6e3d750,0xadb5ac21e88eeeea69d58b693186cb2161e3bc7242c7e1742238b4c13d16fde7
19,2167,0.626263,0x5d808fa57f6b2071a704877f178847d5f0381e6c,2017-11-01T09:15:40.000Z,0.000289,0xd63f3945dde8dc7198588c2918cd7ead8a6e9211,buy,0xcb97e65f07da24d46bcdd078ebebd7c6e6e3d750,0x5605dbea0e2bfae12f8ce3c8cdad9f295ea23062d056e6a411f26e4e40a5d6e0
20,1744.682,0.504115395808,0x5d808fa57f6b2071a704877f178847d5f0381e6c,2017-11-01T09:14:34.000Z,0.000288944,0x1b128e5962c0fa231328bfcecd7f5d3d72e295ae,buy,0xcb97e65f07da24d46bcdd078ebebd7c6e6e3d750,0xad2aa4374f40303a704fc022b6356dac37a16312070b566296e888f2d3df9ae5
21,2872.74090417,0.827349380401208,0x5d808fa57f6b2071a704877f178847d5f0381e6c,2017-11-01T09:12:41.000Z,0.0002880000000000863,0x3c0ae39120c0535e11e4ee7b6849264e9a65406f,buy,0xcb97e65f07da24d46bcdd078ebebd7c6e6e3d750,0xd36a547d536cdd16727db8897faf5a922cea54ab27f3b550890f5dc3f1eaaf64
22,53.78616289,0.0145222639803,0x5655963e6ce26df19cc2f251a813eb0e24a05fed,2017-11-01T08:05:00.000Z,0.00027,0xaf6255aa8d66d48468b97142054c09e2c30beeb1,sell,0xcb97e65f07da24d46bcdd078ebebd7c6e6e3d750,0xcb388eb2a67b8fade98a5f91681c8d707a212e5cd6cd6b4919672b3e6f465b92
23,1127.25909582,0.324650619598792,0x6697059c1858fd4ae95002d8724ba7807f7ef98c,2017-11-01T06:59:54.000Z,0.0002880000000023349,0x3c0ae39120c0535e11e4ee7b6849264e9a65406f,buy,0xcb97e65f07da24d46bcdd078ebebd7c6e6e3d750,0x7783bfee7d45e30be9cef1e52f2918fe822827825cb749e1da4465516811000d
24,1100,0.3168,0x6697059c1858fd4ae95002d8724ba7807f7ef98c,2017-11-01T05:53:52.000Z,0.000288,0xfbf7dc0756a9768d0c71aea5f8421f3b1eaee7d1,buy,0xcb97e65f07da24d46bcdd078ebebd7c6e6e3d750,0x8160e8059a79d05cf017b788fb3404f13432d540522b431375a4106616a863ac
25,1000,0.288,0x6697059c1858fd4ae95002d8724ba7807f7ef98c,2017-11-01T05:52:44.000Z,0.000288,0x3c0ae39120c0535e11e4ee7b6849264e9a65406f,buy,0xcb97e65f07da24d46bcdd078ebebd7c6e6e3d750,0x6de572c4734f7ac9641a1f289cca722ded84e60c27c55e90a599a6073f5ec793
26,4500,1.19385,0x22a7036b3cc0356c43387a364bbbe4670762ffdc,2017-11-01T05:24:40.000Z,0.0002653,0x3c0ae39120c0535e11e4ee7b6849264e9a65406f,sell,0xcb97e65f07da24d46bcdd078ebebd7c6e6e3d750,0x8426bf44e53dc2d8d00ed42afb52483b8ee90551bf27fca9aebc7eb1d9a0cf9e
27,8740,2.2813148,0xe519e4b2d12035ff0939e5445b72d0ddc1548aa5,2017-11-01T00:06:47.000Z,0.00026102,0x56fa364f649bc9fea1b54429ecc9f44d1a8ada4b,sell,0xcb97e65f07da24d46bcdd078ebebd7c6e6e3d750,0x98d917bdfbe1ff0e69c070dbe415272648e7046c7f448281bdc880f80943f5ab
28,3900,1.1232,0x25cb0ecbc7f8b7844531df9d137dcb594080a311,2017-10-31T19:44:34.000Z,0.000288,0xfbf7dc0756a9768d0c71aea5f8421f3b1eaee7d1,buy,0xcb97e65f07da24d46bcdd078ebebd7c6e6e3d750,0x83e9e0f1a8c32a33caac54fd7e2c27db2a4016eab213496338e557581f60a40d
29,3000,0.7845,0xfbf7dc0756a9768d0c71aea5f8421f3b1eaee7d1,2017-10-31T14:17:05.000Z,0.0002615,0x01c05bf83d6fa609939821ab2b2d9267bd2f2273,sell,0xcb97e65f07da24d46bcdd078ebebd7c6e6e3d750,0xeb5c419b9f4b20d570a8ac625c456b19269d1f9b303444b85c66b00bba680481
30,2000,0.523,0xfbf7dc0756a9768d0c71aea5f8421f3b1eaee7d1,2017-10-31T14:15:00.000Z,0.0002615,0x01c05bf83d6fa609939821ab2b2d9267bd2f2273,sell,0xcb97e65f07da24d46bcdd078ebebd7c6e6e3d750,0x01952e5758f4c4d31732719c5f025094b3331d892bfcdc022378ec768a37f427
31,601.60552646,0.16724633635729239,0x6697059c1858fd4ae95002d8724ba7807f7ef98c,2017-10-31T11:48:18.000Z,0.0002780000000023477,0x3c0ae39120c0535e11e4ee7b6849264e9a65406f,buy,0xcb97e65f07da24d46bcdd078ebebd7c6e6e3d750,0xfec6dfd1af6d6268400e7ab6ecc54a703072ff1281296f0d8a6bd03d0ce8ad32
32,398.39447353,0.11075366364270761,0x3aa665ed30e5d92a895ceeac0bffac5efb3dbc34,2017-10-31T11:47:06.000Z,0.0002780000000034328,0x3c0ae39120c0535e11e4ee7b6849264e9a65406f,buy,0xcb97e65f07da24d46bcdd078ebebd7c6e6e3d750,0x7417121a855c2d7eb16139b7e5d2e0521df2ab25c1e84783c1086072533d6284
33,4999.09297379,1.3847487537412806,0x3aa665ed30e5d92a895ceeac0bffac5efb3dbc34,2017-10-31T11:45:12.000Z,0.00027700000000029014,0xfbf7dc0756a9768d0c71aea5f8421f3b1eaee7d1,buy,0xcb97e65f07da24d46bcdd078ebebd7c6e6e3d750,0xac6020ba9823309b8cb2c02228fdaf8784ec9755bb47e9d17d8b0e84edce68d6
34,0.00009041,0.000000025044483526,0x3aa665ed30e5d92a895ceeac0bffac5efb3dbc34,2017-10-31T11:43:23.000Z,0.00027701010425837847,0xfbf7dc0756a9768d0c71aea5f8421f3b1eaee7d1,buy,0xcb97e65f07da24d46bcdd078ebebd7c6e6e3d750,0x0a9addc9326edb1deb2399590af9cf3afb57143ccd311232b6262e6097d04de8
35,0.90693579,0.000251221214235868,0x3aa665ed30e5d92a895ceeac0bffac5efb3dbc34,2017-10-31T11:42:06.000Z,0.0002770000004475157,0xfbf7dc0756a9768d0c71aea5f8421f3b1eaee7d1,buy,0xcb97e65f07da24d46bcdd078ebebd7c6e6e3d750,0x9c7914732f2438de5abdca891efe72301d835f995bf14a3d59cc129ebc82f9ea
36,10000,2.5,0x3849abe6e51232114e18d2ac76955bd14fd9c645,2017-10-31T08:30:42.000Z,0.00025,0x3c0ae39120c0535e11e4ee7b6849264e9a65406f,sell,0xcb97e65f07da24d46bcdd078ebebd7c6e6e3d750,0x0fad1e0432e4a6c42d860bfef7996ad36729c98b3e131afd645caaa25ec6b26d
37,10000,2.5,0x3849abe6e51232114e18d2ac76955bd14fd9c645,2017-10-31T08:30:19.000Z,0.00025,0x3c0ae39120c0535e11e4ee7b6849264e9a65406f,sell,0xcb97e65f07da24d46bcdd078ebebd7c6e6e3d750,0x0fad1e0432e4a6c42d860bfef7996ad36729c98b3e131afd645caaa25ec6b26d
38,37018.93075363,8.55137300408853,0x3c0ae39120c0535e11e4ee7b6849264e9a65406f,2017-10-31T07:42:45.000Z,0.000231,0x958e29d7a438391b2d1c4fad8101f7c80a9dc795,sell,0xcb97e65f07da24d46bcdd078ebebd7c6e6e3d750,0xf87f53d96b9de1254f15076cbc88b92c4180d234361ae6864fc15dfe100975af
39,6800,1.5912,0xf0ddad1698eff75a3224765123bacde150fd825b,2017-10-31T07:41:41.000Z,0.000234,0x958e29d7a438391b2d1c4fad8101f7c80a9dc795,sell,0xcb97e65f07da24d46bcdd078ebebd7c6e6e3d750,0x982ae1575dca75c8966d5bb56f7eb5c985fd1cd3e6b0b48bb77a2a055d12cc44
40,1607.0786843,0.432111316634584,0x3849abe6e51232114e18d2ac76955bd14fd9c645,2017-10-31T07:41:31.000Z,0.00026888,0x958e29d7a438391b2d1c4fad8101f7c80a9dc795,sell,0xcb97e65f07da24d46bcdd078ebebd7c6e6e3d750,0x91445b195dc89ee95ac9a5ffd199e193799bb82b47979ea66fd2c680da3b2107
41,3000,0.807,0x08dc4e5f2bb82623a8e7b5f00c00c87d5ba21bce,2017-10-31T07:41:31.000Z,0.000269,0x958e29d7a438391b2d1c4fad8101f7c80a9dc795,sell,0xcb97e65f07da24d46bcdd078ebebd7c6e6e3d750,0x13ff9ffff4ed6ce131c9eb9ec63ddb30ed8c23d2351b596420f6d9d9bb40bbd1
42,7406,1.999627406,0xe519e4b2d12035ff0939e5445b72d0ddc1548aa5,2017-10-31T07:41:31.000Z,0.000270001,0x958e29d7a438391b2d1c4fad8101f7c80a9dc795,sell,0xcb97e65f07da24d46bcdd078ebebd7c6e6e3d750,0x96f4b6d4e634fbeb88fbcea2319ae3006ff3fb356d4eff934845c650c4ac3300
43,5000,1.18,0xfbf7dc0756a9768d0c71aea5f8421f3b1eaee7d1,2017-10-31T07:41:31.000Z,0.000236,0x958e29d7a438391b2d1c4fad8101f7c80a9dc795,sell,0xcb97e65f07da24d46bcdd078ebebd7c6e6e3d750,0x8b8eb79e3e65ee09c493f1b1b79b687392ca8cb59a5b87c11e600bac3a7d330a
44,4000,1.0804,0x583b640795999aa2bb22c1a62a91336ff9d325bb,2017-10-31T07:41:31.000Z,0.0002701,0x958e29d7a438391b2d1c4fad8101f7c80a9dc795,sell,0xcb97e65f07da24d46bcdd078ebebd7c6e6e3d750,0xb5a57db8f9608e68685675968383d7ac37e0f456b557cd4848fe67eadee5a6a8
45,3115.97544758,0.8378234783453103,0x3849abe6e51232114e18d2ac76955bd14fd9c645,2017-10-31T05:23:25.000Z,0.00026888,0x6bc9113907e6f2043755c54b4150ad9b13d36cef,sell,0xcb97e65f07da24d46bcdd078ebebd7c6e6e3d750,0x87ec9b6dd9885bb38d6eff76bd39643af730e4ff4c05991e4a1be851640d91a4
46,3115.97544758,0.8378234783453103,0x3849abe6e51232114e18d2ac76955bd14fd9c645,2017-10-31T05:23:21.000Z,0.00026888,0x6bc9113907e6f2043755c54b4150ad9b13d36cef,sell,0xcb97e65f07da24d46bcdd078ebebd7c6e6e3d750,0x87ec9b6dd9885bb38d6eff76bd39643af730e4ff4c05991e4a1be851640d91a4
47,1.73,0.0004651624,0x3849abe6e51232114e18d2ac76955bd14fd9c645,2017-10-31T04:01:36.000Z,0.00026888,0xe444a40689f51f63bcd29910622035707d533d29,sell,0xcb97e65f07da24d46bcdd078ebebd7c6e6e3d750,0xf5f48f0b524f1f3860d3b509d1297c438082aafe6c9090238c377b3c20bc5a66
48,0.001,0.000000328888,0x0c4085d8e714ca77ac5f46cd2b80a92d238a7cd3,2017-10-31T00:32:53.000Z,0.000328888,0x8793d91b97207e8fd52cc982e7de1c0cf1800b16,buy,0xcb97e65f07da24d46bcdd078ebebd7c6e6e3d750,0x99f465103a980c1ce1ff4d8adf3b127ed371ae14c2746747fc88ddbb579b94d2
49,42.34359142,0.0084695651558284,0x38cde1ef8b525264ac033d40ca97343eccdf3a70,2017-10-30T23:26:32.000Z,0.00020002,0xdbc6228a8e7b0525edeaa32a81a10a6bb699132f,sell,0xcb97e65f07da24d46bcdd078ebebd7c6e6e3d750,0x38eccca6350eb70d7c0e1132fa64b1e0adc6eb43778df26e4c5e97799dd60187
50,2999.983,0.599999599983,0xf0d1ec207732b2717170ed007265436e53358904,2017-10-30T23:26:32.000Z,0.000200001,0xdbc6228a8e7b0525edeaa32a81a10a6bb699132f,sell,0xcb97e65f07da24d46bcdd078ebebd7c6e6e3d750,0xdeab7fc545b305da242f5b0693627bf6709bd9958a8c0404672b3b0bdb554201
51,628.38388799,0.1382444553578,0x0535ae8262401b8f8af043d476ba12d3c39addab,2017-10-30T23:26:32.000Z,0.00022,0xdbc6228a8e7b0525edeaa32a81a10a6bb699132f,sell,0xcb97e65f07da24d46bcdd078ebebd7c6e6e3d750,0x9385c52ac9f7984e38b3f79b5f7f016826aa66cb28545906cc9f5304801d3075
52,500,0.115,0x3d5316b25a1efe4095c2d6e5c0fd62c2d12c18ed,2017-10-30T23:26:32.000Z,0.00023,0xdbc6228a8e7b0525edeaa32a81a10a6bb699132f,sell,0xcb97e65f07da24d46bcdd078ebebd7c6e6e3d750,0xee7e31180dd0bfb0a973c7e0c2f413f97f840a06922e8dcef858cbc2719c11e6
53,275.21586812,0.0740000426201056,0x3849abe6e51232114e18d2ac76955bd14fd9c645,2017-10-30T23:24:59.000Z,0.00026888,0xdbc6228a8e7b0525edeaa32a81a10a6bb699132f,sell,0xcb97e65f07da24d46bcdd078ebebd7c6e6e3d750,0x88cc68a69ad40bb1044b85ac2da0bf158ef4fde9b5dc7e50001c836dbc744b97
54,6360.994,1.463034980994,0xa6bae6a84f7131f65891cee52ab215a277e5d482,2017-10-30T23:24:45.000Z,0.000230001,0xdbc6228a8e7b0525edeaa32a81a10a6bb699132f,sell,0xcb97e65f07da24d46bcdd078ebebd7c6e6e3d750,0xdf82edc8a54441732fa30111bfc2e348aaaa1371f5bf7dbab024921a66854a33
55,1000,0.24,0x3d5316b25a1efe4095c2d6e5c0fd62c2d12c18ed,2017-10-30T23:24:22.000Z,0.00024,0xdbc6228a8e7b0525edeaa32a81a10a6bb699132f,sell,0xcb97e65f07da24d46bcdd078ebebd7c6e6e3d750,0x5505edafc5bd818082c4d7ac0b163555c84aa9817ae0f6253045c11d52bbd46f
56,18444.69,4.262567859,0x92dfc5dbdad52902ad32c8b10c34eb93e1e80e90,2017-10-30T23:24:22.000Z,0.0002311,0xdbc6228a8e7b0525edeaa32a81a10a6bb699132f,sell,0xcb97e65f07da24d46bcdd078ebebd7c6e6e3d750,0x2131f62a27afea330da5d7b90aa82320b0054173a18f4e8b53ad6d2f21334421
57,5000,1.215,0x547269c54497404c144bfb5063ca41d51b7b5a88,2017-10-30T23:24:22.000Z,0.000243,0xdbc6228a8e7b0525edeaa32a81a10a6bb699132f,sell,0xcb97e65f07da24d46bcdd078ebebd7c6e6e3d750,0x92c2032f8c763c6f558c6ef0446cd91bfb974f30f520dd2a1bec0cafb5ad9ab8
58,566.826,0.1417065,0x9fb0296d64b4fc3e54e5b80521d880d178f107ca,2017-10-30T23:24:14.000Z,0.00025,0xdbc6228a8e7b0525edeaa32a81a10a6bb699132f,sell,0xcb97e65f07da24d46bcdd078ebebd7c6e6e3d750,0x41275178d278d439ae2f63825465aae66589ed9180331570732f1e0443939495
59,4080.62,0.9997519,0xa27db55c35a60581da04eccad92c94cebf586673,2017-10-30T23:24:14.000Z,0.000245,0xdbc6228a8e7b0525edeaa32a81a10a6bb699132f,sell,0xcb97e65f07da24d46bcdd078ebebd7c6e6e3d750,0xb8d4c5dc6ac9937daca821380b7477c33d2b838036cb3088888219e5f0f14fae
60,7000,1.778007,0x25cb0ecbc7f8b7844531df9d137dcb594080a311,2017-10-30T23:23:49.000Z,0.000254001,0xdbc6228a8e7b0525edeaa32a81a10a6bb699132f,sell,0xcb97e65f07da24d46bcdd078ebebd7c6e6e3d750,0x6016cc3d656bebd2bda41e22ab761364a843b37b438b6628b34f9e7465b20f8e
61,65,0.018265,0x6dd22a8c5cec62a7597ee180209c2c48b39173e9,2017-10-30T23:23:14.000Z,0.000281,0xdbc6228a8e7b0525edeaa32a81a10a6bb699132f,sell,0xcb97e65f07da24d46bcdd078ebebd7c6e6e3d750,0x03809755277dc345d7da69795f4ade6c6472070af68bdfe1d08cad8520878d49
62,3000,0.78,0xa2fcc08aad98b17094d8215b8d75b7b73a1337d3,2017-10-30T23:19:55.000Z,0.00026,0xdbc6228a8e7b0525edeaa32a81a10a6bb699132f,sell,0xcb97e65f07da24d46bcdd078ebebd7c6e6e3d750,0x9f84492dd873751f0f81832c6286f61ff541b32dbd49fa48eda7fd757dab3466
63,19191,4.9992555,0x6d56594d2d81675e244e508b962999f5d0d74046,2017-10-30T23:19:28.000Z,0.0002605,0xdbc6228a8e7b0525edeaa32a81a10a6bb699132f,sell,0xcb97e65f07da24d46bcdd078ebebd7c6e6e3d750,0x22754faa38b82e9eaaf4fc151ff261aa285679e9770ea958022ce67b2b2445ae
64,15000,3.84,0xdd39068cdda8971a93179f28ecfafdcc15e77b7a,2017-10-30T23:19:28.000Z,0.000256,0xdbc6228a8e7b0525edeaa32a81a10a6bb699132f,sell,0xcb97e65f07da24d46bcdd078ebebd7c6e6e3d750,0x372d194f28200b068149d7332b5b27353340b0102c6bb8628c34a9df66a5443b
65,10113.815,2.63474994565,0x583b640795999aa2bb22c1a62a91336ff9d325bb,2017-10-30T23:18:18.000Z,0.00026051,0xdbc6228a8e7b0525edeaa32a81a10a6bb699132f,sell,0xcb97e65f07da24d46bcdd078ebebd7c6e6e3d750,0x8691a8439f362b4ad61e8910b0159641fdfd12681c3f3cd30bd795e896707ee1
66,4000,1.046,0x547269c54497404c144bfb5063ca41d51b7b5a88,2017-10-30T23:16:23.000Z,0.0002615,0xdbc6228a8e7b0525edeaa32a81a10a6bb699132f,sell,0xcb97e65f07da24d46bcdd078ebebd7c6e6e3d750,0xb56217af59e7f02d4a7f1d77c5bc3b2d7799c5045fd8d8f9071b2783b6a6e575
67,1000,0.26052,0x5a86ebf9a0e6f8181ed5143557f7b8ba89957fcc,2017-10-30T23:16:23.000Z,0.00026052,0xdbc6228a8e7b0525edeaa32a81a10a6bb699132f,sell,0xcb97e65f07da24d46bcdd078ebebd7c6e6e3d750,0xe241b35e640486f3ef4eacd4094ee99df7a6523235d8c41d1ebd84bea73755e8
68,4000,1.04604,0x905e0578d5316b3597d3210b913e6f6309168272,2017-10-30T23:16:23.000Z,0.00026151,0xdbc6228a8e7b0525edeaa32a81a10a6bb699132f,sell,0xcb97e65f07da24d46bcdd078ebebd7c6e6e3d750,0xcf7a7c7a5f3d02bed17fe89ebd017d930da6f296b4bf3e905bfa9b3148542a64
69,12000,3.24,0x583b640795999aa2bb22c1a62a91336ff9d325bb,2017-10-30T23:16:04.000Z,0.00027,0xdbc6228a8e7b0525edeaa32a81a10a6bb699132f,sell,0xcb97e65f07da24d46bcdd078ebebd7c6e6e3d750,0x42ca42d6eef1cd180518b478e62c7ab1f380e7fb076ba110be5f794064bd3952
70,10000,2.71,0xabfe744984c759d9b711f9bae32d323b37eec27a,2017-10-30T23:15:47.000Z,0.000271,0xdbc6228a8e7b0525edeaa32a81a10a6bb699132f,sell,0xcb97e65f07da24d46bcdd078ebebd7c6e6e3d750,0x2f0b73fdce52b99719c1347f5cf31d4a78d7854a30a92db8de8e5949ba01d5b9
71,2001,0.564282,0x0c258e0b2b9be3d980d1dd09bb25ddb303101142,2017-10-30T23:15:44.000Z,0.000282,0xdbc6228a8e7b0525edeaa32a81a10a6bb699132f,sell,0xcb97e65f07da24d46bcdd078ebebd7c6e6e3d750,0x6d2fd2dc441ba615e1e6333ce26d07bd8c4c4cc690362e923d595cceaab4e506
72,2206.074,0.622115074074,0x25cb0ecbc7f8b7844531df9d137dcb594080a311,2017-10-30T23:15:44.000Z,0.000282001,0xdbc6228a8e7b0525edeaa32a81a10a6bb699132f,sell,0xcb97e65f07da24d46bcdd078ebebd7c6e6e3d750,0x4405bb39d64a89afb8fc234f6e601ac6e359ee5970b912054161cf47338e2cb6
73,793.92563054,0.22388782173791055,0x25cb0ecbc7f8b7844531df9d137dcb594080a311,2017-10-30T21:11:35.000Z,0.000282001,0xa1719da09b61c6d1fe0b1254b7e5374904e03cc2,sell,0xcb97e65f07da24d46bcdd078ebebd7c6e6e3d750,0x76970f496ddf5b6abc7f6650909395aba443d6712b1167d58c7602a251f71d93
74,3.0456533,0.002253783443715948,0xcf6986f579f4aea5491a98109089f4563052ad6d,2017-10-30T17:16:13.000Z,0.0007400000005634088,0x2005d2fa41a3e7e4ae7d2c3e131996ba3beb9e5c,buy,0xcb97e65f07da24d46bcdd078ebebd7c6e6e3d750,0x023f389d8e34a83f52927c99ec5db95e5b2f94d518cff55217fce78d39e858ab
75,8,0.00208,0x8793d91b97207e8fd52cc982e7de1c0cf1800b16,2017-10-30T16:01:04.000Z,0.00026,0xcf6986f579f4aea5491a98109089f4563052ad6d,buy,0xcb97e65f07da24d46bcdd078ebebd7c6e6e3d750,0x88accddbc2ae4827fee7155c15f885d948a1e2e38136be8430b23a452c2344ea
76,38,0.01976,0xcf6986f579f4aea5491a98109089f4563052ad6d,2017-10-30T15:54:53.000Z,0.00052,0x2005d2fa41a3e7e4ae7d2c3e131996ba3beb9e5c,buy,0xcb97e65f07da24d46bcdd078ebebd7c6e6e3d750,0xbbb769140797be109d4d9e5b55569e724bbce3a6686c3788b2e9738ffca457a2
77,1597,0.525234136,0xee300431c25447134633cc5d94b93555b92f7952,2017-10-30T15:18:45.000Z,0.000328888,0x8793d91b97207e8fd52cc982e7de1c0cf1800b16,buy,0xcb97e65f07da24d46bcdd078ebebd7c6e6e3d750,0xd7926d6d1561cf78ba18968c71919da3a699158a8630399153f77388a1757c52
78,3968.24662266,1.1111090543448,0x5a86ebf9a0e6f8181ed5143557f7b8ba89957fcc,2017-10-30T13:18:25.000Z,0.00028,0xd97c911a523c8b19beaff4b7e58eaf6d6448beeb,buy,0xcb97e65f07da24d46bcdd078ebebd7c6e6e3d750,0xc6dd3cf810074b04c124262819e53b3730fd7d7a58e89cffe7f879bea2faa180
79,10000,2.8,0x5a86ebf9a0e6f8181ed5143557f7b8ba89957fcc,2017-10-30T13:08:44.000Z,0.00028,0xd97c911a523c8b19beaff4b7e58eaf6d6448beeb,buy,0xcb97e65f07da24d46bcdd078ebebd7c6e6e3d750,0x97341d57be05ee9a669c2e53559cee7d29d3a646e1fc03c50159309ebbca1715
80,696.8530683,0.1951188591253743,0x6697059c1858fd4ae95002d8724ba7807f7ef98c,2017-10-30T09:50:42.000Z,0.00028000000000197214,0xd97c911a523c8b19beaff4b7e58eaf6d6448beeb,buy,0xcb97e65f07da24d46bcdd078ebebd7c6e6e3d750,0x91df63711dd9a72613b354115b139e41444ac28d9318bba6e3614dea6f904c94
81,6700,1.809,0x583b640795999aa2bb22c1a62a91336ff9d325bb,2017-10-30T09:17:52.000Z,0.00027,0xb127933bcd8494058cd4c3d78514a8b746e60a34,buy,0xcb97e65f07da24d46bcdd078ebebd7c6e6e3d750,0x808e39f35ecd107d7509961a03e531933976b99f55e4fd06a56c2f4ee489251e
82,1000,0.27,0x0c258e0b2b9be3d980d1dd09bb25ddb303101142,2017-10-30T07:56:08.000Z,0.00027,0xd97c911a523c8b19beaff4b7e58eaf6d6448beeb,buy,0xcb97e65f07da24d46bcdd078ebebd7c6e6e3d750,0x96cf0fa061b50a344756b536efc88196a0fbf9cc374adb5b944acde597c1daab
83,1500,0.40395,0x5a86ebf9a0e6f8181ed5143557f7b8ba89957fcc,2017-10-30T06:33:42.000Z,0.0002693,0x905e0578d5316b3597d3210b913e6f6309168272,buy,0xcb97e65f07da24d46bcdd078ebebd7c6e6e3d750,0x73127f4fa02f9aafd534a9c55e94a2128bc6c1c04ab0dfd65142b4ab8ee1bb2a
84,1000,0.2693,0x5a86ebf9a0e6f8181ed5143557f7b8ba89957fcc,2017-10-30T06:29:34.000Z,0.0002693,0x905e0578d5316b3597d3210b913e6f6309168272,buy,0xcb97e65f07da24d46bcdd078ebebd7c6e6e3d750,0x27a3f02e927b200cc9e11b87dd97f5790765d016c6cab0d35690d1e1cc517ee0
85,0.000254,0.5842,0xa2fcc08aad98b17094d8215b8d75b7b73a1337d3,2017-10-30T05:18:50.000Z,2300,0x273a5d3e6721b9f5c1a6474f560c1334c63dda01,sell,0xcb97e65f07da24d46bcdd078ebebd7c6e6e3d750,0x80f512de96575e2e26f272745e64928338361c9f871a02824a76192e37bb0a5e
86,1.587,0.00039675,0x9fb0296d64b4fc3e54e5b80521d880d178f107ca,2017-10-30T02:06:33.000Z,0.00025,0x16e5d97bbc92417e051e3b2cabfbf8ceea2acb9c,sell,0xcb97e65f07da24d46bcdd078ebebd7c6e6e3d750,0x88679570728333f745fe26b889174cfd12c82f2e7695608b898589b8a8553ec5
87,1.587,0.00039675,0x9fb0296d64b4fc3e54e5b80521d880d178f107ca,2017-10-30T02:05:15.000Z,0.00025,0x379374d13077e8867ef31803c37baf9785a17c00,sell,0xcb97e65f07da24d46bcdd078ebebd7c6e6e3d750,0xcb3e822b5e7c26ec1dfb2644790afc1da4bc3b0b445e16cf3b1693a5275f1957
88,73.49041103,0.01976818566472503,0xda335761adceaa57fe02367340c2e33ba185175e,2017-10-29T23:25:06.000Z,0.0002689900000240212,0x92dfc5dbdad52902ad32c8b10c34eb93e1e80e90,buy,0xcb97e65f07da24d46bcdd078ebebd7c6e6e3d750,0x8b99a7a6a9cd0a2d6dc214b707755323e32e0d71835c90beae2bde6bc19b9d9c
89,3992,1.073848,0xee300431c25447134633cc5d94b93555b92f7952,2017-10-29T16:39:43.000Z,0.000269,0xfbf7dc0756a9768d0c71aea5f8421f3b1eaee7d1,buy,0xcb97e65f07da24d46bcdd078ebebd7c6e6e3d750,0xab2ffe512d9d3617cf6ce2c09906159bc8aecbb85a8c84292f58eac642380f90
90,5,0.001345,0x0b773d7819259d78757b26dc4148812d35676d8f,2017-10-29T16:19:12.000Z,0.000269,0xfbf7dc0756a9768d0c71aea5f8421f3b1eaee7d1,buy,0xcb97e65f07da24d46bcdd078ebebd7c6e6e3d750,0xbbacb52a90de122f91dae56e6b9c2a0beb4163fbee60f1f93779c01577bb0c62
91,2000,0.5,0x92dfc5dbdad52902ad32c8b10c34eb93e1e80e90,2017-10-29T15:44:29.000Z,0.00025,0x34a0e8081340d93aae4af9703742f358c43ec3a0,buy,0xcb97e65f07da24d46bcdd078ebebd7c6e6e3d750,0xe47177976e25710d009a44c8cc8e9f9cf4a0f36506a0828ad32f14a763fdf397
92,1000,0.24,0x3d5316b25a1efe4095c2d6e5c0fd62c2d12c18ed,2017-10-29T14:05:27.000Z,0.00024,0x34a0e8081340d93aae4af9703742f358c43ec3a0,sell,0xcb97e65f07da24d46bcdd078ebebd7c6e6e3d750,0x87fef4433c562451fbb6fe3396ef6fea0f2644f6755381f8b3fdb36d9e117733
93,46.25650285,0.01161042847185285,0xa6bae6a84f7131f65891cee52ab215a277e5d482,2017-10-29T14:04:59.000Z,0.000251001,0x34a0e8081340d93aae4af9703742f358c43ec3a0,sell,0xcb97e65f07da24d46bcdd078ebebd7c6e6e3d750,0xd02ed22da2885117fb0e6a43a04464c5ba66c2735347531e5ca9592e3fd48f6b
94,2956.83391685,0.7421682699632669,0xa6bae6a84f7131f65891cee52ab215a277e5d482,2017-10-29T13:52:16.000Z,0.000251001,0xba166cef9fa02a9beb2562f873b05883d8c06728,sell,0xcb97e65f07da24d46bcdd078ebebd7c6e6e3d750,0x7e67774d2302b288c09de2b8c4d2f8cee5063b4e384dfae0d794d676edec5a67
95,1000,0.251003,0x38cde1ef8b525264ac033d40ca97343eccdf3a70,2017-10-29T13:45:22.000Z,0.000251003,0xba166cef9fa02a9beb2562f873b05883d8c06728,sell,0xcb97e65f07da24d46bcdd078ebebd7c6e6e3d750,0xb62b631e3b2b66c038b4cc01f1ae0235b8bd98a0a4928df77256e7b6ad8c1783
96,5000,1.255,0x905e0578d5316b3597d3210b913e6f6309168272,2017-10-29T13:45:22.000Z,0.000251,0xba166cef9fa02a9beb2562f873b05883d8c06728,sell,0xcb97e65f07da24d46bcdd078ebebd7c6e6e3d750,0x4dd189bb5bbc2a08702ae3b624088fe1387482d5afde41cafd3c902da26b8d70
97,5000,1.25501,0x25cb0ecbc7f8b7844531df9d137dcb594080a311,2017-10-29T13:45:22.000Z,0.000251002,0xba166cef9fa02a9beb2562f873b05883d8c06728,sell,0xcb97e65f07da24d46bcdd078ebebd7c6e6e3d750,0xad7400d7f2952bb33ac157e4edd5107f541a24c9c69e71c98764ceb8d1d4d6f9
98,1000,0.2695,0x38cde1ef8b525264ac033d40ca97343eccdf3a70,2017-10-29T13:03:43.000Z,0.0002695,0xfbf7dc0756a9768d0c71aea5f8421f3b1eaee7d1,buy,0xcb97e65f07da24d46bcdd078ebebd7c6e6e3d750,0xaab35bd5fa38442cb8df601d1b314eef475a8fb3524edea2ef05b661ba393ce0
99,996.9095803,0.2502253015648803,0xa6bae6a84f7131f65891cee52ab215a277e5d482,2017-10-29T11:46:58.000Z,0.000251001,0x1c38cf8eba76f7a0be759d50d21bf4bb6eceb0c4,sell,0xcb97e65f07da24d46bcdd078ebebd7c6e6e3d750,0x04434122a305c7c863cd1977795542911a97511f1a091a58bad2ab0d7659a924
100,998,0.250498,0x92dfc5dbdad52902ad32c8b10c34eb93e1e80e90,2017-10-29T10:18:28.000Z,0.000251,0xc335eaa358f966b18e43511e8aec030c85f6d87f,buy,0xcb97e65f07da24d46bcdd078ebebd7c6e6e3d750,0xfde694e5a0054ad20604bf75b0ff8db354428944961538097a02bce3bb90951e
101,1000,0.26,0x3d5316b25a1efe4095c2d6e5c0fd62c2d12c18ed,2017-10-29T06:00:32.000Z,0.00026,0xdb2d572ecda1766554774bc3e90ee23014b61bab,sell,0xcb97e65f07da24d46bcdd078ebebd7c6e6e3d750,0x43207f424c346cf025c7efd7b6c15c9ae2ce499d3341d33b00551c68d0e400c0
102,3013.794,0.783589453794,0xa6bae6a84f7131f65891cee52ab215a277e5d482,2017-10-29T06:00:23.000Z,0.000260001,0xdb2d572ecda1766554774bc3e90ee23014b61bab,sell,0xcb97e65f07da24d46bcdd078ebebd7c6e6e3d750,0x33e3533393c8dc6bcfd71af1887d618ba2946ed6894a02aee377bd683bab0699
103,3500,0.910007,0x25cb0ecbc7f8b7844531df9d137dcb594080a311,2017-10-29T06:00:23.000Z,0.000260002,0xdb2d572ecda1766554774bc3e90ee23014b61bab,sell,0xcb97e65f07da24d46bcdd078ebebd7c6e6e3d750,0xbf3a8120bfe475ab775b1d8bcf18a4355ab75891867bb8fd731f73e339cb365c
104,2219.906,0.5772865553,0x3849abe6e51232114e18d2ac76955bd14fd9c645,2017-10-29T06:00:23.000Z,0.00026005,0xdb2d572ecda1766554774bc3e90ee23014b61bab,sell,0xcb97e65f07da24d46bcdd078ebebd7c6e6e3d750,0xeca523f38d47509bc00c892c3503107a218281c82d48cb455dd5531784bb8801
105,996.9095803,0.259246336357015,0x3849abe6e51232114e18d2ac76955bd14fd9c645,2017-10-29T02:24:01.000Z,0.00026005,0xd97c911a523c8b19beaff4b7e58eaf6d6448beeb,sell,0xcb97e65f07da24d46bcdd078ebebd7c6e6e3d750,0x2bb5a27efb129007a17c6b9fce90c90d649bdda150973fd18101db12efd79fa5
106,1.73611111,0.0005,0x34f9560c63078eb61872a4dc2ccd20e21c34feaf,2017-10-28T20:14:57.000Z,0.00028800000018432,0xfbf7dc0756a9768d0c71aea5f8421f3b1eaee7d1,buy,0xcb97e65f07da24d46bcdd078ebebd7c6e6e3d750,0xe59bc53f607f3b7bc0335e74b7b1541c1c59072264c214a532007bf42093fea6
107,1.73611111,0.0005,0xe444a40689f51f63bcd29910622035707d533d29,2017-10-28T20:12:47.000Z,0.00028800000018432,0xfbf7dc0756a9768d0c71aea5f8421f3b1eaee7d1,buy,0xcb97e65f07da24d46bcdd078ebebd7c6e6e3d750,0xcea22ee41ed7c6ec7530e7979aa9a20fa07a3c18ca9120c7bc0490785d0148c7
108,4486.20573998,1.16641797860054,0xa6bae6a84f7131f65891cee52ab215a277e5d482,2017-10-28T18:12:30.000Z,0.000260001,0x3dee4a4e076e8d82859d241db0baf46f112cfa23,sell,0xcb97e65f07da24d46bcdd078ebebd7c6e6e3d750,0x6df492cac2ef344ff4f62ef43fd48076b13bdd113f03b6fe1aa60ce533c0b453
109,607.316,0.160331424,0x5a86ebf9a0e6f8181ed5143557f7b8ba89957fcc,2017-10-28T17:09:00.000Z,0.000264,0xba166cef9fa02a9beb2562f873b05883d8c06728,sell,0xcb97e65f07da24d46bcdd078ebebd7c6e6e3d750,0x3f6c3a54f0afada55150d6bd55f1e7492b0d76065b39a7cdf16d1514ffa969ef
110,392.68384239,0.10366853439096,0x5a86ebf9a0e6f8181ed5143557f7b8ba89957fcc,2017-10-28T17:04:37.000Z,0.000264,0x1ed014aec47fae44c9e55bac7662c0b78ae61798,sell,0xcb97e65f07da24d46bcdd078ebebd7c6e6e3d750,0xedf710ed1b16c37a62ba573aa2a02aec5eac881532b0622fa89a5caa3745ec68
111,1000,0.264,0x5a86ebf9a0e6f8181ed5143557f7b8ba89957fcc,2017-10-28T17:02:20.000Z,0.000264,0xba166cef9fa02a9beb2562f873b05883d8c06728,sell,0xcb97e65f07da24d46bcdd078ebebd7c6e6e3d750,0x85361495d37e3509bff6e565747e60d22a771048d3a6a8d26a9dcfeb29fc91bd
112,12,0.00318,0x1f89a64935d28b85b48ad147215602664100e358,2017-10-28T17:01:40.000Z,0.000265,0xba166cef9fa02a9beb2562f873b05883d8c06728,sell,0xcb97e65f07da24d46bcdd078ebebd7c6e6e3d750,0xe2732bce780c4d6dc1bbc3a255c134b3e5dc3aa01373991cd5b5d1c34b01a479
113,110,0.02915,0x1f89a64935d28b85b48ad147215602664100e358,2017-10-28T17:01:10.000Z,0.000265,0xba166cef9fa02a9beb2562f873b05883d8c06728,sell,0xcb97e65f07da24d46bcdd078ebebd7c6e6e3d750,0x50fd51b3f4cf19657c96a4f5eba74b7544dc5df41ede75c22ebaa3dab55f1d0e
114,12.69,0.00337554,0x2fd6b56b9979454c443132ed307f990d7fa6903d,2017-10-28T17:00:55.000Z,0.000266,0xba166cef9fa02a9beb2562f873b05883d8c06728,sell,0xcb97e65f07da24d46bcdd078ebebd7c6e6e3d750,0x60b440e7fb95a5337cf883efdcdd7bc28a19ec407a242c1ef178d196b5aba8bb
115,1000,0.264002,0xe121cb63c3f6e80eb2600532d43ebbad54ddb61a,2017-10-28T17:00:55.000Z,0.000264002,0xba166cef9fa02a9beb2562f873b05883d8c06728,sell,0xcb97e65f07da24d46bcdd078ebebd7c6e6e3d750,0xe10e5eaf4eb2c6794895425b7c1df16df129d1d2b913ea3d38d6a89004179f29
116,6212,1.639980424,0xa6bae6a84f7131f65891cee52ab215a277e5d482,2017-10-28T17:00:39.000Z,0.000264002,0xba166cef9fa02a9beb2562f873b05883d8c06728,sell,0xcb97e65f07da24d46bcdd078ebebd7c6e6e3d750,0x061615649bdcc58212a2481d43950926b86cf9d16dcce6157c9a0efa0b6b8e45
117,4498.96,1.18774343584,0x3dee4a4e076e8d82859d241db0baf46f112cfa23,2017-10-28T17:00:32.000Z,0.000264004,0xba166cef9fa02a9beb2562f873b05883d8c06728,sell,0xcb97e65f07da24d46bcdd078ebebd7c6e6e3d750,0xb08844c31c5df1efdc990331acb01ae4f57cdd91c3f4068f1d46975f891140c7
118,4217.31,1.12180446,0x2fd6b56b9979454c443132ed307f990d7fa6903d,2017-10-28T16:58:42.000Z,0.000266,0xd2ea382e498316d91b9de8557670149b479721a0,sell,0xcb97e65f07da24d46bcdd078ebebd7c6e6e3d750,0x8d24a8e98791ecd7f8639f7153da5fd06d02b76ea211fa51b4cb949eece8b95d
119,4230,1.1167200000000002,0xd2ea382e498316d91b9de8557670149b479721a0,2017-10-28T16:58:42.000Z,0.000264,0xba166cef9fa02a9beb2562f873b05883d8c06728,buy,0xcb97e65f07da24d46bcdd078ebebd7c6e6e3d750,0x8d24a8e98791ecd7f8639f7153da5fd06d02b76ea211fa51b4cb949eece8b95d
120,13824.64121122,3.671133473639471,0x9eb87a971beabc2ad91fd67ea2bf8a5347a45531,2017-10-28T14:33:49.000Z,0.00026555,0xafff5c7a5933e5216141e09710be9cc159cb6388,sell,0xcb97e65f07da24d46bcdd078ebebd7c6e6e3d750,0x1d683d9b0a0a38ed73a8c1780bc797f68a38c1d1e2fbe54999caeea5adf14ed6
121,8000,2.16,0x2eb2ed7b58dbea2b3b5d23b0c62e2a17aabb0f09,2017-10-28T14:33:13.000Z,0.00027,0xafff5c7a5933e5216141e09710be9cc159cb6388,sell,0xcb97e65f07da24d46bcdd078ebebd7c6e6e3d750,0x8b885ce47a4a9a2f9965675955c1265fc069b1604d15be6b1cd148bedff58eee
122,170.0732525,0.0451578500038,0x92dfc5dbdad52902ad32c8b10c34eb93e1e80e90,2017-10-28T12:28:38.000Z,0.00026552,0x469f8c542d69dd184581d565c88afdb10fb5802c,sell,0xcb97e65f07da24d46bcdd078ebebd7c6e6e3d750,0x34ee1284fda2757e5e5d2ff99d8b13931757a3a20266f726ec5f69117cba6a5b
123,4800,1.296,0xb8ed75542b47bed31670291ee111b71ef9b616ad,2017-10-28T12:16:00.000Z,0.00027,0x469f8c542d69dd184581d565c88afdb10fb5802c,sell,0xcb97e65f07da24d46bcdd078ebebd7c6e6e3d750,0xf51e72f81323cb257a5a9d3866dec9f22e2c2b2a3c0425f4d91f7d421fb414a3
124,4,0.00199996,0x17d5f1aa2ed1f297c2a4d8c1e2f19f2606dea854,2017-10-28T08:18:01.000Z,0.00049999,0x0b2de009825eac9a347868b44349aa32e91ef81f,buy,0xcb97e65f07da24d46bcdd078ebebd7c6e6e3d750,0x3511293abb8742c7d75d776ad392fc7a8f9d7877fedd70cceffea995604e0776
125,667,0.190095,0x17d5f1aa2ed1f297c2a4d8c1e2f19f2606dea854,2017-10-28T08:09:10.000Z,0.000285,0xe54b0049f013ce0e149baf329d41a85496dd69b1,buy,0xcb97e65f07da24d46bcdd078ebebd7c6e6e3d750,0x6a2690f72c41475b878e7e15751ab6e4a34c4c1cc0d2a25d1148121bb6eaa203
126,1500,0.4335,0x85323d3df924f720d26b59bdd1c799a8093a3594,2017-10-28T07:44:11.000Z,0.000289,0x55046f4c03f0b4bedd87fa1f14198be2aa8b47d7,buy,0xcb97e65f07da24d46bcdd078ebebd7c6e6e3d750,0xd879d4966e53ba4ea7f864e6b9d2b3f9563cec0760c32e3ed60216d0ffeb17e3
127,99.69095803,0.026368258398935,0xdd53040b4f9c582b1b8ec9f39c8a5dc1cb57812a,2017-10-28T07:04:48.000Z,0.0002645,0xe54b0049f013ce0e149baf329d41a85496dd69b1,sell,0xcb97e65f07da24d46bcdd078ebebd7c6e6e3d750,0x47ab90b1e824906065c1ffa1c00cddbb2d8f82b6d905b3871d3f696e91cc4239
128,1.04,0.00027456416,0x3dee4a4e076e8d82859d241db0baf46f112cfa23,2017-10-28T05:16:00.000Z,0.000264004,0xc4be71be9b6351290877ddd118b7653eff2dcad3,sell,0xcb97e65f07da24d46bcdd078ebebd7c6e6e3d750,0x87272cf4b041fac0b3f620c9d8a6d6677279a3c57983c7727510037ffb80a2d2
129,10468.23541394,2.763645553986402,0x9eb87a971beabc2ad91fd67ea2bf8a5347a45531,2017-10-28T05:11:16.000Z,0.000264003,0xc4be71be9b6351290877ddd118b7653eff2dcad3,sell,0xcb97e65f07da24d46bcdd078ebebd7c6e6e3d750,0xca6e1a9a703c3121aa35dfa9011636ea3d8c7ecf2c2d696d87bfb5f4f9b4724d
130,5000,1.325,0xfbf7dc0756a9768d0c71aea5f8421f3b1eaee7d1,2017-10-28T02:27:06.000Z,0.000265,0x469f8c542d69dd184581d565c88afdb10fb5802c,sell,0xcb97e65f07da24d46bcdd078ebebd7c6e6e3d750,0x04cd74e4507c9ddc56d5e4a6f65378ae3b878b2eb108c4d59cdb65ed19807bd0
131,1000,0.264002,0xa6bae6a84f7131f65891cee52ab215a277e5d482,2017-10-28T02:00:13.000Z,0.000264002,0x34a0e8081340d93aae4af9703742f358c43ec3a0,sell,0xcb97e65f07da24d46bcdd078ebebd7c6e6e3d750,0x387d676b8a15a3950e7d41520200d7dfd6b0ba4ae4e5aa797bf00b01c992c190
132,300,0.0792006,0xa6bae6a84f7131f65891cee52ab215a277e5d482,2017-10-28T01:54:48.000Z,0.000264002,0x34a0e8081340d93aae4af9703742f358c43ec3a0,sell,0xcb97e65f07da24d46bcdd078ebebd7c6e6e3d750,0x82eabb086f60e5cbf68dcc2a5417274c1959f18e45a30ea60c60c366a4b093cc
133,2000,0.602,0xe121cb63c3f6e80eb2600532d43ebbad54ddb61a,2017-10-28T01:13:03.000Z,0.000301,0x8793d91b97207e8fd52cc982e7de1c0cf1800b16,sell,0xcb97e65f07da24d46bcdd078ebebd7c6e6e3d750,0x6191d415203d02b251f2efa715f26b55604433d4ff31edda586e8feb712e5cec
134,1000,0.301,0xe121cb63c3f6e80eb2600532d43ebbad54ddb61a,2017-10-28T00:56:12.000Z,0.000301,0x8793d91b97207e8fd52cc982e7de1c0cf1800b16,sell,0xcb97e65f07da24d46bcdd078ebebd7c6e6e3d750,0xddaa449cbc94e27561da4661fbbafb1fe8a64e1589325865dc84e849730d695f
135,200,0.059998,0xc1187d152cfacbf853ecc43bda111ff48b4423ee,2017-10-27T19:13:28.000Z,0.00029999,0x5f52a88f55e6c1fbb965f77b4906397f25c997e4,buy,0xcb97e65f07da24d46bcdd078ebebd7c6e6e3d750,0xc1d8afa9c3638fbd9abbf0a5a0f69cff64003fcfca956d3853b31519d8ebb044
136,111.65387299,0.02947673412323299,0xe519e4b2d12035ff0939e5445b72d0ddc1548aa5,2017-10-27T18:07:54.000Z,0.000264001,0x65dd27fe1c8e98f3c0ef0513b43f185df50e2cd4,sell,0xcb97e65f07da24d46bcdd078ebebd7c6e6e3d750,0xaa1b32baac50f9e4ed99bba2f87182ad6a92db2868ecb20d20f98aa710e15375
137,337.95234772,0.08888146745036,0x3849abe6e51232114e18d2ac76955bd14fd9c645,2017-10-27T13:45:23.000Z,0.000263,0x5af66acd32394c1ef30e5895f3b09c3f4a23e726,sell,0xcb97e65f07da24d46bcdd078ebebd7c6e6e3d750,0xe568122d6226df4c8de379073bbbfd6c15cf123a4d80547ecdd6700ff177c678
138,5000,1.315005,0x25cb0ecbc7f8b7844531df9d137dcb594080a311,2017-10-27T13:44:06.000Z,0.000263001,0x5af66acd32394c1ef30e5895f3b09c3f4a23e726,sell,0xcb97e65f07da24d46bcdd078ebebd7c6e6e3d750,0x9923fbc9ec56b2c920ecabdbb5824129cdb967f7b5caaf3e7c24612af1fea545
139,0.05305097,0.00001596834281875,0x958e29d7a438391b2d1c4fad8101f7c80a9dc795,2017-10-27T13:32:59.000Z,0.000301000015998765,0xd63f3945dde8dc7198588c2918cd7ead8a6e9211,buy,0xcb97e65f07da24d46bcdd078ebebd7c6e6e3d750,0xfbdfba0e4cc0470e6bac568bf7d16d2a5239a28026f2f16e33277f0f6c16d7b2
140,532.15430835,0.1601784468148739,0x958e29d7a438391b2d1c4fad8101f7c80a9dc795,2017-10-27T13:32:08.000Z,0.00030100000000286365,0xd63f3945dde8dc7198588c2918cd7ead8a6e9211,buy,0xcb97e65f07da24d46bcdd078ebebd7c6e6e3d750,0xb5efbd9053e110f9dc120fa741b277cd37a75b62a00ee69d23eb8cfe0272d410
141,12500,3.775,0x958e29d7a438391b2d1c4fad8101f7c80a9dc795,2017-10-27T13:31:13.000Z,0.000302,0xdd39068cdda8971a93179f28ecfafdcc15e77b7a,buy,0xcb97e65f07da24d46bcdd078ebebd7c6e6e3d750,0x5bfd8c84e73e8970093356bf5a474f41529d78af9fff2b1560388cb03073d03f
142,200,0.0602,0x5762a21011f622d3a1a450914630315ac3f6b175,2017-10-27T13:18:53.000Z,0.000301,0xd63f3945dde8dc7198588c2918cd7ead8a6e9211,buy,0xcb97e65f07da24d46bcdd078ebebd7c6e6e3d750,0x18ff4d6b7fd6ca2ceaf21df51d41531e83ed788c637ec7a8cf5e111349885031
143,100,0.0283,0x5762a21011f622d3a1a450914630315ac3f6b175,2017-10-27T13:15:41.000Z,0.000283,0x8793d91b97207e8fd52cc982e7de1c0cf1800b16,buy,0xcb97e65f07da24d46bcdd078ebebd7c6e6e3d750,0xfd45a1422bd3333daaab145245556923b324e1f1908666133213a00950acc2cc
144,9100,2.73,0x8f13f44e7e34dd262ef2fd5bced32cbf2a8f7553,2017-10-27T10:02:37.000Z,0.0003,0xa2fcc08aad98b17094d8215b8d75b7b73a1337d3,sell,0xcb97e65f07da24d46bcdd078ebebd7c6e6e3d750,0xec91f9ba7d0a56795cee2d0829888df8d970510b26b35b4afe5f3ad77d3ee132
145,9869.31700805,2.9907287409032,0x7ceec637ab35e88cabe6607eb97935ad2bb5da74,2017-10-27T06:11:09.000Z,0.00030303300000028213,0xdb2d572ecda1766554774bc3e90ee23014b61bab,buy,0xcb97e65f07da24d46bcdd078ebebd7c6e6e3d750,0xb03495c22dc525130a2580bbde1956225d8fcde4d4a088195df8816f1e3341e1
146,52603.50142748,15.940596848073994,0x5da5cb40a5e63e04494e1bb2421c4117db4d444f,2017-10-27T06:00:03.000Z,0.00030303300000000854,0xdb2d572ecda1766554774bc3e90ee23014b61bab,buy,0xcb97e65f07da24d46bcdd078ebebd7c6e6e3d750,0x65866102b63b82549b6614e603c2d5a67786532c9d23a9196bcec29b6e950e0c
147,4000,1.1556,0x5da5cb40a5e63e04494e1bb2421c4117db4d444f,2017-10-27T05:59:16.000Z,0.0002889,0xf6469a4903334ee7a59b570b2a38bf79044de66f,buy,0xcb97e65f07da24d46bcdd078ebebd7c6e6e3d750,0x87c55b8b195618e8c69476ea9ae637714661787d167afd3205822b8e2fac9505
148,4474.499,1.2524122701,0x5da5cb40a5e63e04494e1bb2421c4117db4d444f,2017-10-27T05:47:57.000Z,0.0002799,0x5f52a88f55e6c1fbb965f77b4906397f25c997e4,buy,0xcb97e65f07da24d46bcdd078ebebd7c6e6e3d750,0x17a05bdf0fa2dcd18c6ebb7425a2ca57ddb53fb4834102103cc8eca99c974d84
149,0.99690958,0.00026119030996,0xdb2d572ecda1766554774bc3e90ee23014b61bab,2017-10-27T04:53:26.000Z,0.000262,0xaa27a27f8be6c501badd027a32f52624b3c985b4,sell,0xcb97e65f07da24d46bcdd078ebebd7c6e6e3d750,0x471b6eb2f200cd73b4fb26ca1778c57aa56102d7724167cbb67a108b3eabe617
150,69,0.018561,0xdb2d572ecda1766554774bc3e90ee23014b61bab,2017-10-27T03:23:53.000Z,0.000269,0xe15c0f49bf463173ad25312ead3a43ddbee40661,buy,0xcb97e65f07da24d46bcdd078ebebd7c6e6e3d750,0xdb8e9aebd5e5d8adfc50837a4c877ac62f47dbaf8fce10c11068fcd11fbc10c0
151,4999.25,1.4277858,0x25cb0ecbc7f8b7844531df9d137dcb594080a311,2017-10-27T03:14:04.000Z,0.0002856,0x469f8c542d69dd184581d565c88afdb10fb5802c,buy,0xcb97e65f07da24d46bcdd078ebebd7c6e6e3d750,0x649abb9ad35e2ef6e87016ec4594f04298e21ac54cd29239c48809d179e18080
152,2250,0.60615,0x25cb0ecbc7f8b7844531df9d137dcb594080a311,2017-10-27T03:13:44.000Z,0.0002694,0xf6469a4903334ee7a59b570b2a38bf79044de66f,buy,0xcb97e65f07da24d46bcdd078ebebd7c6e6e3d750,0x09242cfa28a99261746c73c21578f1cd2fd65e22bef01597b64ce3b15495a324
153,2000,0.54,0x25cb0ecbc7f8b7844531df9d137dcb594080a311,2017-10-27T03:13:44.000Z,0.00027,0x54409c45877a9877a724bdfc941dd5a16ac0f0c8,buy,0xcb97e65f07da24d46bcdd078ebebd7c6e6e3d750,0xac67addf69fae78c7996e1025188c489297b277e979faa76af8faead52604f50
154,4999,1.3472305,0x25cb0ecbc7f8b7844531df9d137dcb594080a311,2017-10-27T03:13:24.000Z,0.0002695,0xedc60cd376705ace39ff821d9cc0e09ba499d8b0,buy,0xcb97e65f07da24d46bcdd078ebebd7c6e6e3d750,0xe2b55ab1ae72229e3ba9c39e9329da52bca1bff6243211d4efda5b73457a51c0
155,2430,0.654642,0x9eb87a971beabc2ad91fd67ea2bf8a5347a45531,2017-10-27T03:08:01.000Z,0.0002694,0x741d7445b66a286c3ad9d4f618f52f9c96f1466d,buy,0xcb97e65f07da24d46bcdd078ebebd7c6e6e3d750,0x36ed0963c3f56c04ba3bb4dc56c3800400e28544f8bdffff6f31b409aaca4813
156,4000,1.06,0x3fef3e85b09a340029b9eee96c63c239a22e7a36,2017-10-27T03:06:10.000Z,0.000265,0x547269c54497404c144bfb5063ca41d51b7b5a88,buy,0xcb97e65f07da24d46bcdd078ebebd7c6e6e3d750,0xee4e99e7028ba3739858d7c25df496ad17bf4fa31eb9ef31f3cbfad679f7e14f
157,15671.68549888,4.0746382297088,0x3fef3e85b09a340029b9eee96c63c239a22e7a36,2017-10-27T03:04:43.000Z,0.00026,0xe56be81797e2616b7d4c57c892dbecda35045fa1,buy,0xcb97e65f07da24d46bcdd078ebebd7c6e6e3d750,0x73f6bac2f1a1834af949c953216f36cff3a936d71ded8c8e7569193557e42138
158,3142.407,0.81702582,0x701a67cef76b921d0b6e9f09532964cbf10e3c06,2017-10-27T02:59:28.000Z,0.00026,0xe56be81797e2616b7d4c57c892dbecda35045fa1,buy,0xcb97e65f07da24d46bcdd078ebebd7c6e6e3d750,0x4d5f34a7064b3b05383e55bc93c8533ab6af1473fdc93e94cfbb18b8bb7f810a
159,6000,1.56,0x24991b80b5d64f660affcafa9dca8a420715344a,2017-10-27T02:58:41.000Z,0.00026,0xe56be81797e2616b7d4c57c892dbecda35045fa1,buy,0xcb97e65f07da24d46bcdd078ebebd7c6e6e3d750,0x0686f310ed738fe2abce903caf2b6805a08346cc924f6efbf2b8536e58d29203
160,19134.12769752,4.97487320135657,0x3fef3e85b09a340029b9eee96c63c239a22e7a36,2017-10-27T02:53:51.000Z,0.0002600000000000716,0xe56be81797e2616b7d4c57c892dbecda35045fa1,buy,0xcb97e65f07da24d46bcdd078ebebd7c6e6e3d750,0xbaee623b8e62a3825501b8c0321025c03721704222b58f003ff767488fefc032
161,5500,1.43,0x3849abe6e51232114e18d2ac76955bd14fd9c645,2017-10-27T02:53:32.000Z,0.00026,0xe56be81797e2616b7d4c57c892dbecda35045fa1,buy,0xcb97e65f07da24d46bcdd078ebebd7c6e6e3d750,0xa936e0c1957a40ba81e8961468a31d06587c0e0b1371916be5e13224feead686
162,10000,2.6,0xe9e4db58c68f33c3483cc784d7fe68efa80cc86e,2017-10-27T02:50:25.000Z,0.00026,0xe56be81797e2616b7d4c57c892dbecda35045fa1,buy,0xcb97e65f07da24d46bcdd078ebebd7c6e6e3d750,0x72cc397d0bdbe5e1d8bc7c063d755d4a80a6b4c43e44dae1d1b579e340e0ebb1
163,11358.01079905,2.9530828077540825,0x3fef3e85b09a340029b9eee96c63c239a22e7a36,2017-10-27T02:49:35.000Z,0.0002600000000000953,0xe56be81797e2616b7d4c57c892dbecda35045fa1,buy,0xcb97e65f07da24d46bcdd078ebebd7c6e6e3d750,0x3ec5cdcdea40b35d36c5d58ce317b47f9504b6f6ed466b7fa4ee00d3bab19cfa
164,20000,5.2,0xe9e4db58c68f33c3483cc784d7fe68efa80cc86e,2017-10-27T02:48:40.000Z,0.00026,0xe56be81797e2616b7d4c57c892dbecda35045fa1,buy,0xcb97e65f07da24d46bcdd078ebebd7c6e6e3d750,0x04f5c19acba24585e1aa3fbeb5344ea8b2ba82a5d52483e69b59dfd59987bf3d
165,15357.59273974,3.9929741123338554,0x9eb87a971beabc2ad91fd67ea2bf8a5347a45531,2017-10-27T02:47:22.000Z,0.00026000000000009474,0xe56be81797e2616b7d4c57c892dbecda35045fa1,buy,0xcb97e65f07da24d46bcdd078ebebd7c6e6e3d750,0x3e44b4fe408085b138f798abb1c9ab4f04e8fe0060eb9852bf06de8830cf8e6e
166,6700,1.742,0xb127933bcd8494058cd4c3d78514a8b746e60a34,2017-10-27T02:30:07.000Z,0.00026,0xe56be81797e2616b7d4c57c892dbecda35045fa1,buy,0xcb97e65f07da24d46bcdd078ebebd7c6e6e3d750,0x6ba50f7ab08572f6ea98dc70d33e15baebc5bcb1850f6431833ff3ea85b3c5d7
167,1000,0.243344,0xdb2d572ecda1766554774bc3e90ee23014b61bab,2017-10-27T01:51:17.000Z,0.000243344,0x34a0e8081340d93aae4af9703742f358c43ec3a0,sell,0xcb97e65f07da24d46bcdd078ebebd7c6e6e3d750,0x81be3de4a6aff3d2d173aa2119363a6e1bb110251436446d088e5226d540ae88
168,1500,0.39,0x55046f4c03f0b4bedd87fa1f14198be2aa8b47d7,2017-10-27T01:49:34.000Z,0.00026,0xe56be81797e2616b7d4c57c892dbecda35045fa1,buy,0xcb97e65f07da24d46bcdd078ebebd7c6e6e3d750,0x85469af65d3336ed9ddf06b42b3f293a468ea6c8d0c435638199136dc6453a21
169,2269.4669213,0.5900613995388732,0x9d538b8881c9fcc42de675dad8e653195e261a2e,2017-10-27T01:36:07.000Z,0.0002600000000003847,0xe56be81797e2616b7d4c57c892dbecda35045fa1,buy,0xcb97e65f07da24d46bcdd078ebebd7c6e6e3d750,0xc128e28272bbce28cd413a98a67daf01597e70d850ef4d0ef16981437770e08a
170,1571,0.406889,0x9d538b8881c9fcc42de675dad8e653195e261a2e,2017-10-27T01:34:38.000Z,0.000259,0xfbf7dc0756a9768d0c71aea5f8421f3b1eaee7d1,buy,0xcb97e65f07da24d46bcdd078ebebd7c6e6e3d750,0x9441fbb587c71d215c93ccd9864da902203bcd5a6b3550207dfe050104617ab9
171,2900,0.7511,0xd63f3945dde8dc7198588c2918cd7ead8a6e9211,2017-10-27T01:22:46.000Z,0.000259,0xfbf7dc0756a9768d0c71aea5f8421f3b1eaee7d1,buy,0xcb97e65f07da24d46bcdd078ebebd7c6e6e3d750,0xd7b38e571f38556d9ce0a16464de3bb37ed3cc2a8ebc2701f2f5f07e18a7dde5
172,4471.93201076,1.09115141062544,0xfbf7dc0756a9768d0c71aea5f8421f3b1eaee7d1,2017-10-26T14:28:36.000Z,0.000244,0x78a288a3c65f94a7d5a96cb00554019812cc0f1a,sell,0xcb97e65f07da24d46bcdd078ebebd7c6e6e3d750,0x8a7e12ed3b2bd75ddc1557ac6e89177450be7469fbad9357680f50eb1c9ea93f
173,10036.5,2.4589425,0x0535ae8262401b8f8af043d476ba12d3c39addab,2017-10-26T14:26:49.000Z,0.000245,0xbd25a97058878a330b39c898d5a7da79bd0d21d8,buy,0xcb97e65f07da24d46bcdd078ebebd7c6e6e3d750,0xa4215a58617611c75ffcc06dc1b7b486a518251c486c94329422de490170f520
174,10000,2.45,0x0535ae8262401b8f8af043d476ba12d3c39addab,2017-10-26T14:23:33.000Z,0.000245,0xbd25a97058878a330b39c898d5a7da79bd0d21d8,buy,0xcb97e65f07da24d46bcdd078ebebd7c6e6e3d750,0xb15b5d02d41374642d9c43206d07e9264d7bea0a9ea3018c23fce31c5cc0c23a
175,747.68218522,0.20150034891679,0xb2f6bc13aaa8adfcbbb6cb3f85f8b87073ba2aa9,2017-10-25T19:47:40.000Z,0.0002695,0x5c5d2fa3384cd2c93338cda30066d11201b1239c,sell,0xcb97e65f07da24d46bcdd078ebebd7c6e6e3d750,0xec60189552c4470470962799289343a8cdafd79080dcd59d19d83b805b10490d
176,750,0.20205,0x5c5d2fa3384cd2c93338cda30066d11201b1239c,2017-10-25T19:46:26.000Z,0.0002694,0xf6469a4903334ee7a59b570b2a38bf79044de66f,buy,0xcb97e65f07da24d46bcdd078ebebd7c6e6e3d750,0x91a7054ee1966b14d6a16a065482aa741e76b8d693d057b932d039682f2905f8
177,1138.49275975,0.3092146335489981,0xe8d354e910a3b9836f99ff22f16ff87cd7bef396,2017-10-25T10:22:19.000Z,0.00027160000000078885,0xbd25a97058878a330b39c898d5a7da79bd0d21d8,buy,0xcb97e65f07da24d46bcdd078ebebd7c6e6e3d750,0x9cea96df1b9a6ecad24d0f4ce12ae1660612328c1e8b022b50247dbde5dd6e2b
178,913,0.21912,0x0535ae8262401b8f8af043d476ba12d3c39addab,2017-10-25T10:05:43.000Z,0.00024,0xdfed4b9aae906c481cfeb759b26ae9f9c55c1ad9,sell,0xcb97e65f07da24d46bcdd078ebebd7c6e6e3d750,0x567b2801ea2c3869c0f414bcb064d53d1ca57bb53cfc5e683b2748c3074d1c6e
179,4.18369891,0.00101245513622,0xdd39068cdda8971a93179f28ecfafdcc15e77b7a,2017-10-25T10:04:33.000Z,0.000242,0xdfed4b9aae906c481cfeb759b26ae9f9c55c1ad9,sell,0xcb97e65f07da24d46bcdd078ebebd7c6e6e3d750,0x77aa10d6e3b8854613311f7a83222a4d920d2908097117be1e6a62dd59b5cd01
180,9165.729,2.19986661729,0x0535ae8262401b8f8af043d476ba12d3c39addab,2017-10-25T06:30:33.000Z,0.00024001,0xbd25a97058878a330b39c898d5a7da79bd0d21d8,buy,0xcb97e65f07da24d46bcdd078ebebd7c6e6e3d750,0xbe8a07266ab1d540241befc66912919cd057b6c581edcc92d3c78108386ef1f2
181,5519.052,1.32457248,0xa529f4bf564eaab73fcbb4d77a2a778282605507,2017-10-25T04:30:59.000Z,0.00024,0xbd25a97058878a330b39c898d5a7da79bd0d21d8,buy,0xcb97e65f07da24d46bcdd078ebebd7c6e6e3d750,0x302aff56cc9809d1a3866dd37e03b24fe8702fa81e109ed7bd9e98aa5262282f
182,3506.961,0.84167064,0xa529f4bf564eaab73fcbb4d77a2a778282605507,2017-10-25T04:30:13.000Z,0.00024,0xbd25a97058878a330b39c898d5a7da79bd0d21d8,buy,0xcb97e65f07da24d46bcdd078ebebd7c6e6e3d750,0x47cb70449151a8f1fa3b9b0809e0e133d8e241a4fcb4a5be17796547260230cc
183,5.98145748,0.00144751869161748,0x25cb0ecbc7f8b7844531df9d137dcb594080a311,2017-10-25T03:41:23.000Z,0.000242001,0x10c12555236fa11fc988be565ab70c82a4660ecf,sell,0xcb97e65f07da24d46bcdd078ebebd7c6e6e3d750,0x5116c5b252bfbbbe9f8777038e74cebcc599dddcff8bd1e169247dfecdd20c3a
184,6,0.00144,0x10c12555236fa11fc988be565ab70c82a4660ecf,2017-10-25T03:40:54.000Z,0.00024,0xbd25a97058878a330b39c898d5a7da79bd0d21d8,buy,0xcb97e65f07da24d46bcdd078ebebd7c6e6e3d750,0x4338658d75423fe2c42c8cd54a8af3e35e75a5235c39d4f063cdbecae6d930fd
185,1750,0.42,0xf1cc647bb15a5ab7667feff7e7c80914374589a1,2017-10-25T02:55:00.000Z,0.00024,0x547269c54497404c144bfb5063ca41d51b7b5a88,sell,0xcb97e65f07da24d46bcdd078ebebd7c6e6e3d750,0xd40ed837639e18ffb80c482def1a4c1450f97f8a24b19d59be7ac353c7bbcc5e
186,1394.56630111,0.33748504486862,0xdd39068cdda8971a93179f28ecfafdcc15e77b7a,2017-10-25T01:58:31.000Z,0.000242,0x1d5321e125f6c7079a716705541c7b371ca79e69,sell,0xcb97e65f07da24d46bcdd078ebebd7c6e6e3d750,0x1143ac0aeceb9305555bf41b58206a4b4db9dbdefc426f2bde62bdab26ddc467
187,1398.75000002,0.3357000000048,0x1d5321e125f6c7079a716705541c7b371ca79e69,2017-10-25T01:58:31.000Z,0.00024,0xbd25a97058878a330b39c898d5a7da79bd0d21d8,buy,0xcb97e65f07da24d46bcdd078ebebd7c6e6e3d750,0x1143ac0aeceb9305555bf41b58206a4b4db9dbdefc426f2bde62bdab26ddc467
188,0.06113326,0.000014671983841838,0xc91ab57ef5f66c3f117540472f62178f9b565073,2017-10-25T00:38:59.000Z,0.0002400000235851646,0xbd25a97058878a330b39c898d5a7da79bd0d21d8,buy,0xcb97e65f07da24d46bcdd078ebebd7c6e6e3d750,0xc4027d5a084397de84e5a56c71b1c19734fa7c11a52b2842ed92e7bcded58362
189,613.22779132,0.1471746699174732,0xc91ab57ef5f66c3f117540472f62178f9b565073,2017-10-25T00:36:36.000Z,0.00024000000000109776,0xbd25a97058878a330b39c898d5a7da79bd0d21d8,buy,0xcb97e65f07da24d46bcdd078ebebd7c6e6e3d750,0x1586d0c10db264d8247f1302f2d337a2ac22e61f9680367642ae92d09c0e0828
190,1999.9477194,0.4839893480425194,0x25cb0ecbc7f8b7844531df9d137dcb594080a311,2017-10-24T22:32:53.000Z,0.000242001,0x1d5321e125f6c7079a716705541c7b371ca79e69,sell,0xcb97e65f07da24d46bcdd078ebebd7c6e6e3d750,0x9b6ec3fdd0fc4cb5118185e4fdd62cc872e95e1ff78c8366f13b2d90ed12261c
191,2005.94756256,0.4814274150144,0x1d5321e125f6c7079a716705541c7b371ca79e69,2017-10-24T22:32:53.000Z,0.00024,0xbd25a97058878a330b39c898d5a7da79bd0d21d8,buy,0xcb97e65f07da24d46bcdd078ebebd7c6e6e3d750,0x9b6ec3fdd0fc4cb5118185e4fdd62cc872e95e1ff78c8366f13b2d90ed12261c
192,5124.99999999,1.2299999999976,0xd2ea382e498316d91b9de8557670149b479721a0,2017-10-24T20:52:19.000Z,0.00024,0xbd25a97058878a330b39c898d5a7da79bd0d21d8,buy,0xcb97e65f07da24d46bcdd078ebebd7c6e6e3d750,0x87b88056e65c76214e554d73447bc764b97d68c3bb206802f1bce48098cd2500
193,5109.62499999,1.23652924999758,0xdd39068cdda8971a93179f28ecfafdcc15e77b7a,2017-10-24T20:52:19.000Z,0.000242,0xd2ea382e498316d91b9de8557670149b479721a0,sell,0xcb97e65f07da24d46bcdd078ebebd7c6e6e3d750,0x87b88056e65c76214e554d73447bc764b97d68c3bb206802f1bce48098cd2500
194,5109.62499999,1.23652924999758,0xdd39068cdda8971a93179f28ecfafdcc15e77b7a,2017-10-24T20:51:31.000Z,0.000242,0xd2ea382e498316d91b9de8557670149b479721a0,sell,0xcb97e65f07da24d46bcdd078ebebd7c6e6e3d750,0x369d74eba6a177e4adce96903ba5f147dbe2cf01e6d20af130c662d9e04e5080
195,5124.99999999,1.2299999999976,0xd2ea382e498316d91b9de8557670149b479721a0,2017-10-24T20:51:31.000Z,0.00024,0xbd25a97058878a330b39c898d5a7da79bd0d21d8,buy,0xcb97e65f07da24d46bcdd078ebebd7c6e6e3d750,0x369d74eba6a177e4adce96903ba5f147dbe2cf01e6d20af130c662d9e04e5080
196,2990.7287409,0.7237593460265409,0x25cb0ecbc7f8b7844531df9d137dcb594080a311,2017-10-24T18:54:07.000Z,0.000242001,0x65f2dddf638c7a7118b22d610c9aeba141f2467f,sell,0xcb97e65f07da24d46bcdd078ebebd7c6e6e3d750,0xf1e964ecdeb18ea7676d75d4bc60815fc5629504c1a48d2f1aa113f4352fbc9e
197,3000,0.72,0x65f2dddf638c7a7118b22d610c9aeba141f2467f,2017-10-24T18:54:07.000Z,0.00024,0xf6469a4903334ee7a59b570b2a38bf79044de66f,buy,0xcb97e65f07da24d46bcdd078ebebd7c6e6e3d750,0xf1e964ecdeb18ea7676d75d4bc60815fc5629504c1a48d2f1aa113f4352fbc9e
198,3.32369654,0.00080433788637654,0x25cb0ecbc7f8b7844531df9d137dcb594080a311,2017-10-24T18:28:52.000Z,0.000242001,0xc4e2d48b0483dbd0080cec9879904faa9f4567ca,sell,0xcb97e65f07da24d46bcdd078ebebd7c6e6e3d750,0x9c0676c1aef4ebcfa150c5e86d9017eb4408287bfc340a26f077aa03c6bb99b0
199,1980,0.537768,0x25cb0ecbc7f8b7844531df9d137dcb594080a311,2017-10-24T17:25:35.000Z,0.0002716,0x54409c45877a9877a724bdfc941dd5a16ac0f0c8,buy,0xcb97e65f07da24d46bcdd078ebebd7c6e6e3d750,0x978b82d3cc26a9fc00cf5156125ff05911779cf5206bb3ea7fcfe584e0284304
200,2905.55,0.76997075,0x25cb0ecbc7f8b7844531df9d137dcb594080a311,2017-10-24T17:25:35.000Z,0.000265,0x469f8c542d69dd184581d565c88afdb10fb5802c,buy,0xcb97e65f07da24d46bcdd078ebebd7c6e6e3d750,0x8849ac1ab0c2cbea0774b6e29f2e976c3588982c6ae5d8922e694422cd1e858c
201,882,0.213444,0xdd39068cdda8971a93179f28ecfafdcc15e77b7a,2017-10-24T15:55:42.000Z,0.000242,0x1fa69d8711cc8287519850f4ac0904e212f5cb5b,sell,0xcb97e65f07da24d46bcdd078ebebd7c6e6e3d750,0xed0a7d0c2b7cee4ed14344a710009381bcb2e2c27cbb944663f3f31be35d7f2a
202,850,0.22525,0x74cf6bdae3fecb89a665e03c5d721d337cddec65,2017-10-24T15:49:42.000Z,0.000265,0x469f8c542d69dd184581d565c88afdb10fb5802c,buy,0xcb97e65f07da24d46bcdd078ebebd7c6e6e3d750,0x40bce94f11692c9901d3ddf01bd72197931605ec61f80f0e0500eec67993ad15
203,244.44952041,0.06477912291058321,0xddfbdda55bdc949c34cd9e368b540a2616bb716c,2017-10-24T14:14:13.000Z,0.00026500000000790843,0x469f8c542d69dd184581d565c88afdb10fb5802c,buy,0xcb97e65f07da24d46bcdd078ebebd7c6e6e3d750,0x056ef1779500a5c581d3fa037bcc107fc2b7ea736e05582addfdbec3e848e4da
204,9969.09580301,2.1932010766622,0xdb2d572ecda1766554774bc3e90ee23014b61bab,2017-10-24T07:56:16.000Z,0.00022,0x1900bc4111f386e538e4befe25076e3f9ae72019,sell,0xcb97e65f07da24d46bcdd078ebebd7c6e6e3d750,0xb6a4eebe8c3ff50fbfbee97a67fb78f61e06b648c9a80cd31af5ab447db90038
205,1000,0.265,0xf402241ae59336f93a308ec8955386670f8b481e,2017-10-24T07:15:14.000Z,0.000265,0x469f8c542d69dd184581d565c88afdb10fb5802c,buy,0xcb97e65f07da24d46bcdd078ebebd7c6e6e3d750,0xef32cb1e9d4bd561eb7758898594d42ee67344888f33da115d862fe3188c799f
206,250,0.06,0xf1cc647bb15a5ab7667feff7e7c80914374589a1,2017-10-24T03:24:38.000Z,0.00024,0x469f8c542d69dd184581d565c88afdb10fb5802c,sell,0xcb97e65f07da24d46bcdd078ebebd7c6e6e3d750,0xa7a125a1ae3b609272df382dcbf22cf98a36ac868709c3f2adb79bf06c78d32f
207,58.02,0.01508525802,0xf1cc647bb15a5ab7667feff7e7c80914374589a1,2017-10-24T02:51:49.000Z,0.000260001,0xe586e8534d235dad3d46685daf7c1815f0962944,sell,0xcb97e65f07da24d46bcdd078ebebd7c6e6e3d750,0x6f0bcfafd2cdd431b70300ee76cfdfdba44cb985b31c44c9a7eef56d62305f42
208,1600,0.4192,0xa2fcc08aad98b17094d8215b8d75b7b73a1337d3,2017-10-24T02:51:49.000Z,0.000262,0xe586e8534d235dad3d46685daf7c1815f0962944,sell,0xcb97e65f07da24d46bcdd078ebebd7c6e6e3d750,0xe4aad8c6b7465c5e22cc3eb43b71d3bf547b1ff0fd06f3a49da5428568fc8112
209,6282.39461454,1.7946916695368154,0x6697059c1858fd4ae95002d8724ba7807f7ef98c,2017-10-24T00:09:07.000Z,0.0002856700000001868,0xdb2d572ecda1766554774bc3e90ee23014b61bab,buy,0xcb97e65f07da24d46bcdd078ebebd7c6e6e3d750,0x0233875ef526ae61cc3433748f4cc287c8f02e2ee2b2892d8ce83b6b31ae3c0d
210,8933.8646823,2.5521371237947132,0x6697059c1858fd4ae95002d8724ba7807f7ef98c,2017-10-24T00:04:26.000Z,0.00028567000000023193,0xdb2d572ecda1766554774bc3e90ee23014b61bab,buy,0xcb97e65f07da24d46bcdd078ebebd7c6e6e3d750,0x40d31ef0a2654ea051af1af19fe5a55cd0fa89bae1007f4386ec0d0f3735d266
211,1000,0.262,0xa2fcc08aad98b17094d8215b8d75b7b73a1337d3,2017-10-24T00:02:14.000Z,0.000262,0xc4e2d48b0483dbd0080cec9879904faa9f4567ca,sell,0xcb97e65f07da24d46bcdd078ebebd7c6e6e3d750,0xc104d347b4ccda34218be2cd9a0b9851be3324927825f0363b18d3a4a3ca4230
212,1900,0.4978,0xa2fcc08aad98b17094d8215b8d75b7b73a1337d3,2017-10-23T23:59:01.000Z,0.000262,0xc4e2d48b0483dbd0080cec9879904faa9f4567ca,sell,0xcb97e65f07da24d46bcdd078ebebd7c6e6e3d750,0xdcde8547e81af33753467269a8bb3122f13858cffe294b2b7a4e07ae7a6c17e9
213,1000,0.262,0xa2fcc08aad98b17094d8215b8d75b7b73a1337d3,2017-10-23T23:58:03.000Z,0.000262,0xc4e2d48b0483dbd0080cec9879904faa9f4567ca,sell,0xcb97e65f07da24d46bcdd078ebebd7c6e6e3d750,0x32b78b5f290d8fd1589024b3d472b9b979bb6f25c4bc1dc5f953fecc0584d0f2
214,50,0.013452,0xe2da005b771a9a7dd00f5d2cc6bc54a9144ad6b0,2017-10-23T23:56:47.000Z,0.00026904,0xc4e2d48b0483dbd0080cec9879904faa9f4567ca,sell,0xcb97e65f07da24d46bcdd078ebebd7c6e6e3d750,0x95af11e60af2a3c0edf38ff218da2b3e9f45d4f83cdf554594eae96430730f31
215,32.866,0.00887382,0xd98a3954353055ab642c9159c7f3b25dac2dc29b,2017-10-23T23:55:20.000Z,0.00027,0xc4e2d48b0483dbd0080cec9879904faa9f4567ca,sell,0xcb97e65f07da24d46bcdd078ebebd7c6e6e3d750,0x82c03070ab1d78932a2e89e851a8768bd0c590b46442e60c01c89131cb634b8d
216,617.134,0.16662618,0xd98a3954353055ab642c9159c7f3b25dac2dc29b,2017-10-23T23:54:00.000Z,0.00027,0xc4e2d48b0483dbd0080cec9879904faa9f4567ca,sell,0xcb97e65f07da24d46bcdd078ebebd7c6e6e3d750,0x5501ce7fa16702cda2a34cc9a5f2dc44f99fb1274a9592231f88172f70d0eedf
217,4000,1.192,0x25cb0ecbc7f8b7844531df9d137dcb594080a311,2017-10-23T06:30:16.000Z,0.000298,0x547269c54497404c144bfb5063ca41d51b7b5a88,buy,0xcb97e65f07da24d46bcdd078ebebd7c6e6e3d750,0xfd0b3b0f8937b33bfe338e10084c3c4fa7df371fbb53422a3ee73e600238655e
218,1,0.00030303,0xe1fa699860444be91d366c21de8fef56e3dec77a,2017-10-22T18:31:35.000Z,0.00030303,0xdb2d572ecda1766554774bc3e90ee23014b61bab,buy,0xcb97e65f07da24d46bcdd078ebebd7c6e6e3d750,0xc50dbfb9b99aaaecc9d4dd1d83dd382e15f8ebe4357cb87c65ceb6f9596f8d50
219,5607.227,1.693382554,0x25cb0ecbc7f8b7844531df9d137dcb594080a311,2017-10-22T17:59:23.000Z,0.000302,0xe2dd3265968eb8cf0b47006ded2b1d95977c388b,buy,0xcb97e65f07da24d46bcdd078ebebd7c6e6e3d750,0x9bf68cb8510a570e10e969f19e737e99ef3fa64a9bda70ef496259fa62d1a65a
220,27.31429683,0.007162415006215626,0xe586e8534d235dad3d46685daf7c1815f0962944,2017-10-22T17:07:23.000Z,0.0002622222,0x6aff1466c2623675e3cb0e75e423d37a25e442eb,sell,0xcb97e65f07da24d46bcdd078ebebd7c6e6e3d750,0x2cf9db7138aac35db49661ffe4d4e683c54139879646be6090ac4208902ef160
221,33,0.0086559,0x28842273889b1ea4ecf3ff8ad717345ed94accf6,2017-10-22T17:04:46.000Z,0.0002623,0x6aff1466c2623675e3cb0e75e423d37a25e442eb,sell,0xcb97e65f07da24d46bcdd078ebebd7c6e6e3d750,0x667ac59639e04fbe6c7cc1337c212813e6facce3f068cbd5a0d14c387af12420
222,130.85048006,0.03965162097497757,0xa4ad7d46fe0701d014017582ba2aed8276e81a73,2017-10-22T13:28:20.000Z,0.0003030300000183092,0xdb2d572ecda1766554774bc3e90ee23014b61bab,buy,0xcb97e65f07da24d46bcdd078ebebd7c6e6e3d750,0x9c3a994af4a02a7eb4e9a6315b7c793cd1ab2c6285a875d992a762d7e0708fcb
223,69,0.021183,0xa4ad7d46fe0701d014017582ba2aed8276e81a73,2017-10-22T13:26:28.000Z,0.000307,0x5407440c855efee203bac302c775cf8cd982516b,buy,0xcb97e65f07da24d46bcdd078ebebd7c6e6e3d750,0xbea3834396b66c54b1b972b54d47c5bba42e71707e1e16353e56ff20339e4dd4
224,100.68786761,0.026390290100581,0xa529f4bf564eaab73fcbb4d77a2a778282605507,2017-10-21T21:28:20.000Z,0.0002621,0x488049319c07a4a5f11151adbe786771d9f74770,sell,0xcb97e65f07da24d46bcdd078ebebd7c6e6e3d750,0xed677d2195d3c0fd25f30b3bdd5402008804fa37207a113a045a998556d44088
225,250,0.077,0xde30f7aa88e295047ea25e5acdae53b62b5e9c02,2017-10-21T09:08:38.000Z,0.000308,0x469f8c542d69dd184581d565c88afdb10fb5802c,buy,0xcb97e65f07da24d46bcdd078ebebd7c6e6e3d750,0xf39a161d4df28fba281dfd88237f01f59bb953f87cd847227538fc2adf6dd1f7
226,150,0.04605,0xde30f7aa88e295047ea25e5acdae53b62b5e9c02,2017-10-21T08:48:59.000Z,0.000307,0x5407440c855efee203bac302c775cf8cd982516b,buy,0xcb97e65f07da24d46bcdd078ebebd7c6e6e3d750,0xc12f24306be805ef9ffc4132b0261111054691cfce05996133e6dffbba46f3d1
227,0.06277062,0.00001644596521062,0x3f441403c9f9f93b13711db4d4a2e4eed9ada767,2017-10-21T06:08:37.000Z,0.000262001,0x1f89a64935d28b85b48ad147215602664100e358,sell,0xcb97e65f07da24d46bcdd078ebebd7c6e6e3d750,0x15e6be51fa51c8c1b860b99ce47314111cc160789d261beb4acb840ce8e120f6
228,629.65205007,0.16496946677039007,0x3f441403c9f9f93b13711db4d4a2e4eed9ada767,2017-10-21T06:05:40.000Z,0.000262001,0x1f89a64935d28b85b48ad147215602664100e358,sell,0xcb97e65f07da24d46bcdd078ebebd7c6e6e3d750,0x7d6a6d0683fd5aac153649f262a5fb735e02f41e0d43713a7b86d740a49e97ea
229,2275.536,0.5964179856,0xa529f4bf564eaab73fcbb4d77a2a778282605507,2017-10-21T06:03:50.000Z,0.0002621,0x1f89a64935d28b85b48ad147215602664100e358,sell,0xcb97e65f07da24d46bcdd078ebebd7c6e6e3d750,0x3379bb241d1634fe9579f6159f37d3f990b9585339c31450935549417c0dc441
230,2880.98494666,0.7519975717621399,0x5918c0ba4c600b617fe376d1408c9a5132707ba1,2017-10-21T03:22:57.000Z,0.000261021,0xe8d354e910a3b9836f99ff22f16ff87cd7bef396,sell,0xcb97e65f07da24d46bcdd078ebebd7c6e6e3d750,0x21a3f1161611b6c5570aae5b10632d54e6f1db55aa95717a8e1f1045ac6cb41d
231,1166.309,0.3498927,0x1da251119e3a70bcb4aed858bd2acccff2155077,2017-10-21T00:13:04.000Z,0.0003,0xa529f4bf564eaab73fcbb4d77a2a778282605507,sell,0xcb97e65f07da24d46bcdd078ebebd7c6e6e3d750,0x317f55c7174e9e9cb9d9b6df8a6d5eeda27fb9df0f33caad46e5eb4a7b894998
232,99.69095803,0.029907287409,0x1da251119e3a70bcb4aed858bd2acccff2155077,2017-10-20T21:28:09.000Z,0.0003,0x95e27da67ce117a2b95d1dd628e7c26864904fbf,sell,0xcb97e65f07da24d46bcdd078ebebd7c6e6e3d750,0xaa1372bd03ef2762433708564a4237f2573b30c206dd3373adb051cfaee62555
233,2855.02646122,0.748302435485762,0xa529f4bf564eaab73fcbb4d77a2a778282605507,2017-10-20T18:22:59.000Z,0.0002621,0x1ed014aec47fae44c9e55bac7662c0b78ae61798,sell,0xcb97e65f07da24d46bcdd078ebebd7c6e6e3d750,0x5c2c826b7ad0e50e59a58036ecadc6c4e4c5bfa679048cb0baf6ee8c40e69b02
234,6869.43723098,1.800479498239858,0xa529f4bf564eaab73fcbb4d77a2a778282605507,2017-10-20T16:10:46.000Z,0.0002621,0xc4be71be9b6351290877ddd118b7653eff2dcad3,sell,0xcb97e65f07da24d46bcdd078ebebd7c6e6e3d750,0x706e2f23b499f88be15906b8a951135a9e1ec73dd4d48796549c8aae527756ea
235,100,0.03,0x95e27da67ce117a2b95d1dd628e7c26864904fbf,2017-10-20T16:09:48.000Z,0.0003,0xc4be71be9b6351290877ddd118b7653eff2dcad3,sell,0xcb97e65f07da24d46bcdd078ebebd7c6e6e3d750,0x0a6dab028b03dd41f599b29c870a954ee5e3c05143a4b04efba18373ab187b0e
236,3000,0.7884,0xf0a5fbea3c92dac6219c4c312e197fd4d355af10,2017-10-20T16:09:28.000Z,0.0002628,0xc4be71be9b6351290877ddd118b7653eff2dcad3,sell,0xcb97e65f07da24d46bcdd078ebebd7c6e6e3d750,0xb0e5273d50ffc11768af0a5aff1f49c5f52aeb224776be8bda948c666ef5b383
237,155,0.048205,0xf4fcdbecf683ca29b846940f53a3547b3e1e2ebf,2017-10-20T13:46:47.000Z,0.000311,0xa529f4bf564eaab73fcbb4d77a2a778282605507,buy,0xcb97e65f07da24d46bcdd078ebebd7c6e6e3d750,0xa5a1ca7a6143987122a883c2aacded41a70ad4d32624a02f2ef61a66bc9df868
238,1.99381916,0.00052238261373916,0x3f441403c9f9f93b13711db4d4a2e4eed9ada767,2017-10-20T13:37:30.000Z,0.000262001,0xf4fcdbecf683ca29b846940f53a3547b3e1e2ebf,sell,0xcb97e65f07da24d46bcdd078ebebd7c6e6e3d750,0xbaf2311a2227e8433ca0729e78f68d9fd3a05c2b78207fb3f5d96562b13ccc10
239,960,0.29856,0x89993aa86128767d6ff3a81345a5145f4a1aa77a,2017-10-20T12:55:39.000Z,0.000311,0xa529f4bf564eaab73fcbb4d77a2a778282605507,buy,0xcb97e65f07da24d46bcdd078ebebd7c6e6e3d750,0x5a35574a94fc2fb7bd1021e0ddac6f9bb249b61650c7be62ca53a64b23cc40be
240,2,0.000622,0xf4fcdbecf683ca29b846940f53a3547b3e1e2ebf,2017-10-20T10:07:45.000Z,0.000311,0xa529f4bf564eaab73fcbb4d77a2a778282605507,buy,0xcb97e65f07da24d46bcdd078ebebd7c6e6e3d750,0x2586404abb1adb1c596f4e32e0fdf3afae3d5b08eb91139c13797ca13c083334
241,337.45245613,0.08807509104993,0x547269c54497404c144bfb5063ca41d51b7b5a88,2017-10-19T23:02:25.000Z,0.000261,0xcefb4b76e0930f436c78f4b6d84fe4dc781a412c,sell,0xcb97e65f07da24d46bcdd078ebebd7c6e6e3d750,0xaad244778dc9c0f9ff66f31f7ccf4f7d9c06b760e6c2a156dc06bfe5d5450c4c
242,1750,0.4567675,0x3f441403c9f9f93b13711db4d4a2e4eed9ada767,2017-10-19T22:55:58.000Z,0.00026101,0xcefb4b76e0930f436c78f4b6d84fe4dc781a412c,sell,0xcb97e65f07da24d46bcdd078ebebd7c6e6e3d750,0xc1dc3de1a87f32b932966cabf4aca1bcb89d70670bf4007b0022386a0e55d60d
243,1600,0.4184,0x5695f1d70d9d303cba1ef1cd8d45c1a9815da8a9,2017-10-19T22:55:58.000Z,0.0002615,0xcefb4b76e0930f436c78f4b6d84fe4dc781a412c,sell,0xcb97e65f07da24d46bcdd078ebebd7c6e6e3d750,0xcac889c7702b2b1710d607bf51c17a82682be7b75f8ce94727d25a1b6e626232
244,917.74961063,0.24045039798506,0x0e0df4708975224b8b77a702ad88528c0eb6e9d6,2017-10-19T22:55:58.000Z,0.000262,0xcefb4b76e0930f436c78f4b6d84fe4dc781a412c,sell,0xcb97e65f07da24d46bcdd078ebebd7c6e6e3d750,0xfbc7e8984a2762e5c2bb7fdb244a4b17ddd2b84be38e484de49a4d1b0de93235
245,2955.773598,0.7747082600358,0xbfb2649f846cf8d8d25c623585000611d1b6c5b2,2017-10-19T22:55:33.000Z,0.0002621,0xcefb4b76e0930f436c78f4b6d84fe4dc781a412c,sell,0xcb97e65f07da24d46bcdd078ebebd7c6e6e3d750,0x2a7dc394226c8e853bfb397fcf8ea3719ca501b7b8e0b5653f04841576488074
246,15000,3.93015,0x5918c0ba4c600b617fe376d1408c9a5132707ba1,2017-10-19T22:55:33.000Z,0.00026201,0xcefb4b76e0930f436c78f4b6d84fe4dc781a412c,sell,0xcb97e65f07da24d46bcdd078ebebd7c6e6e3d750,0xd501d39977f9a2bdf513607c90955ea19ad4382914e0673d7628625094e6581f
247,2362.221,0.6191381241,0xbfb2649f846cf8d8d25c623585000611d1b6c5b2,2017-10-19T22:55:33.000Z,0.0002621,0xcefb4b76e0930f436c78f4b6d84fe4dc781a412c,sell,0xcb97e65f07da24d46bcdd078ebebd7c6e6e3d750,0x5e398202ff342130ce773099feff0bb197b327c4a88a12e3c573e6f6bc72855c
248,11.9664294,0.003745492404400335,0xd6a86c1b14981ffcec4128159003a371a98cea0b,2017-10-19T21:03:57.000Z,0.00031300000018387567,0x5407440c855efee203bac302c775cf8cd982516b,buy,0xcb97e65f07da24d46bcdd078ebebd7c6e6e3d750,0xddeb87a7a87115e0eaafea215227027ef4de815f4da8bd853a58a4302accfa26
249,282.25038937,0.07394960201494,0x0e0df4708975224b8b77a702ad88528c0eb6e9d6,2017-10-19T13:12:39.000Z,0.000262,0xeae3b447e518e257237ebac60ded046ab5ef4984,sell,0xcb97e65f07da24d46bcdd078ebebd7c6e6e3d750,0xa7ffc3df5a85109a0628b8b64760007443a3c73272259b7e133b44e2fc29f41a
250,1726.17163442,0.5368393783075562,0xd5c448d9e952ba5e2dff9ef136acece2114d8d8f,2017-10-19T13:04:59.000Z,0.00031100000000170103,0xeae3b447e518e257237ebac60ded046ab5ef4984,buy,0xcb97e65f07da24d46bcdd078ebebd7c6e6e3d750,0x81bb729a985206f1ada9cd6ee43ef3df79dee1e7b5a1522f9217b1d8be2f8ad1
251,1432.5,0.42975,0xd5c448d9e952ba5e2dff9ef136acece2114d8d8f,2017-10-19T12:54:00.000Z,0.0003,0xed83917af99127b4408ac522cb5339bc6a519bc5,buy,0xcb97e65f07da24d46bcdd078ebebd7c6e6e3d750,0xe03642df69ffb69bd224628e88175aacadb742febc53a396b7782d21be255cc6
252,60,0.018,0x6aff1466c2623675e3cb0e75e423d37a25e442eb,2017-10-19T08:15:26.000Z,0.0003,0xed83917af99127b4408ac522cb5339bc6a519bc5,buy,0xcb97e65f07da24d46bcdd078ebebd7c6e6e3d750,0xc01661a84e16a1e8c4a55fd6255c09084de4d40294dcc09cfabff9ff8dbe759d
253,100,0.031,0x8abf98207ad56cb4ec656502ce429fb0deabe671,2017-10-19T05:13:00.000Z,0.00031,0xed83917af99127b4408ac522cb5339bc6a519bc5,buy,0xcb97e65f07da24d46bcdd078ebebd7c6e6e3d750,0xd46563b7b1997c8dda84bb14e3297dd5bae8fc8edc2537bbdc3980063e3115de
254,51.14146146,0.01334792144106,0x547269c54497404c144bfb5063ca41d51b7b5a88,2017-10-19T02:12:13.000Z,0.000261,0x17e3a6b449b0b6cc068ef522b67f988269265451,sell,0xcb97e65f07da24d46bcdd078ebebd7c6e6e3d750,0xcb57e03919491e10b4844b61e64e37d1d916bb7ea3542d346572682b8b1e1f75
255,322.31509057,0.09991767807729196,0xfce2c6b3bf0fd7858ce0e9867ab9c0e228d36310,2017-10-18T19:55:47.000Z,0.0003100000000018366,0xed83917af99127b4408ac522cb5339bc6a519bc5,buy,0xcb97e65f07da24d46bcdd078ebebd7c6e6e3d750,0x66de65c000bb01635c83987e5919a00e48d02b182e1ac2c5d37a496b646e5d6c
256,1,0.000321,0x3ac636ac5c3a2576156ac5f10066ca68abe0ad54,2017-10-18T16:35:32.000Z,0.000321,0x9dc39c944e73f62742589519aff5d3e9b4bc19a9,buy,0xcb97e65f07da24d46bcdd078ebebd7c6e6e3d750,0x70d4f552bd25c3dda9dc69b49af61df392f9c01f985ff9be346648b1c0ce4168
257,1.59235668,0.0005,0x379374d13077e8867ef31803c37baf9785a17c00,2017-10-18T15:06:36.000Z,0.00031400000155744,0xa529f4bf564eaab73fcbb4d77a2a778282605507,buy,0xcb97e65f07da24d46bcdd078ebebd7c6e6e3d750,0x8dff2661416ad42d3f36142697c79b9596fb5ef43ba06c759d925b8385851afe
258,1.59235668,0.0005,0xf9695cd65d6dfdf257fab76a3eb0cb8f001971cc,2017-10-18T15:03:33.000Z,0.00031400000155744,0xa529f4bf564eaab73fcbb4d77a2a778282605507,buy,0xcb97e65f07da24d46bcdd078ebebd7c6e6e3d750,0x29fd5b0b44e843a87bb37a9ac94e0ee3bf7b2c6bb0432fc49863c8d3dd63659c
259,1941.97986242,0.5049167062090624,0xf1cc647bb15a5ab7667feff7e7c80914374589a1,2017-10-18T13:43:27.000Z,0.000260001,0xca568c15453844f78a5bed1c7d74e5c81cca557d,sell,0xcb97e65f07da24d46bcdd078ebebd7c6e6e3d750,0x8f9cc03cadd502cfd762800a155b2a90833cf0b6df47bd5074eb96d3cb92e823
260,10000,2.56,0xe586e8534d235dad3d46685daf7c1815f0962944,2017-10-18T13:39:41.000Z,0.000256,0xca568c15453844f78a5bed1c7d74e5c81cca557d,sell,0xcb97e65f07da24d46bcdd078ebebd7c6e6e3d750,0xa2608818f68c9b55b27f7d930c4c07516dec5305ee539e531595395d3be823c7
261,3675.136,0.959210496,0x547269c54497404c144bfb5063ca41d51b7b5a88,2017-10-18T11:49:57.000Z,0.000261,0x34a0e8081340d93aae4af9703742f358c43ec3a0,sell,0xcb97e65f07da24d46bcdd078ebebd7c6e6e3d750,0x4623999422416206877364820ce5f4e3aca84b81f10f56a58657659130da64d5
262,324.86392003,0.08478948312783,0x547269c54497404c144bfb5063ca41d51b7b5a88,2017-10-18T11:23:07.000Z,0.000261,0xc4be71be9b6351290877ddd118b7653eff2dcad3,sell,0xcb97e65f07da24d46bcdd078ebebd7c6e6e3d750,0xcdd88a94386576145311864345ded3747e37c0c06284212d71d54213bb033c0d
263,2799,0.878886,0x0fafc566957ef6271e46df0176e9e216b9635825,2017-10-18T07:28:53.000Z,0.000314,0xa529f4bf564eaab73fcbb4d77a2a778282605507,buy,0xcb97e65f07da24d46bcdd078ebebd7c6e6e3d750,0xd034bc51c2e1d8b3625caf37fc94249bbc19f18b50a87c3699be6379a0f62f7e
264,262.995,0.08258043,0x98e6abc306a6a04b67a274d7986d44760878fa48,2017-10-18T03:31:38.000Z,0.000314,0x3f441403c9f9f93b13711db4d4a2e4eed9ada767,sell,0xcb97e65f07da24d46bcdd078ebebd7c6e6e3d750,0x111e49f26fd288054d30b4cf3469b966555b0903ab6d444846c55a22d21436e9
265,1389,0.436146,0x0337a1cf9ef46ee061a38f2714f50ae76e4d9491,2017-10-18T03:31:29.000Z,0.000314,0x3f441403c9f9f93b13711db4d4a2e4eed9ada767,sell,0xcb97e65f07da24d46bcdd078ebebd7c6e6e3d750,0xf9b7172940f79f57f3fb3815b05bccc4c04de07830f2c86d4ab0ffce201625fe
266,2350,0.7379,0x701a67cef76b921d0b6e9f09532964cbf10e3c06,2017-10-17T20:55:31.000Z,0.000314,0xa529f4bf564eaab73fcbb4d77a2a778282605507,buy,0xcb97e65f07da24d46bcdd078ebebd7c6e6e3d750,0xe6246a7c8a3c457ac26bee63f2b1d69e4ccc725a928fd73d203a61c15169d9c3
267,1.59235668,0.0005,0x16e5d97bbc92417e051e3b2cabfbf8ceea2acb9c,2017-10-17T17:17:58.000Z,0.00031400000155744,0xa529f4bf564eaab73fcbb4d77a2a778282605507,buy,0xcb97e65f07da24d46bcdd078ebebd7c6e6e3d750,0xe8eb49b549aea4044f94da2b4e956ad4fec5c19193d590fdc81ff60f45fcc530
268,50,0.0143,0x6803740e573afe386f1d1e64a642cb67b2d1c74a,2017-10-17T15:15:58.000Z,0.000286,0xc4be71be9b6351290877ddd118b7653eff2dcad3,sell,0xcb97e65f07da24d46bcdd078ebebd7c6e6e3d750,0x49e033107d02020d83ad2bdce45b243dbe91fdc390f822756ff57847b3c08148
269,21.54295172,0.0062474559988,0x086ee27e2f1d2f7238a347beebcba963e8c5762a,2017-10-17T15:15:36.000Z,0.00029,0xc4be71be9b6351290877ddd118b7653eff2dcad3,sell,0xcb97e65f07da24d46bcdd078ebebd7c6e6e3d750,0xb9e4fa81502e8ff896d1cd0305dd22f4a6fcfc3a36f75d0ca2e79a4a751ad7d1
270,1.59235668,0.0005,0x42c24a83bded723edfdf5883bc7efb30bc1a1bf3,2017-10-17T14:58:25.000Z,0.00031400000155744,0xa529f4bf564eaab73fcbb4d77a2a778282605507,buy,0xcb97e65f07da24d46bcdd078ebebd7c6e6e3d750,0xa6421fc266ba5ac68f6bc340fe186bafe15a6aba32b98599141689ca0bf8c3fc
271,500,0.158,0xc70e2fcbdeb5ff3aeef541e89afd36dee7ef59e8,2017-10-17T06:55:18.000Z,0.000316,0x547269c54497404c144bfb5063ca41d51b7b5a88,buy,0xcb97e65f07da24d46bcdd078ebebd7c6e6e3d750,0xd312cd5cf473449b5060321b2b95e16001a37b76cc37ba99717b94fe130b8e92
272,1.58227848,0.0005,0xcd912af5286dc0b0a23edb30209734ecb60838b3,2017-10-17T04:59:59.000Z,0.00031600000020224,0x547269c54497404c144bfb5063ca41d51b7b5a88,buy,0xcb97e65f07da24d46bcdd078ebebd7c6e6e3d750,0x33a03568bf1f242238647464c4f1583c2e5f582550ed90415994c09481ce2409
273,3011.75391885,0.94267897660005,0x701a67cef76b921d0b6e9f09532964cbf10e3c06,2017-10-17T03:56:23.000Z,0.000313,0x54409c45877a9877a724bdfc941dd5a16ac0f0c8,buy,0xcb97e65f07da24d46bcdd078ebebd7c6e6e3d750,0x3843e54884cb3f207e5af9d3d49a0117272ec582fe8a4bec90290744f962ae8f
274,80,0.024,0x28842273889b1ea4ecf3ff8ad717345ed94accf6,2017-10-17T03:51:25.000Z,0.0003,0x54409c45877a9877a724bdfc941dd5a16ac0f0c8,sell,0xcb97e65f07da24d46bcdd078ebebd7c6e6e3d750,0xa96aab344a111006f196eb6ffc71c1b8202aab9ba92e707f620e2970e95355cd
275,7000,2.0307,0xe0e2e703d08aff26b9b1c702ddd28de8303adf28,2017-10-17T03:51:25.000Z,0.0002901,0x54409c45877a9877a724bdfc941dd5a16ac0f0c8,sell,0xcb97e65f07da24d46bcdd078ebebd7c6e6e3d750,0xeebfe51824c1e7607a863c9ae8ee1fc2234d0e89ffc297c6e5b95b739569b8b5
276,2804.52207448,0.9030561079850249,0x2f346d5a14f521ac4e5221140ed8098811c98d02,2017-10-17T02:37:37.000Z,0.0003220000000008789,0xa2fcc08aad98b17094d8215b8d75b7b73a1337d3,buy,0xcb97e65f07da24d46bcdd078ebebd7c6e6e3d750,0x50351ef05f047ca2b885d62a1abc797f8b9c25fc39fdf100899dee3619339a86
277,200,0.0644,0x2f346d5a14f521ac4e5221140ed8098811c98d02,2017-10-17T02:35:16.000Z,0.000322,0x547269c54497404c144bfb5063ca41d51b7b5a88,buy,0xcb97e65f07da24d46bcdd078ebebd7c6e6e3d750,0x5f7b6d925f4606e0b10d9cc0bcf8ddfab6890ea8c4748ac4007e7f17a6a934c3
278,3800,1.2236,0x701a67cef76b921d0b6e9f09532964cbf10e3c06,2017-10-17T02:13:50.000Z,0.000322,0x547269c54497404c144bfb5063ca41d51b7b5a88,buy,0xcb97e65f07da24d46bcdd078ebebd7c6e6e3d750,0xea9c0e9111290b0bf6f5de892795a7c8399564f26483b6146963275967b86749
279,3689.441,1.188000002,0x2ce85e25a0a95802025bef2cd267d9d85d5286e9,2017-10-17T01:10:00.000Z,0.000322,0x547269c54497404c144bfb5063ca41d51b7b5a88,buy,0xcb97e65f07da24d46bcdd078ebebd7c6e6e3d750,0x5ae87440ee47eb71872ffc6e8e424b0b27ba51b22aec1d4de9b2f502ce98a9cc
280,1000,0.32,0x2ce85e25a0a95802025bef2cd267d9d85d5286e9,2017-10-17T01:09:47.000Z,0.00032,0xeae3b447e518e257237ebac60ded046ab5ef4984,buy,0xcb97e65f07da24d46bcdd078ebebd7c6e6e3d750,0xe97f34bd4c840c1daa64f38f16b3c1206792e71ae2aaae18f48e2259b2ea6901
281,1000,0.31,0x2ce85e25a0a95802025bef2cd267d9d85d5286e9,2017-10-17T01:09:37.000Z,0.00031,0xeae3b447e518e257237ebac60ded046ab5ef4984,buy,0xcb97e65f07da24d46bcdd078ebebd7c6e6e3d750,0xda8f71eb09dde1322f0373d38c5dec172ec3ed03a9bffe8b32365c1241680407
282,310.559,0.099999998,0x7257219a47860dde51ad2e923727cbde6c7a4374,2017-10-16T20:52:19.000Z,0.000322,0x547269c54497404c144bfb5063ca41d51b7b5a88,buy,0xcb97e65f07da24d46bcdd078ebebd7c6e6e3d750,0x52a6995adb482352d20a95411e6e22af6e08fd993ca66a2d45246ead0e045f97
283,4979.7114652,1.444116324908,0x2ce85e25a0a95802025bef2cd267d9d85d5286e9,2017-10-16T17:04:05.000Z,0.00029,0x6aff1466c2623675e3cb0e75e423d37a25e442eb,sell,0xcb97e65f07da24d46bcdd078ebebd7c6e6e3d750,0xb915cb1866fa2c7f22f132b7751417d23071b0bd10374bbc67ab6efce528b46f
284,1001.8941282,0.290549297178,0x2ce85e25a0a95802025bef2cd267d9d85d5286e9,2017-10-16T14:55:25.000Z,0.00029,0xfbac48777902584e3a2a797500743a22c41cbd15,sell,0xcb97e65f07da24d46bcdd078ebebd7c6e6e3d750,0xc97cf378f94da23857ce6f890c8a1c2fac039ba7f55c5af52db23f39cfd752b9
285,14542.026,4.89077418432,0x2ce85e25a0a95802025bef2cd267d9d85d5286e9,2017-10-16T13:22:17.000Z,0.00033632,0x652bf94db025def61d235c0a3eb986189c560a1f,buy,0xcb97e65f07da24d46bcdd078ebebd7c6e6e3d750,0x929edf23674f320797a0f4eb195f1c0a3aca00ca0707144234a71cd6d19a0bf9
286,998,0.3191604,0x2ce85e25a0a95802025bef2cd267d9d85d5286e9,2017-10-16T13:21:36.000Z,0.0003198,0x9d397615d90b791d4bc088484964e04dcf130804,buy,0xcb97e65f07da24d46bcdd078ebebd7c6e6e3d750,0xa6e5bde288d67fb33c94454fbd233f4e1dcd1418435b8125753c626ba4a2a1b2
287,1888,0.6034048,0x2ce85e25a0a95802025bef2cd267d9d85d5286e9,2017-10-16T13:17:47.000Z,0.0003196,0x54409c45877a9877a724bdfc941dd5a16ac0f0c8,buy,0xcb97e65f07da24d46bcdd078ebebd7c6e6e3d750,0xaafc9fc7f2ea7dd5cdf31e9baf752e29cbec228a3ae4cecda565719f86f3165e
288,2000,0.636,0x2ce85e25a0a95802025bef2cd267d9d85d5286e9,2017-10-16T13:17:47.000Z,0.000318,0x547269c54497404c144bfb5063ca41d51b7b5a88,buy,0xcb97e65f07da24d46bcdd078ebebd7c6e6e3d750,0x0561a2b2714f78e1065500f16295f61b533683ad0ac4cea6f01ace22c4f1e466
289,2000,0.636,0xadea5a72b053ca28909ca773e5afcc9e6757f09e,2017-10-16T13:04:30.000Z,0.000318,0x547269c54497404c144bfb5063ca41d51b7b5a88,buy,0xcb97e65f07da24d46bcdd078ebebd7c6e6e3d750,0xad0643a50db0ec2a3bea5befddd8dc754307454dd2da71f1d296e383f3af7011
290,12357.971,3.7073913,0x2ce85e25a0a95802025bef2cd267d9d85d5286e9,2017-10-16T12:53:58.000Z,0.0003,0x9222c28ce44d709ddd8bc7c1af6c2ed3fe2e697e,buy,0xcb97e65f07da24d46bcdd078ebebd7c6e6e3d750,0xb382ce5a14760ffd8f1caf010e706cd641f63fb0394ff999f3cef1898bdcd2ed
291,100,0.03,0x273a5d3e6721b9f5c1a6474f560c1334c63dda01,2017-10-16T12:41:02.000Z,0.0003,0x9222c28ce44d709ddd8bc7c1af6c2ed3fe2e697e,buy,0xcb97e65f07da24d46bcdd078ebebd7c6e6e3d750,0x6cc0e3d010bde6f5372ae56677dcf60ffeb2ae9db26cdcf36ddacaf5f375adcd
292,99.7,0.03988,0x2ce85e25a0a95802025bef2cd267d9d85d5286e9,2017-10-16T12:41:02.000Z,0.0004,0x273a5d3e6721b9f5c1a6474f560c1334c63dda01,sell,0xcb97e65f07da24d46bcdd078ebebd7c6e6e3d750,0x6cc0e3d010bde6f5372ae56677dcf60ffeb2ae9db26cdcf36ddacaf5f375adcd
293,1778,0.439166,0xa451664ddae7fd041450bc270fa3dc85c41c07ba,2017-10-16T12:01:46.000Z,0.000247,0x6aff1466c2623675e3cb0e75e423d37a25e442eb,sell,0xcb97e65f07da24d46bcdd078ebebd7c6e6e3d750,0x6cd4ffa43c6610a14194e4a030460e5e00be76f41696f4216be0dd161e214e5f
294,789.531,0.2307009582,0xd5c448d9e952ba5e2dff9ef136acece2114d8d8f,2017-10-16T10:22:59.000Z,0.0002922,0x346207616ffd0c6520ec42b2dbfcfe8cdd8307c0,buy,0xcb97e65f07da24d46bcdd078ebebd7c6e6e3d750,0x0c88380c88d45ca132605e7ee6d5662b95b49ece4daf4fccc5199b5b98c807b7
295,789.531,0.2307009582,0xd5c448d9e952ba5e2dff9ef136acece2114d8d8f,2017-10-16T10:20:27.000Z,0.0002922,0x346207616ffd0c6520ec42b2dbfcfe8cdd8307c0,buy,0xcb97e65f07da24d46bcdd078ebebd7c6e6e3d750,0x0c88380c88d45ca132605e7ee6d5662b95b49ece4daf4fccc5199b5b98c807b7
296,1399.64852306,0.34571318519582,0xa451664ddae7fd041450bc270fa3dc85c41c07ba,2017-10-16T10:15:07.000Z,0.000247,0x583b640795999aa2bb22c1a62a91336ff9d325bb,sell,0xcb97e65f07da24d46bcdd078ebebd7c6e6e3d750,0x340482aa6ffd391f5a0eb1b6e57c6923388940ec06274fe24e344b3a3abeb51f
297,1000,0.264,0xf1cc647bb15a5ab7667feff7e7c80914374589a1,2017-10-16T10:09:43.000Z,0.000264,0x583b640795999aa2bb22c1a62a91336ff9d325bb,sell,0xcb97e65f07da24d46bcdd078ebebd7c6e6e3d750,0xdeee716ebf6b8b4b82d1a1150e3c1e3c1d12a7f682a36072544cee341ca3f817
298,3545,1.010325,0x8d79933a001239bf409e72fc5acc43de19d72e8e,2017-10-16T09:59:20.000Z,0.000285,0xd841bb42713f7479379fb074b57b49e9ac3bf8d4,sell,0xcb97e65f07da24d46bcdd078ebebd7c6e6e3d750,0x51e969462f0a9408c3aba110cc4afd3484f1a823bd036654205b0fbf80e811ad
299,10200,2.958,0x086ee27e2f1d2f7238a347beebcba963e8c5762a,2017-10-16T09:11:08.000Z,0.00029,0x583b640795999aa2bb22c1a62a91336ff9d325bb,sell,0xcb97e65f07da24d46bcdd078ebebd7c6e6e3d750,0xd25d49383f6d4b7683e9f31f431f77af01ab983eb7d5a339dcb5e1b486ab5e92
300,8295,2.364075,0xb5a942025ad99dfab4066a9bb8241474830c7cec,2017-10-16T08:40:38.000Z,0.000285,0x583b640795999aa2bb22c1a62a91336ff9d325bb,sell,0xcb97e65f07da24d46bcdd078ebebd7c6e6e3d750,0x46b1965d386ec3973a18be391b45d9b587f7ba576d18a20847449a536227dc7e
301,5786.46870271,1.690806154932445,0x45d5f3e66399fd25d4bcfa7fef88e8aae33479a5,2017-10-16T06:16:29.000Z,0.0002922000000001007,0x346207616ffd0c6520ec42b2dbfcfe8cdd8307c0,buy,0xcb97e65f07da24d46bcdd078ebebd7c6e6e3d750,0x9f6e879631559fcad4e5ff5f5f55717d5d17aad23c41c4bf0e24ad98ac7ae301
302,5000,1.425,0x8d79933a001239bf409e72fc5acc43de19d72e8e,2017-10-16T05:39:30.000Z,0.000285,0x583b640795999aa2bb22c1a62a91336ff9d325bb,sell,0xcb97e65f07da24d46bcdd078ebebd7c6e6e3d750,0x3e55423913a532106ae7a4b0ba3c7247ffcf4983805116d08496747753759fc1
303,7000,1.9957,0xa2fcc08aad98b17094d8215b8d75b7b73a1337d3,2017-10-16T05:39:30.000Z,0.0002851,0x583b640795999aa2bb22c1a62a91336ff9d325bb,sell,0xcb97e65f07da24d46bcdd078ebebd7c6e6e3d750,0xe221ad6500f6481ff76d161ef6a2d2b956b27cd2d93b43841138af4ac4975b00
304,1423.58688066,0.3914863921815,0xa2fcc08aad98b17094d8215b8d75b7b73a1337d3,2017-10-16T03:54:16.000Z,0.000275,0x00a0e722f279445108b60a836b10fc34bf2aa9a7,sell,0xcb97e65f07da24d46bcdd078ebebd7c6e6e3d750,0xac9b7316c9e2a0d80a44df2be8edfd47a5dab7b076cee2046159cc3b3c94668c
305,1381.30353553,0.3989204610620945,0x5a4c698bbf79ad5f272927e08d1f3747eb63f182,2017-10-16T03:46:19.000Z,0.000288800000000746,0x0071bb9541b18bbb3eb743e67fdc40b3a36c49b2,buy,0xcb97e65f07da24d46bcdd078ebebd7c6e6e3d750,0xa9507b54fa3be53580881ca9a2c53c036d43145b03288f26a8f20f114c40de95
306,6837.931,1.98299999,0x7d428c30424c8614358c93b1fd5eb2d8646861ef,2017-10-16T02:32:40.000Z,0.00029,0x0071bb9541b18bbb3eb743e67fdc40b3a36c49b2,buy,0xcb97e65f07da24d46bcdd078ebebd7c6e6e3d750,0x509aaaf9be45d275f6d5eae5a014249789466a0d4f257b4b603a49ace75d6425
307,1511.58160223,0.441684144171606,0xa2fcc08aad98b17094d8215b8d75b7b73a1337d3,2017-10-15T23:36:43.000Z,0.0002922,0x346207616ffd0c6520ec42b2dbfcfe8cdd8307c0,sell,0xcb97e65f07da24d46bcdd078ebebd7c6e6e3d750,0x73fc86eee6c2014cec336da2ee2994815b0831be91e11899f3a8d0e0207ee91b
308,1.65387326,0.000483114571965057,0x9222c28ce44d709ddd8bc7c1af6c2ed3fe2e697e,2017-10-15T22:00:22.000Z,0.0002921110000684436,0x919f048a67332c23e8306ab4aa4336e8265336f2,buy,0xcb97e65f07da24d46bcdd078ebebd7c6e6e3d750,0x489c6844ecd8ffceb7924b5c10bf51c30fd49088f5c824f1b6ad3b3f8dd17797
309,2653.61205862,0.775385443528764,0xa2fcc08aad98b17094d8215b8d75b7b73a1337d3,2017-10-15T21:33:15.000Z,0.0002922,0x09e396aca9535fffc68c72f880ab36e252b73a43,sell,0xcb97e65f07da24d46bcdd078ebebd7c6e6e3d750,0x9c4c4ab5b869c8503823939e2148c316d4a18720e82f5eff571d878ac6ee5200
310,1.48667935,0.0005,0x3bfdec5343e950ce45522eef9948c977631b4000,2017-10-15T20:44:29.000Z,0.0003363200006780211,0x652bf94db025def61d235c0a3eb986189c560a1f,buy,0xcb97e65f07da24d46bcdd078ebebd7c6e6e3d750,0x1e2ad707b9e114a6ee3a685317e8301b942dc01cbc299622788f8c639336d662
311,1.48667935,0.0005,0x350f6f675b20d606bb7f6c412ef4775c9bc57168,2017-10-15T20:44:29.000Z,0.0003363200006780211,0x652bf94db025def61d235c0a3eb986189c560a1f,buy,0xcb97e65f07da24d46bcdd078ebebd7c6e6e3d750,0x9ff8cdeb48be312c2a01a14d6e64b7ad2beffeaf5bec106d4f819d186e5a98bf
312,468.54750274,0.136909580300628,0xa2fcc08aad98b17094d8215b8d75b7b73a1337d3,2017-10-15T20:18:34.000Z,0.0002922,0x9e10ced403becb30992ebce865ca24188bab68d9,sell,0xcb97e65f07da24d46bcdd078ebebd7c6e6e3d750,0x0bf3521271d43d6573c47041300c2fba4ff73cdc0311a850d6d753b96126f430
313,2366.25883641,0.691420831999002,0xa2fcc08aad98b17094d8215b8d75b7b73a1337d3,2017-10-15T20:06:44.000Z,0.0002922,0x2e0d4d7a7a09c21e180e757e946141e6aae671bb,sell,0xcb97e65f07da24d46bcdd078ebebd7c6e6e3d750,0xca04802f7d7618a88c2450ad956cb62802e25e52ab03adbaeae771060f329c7a
314,1123.71692377,0.3592523005297284,0x6aff1466c2623675e3cb0e75e423d37a25e442eb,2017-10-15T13:39:33.000Z,0.0003197000000004088,0xd841bb42713f7479379fb074b57b49e9ac3bf8d4,buy,0xcb97e65f07da24d46bcdd078ebebd7c6e6e3d750,0x4d6c4bb8b1575e0e2464ed5ee3b0dc2e38c6372a986d8aab7ccf8fd7f4619013
315,5849.8654172,1.54494945668252,0x3f441403c9f9f93b13711db4d4a2e4eed9ada767,2017-10-15T13:36:28.000Z,0.0002641,0xb2a943081635c4bde21bfa542c365bc6f7bb07a1,sell,0xcb97e65f07da24d46bcdd078ebebd7c6e6e3d750,0x42339f03103abc5cdb6835f3a8a09907319d0a8acbc2e80c1d2100e2d7a703e6
316,238,0.06664,0xd841bb42713f7479379fb074b57b49e9ac3bf8d4,2017-10-15T06:22:49.000Z,0.00028,0xf63b73a7d0bb9814aed1547d57ff019bc12b7177,buy,0xcb97e65f07da24d46bcdd078ebebd7c6e6e3d750,0xeea44406d43a306c2ba0d58177698c457564775b311f164070294fbac76be5d9
317,3158.711,1.0095240356,0x03c012c59aa6e116fed3177f40b7ff867f506eae,2017-10-14T22:31:55.000Z,0.0003196,0x23c09abbc301e4bd6396548f5f6005ab345afb7e,buy,0xcb97e65f07da24d46bcdd078ebebd7c6e6e3d750,0x3ed759781b781544e344b4d6b873d6e78ece02a2e05080d1c445ca3cbb004fb3
318,2661.7485794,0.692054630644,0x09e396aca9535fffc68c72f880ab36e252b73a43,2017-10-14T19:57:00.000Z,0.00026,0xd8a79ccc1dbf0a1621fe55d64927284db3e69195,sell,0xcb97e65f07da24d46bcdd078ebebd7c6e6e3d750,0xe0373adb252d61f26e3d35e9fc8474ad4b14375e2798e7cced17e1e1dd2175be
319,10000,2.6,0x583b640795999aa2bb22c1a62a91336ff9d325bb,2017-10-14T19:51:45.000Z,0.00026,0xd8a79ccc1dbf0a1621fe55d64927284db3e69195,sell,0xcb97e65f07da24d46bcdd078ebebd7c6e6e3d750,0x4ee056478d8bd708392b6d78145daef6ee1279266a49ff47a3c3f01e405f71a3
320,4493.52,1.3130964144,0x583b640795999aa2bb22c1a62a91336ff9d325bb,2017-10-14T17:14:36.000Z,0.00029222,0xe586e8534d235dad3d46685daf7c1815f0962944,buy,0xcb97e65f07da24d46bcdd078ebebd7c6e6e3d750,0x9cac437298ab85bdd44bd385cf45cd1fe602287596a45006c03ae1ffb1c77a6d
321,3566.93364786,1.042258011904692,0x583b640795999aa2bb22c1a62a91336ff9d325bb,2017-10-14T17:14:36.000Z,0.0002922,0x086ee27e2f1d2f7238a347beebcba963e8c5762a,buy,0xcb97e65f07da24d46bcdd078ebebd7c6e6e3d750,0x0e82308acf019a7578c3950411cf8f314f304cfb68acad39246a01f4a7dbfb61
322,5920,1.729824,0xa451664ddae7fd041450bc270fa3dc85c41c07ba,2017-10-14T17:11:24.000Z,0.0002922,0x086ee27e2f1d2f7238a347beebcba963e8c5762a,buy,0xcb97e65f07da24d46bcdd078ebebd7c6e6e3d750,0x0577ee3f71fc0cc46dcdadbe933c7744399358bdefc63c38c792cd4cdfda396c
323,7500,2.19,0x583b640795999aa2bb22c1a62a91336ff9d325bb,2017-10-14T17:05:20.000Z,0.000292,0xe586e8534d235dad3d46685daf7c1815f0962944,buy,0xcb97e65f07da24d46bcdd078ebebd7c6e6e3d750,0xa120d9039f4e6a04241b5e6d6627a43bfb6fd60437c3a4e2678927243962d9a9
324,1674.8508312,0.485706741048,0xa451664ddae7fd041450bc270fa3dc85c41c07ba,2017-10-14T16:56:42.000Z,0.00029,0x3d01b31cf2cd9bff5981b0257600384619fe65ab,buy,0xcb97e65f07da24d46bcdd078ebebd7c6e6e3d750,0x88ee19158fd34cab3138cef8c0dcb1a977ef8ef365e61a6dbbd9f4e7ed70f47b
325,12000,3.504,0xa451664ddae7fd041450bc270fa3dc85c41c07ba,2017-10-14T16:45:03.000Z,0.000292,0xe586e8534d235dad3d46685daf7c1815f0962944,buy,0xcb97e65f07da24d46bcdd078ebebd7c6e6e3d750,0x0fbdb049b142927e6f1c591cf8d74de45c2ffd164682168408071231528fd4e9
326,1000,0.29,0xc70e2fcbdeb5ff3aeef541e89afd36dee7ef59e8,2017-10-14T15:54:12.000Z,0.00029,0x3d01b31cf2cd9bff5981b0257600384619fe65ab,buy,0xcb97e65f07da24d46bcdd078ebebd7c6e6e3d750,0xeb4a69a80be2ab24921028b6121a3fbcda7af81b6262e92bebf4a235a9d1c2cf
327,3472.222,0.999999936,0x6aff1466c2623675e3cb0e75e423d37a25e442eb,2017-10-14T15:07:21.000Z,0.000288,0x3d01b31cf2cd9bff5981b0257600384619fe65ab,buy,0xcb97e65f07da24d46bcdd078ebebd7c6e6e3d750,0xe0dd2d091c2690c8b200121300b0f8d80e035160df80249a21cbac70a088d2c7
328,1384.7001688,0.3987936486168919,0x6aff1466c2623675e3cb0e75e423d37a25e442eb,2017-10-14T14:14:27.000Z,0.0002880000000017996,0x3d01b31cf2cd9bff5981b0257600384619fe65ab,buy,0xcb97e65f07da24d46bcdd078ebebd7c6e6e3d750,0xa8daf6b0e45bc77b50aa76c355d046f3eac3fe15c27440a70ed61b79a445185e
329,200,0.059,0x889bbfa0aadd4cc1a8608f6940d1472cbd0fffa8,2017-10-14T10:42:22.000Z,0.000295,0xd841bb42713f7479379fb074b57b49e9ac3bf8d4,sell,0xcb97e65f07da24d46bcdd078ebebd7c6e6e3d750,0x5814794d1e75d01c3a8d99abeb0389c20b61c670b7dceee8e75eaa0bc38c6499
330,563.06635214,0.16452798809618754,0x6aff1466c2623675e3cb0e75e423d37a25e442eb,2017-10-14T06:56:03.000Z,0.00029220000000156207,0x086ee27e2f1d2f7238a347beebcba963e8c5762a,buy,0xcb97e65f07da24d46bcdd078ebebd7c6e6e3d750,0xc5cd6bbe600cd21f4055cdebd0231251d28cd19fff6c0bfaca76228511d8dc41
331,5000,1.225005,0x8f2dda93fef5b064a49baff050d984f6477b9e9f,2017-10-14T06:45:02.000Z,0.000245001,0x6aff1466c2623675e3cb0e75e423d37a25e442eb,sell,0xcb97e65f07da24d46bcdd078ebebd7c6e6e3d750,0xf5194fbe894398b3c93f5f7035e64bce9ca570e537741adaf2009ac8277b20b2
332,2000,0.5002,0x7cf38e9d0e063dae34ab36cb08dbf0359bceb816,2017-10-14T06:36:06.000Z,0.0002501,0x6aff1466c2623675e3cb0e75e423d37a25e442eb,sell,0xcb97e65f07da24d46bcdd078ebebd7c6e6e3d750,0xe17c4e404802e5c5cb3b471fa48bf7442e62a5fdda36a319eb2b28f918f1405d
333,1752.291,0.439825041,0xa451664ddae7fd041450bc270fa3dc85c41c07ba,2017-10-14T06:35:19.000Z,0.000251,0x6aff1466c2623675e3cb0e75e423d37a25e442eb,sell,0xcb97e65f07da24d46bcdd078ebebd7c6e6e3d750,0x077dc7a95c9ab5ea280cb788a82f0f90bd929b585078db5c367ad7fae8df4e98
334,0.26089346,0.00006548425846,0xa451664ddae7fd041450bc270fa3dc85c41c07ba,2017-10-14T06:10:52.000Z,0.000251,0xe32c8561c14f5fcc6a4d4310cd866ae48aadd533,sell,0xcb97e65f07da24d46bcdd078ebebd7c6e6e3d750,0x5075e20bfddab47d2ae226f08f982ac825bf5398a3f6809be1d5313b123b3962
335,2617.02223108,0.65687258000108,0xa451664ddae7fd041450bc270fa3dc85c41c07ba,2017-10-14T05:56:40.000Z,0.000251,0xe32c8561c14f5fcc6a4d4310cd866ae48aadd533,sell,0xcb97e65f07da24d46bcdd078ebebd7c6e6e3d750,0x096046c72cfd00c2f06e0e490ea199c152b60369e57d8186cb1afabbb787ae2a
336,5555,1.397638,0xe586e8534d235dad3d46685daf7c1815f0962944,2017-10-14T05:47:41.000Z,0.0002516,0xe32c8561c14f5fcc6a4d4310cd866ae48aadd533,sell,0xcb97e65f07da24d46bcdd078ebebd7c6e6e3d750,0x9e38f482c99122705594dc27875fd599d71dbbf52d4672bb54fb5963fdffe849
337,19400,4.8791,0x4767a566ade759265d940462fd315f9022114324,2017-10-14T05:41:20.000Z,0.0002515,0xe32c8561c14f5fcc6a4d4310cd866ae48aadd533,sell,0xcb97e65f07da24d46bcdd078ebebd7c6e6e3d750,0xe1b669f49aa014757067c68a210d7ec7e58b3bd5593b7d35cafe82a781ba45b5
338,2373.59423881,0.6978367062107467,0x2e0d4d7a7a09c21e180e757e946141e6aae671bb,2017-10-14T03:09:56.000Z,0.0002940000000002556,0x583b640795999aa2bb22c1a62a91336ff9d325bb,buy,0xcb97e65f07da24d46bcdd078ebebd7c6e6e3d750,0xafd4e883f234f7eb6a576eecdab4f0bd19ab070aa82a5e6960e75a75959d4a82
339,2857.143,0.840000042,0x736831a04fd126ffd8b49362687feae28c654b81,2017-10-14T02:57:50.000Z,0.000294,0x583b640795999aa2bb22c1a62a91336ff9d325bb,buy,0xcb97e65f07da24d46bcdd078ebebd7c6e6e3d750,0xfb8242152c68e8056f63cf7d4121bd80314c504c297e4ea9c4374a7e5f19e1cf
340,200,0.0502,0x736831a04fd126ffd8b49362687feae28c654b81,2017-10-14T02:55:34.000Z,0.000251,0x889bbfa0aadd4cc1a8608f6940d1472cbd0fffa8,buy,0xcb97e65f07da24d46bcdd078ebebd7c6e6e3d750,0xf9dc773255b6f14c469f728cab21a6cfb7500fbf919f3fc42dddd9e843eac63b
341,42.1755,0.0124417725,0x0b78f40529badd274ed9e54a529afa9d2ef96ff8,2017-10-14T02:03:21.000Z,0.000295,0x448577b61f72c14e01199d8fce8fbc311028897f,buy,0xcb97e65f07da24d46bcdd078ebebd7c6e6e3d750,0x7f405d14593198e0e2b276e0f6f3e0e66ba552b3b456c82eb0f7426401ddbb5d
342,9286,2.36793,0x857d52c8bbf86787da4811b9086d0d708bdae994,2017-10-14T01:50:39.000Z,0.000255,0x1dec75672c1dcd1a6342b8dcc6ed1b783352e638,sell,0xcb97e65f07da24d46bcdd078ebebd7c6e6e3d750,0x4d91447deb0d0f67db1006421b2cb1fff946d528e977e24355ba01055a211371
343,1000.033,0.29999989967,0x47bfd3f4c516b608122ec32f8ddb412bb90c378a,2017-10-13T15:41:39.000Z,0.00029999,0x1dec75672c1dcd1a6342b8dcc6ed1b783352e638,buy,0xcb97e65f07da24d46bcdd078ebebd7c6e6e3d750,0x8b63e70d1ff1daef7a35d8ca3d45a60b88a75f669cd947083e06f52a3b9821f4
344,1630.42560824,0.40923682766824,0xa451664ddae7fd041450bc270fa3dc85c41c07ba,2017-10-13T15:10:21.000Z,0.000251,0xdb9ea5b57793860b609bc07c772c78100c12a50b,sell,0xcb97e65f07da24d46bcdd078ebebd7c6e6e3d750,0x368a6b89128162288dc5b781fbf2b405fa258124018b2e54911440861de5067f
345,8446,2.36488,0x8f5044808c5c79ea0fe76ba7feab3f395c489012,2017-10-13T15:07:49.000Z,0.00028,0xdb9ea5b57793860b609bc07c772c78100c12a50b,sell,0xcb97e65f07da24d46bcdd078ebebd7c6e6e3d750,0x60c10e39f1037fe1d00ee704dacd9b45fe2e56c8163ab2668c19150a978b47a1
346,1666.667,0.5000001,0xf73db7ad7f972188f6b27b63f9c97f535e9bf074,2017-10-13T13:43:48.000Z,0.0003,0xd7cb7484ab22b47d788a34cd8035b9f7b512d371,buy,0xcb97e65f07da24d46bcdd078ebebd7c6e6e3d750,0xad411da46b126f3291744bd49b5f9b222c4e04c19f111a3ba9bb9813f0bea9de
347,543.46168731,0.163038506193,0xe6b1aae4497d0bbd5251790fb11b78d8839d73eb,2017-10-13T06:24:52.000Z,0.0003,0xdb9ea5b57793860b609bc07c772c78100c12a50b,sell,0xcb97e65f07da24d46bcdd078ebebd7c6e6e3d750,0xf8eabe6c092930392e3efbeb13a7658d69673307f298484deef9602acab6de06
348,38879.47363174,11.663842089522,0xe6b1aae4497d0bbd5251790fb11b78d8839d73eb,2017-10-13T04:58:14.000Z,0.0003,0x3f441403c9f9f93b13711db4d4a2e4eed9ada767,sell,0xcb97e65f07da24d46bcdd078ebebd7c6e6e3d750,0x5b7c53d2305bbab53605aa111e6203422092b95b3a584a3ac3825f90b045880b
349,457,0.1371,0xe6b1aae4497d0bbd5251790fb11b78d8839d73eb,2017-10-13T03:59:03.000Z,0.0003,0xe84942b488aa90e2ce98c302cfb26cc74ff61ca4,sell,0xcb97e65f07da24d46bcdd078ebebd7c6e6e3d750,0xf33bb0a51885c10af2f01678fbf247d16d0234a009897c7b43354f324211a020
350,5450,1.6241,0x7aa6e2506316f6d613277d4f2f4e4e1dc55e528e,2017-10-13T03:54:57.000Z,0.000298,0x1fa87cfc6372da2a09a6343bc3e1b46f662f56ce,buy,0xcb97e65f07da24d46bcdd078ebebd7c6e6e3d750,0x5670cf162f1c8f354c561cbc702da168db97f076df6c9ad8c3cb74ba860cb88c
351,5433.65,1.630095,0xe6b1aae4497d0bbd5251790fb11b78d8839d73eb,2017-10-13T03:54:57.000Z,0.0003,0x7aa6e2506316f6d613277d4f2f4e4e1dc55e528e,sell,0xcb97e65f07da24d46bcdd078ebebd7c6e6e3d750,0x5670cf162f1c8f354c561cbc702da168db97f076df6c9ad8c3cb74ba860cb88c
352,2660.562257,0.7981686771,0xe6b1aae4497d0bbd5251790fb11b78d8839d73eb,2017-10-13T03:21:19.000Z,0.0003,0x60143b6b44b8a04723fa4848f5b68310044fb176,sell,0xcb97e65f07da24d46bcdd078ebebd7c6e6e3d750,0x47e32937d32e302133bda545f9074fc7b4ff47a8294c789f9e4e580981175c6e
353,18748.75870005,5.5308838165173375,0xfe423f6b9b3aa093cc08831d9b106027f97e132e,2017-10-13T02:40:50.000Z,0.00029500000000013803,0x4ddbc50f2193a37bc73450fb89d8c7e7a34250f3,buy,0xcb97e65f07da24d46bcdd078ebebd7c6e6e3d750,0xdb8ff0d0b2676175d97f6c7f117a7233447dbd2d2bc5caa45717bfe6b00cbcaf
354,18692.51242395,5.607753727185,0xe6b1aae4497d0bbd5251790fb11b78d8839d73eb,2017-10-13T02:40:50.000Z,0.0003,0xfe423f6b9b3aa093cc08831d9b106027f97e132e,sell,0xcb97e65f07da24d46bcdd078ebebd7c6e6e3d750,0xdb8ff0d0b2676175d97f6c7f117a7233447dbd2d2bc5caa45717bfe6b00cbcaf
355,31.289,0.0099999644,0xae9e119bbc4c1c81f6711d88b3fd9e6d16ddd503,2017-10-13T00:58:17.000Z,0.0003196,0x23c09abbc301e4bd6396548f5f6005ab345afb7e,buy,0xcb97e65f07da24d46bcdd078ebebd7c6e6e3d750,0xaa6dc39b7cc89422d67d8ec8084ae07abc092c30c211dcda3a4e31f6a6502aa7
356,765.24129994,0.22574618348266218,0xdf81d59d19cb205ddada671e23ea7473975b529d,2017-10-12T22:51:01.000Z,0.00029500000000047327,0x4ddbc50f2193a37bc73450fb89d8c7e7a34250f3,buy,0xcb97e65f07da24d46bcdd078ebebd7c6e6e3d750,0x9fbd0707979a7d0a9418ef0a066276847012c66a2cfeb571e0de3900a3641b1e
357,21302.70149287,6.071269925469046,0xc0ad7700cefe80f198a696e1a78931550add582e,2017-10-12T15:33:33.000Z,0.00028500000000005143,0x4ddbc50f2193a37bc73450fb89d8c7e7a34250f3,buy,0xcb97e65f07da24d46bcdd078ebebd7c6e6e3d750,0x4a8f5321f4707d6607fddfb44fb894e2070940449e63bc151b7b4749774f1adf
358,11555,3.28162,0xc0ad7700cefe80f198a696e1a78931550add582e,2017-10-12T15:27:29.000Z,0.000284,0x64a21692be372198661792144baafbcbb5b6a9dc,buy,0xcb97e65f07da24d46bcdd078ebebd7c6e6e3d750,0xdb336418335e6c3726aea46324c1dce07ba6e893b38c8a16b47468297020c57f
359,3880,1.067,0xc0ad7700cefe80f198a696e1a78931550add582e,2017-10-12T15:11:37.000Z,0.000275,0x547269c54497404c144bfb5063ca41d51b7b5a88,buy,0xcb97e65f07da24d46bcdd078ebebd7c6e6e3d750,0xbfce84486945fe29b35a79c40a070a4745c1679c97d3f6a87912135aad0e5971
360,3829,0.95744145,0x318acb24cf301a1582e41275fca45567fc7bcdb1,2017-10-12T15:03:09.000Z,0.00025005,0xdb0345e803263d01208f9054f2379c422ca48734,sell,0xcb97e65f07da24d46bcdd078ebebd7c6e6e3d750,0xfdc95ef2c9dffc8136726d5e0eb61f5d811e6c622b47dd9a995df15e1b08121a
361,3983.30829318,0.995827073295,0x857d52c8bbf86787da4811b9086d0d708bdae994,2017-10-12T11:59:23.000Z,0.00025,0xc7954ad7f35fe1e61b088fa1367a03d19cf1ed03,sell,0xcb97e65f07da24d46bcdd078ebebd7c6e6e3d750,0x80564f2ab08774cd89cda8eaf81ec6d25a7bc4e4cc793dfc6e63e8b52f2ba7f7
362,120,0.033,0x953ea32ceda166340772e2b7feb69447b550e11c,2017-10-12T11:25:26.000Z,0.000275,0x547269c54497404c144bfb5063ca41d51b7b5a88,buy,0xcb97e65f07da24d46bcdd078ebebd7c6e6e3d750,0xdb47a12cf989286417d5d305d139d7633fbe6cbc7d39e508cc457b7f7ebfc5c4
363,1500,0.4275,0x2995d2c83b10272bb1a85e56d13d33466e0d7146,2017-10-12T04:11:07.000Z,0.000285,0x4ddbc50f2193a37bc73450fb89d8c7e7a34250f3,buy,0xcb97e65f07da24d46bcdd078ebebd7c6e6e3d750,0xe4a7e7cd114f685e0a9b4248f94282a6db5f4bbee3c4c410807e7bf188e7cb5d
364,1287.77788854,0.3283833615777,0x21acd7740938610bf61e715a8f03736b1926f4d5,2017-10-12T00:02:15.000Z,0.000255,0xd24b9498feecabb6b5d047e3d26d8c9eaf5042ed,sell,0xcb97e65f07da24d46bcdd078ebebd7c6e6e3d750,0x9814234aa719cdf25129008ca6a232889905fd35a1213379b86a068c7151fa8c
365,3880,1.00104,0x317da8b8103310497c3251c2dc6ad19f09474e70,2017-10-11T23:41:01.000Z,0.000258,0xd24b9498feecabb6b5d047e3d26d8c9eaf5042ed,sell,0xcb97e65f07da24d46bcdd078ebebd7c6e6e3d750,0x4c14c38bc9e4602dab60697817ec8f708569a67d133f4fbcebc1fb75cf0f6a14
366,7109.85354969,2.0263082616628116,0x2995d2c83b10272bb1a85e56d13d33466e0d7146,2017-10-11T21:38:50.000Z,0.0002850000000001634,0x4ddbc50f2193a37bc73450fb89d8c7e7a34250f3,buy,0xcb97e65f07da24d46bcdd078ebebd7c6e6e3d750,0xd86bc1dab15985846fe6b4595c32efed87ba179be0a80bd6c4571eb4cb68db0c
367,27947.502,7.909143066,0x2995d2c83b10272bb1a85e56d13d33466e0d7146,2017-10-11T21:28:34.000Z,0.000283,0x448577b61f72c14e01199d8fce8fbc311028897f,buy,0xcb97e65f07da24d46bcdd078ebebd7c6e6e3d750,0x8d6bcf7710dc093f72bb885a5447a8bec575146c773b4220e0ada91eff9d19fb
368,21891.49759898,6.195293820514141,0xafff5c7a5933e5216141e09710be9cc159cb6388,2017-10-11T21:08:19.000Z,0.00028300000000012793,0x448577b61f72c14e01199d8fce8fbc311028897f,buy,0xcb97e65f07da24d46bcdd078ebebd7c6e6e3d750,0x83faa5c4ab50062c3f3cb4b1f5b7c3d5b8bb2d5d7d3a20752e5eb69d4285a938
369,50,0.012471,0x670524c23e0eaee139b7c018b828455f59f256a9,2017-10-11T17:18:44.000Z,0.00024942,0xd24b9498feecabb6b5d047e3d26d8c9eaf5042ed,sell,0xcb97e65f07da24d46bcdd078ebebd7c6e6e3d750,0xe5a0839d2cb4cd3f5d8a9c7dcc6d28d91552852b0ec613ac9c5cd0c6c67020bf
370,93.7007874,0.0237999999996,0x0535ae8262401b8f8af043d476ba12d3c39addab,2017-10-11T07:01:05.000Z,0.000254,0x583b640795999aa2bb22c1a62a91336ff9d325bb,sell,0xcb97e65f07da24d46bcdd078ebebd7c6e6e3d750,0xe5c88e81c52ce241a03885d3357d0a09a4c352bec3af087a8fb374d2aeec6202
371,300,0.0762,0x0535ae8262401b8f8af043d476ba12d3c39addab,2017-10-11T06:58:58.000Z,0.000254,0x583b640795999aa2bb22c1a62a91336ff9d325bb,sell,0xcb97e65f07da24d46bcdd078ebebd7c6e6e3d750,0x0d0e964a56851875260891544b448eddce4532635e8e87d3ff300dda3a56baf0
372,0.5,0.0001275,0xdd3b7b82caa14a588410caa5e37bc9c9c02f27ce,2017-10-11T06:49:55.000Z,0.000255,0x448577b61f72c14e01199d8fce8fbc311028897f,buy,0xcb97e65f07da24d46bcdd078ebebd7c6e6e3d750,0xc771c3c4251b43a44d7824c219a5ee26d93afb5cfaca69946ca6b50c00633313
373,0.5,0.0001275,0xdd3b7b82caa14a588410caa5e37bc9c9c02f27ce,2017-10-11T06:36:33.000Z,0.000255,0x448577b61f72c14e01199d8fce8fbc311028897f,buy,0xcb97e65f07da24d46bcdd078ebebd7c6e6e3d750,0x0a0535eaf2431c681c78b5e3880f5c3a47f3deec1ff022c50489fb14b0ca2955
374,3391.41935442,0.7800603657101443,0x583b640795999aa2bb22c1a62a91336ff9d325bb,2017-10-11T06:36:08.000Z,0.00023001,0xff951a2435a84ac30cd73159c0fe33b98b2c01f9,sell,0xcb97e65f07da24d46bcdd078ebebd7c6e6e3d750,0x4b09ee86d84ba131fa6b64a31ce02376cf3275f45f0be99fd2b7f2626bba6e39
375,0.49999999,0.000126999499999999,0xdd3b7b82caa14a588410caa5e37bc9c9c02f27ce,2017-10-11T06:30:50.000Z,0.0002539990050799781,0x691053a11b569b45eb2ff7788c4e138623812fa1,buy,0xcb97e65f07da24d46bcdd078ebebd7c6e6e3d750,0x6e437aab2d7ad151c00d360e56e52f8e17934e9ef6dbf60c00ee83afa1a0c75b
376,12700,3.2385,0xd8a79ccc1dbf0a1621fe55d64927284db3e69195,2017-10-11T06:17:25.000Z,0.000255,0x448577b61f72c14e01199d8fce8fbc311028897f,buy,0xcb97e65f07da24d46bcdd078ebebd7c6e6e3d750,0x0a79d969876ada9bb21328a52021ef5eb45dff2d570ec62c67cbf585ce186610
377,408,0.09384,0x857d52c8bbf86787da4811b9086d0d708bdae994,2017-10-11T05:47:29.000Z,0.00023,0x4e44670d7a0b9b340adbf998b2b7679095a5164f,sell,0xcb97e65f07da24d46bcdd078ebebd7c6e6e3d750,0x367b6a0db069bd78c46ca11a72a06e89332624c40270378e397f1de08b4dca6a
378,408,0.09384204,0x318acb24cf301a1582e41275fca45567fc7bcdb1,2017-10-11T05:00:14.000Z,0.000230005,0x4e44670d7a0b9b340adbf998b2b7679095a5164f,sell,0xcb97e65f07da24d46bcdd078ebebd7c6e6e3d750,0x040ac320965159cd810b315cfb5d3d98bf92770c7f016605831c94c9a295df64
379,408,0.09384204,0x318acb24cf301a1582e41275fca45567fc7bcdb1,2017-10-11T04:59:31.000Z,0.000230005,0x4e44670d7a0b9b340adbf998b2b7679095a5164f,sell,0xcb97e65f07da24d46bcdd078ebebd7c6e6e3d750,0x040ac320965159cd810b315cfb5d3d98bf92770c7f016605831c94c9a295df64
380,3995.65654889,1.0188924199685707,0xc7954ad7f35fe1e61b088fa1367a03d19cf1ed03,2017-10-11T03:23:09.000Z,0.0002550000000004056,0x448577b61f72c14e01199d8fce8fbc311028897f,buy,0xcb97e65f07da24d46bcdd078ebebd7c6e6e3d750,0x3e825c4a49fb420f3e5e6619a66fdd3ed61860050e10a91bf99938b96c217864
381,954.039,0.21943851039,0x583b640795999aa2bb22c1a62a91336ff9d325bb,2017-10-11T02:59:37.000Z,0.00023001,0x84a711900adca973e45795ccdebb34351f4c1608,buy,0xcb97e65f07da24d46bcdd078ebebd7c6e6e3d750,0x3e0141643f42015a13b7412ab054227aa7ded705f8b8200d38d1ca25dde2de8e
382,6257.822,1.9999999112,0xb60375c23b1517e70c70ef6a7b4d016bee3667aa,2017-10-11T02:19:02.000Z,0.0003196,0x583b640795999aa2bb22c1a62a91336ff9d325bb,buy,0xcb97e65f07da24d46bcdd078ebebd7c6e6e3d750,0xa3743b8fe8891c82c45a715c22e74e26ee9fe62a9286f13e39918d2a62acd9e9
