,amount,amountBase,buyer,date,price,seller,side,tokenAddr,txHash
0,258,1.3416,0x1d2124733191d94ce85eadcdb0d5550ab858f8f5,2017-11-02T09:11:06.000Z,0.0052,0x53c832ea7b9577e1b07f4bccc249b894649c1a20,buy,0x84119cb33e8f590d75c2d6ea4e6b0741a7494eda,0x945db2f63879fb6029f9e36be44921e65b7d545a3aceb7d873947867895a749e
1,239,1.23085,0xde5f1cfa525ce4546e93a9674b05d451a8fea3b7,2017-11-02T05:03:28.000Z,0.00515,0x6833020e1fad7f8054b101fd9ca44e96886371e4,sell,0x84119cb33e8f590d75c2d6ea4e6b0741a7494eda,0xf2481348fa9d165a8ff5de528aec5b462f14165783847b5e216e703b48a1b772
2,20,0.104,0x88bfe9b06cf22a31d6bf7b93de3a0760422cf17f,2017-11-02T04:58:36.000Z,0.0052,0x53c832ea7b9577e1b07f4bccc249b894649c1a20,buy,0x84119cb33e8f590d75c2d6ea4e6b0741a7494eda,0x80c9199ab107dd80e6cd64716b2aa887795e571ce34a11460fc349161a7384f4
3,80,0.416,0x88bfe9b06cf22a31d6bf7b93de3a0760422cf17f,2017-11-02T04:25:34.000Z,0.0052,0x53c832ea7b9577e1b07f4bccc249b894649c1a20,buy,0x84119cb33e8f590d75c2d6ea4e6b0741a7494eda,0x1ab9e0cfb825b3fce5816fd2f6f08a860c01730ebc47230574731cd3dddf2e09
4,283,1.4716,0x6aa5f1abf49559605cce0122ebd4aca55ed364d8,2017-11-02T02:48:49.000Z,0.0052,0x53c832ea7b9577e1b07f4bccc249b894649c1a20,buy,0x84119cb33e8f590d75c2d6ea4e6b0741a7494eda,0x9ff47737e679e436f943a90aeb20e9194f6c2b1b26c932e45124d39c30aeef40
5,10,0.052,0x88bfe9b06cf22a31d6bf7b93de3a0760422cf17f,2017-11-02T02:10:11.000Z,0.0052,0x53c832ea7b9577e1b07f4bccc249b894649c1a20,buy,0x84119cb33e8f590d75c2d6ea4e6b0741a7494eda,0x0cef72daf99f8c7b860c558c0970376c7915df4336d7de3493927263d47f955e
6,70,0.364,0x88bfe9b06cf22a31d6bf7b93de3a0760422cf17f,2017-11-02T01:59:46.000Z,0.0052,0x53c832ea7b9577e1b07f4bccc249b894649c1a20,buy,0x84119cb33e8f590d75c2d6ea4e6b0741a7494eda,0x5ae7061ee5c68ca08abc3d134ad706aac9264c6e3f6f7884b86a615af7a7a687
7,100,0.52,0x88bfe9b06cf22a31d6bf7b93de3a0760422cf17f,2017-11-02T01:18:01.000Z,0.0052,0x53c832ea7b9577e1b07f4bccc249b894649c1a20,buy,0x84119cb33e8f590d75c2d6ea4e6b0741a7494eda,0x3e35a9eef71ba43ae8d3cdc6df29378303d05bc51ef176fc6d85496ed74dcc57
8,100,0.52,0xd902f916e5263054e18f2b809ce5ce7bea82d9d2,2017-11-02T01:08:40.000Z,0.0052,0x53c832ea7b9577e1b07f4bccc249b894649c1a20,buy,0x84119cb33e8f590d75c2d6ea4e6b0741a7494eda,0xc40fe5e403c85e4a40cdf5957b4110698318047a5a1cc8a1378e1c6b38dfa62f
9,987,5.1324,0x98127dc11f4cd27be7d2b1b1bef5426b0cd8dbe2,2017-11-02T00:31:28.000Z,0.0052,0x53c832ea7b9577e1b07f4bccc249b894649c1a20,buy,0x84119cb33e8f590d75c2d6ea4e6b0741a7494eda,0x6339726b8e210098bab79e6ea686560349fec06b6916243ff3b9fd35cf98fcb7
10,29,0.1508,0xc3e7f39030093ebebc1f8fd66f63a468ea91d3d9,2017-11-01T21:05:08.000Z,0.0052,0x53c832ea7b9577e1b07f4bccc249b894649c1a20,buy,0x84119cb33e8f590d75c2d6ea4e6b0741a7494eda,0x87e5337c2dad39b0b28b0b3b56d412eb0c4ba72d53563f7fdc7099eb84f3f91e
11,26,0.1352,0xc3e7f39030093ebebc1f8fd66f63a468ea91d3d9,2017-11-01T20:54:07.000Z,0.0052,0x53c832ea7b9577e1b07f4bccc249b894649c1a20,buy,0x84119cb33e8f590d75c2d6ea4e6b0741a7494eda,0x6c4f14cd89145c1a38f1c223fe6196eed6974b0ceb98b9a786539772bee2a6b0
12,221,1.150164178719756,0x89ca536b098ecd630a3965b66f3a7c2dc0d4ce41,2017-11-01T20:13:39.000Z,0.005204362799636905,0x53c832ea7b9577e1b07f4bccc249b894649c1a20,buy,0x84119cb33e8f590d75c2d6ea4e6b0741a7494eda,0x7ce0ca6acbcee3624c79254bcce52815d5fa7c822eeb1f02ef103d6f6d86eca9
13,150,0.78,0x88bfe9b06cf22a31d6bf7b93de3a0760422cf17f,2017-11-01T19:48:42.000Z,0.0052,0x53c832ea7b9577e1b07f4bccc249b894649c1a20,buy,0x84119cb33e8f590d75c2d6ea4e6b0741a7494eda,0x9eada0e6df26674d0242a5573ac31fa3481eb62d51e7fa991eb0f8bccd4ea54a
14,1000,5.304555876781976,0x3b48f68ae02e7eaaae57a81a24f8a8a5dd76319e,2017-11-01T18:58:41.000Z,0.005304555876781976,0x50f8502df373a3278a6a30cfb9f62bab49758138,buy,0x84119cb33e8f590d75c2d6ea4e6b0741a7494eda,0xb1159e8d5a0f449f654e02a262faa76308e66cdbb9c09f800f233416aefc23eb
15,75,0.3825,0x1133f203d9d18f36350098ffbf947ad74b7ce511,2017-11-01T18:16:49.000Z,0.0051,0xf44072eda87ede9613b6ae1b812de8a60ade27a2,sell,0x84119cb33e8f590d75c2d6ea4e6b0741a7494eda,0xf940a974cbbe45f12f3c8f9f68cf893fe6affc061d013e0a2a1fb5f1ef0684f4
16,76,0.38,0xf44072eda87ede9613b6ae1b812de8a60ade27a2,2017-11-01T18:16:49.000Z,0.005,0x650ad899deb88f384c2360b184d9f91cfba61c38,buy,0x84119cb33e8f590d75c2d6ea4e6b0741a7494eda,0xf940a974cbbe45f12f3c8f9f68cf893fe6affc061d013e0a2a1fb5f1ef0684f4
17,1064,5.42402728,0x1133f203d9d18f36350098ffbf947ad74b7ce511,2017-11-01T16:02:28.000Z,0.00509777,0xed521bdddc06d485e4aa6b0f64387803eef7f924,buy,0x84119cb33e8f590d75c2d6ea4e6b0741a7494eda,0x0f36e4587aea2364de3372fa2704fb64efe067947f2440b08358032538d92acd
18,80,0.4078216,0x2a330de86d7c730564c9f24e1587cc10523cb384,2017-11-01T15:55:15.000Z,0.00509777,0xed521bdddc06d485e4aa6b0f64387803eef7f924,buy,0x84119cb33e8f590d75c2d6ea4e6b0741a7494eda,0xa2c908d41a180a73306351a24418d681cf2f108eba5d0c8b3e1d49e9b435fc4f
19,600,3.058662,0x2a330de86d7c730564c9f24e1587cc10523cb384,2017-11-01T15:53:45.000Z,0.00509777,0xed521bdddc06d485e4aa6b0f64387803eef7f924,buy,0x84119cb33e8f590d75c2d6ea4e6b0741a7494eda,0xc34227fcafdfb5fea011b1788242bed664b9b9ac0cb132f39899a43fc0ab3aea
20,163,0.8313,0xde5f1cfa525ce4546e93a9674b05d451a8fea3b7,2017-11-01T12:26:59.000Z,0.0051,0xd5d653b912c9278f0ed34cdd9b8ab72d76abf9e7,sell,0x84119cb33e8f590d75c2d6ea4e6b0741a7494eda,0x0830a7ec0e89d3ef0d8c6cba6b00b5e0c59179f2e72fce52aa9f89c54bb001ff
21,550,2.805,0xad9300646e5fba2aec2369887b28d08c3494aa40,2017-11-01T12:02:14.000Z,0.0051,0xd5d653b912c9278f0ed34cdd9b8ab72d76abf9e7,sell,0x84119cb33e8f590d75c2d6ea4e6b0741a7494eda,0x75d66a8f8ad492884886cb8ffaa65f23889af6f36880e3348060214fbf4ab4bf
22,412,2.06000824,0xe33384c7e56500d51aec589f40104848c5103f22,2017-11-01T11:48:16.000Z,0.00500002,0xd5d653b912c9278f0ed34cdd9b8ab72d76abf9e7,sell,0x84119cb33e8f590d75c2d6ea4e6b0741a7494eda,0x35ce93b203ec2629fca663c6b3854c2d962706e520cd90a1912ae8637b743891
23,412,2.06000824,0xe33384c7e56500d51aec589f40104848c5103f22,2017-11-01T11:47:20.000Z,0.00500002,0xd5d653b912c9278f0ed34cdd9b8ab72d76abf9e7,sell,0x84119cb33e8f590d75c2d6ea4e6b0741a7494eda,0x35ce93b203ec2629fca663c6b3854c2d962706e520cd90a1912ae8637b743891
24,371,1.8921,0xad9300646e5fba2aec2369887b28d08c3494aa40,2017-11-01T11:43:54.000Z,0.0051,0xd5d653b912c9278f0ed34cdd9b8ab72d76abf9e7,sell,0x84119cb33e8f590d75c2d6ea4e6b0741a7494eda,0x7c8e75d8a2b34fa1afce693063d7832a8b987a703ff21e9c2f243c0cc7816342
25,629,3.2079,0xad9300646e5fba2aec2369887b28d08c3494aa40,2017-11-01T11:14:01.000Z,0.0051,0x6e24f19e2fdeff8ff863a088778d7403d5a86221,sell,0x84119cb33e8f590d75c2d6ea4e6b0741a7494eda,0x740f2b0d13aeba9c2c4a4beba35291a01034979da730524557dac3178246f7a7
26,50,0.25500005,0x80b09687d811e0a3a0d2e6435c82e6d861bed86b,2017-11-01T11:11:18.000Z,0.005100001,0x6e24f19e2fdeff8ff863a088778d7403d5a86221,sell,0x84119cb33e8f590d75c2d6ea4e6b0741a7494eda,0xc43ceddbe4976bbb035985385b7c74c9e5cb82a9445656e1b75db6b624802508
27,34,0.1768,0x65262bc9f3507663d0925dc64323cf7edae94363,2017-11-01T11:11:18.000Z,0.0052,0x6e24f19e2fdeff8ff863a088778d7403d5a86221,sell,0x84119cb33e8f590d75c2d6ea4e6b0741a7494eda,0x2aef4790e0e988ed2fb30a6eff815a0f8cd3d8ada908501c7b04fe1fb6c15be3
28,50,0.265,0x65262bc9f3507663d0925dc64323cf7edae94363,2017-11-01T07:05:56.000Z,0.0053,0x80b09687d811e0a3a0d2e6435c82e6d861bed86b,sell,0x84119cb33e8f590d75c2d6ea4e6b0741a7494eda,0x2bc2968df16377637dc22f1f344726c2a6cfd3a78084a316aed8aed99ee7dd15
29,14,0.07760539383688919,0x88bfe9b06cf22a31d6bf7b93de3a0760422cf17f,2017-11-01T01:14:31.000Z,0.005543242416920656,0x650ad899deb88f384c2360b184d9f91cfba61c38,buy,0x84119cb33e8f590d75c2d6ea4e6b0741a7494eda,0x602bd0ba7eed81006b5cd1cd5180887197d5bc1307e34d6227aed7e89373dd56
30,18,0.09643968,0x89ca536b098ecd630a3965b66f3a7c2dc0d4ce41,2017-10-31T23:37:34.000Z,0.00535776,0x650ad899deb88f384c2360b184d9f91cfba61c38,buy,0x84119cb33e8f590d75c2d6ea4e6b0741a7494eda,0x6c86b079d89cdc412f9eb5390b8711fbc5dcfa90ac5c020705832ccad90f7aa6
31,856,4.586867137872595,0x89ca536b098ecd630a3965b66f3a7c2dc0d4ce41,2017-10-31T23:33:14.000Z,0.005358489647047424,0xed521bdddc06d485e4aa6b0f64387803eef7f924,buy,0x84119cb33e8f590d75c2d6ea4e6b0741a7494eda,0x0b0d894c3006a97d3c3dbb2f58436a9e9632d63eb5baadaa9bbbfef829b22a50
32,50,0.250615,0x06a1aa03c180cff362ad51c69a4c60688013a990,2017-10-31T23:31:05.000Z,0.0050123,0x6e24f19e2fdeff8ff863a088778d7403d5a86221,sell,0x84119cb33e8f590d75c2d6ea4e6b0741a7494eda,0xbdf81d6fd4a5ae9be59af5e50559834dcf7b9b17cebb8b7e3a38f9d140fef8d0
33,70,0.35086219,0x88bfe9b06cf22a31d6bf7b93de3a0760422cf17f,2017-10-31T23:22:16.000Z,0.005012317,0x6e24f19e2fdeff8ff863a088778d7403d5a86221,sell,0x84119cb33e8f590d75c2d6ea4e6b0741a7494eda,0xb6768a3c5106f42ff078d047e91b699324484d5c7ddedb2e7c3be4337dae9c19
34,400,2,0x975b308c01c62adc0f8797d37b53104c227e875b,2017-10-31T23:19:31.000Z,0.005,0x6e24f19e2fdeff8ff863a088778d7403d5a86221,sell,0x84119cb33e8f590d75c2d6ea4e6b0741a7494eda,0x13c8cef33af8ff336e8859416e9f3ee7d2fb5bd0fb5b538aef000bf02c60fb53
35,795,3.8955,0x80b09687d811e0a3a0d2e6435c82e6d861bed86b,2017-10-31T23:19:14.000Z,0.0049,0x6e24f19e2fdeff8ff863a088778d7403d5a86221,sell,0x84119cb33e8f590d75c2d6ea4e6b0741a7494eda,0xd29e448d764faabbf1e5f2df0bae04ed745bd4d9683b17a34733154106508888
36,50,0.2688865,0x65262bc9f3507663d0925dc64323cf7edae94363,2017-10-31T22:44:47.000Z,0.00537773,0x650ad899deb88f384c2360b184d9f91cfba61c38,sell,0x84119cb33e8f590d75c2d6ea4e6b0741a7494eda,0xe674aab71732ba51621b7a5a4d11728dd5c5469c08a926cb5a945183f079bacd
37,31,0.16581461299749214,0x88bfe9b06cf22a31d6bf7b93de3a0760422cf17f,2017-10-31T20:11:54.000Z,0.005348858483790069,0x50f8502df373a3278a6a30cfb9f62bab49758138,buy,0x84119cb33e8f590d75c2d6ea4e6b0741a7494eda,0xd4efc63c0a40326a0ef6ca72dea206a2cb2fae9f19950d13784ebb223e7e8d52
38,725,3.898847,0x975b308c01c62adc0f8797d37b53104c227e875b,2017-10-31T18:29:48.000Z,0.00537772,0x80b09687d811e0a3a0d2e6435c82e6d861bed86b,buy,0x84119cb33e8f590d75c2d6ea4e6b0741a7494eda,0xa004d838034b4b61d6e1567831fe3903a6973e9f5789b51d3bbe3d51565850ff
39,20,0.106,0xc734d8d26a3ae1ca436de155c55f06f11bf4a962,2017-10-31T18:28:36.000Z,0.0053,0x50f8502df373a3278a6a30cfb9f62bab49758138,buy,0x84119cb33e8f590d75c2d6ea4e6b0741a7494eda,0x3c6ccc70b67926f5e0dcf18836837baa5a357da6ec99b8bd32b4a4c6dbd73aa9
40,17,0.0901,0x74a75be2975deb0e0be4a66625167319158b7108,2017-10-31T18:20:27.000Z,0.0053,0x50f8502df373a3278a6a30cfb9f62bab49758138,buy,0x84119cb33e8f590d75c2d6ea4e6b0741a7494eda,0x553adaad5e42ba55f7fb785a663405ece0fe1a8c6f75e80bb885fc324a3d0462
41,526,2.791585387002508,0x16380028ea31c9050db28f047ca4c3af6ef27e66,2017-10-31T17:11:23.000Z,0.005307196553236707,0x50f8502df373a3278a6a30cfb9f62bab49758138,buy,0x84119cb33e8f590d75c2d6ea4e6b0741a7494eda,0x5bf6b2d02ff0c494dde0356c0e087e3b27e93439fac127da60d4050c7d62870c
42,32,0.1696,0x89ca536b098ecd630a3965b66f3a7c2dc0d4ce41,2017-10-31T14:36:42.000Z,0.0053,0x50f8502df373a3278a6a30cfb9f62bab49758138,buy,0x84119cb33e8f590d75c2d6ea4e6b0741a7494eda,0x89c85f3cc316b04e7e2464545a2a07dcf6236d461daa1712efe8725645315518
43,144,0.7632,0x89ca536b098ecd630a3965b66f3a7c2dc0d4ce41,2017-10-31T14:09:25.000Z,0.0053,0x50f8502df373a3278a6a30cfb9f62bab49758138,buy,0x84119cb33e8f590d75c2d6ea4e6b0741a7494eda,0x8168e5c808abfe26280a2915f03bc2ba78ed5ae029fb23a1c7602d32d3a5a434
44,229,1.2137,0x89ca536b098ecd630a3965b66f3a7c2dc0d4ce41,2017-10-31T14:04:12.000Z,0.0053,0x50f8502df373a3278a6a30cfb9f62bab49758138,buy,0x84119cb33e8f590d75c2d6ea4e6b0741a7494eda,0x0490aea919a119b31749ef6740d12388e07797fa7161400b2d922f61bfe1a93f
45,500,2.7095,0x89ca536b098ecd630a3965b66f3a7c2dc0d4ce41,2017-10-31T14:00:50.000Z,0.005419,0x650ad899deb88f384c2360b184d9f91cfba61c38,buy,0x84119cb33e8f590d75c2d6ea4e6b0741a7494eda,0x4b1649cebcbe4587f66e2416a352bce79ac1cd5880b87a31057c4407f3be3046
46,1350,6.48,0x1133f203d9d18f36350098ffbf947ad74b7ce511,2017-10-31T13:49:29.000Z,0.0048,0x6e24f19e2fdeff8ff863a088778d7403d5a86221,sell,0x84119cb33e8f590d75c2d6ea4e6b0741a7494eda,0xdbb3977776b2169468dcf95377ff294672e394c2e3f57d1fc21558ac59a114d9
47,1618,7.801996,0x4be395084eac19e123bf3b784ef765e488aadf1d,2017-10-31T13:47:53.000Z,0.004822,0x6e24f19e2fdeff8ff863a088778d7403d5a86221,sell,0x84119cb33e8f590d75c2d6ea4e6b0741a7494eda,0x6c71c0f6dcc5bde97ae4ba1c01457aca5f010897d2a4487fd75771e77f32b3e7
48,350,1.7045,0x1133f203d9d18f36350098ffbf947ad74b7ce511,2017-10-31T13:47:40.000Z,0.00487,0x6e24f19e2fdeff8ff863a088778d7403d5a86221,sell,0x84119cb33e8f590d75c2d6ea4e6b0741a7494eda,0xf2b92f5cf75a5042fdad54494544da4652de13a4da323beebce9157812474781
49,1500,7.2945,0x650ad899deb88f384c2360b184d9f91cfba61c38,2017-10-31T13:46:50.000Z,0.004863,0x6e24f19e2fdeff8ff863a088778d7403d5a86221,sell,0x84119cb33e8f590d75c2d6ea4e6b0741a7494eda,0x25c83fbbb58d2db54bcc92f1b5c53830624a08896a92e2140f2c206fef9a3d8a
50,1160,5.64224,0x650ad899deb88f384c2360b184d9f91cfba61c38,2017-10-31T13:45:36.000Z,0.004864,0x6e24f19e2fdeff8ff863a088778d7403d5a86221,sell,0x84119cb33e8f590d75c2d6ea4e6b0741a7494eda,0x286f1f45d17e3ac9afda7e36b514743a138cb8b6d8dededf3a67a784b6fa7c9f
51,99,0.4974849,0xa8d39347f3cadda48a2bafb0805f262f1764fd5c,2017-10-31T13:40:16.000Z,0.0050251,0x6e24f19e2fdeff8ff863a088778d7403d5a86221,sell,0x84119cb33e8f590d75c2d6ea4e6b0741a7494eda,0x37813b8b1fd019cc31e5bb717551afc4e9d5c28ac49071d6a13fe305346ae45e
52,716,3.58883544,0x80b09687d811e0a3a0d2e6435c82e6d861bed86b,2017-10-31T13:40:16.000Z,0.00501234,0x6e24f19e2fdeff8ff863a088778d7403d5a86221,sell,0x84119cb33e8f590d75c2d6ea4e6b0741a7494eda,0x8108bfdfc65e15f87161c8378f526222b3100012134c27e65df22ef20594956c
53,19,0.10217725,0x625d3a00560dc44c091adbe85e5d4eb1055fd5ac,2017-10-31T13:39:34.000Z,0.00537775,0x6e24f19e2fdeff8ff863a088778d7403d5a86221,sell,0x84119cb33e8f590d75c2d6ea4e6b0741a7494eda,0xed450a972c0458b1a7179e09fb3c84d762e0c10674856859b1631f5967cb4ee5
54,1135,5.703375,0xc347a4722db289d3fff1213b1972db4b6b555a39,2017-10-31T13:39:04.000Z,0.005025,0x6e24f19e2fdeff8ff863a088778d7403d5a86221,sell,0x84119cb33e8f590d75c2d6ea4e6b0741a7494eda,0x8ab896d423c40e377ac08ccd48e75c126841756d37cbc2e692de94de9ecd534e
55,11,0.05915525,0x625d3a00560dc44c091adbe85e5d4eb1055fd5ac,2017-10-31T11:07:36.000Z,0.00537775,0x23ce9f95dcda612bfbb243d576f1a1d4e1a7b658,sell,0x84119cb33e8f590d75c2d6ea4e6b0741a7494eda,0x8ed96441b93acfe9798005cbb7823251a08f8ea89968375fc09fed77476e4cb4
56,1,0.00537775,0x6cdea8e07bf82d7a07dbf36642d6e5be8623845c,2017-10-31T11:00:16.000Z,0.00537775,0x650ad899deb88f384c2360b184d9f91cfba61c38,buy,0x84119cb33e8f590d75c2d6ea4e6b0741a7494eda,0x1475d1e16b059ccd73369d8369b2fbb7304f9c603317917ce05b378715dfaaad
57,25,0.13444375,0x4b43041e418b16bb7dcf94a09f721cc73574fc04,2017-10-31T09:09:03.000Z,0.00537775,0x650ad899deb88f384c2360b184d9f91cfba61c38,buy,0x84119cb33e8f590d75c2d6ea4e6b0741a7494eda,0x3855a5f1af8b1e861a37c020fc55571b2ca3f304b174e57d1254cde3e68df4d3
58,9,0.04511106,0x80b09687d811e0a3a0d2e6435c82e6d861bed86b,2017-10-31T07:39:29.000Z,0.00501234,0xd421c753e7299f1f104c61dfea79fd1df958bbd5,sell,0x84119cb33e8f590d75c2d6ea4e6b0741a7494eda,0xb939052138ac20348fe27ed77a8c7a4744218ed72a5a56286fb0968059fb6060
59,2,0.011,0x45c635e987e6077116d127e35e7b4b0cd9b27031,2017-10-31T07:37:28.000Z,0.0055,0xd421c753e7299f1f104c61dfea79fd1df958bbd5,sell,0x84119cb33e8f590d75c2d6ea4e6b0741a7494eda,0xa10c27de996566d18a7624ca95a1c00da49b8a6f7bab833554bbaf5171a5f655
60,12,0.064533,0xd421c753e7299f1f104c61dfea79fd1df958bbd5,2017-10-31T07:36:08.000Z,0.00537775,0x650ad899deb88f384c2360b184d9f91cfba61c38,buy,0x84119cb33e8f590d75c2d6ea4e6b0741a7494eda,0xed036c439fd07d67d1b438996dd2235820d3e99b2edaf78601a61f2e65382ab4
61,9,0.04839975,0x6833020e1fad7f8054b101fd9ca44e96886371e4,2017-10-31T07:03:14.000Z,0.00537775,0x650ad899deb88f384c2360b184d9f91cfba61c38,buy,0x84119cb33e8f590d75c2d6ea4e6b0741a7494eda,0xa47d600f5afc3f3531e65f8c1ee0913fde28879bb0a23482841faac8272b786b
62,444,2.3930170221561737,0x16380028ea31c9050db28f047ca4c3af6ef27e66,2017-10-31T00:34:47.000Z,0.00538967797782922,0x650ad899deb88f384c2360b184d9f91cfba61c38,buy,0x84119cb33e8f590d75c2d6ea4e6b0741a7494eda,0xc08bf92e0c99ca548b3158d53ca3b8027abc510aadf146dc1d375a3397a68283
63,3,0.015036,0x7aa27eb4bd03de368c4674575550e23eaaa997b2,2017-10-30T23:47:58.000Z,0.005012,0x5f4e3add8bb09fd65899ac62f458068cbab8a5ad,sell,0x84119cb33e8f590d75c2d6ea4e6b0741a7494eda,0x92f2f9df9121b699712310ac35922bc249e34ad3066ae1e89014d9dee3ea6f2b
64,2411,12.0735647,0x650ad899deb88f384c2360b184d9f91cfba61c38,2017-10-30T23:46:15.000Z,0.0050077,0xed521bdddc06d485e4aa6b0f64387803eef7f924,buy,0x84119cb33e8f590d75c2d6ea4e6b0741a7494eda,0xbca79a653877621d25a2f4ffbe85bc79d39c0ce49894b56fa29b62d9c79718b0
65,1152,6.26946149212856,0xafa2a0cd8ed977c2515b266c3bcc6fe1096c573d,2017-10-30T22:53:57.000Z,0.0054422408785838195,0x650ad899deb88f384c2360b184d9f91cfba61c38,buy,0x84119cb33e8f590d75c2d6ea4e6b0741a7494eda,0xa6ba678dd73cf239613ebffcdcc5e3d89fb0ba745af41edd865c794ca31540c8
66,1049,5.70176607,0xafa2a0cd8ed977c2515b266c3bcc6fe1096c573d,2017-10-30T22:53:17.000Z,0.00543543,0xc347a4722db289d3fff1213b1972db4b6b555a39,buy,0x84119cb33e8f590d75c2d6ea4e6b0741a7494eda,0xe6a72adb226364ab5cc8a97188e8d6ac51925fa1e47f8a70602bd903c5eb6e4b
67,880,4.782096,0xafa2a0cd8ed977c2515b266c3bcc6fe1096c573d,2017-10-30T22:52:08.000Z,0.0054342,0x650ad899deb88f384c2360b184d9f91cfba61c38,buy,0x84119cb33e8f590d75c2d6ea4e6b0741a7494eda,0x646bd1b41eff24589aea3233b4055e30cabe3b68817a5596482f7bd90bac665e
68,668,3.629912,0xafa2a0cd8ed977c2515b266c3bcc6fe1096c573d,2017-10-30T22:51:52.000Z,0.005434,0x80b09687d811e0a3a0d2e6435c82e6d861bed86b,buy,0x84119cb33e8f590d75c2d6ea4e6b0741a7494eda,0x2a3b4ec6d9e122a83de5c7be17a4143e6002793e95ec5c9a1b4f2c8eaff1927f
69,1260,6.803874,0xafa2a0cd8ed977c2515b266c3bcc6fe1096c573d,2017-10-30T22:46:06.000Z,0.0053999,0x650ad899deb88f384c2360b184d9f91cfba61c38,buy,0x84119cb33e8f590d75c2d6ea4e6b0741a7494eda,0x913c5fa4718418868a4961a02f55c29f103d81b41fc6477854f5eac1ad2a4cde
70,500,2.65,0xafa2a0cd8ed977c2515b266c3bcc6fe1096c573d,2017-10-30T22:43:08.000Z,0.0053,0xd5d653b912c9278f0ed34cdd9b8ab72d76abf9e7,buy,0x84119cb33e8f590d75c2d6ea4e6b0741a7494eda,0xdf97b3aa970a8ea614aabe9c0b813b35559276f76e663867a331edb354c265af
71,900,4.769991,0xafa2a0cd8ed977c2515b266c3bcc6fe1096c573d,2017-10-30T22:43:07.000Z,0.00529999,0x650ad899deb88f384c2360b184d9f91cfba61c38,buy,0x84119cb33e8f590d75c2d6ea4e6b0741a7494eda,0x326c8b4779ea8818c4dabf5f7f1854ce90f1fadb8be657c606b012a2119b6c9c
72,2733,13.285113,0x650ad899deb88f384c2360b184d9f91cfba61c38,2017-10-30T14:17:52.000Z,0.004861,0x6e24f19e2fdeff8ff863a088778d7403d5a86221,sell,0x84119cb33e8f590d75c2d6ea4e6b0741a7494eda,0xbe698f401d6a478742d94e72510775a0826f56a480f0758c4bf2223776472dc8
73,300,1.5,0x4332d1f7b610da1a49fe1a2224ddfc4b1f71a405,2017-10-30T14:16:41.000Z,0.005,0x6e24f19e2fdeff8ff863a088778d7403d5a86221,sell,0x84119cb33e8f590d75c2d6ea4e6b0741a7494eda,0xfd711915b903f51da7d3e44762780fb6066181067071508cd89c0732ef8ec973
74,2625,12.72075,0x4be395084eac19e123bf3b784ef765e488aadf1d,2017-10-30T14:16:39.000Z,0.004846,0x6e24f19e2fdeff8ff863a088778d7403d5a86221,sell,0x84119cb33e8f590d75c2d6ea4e6b0741a7494eda,0xd2a895561a41859d3da20c9f1099ed732dfe29ef708788ab3f2bd6cb676b9f33
75,100,0.502,0xc20b23980675af6709291cbfdcaa63bf4211dd5a,2017-10-30T14:07:33.000Z,0.00502,0x6e24f19e2fdeff8ff863a088778d7403d5a86221,sell,0x84119cb33e8f590d75c2d6ea4e6b0741a7494eda,0xc124b88a506e9e9958510279a624dd5468ec02d1994b3115194fd785d418b908
76,2500,12.5,0x650ad899deb88f384c2360b184d9f91cfba61c38,2017-10-30T14:03:48.000Z,0.005,0x6e24f19e2fdeff8ff863a088778d7403d5a86221,sell,0x84119cb33e8f590d75c2d6ea4e6b0741a7494eda,0xe496f82c84f9db715250314a0f21b6973a7246f08e94e958022017e0b7fc629d
77,653,3.272183,0xc347a4722db289d3fff1213b1972db4b6b555a39,2017-10-30T14:03:48.000Z,0.005011,0x6e24f19e2fdeff8ff863a088778d7403d5a86221,sell,0x84119cb33e8f590d75c2d6ea4e6b0741a7494eda,0x19662583dc0fd6f32c1acc30cc357534f908bba99303cdc3f49024dac6ba483d
78,710,3.692,0x0067446b244dc5841b2079078584722b1b2805bc,2017-10-30T03:50:52.000Z,0.0052,0x650ad899deb88f384c2360b184d9f91cfba61c38,sell,0x84119cb33e8f590d75c2d6ea4e6b0741a7494eda,0xeaf5ce624bcdd7ba1e4f0faa0692efd381e6320be14747f7a2ec51c00b5fc5f1
79,2700,14.175,0xc20b23980675af6709291cbfdcaa63bf4211dd5a,2017-10-30T03:46:04.000Z,0.00525,0x650ad899deb88f384c2360b184d9f91cfba61c38,sell,0x84119cb33e8f590d75c2d6ea4e6b0741a7494eda,0x52abec50bc8fe0de51703d09e1a70abfbd5ab81cbcbc0faf630fd0b3563c4130
80,102,0.558042,0x45c635e987e6077116d127e35e7b4b0cd9b27031,2017-10-30T00:13:14.000Z,0.005471,0x650ad899deb88f384c2360b184d9f91cfba61c38,sell,0x84119cb33e8f590d75c2d6ea4e6b0741a7494eda,0x6f34d28450c2a758c63138dac972b03dc02515de8b92d5ac8304b45540601777
81,1,0.0054699,0xc56a4541f5590a9e5ed25adb139dc5831a089867,2017-10-29T23:12:52.000Z,0.0054699,0x650ad899deb88f384c2360b184d9f91cfba61c38,buy,0x84119cb33e8f590d75c2d6ea4e6b0741a7494eda,0x38cde2dab70698f8097ad1cd3b84bdd9e319339338f29d33280f470bf195673a
82,235,1.2865545,0x9657b8c69683cf4f0ba9344895be0f5f122c482a,2017-10-29T20:40:16.000Z,0.0054747,0x650ad899deb88f384c2360b184d9f91cfba61c38,buy,0x84119cb33e8f590d75c2d6ea4e6b0741a7494eda,0x87c5a21f1df4195ce0e257bb6008d54ce2d35472f98aab910b59d6363d573cd2
83,600,3.2727,0xd2ea382e498316d91b9de8557670149b479721a0,2017-10-29T20:38:40.000Z,0.0054545,0xc347a4722db289d3fff1213b1972db4b6b555a39,buy,0x84119cb33e8f590d75c2d6ea4e6b0741a7494eda,0x4cdb4c40525905500cc0be0f064df1c836401fa45bdd18fc99616cc63aa1524b
84,598,3.289,0x45c635e987e6077116d127e35e7b4b0cd9b27031,2017-10-29T20:38:40.000Z,0.0055,0xd2ea382e498316d91b9de8557670149b479721a0,sell,0x84119cb33e8f590d75c2d6ea4e6b0741a7494eda,0x4cdb4c40525905500cc0be0f064df1c836401fa45bdd18fc99616cc63aa1524b
85,936,4.512456,0x650ad899deb88f384c2360b184d9f91cfba61c38,2017-10-29T19:28:03.000Z,0.004821,0x59aa869d269d80dcbea01835b20fc5c9a3672e28,sell,0x84119cb33e8f590d75c2d6ea4e6b0741a7494eda,0xe0ce6532f014ec7d13b383060c043dbd594892550efe516771160fa3f8439f5b
86,68,0.3264136,0x4be395084eac19e123bf3b784ef765e488aadf1d,2017-10-29T15:09:09.000Z,0.0048002,0x6e24f19e2fdeff8ff863a088778d7403d5a86221,sell,0x84119cb33e8f590d75c2d6ea4e6b0741a7494eda,0x8daaf5ab140f9e82235b405c481b2a0b68b95599f86f9a6ed1c4a513082c681e
87,300,1.44006,0x4be395084eac19e123bf3b784ef765e488aadf1d,2017-10-29T15:08:04.000Z,0.0048002,0x6e24f19e2fdeff8ff863a088778d7403d5a86221,sell,0x84119cb33e8f590d75c2d6ea4e6b0741a7494eda,0x923e7d6179b39ab0b2eb404f2f30294e63f55b32e4284dcec51bd94fae300f00
88,996,4.851516,0xc347a4722db289d3fff1213b1972db4b6b555a39,2017-10-29T15:07:31.000Z,0.004871,0x6e24f19e2fdeff8ff863a088778d7403d5a86221,sell,0x84119cb33e8f590d75c2d6ea4e6b0741a7494eda,0x622136f963317fd2ae5fee322a9faaeb2baca229196269a849cd860788b55130
89,735,3.57945,0xe9fafc947ca3bc4a343d6cc73721f64b5d8e1387,2017-10-29T15:07:31.000Z,0.00487,0x6e24f19e2fdeff8ff863a088778d7403d5a86221,sell,0x84119cb33e8f590d75c2d6ea4e6b0741a7494eda,0x9ac1fe52b3adb5b3914c6aa20d5ea94a6dd9a9c7acfdbc7e66ffe60543124830
90,4000,20,0x650ad899deb88f384c2360b184d9f91cfba61c38,2017-10-29T15:05:27.000Z,0.005,0x6e24f19e2fdeff8ff863a088778d7403d5a86221,sell,0x84119cb33e8f590d75c2d6ea4e6b0741a7494eda,0x8e5a8552338d3dcfcfc277fda65337d24ace872966266c9b42b9cf082d19c76e
91,2000,10.004,0x4be395084eac19e123bf3b784ef765e488aadf1d,2017-10-29T15:05:07.000Z,0.005002,0x6e24f19e2fdeff8ff863a088778d7403d5a86221,sell,0x84119cb33e8f590d75c2d6ea4e6b0741a7494eda,0x1ce6be76d22c942fd8b35216fc2d80a7e647c4f5780060674c42fc9f97e449b7
92,20,0.109998,0x6b8f546926d84de6a9d25eafc153c5a4f04b3a05,2017-10-29T07:18:17.000Z,0.0054999,0x650ad899deb88f384c2360b184d9f91cfba61c38,buy,0x84119cb33e8f590d75c2d6ea4e6b0741a7494eda,0x55b9e23005c1907e5400dc3e158ece1c592c24a1e8ed950de622b2d8f68f40e6
93,400,2.0012,0x9c62672792542a443c8d55607552547088904b5e,2017-10-29T05:26:50.000Z,0.005003,0x1361814d08b30eed0d8a47e6dab4362c219b95f8,sell,0x84119cb33e8f590d75c2d6ea4e6b0741a7494eda,0xda965263dc82094cf5fb66a8eaa97e713a7b643440c42c73ef27ca455449b453
94,245,1.274,0xd7505cf6376fba7957103cefef80796fd30e7129,2017-10-29T05:26:43.000Z,0.0052,0x1361814d08b30eed0d8a47e6dab4362c219b95f8,sell,0x84119cb33e8f590d75c2d6ea4e6b0741a7494eda,0xb5a72aae30b7fdce1bf257d8a7d526204dec726b1052f3e1b6d55c4aea4316ff
95,195,0.9945,0xde5f1cfa525ce4546e93a9674b05d451a8fea3b7,2017-10-29T05:26:43.000Z,0.0051,0x1361814d08b30eed0d8a47e6dab4362c219b95f8,sell,0x84119cb33e8f590d75c2d6ea4e6b0741a7494eda,0x32182b6df1687cc205d4b51a4ccc740c04653a357ac700964c66bf01a8bd8444
96,133,0.6783,0xb9fb62d9d45dce9a414a9edbee062f7d80f8b8d1,2017-10-29T05:26:43.000Z,0.0051,0x1361814d08b30eed0d8a47e6dab4362c219b95f8,sell,0x84119cb33e8f590d75c2d6ea4e6b0741a7494eda,0x62d602227f54647db82bfd1489c18c99f0d684a7cc9a7e8a94194e1fce992f9d
97,35,0.1862,0x1133f203d9d18f36350098ffbf947ad74b7ce511,2017-10-29T05:19:20.000Z,0.00532,0x1361814d08b30eed0d8a47e6dab4362c219b95f8,sell,0x84119cb33e8f590d75c2d6ea4e6b0741a7494eda,0xe6f5d746192b8993e44190fc624c09abc2867ff11bd320538da376d9d3e8105c
98,50,0.274995,0xe1406a2740bdb45da5e1a21edab3a559e33e1ed7,2017-10-29T00:57:06.000Z,0.0054999,0x650ad899deb88f384c2360b184d9f91cfba61c38,buy,0x84119cb33e8f590d75c2d6ea4e6b0741a7494eda,0xac2afd6ed22a5918e6706c3efba6618046e1665f49c78efea10506ca7c9d6fc0
99,50,0.2791739426817686,0x88bfe9b06cf22a31d6bf7b93de3a0760422cf17f,2017-10-29T00:53:49.000Z,0.005583478853635373,0x650ad899deb88f384c2360b184d9f91cfba61c38,buy,0x84119cb33e8f590d75c2d6ea4e6b0741a7494eda,0x5ff382f449fbdfca0005b4a6c9dab3264ad7ad0ce24802095701fb20c51f76fb
100,362,1.99371375,0x16380028ea31c9050db28f047ca4c3af6ef27e66,2017-10-28T22:52:13.000Z,0.005507496546961326,0x650ad899deb88f384c2360b184d9f91cfba61c38,buy,0x84119cb33e8f590d75c2d6ea4e6b0741a7494eda,0xdb45f0140a3fce481d16a2555132cb1386371f6b5123f8b376d179f8aea329fc
101,72,0.39381904082097063,0x88bfe9b06cf22a31d6bf7b93de3a0760422cf17f,2017-10-28T20:55:56.000Z,0.005469708900291259,0x650ad899deb88f384c2360b184d9f91cfba61c38,buy,0x84119cb33e8f590d75c2d6ea4e6b0741a7494eda,0xa2548d6ac1d789ca37a3ee2ec06918f12dc62abe4a633cd5fc7b6cafedf7dd69
102,1598,8.787402,0xb9fb62d9d45dce9a414a9edbee062f7d80f8b8d1,2017-10-28T18:34:46.000Z,0.005499,0x50f8502df373a3278a6a30cfb9f62bab49758138,buy,0x84119cb33e8f590d75c2d6ea4e6b0741a7494eda,0xbbe9fe1229c61977970d77856a2b50a7e4e606573710fa3435f50d7dc5b2902d
103,241,1.3026617485794039,0x16380028ea31c9050db28f047ca4c3af6ef27e66,2017-10-28T16:40:48.000Z,0.0054052354712838336,0x650ad899deb88f384c2360b184d9f91cfba61c38,buy,0x84119cb33e8f590d75c2d6ea4e6b0741a7494eda,0xd48aed51dce4e37c2ba5bc126e90a9f498c0415395bec2b81db2782ebe7a603b
104,43,0.2193,0x16380028ea31c9050db28f047ca4c3af6ef27e66,2017-10-28T16:37:15.000Z,0.0051,0x1ed014aec47fae44c9e55bac7662c0b78ae61798,sell,0x84119cb33e8f590d75c2d6ea4e6b0741a7494eda,0xc29e50b608969f485c44fff99938ca397c8ef1be4535d6967446a52e3611de08
105,110,0.5500044,0xe33384c7e56500d51aec589f40104848c5103f22,2017-10-28T15:27:29.000Z,0.00500004,0x6e24f19e2fdeff8ff863a088778d7403d5a86221,sell,0x84119cb33e8f590d75c2d6ea4e6b0741a7494eda,0xa09b7b1c59046b57abe9754b50560c36a5a163f37a01a8b0425d492996f619ab
106,990,4.95,0xad9300646e5fba2aec2369887b28d08c3494aa40,2017-10-28T15:26:37.000Z,0.005,0x6e24f19e2fdeff8ff863a088778d7403d5a86221,sell,0x84119cb33e8f590d75c2d6ea4e6b0741a7494eda,0xa314f3096e49a843b926ebd144d148fd553d6122f8afed287e6266878fc5c164
107,775,3.87503875,0xe33384c7e56500d51aec589f40104848c5103f22,2017-10-28T15:26:07.000Z,0.00500005,0x6e24f19e2fdeff8ff863a088778d7403d5a86221,sell,0x84119cb33e8f590d75c2d6ea4e6b0741a7494eda,0x0f6b5810700fd52c4d851b1808823b1fbb4d2373dab93a1def649d9469b141c2
108,10,0.05,0xad9300646e5fba2aec2369887b28d08c3494aa40,2017-10-28T13:52:33.000Z,0.005,0xf2a15edf811f7ea1e6f13e9d76f821b38fb0cb0f,sell,0x84119cb33e8f590d75c2d6ea4e6b0741a7494eda,0x74de5777de7138801b4d851dc90acdd920ff2e9f9e771a27902013ef8dc04570
109,265,1.29055,0xe9fafc947ca3bc4a343d6cc73721f64b5d8e1387,2017-10-28T11:59:38.000Z,0.00487,0x6e24f19e2fdeff8ff863a088778d7403d5a86221,sell,0x84119cb33e8f590d75c2d6ea4e6b0741a7494eda,0x82753f880b5e4f3da0fc9fe8576c2627d82b3efde412e5dcb93aedb79a0881cb
110,820,3.99422,0x4be395084eac19e123bf3b784ef765e488aadf1d,2017-10-28T11:54:04.000Z,0.004871,0x6e24f19e2fdeff8ff863a088778d7403d5a86221,sell,0x84119cb33e8f590d75c2d6ea4e6b0741a7494eda,0xb1134368c3040749028fd88fd82c1528f3b4d70973f4783d82a89a1453aaef20
111,13,0.065,0xc77c1fcd7be214a9dc17acaec055248c0f03cb7d,2017-10-28T06:45:55.000Z,0.005,0x36cfb5a6be6b130cfceb934d3ca72c1d72c3a7d8,sell,0x84119cb33e8f590d75c2d6ea4e6b0741a7494eda,0xeb73cb4a28c0b2d6cd56e52a0fc50e18093650a8a2eae4501634427a550c31e3
112,10,0.05120021,0xe146142131ba3daa2751d0346df4e381711c411b,2017-10-28T06:45:10.000Z,0.005120021,0x36cfb5a6be6b130cfceb934d3ca72c1d72c3a7d8,sell,0x84119cb33e8f590d75c2d6ea4e6b0741a7494eda,0x0b3450affb2a3875e48a69fcd84974300f22a0a00129843d930ead824cbcb47a
113,960,4.9152192,0x650ad899deb88f384c2360b184d9f91cfba61c38,2017-10-28T06:44:35.000Z,0.00512002,0x36cfb5a6be6b130cfceb934d3ca72c1d72c3a7d8,sell,0x84119cb33e8f590d75c2d6ea4e6b0741a7494eda,0xbb27e80c4bb029754512cf3b34f6dc0b06c4465f42a7f8941af12bc198b167ef
114,5000,25.6,0x650ad899deb88f384c2360b184d9f91cfba61c38,2017-10-28T06:44:35.000Z,0.00512,0x36cfb5a6be6b130cfceb934d3ca72c1d72c3a7d8,sell,0x84119cb33e8f590d75c2d6ea4e6b0741a7494eda,0x97f92eab97df7b1239ab5a4f2da425cc997a2f324a576ca4da6d3114d87b1c09
115,2292,11.737332,0x4be395084eac19e123bf3b784ef765e488aadf1d,2017-10-28T06:43:13.000Z,0.005121,0x36cfb5a6be6b130cfceb934d3ca72c1d72c3a7d8,sell,0x84119cb33e8f590d75c2d6ea4e6b0741a7494eda,0x69f604d379e793bbbabe65ca201aa581548b3777f2569fdfd69aef5ece941814
116,390,1.99758,0x9c62672792542a443c8d55607552547088904b5e,2017-10-28T06:43:13.000Z,0.005122,0x36cfb5a6be6b130cfceb934d3ca72c1d72c3a7d8,sell,0x84119cb33e8f590d75c2d6ea4e6b0741a7494eda,0x1abe92db509bd3ef95d18e237b9d91d2902614b7badf26471031789d02d50090
117,4,0.0208804,0x06a1aa03c180cff362ad51c69a4c60688013a990,2017-10-28T06:32:13.000Z,0.0052201,0x36cfb5a6be6b130cfceb934d3ca72c1d72c3a7d8,sell,0x84119cb33e8f590d75c2d6ea4e6b0741a7494eda,0x0f2b20325c3ad3d3703161c7551659ad6610608e3c6b38bb6503744b7332a638
118,72,0.3987984751566634,0x88bfe9b06cf22a31d6bf7b93de3a0760422cf17f,2017-10-28T04:41:36.000Z,0.005538867710509214,0x650ad899deb88f384c2360b184d9f91cfba61c38,buy,0x84119cb33e8f590d75c2d6ea4e6b0741a7494eda,0xff45fc407855e71305427a8937e5d8bcdc834e2d2d21dcda79dc59bed610d7d7
119,428,2.19242572,0x650ad899deb88f384c2360b184d9f91cfba61c38,2017-10-28T03:58:55.000Z,0.00512249,0x36cfb5a6be6b130cfceb934d3ca72c1d72c3a7d8,sell,0x84119cb33e8f590d75c2d6ea4e6b0741a7494eda,0x667fc73bca50ac9d9806fa9bfcef85ec6135c6118611eb7c822c7365b938a581
120,570,2.9198364,0xe33384c7e56500d51aec589f40104848c5103f22,2017-10-28T03:58:55.000Z,0.00512252,0x36cfb5a6be6b130cfceb934d3ca72c1d72c3a7d8,sell,0x84119cb33e8f590d75c2d6ea4e6b0741a7494eda,0x8681c77054bfde400509c2603b98a0f4d71b7d1792fdc277bc60f4abb4d27d7e
121,2000,10.2446,0x650ad899deb88f384c2360b184d9f91cfba61c38,2017-10-28T03:57:31.000Z,0.0051223,0x36cfb5a6be6b130cfceb934d3ca72c1d72c3a7d8,sell,0x84119cb33e8f590d75c2d6ea4e6b0741a7494eda,0x2b0bedbcb9b4da18ab91248cb48afd2a4e4e2a06e2ac19fca23b9699f68e8c25
122,34,0.1774834,0x06a1aa03c180cff362ad51c69a4c60688013a990,2017-10-28T02:09:19.000Z,0.0052201,0xe1226c4d0a752a3ef42ee783aa1b4ac1abe47a8e,sell,0x84119cb33e8f590d75c2d6ea4e6b0741a7494eda,0x68b45f6a5ae713db4cf929964212a08b80b9fa196974f683379b3623f46b0fc2
123,933,5.10894646976473,0xc20b23980675af6709291cbfdcaa63bf4211dd5a,2017-10-27T22:54:52.000Z,0.005475826870058659,0x53c832ea7b9577e1b07f4bccc249b894649c1a20,buy,0x84119cb33e8f590d75c2d6ea4e6b0741a7494eda,0x2a0c811d5767e6167b359b0b7a4d13b1f436fc909ad6ff0ab034d67c27144da5
124,779,4.25334,0xc20b23980675af6709291cbfdcaa63bf4211dd5a,2017-10-27T22:48:48.000Z,0.00546,0xc9852edc2b32465183a6efc31b033e99baae82a0,buy,0x84119cb33e8f590d75c2d6ea4e6b0741a7494eda,0x176d3c58afec319272559be47c1b503d96ee018acdc9ee41473743029f0ab479
125,274,1.470832,0xc20b23980675af6709291cbfdcaa63bf4211dd5a,2017-10-27T22:47:37.000Z,0.005368,0x1d9382590915a3a5cfd165f57e947ca8f5a23a04,buy,0x84119cb33e8f590d75c2d6ea4e6b0741a7494eda,0xfb18b8003e6fb1549a6868abe31bde3b5ad5477baaaa4f22b215fb3cc96f961a
126,783,4.2027525,0xc20b23980675af6709291cbfdcaa63bf4211dd5a,2017-10-27T22:45:14.000Z,0.0053675,0x50f8502df373a3278a6a30cfb9f62bab49758138,buy,0x84119cb33e8f590d75c2d6ea4e6b0741a7494eda,0x4ba672ef2e96d29757670e1a97c19be217cd8bfd864a9423f5806fecff049baf
127,60,0.32205,0xdc73bcd7be13488ccfd0aceadabe8c3a27f71126,2017-10-27T19:55:24.000Z,0.0053675,0x50f8502df373a3278a6a30cfb9f62bab49758138,buy,0x84119cb33e8f590d75c2d6ea4e6b0741a7494eda,0x5c4993219ea0ea770fb977e0acca77f773f70d540b4269e49c73b75f1a09502e
128,844,4.322124,0x4be395084eac19e123bf3b784ef765e488aadf1d,2017-10-27T18:23:35.000Z,0.005121,0x1c307be64aa12f76cabd7c3b22e6f6579dd6717a,sell,0x84119cb33e8f590d75c2d6ea4e6b0741a7494eda,0xfed809396285aa845ca4cdd6cad6eb0859e10d77eca05ff01bf4c77554716bc6
129,1250,6.525025,0x650ad899deb88f384c2360b184d9f91cfba61c38,2017-10-27T18:22:09.000Z,0.00522002,0x1c307be64aa12f76cabd7c3b22e6f6579dd6717a,sell,0x84119cb33e8f590d75c2d6ea4e6b0741a7494eda,0x49d5196e316c973cf240dbd611bfeb9a4e2cc3c214acdf4c84fee86800d2e32a
130,1,0.0053675,0x65262bc9f3507663d0925dc64323cf7edae94363,2017-10-27T17:19:25.000Z,0.0053675,0x50f8502df373a3278a6a30cfb9f62bab49758138,buy,0x84119cb33e8f590d75c2d6ea4e6b0741a7494eda,0x70c6e8e1b7d9cc803d89cff075d00e2501a421313f55c90f8437ab002942b8d1
131,50,0.268375,0x65262bc9f3507663d0925dc64323cf7edae94363,2017-10-27T17:05:22.000Z,0.0053675,0x50f8502df373a3278a6a30cfb9f62bab49758138,buy,0x84119cb33e8f590d75c2d6ea4e6b0741a7494eda,0x699dc2b398c6faf99cd34b5748a9e9fd0a15aeef75e91f85268e4db7ae90372e
132,56,0.30058,0x65262bc9f3507663d0925dc64323cf7edae94363,2017-10-27T17:02:11.000Z,0.0053675,0x50f8502df373a3278a6a30cfb9f62bab49758138,buy,0x84119cb33e8f590d75c2d6ea4e6b0741a7494eda,0x56a3d9fa953b12bf44723856af1e2fefa700e00f527e76cb8d7e21d4853c79c9
133,50,0.268375,0x65262bc9f3507663d0925dc64323cf7edae94363,2017-10-27T17:01:24.000Z,0.0053675,0x50f8502df373a3278a6a30cfb9f62bab49758138,buy,0x84119cb33e8f590d75c2d6ea4e6b0741a7494eda,0x028194cb200fe1307b7f1e4cbd79d705c0d3db71e63a2a2f570b63a3b96311d3
134,40,0.21472,0x65262bc9f3507663d0925dc64323cf7edae94363,2017-10-27T17:00:40.000Z,0.005368,0x1d9382590915a3a5cfd165f57e947ca8f5a23a04,buy,0x84119cb33e8f590d75c2d6ea4e6b0741a7494eda,0xcc63d7d4018ef318e7152b46eef7e8a80776dfaf201cbe14e7a3e6c16a8eda89
135,1,0.00549,0xde5f1cfa525ce4546e93a9674b05d451a8fea3b7,2017-10-27T16:59:52.000Z,0.00549,0x65262bc9f3507663d0925dc64323cf7edae94363,sell,0x84119cb33e8f590d75c2d6ea4e6b0741a7494eda,0x0c3addcbeee0da2ebd6fa11a668834abf662d8b4c6e2b0b7e35489248ed6db57
136,55,0.29814208485130317,0x65262bc9f3507663d0925dc64323cf7edae94363,2017-10-27T16:53:29.000Z,0.0054207651791146035,0x50f8502df373a3278a6a30cfb9f62bab49758138,buy,0x84119cb33e8f590d75c2d6ea4e6b0741a7494eda,0xcb8eb45d07eaf9dcb5b16beee2b468ddbd34ec8ae18d6eaf846f16f6a326a9d5
137,0,0,0xe7e00ff5133991a09dd6f91a8e9cd5e901ee18e1,2017-10-27T16:06:11.000Z,NaN,0x50f8502df373a3278a6a30cfb9f62bab49758138,buy,0x84119cb33e8f590d75c2d6ea4e6b0741a7494eda,0xc3c036765ae2b7dd883817f116374a729919532af30778da62fff5de1b2437af
138,0,0,0xde5f1cfa525ce4546e93a9674b05d451a8fea3b7,2017-10-27T16:06:11.000Z,NaN,0xe7e00ff5133991a09dd6f91a8e9cd5e901ee18e1,sell,0x84119cb33e8f590d75c2d6ea4e6b0741a7494eda,0xc3c036765ae2b7dd883817f116374a729919532af30778da62fff5de1b2437af
139,0,0,0xde5f1cfa525ce4546e93a9674b05d451a8fea3b7,2017-10-27T16:05:00.000Z,NaN,0xe7e00ff5133991a09dd6f91a8e9cd5e901ee18e1,sell,0x84119cb33e8f590d75c2d6ea4e6b0741a7494eda,0xafff6bab2a3368b10be50d637d85632b2dabe9e3eceab0df731febfb0101860e
140,0,0,0xe7e00ff5133991a09dd6f91a8e9cd5e901ee18e1,2017-10-27T16:05:00.000Z,NaN,0x50f8502df373a3278a6a30cfb9f62bab49758138,buy,0x84119cb33e8f590d75c2d6ea4e6b0741a7494eda,0xafff6bab2a3368b10be50d637d85632b2dabe9e3eceab0df731febfb0101860e
141,0,0,0xde5f1cfa525ce4546e93a9674b05d451a8fea3b7,2017-10-27T16:04:33.000Z,NaN,0xe7e00ff5133991a09dd6f91a8e9cd5e901ee18e1,sell,0x84119cb33e8f590d75c2d6ea4e6b0741a7494eda,0xdf8d49b136499252872c653266d7ff9e0b7795c9e70be066b97ada43de060c2f
142,0,0,0xe7e00ff5133991a09dd6f91a8e9cd5e901ee18e1,2017-10-27T16:04:33.000Z,NaN,0x50f8502df373a3278a6a30cfb9f62bab49758138,buy,0x84119cb33e8f590d75c2d6ea4e6b0741a7494eda,0xdf8d49b136499252872c653266d7ff9e0b7795c9e70be066b97ada43de060c2f
143,0,0,0xe7e00ff5133991a09dd6f91a8e9cd5e901ee18e1,2017-10-27T16:03:11.000Z,NaN,0x50f8502df373a3278a6a30cfb9f62bab49758138,buy,0x84119cb33e8f590d75c2d6ea4e6b0741a7494eda,0x08a40018c824cf309db900aa89624a534aaede049509c457272e6e143d3543cc
144,0,0,0xde5f1cfa525ce4546e93a9674b05d451a8fea3b7,2017-10-27T16:03:11.000Z,NaN,0xe7e00ff5133991a09dd6f91a8e9cd5e901ee18e1,sell,0x84119cb33e8f590d75c2d6ea4e6b0741a7494eda,0x08a40018c824cf309db900aa89624a534aaede049509c457272e6e143d3543cc
145,0,0,0xde5f1cfa525ce4546e93a9674b05d451a8fea3b7,2017-10-27T16:02:55.000Z,NaN,0xe7e00ff5133991a09dd6f91a8e9cd5e901ee18e1,sell,0x84119cb33e8f590d75c2d6ea4e6b0741a7494eda,0xa6b1f010f9872cc060f9109f96af1f1dd656bb69a7038e57896e4e1d213d14bd
146,0,0,0xe7e00ff5133991a09dd6f91a8e9cd5e901ee18e1,2017-10-27T16:02:55.000Z,NaN,0x50f8502df373a3278a6a30cfb9f62bab49758138,buy,0x84119cb33e8f590d75c2d6ea4e6b0741a7494eda,0xa6b1f010f9872cc060f9109f96af1f1dd656bb69a7038e57896e4e1d213d14bd
147,0,0,0xe7e00ff5133991a09dd6f91a8e9cd5e901ee18e1,2017-10-27T15:46:12.000Z,NaN,0x50f8502df373a3278a6a30cfb9f62bab49758138,buy,0x84119cb33e8f590d75c2d6ea4e6b0741a7494eda,0x1440a9e9ac3579d89177752d70b8d8c507030aacf888170b9629f53fbc06b3e4
148,0,0,0xde5f1cfa525ce4546e93a9674b05d451a8fea3b7,2017-10-27T15:46:12.000Z,NaN,0xe7e00ff5133991a09dd6f91a8e9cd5e901ee18e1,sell,0x84119cb33e8f590d75c2d6ea4e6b0741a7494eda,0x1440a9e9ac3579d89177752d70b8d8c507030aacf888170b9629f53fbc06b3e4
149,0,0,0xde5f1cfa525ce4546e93a9674b05d451a8fea3b7,2017-10-27T15:46:02.000Z,NaN,0xe7e00ff5133991a09dd6f91a8e9cd5e901ee18e1,sell,0x84119cb33e8f590d75c2d6ea4e6b0741a7494eda,0xf716407238b514d8c77abecd25f75f7eb23118739599dc74a3cf9bcf12284fa2
150,0,0,0xe7e00ff5133991a09dd6f91a8e9cd5e901ee18e1,2017-10-27T15:46:02.000Z,NaN,0x50f8502df373a3278a6a30cfb9f62bab49758138,buy,0x84119cb33e8f590d75c2d6ea4e6b0741a7494eda,0xf716407238b514d8c77abecd25f75f7eb23118739599dc74a3cf9bcf12284fa2
151,4,0.021468,0x0d962924d8ad9214eb5902d501ec3a15c72aea12,2017-10-27T15:01:58.000Z,0.005367,0x50f8502df373a3278a6a30cfb9f62bab49758138,buy,0x84119cb33e8f590d75c2d6ea4e6b0741a7494eda,0xc8e1d415ede5d5e4c8c7f4fb6a3d925430f8ee932299b84cf5992caf2e71311f
152,60,0.32202,0x0d962924d8ad9214eb5902d501ec3a15c72aea12,2017-10-27T14:59:37.000Z,0.005367,0x50f8502df373a3278a6a30cfb9f62bab49758138,buy,0x84119cb33e8f590d75c2d6ea4e6b0741a7494eda,0x053defb37ef7e0952564030ffcd6566b6589f7c3dfdb6c1859f136276db4646c
153,187,1.003629,0x91b98a71e5d00b00b6d833cd587bd54d11fed214,2017-10-27T14:59:05.000Z,0.005367,0x50f8502df373a3278a6a30cfb9f62bab49758138,buy,0x84119cb33e8f590d75c2d6ea4e6b0741a7494eda,0xfafff9149722210dfe95041f7c3a272c5aefd3d606e092bbb205ffb2329f4b33
154,1,0.006,0x0d962924d8ad9214eb5902d501ec3a15c72aea12,2017-10-27T14:56:59.000Z,0.006,0xc77c1fcd7be214a9dc17acaec055248c0f03cb7d,buy,0x84119cb33e8f590d75c2d6ea4e6b0741a7494eda,0x8a209859907b46b3340d0a1ba62cd5eab303768673c600a4953bcf16b1db1500
155,370,1.98579,0x9c62672792542a443c8d55607552547088904b5e,2017-10-27T13:38:07.000Z,0.005367,0x50f8502df373a3278a6a30cfb9f62bab49758138,buy,0x84119cb33e8f590d75c2d6ea4e6b0741a7494eda,0xb877744214a1d0bd17c2499bf7aabbe5aa429bbfb197c34f284b29a9967f6cbb
156,125,0.6746356186579721,0x6833020e1fad7f8054b101fd9ca44e96886371e4,2017-10-27T06:09:00.000Z,0.005397084949263777,0x50f8502df373a3278a6a30cfb9f62bab49758138,buy,0x84119cb33e8f590d75c2d6ea4e6b0741a7494eda,0x1b741a13c7f349babbc32e35dc131538948179c5788711aa4e2096662caad21c
157,6,0.032202,0x6833020e1fad7f8054b101fd9ca44e96886371e4,2017-10-27T01:51:09.000Z,0.005367,0x50f8502df373a3278a6a30cfb9f62bab49758138,buy,0x84119cb33e8f590d75c2d6ea4e6b0741a7494eda,0x54cb28738da02a13b932813892a9c4149703b11338af51a70dcf78d593d20283
158,31,0.166377,0xb132d9e6baae9d49a7eb5946d946efe2b42b81ac,2017-10-27T01:40:12.000Z,0.005367,0x50f8502df373a3278a6a30cfb9f62bab49758138,buy,0x84119cb33e8f590d75c2d6ea4e6b0741a7494eda,0x06355e33246f9c849ebe1c5df56740bcef55e529aa916fd4035c6f25110ea6ad
159,64,0.3475042964907247,0x88bfe9b06cf22a31d6bf7b93de3a0760422cf17f,2017-10-27T00:54:21.000Z,0.005429754632667573,0x50f8502df373a3278a6a30cfb9f62bab49758138,buy,0x84119cb33e8f590d75c2d6ea4e6b0741a7494eda,0x92b8133235cdef9abae22699745e59292197ab40e85dff293a1f8b224bca4f8b
160,77,0.413259,0x88bfe9b06cf22a31d6bf7b93de3a0760422cf17f,2017-10-27T00:30:11.000Z,0.005367,0x50f8502df373a3278a6a30cfb9f62bab49758138,buy,0x84119cb33e8f590d75c2d6ea4e6b0741a7494eda,0xbc1a0779717201dd4a689b6076fc8181787589239dbc4184616cac7dfd65f930
161,19,0.101973,0xa8d39347f3cadda48a2bafb0805f262f1764fd5c,2017-10-27T00:27:10.000Z,0.005367,0x50f8502df373a3278a6a30cfb9f62bab49758138,buy,0x84119cb33e8f590d75c2d6ea4e6b0741a7494eda,0x9e3923eb892aaeeabbd1343633f8fa9d31e518a8266aa1cc53b648d3c3e6fe68
162,309,1.659021,0x1c307be64aa12f76cabd7c3b22e6f6579dd6717a,2017-10-26T19:39:45.000Z,0.005369,0x50f8502df373a3278a6a30cfb9f62bab49758138,buy,0x84119cb33e8f590d75c2d6ea4e6b0741a7494eda,0x20bcc8aef378948e80471d04951467bf54342b8dc907f5f2373f5fa6426750f8
163,1015,5.453736488765408,0x3c6afd05bb0f423231f09f1f1fa49c0f1fded42e,2017-10-26T11:40:09.000Z,0.005373139397798431,0x1d9382590915a3a5cfd165f57e947ca8f5a23a04,buy,0x84119cb33e8f590d75c2d6ea4e6b0741a7494eda,0x135a1534bf9c5fac41d8cc1e10988ab445d407a369ea7cce9302f2a0d61ad06f
164,40,0.21996,0x88bfe9b06cf22a31d6bf7b93de3a0760422cf17f,2017-10-26T04:49:23.000Z,0.005499,0x50f8502df373a3278a6a30cfb9f62bab49758138,buy,0x84119cb33e8f590d75c2d6ea4e6b0741a7494eda,0xa2d0e405bb9a60f0eef571fa635167d2f9903da89b06eaede1ac08eb1bbe9297
165,55,0.302445,0x88bfe9b06cf22a31d6bf7b93de3a0760422cf17f,2017-10-26T01:49:56.000Z,0.005499,0x50f8502df373a3278a6a30cfb9f62bab49758138,buy,0x84119cb33e8f590d75c2d6ea4e6b0741a7494eda,0x01f2433f2852792300821c73dd3af9b2241082d5aaccc3e3877d308bec7d0de7
166,2,0.0109998,0xedf5de3807d23e5d85b0caa1e10d52b85c2a6965,2017-10-25T23:35:08.000Z,0.0054999,0x13dace1ee0a138cf3c5c66c113e4c530ca2e209b,buy,0x84119cb33e8f590d75c2d6ea4e6b0741a7494eda,0xcba91d9058780a05953f0784bfe6b1e56f89b9f024944289dccb6fa7695d868f
167,79,0.40448,0xad9300646e5fba2aec2369887b28d08c3494aa40,2017-10-25T23:31:42.000Z,0.00512,0x1ed014aec47fae44c9e55bac7662c0b78ae61798,sell,0x84119cb33e8f590d75c2d6ea4e6b0741a7494eda,0x4b7cfbc4f0ee9283f65b866cf7f3e8a243aa43e4a9ea59d018fa9ad75aa5a8d4
168,125,0.64,0xad9300646e5fba2aec2369887b28d08c3494aa40,2017-10-25T23:01:54.000Z,0.00512,0xdd4567286defde8c05a532c29efd02797d7b2d6f,sell,0x84119cb33e8f590d75c2d6ea4e6b0741a7494eda,0xafad0f0dfe4815ed58f5f43e363c1dc04b76d65531ce56c27a776c1c3386bb69
169,10,0.0560285,0x6b8f546926d84de6a9d25eafc153c5a4f04b3a05,2017-10-25T22:33:47.000Z,0.00560285,0x53c832ea7b9577e1b07f4bccc249b894649c1a20,buy,0x84119cb33e8f590d75c2d6ea4e6b0741a7494eda,0xda6dc95d30724bc5fdac236dc34533d9defc866ff867a597f18b7eb33bc87a55
170,322,1.771,0x9657b8c69683cf4f0ba9344895be0f5f122c482a,2017-10-25T21:44:41.000Z,0.0055,0x53c832ea7b9577e1b07f4bccc249b894649c1a20,buy,0x84119cb33e8f590d75c2d6ea4e6b0741a7494eda,0xdf8883a02cf6296d3adf6cfe57cce5533a6ec9d49f5e66761eb65303e078f566
171,55,0.3025,0x6307e7de965954304f2e46efa13ce1689cca81a2,2017-10-25T21:28:29.000Z,0.0055,0x53c832ea7b9577e1b07f4bccc249b894649c1a20,buy,0x84119cb33e8f590d75c2d6ea4e6b0741a7494eda,0xdb3ef04ce261cff586e80060a5efa8d766e5e6a289d4582e0fec60b6f9befff7
172,2,0.011,0x6307e7de965954304f2e46efa13ce1689cca81a2,2017-10-25T21:23:51.000Z,0.0055,0x53c832ea7b9577e1b07f4bccc249b894649c1a20,buy,0x84119cb33e8f590d75c2d6ea4e6b0741a7494eda,0xe086d9586392c29012b0f4fda7923a32ba94ba9e24b951e533749eda96ad1dc2
173,6,0.033,0xf81c05fcbb95e9a3b02320e50f4b483c0791334a,2017-10-25T21:23:24.000Z,0.0055,0x53c832ea7b9577e1b07f4bccc249b894649c1a20,buy,0x84119cb33e8f590d75c2d6ea4e6b0741a7494eda,0xbc96bd8455084c30d073fd77d19bbb6dc7cda2c2a82a05c9f57a230e0cff07f5
174,713,3.9215,0xf81c05fcbb95e9a3b02320e50f4b483c0791334a,2017-10-25T21:18:09.000Z,0.0055,0x50f8502df373a3278a6a30cfb9f62bab49758138,buy,0x84119cb33e8f590d75c2d6ea4e6b0741a7494eda,0xe9392d2a331dd9a8ec2948ce526f2ec7e8e96e046f1b1e4ceece34c251094e33
175,1,0.0055,0x6307e7de965954304f2e46efa13ce1689cca81a2,2017-10-25T21:16:53.000Z,0.0055,0x50f8502df373a3278a6a30cfb9f62bab49758138,buy,0x84119cb33e8f590d75c2d6ea4e6b0741a7494eda,0x2dcb6f9d82312bd0eb3f957e25c51721064922c00151740bbe426d383ec754c0
176,111,0.6105,0x01a45f7fbf7453092e49b6db137568f9cfab8ead,2017-10-25T20:12:15.000Z,0.0055,0x50f8502df373a3278a6a30cfb9f62bab49758138,buy,0x84119cb33e8f590d75c2d6ea4e6b0741a7494eda,0x1e6ba29f19f07b5df7921c7d9d5e201f7468b2a7be3e6729d4688c70ba8b2704
177,710,3.905,0xa6d5056eb1013dddb03f03aec95e5739880550af,2017-10-25T16:04:01.000Z,0.0055,0x50f8502df373a3278a6a30cfb9f62bab49758138,sell,0x84119cb33e8f590d75c2d6ea4e6b0741a7494eda,0xd3f45db1952e7154e2bbb72bf6d4c615fd1c210d6c94bfabdc45c728c5a911da
178,19,0.0988,0xa6d5056eb1013dddb03f03aec95e5739880550af,2017-10-25T11:03:36.000Z,0.0052,0x23dcfc2c83acef52c358add8f06bf969e678b5c6,sell,0x84119cb33e8f590d75c2d6ea4e6b0741a7494eda,0x407bf1e3ce085f1fc0db4cf23b6f4ba7f8100a16f5f66f1744a983bbeedd2725
179,9,0.0441,0x737d1be798efa2278fb46807b2ea3ec36397f5da,2017-10-25T08:11:33.000Z,0.0049,0xa96460d4b7a12d2d46e053c73fc117609bab904a,sell,0x84119cb33e8f590d75c2d6ea4e6b0741a7494eda,0x7f06808191737dabebab0b38a21645763422698917ca8640959aa97b5bdd68b6
180,10,0.0511002,0x06a1aa03c180cff362ad51c69a4c60688013a990,2017-10-25T08:11:04.000Z,0.00511002,0xa96460d4b7a12d2d46e053c73fc117609bab904a,sell,0x84119cb33e8f590d75c2d6ea4e6b0741a7494eda,0xc4ae23f47a6141fb99d180c1185e6b7d3ede76c9c619f7b0cbbcc5a0817237bd
181,9,0.04500207,0x994731de7be59e5d82f36f8704173028aa13822b,2017-10-25T08:11:04.000Z,0.00500023,0xa96460d4b7a12d2d46e053c73fc117609bab904a,sell,0x84119cb33e8f590d75c2d6ea4e6b0741a7494eda,0x6dc30c3adf5ea156c15f2638707a7b03e9241c43e84e821518fa6256f98ae031
182,2,0.01022,0xc3e7f39030093ebebc1f8fd66f63a468ea91d3d9,2017-10-25T08:11:04.000Z,0.00511,0xa96460d4b7a12d2d46e053c73fc117609bab904a,sell,0x84119cb33e8f590d75c2d6ea4e6b0741a7494eda,0x51f54aae6404bc335a40989a57a6d68b18587ca702dbc5431e88f72eed109188
183,1250,6.92625,0x985b8fab55f87cfd0df12781093c3d12e54e3618,2017-10-25T02:45:04.000Z,0.005541,0x50f8502df373a3278a6a30cfb9f62bab49758138,buy,0x84119cb33e8f590d75c2d6ea4e6b0741a7494eda,0xb1640006e02b86ae683a97d7670a7921afd43432b351ade2c0882dc179315686
184,438,2.426317644,0x985b8fab55f87cfd0df12781093c3d12e54e3618,2017-10-25T02:43:20.000Z,0.005539538,0x650ad899deb88f384c2360b184d9f91cfba61c38,buy,0x84119cb33e8f590d75c2d6ea4e6b0741a7494eda,0xdfef0fa267927dda5b0af5b8aa44ec64eaef1a890aa0121c670d7b3af39a0261
185,950,5.262905,0x985b8fab55f87cfd0df12781093c3d12e54e3618,2017-10-25T02:41:36.000Z,0.0055399,0x650ad899deb88f384c2360b184d9f91cfba61c38,buy,0x84119cb33e8f590d75c2d6ea4e6b0741a7494eda,0x5fd57e6c6d2065193ab811deba4ef93697948613ef40d78d8b3cec80c576f2cc
186,3276,18.6732,0x81d5636e38d308c0c8a0b84c2b3c1abf5f995941,2017-10-25T00:06:38.000Z,0.0057,0x6e24f19e2fdeff8ff863a088778d7403d5a86221,buy,0x84119cb33e8f590d75c2d6ea4e6b0741a7494eda,0xe57b6e69f1891b0b128c19501d33d0ce087631640af4f048e6da458aca966de6
187,1389,7.694419671,0x81d5636e38d308c0c8a0b84c2b3c1abf5f995941,2017-10-24T23:57:08.000Z,0.005539539,0x650ad899deb88f384c2360b184d9f91cfba61c38,buy,0x84119cb33e8f590d75c2d6ea4e6b0741a7494eda,0x0e6adcce2f855985699b1d399826319055ed520041613d6a64f573cbc7e33da9
188,877,4.85815904,0x81d5636e38d308c0c8a0b84c2b3c1abf5f995941,2017-10-24T23:55:08.000Z,0.00553952,0xfa65e3b5e113e18ab075f118b08efcad22145ad9,buy,0x84119cb33e8f590d75c2d6ea4e6b0741a7494eda,0xc86354b0710194446d05759d938ba5f006ded48976447a29e4240d33f83cce81
189,15,0.08309322,0x88bfe9b06cf22a31d6bf7b93de3a0760422cf17f,2017-10-24T19:29:48.000Z,0.005539548,0xda6b7ae36fb3c93859e66a532851717c160969f1,buy,0x84119cb33e8f590d75c2d6ea4e6b0741a7494eda,0xc5a77b49d576e2b4e76e182a87b28fce82a49f74eb7f29388f612e291aafd10c
190,668,3.4068,0x80b09687d811e0a3a0d2e6435c82e6d861bed86b,2017-10-24T18:34:13.000Z,0.0051,0x50f8502df373a3278a6a30cfb9f62bab49758138,sell,0x84119cb33e8f590d75c2d6ea4e6b0741a7494eda,0x4d4e720d56c137a3e9dd023b459aba85b86bc317c01059302c42d1936837cde1
191,50,0.2550035,0x88bfe9b06cf22a31d6bf7b93de3a0760422cf17f,2017-10-24T18:33:57.000Z,0.00510007,0x50f8502df373a3278a6a30cfb9f62bab49758138,sell,0x84119cb33e8f590d75c2d6ea4e6b0741a7494eda,0x0f8b0e0757247b640ecd7a5e46b1f86eda7112b59a38b2819c390fbf39d65fce
192,100,0.52,0xb9fb62d9d45dce9a414a9edbee062f7d80f8b8d1,2017-10-24T18:28:20.000Z,0.0052,0x50f8502df373a3278a6a30cfb9f62bab49758138,sell,0x84119cb33e8f590d75c2d6ea4e6b0741a7494eda,0xc559499ef684826112e1acdf233d150e504810d82443c56248790f922e15d92b
193,60,0.318,0xf549e70a0c53696dba413770fbd8d05497944ac4,2017-10-24T18:28:08.000Z,0.0053,0x50f8502df373a3278a6a30cfb9f62bab49758138,sell,0x84119cb33e8f590d75c2d6ea4e6b0741a7494eda,0x387a4f32c534d0fd7bcbf44003762b552a3d4934d6cb9c12a93d668989653021
194,1257,6.978730136576613,0xd1b1517c8b6091a4da6b06de34f370ae4e910861,2017-10-24T17:58:58.000Z,0.005551893505629763,0x650ad899deb88f384c2360b184d9f91cfba61c38,buy,0x84119cb33e8f590d75c2d6ea4e6b0741a7494eda,0xfd9875e6e52840b2c83b98670ca58a95da0d299dea75fdd9496cbfb5d480f3b2
195,3,0.0162,0xad9300646e5fba2aec2369887b28d08c3494aa40,2017-10-24T16:36:36.000Z,0.0054,0xfa65e3b5e113e18ab075f118b08efcad22145ad9,sell,0x84119cb33e8f590d75c2d6ea4e6b0741a7494eda,0x86d226ce1f847c33cf6e0b587fdf68db316ae57e30675247043ad1113164280d
196,9,0.05514017885231832,0x8f51124b8df6ed3af9d4154615dfefd8e531ac9d,2017-10-24T15:17:18.000Z,0.00612668653914648,0xc9852edc2b32465183a6efc31b033e99baae82a0,buy,0x84119cb33e8f590d75c2d6ea4e6b0741a7494eda,0x380ce04ba6d46a4423e2487f8748bbdefdffbc15ce9040238b5bb06ee1f26475
197,1,0.005589,0x0064096554e8acf613b6c9e942b8becbb9616c1f,2017-10-24T10:47:42.000Z,0.005589,0x650ad899deb88f384c2360b184d9f91cfba61c38,buy,0x84119cb33e8f590d75c2d6ea4e6b0741a7494eda,0x9402a8720c9169382c23b30064811a57a7dafed937197016e9d129a07210b7f3
198,1,0.0054,0xad9300646e5fba2aec2369887b28d08c3494aa40,2017-10-24T07:39:19.000Z,0.0054,0x1fd1603aa6631efe9af2d1f0aa197b9f8fd22ea3,sell,0x84119cb33e8f590d75c2d6ea4e6b0741a7494eda,0x8701b4664c010f7ecd0b3da9d1c9fa0e24a34f798cd120c56f8f601eee7c3b09
199,996,5.3784,0xad9300646e5fba2aec2369887b28d08c3494aa40,2017-10-24T07:37:41.000Z,0.0054,0x1fd1603aa6631efe9af2d1f0aa197b9f8fd22ea3,sell,0x84119cb33e8f590d75c2d6ea4e6b0741a7494eda,0x7dd3bedc8a1e937d27360f13a881938cd89bc9aa33364d5c3c3951af7ad14cee
200,45,0.25595075811826307,0x6833020e1fad7f8054b101fd9ca44e96886371e4,2017-10-24T07:22:52.000Z,0.005687794624850291,0x650ad899deb88f384c2360b184d9f91cfba61c38,buy,0x84119cb33e8f590d75c2d6ea4e6b0741a7494eda,0x1dce068de362d35ab18b47c34acc71cb6de341874529c78623c46e44c1f1a092
201,10,0.05589,0x88bfe9b06cf22a31d6bf7b93de3a0760422cf17f,2017-10-24T02:27:32.000Z,0.005589,0x650ad899deb88f384c2360b184d9f91cfba61c38,buy,0x84119cb33e8f590d75c2d6ea4e6b0741a7494eda,0xc46ff912c22ffed1e18396a46f9e960baffe6094314a637af2bc174493d2e39d
202,550,3.07395,0x01a45f7fbf7453092e49b6db137568f9cfab8ead,2017-10-24T01:59:30.000Z,0.005589,0x650ad899deb88f384c2360b184d9f91cfba61c38,buy,0x84119cb33e8f590d75c2d6ea4e6b0741a7494eda,0xcc9f1312134a09ebda900fe6e97d67a81327e1508f5cba6ae98657336300ce6f
203,15,0.083835,0x4b43041e418b16bb7dcf94a09f721cc73574fc04,2017-10-23T22:51:38.000Z,0.005589,0x650ad899deb88f384c2360b184d9f91cfba61c38,buy,0x84119cb33e8f590d75c2d6ea4e6b0741a7494eda,0x24e5745af4640499d49808e0810ee81e2e860c0851d15da1ca596e50ef23e6fe
204,15,0.083835,0x4b43041e418b16bb7dcf94a09f721cc73574fc04,2017-10-23T22:51:29.000Z,0.005589,0x650ad899deb88f384c2360b184d9f91cfba61c38,buy,0x84119cb33e8f590d75c2d6ea4e6b0741a7494eda,0x24e5745af4640499d49808e0810ee81e2e860c0851d15da1ca596e50ef23e6fe
205,3000,16.7673,0x985b8fab55f87cfd0df12781093c3d12e54e3618,2017-10-23T20:13:09.000Z,0.0055891,0x650ad899deb88f384c2360b184d9f91cfba61c38,buy,0x84119cb33e8f590d75c2d6ea4e6b0741a7494eda,0x9176915f368bd92aa3a3601a9e779fa6661ad3e280c2f6cd2235a97a62958d57
206,12,0.067068,0x6833020e1fad7f8054b101fd9ca44e96886371e4,2017-10-23T19:34:24.000Z,0.005589,0x650ad899deb88f384c2360b184d9f91cfba61c38,buy,0x84119cb33e8f590d75c2d6ea4e6b0741a7494eda,0x0624a6bf829f9c442174e31151c67c7d61085fa6ff556a3ded8a85ffeabf1aaf
207,26,0.1503441,0x88bfe9b06cf22a31d6bf7b93de3a0760422cf17f,2017-10-23T19:02:00.000Z,0.005782465384615384,0x650ad899deb88f384c2360b184d9f91cfba61c38,buy,0x84119cb33e8f590d75c2d6ea4e6b0741a7494eda,0xed8fb7c3743127a1aa757a6211845f8c30918b4a79b197948776a7798aaf33fd
208,4710,23.7855,0x650ad899deb88f384c2360b184d9f91cfba61c38,2017-10-23T14:21:06.000Z,0.00505,0x53c832ea7b9577e1b07f4bccc249b894649c1a20,sell,0x84119cb33e8f590d75c2d6ea4e6b0741a7494eda,0x9b66c3a15d0dc1f0eb2c22787127896a597b11b53f68aa7f1e61d6d63a9b747b
209,740,3.996,0xa6d5056eb1013dddb03f03aec95e5739880550af,2017-10-23T14:19:37.000Z,0.0054,0x53c832ea7b9577e1b07f4bccc249b894649c1a20,sell,0x84119cb33e8f590d75c2d6ea4e6b0741a7494eda,0xe105e1d048bba8104e795b60ad86438543d4632249601ccc490fa0e04c920307
210,627,3.4485,0xad9300646e5fba2aec2369887b28d08c3494aa40,2017-10-23T14:19:28.000Z,0.0055,0x53c832ea7b9577e1b07f4bccc249b894649c1a20,sell,0x84119cb33e8f590d75c2d6ea4e6b0741a7494eda,0x97ce5648ecd4fd34e9a93ccda39a2d0ff5b36e5d46ea3c1dff8a121b0faf9af4
211,23,0.13409468429707905,0x6833020e1fad7f8054b101fd9ca44e96886371e4,2017-10-23T12:56:57.000Z,0.005830203665090393,0x650ad899deb88f384c2360b184d9f91cfba61c38,buy,0x84119cb33e8f590d75c2d6ea4e6b0741a7494eda,0x8e3f828a8097d354b3c95b6f8a8ec99e952f6c587be86cd8b9925f666ca3f677
212,373,2.0515,0xad9300646e5fba2aec2369887b28d08c3494aa40,2017-10-23T12:34:26.000Z,0.0055,0x273a5d3e6721b9f5c1a6474f560c1334c63dda01,sell,0x84119cb33e8f590d75c2d6ea4e6b0741a7494eda,0xef7892061cd5df852420ee644df5cb2ed8a1eac31175306db4299be0282ea0bc
213,375,2.025,0x273a5d3e6721b9f5c1a6474f560c1334c63dda01,2017-10-23T12:34:26.000Z,0.0054,0x3829d8136dd27992b597f3376af50f464bbcf119,buy,0x84119cb33e8f590d75c2d6ea4e6b0741a7494eda,0xef7892061cd5df852420ee644df5cb2ed8a1eac31175306db4299be0282ea0bc
214,125,0.6875,0x1fd93b31a93078baa1f0e740f226eeff6c55d8a3,2017-10-23T12:33:21.000Z,0.0055,0x3829d8136dd27992b597f3376af50f464bbcf119,sell,0x84119cb33e8f590d75c2d6ea4e6b0741a7494eda,0x1a6942184fb6e56104d6d2ab49200238c5284aa1fe00428b427f1ad7bb65f7ad
215,1,0.006649999,0x123f1884d2fa10c6a955ae60f1c5e1ae826d5063,2017-10-23T11:22:45.000Z,0.006649999,0xfc25edaf4f29c251c0a75285cdb950243ac3dcb2,buy,0x84119cb33e8f590d75c2d6ea4e6b0741a7494eda,0xad64d83410bb43dca6a5b4b7b0d13bf2de8b8ea5486e4d3b1bb69aa48390f8a5
216,947,5.2085,0x1fd93b31a93078baa1f0e740f226eeff6c55d8a3,2017-10-23T10:57:10.000Z,0.0055,0xbb7747ffd02119a29032c0f64d537103e45e0479,sell,0x84119cb33e8f590d75c2d6ea4e6b0741a7494eda,0x75ca22b3e7ae80f3a9c550b5479c1d856201b6158a1efc8b9c4c559e435fbfdd
217,58,0.32422,0xaf3091294cfdbc0549ce28b7858691121ec5cfae,2017-10-23T07:18:38.000Z,0.00559,0x650ad899deb88f384c2360b184d9f91cfba61c38,buy,0x84119cb33e8f590d75c2d6ea4e6b0741a7494eda,0x33654af890255d853a36f5ee89eb6e46ae7f093305ba8579807324df25bbc350
218,11,0.0627,0xb9fb62d9d45dce9a414a9edbee062f7d80f8b8d1,2017-10-23T07:14:44.000Z,0.0057,0xd6217ebc3bf32436fcd6539ac9f4923ffb30a918,buy,0x84119cb33e8f590d75c2d6ea4e6b0741a7494eda,0x05034417e459ccc653ba655c0f6215282e345daaecf97b3f2f8af1b1c5c9e078
219,568,3.407999432,0xb9fb62d9d45dce9a414a9edbee062f7d80f8b8d1,2017-10-23T07:14:12.000Z,0.005999999,0x80b09687d811e0a3a0d2e6435c82e6d861bed86b,buy,0x84119cb33e8f590d75c2d6ea4e6b0741a7494eda,0x8665401a4fbb26aa610f7518a18cc95ddf1ed150a6f150730281cf6afd3bc8b9
220,1000,5.6489,0xb9fb62d9d45dce9a414a9edbee062f7d80f8b8d1,2017-10-23T07:13:42.000Z,0.0056489,0x50f8502df373a3278a6a30cfb9f62bab49758138,buy,0x84119cb33e8f590d75c2d6ea4e6b0741a7494eda,0x98a1a3c32297172be7442ca45c113e0a5cf5b484875a6cc146c2ff2d1252d6a7
221,25,0.13975,0x88bfe9b06cf22a31d6bf7b93de3a0760422cf17f,2017-10-23T01:45:58.000Z,0.00559,0x650ad899deb88f384c2360b184d9f91cfba61c38,buy,0x84119cb33e8f590d75c2d6ea4e6b0741a7494eda,0x2b1ddde60f7834391921a6bab2ddf299888d3e000670ddb5192e2ab6cbddc91e
222,25,0.13975,0x88bfe9b06cf22a31d6bf7b93de3a0760422cf17f,2017-10-23T01:44:37.000Z,0.00559,0x650ad899deb88f384c2360b184d9f91cfba61c38,buy,0x84119cb33e8f590d75c2d6ea4e6b0741a7494eda,0xcf2826a3295c048c4bbfef48a9d949623a5db6b900843aa0d338d963166bb7ac
223,178,0.99502,0x51b7d7eb2a4e042018bca707c332ff2955cbb558,2017-10-23T00:19:35.000Z,0.00559,0x650ad899deb88f384c2360b184d9f91cfba61c38,sell,0x84119cb33e8f590d75c2d6ea4e6b0741a7494eda,0x58d605cba922495c462dedb673ba83c9103b01ad617720d9f05b2bab13baa6ac
224,55,0.29205,0x89ca536b098ecd630a3965b66f3a7c2dc0d4ce41,2017-10-23T00:15:12.000Z,0.00531,0x650ad899deb88f384c2360b184d9f91cfba61c38,sell,0x84119cb33e8f590d75c2d6ea4e6b0741a7494eda,0x47da8445f6cb700df5dbf2423a9922e1f8407293b2318e3a3b125b9b7b0be46c
225,50,0.265,0x65262bc9f3507663d0925dc64323cf7edae94363,2017-10-22T21:20:10.000Z,0.0053,0x50f8502df373a3278a6a30cfb9f62bab49758138,sell,0x84119cb33e8f590d75c2d6ea4e6b0741a7494eda,0xe4a658d4885a175b8666c32b8b3bb64cbea745ebc1c81503a7995c7d3e631647
226,5,0.02795,0x5eaad7d1917b839982978d29d78a08eb9fadc069,2017-10-22T18:53:54.000Z,0.00559,0x650ad899deb88f384c2360b184d9f91cfba61c38,buy,0x84119cb33e8f590d75c2d6ea4e6b0741a7494eda,0x64adfe21ec79dcfd01776ede7fff433492932f44e005703f675e1590aefe8d84
227,1,0.00559,0xe1fa699860444be91d366c21de8fef56e3dec77a,2017-10-22T17:38:59.000Z,0.00559,0x650ad899deb88f384c2360b184d9f91cfba61c38,buy,0x84119cb33e8f590d75c2d6ea4e6b0741a7494eda,0x7e8697c8128d24d5a64c473442969f5a02f71c786e94314563657d9c276e9de7
228,1519,6.2279,0x36121d99d02455fef009682550f3084487f32b79,2017-10-22T15:59:30.000Z,0.0041,0xb86f547fabd32315bc8929ea19e4ad985bf27adf,sell,0x84119cb33e8f590d75c2d6ea4e6b0741a7494eda,0x1e1e8d36ead63199207610b5f2be1455868691f07f830a8d7755d3ea520497e1
229,110,0.495,0x91b98a71e5d00b00b6d833cd587bd54d11fed214,2017-10-22T15:56:36.000Z,0.0045,0xb86f547fabd32315bc8929ea19e4ad985bf27adf,sell,0x84119cb33e8f590d75c2d6ea4e6b0741a7494eda,0x77d4dc4582172f75a28456b4f00b9ba51c4a36c2103b77ca94f51bef2f22b94c
230,20,0.0962,0x994731de7be59e5d82f36f8704173028aa13822b,2017-10-22T15:56:26.000Z,0.00481,0xb86f547fabd32315bc8929ea19e4ad985bf27adf,sell,0x84119cb33e8f590d75c2d6ea4e6b0741a7494eda,0xe4ec1eec5157a1f9b2ad029bde575c1f9c28f83679aeb962c9508f4f31308c75
231,50,0.2455,0xe2693ea0609fc8b1571faef9509d4ddd5626dca9,2017-10-22T15:56:26.000Z,0.00491,0xb86f547fabd32315bc8929ea19e4ad985bf27adf,sell,0x84119cb33e8f590d75c2d6ea4e6b0741a7494eda,0x362a19bc92a39a03d1933a52e5504ad5ee1b5957547f20c497c74ce141ecf7a3
232,50,0.2500003,0xdf1e939518f6f84ba7035aab9812f7ed2014265f,2017-10-22T15:56:26.000Z,0.005000006,0xb86f547fabd32315bc8929ea19e4ad985bf27adf,sell,0x84119cb33e8f590d75c2d6ea4e6b0741a7494eda,0x619c4f24b1d059186556922547d965111e12d23f285cb1cc68f5b414f667690d
233,20,0.09602,0xdf506fae3ab0c8fe3dc49cff903138a93c04d3cc,2017-10-22T15:56:26.000Z,0.004801,0xb86f547fabd32315bc8929ea19e4ad985bf27adf,sell,0x84119cb33e8f590d75c2d6ea4e6b0741a7494eda,0x4814e0488b735890d0da9b6717afb8acad40a40150e277aca699a37d56eb562d
234,276,1.38,0x650ad899deb88f384c2360b184d9f91cfba61c38,2017-10-22T15:56:26.000Z,0.005,0xb86f547fabd32315bc8929ea19e4ad985bf27adf,sell,0x84119cb33e8f590d75c2d6ea4e6b0741a7494eda,0x642bfb58e8c0f466ace67265be84a6914f9242c1cad0d0203d7a3cb793131969
235,80,0.40000064,0x816e9359ea847839e0be4c18218e6658a1ac3662,2017-10-22T15:56:00.000Z,0.005000008,0xb86f547fabd32315bc8929ea19e4ad985bf27adf,sell,0x84119cb33e8f590d75c2d6ea4e6b0741a7494eda,0xe9928184b66593cb06d51fb3a9fa337226a9895dc05344b061e17c44d257ea0a
236,810,3.645,0xa80a8adb50fa81542f5ff4d814fa429723e56854,2017-10-22T15:53:55.000Z,0.0045,0xb86f547fabd32315bc8929ea19e4ad985bf27adf,sell,0x84119cb33e8f590d75c2d6ea4e6b0741a7494eda,0xb00fc08b28c7c0316cd590be2570184f870760e87a7e9e63434715164c99762e
237,40,0.204,0xa04c74c5d53446108b03c519c945f54361c51918,2017-10-22T15:53:55.000Z,0.0051,0xb86f547fabd32315bc8929ea19e4ad985bf27adf,sell,0x84119cb33e8f590d75c2d6ea4e6b0741a7494eda,0xc5ad915bfa800102dc0e6ab49626a65a929449f8092fddd6fc5e09800f2c943f
238,950,3.9045,0xbb7747ffd02119a29032c0f64d537103e45e0479,2017-10-22T15:53:55.000Z,0.00411,0xb86f547fabd32315bc8929ea19e4ad985bf27adf,sell,0x84119cb33e8f590d75c2d6ea4e6b0741a7494eda,0x9c282b895a073c051a9bd5834e520463a1ecb24c9464b857992328ede565755b
239,118,0.59,0x650ad899deb88f384c2360b184d9f91cfba61c38,2017-10-22T15:53:55.000Z,0.005,0xb86f547fabd32315bc8929ea19e4ad985bf27adf,sell,0x84119cb33e8f590d75c2d6ea4e6b0741a7494eda,0xb316be988c2c10726de6de9815c9ee9c452bf24d8a6614f92d207cbceebac4a6
240,308,1.5862,0x0067446b244dc5841b2079078584722b1b2805bc,2017-10-22T15:51:02.000Z,0.00515,0xb86f547fabd32315bc8929ea19e4ad985bf27adf,sell,0x84119cb33e8f590d75c2d6ea4e6b0741a7494eda,0xc29e927357a0d7169c250197ebe799d4e982aeaac1281ec35ce8a010a18b0872
241,9,0.0468,0x1ebb814c9ef016e6012be299ed834f1ddced1529,2017-10-22T15:03:29.000Z,0.0052,0x50f8502df373a3278a6a30cfb9f62bab49758138,sell,0x84119cb33e8f590d75c2d6ea4e6b0741a7494eda,0x138af27116b09f471938ac6c9f0d141e30b0672040da56093c8f3e64a76ae360
242,1,0.005,0x1ebb814c9ef016e6012be299ed834f1ddced1529,2017-10-22T14:36:18.000Z,0.005,0xb86f547fabd32315bc8929ea19e4ad985bf27adf,buy,0x84119cb33e8f590d75c2d6ea4e6b0741a7494eda,0x6895987af9c50ec713bcec459188bfb6cc64fefd592d51b0d2847bcc7e30913e
243,9,0.04635,0x0067446b244dc5841b2079078584722b1b2805bc,2017-10-22T14:32:41.000Z,0.00515,0xe7e00ff5133991a09dd6f91a8e9cd5e901ee18e1,sell,0x84119cb33e8f590d75c2d6ea4e6b0741a7494eda,0xc8c29b8fde309fd8ac291f26fb13c97a5de97e35b4939ad8725802b498865e81
244,10,0.05,0xe7e00ff5133991a09dd6f91a8e9cd5e901ee18e1,2017-10-22T14:32:41.000Z,0.005,0xb86f547fabd32315bc8929ea19e4ad985bf27adf,buy,0x84119cb33e8f590d75c2d6ea4e6b0741a7494eda,0xc8c29b8fde309fd8ac291f26fb13c97a5de97e35b4939ad8725802b498865e81
245,73,0.37595,0x0067446b244dc5841b2079078584722b1b2805bc,2017-10-22T14:02:20.000Z,0.00515,0x00b3d1a0f7ec70e3f29086a92da6010a98f90e53,sell,0x84119cb33e8f590d75c2d6ea4e6b0741a7494eda,0xff12131f197da66c25e79b88e7768187eab3eb2ce46ce24a7d2a987600357b45
246,287,1.6090120626059217,0x9657b8c69683cf4f0ba9344895be0f5f122c482a,2017-10-22T12:50:19.000Z,0.005606313806989274,0x650ad899deb88f384c2360b184d9f91cfba61c38,buy,0x84119cb33e8f590d75c2d6ea4e6b0741a7494eda,0x89b728b2b9fad8a5611056f6652d87568579607a1d5c5657f0a017884ed3cbdf
247,95,0.494,0xe33384c7e56500d51aec589f40104848c5103f22,2017-10-22T02:23:19.000Z,0.0052,0x6e24f19e2fdeff8ff863a088778d7403d5a86221,sell,0x84119cb33e8f590d75c2d6ea4e6b0741a7494eda,0x7892014332d880b1af0592f31c93c7d8f6b5fb943d1f5281ec964a1b937c6ab8
248,567,2.73294,0x80b09687d811e0a3a0d2e6435c82e6d861bed86b,2017-10-22T02:22:44.000Z,0.00482,0x6e24f19e2fdeff8ff863a088778d7403d5a86221,sell,0x84119cb33e8f590d75c2d6ea4e6b0741a7494eda,0x03c5d382d03a31caa8fc5e94cfe957d0df0e52a346bbe13967fafc3e38e5bbf6
249,4412,21.1776,0x5f06f5056c92c3a984ce5d38da27d1835f18d4a2,2017-10-22T02:22:44.000Z,0.0048,0x6e24f19e2fdeff8ff863a088778d7403d5a86221,sell,0x84119cb33e8f590d75c2d6ea4e6b0741a7494eda,0xf5b6610eb8c1f227182a6738428a2db8349be0a7f00e664cf188174b939306c8
250,550,2.64055,0xdf506fae3ab0c8fe3dc49cff903138a93c04d3cc,2017-10-22T02:22:44.000Z,0.004801,0x6e24f19e2fdeff8ff863a088778d7403d5a86221,sell,0x84119cb33e8f590d75c2d6ea4e6b0741a7494eda,0x0b5449a94022fb1b8a2ddebe65c7c157cbb03ad8dd3da258848372b683a5d6d9
251,1751,9.1052,0x985b8fab55f87cfd0df12781093c3d12e54e3618,2017-10-22T01:46:36.000Z,0.0052,0x0f44f4e7e19b115843c7a6870ca85a03753ce0bb,buy,0x84119cb33e8f590d75c2d6ea4e6b0741a7494eda,0x7ce2a2b69463a4737f5c456ed0e485ead99305da9741e84e6c8034345609c40f
252,126,0.63,0x985b8fab55f87cfd0df12781093c3d12e54e3618,2017-10-22T01:25:43.000Z,0.005,0x1f15728810ca07a4d86f6d8f9424d69ac65b286d,buy,0x84119cb33e8f590d75c2d6ea4e6b0741a7494eda,0xa173f39ec82d9eef25ef9c68c1de5797f2095278a63f446a3ecbed09998fa245
253,224,1.121739646824843,0x2b57ab32ae3bbf6db0bbbcb3e700a444f88ccad3,2017-10-22T01:18:21.000Z,0.005007766280468049,0x1f15728810ca07a4d86f6d8f9424d69ac65b286d,buy,0x84119cb33e8f590d75c2d6ea4e6b0741a7494eda,0x37097f64d0d0626e77a710aacc6226d3879633de1b897a821d17da922150b5e3
254,210,1.05,0x01a45f7fbf7453092e49b6db137568f9cfab8ead,2017-10-22T00:26:56.000Z,0.005,0x1f15728810ca07a4d86f6d8f9424d69ac65b286d,buy,0x84119cb33e8f590d75c2d6ea4e6b0741a7494eda,0x275182948fd2e6a7ea82bee01427d69d493504826e136ba9200beedd208a0463
255,440,2.2,0x9c62672792542a443c8d55607552547088904b5e,2017-10-21T23:14:35.000Z,0.005,0x1f15728810ca07a4d86f6d8f9424d69ac65b286d,buy,0x84119cb33e8f590d75c2d6ea4e6b0741a7494eda,0xe72e4646e55bac64062e637b5e3498376a5ef0cde7f4d86234470f1da5e49c65
256,11,0.055,0xd6217ebc3bf32436fcd6539ac9f4923ffb30a918,2017-10-21T22:36:06.000Z,0.005,0x1f15728810ca07a4d86f6d8f9424d69ac65b286d,buy,0x84119cb33e8f590d75c2d6ea4e6b0741a7494eda,0x018a37fa5ad8035e1435112ec1c228aa4c8970a4fc570f3bb365822b70deb409
257,1,0.0051,0x8f51124b8df6ed3af9d4154615dfefd8e531ac9d,2017-10-21T22:32:12.000Z,0.0051,0x1f15728810ca07a4d86f6d8f9424d69ac65b286d,sell,0x84119cb33e8f590d75c2d6ea4e6b0741a7494eda,0xc850fb6230d2f92eb48150e9914a812c7a48782065c0ee53c0bc2ce60167f9a6
258,2000,10.0002,0xd7505cf6376fba7957103cefef80796fd30e7129,2017-10-21T22:32:12.000Z,0.0050001,0x1f15728810ca07a4d86f6d8f9424d69ac65b286d,sell,0x84119cb33e8f590d75c2d6ea4e6b0741a7494eda,0xe72d156369498be6e65abcf0bd0bf298e177627282df9fd640bad38bde9172a4
259,1986,9.93,0x650ad899deb88f384c2360b184d9f91cfba61c38,2017-10-21T19:42:22.000Z,0.005,0x6e24f19e2fdeff8ff863a088778d7403d5a86221,sell,0x84119cb33e8f590d75c2d6ea4e6b0741a7494eda,0x97a540f87cbf6e50579b5970fc37aa0b76506b062bebc3a0a68e599353c24c3a
260,1995,9.9771945,0xe33384c7e56500d51aec589f40104848c5103f22,2017-10-21T19:42:11.000Z,0.0050011,0x6e24f19e2fdeff8ff863a088778d7403d5a86221,sell,0x84119cb33e8f590d75c2d6ea4e6b0741a7494eda,0x57fa45e253257bfa8fb551f04be2cd1a85a23a8723c44d56e05bcc8560527a61
261,1000,5.1,0x1fd1603aa6631efe9af2d1f0aa197b9f8fd22ea3,2017-10-21T19:42:11.000Z,0.0051,0x6e24f19e2fdeff8ff863a088778d7403d5a86221,sell,0x84119cb33e8f590d75c2d6ea4e6b0741a7494eda,0xef82097319aad70600ef2451c13facc6a94ad7efb830143060bf709f297ff8a0
262,24,0.1224,0x8f51124b8df6ed3af9d4154615dfefd8e531ac9d,2017-10-21T18:17:01.000Z,0.0051,0x50f8502df373a3278a6a30cfb9f62bab49758138,sell,0x84119cb33e8f590d75c2d6ea4e6b0741a7494eda,0xc493ed8afdd9b765b5e238045beee95f357452832ea201c96eefef4ee483eeab
263,905,5.113298773801216,0x5f06f5056c92c3a984ce5d38da27d1835f18d4a2,2017-10-21T16:42:42.000Z,0.005650053893703002,0x53c832ea7b9577e1b07f4bccc249b894649c1a20,buy,0x84119cb33e8f590d75c2d6ea4e6b0741a7494eda,0x2ec70256e0a255fa71d1690602dbe12491ceb4f143f408004e0f33fe53bffeb2
264,3000,16.95,0x5f06f5056c92c3a984ce5d38da27d1835f18d4a2,2017-10-21T16:37:44.000Z,0.00565,0x53c832ea7b9577e1b07f4bccc249b894649c1a20,buy,0x84119cb33e8f590d75c2d6ea4e6b0741a7494eda,0xccffd114a5766e5ac614639e9357eff37e22a9c640e07a3ec2aa48b0f2db0fc4
265,1700,9.6815,0x985b8fab55f87cfd0df12781093c3d12e54e3618,2017-10-21T16:00:33.000Z,0.005695,0x650ad899deb88f384c2360b184d9f91cfba61c38,buy,0x84119cb33e8f590d75c2d6ea4e6b0741a7494eda,0x96931a89d401849498b4a283fde1b3bd21d1a360f5fb394e57ddec914377650c
266,3926,22.1819,0x985b8fab55f87cfd0df12781093c3d12e54e3618,2017-10-21T15:46:58.000Z,0.00565,0xe33384c7e56500d51aec589f40104848c5103f22,buy,0x84119cb33e8f590d75c2d6ea4e6b0741a7494eda,0x3165bdf09d93154a3571a76f661dc3dc7ccde26b0c0bfb395aad82a8c13dcbab
267,20,0.114,0x994731de7be59e5d82f36f8704173028aa13822b,2017-10-21T14:35:29.000Z,0.0057,0x6e24f19e2fdeff8ff863a088778d7403d5a86221,buy,0x84119cb33e8f590d75c2d6ea4e6b0741a7494eda,0x892aa038adaebe0f9a7d2715d7bc687a21ca6a6047a5b776d1905a55653c4070
268,657,3.7504078290083984,0xf81c05fcbb95e9a3b02320e50f4b483c0791334a,2017-10-21T14:26:27.000Z,0.005708383301382646,0xe33384c7e56500d51aec589f40104848c5103f22,buy,0x84119cb33e8f590d75c2d6ea4e6b0741a7494eda,0x301e06b96a7572e076d46e55b12727526eada71902dfcfea4115dfbd74c1bebf
269,1,0.0057,0xfa65e3b5e113e18ab075f118b08efcad22145ad9,2017-10-21T09:44:38.000Z,0.0057,0x6e24f19e2fdeff8ff863a088778d7403d5a86221,buy,0x84119cb33e8f590d75c2d6ea4e6b0741a7494eda,0x299aa655c9a039331c3b58e187ae62248953119bb01fc996bcac61527c7b9e8a
270,400,2.28,0xfa65e3b5e113e18ab075f118b08efcad22145ad9,2017-10-21T09:40:26.000Z,0.0057,0x6e24f19e2fdeff8ff863a088778d7403d5a86221,buy,0x84119cb33e8f590d75c2d6ea4e6b0741a7494eda,0x4e02ad74a9022eef59f40e0297e2be4b31bece70d30817b8c25ef54e1ea35fbe
271,199,1.134299801,0xfa65e3b5e113e18ab075f118b08efcad22145ad9,2017-10-21T09:19:39.000Z,0.005699999,0x80b09687d811e0a3a0d2e6435c82e6d861bed86b,buy,0x84119cb33e8f590d75c2d6ea4e6b0741a7494eda,0x45ae6e433f2dddd79b69c73d0e43a57f9e829963c3ef8fdb7544ba798921e53d
272,244,1.390799756,0xfa65e3b5e113e18ab075f118b08efcad22145ad9,2017-10-21T08:54:59.000Z,0.005699999,0x80b09687d811e0a3a0d2e6435c82e6d861bed86b,buy,0x84119cb33e8f590d75c2d6ea4e6b0741a7494eda,0xe1262f2c0533ea55ae0f326dab2354e716ee078100bb7a5ed60ba22fa13fea5a
273,36,0.209351011863224,0xfa65e3b5e113e18ab075f118b08efcad22145ad9,2017-10-21T08:52:29.000Z,0.005815305885089556,0x80b09687d811e0a3a0d2e6435c82e6d861bed86b,buy,0x84119cb33e8f590d75c2d6ea4e6b0741a7494eda,0x200e370f0a7f836b510e00a37ba8a1b9a25c1e9643040460ed849f6625a07f04
274,20,0.11734724601611286,0x88bfe9b06cf22a31d6bf7b93de3a0760422cf17f,2017-10-21T05:39:20.000Z,0.0058673623008056435,0x25d641a298da698653cfca0a456355af33ff4771,buy,0x84119cb33e8f590d75c2d6ea4e6b0741a7494eda,0xabad752c837542f0ed4beed9653110269e43386212b5cafb11607ec87ae98226
275,15,0.0855,0x88bfe9b06cf22a31d6bf7b93de3a0760422cf17f,2017-10-21T05:37:58.000Z,0.0057,0x650ad899deb88f384c2360b184d9f91cfba61c38,buy,0x84119cb33e8f590d75c2d6ea4e6b0741a7494eda,0x496774e8cabe8a280e39e569cb7c12989a6618b2d38b9aa9bd340f0897abf337
276,25,0.1425,0x88bfe9b06cf22a31d6bf7b93de3a0760422cf17f,2017-10-21T05:37:11.000Z,0.0057,0x650ad899deb88f384c2360b184d9f91cfba61c38,buy,0x84119cb33e8f590d75c2d6ea4e6b0741a7494eda,0xe66fedb065725989a80b5f20dc4b6765602b053888788950fef4938c321f7f98
277,3,0.01587,0x88bfe9b06cf22a31d6bf7b93de3a0760422cf17f,2017-10-21T05:36:12.000Z,0.00529,0xbd561b95553c24845cc8b544fb9a66601d1d05d3,buy,0x84119cb33e8f590d75c2d6ea4e6b0741a7494eda,0x45aeaf90f4ba832afeefd9f0b27365dbfe3026a748eb51bfd7ea33847cd0b1a5
278,15,0.0855,0x88bfe9b06cf22a31d6bf7b93de3a0760422cf17f,2017-10-21T05:35:44.000Z,0.0057,0x650ad899deb88f384c2360b184d9f91cfba61c38,buy,0x84119cb33e8f590d75c2d6ea4e6b0741a7494eda,0x67e0b1fb7255004f65c1ed1d825d5d50d06b415c036d404fa7c3af41afc43c05
279,25,0.1425,0x88bfe9b06cf22a31d6bf7b93de3a0760422cf17f,2017-10-21T05:34:06.000Z,0.0057,0x650ad899deb88f384c2360b184d9f91cfba61c38,buy,0x84119cb33e8f590d75c2d6ea4e6b0741a7494eda,0xbff14825d62c1ce71e4458e4beab76b5c4bb13d870139e0a849d03c09b9ef8be
280,10,0.0529,0x80b09687d811e0a3a0d2e6435c82e6d861bed86b,2017-10-21T05:21:29.000Z,0.00529,0x25d641a298da698653cfca0a456355af33ff4771,sell,0x84119cb33e8f590d75c2d6ea4e6b0741a7494eda,0x8d6abe80cf08cb2528db6071e646c5df17d2be9c5e461f64217ca32d4880f3c4
281,800,4,0xa80a8adb50fa81542f5ff4d814fa429723e56854,2017-10-21T03:52:08.000Z,0.005,0x6e24f19e2fdeff8ff863a088778d7403d5a86221,sell,0x84119cb33e8f590d75c2d6ea4e6b0741a7494eda,0xce06d823c192477599f0b0a95d3ded2404a07257acc891a2abf8fbc7298fb062
282,3040,15.20304,0x650ad899deb88f384c2360b184d9f91cfba61c38,2017-10-21T03:51:31.000Z,0.005001,0x6e24f19e2fdeff8ff863a088778d7403d5a86221,sell,0x84119cb33e8f590d75c2d6ea4e6b0741a7494eda,0x63ce007e75d4700f19fae0b5d1b25c2a04a8d666932b83642f4f04680d7b3717
283,33,0.17193,0xaa8530e6d0b20c76cdf1a73906b1d186e47e694a,2017-10-21T03:51:31.000Z,0.00521,0xbd561b95553c24845cc8b544fb9a66601d1d05d3,sell,0x84119cb33e8f590d75c2d6ea4e6b0741a7494eda,0x4ce119a175fbbdc74ca46a954ffc61855ebf8f5fd2c4d45ae50271267e71e77b
284,200,1.0422,0x1133f203d9d18f36350098ffbf947ad74b7ce511,2017-10-21T03:51:31.000Z,0.005211,0x6e24f19e2fdeff8ff863a088778d7403d5a86221,sell,0x84119cb33e8f590d75c2d6ea4e6b0741a7494eda,0x4da21953a91609d6993a99f7eddcda2e62ef5d76c6c8502dd786418b56394f7b
285,68,0.3604,0xe1406a2740bdb45da5e1a21edab3a559e33e1ed7,2017-10-21T03:25:51.000Z,0.0053,0xbd561b95553c24845cc8b544fb9a66601d1d05d3,sell,0x84119cb33e8f590d75c2d6ea4e6b0741a7494eda,0xb88047347cd8132ceafaf6b7326ad9117ebcfc9b5bf57d6fcf5a306e0423a6d7
286,7,0.039785,0x88bfe9b06cf22a31d6bf7b93de3a0760422cf17f,2017-10-21T01:40:43.000Z,0.0056835714285714285,0xe33384c7e56500d51aec589f40104848c5103f22,buy,0x84119cb33e8f590d75c2d6ea4e6b0741a7494eda,0x6b8f48cbe154b4570d689ebd5d456e2d9fe46736b6c72c952785c9a6e06f3e56
287,54,0.29907478762814027,0x88bfe9b06cf22a31d6bf7b93de3a0760422cf17f,2017-10-21T01:25:34.000Z,0.005538421993113708,0xe33384c7e56500d51aec589f40104848c5103f22,buy,0x84119cb33e8f590d75c2d6ea4e6b0741a7494eda,0xfb314d0213c197b67cfc76464bf622313d412f21fd55ac4cad4e7075bc2f587a
288,3,0.019194697875086573,0x88bfe9b06cf22a31d6bf7b93de3a0760422cf17f,2017-10-21T01:16:50.000Z,0.006398232625028857,0xe33384c7e56500d51aec589f40104848c5103f22,buy,0x84119cb33e8f590d75c2d6ea4e6b0741a7494eda,0x4045fa60a512f4401e613e166aaf22c62e888132e0fd5f675b5f701803fcadee
289,89,0.48505,0x9c62672792542a443c8d55607552547088904b5e,2017-10-20T23:42:59.000Z,0.00545,0xbc43454e4b5c4cdbb2099449b76e11664307a1f2,sell,0x84119cb33e8f590d75c2d6ea4e6b0741a7494eda,0x8c531fd4b1b1dc21f0644e11cff46909ec717e15f17e77553eb350429a7b2463
290,10,0.0551,0x88bfe9b06cf22a31d6bf7b93de3a0760422cf17f,2017-10-20T23:42:36.000Z,0.00551,0xbc43454e4b5c4cdbb2099449b76e11664307a1f2,sell,0x84119cb33e8f590d75c2d6ea4e6b0741a7494eda,0xcff5994f197915f24d0b6a2ea213af699fd56301138763294ee2653b88fcaf37
291,10,0.0551,0x88bfe9b06cf22a31d6bf7b93de3a0760422cf17f,2017-10-20T23:42:36.000Z,0.00551,0xbc43454e4b5c4cdbb2099449b76e11664307a1f2,sell,0x84119cb33e8f590d75c2d6ea4e6b0741a7494eda,0xadc8ea79d94ec00857020a338e72cc2ce8be0adeb50306d95a7a6b74867b3d7b
292,10,0.0551,0x88bfe9b06cf22a31d6bf7b93de3a0760422cf17f,2017-10-20T23:42:36.000Z,0.00551,0xbc43454e4b5c4cdbb2099449b76e11664307a1f2,sell,0x84119cb33e8f590d75c2d6ea4e6b0741a7494eda,0x9dc1ded16cc009f8c96a530a772ab79a92a5fbe6a3d15bdae76e2744a3491022
293,175,0.9975,0xd902f916e5263054e18f2b809ce5ce7bea82d9d2,2017-10-20T23:06:32.000Z,0.0057,0x6e24f19e2fdeff8ff863a088778d7403d5a86221,sell,0x84119cb33e8f590d75c2d6ea4e6b0741a7494eda,0xd6e65a9026411d793a0d792c01bdb68f6894cefb894528697394c1113a27f277
294,95,0.5605,0x43a1d6e470b562a2a68b8bf01a161605afa19f2f,2017-10-20T22:55:42.000Z,0.0059,0x6e24f19e2fdeff8ff863a088778d7403d5a86221,sell,0x84119cb33e8f590d75c2d6ea4e6b0741a7494eda,0x1163cde46e59ccfba20f305b60132238f5aedcea74dcbe87091662aecb18b4c1
295,21,0.126,0xc3e7f39030093ebebc1f8fd66f63a468ea91d3d9,2017-10-20T22:54:21.000Z,0.006,0x6e24f19e2fdeff8ff863a088778d7403d5a86221,sell,0x84119cb33e8f590d75c2d6ea4e6b0741a7494eda,0x747556c53ebe82b1d0406261d37dc68a8081a6c9e761873fb8c89f32597930e4
296,15,0.0885,0x43a1d6e470b562a2a68b8bf01a161605afa19f2f,2017-10-20T20:49:41.000Z,0.0059,0x68a88145703cc006241084d92937867840c3070d,sell,0x84119cb33e8f590d75c2d6ea4e6b0741a7494eda,0x2229c9c32ce88c77257a0ae164426c986805457ec34e450d3c89dc0b1f9ae8ae
297,16,0.104,0xc8ffe75eac64ca01386e8fb0c755670fe88d11f3,2017-10-20T20:43:34.000Z,0.0065,0x68a88145703cc006241084d92937867840c3070d,sell,0x84119cb33e8f590d75c2d6ea4e6b0741a7494eda,0xabef2c6ccb0d29cd4439930f33bbb468b50930e48f414a7149c838a4ec2ca3a0
298,62,0.41168,0xa6d5056eb1013dddb03f03aec95e5739880550af,2017-10-20T19:13:29.000Z,0.00664,0xe33384c7e56500d51aec589f40104848c5103f22,buy,0x84119cb33e8f590d75c2d6ea4e6b0741a7494eda,0x6fe14a00cb4cc3a70f8da9fd6f8388ea7eaf9cb0150dd30bfaa56c4fe7db7937
299,62,0.41168,0xa6d5056eb1013dddb03f03aec95e5739880550af,2017-10-20T19:13:14.000Z,0.00664,0xe33384c7e56500d51aec589f40104848c5103f22,buy,0x84119cb33e8f590d75c2d6ea4e6b0741a7494eda,0x6fe14a00cb4cc3a70f8da9fd6f8388ea7eaf9cb0150dd30bfaa56c4fe7db7937
300,239,1.58696,0xa6d5056eb1013dddb03f03aec95e5739880550af,2017-10-20T19:08:15.000Z,0.00664,0x273a5d3e6721b9f5c1a6474f560c1334c63dda01,sell,0x84119cb33e8f590d75c2d6ea4e6b0741a7494eda,0x84595f985d62d22c077504bb7705af90b522621216a2823438c6cca13675edfd
301,240,1.488,0x273a5d3e6721b9f5c1a6474f560c1334c63dda01,2017-10-20T19:08:15.000Z,0.0062,0xbd561b95553c24845cc8b544fb9a66601d1d05d3,buy,0x84119cb33e8f590d75c2d6ea4e6b0741a7494eda,0x84595f985d62d22c077504bb7705af90b522621216a2823438c6cca13675edfd
302,60,0.354,0x01a45f7fbf7453092e49b6db137568f9cfab8ead,2017-10-20T18:43:26.000Z,0.0059,0xbd561b95553c24845cc8b544fb9a66601d1d05d3,buy,0x84119cb33e8f590d75c2d6ea4e6b0741a7494eda,0xccd444298370f933c1bdd561dfb0b583f006df3fa9f35d8117218aee1e142e58
303,9,0.05238,0xa04c74c5d53446108b03c519c945f54361c51918,2017-10-20T18:40:43.000Z,0.00582,0xd7e04ebc1a4b6b24ed5bac6709a0d3f919ae93f2,sell,0x84119cb33e8f590d75c2d6ea4e6b0741a7494eda,0x47df0bdf675c396856819bee83fed66763db7734dbdec569728509a50d58d0f1
304,96,0.5664,0xad9300646e5fba2aec2369887b28d08c3494aa40,2017-10-20T18:24:49.000Z,0.0059,0x1ed014aec47fae44c9e55bac7662c0b78ae61798,sell,0x84119cb33e8f590d75c2d6ea4e6b0741a7494eda,0x549254a3dd997781ce9e5cd451639ce1f8f40de852abde17ef7528fd3086e441
305,40,0.2204,0x1133f203d9d18f36350098ffbf947ad74b7ce511,2017-10-20T17:46:36.000Z,0.00551,0xbd561b95553c24845cc8b544fb9a66601d1d05d3,sell,0x84119cb33e8f590d75c2d6ea4e6b0741a7494eda,0xd0aa581937b3eda9cf1d9a1bb924396b0ab53038328c3a15329359410962dbda
306,455,3.0485,0xa6d5056eb1013dddb03f03aec95e5739880550af,2017-10-20T15:13:19.000Z,0.0067,0xe33384c7e56500d51aec589f40104848c5103f22,buy,0x84119cb33e8f590d75c2d6ea4e6b0741a7494eda,0xfd6bdcbbecda5b59e3134297902abb9a6187c041b50148dd7ec3622e792cf8e9
307,131,0.76242,0xa04c74c5d53446108b03c519c945f54361c51918,2017-10-20T10:55:38.000Z,0.00582,0x6e24f19e2fdeff8ff863a088778d7403d5a86221,sell,0x84119cb33e8f590d75c2d6ea4e6b0741a7494eda,0x28b22ed7b03c954dafe843d9f308bc6c4dd759e2c02670c802fe81d3d1933443
308,29,0.19402966570112187,0xd902f916e5263054e18f2b809ce5ce7bea82d9d2,2017-10-20T04:39:49.000Z,0.006690678127624893,0xfc25edaf4f29c251c0a75285cdb950243ac3dcb2,buy,0x84119cb33e8f590d75c2d6ea4e6b0741a7494eda,0xc4d5ad6414d106859f9c08e61a8b32996340c3c977331e05e43eafc54a9cc948
309,28,0.18144,0xd902f916e5263054e18f2b809ce5ce7bea82d9d2,2017-10-20T04:39:49.000Z,0.00648,0x9f9c9d68c008a903c7f8419d9ef38daa80b17db1,buy,0x84119cb33e8f590d75c2d6ea4e6b0741a7494eda,0xfd38e708c269383680c008838a2e46a2ff131bd1730ac6b04cce898448bb7ad3
310,1,0.006,0xd902f916e5263054e18f2b809ce5ce7bea82d9d2,2017-10-20T04:39:49.000Z,0.006,0x6833020e1fad7f8054b101fd9ca44e96886371e4,buy,0x84119cb33e8f590d75c2d6ea4e6b0741a7494eda,0xff68bc6f700544e261b7045b87aa6ccbf19a6889747fb62058bf3aa9108aa522
311,11,0.07128,0xd81179a077efdf7dba1e5b7c56e27199c7b41e35,2017-10-20T03:54:00.000Z,0.00648,0x9f9c9d68c008a903c7f8419d9ef38daa80b17db1,buy,0x84119cb33e8f590d75c2d6ea4e6b0741a7494eda,0xb5d85ad0fbb0558478c42965398da3cbf04dbcbda5b8017cb4621b0bd1496756
312,28,0.1568,0xad9300646e5fba2aec2369887b28d08c3494aa40,2017-10-20T03:29:32.000Z,0.0056,0x6833020e1fad7f8054b101fd9ca44e96886371e4,sell,0x84119cb33e8f590d75c2d6ea4e6b0741a7494eda,0xfa2eaa002cc8657ee2e079337006359cb93688e9f62a5058613b9bae773f10fb
313,10,0.0648,0x88bfe9b06cf22a31d6bf7b93de3a0760422cf17f,2017-10-20T03:12:14.000Z,0.00648,0x9f9c9d68c008a903c7f8419d9ef38daa80b17db1,buy,0x84119cb33e8f590d75c2d6ea4e6b0741a7494eda,0x403f7cfcb66527f2308cba1d69a1a670fad41718f8682496b72b156bac34b73d
314,1,0.006,0x81f566a90a994ac8717068de14b2842abe98b3ac,2017-10-20T02:25:56.000Z,0.006,0x9f9c9d68c008a903c7f8419d9ef38daa80b17db1,sell,0x84119cb33e8f590d75c2d6ea4e6b0741a7494eda,0x7a6e7752a099a0f6cecfa05ceaccbc32f3d058bea9cd22ed0a9cd184436d4f89
315,10,0.064,0x88bfe9b06cf22a31d6bf7b93de3a0760422cf17f,2017-10-20T01:19:31.000Z,0.0064,0xe33384c7e56500d51aec589f40104848c5103f22,buy,0x84119cb33e8f590d75c2d6ea4e6b0741a7494eda,0xa2c0a7ffe97fe07a9c94680f036fb9d0847d8ffaee1efb6572ba7e4624c45406
316,10,0.064,0x88bfe9b06cf22a31d6bf7b93de3a0760422cf17f,2017-10-20T01:18:01.000Z,0.0064,0xe33384c7e56500d51aec589f40104848c5103f22,buy,0x84119cb33e8f590d75c2d6ea4e6b0741a7494eda,0xe210232272a29cd7af68ec27bbc318cd7ec8464d6cb41bb0cd7eb332d7bf8422
317,10,0.064,0x88bfe9b06cf22a31d6bf7b93de3a0760422cf17f,2017-10-20T00:55:50.000Z,0.0064,0xe33384c7e56500d51aec589f40104848c5103f22,buy,0x84119cb33e8f590d75c2d6ea4e6b0741a7494eda,0x0347c588f05296d5411e6422e5a2d81b5d55f8efca0ed1a14cc21f0699acc5e8
318,20,0.128,0x88bfe9b06cf22a31d6bf7b93de3a0760422cf17f,2017-10-20T00:54:17.000Z,0.0064,0xe33384c7e56500d51aec589f40104848c5103f22,buy,0x84119cb33e8f590d75c2d6ea4e6b0741a7494eda,0xdae358ede8947307e25678d86a29730f504163b05fca318ce9942ea462bc06b4
319,100,0.59999999,0x2b57ab32ae3bbf6db0bbbcb3e700a444f88ccad3,2017-10-19T23:03:43.000Z,0.0059999999,0x254fb89e4cab71708eaab16e067ca8156a38e18a,buy,0x84119cb33e8f590d75c2d6ea4e6b0741a7494eda,0x70ea97e44fd12591084e50529fd8f8f9223393ad862214c1ced2139630f8f6d1
320,51,0.306,0x4c781be3d0cb2a70800d3e3d69376f238c138b73,2017-10-19T21:50:16.000Z,0.006,0xe33384c7e56500d51aec589f40104848c5103f22,buy,0x84119cb33e8f590d75c2d6ea4e6b0741a7494eda,0x1e899ab96d07fd2bb3b5a71eb6bd252c23e3c00d9ad2d0bc64b65be9d53b773b
321,1,0.0057,0x4c781be3d0cb2a70800d3e3d69376f238c138b73,2017-10-19T21:48:17.000Z,0.0057,0x53c832ea7b9577e1b07f4bccc249b894649c1a20,buy,0x84119cb33e8f590d75c2d6ea4e6b0741a7494eda,0x4cc8756e28b497a1fe40ae62c03f7544c6c30c8170d9bd01af0e49b3af39c4d2
322,99,0.5642901,0x2b57ab32ae3bbf6db0bbbcb3e700a444f88ccad3,2017-10-19T21:38:59.000Z,0.0056999,0x254fb89e4cab71708eaab16e067ca8156a38e18a,buy,0x84119cb33e8f590d75c2d6ea4e6b0741a7494eda,0x5d11d350ff55d30299fe67cc648c9d1ea95e1fefc2e07c41ce7941a54d246a84
323,251,1.379998,0x9657b8c69683cf4f0ba9344895be0f5f122c482a,2017-10-19T20:44:03.000Z,0.005498,0xb5857b45c02279e3d89aba94dd3744fe4347a83a,buy,0x84119cb33e8f590d75c2d6ea4e6b0741a7494eda,0xc5edd867c77699be36f189d6088dfe7e7eb1edcbc7c07fe10bb1615e86bbb0c2
324,132,0.7194,0x9657b8c69683cf4f0ba9344895be0f5f122c482a,2017-10-19T20:41:31.000Z,0.00545,0xf7065d0bfcf8af8dc7412bba212d4bae6d82ce56,buy,0x84119cb33e8f590d75c2d6ea4e6b0741a7494eda,0xd7a97d628ce8dc4a0678bf13195637bc2b13d72e48d8f27a90d8b04d6c882fa9
325,84,0.4536,0x9657b8c69683cf4f0ba9344895be0f5f122c482a,2017-10-19T20:40:35.000Z,0.0054,0xad9300646e5fba2aec2369887b28d08c3494aa40,buy,0x84119cb33e8f590d75c2d6ea4e6b0741a7494eda,0xe713c4b61a6f8cb26a83950701825f852c6a540d44103564ac9a5c01083daba8
326,15,0.08601438499339195,0x88bfe9b06cf22a31d6bf7b93de3a0760422cf17f,2017-10-19T18:08:09.000Z,0.005734292332892797,0xad9300646e5fba2aec2369887b28d08c3494aa40,buy,0x84119cb33e8f590d75c2d6ea4e6b0741a7494eda,0x4c7c6b0586a25414386c67f0f666e1126baf9c1a274a184cfabb359e763cf2d3
327,96,0.523872,0x89ca536b098ecd630a3965b66f3a7c2dc0d4ce41,2017-10-19T17:49:49.000Z,0.005457,0xf7065d0bfcf8af8dc7412bba212d4bae6d82ce56,sell,0x84119cb33e8f590d75c2d6ea4e6b0741a7494eda,0x26d90a1dac1c4ce2d94c4c386674e2b4d60dad227a05497f3549d568cc0e56b3
328,103,0.569679,0x01a45f7fbf7453092e49b6db137568f9cfab8ead,2017-10-19T17:36:20.000Z,0.0055308640776699025,0x53c832ea7b9577e1b07f4bccc249b894649c1a20,buy,0x84119cb33e8f590d75c2d6ea4e6b0741a7494eda,0xd018c5c8b10d93f1ba9f71fc3943b54922930a3e066f20ec7edb46c1b108f622
329,52,0.26104,0x8f51124b8df6ed3af9d4154615dfefd8e531ac9d,2017-10-19T17:36:20.000Z,0.00502,0xf7065d0bfcf8af8dc7412bba212d4bae6d82ce56,sell,0x84119cb33e8f590d75c2d6ea4e6b0741a7494eda,0x7b6baf0dfb6a9fb2f2896ef70226f17f4d006fb49ddba0dbb5b6da74729dcf64
330,100,0.51,0xad9300646e5fba2aec2369887b28d08c3494aa40,2017-10-19T17:35:32.000Z,0.0051,0xf7065d0bfcf8af8dc7412bba212d4bae6d82ce56,sell,0x84119cb33e8f590d75c2d6ea4e6b0741a7494eda,0xb057ccd4d5315f1f724169cd65b8eba3b06add8174acf4f3f3f661fd8e57c138
331,10,0.055,0xdb20b53318bb30ab68899041b2c89f03d57dfa0a,2017-10-19T17:24:21.000Z,0.0055,0x53c832ea7b9577e1b07f4bccc249b894649c1a20,buy,0x84119cb33e8f590d75c2d6ea4e6b0741a7494eda,0xa2c6f5aca389d24e06fd0cf9e76f7e6021f20b87bfb44d0f1b1a20f8a216c5a4
332,801,4.4055,0x01a45f7fbf7453092e49b6db137568f9cfab8ead,2017-10-19T16:44:18.000Z,0.0055,0x53c832ea7b9577e1b07f4bccc249b894649c1a20,buy,0x84119cb33e8f590d75c2d6ea4e6b0741a7494eda,0xb1eb324fbb64b4f81c0bcb1d3940e0481b9cd68d4f5e25135350585ce655072b
333,79,0.4345,0x01a45f7fbf7453092e49b6db137568f9cfab8ead,2017-10-19T16:43:08.000Z,0.0055,0xad9300646e5fba2aec2369887b28d08c3494aa40,buy,0x84119cb33e8f590d75c2d6ea4e6b0741a7494eda,0x65dc9b8da1ffd85938b4279bf88af2b964ad3071b72d822a40625dfa7ca5e2cd
334,1,0.0055,0x8f51124b8df6ed3af9d4154615dfefd8e531ac9d,2017-10-19T16:19:35.000Z,0.0055,0xad9300646e5fba2aec2369887b28d08c3494aa40,buy,0x84119cb33e8f590d75c2d6ea4e6b0741a7494eda,0x4bd71de9097659255a1484938160f83d1f6f193160d5a8d1348b7c9ad38bd2c8
335,120,0.60120108,0x9c62672792542a443c8d55607552547088904b5e,2017-10-19T15:32:43.000Z,0.005010009,0x25d641a298da698653cfca0a456355af33ff4771,sell,0x84119cb33e8f590d75c2d6ea4e6b0741a7494eda,0x5c62a5e31af032bd40402990a59494849d5cb863de12576bdc9f3fd5a21822c8
336,110,0.61138,0x89ca536b098ecd630a3965b66f3a7c2dc0d4ce41,2017-10-19T15:27:52.000Z,0.005558,0x25d641a298da698653cfca0a456355af33ff4771,sell,0x84119cb33e8f590d75c2d6ea4e6b0741a7494eda,0xe51cdc0097667addd2916cd2b167936aee5450f2fd625f6918dbcc48d1b1cab5
337,10,0.055,0xd50d1b8f7cb5c384bcd2ba5a377932851a484cb9,2017-10-19T14:11:01.000Z,0.0055,0xad9300646e5fba2aec2369887b28d08c3494aa40,buy,0x84119cb33e8f590d75c2d6ea4e6b0741a7494eda,0x2f07eab191ebf98ffbb8b3bef3c0841fd2845867decde617441d58643ebeeda5
338,1,0.0061111,0xd50d1b8f7cb5c384bcd2ba5a377932851a484cb9,2017-10-19T13:32:14.000Z,0.0061111,0x3efd9b0bd8e4595bc494539aca584821950106ee,buy,0x84119cb33e8f590d75c2d6ea4e6b0741a7494eda,0x273164efbe97e2c8c29cf46de02fed38416e2c073f2dbddea4cd0890622697bf
339,1,0.00569999,0xd50d1b8f7cb5c384bcd2ba5a377932851a484cb9,2017-10-19T13:31:19.000Z,0.00569999,0xad5b3fbc469313e21efe4117627a658424091b0a,buy,0x84119cb33e8f590d75c2d6ea4e6b0741a7494eda,0x0133b902705e7fbcb69ef0f1606baeea481cbb4e90ab954127199760c166bf18
340,1169,6.4307188058056814,0x3c6afd05bb0f423231f09f1f1fa49c0f1fded42e,2017-10-19T11:07:22.000Z,0.005501042605479625,0x53c832ea7b9577e1b07f4bccc249b894649c1a20,buy,0x84119cb33e8f590d75c2d6ea4e6b0741a7494eda,0xf04c40ae98c4680ed1d5bf4a54ecf561faba0b2ccc4ac738021c8572e03a5e70
341,49,0.2695,0x6833020e1fad7f8054b101fd9ca44e96886371e4,2017-10-19T07:42:49.000Z,0.0055,0x53c832ea7b9577e1b07f4bccc249b894649c1a20,buy,0x84119cb33e8f590d75c2d6ea4e6b0741a7494eda,0x1b907b5b69f74ce678f7847dec41b0e705a8d6bb4728469eb94899eb991e3aaa
342,500,2.505,0x2a330de86d7c730564c9f24e1587cc10523cb384,2017-10-19T07:13:53.000Z,0.00501,0x76cb06d4308abc8ec251ea474dfc85991b8edcb6,sell,0x84119cb33e8f590d75c2d6ea4e6b0741a7494eda,0xc3194958a30461ed84b79db1f1106f2e3cd34d75778be7a01cf5f27c46ad0650
343,212,1.113,0x0067446b244dc5841b2079078584722b1b2805bc,2017-10-19T06:47:58.000Z,0.00525,0x53c832ea7b9577e1b07f4bccc249b894649c1a20,sell,0x84119cb33e8f590d75c2d6ea4e6b0741a7494eda,0x13acefa24d5c29b504616f86f535b6762e7ff8648b02f7eb4c6980f888838267
344,470,2.35470047,0x80b09687d811e0a3a0d2e6435c82e6d861bed86b,2017-10-19T06:47:29.000Z,0.005010001,0x53c832ea7b9577e1b07f4bccc249b894649c1a20,sell,0x84119cb33e8f590d75c2d6ea4e6b0741a7494eda,0x63dbc41967389dde2846a0a1f4ff82b55a7460de98bdbad7c4fd7be74bcb628a
345,7164,35.82,0x650ad899deb88f384c2360b184d9f91cfba61c38,2017-10-19T06:47:09.000Z,0.005,0x53c832ea7b9577e1b07f4bccc249b894649c1a20,sell,0x84119cb33e8f590d75c2d6ea4e6b0741a7494eda,0xcf817621b9e1cd00d0e24a32e42d577b781e0cb1236b85646928a2b627e1299b
346,3836,19.18,0x650ad899deb88f384c2360b184d9f91cfba61c38,2017-10-19T06:38:38.000Z,0.005,0x53c832ea7b9577e1b07f4bccc249b894649c1a20,sell,0x84119cb33e8f590d75c2d6ea4e6b0741a7494eda,0x8668d20cc906d0d889c545705230909e2455fb3976271292163b0650ecd70c83
347,198,1.0395,0x0067446b244dc5841b2079078584722b1b2805bc,2017-10-19T06:31:09.000Z,0.00525,0xad5b3fbc469313e21efe4117627a658424091b0a,sell,0x84119cb33e8f590d75c2d6ea4e6b0741a7494eda,0x85a2c59d1bf76702a310b803bc509703b0ace39f06f15edd51c2cc6cdf0a6bd5
348,1,0.005726,0x89ca536b098ecd630a3965b66f3a7c2dc0d4ce41,2017-10-19T06:30:50.000Z,0.005726,0xad5b3fbc469313e21efe4117627a658424091b0a,sell,0x84119cb33e8f590d75c2d6ea4e6b0741a7494eda,0xb897f59849dccf5b58ee1aeb1e2c121816c0dea734dde1eb8b2fe405955b21a7
349,10,0.056,0xf2a15edf811f7ea1e6f13e9d76f821b38fb0cb0f,2017-10-19T06:18:28.000Z,0.0056,0xad9300646e5fba2aec2369887b28d08c3494aa40,buy,0x84119cb33e8f590d75c2d6ea4e6b0741a7494eda,0x50e70c9c58f0494679775af975ba153928927b7104388d456c1e89110fc45144
350,485,2.522000485,0x7aa27eb4bd03de368c4674575550e23eaaa997b2,2017-10-19T06:08:11.000Z,0.005200001,0x5a5a113a67cc5f9827abe9f1569aa734297d0e74,sell,0x84119cb33e8f590d75c2d6ea4e6b0741a7494eda,0x7b86473b6bfc36dbe7814a29167260263331a988674130659236d7793b85f681
351,1,0.0056999,0xc20b23980675af6709291cbfdcaa63bf4211dd5a,2017-10-19T04:08:06.000Z,0.0056999,0x254fb89e4cab71708eaab16e067ca8156a38e18a,buy,0x84119cb33e8f590d75c2d6ea4e6b0741a7494eda,0xf8be514a4345ae237b0e74b4499c8f7ba7a3eb70437dab2e122981faaf4bd9aa
352,121,0.629200121,0x7aa27eb4bd03de368c4674575550e23eaaa997b2,2017-10-19T02:57:27.000Z,0.005200001,0xf48218e897dea97f88b3a137ea6e6ae57911c919,sell,0x84119cb33e8f590d75c2d6ea4e6b0741a7494eda,0xfbd1240d95ad956d258eb2bacf99140c2b86314ae7acc769320016ff13b98a2c
353,200,1.060002,0x254fb89e4cab71708eaab16e067ca8156a38e18a,2017-10-19T02:53:43.000Z,0.00530001,0xf48218e897dea97f88b3a137ea6e6ae57911c919,sell,0x84119cb33e8f590d75c2d6ea4e6b0741a7494eda,0xf0151a9d9c5caa2e4a38f6d0acf6afe7abe764fba4524d8d3ec19da7eee15da3
354,200,1.0202,0xad5b3fbc469313e21efe4117627a658424091b0a,2017-10-19T02:53:43.000Z,0.005101,0xf48218e897dea97f88b3a137ea6e6ae57911c919,sell,0x84119cb33e8f590d75c2d6ea4e6b0741a7494eda,0x472e98fb87442ab8349abf47720ae75b4230360176e8c97abfc807dcda5d99f4
355,100,0.54,0xad9300646e5fba2aec2369887b28d08c3494aa40,2017-10-19T02:53:37.000Z,0.0054,0xf48218e897dea97f88b3a137ea6e6ae57911c919,sell,0x84119cb33e8f590d75c2d6ea4e6b0741a7494eda,0xa006e689bfd94ede08025a304bb346db4002d7af3fde31ef91fc08798f8d9bcc
356,400,2.2,0xd8eafcb5d5c59ce7c7e978a79ea1b97863d0deef,2017-10-19T02:52:16.000Z,0.0055,0xf48218e897dea97f88b3a137ea6e6ae57911c919,sell,0x84119cb33e8f590d75c2d6ea4e6b0741a7494eda,0x399ac564615053fbe267de484ff05658bac6f9b46a59e2cfabc350a0d0e4e21c
357,100,0.57,0x65262bc9f3507663d0925dc64323cf7edae94363,2017-10-19T02:52:07.000Z,0.0057,0xf48218e897dea97f88b3a137ea6e6ae57911c919,sell,0x84119cb33e8f590d75c2d6ea4e6b0741a7494eda,0xd581dc3098313b5dafe2964ca5a45a397179ca817eba1bfd12ee04888534a8de
358,206,1.1742,0xb9fd31f29e48eaea71c07b730548c0d23db4040b,2017-10-18T21:27:16.000Z,0.0057,0x1f15728810ca07a4d86f6d8f9424d69ac65b286d,buy,0x84119cb33e8f590d75c2d6ea4e6b0741a7494eda,0x5995d844668bb0127c388e69aa031bce879aa3dd6a68918e6cb957bd0d42bebb
359,761,4.3377,0x01a45f7fbf7453092e49b6db137568f9cfab8ead,2017-10-18T21:25:03.000Z,0.0057,0x1f15728810ca07a4d86f6d8f9424d69ac65b286d,buy,0x84119cb33e8f590d75c2d6ea4e6b0741a7494eda,0x122760c11448da848d6b288b2b50bf88350a01893181a1598287ff0723097c0e
360,294,1.6758,0xb9fd31f29e48eaea71c07b730548c0d23db4040b,2017-10-18T21:23:28.000Z,0.0057,0x13e51b999b4a0d106929bfff86d65675a05c8cbc,buy,0x84119cb33e8f590d75c2d6ea4e6b0741a7494eda,0xa51c93fd4a0814e9e776252029ae78cb2c9494650c1dd6fad294ed6809de5bb2
361,89,0.508499991,0x01a45f7fbf7453092e49b6db137568f9cfab8ead,2017-10-18T19:40:34.000Z,0.0057134830449438205,0x254fb89e4cab71708eaab16e067ca8156a38e18a,buy,0x84119cb33e8f590d75c2d6ea4e6b0741a7494eda,0xba4be0760f0c9eb14c1fa6dae4bd859bb59746711e2c70f9e8abb95627465aa0
362,9,0.051345,0x89ca536b098ecd630a3965b66f3a7c2dc0d4ce41,2017-10-18T17:33:41.000Z,0.005705,0x3efd9b0bd8e4595bc494539aca584821950106ee,sell,0x84119cb33e8f590d75c2d6ea4e6b0741a7494eda,0xc95a6fba06f3fa34e48020a243013db9c8b98d3e29f2d9bafae069890f4b1a08
363,10,0.056999999,0x3efd9b0bd8e4595bc494539aca584821950106ee,2017-10-18T17:32:39.000Z,0.0056999999,0x254fb89e4cab71708eaab16e067ca8156a38e18a,buy,0x84119cb33e8f590d75c2d6ea4e6b0741a7494eda,0xf616fcadfca8b8b2369e9871312b8d1fd010576b39b9ad9eb4a531bdd6c46e46
364,250,1.425,0x9c62672792542a443c8d55607552547088904b5e,2017-10-18T15:11:06.000Z,0.0057,0x1f15728810ca07a4d86f6d8f9424d69ac65b286d,buy,0x84119cb33e8f590d75c2d6ea4e6b0741a7494eda,0xf8d8d2856d4575333e56890f4757507ce1e0e1a3ff75de49b1d4554d1d8d322d
365,175,0.9999510352108464,0x8f51124b8df6ed3af9d4154615dfefd8e531ac9d,2017-10-18T14:54:30.000Z,0.005714005915490551,0x1f15728810ca07a4d86f6d8f9424d69ac65b286d,buy,0x84119cb33e8f590d75c2d6ea4e6b0741a7494eda,0xbc44a7cd4bf1b8c6e373b6a7abdeb7ff2441504caa35a60039dd8adc3eb8c07a
366,100,0.57999999,0xa6d5056eb1013dddb03f03aec95e5739880550af,2017-10-18T12:23:18.000Z,0.0057999999,0x254fb89e4cab71708eaab16e067ca8156a38e18a,buy,0x84119cb33e8f590d75c2d6ea4e6b0741a7494eda,0xd20d82bb9c41a39a58d5765447c718822d41bf0798d541c9a2638f3bd99cbf81
367,206,1.1562992,0xa6d5056eb1013dddb03f03aec95e5739880550af,2017-10-18T12:19:41.000Z,0.00561310291262136,0x0f44f4e7e19b115843c7a6870ca85a03753ce0bb,buy,0x84119cb33e8f590d75c2d6ea4e6b0741a7494eda,0xd6463c81dd54f5fa0b66e3b63c699c20d984a1e4a22a5777f0ef00ff83772de9
368,1167,6.5403410367943655,0x3c6afd05bb0f423231f09f1f1fa49c0f1fded42e,2017-10-18T11:03:09.000Z,0.0056044053442968,0x0f44f4e7e19b115843c7a6870ca85a03753ce0bb,buy,0x84119cb33e8f590d75c2d6ea4e6b0741a7494eda,0xb47fed397954e5cd0a461c8e9a5ef776f256d7f9eace9eedf60c1003f83586ea
369,4200,21.042,0x36cfb5a6be6b130cfceb934d3ca72c1d72c3a7d8,2017-10-18T09:04:24.000Z,0.00501,0x25d641a298da698653cfca0a456355af33ff4771,sell,0x84119cb33e8f590d75c2d6ea4e6b0741a7494eda,0x15a33a4bbf64a35fe7b141aa4e27be83b1c010ca7f397c3f424c0605be94fe40
370,71,0.3976,0x6b8f546926d84de6a9d25eafc153c5a4f04b3a05,2017-10-18T07:40:30.000Z,0.0056,0x0f44f4e7e19b115843c7a6870ca85a03753ce0bb,buy,0x84119cb33e8f590d75c2d6ea4e6b0741a7494eda,0x74899c7e2fa11eaa001674dcab4b4b37a23f483d33c952daa47c63a5ab887207
371,30,0.1677,0x6b8f546926d84de6a9d25eafc153c5a4f04b3a05,2017-10-18T07:40:20.000Z,0.00559,0xd98a3954353055ab642c9159c7f3b25dac2dc29b,buy,0x84119cb33e8f590d75c2d6ea4e6b0741a7494eda,0xf08fe15d5f1f395175c3f0aa0d57f024a2c3e4cf17971c7a8c2563a23b5431e3
372,300,1.5,0xb9fb62d9d45dce9a414a9edbee062f7d80f8b8d1,2017-10-18T07:01:32.000Z,0.005,0x25d641a298da698653cfca0a456355af33ff4771,buy,0x84119cb33e8f590d75c2d6ea4e6b0741a7494eda,0x73a9e8d1c3e589518b7330c3707fcacf1ec3c41ca78995328ab4f316855f0c79
373,1,0.0056,0x636d925f140f761f7a0e600db2177dd068ddada1,2017-10-18T05:28:07.000Z,0.0056,0x0f44f4e7e19b115843c7a6870ca85a03753ce0bb,buy,0x84119cb33e8f590d75c2d6ea4e6b0741a7494eda,0x332635ae11d362d1102a189e3f495faa922655e4dcec01de174ab773fda09b85
374,303,1.700157182733526,0x5e3ae8b15c0cfb20ed4e7368cf905d82d807c2eb,2017-10-18T01:16:06.000Z,0.005611079811001736,0x0f44f4e7e19b115843c7a6870ca85a03753ce0bb,buy,0x84119cb33e8f590d75c2d6ea4e6b0741a7494eda,0x0877936eb75ddf0966ab98ab4fb462393d0d1fcb85d9e20e2ed8164e589f76f6
375,107,0.620599893,0x91b98a71e5d00b00b6d833cd587bd54d11fed214,2017-10-17T23:36:04.000Z,0.005799999,0x80b09687d811e0a3a0d2e6435c82e6d861bed86b,buy,0x84119cb33e8f590d75c2d6ea4e6b0741a7494eda,0xe75afab5bfc6f7ecae52ceeeef012e6bdf74fea7e767f4864adfcc9a6154135f
376,7,0.040599993,0xc20b23980675af6709291cbfdcaa63bf4211dd5a,2017-10-17T22:13:48.000Z,0.005799999,0x80b09687d811e0a3a0d2e6435c82e6d861bed86b,buy,0x84119cb33e8f590d75c2d6ea4e6b0741a7494eda,0x776670bfdf0c01deca4141235eb78b6189cc7e8cd94c7cce6d9127c524eff986
377,1,0.0046,0x039593f9d775901445427684fae0837eeff37963,2017-10-17T18:51:04.000Z,0.0046,0x30b77bc044cf094ab337c3bc977ddd5dffef2c22,buy,0x84119cb33e8f590d75c2d6ea4e6b0741a7494eda,0x7769876c88bfd72c685c5318d4963a2b3490c0b49f937b16b7a664353887b6b9
378,146,0.6716,0x80b09687d811e0a3a0d2e6435c82e6d861bed86b,2017-10-17T18:37:34.000Z,0.0046,0x30b77bc044cf094ab337c3bc977ddd5dffef2c22,sell,0x84119cb33e8f590d75c2d6ea4e6b0741a7494eda,0x836a92324f0fc8ca396d276de6e39209e08501b2599069b40083b8ec0fefcdf3
379,60,0.282,0x1133f203d9d18f36350098ffbf947ad74b7ce511,2017-10-17T18:15:06.000Z,0.0047,0x8065f6ae4aeb1df3ec58b27e0eea9d29e3dc81e2,sell,0x84119cb33e8f590d75c2d6ea4e6b0741a7494eda,0xf7e493342679c863ef65e43a7256509b8170c0c363a3f9ee78d7179ef61efbc9
380,10,0.048577,0x88bfe9b06cf22a31d6bf7b93de3a0760422cf17f,2017-10-17T17:32:50.000Z,0.0048577,0x8065f6ae4aeb1df3ec58b27e0eea9d29e3dc81e2,sell,0x84119cb33e8f590d75c2d6ea4e6b0741a7494eda,0x63d7e62ff389c864228b251626e8d83c5c1d1c26c5a962ea44450e9882e41906
381,10,0.049277,0x88bfe9b06cf22a31d6bf7b93de3a0760422cf17f,2017-10-17T17:32:14.000Z,0.0049277,0x8065f6ae4aeb1df3ec58b27e0eea9d29e3dc81e2,sell,0x84119cb33e8f590d75c2d6ea4e6b0741a7494eda,0x8c26038de941f9d77014b3a6f3bd9969983f7b7cb13122ba148a836fcb6605a1
382,14,0.07,0x8f51124b8df6ed3af9d4154615dfefd8e531ac9d,2017-10-17T17:32:02.000Z,0.005,0x8065f6ae4aeb1df3ec58b27e0eea9d29e3dc81e2,sell,0x84119cb33e8f590d75c2d6ea4e6b0741a7494eda,0x2cf35e43ddde7db62c0e06c5ec29c0c5b70c7cb88c91c09374749e4138f356c0
383,15,0.081,0xa04c74c5d53446108b03c519c945f54361c51918,2017-10-17T17:08:45.000Z,0.0054,0x8065f6ae4aeb1df3ec58b27e0eea9d29e3dc81e2,sell,0x84119cb33e8f590d75c2d6ea4e6b0741a7494eda,0x43eede79718c866047f70cbd3cfb7328b843a72bd4810b6f9ac86c7cee5f193c
384,116,0.6728,0xd1b1517c8b6091a4da6b06de34f370ae4e910861,2017-10-17T16:45:46.000Z,0.0058,0x53c832ea7b9577e1b07f4bccc249b894649c1a20,buy,0x84119cb33e8f590d75c2d6ea4e6b0741a7494eda,0xa86350c3e3eaa104abcd0d05261fbe933bb80c457a459af0d42ed7f82d919141
385,1062,6.160940084284509,0x3c6afd05bb0f423231f09f1f1fa49c0f1fded42e,2017-10-17T15:50:16.000Z,0.005801261849608766,0x53c832ea7b9577e1b07f4bccc249b894649c1a20,buy,0x84119cb33e8f590d75c2d6ea4e6b0741a7494eda,0x507e841ed2ddf59f2301c7bf9fbf82174d8ab142ac85bc57097d0d31f1a8ad13
386,1,0.0058,0xd1b1517c8b6091a4da6b06de34f370ae4e910861,2017-10-17T15:35:04.000Z,0.0058,0x53c832ea7b9577e1b07f4bccc249b894649c1a20,buy,0x84119cb33e8f590d75c2d6ea4e6b0741a7494eda,0x9a325ceb7890b2290f5cf70b2838d732ef364ce09b2bb6b2501fcdd6e4f29e6f
387,2000,9.00002,0xe33384c7e56500d51aec589f40104848c5103f22,2017-10-17T15:15:20.000Z,0.00450001,0x6e24f19e2fdeff8ff863a088778d7403d5a86221,sell,0x84119cb33e8f590d75c2d6ea4e6b0741a7494eda,0x295b0e613668c5b592953561027662683a8e7e479ada617108f67198ab1d7737
388,125,0.65625,0x0a3ca77ad90d8500d904c189e9695db899a1da9d,2017-10-17T15:15:05.000Z,0.00525,0x6e24f19e2fdeff8ff863a088778d7403d5a86221,sell,0x84119cb33e8f590d75c2d6ea4e6b0741a7494eda,0x055942896f12e0b6e800293f51f41f2ac75659db1f6c04ae74479f4944cb7625
389,10000,45.0001,0xe33384c7e56500d51aec589f40104848c5103f22,2017-10-17T15:13:13.000Z,0.00450001,0x6e24f19e2fdeff8ff863a088778d7403d5a86221,sell,0x84119cb33e8f590d75c2d6ea4e6b0741a7494eda,0xf2ed6289a9292354758a4010e25d45560799f6aca8032acdfc0583f9166fe8a6
390,500,2.5,0xb9fb62d9d45dce9a414a9edbee062f7d80f8b8d1,2017-10-17T15:12:27.000Z,0.005,0x6e24f19e2fdeff8ff863a088778d7403d5a86221,sell,0x84119cb33e8f590d75c2d6ea4e6b0741a7494eda,0x0b70545914b60d467c9653b2aaf51083ca672773e61a8ddfa16021e02c326c82
391,350,1.855,0x0a3ca77ad90d8500d904c189e9695db899a1da9d,2017-10-17T15:11:10.000Z,0.0053,0x6e24f19e2fdeff8ff863a088778d7403d5a86221,sell,0x84119cb33e8f590d75c2d6ea4e6b0741a7494eda,0x16991978800bb64143820374ee36345391162b55a247c4914998ab167e56d186
392,1,0.0058,0x651d0d350d41cf4d629635e17dd1df95aa886cd4,2017-10-17T14:16:21.000Z,0.0058,0x53c832ea7b9577e1b07f4bccc249b894649c1a20,buy,0x84119cb33e8f590d75c2d6ea4e6b0741a7494eda,0xd34da985beffcede61c8fecd1cf982cb45bd10ca13140675ae0736ef2952e524
393,1850,9.99,0xd7505cf6376fba7957103cefef80796fd30e7129,2017-10-17T13:40:29.000Z,0.0054,0x6e24f19e2fdeff8ff863a088778d7403d5a86221,sell,0x84119cb33e8f590d75c2d6ea4e6b0741a7494eda,0x48e3bd4d6df4660df2bb559fb89ed0c14f9f032be813fe0bccc070c209da7dbc
394,285,1.7043,0xb9fb62d9d45dce9a414a9edbee062f7d80f8b8d1,2017-10-17T13:18:36.000Z,0.00598,0x80b09687d811e0a3a0d2e6435c82e6d861bed86b,buy,0x84119cb33e8f590d75c2d6ea4e6b0741a7494eda,0xb16556ce706f41bfff41eec0474409de4c91b42cafb710dfd64ae9d54784714b
395,10,0.058,0x5e3ae8b15c0cfb20ed4e7368cf905d82d807c2eb,2017-10-17T13:11:01.000Z,0.0058,0x53c832ea7b9577e1b07f4bccc249b894649c1a20,buy,0x84119cb33e8f590d75c2d6ea4e6b0741a7494eda,0xd32d1c73e953dd5460a281697eeacd791d6cd6543a1cdb586741a7054e3615dc
396,130,0.65,0xfe423f6b9b3aa093cc08831d9b106027f97e132e,2017-10-17T12:57:42.000Z,0.005,0x1eebae1c75d7d40712cd586daed74247bc242015,buy,0x84119cb33e8f590d75c2d6ea4e6b0741a7494eda,0x27290700ed5e052002c49c697844c4cfbfebff0661ed471e6aa245cbaa67c56a
397,129,0.6966,0xa04c74c5d53446108b03c519c945f54361c51918,2017-10-17T12:57:42.000Z,0.0054,0xfe423f6b9b3aa093cc08831d9b106027f97e132e,sell,0x84119cb33e8f590d75c2d6ea4e6b0741a7494eda,0x27290700ed5e052002c49c697844c4cfbfebff0661ed471e6aa245cbaa67c56a
