,amount,amountBase,buyer,date,price,seller,side,tokenAddr,txHash
0,0.001,0.000169998,0x9a06fbfff4fc2a339927c1cbbde1a1fc23ce3c27,2017-11-02T15:03:33.000Z,0.169998,0x2d9fc233902ee67bb6d36f14286949e667b87fb3,buy,0x8f3470a7388c05ee4e7af3d01d8c722b0ff52374,0xa52944cadac70f3b66102b5e516401176705ca8b2b20f70901da3f4d69879550
1,62,10.602,0xa7cbecde71372712d66001244124302ab972a7ec,2017-11-02T14:58:18.000Z,0.171,0xbd4d43682374570416cb764921b697bc9d087243,buy,0x8f3470a7388c05ee4e7af3d01d8c722b0ff52374,0x98bd787ba11a3be8155c0bc2bed0d6bade27fc6d21e3cbb311a486a7c6c007fb
2,15,2.532,0xe3ffce34a5b994d028bc42967360ebcf0a42a2e2,2017-11-02T14:43:29.000Z,0.1688,0x2d7ef44fa3dca7704ad273d2ac44751be55da220,buy,0x8f3470a7388c05ee4e7af3d01d8c722b0ff52374,0x31983f1a3ccbde7d8376aa7b6635072aed70e970aa285bc2562d9538401c268b
3,10,1.69,0xe3ffce34a5b994d028bc42967360ebcf0a42a2e2,2017-11-02T14:43:29.000Z,0.169,0x1aaecf97d537e7c767d88737427a4833095213fe,buy,0x8f3470a7388c05ee4e7af3d01d8c722b0ff52374,0x5f5c84bffe30a82815019912bd0d18eb8d9d0a31fd018902b3829d91f122b1ba
4,2.885522,0.485809,0xe3ffce34a5b994d028bc42967360ebcf0a42a2e2,2017-11-02T14:42:21.000Z,0.16836087196701324,0xdc67e92e594a5bcadc8c0e888da4d79f0da831b8,buy,0x8f3470a7388c05ee4e7af3d01d8c722b0ff52374,0x9235eb833c2499d142017f741e15b53872a6865e0066d69a273625ee8895478c
5,2.967897,0.5,0x662d06f37d4e142b8417356430ea49f36a9dc9d6,2017-11-02T14:37:12.000Z,0.16846945834036695,0xdc67e92e594a5bcadc8c0e888da4d79f0da831b8,buy,0x8f3470a7388c05ee4e7af3d01d8c722b0ff52374,0xa1a3923b94adf0903cefb9f572514f7fcc375620ca7b0e614b338c3210f57396
6,27.411,4.577637,0x662d06f37d4e142b8417356430ea49f36a9dc9d6,2017-11-02T14:34:29.000Z,0.167,0x89ebab0612bc4b7139d481c5ddfed506930c6eb7,buy,0x8f3470a7388c05ee4e7af3d01d8c722b0ff52374,0xbf9a5f3d642d6b43356babc33e5ec57d4b7a8ea31be96bb415f95911ead95bff
7,73.0999994688,12.1711499115552,0x662d06f37d4e142b8417356430ea49f36a9dc9d6,2017-11-02T14:34:22.000Z,0.1665,0x25b526f1fa80bc0fe68dd3e24527860b58ebb0c4,buy,0x8f3470a7388c05ee4e7af3d01d8c722b0ff52374,0x07c228dfbc42e9b5981e4b5844bd33893ec465f7258674adbb46cae485297f62
8,48.69471771107533,8.039497894098536,0x662d06f37d4e142b8417356430ea49f36a9dc9d6,2017-11-02T14:33:59.000Z,0.1651,0xc4848c8c9e2325e32a1b3110229fe307ec5e6252,buy,0x8f3470a7388c05ee4e7af3d01d8c722b0ff52374,0x2e44390af325172d8e07b0f0df839abd2cd40f73f498f1be42d881c8f4210fd0
9,1.305282288924675,0.21550210590146382,0xa28be81f7236f93af905ed9ec6684d629391233c,2017-11-02T14:25:25.000Z,0.1651,0xc4848c8c9e2325e32a1b3110229fe307ec5e6252,buy,0x8f3470a7388c05ee4e7af3d01d8c722b0ff52374,0xf748dfcc4cc6e4cf754d7b5b10e9a48f1aacc9530e59c2ccde1d1df11ae62651
10,9.511015850862327,1.5721804311633936,0xfe988cd30fa97f5422f5a4ae50eafa6271cd2417,2017-11-02T14:12:31.000Z,0.165301,0xd3c7d671e67549e54ff47ec38d3d78fb88b89b3a,sell,0x8f3470a7388c05ee4e7af3d01d8c722b0ff52374,0x7ff4889f44acaca85409ec82633d7a9e1d97a3a813b428a50c1106ca2a48487a
11,0.5,0.08325,0x78aa31fc0f39df1f038a5fc6fd1b9945af3a66de,2017-11-02T14:07:59.000Z,0.1665,0xd3c7d671e67549e54ff47ec38d3d78fb88b89b3a,sell,0x8f3470a7388c05ee4e7af3d01d8c722b0ff52374,0x432323472ad9a30a4ac39ea99321ac433d1bc307d476a849b50b69a9ed4637c5
12,4,0.6652,0x71a62d63167d69856c42a09aaca4c5a6b7a56ffe,2017-11-02T14:04:11.000Z,0.1663,0xd3c7d671e67549e54ff47ec38d3d78fb88b89b3a,sell,0x8f3470a7388c05ee4e7af3d01d8c722b0ff52374,0x3e952346c83660cc7a75644f4f0cb4eeb814ff5673392902334ae935c425d0e5
13,6.573714345231275,1.1010971528262388,0x6e7059d4d77945d5685ba91ff3b649325d1fb352,2017-11-02T13:40:10.000Z,0.1675,0x1f22b9a1346ff129c014e4601e06155f5a47ec88,sell,0x8f3470a7388c05ee4e7af3d01d8c722b0ff52374,0x12cccc31e0a72360811f60cf0202520bae77fc3f3ecef643a31b6e3d3158889a
14,0.9,0.1503,0x5bfdb80cc86e1fe44e335adc2ed8ad2389e0dedf,2017-11-02T13:38:50.000Z,0.167,0x25b526f1fa80bc0fe68dd3e24527860b58ebb0c4,buy,0x8f3470a7388c05ee4e7af3d01d8c722b0ff52374,0x34704a55b29ce00d86471c706b02048301307ef52339e2a87115750d8499f901
15,16,2.6864,0x8ab6e20f85203fbac1726fac485f61ec5aad9393,2017-11-02T13:33:46.000Z,0.1679,0x1f22b9a1346ff129c014e4601e06155f5a47ec88,buy,0x8f3470a7388c05ee4e7af3d01d8c722b0ff52374,0x40204eaa11f4a2edf140d391f782559ab8e204b66a7a6ef5963caf682922bd95
16,9.024,1.5142272,0x8ab6e20f85203fbac1726fac485f61ec5aad9393,2017-11-02T13:32:43.000Z,0.1678,0x3b617201c4b7ff9603fc7fa21f24252b98d3326f,buy,0x8f3470a7388c05ee4e7af3d01d8c722b0ff52374,0x5e15d6e5d06ba7bcbdcc7944567081b1308c47ec4650eb46f336db7e86919716
17,1.6348707889868883,0.27433131839199987,0xc5ce114707eaa15e5ade4e3da7a7f992fd8d5bbd,2017-11-02T13:30:53.000Z,0.1678,0x3b617201c4b7ff9603fc7fa21f24252b98d3326f,buy,0x8f3470a7388c05ee4e7af3d01d8c722b0ff52374,0xb984bee5d6b86372320a5e3e9d5a82bb51db4e1dba18548e3ad1e8edd8acf616
18,0.9969095803010667,0.16648389991027815,0x6e7059d4d77945d5685ba91ff3b649325d1fb352,2017-11-02T13:30:53.000Z,0.167,0xfc2acd6ac8560d587a32b6261909fcde979bd3ee,sell,0x8f3470a7388c05ee4e7af3d01d8c722b0ff52374,0x6667097e994d514722b4699d255a1ba262eef484f0d757280e78a308a983c1d6
19,4.385742199182534,0.7324189472634832,0x6e7059d4d77945d5685ba91ff3b649325d1fb352,2017-11-02T13:29:17.000Z,0.167,0xc8fdc5cd951ed3faf9abcf1f5ce9d32b773bdcf0,sell,0x8f3470a7388c05ee4e7af3d01d8c722b0ff52374,0xfd65eac8453ddd9bedc07ec0f4d15fa929f59318e7dc114cf169eb3f49505c0d
20,9.014,1.4999302767689922,0xdc67e92e594a5bcadc8c0e888da4d79f0da831b8,2017-11-02T13:22:03.000Z,0.16640007507976393,0xc8fdc5cd951ed3faf9abcf1f5ce9d32b773bdcf0,sell,0x8f3470a7388c05ee4e7af3d01d8c722b0ff52374,0xc8357b24b5de2a3cb9ac00d74e75106ec9d0247c4e05bb8c3c04a485da9c72ef
21,6.54,1.097412,0xfb38a53d5f42e0566d0ea7258405e8b326deeb21,2017-11-02T13:20:55.000Z,0.1678,0xc8fdc5cd951ed3faf9abcf1f5ce9d32b773bdcf0,sell,0x8f3470a7388c05ee4e7af3d01d8c722b0ff52374,0x20316becd64c73e92b9c0518d643a63fc1c1c3f090c2cb159ec2c751e6b74b7a
22,0.22,0.036916,0x74963c22f97a3ffe207f9e057e23e75d380a0d53,2017-11-02T13:19:00.000Z,0.1678,0x3b617201c4b7ff9603fc7fa21f24252b98d3326f,buy,0x8f3470a7388c05ee4e7af3d01d8c722b0ff52374,0xadb9185ec10e47f745abb276fc250f5b5f8922f0a24e197a0b14f03e63ab4763
23,2.01,0.337278,0x0f1e4844e0047dffa026eb51efbb5603340c93ab,2017-11-02T13:05:48.000Z,0.1678,0x3b617201c4b7ff9603fc7fa21f24252b98d3326f,buy,0x8f3470a7388c05ee4e7af3d01d8c722b0ff52374,0x6db2f2b1acba3f0208c845a71764025ca97a9956c726f2c125ff9535e4862e72
24,190.9268846699191,32.648497278556164,0x70631ac0a4062d4f549aeecfa8ffb0cba10ac56e,2017-11-02T13:04:00.000Z,0.171,0xbd4d43682374570416cb764921b697bc9d087243,buy,0x8f3470a7388c05ee4e7af3d01d8c722b0ff52374,0x4edd48da8d37e1368594072f6317bc1048343403dd0ce2183c92daacac5bc171
25,92.832,15.78144,0x70631ac0a4062d4f549aeecfa8ffb0cba10ac56e,2017-11-02T12:59:07.000Z,0.17,0xff2785eef607697b5fed88333a851d9add933625,buy,0x8f3470a7388c05ee4e7af3d01d8c722b0ff52374,0x86f1138a425c05f3b169ce2268c8134fdccb5155c5d9f8a2394a18dbde9728f8
26,84.4,14.338716,0x70631ac0a4062d4f549aeecfa8ffb0cba10ac56e,2017-11-02T12:57:02.000Z,0.16989,0x025a98c045141136fd3e1643fd85a8dd8d11a4cc,buy,0x8f3470a7388c05ee4e7af3d01d8c722b0ff52374,0x55ae03b021dfde674a9d511cd42ba0a973c68ab90f22d598f44ed5d2cf56fef0
27,100,16.9889,0x70631ac0a4062d4f549aeecfa8ffb0cba10ac56e,2017-11-02T12:55:51.000Z,0.169889,0x933153cb57b715907aa041ad25ffc343bbf657c2,buy,0x8f3470a7388c05ee4e7af3d01d8c722b0ff52374,0x70f5bc2f89494844d9d3d717f2e9dda846f308654ad000e90628a726c7f0ee9b
28,6.73,1.143427,0x5a2d756f54f8b0cadd5c84b89e4d787ecfa0702b,2017-11-02T12:52:58.000Z,0.1699,0xbeafd36577f57717257aa13202980be1670dbeed,buy,0x8f3470a7388c05ee4e7af3d01d8c722b0ff52374,0x31bc6415cdcf8fce75f7d9ba17e8a0a199d18d2b4b6dda8c093c4f08bdb2631f
29,0.4954298494523042,0.08318267172304188,0xab52d077ca6992f149b5645408777b472ed7a579,2017-11-02T12:47:03.000Z,0.1679,0x1f22b9a1346ff129c014e4601e06155f5a47ec88,buy,0x8f3470a7388c05ee4e7af3d01d8c722b0ff52374,0x06fc2429023f559c404ddd9d43801367b2a946fbb7cd2b72975e6285d263e7e5
30,1,0.16989,0x1b94ad9d6e178445d547810c60f55bdddc5cc963,2017-11-02T12:39:19.000Z,0.16989,0x9b84f198093c7eb759519b565f5763dbafc1afdb,buy,0x8f3470a7388c05ee4e7af3d01d8c722b0ff52374,0x529949f6dd9b313c8fe3c78ffb51d0d95aab25f7db8c897680a42cc64616de1e
31,6,0.9851040770666621,0xdc67e92e594a5bcadc8c0e888da4d79f0da831b8,2017-11-02T12:35:05.000Z,0.1641840128444437,0x3b617201c4b7ff9603fc7fa21f24252b98d3326f,sell,0x8f3470a7388c05ee4e7af3d01d8c722b0ff52374,0x8b59fddb50aea10818315acc22cf822ad95e367ff01fc864566c5cbc7cdb199d
32,3,0.4932291017589571,0xdc67e92e594a5bcadc8c0e888da4d79f0da831b8,2017-11-02T12:34:51.000Z,0.16440970058631904,0x3b617201c4b7ff9603fc7fa21f24252b98d3326f,sell,0x8f3470a7388c05ee4e7af3d01d8c722b0ff52374,0xb51cddb7dbcb4fdbb2b492f3869141b0525abdf754c9242a3431d31172b30c04
33,1,0.168949999,0x56795205d90ed2141c490a027d1874f2bff4aa86,2017-11-02T12:34:51.000Z,0.168949999,0xa6b9d0bec35226ff87a0c3dcd94a6960884b743a,buy,0x8f3470a7388c05ee4e7af3d01d8c722b0ff52374,0x873c410ef2a3d32836db944ebd44ee6836c300901ebf7daf0df4a96ad2b46bda
34,3,0.49500473225470487,0xdc67e92e594a5bcadc8c0e888da4d79f0da831b8,2017-11-02T12:34:41.000Z,0.16500157741823496,0x3b617201c4b7ff9603fc7fa21f24252b98d3326f,sell,0x8f3470a7388c05ee4e7af3d01d8c722b0ff52374,0xfc60bbb706ca10d6a1d593f26e8acc419f78d1e6e60a5a1498771942dde34ce7
35,25,4.1,0x1f22b9a1346ff129c014e4601e06155f5a47ec88,2017-11-02T12:34:19.000Z,0.164,0x3b617201c4b7ff9603fc7fa21f24252b98d3326f,sell,0x8f3470a7388c05ee4e7af3d01d8c722b0ff52374,0xe686bb5df5d1e1da28e5260e363ee8b85cd675aa5acbd7bf09c5dfa83ac9ef6f
36,11,1.86879,0x90279f666538ceca8662d01dd5ba2634aaefc602,2017-11-02T12:25:55.000Z,0.16989,0x025a98c045141136fd3e1643fd85a8dd8d11a4cc,buy,0x8f3470a7388c05ee4e7af3d01d8c722b0ff52374,0x3f8ec24bcb2b76a72b9dbde60f147b4f53516477adce531509487a446f6fe221
37,17.168,2.9005335982832,0xf9f017395399daca9842d30a84ab58f076ee9434,2017-11-02T12:19:22.000Z,0.1689499999,0x12e455c7f385003332e661b8d17070c8b347cf4c,buy,0x8f3470a7388c05ee4e7af3d01d8c722b0ff52374,0xe17182c128626afcaa7c8ea2fa2ce36c2a2bda38fd47a9eb73e2e2268a468723
38,17.168,2.9005335982832,0xf9f017395399daca9842d30a84ab58f076ee9434,2017-11-02T12:19:19.000Z,0.1689499999,0x12e455c7f385003332e661b8d17070c8b347cf4c,buy,0x8f3470a7388c05ee4e7af3d01d8c722b0ff52374,0xe17182c128626afcaa7c8ea2fa2ce36c2a2bda38fd47a9eb73e2e2268a468723
39,20.4,3.4001133492,0xd9cb9450415cb0a15dc0ab15f9bbda79d86733d1,2017-11-02T12:11:29.000Z,0.166672223,0xe76f6b0765a2f25947c6900f50f90f1ebd7c9bad,buy,0x8f3470a7388c05ee4e7af3d01d8c722b0ff52374,0x05ed5f10db9fd960e079d65fa0500910ccc7482185c8c354d489a5f29f235516
40,1.6,0.2666755568,0x384813f6757dc1f7d3c37ac0abbf4eadbba394ff,2017-11-02T12:08:03.000Z,0.166672223,0xe76f6b0765a2f25947c6900f50f90f1ebd7c9bad,buy,0x8f3470a7388c05ee4e7af3d01d8c722b0ff52374,0xa5ca0fcd66ffc81c45a5f6c89d010d7e26ec8c0733bce8a66650775d326a73c6
41,5.877,0.9929191494123,0x5a71b1979b1c392d1f96fc11207879d1632aa55f,2017-11-02T11:54:21.000Z,0.1689499999,0x12e455c7f385003332e661b8d17070c8b347cf4c,buy,0x8f3470a7388c05ee4e7af3d01d8c722b0ff52374,0xa1fd8226735a69bc63eb295686e62ea0d06887a6c6093e092d86abf33732837d
42,1,0.1695,0xcc1d24a1c777dcfb8e31f64a52d52a291808fdb0,2017-11-02T11:51:46.000Z,0.1695,0x9b84f198093c7eb759519b565f5763dbafc1afdb,buy,0x8f3470a7388c05ee4e7af3d01d8c722b0ff52374,0x668cdedf3a6d49de1661a3ba313c5823a58ec5f72343c3eb2fb6dc8d67cb61ca
43,4.054820653372674,0.6850619489818311,0x9928735e58646b828be5a0ce02e939cd752adc8f,2017-11-02T11:51:19.000Z,0.1689499999,0x12e455c7f385003332e661b8d17070c8b347cf4c,buy,0x8f3470a7388c05ee4e7af3d01d8c722b0ff52374,0xc383a216cd50237052d1c21517fdc0d566439133347f5e23440b52ce715e0173
44,2,0.331,0xcc1d24a1c777dcfb8e31f64a52d52a291808fdb0,2017-11-02T11:50:42.000Z,0.1655,0x9b84f198093c7eb759519b565f5763dbafc1afdb,buy,0x8f3470a7388c05ee4e7af3d01d8c722b0ff52374,0x5cb47c7e7851cf381b5036b27dea777425d12b2a7b5f673dc716ba164a382328
45,6,1.01369994,0xe5bed25916e8d9a30dfbb764ec7ca7225773d011,2017-11-02T11:46:42.000Z,0.16894999,0xfe988cd30fa97f5422f5a4ae50eafa6271cd2417,buy,0x8f3470a7388c05ee4e7af3d01d8c722b0ff52374,0x5ecbd2029933f297aaae4d079938d72b0b015d2be589cb725a2cbe08645e3f0b
46,8.645713,1.432441,0xe5bed25916e8d9a30dfbb764ec7ca7225773d011,2017-11-02T11:40:11.000Z,0.16568222886880468,0xdc67e92e594a5bcadc8c0e888da4d79f0da831b8,buy,0x8f3470a7388c05ee4e7af3d01d8c722b0ff52374,0x18a51df0418373e39e256d6e4837b7097456284508bd996e13bad718c2facf11
47,2.606538158384085,0.42070702322257697,0xdc67e92e594a5bcadc8c0e888da4d79f0da831b8,2017-11-02T11:39:10.000Z,0.1614045134422252,0xdc7439a92014f453c471839ab5bdfcf84a3dcdd4,sell,0x8f3470a7388c05ee4e7af3d01d8c722b0ff52374,0xa6701f6cce27da98a0c91c3d68adacdf2521d60cd15c6f2b222163aa61f5c21f
48,20,3.38,0xe5bed25916e8d9a30dfbb764ec7ca7225773d011,2017-11-02T11:39:10.000Z,0.169,0xa56bae53e4f3d974209b88cdea37419ad3398c6d,buy,0x8f3470a7388c05ee4e7af3d01d8c722b0ff52374,0x98b5e1f9b91f2d8f04e47ab4fe5708eafa185a266c715486269a5d7866756724
49,100,16.88899,0xe5bed25916e8d9a30dfbb764ec7ca7225773d011,2017-11-02T11:38:09.000Z,0.1688899,0xfe988cd30fa97f5422f5a4ae50eafa6271cd2417,buy,0x8f3470a7388c05ee4e7af3d01d8c722b0ff52374,0x2ac35c8d3a0b29a8af092c4e13c1414b8856df2c096f13398eb10024992bd4fd
50,9.167694,1.499999,0xdc67e92e594a5bcadc8c0e888da4d79f0da831b8,2017-11-02T11:36:24.000Z,0.16361791743921644,0xdc7439a92014f453c471839ab5bdfcf84a3dcdd4,sell,0x8f3470a7388c05ee4e7af3d01d8c722b0ff52374,0x575ed822ba13046d0dd06583f733664db812ac433826ea8e665c629f682e6ebc
51,26.01992684882113,4.171256294529394,0x933153cb57b715907aa041ad25ffc343bbf657c2,2017-11-02T11:34:52.000Z,0.16031007,0xdc7439a92014f453c471839ab5bdfcf84a3dcdd4,sell,0x8f3470a7388c05ee4e7af3d01d8c722b0ff52374,0x0897973bedbca91ec203a83e9c139cc3fc94e446ea4b61d0f76918e75a4e3087
52,6.073975972243378,0.9999351082520052,0xdc67e92e594a5bcadc8c0e888da4d79f0da831b8,2017-11-02T11:33:36.000Z,0.16462612180579414,0xdc7439a92014f453c471839ab5bdfcf84a3dcdd4,sell,0x8f3470a7388c05ee4e7af3d01d8c722b0ff52374,0x10cb57c77aa3f142cdc1a5ed6cb2db51d691eb8b00f52ba0b4f870fc18710f99
53,0.000382027756622201,0.00006289174799488,0xdc67e92e594a5bcadc8c0e888da4d79f0da831b8,2017-11-02T11:28:26.000Z,0.1646261218057922,0xdc7439a92014f453c471839ab5bdfcf84a3dcdd4,sell,0x8f3470a7388c05ee4e7af3d01d8c722b0ff52374,0xd547fd8aaa16aa4835896a6ec6ae8590f46ad437f070b873043cde3f01baa6c3
54,3.03,0.5090750571,0xe5bed25916e8d9a30dfbb764ec7ca7225773d011,2017-11-02T11:27:17.000Z,0.16801157,0x65f403f5ce12908bfa7d8089f54f097e8b686fae,buy,0x8f3470a7388c05ee4e7af3d01d8c722b0ff52374,0x61b35661a00587da666cadefa50acb940368d343778bc0615e29bf48777e6428
55,15.087,2.5480404126,0xe5bed25916e8d9a30dfbb764ec7ca7225773d011,2017-11-02T11:27:17.000Z,0.1688898,0x772d794f6c4f60ef72990c0b760526c7623b4cdf,buy,0x8f3470a7388c05ee4e7af3d01d8c722b0ff52374,0x5de896ee51fb74d1fea16b55c63e62e8ed439dadb728f1da4ec01312673d6db0
56,131,22.12459,0xe5bed25916e8d9a30dfbb764ec7ca7225773d011,2017-11-02T11:24:16.000Z,0.16889,0xd848d35ea908828d1a064a7c0bb2aebb8486da57,buy,0x8f3470a7388c05ee4e7af3d01d8c722b0ff52374,0x22b117d4bb25f4258a92f7e134f9b3aa9d5766832154d5e5bcffddc9797c867b
57,1.6119771843089434,0.2617927114488698,0xdc67e92e594a5bcadc8c0e888da4d79f0da831b8,2017-11-02T11:21:14.000Z,0.16240472507748344,0xad34e9df71731a004431dab951a79488a5d5705d,sell,0x8f3470a7388c05ee4e7af3d01d8c722b0ff52374,0x1c64f090e06166218cbe267ab62c1d3d14dbf436b6df1738a528288b0417f703
58,3.041,0.4999698994829962,0xdc67e92e594a5bcadc8c0e888da4d79f0da831b8,2017-11-02T11:14:16.000Z,0.16440970058631904,0xad34e9df71731a004431dab951a79488a5d5705d,sell,0x8f3470a7388c05ee4e7af3d01d8c722b0ff52374,0x4295d69d37fb78e66ba873374c9dc1561b2fb1e62b09f4f428be4b4c09e3edd8
59,3.03,0.4995070443,0x65f403f5ce12908bfa7d8089f54f097e8b686fae,2017-11-02T11:12:54.000Z,0.16485381,0xad34e9df71731a004431dab951a79488a5d5705d,sell,0x8f3470a7388c05ee4e7af3d01d8c722b0ff52374,0x1c25ea4df0bb5c38967c841a929a3d3959825f7c280297d59882d3e1d1d420a8
60,2,0.33,0x6b95bda6504e4b67a72a9dc108066bed6f4ce7e3,2017-11-02T11:11:57.000Z,0.165,0xad34e9df71731a004431dab951a79488a5d5705d,sell,0x8f3470a7388c05ee4e7af3d01d8c722b0ff52374,0xa3613c77ef9590e58160a4dac1b5f666f375c4ebdb21f86eb490a77e91c1dc29
61,2.61,0.430650261,0x7d5b2752828ebd48b5626fd20916feaa382ddb76,2017-11-02T11:11:57.000Z,0.1650001,0xad34e9df71731a004431dab951a79488a5d5705d,sell,0x8f3470a7388c05ee4e7af3d01d8c722b0ff52374,0x53eb132210bf9a13990ee1ef39431630d2a93df848a3b9d648d0f832ef67f572
62,9.123532,1.499999,0xdc67e92e594a5bcadc8c0e888da4d79f0da831b8,2017-11-02T11:11:57.000Z,0.16440990177926706,0xad34e9df71731a004431dab951a79488a5d5705d,sell,0x8f3470a7388c05ee4e7af3d01d8c722b0ff52374,0x8896f29dc5c84f42a872040db632be46ad6c01bf67b0ec11d59ef1b876d62476
63,106,16.9928706,0xfe988cd30fa97f5422f5a4ae50eafa6271cd2417,2017-11-02T11:06:30.000Z,0.1603101,0xbfb0914f92c40e90459d7ac5a808a3de2e70fefb,sell,0x8f3470a7388c05ee4e7af3d01d8c722b0ff52374,0xcd87ec911d51c8f4d8f37ecacb29c93e14736222b29bef4631fe03b0b5820f9e
64,1.09,0.184101,0xebab0220ac54ce46d35f79b50a64d47ec433af8a,2017-11-02T11:01:46.000Z,0.1689,0xad34e9df71731a004431dab951a79488a5d5705d,buy,0x8f3470a7388c05ee4e7af3d01d8c722b0ff52374,0xddc5073ab2eb30000f1611617426372bf8fbc5fe8ab40d5150b181a6806dd995
65,17.5,2.9563547475,0x3b1d9fd8862aed71bc56fffe45a74f110ee4bb30,2017-11-02T11:00:16.000Z,0.168934557,0x772d794f6c4f60ef72990c0b760526c7623b4cdf,buy,0x8f3470a7388c05ee4e7af3d01d8c722b0ff52374,0xf65888f987299969926e10b8522efe9ea42bc3da2313bf3c1632d41aed9fe102
66,8.807,1.4588787400367873,0xebab0220ac54ce46d35f79b50a64d47ec433af8a,2017-11-02T10:57:12.000Z,0.1656499080318823,0xdc67e92e594a5bcadc8c0e888da4d79f0da831b8,buy,0x8f3470a7388c05ee4e7af3d01d8c722b0ff52374,0x231fdcb17ddc4bfad39205e2e4fd48665c0b66801d71380fad5d740fcc3cce94
67,6,1.01364,0xe5bed25916e8d9a30dfbb764ec7ca7225773d011,2017-11-02T10:55:59.000Z,0.16894,0x025a98c045141136fd3e1643fd85a8dd8d11a4cc,buy,0x8f3470a7388c05ee4e7af3d01d8c722b0ff52374,0x94ea0761f4ee55e99229d4120fbaad8ee3bf8d8be5ce313907526368e17be68c
68,3.06,0.5152338342,0xdf7db12ba0a2f3116b4432f5d00c6d493e948534,2017-11-02T10:53:27.000Z,0.16837707,0x65f403f5ce12908bfa7d8089f54f097e8b686fae,buy,0x8f3470a7388c05ee4e7af3d01d8c722b0ff52374,0x8e14d2ba5161535610f3cef686287c446489e49cd4e175d033f1f1ced4f5659d
69,1.357878,0.22794,0xe5bed25916e8d9a30dfbb764ec7ca7225773d011,2017-11-02T10:53:27.000Z,0.16786485972966644,0x9d95f9370bf497704c7b17685877d90f065eab33,buy,0x8f3470a7388c05ee4e7af3d01d8c722b0ff52374,0xabe21dd6470284fd023fcaa59c9d9b3cc0119c41a070eb097af198147db62941
70,9.066749,1.5,0xe5bed25916e8d9a30dfbb764ec7ca7225773d011,2017-11-02T10:52:51.000Z,0.16543967413237093,0xdc67e92e594a5bcadc8c0e888da4d79f0da831b8,buy,0x8f3470a7388c05ee4e7af3d01d8c722b0ff52374,0xf6d9ec5b06203ed7f921d720967363e06ec303d5ee0c4f304eb832d5c9429b96
71,101,17.06239258,0xe5bed25916e8d9a30dfbb764ec7ca7225773d011,2017-11-02T10:52:08.000Z,0.16893458,0xfe988cd30fa97f5422f5a4ae50eafa6271cd2417,buy,0x8f3470a7388c05ee4e7af3d01d8c722b0ff52374,0xb26ebe8acd16671ca7ebe37cadb01b255638f6b7af2740ef23764445b8bda2fe
72,3,0.4906251349219121,0x16c63c70be2ac6b41ade11e6cf136cc3d3ac4d18,2017-11-02T10:41:02.000Z,0.16354171164063735,0xdc67e92e594a5bcadc8c0e888da4d79f0da831b8,buy,0x8f3470a7388c05ee4e7af3d01d8c722b0ff52374,0xff19331675918d580a0daf8631c45a693a1b3cd6e1af79318e815159f9b4e6b6
73,1.85,0.3040438156173119,0xade88a9d1e47888a486ec835c6b553c4557ba692,2017-11-02T10:23:32.000Z,0.16434800844179023,0xdc67e92e594a5bcadc8c0e888da4d79f0da831b8,buy,0x8f3470a7388c05ee4e7af3d01d8c722b0ff52374,0xa9d916274488bacb1d602f806cca35dc50bde567bb00c02371d25e76f2c3191b
74,21.484988912319334,3.4442600764831366,0x933153cb57b715907aa041ad25ffc343bbf657c2,2017-11-02T10:23:32.000Z,0.16031007,0x5aa943321f5b22bcf7a7d09c7eab8137aa1b72f8,sell,0x8f3470a7388c05ee4e7af3d01d8c722b0ff52374,0x3fb1df1a05723f5fb4fb87abecd06aed92f944b5e3879f8cec4a5e541953bb29
75,0.005,0.00081,0x8e27de63f8f5a6ad4ac919abf2bccfec22f0f86f,2017-11-02T10:22:11.000Z,0.162,0xb934fffc360c8f8c92f9133e6fc45b419e1bf611,sell,0x8f3470a7388c05ee4e7af3d01d8c722b0ff52374,0xbfae55fb9dfb8b0e77301d1350916218fab3965cf676daf0ebccb8868266245c
76,53.49508423885953,8.575800698987468,0x933153cb57b715907aa041ad25ffc343bbf657c2,2017-11-02T10:20:39.000Z,0.16031007,0xb934fffc360c8f8c92f9133e6fc45b419e1bf611,sell,0x8f3470a7388c05ee4e7af3d01d8c722b0ff52374,0xa9a08abf472a77c112de178f7fa432ff22c57f0b2dde6b8bf8d622a5702d8aec
77,1,0.16574472925325348,0x62f91c944c8ea3eed07935bb926eccf5d4a460de,2017-11-02T10:20:07.000Z,0.16574472925325348,0xdc67e92e594a5bcadc8c0e888da4d79f0da831b8,buy,0x8f3470a7388c05ee4e7af3d01d8c722b0ff52374,0x33816fbfddda86efd9b4055bc0890eaad2fbae43f8f6a1d46c3750b76e1b33cf
78,101,16.2008141,0xfe988cd30fa97f5422f5a4ae50eafa6271cd2417,2017-11-02T10:16:46.000Z,0.1604041,0xb934fffc360c8f8c92f9133e6fc45b419e1bf611,sell,0x8f3470a7388c05ee4e7af3d01d8c722b0ff52374,0xab7c2e20f5feb0d474e862331da7ceb9293f564979fc5651145a70fb6a6d0d47
79,31.027,4.9767308,0x025a98c045141136fd3e1643fd85a8dd8d11a4cc,2017-11-02T10:16:06.000Z,0.1604,0xb934fffc360c8f8c92f9133e6fc45b419e1bf611,sell,0x8f3470a7388c05ee4e7af3d01d8c722b0ff52374,0x2ac669078349f9420a8000416c40c9b65e9525d558814462b132c36f0937d1b9
80,1,0.16574472925325348,0x4df3719de66c9aba4d295498beb6fcd5ce58d50c,2017-11-02T10:07:42.000Z,0.16574472925325348,0xdc67e92e594a5bcadc8c0e888da4d79f0da831b8,buy,0x8f3470a7388c05ee4e7af3d01d8c722b0ff52374,0xd208a478e7b22d244c3bc3dd66fe358430e1ff0501bacb9365f96fc3a41729f2
81,2.5,0.40625,0x8e27de63f8f5a6ad4ac919abf2bccfec22f0f86f,2017-11-02T10:07:42.000Z,0.1625,0x39dc3f7adc8cad2b03c831c7771a25d4fb99021e,sell,0x8f3470a7388c05ee4e7af3d01d8c722b0ff52374,0x68c66deee7dbb7df71bd65b5b083f95e78e6980b2393e01eab331baaefa64732
82,25.16,4.0885,0x4e3c3fbc1764332ebaf15ac9765c57680676313e,2017-11-02T09:59:01.000Z,0.1625,0x39dc3f7adc8cad2b03c831c7771a25d4fb99021e,sell,0x8f3470a7388c05ee4e7af3d01d8c722b0ff52374,0x6b5100c28c17532de4b307359aa75beb92465606669a95ce92fe3c43af03704c
83,3.06,0.499239,0x65f403f5ce12908bfa7d8089f54f097e8b686fae,2017-11-02T09:57:26.000Z,0.16315,0x39dc3f7adc8cad2b03c831c7771a25d4fb99021e,sell,0x8f3470a7388c05ee4e7af3d01d8c722b0ff52374,0xdda188592078a5239e9802d9c98839b6239554ccaabb3ac78b2f258c4b965362
84,0.5,0.08446999999995,0x62f91c944c8ea3eed07935bb926eccf5d4a460de,2017-11-02T09:55:24.000Z,0.1689399999999,0x772d794f6c4f60ef72990c0b760526c7623b4cdf,buy,0x8f3470a7388c05ee4e7af3d01d8c722b0ff52374,0x4c353a4decc356c5bacf53d6e309229d5aab796ca841dda60dbecd07ca1d977d
85,1.9,0.3118023424,0x4af4776414ba3eabfc02f82d122c9c3284add147,2017-11-02T09:54:04.000Z,0.164106496,0xbfb0914f92c40e90459d7ac5a808a3de2e70fefb,sell,0x8f3470a7388c05ee4e7af3d01d8c722b0ff52374,0x19ef5ec5e10210bb8702e754c35d26ec1dfdf7b1cd6f49454e809d1adf6d4d1e
86,0.554,0.090091480554,0x0c5719fba3a34b524ae668cb51c5e2ce0e1ead14,2017-11-02T09:54:04.000Z,0.162620001,0xbfb0914f92c40e90459d7ac5a808a3de2e70fefb,sell,0x8f3470a7388c05ee4e7af3d01d8c722b0ff52374,0x487b994d0fd9c4c881e2a950bfe01f5a4ccfa514d115d14b40d20c113a22bd91
87,15,2.439300015,0xaddb9a10d92ba4e366f392a7c158f370f68b4d8f,2017-11-02T09:53:43.000Z,0.162620001,0xbfb0914f92c40e90459d7ac5a808a3de2e70fefb,sell,0x8f3470a7388c05ee4e7af3d01d8c722b0ff52374,0xb2853b166e1fe80051212165aa5693d853d90dde3c1968b4d8db6c0c220363fd
88,9,1.467,0x9c9ba4d8a3bd599746a9950037230d8a94c6c49b,2017-11-02T09:53:43.000Z,0.163,0xbfb0914f92c40e90459d7ac5a808a3de2e70fefb,sell,0x8f3470a7388c05ee4e7af3d01d8c722b0ff52374,0x72cae0ae420617736e07a5d708e7d477db778681b17d4fe2a847fbc325e15efd
89,0.439,0.07290759029313246,0x470fda24a45a9a1568dacc6a68ab43bc3b724cfe,2017-11-02T09:52:41.000Z,0.16607651547410585,0x9d95f9370bf497704c7b17685877d90f065eab33,buy,0x8f3470a7388c05ee4e7af3d01d8c722b0ff52374,0xdffee39a4978f1bcfee07ee81ee7d9933217bcd80f52143ac7f6cf895c614824
90,8.819747,1.458979,0x9c9ba4d8a3bd599746a9950037230d8a94c6c49b,2017-11-02T09:52:13.000Z,0.1654218652757273,0xdc67e92e594a5bcadc8c0e888da4d79f0da831b8,buy,0x8f3470a7388c05ee4e7af3d01d8c722b0ff52374,0xed04dfd57a55f174796cd4d853a9fed69647e00d3fdcd92757160ee563118e66
91,9.070537,1.5,0x9c9ba4d8a3bd599746a9950037230d8a94c6c49b,2017-11-02T09:50:49.000Z,0.16537058390258483,0xdc67e92e594a5bcadc8c0e888da4d79f0da831b8,buy,0x8f3470a7388c05ee4e7af3d01d8c722b0ff52374,0x339b6b4aa45b1a7caae78204b409c899976f1e2c7c322eb300926c97264c1e8f
92,0.451705,0.075,0x470fda24a45a9a1568dacc6a68ab43bc3b724cfe,2017-11-02T09:50:49.000Z,0.1660375687672264,0x9d95f9370bf497704c7b17685877d90f065eab33,buy,0x8f3470a7388c05ee4e7af3d01d8c722b0ff52374,0x29d2709a4aa7d9e1047a4217a04fc116aae817e1aefa106defb15e962883e7cc
93,3.096,0.5111169372,0x9c9ba4d8a3bd599746a9950037230d8a94c6c49b,2017-11-02T09:50:26.000Z,0.16508945,0x65f403f5ce12908bfa7d8089f54f097e8b686fae,buy,0x8f3470a7388c05ee4e7af3d01d8c722b0ff52374,0x907d113d638099461fbe268cc1b1c54f673fc145fd91dda2038fa8cf5f00343b
94,0.6528395316739644,0.10713520794491477,0x470fda24a45a9a1568dacc6a68ab43bc3b724cfe,2017-11-02T09:48:51.000Z,0.16410649592589213,0xdc67e92e594a5bcadc8c0e888da4d79f0da831b8,buy,0x8f3470a7388c05ee4e7af3d01d8c722b0ff52374,0xedaf4e630d7761e3eba00ce987d9ebeb23df15630f22dfa1ce37da20052e8790
95,1,0.175,0x470fda24a45a9a1568dacc6a68ab43bc3b724cfe,2017-11-02T09:46:35.000Z,0.175,0xde6f411e90c05f4b249683c6bc63737a3b482356,buy,0x8f3470a7388c05ee4e7af3d01d8c722b0ff52374,0x90d2dc02f38fc8083e46b402f282c3e39b5aebe564a8c7219855b39d891d10fd
96,2.3939624683260354,0.39286479205508523,0x72c7c99e6e9db5bc915d2fccbb6102ed3e120f96,2017-11-02T09:38:14.000Z,0.16410649592589213,0xdc67e92e594a5bcadc8c0e888da4d79f0da831b8,buy,0x8f3470a7388c05ee4e7af3d01d8c722b0ff52374,0x9f6e83df47c88006ffdca73f678a8b6d9eead8656ce681b1112902c160c27747
97,10,1.6,0xb6c553357ed055f89c0137a36a16aadcae48be28,2017-11-02T09:38:14.000Z,0.16,0xe46b7e9ae4bc293a888f0aea28810709e9a34dfc,sell,0x8f3470a7388c05ee4e7af3d01d8c722b0ff52374,0x3b695ca920cb021a3bf02f71a9da0e234fc40a3c12e0581136d403e6eec0a415
98,14.213,2.330932,0x3c061fd649c23213726d6c90649cc3fe91eb1713,2017-11-02T09:30:31.000Z,0.164,0xe46b7e9ae4bc293a888f0aea28810709e9a34dfc,sell,0x8f3470a7388c05ee4e7af3d01d8c722b0ff52374,0x70107565a198f38530b73de0d2fdb365f08014cf91237a474f665bfbe3f836f0
99,3.04,0.50005568,0x65f403f5ce12908bfa7d8089f54f097e8b686fae,2017-11-02T09:29:44.000Z,0.164492,0xe46b7e9ae4bc293a888f0aea28810709e9a34dfc,sell,0x8f3470a7388c05ee4e7af3d01d8c722b0ff52374,0xe6da017db5a4080192608717f75f08d0b9ce8534f94ec0075ede81a7cf343d15
100,0.32152782759204046,0.05431891119336716,0xfc73413d8dcc28d271cde376835edf6690fa91a8,2017-11-02T09:26:09.000Z,0.1689399999999,0x772d794f6c4f60ef72990c0b760526c7623b4cdf,buy,0x8f3470a7388c05ee4e7af3d01d8c722b0ff52374,0x01bc07c67e434f730009bc87aefe6ff6687fd42280e53743ccd7a41649f9e328
101,70.373,11.2878292,0x025a98c045141136fd3e1643fd85a8dd8d11a4cc,2017-11-02T09:25:55.000Z,0.1604,0xe46b7e9ae4bc293a888f0aea28810709e9a34dfc,sell,0x8f3470a7388c05ee4e7af3d01d8c722b0ff52374,0xca0b80e312ba2a65c04092abe0dd019f3c3cdf03acfd8855a8882865608d6400
102,3.041,0.4999698994829962,0xdc67e92e594a5bcadc8c0e888da4d79f0da831b8,2017-11-02T09:18:09.000Z,0.16440970058631904,0xe300b3909aad54fd05e919e39f402c842e0037d3,sell,0x8f3470a7388c05ee4e7af3d01d8c722b0ff52374,0x4c4c6176e6fb494517e588c00fb3dc22a5ed6e7b50e35b39e243faf120c6580c
103,2.1,0.35477399999979,0xfc73413d8dcc28d271cde376835edf6690fa91a8,2017-11-02T09:02:01.000Z,0.1689399999999,0x772d794f6c4f60ef72990c0b760526c7623b4cdf,buy,0x8f3470a7388c05ee4e7af3d01d8c722b0ff52374,0xc05cef8e0672283c89ea6142c2ab9b913306cb825f0c3c76158aea99aa8405d3
104,6,1.0136399999994,0x53dffaa9d9f4fe2fe8a23956566fbebf1f858338,2017-11-02T08:48:18.000Z,0.1689399999999,0x772d794f6c4f60ef72990c0b760526c7623b4cdf,buy,0x8f3470a7388c05ee4e7af3d01d8c722b0ff52374,0x3e03452f9cdb87a4e6ad2e3ec007b46b12771d3b7eb344632b7f3bbd819a9420
105,1.632695,0.275141,0x603e61082b584467fe5a252e93a27797e8c0d53d,2017-11-02T08:32:10.000Z,0.16851953365447925,0xdc67e92e594a5bcadc8c0e888da4d79f0da831b8,buy,0x8f3470a7388c05ee4e7af3d01d8c722b0ff52374,0xc67b29557f87c784abe42c65917954f8d0640ea709b782c5e483a7f9d14abb24
106,1.632695,0.275141,0x603e61082b584467fe5a252e93a27797e8c0d53d,2017-11-02T08:31:50.000Z,0.16851953365447925,0xdc67e92e594a5bcadc8c0e888da4d79f0da831b8,buy,0x8f3470a7388c05ee4e7af3d01d8c722b0ff52374,0xc67b29557f87c784abe42c65917954f8d0640ea709b782c5e483a7f9d14abb24
107,3.054642,0.499999,0xdc67e92e594a5bcadc8c0e888da4d79f0da831b8,2017-11-02T08:20:24.000Z,0.16368497519512926,0xe300b3909aad54fd05e919e39f402c842e0037d3,sell,0x8f3470a7388c05ee4e7af3d01d8c722b0ff52374,0x256afe3676f2d4f88b0f4935096b63c0ce4fe6ddfd55258192de190a66764934
108,29.627,4.977336,0x1dd0f266f8668950c5ebc175ddd21430d22261ea,2017-11-02T08:02:18.000Z,0.168,0x025a98c045141136fd3e1643fd85a8dd8d11a4cc,buy,0x8f3470a7388c05ee4e7af3d01d8c722b0ff52374,0x2b4ede4da95b9c0634f39810d39ca80e26bd17be84d26bf97dcbf9b0d7095177
109,2.039,0.33541822326055465,0x1dd0f266f8668950c5ebc175ddd21430d22261ea,2017-11-02T08:02:18.000Z,0.16450133558634364,0xdc67e92e594a5bcadc8c0e888da4d79f0da831b8,buy,0x8f3470a7388c05ee4e7af3d01d8c722b0ff52374,0x6d232c45621d27004d5189704abef25f0d75ecbe74656aeeba08b204bf32db39
110,1,0.16450133558634364,0x91a135428469f4a9ddea9022fd90ad076a102317,2017-11-02T07:52:47.000Z,0.16450133558634364,0xdc67e92e594a5bcadc8c0e888da4d79f0da831b8,buy,0x8f3470a7388c05ee4e7af3d01d8c722b0ff52374,0xdda751a369130e31ef0b4a6d7b5c3333f19dfe5c2967d89aa301de89c93804da
111,10,1.6894,0xf9f017395399daca9842d30a84ab58f076ee9434,2017-11-02T07:43:15.000Z,0.16894,0x142e562c31941d170bac90debb01149b0944d336,buy,0x8f3470a7388c05ee4e7af3d01d8c722b0ff52374,0x065c6e637c25b48506fea995898836e553c21163998475e1a5a4af4021e36c90
112,29.626775771629234,4.752134833769329,0x025a98c045141136fd3e1643fd85a8dd8d11a4cc,2017-11-02T07:38:41.000Z,0.1604,0x9b70ec3ef44e88e66e53d0587cc0778f2fc98947,sell,0x8f3470a7388c05ee4e7af3d01d8c722b0ff52374,0x53368485b8fad22fadbfd7aebe6c966ae2f93ed2979c69184710f09c70938051
113,25.842,4.147666842,0x2d9fc233902ee67bb6d36f14286949e667b87fb3,2017-11-02T07:36:31.000Z,0.160501,0x9b70ec3ef44e88e66e53d0587cc0778f2fc98947,sell,0x8f3470a7388c05ee4e7af3d01d8c722b0ff52374,0xf8059b475ebdcdf036ee63930aa463bd2fc6ee9da3900a28a5fcb9d86064ebea
114,21.536,3.4999490197167336,0xdc67e92e594a5bcadc8c0e888da4d79f0da831b8,2017-11-02T07:36:27.000Z,0.16251620633900138,0x9b70ec3ef44e88e66e53d0587cc0778f2fc98947,sell,0x8f3470a7388c05ee4e7af3d01d8c722b0ff52374,0x0f01a27519f22be0e2786b21f80180049f60f03aae3b4107a2997ea806a1eb20
115,25.486,4.141475,0x9e7b1efe243ee2e2747364e7d5152a4056d649e0,2017-11-02T07:36:27.000Z,0.1625,0x9b70ec3ef44e88e66e53d0587cc0778f2fc98947,sell,0x8f3470a7388c05ee4e7af3d01d8c722b0ff52374,0x1e06fc2375ec0b556c44f37e3a68dda9cbc3fa062fe199aa0a452a47f96a6ce8
116,6.138506,1,0xdc67e92e594a5bcadc8c0e888da4d79f0da831b8,2017-11-02T07:36:08.000Z,0.16290608822407276,0x9b70ec3ef44e88e66e53d0587cc0778f2fc98947,sell,0x8f3470a7388c05ee4e7af3d01d8c722b0ff52374,0x561e28500e218d8fc9e99adba9b233f8c200603ba90ef9e8f11378cdadee36da
117,9.207749,1.499999,0xdc67e92e594a5bcadc8c0e888da4d79f0da831b8,2017-11-02T07:36:08.000Z,0.162906156542712,0x9b70ec3ef44e88e66e53d0587cc0778f2fc98947,sell,0x8f3470a7388c05ee4e7af3d01d8c722b0ff52374,0xe6164fba3682067b93ee22277c942fb76a945ab0eb4fb745f46688b87676c68e
118,3.5,0.595,0x7caf20ab0842bd81a438e7640bca1fdc01bc1d37,2017-11-02T07:16:52.000Z,0.17,0x24bd88ad1773b1768edc916d3e6adde400851880,buy,0x8f3470a7388c05ee4e7af3d01d8c722b0ff52374,0x6fd84677efb9950aa4d71928f5461e8fd337881dee74415b684c71c9df974262
119,4.999999999997676,0.849999999999605,0x7caf20ab0842bd81a438e7640bca1fdc01bc1d37,2017-11-02T07:16:52.000Z,0.17,0x9a06fbfff4fc2a339927c1cbbde1a1fc23ce3c27,buy,0x8f3470a7388c05ee4e7af3d01d8c722b0ff52374,0x63452ac2cbf26baa78944c2db229f7fa86c18d8f997c503866277d90e0c21944
120,10,1.689499999,0x00dfd41164697f420639626e2ec2d775d5646b2a,2017-11-02T06:59:15.000Z,0.1689499999,0x12e455c7f385003332e661b8d17070c8b347cf4c,buy,0x8f3470a7388c05ee4e7af3d01d8c722b0ff52374,0x62f28c7e960df3c8ff9e066e52cb34a9eb949e49e8ad5cb653fcc2a42eb7e8e6
121,0.000000000002323994,0.000000000000395079,0x7caf20ab0842bd81a438e7640bca1fdc01bc1d37,2017-11-02T06:58:36.000Z,0.1700000086058742,0x9a06fbfff4fc2a339927c1cbbde1a1fc23ce3c27,buy,0x8f3470a7388c05ee4e7af3d01d8c722b0ff52374,0x10de761611b11c0c218f1f59198f28a86eb0af4e731b9d95be484f96b0cb87f1
122,4.136546355355188,0.6983435899382189,0x7d110cea600dc3f3a11a46e055c95709b47a260a,2017-11-02T06:39:04.000Z,0.1688228608955731,0xdc67e92e594a5bcadc8c0e888da4d79f0da831b8,buy,0x8f3470a7388c05ee4e7af3d01d8c722b0ff52374,0xca23f07cb6265b77a35e32c4bddcc40f419faa857554eb6bedc5277566f31292
123,0.206,0.034585339794,0x7d110cea600dc3f3a11a46e055c95709b47a260a,2017-11-02T06:37:08.000Z,0.167889999,0x7d5b2752828ebd48b5626fd20916feaa382ddb76,buy,0x8f3470a7388c05ee4e7af3d01d8c722b0ff52374,0x755dc24758ff71e92eeb27cdb11e3ac8280c717fb9f384c93a80156ece7f7e35
124,2.35,0.39454149765,0xf66bc1b6521953a77cda307926a41ee3a268a08d,2017-11-02T06:31:31.000Z,0.167889999,0x7d5b2752828ebd48b5626fd20916feaa382ddb76,buy,0x8f3470a7388c05ee4e7af3d01d8c722b0ff52374,0xa212934ef5f70f433f6ddf6cba9cb3e65d6346ec082b3855002eb5e2ed555080
125,2.928,0.48721835522365836,0x7d110cea600dc3f3a11a46e055c95709b47a260a,2017-11-02T06:28:29.000Z,0.16639971148348986,0xdc67e92e594a5bcadc8c0e888da4d79f0da831b8,buy,0x8f3470a7388c05ee4e7af3d01d8c722b0ff52374,0x3f1d2ce0e52c93af5b252759b0e3f1066e443ec2f348bf3c9a1a9bdb5d851ef8
126,1.5047691778129308,0.39876383212042665,0x7caf20ab0842bd81a438e7640bca1fdc01bc1d37,2017-11-02T06:27:45.000Z,0.265,0xa4ec514fdf64ba16a58079d44de8ec2d39028e74,buy,0x8f3470a7388c05ee4e7af3d01d8c722b0ff52374,0xc6b190fe6063d632768773a3fc83f60b513b6af31fb48b1f902efa2a695ff36e
127,2.889,0.47410371223627173,0x7d110cea600dc3f3a11a46e055c95709b47a260a,2017-11-02T06:23:44.000Z,0.16410651167749107,0xdc67e92e594a5bcadc8c0e888da4d79f0da831b8,buy,0x8f3470a7388c05ee4e7af3d01d8c722b0ff52374,0x2e61020a2427f3b464be59fa9da13e7519333d76bf85d556d02314328e090fa5
128,6,1.005,0x7d110cea600dc3f3a11a46e055c95709b47a260a,2017-11-02T06:22:09.000Z,0.1675,0xde6f411e90c05f4b249683c6bc63737a3b482356,buy,0x8f3470a7388c05ee4e7af3d01d8c722b0ff52374,0x962256704afc458ecf03d1f3b283836435af29c2db064ee773c42495d87b5137
129,8.006803,1.326028,0x7d110cea600dc3f3a11a46e055c95709b47a260a,2017-11-02T06:21:25.000Z,0.16561266712819087,0xdc67e92e594a5bcadc8c0e888da4d79f0da831b8,buy,0x8f3470a7388c05ee4e7af3d01d8c722b0ff52374,0x1817f6983a54ef762b666c05a5abdc6d8a03e0f8b2394d87f3c94f066ee5727d
130,2.966954,0.486897,0x7d110cea600dc3f3a11a46e055c95709b47a260a,2017-11-02T06:21:22.000Z,0.16410668989138355,0xdc67e92e594a5bcadc8c0e888da4d79f0da831b8,buy,0x8f3470a7388c05ee4e7af3d01d8c722b0ff52374,0xaeabf755b2fd639d139f3b33e550fce3a433d0a508875e10c42a6cda85b59a3d
131,2.887,0.473775630565584,0x7d110cea600dc3f3a11a46e055c95709b47a260a,2017-11-02T06:20:36.000Z,0.16410655717547074,0xdc67e92e594a5bcadc8c0e888da4d79f0da831b8,buy,0x8f3470a7388c05ee4e7af3d01d8c722b0ff52374,0x20969370795de4e0bdaec67e62ca1b4fcf03b748c8b35dc4af3aa3f9bf702fe6
132,2.96491,0.486561,0x7d110cea600dc3f3a11a46e055c95709b47a260a,2017-11-02T06:18:35.000Z,0.16410649901683355,0xdc67e92e594a5bcadc8c0e888da4d79f0da831b8,buy,0x8f3470a7388c05ee4e7af3d01d8c722b0ff52374,0x72815778893fad5d4b65e0267250263636405fc4e71583644b2ecba0997e2c62
133,0.005999999999999995,0.000984638975555352,0x25aa82ff554f0e1bc3545c617c22f59d987ceedd,2017-11-02T06:01:26.000Z,0.16410649592589213,0xdc67e92e594a5bcadc8c0e888da4d79f0da831b8,buy,0x8f3470a7388c05ee4e7af3d01d8c722b0ff52374,0xb290fbe71054a92caa5770c85dbcf953ae436207e0d956b1f1f37a7b1dc92f9c
134,2.994478903685846,0.49069917915482514,0x25aa82ff554f0e1bc3545c617c22f59d987ceedd,2017-11-02T05:57:01.000Z,0.16386797,0x65f403f5ce12908bfa7d8089f54f097e8b686fae,buy,0x8f3470a7388c05ee4e7af3d01d8c722b0ff52374,0x1b598f61670e26f98366f7f2903d32d023103ee8982a8e4a197e1b6253c7467f
135,6.953,1.1420005871788943,0x2eca325cd988ba152ac8d38936761429a089bdb2,2017-11-02T05:54:40.000Z,0.1642457338097072,0xdc67e92e594a5bcadc8c0e888da4d79f0da831b8,buy,0x8f3470a7388c05ee4e7af3d01d8c722b0ff52374,0x14a5db6b8d1dd499b87e20d3924d18ab13dd0aa4f2e6479762c616ab79f4f8e8
136,3.046802,0.5,0x2eca325cd988ba152ac8d38936761429a089bdb2,2017-11-02T05:49:38.000Z,0.16410649592589213,0xdc67e92e594a5bcadc8c0e888da4d79f0da831b8,buy,0x8f3470a7388c05ee4e7af3d01d8c722b0ff52374,0x000755930daa3248c0d69f732dcc2b1015ec54b1b9964f9e8286103ca1d67f56
137,0.00625872413019489,0.00100453148162041,0x2d9fc233902ee67bb6d36f14286949e667b87fb3,2017-11-02T05:35:13.000Z,0.160501,0xe655000fcc1d9692488dcde817db0d1fc7a6d825,sell,0x8f3470a7388c05ee4e7af3d01d8c722b0ff52374,0xc34d1547c6eb1f753580097033504abc116b24f8355f959a33e4b76544b3646d
138,62.781261749984935,10.076455292134332,0x2d9fc233902ee67bb6d36f14286949e667b87fb3,2017-11-02T05:34:48.000Z,0.160501,0xe655000fcc1d9692488dcde817db0d1fc7a6d825,sell,0x8f3470a7388c05ee4e7af3d01d8c722b0ff52374,0x57d51ad7676bc019f30f911da9252784f5194bc63616eb483aabfefb69aeb7cc
139,2.6,0.42302,0x7d5b2752828ebd48b5626fd20916feaa382ddb76,2017-11-02T05:33:35.000Z,0.1627,0xe655000fcc1d9692488dcde817db0d1fc7a6d825,sell,0x8f3470a7388c05ee4e7af3d01d8c722b0ff52374,0x85f1b47ec84ec31c9656ff3a2c6bab4a54a97d0c299ba61fa5d7379ead477e61
140,0.3897078924553912,0.06371724041645646,0xd4bc530d9d35ce015d8bafe1ce175954e71b177a,2017-11-02T05:33:35.000Z,0.1635,0xe655000fcc1d9692488dcde817db0d1fc7a6d825,sell,0x8f3470a7388c05ee4e7af3d01d8c722b0ff52374,0x55f33dfb683db296e490fa5c02f0a14a3d0eca2b207a340cdb9ce8f5eb6338d5
141,1.446,0.235148521446,0x0c5719fba3a34b524ae668cb51c5e2ce0e1ead14,2017-11-02T05:33:35.000Z,0.162620001,0xe655000fcc1d9692488dcde817db0d1fc7a6d825,sell,0x8f3470a7388c05ee4e7af3d01d8c722b0ff52374,0x2f748c610b664b00a4f5c9aec380bef8bc528994137ae9000f4908d810b174f0
142,2.5,0.4225,0xf66bc1b6521953a77cda307926a41ee3a268a08d,2017-11-02T05:30:14.000Z,0.169,0x8e27de63f8f5a6ad4ac919abf2bccfec22f0f86f,buy,0x8f3470a7388c05ee4e7af3d01d8c722b0ff52374,0x496673d005a49d7501e2ad0cf67930ef796acb9f10990afeefef8c5d32aae80b
143,6.089,0.99135684879,0xe4e0fb3615ea3326a7f33244e52bdbc31962c45b,2017-11-02T05:29:24.000Z,0.16281111,0xe655000fcc1d9692488dcde817db0d1fc7a6d825,sell,0x8f3470a7388c05ee4e7af3d01d8c722b0ff52374,0x97cd12abbdc87f5001d16c14801dba188c4aaf6f8e1d1e6c3344cd6136ad99ef
144,0.14899464184142686,0.02413713197831115,0x8d3e88ac5b683121983436b68f51d6239f0ae206,2017-11-02T05:29:10.000Z,0.162,0xe655000fcc1d9692488dcde817db0d1fc7a6d825,sell,0x8f3470a7388c05ee4e7af3d01d8c722b0ff52374,0x7054d8397e8cf227a58456ec89b4c914d1550593931016937257fd8cf7a1e434
145,10.8,1.763964,0x009ccc3c83b114ddbcb08cf36431b4c5cd3d0105,2017-11-02T05:29:10.000Z,0.16333,0xe655000fcc1d9692488dcde817db0d1fc7a6d825,sell,0x8f3470a7388c05ee4e7af3d01d8c722b0ff52374,0x114336ff1e3c83c4302772463b48c4eb719c27c9947906cc450c889480d39afe
146,1.3737717913164502,0.2211911348708126,0x725c09b566746a8e0f6327b557c54bbcfc18da90,2017-11-02T05:29:10.000Z,0.161010101,0xe655000fcc1d9692488dcde817db0d1fc7a6d825,sell,0x8f3470a7388c05ee4e7af3d01d8c722b0ff52374,0xaf7074075bc9d7161763f5380430d7626977b935ee892012e5b0087277c50f72
147,4.64,0.74472015312,0x1face558e1aa21ec4baae03826fba9e39c67a9d7,2017-11-02T05:28:51.000Z,0.160500033,0xe655000fcc1d9692488dcde817db0d1fc7a6d825,sell,0x8f3470a7388c05ee4e7af3d01d8c722b0ff52374,0x2b1b5af2d774d0036241dd8fc8062ced6252d413297bd3c43e8726c3828a6deb
148,30.94553,4.999999,0xdc67e92e594a5bcadc8c0e888da4d79f0da831b8,2017-11-02T05:28:31.000Z,0.1615741918138096,0xe655000fcc1d9692488dcde817db0d1fc7a6d825,sell,0x8f3470a7388c05ee4e7af3d01d8c722b0ff52374,0x00983349133af233f4629987010556e2538811ecc95a5c51ce27af2e802d57f2
149,7.9,1.2679500079,0xe300b3909aad54fd05e919e39f402c842e0037d3,2017-11-02T05:28:31.000Z,0.160500001,0xe655000fcc1d9692488dcde817db0d1fc7a6d825,sell,0x8f3470a7388c05ee4e7af3d01d8c722b0ff52374,0x9ae88d02d8cde8551c97e495aa5b5339635b63f47d43f2e9ac69e6b87869be09
150,8.5,1.38805,0x72c7c99e6e9db5bc915d2fccbb6102ed3e120f96,2017-11-02T05:28:11.000Z,0.1633,0xe655000fcc1d9692488dcde817db0d1fc7a6d825,sell,0x8f3470a7388c05ee4e7af3d01d8c722b0ff52374,0x9eb7a87e1df894ddfc81c8fbd5666fc9d542d7fce0b07f5d4f048d948001f6ef
151,15,2.445,0x49bdcd3c6bf1cd80a8192b914f35b2efbeda2797,2017-11-02T05:27:58.000Z,0.163,0xe655000fcc1d9692488dcde817db0d1fc7a6d825,sell,0x8f3470a7388c05ee4e7af3d01d8c722b0ff52374,0x2c83bf4c2176cba422ddb7974a9a45d400688e9791ad6f72d2ad321af89ea789
152,9.209,1.4999367808827997,0xdc67e92e594a5bcadc8c0e888da4d79f0da831b8,2017-11-02T05:27:58.000Z,0.16287727015775869,0xe655000fcc1d9692488dcde817db0d1fc7a6d825,sell,0x8f3470a7388c05ee4e7af3d01d8c722b0ff52374,0xab41863e8e861e094627c0398733064acb0cff6d8f0dd19fd6562a6d28c94acf
153,3.05,0.499850226,0x65f403f5ce12908bfa7d8089f54f097e8b686fae,2017-11-02T05:27:47.000Z,0.16388532,0xe655000fcc1d9692488dcde817db0d1fc7a6d825,sell,0x8f3470a7388c05ee4e7af3d01d8c722b0ff52374,0x2077820207f95031efd38071b66d2d103a8ab27fdd1fbc70069c1f1e330c8c01
154,1.571,0.257644,0x5f2ce35dca6626c5c934fed00b0c1986156ee9ff,2017-11-02T05:27:21.000Z,0.164,0xe655000fcc1d9692488dcde817db0d1fc7a6d825,sell,0x8f3470a7388c05ee4e7af3d01d8c722b0ff52374,0x03231dcb2323c30101e87cfb7e8f2a6360b1cc9a3516ec24fda3a5f993da9385
155,1.166,0.19170166927513238,0xdc67e92e594a5bcadc8c0e888da4d79f0da831b8,2017-11-02T05:27:02.000Z,0.16440966490148576,0xe655000fcc1d9692488dcde817db0d1fc7a6d825,sell,0x8f3470a7388c05ee4e7af3d01d8c722b0ff52374,0xfa9fbfbb4075552d2a902b2593f4dc3d46dbaf4ba9692ffa8626d489b78e3c5c
156,1.875,0.30826818859934824,0xdc67e92e594a5bcadc8c0e888da4d79f0da831b8,2017-11-02T05:26:43.000Z,0.16440970058631904,0xe655000fcc1d9692488dcde817db0d1fc7a6d825,sell,0x8f3470a7388c05ee4e7af3d01d8c722b0ff52374,0xdb3fd6eca1951681604a299eb02d5be71b6c6de57b0614680389e2f53c16044e
157,1.166063204067391,0.1917121022454436,0xdc67e92e594a5bcadc8c0e888da4d79f0da831b8,2017-11-02T05:18:30.000Z,0.16440970058631904,0x89d400d2268df5f9e4590c632f407bda11fab028,sell,0x8f3470a7388c05ee4e7af3d01d8c722b0ff52374,0xab847d2ee4fd9e16af4c8e0010a2e97706c96721148903a5c5256e5e984a7b97
158,5,0.84475,0x696075779f312f6fb0d6921a144d5300c01aad10,2017-11-02T05:14:58.000Z,0.16895,0xd848d35ea908828d1a064a7c0bb2aebb8486da57,buy,0x8f3470a7388c05ee4e7af3d01d8c722b0ff52374,0x7e3c7b3c009342cbc3ad8aaa64624cfae1baed33d3072593d5bda12cf58bbc87
159,1,0.16895,0xf95816351cdbf7a7e2f6df6e4bd92ce124defad4,2017-11-02T05:13:30.000Z,0.16895,0xd848d35ea908828d1a064a7c0bb2aebb8486da57,buy,0x8f3470a7388c05ee4e7af3d01d8c722b0ff52374,0xb96e5dfec4455874084e850c8e7daa8e5974fc0383cdb2a6f13c9e456ef83840
160,3.033,0.49999834058906617,0xdc67e92e594a5bcadc8c0e888da4d79f0da831b8,2017-11-02T05:13:30.000Z,0.164852733461611,0x89d400d2268df5f9e4590c632f407bda11fab028,sell,0x8f3470a7388c05ee4e7af3d01d8c722b0ff52374,0x2766d19d9b262b3d6c7c9078ce7bb10e4f674c97fdb9499738f892c8d414f9ba
161,11.701,1.97688395,0x0bbb26e2dd5061011e73f7d76b7f5118800f3822,2017-11-02T05:11:21.000Z,0.16895,0x89d400d2268df5f9e4590c632f407bda11fab028,sell,0x8f3470a7388c05ee4e7af3d01d8c722b0ff52374,0xf760f8192c4de08375f372aeadd370aac0c5307da288fb88f250ac620516215c
162,4,0.66,0xd203bf9704607c00dd1e1cab809ad1796f9cacbb,2017-11-02T05:10:45.000Z,0.165,0x89d400d2268df5f9e4590c632f407bda11fab028,sell,0x8f3470a7388c05ee4e7af3d01d8c722b0ff52374,0x5df9d3ba65505f6b59368d53ec7118443e8a7c0b8ea9a42165c6a8023ce813b3
163,0.04,0.006628,0x8746f30b3bc330660dc7ebe8b2812ff27768a1ea,2017-11-02T05:08:39.000Z,0.1657,0x89d400d2268df5f9e4590c632f407bda11fab028,sell,0x8f3470a7388c05ee4e7af3d01d8c722b0ff52374,0x8dade8deb75e2b9a37659313d4cfc73bf304d9348e05b8a4dff84e46866025b6
164,1,0.168,0xf95816351cdbf7a7e2f6df6e4bd92ce124defad4,2017-11-02T05:07:56.000Z,0.168,0x28a47ccdead30e29c9a85ed800288bc0acefd5af,buy,0x8f3470a7388c05ee4e7af3d01d8c722b0ff52374,0x59780504770693a8e9abcce792ab51a5307cb56d7b84eb3a1ba9bbe0749b479c
165,11.075849398456988,1.8552047742415456,0x08b074cd15b344a92867bbcb57c99241350ca31f,2017-11-02T04:54:18.000Z,0.1675,0x4efe6ba701387e4fc923eaed6700a9a3c4932db7,buy,0x8f3470a7388c05ee4e7af3d01d8c722b0ff52374,0x93e6482463334a50b19b6b34d7c657e302e1cbc68c9a9c8308bd258eb6f7ef7d
166,0.5,0.08375,0x3153b0e03e7544e72250188b06979f1a97a188d2,2017-11-02T04:52:43.000Z,0.1675,0x4efe6ba701387e4fc923eaed6700a9a3c4932db7,buy,0x8f3470a7388c05ee4e7af3d01d8c722b0ff52374,0x713b7767550bf501d6a93c4711ef87818c1d5e8b5c5ccab10bb5478da365daf6
167,5.249150601543011,0.8792327257584543,0xeea6fd6c2ee143f8a8d68132571d1e472d5dd9a3,2017-11-02T04:51:14.000Z,0.1675,0x4efe6ba701387e4fc923eaed6700a9a3c4932db7,buy,0x8f3470a7388c05ee4e7af3d01d8c722b0ff52374,0x67c5d5ecbaa0d2c13c31ae8b00046838716db6b870b64b544a691886ce375b6e
168,1.798,0.301165,0xa3baeed79a12473dd7752088f72b0f8782139e0f,2017-11-02T04:46:57.000Z,0.1675,0x4efe6ba701387e4fc923eaed6700a9a3c4932db7,buy,0x8f3470a7388c05ee4e7af3d01d8c722b0ff52374,0x3223f9b9316d9ef1cffdb3896c4c5d01ac4c82d1669f986054e73ae6333fd45b
169,0.068,0.01138592,0x3153b0e03e7544e72250188b06979f1a97a188d2,2017-11-02T04:45:37.000Z,0.16744,0x48af8000c9d156ac7156c4b27313bbfee6a647aa,buy,0x8f3470a7388c05ee4e7af3d01d8c722b0ff52374,0x4fba7101853933558e969c03dce9db9ca1d6290c0de9b2f6521e13f77be24542
170,10,1.675,0xdac59ec90895d084616b779f2dc305a137476a03,2017-11-02T04:43:40.000Z,0.1675,0x4efe6ba701387e4fc923eaed6700a9a3c4932db7,buy,0x8f3470a7388c05ee4e7af3d01d8c722b0ff52374,0x84130b252f3f802f44b2c6392ea9b4380006252d510d454dc76f7780601dc193
171,18.892926146046943,3.1218671163727967,0xeea6fd6c2ee143f8a8d68132571d1e472d5dd9a3,2017-11-02T04:42:38.000Z,0.16524,0xba91a364ccd677ac72c1fe9844579f6eeadf5526,sell,0x8f3470a7388c05ee4e7af3d01d8c722b0ff52374,0xddb7043a30b62d42411511ca35aaa3f164b17fbb79591cf844331e26e22002e3
172,0.36105373342637825,0.059659940566754194,0xdc67e92e594a5bcadc8c0e888da4d79f0da831b8,2017-11-02T04:23:26.000Z,0.16523839817576444,0xd33047e125a4d7db70b532dee53b4e1f0b9fe457,sell,0x8f3470a7388c05ee4e7af3d01d8c722b0ff52374,0x49b5abdee8c5a333643ad53c99accec59dba517e19e54344710abab6487436d1
173,6.8,1.1100707975330728,0xdc67e92e594a5bcadc8c0e888da4d79f0da831b8,2017-11-02T04:21:33.000Z,0.16324570551956952,0xd5636c9afc4891d4692c51c5a2da341c7f651bde,sell,0x8f3470a7388c05ee4e7af3d01d8c722b0ff52374,0x0fd9fd4364bf9c7157e19a70d2cf24bef505e7f5eb48488f3a88a9a47ba8636f
174,10.59419438437903,1.7737859657765809,0x0b11fc733c413dfa8556312d4075f2aa68b90963,2017-11-02T04:18:56.000Z,0.16743,0xba91a364ccd677ac72c1fe9844579f6eeadf5526,buy,0x8f3470a7388c05ee4e7af3d01d8c722b0ff52374,0x0c766541ac16cdd10b14a3c7d58cf4d7f34854a9d57d63a81fafaaee2ee2751b
175,0.000255045880059215,0.000042704882157115,0x0b11fc733c413dfa8556312d4075f2aa68b90963,2017-11-02T04:16:49.000Z,0.16744000000000017,0x48af8000c9d156ac7156c4b27313bbfee6a647aa,buy,0x8f3470a7388c05ee4e7af3d01d8c722b0ff52374,0x35d49e8fcb9df5d117090e0d626558986e52c8ddd8dfa670da66e759191ef21f
176,2,0.3304,0x0f14eb10781dd16241fb94f2f32adedd02dcd670,2017-11-02T04:16:49.000Z,0.1652,0xd33047e125a4d7db70b532dee53b4e1f0b9fe457,sell,0x8f3470a7388c05ee4e7af3d01d8c722b0ff52374,0xf5f9b3f53bd2d9e655e7710599469dd2f28a6a851a5ca07f9eef74ae59d8a64f
177,0.000000000000493849,0.00000000000008205,0xdc67e92e594a5bcadc8c0e888da4d79f0da831b8,2017-11-02T04:09:57.000Z,0.1661439022859214,0xa044722e5a0d8f3eca182ed1e2e0f099692fd14e,sell,0x8f3470a7388c05ee4e7af3d01d8c722b0ff52374,0xc4184f863001bd5f27da47a880cc7cfcf1707709024195e3d784ffda0fd53f04
178,2.1,0.34902,0x8746f30b3bc330660dc7ebe8b2812ff27768a1ea,2017-11-02T04:07:07.000Z,0.1662,0xd33047e125a4d7db70b532dee53b4e1f0b9fe457,sell,0x8f3470a7388c05ee4e7af3d01d8c722b0ff52374,0xef482b27df48dbb88efd6d18faad7121ae9cc019cd82d8cfae200dee6b9b6146
179,3.009,0.49992921925155015,0xdc67e92e594a5bcadc8c0e888da4d79f0da831b8,2017-11-02T04:07:07.000Z,0.166144639166351,0xd33047e125a4d7db70b532dee53b4e1f0b9fe457,sell,0x8f3470a7388c05ee4e7af3d01d8c722b0ff52374,0x72434a871d271e5d1194f4e983a30b10542f11935e1f6098bfc0f39c76782c8a
180,2.5,0.4175,0x822bd88928ec1db8aed7f3e0030e7feae97d2aaf,2017-11-02T04:04:56.000Z,0.167,0xd33047e125a4d7db70b532dee53b4e1f0b9fe457,sell,0x8f3470a7388c05ee4e7af3d01d8c722b0ff52374,0x6ac1eda90928c2b55979e3134a6ebb10cea3116d4748cf043d64e948552ea5f1
181,2.4,0.402,0xc390daf1fbaffbbd0aa159c3fbbe77a5ca759b0e,2017-11-02T03:54:09.000Z,0.1675,0x4efe6ba701387e4fc923eaed6700a9a3c4932db7,buy,0x8f3470a7388c05ee4e7af3d01d8c722b0ff52374,0x9d210b71e50db60db3ad4e580ec4ab9b753118037c6506a2402441b8c1780e84
182,37,6.1975,0x1437ffcb7d51ead3cfc6e0ecfefec253e86e85df,2017-11-02T03:54:09.000Z,0.1675,0x4efe6ba701387e4fc923eaed6700a9a3c4932db7,buy,0x8f3470a7388c05ee4e7af3d01d8c722b0ff52374,0x76e24127e3e0535bdfae412bd95692115c5d5fdeb5f0118325cc653bd58eca6e
183,10,1.675,0x7ff6dade60b697ef9fb6249196f75812b7d26ba2,2017-11-02T03:10:11.000Z,0.1675,0x4efe6ba701387e4fc923eaed6700a9a3c4932db7,buy,0x8f3470a7388c05ee4e7af3d01d8c722b0ff52374,0x171771be0b999ee9299b513d2498e5ca1259b66eea62ff13946af74f5e575c72
184,6.999,1.273818,0x900eebfa7764bbd2db234dcc16aac5c3d8dbbfd9,2017-11-02T02:52:04.000Z,0.182,0x3c0e781116e7ebcfcee0955f314bdac09bf1813d,buy,0x8f3470a7388c05ee4e7af3d01d8c722b0ff52374,0x68014c3df93445f63b26c384e543db7a39a8abb9d7254295184e1ec0514cae6f
185,5,1.2,0x900eebfa7764bbd2db234dcc16aac5c3d8dbbfd9,2017-11-02T02:50:59.000Z,0.24,0xd1f11d67e38ceb03f5e06c5e114cc533b9370a19,buy,0x8f3470a7388c05ee4e7af3d01d8c722b0ff52374,0x0238089cbbfabd57fd138574ad6d33a22067c83bfe6eba9030303f7251464305
186,1.001,0.1676675,0x252cab09c07fe1c621fbe81b1623bd07ab87e14d,2017-11-02T02:47:43.000Z,0.1675,0x4efe6ba701387e4fc923eaed6700a9a3c4932db7,buy,0x8f3470a7388c05ee4e7af3d01d8c722b0ff52374,0x5c0bd2b25de0322b70a96a89596f186c7caa5b462534ecf48d5901486a55f260
187,6,1.005,0xc1a2ca4ed47285ed018856eb474312279a63341e,2017-11-02T02:46:55.000Z,0.1675,0x4efe6ba701387e4fc923eaed6700a9a3c4932db7,buy,0x8f3470a7388c05ee4e7af3d01d8c722b0ff52374,0x6aeb56d7b433730796af64de1d4368d278a472c272eefc7d1e48503795d93a1a
188,2,0.334,0x56795205d90ed2141c490a027d1874f2bff4aa86,2017-11-02T02:46:00.000Z,0.167,0xb417fc8781bfd509b91c6360493535512b133481,buy,0x8f3470a7388c05ee4e7af3d01d8c722b0ff52374,0x5152113be862d79de10c37e532b58ce9b4182fa0a939888740a7b0ce0e3df858
189,161.0752921075446,26.335810259583543,0xd4bc530d9d35ce015d8bafe1ce175954e71b177a,2017-11-02T02:44:15.000Z,0.1635,0xcea2d69a39485a84436cb245e0890e18fefe2801,sell,0x8f3470a7388c05ee4e7af3d01d8c722b0ff52374,0x049efa8a5231f3038b8aefe9eaccace0f558796379e9b55f2109c22b4bf4147e
190,25,4.2,0x071fd0e441ea09c1ae46bb30deb242078acb694c,2017-11-02T02:42:54.000Z,0.168,0x1f22b9a1346ff129c014e4601e06155f5a47ec88,buy,0x8f3470a7388c05ee4e7af3d01d8c722b0ff52374,0x7480666bc78c574172d2c775fd3e78321ec71e4ca2385ccd4467eb2915da8f01
191,10,1.7,0xcea2d69a39485a84436cb245e0890e18fefe2801,2017-11-02T02:42:36.000Z,0.17,0x9a06fbfff4fc2a339927c1cbbde1a1fc23ce3c27,buy,0x8f3470a7388c05ee4e7af3d01d8c722b0ff52374,0x1e0246cfb2201876dc2fa7c587594e0189822b0e4d2ab0b741f9fa4b70c1720f
192,5,0.85,0xcea2d69a39485a84436cb245e0890e18fefe2801,2017-11-02T02:42:15.000Z,0.17,0x9a06fbfff4fc2a339927c1cbbde1a1fc23ce3c27,buy,0x8f3470a7388c05ee4e7af3d01d8c722b0ff52374,0x9cca736a967f5b881e71439a03eba5c04a3662d151c3593c72ddeda1521af165
193,81.877,13.7389524123,0x071fd0e441ea09c1ae46bb30deb242078acb694c,2017-11-02T02:41:20.000Z,0.1677999,0xfe988cd30fa97f5422f5a4ae50eafa6271cd2417,buy,0x8f3470a7388c05ee4e7af3d01d8c722b0ff52374,0xd0d1f2e27e2e25c2ba77b79cf4dfb45eb3725fb15c44eda641036e6774c21c10
194,1.534,0.2566382,0x724ff85cb0a7130e2d3d451a48ceb6dae442553c,2017-11-02T02:38:53.000Z,0.1673,0xa61e6cc4ba59492b4295182e3ea66bc3a1823652,buy,0x8f3470a7388c05ee4e7af3d01d8c722b0ff52374,0xe2603b8bbff2ecc58002a6919e63a47d3f5abb1de4ed0b065b00f248aff09e83
195,8.931462013863092,1.4954839996012361,0x6ec772d289e48e99f73ee3113223ea00d8d54c12,2017-11-02T02:38:53.000Z,0.16744,0x48af8000c9d156ac7156c4b27313bbfee6a647aa,buy,0x8f3470a7388c05ee4e7af3d01d8c722b0ff52374,0x5f2db168bdeb205f50ad14365a763411f74d3181eabcaebd931cd919207902b6
196,2.842946,0.4752860552315936,0x724ff85cb0a7130e2d3d451a48ceb6dae442553c,2017-11-02T02:38:20.000Z,0.16718082412806773,0xdc67e92e594a5bcadc8c0e888da4d79f0da831b8,buy,0x8f3470a7388c05ee4e7af3d01d8c722b0ff52374,0xc72f60182b50705d9dea9648a88abd142c800192b528b7646f5df2ded616ab49
197,6.620860355793509,1.107669937524254,0x0d22ce04fac178d8a98823aaad0ccb357041c288,2017-11-02T02:36:01.000Z,0.1673,0xa61e6cc4ba59492b4295182e3ea66bc3a1823652,buy,0x8f3470a7388c05ee4e7af3d01d8c722b0ff52374,0x3aecfe9b3dacf1db4d96168f9ae9281064e532e061a9fb72a4666c5b90a071fd
198,6,1.0030849447684063,0x1af66be36d03ef8de197ab144be6f8f5ec19f0f5,2017-11-02T02:36:01.000Z,0.16718082412806773,0xdc67e92e594a5bcadc8c0e888da4d79f0da831b8,buy,0x8f3470a7388c05ee4e7af3d01d8c722b0ff52374,0x792a6987ba9568acdfcbd23c0892e33f1076087c9a46fd48e0af37df4f2f79d1
199,2.927,0.48653866586959305,0x0d22ce04fac178d8a98823aaad0ccb357041c288,2017-11-02T02:34:55.000Z,0.16622434775182543,0xdc67e92e594a5bcadc8c0e888da4d79f0da831b8,buy,0x8f3470a7388c05ee4e7af3d01d8c722b0ff52374,0x2bfe423f89acb77df697bee59e19b31c148a643e1c99ef7c5569f8e833b75db5
200,2.933,0.48666759082384203,0x0d22ce04fac178d8a98823aaad0ccb357041c288,2017-11-02T02:31:35.000Z,0.16592826144692874,0xdc67e92e594a5bcadc8c0e888da4d79f0da831b8,buy,0x8f3470a7388c05ee4e7af3d01d8c722b0ff52374,0xbab9709221dabe68ef19e20d2afa7ea239eae3206ac449cb30ce0853d98e6abe
201,0.0000000083928486,0.000000001379042382,0x65f403f5ce12908bfa7d8089f54f097e8b686fae,2017-11-02T02:31:33.000Z,0.16431159999716902,0x83c8a38c497721e6262bc365a2a967697837cb99,sell,0x8f3470a7388c05ee4e7af3d01d8c722b0ff52374,0xfc41b88c379f7e325fbec06b9e0e816ee7956531cdd83b01f26da9bfe2f427bf
202,2.939644,0.486346,0x56795205d90ed2141c490a027d1874f2bff4aa86,2017-11-02T02:31:22.000Z,0.16544384285988373,0xdc67e92e594a5bcadc8c0e888da4d79f0da831b8,buy,0x8f3470a7388c05ee4e7af3d01d8c722b0ff52374,0x006fdfecd79a05aa71bfb7389b58c15037a9d92dd56d6a30691cdafd83ccad1c
203,2.0126724412302903,0.3326051803681579,0x17e5ffd62fac2a0bdad0301fcf958254aa7f3f9c,2017-11-02T02:28:26.000Z,0.16525549491046126,0xdc67e92e594a5bcadc8c0e888da4d79f0da831b8,buy,0x8f3470a7388c05ee4e7af3d01d8c722b0ff52374,0xd89720f386d6a809d897916b333dec704f056e3bd515d64c894ecaad5002f8ca
204,1.0099158113357027,0.16851962205684826,0xeb2e038e97e7b0d67f0574172f80b1b434081a87,2017-11-02T02:24:22.000Z,0.16686502,0x0c8a9ea8a3844253eceb6a0301d7901119a6da8d,sell,0x8f3470a7388c05ee4e7af3d01d8c722b0ff52374,0xb371f7786c7fecf9c5547a0a691a8c4193cc56a14064e217d4c550476c1a0f36
205,1.0129455587697098,0.16739481963184213,0x0c8a9ea8a3844253eceb6a0301d7901119a6da8d,2017-11-02T02:24:22.000Z,0.16525549491046126,0xdc67e92e594a5bcadc8c0e888da4d79f0da831b8,buy,0x8f3470a7388c05ee4e7af3d01d8c722b0ff52374,0xb371f7786c7fecf9c5547a0a691a8c4193cc56a14064e217d4c550476c1a0f36
206,0.000084188664297252,0.000014048143151734,0xeb2e038e97e7b0d67f0574172f80b1b434081a87,2017-11-02T02:23:24.000Z,0.16686501999999714,0x83c8a38c497721e6262bc365a2a967697837cb99,sell,0x8f3470a7388c05ee4e7af3d01d8c722b0ff52374,0xf98486cc35650541fbfe5b2fe56fb12002796f90479c0e456f30205f4d73474e
207,2.03,0.3387359906,0x17e5ffd62fac2a0bdad0301fcf958254aa7f3f9c,2017-11-02T02:21:15.000Z,0.16686502,0x65f403f5ce12908bfa7d8089f54f097e8b686fae,buy,0x8f3470a7388c05ee4e7af3d01d8c722b0ff52374,0xa2d3962287dc385393cf8d1dd76b74fc8e9fa3d24200c515a25a588cee92a7bb
208,1.105,0.1845232015347416,0x47970c3c863e03a49a4a3f28fa6e95e679099051,2017-11-02T02:05:45.000Z,0.16698932265587477,0xdc67e92e594a5bcadc8c0e888da4d79f0da831b8,buy,0x8f3470a7388c05ee4e7af3d01d8c722b0ff52374,0x4a9b3a34dccb2eea52ce0a82eda0dd15228530e193ef51e46fbc63a7ec5420e9
209,0.040873323505822005,0.006654631169371971,0xe4e0fb3615ea3326a7f33244e52bdbc31962c45b,2017-11-02T02:01:31.000Z,0.16281110999999998,0x83c8a38c497721e6262bc365a2a967697837cb99,sell,0x8f3470a7388c05ee4e7af3d01d8c722b0ff52374,0xcbe7a6e84f0e4d656c2259743775ef845db1ef7773db3912b799e090aaec18bb
210,1,0.1631,0xb417fc8781bfd509b91c6360493535512b133481,2017-11-02T01:56:38.000Z,0.1631,0x83c8a38c497721e6262bc365a2a967697837cb99,sell,0x8f3470a7388c05ee4e7af3d01d8c722b0ff52374,0x7bfa9835a5d76c14afdb6e5553c59456870dce009244299ab1e95a24fd811882
211,1,0.16661048,0xfff899ad2829495f6d2a0a2a401c357ca5cb37ca,2017-11-02T01:53:56.000Z,0.16661048,0x65f403f5ce12908bfa7d8089f54f097e8b686fae,buy,0x8f3470a7388c05ee4e7af3d01d8c722b0ff52374,0xbdd3abe27c51b286939e8d9e0d2498b73259df5c2a2f49063bf3f14355a3f94c
212,1,0.1631,0xb417fc8781bfd509b91c6360493535512b133481,2017-11-02T01:44:39.000Z,0.1631,0x1981765200d3fd2c9f7f643256213b5556629374,sell,0x8f3470a7388c05ee4e7af3d01d8c722b0ff52374,0x85e500c6b429478445976b4a9da97f07b85788ecf5c6ee8f5fef94fb51ea24bf
213,0.802,0.131943436802,0xe2f8a2be286fdc7d299def7e44fab8a55aab5771,2017-11-02T01:35:43.000Z,0.164518001,0xba91a364ccd677ac72c1fe9844579f6eeadf5526,sell,0x8f3470a7388c05ee4e7af3d01d8c722b0ff52374,0x018c0b776631dac31dd197270e1015e920277998556d77e98a70b0d1fa9d6661
214,3.067,0.4999592249589534,0xdc67e92e594a5bcadc8c0e888da4d79f0da831b8,2017-11-02T01:34:02.000Z,0.16301246330582111,0xba91a364ccd677ac72c1fe9844579f6eeadf5526,sell,0x8f3470a7388c05ee4e7af3d01d8c722b0ff52374,0x4543c753aa612479e481240f2ce7883588a25d81b00db3fc5f18b9c896ed0d42
215,1.25,0.20678545405468907,0x1f09bb1bcf9a48c7df27925b10f96705c6f0e7ed,2017-11-02T01:31:27.000Z,0.16542836324375126,0xdc67e92e594a5bcadc8c0e888da4d79f0da831b8,buy,0x8f3470a7388c05ee4e7af3d01d8c722b0ff52374,0x7d8c9e4b72044f4ec130392306e93654c2315f01fb9e9e9b6dca669a9c4cc4bc
216,5,0.82385,0xf08a1feffe696494e56b9cb10dcf4bde353ce2f2,2017-11-02T01:30:45.000Z,0.16477,0x9611396465bf810ec022c1c3374d8ef714729b02,sell,0x8f3470a7388c05ee4e7af3d01d8c722b0ff52374,0xdfe8180182dacd051e942bd73e2e4f23041044975ecd0e15815cfbc2b205b112
217,17.219,2.8394131,0xa03984ae8ef729d5d648fc3c81be391bd81ec631,2017-11-02T01:23:59.000Z,0.1649,0x72acecb820193cd31c15defb4ab8c7d49364d0a6,buy,0x8f3470a7388c05ee4e7af3d01d8c722b0ff52374,0xcd430f28c4e17ccb673d6ac73d6652c6d02ce030e6698a27d03ee7226bbb4abb
218,5.560932057634347,0.9169976963039038,0xe70a443b193f5e82f4f8775004c5bf8d1bfdce54,2017-11-02T01:19:32.000Z,0.1649,0x72acecb820193cd31c15defb4ab8c7d49364d0a6,buy,0x8f3470a7388c05ee4e7af3d01d8c722b0ff52374,0x67f39cd93b14c7877d28990975ff0249eb63625d11746df9d88931d54d5e0923
219,1.22,0.201178,0x4a2ece1f61457765fcc8b49c3e5969969680b588,2017-11-02T01:14:05.000Z,0.1649,0x72acecb820193cd31c15defb4ab8c7d49364d0a6,buy,0x8f3470a7388c05ee4e7af3d01d8c722b0ff52374,0xbf97b7c5219a2c739a47edccc4c123e3606d1d18dfecb3bbfa1bd2fe75890603
220,3.033,0.4999401654203602,0x4a2ece1f61457765fcc8b49c3e5969969680b588,2017-11-02T01:12:34.000Z,0.164833552726792,0xdc67e92e594a5bcadc8c0e888da4d79f0da831b8,buy,0x8f3470a7388c05ee4e7af3d01d8c722b0ff52374,0xa83e032080f5bc127b126bff5c58c906b8e4f2be2f6bfddf3c456a1946a87c41
221,3.03,0.5001517677,0x65f403f5ce12908bfa7d8089f54f097e8b686fae,2017-11-02T01:09:12.000Z,0.16506659,0x5f2ce35dca6626c5c934fed00b0c1986156ee9ff,sell,0x8f3470a7388c05ee4e7af3d01d8c722b0ff52374,0x97b03d8f415b3a4e880c8d10a2a8cef9068bc35bc1cc19a5f87f36437e4a3f7c
222,10,1.658,0xd7a2a9f5bc6acd0962636a253ea87760c1037c41,2017-11-02T01:08:40.000Z,0.1658,0x5f2ce35dca6626c5c934fed00b0c1986156ee9ff,sell,0x8f3470a7388c05ee4e7af3d01d8c722b0ff52374,0x6317a75aa2aea79ad33eecd0c334ed16ef9f3d4378fabba52dc6ed98a582b3a5
223,2.931611,0.486247,0x4a2ece1f61457765fcc8b49c3e5969969680b588,2017-11-02T01:02:51.000Z,0.1658634109368535,0xdc67e92e594a5bcadc8c0e888da4d79f0da831b8,buy,0x8f3470a7388c05ee4e7af3d01d8c722b0ff52374,0x2e1d677f86c98d1e20dfabf49c78b03725c81989e071113de0d96914f3453f3d
224,2.501,0.4146658,0x9db81f3235c5e3823547178165a24f1d81fa5cb3,2017-11-02T01:02:12.000Z,0.1658,0x7d5b2752828ebd48b5626fd20916feaa382ddb76,buy,0x8f3470a7388c05ee4e7af3d01d8c722b0ff52374,0xef24e74a227f3d090ff5693fc21cc8c7f8e8780b92f0a5008b9ddab426b56c68
225,0.054979581484516725,0.009115614610132872,0x4a2ece1f61457765fcc8b49c3e5969969680b588,2017-11-02T00:59:07.000Z,0.1658,0x7d5b2752828ebd48b5626fd20916feaa382ddb76,buy,0x8f3470a7388c05ee4e7af3d01d8c722b0ff52374,0xb396f7a1c4e42de1307f274641bc924c4c3a0debdb7f9af5eaa128b4d1bd5c39
226,49.845479565924855,8.074967689679827,0x8d3e88ac5b683121983436b68f51d6239f0ae206,2017-11-02T00:51:09.000Z,0.162,0xe4d8fcea65998de4ebff6faf94c5c327fdbbf403,sell,0x8f3470a7388c05ee4e7af3d01d8c722b0ff52374,0x023475d27929c35ce58e366d1a877043d9197e27f18048609eb26112d02d7cdd
227,0.005525792233716835,0.000895178341862127,0x8d3e88ac5b683121983436b68f51d6239f0ae206,2017-11-02T00:44:32.000Z,0.16199999999999995,0xe4d8fcea65998de4ebff6faf94c5c327fdbbf403,sell,0x8f3470a7388c05ee4e7af3d01d8c722b0ff52374,0xd9175bba365fa12b2e848736bfcf126d4f15607a0882082081c4a30779a8cdb8
228,24.594634,4.000003,0xdc67e92e594a5bcadc8c0e888da4d79f0da831b8,2017-11-02T00:18:46.000Z,0.1626372240383817,0x9611396465bf810ec022c1c3374d8ef714729b02,sell,0x8f3470a7388c05ee4e7af3d01d8c722b0ff52374,0xdaff47a4796c6ec7b0b6dbc0187967fd553ba70c94899904d7c644844a5eb8ac
229,3.031602,0.499999,0xdc67e92e594a5bcadc8c0e888da4d79f0da831b8,2017-11-02T00:13:14.000Z,0.16492897154705663,0x9b18747483a874444fa254430d3d19c231049ec7,sell,0x8f3470a7388c05ee4e7af3d01d8c722b0ff52374,0x143c5c0af0cc5c4ae95e606e2975ec846efed3b667d675c8fef06fee490198fc
230,3.031602,0.499999,0xdc67e92e594a5bcadc8c0e888da4d79f0da831b8,2017-11-02T00:10:47.000Z,0.16492897154705663,0x9b18747483a874444fa254430d3d19c231049ec7,sell,0x8f3470a7388c05ee4e7af3d01d8c722b0ff52374,0x3f5fda681cae8415198a7b7c9e5e72340cb0c2f9222a0b9a8697bd5d6e2752c0
231,3.031602,0.499999,0xdc67e92e594a5bcadc8c0e888da4d79f0da831b8,2017-11-02T00:09:22.000Z,0.16492897154705663,0x9b18747483a874444fa254430d3d19c231049ec7,sell,0x8f3470a7388c05ee4e7af3d01d8c722b0ff52374,0xf1baa893b2082d5e8cfc05d1efc7148021b7b1249446b6e2e0bf10056273d1ac
232,3.031602,0.499999,0xdc67e92e594a5bcadc8c0e888da4d79f0da831b8,2017-11-02T00:07:15.000Z,0.16492897154705663,0x9b18747483a874444fa254430d3d19c231049ec7,sell,0x8f3470a7388c05ee4e7af3d01d8c722b0ff52374,0xc23c75fb9a2746ae4d849d1e2b3207fdb9a4db568ca7605b27d761ae3b5ff090
233,5.941597329454397,0.9969994377227148,0xc934f76a669bce96395e4c881be4c960061ee9c3,2017-11-01T23:59:56.000Z,0.1677999,0xfe988cd30fa97f5422f5a4ae50eafa6271cd2417,buy,0x8f3470a7388c05ee4e7af3d01d8c722b0ff52374,0xbb05235973a91a4e57d4997ba6418b28e1acdb86f983cb13d0b0db5e01e7826e
234,3.101,0.52586758,0xedacaa3c3fec7d612d24a3e84dcdb5e9bc90f68a,2017-11-01T23:50:46.000Z,0.16958,0x933153cb57b715907aa041ad25ffc343bbf657c2,buy,0x8f3470a7388c05ee4e7af3d01d8c722b0ff52374,0x3e4a6e627fa215d14f03b4b73863729997fa47cbd2cecd846393919308d01410
235,3.006868,0.5,0xedacaa3c3fec7d612d24a3e84dcdb5e9bc90f68a,2017-11-01T23:49:02.000Z,0.16628598262377997,0xdc67e92e594a5bcadc8c0e888da4d79f0da831b8,buy,0x8f3470a7388c05ee4e7af3d01d8c722b0ff52374,0x6a508ff1dbd161045b711b1b44249967c6e1d5521be7e31204c29a852ce5fa3c
236,3.06,0.511157088,0xedacaa3c3fec7d612d24a3e84dcdb5e9bc90f68a,2017-11-01T23:46:38.000Z,0.1670448,0x65f403f5ce12908bfa7d8089f54f097e8b686fae,buy,0x8f3470a7388c05ee4e7af3d01d8c722b0ff52374,0xadce7773c3af5f12d1221566bd29fd34c4ec5c56e21dcaa5a1bd238ccbe8bbfd
237,3.007,0.49997156796204806,0xedacaa3c3fec7d612d24a3e84dcdb5e9bc90f68a,2017-11-01T23:41:54.000Z,0.1662692277891746,0xdc67e92e594a5bcadc8c0e888da4d79f0da831b8,buy,0x8f3470a7388c05ee4e7af3d01d8c722b0ff52374,0x7e3512eed87b52628c8bbe6941b3dea8cb71557573dd9572d5d7952e116c776f
238,3.007,0.49999950116444847,0xedacaa3c3fec7d612d24a3e84dcdb5e9bc90f68a,2017-11-01T23:41:54.000Z,0.16627851718139292,0xdc67e92e594a5bcadc8c0e888da4d79f0da831b8,buy,0x8f3470a7388c05ee4e7af3d01d8c722b0ff52374,0x88f780636e63a8caa2497b543a49a6f2ab845ad363f414b4af4f6fe1f7f94085
239,3.007,0.49997156796204806,0xedacaa3c3fec7d612d24a3e84dcdb5e9bc90f68a,2017-11-01T23:41:40.000Z,0.1662692277891746,0xdc67e92e594a5bcadc8c0e888da4d79f0da831b8,buy,0x8f3470a7388c05ee4e7af3d01d8c722b0ff52374,0x7e3512eed87b52628c8bbe6941b3dea8cb71557573dd9572d5d7952e116c776f
240,42.53,7.136534,0xedacaa3c3fec7d612d24a3e84dcdb5e9bc90f68a,2017-11-01T23:39:37.000Z,0.1678,0x2d9fc233902ee67bb6d36f14286949e667b87fb3,buy,0x8f3470a7388c05ee4e7af3d01d8c722b0ff52374,0xd878ada0bfe845e538acd8956ac00320b0fdc6c7dc4a3072408ac340e2ed35f8
241,1.1957232567640292,0.19938191606021333,0x71ae9867ffef339e8ec11f2072629dc4ed30259e,2017-11-01T23:30:40.000Z,0.16674587111385464,0xdc67e92e594a5bcadc8c0e888da4d79f0da831b8,buy,0x8f3470a7388c05ee4e7af3d01d8c722b0ff52374,0x5df087c0615ebedbe5720f9ba5cb88d458485b7ee673d752c3e6917067fd80bc
242,1,0.1689,0xb3ddf3a756d4861533a749e67a42765ffcb9c981,2017-11-01T23:20:45.000Z,0.1689,0x18e96886612735f0d509d139f304f108f79bc18c,buy,0x8f3470a7388c05ee4e7af3d01d8c722b0ff52374,0x6aedaddee26c9e2d75375956fef25bce601387f768fc9a51d0077b40e649e009
243,1,0.1679,0xb3ddf3a756d4861533a749e67a42765ffcb9c981,2017-11-01T23:20:14.000Z,0.1679,0x18e96886612735f0d509d139f304f108f79bc18c,buy,0x8f3470a7388c05ee4e7af3d01d8c722b0ff52374,0xa678195889ce70ed372a51b5ca078978c9cf5fb1630e2317deeeed44ffe53a07
244,10.434574346323798,1.6800718693936036,0x725c09b566746a8e0f6327b557c54bbcfc18da90,2017-11-01T23:17:41.000Z,0.161010101,0x9611396465bf810ec022c1c3374d8ef714729b02,sell,0x8f3470a7388c05ee4e7af3d01d8c722b0ff52374,0xbbe36cabd3110ebf1f09ae744e8742c8c03c894c8eed5751077923cf53381030
245,1.028577517274,0.1713610143778484,0xdab2869386b6ec1159cf4d6cde39afa1090c9bc3,2017-11-01T23:10:16.000Z,0.1666,0xa99d3d94e9c7448de1f9d15eb6d22d91f7cc17a5,buy,0x8f3470a7388c05ee4e7af3d01d8c722b0ff52374,0x153dd932694012e6546357af0f113f54d6fcb12ea0970fe24e053b77e61b591e
246,3.6834583321364396,0.6180839397866613,0xf46c00b30b65046650ff4755718a484d78ff7fca,2017-11-01T23:09:22.000Z,0.1677999,0xfe988cd30fa97f5422f5a4ae50eafa6271cd2417,buy,0x8f3470a7388c05ee4e7af3d01d8c722b0ff52374,0x9f56a8277ca10931614c595c6b06bbda3e2171122ac4979dc972d0b1ec2579cb
247,3.013765,0.499999,0xdab2869386b6ec1159cf4d6cde39afa1090c9bc3,2017-11-01T23:09:00.000Z,0.16590510540801953,0xdc67e92e594a5bcadc8c0e888da4d79f0da831b8,buy,0x8f3470a7388c05ee4e7af3d01d8c722b0ff52374,0xaf0482fb950c5f2fd06e51958dc9fac11c990157854d4e8c38565c7840a04568
248,3.008759,0.5,0xdab2869386b6ec1159cf4d6cde39afa1090c9bc3,2017-11-01T23:07:55.000Z,0.16618147216177834,0xdc67e92e594a5bcadc8c0e888da4d79f0da831b8,buy,0x8f3470a7388c05ee4e7af3d01d8c722b0ff52374,0x0304142237a3bc08c91c87eadc893096e81bb4519922a29e9b755f0836d91a49
249,3.022,0.49993680481156916,0xdab2869386b6ec1159cf4d6cde39afa1090c9bc3,2017-11-01T23:06:28.000Z,0.16543243044724326,0xdc67e92e594a5bcadc8c0e888da4d79f0da831b8,buy,0x8f3470a7388c05ee4e7af3d01d8c722b0ff52374,0x5d18e63acde5aac2a387a49e1bd16f8fecbca97bdd7521d5c592c417f1177898
250,5.981653862359752,0.9631066925255838,0x725c09b566746a8e0f6327b557c54bbcfc18da90,2017-11-01T23:04:45.000Z,0.161010101,0x93935ddab6a57286a480a7ce84912bb0503c603c,sell,0x8f3470a7388c05ee4e7af3d01d8c722b0ff52374,0xd029bd257c58f74f828c7026afe05816c7144c7ffd5ef78c490846e9478ec004
251,11.182,1.822666,0xd20eb13ccdd123f09850fb25621888f47beb9fba,2017-11-01T22:51:57.000Z,0.163,0x9611396465bf810ec022c1c3374d8ef714729b02,sell,0x8f3470a7388c05ee4e7af3d01d8c722b0ff52374,0x456f2c5d4a32634a076a3e3526fad3ab2454fe91d51b2259800ea01cb124cf20
252,3.06,0.499311522,0x65f403f5ce12908bfa7d8089f54f097e8b686fae,2017-11-01T22:38:23.000Z,0.1631737,0x9611396465bf810ec022c1c3374d8ef714729b02,sell,0x8f3470a7388c05ee4e7af3d01d8c722b0ff52374,0x274f5be34c0307783a916abe2b2f4c3887d9b08bf415f1b173cf2e1f4b70d703
253,6,0.975822,0xde6f411e90c05f4b249683c6bc63737a3b482356,2017-11-01T22:36:39.000Z,0.162637,0x9611396465bf810ec022c1c3374d8ef714729b02,sell,0x8f3470a7388c05ee4e7af3d01d8c722b0ff52374,0xc1bda0105af905ebe22562e97dd8f2a91f586c6606d23bda5f3fd4235e9f9538
254,1.994806,0.3330442773254762,0xa3baeed79a12473dd7752088f72b0f8782139e0f,2017-11-01T22:35:02.000Z,0.16695572267452383,0xdc67e92e594a5bcadc8c0e888da4d79f0da831b8,buy,0x8f3470a7388c05ee4e7af3d01d8c722b0ff52374,0xa20913721dfe58fb67cf809d07f28229bc745f2ddc5c89625a175db7509745c1
255,1,0.16695572267452383,0xde6f411e90c05f4b249683c6bc63737a3b482356,2017-11-01T22:32:55.000Z,0.16695572267452383,0xdc67e92e594a5bcadc8c0e888da4d79f0da831b8,buy,0x8f3470a7388c05ee4e7af3d01d8c722b0ff52374,0x47e2bd657ca8d53bc1721010a8f928568b7e810da4cf351fc85e45cc82c9df52
256,1.5,0.2515778997429875,0x62e293af7ec2c3ea3d6dcfe6a1618c9219d00312,2017-11-01T22:24:10.000Z,0.16771859982865833,0xdc67e92e594a5bcadc8c0e888da4d79f0da831b8,buy,0x8f3470a7388c05ee4e7af3d01d8c722b0ff52374,0x05a6a594dd467fc1ac77ac5bcf2ce78e0e1be5690d2ae1bc7e21dddf199d3a05
257,3.072,0.4998913035624255,0xdc67e92e594a5bcadc8c0e888da4d79f0da831b8,2017-11-01T22:24:10.000Z,0.16272503371172706,0x9611396465bf810ec022c1c3374d8ef714729b02,sell,0x8f3470a7388c05ee4e7af3d01d8c722b0ff52374,0x6cdfbf0f5d014fc13fe96284dfaded983c149f25ef132207fa88a04b63ba1eff
258,3.067619,0.499952,0xdc67e92e594a5bcadc8c0e888da4d79f0da831b8,2017-11-01T22:22:02.000Z,0.16297721457586486,0xba91a364ccd677ac72c1fe9844579f6eeadf5526,sell,0x8f3470a7388c05ee4e7af3d01d8c722b0ff52374,0xa13011f88eb971092719e26a6c906b74bf3cec558d477c9518e1c890cef3ed80
259,3.09,0.49994981399888166,0xdc67e92e594a5bcadc8c0e888da4d79f0da831b8,2017-11-01T22:18:28.000Z,0.16179605631031768,0x9611396465bf810ec022c1c3374d8ef714729b02,sell,0x8f3470a7388c05ee4e7af3d01d8c722b0ff52374,0xffd10a292a1fdfa71f60df8e4103977bfc179d544ec8cdbcc7ce6a1404537fa4
260,3.006504638735865,0.5082176756255806,0xe17004d06a70d5188cfd75aae16d54b15b208dc8,2017-11-01T22:07:13.000Z,0.16903937851207482,0xdc67e92e594a5bcadc8c0e888da4d79f0da831b8,buy,0x8f3470a7388c05ee4e7af3d01d8c722b0ff52374,0x4e2d518eb6910f134980d41b4fab0cf8a792abe0440369212a9a98521c746756
261,1.6,0.2688,0x69289937c7e821f330816a50401fb8b103e61937,2017-11-01T22:06:58.000Z,0.168,0xba91a364ccd677ac72c1fe9844579f6eeadf5526,sell,0x8f3470a7388c05ee4e7af3d01d8c722b0ff52374,0xf5eaa1b4213c8ca4bfb5d77f847e7b24a929331306078a9b70d0ea6be0fd8e1e
262,0.075,0.012225,0x8e27de63f8f5a6ad4ac919abf2bccfec22f0f86f,2017-11-01T22:05:28.000Z,0.163,0xba91a364ccd677ac72c1fe9844579f6eeadf5526,sell,0x8f3470a7388c05ee4e7af3d01d8c722b0ff52374,0x2075815bd3a6eb3366f0a0d98d300cd9b7cd9f138f461e4139dcbfb50b5566c3
263,2.809,0.47105365387,0xc5ce114707eaa15e5ade4e3da7a7f992fd8d5bbd,2017-11-01T22:05:20.000Z,0.16769443,0x65f403f5ce12908bfa7d8089f54f097e8b686fae,buy,0x8f3470a7388c05ee4e7af3d01d8c722b0ff52374,0x51b7bc5f6378308e06ae677b77289311443109d8de049aba562ab34b0402a592
264,2.996,0.49994576689778314,0xc5ce114707eaa15e5ade4e3da7a7f992fd8d5bbd,2017-11-01T22:04:30.000Z,0.16687108374425338,0xdc67e92e594a5bcadc8c0e888da4d79f0da831b8,buy,0x8f3470a7388c05ee4e7af3d01d8c722b0ff52374,0xe897b372ab837a3b54307b4319b6f5ddd745225bf15e9da12e2665dac027f058
265,2.5,0.4125,0x8e27de63f8f5a6ad4ac919abf2bccfec22f0f86f,2017-11-01T22:03:18.000Z,0.165,0xba91a364ccd677ac72c1fe9844579f6eeadf5526,sell,0x8f3470a7388c05ee4e7af3d01d8c722b0ff52374,0x6ff16e543381b031049ea913e683c4527c78eeb4b2ad2a45f3efd65fe65bef05
266,1,0.1645,0x887919b67a567a7cfd16c86c09fed29219739f39,2017-11-01T22:02:43.000Z,0.1645,0xba91a364ccd677ac72c1fe9844579f6eeadf5526,sell,0x8f3470a7388c05ee4e7af3d01d8c722b0ff52374,0xf5bbaf50907980a455f00acd489f6087fe3e7cbce2c716f6b41f5d07217ed7b2
267,3.103,0.5123053,0x5a92048f775ab3fe9e8da6e6a30f6adb75af544c,2017-11-01T22:01:43.000Z,0.1651,0xba91a364ccd677ac72c1fe9844579f6eeadf5526,sell,0x8f3470a7388c05ee4e7af3d01d8c722b0ff52374,0x266aecd45711da70fe8b6fcea84f1795a5c12df4dc7439eca8eb88d2348dc4a3
268,13.154584787159804,2.139274874679693,0xfe988cd30fa97f5422f5a4ae50eafa6271cd2417,2017-11-01T22:01:05.000Z,0.1626258,0xba91a364ccd677ac72c1fe9844579f6eeadf5526,sell,0x8f3470a7388c05ee4e7af3d01d8c722b0ff52374,0x1b7cf78bcb3cc441fbea74ba9a88e8f4dbe2e9e1d0db158ffe689bee846a9f97
269,0.21053389728871277,0.03530390711227897,0xdc4ac79d3d166cf9c65efc182d72b4f10f8e4229,2017-11-01T21:57:34.000Z,0.16768752,0x65f403f5ce12908bfa7d8089f54f097e8b686fae,buy,0x8f3470a7388c05ee4e7af3d01d8c722b0ff52374,0xf3c7c7a91984faf6cb06516bcc075ab5347bc2086b4b54a2a77e62921c34b34f
270,2.847596,0.473192,0xdc4ac79d3d166cf9c65efc182d72b4f10f8e4229,2017-11-01T21:56:27.000Z,0.16617244861981825,0xdc67e92e594a5bcadc8c0e888da4d79f0da831b8,buy,0x8f3470a7388c05ee4e7af3d01d8c722b0ff52374,0xc0996319f771aabdd55d36e56aad53d33771e2dfe8263f0b3b3fab20692d8b29
271,2.928,0.4861962141022931,0x5a92048f775ab3fe9e8da6e6a30f6adb75af544c,2017-11-01T21:48:44.000Z,0.16605061957045528,0xdc67e92e594a5bcadc8c0e888da4d79f0da831b8,buy,0x8f3470a7388c05ee4e7af3d01d8c722b0ff52374,0x42644ec01a88a6cfa99c9d8de79cd978ccc4a1f5478b9a750a4e1e650f5a08ac
272,2.932,0.48659234040811594,0xc5ce114707eaa15e5ade4e3da7a7f992fd8d5bbd,2017-11-01T21:44:55.000Z,0.16595918840658797,0xdc67e92e594a5bcadc8c0e888da4d79f0da831b8,buy,0x8f3470a7388c05ee4e7af3d01d8c722b0ff52374,0xe31bc96da6e643b22bf8106a2e434a62680eeb2a9b4c99df3a30ab9318475b94
273,10.064830177450343,1.6606969792793065,0xe992fe5238f6f57686c22a0628db5c793414aa68,2017-11-01T21:43:23.000Z,0.165,0x9611396465bf810ec022c1c3374d8ef714729b02,sell,0x8f3470a7388c05ee4e7af3d01d8c722b0ff52374,0x04d887d715430445cc04ac5750f3fa63a3a6cfc39263c43b2c08408f144e418c
274,3.02,0.49919694,0x65f403f5ce12908bfa7d8089f54f097e8b686fae,2017-11-01T21:42:34.000Z,0.165297,0x9611396465bf810ec022c1c3374d8ef714729b02,sell,0x8f3470a7388c05ee4e7af3d01d8c722b0ff52374,0xf641a06abbc956eb4ef0fda34afb96f35b9f06f040fd58228a0455168314045f
275,5,0.8399495,0xf4f3e51276d6f8dcc6c26eda1d2b622759dd4505,2017-11-01T21:42:23.000Z,0.1679899,0xfe988cd30fa97f5422f5a4ae50eafa6271cd2417,buy,0x8f3470a7388c05ee4e7af3d01d8c722b0ff52374,0x24deb2eae9169004e2c5acad5555b331135b6e1059b92e1da40c3952fc391893
276,3.010568,0.5,0xc5ce114707eaa15e5ade4e3da7a7f992fd8d5bbd,2017-11-01T21:42:23.000Z,0.1660816164923031,0xdc67e92e594a5bcadc8c0e888da4d79f0da831b8,buy,0x8f3470a7388c05ee4e7af3d01d8c722b0ff52374,0xa792fe0086879167d6a768434e19f8099a613b1e3e252948e990c7200cf8668f
277,0.86,0.14233,0xc5ce114707eaa15e5ade4e3da7a7f992fd8d5bbd,2017-11-01T21:41:28.000Z,0.1655,0x15ea07ff346d001d6584e5da3d08f5a1ede44cf8,buy,0x8f3470a7388c05ee4e7af3d01d8c722b0ff52374,0x0a856521de96226b322e1b0863b3e334bef487e4cfa5b969fa897ad7913b5a6e
278,5,0.83995,0xf4f3e51276d6f8dcc6c26eda1d2b622759dd4505,2017-11-01T21:36:22.000Z,0.16799,0x2d9fc233902ee67bb6d36f14286949e667b87fb3,buy,0x8f3470a7388c05ee4e7af3d01d8c722b0ff52374,0xc4d6fdd26793e40fd9c3d56a7f92efbae64a56d6f91577bb97eb715b607c5712
279,2.9351698225496574,0.4843030207206935,0xe992fe5238f6f57686c22a0628db5c793414aa68,2017-11-01T21:36:22.000Z,0.165,0x3b617201c4b7ff9603fc7fa21f24252b98d3326f,sell,0x8f3470a7388c05ee4e7af3d01d8c722b0ff52374,0xf00f31888fd363a13ab299726bc6d4fad1dcccb8647bee48d3833f5ff761fbf1
280,75.0454152128402,12.204320685320306,0xfe988cd30fa97f5422f5a4ae50eafa6271cd2417,2017-11-01T21:32:09.000Z,0.1626258,0x9b70ec3ef44e88e66e53d0587cc0778f2fc98947,sell,0x8f3470a7388c05ee4e7af3d01d8c722b0ff52374,0x298b3c16d1f72719d789fe3f56964f5bf26d910b53800821902f17c33203f435
281,9.453,1.5398937,0x812028886f88ef49db5e9982c97c496c8f395bd0,2017-11-01T21:30:44.000Z,0.1629,0x9b70ec3ef44e88e66e53d0587cc0778f2fc98947,sell,0x8f3470a7388c05ee4e7af3d01d8c722b0ff52374,0xfd2beb1837bf37aa4f70a20fdf65b8d1453b479d588c6e426250904f1bc20a09
282,6.08,1.0002208,0x5a92048f775ab3fe9e8da6e6a30f6adb75af544c,2017-11-01T21:30:23.000Z,0.16451,0x9b70ec3ef44e88e66e53d0587cc0778f2fc98947,sell,0x8f3470a7388c05ee4e7af3d01d8c722b0ff52374,0xb8b00bbbd9575aa2da1ce0f201c410ecb31b2947cfd83b13fdf01962df9afab5
283,9.115,1.4999274181649038,0xdc67e92e594a5bcadc8c0e888da4d79f0da831b8,2017-11-01T21:30:23.000Z,0.1645559427498523,0x9b70ec3ef44e88e66e53d0587cc0778f2fc98947,sell,0x8f3470a7388c05ee4e7af3d01d8c722b0ff52374,0x11af043e35dd293b5509fdf0a35fd29160bf2f67bfc961dfe3626228afa912ad
284,3.004717,0.499999,0xdc67e92e594a5bcadc8c0e888da4d79f0da831b8,2017-11-01T21:29:44.000Z,0.1664046896929062,0x3b617201c4b7ff9603fc7fa21f24252b98d3326f,sell,0x8f3470a7388c05ee4e7af3d01d8c722b0ff52374,0xeca29a738ed1f23d4ce469f9c7d1da316c4f3c60cd53179d854fb2476c2022b7
285,98.775,16.7502645,0x963f2e71a399ffc45ae739511bd44e1ad52b611a,2017-11-01T21:25:06.000Z,0.16958,0x933153cb57b715907aa041ad25ffc343bbf657c2,buy,0x8f3470a7388c05ee4e7af3d01d8c722b0ff52374,0x1f7e254ab7390e11514343dcb6a69c0876789d204162673c396adcd89dc7205b
286,3.2,0.531167968,0x273a5d3e6721b9f5c1a6474f560c1334c63dda01,2017-11-01T21:23:31.000Z,0.16598999,0xfe988cd30fa97f5422f5a4ae50eafa6271cd2417,buy,0x8f3470a7388c05ee4e7af3d01d8c722b0ff52374,0x16bd0ad7eb38d5751f7b77cd35523bba5e6732ab682fa9f2caeb0776afeeefdd
287,3.1904,0.541028032,0x158e25df0ee49ce2ccf15fb3f42a0ae6b689afa3,2017-11-01T21:23:31.000Z,0.16958,0x273a5d3e6721b9f5c1a6474f560c1334c63dda01,sell,0x8f3470a7388c05ee4e7af3d01d8c722b0ff52374,0x16bd0ad7eb38d5751f7b77cd35523bba5e6732ab682fa9f2caeb0776afeeefdd
288,5,0.82994995,0xf4f3e51276d6f8dcc6c26eda1d2b622759dd4505,2017-11-01T21:23:31.000Z,0.16598999,0xfe988cd30fa97f5422f5a4ae50eafa6271cd2417,buy,0x8f3470a7388c05ee4e7af3d01d8c722b0ff52374,0xc02c673747196c2cdee9baf5937c8d644da28b0775b8dccb4572d4a9c83357c8
289,64.96698322547716,10.978120825441133,0xdb1c89d71a297fcd5fd2a1110fe5fa871c3f98f0,2017-11-01T21:19:54.000Z,0.16898,0x772d794f6c4f60ef72990c0b760526c7623b4cdf,buy,0x8f3470a7388c05ee4e7af3d01d8c722b0ff52374,0xc58e1d6b5c47cbadd89264c51a0597dbb80a9d3b69eaea3e9be4eb2d359eeb4f
290,16,2.65583984,0x6d4adf728a8bb2c289b72d9a1aafea6bea255b15,2017-11-01T21:13:52.000Z,0.16598999,0xfe988cd30fa97f5422f5a4ae50eafa6271cd2417,buy,0x8f3470a7388c05ee4e7af3d01d8c722b0ff52374,0xb1e1ad07f20bc100013a86c265f6d2ee5db85c1b5e03a5c6d06f53763c611a51
291,6,0.993,0x7eda42318d245e5c1fcd0de46e14f6ceffc62d7d,2017-11-01T21:13:09.000Z,0.1655,0x15ea07ff346d001d6584e5da3d08f5a1ede44cf8,buy,0x8f3470a7388c05ee4e7af3d01d8c722b0ff52374,0x58a3bde5f93ebaeafdd07aa497ca97c38efe80c6d6245b6e845a58652b591702
292,1.214,0.20059430666,0xe17004d06a70d5188cfd75aae16d54b15b208dc8,2017-11-01T21:13:09.000Z,0.16523419,0x65f403f5ce12908bfa7d8089f54f097e8b686fae,buy,0x8f3470a7388c05ee4e7af3d01d8c722b0ff52374,0x6895331351082efbdeeb702b89f17b45f1ab67b4bac88ce2f0aee581fccd094d
293,2,0.33099798,0xb775824a6898addd0d17844a460ccef1309f5dc4,2017-11-01T21:04:31.000Z,0.16549899,0xfe988cd30fa97f5422f5a4ae50eafa6271cd2417,buy,0x8f3470a7388c05ee4e7af3d01d8c722b0ff52374,0x351be2fef3d9e7e7a195b6bb11292464c9d942683ce0ca7c372766d5fbddb361
294,2.928,0.48613909327556365,0x5a2d756f54f8b0cadd5c84b89e4d787ecfa0702b,2017-11-01T21:01:41.000Z,0.16603111109138102,0xdc67e92e594a5bcadc8c0e888da4d79f0da831b8,buy,0x8f3470a7388c05ee4e7af3d01d8c722b0ff52374,0x055b41d0900da39cda056448e93b545c2f54ff5a25e2d6398d4a63382042afe2
295,0.000000000014920217,0.000000000002469281,0x812028886f88ef49db5e9982c97c496c8f395bd0,2017-11-01T20:59:24.000Z,0.16549900045019453,0xfe988cd30fa97f5422f5a4ae50eafa6271cd2417,buy,0x8f3470a7388c05ee4e7af3d01d8c722b0ff52374,0xd4ca30325dab2d70c4888d6ccff6d92b4f37d6ad9558cf1faf7c9e42786de76c
296,0.000000150130110189,0.000000024769357352,0x812028886f88ef49db5e9982c97c496c8f395bd0,2017-11-01T20:55:07.000Z,0.1649859400010941,0x65f403f5ce12908bfa7d8089f54f097e8b686fae,buy,0x8f3470a7388c05ee4e7af3d01d8c722b0ff52374,0x135cd4a9734575f8d65bc68396769cebd30b9294be387b4f8f2269ceb0fcb4fd
297,0.001501286645839228,0.00024846142358688,0x812028886f88ef49db5e9982c97c496c8f395bd0,2017-11-01T20:51:07.000Z,0.16549899000000004,0xfe988cd30fa97f5422f5a4ae50eafa6271cd2417,buy,0x8f3470a7388c05ee4e7af3d01d8c722b0ff52374,0xea7b61d3413fa595a8a281f4ce477d70916034e0d055c525d30d4965a953a612
298,7,1.155,0x5a2d756f54f8b0cadd5c84b89e4d787ecfa0702b,2017-11-01T20:47:56.000Z,0.165,0x9a4cf45a4b422fab87e6a8c98057556a7a7a9dfe,buy,0x8f3470a7388c05ee4e7af3d01d8c722b0ff52374,0x0b280909cc88f73746b04a9b3a3f805ab16d8cf28eca9daf39742111b5e781aa
299,0.669,0.11006238813,0x5a2d756f54f8b0cadd5c84b89e4d787ecfa0702b,2017-11-01T20:47:56.000Z,0.16451777,0x6af25b5d4e4bf0174f591635eca03943ad513a62,buy,0x8f3470a7388c05ee4e7af3d01d8c722b0ff52374,0x170581110bacf4bf2ef0e31d0a08e9b6f81de2f26db0f15350df221f8366d425
300,7,1.155,0x5a2d756f54f8b0cadd5c84b89e4d787ecfa0702b,2017-11-01T20:47:42.000Z,0.165,0x9a4cf45a4b422fab87e6a8c98057556a7a7a9dfe,buy,0x8f3470a7388c05ee4e7af3d01d8c722b0ff52374,0x0b280909cc88f73746b04a9b3a3f805ab16d8cf28eca9daf39742111b5e781aa
301,0.669,0.11006238813,0x5a2d756f54f8b0cadd5c84b89e4d787ecfa0702b,2017-11-01T20:47:42.000Z,0.16451777,0x6af25b5d4e4bf0174f591635eca03943ad513a62,buy,0x8f3470a7388c05ee4e7af3d01d8c722b0ff52374,0x170581110bacf4bf2ef0e31d0a08e9b6f81de2f26db0f15350df221f8366d425
302,0.9590328506686585,0.15666195867246377,0xdc67e92e594a5bcadc8c0e888da4d79f0da831b8,2017-11-01T20:41:19.000Z,0.16335411092877125,0xcdfb3244f20e645777717977ea9e7de427e3be5d,sell,0x8f3470a7388c05ee4e7af3d01d8c722b0ff52374,0xaa95c1a2a3333ea48badcdca99e5d9fb67dd5dc979ddda71f02a16c50857e4ab
303,6,0.98710662,0x6099bc4d1902c45d7f9660305398cd334bdf861b,2017-11-01T20:35:43.000Z,0.16451777,0x6af25b5d4e4bf0174f591635eca03943ad513a62,buy,0x8f3470a7388c05ee4e7af3d01d8c722b0ff52374,0x72375b20bf44660232f2bc1572644a5747b1d99d3a5b49525a3afc7855d1a771
304,0.5,0.08167705546438563,0xdc67e92e594a5bcadc8c0e888da4d79f0da831b8,2017-11-01T20:35:43.000Z,0.16335411092877125,0xd72d8f6e3d20b52993f892d8c443b05b45e654b6,sell,0x8f3470a7388c05ee4e7af3d01d8c722b0ff52374,0xb441187ffa6f42ca052a6334d20b218057a820c8dbc512b1ea3658b649f22848
305,2.725003749332153,0.4471907732897019,0xc3d76023f5429f7e05020713b7782080aa3b5d1e,2017-11-01T20:35:27.000Z,0.16410648,0x65f403f5ce12908bfa7d8089f54f097e8b686fae,buy,0x8f3470a7388c05ee4e7af3d01d8c722b0ff52374,0x1506698038a9124cdc7e88a06a7abc552433d98a0ecbbb502aedd8f76d4bbb51
306,9,1.4547385283553513,0xdc67e92e594a5bcadc8c0e888da4d79f0da831b8,2017-11-01T20:27:27.000Z,0.1616376142617057,0x3b617201c4b7ff9603fc7fa21f24252b98d3326f,sell,0x8f3470a7388c05ee4e7af3d01d8c722b0ff52374,0x6516799a89db145750f756b77d9fa7f1864cb72ac370845c9a49e141d22b2947
307,2.525,0.4143527525,0x7d5b2752828ebd48b5626fd20916feaa382ddb76,2017-11-01T20:27:22.000Z,0.1641001,0xd72d8f6e3d20b52993f892d8c443b05b45e654b6,sell,0x8f3470a7388c05ee4e7af3d01d8c722b0ff52374,0xd08449e0eab756c0b2818fb46695336cabde07f6701a0c03d77272f82ed1005a
308,2,0.3281999998,0xb8aa1af0c69b71e280599fb5d91e0142cd86eddb,2017-11-01T20:26:28.000Z,0.1640999999,0x3b617201c4b7ff9603fc7fa21f24252b98d3326f,sell,0x8f3470a7388c05ee4e7af3d01d8c722b0ff52374,0x245cc479b16f2d3068b674aa8ae0c62b84eb87a60c3e0fc2fce2de54281cdd6a
309,3,0.48578568,0x65f403f5ce12908bfa7d8089f54f097e8b686fae,2017-11-01T20:26:28.000Z,0.16192856,0x3b617201c4b7ff9603fc7fa21f24252b98d3326f,sell,0x8f3470a7388c05ee4e7af3d01d8c722b0ff52374,0xbbda4f5caaf1cec794662579b99e61329098ca449b117bb52068a5136c5f4cd9
310,3.9493988279027716,0.6497462880071777,0x040eade0811ee5d0ae54b9ad658e2d3b1d710c04,2017-11-01T20:21:11.000Z,0.16451777,0x6af25b5d4e4bf0174f591635eca03943ad513a62,buy,0x8f3470a7388c05ee4e7af3d01d8c722b0ff52374,0x91cd865a6d1051c9085cca3d8e1b3cadaf51b67c6f7466210fa16c9d78358dc5
311,1.2606175084122513,0.2073939813069398,0xd4c3a9239408dbcca1ebdafaabfcdc1d4457dc43,2017-11-01T20:16:05.000Z,0.16451777,0x6af25b5d4e4bf0174f591635eca03943ad513a62,buy,0x8f3470a7388c05ee4e7af3d01d8c722b0ff52374,0x9a5f82a87cd2741d87c2e3bf47d10e75c582fe46e46c4f5183fbc325a8332d05
312,1,0.16410648,0xfd35665eac7e399a414e290f8908f54696001c35,2017-11-01T20:12:07.000Z,0.16410648,0x65f403f5ce12908bfa7d8089f54f097e8b686fae,buy,0x8f3470a7388c05ee4e7af3d01d8c722b0ff52374,0x41b1e1857efc5f165d47485c04c1e4b1270aabeaad1f840a7d9d0056e5a74266
313,5,0.827449945,0xc25cb95a525a527e012093126da809361c33bfcf,2017-11-01T19:55:52.000Z,0.165489989,0xfe988cd30fa97f5422f5a4ae50eafa6271cd2417,buy,0x8f3470a7388c05ee4e7af3d01d8c722b0ff52374,0x8e02caa20783c0490199c19dcc99f937e95ea5326413d6e20ad5a8f9e269eead
314,1.118,0.18393086686,0xcd00c05d7756de5e52c70a6fee4cc19cf269cbc1,2017-11-01T19:55:20.000Z,0.16451777,0x6af25b5d4e4bf0174f591635eca03943ad513a62,buy,0x8f3470a7388c05ee4e7af3d01d8c722b0ff52374,0x01b997f7702e0491cbf6c712f297904099fa4d5279dc8266c42ae4ff66fafa40
315,3.045904,0.499999,0xdc67e92e594a5bcadc8c0e888da4d79f0da831b8,2017-11-01T19:51:10.000Z,0.16415454984792693,0x15ea07ff346d001d6584e5da3d08f5a1ede44cf8,sell,0x8f3470a7388c05ee4e7af3d01d8c722b0ff52374,0xfe6e8de05ef798544e5556d4c507cd37184026e7a013dee862c6c4463e7f8779
316,2.0027107047333494,0.3294814990978591,0x79b524bcd2aac68df52ab84184a98c19d0a5ca51,2017-11-01T19:49:51.000Z,0.16451777,0x6af25b5d4e4bf0174f591635eca03943ad513a62,buy,0x8f3470a7388c05ee4e7af3d01d8c722b0ff52374,0xcf08205ca6af2a00d360ecaba0e31bf6e7f718ee075f06451e36f85644384f4c
317,30,4.96469967,0x2b213472563972a1d3415de7ca434ec6014979a7,2017-11-01T19:43:36.000Z,0.165489989,0xfe988cd30fa97f5422f5a4ae50eafa6271cd2417,buy,0x8f3470a7388c05ee4e7af3d01d8c722b0ff52374,0x24d3e4798ec1406ff70fb0993411c5757abd80c9685a09b4df95db4d0485d89c
318,37.010356142969556,6.143349016171516,0x41a55562d3ea66f8ee2d4ecd7500d819a9ff83c5,2017-11-01T19:36:43.000Z,0.16599,0x2d9fc233902ee67bb6d36f14286949e667b87fb3,buy,0x8f3470a7388c05ee4e7af3d01d8c722b0ff52374,0x9bc3055bfc83f38ee0ac4a27dc39ed7460f683cbb5e96f59d3b55e871a1c2694
319,2.882,0.4868559272347296,0xc25cb95a525a527e012093126da809361c33bfcf,2017-11-01T19:36:38.000Z,0.1689298845366862,0xdc67e92e594a5bcadc8c0e888da4d79f0da831b8,buy,0x8f3470a7388c05ee4e7af3d01d8c722b0ff52374,0x343e67e70abb4f9d15db02307825e3175cfa76baaffcbfac28af13a8f7598e9e
320,10,1.6598999,0xf9394642c64dde1b616bd58453bb24f455fc160d,2017-11-01T19:35:15.000Z,0.16598999,0xfe988cd30fa97f5422f5a4ae50eafa6271cd2417,buy,0x8f3470a7388c05ee4e7af3d01d8c722b0ff52374,0x37d3997a1c4784357c6685f7d76afda08624c4d340fd513219c9c3b1b76fbcd7
321,5,0.85,0x7eda42318d245e5c1fcd0de46e14f6ceffc62d7d,2017-11-01T19:29:55.000Z,0.17,0x9a06fbfff4fc2a339927c1cbbde1a1fc23ce3c27,buy,0x8f3470a7388c05ee4e7af3d01d8c722b0ff52374,0x75e1e50f8b6e6682f3f5f830f86c246fe2bbc8119c1ae6774390c245671dcc15
322,0.71,0.1178529,0xcc9b6b53f5e8418a8986e1475e07d025ddcf9ae6,2017-11-01T19:26:06.000Z,0.16599,0x2d9fc233902ee67bb6d36f14286949e667b87fb3,buy,0x8f3470a7388c05ee4e7af3d01d8c722b0ff52374,0xc1501b031ac54c241199b770b4cf74d79db77f234a6b95042881911b3cec1e2c
323,0.8653043131559167,0.14363185428770747,0x197e73b73feaaf97f62ee85f6cb74bd74b3ee3be,2017-11-01T19:22:07.000Z,0.16598999,0xfe988cd30fa97f5422f5a4ae50eafa6271cd2417,buy,0x8f3470a7388c05ee4e7af3d01d8c722b0ff52374,0x1533836012ab9a0f2cc06dfc7d2fceb20bc65e64ffad0b772e8aca329d43d5c2
324,0.005,0.00082687915,0x25aa82ff554f0e1bc3545c617c22f59d987ceedd,2017-11-01T19:18:08.000Z,0.16537583,0x65f403f5ce12908bfa7d8089f54f097e8b686fae,buy,0x8f3470a7388c05ee4e7af3d01d8c722b0ff52374,0x8fbaf3e8fc1a93f374546b6aa94b6b4d51df77a5a0b667e42a6a742217e553a4
325,0.096,0.01587607968,0x197e73b73feaaf97f62ee85f6cb74bd74b3ee3be,2017-11-01T19:17:51.000Z,0.16537583,0x65f403f5ce12908bfa7d8089f54f097e8b686fae,buy,0x8f3470a7388c05ee4e7af3d01d8c722b0ff52374,0xbafb233a119c0e11182722003b03357a600dfb107989178376b83184e01b42f7
326,2.994541879006561,0.4970639765508803,0x25aa82ff554f0e1bc3545c617c22f59d987ceedd,2017-11-01T19:15:12.000Z,0.16598999,0xfe988cd30fa97f5422f5a4ae50eafa6271cd2417,buy,0x8f3470a7388c05ee4e7af3d01d8c722b0ff52374,0x098ac1b5019ee87a43b01cec91401fe426ac30c92ee8ed8a5bbeafb0b9470176
327,0.19107842437722164,0.031719016535834546,0x2b213472563972a1d3415de7ca434ec6014979a7,2017-11-01T19:14:56.000Z,0.16599999000000001,0xfe988cd30fa97f5422f5a4ae50eafa6271cd2417,buy,0x8f3470a7388c05ee4e7af3d01d8c722b0ff52374,0x8542580eb856fb8d8f981d2ea428b074e7e83ea5e369df1204c24773a95d6701
328,2.5,0.422475,0x73be7ff80f2a1750cfc8d84877c3940cc29f2a91,2017-11-01T19:12:55.000Z,0.16899,0x8e27de63f8f5a6ad4ac919abf2bccfec22f0f86f,buy,0x8f3470a7388c05ee4e7af3d01d8c722b0ff52374,0x5ecde263d46cb8bc60b1f57d5813aed12ef32ea2844a9f16ad8035a69b366c7b
329,0.04761,0.007941348,0x73be7ff80f2a1750cfc8d84877c3940cc29f2a91,2017-11-01T19:09:44.000Z,0.1668,0xb417fc8781bfd509b91c6360493535512b133481,buy,0x8f3470a7388c05ee4e7af3d01d8c722b0ff52374,0x4dac1dcb23313882fe65dd0b541bc98969a46a88f85fbaaba18873c09a2aaff6
330,1,0.1675,0x73be7ff80f2a1750cfc8d84877c3940cc29f2a91,2017-11-01T19:09:27.000Z,0.1675,0x1981765200d3fd2c9f7f643256213b5556629374,buy,0x8f3470a7388c05ee4e7af3d01d8c722b0ff52374,0xcbbabed30cda4f5a8b3fd8643d499a1e44df45eabd717bc3d3ef55ab0145632d
331,5,0.835,0x73be7ff80f2a1750cfc8d84877c3940cc29f2a91,2017-11-01T19:08:13.000Z,0.167,0x641a49f58554461f5e3493545c9c37876d893f0b,buy,0x8f3470a7388c05ee4e7af3d01d8c722b0ff52374,0xde41be4ad9c1a9e7596e855903943e39419937528fee6c08a0b58db0a8c07b0f
332,2.5,0.4139625,0x73be7ff80f2a1750cfc8d84877c3940cc29f2a91,2017-11-01T19:07:20.000Z,0.165585,0x7d5b2752828ebd48b5626fd20916feaa382ddb76,buy,0x8f3470a7388c05ee4e7af3d01d8c722b0ff52374,0xda38cfd7fc06bce4592d114b10005613005f662a5bff94fd1df2eedfe667ce1e
333,0.856632,0.14183149261367933,0x41a5b497a44415fb71bd6ac716e4ee6f1f7c5692,2017-11-01T19:07:13.000Z,0.16556875369316035,0xdc67e92e594a5bcadc8c0e888da4d79f0da831b8,buy,0x8f3470a7388c05ee4e7af3d01d8c722b0ff52374,0xd95631944fa042538911cfa5b7095d8a4a9370e0517c84295faccd0045f96a3d
334,2,0.3311375073863207,0xacebd6961ad8406032359e262ab049359ccc613a,2017-11-01T18:58:41.000Z,0.16556875369316035,0xdc67e92e594a5bcadc8c0e888da4d79f0da831b8,buy,0x8f3470a7388c05ee4e7af3d01d8c722b0ff52374,0xcc8543e698eb1930772a2a534ca4b714e40fe384dd11bc4df377ebba66529695
335,2.937984,0.486291,0xacebd6961ad8406032359e262ab049359ccc613a,2017-11-01T18:55:37.000Z,0.1655186005097373,0xdc67e92e594a5bcadc8c0e888da4d79f0da831b8,buy,0x8f3470a7388c05ee4e7af3d01d8c722b0ff52374,0xd652bc98e6b94e9ce58bc24b542fd9bedc647cb010ebd2f0ba4a7cdc4d6613d7
336,3.019597,0.5,0x933153cb57b715907aa041ad25ffc343bbf657c2,2017-11-01T18:28:35.000Z,0.16558501018513397,0xdc67e92e594a5bcadc8c0e888da4d79f0da831b8,buy,0x8f3470a7388c05ee4e7af3d01d8c722b0ff52374,0x94f473ee14e9c9275b2bf712bdd896c65b25596b4bcc4472260c3b7adeb40380
337,5.691958882839724,0.9306352773442949,0xcd00c05d7756de5e52c70a6fee4cc19cf269cbc1,2017-11-01T18:17:49.000Z,0.1635,0x9b7320202e518afa961a62c6ee0f5a57f4114b14,sell,0x8f3470a7388c05ee4e7af3d01d8c722b0ff52374,0xe7fad9e63eccf5f6d9dd889088aa542d05a6a055c7592bfe432535486b6023b9
338,6.189978877844184,1.0120615465275242,0xcd00c05d7756de5e52c70a6fee4cc19cf269cbc1,2017-11-01T18:09:34.000Z,0.1635,0xf3621ec9cda9b5b134897e820148c8de6f0fd369,sell,0x8f3470a7388c05ee4e7af3d01d8c722b0ff52374,0x60cc3a9cfda05962e623dd9abc65afcf46951d645f7690415d4156d965de07ec
339,1.812,0.302422798188,0x0bbb26e2dd5061011e73f7d76b7f5118800f3822,2017-11-01T18:07:58.000Z,0.166899999,0x09e396aca9535fffc68c72f880ab36e252b73a43,sell,0x8f3470a7388c05ee4e7af3d01d8c722b0ff52374,0x206d9b2dd33bf6d3c801786ff8a8a46df6e76018f1c4706db67f62749849f34c
340,6.3,1.0514699937,0xc3d76023f5429f7e05020713b7782080aa3b5d1e,2017-11-01T18:06:18.000Z,0.166899999,0xfe988cd30fa97f5422f5a4ae50eafa6271cd2417,buy,0x8f3470a7388c05ee4e7af3d01d8c722b0ff52374,0x33be91db91b48ab6f7a9f52a8c89c468510371263483c63b3ea48fe3848bc023
341,11.428607018243445,1.8285771229189514,0x9a06fbfff4fc2a339927c1cbbde1a1fc23ce3c27,2017-11-01T18:06:18.000Z,0.16,0xf3621ec9cda9b5b134897e820148c8de6f0fd369,sell,0x8f3470a7388c05ee4e7af3d01d8c722b0ff52374,0x63bb36682344e3f96ed3decd579a6526f87ff717038444521a5377fae564f254
342,2.7,0.45036,0xc3d76023f5429f7e05020713b7782080aa3b5d1e,2017-11-01T18:04:38.000Z,0.1668,0xb417fc8781bfd509b91c6360493535512b133481,buy,0x8f3470a7388c05ee4e7af3d01d8c722b0ff52374,0xc271ef89bb2a03eb0255653fc6ac8fd84f7372355143f0e586ca903534b05c91
343,25,4.0025,0x1f22b9a1346ff129c014e4601e06155f5a47ec88,2017-11-01T18:04:00.000Z,0.1601,0xf3621ec9cda9b5b134897e820148c8de6f0fd369,sell,0x8f3470a7388c05ee4e7af3d01d8c722b0ff52374,0x93868a22cbb172c4ead875509eb7772189545ed93dda92554dde451bc20931ba
344,20.571683966179574,3.296612355580277,0xb055e484293d8f7b4cae9e97450efddee71483ac,2017-11-01T18:03:57.000Z,0.16025,0xf3621ec9cda9b5b134897e820148c8de6f0fd369,sell,0x8f3470a7388c05ee4e7af3d01d8c722b0ff52374,0xee047dc0a43cf5bbd05043c572e42b266a99c86007382ba958ac23cc3a705768
345,2.537887401537498,0.423573404778721,0x0bbb26e2dd5061011e73f7d76b7f5118800f3822,2017-11-01T18:00:51.000Z,0.166899999,0xad5b3fbc469313e21efe4117627a658424091b0a,sell,0x8f3470a7388c05ee4e7af3d01d8c722b0ff52374,0xe34f983422f60aa4ad7b05be368f26c7483f0122362a6a8231da81a956ebdc9f
346,1.2683160338204251,0.20324764441972312,0xb055e484293d8f7b4cae9e97450efddee71483ac,2017-11-01T17:53:03.000Z,0.16025,0xa2b16e3b6b64771396c925e61fefd851e757e38e,sell,0x8f3470a7388c05ee4e7af3d01d8c722b0ff52374,0xc03a41dd98b730ab12cac7f457fdf8c65ed16822e10d42144dd4b50e6afbe335
347,5,0.834499995,0x4a0c61c5e6ca70b65024f4e811f2f26fbfea8273,2017-11-01T17:52:09.000Z,0.166899999,0xfe988cd30fa97f5422f5a4ae50eafa6271cd2417,buy,0x8f3470a7388c05ee4e7af3d01d8c722b0ff52374,0x7c5add4fb010b1b6cb22302b3bf032fcd919e0a59bd962d44eb667623a70fd86
348,3.717,0.59512887,0x72c7c99e6e9db5bc915d2fccbb6102ed3e120f96,2017-11-01T17:49:37.000Z,0.16011,0xa2b16e3b6b64771396c925e61fefd851e757e38e,sell,0x8f3470a7388c05ee4e7af3d01d8c722b0ff52374,0xa96c869dcc9215433769412902a248a418ee52c6425403ec06e000c01ac3a8f9
349,5,0.805,0x641a49f58554461f5e3493545c9c37876d893f0b,2017-11-01T17:42:37.000Z,0.161,0xad5b3fbc469313e21efe4117627a658424091b0a,sell,0x8f3470a7388c05ee4e7af3d01d8c722b0ff52374,0x394cdae9fbaf64d449368a5542b5a2d943fae98014102656ea33a46b9c8c79b1
350,0.5183929817565547,0.08294287708104875,0x9a06fbfff4fc2a339927c1cbbde1a1fc23ce3c27,2017-11-01T17:36:55.000Z,0.16,0xde7e14702b43ab77e29032ffd6e1916adf3ce206,sell,0x8f3470a7388c05ee4e7af3d01d8c722b0ff52374,0x8847acfdb82bc5c50f2f1dff1e31444f15fd692e6df4537b17fcb278f6e79ef0
351,1,0.16,0x9a06fbfff4fc2a339927c1cbbde1a1fc23ce3c27,2017-11-01T17:35:37.000Z,0.16,0x9b7320202e518afa961a62c6ee0f5a57f4114b14,sell,0x8f3470a7388c05ee4e7af3d01d8c722b0ff52374,0xe9af83f259de8a513c3a178f85e285258271051e38e07ac44c46521263db12f8
352,1,0.1601,0x18e96886612735f0d509d139f304f108f79bc18c,2017-11-01T17:34:14.000Z,0.1601,0x9b7320202e518afa961a62c6ee0f5a57f4114b14,sell,0x8f3470a7388c05ee4e7af3d01d8c722b0ff52374,0x1e10bf003441882a51a82181b2d0edddd866d0bcdab02e54a27dd9480bc9a7f9
353,0.278,0.04482039432,0x51b788e430fd1a7e509bbad52c812ea6f7c18a29,2017-11-01T17:34:14.000Z,0.16122444,0x9b7320202e518afa961a62c6ee0f5a57f4114b14,sell,0x8f3470a7388c05ee4e7af3d01d8c722b0ff52374,0xa56a641925de490d36d151d1aee4d302e44a59c9460fec6af96f6c1849ecd422
354,1,0.162,0x6946202ead7570bec0bfea5422e87978229626ae,2017-11-01T17:33:59.000Z,0.162,0x9b7320202e518afa961a62c6ee0f5a57f4114b14,sell,0x8f3470a7388c05ee4e7af3d01d8c722b0ff52374,0x718d8b2eb9cf9b431da2cd03988652140e42c228708639cacbc4546f07daee8d
355,1,0.162001,0xf61f9f195940f1400ca7c6ccf3b770c0473471e3,2017-11-01T17:33:54.000Z,0.162001,0x9b7320202e518afa961a62c6ee0f5a57f4114b14,sell,0x8f3470a7388c05ee4e7af3d01d8c722b0ff52374,0x0fffa0d4bfe87b39c2bcecca1f15661f46e9f35c8b9dca5f16dc705ebd422e25
356,0.022949299618879135,0.003775572897648056,0xe2f8a2be286fdc7d299def7e44fab8a55aab5771,2017-11-01T17:24:24.000Z,0.16451800099999997,0xad5b3fbc469313e21efe4117627a658424091b0a,sell,0x8f3470a7388c05ee4e7af3d01d8c722b0ff52374,0x24900ca72cc5a5839127cfb1022c0f14852a2fd78b79d1a79cda283eb10871ff
357,0.793,0.1294176,0x72c7c99e6e9db5bc915d2fccbb6102ed3e120f96,2017-11-01T17:22:56.000Z,0.1632,0xad5b3fbc469313e21efe4117627a658424091b0a,sell,0x8f3470a7388c05ee4e7af3d01d8c722b0ff52374,0x888356c998033d26afb76d1307aa86ae492e1375e163b919f7ecfd4e5ae32fce
358,1,0.1621,0x18e96886612735f0d509d139f304f108f79bc18c,2017-11-01T17:21:49.000Z,0.1621,0x933153cb57b715907aa041ad25ffc343bbf657c2,sell,0x8f3470a7388c05ee4e7af3d01d8c722b0ff52374,0x234d76b9fa0a7e78b60fadbb2053cae2c6c80adc49a550eac904ec6a0bf635d8
359,1,0.1621,0x18e96886612735f0d509d139f304f108f79bc18c,2017-11-01T17:21:15.000Z,0.1621,0x933153cb57b715907aa041ad25ffc343bbf657c2,sell,0x8f3470a7388c05ee4e7af3d01d8c722b0ff52374,0x234d76b9fa0a7e78b60fadbb2053cae2c6c80adc49a550eac904ec6a0bf635d8
360,0.181,0.02959350181,0x7d5b2752828ebd48b5626fd20916feaa382ddb76,2017-11-01T17:19:19.000Z,0.16350001,0xad5b3fbc469313e21efe4117627a658424091b0a,sell,0x8f3470a7388c05ee4e7af3d01d8c722b0ff52374,0x8128d64ecbc7f0986a8cb42bef99f9c15f36c74f6311e34fed93d01c6802f030
361,93.518,14.82260393518,0x772d794f6c4f60ef72990c0b760526c7623b4cdf,2017-11-01T17:18:03.000Z,0.15850001,0x47849f1a644fa8d5fc9cd0d3eb87790a6ee5c687,sell,0x8f3470a7388c05ee4e7af3d01d8c722b0ff52374,0x2d8b7e5de776f82369e141d11ce6a054da9720379f5bd4ac5d9711d6a8f0c285
362,0.681,0.1117521,0x8e27de63f8f5a6ad4ac919abf2bccfec22f0f86f,2017-11-01T17:17:31.000Z,0.1641,0xad5b3fbc469313e21efe4117627a658424091b0a,sell,0x8f3470a7388c05ee4e7af3d01d8c722b0ff52374,0x4997b9b167925c152f3feecf41e3ddaa6460ff54e277f87457d2dae58726e160
363,2.3497,0.3806514023497,0x7d5b2752828ebd48b5626fd20916feaa382ddb76,2017-11-01T17:15:46.000Z,0.162000001,0x933153cb57b715907aa041ad25ffc343bbf657c2,sell,0x8f3470a7388c05ee4e7af3d01d8c722b0ff52374,0x888c74d97571f8c43e3d7ddf8b79acf4e5c2d121b7e2eaba51d6675c71c2f883
364,10,1.62,0x3df2871ab24b289fa962239923d93bda2dedecb6,2017-11-01T17:15:46.000Z,0.162,0x933153cb57b715907aa041ad25ffc343bbf657c2,sell,0x8f3470a7388c05ee4e7af3d01d8c722b0ff52374,0x13e1da2d33711d7985600fff1764e937c7672157bde6e9ff462a625f82015381
365,6.73,1.09699,0xbeafd36577f57717257aa13202980be1670dbeed,2017-11-01T17:15:46.000Z,0.163,0x933153cb57b715907aa041ad25ffc343bbf657c2,sell,0x8f3470a7388c05ee4e7af3d01d8c722b0ff52374,0xb2fb4459ae7a82c762ee46dfec766600bae0f1f11a71a52615528fe90fd8326f
366,36,5.814,0x83b776bd9679ae2c9a686ff97995532575599617,2017-11-01T17:15:46.000Z,0.1615,0x47849f1a644fa8d5fc9cd0d3eb87790a6ee5c687,sell,0x8f3470a7388c05ee4e7af3d01d8c722b0ff52374,0xb9e3b6eb98b2c1281c68f6cc63c147e9a19f139f4a28116b2bc4be74c53b9692
367,44.854,7.24392593394,0xfe988cd30fa97f5422f5a4ae50eafa6271cd2417,2017-11-01T17:14:12.000Z,0.16150011,0x47849f1a644fa8d5fc9cd0d3eb87790a6ee5c687,sell,0x8f3470a7388c05ee4e7af3d01d8c722b0ff52374,0xd00758ce54ffce88f8d5137b56830af4bd9577fc8925e6844c4b5e5d1e96c4c4
368,1,0.169595698,0x437338ffd4b45cdf78c3589d763dc746b0edf761,2017-11-01T17:14:12.000Z,0.169595698,0x933153cb57b715907aa041ad25ffc343bbf657c2,sell,0x8f3470a7388c05ee4e7af3d01d8c722b0ff52374,0x67c45c7aeefbb8a71156067dd3b9a07b57552e5b8462ea84c64e4be77e73593f
369,0.754,0.12818,0xcca7e55ce75654ef3cdcc969d69205964db733c5,2017-11-01T17:14:12.000Z,0.17,0xad5b3fbc469313e21efe4117627a658424091b0a,sell,0x8f3470a7388c05ee4e7af3d01d8c722b0ff52374,0x7471a4386e294f3d5d4aa1cb814bcb643bcc09caf2dd5bdef9e6264760701331
370,150,23.775,0xd848d35ea908828d1a064a7c0bb2aebb8486da57,2017-11-01T17:13:12.000Z,0.1585,0x47849f1a644fa8d5fc9cd0d3eb87790a6ee5c687,sell,0x8f3470a7388c05ee4e7af3d01d8c722b0ff52374,0x5103eacc6b2a4f7d5193115a74f0a6e74135a4a6f7c8a05caee155a6b1341f15
371,15,2.46776655,0x6af25b5d4e4bf0174f591635eca03943ad513a62,2017-11-01T17:12:40.000Z,0.16451777,0x772d794f6c4f60ef72990c0b760526c7623b4cdf,sell,0x8f3470a7388c05ee4e7af3d01d8c722b0ff52374,0x26f15d5c3ae1a671deb9fd107d8ece990e0f2121cf2704c6e86104622e3064e0
372,12.12,1.991316,0xfbc33062e4e1d2ab3b04fad8b6a5c82b4f92fd35,2017-11-01T17:12:40.000Z,0.1643,0x772d794f6c4f60ef72990c0b760526c7623b4cdf,sell,0x8f3470a7388c05ee4e7af3d01d8c722b0ff52374,0x96ace230206f4ac86ff1781606e8825c6ebb2dee2b6d0cebf96ebb05d094123e
373,10,1.62,0xb6c553357ed055f89c0137a36a16aadcae48be28,2017-11-01T17:12:40.000Z,0.162,0x772d794f6c4f60ef72990c0b760526c7623b4cdf,sell,0x8f3470a7388c05ee4e7af3d01d8c722b0ff52374,0x7fba9b0dad2a3ee2e2207291febdc88f4e7fd53e4e5cec214e816ccfd9f572f1
374,10,1.64517771,0xad5b3fbc469313e21efe4117627a658424091b0a,2017-11-01T17:12:21.000Z,0.164517771,0x772d794f6c4f60ef72990c0b760526c7623b4cdf,sell,0x8f3470a7388c05ee4e7af3d01d8c722b0ff52374,0x647c2de528bcd0fa57a595794598862b30cdaa59b6abefd78b5c354a8a3b263a
375,20,3.2903554,0x12d00b993bfd0422d6bde9aa63d96e0ab74fb636,2017-11-01T17:12:21.000Z,0.16451777,0x772d794f6c4f60ef72990c0b760526c7623b4cdf,sell,0x8f3470a7388c05ee4e7af3d01d8c722b0ff52374,0xfb8c01b08e16bc757f50d6ee41858ad618e47fdbffc98631ba02cf2308a2adcb
376,15,2.4885,0x2d7ef44fa3dca7704ad273d2ac44751be55da220,2017-11-01T17:12:08.000Z,0.1659,0x772d794f6c4f60ef72990c0b760526c7623b4cdf,sell,0x8f3470a7388c05ee4e7af3d01d8c722b0ff52374,0xd78e359aefe5afa73f20a4237fad31945aaf2997ad4de6f6e4c9eb3f3da0abff
377,120,19.02084,0x933153cb57b715907aa041ad25ffc343bbf657c2,2017-11-01T17:12:08.000Z,0.158507,0x47849f1a644fa8d5fc9cd0d3eb87790a6ee5c687,sell,0x8f3470a7388c05ee4e7af3d01d8c722b0ff52374,0x7a965ce60dad40aa933c5b04da63c043b0107345b4086c577fe522a399fc49d6
378,115.25,18.268047,0x2d9fc233902ee67bb6d36f14286949e667b87fb3,2017-11-01T17:11:09.000Z,0.158508,0x47849f1a644fa8d5fc9cd0d3eb87790a6ee5c687,sell,0x8f3470a7388c05ee4e7af3d01d8c722b0ff52374,0x1a2af0df7b860041cfa8306d4ce84b54c6f0fef5e0d0baa76a53b62b61d72969
379,74.976,12.108631797504,0x772d794f6c4f60ef72990c0b760526c7623b4cdf,2017-11-01T17:10:04.000Z,0.161500104,0x47849f1a644fa8d5fc9cd0d3eb87790a6ee5c687,sell,0x8f3470a7388c05ee4e7af3d01d8c722b0ff52374,0x24d2452c1181419ab4c40c5d8a40f871c96a346e9536910a5a1c35cba9edfa4a
