,amount,amountBase,buyer,date,price,seller,side,tokenAddr,txHash
0,9975.22301,1.7843678920288,0x016ab691721a99da1c1489ca0ac8b549eb0f7713,2017-11-02T11:36:24.000Z,0.00017888,0x98b8f889dbe2b5c4c5879f65e13b24012f2afdce,sell,0xaf4dce16da2877f8c9e00544c93b62ac40631f16,0x8cb551692fb72dcb5765de6259b8d6a8daabffc347663ed3541368a270702e39
1,3000,0.537,0xfcbd4e101074615d6db43f94eef63ec9306feabc,2017-11-02T11:36:24.000Z,0.000179,0x98b8f889dbe2b5c4c5879f65e13b24012f2afdce,sell,0xaf4dce16da2877f8c9e00544c93b62ac40631f16,0x470881a764526aec4efa524b956e0f6cdfc826b1a706365e6b1a4ea8c55f145e
2,24.77699,0.0044321079712,0x016ab691721a99da1c1489ca0ac8b549eb0f7713,2017-11-02T11:34:29.000Z,0.00017888,0x98b8f889dbe2b5c4c5879f65e13b24012f2afdce,sell,0xaf4dce16da2877f8c9e00544c93b62ac40631f16,0x1f62230ad161b59cab1d21f2ee5d48b731fef19b78a5575ac4e85f235a397521
3,20000,3.6,0xb75cdf900688e5ca2922bbbdbdab106039a5120b,2017-11-02T11:33:16.000Z,0.00018,0x98b8f889dbe2b5c4c5879f65e13b24012f2afdce,sell,0xaf4dce16da2877f8c9e00544c93b62ac40631f16,0x6cb9ac6cd293ddad39bc993f4a542bffa3ad21a8f5a670826d20c840f3dbbc92
4,20000,3.6,0xb75cdf900688e5ca2922bbbdbdab106039a5120b,2017-11-02T11:13:46.000Z,0.00018,0x98b8f889dbe2b5c4c5879f65e13b24012f2afdce,sell,0xaf4dce16da2877f8c9e00544c93b62ac40631f16,0xd696bde98fe9daf916f23ef1f9cb0ebf91bd9bceca9727bb510f29d4ba25f8fb
5,20000,3.6,0xb75cdf900688e5ca2922bbbdbdab106039a5120b,2017-11-02T11:00:16.000Z,0.00018,0xe5830fc331aa8eb94b6a6daba5ae0ad028e5e222,sell,0xaf4dce16da2877f8c9e00544c93b62ac40631f16,0xb6610024e9fa53cddbd042b6edcd72e39894ce77a97ddf9bb6e6d2cd64b17c92
6,15000,2.7,0xb75cdf900688e5ca2922bbbdbdab106039a5120b,2017-11-02T10:57:12.000Z,0.00018,0x98b8f889dbe2b5c4c5879f65e13b24012f2afdce,sell,0xaf4dce16da2877f8c9e00544c93b62ac40631f16,0x2fb61b90fdadd4d3992b47d977f3bae887e8c9847ceb2e21d5d43345dc921453
7,14900,2.682149,0xe5830fc331aa8eb94b6a6daba5ae0ad028e5e222,2017-11-02T10:56:02.000Z,0.00018001,0x98b8f889dbe2b5c4c5879f65e13b24012f2afdce,sell,0xaf4dce16da2877f8c9e00544c93b62ac40631f16,0x387225549be3b56508046fb2480cef0e3d182d015ab19a91810ac203d6711573
8,82345,14.823005795,0x5f8fe09e6f195b99b84274f00f898570d8814655,2017-11-02T10:52:51.000Z,0.000180011,0x7ef2762754f2aba06f349be39b0c5607e990b881,sell,0xaf4dce16da2877f8c9e00544c93b62ac40631f16,0x8914bbc1a0575271479763b72556985cfda8f13ab57d2ed77c5ab2bf6edea9d2
9,600,0.108066,0x18e96886612735f0d509d139f304f108f79bc18c,2017-11-02T10:52:25.000Z,0.00018011,0x7ef2762754f2aba06f349be39b0c5607e990b881,sell,0xaf4dce16da2877f8c9e00544c93b62ac40631f16,0x736718f6f66c51957c344422f9a9413220c5ffb0533e3ee0f70a2cce77a69493
10,16394.26079,2.952606368279,0x09e396aca9535fffc68c72f880ab36e252b73a43,2017-11-02T10:52:25.000Z,0.0001801,0x7ef2762754f2aba06f349be39b0c5607e990b881,sell,0xaf4dce16da2877f8c9e00544c93b62ac40631f16,0x42c8722596b0b91cec09ec8e21d105257978a8ef3f1168d64a65b7028ad98c9f
11,5000,0.900625,0x9fb470ae1278be58fe7511f465812d44696f98f1,2017-11-02T10:52:25.000Z,0.000180125,0x7ef2762754f2aba06f349be39b0c5607e990b881,sell,0xaf4dce16da2877f8c9e00544c93b62ac40631f16,0xd683f590e162407c136b0325c70bad7f40a8409964c5ff4d85b09a09c23b4c57
12,613,0.110953,0xfcbd4e101074615d6db43f94eef63ec9306feabc,2017-11-02T10:52:25.000Z,0.000181,0x7ef2762754f2aba06f349be39b0c5607e990b881,sell,0xaf4dce16da2877f8c9e00544c93b62ac40631f16,0x7f89d6e6acc988af996783c67062f4c32f6610b7755f2830368375c324b5c515
13,120,0.02184,0xe867702118fc556ff61c52995d0986a3a8848536,2017-11-02T10:50:04.000Z,0.000182,0x7ef2762754f2aba06f349be39b0c5607e990b881,sell,0xaf4dce16da2877f8c9e00544c93b62ac40631f16,0xfafa47c51212c5fa825d2156254eb2cd8df3ecc6eb13cffdec8890d5e10b64a4
14,5000,0.90905,0x8ab86180c3ff4be695774fd16b54bb94844ddddc,2017-11-02T10:50:04.000Z,0.00018181,0x7ef2762754f2aba06f349be39b0c5607e990b881,sell,0xaf4dce16da2877f8c9e00544c93b62ac40631f16,0xa6c3cec67eb714760dd7ed58092f3555cb298e29084ed887144d085f170ee709
15,1200,0.21876,0x9ba6f2851c8afe6be654fbd4c3dc7e9e64cffe53,2017-11-02T10:49:52.000Z,0.0001823,0x7ef2762754f2aba06f349be39b0c5607e990b881,sell,0xaf4dce16da2877f8c9e00544c93b62ac40631f16,0xd8ada7289043e7ebba063c3c0b5858eda2a801a6b82fba76e7cae9fb403f2b67
16,1200,0.2208,0x9ba6f2851c8afe6be654fbd4c3dc7e9e64cffe53,2017-11-02T10:49:09.000Z,0.000184,0x7ef2762754f2aba06f349be39b0c5607e990b881,sell,0xaf4dce16da2877f8c9e00544c93b62ac40631f16,0xbb406cecdb38855a9e7c6403e043b57ee9e183fa631581571bfe8ab2d029fceb
17,20000,3.6402,0xe5830fc331aa8eb94b6a6daba5ae0ad028e5e222,2017-11-02T10:18:12.000Z,0.00018201,0x5cbcc2ac4d6ae4c08533dbd7f738c72d40200eaa,sell,0xaf4dce16da2877f8c9e00544c93b62ac40631f16,0xd81cff1c5b7667e36c6fbdb1aa3098acd92351b8f8f72622d3648462fd9965fe
18,0.47554,0.000098437966016917,0x5cbcc2ac4d6ae4c08533dbd7f738c72d40200eaa,2017-11-02T09:50:26.000Z,0.0002070024940423876,0x7ef2762754f2aba06f349be39b0c5607e990b881,buy,0xaf4dce16da2877f8c9e00544c93b62ac40631f16,0x510a20a2ee47cfc9b8820cd33c108aff361219ea11860f6ccbe228518b2e3775
19,600,0.1110066,0x18e96886612735f0d509d139f304f108f79bc18c,2017-11-02T09:38:53.000Z,0.000185011,0x7ef2762754f2aba06f349be39b0c5607e990b881,sell,0xaf4dce16da2877f8c9e00544c93b62ac40631f16,0xb3d95bfa86efe50f5e082af6587d4b5e898c0a737e017eee4b82fa9d5a75ee49
20,700,0.1295,0xb28b10bf5b3ff267421ab9797d2c06e2164b5e6b,2017-11-02T09:12:17.000Z,0.000185,0x7ef2762754f2aba06f349be39b0c5607e990b881,sell,0xaf4dce16da2877f8c9e00544c93b62ac40631f16,0x59c3fdb19db0394b81fb5875d82f5190c8a1e367cdab67126410ab4e8776dc35
21,15000,2.775,0x5655963e6ce26df19cc2f251a813eb0e24a05fed,2017-11-02T09:11:17.000Z,0.000185,0x7ef2762754f2aba06f349be39b0c5607e990b881,sell,0xaf4dce16da2877f8c9e00544c93b62ac40631f16,0x702fe492d263c57e4e882df191e93c0a54854aece459d25f48e50afef97d4366
22,2000,0.37002,0xfcbd4e101074615d6db43f94eef63ec9306feabc,2017-11-02T09:11:17.000Z,0.00018501,0x7ef2762754f2aba06f349be39b0c5607e990b881,sell,0xaf4dce16da2877f8c9e00544c93b62ac40631f16,0x0fcc1ab3a8cded3947f7c742f323855c0f5d0803eb14331fde0f7dbc2f38ba2d
23,800,0.1488,0x9ba6f2851c8afe6be654fbd4c3dc7e9e64cffe53,2017-11-02T09:11:06.000Z,0.000186,0x7ef2762754f2aba06f349be39b0c5607e990b881,sell,0xaf4dce16da2877f8c9e00544c93b62ac40631f16,0xf74a4f8318a3ed6cf89e4619abb76d4d826bcc0befd204f79542f30050972b22
24,9800.618,1.827815257,0x267975f50cbb31d33bdd60523a5d379dcb40502d,2017-11-02T09:11:06.000Z,0.0001865,0x7ef2762754f2aba06f349be39b0c5607e990b881,sell,0xaf4dce16da2877f8c9e00544c93b62ac40631f16,0x8dc9895a3dd5f5001c2d78b0b488260871b767310369db7e9f60e4dfede8b019
25,199.38191,0.037184726215,0x267975f50cbb31d33bdd60523a5d379dcb40502d,2017-11-02T08:19:20.000Z,0.0001865,0xe4f0105abaea9b46782075c3e9c2636176178e01,sell,0xaf4dce16da2877f8c9e00544c93b62ac40631f16,0xf32432f625774b8b4a5e6086ae8963fa09819bc94ed171dd6e7c9381a9fe1df7
26,300,0.0576,0x9ba6f2851c8afe6be654fbd4c3dc7e9e64cffe53,2017-11-02T07:30:19.000Z,0.000192,0xe41ba7cfb98a58305596d551a87d37960f5f532a,sell,0xaf4dce16da2877f8c9e00544c93b62ac40631f16,0x66f007b34b4e039f74864a37b040f1e0a982d5fddc4fde4f4e8d5585ea03e505
27,9838.409,1.9676818,0xc4848c8c9e2325e32a1b3110229fe307ec5e6252,2017-11-02T07:29:36.000Z,0.0002,0x98b8f889dbe2b5c4c5879f65e13b24012f2afdce,sell,0xaf4dce16da2877f8c9e00544c93b62ac40631f16,0xf7ebff034d39e2697d84454231c281d07d35d7d2a2068968269fc45626c7f854
28,11963.13006,2.392626012,0xc4848c8c9e2325e32a1b3110229fe307ec5e6252,2017-11-02T07:18:46.000Z,0.0002,0x547269c54497404c144bfb5063ca41d51b7b5a88,sell,0xaf4dce16da2877f8c9e00544c93b62ac40631f16,0xc950676f1c4c2ccc7bebe7ba73441cc2c9899c4df8d39a5b5ad2904697b35925
29,28000,5.6,0xc4848c8c9e2325e32a1b3110229fe307ec5e6252,2017-11-02T07:12:25.000Z,0.0002,0xe5830fc331aa8eb94b6a6daba5ae0ad028e5e222,sell,0xaf4dce16da2877f8c9e00544c93b62ac40631f16,0x011d916454ae4e6e309f577063362cf73cb18f1122ced4fceec391b6deaa40bd
30,2157.59548,0.431519096,0xc4848c8c9e2325e32a1b3110229fe307ec5e6252,2017-11-02T07:08:46.000Z,0.0002,0x547269c54497404c144bfb5063ca41d51b7b5a88,sell,0xaf4dce16da2877f8c9e00544c93b62ac40631f16,0xdacf28f9285dbc56fbe43938e5bbe0f28b933afd64fc5168f254f8dcbc787647
31,22440.86498,4.488172996,0xc4848c8c9e2325e32a1b3110229fe307ec5e6252,2017-11-02T07:03:01.000Z,0.0002,0x2bea862d6c4784cb40b991d763afde097394d8c6,sell,0xaf4dce16da2877f8c9e00544c93b62ac40631f16,0x29eb5dae31c80505e5f4aa9a5e29158fa312da31d0f3fa0c9844e99df1d65e96
32,25600,5.12,0xc4848c8c9e2325e32a1b3110229fe307ec5e6252,2017-11-02T07:00:40.000Z,0.0002,0xe5830fc331aa8eb94b6a6daba5ae0ad028e5e222,sell,0xaf4dce16da2877f8c9e00544c93b62ac40631f16,0x2d94155c65146a50ef09a937346a11c862684aca5f14cc6a1ff0eef85fad7482
33,3000,0.606,0x9ba6f2851c8afe6be654fbd4c3dc7e9e64cffe53,2017-11-02T06:03:43.000Z,0.000202,0x547269c54497404c144bfb5063ca41d51b7b5a88,buy,0xaf4dce16da2877f8c9e00544c93b62ac40631f16,0x0f8eac6a5f78ea8a05b1c85b82d78dd8a0e05c1075f98ec6d468f72c8c6cd760
34,1559.86442,0.28389532444,0x547269c54497404c144bfb5063ca41d51b7b5a88,2017-11-02T03:29:11.000Z,0.000182,0xdd3896cc7fc8091208ea750131c03cea19c3f0f7,sell,0xaf4dce16da2877f8c9e00544c93b62ac40631f16,0x8f006b39f0c1b6fd2bf4da282b6dde836f6cdd87f4da6001f142545ca6bc4ed7
35,3090.4196,0.5624563672,0x547269c54497404c144bfb5063ca41d51b7b5a88,2017-11-02T03:26:33.000Z,0.000182,0x9f18b49bb00c24769aaec553641bcad225298662,sell,0xaf4dce16da2877f8c9e00544c93b62ac40631f16,0xe7e609d3ef39637ac8d5d1d2377aad21257aedb0db3775b615465395c5c21ba6
36,529,0.096278,0x547269c54497404c144bfb5063ca41d51b7b5a88,2017-11-02T02:39:07.000Z,0.000182,0xd94d5079b844f90b1991873a2f41a2f75cf3a9d9,sell,0xaf4dce16da2877f8c9e00544c93b62ac40631f16,0xb0d598598204e0c6faefd03419a59fbfc9aedfc36c03e454f18197a210d8c1e1
37,2487.2894,0.4501993814,0x5655963e6ce26df19cc2f251a813eb0e24a05fed,2017-11-02T01:51:19.000Z,0.000181,0xeb5099a3c5f94a03fda7291695fd8e907f06a576,sell,0xaf4dce16da2877f8c9e00544c93b62ac40631f16,0xa377fb3d2da9e0d86734d8992c06019e66df864a18c3371a9154a88b08051eba
38,1795.73322,0.32502771282,0x5655963e6ce26df19cc2f251a813eb0e24a05fed,2017-11-02T00:54:43.000Z,0.000181,0x48af8000c9d156ac7156c4b27313bbfee6a647aa,sell,0xaf4dce16da2877f8c9e00544c93b62ac40631f16,0x199179a8d11b970fabf60ff1c945ed2603ac31e8052b956746eb39e6081b0d81
39,1,0.000207399,0xe2b48b3dd0b33283b4802e63e65518f27e635054,2017-11-02T00:38:52.000Z,0.000207399,0xb0bc52f5f7ceb2acf0d35ff73b4ba0d1288888e5,buy,0xaf4dce16da2877f8c9e00544c93b62ac40631f16,0x8c93d383ada9987d9642cb437abaad9ae4c7c8c5bee79e46d0360dbb2fb7be4d
40,1,0.000207399,0xed2ca7381d82f8fb9bcc54ea6ab6526e35aece25,2017-11-02T00:38:52.000Z,0.000207399,0xb0bc52f5f7ceb2acf0d35ff73b4ba0d1288888e5,buy,0xaf4dce16da2877f8c9e00544c93b62ac40631f16,0xe454f3be31462ca6e1dd0c9f972774d646b9e8b72518d4326433d3b2e8d0e1ec
41,613,0.110953,0x1ac4a9ac7517b725b9fe1fa8323e0c15eda42fa1,2017-11-01T23:04:59.000Z,0.000181,0x1d2d810d15a14dae55f5fe935d708cac5e923d84,buy,0xaf4dce16da2877f8c9e00544c93b62ac40631f16,0x830565a0dfd2c7c46fa8e75250073055d8e735bd98bfa95fec897e59ddb1fdfd
42,220.5,0.03971646,0x99bc37ffa8c3b9e6f4792abf009cc294b34947bc,2017-11-01T22:59:20.000Z,0.00018012,0x175375ec16f68e3b324896fb0e97878a7a16f221,sell,0xaf4dce16da2877f8c9e00544c93b62ac40631f16,0x5fef8145b7d3d5cd0b18ef3e9a7c3c3d3378d6a4c3ed542be782b6de59df458d
43,1295.98245,0.233406439245,0x09e396aca9535fffc68c72f880ab36e252b73a43,2017-11-01T22:36:02.000Z,0.0001801,0xf1fe7c32135be94b583d4004f1f650b2a046bf63,sell,0xaf4dce16da2877f8c9e00544c93b62ac40631f16,0x89284abf50cba91aa218e70b38cc980aae39b1bc98aad721c3ed67659bfc2f7e
44,2309.75676,0.415987192476,0x09e396aca9535fffc68c72f880ab36e252b73a43,2017-11-01T22:11:53.000Z,0.0001801,0xa54ffa43d11698bc300d924781518b71dd10f0a8,sell,0xaf4dce16da2877f8c9e00544c93b62ac40631f16,0x7dc65c82931d0577f46b8ad6ada54fdec0e0db413d88319099226a0ba63a16b6
45,3584.33,0.64876373,0xf0eeed3c739a57d88489b55a59ad37baec738af9,2017-11-01T22:06:00.000Z,0.000181,0xa54ffa43d11698bc300d924781518b71dd10f0a8,sell,0xaf4dce16da2877f8c9e00544c93b62ac40631f16,0x2bdafe21dd1eb388b32130497cfc2e188476581fe22aeda97f6f47996cfb93de
46,0.03892,0.00000704452,0xf0eeed3c739a57d88489b55a59ad37baec738af9,2017-11-01T21:56:07.000Z,0.000181,0xb9db485b4c6cc3e3b07d07f1a7fb02e86ea75490,sell,0xaf4dce16da2877f8c9e00544c93b62ac40631f16,0xc2c5fbd94664d86e1df2145c0523b314dd9d7a4f877702c57f5430024e4bd742
47,390.44761,0.07067101741,0xf0eeed3c739a57d88489b55a59ad37baec738af9,2017-11-01T21:54:03.000Z,0.000181,0xb9db485b4c6cc3e3b07d07f1a7fb02e86ea75490,sell,0xaf4dce16da2877f8c9e00544c93b62ac40631f16,0x72a1441ac26c20befdde7e8a813f696a59cf7949567b87c443b52e36ca83a8be
48,200,0.0364,0x86f4307c8c7a5e1000b876ab16cce6ebae8a3309,2017-11-01T21:51:39.000Z,0.000182,0xb9db485b4c6cc3e3b07d07f1a7fb02e86ea75490,sell,0xaf4dce16da2877f8c9e00544c93b62ac40631f16,0x9ff8fea94eb2d98aa7586a40e3986737550454e044d77b59cd1378e3a28cac2c
49,444.33655,0.08042491555,0xf0eeed3c739a57d88489b55a59ad37baec738af9,2017-11-01T21:40:56.000Z,0.000181,0x166e1f362539140a936366026e72761f0ff259c7,sell,0xaf4dce16da2877f8c9e00544c93b62ac40631f16,0xdeb5204f4878971ad5ae0761da18cb7ca24f6e9aebb33dc59205d327309e51dd
50,488.872,0.10144094,0xdb45d699cacd1f74780bf7499b0653c67ad6dba4,2017-11-01T21:04:31.000Z,0.0002075,0x001873abd9b26447a7a6ab2e41ddd6a8da3be08a,buy,0xaf4dce16da2877f8c9e00544c93b62ac40631f16,0x14469766b8f720ed3310eb674a2f2138b69388bb8a9715e3462b92c613fb14e0
51,511.128,0.1051901424,0xdb45d699cacd1f74780bf7499b0653c67ad6dba4,2017-11-01T21:01:41.000Z,0.0002058,0x94100c9579eeccae6e1f662c92c1cd366fc514a8,buy,0xaf4dce16da2877f8c9e00544c93b62ac40631f16,0xa781ad0389f9efa9f18be5139129caa8aac3fd914c0e1e8cf91f6a5ebbe6d346
52,1105.84677,0.20015826537,0xf0eeed3c739a57d88489b55a59ad37baec738af9,2017-11-01T20:49:41.000Z,0.000181,0xee19d297dc19a690ffb345b9d1eca24367f13fae,sell,0xaf4dce16da2877f8c9e00544c93b62ac40631f16,0xe428f63d5a997fa61764cd6df366437e052948912854153af07c76e3fb22f678
53,1250,0.23125625,0x1ac4a9ac7517b725b9fe1fa8323e0c15eda42fa1,2017-11-01T20:47:56.000Z,0.000185005,0xee19d297dc19a690ffb345b9d1eca24367f13fae,sell,0xaf4dce16da2877f8c9e00544c93b62ac40631f16,0xafbc82dc6f2a0cd0ea91d4d9ffb1384f999caa412cd8968932795a1d5ace0b6d
54,990,0.18315,0x9d3aeaca91a54a6b4588d2821ea105521ab0a4d3,2017-11-01T20:47:56.000Z,0.000185,0xee19d297dc19a690ffb345b9d1eca24367f13fae,sell,0xaf4dce16da2877f8c9e00544c93b62ac40631f16,0x715eb1fcc0ece25c4a7aa4a7cd7f14866796aa23235e606bd0b822eedb2f2b61
55,1250,0.23125625,0x1ac4a9ac7517b725b9fe1fa8323e0c15eda42fa1,2017-11-01T20:47:42.000Z,0.000185005,0xee19d297dc19a690ffb345b9d1eca24367f13fae,sell,0xaf4dce16da2877f8c9e00544c93b62ac40631f16,0xafbc82dc6f2a0cd0ea91d4d9ffb1384f999caa412cd8968932795a1d5ace0b6d
56,990,0.18315,0x9d3aeaca91a54a6b4588d2821ea105521ab0a4d3,2017-11-01T20:47:42.000Z,0.000185,0xee19d297dc19a690ffb345b9d1eca24367f13fae,sell,0xaf4dce16da2877f8c9e00544c93b62ac40631f16,0x715eb1fcc0ece25c4a7aa4a7cd7f14866796aa23235e606bd0b822eedb2f2b61
57,240,0.049392,0xdbcffa89c4d6393761b5982c2af7bb6b75d58fb2,2017-11-01T20:38:30.000Z,0.0002058,0xe5830fc331aa8eb94b6a6daba5ae0ad028e5e222,sell,0xaf4dce16da2877f8c9e00544c93b62ac40631f16,0xcfc9eecf28f516e7c52ced4092ebdfe93af40b8fc18d144745ace457f9aeff3e
58,100,0.018001,0xe5830fc331aa8eb94b6a6daba5ae0ad028e5e222,2017-11-01T19:01:38.000Z,0.00018001,0xf155eac36ea8e082bdcd673c58608d6f02e4225c,sell,0xaf4dce16da2877f8c9e00544c93b62ac40631f16,0xb6cf84451f637d07d140c4086fcba498123bd787104fac00994a00bc16eacd95
59,3489.07098,0.7180508082679437,0x32d92c67a297fd5b7a819139c3908465c0a41193,2017-11-01T18:42:39.000Z,0.00020580000016736367,0x94100c9579eeccae6e1f662c92c1cd366fc514a8,buy,0xaf4dce16da2877f8c9e00544c93b62ac40631f16,0x24e652d07b874891da8f07c9ea0e4d680293076543186fa3f81078508b2375ee
60,4344.75957,0.87603821685867,0x967e39e4f6b6f861b9bfb52a16ab43c8cacae90c,2017-11-01T18:41:41.000Z,0.000201631,0xe5830fc331aa8eb94b6a6daba5ae0ad028e5e222,sell,0xaf4dce16da2877f8c9e00544c93b62ac40631f16,0x4445bfbb23f437fe3052ac62ad4d4914df295327d711bf28b377d3a12a40dafb
61,3372.74449,0.61046675269,0x1b7688a79d07be5b3d03cfc59983c0d3ddf54de3,2017-11-01T17:31:47.000Z,0.000181,0xdbe1918c0a776b8805cb53fc2ea67fffa0f7d658,sell,0xaf4dce16da2877f8c9e00544c93b62ac40631f16,0xb27f0ba20fd73bbd9e5469446fa09db2397860ebf5a49a87f95375e5d4fd6cc7
62,5600,1.013628,0xb1d70e579dda889cc0350a846741ba8a2ba1837a,2017-11-01T17:30:04.000Z,0.000181005,0xdbe1918c0a776b8805cb53fc2ea67fffa0f7d658,sell,0xaf4dce16da2877f8c9e00544c93b62ac40631f16,0x84b11902935cd599b9a0601b430d71a9aac02dab865511645301dc56e8e49875
63,9.93829,0.001903182535,0xe89a2a7a15cbaae3c58a03d79485373e216226d6,2017-11-01T15:06:01.000Z,0.0001915,0x2660eea059925f8c7c2a4419b43af14eb5d24752,sell,0xaf4dce16da2877f8c9e00544c93b62ac40631f16,0xdeb808dabcc389f7f721f1a5dee0ace34f94a9cbeda276b351150decd6818a32
64,99690.95804,19.09081846466,0xe89a2a7a15cbaae3c58a03d79485373e216226d6,2017-11-01T15:04:49.000Z,0.0001915,0x2660eea059925f8c7c2a4419b43af14eb5d24752,sell,0xaf4dce16da2877f8c9e00544c93b62ac40631f16,0x4e22a2c9f933b2745334ea178eb27bb73049d16e244aa7561521dbf5d73750f0
65,100000,10,0x2660eea059925f8c7c2a4419b43af14eb5d24752,2017-11-01T15:03:24.000Z,0.0001,0xe89a2a7a15cbaae3c58a03d79485373e216226d6,sell,0xaf4dce16da2877f8c9e00544c93b62ac40631f16,0x8b56647874b5e05d591df6f8f1ecd76e3d08be751f7a9438a728b87bf1c2b23b
66,4.98454,0.0010467534,0x65205b60ed271c6d56f1a17f8c5582ed8b42f94e,2017-11-01T13:58:59.000Z,0.00021,0xf84bfa23c2ab766c47056011b26e2d12ade5c754,sell,0xaf4dce16da2877f8c9e00544c93b62ac40631f16,0xf0cc8280d28de70440a411640d0d3c97400b326c6f69eb150aa3ffef9568dbd3
67,5,0.0010375,0xf84bfa23c2ab766c47056011b26e2d12ade5c754,2017-11-01T13:58:02.000Z,0.0002075,0x73255d98f7ac75beb5397febd37db3b3650d8156,buy,0xaf4dce16da2877f8c9e00544c93b62ac40631f16,0x79b3f9f292dbe07a6bd89f92adae34c389f151e84edf0bc68c0b9f4d1d6e8d64
68,1308.249,0.2616498,0xc4848c8c9e2325e32a1b3110229fe307ec5e6252,2017-11-01T13:49:49.000Z,0.0002,0xe5830fc331aa8eb94b6a6daba5ae0ad028e5e222,sell,0xaf4dce16da2877f8c9e00544c93b62ac40631f16,0xfb04ca2c5950f7245e47983a2597909d82e67e1592582125cdf67713cd18068c
69,736.49389,0.14849999953459,0x967e39e4f6b6f861b9bfb52a16ab43c8cacae90c,2017-11-01T13:41:57.000Z,0.000201631,0xe5830fc331aa8eb94b6a6daba5ae0ad028e5e222,sell,0xaf4dce16da2877f8c9e00544c93b62ac40631f16,0x3d331f0d2d55b853356a765387637d0dbde54b961a9b739875c7472a899c17db
70,16000,3.2,0xc4848c8c9e2325e32a1b3110229fe307ec5e6252,2017-11-01T13:41:18.000Z,0.0002,0xe5830fc331aa8eb94b6a6daba5ae0ad028e5e222,sell,0xaf4dce16da2877f8c9e00544c93b62ac40631f16,0xfa074e979a64208487a5e601732a1506bb52a965dbc57b07f16f5611ac2b91a3
71,24780.02294,4.956004588,0xc4848c8c9e2325e32a1b3110229fe307ec5e6252,2017-11-01T13:40:54.000Z,0.0002,0x98b8f889dbe2b5c4c5879f65e13b24012f2afdce,sell,0xaf4dce16da2877f8c9e00544c93b62ac40631f16,0x2864694d5954c18d117b7c655884fc5e115be44bfc00e83b56ceed5974d24d57
72,37911.72786,7.582345572,0xc4848c8c9e2325e32a1b3110229fe307ec5e6252,2017-11-01T13:39:04.000Z,0.0002,0x20d617e77957b34015ba154f622d64c4df1840d4,sell,0xaf4dce16da2877f8c9e00544c93b62ac40631f16,0x323dacd66017c7319b7d03c6f080ffa996d3c68bb4a9bddf3a026da1b1f46f18
73,20000,4,0xc4848c8c9e2325e32a1b3110229fe307ec5e6252,2017-11-01T13:39:04.000Z,0.0002,0x98b8f889dbe2b5c4c5879f65e13b24012f2afdce,sell,0xaf4dce16da2877f8c9e00544c93b62ac40631f16,0x75de314380384c3d92531f50131b8af3a28d92f445b7ca8df8648d40f2f12c44
74,2718.332,0.548099999492,0x967e39e4f6b6f861b9bfb52a16ab43c8cacae90c,2017-11-01T13:36:30.000Z,0.000201631,0xe5830fc331aa8eb94b6a6daba5ae0ad028e5e222,sell,0xaf4dce16da2877f8c9e00544c93b62ac40631f16,0x3969a4497e12b0c3b801bfdaa871bf45e8ea90e8bf29d3c981337e87b7a04f66
75,2485.9998,0.5012546256738,0x967e39e4f6b6f861b9bfb52a16ab43c8cacae90c,2017-11-01T13:31:48.000Z,0.000201631,0x20d617e77957b34015ba154f622d64c4df1840d4,sell,0xaf4dce16da2877f8c9e00544c93b62ac40631f16,0x983655d5b5d548598c41dd12d8cd49036cedc6f111289b4c77f1aeaad89f2f3b
76,2000,0.403262,0x967e39e4f6b6f861b9bfb52a16ab43c8cacae90c,2017-11-01T13:28:31.000Z,0.000201631,0x39bd12c87b8dc8875ca72208b45465d72d6f2874,sell,0xaf4dce16da2877f8c9e00544c93b62ac40631f16,0x50c66da8cc7bb6a264d138525fbf0ad5823f9be6b062e0515d1c08055ba87fbc
77,25000,5,0x5655963e6ce26df19cc2f251a813eb0e24a05fed,2017-11-01T13:05:48.000Z,0.0002,0x98b8f889dbe2b5c4c5879f65e13b24012f2afdce,sell,0xaf4dce16da2877f8c9e00544c93b62ac40631f16,0xc7be4269b7ce350b08b11c1f5ef6e7570a15374fa1191275572329d6e23ab7b7
78,54809.69616,10.961939232,0xc4848c8c9e2325e32a1b3110229fe307ec5e6252,2017-11-01T12:58:46.000Z,0.0002,0x1c679ec019415dace4fa133742bd61464eb1a902,sell,0xaf4dce16da2877f8c9e00544c93b62ac40631f16,0xc21a04f5e5994d6ae278903f72836f3cea4f62a13f0016c22f22875f9707030c
79,1000,0.2001,0xfcbd4e101074615d6db43f94eef63ec9306feabc,2017-11-01T12:58:34.000Z,0.0002001,0xa3b2ceb252ec28d6bb74c78831ebfa56829ff4ed,sell,0xaf4dce16da2877f8c9e00544c93b62ac40631f16,0x048add67ed6ac51d06ad04048d8183b7b8d737d21796bbf58a0b7f9b432075a3
80,1780.15941,0.356031882,0xc4848c8c9e2325e32a1b3110229fe307ec5e6252,2017-11-01T12:57:45.000Z,0.0002,0xe2eabfc1e89a462bbd2ba188cd8a9591a9a0d04e,sell,0xaf4dce16da2877f8c9e00544c93b62ac40631f16,0x70d87a1999917c9a692de10182b29bbca144870078777364e04bc9e8c9db07a6
81,18410.14443,3.682028886,0xc4848c8c9e2325e32a1b3110229fe307ec5e6252,2017-11-01T12:53:51.000Z,0.0002,0x98b8f889dbe2b5c4c5879f65e13b24012f2afdce,sell,0xaf4dce16da2877f8c9e00544c93b62ac40631f16,0x041db8ee5d82740086357d4000707dadc38ee6dc4294b2498a980be160bd2751
82,25000,5,0xc4848c8c9e2325e32a1b3110229fe307ec5e6252,2017-11-01T12:48:59.000Z,0.0002,0x98b8f889dbe2b5c4c5879f65e13b24012f2afdce,sell,0xaf4dce16da2877f8c9e00544c93b62ac40631f16,0x077ac163febd8287c6d4e8b41a889751381afaae3648995933714e7526cd5c18
83,1422.69733,0.29983346237265807,0xfc495c0f3ef141cbb3355d86bd662be19ab3cf9a,2017-11-01T12:30:27.000Z,0.00021075000005282786,0x73255d98f7ac75beb5397febd37db3b3650d8156,buy,0xaf4dce16da2877f8c9e00544c93b62ac40631f16,0x70e35673dd73804de56adb1768d08a7b9b85613ef1275635d1e13a588a881bd4
84,9558.546,1.9126650546,0xbc0945c667fadc26b9bf39e586b15eeb901e7d1c,2017-11-01T12:08:05.000Z,0.0002001,0x016ab691721a99da1c1489ca0ac8b549eb0f7713,sell,0xaf4dce16da2877f8c9e00544c93b62ac40631f16,0x0cc40245ae4d18b733d145a1530718164c45918a56bd5ad11889d8b49af70126
85,500,0.1,0xd67c4efd07ecc4bc7cc5daadfc460126a5c9139d,2017-11-01T11:10:55.000Z,0.0002,0x92bf16d51e1622a4d14735c33740d7054ea9fd44,sell,0xaf4dce16da2877f8c9e00544c93b62ac40631f16,0x123d75470986ebdcb06de8a4a9cdd47ce2fc21ef65500898e38e31241ca00382
86,500,0.10000055,0xadfac97883d508f98bf12e07a22a5348598a5a16,2017-11-01T11:08:58.000Z,0.0002000011,0xe2eabfc1e89a462bbd2ba188cd8a9591a9a0d04e,sell,0xaf4dce16da2877f8c9e00544c93b62ac40631f16,0xddddc2086b46a2fd01f2179f24de97532d11979600868326ac38b4bd1e43e101
87,716.522,0.14410690464,0x18e96886612735f0d509d139f304f108f79bc18c,2017-11-01T11:08:42.000Z,0.00020112,0xa3b2ceb252ec28d6bb74c78831ebfa56829ff4ed,sell,0xaf4dce16da2877f8c9e00544c93b62ac40631f16,0x1c10fa6e66fab4d4779763c57b50d7d385cee939bbe6b94820f5bcd17a6de30b
88,283.47771,0.0570130370352,0x18e96886612735f0d509d139f304f108f79bc18c,2017-11-01T11:02:44.000Z,0.00020112,0x3df86cefaecfaa31be2f74f8f832cb4ef62b79f8,sell,0xaf4dce16da2877f8c9e00544c93b62ac40631f16,0xc4ba41efd76234f68ba61c5101198ff3d08ca2470fcdc2d742f10e3715eb110b
89,10000,2,0x4f08864b39f8b00e991c1ea42f6b013f6d31ced4,2017-11-01T11:01:37.000Z,0.0002,0xe5830fc331aa8eb94b6a6daba5ae0ad028e5e222,sell,0xaf4dce16da2877f8c9e00544c93b62ac40631f16,0xf3d642022b02e908dda4a6d3abf97e57a9c525d7da3221a062dc543c6f6c160f
90,5338.916,1.0683170916,0xbc0945c667fadc26b9bf39e586b15eeb901e7d1c,2017-11-01T11:01:37.000Z,0.0002001,0xe5830fc331aa8eb94b6a6daba5ae0ad028e5e222,sell,0xaf4dce16da2877f8c9e00544c93b62ac40631f16,0x9a1a67b5d9f129d05c051a6689199bc30e525b796bb38193ec435c6ff3531118
91,10000,2,0xf9a51086b5ed37c64187d70baf5c45ffeadf573b,2017-11-01T11:00:53.000Z,0.0002,0x3df86cefaecfaa31be2f74f8f832cb4ef62b79f8,sell,0xaf4dce16da2877f8c9e00544c93b62ac40631f16,0x2aa7dfc4ab0aaaa660fcc45c5c95a74412c15ed62a35be094d6f10366bc44a57
92,10000,2,0x005e2b5853720cf760387bb2fb25c2468091e4b1,2017-11-01T11:00:53.000Z,0.0002,0x3df86cefaecfaa31be2f74f8f832cb4ef62b79f8,sell,0xaf4dce16da2877f8c9e00544c93b62ac40631f16,0x14402378bd7472ea2dcf093205c468671750e14b7f68819317d372feb95bd329
93,26120.038,5.2240076,0x0f1b76410215ed963ea2c3d3eaddd4a56350b422,2017-11-01T11:00:43.000Z,0.0002,0x3df86cefaecfaa31be2f74f8f832cb4ef62b79f8,sell,0xaf4dce16da2877f8c9e00544c93b62ac40631f16,0x0a2b9fe810909a1bdf3cdacf2c4340ae7ea69bc0baf7660966a3e7dc66bc0ab8
94,26120.038,5.2240076,0x0f1b76410215ed963ea2c3d3eaddd4a56350b422,2017-11-01T11:00:26.000Z,0.0002,0x3df86cefaecfaa31be2f74f8f832cb4ef62b79f8,sell,0xaf4dce16da2877f8c9e00544c93b62ac40631f16,0x0a2b9fe810909a1bdf3cdacf2c4340ae7ea69bc0baf7660966a3e7dc66bc0ab8
95,9621.5,2.11673,0xc4848c8c9e2325e32a1b3110229fe307ec5e6252,2017-11-01T10:45:51.000Z,0.00022,0x98b8f889dbe2b5c4c5879f65e13b24012f2afdce,sell,0xaf4dce16da2877f8c9e00544c93b62ac40631f16,0x1c95c5e1a817500b7e9fd1d1f39025c23f05fc50e29a1bb30f97a322878839e8
96,20545.96197,4.109192394,0x0f1b76410215ed963ea2c3d3eaddd4a56350b422,2017-11-01T10:44:34.000Z,0.0002,0x3df86cefaecfaa31be2f74f8f832cb4ef62b79f8,sell,0xaf4dce16da2877f8c9e00544c93b62ac40631f16,0xbb113df27535901c822fa7d2d4985390f12c88def44b0f697e651837b7bb3d16
97,10000,2.0171,0x3833f8dbdbd6bdcb6a883ff209b869148965b364,2017-11-01T10:42:51.000Z,0.00020171,0xa3b2ceb252ec28d6bb74c78831ebfa56829ff4ed,sell,0xaf4dce16da2877f8c9e00544c93b62ac40631f16,0x297b3f68bcdc9245e775e42f3998903ccfe37923eda9f322e5cd9c48d9810531
98,39264.21281,7.92552061991131,0xc4848c8c9e2325e32a1b3110229fe307ec5e6252,2017-11-01T10:41:33.000Z,0.000201851,0x3df86cefaecfaa31be2f74f8f832cb4ef62b79f8,sell,0xaf4dce16da2877f8c9e00544c93b62ac40631f16,0x12fdc80cb5f7242d5a11793606a0d5481bca585912cdd7c1207d820c85aa0f09
99,50000,11,0xc4848c8c9e2325e32a1b3110229fe307ec5e6252,2017-11-01T10:40:56.000Z,0.00022,0xe5830fc331aa8eb94b6a6daba5ae0ad028e5e222,sell,0xaf4dce16da2877f8c9e00544c93b62ac40631f16,0x135f03a4ea81270163eb4ef78b3a8bad463c917ffb3a3f7733e5f1543b2675e1
100,8892.43348,1.79494659037148,0xc4848c8c9e2325e32a1b3110229fe307ec5e6252,2017-11-01T10:40:56.000Z,0.000201851,0x0cdc9010e997542b7cd7c382316953a41e5461e8,sell,0xaf4dce16da2877f8c9e00544c93b62ac40631f16,0xbc70d54a0aa0a2c749e34438d448a802f7216f332cf1921a1a89ef37526d96bb
101,12999.99999,2.8339999978200003,0xf44072eda87ede9613b6ae1b812de8a60ade27a2,2017-11-01T10:39:27.000Z,0.000218,0x01c05bf83d6fa609939821ab2b2d9267bd2f2273,buy,0xaf4dce16da2877f8c9e00544c93b62ac40631f16,0x658e061cbc164634ca748de17c9f2d7e65fe92ce43a2fd5ab86845b622cb9b00
102,12960.99999,2.8514199978,0xc4848c8c9e2325e32a1b3110229fe307ec5e6252,2017-11-01T10:39:27.000Z,0.00022,0xf44072eda87ede9613b6ae1b812de8a60ade27a2,sell,0xaf4dce16da2877f8c9e00544c93b62ac40631f16,0x658e061cbc164634ca748de17c9f2d7e65fe92ce43a2fd5ab86845b622cb9b00
103,20000,4.3596,0xf44072eda87ede9613b6ae1b812de8a60ade27a2,2017-11-01T10:38:37.000Z,0.00021798,0xe5830fc331aa8eb94b6a6daba5ae0ad028e5e222,buy,0xaf4dce16da2877f8c9e00544c93b62ac40631f16,0xf5d4cb45f7b61526e2e74a93b0dd83776cbca68bc0a72b10992f46d5e72fd65f
104,19940,4.3868,0xc4848c8c9e2325e32a1b3110229fe307ec5e6252,2017-11-01T10:38:37.000Z,0.00022,0xf44072eda87ede9613b6ae1b812de8a60ade27a2,sell,0xaf4dce16da2877f8c9e00544c93b62ac40631f16,0xf5d4cb45f7b61526e2e74a93b0dd83776cbca68bc0a72b10992f46d5e72fd65f
105,7477.5,1.64505,0xc4848c8c9e2325e32a1b3110229fe307ec5e6252,2017-11-01T10:37:42.000Z,0.00022,0x273a5d3e6721b9f5c1a6474f560c1334c63dda01,sell,0xaf4dce16da2877f8c9e00544c93b62ac40631f16,0x5bd795fd94b8ce044d489b58a74e43ba24975c3232c3dd326308724b28c9aa51
106,7500,1.62,0x273a5d3e6721b9f5c1a6474f560c1334c63dda01,2017-11-01T10:37:42.000Z,0.000216,0xfbf7dc0756a9768d0c71aea5f8421f3b1eaee7d1,buy,0xaf4dce16da2877f8c9e00544c93b62ac40631f16,0x5bd795fd94b8ce044d489b58a74e43ba24975c3232c3dd326308724b28c9aa51
107,31843.23389,6.42758860393039,0xc4848c8c9e2325e32a1b3110229fe307ec5e6252,2017-11-01T10:32:24.000Z,0.000201851,0xe5830fc331aa8eb94b6a6daba5ae0ad028e5e222,sell,0xaf4dce16da2877f8c9e00544c93b62ac40631f16,0xff10ebcc1a337550c7feb3eeecb3bcc268cb07b5bff1a153246f5d0df8f866fa
108,0.11982,0.00002418578682,0xc4848c8c9e2325e32a1b3110229fe307ec5e6252,2017-11-01T10:30:48.000Z,0.000201851,0x0cdc9010e997542b7cd7c382316953a41e5461e8,sell,0xaf4dce16da2877f8c9e00544c93b62ac40631f16,0x3dfcc6ee69c3aecdec14a3d06cd56100829991c571f4b11181648d76205eae59
109,2963.11066,0.6519139763066,0xbc0945c667fadc26b9bf39e586b15eeb901e7d1c,2017-11-01T10:30:28.000Z,0.00022001,0x2755d1e38bc41aa42ca9bbef7cbde67944bf2173,sell,0xaf4dce16da2877f8c9e00544c93b62ac40631f16,0x32efa18986140b80cda2c6daabb37fb4d07371d62a132414b4488f35fc01a414
110,2972,0.599901172,0x2755d1e38bc41aa42ca9bbef7cbde67944bf2173,2017-11-01T10:30:28.000Z,0.000201851,0x0cdc9010e997542b7cd7c382316953a41e5461e8,buy,0xaf4dce16da2877f8c9e00544c93b62ac40631f16,0x32efa18986140b80cda2c6daabb37fb4d07371d62a132414b4488f35fc01a414
111,20000,4.03702,0xc4848c8c9e2325e32a1b3110229fe307ec5e6252,2017-11-01T10:26:40.000Z,0.000201851,0xe5830fc331aa8eb94b6a6daba5ae0ad028e5e222,sell,0xaf4dce16da2877f8c9e00544c93b62ac40631f16,0xc0db65956f54ed00c68215695f61d9e0bcae829ea6a0f49f513a41ae971f1d6e
112,2042.87138,0.4494521323138,0xbc0945c667fadc26b9bf39e586b15eeb901e7d1c,2017-11-01T10:22:02.000Z,0.00022001,0x2755d1e38bc41aa42ca9bbef7cbde67944bf2173,sell,0xaf4dce16da2877f8c9e00544c93b62ac40631f16,0xbd5fa35bfa5d786ccb441176f76bc2fcc23e602202b738b2b74007f3e7f69382
113,2049,0.41359065,0x2755d1e38bc41aa42ca9bbef7cbde67944bf2173,2017-11-01T10:22:02.000Z,0.00020185,0x0cdc9010e997542b7cd7c382316953a41e5461e8,buy,0xaf4dce16da2877f8c9e00544c93b62ac40631f16,0xbd5fa35bfa5d786ccb441176f76bc2fcc23e602202b738b2b74007f3e7f69382
114,2048.3202,0.4137606804,0x0cdc9010e997542b7cd7c382316953a41e5461e8,2017-11-01T09:45:12.000Z,0.000202,0x9f7036f87d36f286f77c961a42ac536ac7dd4eba,sell,0xaf4dce16da2877f8c9e00544c93b62ac40631f16,0xde7842822535e4c2f133691f66ea5a089ed0f74a09b9397ae496b5b4e9f612c2
115,2329.60382,0.5094610601328555,0xfc495c0f3ef141cbb3355d86bd662be19ab3cf9a,2017-11-01T09:03:45.000Z,0.00021869000031638663,0xe5830fc331aa8eb94b6a6daba5ae0ad028e5e222,buy,0xaf4dce16da2877f8c9e00544c93b62ac40631f16,0x58219a1fee4eb7c89f61456bcab83e2079c3228df77f8e8156d00dacea39bfda
116,489,0.1027389,0x18e96886612735f0d509d139f304f108f79bc18c,2017-11-01T07:56:50.000Z,0.0002101,0x0cdc9010e997542b7cd7c382316953a41e5461e8,buy,0xaf4dce16da2877f8c9e00544c93b62ac40631f16,0xc4d49b67cd388f8c81cefa42555819fc24d43b397243872d38168cebc9177652
117,1000,0.21,0x1ac4b79ef7ce9a8dc9eb03aa17b78a95b13be050,2017-11-01T07:43:19.000Z,0.00021,0x0cdc9010e997542b7cd7c382316953a41e5461e8,sell,0xaf4dce16da2877f8c9e00544c93b62ac40631f16,0x98dc9eccb6642501f99322e502c470966405f077562d21a8c92b485c27fc22b3
118,500,0.11,0x39bd12c87b8dc8875ca72208b45465d72d6f2874,2017-11-01T05:49:45.000Z,0.00022,0x0cdc9010e997542b7cd7c382316953a41e5461e8,buy,0xaf4dce16da2877f8c9e00544c93b62ac40631f16,0xe2ed0f3484715164100a6453b3e124602ca562b7aebfb5806d2c2fdbbc598927
119,329.016,0.072054504,0x39bd12c87b8dc8875ca72208b45465d72d6f2874,2017-11-01T05:27:01.000Z,0.000219,0x7f71c1b616ede8af875803af51efeeaf8b048d58,buy,0xaf4dce16da2877f8c9e00544c93b62ac40631f16,0x60366e9251438cc845b477745bf42e329626cf2d05f03ee2d5f9db7c83177691
120,1060.219,0.21375075259,0xe5830fc331aa8eb94b6a6daba5ae0ad028e5e222,2017-11-01T00:20:15.000Z,0.00020161,0x14e942eab884e47a940768f4c7e5225089e51001,sell,0xaf4dce16da2877f8c9e00544c93b62ac40631f16,0xc1280b32bcb264012f18655c14164a02043a59fc461c050ffb7b2483f3b45977
121,233.64153,0.04710493614636,0x3dee4a4e076e8d82859d241db0baf46f112cfa23,2017-10-31T23:16:54.000Z,0.000201612,0x6f32259c9deb25f94f7a7719d92d94e5bf0ac2fa,sell,0xaf4dce16da2877f8c9e00544c93b62ac40631f16,0xde8e541d540e63e279822c0a7a3b29ea4e07f64ae6162ebfc00c98abe5076d12
122,401.08551,0.08302470057,0x016ab691721a99da1c1489ca0ac8b549eb0f7713,2017-10-31T23:14:46.000Z,0.000207,0x6f32259c9deb25f94f7a7719d92d94e5bf0ac2fa,sell,0xaf4dce16da2877f8c9e00544c93b62ac40631f16,0x5832f38a42e437f16c310e66965cd7e90c9996d81946d28de7f817d47e0aa3c2
123,3525,0.74025,0xa54ffa43d11698bc300d924781518b71dd10f0a8,2017-10-31T23:14:35.000Z,0.00021,0x6f32259c9deb25f94f7a7719d92d94e5bf0ac2fa,sell,0xaf4dce16da2877f8c9e00544c93b62ac40631f16,0x0afc43096471bd0a35c4b2068e18b8439a237b800e1e79d503cea31ad6ba057e
124,500,0.105005,0x18e96886612735f0d509d139f304f108f79bc18c,2017-10-31T23:13:24.000Z,0.00021001,0x6f32259c9deb25f94f7a7719d92d94e5bf0ac2fa,sell,0xaf4dce16da2877f8c9e00544c93b62ac40631f16,0x91cce86ca81292ea7cbff1b429caa8cd4f4bb7ccaaf856c253cee5b3fcee91b0
125,297.10396,0.063015749916,0x9ba6f2851c8afe6be654fbd4c3dc7e9e64cffe53,2017-10-31T23:13:16.000Z,0.0002121,0x6f32259c9deb25f94f7a7719d92d94e5bf0ac2fa,sell,0xaf4dce16da2877f8c9e00544c93b62ac40631f16,0x9f2c3dcfa63705faa4f80dbd6df03368be8dcbe82cdeed1ed58f1ba190f2d3ba
126,200,0.04244,0xbde166024b8e84042dd97dc292b130bf0cc715fa,2017-10-31T23:13:16.000Z,0.0002122,0x6f32259c9deb25f94f7a7719d92d94e5bf0ac2fa,sell,0xaf4dce16da2877f8c9e00544c93b62ac40631f16,0x0693c41a92bc69bdcf977308a865b91384d15404b6b105a30a0fe79e7ce35449
127,13.83263,0.00298784808,0xd6ae6f4d23eb1d5679ffccda91d50b031cc34a5e,2017-10-31T23:12:19.000Z,0.000216,0x6f32259c9deb25f94f7a7719d92d94e5bf0ac2fa,sell,0xaf4dce16da2877f8c9e00544c93b62ac40631f16,0x2f86de4d8708bcce6363fd5526dcbac0a9979cfd46e2fabf65e38b7cd842a5a8
128,0.68006,0.00014689296,0xd6ae6f4d23eb1d5679ffccda91d50b031cc34a5e,2017-10-31T22:46:42.000Z,0.000216,0xa48e6637d5d081d1d7a72dd4636f7baf31aa7256,sell,0xaf4dce16da2877f8c9e00544c93b62ac40631f16,0xc802fc2ae925969c0b7af2090fb5d447dd4fe5c9f695ffa0315a2f49e0a84a62
129,6821.61,1.37531843532,0x3dee4a4e076e8d82859d241db0baf46f112cfa23,2017-10-31T22:45:16.000Z,0.000201612,0xa48e6637d5d081d1d7a72dd4636f7baf31aa7256,sell,0xaf4dce16da2877f8c9e00544c93b62ac40631f16,0x9e0ae1f4f7f5c078c7cbabd49d24e0c3ef5bba236ef3921578b77eb7db8732cb
130,5000,1.038,0xb1d70e579dda889cc0350a846741ba8a2ba1837a,2017-10-31T22:43:34.000Z,0.0002076,0xa48e6637d5d081d1d7a72dd4636f7baf31aa7256,sell,0xaf4dce16da2877f8c9e00544c93b62ac40631f16,0x5a268cfaf33be1b8fc2bb58a31966b29c177a8554bd0595ed934440b3d11fda9
131,574.15454,0.124074796094,0x0cdc9010e997542b7cd7c382316953a41e5461e8,2017-10-31T22:42:09.000Z,0.0002161,0xa48e6637d5d081d1d7a72dd4636f7baf31aa7256,sell,0xaf4dce16da2877f8c9e00544c93b62ac40631f16,0xda542ec71299242b76246b3f44b343904b5dc516d8108e17f486d9b8ec8f5b70
132,50,0.011005,0xd6146c64896d92d4d32c37cb06779ddf20a05c82,2017-10-31T22:41:41.000Z,0.0002201,0xa48e6637d5d081d1d7a72dd4636f7baf31aa7256,sell,0xaf4dce16da2877f8c9e00544c93b62ac40631f16,0xe24b8ac5777c2a46bf109d92a3da6547f395dfaa808a52e0176219faaf32ca66
133,997.14447,0.23781895623566943,0x74d8c17cbfd07dc7aa162dd82b4684d0d3ea73ee,2017-10-31T21:42:29.000Z,0.00023850000014107226,0x18e96886612735f0d509d139f304f108f79bc18c,buy,0xaf4dce16da2877f8c9e00544c93b62ac40631f16,0xe5979a3555c5c4a75ae03f72ceec1d4e20768dc6fcc35a052466c4d32caec64f
134,9598.91449,1.98697529943,0x016ab691721a99da1c1489ca0ac8b549eb0f7713,2017-10-31T21:34:12.000Z,0.000207,0x3df86cefaecfaa31be2f74f8f832cb4ef62b79f8,sell,0xaf4dce16da2877f8c9e00544c93b62ac40631f16,0x232a45b56defdef5fc417df97997474614f998e412d300c5dfbfd1bfae755790
135,2066.829,0.454706513658,0xc11f32a3d45a3dc54b34234dd2b9f46292e69c02,2017-10-31T21:33:05.000Z,0.000220002,0x3df86cefaecfaa31be2f74f8f832cb4ef62b79f8,sell,0xaf4dce16da2877f8c9e00544c93b62ac40631f16,0xdf930e832caa05c759c4aff46d18fa8674a982b4be90ab0745bd9eb6b382f4ae
136,13000,2.6975,0x009a12d4290630bc01fd82516ac57c1dc6a9bcfb,2017-10-31T21:32:11.000Z,0.0002075,0x3df86cefaecfaa31be2f74f8f832cb4ef62b79f8,sell,0xaf4dce16da2877f8c9e00544c93b62ac40631f16,0x54042ef0ec33d4dc53dd5861ce1f58a3c1dd236846e1dd5db4d7011d28ab056c
137,3780.005,0.8316011,0x50c2bf0fe6d4824a44e43e02d76e2b32ea62daa1,2017-10-31T21:31:17.000Z,0.00022,0x3df86cefaecfaa31be2f74f8f832cb4ef62b79f8,sell,0xaf4dce16da2877f8c9e00544c93b62ac40631f16,0xab5ef848141129875a0f5303d70badabfd461df1504aa0d4d56056bfbd1f7a10
138,6015.58,1.32344564674,0x57e2cd54f829a084aa4020fa365b6d5d1692f261,2017-10-31T21:30:46.000Z,0.000220003,0x3df86cefaecfaa31be2f74f8f832cb4ef62b79f8,sell,0xaf4dce16da2877f8c9e00544c93b62ac40631f16,0x0bdbfff5232b2be5e3136a46b95f328021234e42ebb143e4ceed57e0fd793e6f
139,6723.47604,1.4791647288,0x50c2bf0fe6d4824a44e43e02d76e2b32ea62daa1,2017-10-31T21:21:16.000Z,0.00022,0x3df86cefaecfaa31be2f74f8f832cb4ef62b79f8,sell,0xaf4dce16da2877f8c9e00544c93b62ac40631f16,0xe89e6a25b31155453964cbb3ac95aa6dcad36b2258f0fbab7ca5d144b9d8d113
140,7127.73722,1.5681021884,0x50c2bf0fe6d4824a44e43e02d76e2b32ea62daa1,2017-10-31T21:04:42.000Z,0.00022,0x669f0ab96fd3beb68bc836bb874894bbb516331a,sell,0xaf4dce16da2877f8c9e00544c93b62ac40631f16,0x2358c5cf6f36ad38f372a7d1a433c8a871b343b4c825e240a05fa40718349b49
141,748.0459,0.1645723421377,0x57e2cd54f829a084aa4020fa365b6d5d1692f261,2017-10-31T21:00:13.000Z,0.000220003,0x37b8817bddb22eca13f183e55eca8b3589ac30cd,sell,0xaf4dce16da2877f8c9e00544c93b62ac40631f16,0x846cf297e0fb5057235f90aef5ea9c9bd99d16d26ccca4631adcb2d32df19c7c
142,1.93355,0.0004563178,0x646904c5dfad32392ed4cbb60c77c0ac3816756c,2017-10-31T19:09:01.000Z,0.000236,0x75dfd65d343c6c5d6dfbfb4bb933368a9ba88cea,sell,0xaf4dce16da2877f8c9e00544c93b62ac40631f16,0x1d09d8a792d3d866478f61b408cb49f722431dca454d1af21ea1bac6cf5ece99
143,19395.37991,4.26704176633973,0x57e2cd54f829a084aa4020fa365b6d5d1692f261,2017-10-31T19:07:17.000Z,0.000220003,0x75dfd65d343c6c5d6dfbfb4bb933368a9ba88cea,sell,0xaf4dce16da2877f8c9e00544c93b62ac40631f16,0x5268e61de2b7d115f5f5c05e9e854f6315157f6fd4df3c982657f9296cf0be24
144,343.443,0.075558833772,0x959b6a1cd10460e772b3b033eef8fa3d72fe9169,2017-10-31T19:05:42.000Z,0.000220004,0x75dfd65d343c6c5d6dfbfb4bb933368a9ba88cea,sell,0xaf4dce16da2877f8c9e00544c93b62ac40631f16,0x462add203c5e54d851cb0e439911dd27d7d705fae4f7ae6b49d8198d0a751901
145,199.42283,0.04407244543,0x39bd12c87b8dc8875ca72208b45465d72d6f2874,2017-10-31T19:05:09.000Z,0.000221,0x75dfd65d343c6c5d6dfbfb4bb933368a9ba88cea,sell,0xaf4dce16da2877f8c9e00544c93b62ac40631f16,0x37b32661621bf9d572d6a015ef59e7d20d20d5fc4e56ca65e9bc1c817273bdf4
146,4336.55667,0.95405981362668,0x959b6a1cd10460e772b3b033eef8fa3d72fe9169,2017-10-31T18:42:22.000Z,0.000220004,0x91b90dace88acce9927116900bede30a16e1f633,sell,0xaf4dce16da2877f8c9e00544c93b62ac40631f16,0xcde57ece8e682ee6fb66125a1ccc3d8f8a8baa72c64bc9acb003a7f6dc3e2809
147,1800.57717,0.39792755457,0x39bd12c87b8dc8875ca72208b45465d72d6f2874,2017-10-31T18:40:41.000Z,0.000221,0x22d8da44830f087cc11bc2fa122cf7ae3d9e07ed,sell,0xaf4dce16da2877f8c9e00544c93b62ac40631f16,0x311ea59261f48808fa4f3f3dc8e30cf6a703676b5e4ea1c52250c8a570413e07
148,740,0.16280222,0x57e2cd54f829a084aa4020fa365b6d5d1692f261,2017-10-31T17:52:33.000Z,0.000220003,0x67c6a71633681e760d85080503edd7283860ebcf,sell,0xaf4dce16da2877f8c9e00544c93b62ac40631f16,0xfd7cd9c6e848cd442bdcdb6705eee6e15b36ce0740a75948f19971e4667cbd7c
149,1739,0.39997,0x39bd12c87b8dc8875ca72208b45465d72d6f2874,2017-10-31T17:31:02.000Z,0.00023,0x2bea862d6c4784cb40b991d763afde097394d8c6,sell,0xaf4dce16da2877f8c9e00544c93b62ac40631f16,0x70dac93b8f3746b360a9aff04aafbb97f430335bbba8ec6f7e556ff1f9f0526d
150,0.99383,0.00021864558149,0x57e2cd54f829a084aa4020fa365b6d5d1692f261,2017-10-31T17:01:29.000Z,0.000220003,0x26a7f4ab31d95cb549daaf4c0335bd7204581f05,sell,0xaf4dce16da2877f8c9e00544c93b62ac40631f16,0x6ccce67121283f785e4188567b582cce04f9566946ee5e6199d64e90f75b9b14
151,0.2426,0.0000533724852,0xc11f32a3d45a3dc54b34234dd2b9f46292e69c02,2017-10-31T16:34:08.000Z,0.000220002,0xaab4f6c33ffcfd1651b05dccd02d8159155e2e1b,sell,0xaf4dce16da2877f8c9e00544c93b62ac40631f16,0x35e80d003f25874ff206cc867a4849d7bb3f41a388fedd92f6f4e168b4855379
152,2433.52578,0.53538053865156,0xc11f32a3d45a3dc54b34234dd2b9f46292e69c02,2017-10-31T16:32:21.000Z,0.000220002,0xaab4f6c33ffcfd1651b05dccd02d8159155e2e1b,sell,0xaf4dce16da2877f8c9e00544c93b62ac40631f16,0x706796b773c49cf69d21de5595c4b636ebad234a2da4f94d354db2bf630d37a8
153,1993.81916,0.43864420283832,0xc11f32a3d45a3dc54b34234dd2b9f46292e69c02,2017-10-31T16:29:20.000Z,0.000220002,0x94100c9579eeccae6e1f662c92c1cd366fc514a8,sell,0xaf4dce16da2877f8c9e00544c93b62ac40631f16,0x061cad6476f9c92f8e5fff7ef2da4154637a5d15a450ed8a8ff8eab83fb81251
154,1993.81916,0.43864420283832,0xc11f32a3d45a3dc54b34234dd2b9f46292e69c02,2017-10-31T16:21:20.000Z,0.000220002,0xe69c0ec93893cb3ddd03b390c8bb206290b057f4,sell,0xaf4dce16da2877f8c9e00544c93b62ac40631f16,0x61d649cbee82217c5ffc41d54e261fc095618adff546113e16304471f0699ca1
155,377.76393,0.08310882012786,0xc11f32a3d45a3dc54b34234dd2b9f46292e69c02,2017-10-31T16:08:05.000Z,0.000220002,0x9ccabe095473af82377ce44770bbbed0d83a20c5,sell,0xaf4dce16da2877f8c9e00544c93b62ac40631f16,0x2a4588ab188aecc9d0d31d5c2278999dace450b5046dd143f2ce2f2ada798ce1
156,4233,0.97359,0xcb1ab94d76842a8c63ba853fe87665454f4f49b1,2017-10-31T15:19:06.000Z,0.00023,0x7e3d133519d9f83319315e058d622802f044b4e3,buy,0xaf4dce16da2877f8c9e00544c93b62ac40631f16,0x1c74e6873226d7ad3625a0e526795159f0ceddbad3c083871408331b57c6f81f
157,1495,0.339365,0xcb1ab94d76842a8c63ba853fe87665454f4f49b1,2017-10-31T15:18:58.000Z,0.000227,0xb1d70e579dda889cc0350a846741ba8a2ba1837a,buy,0xaf4dce16da2877f8c9e00544c93b62ac40631f16,0xc32ae18e47c184098b3598109638cbc094a972009b4438b9ae9ecb5bebfb0b44
158,1186.20775,0.260965705,0x50c2bf0fe6d4824a44e43e02d76e2b32ea62daa1,2017-10-31T14:58:09.000Z,0.00022,0xaf8040b9fefe7eb6e2d84611e1904f253b3be5b0,sell,0xaf4dce16da2877f8c9e00544c93b62ac40631f16,0xcc18dd016267125b31870df4371197f77c03c52ba2579c4352e7f19fe517250f
159,1182.57364,0.2601662008,0x50c2bf0fe6d4824a44e43e02d76e2b32ea62daa1,2017-10-31T14:21:57.000Z,0.00022,0x7fefa6891d1c0085efb9d8191919005919a337df,sell,0xaf4dce16da2877f8c9e00544c93b62ac40631f16,0x88f611b041da2c8535661193b9f3904c9efb1aba2295eac79306e29836e4f643
160,199.38191,0.043086430751,0x0cdc9010e997542b7cd7c382316953a41e5461e8,2017-10-31T13:10:23.000Z,0.0002161,0xd325f013d064d4769f0013bf9322179e0987b01d,sell,0xaf4dce16da2877f8c9e00544c93b62ac40631f16,0x3632b6af3901c881ee0e2020efaae7a3d09c221ac2aa50ecb2ab2a9f8acafa36
161,820,0.195816,0xdf13d76cdc478b5098d1861068acaceda0f823a5,2017-10-31T12:32:26.000Z,0.0002388,0x0cdc9010e997542b7cd7c382316953a41e5461e8,buy,0xaf4dce16da2877f8c9e00544c93b62ac40631f16,0x5d2358fe51c901000fbeee9a68e9b66aadc63312b4e3a04ad0c3a371b9ac8d4b
162,702.89604,0.149084250084,0x9ba6f2851c8afe6be654fbd4c3dc7e9e64cffe53,2017-10-31T12:31:48.000Z,0.0002121,0x002a8e89cf6e9496bdd4dabb59155fd4d73ba895,sell,0xaf4dce16da2877f8c9e00544c93b62ac40631f16,0x38eeb2450e9c41bed0d05e6166346568dde945a27a8b2a37acf8ee441f15ed1b
163,239.002,0.051624432,0x016ab691721a99da1c1489ca0ac8b549eb0f7713,2017-10-31T12:29:11.000Z,0.000216,0x002a8e89cf6e9496bdd4dabb59155fd4d73ba895,sell,0xaf4dce16da2877f8c9e00544c93b62ac40631f16,0x134d656f532931f8d0a79f367873805b7ab1334077edc6d15efb8c53d4cb50a0
164,20,0.004322,0xd6ae6f4d23eb1d5679ffccda91d50b031cc34a5e,2017-10-31T12:29:03.000Z,0.0002161,0x002a8e89cf6e9496bdd4dabb59155fd4d73ba895,sell,0xaf4dce16da2877f8c9e00544c93b62ac40631f16,0x729a3d193bdabaa9c990d1c456c5e62e5e71441a49190d071b9053f00d921869
165,20,0.0044,0xd6ae6f4d23eb1d5679ffccda91d50b031cc34a5e,2017-10-31T12:29:03.000Z,0.00022,0x002a8e89cf6e9496bdd4dabb59155fd4d73ba895,sell,0xaf4dce16da2877f8c9e00544c93b62ac40631f16,0x51ea2e658f47406b2e005faf510dbb643760ad90daa8d55fe6b431bca3fc5ae7
166,32.46356,0.007015375316,0x0cdc9010e997542b7cd7c382316953a41e5461e8,2017-10-31T12:29:03.000Z,0.0002161,0x002a8e89cf6e9496bdd4dabb59155fd4d73ba895,sell,0xaf4dce16da2877f8c9e00544c93b62ac40631f16,0x2cf32b57568b529b4d77098de2d9e0c455f84e3b302194c2bdd97d3b3efd698b
167,7.13364,0.0015694008,0xf9a51086b5ed37c64187d70baf5c45ffeadf573b,2017-10-31T12:28:32.000Z,0.00022,0x002a8e89cf6e9496bdd4dabb59155fd4d73ba895,sell,0xaf4dce16da2877f8c9e00544c93b62ac40631f16,0x7a86abcadd0af0a26c8c3552cb590541c9ad49bc00d9b0138cd4b9ed2bbf05a4
168,1495,0.31395,0xb1d70e579dda889cc0350a846741ba8a2ba1837a,2017-10-31T11:26:20.000Z,0.00021,0xc7bc6707602066bfa0e3235280e78dd39653ce42,sell,0xaf4dce16da2877f8c9e00544c93b62ac40631f16,0xa1f4b127e2fada068364e9037698648267f3d8a3857a4f571fd4b15c66c82c66
169,0.00005,0.000000011,0xf9a51086b5ed37c64187d70baf5c45ffeadf573b,2017-10-31T11:11:05.000Z,0.00022,0xf4ed56fb09147f59cea368560617e2342bfd5259,sell,0xaf4dce16da2877f8c9e00544c93b62ac40631f16,0x3847543ac0885304a636c9bde468b7aa0c300e3a72867d57352ad3f10f464786
170,7.82574,0.0017216628,0xf9a51086b5ed37c64187d70baf5c45ffeadf573b,2017-10-31T11:09:03.000Z,0.00022,0xdd5b12928f6d231a38540e7d3c677a9630371e8a,sell,0xaf4dce16da2877f8c9e00544c93b62ac40631f16,0x58a096114d9226ffea181c0f7e66d0fa2f576701c5a49da650af41950a99d651
171,3250,0.702,0x016ab691721a99da1c1489ca0ac8b549eb0f7713,2017-10-31T11:07:13.000Z,0.000216,0xdd5b12928f6d231a38540e7d3c677a9630371e8a,sell,0xaf4dce16da2877f8c9e00544c93b62ac40631f16,0x75fe62f8a6c10eef05deff4d1b95af15da61513f67dc38a9a0ac16a57a5dbfd4
172,1510.9979,0.3263755464,0x016ab691721a99da1c1489ca0ac8b549eb0f7713,2017-10-31T11:03:19.000Z,0.000216,0x7e4be1ff83f89846fe1b3c3d2521ef74b4d4b626,sell,0xaf4dce16da2877f8c9e00544c93b62ac40631f16,0xf208429160eabdb5d5867a2793dbe0569f18a0714dfc521e6c61cea2aaa2baba
173,1993.99999,0.430903397839,0x0cdc9010e997542b7cd7c382316953a41e5461e8,2017-10-31T10:53:37.000Z,0.0002161,0xf44072eda87ede9613b6ae1b812de8a60ade27a2,sell,0xaf4dce16da2877f8c9e00544c93b62ac40631f16,0x0d30fe03e91cc329c99d7a69f91c6b3695e7b3cc33e872d8073a99db094f9d71
174,1999.99999,0.42399999788,0xf44072eda87ede9613b6ae1b812de8a60ade27a2,2017-10-31T10:53:37.000Z,0.000212,0xec21aa4b2f787ec674293f703afd03d89d018694,buy,0xaf4dce16da2877f8c9e00544c93b62ac40631f16,0x0d30fe03e91cc329c99d7a69f91c6b3695e7b3cc33e872d8073a99db094f9d71
175,1000,0.2235,0x18e96886612735f0d509d139f304f108f79bc18c,2017-10-31T10:46:06.000Z,0.0002235,0x0cdc9010e997542b7cd7c382316953a41e5461e8,sell,0xaf4dce16da2877f8c9e00544c93b62ac40631f16,0xaed0bbef314df34fb028da5af16ff54be5ba2949139dba5d6456a1f080598213
176,400,0.09,0x9ba6f2851c8afe6be654fbd4c3dc7e9e64cffe53,2017-10-31T10:46:06.000Z,0.000225,0x0cdc9010e997542b7cd7c382316953a41e5461e8,sell,0xaf4dce16da2877f8c9e00544c93b62ac40631f16,0xafe366bf4421d031742fd57c96bf7c4fc039f0836bd0671bc99009be2a60143c
177,0.49691,0.0001093202,0xf9a51086b5ed37c64187d70baf5c45ffeadf573b,2017-10-31T10:45:14.000Z,0.00022,0xf4ed56fb09147f59cea368560617e2342bfd5259,sell,0xaf4dce16da2877f8c9e00544c93b62ac40631f16,0xef99faee476ef7ded1ac3a616b93f31d6d268315e225cf9ca6bd9bdc3af1e7aa
178,4984.54366,1.0965996052,0xf9a51086b5ed37c64187d70baf5c45ffeadf573b,2017-10-31T10:42:07.000Z,0.00022,0xf4ed56fb09147f59cea368560617e2342bfd5259,sell,0xaf4dce16da2877f8c9e00544c93b62ac40631f16,0x45613b323d6d2b4ece3410a29001124c0d7ba88fba1cd39025680e9553d18f3b
179,20,0.0044,0xfa80ec8c18013a7d34314576a37181e8659380e1,2017-10-31T10:36:48.000Z,0.00022,0x01c05bf83d6fa609939821ab2b2d9267bd2f2273,sell,0xaf4dce16da2877f8c9e00544c93b62ac40631f16,0x7f5cc592a6e6f6564e21bd637f68b8a861a62d01ada801bf0eaa429854cfa668
180,20,0.0046,0xfa80ec8c18013a7d34314576a37181e8659380e1,2017-10-31T10:10:07.000Z,0.00023,0x01c05bf83d6fa609939821ab2b2d9267bd2f2273,sell,0xaf4dce16da2877f8c9e00544c93b62ac40631f16,0xd0b83b3054225a06446ad2b1283799f3e76b6befc1f9c66938347f384f927d98
181,20,0.00462,0xfa80ec8c18013a7d34314576a37181e8659380e1,2017-10-31T10:09:23.000Z,0.000231,0x01c05bf83d6fa609939821ab2b2d9267bd2f2273,sell,0xaf4dce16da2877f8c9e00544c93b62ac40631f16,0xfec6efcf03b24abb85588edf01a0914df1871935851e1c92dd42ad63ca9bb568
182,7.92674,0.001823546537,0x39c1c69b5f878cb1e4bfd79013d5b978c6d0d6f5,2017-10-31T10:09:23.000Z,0.00023005,0x01c05bf83d6fa609939821ab2b2d9267bd2f2273,sell,0xaf4dce16da2877f8c9e00544c93b62ac40631f16,0x832e72c99392aea190969a0e8e9cad235dda9094afc7cb43f976d7871525a023
183,25,0.005775,0x39c1c69b5f878cb1e4bfd79013d5b978c6d0d6f5,2017-10-31T10:09:01.000Z,0.000231,0x01c05bf83d6fa609939821ab2b2d9267bd2f2273,sell,0xaf4dce16da2877f8c9e00544c93b62ac40631f16,0x016fe4057d00283783f5b43964831fa81212630ab2de93b7dcf32ccdb01f187d
184,25,0.005775,0xe867702118fc556ff61c52995d0986a3a8848536,2017-10-31T10:08:52.000Z,0.000231,0x01c05bf83d6fa609939821ab2b2d9267bd2f2273,sell,0xaf4dce16da2877f8c9e00544c93b62ac40631f16,0x8bb93f288781a7d2a79d0284f2955c5ac5471045020c6b4ace00c2dc6d704798
185,41.91194,0.0096824963788,0xb5541c1d2f602c6acaecb53c7845acbbedff7be5,2017-10-31T10:08:52.000Z,0.00023102,0x01c05bf83d6fa609939821ab2b2d9267bd2f2273,sell,0xaf4dce16da2877f8c9e00544c93b62ac40631f16,0xdd3b0fc12f415d6d11e4bba48abdf84f16585946dd20e8ae887ae121b54af661
186,1000,0.2311,0x9ba6f2851c8afe6be654fbd4c3dc7e9e64cffe53,2017-10-31T08:56:39.000Z,0.0002311,0x98b8f889dbe2b5c4c5879f65e13b24012f2afdce,sell,0xaf4dce16da2877f8c9e00544c93b62ac40631f16,0x48de65c91840248e6eba89d489f6b16d574a3ab1fb3ff84ca9dc1643308d20f6
187,1000,0.2321,0x9ba6f2851c8afe6be654fbd4c3dc7e9e64cffe53,2017-10-31T08:56:07.000Z,0.0002321,0x98b8f889dbe2b5c4c5879f65e13b24012f2afdce,sell,0xaf4dce16da2877f8c9e00544c93b62ac40631f16,0x510c9b4b8e971c3d3c6b579e1e7c59da6cc7a1d1bd61f5678f2daa2f4621f6cb
188,0,0,0xb5541c1d2f602c6acaecb53c7845acbbedff7be5,2017-10-31T07:57:26.000Z,NaN,0xe444a40689f51f63bcd29910622035707d533d29,sell,0xaf4dce16da2877f8c9e00544c93b62ac40631f16,0xafb76a3074c281f1bc9eeeffb12dc2728bdba6ff9f6302662083d196f1f3212c
189,4200,0.9744,0x6847a8d3c3c9a9781a060aa1d5b0beb6c131fbe4,2017-10-31T06:50:02.000Z,0.000232,0x98b8f889dbe2b5c4c5879f65e13b24012f2afdce,sell,0xaf4dce16da2877f8c9e00544c93b62ac40631f16,0x24df71063d0b67c9b87b668e8260e0d00d0c52b7461f288f192a49099196e0d9
190,4984.5479,1.1065696338,0x016ab691721a99da1c1489ca0ac8b549eb0f7713,2017-10-31T05:26:25.000Z,0.000222,0x0f09eec8eaaf282b605f631f658de962f29a0732,sell,0xaf4dce16da2877f8c9e00544c93b62ac40631f16,0x459172f25276313d7e0e949a9b3969051b757583efa7b3341c5b8d188cfacd0d
191,0,0,0xb5541c1d2f602c6acaecb53c7845acbbedff7be5,2017-10-31T05:06:20.000Z,NaN,0xe444a40689f51f63bcd29910622035707d533d29,sell,0xaf4dce16da2877f8c9e00544c93b62ac40631f16,0xeb91c9bc51d3c9226e84b736723a2d32e90d28fee05551e1c43f6fff53b99c04
192,4156.26497,0.95594509936497,0xed5020f1620744af3bf50f97060fa7906748db6d,2017-10-31T04:25:59.000Z,0.000230001,0x98b8f889dbe2b5c4c5879f65e13b24012f2afdce,sell,0xaf4dce16da2877f8c9e00544c93b62ac40631f16,0xde98f66b8487d67b721c6bd11aec1c504a187b408dbad75f0223c18b06c44831
193,9373.66099,2.160628858195,0x009a12d4290630bc01fd82516ac57c1dc6a9bcfb,2017-10-31T04:25:13.000Z,0.0002305,0xe5830fc331aa8eb94b6a6daba5ae0ad028e5e222,sell,0xaf4dce16da2877f8c9e00544c93b62ac40631f16,0x894093db509dabd93f98bd550f69254af10267aa704d747fb4eb2fa057e26b20
194,15899.719,3.65693537,0x49dd2e58c41a035c9bd454db1f92977dbabaad61,2017-10-31T04:25:08.000Z,0.00023,0xe5830fc331aa8eb94b6a6daba5ae0ad028e5e222,sell,0xaf4dce16da2877f8c9e00544c93b62ac40631f16,0x0c4ed88db1e14b4d7540470093c4c0ad4e9a7ad52b866b4a4ff9a0eff8612e7c
195,7626.33901,1.757871141805,0x009a12d4290630bc01fd82516ac57c1dc6a9bcfb,2017-10-31T04:22:41.000Z,0.0002305,0xacd435884b803bb1847bc0e5a198400fe2bcaf1a,sell,0xaf4dce16da2877f8c9e00544c93b62ac40631f16,0xf7247e4d3bb2dd075bbb92727b267b1106e77a4cc9e252c26b109966d1327e80
196,487.09049,0.11203129979049,0xed5020f1620744af3bf50f97060fa7906748db6d,2017-10-31T02:53:54.000Z,0.000230001,0x46e750a0306de770ee4c939dd469b2a434f7c813,sell,0xaf4dce16da2877f8c9e00544c93b62ac40631f16,0x0cc9bf5644d0fae221d4347ff89a5fe6bf151302c9e7af559fab76abc609cb80
197,970,0.22407,0x016ab691721a99da1c1489ca0ac8b549eb0f7713,2017-10-31T01:12:13.000Z,0.000231,0x8ab86180c3ff4be695774fd16b54bb94844ddddc,buy,0xaf4dce16da2877f8c9e00544c93b62ac40631f16,0xcdb80212ef4e1a15afa101b89ac4569d9bbc56706f5feb7f5af4ce88adb88f09
198,39876.38321,9.1715681383,0x49dd2e58c41a035c9bd454db1f92977dbabaad61,2017-10-31T01:04:52.000Z,0.00023,0x4d0f746ba922cb10b67e07fe95f9fcbd450ca4ac,sell,0xaf4dce16da2877f8c9e00544c93b62ac40631f16,0xf59bf872917d5a5d7d59db30289d40925d4f6005eb8029d8148381ae15e21aef
199,5254.46335,1.20853182496335,0xed5020f1620744af3bf50f97060fa7906748db6d,2017-10-31T00:42:55.000Z,0.000230001,0x4006ac994f15608c57672335af43b470fb77f96f,sell,0xaf4dce16da2877f8c9e00544c93b62ac40631f16,0x3c50c77e3788596c444422fa1a8dfa07d2d1ca2faf3da051d1a8fff4b5db898b
200,2100,0.4851,0xfb6a263c3defa3252b05e28a734f3e966a859862,2017-10-31T00:41:33.000Z,0.000231,0x4006ac994f15608c57672335af43b470fb77f96f,sell,0xaf4dce16da2877f8c9e00544c93b62ac40631f16,0x5a3be1fd7572dec23b812a952ae2011e3c46912147786955a5b2043633138377
201,0.1914,0.000044234454,0x18e96886612735f0d509d139f304f108f79bc18c,2017-10-30T23:55:17.000Z,0.00023111,0x04f612e8c2c78b786e0d5e1c2c911a08c76bf40a,sell,0xaf4dce16da2877f8c9e00544c93b62ac40631f16,0x303b2ce1cdea88b5c3aee348f5c99667e53bc3488f43279d8eac4341f0b9f455
202,16294.73143,3.74780452363143,0xed5020f1620744af3bf50f97060fa7906748db6d,2017-10-30T23:44:42.000Z,0.000230001,0xd924005f2ffffb369820fa22ab86695880fba0f3,sell,0xaf4dce16da2877f8c9e00544c93b62ac40631f16,0x1b86c890c5359dbe37f0634d6604cb2b9abc189fffebdcd9b4cf7b23277d6a44
203,17006.44976,3.91150045124976,0xed5020f1620744af3bf50f97060fa7906748db6d,2017-10-30T22:55:25.000Z,0.000230001,0x9778550d76b07ac9f5e57392f68ecdf6efc1774e,sell,0xaf4dce16da2877f8c9e00544c93b62ac40631f16,0xf92341f313db0cf94193a1194b8b2ebc4725afccbeafa803f88befaa2a4444d3
204,0.001,0.000000244,0x0c4085d8e714ca77ac5f46cd2b80a92d238a7cd3,2017-10-30T20:04:35.000Z,0.000244,0x99bc37ffa8c3b9e6f4792abf009cc294b34947bc,buy,0xaf4dce16da2877f8c9e00544c93b62ac40631f16,0x536a78b4217d35b98b79e27394b904ebd9df57d8a3439631f648192cce230e2f
205,2729.007,0.63048248721,0x35669c224a468c878703468d33ee7447cd751801,2017-10-30T19:15:28.000Z,0.00023103,0xe5830fc331aa8eb94b6a6daba5ae0ad028e5e222,sell,0xaf4dce16da2877f8c9e00544c93b62ac40631f16,0x9aaddc9d56ecf621d2dfafc2a2c288cc81bd14f1ad33ba8d0bf8041441cbfe48
206,0.72479,0.0001674482337,0x35669c224a468c878703468d33ee7447cd751801,2017-10-30T19:07:53.000Z,0.00023103,0x65a5230f38f2ebc7abed484c28bfc2dddddde851,sell,0xaf4dce16da2877f8c9e00544c93b62ac40631f16,0x8f43d2d4b692e539382940a7096235feb083f0d279ba656a51874e4d95a6a970
207,7270.26785,1.6796499813855,0x35669c224a468c878703468d33ee7447cd751801,2017-10-30T19:06:50.000Z,0.00023103,0x65a5230f38f2ebc7abed484c28bfc2dddddde851,sell,0xaf4dce16da2877f8c9e00544c93b62ac40631f16,0x17e1ce67b9224ab0e22c375a86ce63930079114fa4d4f9ca1106dd0093da5059
208,2500,0.57775,0x0b560566261275ec65f440c97529b5df0d433b50,2017-10-30T18:45:59.000Z,0.0002311,0x65a5230f38f2ebc7abed484c28bfc2dddddde851,sell,0xaf4dce16da2877f8c9e00544c93b62ac40631f16,0x2b113a32f93d92beee898c3cc35f66a716d0c539e4a843819ef783a39f378ad5
209,550,0.12925,0x8a30836828bfb2644f05e0665bb3e40a85b6b198,2017-10-30T18:45:47.000Z,0.000235,0x65a5230f38f2ebc7abed484c28bfc2dddddde851,sell,0xaf4dce16da2877f8c9e00544c93b62ac40631f16,0x7308af01139beb5011cc4ebe7fc6aa2d5f40f83ea9e43177419a143e764a713a
210,10000,2.311,0x35669c224a468c878703468d33ee7447cd751801,2017-10-30T18:39:28.000Z,0.0002311,0x65a5230f38f2ebc7abed484c28bfc2dddddde851,sell,0xaf4dce16da2877f8c9e00544c93b62ac40631f16,0xf62780f7c46ed19c92ddfeb1e6fbdc98493a212884e7a0b74f2d5aa859ec9f8a
211,1000,0.2315,0xe5830fc331aa8eb94b6a6daba5ae0ad028e5e222,2017-10-30T17:45:09.000Z,0.0002315,0x65a5230f38f2ebc7abed484c28bfc2dddddde851,buy,0xaf4dce16da2877f8c9e00544c93b62ac40631f16,0xcd9caa7193260154d80a18121a15b6a81db929fca4f9e859c1b2610774fe9d69
212,2000,0.46202,0xb703d2b74070fd71d8b09ecd9a86837dddfdf395,2017-10-30T17:39:37.000Z,0.00023101,0x65a5230f38f2ebc7abed484c28bfc2dddddde851,sell,0xaf4dce16da2877f8c9e00544c93b62ac40631f16,0x9ea792809c46dc6c02828a0ce510d2bfee7fb90601e48f8f1c162ea466fa16a4
213,800,0.184808,0xbfbdd7f780e8f8185051642cca63bdf74727e167,2017-10-30T17:39:37.000Z,0.00023101,0x65a5230f38f2ebc7abed484c28bfc2dddddde851,sell,0xaf4dce16da2877f8c9e00544c93b62ac40631f16,0x61d74b237a1f87a71a0e97d12563ac3ab785567f3d6b6326e196e93ce25690fc
214,2000,0.464,0x76242aa410a0a794d7e674e862ba7d38e3c86bd4,2017-10-30T17:35:41.000Z,0.000232,0x65a5230f38f2ebc7abed484c28bfc2dddddde851,sell,0xaf4dce16da2877f8c9e00544c93b62ac40631f16,0xe414cb0cc42428b0f976d4487d8932e60fcc279181928ff961d010a4e9ac29ad
215,573.916,0.1326032918,0xf134d22dd3a965e750918d2b0bb0a6a73c465131,2017-10-30T17:35:31.000Z,0.00023105,0x65a5230f38f2ebc7abed484c28bfc2dddddde851,sell,0xaf4dce16da2877f8c9e00544c93b62ac40631f16,0x975f1aaa8c15bcbc6c095eea01723e0736c19303d894bb58001b19ed7081efa7
216,10000,2.3106,0x016ab691721a99da1c1489ca0ac8b549eb0f7713,2017-10-30T17:34:56.000Z,0.00023106,0x65a5230f38f2ebc7abed484c28bfc2dddddde851,sell,0xaf4dce16da2877f8c9e00544c93b62ac40631f16,0x468f0f7eaa7459673dd19502ff131d04c2af4cacf90ef749c9ade94647bc967e
217,40,0.0094,0x39c1c69b5f878cb1e4bfd79013d5b978c6d0d6f5,2017-10-30T17:34:48.000Z,0.000235,0x65a5230f38f2ebc7abed484c28bfc2dddddde851,sell,0xaf4dce16da2877f8c9e00544c93b62ac40631f16,0xb8f2e45b2b55a353d2d2340cbb8aac56945a29876ecdd90b6f185437ad194d7c
218,2000,0.47,0x76242aa410a0a794d7e674e862ba7d38e3c86bd4,2017-10-30T17:34:48.000Z,0.000235,0x65a5230f38f2ebc7abed484c28bfc2dddddde851,sell,0xaf4dce16da2877f8c9e00544c93b62ac40631f16,0x7cca7d165b577b10647c1cdfe313fe4ce9f4d14e78bed5e681a2736a22404a63
219,30,0.007053,0x39c1c69b5f878cb1e4bfd79013d5b978c6d0d6f5,2017-10-30T17:33:57.000Z,0.0002351,0x65a5230f38f2ebc7abed484c28bfc2dddddde851,sell,0xaf4dce16da2877f8c9e00544c93b62ac40631f16,0x17f44ba0805f552433f85118508069e3690ab561f320d32e2a584c380dd0ede9
220,8006.081,1.897441197,0x35669c224a468c878703468d33ee7447cd751801,2017-10-30T17:29:36.000Z,0.000237,0x65a5230f38f2ebc7abed484c28bfc2dddddde851,sell,0xaf4dce16da2877f8c9e00544c93b62ac40631f16,0x2f831e00bac9d8dfe20c3dbfc7471e60ed361bb0cca8222fa6b747c2fd35aa2a
221,993.91897,0.23555879589,0x35669c224a468c878703468d33ee7447cd751801,2017-10-30T17:08:26.000Z,0.000237,0xb11c7d4999d3b7a57be61dd2080bbe9d92420672,sell,0xaf4dce16da2877f8c9e00544c93b62ac40631f16,0x97b5ea5a231232f0e9ef454ac57f3bcd384f21af390f7f31ab6037a50c5cbdaa
222,1000,0.237,0x35669c224a468c878703468d33ee7447cd751801,2017-10-30T17:02:52.000Z,0.000237,0xb11c7d4999d3b7a57be61dd2080bbe9d92420672,sell,0xaf4dce16da2877f8c9e00544c93b62ac40631f16,0x706fb16ceb11cba7267e805f347438768c5c1af2314f3951745e358799eec4c1
223,2200,0.528,0x646904c5dfad32392ed4cbb60c77c0ac3816756c,2017-10-30T16:59:03.000Z,0.00024,0xe5830fc331aa8eb94b6a6daba5ae0ad028e5e222,sell,0xaf4dce16da2877f8c9e00544c93b62ac40631f16,0x98505365255357e04549a3be3790d788074b90c8196fc675aaf5a22da92c06bd
224,0.00425,0.000001039850412078,0xcfa616ada1604dcba6da409515cadbb0c8dc6955,2017-10-30T15:25:57.000Z,0.0002446706851948235,0xf4ed56fb09147f59cea368560617e2342bfd5259,buy,0xaf4dce16da2877f8c9e00544c93b62ac40631f16,0xbcf4600817cd508e3c18f9c63ad118446a6c6934f2fc897db000b21a922af67d
225,42.76821,0.010430739483554498,0xcfa616ada1604dcba6da409515cadbb0c8dc6955,2017-10-30T14:58:23.000Z,0.00024389001745816572,0xe5830fc331aa8eb94b6a6daba5ae0ad028e5e222,buy,0xaf4dce16da2877f8c9e00544c93b62ac40631f16,0x46119d4f06b2fb2808a9c6643100f3bb2819c89810a5fbbe0136e32047b91f36
226,18987.03415,4.63074775953516,0xcfa616ada1604dcba6da409515cadbb0c8dc6955,2017-10-30T14:54:59.000Z,0.00024389000003642797,0xe5830fc331aa8eb94b6a6daba5ae0ad028e5e222,buy,0xaf4dce16da2877f8c9e00544c93b62ac40631f16,0xde3883330bd9d581b0f083a393ae5f6fed736989870e338cc28fde288b8de202
227,8074,1.93776,0xcfa616ada1604dcba6da409515cadbb0c8dc6955,2017-10-30T14:54:17.000Z,0.00024,0xca9ce84a173bc70c64c7fff7193cffc3f6e70ce5,buy,0xaf4dce16da2877f8c9e00544c93b62ac40631f16,0x0ae2257a5c8599106fa0916318c75efebd11992fe9626a98712cbde5946f65b6
228,1523.053,0.357917455,0xb4cfcb2b61bae99448176e1253a2916923cda0dc,2017-10-30T13:59:25.000Z,0.000235,0x03b22eb99570edc27490ed7aa6f290fdfbbe8a81,buy,0xaf4dce16da2877f8c9e00544c93b62ac40631f16,0xab6d6d10da3193f7438dfedf83cef129e2fe837f6dc7e14a22747925182ab5a4
229,403.43663,0.10126259413,0xb9a0afa567cb029f6d2d0290e6723998b61d1910,2017-10-30T13:35:35.000Z,0.000251,0xc9d56287b414e1aa0963016aa721b527f095fd9c,sell,0xaf4dce16da2877f8c9e00544c93b62ac40631f16,0xd811ae1204fdaec989c2b053d6e7bd148f82968759bcc4f8ce2d5c811f7ed03a
230,404.64693,0.09509202855,0xc9d56287b414e1aa0963016aa721b527f095fd9c,2017-10-30T13:35:35.000Z,0.000235,0x03b22eb99570edc27490ed7aa6f290fdfbbe8a81,buy,0xaf4dce16da2877f8c9e00544c93b62ac40631f16,0xd811ae1204fdaec989c2b053d6e7bd148f82968759bcc4f8ce2d5c811f7ed03a
231,1900,0.4465,0xb4cfcb2b61bae99448176e1253a2916923cda0dc,2017-10-30T13:35:01.000Z,0.000235,0x03b22eb99570edc27490ed7aa6f290fdfbbe8a81,buy,0xaf4dce16da2877f8c9e00544c93b62ac40631f16,0x3bb564b0fe31321d388226b7ed7c64eeac87cfcd8a8ee0f55db11a370913e280
232,376.05371,0.09190752679692953,0xe121cb63c3f6e80eb2600532d43ebbad54ddb61a,2017-10-30T09:56:01.000Z,0.00024440000019393377,0xe5830fc331aa8eb94b6a6daba5ae0ad028e5e222,buy,0xaf4dce16da2877f8c9e00544c93b62ac40631f16,0x3d3e1e5f9a808b9dd8b8d25e05c29089d508be63420d0df6fde9fcceb8120cb1
233,2000,0.489,0xe121cb63c3f6e80eb2600532d43ebbad54ddb61a,2017-10-30T09:53:22.000Z,0.0002445,0x38d6a550ebe865aca6938faaba0b34fcabb0d011,buy,0xaf4dce16da2877f8c9e00544c93b62ac40631f16,0xaf8ebdd279f2d67155bd30f5d6677e3e9ff8db75166722dfb6fff0dc3506a48c
234,2592,0.60912,0x7ff1bd90004bb6ca447eb336bfd417dd3b3258a1,2017-10-30T09:41:16.000Z,0.000235,0x016ab691721a99da1c1489ca0ac8b549eb0f7713,sell,0xaf4dce16da2877f8c9e00544c93b62ac40631f16,0x09f793e8ece59d888e6e0a4054fe1640e521a397485db768f6d8f8f718ade2f9
235,120,0.0288,0x65205b60ed271c6d56f1a17f8c5582ed8b42f94e,2017-10-30T09:40:52.000Z,0.00024,0x016ab691721a99da1c1489ca0ac8b549eb0f7713,sell,0xaf4dce16da2877f8c9e00544c93b62ac40631f16,0x37ed12ac810f1a29a84310404557bd7a8bd2f55f3e352ee719d2a07e32391f6c
236,2000,0.4621,0xf134d22dd3a965e750918d2b0bb0a6a73c465131,2017-10-30T05:37:07.000Z,0.00023105,0xceed8b3c21c60d47d279d7da7c645cc23eb7f9e3,sell,0xaf4dce16da2877f8c9e00544c93b62ac40631f16,0xecb8cf57bf71c2825fdecbee7406df8c69f379d594c6c1dce2445901c9ccff94
237,5,0.0012225,0x3ccca137dbf0616549cc4a7143ba528b7cd2f4d1,2017-10-30T05:00:20.000Z,0.0002445,0x38d6a550ebe865aca6938faaba0b34fcabb0d011,buy,0xaf4dce16da2877f8c9e00544c93b62ac40631f16,0x1cf5c2403f97622efc50a39cc4a26559dcff16bbdafa20ea5dce1abc5ff948d3
238,1000,0.25111,0x18e96886612735f0d509d139f304f108f79bc18c,2017-10-30T04:50:38.000Z,0.00025111,0xc9d56287b414e1aa0963016aa721b527f095fd9c,sell,0xaf4dce16da2877f8c9e00544c93b62ac40631f16,0x95fb9954faaca1f2ddcb6e11049649665b49485e5d3387ab8f22b243f14f449e
239,1003,0.2452335,0xc9d56287b414e1aa0963016aa721b527f095fd9c,2017-10-30T04:50:38.000Z,0.0002445,0x38d6a550ebe865aca6938faaba0b34fcabb0d011,buy,0xaf4dce16da2877f8c9e00544c93b62ac40631f16,0x95fb9954faaca1f2ddcb6e11049649665b49485e5d3387ab8f22b243f14f449e
240,0,0,0x2bea862d6c4784cb40b991d763afde097394d8c6,2017-10-30T04:07:19.000Z,NaN,0x379374d13077e8867ef31803c37baf9785a17c00,sell,0xaf4dce16da2877f8c9e00544c93b62ac40631f16,0x9a7566fb5993c56e1cd95e556a9bf26382f21d9f52851c36c14a4012f8a5322d
241,877.84567,0.20278322761567,0x2bea862d6c4784cb40b991d763afde097394d8c6,2017-10-30T03:47:12.000Z,0.000231001,0xe946f525058ea21a166eb4a896dae827042de989,sell,0xaf4dce16da2877f8c9e00544c93b62ac40631f16,0x35cd2437aab25bbcb8428bc3154b85172da0ebc6afbe162680753f2ea920edbc
242,2300,0.529,0x49dd2e58c41a035c9bd454db1f92977dbabaad61,2017-10-30T02:51:14.000Z,0.00023,0x3e799421ad7ca8de3ee650edd05a53423d008ced,sell,0xaf4dce16da2877f8c9e00544c93b62ac40631f16,0x14b98a6238285b9254f76edbbf988cfa9a610a89249acd556eddaaa5469b7afb
243,0,0,0x49dd2e58c41a035c9bd454db1f92977dbabaad61,2017-10-30T02:47:41.000Z,NaN,0x16e5d97bbc92417e051e3b2cabfbf8ceea2acb9c,sell,0xaf4dce16da2877f8c9e00544c93b62ac40631f16,0xecbcc7a6870051a8420041dd60791f1b41a6a965a9bb5be26b47876b2109a26d
244,0,0,0x49dd2e58c41a035c9bd454db1f92977dbabaad61,2017-10-30T02:46:01.000Z,NaN,0x379374d13077e8867ef31803c37baf9785a17c00,sell,0xaf4dce16da2877f8c9e00544c93b62ac40631f16,0x56f0148d5ce1c6b45cc7341e23dd702f629376ea6e16eda28f42a4298ed00b5a
245,1495.41407,0.3439452361,0x49dd2e58c41a035c9bd454db1f92977dbabaad61,2017-10-30T02:13:01.000Z,0.00023,0x2ea6bd58bc3555faeebf4d5b31164d52079b9832,sell,0xaf4dce16da2877f8c9e00544c93b62ac40631f16,0x2aac56e248551cd8bb06baeaa0be786a266e9d2dd6469f806f7ed5acd4947ab0
246,5000,1.15,0x49dd2e58c41a035c9bd454db1f92977dbabaad61,2017-10-29T23:23:29.000Z,0.00023,0x38d6a550ebe865aca6938faaba0b34fcabb0d011,sell,0xaf4dce16da2877f8c9e00544c93b62ac40631f16,0x6450f3dac0520abe5f5732a9b6e8d6960894c31715639406d392dbf862a7c4b0
247,200,0.047,0x17d970a9c460c6401f3044c7ef249053d5a45a52,2017-10-29T22:41:07.000Z,0.000235,0x38d6a550ebe865aca6938faaba0b34fcabb0d011,sell,0xaf4dce16da2877f8c9e00544c93b62ac40631f16,0xa201e4e2bafb01dc825aaeb336bb48614395ab3ee68ea27eeab429fef85b0d2d
248,548.30026,0.1261090598,0x49dd2e58c41a035c9bd454db1f92977dbabaad61,2017-10-29T22:28:58.000Z,0.00023,0x55c78eaa8acd93be89295301f2d1a05fb4c805a4,sell,0xaf4dce16da2877f8c9e00544c93b62ac40631f16,0x97e5f30ae21e685f2209af2dcf2de2cd04b105394f06b350a524c96498cf8f89
249,0.0618,0.000014214,0x49dd2e58c41a035c9bd454db1f92977dbabaad61,2017-10-29T21:42:54.000Z,0.00023,0xd608a763d4c6f42ffad18d4097b029a77963dc25,sell,0xaf4dce16da2877f8c9e00544c93b62ac40631f16,0xe1be97c6feb5b299c67bb7f07026ef9676fcac54f48cd25e7625eb5d226a9126
250,619.89724,0.1425763652,0x49dd2e58c41a035c9bd454db1f92977dbabaad61,2017-10-29T21:41:23.000Z,0.00023,0xd608a763d4c6f42ffad18d4097b029a77963dc25,sell,0xaf4dce16da2877f8c9e00544c93b62ac40631f16,0x5622fa0a6ab88a142221b496ffce323c208efc13499de13b55b49d5d3a550017
251,1000,0.230011,0x2e26035b04213530deeea6a3874d0f4143bce939,2017-10-29T21:40:41.000Z,0.000230011,0xd608a763d4c6f42ffad18d4097b029a77963dc25,sell,0xaf4dce16da2877f8c9e00544c93b62ac40631f16,0x078aec9451793902083036c98e2bcb04a208ff46a4812c74199004cee6fd8e31
252,4175.761,0.9654359432,0x99bc37ffa8c3b9e6f4792abf009cc294b34947bc,2017-10-29T21:39:04.000Z,0.0002312,0xd608a763d4c6f42ffad18d4097b029a77963dc25,sell,0xaf4dce16da2877f8c9e00544c93b62ac40631f16,0x281e135d50873556a0f3d4c8c4b4ac9e4b39cdaede1e515484093d54bea04913
253,4005.183,0.926082418443,0xe5830fc331aa8eb94b6a6daba5ae0ad028e5e222,2017-10-29T21:38:45.000Z,0.000231221,0xd608a763d4c6f42ffad18d4097b029a77963dc25,sell,0xaf4dce16da2877f8c9e00544c93b62ac40631f16,0xfc7d35c33320661f7f97e9b784639b794d42b403bdc98d9ad59b7a58c3d90c51
254,17445.91784,4.03386256888264,0xe5830fc331aa8eb94b6a6daba5ae0ad028e5e222,2017-10-29T20:43:13.000Z,0.000231221,0x56b1ff706ea9b1a12d2b9937f6bd25461e0db451,sell,0xaf4dce16da2877f8c9e00544c93b62ac40631f16,0xf755008da21799bcd812f9cf083ebcca2b43f35c5c9d9f80d12da763b47407cb
255,498.55196,0.1346090304188336,0xd0226d1336fb8b157090199f735cbd499dc37854,2017-10-29T19:38:47.000Z,0.00027000000244474737,0xf469dd6fd23b361b9a16020f0945f4a3eaeb9971,buy,0xaf4dce16da2877f8c9e00544c93b62ac40631f16,0x1fdee3772ca96d170b9d3ce4bc255374d49209de14327b324adc1507d72a1646
256,10,0.00231221,0xe5830fc331aa8eb94b6a6daba5ae0ad028e5e222,2017-10-29T18:52:44.000Z,0.000231221,0xe5830fc331aa8eb94b6a6daba5ae0ad028e5e222,sell,0xaf4dce16da2877f8c9e00544c93b62ac40631f16,0x827237df195662e1ff571157c2025a328c823d0cadf9fcb2c2961c1d413141f8
257,200,0.05,0xed14c7d6ba3de845bbcdf9c6051dda1acbd5769f,2017-10-29T18:47:50.000Z,0.00025,0x2bea862d6c4784cb40b991d763afde097394d8c6,buy,0xaf4dce16da2877f8c9e00544c93b62ac40631f16,0x5b010c5facca84670cd20d5ddeda3c1cd0b595ea77be98a0b119c493e4b1b914
258,538.89892,0.12460474718132,0xe5830fc331aa8eb94b6a6daba5ae0ad028e5e222,2017-10-29T18:10:24.000Z,0.000231221,0x03b149cd76b650e4f43792dbc61c995d00f259b9,sell,0xaf4dce16da2877f8c9e00544c93b62ac40631f16,0xebb5ec2fc7a32ad1587a4ac64135e3cbbc367ab811ac76b84d9904b4194e71de
259,127.15584,0.029398430208,0x99bc37ffa8c3b9e6f4792abf009cc294b34947bc,2017-10-29T16:36:33.000Z,0.0002312,0x994c5857751ecafecbff55b97fadda1c5b37136d,sell,0xaf4dce16da2877f8c9e00544c93b62ac40631f16,0x01335ed9dbc3900c806059ad36175fce1b0fd664673d18b58333ea5d6be38c68
260,396.77001,0.09205143586002,0x2e26035b04213530deeea6a3874d0f4143bce939,2017-10-29T16:30:18.000Z,0.000232002,0xe25e755951f5dc6208c660cb91b0e100ee4c6cd3,sell,0xaf4dce16da2877f8c9e00544c93b62ac40631f16,0x5b8e6ebc840084b93ba78870bed218264fbff84f0e018f64934d971636132368
261,700,0.1806,0x6a208935011555cd4896d449bd6686485f5d1000,2017-10-29T15:25:22.000Z,0.000258,0x2bea862d6c4784cb40b991d763afde097394d8c6,buy,0xaf4dce16da2877f8c9e00544c93b62ac40631f16,0xd3ba8c8ab09bd4cb3f8921bc4fe7f05ac6c09bc0b3b2cc1f03e93fe563012155
262,1791.86,0.42646268,0x748d27b1db06d50268fdbf4269155ad3265892c9,2017-10-29T15:05:48.000Z,0.000238,0x98b8f889dbe2b5c4c5879f65e13b24012f2afdce,sell,0xaf4dce16da2877f8c9e00544c93b62ac40631f16,0x3d7ce0d34f0dbd7efe508c784a66c407887c8e2c08fedbd0af0c156377d99006
263,58.1399,0.0138372962,0x748d27b1db06d50268fdbf4269155ad3265892c9,2017-10-29T15:01:36.000Z,0.000238,0x846fe155673f9fd3131be9b757d1ed9bd3d4853d,sell,0xaf4dce16da2877f8c9e00544c93b62ac40631f16,0xb5628a3bde662e5253e298e077f45a5e02b56042bd470118c5a6260ea2c90450
264,650,0.151125,0xd3f41ad38bd96e492d6d229369afc889e6bc8b6f,2017-10-29T15:00:13.000Z,0.0002325,0x846fe155673f9fd3131be9b757d1ed9bd3d4853d,sell,0xaf4dce16da2877f8c9e00544c93b62ac40631f16,0xfe62796645c6580ea198144a71a21af7932483b084997ec90e7e1293290d2e12
265,350,0.0819,0xd3f41ad38bd96e492d6d229369afc889e6bc8b6f,2017-10-29T15:00:04.000Z,0.000234,0x846fe155673f9fd3131be9b757d1ed9bd3d4853d,sell,0xaf4dce16da2877f8c9e00544c93b62ac40631f16,0x71dae2a61f9b5c40db90594834b78cd6ab4919cb537cd3c0e1402c0a0d2838cf
266,300,0.0696006,0x2e26035b04213530deeea6a3874d0f4143bce939,2017-10-29T13:28:28.000Z,0.000232002,0x846fe155673f9fd3131be9b757d1ed9bd3d4853d,sell,0xaf4dce16da2877f8c9e00544c93b62ac40631f16,0x71819efe8dbfc1c1f7faae2882e0e226754fb11a88d53295502b33532a00fe97
267,386.62,0.09278918662,0x2e26035b04213530deeea6a3874d0f4143bce939,2017-10-29T13:24:47.000Z,0.000240001,0x846fe155673f9fd3131be9b757d1ed9bd3d4853d,sell,0xaf4dce16da2877f8c9e00544c93b62ac40631f16,0x46698efb50c3baf6d97556e9827eca794f1c52f538bb662a14eb4998021c2920
268,1215.90826,0.29181919830826,0x2e26035b04213530deeea6a3874d0f4143bce939,2017-10-29T12:53:40.000Z,0.000240001,0xa3b2ceb252ec28d6bb74c78831ebfa56829ff4ed,sell,0xaf4dce16da2877f8c9e00544c93b62ac40631f16,0x947b10e8630faf3cd97a9a5e8be024728c2c5cbd4280b23adfdd927cb63ec0ed
269,1250,0.3000125,0xb105d96f87a1a4aa2ce523a86f4b200482aa14f0,2017-10-29T12:52:50.000Z,0.00024001,0xa3b2ceb252ec28d6bb74c78831ebfa56829ff4ed,sell,0xaf4dce16da2877f8c9e00544c93b62ac40631f16,0x687b71507a6179a940e774c9a98e01ef88abca9ce9e1c4d4de27723092e05453
270,10,0.0025101,0x13512137d004d3e8d919ced5f5f7119934917c11,2017-10-29T12:51:56.000Z,0.00025101,0xa3b2ceb252ec28d6bb74c78831ebfa56829ff4ed,sell,0xaf4dce16da2877f8c9e00544c93b62ac40631f16,0xa82cef22440e67c0ac4c7bf326a2b762181911fe2eff420658ff2f6c4da669fb
271,6.52286,0.00171225075,0xb85eb8491fdf17f2e5924454223f8479e9931546,2017-10-29T12:51:01.000Z,0.0002625,0xa3b2ceb252ec28d6bb74c78831ebfa56829ff4ed,sell,0xaf4dce16da2877f8c9e00544c93b62ac40631f16,0x08f0bd794f7de3d17d8d186e6238c0ac776f5365437fb3a25f3f9be76b90ad09
272,397.47165,0.09539359347165,0x2e26035b04213530deeea6a3874d0f4143bce939,2017-10-29T12:29:06.000Z,0.000240001,0x9778550d76b07ac9f5e57392f68ecdf6efc1774e,sell,0xaf4dce16da2877f8c9e00544c93b62ac40631f16,0xf542269cc9d4bea708aea50af60512fa734ed6af57606f1591f9ccf5e3b0c69b
273,750,0.1827,0x492842125e4c3a7d10cda0e0291ea22788e4ad60,2017-10-29T12:28:18.000Z,0.0002436,0x9778550d76b07ac9f5e57392f68ecdf6efc1774e,sell,0xaf4dce16da2877f8c9e00544c93b62ac40631f16,0x364f8509c8d0869c68a600f502b72c44a6330e9877183b2ac1849f973c404b11
274,1546.72,0.37662632,0x016ab691721a99da1c1489ca0ac8b549eb0f7713,2017-10-29T12:28:18.000Z,0.0002435,0x9778550d76b07ac9f5e57392f68ecdf6efc1774e,sell,0xaf4dce16da2877f8c9e00544c93b62ac40631f16,0xcefda49ebded4c32055a4f9ddffda74a6e453f8917c7f0d056923e6c88c1b0e6
275,700,0.18193,0x55c78eaa8acd93be89295301f2d1a05fb4c805a4,2017-10-29T12:03:50.000Z,0.0002599,0x492842125e4c3a7d10cda0e0291ea22788e4ad60,buy,0xaf4dce16da2877f8c9e00544c93b62ac40631f16,0x7212ecf481c61ff75fd7d0ce55d8b293d0362d4c8e410e1f77fb5be9acf2d906
276,600,0.155994,0x55c78eaa8acd93be89295301f2d1a05fb4c805a4,2017-10-29T12:02:04.000Z,0.00025999,0x953d1111662196af36e9d387c0f909e14111fa76,buy,0xaf4dce16da2877f8c9e00544c93b62ac40631f16,0x9a00806fee0f3efee3dc9f7a3ed22dea645c5d1648d5778776c51f3b391b3723
277,125,0.03125,0xe867702118fc556ff61c52995d0986a3a8848536,2017-10-29T11:19:25.000Z,0.00025,0x72c7c99e6e9db5bc915d2fccbb6102ed3e120f96,sell,0xaf4dce16da2877f8c9e00544c93b62ac40631f16,0x39d02072d1acdf75aceaed7d6cdc70a76971be580b7e19b390050a27248000cc
278,214,0.0535,0x0962d6d984f1843d45b5436fd94390718a0952a5,2017-10-29T11:19:25.000Z,0.00025,0x72c7c99e6e9db5bc915d2fccbb6102ed3e120f96,sell,0xaf4dce16da2877f8c9e00544c93b62ac40631f16,0x845dd5f96271e50a3b06059dea0147e91358cc1db5a405f11ae19ea0989f3e5d
279,810.77267,0.2026931675,0x986863aa0aebc9cd0e6db6275faa8a1fbb745d81,2017-10-29T11:17:09.000Z,0.00025,0x72c7c99e6e9db5bc915d2fccbb6102ed3e120f96,sell,0xaf4dce16da2877f8c9e00544c93b62ac40631f16,0x333970e8c21a6b964a7eaef601f00fa280a596672186b12c61c48d609d773cfe
280,539.76189,0.1392585702,0x65f2dddf638c7a7118b22d610c9aeba141f2467f,2017-10-29T10:06:34.000Z,0.00025800000477988545,0xd14278aa2cbe6c0a072d5d8f87c22de6af107d36,buy,0xaf4dce16da2877f8c9e00544c93b62ac40631f16,0x6dffec435210260654ef1b89814472db53a8dd7c7e452333942c422f29ed034e
281,538.09381,0.141249625125,0xb85eb8491fdf17f2e5924454223f8479e9931546,2017-10-29T10:06:34.000Z,0.0002625,0x65f2dddf638c7a7118b22d610c9aeba141f2467f,sell,0xaf4dce16da2877f8c9e00544c93b62ac40631f16,0x6dffec435210260654ef1b89814472db53a8dd7c7e452333942c422f29ed034e
282,745.2381,0.1922714298,0xd53955fa72ae2844f9add18bb455898af8e470f1,2017-10-29T09:57:48.000Z,0.000258,0xd14278aa2cbe6c0a072d5d8f87c22de6af107d36,buy,0xaf4dce16da2877f8c9e00544c93b62ac40631f16,0x448ae7cd20ba17afde4c8d6dfd5fa8735444e53627b7806ef28ff0f18ac7aebe
283,743.00238,0.19503812475,0xb85eb8491fdf17f2e5924454223f8479e9931546,2017-10-29T09:57:48.000Z,0.0002625,0xd53955fa72ae2844f9add18bb455898af8e470f1,sell,0xaf4dce16da2877f8c9e00544c93b62ac40631f16,0x448ae7cd20ba17afde4c8d6dfd5fa8735444e53627b7806ef28ff0f18ac7aebe
284,11962.91496,2.89502542032,0x891e8ebd0430ab4360b7b74996c2aee650a960d9,2017-10-29T09:43:24.000Z,0.000242,0xf1c85a1535fe210e88c09488868728820b54bda9,sell,0xaf4dce16da2877f8c9e00544c93b62ac40631f16,0xdf2d09b281e1649263cec405db7898f58f2d026968ac4a757c6f0e968f502cd2
285,3188.04666,0.797011665,0x986863aa0aebc9cd0e6db6275faa8a1fbb745d81,2017-10-29T07:37:53.000Z,0.00025,0x3df86cefaecfaa31be2f74f8f832cb4ef62b79f8,sell,0xaf4dce16da2877f8c9e00544c93b62ac40631f16,0x09b9ed4f88110bcf028270676fa881fe1845aa632cdc6db1d7918a3b6b78a529
286,21654.53283,5.4136334240453285,0x99cd894c1ec9544fc97d02cc10b05d04c46a586a,2017-10-29T07:36:58.000Z,0.00025000001,0x3df86cefaecfaa31be2f74f8f832cb4ef62b79f8,sell,0xaf4dce16da2877f8c9e00544c93b62ac40631f16,0x5bcff07036eb57b6d797d090795e751e767633260b157688b7556b25872d637c
287,15000,3.75000015,0x99cd894c1ec9544fc97d02cc10b05d04c46a586a,2017-10-29T07:35:31.000Z,0.00025000001,0x98b8f889dbe2b5c4c5879f65e13b24012f2afdce,sell,0xaf4dce16da2877f8c9e00544c93b62ac40631f16,0xd02ff67b5a8c81412479b1c8ee06a11c5e240b549403e64cd6f87e5dc96874a5
288,1200,0.312,0x34e684c9b668b595caf016df64e21d43c658877d,2017-10-29T06:44:59.000Z,0.00026,0x72c7c99e6e9db5bc915d2fccbb6102ed3e120f96,buy,0xaf4dce16da2877f8c9e00544c93b62ac40631f16,0xe4969acf45fdc9d65b220f78e9e4ad7394c9cd3756430c74421c4aaad8e5a8d1
289,500,0.1312,0x842050f1f2b847e89e57cd1b95b322899970a1cc,2017-10-28T23:39:51.000Z,0.0002624,0x18e96886612735f0d509d139f304f108f79bc18c,buy,0xaf4dce16da2877f8c9e00544c93b62ac40631f16,0x2a5230851aed9c00f18d6602713910d4bd25a751008f48e74a02beaa100aa24d
290,3345.46717,0.8363668259546717,0x99cd894c1ec9544fc97d02cc10b05d04c46a586a,2017-10-28T23:13:49.000Z,0.00025000001,0xc00ce6a396d90c3b0b9135625fc87693ec75bc67,sell,0xaf4dce16da2877f8c9e00544c93b62ac40631f16,0xba1ecc2677856ca56e13a4b4839edf6106b640c50da47f0b9c36b6fdf2ea61d8
291,492.12066,0.123079377066,0xb9b929846a3e47ceffc52d6a35e87ad2c30c0f96,2017-10-28T22:52:23.000Z,0.0002501,0x8de82e541cc097704c3eb27082ac28285169c04a,sell,0xaf4dce16da2877f8c9e00544c93b62ac40631f16,0x0e3d02ba8dd1e765bd6cce81492748a6474cdaddb9831988688481794d09c82d
292,5195.00576,1.30914145152,0x5655963e6ce26df19cc2f251a813eb0e24a05fed,2017-10-28T22:36:45.000Z,0.000252,0x72c7c99e6e9db5bc915d2fccbb6102ed3e120f96,sell,0xaf4dce16da2877f8c9e00544c93b62ac40631f16,0x5b275274845af0b5a04bb1a45a13f8abfb5316397affc4079849e71a9e0fe31b
293,6865,1.72998,0x5655963e6ce26df19cc2f251a813eb0e24a05fed,2017-10-28T22:30:09.000Z,0.000252,0x2bea862d6c4784cb40b991d763afde097394d8c6,sell,0xaf4dce16da2877f8c9e00544c93b62ac40631f16,0xdaa284fa72291a4a2471636b67899e5ea0ad079be775deb910aee38e6125dd75
294,8928,2.249856,0x5655963e6ce26df19cc2f251a813eb0e24a05fed,2017-10-28T22:15:07.000Z,0.000252,0x2bea862d6c4784cb40b991d763afde097394d8c6,sell,0xaf4dce16da2877f8c9e00544c93b62ac40631f16,0xfee8c58075fca5a52755f29c0fe3cd421db44e79fe7c960105a67cb02afbd6fe
295,0.09939,0.00002504628,0x5655963e6ce26df19cc2f251a813eb0e24a05fed,2017-10-28T22:12:52.000Z,0.000252,0xb290e60a9526c22b353ea842e70bb73e985e660b,sell,0xaf4dce16da2877f8c9e00544c93b62ac40631f16,0x4d7649b373c250584b6c8f9594a5db0b4d44785920f368793159f73f551397e4
296,165,0.0433125,0xb9af9e3af2347b952e5c12950c2eeda719c4db34,2017-10-28T22:10:40.000Z,0.0002625,0x18e96886612735f0d509d139f304f108f79bc18c,sell,0xaf4dce16da2877f8c9e00544c93b62ac40631f16,0x20a35ef2a2563a56ef8a3cdb9664f8123c7143bf254aea9bd5afe9f0ef2d678a
297,1000,0.252,0x5655963e6ce26df19cc2f251a813eb0e24a05fed,2017-10-28T22:05:28.000Z,0.000252,0x2bea862d6c4784cb40b991d763afde097394d8c6,sell,0xaf4dce16da2877f8c9e00544c93b62ac40631f16,0x2d638ac868911e5604a3966f45baea9427bdb2c8b5669e61d686ab6bf404b133
298,4563,1.149876,0x5655963e6ce26df19cc2f251a813eb0e24a05fed,2017-10-28T21:58:17.000Z,0.000252,0x2bea862d6c4784cb40b991d763afde097394d8c6,sell,0xaf4dce16da2877f8c9e00544c93b62ac40631f16,0xf7aaca0f2a00db48b9563f40e7f3029547100f218c9ace0d6b3c9324d5b41151
299,21.94321,0.00552968892,0x5655963e6ce26df19cc2f251a813eb0e24a05fed,2017-10-28T21:10:30.000Z,0.000252,0x1a7fcfd7588f96f7ddc48f80a1a350dd4e4b314c,sell,0xaf4dce16da2877f8c9e00544c93b62ac40631f16,0x547f3029a39cc32a0aa82ea06af35d5616b87400b678f04dffb962964b2a8500
300,502,0.126504,0x5655963e6ce26df19cc2f251a813eb0e24a05fed,2017-10-28T21:09:06.000Z,0.000252,0x1a7fcfd7588f96f7ddc48f80a1a350dd4e4b314c,sell,0xaf4dce16da2877f8c9e00544c93b62ac40631f16,0x894c13e6da052bad25f96eed218bcf8fef4dec625b95a06ca8773582609694b0
301,24.40954,0.00640750425,0xb85eb8491fdf17f2e5924454223f8479e9931546,2017-10-28T21:07:50.000Z,0.0002625,0x1a7fcfd7588f96f7ddc48f80a1a350dd4e4b314c,sell,0xaf4dce16da2877f8c9e00544c93b62ac40631f16,0x3b1219a39448a9a1129c1abdcf34d7dadfdcea7b07a712606695706cce07947c
302,0.35236,0.0000924945,0xb85eb8491fdf17f2e5924454223f8479e9931546,2017-10-28T20:53:58.000Z,0.0002625,0x9084037dbf1368d06d9e530eeec30d1118d3f31d,sell,0xaf4dce16da2877f8c9e00544c93b62ac40631f16,0x014bce0b41cf942afd1d43afe7f3427dd7e0976f36bd9cf62cf65ddba78d43be
303,3534.47961,0.89068886172,0x5655963e6ce26df19cc2f251a813eb0e24a05fed,2017-10-28T20:52:40.000Z,0.000252,0x9084037dbf1368d06d9e530eeec30d1118d3f31d,sell,0xaf4dce16da2877f8c9e00544c93b62ac40631f16,0x25f63121721165ad5e38016386b8939004db9a82cdc9700567e67078e67da6a3
304,1.90476,0.0005,0x34f9560c63078eb61872a4dc2ccd20e21c34feaf,2017-10-28T20:48:20.000Z,0.0002625002625002625,0x016ab691721a99da1c1489ca0ac8b549eb0f7713,buy,0xaf4dce16da2877f8c9e00544c93b62ac40631f16,0x79b293038d2d3837477e0d29c139d9cbac746a6ee45865d6d253a1a7e708a169
305,1.90476,0.0005,0xe444a40689f51f63bcd29910622035707d533d29,2017-10-28T20:47:01.000Z,0.0002625002625002625,0x016ab691721a99da1c1489ca0ac8b549eb0f7713,buy,0xaf4dce16da2877f8c9e00544c93b62ac40631f16,0x11ff2faa2c01a3f48bb5bbf9c6442a55a63b225820dfb96bc4ce0474b83440b6
306,520.99738,0.13129133976,0x5655963e6ce26df19cc2f251a813eb0e24a05fed,2017-10-28T19:36:48.000Z,0.000252,0x0030f02e42b862ed6bda66b30f6debd114a6c0a7,sell,0xaf4dce16da2877f8c9e00544c93b62ac40631f16,0x0e743117eb17fab5aed7c2cf550fdf1b81e9e2ed5b1117583bd195eed9557191
307,141.42946,0.03564022392,0x5655963e6ce26df19cc2f251a813eb0e24a05fed,2017-10-28T19:21:06.000Z,0.000252,0xcafdf7e58f35da35afcb49bd42ac4ec4d08e7def,sell,0xaf4dce16da2877f8c9e00544c93b62ac40631f16,0x960f7c50450adb395aee4c13718516882cb25b712e085e985d3296cf36b9724f
308,755,0.1981875,0xb85eb8491fdf17f2e5924454223f8479e9931546,2017-10-28T17:21:34.000Z,0.0002625,0x2bea862d6c4784cb40b991d763afde097394d8c6,sell,0xaf4dce16da2877f8c9e00544c93b62ac40631f16,0x226198ea2a6b51ac961885f9bb3858d4be479631f125846da681e25aa65e8108
309,1261.10507,0.31779847764,0x5655963e6ce26df19cc2f251a813eb0e24a05fed,2017-10-28T17:02:34.000Z,0.000252,0x1ed014aec47fae44c9e55bac7662c0b78ae61798,sell,0xaf4dce16da2877f8c9e00544c93b62ac40631f16,0xe02fb129b56234341da228fd7559c7ffa5187faddffcb2dbf2a61825c9d0b170
310,3285,0.8623125,0xb85eb8491fdf17f2e5924454223f8479e9931546,2017-10-28T16:38:44.000Z,0.0002625,0x2bea862d6c4784cb40b991d763afde097394d8c6,sell,0xaf4dce16da2877f8c9e00544c93b62ac40631f16,0x8c2e98e3cdf12607f91ec7f2a84297dd38ff3164f00b90a63fbc475c4d9d649e
311,127.55003,0.033545660283617613,0x994c5857751ecafecbff55b97fadda1c5b37136d,2017-10-28T16:19:17.000Z,0.0002630000187661078,0x2bea862d6c4784cb40b991d763afde097394d8c6,buy,0xaf4dce16da2877f8c9e00544c93b62ac40631f16,0x94ab31cfae7ad3ccd6544b3cb5495a9a689aeae0a789cc3afbf8824203461706
312,576.9417,0.1517356696682712,0xedd62ca2b6e42606f13d9ffe319bff0e01a82c9c,2017-10-28T15:41:45.000Z,0.0002630000044515264,0x2bea862d6c4784cb40b991d763afde097394d8c6,buy,0xaf4dce16da2877f8c9e00544c93b62ac40631f16,0xbede19014dcff8d8fc470242a91a2f02c62726979fcfa2ad80f65205a3100932
313,2827.27488,0.71247326976,0x5655963e6ce26df19cc2f251a813eb0e24a05fed,2017-10-28T15:33:00.000Z,0.000252,0xcd4ba9e587c7584fdf4d32d951b03abc4d9bae12,sell,0xaf4dce16da2877f8c9e00544c93b62ac40631f16,0x87187a70419be05c963966090f9388c673069189dc510ddcfd18af44a005d9b2
314,3999,1.007748,0x2bea862d6c4784cb40b991d763afde097394d8c6,2017-10-28T14:56:59.000Z,0.000252,0x473f01e0b8e18038bbb55ccd23c26b7fad3a0884,buy,0xaf4dce16da2877f8c9e00544c93b62ac40631f16,0x25411693a5b418dc7a024150ae28614dfc6ea4d32371f3e0676b262c73a322a2
315,304.66524,0.07677564048,0x5655963e6ce26df19cc2f251a813eb0e24a05fed,2017-10-28T13:23:41.000Z,0.000252,0x891e8ebd0430ab4360b7b74996c2aee650a960d9,sell,0xaf4dce16da2877f8c9e00544c93b62ac40631f16,0xf9b7a7181692a46bdde024e3eec513bf02c1000f79b364708c0d62df99b3e061
316,2000,0.53,0x289c7209887dcc05a91655f1d6a466ae8bd41de3,2017-10-28T12:45:23.000Z,0.000265,0x016ab691721a99da1c1489ca0ac8b549eb0f7713,sell,0xaf4dce16da2877f8c9e00544c93b62ac40631f16,0xce31353a18e0156be4bdf329a797a0331e21462cbba79cc04da2f7b23aaed5b4
317,380,0.10032,0x2bea862d6c4784cb40b991d763afde097394d8c6,2017-10-28T12:42:57.000Z,0.000264,0x016ab691721a99da1c1489ca0ac8b549eb0f7713,buy,0xaf4dce16da2877f8c9e00544c93b62ac40631f16,0x0ce3c303b16800b46dcb5c252e8194ff0bee2b2e4b8b3432d292210d22a05845
318,3176.74376,0.8418370964513473,0x2bea862d6c4784cb40b991d763afde097394d8c6,2017-10-28T12:40:56.000Z,0.0002650000000161635,0x39bd12c87b8dc8875ca72208b45465d72d6f2874,buy,0xaf4dce16da2877f8c9e00544c93b62ac40631f16,0x4c1f597db4038b01160b0046081623292c40e895744b3655e0501db744df7e08
319,1473.25623,0.3904129035486527,0xdae0f700e51c3bd43a522fada636ed00c71c852e,2017-10-28T11:54:57.000Z,0.00026500000176388373,0x39bd12c87b8dc8875ca72208b45465d72d6f2874,buy,0xaf4dce16da2877f8c9e00544c93b62ac40631f16,0x638fb45b6e46d8fe7ceb1d04840886976261fbe950d886aa0bed28897eed7f87
320,950,0.25175,0xbefb394b8aa97f8710e7bf489627e658b7ca3502,2017-10-28T10:40:10.000Z,0.000265,0x39bd12c87b8dc8875ca72208b45465d72d6f2874,buy,0xaf4dce16da2877f8c9e00544c93b62ac40631f16,0x8fe1e6506c31e2b83fb3aaa7ab68e1bce61085e2d2b11bf0c5998eed685468ae
321,1.18067,0.0002951675,0x986863aa0aebc9cd0e6db6275faa8a1fbb745d81,2017-10-28T10:18:25.000Z,0.00025,0xd993360912ccb7f229baae689f5c24dc5a7072dd,sell,0xaf4dce16da2877f8c9e00544c93b62ac40631f16,0xe75b92160636db1e9e4365c048be74b7aaf2c9b5b19ad7e139ac6e800473ebe0
322,11843.28581,2.9608214525,0x5655963e6ce26df19cc2f251a813eb0e24a05fed,2017-10-28T10:17:13.000Z,0.00025,0xd993360912ccb7f229baae689f5c24dc5a7072dd,sell,0xaf4dce16da2877f8c9e00544c93b62ac40631f16,0x2f2580771df223e00ed90bf49b918014cef3477d4352d6073aa3f1bcd8aa00c6
323,1993.81916,0.49845479,0x5655963e6ce26df19cc2f251a813eb0e24a05fed,2017-10-28T09:34:04.000Z,0.00025,0xb2259cf4a0e3468a3f8f07d75216df27372e1a91,sell,0xaf4dce16da2877f8c9e00544c93b62ac40631f16,0x11e3d5ea27d747f0dd75859dd8c109b41ed4830ec7bf751cccd6fef3e634f3a6
324,165,0.044715,0x5a9a88936a3932588af8ccc27dee9849194faea2,2017-10-28T07:29:35.000Z,0.000271,0xb9b83d301c117263338b8de7330f9900223232db,buy,0xaf4dce16da2877f8c9e00544c93b62ac40631f16,0x1ca7bbed53078f5a90acb0022d75a1059da685f8f3ee93b46ff954c2ad3805e7
325,300,0.0813,0x5a9a88936a3932588af8ccc27dee9849194faea2,2017-10-28T07:07:54.000Z,0.000271,0xb9b83d301c117263338b8de7330f9900223232db,buy,0xaf4dce16da2877f8c9e00544c93b62ac40631f16,0xde0d79304c3acd32eba6735888bdcf3ee65decd67c1ffda92d6346a65d8f702e
326,254.59698,0.067951933962,0x5a9a88936a3932588af8ccc27dee9849194faea2,2017-10-28T06:52:03.000Z,0.0002669,0x1884f481c3ad3bd5bce2a9787542cd4d61427ad7,buy,0xaf4dce16da2877f8c9e00544c93b62ac40631f16,0x03f6ae92fabb599882c5ab02d3453d4dc34fb695ab829b72441c72bec46736af
327,0.03723,0.00000993828711296,0x5a9a88936a3932588af8ccc27dee9849194faea2,2017-10-28T06:36:46.000Z,0.00026694297912865965,0x1884f481c3ad3bd5bce2a9787542cd4d61427ad7,buy,0xaf4dce16da2877f8c9e00544c93b62ac40631f16,0x2f7fa241150fff9debe7959a25240ae4e442a75c1c041b128c8b3a1a65d725bb
328,374.08892,0.09969095803010666,0x5a9a88936a3932588af8ccc27dee9849194faea2,2017-10-28T06:22:43.000Z,0.00026649000464944715,0x492842125e4c3a7d10cda0e0291ea22788e4ad60,buy,0xaf4dce16da2877f8c9e00544c93b62ac40631f16,0x995a54f86e17fd276a53d40f9c8c5a33c0e4f4b00694f9e0531e31ec5df10d47
329,498.45479,0.12212142355,0x5655963e6ce26df19cc2f251a813eb0e24a05fed,2017-10-28T06:03:04.000Z,0.000245,0x13d5d590be45f86e1c1297073951ad7abfb746e4,sell,0xaf4dce16da2877f8c9e00544c93b62ac40631f16,0xffdc7c0c0aafd51bee8a6bb807d66fc180babda8efec88c46e58c45817b39839
330,2.99072,0.00074768,0xb9af9e3af2347b952e5c12950c2eeda719c4db34,2017-10-28T05:32:50.000Z,0.00025,0x8eb796ca783c2496f8058227310446d58cfa1e79,sell,0xaf4dce16da2877f8c9e00544c93b62ac40631f16,0xf4cea1a0f731f4f1f88e14440d2022f3a470c42c3dca9d5b1bc765f0436b5837
331,15000,3.945,0xf9a51086b5ed37c64187d70baf5c45ffeadf573b,2017-10-28T04:02:24.000Z,0.000263,0x016ab691721a99da1c1489ca0ac8b549eb0f7713,buy,0xaf4dce16da2877f8c9e00544c93b62ac40631f16,0xe03fde9f16ae4d22184e07e57ac532cc0346af9579c1546048e2e401ba00f76b
332,4224.87,1.11536568,0xf9a51086b5ed37c64187d70baf5c45ffeadf573b,2017-10-28T04:02:24.000Z,0.000264,0xe6d71b3a71feb7274e7ea9199531cfa9527dc921,buy,0xaf4dce16da2877f8c9e00544c93b62ac40631f16,0x9b3861c2b5fe9a07b38e8bf2631bc64826da15b688c9e47b1e1f25b61568174c
333,12000,3.15588,0xf9a51086b5ed37c64187d70baf5c45ffeadf573b,2017-10-28T04:01:54.000Z,0.00026299,0x2bea862d6c4784cb40b991d763afde097394d8c6,buy,0xaf4dce16da2877f8c9e00544c93b62ac40631f16,0x46fb3462fe009317c089e924ca0c0d43a0b68d31c2ec0a0d2c125dc56d950426
334,1.1429,0.000285725,0xb9af9e3af2347b952e5c12950c2eeda719c4db34,2017-10-28T02:36:56.000Z,0.00025,0x9ec0dbc657d14ea31d77e4aa0905232ef899372f,sell,0xaf4dce16da2877f8c9e00544c93b62ac40631f16,0x9636f0e62b58c076d2840e51191f95c0a72d3923b0479903b60c72bddcfc12cf
335,11464.46017,2.791596051395,0x016ab691721a99da1c1489ca0ac8b549eb0f7713,2017-10-28T02:35:56.000Z,0.0002435,0x9ec0dbc657d14ea31d77e4aa0905232ef899372f,sell,0xaf4dce16da2877f8c9e00544c93b62ac40631f16,0xeea69964f205c13d4b51cc262d9ba719c5f228f23fc6886b13c6085afec13703
336,0.19828,0.00004957,0xb9af9e3af2347b952e5c12950c2eeda719c4db34,2017-10-28T00:57:34.000Z,0.00025,0x450f9e6db5a5fd6f9b0a5192caca7fc162c77031,sell,0xaf4dce16da2877f8c9e00544c93b62ac40631f16,0xc6fd60920fc0a5af8faedb9721b4d31d80ae1e4d61f3904299be328114d83c12
337,1988.81965,0.484277584775,0x016ab691721a99da1c1489ca0ac8b549eb0f7713,2017-10-28T00:56:36.000Z,0.0002435,0x450f9e6db5a5fd6f9b0a5192caca7fc162c77031,sell,0xaf4dce16da2877f8c9e00544c93b62ac40631f16,0xc9fdc236436b8441b4d336b866b3b1001a55c7d38b758f37efc2769239cd8daa
338,305.60971,0.07395754982,0x891e8ebd0430ab4360b7b74996c2aee650a960d9,2017-10-28T00:29:15.000Z,0.000242,0xa5110fd6cba408a6b2352b25e5564e7d0c777fa6,sell,0xaf4dce16da2877f8c9e00544c93b62ac40631f16,0x3324b28412bd908891f194eccac24e61c8d92a6a1d0d22771523c0c1b9491ac8
339,10,0.00242,0x9d3aeaca91a54a6b4588d2821ea105521ab0a4d3,2017-10-28T00:23:52.000Z,0.000242,0xb648bf34687f645b1708ff60b043bd4573e3f1ee,buy,0xaf4dce16da2877f8c9e00544c93b62ac40631f16,0x21901a7a32a16c9e1cde5908bb0fdddaab605d3f68d1c22fbac94fd6882b4851
340,1094.71957,0.2901006878676104,0x0b42689410ba244ab61a8f90a9bc28bad7fe8e94,2017-10-27T20:28:11.000Z,0.0002650000016603434,0x2bea862d6c4784cb40b991d763afde097394d8c6,buy,0xaf4dce16da2877f8c9e00544c93b62ac40631f16,0xf30df312702a29cd60877a6e2faf8412656068f156892be7dec04c55eb6a8a44
341,452,0.11978,0xabf59b87f933755ab05112a0b8b1506f568463f2,2017-10-27T19:45:02.000Z,0.000265,0x2bea862d6c4784cb40b991d763afde097394d8c6,buy,0xaf4dce16da2877f8c9e00544c93b62ac40631f16,0x1173bb30e981bf7d48133daaa2e3bb13df3e6ef960f27367dadd5d469731f9af
342,793,0.210145,0x53264aa01bbe70475bc291cedf36ce554ae8c775,2017-10-27T19:28:39.000Z,0.000265,0x2bea862d6c4784cb40b991d763afde097394d8c6,sell,0xaf4dce16da2877f8c9e00544c93b62ac40631f16,0xb29e7945d38f1ebf30afb3bb4ce885dd7da4e5233d372dc752cab906c171d029
343,670.04997,0.1614887432697,0x016ab691721a99da1c1489ca0ac8b549eb0f7713,2017-10-27T19:12:14.000Z,0.00024101,0x4ef10c16169fd11a43efda3793d7a20e858938af,sell,0xaf4dce16da2877f8c9e00544c93b62ac40631f16,0xcf8a94fa5f2fe759b4ea46e2d86e1df8b63ad0cedbd927443ebf2cc7c0a4f421
344,625.85631,0.16679070751936714,0x049cd57735940397001f20fb65f78e747a33863a,2017-10-27T19:01:43.000Z,0.0002665000014450076,0x2bea862d6c4784cb40b991d763afde097394d8c6,buy,0xaf4dce16da2877f8c9e00544c93b62ac40631f16,0x830ef337207309b3904588d6772ab532fc97f9e52005709a5fe544b4bb542a0f
345,87.081,0.02264106,0x016ab691721a99da1c1489ca0ac8b549eb0f7713,2017-10-27T18:17:10.000Z,0.00026,0x2bea862d6c4784cb40b991d763afde097394d8c6,buy,0xaf4dce16da2877f8c9e00544c93b62ac40631f16,0x5d824ad31e523a7405d1c7ddf624648780b649d9dd7aab02f1b138e84223d37c
346,3499.683,0.878420433,0x016ab691721a99da1c1489ca0ac8b549eb0f7713,2017-10-27T18:15:28.000Z,0.000251,0x405183b5c1e41004cd4f7ffd2ac9ceabbe499393,buy,0xaf4dce16da2877f8c9e00544c93b62ac40631f16,0x72c2d140ccbdca551447ed78d60b41673addf11b699c49087113f21eaecc4dfb
347,0.3158,0.0000761078,0xd3f41ad38bd96e492d6d229369afc889e6bc8b6f,2017-10-27T17:31:57.000Z,0.000241,0xbe000edb6e65e9c2639495e843255eb3ff124584,sell,0xaf4dce16da2877f8c9e00544c93b62ac40631f16,0x69bc7c5cf0d3f920e6ddd69e3e41306fa6bbe4ee64f6dd26978c03c9353af6a3
348,0.31678,0.000079513232205228,0xbe000edb6e65e9c2639495e843255eb3ff124584,2017-10-27T17:29:49.000Z,0.00025100458427056003,0x405183b5c1e41004cd4f7ffd2ac9ceabbe499393,buy,0xaf4dce16da2877f8c9e00544c93b62ac40631f16,0xb89fee1a8c861f97ce30930c92bdb88227250662fcffa52404f8fa68c632b046
349,42,0.010689,0x77c0016fea4b7c41cb7867518f23a5cde66f8cd4,2017-10-27T16:27:39.000Z,0.0002545,0x016ab691721a99da1c1489ca0ac8b549eb0f7713,buy,0xaf4dce16da2877f8c9e00544c93b62ac40631f16,0x15ad98b73e87f93d131fa675482e993c176ff9d95c6e6768f0c081d6a18eb05f
350,348.91835,0.08408932235,0xd3f41ad38bd96e492d6d229369afc889e6bc8b6f,2017-10-27T16:11:40.000Z,0.000241,0x3ffaf6d7382bb0bec6aaf56225ae8d0acf85a6e8,sell,0xaf4dce16da2877f8c9e00544c93b62ac40631f16,0x680407005fc86737bf1e1cd65b6d2e2ef62a10db1640efafaba8061f3036a7bd
351,5.40984,0.00130377144,0xd3f41ad38bd96e492d6d229369afc889e6bc8b6f,2017-10-27T15:26:57.000Z,0.000241,0x38521c30e4dc5b5b9eb7f91eba60c4266f39ef8c,sell,0xaf4dce16da2877f8c9e00544c93b62ac40631f16,0xa78240b4b5d25bfa20d347ff88a52e3fb17c0f5da1992703e85b0ee7cd15a55c
352,3904.62162,0.9371091888,0x7ff1bd90004bb6ca447eb336bfd417dd3b3258a1,2017-10-27T14:39:55.000Z,0.00024,0x4afb16001acf68b6ac17c25b9dcb290aa8eac0b6,sell,0xaf4dce16da2877f8c9e00544c93b62ac40631f16,0x2f38c3c601101442e6eb5468449eff1d9b0b7952bb1138f70b3031903303bba8
353,4000,0.932008,0xb9a950ebde44467d4f0e5d21c531a527c88c1489,2017-10-27T14:38:03.000Z,0.000233002,0x4afb16001acf68b6ac17c25b9dcb290aa8eac0b6,sell,0xaf4dce16da2877f8c9e00544c93b62ac40631f16,0xd5f373352746dcc6c235e5356d586f250c11d517433e969575c3adb8b3d6f777
354,8100,2.1869919,0x0a93d8564f24c7acc9103e47633cf92a8e7cc83f,2017-10-27T14:34:42.000Z,0.000269999,0xbb0ea877a85df253ccc312b80c644da31443abfd,buy,0xaf4dce16da2877f8c9e00544c93b62ac40631f16,0xd225178c67f51cead8fe833dca50144b510b81e63036fdcac290cc4fe6a9523c
355,15000,3.709332,0xf9a51086b5ed37c64187d70baf5c45ffeadf573b,2017-10-27T14:17:25.000Z,0.0002472888,0x016ab691721a99da1c1489ca0ac8b549eb0f7713,buy,0xaf4dce16da2877f8c9e00544c93b62ac40631f16,0xbef5ed4a685bb6429bb9720bb6a41d167d820557f5f0fcf716e2539193a885a3
356,34260.22439,7.8798516097,0x49dd2e58c41a035c9bd454db1f92977dbabaad61,2017-10-27T13:21:32.000Z,0.00023,0x3df86cefaecfaa31be2f74f8f832cb4ef62b79f8,sell,0xaf4dce16da2877f8c9e00544c93b62ac40631f16,0xe3b3f22614cb1b8f7f69ff1d40466791e9a11f08aee17e811f9bc0520c30b75e
357,4310.637,1.004378421,0xb75cdf900688e5ca2922bbbdbdab106039a5120b,2017-10-27T13:20:38.000Z,0.000233,0x3df86cefaecfaa31be2f74f8f832cb4ef62b79f8,sell,0xaf4dce16da2877f8c9e00544c93b62ac40631f16,0x00f7c959f6593b5115942ca0e2d835f27ee4fca3cf160958cb4412abe639c1f6
358,15252.71657,3.55388296081,0xb75cdf900688e5ca2922bbbdbdab106039a5120b,2017-10-27T12:43:07.000Z,0.000233,0x73255d98f7ac75beb5397febd37db3b3650d8156,sell,0xaf4dce16da2877f8c9e00544c93b62ac40631f16,0x102efed9fa30f49ef0e7c39747fd1ee64483e1137ccca39a46ce33fc0f570db1
359,436.64639,0.10173860887,0xb75cdf900688e5ca2922bbbdbdab106039a5120b,2017-10-27T12:24:55.000Z,0.000233,0x9cc70180769967ed38af69549938ad6d3c18b071,sell,0xaf4dce16da2877f8c9e00544c93b62ac40631f16,0xd4803c7d6cd9c89a01eb7e5a729afaf01f8fc7722ca199c8459046b4ef265429
360,436.64639,0.10173860887,0xb75cdf900688e5ca2922bbbdbdab106039a5120b,2017-10-27T12:24:13.000Z,0.000233,0x9cc70180769967ed38af69549938ad6d3c18b071,sell,0xaf4dce16da2877f8c9e00544c93b62ac40631f16,0xd4803c7d6cd9c89a01eb7e5a729afaf01f8fc7722ca199c8459046b4ef265429
361,4000,0.924,0x55dec70a47eae12032d85f375a8031b020f63488,2017-10-27T12:20:54.000Z,0.000231,0x9cc70180769967ed38af69549938ad6d3c18b071,sell,0xaf4dce16da2877f8c9e00544c93b62ac40631f16,0x6dd11e0fa1f6b264acbdbd0d67177518eaec7d6e764e82bf40cb7f0a6db5658b
362,455.11115,0.1055857868,0x15f8e988924cf1593e8d19942508d62732d38898,2017-10-27T12:00:22.000Z,0.000232,0x186cb94ce56ff3d5a8e1c7f6d159b2b467554b8f,sell,0xaf4dce16da2877f8c9e00544c93b62ac40631f16,0x4f5a0097f80ba211227b96dba40d32bdca12010a5afca89e72022725f4aa21cc
363,2000,0.4948,0x7779b6f71dbf93c9252b4c352581d21ce2258b8a,2017-10-27T11:15:28.000Z,0.0002474,0x73255d98f7ac75beb5397febd37db3b3650d8156,buy,0xaf4dce16da2877f8c9e00544c93b62ac40631f16,0x32f2504e1eb2079968818e1f59d1f769808e9f79d804220fa7929b9dfac92466
364,599.779,0.146945855,0x7779b6f71dbf93c9252b4c352581d21ce2258b8a,2017-10-27T11:09:50.000Z,0.000245,0x405183b5c1e41004cd4f7ffd2ac9ceabbe499393,buy,0xaf4dce16da2877f8c9e00544c93b62ac40631f16,0x94b321159d730feb66282b4758be291e8b273238a5921dec4b814763038ffa6f
365,4433,1.032893433,0xc11f32a3d45a3dc54b34234dd2b9f46292e69c02,2017-10-27T11:09:50.000Z,0.000233001,0x98b8f889dbe2b5c4c5879f65e13b24012f2afdce,sell,0xaf4dce16da2877f8c9e00544c93b62ac40631f16,0xac67ed3b0981a5c66a670f696d27fe97869ab9a31b0886640cae70ae0e0c5437
366,20000,4.66,0x661a6aff14a26bb0062d48ca8b879e89f4ec9171,2017-10-27T11:08:39.000Z,0.000233,0x98b8f889dbe2b5c4c5879f65e13b24012f2afdce,sell,0xaf4dce16da2877f8c9e00544c93b62ac40631f16,0xc453fc75d8429551448d9199e09ac3eb7bf59556b99c7c6750f7d86b9a6eb766
367,5000,1.165,0x55dec70a47eae12032d85f375a8031b020f63488,2017-10-27T10:10:38.000Z,0.000233,0x3b9b57ff78bc40bf010981e7063eb4af6f89b791,buy,0xaf4dce16da2877f8c9e00544c93b62ac40631f16,0x2bad37f70db651471794438a5f6d1094788052b3f366dd05fb71a05c230f9798
368,2000,0.472,0xb4cfcb2b61bae99448176e1253a2916923cda0dc,2017-10-27T10:01:28.000Z,0.000236,0x3b9b57ff78bc40bf010981e7063eb4af6f89b791,sell,0xaf4dce16da2877f8c9e00544c93b62ac40631f16,0x2a16a64aa9dc76565b0b4355902cdf31fcb0866a9b92c0188881fff8ecb4db48
369,10738.37758,2.53079935129924,0x016ab691721a99da1c1489ca0ac8b549eb0f7713,2017-10-27T09:41:46.000Z,0.000235678,0x98b8f889dbe2b5c4c5879f65e13b24012f2afdce,sell,0xaf4dce16da2877f8c9e00544c93b62ac40631f16,0x231b03d09c672416f599da18f9b861d721eadc8b8ff4c53f1db342ea6e792ce5
370,22000,5.1744,0x90ae1ba6e3d33775b97273902a06560aa6ac4c96,2017-10-27T09:38:03.000Z,0.0002352,0x98b8f889dbe2b5c4c5879f65e13b24012f2afdce,sell,0xaf4dce16da2877f8c9e00544c93b62ac40631f16,0x11f2bb77df749afe67a851b8d83391fdf1652106363e21babe7ea240840f184a
371,75,0.0177,0xd6ae6f4d23eb1d5679ffccda91d50b031cc34a5e,2017-10-27T09:00:57.000Z,0.000236,0x3b9b57ff78bc40bf010981e7063eb4af6f89b791,sell,0xaf4dce16da2877f8c9e00544c93b62ac40631f16,0x40ccf0b675d7c496ca99b292c2b048e9eb00ebcdd8fac81fbb69f7cf850b6eea
372,11329.89726,2.66894990784642,0x98b8f889dbe2b5c4c5879f65e13b24012f2afdce,2017-10-27T08:54:06.000Z,0.000235567,0xd18eeed3945ef7e5adb28acb3b233f8f07b92d1e,sell,0xaf4dce16da2877f8c9e00544c93b62ac40631f16,0x4fd230918dd091729091b76b629e7cd7cd78046ac2ef9ffa3b06ff54becccceb
373,5000,1.178395,0x049cd57735940397001f20fb65f78e747a33863a,2017-10-27T08:51:34.000Z,0.000235679,0xd18eeed3945ef7e5adb28acb3b233f8f07b92d1e,sell,0xaf4dce16da2877f8c9e00544c93b62ac40631f16,0x246c27376956eae64748489bf708549579447f0c4adf00e511d296171c9112db
374,6976.87208,1.64430223494232,0x049cd57735940397001f20fb65f78e747a33863a,2017-10-27T08:49:55.000Z,0.000235679,0x162170ede9e35d6cdd810d4bf21e77dd930fe0a9,sell,0xaf4dce16da2877f8c9e00544c93b62ac40631f16,0x3f19e21d2641296625a65d6bdf594e2c6a3bbdfc6d6ae1707c9f8adfd3b67f7f
375,500,0.118,0xf84bfa23c2ab766c47056011b26e2d12ade5c754,2017-10-27T08:40:20.000Z,0.000236,0x162170ede9e35d6cdd810d4bf21e77dd930fe0a9,sell,0xaf4dce16da2877f8c9e00544c93b62ac40631f16,0x29066a0ceb027693fdc3bb8c08154226dbb112657e25a08933cfee0e44e8083d
376,199.38292,0.04699016781976,0x016ab691721a99da1c1489ca0ac8b549eb0f7713,2017-10-27T08:29:23.000Z,0.000235678,0xd18eeed3945ef7e5adb28acb3b233f8f07b92d1e,sell,0xaf4dce16da2877f8c9e00544c93b62ac40631f16,0x1694cc440e100fa1d391e0043ac93d4b1443665798bea35c90debd2a6e04670d
377,9062.2395,2.135770480881,0x016ab691721a99da1c1489ca0ac8b549eb0f7713,2017-10-27T07:51:50.000Z,0.000235678,0x3045d01fb05db35c2aae1280168cffa950a9cf26,sell,0xaf4dce16da2877f8c9e00544c93b62ac40631f16,0xb95203d5acdf806a27010222807ae4bc4b63143ca61490626591b0946d0968d1
378,3856.518,0.92945894039784,0x016ab691721a99da1c1489ca0ac8b549eb0f7713,2017-10-27T07:49:00.000Z,0.00024100988,0x3045d01fb05db35c2aae1280168cffa950a9cf26,sell,0xaf4dce16da2877f8c9e00544c93b62ac40631f16,0xf83ed124c055dcd6a8de149a9db72caca6be0088151cafadc01a8f7a7ef801a2
379,1350,0.3375,0x016ab691721a99da1c1489ca0ac8b549eb0f7713,2017-10-27T06:09:00.000Z,0.00025,0x0d77884f76b8c961465432ee63ef05292a063f76,buy,0xaf4dce16da2877f8c9e00544c93b62ac40631f16,0x3d18de9f120850d0c69f0a121bfe0b920872cd67a2a741bcecc91f92e0a32132
380,500,0.13,0xd3e3f95f2ad753c03793c0d1af8dce59418f3180,2017-10-27T04:56:56.000Z,0.00026,0xb9a950ebde44467d4f0e5d21c531a527c88c1489,sell,0xaf4dce16da2877f8c9e00544c93b62ac40631f16,0xc92b4a5dcfddc48663fc3fd32893ea4187a5e937b863cc900edca229db92b362
381,1000,0.241,0xb9a950ebde44467d4f0e5d21c531a527c88c1489,2017-10-27T04:20:15.000Z,0.000241,0xa197617cc04ac807355853cfd3f0a5bb84305c92,buy,0xaf4dce16da2877f8c9e00544c93b62ac40631f16,0xcf4b5f83e77ce02f62b8fa3862a0306d056b4a14c5200526c70ad3bac91f1f19
382,0.19877,0.0000479055338476,0x016ab691721a99da1c1489ca0ac8b549eb0f7713,2017-10-27T04:03:09.000Z,0.00024100988,0x3ed2dc2f7b063ba933fa8aaeabecdf6583ac335d,sell,0xaf4dce16da2877f8c9e00544c93b62ac40631f16,0x5f0c8ac1c669177cfce12f228cb59d3d0406bd156808f19ef3e5c91d6c719f4a
383,500,0.13,0xf469dd6fd23b361b9a16020f0945f4a3eaeb9971,2017-10-27T03:33:15.000Z,0.00026,0x405183b5c1e41004cd4f7ffd2ac9ceabbe499393,buy,0xaf4dce16da2877f8c9e00544c93b62ac40631f16,0x49fce470a0a336bae26d0f6a5c3dab6838f7d6db4ee045e85e073fc29abe9f5a
384,1136.12676,0.2738177740923888,0x016ab691721a99da1c1489ca0ac8b549eb0f7713,2017-10-27T03:32:42.000Z,0.00024100988,0x91e4a2c2af07a2a1ac1308a2fbf982dcc2233568,sell,0xaf4dce16da2877f8c9e00544c93b62ac40631f16,0xe5a406326b69b5087c8c6e4b0c156188d46353298765a4b89cabbeefff5939dd
385,5.03376,0.0013591152,0xc00ce6a396d90c3b0b9135625fc87693ec75bc67,2017-10-27T03:24:13.000Z,0.00027,0x91e4a2c2af07a2a1ac1308a2fbf982dcc2233568,sell,0xaf4dce16da2877f8c9e00544c93b62ac40631f16,0x7847788f7b018219615cde8d8877f4f5aaec0a131c151552ca6496d7afb94073
