,amount,amountBase,buyer,date,price,seller,side,tokenAddr,txHash
0,14907430.67,0.000000000000149074,0xacba24578577004624344761f641a710800ee012,2017-10-30T15:31:12.000Z,0,0x2c0edebe9ae49bcaf6396c0f773db4986a6ea34d,sell,0x1bb9e8ea817d56eccc212ce63f7da95298f98719,0xf0028d1c77879336a4876a9d2ce8a361670bcad7fd0f79832b32bcffa05a1967
1,149536437045.16,0.000029907287409032,0xc847559681f261b9c1481df5ff4f4ae014317da0,2017-10-30T15:28:55.000Z,0.0000000000000002,0x2c0edebe9ae49bcaf6396c0f773db4986a6ea34d,sell,0x1bb9e8ea817d56eccc212ce63f7da95298f98719,0x1ad7e032b457ea8130b03b0216a48379c5d9b1464676d57082c4c561f0fe4fc5
2,39879411,0.0000598191165,0xd70bca39e5d99671ef6a6be62c1624df419a13c0,2017-10-30T04:16:56.000Z,0.0000000000015,0x583b640795999aa2bb22c1a62a91336ff9d325bb,buy,0x1bb9e8ea817d56eccc212ce63f7da95298f98719,0xa1ad74c39ad1519209865805c86ff262b3bbf97a6df5b995c4c1c0ecde99d4b0
3,39883400,0.0000598251,0xd70bca39e5d99671ef6a6be62c1624df419a13c0,2017-10-30T04:14:11.000Z,0.0000000000015,0x583b640795999aa2bb22c1a62a91336ff9d325bb,buy,0x1bb9e8ea817d56eccc212ce63f7da95298f98719,0xfb261a0f75aa01a391022644877e9cdf3d7ba7755bfc66bfe533b73066d1d51b
4,666000000,0.000999,0xe23c06e33211db0ee25fcb0d094b2085f7db5924,2017-10-29T14:06:08.000Z,0.0000000000015,0x583b640795999aa2bb22c1a62a91336ff9d325bb,buy,0x1bb9e8ea817d56eccc212ce63f7da95298f98719,0x455f9d91d407c84ba460a6503c0fa8b4c0dea977e8106e622354bdee1a43aa12
5,500000000,0.00075,0xf36990a2cb4d609e0a7d4f3bf884c0342d81fd3d,2017-10-29T01:36:41.000Z,0.0000000000015,0x583b640795999aa2bb22c1a62a91336ff9d325bb,buy,0x1bb9e8ea817d56eccc212ce63f7da95298f98719,0x84460c2db5e37e988e1428ac45860a1feab8a5b613090b806697dbf743ffadd4
6,4000000000,0.0068,0xc847559681f261b9c1481df5ff4f4ae014317da0,2017-10-27T17:25:17.000Z,0.0000000000017,0x8cc21b65045ef92707eafe41fc6b052b6b950364,buy,0x1bb9e8ea817d56eccc212ce63f7da95298f98719,0xd822b9373a85712fbf9d7879091ad30b1108f2d8fa61904f2781a2b9c9516348
7,1000000000,0.0018,0xedf5de3807d23e5d85b0caa1e10d52b85c2a6965,2017-10-27T04:19:52.000Z,0.0000000000018,0x583b640795999aa2bb22c1a62a91336ff9d325bb,buy,0x1bb9e8ea817d56eccc212ce63f7da95298f98719,0x805665d61cab5a2ac0e6b345fd888eaba26c44de87232c062bfa33d73ca7f85a
8,1000000000,0.0019,0xc847559681f261b9c1481df5ff4f4ae014317da0,2017-10-26T23:05:22.000Z,0.0000000000019,0x8cc21b65045ef92707eafe41fc6b052b6b950364,buy,0x1bb9e8ea817d56eccc212ce63f7da95298f98719,0x21fa58a4c905046ff684497b13700bfc280b9d4261cd4354ac19317022bc0a85
9,307048150.73,0.000000000003070481,0xacba24578577004624344761f641a710800ee012,2017-10-26T17:05:51.000Z,0,0xaa85b24ac88a0a235f1977821194adce1cda9144,sell,0x1bb9e8ea817d56eccc212ce63f7da95298f98719,0x6132c26f78d4ff86dadb1a100af6527729bde8f9d6ca9ccfaea19b6503cc7115
10,19876.59,0.0000000001987659,0x035392de57aa4fe343d86494103dbe1b068a56c6,2017-10-26T12:59:05.000Z,0.00000000000001,0x786e7d333ee4787dae77f0c2f648dac91ae9399c,sell,0x1bb9e8ea817d56eccc212ce63f7da95298f98719,0x488e6bf977738cc2ef6e4eca795f15364aa9633bd8838486535a7137e6ecaf2a
11,199382015.45,0.0000019938201545,0x035392de57aa4fe343d86494103dbe1b068a56c6,2017-10-26T12:56:15.000Z,0.00000000000001,0x786e7d333ee4787dae77f0c2f648dac91ae9399c,sell,0x1bb9e8ea817d56eccc212ce63f7da95298f98719,0x94185693dee8cd8b81deb481194d197feee4eba210d2c82242c9de59c1ebbddb
12,1958273,0.0000043082006,0xd70bca39e5d99671ef6a6be62c1624df419a13c0,2017-10-25T19:52:52.000Z,0.0000000000022,0x8cc21b65045ef92707eafe41fc6b052b6b950364,buy,0x1bb9e8ea817d56eccc212ce63f7da95298f98719,0x36e02b4b90930aceedaf8324e662cac5a81358b92b379d981d167e4655d5ab34
13,19584692,0.0000430863224,0xd70bca39e5d99671ef6a6be62c1624df419a13c0,2017-10-25T19:49:49.000Z,0.0000000000022,0x8cc21b65045ef92707eafe41fc6b052b6b950364,buy,0x1bb9e8ea817d56eccc212ce63f7da95298f98719,0x6d32fd8f30cc63eeaa346d9e9bcc881d8c2ff845af8feb24c285382c6a12ccb7
14,19586651,0.0000430906322,0xd70bca39e5d99671ef6a6be62c1624df419a13c0,2017-10-25T19:47:24.000Z,0.0000000000022,0x8cc21b65045ef92707eafe41fc6b052b6b950364,buy,0x1bb9e8ea817d56eccc212ce63f7da95298f98719,0x6493c223a752be9d731fd4a9b54686f18eccc25ac17a0c91dc938ae82036e93b
15,19995800,0.00004798992,0xd70bca39e5d99671ef6a6be62c1624df419a13c0,2017-10-25T19:23:18.000Z,0.0000000000024,0x583b640795999aa2bb22c1a62a91336ff9d325bb,buy,0x1bb9e8ea817d56eccc212ce63f7da95298f98719,0x8291dc5cf5dfd8800c78a1587b3065ac28158d13ead788e25d390f7ef08a81b0
16,19997800,0.00004799472,0xd70bca39e5d99671ef6a6be62c1624df419a13c0,2017-10-25T19:19:18.000Z,0.0000000000024,0x583b640795999aa2bb22c1a62a91336ff9d325bb,buy,0x1bb9e8ea817d56eccc212ce63f7da95298f98719,0xda1e13ced820c10b264c7b66901a9855e30fec48e1ff2f0cb56af7b5b197bc15
17,19999800,0.00004799952,0xd70bca39e5d99671ef6a6be62c1624df419a13c0,2017-10-25T19:16:36.000Z,0.0000000000024,0x583b640795999aa2bb22c1a62a91336ff9d325bb,buy,0x1bb9e8ea817d56eccc212ce63f7da95298f98719,0x1c53374ef0da7d126cfc91dd9703294f1e0aaeb0e7e1ced53a8b8c54a01a86ec
18,2000000,0.0000048,0xd70bca39e5d99671ef6a6be62c1624df419a13c0,2017-10-25T19:13:21.000Z,0.0000000000024,0x583b640795999aa2bb22c1a62a91336ff9d325bb,buy,0x1bb9e8ea817d56eccc212ce63f7da95298f98719,0xb6fe014c5cb9ae64539858564dd1fa24152e8335c05580b4ca69085e4050ee42
19,3000000000,0.0087,0x6c27e779bc2f1bdb3c1e09d7b66eb8dcb661eaf5,2017-10-25T09:10:01.000Z,0.0000000000029,0x583b640795999aa2bb22c1a62a91336ff9d325bb,buy,0x1bb9e8ea817d56eccc212ce63f7da95298f98719,0x6da56f112d66a82df431aff7d0920d8c48b691a014d3e1ce9ac38782498bb658
20,2000000000,0.0058,0xe5113b174ce44a53f320d7988212cea10ffaa8f7,2017-10-25T09:01:23.000Z,0.0000000000029,0x583b640795999aa2bb22c1a62a91336ff9d325bb,buy,0x1bb9e8ea817d56eccc212ce63f7da95298f98719,0x97604422b15bce6a289306855aaa6d4553041b2472c44d15f858098b21efb766
21,9978859172.96,0.024947147932414,0x6c5d845d261d2e6fb778879ba905eab6a5c9fff6,2017-10-25T05:30:06.000Z,0.0000000000025,0x66a4e99923ff534c41936d0b28a13980b0a942f0,buy,0x1bb9e8ea817d56eccc212ce63f7da95298f98719,0x13164f7c26e5b513e7d20e52d300d8b9e67fdae30471a6021d7a77aa4db3c2ae
22,225000,0.000009,0x0408f161ab4e4be0680e4619d60e412548a43790,2017-10-24T11:11:23.000Z,0.00000000004,0x3c7839b400ed9830e97d75c3a1371b5cca7d74c3,buy,0x1bb9e8ea817d56eccc212ce63f7da95298f98719,0x28636ce5347cca431b5a1c3e5c516494bc958166a49d3dc6cb0b2bae5a1bc00c
23,1467991010547.02,0.0220198651582053,0x583b640795999aa2bb22c1a62a91336ff9d325bb,2017-10-24T03:18:53.000Z,0.000000000000015,0x75401845de6828260e35a9bd8a20af7275a7ecd3,sell,0x1bb9e8ea817d56eccc212ce63f7da95298f98719,0x2003eb953eca7dad6fef2e81a35ae5e74810ee33974af1c7aff348ded7989dbc
24,200000000,0.0006,0x786e7d333ee4787dae77f0c2f648dac91ae9399c,2017-10-23T15:12:44.000Z,0.000000000003,0x8cc21b65045ef92707eafe41fc6b052b6b950364,buy,0x1bb9e8ea817d56eccc212ce63f7da95298f98719,0xfe3d1577e08e18694507184fe5b693b9eab9b1bd44e8840ec245721a531ad79f
25,996909.58,0.00000001295982454,0x583b640795999aa2bb22c1a62a91336ff9d325bb,2017-10-23T15:10:09.000Z,0.000000000000013,0x786e7d333ee4787dae77f0c2f648dac91ae9399c,sell,0x1bb9e8ea817d56eccc212ce63f7da95298f98719,0xef3701e537afec1299fcab880941f204f8923702a24d71d8dbeab583fdcc2873
26,99999999,0.000299999997,0x54b59cbea68b581f1fa6ae1c3d5ea0643e8e2378,2017-10-23T14:59:47.000Z,0.000000000003,0x8cc21b65045ef92707eafe41fc6b052b6b950364,buy,0x1bb9e8ea817d56eccc212ce63f7da95298f98719,0x00d69d503d167a8b29431c6e697f41cf1d496f172c3e947c3fb05e60d1a4669d
27,99999999,0.000299999997,0x54b59cbea68b581f1fa6ae1c3d5ea0643e8e2378,2017-10-23T14:55:37.000Z,0.000000000003,0x8cc21b65045ef92707eafe41fc6b052b6b950364,buy,0x1bb9e8ea817d56eccc212ce63f7da95298f98719,0x9ae34639135cf381d1dded85c27a60618c0fca1f2c87b3958e488e0b11572e29
28,99999999,0.000299999997,0x54b59cbea68b581f1fa6ae1c3d5ea0643e8e2378,2017-10-23T14:55:18.000Z,0.000000000003,0x8cc21b65045ef92707eafe41fc6b052b6b950364,buy,0x1bb9e8ea817d56eccc212ce63f7da95298f98719,0x06d75f1f2f6a979375cfd3793b35f8f47de778193e453c5cf874344eca67c77f
29,99999999,0.000299999997,0x54b59cbea68b581f1fa6ae1c3d5ea0643e8e2378,2017-10-23T14:55:02.000Z,0.000000000003,0x8cc21b65045ef92707eafe41fc6b052b6b950364,buy,0x1bb9e8ea817d56eccc212ce63f7da95298f98719,0x61e80ef2794548512f5e5e2442cbe04bb585a35a6639b8d97155084daa4760fc
30,9970000,0.00997,0x5d6ccdef685023e074b72898b49df8a9754ab473,2017-10-23T10:41:09.000Z,0.000000001,0x273a5d3e6721b9f5c1a6474f560c1334c63dda01,sell,0x1bb9e8ea817d56eccc212ce63f7da95298f98719,0x4ea3637f2ca0d671b648236494c07b3b97389760f3f48179b0967d32d9ac179b
31,10000000,0.00003,0x273a5d3e6721b9f5c1a6474f560c1334c63dda01,2017-10-23T10:41:09.000Z,0.000000000003,0x8cc21b65045ef92707eafe41fc6b052b6b950364,buy,0x1bb9e8ea817d56eccc212ce63f7da95298f98719,0x4ea3637f2ca0d671b648236494c07b3b97389760f3f48179b0967d32d9ac179b
32,35709298.29,0.000107127894897583,0x0a89dbfbbbefff2d1f744f481c01698dea995cdc,2017-10-23T00:40:36.000Z,0.000000000003,0x8cc21b65045ef92707eafe41fc6b052b6b950364,buy,0x1bb9e8ea817d56eccc212ce63f7da95298f98719,0x2cb453dde620d37d09145f1e1318708b4d01739e517464550772c08a58690452
33,1000000000000,0.0125,0xacba24578577004624344761f641a710800ee012,2017-10-22T20:10:09.000Z,0.0000000000000125,0x8cc21b65045ef92707eafe41fc6b052b6b950364,sell,0x1bb9e8ea817d56eccc212ce63f7da95298f98719,0xdcbc25fa1c4638f08d3cd3e2cb720f6340eb6f1865c73f3b7ca6ae4dbe5f286c
34,1000000,0.001,0xe6dce38a61edba2cd7dc0be24aa42f1c1bd3de0c,2017-10-21T20:48:35.000Z,0.000000001,0x53f64794758406c6e8355d22ee4d32926e75dcc6,buy,0x1bb9e8ea817d56eccc212ce63f7da95298f98719,0x8b760e4e18ab4815312deaf202b5d83c819e15efbcc54055fabc2cbf060e69e5
35,1000000,0.001,0xbf8418ea81566519e9ec9f441991bab6e33ecc32,2017-10-21T19:09:13.000Z,0.000000001,0xc8f27c96c7e8d1a1a09bbc8f1988b4cff10898cb,buy,0x1bb9e8ea817d56eccc212ce63f7da95298f98719,0x9209c6aff093e8d5d6f006ed35538161853cd82cd3882752b8835f9d32dc3060
36,100000000,0.0007,0x76e2c7401c596dffdcf3bc4d12c64901e3d5f068,2017-10-21T17:42:42.000Z,0.000000000007,0x8cc21b65045ef92707eafe41fc6b052b6b950364,buy,0x1bb9e8ea817d56eccc212ce63f7da95298f98719,0x71d32c7f9a5cc3b45eb6f5cc1be8cc95e8b834dcd826970874cecb088f068b72
37,10000000,0.00007,0x864c253182846f773742f5a346f5905c6faded78,2017-10-21T16:32:12.000Z,0.000000000007,0x8cc21b65045ef92707eafe41fc6b052b6b950364,buy,0x1bb9e8ea817d56eccc212ce63f7da95298f98719,0x6675f28b801edf2c881ba9a8771ff7716ef2770031ee9cb5974b530997330dec
38,10000000,0.00007,0x864c253182846f773742f5a346f5905c6faded78,2017-10-21T16:31:48.000Z,0.000000000007,0x8cc21b65045ef92707eafe41fc6b052b6b950364,buy,0x1bb9e8ea817d56eccc212ce63f7da95298f98719,0x6675f28b801edf2c881ba9a8771ff7716ef2770031ee9cb5974b530997330dec
39,20030002000,0.170255017,0x2bdc160ca80bc28f37d81b6d16e88201b74aa7b9,2017-10-21T07:56:13.000Z,0.0000000000085,0x61b6ad5f9d7451a0471d773148175b33192767bf,buy,0x1bb9e8ea817d56eccc212ce63f7da95298f98719,0xbb60b26834b5482294d9ea3e3ec293e390582395a4c6c5d664ae4a5145c60de7
40,972918755.26,0.00291875626580642,0x2bdc160ca80bc28f37d81b6d16e88201b74aa7b9,2017-10-21T07:54:43.000Z,0.000000000003,0x28d2fb0a3b0dace0109740af75b8563c706f9dd1,buy,0x1bb9e8ea817d56eccc212ce63f7da95298f98719,0xd894b4400260652de9372fa064fb437ca653286802f81badfbe5c4313d3ca38d
41,9027081243.73,0.02708124373119358,0xd445f61ebca3d6b4c57eef1f39fdab6595ef8972,2017-10-20T12:11:02.000Z,0.000000000003,0x28d2fb0a3b0dace0109740af75b8563c706f9dd1,buy,0x1bb9e8ea817d56eccc212ce63f7da95298f98719,0xe1a936639a586bdd7d523a31fee6e48bebda6357b2d5e5359c762448b2a1819a
42,8999999999.99,0.0899999999999,0xb99f72a8b0d3a5025ab8b2ca534973497af42899,2017-10-20T12:11:02.000Z,0.00000000001,0xd445f61ebca3d6b4c57eef1f39fdab6595ef8972,sell,0x1bb9e8ea817d56eccc212ce63f7da95298f98719,0xe1a936639a586bdd7d523a31fee6e48bebda6357b2d5e5359c762448b2a1819a
43,10000000000,0.05,0xb99f72a8b0d3a5025ab8b2ca534973497af42899,2017-10-20T05:53:07.000Z,0.000000000005,0x28d2fb0a3b0dace0109740af75b8563c706f9dd1,buy,0x1bb9e8ea817d56eccc212ce63f7da95298f98719,0x82a032c98192d2cf1307b3e5f85e6993e68b8a425da1f95b26a925c92ed3fb7d
44,1,0.0000000000023,0x6cdea8e07bf82d7a07dbf36642d6e5be8623845c,2017-10-20T03:43:03.000Z,0.0000000000023,0x75401845de6828260e35a9bd8a20af7275a7ecd3,buy,0x1bb9e8ea817d56eccc212ce63f7da95298f98719,0x01296fdc7992553f48a3a336584bed9311f155b163e2d6010915161431231eb4
45,10000000000,0.025,0xb38bc467ab6d5ff0dd261828682eaa169feacb80,2017-10-19T17:24:43.000Z,0.0000000000025,0x28d2fb0a3b0dace0109740af75b8563c706f9dd1,buy,0x1bb9e8ea817d56eccc212ce63f7da95298f98719,0x11165afc7a03bc84301a138cb4006645c2cf09e817a652245ac66e752cfd332d
46,79692951869.2,0.000797726448210692,0xacba24578577004624344761f641a710800ee012,2017-10-19T04:04:50.000Z,0.00000000000001001,0xff0af84c1e92d45068e7c2b7c8a51e7842b92dc4,sell,0x1bb9e8ea817d56eccc212ce63f7da95298f98719,0x9fddeb30419782f4e38a9d676eeba49b8b8724668098024abfd9810252b41704
47,10000000000,0.001,0x0024a5046fd95c5eee6db19a69ef7ed3bacd50f1,2017-10-19T04:03:06.000Z,0.0000000000001,0xff0af84c1e92d45068e7c2b7c8a51e7842b92dc4,sell,0x1bb9e8ea817d56eccc212ce63f7da95298f98719,0x20a99656430073ae84052cd53ad16e830415c8bdb6fc221ec3607d6ca7a8cc55
48,1,0.000000000003,0x3ac636ac5c3a2576156ac5f10066ca68abe0ad54,2017-10-19T04:01:47.000Z,0.000000000003,0x28d2fb0a3b0dace0109740af75b8563c706f9dd1,buy,0x1bb9e8ea817d56eccc212ce63f7da95298f98719,0xf9f76bfdd84c474c7d1c7d9d5e8a5e83afc2118a21e8d0e311cd4209b4f27a7c
49,10000000000,0.001,0x035392de57aa4fe343d86494103dbe1b068a56c6,2017-10-19T04:00:49.000Z,0.0000000000001,0xff0af84c1e92d45068e7c2b7c8a51e7842b92dc4,sell,0x1bb9e8ea817d56eccc212ce63f7da95298f98719,0xfddf9642389111ea1249201ea2f4f76f92c003b2d9d434cf27fa82b8e3a03bc9
50,5263157894.73,0.0100000000000003,0xa10cefa3d041e48d2889f34c0341560929b43e39,2017-10-16T20:52:46.000Z,0.0000000000019,0x75401845de6828260e35a9bd8a20af7275a7ecd3,buy,0x1bb9e8ea817d56eccc212ce63f7da95298f98719,0xccbfa7531bcbebe0c74500ca7e87a7a20550d4b395e004dd806ad2a9f6cce02b
51,59816861809.05,0.01142502060552855,0x2dd49d88652ce229335e670d3ea2d3c34c4600ed,2017-10-16T19:32:41.000Z,0.000000000000191,0x756e8259c266229d687df5cafa7b1293ca3f6a1a,buy,0x1bb9e8ea817d56eccc212ce63f7da95298f98719,0x051f90ff86b36ea723b6fc94466e35d920cc0c9eaad16d77c01257ac33a31415
52,100000000000,0.0101,0xacba24578577004624344761f641a710800ee012,2017-10-16T09:21:44.000Z,0.000000000000101,0x756e8259c266229d687df5cafa7b1293ca3f6a1a,sell,0x1bb9e8ea817d56eccc212ce63f7da95298f98719,0x05754f5a9446e55e6e65edbf167ca7c69e3e94211a4e8d12693bceb0e7de25db
53,12645162.68,0.000024025809095582,0x113de93569daa32709fc56a170397e992dbf5a52,2017-10-16T03:32:14.000Z,0.0000000000019,0x75401845de6828260e35a9bd8a20af7275a7ecd3,buy,0x1bb9e8ea817d56eccc212ce63f7da95298f98719,0x0adeefd47dad7271bd14943a9e95ded7e51c49ccdd4d14460d5d49993e250452
54,377776262,0.000717774897816768,0x20cd46417e75735300b0d5266d621373e394983b,2017-10-15T22:06:57.000Z,0.0000000000019,0x8cc21b65045ef92707eafe41fc6b052b6b950364,buy,0x1bb9e8ea817d56eccc212ce63f7da95298f98719,0x5dd3e9ad4d707e02116ef2cf360a3929d7cdcde8a53cf4a7828cd427e8f28a7d
55,99690958030.1,0.0100687867610401,0xacba24578577004624344761f641a710800ee012,2017-10-15T13:29:46.000Z,0.000000000000101,0xa7d9d38e558bb10d4bdfdee18f6883cef4c62ddf,sell,0x1bb9e8ea817d56eccc212ce63f7da95298f98719,0x85305035eadccb41de167b99bfdca7055329e793bbb5f05f62912e800807bc76
56,9969095803.01,0.00996909580301,0xacba24578577004624344761f641a710800ee012,2017-10-13T23:15:13.000Z,0.000000000001,0x1df122223b8835ad5ddd5e358e41eece2959e7cb,sell,0x1bb9e8ea817d56eccc212ce63f7da95298f98719,0x3995ab05ee278c5f7e6bd25784cbc517f9bbacde0d1275fcc91403af48968031
57,5025125628.14,0.01000000000000059,0x27849f835bb345a26dffbfa7a8863c387b546730,2017-10-13T18:45:33.000Z,0.00000000000199,0x756e8259c266229d687df5cafa7b1293ca3f6a1a,buy,0x1bb9e8ea817d56eccc212ce63f7da95298f98719,0x2ff3e708b378c41f07b3f5c09aac328bd42c18d049d68d014496bdebbf25309a
58,502512562.81,0.00099999999999986,0x02d55a29766a3e63f4b459e57c6054e8b4359867,2017-10-13T12:42:21.000Z,0.00000000000199,0x756e8259c266229d687df5cafa7b1293ca3f6a1a,buy,0x1bb9e8ea817d56eccc212ce63f7da95298f98719,0x4360c66ca07694186ca73cb4fc3e4ed7522a00089d534ac32eeea2713a75faea
59,13960500000,0.027781395,0x47a181d57da50fadaad0cc8e0a40369098aecd8a,2017-10-13T08:35:54.000Z,0.00000000000199,0x756e8259c266229d687df5cafa7b1293ca3f6a1a,buy,0x1bb9e8ea817d56eccc212ce63f7da95298f98719,0x258a4af8aaf30f69bf8fd99b3d7f9839a2e56bc78343af94d6fff8cb39bb61d0
60,60462566025.33,0.0066508822627863,0x583b640795999aa2bb22c1a62a91336ff9d325bb,2017-10-12T14:30:54.000Z,0.00000000000011,0x75401845de6828260e35a9bd8a20af7275a7ecd3,sell,0x1bb9e8ea817d56eccc212ce63f7da95298f98719,0x2ebe967510dfae8b47bdf6567d4228c0393b1b38c9b607c34c7e2ddf70338d93
61,139537433974.67,0.0153491177372137,0x583b640795999aa2bb22c1a62a91336ff9d325bb,2017-10-12T12:47:56.000Z,0.00000000000011,0xaac27baada6d41249761e1a5ddf643bb81047e95,sell,0x1bb9e8ea817d56eccc212ce63f7da95298f98719,0x49deca7786d60b8a4db9d20a3c148b283877af03b40768a2c2910874ebba1b56
62,200769181.29,0.0000240923017548,0xcadeeb6dc272d6c677840c244b33b4198e36fa70,2017-10-12T00:06:01.000Z,0.00000000000012,0x53871c23523453988ebd6524fcb0ea29241ca4d2,sell,0x1bb9e8ea817d56eccc212ce63f7da95298f98719,0x101ba90080c047d4ad9549b9c38f3a37682823c4991b4870c902eec63272b290
63,10000000000,0.013,0x2cbfb47668dec7e4de6889bc993fb738757f961f,2017-10-11T18:10:45.000Z,0.0000000000013,0xaac27baada6d41249761e1a5ddf643bb81047e95,sell,0x1bb9e8ea817d56eccc212ce63f7da95298f98719,0xd80273e2f1826595e942587f7554229896b5468fd66457374df2e207a7229b23
64,10000000000,0.02,0x64ef1975158f85a23a661d5c205d083a3b3ea6a1,2017-10-11T05:42:24.000Z,0.000000000002,0x756e8259c266229d687df5cafa7b1293ca3f6a1a,buy,0x1bb9e8ea817d56eccc212ce63f7da95298f98719,0x848516109f6e5057b773947cab16b08925f2b0b4aa61d1eae22db1cfa1f3f6a3
65,6434896.65,0.000001930468995,0xe1e1d0d73eeb29d0632bc4c7871bfc74dbed0741,2017-10-10T00:06:37.000Z,0.0000000000003,0x8cc21b65045ef92707eafe41fc6b052b6b950364,sell,0x1bb9e8ea817d56eccc212ce63f7da95298f98719,0x2309ca8514ff4cfa7794fb4196fd3db772b1ef1237a673d5a07bc5e5aa781d83
66,64548448244.68,0.019364534473404,0xe1e1d0d73eeb29d0632bc4c7871bfc74dbed0741,2017-10-09T23:59:12.000Z,0.0000000000003,0x8cc21b65045ef92707eafe41fc6b052b6b950364,sell,0x1bb9e8ea817d56eccc212ce63f7da95298f98719,0xa5834a3d1ac94a471fd90cadb5418dcd5531a8e2209f16ae7bed7e82c7583384
67,5000000000,0.04995,0xe1e1d0d73eeb29d0632bc4c7871bfc74dbed0741,2017-10-09T21:27:18.000Z,0.00000000000999,0x756e8259c266229d687df5cafa7b1293ca3f6a1a,buy,0x1bb9e8ea817d56eccc212ce63f7da95298f98719,0xa53fca69206ea38200d2ce71d082528a047431529eb4dc27643ad0d6b6822931
68,2000000000,0.02,0x1fab550d74813ccb753921a1599d1ccf6bac2925,2017-10-09T17:59:22.000Z,0.00000000001,0x789c9f02de174d9215277f23a64bf31ddc398ea7,buy,0x1bb9e8ea817d56eccc212ce63f7da95298f98719,0x8caa66853b905216bb775428ce96d40b667ee4e2a3756ebcf150425e76e31745
69,10000000000,0.1,0x7326c026a9525ff33f53230b82253b85f837414c,2017-10-09T16:01:14.000Z,0.00000000001,0x789c9f02de174d9215277f23a64bf31ddc398ea7,buy,0x1bb9e8ea817d56eccc212ce63f7da95298f98719,0x105becb69f94c9ec5a9edc220d02a9ab140afc1c787c7044545a2bad41e9aac2
70,10000000000,0.1,0x1fab550d74813ccb753921a1599d1ccf6bac2925,2017-10-09T14:29:25.000Z,0.00000000001,0x789c9f02de174d9215277f23a64bf31ddc398ea7,buy,0x1bb9e8ea817d56eccc212ce63f7da95298f98719,0x34ba81490d43221817c523fc395449f98673aab17180d6d33f2fb91eec0282a1
71,10000000000,0.1,0xd6bc5140a70906cd32c0131c255d36fadeac65c0,2017-10-09T14:15:38.000Z,0.00000000001,0x789c9f02de174d9215277f23a64bf31ddc398ea7,buy,0x1bb9e8ea817d56eccc212ce63f7da95298f98719,0x071d008eb52c090c746269ef9f03bd234b446832fe81c3dd6906d7f64e30202f
72,70000000000,0.0077,0x583b640795999aa2bb22c1a62a91336ff9d325bb,2017-10-09T11:27:04.000Z,0.00000000000011,0x70cbe4e444ad50f726348c055f00817f276e26a3,sell,0x1bb9e8ea817d56eccc212ce63f7da95298f98719,0x1807919efb4d490d3333b05162066a37a4c893d465d4e8490b669bc50027e18e
73,10000000000,0.011,0x583b640795999aa2bb22c1a62a91336ff9d325bb,2017-10-08T17:41:25.000Z,0.0000000000011,0x756e8259c266229d687df5cafa7b1293ca3f6a1a,sell,0x1bb9e8ea817d56eccc212ce63f7da95298f98719,0xc2e5c4623eab42bc39eda2ca4adf2417e1e63739f34ee1330f5d47804546ff32
74,10000000000,0.01101,0x1df122223b8835ad5ddd5e358e41eece2959e7cb,2017-10-08T17:04:30.000Z,0.000000000001101,0x756e8259c266229d687df5cafa7b1293ca3f6a1a,sell,0x1bb9e8ea817d56eccc212ce63f7da95298f98719,0x351be0a3b8497579710ec98239bbdc0a22eb6894d026d2871afdc556933fbe3f
75,20000000000,0.024,0x583b640795999aa2bb22c1a62a91336ff9d325bb,2017-10-08T16:26:03.000Z,0.0000000000012,0x756e8259c266229d687df5cafa7b1293ca3f6a1a,sell,0x1bb9e8ea817d56eccc212ce63f7da95298f98719,0x94b6fca0e8ef293e0a942703a8f7a8c6484069c795e968082f4643c36a765989
76,50000000,0.001,0x1df122223b8835ad5ddd5e358e41eece2959e7cb,2017-10-08T06:03:18.000Z,0.00000000002,0x756e8259c266229d687df5cafa7b1293ca3f6a1a,buy,0x1bb9e8ea817d56eccc212ce63f7da95298f98719,0x54e3fef9c053645530b903ab8d1a98dafe5aa708e07087af8830fad1ea1df048
77,225000000,0.0045,0x3c7839b400ed9830e97d75c3a1371b5cca7d74c3,2017-10-08T01:56:38.000Z,0.00000000002,0x756e8259c266229d687df5cafa7b1293ca3f6a1a,buy,0x1bb9e8ea817d56eccc212ce63f7da95298f98719,0x6bc0b6ec6acfbe55bba102dc43aaae507daa0d22e637752acd9890a34d6b9021
78,5000000000,0.1,0xce385eb7ec5eb29302050828f69fcff5e0a88d14,2017-10-07T12:51:08.000Z,0.00000000002,0x756e8259c266229d687df5cafa7b1293ca3f6a1a,buy,0x1bb9e8ea817d56eccc212ce63f7da95298f98719,0xe58049ea8e1187c9b2be336eec8c6af41f30ca7e195eccf086e23324b2df4726
79,200391565.76,0.00701370480186519,0x5fda273343324e1ed600622eb6d1ea1a33462782,2017-10-07T11:37:28.000Z,0.000000000035,0x8cc21b65045ef92707eafe41fc6b052b6b950364,buy,0x1bb9e8ea817d56eccc212ce63f7da95298f98719,0x688e7829a86d572fc15b04f4c65322f06e8ccb0a803bb0c347e75145c82967ab
80,1000000,0.000035,0x5fda273343324e1ed600622eb6d1ea1a33462782,2017-10-07T11:31:04.000Z,0.000000000035,0x8cc21b65045ef92707eafe41fc6b052b6b950364,buy,0x1bb9e8ea817d56eccc212ce63f7da95298f98719,0x876a84890f47c9d0821e720709c59f6b28782ca0b8a766a367adb86b27a6c1c6
81,10000000000,0.005,0x66a4e99923ff534c41936d0b28a13980b0a942f0,2017-10-07T07:43:25.000Z,0.0000000000005,0x8cc21b65045ef92707eafe41fc6b052b6b950364,sell,0x1bb9e8ea817d56eccc212ce63f7da95298f98719,0x4a50c17e8eee05a3364eb81669bc5295a0eaf9cafae0fb72bc9e7ca43dd1afa3
82,10000000000,0.5,0xbb6198e01fad9d3f055417d0f04ac6dff2c5c7f7,2017-10-07T05:15:05.000Z,0.00000000005,0x28d2fb0a3b0dace0109740af75b8563c706f9dd1,buy,0x1bb9e8ea817d56eccc212ce63f7da95298f98719,0x0bfb76538c35d7fa718d157e1635993400ba155ebeee79d85ca3bb7f518f1e7f
83,10000000000,0.2,0xbb6198e01fad9d3f055417d0f04ac6dff2c5c7f7,2017-10-07T05:11:55.000Z,0.00000000002,0x28d2fb0a3b0dace0109740af75b8563c706f9dd1,buy,0x1bb9e8ea817d56eccc212ce63f7da95298f98719,0x15f1dd73816dfc01fb7b7bf7da3494a25d88ff730e6337c4c1c76eafcce6144f
84,9990000000,0.999,0xc2e6ef424e4c676d2c8f57362c89d560bf20a9a4,2017-10-07T04:56:52.000Z,0.0000000001,0x756e8259c266229d687df5cafa7b1293ca3f6a1a,buy,0x1bb9e8ea817d56eccc212ce63f7da95298f98719,0x9f81a652adfc947ab296a8973507c0ea92b596c7d06ab172a9073280e71d26dc
85,8122732252.97,0.812273225297,0xd22b70da6c7f4f80bd2e944a85093fab6a94d71c,2017-10-07T04:42:26.000Z,0.0000000001,0x61b6ad5f9d7451a0471d773148175b33192767bf,buy,0x1bb9e8ea817d56eccc212ce63f7da95298f98719,0x7f4df7da1d699f4e081daaeedef34cc3b16b3a945cf7010839dfca747e65a460
86,9100000000,0.091,0xd22b70da6c7f4f80bd2e944a85093fab6a94d71c,2017-10-07T04:41:33.000Z,0.00000000001,0x28d2fb0a3b0dace0109740af75b8563c706f9dd1,buy,0x1bb9e8ea817d56eccc212ce63f7da95298f98719,0xc8a54a2d388e8dc5cf5b7036ca2dc9ddd1a0204bd57a187e9defb15c9dc811af
87,500000000,0.005,0xbb6198e01fad9d3f055417d0f04ac6dff2c5c7f7,2017-10-07T04:29:24.000Z,0.00000000001,0x28d2fb0a3b0dace0109740af75b8563c706f9dd1,buy,0x1bb9e8ea817d56eccc212ce63f7da95298f98719,0xb860b70eb076171cbbbcdce2313f97d162d5fefd4eaf244513796272fec2cd82
88,400000000,0.004,0xcfe4daf25010464546b84097756e2b4e08e6027c,2017-10-07T02:54:18.000Z,0.00000000001,0x28d2fb0a3b0dace0109740af75b8563c706f9dd1,buy,0x1bb9e8ea817d56eccc212ce63f7da95298f98719,0x012559b4f3a46575287f562e4bd9b24d1273f1f23f0f7a94377e91905ac4e377
89,10000000,0.001,0x9ca73101071b01c28bb9ec81608ee5014877ebe9,2017-10-07T02:08:33.000Z,0.0000000001,0x756e8259c266229d687df5cafa7b1293ca3f6a1a,buy,0x1bb9e8ea817d56eccc212ce63f7da95298f98719,0xc908f17ba557f2029198ace5be82ca84949da8db8c697a1ddcb16f8b9da0457e
90,10000000,0.001,0x8b182a4526944fa498970732a69a95d281c3c8a9,2017-10-07T01:52:10.000Z,0.0000000001,0x28d2fb0a3b0dace0109740af75b8563c706f9dd1,sell,0x1bb9e8ea817d56eccc212ce63f7da95298f98719,0x9b7d89076859b708899067f875ec81b4005243732a49fbdacb862c1dfdf361ea
91,10000000,0.001,0xe73da331485f21a50028d2ca355e09d9f89a87c7,2017-10-07T01:52:07.000Z,0.0000000001,0x28d2fb0a3b0dace0109740af75b8563c706f9dd1,sell,0x1bb9e8ea817d56eccc212ce63f7da95298f98719,0x290961f08e3868aaad5a308a92179a735c40d0c3739b2825ef704483e6431198
92,166666666.7,0.01666666667,0x5d5065b42bdee0274e394ba9042c21e1818c69cf,2017-10-07T01:51:42.000Z,0.0000000001,0x28d2fb0a3b0dace0109740af75b8563c706f9dd1,sell,0x1bb9e8ea817d56eccc212ce63f7da95298f98719,0x300fd7cc8b31c82cf4a3aa78cdf1fb246788e02a2977ad967e57114735dcb4d0
93,10000000,0.001,0x8b182a4526944fa498970732a69a95d281c3c8a9,2017-10-07T01:09:25.000Z,0.0000000001,0x8cc21b65045ef92707eafe41fc6b052b6b950364,sell,0x1bb9e8ea817d56eccc212ce63f7da95298f98719,0xe234695570b04e70f717bb6643272048673c4ff4d0ea87728688b297f7aaf7da
94,10000000,0.001,0x8b182a4526944fa498970732a69a95d281c3c8a9,2017-10-06T21:11:48.000Z,0.0000000001,0x28eba6ee9ed023acd26316537b07a08f6ae56daa,sell,0x1bb9e8ea817d56eccc212ce63f7da95298f98719,0xdf28f97829551086d64587d19160f32698c261ffd9daa6f907a58c693f3c431d
95,500000000,0.05,0x583b640795999aa2bb22c1a62a91336ff9d325bb,2017-10-06T08:46:14.000Z,0.0000000001,0x61b6ad5f9d7451a0471d773148175b33192767bf,buy,0x1bb9e8ea817d56eccc212ce63f7da95298f98719,0x8e93dc831d0e09aa663b652f899de96952085fc6ef49f63e12b5c73146d6a662
96,10000000,0.001,0x27849f835bb345a26dffbfa7a8863c387b546730,2017-10-05T22:25:16.000Z,0.0000000001,0x61b6ad5f9d7451a0471d773148175b33192767bf,buy,0x1bb9e8ea817d56eccc212ce63f7da95298f98719,0x486939cc1226a88a8dbe4b9c3291f96d3c0ad2ca6515a5a5c9e5889adc83456d
97,1000000,0.0001,0x53f64794758406c6e8355d22ee4d32926e75dcc6,2017-10-05T15:18:43.000Z,0.0000000001,0x61b6ad5f9d7451a0471d773148175b33192767bf,buy,0x1bb9e8ea817d56eccc212ce63f7da95298f98719,0xd35d8a8d5dc001a319c7dd653b6e5238c0c3d02cb3d4e0991e3dfb1ede197304
98,10000000,0.001,0xc73604d0514ac01e63513d07601e7e98f2f117b4,2017-10-05T13:03:29.000Z,0.0000000001,0x61b6ad5f9d7451a0471d773148175b33192767bf,buy,0x1bb9e8ea817d56eccc212ce63f7da95298f98719,0xd34cfd4a2c3cb29969ffebc9e1a952dbb046cc5727dc41a89b75edb3dd333fe7
99,240000000,0.024,0xc26b7a45edd1d723b096007b6e369d8dfa46ec3c,2017-10-05T08:00:49.000Z,0.0000000001,0x61b6ad5f9d7451a0471d773148175b33192767bf,buy,0x1bb9e8ea817d56eccc212ce63f7da95298f98719,0x9fd74bcc2a6456857b0c5e3a3b278f08c6aa7871dc48a3554526f62766b6ed64
100,116267747.02,0.011626774702957643,0x5d409cef2c19fee3b09fbefc9566b49452a606ff,2017-10-05T00:17:12.000Z,0.0000000001,0x61b6ad5f9d7451a0471d773148175b33192767bf,buy,0x1bb9e8ea817d56eccc212ce63f7da95298f98719,0x0ba6c76e08c51ef0f54b15f78aee0481748d3f90b3a09e6689bfc15e7f839f55
101,377280000,0.037728,0xe7fb5471c5dd4f24a0b57100fa31543b5fc4d202,2017-10-04T22:13:24.000Z,0.0000000001,0x61b6ad5f9d7451a0471d773148175b33192767bf,buy,0x1bb9e8ea817d56eccc212ce63f7da95298f98719,0xed262406c30a4c656888c08513d9505cb64225fd5752a24a795b75bbb3474743
102,280000000,0.028,0xaa85b24ac88a0a235f1977821194adce1cda9144,2017-10-04T18:20:39.000Z,0.0000000001,0x61b6ad5f9d7451a0471d773148175b33192767bf,buy,0x1bb9e8ea817d56eccc212ce63f7da95298f98719,0x6b77f5ef1eacd4c4773c702885c137eae98eb178e782fc474241fbf7d0db281b
103,28000000,0.0028,0xaa85b24ac88a0a235f1977821194adce1cda9144,2017-10-04T18:17:51.000Z,0.0000000001,0x61b6ad5f9d7451a0471d773148175b33192767bf,buy,0x1bb9e8ea817d56eccc212ce63f7da95298f98719,0x4042ed727c25fb9a432a71e57c642e7a86d1884ec5405befa3dca207ff505da1
104,10000000,0.001,0xcdd53f530ab4fb824fc9f2a321f3c001b4a710cc,2017-10-04T16:38:39.000Z,0.0000000001,0x61b6ad5f9d7451a0471d773148175b33192767bf,buy,0x1bb9e8ea817d56eccc212ce63f7da95298f98719,0xcfcc7cd3f16f6b5f5709e94f9f6573cd0819df20c61ff636f50a40a0c27ed3bf
105,4000000,0.0004,0x78b0e4933f5b7d90102367e28efcde256998411e,2017-10-04T10:50:00.000Z,0.0000000001,0x61b6ad5f9d7451a0471d773148175b33192767bf,buy,0x1bb9e8ea817d56eccc212ce63f7da95298f98719,0x04113b34c0b5b86d663c97cf3331c9c25d4a920642542e36307282dc4ec343de
106,10000000,0.001,0x78b0e4933f5b7d90102367e28efcde256998411e,2017-10-04T10:41:18.000Z,0.0000000001,0x61b6ad5f9d7451a0471d773148175b33192767bf,buy,0x1bb9e8ea817d56eccc212ce63f7da95298f98719,0xc2affa7d2d9c05d761ff1904ceef03b32156bfa792f4e0eb196355bc976e2997
107,9720000,0.000972,0x0024a5046fd95c5eee6db19a69ef7ed3bacd50f1,2017-10-04T09:26:33.000Z,0.0000000001,0x61b6ad5f9d7451a0471d773148175b33192767bf,buy,0x1bb9e8ea817d56eccc212ce63f7da95298f98719,0xeb7dbf330774d8ab492bffa30953be7cb3c89c3b85a5a33675faae6c439f1dce
108,1000000,0.0001,0x035392de57aa4fe343d86494103dbe1b068a56c6,2017-10-04T09:19:08.000Z,0.0000000001,0x61b6ad5f9d7451a0471d773148175b33192767bf,buy,0x1bb9e8ea817d56eccc212ce63f7da95298f98719,0xc217b4717544689593a6fbd64fe7fbbb642acde66fcf3af73dc8ac4f8221b1ac
109,50000000,0.005,0x035392de57aa4fe343d86494103dbe1b068a56c6,2017-10-04T08:48:05.000Z,0.0000000001,0x61b6ad5f9d7451a0471d773148175b33192767bf,buy,0x1bb9e8ea817d56eccc212ce63f7da95298f98719,0xc76dfda13d5c57d296deb07f6ba7df3e1a45f374690d8c42d8b5991ec1aa1b31
110,70000000,0.007,0x035392de57aa4fe343d86494103dbe1b068a56c6,2017-10-04T08:41:29.000Z,0.0000000001,0x61b6ad5f9d7451a0471d773148175b33192767bf,buy,0x1bb9e8ea817d56eccc212ce63f7da95298f98719,0xb1bf7bdd198424c860b8d234d06211a0dbd3592742a03b543ab4748ce06b3b45
111,10000000,0.001,0x035392de57aa4fe343d86494103dbe1b068a56c6,2017-10-04T07:51:35.000Z,0.0000000001,0x61b6ad5f9d7451a0471d773148175b33192767bf,buy,0x1bb9e8ea817d56eccc212ce63f7da95298f98719,0x9c6bfcccce92868fcfaf85ba8ce9bd4bb862b5f664ddbdff64d9c85f80b252b4
112,70000000,0.007,0x035392de57aa4fe343d86494103dbe1b068a56c6,2017-10-04T07:50:45.000Z,0.0000000001,0x61b6ad5f9d7451a0471d773148175b33192767bf,buy,0x1bb9e8ea817d56eccc212ce63f7da95298f98719,0xe6b2dd7d217363923e67799a2aa3a776bd020b46ad7684672bcc83c260c3e196
113,20000000,0.002,0x8b182a4526944fa498970732a69a95d281c3c8a9,2017-10-04T07:41:52.000Z,0.0000000001,0x61b6ad5f9d7451a0471d773148175b33192767bf,buy,0x1bb9e8ea817d56eccc212ce63f7da95298f98719,0x6172d96e7d0c5b141e28c41f22df6e3e368d030a8c88935e26b057738458cd4d
114,40000000,0.004,0x8b182a4526944fa498970732a69a95d281c3c8a9,2017-10-04T07:32:40.000Z,0.0000000001,0x61b6ad5f9d7451a0471d773148175b33192767bf,buy,0x1bb9e8ea817d56eccc212ce63f7da95298f98719,0xdfedc18178bc25af2a43a18cd718479856ddb779a940ab1d6d110fa1a8019a2a
115,10000000,0.001,0x7d053385a05276eedcaf706325ae34ae544741a6,2017-10-04T07:29:12.000Z,0.0000000001,0x61b6ad5f9d7451a0471d773148175b33192767bf,buy,0x1bb9e8ea817d56eccc212ce63f7da95298f98719,0xe7865fd34792cb3f3c95b2f7796eeebfba7ede05bcdc40de87178aea1ed55cf6
116,10000000,0.001,0xda31bd4277df8ed5e28509a95971be4babc86f0f,2017-10-03T23:02:45.000Z,0.0000000001,0x61b6ad5f9d7451a0471d773148175b33192767bf,buy,0x1bb9e8ea817d56eccc212ce63f7da95298f98719,0xa681bf49c146c670f22816f11edfd2c066712f8990dd8b91089fcf4e69e25ca6
117,10000000,0.001,0xfb5793370f4105dad01c1a8d9c17a8be4f428f0d,2017-09-29T08:01:38.000Z,0.0000000001,0xfb5793370f4105dad01c1a8d9c17a8be4f428f0d,sell,0x1bb9e8ea817d56eccc212ce63f7da95298f98719,0x45c473c0ba84112a914ff74bce3d687c2de8b80521ab2b03a10075099228e27f
118,9969095.8,0.000996909580301066,0xfb5793370f4105dad01c1a8d9c17a8be4f428f0d,2017-09-29T07:02:13.000Z,0.00000000010000000003,0xfb5793370f4105dad01c1a8d9c17a8be4f428f0d,buy,0x1bb9e8ea817d56eccc212ce63f7da95298f98719,0x1faf7e0cb4a9e117edc9d3f01f647efc7649c2f13651cbd889f4cb21340014dc
119,20000000,0.001,0x61b6ad5f9d7451a0471d773148175b33192767bf,2017-09-29T06:39:52.000Z,0.00000000005,0xfb5793370f4105dad01c1a8d9c17a8be4f428f0d,sell,0x1bb9e8ea817d56eccc212ce63f7da95298f98719,0x1ddbbe75541679b3fd30556cfb904b81c662ad97a30941b44edce20336f0778f
120,10000000,0.001,0x61b6ad5f9d7451a0471d773148175b33192767bf,2017-09-28T21:45:56.000Z,0.0000000001,0x8cc21b65045ef92707eafe41fc6b052b6b950364,sell,0x1bb9e8ea817d56eccc212ce63f7da95298f98719,0xfa148fc3004fb15c700c8d4f5e0eeefa29d927b54291d11620d06a4c558b9d0e
121,2000,0.000002,0x61b6ad5f9d7451a0471d773148175b33192767bf,2017-09-28T19:40:46.000Z,0.000000001,0x3421c555a64032f3bb56c0f1236138dc88ae4c7f,buy,0x1bb9e8ea817d56eccc212ce63f7da95298f98719,0x6dc91f261f9cc1dbb4c0464ba7d0bad33661c0edfbf13ac18f3526475e9a3488
