,amount,amountBase,buyer,date,price,seller,side,tokenAddr,txHash
0,1.213663622234735,0.00009105511325816,0x47b64c800161cc82d81ca055a90ee5c5550ef11d,2017-11-02T13:42:33.000Z,0.00007502499999999918,0xf9c66dd0545054ecfe325362292a17f6bb6dcca0,sell,0x4e0603e2a27a30480e5e3a4fe548e29ef12f64be,0x724a6581eba82334396c562c21b2cd07f9a2f77fa93a24ee5120712b7c090b10
1,12174.259794636626,0.9133738410926129,0x47b64c800161cc82d81ca055a90ee5c5550ef11d,2017-11-02T13:41:21.000Z,0.000075025,0xf9c66dd0545054ecfe325362292a17f6bb6dcca0,sell,0x4e0603e2a27a30480e5e3a4fe548e29ef12f64be,0x3b7c813ab4e895eddf5afef7d0d11b2723b76c0d567a5844bc996599949a6d7a
2,8000,0.60020808,0xad5b3fbc469313e21efe4117627a658424091b0a,2017-11-02T13:40:10.000Z,0.00007502601,0xf9c66dd0545054ecfe325362292a17f6bb6dcca0,sell,0x4e0603e2a27a30480e5e3a4fe548e29ef12f64be,0xfe7443edf4323826443ea5bce969f63a56defc3708d555fb2a144fb550279e38
3,3151.674,0.330916314978,0xd58011fee7560561c9b972ed89801ccae19195de,2017-11-02T11:49:08.000Z,0.000104997,0xc2a9e56566a8d01d5c71a98a33aae918f506125a,buy,0x4e0603e2a27a30480e5e3a4fe548e29ef12f64be,0x20002e407acf8136cec22899df5679b3e944c184bdc784d8afbff441973bc818
4,40.41471447970172,0.004243423776225242,0xd58011fee7560561c9b972ed89801ccae19195de,2017-11-02T11:48:54.000Z,0.000104997,0xad5b3fbc469313e21efe4117627a658424091b0a,buy,0x4e0603e2a27a30480e5e3a4fe548e29ef12f64be,0xa9e24af565ebfe174a565dfb641a21c9305b567074ab7ee57a05688b09aa3aee
5,668.4,0.0701733108,0xd58011fee7560561c9b972ed89801ccae19195de,2017-11-02T11:47:54.000Z,0.000104987,0x1c39c4a38ced25b4cf306d0ebfbd1fdd7d33d917,buy,0x4e0603e2a27a30480e5e3a4fe548e29ef12f64be,0x5b395d8ad9d6dd8255a8fe9c0902cef59bc579ee939e3b5aac7573a27076fc53
6,1500,0.1574775,0xd58011fee7560561c9b972ed89801ccae19195de,2017-11-02T11:47:42.000Z,0.000104985,0x0ae2d2b3a41f08ea2674178a6ea95a916aef0e6b,buy,0x4e0603e2a27a30480e5e3a4fe548e29ef12f64be,0xa7d4faf1736b878625562d94a4f4f90044b3cd923a71bb872511f236766135e1
7,40000,4.1988,0xd58011fee7560561c9b972ed89801ccae19195de,2017-11-02T11:47:42.000Z,0.00010497,0x341ab8f3bce026515423362b55753932d7ed8592,buy,0x4e0603e2a27a30480e5e3a4fe548e29ef12f64be,0x2abea975c781446300e441deb575a932e6cde70998ecd47705ade86b003e04ab
8,2700,0.2834568,0xd58011fee7560561c9b972ed89801ccae19195de,2017-11-02T11:47:42.000Z,0.000104984,0xad5b3fbc469313e21efe4117627a658424091b0a,buy,0x4e0603e2a27a30480e5e3a4fe548e29ef12f64be,0xcd43ba317b7a3af177bb6931a1b7c029af2db555902d3ecd59cc3289271b2f11
9,4.7619954665803155,0.0005,0x3075f7f189912f4f425dd7021b9c396434197477,2017-11-02T09:05:40.000Z,0.000104998,0xda896bd9e964386f7343414a646c8ef75d5ae009,buy,0x4e0603e2a27a30480e5e3a4fe548e29ef12f64be,0x18262874f6c7d002f16c77ada09aa3a15193859b6d5ab2f2fd420ba2f7d0d5d8
10,4.7619954665803155,0.0005,0x4fda9e6bcd83af6c5cc771b5d20accc2b7720074,2017-11-02T09:00:42.000Z,0.000104998,0xda896bd9e964386f7343414a646c8ef75d5ae009,buy,0x4e0603e2a27a30480e5e3a4fe548e29ef12f64be,0x951badb504c38abad025a6d8bd1e6ab54253b0cd5fea5d84a2ab33206f69270f
11,1000,0.104999,0xd58011fee7560561c9b972ed89801ccae19195de,2017-11-02T08:07:08.000Z,0.000104999,0xad5b3fbc469313e21efe4117627a658424091b0a,buy,0x4e0603e2a27a30480e5e3a4fe548e29ef12f64be,0x0780c8eacccd0db4041a225621d0d124c1de4590276664e32d350749dfd43cd3
12,3740.404745289602,0.27682735519888346,0xad5b3fbc469313e21efe4117627a658424091b0a,2017-11-02T07:23:56.000Z,0.00007400999999999999,0x5291231436a175e421df3ce4ba58d197933a4f07,sell,0x4e0603e2a27a30480e5e3a4fe548e29ef12f64be,0xd41366d0077a5d18d223e32de1ca0a3583033fdb208125eff19193d94db9c589
13,4000,0.459156,0xd58011fee7560561c9b972ed89801ccae19195de,2017-11-02T05:44:08.000Z,0.000114789,0x4845d0894a3ca4c3588890fb01c2a874ca519fb2,buy,0x4e0603e2a27a30480e5e3a4fe548e29ef12f64be,0x3793fc846b3c7eb6dd6c68a8ec9ff2ea84c98ea682f7d02ebe7cf94b13ff85e6
14,2944.9197487787856,0.3103650923237962,0xd58011fee7560561c9b972ed89801ccae19195de,2017-11-02T05:42:17.000Z,0.00010539,0xa19dd3af5c151be661bcd0c7146828afd49940f3,buy,0x4e0603e2a27a30480e5e3a4fe548e29ef12f64be,0x44d28f440d0406b516e4eaae4bac25eebe4b414b913255c55d070a6e88eaa971
15,25000,2.5,0xd58011fee7560561c9b972ed89801ccae19195de,2017-11-02T05:42:14.000Z,0.0001,0x62c7c44acec4cb01b9f17459a01954d053fdcc16,buy,0x4e0603e2a27a30480e5e3a4fe548e29ef12f64be,0x09b4617fc95143a40b9a4e163feb68dc9ad485683c90bfae9142783ccf11a8c0
16,249999.99988161377,19.9999999905291,0xd58011fee7560561c9b972ed89801ccae19195de,2017-11-02T05:40:08.000Z,0.00008,0x66d509ac9cbf817162edf4bf124f22a1ffcc7171,buy,0x4e0603e2a27a30480e5e3a4fe548e29ef12f64be,0xad33e7b590968cbf81f66c876bdb466ad193b0489dc71fec48caa0eb5dd3308b
17,50000,4,0xd58011fee7560561c9b972ed89801ccae19195de,2017-11-02T04:54:18.000Z,0.00008,0x66d509ac9cbf817162edf4bf124f22a1ffcc7171,buy,0x4e0603e2a27a30480e5e3a4fe548e29ef12f64be,0x5c3a87643f98952554ad69bc05bca8bbeb74403e2ae3f8012c3835b362016ad4
18,69782.323,5.58258584,0xd58011fee7560561c9b972ed89801ccae19195de,2017-11-02T04:50:31.000Z,0.00008,0x66d509ac9cbf817162edf4bf124f22a1ffcc7171,buy,0x4e0603e2a27a30480e5e3a4fe548e29ef12f64be,0x8d05f7069cdefd6c0a9c0e3f821f59f3ffd70326b5344d8df5770ac68ca87c27
19,14682.10116,1.07179338468,0x418f1f7b7b1057e22d7165decbc213432539bbfd,2017-11-02T04:46:16.000Z,0.000073,0x273a5d3e6721b9f5c1a6474f560c1334c63dda01,sell,0x4e0603e2a27a30480e5e3a4fe548e29ef12f64be,0x4a2385699871d5e6014d99b4cf5ecb1cc589f4792d6b4e83f3118ef2b8126efa
20,14726.28,1.0308396,0x273a5d3e6721b9f5c1a6474f560c1334c63dda01,2017-11-02T04:46:16.000Z,0.00007,0x37e45455ac3d70d43135a796c578135b9200b20a,buy,0x4e0603e2a27a30480e5e3a4fe548e29ef12f64be,0x4a2385699871d5e6014d99b4cf5ecb1cc589f4792d6b4e83f3118ef2b8126efa
21,6230.684929337957,0.4984547943470366,0x0f0d5ba0065828ce0cebb9567cc8e7d987154469,2017-11-02T04:23:00.000Z,0.00008,0x66d509ac9cbf817162edf4bf124f22a1ffcc7171,buy,0x4e0603e2a27a30480e5e3a4fe548e29ef12f64be,0xfb6fc1aab4f67fc303cdf6e2c037cb7b5370850968af1452e2c33bd7844284df
22,0.526189048275175,0.000042095123862014,0x0f0d5ba0065828ce0cebb9567cc8e7d987154469,2017-11-02T04:21:33.000Z,0.00008,0x66d509ac9cbf817162edf4bf124f22a1ffcc7171,buy,0x4e0603e2a27a30480e5e3a4fe548e29ef12f64be,0xcd997858db854f3f07549fb3deffd4896a6a8b3efa6c146aecf267b0a5b30d0a
23,100.86486486486487,0.007463999999999999,0x976089fffc1309f7bf658ba24683006bf3730280,2017-11-02T04:20:04.000Z,0.000074,0x37e45455ac3d70d43135a796c578135b9200b20a,sell,0x4e0603e2a27a30480e5e3a4fe548e29ef12f64be,0x0e0cf5c3652df18a54dc3484a89dfb0ee5dd03698ed78dcc50a33ecd09e546a7
24,50000,4,0xd58011fee7560561c9b972ed89801ccae19195de,2017-11-02T04:14:54.000Z,0.00008,0x66d509ac9cbf817162edf4bf124f22a1ffcc7171,buy,0x4e0603e2a27a30480e5e3a4fe548e29ef12f64be,0xd8aca04e79c88c7c6d83a0f02badb21c2dbd0fa6dd82524b20084e5d001ecb38
25,18000,1.332,0x976089fffc1309f7bf658ba24683006bf3730280,2017-11-02T04:10:15.000Z,0.000074,0x37e45455ac3d70d43135a796c578135b9200b20a,sell,0x4e0603e2a27a30480e5e3a4fe548e29ef12f64be,0xacc114dffdf7f08b360534b5760c627628a310218f9866b83640347b6ad2f7ec
26,10000,0.76,0xe438e2e54579089ce98c51bbfdbde3f01d8c4886,2017-11-02T04:10:11.000Z,0.000076,0x37e45455ac3d70d43135a796c578135b9200b20a,sell,0x4e0603e2a27a30480e5e3a4fe548e29ef12f64be,0x3fe708e1f1ed07f7abedd8247811dc7f526a9300bb3d79ae5787775213049919
27,6868.347,0.52893140247,0x2505fc886f39398732f144154b678ee1905024c1,2017-11-02T04:10:11.000Z,0.00007701,0x37e45455ac3d70d43135a796c578135b9200b20a,sell,0x4e0603e2a27a30480e5e3a4fe548e29ef12f64be,0xa4841126568cda9f19d3ea38d722558b9c75311d2a1301e78a3d25a7247d33b5
28,199.003,0.0153431313,0x2c36df3bff8db346c3a6f1995d0a48db1027ccb9,2017-11-02T04:09:57.000Z,0.0000771,0x37e45455ac3d70d43135a796c578135b9200b20a,sell,0x4e0603e2a27a30480e5e3a4fe548e29ef12f64be,0x3e6adef51da2dd3b1ddcb33ba48320aa4221773c8c5f143f351b0c34fb3f5032
29,77854.44403906268,5.683374414851576,0x418f1f7b7b1057e22d7165decbc213432539bbfd,2017-11-02T04:04:16.000Z,0.00007299999999999999,0x3cb319e3dc7432c795b70ffaa05e90ba46107305,sell,0x4e0603e2a27a30480e5e3a4fe548e29ef12f64be,0x1cfefd75db96fcf8e83cd8679330c2c216417a9378825fe123b5ddc248d9d5d1
30,4822,0.43398,0xed122493cd1ac4d575e5a955dadc86669e12ff0e,2017-11-02T01:37:29.000Z,0.00009,0xc9d56287b414e1aa0963016aa721b527f095fd9c,sell,0x4e0603e2a27a30480e5e3a4fe548e29ef12f64be,0x512b3bff97db7823e32d9dcb02dac76b8ef129bfb9310907cb5a3966b66e6f05
31,4836.466,0.38691728,0xc9d56287b414e1aa0963016aa721b527f095fd9c,2017-11-02T01:37:29.000Z,0.00008,0x66d509ac9cbf817162edf4bf124f22a1ffcc7171,buy,0x4e0603e2a27a30480e5e3a4fe548e29ef12f64be,0x512b3bff97db7823e32d9dcb02dac76b8ef129bfb9310907cb5a3966b66e6f05
32,1,0.00008,0xed2ca7381d82f8fb9bcc54ea6ab6526e35aece25,2017-11-02T01:36:54.000Z,0.00008,0x66d509ac9cbf817162edf4bf124f22a1ffcc7171,buy,0x4e0603e2a27a30480e5e3a4fe548e29ef12f64be,0x09bf801f87b28bd2d8bfc6b8c6037920533d63e18a9a2364cee77751c4fa618e
33,1,0.00008,0xe2b48b3dd0b33283b4802e63e65518f27e635054,2017-11-02T01:36:54.000Z,0.00008,0x66d509ac9cbf817162edf4bf124f22a1ffcc7171,buy,0x4e0603e2a27a30480e5e3a4fe548e29ef12f64be,0x3d6713772141f3d2d4cf389d308bd2c71557f0ba009f293af241d002a298efb3
34,25000,2,0x62c7c44acec4cb01b9f17459a01954d053fdcc16,2017-11-01T23:04:45.000Z,0.00008,0x66d509ac9cbf817162edf4bf124f22a1ffcc7171,buy,0x4e0603e2a27a30480e5e3a4fe548e29ef12f64be,0xdee1dee3da7b66e065f17008d3bbe48731eb849a22cdf9ea7cea65e8b5f16c86
35,0.9969093697957385,0.000076861712411251,0x2c36df3bff8db346c3a6f1995d0a48db1027ccb9,2017-11-01T22:56:46.000Z,0.00007709999999999956,0xf155eac36ea8e082bdcd673c58608d6f02e4225c,sell,0x4e0603e2a27a30480e5e3a4fe548e29ef12f64be,0xe496773fa97a8eca96995236071d158fd5affb486612ff4d172afc022a37cd30
36,45958,3.9891544,0xd58011fee7560561c9b972ed89801ccae19195de,2017-11-01T21:23:31.000Z,0.0000868,0x341ab8f3bce026515423362b55753932d7ed8592,buy,0x4e0603e2a27a30480e5e3a4fe548e29ef12f64be,0xef64a1b9dc00b508f0db2c6d24cc57879dc913b090eadee140490fa9c7e74e97
37,14042,1.1640818,0xd58011fee7560561c9b972ed89801ccae19195de,2017-11-01T21:20:43.000Z,0.0000829,0x341ab8f3bce026515423362b55753932d7ed8592,buy,0x4e0603e2a27a30480e5e3a4fe548e29ef12f64be,0xc042e1d26b70fda99579d20b9647cc3e75a93c96a83081bef07200f7d7212c12
38,0.0000829,0.09119,0x59382d769b963da21aeb2304d4098ad64bcd3a69,2017-11-01T20:06:56.000Z,1100,0x273a5d3e6721b9f5c1a6474f560c1334c63dda01,sell,0x4e0603e2a27a30480e5e3a4fe548e29ef12f64be,0x7a7038a16a08423ad8ed3b0832558be3d0eaaa5883d2b2c7f896efdd4e26b14c
39,7031.960921144452,0.5415313105373343,0x2505fc886f39398732f144154b678ee1905024c1,2017-11-01T18:31:23.000Z,0.00007701,0xfe3055fb9e743240c6cb8bdaf22c3340b722b82e,sell,0x4e0603e2a27a30480e5e3a4fe548e29ef12f64be,0xeb55e4a3eb2d14ea6c31572cb47210acc13f299e540a228914f3949f1201c5c6
40,99.69190099499194,0.007677273295624329,0x2505fc886f39398732f144154b678ee1905024c1,2017-11-01T18:24:14.000Z,0.00007701,0xad5b3fbc469313e21efe4117627a658424091b0a,sell,0x4e0603e2a27a30480e5e3a4fe548e29ef12f64be,0x8335f670b6b2595c073c8bcb81c0c4361bcc9d57451ac7b0c4a0bebc578ee75d
41,10,0.0010539,0x936efab40ca56398c9109497309c2fd391450bd8,2017-11-01T18:22:54.000Z,0.00010539,0xa19dd3af5c151be661bcd0c7146828afd49940f3,buy,0x4e0603e2a27a30480e5e3a4fe548e29ef12f64be,0x1d142888a6fedf4ce2f6675cf1bcb2897dd4b7f405d8584ba749e5b2cbc32fe5
42,100,0.0077011,0xad5b3fbc469313e21efe4117627a658424091b0a,2017-11-01T17:57:02.000Z,0.000077011,0x936efab40ca56398c9109497309c2fd391450bd8,sell,0x4e0603e2a27a30480e5e3a4fe548e29ef12f64be,0x61621adb549a72da96bfd24a106f7743bea1ed388e617fcc8705ddbebc22447b
43,1,0.000749999,0x15d8f5eaa3600df506601421e637b0252d9e2aea,2017-11-01T16:05:41.000Z,0.000749999,0x0773dd752384d3d8714ceb1c28a199591c63cddc,buy,0x4e0603e2a27a30480e5e3a4fe548e29ef12f64be,0x41d5194ed84774826e63ccc56cb8d6fc9fc60733f97a1c8909c580c4f89a6aa8
44,20,0.00174,0x0fe73b7e4aeb944b13650922598d9f1c0953d19c,2017-11-01T15:56:07.000Z,0.000087,0x799dc3c7c4a3c6118f0601a3b945db4b09ba41b7,sell,0x4e0603e2a27a30480e5e3a4fe548e29ef12f64be,0xbd1adc8a2c406a36d82fea656fb7cc3eed66d0a4798fddda38f7060ca82aa687
45,0.00008,0.8,0xe438e2e54579089ce98c51bbfdbde3f01d8c4886,2017-11-01T15:55:01.000Z,10000,0x0249924245a19aa2d7f5ddb0739a7132b7d094ab,sell,0x4e0603e2a27a30480e5e3a4fe548e29ef12f64be,0x52e8227689f719ec9bbfe212b2d711fdd6f3cbbbaa52e79fac4412bc5f1eb8eb
46,2954.9197487787856,0.21866406140963016,0xa19dd3af5c151be661bcd0c7146828afd49940f3,2017-11-01T15:22:32.000Z,0.000074,0x5a5d149c21c87d7326a05cb9b9fe7ebb71a8e2fd,sell,0x4e0603e2a27a30480e5e3a4fe548e29ef12f64be,0xf23b499ac37e00d92c6d0b0a11bfb1f55bcaf9f224fc0200e41711b53d59867a
47,10000,1.21,0xd58011fee7560561c9b972ed89801ccae19195de,2017-11-01T06:49:08.000Z,0.000121,0x6fcf7af8feb49f47da5b17847f61fa2d5e660dc0,buy,0x4e0603e2a27a30480e5e3a4fe548e29ef12f64be,0x848b0d05723401b9b4c48c146b66e9973c1d4e934efbbaf52aed32381b7aaf16
48,10000,1.2,0xd58011fee7560561c9b972ed89801ccae19195de,2017-11-01T06:48:55.000Z,0.00012,0x6fcf7af8feb49f47da5b17847f61fa2d5e660dc0,buy,0x4e0603e2a27a30480e5e3a4fe548e29ef12f64be,0xb3b5181d35d4e9c66badb4cf40d8468c336e7a81a02dc56b934f27775d5a6157
49,15000,1.785,0xd58011fee7560561c9b972ed89801ccae19195de,2017-11-01T06:45:47.000Z,0.000119,0x2505fc886f39398732f144154b678ee1905024c1,buy,0x4e0603e2a27a30480e5e3a4fe548e29ef12f64be,0x993ea8881f35d32ce2cdbf304808f870401f0381ce0c5774d390db0a3d6b9a9e
50,100,0.012,0xd58011fee7560561c9b972ed89801ccae19195de,2017-11-01T05:54:28.000Z,0.00012,0xa0181b284d2f0db668cc7d456da86f216241e44d,buy,0x4e0603e2a27a30480e5e3a4fe548e29ef12f64be,0xc5771c306d6f925e92dee0ff028bf8f6d14a351315afb346ae13ed4d49772061
51,11256,1.339464,0xd58011fee7560561c9b972ed89801ccae19195de,2017-11-01T05:54:28.000Z,0.000119,0x976089fffc1309f7bf658ba24683006bf3730280,buy,0x4e0603e2a27a30480e5e3a4fe548e29ef12f64be,0x2f674150cc1d82eae5e48696b443b07aaea34e2f3bd3407f599f59aad014bc35
52,100,0.012,0xd58011fee7560561c9b972ed89801ccae19195de,2017-11-01T05:54:28.000Z,0.00012,0x4db690a81f4a1e4ba0e576ac2cbab76dfc917aa7,buy,0x4e0603e2a27a30480e5e3a4fe548e29ef12f64be,0x5b393413c2000a87568648890ebee1244d0c636e6d350e469ceea900f0561606
53,100,0.011,0xd58011fee7560561c9b972ed89801ccae19195de,2017-11-01T05:54:28.000Z,0.00011,0xa0181b284d2f0db668cc7d456da86f216241e44d,buy,0x4e0603e2a27a30480e5e3a4fe548e29ef12f64be,0x39a198268153c5c4e88f6be79ffaaf426bf60b72d6fb7c3f383596f2b43c049c
54,74466.24856682541,7.521091105249366,0xd58011fee7560561c9b972ed89801ccae19195de,2017-11-01T05:54:17.000Z,0.000101,0xa19dd3af5c151be661bcd0c7146828afd49940f3,buy,0x4e0603e2a27a30480e5e3a4fe548e29ef12f64be,0xb38a339023a7e658fa988dc97a0e0d9eed6db70bde891fd3c30c36c25e52f948
55,40000,4.2,0xd58011fee7560561c9b972ed89801ccae19195de,2017-11-01T05:54:17.000Z,0.000105,0x62c7c44acec4cb01b9f17459a01954d053fdcc16,buy,0x4e0603e2a27a30480e5e3a4fe548e29ef12f64be,0x058dfee1eb0376b02479c21c8e9c960e67cb298c2f928370009711ac5b7918e1
56,49000,4.282551,0xd58011fee7560561c9b972ed89801ccae19195de,2017-11-01T05:34:01.000Z,0.000087399,0x07bd6300395a71f8239fbf5c30c9d97afca2ff51,buy,0x4e0603e2a27a30480e5e3a4fe548e29ef12f64be,0x998d49362e20b130a02eb9d6391880f2f66ab1bc0f88491de50cca3bd421d96e
57,24901.149,2.465213751,0xd58011fee7560561c9b972ed89801ccae19195de,2017-11-01T05:34:01.000Z,0.000099,0x5d26ca4ee3be471a4c5eeccb3bac220603387c77,buy,0x4e0603e2a27a30480e5e3a4fe548e29ef12f64be,0x53c67f6265d8a269c3d4dd0be8eefe780224d12922dcdf40d10c05460b12197d
58,19000,1.6568,0xd58011fee7560561c9b972ed89801ccae19195de,2017-11-01T05:34:01.000Z,0.0000872,0xfbf7dc0756a9768d0c71aea5f8421f3b1eaee7d1,buy,0x4e0603e2a27a30480e5e3a4fe548e29ef12f64be,0x73970bde9e2bb5b814debbaf3331fdbd0a1d697d3193d3fd513051ddc0131cf9
59,24805,2.1699414,0xd58011fee7560561c9b972ed89801ccae19195de,2017-11-01T05:34:01.000Z,0.00008748,0x47b64c800161cc82d81ca055a90ee5c5550ef11d,buy,0x4e0603e2a27a30480e5e3a4fe548e29ef12f64be,0x05027465615d754583d197873de8947c2c18588000e01becfe99bd93cd958dcf
60,93315,8.267709,0xd58011fee7560561c9b972ed89801ccae19195de,2017-11-01T05:34:01.000Z,0.0000886,0x418f1f7b7b1057e22d7165decbc213432539bbfd,buy,0x4e0603e2a27a30480e5e3a4fe548e29ef12f64be,0x74b60db1b7060f6736718ff625840a4b4981ba80d4d5503be5e51e923fe183d1
61,50000,4.38,0xd58011fee7560561c9b972ed89801ccae19195de,2017-11-01T05:34:01.000Z,0.0000876,0xda896bd9e964386f7343414a646c8ef75d5ae009,buy,0x4e0603e2a27a30480e5e3a4fe548e29ef12f64be,0x2013bf68266ba33c4c162dae7f2c56fd1e354dfea141a8d250a6cae0de593cd0
62,39500,3.792,0xd58011fee7560561c9b972ed89801ccae19195de,2017-11-01T05:34:01.000Z,0.000096,0xa19dd3af5c151be661bcd0c7146828afd49940f3,buy,0x4e0603e2a27a30480e5e3a4fe548e29ef12f64be,0x6aedd2b1c90abeb4e2f031be7e1acda00034ae0874fbd51d99ff9c489a777948
63,50000,4.374975255,0xd58011fee7560561c9b972ed89801ccae19195de,2017-11-01T05:34:01.000Z,0.0000874995051,0xda896bd9e964386f7343414a646c8ef75d5ae009,buy,0x4e0603e2a27a30480e5e3a4fe548e29ef12f64be,0x3c1d2b48c92955cf122c2e0bf360dbbf3dc82b661be5dcd4277392c0eb28fc3f
64,44805,4.4796039,0xd58011fee7560561c9b972ed89801ccae19195de,2017-11-01T05:34:01.000Z,0.00009998,0x47b64c800161cc82d81ca055a90ee5c5550ef11d,buy,0x4e0603e2a27a30480e5e3a4fe548e29ef12f64be,0x3825b1c1275c5271c78dfcada30f613f2b069dcce6af2fa5beab42589a21c07a
65,3014.346,0.2631524058,0xd58011fee7560561c9b972ed89801ccae19195de,2017-11-01T05:34:01.000Z,0.0000873,0xa19dd3af5c151be661bcd0c7146828afd49940f3,buy,0x4e0603e2a27a30480e5e3a4fe548e29ef12f64be,0x14d0eae4e12eab347ba0e052316a800ea42432be5ca332bb8bb21d28d40c09ce
66,1000,0.0872,0x70d692072e72e1b4b26b01be1541cb46af42d8cb,2017-11-01T05:32:32.000Z,0.0000872,0xfbf7dc0756a9768d0c71aea5f8421f3b1eaee7d1,buy,0x4e0603e2a27a30480e5e3a4fe548e29ef12f64be,0x81e1b113b23e9b8285190d8242ff121185c576195c96075dc52effbe5c1822e8
67,750,0.054,0x2505fc886f39398732f144154b678ee1905024c1,2017-11-01T02:09:50.000Z,0.000072,0xc57f23b724e68bba5e294ec20a9c9513e99aec90,buy,0x4e0603e2a27a30480e5e3a4fe548e29ef12f64be,0x88dd7d1f300af4cc61f8cc798f809d896a17056259c289c07c11c11ff5dea26a
68,2403.853,0.199519799,0xd58011fee7560561c9b972ed89801ccae19195de,2017-11-01T00:44:47.000Z,0.000083,0x46b4976454ca3a5325a02590212bc8519810c139,buy,0x4e0603e2a27a30480e5e3a4fe548e29ef12f64be,0x3ab54f73b4fbfa4becfd5086140b8c1b8350265ebfd1747307c0e146506d8558
69,12348.611,0.9940631855,0xd58011fee7560561c9b972ed89801ccae19195de,2017-11-01T00:44:34.000Z,0.0000805,0xba39afbbb526fe8f33fb74b04f66984333bddd2d,buy,0x4e0603e2a27a30480e5e3a4fe548e29ef12f64be,0x2d4749e93a6b7504c6ef245878fff7abb51fbf084cd990406f4a74fcb7d1fd38
70,35945,2.9798405,0xd58011fee7560561c9b972ed89801ccae19195de,2017-11-01T00:44:34.000Z,0.0000829,0x341ab8f3bce026515423362b55753932d7ed8592,buy,0x4e0603e2a27a30480e5e3a4fe548e29ef12f64be,0x7054ac48193828fe3002d6008a05526fdfe3aa2ff5baae685cc47ce556213c59
71,1900.371,0.1520294899629,0xd58011fee7560561c9b972ed89801ccae19195de,2017-11-01T00:44:26.000Z,0.0000799999,0xad5b3fbc469313e21efe4117627a658424091b0a,buy,0x4e0603e2a27a30480e5e3a4fe548e29ef12f64be,0x3e125f11f25bd03b236adfb4568323226b44fbf689fc6e8137a275f8b3b8a620
72,2681.395,0.2145116,0xd58011fee7560561c9b972ed89801ccae19195de,2017-11-01T00:44:26.000Z,0.00008,0x3ffaf6d7382bb0bec6aaf56225ae8d0acf85a6e8,buy,0x4e0603e2a27a30480e5e3a4fe548e29ef12f64be,0x7433b205bd33870f0c3565133351e78c0d1ee2bcab8b7e426df367d4ed726fd1
73,2368,0.190624,0xe1e1d0d73eeb29d0632bc4c7871bfc74dbed0741,2017-10-31T23:08:43.000Z,0.0000805,0xba39afbbb526fe8f33fb74b04f66984333bddd2d,buy,0x4e0603e2a27a30480e5e3a4fe548e29ef12f64be,0xd13dc28ec424477931b399972286f7fbfcb4a514f2275c5105b80f0756ff1864
74,3014.3455288605323,0.25320803876981357,0xa19dd3af5c151be661bcd0c7146828afd49940f3,2017-10-31T18:42:22.000Z,0.00008400099999999998,0xc9d56287b414e1aa0963016aa721b527f095fd9c,sell,0x4e0603e2a27a30480e5e3a4fe548e29ef12f64be,0x2441974b6df6ffc7ecaac81f2b818f782569652d53a2ef0a65eb9f0575f5ff79
75,3023.388565447114,0.2433827795184927,0xc9d56287b414e1aa0963016aa721b527f095fd9c,2017-10-31T18:42:22.000Z,0.0000805,0xba39afbbb526fe8f33fb74b04f66984333bddd2d,buy,0x4e0603e2a27a30480e5e3a4fe548e29ef12f64be,0x2441974b6df6ffc7ecaac81f2b818f782569652d53a2ef0a65eb9f0575f5ff79
76,14000,1.036,0xba39afbbb526fe8f33fb74b04f66984333bddd2d,2017-10-31T18:25:31.000Z,0.000074,0x341ab8f3bce026515423362b55753932d7ed8592,sell,0x4e0603e2a27a30480e5e3a4fe548e29ef12f64be,0xd8911993340cd008bbbf1e19c7853a6d5a4608fb27f9b664e4ffc77459045099
77,3740.404745289602,0.26930914166085135,0xba39afbbb526fe8f33fb74b04f66984333bddd2d,2017-10-31T16:11:24.000Z,0.00007199999999999999,0x44525d0e03fedd63445fa53c9aed398ce9df5f06,sell,0x4e0603e2a27a30480e5e3a4fe548e29ef12f64be,0x016ba177890d43a1e41878daebd6d5b784c90b9df1fee50dbbe9af35284301dd
78,4676.101046295757,0.3114283296832975,0x3cb319e3dc7432c795b70ffaa05e90ba46107305,2017-10-31T13:49:09.000Z,0.00006659999999999999,0xf670f88302153719199d1ae2c0949fb89c886d11,sell,0x4e0603e2a27a30480e5e3a4fe548e29ef12f64be,0x9ba284e6d46a92eb24eb05d13e54d3441331068e1c0adb7654c19135bcdd31a1
79,46058.379,3.22408653,0x47b64c800161cc82d81ca055a90ee5c5550ef11d,2017-10-31T13:43:41.000Z,0.00007,0xf670f88302153719199d1ae2c0949fb89c886d11,sell,0x4e0603e2a27a30480e5e3a4fe548e29ef12f64be,0xc5d708349d901c19d96a408f4ac8b1322a52b65a7116d7b5c970f840003ebcc6
80,1000,0.087399,0xd58011fee7560561c9b972ed89801ccae19195de,2017-10-31T06:23:18.000Z,0.000087399,0x07bd6300395a71f8239fbf5c30c9d97afca2ff51,buy,0x4e0603e2a27a30480e5e3a4fe548e29ef12f64be,0xc26e92d100c564695564dc3d5a8f62f2d3dc0ea76d258d6733b4f858a9225947
81,3740.404745289602,0.2618283321702722,0x47b64c800161cc82d81ca055a90ee5c5550ef11d,2017-10-31T05:25:18.000Z,0.00007,0x4006ac994f15608c57672335af43b470fb77f96f,sell,0x4e0603e2a27a30480e5e3a4fe548e29ef12f64be,0xbf2e33286b824145c1dd54fbd42646204314522d9c2b9e26667a84331da1e157
82,352.6288762881811,0.02468402134017268,0x47b64c800161cc82d81ca055a90ee5c5550ef11d,2017-10-31T03:34:36.000Z,0.00007,0xc0663f6730271424a51b9f5870aedecb0a57788c,sell,0x4e0603e2a27a30480e5e3a4fe548e29ef12f64be,0x1fb89550921f632b6827c4bc0ab55e68ea1d2970a4a9932fd9827dd9c250cf48
83,16586.27255912662,1.1610390791388634,0x47b64c800161cc82d81ca055a90ee5c5550ef11d,2017-10-31T03:26:37.000Z,0.00007,0xb74baee18ab776e935312fdd2b1bfe95a55c6921,sell,0x4e0603e2a27a30480e5e3a4fe548e29ef12f64be,0x05ab2d6cc856294f21bb7b7f6fd7d511f3c014a935f2be4cb061b6a32107b12a
84,10000,0.71,0xfbf7dc0756a9768d0c71aea5f8421f3b1eaee7d1,2017-10-31T03:25:09.000Z,0.000071,0xb74baee18ab776e935312fdd2b1bfe95a55c6921,sell,0x4e0603e2a27a30480e5e3a4fe548e29ef12f64be,0x217a1906775d4c731ee5d445136033e794807d0f42d076be35ad42788fc152cc
85,21.413732996336503,0.001734512372703256,0x30cb8d8c27bd45f4196a57a7b0ee760df05395fb,2017-10-31T03:10:50.000Z,0.00008099999999999998,0xc0663f6730271424a51b9f5870aedecb0a57788c,sell,0x4e0603e2a27a30480e5e3a4fe548e29ef12f64be,0xaf4b0dbaba3df5eb7f6caadea498224060d5b4ff03c0e2cee665f3b1feeebd0b
86,10000,0.71,0xfbf7dc0756a9768d0c71aea5f8421f3b1eaee7d1,2017-10-31T01:29:40.000Z,0.000071,0x97fc1fc5cac8367f08b3fc92187d4a898c785168,sell,0x4e0603e2a27a30480e5e3a4fe548e29ef12f64be,0xa563797618ccbd5a26b8c7a4e744183998eb8136a3f7a0a36159ec923ed1bc27
87,13,0.0011518,0x94b0bf6dd676f7b4884557735945b927535fd822,2017-10-30T23:44:17.000Z,0.0000886,0x341ab8f3bce026515423362b55753932d7ed8592,buy,0x4e0603e2a27a30480e5e3a4fe548e29ef12f64be,0xb0a99ebd3e10776be817c2d6295dc14f4e7687f627b2ffd8e109fa7f7b514e38
88,24000,2.112,0xd58011fee7560561c9b972ed89801ccae19195de,2017-10-30T23:43:42.000Z,0.000088,0x046344b29c4ffcbb793c2afd416643a95f50986d,buy,0x4e0603e2a27a30480e5e3a4fe548e29ef12f64be,0x665dd72a23a129083be7d7b48cf717e2573e904a01cd0ba5f60018186375e313
89,4454,0.3915066,0xd58011fee7560561c9b972ed89801ccae19195de,2017-10-30T23:43:04.000Z,0.0000879,0x1eaa18a0e964d346f2b5182be3f97d7aab5145b9,buy,0x4e0603e2a27a30480e5e3a4fe548e29ef12f64be,0x6f3b22e2b0acdadd1d509b16525de88e8a546533ad1620e00fb7be3e9116cb0d
90,18315,1.373625,0x418f1f7b7b1057e22d7165decbc213432539bbfd,2017-10-30T21:37:12.000Z,0.000075,0xb74baee18ab776e935312fdd2b1bfe95a55c6921,sell,0x4e0603e2a27a30480e5e3a4fe548e29ef12f64be,0xe0a610773db0a65c036a8086edd2eac24fe88d81a36f2ba379fa0aa1c823cf69
91,11000,0.825,0x2802756f7e5436d7cef958aa2c3e26cf6cee06a6,2017-10-30T21:37:12.000Z,0.000075,0xb74baee18ab776e935312fdd2b1bfe95a55c6921,sell,0x4e0603e2a27a30480e5e3a4fe548e29ef12f64be,0xc64a4aae09c0c67de4b9083f63189cd5b3bbfd6e76f25c3d7e00d805051ec902
92,24000,1.752,0x046344b29c4ffcbb793c2afd416643a95f50986d,2017-10-30T21:37:12.000Z,0.000073,0xb74baee18ab776e935312fdd2b1bfe95a55c6921,sell,0x4e0603e2a27a30480e5e3a4fe548e29ef12f64be,0x9012581dadda2a8dc23c573656fba284f884a1aef25e0af0ca0088f34114e464
93,33793.54509495141,2.9907287409032,0x795bbaaae51b13e236f89f62faf09de9f0f79944,2017-10-30T21:12:11.000Z,0.0000885,0x1eaa18a0e964d346f2b5182be3f97d7aab5145b9,buy,0x4e0603e2a27a30480e5e3a4fe548e29ef12f64be,0xe92cb1c1dafd1f04ef1824ebca63a165eded0859896854b38a1cf8ac878a07cb
94,10753.024137012915,0.9537932409530455,0x15d8f5eaa3600df506601421e637b0252d9e2aea,2017-10-30T18:45:15.000Z,0.0000887,0x1eaa18a0e964d346f2b5182be3f97d7aab5145b9,buy,0x4e0603e2a27a30480e5e3a4fe548e29ef12f64be,0x021cd6da0989f2d1824cf7003a2c952a5d4a851ab032d792a11e098788b3a64a
95,75000,5.625,0x418f1f7b7b1057e22d7165decbc213432539bbfd,2017-10-30T16:49:07.000Z,0.000075,0x3cb319e3dc7432c795b70ffaa05e90ba46107305,sell,0x4e0603e2a27a30480e5e3a4fe548e29ef12f64be,0x49938e194abf23cd69d6bf1c3ec1b0e8c5ae5c0047fad0fcef5dbd5d95861557
96,100,0.008,0xa0181b284d2f0db668cc7d456da86f216241e44d,2017-10-30T09:34:28.000Z,0.00008,0xad5b3fbc469313e21efe4117627a658424091b0a,sell,0x4e0603e2a27a30480e5e3a4fe548e29ef12f64be,0x2a087d9b74f6218499c0bed5f78f014e5b5bd14994fe4686ece4ddae942d4da6
97,75000,4.995,0x3cb319e3dc7432c795b70ffaa05e90ba46107305,2017-10-30T09:23:48.000Z,0.0000666,0xb74baee18ab776e935312fdd2b1bfe95a55c6921,sell,0x4e0603e2a27a30480e5e3a4fe548e29ef12f64be,0x445bff9da031ebc79d9cbbe0590124a4d40e075dbf822224e166f4e87f3da8b5
98,42500,3.4,0xa19dd3af5c151be661bcd0c7146828afd49940f3,2017-10-30T09:23:26.000Z,0.00008,0xb74baee18ab776e935312fdd2b1bfe95a55c6921,sell,0x4e0603e2a27a30480e5e3a4fe548e29ef12f64be,0x6d2b326ef85332d674fe12a75cbb8893303dee80f905a031c3d83c044bb49a33
99,2000,0.1602,0xad5b3fbc469313e21efe4117627a658424091b0a,2017-10-30T09:23:26.000Z,0.0000801,0xb74baee18ab776e935312fdd2b1bfe95a55c6921,sell,0x4e0603e2a27a30480e5e3a4fe548e29ef12f64be,0xfd17cde4d9a20fc543b40bef3e6b74d1f519af1a5ffdc14825f3a063c0b5acff
100,1000,0.1019,0xd58011fee7560561c9b972ed89801ccae19195de,2017-10-30T09:00:53.000Z,0.0001019,0x1eaa18a0e964d346f2b5182be3f97d7aab5145b9,buy,0x4e0603e2a27a30480e5e3a4fe548e29ef12f64be,0x0d9673aaf9b6e3e4cf265a01d0c68237bb50f3d5156b34d70f28efb10aec3ac0
101,228.5862670036635,0.018515487627296743,0x30cb8d8c27bd45f4196a57a7b0ee760df05395fb,2017-10-30T04:54:29.000Z,0.00008099999999999999,0x6b37701733da891e360ba4a41774f72897b2f1fe,sell,0x4e0603e2a27a30480e5e3a4fe548e29ef12f64be,0x7c31db254fdc4edfbce13fc235d27293da57f65eae6d1e24da07373ab91355d0
102,100,0.0084,0xa0181b284d2f0db668cc7d456da86f216241e44d,2017-10-30T04:52:45.000Z,0.000084,0x6b37701733da891e360ba4a41774f72897b2f1fe,sell,0x4e0603e2a27a30480e5e3a4fe548e29ef12f64be,0x5d2a22e4ee06d48048a3ecfea97f4ca3a2c57652002f43990053456a69fd04f2
103,668.4,0.0601620156,0x1c39c4a38ced25b4cf306d0ebfbd1fdd7d33d917,2017-10-30T04:52:45.000Z,0.000090009,0x6b37701733da891e360ba4a41774f72897b2f1fe,sell,0x4e0603e2a27a30480e5e3a4fe548e29ef12f64be,0xf0ffef0bc380f504e4ca41087f85a55ee664c1bb2aa0ad83770d4e34d3f216f1
104,2403.853,0.2449526207,0x46b4976454ca3a5325a02590212bc8519810c139,2017-10-30T02:02:52.000Z,0.0001019,0xe6dce38a61edba2cd7dc0be24aa42f1c1bd3de0c,buy,0x4e0603e2a27a30480e5e3a4fe548e29ef12f64be,0xc00d5bd42228d327466f40064487d0e7f24d081793e5879e577b7a48b9f99651
105,3065.854,0.309648188146,0xd58011fee7560561c9b972ed89801ccae19195de,2017-10-30T01:47:14.000Z,0.000100999,0x1c39c4a38ced25b4cf306d0ebfbd1fdd7d33d917,buy,0x4e0603e2a27a30480e5e3a4fe548e29ef12f64be,0x9453aa653b4ea0e085576aec59ac74d6c8ffb358cbf3b006e9700bd79590674a
106,50000,4.245,0xd58011fee7560561c9b972ed89801ccae19195de,2017-10-30T01:43:25.000Z,0.0000849,0x341ab8f3bce026515423362b55753932d7ed8592,buy,0x4e0603e2a27a30480e5e3a4fe548e29ef12f64be,0x0ef1f025a84fe52ee4ebfbefeddee7371df8102eeac672354ee1150f0fbc14c0
107,17553.283,1.4727204437,0xd58011fee7560561c9b972ed89801ccae19195de,2017-10-30T01:43:00.000Z,0.0000839,0xfbf7dc0756a9768d0c71aea5f8421f3b1eaee7d1,buy,0x4e0603e2a27a30480e5e3a4fe548e29ef12f64be,0x62810ba7a7f8ecd4d2085a481a150997e7e8a7ac86176395121ab4f7cb748f27
108,100000,8.4,0xd58011fee7560561c9b972ed89801ccae19195de,2017-10-30T01:43:00.000Z,0.000084,0x841c25e0f32b991a6f38dce33406ee8aa89050cf,buy,0x4e0603e2a27a30480e5e3a4fe548e29ef12f64be,0x332ed0814c299d81aa9a087aeee10d539a9285013ba427a78ae696a56b639136
109,446.71663544107014,0.03747952571350579,0xfeb1c0e9c3a9efc8fdf27df553dcb76082efdada,2017-10-30T00:19:44.000Z,0.0000839,0xfbf7dc0756a9768d0c71aea5f8421f3b1eaee7d1,buy,0x4e0603e2a27a30480e5e3a4fe548e29ef12f64be,0x141b2d17e5456aeca740d9618eaf1c6ef6c7ebdf156af624ba236d6d1fb1c49c
110,2000,0.1678,0xfeb1c0e9c3a9efc8fdf27df553dcb76082efdada,2017-10-30T00:18:30.000Z,0.0000839,0xfbf7dc0756a9768d0c71aea5f8421f3b1eaee7d1,buy,0x4e0603e2a27a30480e5e3a4fe548e29ef12f64be,0x5c654e70780c82a2232377dbcb53fa2bc1191eb352b165389e2b386cb972048b
111,10000,0.85,0xb5d0ae8422683dfb53a76a97238365a30e0e82c8,2017-10-29T17:34:41.000Z,0.000085,0x841c25e0f32b991a6f38dce33406ee8aa89050cf,sell,0x4e0603e2a27a30480e5e3a4fe548e29ef12f64be,0x032ad819ce435d0368da8b9d31fb2e2ed20389eec202f2c9c7dbe542b9479988
112,90,0.00765,0xfeb1c0e9c3a9efc8fdf27df553dcb76082efdada,2017-10-29T17:34:41.000Z,0.000085,0x841c25e0f32b991a6f38dce33406ee8aa89050cf,sell,0x4e0603e2a27a30480e5e3a4fe548e29ef12f64be,0xc288dedf1e91cca97f65d847f5a0be1874a16eee744e91fe9834fad9b21d58e5
113,12000,1.0116,0xfeb1c0e9c3a9efc8fdf27df553dcb76082efdada,2017-10-29T17:34:41.000Z,0.0000843,0x841c25e0f32b991a6f38dce33406ee8aa89050cf,sell,0x4e0603e2a27a30480e5e3a4fe548e29ef12f64be,0xaa8085752cbbcdeb9c7204b11f9fc0c7689da69861822a28679197e84f63e155
114,1167.8659324735393,0.09926883783343733,0xfeb1c0e9c3a9efc8fdf27df553dcb76082efdada,2017-10-29T17:34:17.000Z,0.00008500019999999999,0x841c25e0f32b991a6f38dce33406ee8aa89050cf,sell,0x4e0603e2a27a30480e5e3a4fe548e29ef12f64be,0x7b741d46669110e1304309f06c03c43b8332842f690a332580c021b27d7f57ee
115,47.96250000005089,0.004220700000004477,0x47b64c800161cc82d81ca055a90ee5c5550ef11d,2017-10-29T17:34:02.000Z,0.00008799999999999997,0x841c25e0f32b991a6f38dce33406ee8aa89050cf,sell,0x4e0603e2a27a30480e5e3a4fe548e29ef12f64be,0x80740c2fe5cbeb985dffd10db2058610105b6fe989c7d7409b3258db40779f2f
116,60,0.005154,0xc018f8f7bc0a71fe6ea204764d6ecbffed7c265d,2017-10-29T17:34:02.000Z,0.0000859,0x841c25e0f32b991a6f38dce33406ee8aa89050cf,sell,0x4e0603e2a27a30480e5e3a4fe548e29ef12f64be,0x5c9e0fb14a84ef3e9d291f0000cb1eb54b6bd4fec4f9afded2277bfcbd6f9c0e
117,194.55,0.016556205,0x5c136608971ab15f7acbc8b78b98f7ff865e1d66,2017-10-29T17:34:02.000Z,0.0000851,0x841c25e0f32b991a6f38dce33406ee8aa89050cf,sell,0x4e0603e2a27a30480e5e3a4fe548e29ef12f64be,0x97bb80055b0b95c5d2acf0116a08eeccf265cce6e0d680d69181dd70749f5d4d
118,21.361697950353896,0.001835397087894406,0x1179d8d9034edd05d89c13b79946ccea7cd14f58,2017-10-29T17:34:02.000Z,0.00008591999999999996,0x841c25e0f32b991a6f38dce33406ee8aa89050cf,sell,0x4e0603e2a27a30480e5e3a4fe548e29ef12f64be,0x2524ad1e279cc4b906e41f6090890a3048f09ec54ac7f8c52cffbbbe3b60365d
119,7120.565983451301,0.5981275426099093,0x273a5d3e6721b9f5c1a6474f560c1334c63dda01,2017-10-29T17:31:33.000Z,0.000084,0x841c25e0f32b991a6f38dce33406ee8aa89050cf,buy,0x4e0603e2a27a30480e5e3a4fe548e29ef12f64be,0x913325e4462a8df8369f12a3da6a3a0b0d3413401d82c98920c634b3614f1769
120,20000,1.68,0x273a5d3e6721b9f5c1a6474f560c1334c63dda01,2017-10-29T17:31:33.000Z,0.000084,0x841c25e0f32b991a6f38dce33406ee8aa89050cf,buy,0x4e0603e2a27a30480e5e3a4fe548e29ef12f64be,0x8992e312609bd0abf6c06235d2d9f2afe81d8be94e193b0daedeae8053d85579
121,19940,1.712846,0xc018f8f7bc0a71fe6ea204764d6ecbffed7c265d,2017-10-29T17:31:33.000Z,0.0000859,0x273a5d3e6721b9f5c1a6474f560c1334c63dda01,sell,0x4e0603e2a27a30480e5e3a4fe548e29ef12f64be,0x8992e312609bd0abf6c06235d2d9f2afe81d8be94e193b0daedeae8053d85579
122,64655.45,5.502178795,0x5c136608971ab15f7acbc8b78b98f7ff865e1d66,2017-10-29T17:31:33.000Z,0.0000851,0x273a5d3e6721b9f5c1a6474f560c1334c63dda01,sell,0x4e0603e2a27a30480e5e3a4fe548e29ef12f64be,0x1c9bb1a462b8530192f1131ba9e8cc773f9b9da66770cf71f55c46b093e1ee08
123,7099.204285500947,0.6099636322102414,0x1179d8d9034edd05d89c13b79946ccea7cd14f58,2017-10-29T17:31:33.000Z,0.00008591999999999999,0x273a5d3e6721b9f5c1a6474f560c1334c63dda01,sell,0x4e0603e2a27a30480e5e3a4fe548e29ef12f64be,0x913325e4462a8df8369f12a3da6a3a0b0d3413401d82c98920c634b3614f1769
124,64850,5.4474,0x273a5d3e6721b9f5c1a6474f560c1334c63dda01,2017-10-29T17:31:33.000Z,0.000084,0x841c25e0f32b991a6f38dce33406ee8aa89050cf,buy,0x4e0603e2a27a30480e5e3a4fe548e29ef12f64be,0x1c9bb1a462b8530192f1131ba9e8cc773f9b9da66770cf71f55c46b093e1ee08
125,48879.4340165487,4.199720970701864,0x1179d8d9034edd05d89c13b79946ccea7cd14f58,2017-10-29T15:53:49.000Z,0.00008591999999999999,0xd55c4f287e5860f8cf2d881ea83e04bf2eab4f51,sell,0x4e0603e2a27a30480e5e3a4fe548e29ef12f64be,0x7d27d37514e2c4770b78a217001f39befe17d223cc0a9760dc5d4b1dd9393b1b
126,21531.246,1.8538402806,0x1eaa18a0e964d346f2b5182be3f97d7aab5145b9,2017-10-29T15:50:25.000Z,0.0000861,0xd55c4f287e5860f8cf2d881ea83e04bf2eab4f51,sell,0x4e0603e2a27a30480e5e3a4fe548e29ef12f64be,0xf2a5f0b6ee0943376a9b560b91c89bcbfe4dc68d242a6420b9e18d93d2bd47d0
127,4400,0.387684,0x2475fe4d7a9d7d2e7908baf6697b801596bf5148,2017-10-29T15:50:18.000Z,0.00008811,0xd55c4f287e5860f8cf2d881ea83e04bf2eab4f51,sell,0x4e0603e2a27a30480e5e3a4fe548e29ef12f64be,0x0028935865693e2125b1317f094817564d03d31021368efeeecdca49004d8d4c
128,18498.75386302462,1.59274270760642,0x1eaa18a0e964d346f2b5182be3f97d7aab5145b9,2017-10-29T14:46:27.000Z,0.00008609999999999999,0xa9082e035c8b5d19cf674e2811242a04237b4d37,sell,0x4e0603e2a27a30480e5e3a4fe548e29ef12f64be,0x004eea57ba8d3345ebc3019d9f25a45e55224e3214287fc72aa64742b5f64b19
129,20000,1.762,0xfbf7dc0756a9768d0c71aea5f8421f3b1eaee7d1,2017-10-29T14:45:47.000Z,0.0000881,0xa9082e035c8b5d19cf674e2811242a04237b4d37,sell,0x4e0603e2a27a30480e5e3a4fe548e29ef12f64be,0x89468e58fecaea13d94df19d668ee272445119b7564f32c3c6f5bc383642406f
130,22100,1.94922,0x5d26ca4ee3be471a4c5eeccb3bac220603387c77,2017-10-29T14:45:11.000Z,0.0000882,0xa9082e035c8b5d19cf674e2811242a04237b4d37,sell,0x4e0603e2a27a30480e5e3a4fe548e29ef12f64be,0xe75fde7f3b8d79efbf209c3ad8ddd92bf446ab13b243af4153259b4b014cb786
131,383,0.040214617,0x00b812869c75bcaf129c51cb06f342f4668c468d,2017-10-29T11:53:02.000Z,0.000104999,0x1c39c4a38ced25b4cf306d0ebfbd1fdd7d33d917,buy,0x4e0603e2a27a30480e5e3a4fe548e29ef12f64be,0x7307b4756ce3a995865e8502e32b9bf41c7bfe8b9e98112e44f7f10a6a55ecb5
132,383,0.040214617,0x00b812869c75bcaf129c51cb06f342f4668c468d,2017-10-29T11:52:45.000Z,0.000104999,0x1c39c4a38ced25b4cf306d0ebfbd1fdd7d33d917,buy,0x4e0603e2a27a30480e5e3a4fe548e29ef12f64be,0xef7c5d1776c73254098cd3042189b172f3acfc6c6bb7a9008bb73664ceba8525
133,14014,1.47147,0xd58011fee7560561c9b972ed89801ccae19195de,2017-10-29T09:31:37.000Z,0.000105,0xfbf7dc0756a9768d0c71aea5f8421f3b1eaee7d1,buy,0x4e0603e2a27a30480e5e3a4fe548e29ef12f64be,0x6567e7a3ede30d786a04b75676b8339825b8f5bcc6cf200895e4206ae205a66f
134,2403.853,0.21634677,0xe6dce38a61edba2cd7dc0be24aa42f1c1bd3de0c,2017-10-29T08:08:18.000Z,0.00009,0x07bd6300395a71f8239fbf5c30c9d97afca2ff51,sell,0x4e0603e2a27a30480e5e3a4fe548e29ef12f64be,0xf0a0a35a1b77c8492fac507b4c39883c75d30ff55c92d5e3c22d7cf44078f956
135,27011.555794521773,2.4310400215069596,0xa19dd3af5c151be661bcd0c7146828afd49940f3,2017-10-29T08:08:18.000Z,0.00008999999999999999,0x07bd6300395a71f8239fbf5c30c9d97afca2ff51,sell,0x4e0603e2a27a30480e5e3a4fe548e29ef12f64be,0x538b024a10ed746bc1d6cd32a4b36adc043f5f13c13536b7f299832199d22e2f
136,10600,0.9540742,0x47b64c800161cc82d81ca055a90ee5c5550ef11d,2017-10-29T08:08:11.000Z,0.000090007,0x07bd6300395a71f8239fbf5c30c9d97afca2ff51,sell,0x4e0603e2a27a30480e5e3a4fe548e29ef12f64be,0x66cb3a209aeffca0a31b68274191e20c628723e1c562e61477a88dfa6f02ac20
137,7225,0.6503078,0x47b64c800161cc82d81ca055a90ee5c5550ef11d,2017-10-29T08:08:11.000Z,0.000090008,0x07bd6300395a71f8239fbf5c30c9d97afca2ff51,sell,0x4e0603e2a27a30480e5e3a4fe548e29ef12f64be,0x4586785bcd2d2df4e6be0d47344bd3384cb469f637077c6d45b350bae0887159
138,3831.6,0.3448784844,0x1c39c4a38ced25b4cf306d0ebfbd1fdd7d33d917,2017-10-29T08:07:40.000Z,0.000090009,0x07bd6300395a71f8239fbf5c30c9d97afca2ff51,sell,0x4e0603e2a27a30480e5e3a4fe548e29ef12f64be,0x2c214580dd9577f5cf601cb20e5508ad5a61aeb10a28e949145369902d0ff983
139,300,0.0315,0x63f3e983169813de75e5d9dbfdd27ceb2657f4fb,2017-10-29T05:09:48.000Z,0.000105,0xfbf7dc0756a9768d0c71aea5f8421f3b1eaee7d1,buy,0x4e0603e2a27a30480e5e3a4fe548e29ef12f64be,0xdc7b0374edef32456ea21ca4e97a3a7de97dc9168ebf147134f76dd5fb27c2e3
140,15000,1.35012,0x47b64c800161cc82d81ca055a90ee5c5550ef11d,2017-10-29T04:43:28.000Z,0.000090008,0x97fc1fc5cac8367f08b3fc92187d4a898c785168,sell,0x4e0603e2a27a30480e5e3a4fe548e29ef12f64be,0x11c5816247f62fa637ca067db7b8ca70f23f22f4be41aef8a6f25885dc0df6b8
141,700,0.0735,0xc5812cbf8d77de5c88917732556c320164cad877,2017-10-29T03:12:51.000Z,0.000105,0xd70bca39e5d99671ef6a6be62c1624df419a13c0,sell,0x4e0603e2a27a30480e5e3a4fe548e29ef12f64be,0x2ab01d6915d6e4c015ef23edfb71cf5908ad6cebf4a6fcd44b8fdfff323bc92f
142,5793.511,0.61057812429,0xd58011fee7560561c9b972ed89801ccae19195de,2017-10-29T01:27:51.000Z,0.00010539,0x2475fe4d7a9d7d2e7908baf6697b801596bf5148,buy,0x4e0603e2a27a30480e5e3a4fe548e29ef12f64be,0x4aef89793ef2e95b1f4759da5db7f7448fecb584139ae2ac02fd3be33f841b4f
143,10000,0.1399,0x273a5d3e6721b9f5c1a6474f560c1334c63dda01,2017-10-28T23:57:10.000Z,0.00001399,0x47b64c800161cc82d81ca055a90ee5c5550ef11d,buy,0x4e0603e2a27a30480e5e3a4fe548e29ef12f64be,0x091d6d09717c02389ee96bb44b1322cd68978d4c2f52a5d2206af955e5211c8c
144,9970,0.858417,0x1eaa18a0e964d346f2b5182be3f97d7aab5145b9,2017-10-28T23:57:10.000Z,0.0000861,0x273a5d3e6721b9f5c1a6474f560c1334c63dda01,sell,0x4e0603e2a27a30480e5e3a4fe548e29ef12f64be,0x091d6d09717c02389ee96bb44b1322cd68978d4c2f52a5d2206af955e5211c8c
145,1739,0.182595,0xd58011fee7560561c9b972ed89801ccae19195de,2017-10-28T22:16:23.000Z,0.000105,0x6917383c86c9923aad3ec3ac2525d0bf7329e146,buy,0x4e0603e2a27a30480e5e3a4fe548e29ef12f64be,0x5ae2c0e8156b9a9672392cef085432d815d81b2da7635c95f5b7510c7bcbe0c9
146,11198.693,1.00788237,0xa19dd3af5c151be661bcd0c7146828afd49940f3,2017-10-28T21:58:17.000Z,0.00009,0x07bd6300395a71f8239fbf5c30c9d97afca2ff51,sell,0x4e0603e2a27a30480e5e3a4fe548e29ef12f64be,0x3a32db4ff3a8d3c84eb95d4dfc042551f775b48d3d9199844abf1405fcd74f68
147,8350,0.75252705,0x4845d0894a3ca4c3588890fb01c2a874ca519fb2,2017-10-28T21:57:51.000Z,0.000090123,0x07bd6300395a71f8239fbf5c30c9d97afca2ff51,sell,0x4e0603e2a27a30480e5e3a4fe548e29ef12f64be,0xaf92574f361a913678f87d463c462fe31e6d6aa0b3b556f666a3793a1955ae3d
148,6963.301742294597,0.6397881640820275,0xfd59cc9a0166c02d6d070cd464d42c863a22a251,2017-10-28T21:57:44.000Z,0.00009188,0x07bd6300395a71f8239fbf5c30c9d97afca2ff51,sell,0x4e0603e2a27a30480e5e3a4fe548e29ef12f64be,0x25c9ba87ba274bcbb60d654b1873ecc54b0cb60003ce9ca3f6fe85990851a31e
149,4.744283138817725,0.0005,0x34f9560c63078eb61872a4dc2ccd20e21c34feaf,2017-10-28T20:17:38.000Z,0.00010539,0x2475fe4d7a9d7d2e7908baf6697b801596bf5148,buy,0x4e0603e2a27a30480e5e3a4fe548e29ef12f64be,0xbe4a5806cf4def1754454f4a0f81f99bc910d5ca7dcfa8d3e627b0065c45681e
150,4.744283138817725,0.0005,0xe444a40689f51f63bcd29910622035707d533d29,2017-10-28T20:14:57.000Z,0.00010539,0x2475fe4d7a9d7d2e7908baf6697b801596bf5148,buy,0x4e0603e2a27a30480e5e3a4fe548e29ef12f64be,0xa2d7c1605bb955d23921aa33dcbc0932b2bc7fdc2c9ee4d60f84f063932ee7df
151,1036.6982577054034,0.09525183591797247,0xfd59cc9a0166c02d6d070cd464d42c863a22a251,2017-10-28T16:44:27.000Z,0.00009188,0x1ed014aec47fae44c9e55bac7662c0b78ae61798,sell,0x4e0603e2a27a30480e5e3a4fe548e29ef12f64be,0x630df0cbbca0150ba4169c76c25c82523cd83e5eadec5d828c1ce3c61e5d6abc
152,8800,1.0076,0x554ba060e340a262054fc453ebbf69a97c752711,2017-10-28T16:26:54.000Z,0.0001145,0xa19dd3af5c151be661bcd0c7146828afd49940f3,buy,0x4e0603e2a27a30480e5e3a4fe548e29ef12f64be,0x0bfc806533e64087447ecbf42e7693c7aa3fc581b8236c987e01f0c9e9cd6a27
153,2155.996,0.202663624,0xe0775a00891e3f5896ab55811fbc2132c7cdb842,2017-10-28T15:25:16.000Z,0.000094,0x81f3a02a8c09b76b52f6ec9d3d88ecd85ebc96d8,sell,0x4e0603e2a27a30480e5e3a4fe548e29ef12f64be,0x33e363a5dd101f9f218ba64bb7b866a7bdaa35ed51f1e0eb34b66042626b54d7
154,1000,0.091,0x5d26ca4ee3be471a4c5eeccb3bac220603387c77,2017-10-28T15:25:16.000Z,0.000091,0x81f3a02a8c09b76b52f6ec9d3d88ecd85ebc96d8,sell,0x4e0603e2a27a30480e5e3a4fe548e29ef12f64be,0xd1ff8c922134a6a56e8b863827bdaf9bbf22941125c1a919ac5f5d1b9adb8b0f
155,999.95,0.09499525,0x6917383c86c9923aad3ec3ac2525d0bf7329e146,2017-10-28T15:24:56.000Z,0.000095,0x81f3a02a8c09b76b52f6ec9d3d88ecd85ebc96d8,sell,0x4e0603e2a27a30480e5e3a4fe548e29ef12f64be,0xab9bde5370eb6671b23ee4902eab2a98942d899b9bbc8cdcf1ed6507d191b373
156,7187.739530842372,0.6835540293831096,0xfbf7dc0756a9768d0c71aea5f8421f3b1eaee7d1,2017-10-28T15:23:56.000Z,0.0000951,0x81f3a02a8c09b76b52f6ec9d3d88ecd85ebc96d8,sell,0x4e0603e2a27a30480e5e3a4fe548e29ef12f64be,0x685bf7ba15ac57905d3865399ad19ea2d6164f73070a47efc2454e047f60f48b
157,0.0498115840893231,0.000004732100488485,0x6917383c86c9923aad3ec3ac2525d0bf7329e146,2017-10-28T15:17:05.000Z,0.00009499999999998606,0x0a72ebae0321b78bf42b5846c57f90d714a5cb31,sell,0x4e0603e2a27a30480e5e3a4fe548e29ef12f64be,0x81bab713c1d1d9e117db371d03700cf737d51f20e09e5f16f733be27eaff023e
158,2497.644980904472,0.25201237857326125,0x75d636a7d03760f4ab77d139ec79599475686775,2017-10-28T13:42:29.000Z,0.0001009,0x341ab8f3bce026515423362b55753932d7ed8592,buy,0x4e0603e2a27a30480e5e3a4fe548e29ef12f64be,0x78cfbd95bee4e61d39490cae65e758db331c5ec9e2a4e09b4a21188386d016c6
159,7000,0.6657,0xfbf7dc0756a9768d0c71aea5f8421f3b1eaee7d1,2017-10-28T12:49:21.000Z,0.0000951,0x6917383c86c9923aad3ec3ac2525d0bf7329e146,sell,0x4e0603e2a27a30480e5e3a4fe548e29ef12f64be,0x6cab41083de42a1fabab710195d5e4696126c4e767077643b22051cb8befde2e
160,5304.274691834996,0.4514998617689948,0x2475fe4d7a9d7d2e7908baf6697b801596bf5148,2017-10-28T12:47:18.000Z,0.00008511999999999998,0x341ab8f3bce026515423362b55753932d7ed8592,sell,0x4e0603e2a27a30480e5e3a4fe548e29ef12f64be,0x37fef0d9b61ea78a7d06e6b1a82cef67c748ac55ebcbd352f690dc7e82d854df
161,42055.99950472039,3.9995255528989095,0xa19dd3af5c151be661bcd0c7146828afd49940f3,2017-10-28T12:47:18.000Z,0.0000951,0x341ab8f3bce026515423362b55753932d7ed8592,sell,0x4e0603e2a27a30480e5e3a4fe548e29ef12f64be,0xf72be15699467c559bcb8574eac4f1d2d0f433975fc4941cc8519254c2d1a3ee
162,0.000495279605998301,0.00000004710109053,0xa19dd3af5c151be661bcd0c7146828afd49940f3,2017-10-28T12:38:57.000Z,0.00009509999999911478,0x341ab8f3bce026515423362b55753932d7ed8592,sell,0x4e0603e2a27a30480e5e3a4fe548e29ef12f64be,0x69acf245ef5550e20e727a40008e5e500822f01379517e4f9dd2366bc9e20fcb
163,121.2441431562156,0.011530318014156103,0xfbf7dc0756a9768d0c71aea5f8421f3b1eaee7d1,2017-10-28T12:32:30.000Z,0.0000951,0x51f2ad62552c62c7f888acf5ff89d6d9496cd0ab,sell,0x4e0603e2a27a30480e5e3a4fe548e29ef12f64be,0x72f3b0617128309aec6aac5cded3c87b1daa38c07b1a7d9a0c11efe3a61cda7e
164,1702.4137982041202,0.16189955220921184,0x5d26ca4ee3be471a4c5eeccb3bac220603387c77,2017-10-28T12:26:59.000Z,0.0000951,0xca010b8ce8ff48388b302a944ca2b4bf5430fc69,buy,0x4e0603e2a27a30480e5e3a4fe548e29ef12f64be,0xa11945cd19c1fd1f85c4be99207a2f64f1c85dd2b9595cee5d5266b61436b1db
165,7760.285201795879,0.7380031226907882,0x6917383c86c9923aad3ec3ac2525d0bf7329e146,2017-10-28T12:23:42.000Z,0.0000951,0xca010b8ce8ff48388b302a944ca2b4bf5430fc69,buy,0x4e0603e2a27a30480e5e3a4fe548e29ef12f64be,0xe06cd70f0698de20ea70c5fa3c896e13d83fe06a08f86a5af8702286bd766533
166,4.968149727768949,0.000472471039110827,0xfbf7dc0756a9768d0c71aea5f8421f3b1eaee7d1,2017-10-28T12:19:56.000Z,0.0000951,0x341ab8f3bce026515423362b55753932d7ed8592,sell,0x4e0603e2a27a30480e5e3a4fe548e29ef12f64be,0x905a260305d8b9c56728d8494c036be19933366f3cdc62a02d82f5121f9009d6
167,0.0000854,0.854,0x5d26ca4ee3be471a4c5eeccb3bac220603387c77,2017-10-28T09:06:28.000Z,10000,0x0249924245a19aa2d7f5ddb0739a7132b7d094ab,sell,0x4e0603e2a27a30480e5e3a4fe548e29ef12f64be,0xa809a4ac76ab28f4fd36ae0638aaed02fdb4a3e53308d64064dc03883f1724cf
168,4944.97,0.712570177,0xd58011fee7560561c9b972ed89801ccae19195de,2017-10-28T07:35:59.000Z,0.0001441,0xfeb1c0e9c3a9efc8fdf27df553dcb76082efdada,buy,0x4e0603e2a27a30480e5e3a4fe548e29ef12f64be,0x14caacc9772913dd4bbc1dd2944ce2bd02272d1b68c794ce98156370bfc9b26f
169,17500,2.45,0xd58011fee7560561c9b972ed89801ccae19195de,2017-10-28T07:35:59.000Z,0.00014,0x5d26ca4ee3be471a4c5eeccb3bac220603387c77,buy,0x4e0603e2a27a30480e5e3a4fe548e29ef12f64be,0x56b24d542beecf918bd199818a39e9cf55229fbec5189f38439298743b666a5d
170,5084.054,0.727019722,0xd58011fee7560561c9b972ed89801ccae19195de,2017-10-28T07:34:38.000Z,0.000143,0x75d636a7d03760f4ab77d139ec79599475686775,buy,0x4e0603e2a27a30480e5e3a4fe548e29ef12f64be,0xd6778e9fbb64089006f1216620eb14ebc42e72c2f2cf72b2a21d9c03c72e8c04
171,20000,2.8,0xd58011fee7560561c9b972ed89801ccae19195de,2017-10-28T07:34:23.000Z,0.00014,0x34eba4f497a1158ba8ed9bda0cfcb30a91534995,buy,0x4e0603e2a27a30480e5e3a4fe548e29ef12f64be,0xd34dcab04eb7ffe2b458c867f1020a4ea75d65d5a48fa4e1ad2de164d8423675
172,2887.262,0.4125897398,0xd58011fee7560561c9b972ed89801ccae19195de,2017-10-28T07:34:23.000Z,0.0001429,0xfeb1c0e9c3a9efc8fdf27df553dcb76082efdada,buy,0x4e0603e2a27a30480e5e3a4fe548e29ef12f64be,0x3b77788b39b55ea3623e3128b596d8793942209338131d54b8ea06c2fa061525
173,45291,6.34028709,0xd58011fee7560561c9b972ed89801ccae19195de,2017-10-28T07:34:23.000Z,0.00013999,0x004cd66d8419507fa30752e060ae59e806956b36,buy,0x4e0603e2a27a30480e5e3a4fe548e29ef12f64be,0xd9c3d1bfbcf06077fa8b0b54a05703d59e26f7658d49161f5d3325842a08aa82
174,7520,0.95870976,0xd58011fee7560561c9b972ed89801ccae19195de,2017-10-28T07:34:06.000Z,0.000127488,0x35856a6a5f866ca903c5d33773a96308c5b696bc,buy,0x4e0603e2a27a30480e5e3a4fe548e29ef12f64be,0xc5187ddeeb7207577b46deb600fdf0174962c965acf9a2da22f42f1451a7b7d2
175,6000,0.7308,0xd58011fee7560561c9b972ed89801ccae19195de,2017-10-28T07:33:57.000Z,0.0001218,0xfd59cc9a0166c02d6d070cd464d42c863a22a251,buy,0x4e0603e2a27a30480e5e3a4fe548e29ef12f64be,0x4a740c9e4fd66510d534e738ba95faa4504f3615eefdff53cc002eb03583edf2
176,13695,1.637922,0xd58011fee7560561c9b972ed89801ccae19195de,2017-10-28T07:33:57.000Z,0.0001196,0x13597c1e37b3dbfb347255a2939b6d58f557e1ca,buy,0x4e0603e2a27a30480e5e3a4fe548e29ef12f64be,0x6632c826890230bf2aef878d326604f14ff9814395384fd0f058143d11dba094
177,43900,4.4339,0xd58011fee7560561c9b972ed89801ccae19195de,2017-10-28T07:32:56.000Z,0.000101,0xa19dd3af5c151be661bcd0c7146828afd49940f3,buy,0x4e0603e2a27a30480e5e3a4fe548e29ef12f64be,0x76c0b3f337544e4eb01647dfc97ab952cf7e657381a7cefd1f3d0715490049cf
178,7400,0.7465712,0xd58011fee7560561c9b972ed89801ccae19195de,2017-10-28T07:32:56.000Z,0.000100888,0x4845d0894a3ca4c3588890fb01c2a874ca519fb2,buy,0x4e0603e2a27a30480e5e3a4fe548e29ef12f64be,0xe2fff91de9c2212f2d3177a7fcff895bb51ea7ef84bb295317529f3d43f88fea
179,4244.005,0.4239760995,0xd58011fee7560561c9b972ed89801ccae19195de,2017-10-28T07:32:56.000Z,0.0000999,0x6917383c86c9923aad3ec3ac2525d0bf7329e146,buy,0x4e0603e2a27a30480e5e3a4fe548e29ef12f64be,0x9846ca437a82cf4041407718551c7b605b6a0b5e91607787bcf8d88507c4f414
180,3414,0.3414,0xd58011fee7560561c9b972ed89801ccae19195de,2017-10-28T07:32:56.000Z,0.0001,0xe56be81797e2616b7d4c57c892dbecda35045fa1,buy,0x4e0603e2a27a30480e5e3a4fe548e29ef12f64be,0x2bed457fa408afb6d003bff352eed308f3845f7e534b6c9e476e5fc5e768afec
181,50000,5.125,0xd58011fee7560561c9b972ed89801ccae19195de,2017-10-28T07:32:56.000Z,0.0001025,0x3cb319e3dc7432c795b70ffaa05e90ba46107305,buy,0x4e0603e2a27a30480e5e3a4fe548e29ef12f64be,0x3beeed5594d8c6871d72d96da24610f3014a3ec1c73e3511268085cf1d4f42bb
182,50000,5.125,0xd58011fee7560561c9b972ed89801ccae19195de,2017-10-28T07:32:56.000Z,0.0001025,0x3cb319e3dc7432c795b70ffaa05e90ba46107305,buy,0x4e0603e2a27a30480e5e3a4fe548e29ef12f64be,0x04d33ae2a3f7ee4bdcb72340c756f379017f38b11401e6d80cabac7b278a8523
183,50000,4.975,0xd58011fee7560561c9b972ed89801ccae19195de,2017-10-28T07:31:50.000Z,0.0000995,0x3cb319e3dc7432c795b70ffaa05e90ba46107305,buy,0x4e0603e2a27a30480e5e3a4fe548e29ef12f64be,0xfc52394bc2b28bd4fdb64e57c6c33fbc31bfe9850a80e875d30e50246fe7aaaf
184,26182.833,2.5894821837,0xd58011fee7560561c9b972ed89801ccae19195de,2017-10-28T07:31:50.000Z,0.0000989,0xa19dd3af5c151be661bcd0c7146828afd49940f3,buy,0x4e0603e2a27a30480e5e3a4fe548e29ef12f64be,0xdb3d61bc2c5cd875df738d7cc47ea7a45de902c96f6bfd02efe444c2f13f49a7
185,3600,0.30708,0x2505fc886f39398732f144154b678ee1905024c1,2017-10-28T04:45:56.000Z,0.0000853,0xc875b446639ca898f1b3addccd107b9e1e2f09d4,buy,0x4e0603e2a27a30480e5e3a4fe548e29ef12f64be,0xe86db456c35024f4215d9fcd977d46df7f35e9b1e449de6b8aba870f76d4ee47
186,26182.833217027215,2.2307773900907186,0xa19dd3af5c151be661bcd0c7146828afd49940f3,2017-10-28T02:41:47.000Z,0.00008519999999999998,0xfa9e2cd1ba1568940607c4c321e07eac6061832b,sell,0x4e0603e2a27a30480e5e3a4fe548e29ef12f64be,0x4af1e040fdd7b84f3eac6805d8339592c353987eb5490d3e35e592ed21618a88
187,2600,0.2483,0xd58011fee7560561c9b972ed89801ccae19195de,2017-10-28T00:04:13.000Z,0.0000955,0x38ab523d0ca6c61c8787b82274d9e827d69fee96,buy,0x4e0603e2a27a30480e5e3a4fe548e29ef12f64be,0x924951092e1fe2ba7acd138a56b2d4c0221b4d4c3eaf796a855310531199a293
188,50000,4.77,0xd58011fee7560561c9b972ed89801ccae19195de,2017-10-28T00:04:04.000Z,0.0000954,0x341ab8f3bce026515423362b55753932d7ed8592,buy,0x4e0603e2a27a30480e5e3a4fe548e29ef12f64be,0xc1268109d3abdd8c6f294066a74c97c25504a005583d1749cb517b59ff4ae093
189,498.45479015053337,0.042428471737613396,0x2475fe4d7a9d7d2e7908baf6697b801596bf5148,2017-10-27T22:06:25.000Z,0.00008511999999999998,0x9b523cadad9e979617073e444c021bd326b74dbf,sell,0x4e0603e2a27a30480e5e3a4fe548e29ef12f64be,0x5726aaf8322e3060cb0b48d01837714a670f42eb853b0569a0710c3f8f6d622d
190,0.9948235348308809,0.000099382871129605,0x8ac89ffde2bebd99de4953ca79496b9eba08d261,2017-10-27T21:07:19.000Z,0.0000999,0x6917383c86c9923aad3ec3ac2525d0bf7329e146,buy,0x4e0603e2a27a30480e5e3a4fe548e29ef12f64be,0x30ad1292d3eb106f506f742e10608e181ad84639629d9f29a5dbb7156b8450be
191,1993.8191606021335,0.16969793639716876,0x1179d8d9034edd05d89c13b79946ccea7cd14f58,2017-10-27T19:07:43.000Z,0.000085112,0x96e1e7ba823796772bbda5c2abe81c8556b5e937,sell,0x4e0603e2a27a30480e5e3a4fe548e29ef12f64be,0x8c7be7e431fb5784dbc10e26a6f0beaa366587c2d7b01a0ac0010a58a6f32006
192,54500,5.49905,0xd58011fee7560561c9b972ed89801ccae19195de,2017-10-27T09:19:17.000Z,0.0001009,0xb74ca4a03ff67bbad27ed5707ae9c7d6c3f34cc7,buy,0x4e0603e2a27a30480e5e3a4fe548e29ef12f64be,0xa9cbcf3b74cc294ab16b8a9f96e59c85e16adaea5d2f23055219c8cd97183db6
193,30000,3.02697,0xd58011fee7560561c9b972ed89801ccae19195de,2017-10-27T09:19:14.000Z,0.000100899,0x47b64c800161cc82d81ca055a90ee5c5550ef11d,buy,0x4e0603e2a27a30480e5e3a4fe548e29ef12f64be,0xff84a407e2a8bb59f9c1dee53dbb9249ae593caeb1298a1f1c965b3a4be87dc0
194,7474,0.6360374,0x2505fc886f39398732f144154b678ee1905024c1,2017-10-27T09:05:59.000Z,0.0000851,0xa805db026319dfe8052bf1dc6fdac396be3f05fe,buy,0x4e0603e2a27a30480e5e3a4fe548e29ef12f64be,0x333233b6cf550ed4cd4069e3ddf2a112a97fdb436d789ef3df4df6c7ad860b10
195,3122.905,0.303546366,0xd58011fee7560561c9b972ed89801ccae19195de,2017-10-27T05:51:42.000Z,0.0000972,0x9b12d296a33f888e4f636107fbea1468167ff43c,buy,0x4e0603e2a27a30480e5e3a4fe548e29ef12f64be,0xf80f6be29e5624388528672dcdaa9a9d477cd0c51f381ee129f934b08f37bdff
196,245,0.0245,0xd58011fee7560561c9b972ed89801ccae19195de,2017-10-27T05:48:08.000Z,0.0001,0x0d77884f76b8c961465432ee63ef05292a063f76,buy,0x4e0603e2a27a30480e5e3a4fe548e29ef12f64be,0x706ff289270c7c94371b3789c753b0b05a5b021c196036560743e73d1b55b0f6
197,20069,1.9687689,0xd58011fee7560561c9b972ed89801ccae19195de,2017-10-27T05:46:35.000Z,0.0000981,0x046344b29c4ffcbb793c2afd416643a95f50986d,buy,0x4e0603e2a27a30480e5e3a4fe548e29ef12f64be,0xb43a731e3de231c0e12d980b9465a4afcdca566600553e192195240c39635475
198,8606,0.843379394,0xd58011fee7560561c9b972ed89801ccae19195de,2017-10-27T05:46:21.000Z,0.000097999,0xad5b3fbc469313e21efe4117627a658424091b0a,buy,0x4e0603e2a27a30480e5e3a4fe548e29ef12f64be,0x028f5bac0ba5bba13b1e9d72ff2004fb6bbd5be75767a2795da8b965393964f5
199,640,0.06272,0xd58011fee7560561c9b972ed89801ccae19195de,2017-10-27T05:46:21.000Z,0.000098,0xe0775a00891e3f5896ab55811fbc2132c7cdb842,buy,0x4e0603e2a27a30480e5e3a4fe548e29ef12f64be,0x2f81e57daf4a64fa6973f5849e05e1db4beef67db9770d732bfb315f885afabb
200,6454,0.633130946,0xd58011fee7560561c9b972ed89801ccae19195de,2017-10-27T05:46:21.000Z,0.000098099,0x1c39c4a38ced25b4cf306d0ebfbd1fdd7d33d917,buy,0x4e0603e2a27a30480e5e3a4fe548e29ef12f64be,0x3d16d557950ed25443d8be28d88fc4b3fa19db7339078e9f6dd575ab5403553a
201,14553,1.426194,0xd58011fee7560561c9b972ed89801ccae19195de,2017-10-27T05:46:21.000Z,0.000098,0xfbf7dc0756a9768d0c71aea5f8421f3b1eaee7d1,buy,0x4e0603e2a27a30480e5e3a4fe548e29ef12f64be,0x9a879cc37bd1ded24b6c11ab9decac90a5c505b4d95e8d4718d933f89414034c
202,1777.2704615691357,0.15124571627953345,0xfbf7dc0756a9768d0c71aea5f8421f3b1eaee7d1,2017-10-27T04:55:58.000Z,0.0000851,0x5557b21d19f17ea5225c76cb03327129278fd0f4,sell,0x4e0603e2a27a30480e5e3a4fe548e29ef12f64be,0x1080ef8239f0bf83b25a0045b0a7e686ebdcc808cc8de7e87a8e2933d5032b9b
203,0.28783391000903386,0.000024494665741768,0xfbf7dc0756a9768d0c71aea5f8421f3b1eaee7d1,2017-10-27T04:40:30.000Z,0.00008509999999999728,0x1fb25d2b2a1ad349021a209d44f0d1d00a8b97cd,sell,0x4e0603e2a27a30480e5e3a4fe548e29ef12f64be,0xf0103b5a5fd6e487b73cfed843a24bba50b086402ba64a1161b5ee3e3569e92b
204,2887.261951300619,0.24541784331294283,0xfeb1c0e9c3a9efc8fdf27df553dcb76082efdada,2017-10-27T04:38:32.000Z,0.00008500019999999999,0x1fb25d2b2a1ad349021a209d44f0d1d00a8b97cd,sell,0x4e0603e2a27a30480e5e3a4fe548e29ef12f64be,0x73c0468b1e93d7989d4d50b1c161b899db4bb348984311d04654d1b866428e09
205,2400,0.2042448,0x1c39c4a38ced25b4cf306d0ebfbd1fdd7d33d917,2017-10-27T04:33:00.000Z,0.000085102,0x1fb25d2b2a1ad349021a209d44f0d1d00a8b97cd,sell,0x4e0603e2a27a30480e5e3a4fe548e29ef12f64be,0x5304c1e19eb869ff5defa18cdb1c3153b24cb8d5f222260971579bea7e4225ed
206,640,0.05446464,0xe0775a00891e3f5896ab55811fbc2132c7cdb842,2017-10-27T04:33:00.000Z,0.000085101,0x1fb25d2b2a1ad349021a209d44f0d1d00a8b97cd,sell,0x4e0603e2a27a30480e5e3a4fe548e29ef12f64be,0x93d0f0a61b8f05703261c2bdd219c0afe83c8549c716c520dc41cf5f577d7763
207,12776.338521087087,1.0872664081445111,0xfbf7dc0756a9768d0c71aea5f8421f3b1eaee7d1,2017-10-27T04:32:58.000Z,0.0000851,0x1fb25d2b2a1ad349021a209d44f0d1d00a8b97cd,sell,0x4e0603e2a27a30480e5e3a4fe548e29ef12f64be,0xe10612f1ed3388668c962682c257213ceaeb8d63fc94541b6a6f01e12d05c8e4
208,1636,0.16031164,0xd58011fee7560561c9b972ed89801ccae19195de,2017-10-27T01:35:28.000Z,0.00009799,0x2475fe4d7a9d7d2e7908baf6697b801596bf5148,buy,0x4e0603e2a27a30480e5e3a4fe548e29ef12f64be,0xc9354131ef29c84b3b13fa6f6e917cf3a5eaed0afbacf9bbb2b625d287a10b4d
209,10000,0.979,0xd58011fee7560561c9b972ed89801ccae19195de,2017-10-27T01:35:03.000Z,0.0000979,0xfbf7dc0756a9768d0c71aea5f8421f3b1eaee7d1,buy,0x4e0603e2a27a30480e5e3a4fe548e29ef12f64be,0xbb7104cbd99d9bc5146a8bb5e07680bdd960154a88fbcb1f78188c1179bd79ad
210,540,0.052542,0xd58011fee7560561c9b972ed89801ccae19195de,2017-10-27T01:35:00.000Z,0.0000973,0xe0775a00891e3f5896ab55811fbc2132c7cdb842,buy,0x4e0603e2a27a30480e5e3a4fe548e29ef12f64be,0x5a1a0f1853855aa134dda3c0d1f97f04aa0934a9be1caee9bf25eee0d23faa91
211,4050,0.34425405,0x1c39c4a38ced25b4cf306d0ebfbd1fdd7d33d917,2017-10-27T01:28:43.000Z,0.000085001,0x3bb601f5b35ddd49157ac79d9aaab4aa2c2aa298,sell,0x4e0603e2a27a30480e5e3a4fe548e29ef12f64be,0x0a6b91800082c23bc77e56201b7b4ee99e848445d91ca21483b22d76f9cf1f92
212,2600,0.2288,0x38ab523d0ca6c61c8787b82274d9e827d69fee96,2017-10-27T01:07:49.000Z,0.000088,0x3bb601f5b35ddd49157ac79d9aaab4aa2c2aa298,sell,0x4e0603e2a27a30480e5e3a4fe548e29ef12f64be,0xfd076e1eacffbecf5c9c1953ea8688b99264feb2d46cbf4cd3b1137c2c5a1e21
213,0.9969095803010667,0.00008483700528362,0xb9e02382363e9536733d3a5338eaa4593320df04,2017-10-26T20:45:56.000Z,0.00008509999999999922,0xb4c432a9559a4f1464d2bff9fcbbdc14f1c39dec,sell,0x4e0603e2a27a30480e5e3a4fe548e29ef12f64be,0x06a61da00f9620c1d5c6cb0153571f303ffee0e7b7008be2b4f9e9de5fd036e6
214,100,0.009,0xa0181b284d2f0db668cc7d456da86f216241e44d,2017-10-26T19:28:29.000Z,0.00009,0xad5b3fbc469313e21efe4117627a658424091b0a,sell,0x4e0603e2a27a30480e5e3a4fe548e29ef12f64be,0x6f18532dceffc414b607d337b23977edf69fc5bd35208af825bdd2fc13dd3e3a
215,700,0.06377,0xc5812cbf8d77de5c88917732556c320164cad877,2017-10-26T19:27:26.000Z,0.0000911,0xad5b3fbc469313e21efe4117627a658424091b0a,sell,0x4e0603e2a27a30480e5e3a4fe548e29ef12f64be,0x003ea8351fb0be3935bf63c752c407ab7a52a22ac520768689e20469aa777623
216,700,0.06377,0xc5812cbf8d77de5c88917732556c320164cad877,2017-10-26T19:26:55.000Z,0.0000911,0xad5b3fbc469313e21efe4117627a658424091b0a,sell,0x4e0603e2a27a30480e5e3a4fe548e29ef12f64be,0x003ea8351fb0be3935bf63c752c407ab7a52a22ac520768689e20469aa777623
217,1800.96,0.1640854656,0x6009502524cc23d9861056a1d2b2f89603b14bbc,2017-10-26T18:33:18.000Z,0.00009111,0xdbe4ec102eb8713ef652a471cd0ca0927d2f971f,buy,0x4e0603e2a27a30480e5e3a4fe548e29ef12f64be,0xcd317b79f37d9368587bdafbacc410503fdac1679bc9ba8c5a356ecbeb6b0c54
218,100,0.0091,0xa0181b284d2f0db668cc7d456da86f216241e44d,2017-10-26T17:39:35.000Z,0.000091,0xad5b3fbc469313e21efe4117627a658424091b0a,sell,0x4e0603e2a27a30480e5e3a4fe548e29ef12f64be,0x54f359fa4885f4bf53c11f2fa3fa2b76fd6ef79444ef452d3f85d77afc40fdb1
219,490.15452098494666,0.04465797840693849,0xe0775a00891e3f5896ab55811fbc2132c7cdb842,2017-10-26T17:39:24.000Z,0.00009110999999999999,0xad5b3fbc469313e21efe4117627a658424091b0a,sell,0x4e0603e2a27a30480e5e3a4fe548e29ef12f64be,0x3aa86baa10b75a0a86f778ade7fa65be8b265230e49c690e8c3847840df0e9e4
220,27554.887,2.51052575457,0xa19dd3af5c151be661bcd0c7146828afd49940f3,2017-10-26T16:47:57.000Z,0.00009111,0x07bd6300395a71f8239fbf5c30c9d97afca2ff51,sell,0x4e0603e2a27a30480e5e3a4fe548e29ef12f64be,0x2794787f4293b85fbcf9a533e2c31da54c003d742a9771e640f1609da6d7d342
221,45483.800902411494,4.184509683021857,0xb74ca4a03ff67bbad27ed5707ae9c7d6c3f34cc7,2017-10-26T16:47:57.000Z,0.00009199999999999999,0x07bd6300395a71f8239fbf5c30c9d97afca2ff51,sell,0x4e0603e2a27a30480e5e3a4fe548e29ef12f64be,0x5faa598fbb830b510f609b75fa5b1d905e016a45936ae4239a653daf0a41b8bd
222,100,0.00921,0xa0181b284d2f0db668cc7d456da86f216241e44d,2017-10-26T16:47:57.000Z,0.0000921,0x07bd6300395a71f8239fbf5c30c9d97afca2ff51,sell,0x4e0603e2a27a30480e5e3a4fe548e29ef12f64be,0x524e94e802a0e771ea3e1ee091095c8a1ade9ede8a25710bec18d1cf1c5e814c
223,8019.199097588505,0.7377663169781424,0xb74ca4a03ff67bbad27ed5707ae9c7d6c3f34cc7,2017-10-26T16:30:00.000Z,0.00009199999999999999,0x07bd6300395a71f8239fbf5c30c9d97afca2ff51,sell,0x4e0603e2a27a30480e5e3a4fe548e29ef12f64be,0x577e530ed80f74ce38c1095356c537e8493acd06886a20f29242403877af8ee9
224,3752,0.345184,0x6917383c86c9923aad3ec3ac2525d0bf7329e146,2017-10-26T16:22:55.000Z,0.000092,0xdbe4ec102eb8713ef652a471cd0ca0927d2f971f,buy,0x4e0603e2a27a30480e5e3a4fe548e29ef12f64be,0x7908a79b24731a457126f536cf80733a5eabf494946908dc838277b4eeca4e82
225,997,0.091724,0xb74ca4a03ff67bbad27ed5707ae9c7d6c3f34cc7,2017-10-26T13:26:40.000Z,0.000092,0x273a5d3e6721b9f5c1a6474f560c1334c63dda01,sell,0x4e0603e2a27a30480e5e3a4fe548e29ef12f64be,0x7dca7991d685fc3258b0b07eeaa6086b24c6ab146f4338327cb43af09d125ca6
226,1000,0.09,0x273a5d3e6721b9f5c1a6474f560c1334c63dda01,2017-10-26T13:26:40.000Z,0.00009,0x6fcf7af8feb49f47da5b17847f61fa2d5e660dc0,buy,0x4e0603e2a27a30480e5e3a4fe548e29ef12f64be,0x7dca7991d685fc3258b0b07eeaa6086b24c6ab146f4338327cb43af09d125ca6
227,50000,5.449,0xe5a4e8bcf5e36deffc52fc42b5ae949012fc40ec,2017-10-26T12:10:21.000Z,0.00010898,0x341ab8f3bce026515423362b55753932d7ed8592,buy,0x4e0603e2a27a30480e5e3a4fe548e29ef12f64be,0x88ac2858f8b9070a75d00e21b6899b362ec8cb0febcb66b09ec215bc0d9b3b0a
228,50000,4.625,0x3cb319e3dc7432c795b70ffaa05e90ba46107305,2017-10-26T11:24:27.000Z,0.0000925,0x07bd6300395a71f8239fbf5c30c9d97afca2ff51,sell,0x4e0603e2a27a30480e5e3a4fe548e29ef12f64be,0x92d8ccd4d6c54e2a80c5f69eb85685414ebfd500ff137010affc6352c6c5cba6
229,50000,4.625,0x3cb319e3dc7432c795b70ffaa05e90ba46107305,2017-10-26T11:24:27.000Z,0.0000925,0x07bd6300395a71f8239fbf5c30c9d97afca2ff51,sell,0x4e0603e2a27a30480e5e3a4fe548e29ef12f64be,0x20ea4bc668cc8610a2ab218d1c496a9367bd312bbe6c5a9868402f93e8eff524
230,10000,0.926,0xfbf7dc0756a9768d0c71aea5f8421f3b1eaee7d1,2017-10-26T11:24:04.000Z,0.0000926,0x07bd6300395a71f8239fbf5c30c9d97afca2ff51,sell,0x4e0603e2a27a30480e5e3a4fe548e29ef12f64be,0x1be75fabfd8a439bc0748e861df5350346fde5cebe5ea3a40100a5e41680830c
231,10000,0.926666,0xad5b3fbc469313e21efe4117627a658424091b0a,2017-10-26T11:24:04.000Z,0.0000926666,0x07bd6300395a71f8239fbf5c30c9d97afca2ff51,sell,0x4e0603e2a27a30480e5e3a4fe548e29ef12f64be,0x887153015a88a60ae129436b062d5543dc63479064907db51a36acf9517c1205
232,10000,1.1998,0xd58011fee7560561c9b972ed89801ccae19195de,2017-10-26T05:47:59.000Z,0.00011998,0x47b64c800161cc82d81ca055a90ee5c5550ef11d,buy,0x4e0603e2a27a30480e5e3a4fe548e29ef12f64be,0x28c6abf9a857ff311ed4fb3534afb6a0bd5dec6dce50883fe9cfa94673b4a9c8
233,64912.8,6.8483004,0xd58011fee7560561c9b972ed89801ccae19195de,2017-10-26T05:47:39.000Z,0.0001055,0x63c852c15bdcacb1a49db5a950d64f135b718b82,buy,0x4e0603e2a27a30480e5e3a4fe548e29ef12f64be,0x300ce053074c78394e51ea279fb9ab5b40c78d38f9eb1dcc1c3812cf39733e96
234,50000,4.9833,0xd58011fee7560561c9b972ed89801ccae19195de,2017-10-26T05:42:03.000Z,0.000099666,0x3cb319e3dc7432c795b70ffaa05e90ba46107305,buy,0x4e0603e2a27a30480e5e3a4fe548e29ef12f64be,0x5cc864989bb7e3ec6991089f464df5158d786b128b0094f0c7d83ea17bfa49de
235,50000,4.9833,0xd58011fee7560561c9b972ed89801ccae19195de,2017-10-26T05:41:54.000Z,0.000099666,0x3cb319e3dc7432c795b70ffaa05e90ba46107305,buy,0x4e0603e2a27a30480e5e3a4fe548e29ef12f64be,0xba5053dad6739b13eec581464ca0076f9ec2197ecff84e9232bd885652d0761a
236,15000,1.47,0xd58011fee7560561c9b972ed89801ccae19195de,2017-10-26T05:41:45.000Z,0.000098,0xfbf7dc0756a9768d0c71aea5f8421f3b1eaee7d1,buy,0x4e0603e2a27a30480e5e3a4fe548e29ef12f64be,0xddd2a34fbda57d000f46512396fa3581cdc03037e9c52b225054aaf5741d8c7f
237,20399,2.0011419,0xd58011fee7560561c9b972ed89801ccae19195de,2017-10-26T05:41:45.000Z,0.0000981,0x1eaa18a0e964d346f2b5182be3f97d7aab5145b9,buy,0x4e0603e2a27a30480e5e3a4fe548e29ef12f64be,0x4a26973b96b77b031d379811e6161b4ac6e2c36739e91e412a9ca7280697c46a
238,2233.077459874389,0.20345568736915562,0xa19dd3af5c151be661bcd0c7146828afd49940f3,2017-10-26T05:20:24.000Z,0.00009110999999999999,0xe913c0f42fb60f85bd43bdddaf4e004135ef318c,sell,0x4e0603e2a27a30480e5e3a4fe548e29ef12f64be,0x6408a3e1acdc2072d42f0d3c33533aecd1df54a837dc60f2a427411c50f38207
239,12162.296879673013,1.1081068687070084,0xa19dd3af5c151be661bcd0c7146828afd49940f3,2017-10-26T05:18:35.000Z,0.00009110999999999999,0x24d528b8530db22c0949f28fbbbd3c1cce771633,sell,0x4e0603e2a27a30480e5e3a4fe548e29ef12f64be,0x5afb4935af424f509180446ffbfe95650037adc438b7f2fedcde32fe5d52281c
240,1949.7384630251795,0.1776406713662241,0xa19dd3af5c151be661bcd0c7146828afd49940f3,2017-10-26T03:19:31.000Z,0.00009110999999999999,0x38ab523d0ca6c61c8787b82274d9e827d69fee96,sell,0x4e0603e2a27a30480e5e3a4fe548e29ef12f64be,0x38ce9b08075d3b0cde268c53aef8bdd0da7ffbc790812f77ea7b1743dce6f9f8
241,493,0.0449123,0x6917383c86c9923aad3ec3ac2525d0bf7329e146,2017-10-25T23:49:59.000Z,0.0000911,0x05f768e2ae30d315686abe0dee4d843a8bc8cd6b,buy,0x4e0603e2a27a30480e5e3a4fe548e29ef12f64be,0xb2c0a393e82d2532d09a5e7a7482feba4786a334325bea913bdbadcb2b241116
242,4944.872116225842,0.42031511885361983,0xfeb1c0e9c3a9efc8fdf27df553dcb76082efdada,2017-10-25T23:32:58.000Z,0.00008500019999999999,0x1ed014aec47fae44c9e55bac7662c0b78ae61798,sell,0x4e0603e2a27a30480e5e3a4fe548e29ef12f64be,0x23897570c0d423f9f8e0e607cffcc073fef17c371976e4f8ee3617a536f591cf
243,49.845479015053336,0.004541421593061509,0xe0775a00891e3f5896ab55811fbc2132c7cdb842,2017-10-25T19:33:23.000Z,0.00009110999999999999,0x552be36440727a5811f1056f177638a0d59805d3,sell,0x4e0603e2a27a30480e5e3a4fe548e29ef12f64be,0x6be452a4ed06bca88837f8655b56700b31d79b31786fb4553f84ea96287db907
244,7,0.0006377,0x67c80cde9200e8fbdcbae68f4c28ab74d88db962,2017-10-25T17:16:57.000Z,0.0000911,0x05f768e2ae30d315686abe0dee4d843a8bc8cd6b,buy,0x4e0603e2a27a30480e5e3a4fe548e29ef12f64be,0x4dff23ccf908dabef9709da469b39e7983c44390440b5f50469ea692dc57704b
245,4500,0.40995,0x6009502524cc23d9861056a1d2b2f89603b14bbc,2017-10-25T17:06:14.000Z,0.0000911,0x05f768e2ae30d315686abe0dee4d843a8bc8cd6b,buy,0x4e0603e2a27a30480e5e3a4fe548e29ef12f64be,0xc1a39030289692e6f28f877f2072d8fc8399d62cbee34866d6445bfd9a1bafa3
246,7500,0.675,0x273a5d3e6721b9f5c1a6474f560c1334c63dda01,2017-10-25T16:50:10.000Z,0.00009,0x9b12d296a33f888e4f636107fbea1468167ff43c,buy,0x4e0603e2a27a30480e5e3a4fe548e29ef12f64be,0xcf7434935e8c3c1ac090d7902eeebcac377d8215d6e6a530c8babb25b7b84bfc
247,7477.5,0.68120025,0x4845d0894a3ca4c3588890fb01c2a874ca519fb2,2017-10-25T16:50:10.000Z,0.0000911,0x273a5d3e6721b9f5c1a6474f560c1334c63dda01,sell,0x4e0603e2a27a30480e5e3a4fe548e29ef12f64be,0xcf7434935e8c3c1ac090d7902eeebcac377d8215d6e6a530c8babb25b7b84bfc
248,1045.1857209705067,0.10326434923188606,0x50bd7c26c560e5ac4686069a910e3b4a287ccc00,2017-10-25T14:31:35.000Z,0.00009879999999999999,0x9b12d296a33f888e4f636107fbea1468167ff43c,sell,0x4e0603e2a27a30480e5e3a4fe548e29ef12f64be,0xe6afc71496420485b18e18f340279aa51bd4de063fa858da5027381c987813ed
249,9969.30435977917,0.984967270746182,0x50bd7c26c560e5ac4686069a910e3b4a287ccc00,2017-10-25T14:25:06.000Z,0.00009879999999999999,0xad5b3fbc469313e21efe4117627a658424091b0a,sell,0x4e0603e2a27a30480e5e3a4fe548e29ef12f64be,0x26bc55ce629a989061525977ac89287f99c4e304ba258dd9da112bb066b69300
250,10000,0.988,0x50bd7c26c560e5ac4686069a910e3b4a287ccc00,2017-10-25T14:15:40.000Z,0.0000988,0x6009502524cc23d9861056a1d2b2f89603b14bbc,sell,0x4e0603e2a27a30480e5e3a4fe548e29ef12f64be,0xf45cc6c5fb7aba6806d9a7a669ca4474ce9a9e1edfcbde27c62b8a7597856304
251,49835.509919250326,4.923748380021932,0x50bd7c26c560e5ac4686069a910e3b4a287ccc00,2017-10-25T13:56:15.000Z,0.00009879999999999999,0x341ab8f3bce026515423362b55753932d7ed8592,sell,0x4e0603e2a27a30480e5e3a4fe548e29ef12f64be,0x26ba79caa66123f2ff67806394bb648ff0c76681749cddfc1af78fa0b5c8cfef
252,400,0.0368,0x1eaa18a0e964d346f2b5182be3f97d7aab5145b9,2017-10-25T10:53:23.000Z,0.000092,0x8c7e213f635462aaa33f666b2b8b60e97643878f,buy,0x4e0603e2a27a30480e5e3a4fe548e29ef12f64be,0x469b1b6277e78dbdb6b8cd7fd10c7dca57f20b8fb441a2d5c44d8c61f9b419f2
253,8649.959,0.8105011583,0x1eaa18a0e964d346f2b5182be3f97d7aab5145b9,2017-10-25T10:41:34.000Z,0.0000937,0x07bd6300395a71f8239fbf5c30c9d97afca2ff51,sell,0x4e0603e2a27a30480e5e3a4fe548e29ef12f64be,0x208653bd0c75a88e3ba0cd27f4814354b37e10ce16f6278e3ba34752e68938e8
254,20000,1.84,0x62c7c44acec4cb01b9f17459a01954d053fdcc16,2017-10-25T10:24:35.000Z,0.000092,0x07bd6300395a71f8239fbf5c30c9d97afca2ff51,sell,0x4e0603e2a27a30480e5e3a4fe548e29ef12f64be,0xad23ead863ae65ea7a9c07934c7fab4a43a485d8fa7192a61b420019b01d60de
255,1500,0.1389,0x0ae2d2b3a41f08ea2674178a6ea95a916aef0e6b,2017-10-25T10:24:35.000Z,0.0000926,0x07bd6300395a71f8239fbf5c30c9d97afca2ff51,sell,0x4e0603e2a27a30480e5e3a4fe548e29ef12f64be,0xb27f24a1eba35528eaf391c24ace92039d6f731caac5e53023921f29b94be953
256,1636.068,0.15167986428,0x2475fe4d7a9d7d2e7908baf6697b801596bf5148,2017-10-25T10:24:13.000Z,0.00009271,0x07bd6300395a71f8239fbf5c30c9d97afca2ff51,sell,0x4e0603e2a27a30480e5e3a4fe548e29ef12f64be,0x05ad842a1b9039b103d4a651b75707e175832fdd8c9e4b0726264eb853850908
257,50000,4.6833,0x3cb319e3dc7432c795b70ffaa05e90ba46107305,2017-10-25T10:24:13.000Z,0.000093666,0x07bd6300395a71f8239fbf5c30c9d97afca2ff51,sell,0x4e0603e2a27a30480e5e3a4fe548e29ef12f64be,0x45d3920f4b24bc906dcd543189c9036d9d0161032d8ec1840ce1cb77959b1c78
258,50000,4.6833,0x3cb319e3dc7432c795b70ffaa05e90ba46107305,2017-10-25T10:24:13.000Z,0.000093666,0x07bd6300395a71f8239fbf5c30c9d97afca2ff51,sell,0x4e0603e2a27a30480e5e3a4fe548e29ef12f64be,0x0e288569edcf53a2694e00a07ec2f5a9cd7bf08579e7d12deeefaecdd0dbb912
259,10000,0.941,0x6009502524cc23d9861056a1d2b2f89603b14bbc,2017-10-25T10:23:54.000Z,0.0000941,0x07bd6300395a71f8239fbf5c30c9d97afca2ff51,sell,0x4e0603e2a27a30480e5e3a4fe548e29ef12f64be,0x1270149274db341380f0df6c58f8fd3597b6ab00741c5dc2ebb5205e1839251e
260,20000,1.88,0x62c7c44acec4cb01b9f17459a01954d053fdcc16,2017-10-25T10:23:54.000Z,0.000094,0x07bd6300395a71f8239fbf5c30c9d97afca2ff51,sell,0x4e0603e2a27a30480e5e3a4fe548e29ef12f64be,0xa55f71d28cf3dbf2b9ed738a4e77ef1462ecc64216b66066fcf17d14c6cd8270
261,10000,0.9401,0xad5b3fbc469313e21efe4117627a658424091b0a,2017-10-25T10:23:54.000Z,0.00009401,0x07bd6300395a71f8239fbf5c30c9d97afca2ff51,sell,0x4e0603e2a27a30480e5e3a4fe548e29ef12f64be,0x402334df03507ec74340dea1f3f010e2e6c02192231d7558b215525c175ffb0f
262,11181,1.0498959,0x046344b29c4ffcbb793c2afd416643a95f50986d,2017-10-25T10:23:54.000Z,0.0000939,0x07bd6300395a71f8239fbf5c30c9d97afca2ff51,sell,0x4e0603e2a27a30480e5e3a4fe548e29ef12f64be,0xc3c8999844cc1514cbb6ba355ff6fb039e1cd4eaf7484f071f5ca3c96747550f
263,18760,2.34010364,0xd58011fee7560561c9b972ed89801ccae19195de,2017-10-25T07:28:32.000Z,0.000124739,0xed089a796d2a81919e46643e7c2351aead6f1437,buy,0x4e0603e2a27a30480e5e3a4fe548e29ef12f64be,0x4f3161b2c9955a2f6119cd6af1e6ed4dd35f9ff6466afc7a7c55aa7058d7fbde
264,6039,0.75329876061,0xd58011fee7560561c9b972ed89801ccae19195de,2017-10-25T07:26:10.000Z,0.00012473899,0xad5b3fbc469313e21efe4117627a658424091b0a,buy,0x4e0603e2a27a30480e5e3a4fe548e29ef12f64be,0xfda0a42f0cab27037ef51d4aba6d973e6a9151ec02401a2e212f2127f6a4bcb2
265,9950,1.238775,0xd58011fee7560561c9b972ed89801ccae19195de,2017-10-25T07:25:59.000Z,0.0001245,0x6009502524cc23d9861056a1d2b2f89603b14bbc,buy,0x4e0603e2a27a30480e5e3a4fe548e29ef12f64be,0x4688c32584c12d7adb5af4376424443d81c7e201fd2ce16851ad3f0070d74440
266,8888,0.8345832,0x046344b29c4ffcbb793c2afd416643a95f50986d,2017-10-25T06:48:00.000Z,0.0000939,0x6009502524cc23d9861056a1d2b2f89603b14bbc,sell,0x4e0603e2a27a30480e5e3a4fe548e29ef12f64be,0xa49d36629497faa4ae99466156d2826181823e6dd9cc868b2654a7f2080a5c5a
267,1955,0.185725,0x38ab523d0ca6c61c8787b82274d9e827d69fee96,2017-10-25T05:59:23.000Z,0.000095,0xad5b3fbc469313e21efe4117627a658424091b0a,sell,0x4e0603e2a27a30480e5e3a4fe548e29ef12f64be,0x0f3753107dfbdd797d8c3fa826d2ea0bb7e16c100664b10da8f6820faf32652f
268,11350.040599121206,1.0634988041376572,0x1eaa18a0e964d346f2b5182be3f97d7aab5145b9,2017-10-25T03:52:56.000Z,0.00009369999999999999,0xb74baee18ab776e935312fdd2b1bfe95a55c6921,sell,0x4e0603e2a27a30480e5e3a4fe548e29ef12f64be,0xd2b7a4535049cd899dcd94089c97869ca94a41a68966ac69d010cb3d71159a07
269,50000,4.698,0xda896bd9e964386f7343414a646c8ef75d5ae009,2017-10-25T03:51:23.000Z,0.00009396,0xb74baee18ab776e935312fdd2b1bfe95a55c6921,sell,0x4e0603e2a27a30480e5e3a4fe548e29ef12f64be,0xd85a3b97bc3f41a3d391555bc7eb6488f0588c03108508e432418ab316cafaf4
270,5350,0.503435,0x1ae87388094c19a797b483bc893790ea785b36b1,2017-10-25T03:50:46.000Z,0.0000941,0xb74baee18ab776e935312fdd2b1bfe95a55c6921,sell,0x4e0603e2a27a30480e5e3a4fe548e29ef12f64be,0xf760ea2ead1a7a7b81c7e737c08ba727074c038f3cb04abcf3524c4166ed9337
271,15000,1.41,0xfbf7dc0756a9768d0c71aea5f8421f3b1eaee7d1,2017-10-25T03:50:46.000Z,0.000094,0xb74baee18ab776e935312fdd2b1bfe95a55c6921,sell,0x4e0603e2a27a30480e5e3a4fe548e29ef12f64be,0x723cbe4b26a20766916af1dd6b4c302e2bc7a808bf2c8273ad727d6088a532c2
272,9000,0.848331,0x47b64c800161cc82d81ca055a90ee5c5550ef11d,2017-10-25T03:50:32.000Z,0.000094259,0xb74baee18ab776e935312fdd2b1bfe95a55c6921,sell,0x4e0603e2a27a30480e5e3a4fe548e29ef12f64be,0xea96072279c88a2ed02e18f3325af1b51945bd3f725487b2d57cc86a59790954
273,8000,0.75408,0xad5b3fbc469313e21efe4117627a658424091b0a,2017-10-25T03:50:32.000Z,0.00009426,0xb74baee18ab776e935312fdd2b1bfe95a55c6921,sell,0x4e0603e2a27a30480e5e3a4fe548e29ef12f64be,0x12c6d6efa20145f8cf4f53070432efc430607edb2fe58b7fc5070fdc76d209dd
274,1000,0.094299,0x47b64c800161cc82d81ca055a90ee5c5550ef11d,2017-10-25T03:50:19.000Z,0.000094299,0xb74baee18ab776e935312fdd2b1bfe95a55c6921,sell,0x4e0603e2a27a30480e5e3a4fe548e29ef12f64be,0xbbfae77fa9631f08e1f8e3103ba652b833a0181ee6e3a289ca2682512ddacae0
275,1.0067882376913493,0.000094602856754667,0x9b12d296a33f888e4f636107fbea1468167ff43c,2017-10-25T00:40:24.000Z,0.00009396499999999936,0x9c8bc3fde6bdab4866f217d8a1cbc44f80a4e936,sell,0x4e0603e2a27a30480e5e3a4fe548e29ef12f64be,0x86cddf1f1ebc7ffa3b2e5806fd42fc1b9dd7a926bf41da7e4872d43682b18949
276,10099.092812281924,0.9489612561060711,0x9b12d296a33f888e4f636107fbea1468167ff43c,2017-10-25T00:37:30.000Z,0.00009396499999999999,0x9c8bc3fde6bdab4866f217d8a1cbc44f80a4e936,sell,0x4e0603e2a27a30480e5e3a4fe548e29ef12f64be,0x95231c68b5f606613e0da9098e45c9849e61beb1dfc09e3aaa9a6f28e081ddf0
277,0.1566115036408766,0.000014715999939614,0x9b12d296a33f888e4f636107fbea1468167ff43c,2017-10-25T00:34:15.000Z,0.00009396499999999382,0xc91ab57ef5f66c3f117540472f62178f9b565073,sell,0x4e0603e2a27a30480e5e3a4fe548e29ef12f64be,0xe513c78bd59f8204e8d015f83d0e24a77f5d0ac9dfe969f3302e0155ce0fb2e2
278,1570.969993021633,0.14761619539427773,0x9b12d296a33f888e4f636107fbea1468167ff43c,2017-10-25T00:33:40.000Z,0.00009396499999999999,0xc91ab57ef5f66c3f117540472f62178f9b565073,sell,0x4e0603e2a27a30480e5e3a4fe548e29ef12f64be,0xfa01d922a72c91c8ae10a9d0340d486f41e82eafbdd5d08f48dbaf2f1fadc7bb
279,50000,6.333,0xd58011fee7560561c9b972ed89801ccae19195de,2017-10-24T22:35:31.000Z,0.00012666,0x3cb319e3dc7432c795b70ffaa05e90ba46107305,buy,0x4e0603e2a27a30480e5e3a4fe548e29ef12f64be,0xa53ded3c873cc5dcdf93a708e88975c4655205673c877241bae7efcf1ff47a55
280,50000,6.2245,0xd58011fee7560561c9b972ed89801ccae19195de,2017-10-24T21:30:05.000Z,0.00012449,0xda896bd9e964386f7343414a646c8ef75d5ae009,buy,0x4e0603e2a27a30480e5e3a4fe548e29ef12f64be,0x2053a39e60a2298723193c4e84730a77150b57f31dc0bb69b83f14a4935772ca
281,50000,6.225,0xd58011fee7560561c9b972ed89801ccae19195de,2017-10-24T21:30:05.000Z,0.0001245,0x3cb319e3dc7432c795b70ffaa05e90ba46107305,buy,0x4e0603e2a27a30480e5e3a4fe548e29ef12f64be,0x032b1446d17851e21c13388f73503301d41117381d34c7b0c682e957b1cdbf3e
282,9837.3,1.27786527,0xd58011fee7560561c9b972ed89801ccae19195de,2017-10-24T21:30:05.000Z,0.0001299,0x766e133887556174be28be5e010c324f6195690a,buy,0x4e0603e2a27a30480e5e3a4fe548e29ef12f64be,0x462bdd3cdaf6e2f0f83dee0dbfee0e48c6dfe01928b719e17cd521a2062f8b83
283,10200,1.26888,0xd58011fee7560561c9b972ed89801ccae19195de,2017-10-24T21:29:53.000Z,0.0001244,0x2475fe4d7a9d7d2e7908baf6697b801596bf5148,buy,0x4e0603e2a27a30480e5e3a4fe548e29ef12f64be,0xd398a57028fffc060360754d3f02310881aefa809cb87fd6e6a6dcae0dee8cc5
284,10,0.001317,0x0b773d7819259d78757b26dc4148812d35676d8f,2017-10-24T17:50:08.000Z,0.0001317,0x341ab8f3bce026515423362b55753932d7ed8592,buy,0x4e0603e2a27a30480e5e3a4fe548e29ef12f64be,0xe5174ca5cec0caf7db83dd1761c192fdd6424205b75fc6507a411cdcbd2a0593
285,3001,0.273424111,0x2505fc886f39398732f144154b678ee1905024c1,2017-10-24T14:48:13.000Z,0.000091111,0x8b3d10d73b0d1cf9d16d05265599d64e33f11b45,buy,0x4e0603e2a27a30480e5e3a4fe548e29ef12f64be,0x7b25a0fd21e7b5da9b01003d8cc734399958d4444cc62340a790f187266cfe18
286,5000,0.699,0xd58011fee7560561c9b972ed89801ccae19195de,2017-10-24T11:40:01.000Z,0.0001398,0x4845d0894a3ca4c3588890fb01c2a874ca519fb2,buy,0x4e0603e2a27a30480e5e3a4fe548e29ef12f64be,0x990e74bbce73d088f2c43b079479687da94f54fd32e065e13770f0868ab2ff4d
287,0.000000000000000256,0,0x8a98535e7fb63e74f48ff9432b9d0af00a30cec2,2017-10-24T10:34:20.000Z,0,0x341ab8f3bce026515423362b55753932d7ed8592,sell,0x4e0603e2a27a30480e5e3a4fe548e29ef12f64be,0xe9267761721214beb0a1a56397f432a8ff6de6c0d0b71ee43b575d41e122103b
288,0.000000000002556788,0.000000000000000232,0xfbf7dc0756a9768d0c71aea5f8421f3b1eaee7d1,2017-10-24T10:17:47.000Z,0.00009073884889947855,0x341ab8f3bce026515423362b55753932d7ed8592,sell,0x4e0603e2a27a30480e5e3a4fe548e29ef12f64be,0xa98d10f3f37e50383bb8fbf699059b8adbd36e151f6924b60ad41043bd497e47
289,3752,0.3752,0x2505fc886f39398732f144154b678ee1905024c1,2017-10-24T09:58:42.000Z,0.0001,0x724bf8549abf4fb768ede8a525d8e4ff43c2a352,buy,0x4e0603e2a27a30480e5e3a4fe548e29ef12f64be,0x31e981b1671f2f46cd362987e0954b0661e09cf713ba857aca4aa4aff86ebe21
290,8500,1.207,0xd58011fee7560561c9b972ed89801ccae19195de,2017-10-24T09:56:38.000Z,0.000142,0x15d8f5eaa3600df506601421e637b0252d9e2aea,buy,0x4e0603e2a27a30480e5e3a4fe548e29ef12f64be,0x6a24f85b8eedb2f4ba5162e59ada897cc25a73a722bd8a6aa73c4592e3136b9d
291,13612.977,1.90581678,0xd58011fee7560561c9b972ed89801ccae19195de,2017-10-24T09:56:38.000Z,0.00014,0x9b12d296a33f888e4f636107fbea1468167ff43c,buy,0x4e0603e2a27a30480e5e3a4fe548e29ef12f64be,0x33626d616f34baf7a7c9583d772580227b188f1af2c3a5a4f8b361cc2628caca
292,0.000000025647134658,0.000000000002308242,0x8a98535e7fb63e74f48ff9432b9d0af00a30cec2,2017-10-24T09:50:25.000Z,0.0000899999953515275,0x341ab8f3bce026515423362b55753932d7ed8592,sell,0x4e0603e2a27a30480e5e3a4fe548e29ef12f64be,0x3f5cb81e297a116ef692368d33685adda342a40428acafe46f6ceb9058bdb2f8
293,10000,1.499,0xd58011fee7560561c9b972ed89801ccae19195de,2017-10-24T08:38:43.000Z,0.0001499,0x2505fc886f39398732f144154b678ee1905024c1,buy,0x4e0603e2a27a30480e5e3a4fe548e29ef12f64be,0x46c1c1f9bca7985dbd63054dd2c0f17321c3137524f8ee6c9c319098a45068f9
294,0.000257266407753141,0.000000023153976697,0x47b64c800161cc82d81ca055a90ee5c5550ef11d,2017-10-24T08:36:25.000Z,0.00008999999999695767,0x341ab8f3bce026515423362b55753932d7ed8592,sell,0x4e0603e2a27a30480e5e3a4fe548e29ef12f64be,0x473ac655b7e648f35630c7e490497c6b83e3a680a8230cabc9808c4ba571af70
295,5245,0.76477345,0xd58011fee7560561c9b972ed89801ccae19195de,2017-10-24T08:26:45.000Z,0.00014581,0xfeb1c0e9c3a9efc8fdf27df553dcb76082efdada,buy,0x4e0603e2a27a30480e5e3a4fe548e29ef12f64be,0x6fec46bee48621fdae263f8c3b293fddc1ffd2a23ea1d7e1501af58a931832d2
296,25000,3.75,0xd58011fee7560561c9b972ed89801ccae19195de,2017-10-24T08:26:45.000Z,0.00015,0x62c7c44acec4cb01b9f17459a01954d053fdcc16,buy,0x4e0603e2a27a30480e5e3a4fe548e29ef12f64be,0x68254847eb99aa07ff756e66e097f1e6427863df9542ad8c755fe9c2188d212c
297,23255.723,3.10068554759,0xd58011fee7560561c9b972ed89801ccae19195de,2017-10-24T08:26:33.000Z,0.00013333,0x004cd66d8419507fa30752e060ae59e806956b36,buy,0x4e0603e2a27a30480e5e3a4fe548e29ef12f64be,0x3dbf1b9e2ea4e15e0edc8d5c62485acca89b78b4fdf69242a885ad15abcf353e
298,25633.521940941297,3.1554865509298735,0xd58011fee7560561c9b972ed89801ccae19195de,2017-10-24T08:26:33.000Z,0.0001231,0x34a48d39fb7fcc44fe144095ed62cea21f974803,buy,0x4e0603e2a27a30480e5e3a4fe548e29ef12f64be,0x1338df702c7368472317db8acb356a3d75cc1463c6961539484cb907581f2930
299,4504.311,0.508987143,0xd58011fee7560561c9b972ed89801ccae19195de,2017-10-24T08:26:08.000Z,0.000113,0xa19dd3af5c151be661bcd0c7146828afd49940f3,buy,0x4e0603e2a27a30480e5e3a4fe548e29ef12f64be,0x86254add11b58d96fb0fd13ea80d8a517e9e0add9de93e35ab0a8befe2db17b0
300,2300,0.19389,0xd70bca39e5d99671ef6a6be62c1624df419a13c0,2017-10-24T08:24:13.000Z,0.0000843,0x5557b21d19f17ea5225c76cb03327129278fd0f4,sell,0x4e0603e2a27a30480e5e3a4fe548e29ef12f64be,0x2ac7e52124feac6f9cb47fbbbcf56bedb3a71111209e741e46e2c28b6c6717aa
301,22035.276749944696,2.9379634490701263,0xd58011fee7560561c9b972ed89801ccae19195de,2017-10-24T08:21:51.000Z,0.00013333,0x004cd66d8419507fa30752e060ae59e806956b36,buy,0x4e0603e2a27a30480e5e3a4fe548e29ef12f64be,0x558b29b74a0b5c7952c97548d28b32b462de45f6ab3523bba58d1a838989e124
302,23866.478059058703,2.9379634490701263,0xd58011fee7560561c9b972ed89801ccae19195de,2017-10-24T08:21:51.000Z,0.0001231,0x34a48d39fb7fcc44fe144095ed62cea21f974803,buy,0x4e0603e2a27a30480e5e3a4fe548e29ef12f64be,0x15f4242cecb2bc2f63be4e8853591bf2a33b4c783aff79e1e796e0cf3706260d
303,25999.676540443597,2.9379634490701263,0xd58011fee7560561c9b972ed89801ccae19195de,2017-10-24T08:21:51.000Z,0.000113,0xa19dd3af5c151be661bcd0c7146828afd49940f3,buy,0x4e0603e2a27a30480e5e3a4fe548e29ef12f64be,0x10cd5b0466a1e9af1d643dc5c2e184f0882a3e9cba88ef6ec494a7ba1aa95ce2
304,24081.667615328905,2.9379634490701263,0xd58011fee7560561c9b972ed89801ccae19195de,2017-10-24T08:21:51.000Z,0.000122,0xa19dd3af5c151be661bcd0c7146828afd49940f3,buy,0x4e0603e2a27a30480e5e3a4fe548e29ef12f64be,0xae2539bec00a4cef781b5af738f50f24e9ec22ca1ac2a961479e14402ef3c6d2
305,6887.202,0.6687473142,0xd58011fee7560561c9b972ed89801ccae19195de,2017-10-24T08:20:54.000Z,0.0000971,0x341ab8f3bce026515423362b55753932d7ed8592,buy,0x4e0603e2a27a30480e5e3a4fe548e29ef12f64be,0xd60bd9adfc8876fec57a578d9aaa108a93aeb58ccd17ede83cf92301dc38d1c5
306,5000,0.5,0xd58011fee7560561c9b972ed89801ccae19195de,2017-10-24T08:07:32.000Z,0.0001,0xde0b52b339079efc4648c61433fe6d4e2e5c7f28,buy,0x4e0603e2a27a30480e5e3a4fe548e29ef12f64be,0xe731c8ed69f201365307b89597b62dd736d91f596710e8cc9c0623c2ab36f455
307,20000,2,0xd58011fee7560561c9b972ed89801ccae19195de,2017-10-24T08:07:32.000Z,0.0001,0x4a8a2e1738c8a6fa3c2d6781f9d4fa50143d18da,buy,0x4e0603e2a27a30480e5e3a4fe548e29ef12f64be,0xd0e35f016432e22915f28a7300e69549582c54f6ffd4e9d4ea0500a4c0d32c88
308,20000,2.04,0xd58011fee7560561c9b972ed89801ccae19195de,2017-10-24T08:07:32.000Z,0.000102,0x1179d8d9034edd05d89c13b79946ccea7cd14f58,buy,0x4e0603e2a27a30480e5e3a4fe548e29ef12f64be,0x948cda2c5c12235dab9309269ff56bbd3cad6a27c5c1718a87cd4ea4a5ee2d02
309,22520,2.43216,0xd58011fee7560561c9b972ed89801ccae19195de,2017-10-24T08:07:32.000Z,0.000108,0x90c9723a91ccc0880b2b8afb5f8883ef29e5832d,buy,0x4e0603e2a27a30480e5e3a4fe548e29ef12f64be,0x1d6f499f5f10923e54fd65167bb2b5017edfb0c34eb51636fe8967833e90a5da
310,32000,3.296,0xd58011fee7560561c9b972ed89801ccae19195de,2017-10-24T08:07:32.000Z,0.000103,0xa19dd3af5c151be661bcd0c7146828afd49940f3,buy,0x4e0603e2a27a30480e5e3a4fe548e29ef12f64be,0xd6a1b07220764ce86ca5222edebf1dfc0a1d0b4153d7c5c77f54bdbf0f1c146d
311,10000,0.9999,0xd58011fee7560561c9b972ed89801ccae19195de,2017-10-24T08:06:56.000Z,0.00009999,0x47b64c800161cc82d81ca055a90ee5c5550ef11d,buy,0x4e0603e2a27a30480e5e3a4fe548e29ef12f64be,0x955c7136ef4eb14aa16030b2e6ee14e1b93db39a8c1255dee5e076c3e509a032
312,50000,4.86,0xd58011fee7560561c9b972ed89801ccae19195de,2017-10-24T08:06:56.000Z,0.0000972,0x3cb319e3dc7432c795b70ffaa05e90ba46107305,buy,0x4e0603e2a27a30480e5e3a4fe548e29ef12f64be,0x70a779c7d2dd9779a7d6a39ae027c6c67bcacc856b39da26f601e653ca3fc52c
313,34675.14786866201,3.294139047522891,0xd58011fee7560561c9b972ed89801ccae19195de,2017-10-24T08:06:42.000Z,0.000095,0x341ab8f3bce026515423362b55753932d7ed8592,buy,0x4e0603e2a27a30480e5e3a4fe548e29ef12f64be,0xf50d6260ab69dada7ae679c22f41770a02166ada470d74da0fbebcca0cd4c290
314,20000,1.92,0xd58011fee7560561c9b972ed89801ccae19195de,2017-10-24T08:06:42.000Z,0.000096,0x4a8a2e1738c8a6fa3c2d6781f9d4fa50143d18da,buy,0x4e0603e2a27a30480e5e3a4fe548e29ef12f64be,0x79994958a46752783fd988f83d07212dfdfd9afb17d1015b3f765d9c8ecd4d9c
315,15323.591602873199,1.455741202272954,0x39fd3af2734a6811224ab5a6337d40d321f66349,2017-10-24T03:35:45.000Z,0.000095,0x341ab8f3bce026515423362b55753932d7ed8592,buy,0x4e0603e2a27a30480e5e3a4fe548e29ef12f64be,0x6777277f2805656bf039f0865a4914434bdbdbfcfe01d2a7af5e940157e2b5a7
316,14520.377973703258,1.3750797941096984,0x39fd3af2734a6811224ab5a6337d40d321f66349,2017-10-24T03:33:31.000Z,0.0000947,0x341ab8f3bce026515423362b55753932d7ed8592,buy,0x4e0603e2a27a30480e5e3a4fe548e29ef12f64be,0x25753396b2528bac60c19c39853bae42bc44c9d0a151eabe2cdd59a7bcd47edd
317,30000,2.847,0x39fd3af2734a6811224ab5a6337d40d321f66349,2017-10-24T03:33:31.000Z,0.0000949,0x07bd6300395a71f8239fbf5c30c9d97afca2ff51,buy,0x4e0603e2a27a30480e5e3a4fe548e29ef12f64be,0xa133ecf59ce1c0c44a87a67d00a5e666af9fa742e4d98170329f81000261ca9f
318,3.536644938825438,0.000334920275706769,0x39fd3af2734a6811224ab5a6337d40d321f66349,2017-10-24T02:57:42.000Z,0.0000947,0x341ab8f3bce026515423362b55753932d7ed8592,buy,0x4e0603e2a27a30480e5e3a4fe548e29ef12f64be,0xb530f202c6962777e10a8dbe1e00cd63d026b31276f4f56ea69c172548d6d938
319,35476.085381357916,3.3595852856145947,0x39fd3af2734a6811224ab5a6337d40d321f66349,2017-10-24T02:57:15.000Z,0.0000947,0x341ab8f3bce026515423362b55753932d7ed8592,buy,0x4e0603e2a27a30480e5e3a4fe548e29ef12f64be,0x216943b383a380a9d6a979920babfed96afb63542215de19a50d9f792b8c2a75
320,1.2605284647916526,0.000119750204155207,0x4a8a2e1738c8a6fa3c2d6781f9d4fa50143d18da,2017-10-23T19:54:09.000Z,0.000095,0x341ab8f3bce026515423362b55753932d7ed8592,buy,0x4e0603e2a27a30480e5e3a4fe548e29ef12f64be,0x3e4aca81f29dc6a3c65bba0c8b9a6964d01ff93d004fe9b6d781f7bcd4dd85b0
321,239.258299272256,0.020145788057023228,0x6818bd375f2ab5311615907598b71e43e8499434,2017-10-23T16:26:28.000Z,0.00008420099999999999,0xba39afbbb526fe8f33fb74b04f66984333bddd2d,sell,0x4e0603e2a27a30480e5e3a4fe548e29ef12f64be,0x22a8029030b2fba99330c4263da56b5d651708ed9b93f5489b59cdc7a902fc7d
322,5731.031,0.49006046081,0x2505fc886f39398732f144154b678ee1905024c1,2017-10-23T15:37:43.000Z,0.00008551,0x07bd6300395a71f8239fbf5c30c9d97afca2ff51,sell,0x4e0603e2a27a30480e5e3a4fe548e29ef12f64be,0x1b2d70d4b79d2c322545162f692735d0eb27e408fea3e3871fd1ee4c21be6807
323,50000,4.275,0x3cb319e3dc7432c795b70ffaa05e90ba46107305,2017-10-23T15:37:43.000Z,0.0000855,0x07bd6300395a71f8239fbf5c30c9d97afca2ff51,sell,0x4e0603e2a27a30480e5e3a4fe548e29ef12f64be,0xb5bcd60c4a85582c18b303b245278fcd77794068ca0943a1a69ef72b13330eec
324,8907.887910292948,0.7617134952091499,0x2505fc886f39398732f144154b678ee1905024c1,2017-10-23T15:33:07.000Z,0.00008550999999999999,0x07bd6300395a71f8239fbf5c30c9d97afca2ff51,sell,0x4e0603e2a27a30480e5e3a4fe548e29ef12f64be,0x97ec39a6c1358140bb52f7949fe50b3d1675da605252fdd2b3d0928572ef3a7d
325,361.0806499850463,0.030876006380221307,0x2505fc886f39398732f144154b678ee1905024c1,2017-10-23T15:31:22.000Z,0.00008550999999999999,0xba555f53c9e54e9bc3a6259a7d3e0e2778c2d3c3,sell,0x4e0603e2a27a30480e5e3a4fe548e29ef12f64be,0xc61d634884fa7005138642f46cc998c4e796f10d4d640fe39f0281008b43bb9a
326,16000,1.376,0x2802756f7e5436d7cef958aa2c3e26cf6cee06a6,2017-10-23T15:19:28.000Z,0.000086,0x07bd6300395a71f8239fbf5c30c9d97afca2ff51,sell,0x4e0603e2a27a30480e5e3a4fe548e29ef12f64be,0x1f07c34635fbe2e4c867d0d1134a476189608373ecfd2bed7968fef6f5b9125b
327,22520,1.999776,0x90c9723a91ccc0880b2b8afb5f8883ef29e5832d,2017-10-23T15:19:28.000Z,0.0000888,0x07bd6300395a71f8239fbf5c30c9d97afca2ff51,sell,0x4e0603e2a27a30480e5e3a4fe548e29ef12f64be,0x884aa9d7ae9edc282be72ab2e9eae45897218c484d98406ac708b6aead1ca8e2
328,1000,0.086,0xe5ad28858161fe7dc6900a69e0cf9f5c5de17ae5,2017-10-23T15:19:28.000Z,0.000086,0x07bd6300395a71f8239fbf5c30c9d97afca2ff51,sell,0x4e0603e2a27a30480e5e3a4fe548e29ef12f64be,0x46c347855c3442f90a8b8f7df46f21587d4087ecdc735214fc55f04d4f39d715
329,528.0417097862767,0.046942908,0x8f2b29ca0be12b6f7f9cb18be2d77e6bfde7efdf,2017-10-23T15:19:26.000Z,0.00008889999999999999,0x07bd6300395a71f8239fbf5c30c9d97afca2ff51,sell,0x4e0603e2a27a30480e5e3a4fe548e29ef12f64be,0x073ddf313e6c2fecec8c18c9ef0027c743c4fb7708743dcc8fa6e5fd873bfaee
330,200,0.01776,0x8f2b29ca0be12b6f7f9cb18be2d77e6bfde7efdf,2017-10-23T15:07:49.000Z,0.0000888,0xba555f53c9e54e9bc3a6259a7d3e0e2778c2d3c3,sell,0x4e0603e2a27a30480e5e3a4fe548e29ef12f64be,0x6459d0efa1e9791b0e22bc5b908f8fd1af00531b40d2a426d8d3f3da22ed1741
331,5600,0.50462216,0x24d528b8530db22c0949f28fbbbd3c1cce771633,2017-10-23T10:35:13.000Z,0.0000901111,0x341ab8f3bce026515423362b55753932d7ed8592,sell,0x4e0603e2a27a30480e5e3a4fe548e29ef12f64be,0xd2dad93d18140e712196f632be060b6324ff776516e8feb69b45f950d0f80283
332,5600,0.50462216,0x24d528b8530db22c0949f28fbbbd3c1cce771633,2017-10-23T10:25:47.000Z,0.0000901111,0x341ab8f3bce026515423362b55753932d7ed8592,sell,0x4e0603e2a27a30480e5e3a4fe548e29ef12f64be,0x236e1565349c3cf0e10c285cb8f202bc3bd764da583767accbda208898f3e5be
333,5886.022720546944,0.5715328061651082,0xf670f88302153719199d1ae2c0949fb89c886d11,2017-10-23T09:32:28.000Z,0.0000971,0x9b12d296a33f888e4f636107fbea1468167ff43c,buy,0x4e0603e2a27a30480e5e3a4fe548e29ef12f64be,0x98f58571284171c4f50a84e421422ef497cf99a341a76bbf5c3f27a89583858b
334,9.354536950420954,0.001,0x4a57d0208164a1c1c63c75395dc444428a07b50a,2017-10-23T04:58:39.000Z,0.0001069,0x3cb319e3dc7432c795b70ffaa05e90ba46107305,buy,0x4e0603e2a27a30480e5e3a4fe548e29ef12f64be,0x29fef00f8a74551420ac1007bd8965cb2875e222249858e5cf97ea7c6d89aa93
335,0.9969095803010667,0.000088525570730734,0x1804111464a198d8b0450bdbf7cb9fd65a903baf,2017-10-23T03:46:48.000Z,0.00008879999999999927,0x7d053385a05276eedcaf706325ae34ae544741a6,sell,0x4e0603e2a27a30480e5e3a4fe548e29ef12f64be,0xbb2a2aa3e62c104bdb2effa46303d6799cacf11370ff1735b90f3f29b2cd91a0
336,500,0.05,0xd58011fee7560561c9b972ed89801ccae19195de,2017-10-22T22:22:20.000Z,0.0001,0x9b12d296a33f888e4f636107fbea1468167ff43c,buy,0x4e0603e2a27a30480e5e3a4fe548e29ef12f64be,0x960e169be437c397bcd4e7e3c526cc032c0d62e87a30156416f1043e0d243996
337,20000,1.70002,0x1179d8d9034edd05d89c13b79946ccea7cd14f58,2017-10-22T20:20:49.000Z,0.000085001,0x07bd6300395a71f8239fbf5c30c9d97afca2ff51,sell,0x4e0603e2a27a30480e5e3a4fe548e29ef12f64be,0xd7dac519aa8d4d2673b44a6f45f2c351b0bad9232d2d166f0ee6eb4a105f0237
338,150000,13.2915,0xda896bd9e964386f7343414a646c8ef75d5ae009,2017-10-22T20:20:36.000Z,0.00008861,0x07bd6300395a71f8239fbf5c30c9d97afca2ff51,sell,0x4e0603e2a27a30480e5e3a4fe548e29ef12f64be,0xcc6df486d34695a66b8742820d3c3d0f3813c2a5bd2727356751661a619572e0
339,19996.322833768205,1.6996874408702973,0x6009502524cc23d9861056a1d2b2f89603b14bbc,2017-10-22T20:20:36.000Z,0.00008499999999999999,0x07bd6300395a71f8239fbf5c30c9d97afca2ff51,sell,0x4e0603e2a27a30480e5e3a4fe548e29ef12f64be,0x809fc4ef98e4038f0eb507a8c8e8004b9c4a7bad99c4aaf751a6048125e7a1de
340,50000,4.425,0x3cb319e3dc7432c795b70ffaa05e90ba46107305,2017-10-22T20:20:36.000Z,0.0000885,0x07bd6300395a71f8239fbf5c30c9d97afca2ff51,sell,0x4e0603e2a27a30480e5e3a4fe548e29ef12f64be,0xf17627666e78bb888a8f59afefbd1b05856f10aa1d2d82800e01342747f28248
341,60000,5.16,0xf670f88302153719199d1ae2c0949fb89c886d11,2017-10-22T20:20:36.000Z,0.000086,0x07bd6300395a71f8239fbf5c30c9d97afca2ff51,sell,0x4e0603e2a27a30480e5e3a4fe548e29ef12f64be,0x01a2e14a05b6aa81d1a0ed73de78d14afca3a2e4a43929506e836d7b41dc390f
342,1,0.000103,0xe1fa699860444be91d366c21de8fef56e3dec77a,2017-10-22T18:25:36.000Z,0.000103,0x9b12d296a33f888e4f636107fbea1468167ff43c,buy,0x4e0603e2a27a30480e5e3a4fe548e29ef12f64be,0x358f522d2ec53fb9a3e0ff27a6c36afb7a4076a6774947d75de00cbf1b3b5b6d
343,3.6771662317953813,0.000312559129702607,0x6009502524cc23d9861056a1d2b2f89603b14bbc,2017-10-22T14:27:52.000Z,0.00008499999999999988,0x2a37aa5e418efbecb227f33ba02e8cd5f79e9c69,sell,0x4e0603e2a27a30480e5e3a4fe548e29ef12f64be,0x493ddf41698d5cfcecb071eebb04d4e95cfa04cb3bc66ad9bacc83786f0c14c2
344,36885.65447113947,3.0984318612301864,0xa19dd3af5c151be661bcd0c7146828afd49940f3,2017-10-22T14:20:01.000Z,0.00008400099999999998,0x2a37aa5e418efbecb227f33ba02e8cd5f79e9c69,sell,0x4e0603e2a27a30480e5e3a4fe548e29ef12f64be,0x93aba002ccf1c137ab5d15f61fbe6cebaaa383393c66a6ecc6a92129086ffa4b
345,2290,0.241363709771,0x6818bd375f2ab5311615907598b71e43e8499434,2017-10-22T12:03:34.000Z,0.0001053989999,0x1c39c4a38ced25b4cf306d0ebfbd1fdd7d33d917,buy,0x4e0603e2a27a30480e5e3a4fe548e29ef12f64be,0xb06074411a0edf46d10d2d9cf1d40c450d8cf53360d03c3d208f72c61cc0a53f
346,5.862964859761706,0.00061854279270486,0x6b37701733da891e360ba4a41774f72897b2f1fe,2017-10-22T06:47:11.000Z,0.0001055,0x63c852c15bdcacb1a49db5a950d64f135b718b82,buy,0x4e0603e2a27a30480e5e3a4fe548e29ef12f64be,0x8db59defd371bc96a3aad58317476b40e1bf4f2ab2ab6a7a6d169664803d9fc7
347,2370,0.250035,0x6b37701733da891e360ba4a41774f72897b2f1fe,2017-10-22T06:45:00.000Z,0.0001055,0x63c852c15bdcacb1a49db5a950d64f135b718b82,buy,0x4e0603e2a27a30480e5e3a4fe548e29ef12f64be,0x78ee2492dd6048fa6ee9158e7d63908ee10e241ea7113b28d7473399aaad12e0
348,4500,0.47475,0x6b37701733da891e360ba4a41774f72897b2f1fe,2017-10-22T06:43:02.000Z,0.0001055,0x63c852c15bdcacb1a49db5a950d64f135b718b82,buy,0x4e0603e2a27a30480e5e3a4fe548e29ef12f64be,0x01dc2e82e2280be1b2f0e78357f4dceaed0b677367d49edf055d84c171743984
349,1300,0.1365,0x6b37701733da891e360ba4a41774f72897b2f1fe,2017-10-22T06:41:48.000Z,0.000105,0xe0775a00891e3f5896ab55811fbc2132c7cdb842,buy,0x4e0603e2a27a30480e5e3a4fe548e29ef12f64be,0xcfd979f90656846b503d0630524631eb85b87b8b4e73d61c2ce09485aeb0f74e
350,270,0.0283473,0x6b37701733da891e360ba4a41774f72897b2f1fe,2017-10-22T06:41:48.000Z,0.00010499,0xad5b3fbc469313e21efe4117627a658424091b0a,buy,0x4e0603e2a27a30480e5e3a4fe548e29ef12f64be,0x7492b70152b976fa67a835df97e489915bad62485ce1c375cf8a34736dd5c0bd
351,19103.814637985513,1.967692907712508,0x6b37701733da891e360ba4a41774f72897b2f1fe,2017-10-22T06:39:45.000Z,0.000103,0x1eaa18a0e964d346f2b5182be3f97d7aab5145b9,buy,0x4e0603e2a27a30480e5e3a4fe548e29ef12f64be,0xaf1fb9cfb7d819fb012f3d029eac998f4abafa9878102e82e6fb1cbcbea23131
352,0.0496914355648,0.00000496914355648,0x6b37701733da891e360ba4a41774f72897b2f1fe,2017-10-22T06:13:26.000Z,0.0001,0x1eaa18a0e964d346f2b5182be3f97d7aab5145b9,buy,0x4e0603e2a27a30480e5e3a4fe548e29ef12f64be,0xa1334ba528015b25a6b60a554df78f63b10af5368837f8e9926402868002c0b4
353,498.4547901505333,0.04984547901505333,0x6b37701733da891e360ba4a41774f72897b2f1fe,2017-10-22T06:12:19.000Z,0.0001,0x1eaa18a0e964d346f2b5182be3f97d7aab5145b9,buy,0x4e0603e2a27a30480e5e3a4fe548e29ef12f64be,0x2d78778f847f6007bd8b848d5549f30994ebfd7b0bab012a4ada0eb110edadc4
354,0.3729402923026936,0.000031326984553426,0x3bb601f5b35ddd49157ac79d9aaab4aa2c2aa298,2017-10-22T03:01:43.000Z,0.00008399999999999929,0x6e3e562848dbafc6b1366afca523e54fa6811b75,sell,0x4e0603e2a27a30480e5e3a4fe548e29ef12f64be,0xcaa2592a39a44b9675c584936ddb76988d82c284ee0e73c3ef0bbbae37cd4570
355,3740.9640720883194,0.3030180898391539,0x0ddd05d6973ec7a42c120227018383f86929a617,2017-10-22T02:55:58.000Z,0.00008099999999999999,0x6e3e562848dbafc6b1366afca523e54fa6811b75,sell,0x4e0603e2a27a30480e5e3a4fe548e29ef12f64be,0x7f6f7c9a0b49ed0fec5e82e2a3404536298e949cd25e602c18fda30b29172032
356,2990,0.2691,0xd58011fee7560561c9b972ed89801ccae19195de,2017-10-22T02:55:58.000Z,0.00009,0x1eaa18a0e964d346f2b5182be3f97d7aab5145b9,buy,0x4e0603e2a27a30480e5e3a4fe548e29ef12f64be,0x8a2beb5df2b4ad8d453dfeb063f2a152f16c1fc1c6917f47c732fe89d46dfb8f
357,5610.6071179344035,0.4712909979064899,0x3bb601f5b35ddd49157ac79d9aaab4aa2c2aa298,2017-10-22T02:45:53.000Z,0.000084,0x6e3e562848dbafc6b1366afca523e54fa6811b75,sell,0x4e0603e2a27a30480e5e3a4fe548e29ef12f64be,0x337dcc88b4def1ac60e4ec7f2435eb5fd0f3d87a72d6c36265e606c10ee9f5e2
358,1093.9088824643604,0.09188834612700628,0x3bb601f5b35ddd49157ac79d9aaab4aa2c2aa298,2017-10-21T23:43:28.000Z,0.000084,0xbaa4d335be0224348375f4e2d25e8998c3ab69be,sell,0x4e0603e2a27a30480e5e3a4fe548e29ef12f64be,0xc670b3ff7b7a384cb3577996741c9e44a8981a46f3d720e24b577516a432a0e8
359,900,0.0756009,0x1c39c4a38ced25b4cf306d0ebfbd1fdd7d33d917,2017-10-21T23:37:00.000Z,0.000084001,0xbaa4d335be0224348375f4e2d25e8998c3ab69be,sell,0x4e0603e2a27a30480e5e3a4fe548e29ef12f64be,0x5e23b7c6830b2e4cfee140e5c95c6d0ca061471f02b72f4dcfe8844d4b5981bb
360,10,0.0009,0xedf5de3807d23e5d85b0caa1e10d52b85c2a6965,2017-10-21T23:28:07.000Z,0.00009,0x1eaa18a0e964d346f2b5182be3f97d7aab5145b9,buy,0x4e0603e2a27a30480e5e3a4fe548e29ef12f64be,0xd1b621768efa585998e69ee32d1f384065eb05531bf055ab53fd8dbf34a08da7
361,11256,1.23816,0xb679f03cc85b95ccfe5a6eee617b201ae1a28f04,2017-10-21T18:06:06.000Z,0.00011,0x9ea349cf62802bce84bdd565cc0050f2d13cffd4,buy,0x4e0603e2a27a30480e5e3a4fe548e29ef12f64be,0xcb2947d2cad807e7d0614993f5907b8fae8cde05f8515fc960df316ed9d9afcf
362,20,0.00196,0x1c41af6664365789956b7310fe0ff87090bd97b8,2017-10-21T16:21:57.000Z,0.000098,0xad5b3fbc469313e21efe4117627a658424091b0a,sell,0x4e0603e2a27a30480e5e3a4fe548e29ef12f64be,0x727b39e248c69feca5df29dc2ebc94b401435656f4b238b4b4cd360dae3d824e
363,10000,0.965,0x63c852c15bdcacb1a49db5a950d64f135b718b82,2017-10-21T14:56:19.000Z,0.0000965,0xad5b3fbc469313e21efe4117627a658424091b0a,sell,0x4e0603e2a27a30480e5e3a4fe548e29ef12f64be,0xecad02f10460e4b0e1bce01f02809a13b1185e01889c13c00469b9e045f042a0
364,500,0.0490005,0xe0775a00891e3f5896ab55811fbc2132c7cdb842,2017-10-21T14:55:07.000Z,0.000098001,0xad5b3fbc469313e21efe4117627a658424091b0a,sell,0x4e0603e2a27a30480e5e3a4fe548e29ef12f64be,0x21e819863949869ec270167843273ab208b71531d731e9dfe3299dfb82b326a0
365,240,0.02352,0xba39afbbb526fe8f33fb74b04f66984333bddd2d,2017-10-21T14:54:07.000Z,0.000098,0xad5b3fbc469313e21efe4117627a658424091b0a,sell,0x4e0603e2a27a30480e5e3a4fe548e29ef12f64be,0xc4e62a5f2a97b7b48b119ad381b04b51bcb66bc1fdf1dab6279e66a69ec07cb0
366,541.054,0.053023292,0xc00f582c2343cd02a202b41569756be27f6f5cf3,2017-10-21T14:52:47.000Z,0.000098,0xad5b3fbc469313e21efe4117627a658424091b0a,sell,0x4e0603e2a27a30480e5e3a4fe548e29ef12f64be,0x1b2887f4a5f8f325f44bf0e1a16ee5488f57a25d8eb12c4d5b755f59b08f3ee5
367,393.78791091248434,0.03861129845288,0x1c39c4a38ced25b4cf306d0ebfbd1fdd7d33d917,2017-10-21T14:52:09.000Z,0.00009805099999999999,0xad5b3fbc469313e21efe4117627a658424091b0a,sell,0x4e0603e2a27a30480e5e3a4fe548e29ef12f64be,0xe5426f0fb0499813ca856c1d3eec4f7603dbcce86e6e0551336f940b4a517941
368,13122.71956933506,1.2663424384408335,0x63c852c15bdcacb1a49db5a950d64f135b718b82,2017-10-21T14:37:18.000Z,0.00009649999999999999,0x757570d373ae7a3d0fa93be1407162e49605a642,sell,0x4e0603e2a27a30480e5e3a4fe548e29ef12f64be,0xf998370627859ba1ef6500c18bae24e78e131bdc8d13f70b62a538ad0a1c91ac
369,20000,1.9962,0x1eaa18a0e964d346f2b5182be3f97d7aab5145b9,2017-10-21T14:35:29.000Z,0.00009981,0x757570d373ae7a3d0fa93be1407162e49605a642,sell,0x4e0603e2a27a30480e5e3a4fe548e29ef12f64be,0xe4d2c4c88c0f8c73c2a788fe2bfe037347aee23940c798278b3cba0a386e2655
370,6000,0.58836,0xad5b3fbc469313e21efe4117627a658424091b0a,2017-10-21T14:35:29.000Z,0.00009806,0x757570d373ae7a3d0fa93be1407162e49605a642,sell,0x4e0603e2a27a30480e5e3a4fe548e29ef12f64be,0x00646ac23b63858cf428bec7b348526988d6450420b5375ea882dfc9e0ee142f
371,10200,1.0001712,0x2475fe4d7a9d7d2e7908baf6697b801596bf5148,2017-10-21T14:35:29.000Z,0.000098056,0x757570d373ae7a3d0fa93be1407162e49605a642,sell,0x4e0603e2a27a30480e5e3a4fe548e29ef12f64be,0x270739525d9db1b28e04a7ce413c923e82c145f492ae96e872e8acab4951a475
372,6000,0.59892,0xad5b3fbc469313e21efe4117627a658424091b0a,2017-10-21T14:34:59.000Z,0.00009982,0x757570d373ae7a3d0fa93be1407162e49605a642,sell,0x4e0603e2a27a30480e5e3a4fe548e29ef12f64be,0xaaf8790f2794d2836931b6f916f07db1a9121d59170de68f4e842b3135d2a8ff
373,20000,1.96112,0x9b12d296a33f888e4f636107fbea1468167ff43c,2017-10-21T12:32:21.000Z,0.000098056,0x341ab8f3bce026515423362b55753932d7ed8592,sell,0x4e0603e2a27a30480e5e3a4fe548e29ef12f64be,0xc52c5c1d3a03399d3436f9b1a7dc399901dbdf538ca1d8d10f367952efff3854
374,27396.68108945602,3.3697917740030903,0x702a81e19b322f529b165f7eeafebce7c1f416a3,2017-10-21T11:54:18.000Z,0.000123,0x1eaa18a0e964d346f2b5182be3f97d7aab5145b9,buy,0x4e0603e2a27a30480e5e3a4fe548e29ef12f64be,0xc09a10989ba98f5128c3f4b54dad70acaa23a9396609787860b5fdeb913fdab2
375,1000.917,0.1226123325,0x702a81e19b322f529b165f7eeafebce7c1f416a3,2017-10-21T11:47:41.000Z,0.0001225,0x488fd53097ac20aa367d8a53d41b97841ae225a9,buy,0x4e0603e2a27a30480e5e3a4fe548e29ef12f64be,0x0a25b9dba74b362d8fafd0a37c5381c4cece88ffa2df10890b5235c2756a1fd6
376,1,0.000123,0xb4c432a9559a4f1464d2bff9fcbbdc14f1c39dec,2017-10-21T09:42:44.000Z,0.000123,0x1eaa18a0e964d346f2b5182be3f97d7aab5145b9,buy,0x4e0603e2a27a30480e5e3a4fe548e29ef12f64be,0x9b9caee063831939394a05452975294224ad21e1dc26cb189afabef25d39624a
377,500,0.06155,0xd58011fee7560561c9b972ed89801ccae19195de,2017-10-21T09:36:34.000Z,0.0001231,0x34a48d39fb7fcc44fe144095ed62cea21f974803,buy,0x4e0603e2a27a30480e5e3a4fe548e29ef12f64be,0x080ed897c6f6e33c6f0152234c83f25d6dfa9ed7cf30e570871bad63e427f247
378,6.978124965433395,0.000683856246612472,0xc00f582c2343cd02a202b41569756be27f6f5cf3,2017-10-21T07:17:54.000Z,0.00009799999999999989,0xe718b90845bdfab7bbcbef3d878774190bd4bee8,sell,0x4e0603e2a27a30480e5e3a4fe548e29ef12f64be,0x1c6debc6f6d99693c371421ebd22120b6c1eede2a9913d5cb370b3ba4667483a
379,3500,0.426615,0xd58011fee7560561c9b972ed89801ccae19195de,2017-10-21T06:57:33.000Z,0.00012189,0x1c39c4a38ced25b4cf306d0ebfbd1fdd7d33d917,buy,0x4e0603e2a27a30480e5e3a4fe548e29ef12f64be,0xb2a8a7f3a88adeb953821298f715f94cc06865f00dc4a0a62c8c2984fe6646f5
380,700,0.08308783,0xd58011fee7560561c9b972ed89801ccae19195de,2017-10-21T06:56:08.000Z,0.0001186969,0x046344b29c4ffcbb793c2afd416643a95f50986d,buy,0x4e0603e2a27a30480e5e3a4fe548e29ef12f64be,0xcd1fac965ef21b1325aaeeafcaad1356e21634ca920a29b96bf4f976c48dec57
