,amount,amountBase,buyer,date,price,seller,side,tokenAddr,txHash
0,7,0.00070007,0xf36990a2cb4d609e0a7d4f3bf884c0342d81fd3d,2017-11-02T06:30:53.000Z,0.00010001,0x95ed59abc9ad37d34980b95b64f75b6a11a2f507,sell,0x422866a8f0b032c5cf1dfbdef31a20f4509562b0,0x244adb2434a54c417f63bd45c855e9f4adb538d66e39f00207332a597856468f
1,1,0.0005,0x3075f7f189912f4f425dd7021b9c396434197477,2017-11-02T06:18:50.000Z,0.0005,0xeae46ec3c5f204697789b090d03d2d2c72791af6,buy,0x422866a8f0b032c5cf1dfbdef31a20f4509562b0,0x0a15fe17d709746e4789264fa3458da6f33d5710e6c10c4f86e9f571bab1520d
2,1,0.0005,0x4fda9e6bcd83af6c5cc771b5d20accc2b7720074,2017-11-02T06:10:38.000Z,0.0005,0xeae46ec3c5f204697789b090d03d2d2c72791af6,buy,0x422866a8f0b032c5cf1dfbdef31a20f4509562b0,0x731f72d0df9103131655a8a330de3cf498e954a602321a8f4833fa6fe404259e
3,1,0.0005,0x42c24a83bded723edfdf5883bc7efb30bc1a1bf3,2017-10-31T03:36:38.000Z,0.0005,0xace2f0e2021ed8067a5f64eebd39bff7e67f096e,buy,0x422866a8f0b032c5cf1dfbdef31a20f4509562b0,0x1684a58f9a5fe9125a8193c6460a77b3fdcb8997431bdc8d7f8aaf15cbd31480
4,1,0.0005,0xe444a40689f51f63bcd29910622035707d533d29,2017-10-30T02:07:50.000Z,0.0005,0x7bd02d3903fa837426cd80f163efb5207f2b4195,buy,0x422866a8f0b032c5cf1dfbdef31a20f4509562b0,0x3927fb3cd63007646ee5deb1c693e8c95f11240973b733d7257d46a80f7885b5
5,1,0.0005,0xf9695cd65d6dfdf257fab76a3eb0cb8f001971cc,2017-10-30T01:52:07.000Z,0.0005,0xb4463814e14612d95827a77eca5cc01d0a52f23c,buy,0x422866a8f0b032c5cf1dfbdef31a20f4509562b0,0xc73630cb2b93abc45ebc62eb54e055bd9e281ac21cf810c3ff10929da6b6f7e2
6,1,0.0005,0x34f9560c63078eb61872a4dc2ccd20e21c34feaf,2017-10-30T01:52:07.000Z,0.0005,0x7bd02d3903fa837426cd80f163efb5207f2b4195,buy,0x422866a8f0b032c5cf1dfbdef31a20f4509562b0,0x17909271b4d80c89ce9c896223f1453a147ce1f97aa973890132e23c57a58718
7,1,0.000499999,0xe23c06e33211db0ee25fcb0d094b2085f7db5924,2017-10-29T13:58:48.000Z,0.000499999,0x7bd02d3903fa837426cd80f163efb5207f2b4195,buy,0x422866a8f0b032c5cf1dfbdef31a20f4509562b0,0x0833c57a14ddd7fd5ed13efd20f7fd3569c71e8749d5eedf19685552d475be8c
8,116,0.0348,0x5d2ba7d1f80e353b48ec8a214a21d1e3d6951a3a,2017-10-27T13:37:17.000Z,0.0003,0x9903322124677c2aaf289eec5117bfa8aeac3f42,sell,0x422866a8f0b032c5cf1dfbdef31a20f4509562b0,0x2da6ef9b2d624ee3a3ce3dbc629b22b8d035c9f8f10d34651001463ec8af1d5d
9,1,0.00051998,0x0a89dbfbbbefff2d1f744f481c01698dea995cdc,2017-10-22T18:24:44.000Z,0.00051998,0xd79aa03a0f9fd79852749a08ae804a00c82c4986,buy,0x422866a8f0b032c5cf1dfbdef31a20f4509562b0,0xed33eb0c4f05cd22a0655b74b00099f57c40a8ecc9dcfcb592480084c5dfd42b
10,1000,0.36,0xeae46ec3c5f204697789b090d03d2d2c72791af6,2017-10-20T09:18:37.000Z,0.00036,0x48eaedfa6ab55f414a433f0778f55ed9b827e822,sell,0x422866a8f0b032c5cf1dfbdef31a20f4509562b0,0xc129c2d07d05d039259aaf8dc8616d7eba72cf43d0b7b07324d2faf987fbe284
11,1,0.000529999,0x6cdea8e07bf82d7a07dbf36642d6e5be8623845c,2017-10-20T08:23:47.000Z,0.000529999,0x7bd02d3903fa837426cd80f163efb5207f2b4195,buy,0x422866a8f0b032c5cf1dfbdef31a20f4509562b0,0x47c5f3fe7eb863100a95add68c27087d0fb2a10089cba88982d778b140e1fbbe
12,3,0.001589997,0x359a434bcd08ddc98f2f0ecbf5990cf922e953e6,2017-10-19T18:57:33.000Z,0.000529999,0x7bd02d3903fa837426cd80f163efb5207f2b4195,buy,0x422866a8f0b032c5cf1dfbdef31a20f4509562b0,0xf6f2c0cf0c2f714049e62ccc64b97ae2b0bacf37e80f7ba9e081d1155b159e5d
13,1,0.000529999,0x359a434bcd08ddc98f2f0ecbf5990cf922e953e6,2017-10-19T18:51:33.000Z,0.000529999,0x7bd02d3903fa837426cd80f163efb5207f2b4195,buy,0x422866a8f0b032c5cf1dfbdef31a20f4509562b0,0x9e1d216ccabc66df3c4a752648e0d0a7f57b32882b1e4c00356e7ffb6c4e7656
14,1,0.00053,0x3ac636ac5c3a2576156ac5f10066ca68abe0ad54,2017-10-18T16:46:31.000Z,0.00053,0x013d4ee893b37a8a555a7d94e67a8d1a7ccad3f2,buy,0x422866a8f0b032c5cf1dfbdef31a20f4509562b0,0x37d8accc1cdca02580c29e0452882df3322d1806551c0d255f2ed432aa99e5ce
15,100,0.013,0xace2f0e2021ed8067a5f64eebd39bff7e67f096e,2017-10-16T09:45:13.000Z,0.00013,0x60a6772d9c1d60cb8f50aa811ad6d72eecfdae6e,sell,0x422866a8f0b032c5cf1dfbdef31a20f4509562b0,0x2c0cc55d352c5a65f11fb892c8b5a30fa9fe486afdd1767ffc059801aec079db
16,100,0.05399,0x27849f835bb345a26dffbfa7a8863c387b546730,2017-10-14T11:33:11.000Z,0.0005399,0xd79aa03a0f9fd79852749a08ae804a00c82c4986,buy,0x422866a8f0b032c5cf1dfbdef31a20f4509562b0,0xca8446a8d177e6025ec4ac8818af6e783763c361d0f2a4d2b70118224ec9509e
17,881,0.47393072664859814,0x4454847b528907f6819a6696491370060a37e5d0,2017-10-10T06:34:06.000Z,0.0005379463412583407,0x4e5fdb8a6b24429dd84d8a935059f4ed7f19a287,buy,0x422866a8f0b032c5cf1dfbdef31a20f4509562b0,0x5609b2cd566cf936c5085042e995d0421f6788f11b2336354178814b6e4a15da
18,3442,1.51448,0x843cc4a49b1ca34f1110e6c28cedbff2b714583a,2017-10-10T05:13:25.000Z,0.00044,0x755dfe72cff68f68627b7a6ce5ef96ece2bfcfdc,sell,0x422866a8f0b032c5cf1dfbdef31a20f4509562b0,0xc2ed424b7714b79ea1d330c3846762e58d9aaa5352453077eb441acd5441b431
19,350,0.188195,0xacf84ef0630f01208960764afa1317eb2187bd18,2017-10-09T22:27:04.000Z,0.0005377,0x4e5fdb8a6b24429dd84d8a935059f4ed7f19a287,buy,0x422866a8f0b032c5cf1dfbdef31a20f4509562b0,0x3d7a37419d9b5a47c1c5e986ffd0e7252cf7368fc949a9abe05aec3be7183671
20,1,0.000539,0x602dac96d8d0530148bf159acc7927f7ef09f31b,2017-10-09T00:53:51.000Z,0.000539,0x4e5fdb8a6b24429dd84d8a935059f4ed7f19a287,buy,0x422866a8f0b032c5cf1dfbdef31a20f4509562b0,0x9df28b6c00127c2b3ac68b1fab342791b652e6719b2467420af35d8b4b370cf1
21,143,0.077077,0x176b7983c61d387d075aa74d341e71d75edd9f70,2017-10-09T00:40:33.000Z,0.000539,0x4e5fdb8a6b24429dd84d8a935059f4ed7f19a287,buy,0x422866a8f0b032c5cf1dfbdef31a20f4509562b0,0xfac2275581fc8714cd107717b326110ef9b1d602b42bd2dccfda6249e93f00c0
22,623,0.27412,0x843cc4a49b1ca34f1110e6c28cedbff2b714583a,2017-10-09T00:00:33.000Z,0.00044,0x72aa078b2ee371c0939c122d6cd1c9049718cfa0,sell,0x422866a8f0b032c5cf1dfbdef31a20f4509562b0,0xd5a914e7a173318c93c208be27de0520d6ba8307d8f5f0b0a886bd80a5ceab15
23,554,0.24376,0x843cc4a49b1ca34f1110e6c28cedbff2b714583a,2017-10-08T22:58:24.000Z,0.00044,0x91e4a2c2af07a2a1ac1308a2fbf982dcc2233568,sell,0x422866a8f0b032c5cf1dfbdef31a20f4509562b0,0xe388f0e9d41cb45c960f25c1c6430cb33f0b0f2515da4d02f8deac2575d0f5a8
24,556,0.299999854,0x91e4a2c2af07a2a1ac1308a2fbf982dcc2233568,2017-10-08T22:47:21.000Z,0.0005395680827338129,0x4e5fdb8a6b24429dd84d8a935059f4ed7f19a287,buy,0x422866a8f0b032c5cf1dfbdef31a20f4509562b0,0x1c43f40c1ca13c4a046ca03127defc3cdc7befd868399c44599bbd664e25d27b
25,3,0.001617,0x78b0e4933f5b7d90102367e28efcde256998411e,2017-10-08T19:05:07.000Z,0.000539,0x4e5fdb8a6b24429dd84d8a935059f4ed7f19a287,buy,0x422866a8f0b032c5cf1dfbdef31a20f4509562b0,0x1907574994e09417a4022644b252e858dd3816573e69329e2f6f42b30a1d45bd
26,1470,0.6468,0x843cc4a49b1ca34f1110e6c28cedbff2b714583a,2017-10-08T18:12:05.000Z,0.00044,0x78b0e4933f5b7d90102367e28efcde256998411e,sell,0x422866a8f0b032c5cf1dfbdef31a20f4509562b0,0x04b02d741a809219f007fe41e7fa003e6d6ff65556997f7e37959edd216ad891
27,346,0.15224,0x843cc4a49b1ca34f1110e6c28cedbff2b714583a,2017-10-08T16:09:14.000Z,0.00044,0x6b03b0da64d6ce9e7479e5c4c4b627b74a4bf995,sell,0x422866a8f0b032c5cf1dfbdef31a20f4509562b0,0x4f9042d20cf0baeeb25fe0dfa2742af03f3428d6d84b81023c2875131714026f
28,37,0.0162837,0x5d5065b42bdee0274e394ba9042c21e1818c69cf,2017-10-08T15:51:10.000Z,0.0004401,0x6b03b0da64d6ce9e7479e5c4c4b627b74a4bf995,sell,0x422866a8f0b032c5cf1dfbdef31a20f4509562b0,0x72d71c6562c79216bbd70cbef7fe1088501fe2a6796f003bc0cc77153cd31e57
29,124,0.0558,0x64aa5de844275f1b2072e2008ace2e783d3378d8,2017-10-08T15:49:45.000Z,0.00045,0x6b03b0da64d6ce9e7479e5c4c4b627b74a4bf995,sell,0x422866a8f0b032c5cf1dfbdef31a20f4509562b0,0x922ced68bd81b3d762c6e8e1f0651cce451b4a31efe5e07a76cfeff61018823c
30,180,0.081,0x64aa5de844275f1b2072e2008ace2e783d3378d8,2017-10-08T06:48:50.000Z,0.00045,0xe26c747a4f6b45e0f82a9e91bb1591ebc0237b09,sell,0x422866a8f0b032c5cf1dfbdef31a20f4509562b0,0xb435c07ac9fabe61493e6ed946d486f5fff56afd6724f2a89a495c68f30869e7
31,30,0.01614,0x7add1decc8a22741d9b83e5e8711fafc59956c23,2017-10-08T03:16:03.000Z,0.000538,0xace2f0e2021ed8067a5f64eebd39bff7e67f096e,buy,0x422866a8f0b032c5cf1dfbdef31a20f4509562b0,0xd25bc2e501a717e7d95d0e4c7fe901617f69eee9a46cc6f662e068d17ef5cb08
32,200,0.09002,0x64aa5de844275f1b2072e2008ace2e783d3378d8,2017-10-07T19:05:40.000Z,0.0004501,0xa7de9eb0c3713af8cdef784461da64daadc4cf15,buy,0x422866a8f0b032c5cf1dfbdef31a20f4509562b0,0xb674df8f30ebe9b1416ac4c9f4174157b5c36dbbee3f77b2362d79298698867c
33,1,0.00045,0x64aa5de844275f1b2072e2008ace2e783d3378d8,2017-10-07T16:42:50.000Z,0.00045,0x1e5d8f7677d288bb94b015d3a5844a062a6ee9a7,sell,0x422866a8f0b032c5cf1dfbdef31a20f4509562b0,0x934045e27ab5f4406668570ba043ba0a24db262b1c3c188f3a63aa8d4b049336
34,7476,3.25206,0x843cc4a49b1ca34f1110e6c28cedbff2b714583a,2017-10-07T16:35:32.000Z,0.000435,0x1e5d8f7677d288bb94b015d3a5844a062a6ee9a7,sell,0x422866a8f0b032c5cf1dfbdef31a20f4509562b0,0x52015b23bac74e0aa18d6807f17d60803b26ac3b7a1c05999669e9075b13df69
35,50,0.02695,0x94ae35eccb921899916b6dd57beefe58e14bd02c,2017-10-07T03:25:52.000Z,0.000539,0x4e5fdb8a6b24429dd84d8a935059f4ed7f19a287,buy,0x422866a8f0b032c5cf1dfbdef31a20f4509562b0,0xc21aac93c1379e86a939d2097ffdd3e34c80558b53a66cc7abd27caa7d61ae47
36,206,0.10712,0x64aa5de844275f1b2072e2008ace2e783d3378d8,2017-10-06T06:09:43.000Z,0.00052,0x672ecc24c68d4efb455c3524bfd0885aab32f912,buy,0x422866a8f0b032c5cf1dfbdef31a20f4509562b0,0xe77057b7c7c28b97f1e4e72ae9d700ed32c86efd18d2cecb99a0500ecca31c64
37,2,0.0008802,0x3e29e9266d163f6b28e119f7c1efabb683e76968,2017-10-05T15:06:18.000Z,0.0004401,0xa6611484565198f05b2819b689f685f08abc063c,sell,0x422866a8f0b032c5cf1dfbdef31a20f4509562b0,0xa71b249adeb5d9390238197d4934f486d95fed53b9e096701c78cd378c394ff7
38,1000,0.4878,0x25cb0ecbc7f8b7844531df9d137dcb594080a311,2017-10-05T09:48:14.000Z,0.0004878,0xd79aa03a0f9fd79852749a08ae804a00c82c4986,buy,0x422866a8f0b032c5cf1dfbdef31a20f4509562b0,0xa828ac0e2532edb906770b5c21279e0bcdabe96f8ad79db6d85365f458ca5183
39,1072,0.522758433,0x25cb0ecbc7f8b7844531df9d137dcb594080a311,2017-10-05T09:46:54.000Z,0.0004876477919776119,0xd79aa03a0f9fd79852749a08ae804a00c82c4986,buy,0x422866a8f0b032c5cf1dfbdef31a20f4509562b0,0x2233bb279b0d1414be48daa5ca6647a51f69b72a099e64023b389705ca93d28e
40,2977,1.4480128,0x25cb0ecbc7f8b7844531df9d137dcb594080a311,2017-10-05T09:46:20.000Z,0.0004864,0x393df2458ea868822d148552f18be12d18904f35,buy,0x422866a8f0b032c5cf1dfbdef31a20f4509562b0,0x4850950066b4717ed366a1bd1fbb5c9abe5966de65e87f6e3cacf7f6ca18d341
41,1993,0.876941923,0x3dee4a4e076e8d82859d241db0baf46f112cfa23,2017-10-05T05:51:24.000Z,0.000440011,0x3bf6e8e9759fe42f1f1a43a2d30fad255dec01fe,sell,0x422866a8f0b032c5cf1dfbdef31a20f4509562b0,0x7662fc882dce6eb23640b7057ecce69a74cd2e22da78da2d6837bfbe039fdea9
42,2061,0.908925732,0x3dee4a4e076e8d82859d241db0baf46f112cfa23,2017-10-03T00:55:22.000Z,0.000441012,0xba9a7bf08aad49e3c46a6a9cef85ecc42b0b1cfb,sell,0x422866a8f0b032c5cf1dfbdef31a20f4509562b0,0x7d342d28bf8017d7b2e7900e874b61aeb24fc3a54462fe8d11f9e74993e0df30
43,431,0.194381,0x98563de0c697d9b02deaa221f91daac242112e9f,2017-10-03T00:39:59.000Z,0.000451,0xba9a7bf08aad49e3c46a6a9cef85ecc42b0b1cfb,sell,0x422866a8f0b032c5cf1dfbdef31a20f4509562b0,0x76de78de0c61a7ed1b75d84e1218f2b4a103147c53178fd10b7e723a78db567e
44,1984,0.9670967146632667,0x1a6b3ff9c17ba22980281cf2a5fa829b994bbd20,2017-10-02T16:52:31.000Z,0.00048744794085850136,0xd79aa03a0f9fd79852749a08ae804a00c82c4986,buy,0x422866a8f0b032c5cf1dfbdef31a20f4509562b0,0xdc0a77c006c83324b63c40c2f7184ed1b0966de376ef1495767768a456bb7fdb
45,1943,0.9471447872284652,0x1a6b3ff9c17ba22980281cf2a5fa829b994bbd20,2017-10-02T15:34:25.000Z,0.0004874651504006511,0xd79aa03a0f9fd79852749a08ae804a00c82c4986,buy,0x422866a8f0b032c5cf1dfbdef31a20f4509562b0,0x7911c544fff592ea9c3ea2fd80a6aa0aa8ff04ec8586d2e2e360736d962ec9ce
46,370,0.16687,0x98563de0c697d9b02deaa221f91daac242112e9f,2017-10-02T13:01:44.000Z,0.000451,0x7791f89e603835a6d67939712cfad31db6a1b94c,sell,0x422866a8f0b032c5cf1dfbdef31a20f4509562b0,0x20c41fc4fc3f6971ec2359afb44040b18e73ea96c2eeab5de0bdf19b09d8df24
47,36,0.017568,0x6ef505f21b8a82a3de1b28878b56344a9375e0df,2017-10-02T12:56:54.000Z,0.000488,0x7791f89e603835a6d67939712cfad31db6a1b94c,sell,0x422866a8f0b032c5cf1dfbdef31a20f4509562b0,0x9b0c0d6ff797e554fec98ac43066504cd66bd0c9ed95f178861e765dcd8f5e64
48,635,0.3099167538647764,0x7791f89e603835a6d67939712cfad31db6a1b94c,2017-10-02T12:38:25.000Z,0.0004880578801020101,0x4e5fdb8a6b24429dd84d8a935059f4ed7f19a287,buy,0x422866a8f0b032c5cf1dfbdef31a20f4509562b0,0xc8bc4da8dc020b373bea28d1b10a0c7741ece2b67b0166c97c783c92273fd8af
49,340,0.16592,0x7791f89e603835a6d67939712cfad31db6a1b94c,2017-10-02T12:28:38.000Z,0.000488,0x4e5fdb8a6b24429dd84d8a935059f4ed7f19a287,buy,0x422866a8f0b032c5cf1dfbdef31a20f4509562b0,0x62768b26716721a395eac7c1670ac1f54a3f13ee5a094377b8b69eda8a93d8e6
50,463,0.226163112,0x3e29e9266d163f6b28e119f7c1efabb683e76968,2017-10-01T22:09:12.000Z,0.0004884732440604752,0x4e5fdb8a6b24429dd84d8a935059f4ed7f19a287,buy,0x422866a8f0b032c5cf1dfbdef31a20f4509562b0,0x11686d0aaa4d6dfe9d370337430a72e430009697a61ba40a634da6a13d69edd5
51,4780,2.333000144,0x2559e8f91fce20a5436ae4d20e3b3cc736fbd8cf,2017-10-01T12:10:40.000Z,0.0004880753439330544,0x4e5fdb8a6b24429dd84d8a935059f4ed7f19a287,buy,0x422866a8f0b032c5cf1dfbdef31a20f4509562b0,0x2e049dbd6b619252e5a348395277c2b9a88f6060d085693a8384b649595a76e7
52,286,0.13754446765446127,0x21c85f9fe0abfbc4e7aa1236c36f2b6dc6abc7b4,2017-10-01T05:30:44.000Z,0.00048092471207853587,0x37235352feb52fa454400abfe3905bc42204104d,buy,0x422866a8f0b032c5cf1dfbdef31a20f4509562b0,0x9901468169cd6e518470d0dc6525597d2d00e0c72079ba4d0af786eb33a13295
53,1,0.000451,0x98563de0c697d9b02deaa221f91daac242112e9f,2017-09-30T13:51:28.000Z,0.000451,0x4d8063b39be029c9cd2f9d1e2e19d04ca2ce4a27,sell,0x422866a8f0b032c5cf1dfbdef31a20f4509562b0,0x10bfcbfb8065c437d7020814cfc56b867254d3e63d6525df5fa8a7a321efb5dc
54,998,0.450098,0x98563de0c697d9b02deaa221f91daac242112e9f,2017-09-30T13:45:30.000Z,0.000451,0x4d8063b39be029c9cd2f9d1e2e19d04ca2ce4a27,sell,0x422866a8f0b032c5cf1dfbdef31a20f4509562b0,0xce178ada11c5dc586800316c225a3db65a5c257085f3a23a036b012528267b92
55,1,0.000489,0x58319288a01eff24620ee5237315f9e1e9dc0e36,2017-09-29T19:48:14.000Z,0.000489,0x4e5fdb8a6b24429dd84d8a935059f4ed7f19a287,buy,0x422866a8f0b032c5cf1dfbdef31a20f4509562b0,0xa37a254a22d4c0163322e4b10ce94ae9864952fc455a3d5a6c27b71c652bfe1c
56,2038,0.996930846295904,0x548cab36b9c0de476d0415437b44a1e7f00210f7,2017-09-28T20:31:41.000Z,0.0004891711709008361,0x4e5fdb8a6b24429dd84d8a935059f4ed7f19a287,buy,0x422866a8f0b032c5cf1dfbdef31a20f4509562b0,0x929ca3eb5fcefa901fb274edea2891c664fc8c3fb01724d2d6bebf1efb202560
57,1,0.00049,0x0249924245a19aa2d7f5ddb0739a7132b7d094ab,2017-09-28T19:06:37.000Z,0.00049,0x4e5fdb8a6b24429dd84d8a935059f4ed7f19a287,buy,0x422866a8f0b032c5cf1dfbdef31a20f4509562b0,0x91d1d2f41fac8a53a0b3857acd2fc4868e8fed84c7252253c96bec1c8766a235
58,2077,0.9971750523455387,0x548cab36b9c0de476d0415437b44a1e7f00210f7,2017-09-28T18:01:46.000Z,0.00048010353988711544,0x37235352feb52fa454400abfe3905bc42204104d,buy,0x422866a8f0b032c5cf1dfbdef31a20f4509562b0,0x5ad01e74db3ab240ef6ed8fb3e93ca17820f7670d082ff6fd3fd089921805dcf
59,1,0.000489,0x58319288a01eff24620ee5237315f9e1e9dc0e36,2017-09-28T10:09:10.000Z,0.000489,0x4e5fdb8a6b24429dd84d8a935059f4ed7f19a287,buy,0x422866a8f0b032c5cf1dfbdef31a20f4509562b0,0x14b2100150318c2cab2f1d579d70622a8379df2c915d6bbb8cfaaa5db88741e3
60,521,0.229761,0x98563de0c697d9b02deaa221f91daac242112e9f,2017-09-28T05:08:40.000Z,0.000441,0x1ed014aec47fae44c9e55bac7662c0b78ae61798,sell,0x422866a8f0b032c5cf1dfbdef31a20f4509562b0,0x78429c2f4cf97248c51311a0e749535399eb5432f09eec362e4b98b8f299e59b
61,1,0.000489,0xa0be78d2bac6a692adba423c7af50ec86a18bddf,2017-09-28T04:36:10.000Z,0.000489,0x4e5fdb8a6b24429dd84d8a935059f4ed7f19a287,buy,0x422866a8f0b032c5cf1dfbdef31a20f4509562b0,0x6699effe133c12b5e5be28ba4c9cda37a8352bc052489136339101b8e386ea6b
62,6951,3.3160839225321053,0x843cc4a49b1ca34f1110e6c28cedbff2b714583a,2017-09-27T20:16:25.000Z,0.00047706573479098044,0x4e5fdb8a6b24429dd84d8a935059f4ed7f19a287,buy,0x422866a8f0b032c5cf1dfbdef31a20f4509562b0,0xb7d3eaad65a85aece85ff964c36235977179ef77d240ea0ba9d027e6e3dfb4e3
63,48,0.02291607209799,0x6b87d3561e5bcc36634cffbff2f7359d9ffa4997,2017-09-27T17:31:40.000Z,0.000477418168708125,0x4e5fdb8a6b24429dd84d8a935059f4ed7f19a287,buy,0x422866a8f0b032c5cf1dfbdef31a20f4509562b0,0x8217fdd0b5f188e812ee870fe37359026891885372eb14192e05094f0893f863
64,14956,6.58064,0x843cc4a49b1ca34f1110e6c28cedbff2b714583a,2017-09-25T06:30:36.000Z,0.00044,0xa6611484565198f05b2819b689f685f08abc063c,sell,0x422866a8f0b032c5cf1dfbdef31a20f4509562b0,0x329a656a6ea56281928e7d5069a2ab4de6e310c183f25c62f3107450430a8f13
65,295,0.1298,0x843cc4a49b1ca34f1110e6c28cedbff2b714583a,2017-09-24T21:48:18.000Z,0.00044,0xcb9e709a965fab8ebab70fc51281f7d7218d1bf5,sell,0x422866a8f0b032c5cf1dfbdef31a20f4509562b0,0x81cada2773cc9d085cbaaef6d513cceb122294993f8d085b58d92104823b4d46
66,11000,4.84,0xf73866a0ce96947b13fff5a27555ef39af687010,2017-09-24T17:40:09.000Z,0.00044,0x56fa364f649bc9fea1b54429ecc9f44d1a8ada4b,buy,0x422866a8f0b032c5cf1dfbdef31a20f4509562b0,0x0b1b0f53ecd3b7a38f775380c974f9175434d7555d7e66981c31375ef566a6c3
67,12000,5.28,0xf73866a0ce96947b13fff5a27555ef39af687010,2017-09-24T17:30:38.000Z,0.00044,0x56fa364f649bc9fea1b54429ecc9f44d1a8ada4b,buy,0x422866a8f0b032c5cf1dfbdef31a20f4509562b0,0x82143c79277ae4c56fb763ea645668e15c32026f28d14ff5840fb29c8e89058a
68,1014,0.44616,0x843cc4a49b1ca34f1110e6c28cedbff2b714583a,2017-09-24T15:27:15.000Z,0.00044,0xa5c47c2500996a6aa03fa50a9550996d51c05813,sell,0x422866a8f0b032c5cf1dfbdef31a20f4509562b0,0xc7592d0d96b5b16010f8d67cfc5faeb2dcb35250769b271328d339e3c0146194
69,55,0.0296395,0x843cc4a49b1ca34f1110e6c28cedbff2b714583a,2017-09-24T08:20:10.000Z,0.0005389,0x3e246d0453d08ea726a39560ede13551bb73dfb4,buy,0x422866a8f0b032c5cf1dfbdef31a20f4509562b0,0x7cd011ce700ce8c22122843fd0df1b75b5e07ef883c5ac2f27752e8e5b0207d9
70,4000,0.412,0x153685a03c2025b6825ae164e2ff5681ee487667,2017-09-24T04:42:26.000Z,0.000103,0xcb9e709a965fab8ebab70fc51281f7d7218d1bf5,sell,0x422866a8f0b032c5cf1dfbdef31a20f4509562b0,0xb5506bcab772b54475810fbbdeff9d40b14c310aa416f832f3a6cb7e3ce04261
71,1937,0.85228,0x843cc4a49b1ca34f1110e6c28cedbff2b714583a,2017-09-24T04:31:32.000Z,0.00044,0xcb9e709a965fab8ebab70fc51281f7d7218d1bf5,sell,0x422866a8f0b032c5cf1dfbdef31a20f4509562b0,0x2a2f064195ea2db7e04e88f2d84310f9b906f407e05111edf0e2dd07dd2087c2
72,1,0.0005398,0x0de40728663b8e2a9b116a95c1a1ab0166979461,2017-09-24T03:16:16.000Z,0.0005398,0xd79aa03a0f9fd79852749a08ae804a00c82c4986,buy,0x422866a8f0b032c5cf1dfbdef31a20f4509562b0,0xa16ee7cdf1cbbabab1864e7fb7a32ab700fef6c8ad933e91d87c2fb3e447ea7e
73,14954,6.57976,0x843cc4a49b1ca34f1110e6c28cedbff2b714583a,2017-09-23T22:19:07.000Z,0.00044,0xa6611484565198f05b2819b689f685f08abc063c,sell,0x422866a8f0b032c5cf1dfbdef31a20f4509562b0,0xaf5c26e8e7bb4c7538f90e47c751b49e79b78a18cd959f796775fd17c6ec33dd
74,422,0.2282829949383337,0x6b03b0da64d6ce9e7479e5c4c4b627b74a4bf995,2017-09-23T21:42:54.000Z,0.0005409549643088477,0xd79aa03a0f9fd79852749a08ae804a00c82c4986,buy,0x422866a8f0b032c5cf1dfbdef31a20f4509562b0,0x5f6500ef7eabe03feb3bc4089ffa93f318c830ee425dbbdab0c2bde61e240520
75,87,0.0469539,0x6b03b0da64d6ce9e7479e5c4c4b627b74a4bf995,2017-09-23T21:16:00.000Z,0.0005397,0x28fc50a4088f19e18ec8272f5a3fcd035bc2cbe5,buy,0x422866a8f0b032c5cf1dfbdef31a20f4509562b0,0xf7a48e240aa96059018f4ebc796c122c398bd5001960378b61d31cbd702c55b8
76,1296,0.57024,0x843cc4a49b1ca34f1110e6c28cedbff2b714583a,2017-09-23T05:29:34.000Z,0.00044,0x4d8063b39be029c9cd2f9d1e2e19d04ca2ce4a27,sell,0x422866a8f0b032c5cf1dfbdef31a20f4509562b0,0x306dd28115f80feec8710262779b8dc5fec86297522fecec4945d67ea81fe55c
77,697,0.30668,0x843cc4a49b1ca34f1110e6c28cedbff2b714583a,2017-09-23T05:22:19.000Z,0.00044,0x4d8063b39be029c9cd2f9d1e2e19d04ca2ce4a27,sell,0x422866a8f0b032c5cf1dfbdef31a20f4509562b0,0x1f0308871fcbaebc76fc23343a00b60fd37c189b8b2cb386159c831f4376169c
78,1,0.00100008,0x19b78488b79c6a45d4e060f05a2b35c4873f25c5,2017-09-21T21:47:44.000Z,0.00100008,0x3e246d0453d08ea726a39560ede13551bb73dfb4,buy,0x422866a8f0b032c5cf1dfbdef31a20f4509562b0,0x6cee9a71cac7722073edcff8655f0f0c64398de2c71c4fce0e16463da3c9ba7b
79,5,0.00300024,0x323aa94f92121ee3ba173cce400d1abe8f316ad4,2017-09-21T02:56:37.000Z,0.000600048,0x3e246d0453d08ea726a39560ede13551bb73dfb4,buy,0x422866a8f0b032c5cf1dfbdef31a20f4509562b0,0x85dcd72220b364266c887c055a6a708f85005087ae175aafa485752b3913e24a
80,9,0.0048501,0xf669cc2cb12a2586de967728421ec442b6a7a061,2017-09-19T23:40:01.000Z,0.0005389,0x3e246d0453d08ea726a39560ede13551bb73dfb4,buy,0x422866a8f0b032c5cf1dfbdef31a20f4509562b0,0xbd56da6c485dfd80a90cdac67ab3fcc7b11b291a49de928d4aee4c94d0b6afde
81,1,0.0005389,0xf669cc2cb12a2586de967728421ec442b6a7a061,2017-09-19T22:35:24.000Z,0.0005389,0x3e246d0453d08ea726a39560ede13551bb73dfb4,buy,0x422866a8f0b032c5cf1dfbdef31a20f4509562b0,0x5074ca61dc1eeb059994ab9f2815fea10d8db713f2d69e611cb1c9709e9991ee
82,1000,0.551,0x5acca8e15f3ab7a93e49e77487e1e4e623b94148,2017-09-18T18:40:45.000Z,0.000551,0x843cc4a49b1ca34f1110e6c28cedbff2b714583a,buy,0x422866a8f0b032c5cf1dfbdef31a20f4509562b0,0xd867a63a5528e509314b4750540d1a24b84f47134e0aa4d88d41ae705dc8a19b
83,111,0.059718,0x4b6bbd7521586eaa26bb2730b531a1c54c9eb038,2017-09-18T18:14:44.000Z,0.000538,0xace2f0e2021ed8067a5f64eebd39bff7e67f096e,buy,0x422866a8f0b032c5cf1dfbdef31a20f4509562b0,0xc9fe75932d14d5b8a564d1aa855c53384b1ec9b05c118b1fcb9aa137fbd605f6
84,88,0.0478516598544512,0x60a6772d9c1d60cb8f50aa811ad6d72eecfdae6e,2017-09-18T10:18:39.000Z,0.0005437688619824,0xace2f0e2021ed8067a5f64eebd39bff7e67f096e,buy,0x422866a8f0b032c5cf1dfbdef31a20f4509562b0,0xcd59fa33e21843204c920151ebf80943b94d6bf65a7900a898a800573ff1b11a
85,13,0.007599558082916128,0x60a6772d9c1d60cb8f50aa811ad6d72eecfdae6e,2017-09-18T09:58:47.000Z,0.0005845813909935483,0x28fc50a4088f19e18ec8272f5a3fcd035bc2cbe5,buy,0x422866a8f0b032c5cf1dfbdef31a20f4509562b0,0x7411b3d032e3d2c3d8dde710f52b2bc644db1c0d1c2dfe8d2c441ce940ebc3e0
86,89,0.03916,0x153685a03c2025b6825ae164e2ff5681ee487667,2017-09-16T14:45:02.000Z,0.00044,0xfaf996b9319c8edf3239d82b870b8e0c029fdf7c,buy,0x422866a8f0b032c5cf1dfbdef31a20f4509562b0,0xfc38d2630c4ee28adc6f136212d4f8b88ee0e57a4b394f074a529524aa198311
87,1349,0.59356,0x7aa6e2506316f6d613277d4f2f4e4e1dc55e528e,2017-09-16T11:51:40.000Z,0.00044,0xfaf996b9319c8edf3239d82b870b8e0c029fdf7c,buy,0x422866a8f0b032c5cf1dfbdef31a20f4509562b0,0xdfbbbf8182a6dbb4740882ff23cfe69174eb5bf412d780aee80e91c52dacbfbb
88,1344,0.6048,0x843cc4a49b1ca34f1110e6c28cedbff2b714583a,2017-09-16T11:51:40.000Z,0.00045,0x7aa6e2506316f6d613277d4f2f4e4e1dc55e528e,sell,0x422866a8f0b032c5cf1dfbdef31a20f4509562b0,0xdfbbbf8182a6dbb4740882ff23cfe69174eb5bf412d780aee80e91c52dacbfbb
89,51,0.02244,0x7aa6e2506316f6d613277d4f2f4e4e1dc55e528e,2017-09-16T11:49:02.000Z,0.00044,0xfaf996b9319c8edf3239d82b870b8e0c029fdf7c,buy,0x422866a8f0b032c5cf1dfbdef31a20f4509562b0,0xcdea55fb36b9edf78ef0fc8f7af29553b22d4d9c2551fd35c4ce11a96b0937c3
90,50,0.0242475,0x61c9f4cca679b4e1bf27f2f24291431ba55f5992,2017-09-16T11:49:02.000Z,0.00048495,0x7aa6e2506316f6d613277d4f2f4e4e1dc55e528e,sell,0x422866a8f0b032c5cf1dfbdef31a20f4509562b0,0xcdea55fb36b9edf78ef0fc8f7af29553b22d4d9c2551fd35c4ce11a96b0937c3
91,1507,0.6270247236,0xf187eb34073c29ed27a39fb07f3cdd5ad75c99be,2017-09-16T10:56:46.000Z,0.0004160748,0xfaf996b9319c8edf3239d82b870b8e0c029fdf7c,sell,0x422866a8f0b032c5cf1dfbdef31a20f4509562b0,0x24c3f0eeff17bfecf84ec6dc2c4851cf28da90cf7ccbe1d41dfe135b1eca73ed
92,1495,0.687701495,0xf73866a0ce96947b13fff5a27555ef39af687010,2017-09-14T23:21:36.000Z,0.000460001,0x6c12fbd5a0dd2278d5a42f08d66d5abe04c97f88,sell,0x422866a8f0b032c5cf1dfbdef31a20f4509562b0,0x0a83e871da8104bacfdbb644c0897a34de03e8a7e52e27b77c5fcd5438df90f1
93,100,0.0450003,0x28fc50a4088f19e18ec8272f5a3fcd035bc2cbe5,2017-09-13T07:45:19.000Z,0.000450003,0x26554809c4c63ee939a78edb189d5c4508f8d4b1,sell,0x422866a8f0b032c5cf1dfbdef31a20f4509562b0,0x34ed7a09f59d3269843b62d88f491cd6108a03eb14639da512ca92886d9f9ccc
94,100,0.055,0x3a976fef9e8613b11f92dc9586e953d044b6bf52,2017-09-13T06:02:53.000Z,0.00055,0x843cc4a49b1ca34f1110e6c28cedbff2b714583a,buy,0x422866a8f0b032c5cf1dfbdef31a20f4509562b0,0xdef44ac8c7b7c751e5deea05c751e4b5c43284216232cf69492620af8dc28871
95,1,0.00055,0xd6f29f2fb0a1dc783aeab42ce7ce9276f8e14a54,2017-09-13T02:23:34.000Z,0.00055,0x843cc4a49b1ca34f1110e6c28cedbff2b714583a,buy,0x422866a8f0b032c5cf1dfbdef31a20f4509562b0,0x9a5afd04f2a5e46031f284b64cb521e4c157362aa71a5faf8ab79fcb26ca9c5b
96,5962,2.6829,0x843cc4a49b1ca34f1110e6c28cedbff2b714583a,2017-09-12T19:04:58.000Z,0.00045,0xf8d6ec5ec6c6c1870a46835f8f083bc8ed794c40,sell,0x422866a8f0b032c5cf1dfbdef31a20f4509562b0,0x3204f1597089c111b3c2d2fb6b3dcdd28cee7cb2aa4c3d02e7782d489442476c
97,1,0.00055,0x0024a5046fd95c5eee6db19a69ef7ed3bacd50f1,2017-09-11T19:34:25.000Z,0.00055,0x843cc4a49b1ca34f1110e6c28cedbff2b714583a,buy,0x422866a8f0b032c5cf1dfbdef31a20f4509562b0,0x8c6add9df2009f36acf9800ca1a4714251b28cc59fd1c9c94f8fe8bf8cbc79f9
98,2,0.0010176,0xf73866a0ce96947b13fff5a27555ef39af687010,2017-09-11T12:23:30.000Z,0.0005088,0x77c3db040f79ae46a91529a667c03ab484b37116,buy,0x422866a8f0b032c5cf1dfbdef31a20f4509562b0,0x6c36bff0d9e19a17c1da3e58a4707f2cef18a0c5285322c4a7475684b2c10309
99,311,0.1555267983821076,0xf73866a0ce96947b13fff5a27555ef39af687010,2017-09-11T12:22:32.000Z,0.0005000861684312141,0xace2f0e2021ed8067a5f64eebd39bff7e67f096e,buy,0x422866a8f0b032c5cf1dfbdef31a20f4509562b0,0x0f2ca21601b8f7b7351d8f25cc624f781595143049044e6325b676699b33bdc4
100,88,0.044473201617892415,0x074eb01c33023ac13034b0bdea31d67fb71d414e,2017-09-11T01:21:49.000Z,0.0005053772911124138,0xace2f0e2021ed8067a5f64eebd39bff7e67f096e,buy,0x422866a8f0b032c5cf1dfbdef31a20f4509562b0,0xbef71096b4081d5215c84878847a0eb86f29ae2150348747643a0bef8c86a1d9
101,66,0.03365868,0x3a976fef9e8613b11f92dc9586e953d044b6bf52,2017-09-10T06:57:28.000Z,0.00050998,0xba28c1b409664c0893a090d637a027e4162a41bc,buy,0x422866a8f0b032c5cf1dfbdef31a20f4509562b0,0x61c099d8613406630f28c1439134fd3c4819e6afe9340b8e7ea596203290f051
102,4,0.0018,0x843cc4a49b1ca34f1110e6c28cedbff2b714583a,2017-09-10T06:35:59.000Z,0.00045,0x6d3d0dfa885186833d6cf04f7890aab7d3b43cd1,sell,0x422866a8f0b032c5cf1dfbdef31a20f4509562b0,0x49de4970ed687432f67835b4c860d2c1c6a59e8b2653d417361b29a3dc28e21e
103,975,0.4972305,0x4454847b528907f6819a6696491370060a37e5d0,2017-09-10T02:28:08.000Z,0.00050998,0xba28c1b409664c0893a090d637a027e4162a41bc,buy,0x422866a8f0b032c5cf1dfbdef31a20f4509562b0,0x261941fdbbb6012d701db4ea5d1fafbbcefd17c4b0b25c805e6960f4983e12a6
104,1291,0.58095,0x843cc4a49b1ca34f1110e6c28cedbff2b714583a,2017-09-09T17:25:25.000Z,0.00045,0x77c3db040f79ae46a91529a667c03ab484b37116,sell,0x422866a8f0b032c5cf1dfbdef31a20f4509562b0,0x55422019cfe7fca99dafe45317f7c313921cbb1cc2cd8a009e7cedb15e8da376
105,585,0.2987800522616967,0x77c3db040f79ae46a91529a667c03ab484b37116,2017-09-09T13:32:35.000Z,0.0005107351320712763,0xba28c1b409664c0893a090d637a027e4162a41bc,buy,0x422866a8f0b032c5cf1dfbdef31a20f4509562b0,0xadf0898dc756e9a849c110f3d79b1bfcbb1faab29f8682ab28345abe5095d1a4
106,2184,0.9828,0x843cc4a49b1ca34f1110e6c28cedbff2b714583a,2017-09-09T10:44:33.000Z,0.00045,0x56326386a8afc043a4ae70b02f5ab73727726acb,sell,0x422866a8f0b032c5cf1dfbdef31a20f4509562b0,0x85e4344603078f2ad66c3cd0d6bea2207246d073df80fa3a6acdc291733895bd
107,78,0.03977844,0x0f7830971b2def5206466662d395285955ee9bf0,2017-09-09T10:40:11.000Z,0.00050998,0x56326386a8afc043a4ae70b02f5ab73727726acb,sell,0x422866a8f0b032c5cf1dfbdef31a20f4509562b0,0xac566e4a7e951b1f4a099f7cfc7122790a67bdd21d5ee3862e1f794bdeb136f7
108,4990,2.5449,0x0f7830971b2def5206466662d395285955ee9bf0,2017-09-09T05:18:22.000Z,0.00051,0x843cc4a49b1ca34f1110e6c28cedbff2b714583a,buy,0x422866a8f0b032c5cf1dfbdef31a20f4509562b0,0x207c0f802382c279fab57291a6f5b01fe83740e757f23ce9fa0f9c38d018f876
109,377,0.19999974,0x87eb8e079ded802c2ee2b34af5641884ae5aec05,2017-09-08T18:40:38.000Z,0.0005305032891246684,0x843cc4a49b1ca34f1110e6c28cedbff2b714583a,buy,0x422866a8f0b032c5cf1dfbdef31a20f4509562b0,0xad5de706620811d669b5ee6d4b2d83410b1ab2c6eb2d21f735ee1c7343c952db
110,2200,0.99,0x843cc4a49b1ca34f1110e6c28cedbff2b714583a,2017-09-08T14:38:27.000Z,0.00045,0xb74795693f581144920524e1914c6fa39fc19746,sell,0x422866a8f0b032c5cf1dfbdef31a20f4509562b0,0xc99a6f9a4d760d0c198608894d62bf055645f41d78b0fd3ffa8473945debe70f
111,10,0.0051,0x843cc4a49b1ca34f1110e6c28cedbff2b714583a,2017-09-08T14:23:45.000Z,0.00051,0x843cc4a49b1ca34f1110e6c28cedbff2b714583a,buy,0x422866a8f0b032c5cf1dfbdef31a20f4509562b0,0xb441e7a337886ee453cfafb80ec1897912f5ccf2d43c04eaa97e2235edfcae3e
112,1993,0.203287993,0xf73866a0ce96947b13fff5a27555ef39af687010,2017-09-08T09:43:48.000Z,0.000102001,0x8dbdbb1daa5ee7a45dcc5e23d4aadacf7db9bc2e,sell,0x422866a8f0b032c5cf1dfbdef31a20f4509562b0,0xdd92a544631199ae093b960924f193cb1338d3e05624ef13e217d58cf6fcf416
113,10,0.005,0x2119e7783c04c92429b97b5ca5ef6dd5a8b3d7fe,2017-09-08T07:30:53.000Z,0.0005,0xecc996953e976a305ee585a9c7bbbcc85d1c467b,buy,0x422866a8f0b032c5cf1dfbdef31a20f4509562b0,0x0d29a927cfe6c9b2dbb5c637857f28c8499c083901d242115c56f89d7fafb3cc
114,486,0.049572,0x153685a03c2025b6825ae164e2ff5681ee487667,2017-09-08T00:03:22.000Z,0.000102,0xa6611484565198f05b2819b689f685f08abc063c,sell,0x422866a8f0b032c5cf1dfbdef31a20f4509562b0,0x747450a6eff3e1611733cd8412072a7e08fd1da312eb1876e5c3aba9988bc983
115,500,0.225001,0x20437fef1e3373b494e6717b7e4e06a3bd63ba18,2017-09-07T23:59:19.000Z,0.000450002,0xa6611484565198f05b2819b689f685f08abc063c,sell,0x422866a8f0b032c5cf1dfbdef31a20f4509562b0,0x6f94f657e9eaf76a59efc44318ba535aa794bbd43179e7cbc9ddf2d2182a11c6
116,2000,0.900002,0xf73866a0ce96947b13fff5a27555ef39af687010,2017-09-07T23:59:07.000Z,0.000450001,0xa6611484565198f05b2819b689f685f08abc063c,sell,0x422866a8f0b032c5cf1dfbdef31a20f4509562b0,0x2abd2f1f4a51be031e8bb88720ed8088869fb96bc1167d985eadb34d2f981e70
117,14904,6.7068,0x843cc4a49b1ca34f1110e6c28cedbff2b714583a,2017-09-07T23:58:45.000Z,0.00045,0xa6611484565198f05b2819b689f685f08abc063c,sell,0x422866a8f0b032c5cf1dfbdef31a20f4509562b0,0xe825997368c3469dffc300a3fdbaf7115b18c8dbb1353a9079599f40f7ff91e3
118,2300,1.0350023,0xf73866a0ce96947b13fff5a27555ef39af687010,2017-09-07T17:42:29.000Z,0.000450001,0xb74795693f581144920524e1914c6fa39fc19746,sell,0x422866a8f0b032c5cf1dfbdef31a20f4509562b0,0x438cf6134ffa9ac733d41f692eb192257cdf65cbc6aeede44d45590bc8301f45
119,5096,2.2932,0x843cc4a49b1ca34f1110e6c28cedbff2b714583a,2017-09-07T17:20:25.000Z,0.00045,0xc23074b0d1a724676c5480035618b930a3710282,sell,0x422866a8f0b032c5cf1dfbdef31a20f4509562b0,0xfc6b55ace57163cc62f87ecdbd22802fc8f4ea5eacd20a9f40b97e4f414662c1
120,1,0.0010001,0xf81ab81ca1a6a19cc7b69b2c7876ff6543060598,2017-09-07T08:03:56.000Z,0.0010001,0xb74795693f581144920524e1914c6fa39fc19746,buy,0x422866a8f0b032c5cf1dfbdef31a20f4509562b0,0xde56f0476769d6f0e85db9bf801694c288e7f72c3dd103f32098c624b189f24a
121,10,0.0055,0x843cc4a49b1ca34f1110e6c28cedbff2b714583a,2017-09-06T18:59:59.000Z,0.00055,0xb74795693f581144920524e1914c6fa39fc19746,buy,0x422866a8f0b032c5cf1dfbdef31a20f4509562b0,0xcb8dddcdb4baced3a326710df67cbc551eb882f0ed8054007f157fcf4cf06fdf
122,5981,0.604081,0xf8d6ec5ec6c6c1870a46835f8f083bc8ed794c40,2017-09-06T15:47:46.000Z,0.000101,0x3da997a291259e997778ffbdd14389da9be42f6a,sell,0x422866a8f0b032c5cf1dfbdef31a20f4509562b0,0x82bcfad880ada079fec6937fed4bb2b08f9c0d2516c22089e4a2c8928ccf246b
123,1,0.00049999,0x03779efad7c84eacaea6f3bb20c2f3d94033a2bd,2017-09-06T11:24:56.000Z,0.00049999,0xba28c1b409664c0893a090d637a027e4162a41bc,buy,0x422866a8f0b032c5cf1dfbdef31a20f4509562b0,0x60b74872d0cfcc500439f6b6fa4578bef2f21edb00e386ab27940372600db187
124,10,0.0049999,0x843cc4a49b1ca34f1110e6c28cedbff2b714583a,2017-09-06T11:11:46.000Z,0.00049999,0xba28c1b409664c0893a090d637a027e4162a41bc,buy,0x422866a8f0b032c5cf1dfbdef31a20f4509562b0,0x2f263a8ea18372977012fce6d72d1a4947c09bb83979241320eaecdf1d8d5b07
125,9513,0.076104,0x37dd4e5111c436147b1ff6821983bcf81fb23352,2017-09-06T10:09:06.000Z,0.000008,0xf3a75f2d0af2c0255b7dfcfa40fe9500b81254e1,sell,0x422866a8f0b032c5cf1dfbdef31a20f4509562b0,0xc96aecc8ff154f33ea97e6e29ec8af084017863aff6eac6d465a9d985b4afe8d
126,37000,0.296,0x37dd4e5111c436147b1ff6821983bcf81fb23352,2017-09-06T09:14:16.000Z,0.000008,0xf04bf356bd1fccc9df3244846b6fb8af9829b7af,sell,0x422866a8f0b032c5cf1dfbdef31a20f4509562b0,0x26470f820ac2f75c6b0d6d61d0cffcaa5ab28875c2351d421c3ee45e5cb8a1a8
127,2200,0.198,0x48eaedfa6ab55f414a433f0778f55ed9b827e822,2017-09-06T09:13:24.000Z,0.00009,0xf04bf356bd1fccc9df3244846b6fb8af9829b7af,sell,0x422866a8f0b032c5cf1dfbdef31a20f4509562b0,0xb3e4c50eb10f1cd1e4063624bd227ea28141d5085edc1471be6ee6d0dfe574b2
128,4800,2.16,0x843cc4a49b1ca34f1110e6c28cedbff2b714583a,2017-09-06T09:12:08.000Z,0.00045,0xf04bf356bd1fccc9df3244846b6fb8af9829b7af,sell,0x422866a8f0b032c5cf1dfbdef31a20f4509562b0,0xf4e9fe5782b749baad5e6bc5ae66485ede269e390edaf5ed57ac31be37f1e7ce
129,600,0.294,0x843cc4a49b1ca34f1110e6c28cedbff2b714583a,2017-09-05T10:38:21.000Z,0.00049,0xba28c1b409664c0893a090d637a027e4162a41bc,buy,0x422866a8f0b032c5cf1dfbdef31a20f4509562b0,0x2a7d489e2ffab0a8272b54eb61256b49a2d5c76d20759d8367f308ad6f3cb627
130,4400,2.156,0x843cc4a49b1ca34f1110e6c28cedbff2b714583a,2017-09-05T10:02:40.000Z,0.00049,0xba28c1b409664c0893a090d637a027e4162a41bc,buy,0x422866a8f0b032c5cf1dfbdef31a20f4509562b0,0xdb4c1cc60743bf24aa7c6fda3a6071492177a62e6dbcd9e5d75fd2e2890d826c
131,10,0.00452,0xecc996953e976a305ee585a9c7bbbcc85d1c467b,2017-09-05T06:04:04.000Z,0.000452,0x0a2f62fe0774414131717d32f72fce14d6bd3747,sell,0x422866a8f0b032c5cf1dfbdef31a20f4509562b0,0xb459773c74e6b128e3fa707df62aefb39a6c844e4ebcf35fa5d0aa1f3ba04456
132,50,0.02699395,0x5274a1342801ffb0a7c9d2068f86d807e515e964,2017-09-03T20:22:48.000Z,0.000539879,0xf73866a0ce96947b13fff5a27555ef39af687010,buy,0x422866a8f0b032c5cf1dfbdef31a20f4509562b0,0x5e8cc2242319efa389d5cca77961ede77a4849b2d6751bedcac1fe57ada6c31a
133,100,0.0450001,0x2c33b6fb9801a4d41a95c5d87da53c0657e855c3,2017-09-03T01:55:25.000Z,0.000450001,0xf73866a0ce96947b13fff5a27555ef39af687010,sell,0x422866a8f0b032c5cf1dfbdef31a20f4509562b0,0x88d4c83f4a5098fd3cefdc1c43c530ade60c8952e6ded0278b0284a02e5db1f3
134,149,0.074202,0xf73866a0ce96947b13fff5a27555ef39af687010,2017-09-02T12:16:18.000Z,0.000498,0xa7de9eb0c3713af8cdef784461da64daadc4cf15,buy,0x422866a8f0b032c5cf1dfbdef31a20f4509562b0,0x0b6149357b8771236f3bbd1cb249c78a55245d932e39ec152bd3d500e24185b3
135,1,0.000498,0x288ea0bb97cf4276f58d26119b69e9c77eb967c1,2017-09-02T07:40:13.000Z,0.000498,0xa7de9eb0c3713af8cdef784461da64daadc4cf15,buy,0x422866a8f0b032c5cf1dfbdef31a20f4509562b0,0x8df66000fcf2da48501a43dc98d48492d0e16b2dc0155c0787ea82ab33685931
136,20,0.00999996,0x0a2f62fe0774414131717d32f72fce14d6bd3747,2017-09-02T01:04:41.000Z,0.000499998,0xf04bf356bd1fccc9df3244846b6fb8af9829b7af,buy,0x422866a8f0b032c5cf1dfbdef31a20f4509562b0,0xf5ccbb6065ba86dbc4e2eaf7e83c4a429015933eea2c8646ceaef61b1405d9c5
137,4984,2.292644984,0xf73866a0ce96947b13fff5a27555ef39af687010,2017-09-01T23:28:18.000Z,0.000460001,0xefbea7b8dd1edc8d38d5b56bad08dc7b3d9a11d7,sell,0x422866a8f0b032c5cf1dfbdef31a20f4509562b0,0xc780665dd75ea0b81e09e833a09f3d02c3af0579022c2e72ad0cf86647dbd4a7
138,155,0.071300155,0xf73866a0ce96947b13fff5a27555ef39af687010,2017-09-01T23:25:22.000Z,0.000460001,0x074eb01c33023ac13034b0bdea31d67fb71d414e,sell,0x422866a8f0b032c5cf1dfbdef31a20f4509562b0,0xc9f7ba0ccfde8622dfaf1fc84c88a98d02df3e59c61eef37545f04f165529120
139,1665,0.83045205,0x843cc4a49b1ca34f1110e6c28cedbff2b714583a,2017-09-01T17:03:00.000Z,0.00049877,0xe6d71b3a71feb7274e7ea9199531cfa9527dc921,buy,0x422866a8f0b032c5cf1dfbdef31a20f4509562b0,0xfa2fe31e4e708af6d8b092794203450ff434b88ad175a2000d7d751aaa41097a
140,350,0.1745695,0xdef3a1be1005569de2ca2e1a833302f58ee66991,2017-09-01T11:09:57.000Z,0.00049877,0xe6d71b3a71feb7274e7ea9199531cfa9527dc921,buy,0x422866a8f0b032c5cf1dfbdef31a20f4509562b0,0xda1ac86eba6cfb3ab39f7dfe51f0aa5e3a25f96b0891ac9945e7f4152f71dbc8
141,2014,1.00452278,0xdef3a1be1005569de2ca2e1a833302f58ee66991,2017-09-01T11:07:27.000Z,0.00049877,0xe4ef6a44061b9c4fbf67b404c9eed0ab015778b9,buy,0x422866a8f0b032c5cf1dfbdef31a20f4509562b0,0x217482b532a33d18394f59c4d310f20fb7ca4b60d48d8dbd64d3ecb2688ad154
142,60,0.02994,0xf7b021a86829832870441e88c8741cea1bf9c5ba,2017-09-01T00:36:35.000Z,0.000499,0xf04bf356bd1fccc9df3244846b6fb8af9829b7af,buy,0x422866a8f0b032c5cf1dfbdef31a20f4509562b0,0xd934dc69425dae61584d3943169367698b287cc4ea24d6a5abd00bf7814a52d1
143,60,0.02994,0xf7b021a86829832870441e88c8741cea1bf9c5ba,2017-09-01T00:30:11.000Z,0.000499,0xf04bf356bd1fccc9df3244846b6fb8af9829b7af,buy,0x422866a8f0b032c5cf1dfbdef31a20f4509562b0,0xfc2e3f73ceb8d42f75090178acd5b2f4e2a811ed2c369065d18ef896d5053e3b
144,299,0.14953643704516,0x669699b3ccc213c327a0e9cf1de218df75e9a535,2017-08-31T21:32:19.000Z,0.000500121863027291,0xf04bf356bd1fccc9df3244846b6fb8af9829b7af,buy,0x422866a8f0b032c5cf1dfbdef31a20f4509562b0,0x16545dd7d3bfc90ea3802461dc03c2ef68eaf2d4af03dc263b52f851d0c6c1db
145,1,0.000499,0xf73866a0ce96947b13fff5a27555ef39af687010,2017-08-31T21:25:50.000Z,0.000499,0xf04bf356bd1fccc9df3244846b6fb8af9829b7af,buy,0x422866a8f0b032c5cf1dfbdef31a20f4509562b0,0xf5b4483c6ffd6a3bd0a985b447aa5ba7d42079edb3e92ddc4220d50e3acf1d11
146,1,0.00123,0x3e246d0453d08ea726a39560ede13551bb73dfb4,2017-08-31T20:38:28.000Z,0.00123,0x843cc4a49b1ca34f1110e6c28cedbff2b714583a,sell,0x422866a8f0b032c5cf1dfbdef31a20f4509562b0,0x1b8a6fefbfc53e3d9bcd21b7b4588e7f2d2fb12ad7af875e4df57bae7b3737fa
147,155,0.07763968610295699,0x074eb01c33023ac13034b0bdea31d67fb71d414e,2017-08-31T06:19:48.000Z,0.0005009012006642387,0xf04bf356bd1fccc9df3244846b6fb8af9829b7af,buy,0x422866a8f0b032c5cf1dfbdef31a20f4509562b0,0x620b4f43bee3d180fbc864a0f88aece9ac6447940a756aa73140dda306819588
148,555,0.277220835,0x6c12fbd5a0dd2278d5a42f08d66d5abe04c97f88,2017-08-31T06:18:42.000Z,0.000499497,0xba28c1b409664c0893a090d637a027e4162a41bc,buy,0x422866a8f0b032c5cf1dfbdef31a20f4509562b0,0xd7e2fbdac55919b52d6bdd8a0338d00c3012743a98fa2ab9b1901110fae3389d
149,945,0.47202561,0x6c12fbd5a0dd2278d5a42f08d66d5abe04c97f88,2017-08-31T06:18:42.000Z,0.000499498,0xba28c1b409664c0893a090d637a027e4162a41bc,buy,0x422866a8f0b032c5cf1dfbdef31a20f4509562b0,0xdb42642755ea2a09a5818031cfa46177b5cc07810f961c2330af86521c03848f
150,100,0.0440001,0x4c1503def4aa87fac66b786d3f3939ae70a34f49,2017-08-31T03:56:05.000Z,0.000440001,0xf603b731c162b4a9a3ee71dc945b51eb8ebe8467,sell,0x422866a8f0b032c5cf1dfbdef31a20f4509562b0,0xee497d20b223449364b6e7e7effdf4f65b401463015fc9b5235127c568500b5a
151,2015,0.99752575,0xe6d71b3a71feb7274e7ea9199531cfa9527dc921,2017-08-31T03:53:07.000Z,0.00049505,0xf603b731c162b4a9a3ee71dc945b51eb8ebe8467,sell,0x422866a8f0b032c5cf1dfbdef31a20f4509562b0,0x56989c56dd2f4730dea34958cbc593184c2dd4a542089a474fc2cda253f76969
152,231,0.11568590410872634,0xa599b2e83d69fd70517f14054022ecfc5c64bc15,2017-08-31T03:01:02.000Z,0.000500804779691456,0xf04bf356bd1fccc9df3244846b6fb8af9829b7af,buy,0x422866a8f0b032c5cf1dfbdef31a20f4509562b0,0x80ae50069cde910cf9a8c16345b0734796bca0ceb0d26307ddf9b3cb080b8ce5
153,3,0.001963168280115594,0xa599b2e83d69fd70517f14054022ecfc5c64bc15,2017-08-31T02:55:23.000Z,0.000654389426705198,0x938cd068ea9bf1d37b217f8aa696d154551a93e4,buy,0x422866a8f0b032c5cf1dfbdef31a20f4509562b0,0x21a82ed34ebb83ac6c3c04cafb98f604c7b28f46720515f6a81eea335a9de081
154,2014,0.9970304775265583,0xe4ef6a44061b9c4fbf67b404c9eed0ab015778b9,2017-08-31T02:33:44.000Z,0.0004950498895365234,0x938cd068ea9bf1d37b217f8aa696d154551a93e4,buy,0x422866a8f0b032c5cf1dfbdef31a20f4509562b0,0x0034996d0416fe72f5740dbeb2dfb67ff757010a0453ac268945bf0a70e7e934
155,274,0.1358819641933261,0xa599b2e83d69fd70517f14054022ecfc5c64bc15,2017-08-31T02:26:36.000Z,0.0004959195773479054,0x938cd068ea9bf1d37b217f8aa696d154551a93e4,buy,0x422866a8f0b032c5cf1dfbdef31a20f4509562b0,0xd4ffb7255a5b8d6b143d0933187b1b5d6bdc70a8993f6f934fdabdd299e8e454
156,20,0.00999999,0x8c299ddfed9977dca71c6c0cc9ef25086d2053bb,2017-08-31T00:41:39.000Z,0.0004999995,0x938cd068ea9bf1d37b217f8aa696d154551a93e4,buy,0x422866a8f0b032c5cf1dfbdef31a20f4509562b0,0x3c18019b91140dd4f1544eef816d3bed2d43626ff8eb8b5d430cb47172680abc
157,202,0.0999999,0x95ba7dc82295b3ad49c9b9a062a269410f6058c9,2017-08-31T00:00:44.000Z,0.0004950490099009901,0x938cd068ea9bf1d37b217f8aa696d154551a93e4,buy,0x422866a8f0b032c5cf1dfbdef31a20f4509562b0,0x7e861498352920c0ab3f3e94021fab3e0ba2a22c23c382f63b36a83328fde634
158,9000,4.41,0xf6fb7a4de4bf4bc746783abc63000b0148dac855,2017-08-30T23:52:01.000Z,0.00049,0xf04bf356bd1fccc9df3244846b6fb8af9829b7af,buy,0x422866a8f0b032c5cf1dfbdef31a20f4509562b0,0xa050b4f2c1cd793b2d40aede55d09864f5d502688a74d59df82dc61d69d213a5
159,100,0.048,0x4c1503def4aa87fac66b786d3f3939ae70a34f49,2017-08-30T11:16:35.000Z,0.00048,0x843cc4a49b1ca34f1110e6c28cedbff2b714583a,sell,0x422866a8f0b032c5cf1dfbdef31a20f4509562b0,0xbef8a2b3a32433f3068185cab4324cc266090966a1a5704f421884e3d03e2345
160,18,0.008999972982,0x83185ffbc3f8eb577ad6ec2093a2045df102c8f9,2017-08-30T05:44:41.000Z,0.000499998499,0x91be0508ee0c2e999df1c6edaedc34505e1282ff,buy,0x422866a8f0b032c5cf1dfbdef31a20f4509562b0,0x75852deb2af2dbc2c32047a40ad4f2e15570655561c001c18baf9ddeec745725
161,2155,0.969752155,0xf73866a0ce96947b13fff5a27555ef39af687010,2017-08-30T05:44:41.000Z,0.000450001,0x3c4297d02dd0503a7d802a240b47fde9e3a80c65,sell,0x422866a8f0b032c5cf1dfbdef31a20f4509562b0,0x4a23f3b384a6b01a2d7ac970d2b6bc5f10e1e27cef1e5c490cd4f6c0579eefc1
162,50,0.024975,0x4c1503def4aa87fac66b786d3f3939ae70a34f49,2017-08-29T12:54:11.000Z,0.0004995,0x938cd068ea9bf1d37b217f8aa696d154551a93e4,buy,0x422866a8f0b032c5cf1dfbdef31a20f4509562b0,0xc88d81690130fae60e0d0ce90c2e7856eed87a6529777404de39f6274a547a29
163,5000,2.5,0x56fa364f649bc9fea1b54429ecc9f44d1a8ada4b,2017-08-29T06:32:11.000Z,0.0005,0xc2ef9e93320796d3bfbc8c7e19b832a8f8864f1a,sell,0x422866a8f0b032c5cf1dfbdef31a20f4509562b0,0x597b52bfb5bc125a8679b838a16bc562423bb46fc140bf0d8c7cad9287d970fe
164,500,0.25017,0xb4463814e14612d95827a77eca5cc01d0a52f23c,2017-08-29T06:22:58.000Z,0.00050034,0xc2ef9e93320796d3bfbc8c7e19b832a8f8864f1a,sell,0x422866a8f0b032c5cf1dfbdef31a20f4509562b0,0xe143c4c9e2ce764e689c9fde0bee78e4e80356f027b8eb61d81d030097baebb5
165,5000,2.4995,0x56fa364f649bc9fea1b54429ecc9f44d1a8ada4b,2017-08-29T05:20:27.000Z,0.0004999,0xc2ef9e93320796d3bfbc8c7e19b832a8f8864f1a,sell,0x422866a8f0b032c5cf1dfbdef31a20f4509562b0,0x97d8eb0090e38a8fba5f0f4d484231d888f521d89269f0d51534151b68d1ac00
166,5000,2.5,0x56fa364f649bc9fea1b54429ecc9f44d1a8ada4b,2017-08-29T04:41:23.000Z,0.0005,0xc2ef9e93320796d3bfbc8c7e19b832a8f8864f1a,sell,0x422866a8f0b032c5cf1dfbdef31a20f4509562b0,0x9b710fa8f222a25f1b32a62dc40dea1b5525bb8916bbd6425a345348c9df5394
167,1016,0.5083441331871199,0x741960ec63287a23a6b7b1abca094f12bac8aa23,2017-08-29T03:41:04.000Z,0.0005003387137668503,0xc2ef9e93320796d3bfbc8c7e19b832a8f8864f1a,buy,0x422866a8f0b032c5cf1dfbdef31a20f4509562b0,0x0f77f3293055d41aee0a848838a8b7aee4f798943cb4bf26fac08993cb0f521f
168,8000,3.9992,0x56fa364f649bc9fea1b54429ecc9f44d1a8ada4b,2017-08-29T02:26:26.000Z,0.0004999,0xf73866a0ce96947b13fff5a27555ef39af687010,sell,0x422866a8f0b032c5cf1dfbdef31a20f4509562b0,0x17ce33469a67e01aa86e04acbc43b1088f8fb56a88066dbcd2035e90328f1de5
169,500,0.245,0xbc43454e4b5c4cdbb2099449b76e11664307a1f2,2017-08-28T20:59:29.000Z,0.00049,0xc2ef9e93320796d3bfbc8c7e19b832a8f8864f1a,buy,0x422866a8f0b032c5cf1dfbdef31a20f4509562b0,0xcf9c1db65bc7fd4973f5629a380d347111db9ac7c9827dca78e1ef0bb553f8b4
170,90,0.0387,0xf73866a0ce96947b13fff5a27555ef39af687010,2017-08-28T15:37:03.000Z,0.00043,0xd305f2dbfb36c210da0d9f52c519c619f7b5385f,buy,0x422866a8f0b032c5cf1dfbdef31a20f4509562b0,0x0e6854148e04a6ee0fc4879df6e37e0937587278d6b9b90e9a11acf08de2f973
171,9,0.00456657614497431,0x2c33b6fb9801a4d41a95c5d87da53c0657e855c3,2017-08-28T05:17:21.000Z,0.00050739734944159,0x7f5e6f605aa5fc9d02a082c5e8f3834cb5b194a1,buy,0x422866a8f0b032c5cf1dfbdef31a20f4509562b0,0x1ee6a84c78dbc3802d052654ad4f6ad6654f254330ddfa87f8dbf9736ebc0534
172,7,0.00336,0x2c33b6fb9801a4d41a95c5d87da53c0657e855c3,2017-08-28T05:16:38.000Z,0.00048,0x843cc4a49b1ca34f1110e6c28cedbff2b714583a,buy,0x422866a8f0b032c5cf1dfbdef31a20f4509562b0,0x5f44b7fa7c851e0cf53a51915983c493da7667f79b22e10a2591ce1d1732cc05
173,20,0.00880048,0x7bd02d3903fa837426cd80f163efb5207f2b4195,2017-08-28T01:17:44.000Z,0.000440024,0x0a2f62fe0774414131717d32f72fce14d6bd3747,sell,0x422866a8f0b032c5cf1dfbdef31a20f4509562b0,0xde6e63b258eaaacf5efdc39aabfc9a992359a5d9ccacd6460fc4928ce1942da0
174,100,0.048,0x5274a1342801ffb0a7c9d2068f86d807e515e964,2017-08-27T23:33:21.000Z,0.00048,0x843cc4a49b1ca34f1110e6c28cedbff2b714583a,buy,0x422866a8f0b032c5cf1dfbdef31a20f4509562b0,0x7efb2629957813b321e6e5d27254d77c43fc5727c8ed251d864ddbd62a9ae05e
175,2473,1.088179352,0x7bd02d3903fa837426cd80f163efb5207f2b4195,2017-08-27T21:22:01.000Z,0.000440024,0x40c9658b6481d0bbb8b6b824d6c58e88efea5e6e,sell,0x422866a8f0b032c5cf1dfbdef31a20f4509562b0,0x3ba6f603e24d0a869be50c40437858e307b756d9cb6d859228a079d1f02e7d73
176,30,0.014768735,0xbfe1b1b036686e7f1ccfe35edf94ce0b0df78ba6,2017-08-27T18:10:45.000Z,0.0004922911666666666,0xc2ef9e93320796d3bfbc8c7e19b832a8f8864f1a,buy,0x422866a8f0b032c5cf1dfbdef31a20f4509562b0,0xb1143b1e2090783eed4a4cffd3e3f6d8d0297d271eba669d71716803759b7894
177,30,0.0147686,0xbfe1b1b036686e7f1ccfe35edf94ce0b0df78ba6,2017-08-27T18:10:45.000Z,0.0004922866666666666,0xc2ef9e93320796d3bfbc8c7e19b832a8f8864f1a,buy,0x422866a8f0b032c5cf1dfbdef31a20f4509562b0,0x3b974d2b3dca10242d4bbdef3ea6013c6c01a78f884f77347f2c1703cf72422f
178,30,0.014768735,0xbfe1b1b036686e7f1ccfe35edf94ce0b0df78ba6,2017-08-27T18:09:14.000Z,0.0004922911666666666,0xc2ef9e93320796d3bfbc8c7e19b832a8f8864f1a,buy,0x422866a8f0b032c5cf1dfbdef31a20f4509562b0,0x3e2d00ff7a812425557eec3229009cb9fba9c09f2b7203cb55929971ee4d153e
179,21,0.01000019,0x0a2f62fe0774414131717d32f72fce14d6bd3747,2017-08-27T02:18:18.000Z,0.0004761995238095238,0x40c9658b6481d0bbb8b6b824d6c58e88efea5e6e,buy,0x422866a8f0b032c5cf1dfbdef31a20f4509562b0,0x381fcd6d4d513614e8feeab5da67c2fc55bd27fed250ee1cef517c1c668c2fd1
180,2061,1.00000016,0x7bd02d3903fa837426cd80f163efb5207f2b4195,2017-08-26T21:37:41.000Z,0.00048520143619602135,0xc2ef9e93320796d3bfbc8c7e19b832a8f8864f1a,buy,0x422866a8f0b032c5cf1dfbdef31a20f4509562b0,0x3d7db1359048e977c4fc1da1b2ba02f46c77cda2744f1eb88635be27465932b7
181,226,0.10972168111952452,0x62f5e5c4fdeafbd1b7f09d296123998c1f3a85ac,2017-08-26T21:19:16.000Z,0.0004854941642456837,0xc2ef9e93320796d3bfbc8c7e19b832a8f8864f1a,buy,0x422866a8f0b032c5cf1dfbdef31a20f4509562b0,0x8412414b89c46a4848282d31e52d7b78987beeb0a59334beb5bf64a15120ae08
182,1274,0.6181833099503607,0x62f5e5c4fdeafbd1b7f09d296123998c1f3a85ac,2017-08-26T21:08:14.000Z,0.00048523022759055004,0xc2ef9e93320796d3bfbc8c7e19b832a8f8864f1a,buy,0x422866a8f0b032c5cf1dfbdef31a20f4509562b0,0xcfff40309295585dea9295a53fa7c4351df6f542a42f451da48b4523f8115eb0
183,2150,0.92450215,0xf73866a0ce96947b13fff5a27555ef39af687010,2017-08-26T06:13:29.000Z,0.000430001,0x6522d3bcab33139a72ba63f3273575f261ec61b2,sell,0x422866a8f0b032c5cf1dfbdef31a20f4509562b0,0x85da44ba8537cf84a8b1b1610066f755eb3e631a201b1b4c1d9a9784e385a934
184,12,0.005160012,0xf73866a0ce96947b13fff5a27555ef39af687010,2017-08-26T04:34:19.000Z,0.000430001,0xd0a7aeff1c017fcd86888f5acfe0752735914dce,sell,0x422866a8f0b032c5cf1dfbdef31a20f4509562b0,0x61966f7b785b003f2053b21645b2d67d5f1171a789873a78b5eff60132254dc6
185,996,0.428280996,0xf73866a0ce96947b13fff5a27555ef39af687010,2017-08-26T02:05:55.000Z,0.000430001,0x40c9658b6481d0bbb8b6b824d6c58e88efea5e6e,sell,0x422866a8f0b032c5cf1dfbdef31a20f4509562b0,0xd2ff44db566f82bb97b5e44c38fce6547f75b68beb35961ea71253f5fd50e0ce
186,150,0.0727335,0xde42988c122a7febb6a6562beffe630220bf19bb,2017-08-25T22:35:17.000Z,0.00048489,0xa7de9eb0c3713af8cdef784461da64daadc4cf15,buy,0x422866a8f0b032c5cf1dfbdef31a20f4509562b0,0x0f599cc64c217d4b503789baad0df41c6ba1a1123aed08b2be6867dfed361a73
187,285,0.13999986,0x91be0508ee0c2e999df1c6edaedc34505e1282ff,2017-08-25T13:58:44.000Z,0.0004912275789473685,0xc2ef9e93320796d3bfbc8c7e19b832a8f8864f1a,buy,0x422866a8f0b032c5cf1dfbdef31a20f4509562b0,0x34cb3214d92e03ad0ebf12f2bcbfadcf6a52daec7a89223628e9683f10606484
188,3500,1.74965,0x40c9658b6481d0bbb8b6b824d6c58e88efea5e6e,2017-08-25T13:40:59.000Z,0.0004999,0xc2ef9e93320796d3bfbc8c7e19b832a8f8864f1a,buy,0x422866a8f0b032c5cf1dfbdef31a20f4509562b0,0xd0523171d9496967a87ca5272934de7f29e0ca062b631bf9732766dce46a929a
189,2,0.00098,0xbb325a2ee38566c7a03010b2c4929fd99861bf36,2017-08-25T11:53:18.000Z,0.00049,0xc2ef9e93320796d3bfbc8c7e19b832a8f8864f1a,buy,0x422866a8f0b032c5cf1dfbdef31a20f4509562b0,0xbe9bea590c538073ddd87bdbdd358f5d75eaf0f8fd16ccff56625aaa9a44f9f4
190,90,0.044091,0xd305f2dbfb36c210da0d9f52c519c619f7b5385f,2017-08-25T10:31:00.000Z,0.0004899,0x88251f0d72b6fa20d0381f27264c421d238d4257,sell,0x422866a8f0b032c5cf1dfbdef31a20f4509562b0,0xd17100541967e341d0c2deb1ee94ca78694a369f9784eff1887d90a393c875d8
191,5,0.0225,0x843cc4a49b1ca34f1110e6c28cedbff2b714583a,2017-08-25T09:26:22.000Z,0.0045,0xc2ef9e93320796d3bfbc8c7e19b832a8f8864f1a,buy,0x422866a8f0b032c5cf1dfbdef31a20f4509562b0,0x4da17fa8672adf4eac21ba0237167d1ec92eca082abdb791f2c5af1902f24a82
192,2,0.007,0xc2ef9e93320796d3bfbc8c7e19b832a8f8864f1a,2017-08-25T09:07:15.000Z,0.0035,0x843cc4a49b1ca34f1110e6c28cedbff2b714583a,buy,0x422866a8f0b032c5cf1dfbdef31a20f4509562b0,0xf6c878e12a3515e2f721f7bf3344eef56f4dbf29ce01cf4c69e2bdd3234ff77e
193,10,0.028,0x843cc4a49b1ca34f1110e6c28cedbff2b714583a,2017-08-25T09:01:39.000Z,0.0028,0xc2ef9e93320796d3bfbc8c7e19b832a8f8864f1a,buy,0x422866a8f0b032c5cf1dfbdef31a20f4509562b0,0x5e67a2bc14075be40a6154a3ec6387a3add3bd5d899777c69033a93b3fdaa39a
194,1,0.002532,0x843cc4a49b1ca34f1110e6c28cedbff2b714583a,2017-08-25T08:47:21.000Z,0.002532,0x88650fdbfbb5c7933eb52008c4387050b963747d,buy,0x422866a8f0b032c5cf1dfbdef31a20f4509562b0,0x175baf7521b3cf209aa8d9a65b46b8e158ecf4ad74375be7f9f958a1011554c7
195,2,0.0056,0xc2ef9e93320796d3bfbc8c7e19b832a8f8864f1a,2017-08-25T08:34:04.000Z,0.0028,0x843cc4a49b1ca34f1110e6c28cedbff2b714583a,buy,0x422866a8f0b032c5cf1dfbdef31a20f4509562b0,0xa6d227b132d4cf2c2f032138248cc106d98e7571e3393a993a8662fe0a88aa3a
196,2,0.0036,0xc2ef9e93320796d3bfbc8c7e19b832a8f8864f1a,2017-08-25T08:30:33.000Z,0.0018,0x843cc4a49b1ca34f1110e6c28cedbff2b714583a,buy,0x422866a8f0b032c5cf1dfbdef31a20f4509562b0,0x4ee51305815b691046a25dff38329c9cc86c2ff1af5271128a6ea31cefcdf459
197,5,0.0065,0xc2ef9e93320796d3bfbc8c7e19b832a8f8864f1a,2017-08-25T08:27:25.000Z,0.0013,0x843cc4a49b1ca34f1110e6c28cedbff2b714583a,buy,0x422866a8f0b032c5cf1dfbdef31a20f4509562b0,0xeda22e68c14c2ac1ec23389ac8e0cf58f71070f3ac6567ff6f91fde66550f784
198,100,0.11,0x843cc4a49b1ca34f1110e6c28cedbff2b714583a,2017-08-25T08:12:56.000Z,0.0011,0xc2ef9e93320796d3bfbc8c7e19b832a8f8864f1a,buy,0x422866a8f0b032c5cf1dfbdef31a20f4509562b0,0xeb8ce3728fa84f8b4c5d981f6d9ab389459125ccc51b533e849f80c8612e9153
199,1,0.001266,0x843cc4a49b1ca34f1110e6c28cedbff2b714583a,2017-08-25T08:10:02.000Z,0.001266,0x88650fdbfbb5c7933eb52008c4387050b963747d,buy,0x422866a8f0b032c5cf1dfbdef31a20f4509562b0,0x2cc0db0a09aaa1638957747c5663e27f06f4f49cbbc016439bb2db37fa7a3b63
200,631,0.1893,0xace2f0e2021ed8067a5f64eebd39bff7e67f096e,2017-08-25T07:19:24.000Z,0.0003,0x074eb01c33023ac13034b0bdea31d67fb71d414e,sell,0x422866a8f0b032c5cf1dfbdef31a20f4509562b0,0x58a9f551b679792328762ecc9f5691037ec4d82cb1005470faa50aebbc0b36df
201,101,0.04984846099657875,0x26554809c4c63ee939a78edb189d5c4508f8d4b1,2017-08-25T06:00:11.000Z,0.0004935491187780074,0xc2ef9e93320796d3bfbc8c7e19b832a8f8864f1a,buy,0x422866a8f0b032c5cf1dfbdef31a20f4509562b0,0x9aaf8ed27ad2198f58645882699ad4280a133e18b0e9b0ffb488ee0829df72a6
202,246,0.12100011,0x074eb01c33023ac13034b0bdea31d67fb71d414e,2017-08-25T05:55:33.000Z,0.0004918703658536585,0xc2ef9e93320796d3bfbc8c7e19b832a8f8864f1a,buy,0x422866a8f0b032c5cf1dfbdef31a20f4509562b0,0xc679c98a4a8f958ad9bba1e2fe5c38f277d6c8f5e7be2d4cd2d122747938c1b7
203,387,0.1899998766,0x074eb01c33023ac13034b0bdea31d67fb71d414e,2017-08-25T05:36:43.000Z,0.0004909557534883721,0xd0a7aeff1c017fcd86888f5acfe0752735914dce,buy,0x422866a8f0b032c5cf1dfbdef31a20f4509562b0,0x58d4df3ddce6f0370c992b7edebb0be8a05c2f1438070f7bc73d2b670255e42f
204,290,0.07569,0x7bd02d3903fa837426cd80f163efb5207f2b4195,2017-08-25T04:25:25.000Z,0.000261,0xa339f1f075a5a79f665f022c393d7239d60b0e3b,buy,0x422866a8f0b032c5cf1dfbdef31a20f4509562b0,0xbaeb73be0752c03d6f94a8468161203113a79e8d9dfd4bf9d586803c568a6103
205,5,0.002,0x7f5e6f605aa5fc9d02a082c5e8f3834cb5b194a1,2017-08-25T02:35:00.000Z,0.0004,0xd0a7aeff1c017fcd86888f5acfe0752735914dce,sell,0x422866a8f0b032c5cf1dfbdef31a20f4509562b0,0x99530bbe82018e6701038fa14a858a3d66d7e37f7b072971c8837eaea97080d4
206,220,0.088,0x7f5e6f605aa5fc9d02a082c5e8f3834cb5b194a1,2017-08-25T02:31:58.000Z,0.0004,0xd0a7aeff1c017fcd86888f5acfe0752735914dce,sell,0x422866a8f0b032c5cf1dfbdef31a20f4509562b0,0xe76e8d798f56b7c855cba5432a91edd4fc4fb023902115fdb0d57b33db587251
207,29,0.014667428453018383,0xd0a7aeff1c017fcd86888f5acfe0752735914dce,2017-08-25T02:11:11.000Z,0.0005057733949316684,0xc2ef9e93320796d3bfbc8c7e19b832a8f8864f1a,buy,0x422866a8f0b032c5cf1dfbdef31a20f4509562b0,0x3d5ebe65443678e56604331455b0b7d940b27ff36db8faa49eb46a9fa7f824a7
208,213,0.10478661691741356,0xd0a7aeff1c017fcd86888f5acfe0752735914dce,2017-08-25T02:03:39.000Z,0.0004919559479690778,0xc2ef9e93320796d3bfbc8c7e19b832a8f8864f1a,buy,0x422866a8f0b032c5cf1dfbdef31a20f4509562b0,0x2fe9fa3bbc92d604ec440212de4938b0e8ee2e1aeda636b0f44c39b39b88d279
209,96,0.04811046716560395,0xd0a7aeff1c017fcd86888f5acfe0752735914dce,2017-08-25T02:02:26.000Z,0.0005011506996417079,0xc2ef9e93320796d3bfbc8c7e19b832a8f8864f1a,buy,0x422866a8f0b032c5cf1dfbdef31a20f4509562b0,0x626ef2bbddec6139688f94a689c38cd8ec31a2fa8cc9a903ea7f12623cc493e1
210,9,0.004878719458483566,0xd0a7aeff1c017fcd86888f5acfe0752735914dce,2017-08-25T02:01:53.000Z,0.0005420799398315073,0xc2ef9e93320796d3bfbc8c7e19b832a8f8864f1a,buy,0x422866a8f0b032c5cf1dfbdef31a20f4509562b0,0x3c4fdb45ebcc2f84cd05c5ba12d28e859476168351f2322248d5b8decedc7427
211,79,0.03988632262865177,0xd0a7aeff1c017fcd86888f5acfe0752735914dce,2017-08-25T01:45:50.000Z,0.0005048901598563516,0xc2ef9e93320796d3bfbc8c7e19b832a8f8864f1a,buy,0x422866a8f0b032c5cf1dfbdef31a20f4509562b0,0x5b9b35b9ab13e7d26c4d0fbee243d8a0ad026c98e6e1b8bc268a11babe8c1972
212,199,0.09970228800593169,0xd0a7aeff1c017fcd86888f5acfe0752735914dce,2017-08-25T01:43:19.000Z,0.0005010165226428727,0xc2ef9e93320796d3bfbc8c7e19b832a8f8864f1a,buy,0x422866a8f0b032c5cf1dfbdef31a20f4509562b0,0x6dd4e086f63f3d85da1a032053663d9effe621aaa02286359b642cdba99cc8fa
213,1,0.0049,0x843cc4a49b1ca34f1110e6c28cedbff2b714583a,2017-08-25T00:22:56.000Z,0.0049,0xc23074b0d1a724676c5480035618b930a3710282,buy,0x422866a8f0b032c5cf1dfbdef31a20f4509562b0,0xdce988b29ca68667c90d977ac8faf2954cb8147b532b7efe378cb7043e00fb80
214,5000,4.995,0xc2ef9e93320796d3bfbc8c7e19b832a8f8864f1a,2017-08-25T00:17:52.000Z,0.000999,0x843cc4a49b1ca34f1110e6c28cedbff2b714583a,buy,0x422866a8f0b032c5cf1dfbdef31a20f4509562b0,0xb302ff7f9fc43c58a75663b2b58a87fa1cd4bba13f4fe8530f0589c5423f40a2
215,5000,5,0x843cc4a49b1ca34f1110e6c28cedbff2b714583a,2017-08-25T00:15:11.000Z,0.001,0xc2ef9e93320796d3bfbc8c7e19b832a8f8864f1a,buy,0x422866a8f0b032c5cf1dfbdef31a20f4509562b0,0xc28a3dfeea5e43d18d473dbbf621bcfff05858690272caa4a069e82bba8dc541
216,2000,2,0xc2ef9e93320796d3bfbc8c7e19b832a8f8864f1a,2017-08-25T00:10:22.000Z,0.001,0x843cc4a49b1ca34f1110e6c28cedbff2b714583a,buy,0x422866a8f0b032c5cf1dfbdef31a20f4509562b0,0x36f5d194b380ba343815c17086a561abcdd890aae599438038c495e1deaa24c8
217,2000,2,0x843cc4a49b1ca34f1110e6c28cedbff2b714583a,2017-08-24T23:58:27.000Z,0.001,0xc2ef9e93320796d3bfbc8c7e19b832a8f8864f1a,buy,0x422866a8f0b032c5cf1dfbdef31a20f4509562b0,0xee360f1fc05a069251b7f7781339792adc8298ab6eae885ea0475541bd2b1028
218,612,0.30000005,0x6e0869df372a0dbd16746735b24deffc2de3cf9b,2017-08-24T20:16:27.000Z,0.0004901961601307189,0xc2ef9e93320796d3bfbc8c7e19b832a8f8864f1a,buy,0x422866a8f0b032c5cf1dfbdef31a20f4509562b0,0xf9d4bdc8232700a13956890562dcc89457f2229c8ecd638ffb6d0c985f0495d9
219,5,0.00245,0x6d3d0dfa885186833d6cf04f7890aab7d3b43cd1,2017-08-24T18:54:44.000Z,0.00049,0xc2ef9e93320796d3bfbc8c7e19b832a8f8864f1a,buy,0x422866a8f0b032c5cf1dfbdef31a20f4509562b0,0x84852d748b63fe63492276fd8397977c909102f0aaf4a14d3652d02686462fad
220,2,0.00098,0x4717c48e3f3d63d01ee7452fcea47cb522c56a99,2017-08-24T16:45:12.000Z,0.00049,0xc2ef9e93320796d3bfbc8c7e19b832a8f8864f1a,buy,0x422866a8f0b032c5cf1dfbdef31a20f4509562b0,0x69d2a9cd5adb8992ca089ff115f4882b2531bcb2e60e8eb607c4aa9e36bb2e56
221,119,0.0478516598544512,0x006623f5b812d9216649301a5acde60132cd6cc0,2017-08-24T13:27:10.000Z,0.0004021147886928672,0xa7de9eb0c3713af8cdef784461da64daadc4cf15,buy,0x422866a8f0b032c5cf1dfbdef31a20f4509562b0,0xc912d8ac601c63d12a731cf06bb8fbb06b6ef9808531066158397931bdd2ca5c
222,2820,1.3819626271269065,0x3cbf81a2feeb0032509a7981b5d8c5aa065dc874,2017-08-24T10:26:58.000Z,0.0004900576691939386,0xc2ef9e93320796d3bfbc8c7e19b832a8f8864f1a,buy,0x422866a8f0b032c5cf1dfbdef31a20f4509562b0,0xa8214b66f7b7513150d9514c8bcfce49d0fab69c82a96410ae70094868c1e5fe
223,4480,2.1952,0xc23074b0d1a724676c5480035618b930a3710282,2017-08-23T17:49:48.000Z,0.00049,0xc2ef9e93320796d3bfbc8c7e19b832a8f8864f1a,buy,0x422866a8f0b032c5cf1dfbdef31a20f4509562b0,0x2f355a2fa7084de8e625b949a4f503f7cd9490f91bd57205289ddca8beb5ad16
224,261,0.12799976,0xabfc9e574e04ec06b601a7162c21ead3331b9b7a,2017-08-23T07:42:21.000Z,0.0004904205363984674,0xc2ef9e93320796d3bfbc8c7e19b832a8f8864f1a,buy,0x422866a8f0b032c5cf1dfbdef31a20f4509562b0,0x928338f59a45fe927a1a6c8e749853c28fd3c0260f8f8795704379d0d36decf7
225,1018,0.49899983,0xa5c47c2500996a6aa03fa50a9550996d51c05813,2017-08-23T05:47:57.000Z,0.0004901766502946955,0xc2ef9e93320796d3bfbc8c7e19b832a8f8864f1a,buy,0x422866a8f0b032c5cf1dfbdef31a20f4509562b0,0x9a888b5697fa30f3ceaac788ef2c0f9e71eb9e6d1389437db76497f6f7fb3487
226,5900,2.832,0xc2ef9e93320796d3bfbc8c7e19b832a8f8864f1a,2017-08-22T19:31:34.000Z,0.00048,0x843cc4a49b1ca34f1110e6c28cedbff2b714583a,buy,0x422866a8f0b032c5cf1dfbdef31a20f4509562b0,0xbb73663889902df0bddfd90192038424b0d4ba538b2ccaa85725f22d3a56ef75
227,5900,2.8910377828730933,0x843cc4a49b1ca34f1110e6c28cedbff2b714583a,2017-08-22T19:27:49.000Z,0.0004900064038767955,0xc2ef9e93320796d3bfbc8c7e19b832a8f8864f1a,buy,0x422866a8f0b032c5cf1dfbdef31a20f4509562b0,0x03af7b0d0ca4157d69b3f5a5ce7391d10c02b4c8a279b8fff9c508bb48cf620c
