,amount,amountBase,buyer,date,price,seller,side,tokenAddr,txHash
0,0.0886574385387493,0.09046677300368856,0x0248cf74ed50adcf0c050a7ca4136dcb90520f84,2017-10-31T21:51:35.000Z,1.0204081518117452,0xde94a8af7cbe64c874c4ccad197583efccf5999e,buy,0x0000000000000000000000000000000000000000,0x48e49e93746fad6b5d2cac71d6d6cd2dea1bd242380bbb23d756ccd790169207
1,0.105,0.1029,0x3ac636ac5c3a2576156ac5f10066ca68abe0ad54,2017-10-30T18:54:13.000Z,0.98,0x9dee8089367925a02e46c56ea591579ab9278b4d,buy,0x0000000000000000000000000000000000000000,0xa29188335bd1b30be0d2157c926e7ce08b501d8d364d3a72139e867fc96437c7
2,0.23474256509125072,0.23953322699631144,0xdcc3235ca1dd6b2e90a408850a01f4ea4426d3db,2017-10-28T12:46:48.000Z,1.0204081518117452,0xde94a8af7cbe64c874c4ccad197583efccf5999e,buy,0x0000000000000000000000000000000000000000,0xfeb87fe2299d666c5371b6a6ea104e049974be0bb5f77cf5d80861998f28e2ee
3,0.10124389370887286,0.10124389370887286,0x7f6d42e6af4ea9c6bb3610963fcfe3e9cdcd48df,2017-10-27T17:56:25.000Z,1,0x10edf2926c9f23f25c5fc74543544c1266496297,buy,0x0000000000000000000000000000000000000000,0x0b8bb2f529faeae5f25836e081bf932edcde5a6d1125fa4df0e5549626b36660
4,0.00026,0.13,0x0249924245a19aa2d7f5ddb0739a7132b7d094ab,2017-10-27T03:44:18.000Z,500,0x5cd2f407f0e2ec300cec06ce91d05e0f917efe0f,buy,0x0000000000000000000000000000000000000000,0xcfe6c1eda708043eb972ba1221573989de8fe96eeb27aa45ff59399e6d39f638
5,0.00068,0.34,0x0249924245a19aa2d7f5ddb0739a7132b7d094ab,2017-10-26T22:49:16.000Z,500,0x0044a537a1d5b55c82e487f7d120872699274c97,buy,0x0000000000000000000000000000000000000000,0xfe2b0fdeff7079c7cb3042d1f5edbf1315e66f70a6ce06614880f1621ac34698
6,0.00055,0.5,0x0249924245a19aa2d7f5ddb0739a7132b7d094ab,2017-10-26T22:31:11.000Z,909.0909090909091,0x7d053385a05276eedcaf706325ae34ae544741a6,buy,0x0000000000000000000000000000000000000000,0x270470b652d55458eacafcba49a96afce17cdfd503367d78fda3b16e846de5db
7,0.00099,0.99,0x0249924245a19aa2d7f5ddb0739a7132b7d094ab,2017-10-26T22:07:35.000Z,1000,0x7d053385a05276eedcaf706325ae34ae544741a6,buy,0x0000000000000000000000000000000000000000,0xa41962141a50cdd0bcff1d868bd266bec7b9968f195d2ba1c674d54f5a175bae
8,0.0011,1,0x0249924245a19aa2d7f5ddb0739a7132b7d094ab,2017-10-26T22:06:25.000Z,909.0909090909091,0x7d053385a05276eedcaf706325ae34ae544741a6,buy,0x0000000000000000000000000000000000000000,0x7bb6989c72a18ab919580ce9a2f1a5b0c0b9fd70294dd72e8de85a0a9738e40a
9,0.001,1,0x0249924245a19aa2d7f5ddb0739a7132b7d094ab,2017-10-26T22:04:52.000Z,1000,0x7d053385a05276eedcaf706325ae34ae544741a6,buy,0x0000000000000000000000000000000000000000,0x223ae5f397fe525c8da58d0e92f470928feaa2caf1c3381abee7d249ec86c7ea
10,0.0011,1,0x0249924245a19aa2d7f5ddb0739a7132b7d094ab,2017-10-26T22:03:00.000Z,909.0909090909091,0x7d053385a05276eedcaf706325ae34ae544741a6,buy,0x0000000000000000000000000000000000000000,0xf80638e6afd6bc0ef5b81eb905f04f95c2a762dd21a2e671e1794d8d8a5fea59
11,0,0,0x4a57d0208164a1c1c63c75395dc444428a07b50a,2017-10-26T21:55:47.000Z,NaN,0x82f264f9a47462724b093ede43ba8497af476ffd,buy,0x0000000000000000000000000000000000000000,0xc32330aa9c27a81692fe86985fa240535d4f39d5fe91fcc8fc82ae7892cd9d3a
12,0.08,0.08,0x4a57d0208164a1c1c63c75395dc444428a07b50a,2017-10-26T21:55:21.000Z,1,0x82f264f9a47462724b093ede43ba8497af476ffd,buy,0x0000000000000000000000000000000000000000,0xa7a6509f6b4b98926e6f9b38f656893fc2931dbc699b5c98df159b5686f45116
13,0.02,0.0198,0x654cd1a674f5c24e7a8aca3e25bf6ba8937b75ab,2017-10-26T00:10:50.000Z,0.99,0xc044ecd631253bebad1d84263faa7335fb1e0f99,buy,0x0000000000000000000000000000000000000000,0x4f2af7d52ecc90693a3188117a3f0754c9af3ae46ba24a1d8f4fdbea252461ca
14,0.000000001,0.001,0x4a57d0208164a1c1c63c75395dc444428a07b50a,2017-10-23T19:45:59.000Z,1000000,0xb3343f861195d2aa17d3b9380988f1fc42faacdf,buy,0x0000000000000000000000000000000000000000,0x97ff467f9f8c2e4cb57f7a8149f94209f59fc96a5e285d74210bea61b185f2bc
15,0.0490000001568,0.05,0x4a57d0208164a1c1c63c75395dc444428a07b50a,2017-10-23T18:18:12.000Z,1.0204081600000001,0xf4b6e090b49b4edf517fce9e5b99d07281b0da48,buy,0x0000000000000000000000000000000000000000,0xef283c0393178c642485c476d4be28a045326b6c8c37c92c9ece23a4c037ef84
16,0.081624,0.08,0x3ac636ac5c3a2576156ac5f10066ca68abe0ad54,2017-10-23T08:13:17.000Z,0.9801038910124473,0xa8901128faf9cd92be1d32d3687496711e2e53bc,buy,0x0000000000000000000000000000000000000000,0x1197519e8373be14ecaafc5473d6f92729a4fe458c9eeaf94940ad0fa9c16950
17,0.22435979740373274,0.2313149284081225,0x2f7401e2e8a12cfc4f5e39b7ef92aa8fd1a65ec4,2017-10-21T04:11:15.000Z,1.03099989875581,0x59a3a66713cee707c48906ab0c1802239839d33a,buy,0x0000000000000000000000000000000000000000,0xf6cd1f1a46cb3a34a64e84ba00773110cefa308b0c40a14df735cd2e3b42037a
18,0.1494805,0.145,0x3ac636ac5c3a2576156ac5f10066ca68abe0ad54,2017-10-19T10:55:18.000Z,0.9700261907071491,0xa616f845578475c76091b7982ac4a711e3be1466,buy,0x0000000000000000000000000000000000000000,0x87b0108bcff3b74aab275059e69b878dd648e115b2f4b86277673bbf2dd1febd
19,0.000019490215617744,0.000020092443790117,0xfb1f4737f4816f78b0d7c0b72b876359d925c318,2017-10-18T21:59:03.000Z,1.0308990000000169,0x59a3a66713cee707c48906ab0c1802239839d33a,buy,0x0000000000000000000000000000000000000000,0x9647eed25bf3875287f3aeba45a07b2ab539e74b98c4d7fee433409433fbb2e3
20,0.1457487058417269,0.15026690114794986,0xdedd95d720c1a598030c0cf152f2934d5c9c66e1,2017-10-17T15:43:51.000Z,1.0309999,0x07391e314c7ebc92dbf7af7c478855742dcc7afa,buy,0x0000000000000000000000000000000000000000,0x0e97912ac1bbf071a195e94de41f1404d91f9f89f8c1b68def872a95c7ce3779
21,0.004834673506278063,0.004984547901505333,0xef88aebbe35da112d12f213a7c3dea88e1f445f7,2017-10-17T02:56:12.000Z,1.0309999,0x663dfc04386dcc316c031d1b967c5bc772d5c9c2,buy,0x0000000000000000000000000000000000000000,0x46e35b3c05ac01498d9429697c4ca8aea2f1f38483b6ac67e621631aa27d2ce0
22,0.000999999999999999,0.0020123,0x94a8d33cb012b40b22fc464c7beb761cbe6af7fe,2017-10-17T00:17:03.000Z,2.012300000000002,0xda79f2b9db7ae9fc5e308e81dc1e1992245c4b41,buy,0x0000000000000000000000000000000000000000,0x8b36c4ad59e7585d01651177ed9131214298ab2d324893d7c57165497e634911
23,0.002909796314258002,0.003,0x94a8d33cb012b40b22fc464c7beb761cbe6af7fe,2017-10-17T00:13:33.000Z,1.031,0xda79f2b9db7ae9fc5e308e81dc1e1992245c4b41,buy,0x0000000000000000000000000000000000000000,0x0d3576917825dd7d6b69069d61bc1852bf4a6eab175ba72e0dead2fd484690d1
24,0.008872421003608088,0.009182955738734372,0x2f7401e2e8a12cfc4f5e39b7ef92aa8fd1a65ec4,2017-10-16T12:25:58.000Z,1.0350000000000001,0x9e991aacfe62f4bf93c13343cf1f9711e90017d9,buy,0x0000000000000000000000000000000000000000,0x128a6e7aff246a2a39aaafa354c29978f42371843f753c710f8c440da935b664
25,0.009210469617918993,0.009532836054546159,0x2f7401e2e8a12cfc4f5e39b7ef92aa8fd1a65ec4,2017-10-16T12:21:54.000Z,1.035,0x9e991aacfe62f4bf93c13343cf1f9711e90017d9,buy,0x0000000000000000000000000000000000000000,0xf35b17f058caa757411901967576182945165f52c4be9f3d5d8035402fa99aeb
26,0.009561398241597246,0.00989604718005315,0x2f7401e2e8a12cfc4f5e39b7ef92aa8fd1a65ec4,2017-10-16T11:48:21.000Z,1.0350000000000001,0x9e991aacfe62f4bf93c13343cf1f9711e90017d9,buy,0x0000000000000000000000000000000000000000,0xe48c9a3eb075d0d208be3a1c5d94d2dbf377017a803fcbaa1d66bf729c8b21de
27,0.009925694837701057,0.010300886102566157,0x2f7401e2e8a12cfc4f5e39b7ef92aa8fd1a65ec4,2017-10-15T15:17:51.000Z,1.0378,0x4de6bf61916eafb0510af6aa45e0cf994a571adb,buy,0x0000000000000000000000000000000000000000,0xe253a932906ab82b8b0b7e8130a5f51557fe85ef575ad1cc2967af6e6b311d9e
28,0.010331746620819803,0.010722286643086791,0x2f7401e2e8a12cfc4f5e39b7ef92aa8fd1a65ec4,2017-10-15T15:12:15.000Z,1.0378,0x4de6bf61916eafb0510af6aa45e0cf994a571adb,buy,0x0000000000000000000000000000000000000000,0x467a7b5d8d6a4b96953b76f95ccbbea96d526e3df4f92b5383c315d12f5c2673
29,0.01075440963904802,0.011160926323404038,0x2f7401e2e8a12cfc4f5e39b7ef92aa8fd1a65ec4,2017-10-15T15:09:26.000Z,1.0378,0x4de6bf61916eafb0510af6aa45e0cf994a571adb,buy,0x0000000000000000000000000000000000000000,0xda290dd926f184dd8051952a70797f02ad498b6b31bd5a45ca93f7e6d5e78b9d
30,0.011194363443968375,0.011617510382150378,0x2f7401e2e8a12cfc4f5e39b7ef92aa8fd1a65ec4,2017-10-15T15:05:25.000Z,1.0378,0x4de6bf61916eafb0510af6aa45e0cf994a571adb,buy,0x0000000000000000000000000000000000000000,0x4854458c9bcd76b1a984abee9cda14630be06a3228425d5aaf323932a793f7e0
31,0.011652315387044178,0.012092772908674448,0x2f7401e2e8a12cfc4f5e39b7ef92aa8fd1a65ec4,2017-10-15T15:03:13.000Z,1.0378,0x4de6bf61916eafb0510af6aa45e0cf994a571adb,buy,0x0000000000000000000000000000000000000000,0xed0737924be47e0b962c290edb06794f4e6306306f00de01caefe9a80dd81a86
32,0.012129001756889008,0.012587478023299414,0x2f7401e2e8a12cfc4f5e39b7ef92aa8fd1a65ec4,2017-10-15T14:57:24.000Z,1.0378,0x4de6bf61916eafb0510af6aa45e0cf994a571adb,buy,0x0000000000000000000000000000000000000000,0x8cfac3c8d2d0be3b165cf9fbe2d2d3ef6bb417efea7eb040bde2b7be4069667b
33,0.012625188963061055,0.013102421105864763,0x2f7401e2e8a12cfc4f5e39b7ef92aa8fd1a65ec4,2017-10-15T14:52:40.000Z,1.0378,0x4de6bf61916eafb0510af6aa45e0cf994a571adb,buy,0x0000000000000000000000000000000000000000,0xae0ea81c232b542ce8089a84d2feb4136686148a1d01a3a61f6bd2c7b2024b91
34,0.013141674768285492,0.013638430074526683,0x2f7401e2e8a12cfc4f5e39b7ef92aa8fd1a65ec4,2017-10-15T13:09:23.000Z,1.0378,0x4de6bf61916eafb0510af6aa45e0cf994a571adb,buy,0x0000000000000000000000000000000000000000,0xdd74b7c46c182ce25d44d66119d41e3ff065d834b8e90ec533498f290522d9ce
35,0.013679289571086028,0.01419636671687308,0x2f7401e2e8a12cfc4f5e39b7ef92aa8fd1a65ec4,2017-10-15T13:07:53.000Z,1.0378,0x4de6bf61916eafb0510af6aa45e0cf994a571adb,buy,0x0000000000000000000000000000000000000000,0x0822ef7b2b4419e3a5a5128c6c398460ba6ba51bbafdcbd263d3b6ca40f3aa10
36,0.014238897740887838,0.014777128075493398,0x2f7401e2e8a12cfc4f5e39b7ef92aa8fd1a65ec4,2017-10-15T13:05:23.000Z,1.0378,0x4de6bf61916eafb0510af6aa45e0cf994a571adb,buy,0x0000000000000000000000000000000000000000,0x10f92601abc493c919ee06bd8a6524bf6eaf9593342f3cd524823f131d9d2ce6
37,0.014821399007738404,0.015381647890230917,0x2f7401e2e8a12cfc4f5e39b7ef92aa8fd1a65ec4,2017-10-15T12:55:36.000Z,1.0378,0x4de6bf61916eafb0510af6aa45e0cf994a571adb,buy,0x0000000000000000000000000000000000000000,0x468c32e3abe761f29098e32f21bc9a9bb20ff8d49285775f5b69279fe37b10f9
38,0.004904287329786912,0.005089669390852858,0x7c6c6fe7bfa05cfd5037643199d9dd9149ff1b48,2017-10-15T06:09:12.000Z,1.0378,0x4de6bf61916eafb0510af6aa45e0cf994a571adb,buy,0x0000000000000000000000000000000000000000,0xd113b49f938c8026e398f4571b234bfe4e9ae5e46624e9121553ed96879a1002
39,0.0224342697407199,0.0216171417797969,0xbf3ff66b9f477e3c6f3b8b2c6053e398a243e6c1,2017-10-14T18:44:16.000Z,0.963576797,0xb266ae51005dac5f4f10f7aabbc83e93da5b61a4,buy,0x0000000000000000000000000000000000000000,0xbea91db8bc5e2b402f6fbd559786a5109308b90a5c6c785960cb1c29fdea090c
40,0.05624735173103836,0.054198643020726356,0xaf7d3e7a3bb5e03aaebec9fbfab29539883f49b2,2017-10-14T18:39:13.000Z,0.963576797,0xb266ae51005dac5f4f10f7aabbc83e93da5b61a4,buy,0x0000000000000000000000000000000000000000,0x17613ee9980c85a8cac11bad6fe73a2e8f83f9ac6b38df0fb7f9ba8e0d1d51b4
41,0.18023061513799676,0.17366603885601062,0xbf3ff66b9f477e3c6f3b8b2c6053e398a243e6c1,2017-10-14T18:39:13.000Z,0.963576797,0xb266ae51005dac5f4f10f7aabbc83e93da5b61a4,buy,0x0000000000000000000000000000000000000000,0x2a0daec8cc8c30540fb579a185a53a5834797bba985379274299d4079fe76ad0
42,0.05436142067372929,0.05238140361316165,0xaf7d3e7a3bb5e03aaebec9fbfab29539883f49b2,2017-10-14T18:35:38.000Z,0.963576797,0xb266ae51005dac5f4f10f7aabbc83e93da5b61a4,buy,0x0000000000000000000000000000000000000000,0x76a81d9e1f3213988efdf067cab7951b9dc8357db2072987bac795e837be78e0
43,0.17418761926163975,0.16784314824518634,0xbf3ff66b9f477e3c6f3b8b2c6053e398a243e6c1,2017-10-14T18:35:38.000Z,0.963576797,0xb266ae51005dac5f4f10f7aabbc83e93da5b61a4,buy,0x0000000000000000000000000000000000000000,0x90625d32ef84c53f29647edebe0ee0f74e538d0d42cc86b93534f10d44ddbc6c
44,0.05253872345487594,0.05062509486511813,0xaf7d3e7a3bb5e03aaebec9fbfab29539883f49b2,2017-10-14T18:31:29.000Z,0.963576797,0xb266ae51005dac5f4f10f7aabbc83e93da5b61a4,buy,0x0000000000000000000000000000000000000000,0x8e32f1504a920a83bb7136ddab5f9e7617caecb98ef732769aa362ea4101e957
45,0.02881519164566143,0.029907287409032,0xf883f6a1020cd670ad52ead782db641b7a354857,2017-10-14T13:28:20.000Z,1.0379,0x0f657358eb80890bc758438ad996ba3a8ef87da5,buy,0x0000000000000000000000000000000000000000,0x50a2f03a7ec791a89357db68d9223a00f342ffa16e2a0e826e3ff97a71b8371c
46,0.005327087418370738,0.00552898403152699,0x5aed459e223098c3a2459602880025d5bf434164,2017-10-14T13:27:12.000Z,1.0379000000000003,0x0f657358eb80890bc758438ad996ba3a8ef87da5,buy,0x0000000000000000000000000000000000000000,0x72c253b3f3cdae8205656bd37234ce0548d2e4fec33e91c40d9c571257eb947a
47,1.851284303009285,1.9231141339660454,0x99aaafe509263b30c40373daef829f48deddc288,2017-10-14T12:14:23.000Z,1.0388,0x4de6bf61916eafb0510af6aa45e0cf994a571adb,buy,0x0000000000000000000000000000000000000000,0xe76c7556fb4babc79995c933e47a1acfd67008446d934d3d70128a6064df45ea
48,0.517,0.5370596,0x99aaafe509263b30c40373daef829f48deddc288,2017-10-14T12:05:01.000Z,1.0388,0x4de6bf61916eafb0510af6aa45e0cf994a571adb,buy,0x0000000000000000000000000000000000000000,0xb4e0adbd78a7931ea037cae82cab9c82cfae4231523628580bc4f3e03e88898d
49,0.0825,0.0855525,0x99aaafe509263b30c40373daef829f48deddc288,2017-10-14T12:02:11.000Z,1.037,0x0f657358eb80890bc758438ad996ba3a8ef87da5,buy,0x0000000000000000000000000000000000000000,0x10ab8015aefe8a9d78d95b66eef40c6b6b8dc63d3f8acc0ed4e1d8fd95b8102f
50,0.0825,0.0855525,0x99aaafe509263b30c40373daef829f48deddc288,2017-10-14T11:59:39.000Z,1.037,0x0f657358eb80890bc758438ad996ba3a8ef87da5,buy,0x0000000000000000000000000000000000000000,0x8fc51f4e922f22d70bcf9331afed6f2d0678b9ec683696123cdf250e0a357e6f
51,0.0825,0.0855525,0x99aaafe509263b30c40373daef829f48deddc288,2017-10-14T11:59:16.000Z,1.037,0x0f657358eb80890bc758438ad996ba3a8ef87da5,buy,0x0000000000000000000000000000000000000000,0x42ab7adf7945c2fd9d76d04563772ad61ef9361491d526942d68e46bf05e4f6f
52,0.0825,0.0855525,0x99aaafe509263b30c40373daef829f48deddc288,2017-10-14T11:58:22.000Z,1.037,0x0f657358eb80890bc758438ad996ba3a8ef87da5,buy,0x0000000000000000000000000000000000000000,0x42ab7adf7945c2fd9d76d04563772ad61ef9361491d526942d68e46bf05e4f6f
53,0.0825,0.0855525,0x99aaafe509263b30c40373daef829f48deddc288,2017-10-14T11:54:57.000Z,1.037,0x0f657358eb80890bc758438ad996ba3a8ef87da5,buy,0x0000000000000000000000000000000000000000,0x4d942e0f684547f4d8398869948af5790d12af739aa4621cb5f8d678dd77d99f
54,0.0825,0.0855525,0x99aaafe509263b30c40373daef829f48deddc288,2017-10-14T11:49:36.000Z,1.037,0x0f657358eb80890bc758438ad996ba3a8ef87da5,buy,0x0000000000000000000000000000000000000000,0xe028a5c6e6bf5a947ef4e94540706f23b6bdc4a626188abfc46d3e340bc6b0fc
55,1,1.03,0x99aaafe509263b30c40373daef829f48deddc288,2017-10-14T11:33:28.000Z,1.03,0xd98a3954353055ab642c9159c7f3b25dac2dc29b,buy,0x0000000000000000000000000000000000000000,0xd02357edb5cfaa28c9cad61e61eee82c774425eb7c9f4e5e37f1ddf136d82930
56,0.00254289189315413,0.002641810387797826,0x79ba821f4670f614db04e80185127c2e1a381605,2017-10-14T10:03:33.000Z,1.0389000000000002,0xcec059742071b60375cc5f8c236768b25f85776d,buy,0x0000000000000000000000000000000000000000,0x1054bd37a2a60e6c7328d2b72137a1bc6554e6777f328df6b07ab7fdc4ae05d9
57,0.074,0.074,0xb7facd2d94d25e695eeabc44c826ab8e1e2bee84,2017-10-14T05:20:04.000Z,1,0x0f657358eb80890bc758438ad996ba3a8ef87da5,buy,0x0000000000000000000000000000000000000000,0x3dfe88450c69b4d0711e70dc1f9c53a7bd4003915beabf50d9c3ecaca89ff051
58,0.005545569325092214,0.005545569325092214,0x5aed459e223098c3a2459602880025d5bf434164,2017-10-13T18:26:11.000Z,1,0x0f657358eb80890bc758438ad996ba3a8ef87da5,buy,0x0000000000000000000000000000000000000000,0xb64cf07f69f5ebe02e8ec85497153a4a63b39e7295415f12611eea29686117f2
59,0.003,0.003,0x368094be78b725fb5a43e30e72652af809fcb045,2017-10-13T15:56:07.000Z,1,0x0f657358eb80890bc758438ad996ba3a8ef87da5,buy,0x0000000000000000000000000000000000000000,0x26765b043e3863733a639227f3082ed9ad8683eb4eb751746f703ff91a055c4d
60,0.003,0.003,0x368094be78b725fb5a43e30e72652af809fcb045,2017-10-13T15:54:41.000Z,1,0x0f657358eb80890bc758438ad996ba3a8ef87da5,buy,0x0000000000000000000000000000000000000000,0x64e35110012bb6674bfa32ef6ab96a845e55592096864de9d7ca426a408e1ec3
61,0.000017260221368799,0.016017485430245584,0x4603d9e08a20581137575684128237a622bee8c3,2017-10-12T00:16:01.000Z,928.0000000000065,0xdcce32ecd82fb651983b10ba53bf3141a330c953,buy,0x0000000000000000000000000000000000000000,0xfc359a6c8fc75843c18d7db5dabe3bcb5786860a8abfcb210c499330687009ea
62,0.0099,0.01,0xd8a62ad8a7efa8a3267932d2e478c026566fbe34,2017-10-08T04:38:08.000Z,1.0101010101010102,0xd8a62ad8a7efa8a3267932d2e478c026566fbe34,buy,0x0000000000000000000000000000000000000000,0x8de3299cd39d89e1507b71c77f9b5fe08684f149fcb4831fcc006d5ff73278d7
63,0.00000000000001,0.001,0xcb3305222754337e3d2e307d46acfdc67ce5fce3,2017-10-07T11:20:11.000Z,100000000000,0xa7f1df70df174d29e32bf783088d848d8c9e96d0,buy,0x0000000000000000000000000000000000000000,0x6c5c6ed8588b8f480005d63a321e72f429d1b1c242d062f8b6445cc0428e0370
64,0.174295977350239,0.18475373599125333,0x5100dadf11113b0730829d2047b9df4da1d80e68,2017-10-07T07:45:08.000Z,1.06,0x4de6bf61916eafb0510af6aa45e0cf994a571adb,buy,0x0000000000000000000000000000000000000000,0x8065df7aaf84a8c0cc98b6489cb723d993fdf468f5f3d81ee5734e3dcc9f5c6a
65,0.1291969203318494,0.13694873555176038,0x5100dadf11113b0730829d2047b9df4da1d80e68,2017-10-07T07:35:10.000Z,1.06,0x4de6bf61916eafb0510af6aa45e0cf994a571adb,buy,0x0000000000000000000000000000000000000000,0xa477411f3d9a8c5456707c8a5f797161c8a53c9fceea7225b286e4146835eb77
66,0.001,0.001,0x9e41fd0e10b26611b8368a3875a16f4aa7f12693,2017-10-07T02:16:06.000Z,1,0x8d6e0a79003a9d49e68a6b82bbd497189f019905,buy,0x0000000000000000000000000000000000000000,0xf6f50cdfdf4cf85f2a49c2ac8941cea5025422f42a3b1b9cde49d31412ccee42
67,0.5255069279453694,0.5762137374140166,0x302fea2837c85e27988ff8c8ca58969c62bef4f5,2017-10-05T10:45:01.000Z,1.0964912292724684,0xa10cefa3d041e48d2889f34c0341560929b43e39,buy,0x0000000000000000000000000000000000000000,0x1712b253a6fb6b860c3b62a47b5a93b01464e8614b06edfaf978e67c542d28ba
68,0.001,0.001,0x4766c493e238774722992c73519b0eddaa93a818,2017-10-05T00:29:36.000Z,1,0x8d6e0a79003a9d49e68a6b82bbd497189f019905,buy,0x0000000000000000000000000000000000000000,0x133f10d6f510a215356a947f0168af7b03068593f86ef288cec1e108b4c16e8d
69,0.11887187069482195,49.331826338351114,0x54a16458ebab0993bea4cc0917f40c3a78413ec2,2017-09-29T21:48:13.000Z,415,0x5ad20b7d1192483321646251b349d42608448a4c,buy,0x0000000000000000000000000000000000000000,0xc2bfd1038e7199f9674aa23f93e786e0b6a7d6c0621e5bdf5dd62b5e70a7ad65
70,0.001,0.415,0x54a16458ebab0993bea4cc0917f40c3a78413ec2,2017-09-29T21:44:40.000Z,415,0x5ad20b7d1192483321646251b349d42608448a4c,buy,0x0000000000000000000000000000000000000000,0xb82a9e9c63ceb5a200e221555e316462253b930c93cbe041d72d26470d72fe91
71,1.59,1.5105,0xa0be78d2bac6a692adba423c7af50ec86a18bddf,2017-09-28T05:40:10.000Z,0.95,0x733725299289a7a551659bd5a487d78c76b7baf7,buy,0x0000000000000000000000000000000000000000,0xc3c99c5cf3c50f853b5f34e96e0cddd1f8aa179f79326c401e7888e634245ff4
72,0.0000001016695907,0.01016695907009475,0xf51acbaadd2cdc904964f960db82f55cba5899d4,2017-09-27T03:15:07.000Z,100000.00000093193,0xc6e8cfaabf567e3302f959b974dbcc33fefbee64,buy,0x0000000000000000000000000000000000000000,0x9edbbec63828345aec222608d6ef6b70ad5bc39dc35471022c16e1a39f1f7e27
73,0.017524454641425383,0.017524454641425383,0x6ca65a79f7a7fc59f5316e98d77805a033e0be83,2017-09-26T08:16:48.000Z,1,0x596506a8b4849cf8e786d2d0f9a531e45077eee5,buy,0x0000000000000000000000000000000000000000,0xc98f6bbbfad6c07292bf1644972a64b79f54c36adf749be5ae791ffccd1f2e02
74,0.029,0.029,0x6ca65a79f7a7fc59f5316e98d77805a033e0be83,2017-09-26T08:05:54.000Z,1,0x0d7a5400e00558b0c98b3f684a3f6237e6138c05,buy,0x0000000000000000000000000000000000000000,0x55d7f2440727abade8973ba98686e551cc30275fa51257b3035d6aed7c9a6a84
75,0.07247554535857462,0.07247554535857462,0x6ca65a79f7a7fc59f5316e98d77805a033e0be83,2017-09-26T08:05:16.000Z,1,0x596506a8b4849cf8e786d2d0f9a531e45077eee5,buy,0x0000000000000000000000000000000000000000,0xfcd04f343b0e73f9dea849bfbb3dc54189b0b453461ff7b0fd6886565ec4d3d2
76,0.25,0.238095238,0xd6f29f2fb0a1dc783aeab42ce7ce9276f8e14a54,2017-09-24T22:38:09.000Z,0.952380952,0xc9276f19e9159493e5289869a841d19efef5bb4d,buy,0x0000000000000000000000000000000000000000,0xa9ef1cb1581a3727d2e6600cfdac09946b2b37982b58fb659ce9aae39dfb74ba
77,0.26,0.2477800052,0xd6f29f2fb0a1dc783aeab42ce7ce9276f8e14a54,2017-09-24T22:34:04.000Z,0.95300002,0xc9276f19e9159493e5289869a841d19efef5bb4d,buy,0x0000000000000000000000000000000000000000,0x6d5c59f1f24bc62e220315bc06aa647abe847744c673cc438654ef0899133ce0
78,0.012591815055785624,0.012,0xb0356e019469e03b0e420c9097712e977304f096,2017-09-24T19:32:24.000Z,0.9530000200000001,0xc9276f19e9159493e5289869a841d19efef5bb4d,buy,0x0000000000000000000000000000000000000000,0xb695abb0bbb7e84ce84661e4796d8b4d6a1fbef0c5a61852291e4e1674a46fb3
79,0.29,0.2763700058,0xe6752641b59bffab5cce0e14dc517f9422acce12,2017-09-24T18:41:22.000Z,0.95300002,0xc9276f19e9159493e5289869a841d19efef5bb4d,buy,0x0000000000000000000000000000000000000000,0x64ace6f4b5fd052d57b5f64bc7cfa1508494ec54084a2843a44780bc0d5aea50
80,0.2772016106318957,0.2641731404762288,0xe6752641b59bffab5cce0e14dc517f9422acce12,2017-09-24T18:41:22.000Z,0.95300002,0xc9276f19e9159493e5289869a841d19efef5bb4d,buy,0x0000000000000000000000000000000000000000,0x64ace6f4b5fd052d57b5f64bc7cfa1508494ec54084a2843a44780bc0d5aea50
81,0.94,1,0x9f24eeb3cba38b77ce6e230f9c5cb0f249b95da5,2017-09-21T07:32:01.000Z,1.0638297872340425,0x303d0e1ec982df5d681f7c5c0d323619fdfb8cf7,buy,0x0000000000000000000000000000000000000000,0xeec248a326edb19b4cba2a76995a1bfbd78fe79e6c9ec4880fbb99adc1e16f7f
82,0.000000000019138625,0.000003827725080066,0x40b5d80932a7a699d65eb03127083189172f3c1f,2017-09-19T18:40:47.000Z,200000.00418347714,0xcd1684b2241e12332f34fc7909affb50066ebd3a,buy,0x0000000000000000000000000000000000000000,0x7ccbe76a8e0a2aace612918e511768e5222cf5eade5fec2ab1b47fc462af326d
83,0.000000000019138625,0.000003827725080066,0x40b5d80932a7a699d65eb03127083189172f3c1f,2017-09-19T18:38:41.000Z,200000.00418347714,0xcd1684b2241e12332f34fc7909affb50066ebd3a,buy,0x0000000000000000000000000000000000000000,0x7ccbe76a8e0a2aace612918e511768e5222cf5eade5fec2ab1b47fc462af326d
84,0.000687077875660319,0.010306168134904788,0xe914acd0bebdbd81e5232dc93939747ed4bbea31,2017-09-19T16:56:19.000Z,15.000000000000004,0x700ea70cebdcc3645a89e4f8031744de71a5a931,buy,0x0000000000000000000000000000000000000000,0x74e4ae41debfab0d8e96d0755cb69ebce964683d3ecbf9f8df1d3060b75f0fa7
85,0.00018605,0.0002,0x350f6f675b20d606bb7f6c412ef4775c9bc57168,2017-09-18T20:23:51.000Z,1.0749798441279226,0xb0bc52f5f7ceb2acf0d35ff73b4ba0d1288888e5,buy,0x0000000000000000000000000000000000000000,0x3cc08f2290d2979a620c96ffc2ff66be6ecb173e3290594b5cf513d4fef7ee94
86,0.000000004345528169,0.000652481707166363,0xa1956ed2cbaf852199e43aea7979cb16ffe65d2c,2017-09-18T14:22:30.000Z,150150.1501753038,0x9285a6b79a604ac02a58b7cc182fae1bd3f81b6d,buy,0x0000000000000000000000000000000000000000,0x3bdfa959fb32cc0a5e8161e13371621c8961abda21276ee99b530e9d206d538d
87,0.00004086817276443,6.136362276941481,0xa1956ed2cbaf852199e43aea7979cb16ffe65d2c,2017-09-18T03:29:27.000Z,150150.15015015114,0x9285a6b79a604ac02a58b7cc182fae1bd3f81b6d,buy,0x0000000000000000000000000000000000000000,0xc952492403ce2ef24e885c32ec5f339bc5782480b78c06481755e1d873f4f86c
88,0.00039887514611469,0.000428671119529458,0x0de94f73737283ba7bd500ed04f9cce57a7ad9ba,2017-09-14T13:03:31.000Z,1.0747000000000015,0x8a419e49555dc54cc2d54780b844accc419749be,buy,0x0000000000000000000000000000000000000000,0x8ec4a40caf5f8547681600a610767edddafd4f4f6c708660fba2dabd7ce1aeed
89,2.14,2,0x8a419e49555dc54cc2d54780b844accc419749be,2017-09-14T03:52:13.000Z,0.9345794392523364,0x8a419e49555dc54cc2d54780b844accc419749be,buy,0x0000000000000000000000000000000000000000,0x6d47f2423bd39e6243ef0fe1c962d97389e9a41fbc531089ac982f26f8b035e3
90,0.009274621425305236,0.009969095803010666,0x1c93d79ae28bb3d1e4c3ff5d5d90223630478809,2017-09-12T18:35:40.000Z,1.0748790000000001,0x8a9b8e52258c65aef1acffef3e88de06ffe5fac3,buy,0x0000000000000000000000000000000000000000,0x087ae1cd48850e78aab86b97b23900558297cfbacfa535e2606af499b99aed26
91,0.000003688546535518,0.000003976253165289,0x27618e5c1c228887cba0909e668802e402bfbce2,2017-09-10T20:40:48.000Z,1.0780000000001615,0x2d05e61adf19905bd30a914c2b651bc9b69edb01,buy,0x0000000000000000000000000000000000000000,0x08c76ea0bae71ebac06c7faf11317f895b28095b3fadb8ff10f05e56ee752be5
92,0.061148578647026726,0.06603518212421892,0x90edeedb07257e143fa6fb7e8312b401b73e1028,2017-09-08T14:32:01.000Z,1.079913606911447,0xa7d3aa01d021c362143422e32c099a34d5fbe320,buy,0x0000000000000000000000000000000000000000,0x083b09f0333140adea20cbb90436f90a45cb7d1cf90638fa73cbc3464fcd5b88
93,0.834,0.90072,0x75885d6f6e57b497ca1f79e785bdb48eca52d0be,2017-09-07T18:00:14.000Z,1.08,0x48eaedfa6ab55f414a433f0778f55ed9b827e822,buy,0x0000000000000000000000000000000000000000,0x27fabc44720805a0c180fc6c1972d87ebd15a94037693a450a765224d3ec3763
94,1.912,2,0x385170aebcc64c9c29d8aa4a8135b1af03f9f444,2017-09-04T14:42:57.000Z,1.0460251046025104,0x7565aea476b139fbf2db121d2667eb2196b6a393,buy,0x0000000000000000000000000000000000000000,0xc5e0c0f0728b0e3503243fc3a8712d01ea202bfaf85b35c250d6cb6e48faade3
95,0.00000996909580301,0.000996909580301066,0x0491b8bc819afa84124cb34244583ce4cd4903b2,2017-09-03T23:59:11.000Z,100.00000000000662,0x48eaedfa6ab55f414a433f0778f55ed9b827e822,buy,0x0000000000000000000000000000000000000000,0xfa529789e867ae807d82859ab5b669a7e1ded34d571e15aedfba928a5577c740
96,0.01,0.02,0x0491b8bc819afa84124cb34244583ce4cd4903b2,2017-09-03T23:21:33.000Z,2,0xb049ada212db741735b4859917f6969351fcb125,buy,0x0000000000000000000000000000000000000000,0x802b4bd701b98aba852d46bab354345749cb39ddbe89ae4879ab345ad13f44b3
97,0.92,1,0x72727667ea73e5b0a1612d7d685b205c78ae4748,2017-09-02T19:18:50.000Z,1.0869565217391304,0x48eaedfa6ab55f414a433f0778f55ed9b827e822,buy,0x0000000000000000000000000000000000000000,0x5589725aba42e2601a5e23d26bc762cf8b38b4e7ee2a0a3c9c4340f24b5343c8
98,0.002492273950752666,0.004984547901505333,0xc5ad5d7987a0c069311d9082e8470dbd834622fa,2017-08-27T12:38:44.000Z,2.0000000000000004,0xb049ada212db741735b4859917f6969351fcb125,buy,0x0000000000000000000000000000000000000000,0xc7e60e0001326907a8e51c21dd3ec323e48036f26aa7781be9422331ede5af4f
99,3.067520556885757,3.220832168086683,0xcaab4f28e949dea4e773e09e5b55bd34dbf8b9f3,2017-08-26T22:40:38.000Z,1.0499790004199916,0xa10cefa3d041e48d2889f34c0341560929b43e39,buy,0x0000000000000000000000000000000000000000,0xb8a47bf4bb09bc29536551cc2efd8728b0722c4fb7272bc315f5057fe8ce09c7
100,0.0019048,0.002,0x51aefa5e5b31e0416490a6f647efcb1a3af94c74,2017-08-26T17:16:43.000Z,1.0499790004199916,0xa10cefa3d041e48d2889f34c0341560929b43e39,buy,0x0000000000000000000000000000000000000000,0x3ac3f4f2b20deb6c0161f9740d38096c7e5c8ff49b81dfad44dac6b2e6f8e1d6
101,0.04781144951768048,0.05020101797320504,0x447a5acf5b2c315b0c8d9cdf31660f6a06360701,2017-08-26T16:02:00.000Z,1.0499790004199916,0xa10cefa3d041e48d2889f34c0341560929b43e39,buy,0x0000000000000000000000000000000000000000,0x58dc5684e83be1954be0b683e0fffaabfedde2179674179103b8aa2a9eec5aba
102,0.007454077404223047,0.007975862822518661,0x44655301b0fbb5b2c691bc812ab40682dc88b412,2017-08-23T19:08:44.000Z,1.07,0x2e280b5ece9f08fc3ec91c6243f5be7a3ca83cc3,buy,0x0000000000000000000000000000000000000000,0x680c7c0bf383f2fa90ff47c8563f5c8043226c1ac3d7062750ab0ff5cfc213d2
103,0.477,0.53,0xd483b1ded6cfcba80640dff843ac07b391f90005,2017-08-23T06:00:05.000Z,1.1111111111111112,0x153685a03c2025b6825ae164e2ff5681ee487667,buy,0x0000000000000000000000000000000000000000,0xadd6e99ff81bc0da2ec15846af2e4e8842fca562f5ccad8b3e82b7af1c8a1f9d
104,0.16258482127794427,0.18053345763612813,0x523fa79b71d439b97d72f260a6aba95124441dca,2017-08-22T22:07:00.000Z,1.1103955228852518,0x39d07a75bcc6cd90e4b928f9c26d4586617e49ab,buy,0x0000000000000000000000000000000000000000,0x4168df68b8dccfc89946ba47baff5f48b84597151aab8e444721791ce1e727b4
105,0.4205647967348479,0.4890288334126139,0x44d336e115b1ea035912c6321d344a6f45eb332b,2017-08-20T14:08:32.000Z,1.1627906976744187,0xae7a63c8543bdd1c32927a7137529b82ab9ea88f,buy,0x0000000000000000000000000000000000000000,0xbe7bfa20a8eae87e7eaff8accccb58472d50751d55a505bfdfa8a7e101c8cce5
106,0.032200179443724455,0.03788256405144053,0x5baabcbe684f28de34207956bdedecaecc0fff40,2017-08-20T02:17:03.000Z,1.1764705882352942,0xbe2c60239550a91ea74442020d0a756fe231edd1,buy,0x0000000000000000000000000000000000000000,0x074fd3a1679e5a46a28fe7f83099a0934cced7db9b0279b8a0c155e0480fa980
