,amount,amountBase,buyer,date,price,seller,side,tokenAddr,txHash
0,755,0.50585,0x4c10954d0451beadcc2b4546eb7e80b62c8f181b,2017-11-02T12:16:46.000Z,0.00067,0x707f98df58f52030643a716df8a84add5c1b62ed,sell,0xdbfb423e9bbf16294388e07696a5120e4ceba0c5,0xbcb302bc4ba6df1b9fb67d9b0d962fbcec5dc99672f0876cae708c4b615c7af0
1,221.97882918547643,0.16648389991027815,0x20b3347f036e95e199513eff67e699cf192466a4,2017-11-02T11:47:14.000Z,0.000749999,0x07f44e667b4d2034ab4b5e28b179b0e87624b1b8,buy,0xdbfb423e9bbf16294388e07696a5120e4ceba0c5,0xde519520379dcd2b0ba6ce28f88344bb9c554651a68f7792ee516cc2c963bcc9
2,0.030609924307918666,0.000022957443230939,0xd12cc3ab1515d002598b60af0aff1aa872298c95,2017-11-02T11:10:34.000Z,0.00075,0xd8be8871c52b91a1f4f8457baf0dc0946d931132,buy,0xdbfb423e9bbf16294388e07696a5120e4ceba0c5,0xca36eccb363b6264e04c6568b396a4cf97c9c976b5ed77ae4cc4481f3d477981
3,360,0.27,0x5f4bac6f00064627066e53df4a40f5f8effaa925,2017-11-02T11:08:15.000Z,0.00075,0x13c3fd153e23ded7477e0817ad4d5754e2d67649,sell,0xdbfb423e9bbf16294388e07696a5120e4ceba0c5,0x6c601e1c5a7cc10246de3093e14ea10f8184ed56a8056f93e8a652f6bb66f5eb
4,297.063,0.2079441,0xb28e531dac7177092bd54660573e39e12295d38b,2017-11-02T11:00:16.000Z,0.0007,0x13c3fd153e23ded7477e0817ad4d5754e2d67649,sell,0xdbfb423e9bbf16294388e07696a5120e4ceba0c5,0x52e684b66974ea3af21f4de9a881df2f14288cf6e0acc7ecc9f1e821bd5bd9e3
5,568.2384607716081,0.39776692254012563,0xb28e531dac7177092bd54660573e39e12295d38b,2017-11-02T10:52:51.000Z,0.0007,0x3a6eb1dca828f4bc3993d8ebc8549b2559c3f698,sell,0xdbfb423e9bbf16294388e07696a5120e4ceba0c5,0x5af4b06c7d006274e9a574aae19c3e107811afa342f3e198b991e23592e9d3d1
6,159.523,0.11007087,0xb28e531dac7177092bd54660573e39e12295d38b,2017-11-02T10:43:09.000Z,0.00069,0xe9fc0079fe5c3e8fd95161c5aee9c279cb3df888,buy,0xdbfb423e9bbf16294388e07696a5120e4ceba0c5,0xd7e21bc32c69c6204dc40e3255464eb3329ad993c7aa20d67401f6269864658c
7,13.768,0.00949992,0xb28e531dac7177092bd54660573e39e12295d38b,2017-11-02T10:40:54.000Z,0.00069,0xd8be8871c52b91a1f4f8457baf0dc0946d931132,buy,0xdbfb423e9bbf16294388e07696a5120e4ceba0c5,0xbf4cccd33c4a67a90a180ca5b526e3ae019ca12fa45c5ebf1d2634a7cef6c0ae
8,95.95254710397766,0.2302861130495464,0xd12cc3ab1515d002598b60af0aff1aa872298c95,2017-11-02T10:29:32.000Z,0.0024,0x41fdc72c25c971d1fbdea7acb8c846334bf044ec,buy,0xdbfb423e9bbf16294388e07696a5120e4ceba0c5,0xc78286f6ccada8ed35adbd72d9c8e2c9829ec0f14e676e3f03570a894b6bec49
9,40,0.0276,0x5f4bac6f00064627066e53df4a40f5f8effaa925,2017-11-02T10:23:46.000Z,0.00069,0xcdc2aa9baecaebfdf2a84ab42d37970f2e03d295,sell,0xdbfb423e9bbf16294388e07696a5120e4ceba0c5,0x9976d92a489dab5cfd1c97319f6b69a949cdf99a421a12da9b897e3189bc1bf3
10,0.7246376811594203,0.0005,0x3075f7f189912f4f425dd7021b9c396434197477,2017-11-02T10:23:04.000Z,0.00069,0xd8be8871c52b91a1f4f8457baf0dc0946d931132,buy,0xdbfb423e9bbf16294388e07696a5120e4ceba0c5,0xab79aff3490418adb125a68c13d869f80e66e47c3db42da2aa4c46ae27e8634b
11,14.403314656464476,0.009938287112960489,0x0c4a1d04c581bc7659b3f11bf261e716debc6e9f,2017-11-02T09:44:21.000Z,0.00069,0xb51ebf852dcbd8b1bed3ff689910c0c04c6f6228,sell,0xdbfb423e9bbf16294388e07696a5120e4ceba0c5,0x3e7640a1718018b4c16764c440a7fb22a263524e28646b37b2a5e70ba8ddec08
12,11.059281444912079,0.007630904196989334,0xbf57bd607d0785705b7a065dfe5f9be86e946bd5,2017-11-02T09:37:30.000Z,0.00069,0xd8be8871c52b91a1f4f8457baf0dc0946d931132,buy,0xdbfb423e9bbf16294388e07696a5120e4ceba0c5,0xee68a4530fc211912dd4cb67cc168b1abd9fb56c2f21d15495bae2817edf2fca
13,11.01504431913243,0.0077105310233927,0x0c4a1d04c581bc7659b3f11bf261e716debc6e9f,2017-11-02T09:37:30.000Z,0.0006999999999999999,0xbf57bd607d0785705b7a065dfe5f9be86e946bd5,sell,0xdbfb423e9bbf16294388e07696a5120e4ceba0c5,0xee68a4530fc211912dd4cb67cc168b1abd9fb56c2f21d15495bae2817edf2fca
14,450,0.31401,0x0c4a1d04c581bc7659b3f11bf261e716debc6e9f,2017-11-02T09:36:20.000Z,0.0006978,0xbc046cdc98226d2f35a68f176b1a47e0dad404ec,buy,0xdbfb423e9bbf16294388e07696a5120e4ceba0c5,0x237fcddd46b78a1edf347d19739de7690255e3ab04eea35eb2f1b5a898ac364f
15,554.377,0.38694960223,0x4c10954d0451beadcc2b4546eb7e80b62c8f181b,2017-11-02T09:28:54.000Z,0.00069799,0x4fe3e8a137680038f5c1a7262b8dfe96cc8a1f03,buy,0xdbfb423e9bbf16294388e07696a5120e4ceba0c5,0x0b5ce1b20a9f29273766e9f22f13db10b050d8d15356a4cde87491e1af7f5188
16,234.53656164114528,0.1641755931488017,0x4c10954d0451beadcc2b4546eb7e80b62c8f181b,2017-11-02T09:27:27.000Z,0.0007,0x2ba92e646498f4aa0613c770ce101539f7ce54da,buy,0xdbfb423e9bbf16294388e07696a5120e4ceba0c5,0x7e1bb09e37836de2dedf5c4b5630e8f3317a07359c149e3520cc6cc4d61c309d
17,14.447964931899516,0.009969095803010666,0xb51ebf852dcbd8b1bed3ff689910c0c04c6f6228,2017-11-02T09:25:55.000Z,0.00069,0xd8be8871c52b91a1f4f8457baf0dc0946d931132,buy,0xdbfb423e9bbf16294388e07696a5120e4ceba0c5,0x71d2bd9997e189f3bb2391f4370dc8b5f8e59628608620470ff78b00f42e1703
18,300,0.2067,0x4c10954d0451beadcc2b4546eb7e80b62c8f181b,2017-11-02T09:22:57.000Z,0.000689,0x1d36b23ce4782bb1ccecb0f03c3f1f2276535c5f,buy,0xdbfb423e9bbf16294388e07696a5120e4ceba0c5,0x161fe92da31d7c05483f5e95f39cef047a2c3362f9884e2082f1e83ad61d1fac
19,3116.323650787038,2.0879368460273153,0x4c10954d0451beadcc2b4546eb7e80b62c8f181b,2017-11-02T09:15:53.000Z,0.00067,0x5b3649d50247ee11269068c67a2d259d689f97d6,buy,0xdbfb423e9bbf16294388e07696a5120e4ceba0c5,0x694f38e2e39f9d65b05c2e77c4092818d81da3b8f8a4e2d39e96358b0d9beb64
20,2400,1.6319976,0x4c10954d0451beadcc2b4546eb7e80b62c8f181b,2017-11-02T09:15:46.000Z,0.000679999,0x5de6c7e2a39746b2e04d456b9fbe3b844c6250c3,buy,0xdbfb423e9bbf16294388e07696a5120e4ceba0c5,0x8dce4edd1f520fd4166362fa3463b56a531ff70b6603e244e431d585bce1e15c
21,3040.926349212962,2.0374206539726845,0x4c10954d0451beadcc2b4546eb7e80b62c8f181b,2017-11-02T09:12:17.000Z,0.00067,0x5b3649d50247ee11269068c67a2d259d689f97d6,buy,0xdbfb423e9bbf16294388e07696a5120e4ceba0c5,0xca07db4e0419633b130e75e36389933d047c0ab072e672307dbf5654de110c65
22,2400,1.632,0x5de6c7e2a39746b2e04d456b9fbe3b844c6250c3,2017-11-02T08:34:48.000Z,0.00068,0x5b3649d50247ee11269068c67a2d259d689f97d6,buy,0xdbfb423e9bbf16294388e07696a5120e4ceba0c5,0xe55e90bd2ae34ed75b60ed3ea84aae95792fe7eb1504f2166637e96b6221a968
23,586,0.39262,0xeb34ae6a16d0a6b67f59e75669a290df2ee55ff5,2017-11-02T08:02:07.000Z,0.00067,0x72c7c99e6e9db5bc915d2fccbb6102ed3e120f96,buy,0xdbfb423e9bbf16294388e07696a5120e4ceba0c5,0xefcb01c113d80959761f2fa2303566362a9378610fe081cfd9f49bf902830aec
24,0.001,0.00000068,0x5b3649d50247ee11269068c67a2d259d689f97d6,2017-11-02T07:05:22.000Z,0.00068,0x5b3649d50247ee11269068c67a2d259d689f97d6,buy,0xdbfb423e9bbf16294388e07696a5120e4ceba0c5,0x75a64eb9c543d63b82f75b9441742cf6d9edd6796c64e8b3546c5e86a367df25
25,0.011750412620288928,0.000006171904228806,0x6009502524cc23d9861056a1d2b2f89603b14bbc,2017-11-02T06:53:45.000Z,0.0005252499999999354,0xfead0d408ff878d61b9d4f7a2526925ebe436a4c,sell,0xdbfb423e9bbf16294388e07696a5120e4ceba0c5,0xf787de54ce6c2522c927f30549878b3d54a06918942feb53d23de9511cf0e280
26,117.86838899411823,0.0619103713191606,0x6009502524cc23d9861056a1d2b2f89603b14bbc,2017-11-02T06:52:50.000Z,0.00052525,0xfead0d408ff878d61b9d4f7a2526925ebe436a4c,sell,0xdbfb423e9bbf16294388e07696a5120e4ceba0c5,0x9bdc5c3802088600ad7819604dfa9affffaa13b39f3ee62df5e13cabaa2d6f9d
27,231.073,0.125934785,0x6009502524cc23d9861056a1d2b2f89603b14bbc,2017-11-02T06:52:23.000Z,0.000545,0xfead0d408ff878d61b9d4f7a2526925ebe436a4c,sell,0xdbfb423e9bbf16294388e07696a5120e4ceba0c5,0x49ffe96ee2887aeea471061a66bced83464a53391e9258988b89fa3dc4151eb0
28,442.75463900677335,0.30107315452460587,0x9a8a5aa38b0b0eadc9acc78fa4e028a3d3af24e3,2017-11-02T06:37:08.000Z,0.00068,0x5b3649d50247ee11269068c67a2d259d689f97d6,buy,0xdbfb423e9bbf16294388e07696a5120e4ceba0c5,0xafae56a6523a37563f53e442de1c100093cfd5ab82bf7165318179f1632cb555
29,1500,1.032,0x696ca3fb370b5ef684c7695ffc7ed404d3337da7,2017-11-02T06:04:39.000Z,0.000688,0x65753592de4db3482b2a2dec2406635f661d42ae,buy,0xdbfb423e9bbf16294388e07696a5120e4ceba0c5,0xef100d87afebb9c605f9e44b4cd491eb050901d221601b422982c2677b1bb7f1
30,204,0.11118,0x65753592de4db3482b2a2dec2406635f661d42ae,2017-11-02T05:46:10.000Z,0.000545,0x6c96c9088b8bd1a5759e36c9f373bf89ae7470fb,buy,0xdbfb423e9bbf16294388e07696a5120e4ceba0c5,0x08408e85560cbb2e221381134adf7e96c156417bb8bc4ffb878cf1738b316427
31,758,0.45859,0x467548f9ca6b4af78d26de6db46f1e075720fada,2017-11-02T05:40:14.000Z,0.000605,0x6c96c9088b8bd1a5759e36c9f373bf89ae7470fb,sell,0xdbfb423e9bbf16294388e07696a5120e4ceba0c5,0x8a04af2af94b00d039a6571fef1b2e3ce629b63d3e7ef7562acb3d52168e21fa
32,242,0.14641,0x467548f9ca6b4af78d26de6db46f1e075720fada,2017-11-02T05:38:35.000Z,0.000605,0x0c4a1d04c581bc7659b3f11bf261e716debc6e9f,sell,0xdbfb423e9bbf16294388e07696a5120e4ceba0c5,0x989744e409e8793e7dde4eda1a4b56f5ef8b991e2553351cd82f929e279facc0
33,400,0.2423996,0x85534954a72366d141c1769c0b8f5be473af8423,2017-11-02T05:33:38.000Z,0.000605999,0x6c96c9088b8bd1a5759e36c9f373bf89ae7470fb,sell,0xdbfb423e9bbf16294388e07696a5120e4ceba0c5,0x86919d9e62fa5f316af7af82a682446582a119154568f3222f2aca899cc76731
34,0.523231555333998,0.000418585244267198,0xe9fc0079fe5c3e8fd95161c5aee9c279cb3df888,2017-11-02T05:31:03.000Z,0.0007999999999999992,0x1d5321e125f6c7079a716705541c7b371ca79e69,sell,0xdbfb423e9bbf16294388e07696a5120e4ceba0c5,0x2c4492c0a6d37e701ec82d3b24845eb903fd24e272e8f93ba35b1f17ff70c1dd
35,0.52480125,0.00036106326,0x1d5321e125f6c7079a716705541c7b371ca79e69,2017-11-02T05:31:03.000Z,0.000688,0x65753592de4db3482b2a2dec2406635f661d42ae,buy,0xdbfb423e9bbf16294388e07696a5120e4ceba0c5,0x2c4492c0a6d37e701ec82d3b24845eb903fd24e272e8f93ba35b1f17ff70c1dd
36,0.001,0.00000075,0x5b3649d50247ee11269068c67a2d259d689f97d6,2017-11-02T04:43:01.000Z,0.00075,0x7a3389cdf92c9d419c11183f02c7f118012d8f71,buy,0xdbfb423e9bbf16294388e07696a5120e4ceba0c5,0xa732309bf0bbc65f2c493fe04108fcee48931f68d676b4e70a81b35d7673b1e5
37,13.995,0.008397,0x0b6dbe9a51eefbf7e924b7257c7950402c80fe87,2017-11-02T04:37:56.000Z,0.0006,0x0c4a1d04c581bc7659b3f11bf261e716debc6e9f,sell,0xdbfb423e9bbf16294388e07696a5120e4ceba0c5,0x91607eb136be6830e18f6dbcff8c7b82897f0acb217ee94cbd41ea46b4e919e6
38,175,0.09625,0x4533a962effd2ff2a91b1bc469cdbc55f5cfe434,2017-11-02T04:37:56.000Z,0.00055,0x0c4a1d04c581bc7659b3f11bf261e716debc6e9f,sell,0xdbfb423e9bbf16294388e07696a5120e4ceba0c5,0x1bd6eaee0f4a3662ecd00602523c5478c1d294b2a3ea8d7f31cd50721e81b7e2
39,440,0.243628,0xeb89bd1689d51bdb2f16818e03f1e9944904b407,2017-11-02T04:37:46.000Z,0.0005537,0x0c4a1d04c581bc7659b3f11bf261e716debc6e9f,sell,0xdbfb423e9bbf16294388e07696a5120e4ceba0c5,0x454e076ba0365d39b86d4a305d6fdc2bf39406d3593a7c2da39734aeb26e5bcd
40,488,0.277672,0xeb89bd1689d51bdb2f16818e03f1e9944904b407,2017-11-02T04:34:07.000Z,0.000569,0xc586cd9d41a75d9e74bc25e9a15385a4525826b1,sell,0xdbfb423e9bbf16294388e07696a5120e4ceba0c5,0xec487064c4594b8955d1633bb1e7fbfea98ee8f6a98bf534429d42445784b4ae
41,108,0.066000096,0x42b350178bb2790f1facc3cc82a34ed81570ca59,2017-11-02T04:34:07.000Z,0.000611112,0xc586cd9d41a75d9e74bc25e9a15385a4525826b1,sell,0xdbfb423e9bbf16294388e07696a5120e4ceba0c5,0x47d80410162e3316f32e1638f81750683e83be2980b5a4c7a4d8184b59cc3da1
42,112.7218040407903,0.06988763122709403,0xe9fc0079fe5c3e8fd95161c5aee9c279cb3df888,2017-11-02T04:34:01.000Z,0.000620001,0xc586cd9d41a75d9e74bc25e9a15385a4525826b1,sell,0xdbfb423e9bbf16294388e07696a5120e4ceba0c5,0xb6b2a9f60900c8dc47ed36fe5f70b3543bb9a3dfeda423847596a4cb04cfec1f
43,0.001,0.000000698,0x5b3649d50247ee11269068c67a2d259d689f97d6,2017-11-02T03:52:55.000Z,0.000698,0x2e76f28d753b219b02037e5f40a5719ec7e4d493,buy,0xdbfb423e9bbf16294388e07696a5120e4ceba0c5,0xbadf1cedccd6c348c8c6da286c6167d54f609a34b113a65eba7bd55700092109
44,4995.581,2.497795495581,0x75c32299da1395c5ba98c6e213f0deb1320a33cb,2017-11-02T03:45:18.000Z,0.000500001,0xfc851b0fc03c02e2be9cfe39f05f30e9ba21f4bd,sell,0xdbfb423e9bbf16294388e07696a5120e4ceba0c5,0xfc056973e7ab46fdb08823036e750650e1d5abfa54b3edc4d3a3366ffdf54362
45,1000,0.542,0x467548f9ca6b4af78d26de6db46f1e075720fada,2017-11-02T03:45:03.000Z,0.000542,0xfc851b0fc03c02e2be9cfe39f05f30e9ba21f4bd,sell,0xdbfb423e9bbf16294388e07696a5120e4ceba0c5,0xec0713913d2641515751d584200902c6baeb1aff76009e0afd5687136eb198f0
46,0.5,0.000348995,0xe2b48b3dd0b33283b4802e63e65518f27e635054,2017-11-02T02:01:38.000Z,0.00069799,0x4fe3e8a137680038f5c1a7262b8dfe96cc8a1f03,buy,0xdbfb423e9bbf16294388e07696a5120e4ceba0c5,0x320097f8a22df9cdfbd8fc1de1dba5ddc3d394ae0c3a22c89aec8e55e4221503
47,0.5,0.000348995,0xed2ca7381d82f8fb9bcc54ea6ab6526e35aece25,2017-11-02T02:01:31.000Z,0.00069799,0x4fe3e8a137680038f5c1a7262b8dfe96cc8a1f03,buy,0xdbfb423e9bbf16294388e07696a5120e4ceba0c5,0xb892a10c9aa54dc9628c45af161e88d03e850628ec576e5cce5a0a7acde1ba89
48,0.001,0.000000799999,0x5b3649d50247ee11269068c67a2d259d689f97d6,2017-11-02T01:15:57.000Z,0.000799999,0x5b3649d50247ee11269068c67a2d259d689f97d6,buy,0xdbfb423e9bbf16294388e07696a5120e4ceba0c5,0x2658a3caf5a0f33e4e25323f80ee29396a78ff16875b93ccfbb1f42204605823
49,123.392,0.08267264,0x62811bad33976daa81da5a013f5a6486054b9dfd,2017-11-02T01:03:19.000Z,0.00067,0x0c4a1d04c581bc7659b3f11bf261e716debc6e9f,sell,0xdbfb423e9bbf16294388e07696a5120e4ceba0c5,0x584f411d3b86086bc0498743d08cc8597885ef15df3e0d24cab72645c5e4952a
50,934.6228851447285,0.6523574276021691,0x07f44e667b4d2034ab4b5e28b179b0e87624b1b8,2017-11-02T00:36:58.000Z,0.00069799,0x4fe3e8a137680038f5c1a7262b8dfe96cc8a1f03,buy,0xdbfb423e9bbf16294388e07696a5120e4ceba0c5,0xf5f3fa207c1a5b9a3628ad4b73999bd85ce68c14e687b2387ed4756497fd0170
51,1490,1.04002,0x4fe3e8a137680038f5c1a7262b8dfe96cc8a1f03,2017-11-01T23:05:37.000Z,0.000698,0x72c7c99e6e9db5bc915d2fccbb6102ed3e120f96,buy,0xdbfb423e9bbf16294388e07696a5120e4ceba0c5,0x5561a0aa3d20b3713202b6d99c1a922266a3f0e1d0e477b3b997ed383769c52d
52,450,0.3141,0xbc046cdc98226d2f35a68f176b1a47e0dad404ec,2017-11-01T22:48:08.000Z,0.000698,0x72c7c99e6e9db5bc915d2fccbb6102ed3e120f96,buy,0xdbfb423e9bbf16294388e07696a5120e4ceba0c5,0x3c4a1ecaab015eb74cb21ce7b02625fd6aa2ce2200ef4e3500405c8124e3b773
53,0.001,0.0000008799,0x5b3649d50247ee11269068c67a2d259d689f97d6,2017-11-01T21:31:36.000Z,0.0008799,0x1804206b5be10e6d88ee076f73c6e9b50097f236,buy,0xdbfb423e9bbf16294388e07696a5120e4ceba0c5,0x732aa4274b2c9955cd1af586e02f714300957f8ca7789fc6713b769a50c1b6ba
54,9000,4.727268,0x5b3649d50247ee11269068c67a2d259d689f97d6,2017-11-01T21:03:18.000Z,0.000525252,0xfc851b0fc03c02e2be9cfe39f05f30e9ba21f4bd,sell,0xdbfb423e9bbf16294388e07696a5120e4ceba0c5,0xea71da66b2242cc2094a59fccc160490295bab1f147770043685b5a47d63bd82
55,2768.927,1.509065215,0x6009502524cc23d9861056a1d2b2f89603b14bbc,2017-11-01T21:03:18.000Z,0.000545,0xfc851b0fc03c02e2be9cfe39f05f30e9ba21f4bd,sell,0xdbfb423e9bbf16294388e07696a5120e4ceba0c5,0x9a1dbace9f324511712cb22017909fceb681776e3a96a9aee9d9cb38a8c52441
56,1000,0.55,0xd9a9c3b6150d696b17f6eef3f7f2cc0259044276,2017-11-01T21:03:18.000Z,0.00055,0xfc851b0fc03c02e2be9cfe39f05f30e9ba21f4bd,sell,0xdbfb423e9bbf16294388e07696a5120e4ceba0c5,0xee0dcc0a820c137fc1557e2039e9847305be3ee49d91f4000d329a1bc5683486
57,5000,2.750005,0xe80eefd9eb693fdb70b3c1311eb438eedf94921b,2017-11-01T21:02:35.000Z,0.000550001,0xfc851b0fc03c02e2be9cfe39f05f30e9ba21f4bd,sell,0xdbfb423e9bbf16294388e07696a5120e4ceba0c5,0x8bf4d28017aef03a5f94f452d525e7c1a7a83a832c8748a71ddf8b12df210e1c
58,106.81174206023759,0.07476821944216631,0x213ee0fe2101e5ccdf241891828e31ccb6a56337,2017-11-01T20:22:01.000Z,0.0007,0x2ba92e646498f4aa0613c770ce101539f7ce54da,buy,0xdbfb423e9bbf16294388e07696a5120e4ceba0c5,0x0b760997a6d6668fdfac3171368620b5477c92269e2534cdd9be7e6316182d24
59,0.012299160344269333,0.000009224370258202,0x213ee0fe2101e5ccdf241891828e31ccb6a56337,2017-11-01T20:18:10.000Z,0.00075,0x7a3389cdf92c9d419c11183f02c7f118012d8f71,buy,0xdbfb423e9bbf16294388e07696a5120e4ceba0c5,0x0e53b35d9ad5374568dd95e48a06563aa747498c9c186f0b7c34d6fbbd8db229
60,42.72469629861714,0.029907287409032,0xcdc2aa9baecaebfdf2a84ab42d37970f2e03d295,2017-11-01T19:50:35.000Z,0.0007,0x2ba92e646498f4aa0613c770ce101539f7ce54da,buy,0xdbfb423e9bbf16294388e07696a5120e4ceba0c5,0x966b7f03f89ae1e3323ef1ce282cbb425743f5f3376444d69da3e11472123a1b
61,20,0.014,0x6d14f642af21d9b7db8047693bd19ce5078a7181,2017-11-01T19:39:41.000Z,0.0007,0x6c96c9088b8bd1a5759e36c9f373bf89ae7470fb,sell,0xdbfb423e9bbf16294388e07696a5120e4ceba0c5,0xeb36d6edf5c9f3c04a32f6bf9ab06b46f4eb2869c466a630b815754d11a4b454
62,100,0.0701,0x7a3389cdf92c9d419c11183f02c7f118012d8f71,2017-11-01T19:39:36.000Z,0.000701,0x6c96c9088b8bd1a5759e36c9f373bf89ae7470fb,sell,0xdbfb423e9bbf16294388e07696a5120e4ceba0c5,0x3018cdac3926cd4e70b5ba876998d2c95e01b8e8197626a42550585379c718e5
63,32,0.0224,0x273a5d3e6721b9f5c1a6474f560c1334c63dda01,2017-11-01T18:47:12.000Z,0.0007,0x2ba92e646498f4aa0613c770ce101539f7ce54da,buy,0xdbfb423e9bbf16294388e07696a5120e4ceba0c5,0x39428cea591af7e98cc96a2a6d132c538312cc5a0866e97a2c50dd57fbd41487
64,31.904,0.023928,0x6d14f642af21d9b7db8047693bd19ce5078a7181,2017-11-01T18:47:12.000Z,0.00075,0x273a5d3e6721b9f5c1a6474f560c1334c63dda01,sell,0xdbfb423e9bbf16294388e07696a5120e4ceba0c5,0x39428cea591af7e98cc96a2a6d132c538312cc5a0866e97a2c50dd57fbd41487
65,29.91,0.0224325,0x6d14f642af21d9b7db8047693bd19ce5078a7181,2017-11-01T18:42:32.000Z,0.00075,0x273a5d3e6721b9f5c1a6474f560c1334c63dda01,sell,0xdbfb423e9bbf16294388e07696a5120e4ceba0c5,0x310ff65dd4f48b58984cfc5680532078e6b1919f819454e89b65f547bb5689a8
66,30,0.021,0x273a5d3e6721b9f5c1a6474f560c1334c63dda01,2017-11-01T18:42:32.000Z,0.0007,0x2ba92e646498f4aa0613c770ce101539f7ce54da,buy,0xdbfb423e9bbf16294388e07696a5120e4ceba0c5,0x310ff65dd4f48b58984cfc5680532078e6b1919f819454e89b65f547bb5689a8
67,1457.282,1.00552458,0x647d1c4dc83775d6e131b9eaca500d47bb90d73f,2017-11-01T18:10:34.000Z,0.00069,0x4ccac6a985fd97dded37c774b437145e4ac46366,buy,0xdbfb423e9bbf16294388e07696a5120e4ceba0c5,0xd58941ed892c3454b62da7cc097ae104a02f5dc246fb0750e863f432e6789933
68,262.643,0.18122367,0x29be7e47eebfa7af350017269b9d5ad4babda86d,2017-11-01T18:09:34.000Z,0.00069,0x4ccac6a985fd97dded37c774b437145e4ac46366,buy,0xdbfb423e9bbf16294388e07696a5120e4ceba0c5,0x6f7b72ff8e5f3bd189af23f8bf187661e0e8e67183af26738d9fbf3ee7a4fca7
69,46.278195959209704,0.028692527772905974,0xe9fc0079fe5c3e8fd95161c5aee9c279cb3df888,2017-11-01T17:48:41.000Z,0.000620001,0x14c2b732f734da979d383a850a7de033585da67b,sell,0xdbfb423e9bbf16294388e07696a5120e4ceba0c5,0x2cfdb00c82f5364051849a03f32f1223bac28b845c0bf49368f7aa7a9170c515
70,120,0.08184,0xf0d8444b98fd316d6fa97ef6d9501f457e72656f,2017-11-01T17:46:25.000Z,0.000682,0x14c2b732f734da979d383a850a7de033585da67b,sell,0xdbfb423e9bbf16294388e07696a5120e4ceba0c5,0x3583be652e471f1fc34ac3acb25494b101c1cc2ee5908fd309a34384de074d2a
71,3.2087154868561796,0.002021490756719392,0x55e80025abb508216d2a492b085a8001763cd743,2017-11-01T17:46:25.000Z,0.0006299999999999997,0x14c2b732f734da979d383a850a7de033585da67b,sell,0xdbfb423e9bbf16294388e07696a5120e4ceba0c5,0x165d19450f7c90a3a4281dda1770bf0c2a3aa4bd0b5e0928de07b6052a1dc2d4
72,446.134,0.329693026,0xe6c4c5f33c898fd1457bba8db0856ee23d5d27db,2017-11-01T17:33:02.000Z,0.000739,0xe6dce38a61edba2cd7dc0be24aa42f1c1bd3de0c,buy,0xdbfb423e9bbf16294388e07696a5120e4ceba0c5,0x91311f4a77dfc0b1789081372764b7c7fe46f88bef41767774a1cde4f87157b5
73,150.09,0.111742005,0xcbe2a489e417d37266ac7124fecd4df4f7c3125d,2017-11-01T16:44:49.000Z,0.0007445,0x9d413c9f3650b2d7a264373bc89c457a05dedcae,buy,0xdbfb423e9bbf16294388e07696a5120e4ceba0c5,0xa783c0b0a2343da5e160910a8bcb0c2abf2454429b1345a47c2317791dfadc7f
74,1719.926779614773,1.3071443525072275,0x4ccac6a985fd97dded37c774b437145e4ac46366,2017-11-01T15:10:49.000Z,0.00076,0x2ba92e646498f4aa0613c770ce101539f7ce54da,buy,0xdbfb423e9bbf16294388e07696a5120e4ceba0c5,0xaa5c1ed913179ed4d9ce0a9206368ddab890ae3b1474f494c7922b30787a538b
75,150,0.105,0x9d413c9f3650b2d7a264373bc89c457a05dedcae,2017-11-01T14:45:34.000Z,0.0007,0x6c96c9088b8bd1a5759e36c9f373bf89ae7470fb,sell,0xdbfb423e9bbf16294388e07696a5120e4ceba0c5,0xc9321e44ab07320a4c0331a6ae6400f02935ef21e85fc6d409d52d7f4cc61078
76,325,0.225875,0x540ca4ba45e0f4225bbe424322b4cc8819c10dca,2017-11-01T14:27:16.000Z,0.000695,0xfc851b0fc03c02e2be9cfe39f05f30e9ba21f4bd,sell,0xdbfb423e9bbf16294388e07696a5120e4ceba0c5,0x21634e840a9564d980b7bda11694cb5e0aaa148cb940f75bad0a5edbcd4fd389
77,829,0.576984,0x72c7c99e6e9db5bc915d2fccbb6102ed3e120f96,2017-11-01T14:25:08.000Z,0.000696,0xfc851b0fc03c02e2be9cfe39f05f30e9ba21f4bd,sell,0xdbfb423e9bbf16294388e07696a5120e4ceba0c5,0x27679feb45c80f6ce567ae50c8845f0828318b36dcea820e5085da1b0f7c0a46
78,1500,0.945,0xe3547b85d1e3dcc5dd60526c18a47a316fb1f554,2017-11-01T14:24:52.000Z,0.00063,0xfc851b0fc03c02e2be9cfe39f05f30e9ba21f4bd,sell,0xdbfb423e9bbf16294388e07696a5120e4ceba0c5,0xa8dee371346378932a58a03302f115c0f5feeabaf260aaf3503ef776e6298a0c
79,293,0.2051,0x1b0333b73abd65dba355b22682925f2b56c2fc20,2017-11-01T14:12:21.000Z,0.0007,0x6c96c9088b8bd1a5759e36c9f373bf89ae7470fb,sell,0xdbfb423e9bbf16294388e07696a5120e4ceba0c5,0x3189fde2411696c99e64828fee30afa5e545dd182ee69fde752cfa038a1d7a2a
80,3000,2.0445,0x6009502524cc23d9861056a1d2b2f89603b14bbc,2017-11-01T14:10:53.000Z,0.0006815,0xfc851b0fc03c02e2be9cfe39f05f30e9ba21f4bd,sell,0xdbfb423e9bbf16294388e07696a5120e4ceba0c5,0x68c3aa797bd189b33c0907129b27d7bddbc76fe40ffb3895eea88079bbb8cc93
81,5000,3.15,0xe024c4ecad2c31ecbec328e69e1c32e9c26cb254,2017-11-01T14:10:53.000Z,0.00063,0xfc851b0fc03c02e2be9cfe39f05f30e9ba21f4bd,sell,0xdbfb423e9bbf16294388e07696a5120e4ceba0c5,0x19f478372d6346107c8beb709c75453075c424556919a20249a5194ae660fdb6
82,3900,2.4570039,0x9373cf51068cb0f770b3eb1edd2afe886f56f43c,2017-11-01T14:10:53.000Z,0.000630001,0xfc851b0fc03c02e2be9cfe39f05f30e9ba21f4bd,sell,0xdbfb423e9bbf16294388e07696a5120e4ceba0c5,0xd1f078f9ac1f90f18358a3986b018527b14b3bd5361a00cfb4452220b6ec2689
83,900,0.6309,0x5a41723fd9c6ff55713d27360f23a9a947d2c210,2017-11-01T14:05:55.000Z,0.000701,0xd6ad47611a81d12f64d9f5d5f3016932d9ec6764,sell,0xdbfb423e9bbf16294388e07696a5120e4ceba0c5,0xa49d16372e3cd61fecefd76ce8e9e91be786ea8bce92c6e566f0dde1c612dd3b
84,499.62762495088754,0.4246834812082544,0x95c569b29764bcee0b00c4e45a547e2f4b7185e4,2017-11-01T13:50:55.000Z,0.00085,0x1eac6cf7eb19f866700e69c5db6b94812331e966,buy,0xdbfb423e9bbf16294388e07696a5120e4ceba0c5,0xb1ace0e90cb64555901309b891d027d526c1445eb5b58c3b3b9b7786d076108c
85,250,0.205,0xc6d63792fba47ed3dcab5ce7df14d6b5c1ed9f86,2017-11-01T12:25:27.000Z,0.00082,0x1b0333b73abd65dba355b22682925f2b56c2fc20,sell,0xdbfb423e9bbf16294388e07696a5120e4ceba0c5,0x230646c2acc5d5b1d479ae9e66aab19996b507c1d500b0d21188dcec5d6299c4
86,1088.2155318512612,0.74216299272256,0x5a41723fd9c6ff55713d27360f23a9a947d2c210,2017-11-01T12:22:38.000Z,0.000682,0x34d4ecd77d6378ebdda1c62a38881e4587109181,sell,0xdbfb423e9bbf16294388e07696a5120e4ceba0c5,0xa4441e3c1fbab845de2ac504d0320da71c0a5cca9deecad7e3be60e303f12c35
87,1697,1.1879,0x72c7c99e6e9db5bc915d2fccbb6102ed3e120f96,2017-11-01T12:19:04.000Z,0.0007,0x34d4ecd77d6378ebdda1c62a38881e4587109181,sell,0xdbfb423e9bbf16294388e07696a5120e4ceba0c5,0x4f76580e0a1bf0641ef7095ec428e4165e7a744cc0c08b8fcbd1ccee85892a50
88,120,0.0852,0x5f4bac6f00064627066e53df4a40f5f8effaa925,2017-11-01T12:16:40.000Z,0.00071,0x34d4ecd77d6378ebdda1c62a38881e4587109181,sell,0xdbfb423e9bbf16294388e07696a5120e4ceba0c5,0x2e1527ccca20846586ea423b59bb9642131efb3fa0593fbf9182528b4ebf59f6
89,1250,1.1960875,0x34d4ecd77d6378ebdda1c62a38881e4587109181,2017-11-01T11:54:07.000Z,0.00095687,0xba914632a7e6475717eda9bcf81dc9933493a377,buy,0xdbfb423e9bbf16294388e07696a5120e4ceba0c5,0x9ef4fb95f46767f438916a1ba8015b56f0873f2623bb34893672cfd03d643f21
90,1000,0.725,0x467548f9ca6b4af78d26de6db46f1e075720fada,2017-11-01T11:52:39.000Z,0.000725,0x6c96c9088b8bd1a5759e36c9f373bf89ae7470fb,sell,0xdbfb423e9bbf16294388e07696a5120e4ceba0c5,0xf8125ecb81bac5d2fc439fe726e8cd32c9729816a95ccf9b5cf2ef6a10ed9ac0
91,665.26,0.6365673362,0x34d4ecd77d6378ebdda1c62a38881e4587109181,2017-11-01T11:49:52.000Z,0.00095687,0xba914632a7e6475717eda9bcf81dc9933493a377,buy,0xdbfb423e9bbf16294388e07696a5120e4ceba0c5,0x39d583c939e9639c3103eeefa863f737c5f65d8beb7fededadcfa99b856a58a9
92,261,0.24795,0x34d4ecd77d6378ebdda1c62a38881e4587109181,2017-11-01T11:49:40.000Z,0.00095,0xeb89bd1689d51bdb2f16818e03f1e9944904b407,buy,0xdbfb423e9bbf16294388e07696a5120e4ceba0c5,0x5998eea0ea8e54b0048f565da4affc1b665a35e3725d70b36fea43e0b6fc86d5
93,737.78,0.6049796,0x34d4ecd77d6378ebdda1c62a38881e4587109181,2017-11-01T11:48:18.000Z,0.00082,0xee3acf8c5ec3cdd3d36fb0778eddb7451673a7c1,buy,0xdbfb423e9bbf16294388e07696a5120e4ceba0c5,0xb3a47f85ed9ae48a5d410d3bacf11fb74ee68562fcc60b2a2556a8e2d40460f7
94,116.594,0.0816158,0x6009502524cc23d9861056a1d2b2f89603b14bbc,2017-11-01T10:55:59.000Z,0.0007,0x5a41723fd9c6ff55713d27360f23a9a947d2c210,buy,0xdbfb423e9bbf16294388e07696a5120e4ceba0c5,0xdd546286df28aafd447e221bbddbb76adfb1980796292b8bfa9977305ed8fc3c
95,0.001,0.0000005,0xc9e9ec41601b98599b7d58e5a5a4529ab9062e05,2017-11-01T10:32:24.000Z,0.0005,0x5b3649d50247ee11269068c67a2d259d689f97d6,sell,0xdbfb423e9bbf16294388e07696a5120e4ceba0c5,0x8ff8b2819dc60808f3f21721b6ca08ed2eba79288797c376e8a8cc069f2873e7
96,2802.373,2.2418984,0x55e80025abb508216d2a492b085a8001763cd743,2017-11-01T10:08:13.000Z,0.0008,0x6c96c9088b8bd1a5759e36c9f373bf89ae7470fb,sell,0xdbfb423e9bbf16294388e07696a5120e4ceba0c5,0x421daba4b1bb9e0a393c5fd94790d577f4bee88cd08fc5982cb1230cc9803317
97,860.046,0.6880368,0x55e80025abb508216d2a492b085a8001763cd743,2017-11-01T09:52:35.000Z,0.0008,0x0c4a1d04c581bc7659b3f11bf261e716debc6e9f,sell,0xdbfb423e9bbf16294388e07696a5120e4ceba0c5,0x87b3263310411f0c6c7c4452f4487c81a12997ab260f817de087a78548f6d1b1
98,198.60663231075316,0.15888530584860253,0x55e80025abb508216d2a492b085a8001763cd743,2017-11-01T09:42:58.000Z,0.0008,0xf0db96c182d521ec0a415a2c4af0bb4f29fea5e2,sell,0xdbfb423e9bbf16294388e07696a5120e4ceba0c5,0x67a67d2d6375bb39ef8acd4869e3ccf0d6c7a6c683ad5654fa05b8dd58dfb0a3
99,3090.419698933307,2.4723357591466453,0x55e80025abb508216d2a492b085a8001763cd743,2017-11-01T09:24:17.000Z,0.0008,0x9373cf51068cb0f770b3eb1edd2afe886f56f43c,sell,0xdbfb423e9bbf16294388e07696a5120e4ceba0c5,0xa786f538555abe372e2860d32727dc49fbb0eab2dcfbad357e70b57110155735
100,498.554178843056,0.3988433430744448,0x55e80025abb508216d2a492b085a8001763cd743,2017-11-01T09:10:31.000Z,0.0008,0x7a6c6d7dd2c3a0ce58d69360b098415e56b5d882,sell,0xdbfb423e9bbf16294388e07696a5120e4ceba0c5,0xa00e51eb0cabf871c45e823466491c7d4ba0c00e767483c84090388a2d2f169d
101,137.35661322542703,0.09614962925779891,0xe6dce38a61edba2cd7dc0be24aa42f1c1bd3de0c,2017-11-01T08:23:04.000Z,0.0007,0x6c96c9088b8bd1a5759e36c9f373bf89ae7470fb,sell,0xdbfb423e9bbf16294388e07696a5120e4ceba0c5,0x2635e12aee169b59a9da02ebef95889b9871fa1b16cd80bbe3f4a8f4186ed58f
102,10,0.007,0xe89ae97c7dab6b640930504792e8388d3cf3af4c,2017-11-01T08:23:04.000Z,0.0007,0x6c96c9088b8bd1a5759e36c9f373bf89ae7470fb,sell,0xdbfb423e9bbf16294388e07696a5120e4ceba0c5,0xed5d9a2d7b745d5d4de6a52e18fdd2421a1df0749c2b17bc0e50da9c51562a4e
103,990.0309041969894,0.6930216329378925,0x3c6438ddd1bca543953327b2cc6391df60a63982,2017-11-01T08:22:49.000Z,0.0007,0x6c96c9088b8bd1a5759e36c9f373bf89ae7470fb,sell,0xdbfb423e9bbf16294388e07696a5120e4ceba0c5,0x13f9148cbbd1554d83dd8086ded797c319b3dbb0cb5a65e768f99f9b8d3e7ad8
104,1905,1.39065,0x1b0333b73abd65dba355b22682925f2b56c2fc20,2017-11-01T08:22:41.000Z,0.00073,0x6c96c9088b8bd1a5759e36c9f373bf89ae7470fb,sell,0xdbfb423e9bbf16294388e07696a5120e4ceba0c5,0xf4e4b0e0e22beb0cc495e5d8477544889cea25cbce3dd739bdee99d3288b3747
105,92.16653630590213,0.06774240418483805,0x48b7ec299387f17fb9fd1aea979f33306bae576e,2017-11-01T08:19:58.000Z,0.000735,0x6c96c9088b8bd1a5759e36c9f373bf89ae7470fb,sell,0xdbfb423e9bbf16294388e07696a5120e4ceba0c5,0xf41a9ed65f961bb263cbef6412b5bdde6f36ca5a9fb8fd31bf7bf1a0eb130a4d
106,140.88600082897975,0.10355121060930012,0x48b7ec299387f17fb9fd1aea979f33306bae576e,2017-11-01T08:10:17.000Z,0.000735,0xa1d7500c8e8b6629538bcc6efd12f2f44c6843f3,sell,0xdbfb423e9bbf16294388e07696a5120e4ceba0c5,0xa88d286a15a280a1e6f0c7767dc365abe876658c07ecde6d6f28598ed35d55da
107,16.947462865118133,0.012456385205861828,0x48b7ec299387f17fb9fd1aea979f33306bae576e,2017-11-01T08:06:19.000Z,0.000735,0x246a44139502cd3ce09b959da7558655ffef82af,sell,0xdbfb423e9bbf16294388e07696a5120e4ceba0c5,0xffc8cf87e03ff6e94ddd339b38c3e76f31c96fa906097583004c2133edec4be5
108,10,0.0073,0x1b0333b73abd65dba355b22682925f2b56c2fc20,2017-11-01T07:19:39.000Z,0.00073,0xa1d7500c8e8b6629538bcc6efd12f2f44c6843f3,sell,0xdbfb423e9bbf16294388e07696a5120e4ceba0c5,0x7ad4ec1ec8b3d4620458b3a2caad7a29b4c49e6fecd68bc6240b3ce9c848d4ef
109,10,0.0096,0x246a44139502cd3ce09b959da7558655ffef82af,2017-11-01T06:48:42.000Z,0.00096,0xeb34ae6a16d0a6b67f59e75669a290df2ee55ff5,buy,0xdbfb423e9bbf16294388e07696a5120e4ceba0c5,0x65caa7561900918348ec2ee2b8989fdb4ccd3a5d6257bed34f7e7eaa509be1a0
110,457.2714816656938,0.43898062239906604,0x4ea71d9b0a41ac87bed08ba19ff2e47a57cbec1a,2017-11-01T06:48:13.000Z,0.00096,0xeb34ae6a16d0a6b67f59e75669a290df2ee55ff5,buy,0xdbfb423e9bbf16294388e07696a5120e4ceba0c5,0x4357ed92187c97328a937c1609c0e4fd0f8a6694819945bf5adec6ce507faf7b
111,6,0.00576,0x246a44139502cd3ce09b959da7558655ffef82af,2017-11-01T06:47:20.000Z,0.00096,0xeb34ae6a16d0a6b67f59e75669a290df2ee55ff5,buy,0xdbfb423e9bbf16294388e07696a5120e4ceba0c5,0x8354dff77e37dd2f38402fe7e092b08fbbe14dce322fdcddb1fa70119cb187ad
112,500,0.39,0xf70668675f6fd6f6c3deddeba34a5e7d968fe349,2017-11-01T06:45:47.000Z,0.00078,0x65753592de4db3482b2a2dec2406635f661d42ae,sell,0xdbfb423e9bbf16294388e07696a5120e4ceba0c5,0x667bb31b7e1cc2c4807bebe9c1ed778764a3e78e4657ad8cae4c13782c5e7688
113,1,0.000978,0x246a44139502cd3ce09b959da7558655ffef82af,2017-11-01T06:30:59.000Z,0.000978,0x65753592de4db3482b2a2dec2406635f661d42ae,buy,0xdbfb423e9bbf16294388e07696a5120e4ceba0c5,0xd94218d5954a696a414cbf0c46def37a2b46e15d0128ff8ba2d012eb9323b0c6
114,0.001,0.00000046,0x5b3649d50247ee11269068c67a2d259d689f97d6,2017-11-01T06:17:50.000Z,0.00046,0x5b3649d50247ee11269068c67a2d259d689f97d6,sell,0xdbfb423e9bbf16294388e07696a5120e4ceba0c5,0xbb136a3cdefdd101943abed40838d09b1e19c07c3c8879a876963aba18869aa2
115,362,0.289599638,0x62811bad33976daa81da5a013f5a6486054b9dfd,2017-11-01T06:08:30.000Z,0.000799999,0xc586cd9d41a75d9e74bc25e9a15385a4525826b1,sell,0xdbfb423e9bbf16294388e07696a5120e4ceba0c5,0xaa3bf45b31e7536f93f396bf437078bad82592b7aca1196d76342edb27e26199
116,20,0.0196,0x4ea71d9b0a41ac87bed08ba19ff2e47a57cbec1a,2017-11-01T06:04:34.000Z,0.00098,0x3ff21a09320652f7a03e093e48c48f8bf171d696,buy,0xdbfb423e9bbf16294388e07696a5120e4ceba0c5,0xf52dbc061217678fb68b0093c11db7ed5455b86203f15f11be2f79b0e67d7e7e
117,0.001,0.00000060011,0x5b3649d50247ee11269068c67a2d259d689f97d6,2017-11-01T05:12:44.000Z,0.00060011,0x5b3649d50247ee11269068c67a2d259d689f97d6,sell,0xdbfb423e9bbf16294388e07696a5120e4ceba0c5,0x2f5974d23a6c66d2a0ce265ad1b3840ae0588edbb6ee94ba0bf705a37b02c13b
118,2,0.001959998,0x1b0333b73abd65dba355b22682925f2b56c2fc20,2017-11-01T05:10:48.000Z,0.000979999,0xf0db96c182d521ec0a415a2c4af0bb4f29fea5e2,buy,0xdbfb423e9bbf16294388e07696a5120e4ceba0c5,0xfb3be9f6a0a19b59b67efe4e2fb4348eeacc8016db990ffe63a0cbe05aa1a8d2
119,0.001,0.00000045,0x016ab691721a99da1c1489ca0ac8b549eb0f7713,2017-11-01T04:32:45.000Z,0.00045,0x5b3649d50247ee11269068c67a2d259d689f97d6,sell,0xdbfb423e9bbf16294388e07696a5120e4ceba0c5,0x1cc04a81565fb9ea7a17bbac846700b19cd0ca1016c6bd2ba0e236955a4a1aec
120,191.22231287091648,0.18739786661349817,0xf0db96c182d521ec0a415a2c4af0bb4f29fea5e2,2017-11-01T04:30:59.000Z,0.00098,0xe6dce38a61edba2cd7dc0be24aa42f1c1bd3de0c,buy,0xdbfb423e9bbf16294388e07696a5120e4ceba0c5,0x9c55da1257c175e44ec038c551fc0a21abf8dcb200842c5a7ddac221e3d9c36a
121,10,0.007,0xf0db96c182d521ec0a415a2c4af0bb4f29fea5e2,2017-11-01T04:29:06.000Z,0.0007,0x3cbf7cfea9c51540196625dd58c23f387828d36c,buy,0xdbfb423e9bbf16294388e07696a5120e4ceba0c5,0xec892beef3a5815fe57b98c447f2af6949a608bf97d37e6d9378f190048b957a
122,0.001,0.00000060001,0x5b3649d50247ee11269068c67a2d259d689f97d6,2017-11-01T04:00:36.000Z,0.00060001,0x5b3649d50247ee11269068c67a2d259d689f97d6,sell,0xdbfb423e9bbf16294388e07696a5120e4ceba0c5,0xdd9bb9df86543ec8b98dd6bb7658ecd782682ec9dcf232061827f845e0553efd
123,1809.2158890921153,1.791123730201194,0x7b1f1661e9788eabf2ca8f0694507988dcba3638,2017-11-01T03:59:40.000Z,0.00099,0x9d4f0ccba9e805af6da4dd472dbf6922d12c5ea3,buy,0xdbfb423e9bbf16294388e07696a5120e4ceba0c5,0x673eec9de7a425316eb9ce64c74b6b94cbf265931d961694ddacb9637cfb908f
124,1214.3038199772366,1.1997321741375098,0x7b1f1661e9788eabf2ca8f0694507988dcba3638,2017-11-01T03:58:58.000Z,0.000988,0x6009502524cc23d9861056a1d2b2f89603b14bbc,buy,0xdbfb423e9bbf16294388e07696a5120e4ceba0c5,0xeeb14a0bc44a79afe2d0bab91122ff061ac0366ae35e81c1be061a540d2f9643
125,0.001,0.00000060001,0x5b3649d50247ee11269068c67a2d259d689f97d6,2017-11-01T03:57:48.000Z,0.00060001,0x5b3649d50247ee11269068c67a2d259d689f97d6,sell,0xdbfb423e9bbf16294388e07696a5120e4ceba0c5,0xaa72d6e916225533a9446c78e294ae5213e354d9192f8a6b0ab5e72f7cb40760
126,76.76543259121384,0.07584424740011927,0x7b1f1661e9788eabf2ca8f0694507988dcba3638,2017-11-01T03:52:59.000Z,0.000988,0x6009502524cc23d9861056a1d2b2f89603b14bbc,buy,0xdbfb423e9bbf16294388e07696a5120e4ceba0c5,0xd97782bd252fe2d9faadf7ad8f51afd2d18608769995b4177388f1478a0d18e1
127,112.07781658358968,0.11073288278458661,0x7b1f1661e9788eabf2ca8f0694507988dcba3638,2017-11-01T03:52:17.000Z,0.000988,0xe6dce38a61edba2cd7dc0be24aa42f1c1bd3de0c,buy,0xdbfb423e9bbf16294388e07696a5120e4ceba0c5,0x331ae4274151dea30861026d316743f1c661cf0fb0c3866f36d4ed7ab00466e9
128,114,0.112518,0x7b1f1661e9788eabf2ca8f0694507988dcba3638,2017-11-01T03:51:44.000Z,0.000987,0xc586cd9d41a75d9e74bc25e9a15385a4525826b1,buy,0xdbfb423e9bbf16294388e07696a5120e4ceba0c5,0x42bc567c0f0caa37344ad417250e7b103d48b6813b229f8bf26d057e85b8cbb1
129,0.001,0.00000060001,0x5b3649d50247ee11269068c67a2d259d689f97d6,2017-11-01T03:13:01.000Z,0.00060001,0x5b3649d50247ee11269068c67a2d259d689f97d6,sell,0xdbfb423e9bbf16294388e07696a5120e4ceba0c5,0xe2a22f699b5c450c786448928cf4c09388045130f6324100441968a6acfb4d14
130,1.9221834164103218,0.001899117215413398,0x11425b52632dd157c95ebd5d7f8792b6a1f249b6,2017-11-01T03:10:21.000Z,0.000988,0xe6dce38a61edba2cd7dc0be24aa42f1c1bd3de0c,buy,0xdbfb423e9bbf16294388e07696a5120e4ceba0c5,0x6a09d6aff1bc9b2a7ce5674f6eceb12fb5002dd4f9063a1e1adde5ffa5776663
131,0.001,0.0000005810011,0xb399e4b93e52590b91235c1c45d20986f189c3ce,2017-11-01T03:09:42.000Z,0.0005810011,0x5b3649d50247ee11269068c67a2d259d689f97d6,sell,0xdbfb423e9bbf16294388e07696a5120e4ceba0c5,0x45f80e073d175e90cfd42ca992cd52eae4e00ed9825aefdabbf7e39a7cad72f3
132,120,0.11856,0x11425b52632dd157c95ebd5d7f8792b6a1f249b6,2017-11-01T03:09:05.000Z,0.000988,0xe6dce38a61edba2cd7dc0be24aa42f1c1bd3de0c,buy,0xdbfb423e9bbf16294388e07696a5120e4ceba0c5,0xec86ccbcc2782c8e8aa9cd81a694a1cf67b9c731ba376611986d042929e837e0
133,200.747,0.198338036,0x11425b52632dd157c95ebd5d7f8792b6a1f249b6,2017-11-01T03:08:02.000Z,0.000988,0xe6dce38a61edba2cd7dc0be24aa42f1c1bd3de0c,buy,0xdbfb423e9bbf16294388e07696a5120e4ceba0c5,0xdf507fd0e8ab7a658dfd9ae7128c49a62eccdb7100dc15a35c56602dcd0920ae
134,0.001,0.000000436,0x13c3fd153e23ded7477e0817ad4d5754e2d67649,2017-11-01T03:07:51.000Z,0.000436,0x5b3649d50247ee11269068c67a2d259d689f97d6,sell,0xdbfb423e9bbf16294388e07696a5120e4ceba0c5,0x6cb92c38d96a62dce07bb12c2caeab25e5462c4c35a79b368bfa8378a71e4641
135,9.969095803010667,0.006978367062107466,0x3c6438ddd1bca543953327b2cc6391df60a63982,2017-11-01T03:06:04.000Z,0.0006999999999999999,0xaa85b24ac88a0a235f1977821194adce1cda9144,sell,0xdbfb423e9bbf16294388e07696a5120e4ceba0c5,0x1cca1aede5817f36055b3c5641c783993ea93b633e6a8036c7f10d5ab935d33f
136,0.001,0.000000436,0x13c3fd153e23ded7477e0817ad4d5754e2d67649,2017-11-01T03:05:30.000Z,0.000436,0x5b3649d50247ee11269068c67a2d259d689f97d6,sell,0xdbfb423e9bbf16294388e07696a5120e4ceba0c5,0xbae331f3ae5f80a4426986128beb2ecf1116f776fbca63a32071692f05d8dc94
137,1,0.0002,0xb3ce1a52cea50f6904247299ea0929c0bfb5aaf9,2017-11-01T03:00:00.000Z,0.0002,0xb3ce1a52cea50f6904247299ea0929c0bfb5aaf9,sell,0xdbfb423e9bbf16294388e07696a5120e4ceba0c5,0xc6696a12d8b2eb9a48c50ae886621c347809ccddcb969b59dc2c0950c9f2b27c
138,1,0.0002,0xb3ce1a52cea50f6904247299ea0929c0bfb5aaf9,2017-11-01T02:59:50.000Z,0.0002,0xb3ce1a52cea50f6904247299ea0929c0bfb5aaf9,sell,0xdbfb423e9bbf16294388e07696a5120e4ceba0c5,0x229e9b61641ad9f7123031460604ad761392f28cf33f20caab996baa6cced4f6
139,1,0.000483,0xb3ce1a52cea50f6904247299ea0929c0bfb5aaf9,2017-11-01T02:50:54.000Z,0.000483,0xb3ce1a52cea50f6904247299ea0929c0bfb5aaf9,sell,0xdbfb423e9bbf16294388e07696a5120e4ceba0c5,0xe18b6ff6ca55b06d808000c6a03591f294c7e8e998cd89c6b02803e424d54e95
140,0.001,0.000000436,0x13c3fd153e23ded7477e0817ad4d5754e2d67649,2017-11-01T02:50:54.000Z,0.000436,0x5b3649d50247ee11269068c67a2d259d689f97d6,sell,0xdbfb423e9bbf16294388e07696a5120e4ceba0c5,0xb6e71576868b01d5e091da36fadcfa33b8a813bc463e06efa9ab28bd636e111b
141,1,0.0006,0xb3ce1a52cea50f6904247299ea0929c0bfb5aaf9,2017-11-01T02:48:52.000Z,0.0006,0xb3ce1a52cea50f6904247299ea0929c0bfb5aaf9,sell,0xdbfb423e9bbf16294388e07696a5120e4ceba0c5,0x7502a0645cca27b3e9559d8cca357f11e988ce335c40a05f22e7519662f95445
142,1,0.0006,0xb3ce1a52cea50f6904247299ea0929c0bfb5aaf9,2017-11-01T02:47:56.000Z,0.0006,0xb3ce1a52cea50f6904247299ea0929c0bfb5aaf9,sell,0xdbfb423e9bbf16294388e07696a5120e4ceba0c5,0x6a0c2caccd888edc104f2c579d07b5ae8aad7b0b69035ee74b7cf7718c793a4c
143,151.35274743154957,0.14953651446237098,0xa1d7500c8e8b6629538bcc6efd12f2f44c6843f3,2017-11-01T02:43:08.000Z,0.000988,0x6009502524cc23d9861056a1d2b2f89603b14bbc,buy,0xdbfb423e9bbf16294388e07696a5120e4ceba0c5,0x985eac257273ec6aa68de086bc15ed0bea5f87ef16ee00a01305c1f0554db744
144,140,0.1015,0x11425b52632dd157c95ebd5d7f8792b6a1f249b6,2017-11-01T02:33:09.000Z,0.000725,0x0c4a1d04c581bc7659b3f11bf261e716debc6e9f,buy,0xdbfb423e9bbf16294388e07696a5120e4ceba0c5,0x2381e90ce2c76b8d44b1addac6ba472374da032e4431daba3a393f1afaca6d44
145,200,0.24,0x11425b52632dd157c95ebd5d7f8792b6a1f249b6,2017-11-01T02:31:03.000Z,0.0012,0x0b6dbe9a51eefbf7e924b7257c7950402c80fe87,buy,0xdbfb423e9bbf16294388e07696a5120e4ceba0c5,0x6f79950dd7ec11020e3c1e1aff149b84c3bfd6906592273cdf9f81da3951344f
146,8209.298,8.12720502,0x508e4a96dab9bd044d0bb654d623c4ef663dfc35,2017-11-01T02:13:39.000Z,0.00099,0x3df86cefaecfaa31be2f74f8f832cb4ef62b79f8,buy,0xdbfb423e9bbf16294388e07696a5120e4ceba0c5,0x26fcc63ec811e80028bb7c075c68b61783e6891b24d1b8eb687287da1fef3e79
147,30,0.0225,0x508e4a96dab9bd044d0bb654d623c4ef663dfc35,2017-11-01T02:13:12.000Z,0.00075,0x6e2c3596cfe0a3b344d3e50b45bc458c0328fffc,buy,0xdbfb423e9bbf16294388e07696a5120e4ceba0c5,0xe5b4145763079b4519195500d31ddb142aadbc6b519910d612bd7b18aaf0b6c5
148,100,0.09,0x508e4a96dab9bd044d0bb654d623c4ef663dfc35,2017-11-01T02:13:12.000Z,0.0009,0xd8be8871c52b91a1f4f8457baf0dc0946d931132,buy,0xdbfb423e9bbf16294388e07696a5120e4ceba0c5,0xe88ad1006f2b90c49863907debdc29d2f8418423db091f10af36104c8b1b7e09
149,1971,1.7739,0x508e4a96dab9bd044d0bb654d623c4ef663dfc35,2017-11-01T02:13:12.000Z,0.0009,0x7749fb630050e4b5c430174e9147c68db097744b,buy,0xdbfb423e9bbf16294388e07696a5120e4ceba0c5,0x8b85df1235bcc32775b90d83f6b4068b92b06f74a367def9abdbb82d5f8af703
150,260,0.18824,0x508e4a96dab9bd044d0bb654d623c4ef663dfc35,2017-11-01T02:12:48.000Z,0.000724,0x362ca6a6ac1f24dd40bfab8f794b6e4a6f65ce67,buy,0xdbfb423e9bbf16294388e07696a5120e4ceba0c5,0x812f2c3e6e62a047eaf74ce7f527173d99ac10888f6224c0773ac00f1b398ec0
151,533.352,0.395747184,0x508e4a96dab9bd044d0bb654d623c4ef663dfc35,2017-11-01T02:12:48.000Z,0.000742,0x29be7e47eebfa7af350017269b9d5ad4babda86d,buy,0xdbfb423e9bbf16294388e07696a5120e4ceba0c5,0xccd5d4303887c0b73b3e21f67283ad12e2027ab469da9661a1ebae9ce68fda68
152,199.99,0.14499255001,0x508e4a96dab9bd044d0bb654d623c4ef663dfc35,2017-11-01T02:12:48.000Z,0.000724999,0xf0db96c182d521ec0a415a2c4af0bb4f29fea5e2,buy,0xdbfb423e9bbf16294388e07696a5120e4ceba0c5,0x16e2c9338d691c4de5bf717c79eb596e68b05e1316ae3129f861ff83ba48242d
153,155,0.11222,0x508e4a96dab9bd044d0bb654d623c4ef663dfc35,2017-11-01T02:12:48.000Z,0.000724,0x85534954a72366d141c1769c0b8f5be473af8423,buy,0xdbfb423e9bbf16294388e07696a5120e4ceba0c5,0x5d74f3b5f77521525022da731c1d90b056aa3ebd72af66ea709e1cfe996fb057
154,199,0.144076,0x508e4a96dab9bd044d0bb654d623c4ef663dfc35,2017-11-01T02:12:48.000Z,0.000724,0x297ba59720084d3dd93f8a48fcd195831f1ac1c0,buy,0xdbfb423e9bbf16294388e07696a5120e4ceba0c5,0x39ec7b048e52a8c238ce1cb8bc553550cc34a076512542e62feb83390c5bc8aa
155,149.5,0.10465,0x508e4a96dab9bd044d0bb654d623c4ef663dfc35,2017-11-01T02:12:41.000Z,0.0007,0x0c4a1d04c581bc7659b3f11bf261e716debc6e9f,buy,0xdbfb423e9bbf16294388e07696a5120e4ceba0c5,0x3ce1e5536a69d0756b686c87aa599f7538e88d6e992f173b7c8b946d06b9b252
156,666.9227940708387,0.49492340547996944,0xeb34ae6a16d0a6b67f59e75669a290df2ee55ff5,2017-11-01T02:09:56.000Z,0.0007421,0xd18a7ead69b9fe434cf377a24e1c99f56fe36b84,buy,0xdbfb423e9bbf16294388e07696a5120e4ceba0c5,0x11f86b6ec845314b7b7cf0206a92ce81fe8d8c157e22ca00967aedc6f4488a0f
157,0.001,0.00000040001,0x75c32299da1395c5ba98c6e213f0deb1320a33cb,2017-11-01T01:53:31.000Z,0.00040001,0x5b3649d50247ee11269068c67a2d259d689f97d6,sell,0xdbfb423e9bbf16294388e07696a5120e4ceba0c5,0x8a396effa43474b14f0895379eead00947386ce207f8c175d6b622ec6c9be30f
158,0.01,0.00000724999,0x5b3649d50247ee11269068c67a2d259d689f97d6,2017-11-01T01:52:16.000Z,0.000724999,0xf0db96c182d521ec0a415a2c4af0bb4f29fea5e2,buy,0xdbfb423e9bbf16294388e07696a5120e4ceba0c5,0x625ff29230d18883641be27fa69f975c5654c7fe019869e662e4f81fe7f96ec1
159,491.864,0.364962596136,0xafff9f0c27950ef300783ea0ec31d5b806baf911,2017-11-01T01:47:01.000Z,0.000741999,0x41fdc72c25c971d1fbdea7acb8c846334bf044ec,buy,0xdbfb423e9bbf16294388e07696a5120e4ceba0c5,0x42acd1fefd68ff1b23f54ce8687c4b8fedde6a8475fa64a7e5bd14f201d9665b
160,2606.436,1.8245052,0x1dd4374bcdb06afaa4f475417cb3cb08fea70f71,2017-11-01T00:20:41.000Z,0.0007,0x6009502524cc23d9861056a1d2b2f89603b14bbc,sell,0xdbfb423e9bbf16294388e07696a5120e4ceba0c5,0xfa4533ad3eb5f016a9e41f3449e2f685bac7922f40e756b592bc5a95f898b072
161,30,0.021,0x1dd4374bcdb06afaa4f475417cb3cb08fea70f71,2017-10-31T23:56:51.000Z,0.0007,0xc5847b34697e2ec7887f42fc171402ba0c977466,sell,0xdbfb423e9bbf16294388e07696a5120e4ceba0c5,0x352f9ece596e7a4dcc812e283863c48d502e3d54ec988040cb7622956e73f191
162,1452,1.0164,0x1dd4374bcdb06afaa4f475417cb3cb08fea70f71,2017-10-31T23:47:27.000Z,0.0007,0x0ace837dc0a0bf246a6b553ae3353f44aa99707e,sell,0xdbfb423e9bbf16294388e07696a5120e4ceba0c5,0x47462c2c4707304a1dccc20ff58abb36fa91c4ca1ea392de96af69443103033d
163,0.002269929269404044,0.000001588950488582,0x1dd4374bcdb06afaa4f475417cb3cb08fea70f71,2017-10-31T23:45:38.000Z,0.000699999999999634,0x0f796097d9782c913cc4a8bb6b7b62fcaaeb3a29,sell,0xdbfb423e9bbf16294388e07696a5120e4ceba0c5,0xb0b5b6f0c50290698dc94d2762ad0b89d478d1d6e51d68b8c1f2d33d5d86dd34
164,22.769660501391957,0.016844994838929768,0x29be7e47eebfa7af350017269b9d5ad4babda86d,2017-10-31T23:44:45.000Z,0.0007398,0x0f796097d9782c913cc4a8bb6b7b62fcaaeb3a29,sell,0xdbfb423e9bbf16294388e07696a5120e4ceba0c5,0x5b6d535f0097c2653aa593b4fa0b7ebdbebec9a5e6b25375a648cf04827b8c7a
165,0.000000009907573635,0.000000000007329622,0x29be7e47eebfa7af350017269b9d5ad4babda86d,2017-10-31T23:42:09.000Z,0.0007397999015729748,0x0ace837dc0a0bf246a6b553ae3353f44aa99707e,sell,0xdbfb423e9bbf16294388e07696a5120e4ceba0c5,0x317e22630de4a86add7dd2c6eaee9cb9dbd7fcecf4c59d1337835a03656fcf42
166,0.000099382871129605,0.000000073523448061,0x29be7e47eebfa7af350017269b9d5ad4babda86d,2017-10-31T23:39:55.000Z,0.0007397999999931399,0x0ace837dc0a0bf246a6b553ae3353f44aa99707e,sell,0xdbfb423e9bbf16294388e07696a5120e4ceba0c5,0x21bfc9fc3a180007bf8c674b9878c808f60d016a39216bfc334bdf940c7d57f6
167,22.84024644894627,0.016947462865118133,0x0f796097d9782c913cc4a8bb6b7b62fcaaeb3a29,2017-10-31T23:35:49.000Z,0.000742,0x29be7e47eebfa7af350017269b9d5ad4babda86d,buy,0xdbfb423e9bbf16294388e07696a5120e4ceba0c5,0xdf50b52bdd6f05ff3ec95e513b7360c62b1fcb126da8f21664832f4fa171b07a
168,0.9969095803010667,0.000697836706210746,0x1dd4374bcdb06afaa4f475417cb3cb08fea70f71,2017-10-31T23:35:49.000Z,0.0006999999999999993,0x0ace837dc0a0bf246a6b553ae3353f44aa99707e,sell,0xdbfb423e9bbf16294388e07696a5120e4ceba0c5,0x6535170c4ffb6442db05b950266599cd991c046092c87c82dcd63410140c2dc8
169,810.4874964577141,0.5673412475203999,0x1dd4374bcdb06afaa4f475417cb3cb08fea70f71,2017-10-31T23:34:01.000Z,0.0007,0x15cd30009b5c47264dd1babc00de1e1180aeb40d,sell,0xdbfb423e9bbf16294388e07696a5120e4ceba0c5,0x254089b7d7a06d4b1f9134c1755b1770b8e15bcbec2fb9d89ef8fc1a077204ec
170,0.07696733043693105,0.000053877131305851,0x1dd4374bcdb06afaa4f475417cb3cb08fea70f71,2017-10-31T23:29:34.000Z,0.0006999999999999905,0x15cd30009b5c47264dd1babc00de1e1180aeb40d,sell,0xdbfb423e9bbf16294388e07696a5120e4ceba0c5,0xa613c18d0856c0f03c4bc03f0f0a9c3c55e620861996ba6df1bbc30536a03a92
171,333.07720592916127,0.2471765945200306,0x15cd30009b5c47264dd1babc00de1e1180aeb40d,2017-10-31T23:13:41.000Z,0.0007421,0xd18a7ead69b9fe434cf377a24e1c99f56fe36b84,buy,0xdbfb423e9bbf16294388e07696a5120e4ceba0c5,0xa931102bae8b5a5950bb03d7f89bbfa8a6026496b79001af2679596e9b3a40b2
172,100,0.07,0x15cd30009b5c47264dd1babc00de1e1180aeb40d,2017-10-31T23:13:16.000Z,0.0007,0xd8be8871c52b91a1f4f8457baf0dc0946d931132,buy,0xdbfb423e9bbf16294388e07696a5120e4ceba0c5,0x4dda9d419c76cc1096b605d0bae0fa0e04d65d41f90b5871212b3772bf3a2f17
173,100,0.0725,0x15cd30009b5c47264dd1babc00de1e1180aeb40d,2017-10-31T23:13:16.000Z,0.000725,0xd8be8871c52b91a1f4f8457baf0dc0946d931132,buy,0xdbfb423e9bbf16294388e07696a5120e4ceba0c5,0x6ec31d76b5fe60942c10c24410101a5557252e44ed8db42d415cc2727b5a7905
174,280,0.20159972,0x15cd30009b5c47264dd1babc00de1e1180aeb40d,2017-10-31T23:13:16.000Z,0.000719999,0x42b350178bb2790f1facc3cc82a34ed81570ca59,buy,0xdbfb423e9bbf16294388e07696a5120e4ceba0c5,0xf28e37d995effadac512a0793fb196442f93865bf237e1c9606d1d6dd6f77540
175,15935.542,12.03133421,0x1dd4374bcdb06afaa4f475417cb3cb08fea70f71,2017-10-31T22:49:25.000Z,0.000755,0x8e69a7a7fa07ebd03ed04853b0aee4696ef6d414,buy,0xdbfb423e9bbf16294388e07696a5120e4ceba0c5,0x41975fa4d6cc08565e7430289823947c45dd69cbce02fb952b3cca26eec045cb
176,4038.1929769453823,2.7863531540923137,0x1dd4374bcdb06afaa4f475417cb3cb08fea70f71,2017-10-31T22:48:32.000Z,0.00069,0xa8f205a71f8bb911910da87242771e8aee0cce03,buy,0xdbfb423e9bbf16294388e07696a5120e4ceba0c5,0x6af46b636b59dcf2b8a62702aa76ddd3cebd7054b4b135f687b8dff91a3ac5da
177,14388.496554234762,10.000005105193159,0x1dd4374bcdb06afaa4f475417cb3cb08fea70f71,2017-10-31T22:48:32.000Z,0.000695,0xd56e286c06dc71000e85cf3d70c6c9165b631667,buy,0xdbfb423e9bbf16294388e07696a5120e4ceba0c5,0x46ec6c389e77eadf81606d6a004086c660755d55547e93fb9439367e85db5b80
178,1545,1.03515,0x76f36aeb934ac5f1e9861c618ccaa6a6e91959ef,2017-10-31T22:48:07.000Z,0.00067,0xbd5718404ab1f76423e97aebbf0356c4023c00fd,buy,0xdbfb423e9bbf16294388e07696a5120e4ceba0c5,0xd5c9d3ef78b85207126b5ed38d5753dd6a34f0a163b7e1ada88ebaa668ee0ed2
179,261.5347766484283,0.14645947492311984,0xeb89bd1689d51bdb2f16818e03f1e9944904b407,2017-10-31T21:34:42.000Z,0.00056,0x155ac8c6cfb3926dc19d8a4c4669db775f2ee6c4,sell,0xdbfb423e9bbf16294388e07696a5120e4ceba0c5,0x989e44752df8f176894ea76757b1cfe02a479bfb9f4ea6ce92a0a3765d0bd10a
180,12.429541607440518,0.007233993215530381,0x2590e5c09537cde195ed1c20f94ec963e151ec88,2017-10-31T21:33:34.000Z,0.0005819999999999999,0x155ac8c6cfb3926dc19d8a4c4669db775f2ee6c4,sell,0xdbfb423e9bbf16294388e07696a5120e4ceba0c5,0x2e29104cac60b8f57a6d689cfcf22856d9939f8a1f2cf56b9801b4e233e72049
181,9.969,0.005801958,0x1b0333b73abd65dba355b22682925f2b56c2fc20,2017-10-31T21:33:34.000Z,0.000582,0x155ac8c6cfb3926dc19d8a4c4669db775f2ee6c4,sell,0xdbfb423e9bbf16294388e07696a5120e4ceba0c5,0x6f7ff8691c4474ad68dd10100c067b2b9018696caf3621a3532dc9ed622a38df
182,48,0.027984,0x1cfde0042c1afe2cf5130e830a13a6c782ec508c,2017-10-31T21:28:51.000Z,0.000583,0x155ac8c6cfb3926dc19d8a4c4669db775f2ee6c4,sell,0xdbfb423e9bbf16294388e07696a5120e4ceba0c5,0x5c141b78cbd9d83e0192e02ff37fba8626fcefab5c54bc9214d9fb75a279e9dc
183,5,0.0032,0x047d86ac843337c407e3efe80c788149cd741a3b,2017-10-31T21:28:35.000Z,0.00064,0x155ac8c6cfb3926dc19d8a4c4669db775f2ee6c4,sell,0xdbfb423e9bbf16294388e07696a5120e4ceba0c5,0x883cf2ea95573cc7aded3fda55dfa6a3b9aa7beb88f70c725bdd2ab826950b51
184,3.727,0.00249709,0x62811bad33976daa81da5a013f5a6486054b9dfd,2017-10-31T21:21:50.000Z,0.00067,0x155ac8c6cfb3926dc19d8a4c4669db775f2ee6c4,sell,0xdbfb423e9bbf16294388e07696a5120e4ceba0c5,0xab5df8e68749722b4d246cd767a83060aea15de6d4a2b59d43391af65ad64831
185,57.69083404125387,0.03865285880764009,0x4c10954d0451beadcc2b4546eb7e80b62c8f181b,2017-10-31T21:21:50.000Z,0.00067,0x155ac8c6cfb3926dc19d8a4c4669db775f2ee6c4,sell,0xdbfb423e9bbf16294388e07696a5120e4ceba0c5,0x3bcc4435e8af08f56c5dd8838dc909744f1382d8174c8756ae2c0826da6c7b41
186,4.985,0.00333995,0x047d86ac843337c407e3efe80c788149cd741a3b,2017-10-31T21:21:50.000Z,0.00067,0x155ac8c6cfb3926dc19d8a4c4669db775f2ee6c4,sell,0xdbfb423e9bbf16294388e07696a5120e4ceba0c5,0x4d350e2bbc928063ed807be246ea9de177af5ac315d63b858b1210e1cc0f6e4d
187,5.708165958746129,0.003824471192359906,0x4c10954d0451beadcc2b4546eb7e80b62c8f181b,2017-10-31T20:55:07.000Z,0.00067,0x4212d5997df15b003aa68ed365b864944935ac92,sell,0xdbfb423e9bbf16294388e07696a5120e4ceba0c5,0x0d50416f3d65bae69d6c38a4bcb67834716c297772f346b9ca1d2e1ed78528cf
188,66.601,0.04462267,0x4c10954d0451beadcc2b4546eb7e80b62c8f181b,2017-10-31T20:45:24.000Z,0.00067,0xcf7008288b39e3e236543143e900b3593b914a94,sell,0xdbfb423e9bbf16294388e07696a5120e4ceba0c5,0x2c25685454faf6d63185c218be148533c663a59760c6def8a15812af93c647c5
189,420,0.2898,0x99590cdc1e8d54b281b96416c359b9b2eedc4314,2017-10-31T20:38:57.000Z,0.00069,0xa8f205a71f8bb911910da87242771e8aee0cce03,buy,0xdbfb423e9bbf16294388e07696a5120e4ceba0c5,0x6d0e071a26c36d1196758f6b13c1e47a65a1411da459bde20a917c9af2f1f5a9
190,202.4917593608273,0.13971931395897083,0x62811bad33976daa81da5a013f5a6486054b9dfd,2017-10-31T20:36:15.000Z,0.00069,0xcf7008288b39e3e236543143e900b3593b914a94,sell,0xdbfb423e9bbf16294388e07696a5120e4ceba0c5,0x7847d18096b33c875b39ee74fd5a9935d96be4eec36337ebfa51eb0e713a1335
191,105.8,0.073002,0x1048a7d0e98bda9f3021b21baf3dfa1bc6aa974e,2017-10-31T20:36:08.000Z,0.00069,0x8397b719f59d95d250cdabef8daaaba2865558a1,buy,0xdbfb423e9bbf16294388e07696a5120e4ceba0c5,0xca49c80a6f1c549e90dba9b7775eff3a1bbf10b321caee5b313d10590d29c175
192,404.5723142316789,0.27915489681985844,0x155ac8c6cfb3926dc19d8a4c4669db775f2ee6c4,2017-10-31T20:05:37.000Z,0.00069,0xa8f205a71f8bb911910da87242771e8aee0cce03,buy,0xdbfb423e9bbf16294388e07696a5120e4ceba0c5,0xea6deaa45bb8f8471d4bbbb9c41f938550689b24887645d838b77ef2fc0d259a
193,37.508240639172705,0.025880686041029166,0x62811bad33976daa81da5a013f5a6486054b9dfd,2017-10-31T19:52:43.000Z,0.00069,0x047d86ac843337c407e3efe80c788149cd741a3b,sell,0xdbfb423e9bbf16294388e07696a5120e4ceba0c5,0x280b81c9773d8a9529cfa90f1ff19aedd39719e96a53763b73e446e27e1be4ff
194,600,0.414,0x696ca3fb370b5ef684c7695ffc7ed404d3337da7,2017-10-31T18:35:51.000Z,0.00069,0xa8f205a71f8bb911910da87242771e8aee0cce03,buy,0xdbfb423e9bbf16294388e07696a5120e4ceba0c5,0x797f10c7fff6f2b8c1631bdb61f9035faef1fc751b2d458705a2e8fa7595edf0
195,37.56470882293875,0.025919649087827734,0x047d86ac843337c407e3efe80c788149cd741a3b,2017-10-31T18:30:42.000Z,0.00069,0xa8f205a71f8bb911910da87242771e8aee0cce03,buy,0xdbfb423e9bbf16294388e07696a5120e4ceba0c5,0x06e836b76d31bf15e38d71cb9a9f08c6a5cc48db4a909b56e61aef135b0ab74d
196,103,0.07107,0x0ace837dc0a0bf246a6b553ae3353f44aa99707e,2017-10-31T18:26:52.000Z,0.00069,0xa8f205a71f8bb911910da87242771e8aee0cce03,buy,0xdbfb423e9bbf16294388e07696a5120e4ceba0c5,0xe12e3dca4098fc17076602ea640042cba251cf6511d57ee872d3c1765d670478
197,10,0.0069,0x0ace837dc0a0bf246a6b553ae3353f44aa99707e,2017-10-31T18:24:34.000Z,0.00069,0xa8f205a71f8bb911910da87242771e8aee0cce03,buy,0xdbfb423e9bbf16294388e07696a5120e4ceba0c5,0xcd585a3b0a5435d3c32b9b17895395bc0d5c677d07a354fc0fcb0549a4b2d0b7
198,730,0.5037,0x0ace837dc0a0bf246a6b553ae3353f44aa99707e,2017-10-31T18:22:57.000Z,0.00069,0xa8f205a71f8bb911910da87242771e8aee0cce03,buy,0xdbfb423e9bbf16294388e07696a5120e4ceba0c5,0xd803098809a0acbf78b7d65dc9d57ef08c8c0af6a0cfec16e31438f4fac416c5
199,50,0.0345,0x0ace837dc0a0bf246a6b553ae3353f44aa99707e,2017-10-31T18:21:43.000Z,0.00069,0xd8be8871c52b91a1f4f8457baf0dc0946d931132,buy,0xdbfb423e9bbf16294388e07696a5120e4ceba0c5,0x820a29e57e869b7222c87d1698e6be4eeed34f60a00fb8f17782bbe406d634de
200,417.946,0.28002382,0x0ace837dc0a0bf246a6b553ae3353f44aa99707e,2017-10-31T18:21:31.000Z,0.00067,0xf98eb0b6c8ca59825b67b74d9b5b5be927027bc3,buy,0xdbfb423e9bbf16294388e07696a5120e4ceba0c5,0x9e93af071df6125953efce24d0a169579d2b2868c95b5f777906bcb45173fdc2
201,49.845479015053336,0.033396470940085736,0x62811bad33976daa81da5a013f5a6486054b9dfd,2017-10-31T18:17:22.000Z,0.00067,0x739fc8613e0177a800fdb72f4322487e1a23a064,sell,0xdbfb423e9bbf16294388e07696a5120e4ceba0c5,0x9f61f1113abda2b11d9b52787fb974cb1b30dca2d3f2339d0dc691ffbe5b1f19
202,127.3065437442436,0.08529538430864321,0x0ace837dc0a0bf246a6b553ae3353f44aa99707e,2017-10-31T18:07:35.000Z,0.00067,0xf98eb0b6c8ca59825b67b74d9b5b5be927027bc3,buy,0xdbfb423e9bbf16294388e07696a5120e4ceba0c5,0x9a253bb4f2de56d526406620a18e2da33be5b815bb8d99ab465286765ecf8745
203,20,0.0134,0x0ace837dc0a0bf246a6b553ae3353f44aa99707e,2017-10-31T18:04:08.000Z,0.00067,0xf98eb0b6c8ca59825b67b74d9b5b5be927027bc3,buy,0xdbfb423e9bbf16294388e07696a5120e4ceba0c5,0xa79a82f36e7c35cd1c63a4cdb0f198fde9a1c3ddcd61046e1c31a1904911759f
204,934.7471883728406,0.6262806162098032,0xe6dce38a61edba2cd7dc0be24aa42f1c1bd3de0c,2017-10-31T17:41:44.000Z,0.00067,0xf98eb0b6c8ca59825b67b74d9b5b5be927027bc3,buy,0xdbfb423e9bbf16294388e07696a5120e4ceba0c5,0x61eb706f9b31e02ed495f332826154360917ca5ea7055e21dbff6bc6665c7faa
205,50,0.0335,0x62811bad33976daa81da5a013f5a6486054b9dfd,2017-10-31T17:33:56.000Z,0.00067,0x1804206b5be10e6d88ee076f73c6e9b50097f236,sell,0xdbfb423e9bbf16294388e07696a5120e4ceba0c5,0x855b9b6aaab3c548370115b157b8872fb70cf0f470517cd56e6d41f65b314c0e
206,6343.338721683975,4.408620411570363,0xa8f205a71f8bb911910da87242771e8aee0cce03,2017-10-31T17:30:06.000Z,0.000695,0xd56e286c06dc71000e85cf3d70c6c9165b631667,buy,0xdbfb423e9bbf16294388e07696a5120e4ceba0c5,0x31a40ed970cc2f11e19707748b26b78de23e0e2996da66dcdebf6ffd7bfc37fe
207,0.014907430669440735,0.000009987978548525,0x047d86ac843337c407e3efe80c788149cd741a3b,2017-10-31T16:56:12.000Z,0.0006699999999999804,0xb571b1347433f85392f65452d5586e4534ad8908,sell,0xdbfb423e9bbf16294388e07696a5120e4ceba0c5,0x8bd08c311dcb7e01d398c43fbf44d24d80fb7489f66d3211916a24332fee56b5
208,149.53643704516,0.0829927225600638,0x0c4a1d04c581bc7659b3f11bf261e716debc6e9f,2017-10-31T16:50:07.000Z,0.0005549999999999999,0xb571b1347433f85392f65452d5586e4534ad8908,sell,0xdbfb423e9bbf16294388e07696a5120e4ceba0c5,0x17e1b550caa4d8be66538a24901aa55144efff8391c7c8e6eb4bbe23776b2aee
209,150,0.10425,0xb571b1347433f85392f65452d5586e4534ad8908,2017-10-31T16:18:50.000Z,0.000695,0xd56e286c06dc71000e85cf3d70c6c9165b631667,buy,0xdbfb423e9bbf16294388e07696a5120e4ceba0c5,0x4bec9be75e980ef2b62122eb09724b3ee530eb24edeeeebbd0bb51e4b4af1364
210,200,0.138,0x5a41723fd9c6ff55713d27360f23a9a947d2c210,2017-10-31T16:17:23.000Z,0.00069,0xd8be8871c52b91a1f4f8457baf0dc0946d931132,buy,0xdbfb423e9bbf16294388e07696a5120e4ceba0c5,0x5458a9aaabf350d07b36fb16507bf4095d5d209736da001c5ea17e90fcabe118
211,609,0.4224633,0x5a41723fd9c6ff55713d27360f23a9a947d2c210,2017-10-31T16:16:28.000Z,0.0006937,0xeb89bd1689d51bdb2f16818e03f1e9944904b407,buy,0xdbfb423e9bbf16294388e07696a5120e4ceba0c5,0x61ba9e3bd3a9826bec04066ee73b5b49a0fd5987fa5ac13b00ac3366c2aab180
212,923.115,0.615717705,0x5a41723fd9c6ff55713d27360f23a9a947d2c210,2017-10-31T16:14:59.000Z,0.000667,0x7ac2f08029eda64724f946b393251cfab395a073,buy,0xdbfb423e9bbf16294388e07696a5120e4ceba0c5,0xfddb4b5f622ae91106bf53865c60c1d1f4befa6ebac48d3b4ab74614c537d676
213,777,0.5179482,0x5a41723fd9c6ff55713d27360f23a9a947d2c210,2017-10-31T16:13:58.000Z,0.0006666,0x0c4a1d04c581bc7659b3f11bf261e716debc6e9f,buy,0xdbfb423e9bbf16294388e07696a5120e4ceba0c5,0xd625eda2179bb752b73b894071a5768963d05d25861d6f9204616f6957a4ab60
214,1000,0.66,0x696ca3fb370b5ef684c7695ffc7ed404d3337da7,2017-10-31T16:09:31.000Z,0.00066,0x7ac2f08029eda64724f946b393251cfab395a073,buy,0xdbfb423e9bbf16294388e07696a5120e4ceba0c5,0x72895dc5b7b01f21bbaef5a6a890e7b81af8bd1d0229c661b2481b730b009d86
215,1000,0.65,0x5a41723fd9c6ff55713d27360f23a9a947d2c210,2017-10-31T16:02:19.000Z,0.00065,0x4b3fe742e58fe1030456846b6c108c9a89d33015,buy,0xdbfb423e9bbf16294388e07696a5120e4ceba0c5,0x1a3a9c28856460fe3bee1836a6531911ae0c9762f46732dacba17eefe65a9489
216,1000,0.64,0x5a41723fd9c6ff55713d27360f23a9a947d2c210,2017-10-31T16:01:33.000Z,0.00064,0x7ac2f08029eda64724f946b393251cfab395a073,buy,0xdbfb423e9bbf16294388e07696a5120e4ceba0c5,0xefda4b7cda60f5c49a7adcc72a4017e40cdc3fcecbc17ade6949c09ac2e8b948
217,259.1,0.165824,0x0845ad270268891eb78c056035d6ecd6b06c2ed4,2017-10-31T14:59:56.000Z,0.00064,0x7ac2f08029eda64724f946b393251cfab395a073,buy,0xdbfb423e9bbf16294388e07696a5120e4ceba0c5,0x76989abbeeab648d2ec41b7d09fd5ae1be3dce9cec47d929020cc9b86ddfcd25
218,139,0.08896,0xdc02438edefeb3f32bb22227597d745960aa23b5,2017-10-31T14:36:42.000Z,0.00064,0x7ac2f08029eda64724f946b393251cfab395a073,buy,0xdbfb423e9bbf16294388e07696a5120e4ceba0c5,0x2cb2f55ff972699b9a7ef191bba29e6c64957daf0fb5223ff92eb4533abd8509
219,1.7946161515453638,0.001166518444666001,0x388c1d9b7a088036b7123d3419144d8575c72369,2017-10-31T13:56:29.000Z,0.0006500099999999995,0x1d5321e125f6c7079a716705541c7b371ca79e69,sell,0xdbfb423e9bbf16294388e07696a5120e4ceba0c5,0x95c0f5bdf1f2e6fdaa3ee82646fc6299209d81d8f61c42fe9119c9e6015710b9
220,1.8,0.001152,0x1d5321e125f6c7079a716705541c7b371ca79e69,2017-10-31T13:56:29.000Z,0.00064,0x7ac2f08029eda64724f946b393251cfab395a073,buy,0xdbfb423e9bbf16294388e07696a5120e4ceba0c5,0x95c0f5bdf1f2e6fdaa3ee82646fc6299209d81d8f61c42fe9119c9e6015710b9
221,1.7946161515453638,0.001166518444666001,0x388c1d9b7a088036b7123d3419144d8575c72369,2017-10-31T13:56:23.000Z,0.0006500099999999995,0x1d5321e125f6c7079a716705541c7b371ca79e69,sell,0xdbfb423e9bbf16294388e07696a5120e4ceba0c5,0x95c0f5bdf1f2e6fdaa3ee82646fc6299209d81d8f61c42fe9119c9e6015710b9
222,1.8,0.001152,0x1d5321e125f6c7079a716705541c7b371ca79e69,2017-10-31T13:56:23.000Z,0.00064,0x7ac2f08029eda64724f946b393251cfab395a073,buy,0xdbfb423e9bbf16294388e07696a5120e4ceba0c5,0x95c0f5bdf1f2e6fdaa3ee82646fc6299209d81d8f61c42fe9119c9e6015710b9
223,600,0.384,0x273a5d3e6721b9f5c1a6474f560c1334c63dda01,2017-10-31T13:54:36.000Z,0.00064,0x7ac2f08029eda64724f946b393251cfab395a073,buy,0xdbfb423e9bbf16294388e07696a5120e4ceba0c5,0xc04b881c396c74b1dae594fb917dcaf4cbe8aef4d52cedb943dc98666aae22e5
224,598.2,0.388835982,0x388c1d9b7a088036b7123d3419144d8575c72369,2017-10-31T13:54:36.000Z,0.00065001,0x273a5d3e6721b9f5c1a6474f560c1334c63dda01,sell,0xdbfb423e9bbf16294388e07696a5120e4ceba0c5,0xc04b881c396c74b1dae594fb917dcaf4cbe8aef4d52cedb943dc98666aae22e5
225,12.501495513459622,0.008000957128614157,0x388c1d9b7a088036b7123d3419144d8575c72369,2017-10-31T13:47:25.000Z,0.0006399999999999999,0x1d5321e125f6c7079a716705541c7b371ca79e69,sell,0xdbfb423e9bbf16294388e07696a5120e4ceba0c5,0x8aff2aa99e998ff1dfa809eda884aa5835d5856ac0810c98ee41d4386ef20cc3
226,12.539,0.00789944461,0x1d5321e125f6c7079a716705541c7b371ca79e69,2017-10-31T13:47:25.000Z,0.00062999,0xb902ba6e3272e66c74035d7e30f4fa9279bd56f9,buy,0xdbfb423e9bbf16294388e07696a5120e4ceba0c5,0x8aff2aa99e998ff1dfa809eda884aa5835d5856ac0810c98ee41d4386ef20cc3
227,230,0.1472,0x388c1d9b7a088036b7123d3419144d8575c72369,2017-10-31T13:42:44.000Z,0.00064,0xb3ce1a52cea50f6904247299ea0929c0bfb5aaf9,sell,0xdbfb423e9bbf16294388e07696a5120e4ceba0c5,0x384234922d5ae30692b63ad8336e2745d8d88aa48d871fcb501d358c42d64e05
228,702.8140190688598,0.4498009722040703,0x388c1d9b7a088036b7123d3419144d8575c72369,2017-10-31T13:37:06.000Z,0.0006399999999999999,0x273a5d3e6721b9f5c1a6474f560c1334c63dda01,sell,0xdbfb423e9bbf16294388e07696a5120e4ceba0c5,0x5ac79f226f7fc9049624889a1444198d5752d97b348a24d1991ce7c9f1e3f39d
229,704.9288054853157,0.4441051474557489,0x273a5d3e6721b9f5c1a6474f560c1334c63dda01,2017-10-31T13:37:06.000Z,0.00063,0x7ac2f08029eda64724f946b393251cfab395a073,buy,0xdbfb423e9bbf16294388e07696a5120e4ceba0c5,0x5ac79f226f7fc9049624889a1444198d5752d97b348a24d1991ce7c9f1e3f39d
230,1043,0.65707957,0x3f4bbed1309f64db8990e99a10c876a0d05d23b5,2017-10-31T13:11:59.000Z,0.00062999,0xb902ba6e3272e66c74035d7e30f4fa9279bd56f9,buy,0xdbfb423e9bbf16294388e07696a5120e4ceba0c5,0x92b2d01c8ed5289d1f7ca3be7c8a2ae709dd27b90779b985f3587e560455c07e
231,1200,0.7679988,0x3f4bbed1309f64db8990e99a10c876a0d05d23b5,2017-10-31T13:10:31.000Z,0.000639999,0xb902ba6e3272e66c74035d7e30f4fa9279bd56f9,buy,0xdbfb423e9bbf16294388e07696a5120e4ceba0c5,0x892d1fd899e11fa2f1ff66f0b43679561268732d332ce5bceef256cb90f2da6f
232,295.0711945146843,0.1858948525442511,0x3f4bbed1309f64db8990e99a10c876a0d05d23b5,2017-10-31T13:10:23.000Z,0.00063,0x7ac2f08029eda64724f946b393251cfab395a073,buy,0xdbfb423e9bbf16294388e07696a5120e4ceba0c5,0xb23f565a70d11d291f48a0a4c97d5bc4c8724c08d167bdd0f0ccc28e36723d9f
233,132,0.080784,0x7d10bc73cc7bc1f67ff97280ee644b384ae92078,2017-10-31T13:06:14.000Z,0.000612,0x7ac2f08029eda64724f946b393251cfab395a073,buy,0xdbfb423e9bbf16294388e07696a5120e4ceba0c5,0x89143509d46620aa2de6926a492c60dc3b6ef30d813d3b9ba0127fb88dd254ae
234,2000,1.224,0x7d10bc73cc7bc1f67ff97280ee644b384ae92078,2017-10-31T13:02:29.000Z,0.000612,0x7ac2f08029eda64724f946b393251cfab395a073,sell,0xdbfb423e9bbf16294388e07696a5120e4ceba0c5,0x76771f4ea1cacc6d2eb1ae8d5b2372b7546e448f93fc74faa81342c7324d3727
235,100,0.0612,0x7d10bc73cc7bc1f67ff97280ee644b384ae92078,2017-10-31T13:02:29.000Z,0.000612,0xff46933d906f63beadfd7428541009d8b638e636,buy,0xdbfb423e9bbf16294388e07696a5120e4ceba0c5,0xbd03d9e9ff6c45c8237a93a60058c7b5e5c88d8a250648d41fc1f84f4034c835
236,1000,0.63,0x7d10bc73cc7bc1f67ff97280ee644b384ae92078,2017-10-31T12:57:52.000Z,0.00063,0x7ac2f08029eda64724f946b393251cfab395a073,buy,0xdbfb423e9bbf16294388e07696a5120e4ceba0c5,0xec9c6e5de84af2e0a06acb237554dd45cdc25ab1f8a4c4194659397c04d90f9c
237,199.9,0.1237381,0x628f3511b9bfdf0e038fc42de38b3d170a272b24,2017-10-31T12:56:23.000Z,0.000619,0x9d413c9f3650b2d7a264373bc89c457a05dedcae,buy,0xdbfb423e9bbf16294388e07696a5120e4ceba0c5,0x26aab57be2a23ea2061499b44b7915a5d9e602f054bff3e482ee86df2ef32a5e
238,280,0.1638028,0x42b350178bb2790f1facc3cc82a34ed81570ca59,2017-10-31T12:13:16.000Z,0.00058501,0xb902ba6e3272e66c74035d7e30f4fa9279bd56f9,sell,0xdbfb423e9bbf16294388e07696a5120e4ceba0c5,0xf41720481763edc610c62eca927b890ba2ea39f820490a74acdc49b025d1a05a
239,777,0.454545,0x0c4a1d04c581bc7659b3f11bf261e716debc6e9f,2017-10-31T12:13:16.000Z,0.000585,0xb902ba6e3272e66c74035d7e30f4fa9279bd56f9,sell,0xdbfb423e9bbf16294388e07696a5120e4ceba0c5,0xb8b18bd99dbf925c80da9919ec306aff0c436c0cdc83454d1b43ff2344ed6379
240,590,0.3481,0x03779efad7c84eacaea6f3bb20c2f3d94033a2bd,2017-10-31T12:12:31.000Z,0.00059,0xb902ba6e3272e66c74035d7e30f4fa9279bd56f9,sell,0xdbfb423e9bbf16294388e07696a5120e4ceba0c5,0xb8848af02844ef0611c8c0707b77d26d6bd93ad77bfacbe002e75784bc13dc2f
241,770,0.4550315,0xba0249a73965db1d7ea7623f1fe2fcf2baf30e7a,2017-10-31T12:12:24.000Z,0.00059095,0xb902ba6e3272e66c74035d7e30f4fa9279bd56f9,sell,0xdbfb423e9bbf16294388e07696a5120e4ceba0c5,0x7278494072375ad87adad3a472d3ad91f9d221f066e9833b0e745e4b3185869e
242,570,0.336813,0x3a6eb1dca828f4bc3993d8ebc8549b2559c3f698,2017-10-31T12:12:24.000Z,0.0005909,0xb902ba6e3272e66c74035d7e30f4fa9279bd56f9,sell,0xdbfb423e9bbf16294388e07696a5120e4ceba0c5,0xdf1a00de889297ba111ce2d4d0199b2369921080e43a743625c54562e7b2cc72
243,0.1,0.000064,0x6cdea8e07bf82d7a07dbf36642d6e5be8623845c,2017-10-31T11:21:46.000Z,0.00064,0x7ac2f08029eda64724f946b393251cfab395a073,buy,0xdbfb423e9bbf16294388e07696a5120e4ceba0c5,0x8e6d0e5e85f38a4a0d2a1bfc6c97ea621f1a3382c0516da9fe5d78189c819c68
244,299.1,0.182451,0xee3acf8c5ec3cdd3d36fb0778eddb7451673a7c1,2017-10-31T11:08:14.000Z,0.00061,0xf44072eda87ede9613b6ae1b812de8a60ade27a2,sell,0xdbfb423e9bbf16294388e07696a5120e4ceba0c5,0xd72a79bec46480b7afbe8e98cd98fbc1686c1652ddc6ffb649cc4d41ffe6719d
245,300,0.177,0xf44072eda87ede9613b6ae1b812de8a60ade27a2,2017-10-31T11:08:14.000Z,0.00059,0x7114cb8dffd23f5fceb3a71ddef995251aed979b,buy,0xdbfb423e9bbf16294388e07696a5120e4ceba0c5,0xd72a79bec46480b7afbe8e98cd98fbc1686c1652ddc6ffb649cc4d41ffe6719d
246,300,0.2001,0x7114cb8dffd23f5fceb3a71ddef995251aed979b,2017-10-31T10:45:14.000Z,0.000667,0xee3acf8c5ec3cdd3d36fb0778eddb7451673a7c1,sell,0xdbfb423e9bbf16294388e07696a5120e4ceba0c5,0xe74298cd943444e888081987c5282218232c36d19a8b59bbe5e24668a4a4b439
247,168.218,0.112537842,0x3f4bbed1309f64db8990e99a10c876a0d05d23b5,2017-10-31T10:24:06.000Z,0.000669,0x0006adac167f0fa4ba388720eb06689abec9636f,buy,0xdbfb423e9bbf16294388e07696a5120e4ceba0c5,0x64593049fff7cca746dde8bee265aca78e063d36be9a37ba7d6b56787399e6ea
248,1000,0.668,0x3f4bbed1309f64db8990e99a10c876a0d05d23b5,2017-10-31T10:23:39.000Z,0.000668,0x7ac2f08029eda64724f946b393251cfab395a073,buy,0xdbfb423e9bbf16294388e07696a5120e4ceba0c5,0xfa465b0785730061318e385ef41f0edd8de8549f6268134f2dbb8f76df566181
249,295,0.19175,0x3f4bbed1309f64db8990e99a10c876a0d05d23b5,2017-10-31T10:22:03.000Z,0.00065,0x937296fc01c16da1caaadd352f1212b1d580bd03,buy,0xdbfb423e9bbf16294388e07696a5120e4ceba0c5,0x9c220449362ab73d9af2fea2568cf50f0d905b14e0ec0989208137f8bbdda556
250,979.252604181786,0.6364162674577427,0x3f4bbed1309f64db8990e99a10c876a0d05d23b5,2017-10-31T10:21:24.000Z,0.0006499,0x7ac2f08029eda64724f946b393251cfab395a073,buy,0xdbfb423e9bbf16294388e07696a5120e4ceba0c5,0x48100fc386bf79a723c298ab1ab41388d9f7aef04045554112f10f8e5900d312
251,20.74739581821399,0.013483732542257274,0x3f4bbed1309f64db8990e99a10c876a0d05d23b5,2017-10-31T10:19:18.000Z,0.0006499,0x7ac2f08029eda64724f946b393251cfab395a073,buy,0xdbfb423e9bbf16294388e07696a5120e4ceba0c5,0x16b3964c2e558c4b1cb184004f63a6b66156fd95ba68e2d518670324f3c94cdf
252,5252.5,3.540132475,0xb902ba6e3272e66c74035d7e30f4fa9279bd56f9,2017-10-31T09:39:01.000Z,0.00067399,0x794174e49bf065bfb97cd3b06b3b5e2caccc0a17,buy,0xdbfb423e9bbf16294388e07696a5120e4ceba0c5,0x63104eb31c3759e1701fa619d979814d12a77aefec16b5f059afbabe7c8e1fbc
253,739.5838577375332,0.49846472843794265,0xee3acf8c5ec3cdd3d36fb0778eddb7451673a7c1,2017-10-31T09:36:23.000Z,0.00067398,0x7ac2f08029eda64724f946b393251cfab395a073,buy,0xdbfb423e9bbf16294388e07696a5120e4ceba0c5,0xfc60b9bb2b1dbe70cd129b5f9838d668b10ee0b0af8aa98fc799520612c0b3b7
254,1000,0.674,0x67d2bf1c8ce48498cf5233673f4aefed251414c2,2017-10-31T07:47:42.000Z,0.000674,0x7ac2f08029eda64724f946b393251cfab395a073,buy,0xdbfb423e9bbf16294388e07696a5120e4ceba0c5,0x265b702b9b8131fcde270b474c7dbd002c8ec420bbf30a2016fcfb750f946479
255,658.6796274614388,0.45119554481108565,0xdc02438edefeb3f32bb22227597d745960aa23b5,2017-10-31T07:23:47.000Z,0.000685,0x0c4a1d04c581bc7659b3f11bf261e716debc6e9f,buy,0xdbfb423e9bbf16294388e07696a5120e4ceba0c5,0xbdc13235235fee48b31d9d9d2e8245fa0212990a8597320a24ca6d210d00707e
256,1820,1.2649,0xdc02438edefeb3f32bb22227597d745960aa23b5,2017-10-31T07:20:30.000Z,0.000695,0xd56e286c06dc71000e85cf3d70c6c9165b631667,buy,0xdbfb423e9bbf16294388e07696a5120e4ceba0c5,0x5b8ba995cfc41a86e3bba822fd9925712d1c6a3bdf0a8d1825e8f3c2374cec7a
257,9.969194878374832,0.005802071419214152,0x2590e5c09537cde195ed1c20f94ec963e151ec88,2017-10-31T06:51:58.000Z,0.0005819999999999999,0x1b0333b73abd65dba355b22682925f2b56c2fc20,sell,0xdbfb423e9bbf16294388e07696a5120e4ceba0c5,0x6e10648c8d48a659d1f8bffbbf2dcc55503e7823cc991bb3073c5af012132753
258,4.804567496457866,0.002796258282938478,0x2590e5c09537cde195ed1c20f94ec963e151ec88,2017-10-31T06:05:32.000Z,0.0005819999999999999,0xa32b633426ed2b0a208911a75b656e67f143311f,sell,0xdbfb423e9bbf16294388e07696a5120e4ceba0c5,0x6b93e3c3577069bf4fa9a9413d74414b78a6ef974b8a59fee3c7455454e0240b
259,30,0.0174,0x6e2c3596cfe0a3b344d3e50b45bc458c0328fffc,2017-10-31T04:46:43.000Z,0.00058,0x2dd2fa545e53712d50fa4ae81743cce8bf560ab9,sell,0xdbfb423e9bbf16294388e07696a5120e4ceba0c5,0xad331801e8cce373006432e63fadbfbc1983af09541576bfde81fbf75605e211
260,428.999,0.24882370999,0xe7813792da36c7d52940405fa59e9ffd50edf611,2017-10-31T04:45:25.000Z,0.00058001,0x2dd2fa545e53712d50fa4ae81743cce8bf560ab9,sell,0xdbfb423e9bbf16294388e07696a5120e4ceba0c5,0xc131ecde10fbd7ae7920179377a10fa4cec519491edf0dde197407e13e3dd12b
261,125.86269503648538,0.07312635167889305,0x42b350178bb2790f1facc3cc82a34ed81570ca59,2017-10-31T04:43:50.000Z,0.000581001,0x2dd2fa545e53712d50fa4ae81743cce8bf560ab9,sell,0xdbfb423e9bbf16294388e07696a5120e4ceba0c5,0x0e1ccf32041039de813fdb72d3a93a7f650ff091ebf41ca4601dc7aa7df78a0d
262,260,0.15132,0x362ca6a6ac1f24dd40bfab8f794b6e4a6f65ce67,2017-10-31T04:42:44.000Z,0.000582,0x2dd2fa545e53712d50fa4ae81743cce8bf560ab9,sell,0xdbfb423e9bbf16294388e07696a5120e4ceba0c5,0xf4df03d8fa75f0ef569757dd592be646030b760911237560d70ef62b8d11c55a
263,748.4739463149015,0.43785725859421737,0xbf6502daf8a90f1665a189e4fd292a4509516617,2017-10-31T04:40:37.000Z,0.000585,0x2dd2fa545e53712d50fa4ae81743cce8bf560ab9,sell,0xdbfb423e9bbf16294388e07696a5120e4ceba0c5,0x1667b3d3d7a5f09daf4701fc042f076bd2375f45ec4dbddfe5db1e577dc20697
264,7.3203725385611165,0.005014455188914365,0x8454ed3913df362e6a5eccf555259797eb8ad96b,2017-10-31T04:37:32.000Z,0.000685,0x0c4a1d04c581bc7659b3f11bf261e716debc6e9f,buy,0xdbfb423e9bbf16294388e07696a5120e4ceba0c5,0x3c3deb7858ff2c8db55dab0b0b3655ff8c0f69876953f0331ea03fead2c6dab6
265,0.6231306081754,0.000364531405782609,0xbf6502daf8a90f1665a189e4fd292a4509516617,2017-10-31T04:17:20.000Z,0.000585,0xe444a40689f51f63bcd29910622035707d533d29,sell,0xdbfb423e9bbf16294388e07696a5120e4ceba0c5,0x6102bdef7e04f2bba4ce3bfaa198e344c44a646047fdff6c6d23508ac5473332
266,0.000582863771179359,0.00000026228869703,0x0d77884f76b8c961465432ee63ef05292a063f76,2017-10-31T04:14:48.000Z,0.00044999999999877923,0x5b3649d50247ee11269068c67a2d259d689f97d6,sell,0xdbfb423e9bbf16294388e07696a5120e4ceba0c5,0xadcd5d77674e5734163645a2e089d10c3982024dc8c8b679027018c58542cf45
267,666,0.390276,0x0c4a1d04c581bc7659b3f11bf261e716debc6e9f,2017-10-31T03:48:40.000Z,0.000586,0xc586cd9d41a75d9e74bc25e9a15385a4525826b1,sell,0xdbfb423e9bbf16294388e07696a5120e4ceba0c5,0xd1cb203289c57c0afc52fa9dde2c64adc588e6e009278577df461b34f8eca7c2
268,666,0.3896766,0xb399e4b93e52590b91235c1c45d20986f189c3ce,2017-10-31T03:48:16.000Z,0.0005851,0xc586cd9d41a75d9e74bc25e9a15385a4525826b1,sell,0xdbfb423e9bbf16294388e07696a5120e4ceba0c5,0xe5bbc764c6a6cb832de97b6f82b5e160adb4c0cc0d5dccf9138926d39e0e5f7f
269,200,0.102002,0xf0db96c182d521ec0a415a2c4af0bb4f29fea5e2,2017-10-31T03:42:05.000Z,0.00051001,0xfaccc069397f0fefce26df8d108b688a7b267e77,sell,0xdbfb423e9bbf16294388e07696a5120e4ceba0c5,0x5e1e9dc920232184aaf9ec33ba97ee5068823791396ffb13321d7ae12eb80221
270,200,0.1162002,0xb399e4b93e52590b91235c1c45d20986f189c3ce,2017-10-31T03:36:38.000Z,0.000581001,0xfaccc069397f0fefce26df8d108b688a7b267e77,sell,0xdbfb423e9bbf16294388e07696a5120e4ceba0c5,0x842a8ceb2aa3ca3478f43b02ea215a40b4a28a0c06bd9fb6b948acd0fe95fda2
271,0.00058461218765125,0.000000269506218507,0x5b3649d50247ee11269068c67a2d259d689f97d6,2017-10-31T03:01:31.000Z,0.000460999999999613,0x5b3649d50247ee11269068c67a2d259d689f97d6,sell,0xdbfb423e9bbf16294388e07696a5120e4ceba0c5,0xae6d16fff6dac3b4d6e8a0c31ea4bf4fe7f3a20c5b1b8e85780b7bef928aace8
272,666,0.47952,0x7d10bc73cc7bc1f67ff97280ee644b384ae92078,2017-10-31T02:58:25.000Z,0.00072,0x7ac2f08029eda64724f946b393251cfab395a073,buy,0xdbfb423e9bbf16294388e07696a5120e4ceba0c5,0xa77bb15acca1808f9b5ae37e53f99c4a9f350d3a0243cca0cad48ae891d04569
273,1000,0.72,0x7d10bc73cc7bc1f67ff97280ee644b384ae92078,2017-10-31T02:54:12.000Z,0.00072,0x7ac2f08029eda64724f946b393251cfab395a073,buy,0xdbfb423e9bbf16294388e07696a5120e4ceba0c5,0x6feeb8ca84ceb901bae21833a72abfbd946d63e4a8e772aecd1f2c90491df33a
274,280.52,0.20169388,0x7d10bc73cc7bc1f67ff97280ee644b384ae92078,2017-10-31T02:54:10.000Z,0.000719,0x48b7ec299387f17fb9fd1aea979f33306bae576e,buy,0xdbfb423e9bbf16294388e07696a5120e4ceba0c5,0x6c9365105271765e7c93829bb16420a00dfc130dd1efa7230252e509af5bf259
275,4386.402153324693,3.1582095503937793,0xd56e286c06dc71000e85cf3d70c6c9165b631667,2017-10-31T02:52:14.000Z,0.0007199999999999999,0xe20651b940a223e6204809b9b3aab56e306cf592,sell,0xdbfb423e9bbf16294388e07696a5120e4ceba0c5,0x2ac21ad0192b7bea715b762c677f0eb4f8dcc56195343e101f71d73461022ffa
276,3925.423295,2.8263047724,0xd56e286c06dc71000e85cf3d70c6c9165b631667,2017-10-31T02:46:10.000Z,0.00072,0x273a5d3e6721b9f5c1a6474f560c1334c63dda01,sell,0xdbfb423e9bbf16294388e07696a5120e4ceba0c5,0x7de10a359b6d8ff05473c5786fe456f6c316e9e82cc140dbd4988a5f47db23ba
277,3937.235,2.791499615,0x273a5d3e6721b9f5c1a6474f560c1334c63dda01,2017-10-31T02:46:10.000Z,0.000709,0x5b3649d50247ee11269068c67a2d259d689f97d6,buy,0xdbfb423e9bbf16294388e07696a5120e4ceba0c5,0x7de10a359b6d8ff05473c5786fe456f6c316e9e82cc140dbd4988a5f47db23ba
278,1000,0.7,0x273a5d3e6721b9f5c1a6474f560c1334c63dda01,2017-10-31T02:42:26.000Z,0.0007,0x5bc1779ca6f329e52873fa63688c69cebdd171fa,buy,0xdbfb423e9bbf16294388e07696a5120e4ceba0c5,0xcae7960d2e04b3fdd0591f155313e8d34eb8b2712b57d36b6843db90825d26d1
279,46.278773053445434,0.031238171811075667,0x273a5d3e6721b9f5c1a6474f560c1334c63dda01,2017-10-31T02:42:26.000Z,0.000675,0x0006adac167f0fa4ba388720eb06689abec9636f,buy,0xdbfb423e9bbf16294388e07696a5120e4ceba0c5,0xc31d5973fd14acaeaea0c29c1f1be84950fc693e1f3e9380b8929dc1817d1ca5
280,46.139936734285094,0.032713215144608135,0xd56e286c06dc71000e85cf3d70c6c9165b631667,2017-10-31T02:42:26.000Z,0.000709,0x273a5d3e6721b9f5c1a6474f560c1334c63dda01,sell,0xdbfb423e9bbf16294388e07696a5120e4ceba0c5,0xc31d5973fd14acaeaea0c29c1f1be84950fc693e1f3e9380b8929dc1817d1ca5
281,200,0.13559998,0x273a5d3e6721b9f5c1a6474f560c1334c63dda01,2017-10-31T02:42:26.000Z,0.0006779999,0x0006adac167f0fa4ba388720eb06689abec9636f,buy,0xdbfb423e9bbf16294388e07696a5120e4ceba0c5,0xa2df972d1175f718cb1f52562f29abbac88ffd6aa51e213b35dcb50bc9372169
282,997,0.706873,0xd56e286c06dc71000e85cf3d70c6c9165b631667,2017-10-31T02:42:26.000Z,0.000709,0x273a5d3e6721b9f5c1a6474f560c1334c63dda01,sell,0xdbfb423e9bbf16294388e07696a5120e4ceba0c5,0xcae7960d2e04b3fdd0591f155313e8d34eb8b2712b57d36b6843db90825d26d1
283,199.4,0.1413746,0xd56e286c06dc71000e85cf3d70c6c9165b631667,2017-10-31T02:42:26.000Z,0.000709,0x273a5d3e6721b9f5c1a6474f560c1334c63dda01,sell,0xdbfb423e9bbf16294388e07696a5120e4ceba0c5,0xa2df972d1175f718cb1f52562f29abbac88ffd6aa51e213b35dcb50bc9372169
284,500,0.3395,0x273a5d3e6721b9f5c1a6474f560c1334c63dda01,2017-10-31T02:42:14.000Z,0.000679,0x0006adac167f0fa4ba388720eb06689abec9636f,buy,0xdbfb423e9bbf16294388e07696a5120e4ceba0c5,0x201db7df3d4b23921294a5dc994caa0b6a69d26dea4538e29099e4af4ea0343b
285,1042,0.70856,0x273a5d3e6721b9f5c1a6474f560c1334c63dda01,2017-10-31T02:42:14.000Z,0.00068,0x5bc1779ca6f329e52873fa63688c69cebdd171fa,buy,0xdbfb423e9bbf16294388e07696a5120e4ceba0c5,0x4ce1b5cae49159c965206ab3bc254e9fd2719b7ad94446149c82c805c5c4f477
286,576.9,0.3894075,0x273a5d3e6721b9f5c1a6474f560c1334c63dda01,2017-10-31T02:42:14.000Z,0.000675,0x0c4a1d04c581bc7659b3f11bf261e716debc6e9f,buy,0xdbfb423e9bbf16294388e07696a5120e4ceba0c5,0xf37369130c05dbf3951b72875d236a4543eaa469152156a164aeb6cbd73536fc
287,1038.874,0.736561666,0xd56e286c06dc71000e85cf3d70c6c9165b631667,2017-10-31T02:42:14.000Z,0.000709,0x273a5d3e6721b9f5c1a6474f560c1334c63dda01,sell,0xdbfb423e9bbf16294388e07696a5120e4ceba0c5,0x4ce1b5cae49159c965206ab3bc254e9fd2719b7ad94446149c82c805c5c4f477
288,575.1693,0.4077950337,0xd56e286c06dc71000e85cf3d70c6c9165b631667,2017-10-31T02:42:14.000Z,0.000709,0x273a5d3e6721b9f5c1a6474f560c1334c63dda01,sell,0xdbfb423e9bbf16294388e07696a5120e4ceba0c5,0xf37369130c05dbf3951b72875d236a4543eaa469152156a164aeb6cbd73536fc
289,498.5,0.3534365,0xd56e286c06dc71000e85cf3d70c6c9165b631667,2017-10-31T02:42:14.000Z,0.000709,0x273a5d3e6721b9f5c1a6474f560c1334c63dda01,sell,0xdbfb423e9bbf16294388e07696a5120e4ceba0c5,0x201db7df3d4b23921294a5dc994caa0b6a69d26dea4538e29099e4af4ea0343b
290,1236.28,0.87652252,0xd56e286c06dc71000e85cf3d70c6c9165b631667,2017-10-31T02:42:14.000Z,0.000709,0x273a5d3e6721b9f5c1a6474f560c1334c63dda01,sell,0xdbfb423e9bbf16294388e07696a5120e4ceba0c5,0x5e31cbcf6358ba2b14d216ad2098f196fa99dc260e3ba39e2ecca8515b0b4a1c
291,1240,0.84319876,0x273a5d3e6721b9f5c1a6474f560c1334c63dda01,2017-10-31T02:42:14.000Z,0.000679999,0x0006adac167f0fa4ba388720eb06689abec9636f,buy,0xdbfb423e9bbf16294388e07696a5120e4ceba0c5,0x5e31cbcf6358ba2b14d216ad2098f196fa99dc260e3ba39e2ecca8515b0b4a1c
292,9828.042530632338,6.629014686911512,0x1d5321e125f6c7079a716705541c7b371ca79e69,2017-10-31T02:40:15.000Z,0.0006745,0x13c3fd153e23ded7477e0817ad4d5754e2d67649,buy,0xdbfb423e9bbf16294388e07696a5120e4ceba0c5,0x73741691cfdbc6e9efae2e60c4ccd604458bf2a0f13b9f11420abdf6ff12d87e
293,9798.646590859758,6.663079681784636,0xd56e286c06dc71000e85cf3d70c6c9165b631667,2017-10-31T02:40:15.000Z,0.0006799999999999999,0x1d5321e125f6c7079a716705541c7b371ca79e69,sell,0xdbfb423e9bbf16294388e07696a5120e4ceba0c5,0x73741691cfdbc6e9efae2e60c4ccd604458bf2a0f13b9f11420abdf6ff12d87e
294,2.957469367662009,0.001994813088488025,0xaae7a9152d1862597dd7be5b39f229f5f95b1be9,2017-10-31T02:34:56.000Z,0.0006745,0x13c3fd153e23ded7477e0817ad4d5754e2d67649,buy,0xdbfb423e9bbf16294388e07696a5120e4ceba0c5,0xae0507e2fce22430cb2fc18f104c6cae6e34f9841c9185da95a725b96ca496e4
295,53.554979563353605,0.031168998105871797,0x2590e5c09537cde195ed1c20f94ec963e151ec88,2017-10-31T02:20:54.000Z,0.0005819999999999999,0x184bd763b7d244e21d25f35f2ace6ecef5cb2047,sell,0xdbfb423e9bbf16294388e07696a5120e4ceba0c5,0x5313eb74e20a2660ab2053f363ad9ce186fa37feec329a87a80c17edabb877c8
296,249.22739507526668,0.1450503439338052,0x2590e5c09537cde195ed1c20f94ec963e151ec88,2017-10-31T02:19:23.000Z,0.0005819999999999999,0x3ccca137dbf0616549cc4a7143ba528b7cd2f4d1,sell,0xdbfb423e9bbf16294388e07696a5120e4ceba0c5,0x5827da645c4524f534b2d1568669bb2753f6022058a28cf65451b7944773e6ff
297,53.721226946554566,0.03626182818892434,0x184bd763b7d244e21d25f35f2ace6ecef5cb2047,2017-10-31T01:43:39.000Z,0.000675,0x0006adac167f0fa4ba388720eb06689abec9636f,buy,0xdbfb423e9bbf16294388e07696a5120e4ceba0c5,0xd429f78a36be825deb6ad233e05f3399bd992410c88cff5e633f5ecd9ffc49a1
298,11.864,0.00699976,0x41fdc72c25c971d1fbdea7acb8c846334bf044ec,2017-10-31T01:16:39.000Z,0.00059,0x0006adac167f0fa4ba388720eb06689abec9636f,sell,0xdbfb423e9bbf16294388e07696a5120e4ceba0c5,0x90ef8fb948a76f3e01087f29b3ecc69d472d38b5c7954d974315d443f0e59134
299,6.342,0.00386862,0x14c41c9f600bdc5284dce6efde7e55ae28078b58,2017-10-31T00:49:58.000Z,0.00061,0x0006adac167f0fa4ba388720eb06689abec9636f,sell,0xdbfb423e9bbf16294388e07696a5120e4ceba0c5,0xc53906f3abaaef7bbd2b779ac65eac97b1a4a8de932fa909eff8d507f2e6a267
300,13.480580561430973,0.008223154142472893,0x937296fc01c16da1caaadd352f1212b1d580bd03,2017-10-31T00:43:41.000Z,0.00061,0x0006adac167f0fa4ba388720eb06689abec9636f,sell,0xdbfb423e9bbf16294388e07696a5120e4ceba0c5,0x438e15bb4b96dadc0d6f63a627d1492b71e033e379bb72c38b5d80bc84b87035
301,0.00059,0.13098,0x0c4a1d04c581bc7659b3f11bf261e716debc6e9f,2017-10-31T00:40:31.000Z,222,0x273a5d3e6721b9f5c1a6474f560c1334c63dda01,sell,0xdbfb423e9bbf16294388e07696a5120e4ceba0c5,0xf6b7606e90c25f71ad91ab1cb32a9fc32d19e9e7e8b0c6c54d8e00a8c53e6d66
302,0.000000000142329978,0.000000000000082693,0x42b350178bb2790f1facc3cc82a34ed81570ca59,2017-10-31T00:25:41.000Z,0.000580994960878867,0x5a7f52c42526ddb16755d0681ddc80be166c2ff6,sell,0xdbfb423e9bbf16294388e07696a5120e4ceba0c5,0x3b58afe2221e87acf907ecaedaa33a5f91b16ba6303ea0584e19477e00416316
303,0.00000142771200344,0.000000000870904322,0x14c41c9f600bdc5284dce6efde7e55ae28078b58,2017-10-31T00:25:13.000Z,0.0006099999999310785,0x5a7f52c42526ddb16755d0681ddc80be166c2ff6,sell,0xdbfb423e9bbf16294388e07696a5120e4ceba0c5,0xdcd935702a5552a01c8d89ee7b8a997631c1ac4c77d82325903486ff1dff69b5
304,0.014321379106506016,0.000008335042639986,0x2590e5c09537cde195ed1c20f94ec963e151ec88,2017-10-31T00:24:42.000Z,0.0005819999999999649,0x5a7f52c42526ddb16755d0681ddc80be166c2ff6,sell,0xdbfb423e9bbf16294388e07696a5120e4ceba0c5,0xfcfc58670389e2594d9901aa49f3e8c9c2d6627aadcb5a6169da187000682570
305,143.65775381736185,0.08763122982859073,0x14c41c9f600bdc5284dce6efde7e55ae28078b58,2017-10-31T00:23:50.000Z,0.00061,0x5a7f52c42526ddb16755d0681ddc80be166c2ff6,sell,0xdbfb423e9bbf16294388e07696a5120e4ceba0c5,0x8e6406048cf2235ae750b7a5d2e5a13ef7887b99496f0e622b1f5e3edef76e3b
306,5.879269337790953,0.00352814952960835,0x8397b719f59d95d250cdabef8daaaba2865558a1,2017-10-31T00:22:41.000Z,0.0006000999999999998,0x5a7f52c42526ddb16755d0681ddc80be166c2ff6,sell,0xdbfb423e9bbf16294388e07696a5120e4ceba0c5,0xae2932190554fc24183e7fd99d640d5895568df66d01a479107397be8ab995f1
307,30,0.0204,0xc5847b34697e2ec7887f42fc171402ba0c977466,2017-10-31T00:11:49.000Z,0.00068,0x5bc1779ca6f329e52873fa63688c69cebdd171fa,buy,0xdbfb423e9bbf16294388e07696a5120e4ceba0c5,0xa33fc0fd1199caf4abea49f4df2ec834dccab418b23819b8a8711e8e5538fadb
308,50,0.03545,0xc5847b34697e2ec7887f42fc171402ba0c977466,2017-10-31T00:03:03.000Z,0.000709,0x5b3649d50247ee11269068c67a2d259d689f97d6,buy,0xdbfb423e9bbf16294388e07696a5120e4ceba0c5,0x0832e58dadaea2053509c95752f4627896ab80d8da52e0b10642d56b2a2d0a0e
309,116,0.082938724,0xebcfc314b981830a438ac12de9cd1846b84eb39b,2017-10-30T23:58:37.000Z,0.000714989,0x625c6cb3cbb89b7673b399325a244d4e6d3d2740,buy,0xdbfb423e9bbf16294388e07696a5120e4ceba0c5,0x604c428127331eb6298fb546d0a7d91fe9afae08b16e345c559de25505bd3c70
310,91.2859666500387,0.06481303632152748,0x9a8a5aa38b0b0eadc9acc78fa4e028a3d3af24e3,2017-10-30T23:56:25.000Z,0.00071,0x2e76f28d753b219b02037e5f40a5719ec7e4d493,buy,0xdbfb423e9bbf16294388e07696a5120e4ceba0c5,0x1b366b9d59bb98faef046504457946d86ed0b739013e1f56713adcfad66b9921
311,2339.237641008263,1.672531520944498,0xfd48df76561d875595d04c684dccb4be59c9b7da,2017-10-30T23:35:47.000Z,0.00071499,0x5b3649d50247ee11269068c67a2d259d689f97d6,buy,0xdbfb423e9bbf16294388e07696a5120e4ceba0c5,0x1997a89154e2aecd2bd4b6617934a28884590669994d94cfce322efe12e95b36
312,369.922,0.264490160858,0xfd48df76561d875595d04c684dccb4be59c9b7da,2017-10-30T23:34:10.000Z,0.000714989,0x2249189fb2eea9d8449196c09cc171a8cf3bac88,buy,0xdbfb423e9bbf16294388e07696a5120e4ceba0c5,0xf3d95b9f9eb199f9c617cb3221dc0b59133218a3d554d3c1bd7ae826270372e9
313,0.001,0.000000739799,0x5b3649d50247ee11269068c67a2d259d689f97d6,2017-10-30T23:18:18.000Z,0.000739799,0x2249189fb2eea9d8449196c09cc171a8cf3bac88,buy,0xdbfb423e9bbf16294388e07696a5120e4ceba0c5,0x3638d3ba81023d42b73b663b3b5aa28c017106a76e03612455c16f8693769e24
314,173.00627324889257,0.10553382668182447,0x937296fc01c16da1caaadd352f1212b1d580bd03,2017-10-30T23:14:22.000Z,0.00061,0xd53955fa72ae2844f9add18bb455898af8e470f1,sell,0xdbfb423e9bbf16294388e07696a5120e4ceba0c5,0x6378aca297b944915d20d283a8784ae0b4bb80ff788aefa71ea6450b87481945
315,173.52685381032356,0.10234613837732882,0xd53955fa72ae2844f9add18bb455898af8e470f1,2017-10-30T23:14:22.000Z,0.0005898,0x5b3649d50247ee11269068c67a2d259d689f97d6,buy,0xdbfb423e9bbf16294388e07696a5120e4ceba0c5,0x6378aca297b944915d20d283a8784ae0b4bb80ff788aefa71ea6450b87481945
316,173.00627324889257,0.10553382668182447,0x937296fc01c16da1caaadd352f1212b1d580bd03,2017-10-30T23:13:47.000Z,0.00061,0xd53955fa72ae2844f9add18bb455898af8e470f1,sell,0xdbfb423e9bbf16294388e07696a5120e4ceba0c5,0x6378aca297b944915d20d283a8784ae0b4bb80ff788aefa71ea6450b87481945
317,173.52685381032356,0.10234613837732882,0xd53955fa72ae2844f9add18bb455898af8e470f1,2017-10-30T23:13:47.000Z,0.0005898,0x5b3649d50247ee11269068c67a2d259d689f97d6,buy,0xdbfb423e9bbf16294388e07696a5120e4ceba0c5,0x6378aca297b944915d20d283a8784ae0b4bb80ff788aefa71ea6450b87481945
318,5000,2.55,0x6009502524cc23d9861056a1d2b2f89603b14bbc,2017-10-30T23:13:35.000Z,0.00051,0xfc851b0fc03c02e2be9cfe39f05f30e9ba21f4bd,sell,0xdbfb423e9bbf16294388e07696a5120e4ceba0c5,0xa4ae75b67987da84b4a05e7e761bdf11540be3cc046bd4891763d3b400ae85ae
319,7450,3.874745,0xb8cbc90752345581dac45bf79772cfe1d80a4d8a,2017-10-30T23:12:40.000Z,0.0005201,0xfc851b0fc03c02e2be9cfe39f05f30e9ba21f4bd,sell,0xdbfb423e9bbf16294388e07696a5120e4ceba0c5,0xe401998b60d0e8ef67c5e406a6a7a8bef42b535d407dea3e53bd2cccf19d134b
320,6500,3.3150065,0x5b3649d50247ee11269068c67a2d259d689f97d6,2017-10-30T23:12:40.000Z,0.000510001,0xfc851b0fc03c02e2be9cfe39f05f30e9ba21f4bd,sell,0xdbfb423e9bbf16294388e07696a5120e4ceba0c5,0x00cf345875971904b692f2d2250400d1975f2c19eb0b18f65676c73e39649393
321,7050,3.8775,0x65753592de4db3482b2a2dec2406635f661d42ae,2017-10-30T23:12:30.000Z,0.00055,0xfc851b0fc03c02e2be9cfe39f05f30e9ba21f4bd,sell,0xdbfb423e9bbf16294388e07696a5120e4ceba0c5,0x6b817fc75d49b76a9ec553591ccfbb824c007971f1650d05dcc930ee6440cab8
322,0.005559880902355244,0.000003975314845184,0x46c24e504d8d29a34e7daa3ab20e32f6e3d5eccb,2017-10-30T22:50:31.000Z,0.0007150000000000001,0x9d413c9f3650b2d7a264373bc89c457a05dedcae,buy,0xdbfb423e9bbf16294388e07696a5120e4ceba0c5,0xf0f63c3263e6ee685ef5388bf7b501eab6ecededae4be5ac007b678c6cb82422
323,109.66005383311733,0.06689263283820157,0x937296fc01c16da1caaadd352f1212b1d580bd03,2017-10-30T22:50:31.000Z,0.00061,0x46c24e504d8d29a34e7daa3ab20e32f6e3d5eccb,sell,0xdbfb423e9bbf16294388e07696a5120e4ceba0c5,0xa1c7686b191309699bc9d9ad54d2ab21d67873fbc66324bf237810d2a2009f35
324,5153.421,3.684696015,0x55e80025abb508216d2a492b085a8001763cd743,2017-10-30T22:33:38.000Z,0.000715,0x13c3fd153e23ded7477e0817ad4d5754e2d67649,sell,0xdbfb423e9bbf16294388e07696a5120e4ceba0c5,0x17b7b7510978a1400187f5b5119f8dbce5058af4238cc98db34e994831f6bab3
325,996.5785792637593,0.7125536841735879,0x55e80025abb508216d2a492b085a8001763cd743,2017-10-30T22:26:44.000Z,0.000715,0x65753592de4db3482b2a2dec2406635f661d42ae,sell,0xdbfb423e9bbf16294388e07696a5120e4ceba0c5,0x890f183c3ea6cfdd0521b9a2d8a1a7710c720b21b320b66dd5ffebcb04920df5
326,750,0.5625,0x8fdcb031463563dc1f29f99c408b0f67e9ebd60c,2017-10-30T22:07:22.000Z,0.00075,0x02ded38d0d07e3dd94c03088d356e95fbf5098eb,buy,0xdbfb423e9bbf16294388e07696a5120e4ceba0c5,0x91205d09af4e2a07c2f606942dcca25f1cbb52436f2aea5799a61f7e4b4e5aac
327,6.0088,0.00420616,0xda31bd4277df8ed5e28509a95971be4babc86f0f,2017-10-30T21:49:25.000Z,0.0007,0x3259a07d6ec994c3b40e2dd4291ce609aa0d6b84,buy,0xdbfb423e9bbf16294388e07696a5120e4ceba0c5,0x57e46c10378398a0cec9669394eb8e6fa4502b0b8f0b5cba6659c3e17b0f5d66
328,26,0.018694,0x2b28704beaa319a7f48bbad362f5d90a37c40540,2017-10-30T21:32:27.000Z,0.000719,0x5a41723fd9c6ff55713d27360f23a9a947d2c210,sell,0xdbfb423e9bbf16294388e07696a5120e4ceba0c5,0x284103edf184d2082a0e3510805dd6ff1355d2657480cd32ff8778755f77ffed
329,1290.0009969095804,0.7482134782175257,0xe7813792da36c7d52940405fa59e9ffd50edf611,2017-10-30T20:46:59.000Z,0.0005800099999999999,0xbe4b066b8e2f01241e980818e1fa9aecc3c65691,sell,0xdbfb423e9bbf16294388e07696a5120e4ceba0c5,0x2f49150068e6def98e21eabebc78012a292d531b80cc9cf42a5f350ff22b9d8c
330,2000,1.162002,0xb399e4b93e52590b91235c1c45d20986f189c3ce,2017-10-30T20:43:14.000Z,0.000581001,0xbe4b066b8e2f01241e980818e1fa9aecc3c65691,sell,0xdbfb423e9bbf16294388e07696a5120e4ceba0c5,0x020b4bd69f44d5b5b80b00079cc005615b8c1dab8f972483aaab1c59de361ace
331,699.9999999999997,0.4969999999999997,0x5a41723fd9c6ff55713d27360f23a9a947d2c210,2017-10-30T20:39:18.000Z,0.00071,0xe6dce38a61edba2cd7dc0be24aa42f1c1bd3de0c,buy,0xdbfb423e9bbf16294388e07696a5120e4ceba0c5,0x40ba39c82a47fec416e066cc8b8e33121d9e27ae41875bc35ae04a715cdff043
332,374.1373049635146,0.21737414832110696,0x42b350178bb2790f1facc3cc82a34ed81570ca59,2017-10-30T20:38:52.000Z,0.000581001,0x3345f91d2d975a71404af8b61340f04c1999084a,sell,0xdbfb423e9bbf16294388e07696a5120e4ceba0c5,0xc78f121184c06015f9f8e4481b921e5658b1ad4b65afe6232124d8ce78b351cf
333,49,0.0294,0xeb89bd1689d51bdb2f16818e03f1e9944904b407,2017-10-30T20:38:02.000Z,0.0006,0x3345f91d2d975a71404af8b61340f04c1999084a,sell,0xdbfb423e9bbf16294388e07696a5120e4ceba0c5,0xba6347610c791a4a89dcd37e87c65b1735c2e16a8c9b93e10b066416404ea6ae
334,560,0.336,0xeb89bd1689d51bdb2f16818e03f1e9944904b407,2017-10-30T20:36:53.000Z,0.0006,0x3345f91d2d975a71404af8b61340f04c1999084a,sell,0xdbfb423e9bbf16294388e07696a5120e4ceba0c5,0x55359906f72aea2cb01cbdd4f1f1d14546fe607ace22d345208bc643d6c550c2
335,200,0.122,0x9d413c9f3650b2d7a264373bc89c457a05dedcae,2017-10-30T20:36:53.000Z,0.00061,0x3345f91d2d975a71404af8b61340f04c1999084a,sell,0xdbfb423e9bbf16294388e07696a5120e4ceba0c5,0x482038b99a9db709388a00fac17a6776365c472e06e47313328ed963edab61da
336,3300,2.3759967,0xbe4b066b8e2f01241e980818e1fa9aecc3c65691,2017-10-30T19:53:47.000Z,0.000719999,0x2249189fb2eea9d8449196c09cc171a8cf3bac88,buy,0xdbfb423e9bbf16294388e07696a5120e4ceba0c5,0x0a2e30721d7d7b5e629cb4d5d2794facf237fc41030742c608fd36fce1d710cb
337,880,0.6248,0x14c41c9f600bdc5284dce6efde7e55ae28078b58,2017-10-30T19:50:14.000Z,0.00071,0x3df86cefaecfaa31be2f74f8f832cb4ef62b79f8,sell,0xdbfb423e9bbf16294388e07696a5120e4ceba0c5,0x8d68932a3dad01c05a3af003a677b4415bbddc37625d25f326152d65a88ce707
338,0.00000000000037183,0.000000000000000264,0x14c41c9f600bdc5284dce6efde7e55ae28078b58,2017-10-30T19:21:55.000Z,0.0007100018825807493,0xe6dce38a61edba2cd7dc0be24aa42f1c1bd3de0c,buy,0xdbfb423e9bbf16294388e07696a5120e4ceba0c5,0xf1a9b720ae8705c98f79c5f5d9f3e8c364d378468306a48de4a0ac248d6d8b97
339,300,0.213,0xfa6d69afc1bdde196c2bdacc9b67158c85ce4b71,2017-10-30T19:19:05.000Z,0.00071,0xe6dce38a61edba2cd7dc0be24aa42f1c1bd3de0c,buy,0xdbfb423e9bbf16294388e07696a5120e4ceba0c5,0x1631e1f03ce3abf8c038eabfd9d9585de798d5a76a21908295f0a23d48470115
340,0.000000003666490277,0.000000000002639873,0x14c41c9f600bdc5284dce6efde7e55ae28078b58,2017-10-30T19:14:35.000Z,0.0007200000001527346,0x7ac2f08029eda64724f946b393251cfab395a073,buy,0xdbfb423e9bbf16294388e07696a5120e4ceba0c5,0xac7d862ce5dc7abe224f11d7ed60a5aaaf5eda6f3d4be1238a0e9f86482c5797
341,0.000036778563906944,0.000000026480566013,0x14c41c9f600bdc5284dce6efde7e55ae28078b58,2017-10-30T19:04:21.000Z,0.0007200000000000087,0x7ac2f08029eda64724f946b393251cfab395a073,buy,0xdbfb423e9bbf16294388e07696a5120e4ceba0c5,0xe5d363805f3324ea0e874591abde8f4835b9b28a451153556439d9669d254018
342,0.363871996809889,0.000265626557671219,0x14c41c9f600bdc5284dce6efde7e55ae28078b58,2017-10-30T19:01:50.000Z,0.00073,0x65753592de4db3482b2a2dec2406635f661d42ae,buy,0xdbfb423e9bbf16294388e07696a5120e4ceba0c5,0x15195ef20df692c320bceefb3bc1c045ef3d25138a45f8af25256c7d1a5402c6
343,3.9876383212042668,0.002791346824842986,0x1787250412edae155b3bdbf3b6e635f47d2ad11d,2017-10-30T18:54:29.000Z,0.0006999999999999998,0xff3f8d703bbfca2bd2be9eb2ba182f071b84f975,sell,0xdbfb423e9bbf16294388e07696a5120e4ceba0c5,0x13191acbdacea322a2a162c6380c51498d104ea9a2889c85fe9a1477b29a3eda
344,214.9744631762295,0.15903810785777459,0x29be7e47eebfa7af350017269b9d5ad4babda86d,2017-10-30T18:36:35.000Z,0.0007398,0x3345f91d2d975a71404af8b61340f04c1999084a,buy,0xdbfb423e9bbf16294388e07696a5120e4ceba0c5,0xbb2bf15a3ed0c7fe152afb7ebd58813922ed0cf5c7662588a3a917b88d66ef13
345,1420,0.9940142,0x7d10bc73cc7bc1f67ff97280ee644b384ae92078,2017-10-30T18:15:35.000Z,0.00070001,0x6009502524cc23d9861056a1d2b2f89603b14bbc,sell,0xdbfb423e9bbf16294388e07696a5120e4ceba0c5,0xe4256b386333ebd1c5e0f8918a6ba896f0b411596e69fbc8d69f9b28165184fe
346,1350,0.9989973,0x696ca3fb370b5ef684c7695ffc7ed404d3337da7,2017-10-30T18:13:22.000Z,0.000739998,0x6009502524cc23d9861056a1d2b2f89603b14bbc,sell,0xdbfb423e9bbf16294388e07696a5120e4ceba0c5,0x248afcf88753f67cf295085af4023a7304a5fecde9cd7e5f8f8fad73225ba946
347,10,0.007,0xd6ad47611a81d12f64d9f5d5f3016932d9ec6764,2017-10-30T18:10:20.000Z,0.0007,0x41fdc72c25c971d1fbdea7acb8c846334bf044ec,buy,0xdbfb423e9bbf16294388e07696a5120e4ceba0c5,0xdc45bb0e246f26b2ff1e71df8a63a66698c8122bf61015b60b74606358617bfc
348,10,0.00739997,0xf0e045a709778abe1d7126379fc61c90afc35f1d,2017-10-30T18:05:46.000Z,0.000739997,0x2249189fb2eea9d8449196c09cc171a8cf3bac88,buy,0xdbfb423e9bbf16294388e07696a5120e4ceba0c5,0x21d03a98e1b5fab578902a9758d52be6373483c098147c8ad7611f4295219b83
349,318.44856286838046,0.22291399400786632,0x29be7e47eebfa7af350017269b9d5ad4babda86d,2017-10-30T18:05:01.000Z,0.0007,0x65753592de4db3482b2a2dec2406635f661d42ae,sell,0xdbfb423e9bbf16294388e07696a5120e4ceba0c5,0x592083b4fd8e602505765cc7e51d088fe64f75ea8933f6f460d209d78fe98af3
350,15,0.0105,0xd6ad47611a81d12f64d9f5d5f3016932d9ec6764,2017-10-30T17:45:18.000Z,0.0007,0x65753592de4db3482b2a2dec2406635f661d42ae,buy,0xdbfb423e9bbf16294388e07696a5120e4ceba0c5,0xb1d0c47833fa2accdbe6977714c9ed3055234b1085480537d9c48f2447ae1bc9
351,4750,2.77875,0x0c4a1d04c581bc7659b3f11bf261e716debc6e9f,2017-10-30T17:38:57.000Z,0.000585,0xfc851b0fc03c02e2be9cfe39f05f30e9ba21f4bd,sell,0xdbfb423e9bbf16294388e07696a5120e4ceba0c5,0x3ba05c7673fc661e957b2bbd3df519a03b211d80d5fc6f8d1bf60d7de00b2a30
352,1465.0935176321777,1.0255654623425243,0x7d10bc73cc7bc1f67ff97280ee644b384ae92078,2017-10-30T17:38:36.000Z,0.0007,0x65753592de4db3482b2a2dec2406635f661d42ae,buy,0xdbfb423e9bbf16294388e07696a5120e4ceba0c5,0x5a7e330e29ccf7b49337cd46613f5cf993f68840f360912e42c73fa1e50e7c10
353,19600,10.976,0xad23b157e82040664ba0f62cc04863586eb74563,2017-10-30T17:38:36.000Z,0.00056,0xfc851b0fc03c02e2be9cfe39f05f30e9ba21f4bd,sell,0xdbfb423e9bbf16294388e07696a5120e4ceba0c5,0xe0d362e52340bf4c0f965978ecac1bfdb384bde018d401aeff874a74831506ad
354,43,0.0301,0xd6ad47611a81d12f64d9f5d5f3016932d9ec6764,2017-10-30T17:35:31.000Z,0.0007,0x65753592de4db3482b2a2dec2406635f661d42ae,buy,0xdbfb423e9bbf16294388e07696a5120e4ceba0c5,0x3acf6074df99258982fe97ad0d1aafc95a77bcc6fd38b6702a8e8aa8a6b4e700
355,1500,1.05,0x7d10bc73cc7bc1f67ff97280ee644b384ae92078,2017-10-30T17:29:36.000Z,0.0007,0x65753592de4db3482b2a2dec2406635f661d42ae,buy,0xdbfb423e9bbf16294388e07696a5120e4ceba0c5,0xfe9d02b282cc867c951d38d4ffe328174b7cf3ff7bdaabcd81e27329854ff005
356,64.583,0.04262478,0xbeea0a51fe06801d39840e8bb8b5b1ccf1cd4f46,2017-10-30T17:17:58.000Z,0.00066,0x0c4a1d04c581bc7659b3f11bf261e716debc6e9f,sell,0xdbfb423e9bbf16294388e07696a5120e4ceba0c5,0x9e6e1541a05c57d5cd073f36cd877ea317e22f544909ab4517480a468e8dff77
357,100,0.067,0x8397b719f59d95d250cdabef8daaaba2865558a1,2017-10-30T17:17:41.000Z,0.00067,0x0c4a1d04c581bc7659b3f11bf261e716debc6e9f,sell,0xdbfb423e9bbf16294388e07696a5120e4ceba0c5,0x1f9b40a3bfd8bcdbc7cbdb238ccffc82a606aa4a1cf2246d56b6daa323f30ccf
358,8,0.005408,0xc9e9ec41601b98599b7d58e5a5a4529ab9062e05,2017-10-30T17:17:36.000Z,0.000676,0x0c4a1d04c581bc7659b3f11bf261e716debc6e9f,sell,0xdbfb423e9bbf16294388e07696a5120e4ceba0c5,0xfd82c4e88efb59538789f99cc99f8e0728218f8b6461d0054b26e0e6136d0b90
359,150,0.105,0x1787250412edae155b3bdbf3b6e635f47d2ad11d,2017-10-30T17:10:42.000Z,0.0007,0xb3ce1a52cea50f6904247299ea0929c0bfb5aaf9,sell,0xdbfb423e9bbf16294388e07696a5120e4ceba0c5,0x25ab85b18d15aef1d688fcf86c9716a9f4a606d0f259526959ed4b7d54df2796
360,16,0.0112,0xd6ad47611a81d12f64d9f5d5f3016932d9ec6764,2017-10-30T17:08:26.000Z,0.0007,0x65753592de4db3482b2a2dec2406635f661d42ae,buy,0xdbfb423e9bbf16294388e07696a5120e4ceba0c5,0x69eeec28628bb75e54a0040d1b163e79e90619036ddd2ea36e9337650ed9c8e6
361,2000,1.35,0x7d10bc73cc7bc1f67ff97280ee644b384ae92078,2017-10-30T17:04:42.000Z,0.000675,0xfc851b0fc03c02e2be9cfe39f05f30e9ba21f4bd,sell,0xdbfb423e9bbf16294388e07696a5120e4ceba0c5,0xf9fe875c6219d06fed2f2983e336dd2a169f5ca6f5a8f349fea76a3f972ffd37
362,430,0.301,0xd6ad47611a81d12f64d9f5d5f3016932d9ec6764,2017-10-30T16:47:11.000Z,0.0007,0x65753592de4db3482b2a2dec2406635f661d42ae,buy,0xdbfb423e9bbf16294388e07696a5120e4ceba0c5,0x8d2537781902ca9908071399ba3817779210d3b3e1143522602ab3efaffc580a
363,750,0.52425,0xd6ad47611a81d12f64d9f5d5f3016932d9ec6764,2017-10-30T16:43:49.000Z,0.000699,0x02ded38d0d07e3dd94c03088d356e95fbf5098eb,buy,0xdbfb423e9bbf16294388e07696a5120e4ceba0c5,0xed098a0fb1ee142d0a2ec360f5875174f88f7c6e2cab204d5330cb138b825e89
364,1000,0.7,0x7d10bc73cc7bc1f67ff97280ee644b384ae92078,2017-10-30T16:28:54.000Z,0.0007,0x65753592de4db3482b2a2dec2406635f661d42ae,buy,0xdbfb423e9bbf16294388e07696a5120e4ceba0c5,0x587cc73f8b809ac42087a478d53a3150863566ddd52a3823d68d6a3bab189124
365,689.174,0.4823528826,0x7d10bc73cc7bc1f67ff97280ee644b384ae92078,2017-10-30T16:25:59.000Z,0.0006999,0x681ba86651f392c04c077a53baf20e5f144526f0,buy,0xdbfb423e9bbf16294388e07696a5120e4ceba0c5,0x6caab8deae282517c60f43ded1467e3a88f441e6f3628f02052418e150a290e3
366,461.59803584663746,0.3230724652890616,0x707f98df58f52030643a716df8a84add5c1b62ed,2017-10-30T16:17:38.000Z,0.0006999,0x681ba86651f392c04c077a53baf20e5f144526f0,buy,0xdbfb423e9bbf16294388e07696a5120e4ceba0c5,0x62876de1b1033adcdf08bda214f41f8b00ac80acafe58f48d7dfa7da170c0362
367,0.2278976037264895,0.00015950553284817,0x564cf6f299da66d45b6572cdf032a311e9d7b800,2017-10-30T16:15:01.000Z,0.0006999,0x681ba86651f392c04c077a53baf20e5f144526f0,buy,0xdbfb423e9bbf16294388e07696a5120e4ceba0c5,0xd09977d4e460ac17e526ac054fa76539bb528e0249469d84a1150c11c030e1cd
368,4,0.0028,0xff3f8d703bbfca2bd2be9eb2ba182f071b84f975,2017-10-30T16:02:03.000Z,0.0007,0x65753592de4db3482b2a2dec2406635f661d42ae,buy,0xdbfb423e9bbf16294388e07696a5120e4ceba0c5,0xf8561ba725b3cd292e5ddc5f49752470f1b8430ab0b5e4efbe8edda4f4a06934
369,1145,0.755705725,0x707f98df58f52030643a716df8a84add5c1b62ed,2017-10-30T16:02:03.000Z,0.000660005,0x681ba86651f392c04c077a53baf20e5f144526f0,sell,0xdbfb423e9bbf16294388e07696a5120e4ceba0c5,0xd7adb56e2afbbf9240734f108ee20c4987c373e899fdb1fbd0125e2e3f619e35
370,63.77754627943491,0.04464428239560444,0x960b5e9707a3984f5b47c58f88c20a6519b946d1,2017-10-30T16:00:39.000Z,0.0007,0x65753592de4db3482b2a2dec2406635f661d42ae,buy,0xdbfb423e9bbf16294388e07696a5120e4ceba0c5,0xc7e8f7f905e006605a06133afd74ceded856760a930e4b27a25768ffd7dbba1e
371,600,0.42,0x960b5e9707a3984f5b47c58f88c20a6519b946d1,2017-10-30T15:57:28.000Z,0.0007,0x65753592de4db3482b2a2dec2406635f661d42ae,buy,0xdbfb423e9bbf16294388e07696a5120e4ceba0c5,0x7aefd49bf89a75d2bd65bb1f1b29585210a95140b805444c59e523a4ad23cde5
372,11,0.0077,0x960b5e9707a3984f5b47c58f88c20a6519b946d1,2017-10-30T15:54:35.000Z,0.0007,0x3ff21a09320652f7a03e093e48c48f8bf171d696,buy,0xdbfb423e9bbf16294388e07696a5120e4ceba0c5,0x0caa65b9ddac8c59f8167b1e3e0d11f05fedce42f629543ccb143acbc08665f0
373,95.41681899590235,0.06297510053729555,0xbeea0a51fe06801d39840e8bb8b5b1ccf1cd4f46,2017-10-30T15:54:18.000Z,0.00066,0x0c4a1d04c581bc7659b3f11bf261e716debc6e9f,sell,0xdbfb423e9bbf16294388e07696a5120e4ceba0c5,0xe1de3468de97011333092f8f53fcd5cbb1074a43804e8faedeadc6a52db42c88
374,200,0.145,0x3ccca137dbf0616549cc4a7143ba528b7cd2f4d1,2017-10-30T15:36:52.000Z,0.000725,0x0c4a1d04c581bc7659b3f11bf261e716debc6e9f,buy,0xdbfb423e9bbf16294388e07696a5120e4ceba0c5,0x59073430bfcb35eb919c7a3226f4221669b23fcb797757fe59e5767c9601287d
375,6.088795080079339,0.004414376433057521,0x3259a07d6ec994c3b40e2dd4291ce609aa0d6b84,2017-10-30T15:34:36.000Z,0.000725,0x0c4a1d04c581bc7659b3f11bf261e716debc6e9f,buy,0xdbfb423e9bbf16294388e07696a5120e4ceba0c5,0xf1a92e8519377380f3c3d412e5816e32ff9deb479e02a7070324ed5448e1cbb4
376,838.782376599089,0.6081172230343396,0x3345f91d2d975a71404af8b61340f04c1999084a,2017-10-30T15:25:57.000Z,0.000725,0x0c4a1d04c581bc7659b3f11bf261e716debc6e9f,buy,0xdbfb423e9bbf16294388e07696a5120e4ceba0c5,0x0fb2c546100223c29b0d21adbc5e8a1fd08810c6e137dc9826641e91af0d5182
377,32.916217186042005,0.023864257459880453,0x3345f91d2d975a71404af8b61340f04c1999084a,2017-10-30T15:24:10.000Z,0.000725,0x0c4a1d04c581bc7659b3f11bf261e716debc6e9f,buy,0xdbfb423e9bbf16294388e07696a5120e4ceba0c5,0x3faa0445661ba8fa619d10f61ebfe43557143fe70d5932b1abf090828f3e4c04
378,550,0.385,0x3345f91d2d975a71404af8b61340f04c1999084a,2017-10-30T15:23:12.000Z,0.0007,0x540ca4ba45e0f4225bbe424322b4cc8819c10dca,buy,0xdbfb423e9bbf16294388e07696a5120e4ceba0c5,0xf764ebfb428e367526e672b5a290e6f736d02f83a2a566ea2dcd8280e75d31c6
379,50,0.035,0xed9bc86d173a66a93f3ec96fd49771785bd741a4,2017-10-30T15:20:37.000Z,0.0007,0x540ca4ba45e0f4225bbe424322b4cc8819c10dca,buy,0xdbfb423e9bbf16294388e07696a5120e4ceba0c5,0x030e13e668ab6df12f8388ea3890e40251a789427dd05ce5cbf3f0fddd282dcf
380,35.86352280206506,0.026539006873528146,0x8747b8a010033060529d60909ab7a00b8d2a1dea,2017-10-30T15:20:37.000Z,0.00074,0x85534954a72366d141c1769c0b8f5be473af8423,sell,0xdbfb423e9bbf16294388e07696a5120e4ceba0c5,0x3d2e6d1b6cab23000c267930cd70dd53661381c64ed4c3489107d5faeee7be81
381,12541,7.286333541,0xc193d7d304c1916cb015a852480ec3fb03d035e9,2017-10-30T15:04:55.000Z,0.000581001,0xfc851b0fc03c02e2be9cfe39f05f30e9ba21f4bd,sell,0xdbfb423e9bbf16294388e07696a5120e4ceba0c5,0x0ee0fd3e79e7370bec4e864474040eb4133dc342da655c5c089a5722aea13ebf
