,amount,amountBase,buyer,date,price,seller,side,tokenAddr,txHash
0,4000,1.52,0x13b180786e6e5eb6bed6923e0a21548eebaf8da3,2017-11-02T17:32:53.000Z,0.00038,0x13b180786e6e5eb6bed6923e0a21548eebaf8da3,buy,0x9b11efcaaa1890f6ee52c6bb7cf8153ac5d74139,0xe5521bc383b1cb6da4476f5545d82dd86ab7b6c0452391b0642e46b29f762eb9
1,4969.14355662,0.3292355754874147,0x1a84a246b1ff279f1eaa13fca4c2245b58d32517,2017-11-02T17:31:13.000Z,0.000066256,0x3acea4869e97beab7b7714eda5e30d95c2058587,sell,0x9b11efcaaa1890f6ee52c6bb7cf8153ac5d74139,0xfb932846eb7a5d260ee08218299345addd6d1507789ed53ffce547b9cced83b9
2,1000,0.21,0x13b180786e6e5eb6bed6923e0a21548eebaf8da3,2017-11-02T17:09:38.000Z,0.00021,0x13b180786e6e5eb6bed6923e0a21548eebaf8da3,buy,0x9b11efcaaa1890f6ee52c6bb7cf8153ac5d74139,0x063b7db6666f7ddd0574aea362e0192fbcbebd2881629f3786983898154287e5
3,6000,2.28,0x13b180786e6e5eb6bed6923e0a21548eebaf8da3,2017-11-02T17:08:00.000Z,0.00038,0x13b180786e6e5eb6bed6923e0a21548eebaf8da3,buy,0x9b11efcaaa1890f6ee52c6bb7cf8153ac5d74139,0x1f4425130c2ffef0b8ffd59a486e27f50838d1006013c8a069bb8e676cb7d126
4,4000,0.84,0x13b180786e6e5eb6bed6923e0a21548eebaf8da3,2017-11-02T16:56:30.000Z,0.00021,0x13b180786e6e5eb6bed6923e0a21548eebaf8da3,buy,0x9b11efcaaa1890f6ee52c6bb7cf8153ac5d74139,0x11e20f020a3dff814c12692fade51f4c7f486bb1b7e00fedfa287882185f1bc9
5,5000,1.05,0x13b180786e6e5eb6bed6923e0a21548eebaf8da3,2017-11-02T16:55:11.000Z,0.00021,0x13b180786e6e5eb6bed6923e0a21548eebaf8da3,buy,0x9b11efcaaa1890f6ee52c6bb7cf8153ac5d74139,0x94c41e59af730690deebde608c58393ddc2cee8902b0cc124aa013773ed40273
6,5000,0.38575,0x21b2ec62e93954074cde69ae0ccb2faa65f66075,2017-11-02T16:51:28.000Z,0.00007715,0x1a84a246b1ff279f1eaa13fca4c2245b58d32517,buy,0x9b11efcaaa1890f6ee52c6bb7cf8153ac5d74139,0xf694723d1814a17ab53bbf536cbc9903aaf44e3d0326ec6e565e38dd0b6fa608
7,1300,0.0936,0x655d6b456d859fdae6f0ccb8dd3179ca1a8a0490,2017-11-02T16:40:14.000Z,0.000072,0x242daf62dc3abc87c36aea0b593d223f919e918f,buy,0x9b11efcaaa1890f6ee52c6bb7cf8153ac5d74139,0x149552b0257e1025a0dd0f20a1c3f34dbf8e05be796149ce65a9cd3c9f911a1e
8,10000,1.93,0x13b180786e6e5eb6bed6923e0a21548eebaf8da3,2017-11-02T16:33:42.000Z,0.000193,0x13b180786e6e5eb6bed6923e0a21548eebaf8da3,buy,0x9b11efcaaa1890f6ee52c6bb7cf8153ac5d74139,0xa2657721a8587d0b2039e6eaf5bceda34611dfec026420d014f400615005b7d3
9,8239.082,0.60087625026,0xc9164c7200d92caaaff82513064735625b3280c2,2017-11-02T16:23:44.000Z,0.00007293,0x65f403f5ce12908bfa7d8089f54f097e8b686fae,buy,0x9b11efcaaa1890f6ee52c6bb7cf8153ac5d74139,0x886d562870cb0bd2dd45445763027be09f6c162001ac5b0e16ec9f830caf7a24
10,20000,3.86,0x13b180786e6e5eb6bed6923e0a21548eebaf8da3,2017-11-02T16:17:09.000Z,0.000193,0x13b180786e6e5eb6bed6923e0a21548eebaf8da3,buy,0x9b11efcaaa1890f6ee52c6bb7cf8153ac5d74139,0x1b54a28dc3170fb14d1a9570cb2256da06ff383e0e3e63dcf05825479cc048c3
11,30000,5.64,0x13b180786e6e5eb6bed6923e0a21548eebaf8da3,2017-11-02T16:00:21.000Z,0.000188,0x13b180786e6e5eb6bed6923e0a21548eebaf8da3,buy,0x9b11efcaaa1890f6ee52c6bb7cf8153ac5d74139,0xfdc1b7e33ded97561f873d4a397ce959811bd481b073983850c89388dd7f5a2f
12,20000,3.86,0x13b180786e6e5eb6bed6923e0a21548eebaf8da3,2017-11-02T15:31:33.000Z,0.000193,0x13b180786e6e5eb6bed6923e0a21548eebaf8da3,buy,0x9b11efcaaa1890f6ee52c6bb7cf8153ac5d74139,0x800b77a4cafb8e1a2b11e35ccbf4c07f14265c6c5f3f0ee793628b253d59ef18
13,11579,0.8244248,0x030d375f33267a6f3869918c30b117254201fcd0,2017-11-02T15:23:23.000Z,0.0000712,0x09e396aca9535fffc68c72f880ab36e252b73a43,sell,0x9b11efcaaa1890f6ee52c6bb7cf8153ac5d74139,0x5c5ad081f3d34b73befce27e90919b38dd4665516afeae5fa6fe270e32c6d042
14,20000,3.86,0x13b180786e6e5eb6bed6923e0a21548eebaf8da3,2017-11-02T15:18:19.000Z,0.000193,0x13b180786e6e5eb6bed6923e0a21548eebaf8da3,buy,0x9b11efcaaa1890f6ee52c6bb7cf8153ac5d74139,0x596062a938d78b5c7776f1ad292996bcfdbc586f66218c3b1135af5475ed80ce
15,10000,2.1,0x13b180786e6e5eb6bed6923e0a21548eebaf8da3,2017-11-02T15:09:44.000Z,0.00021,0x13b180786e6e5eb6bed6923e0a21548eebaf8da3,buy,0x9b11efcaaa1890f6ee52c6bb7cf8153ac5d74139,0xbe1f7162cd8a80c7152aaf8f9bd51fe600450e95ed9723ad2602e08afbf5425e
16,30000,11.4,0x13b180786e6e5eb6bed6923e0a21548eebaf8da3,2017-11-02T15:09:23.000Z,0.00038,0x13b180786e6e5eb6bed6923e0a21548eebaf8da3,buy,0x9b11efcaaa1890f6ee52c6bb7cf8153ac5d74139,0xb9dc1c8b9534fba890f6a1c857bb7aeee5951dccf06a228c28849070518086c1
17,10000,0.72001,0x1a84a246b1ff279f1eaa13fca4c2245b58d32517,2017-11-02T15:09:07.000Z,0.000072001,0x09e396aca9535fffc68c72f880ab36e252b73a43,sell,0x9b11efcaaa1890f6ee52c6bb7cf8153ac5d74139,0x7caaa284ab9130423d14f1d6e098e3fdac3d2ec93175c11438ad72cd406034f6
18,10000,3.8,0x13b180786e6e5eb6bed6923e0a21548eebaf8da3,2017-11-02T15:09:07.000Z,0.00038,0x13b180786e6e5eb6bed6923e0a21548eebaf8da3,buy,0x9b11efcaaa1890f6ee52c6bb7cf8153ac5d74139,0x0efb993065b267e0d34363eaa2e185a248cefabc3856b6e52d6835cb37c04190
19,20000,7.6,0x13b180786e6e5eb6bed6923e0a21548eebaf8da3,2017-11-02T15:09:07.000Z,0.00038,0x13b180786e6e5eb6bed6923e0a21548eebaf8da3,buy,0x9b11efcaaa1890f6ee52c6bb7cf8153ac5d74139,0x198f4626bd9c3e22d224c17e90cb08460201144bd03ef4ed37236839740de483
20,7916,0.5802428,0x030d375f33267a6f3869918c30b117254201fcd0,2017-11-02T15:07:54.000Z,0.0000733,0x09e396aca9535fffc68c72f880ab36e252b73a43,sell,0x9b11efcaaa1890f6ee52c6bb7cf8153ac5d74139,0x4f3d50457cef8e3919a1941d14b83564e981dcac92749585f4f1644e9e5c59ef
21,6357,0.4697823,0x030d375f33267a6f3869918c30b117254201fcd0,2017-11-02T15:07:45.000Z,0.0000739,0x09e396aca9535fffc68c72f880ab36e252b73a43,sell,0x9b11efcaaa1890f6ee52c6bb7cf8153ac5d74139,0x5d8bcdecea056d00702a91908c285f90e5050ed1cfadcf1e38505f87226fd74e
22,5936,0.442232,0x030d375f33267a6f3869918c30b117254201fcd0,2017-11-02T15:07:20.000Z,0.0000745,0x09e396aca9535fffc68c72f880ab36e252b73a43,sell,0x9b11efcaaa1890f6ee52c6bb7cf8153ac5d74139,0x2a163e6e7c1bf182abdcc0226892ea91e39f1b807bce0696e6b35b8f722300d8
23,6214.12286474,0.4660592148555,0x1567591981207815cbeefe0381f491000f5d302a,2017-11-02T15:05:48.000Z,0.000075,0x09e396aca9535fffc68c72f880ab36e252b73a43,sell,0x9b11efcaaa1890f6ee52c6bb7cf8153ac5d74139,0x8857c97d655775882ee1dc78f39062a5068ecb29d04159ff1188848b22962c00
24,8785.87713526,0.6589407851445,0x1567591981207815cbeefe0381f491000f5d302a,2017-11-02T15:04:07.000Z,0.000075,0xa18f410cdeea7148dd2f51c217173637f5691243,sell,0x9b11efcaaa1890f6ee52c6bb7cf8153ac5d74139,0x62e99a7a6b7be681c0c226c2f4c0687d430ad5fde3704e44c720a53054a4f53e
25,10000,2.1,0x13b180786e6e5eb6bed6923e0a21548eebaf8da3,2017-11-02T15:00:16.000Z,0.00021,0x13b180786e6e5eb6bed6923e0a21548eebaf8da3,buy,0x9b11efcaaa1890f6ee52c6bb7cf8153ac5d74139,0x254e410f09748b9772cf920184b0d8898a2ed461f9220b06fe6f1bfc36f15722
26,10000,3.8,0x13b180786e6e5eb6bed6923e0a21548eebaf8da3,2017-11-02T15:00:16.000Z,0.00038,0x13b180786e6e5eb6bed6923e0a21548eebaf8da3,buy,0x9b11efcaaa1890f6ee52c6bb7cf8153ac5d74139,0x22539ea6a0fd6d60bf5ec4b97eab0449fad5a83071a7e630e3760142cb164e62
27,60000,22.8,0x13b180786e6e5eb6bed6923e0a21548eebaf8da3,2017-11-02T14:59:13.000Z,0.00038,0x13b180786e6e5eb6bed6923e0a21548eebaf8da3,buy,0x9b11efcaaa1890f6ee52c6bb7cf8153ac5d74139,0x21217b754a20634775c57f556039a939eaf57b24eb59ef2f3ba7a0dc759e9216
28,6633.06,0.5000000628,0x65f403f5ce12908bfa7d8089f54f097e8b686fae,2017-11-02T14:47:43.000Z,0.00007538,0x9757b1f134296b32061e36898861336cba747fe1,sell,0x9b11efcaaa1890f6ee52c6bb7cf8153ac5d74139,0x66d43c79bbd15d8636b7548a52c4def644775d70e2c986c268749f0c6671bc3a
29,50000,10.5,0x13b180786e6e5eb6bed6923e0a21548eebaf8da3,2017-11-02T14:17:06.000Z,0.00021,0x13b180786e6e5eb6bed6923e0a21548eebaf8da3,buy,0x9b11efcaaa1890f6ee52c6bb7cf8153ac5d74139,0x5ba89a7552fa204f5b521ef93469d546afe8dca52ccebc5ee1aca2ec6b0ba9e6
30,10000,3.8,0x13b180786e6e5eb6bed6923e0a21548eebaf8da3,2017-11-02T14:16:44.000Z,0.00038,0x13b180786e6e5eb6bed6923e0a21548eebaf8da3,buy,0x9b11efcaaa1890f6ee52c6bb7cf8153ac5d74139,0xa262ed9a589f17a9e25eefa34e900d77984690ee2a6aeb020a1b1d8ca2acc933
31,20000,7.6,0x13b180786e6e5eb6bed6923e0a21548eebaf8da3,2017-11-02T14:16:44.000Z,0.00038,0x13b180786e6e5eb6bed6923e0a21548eebaf8da3,buy,0x9b11efcaaa1890f6ee52c6bb7cf8153ac5d74139,0xc32b6d4444bf84b4fef7e2e61d5ce1590c37c7dbab8a0ad162647573f6ab1d0c
32,121700,9.6141783,0xc9164c7200d92caaaff82513064735625b3280c2,2017-11-02T14:15:11.000Z,0.000078999,0x8246ba89b4b3e23161f6294965ca8f48f7823ae5,buy,0x9b11efcaaa1890f6ee52c6bb7cf8153ac5d74139,0xc82cb6a559d4422fceab3eb04df5c762a076c62948536314c623ee4eb82b613a
33,2500,0.1974975,0x1567591981207815cbeefe0381f491000f5d302a,2017-11-02T14:12:48.000Z,0.000078999,0x8246ba89b4b3e23161f6294965ca8f48f7823ae5,buy,0x9b11efcaaa1890f6ee52c6bb7cf8153ac5d74139,0xcf0de52352c8f31a0b2cee4d8afabd563f2dcab0c17fa81e3b6757547bc08505
34,12150,0.95742,0xc9164c7200d92caaaff82513064735625b3280c2,2017-11-02T14:10:10.000Z,0.0000788,0xdb039da8fc69a8882a40ac0b1e9cfd536d84e018,buy,0x9b11efcaaa1890f6ee52c6bb7cf8153ac5d74139,0xfd3ff505e348556c491fb88ffab5e1de71c8e5e37d279ab3f8bb97bd59ea59f7
35,20000,7.6,0x13b180786e6e5eb6bed6923e0a21548eebaf8da3,2017-11-02T14:02:58.000Z,0.00038,0x13b180786e6e5eb6bed6923e0a21548eebaf8da3,buy,0x9b11efcaaa1890f6ee52c6bb7cf8153ac5d74139,0x6a69ae4cdd339ea163c652bc5c99a3f80d79b242b3d78b70da891cf8bd0d0b64
36,10000,3.8,0x13b180786e6e5eb6bed6923e0a21548eebaf8da3,2017-11-02T14:02:58.000Z,0.00038,0x13b180786e6e5eb6bed6923e0a21548eebaf8da3,buy,0x9b11efcaaa1890f6ee52c6bb7cf8153ac5d74139,0x2dda2a07723848a58eaac07b4feda493d9cbc40bfd079123ed1dcf1bea6bbe88
37,10000,3.8,0x13b180786e6e5eb6bed6923e0a21548eebaf8da3,2017-11-02T14:02:28.000Z,0.00038,0x13b180786e6e5eb6bed6923e0a21548eebaf8da3,buy,0x9b11efcaaa1890f6ee52c6bb7cf8153ac5d74139,0x2dda2a07723848a58eaac07b4feda493d9cbc40bfd079123ed1dcf1bea6bbe88
38,5000,1.05,0x13b180786e6e5eb6bed6923e0a21548eebaf8da3,2017-11-02T14:00:53.000Z,0.00021,0x13b180786e6e5eb6bed6923e0a21548eebaf8da3,buy,0x9b11efcaaa1890f6ee52c6bb7cf8153ac5d74139,0xb5e7ad5718109549598fea905b1c31a0c8bd09cebc36f8974e2e90f7804319d6
39,47749.61970826,3.767444994982433,0x197d7044a231af310ef6f2ac9cb96b9b7e8bd7e7,2017-11-02T13:59:48.000Z,0.00007890000000001505,0x5af66acd32394c1ef30e5895f3b09c3f4a23e726,buy,0x9b11efcaaa1890f6ee52c6bb7cf8153ac5d74139,0xeb34fd1d426217c2b19d4c551d4c28490a2a012335a05b8f5c99ac4352055025
40,14999,1.1774215,0x197d7044a231af310ef6f2ac9cb96b9b7e8bd7e7,2017-11-02T13:59:25.000Z,0.0000785,0x030d375f33267a6f3869918c30b117254201fcd0,buy,0x9b11efcaaa1890f6ee52c6bb7cf8153ac5d74139,0x08f045ae0e1c9ef5c4f7445757fe9dea5864a665639e14e073057a8dfc9cf706
41,5000,1.05,0x13b180786e6e5eb6bed6923e0a21548eebaf8da3,2017-11-02T13:54:01.000Z,0.00021,0x13b180786e6e5eb6bed6923e0a21548eebaf8da3,buy,0x9b11efcaaa1890f6ee52c6bb7cf8153ac5d74139,0x10353c1243b8c766ebcef1e7cb0634ca08df5f093b1251b2ebbd87333b32d21e
42,30000,5.79,0x13b180786e6e5eb6bed6923e0a21548eebaf8da3,2017-11-02T13:53:29.000Z,0.000193,0x13b180786e6e5eb6bed6923e0a21548eebaf8da3,buy,0x9b11efcaaa1890f6ee52c6bb7cf8153ac5d74139,0x0c079eb0725edf4c6534acee170e90ce6efcf93d94f47484cd6563d0cebd3d4b
43,10000,1.88,0x13b180786e6e5eb6bed6923e0a21548eebaf8da3,2017-11-02T13:53:19.000Z,0.000188,0x13b180786e6e5eb6bed6923e0a21548eebaf8da3,buy,0x9b11efcaaa1890f6ee52c6bb7cf8153ac5d74139,0x7baf71bbfdfc44fa238e7b03fb14a079550c0f4f900e55e40887d10c05f9e911
44,113958.017,8.6607978961983,0xc9164c7200d92caaaff82513064735625b3280c2,2017-11-02T13:52:32.000Z,0.0000759999,0x8246ba89b4b3e23161f6294965ca8f48f7823ae5,buy,0x9b11efcaaa1890f6ee52c6bb7cf8153ac5d74139,0xeb3622089a73bd3c4e23c0f62b6c57f4409d09677db63649b4035b1a8d81e9a2
45,1606.02133386,0.098930914165776,0x65f403f5ce12908bfa7d8089f54f097e8b686fae,2017-11-02T13:50:59.000Z,0.0000616,0xf9c66dd0545054ecfe325362292a17f6bb6dcca0,sell,0x9b11efcaaa1890f6ee52c6bb7cf8153ac5d74139,0xabb6d3e2e74d80c3d0a0cc8f1603c5ccd8ad27573c2d5b03562483d70b62a64c
46,10241.9828024,0.7783896687845461,0x197d7044a231af310ef6f2ac9cb96b9b7e8bd7e7,2017-11-02T13:48:07.000Z,0.00007599990000004162,0x8246ba89b4b3e23161f6294965ca8f48f7823ae5,buy,0x9b11efcaaa1890f6ee52c6bb7cf8153ac5d74139,0x509c3faa1626cb9df22ca77c4a325273e075c3cfb2ebf9255a5c3d001288fb2d
47,30000,5.58,0x13b180786e6e5eb6bed6923e0a21548eebaf8da3,2017-11-02T13:39:47.000Z,0.000186,0x13b180786e6e5eb6bed6923e0a21548eebaf8da3,buy,0x9b11efcaaa1890f6ee52c6bb7cf8153ac5d74139,0xc598fc4e1bd80cb4cdbf2cbfe23414f2a7473768776c65fd8522bff225551956
48,30000,5.58,0x13b180786e6e5eb6bed6923e0a21548eebaf8da3,2017-11-02T13:39:35.000Z,0.000186,0x13b180786e6e5eb6bed6923e0a21548eebaf8da3,buy,0x9b11efcaaa1890f6ee52c6bb7cf8153ac5d74139,0xc598fc4e1bd80cb4cdbf2cbfe23414f2a7473768776c65fd8522bff225551956
49,14999,1.13917405,0x197d7044a231af310ef6f2ac9cb96b9b7e8bd7e7,2017-11-02T13:38:50.000Z,0.00007595,0x030d375f33267a6f3869918c30b117254201fcd0,buy,0x9b11efcaaa1890f6ee52c6bb7cf8153ac5d74139,0xe8517e22515b57dfbc8a70ce26259079ad15276ac4f01450ab2977156adcc4ee
50,7142.919,0.52807600167,0x197d7044a231af310ef6f2ac9cb96b9b7e8bd7e7,2017-11-02T13:38:50.000Z,0.00007393,0x65f403f5ce12908bfa7d8089f54f097e8b686fae,buy,0x9b11efcaaa1890f6ee52c6bb7cf8153ac5d74139,0xd818fea3fe26091aa7a7200d49458e9af976dead592529c3a578743096eeca99
51,10000,1.86,0x13b180786e6e5eb6bed6923e0a21548eebaf8da3,2017-11-02T13:38:48.000Z,0.000186,0x13b180786e6e5eb6bed6923e0a21548eebaf8da3,buy,0x9b11efcaaa1890f6ee52c6bb7cf8153ac5d74139,0xad3e3f8a715eb2eff299ef15659c560747115620fcb1037f19629ac6e44d7280
52,20000,3.86,0x13b180786e6e5eb6bed6923e0a21548eebaf8da3,2017-11-02T13:32:34.000Z,0.000193,0x13b180786e6e5eb6bed6923e0a21548eebaf8da3,buy,0x9b11efcaaa1890f6ee52c6bb7cf8153ac5d74139,0x6b6e1b451c184efdf29ddfff99b77e4c5d9a6883f3ad05ea0283ab18d429df49
53,2000,0.76,0x13b180786e6e5eb6bed6923e0a21548eebaf8da3,2017-11-02T13:06:08.000Z,0.00038,0x13b180786e6e5eb6bed6923e0a21548eebaf8da3,buy,0x9b11efcaaa1890f6ee52c6bb7cf8153ac5d74139,0x9e7bb57bb9a261da018d2562907ea2228871794bae843c7c73836325b64276f4
54,8000,3.04,0x13b180786e6e5eb6bed6923e0a21548eebaf8da3,2017-11-02T12:50:32.000Z,0.00038,0x13b180786e6e5eb6bed6923e0a21548eebaf8da3,buy,0x9b11efcaaa1890f6ee52c6bb7cf8153ac5d74139,0x265ac84665d615d74b92011ec53217de9f19f373627df08d03c1a7504eb582c0
55,20000,4.2,0x13b180786e6e5eb6bed6923e0a21548eebaf8da3,2017-11-02T12:48:56.000Z,0.00021,0x13b180786e6e5eb6bed6923e0a21548eebaf8da3,buy,0x9b11efcaaa1890f6ee52c6bb7cf8153ac5d74139,0x9f73c32af08c4b36d0f52995e9fee5319e6ec5970c687d6c66c730c05cc1b6fc
56,20000,4.2,0x13b180786e6e5eb6bed6923e0a21548eebaf8da3,2017-11-02T12:47:31.000Z,0.00021,0x13b180786e6e5eb6bed6923e0a21548eebaf8da3,buy,0x9b11efcaaa1890f6ee52c6bb7cf8153ac5d74139,0xcbfd91bd6c7490096bef13864ecde23158146baa7f5fd3be07acf9be851dd772
57,1042.93939752,0.06361930324872,0x80a6ec77070ffe45ed7ba40d23c903f388f58c1e,2017-11-02T12:45:06.000Z,0.000061,0xc847559681f261b9c1481df5ff4f4ae014317da0,sell,0x9b11efcaaa1890f6ee52c6bb7cf8153ac5d74139,0xf150757e983c969f5a0f465209bb02297d60152fc1971ba93ce96b26c0756fcb
58,60000,12.6,0x13b180786e6e5eb6bed6923e0a21548eebaf8da3,2017-11-02T12:39:19.000Z,0.00021,0x13b180786e6e5eb6bed6923e0a21548eebaf8da3,buy,0x9b11efcaaa1890f6ee52c6bb7cf8153ac5d74139,0x64bf9c142aa73a339acfeb595678b4fe3d6e4bf32d0e936ff9b1acf82ce55767
59,80000,16.8,0x13b180786e6e5eb6bed6923e0a21548eebaf8da3,2017-11-02T12:38:52.000Z,0.00021,0x13b180786e6e5eb6bed6923e0a21548eebaf8da3,buy,0x9b11efcaaa1890f6ee52c6bb7cf8153ac5d74139,0xfb084bab05eabd4a77e6d2a2e15dfaffdac221846c7c9150788fd056bb67fe28
60,3599,0.27381192,0x70707ccc2d74671ab395e6e906c7e6927209d29d,2017-11-02T12:30:39.000Z,0.00007608,0xc847559681f261b9c1481df5ff4f4ae014317da0,sell,0x9b11efcaaa1890f6ee52c6bb7cf8153ac5d74139,0xb23c66dc13a6fc0a1e39b7f0cab7a234c605b5ffcab4901af8d9f4712938e1c2
61,82000,17.22,0x13b180786e6e5eb6bed6923e0a21548eebaf8da3,2017-11-02T12:29:30.000Z,0.00021,0x13b180786e6e5eb6bed6923e0a21548eebaf8da3,buy,0x9b11efcaaa1890f6ee52c6bb7cf8153ac5d74139,0x98c74c51f5e5dae49d623a725d504fc1d8f4f99c33d94ab311c28f418e1d68c4
62,8000,1.68,0x13b180786e6e5eb6bed6923e0a21548eebaf8da3,2017-11-02T12:12:59.000Z,0.00021,0x13b180786e6e5eb6bed6923e0a21548eebaf8da3,buy,0x9b11efcaaa1890f6ee52c6bb7cf8153ac5d74139,0x25435826d529c717dbf43d57595c2fc7296170170fc910288bd520b38e615d62
63,56000,11.76,0x13b180786e6e5eb6bed6923e0a21548eebaf8da3,2017-11-02T12:06:05.000Z,0.00021,0x13b180786e6e5eb6bed6923e0a21548eebaf8da3,buy,0x9b11efcaaa1890f6ee52c6bb7cf8153ac5d74139,0x10a1aab1d58dbcf1df1f8d45ada45358747dd5b15f372d1093c2db99f2b472c2
64,8000,1.68,0x13b180786e6e5eb6bed6923e0a21548eebaf8da3,2017-11-02T12:05:31.000Z,0.00021,0x13b180786e6e5eb6bed6923e0a21548eebaf8da3,buy,0x9b11efcaaa1890f6ee52c6bb7cf8153ac5d74139,0x64dc6faa35ca8f28fb63bb8d7810d21be2bd45e470260b43a0187ea66c8e35a0
65,8000,1.68,0x13b180786e6e5eb6bed6923e0a21548eebaf8da3,2017-11-02T12:05:19.000Z,0.00021,0x13b180786e6e5eb6bed6923e0a21548eebaf8da3,buy,0x9b11efcaaa1890f6ee52c6bb7cf8153ac5d74139,0xd28aac652cbfd8dd6bdfd9c0befa85d195a4c02d328b08eb9b1d801cb2d45322
66,8000,1.68,0x13b180786e6e5eb6bed6923e0a21548eebaf8da3,2017-11-02T12:04:41.000Z,0.00021,0x13b180786e6e5eb6bed6923e0a21548eebaf8da3,buy,0x9b11efcaaa1890f6ee52c6bb7cf8153ac5d74139,0xa754501dfaa73566c24e41f2d56ea6c1c3c73642556cde31e5e436f23b42c285
67,1000,0.21,0x13b180786e6e5eb6bed6923e0a21548eebaf8da3,2017-11-02T12:04:24.000Z,0.00021,0x13b180786e6e5eb6bed6923e0a21548eebaf8da3,buy,0x9b11efcaaa1890f6ee52c6bb7cf8153ac5d74139,0x5601efdc519703406f6848b745a12ceaf40d324126a576a293a06bcfc139566f
68,5.56440337,0.0003338642022,0x2995d2c83b10272bb1a85e56d13d33466e0d7146,2017-11-02T12:03:49.000Z,0.00006,0x0fb404bf92af3ff385a0d319ff5c2fbfdf00e68d,sell,0x9b11efcaaa1890f6ee52c6bb7cf8153ac5d74139,0x997c135e09bcf518f668525d073a5b26de08e9962b912a60979d9b3aada78b8e
69,1329.86891818,0.2573296356696239,0x3835ba762097c7604e56cc8e0636f6105ffed72c,2017-11-02T12:03:27.000Z,0.00019350000000134892,0x3835ba762097c7604e56cc8e0636f6105ffed72c,buy,0x9b11efcaaa1890f6ee52c6bb7cf8153ac5d74139,0x23d78d5bb6eb58e57f5b604584cf20e811d7a4a1c80a3c0c45154a8e19bd6339
70,45261.13108181,8.758028864330376,0x3835ba762097c7604e56cc8e0636f6105ffed72c,2017-11-02T12:02:33.000Z,0.0001935000000000031,0x3835ba762097c7604e56cc8e0636f6105ffed72c,buy,0x9b11efcaaa1890f6ee52c6bb7cf8153ac5d74139,0x992e803e6acb0b4a8c71d0788bff355d773aad040298a15d8808357c333664ca
71,1188.211,0.2299188285,0x3835ba762097c7604e56cc8e0636f6105ffed72c,2017-11-02T12:02:30.000Z,0.0001935,0x3835ba762097c7604e56cc8e0636f6105ffed72c,buy,0x9b11efcaaa1890f6ee52c6bb7cf8153ac5d74139,0x7b4950380434d7514c40745372000054d715c990a12fb3e227ebd671029cf8d9
72,1049.68870302,0.20311476403592443,0x3835ba762097c7604e56cc8e0636f6105ffed72c,2017-11-02T12:02:13.000Z,0.00019350000000148082,0x3835ba762097c7604e56cc8e0636f6105ffed72c,buy,0x9b11efcaaa1890f6ee52c6bb7cf8153ac5d74139,0x38be6a66e21ae46a2dd49f2f93b937b370bc92815eb81f3f1cc50f4255188df5
73,913.078,0.176680593,0x3835ba762097c7604e56cc8e0636f6105ffed72c,2017-11-02T12:02:09.000Z,0.0001935,0x3835ba762097c7604e56cc8e0636f6105ffed72c,buy,0x9b11efcaaa1890f6ee52c6bb7cf8153ac5d74139,0xa42825aef1a054fbcf29e5f2993572a4d0b90e3aae3484daa54481fcf7daa189
74,55816.53025036,3.3489918150216,0x2995d2c83b10272bb1a85e56d13d33466e0d7146,2017-11-02T12:02:09.000Z,0.00006,0x0fb404bf92af3ff385a0d319ff5c2fbfdf00e68d,sell,0x9b11efcaaa1890f6ee52c6bb7cf8153ac5d74139,0x05c1bc1c4ea135a67f2a7528fc1d5aeb4dedd8ee6f70ef11187cdc2637307e82
75,7000,1.351,0x13b180786e6e5eb6bed6923e0a21548eebaf8da3,2017-11-02T12:02:09.000Z,0.000193,0x13b180786e6e5eb6bed6923e0a21548eebaf8da3,buy,0x9b11efcaaa1890f6ee52c6bb7cf8153ac5d74139,0x06e24941548fea250240a72886ae3f01dfd88746437bca04c0a42a9dbd332e91
76,45402.78860941,8.785439595921316,0x3835ba762097c7604e56cc8e0636f6105ffed72c,2017-11-02T12:01:14.000Z,0.00019350000000001059,0x3835ba762097c7604e56cc8e0636f6105ffed72c,buy,0x9b11efcaaa1890f6ee52c6bb7cf8153ac5d74139,0x1743410e06ef0e3d81606068094ba878cab1f0277b439c79588f2803ec1ccc42
77,49901.30595156,2.9941282583995514,0x09e396aca9535fffc68c72f880ab36e252b73a43,2017-11-02T12:00:21.000Z,0.000060001,0x0fb404bf92af3ff385a0d319ff5c2fbfdf00e68d,sell,0x9b11efcaaa1890f6ee52c6bb7cf8153ac5d74139,0xfa2bb13a4b60aa786b3773bdc1d18d4637233185b4f406fff3cc1cfc7906bb93
78,35000,2.135035,0xc9164c7200d92caaaff82513064735625b3280c2,2017-11-02T11:57:06.000Z,0.000061001,0x0fb404bf92af3ff385a0d319ff5c2fbfdf00e68d,sell,0x9b11efcaaa1890f6ee52c6bb7cf8153ac5d74139,0x47f6d2d8b2c7256855e9bea70870f5b16cd350e747e51de681242d1a8fbb3934
79,8813.10851993,0.53759961971573,0xa18f410cdeea7148dd2f51c217173637f5691243,2017-11-02T11:55:54.000Z,0.000061,0x0fb404bf92af3ff385a0d319ff5c2fbfdf00e68d,sell,0x9b11efcaaa1890f6ee52c6bb7cf8153ac5d74139,0x72120330fd560ac6337e1d1f6a2fc0dfced4c1c9f64695757e82b0bc9a058e98
80,28000,1.708,0xf0ddad1698eff75a3224765123bacde150fd825b,2017-11-02T11:55:33.000Z,0.000061,0x0fb404bf92af3ff385a0d319ff5c2fbfdf00e68d,sell,0x9b11efcaaa1890f6ee52c6bb7cf8153ac5d74139,0xbf26199c70f3a309a612670c56dc18f620a5fda069c4b642a360cf878a1a5ef3
81,1867.918,0.11775355072,0xaa10dc038b30b1ddb5309b9c9162323a80355cfc,2017-11-02T11:54:21.000Z,0.00006304,0x0fb404bf92af3ff385a0d319ff5c2fbfdf00e68d,sell,0x9b11efcaaa1890f6ee52c6bb7cf8153ac5d74139,0xa36b2577efe546a09cd6b167a597f77de67f56d2d4f8398a61d2dd96262cbfef
82,20000,1.32,0xc0c7f32948f3a71080f7fe9bb93170a20c80bf52,2017-11-02T11:52:44.000Z,0.000066,0x0fb404bf92af3ff385a0d319ff5c2fbfdf00e68d,sell,0x9b11efcaaa1890f6ee52c6bb7cf8153ac5d74139,0x95eb50f90faa3519bc53b79ab01a2e52b85482dba7e17599c19a453875b6a7b4
83,6409.63014654,0.4040630844378816,0xaa10dc038b30b1ddb5309b9c9162323a80355cfc,2017-11-02T11:52:14.000Z,0.00006304,0x0fb404bf92af3ff385a0d319ff5c2fbfdf00e68d,sell,0x9b11efcaaa1890f6ee52c6bb7cf8153ac5d74139,0x9d3b7822c2e7f699b300171fa51070b90c66fc45bae416164370ee80b3992903
84,23500,1.488725,0x2364e6ea3e35a8fa696fa56f2e56ab62e0583f28,2017-11-02T11:51:27.000Z,0.00006335,0x0fb404bf92af3ff385a0d319ff5c2fbfdf00e68d,sell,0x9b11efcaaa1890f6ee52c6bb7cf8153ac5d74139,0x103c9b322ff24d8e1ad2cb1a7f13f6828fac553fd9eafb2a46c15245bdd3d3f2
85,3000,0.579,0x13b180786e6e5eb6bed6923e0a21548eebaf8da3,2017-11-02T11:51:19.000Z,0.000193,0x13b180786e6e5eb6bed6923e0a21548eebaf8da3,buy,0x9b11efcaaa1890f6ee52c6bb7cf8153ac5d74139,0x4e538b14163775917835f40601a093a33ea8cf12bab1c8a873c9b023bc14ca70
86,45541.31129697,8.812243735964076,0x3835ba762097c7604e56cc8e0636f6105ffed72c,2017-11-02T11:40:30.000Z,0.00019350000000000836,0x3835ba762097c7604e56cc8e0636f6105ffed72c,buy,0x9b11efcaaa1890f6ee52c6bb7cf8153ac5d74139,0x405270e0e964fdde9a2658b2162df783d4d39ff4f7718be033b695f0510ff4c5
87,776.058,0.150167223,0x3835ba762097c7604e56cc8e0636f6105ffed72c,2017-11-02T11:40:21.000Z,0.0001935,0x3835ba762097c7604e56cc8e0636f6105ffed72c,buy,0x9b11efcaaa1890f6ee52c6bb7cf8153ac5d74139,0xca9956095fad895aa71a2e2d4dc680f3a233728d2b68422ad96fe7487286c458
88,45677.92156983,8.838677823763188,0x3835ba762097c7604e56cc8e0636f6105ffed72c,2017-11-02T11:40:11.000Z,0.0001935000000000237,0x3835ba762097c7604e56cc8e0636f6105ffed72c,buy,0x9b11efcaaa1890f6ee52c6bb7cf8153ac5d74139,0x85028cda8b4690e731bd4ab0652e2e46bcf4ae054f4e881a0a95654c8b721fdc
89,650,0.0499915,0x748b9f5dcced2f9e8932095d178a12760a2536c1,2017-11-02T11:39:39.000Z,0.00007691,0xdb039da8fc69a8882a40ac0b1e9cfd536d84e018,sell,0x9b11efcaaa1890f6ee52c6bb7cf8153ac5d74139,0xa8f04dadeab46aab313d017b2a77aac450302d2f67ed46478c5cef525166bbf9
90,45814.94163253,8.865191205896265,0x3835ba762097c7604e56cc8e0636f6105ffed72c,2017-11-02T11:38:09.000Z,0.0001935000000000373,0x3835ba762097c7604e56cc8e0636f6105ffed72c,buy,0x9b11efcaaa1890f6ee52c6bb7cf8153ac5d74139,0x8173b839067de1e185ba93e15a14d5ad8c5e8077db526da4e5bb8752e9f47f42
91,635.23566683,0.12291810153220759,0x3835ba762097c7604e56cc8e0636f6105ffed72c,2017-11-02T11:37:02.000Z,0.0001935000000009486,0x3835ba762097c7604e56cc8e0636f6105ffed72c,buy,0x9b11efcaaa1890f6ee52c6bb7cf8153ac5d74139,0x9061a12b0dbebbf3595f7a6951182489aefa38ac150fdd69b93f9804ae8d86f1
92,13722.45160402,0.8650633491174208,0xaa10dc038b30b1ddb5309b9c9162323a80355cfc,2017-11-02T11:22:31.000Z,0.00006304,0x0fb404bf92af3ff385a0d319ff5c2fbfdf00e68d,sell,0x9b11efcaaa1890f6ee52c6bb7cf8153ac5d74139,0x69a038e4bf833b4d9063f42e27ac9579128d200b7726c4e12098462892bfd8b4
93,10000,0.65,0x652bf94db025def61d235c0a3eb986189c560a1f,2017-11-02T11:18:18.000Z,0.000065,0x0fb404bf92af3ff385a0d319ff5c2fbfdf00e68d,sell,0x9b11efcaaa1890f6ee52c6bb7cf8153ac5d74139,0x1643a1fa20c97550050613b176bfcd9e9940eadf1a83b702cbf4303f41068068
94,495.417,0.0958631895,0x3835ba762097c7604e56cc8e0636f6105ffed72c,2017-11-02T11:17:11.000Z,0.0001935,0x3835ba762097c7604e56cc8e0636f6105ffed72c,buy,0x9b11efcaaa1890f6ee52c6bb7cf8153ac5d74139,0xf1af1f60fe61eed5a093a99487b056cf268f5b6bc34d6643a2c55e928497f03e
95,20000,1.334,0x80a6ec77070ffe45ed7ba40d23c903f388f58c1e,2017-11-02T11:17:11.000Z,0.0000667,0x0fb404bf92af3ff385a0d319ff5c2fbfdf00e68d,sell,0x9b11efcaaa1890f6ee52c6bb7cf8153ac5d74139,0xb61ecf4ec8ef84f8a3bd61a2fb1582941db78d5ad5bf407fc068d72a42298a75
96,45955.76433316,8.892440398467793,0x3835ba762097c7604e56cc8e0636f6105ffed72c,2017-11-02T11:17:11.000Z,0.000193500000000029,0x3835ba762097c7604e56cc8e0636f6105ffed72c,buy,0x9b11efcaaa1890f6ee52c6bb7cf8153ac5d74139,0x84b4479a5e0dd78e2fdacece0392f1ec7a49acc5c6d661a46d10ba4c8c4610f1
97,79.353,0.0153548055,0x3835ba762097c7604e56cc8e0636f6105ffed72c,2017-11-02T11:16:35.000Z,0.0001935,0x3835ba762097c7604e56cc8e0636f6105ffed72c,buy,0x9b11efcaaa1890f6ee52c6bb7cf8153ac5d74139,0xe259b36729fe28e11c55bfe488ef67893d0e8c06941d35c97026f71ae09793d5
98,357.14457208,0.0691074746974962,0x3835ba762097c7604e56cc8e0636f6105ffed72c,2017-11-02T11:16:35.000Z,0.00019350000000004536,0x3835ba762097c7604e56cc8e0636f6105ffed72c,buy,0x9b11efcaaa1890f6ee52c6bb7cf8153ac5d74139,0x231f14fc73d73be8795667678b4d63975afb3578e27732b1f23833a444e1df92
99,218.45687456,0.042271405228535584,0x3835ba762097c7604e56cc8e0636f6105ffed72c,2017-11-02T11:16:18.000Z,0.0001935000000053813,0x3835ba762097c7604e56cc8e0636f6105ffed72c,buy,0x9b11efcaaa1890f6ee52c6bb7cf8153ac5d74139,0xd19cfe18739870436b0070b40584d56f96ba321a8e1cb029d4cd5b23ce3683d0
100,9000,0.6201,0x80a6ec77070ffe45ed7ba40d23c903f388f58c1e,2017-11-02T11:16:04.000Z,0.0000689,0x0fb404bf92af3ff385a0d319ff5c2fbfdf00e68d,sell,0x9b11efcaaa1890f6ee52c6bb7cf8153ac5d74139,0x762a0edee7ed608de98e92907f231b3dbd730619e0c32c9c3ff451cbfe9e1799
101,46095.58250768,8.919495215237797,0x3835ba762097c7604e56cc8e0636f6105ffed72c,2017-11-02T11:16:04.000Z,0.00019350000000003723,0x3835ba762097c7604e56cc8e0636f6105ffed72c,buy,0x9b11efcaaa1890f6ee52c6bb7cf8153ac5d74139,0xc3d378390bed5ca0d475dc24e21c0d4efd91b3cc18f54ba6bcea9a0feaf7bd5d
102,10000,0.69,0x652bf94db025def61d235c0a3eb986189c560a1f,2017-11-02T11:15:23.000Z,0.000069,0x0fb404bf92af3ff385a0d319ff5c2fbfdf00e68d,sell,0x9b11efcaaa1890f6ee52c6bb7cf8153ac5d74139,0x8e26083a90dc2968a7098e228c6b2083545cdb328c7ed0ea2dbedcb7ff6b2056
103,8000,0.568,0x80a6ec77070ffe45ed7ba40d23c903f388f58c1e,2017-11-02T11:13:46.000Z,0.000071,0x0fb404bf92af3ff385a0d319ff5c2fbfdf00e68d,sell,0x9b11efcaaa1890f6ee52c6bb7cf8153ac5d74139,0x002835fcc698f6092f8b335137e9b2db9a6e4633da3b9bf68f6a8e93ab690a09
104,2216.072,0.15512504,0x652bf94db025def61d235c0a3eb986189c560a1f,2017-11-02T11:11:37.000Z,0.00007,0x0fb404bf92af3ff385a0d319ff5c2fbfdf00e68d,sell,0x9b11efcaaa1890f6ee52c6bb7cf8153ac5d74139,0xcc0b81cb41e044a654cc8d7dfdf0a9b07e73a2afe4c49f51f63fd1056bbb8568
105,46233.85542791,8.946251025302503,0x3835ba762097c7604e56cc8e0636f6105ffed72c,2017-11-02T11:10:34.000Z,0.0001935000000000415,0x3835ba762097c7604e56cc8e0636f6105ffed72c,buy,0x9b11efcaaa1890f6ee52c6bb7cf8153ac5d74139,0x4adc2de281b41caf21d4aec9e4613cd3dc701197433b48e62f93edf6cc898283
106,46372.54312543,8.973087094771465,0x3835ba762097c7604e56cc8e0636f6105ffed72c,2017-11-02T11:09:40.000Z,0.00019350000000001636,0x3835ba762097c7604e56cc8e0636f6105ffed72c,buy,0x9b11efcaaa1890f6ee52c6bb7cf8153ac5d74139,0x887befff8a9ff019293c66eeb01449b922b65b46cfe3056b55d140d5782a1988
107,46511.64684443,9.000003664398816,0x3835ba762097c7604e56cc8e0636f6105ffed72c,2017-11-02T11:08:59.000Z,0.00019350000000003463,0x3835ba762097c7604e56cc8e0636f6105ffed72c,buy,0x9b11efcaaa1890f6ee52c6bb7cf8153ac5d74139,0x7d214cae2b66e90842200933dc53b23fe9fcf67c061a9331445217c949133026
108,7142.86,0.5000002,0x65f403f5ce12908bfa7d8089f54f097e8b686fae,2017-11-02T11:08:15.000Z,0.00007,0x0fb404bf92af3ff385a0d319ff5c2fbfdf00e68d,sell,0x9b11efcaaa1890f6ee52c6bb7cf8153ac5d74139,0x3626a3c57bb6f4db7571e16fc8907b8944728f160a57379e53d596bb88c1764a
109,46591,9.0153585,0x3835ba762097c7604e56cc8e0636f6105ffed72c,2017-11-02T11:03:35.000Z,0.0001935,0x3835ba762097c7604e56cc8e0636f6105ffed72c,buy,0x9b11efcaaa1890f6ee52c6bb7cf8153ac5d74139,0xb38dd5d65099aa027b4697624ecd2edb6798355c45b2cbeb9f83b3e8cd551537
110,46591,9.0153585,0x3835ba762097c7604e56cc8e0636f6105ffed72c,2017-11-02T11:00:16.000Z,0.0001935,0x3835ba762097c7604e56cc8e0636f6105ffed72c,buy,0x9b11efcaaa1890f6ee52c6bb7cf8153ac5d74139,0x77e460f7128bc7102362bbfea734c510a21dd483a145aac197198fb37b92ec30
111,46591,9.0153585,0x3835ba762097c7604e56cc8e0636f6105ffed72c,2017-11-02T10:59:38.000Z,0.0001935,0x3835ba762097c7604e56cc8e0636f6105ffed72c,buy,0x9b11efcaaa1890f6ee52c6bb7cf8153ac5d74139,0x276265a6103a08e35a616ee1d754e53066567c5dd47f0e74e45333f56ab1ed2a
112,46591,9.0153585,0x3835ba762097c7604e56cc8e0636f6105ffed72c,2017-11-02T10:59:38.000Z,0.0001935,0x3835ba762097c7604e56cc8e0636f6105ffed72c,buy,0x9b11efcaaa1890f6ee52c6bb7cf8153ac5d74139,0xc0c89f42402b3d8730b1f9d5a2b157dc87f2dc2f93c89dd6a482a7be70dc3a88
113,46591,9.0153585,0x3835ba762097c7604e56cc8e0636f6105ffed72c,2017-11-02T10:58:48.000Z,0.0001935,0x3835ba762097c7604e56cc8e0636f6105ffed72c,buy,0x9b11efcaaa1890f6ee52c6bb7cf8153ac5d74139,0x2c81bfa02113bbc88c7b1f00e577b818644b6409b1657829c0b1a9bdf96c7cf2
114,4035,0.318765,0xa34c7d4de5d9bc06e125c4489328b84a4a5e68b8,2017-11-02T10:51:55.000Z,0.000079,0x1c5068e0d1031b3b0c4932f4c0b71708e17f1367,buy,0x9b11efcaaa1890f6ee52c6bb7cf8153ac5d74139,0xae77c106b53f4109f54fcc0f5dd156f49382fd8b227652bf0a95776649a5eb5c
115,2940,0.22932,0xa34c7d4de5d9bc06e125c4489328b84a4a5e68b8,2017-11-02T10:47:24.000Z,0.000078,0x40771c18fb731f962714d5ebdd066570f8423f8a,buy,0x9b11efcaaa1890f6ee52c6bb7cf8153ac5d74139,0xe0d65d7adef9fcb8daf178268b4aa62a4c3f6144c022052b5ef6dc2d1a1faf29
116,46591,9.0153585,0x3835ba762097c7604e56cc8e0636f6105ffed72c,2017-11-02T10:42:40.000Z,0.0001935,0x3835ba762097c7604e56cc8e0636f6105ffed72c,buy,0x9b11efcaaa1890f6ee52c6bb7cf8153ac5d74139,0x64dbf48a561c4428db7d30ae54dea71bc23e0687e18c41bd4ad7c777ffba49e0
117,740.65,0.142723255,0x3835ba762097c7604e56cc8e0636f6105ffed72c,2017-11-02T10:42:40.000Z,0.0001927,0x3835ba762097c7604e56cc8e0636f6105ffed72c,buy,0x9b11efcaaa1890f6ee52c6bb7cf8153ac5d74139,0x1114901ee5fe9c950633f2c6b9ea4870dce19ddd396b522f38d895f1be5860a2
118,46591,9.0153585,0x3835ba762097c7604e56cc8e0636f6105ffed72c,2017-11-02T10:42:38.000Z,0.0001935,0x3835ba762097c7604e56cc8e0636f6105ffed72c,buy,0x9b11efcaaa1890f6ee52c6bb7cf8153ac5d74139,0x1313c98981f46f81b3ac3a080e11540eabc02552c78678986f6a1344ec99502b
119,47829.43799041,9.216732700753377,0x3835ba762097c7604e56cc8e0636f6105ffed72c,2017-11-02T10:34:14.000Z,0.00019270000000002864,0x3835ba762097c7604e56cc8e0636f6105ffed72c,buy,0x9b11efcaaa1890f6ee52c6bb7cf8153ac5d74139,0x7bc90a216bc446f272d58cdf05b8a00418a8a826d7fdf6f774944e96fa46a80c
120,96496.767,7.612436955096,0xc9164c7200d92caaaff82513064735625b3280c2,2017-11-02T10:30:33.000Z,0.000078888,0x8246ba89b4b3e23161f6294965ca8f48f7823ae5,buy,0x9b11efcaaa1890f6ee52c6bb7cf8153ac5d74139,0x198b66e7fe567ceea62305ffc9514185826b0926b129c566336227255dda9a50
121,47972.91195699,9.244380134112301,0x3835ba762097c7604e56cc8e0636f6105ffed72c,2017-11-02T10:23:32.000Z,0.00019270000000000685,0x3835ba762097c7604e56cc8e0636f6105ffed72c,buy,0x9b11efcaaa1890f6ee52c6bb7cf8153ac5d74139,0x396740c5e57a7e26dbef936a68be5d25a22908e7380a6942f8650d35fb33b327
122,26571,5.1308601,0x3835ba762097c7604e56cc8e0636f6105ffed72c,2017-11-02T10:08:48.000Z,0.0001931,0x3835ba762097c7604e56cc8e0636f6105ffed72c,buy,0x9b11efcaaa1890f6ee52c6bb7cf8153ac5d74139,0x01ffb68bbb6bd8e50c7ae8c4159afa7f5a12b853b7b181d1cb04744636a1d5c6
123,26547,5.1182616,0x3835ba762097c7604e56cc8e0636f6105ffed72c,2017-11-02T10:08:20.000Z,0.0001928,0x3835ba762097c7604e56cc8e0636f6105ffed72c,buy,0x9b11efcaaa1890f6ee52c6bb7cf8153ac5d74139,0xf219c4d420ddb7f233210f1857db7acef0cd16640c6b89c4e8250bbe6ec4eaf4
124,46635,8.9679105,0x3835ba762097c7604e56cc8e0636f6105ffed72c,2017-11-02T10:08:06.000Z,0.0001923,0x3835ba762097c7604e56cc8e0636f6105ffed72c,buy,0x9b11efcaaa1890f6ee52c6bb7cf8153ac5d74139,0x44bd24b2c9bbdd53c8807910442f2f9a4faa555c82b0c84a3602d18366160d88
125,46518.487,8.6431348846,0x3835ba762097c7604e56cc8e0636f6105ffed72c,2017-11-02T10:05:16.000Z,0.0001858,0x3835ba762097c7604e56cc8e0636f6105ffed72c,buy,0x9b11efcaaa1890f6ee52c6bb7cf8153ac5d74139,0x6c4898bfc403dc4b6bb471133710456f65f5b703350cda28330ee25bcfa9ff08
126,3504.23271066,0.27644191007875585,0x07283e73a2032d41fdea3886dc8c2ca27e307c25,2017-11-02T10:02:03.000Z,0.00007888800000005986,0x8246ba89b4b3e23161f6294965ca8f48f7823ae5,buy,0x9b11efcaaa1890f6ee52c6bb7cf8153ac5d74139,0x14e8890c738766456312c722cdf42237545e53e5877136e05c94220049913907
127,50353.51262388,9.355682645517298,0x3835ba762097c7604e56cc8e0636f6105ffed72c,2017-11-02T09:57:48.000Z,0.00018580000000000782,0x3835ba762097c7604e56cc8e0636f6105ffed72c,buy,0x9b11efcaaa1890f6ee52c6bb7cf8153ac5d74139,0xe0f68f1c5c61a676ce7dad255d8161db5b0aba673e613dd5ce446800bf7b167e
128,35918.731,6.6665164736,0x3835ba762097c7604e56cc8e0636f6105ffed72c,2017-11-02T09:51:37.000Z,0.0001856,0x3835ba762097c7604e56cc8e0636f6105ffed72c,buy,0x9b11efcaaa1890f6ee52c6bb7cf8153ac5d74139,0x1125f5034c50acad9a19d1a34ef90943d31419834094fb35c996535c119b147f
129,46027.489,8.5473047073,0x3835ba762097c7604e56cc8e0636f6105ffed72c,2017-11-02T09:51:37.000Z,0.0001857,0x3835ba762097c7604e56cc8e0636f6105ffed72c,buy,0x9b11efcaaa1890f6ee52c6bb7cf8153ac5d74139,0x302c5be135cdbdc7db4f04e84721a44ed00e0830488626e60a9de6bbec730b4b
130,35918.731,6.6665164736,0x3835ba762097c7604e56cc8e0636f6105ffed72c,2017-11-02T09:51:30.000Z,0.0001856,0x3835ba762097c7604e56cc8e0636f6105ffed72c,buy,0x9b11efcaaa1890f6ee52c6bb7cf8153ac5d74139,0x1125f5034c50acad9a19d1a34ef90943d31419834094fb35c996535c119b147f
131,46027.489,8.5473047073,0x3835ba762097c7604e56cc8e0636f6105ffed72c,2017-11-02T09:51:30.000Z,0.0001857,0x3835ba762097c7604e56cc8e0636f6105ffed72c,buy,0x9b11efcaaa1890f6ee52c6bb7cf8153ac5d74139,0x302c5be135cdbdc7db4f04e84721a44ed00e0830488626e60a9de6bbec730b4b
132,50777.51096867,9.429383786882413,0x3835ba762097c7604e56cc8e0636f6105ffed72c,2017-11-02T09:45:12.000Z,0.00018570000000000777,0x3835ba762097c7604e56cc8e0636f6105ffed72c,buy,0x9b11efcaaa1890f6ee52c6bb7cf8153ac5d74139,0x3309beb5feefdb8fea64a5b0d1f8379148fe194aac5367b93093024bba0f2ddf
133,50957.26891007,9.457669109710778,0x3835ba762097c7604e56cc8e0636f6105ffed72c,2017-11-02T09:44:47.000Z,0.00018560000000003503,0x3835ba762097c7604e56cc8e0636f6105ffed72c,buy,0x9b11efcaaa1890f6ee52c6bb7cf8153ac5d74139,0xf64c28df1a167a5152e3c88498b3adb5b1aa4ea74ebebb561d3346a4071718ad
134,24095.335,4.52389914625,0x3835ba762097c7604e56cc8e0636f6105ffed72c,2017-11-02T09:42:13.000Z,0.00018775,0x3835ba762097c7604e56cc8e0636f6105ffed72c,buy,0x9b11efcaaa1890f6ee52c6bb7cf8153ac5d74139,0x79a2dd97072546a1a41ea247793f2b4093d6b97ce630c6349609dd64a0b24c0f
135,21330.283,4.00518723891,0x3835ba762097c7604e56cc8e0636f6105ffed72c,2017-11-02T09:42:13.000Z,0.00018777,0x3835ba762097c7604e56cc8e0636f6105ffed72c,buy,0x9b11efcaaa1890f6ee52c6bb7cf8153ac5d74139,0x3a2d6086efad1d72553b40c047a67a25e8bc3e624c359555da6aeda5484009d0
136,50655.71699796,9.51162398070829,0x3835ba762097c7604e56cc8e0636f6105ffed72c,2017-11-02T09:32:06.000Z,0.00018777000000002648,0x3835ba762097c7604e56cc8e0636f6105ffed72c,buy,0x9b11efcaaa1890f6ee52c6bb7cf8153ac5d74139,0x6a64861cd1789bb81a1644844f60406fab5721c44776c294c6156b380edf038d
137,23866.09495121,4.480382005190691,0x3835ba762097c7604e56cc8e0636f6105ffed72c,2017-11-02T09:28:08.000Z,0.0001877300000000016,0x3835ba762097c7604e56cc8e0636f6105ffed72c,buy,0x9b11efcaaa1890f6ee52c6bb7cf8153ac5d74139,0x34eaf04a2c8ff11081c3af4cc246b0a1c1822fddedb7991f764f877ee996c9d8
138,50884.66472161,9.55359580148391,0x3835ba762097c7604e56cc8e0636f6105ffed72c,2017-11-02T09:27:42.000Z,0.00018775000000003208,0x3835ba762097c7604e56cc8e0636f6105ffed72c,buy,0x9b11efcaaa1890f6ee52c6bb7cf8153ac5d74139,0x39e143d1b19c4da687fa891938e99d56865e0d3ec0ef251f2c8f953078e0284b
139,0.05962972,0.000004180043372,0x65f403f5ce12908bfa7d8089f54f097e8b686fae,2017-11-02T09:13:40.000Z,0.0000701,0xca5ae9ad957baacfd58f12ef23406165597d8c20,sell,0x9b11efcaaa1890f6ee52c6bb7cf8153ac5d74139,0xef18dd38787b47c152c6588b4c14ce4a07de980f943690dd53878d1851f995ca
140,24719.951,4.64141799976,0x3835ba762097c7604e56cc8e0636f6105ffed72c,2017-11-02T09:11:06.000Z,0.00018776,0x3835ba762097c7604e56cc8e0636f6105ffed72c,buy,0x9b11efcaaa1890f6ee52c6bb7cf8153ac5d74139,0x740ec555c2d48c8f259197511204c9ab1ac9541cd9fb299be965c753c8dd7223
141,598.14574818,0.0418702023726,0x652bf94db025def61d235c0a3eb986189c560a1f,2017-11-02T09:11:06.000Z,0.00007,0xca5ae9ad957baacfd58f12ef23406165597d8c20,sell,0x9b11efcaaa1890f6ee52c6bb7cf8153ac5d74139,0x8f6321675cdc8008a85bc6ff76cd353fc742b915a27a955b98d8e27a3b404a98
142,51116.90504878,9.596176584809308,0x3835ba762097c7604e56cc8e0636f6105ffed72c,2017-11-02T09:10:37.000Z,0.000187730000000036,0x3835ba762097c7604e56cc8e0636f6105ffed72c,buy,0x9b11efcaaa1890f6ee52c6bb7cf8153ac5d74139,0xcf39cdc59951f131342c7451ef9371bb6f4ea93602900111113c0cad23f4f189
143,51262.04855133,9.624962235998618,0x3835ba762097c7604e56cc8e0636f6105ffed72c,2017-11-02T09:06:42.000Z,0.0001877600000000175,0x3835ba762097c7604e56cc8e0636f6105ffed72c,buy,0x9b11efcaaa1890f6ee52c6bb7cf8153ac5d74139,0x089090c0eeb75d628545a088f79ca25b18423e19dc1289efe8df106af111d1ff
144,22948.9376328,4.306597636171655,0x3835ba762097c7604e56cc8e0636f6105ffed72c,2017-11-02T09:06:21.000Z,0.0001876600000000177,0x3835ba762097c7604e56cc8e0636f6105ffed72c,buy,0x9b11efcaaa1890f6ee52c6bb7cf8153ac5d74139,0x783e2986b1dd3be2b16c771fc9271f4df5cf2abebdff8212e5f7759c8f427559
145,35986,6.75673136,0x3835ba762097c7604e56cc8e0636f6105ffed72c,2017-11-02T08:52:33.000Z,0.00018776,0x3835ba762097c7604e56cc8e0636f6105ffed72c,buy,0x9b11efcaaa1890f6ee52c6bb7cf8153ac5d74139,0x7dbc05bdf56339a608951d313148a8e0cbeb8074154a0367b46b6efc113174a6
146,51620.06236719,9.687020903828346,0x3835ba762097c7604e56cc8e0636f6105ffed72c,2017-11-02T08:51:43.000Z,0.00018766000000002846,0x3835ba762097c7604e56cc8e0636f6105ffed72c,buy,0x9b11efcaaa1890f6ee52c6bb7cf8153ac5d74139,0x074c158823a65b245595777ef7a92e21fd0b7e139eaf60fa8fcc6936c47d3ef3
147,22683.29074117,4.2565195075812845,0x3835ba762097c7604e56cc8e0636f6105ffed72c,2017-11-02T08:12:42.000Z,0.00018765000000003237,0x3835ba762097c7604e56cc8e0636f6105ffed72c,buy,0x9b11efcaaa1890f6ee52c6bb7cf8153ac5d74139,0xa4e337df93f73bb07564ed0b10f365b2db8eb6a4ec1861b158fc283134fc62c4
148,4257.11959743,0.7948042288414582,0x1144337bc3010c64195ac0dc10bc63e6ca0ed41c,2017-11-02T08:11:17.000Z,0.0001867000000003,0x1144337bc3010c64195ac0dc10bc63e6ca0ed41c,buy,0x9b11efcaaa1890f6ee52c6bb7cf8153ac5d74139,0x634e28d14b59539176e25e77a0afeb98717b9cb0c053b2685f4090960fabaf1e
149,51845.70925882,9.728847342418716,0x3835ba762097c7604e56cc8e0636f6105ffed72c,2017-11-02T08:09:47.000Z,0.00018765000000002202,0x3835ba762097c7604e56cc8e0636f6105ffed72c,buy,0x9b11efcaaa1890f6ee52c6bb7cf8153ac5d74139,0xdf32926883825ff882353dc88eb707e7059a8e973f8e81bea0dfc0c8f96aed4d
150,13650.21,2.564874459,0x3835ba762097c7604e56cc8e0636f6105ffed72c,2017-11-02T08:04:05.000Z,0.0001879,0x3835ba762097c7604e56cc8e0636f6105ffed72c,buy,0x9b11efcaaa1890f6ee52c6bb7cf8153ac5d74139,0x78a5f93008cf8a21a68196b9026a71ee28a3bb9b0a12635cb2e08eaca265e991
151,23894.27278657,4.463450156532048,0x3835ba762097c7604e56cc8e0636f6105ffed72c,2017-11-02T08:03:32.000Z,0.00018680000000003227,0x3835ba762097c7604e56cc8e0636f6105ffed72c,buy,0x9b11efcaaa1890f6ee52c6bb7cf8153ac5d74139,0x2ccb86aaf035b018fa19a5a2ac1a515b114b81b48a1dd8202f322181bf1ca6f4
152,34520.341,6.47705158183,0x3835ba762097c7604e56cc8e0636f6105ffed72c,2017-11-02T08:03:32.000Z,0.00018763,0x3835ba762097c7604e56cc8e0636f6105ffed72c,buy,0x9b11efcaaa1890f6ee52c6bb7cf8153ac5d74139,0xae5bff55b4fea0a07a82d2b54d17e3819ad747ebde2d1d31eef79b2cf19b02dc
153,52454.72721342,9.798543043467953,0x3835ba762097c7604e56cc8e0636f6105ffed72c,2017-11-02T07:52:24.000Z,0.0001868000000000209,0x3835ba762097c7604e56cc8e0636f6105ffed72c,buy,0x9b11efcaaa1890f6ee52c6bb7cf8153ac5d74139,0xd6406c3e2393cf174d0a0c11f655da9b0829475fc12345c9845d367f25d6898d
154,3640.023,0.6795922941,0x3835ba762097c7604e56cc8e0636f6105ffed72c,2017-11-02T07:51:59.000Z,0.0001867,0x3835ba762097c7604e56cc8e0636f6105ffed72c,buy,0x9b11efcaaa1890f6ee52c6bb7cf8153ac5d74139,0x30605cbca4f38a4958823227cf6363f37fdf1da760ea364fd6e59ec0304c2a4e
155,19626.765,3.65980286955,0x3835ba762097c7604e56cc8e0636f6105ffed72c,2017-11-02T07:51:52.000Z,0.00018647,0x3835ba762097c7604e56cc8e0636f6105ffed72c,buy,0x9b11efcaaa1890f6ee52c6bb7cf8153ac5d74139,0xac2ef7216c1f8cf86c2794c8c3bba65f5770827f4638b083073ad49b6947b025
156,52709.97652454,9.84095261713194,0x3835ba762097c7604e56cc8e0636f6105ffed72c,2017-11-02T07:40:11.000Z,0.0001867000000000061,0x3835ba762097c7604e56cc8e0636f6105ffed72c,buy,0x9b11efcaaa1890f6ee52c6bb7cf8153ac5d74139,0x84aa4b9738f1db2de98aa97b49a1cad5ff4923fea1a05a51cbf4a7f17e51907a
157,23468.08580535,4.386185237020189,0x3835ba762097c7604e56cc8e0636f6105ffed72c,2017-11-02T07:33:55.000Z,0.00018690000000001164,0x3835ba762097c7604e56cc8e0636f6105ffed72c,buy,0x9b11efcaaa1890f6ee52c6bb7cf8153ac5d74139,0xdf3ec6da9bb91f98e550e92f021b5558fe30af50cb052cbaa4692db0efb701a5
158,52881.91419464,9.883629762979812,0x3835ba762097c7604e56cc8e0636f6105ffed72c,2017-11-02T07:22:06.000Z,0.00018690000000003016,0x3835ba762097c7604e56cc8e0636f6105ffed72c,buy,0x9b11efcaaa1890f6ee52c6bb7cf8153ac5d74139,0x730a717ee67e5e723e5538b4afa7890d13af5dd1d35bf181ce7bf90051010bf9
159,6.25,0.0005,0x3075f7f189912f4f425dd7021b9c396434197477,2017-11-02T07:10:35.000Z,0.00008,0xb8cd69f683a766c5238f1775df525065660eea61,buy,0x9b11efcaaa1890f6ee52c6bb7cf8153ac5d74139,0x83568afa61eafd963d4bf4ecf5989831889b6a6448215740932f70524c5e9bdd
160,6.25,0.0005,0x4fda9e6bcd83af6c5cc771b5d20accc2b7720074,2017-11-02T07:06:27.000Z,0.00008,0xb8cd69f683a766c5238f1775df525065660eea61,buy,0x9b11efcaaa1890f6ee52c6bb7cf8153ac5d74139,0x4ebf359b7c43ef6b2f1871953dc86303b60e84322a34ef3a70482e759558caab
161,26460.918,4.93443198864,0x3835ba762097c7604e56cc8e0636f6105ffed72c,2017-11-02T07:04:17.000Z,0.00018648,0x3835ba762097c7604e56cc8e0636f6105ffed72c,buy,0x9b11efcaaa1890f6ee52c6bb7cf8153ac5d74139,0x2cd8885a3e93cbc1a72e00f2509f51f01ddd19b29aefcb8fa2ba710ba448d40e
162,53242.2346933,9.928079503260642,0x3835ba762097c7604e56cc8e0636f6105ffed72c,2017-11-02T07:03:19.000Z,0.00018647000000001864,0x3835ba762097c7604e56cc8e0636f6105ffed72c,buy,0x9b11efcaaa1890f6ee52c6bb7cf8153ac5d74139,0x7fff5fdfbcfb541d9cd9f0927bd08f4f949cc69397ed86dca763b82d9237e930
163,53399.08174412,9.957860763644387,0x3835ba762097c7604e56cc8e0636f6105ffed72c,2017-11-02T07:02:23.000Z,0.00018648000000001663,0x3835ba762097c7604e56cc8e0636f6105ffed72c,buy,0x9b11efcaaa1890f6ee52c6bb7cf8153ac5d74139,0x55c76c270030c947172c590b61c0e1ccbf1a535921356eabf293f8ca56f5defb
164,3120.134,0.5817489843,0x3835ba762097c7604e56cc8e0636f6105ffed72c,2017-11-02T07:01:50.000Z,0.00018645,0x3835ba762097c7604e56cc8e0636f6105ffed72c,buy,0x9b11efcaaa1890f6ee52c6bb7cf8153ac5d74139,0x3ac7ba04f077f84568c0832d350749ed24ea10092f209ff184aa5125d68af076
165,4269.88967922,0.7971884031105557,0x1144337bc3010c64195ac0dc10bc63e6ca0ed41c,2017-11-02T06:20:21.000Z,0.00018670000000004254,0x1144337bc3010c64195ac0dc10bc63e6ca0ed41c,buy,0x9b11efcaaa1890f6ee52c6bb7cf8153ac5d74139,0x94a01999440f543fcc54cf2ea18d81bb20077cd63183d91f3820ea43b0e2102e
166,4280.4054025,0.7995797291872797,0x1144337bc3010c64195ac0dc10bc63e6ca0ed41c,2017-11-02T06:09:39.000Z,0.00018680000000006534,0x1144337bc3010c64195ac0dc10bc63e6ca0ed41c,buy,0x9b11efcaaa1890f6ee52c6bb7cf8153ac5d74139,0x071e5dfd6100957b43f0c99867085a16d3e1a37e49af116d47714d246ba68525
167,4318.67651332,0.8019782285249077,0x1144337bc3010c64195ac0dc10bc63e6ca0ed41c,2017-11-02T06:09:10.000Z,0.0001857000000003204,0x1144337bc3010c64195ac0dc10bc63e6ca0ed41c,buy,0x9b11efcaaa1890f6ee52c6bb7cf8153ac5d74139,0x49f0bb7d12df04602d3a01dec69aac882734b4969892eb5fcb7a5f685c861c9b
168,39865,7.43442385,0x3835ba762097c7604e56cc8e0636f6105ffed72c,2017-11-02T05:28:31.000Z,0.00018649,0x3835ba762097c7604e56cc8e0636f6105ffed72c,buy,0x9b11efcaaa1890f6ee52c6bb7cf8153ac5d74139,0x98b730cbf6f2a2a52b44fd22d62419ff7efca6198fadd5997f1537c3c243e9b8
169,6004.337,1.11986889387,0x3835ba762097c7604e56cc8e0636f6105ffed72c,2017-11-02T05:28:31.000Z,0.00018651,0x3835ba762097c7604e56cc8e0636f6105ffed72c,buy,0x9b11efcaaa1890f6ee52c6bb7cf8153ac5d74139,0xb91a798d8e51a19c1b5edd8b84dbcb6e56d381352d4c06eea151efa1dde7f37d
170,53714.86588105,10.015136743521841,0x3835ba762097c7604e56cc8e0636f6105ffed72c,2017-11-02T05:28:11.000Z,0.00018645000000000128,0x3835ba762097c7604e56cc8e0636f6105ffed72c,buy,0x9b11efcaaa1890f6ee52c6bb7cf8153ac5d74139,0x1ac192d4247998672c6028ae48c0922e45d639e15c3f5152ad1d78bec5dfbb05
171,1.04573768,0.00008637897810568,0xc2249c3dd3c18167a6f65c0cd8e0eccb6a0e29ab,2017-11-02T05:26:11.000Z,0.000082601,0x0c8a9ea8a3844253eceb6a0301d7901119a6da8d,sell,0x9b11efcaaa1890f6ee52c6bb7cf8153ac5d74139,0xcb3ed7b252f591bd137dfe647e19a36a0accdf715c4a93568a625ed9c4c9a524
172,1.0488749,0.0000849588669,0x0c8a9ea8a3844253eceb6a0301d7901119a6da8d,2017-11-02T05:26:11.000Z,0.000081,0xaa5a8763179d7e24b0230e981cf7cd5d9fa7cff8,buy,0x9b11efcaaa1890f6ee52c6bb7cf8153ac5d74139,0xcb3ed7b252f591bd137dfe647e19a36a0accdf715c4a93568a625ed9c4c9a524
173,53858.66253558,10.045179149511808,0x3835ba762097c7604e56cc8e0636f6105ffed72c,2017-11-02T05:18:30.000Z,0.00018651000000001453,0x3835ba762097c7604e56cc8e0636f6105ffed72c,buy,0x9b11efcaaa1890f6ee52c6bb7cf8153ac5d74139,0x3c7f4c95ae33cbabdb805d95dbdea08ae80eec92e8e4e154ac3503122407e971
174,14240.47867726,2.653001177574225,0x3835ba762097c7604e56cc8e0636f6105ffed72c,2017-11-02T04:07:07.000Z,0.00018630000000004822,0x3835ba762097c7604e56cc8e0636f6105ffed72c,buy,0x9b11efcaaa1890f6ee52c6bb7cf8153ac5d74139,0xac39621791ba3bb639a17cdef00f9cc96ae2499de85476b572150fc60efd5ec6
175,14402.96353816,2.683272107159787,0x3835ba762097c7604e56cc8e0636f6105ffed72c,2017-11-02T03:47:54.000Z,0.00018630000000004017,0x3835ba762097c7604e56cc8e0636f6105ffed72c,buy,0x9b11efcaaa1890f6ee52c6bb7cf8153ac5d74139,0xe8622e865057c773902aaffe7093741ea01934e1d1bb58212faed165aeacabae
176,54167.03646183,10.091318892840214,0x3835ba762097c7604e56cc8e0636f6105ffed72c,2017-11-02T03:40:48.000Z,0.0001863000000000237,0x3835ba762097c7604e56cc8e0636f6105ffed72c,buy,0x9b11efcaaa1890f6ee52c6bb7cf8153ac5d74139,0x05148bb638129a57c6051ece529f89abe2646f971fff5f2e10b8e2bf8537de26
177,4331.63124739,0.8043839226410708,0x1144337bc3010c64195ac0dc10bc63e6ca0ed41c,2017-11-02T03:33:06.000Z,0.00018570000000017265,0x1144337bc3010c64195ac0dc10bc63e6ca0ed41c,buy,0x9b11efcaaa1890f6ee52c6bb7cf8153ac5d74139,0x2cca938cd71f66e820cd1e013ef84cc877254f6b82683b0f7bdb55fa02e7d2c8
178,54329.52132273,10.121589822425776,0x3835ba762097c7604e56cc8e0636f6105ffed72c,2017-11-02T03:32:38.000Z,0.00018630000000002166,0x3835ba762097c7604e56cc8e0636f6105ffed72c,buy,0x9b11efcaaa1890f6ee52c6bb7cf8153ac5d74139,0xff58718748ecf72ba3f82bc5a6ddc2d8ae2ec29e87d13f6e95e5932c6731e924
179,13789.764,2.56861934028,0x3835ba762097c7604e56cc8e0636f6105ffed72c,2017-11-02T03:25:24.000Z,0.00018627,0x3835ba762097c7604e56cc8e0636f6105ffed72c,buy,0x9b11efcaaa1890f6ee52c6bb7cf8153ac5d74139,0xa0d724daa1caea1f280c94a7247f22f49f43cdd4e6a1b1dee8471dca938edcd2
180,13994.1696051,2.607113797431826,0x3835ba762097c7604e56cc8e0636f6105ffed72c,2017-11-02T03:25:07.000Z,0.0001863000000001212,0x3835ba762097c7604e56cc8e0636f6105ffed72c,buy,0x9b11efcaaa1890f6ee52c6bb7cf8153ac5d74139,0xa604cf4dd31b04f87f07f49cdf6bd7aaaf88f69bf4a9d467804bed90e89f1e6e
181,54575.83039489,10.167477202568174,0x3835ba762097c7604e56cc8e0636f6105ffed72c,2017-11-02T03:15:35.000Z,0.00018630000000000304,0x3835ba762097c7604e56cc8e0636f6105ffed72c,buy,0x9b11efcaaa1890f6ee52c6bb7cf8153ac5d74139,0xf88da4fe0842576416f203aeca591ed0abb0d141a21e068a5233cf66cd6ebaf8
182,3152.33,0.2480568477,0x1144337bc3010c64195ac0dc10bc63e6ca0ed41c,2017-11-02T03:13:41.000Z,0.00007869,0x65f403f5ce12908bfa7d8089f54f097e8b686fae,buy,0x9b11efcaaa1890f6ee52c6bb7cf8153ac5d74139,0x4f4390825e6ce150f9bc2b45c29474e4d4b0088f47e9e1cfb483a8111555dd35
183,13625.2619791,2.538386306707916,0x3835ba762097c7604e56cc8e0636f6105ffed72c,2017-11-02T03:05:46.000Z,0.0001863000000001164,0x3835ba762097c7604e56cc8e0636f6105ffed72c,buy,0x9b11efcaaa1890f6ee52c6bb7cf8153ac5d74139,0xe5ff0b7b769595dd89b662889c65b657f5c19f825a7a0d0024774f8b829c66fc
184,54789.23595704,10.205590981718087,0x3835ba762097c7604e56cc8e0636f6105ffed72c,2017-11-02T03:05:25.000Z,0.0001862700000000045,0x3835ba762097c7604e56cc8e0636f6105ffed72c,buy,0x9b11efcaaa1890f6ee52c6bb7cf8153ac5d74139,0x1d2901ba6841ea6b4d62db7ec33c337438188ec8fdd26cbc64021c755287b2b1
185,54944.73802089,10.236204693292084,0x3835ba762097c7604e56cc8e0636f6105ffed72c,2017-11-02T02:58:58.000Z,0.00018630000000000504,0x3835ba762097c7604e56cc8e0636f6105ffed72c,buy,0x9b11efcaaa1890f6ee52c6bb7cf8153ac5d74139,0x198be858ccc34899aa92b91d170a95697aa0871b6faadcd6d91a5937a9c54d46
186,13338.102,2.48435487852,0x3835ba762097c7604e56cc8e0636f6105ffed72c,2017-11-02T02:58:18.000Z,0.00018626,0x3835ba762097c7604e56cc8e0636f6105ffed72c,buy,0x9b11efcaaa1890f6ee52c6bb7cf8153ac5d74139,0x32efdefb1b9063af15482dbc2773d39b86cbe8314f302a3f289cc0d41185643a
187,1000,0.0720001,0xaa5a8763179d7e24b0230e981cf7cd5d9fa7cff8,2017-11-02T02:38:53.000Z,0.0000720001,0xbfe516164cc763b599e552ed371cfd943d022202,sell,0x9b11efcaaa1890f6ee52c6bb7cf8153ac5d74139,0x719a711281ee368104b998be1206320f25cdcc1fddb91787a9145ce98c4051f8
188,13167.54357647,2.4524549911190863,0x3835ba762097c7604e56cc8e0636f6105ffed72c,2017-11-02T02:37:58.000Z,0.00018625000000011764,0x3835ba762097c7604e56cc8e0636f6105ffed72c,buy,0x9b11efcaaa1890f6ee52c6bb7cf8153ac5d74139,0x22d225644675e410cc7b6e8527c03b3533c6bece5f52f22b48019e509df6f6b8
189,55200.89759224,10.281719185531653,0x3835ba762097c7604e56cc8e0636f6105ffed72c,2017-11-02T02:37:48.000Z,0.00018626000000001867,0x3835ba762097c7604e56cc8e0636f6105ffed72c,buy,0x9b11efcaaa1890f6ee52c6bb7cf8153ac5d74139,0xa0051c30a9fe602f5fa533ae9200ab3a7dd79c0aabacef735aaa32a77002825a
190,13000,0.9763,0x80a6ec77070ffe45ed7ba40d23c903f388f58c1e,2017-11-02T02:31:33.000Z,0.0000751,0xbfe516164cc763b599e552ed371cfd943d022202,sell,0x9b11efcaaa1890f6ee52c6bb7cf8153ac5d74139,0xef634f7f9e8aea4a5901dab8836b52ffc821362683ad21ab1f74db3ef0488a50
191,10000,0.75,0xb89cba04266d1ef91c42cbe7d90ef60e79ca9ffc,2017-11-02T02:29:30.000Z,0.000075,0xbfe516164cc763b599e552ed371cfd943d022202,sell,0x9b11efcaaa1890f6ee52c6bb7cf8153ac5d74139,0x3198294072004d57adf150ebc3a97291c34e66d1a28829210e8dc919dadebbf6
192,6500,0.48763,0x18a09088032d2c9392d9722ff64d9be6a98fc9ab,2017-11-02T02:28:06.000Z,0.00007502,0xbfe516164cc763b599e552ed371cfd943d022202,sell,0x9b11efcaaa1890f6ee52c6bb7cf8153ac5d74139,0x204a9d07a7af71f8b2db7cddc045a6f58f0d5ab49d3734b94af30f9456530ae5
193,55369.45642352,10.312561258880914,0x3835ba762097c7604e56cc8e0636f6105ffed72c,2017-11-02T02:19:30.000Z,0.00018625000000000567,0x3835ba762097c7604e56cc8e0636f6105ffed72c,buy,0x9b11efcaaa1890f6ee52c6bb7cf8153ac5d74139,0x47589962646a2f81a9c85e18e1592aedabb3347f6225c0c11c9c3c22d818ff20
194,37217.33,6.9093973145,0x3835ba762097c7604e56cc8e0636f6105ffed72c,2017-11-02T01:59:46.000Z,0.00018565,0x3835ba762097c7604e56cc8e0636f6105ffed72c,buy,0x9b11efcaaa1890f6ee52c6bb7cf8153ac5d74139,0xef58b78ab7cd2b0cabd3f072998aa520347323bf1f42ebdbe63336c41d30112a
195,36859,6.8484022,0x3835ba762097c7604e56cc8e0636f6105ffed72c,2017-11-02T01:55:05.000Z,0.0001858,0x3835ba762097c7604e56cc8e0636f6105ffed72c,buy,0x9b11efcaaa1890f6ee52c6bb7cf8153ac5d74139,0x6d8c823325bb0258e5a4277b7ffddf32eccca55e7f78d116e365696548086bb7
196,36890,6.857851,0x3835ba762097c7604e56cc8e0636f6105ffed72c,2017-11-02T01:55:05.000Z,0.0001859,0x3835ba762097c7604e56cc8e0636f6105ffed72c,buy,0x9b11efcaaa1890f6ee52c6bb7cf8153ac5d74139,0xc05c3e92d9f49c874c948e000a1347ef05c8849be1ff520872861baf2cbe7b43
197,56067.66997724,10.408962931275337,0x3835ba762097c7604e56cc8e0636f6105ffed72c,2017-11-02T01:53:56.000Z,0.00018565000000001302,0x3835ba762097c7604e56cc8e0636f6105ffed72c,buy,0x9b11efcaaa1890f6ee52c6bb7cf8153ac5d74139,0x910dddda58b6ac0b6582f1014b01e735e0a119fb387acab9405a2dde69167760
198,6511.324,1.20889241384,0x3835ba762097c7604e56cc8e0636f6105ffed72c,2017-11-02T01:53:56.000Z,0.00018566,0x3835ba762097c7604e56cc8e0636f6105ffed72c,buy,0x9b11efcaaa1890f6ee52c6bb7cf8153ac5d74139,0xedf5b9b673783e87dff525eb205a8754a4c45d233012bdaff46422e8325fc81e
199,56341.45689452,10.440071962555194,0x1144337bc3010c64195ac0dc10bc63e6ca0ed41c,2017-11-02T01:48:54.000Z,0.00018530000000001133,0x3835ba762097c7604e56cc8e0636f6105ffed72c,buy,0x9b11efcaaa1890f6ee52c6bb7cf8153ac5d74139,0x2bcc0d45ee1cbad12667b56c675a6e804e437f627a9739e32242475afd9cc3dc
200,2183.10578977,0.17246535739208455,0x735fb2768777d1690b0ba0647fbad4f87570bb0a,2017-11-02T01:48:17.000Z,0.00007900000000011659,0xf56c9a1a4421558224bac56049ee96fd038b6459,buy,0x9b11efcaaa1890f6ee52c6bb7cf8153ac5d74139,0x3fa218879237b84bd2404583468f360f1bed0828f33cfb8354346ba6d2f4df99
201,6.25276817,0.001158637943301094,0x3835ba762097c7604e56cc8e0636f6105ffed72c,2017-11-02T01:48:05.000Z,0.00018530000022391586,0x3835ba762097c7604e56cc8e0636f6105ffed72c,buy,0x9b11efcaaa1890f6ee52c6bb7cf8153ac5d74139,0x4708add48b40ad2db7fdb0b4709be33cce127826dc5a0c836dc5c07f4b0596fa
202,3171.54966992,0.5888616272153899,0xbcfb4ba8faba7f3be4e4a0043335f876d8f58824,2017-11-02T01:46:49.000Z,0.00018567000000042363,0xbcfb4ba8faba7f3be4e4a0043335f876d8f58824,buy,0x9b11efcaaa1890f6ee52c6bb7cf8153ac5d74139,0x591b2773e27978fcdacf86f2bd9da1a880ede2490aafce10461591b67314973d
203,6.25936394,0.00116211350957437,0x3835ba762097c7604e56cc8e0636f6105ffed72c,2017-11-02T01:43:58.000Z,0.00018566000007572174,0x3835ba762097c7604e56cc8e0636f6105ffed72c,buy,0x9b11efcaaa1890f6ee52c6bb7cf8153ac5d74139,0xd3c841cc4a2618aa429704f4e167bcc3233a1c950ef93deb67aecde9b761303b
204,277.97050945,0.021959670246587987,0x40da07cb458dfacd80a563632d149f91e8f7e959,2017-11-02T01:41:08.000Z,0.00007900000000013665,0xf56c9a1a4421558224bac56049ee96fd038b6459,buy,0x9b11efcaaa1890f6ee52c6bb7cf8153ac5d74139,0x3d1589862f13a77962fffc88d74daf1bd78015b15858515ca39b41443183212e
205,6.29033729,0.001165599501503899,0x3835ba762097c7604e56cc8e0636f6105ffed72c,2017-11-02T01:28:48.000Z,0.00018530000026499357,0x3835ba762097c7604e56cc8e0636f6105ffed72c,buy,0x9b11efcaaa1890f6ee52c6bb7cf8153ac5d74139,0x5d0817b8916638685d3cc439a82c491352a97e219356637160efd2bf698966b6
206,6.29697269,0.001169095950363525,0x3835ba762097c7604e56cc8e0636f6105ffed72c,2017-11-02T01:01:54.000Z,0.00018566000011721901,0x3835ba762097c7604e56cc8e0636f6105ffed72c,buy,0x9b11efcaaa1890f6ee52c6bb7cf8153ac5d74139,0x95b177ba7a581583d490be895f77671910b1bfb4d4189d9381b85817059f0325
207,30000,5.64,0x13b180786e6e5eb6bed6923e0a21548eebaf8da3,2017-11-02T00:36:58.000Z,0.000188,0x13b180786e6e5eb6bed6923e0a21548eebaf8da3,buy,0x9b11efcaaa1890f6ee52c6bb7cf8153ac5d74139,0x1b79ac99116911c66844932db0aeb16fd3f5208467c817660ac1dba3d676ba60
208,19.56530167,0.001663050642109025,0x96346e347dea12ee5065faa3ad5855bc72dbcdd6,2017-11-02T00:35:11.000Z,0.0000850000000081279,0xf56c9a1a4421558224bac56049ee96fd038b6459,buy,0x9b11efcaaa1890f6ee52c6bb7cf8153ac5d74139,0x1be9cf8279afd3eb34e32b303afcfc1ee91f7e1dfb41f7ed7419fd3b15e72be0
209,50000,9.4,0x13b180786e6e5eb6bed6923e0a21548eebaf8da3,2017-11-02T00:31:13.000Z,0.000188,0x13b180786e6e5eb6bed6923e0a21548eebaf8da3,buy,0x9b11efcaaa1890f6ee52c6bb7cf8153ac5d74139,0xcd60c4c9f4935e1dcb8e7a24cd11736100c1c5daea0e5fdcfc49fedf78459eea
210,10,0.00085,0x97079c598f01269a9128cad8e2d1eb0a00b07cd3,2017-11-02T00:28:39.000Z,0.000085,0xf56c9a1a4421558224bac56049ee96fd038b6459,buy,0x9b11efcaaa1890f6ee52c6bb7cf8153ac5d74139,0x3a4d8735a8295776b77e5080f1d4a1dd6319dbb73a67a3341f09f6c064170145
211,7000,1.316,0x13b180786e6e5eb6bed6923e0a21548eebaf8da3,2017-11-02T00:24:48.000Z,0.000188,0x13b180786e6e5eb6bed6923e0a21548eebaf8da3,buy,0x9b11efcaaa1890f6ee52c6bb7cf8153ac5d74139,0xbf6172e041fe0d378b5f475743e0b3d397bf6018fe3c5ffa585873d789795b62
212,13000,2.444,0x13b180786e6e5eb6bed6923e0a21548eebaf8da3,2017-11-02T00:04:50.000Z,0.000188,0x13b180786e6e5eb6bed6923e0a21548eebaf8da3,buy,0x9b11efcaaa1890f6ee52c6bb7cf8153ac5d74139,0xeb2f7bdf83dd132a0adde237efb45a98bded2ddf4c53a0b3472c732d3e7deb09
213,3000,0.564,0x13b180786e6e5eb6bed6923e0a21548eebaf8da3,2017-11-02T00:03:02.000Z,0.000188,0x13b180786e6e5eb6bed6923e0a21548eebaf8da3,buy,0x9b11efcaaa1890f6ee52c6bb7cf8153ac5d74139,0x8f02c0df6320ae078824917b6559bb375030607cbfc71853ff4d2bc52de152e5
214,3000,0.2454,0xb89cba04266d1ef91c42cbe7d90ef60e79ca9ffc,2017-11-01T23:58:40.000Z,0.0000818,0x65f403f5ce12908bfa7d8089f54f097e8b686fae,buy,0x9b11efcaaa1890f6ee52c6bb7cf8153ac5d74139,0x6405b2b2246565fa95912ff5e418153b386bdefd7ab153eaf67e6b769a4f5502
215,7000,1.316,0x13b180786e6e5eb6bed6923e0a21548eebaf8da3,2017-11-01T23:56:49.000Z,0.000188,0x13b180786e6e5eb6bed6923e0a21548eebaf8da3,buy,0x9b11efcaaa1890f6ee52c6bb7cf8153ac5d74139,0x4e525e08a27827f58b5b9c8641f01153b964d8302f5db32fc259ece25d58d03d
216,7000,1.316,0x13b180786e6e5eb6bed6923e0a21548eebaf8da3,2017-11-01T23:38:47.000Z,0.000188,0x13b180786e6e5eb6bed6923e0a21548eebaf8da3,buy,0x9b11efcaaa1890f6ee52c6bb7cf8153ac5d74139,0xd45b06c780db452d4b401e5c5a909a9d509914afe80c30f65ad72707a74d0d8f
217,3000,0.564,0x13b180786e6e5eb6bed6923e0a21548eebaf8da3,2017-11-01T23:38:06.000Z,0.000188,0x13b180786e6e5eb6bed6923e0a21548eebaf8da3,buy,0x9b11efcaaa1890f6ee52c6bb7cf8153ac5d74139,0x8a7c529c3a425c6d1feb953328b9a710f18fa73fe684898f90bf96f3e3720d3d
218,500,0.0395,0x197d7044a231af310ef6f2ac9cb96b9b7e8bd7e7,2017-11-01T23:37:43.000Z,0.000079,0xf56c9a1a4421558224bac56049ee96fd038b6459,buy,0x9b11efcaaa1890f6ee52c6bb7cf8153ac5d74139,0x52b6b12758af6f0a77dfa0f96a24e9222c1cec98a250f271713acbb55fabbfbe
219,2000,0.148,0x197d7044a231af310ef6f2ac9cb96b9b7e8bd7e7,2017-11-01T23:37:17.000Z,0.000074,0xf56c9a1a4421558224bac56049ee96fd038b6459,buy,0x9b11efcaaa1890f6ee52c6bb7cf8153ac5d74139,0x404421bf4635fac90819900d666f9f9ea3a910768846910f615e87e9727cf9a8
220,30000,5.58,0x13b180786e6e5eb6bed6923e0a21548eebaf8da3,2017-11-01T23:27:38.000Z,0.000186,0x13b180786e6e5eb6bed6923e0a21548eebaf8da3,buy,0x9b11efcaaa1890f6ee52c6bb7cf8153ac5d74139,0x58205170e01a86bd7880fa5f2f7e3317312e5d3a64fe6848344ec2fe1a15f663
221,60000,11.16,0x13b180786e6e5eb6bed6923e0a21548eebaf8da3,2017-11-01T23:17:41.000Z,0.000186,0x13b180786e6e5eb6bed6923e0a21548eebaf8da3,buy,0x9b11efcaaa1890f6ee52c6bb7cf8153ac5d74139,0x0625f1fef3deb1383788d9d2503d36ab6619f22f79a8402c62b6c98c05f96ef1
222,98.69404844,0.00592174160044844,0x09e396aca9535fffc68c72f880ab36e252b73a43,2017-11-01T23:16:59.000Z,0.000060001,0xc4974402c2940657203e7cf6851559924dedca69,sell,0x9b11efcaaa1890f6ee52c6bb7cf8153ac5d74139,0x5f34bc4aef97a329bacddd6b89207ea5769d5616fce820924c4f2f0d98cf09d9
223,10000,1.86,0x13b180786e6e5eb6bed6923e0a21548eebaf8da3,2017-11-01T23:07:12.000Z,0.000186,0x13b180786e6e5eb6bed6923e0a21548eebaf8da3,buy,0x9b11efcaaa1890f6ee52c6bb7cf8153ac5d74139,0xb1f0fbc51d62101eb868d5ff4bf632ed9642340a9c68c782bebb4a2191658cf2
224,31000,5.766,0x13b180786e6e5eb6bed6923e0a21548eebaf8da3,2017-11-01T22:51:08.000Z,0.000186,0x13b180786e6e5eb6bed6923e0a21548eebaf8da3,buy,0x9b11efcaaa1890f6ee52c6bb7cf8153ac5d74139,0x85709be74565e7706295c5a7c91af91a73b530e31c3c44fe4a6e404e16f4f55c
225,9000,1.674,0x13b180786e6e5eb6bed6923e0a21548eebaf8da3,2017-11-01T22:40:31.000Z,0.000186,0x13b180786e6e5eb6bed6923e0a21548eebaf8da3,buy,0x9b11efcaaa1890f6ee52c6bb7cf8153ac5d74139,0x493337660b9581d9ed6a5545bbd0fa39b87abed3c615cb6db838fcedac1b9b9e
226,9000,1.89,0x13b180786e6e5eb6bed6923e0a21548eebaf8da3,2017-11-01T22:39:54.000Z,0.00021,0x13b180786e6e5eb6bed6923e0a21548eebaf8da3,buy,0x9b11efcaaa1890f6ee52c6bb7cf8153ac5d74139,0xed5ed3e33e93e26f2fe1a41ce3694216fe3ec31c3abd7f73089651dae89e8cef
227,0.46410268,0.00002831026348,0xc847559681f261b9c1481df5ff4f4ae014317da0,2017-11-01T22:36:52.000Z,0.000061,0x399b282c17f8ed9f542c2376917947d6b79e2cc6,sell,0x9b11efcaaa1890f6ee52c6bb7cf8153ac5d74139,0xec9fbc8cb33086f81e514b0e828d3a72a7dfc6078f9a0d8bf7b25dfb90c8cb0c
228,50000,10.5,0x13b180786e6e5eb6bed6923e0a21548eebaf8da3,2017-11-01T22:33:50.000Z,0.00021,0x13b180786e6e5eb6bed6923e0a21548eebaf8da3,buy,0x9b11efcaaa1890f6ee52c6bb7cf8153ac5d74139,0x37cf45497b03e7b07fdf6521e5d1e79bc80ac1fc440517b2fe535b370c436583
229,10000,2.1,0x13b180786e6e5eb6bed6923e0a21548eebaf8da3,2017-11-01T22:33:05.000Z,0.00021,0x13b180786e6e5eb6bed6923e0a21548eebaf8da3,buy,0x9b11efcaaa1890f6ee52c6bb7cf8153ac5d74139,0xae51e5789890085705e61f15d6603b7f1743050e13c4b99d7ae2bec58b995d69
230,4655.41395447,0.28398025122267,0xc847559681f261b9c1481df5ff4f4ae014317da0,2017-11-01T22:26:12.000Z,0.000061,0x399b282c17f8ed9f542c2376917947d6b79e2cc6,sell,0x9b11efcaaa1890f6ee52c6bb7cf8153ac5d74139,0xaafb6c6f50a251772cf637be90a89e6984e98b54f840d2d33d974a207caad873
231,22377,1.412480994,0x2364e6ea3e35a8fa696fa56f2e56ab62e0583f28,2017-11-01T22:24:44.000Z,0.000063122,0xdd3aa93c2f291e77b31a9fabf2d818a9908f6d74,sell,0x9b11efcaaa1890f6ee52c6bb7cf8153ac5d74139,0x2610db9534136fbb8bc3a8f3d5e8ba83f3b32fac2c6e2c1d8893694ab3405bba
232,49.75288588,0.00348275176448588,0x0888114ed2323355f83e55f5335a5e424dc009aa,2017-11-01T22:23:52.000Z,0.000070001,0xdd3aa93c2f291e77b31a9fabf2d818a9908f6d74,sell,0x9b11efcaaa1890f6ee52c6bb7cf8153ac5d74139,0xed9cd6cb2d935686b5a5591a3a4ca3ff16e73981cb6595fd65505816f5543ac3
233,40000,8.4,0x13b180786e6e5eb6bed6923e0a21548eebaf8da3,2017-11-01T21:59:21.000Z,0.00021,0x13b180786e6e5eb6bed6923e0a21548eebaf8da3,buy,0x9b11efcaaa1890f6ee52c6bb7cf8153ac5d74139,0x1bf36aef3025f1389d365ef4b3e1b5a839ab55d2d903b5881097facf837800f8
234,10000,1.86,0x13b180786e6e5eb6bed6923e0a21548eebaf8da3,2017-11-01T21:58:40.000Z,0.000186,0x13b180786e6e5eb6bed6923e0a21548eebaf8da3,buy,0x9b11efcaaa1890f6ee52c6bb7cf8153ac5d74139,0x614c2356cc2e16555ef49b3bb27335858b4f420ec68a0aa93114d33033fbd373
235,5000,0.94,0x13b180786e6e5eb6bed6923e0a21548eebaf8da3,2017-11-01T21:58:13.000Z,0.000188,0x13b180786e6e5eb6bed6923e0a21548eebaf8da3,buy,0x9b11efcaaa1890f6ee52c6bb7cf8153ac5d74139,0xda0660ffc111cc678c2c4d576b8b7dd29ceb826e6eefd6ff3c1cc8159294471b
236,5000,0.94,0x13b180786e6e5eb6bed6923e0a21548eebaf8da3,2017-11-01T21:57:23.000Z,0.000188,0x13b180786e6e5eb6bed6923e0a21548eebaf8da3,buy,0x9b11efcaaa1890f6ee52c6bb7cf8153ac5d74139,0x34450f192067f7e2ee4137422207152520332b20bedc4d3020bca9213b5ff9d1
237,5000,0.94,0x13b180786e6e5eb6bed6923e0a21548eebaf8da3,2017-11-01T21:57:12.000Z,0.000188,0x13b180786e6e5eb6bed6923e0a21548eebaf8da3,buy,0x9b11efcaaa1890f6ee52c6bb7cf8153ac5d74139,0x18b20406edfe7c11d612d359aee55c4e1c57f7d5ecff0bd427e4118ded70cdc3
238,0.55306568,0.00003871515066568,0x0888114ed2323355f83e55f5335a5e424dc009aa,2017-11-01T21:54:30.000Z,0.000070001,0x2364e6ea3e35a8fa696fa56f2e56ab62e0583f28,sell,0x9b11efcaaa1890f6ee52c6bb7cf8153ac5d74139,0x0409ec529bfb7d42ae53b605649e34491b6cf3537f92a45a6e7ce1143de48b92
239,905,0.067875,0x4ec057518e73207f53611ee554ebb21ebff891d3,2017-11-01T21:54:03.000Z,0.000075,0xdd3aa93c2f291e77b31a9fabf2d818a9908f6d74,buy,0x9b11efcaaa1890f6ee52c6bb7cf8153ac5d74139,0x83bbacd140141f4c4016688bd7ab8865f8c57f24eef75c7ddb9db84d5583b1fd
240,50000,9.4,0x13b180786e6e5eb6bed6923e0a21548eebaf8da3,2017-11-01T21:51:09.000Z,0.000188,0x13b180786e6e5eb6bed6923e0a21548eebaf8da3,buy,0x9b11efcaaa1890f6ee52c6bb7cf8153ac5d74139,0xd56b875bb9b22963e972aeecf141da85d191a079927f2cceef3bd7bb9b59ff35
241,5000,0.94,0x13b180786e6e5eb6bed6923e0a21548eebaf8da3,2017-11-01T21:50:51.000Z,0.000188,0x13b180786e6e5eb6bed6923e0a21548eebaf8da3,buy,0x9b11efcaaa1890f6ee52c6bb7cf8153ac5d74139,0x525b69768ca66a48cea4be5c059ca6699ee0174f9888ad3d9f9261583c49060e
242,100000,18.6,0x13b180786e6e5eb6bed6923e0a21548eebaf8da3,2017-11-01T21:48:44.000Z,0.000186,0x13b180786e6e5eb6bed6923e0a21548eebaf8da3,buy,0x9b11efcaaa1890f6ee52c6bb7cf8153ac5d74139,0x5f0673b6e12bd9f262bf6d6ea8097c301335065a9659cc18b8e56e79a10a3863
243,100000,18.6,0x13b180786e6e5eb6bed6923e0a21548eebaf8da3,2017-11-01T21:47:47.000Z,0.000186,0x13b180786e6e5eb6bed6923e0a21548eebaf8da3,buy,0x9b11efcaaa1890f6ee52c6bb7cf8153ac5d74139,0xb1a775f9bee5af75cea3febbd726ea90076d3ab6da6ced69f4116c1ae4273c66
244,10000,2.1,0x13b180786e6e5eb6bed6923e0a21548eebaf8da3,2017-11-01T21:43:23.000Z,0.00021,0x13b180786e6e5eb6bed6923e0a21548eebaf8da3,buy,0x9b11efcaaa1890f6ee52c6bb7cf8153ac5d74139,0xc4f934a52b45145042f65032f6a4af217c5e4d312dc39b754ebd007290b7ea6a
245,70000,14.7,0x13b180786e6e5eb6bed6923e0a21548eebaf8da3,2017-11-01T21:42:23.000Z,0.00021,0x13b180786e6e5eb6bed6923e0a21548eebaf8da3,buy,0x9b11efcaaa1890f6ee52c6bb7cf8153ac5d74139,0x89efcd23bb8d190ef047a462a260efaea7fb50c4f14883e286fe315b2b839942
246,10000,1.86,0x13b180786e6e5eb6bed6923e0a21548eebaf8da3,2017-11-01T21:38:41.000Z,0.000186,0x13b180786e6e5eb6bed6923e0a21548eebaf8da3,buy,0x9b11efcaaa1890f6ee52c6bb7cf8153ac5d74139,0xd8f3cb0435fdce443681568c9615cffcc24c712c84db92903265b1f537f78c7b
247,60000,11.16,0x13b180786e6e5eb6bed6923e0a21548eebaf8da3,2017-11-01T21:36:58.000Z,0.000186,0x13b180786e6e5eb6bed6923e0a21548eebaf8da3,buy,0x9b11efcaaa1890f6ee52c6bb7cf8153ac5d74139,0xab088a0dc0629821e0c2244c2b6b94eace0e22064445e26a3bb37d3827882354
248,98.69404844,0.00690868208484844,0x0888114ed2323355f83e55f5335a5e424dc009aa,2017-11-01T21:36:22.000Z,0.000070001,0x136189e2edd46d3d181109df2d71bfd5f1ba1ccf,sell,0x9b11efcaaa1890f6ee52c6bb7cf8153ac5d74139,0x955ef73a70d15d58a2c57b956ab86fc9e7d6d163e79b048a351d9d4c3f3b30b4
249,70000,14.7,0x13b180786e6e5eb6bed6923e0a21548eebaf8da3,2017-11-01T21:34:38.000Z,0.00021,0x13b180786e6e5eb6bed6923e0a21548eebaf8da3,buy,0x9b11efcaaa1890f6ee52c6bb7cf8153ac5d74139,0xd8389034ed044b14863a41cd2bf06e018dce397bdee0b8a44408ae0dd603477d
250,2000,0.42,0x13b180786e6e5eb6bed6923e0a21548eebaf8da3,2017-11-01T21:32:51.000Z,0.00021,0x13b180786e6e5eb6bed6923e0a21548eebaf8da3,buy,0x9b11efcaaa1890f6ee52c6bb7cf8153ac5d74139,0xe829946a86bfbbbb20ba0636990c37078208a2fc21af9bca4a60f2097ee6bd16
251,50000,9.3,0x13b180786e6e5eb6bed6923e0a21548eebaf8da3,2017-11-01T21:31:40.000Z,0.000186,0x13b180786e6e5eb6bed6923e0a21548eebaf8da3,buy,0x9b11efcaaa1890f6ee52c6bb7cf8153ac5d74139,0x88b02117c351026b97adce8792478ff4b52b0567f44126e3e201f226d039387a
252,5000,0.355,0xf56c9a1a4421558224bac56049ee96fd038b6459,2017-11-01T21:31:10.000Z,0.000071,0x399b282c17f8ed9f542c2376917947d6b79e2cc6,sell,0x9b11efcaaa1890f6ee52c6bb7cf8153ac5d74139,0xb07b0356ef70ed36dbd004c258dcd6df2dc76922dd3b22fb0d21475483593f78
253,2869.18,0.53366748,0x13b180786e6e5eb6bed6923e0a21548eebaf8da3,2017-11-01T21:30:34.000Z,0.000186,0x13b180786e6e5eb6bed6923e0a21548eebaf8da3,buy,0x9b11efcaaa1890f6ee52c6bb7cf8153ac5d74139,0x5eba53f10084fb7c1a749c09c676799ac983604edc01c82d9b9bedf84eccff82
254,20000,3.72,0x13b180786e6e5eb6bed6923e0a21548eebaf8da3,2017-11-01T21:13:52.000Z,0.000186,0x13b180786e6e5eb6bed6923e0a21548eebaf8da3,buy,0x9b11efcaaa1890f6ee52c6bb7cf8153ac5d74139,0x893be6fe40d5589be576d6ce2dfee6a1ce145ba17c64ef304f30fc9299b7171d
255,8000,1.68,0x13b180786e6e5eb6bed6923e0a21548eebaf8da3,2017-11-01T21:13:09.000Z,0.00021,0x13b180786e6e5eb6bed6923e0a21548eebaf8da3,buy,0x9b11efcaaa1890f6ee52c6bb7cf8153ac5d74139,0x355ebf8a041b3aa631df206fd7f8857c994187947790bef157e4a30e7323d336
256,8200,1.722,0x13b180786e6e5eb6bed6923e0a21548eebaf8da3,2017-11-01T21:11:43.000Z,0.00021,0x13b180786e6e5eb6bed6923e0a21548eebaf8da3,buy,0x9b11efcaaa1890f6ee52c6bb7cf8153ac5d74139,0x16ec2440deac84694a8ce385ffa098aeef8cd4c2dab37bc409d05dd8cada34bc
257,157130.81956341,29.22633243879492,0x13b180786e6e5eb6bed6923e0a21548eebaf8da3,2017-11-01T21:08:54.000Z,0.0001860000000000042,0x13b180786e6e5eb6bed6923e0a21548eebaf8da3,buy,0x9b11efcaaa1890f6ee52c6bb7cf8153ac5d74139,0x2240c6405e4f104e7f8bef5eeff5587db990fee425d3600dc5a9852b90efbc44
258,100000,7,0x2995d2c83b10272bb1a85e56d13d33466e0d7146,2017-11-01T20:57:04.000Z,0.00007,0xbf1539500bd84c13e2689e2126ff8bd7abb22a4a,sell,0x9b11efcaaa1890f6ee52c6bb7cf8153ac5d74139,0x622599ef31486b8eed4080523f366fe679c37ad0606d9c7476add0b09ee8a308
259,69102.70259407,4.90629188417897,0xc9164c7200d92caaaff82513064735625b3280c2,2017-11-01T20:56:14.000Z,0.000071,0xbf1539500bd84c13e2689e2126ff8bd7abb22a4a,sell,0x9b11efcaaa1890f6ee52c6bb7cf8153ac5d74139,0xc7bec854a5bf0c3bfed1e9eed1557140534ab7582f8520d99ec9891878d2fe93
260,8977.526,0.628435797526,0x94e824cdee81102a8c34f36dedb97ed14ccf3600,2017-11-01T20:56:14.000Z,0.000070001,0xbf1539500bd84c13e2689e2126ff8bd7abb22a4a,sell,0x9b11efcaaa1890f6ee52c6bb7cf8153ac5d74139,0x447cd0c9e878c6f9867e86ba30663f122f04d3a007b1bf0080650e0b8d42f8d6
261,31429.667,2.4169413923,0xf0fbef07f8b0dd9e7fda7374c7d8e95dd109d9ad,2017-11-01T20:55:07.000Z,0.0000769,0xbf1539500bd84c13e2689e2126ff8bd7abb22a4a,sell,0x9b11efcaaa1890f6ee52c6bb7cf8153ac5d74139,0xdb92068336fc6673ffc02f1293a75b8efdcdd04db723545b2ce915aff293d1d6
262,20000,1.56002,0xb952d59b6e43f9d2efa5dd8fbd7f967eddb6f1a7,2017-11-01T20:55:07.000Z,0.000078001,0xbf1539500bd84c13e2689e2126ff8bd7abb22a4a,sell,0x9b11efcaaa1890f6ee52c6bb7cf8153ac5d74139,0x2e6c17335971381a5de51c379978c6011d39a6d8e3f7f989505b36f1ec6e4c11
263,2080,0.16432,0xfc4bcf831c96e650e11e6d804beaaeb2d357e138,2017-11-01T20:54:49.000Z,0.000079,0xbf1539500bd84c13e2689e2126ff8bd7abb22a4a,sell,0x9b11efcaaa1890f6ee52c6bb7cf8153ac5d74139,0x4f34c246d5779203e1a6a9f6b0b15feb15ebcf09680d86cc55079de9beafef0c
264,26520.5425182,2.12959956421146,0x030d375f33267a6f3869918c30b117254201fcd0,2017-11-01T20:54:37.000Z,0.0000803,0xbf1539500bd84c13e2689e2126ff8bd7abb22a4a,sell,0x9b11efcaaa1890f6ee52c6bb7cf8153ac5d74139,0xfc170cadcda18602387c27e5e6493ebd211389d6ebb50b0a8f70c9e136a92bcb
265,6152.33,0.4999998591,0x65f403f5ce12908bfa7d8089f54f097e8b686fae,2017-11-01T20:54:37.000Z,0.00008127,0xbf1539500bd84c13e2689e2126ff8bd7abb22a4a,sell,0x9b11efcaaa1890f6ee52c6bb7cf8153ac5d74139,0x552dda74600062879e9ce4222b9fbc21bee059ca69ff4ad69f9ca057640dcf90
266,952.696,0.0765967584,0xf00dd34fa52d31aa537658baf071cbaeac59a66d,2017-11-01T20:53:38.000Z,0.0000804,0xbf1539500bd84c13e2689e2126ff8bd7abb22a4a,sell,0x9b11efcaaa1890f6ee52c6bb7cf8153ac5d74139,0x1e8532b13845c753ff34fea05072be71d41c03925a29a610d58bbcc8ca140bde
267,1800,0.378,0x13b180786e6e5eb6bed6923e0a21548eebaf8da3,2017-11-01T20:38:36.000Z,0.00021,0x13b180786e6e5eb6bed6923e0a21548eebaf8da3,buy,0x9b11efcaaa1890f6ee52c6bb7cf8153ac5d74139,0xc86fe38a6f75789065d2cf3d996218f5b689624832e864c412e5f230545bc388
268,30000,5.58,0x13b180786e6e5eb6bed6923e0a21548eebaf8da3,2017-11-01T20:37:23.000Z,0.000186,0x13b180786e6e5eb6bed6923e0a21548eebaf8da3,buy,0x9b11efcaaa1890f6ee52c6bb7cf8153ac5d74139,0x3cfa785701d22ff02a9dc01d298bdcc4112d43ba4bdf0049e5aca0bbcdcdd020
269,3900,0.346749,0x21b2ec62e93954074cde69ae0ccb2faa65f66075,2017-11-01T20:26:28.000Z,0.00008891,0x65f403f5ce12908bfa7d8089f54f097e8b686fae,buy,0x9b11efcaaa1890f6ee52c6bb7cf8153ac5d74139,0x102092898f5a0dd9c49a80f3f7104cbb554686be04581886d651af53fe39395f
270,9700,1.8042,0x13b180786e6e5eb6bed6923e0a21548eebaf8da3,2017-11-01T19:45:37.000Z,0.000186,0x13b180786e6e5eb6bed6923e0a21548eebaf8da3,buy,0x9b11efcaaa1890f6ee52c6bb7cf8153ac5d74139,0x50f04a5d34f186f7e4dd311ba24a3f6443b2c15a9b4303325ab77edcb39c7b21
271,448.60983746,0.036068230931784,0xf00dd34fa52d31aa537658baf071cbaeac59a66d,2017-11-01T19:38:30.000Z,0.0000804,0x09e1144b9bc61b67d18884ea5c19d8cd67fc66d6,sell,0x9b11efcaaa1890f6ee52c6bb7cf8153ac5d74139,0xc6c1163d11ddcec0bb14e0b420ab16bce6527cb60eea42b487ca08e641c028ba
272,20000,3.72,0x13b180786e6e5eb6bed6923e0a21548eebaf8da3,2017-11-01T19:35:15.000Z,0.000186,0x13b180786e6e5eb6bed6923e0a21548eebaf8da3,buy,0x9b11efcaaa1890f6ee52c6bb7cf8153ac5d74139,0xea2871d0188248c9da5f7d5a166d02b12ba3ba1747abf902d7a5d91cba4179dc
273,20000,4.2,0x13b180786e6e5eb6bed6923e0a21548eebaf8da3,2017-11-01T19:33:49.000Z,0.00021,0x13b180786e6e5eb6bed6923e0a21548eebaf8da3,buy,0x9b11efcaaa1890f6ee52c6bb7cf8153ac5d74139,0xc2271699c381e3676145f580b1849af5fcc9608fe7d9a419bcb783c1c84b9a3c
274,10000,2.1,0x13b180786e6e5eb6bed6923e0a21548eebaf8da3,2017-11-01T19:33:02.000Z,0.00021,0x13b180786e6e5eb6bed6923e0a21548eebaf8da3,buy,0x9b11efcaaa1890f6ee52c6bb7cf8153ac5d74139,0xb8c11c76951cff47af45b5fb2f986e5170ddb84cc6f1f4642d2cb61a16d3a8a5
275,98.69404844,0.007935001494576,0xf00dd34fa52d31aa537658baf071cbaeac59a66d,2017-11-01T19:23:28.000Z,0.0000804,0xf93cf6018e0201cf3a55cbda4cb8d4c6ce0c6fbf,sell,0x9b11efcaaa1890f6ee52c6bb7cf8153ac5d74139,0xf3619e5f8d2240e70558f36f2b6f3ce8dac2533f4b27c883ba35a6418ce9cc1d
276,9700,1.8042,0x13b180786e6e5eb6bed6923e0a21548eebaf8da3,2017-11-01T18:11:59.000Z,0.000186,0x13b180786e6e5eb6bed6923e0a21548eebaf8da3,buy,0x9b11efcaaa1890f6ee52c6bb7cf8153ac5d74139,0xae04251c1cadb5f2acae6ea38ec1baada4f673ab4ff7108c7092bdac072414e8
277,20000,4.2,0x13b180786e6e5eb6bed6923e0a21548eebaf8da3,2017-11-01T17:33:54.000Z,0.00021,0x13b180786e6e5eb6bed6923e0a21548eebaf8da3,buy,0x9b11efcaaa1890f6ee52c6bb7cf8153ac5d74139,0x4b931027e17a81c53b7d5989f90baa2ca1803f52c2069cdba6342717e83b27cd
278,5981.4574818,0.48031103578854,0x030d375f33267a6f3869918c30b117254201fcd0,2017-11-01T17:29:19.000Z,0.0000803,0x83061cc92d4bcc2cf7160b891c53debdadd80a29,sell,0x9b11efcaaa1890f6ee52c6bb7cf8153ac5d74139,0x4a54cde223e6cb9c5f5a97dc1202ca11df6ea472a6a75ac4bdb563e3cd912d9e
279,20000,4.2,0x13b180786e6e5eb6bed6923e0a21548eebaf8da3,2017-11-01T17:04:59.000Z,0.00021,0x13b180786e6e5eb6bed6923e0a21548eebaf8da3,buy,0x9b11efcaaa1890f6ee52c6bb7cf8153ac5d74139,0x68b04099ca228fb44dc02d039aae9e23a7bb9ba4ed5f299951c2f53faf95a73e
280,0.2,0.000017776,0x76883638b90f3c35b379aa9038eaccdbb621f62c,2017-11-01T16:58:21.000Z,0.00008888,0x76faf8f715f872f894b0f9185fd35d59eec16733,buy,0x9b11efcaaa1890f6ee52c6bb7cf8153ac5d74139,0x9b820255aa0d43052061a4812b3478472592c1050e7d7f55fc1ca1d3211fcf9d
281,40000,8.4,0x13b180786e6e5eb6bed6923e0a21548eebaf8da3,2017-11-01T16:56:10.000Z,0.00021,0x13b180786e6e5eb6bed6923e0a21548eebaf8da3,buy,0x9b11efcaaa1890f6ee52c6bb7cf8153ac5d74139,0x7242618e4f12a7138a5b81ebed71b12dcde14725c519e3574aefa1be68cf6f7a
282,20,0.0017776,0x327de23f8dd66a9ab2b517c41bd3f123796d03eb,2017-11-01T16:54:39.000Z,0.00008888,0x76faf8f715f872f894b0f9185fd35d59eec16733,buy,0x9b11efcaaa1890f6ee52c6bb7cf8153ac5d74139,0x70f2528415b1135b77e416d6037b3ea8bc3757e891d2f17c36a758628e740906
283,20000,4.2,0x13b180786e6e5eb6bed6923e0a21548eebaf8da3,2017-11-01T16:47:18.000Z,0.00021,0x13b180786e6e5eb6bed6923e0a21548eebaf8da3,buy,0x9b11efcaaa1890f6ee52c6bb7cf8153ac5d74139,0x7a13f60603bb0df34a80b5d8a3e54764c2023c80dd3c9fdfe61e6372cdf76014
284,20000,1.73998,0xadf08c56b02929bdc5a956fb37d6007cf4fecc0f,2017-11-01T16:41:26.000Z,0.000086999,0xc9164c7200d92caaaff82513064735625b3280c2,buy,0x9b11efcaaa1890f6ee52c6bb7cf8153ac5d74139,0x893587c539a5b15dbbaf341df166ba788babeeeeb07ba7c2f5cf3de600f0a238
285,7998,0.6950262,0xadf08c56b02929bdc5a956fb37d6007cf4fecc0f,2017-11-01T16:40:39.000Z,0.0000869,0x030d375f33267a6f3869918c30b117254201fcd0,buy,0x9b11efcaaa1890f6ee52c6bb7cf8153ac5d74139,0xd29b8a86dc10eaf82943ce7c0521d0ffeef1f39ad5cc4784647a4004c5dd4075
286,20000,4.2,0x13b180786e6e5eb6bed6923e0a21548eebaf8da3,2017-11-01T16:35:26.000Z,0.00021,0x13b180786e6e5eb6bed6923e0a21548eebaf8da3,buy,0x9b11efcaaa1890f6ee52c6bb7cf8153ac5d74139,0x30649aa88b20993e0184afb59e82d884b85bdf659b4d415a35f421ff5f4660f5
287,22000,1.9118,0xb89cba04266d1ef91c42cbe7d90ef60e79ca9ffc,2017-11-01T16:33:07.000Z,0.0000869,0x030d375f33267a6f3869918c30b117254201fcd0,buy,0x9b11efcaaa1890f6ee52c6bb7cf8153ac5d74139,0x7f3e1d14b3e28fec240a948c75478bd4637817a78b2ec18f9c1c655404acb32e
288,30000,6.3,0x13b180786e6e5eb6bed6923e0a21548eebaf8da3,2017-11-01T16:31:38.000Z,0.00021,0x13b180786e6e5eb6bed6923e0a21548eebaf8da3,buy,0x9b11efcaaa1890f6ee52c6bb7cf8153ac5d74139,0x65a5b7a1d96c2b7c736201968a6221f7141b630327f1fb27871190af8ebd3e02
289,30000,6.3,0x13b180786e6e5eb6bed6923e0a21548eebaf8da3,2017-11-01T16:31:32.000Z,0.00021,0x13b180786e6e5eb6bed6923e0a21548eebaf8da3,buy,0x9b11efcaaa1890f6ee52c6bb7cf8153ac5d74139,0x65a5b7a1d96c2b7c736201968a6221f7141b630327f1fb27871190af8ebd3e02
290,1091.30666958,0.094725418919544,0xadf08c56b02929bdc5a956fb37d6007cf4fecc0f,2017-11-01T16:24:10.000Z,0.0000868,0xedf5de3807d23e5d85b0caa1e10d52b85c2a6965,buy,0x9b11efcaaa1890f6ee52c6bb7cf8153ac5d74139,0xcd9d6148424c6810e69b37502b1db727f0f36d57b6b68a101d36474d6cb004f4
291,30000,6.3,0x13b180786e6e5eb6bed6923e0a21548eebaf8da3,2017-11-01T16:24:10.000Z,0.00021,0x13b180786e6e5eb6bed6923e0a21548eebaf8da3,buy,0x9b11efcaaa1890f6ee52c6bb7cf8153ac5d74139,0x9588c6ff14a9487a0901fe940c484223ff9ab4e677ed4ddc04f650aef1b4400a
292,30000,6.3,0x13b180786e6e5eb6bed6923e0a21548eebaf8da3,2017-11-01T16:23:11.000Z,0.00021,0x13b180786e6e5eb6bed6923e0a21548eebaf8da3,buy,0x9b11efcaaa1890f6ee52c6bb7cf8153ac5d74139,0xb9bb9a9221ca1cf761c9ab38d4b203da6f8910450bc5c40f897e1d0691223acd
293,200,0.0172998,0x197d7044a231af310ef6f2ac9cb96b9b7e8bd7e7,2017-11-01T16:22:24.000Z,0.000086499,0xaa5a8763179d7e24b0230e981cf7cd5d9fa7cff8,buy,0x9b11efcaaa1890f6ee52c6bb7cf8153ac5d74139,0x1cff2fa1782a1f384f400c1aeeca1c6f531e5018566cfdddcd5025ce1f5deba5
294,245,0.021167755,0x197d7044a231af310ef6f2ac9cb96b9b7e8bd7e7,2017-11-01T16:22:24.000Z,0.000086399,0xaa5a8763179d7e24b0230e981cf7cd5d9fa7cff8,buy,0x9b11efcaaa1890f6ee52c6bb7cf8153ac5d74139,0x195e8f648c8cb2e3ff92be8ecc4c93a56be1963250a6107238b110111ba1051f
295,4950,0.428175,0x197d7044a231af310ef6f2ac9cb96b9b7e8bd7e7,2017-11-01T16:21:54.000Z,0.0000865,0xe9e9741892a49aac42a3dad0f81d6e85bd9db1b5,buy,0x9b11efcaaa1890f6ee52c6bb7cf8153ac5d74139,0x1c04a1e8d29634cc44b44adea99dad44491a38a453afa7aa1b06a8345e420ad7
296,2790,0.23994279,0x197d7044a231af310ef6f2ac9cb96b9b7e8bd7e7,2017-11-01T16:19:56.000Z,0.000086001,0x6f386979f14b4d841cb77bfddd3afba6f0c6b6a1,buy,0x9b11efcaaa1890f6ee52c6bb7cf8153ac5d74139,0x65b343a160ea2c34fbd5d6824eee5a4dc82a904dbe953a2a39ead13819304f16
297,110.68494175,0.009518904990642084,0x197d7044a231af310ef6f2ac9cb96b9b7e8bd7e7,2017-11-01T16:19:21.000Z,0.00008600000000128367,0xbb5bab0a7b4deae363d90cee87a2fcbe91e06c81,buy,0x9b11efcaaa1890f6ee52c6bb7cf8153ac5d74139,0xd5128fed9836b3a87e7380861587f760d60c2c713d8f30c6766eb62187e02582
298,11638.503,1.000911258,0x197d7044a231af310ef6f2ac9cb96b9b7e8bd7e7,2017-11-01T16:19:07.000Z,0.000086,0xcf0dbf7b0439f57528c45367927df876141f8a1e,buy,0x9b11efcaaa1890f6ee52c6bb7cf8153ac5d74139,0x8bc884c2e19dcd0c2a9b4d936bd2a92410f2c79c9a1b4c606c4054ac5cc41137
299,300,0.0558,0x13b180786e6e5eb6bed6923e0a21548eebaf8da3,2017-11-01T16:14:57.000Z,0.000186,0x13b180786e6e5eb6bed6923e0a21548eebaf8da3,buy,0x9b11efcaaa1890f6ee52c6bb7cf8153ac5d74139,0x798dccd2f4a499a99a7062eeaa1e072163dbc72f1140dc7fed7c761ea1ad4f42
300,300,0.0558,0x13b180786e6e5eb6bed6923e0a21548eebaf8da3,2017-11-01T16:13:44.000Z,0.000186,0x13b180786e6e5eb6bed6923e0a21548eebaf8da3,buy,0x9b11efcaaa1890f6ee52c6bb7cf8153ac5d74139,0x8fbc62e0658748590eb6be4aa9c23849e502224bf21a4ec7e4d0c67ca26d4fd1
301,30000,5.58,0x13b180786e6e5eb6bed6923e0a21548eebaf8da3,2017-11-01T16:08:51.000Z,0.000186,0x13b180786e6e5eb6bed6923e0a21548eebaf8da3,buy,0x9b11efcaaa1890f6ee52c6bb7cf8153ac5d74139,0x835ccf04f2d8f79e378e81dbd87faf0ddac4e64ebe379aa644e1e79bd659855f
302,14021.9805884,1.07829030724796,0xf0fbef07f8b0dd9e7fda7374c7d8e95dd109d9ad,2017-11-01T16:04:45.000Z,0.0000769,0x0b78e2d55abff049d85dac68d336318966b0bd12,sell,0x9b11efcaaa1890f6ee52c6bb7cf8153ac5d74139,0x8e7385936ed4217f6858bfbaaa9ca855c55a9bed4cf3caa282566c89b759b1a0
303,599.796,0.111562056,0x13b180786e6e5eb6bed6923e0a21548eebaf8da3,2017-11-01T16:02:28.000Z,0.000186,0x13b180786e6e5eb6bed6923e0a21548eebaf8da3,buy,0x9b11efcaaa1890f6ee52c6bb7cf8153ac5d74139,0x5a93303fd8313db13fdf68f8ae37ba2b5da2b9f0aa5a49100fd3ebf39ea23162
304,59239.202,12.44023242,0x13b180786e6e5eb6bed6923e0a21548eebaf8da3,2017-11-01T15:56:07.000Z,0.00021,0x13b180786e6e5eb6bed6923e0a21548eebaf8da3,buy,0x9b11efcaaa1890f6ee52c6bb7cf8153ac5d74139,0xbe00e777b9fd312f28802ddf734b93e61f693a12d891e15e1a4438194464b28c
305,140760.79750493,29.55976747603558,0x13b180786e6e5eb6bed6923e0a21548eebaf8da3,2017-11-01T15:54:24.000Z,0.000210000000000002,0x13b180786e6e5eb6bed6923e0a21548eebaf8da3,buy,0x9b11efcaaa1890f6ee52c6bb7cf8153ac5d74139,0xd36bdeb596425f3da9105a076361713670ec902a71b12395f0448d5af3d8ced8
306,12800,0.9984,0xdb039da8fc69a8882a40ac0b1e9cfd536d84e018,2017-11-01T15:53:28.000Z,0.000078,0x0b78e2d55abff049d85dac68d336318966b0bd12,sell,0x9b11efcaaa1890f6ee52c6bb7cf8153ac5d74139,0x3cf291f6b0df9b38ed5b10d56ed323f73986baf8f5d2324bde471850185fa307
307,2940,0.23814,0x40771c18fb731f962714d5ebdd066570f8423f8a,2017-11-01T15:53:16.000Z,0.000081,0x0b78e2d55abff049d85dac68d336318966b0bd12,sell,0x9b11efcaaa1890f6ee52c6bb7cf8153ac5d74139,0x93aec30471be299d0aba104f171d8008730c35fd1804d35c86dce2d2518c27b6
308,206.76292331,0.01658466084161841,0x8f39ed51a45811dd6b7517b420613c1a0818ec67,2017-11-01T15:53:16.000Z,0.000080211,0x0b78e2d55abff049d85dac68d336318966b0bd12,sell,0x9b11efcaaa1890f6ee52c6bb7cf8153ac5d74139,0x977dbbe4005ba30779997b5d797a6b3a9c0daf4409ab4386368f968cfcfcf69b
309,569.87951807,0.04729999999981,0xf92658215e6c93da696bb4056020d2d23fe8b5d2,2017-11-01T15:53:12.000Z,0.000083,0x0b78e2d55abff049d85dac68d336318966b0bd12,sell,0x9b11efcaaa1890f6ee52c6bb7cf8153ac5d74139,0x5f4c6d63c896fb765b47930f6794a2e4b94901066dd50138ed734457fd5ef85e
310,64.128,0.0053290368,0x8747b8a010033060529d60909ab7a00b8d2a1dea,2017-11-01T15:52:59.000Z,0.0000831,0x0b78e2d55abff049d85dac68d336318966b0bd12,sell,0x9b11efcaaa1890f6ee52c6bb7cf8153ac5d74139,0x0986704c4e374c352398255507fd0b62cc370d1a26f1e38118b97f5a5419c76c
311,159400.20382483,29.64843791142015,0x13b180786e6e5eb6bed6923e0a21548eebaf8da3,2017-11-01T15:51:44.000Z,0.00018600000000001108,0x13b180786e6e5eb6bed6923e0a21548eebaf8da3,buy,0x9b11efcaaa1890f6ee52c6bb7cf8153ac5d74139,0xd5dbeed9aeca096c6720b4a4eb84ef90cfe5c842667389c3560e5d0bb6b56749
312,19900,1.6517,0xf92658215e6c93da696bb4056020d2d23fe8b5d2,2017-11-01T15:50:31.000Z,0.000083,0x0b78e2d55abff049d85dac68d336318966b0bd12,sell,0x9b11efcaaa1890f6ee52c6bb7cf8153ac5d74139,0x9538b2140edc467e871a7b9cbef4971bfe876c40c66a50aef7ff738d51354f53
313,89999.99967431,16.739999939422532,0x13b180786e6e5eb6bed6923e0a21548eebaf8da3,2017-11-01T15:50:09.000Z,0.00018600000000000967,0x13b180786e6e5eb6bed6923e0a21548eebaf8da3,buy,0x9b11efcaaa1890f6ee52c6bb7cf8153ac5d74139,0x03cff359f7b33aadb97377a64363ac865befce5c8f5b709ea218f0a21a8f57d7
314,20000,4.2,0x13b180786e6e5eb6bed6923e0a21548eebaf8da3,2017-11-01T15:43:24.000Z,0.00021,0x13b180786e6e5eb6bed6923e0a21548eebaf8da3,buy,0x9b11efcaaa1890f6ee52c6bb7cf8153ac5d74139,0x175f5cf76fb22baf4dff10c1f6b067b0ae6537d08137661cebdabeb7ae2435b1
315,20000,4.2,0x13b180786e6e5eb6bed6923e0a21548eebaf8da3,2017-11-01T15:40:33.000Z,0.00021,0x13b180786e6e5eb6bed6923e0a21548eebaf8da3,buy,0x9b11efcaaa1890f6ee52c6bb7cf8153ac5d74139,0x1b47799377a275f2a42afc27f6b6011dea406d5a9c0bb36c5d1e8f6f4bb1b374
316,4908.3150743,0.4221150963905179,0x6d9673ed55c8be45250fbba244ca9dd73f049c38,2017-11-01T15:38:54.000Z,0.00008600000000014626,0xbb5bab0a7b4deae363d90cee87a2fcbe91e06c81,buy,0x9b11efcaaa1890f6ee52c6bb7cf8153ac5d74139,0x7dcad61d7c7911346ed86bed62ffb1357207a70b34dc73737e7fa2140c5f1dd0
317,28000,5.88,0x13b180786e6e5eb6bed6923e0a21548eebaf8da3,2017-11-01T15:37:37.000Z,0.00021,0x13b180786e6e5eb6bed6923e0a21548eebaf8da3,buy,0x9b11efcaaa1890f6ee52c6bb7cf8153ac5d74139,0x79c624acd485393a4ae485cec1a5438db4d849e50c9e489c995a7e7d0613a87e
318,17412.595,1.4974814287405,0x6d9673ed55c8be45250fbba244ca9dd73f049c38,2017-11-01T15:36:46.000Z,0.0000859999,0xe9e9741892a49aac42a3dad0f81d6e85bd9db1b5,buy,0x9b11efcaaa1890f6ee52c6bb7cf8153ac5d74139,0xfca122106238deee33f7124f6691fc3033e0b2d4be3e221fa4173a83a2eaf241
319,10000,1.86,0x13b180786e6e5eb6bed6923e0a21548eebaf8da3,2017-11-01T15:36:46.000Z,0.000186,0x13b180786e6e5eb6bed6923e0a21548eebaf8da3,buy,0x9b11efcaaa1890f6ee52c6bb7cf8153ac5d74139,0x8f49530fc2ffcec6fc9174378366667ce94c4b14993701e7a8148fa1d29e6df4
320,10000,1.86,0x13b180786e6e5eb6bed6923e0a21548eebaf8da3,2017-11-01T15:35:46.000Z,0.000186,0x13b180786e6e5eb6bed6923e0a21548eebaf8da3,buy,0x9b11efcaaa1890f6ee52c6bb7cf8153ac5d74139,0x3dbea5e5aa5179be73f9675c2942106d4719848acbfd941201d8a168a7acc6cc
321,800,0.066272,0x6d9673ed55c8be45250fbba244ca9dd73f049c38,2017-11-01T15:30:50.000Z,0.00008284,0x76f0a8184649e94dead41c291bd58f40d7ab3db7,buy,0x9b11efcaaa1890f6ee52c6bb7cf8153ac5d74139,0xbe256f574ce08884be94ec9d89f5612b2680c3e4dd8e2faaa2a5c40c3bb055ae
322,60000,11.16,0x13b180786e6e5eb6bed6923e0a21548eebaf8da3,2017-11-01T14:31:26.000Z,0.000186,0x13b180786e6e5eb6bed6923e0a21548eebaf8da3,buy,0x9b11efcaaa1890f6ee52c6bb7cf8153ac5d74139,0x2c0598ae8fd0c348da844fa2e085602530f31534330dac5eb169972b80f21e05
323,79.75276642,0.006627454889502,0x8747b8a010033060529d60909ab7a00b8d2a1dea,2017-11-01T14:28:48.000Z,0.0000831,0x812028886f88ef49db5e9982c97c496c8f395bd0,sell,0x9b11efcaaa1890f6ee52c6bb7cf8153ac5d74139,0x3854ef1cba6a688bff2d5b608d1429d523d3bb03aaae6a5474374dc20fecf731
324,9000,1.674,0x13b180786e6e5eb6bed6923e0a21548eebaf8da3,2017-11-01T14:18:00.000Z,0.000186,0x13b180786e6e5eb6bed6923e0a21548eebaf8da3,buy,0x9b11efcaaa1890f6ee52c6bb7cf8153ac5d74139,0xdffcc3223afd70fd556c5692a84cc8eec87934c0e030a9e7cca9d04b84ddf4c9
325,2000,0.42,0x13b180786e6e5eb6bed6923e0a21548eebaf8da3,2017-11-01T14:10:04.000Z,0.00021,0x13b180786e6e5eb6bed6923e0a21548eebaf8da3,buy,0x9b11efcaaa1890f6ee52c6bb7cf8153ac5d74139,0x90de3169011c03274b7caef00219696b6e3af7793995f90afa94e4c8a73c1d43
326,3000,0.558,0x13b180786e6e5eb6bed6923e0a21548eebaf8da3,2017-11-01T13:55:29.000Z,0.000186,0x13b180786e6e5eb6bed6923e0a21548eebaf8da3,buy,0x9b11efcaaa1890f6ee52c6bb7cf8153ac5d74139,0x4f2c8bda6248d5e7653ff00f667a9cc5aa59dbde7f130e2f75957065a9cef7db
327,1000,0.186,0x13b180786e6e5eb6bed6923e0a21548eebaf8da3,2017-11-01T13:55:05.000Z,0.000186,0x13b180786e6e5eb6bed6923e0a21548eebaf8da3,buy,0x9b11efcaaa1890f6ee52c6bb7cf8153ac5d74139,0x902e5c55f3d4c3468a36683883116560c67422edd902cf5c3a6b426f0961a70e
328,2137.40499115,0.18381661549875386,0x049cb0213bd63e5e880ef826d8d2bf5bc0dbaf21,2017-11-01T13:53:22.000Z,0.00008599990000016513,0xe9e9741892a49aac42a3dad0f81d6e85bd9db1b5,buy,0x9b11efcaaa1890f6ee52c6bb7cf8153ac5d74139,0x4291759dcc9c8b256d5b263470b0b2cd96b0b7834f108c33ff38d41bec5d4c3d
329,20000,3.72,0x13b180786e6e5eb6bed6923e0a21548eebaf8da3,2017-11-01T13:17:27.000Z,0.000186,0x13b180786e6e5eb6bed6923e0a21548eebaf8da3,buy,0x9b11efcaaa1890f6ee52c6bb7cf8153ac5d74139,0xf4f31e5b78579d52d847f993cb06381b130120493f3b5921b1c3d60caf7411cc
330,450,0.038699955,0x93165a5fc7d4b9ea1f07473e3007744e4301a494,2017-11-01T13:16:05.000Z,0.0000859999,0xe9e9741892a49aac42a3dad0f81d6e85bd9db1b5,buy,0x9b11efcaaa1890f6ee52c6bb7cf8153ac5d74139,0xbb2808d4dbd0f55f5426056eec05ca34c63cd8b07a360891556eb54e8e15b1c6
331,70000,13.02,0x13b180786e6e5eb6bed6923e0a21548eebaf8da3,2017-11-01T13:01:32.000Z,0.000186,0x13b180786e6e5eb6bed6923e0a21548eebaf8da3,buy,0x9b11efcaaa1890f6ee52c6bb7cf8153ac5d74139,0xec6537f7c13140113592e7f53adf7d7d3e486acb42cd4ecd7edbd220e861b905
332,100,0.0086,0x7102f09bc19df4bc71aa39c85c7f390704da2078,2017-11-01T12:57:56.000Z,0.000086,0x65f403f5ce12908bfa7d8089f54f097e8b686fae,buy,0x9b11efcaaa1890f6ee52c6bb7cf8153ac5d74139,0xc4a7215810b26a3a3fb587208c2bd4091b58bb10e6f6ae2d069ad2377e1a2630
333,7000,1.302,0x13b180786e6e5eb6bed6923e0a21548eebaf8da3,2017-11-01T12:56:00.000Z,0.000186,0x13b180786e6e5eb6bed6923e0a21548eebaf8da3,buy,0x9b11efcaaa1890f6ee52c6bb7cf8153ac5d74139,0x036bb8e5b936c122b3aff7a7ebffb7019b5bfb1f6c9db9d743466b0d2ed2739d
334,30000,5.58,0x13b180786e6e5eb6bed6923e0a21548eebaf8da3,2017-11-01T12:55:28.000Z,0.000186,0x13b180786e6e5eb6bed6923e0a21548eebaf8da3,buy,0x9b11efcaaa1890f6ee52c6bb7cf8153ac5d74139,0xdf3982ad65b20f6e305ce6490bafbe67b9cd9279bfe8113fd89fa2cf9d7427b3
335,86.44,0.00743384,0xb89cba04266d1ef91c42cbe7d90ef60e79ca9ffc,2017-11-01T12:52:23.000Z,0.000086,0xf84bfa23c2ab766c47056011b26e2d12ade5c754,buy,0x9b11efcaaa1890f6ee52c6bb7cf8153ac5d74139,0x77c7ab937a140393376260c102f8392d778b0229ece88b3ad22a92c722c63b6b
336,4000,0.3156,0x65f403f5ce12908bfa7d8089f54f097e8b686fae,2017-11-01T12:39:46.000Z,0.0000789,0x3da4ebcffab7a579feffbac8a2a6e27d9e23f0d5,sell,0x9b11efcaaa1890f6ee52c6bb7cf8153ac5d74139,0x92b5133c9cb59148df5b051599e2b714bd0a14c606c004195801d13b182d6667
337,30000,6.3,0x13b180786e6e5eb6bed6923e0a21548eebaf8da3,2017-11-01T11:58:55.000Z,0.00021,0x13b180786e6e5eb6bed6923e0a21548eebaf8da3,buy,0x9b11efcaaa1890f6ee52c6bb7cf8153ac5d74139,0x934696a06152060d056340cc777956d05abf62ee1558c9f293f65ce7cf5854c4
338,30000,5.58,0x13b180786e6e5eb6bed6923e0a21548eebaf8da3,2017-11-01T11:58:05.000Z,0.000186,0x13b180786e6e5eb6bed6923e0a21548eebaf8da3,buy,0x9b11efcaaa1890f6ee52c6bb7cf8153ac5d74139,0x98c2f94def8bc229060fcbc3c02116256d7094d93a3833641995b52681745307
339,12.51256064,0.0010322862528,0xf649fc4c6a21bb1a904419124e17f3b5607d2607,2017-11-01T11:53:37.000Z,0.0000825,0xf84bfa23c2ab766c47056011b26e2d12ade5c754,sell,0x9b11efcaaa1890f6ee52c6bb7cf8153ac5d74139,0x4bf89cd6aa6382be8402ec37b59dc64ad14522fcf736a28e2f570d9f3c57eb7f
340,99,0.0079497,0xf84bfa23c2ab766c47056011b26e2d12ade5c754,2017-11-01T11:52:39.000Z,0.0000803,0xe28c859407272bf82039059a990db3987f1a2316,buy,0x9b11efcaaa1890f6ee52c6bb7cf8153ac5d74139,0xeae150e48bfff5b015791037013fa2c12b5163d39b8bac01e0182c5b5400401c
341,30000,5.58,0x13b180786e6e5eb6bed6923e0a21548eebaf8da3,2017-11-01T11:50:16.000Z,0.000186,0x13b180786e6e5eb6bed6923e0a21548eebaf8da3,buy,0x9b11efcaaa1890f6ee52c6bb7cf8153ac5d74139,0x003d55981c0a2c17932d317d4709679bb379fbe9999d89df874358e1ab6206e5
342,45769,8.53088391,0x1144337bc3010c64195ac0dc10bc63e6ca0ed41c,2017-11-01T11:31:49.000Z,0.00018639,0x1144337bc3010c64195ac0dc10bc63e6ca0ed41c,buy,0x9b11efcaaa1890f6ee52c6bb7cf8153ac5d74139,0xdd5c04e69cad638f3b0bc4fe9322400c7a6228aee3d600b1d6e72b8507b0ae98
343,45769,8.53088391,0x1144337bc3010c64195ac0dc10bc63e6ca0ed41c,2017-11-01T11:31:49.000Z,0.00018639,0x1144337bc3010c64195ac0dc10bc63e6ca0ed41c,buy,0x9b11efcaaa1890f6ee52c6bb7cf8153ac5d74139,0x24bbb954bfd0562a8911f26c6d45e9c732de262731fe1813a6081a12c4ab5d7a
344,45769,8.53088391,0x1144337bc3010c64195ac0dc10bc63e6ca0ed41c,2017-11-01T11:31:36.000Z,0.00018639,0x1144337bc3010c64195ac0dc10bc63e6ca0ed41c,buy,0x9b11efcaaa1890f6ee52c6bb7cf8153ac5d74139,0xd8ca26b2b1526d712bc3db1bb8500dcca559ec612f96fc3d127bce8d39d179f6
345,0.14907529,0.000012298711425,0xf649fc4c6a21bb1a904419124e17f3b5607d2607,2017-11-01T11:28:30.000Z,0.0000825,0x1a4cfe7277bfdbd108ef42a3db9e8a1c05428c6c,sell,0x9b11efcaaa1890f6ee52c6bb7cf8153ac5d74139,0xde1e02204e82f9ed647978cd3ef25e8e68a40237db4900f263e6f9511d0c16cf
346,45769,8.53088391,0x1144337bc3010c64195ac0dc10bc63e6ca0ed41c,2017-11-01T11:23:15.000Z,0.00018639,0x1144337bc3010c64195ac0dc10bc63e6ca0ed41c,buy,0x9b11efcaaa1890f6ee52c6bb7cf8153ac5d74139,0x562330c98b54e888edd98e5c97621e0b056e4b1c816f67f3fa32de9ee8ddcfe3
347,45769,8.53088391,0x1144337bc3010c64195ac0dc10bc63e6ca0ed41c,2017-11-01T11:22:54.000Z,0.00018639,0x1144337bc3010c64195ac0dc10bc63e6ca0ed41c,buy,0x9b11efcaaa1890f6ee52c6bb7cf8153ac5d74139,0x8f4cd734fb49c3324bd5755b9f9073f7fb8027d28c9694540ae550bc6ff0cb57
348,45769,8.53088391,0x1144337bc3010c64195ac0dc10bc63e6ca0ed41c,2017-11-01T11:22:49.000Z,0.00018639,0x1144337bc3010c64195ac0dc10bc63e6ca0ed41c,buy,0x9b11efcaaa1890f6ee52c6bb7cf8153ac5d74139,0x9acf0e982439e4ce13e65ecabcdd9882ae90d6f578873074b747aabdbce0e9bc
349,19548.35199999,1.503268268799231,0xf0fbef07f8b0dd9e7fda7374c7d8e95dd109d9ad,2017-11-01T11:19:41.000Z,0.0000769,0x422d7c1f2f04e7582163d1381a436516f4de3c2a,sell,0x9b11efcaaa1890f6ee52c6bb7cf8153ac5d74139,0xa623a37097dc7e2b4f2ab45f0898be0b983315f3270ac016a95ddc09c1618c92
350,19706,1.399126,0x422d7c1f2f04e7582163d1381a436516f4de3c2a,2017-11-01T11:19:41.000Z,0.000071,0x853a69a05e1f42436b51e0ebd9441725261b6608,buy,0x9b11efcaaa1890f6ee52c6bb7cf8153ac5d74139,0xa623a37097dc7e2b4f2ab45f0898be0b983315f3270ac016a95ddc09c1618c92
351,3519.77771966,0.28228969289445166,0xbb5bab0a7b4deae363d90cee87a2fcbe91e06c81,2017-11-01T11:13:05.000Z,0.000080201,0xc9164c7200d92caaaff82513064735625b3280c2,sell,0x9b11efcaaa1890f6ee52c6bb7cf8153ac5d74139,0xb09d3fa197070919b7a8322a5f25413429ac40791df3a30a863fd94a4f8ea6a0
352,12897.761,2.40362673996,0x1144337bc3010c64195ac0dc10bc63e6ca0ed41c,2017-11-01T11:12:07.000Z,0.00018636,0x1144337bc3010c64195ac0dc10bc63e6ca0ed41c,buy,0x9b11efcaaa1890f6ee52c6bb7cf8153ac5d74139,0x3a36441903176fb9467447e7a9089ed0be9b7ac452ce9b5a1c071effaf49f17e
353,45769,8.53088391,0x1144337bc3010c64195ac0dc10bc63e6ca0ed41c,2017-11-01T11:11:49.000Z,0.00018639,0x1144337bc3010c64195ac0dc10bc63e6ca0ed41c,buy,0x9b11efcaaa1890f6ee52c6bb7cf8153ac5d74139,0x302ec25ca09dc6061d97985d7c12b78ad8da2b9a27b24b1a6cb341b52ff9f244
354,45769,8.53088391,0x1144337bc3010c64195ac0dc10bc63e6ca0ed41c,2017-11-01T11:11:41.000Z,0.00018639,0x1144337bc3010c64195ac0dc10bc63e6ca0ed41c,buy,0x9b11efcaaa1890f6ee52c6bb7cf8153ac5d74139,0x801a20100d627ea870229e9523b7e9fc9df23d571e6787a35bbd94faa2aded31
355,1495.37420937,0.11993050696568337,0xbb5bab0a7b4deae363d90cee87a2fcbe91e06c81,2017-11-01T11:10:32.000Z,0.000080201,0x1a4cfe7277bfdbd108ef42a3db9e8a1c05428c6c,sell,0x9b11efcaaa1890f6ee52c6bb7cf8153ac5d74139,0xcf16e6d804139cbdad621bfdfc4429850228620338a49e4098e05583e48f217b
356,13900,1.1149468,0x030d375f33267a6f3869918c30b117254201fcd0,2017-11-01T11:09:31.000Z,0.000080212,0xc9164c7200d92caaaff82513064735625b3280c2,sell,0x9b11efcaaa1890f6ee52c6bb7cf8153ac5d74139,0x810694dca4e7582e7aa2466be4e29cf6a1146519b2c8ef501dab23777aa831ab
357,18100,1.45343,0x030d375f33267a6f3869918c30b117254201fcd0,2017-11-01T11:09:11.000Z,0.0000803,0xc9164c7200d92caaaff82513064735625b3280c2,sell,0x9b11efcaaa1890f6ee52c6bb7cf8153ac5d74139,0x11ebfd4f5a9a90c733013defd2df259d7ee4bccf9b184933d64893f8acca9a22
358,63082.23875385,11.756006014168397,0x1144337bc3010c64195ac0dc10bc63e6ca0ed41c,2017-11-01T11:04:17.000Z,0.00018636000000001442,0x1144337bc3010c64195ac0dc10bc63e6ca0ed41c,buy,0x9b11efcaaa1890f6ee52c6bb7cf8153ac5d74139,0xd4b5b01f3a32c9250ffaad5d7ba957b01c61c5d14a0c2922c97926052a869665
359,32476.32296511,6.052937074238257,0x1144337bc3010c64195ac0dc10bc63e6ca0ed41c,2017-11-01T11:04:17.000Z,0.0001863800000000325,0x1144337bc3010c64195ac0dc10bc63e6ca0ed41c,buy,0x9b11efcaaa1890f6ee52c6bb7cf8153ac5d74139,0xab32ef51ce52fd88c9372a6747dd1628cb8e938587a49a15d7ac8530423ac346
360,4207.88367364,0.3471504030753,0xf649fc4c6a21bb1a904419124e17f3b5607d2607,2017-11-01T10:54:54.000Z,0.0000825,0xf44072eda87ede9613b6ae1b812de8a60ade27a2,sell,0x9b11efcaaa1890f6ee52c6bb7cf8153ac5d74139,0x87cda5512ad85292dbd2b9180ed7f5c34e7b253ea24cd6006cd5cc2bb9e4432e
361,4220.54530956,0.3417375537158829,0xf44072eda87ede9613b6ae1b812de8a60ade27a2,2017-11-01T10:54:54.000Z,0.00008097000000019184,0x853a69a05e1f42436b51e0ebd9441725261b6608,buy,0x9b11efcaaa1890f6ee52c6bb7cf8153ac5d74139,0x87cda5512ad85292dbd2b9180ed7f5c34e7b253ea24cd6006cd5cc2bb9e4432e
362,63264.67703488,11.791270505761743,0x1144337bc3010c64195ac0dc10bc63e6ca0ed41c,2017-11-01T10:53:42.000Z,0.00018638000000001278,0x1144337bc3010c64195ac0dc10bc63e6ca0ed41c,buy,0x9b11efcaaa1890f6ee52c6bb7cf8153ac5d74139,0x36d5474e1f29b5a06c52144fa96df4c2e762078de07d89c1c59d81989a7f13b4
363,45769,8.53088391,0x1144337bc3010c64195ac0dc10bc63e6ca0ed41c,2017-11-01T10:23:48.000Z,0.00018639,0x1144337bc3010c64195ac0dc10bc63e6ca0ed41c,buy,0x9b11efcaaa1890f6ee52c6bb7cf8153ac5d74139,0xe77cda5a289fa3d371001c9348eb3cc765cace48b84479539282c410485393a2
364,45769,8.53088391,0x1144337bc3010c64195ac0dc10bc63e6ca0ed41c,2017-11-01T10:23:48.000Z,0.00018639,0x1144337bc3010c64195ac0dc10bc63e6ca0ed41c,buy,0x9b11efcaaa1890f6ee52c6bb7cf8153ac5d74139,0xa7c6849fc0db9aaf6bcc9461287867f586bc49a3574b623f8aead9b4657c90bf
365,1907.42,0.1621307,0xb89cba04266d1ef91c42cbe7d90ef60e79ca9ffc,2017-11-01T10:14:09.000Z,0.000085,0xa18f410cdeea7148dd2f51c217173637f5691243,buy,0x9b11efcaaa1890f6ee52c6bb7cf8153ac5d74139,0x28e8a829bef30c52edc03177170595765c8642a39caf48445238252dd06a5db6
366,45680,8.512468,0x1144337bc3010c64195ac0dc10bc63e6ca0ed41c,2017-11-01T09:58:48.000Z,0.00018635,0x1144337bc3010c64195ac0dc10bc63e6ca0ed41c,buy,0x9b11efcaaa1890f6ee52c6bb7cf8153ac5d74139,0x6b2321a7229bd3f9ec8a28859cfa4484e7876bcc1ad9b84b83491bcaec18ad55
367,500,0.0425,0xdab7546f3c041f6849c4d30660d14fa66b56ede8,2017-11-01T09:42:44.000Z,0.000085,0xa18f410cdeea7148dd2f51c217173637f5691243,buy,0x9b11efcaaa1890f6ee52c6bb7cf8153ac5d74139,0x689c01be94ad6664833a5be5a922e990433f5fb21fb6e1c4ec18cbe8c303a876
368,5503.551,1.0115526738,0x1144337bc3010c64195ac0dc10bc63e6ca0ed41c,2017-11-01T09:33:30.000Z,0.0001838,0x1144337bc3010c64195ac0dc10bc63e6ca0ed41c,buy,0x9b11efcaaa1890f6ee52c6bb7cf8153ac5d74139,0x2e334b7d9f1d52ee995466cab0fb529e2ca835acf7ab532e5fdd33bb5e1fbf8c
369,20133.502,3.7005376676,0x1144337bc3010c64195ac0dc10bc63e6ca0ed41c,2017-11-01T08:32:00.000Z,0.0001838,0x1144337bc3010c64195ac0dc10bc63e6ca0ed41c,buy,0x9b11efcaaa1890f6ee52c6bb7cf8153ac5d74139,0xeca3deae4ef2cd1d352440d913b8cea0afa4e572b7eaaddf346a82c9650ec8c5
370,64839.44871461,11.91749067374643,0x1144337bc3010c64195ac0dc10bc63e6ca0ed41c,2017-11-01T08:25:06.000Z,0.00018380000000001713,0x1144337bc3010c64195ac0dc10bc63e6ca0ed41c,buy,0x9b11efcaaa1890f6ee52c6bb7cf8153ac5d74139,0xc04db7ec5a09cc29b6fa049351e8350d853e35cb349eb3bc29b262c5605814bb
371,47398,8.7117524,0x1144337bc3010c64195ac0dc10bc63e6ca0ed41c,2017-11-01T08:04:05.000Z,0.0001838,0x1144337bc3010c64195ac0dc10bc63e6ca0ed41c,buy,0x9b11efcaaa1890f6ee52c6bb7cf8153ac5d74139,0x91d0d528a5435c4961e80cce5db466c9fbeb6893d81104eb7febcb5439ba321d
372,10554.131,1.9409046909,0x1144337bc3010c64195ac0dc10bc63e6ca0ed41c,2017-11-01T08:04:05.000Z,0.0001839,0x1144337bc3010c64195ac0dc10bc63e6ca0ed41c,buy,0x9b11efcaaa1890f6ee52c6bb7cf8153ac5d74139,0x4d49e37933892627f371ae414e4296ed016f98c6857bc084d0f16ad230ebc871
373,1899.15356522,0.3488745099325869,0x1144337bc3010c64195ac0dc10bc63e6ca0ed41c,2017-11-01T08:04:05.000Z,0.00018370000000088085,0x1144337bc3010c64195ac0dc10bc63e6ca0ed41c,buy,0x9b11efcaaa1890f6ee52c6bb7cf8153ac5d74139,0x62bd3241d405acda83d15667ae3e6712afcc523988bd2083aef3341a19387f10
374,65213.49763629,11.986240865550986,0x1144337bc3010c64195ac0dc10bc63e6ca0ed41c,2017-11-01T08:03:45.000Z,0.00018380000000001355,0x1144337bc3010c64195ac0dc10bc63e6ca0ed41c,buy,0x9b11efcaaa1890f6ee52c6bb7cf8153ac5d74139,0xd275441c94c6a17f6d169821302affa19060d6ae04dc4e288db618d760587a8f
375,300,0.0258,0x3e478261cfea81675c9a65f49933460cbba6ceba,2017-11-01T08:02:24.000Z,0.000086,0x5819a22f3148ee98d089855ba8603456f19e7aff,buy,0x9b11efcaaa1890f6ee52c6bb7cf8153ac5d74139,0x2c0d958adeaf337540653cc6745fdefcd8fdaca44f8298cb29ab07de3c53f7d6
376,0.00014521,0.000000012488749735,0x3e478261cfea81675c9a65f49933460cbba6ceba,2017-11-01T07:53:25.000Z,0.00008600474991391777,0x5819a22f3148ee98d089855ba8603456f19e7aff,buy,0x9b11efcaaa1890f6ee52c6bb7cf8153ac5d74139,0x54e7ecfbd53d5ad7828b5de0684dfc75dfe9597b9d53b4bcdd170c97f5c8dab6
377,98.69404844,0.0081422589963,0xf649fc4c6a21bb1a904419124e17f3b5607d2607,2017-11-01T07:30:46.000Z,0.0000825,0xb43b73d4bc9b8dbacdfd1a36d58b2df24b081c25,sell,0x9b11efcaaa1890f6ee52c6bb7cf8153ac5d74139,0x0d4d9bbf4e9e9a937787b6278ecce102c9a455df5d8d918f12e4a794ae14d019
378,11000,0.9405,0x13b180786e6e5eb6bed6923e0a21548eebaf8da3,2017-11-01T07:29:12.000Z,0.0000855,0x030d375f33267a6f3869918c30b117254201fcd0,buy,0x9b11efcaaa1890f6ee52c6bb7cf8153ac5d74139,0xfc0c9160ac98a2cb631aa726d32d2748266b25b05afd59981c5b23bc96985aba
379,65448.84643477,12.022953090067412,0x1144337bc3010c64195ac0dc10bc63e6ca0ed41c,2017-11-01T07:21:41.000Z,0.0001837000000000025,0x1144337bc3010c64195ac0dc10bc63e6ca0ed41c,buy,0x9b11efcaaa1890f6ee52c6bb7cf8153ac5d74139,0x34df7a968bc3ab8d647229560d4c821df37bb0010b6affea3a8a23f9ca3fc3f8
380,1373.93057925,0.25239104740863705,0x1144337bc3010c64195ac0dc10bc63e6ca0ed41c,2017-11-01T07:21:41.000Z,0.00018370000000029988,0x1144337bc3010c64195ac0dc10bc63e6ca0ed41c,buy,0x9b11efcaaa1890f6ee52c6bb7cf8153ac5d74139,0xec2caa3204629623b8c16a17204034f567153260dae0878104048f0dded60f91
381,62389,11.4296648,0x1144337bc3010c64195ac0dc10bc63e6ca0ed41c,2017-11-01T07:16:25.000Z,0.0001832,0x1144337bc3010c64195ac0dc10bc63e6ca0ed41c,buy,0x9b11efcaaa1890f6ee52c6bb7cf8153ac5d74139,0x297dc4559fef015f9f67100a926786f8c8a3cce8858d6dccce4f396cef88fc06
