,amount,amountBase,buyer,date,price,seller,side,tokenAddr,txHash
0,15.589163114287741,0.008842157729260893,0x57b47b694a8e964407aa9b29a69875d6b8fc22ce,2017-11-02T16:31:18.000Z,0.0005671989999999999,0x242daf62dc3abc87c36aea0b593d223f919e918f,sell,0x4dc3643dbc642b72c158e7f3d2ff232df61cb6ce,0x914d239ae05db9c61953346e11b15f70cdb2f36d63dbbab69f5fa7f22fcb992c
1,3394.9615576289175,1.8329397449638525,0xc9083837f5edc5b3354ebdadd5813bc9499b67a7,2017-11-02T16:30:05.000Z,0.0005399,0x7b6db723f329e201ed9e497918deff895a88db16,buy,0x4dc3643dbc642b72c158e7f3d2ff232df61cb6ce,0x4ed1c9d51dba97967ae0115129b3a6596049c3f69194a4cc882847c8f82e4564
2,30,0.016197,0x1d5321e125f6c7079a716705541c7b371ca79e69,2017-11-02T16:28:38.000Z,0.0005399,0x7b6db723f329e201ed9e497918deff895a88db16,buy,0x4dc3643dbc642b72c158e7f3d2ff232df61cb6ce,0x2b7d76c82c431926dad1228aecb27708d7af6db9644f9576c163df0b5cca8f8f
3,29.91026919242273,0.01696507477567298,0x57b47b694a8e964407aa9b29a69875d6b8fc22ce,2017-11-02T16:28:38.000Z,0.000567199,0x1d5321e125f6c7079a716705541c7b371ca79e69,sell,0x4dc3643dbc642b72c158e7f3d2ff232df61cb6ce,0x2b7d76c82c431926dad1228aecb27708d7af6db9644f9576c163df0b5cca8f8f
4,0.22095285114042046,0.000119292444330713,0xc9083837f5edc5b3354ebdadd5813bc9499b67a7,2017-11-02T16:28:35.000Z,0.0005399,0x7b6db723f329e201ed9e497918deff895a88db16,buy,0x4dc3643dbc642b72c158e7f3d2ff232df61cb6ce,0xb0cf04603dd94360e819b575840d70bbb248dc0de6f5d4a7d727129dcceda469
5,30,0.01701597,0x57b47b694a8e964407aa9b29a69875d6b8fc22ce,2017-11-02T16:25:47.000Z,0.000567199,0x242daf62dc3abc87c36aea0b593d223f919e918f,sell,0x4dc3643dbc642b72c158e7f3d2ff232df61cb6ce,0xa802119d359313478c345ef551e2fc52a61a2314eb0d95aa849513f92eabaad0
6,38.11397623802258,0.020577735770908392,0x242daf62dc3abc87c36aea0b593d223f919e918f,2017-11-02T16:25:22.000Z,0.0005399,0x7b6db723f329e201ed9e497918deff895a88db16,buy,0x4dc3643dbc642b72c158e7f3d2ff232df61cb6ce,0xbfa0e5012a885f810de24aa4de8d5680ae488c92567f46a78b5adc0d219351d3
7,30,0.01701597,0x57b47b694a8e964407aa9b29a69875d6b8fc22ce,2017-11-02T16:25:02.000Z,0.000567199,0x242daf62dc3abc87c36aea0b593d223f919e918f,sell,0x4dc3643dbc642b72c158e7f3d2ff232df61cb6ce,0xac2b36b226987631737e4f09f03d2683b6ebbb22cbc5eb4c734d4d63925f5e53
8,37.70351328191945,0.020356126820908312,0x242daf62dc3abc87c36aea0b593d223f919e918f,2017-11-02T16:24:31.000Z,0.0005399,0x7b6db723f329e201ed9e497918deff895a88db16,buy,0x4dc3643dbc642b72c158e7f3d2ff232df61cb6ce,0x231ae6a9699c4de3dd6d098bda53b8eb154f5b6bd0b602f046889fb11571d965
9,458.5784069384907,0.23121477419998007,0x57b47b694a8e964407aa9b29a69875d6b8fc22ce,2017-11-02T16:15:27.000Z,0.000504199,0xddb46c7067e700e5bc86a28c30a3a4b7e49348f4,sell,0x4dc3643dbc642b72c158e7f3d2ff232df61cb6ce,0x4a4a10c7eb8301c11498ae6508a2ccbbcc7c9f6df1718bd2f48d30311fae35dc
10,899,0.4853701,0x57b47b694a8e964407aa9b29a69875d6b8fc22ce,2017-11-02T16:12:55.000Z,0.0005399,0x7b6db723f329e201ed9e497918deff895a88db16,buy,0x4dc3643dbc642b72c158e7f3d2ff232df61cb6ce,0x0398ec51f8527d321b3f32190b7edc9480eca4efcc5c856f20af4d1aadefdb6d
11,302.73576519911813,0.16952900115385416,0xc4c0e42947aee65cd28abcd9255d673b5cb3523f,2017-11-02T15:44:57.000Z,0.00055999,0x6f72d9d38c670ba5176542e12e8699c4bef2a722,buy,0x4dc3643dbc642b72c158e7f3d2ff232df61cb6ce,0x0e8d4f1670068cbab806dcb4a6396debcc216492f0f7723982cde415b1d6aaf7
12,0.01,0.0000055999,0xdcce32ecd82fb651983b10ba53bf3141a330c953,2017-11-02T15:28:19.000Z,0.00055999,0x6f72d9d38c670ba5176542e12e8699c4bef2a722,buy,0x4dc3643dbc642b72c158e7f3d2ff232df61cb6ce,0x70589ceebf56e86aa6d8a1df750db24ecb70fe4ab2c6e893b1c34d8ab9cd6a6e
13,736.8242864975863,0.5003036905318611,0xcb1ab94d76842a8c63ba853fe87665454f4f49b1,2017-11-02T15:12:54.000Z,0.000679,0x422d7c1f2f04e7582163d1381a436516f4de3c2a,sell,0x4dc3643dbc642b72c158e7f3d2ff232df61cb6ce,0xbcd3d645e64f1e86d62f6bf26a31f65a08c8b07fd007320ea7b52fe4c02a8cf1
14,739.7715836435764,0.4142646891245664,0x422d7c1f2f04e7582163d1381a436516f4de3c2a,2017-11-02T15:12:54.000Z,0.00055999,0x6f72d9d38c670ba5176542e12e8699c4bef2a722,buy,0x4dc3643dbc642b72c158e7f3d2ff232df61cb6ce,0xbcd3d645e64f1e86d62f6bf26a31f65a08c8b07fd007320ea7b52fe4c02a8cf1
15,250,0.14,0xe934671fff524356f2dafbc370db2ed157be2501,2017-11-02T15:08:24.000Z,0.00056,0x6f72d9d38c670ba5176542e12e8699c4bef2a722,sell,0x4dc3643dbc642b72c158e7f3d2ff232df61cb6ce,0xa4925a7fc78651c57b421da76f78c7c1f06b2310c2ea7a42f32ab78c9459574e
16,284.18406254658896,0.15914307502608982,0xc9d56287b414e1aa0963016aa721b527f095fd9c,2017-11-02T14:55:47.000Z,0.00056,0x7b6db723f329e201ed9e497918deff895a88db16,buy,0x4dc3643dbc642b72c158e7f3d2ff232df61cb6ce,0x13fe7f5192babfa4a05b7e4cc6196221deffda0fcf2746bf5faa0a129d78195a
17,283.3340603654925,0.1700004362192955,0x9df668b00d9a4f875c2e38c15c67913bebdb242e,2017-11-02T14:55:47.000Z,0.0006,0xc9d56287b414e1aa0963016aa721b527f095fd9c,sell,0x4dc3643dbc642b72c158e7f3d2ff232df61cb6ce,0x13fe7f5192babfa4a05b7e4cc6196221deffda0fcf2746bf5faa0a129d78195a
18,11766.552196078432,5.883276098039215,0x940805ce79b67bc357e5ff14bb81bdb8b81a537d,2017-11-02T14:42:13.000Z,0.0005,0xd3388e1ed707443442afa9bb133d9dffacd9b467,buy,0x4dc3643dbc642b72c158e7f3d2ff232df61cb6ce,0x30ddc39cb7447d7c9e4636b4563ecc80b424b1b72559456f05a2488da65d9a8a
19,8000,4,0x940805ce79b67bc357e5ff14bb81bdb8b81a537d,2017-11-02T14:40:58.000Z,0.0005,0xd3388e1ed707443442afa9bb133d9dffacd9b467,buy,0x4dc3643dbc642b72c158e7f3d2ff232df61cb6ce,0xf9d611781ef5a6f4e87a490ce2bc5181d64fa59a3e98c53fe9a759e372494a79
20,1590,0.795,0x602f59437a73f31a87b28e393532c62cbb4715e4,2017-11-02T14:40:52.000Z,0.0005,0xd3388e1ed707443442afa9bb133d9dffacd9b467,buy,0x4dc3643dbc642b72c158e7f3d2ff232df61cb6ce,0xd84168dd937ad56cb26bc7e4759c442112fd6b1c3e44753b808aba2fd64d8a46
21,30,0.01561581,0x6f72d9d38c670ba5176542e12e8699c4bef2a722,2017-11-02T14:39:21.000Z,0.000520527,0x7b6db723f329e201ed9e497918deff895a88db16,sell,0x4dc3643dbc642b72c158e7f3d2ff232df61cb6ce,0x5b15cc62228a035b28f6f686df47c74cf19cc367234f87176d0c2f66c7bca079
22,6973.4990763729775,3.4937230372628614,0x7f427765bb3d5a97ff1cea9ac99c0879497a6163,2017-11-02T14:39:21.000Z,0.000501,0xb9ce6b59d898595cad9160b765968815554f4c79,sell,0x4dc3643dbc642b72c158e7f3d2ff232df61cb6ce,0xb03564e740e9123e6e0f7b8506ae8c636bea9d8a2d8243d059a2abbea9c55926
23,90,0.04684725,0x9e41fd0e10b26611b8368a3875a16f4aa7f12693,2017-11-02T14:38:12.000Z,0.000520525,0x7b6db723f329e201ed9e497918deff895a88db16,sell,0x4dc3643dbc642b72c158e7f3d2ff232df61cb6ce,0xfe869e25e88832013a31bff2ad27534df757b28d9d51d83c8ddce083ae4172d7
24,70000,35,0x6bedacc2356fb151bb616f2bb5303ba2c2b78328,2017-11-02T14:37:52.000Z,0.0005,0xd3388e1ed707443442afa9bb133d9dffacd9b467,buy,0x4dc3643dbc642b72c158e7f3d2ff232df61cb6ce,0x4b8c382586189be31874b065457279d296a916e23fe7880c36008211784c4363
25,2000,1.006,0x60143b6b44b8a04723fa4848f5b68310044fb176,2017-11-02T14:37:12.000Z,0.000503,0xb9ce6b59d898595cad9160b765968815554f4c79,sell,0x4dc3643dbc642b72c158e7f3d2ff232df61cb6ce,0xffbf708bb8d7c8260000d88daf46dde2da85377712c55dd2e65224251e89c8d2
26,120,0.06246336,0x6bedacc2356fb151bb616f2bb5303ba2c2b78328,2017-11-02T14:37:12.000Z,0.000520528,0x7b6db723f329e201ed9e497918deff895a88db16,sell,0x4dc3643dbc642b72c158e7f3d2ff232df61cb6ce,0x4e8461d6c2d182acb159495fc20a81e6d77076fcf0c4a776e8e651d15eac62af
27,5000,2.5050024999999994,0x221bcdbad28f8d978bd91e62f6eef3e23526943f,2017-11-02T14:37:12.000Z,0.0005010004999999999,0xb9ce6b59d898595cad9160b765968815554f4c79,sell,0x4dc3643dbc642b72c158e7f3d2ff232df61cb6ce,0x25a3f98fbb023684de2bc9469d9169ac9c2cf29d354f073d0be56506f0a2cf55
28,10000,5,0x7b6db723f329e201ed9e497918deff895a88db16,2017-11-02T14:36:18.000Z,0.0005,0xd3388e1ed707443442afa9bb133d9dffacd9b467,buy,0x4dc3643dbc642b72c158e7f3d2ff232df61cb6ce,0x8b6f20804d90ec4c63462012b5058c1c908e20a7feef5700e34330e9953a9207
29,5000,2.5,0x3c0ae39120c0535e11e4ee7b6849264e9a65406f,2017-11-02T14:33:59.000Z,0.0005,0xd3388e1ed707443442afa9bb133d9dffacd9b467,buy,0x4dc3643dbc642b72c158e7f3d2ff232df61cb6ce,0xe5062644339fce14064cb74ab27f6a9f95e4d2e0b72ce39e8a14b8015d8014ee
30,29.91,0.01696492209,0x57b47b694a8e964407aa9b29a69875d6b8fc22ce,2017-11-02T14:32:38.000Z,0.000567199,0x273a5d3e6721b9f5c1a6474f560c1334c63dda01,sell,0x4dc3643dbc642b72c158e7f3d2ff232df61cb6ce,0xfd6392585429dd52f10a64517f33d8de3d82dfb9c749abe40155a1a2a658d515
31,30,0.015,0x273a5d3e6721b9f5c1a6474f560c1334c63dda01,2017-11-02T14:32:38.000Z,0.0005,0xd3388e1ed707443442afa9bb133d9dffacd9b467,buy,0x4dc3643dbc642b72c158e7f3d2ff232df61cb6ce,0xfd6392585429dd52f10a64517f33d8de3d82dfb9c749abe40155a1a2a658d515
32,1764.69,0.90175659,0x389d4624409a56434c5a825bfd534e48b304c021,2017-11-02T14:32:34.000Z,0.000511,0x273a5d3e6721b9f5c1a6474f560c1334c63dda01,sell,0x4dc3643dbc642b72c158e7f3d2ff232df61cb6ce,0x8b8e8a279fbd07ea1af2ef37b039506cb86aaed70b5bcaaed0652ef291e2d00a
33,1770,0.885,0x273a5d3e6721b9f5c1a6474f560c1334c63dda01,2017-11-02T14:32:34.000Z,0.0005,0xd3388e1ed707443442afa9bb133d9dffacd9b467,buy,0x4dc3643dbc642b72c158e7f3d2ff232df61cb6ce,0x8b8e8a279fbd07ea1af2ef37b039506cb86aaed70b5bcaaed0652ef291e2d00a
34,299.1,0.1648041,0x9c0355bf04baf8d2268e13dcc94fade7c037bfac,2017-11-02T14:32:21.000Z,0.000551,0x273a5d3e6721b9f5c1a6474f560c1334c63dda01,sell,0x4dc3643dbc642b72c158e7f3d2ff232df61cb6ce,0xd87b10f051089d4d51653e5c6b7fa41b3dd4dc725f26740fa9f0e6a46b8ab105
35,300,0.15,0x273a5d3e6721b9f5c1a6474f560c1334c63dda01,2017-11-02T14:32:21.000Z,0.0005,0xd3388e1ed707443442afa9bb133d9dffacd9b467,buy,0x4dc3643dbc642b72c158e7f3d2ff232df61cb6ce,0xd87b10f051089d4d51653e5c6b7fa41b3dd4dc725f26740fa9f0e6a46b8ab105
36,4339.509803921569,2.1697549019607845,0x273a5d3e6721b9f5c1a6474f560c1334c63dda01,2017-11-02T14:32:21.000Z,0.0005,0xd3388e1ed707443442afa9bb133d9dffacd9b467,buy,0x4dc3643dbc642b72c158e7f3d2ff232df61cb6ce,0x153be60ce7146361c560e3317935ae8762415a748d7161354a3445b73d2d3f42
37,4985,2.547335,0x583b640795999aa2bb22c1a62a91336ff9d325bb,2017-11-02T14:32:21.000Z,0.000511,0x273a5d3e6721b9f5c1a6474f560c1334c63dda01,sell,0x4dc3643dbc642b72c158e7f3d2ff232df61cb6ce,0x975822eb573ee6106b101016bae49bac58ee558a54bf6c499eca60f157561b50
38,5000,2.5,0x273a5d3e6721b9f5c1a6474f560c1334c63dda01,2017-11-02T14:32:21.000Z,0.0005,0xd3388e1ed707443442afa9bb133d9dffacd9b467,buy,0x4dc3643dbc642b72c158e7f3d2ff232df61cb6ce,0x975822eb573ee6106b101016bae49bac58ee558a54bf6c499eca60f157561b50
39,1200.326186,0.64928044053112,0xb93d6f5431af7bc7243cfe81b6b658255b9babff,2017-11-02T14:32:21.000Z,0.00054092,0x273a5d3e6721b9f5c1a6474f560c1334c63dda01,sell,0x4dc3643dbc642b72c158e7f3d2ff232df61cb6ce,0x0541b8fbff410ce157eb70b143de95feb0d49448f427f9cbdd10b49817fde34f
40,4326.491274509804,2.20651055,0x059c365553c77a810dfc5ea36c3cd62b8cb952f8,2017-11-02T14:32:21.000Z,0.00051,0x273a5d3e6721b9f5c1a6474f560c1334c63dda01,sell,0x4dc3643dbc642b72c158e7f3d2ff232df61cb6ce,0x153be60ce7146361c560e3317935ae8762415a748d7161354a3445b73d2d3f42
41,1203.938,0.601969,0x273a5d3e6721b9f5c1a6474f560c1334c63dda01,2017-11-02T14:32:21.000Z,0.0005,0xd3388e1ed707443442afa9bb133d9dffacd9b467,buy,0x4dc3643dbc642b72c158e7f3d2ff232df61cb6ce,0x0541b8fbff410ce157eb70b143de95feb0d49448f427f9cbdd10b49817fde34f
42,10000,5,0x273a5d3e6721b9f5c1a6474f560c1334c63dda01,2017-11-02T14:32:04.000Z,0.0005,0xd3388e1ed707443442afa9bb133d9dffacd9b467,buy,0x4dc3643dbc642b72c158e7f3d2ff232df61cb6ce,0x4fb64983d442d5ae59e02047d946895f7bfde6333f056447a9176594354613cf
43,1000,0.5,0x273a5d3e6721b9f5c1a6474f560c1334c63dda01,2017-11-02T14:32:04.000Z,0.0005,0xd3388e1ed707443442afa9bb133d9dffacd9b467,buy,0x4dc3643dbc642b72c158e7f3d2ff232df61cb6ce,0xac9c2d5f2700c44a0bdbcc5ce9384ff307a400db43657aa3f21f99dc53291cbf
44,30000,15,0x273a5d3e6721b9f5c1a6474f560c1334c63dda01,2017-11-02T14:32:04.000Z,0.0005,0xd3388e1ed707443442afa9bb133d9dffacd9b467,buy,0x4dc3643dbc642b72c158e7f3d2ff232df61cb6ce,0x4e653b8628a35c203455eeaaed5bb71a766a998ac2abf0d110d1ce2e096692f2
45,39880,20.75865664,0x6bedacc2356fb151bb616f2bb5303ba2c2b78328,2017-11-02T14:32:04.000Z,0.000520528,0x273a5d3e6721b9f5c1a6474f560c1334c63dda01,sell,0x4dc3643dbc642b72c158e7f3d2ff232df61cb6ce,0x5a8804c480dbbd6f48977b62e088d570ec2242cca98a513bcb9247db0a4e9dfb
46,997,0.565299,0x25396175bfcdfca064181d214487e222b2587d82,2017-11-02T14:32:04.000Z,0.000567,0x273a5d3e6721b9f5c1a6474f560c1334c63dda01,sell,0x4dc3643dbc642b72c158e7f3d2ff232df61cb6ce,0xac9c2d5f2700c44a0bdbcc5ce9384ff307a400db43657aa3f21f99dc53291cbf
47,9970,5.18965419,0x6f72d9d38c670ba5176542e12e8699c4bef2a722,2017-11-02T14:32:04.000Z,0.000520527,0x273a5d3e6721b9f5c1a6474f560c1334c63dda01,sell,0x4dc3643dbc642b72c158e7f3d2ff232df61cb6ce,0x4fb64983d442d5ae59e02047d946895f7bfde6333f056447a9176594354613cf
48,29910,15.56890275,0x9e41fd0e10b26611b8368a3875a16f4aa7f12693,2017-11-02T14:32:04.000Z,0.000520525,0x273a5d3e6721b9f5c1a6474f560c1334c63dda01,sell,0x4dc3643dbc642b72c158e7f3d2ff232df61cb6ce,0x4e653b8628a35c203455eeaaed5bb71a766a998ac2abf0d110d1ce2e096692f2
49,40000,20,0x273a5d3e6721b9f5c1a6474f560c1334c63dda01,2017-11-02T14:32:04.000Z,0.0005,0xd3388e1ed707443442afa9bb133d9dffacd9b467,buy,0x4dc3643dbc642b72c158e7f3d2ff232df61cb6ce,0x5a8804c480dbbd6f48977b62e088d570ec2242cca98a513bcb9247db0a4e9dfb
50,0.000002050757660317,0.000000001291977326,0xb370a3c5ebcdf4cd3085ad3c793f9855c80fdc01,2017-11-02T14:19:20.000Z,0.0006300000000001414,0xb9ce6b59d898595cad9160b765968815554f4c79,buy,0x4dc3643dbc642b72c158e7f3d2ff232df61cb6ce,0x5527a9579b2eec01da0ca480c164695a4c182a9e6a53ef028bb5854d75dbdb0b
51,0.020571150069703174,0.000012959824543913,0xb370a3c5ebcdf4cd3085ad3c793f9855c80fdc01,2017-11-02T14:17:55.000Z,0.00063,0xb9ce6b59d898595cad9160b765968815554f4c79,buy,0x4dc3643dbc642b72c158e7f3d2ff232df61cb6ce,0x8234f6645dafedc0c6b516d699f698af52d496743d87a225f8505e4506ad3c62
52,468,0.2808,0xb9af9e3af2347b952e5c12950c2eeda719c4db34,2017-11-02T14:14:52.000Z,0.0006,0xb9ce6b59d898595cad9160b765968815554f4c79,sell,0x4dc3643dbc642b72c158e7f3d2ff232df61cb6ce,0x6e9c5f119e8d9a54b1f3bd209434e5a8ecdab7c7122e29fd2a4fb559bd9ecd99
53,12.95380620029216,0.00798084,0xe561ef3428020ee0a915e6ed43ae8c3bfd2dd16f,2017-11-02T14:14:32.000Z,0.0006161,0xb9ce6b59d898595cad9160b765968815554f4c79,sell,0x4dc3643dbc642b72c158e7f3d2ff232df61cb6ce,0x50c929afa20223eabb058059fb4c884bc866c8874cd4001c18287df2af050fdc
54,690,0.4140621,0xef45218aff36e720b713d88f421eea2e052aa8ed,2017-11-02T13:59:48.000Z,0.00060009,0xb9ce6b59d898595cad9160b765968815554f4c79,sell,0x4dc3643dbc642b72c158e7f3d2ff232df61cb6ce,0x1875b08350c29ff608171865c26fde564cf94fa630807a529466fb1d1b03a0d2
55,1000,0.601,0x60143b6b44b8a04723fa4848f5b68310044fb176,2017-11-02T13:57:20.000Z,0.000601,0xb9ce6b59d898595cad9160b765968815554f4c79,sell,0x4dc3643dbc642b72c158e7f3d2ff232df61cb6ce,0xed4cf1105bd6d85fe660d15363afdbfb013e3cec83a68c54103df5b894ad71af
56,1000,0.604,0x9cfb17468f8d6004cd41893c4c68a71e95117bfb,2017-11-02T13:57:04.000Z,0.000604,0xb9ce6b59d898595cad9160b765968815554f4c79,sell,0x4dc3643dbc642b72c158e7f3d2ff232df61cb6ce,0xb7141b122a886ea0f9e981c9e96d225fabd3678908ecb7febe29cae94478e258
57,100,0.061001,0x91bf3a2f3e98e51925711a15d578bb107513da4c,2017-11-02T13:56:09.000Z,0.00061001,0xb9ce6b59d898595cad9160b765968815554f4c79,sell,0x4dc3643dbc642b72c158e7f3d2ff232df61cb6ce,0x429c3d322b53e748462577de87986017477bbb1249f8282d25a7491f94023128
58,2340.999,1.404835840899,0xeaa3c4a5914630143536f0593ecfa1035a7ba3e6,2017-11-02T13:55:19.000Z,0.000600101,0xb9ce6b59d898595cad9160b765968815554f4c79,sell,0x4dc3643dbc642b72c158e7f3d2ff232df61cb6ce,0xe05fda971d159ceaeb362d08bd613573ab4c786cb541560eb0b25b1dda0c9ff7
59,59999,36.005459899,0xeaa3c4a5914630143536f0593ecfa1035a7ba3e6,2017-11-02T13:54:51.000Z,0.000600101,0xb9ce6b59d898595cad9160b765968815554f4c79,sell,0x4dc3643dbc642b72c158e7f3d2ff232df61cb6ce,0xc972074e7e804de47df1e4e8ffb2da4fa70d69ad3a0750d6054ea84c54ddde13
60,10000,6.1,0x940805ce79b67bc357e5ff14bb81bdb8b81a537d,2017-11-02T13:54:01.000Z,0.00061,0xb9ce6b59d898595cad9160b765968815554f4c79,sell,0x4dc3643dbc642b72c158e7f3d2ff232df61cb6ce,0x776c6e2321b69f5751fcff3926dd900b51c10a697539769665bfd98cd757c5db
61,4300,2.6617,0x1682c668cd2f2306fa83af7a857b55935af1f253,2017-11-02T13:53:29.000Z,0.000619,0xb9ce6b59d898595cad9160b765968815554f4c79,sell,0x4dc3643dbc642b72c158e7f3d2ff232df61cb6ce,0x9b6c9f0de00217a619a9f7e3decc70df881abad2d646d3a7dcee917a49c3bf37
62,1100,0.67771,0xe561ef3428020ee0a915e6ed43ae8c3bfd2dd16f,2017-11-02T13:53:19.000Z,0.0006161,0xb9ce6b59d898595cad9160b765968815554f4c79,sell,0x4dc3643dbc642b72c158e7f3d2ff232df61cb6ce,0xcd7dfe0eab370609459a9d2c8dde11fd5cd377505564854705de68014cd154df
63,10000,6.16001499999999,0x221bcdbad28f8d978bd91e62f6eef3e23526943f,2017-11-02T13:52:03.000Z,0.000616001499999999,0xb9ce6b59d898595cad9160b765968815554f4c79,sell,0x4dc3643dbc642b72c158e7f3d2ff232df61cb6ce,0x5c5fdaf8df7b90832a62042aca93eaf3affbaaf23fe5e6ed82e6c0fe7e88254b
64,342.7875206612642,0.211499900248,0xb4da07ef8d6b38eece6306392247c60269884bb9,2017-11-02T13:52:03.000Z,0.000617,0xb9ce6b59d898595cad9160b765968815554f4c79,sell,0x4dc3643dbc642b72c158e7f3d2ff232df61cb6ce,0x8b121e269866198d33dba0a883f02f48eb548916ac629e7d01a68010f97fcfdd
65,1611,0.993987,0xb370a3c5ebcdf4cd3085ad3c793f9855c80fdc01,2017-11-02T13:52:03.000Z,0.000617,0xb9ce6b59d898595cad9160b765968815554f4c79,sell,0x4dc3643dbc642b72c158e7f3d2ff232df61cb6ce,0x2c31da99f6ff804e9a3029ce3e037ddae4909979306e606527a82fb04825ab91
66,6470,3.99846,0xabfe744984c759d9b711f9bae32d323b37eec27a,2017-11-02T13:52:03.000Z,0.000618,0xb9ce6b59d898595cad9160b765968815554f4c79,sell,0x4dc3643dbc642b72c158e7f3d2ff232df61cb6ce,0xa7c52593ddd40d89506c9e812a325dc4e3dd62a4864a6e04492f955d83718cd9
67,17938.937523895827,11.050403453657353,0x1b7eb36f0c8ef3d2dbc0217e68c4c27b723b3c9d,2017-11-02T13:52:03.000Z,0.000616001,0xb9ce6b59d898595cad9160b765968815554f4c79,sell,0x4dc3643dbc642b72c158e7f3d2ff232df61cb6ce,0x65f74fbc6acddd4bc94a7a8800c26ce0ff8002200ed55376ec552c93e14cc49e
68,2,0.00127,0x4881b729088784441e9e71b080399cea693c8f63,2017-11-02T13:51:47.000Z,0.000635,0xb9ce6b59d898595cad9160b765968815554f4c79,sell,0x4dc3643dbc642b72c158e7f3d2ff232df61cb6ce,0x1ad345842a7d1e1b0d164e6c838ed6eb35031dc67b82ea82cceb9b38c9214cbf
69,400,0.254,0x694311dc3d706062dda60fd8db933a2400423826,2017-11-02T12:44:08.000Z,0.000635,0x7ade197aa07d93eec674b96eb7ad7ea156afea37,sell,0x4dc3643dbc642b72c158e7f3d2ff232df61cb6ce,0x2aad7be867dc15b42059a63855504e883f83d550d3e60bad9c94d73f5de2f2de
70,87.4,0.055499,0xcae54ecb2852b47a6fa0ca8e64cb5159f1f4063e,2017-11-02T12:44:08.000Z,0.000635,0x7ade197aa07d93eec674b96eb7ad7ea156afea37,sell,0x4dc3643dbc642b72c158e7f3d2ff232df61cb6ce,0x9750afe3f2f58b3c4af10dd93fb7b352c8d89fa391956b138446b235e17c88bd
71,8000,4.992,0xf32d6508593d68e1746946074dd388d75a116aa7,2017-11-02T12:44:08.000Z,0.000624,0x7ade197aa07d93eec674b96eb7ad7ea156afea37,sell,0x4dc3643dbc642b72c158e7f3d2ff232df61cb6ce,0x8aedef6c650c990b6a28c974198a8215ff98952453f101f15051f48417cbab72
72,200,0.1250002,0xb4da07ef8d6b38eece6306392247c60269884bb9,2017-11-02T12:44:08.000Z,0.000625001,0x7ade197aa07d93eec674b96eb7ad7ea156afea37,sell,0x4dc3643dbc642b72c158e7f3d2ff232df61cb6ce,0xd7c049cd0fbeca2c31e4fee5a51e919fd8ea3fce809940b562900c50a9d7fd96
73,800,0.508,0xcf63dd56ec81b89dbd8b9817c20f867428fc8506,2017-11-02T12:43:39.000Z,0.000635,0x7ade197aa07d93eec674b96eb7ad7ea156afea37,sell,0x4dc3643dbc642b72c158e7f3d2ff232df61cb6ce,0xe94dd75cb7f1138e4eb3c06458179f550d29e3f4b2e7ffbb96cff12b1eafb0ef
74,5000,3.125,0x67b12ec22e7898bc4eedf5290741df88e508f171,2017-11-02T11:52:31.000Z,0.000625,0x350fb677631245226b45e6192a02581ed44db1e3,sell,0x4dc3643dbc642b72c158e7f3d2ff232df61cb6ce,0xe06cc03faeb75a80d4a9ec407fa76cafb1f86095311b3e3bf537ca291165e014
75,3000,1.87734,0x4881b729088784441e9e71b080399cea693c8f63,2017-11-02T11:52:14.000Z,0.00062578,0x350fb677631245226b45e6192a02581ed44db1e3,sell,0x4dc3643dbc642b72c158e7f3d2ff232df61cb6ce,0x0b3649258a1d1906d1c46493d89c4a2ac3242787abae49a744563a884c833f27
76,2811.291779737305,1.7679876647754345,0xe677e2d5b13f03642f45df4e84720bd6a2a63073,2017-11-02T11:51:46.000Z,0.000628888,0x350fb677631245226b45e6192a02581ed44db1e3,sell,0x4dc3643dbc642b72c158e7f3d2ff232df61cb6ce,0x8672c2bc7e1fc8b71002f596fda4050bd65f7f140c0a5da107a8c34589f7fde9
77,406.1963323632622,0.25545199906726723,0xe677e2d5b13f03642f45df4e84720bd6a2a63073,2017-11-02T11:43:59.000Z,0.000628888,0x92251c8da374624fe5b30c6c46981ab6c2762be8,sell,0x4dc3643dbc642b72c158e7f3d2ff232df61cb6ce,0xacd5fbc34e41e62ab94d90db0a50900cd5b65521ab7bebf9b05f6e31c2becc71
78,897.21862227096,0.5698235470042867,0x583b640795999aa2bb22c1a62a91336ff9d325bb,2017-11-02T11:32:16.000Z,0.0006351,0x0ccecf5195c26f5452ee88ab20607530bafed1cb,sell,0x4dc3643dbc642b72c158e7f3d2ff232df61cb6ce,0x4a9042567ae0a1514cfb7fa8d16b20bd8fd96a1b642371f5a7a28b382ab5b980
79,0.05933157406437412,0.000037681482688284,0x583b640795999aa2bb22c1a62a91336ff9d325bb,2017-11-02T11:27:33.000Z,0.0006350999999999999,0x274465095cc25508a23025be1ecc080c2749590e,sell,0x4dc3643dbc642b72c158e7f3d2ff232df61cb6ce,0x1985346a879341b52efcd55908ccbcc728f2c8d6141f17e640fc2a4c3520c214
80,595.1550194397369,0.37798295284617683,0x583b640795999aa2bb22c1a62a91336ff9d325bb,2017-11-02T11:24:16.000Z,0.0006351,0x274465095cc25508a23025be1ecc080c2749590e,sell,0x4dc3643dbc642b72c158e7f3d2ff232df61cb6ce,0x9de5f6eff985a84c661735fd142f0d453904f33dcaf5c5064c0a95a19625bca5
81,2876.4289662932897,1.9240404591246152,0x07d7fbddcb2c04bc04b3f5cc882413d5a1f9a6cf,2017-11-02T11:20:27.000Z,0.000668899,0x6f72d9d38c670ba5176542e12e8699c4bef2a722,buy,0x4dc3643dbc642b72c158e7f3d2ff232df61cb6ce,0x58b01487b95543d1f51cce408e0a2967696a4a2880ef736a72a8bf3c7434a091
82,766.4834642203591,0.48679364812635006,0x583b640795999aa2bb22c1a62a91336ff9d325bb,2017-11-02T11:20:27.000Z,0.0006351,0x656c42de1032536a62679e45ec396f68e2b84362,sell,0x4dc3643dbc642b72c158e7f3d2ff232df61cb6ce,0xf31f518ed1dd1d5bd2145cf722523957e697d96ee434409580855ef0e4f055e5
83,500,0.31815,0xe9b2082778aebada738bd54a866c7ddd5bdbd487,2017-11-02T11:18:42.000Z,0.0006363,0x656c42de1032536a62679e45ec396f68e2b84362,sell,0x4dc3643dbc642b72c158e7f3d2ff232df61cb6ce,0x2fc94119fd8c92012aa5c2d8326417f233a2a70ac2843c582ed7ccfe1fbc6707
84,3000,1.9332,0xe1e1d0d73eeb29d0632bc4c7871bfc74dbed0741,2017-11-02T11:17:29.000Z,0.0006444,0xb9ce6b59d898595cad9160b765968815554f4c79,sell,0x4dc3643dbc642b72c158e7f3d2ff232df61cb6ce,0x166b24950e76f517166efc68554523d9f26669580695abb71623d947d5a82512
85,1541,0.9930204,0xd1ea3bf69911eadb47e469ebfb40670bd0e5868b,2017-11-02T11:17:29.000Z,0.0006444,0xb9ce6b59d898595cad9160b765968815554f4c79,sell,0x4dc3643dbc642b72c158e7f3d2ff232df61cb6ce,0x7f2baa6f3da3ccdcbc352b38323cdac2a5ddb6cc5ce395ed182bcd74037e308c
86,3120,1.9968,0xcd6e96e460f52348d5f8be5456221c9c82b5a6b5,2017-11-02T11:17:29.000Z,0.00064,0xb9ce6b59d898595cad9160b765968815554f4c79,sell,0x4dc3643dbc642b72c158e7f3d2ff232df61cb6ce,0xe4dd6aa2b5e957336fba47544e26d3fc940d1cd2fbf4f0b5565c78e6889f4a04
87,2193.1839715615483,1.4133842513690105,0x9e41fd0e10b26611b8368a3875a16f4aa7f12693,2017-11-02T11:16:18.000Z,0.000644444,0x656c42de1032536a62679e45ec396f68e2b84362,sell,0x4dc3643dbc642b72c158e7f3d2ff232df61cb6ce,0xc5715f0d3d4407e9d9ba2867b294df7a5d37e01010281408a3c9b6dc51a5f69e
88,62.93569919403695,0.04090820447612402,0xb1af5d1bcdc6d84bf5567d67f8a47590983cd7a2,2017-11-02T11:16:15.000Z,0.00065,0x656c42de1032536a62679e45ec396f68e2b84362,sell,0x4dc3643dbc642b72c158e7f3d2ff232df61cb6ce,0x5a03b7ef56c6f90ef7e4f454a0ac9a49f69208c19c92c49b355de53b25864f32
89,134.39961885180335,0.08735975225367218,0xa894da2ff877de63ee28b9a30a71419be985232e,2017-11-02T11:16:15.000Z,0.00065,0x656c42de1032536a62679e45ec396f68e2b84362,sell,0x4dc3643dbc642b72c158e7f3d2ff232df61cb6ce,0x1590aeae9d1714758eb371dbb65c196d3008404ef1ce08719c16aea02d17ff2d
90,44.34253813179145,0.0292167662645798,0xe677e2d5b13f03642f45df4e84720bd6a2a63073,2017-11-02T11:16:04.000Z,0.0006588879999999999,0x656c42de1032536a62679e45ec396f68e2b84362,sell,0x4dc3643dbc642b72c158e7f3d2ff232df61cb6ce,0xb5ed95d0e5be14741428c19f9a365de8f00e0548c3b9e485256252c7cc6df0fd
91,74.50744247392127,0.04984547901505333,0x07d7fbddcb2c04bc04b3f5cc882413d5a1f9a6cf,2017-11-02T11:10:26.000Z,0.000669,0x7f427765bb3d5a97ff1cea9ac99c0879497a6163,buy,0x4dc3643dbc642b72c158e7f3d2ff232df61cb6ce,0x35b85e4b6fbeac6f38dee25bfd614166b824f963999fed796ee44fc62602f08a
92,67,0.044823,0x748b9f5dcced2f9e8932095d178a12760a2536c1,2017-11-02T11:08:15.000Z,0.000669,0xb9ce6b59d898595cad9160b765968815554f4c79,sell,0x4dc3643dbc642b72c158e7f3d2ff232df61cb6ce,0xa741e65ede1a26ecb16a5b9917bb2ad2a0638e8c0016e41df6705eac34dec0fa
93,1067.5610284384516,0.6879832994109895,0x9e41fd0e10b26611b8368a3875a16f4aa7f12693,2017-11-02T10:33:38.000Z,0.000644444,0x84d7a3202156e57b98cf4685c5cda2a27bba1097,sell,0x4dc3643dbc642b72c158e7f3d2ff232df61cb6ce,0x2f91706d9b197cd2dea2c2930532168bfdd83626586c3fc0d9e492292a9ad2fd
94,26000,16.90026,0x1b7eb36f0c8ef3d2dbc0217e68c4c27b723b3c9d,2017-11-02T09:56:34.000Z,0.00065001,0x5e0dd4b7c50e12306d2dcd3a12a120d22fa08524,sell,0x4dc3643dbc642b72c158e7f3d2ff232df61cb6ce,0x623eddd7e35807d0001d267e045ea19af77e121ad50f5936044daff914d8dade
95,2976.311518979785,1.9938310865645579,0x0f7ca0bc30d3491ea6673fd4749679538a74ef99,2017-11-02T09:13:01.000Z,0.0006699,0xb9ce6b59d898595cad9160b765968815554f4c79,buy,0x4dc3643dbc642b72c158e7f3d2ff232df61cb6ce,0xf59d370a1694fe66d51faf5818abc77f6252a273af13c9a4e51c43747b75b396
96,150,0.100485,0xabfe744984c759d9b711f9bae32d323b37eec27a,2017-11-02T09:09:01.000Z,0.0006699,0xb9ce6b59d898595cad9160b765968815554f4c79,buy,0x4dc3643dbc642b72c158e7f3d2ff232df61cb6ce,0xa45d415fcd0e15018da0a6cf256c6f97e890c3fd4ead56e84394a90f69ae8981
97,235,0.15745,0xe561ef3428020ee0a915e6ed43ae8c3bfd2dd16f,2017-11-02T08:59:55.000Z,0.00067,0xb9ce6b59d898595cad9160b765968815554f4c79,sell,0x4dc3643dbc642b72c158e7f3d2ff232df61cb6ce,0xc8606313f357a1452527fbc58593f5864897196e9be06cf29b9568d11479618b
98,17220.038,11.62352565,0x8144746ffb4c0912bcbd90fe92101323643af865,2017-11-02T08:57:59.000Z,0.000675,0x5e0dd4b7c50e12306d2dcd3a12a120d22fa08524,sell,0x4dc3643dbc642b72c158e7f3d2ff232df61cb6ce,0x07b289f51d8b799fdd6edf87762efb1fd5fa5ce8186b77c30ffacbf70dc2a54a
99,997.0089730807578,0.6729810568295115,0x8144746ffb4c0912bcbd90fe92101323643af865,2017-11-02T08:55:18.000Z,0.000675,0x1d5321e125f6c7079a716705541c7b371ca79e69,sell,0x4dc3643dbc642b72c158e7f3d2ff232df61cb6ce,0xeade588e47a41d970c099a7d55d0fd108b52cb1e7c42d7015876568a96f67dff
100,1000,0.67,0x1d5321e125f6c7079a716705541c7b371ca79e69,2017-11-02T08:55:18.000Z,0.00067,0x1e468d22bab0a9235d473b9200941b907355907d,buy,0x4dc3643dbc642b72c158e7f3d2ff232df61cb6ce,0xeade588e47a41d970c099a7d55d0fd108b52cb1e7c42d7015876568a96f67dff
101,34891.835387670224,23.5519888866774,0x8144746ffb4c0912bcbd90fe92101323643af865,2017-11-02T08:51:54.000Z,0.000675,0x5e0dd4b7c50e12306d2dcd3a12a120d22fa08524,sell,0x4dc3643dbc642b72c158e7f3d2ff232df61cb6ce,0xa33d9e9b45d7e66cee22268777830e0f586e8a09b4f8d88b63da54cfc64580c5
102,6091.117535639518,4.111504336556674,0x8144746ffb4c0912bcbd90fe92101323643af865,2017-11-02T08:50:33.000Z,0.000675,0x7b6db723f329e201ed9e497918deff895a88db16,sell,0x4dc3643dbc642b72c158e7f3d2ff232df61cb6ce,0x6e0752b62a6ebdf7650aa5ec62963efb551ddb0b29af5d65569250c0a7189615
103,3.0904196989333066,0.002039677001295982,0x92ec28dd8426733d21d8e3fe40cac6a5098b3caf,2017-11-02T08:25:52.000Z,0.0006599999999999999,0x1e468d22bab0a9235d473b9200941b907355907d,sell,0x4dc3643dbc642b72c158e7f3d2ff232df61cb6ce,0x14b8601ea154b0712f4566b674a0d726cc83f164a383c0cb2811450920e6a98f
104,0.7143877696813831,0.0005,0x3075f7f189912f4f425dd7021b9c396434197477,2017-11-02T06:44:53.000Z,0.0006999,0x1e468d22bab0a9235d473b9200941b907355907d,buy,0x4dc3643dbc642b72c158e7f3d2ff232df61cb6ce,0x0817e576f3c4173ba8cf5760cc7734d9dbfd06fa6ca51937053b41e5da607bae
105,0.7143877696813831,0.0005,0x4fda9e6bcd83af6c5cc771b5d20accc2b7720074,2017-11-02T06:34:53.000Z,0.0006999,0x1e468d22bab0a9235d473b9200941b907355907d,buy,0x4dc3643dbc642b72c158e7f3d2ff232df61cb6ce,0x48214160ce8262f5d20202715c422f885d25c203f2916b703f0575809d49750c
106,58.42,0.038621462,0x9b9086da6ed17b8becfda8cb0bb7b05626140db6,2017-11-02T06:28:46.000Z,0.0006611,0x1e468d22bab0a9235d473b9200941b907355907d,buy,0x4dc3643dbc642b72c158e7f3d2ff232df61cb6ce,0xfd4f8f41b7abeb4423e4be13f0187b5b589bf62f2d840b3a7ea832bd3c2fbbfd
107,238.028,0.1573603108,0x9b9086da6ed17b8becfda8cb0bb7b05626140db6,2017-11-02T06:23:44.000Z,0.0006611,0x1e468d22bab0a9235d473b9200941b907355907d,buy,0x4dc3643dbc642b72c158e7f3d2ff232df61cb6ce,0x6dd1f3ee2f111743d9f563014b97ec7a3601ba08ebeae463de16abe4e83edc4a
108,0.017634677391883225,0.000011658285223774,0x9b9086da6ed17b8becfda8cb0bb7b05626140db6,2017-11-02T06:18:05.000Z,0.0006611000000000001,0x1e468d22bab0a9235d473b9200941b907355907d,buy,0x4dc3643dbc642b72c158e7f3d2ff232df61cb6ce,0xf20edaa66c7a8923e021e239fbd51f7b35fde0b6213ad4e51dcf6d9277da76f4
109,198.30195505808365,0.1310974224888991,0x08137885f097675c7a79e976544734e1325faaae,2017-11-02T06:07:23.000Z,0.0006611,0x1e468d22bab0a9235d473b9200941b907355907d,buy,0x4dc3643dbc642b72c158e7f3d2ff232df61cb6ce,0x9c906c30ede828efd61b8b1d33e77085a5d3972805b98c2bdcc1ab9571013998
110,0.050362053071300865,0.000033294353285437,0xc0663f6730271424a51b9f5870aedecb0a57788c,2017-11-02T05:45:09.000Z,0.0006611,0x1e468d22bab0a9235d473b9200941b907355907d,buy,0x4dc3643dbc642b72c158e7f3d2ff232df61cb6ce,0x2e801c8380e4f287fbae20f53e56aaf5701f3e82da30b859bfffcc6bf53e3b9e
111,505.18175435820376,0.3339756578062085,0xc0663f6730271424a51b9f5870aedecb0a57788c,2017-11-02T05:44:20.000Z,0.0006611,0x1e468d22bab0a9235d473b9200941b907355907d,buy,0x4dc3643dbc642b72c158e7f3d2ff232df61cb6ce,0x403f6865b6e7ad6377286d6cd24192434d3aeec36ebf03e63455961218b87219
112,1025.205,0.70739145,0x602f59437a73f31a87b28e393532c62cbb4715e4,2017-11-02T04:32:32.000Z,0.00069,0xd9459cc85e78e0336adb349eabf257dbaf9d5a2b,buy,0x4dc3643dbc642b72c158e7f3d2ff232df61cb6ce,0xc998f7bf3310443c68bde0dc6c6a13fcd7a5857459c11c4333fb80a74d3b9686
113,3974.7947525648456,2.7426083792697433,0xa3b2ceb252ec28d6bb74c78831ebfa56829ff4ed,2017-11-02T03:19:26.000Z,0.00069,0xd9459cc85e78e0336adb349eabf257dbaf9d5a2b,buy,0x4dc3643dbc642b72c158e7f3d2ff232df61cb6ce,0x160bdd558be1d9674f7ce85ac16d8dc68e65dc13c601d5bd285a8cce24382e73
114,1990,1.3731,0xa3b2ceb252ec28d6bb74c78831ebfa56829ff4ed,2017-11-02T03:18:49.000Z,0.00069,0xe1e1d0d73eeb29d0632bc4c7871bfc74dbed0741,buy,0x4dc3643dbc642b72c158e7f3d2ff232df61cb6ce,0x4771736166c4ef41466e8a572870aca286c496a7e3d719ca536816a57038e783
115,204.367,0.13488222,0xabfe744984c759d9b711f9bae32d323b37eec27a,2017-11-02T02:55:01.000Z,0.00066,0x6ee3c78a15071bfca6acd1d71f8567625118d1ff,sell,0x4dc3643dbc642b72c158e7f3d2ff232df61cb6ce,0x81431f055247fa150697d3b00dd7a2bea124fc38160377369df0849080ec7742
116,1000,0.69,0x5b44592b49d6b26be4a9ff792f036c92dd99cb53,2017-11-02T02:43:55.000Z,0.00069,0xe1e1d0d73eeb29d0632bc4c7871bfc74dbed0741,buy,0x4dc3643dbc642b72c158e7f3d2ff232df61cb6ce,0x2d2effc29d5bce7e4e771b4c717845f9c2665c631aa225d08bc7585ef99ae3f1
117,4486.0931113548,2.960821453494168,0xabfe744984c759d9b711f9bae32d323b37eec27a,2017-11-02T02:42:09.000Z,0.00066,0x2dad638998a5433d8e6cfc16d5f129affb607265,sell,0x4dc3643dbc642b72c158e7f3d2ff232df61cb6ce,0x16815eb5a8da396af120748fc2794c40328fafc9a086fdf45e35e7fafef64a8a
118,10,0.0069,0xbc046cdc98226d2f35a68f176b1a47e0dad404ec,2017-11-02T02:37:48.000Z,0.00069,0xe1e1d0d73eeb29d0632bc4c7871bfc74dbed0741,buy,0x4dc3643dbc642b72c158e7f3d2ff232df61cb6ce,0xf0fe92a895f205af3cad97b93bcc45527428df822ca1e0757d4b89a516ba3895
119,412,0.28016,0x0b5fa12490d99c67c5c5b1b4bb47e0d2a6504a18,2017-11-02T02:32:48.000Z,0.00068,0xb9af9e3af2347b952e5c12950c2eeda719c4db34,buy,0x4dc3643dbc642b72c158e7f3d2ff232df61cb6ce,0x2fbe29f8406b755c71b98c6ac86880d6a4c6eaa3fe7456db1d66bad88fa75edf
120,996.9095803010667,0.657960322998704,0x92ec28dd8426733d21d8e3fe40cac6a5098b3caf,2017-11-02T01:20:40.000Z,0.00066,0x3e5d79408481588c7aea24c8a6d2d37c55c4d50b,sell,0x4dc3643dbc642b72c158e7f3d2ff232df61cb6ce,0x8d79235ea090698905c1e3574ed68534ee92b5e434e81821aed5cefe5a826984
121,1709.4607272591188,1.1966225090813831,0xc9083837f5edc5b3354ebdadd5813bc9499b67a7,2017-11-02T01:15:57.000Z,0.0007,0x2ee76a713a274b7fd4265b0f51c01d4586e4f24f,buy,0x4dc3643dbc642b72c158e7f3d2ff232df61cb6ce,0xecaa2213ead02690ae3b6703a8da23f0417eb4c6accd10c63f4cc144f3b8e481
122,4743.480043078332,3.3203885953544012,0xc9083837f5edc5b3354ebdadd5813bc9499b67a7,2017-11-02T01:11:12.000Z,0.00069999,0x6f72d9d38c670ba5176542e12e8699c4bef2a722,buy,0x4dc3643dbc642b72c158e7f3d2ff232df61cb6ce,0x332361cd898b453da3af38c85c87bc8cf338b8a96c3120008d7ffa79caa17aca
123,90,0.06255,0xf02913aba543137a8826fd457a8f8d97a2e5782b,2017-11-02T00:54:21.000Z,0.000695,0x180cab3558e61b2ecbad214958d5733206ebd7be,buy,0x4dc3643dbc642b72c158e7f3d2ff232df61cb6ce,0xa7d1329e37c84183c94ff8639110a7b1c8a57343e6ac437e97159fb35bcda3d2
124,243.619804081382,0.1705314266589266,0xf00dd34fa52d31aa537658baf071cbaeac59a66d,2017-11-02T00:12:06.000Z,0.00069999,0x6f72d9d38c670ba5176542e12e8699c4bef2a722,buy,0x4dc3643dbc642b72c158e7f3d2ff232df61cb6ce,0x1aea149df731f9b5da726334c801e7acfd94a44c0a33e1600cd2b759050febae
125,3,0.0024,0xa1b0305dd5fea0b116d8601133a9d161b276c1f6,2017-11-02T00:12:06.000Z,0.0008,0x180cab3558e61b2ecbad214958d5733206ebd7be,sell,0x4dc3643dbc642b72c158e7f3d2ff232df61cb6ce,0xefaa586aa110cab99e7b03bf92a645c827f0be0bbbb8306e0c49acfe507899e3
126,3,0.0024,0xa1b0305dd5fea0b116d8601133a9d161b276c1f6,2017-11-02T00:09:15.000Z,0.0008,0x14a9c53546b39e6fb5ef965b35b802ae2a040742,sell,0x4dc3643dbc642b72c158e7f3d2ff232df61cb6ce,0xc496867fe6860eda8b9dbc662b76cd6708c8c435153188e7da6eb42ac7c6e514
127,3,0.0024,0xa1b0305dd5fea0b116d8601133a9d161b276c1f6,2017-11-02T00:09:15.000Z,0.0008,0x14a9c53546b39e6fb5ef965b35b802ae2a040742,sell,0x4dc3643dbc642b72c158e7f3d2ff232df61cb6ce,0x1aa9c12cf198577841021a3c5baba1fddb45a78b126ae660c122cf713d947b07
128,0.9970089730807578,0.000797607178464606,0xa1b0305dd5fea0b116d8601133a9d161b276c1f6,2017-11-01T23:53:48.000Z,0.0007999999999999998,0x1d5321e125f6c7079a716705541c7b371ca79e69,sell,0x4dc3643dbc642b72c158e7f3d2ff232df61cb6ce,0x62e7b90e74f64e732da268acc7fa98c8843958c7537ec60d9c3ee74b22b3b54c
129,1,0.0007,0x1d5321e125f6c7079a716705541c7b371ca79e69,2017-11-01T23:53:48.000Z,0.0007,0x2ee76a713a274b7fd4265b0f51c01d4586e4f24f,buy,0x4dc3643dbc642b72c158e7f3d2ff232df61cb6ce,0x62e7b90e74f64e732da268acc7fa98c8843958c7537ec60d9c3ee74b22b3b54c
130,4865.600381148197,3.162640247746328,0xa894da2ff877de63ee28b9a30a71419be985232e,2017-11-01T22:56:27.000Z,0.00065,0xffb4c3847c14f88e27042800c18d6e3ec2d2c5df,sell,0x4dc3643dbc642b72c158e7f3d2ff232df61cb6ce,0x212bc8a37c52c80cfb855336701efa37d87215e5ada664d2d82c19be93241726
131,2526.368,1.6676555168,0xd58c732b90b0a53d94b206b81ed77dd899aa7739,2017-11-01T22:55:01.000Z,0.0006601,0xffb4c3847c14f88e27042800c18d6e3ec2d2c5df,sell,0x4dc3643dbc642b72c158e7f3d2ff232df61cb6ce,0x42cfe49b17ebd0adbc8ccf451b23fc3eb363ecf0a865cccf0da6f66d1df1a7d4
132,1897,1.253917,0x5be955ac285f5938aac1d0b04f0cda43e27a7330,2017-11-01T22:54:18.000Z,0.000661,0xffb4c3847c14f88e27042800c18d6e3ec2d2c5df,sell,0x4dc3643dbc642b72c158e7f3d2ff232df61cb6ce,0x3dec989ed86208586620094944c98e40ea1f2ee85cf9d6bb643e2587761553f4
133,1500,0.99165,0xc41b0555b794fa76211f92071a6a685b31e15135,2017-11-01T22:53:54.000Z,0.0006611,0xffb4c3847c14f88e27042800c18d6e3ec2d2c5df,sell,0x4dc3643dbc642b72c158e7f3d2ff232df61cb6ce,0x57234928856e59d3b6d0839cb639f90ed825e13a3f95bbaa551c07071161369b
134,198.7299637789072,0.13247339385501955,0x68198f5253f24b73e9aae42058aae07fbae74680,2017-11-01T22:53:33.000Z,0.0006665999999999999,0xffb4c3847c14f88e27042800c18d6e3ec2d2c5df,sell,0x4dc3643dbc642b72c158e7f3d2ff232df61cb6ce,0xa16500c2c7faa03a435d46d0d758bda5855461cb8ea2adac9a245b06a1e158b0
135,1140,0.7581,0x1475ff060a72478394b8848559f489fbca8a0667,2017-11-01T22:47:28.000Z,0.000665,0x20adc61458b00425cf72df7ec088a1a2f265b418,sell,0x4dc3643dbc642b72c158e7f3d2ff232df61cb6ce,0xf29008a90cb6143eb8b2ad5120a0b8aa6a37e6bbc4be67ba39d036dadb93bbfb
136,1115.143,0.741583476716,0xe1e1d0d73eeb29d0632bc4c7871bfc74dbed0741,2017-11-01T22:47:23.000Z,0.000665012,0x20adc61458b00425cf72df7ec088a1a2f265b418,sell,0x4dc3643dbc642b72c158e7f3d2ff232df61cb6ce,0x6657f29ab722d41ea0b9ff46404d755df09c7162fec6061941e9152577ff512b
137,301.27003622109277,0.20082660614498044,0x68198f5253f24b73e9aae42058aae07fbae74680,2017-11-01T22:36:52.000Z,0.0006665999999999999,0x00f7b412f16a0eb6e62b1c625fcea2cd63308594,sell,0x4dc3643dbc642b72c158e7f3d2ff232df61cb6ce,0x24893d0ec702db2495db759d6f01c9a59a3c5d83dd59bab27513d72ec4209cb7
138,1917.0448919906498,1.2767518980657728,0x3795f9907f35dd3df303ccee7078bc5f420d8ae1,2017-11-01T22:35:02.000Z,0.000666,0x00f7b412f16a0eb6e62b1c625fcea2cd63308594,sell,0x4dc3643dbc642b72c158e7f3d2ff232df61cb6ce,0x38caf4428dd6cecfd266f73e434c5ffd96702b35625e88f2b2ce360e8cf01ed4
139,199,0.137907,0x50be0c6e4a79a2bfb576c8bb67c41071671fc782,2017-11-01T22:31:59.000Z,0.000693,0x33e1d7ad3ced13b351319392b41f7d1081bd2d33,buy,0x4dc3643dbc642b72c158e7f3d2ff232df61cb6ce,0xc5aa6659383e65509ce5065d948ec83953e55cc0e7eb57787ac5a181ea6f2536
140,5,0.00349995,0x1c90421773db63923e2049a569761d0fd7f286a5,2017-11-01T22:29:02.000Z,0.00069999,0x6f72d9d38c670ba5176542e12e8699c4bef2a722,buy,0x4dc3643dbc642b72c158e7f3d2ff232df61cb6ce,0xc81ed422df78ad804e32a672e1bf09731fb1aa8ef1f8f2a00296cbbb49b8bd9c
141,1,0.000693,0x1c90421773db63923e2049a569761d0fd7f286a5,2017-11-01T22:20:58.000Z,0.000693,0x33e1d7ad3ced13b351319392b41f7d1081bd2d33,buy,0x4dc3643dbc642b72c158e7f3d2ff232df61cb6ce,0x516535967eaee94af0c269bdf85bc1acd3178c85c505e62ba0736c04c285bf2e
142,305.6239346467741,0.20354554047475154,0x3795f9907f35dd3df303ccee7078bc5f420d8ae1,2017-11-01T21:57:47.000Z,0.000666,0x1e2f2d8ab6a713f1c116c43f49fc217149d06a43,sell,0x4dc3643dbc642b72c158e7f3d2ff232df61cb6ce,0x85e699aafb2b4464a057f385ed421d2b068774e740e4e8a985a1c1e2fb1c9115
143,6700,4.69,0xc9083837f5edc5b3354ebdadd5813bc9499b67a7,2017-11-01T21:49:10.000Z,0.0007,0x2ee76a713a274b7fd4265b0f51c01d4586e4f24f,buy,0x4dc3643dbc642b72c158e7f3d2ff232df61cb6ce,0x73baa6dd39afff98ae3411d6aa894bb60f9a75cbf5e39e1760578c45cd0b00dd
144,538.331173362576,0.35852856145947565,0x3795f9907f35dd3df303ccee7078bc5f420d8ae1,2017-11-01T21:33:59.000Z,0.000666,0xba91a364ccd677ac72c1fe9844579f6eeadf5526,sell,0x4dc3643dbc642b72c158e7f3d2ff232df61cb6ce,0x3f25bfcc381a125aa19dc71a2723d7921eadfb506adf4cfd80ecd5ae7c374f09
145,3700,2.59,0x7041edf416ffbbba8a14b62f13707fb52357c752,2017-11-01T21:20:09.000Z,0.0007,0x2ee76a713a274b7fd4265b0f51c01d4586e4f24f,buy,0x4dc3643dbc642b72c158e7f3d2ff232df61cb6ce,0xc8486fff4d9f97f1b8b2269783496fa3691b6adb1eb90f37f15d678e3e401b07
146,3500,2.45,0x7041edf416ffbbba8a14b62f13707fb52357c752,2017-11-01T21:16:53.000Z,0.0007,0x618be0c21d21ddfb660e0e3e1d90c5ddc3542a8f,buy,0x4dc3643dbc642b72c158e7f3d2ff232df61cb6ce,0x6d984a95cf307da72478050a935d661a44c9caa6e8e9396c1f8bc220f5a3f17d
147,9900,6.8706,0x7041edf416ffbbba8a14b62f13707fb52357c752,2017-11-01T21:14:17.000Z,0.000694,0x7f427765bb3d5a97ff1cea9ac99c0879497a6163,buy,0x4dc3643dbc642b72c158e7f3d2ff232df61cb6ce,0xf2023b464216a18aad21cdb4be5be1bd9d6b957294a5bdf56f09df72de2de582
148,20100,13.9494,0xc9083837f5edc5b3354ebdadd5813bc9499b67a7,2017-11-01T20:57:15.000Z,0.000694,0x7f427765bb3d5a97ff1cea9ac99c0879497a6163,buy,0x4dc3643dbc642b72c158e7f3d2ff232df61cb6ce,0x0bf7cef9294c33deec0671c0f6cfdf486782450cb7fb64690c0bc6b316cdc25e
149,2773.632,1.8308744832,0xd58c732b90b0a53d94b206b81ed77dd899aa7739,2017-11-01T20:43:19.000Z,0.0006600999999999999,0x422d7c1f2f04e7582163d1381a436516f4de3c2a,sell,0x4dc3643dbc642b72c158e7f3d2ff232df61cb6ce,0xdf2b9a189e45e3dd0610c5bac746d1defe1f36ff1f450be67db27138b96764ee
150,2796,1.78941204,0x422d7c1f2f04e7582163d1381a436516f4de3c2a,2017-11-01T20:43:19.000Z,0.00063999,0xcd6e96e460f52348d5f8be5456221c9c82b5a6b5,buy,0x4dc3643dbc642b72c158e7f3d2ff232df61cb6ce,0xdf2b9a189e45e3dd0610c5bac746d1defe1f36ff1f450be67db27138b96764ee
151,2955.6574618682084,1.9474472337354203,0xe677e2d5b13f03642f45df4e84720bd6a2a63073,2017-11-01T20:12:37.000Z,0.0006588879999999999,0x8b4abcad4f89eb347aea309d72a7d5c15c5ef6d5,sell,0x4dc3643dbc642b72c158e7f3d2ff232df61cb6ce,0xc8db24a8e7761a3bbba114f929fcd09b5a105d90c87ff46008207993f8ffed15
152,303.2546968999394,0.20621016134498982,0xe1354d439daf03506812378d0e231414ebf7350e,2017-11-01T20:12:37.000Z,0.00067999,0xcd6e96e460f52348d5f8be5456221c9c82b5a6b5,buy,0x4dc3643dbc642b72c158e7f3d2ff232df61cb6ce,0x149cf77f60a27d9d3357e8769d9e6558f2d600accd376d85235f7f2142fa9c17
153,60,0.03990084,0xc7340a2d9c1ffa72d03a0827683e4ba8bb97376c,2017-11-01T19:53:56.000Z,0.000665014,0x8b4abcad4f89eb347aea309d72a7d5c15c5ef6d5,sell,0x4dc3643dbc642b72c158e7f3d2ff232df61cb6ce,0xc475256bdafdc3decd4b7a68b75e0aa394a7e5e78402c50843eaab514e012e22
154,1884.856943475227,1.2534524856943474,0xe1e1d0d73eeb29d0632bc4c7871bfc74dbed0741,2017-11-01T19:53:21.000Z,0.000665012,0xec6bde7636fc058f0c842eda15772b93eaa572cc,sell,0x4dc3643dbc642b72c158e7f3d2ff232df61cb6ce,0xe48d6e556dc3275d7b89393aa2c3932246c5477135052b8d5ec0d819ecff694d
155,3100,2.0615434,0xcd6e96e460f52348d5f8be5456221c9c82b5a6b5,2017-11-01T19:52:02.000Z,0.000665014,0xec6bde7636fc058f0c842eda15772b93eaa572cc,sell,0x4dc3643dbc642b72c158e7f3d2ff232df61cb6ce,0x0ff170589c1bbe0c56b6a84820b17fe0142e1ebc5e4927f079c565b5e314a09b
156,100,0.07,0x8056c25eaa73ea6fbfe931aa2e4354cce455e532,2017-11-01T19:45:32.000Z,0.0007,0xf15822cf81840ea5a8e1e7748b72abee5f93a152,sell,0x4dc3643dbc642b72c158e7f3d2ff232df61cb6ce,0xaf46cfe404559e12946264d00c9c572b8478967b31278a7cd806f6b234031937
157,3800,2.736,0xc9083837f5edc5b3354ebdadd5813bc9499b67a7,2017-11-01T19:28:19.000Z,0.00072,0xd9459cc85e78e0336adb349eabf257dbaf9d5a2b,buy,0x4dc3643dbc642b72c158e7f3d2ff232df61cb6ce,0xa195ac1442097c0b9fcb616dfa74df0b133578af2ba52fe3cac6c3108a6b544c
158,600,0.42,0x56e026625dc88369d0d7ca6d6f8dd7ca0c9bcf56,2017-11-01T19:05:12.000Z,0.0007,0x618be0c21d21ddfb660e0e3e1d90c5ddc3542a8f,buy,0x4dc3643dbc642b72c158e7f3d2ff232df61cb6ce,0x9d70f656f0236ed2dc003f177532c27582f0379b068aeb3370e6db069a12a808
159,1524.915740421298,1.0674394933791682,0x56e026625dc88369d0d7ca6d6f8dd7ca0c9bcf56,2017-11-01T19:04:35.000Z,0.000699999,0xcd6e96e460f52348d5f8be5456221c9c82b5a6b5,buy,0x4dc3643dbc642b72c158e7f3d2ff232df61cb6ce,0x10fcf930ce1995cd41c10607284092775707cc9e1e66a782a33c1270a2befdab
160,1000,0.7171,0xc9083837f5edc5b3354ebdadd5813bc9499b67a7,2017-11-01T18:17:49.000Z,0.0007171,0xe9b2082778aebada738bd54a866c7ddd5bdbd487,buy,0x4dc3643dbc642b72c158e7f3d2ff232df61cb6ce,0x3fb1dab4d96353a91f04bc5a9876d98a451d25aeba97cfd7b556bd98690598f8
161,1425.084259578702,0.9975575566208317,0x6392b9b49c9a253fef5ce35118de46e3b6726ac6,2017-11-01T18:16:40.000Z,0.000699999,0xcd6e96e460f52348d5f8be5456221c9c82b5a6b5,buy,0x4dc3643dbc642b72c158e7f3d2ff232df61cb6ce,0xc0037fee4edbc24d3cfe0ded8d914e0e8a41bcf042b8d815f90f78a9bb28a145
162,923.997,0.6467979,0xc9083837f5edc5b3354ebdadd5813bc9499b67a7,2017-11-01T18:12:23.000Z,0.0007,0x5a86ebf9a0e6f8181ed5143557f7b8ba89957fcc,buy,0x4dc3643dbc642b72c158e7f3d2ff232df61cb6ce,0x1390ee51cd05a71730fb5589be058b89d9412d66e36146abff6db18d5447be73
163,1999.951,1.33996717,0x1475ff060a72478394b8848559f489fbca8a0667,2017-11-01T18:07:17.000Z,0.00067,0x7ade197aa07d93eec674b96eb7ad7ea156afea37,sell,0x4dc3643dbc642b72c158e7f3d2ff232df61cb6ce,0x8818e8a336324bccc034b8f60b57eaff14a41c25d6a726556eb7f1d8489fd34d
164,10000,6.7,0xb1af5d1bcdc6d84bf5567d67f8a47590983cd7a2,2017-11-01T18:07:17.000Z,0.00067,0x7ade197aa07d93eec674b96eb7ad7ea156afea37,sell,0x4dc3643dbc642b72c158e7f3d2ff232df61cb6ce,0x34b8866d76b2389c059c9714ade58038dfc4745d9105b9061fff85dd14eda52e
165,2490,1.66830249,0xcd6e96e460f52348d5f8be5456221c9c82b5a6b5,2017-11-01T18:07:11.000Z,0.000670001,0x7ade197aa07d93eec674b96eb7ad7ea156afea37,sell,0x4dc3643dbc642b72c158e7f3d2ff232df61cb6ce,0xe497441f33c0834c53540d15d9a3acbb2cd0278cc80e179db85d3898b1dce304
166,460,0.30820046,0xcd6e96e460f52348d5f8be5456221c9c82b5a6b5,2017-11-01T18:01:36.000Z,0.000670001,0x3e43b4e95d6e2c8bff378b6726ec513edaf42549,sell,0x4dc3643dbc642b72c158e7f3d2ff232df61cb6ce,0xa0b3a31d9937cb0744133a6da933b8ddeec0d826e68d217de61d4ac260d5a361
167,76.00267741430137,0.05320187419001097,0xc9083837f5edc5b3354ebdadd5813bc9499b67a7,2017-11-01T17:49:37.000Z,0.0007,0x5a86ebf9a0e6f8181ed5143557f7b8ba89957fcc,buy,0x4dc3643dbc642b72c158e7f3d2ff232df61cb6ce,0x09cd896001ddcccf2156336fea0c564030e9b0b2809d42784205535e68cb0682
168,1000,0.7444,0xc9083837f5edc5b3354ebdadd5813bc9499b67a7,2017-11-01T17:46:59.000Z,0.0007444,0xe9b2082778aebada738bd54a866c7ddd5bdbd487,buy,0x4dc3643dbc642b72c158e7f3d2ff232df61cb6ce,0xd2e911cf35a7c88e097ae6a34a39b1a46316d2461e8dc4e2a5e03cd40dbc5b2f
169,200,0.14,0x14a9c53546b39e6fb5ef965b35b802ae2a040742,2017-11-01T16:59:15.000Z,0.0007,0x618be0c21d21ddfb660e0e3e1d90c5ddc3542a8f,buy,0x4dc3643dbc642b72c158e7f3d2ff232df61cb6ce,0x23e5338cb0795b51f184d7f8ed15f0fdb9175c3507c4d8944ed0aef2aa5d7883
170,800,0.56,0x14a9c53546b39e6fb5ef965b35b802ae2a040742,2017-11-01T16:40:27.000Z,0.0007,0x618be0c21d21ddfb660e0e3e1d90c5ddc3542a8f,buy,0x4dc3643dbc642b72c158e7f3d2ff232df61cb6ce,0xbab879e9e405f46d49b1e8913f67059ca6f7118d9ec02257d61e0940c035f09a
171,900,0.63,0x14a9c53546b39e6fb5ef965b35b802ae2a040742,2017-11-01T16:23:11.000Z,0.0007,0x618be0c21d21ddfb660e0e3e1d90c5ddc3542a8f,buy,0x4dc3643dbc642b72c158e7f3d2ff232df61cb6ce,0x7e6251ac2d6ee46131e7467e76a6e9c2813a1056aba4340ce6807abdc73beeb3
172,1023.545,0.7164815,0x14a9c53546b39e6fb5ef965b35b802ae2a040742,2017-11-01T16:16:08.000Z,0.0007,0x618be0c21d21ddfb660e0e3e1d90c5ddc3542a8f,buy,0x4dc3643dbc642b72c158e7f3d2ff232df61cb6ce,0x1b668ffe39807313668f6f4e1a7243d78adefd4072b81a643f3dca4df0370e2b
173,229.28920346924534,0.15798026119031003,0x14a9c53546b39e6fb5ef965b35b802ae2a040742,2017-11-01T16:08:40.000Z,0.0006889999999999999,0x7e5da760c82bf59c9d27d425a6407928ee54a656,sell,0x4dc3643dbc642b72c158e7f3d2ff232df61cb6ce,0xee007195b65d6af117971322972515f7d3a255677b741aa4f662dd9ccf396d56
174,498.45479015053337,0.34891835310537334,0xd02e4dfb47555722c26724ff05597ef74830c54c,2017-11-01T16:08:40.000Z,0.0007,0x618be0c21d21ddfb660e0e3e1d90c5ddc3542a8f,buy,0x4dc3643dbc642b72c158e7f3d2ff232df61cb6ce,0xfcfbbf8ef14a64d7931443fbf08054a6aa4c3120279e369dc91ff550eb4e95d1
175,200,0.14,0x4644d6e363d354db6db5b98030b969b69f3b69ff,2017-11-01T15:53:28.000Z,0.0007,0x618be0c21d21ddfb660e0e3e1d90c5ddc3542a8f,buy,0x4dc3643dbc642b72c158e7f3d2ff232df61cb6ce,0x8a0c23c13697b53919a840a79a3a6c4f3c19861ad629c315c8811c6cc4875b88
176,10000,7,0xb1af5d1bcdc6d84bf5567d67f8a47590983cd7a2,2017-11-01T15:50:24.000Z,0.0007,0x9ddd5399707d70a06a24c779eced2120f38586d5,buy,0x4dc3643dbc642b72c158e7f3d2ff232df61cb6ce,0xbaa004052e02ef0d8b81fd3d41184690e2192ea4a36a3cd7a782645589842e45
177,2278,1.5946,0x644015a13b07eacd5c8b4b185f8b1902371e3922,2017-11-01T15:15:20.000Z,0.0007,0x618be0c21d21ddfb660e0e3e1d90c5ddc3542a8f,buy,0x4dc3643dbc642b72c158e7f3d2ff232df61cb6ce,0x034ebf797c5f06cf647f42f811585f1ea4d019c6af563dea50473a6015730d9b
178,2000,1.39,0x602f59437a73f31a87b28e393532c62cbb4715e4,2017-11-01T15:04:20.000Z,0.000695,0xe448f88bdd86658308994de3c90a473f04abb4d4,buy,0x4dc3643dbc642b72c158e7f3d2ff232df61cb6ce,0x06506797f4c01bcd6c19e65a6f334baf3192564f4d47603179dcb576e166aceb
179,0.048776164634244404,0.000032680030304943,0x1475ff060a72478394b8848559f489fbca8a0667,2017-11-01T14:55:11.000Z,0.0006699999999999846,0x0c498ba71b8e620e998b7cd020a86c1e3c6e3e32,sell,0x4dc3643dbc642b72c158e7f3d2ff232df61cb6ce,0xece28957bc6a7923c47b66c213d8bd6005aacfe69cd35be70ede9bc3e36230ae
180,489.27370744610556,0.3234588479926204,0x5a86ebf9a0e6f8181ed5143557f7b8ba89957fcc,2017-11-01T14:54:16.000Z,0.0006611,0x0c498ba71b8e620e998b7cd020a86c1e3c6e3e32,sell,0x4dc3643dbc642b72c158e7f3d2ff232df61cb6ce,0x7053c08eeec9304c92709a63f9775a6093daea12ac41d4200df457e7eaeb39aa
181,1999,1.3993,0x602f59437a73f31a87b28e393532c62cbb4715e4,2017-11-01T14:53:34.000Z,0.0007,0xe1e1d0d73eeb29d0632bc4c7871bfc74dbed0741,buy,0x4dc3643dbc642b72c158e7f3d2ff232df61cb6ce,0x889719c528577f75413b969015e76b58fc2144526a13aeb159bd6c41f5f268d4
182,2000,1.34,0x1475ff060a72478394b8848559f489fbca8a0667,2017-11-01T14:52:54.000Z,0.00067,0x0c498ba71b8e620e998b7cd020a86c1e3c6e3e32,sell,0x4dc3643dbc642b72c158e7f3d2ff232df61cb6ce,0xbc7d5ac3340159eb8035a042bdfe2636552addaa79a14e44925e84a608783c51
183,5000,3.375,0xcb1ab94d76842a8c63ba853fe87665454f4f49b1,2017-11-01T14:51:51.000Z,0.000675,0x0c498ba71b8e620e998b7cd020a86c1e3c6e3e32,sell,0x4dc3643dbc642b72c158e7f3d2ff232df61cb6ce,0x65edc3006f5df1b4b8bb82f14c4fc3d90cbc3eae9c693ab21ad78756ed51632b
184,5802.047,4.055630853,0xcb1ab94d76842a8c63ba853fe87665454f4f49b1,2017-11-01T14:51:23.000Z,0.000699,0x350fb677631245226b45e6192a02581ed44db1e3,buy,0x4dc3643dbc642b72c158e7f3d2ff232df61cb6ce,0x71c9fb56ba7bdfe58cd1feaea8d731194b87ee902591b03e78374b05a602b0a6
185,24023.099391885156,16.335707586481906,0x9654e7bd7420c07652f1b7d3772a7c4b7c022d10,2017-11-01T14:50:18.000Z,0.0006799999999999999,0x0c498ba71b8e620e998b7cd020a86c1e3c6e3e32,sell,0x4dc3643dbc642b72c158e7f3d2ff232df61cb6ce,0x88f863e716c0fb7c461f8ccf577ded15e7d0911faf19b5719f6c945cc2edb125
186,1257,0.865932216,0xb11541267fb7d30210d55b0fd394c54a2d4b5b02,2017-11-01T14:44:31.000Z,0.000688888,0x44f7949f21b2a08e2b81629faada445c04555b8a,sell,0x4dc3643dbc642b72c158e7f3d2ff232df61cb6ce,0xdea83d73eb208afe1684562d20f537fda4de43071531481ecb010bc0ec0fe36c
187,500.618,0.33541406,0xe1354d439daf03506812378d0e231414ebf7350e,2017-11-01T14:35:29.000Z,0.00067,0x0c498ba71b8e620e998b7cd020a86c1e3c6e3e32,sell,0x4dc3643dbc642b72c158e7f3d2ff232df61cb6ce,0xdb9b0ca91eb8e97a9905141f77c0ca0e34fb4d431dddf510c74d6ade5fdc9a2d
188,5000,3.375,0x1475ff060a72478394b8848559f489fbca8a0667,2017-11-01T14:32:57.000Z,0.000675,0x0c498ba71b8e620e998b7cd020a86c1e3c6e3e32,sell,0x4dc3643dbc642b72c158e7f3d2ff232df61cb6ce,0x0405413a32b18b23abf3af46d54fa46edca928cc3896bde3c4cf3a55450f21ab
189,199.38191606021334,0.13358588376034294,0xe1354d439daf03506812378d0e231414ebf7350e,2017-11-01T14:11:18.000Z,0.00067,0xc637b6002de22dae16a29d60a01c37d9cc8f4b0f,sell,0x4dc3643dbc642b72c158e7f3d2ff232df61cb6ce,0x69ba2f8dbc7df7841994f364cda931853e7594ec9c2a4cbecd6109ef1fb5fc5c
190,2939,1.99852,0x1475ff060a72478394b8848559f489fbca8a0667,2017-11-01T14:05:32.000Z,0.00068,0x7ade197aa07d93eec674b96eb7ad7ea156afea37,sell,0x4dc3643dbc642b72c158e7f3d2ff232df61cb6ce,0x9b3bda3ae0d6b191aa5603041a85b1908f26b7b3dede9cb94f7aa3db0c926612
191,100,0.0699,0x38482dc0050dc32c66e41b9d5ae8b7383ec3bb49,2017-11-01T13:59:38.000Z,0.000699,0x350fb677631245226b45e6192a02581ed44db1e3,buy,0x4dc3643dbc642b72c158e7f3d2ff232df61cb6ce,0xaa32601fa863b89988b3b5a85f4b964a4814982b3baf50ad075374235b7195a9
192,50,0.03495,0xb59dbf8864663544b761be1baf58bbbad39511d2,2017-11-01T13:22:28.000Z,0.000699,0x350fb677631245226b45e6192a02581ed44db1e3,buy,0x4dc3643dbc642b72c158e7f3d2ff232df61cb6ce,0xbcdae7521f9bace17156a73b5eda58a3e5148be963cfa5a8141cf8463b80d247
193,6.447,0.00444843,0xb59dbf8864663544b761be1baf58bbbad39511d2,2017-11-01T13:20:51.000Z,0.00069,0xcdb791aba67134db7336cbd7edc22db9dfafa68a,buy,0x4dc3643dbc642b72c158e7f3d2ff232df61cb6ce,0xb69ac8ef62c39e0d16fadd2ed5103dc900e1c9822ea255efb111a7cc464856ff
194,30.68667044266444,0.021449982639422445,0xad1c934cd5af354e238cde58a60f2a51dad1e411,2017-11-01T13:14:57.000Z,0.000699,0x350fb677631245226b45e6192a02581ed44db1e3,buy,0x4dc3643dbc642b72c158e7f3d2ff232df61cb6ce,0x67ef410f0c0ae61d81a31bebf6b98cbded001a71cfde5f6f7bc4bb11f440d078
195,2876.183634702944,1.9845667079450313,0xad1c934cd5af354e238cde58a60f2a51dad1e411,2017-11-01T13:13:10.000Z,0.00069,0x7f427765bb3d5a97ff1cea9ac99c0879497a6163,buy,0x4dc3643dbc642b72c158e7f3d2ff232df61cb6ce,0xf6197c80b51d19a9a428a1feed0591e0c684e05f750b8e364af49e09b2d4c2e7
196,173.37583924616297,0.11962932907985245,0x0f7ca0bc30d3491ea6673fd4749679538a74ef99,2017-11-01T13:01:32.000Z,0.00069,0x7f427765bb3d5a97ff1cea9ac99c0879497a6163,buy,0x4dc3643dbc642b72c158e7f3d2ff232df61cb6ce,0x0e80ba33936a19455cade0c386f069d60e17c4114712efe3c343b0972cf40bb2
197,360,0.23999976,0xb11541267fb7d30210d55b0fd394c54a2d4b5b02,2017-11-01T12:05:43.000Z,0.000666666,0x1a90bf88265347ca962fe10dc2be586df40210b0,sell,0x4dc3643dbc642b72c158e7f3d2ff232df61cb6ce,0x8bf238724a00cf08f7aa4c877f6019c94b8993ba3f938cb69fb47deb45efcdb2
198,3.478,0.00239982,0x0f7ca0bc30d3491ea6673fd4749679538a74ef99,2017-11-01T11:42:23.000Z,0.00069,0xf84bfa23c2ab766c47056011b26e2d12ade5c754,sell,0x4dc3643dbc642b72c158e7f3d2ff232df61cb6ce,0x3d766e6c1847d56f7855167c6b107c25874332d752b5817c1a72baccefbcd23b
199,10,0.00689,0xf84bfa23c2ab766c47056011b26e2d12ade5c754,2017-11-01T11:38:55.000Z,0.000689,0x1a90bf88265347ca962fe10dc2be586df40210b0,buy,0x4dc3643dbc642b72c158e7f3d2ff232df61cb6ce,0x67d079086e56bdc4f68fe134cb359f22a4ef0d56fcafbb5cd18005b2ec71c8b7
200,100,0.0688777,0xb11541267fb7d30210d55b0fd394c54a2d4b5b02,2017-11-01T11:29:35.000Z,0.000688777,0x1a90bf88265347ca962fe10dc2be586df40210b0,sell,0x4dc3643dbc642b72c158e7f3d2ff232df61cb6ce,0x3901b04adab2c8447fa9117b32412afe5cfc6e568e932f8b5d76be218d3a428f
201,25.89472634832021,0.01783576961419599,0x899888f5f43a4521dcb8163622853168b11c9f2f,2017-11-01T11:29:19.000Z,0.00068878,0x1a90bf88265347ca962fe10dc2be586df40210b0,sell,0x4dc3643dbc642b72c158e7f3d2ff232df61cb6ce,0xa955d5922ea5b919e542105e37ea1f16939a8846283eedf5bd8ad8e738e74523
202,227,0.156377576,0xb11541267fb7d30210d55b0fd394c54a2d4b5b02,2017-11-01T11:29:17.000Z,0.000688888,0x1a90bf88265347ca962fe10dc2be586df40210b0,sell,0x4dc3643dbc642b72c158e7f3d2ff232df61cb6ce,0x58a79e7622e8bf4bcaa7bffa9ec129073f06dd13d4f7f5935ac8d54c7bd2810f
203,150,0.10335,0xa0e8d87e5caf8424c86c8d95d99d6394dc04ad22,2017-11-01T11:28:09.000Z,0.000689,0x1a90bf88265347ca962fe10dc2be586df40210b0,buy,0x4dc3643dbc642b72c158e7f3d2ff232df61cb6ce,0x6a437537d0790f712c84296cf1fddc9d32f5faa23432a92109ab4c7ffedb5a87
204,140,0.0966,0x0f7ca0bc30d3491ea6673fd4749679538a74ef99,2017-11-01T11:26:19.000Z,0.00069,0x1a90bf88265347ca962fe10dc2be586df40210b0,sell,0x4dc3643dbc642b72c158e7f3d2ff232df61cb6ce,0xe1fb18bee7458784a499e24853bd7ffb005338b9ef69c9468f43e16c3242128d
205,4771.608703020636,3.132585925898303,0x9e41fd0e10b26611b8368a3875a16f4aa7f12693,2017-11-01T11:15:39.000Z,0.0006565052,0x02fcb3a17b66125aaf0569a74f76be89b39ea367,sell,0x4dc3643dbc642b72c158e7f3d2ff232df61cb6ce,0x0332d6b1353f5cfa380372c7a9925a2b12325e914b9cffed3caba24b81375e7f
206,293.51090139746356,0.20252252196424983,0xabfe744984c759d9b711f9bae32d323b37eec27a,2017-11-01T10:55:05.000Z,0.00069,0x7f427765bb3d5a97ff1cea9ac99c0879497a6163,buy,0x4dc3643dbc642b72c158e7f3d2ff232df61cb6ce,0x47f1107bebc882032ef2c4a13b1075d841366f88175335c1ea013476b1c7b5a3
207,11100,7.659,0x1682c668cd2f2306fa83af7a857b55935af1f253,2017-11-01T10:08:44.000Z,0.00069,0x7f427765bb3d5a97ff1cea9ac99c0879497a6163,buy,0x4dc3643dbc642b72c158e7f3d2ff232df61cb6ce,0xfc88352030d175fccce29e7a01b698c48ac7dbf41ed33f1485228809ade26c44
208,5556.9296246534295,3.8342814410108663,0x985f500a96f3aed081bc55a9b0729db0f079c7a9,2017-11-01T10:04:35.000Z,0.00069,0x7f427765bb3d5a97ff1cea9ac99c0879497a6163,buy,0x4dc3643dbc642b72c158e7f3d2ff232df61cb6ce,0xa71d69bbb3e42afc2532078f68163482098891b98f5270666f697bfc25f5e9be
209,7164.082,4.943212997959,0xcb1ab94d76842a8c63ba853fe87665454f4f49b1,2017-11-01T10:02:26.000Z,0.0006899995,0x221bcdbad28f8d978bd91e62f6eef3e23526943f,buy,0x4dc3643dbc642b72c158e7f3d2ff232df61cb6ce,0x641f29651afc36a4c00c8052445a5537c21681c92a5ba5b61fbe63759ac7770a
210,2717.7452912595745,1.8752428920964608,0x6697059c1858fd4ae95002d8724ba7807f7ef98c,2017-11-01T09:35:24.000Z,0.0006899995,0x221bcdbad28f8d978bd91e62f6eef3e23526943f,buy,0x4dc3643dbc642b72c158e7f3d2ff232df61cb6ce,0x9b93d29ca6c7cfdd7c14d5261b56aa99690bd6f95b3750599a4b4cf4fba7c48b
211,1.1723172885835758,0.000808898342964023,0x1d5321e125f6c7079a716705541c7b371ca79e69,2017-11-01T09:32:56.000Z,0.0006899995,0x221bcdbad28f8d978bd91e62f6eef3e23526943f,buy,0x4dc3643dbc642b72c158e7f3d2ff232df61cb6ce,0x9364f37ca635c70e5ba210b6350ff7754ec221ff4e26320975c5f6ec85c77faf
212,1.1688108560155293,0.000841543816331181,0xce273629c61fa936e939f2bc33602850c58a7a8a,2017-11-01T09:32:56.000Z,0.0007199999999999999,0x1d5321e125f6c7079a716705541c7b371ca79e69,sell,0x4dc3643dbc642b72c158e7f3d2ff232df61cb6ce,0x9364f37ca635c70e5ba210b6350ff7754ec221ff4e26320975c5f6ec85c77faf
213,117,0.0807299415,0x961c26543da1b75dab96ae986a921fffc92cfa7e,2017-11-01T09:24:42.000Z,0.0006899995,0x221bcdbad28f8d978bd91e62f6eef3e23526943f,buy,0x4dc3643dbc642b72c158e7f3d2ff232df61cb6ce,0x989fd1bab044592b18e6e58feb1c03d2d621d3c5aeb3ebdefd2479fc5d6cf88c
214,20.263811030120532,0.013957246969893332,0xb11541267fb7d30210d55b0fd394c54a2d4b5b02,2017-11-01T09:12:02.000Z,0.000688777,0x29bcddb0eae47c53f424bf9dbe7fda42accacdd3,buy,0x4dc3643dbc642b72c158e7f3d2ff232df61cb6ce,0x529e3eb3e1824a4ca633d4aa2c7cd9c905ff83f5b52d3d15591328f67f7e864f
215,2000,1.38,0x7434f500931eab744939de5c58e44e7a12b8ae15,2017-11-01T08:58:36.000Z,0.00069,0x7f427765bb3d5a97ff1cea9ac99c0879497a6163,buy,0x4dc3643dbc642b72c158e7f3d2ff232df61cb6ce,0x9757f96d5d8dc8a9f0e326a129979b83c3ba74e7690fa38f479c039cc2b16f28
216,9875.638682892722,6.814185753376637,0x7434f500931eab744939de5c58e44e7a12b8ae15,2017-11-01T08:56:49.000Z,0.0006899995,0x221bcdbad28f8d978bd91e62f6eef3e23526943f,buy,0x4dc3643dbc642b72c158e7f3d2ff232df61cb6ce,0xe23150b5447b2fad30919e40aa7b0c0107cb9b944bc8dff13fcec82bb06188d2
217,2409.746,1.6624837654,0x7434f500931eab744939de5c58e44e7a12b8ae15,2017-11-01T08:56:12.000Z,0.0006899,0x583b640795999aa2bb22c1a62a91336ff9d325bb,buy,0x4dc3643dbc642b72c158e7f3d2ff232df61cb6ce,0xe7461292029cfe57e1f342dd54498931dbdcd67dfd055e5ee7ea237e514fe48f
218,6004.9,4.136655512,0x7434f500931eab744939de5c58e44e7a12b8ae15,2017-11-01T08:56:12.000Z,0.00068888,0x8144746ffb4c0912bcbd90fe92101323643af865,buy,0x4dc3643dbc642b72c158e7f3d2ff232df61cb6ce,0x1d28a9603a28642d982df12e778a343e0bff5e8fd64eb8bad7387826dacf451a
219,2590,1.786841,0x34dd058ffdc87b28d1402053db3c8b6272c16615,2017-11-01T08:48:30.000Z,0.0006899,0x583b640795999aa2bb22c1a62a91336ff9d325bb,buy,0x4dc3643dbc642b72c158e7f3d2ff232df61cb6ce,0x8c47950c3e471c7ffe24a4b3192e48ded0a05fa9be666ffa0ea063ec8e8ce0b9
220,1595,1.100231,0x34dd058ffdc87b28d1402053db3c8b6272c16615,2017-11-01T08:45:23.000Z,0.0006898,0xcd6e96e460f52348d5f8be5456221c9c82b5a6b5,buy,0x4dc3643dbc642b72c158e7f3d2ff232df61cb6ce,0x67e684f8a75981995cad593d2007c7652aadd03a697ac3cdd0adc4f2433d0612
221,21,0.014464317,0x985f500a96f3aed081bc55a9b0729db0f079c7a9,2017-11-01T08:43:32.000Z,0.000688777,0x29bcddb0eae47c53f424bf9dbe7fda42accacdd3,buy,0x4dc3643dbc642b72c158e7f3d2ff232df61cb6ce,0x2211ea9397f22d3b98555dad4362c3d28df4d5a1916e14af21cd563e635a9e05
222,41,0.028239857,0x985f500a96f3aed081bc55a9b0729db0f079c7a9,2017-11-01T08:42:50.000Z,0.000688777,0x29bcddb0eae47c53f424bf9dbe7fda42accacdd3,buy,0x4dc3643dbc642b72c158e7f3d2ff232df61cb6ce,0x5f61d5c4ede8ee4a1ad39bb31881411a67a5ecb41c1be39c5267de86275e842f
223,1595.0553284817067,0.9969111753563952,0xcd6e96e460f52348d5f8be5456221c9c82b5a6b5,2017-11-01T08:26:33.000Z,0.000625001,0x9ebf0e03c7048fdeea5cd9f4377439656d9c155a,sell,0x4dc3643dbc642b72c158e7f3d2ff232df61cb6ce,0x17c6d0bea30bb55b1010f882cfd678130f838fe33a6989fb983bbf178228f670
224,4.105273651679792,0.002827630385804007,0x899888f5f43a4521dcb8163622853168b11c9f2f,2017-11-01T08:09:34.000Z,0.0006887799999999998,0x27f272d0233707368a22fd4cbaf6182af3957d8c,sell,0x4dc3643dbc642b72c158e7f3d2ff232df61cb6ce,0x80478f6baa18d4b4f9b54ae2c3162ad9f5dbc55e62c73d7303476b1711885e1b
225,4.118,0.00273847,0x27f272d0233707368a22fd4cbaf6182af3957d8c,2017-11-01T08:06:19.000Z,0.000665,0xe448f88bdd86658308994de3c90a473f04abb4d4,buy,0x4dc3643dbc642b72c158e7f3d2ff232df61cb6ce,0xae30095ddcd810ed16455cf53bcfec5172b90a748a9ee593b8682478bf957add
226,1000,0.688777,0xe1354d439daf03506812378d0e231414ebf7350e,2017-11-01T07:35:55.000Z,0.000688777,0x29bcddb0eae47c53f424bf9dbe7fda42accacdd3,buy,0x4dc3643dbc642b72c158e7f3d2ff232df61cb6ce,0x745ba1d3b45e06a7e3d05ef649d624805babf4d2bec7cabada5ecff19d033c5f
227,2723,1.87554794,0x422d7c1f2f04e7582163d1381a436516f4de3c2a,2017-11-01T07:24:30.000Z,0.00068878,0xcd6e96e460f52348d5f8be5456221c9c82b5a6b5,buy,0x4dc3643dbc642b72c158e7f3d2ff232df61cb6ce,0x9b1ab692ffec158f1c26971307c6aa1de86d8e0cf05bc849377cc695c92b2f94
228,2701.216,2.025914701216,0x1b7eb36f0c8ef3d2dbc0217e68c4c27b723b3c9d,2017-11-01T07:24:30.000Z,0.000750001,0x422d7c1f2f04e7582163d1381a436516f4de3c2a,sell,0x4dc3643dbc642b72c158e7f3d2ff232df61cb6ce,0x9b1ab692ffec158f1c26971307c6aa1de86d8e0cf05bc849377cc695c92b2f94
229,1368.6667060000075,0.910163359490005,0x6d2f27149fbf6c559008e95ede61ff20f3e4b847,2017-11-01T07:24:30.000Z,0.000665,0xe448f88bdd86658308994de3c90a473f04abb4d4,buy,0x4dc3643dbc642b72c158e7f3d2ff232df61cb6ce,0x29f9a241ba9d0c3a021d3c3f8f27f8e632f6957259bd7b02c7c101feadc8dbf3
230,1364.5607058820074,1.0234218939722115,0x1b7eb36f0c8ef3d2dbc0217e68c4c27b723b3c9d,2017-11-01T07:24:30.000Z,0.000750001,0x6d2f27149fbf6c559008e95ede61ff20f3e4b847,sell,0x4dc3643dbc642b72c158e7f3d2ff232df61cb6ce,0x29f9a241ba9d0c3a021d3c3f8f27f8e632f6957259bd7b02c7c101feadc8dbf3
231,391.9447468164419,0.26064325663293386,0x1d5321e125f6c7079a716705541c7b371ca79e69,2017-11-01T07:17:17.000Z,0.000665,0xe448f88bdd86658308994de3c90a473f04abb4d4,buy,0x4dc3643dbc642b72c158e7f3d2ff232df61cb6ce,0xbf488c34b1a3888c8168403042a211e2bf2216475aacfdd69f012b33d76b6361
232,390.7724295278583,0.281356149260058,0xce273629c61fa936e939f2bc33602850c58a7a8a,2017-11-01T07:17:17.000Z,0.0007199999999999999,0x1d5321e125f6c7079a716705541c7b371ca79e69,sell,0x4dc3643dbc642b72c158e7f3d2ff232df61cb6ce,0xbf488c34b1a3888c8168403042a211e2bf2216475aacfdd69f012b33d76b6361
233,1180.548,0.86180004,0xce273629c61fa936e939f2bc33602850c58a7a8a,2017-11-01T07:16:25.000Z,0.00073,0x422d7c1f2f04e7582163d1381a436516f4de3c2a,sell,0x4dc3643dbc642b72c158e7f3d2ff232df61cb6ce,0xb91742eae14af3aa7b5fc3ba2f2238ff320424dd414029251aa6a14a628e9d3b
234,1185.2701919999997,0.7882046776799998,0x422d7c1f2f04e7582163d1381a436516f4de3c2a,2017-11-01T07:16:25.000Z,0.000665,0xe448f88bdd86658308994de3c90a473f04abb4d4,buy,0x4dc3643dbc642b72c158e7f3d2ff232df61cb6ce,0xb91742eae14af3aa7b5fc3ba2f2238ff320424dd414029251aa6a14a628e9d3b
235,204.36646866915203,0.12588974470019765,0x6ee3c78a15071bfca6acd1d71f8567625118d1ff,2017-11-01T06:55:32.000Z,0.000616,0x8493b1635b575c443ec25f5ea4ce16cd7009215a,sell,0x4dc3643dbc642b72c158e7f3d2ff232df61cb6ce,0x74f889ada596bea7653169f688cec1a8a3ec05910fe25b949a087e9a558ad64a
236,1.3424686929793883,0.00082642775480419,0x9e41fd0e10b26611b8368a3875a16f4aa7f12693,2017-11-01T06:51:22.000Z,0.0006156029999999997,0x618be0c21d21ddfb660e0e3e1d90c5ddc3542a8f,sell,0x4dc3643dbc642b72c158e7f3d2ff232df61cb6ce,0xd3681e6f3be4fc70236802ac274e02afd91393af4eed5b8b0c84b0830825dcd4
237,13466.303459276243,8.289896808440833,0x9e41fd0e10b26611b8368a3875a16f4aa7f12693,2017-11-01T06:49:40.000Z,0.0006156029999999999,0x618be0c21d21ddfb660e0e3e1d90c5ddc3542a8f,sell,0x4dc3643dbc642b72c158e7f3d2ff232df61cb6ce,0x6609afd3ea1be37a7428094231388f617628e08d379f0ed5056d8d0d2f352f08
238,3140,1.99391256,0xa6bae6a84f7131f65891cee52ab215a277e5d482,2017-11-01T06:48:21.000Z,0.000635004,0x618be0c21d21ddfb660e0e3e1d90c5ddc3542a8f,sell,0x4dc3643dbc642b72c158e7f3d2ff232df61cb6ce,0x9835038ab34752b5a91f82eab2f155130271fb959bbf49bfaf84fb2b6bcfbd74
239,4950,3.14325,0xe448f88bdd86658308994de3c90a473f04abb4d4,2017-11-01T06:48:21.000Z,0.000635,0x618be0c21d21ddfb660e0e3e1d90c5ddc3542a8f,sell,0x4dc3643dbc642b72c158e7f3d2ff232df61cb6ce,0xfe1414266a886a4009e6c6c56202742111632320b6b8b9276248a60b6a57fb32
240,1227,0.7801387473,0x29bcddb0eae47c53f424bf9dbe7fda42accacdd3,2017-11-01T06:48:13.000Z,0.0006358099,0x618be0c21d21ddfb660e0e3e1d90c5ddc3542a8f,sell,0x4dc3643dbc642b72c158e7f3d2ff232df61cb6ce,0xae55de84c459ffd9ce345ff301a2703abd3417e0b0952ef3c6fd99f30bbb411a
241,1131.048,0.780308884152,0x297ac1d5b2ae89feff093956912d8da71be85002,2017-11-01T06:26:48.000Z,0.000689899,0x29bcddb0eae47c53f424bf9dbe7fda42accacdd3,buy,0x4dc3643dbc642b72c158e7f3d2ff232df61cb6ce,0x8f9797ab6619e1f6d15f752421d34377ad244a8c1297d75f5b7482fe2750a409
242,6005,3.621015,0x8144746ffb4c0912bcbd90fe92101323643af865,2017-11-01T05:41:53.000Z,0.000603,0x29b01fe829485e94a020781314be63b37b9232b4,sell,0x4dc3643dbc642b72c158e7f3d2ff232df61cb6ce,0x51b6ba82a809a5adf125dfc495a2ef6dad05df8a761fa87cc1f5f7f0fd451ea4
243,49.418,0.0296508,0xe5dc2de56fa259eb6b72347fc75731cd70091936,2017-11-01T05:23:15.000Z,0.0006,0x29b01fe829485e94a020781314be63b37b9232b4,sell,0x4dc3643dbc642b72c158e7f3d2ff232df61cb6ce,0x7ac00e29e78c658dd69f2fb7ede1d78aab023defa667c9f1d078c8aacb6d360f
244,10000,6,0x00866a2ad694dae635916957263393dd3214fdd3,2017-11-01T05:22:28.000Z,0.0006,0x29b01fe829485e94a020781314be63b37b9232b4,sell,0x4dc3643dbc642b72c158e7f3d2ff232df61cb6ce,0xa3b467d56e7d9d317e17d1653722a8546785d4c303777e198335115053f7d205
245,2.991,0.001809555,0x60143b6b44b8a04723fa4848f5b68310044fb176,2017-11-01T05:18:29.000Z,0.000605,0x29b01fe829485e94a020781314be63b37b9232b4,sell,0x4dc3643dbc642b72c158e7f3d2ff232df61cb6ce,0xa49f98721bc477ebf34b4e2062a0ac7ad23f35c5e5f2bdd3b87158e33146cfc7
246,1000,0.6121,0x5a86ebf9a0e6f8181ed5143557f7b8ba89957fcc,2017-11-01T05:18:29.000Z,0.0006121,0x29b01fe829485e94a020781314be63b37b9232b4,sell,0x4dc3643dbc642b72c158e7f3d2ff232df61cb6ce,0x14b2d4676943e58cc95d3b51fb05b974067de1c68425660c7bbc93c6a19fd9e9
247,412,0.2472,0xb9af9e3af2347b952e5c12950c2eeda719c4db34,2017-11-01T05:18:29.000Z,0.0006,0x29b01fe829485e94a020781314be63b37b9232b4,sell,0x4dc3643dbc642b72c158e7f3d2ff232df61cb6ce,0x1087e4cf528ce70cf66b01aef4024d3c583d7c9aab9def6e1251a5ef4072022d
248,1400,0.868,0x040a896df8d559f0269f54752cdca47034a384e2,2017-11-01T05:18:09.000Z,0.00062,0x29b01fe829485e94a020781314be63b37b9232b4,sell,0x4dc3643dbc642b72c158e7f3d2ff232df61cb6ce,0x2d13a1d49dc97488a15f3783371f7fb64cec513e4906ae0092180edb1725b8b9
249,130,0.082693,0x3a0cc8afecbb6fe9567cd7e6dac685287f7a217d,2017-11-01T05:18:09.000Z,0.0006361,0x29b01fe829485e94a020781314be63b37b9232b4,sell,0x4dc3643dbc642b72c158e7f3d2ff232df61cb6ce,0x00633fa8ac82face601af109ea7be75ee9e456b17351b52cf0eb8d4bf311c3bc
250,1621,0.9995086,0xd1ea3bf69911eadb47e469ebfb40670bd0e5868b,2017-11-01T05:18:09.000Z,0.0006166,0x29b01fe829485e94a020781314be63b37b9232b4,sell,0x4dc3643dbc642b72c158e7f3d2ff232df61cb6ce,0x72b83e17599e97537280582679af554b86d2d614b526443e2f8b07f4fc8c1b06
251,900,0.5535,0x1716407edd41c461d7cb57189f3eb054dd58e432,2017-11-01T05:16:46.000Z,0.000615,0x29b01fe829485e94a020781314be63b37b9232b4,sell,0x4dc3643dbc642b72c158e7f3d2ff232df61cb6ce,0x7c41c7278277c70a753aeabe4e12f37253b024068949275710c58005eebf119d
252,903.298,0.550364115334,0xb93d6f5431af7bc7243cfe81b6b658255b9babff,2017-11-01T05:16:30.000Z,0.000609283,0x29b01fe829485e94a020781314be63b37b9232b4,sell,0x4dc3643dbc642b72c158e7f3d2ff232df61cb6ce,0x19026c2cff22201bbb6848004e09c1a32d41dd13f2baa4022392f52fc1cfe92f
253,4060,2.436,0x8016411fb173eab21335d99b872fcf6e4b2136ca,2017-11-01T05:16:14.000Z,0.0006,0x29b01fe829485e94a020781314be63b37b9232b4,sell,0x4dc3643dbc642b72c158e7f3d2ff232df61cb6ce,0xf5f07ef153a1591aa45199448df540778e3b96cac5e1e1f9be0f1878712d00a6
254,1950,1.2168,0x1716407edd41c461d7cb57189f3eb054dd58e432,2017-11-01T05:14:59.000Z,0.000624,0x29b01fe829485e94a020781314be63b37b9232b4,sell,0x4dc3643dbc642b72c158e7f3d2ff232df61cb6ce,0x2236d9550ce43aa5f2b1a83483b02c2037d296d83bba70a16165736efee08052
255,695.461,0.434663125,0x6ee3c78a15071bfca6acd1d71f8567625118d1ff,2017-11-01T05:14:59.000Z,0.000625,0x29b01fe829485e94a020781314be63b37b9232b4,sell,0x4dc3643dbc642b72c158e7f3d2ff232df61cb6ce,0x06c11c154d1d142974a6d45d63468c7ffcd9a14dd257211e1d63ef8a534894b1
256,300,0.198,0x46b4976454ca3a5325a02590212bc8519810c139,2017-11-01T05:14:39.000Z,0.00066,0x29b01fe829485e94a020781314be63b37b9232b4,sell,0x4dc3643dbc642b72c158e7f3d2ff232df61cb6ce,0x0d87bedfb86f175fd8a0de3135e9a69720ebe4c255746e340adb184727cc63a8
257,6.442,0.004444976779,0xcdb791aba67134db7336cbd7edc22db9dfafa68a,2017-11-01T05:03:45.000Z,0.0006899995,0x221bcdbad28f8d978bd91e62f6eef3e23526943f,buy,0x4dc3643dbc642b72c158e7f3d2ff232df61cb6ce,0x51fe133c2731cfa8de7999c012ad8dc223318a1fc37146ca280e1da27f54c132
258,6.442,0.00450946442,0xab6d487c4b0e07735dee2221383a45418eac7474,2017-11-01T05:02:42.000Z,0.00070001,0x6ee3c78a15071bfca6acd1d71f8567625118d1ff,sell,0x4dc3643dbc642b72c158e7f3d2ff232df61cb6ce,0xe906af8b5914bb01ad6406fcc718a3925f40f52c22b27f54959f65f05922837b
259,59.02607848690694,0.04131884520161973,0xab6d487c4b0e07735dee2221383a45418eac7474,2017-11-01T04:50:34.000Z,0.00070001,0xcdb791aba67134db7336cbd7edc22db9dfafa68a,sell,0x4dc3643dbc642b72c158e7f3d2ff232df61cb6ce,0x873a005131483aab224e23fe202594f501136f71e925111e8f29266a454e492a
260,59.203205864834786,0.04085018244513307,0xcdb791aba67134db7336cbd7edc22db9dfafa68a,2017-11-01T04:49:37.000Z,0.0006899995,0x221bcdbad28f8d978bd91e62f6eef3e23526943f,buy,0x4dc3643dbc642b72c158e7f3d2ff232df61cb6ce,0x611ed3b66829841794a9245e4febca56dfb371efc1e91090451575bc91cfffdb
261,58.53465381561465,0.04097484301746841,0xab6d487c4b0e07735dee2221383a45418eac7474,2017-11-01T04:47:29.000Z,0.00070001,0xcdb791aba67134db7336cbd7edc22db9dfafa68a,sell,0x4dc3643dbc642b72c158e7f3d2ff232df61cb6ce,0x8c0267b7aa0bd9743582305304dc510461fd7440f2e1d1637fa4c0312425b0a2
262,0.003,0.0000020699985,0xcdb791aba67134db7336cbd7edc22db9dfafa68a,2017-11-01T04:47:04.000Z,0.0006899995,0x221bcdbad28f8d978bd91e62f6eef3e23526943f,buy,0x4dc3643dbc642b72c158e7f3d2ff232df61cb6ce,0x958b5e4291845a0dc58472a45bb1bb3258242c2496d6be03b3f69acb7e9a16c9
263,58.713111242443055,0.040512017400730085,0xcdb791aba67134db7336cbd7edc22db9dfafa68a,2017-11-01T04:46:16.000Z,0.0006899995,0x221bcdbad28f8d978bd91e62f6eef3e23526943f,buy,0x4dc3643dbc642b72c158e7f3d2ff232df61cb6ce,0xbee8dcac5d4210eda6be11f47f1672574ecbc6d9f039fd4042b877a61aa105fe
264,0.9970089730807578,0.000697916251246261,0xab6d487c4b0e07735dee2221383a45418eac7474,2017-11-01T04:27:18.000Z,0.0007000099999999998,0x1d5321e125f6c7079a716705541c7b371ca79e69,sell,0x4dc3643dbc642b72c158e7f3d2ff232df61cb6ce,0xf0b0a0ca2dd3de737662f9ad274ff14beb0974d650540d10fa9f151b06fe2366
265,1,0.0005,0x1d5321e125f6c7079a716705541c7b371ca79e69,2017-11-01T04:27:18.000Z,0.0005,0x2ee76a713a274b7fd4265b0f51c01d4586e4f24f,buy,0x4dc3643dbc642b72c158e7f3d2ff232df61cb6ce,0xf0b0a0ca2dd3de737662f9ad274ff14beb0974d650540d10fa9f151b06fe2366
266,4269.278237463862,2.56242079812581,0x8016411fb173eab21335d99b872fcf6e4b2136ca,2017-11-01T04:03:06.000Z,0.0006002,0xb9f9d6b531546e4c80058bee5749d72ffc76b54f,sell,0x4dc3643dbc642b72c158e7f3d2ff232df61cb6ce,0x9803caa2a6d7fe4caec216b0cc56fd2c40383e4a02e472d5fd374938571691b8
267,2829,1.742664,0xd3a65f8c8c5ed562d8ea7a1fc8dc4391e26c4684,2017-11-01T04:02:10.000Z,0.000616,0xb9f9d6b531546e4c80058bee5749d72ffc76b54f,sell,0x4dc3643dbc642b72c158e7f3d2ff232df61cb6ce,0x36f02143708c46ffc3c1d3aa0e25d684372eacf4534b0313ef636c65dd2797f3
268,14.26620502724397,0.009972077314043535,0xb59dbf8864663544b761be1baf58bbbad39511d2,2017-11-01T03:33:33.000Z,0.000699,0x350fb677631245226b45e6192a02581ed44db1e3,buy,0x4dc3643dbc642b72c158e7f3d2ff232df61cb6ce,0x644a46fa2b6fb10f0c1cc933abeb92613bc19f395c9c3d1426997b1314adaa83
269,3,0.002097,0x8ed0bb52eac702619d19a7629d5c7637ab905cef,2017-11-01T02:56:41.000Z,0.000699,0x350fb677631245226b45e6192a02581ed44db1e3,buy,0x4dc3643dbc642b72c158e7f3d2ff232df61cb6ce,0x24f753c5f0b1a001108934cac28c31a6a3df952ef9a4f99d78980aaab286c6f1
270,1,0.0007,0xed2ca7381d82f8fb9bcc54ea6ab6526e35aece25,2017-11-01T02:49:31.000Z,0.0007,0xe1e1d0d73eeb29d0632bc4c7871bfc74dbed0741,buy,0x4dc3643dbc642b72c158e7f3d2ff232df61cb6ce,0xd92edcf437e21fea5ec39eb10819c6f9aa296447bb096e9bbc87303dfb0e3cfe
271,1,0.0006999,0xe2b48b3dd0b33283b4802e63e65518f27e635054,2017-11-01T02:49:10.000Z,0.0006999,0x583b640795999aa2bb22c1a62a91336ff9d325bb,buy,0x4dc3643dbc642b72c158e7f3d2ff232df61cb6ce,0x65916789ae2e3566ba97743fcbfaf24a9780e615e8e2e5b1ca25b89b17a63030
272,900,0.5535,0x1716407edd41c461d7cb57189f3eb054dd58e432,2017-11-01T02:20:32.000Z,0.000615,0xf15822cf81840ea5a8e1e7748b72abee5f93a152,sell,0x4dc3643dbc642b72c158e7f3d2ff232df61cb6ce,0xbeac7bb07c4eb1bb3d88f1887fd1e1034ba7769e720a64fc2955ce5ac719e045
273,2301.599071110061,1.3814197624802584,0x1716407edd41c461d7cb57189f3eb054dd58e432,2017-11-01T02:10:37.000Z,0.0006002,0xc0597ae9faf2cb4481e6281e6af88b9a3de914ad,sell,0x4dc3643dbc642b72c158e7f3d2ff232df61cb6ce,0x5ccf54663ad351a5c844bfd11660078bdd96809fb1f7f3e0213aafea08febade
274,16514.891633052805,9.910602983886621,0xeaa3c4a5914630143536f0593ecfa1035a7ba3e6,2017-11-01T02:09:50.000Z,0.000600101,0xc0597ae9faf2cb4481e6281e6af88b9a3de914ad,sell,0x4dc3643dbc642b72c158e7f3d2ff232df61cb6ce,0x8c16ff7ea8cc501fbded2c4535226787d374cdabeb3c49feacc2b1d17cd4614d
275,29437.1513180008,17.6652639430836,0xeaa3c4a5914630143536f0593ecfa1035a7ba3e6,2017-11-01T02:02:27.000Z,0.000600101,0x6e1801a6c4860f390d485ce43927cf2f140f07e5,sell,0x4dc3643dbc642b72c158e7f3d2ff232df61cb6ce,0x505f13f2f6b5da87539d8c31b490ef0ef36429ef57de0c59fed2332ba4c6f328
276,0.006629446760288684,0.000003978337630296,0x84d7a3202156e57b98cf4685c5cda2a27bba1097,2017-11-01T01:49:05.000Z,0.000600101,0xc0597ae9faf2cb4481e6281e6af88b9a3de914ad,buy,0x4dc3643dbc642b72c158e7f3d2ff232df61cb6ce,0x79285a426b2763b11deea2f5ccc0347db23dd0a2cda5dc5cb601dac36508ca4b
277,1,0.000600101,0xe1fa699860444be91d366c21de8fef56e3dec77a,2017-11-01T01:48:00.000Z,0.000600101,0xc0597ae9faf2cb4481e6281e6af88b9a3de914ad,buy,0x4dc3643dbc642b72c158e7f3d2ff232df61cb6ce,0xb9a6a0ad71310043199df8c3f973a74aac83d86cb4169d30fdc845b3747f11bf
278,66.49998045243103,0.03990670476948431,0x84d7a3202156e57b98cf4685c5cda2a27bba1097,2017-11-01T01:47:01.000Z,0.000600101,0xc0597ae9faf2cb4481e6281e6af88b9a3de914ad,buy,0x4dc3643dbc642b72c158e7f3d2ff232df61cb6ce,0x161a4bae5c0dc6b59a382b95f7126290e7d5e910d585eae2655aec74343d17ea
279,1000,0.600101,0x1d5321e125f6c7079a716705541c7b371ca79e69,2017-11-01T01:44:01.000Z,0.000600101,0xc0597ae9faf2cb4481e6281e6af88b9a3de914ad,buy,0x4dc3643dbc642b72c158e7f3d2ff232df61cb6ce,0x6e76926cc0d663ec393435d78f1c9abde985d47718bcb80511c7f95091da14b0
280,997.0089730807578,0.6031904287138584,0x60143b6b44b8a04723fa4848f5b68310044fb176,2017-11-01T01:44:01.000Z,0.000605,0x1d5321e125f6c7079a716705541c7b371ca79e69,sell,0x4dc3643dbc642b72c158e7f3d2ff232df61cb6ce,0x6e76926cc0d663ec393435d78f1c9abde985d47718bcb80511c7f95091da14b0
281,59.14508475658769,0.03755718796551794,0x6f72d9d38c670ba5176542e12e8699c4bef2a722,2017-11-01T01:42:49.000Z,0.000635001,0x273a5d3e6721b9f5c1a6474f560c1334c63dda01,sell,0x4dc3643dbc642b72c158e7f3d2ff232df61cb6ce,0xf0c052b6d6ec9778ab3d3a00c8ee42dc628e7ad13e7d9e235416280891a98097
282,59.32305391834272,0.035599823979451384,0x273a5d3e6721b9f5c1a6474f560c1334c63dda01,2017-11-01T01:42:49.000Z,0.000600101,0xc0597ae9faf2cb4481e6281e6af88b9a3de914ad,buy,0x4dc3643dbc642b72c158e7f3d2ff232df61cb6ce,0xf0c052b6d6ec9778ab3d3a00c8ee42dc628e7ad13e7d9e235416280891a98097
283,7774.897816768019,4.665723954740305,0xeaa3c4a5914630143536f0593ecfa1035a7ba3e6,2017-11-01T01:42:17.000Z,0.000600101,0x4a693868650fdc449ebb599d22fecc0f7d224462,sell,0x4dc3643dbc642b72c158e7f3d2ff232df61cb6ce,0xfe6a1bb319572015114efe955f666b24d3709a7c17daa5930e797d1981f970f2
284,3931.0600962811172,2.3590330948383946,0xeaa3c4a5914630143536f0593ecfa1035a7ba3e6,2017-11-01T01:41:15.000Z,0.000600101,0xa1a6b68823030dd90c11bb0ac3a2401840e856a8,sell,0x4dc3643dbc642b72c158e7f3d2ff232df61cb6ce,0xd5450f81094cacb3c318759f2325795a8ae4f089baaa2ffed4113ecbcb9b482c
285,50000,30.05,0x7f427765bb3d5a97ff1cea9ac99c0879497a6163,2017-11-01T01:39:37.000Z,0.000601,0xa1a6b68823030dd90c11bb0ac3a2401840e856a8,sell,0x4dc3643dbc642b72c158e7f3d2ff232df61cb6ce,0xcbe1b3e6a8c7b175c461cb53aa4ddca0231e9f12f197ce9bf163691ae4d5b363
286,17000,10.234,0x221bcdbad28f8d978bd91e62f6eef3e23526943f,2017-11-01T01:37:53.000Z,0.000602,0xa1a6b68823030dd90c11bb0ac3a2401840e856a8,sell,0x4dc3643dbc642b72c158e7f3d2ff232df61cb6ce,0x472166ca0b83e7c592ad7e8ab2fa9decd4835978e29b15ede654b7140753a5e3
287,8750,5.5125,0x579718cee9163a4318bbb275c554e4ce8f029333,2017-11-01T01:35:50.000Z,0.00063,0x6e1801a6c4860f390d485ce43927cf2f140f07e5,sell,0x4dc3643dbc642b72c158e7f3d2ff232df61cb6ce,0x3c04e72f7f1f19efefd30e1ba1fcaa36f84fd00153b1eb555b960f1f1003e45d
288,5000,3.18,0x583b640795999aa2bb22c1a62a91336ff9d325bb,2017-11-01T01:32:40.000Z,0.000636,0xa1a6b68823030dd90c11bb0ac3a2401840e856a8,sell,0x4dc3643dbc642b72c158e7f3d2ff232df61cb6ce,0xf34967e4b28de3ce57f55398e80d74e6cc72be0d30b708cfa9f623131730b76d
289,7469.201694266283,4.757881479247622,0x940805ce79b67bc357e5ff14bb81bdb8b81a537d,2017-11-01T01:30:46.000Z,0.000637,0xa1a6b68823030dd90c11bb0ac3a2401840e856a8,sell,0x4dc3643dbc642b72c158e7f3d2ff232df61cb6ce,0x6a7c639d2f9cd98a770b035e944272a2416bb083be581fa82524b09ca253c4f9
290,7030.798305733717,4.478618520752377,0x940805ce79b67bc357e5ff14bb81bdb8b81a537d,2017-11-01T01:28:45.000Z,0.000637,0xdba59b8cf095f5a6cf65854a84bcda87651e7195,sell,0x4dc3643dbc642b72c158e7f3d2ff232df61cb6ce,0x3e5d5837285ddd5a46c4229d9e96c585a32f264cec3406a28ee644f3306f13a4
291,432.231,0.27662784,0x6ee3c78a15071bfca6acd1d71f8567625118d1ff,2017-11-01T01:27:13.000Z,0.00064,0xdba59b8cf095f5a6cf65854a84bcda87651e7195,sell,0x4dc3643dbc642b72c158e7f3d2ff232df61cb6ce,0x6df353804fccdda5e2f50c43da2198d58cc528005ce0f9c191fd50e05eb268b0
292,8700,5.5419087,0x6f72d9d38c670ba5176542e12e8699c4bef2a722,2017-11-01T01:27:13.000Z,0.000637001,0xdba59b8cf095f5a6cf65854a84bcda87651e7195,sell,0x4dc3643dbc642b72c158e7f3d2ff232df61cb6ce,0x85d084994ec45266890a31033690bc47c791d79aa65e6ef11fb7ddda13e1f91f
293,8907.210695782704,5.673911027634974,0x7d281290a012805bbebd54791a9df6c2bb30b2f2,2017-11-01T01:25:21.000Z,0.000637002,0xdba59b8cf095f5a6cf65854a84bcda87651e7195,sell,0x4dc3643dbc642b72c158e7f3d2ff232df61cb6ce,0xfc7ad3dffa6818e84e888cae1d904a1ee8bfcd1177465fcde80376208e065549
294,593.4589942635099,0.42069595952547106,0x63012ca4b1124b5b05bb8e30aee5edcac8aa49b3,2017-11-01T00:59:01.000Z,0.000708888,0xa1a6b68823030dd90c11bb0ac3a2401840e856a8,buy,0x4dc3643dbc642b72c158e7f3d2ff232df61cb6ce,0xb716645396d26d85d224539c499bd517b285821315a5c01e476d5e76052e4849
295,19.94,0.012961,0x63012ca4b1124b5b05bb8e30aee5edcac8aa49b3,2017-11-01T00:47:14.000Z,0.00065,0xcf5fa18052eb3df849096fa5718f123ad31cbe9f,buy,0x4dc3643dbc642b72c158e7f3d2ff232df61cb6ce,0x3f3c064b9a36871ed0b428c70119add816f266cbdc776037c60ff786b63ba258
296,692.789304217296,0.441308172365026,0x7d281290a012805bbebd54791a9df6c2bb30b2f2,2017-11-01T00:43:18.000Z,0.000637002,0xbc18642c7e0647d6e65b53cadefb4367d8f85a97,sell,0x4dc3643dbc642b72c158e7f3d2ff232df61cb6ce,0x918cf66bf8ddc3ab32638020922c2bc2d72145084311d7c3172599f24bf6dcae
297,520,0.3328,0x6ee3c78a15071bfca6acd1d71f8567625118d1ff,2017-11-01T00:41:58.000Z,0.00064,0xbc18642c7e0647d6e65b53cadefb4367d8f85a97,sell,0x4dc3643dbc642b72c158e7f3d2ff232df61cb6ce,0xab8300b9144c36d047f45409ff533381cac1a4189e1e8bf00e35453de6a50055
298,926.5655210527418,0.5930028600392758,0xe1e1d0d73eeb29d0632bc4c7871bfc74dbed0741,2017-11-01T00:06:17.000Z,0.000640001,0xbc18642c7e0647d6e65b53cadefb4367d8f85a97,sell,0x4dc3643dbc642b72c158e7f3d2ff232df61cb6ce,0xdfe77169726503702ae8e3ebef729de62ee6b6962d32cb4e379cb498a3390809
299,1073.4344789472582,0.6869991399607243,0xe1e1d0d73eeb29d0632bc4c7871bfc74dbed0741,2017-11-01T00:02:06.000Z,0.000640001,0xe48408a6c73b290e896c59c844f8cd7954c27aad,sell,0x4dc3643dbc642b72c158e7f3d2ff232df61cb6ce,0x943acb5c57d8ea801d6ddb8073c661a3df2f105442a0ce785919d6dbd5a4da4e
300,3000,1.920004499997,0x221bcdbad28f8d978bd91e62f6eef3e23526943f,2017-11-01T00:00:56.000Z,0.000640001499999,0xe48408a6c73b290e896c59c844f8cd7954c27aad,sell,0x4dc3643dbc642b72c158e7f3d2ff232df61cb6ce,0x3381b6934933f8e24879641412ada87f55d91f9de66c1482609efacd9150f939
301,280,0.182028,0xcd6e96e460f52348d5f8be5456221c9c82b5a6b5,2017-10-31T23:56:53.000Z,0.0006501,0xbc18642c7e0647d6e65b53cadefb4367d8f85a97,sell,0x4dc3643dbc642b72c158e7f3d2ff232df61cb6ce,0x26fba4906a9169e04faaebf7ea9f258ab575946d392a7b8ebe17a19061cafeae
302,330,0.2178,0x3edc3d0f431cb4981b13a4334f37f15735dc84fb,2017-10-31T23:56:51.000Z,0.00066,0xbc18642c7e0647d6e65b53cadefb4367d8f85a97,sell,0x4dc3643dbc642b72c158e7f3d2ff232df61cb6ce,0x69d920a70322ba9e51102f3ff173c224f75a341f6e9bec5e857f7c887d5268f4
303,1540,1.001,0x06a6f1c0c3aa47791ecf87275fe7ddd89591d39a,2017-10-31T23:56:51.000Z,0.00065,0xbc18642c7e0647d6e65b53cadefb4367d8f85a97,sell,0x4dc3643dbc642b72c158e7f3d2ff232df61cb6ce,0x8cfb0b00eb1f5c27bdc0c820ba5e6edee8504e16ee138df1e09ebfab54a25917
304,200,0.134,0x3edc3d0f431cb4981b13a4334f37f15735dc84fb,2017-10-31T23:56:51.000Z,0.00067,0xbc18642c7e0647d6e65b53cadefb4367d8f85a97,sell,0x4dc3643dbc642b72c158e7f3d2ff232df61cb6ce,0xb381b74125013dfc4eee2a9ad9115ccdcbb00f8e02994d20d698851e5b7186bd
305,7,0.00469,0xd58c732b90b0a53d94b206b81ed77dd899aa7739,2017-10-31T23:56:51.000Z,0.00067,0xbc18642c7e0647d6e65b53cadefb4367d8f85a97,sell,0x4dc3643dbc642b72c158e7f3d2ff232df61cb6ce,0xa4c44f338fadd71bd809c4f4740bbb313600ab8517e52d4f226fb51b7e639f82
306,412.99887753539906,0.2767092479487174,0xad7f84324d7e4e042ac6bce6f29c2f9b4f536cc6,2017-10-31T23:52:38.000Z,0.00067,0xe48408a6c73b290e896c59c844f8cd7954c27aad,sell,0x4dc3643dbc642b72c158e7f3d2ff232df61cb6ce,0x8a64c6cbc20a4d4c5791c887cadbb4f7daf12e0c0f66a7d6d67c0b5ab36b0f4a
307,587.0011224646009,0.3932907520512826,0xad7f84324d7e4e042ac6bce6f29c2f9b4f536cc6,2017-10-31T22:31:57.000Z,0.00067,0x58b1e8eb42d870ecccc782674cc3e9467828e2c1,sell,0x4dc3643dbc642b72c158e7f3d2ff232df61cb6ce,0xc525ecf925b326e37b68f150ca4c7899718f5ee5573482a3d00d07343cb7d19d
308,61.24583428816893,0.04287208400171825,0x3edc3d0f431cb4981b13a4334f37f15735dc84fb,2017-10-31T22:29:23.000Z,0.0007,0x58b1e8eb42d870ecccc782674cc3e9467828e2c1,sell,0x4dc3643dbc642b72c158e7f3d2ff232df61cb6ce,0xeda9bf08bfb91cc797b550a01cd58d2295e8c1e5cbebdad65ff35da6e879a802
309,118.75416571183108,0.08312791599828175,0x3edc3d0f431cb4981b13a4334f37f15735dc84fb,2017-10-31T22:16:42.000Z,0.0007,0x9db8b98482bfde6b63e72a944cd38dd04a057d15,sell,0x4dc3643dbc642b72c158e7f3d2ff232df61cb6ce,0x0f251440a1ea7fec9e72248595503b744dd1378de8c0e0648a513797b7e3e39d
310,205.26191064253464,0.14368333744977424,0x09b6ec4d65a08b20d354979cd244de7b6b910fa1,2017-10-31T22:14:46.000Z,0.0007,0x9db8b98482bfde6b63e72a944cd38dd04a057d15,sell,0x4dc3643dbc642b72c158e7f3d2ff232df61cb6ce,0x82fa69bb41f0a969c63448b0ae7cd070eaca3815a58e6e6d2be3cdcdfc644801
311,168,0.12096,0xb47a384f6aab6b619b5470d3db88a2bb1aa97109,2017-10-31T21:22:43.000Z,0.00072,0xa1a6b68823030dd90c11bb0ac3a2401840e856a8,buy,0x4dc3643dbc642b72c158e7f3d2ff232df61cb6ce,0xf6e193e2560c39a514358447a5f7f6cb319ca7c6b03086235c81b722ebf1e3ed
312,0.6868226211898515,0.0005,0x350f6f675b20d606bb7f6c412ef4775c9bc57168,2017-10-31T20:41:49.000Z,0.00072799,0xd2355ac357cf32cb6f57a2bb94a238926e010629,buy,0x4dc3643dbc642b72c158e7f3d2ff232df61cb6ce,0x01206c8b25f03b4739d45148938635a39e31d9cce007240d62ef0af8f2360d93
313,0.6868226211898515,0.0005,0x3bfdec5343e950ce45522eef9948c977631b4000,2017-10-31T20:41:49.000Z,0.00072799,0xd2355ac357cf32cb6f57a2bb94a238926e010629,buy,0x4dc3643dbc642b72c158e7f3d2ff232df61cb6ce,0x617aadb26f9be44e5c631c76498440a30afd705b21842cbbfdab2ac96df8ec94
314,1247.066989364836,0.8355361299414296,0xa1a6b68823030dd90c11bb0ac3a2401840e856a8,2017-10-31T20:29:15.000Z,0.000670001,0x85f36648cb8abbc605ccad8d245997eabc784af0,sell,0x4dc3643dbc642b72c158e7f3d2ff232df61cb6ce,0x23e49be1bfab0dc81cc8f4693fd6646629b9e1877c4020752fc05fff1d94d8f9
315,246.5624543843065,0.17942349805545985,0x5868e00f0ee9f9b469ef0f74808f7ff458e97848,2017-10-31T19:54:07.000Z,0.0007277,0xcd6e96e460f52348d5f8be5456221c9c82b5a6b5,buy,0x4dc3643dbc642b72c158e7f3d2ff232df61cb6ce,0x15c3d67c78f60eec707eccf48d3bea0115a791def8d19384b602971e271b06f1
316,0.597,0.0019899801,0xa1db05ce4c3bca1c70892ce25f2e8b6a2b4272e5,2017-10-31T19:24:50.000Z,0.0033333,0x22169ccd7c8feea3f89fdbb69f860b271a597586,buy,0x4dc3643dbc642b72c158e7f3d2ff232df61cb6ce,0x40c511d1bf0b40a2cd565dfc05154dcfcd39251b87ad36da22fb2b2f25eca517
317,0.0965,0.00965,0xa1db05ce4c3bca1c70892ce25f2e8b6a2b4272e5,2017-10-31T19:23:14.000Z,0.1,0x7fef10c6290152d1e8de5d91f83f4c68e66f1141,buy,0x4dc3643dbc642b72c158e7f3d2ff232df61cb6ce,0x70e40613f48dc399373280adb67da1db13145d5f68e7514e5ff3d9b9b564407b
318,448.735,0.3360576415,0xa1db05ce4c3bca1c70892ce25f2e8b6a2b4272e5,2017-10-31T19:20:37.000Z,0.0007489,0xd4f61957daea5154b10a57727ffcac4cd954cba7,buy,0x4dc3643dbc642b72c158e7f3d2ff232df61cb6ce,0xa29215e8e71ef4c4d2dda8914903d773019edb54765f451b33c7f73c1871b782
319,5000,3.5,0x5868e00f0ee9f9b469ef0f74808f7ff458e97848,2017-10-31T18:44:51.000Z,0.0007,0xd9459cc85e78e0336adb349eabf257dbaf9d5a2b,buy,0x4dc3643dbc642b72c158e7f3d2ff232df61cb6ce,0x5845ecc83068b9a30c8c1af341f573f060813a7672abb51b3a200729b2e44074
320,3924.832004937843,2.85727769959475,0x1ec62d024185e54d0286d4c3d6b29dfcd741099c,2017-10-31T18:21:31.000Z,0.000728,0xa1a6b68823030dd90c11bb0ac3a2401840e856a8,buy,0x4dc3643dbc642b72c158e7f3d2ff232df61cb6ce,0x123da2b232e9e828f6694cc57323bc00c08c028e45dcf3e02c6e1ebee53f79ad
321,10,0.00729,0x1ec62d024185e54d0286d4c3d6b29dfcd741099c,2017-10-31T17:50:31.000Z,0.000729,0xa1a6b68823030dd90c11bb0ac3a2401840e856a8,buy,0x4dc3643dbc642b72c158e7f3d2ff232df61cb6ce,0x14ef1846fd3dcd611f93234efce1c990528e3a3b4c55a6d4a58c0ae5f978274e
322,100,0.073,0x1ec62d024185e54d0286d4c3d6b29dfcd741099c,2017-10-31T17:50:31.000Z,0.00073,0xa1a6b68823030dd90c11bb0ac3a2401840e856a8,buy,0x4dc3643dbc642b72c158e7f3d2ff232df61cb6ce,0x62c76330e6147dd7012882fb9c607f32c072b6336550f4a3d78f197a1a41d09b
323,225.362,0.166767654638,0x1ec62d024185e54d0286d4c3d6b29dfcd741099c,2017-10-31T17:50:31.000Z,0.000739999,0xcbb86082f42cd963278c4135fa7ea8dce2d20ce1,buy,0x4dc3643dbc642b72c158e7f3d2ff232df61cb6ce,0xed87bb105a7a648a85e6f8d9159962e71a197015192d521d0937d8d5177785c1
324,1779.936,1.317150860064,0x1ec62d024185e54d0286d4c3d6b29dfcd741099c,2017-10-31T17:50:05.000Z,0.000739999,0x162663df755d316742ea0abd7a97c95ed200674f,buy,0x4dc3643dbc642b72c158e7f3d2ff232df61cb6ce,0x40bcbc20b8e6862b24f04e727e32d9de817f8c9ee20a0f382c10dca6c7d2655b
325,19968.066,14.616624312,0x7ade197aa07d93eec674b96eb7ad7ea156afea37,2017-10-31T17:44:50.000Z,0.000732,0x5e0dd4b7c50e12306d2dcd3a12a120d22fa08524,sell,0x4dc3643dbc642b72c158e7f3d2ff232df61cb6ce,0x67ff2b0b0487c232590964566df1efbac61ceeecbc085a529665c4a5866ecb05
326,12982.753720016955,9.503375723052411,0x7ade197aa07d93eec674b96eb7ad7ea156afea37,2017-10-31T17:37:31.000Z,0.000732,0x5e0dd4b7c50e12306d2dcd3a12a120d22fa08524,sell,0x4dc3643dbc642b72c158e7f3d2ff232df61cb6ce,0xa6d5ef63e3a896ebb455068e6530c7547d09cb709e126ff31e89643d8309acfd
327,8000,5.88,0x7ade197aa07d93eec674b96eb7ad7ea156afea37,2017-10-31T17:35:46.000Z,0.000735,0x5e0dd4b7c50e12306d2dcd3a12a120d22fa08524,sell,0x4dc3643dbc642b72c158e7f3d2ff232df61cb6ce,0xcb5513184611deb223f387ab41e2307538349c61516ecbb5256c0e24d10b47f7
328,210,0.15539979,0x34dd058ffdc87b28d1402053db3c8b6272c16615,2017-10-31T17:10:40.000Z,0.000739999,0xcbb86082f42cd963278c4135fa7ea8dce2d20ce1,buy,0x4dc3643dbc642b72c158e7f3d2ff232df61cb6ce,0x0e1c0a2e171105927f31951170ad5218e983872fc7cb885b777cb5ad97ec5a27
329,399.1287782219853,0.27939014475538976,0x09b6ec4d65a08b20d354979cd244de7b6b910fa1,2017-10-31T17:09:43.000Z,0.0007,0xc8183dedec5e1b8cd8fcde452da92e3a35d9ae73,sell,0x4dc3643dbc642b72c158e7f3d2ff232df61cb6ce,0x5eea75ae06166711a33ed53fe54360235e7f769cd87ba40770acc694b7797387
330,500,0.35005,0x5a86ebf9a0e6f8181ed5143557f7b8ba89957fcc,2017-10-31T17:08:26.000Z,0.0007001,0xc8183dedec5e1b8cd8fcde452da92e3a35d9ae73,sell,0x4dc3643dbc642b72c158e7f3d2ff232df61cb6ce,0x79b966966eeffce33dac74cfdbd947d5565fd334cc27d27c48db89a12b736427
331,2000,1.37,0x67b12ec22e7898bc4eedf5290741df88e508f171,2017-10-31T16:51:36.000Z,0.000685,0xe91cac518879d868e7829459e721fb750fe0f467,sell,0x4dc3643dbc642b72c158e7f3d2ff232df61cb6ce,0xe338bb3a92b7263c2b96d0b240486a2ed1ec8df271a5b3f46930d4ce5b6f874c
332,2690,1.8830269,0xcd6e96e460f52348d5f8be5456221c9c82b5a6b5,2017-10-31T16:32:35.000Z,0.00070001,0xe91cac518879d868e7829459e721fb750fe0f467,sell,0x4dc3643dbc642b72c158e7f3d2ff232df61cb6ce,0x410a1866a10b457204d06ad3060bb014ebb3e9dadaba0ebb0a830df50e62cade
333,650.299,0.46171229,0xc9f0996b769c27b50c43b39187967319c2f29b45,2017-10-31T16:32:35.000Z,0.00071,0xe91cac518879d868e7829459e721fb750fe0f467,sell,0x4dc3643dbc642b72c158e7f3d2ff232df61cb6ce,0xc8a5d5d8d46a264f2737ecbdf99b6cb69c7080f7fe07b7b0cbb097655d892884
334,500,0.369995,0x06afb5bdc4a7ff2ece29bfe30a2e1ea139c84275,2017-10-31T16:32:30.000Z,0.00073999,0xe91cac518879d868e7829459e721fb750fe0f467,sell,0x4dc3643dbc642b72c158e7f3d2ff232df61cb6ce,0x5a5a017ccf37715f9e5a7831749ef45131dce500d2c99f7da954b8b3ad180477
335,148.4120786464142,0.10982345407756004,0xc0663f6730271424a51b9f5870aedecb0a57788c,2017-10-31T16:32:30.000Z,0.00073999,0xcbb86082f42cd963278c4135fa7ea8dce2d20ce1,buy,0x4dc3643dbc642b72c158e7f3d2ff232df61cb6ce,0xbbe88c6d00aa5f6ea37b22ab6b9326fedf78b00bb8d5b054ec63ec66a8a517a7
336,700,0.517993,0x67d2bf1c8ce48498cf5233673f4aefed251414c2,2017-10-31T16:24:46.000Z,0.00073999,0xcbb86082f42cd963278c4135fa7ea8dce2d20ce1,buy,0x4dc3643dbc642b72c158e7f3d2ff232df61cb6ce,0x38f7afafa131fc7e35ed8cc371782b1d99f1f5dd33354938ea801ba4619090cb
337,0.00993828711296049,0.000007056183850201,0xc9f0996b769c27b50c43b39187967319c2f29b45,2017-10-31T16:24:46.000Z,0.0007099999999999046,0xec23d60bc75034c4a8af3cd2de895385f65dc103,sell,0x4dc3643dbc642b72c158e7f3d2ff232df61cb6ce,0xdae9c5c666b35b79d18db2daf13aaf85814b0e559d6fa74c58a9d5e82ceea24b
338,99.69095803010667,0.07078058020137573,0xc9f0996b769c27b50c43b39187967319c2f29b45,2017-10-31T16:22:13.000Z,0.00071,0xec23d60bc75034c4a8af3cd2de895385f65dc103,sell,0x4dc3643dbc642b72c158e7f3d2ff232df61cb6ce,0x385360cd3282b663ed380f6ffa81d44c3440b8553c0695654ff7e0375edc606a
339,1120.1425434238768,0.8288942807082346,0xc9f0996b769c27b50c43b39187967319c2f29b45,2017-10-31T16:16:28.000Z,0.00073999,0xcd6e96e460f52348d5f8be5456221c9c82b5a6b5,buy,0x4dc3643dbc642b72c158e7f3d2ff232df61cb6ce,0x50b2f6013db153fdeb4f897023079fafb9cb14521db553dc5b3112ea471dfbe2
340,1430,1.0581857,0xc9f0996b769c27b50c43b39187967319c2f29b45,2017-10-31T16:14:41.000Z,0.00073999,0xcd6e96e460f52348d5f8be5456221c9c82b5a6b5,buy,0x4dc3643dbc642b72c158e7f3d2ff232df61cb6ce,0xedf0b7528d558c126a8c86ebe3678db965d57a6e62a3b576416136f9ce6889c1
341,500,0.35,0xc9f0996b769c27b50c43b39187967319c2f29b45,2017-10-31T16:11:04.000Z,0.0007,0xfd78dbbcc0865f9a3d1ba45e8120bc54cc47840b,buy,0x4dc3643dbc642b72c158e7f3d2ff232df61cb6ce,0x0e0652980c15832a1391c358fdc88c568174581e89bc8674dc1839fdb98006dd
342,500,0.35,0xc9f0996b769c27b50c43b39187967319c2f29b45,2017-10-31T16:10:29.000Z,0.0007,0xfd78dbbcc0865f9a3d1ba45e8120bc54cc47840b,buy,0x4dc3643dbc642b72c158e7f3d2ff232df61cb6ce,0x0e0652980c15832a1391c358fdc88c568174581e89bc8674dc1839fdb98006dd
343,0.002682641840401426,0.00000187784928828,0xc0663f6730271424a51b9f5870aedecb0a57788c,2017-10-31T16:09:31.000Z,0.0006999999999996279,0xe91cac518879d868e7829459e721fb750fe0f467,sell,0x4dc3643dbc642b72c158e7f3d2ff232df61cb6ce,0xe8afdfaba0a0354232bc3d6539efbdcc4160fdadf68dc3ee244ff41bc91d51e2
344,1374.79,0.94173115,0x6e1801a6c4860f390d485ce43927cf2f140f07e5,2017-10-31T16:07:44.000Z,0.000685,0xe91cac518879d868e7829459e721fb750fe0f467,buy,0x4dc3643dbc642b72c158e7f3d2ff232df61cb6ce,0x03d96d08f912e6d44646ae02b3de42582f0d25b4fc7fbd07759fefe6ef2eabbb
345,533,0.3731,0xc6939e988f4481b549ea7059cfcc42aab1f45bdb,2017-10-31T16:05:54.000Z,0.0007,0xfd78dbbcc0865f9a3d1ba45e8120bc54cc47840b,buy,0x4dc3643dbc642b72c158e7f3d2ff232df61cb6ce,0xbd465864c9b89c42a91d9b71106fae36627986ab169c9f215c64be750648a707
346,448.60931113548,0.31402651779483604,0x09b6ec4d65a08b20d354979cd244de7b6b910fa1,2017-10-31T16:02:51.000Z,0.0007,0x39c2fd6ba855ce4409ecd317c493eae4dee55fed,sell,0x4dc3643dbc642b72c158e7f3d2ff232df61cb6ce,0xdc3b1590cccaa0e1d03f33961eb4aa713a52574b2cde6cb5491827fcba568fda
347,996.9095803010667,0.6978367062107467,0xc0663f6730271424a51b9f5870aedecb0a57788c,2017-10-31T16:00:48.000Z,0.0007,0xe91cac518879d868e7829459e721fb750fe0f467,sell,0x4dc3643dbc642b72c158e7f3d2ff232df61cb6ce,0x4399e2726e652b91a9563e1875f2f4e285280c63fcfdddf7889ea797437e1a6b
348,1300,0.91,0x00228be11366ac5fe81770d49480c2a190a9da08,2017-10-31T15:52:27.000Z,0.0007,0xfd78dbbcc0865f9a3d1ba45e8120bc54cc47840b,sell,0x4dc3643dbc642b72c158e7f3d2ff232df61cb6ce,0x28e4653f61a81bf56e12975692f9f027561df06d0d8fa1826831e81340b42063
349,6800,4.76,0x9df668b00d9a4f875c2e38c15c67913bebdb242e,2017-10-31T15:51:08.000Z,0.0007,0xfd78dbbcc0865f9a3d1ba45e8120bc54cc47840b,sell,0x4dc3643dbc642b72c158e7f3d2ff232df61cb6ce,0x87e748fde7ea1984ca5353deadad9aa9d92e20b367d68d993cd3312a656577c0
350,1000,0.7000001,0x2e26035b04213530deeea6a3874d0f4143bce939,2017-10-31T15:50:34.000Z,0.0007000001,0xfd78dbbcc0865f9a3d1ba45e8120bc54cc47840b,sell,0x4dc3643dbc642b72c158e7f3d2ff232df61cb6ce,0xe8db942510b513cff925a76ee15b2d7f59ca01f8828aa500116237ea804c0036
351,1140,0.79800114,0x67f5b5d5171b719b256bed3be30e5687a59f24d9,2017-10-31T15:50:34.000Z,0.000700001,0xfd78dbbcc0865f9a3d1ba45e8120bc54cc47840b,sell,0x4dc3643dbc642b72c158e7f3d2ff232df61cb6ce,0x235de31c303e6f0ed5d51edab67c433f174a837132d512734cd2e5612c7b2548
352,792,0.559944,0x5be955ac285f5938aac1d0b04f0cda43e27a7330,2017-10-31T15:50:09.000Z,0.000707,0xfd78dbbcc0865f9a3d1ba45e8120bc54cc47840b,sell,0x4dc3643dbc642b72c158e7f3d2ff232df61cb6ce,0x5c6ea65cfe791caeb9598f7a52e7d1906d4216449764707c9ba14aaee9d2bd29
353,699.348,0.495138384,0xcd6e96e460f52348d5f8be5456221c9c82b5a6b5,2017-10-31T15:50:09.000Z,0.000708,0xfd78dbbcc0865f9a3d1ba45e8120bc54cc47840b,sell,0x4dc3643dbc642b72c158e7f3d2ff232df61cb6ce,0x0bb751b26c0dd814418d8e6695e449039227ecba4c26b69f85a6ad40e6daa7ee
354,0.1844748785494108,0.000130608214012982,0xcd6e96e460f52348d5f8be5456221c9c82b5a6b5,2017-10-31T15:27:36.000Z,0.0007079999999999954,0xa2c49b31c157912ee890bd53203cda30066ed1f5,sell,0x4dc3643dbc642b72c158e7f3d2ff232df61cb6ce,0x42e1761acc846e8a12ed05ca2eb30bab551611b8e8162a7598f06bc9596177dd
355,1850.4675067291396,1.3101309947642308,0xcd6e96e460f52348d5f8be5456221c9c82b5a6b5,2017-10-31T15:25:54.000Z,0.000708,0xa2c49b31c157912ee890bd53203cda30066ed1f5,sell,0x4dc3643dbc642b72c158e7f3d2ff232df61cb6ce,0x57f47afbbd0ddd897ddf989e45873eee07f8b750a7d2ae0c91c79e90c47a6291
356,100,0.0725,0xd5806778f1178d334c99f872451ffb5ff54c0df4,2017-10-31T15:09:04.000Z,0.000725,0x9310929406050fcca085623b26611fedb1222cac,sell,0x4dc3643dbc642b72c158e7f3d2ff232df61cb6ce,0x341de7bf12685d1487f93f12564d12f042bcf00a37fb8f8d03d8bed47e3dd336
357,156,0.11544,0xb47a384f6aab6b619b5470d3db88a2bb1aa97109,2017-10-31T15:08:35.000Z,0.00074,0x9310929406050fcca085623b26611fedb1222cac,sell,0x4dc3643dbc642b72c158e7f3d2ff232df61cb6ce,0x74dadc571aab572cad2e487f9cc76c133f0bf2a4107d455d218eb84e0fc072ed
358,4357.060135400844,3.2242245001966245,0xcb3c693264385bcf88edfe675373f2f15c660b6a,2017-10-31T15:02:25.000Z,0.00074,0x29bcddb0eae47c53f424bf9dbe7fda42accacdd3,sell,0x4dc3643dbc642b72c158e7f3d2ff232df61cb6ce,0x12be5f40717a8445de1e6cb89fdc5c31d90649e5cd983f96a4eda430e769141c
359,3200,2.368,0xc9f0996b769c27b50c43b39187967319c2f29b45,2017-10-31T14:59:56.000Z,0.00074,0xfd78dbbcc0865f9a3d1ba45e8120bc54cc47840b,buy,0x4dc3643dbc642b72c158e7f3d2ff232df61cb6ce,0x8037896d2d1102efbc480e1e988982ac31ec8220fb78be6db60c4a99e8a5c0fc
360,1425.6181618775927,1.0549574397894186,0xcb3c693264385bcf88edfe675373f2f15c660b6a,2017-10-31T14:59:40.000Z,0.00074,0xcd6e96e460f52348d5f8be5456221c9c82b5a6b5,sell,0x4dc3643dbc642b72c158e7f3d2ff232df61cb6ce,0x0cceb85fd950414149dadbb1a18933f84484ba9a6f21c19cec32c7dd7542d37c
361,283.32170272156316,0.20965806001395673,0xcb3c693264385bcf88edfe675373f2f15c660b6a,2017-10-31T14:57:06.000Z,0.00074,0x159f6f61cbac6be335686d5444e3a58c520bd1ae,sell,0x4dc3643dbc642b72c158e7f3d2ff232df61cb6ce,0xdf5d2beb5497166fc5852db7a6ac2946381eaa47fb8a40ce6f709f3c1f4cb910
362,29.091,0.021643704,0x696777239157bf2f65589404476ff3781742bcef,2017-10-31T14:34:13.000Z,0.000744,0x9310929406050fcca085623b26611fedb1222cac,sell,0x4dc3643dbc642b72c158e7f3d2ff232df61cb6ce,0xef48011b1d12a527603c11b9a80f1ac6d3e4e34592329068979224b2219afa8b
363,239,0.177338,0xd1ea3bf69911eadb47e469ebfb40670bd0e5868b,2017-10-31T14:13:18.000Z,0.000742,0x159f6f61cbac6be335686d5444e3a58c520bd1ae,buy,0x4dc3643dbc642b72c158e7f3d2ff232df61cb6ce,0x59c7a8e34894ad4a472d07f320ef91692f1ae635dd08639e9d50c1765f270b12
364,1000,0.74399,0xd1ea3bf69911eadb47e469ebfb40670bd0e5868b,2017-10-31T14:09:52.000Z,0.00074399,0xcd6e96e460f52348d5f8be5456221c9c82b5a6b5,buy,0x4dc3643dbc642b72c158e7f3d2ff232df61cb6ce,0xb9ff724945ebb29a9dd189873a00032cf59ee6754ba3961c86004869acaef01f
365,100,0.0744999,0xd1ea3bf69911eadb47e469ebfb40670bd0e5868b,2017-10-31T14:08:43.000Z,0.000744999,0x6f72d9d38c670ba5176542e12e8699c4bef2a722,buy,0x4dc3643dbc642b72c158e7f3d2ff232df61cb6ce,0xf1c805dfbc9d252b097315e594716a72a7258c4d44298deda866b845fbe5317b
366,2061.269650056243,1.4429299804323712,0xcd6e96e460f52348d5f8be5456221c9c82b5a6b5,2017-10-31T14:05:20.000Z,0.00070002,0x92251c8da374624fe5b30c6c46981ab6c2762be8,sell,0x4dc3643dbc642b72c158e7f3d2ff232df61cb6ce,0x7297ca9a8450840c04dfe0859727419ed25624eea4a64096843668e4b5b318c9
367,268,0.198856,0xf6a5b551d85874fced77341be1d28a142017c23d,2017-10-31T14:02:01.000Z,0.000742,0x159f6f61cbac6be335686d5444e3a58c520bd1ae,buy,0x4dc3643dbc642b72c158e7f3d2ff232df61cb6ce,0xe6331bebc173227ca7fab6d85cba55a4b7d7b557c2c70e8637a9045aa489a616
368,400,0.29,0xd5806778f1178d334c99f872451ffb5ff54c0df4,2017-10-31T13:58:33.000Z,0.000725,0x159f6f61cbac6be335686d5444e3a58c520bd1ae,sell,0x4dc3643dbc642b72c158e7f3d2ff232df61cb6ce,0xa134103931ccc690891c2e42f13999b5d281ce9c613cd6de9d8bc0faebf522f1
369,200,0.1488,0x696777239157bf2f65589404476ff3781742bcef,2017-10-31T13:58:33.000Z,0.000744,0x159f6f61cbac6be335686d5444e3a58c520bd1ae,sell,0x4dc3643dbc642b72c158e7f3d2ff232df61cb6ce,0xf286d3c23ba1089d5f3326832ce2b9a5796a1d3c626ddcc8f82b91dd9bd54a3a
370,570.9088274453461,0.42475616761933754,0x696777239157bf2f65589404476ff3781742bcef,2017-10-31T13:54:13.000Z,0.000744,0x94c95adff796d68067f5f8a34f3795e30e33cb53,sell,0x4dc3643dbc642b72c158e7f3d2ff232df61cb6ce,0x934b0c6853d80d2f10fe28076217b4fc8a52677a03ac399d56c54a7b74df12e0
371,67,0.049848,0x213972ffdf2773225a9b20b9d9e5dea6a30def26,2017-10-31T13:06:14.000Z,0.000744,0x159f6f61cbac6be335686d5444e3a58c520bd1ae,buy,0x4dc3643dbc642b72c158e7f3d2ff232df61cb6ce,0x537ebb7ccfdc2383292fdc9b4dcf768a3d7a493bf7b65ff771563c6cb86b0cd6
372,368.730349943757,0.25811861956762877,0xcd6e96e460f52348d5f8be5456221c9c82b5a6b5,2017-10-31T12:56:30.000Z,0.00070002,0x88978ae8618b15bdaf1c4267e9a990203237b282,sell,0x4dc3643dbc642b72c158e7f3d2ff232df61cb6ce,0xc3a6c02c5ef38b4e18349b7d639ab70b104e4a6975979d9415bc31a206e0ec34
373,1736.317,1.215423636317,0x6f72d9d38c670ba5176542e12e8699c4bef2a722,2017-10-31T12:17:37.000Z,0.000700001,0x445e2763f58d6e50fdfb1592e90e007d260a8b9b,sell,0x4dc3643dbc642b72c158e7f3d2ff232df61cb6ce,0x605e8cf68a908080ffb0a80e97e827076d4b9be898393901cfa242957e7517f3
374,1000,0.702101,0x2e26035b04213530deeea6a3874d0f4143bce939,2017-10-31T12:15:46.000Z,0.000702101,0x445e2763f58d6e50fdfb1592e90e007d260a8b9b,sell,0x4dc3643dbc642b72c158e7f3d2ff232df61cb6ce,0xabbf59ccb9fb67985503b745814cc3748767145c65f86f80019ad5aa08c13d02
375,140,0.1001,0xc8d8737fff15b4e95d459375974556297dd069fa,2017-10-31T12:15:12.000Z,0.000715,0x445e2763f58d6e50fdfb1592e90e007d260a8b9b,sell,0x4dc3643dbc642b72c158e7f3d2ff232df61cb6ce,0x823f77b01610bf5c93c3e7fc74ac18e8b977f59708a4cfd3fe7ff7ab00f94022
376,54.900638022131396,0.040022620018771805,0x6f72d9d38c670ba5176542e12e8699c4bef2a722,2017-10-31T12:12:31.000Z,0.000729001,0x445e2763f58d6e50fdfb1592e90e007d260a8b9b,sell,0x4dc3643dbc642b72c158e7f3d2ff232df61cb6ce,0xe58dede517c0f303b7b5e905bb7575d67c428d4a4ad97c35a23791ac2afd2807
377,2990.7287409032,2.093513109360981,0x6f72d9d38c670ba5176542e12e8699c4bef2a722,2017-10-31T11:21:46.000Z,0.000700001,0x772ff84014f235cf6138713cadef644aa17a38de,sell,0x4dc3643dbc642b72c158e7f3d2ff232df61cb6ce,0x70472c9c500740cbe26d1a44cf72567c695e79cc9368fd3241f25eeb2169d7c7
378,1340,0.9983,0x67d2d41e055c4d488a335b0840aa8dc5da109361,2017-10-31T11:06:14.000Z,0.000745,0x6e1801a6c4860f390d485ce43927cf2f140f07e5,buy,0x4dc3643dbc642b72c158e7f3d2ff232df61cb6ce,0x5f3453cebe68a9edd9256361b9ce98d85f06db4db4426dc4a9bc4616e43f7ef1
379,2272.9538430864322,1.5910699631143455,0x6f72d9d38c670ba5176542e12e8699c4bef2a722,2017-10-31T11:02:09.000Z,0.000700001,0x8b84a01f601858926999386833f218a75579ca8e,sell,0x4dc3643dbc642b72c158e7f3d2ff232df61cb6ce,0x1c512a007d6fcc4f696208277583d0fa866d098bf62f19b6f7a1d1f9e3c29489
