,amount,amountBase,buyer,date,price,seller,side,tokenAddr,txHash
0,104.16666666666667,0.0005,0x4fda9e6bcd83af6c5cc771b5d20accc2b7720074,2017-11-02T10:26:37.000Z,0.0000048,0x631977795532b6b3a6a6ce4419e8be852c05829e,buy,0x6f1a769952c60b2d03f46419adeda91d87866dab,0x782c464714cba916d740fd6c50aef54ad4ebe64d81a80b49d35af7a5210b2b85
1,104.16666666666667,0.0005,0x3075f7f189912f4f425dd7021b9c396434197477,2017-11-02T10:12:36.000Z,0.0000048,0x631977795532b6b3a6a6ce4419e8be852c05829e,buy,0x6f1a769952c60b2d03f46419adeda91d87866dab,0x4f2deee62752d142fbbb8d3cfd9b1a6b39c80591fef496eb6a68eaec6c3f65fd
2,104.16666666666667,0.0005,0xf9695cd65d6dfdf257fab76a3eb0cb8f001971cc,2017-10-30T02:41:10.000Z,0.0000048,0x631977795532b6b3a6a6ce4419e8be852c05829e,buy,0x6f1a769952c60b2d03f46419adeda91d87866dab,0xa9ba50540a3982e90ec42d831c4b841576ea7e51935702987d15847992272c7a
3,600,0.00288,0x3e257a10d383b7ce358ff25ccc87247aa7a72666,2017-10-29T19:21:43.000Z,0.0000048,0x631977795532b6b3a6a6ce4419e8be852c05829e,buy,0x6f1a769952c60b2d03f46419adeda91d87866dab,0x6cd044555cb1977f0a92fda721666f340293eb77131420145b6303c298a9edc6
4,100,0.00058,0xfad7ae972c8e017b67beadb59b639e2e1ec88478,2017-10-29T06:15:12.000Z,0.0000058,0x2e9dea0193a5cfe5c5a6b0c6bdc7a52541c0092d,buy,0x6f1a769952c60b2d03f46419adeda91d87866dab,0xb5e287b59ff2f15bf4cc0c0bf313f366ea7afd15fff3fb7a195c20308556de51
5,200,0.00116,0xfad7ae972c8e017b67beadb59b639e2e1ec88478,2017-10-29T06:15:12.000Z,0.0000058,0x2e9dea0193a5cfe5c5a6b0c6bdc7a52541c0092d,buy,0x6f1a769952c60b2d03f46419adeda91d87866dab,0x0883b1a35a41a47d116696def1d13103f9dbcb529def9eea63082a160e0b7fa4
6,83.33333333333333,0.0005,0x42c24a83bded723edfdf5883bc7efb30bc1a1bf3,2017-10-28T20:59:26.000Z,0.000006,0x0706df2342041f4b59568902ccf2cba59703edcf,buy,0x6f1a769952c60b2d03f46419adeda91d87866dab,0xa0a40f8cea1cfc69f4767261c799886c3d03ff5180c401c9b6afdaa5d519e18d
7,83.33333333333333,0.0005,0x34f9560c63078eb61872a4dc2ccd20e21c34feaf,2017-10-28T20:31:18.000Z,0.000006,0x0706df2342041f4b59568902ccf2cba59703edcf,buy,0x6f1a769952c60b2d03f46419adeda91d87866dab,0xfe6fef22a784ada0a16f00b881778a2c45b4afe28fbadbe83eb3a27e8db0b202
8,83.33333333333333,0.0005,0xe444a40689f51f63bcd29910622035707d533d29,2017-10-28T20:22:06.000Z,0.000006,0x0706df2342041f4b59568902ccf2cba59703edcf,buy,0x6f1a769952c60b2d03f46419adeda91d87866dab,0x23efdae2c274c8595d0621dd6aaffd10ac849bb5bf82f0323c4fdec7d62d59f0
9,25000,0.15,0x0706df2342041f4b59568902ccf2cba59703edcf,2017-10-28T18:40:46.000Z,0.000006,0x631977795532b6b3a6a6ce4419e8be852c05829e,buy,0x6f1a769952c60b2d03f46419adeda91d87866dab,0xa5662e49cc164d84cadb04bf8f6d1171395014156e5fa1582c9791b35c093ece
10,83.33333333333333,0.0005,0xcd912af5286dc0b0a23edb30209734ecb60838b3,2017-10-28T16:58:18.000Z,0.000006,0x631977795532b6b3a6a6ce4419e8be852c05829e,buy,0x6f1a769952c60b2d03f46419adeda91d87866dab,0xf47f4ae46b217cf3e4291444714bc69ac23042b23f639c9ac55e4c210cbd67cc
11,23458.588790487778,0.0295580564619025,0x24418ab1b19550b380652432eac1ab37bf3d0fa9,2017-10-28T14:29:22.000Z,0.00000126000999999999,0x0cca7e7317e21ff3a9d2845bde7de97382cc8248,sell,0x6f1a769952c60b2d03f46419adeda91d87866dab,0x40cfe082ad6a92a3ffbd4d9c70621d42921bc3b1393bc6c20d5004c10ab57407
12,1468.689584261711,0.011749222936176836,0x55258a9bdcc09005a68042c62c991e14b4fe6378,2017-10-27T15:02:36.000Z,0.0000079998,0x0cca7e7317e21ff3a9d2845bde7de97382cc8248,buy,0x6f1a769952c60b2d03f46419adeda91d87866dab,0xdb3f098ed58b2665070f5a3b72ff5e7507e8d2b55a97dabdcb78895ce4579ecb
13,700,0.0056,0x035392de57aa4fe343d86494103dbe1b068a56c6,2017-10-26T19:11:55.000Z,0.000008,0x631977795532b6b3a6a6ce4419e8be852c05829e,buy,0x6f1a769952c60b2d03f46419adeda91d87866dab,0xdb565d707b67b7cb648683f4d864398c9adf60f20b6010e2a96361bd330df17f
14,1000,0.00125,0x78b0e4933f5b7d90102367e28efcde256998411e,2017-10-25T05:30:14.000Z,0.00000125,0x2e9dea0193a5cfe5c5a6b0c6bdc7a52541c0092d,sell,0x6f1a769952c60b2d03f46419adeda91d87866dab,0x854fa3481e73245d3297cdc9289f34eb2970482d1eef4214a9d9b4750731c111
15,1000,0.00125,0x78b0e4933f5b7d90102367e28efcde256998411e,2017-10-25T05:30:14.000Z,0.00000125,0x2e9dea0193a5cfe5c5a6b0c6bdc7a52541c0092d,sell,0x6f1a769952c60b2d03f46419adeda91d87866dab,0x544d3ff4b106f880d8a1c73a9d6f7ff6cf838b5b1d3572fa0abd5b6368e7d3be
16,1000,0.00125,0x78b0e4933f5b7d90102367e28efcde256998411e,2017-10-25T05:30:06.000Z,0.00000125,0x2e9dea0193a5cfe5c5a6b0c6bdc7a52541c0092d,sell,0x6f1a769952c60b2d03f46419adeda91d87866dab,0x274898113353610765c98c5bc1160775e40355f847e7ef6a518add9558aa061c
17,1000,0.001253,0xf36990a2cb4d609e0a7d4f3bf884c0342d81fd3d,2017-10-25T05:29:31.000Z,0.000001253,0x2e9dea0193a5cfe5c5a6b0c6bdc7a52541c0092d,sell,0x6f1a769952c60b2d03f46419adeda91d87866dab,0x72dbf240e8d93a6c9870b909b7b05552eec8f1bc7037580046a0e55f8eecd35c
18,5000,0.006255,0x8b182a4526944fa498970732a69a95d281c3c8a9,2017-10-25T05:28:39.000Z,0.000001251,0x2e9dea0193a5cfe5c5a6b0c6bdc7a52541c0092d,sell,0x6f1a769952c60b2d03f46419adeda91d87866dab,0x0104dc4e2c48a8a9335e258028a2c29a35a571dbcf5fccd20bdfbd21d61079f3
19,5.778,0.0000918702,0xb99f72a8b0d3a5025ab8b2ca534973497af42899,2017-10-23T20:05:09.000Z,0.0000159,0x2e9dea0193a5cfe5c5a6b0c6bdc7a52541c0092d,buy,0x6f1a769952c60b2d03f46419adeda91d87866dab,0x55b0edb12eacd2a9319599ad880369fa2fcd14dfa6cc6b38aad6456f27351375
20,333,0.0052947,0x54b59cbea68b581f1fa6ae1c3d5ea0643e8e2378,2017-10-23T15:17:39.000Z,0.0000159,0x2e9dea0193a5cfe5c5a6b0c6bdc7a52541c0092d,buy,0x6f1a769952c60b2d03f46419adeda91d87866dab,0xf3d3411066bddb00a80fb44f207039a0a3e9daf3d34fc64bb9181a7992e65507
21,858.5605282579601,0.015454089508643281,0x0fe6090affd0b5ba58586ab18fe575a51911d098,2017-10-23T05:23:16.000Z,0.00001799999999999999,0x65f2dddf638c7a7118b22d610c9aeba141f2467f,sell,0x6f1a769952c60b2d03f46419adeda91d87866dab,0xfb7b2d517a8953a82c36a4ccca2d37f09001b494c112fee5a43896867b9a1b18
22,861.2220658955597,0.0136934308477394,0x65f2dddf638c7a7118b22d610c9aeba141f2467f,2017-10-23T05:23:16.000Z,0.0000159,0x2e9dea0193a5cfe5c5a6b0c6bdc7a52541c0092d,buy,0x6f1a769952c60b2d03f46419adeda91d87866dab,0xfb7b2d517a8953a82c36a4ccca2d37f09001b494c112fee5a43896867b9a1b18
23,1000,0.0159,0x273a5d3e6721b9f5c1a6474f560c1334c63dda01,2017-10-23T05:12:40.000Z,0.0000159,0x2e9dea0193a5cfe5c5a6b0c6bdc7a52541c0092d,buy,0x6f1a769952c60b2d03f46419adeda91d87866dab,0x46551b49f3e429f576e8b993b1e5f4b57769679fbe86b94d783cc60bca637c55
24,997,0.017946,0x0fe6090affd0b5ba58586ab18fe575a51911d098,2017-10-23T05:12:40.000Z,0.000018,0x273a5d3e6721b9f5c1a6474f560c1334c63dda01,sell,0x6f1a769952c60b2d03f46419adeda91d87866dab,0x46551b49f3e429f576e8b993b1e5f4b57769679fbe86b94d783cc60bca637c55
25,395.17056140577716,0.00794292828425612,0xf23aef11371f7bdc43a3350d57e2fe4e60722f20,2017-10-22T11:28:45.000Z,0.0000201,0x631977795532b6b3a6a6ce4419e8be852c05829e,buy,0x6f1a769952c60b2d03f46419adeda91d87866dab,0x261fa8e95b1b9954324964867a24e8c03df94acbd8029aeb37f7fcab79c4bda9
26,32722.538,0.523560608,0xe30a54ee53cf9ffb8cc3906b4a3c4fabb2489fc6,2017-10-21T23:25:58.000Z,0.000016,0x42a8efa496a2a5dcf66a8e400c46b96cf593735a,buy,0x6f1a769952c60b2d03f46419adeda91d87866dab,0x0d487dca2c62c474bc409fa176458c21189df3334df50d1f5c92d3cedf8c2faa
27,17177.46176840172,0.309194311831231,0x48bd59531e0ad74630cc82a813c2120abf7647ff,2017-10-21T16:15:55.000Z,0.000018,0x42a8efa496a2a5dcf66a8e400c46b96cf593735a,buy,0x6f1a769952c60b2d03f46419adeda91d87866dab,0xd25fc1559f62f76aba0b42abdc152f4b626e0faa3218b4447299ee342fd67ec6
28,50,0.0009,0x077664018c741c2df811ecd2f0ed6668c89bbb49,2017-10-21T05:27:32.000Z,0.000018,0x42a8efa496a2a5dcf66a8e400c46b96cf593735a,buy,0x6f1a769952c60b2d03f46419adeda91d87866dab,0xfe7feb2ee7a4ab3a785dcf2335a14aec1f201d7b885f9509deeb2342b4c519e1
29,50,0.0009,0x077664018c741c2df811ecd2f0ed6668c89bbb49,2017-10-21T05:27:19.000Z,0.000018,0x42a8efa496a2a5dcf66a8e400c46b96cf593735a,buy,0x6f1a769952c60b2d03f46419adeda91d87866dab,0x29f3bfc9b89f6dc7a735b836df066623a998a7a2c4f952aca1954b8f18299825
30,1000,0.02,0x304c929780c19ae230022779a75b451f63d4705f,2017-10-21T04:21:36.000Z,0.00002,0x2e9dea0193a5cfe5c5a6b0c6bdc7a52541c0092d,sell,0x6f1a769952c60b2d03f46419adeda91d87866dab,0x607c3cbe46226a32bd333535e36fae0a2f5668b299b86917cdfecb3dca10637e
31,1,0.000019,0x6cdea8e07bf82d7a07dbf36642d6e5be8623845c,2017-10-20T03:32:46.000Z,0.000019,0x631977795532b6b3a6a6ce4419e8be852c05829e,buy,0x6f1a769952c60b2d03f46419adeda91d87866dab,0x46998808e788b9cd4717453e3a116d6e7bfed4a61793fa410022538d46785c6a
32,448.6121932387428,0.008972243864774855,0xcf0609bca4770b8e698250208df4bcdaf6ba5e2d,2017-10-19T19:06:53.000Z,0.00002,0x2e9dea0193a5cfe5c5a6b0c6bdc7a52541c0092d,buy,0x6f1a769952c60b2d03f46419adeda91d87866dab,0xd7222cb4bffb2b2a945b345e3cf591482a11d6388ff14a15d5e66185e0d7a698
33,28.9103778287309,0.000578207556574618,0xcf0609bca4770b8e698250208df4bcdaf6ba5e2d,2017-10-19T19:03:37.000Z,0.00002,0x2e9dea0193a5cfe5c5a6b0c6bdc7a52541c0092d,buy,0x6f1a769952c60b2d03f46419adeda91d87866dab,0xff5bdacdd9a19cbc44229a7fa9263d6219c82ad00b66f193846a4cac519c5c96
34,1000,0.02,0xd4504ceded844c0bbdf74de176edbe357995be7d,2017-10-19T09:07:22.000Z,0.00002,0x2e9dea0193a5cfe5c5a6b0c6bdc7a52541c0092d,buy,0x6f1a769952c60b2d03f46419adeda91d87866dab,0x8a6c2e8267d8ce1f77fe20593e025fb1b7a1dfb1e9b845c8283612859a61f806
35,6299.530804831004,0.1385896777062821,0x9a8249c97a61591d42ef64b7909d4207799ff5f9,2017-10-18T21:39:15.000Z,0.000022,0x2e9dea0193a5cfe5c5a6b0c6bdc7a52541c0092d,buy,0x6f1a769952c60b2d03f46419adeda91d87866dab,0x84d089398921d67281c27ad96ac7a5ad23ca8ede53252eedf2e750d19edb0cec
36,9604.829438594223,0.19305707171574388,0x9a8249c97a61591d42ef64b7909d4207799ff5f9,2017-10-18T21:34:01.000Z,0.0000201,0x631977795532b6b3a6a6ce4419e8be852c05829e,buy,0x6f1a769952c60b2d03f46419adeda91d87866dab,0xa0840b9eda5ec5fa075bd974ba5e9fc4b732fb9871b5e80c5d8d513366c49fb8
37,20000,0.4,0x9a8249c97a61591d42ef64b7909d4207799ff5f9,2017-10-18T21:32:45.000Z,0.00002,0x2e9dea0193a5cfe5c5a6b0c6bdc7a52541c0092d,buy,0x6f1a769952c60b2d03f46419adeda91d87866dab,0xbfe2ddc19f25c06e629ba0985ced37eb45abb48bca30b185ecf0f6d04611e9df
38,7718.127,0.15436254,0x9a8249c97a61591d42ef64b7909d4207799ff5f9,2017-10-18T21:32:19.000Z,0.00002,0x2e9dea0193a5cfe5c5a6b0c6bdc7a52541c0092d,buy,0x6f1a769952c60b2d03f46419adeda91d87866dab,0x63c533eab62c9d38aab82096bbee644081c924f09ebb78621e08866131309519
39,9772.222,0.175899996,0x9a8249c97a61591d42ef64b7909d4207799ff5f9,2017-10-18T21:31:20.000Z,0.000018,0x631977795532b6b3a6a6ce4419e8be852c05829e,buy,0x6f1a769952c60b2d03f46419adeda91d87866dab,0xf58ac689ee1a1680cd2410c191e4a3b6fe5f7c55f4f8e73ef27060a4204dd503
40,7968.069,0.1394412075,0x9a8249c97a61591d42ef64b7909d4207799ff5f9,2017-10-18T21:30:31.000Z,0.0000175,0xaf5d138b3a72858f6bad5b852f82cf7f5620f5a7,buy,0x6f1a769952c60b2d03f46419adeda91d87866dab,0x8aa5fb3982690a4787879f3700c357f22e95864df5ee04d4d5a7f5967b97569e
41,1,0.00002,0x3ac636ac5c3a2576156ac5f10066ca68abe0ad54,2017-10-18T17:14:07.000Z,0.00002,0x2e9dea0193a5cfe5c5a6b0c6bdc7a52541c0092d,buy,0x6f1a769952c60b2d03f46419adeda91d87866dab,0x00174959442328d6e3585d9629dd3799349016f48884f95227b417bd67663c3c
42,27.77777777777778,0.0005,0x16e5d97bbc92417e051e3b2cabfbf8ceea2acb9c,2017-10-18T15:43:17.000Z,0.000018,0x631977795532b6b3a6a6ce4419e8be852c05829e,buy,0x6f1a769952c60b2d03f46419adeda91d87866dab,0x6810993cd99eda17921ef6b2bf7941781b027f55f708a028bbefd678ae0dd9b5
43,25,0.0005,0x379374d13077e8867ef31803c37baf9785a17c00,2017-10-18T15:13:37.000Z,0.00002,0x2e9dea0193a5cfe5c5a6b0c6bdc7a52541c0092d,buy,0x6f1a769952c60b2d03f46419adeda91d87866dab,0x1cd387afb8ad48fd45183a098218e8a3c139ceebc5927aa581d70153429ae79a
44,25,0.0005,0xf9695cd65d6dfdf257fab76a3eb0cb8f001971cc,2017-10-18T15:11:56.000Z,0.00002,0x2e9dea0193a5cfe5c5a6b0c6bdc7a52541c0092d,buy,0x6f1a769952c60b2d03f46419adeda91d87866dab,0xa64c96c98e7f35fcdccdec623a27be76284142e5e272775ed02fefd57adf043e
45,22.22222222222222,0.0005,0x42c24a83bded723edfdf5883bc7efb30bc1a1bf3,2017-10-18T13:19:28.000Z,0.0000225,0xaf5d138b3a72858f6bad5b852f82cf7f5620f5a7,buy,0x6f1a769952c60b2d03f46419adeda91d87866dab,0xbacc8a6f880817e841fcbd11f463d7930bc47671851cf8780c751f6fa256dc6b
46,866.9725351410627,0.08669725351410627,0xfbb4f839b881ad411ac3f02e6808af3b01ffea49,2017-10-18T01:21:50.000Z,0.0001,0x2e9dea0193a5cfe5c5a6b0c6bdc7a52541c0092d,buy,0x6f1a769952c60b2d03f46419adeda91d87866dab,0x8ab8b39235c3bbc663670a6a3511e3bab0d747ba701f91f6ebc395e75e5766ef
47,500,0.019995,0xfbb4f839b881ad411ac3f02e6808af3b01ffea49,2017-10-18T01:06:38.000Z,0.00003999,0xa1a94ef4661e4e96d04883228ed9ed85691f28f8,buy,0x6f1a769952c60b2d03f46419adeda91d87866dab,0x6a9b980fd0bed81b431da7cd0412883462954cca29b2d4df357332150b629738
48,400,0.008004,0x8b182a4526944fa498970732a69a95d281c3c8a9,2017-10-17T18:27:55.000Z,0.00002001,0x2e9dea0193a5cfe5c5a6b0c6bdc7a52541c0092d,sell,0x6f1a769952c60b2d03f46419adeda91d87866dab,0xc22c0f3c8d66f3401f357314426823e16d627b6913bd5bccf9cea2548c48410c
49,500,0.0105,0xa1a94ef4661e4e96d04883228ed9ed85691f28f8,2017-10-17T18:27:37.000Z,0.000021,0x2e9dea0193a5cfe5c5a6b0c6bdc7a52541c0092d,sell,0x6f1a769952c60b2d03f46419adeda91d87866dab,0xe001ab06665f318095374c531cc0785b97d5faa1d3cefea0ce46611bb101e0bf
50,100,0.0030014,0x035392de57aa4fe343d86494103dbe1b068a56c6,2017-10-17T18:26:56.000Z,0.000030014,0x2e9dea0193a5cfe5c5a6b0c6bdc7a52541c0092d,sell,0x6f1a769952c60b2d03f46419adeda91d87866dab,0x0fe9128ef3295d3432da704a622d6e269bf8f35d7c895aadff467141d8164f95
51,100,0.0030019,0x035392de57aa4fe343d86494103dbe1b068a56c6,2017-10-17T18:26:47.000Z,0.000030019,0x2e9dea0193a5cfe5c5a6b0c6bdc7a52541c0092d,sell,0x6f1a769952c60b2d03f46419adeda91d87866dab,0x8bb75174c386d37bfb2e0850ede26376d6b15aba7433bd04d6af785b42cdecb5
52,100,0.00301,0x035392de57aa4fe343d86494103dbe1b068a56c6,2017-10-17T18:24:55.000Z,0.0000301,0x2e9dea0193a5cfe5c5a6b0c6bdc7a52541c0092d,sell,0x6f1a769952c60b2d03f46419adeda91d87866dab,0xab21a48bd9f194f41ca61240e3896392d62634f1eb1089d60dd0745e72f276a6
53,10000,0.2,0x5c483d9853399d39f858803d1075be379bfb431c,2017-10-17T18:21:06.000Z,0.00002,0x2e9dea0193a5cfe5c5a6b0c6bdc7a52541c0092d,sell,0x6f1a769952c60b2d03f46419adeda91d87866dab,0xa17b64faf5b79bd9c9c5c67349e34cde82880ca10ca8dcf244856191eaed794a
54,5000,0.11,0x5c483d9853399d39f858803d1075be379bfb431c,2017-10-17T18:08:14.000Z,0.000022,0x631977795532b6b3a6a6ce4419e8be852c05829e,sell,0x6f1a769952c60b2d03f46419adeda91d87866dab,0x836f4e6f5fda5f3882992f520a7813711d036143a525e6298a9fe5ccf5b17066
55,852.5828175555932,0.025748001090178912,0xad3941d88ab1ef5435f1f9d5f4f8db298ef3e37b,2017-10-17T18:06:01.000Z,0.00003019999999999999,0x631977795532b6b3a6a6ce4419e8be852c05829e,sell,0x6f1a769952c60b2d03f46419adeda91d87866dab,0xe02efff8cea4fb1ca3a1c0162341b2f01c46f598cfa3d0bd53c7611cffcd2598
56,2000,0.103,0x008cd39b569505e006ec93689add83999e96ab12,2017-10-17T06:10:18.000Z,0.0000515,0xaf5d138b3a72858f6bad5b852f82cf7f5620f5a7,buy,0x6f1a769952c60b2d03f46419adeda91d87866dab,0xceafd4b9f5022d2c315676ce520d1997c38951b8b4a653d541065d56275b2ad6
57,9.70873786407767,0.0005,0xcd912af5286dc0b0a23edb30209734ecb60838b3,2017-10-17T05:12:29.000Z,0.0000515,0xaf5d138b3a72858f6bad5b852f82cf7f5620f5a7,buy,0x6f1a769952c60b2d03f46419adeda91d87866dab,0x185e057c4419849ed1db7d122d023d827a8ba6570ba042f06111d77955bbecee
58,100,0.005001,0x035392de57aa4fe343d86494103dbe1b068a56c6,2017-10-16T02:51:30.000Z,0.00005001,0x2e9dea0193a5cfe5c5a6b0c6bdc7a52541c0092d,sell,0x6f1a769952c60b2d03f46419adeda91d87866dab,0x3bf603e875dd517897ce5e3cafd9c55af5597b489682840a20ee130910bbbb4d
59,5000,0.155,0x5c483d9853399d39f858803d1075be379bfb431c,2017-10-16T02:48:54.000Z,0.000031,0x2e9dea0193a5cfe5c5a6b0c6bdc7a52541c0092d,sell,0x6f1a769952c60b2d03f46419adeda91d87866dab,0x2ae9fe2329374f52b6088f8457e0551db327513618e46782561d4afe5be4c38c
60,5000,0.255,0x5c483d9853399d39f858803d1075be379bfb431c,2017-10-16T02:48:23.000Z,0.000051,0x2e9dea0193a5cfe5c5a6b0c6bdc7a52541c0092d,sell,0x6f1a769952c60b2d03f46419adeda91d87866dab,0x9bcc419d1a93e22bf6e8987e98205af2631779e05f13b5d4bf4a59fbfe28be6f
61,10000,0.01337,0xaf5d138b3a72858f6bad5b852f82cf7f5620f5a7,2017-10-15T11:33:26.000Z,0.000001337,0x631977795532b6b3a6a6ce4419e8be852c05829e,sell,0x6f1a769952c60b2d03f46419adeda91d87866dab,0x205b655d8cdf33f7a4089920ef8eee94b0a3686e3a66051c9b53f584d83d9f71
62,1000,0.025,0x8dec0c7df5f440d471a62e882c208d9219ab9110,2017-10-15T11:33:26.000Z,0.000025,0x631977795532b6b3a6a6ce4419e8be852c05829e,sell,0x6f1a769952c60b2d03f46419adeda91d87866dab,0x208ef7ea4ba52cad620f751489e64f569e19d021f4d45aeef3ea5e9ef864b2f7
63,1000,0.025,0x8dec0c7df5f440d471a62e882c208d9219ab9110,2017-10-15T11:31:12.000Z,0.000025,0x631977795532b6b3a6a6ce4419e8be852c05829e,sell,0x6f1a769952c60b2d03f46419adeda91d87866dab,0x208ef7ea4ba52cad620f751489e64f569e19d021f4d45aeef3ea5e9ef864b2f7
64,329.967,0.0166666661667,0x5d5065b42bdee0274e394ba9042c21e1818c69cf,2017-10-15T11:31:10.000Z,0.0000505101,0x631977795532b6b3a6a6ce4419e8be852c05829e,sell,0x6f1a769952c60b2d03f46419adeda91d87866dab,0xff327fe328d4f8b79c00b0c301a7f90787f5e7b23beeb2dd0c86aeff521ecc9d
65,48333.333,0.144999999,0xfb32f12774503266a26e22476532e3d1ca624dbb,2017-10-14T15:16:42.000Z,0.000003,0x0a561bf27ef0fe4be38c42866b96a4386e3ec819,sell,0x6f1a769952c60b2d03f46419adeda91d87866dab,0xba7925bca2f6510589f75e7a4f6c9ca43d5fb82aa030ffeeb76514f504a2ab59
66,110000,0.374,0x631977795532b6b3a6a6ce4419e8be852c05829e,2017-10-14T15:16:42.000Z,0.0000034,0x0a561bf27ef0fe4be38c42866b96a4386e3ec819,sell,0x6f1a769952c60b2d03f46419adeda91d87866dab,0xb5a9fbf34cb9e511470e1e619d173835e001b4b19c3744d3ef90e5cb06c7538b
67,3500,0.1050035,0x669699b3ccc213c327a0e9cf1de218df75e9a535,2017-10-14T06:52:33.000Z,0.000030001,0x0a561bf27ef0fe4be38c42866b96a4386e3ec819,sell,0x6f1a769952c60b2d03f46419adeda91d87866dab,0x50354c32215b787d718de16867c139a752f404e5d9185dd2ea0a6b47c625d930
68,120000,0.408,0x2e9dea0193a5cfe5c5a6b0c6bdc7a52541c0092d,2017-10-14T01:10:53.000Z,0.0000034,0x0a561bf27ef0fe4be38c42866b96a4386e3ec819,sell,0x6f1a769952c60b2d03f46419adeda91d87866dab,0xe450a23a5b853b3f5a162e2fcd99891610e01274c18fb943e3149c6ac68a24ff
69,50000,1.65,0x42a8efa496a2a5dcf66a8e400c46b96cf593735a,2017-10-14T01:03:57.000Z,0.000033,0x0a561bf27ef0fe4be38c42866b96a4386e3ec819,sell,0x6f1a769952c60b2d03f46419adeda91d87866dab,0xe67c6b13ced5355dccf1416b66f0c090c7331c01fac2f0d9ec0e492d4fff9b5b
70,19878.506,0.417448626,0x0220a73d5113ed7a85a6b610056573b3fd4968be,2017-10-14T00:48:53.000Z,0.000021,0x0a561bf27ef0fe4be38c42866b96a4386e3ec819,sell,0x6f1a769952c60b2d03f46419adeda91d87866dab,0x11e5a6531bd14f966023264aeaa01fff22fbad7e672f88d6d98682e5b6249e0d
71,10000,0.5,0x5d3fbf9f5edbe263d3c7b8fd297411105b8ce28d,2017-10-14T00:48:28.000Z,0.00005,0x0a561bf27ef0fe4be38c42866b96a4386e3ec819,sell,0x6f1a769952c60b2d03f46419adeda91d87866dab,0x3f6aaca7840d1cf7ade809fcf0be5d4eb3d968eaad0f8255bb10c102a79a3d66
72,99.69095803010667,0.00687867610407736,0x0a561bf27ef0fe4be38c42866b96a4386e3ec819,2017-10-14T00:03:52.000Z,0.000069,0x1361814d08b30eed0d8a47e6dab4362c219b95f8,buy,0x6f1a769952c60b2d03f46419adeda91d87866dab,0xca50addcd52924eb2c99b7bf5455fe5ae6e6359d54514e5fee7409a19524b7f5
73,100,0.0069,0x1361814d08b30eed0d8a47e6dab4362c219b95f8,2017-10-13T23:25:25.000Z,0.000069,0x0a561bf27ef0fe4be38c42866b96a4386e3ec819,sell,0x6f1a769952c60b2d03f46419adeda91d87866dab,0xa503803885a5129c992bb2c2821870e58cacf4e940007329ca96a5685bd20688
