,amount,amountBase,buyer,date,price,seller,side,tokenAddr,txHash
0,0.5725386617121938,0.4288314576224332,0x18a05c0ccaabf86645be8cfe984b5a5d1300d96c,2017-10-28T13:55:48.000Z,0.749,0xfc69e7c9afc6454f0a074f4bd7e366a516ea8b67,sell,0xc66ea802717bfb9833400264dd12c2bceaa34a6d,0xea0cc3c37ac29660382bb98276d149625138b23ec5f494e8c80ba5faee2b2684
1,0.8762934593717506,0.6561685423775668,0x18a05c0ccaabf86645be8cfe984b5a5d1300d96c,2017-10-28T12:48:18.000Z,0.7488,0xfc69e7c9afc6454f0a074f4bd7e366a516ea8b67,sell,0xc66ea802717bfb9833400264dd12c2bceaa34a6d,0xccfdb46b712f860f466caf7b654265d0fba4298ff86421d01993e3e966af470f
2,0.1,0.0531,0xfc69e7c9afc6454f0a074f4bd7e366a516ea8b67,2017-10-27T11:04:29.000Z,0.531,0x9f1dd61498233ceb52f977246e0ab20453d6a5a6,sell,0xc66ea802717bfb9833400264dd12c2bceaa34a6d,0xfc6baa22bb358888c035eab6999affeeab5e3fc98f3120f1053d202b54d329c5
3,1.774141038607596,1.383830010113925,0x621fab0e57c8671fbda84ae1885369c80a2aff93,2017-10-25T10:07:01.000Z,0.78,0xf61fd2d314d734d2e07f8cb26c0f6d2a9a2b19c4,buy,0xc66ea802717bfb9833400264dd12c2bceaa34a6d,0x122b178ce2a94d39e3ca60b90eda8992ebd9b36f93cd3333097fe5f4cacbf1f9
4,0.0997,0.074775,0x621fab0e57c8671fbda84ae1885369c80a2aff93,2017-10-25T09:44:05.000Z,0.75,0x273a5d3e6721b9f5c1a6474f560c1334c63dda01,sell,0xc66ea802717bfb9833400264dd12c2bceaa34a6d,0xac834ca6ef9f31adb2cf45e3519670e2c3ffd89b5634fdc979975470bbddf815
5,0.3446807952478064,0.23093613281603032,0x273a5d3e6721b9f5c1a6474f560c1334c63dda01,2017-10-25T09:44:05.000Z,0.67,0xfc69e7c9afc6454f0a074f4bd7e366a516ea8b67,buy,0xc66ea802717bfb9833400264dd12c2bceaa34a6d,0xf260c9b2837ea50cdd3359d6e445e4ce852fcda9ca3a4c77ff4cf5f22b7d6b29
6,0.1,0.07,0x273a5d3e6721b9f5c1a6474f560c1334c63dda01,2017-10-25T09:44:05.000Z,0.7,0x9f1dd61498233ceb52f977246e0ab20453d6a5a6,buy,0xc66ea802717bfb9833400264dd12c2bceaa34a6d,0xf8d5e003cd28563163019951f18194bc8d6f6c8dd6161ac4300fd61125ad0dcc
7,0.0997,0.074775,0x621fab0e57c8671fbda84ae1885369c80a2aff93,2017-10-25T09:44:05.000Z,0.75,0x273a5d3e6721b9f5c1a6474f560c1334c63dda01,sell,0xc66ea802717bfb9833400264dd12c2bceaa34a6d,0xf8d5e003cd28563163019951f18194bc8d6f6c8dd6161ac4300fd61125ad0dcc
8,0.1,0.068,0x273a5d3e6721b9f5c1a6474f560c1334c63dda01,2017-10-25T09:44:05.000Z,0.68,0x9f1dd61498233ceb52f977246e0ab20453d6a5a6,buy,0xc66ea802717bfb9833400264dd12c2bceaa34a6d,0xac834ca6ef9f31adb2cf45e3519670e2c3ffd89b5634fdc979975470bbddf815
9,0.34364675286206303,0.2577350646465473,0x621fab0e57c8671fbda84ae1885369c80a2aff93,2017-10-25T09:44:05.000Z,0.75,0x273a5d3e6721b9f5c1a6474f560c1334c63dda01,sell,0xc66ea802717bfb9833400264dd12c2bceaa34a6d,0xf260c9b2837ea50cdd3359d6e445e4ce852fcda9ca3a4c77ff4cf5f22b7d6b29
10,1,0.67,0xa75fcdf436c9713b3757819f1fb235918749c3ba,2017-10-25T06:14:42.000Z,0.67,0xfc69e7c9afc6454f0a074f4bd7e366a516ea8b67,buy,0xc66ea802717bfb9833400264dd12c2bceaa34a6d,0xd610c08d8d9404e8a6704b1f90a729ea1631b6ff0e0f88751545cfe0b5df157f
11,0.2893192047521936,0.1938438671839697,0x374efd41c9607f39b45beb7ca4dd9779ef58d211,2017-10-24T22:43:36.000Z,0.67,0xfc69e7c9afc6454f0a074f4bd7e366a516ea8b67,buy,0xc66ea802717bfb9833400264dd12c2bceaa34a6d,0x78e519bbbbf454c863e0ab0cfd9576f0b890bd81cd1b51c91de707bb1f66c8d4
12,1.296,0.930528,0x265ca90bd2ceb257be4370d0cbd6bf8e0a6688e1,2017-10-23T20:45:35.000Z,0.718,0xe33922526d91830a78faad3b6ac786a9acf2cc85,buy,0xc66ea802717bfb9833400264dd12c2bceaa34a6d,0xe98129bb837bae5392e43d8b27b5c9411e05e869ba59346678d1b98ab1d59da6
13,0.533,0.38376,0x265ca90bd2ceb257be4370d0cbd6bf8e0a6688e1,2017-10-23T20:45:35.000Z,0.72,0x82d99d98115565d2a58e99fc53704cee56e3c0de,buy,0xc66ea802717bfb9833400264dd12c2bceaa34a6d,0x00d888e469b534d01fe4e7cd833ed8c3274929dbe4d451385cbdcac32e472ea2
14,0.99,0.7425,0x265ca90bd2ceb257be4370d0cbd6bf8e0a6688e1,2017-10-23T20:45:35.000Z,0.75,0x4d7dbc3736e848ce4a47ee1afde5215a1c2f8636,buy,0xc66ea802717bfb9833400264dd12c2bceaa34a6d,0xf1847573dd43f1e3b84f10574f8e57152d83b29c74cc8e0efbc9acaa49c14a79
15,0.424,0.2544,0xfc69e7c9afc6454f0a074f4bd7e366a516ea8b67,2017-10-22T18:48:52.000Z,0.6,0x00b3d1a0f7ec70e3f29086a92da6010a98f90e53,buy,0xc66ea802717bfb9833400264dd12c2bceaa34a6d,0x1d53d85f3613be2db1ebc28b411586ec58490da8ddf1d4f119cbdb72d23dee54
16,0.05,0.025,0x9f1dd61498233ceb52f977246e0ab20453d6a5a6,2017-10-22T15:31:35.000Z,0.5,0x00b3d1a0f7ec70e3f29086a92da6010a98f90e53,sell,0xc66ea802717bfb9833400264dd12c2bceaa34a6d,0xeafdf03bfe08b521aee178484afa0361831a86f68bb9903ab6423716b1116253
17,0.01,0.0062,0x5b6d9d663b0c8bcf1835b8110ef3ebf476b4a382,2017-10-20T02:40:34.000Z,0.62,0x6cdea8e07bf82d7a07dbf36642d6e5be8623845c,sell,0xc66ea802717bfb9833400264dd12c2bceaa34a6d,0x11489f08ef0e0ebbfef4b5ac5b51b94bcb9054fdb782f8dd15a6a3f95c40bdcd
18,0.01,0.0072,0x6cdea8e07bf82d7a07dbf36642d6e5be8623845c,2017-10-20T02:38:04.000Z,0.72,0xfc69e7c9afc6454f0a074f4bd7e366a516ea8b67,buy,0xc66ea802717bfb9833400264dd12c2bceaa34a6d,0x9ff299efe06b5b36baf67f70eb2c59bd5b72ae07aa586d8ce461a99a872a14c3
19,0.09969095803010666,0.0628053035589672,0x5b6d9d663b0c8bcf1835b8110ef3ebf476b4a382,2017-10-20T01:29:59.000Z,0.63,0xfc69e7c9afc6454f0a074f4bd7e366a516ea8b67,sell,0xc66ea802717bfb9833400264dd12c2bceaa34a6d,0x1c3cd519f7475b106545ae4b1737c076e25407fe6b1a07fa16f56552b8e8254d
20,0.03,0.023463,0xe3d0a0d0fcdab0f65f97c5e29b3d413e827ca3ce,2017-10-19T08:07:57.000Z,0.7821,0x9f1dd61498233ceb52f977246e0ab20453d6a5a6,sell,0xc66ea802717bfb9833400264dd12c2bceaa34a6d,0x36a4f6d0aaa84764129eda0232f86b93bd6170480269780fb3379bae2d0557b1
21,0.021,0.0164241,0x5d5065b42bdee0274e394ba9042c21e1818c69cf,2017-10-15T17:42:00.000Z,0.7821,0x1c2581e734a8b35e4c5f3077b5c2271157de5b94,sell,0xc66ea802717bfb9833400264dd12c2bceaa34a6d,0x98f53ff1a43c8b2336b7c2f45c2b5e50f53ca853e907265be5af024df27f6467
22,1.5,1.185,0x846fe155673f9fd3131be9b757d1ed9bd3d4853d,2017-10-14T10:17:40.000Z,0.79,0xe33922526d91830a78faad3b6ac786a9acf2cc85,buy,0xc66ea802717bfb9833400264dd12c2bceaa34a6d,0x2320fa7bf188d167bd88cab6a8f412a729b4b397845c807616aa2ba072c06920
23,0.1,0.082,0x5b6d9d663b0c8bcf1835b8110ef3ebf476b4a382,2017-10-10T20:41:47.000Z,0.82,0xe33922526d91830a78faad3b6ac786a9acf2cc85,buy,0xc66ea802717bfb9833400264dd12c2bceaa34a6d,0x933b03c6b0d8a9e0fe763eef6ec276ec9965a93db53ba61195782e52d8c01198
24,0.104,0.08528,0xce5a1239cd800ae5f59c89f889321dadec0f0a22,2017-10-10T13:23:24.000Z,0.82,0xe33922526d91830a78faad3b6ac786a9acf2cc85,buy,0xc66ea802717bfb9833400264dd12c2bceaa34a6d,0x5d8b5b68f864a4faffdb75a7657159bf06cde22e7aee95078b639f0cbc12aa51
25,2,1.58,0x14c7457202383c7c999c6e6be0b422833eb8e00b,2017-10-09T21:16:53.000Z,0.79,0xe33922526d91830a78faad3b6ac786a9acf2cc85,buy,0xc66ea802717bfb9833400264dd12c2bceaa34a6d,0x2c758edf9be8e90a06d61dc0ec79f63ef7911729ce2e08782b6f748e4a04d956
26,2,1.57998,0x14c7457202383c7c999c6e6be0b422833eb8e00b,2017-10-09T21:14:35.000Z,0.78999,0x82d99d98115565d2a58e99fc53704cee56e3c0de,buy,0xc66ea802717bfb9833400264dd12c2bceaa34a6d,0x8b266bd3e51a974d0be4340cbe709bbe3646f40b9d193162b10b548c87b460e9
27,2.333,1.74975,0x14c7457202383c7c999c6e6be0b422833eb8e00b,2017-10-09T21:14:14.000Z,0.75,0xe33922526d91830a78faad3b6ac786a9acf2cc85,buy,0xc66ea802717bfb9833400264dd12c2bceaa34a6d,0xa2df808429f44d886d0100e4c6a1ca31049d69d36e2e956d39e813b969c5a0ef
28,2.667,2.00025,0xcff611526f330a84b0d76aa2471bfe3debae8523,2017-10-04T23:15:41.000Z,0.75,0xe33922526d91830a78faad3b6ac786a9acf2cc85,buy,0xc66ea802717bfb9833400264dd12c2bceaa34a6d,0xbee8d6d1143c4877404f397ba77dcacbc8eb328c41fb832bd59089f64b3a7d7f
29,0.453,0.49788324,0x82d99d98115565d2a58e99fc53704cee56e3c0de,2017-10-01T09:03:01.000Z,1.09908,0x1c2581e734a8b35e4c5f3077b5c2271157de5b94,buy,0xc66ea802717bfb9833400264dd12c2bceaa34a6d,0x05a905803a71606fa1f2a5fd5cace49bd4f2b4fbbf19200406775ebfdc95aba0
30,0.9969095803015675,0.7078058020141129,0xa3e9cf840bbe40f1599d434d460c7e5f2dc64279,2017-09-24T21:25:23.000Z,0.71,0xa3e9cf840bbe40f1599d434d460c7e5f2dc64279,buy,0xc66ea802717bfb9833400264dd12c2bceaa34a6d,0xff16e1692d2ca7def3e20e98d73aadf7dfe762f51c7ca837cf303a8ec17a7d11
31,3.9946166882663743,0.3595155019439737,0x50914aaa4aa1ff260dc1860952abc8a3c790a829,2017-09-13T19:44:47.000Z,0.09,0x001f16e8b1eb07d921430063c39e39078510394a,sell,0xc66ea802717bfb9833400264dd12c2bceaa34a6d,0x22ab8af99a2096cdb6323f13f29d6a5c336a8e1caf767ffac76f238e1ffce1b4
32,0.029,0.03451,0xb8186b97012530dceadc931136bf6cc7e4237f10,2017-09-12T21:08:44.000Z,1.19,0x9d03d6c2d36243a2ef1f12138b45811638368770,buy,0xc66ea802717bfb9833400264dd12c2bceaa34a6d,0x611ad5c8dbb1fb0200d4fffdc68910c0563bbf0cde5e2ac0d19530ed00b99ec8
33,0.036,0.35316,0x81450bcbd299f60a4bb167f65f639aa1fb2cd536,2017-09-11T23:01:10.000Z,9.81,0x0734e30d680f2923d10f21ee52347b8621429469,buy,0xc66ea802717bfb9833400264dd12c2bceaa34a6d,0x4896788cb588e6d26d8456f1db3208672c5e5ebc44d1a0d65947c12bbb136ef9
34,0.0001,0.000981,0x0024a5046fd95c5eee6db19a69ef7ed3bacd50f1,2017-09-11T19:42:15.000Z,9.81,0x0734e30d680f2923d10f21ee52347b8621429469,buy,0xc66ea802717bfb9833400264dd12c2bceaa34a6d,0x770e0a07de2452e7cd7ceee3308d3a1f7c3e0815e37f53aed7ba35865c0594b4
35,0.015529068470588235,0.013199708199999998,0x52dc8d83bb50fa88b1d1b8657df11cc680bc2041,2017-09-11T13:14:15.000Z,0.85,0x68cbc764f5ccb469c3d7bcae92811562a404e207,sell,0xc66ea802717bfb9833400264dd12c2bceaa34a6d,0x577e8f8b321aa9c675d4b23d83fcbe1a6bd437ade908d73d5d93eadc77e45044
36,0.1,0.075,0x092acb624b08c05510189bbbe21e6524d644ccad,2017-09-04T22:16:44.000Z,0.75,0x001f16e8b1eb07d921430063c39e39078510394a,sell,0xc66ea802717bfb9833400264dd12c2bceaa34a6d,0xfdf8eb36ec9e9a4e97b31833f1f893244222272754d6df81170a15679a87cc74
37,1,0.825,0xa3e9cf840bbe40f1599d434d460c7e5f2dc64279,2017-09-03T23:10:12.000Z,0.825,0xa3e9cf840bbe40f1599d434d460c7e5f2dc64279,buy,0xc66ea802717bfb9833400264dd12c2bceaa34a6d,0xa391f13004ceb340fb05dd79729c396ba5472e566bd211139a6b0ebe3e871dd0
38,1.0008404207521573,1.291084142770283,0xb3e30dea4952551d57cbbd64ab850965179ad2d5,2017-09-01T01:29:18.000Z,1.29,0xa10cefa3d041e48d2889f34c0341560929b43e39,buy,0xc66ea802717bfb9833400264dd12c2bceaa34a6d,0x8fe58c598aa2400d84f66c2db6115423fac8b04ce2c15e40e1979e8be7d3ff0d
