,amount,amountBase,buyer,date,price,seller,side,tokenAddr,txHash
0,7.692426037323651,0.0005,0x4fda9e6bcd83af6c5cc771b5d20accc2b7720074,2017-11-02T08:59:40.000Z,0.000064999,0x3cc20253b2f7ceeec87ed6db1facdd622f975d3c,buy,0x7a79abd3905ef37b8d243c4c28cee73a751eb076,0x821ea3eb675fb710a7921baafc33c8f4e18ed976f486b385b5bc3b7d54666249
1,7.692426037323651,0.0005,0x3075f7f189912f4f425dd7021b9c396434197477,2017-11-02T08:57:59.000Z,0.000064999,0x3cc20253b2f7ceeec87ed6db1facdd622f975d3c,buy,0x7a79abd3905ef37b8d243c4c28cee73a751eb076,0xbe665b7de66245588608c9c2e8545ff56242852da65e5d21c14cbc5a98de88dc
2,6006.230684876881,1.2012461369753764,0x40df8fae9d453803c912482986ffe53fcaef67d9,2017-11-01T16:51:31.000Z,0.0002,0x40df8fae9d453803c912482986ffe53fcaef67d9,buy,0x7a79abd3905ef37b8d243c4c28cee73a751eb076,0xea42539171f8089fd700cc13395284e2beb8b15bdf19c5c2bef8c441fa4bb504
3,500,0.095,0x40df8fae9d453803c912482986ffe53fcaef67d9,2017-11-01T16:48:32.000Z,0.00019,0x40df8fae9d453803c912482986ffe53fcaef67d9,buy,0x7a79abd3905ef37b8d243c4c28cee73a751eb076,0xe644852ca6b79ed16d22bcecd2b6ef03944596c0bedd692d85fb3a5a6fc3893e
4,3000,0.54,0x40df8fae9d453803c912482986ffe53fcaef67d9,2017-11-01T16:47:23.000Z,0.00018,0x40df8fae9d453803c912482986ffe53fcaef67d9,buy,0x7a79abd3905ef37b8d243c4c28cee73a751eb076,0x8e4938a0b62af4ae1f696e0a7166692c1dd348f99ac8f7382a1a608d6997f94c
5,6000,0.96,0x40df8fae9d453803c912482986ffe53fcaef67d9,2017-11-01T16:47:18.000Z,0.00016,0x40df8fae9d453803c912482986ffe53fcaef67d9,buy,0x7a79abd3905ef37b8d243c4c28cee73a751eb076,0xe343c6945916c31f8666b045781e97671a4b59857580e5898348541f4caa372e
6,100,0.0025,0xb21cc737227e04b4a36d12c0e9a455dd2d4a07f1,2017-11-01T14:51:01.000Z,0.000025,0xee0717bfab61e234c62e10cc7a13a7c060e251df,buy,0x7a79abd3905ef37b8d243c4c28cee73a751eb076,0x6c87e661c0f235304929c6c5be22d07869196d598d02f6b8622bd014c33e9d08
7,7.6923076923076925,0.0005,0x34f9560c63078eb61872a4dc2ccd20e21c34feaf,2017-10-31T12:25:24.000Z,0.000065,0x437401805369026e52313fce03b4f5a3a517fb20,buy,0x7a79abd3905ef37b8d243c4c28cee73a751eb076,0x0f128ad857687a505116fa0b46aac755aa4164e897aabd64856c3591b6745a40
8,7.6923076923076925,0.0005,0x42c24a83bded723edfdf5883bc7efb30bc1a1bf3,2017-10-31T12:16:19.000Z,0.000065,0x437401805369026e52313fce03b4f5a3a517fb20,buy,0x7a79abd3905ef37b8d243c4c28cee73a751eb076,0xe1881e57c4a7bc4959eefcd15630747830c6eebf0f2f494b06af7c82b216e8b0
9,7.6923076923076925,0.0005,0xf9695cd65d6dfdf257fab76a3eb0cb8f001971cc,2017-10-31T12:15:46.000Z,0.000065,0x437401805369026e52313fce03b4f5a3a517fb20,buy,0x7a79abd3905ef37b8d243c4c28cee73a751eb076,0x9a3c16aa94599ddfdbfa0916292c47aba62d6f326cd1d5c2cfcbb77b44e8bf42
10,100,0.0065,0xab45233b06b1d1f452901661f6a931c9da663cc0,2017-10-31T08:47:14.000Z,0.000065,0xced0e1fd2d952989489ec153b91657074259de02,buy,0x7a79abd3905ef37b8d243c4c28cee73a751eb076,0x5ae60e0a163cd0e2d02114377113213fad83be2bbfd13a4cbdf8386038a38c8d
11,100,0.009,0xc7b7732497a8f47a04e5e96b49271c6e6ff61f97,2017-10-29T09:36:36.000Z,0.00009,0x9d42719388bb8e8870586d8145398289ca401677,buy,0x7a79abd3905ef37b8d243c4c28cee73a751eb076,0x59d65e087a1cae54adecc67b7ff4cc67905e6f450b5711e5a79b7a21917db973
12,100,0.0085,0xc7b7732497a8f47a04e5e96b49271c6e6ff61f97,2017-10-29T09:36:36.000Z,0.000085,0x391cae7e919104499f35df632179cd5b8f015e02,buy,0x7a79abd3905ef37b8d243c4c28cee73a751eb076,0xdc4bbe1e96c8ff88c75223839e2f1efc6d41741de8cecf3d108403ec9bd513c1
13,99.69095803010667,0.000996909580301066,0x40df8fae9d453803c912482986ffe53fcaef67d9,2017-10-28T10:11:41.000Z,0.00000999999999999999,0x1752d38b28f8242d084079e0e620318da9d76448,sell,0x7a79abd3905ef37b8d243c4c28cee73a751eb076,0x9c5e5d7840e1a6acb05113cfea10e2c5e633abbd86fb0b5472723b416a3d7fcf
14,1392.6628910377829,0.013926628910377829,0x40df8fae9d453803c912482986ffe53fcaef67d9,2017-10-28T10:08:54.000Z,0.00000999999999999999,0xc436223eaa54f3c1fbd956eefabae0da048f138b,sell,0x7a79abd3905ef37b8d243c4c28cee73a751eb076,0xe0346d1f77a4486852b48b4c4e901db0c1de1ded64720c0f40abaa605d6857f6
15,800.618,0.02401854,0x0d479199250a62931f4ccb5dec399235da1b6834,2017-10-28T10:08:27.000Z,0.00003,0xc436223eaa54f3c1fbd956eefabae0da048f138b,sell,0x7a79abd3905ef37b8d243c4c28cee73a751eb076,0x5288faf4ba845cd192e2a58b16d824ee66b535ffa07aea16ce8aedcaba2c89ad
16,996.9095803010667,0.01595099591267072,0x429c7cf947d18c6e14660975ba5272621a618b36,2017-10-28T02:15:08.000Z,0.00001600044399999999,0x7a3891586659754fa936cdf4736dff52247a39fb,sell,0x7a79abd3905ef37b8d243c4c28cee73a751eb076,0x661f6f3c9ba450a3237e3a394ed113c0b2518a5db36c628033ec41e244430058
17,199.38191606021334,0.0059814574818064,0x0d479199250a62931f4ccb5dec399235da1b6834,2017-10-27T21:35:20.000Z,0.00002999999999999999,0xd09f36eb29a065671ab68c53bdda5a07a103c18c,sell,0x7a79abd3905ef37b8d243c4c28cee73a751eb076,0xb359904e96c1e5a891cb4964a57b05e1a848292ce815d4f629c84ce9877a1499
18,99.69095803010667,0.002492273950752666,0x861b7fd03c7e051a000c4a188a52784f43e651a2,2017-10-27T17:23:23.000Z,0.00002499999999999999,0xae92e434d800753f8fbe07876afd213b4630d580,sell,0x7a79abd3905ef37b8d243c4c28cee73a751eb076,0x96934ce7c15e6198e073eb47adfbafc74332715fe8017b7263f1e406cd8464d3
19,99.69095803010667,0.002492273950752666,0x861b7fd03c7e051a000c4a188a52784f43e651a2,2017-10-27T15:20:47.000Z,0.00002499999999999999,0x5bc7834dd42ea8a611f85307fdefb87ff8ae31aa,sell,0x7a79abd3905ef37b8d243c4c28cee73a751eb076,0xbe3eedbdec21890e6bbd21655782bb68f45e23b85ada5bba0ff17d4d0f64b645
20,2300,0.345,0x40df8fae9d453803c912482986ffe53fcaef67d9,2017-10-27T14:14:46.000Z,0.00015,0x40df8fae9d453803c912482986ffe53fcaef67d9,buy,0x7a79abd3905ef37b8d243c4c28cee73a751eb076,0xe350b1886c418b35be2f327439c73b0ec981bf372d55780076ce1bba807ff0ea
21,99.69095803010667,0.002492273950752666,0x861b7fd03c7e051a000c4a188a52784f43e651a2,2017-10-27T08:10:00.000Z,0.00002499999999999999,0x79e37b926a07d2c88a04be517261adf7d4d6ab78,sell,0x7a79abd3905ef37b8d243c4c28cee73a751eb076,0x24252d3b92085acc9dc11261dcb0038e35a184d47578bc9ebcf4c5b927910f45
22,7.143367383384527,0.001,0x4a57d0208164a1c1c63c75395dc444428a07b50a,2017-10-26T23:41:25.000Z,0.00013999,0xc9e9358b4fd98cdc2cc82867fdfca90e43c1fb22,buy,0x7a79abd3905ef37b8d243c4c28cee73a751eb076,0x5f9164bf3bfbdc490bdcbd8d939cb842b2e17611b6c64b90837978a49c122d3c
23,100,0.01,0xf82c7c1503a06fcf927ee401a7b868bf067715f8,2017-10-26T21:48:16.000Z,0.0001,0x789c9f02de174d9215277f23a64bf31ddc398ea7,buy,0x7a79abd3905ef37b8d243c4c28cee73a751eb076,0x9a0dc08b75ea12470bcdf721a6728923d20ab93182c5e3432d9282682bd5d290
24,99.69095803010667,0.009969095803010666,0x40df8fae9d453803c912482986ffe53fcaef67d9,2017-10-26T20:52:04.000Z,0.00009999999999999999,0xb392a23fc325d36a590ec4962cd5f12e2b382d61,sell,0x7a79abd3905ef37b8d243c4c28cee73a751eb076,0x7ebc9351ddbc6aebb03dba17b0648513c01717313d1ab0d08b528ed8e101cf28
25,200,0.024,0x40df8fae9d453803c912482986ffe53fcaef67d9,2017-10-26T15:13:06.000Z,0.00012,0x035392de57aa4fe343d86494103dbe1b068a56c6,sell,0x7a79abd3905ef37b8d243c4c28cee73a751eb076,0x49c7784f57427a564f7201350d1b5d43a3803acba897585306ff65ebd6acef1d
26,99.69095803010667,0.013956734124214934,0x40df8fae9d453803c912482986ffe53fcaef67d9,2017-10-26T12:40:50.000Z,0.00014,0x7a77b3ff81abdce01392bb6888bc4ae7b9d24aad,sell,0x7a79abd3905ef37b8d243c4c28cee73a751eb076,0xaf519ede55fa98ef573cede95d03280ab9d791f193a991859f6fa7a010ccaea0
27,800,0.12,0xab45233b06b1d1f452901661f6a931c9da663cc0,2017-10-26T09:48:22.000Z,0.00015,0x40df8fae9d453803c912482986ffe53fcaef67d9,buy,0x7a79abd3905ef37b8d243c4c28cee73a751eb076,0x26c2f5d8754e4d30b09a4cb744b8d2c4169259fb36d3290c244b1b7db34fa23d
28,400,0.06,0x57534320de36797294b1b2715125d285da683349,2017-10-26T09:38:50.000Z,0.00015,0x40df8fae9d453803c912482986ffe53fcaef67d9,buy,0x7a79abd3905ef37b8d243c4c28cee73a751eb076,0x20dce4319030386b37d44b11ec48bf5268b504e1469b6a0122aec54f715dab8c
29,99,0.009207,0x40df8fae9d453803c912482986ffe53fcaef67d9,2017-10-26T09:06:29.000Z,0.000093,0x7bfd4cc4f7645a65a1538c770f5093ffd012484e,buy,0x7a79abd3905ef37b8d243c4c28cee73a751eb076,0x0ba64515322181a28fe5f02d93cd475ef72dd832fb9b4ea2d9bcde31466de869
30,100,0.015,0x40df8fae9d453803c912482986ffe53fcaef67d9,2017-10-26T09:06:29.000Z,0.00015,0xa403b1b7ede70afe902ae6aaf213d8dd49615d58,buy,0x7a79abd3905ef37b8d243c4c28cee73a751eb076,0xc5de7cf3a9909f4686afa84073d93930fe9e286f3d9382a5f39830ec7ae817de
31,100,0.008,0x40df8fae9d453803c912482986ffe53fcaef67d9,2017-10-26T09:06:08.000Z,0.00008,0x7fe8d10b80ccf235771a008931e60d8da137a6a3,buy,0x7a79abd3905ef37b8d243c4c28cee73a751eb076,0x4922589584dde0ede39bf603be00cc1e96d7c5b816d8a55ef7f7b809b2b2127c
32,100,0.00929,0x40df8fae9d453803c912482986ffe53fcaef67d9,2017-10-26T09:06:08.000Z,0.0000929,0xa42a317e1d9ad2a29ef0047b5dc307ee5988b0a8,buy,0x7a79abd3905ef37b8d243c4c28cee73a751eb076,0x0c8eab44dd25dff00b0be09b81c64d04bc65b5bde1f63ba59ae1005feadfc738
33,200,0.0144,0x40df8fae9d453803c912482986ffe53fcaef67d9,2017-10-26T09:06:08.000Z,0.000072,0x87b53f4d4cb88a808504f2d4c13b93bfaf7510b6,buy,0x7a79abd3905ef37b8d243c4c28cee73a751eb076,0x6bf9c588a6a10bca2c108577e1a714052c6e7d27cedc9c7d1a5036cb2fddcab7
34,7993.769315123119,1.5987538630246236,0x40df8fae9d453803c912482986ffe53fcaef67d9,2017-10-26T08:57:36.000Z,0.0002,0x40df8fae9d453803c912482986ffe53fcaef67d9,buy,0x7a79abd3905ef37b8d243c4c28cee73a751eb076,0x0e8a0de86f4a8d5f5057691978ace06341649e7d03fb424b2f95ba8b1bb9e801
35,6000,1.2,0x40df8fae9d453803c912482986ffe53fcaef67d9,2017-10-26T08:57:06.000Z,0.0002,0x40df8fae9d453803c912482986ffe53fcaef67d9,buy,0x7a79abd3905ef37b8d243c4c28cee73a751eb076,0x8132d97a1d37df9d41f987b4d9d651a10090fbfccf2cfe985b170489fa7e5544
36,5000,1,0x40df8fae9d453803c912482986ffe53fcaef67d9,2017-10-26T08:57:00.000Z,0.0002,0x40df8fae9d453803c912482986ffe53fcaef67d9,buy,0x7a79abd3905ef37b8d243c4c28cee73a751eb076,0xab1b73cebe6b49d99f8edf1633b3e82d006b588c3d609559945b826ee14e31d4
37,4000,0.76,0x40df8fae9d453803c912482986ffe53fcaef67d9,2017-10-26T08:56:49.000Z,0.00019,0x40df8fae9d453803c912482986ffe53fcaef67d9,buy,0x7a79abd3905ef37b8d243c4c28cee73a751eb076,0x9d9841ceffb57553d2354dfb68a1df673e8f3d322ab8aae5e58041cf63185202
38,7500,1.425,0x40df8fae9d453803c912482986ffe53fcaef67d9,2017-10-26T08:56:49.000Z,0.00019,0x40df8fae9d453803c912482986ffe53fcaef67d9,buy,0x7a79abd3905ef37b8d243c4c28cee73a751eb076,0xa6c0de5586f368888d830012adb5161c172c8857497b905d746807bc3e4f99a8
39,6000,1.14,0x40df8fae9d453803c912482986ffe53fcaef67d9,2017-10-26T08:56:19.000Z,0.00019,0x40df8fae9d453803c912482986ffe53fcaef67d9,buy,0x7a79abd3905ef37b8d243c4c28cee73a751eb076,0x65d6b69192c41e197d6a6916365eb544d8fca1c8ff4a0aa3b3ccf7c07730feeb
40,7000,1.33,0x40df8fae9d453803c912482986ffe53fcaef67d9,2017-10-26T08:56:03.000Z,0.00019,0x40df8fae9d453803c912482986ffe53fcaef67d9,buy,0x7a79abd3905ef37b8d243c4c28cee73a751eb076,0x7dac5ec882efe1420ef893fa4412a97aec3ab9699ed60a04ae6c0490b5a63c02
41,6000,1.08,0x40df8fae9d453803c912482986ffe53fcaef67d9,2017-10-26T08:55:19.000Z,0.00018,0x40df8fae9d453803c912482986ffe53fcaef67d9,buy,0x7a79abd3905ef37b8d243c4c28cee73a751eb076,0xd8e82724afba234bb72d144f3e9c61f99df0ae18e9e23eeeda7982742787f257
42,8000,1.44,0x40df8fae9d453803c912482986ffe53fcaef67d9,2017-10-26T08:55:01.000Z,0.00018,0x40df8fae9d453803c912482986ffe53fcaef67d9,buy,0x7a79abd3905ef37b8d243c4c28cee73a751eb076,0x66217fda3bbd9eb1a646dcb96225f0168626a871350e19b8c0678d087153841a
43,8000,1.44,0x40df8fae9d453803c912482986ffe53fcaef67d9,2017-10-26T08:55:01.000Z,0.00018,0x40df8fae9d453803c912482986ffe53fcaef67d9,buy,0x7a79abd3905ef37b8d243c4c28cee73a751eb076,0x36b7581cca812bb1715a47596d392c354ccdd5f1d84be0783fd634f8e3491980
44,9500,1.52,0x40df8fae9d453803c912482986ffe53fcaef67d9,2017-10-26T08:54:28.000Z,0.00016,0x40df8fae9d453803c912482986ffe53fcaef67d9,buy,0x7a79abd3905ef37b8d243c4c28cee73a751eb076,0x3339259ee54048a6d0da4a18ddba48e567c39a9c332fb4f78bf3107665f1ef7b
45,9500,1.52,0x40df8fae9d453803c912482986ffe53fcaef67d9,2017-10-26T08:54:07.000Z,0.00016,0x40df8fae9d453803c912482986ffe53fcaef67d9,buy,0x7a79abd3905ef37b8d243c4c28cee73a751eb076,0xb20d29a2291a7883b1a0f1c2a1bb8c816bf997c40e1513aa77354a53a9a32e55
46,10500,1.575,0x40df8fae9d453803c912482986ffe53fcaef67d9,2017-10-26T08:53:56.000Z,0.00015,0x40df8fae9d453803c912482986ffe53fcaef67d9,buy,0x7a79abd3905ef37b8d243c4c28cee73a751eb076,0x7618b64391c44ae0475645204e8bea9f42e4c3bcde285eee9a37899672905aeb
47,11000,1.65,0x4d70a31b307274bf92ba97810d7d6079913f52eb,2017-10-26T08:52:58.000Z,0.00015,0x40df8fae9d453803c912482986ffe53fcaef67d9,buy,0x7a79abd3905ef37b8d243c4c28cee73a751eb076,0xfc29b8da6d431319da64621fba3a487b62ab53865a0fd345238688b8e778ab9c
48,300,1.2,0x4d70a31b307274bf92ba97810d7d6079913f52eb,2017-10-26T08:04:14.000Z,0.004,0x4d70a31b307274bf92ba97810d7d6079913f52eb,buy,0x7a79abd3905ef37b8d243c4c28cee73a751eb076,0x87f5a69546649821fcbf47079e3f6e1a135a5dc5a29d46c694e8a86d80027fb3
49,1500,0.3,0x4d70a31b307274bf92ba97810d7d6079913f52eb,2017-10-26T08:04:14.000Z,0.0002,0x4d70a31b307274bf92ba97810d7d6079913f52eb,buy,0x7a79abd3905ef37b8d243c4c28cee73a751eb076,0xd02c17735cad0308a86780fb2b2dc9c20fd6a694c70d715ba83dfa4ce2fa41de
50,4000,1.4,0x4d70a31b307274bf92ba97810d7d6079913f52eb,2017-10-26T08:02:05.000Z,0.00035,0x4d70a31b307274bf92ba97810d7d6079913f52eb,buy,0x7a79abd3905ef37b8d243c4c28cee73a751eb076,0x202267912ba7b4aab0ab4283a30a27ca1dc736b88cf5701d4d6626ffb1bc41df
51,8000,1.28,0x4d70a31b307274bf92ba97810d7d6079913f52eb,2017-10-26T08:01:44.000Z,0.00016,0x4d70a31b307274bf92ba97810d7d6079913f52eb,buy,0x7a79abd3905ef37b8d243c4c28cee73a751eb076,0xd2022cb301d5251d902a76edc8523015799dc3e27b5a4ac21d73a61b24cd369d
52,8000,1.6,0x4d70a31b307274bf92ba97810d7d6079913f52eb,2017-10-26T08:01:44.000Z,0.0002,0x4d70a31b307274bf92ba97810d7d6079913f52eb,buy,0x7a79abd3905ef37b8d243c4c28cee73a751eb076,0x2848c117c764c20fb3520c9b9467821d9219511b2dae909e633972eaccf37447
53,5000,1.75,0x4d70a31b307274bf92ba97810d7d6079913f52eb,2017-10-26T08:00:30.000Z,0.00035,0x4d70a31b307274bf92ba97810d7d6079913f52eb,buy,0x7a79abd3905ef37b8d243c4c28cee73a751eb076,0xbf50b51b4ec7ffe8920f7261eaa130885cce4375ef0eb014184380b7da4675ec
54,100,0.007,0x0579673ec579e5ea86b3bc26160db5d95ba97780,2017-10-26T07:58:05.000Z,0.00007,0x10cf8dc2dc3d3fdb5f03c3df8ed26ef6294c5444,buy,0x7a79abd3905ef37b8d243c4c28cee73a751eb076,0x64716c778f55b5c9ee663952ed9eec5f7194f5cccdbcab32189ef7231fda99bb
55,199.38191606021334,0.01435549795633536,0x87b53f4d4cb88a808504f2d4c13b93bfaf7510b6,2017-10-26T07:57:28.000Z,0.00007199999999999999,0x0579673ec579e5ea86b3bc26160db5d95ba97780,sell,0x7a79abd3905ef37b8d243c4c28cee73a751eb076,0xfc0a9448be02bfe9adc401714f62bdeeba39f32c98c2a646ef7934f0bb7dad82
56,7500,1.5,0x4d70a31b307274bf92ba97810d7d6079913f52eb,2017-10-26T07:55:23.000Z,0.0002,0x4d70a31b307274bf92ba97810d7d6079913f52eb,buy,0x7a79abd3905ef37b8d243c4c28cee73a751eb076,0x7f9ba70501c96a1916aa771a13481208c79623ae242d29f528cdcac36a7c1bc2
57,8000,1.6,0x4d70a31b307274bf92ba97810d7d6079913f52eb,2017-10-26T07:51:22.000Z,0.0002,0x4d70a31b307274bf92ba97810d7d6079913f52eb,buy,0x7a79abd3905ef37b8d243c4c28cee73a751eb076,0x9d438c84bab728c315c67a691034df7cbcd45d402239df27fa790e7a685bd93d
58,400,1.6,0x4d70a31b307274bf92ba97810d7d6079913f52eb,2017-10-26T07:38:36.000Z,0.004,0x4d70a31b307274bf92ba97810d7d6079913f52eb,buy,0x7a79abd3905ef37b8d243c4c28cee73a751eb076,0x61bf4ce686dc2326876a4b629bfa2cf85debb636ae6be987a9242e4f801c5bc4
59,300,1.2,0x4d70a31b307274bf92ba97810d7d6079913f52eb,2017-10-26T07:37:56.000Z,0.004,0x4d70a31b307274bf92ba97810d7d6079913f52eb,buy,0x7a79abd3905ef37b8d243c4c28cee73a751eb076,0xb11342cb6c1d54bd5200f2656a75307305cb6745cbd825c741347f36dcbef649
60,10000,1.6,0x4d70a31b307274bf92ba97810d7d6079913f52eb,2017-10-26T07:35:14.000Z,0.00016,0x4d70a31b307274bf92ba97810d7d6079913f52eb,buy,0x7a79abd3905ef37b8d243c4c28cee73a751eb076,0xbccf06fdcc1725deaa39892fcfe53d5c990a5c932ee6d0d8b561e5488c81034a
61,7000,1.12,0x4d70a31b307274bf92ba97810d7d6079913f52eb,2017-10-26T07:32:37.000Z,0.00016,0x4d70a31b307274bf92ba97810d7d6079913f52eb,buy,0x7a79abd3905ef37b8d243c4c28cee73a751eb076,0xc3b19d850d3fe977e72532f60fa66d8221b450df2b9a018dfa449da8f90abf4d
62,2000,0.3,0x4d70a31b307274bf92ba97810d7d6079913f52eb,2017-10-26T07:31:47.000Z,0.00015,0x4d70a31b307274bf92ba97810d7d6079913f52eb,buy,0x7a79abd3905ef37b8d243c4c28cee73a751eb076,0x0c4eccbc5efe198cd357c7949dddb47eb8833cce4c2439b854175212517d0f38
63,11000,1.65,0x4d70a31b307274bf92ba97810d7d6079913f52eb,2017-10-26T07:30:48.000Z,0.00015,0x4d70a31b307274bf92ba97810d7d6079913f52eb,buy,0x7a79abd3905ef37b8d243c4c28cee73a751eb076,0xa367a315f0e01a632014e24cbbe5b5f8098f4a66865bcface409ab33df96ee2d
64,12000,1.8,0x4d70a31b307274bf92ba97810d7d6079913f52eb,2017-10-26T07:29:32.000Z,0.00015,0x4d70a31b307274bf92ba97810d7d6079913f52eb,buy,0x7a79abd3905ef37b8d243c4c28cee73a751eb076,0xbe6c5d79782b5c55b7c3f37c2a396d4b67cd1ba80415a0b78a7c7dc425b761f3
65,12000,1.8,0x4d70a31b307274bf92ba97810d7d6079913f52eb,2017-10-26T07:29:26.000Z,0.00015,0x4d70a31b307274bf92ba97810d7d6079913f52eb,buy,0x7a79abd3905ef37b8d243c4c28cee73a751eb076,0xbe6c5d79782b5c55b7c3f37c2a396d4b67cd1ba80415a0b78a7c7dc425b761f3
66,1,0.000093,0x3ac636ac5c3a2576156ac5f10066ca68abe0ad54,2017-10-25T22:39:14.000Z,0.000093,0x7bfd4cc4f7645a65a1538c770f5093ffd012484e,buy,0x7a79abd3905ef37b8d243c4c28cee73a751eb076,0xa929071cc556e69e157f8fe2a798d97c3d0bf13c5d869fe7c2325840da4ee3de
67,99.69095803010667,0.000099690958030106,0x0a72ebae0321b78bf42b5846c57f90d714a5cb31,2017-10-25T11:58:49.000Z,0.00000099999999999999,0x4ef101828052e3b1340145926be230bda53e112b,sell,0x7a79abd3905ef37b8d243c4c28cee73a751eb076,0x84b5689abcdfa8c795cd29c6151c8aa2f8a5cd84e009158355e30719e54c8008
68,99.69095803010667,0.000099790648988136,0xf36990a2cb4d609e0a7d4f3bf884c0342d81fd3d,2017-10-24T19:06:50.000Z,0.00000100099999999999,0xa9fb0d773afe38beb5300658c99ffd6dac4fe10e,sell,0x7a79abd3905ef37b8d243c4c28cee73a751eb076,0xaa12f5cff1ee138a7aa0790b7ab012d56a3531089f7ce6c3e2bd61db13d247e0
69,400,0.0048004,0x035392de57aa4fe343d86494103dbe1b068a56c6,2017-10-24T16:41:46.000Z,0.000012001,0xd79cd948a969d1a4ff01c5d3205b460b1550ff29,sell,0x7a79abd3905ef37b8d243c4c28cee73a751eb076,0xc89577188b5eaa93ad047273497ff16ed4e91a2d90a44e594cb4473714301c0f
70,439.239,0.005325333636,0x5d5065b42bdee0274e394ba9042c21e1818c69cf,2017-10-24T16:40:24.000Z,0.000012124,0xd79cd948a969d1a4ff01c5d3205b460b1550ff29,sell,0x7a79abd3905ef37b8d243c4c28cee73a751eb076,0x58610a33124427296a9e095e3df3fdf2017269472747174f729e8f31366ff3b2
71,220,0.00308,0x87b53f4d4cb88a808504f2d4c13b93bfaf7510b6,2017-10-24T16:39:04.000Z,0.000014,0xd79cd948a969d1a4ff01c5d3205b460b1550ff29,sell,0x7a79abd3905ef37b8d243c4c28cee73a751eb076,0x9aacf52353d3fb05a491f8e1d3d2f39fbec499cfb146f155dab81c753c4c0258
72,99.69095803010667,0.001595055328481706,0x87b53f4d4cb88a808504f2d4c13b93bfaf7510b6,2017-10-24T13:46:47.000Z,0.00001599999999999999,0xafb6a01e754976ac2cb970f5e55a116b477de0f7,sell,0x7a79abd3905ef37b8d243c4c28cee73a751eb076,0x84566f2ea4f9eadcba26fd74ab2fb79daae29fe1664132a564c83d29cf929ddf
73,1000,0.2,0x4d70a31b307274bf92ba97810d7d6079913f52eb,2017-10-24T11:40:41.000Z,0.0002,0x4d70a31b307274bf92ba97810d7d6079913f52eb,buy,0x7a79abd3905ef37b8d243c4c28cee73a751eb076,0x6cdd2574f90995986ce92df504a9cfbd58082aa7c73b27a8b2e5117e0b50847c
74,99.69095803010667,0.001208653175157013,0x5d5065b42bdee0274e394ba9042c21e1818c69cf,2017-10-24T08:50:18.000Z,0.00001212399999999999,0x47e68dfd8b04ac91cd09c9df6e4e38387464f68a,sell,0x7a79abd3905ef37b8d243c4c28cee73a751eb076,0x7ba870e5f5973bddb5d29f86458a67fdc62729419aa4b4e11ce06285e90d383f
75,99.69095803010667,0.001208653175157013,0x5d5065b42bdee0274e394ba9042c21e1818c69cf,2017-10-24T07:07:47.000Z,0.00001212399999999999,0x120934780ca7a9e7052d57863686a3f397146d72,sell,0x7a79abd3905ef37b8d243c4c28cee73a751eb076,0x799601b59140d8efc53dc929facfb146953e561ed12bd558731e27e4fd8d522e
76,100,0.00155,0xafb6a01e754976ac2cb970f5e55a116b477de0f7,2017-10-23T21:52:28.000Z,0.0000155,0xe722d80424379e1de99f050bff9e2ff592b61158,buy,0x7a79abd3905ef37b8d243c4c28cee73a751eb076,0xfbcdfa12bc5d2760a5756f0875c000e067eefe2b4bc7d6c58b7875d0312f27f3
77,537.6732858139767,0.006518750917208653,0x5d5065b42bdee0274e394ba9042c21e1818c69cf,2017-10-23T16:15:18.000Z,0.00001212399999999999,0xb425020c938069298f5fbd4ac89ee7d936627b14,sell,0x7a79abd3905ef37b8d243c4c28cee73a751eb076,0x4bee9a732deff0a32d539026f27082d74bad6ddd0fe70706a3fc942d3d62d18a
78,900.309,0.13504635,0x4d70a31b307274bf92ba97810d7d6079913f52eb,2017-10-23T16:09:59.000Z,0.00015,0xb425020c938069298f5fbd4ac89ee7d936627b14,sell,0x7a79abd3905ef37b8d243c4c28cee73a751eb076,0xd31035b1303bc888de62109abfb0f237af67b9ed440bdd931f87caabcaf987df
79,1000,0.1,0x4d70a31b307274bf92ba97810d7d6079913f52eb,2017-10-23T16:09:05.000Z,0.0001,0xb425020c938069298f5fbd4ac89ee7d936627b14,sell,0x7a79abd3905ef37b8d243c4c28cee73a751eb076,0x560f97763b133ba22e6b0cfa51d511b4e436a8b6ba3ac85f42f7f3f7be7e910a
80,5000,1.1,0x4d70a31b307274bf92ba97810d7d6079913f52eb,2017-10-23T15:52:52.000Z,0.00022,0x4d70a31b307274bf92ba97810d7d6079913f52eb,buy,0x7a79abd3905ef37b8d243c4c28cee73a751eb076,0x97b2a1e6fedbbe96ee3fe840e4a38f4c370206a9cd6886b41362ef0e0394d95c
81,4900,1.078,0x4d70a31b307274bf92ba97810d7d6079913f52eb,2017-10-23T15:48:57.000Z,0.00022,0x4d70a31b307274bf92ba97810d7d6079913f52eb,buy,0x7a79abd3905ef37b8d243c4c28cee73a751eb076,0x5c2fb3d46dc2111125725810dca80405d27f504dc407260ea2715887c2752196
82,5500,1.21,0x4d70a31b307274bf92ba97810d7d6079913f52eb,2017-10-23T15:48:12.000Z,0.00022,0x4d70a31b307274bf92ba97810d7d6079913f52eb,buy,0x7a79abd3905ef37b8d243c4c28cee73a751eb076,0x2c557721c683afd2dca7f67751eddab0e3da2cdb7bd8377eab7434cbdc045082
83,5999.056830115826,1.3197925026254818,0x4d70a31b307274bf92ba97810d7d6079913f52eb,2017-10-23T15:47:37.000Z,0.00022,0x4d70a31b307274bf92ba97810d7d6079913f52eb,buy,0x7a79abd3905ef37b8d243c4c28cee73a751eb076,0x9c1c8437b3d29adc2083c15c00f533d60e5b034a6f96837754f4e33d6ff8c7cb
84,2000,0.38,0x4d70a31b307274bf92ba97810d7d6079913f52eb,2017-10-23T15:43:09.000Z,0.00019,0x4d70a31b307274bf92ba97810d7d6079913f52eb,buy,0x7a79abd3905ef37b8d243c4c28cee73a751eb076,0x3844bd118c8ad780197bf0f71e36aa9c4b61508fe1608716d348b4920d4b06f0
85,99.69095803010667,0.014953643704516,0x4d70a31b307274bf92ba97810d7d6079913f52eb,2017-10-23T15:34:25.000Z,0.00015,0xc4437d1c0d9e0a9e935cf31a5e36df9d51be21ef,sell,0x7a79abd3905ef37b8d243c4c28cee73a751eb076,0x4aa665b079387a5d3b1847968ca020bd5e24652914732f7b98f0ca98af8c80e2
86,6000,1.14,0x4d70a31b307274bf92ba97810d7d6079913f52eb,2017-10-23T15:19:26.000Z,0.00019,0x4d70a31b307274bf92ba97810d7d6079913f52eb,buy,0x7a79abd3905ef37b8d243c4c28cee73a751eb076,0x6f94ee59d788d83cf5aee12a1dc2d339c7c16d3e9d439690c02bdbd604362a65
87,1500,0.27,0x4d70a31b307274bf92ba97810d7d6079913f52eb,2017-10-23T15:17:39.000Z,0.00018,0x4d70a31b307274bf92ba97810d7d6079913f52eb,buy,0x7a79abd3905ef37b8d243c4c28cee73a751eb076,0x6b31c7fb0c446c7646a5a12fd9909188a108a1e65db01bd476199d59bf793f68
88,3500,0.63,0x4d70a31b307274bf92ba97810d7d6079913f52eb,2017-10-23T15:15:17.000Z,0.00018,0x4d70a31b307274bf92ba97810d7d6079913f52eb,buy,0x7a79abd3905ef37b8d243c4c28cee73a751eb076,0x8e1392e898fe25c5c6ac850e0132b6dfc19f5d80f6fc977d23dca5416cea2454
89,100,0.018,0x4d70a31b307274bf92ba97810d7d6079913f52eb,2017-10-23T15:14:39.000Z,0.00018,0x7d7d0321cc811ade3bf91d23749c096fd1c26d8c,buy,0x7a79abd3905ef37b8d243c4c28cee73a751eb076,0x9c2d9e1c2cb7d93b894c569ab226b86370f011ebdc482a27bb5a2caf1c4a127d
90,100,0.017,0x4d70a31b307274bf92ba97810d7d6079913f52eb,2017-10-23T15:14:39.000Z,0.00017,0xa01de6b319fc807f5810fb247deac2e3eee3059d,buy,0x7a79abd3905ef37b8d243c4c28cee73a751eb076,0xd0fbcc0fc22e695e72172a2ec3fcbfbc0bdd4331c692bc0980d25eef3944f9f4
91,4000,0.6,0xb425020c938069298f5fbd4ac89ee7d936627b14,2017-10-23T15:14:21.000Z,0.00015,0x4d70a31b307274bf92ba97810d7d6079913f52eb,sell,0x7a79abd3905ef37b8d243c4c28cee73a751eb076,0xb1527de7f74d4585d3b5d6c54dc0347dc9dd04a1675b5c3d3248e2a9dd14e963
92,2096.3139262776845,0.3354102282044295,0x4d70a31b307274bf92ba97810d7d6079913f52eb,2017-10-23T15:13:18.000Z,0.00016,0x4d70a31b307274bf92ba97810d7d6079913f52eb,buy,0x7a79abd3905ef37b8d243c4c28cee73a751eb076,0xfa2c9f93b952b28b55a941bf5e8437e7e8b0870ca046065fa4c5a9bf3b7d9017
93,400,0.0636,0x4d70a31b307274bf92ba97810d7d6079913f52eb,2017-10-23T15:12:28.000Z,0.000159,0x2ef784a3eef118aa0d80ec37c5b76e6a457a2289,buy,0x7a79abd3905ef37b8d243c4c28cee73a751eb076,0x20d9344f32f7a7f464556b5b0a74516ec5f729cb95861e316b7f37d36b7622d8
94,500,0.08,0x4d70a31b307274bf92ba97810d7d6079913f52eb,2017-10-23T15:12:28.000Z,0.00016,0x4d70a31b307274bf92ba97810d7d6079913f52eb,buy,0x7a79abd3905ef37b8d243c4c28cee73a751eb076,0x48a459318746e879b4c36de6ab853ad2ff30eb70fc8460b55d04a8429ed26f17
95,100,0.015899,0x4d70a31b307274bf92ba97810d7d6079913f52eb,2017-10-23T15:12:04.000Z,0.00015899,0xa1719da09b61c6d1fe0b1254b7e5374904e03cc2,buy,0x7a79abd3905ef37b8d243c4c28cee73a751eb076,0xe29895c3819a9b6a0c6d700a27c04a7b86f1b8a1d60977ac8576122b05c27d12
96,1000,0.18,0x4d70a31b307274bf92ba97810d7d6079913f52eb,2017-10-23T15:09:08.000Z,0.00018,0x4d70a31b307274bf92ba97810d7d6079913f52eb,buy,0x7a79abd3905ef37b8d243c4c28cee73a751eb076,0x4d15cd38f61f9016cc15fee251d9380a5683439e6384c2437524d443c5017ad2
97,1500,0.33,0x4d70a31b307274bf92ba97810d7d6079913f52eb,2017-10-23T15:09:08.000Z,0.00022,0x4d70a31b307274bf92ba97810d7d6079913f52eb,buy,0x7a79abd3905ef37b8d243c4c28cee73a751eb076,0x5055fd9c51c873249e330cb6381eff9a285c6f655977a9212888041bfe1ece46
98,2000,0.32,0x4d70a31b307274bf92ba97810d7d6079913f52eb,2017-10-23T15:07:49.000Z,0.00016,0x4d70a31b307274bf92ba97810d7d6079913f52eb,buy,0x7a79abd3905ef37b8d243c4c28cee73a751eb076,0x933e58b4a0b76f32b21c45a93cee3897485108b4fec2ff0a289e6e820b74ed6f
99,5403.686073722316,0.8645897717955705,0x4d70a31b307274bf92ba97810d7d6079913f52eb,2017-10-23T15:06:16.000Z,0.00016,0x4d70a31b307274bf92ba97810d7d6079913f52eb,buy,0x7a79abd3905ef37b8d243c4c28cee73a751eb076,0x9b2ff4a061d4a466838fb2fe2359b605dd6c366ca8b2dbb39a7ddd566b496bd9
100,1000,0.16,0x4d70a31b307274bf92ba97810d7d6079913f52eb,2017-10-23T15:00:25.000Z,0.00016,0x4d70a31b307274bf92ba97810d7d6079913f52eb,buy,0x7a79abd3905ef37b8d243c4c28cee73a751eb076,0x38cac5e8b6baaab1706e1afab93fdd29354579f6fde7f389e388e967a082dfee
101,1000,0.15,0x4d70a31b307274bf92ba97810d7d6079913f52eb,2017-10-23T14:59:47.000Z,0.00015,0x4d70a31b307274bf92ba97810d7d6079913f52eb,buy,0x7a79abd3905ef37b8d243c4c28cee73a751eb076,0xc26043409077025fc2845e3692a4f20cfae5ff4bbf47fccc2b24d1fbf5429521
102,1000,0.14,0x4d70a31b307274bf92ba97810d7d6079913f52eb,2017-10-23T14:58:31.000Z,0.00014,0x4d70a31b307274bf92ba97810d7d6079913f52eb,buy,0x7a79abd3905ef37b8d243c4c28cee73a751eb076,0xfb49b7bea2ee5c7a1b8d813bc4a6ea3e0bcdb0d45b98b49411682853825bd9f2
103,1000,0.13,0x4d70a31b307274bf92ba97810d7d6079913f52eb,2017-10-23T14:58:23.000Z,0.00013,0x4d70a31b307274bf92ba97810d7d6079913f52eb,buy,0x7a79abd3905ef37b8d243c4c28cee73a751eb076,0x99bc47571d8fbcaf7def2fc0fb3c73788192f5d70af6d49b25ed8a7a123a1caf
104,550,0.066,0x4d70a31b307274bf92ba97810d7d6079913f52eb,2017-10-23T14:41:09.000Z,0.00012,0x4d70a31b307274bf92ba97810d7d6079913f52eb,buy,0x7a79abd3905ef37b8d243c4c28cee73a751eb076,0x554aad4ef2b005a081dc75ec683680810e310866c98183fe0fdca2ea95c2e9b5
105,450,0.054,0x4d70a31b307274bf92ba97810d7d6079913f52eb,2017-10-23T14:39:52.000Z,0.00012,0x4d70a31b307274bf92ba97810d7d6079913f52eb,buy,0x7a79abd3905ef37b8d243c4c28cee73a751eb076,0x29e1908099a5f4aa3e0082baf8d13b0ab3334679045b76c16b669238ebacc9b0
106,500,0.055,0x4d70a31b307274bf92ba97810d7d6079913f52eb,2017-10-23T14:38:07.000Z,0.00011,0x4d70a31b307274bf92ba97810d7d6079913f52eb,buy,0x7a79abd3905ef37b8d243c4c28cee73a751eb076,0xc7353e7a8744e9d1d5f690328a09f57b9e3faa27c64c2eb7448046e94a6e15cc
107,500,0.055,0x4d70a31b307274bf92ba97810d7d6079913f52eb,2017-10-23T14:37:17.000Z,0.00011,0x4d70a31b307274bf92ba97810d7d6079913f52eb,buy,0x7a79abd3905ef37b8d243c4c28cee73a751eb076,0x22cc5767bd886b35cabf41e0baf3af64a1d9a4401c8d29562ab675f42751bdff
108,302.163,0.0302163,0x4d70a31b307274bf92ba97810d7d6079913f52eb,2017-10-23T14:33:13.000Z,0.0001,0x4d70a31b307274bf92ba97810d7d6079913f52eb,buy,0x7a79abd3905ef37b8d243c4c28cee73a751eb076,0xa375a0a92dc58f51e469cf36ca39cdfebac3494af2156db6be427c7d7db96ce1
109,697.8367062107467,0.06978367062107467,0x4d70a31b307274bf92ba97810d7d6079913f52eb,2017-10-23T14:32:04.000Z,0.0001,0x4d70a31b307274bf92ba97810d7d6079913f52eb,buy,0x7a79abd3905ef37b8d243c4c28cee73a751eb076,0xfceaaa97da97ab3f3150cd6cb34e75576e751ff45eb80b58961646db598bd1a6
110,98.6940484498056,0.001196566643405443,0x5d5065b42bdee0274e394ba9042c21e1818c69cf,2017-10-23T03:01:58.000Z,0.00001212399999999999,0xdbf78e14858f193c8f4b5562739ede6d9c379ccd,sell,0x7a79abd3905ef37b8d243c4c28cee73a751eb076,0x1b67391ec39f8555c5d61fe3c3a37a28d914440f0cff649645099c62bf9b4d23
111,99.69095803010667,0.001208653175157013,0x5d5065b42bdee0274e394ba9042c21e1818c69cf,2017-10-22T14:48:13.000Z,0.00001212399999999999,0x423b2a3ffb546d0cbaf25af92b3684a753dede35,sell,0x7a79abd3905ef37b8d243c4c28cee73a751eb076,0x15a3ed431f6b26a747421df8b7626f924a945aa2c9591013b35766a2ca16ec5c
112,1,0.000219666,0x6cdea8e07bf82d7a07dbf36642d6e5be8623845c,2017-10-22T14:15:41.000Z,0.000219666,0xdbf78e14858f193c8f4b5562739ede6d9c379ccd,buy,0x7a79abd3905ef37b8d243c4c28cee73a751eb076,0xb977f6c415b4b10fb203a5f7e8f497a36dec68623a35d105f5c1c47cc3840810
113,99.69095803010667,0.001208752866115043,0xf36990a2cb4d609e0a7d4f3bf884c0342d81fd3d,2017-10-22T11:26:27.000Z,0.00001212499999999999,0x3954a082d4550f83785e4f4549b10d5c036cfd1a,sell,0x7a79abd3905ef37b8d243c4c28cee73a751eb076,0xf6fb62ef7b92aa3f19d9f9f05a0f3ad9097468a24441e3c99a89903e64163225
114,99.69095803010667,0.0011966902601934,0x0a72ebae0321b78bf42b5846c57f90d714a5cb31,2017-10-21T03:15:31.000Z,0.00001200399999999999,0x77259b80b0b7ecbfb7baaa675b9026fd3765f789,sell,0x7a79abd3905ef37b8d243c4c28cee73a751eb076,0x23cafe7634863eeda587d39593d7e2f13bda73e6d015e8103595a448da0b12ed
115,1096.6005383311733,0.013162496261589073,0x0a72ebae0321b78bf42b5846c57f90d714a5cb31,2017-10-20T17:24:29.000Z,0.00001200299999999999,0x270490b88d9cee7fbb12002441e9c66ccc1e8abb,sell,0x7a79abd3905ef37b8d243c4c28cee73a751eb076,0xc42c3d36717d3bce29a1cfe67ba6cd7ff3e514b6c848277da6272b6d53dfc726
116,99.69095803010667,0.0011966902601934,0x0a72ebae0321b78bf42b5846c57f90d714a5cb31,2017-10-20T12:04:28.000Z,0.00001200399999999999,0x6e4e0ca28f79ff4448a3e9fbf815583c1354e216,sell,0x7a79abd3905ef37b8d243c4c28cee73a751eb076,0x1035493f068ca73d1147f728d833f4f246180bb9370f7ff2fdff7e5a7bc701e2
117,1096.6005383311733,0.01315920645997408,0x0a72ebae0321b78bf42b5846c57f90d714a5cb31,2017-10-20T01:59:24.000Z,0.00001199999999999999,0xc8e649f99b8fa38874b4b0f8e989d0dca433da61,sell,0x7a79abd3905ef37b8d243c4c28cee73a751eb076,0xef38bfb7a702ae6b5a88c85ad6e247f70ffac7549782d2db852ff9c5fa6ed1cb
118,99.69095803010667,0.001993819160602133,0xaa3ca460356d7052322e40db74cca067eff12abc,2017-10-16T09:38:20.000Z,0.00001999999999999999,0x48b7ec299387f17fb9fd1aea979f33306bae576e,sell,0x7a79abd3905ef37b8d243c4c28cee73a751eb076,0x612ed2176b2e375c5bc49be834943028ea23ca135c8ddb0f8c078b8517112b7a
