,amount,amountBase,buyer,date,price,seller,side,tokenAddr,txHash
0,60,0.023994,0x42303960b973dc0178e4104f7bee9bdfda0da9d3,2017-11-02T14:29:57.000Z,0.0003999,0xb7ddaba243659e42d2813fcb9f30aca983478b5c,buy,0xcbcc0f036ed4788f63fc0fee32873d6a7487b908,0x1664d458d209e554de986743aeb1fd5fd0bf6884d53f94773b49b0d9c5718acb
1,201,0.09246,0x42303960b973dc0178e4104f7bee9bdfda0da9d3,2017-11-02T14:28:20.000Z,0.00046,0xe146142131ba3daa2751d0346df4e381711c411b,buy,0xcbcc0f036ed4788f63fc0fee32873d6a7487b908,0xce83d5cdcb8ffe9550a5208ec8c3f3bcf06230f54f7b644719c1dd5fbc329da5
2,996.99699699,0.332,0x42303960b973dc0178e4104f7bee9bdfda0da9d3,2017-11-02T14:27:35.000Z,0.000333000000002337,0x254fb89e4cab71708eaab16e067ca8156a38e18a,buy,0xcbcc0f036ed4788f63fc0fee32873d6a7487b908,0xe1d323ced8a3d199135dc5aed86b19fc4aad82bbbdaccb07d9325681fff3f484
3,1.5015015,0.0005,0x4fda9e6bcd83af6c5cc771b5d20accc2b7720074,2017-11-02T11:49:08.000Z,0.000333000000333,0x254fb89e4cab71708eaab16e067ca8156a38e18a,buy,0xcbcc0f036ed4788f63fc0fee32873d6a7487b908,0xfebb9649ab7047136f48484bedb0c8dc57a3946ae0bea931daf9bd5782d38343
4,1.5015015,0.0005,0x3075f7f189912f4f425dd7021b9c396434197477,2017-11-02T11:33:36.000Z,0.000333000000333,0x254fb89e4cab71708eaab16e067ca8156a38e18a,buy,0xcbcc0f036ed4788f63fc0fee32873d6a7487b908,0xaf3a73b7e37e5ac8e8d591b1177bee81310b323f8bd91af6f32475b1bb35223c
5,49.83550991,0.0124588774775,0x3dee4a4e076e8d82859d241db0baf46f112cfa23,2017-11-02T08:26:13.000Z,0.00025,0xc2ef3492077355a26a7bd24386a15e1346c07ef0,sell,0xcbcc0f036ed4788f63fc0fee32873d6a7487b908,0x519cdbcd7274b0cdff5da0891ea38d3e87875b87fc421322c4049a281aebf602
6,1322.23706509,0.3305592662725,0x3dee4a4e076e8d82859d241db0baf46f112cfa23,2017-11-02T05:33:35.000Z,0.00025,0xc90bd0e7ebb1bc7cd2ec035481b7e3bcb70c1818,sell,0xcbcc0f036ed4788f63fc0fee32873d6a7487b908,0x59a93a92987ef9bed836c591dc94ad658b87072a39694435ef2bcacce2c406e7
7,398.76383212,0.09969095803,0x3dee4a4e076e8d82859d241db0baf46f112cfa23,2017-11-02T02:29:57.000Z,0.00025,0x254deb3b02a6df946e0ab6802d37840bd9b11f57,sell,0xcbcc0f036ed4788f63fc0fee32873d6a7487b908,0x174fbb7a2dec486c25c36b205148f45a0b0235143dbde8b4566cf5cd4ec0c96f
8,400,0.1332,0x254deb3b02a6df946e0ab6802d37840bd9b11f57,2017-11-01T22:50:03.000Z,0.000333,0x254fb89e4cab71708eaab16e067ca8156a38e18a,buy,0xcbcc0f036ed4788f63fc0fee32873d6a7487b908,0x18e1531e29f4b164b94f6687fcc6386a667d790f319f7de21403568d0f1cf80a
9,100,0.0333,0xb775824a6898addd0d17844a460ccef1309f5dc4,2017-11-01T20:49:41.000Z,0.000333,0x254fb89e4cab71708eaab16e067ca8156a38e18a,buy,0xcbcc0f036ed4788f63fc0fee32873d6a7487b908,0x6c6173557fcb43ea8dc1804452433d622c42e572a599de9d7eb9f2be29b72a23
10,0.001,0.000000495,0x0c4085d8e714ca77ac5f46cd2b80a92d238a7cd3,2017-10-31T01:36:04.000Z,0.000495,0xdf7beec4a75b0971e48530c14d67385cee710b65,buy,0xcbcc0f036ed4788f63fc0fee32873d6a7487b908,0xd3ae4c441a2e30565d96817d013eb92e51a919bbac0011215b11598de9eaa892
11,50,0.02,0xdf7beec4a75b0971e48530c14d67385cee710b65,2017-10-30T19:37:55.000Z,0.0004,0x04d5a4748ab863f26cfdd5d45a230c6e7da8818f,sell,0xcbcc0f036ed4788f63fc0fee32873d6a7487b908,0x100c2e2fa957375fc304333e403b6b549a92ad0936455b3251d94a1a73074950
12,18.64,0.00932,0x45c635e987e6077116d127e35e7b4b0cd9b27031,2017-10-29T07:27:35.000Z,0.0005,0xced732ca92cb4f040239c4e8c85f14acbb5db000,sell,0xcbcc0f036ed4788f63fc0fee32873d6a7487b908,0x40fcaf403b2d0dfddc812c46354371c17aa13e44ed771403bd5193f0e0c72182
13,40,0.02,0x3123cb43a4c0dd6793166a589a0ce850d6dd4010,2017-10-29T05:02:09.000Z,0.0005,0xb7ddaba243659e42d2813fcb9f30aca983478b5c,buy,0xcbcc0f036ed4788f63fc0fee32873d6a7487b908,0x288ddaa82c2e0e0b4efa3fbef6ffe2af5ee05332bfd97df951341a261215ae50
14,926.12900009,0.463064500045,0x45c635e987e6077116d127e35e7b4b0cd9b27031,2017-10-29T04:50:48.000Z,0.0005,0x9778550d76b07ac9f5e57392f68ecdf6efc1774e,sell,0xcbcc0f036ed4788f63fc0fee32873d6a7487b908,0x24b00ce89c90f5aa3d15eae9b09bbdffff9b251a8dcf24afdac4b1da82716fc1
15,452.28588382,0.19900578436234115,0x273a5d3e6721b9f5c1a6474f560c1334c63dda01,2017-10-29T04:35:24.000Z,0.00043999999000972833,0x48eaedfa6ab55f414a433f0778f55ed9b827e822,buy,0xcbcc0f036ed4788f63fc0fee32873d6a7487b908,0x98006d4b0317351752db647379c3e60fe362c0fefdd1b22dc9fafcd51acb902e
16,101.72209567,0.04465599999913,0x273a5d3e6721b9f5c1a6474f560c1334c63dda01,2017-10-29T04:35:24.000Z,0.000439,0xced732ca92cb4f040239c4e8c85f14acbb5db000,buy,0xcbcc0f036ed4788f63fc0fee32873d6a7487b908,0xc96349f8dd3d76ca51410180270336025b0c4d09ac581998f3e8ee5983835bb5
17,101.41692938,0.05070846469,0x45c635e987e6077116d127e35e7b4b0cd9b27031,2017-10-29T04:35:24.000Z,0.0005,0x273a5d3e6721b9f5c1a6474f560c1334c63dda01,sell,0xcbcc0f036ed4788f63fc0fee32873d6a7487b908,0xc96349f8dd3d76ca51410180270336025b0c4d09ac581998f3e8ee5983835bb5
18,502.884806,0.251442403,0x45c635e987e6077116d127e35e7b4b0cd9b27031,2017-10-29T04:35:24.000Z,0.0005,0x273a5d3e6721b9f5c1a6474f560c1334c63dda01,sell,0xcbcc0f036ed4788f63fc0fee32873d6a7487b908,0x888889f8b1971168c5684004d2e0793b91aa7f07059b43fe5550d5d0b72ddc9c
19,504.398,0.23202308,0x273a5d3e6721b9f5c1a6474f560c1334c63dda01,2017-10-29T04:35:24.000Z,0.00046,0xc11f32a3d45a3dc54b34234dd2b9f46292e69c02,buy,0xcbcc0f036ed4788f63fc0fee32873d6a7487b908,0x888889f8b1971168c5684004d2e0793b91aa7f07059b43fe5550d5d0b72ddc9c
20,450.92902617,0.225464513085,0x45c635e987e6077116d127e35e7b4b0cd9b27031,2017-10-29T04:35:24.000Z,0.0005,0x273a5d3e6721b9f5c1a6474f560c1334c63dda01,sell,0xcbcc0f036ed4788f63fc0fee32873d6a7487b908,0x98006d4b0317351752db647379c3e60fe362c0fefdd1b22dc9fafcd51acb902e
21,881.348,0.39219986,0x8c0f97a597a9d77868c769c8807a0849bdd7fb7d,2017-10-28T21:58:57.000Z,0.000445,0xd2ea382e498316d91b9de8557670149b479721a0,sell,0xcbcc0f036ed4788f63fc0fee32873d6a7487b908,0x67d4ba19c84ef8a2b9bdaa5c55f1656d086aafddbd5462940bd693225ee83c29
22,884,0.388076,0xd2ea382e498316d91b9de8557670149b479721a0,2017-10-28T21:58:57.000Z,0.000439,0xced732ca92cb4f040239c4e8c85f14acbb5db000,buy,0xcbcc0f036ed4788f63fc0fee32873d6a7487b908,0x67d4ba19c84ef8a2b9bdaa5c55f1656d086aafddbd5462940bd693225ee83c29
23,1.13895216,0.0005,0xe444a40689f51f63bcd29910622035707d533d29,2017-10-28T20:38:16.000Z,0.00043900000154528,0xced732ca92cb4f040239c4e8c85f14acbb5db000,buy,0xcbcc0f036ed4788f63fc0fee32873d6a7487b908,0x435238d8d055309e92a2027499df274e3f3ce7e695da061ee4d6ac4fea0f99ed
24,1.13895216,0.0005,0x34f9560c63078eb61872a4dc2ccd20e21c34feaf,2017-10-28T20:37:27.000Z,0.00043900000154528,0xced732ca92cb4f040239c4e8c85f14acbb5db000,buy,0xcbcc0f036ed4788f63fc0fee32873d6a7487b908,0x444028bbb3cecb5d43cf0bad9e4f32b77be8ffd7d5b67d53ae117012c2aef9bf
25,360,0.1583999964,0x8c0f97a597a9d77868c769c8807a0849bdd7fb7d,2017-10-28T19:37:06.000Z,0.00043999999,0x48eaedfa6ab55f414a433f0778f55ed9b827e822,buy,0xcbcc0f036ed4788f63fc0fee32873d6a7487b908,0xd7c646ce75abc33995bed77bc974ad69c01647649a4ebd8d381f887dfc0f7d44
26,100,0.0249,0xced732ca92cb4f040239c4e8c85f14acbb5db000,2017-10-28T12:30:43.000Z,0.000249,0x3dee4a4e076e8d82859d241db0baf46f112cfa23,buy,0xcbcc0f036ed4788f63fc0fee32873d6a7487b908,0xa86dfb1798c8c0e46e58279e645bf2c7ea881be4e3eaac52582507d62fc86169
27,491.995572,0.93971154252,0x8f723e21893d6e9b84088f751f9d5ed319067a03,2017-10-28T07:16:26.000Z,0.00191,0xd815bbdb973fcfae73f27ddc9a135e377028c1c5,sell,0xcbcc0f036ed4788f63fc0fee32873d6a7487b908,0x70fadbdb4643123bf90a8eb62d5c3bcfd9ec768fdd4cac5f0f61a066d4a214b6
28,493.47599999,0.21712943506524,0xd815bbdb973fcfae73f27ddc9a135e377028c1c5,2017-10-28T07:16:26.000Z,0.0004399999900089163,0x48eaedfa6ab55f414a433f0778f55ed9b827e822,buy,0xcbcc0f036ed4788f63fc0fee32873d6a7487b908,0x70fadbdb4643123bf90a8eb62d5c3bcfd9ec768fdd4cac5f0f61a066d4a214b6
29,100,0.0178002,0x3dee4a4e076e8d82859d241db0baf46f112cfa23,2017-10-27T04:49:57.000Z,0.000178002,0xa36334b0909ab194b9ddb9689bfde7f6b2332220,sell,0xcbcc0f036ed4788f63fc0fee32873d6a7487b908,0x158abe6a8671640585bf958f2805c5e9cc7deb1d3677c2304b2311c81c5d4e71
30,313,0.078249687,0xa36334b0909ab194b9ddb9689bfde7f6b2332220,2017-10-27T04:10:54.000Z,0.000249999,0xb902ba6e3272e66c74035d7e30f4fa9279bd56f9,buy,0xcbcc0f036ed4788f63fc0fee32873d6a7487b908,0x9694b7d47b1fa5ae3264afa857b3d43ecb7191ac65e6c56bec7a97542de8b2b9
31,8537.5,1.0331484875,0x7b6b2f3c88ce2ecedc01c545f13faf36034d772f,2017-10-25T03:10:06.000Z,0.000121013,0xad440e6b26dd3a044a97294bf87c017d7fb81c67,sell,0xcbcc0f036ed4788f63fc0fee32873d6a7487b908,0xe0e3402c03813f6f2e8346c0ecf64532374fd4f9c0950a702d84fef663b8dc00
32,500,0.110065,0x0ae2d2b3a41f08ea2674178a6ea95a916aef0e6b,2017-10-25T03:05:37.000Z,0.00022013,0xad440e6b26dd3a044a97294bf87c017d7fb81c67,sell,0xcbcc0f036ed4788f63fc0fee32873d6a7487b908,0xabff0952073984bbcb3122ad4dbd834fcd96f72763ebc33617d1d6c34283f329
33,1000,0.221,0x254fb89e4cab71708eaab16e067ca8156a38e18a,2017-10-25T03:04:56.000Z,0.000221,0xad440e6b26dd3a044a97294bf87c017d7fb81c67,sell,0xcbcc0f036ed4788f63fc0fee32873d6a7487b908,0xe2d0c7879b240331ddaad39fcc9036defe5c9d64d3160cca4a66c2dff839e038
34,5000,1.10505,0x3dee4a4e076e8d82859d241db0baf46f112cfa23,2017-10-25T03:04:07.000Z,0.00022101,0xad440e6b26dd3a044a97294bf87c017d7fb81c67,sell,0xcbcc0f036ed4788f63fc0fee32873d6a7487b908,0xad4c0d47ebe1894506d2cde10911ecb124ff8c7cf7fa4ab8e54605a43ae74bd4
35,2988.73492174,0.657901252117861,0x3dee4a4e076e8d82859d241db0baf46f112cfa23,2017-10-24T07:20:33.000Z,0.000220127,0xb2460f5d27c6d02f163b9c480fc0632645d21e8c,sell,0xcbcc0f036ed4788f63fc0fee32873d6a7487b908,0xf60ce2f71cce303bacbfb0afb8704e4620ee6cb204b749dc8a128a947d1f7f60
36,298.342,0.06563524,0xf18521dc5c211dc0ed6c85b034d4f46d456950bb,2017-10-23T22:17:12.000Z,0.00022,0x6686861fc55504b1b41850247ba35ca5a109a31c,buy,0xcbcc0f036ed4788f63fc0fee32873d6a7487b908,0x37d1451033b361a82e901d6c08f5becd2388b1da8ef88ed335da75c35134e103
37,845.73121872,0.338292487488,0x7435ba6fc73cd8b7414c54261e2bbaaeb6f2f1d8,2017-10-23T18:37:53.000Z,0.0004,0x669f0ab96fd3beb68bc836bb874894bbb516331a,sell,0xcbcc0f036ed4788f63fc0fee32873d6a7487b908,0x4c69bdc3e786eacfd23eaa8860b2267c5fdd6cb5619284288b43329cda239d6f
38,654.32452908,0.2551865663412,0x273a5d3e6721b9f5c1a6474f560c1334c63dda01,2017-10-23T18:29:04.000Z,0.00039,0xbbe8a1421d8583194bd959a640cb82225650c748,buy,0xcbcc0f036ed4788f63fc0fee32873d6a7487b908,0x96735a9f65d8c42a90e6c77d1baa2bf996f89cae26abc88c7c270a57a80ba81e
39,652.36155549,0.260944622196,0x7435ba6fc73cd8b7414c54261e2bbaaeb6f2f1d8,2017-10-23T18:29:04.000Z,0.0004,0x273a5d3e6721b9f5c1a6474f560c1334c63dda01,sell,0xcbcc0f036ed4788f63fc0fee32873d6a7487b908,0x96735a9f65d8c42a90e6c77d1baa2bf996f89cae26abc88c7c270a57a80ba81e
40,0.4272548,0.000093996056,0x3dee4a4e076e8d82859d241db0baf46f112cfa23,2017-10-23T08:47:40.000Z,0.00022,0x96002c6fd7a1989e87f6e147e591447cc855b44f,sell,0xcbcc0f036ed4788f63fc0fee32873d6a7487b908,0xd17a09e0670e43073d0318d46d94682e22aca6d194f940f010896529c2157be0
41,4285.79284817,0.9428744265974,0x3dee4a4e076e8d82859d241db0baf46f112cfa23,2017-10-23T08:46:23.000Z,0.00022,0x96002c6fd7a1989e87f6e147e591447cc855b44f,sell,0xcbcc0f036ed4788f63fc0fee32873d6a7487b908,0xdf348a8f2f6e6f7e1e86b272a2df25174232889790ef6008ff0465a1f4603a10
42,504.398,0.121222475738,0xc11f32a3d45a3dc54b34234dd2b9f46292e69c02,2017-10-23T08:42:50.000Z,0.000240331,0x96002c6fd7a1989e87f6e147e591447cc855b44f,sell,0xcbcc0f036ed4788f63fc0fee32873d6a7487b908,0x062236520f17193b57281844b81cb2688e7471d89178218bfc4bbd9b078f2a85
43,251,0.10793,0xdf7db12ba0a2f3116b4432f5d00c6d493e948534,2017-10-23T04:40:12.000Z,0.00043,0xbbe8a1421d8583194bd959a640cb82225650c748,buy,0xcbcc0f036ed4788f63fc0fee32873d6a7487b908,0x3134b037db9a44d74609f090d5bec4a1399f64079349daa2fd064dc9364d5fc8
44,600,0.1441998,0x9e928e1dc1d527f491a335ea04a28d244c9e259a,2017-10-22T11:10:36.000Z,0.000240333,0x4d517d272ce8d879d8891518e70153b49d2cdb96,sell,0xcbcc0f036ed4788f63fc0fee32873d6a7487b908,0x0c899ba6d894d2b2d5b881f4c1b431143417d78a2c3c2683d43bebe89e3c974c
45,1200,0.26424,0x04d5a4748ab863f26cfdd5d45a230c6e7da8818f,2017-10-22T11:10:31.000Z,0.0002202,0x4d517d272ce8d879d8891518e70153b49d2cdb96,sell,0xcbcc0f036ed4788f63fc0fee32873d6a7487b908,0x0138d335d99e72719961e2c3ab2a5b7eae4c7ef73ba0460c6de5b81980161233
46,654.3152497,0.157035659928,0xbbe8a1421d8583194bd959a640cb82225650c748,2017-10-22T10:40:27.000Z,0.00024,0x4ad64328076e1220333a82a4e602b1aaddd215e3,sell,0xcbcc0f036ed4788f63fc0fee32873d6a7487b908,0x6fbde63c17ab46b9aa2a57f93b4aed045c646cf48575153e3d4e75349f4509f5
47,906.19080849,0.2177848370044017,0x9e928e1dc1d527f491a335ea04a28d244c9e259a,2017-10-21T23:07:37.000Z,0.00024033,0x01e5d52447d74fa40a21666f0240937b8e2265d1,sell,0xcbcc0f036ed4788f63fc0fee32873d6a7487b908,0xd9a437ea2b01d8fc9d1a009a2e10429386471b10b5b909edfc2dbd18d043cc4d
48,704.71538231,0.15511701694640104,0x3dee4a4e076e8d82859d241db0baf46f112cfa23,2017-10-21T09:52:29.000Z,0.000220113,0x3ed5ab3de43a93a8e444945c45f6d4fe322a6608,sell,0xcbcc0f036ed4788f63fc0fee32873d6a7487b908,0x27179306eae9952fc1b873124abb7e0ac397c495796f2c0982fb43fce4cbf452
49,5256.114,1.303516272,0xff4482de17e729e19d75d70fc005f2e4ba75905f,2017-10-21T08:09:43.000Z,0.000248,0x25139e09ccbb2de58c4817467f7f8ad2b3fd23f3,buy,0xcbcc0f036ed4788f63fc0fee32873d6a7487b908,0xe321c27f1e1e146ef442394523e1d4d377d692a719f185701d6fe2dd2760eda0
50,0.04947045,0.000021766998918406,0x2ab3a5c3a46cfa6e3a419debc508fcd8f955e63e,2017-10-20T23:40:00.000Z,0.00044000001856473917,0xbbe8a1421d8583194bd959a640cb82225650c748,buy,0xcbcc0f036ed4788f63fc0fee32873d6a7487b908,0xa02673d73f59d4c2bf598f8aa018f50eb5a8cd1fd27d7e7a8ae53d85b1134d19
51,496.23811616,0.21834476615052556,0x2ab3a5c3a46cfa6e3a419debc508fcd8f955e63e,2017-10-20T23:38:41.000Z,0.0004399999900050514,0x48eaedfa6ab55f414a433f0778f55ed9b827e822,buy,0xcbcc0f036ed4788f63fc0fee32873d6a7487b908,0xd999336e31d7b6a2b44677422931b3d7c56c42fea5f6e27c283933eaa226d08b
52,5.98138769,0.0013757191687,0x3389fdbcc81915f0a3fff075928f15520ab2a9cc,2017-10-20T20:55:53.000Z,0.00023,0xf7cc5cccbd9eef2f4b2880547481f1618e6e019f,sell,0xcbcc0f036ed4788f63fc0fee32873d6a7487b908,0x86a5ccc56bb96ea85d4a6156f42df7fb2e6d149ffbc2545e642cf2fefbbfec4b
53,385.21008448,0.16949243717546023,0x09fee62f5823d863a71094259d279ee0f49e1b17,2017-10-20T05:01:47.000Z,0.0004400000000110595,0xbbe8a1421d8583194bd959a640cb82225650c748,buy,0xcbcc0f036ed4788f63fc0fee32873d6a7487b908,0xc9b87708bf7647ed0f9532ebe6e366c9a838245083a1b8cb591f2746dd2d25e0
54,1,0.00044,0x6cdea8e07bf82d7a07dbf36642d6e5be8623845c,2017-10-19T23:48:15.000Z,0.00044,0xbbe8a1421d8583194bd959a640cb82225650c748,buy,0xcbcc0f036ed4788f63fc0fee32873d6a7487b908,0x733eafdaf074b21df53c0f0350155889c7f24a356c19fe124488b45128310547
55,1802.11258112,0.382588500971776,0x48eaedfa6ab55f414a433f0778f55ed9b827e822,2017-10-19T18:11:55.000Z,0.0002123,0x077d410928105449f2ebf0c0d9a7bc3ecc5fc277,sell,0xcbcc0f036ed4788f63fc0fee32873d6a7487b908,0xe051f999b36ba879ff6c7c9d2ba9ef0c68abd60f0aeeb1b7b198970d22d8d5f6
56,200,0.0424888,0xb0d2ce3e2bfbc1a47dbfe5b3eef5335284dfeb49,2017-10-19T18:11:34.000Z,0.000212444,0x077d410928105449f2ebf0c0d9a7bc3ecc5fc277,sell,0xcbcc0f036ed4788f63fc0fee32873d6a7487b908,0xfb6954cc1e45082eba93b554ccf49f6dfa337e24d999660cad7556a5ff634776
57,6000,1.27506,0x3dee4a4e076e8d82859d241db0baf46f112cfa23,2017-10-19T18:10:41.000Z,0.00021251,0x077d410928105449f2ebf0c0d9a7bc3ecc5fc277,sell,0xcbcc0f036ed4788f63fc0fee32873d6a7487b908,0xd7baccde16c1f093506612791568373253d7a7d693d6757ee14b440fbb040416
58,19.87657421,0.00422407016823815,0x6bad391397f5f6047d3b6752576ee1a4ae3d2927,2017-10-19T13:01:28.000Z,0.000212515,0x6565e0b6b1a1702ee3ac41b5d2ad0498a71b7f5e,sell,0xcbcc0f036ed4788f63fc0fee32873d6a7487b908,0x549d00086e3a02e38b94362390ae1dc8eac68651ec4f2737657edd64d0cfbb84
59,996.95633581,0.21157606749826982,0x254fb89e4cab71708eaab16e067ca8156a38e18a,2017-10-18T16:32:58.000Z,0.000212222,0xfc451fc713435cd4d4892350e1517a4b2695e03b,sell,0xcbcc0f036ed4788f63fc0fee32873d6a7487b908,0x7745fc42f9cc4a2ad2478706f6f627d497695263b575551aa09a87d7e7d284bb
60,1,0.0007777,0x3ac636ac5c3a2576156ac5f10066ca68abe0ad54,2017-10-18T16:16:04.000Z,0.0007777,0x3ed5ab3de43a93a8e444945c45f6d4fe322a6608,buy,0xcbcc0f036ed4788f63fc0fee32873d6a7487b908,0x3ba27324569d49cbb8b6a07ae054d98e506a926d2387e248c371b7c1e232244c
61,1.11111111,0.0005,0x379374d13077e8867ef31803c37baf9785a17c00,2017-10-18T15:17:02.000Z,0.00045000000045,0xbbe8a1421d8583194bd959a640cb82225650c748,buy,0xcbcc0f036ed4788f63fc0fee32873d6a7487b908,0x89b724f5edc4babad156628ee7ed393e363393cde5390194052ca7da0224aeaa
62,1.11111111,0.0005,0xf9695cd65d6dfdf257fab76a3eb0cb8f001971cc,2017-10-18T15:17:02.000Z,0.00045000000045,0xbbe8a1421d8583194bd959a640cb82225650c748,buy,0xcbcc0f036ed4788f63fc0fee32873d6a7487b908,0x8d256bc0a3cf4732468ead4a930880c0a20497327d5d01adf139c85edf8a309c
63,814,0.45177,0x7f31878653e09eb77232d5ee59e7ff43ce1c51a0,2017-10-17T18:22:38.000Z,0.000555,0xca0edd78e25ebca0e5e0194d74b2ee8c937b3dec,buy,0xcbcc0f036ed4788f63fc0fee32873d6a7487b908,0x25123ac5168273163a3c8a95d7d9a22b5fe6f006afb59e51e874fcccad8b9e17
64,1,0.0005,0x16e5d97bbc92417e051e3b2cabfbf8ceea2acb9c,2017-10-17T17:48:37.000Z,0.0005,0xa5a43ff72dbb4e8d91f9e77da6562b4f3630d6ef,buy,0xcbcc0f036ed4788f63fc0fee32873d6a7487b908,0x5d6b74d62d927050bcfb6a0760fef6f9a2f447a2123564a7c930460f05f50645
65,37.023,0.020362612977,0xdf7db12ba0a2f3116b4432f5d00c6d493e948534,2017-10-17T08:47:05.000Z,0.000549999,0x1641f10eac179586d74ee61841aaf73fa9726fbe,buy,0xcbcc0f036ed4788f63fc0fee32873d6a7487b908,0x233ef8544c60a5831d47033ec8b7859ca749aa0517a83576b039feca9175e622
66,1.28205128,0.0005,0xcd912af5286dc0b0a23edb30209734ecb60838b3,2017-10-17T05:27:09.000Z,0.000390000000624,0xbbe8a1421d8583194bd959a640cb82225650c748,buy,0xcbcc0f036ed4788f63fc0fee32873d6a7487b908,0x681e3547e5b58e70089d155d4d8400d628f9e3654e085f05982dc9ee335770bc
67,101,0.023533101,0xe146142131ba3daa2751d0346df4e381711c411b,2017-10-14T12:57:04.000Z,0.000233001,0xeaea4a70174112f48836e13541aa7dc4b57fc681,sell,0xcbcc0f036ed4788f63fc0fee32873d6a7487b908,0x89abaa31b843c31844f2f9f9fee8e9ea058decdc4adb47b133089025abbf6e95
68,203.167,0.0609501,0x4bd28173239557bbc7e63669703a220be5500c1b,2017-10-14T10:30:01.000Z,0.0003,0x4bd28173239557bbc7e63669703a220be5500c1b,sell,0xcbcc0f036ed4788f63fc0fee32873d6a7487b908,0x9355428f3cf559958de87d1db81f51d3d04a8663a2df49a76cb2511b12171c94
69,203.167,0.0609501,0x4bd28173239557bbc7e63669703a220be5500c1b,2017-10-14T10:28:42.000Z,0.0003,0x4bd28173239557bbc7e63669703a220be5500c1b,sell,0xcbcc0f036ed4788f63fc0fee32873d6a7487b908,0x48389d263dfaabe08695f02623fa1c2e0645f605ac0c1420fd10059199cae3b9
70,140.77310781,0.0351932769525,0xbbe8a1421d8583194bd959a640cb82225650c748,2017-10-14T00:47:42.000Z,0.00025,0xf142f26d1cac4ba8a6e6d7974d243eda2fe5f4f9,sell,0xcbcc0f036ed4788f63fc0fee32873d6a7487b908,0x7514618efedecb40e2f9b1b7bdb960fef5a4d3177d7fea77739ca970c5f45af1
71,1000,0.3,0x4bd28173239557bbc7e63669703a220be5500c1b,2017-10-14T00:43:57.000Z,0.0003,0xf142f26d1cac4ba8a6e6d7974d243eda2fe5f4f9,sell,0xcbcc0f036ed4788f63fc0fee32873d6a7487b908,0x3a7176e2fe031bf41c19fba4b87a89fc5795bb2be8496d353b57bee9466d3f5d
72,500,0.1505,0xbbe8a1421d8583194bd959a640cb82225650c748,2017-10-14T00:43:54.000Z,0.000301,0xf142f26d1cac4ba8a6e6d7974d243eda2fe5f4f9,sell,0xcbcc0f036ed4788f63fc0fee32873d6a7487b908,0xe6a34fbd94b631cd9a78e2ce5d62ae1302dae3dcd6494a2d8c335f0b2ac84464
73,7.9703921,0.00223250682721,0x8764e6ebd6585c21051af37ef6c983344b81445f,2017-10-13T04:21:06.000Z,0.0002801,0xb952d59b6e43f9d2efa5dd8fbd7f967eddb6f1a7,sell,0xcbcc0f036ed4788f63fc0fee32873d6a7487b908,0x30c0f30949e3a4e7fb3ee443a69a338ad36a02028ee06610dedc83553a081c84
74,1000,0.3,0x4bd28173239557bbc7e63669703a220be5500c1b,2017-10-13T04:13:36.000Z,0.0003,0xb952d59b6e43f9d2efa5dd8fbd7f967eddb6f1a7,sell,0xcbcc0f036ed4788f63fc0fee32873d6a7487b908,0x109fd2c3d776110cab217e338ad8247f47dd8fe10e24b9e8c49dd1a30dfb2fed
75,1853.75,0.5746625,0x00fc34b9dc3c10f7247c092831f9832c1ea05ac0,2017-10-13T04:13:02.000Z,0.00031,0xb952d59b6e43f9d2efa5dd8fbd7f967eddb6f1a7,sell,0xcbcc0f036ed4788f63fc0fee32873d6a7487b908,0xacb15c6dd95fbcef45e2e9ff228285b9e7e98e31b2b7b46b58ed61f56f95210d
76,3063.50314026,0.9496859734806,0x00fc34b9dc3c10f7247c092831f9832c1ea05ac0,2017-10-13T04:01:51.000Z,0.00031,0xb952d59b6e43f9d2efa5dd8fbd7f967eddb6f1a7,sell,0xcbcc0f036ed4788f63fc0fee32873d6a7487b908,0xcb7d79f28ba391f9adaaf366adda09213007d10f4528981eb16adf02a8f318d7
77,682.74648524,0.2116514104244,0x00fc34b9dc3c10f7247c092831f9832c1ea05ac0,2017-10-13T00:49:23.000Z,0.00031,0xc13fd024120aabf1366caa34103c322fcde31ee5,sell,0xcbcc0f036ed4788f63fc0fee32873d6a7487b908,0x06c2ac7b904d9a19d1d3c98d11c44ada18b674fdb033556c31c6afd4fe4a8d80
78,3592.41213859,1.0777308264012773,0xa5a43ff72dbb4e8d91f9e77da6562b4f3630d6ef,2017-10-12T21:34:35.000Z,0.000300002,0x097501c95264ad3204159efaefdc5820783dbeae,sell,0xcbcc0f036ed4788f63fc0fee32873d6a7487b908,0x68a89ac57b2ff64e89c820afe3c1c0fcb988f2b63b98b9ae57c95be04b7ef399
79,178.571,0.09999976,0xd3fa4470cba5e5052e9c7540606a0c0ec067128e,2017-10-12T21:07:48.000Z,0.00056,0x1641f10eac179586d74ee61841aaf73fa9726fbe,buy,0xcbcc0f036ed4788f63fc0fee32873d6a7487b908,0xcd83c329207267f27ffa7c8eaef52c22145a641d79275edd8462b8d4300e550e
80,0.09938287,0.000029814861,0x395fafcdd89179a24ce8c7dd6b1eed682ba71aa9,2017-10-12T03:12:05.000Z,0.0003,0x503453ecb5f37e9b479a530b4486f26dbe047e75,sell,0xcbcc0f036ed4788f63fc0fee32873d6a7487b908,0x33a7716f4cfc6f24f6e466c1fec8ad2b410bdeb2c5ed0b747eb7ecee99916ee8
81,996.9095803,0.29907287409,0x4bd28173239557bbc7e63669703a220be5500c1b,2017-10-12T03:06:41.000Z,0.0003,0x503453ecb5f37e9b479a530b4486f26dbe047e75,sell,0xcbcc0f036ed4788f63fc0fee32873d6a7487b908,0x01fb39d49c5dc9ff2d1ca670ab53a72001c62dc5ac455a79311d828bf73bac16
82,53.40587037,0.029907287409032,0x9fe3b26eaf84ecf77ac45b086a2bf786f38441b3,2017-10-11T22:39:41.000Z,0.0005600000000343033,0x1641f10eac179586d74ee61841aaf73fa9726fbe,buy,0xcbcc0f036ed4788f63fc0fee32873d6a7487b908,0xbc39fc860dc5fba6ddf75b592f8945316323107090cc69f0e092c674290dc354
83,649.573,0.380000205,0x35560b96a605f5d200e10cee3701e328439f9248,2017-10-11T04:11:54.000Z,0.000585,0xa5a43ff72dbb4e8d91f9e77da6562b4f3630d6ef,buy,0xcbcc0f036ed4788f63fc0fee32873d6a7487b908,0x0f05e2a91f687bb2dab4f7037b226fe6010a1f0f4c03a605f7019c7f586b92a8
84,140.171,0.082000035,0xfd847c52f7415042b3ce3b0275117ebc70c71c5c,2017-10-10T17:32:16.000Z,0.000585,0xa5a43ff72dbb4e8d91f9e77da6562b4f3630d6ef,buy,0xcbcc0f036ed4788f63fc0fee32873d6a7487b908,0x9a4d4dbb5b957731b5d1a4170757e3039301021b403150eb286ee8d5c59a0561
85,149.99,0.08774415,0xfd847c52f7415042b3ce3b0275117ebc70c71c5c,2017-10-10T17:30:35.000Z,0.000585,0xa99d3d94e9c7448de1f9d15eb6d22d91f7cc17a5,buy,0xcbcc0f036ed4788f63fc0fee32873d6a7487b908,0xf794ae20dbef5965514bc5fdc56b514118c352142d1bc5f3f3411f3249ee73a4
86,5736.40483731,3.3557968298275345,0xfd847c52f7415042b3ce3b0275117ebc70c71c5c,2017-10-10T17:19:21.000Z,0.0005850000000002066,0xa5a43ff72dbb4e8d91f9e77da6562b4f3630d6ef,buy,0xcbcc0f036ed4788f63fc0fee32873d6a7487b908,0x11805fc7c09e1ea075163ca4e6a9b9f93f99a6cfdf92799db5b06e4e78c1ea5f
87,230,0.1334,0xfd847c52f7415042b3ce3b0275117ebc70c71c5c,2017-10-10T17:09:20.000Z,0.00058,0x8764e6ebd6585c21051af37ef6c983344b81445f,buy,0xcbcc0f036ed4788f63fc0fee32873d6a7487b908,0xca4e2d61aa2a44cafd902e870757f66f453a79e273b4ad0dba94d33c3e692f0f
88,1047.15,0.29843775,0x3dee4a4e076e8d82859d241db0baf46f112cfa23,2017-10-09T15:13:57.000Z,0.000285,0x25a152f686d2f97774c535c7b579dbdf1a7d083a,sell,0xcbcc0f036ed4788f63fc0fee32873d6a7487b908,0x9e431f3a5b8c11fa530a0e43406ff58002e23894c842c1b625a243257691c425
89,700,0.224,0x36dd769b1cf56a6ce8520a7cab2eb5aa3106043d,2017-10-09T15:11:58.000Z,0.00032,0x25a152f686d2f97774c535c7b579dbdf1a7d083a,sell,0xcbcc0f036ed4788f63fc0fee32873d6a7487b908,0x43c4d335f2fa77f6bf5cfe7b4ea8bdd66cc75a4b778e51503a94761b6479668d
90,250,0.080005,0x04d5a4748ab863f26cfdd5d45a230c6e7da8818f,2017-10-09T15:11:30.000Z,0.00032002,0x25a152f686d2f97774c535c7b579dbdf1a7d083a,sell,0xcbcc0f036ed4788f63fc0fee32873d6a7487b908,0x372239e143a10d2a984724ed9128098b29c58685f9a7cd0af71f4f1ec50bcf5b
91,1552.3063898,0.496738044736,0x36dd769b1cf56a6ce8520a7cab2eb5aa3106043d,2017-10-09T07:12:28.000Z,0.00032,0xab296c308b24c972b60a662262f144eeefc27ec8,sell,0xcbcc0f036ed4788f63fc0fee32873d6a7487b908,0xadcf219cd76c5410e595e6502263fb56760e68ee85983fcfe9eb93a91fb75897
92,698.83397771,0.2236268728672,0x36dd769b1cf56a6ce8520a7cab2eb5aa3106043d,2017-10-08T19:47:26.000Z,0.00032,0x3dee4a4e076e8d82859d241db0baf46f112cfa23,sell,0xcbcc0f036ed4788f63fc0fee32873d6a7487b908,0xadfdd640b79f549c7f03a50418a306e369cd8d60095a10ecfc69ab2c4a036454
93,700,0.224007,0x3dee4a4e076e8d82859d241db0baf46f112cfa23,2017-10-08T08:54:24.000Z,0.00032001,0x3ed5ab3de43a93a8e444945c45f6d4fe322a6608,sell,0xcbcc0f036ed4788f63fc0fee32873d6a7487b908,0x782e668e9f83c4cc63c6412b276bb6cc5a5095483098b075c6f8a55ee5c8c3c4
94,500,0.2579999995,0x89ed71207f0a87ee5d9e1edb37e013361c417dc9,2017-10-08T00:15:53.000Z,0.000515999999,0x254fb89e4cab71708eaab16e067ca8156a38e18a,buy,0xcbcc0f036ed4788f63fc0fee32873d6a7487b908,0x0b53d25f7c959b371f6f3bb73c4b3db33df32f9d42ca9bcaf56b513b8c248c0d
95,623.83970289,0.32252512639413,0x89ed71207f0a87ee5d9e1edb37e013361c417dc9,2017-10-08T00:07:53.000Z,0.000517,0xced732ca92cb4f040239c4e8c85f14acbb5db000,buy,0xcbcc0f036ed4788f63fc0fee32873d6a7487b908,0x58b1b990460831c6eb5387317b762535a792bec1ddb5272758f0cb64b955616d
96,314.54348835,0.0660585361623369,0xb902ba6e3272e66c74035d7e30f4fa9279bd56f9,2017-10-07T22:57:07.000Z,0.000210014,0xdc7439a92014f453c471839ab5bdfcf84a3dcdd4,sell,0xcbcc0f036ed4788f63fc0fee32873d6a7487b908,0x9a44377feaa43f7109e95fdc4e097fea607680f4ee84d1aabbddf1da54992255
97,240,0.072024,0x8764e6ebd6585c21051af37ef6c983344b81445f,2017-10-07T22:54:03.000Z,0.0003001,0xdc7439a92014f453c471839ab5bdfcf84a3dcdd4,sell,0xcbcc0f036ed4788f63fc0fee32873d6a7487b908,0x5332ea6ace18b1a375101974e74adc5be972f1097ac9a664e4b7bd51504715f1
98,4000,1.2,0x3dee4a4e076e8d82859d241db0baf46f112cfa23,2017-10-07T22:49:16.000Z,0.0003,0xdc7439a92014f453c471839ab5bdfcf84a3dcdd4,sell,0xcbcc0f036ed4788f63fc0fee32873d6a7487b908,0x70f553beb9c33bff103c9cc211ae70b954c2862ff1ec0f8cf2a47b4ceaa1ca01
99,942.06076632,0.282618229896,0x3dee4a4e076e8d82859d241db0baf46f112cfa23,2017-10-07T22:43:38.000Z,0.0003,0xdc7439a92014f453c471839ab5bdfcf84a3dcdd4,sell,0xcbcc0f036ed4788f63fc0fee32873d6a7487b908,0xb41ad9d1419406d11a1ca61dfe150c5b0ae1143afa7f05c906b25ce35e6ef11f
100,42.30356752,0.01590614138752,0x5d5065b42bdee0274e394ba9042c21e1818c69cf,2017-10-07T22:40:14.000Z,0.000376,0xdc7439a92014f453c471839ab5bdfcf84a3dcdd4,sell,0xcbcc0f036ed4788f63fc0fee32873d6a7487b908,0x33633504a0cbb68058377783d0c86b4f3fe72b9b03ebb4cb1459d110af580fe3
101,3057.93923368,0.917381770104,0x3dee4a4e076e8d82859d241db0baf46f112cfa23,2017-10-07T12:13:11.000Z,0.0003,0x03a1eeb08c6df9348956414192c16f00d206291f,sell,0xcbcc0f036ed4788f63fc0fee32873d6a7487b908,0x37df2957ea3b25de4758e410ae0d56ddd9e656b32a78568e671a6f81e3c9cba9
102,2.02267361,0.00076052527736,0x5d5065b42bdee0274e394ba9042c21e1818c69cf,2017-10-07T03:11:44.000Z,0.000376,0xb20b2c3dca2d4745fad838074b9a777f76abf87e,sell,0xcbcc0f036ed4788f63fc0fee32873d6a7487b908,0xd1b2d0baaaf44b6723dbf8689dedff90c9a93ff413551098f84f851f63daf392
103,758.69497119,0.28526930916744,0x48eaedfa6ab55f414a433f0778f55ed9b827e822,2017-10-07T03:10:03.000Z,0.000376,0xb20b2c3dca2d4745fad838074b9a777f76abf87e,sell,0xcbcc0f036ed4788f63fc0fee32873d6a7487b908,0x910cbf1f1c6d7fb8d05ffa8cac43a623c3b9719cb933b0ce473fbe6977bac54f
104,4000,1.4,0x3dee4a4e076e8d82859d241db0baf46f112cfa23,2017-10-07T03:07:06.000Z,0.00035,0xb20b2c3dca2d4745fad838074b9a777f76abf87e,sell,0xcbcc0f036ed4788f63fc0fee32873d6a7487b908,0x0b88f7d44dc4afbe5b3a8836c57adb16f441e791b677e141a43d0b423a2bc8e3
105,365,0.14965,0x48eaedfa6ab55f414a433f0778f55ed9b827e822,2017-10-04T12:26:47.000Z,0.00041,0xbd0d7c678214a79f5d11fa10fe84f731d083dde4,buy,0xcbcc0f036ed4788f63fc0fee32873d6a7487b908,0xd262d44c01965b8a2416296899aa763f336feb31332682d4c14bd560d004221b
106,498.54977456,0.204455262547056,0x48eaedfa6ab55f414a433f0778f55ed9b827e822,2017-10-04T02:55:56.000Z,0.0004101,0xd33047e125a4d7db70b532dee53b4e1f0b9fe457,sell,0xcbcc0f036ed4788f63fc0fee32873d6a7487b908,0xb99d1195ecd7850e2d51d44a6f159fbd115a1dce49b4c9368f665a0f6dfd20c2
107,0.024,0.000009024,0x48eaedfa6ab55f414a433f0778f55ed9b827e822,2017-10-03T02:35:18.000Z,0.000376,0x5f0e2c05cda2cb62b1daabed1b683407bf699ad7,sell,0xcbcc0f036ed4788f63fc0fee32873d6a7487b908,0x4a0d590e692ae638ef4ec2bc477a1aa67790519f51fc18f545506bc14b1a5b6a
108,241.28102881,0.09072166683256,0x48eaedfa6ab55f414a433f0778f55ed9b827e822,2017-10-03T02:06:15.000Z,0.000376,0x5f0e2c05cda2cb62b1daabed1b683407bf699ad7,sell,0xcbcc0f036ed4788f63fc0fee32873d6a7487b908,0x1685a45c23f844ab572dfbc94b20d60a6adddaebf6c3eb0c21896b3cb03ac907
109,598.34161186,0.29917080593,0x6686861fc55504b1b41850247ba35ca5a109a31c,2017-10-01T07:35:33.000Z,0.0005,0x097501c95264ad3204159efaefdc5820783dbeae,sell,0xcbcc0f036ed4788f63fc0fee32873d6a7487b908,0xdee08980babbbaba3f804a770cf28c57fcfc73793e000c7cacb78a8845357c20
110,1,0.00095,0x0249924245a19aa2d7f5ddb0739a7132b7d094ab,2017-09-28T17:35:39.000Z,0.00095,0xc9b622299e98feaa35f2e4c5d8d0adc2fd4af9f2,buy,0xcbcc0f036ed4788f63fc0fee32873d6a7487b908,0xbb8b85e6aa050e1e69cce3352f96dcb042ec6c7ab11c2f1bd5f87e7e4ef6894b
111,1,0.0011,0xa0be78d2bac6a692adba423c7af50ec86a18bddf,2017-09-28T12:08:06.000Z,0.0011,0x254fb89e4cab71708eaab16e067ca8156a38e18a,buy,0xcbcc0f036ed4788f63fc0fee32873d6a7487b908,0xee87cdd606a7777075944cc8e9fbd71ee48bc8718f6c6476be577c70653b6b5f
112,1964.70848244,1.080589665342,0x8cd3bec93d81f900f4faef7f40259d392b616a7e,2017-09-28T10:07:43.000Z,0.00055,0x097501c95264ad3204159efaefdc5820783dbeae,sell,0xcbcc0f036ed4788f63fc0fee32873d6a7487b908,0xbd81fba72cbcac91260f4a1aa2176daf6308f0246027dacfaed2b67c25974e96
113,8.829,0.00980019,0x7a9fdbd9ed444d8cdd2513c66474602f68c138f3,2017-09-28T00:13:23.000Z,0.00111,0xffe8f305b9a455ab46a9351c392d3c51d73bf6f7,buy,0xcbcc0f036ed4788f63fc0fee32873d6a7487b908,0xc784a2d21327891dadb2b4099b7fc4d89f98aa6c5656c1c9ebe41e0d6f70feae
114,9.009,0.00999999,0x936efab40ca56398c9109497309c2fd391450bd8,2017-09-27T22:26:47.000Z,0.00111,0xffe8f305b9a455ab46a9351c392d3c51d73bf6f7,buy,0xcbcc0f036ed4788f63fc0fee32873d6a7487b908,0x84941ff8c0487593ed4bb0f332e36e9bf3c0ad33490bbe7753f4e31cfc80f26b
115,19.9381916,0.00664606320206028,0x6565e0b6b1a1702ee3ac41b5d2ad0498a71b7f5e,2017-09-27T19:11:54.000Z,0.0003333333,0xe581a10b3d566e1473ecdd8fff0589173d8e8a5d,sell,0xcbcc0f036ed4788f63fc0fee32873d6a7487b908,0x624241a91a50d2a5973b26aee4f30612f5c150180b49a73e81f74424076902ab
116,952.7886375,0.49163893695,0xec8d03bfdcd17bb972ecd048d240d8b60f2b17f4,2017-09-27T18:14:15.000Z,0.000516,0xd33047e125a4d7db70b532dee53b4e1f0b9fe457,sell,0xcbcc0f036ed4788f63fc0fee32873d6a7487b908,0x58bc9621c69616515f30994df1df171e5d25cf917c319ffaba43981c32d11c51
117,2720.139,1.401282325989,0xec8d03bfdcd17bb972ecd048d240d8b60f2b17f4,2017-09-27T14:42:20.000Z,0.000515151,0x60cbf35fa1e54b0f34ce82e8bcc7404d3ede0f15,buy,0xcbcc0f036ed4788f63fc0fee32873d6a7487b908,0x7cd245f6f6506192fea4d8fe6593fe896b0e6373ef71ec92a1f2631eca765b40
118,110.87211027,0.05721000889932,0xec8d03bfdcd17bb972ecd048d240d8b60f2b17f4,2017-09-27T12:38:08.000Z,0.000516,0xad440e6b26dd3a044a97294bf87c017d7fb81c67,sell,0xcbcc0f036ed4788f63fc0fee32873d6a7487b908,0x3a41226b0f085b4140a5e5889942b3c38a0bc6774c091c995448d4b6ea34d4bd
119,198.75482824,0.0787486504969704,0x3fd7e918e481b900165d7c506958355593c53670,2017-09-26T05:28:37.000Z,0.00039621,0xd33047e125a4d7db70b532dee53b4e1f0b9fe457,sell,0xcbcc0f036ed4788f63fc0fee32873d6a7487b908,0x602df40f701e52a0622ae35ec536b77011f604dd08df8020cda925b1959d82d3
120,343.875,0.151305,0xe0a9cccd4329e50d0d46bbb38676ea4eb26881d1,2017-09-26T05:27:53.000Z,0.00044,0xd33047e125a4d7db70b532dee53b4e1f0b9fe457,sell,0xcbcc0f036ed4788f63fc0fee32873d6a7487b908,0xfaa52a75e8537bd986205a72a22f69630067ffc1ce433ce1006b810df80a210b
121,566.12471637,0.2490948752028,0xe0a9cccd4329e50d0d46bbb38676ea4eb26881d1,2017-09-26T04:12:57.000Z,0.00044,0x1df6d6f0a39ceb22b2d0b7e1ac3024e0959ba5bb,sell,0xcbcc0f036ed4788f63fc0fee32873d6a7487b908,0x0eb213c63e7b5509086ecf7e85bde12e7098978d8e6e6232baa02b8429e55df1
122,414.66715096,0.21361619748431068,0x35560b96a605f5d200e10cee3701e328439f9248,2017-09-26T04:09:38.000Z,0.0005151510000002791,0x60cbf35fa1e54b0f34ce82e8bcc7404d3ede0f15,buy,0xcbcc0f036ed4788f63fc0fee32873d6a7487b908,0x2b3eb7d956838710ea8dc6463efffc8f3383bff451c81d60fe75b2622772ec5b
123,20,0.01030302,0xe581a10b3d566e1473ecdd8fff0589173d8e8a5d,2017-09-26T03:17:09.000Z,0.000515151,0x60cbf35fa1e54b0f34ce82e8bcc7404d3ede0f15,buy,0xcbcc0f036ed4788f63fc0fee32873d6a7487b908,0x05f86ef8280882997c89c0165782ea91410aa3a20d0359c2e44778525fabef68
124,7.099,0.0035495,0x00c9f293a491e655caf3f745bf636f7e4a9dc8fe,2017-09-26T02:53:01.000Z,0.0005,0x1df6d6f0a39ceb22b2d0b7e1ac3024e0959ba5bb,sell,0xcbcc0f036ed4788f63fc0fee32873d6a7487b908,0xf723646b5d6a4b38abe6538992f5003eefa3b80437ccc51dab76ac8b71b3d900
125,0.967,0.0004835,0x00c9f293a491e655caf3f745bf636f7e4a9dc8fe,2017-09-25T11:42:44.000Z,0.0005,0x18a902dc44442205b4ba2b1dc038e67506d22c55,sell,0xcbcc0f036ed4788f63fc0fee32873d6a7487b908,0xb2f8bcb256fef7c0197eec1fbb558f4eec114b748c0c880bd79502770e368f5f
126,0.9705892,0.0005,0x23ee598e50ff1b1bde1022bf3c8a41d4c23321a0,2017-09-25T00:26:12.000Z,0.0005151510031226393,0x60cbf35fa1e54b0f34ce82e8bcc7404d3ede0f15,buy,0xcbcc0f036ed4788f63fc0fee32873d6a7487b908,0x5c51421750cae3a498f5db2fe1bac90bdc09370e77b908b25bca081856ac40b2
127,0.9705892,0.0005,0xe5a759eb3e214ff0a2bbbea31acc41c9bf27b239,2017-09-25T00:14:37.000Z,0.0005151510031226393,0x60cbf35fa1e54b0f34ce82e8bcc7404d3ede0f15,buy,0xcbcc0f036ed4788f63fc0fee32873d6a7487b908,0xe6b967803c67babcd2ff9b7bd981b7b62283e6cd0b63f1af187e4ed7a7b69b3b
128,0.9705892,0.0005,0x160506e5a5ce5dadd43623689f53d5aa1f288f0f,2017-09-24T23:47:57.000Z,0.0005151510031226393,0x60cbf35fa1e54b0f34ce82e8bcc7404d3ede0f15,buy,0xcbcc0f036ed4788f63fc0fee32873d6a7487b908,0x3f7ae854b137d2b75e0e475bb8cca3f55130e60bac32eef4d13a593a58d28bfc
129,0.967,0.0004835,0x00c9f293a491e655caf3f745bf636f7e4a9dc8fe,2017-09-24T23:21:12.000Z,0.0005,0xd868b838b5de79f1e540b5d83c9e9a3d0b3810cd,sell,0xcbcc0f036ed4788f63fc0fee32873d6a7487b908,0x417ace1d47b1b2db01c98614f9a0426e1f8426b7f575c5518ecb9c1bb68900c8
130,0.967,0.0004835,0x00c9f293a491e655caf3f745bf636f7e4a9dc8fe,2017-09-24T23:04:27.000Z,0.0005,0x1f8ac99600c61189d92c85cc760735b9e0067a60,sell,0xcbcc0f036ed4788f63fc0fee32873d6a7487b908,0x1bd85674b055fce6afb042cd654be14893b1355b2d549c88050a30e235ca970d
131,0.9705892,0.0005,0x452b06f1c61cff4c9bebaa405319a7c3b12553a2,2017-09-23T23:28:12.000Z,0.0005151510031226393,0x60cbf35fa1e54b0f34ce82e8bcc7404d3ede0f15,buy,0xcbcc0f036ed4788f63fc0fee32873d6a7487b908,0xb0f70be926d58dd9e340f443ec0f4206bc1b85cec70df57d3283f504771fee72
132,0.9705892,0.0005,0xc22f5ab4f1591613a92b4d172cc7f4e4a5af58cd,2017-09-23T23:28:12.000Z,0.0005151510031226393,0x60cbf35fa1e54b0f34ce82e8bcc7404d3ede0f15,buy,0xcbcc0f036ed4788f63fc0fee32873d6a7487b908,0x4e5612b403776018225e870423d0ff8f9241affc6fc6afde963567582c644ef3
133,0.9705892,0.0005,0x2ba19ec4bcd5ae8de66b110bde5ebf41092bd02f,2017-09-23T19:17:59.000Z,0.0005151510031226393,0x60cbf35fa1e54b0f34ce82e8bcc7404d3ede0f15,buy,0xcbcc0f036ed4788f63fc0fee32873d6a7487b908,0x5377524b603245de1bc9540fe7866ab876dd9b4a08f92e64d555d4dbc883c87d
134,0.9705892,0.0005,0x18a902dc44442205b4ba2b1dc038e67506d22c55,2017-09-23T16:23:27.000Z,0.0005151510031226393,0x60cbf35fa1e54b0f34ce82e8bcc7404d3ede0f15,buy,0xcbcc0f036ed4788f63fc0fee32873d6a7487b908,0x6a17ecb031dfd7113f5622c13d70823043745efbf1a1315e5d88efe2f520cf0a
135,0.9705892,0.0005,0xd868b838b5de79f1e540b5d83c9e9a3d0b3810cd,2017-09-23T16:13:11.000Z,0.0005151510031226393,0x60cbf35fa1e54b0f34ce82e8bcc7404d3ede0f15,buy,0xcbcc0f036ed4788f63fc0fee32873d6a7487b908,0x48b10d96f0ee2ea6a0bb8a951f12959e8977a9f3cb05c6f57fab968a8232e8e8
136,427.059,0.219999870909,0x963a7667042c551cbe6d9aa910f99a5afcad638a,2017-09-23T13:49:27.000Z,0.000515151,0x60cbf35fa1e54b0f34ce82e8bcc7404d3ede0f15,buy,0xcbcc0f036ed4788f63fc0fee32873d6a7487b908,0x4e892581dc8da25ea53a3ec13150964a52640d92dfaae9b6b28956772d78c6ef
137,0.967,0.00038313507,0x3fd7e918e481b900165d7c506958355593c53670,2017-09-23T13:44:01.000Z,0.00039621,0x0f657c396dfcd6c59bb82b89fc3adbe5f90ce153,sell,0xcbcc0f036ed4788f63fc0fee32873d6a7487b908,0xe3e0d1c8d0ad9ebc34fd880773dd6656ee286aa2022413eb01e9ac65cf72026a
138,2,0.001030302,0x636d925f140f761f7a0e600db2177dd068ddada1,2017-09-23T11:22:42.000Z,0.000515151,0x60cbf35fa1e54b0f34ce82e8bcc7404d3ede0f15,buy,0xcbcc0f036ed4788f63fc0fee32873d6a7487b908,0x13b473480467c178a499254e89f9f4709580076f793b05aac899620445080ff7
139,1350.99924307,0.472984834998807,0x3dee4a4e076e8d82859d241db0baf46f112cfa23,2017-09-23T09:31:59.000Z,0.0003501,0x1ed014aec47fae44c9e55bac7662c0b78ae61798,sell,0xcbcc0f036ed4788f63fc0fee32873d6a7487b908,0xb310f53c02053823b9d8d3e02a3e4f3a0d5fc513c372f66db1a99a6297962af8
140,0.27817176,0.0001102144330296,0x3fd7e918e481b900165d7c506958355593c53670,2017-09-23T04:46:41.000Z,0.00039621,0xbf96ec5fa2a9b3a75390b0e9b285917b3cf8042d,sell,0xcbcc0f036ed4788f63fc0fee32873d6a7487b908,0xcbfe68d9b7768da2d220dac630dbc9f1ad73118c6a50790984d2eefce4e02622
141,70.46958375,0.034530096041,0xe53729bfbb148362fbfc1c532d2e1cf5e4d54f39,2017-09-22T17:49:56.000Z,0.0004900000000496669,0x953d1111662196af36e9d387c0f909e14111fa76,buy,0xcbcc0f036ed4788f63fc0fee32873d6a7487b908,0x10e5580c23f982aa6f1472af5403b7453f8bf9427657ff8824423c3eb5dd1f1a
142,2790.34087195,0.837381295672195,0x3dee4a4e076e8d82859d241db0baf46f112cfa23,2017-09-22T09:42:08.000Z,0.0003001,0xbf96ec5fa2a9b3a75390b0e9b285917b3cf8042d,sell,0xcbcc0f036ed4788f63fc0fee32873d6a7487b908,0x6f5e5708c1e70ba33e8b0f538d94acffd43338538dd6b87b3ab91c0e2f02756a
143,4500,1.35045,0x3dee4a4e076e8d82859d241db0baf46f112cfa23,2017-09-22T09:29:50.000Z,0.0003001,0xbf96ec5fa2a9b3a75390b0e9b285917b3cf8042d,sell,0xcbcc0f036ed4788f63fc0fee32873d6a7487b908,0xfbf22ad2f86338f8093d40cc88e5b96f0e8dc21a3b81691907d6105f08c18e2b
144,4500,1.575045,0x3dee4a4e076e8d82859d241db0baf46f112cfa23,2017-09-22T09:20:36.000Z,0.00035001,0xbf96ec5fa2a9b3a75390b0e9b285917b3cf8042d,sell,0xcbcc0f036ed4788f63fc0fee32873d6a7487b908,0x3468f3b695069a7c120a3959d9287767c85e9d5921c080a7007bc1fcedae6589
145,131.24970134,0.045937395469,0x79e4d8efcded0e65fe22adb7961c5fefb5b6dd7c,2017-09-22T09:13:13.000Z,0.00035,0xbf96ec5fa2a9b3a75390b0e9b285917b3cf8042d,sell,0xcbcc0f036ed4788f63fc0fee32873d6a7487b908,0x3017bf16e1aa43a12be2407adb852337dcaa329763b377fb1361db7dcc02c6f2
146,4533.99962209,1.591982481307863,0x3dee4a4e076e8d82859d241db0baf46f112cfa23,2017-09-22T08:53:44.000Z,0.000351121,0xbf96ec5fa2a9b3a75390b0e9b285917b3cf8042d,sell,0xcbcc0f036ed4788f63fc0fee32873d6a7487b908,0xbe25dfb95e0c692c35ebdb249687d7325f02f0a8f60e6db1303f74e94a92bc68
147,0.00037791,0.00000013269213711,0x3dee4a4e076e8d82859d241db0baf46f112cfa23,2017-09-22T08:41:59.000Z,0.000351121,0xbf96ec5fa2a9b3a75390b0e9b285917b3cf8042d,sell,0xcbcc0f036ed4788f63fc0fee32873d6a7487b908,0xdcd1586c1ad679e5cc5e685fa6cda9eeb1db6f3b42931a2c5eead715727a311a
148,1.02040816,0.0005,0x999dbc9673afdd6b6c140c261297f89de35ff1b3,2017-09-22T05:57:46.000Z,0.000490000001568,0x953d1111662196af36e9d387c0f909e14111fa76,buy,0xcbcc0f036ed4788f63fc0fee32873d6a7487b908,0x4234b97757a22b19028129fb9f56a555e4d27ef85b5d2cf6137dfa0732d26b9b
149,1.02040816,0.0005,0x999dbc9673afdd6b6c140c261297f89de35ff1b3,2017-09-22T05:29:07.000Z,0.000490000001568,0x953d1111662196af36e9d387c0f909e14111fa76,buy,0xcbcc0f036ed4788f63fc0fee32873d6a7487b908,0xbabd1b5fa5f095ea41e4ba08688cff811dbc582d1fbd2799736c0bef005bd690
150,1.02040816,0.0005,0x8612d2a48328bbf318b856ed0daaa4a7034383d0,2017-09-22T05:13:36.000Z,0.000490000001568,0x953d1111662196af36e9d387c0f909e14111fa76,buy,0xcbcc0f036ed4788f63fc0fee32873d6a7487b908,0xc7a61a5ee6a32c744784f644f2ca86917a83da0e3939f89bdf15b2f0ffd5cf10
151,1.02040816,0.0005,0x10c12555236fa11fc988be565ab70c82a4660ecf,2017-09-22T05:10:11.000Z,0.000490000001568,0x953d1111662196af36e9d387c0f909e14111fa76,buy,0xcbcc0f036ed4788f63fc0fee32873d6a7487b908,0x0f8d2d013d7b3405d630510677fb0350d9036b0a5be46a74d724f723679f8745
152,1.02040816,0.0005,0x8f28b1970e72adb11173044ebc762800e3128238,2017-09-22T04:59:08.000Z,0.000490000001568,0x953d1111662196af36e9d387c0f909e14111fa76,buy,0xcbcc0f036ed4788f63fc0fee32873d6a7487b908,0xf6359ba0a8fbe0ff32b35d268dcbbfd7cb2d0c11754e84389140002de76321ec
153,1.02040816,0.0005,0x7ed2114439b24152cf18c02c10cae681a7ca2adc,2017-09-22T04:58:42.000Z,0.000490000001568,0x953d1111662196af36e9d387c0f909e14111fa76,buy,0xcbcc0f036ed4788f63fc0fee32873d6a7487b908,0x59d0aea519606cb49d317f13e965910f64704a742ec6393e6bbff9d92abbed68
154,1.02040816,0.0005,0x03dd03643b71b06642179afb38211c0f45699bc5,2017-09-22T04:52:23.000Z,0.000490000001568,0x953d1111662196af36e9d387c0f909e14111fa76,buy,0xcbcc0f036ed4788f63fc0fee32873d6a7487b908,0x6eedd5aacfb06ac96397feb55371efb70c22393148b043b6e9d670fe08dd4e5a
155,2.041,0.00100009,0x19b78488b79c6a45d4e060f05a2b35c4873f25c5,2017-09-22T04:36:32.000Z,0.00049,0x953d1111662196af36e9d387c0f909e14111fa76,buy,0xcbcc0f036ed4788f63fc0fee32873d6a7487b908,0x7d38b7b6b8202a4b523a58fadf6af631eb239839dda6f6950c42fb4eba1fa030
156,5000,2,0x0091820b9b43c6c25d18584fcdaa3a609b5513a1,2017-09-22T02:03:39.000Z,0.0004,0xad440e6b26dd3a044a97294bf87c017d7fb81c67,sell,0xcbcc0f036ed4788f63fc0fee32873d6a7487b908,0xd681ca8fb6a4907ca12ca86d97a5406140372441473ad97920a2e14584afcb1c
157,159.61598768,0.0798079938429332,0xa6eaa51dc1d74f5d1074aa324ff07369fd2bcc2a,2017-09-21T19:31:36.000Z,0.0005000000000183766,0x5d409cef2c19fee3b09fbefc9566b49452a606ff,buy,0xcbcc0f036ed4788f63fc0fee32873d6a7487b908,0xbd817067806ab3ec5215af51372643b19e995f1d1ee023da64b730557998b627
158,215,0.1075,0x80009cd3ac6446bfb1a7eeb876a2dbb5283c92a4,2017-09-21T08:35:37.000Z,0.0005,0x5d409cef2c19fee3b09fbefc9566b49452a606ff,buy,0xcbcc0f036ed4788f63fc0fee32873d6a7487b908,0x9d98f457d112c910f0f46e652d8865ad3ae47d270351311930c12223d43fccb2
159,500,0.25,0xdf6453a8256d0397c5757fada7d6711a728e9f41,2017-09-21T03:03:11.000Z,0.0005,0x5d409cef2c19fee3b09fbefc9566b49452a606ff,buy,0xcbcc0f036ed4788f63fc0fee32873d6a7487b908,0x466be8d7fd7b4023d7755cfe4600d6abe841795ed4e4d08c3f05908ec4822822
160,620,0.31,0x74f428be9f06f6ed4f5691b1bae27fcf0160ef97,2017-09-20T23:08:54.000Z,0.0005,0xe2cc8bb357f8fb996499378f384480cc6e10b53e,buy,0xcbcc0f036ed4788f63fc0fee32873d6a7487b908,0x2d2b9632e5ef97bf9955b5e78bd2920ccb220b4819641e777bc77223f1000f3a
161,7975.59952424,2.800240968560188,0xee004e564e2d0f6ead3613df41b7f69bb76a73e0,2017-09-20T21:45:59.000Z,0.000351101,0xe9fb5f7a9eb8ad5b152f94f962be465b089b9d60,sell,0xcbcc0f036ed4788f63fc0fee32873d6a7487b908,0x81c711677f88f06baaa7df33512d3a6d27e7c769f97b0e6a45e6e16cace13f89
162,7.868,0.003934,0x94f0a0f30a1be95040bea3ce5d054ff837bc8d88,2017-09-20T03:36:47.000Z,0.0005,0x5d409cef2c19fee3b09fbefc9566b49452a606ff,buy,0xcbcc0f036ed4788f63fc0fee32873d6a7487b908,0x71163fd5003565a362dd79d47d1bd99bc533913008a44ec379f8879f7e299c27
163,0.997,0.00054835,0x94f0a0f30a1be95040bea3ce5d054ff837bc8d88,2017-09-19T19:43:59.000Z,0.00055,0x8b24d80c6dd6e1af5a000e03ca8f00886a05f6f5,sell,0xcbcc0f036ed4788f63fc0fee32873d6a7487b908,0x4dfab172fea93da0b894093b1078d3aaabfc965ad6752ede2bc52fd23e2be0e4
164,1.138,0.0006259,0x94f0a0f30a1be95040bea3ce5d054ff837bc8d88,2017-09-19T18:33:38.000Z,0.00055,0x64b604630e055318093215b7ed41697ca4fb5de6,sell,0xcbcc0f036ed4788f63fc0fee32873d6a7487b908,0x275f28b58abac9dc7cc2dabcddbfa6865d1ea4522e0d1a489d3c9ca7de4f753d
165,1.02837657,0.00035993385625314,0xee004e564e2d0f6ead3613df41b7f69bb76a73e0,2017-09-19T15:50:24.000Z,0.000350002,0xce385eb7ec5eb29302050828f69fcff5e0a88d14,sell,0xcbcc0f036ed4788f63fc0fee32873d6a7487b908,0x5976e6c34fc6785a5e3039388a11e6049d491fa17f5069b8730f64e3a9a83c1a
166,0.997,0.00054835,0x94f0a0f30a1be95040bea3ce5d054ff837bc8d88,2017-09-19T14:40:46.000Z,0.00055,0x4c2fb430e95954bcfa54ce4741a9fc2ff6e415ad,sell,0xcbcc0f036ed4788f63fc0fee32873d6a7487b908,0x0d002dceed8049a2a9068e8b3952a0a8b4cd62cce8492a88337551e2c5378158
167,1432.03272326,0.7377130894227893,0xd4a99a3e6a1a495ab95ea1a72a45f670ddbc0d96,2017-09-19T02:03:21.000Z,0.0005151510000018694,0x60cbf35fa1e54b0f34ce82e8bcc7404d3ede0f15,buy,0xcbcc0f036ed4788f63fc0fee32873d6a7487b908,0x49bf7b4901cbc388f03d5d624b9c60f4bcaf56c57ff1e45aed7432a2d2a60161
168,100,0.14,0x74f428be9f06f6ed4f5691b1bae27fcf0160ef97,2017-09-19T00:50:06.000Z,0.0014,0x48eaedfa6ab55f414a433f0778f55ed9b827e822,buy,0xcbcc0f036ed4788f63fc0fee32873d6a7487b908,0xbeb8c8bf8e801abd90ab75e071e2a047e2a99315a21072e3b6dccce49e2a9ea0
169,498.95224803,0.1696437643302,0x3dee4a4e076e8d82859d241db0baf46f112cfa23,2017-09-18T17:58:24.000Z,0.00034,0x4a139f1dba62180b10650a10f11d5d24aaac2615,sell,0xcbcc0f036ed4788f63fc0fee32873d6a7487b908,0x74f21cb56b505474962df91876d40c0b7ffe5898ee2d10f783b7e5cd493f3ac6
170,4503.04057421,1.621589941178763,0x3dee4a4e076e8d82859d241db0baf46f112cfa23,2017-09-18T16:44:00.000Z,0.00036011,0xc8f222e1bd2c1a9f7ab6b8278148bc8760546501,sell,0xcbcc0f036ed4788f63fc0fee32873d6a7487b908,0xb97691dc3aa8dcc0ac35660d2f2a6b4b4bbb201d1cd12e118e97e925d0638e83
171,49.21139666,0.03543220559560363,0x762f6d7f75a5ee4632fabc6bf466bf086a85f29d,2017-09-18T02:39:46.000Z,0.0007200000000082019,0x48eaedfa6ab55f414a433f0778f55ed9b827e822,buy,0xcbcc0f036ed4788f63fc0fee32873d6a7487b908,0x70e3da65e058a7d796b8f7ee083f4e0df26c8daece8065672247f125bccd7db9
172,3.945,0.00203226675,0x762f6d7f75a5ee4632fabc6bf466bf086a85f29d,2017-09-18T02:12:24.000Z,0.00051515,0xf732b16f5aee6cd2db5b30a7a3860764a48b19ff,buy,0xcbcc0f036ed4788f63fc0fee32873d6a7487b908,0x9319a96329f06c558b0881b7e8606694d7f2b51b2ae7b93c0eb6fd427c627bd4
173,1707.1119597,0.8794187260434075,0x0e98e292e4080b395b6111afcd296deec0df0361,2017-09-17T20:27:42.000Z,0.0005151500000023153,0xf732b16f5aee6cd2db5b30a7a3860764a48b19ff,buy,0xcbcc0f036ed4788f63fc0fee32873d6a7487b908,0x34d9ddde7542faec72e334288c5c45736f14f2b0494489847459b0ec9e931eae
174,208.93668092,0.10763373117758336,0x89ed71207f0a87ee5d9e1edb37e013361c417dc9,2017-09-17T20:11:27.000Z,0.0005151500000078749,0xf732b16f5aee6cd2db5b30a7a3860764a48b19ff,buy,0xcbcc0f036ed4788f63fc0fee32873d6a7487b908,0xc776956a69e628f9346c969f8c5ed369c4cdcf8c7281083ffba665675a1b5b86
175,14.706,0.0075757959,0x45f8aef4dfabfbf943416db1e43f088e543bfdb6,2017-09-16T23:13:35.000Z,0.00051515,0xf142f26d1cac4ba8a6e6d7974d243eda2fe5f4f9,sell,0xcbcc0f036ed4788f63fc0fee32873d6a7487b908,0xe3bc30fc197fba5508c546671cf1753d5672fe94da9d826662b76b230d29999c
176,160,0.082424,0x45f8aef4dfabfbf943416db1e43f088e543bfdb6,2017-09-16T23:05:14.000Z,0.00051515,0xf732b16f5aee6cd2db5b30a7a3860764a48b19ff,sell,0xcbcc0f036ed4788f63fc0fee32873d6a7487b908,0xa81f3ab55b0f637d90e03cc2aa244e3f94181f7c7a495962c7eacf37aa8dbc79
177,1,0.00051515000000057,0xd6f29f2fb0a1dc783aeab42ce7ce9276f8e14a54,2017-09-16T17:44:17.000Z,0.00051515000000057,0xf732b16f5aee6cd2db5b30a7a3860764a48b19ff,buy,0xcbcc0f036ed4788f63fc0fee32873d6a7487b908,0xa02ed59a656f7ff7d149995fdb04dce6a88c790c4a29e719727df75e81e315c7
178,0.97059108,0.0005,0x42c24a83bded723edfdf5883bc7efb30bc1a1bf3,2017-09-16T17:24:51.000Z,0.0005151500052936814,0xf732b16f5aee6cd2db5b30a7a3860764a48b19ff,buy,0xcbcc0f036ed4788f63fc0fee32873d6a7487b908,0x6d3c89662b577a9e1ec743d5722988a98558e02326692a90b621a33e29d0371a
179,0.97059108,0.0005,0x0f657c396dfcd6c59bb82b89fc3adbe5f90ce153,2017-09-16T15:49:13.000Z,0.0005151500052936814,0xf732b16f5aee6cd2db5b30a7a3860764a48b19ff,buy,0xcbcc0f036ed4788f63fc0fee32873d6a7487b908,0xba319b1e9f889f3a2cec8662f5c398ad0c5cd697cfa71114bdb5cb4a0b540f53
180,100,0.051515,0x105e0b0fd188235d89dac041f4ef3d2aee89ced3,2017-09-16T15:49:08.000Z,0.00051515,0xf732b16f5aee6cd2db5b30a7a3860764a48b19ff,buy,0xcbcc0f036ed4788f63fc0fee32873d6a7487b908,0x53e9f108190d0004657c2e92c80e9f62b2e25c19df49cecb5e9035c960773183
181,0.97059108,0.0005,0x1f8ac99600c61189d92c85cc760735b9e0067a60,2017-09-16T15:37:28.000Z,0.0005151500052936814,0xf732b16f5aee6cd2db5b30a7a3860764a48b19ff,buy,0xcbcc0f036ed4788f63fc0fee32873d6a7487b908,0xbc4bf7c7ce12ce73cf90ad6ee8faf7689053961e05546cc9b02e5dd5d4bcb151
182,194.118,0.0999998877,0xbc76c047542888fae4fc812390d87509c22ba64a,2017-09-16T13:21:23.000Z,0.00051515,0xf732b16f5aee6cd2db5b30a7a3860764a48b19ff,buy,0xcbcc0f036ed4788f63fc0fee32873d6a7487b908,0xee1633ee5342cfc779ac52fc9e25c961911ed086968610556f4f2a8f60be82c4
183,51.89954712,0.026736051699730833,0xb855512184923b9edb4e9a3cf780d1329fdcd606,2017-09-16T12:25:22.000Z,0.0005151500000166251,0xf732b16f5aee6cd2db5b30a7a3860764a48b19ff,buy,0xcbcc0f036ed4788f63fc0fee32873d6a7487b908,0xa8256aed8f931b3d351801b87a64e8d0d07a8e5480ede6de747a1d47feb95699
184,453.5987221,0.2336713816929625,0x168c73ba8f3c0f4e034ef7249571e3a8ba50875a,2017-09-16T00:38:27.000Z,0.0005151500000069389,0xf732b16f5aee6cd2db5b30a7a3860764a48b19ff,buy,0xcbcc0f036ed4788f63fc0fee32873d6a7487b908,0x4a4f684962df6a9752da3a779e05a63c0a4d943ea3edb2292963064a93827f21
185,116,0.0597574,0x7582b5c61ef0fcf29d8faec12115c919434e5023,2017-09-15T23:15:48.000Z,0.00051515,0xf732b16f5aee6cd2db5b30a7a3860764a48b19ff,buy,0xcbcc0f036ed4788f63fc0fee32873d6a7487b908,0x954d17bf2716c23c8d6bca975d5d2f420ad899394c3fe8c4b827085daf080e21
186,5,0.00249998,0x35ca1f6ccca60fff19178af476ce18caa3a4a169,2017-09-15T05:16:47.000Z,0.000499996,0x59b2880227e294011500b87d75f22ab23438573c,buy,0xcbcc0f036ed4788f63fc0fee32873d6a7487b908,0xc4dde7c3cfb2962c9d0caebabd515d350e7282af782c0e198ca6e890ed089bbb
187,5,0.00249998,0x35ca1f6ccca60fff19178af476ce18caa3a4a169,2017-09-15T05:16:31.000Z,0.000499996,0x59b2880227e294011500b87d75f22ab23438573c,buy,0xcbcc0f036ed4788f63fc0fee32873d6a7487b908,0xc4dde7c3cfb2962c9d0caebabd515d350e7282af782c0e198ca6e890ed089bbb
188,1.000008,0.0005,0x8b24d80c6dd6e1af5a000e03ca8f00886a05f6f5,2017-09-15T04:07:33.000Z,0.0004999960000319997,0x59b2880227e294011500b87d75f22ab23438573c,buy,0xcbcc0f036ed4788f63fc0fee32873d6a7487b908,0x809715e1957e655390050c0052532f2c8553ae206acfb50093d4ecbbe616f32a
189,2760.27589992,1.3798619223739859,0x89ed71207f0a87ee5d9e1edb37e013361c417dc9,2017-09-14T15:07:08.000Z,0.0004999000000014411,0xfd7997b32e69e101e1035d0d7530df1a79edf807,buy,0xcbcc0f036ed4788f63fc0fee32873d6a7487b908,0xc0f965f54ac96c7d09548d8701ca7cd3da1062cc7fba99b41a3c333255a21bd8
190,231.88221753,0.115917920547645,0x2ab3a5c3a46cfa6e3a419debc508fcd8f955e63e,2017-09-14T12:56:02.000Z,0.0004999000000189666,0xfd7997b32e69e101e1035d0d7530df1a79edf807,buy,0xcbcc0f036ed4788f63fc0fee32873d6a7487b908,0xe686bb8bf16b74e06b86550672bac036acf0d6fc86d1c6b9d6eec75f425f64ce
191,183.301,0.091467199,0x2ab3a5c3a46cfa6e3a419debc508fcd8f955e63e,2017-09-14T12:53:16.000Z,0.000499,0x17e5ffd62fac2a0bdad0301fcf958254aa7f3f9c,buy,0xcbcc0f036ed4788f63fc0fee32873d6a7487b908,0x798f19fbd395a6e538669f4ec5d1a7d112be9cc8b9701c6177086bf06c80690a
192,1.00020004,0.0005,0x4c2fb430e95954bcfa54ce4741a9fc2ff6e415ad,2017-09-13T20:35:16.000Z,0.0004999000000039993,0xfd7997b32e69e101e1035d0d7530df1a79edf807,buy,0xcbcc0f036ed4788f63fc0fee32873d6a7487b908,0x018a9f35cf6063694148f83b96a383c8c0324c8ce309172342b45a7d3daeede1
193,99.60122719,0.1106569634168017,0x89ed71207f0a87ee5d9e1edb37e013361c417dc9,2017-09-13T18:02:35.000Z,0.0011110000000874659,0xb0d2ce3e2bfbc1a47dbfe5b3eef5335284dfeb49,buy,0xcbcc0f036ed4788f63fc0fee32873d6a7487b908,0xf238274957b1e24e5117f00629d4616d33fb0ea23d76e70fd00915a84b9d3871
194,0.00003054,0.000000033937823034,0x89ed71207f0a87ee5d9e1edb37e013361c417dc9,2017-09-13T17:54:23.000Z,0.001111258121611002,0xb0d2ce3e2bfbc1a47dbfe5b3eef5335284dfeb49,buy,0xcbcc0f036ed4788f63fc0fee32873d6a7487b908,0x84b236c05f2840b02149e1d99f6a16780afb54c63ac53b197cbb50417c187ba1
195,0.30641791,0.000340430302842589,0x89ed71207f0a87ee5d9e1edb37e013361c417dc9,2017-09-13T17:49:53.000Z,0.0011110000157712355,0xb0d2ce3e2bfbc1a47dbfe5b3eef5335284dfeb49,buy,0xcbcc0f036ed4788f63fc0fee32873d6a7487b908,0x1e2a1776c4b8d36008aacc6b46db5b3a5814d70505012225159c43167e0a03dd
196,2.99072874,0.00110657262452874,0x710466dc923947c792fc8acd36c45a5a6ab126c9,2017-09-13T09:33:56.000Z,0.000370001,0x8cfcb98d5585e08ba369b64447d2b7fbca26d313,sell,0xcbcc0f036ed4788f63fc0fee32873d6a7487b908,0xfe5246569015b97ad02f449897c79d2a422471309910f2041fcd8db318666608
197,408.84168249,0.20437995707836912,0xd4aee28720967544bf5e7b72c68876c146cf6726,2017-09-13T07:23:36.000Z,0.0004999000000039578,0xfd7997b32e69e101e1035d0d7530df1a79edf807,buy,0xcbcc0f036ed4788f63fc0fee32873d6a7487b908,0xb99cc201276566f24127f210eb1dc1cc50e6dafb5116bb555278387020ef2b0e
198,1,0.000499996,0xd6f29f2fb0a1dc783aeab42ce7ce9276f8e14a54,2017-09-13T02:19:29.000Z,0.000499996,0x59b2880227e294011500b87d75f22ab23438573c,buy,0xcbcc0f036ed4788f63fc0fee32873d6a7487b908,0x0599c57818a7927086a4328ceac57500fc347809e116e3b9d623cf1992ba88bc
199,50,0.036,0x1fb65aead241efa5775760e4e2c743200ed949f3,2017-09-12T22:10:25.000Z,0.00072,0x48eaedfa6ab55f414a433f0778f55ed9b827e822,buy,0xcbcc0f036ed4788f63fc0fee32873d6a7487b908,0xf7bef47ca51f3e89acbf2873c6bb98d7538e7917a82df952fc022a5685100566
200,1100,0.2871022,0x7b6b2f3c88ce2ecedc01c545f13faf36034d772f,2017-09-12T15:02:40.000Z,0.000261002,0x2022711d876f28ee4d90b9f28d62c1d17c764772,sell,0xcbcc0f036ed4788f63fc0fee32873d6a7487b908,0x574edb3327acb2a802e690556803ef9f1cac8dcfdb4334703fd1504b822952f4
201,3000,0.783009,0xf732b16f5aee6cd2db5b30a7a3860764a48b19ff,2017-09-12T14:59:05.000Z,0.000261003,0x2022711d876f28ee4d90b9f28d62c1d17c764772,sell,0xcbcc0f036ed4788f63fc0fee32873d6a7487b908,0xbcdbb6ea4f9b0501b31832051a022f5a78313f3ab007dfcefe4ca5e7a691454b
202,1700,0.6290017,0x59b2880227e294011500b87d75f22ab23438573c,2017-09-12T14:56:48.000Z,0.000370001,0x2022711d876f28ee4d90b9f28d62c1d17c764772,sell,0xcbcc0f036ed4788f63fc0fee32873d6a7487b908,0x85756427bf5cfcae711d74857e93e4c25c2411ea2102f2c280016600d597a5f2
203,30000,7.83303,0x7b6b2f3c88ce2ecedc01c545f13faf36034d772f,2017-09-12T14:56:33.000Z,0.000261101,0x2022711d876f28ee4d90b9f28d62c1d17c764772,sell,0xcbcc0f036ed4788f63fc0fee32873d6a7487b908,0x072590d0a7721885d9bf68b0d470ddde5577851addd1b541e97b120c55b4a548
204,3259.2,1.4259,0xe4df51b64035e8f4bbd379385de3f3e482b45e01,2017-09-12T11:04:47.000Z,0.0004375,0x31fce7fd6931f7b5a6a756a219496f1eb0fdc54e,buy,0xcbcc0f036ed4788f63fc0fee32873d6a7487b908,0xe5e666328ba13d4079be8a0cfe0fd2a455fb74a9348084877a5edf21f9285e37
205,3972.27390636,1.588909562544,0x6c0483b9b24861c684bcdf872baeab8b342e9d6e,2017-09-12T07:39:33.000Z,0.0004,0x097501c95264ad3204159efaefdc5820783dbeae,sell,0xcbcc0f036ed4788f63fc0fee32873d6a7487b908,0x1b1b049462f7b8cb5dcfde750d391f3637cbadeb7204fe3bc35b0e8b4e9afc01
206,2,0.000873998,0x0024a5046fd95c5eee6db19a69ef7ed3bacd50f1,2017-09-11T19:37:48.000Z,0.000436999,0x59b2880227e294011500b87d75f22ab23438573c,buy,0xcbcc0f036ed4788f63fc0fee32873d6a7487b908,0x691089bdaddac53b1e76f4014b91ecfcc6fc2a73d9105039ba0ebca898701fb2
207,1548.86955932,0.6768544485556381,0x1c38cb2453753d562fe008b8fac1c545dc4e9104,2017-09-11T16:59:39.000Z,0.00043699900000152204,0x59b2880227e294011500b87d75f22ab23438573c,buy,0xcbcc0f036ed4788f63fc0fee32873d6a7487b908,0x1b472a009e39ee76e124b8d3b5cb69eed41dd448871d2e30e6c96d178aac8805
208,504.431,0.220435842569,0x1c38cb2453753d562fe008b8fac1c545dc4e9104,2017-09-11T16:53:36.000Z,0.000436999,0xc2e0f336ba01dc07826e8f0a34365cc40fced012,buy,0xcbcc0f036ed4788f63fc0fee32873d6a7487b908,0x29ca5aa019b59914f9d9ddc96dff375a1bfafc83ac394b9e0d4f2cefea004968
209,1269.19677323,0.5546389899020275,0xe4df51b64035e8f4bbd379385de3f3e482b45e01,2017-09-11T04:51:48.000Z,0.00043700000000040777,0x8107b4bebd1c6a0c69d71b85adb664e5e4a5674f,buy,0xcbcc0f036ed4788f63fc0fee32873d6a7487b908,0xc925068554d1df5017ddc7c8f05078d20e28ea3a95f75ff9da0a472233a935a2
210,2252,0.9008,0xe4df51b64035e8f4bbd379385de3f3e482b45e01,2017-09-11T04:43:43.000Z,0.0004,0x91031c224c8129dab371a5c50c179cec577b1132,buy,0xcbcc0f036ed4788f63fc0fee32873d6a7487b908,0xcc8f3b27a9202bddf8db3f2a7f767a3c7574f426e97d5d193473a58b2e1a3708
211,483.65322676,0.2113564600979725,0x2ab3a5c3a46cfa6e3a419debc508fcd8f955e63e,2017-09-10T20:49:38.000Z,0.0004370000000079654,0x8107b4bebd1c6a0c69d71b85adb664e5e4a5674f,buy,0xcbcc0f036ed4788f63fc0fee32873d6a7487b908,0x00f6ae750626e07906f0b8e708e7978d673860d611ed36727014687e5e5c6158
212,16.132,0.003887812,0xe36c0234b0fc9abca4a32ac344d131aaf916192a,2017-09-10T06:04:56.000Z,0.000241,0x6d3d0dfa885186833d6cf04f7890aab7d3b43cd1,sell,0xcbcc0f036ed4788f63fc0fee32873d6a7487b908,0xb0fb1344999512579b94646f655cae24e22fe9835650cc61a7c5f3fb09f13be4
213,1.14285714,0.0005,0x64b604630e055318093215b7ed41697ca4fb5de6,2017-09-10T04:05:24.000Z,0.00043750000109375,0x31fce7fd6931f7b5a6a756a219496f1eb0fdc54e,buy,0xcbcc0f036ed4788f63fc0fee32873d6a7487b908,0xd26075741eee4e54bf5539169d39d93abfe14838b1636ab9894a7d90fc14d38d
214,750.412,0.329430117588,0x0be03940551d93d45a07b8c10d53303fadbae6e2,2017-09-09T22:36:21.000Z,0.000438999,0x886174df0d6de4070013290992d2026d772c2b20,buy,0xcbcc0f036ed4788f63fc0fee32873d6a7487b908,0x06a2028411cb05cc669b969e0d40790a4f9bf170a2617f61be06d2356a7c82bc
215,229.3573294,0.10068786761040774,0xda1e4bc4eb9377e87295dec147922eaa3f509fcc,2017-09-09T16:58:38.000Z,0.0004390000000166018,0x8107b4bebd1c6a0c69d71b85adb664e5e4a5674f,buy,0xcbcc0f036ed4788f63fc0fee32873d6a7487b908,0x932e9805ed153223c1ba0837f81184078a053dcda8713a310fd0d10dbadd2ebb
216,220.70275838,0.0979920247233576,0xc6660a835c352bf39d6b5b170c65d8e3f03a6b6a,2017-09-09T15:35:10.000Z,0.0004440000000119509,0x8107b4bebd1c6a0c69d71b85adb664e5e4a5674f,buy,0xcbcc0f036ed4788f63fc0fee32873d6a7487b908,0x2fdeb7c89138f50ea531ce7520145c4e32c34148a2b589dce3fb0a127ece576c
217,265.11646082,0.11665124276200582,0x2ab3a5c3a46cfa6e3a419debc508fcd8f955e63e,2017-09-09T15:07:38.000Z,0.00044000000000454824,0x31fce7fd6931f7b5a6a756a219496f1eb0fdc54e,buy,0xcbcc0f036ed4788f63fc0fee32873d6a7487b908,0x49674860e51b7875c086ef40731abc2eb02efd03baa53cd1ade4239490b56254
218,15332.65338832,3.2200258707344713,0xb902ba6e3272e66c74035d7e30f4fa9279bd56f9,2017-09-09T07:57:03.000Z,0.000210011,0xe95d69be9424131cc656402996b51c4d153d7726,sell,0xcbcc0f036ed4788f63fc0fee32873d6a7487b908,0x5f9f460d9c7584041bf9d6ce738c2ba099d7533a63c3074528d3d9eb6879ee91
219,1113.45,0.40485042,0x66e510605e6559e93f7f78643123eb9d514fdbd6,2017-09-09T07:35:11.000Z,0.0003636,0x6baec593fedbacb17dd0fdfb0642a36603ae98da,buy,0xcbcc0f036ed4788f63fc0fee32873d6a7487b908,0x2ed3427be32e968132f2da823658c91a4a9d261dcd5c15a2b395847c13877d13
220,353.72977359,0.1286161456803316,0x2ab3a5c3a46cfa6e3a419debc508fcd8f955e63e,2017-09-09T00:19:43.000Z,0.0003636000000085026,0x6baec593fedbacb17dd0fdfb0642a36603ae98da,buy,0xcbcc0f036ed4788f63fc0fee32873d6a7487b908,0xcacd6244d0e7c5929f83e84663c0b166fa37b311323be7209179c7baaf9df9fc
221,833,0.4165,0xb4b07334e45211913f9c0f6f5d6b89e0238a4cb4,2017-09-08T17:18:24.000Z,0.0005,0x6baec593fedbacb17dd0fdfb0642a36603ae98da,buy,0xcbcc0f036ed4788f63fc0fee32873d6a7487b908,0x5066c30f1600e8ecbe53c39e05f092155e0249dd4aa87ec7ef2a13a6f7199367
222,100,0.05151,0x4deaa7586bc9e784bab9df93efa273bd4017e1b2,2017-09-08T00:26:41.000Z,0.0005151,0xbdf2937c8f736d3855b77214a07724120d9b4c5b,buy,0xcbcc0f036ed4788f63fc0fee32873d6a7487b908,0xe23073a232706adceb5c3669829d23822ae2030a8a430d23100a7c74c240f073
223,687.822,0.301953858,0x0df9bcadcd83be988952a73bd9e514159e8888d1,2017-09-07T00:42:44.000Z,0.000439,0xbdf2937c8f736d3855b77214a07724120d9b4c5b,buy,0xcbcc0f036ed4788f63fc0fee32873d6a7487b908,0x11d1b951b98284183c4de0f266820e76137078dd2b61e0b945fd008aac398986
224,642.712,0.212159873912,0xbdf2937c8f736d3855b77214a07724120d9b4c5b,2017-09-06T18:55:20.000Z,0.000330101,0x7e362547444c46ad269100c96e0ac3a5ffe0687e,buy,0xcbcc0f036ed4788f63fc0fee32873d6a7487b908,0x6d052490fea256c462c9be69234ef72578494217eca006076c3470a8fb9c6619
225,600,0.2634,0x02a26bb8ec12a3e3dea378d7c95acdc1e394fe0c,2017-09-06T16:33:49.000Z,0.000439,0xbdf2937c8f736d3855b77214a07724120d9b4c5b,buy,0xcbcc0f036ed4788f63fc0fee32873d6a7487b908,0x2139ae9a6c5193a3b29556cad4dd760e36a76be3129cdff8dcbb215bcfbea9fe
226,455,0.15015,0xa6eaa51dc1d74f5d1074aa324ff07369fd2bcc2a,2017-09-06T12:24:42.000Z,0.00033,0x7e362547444c46ad269100c96e0ac3a5ffe0687e,sell,0xcbcc0f036ed4788f63fc0fee32873d6a7487b908,0x7fc1f6fec8513b4753bcab05407bde2a9e235cc428c0a9db595e82cc87d43811
227,1000,0.330102,0x6c0483b9b24861c684bcdf872baeab8b342e9d6e,2017-09-06T12:22:30.000Z,0.000330102,0x7e362547444c46ad269100c96e0ac3a5ffe0687e,sell,0xcbcc0f036ed4788f63fc0fee32873d6a7487b908,0x2cd8dd709f828574ae2af56e817c22abf3faad7638e757202108db5f15b77110
228,1000,0.330103,0x6c0483b9b24861c684bcdf872baeab8b342e9d6e,2017-09-06T12:15:30.000Z,0.000330103,0x7e362547444c46ad269100c96e0ac3a5ffe0687e,sell,0xcbcc0f036ed4788f63fc0fee32873d6a7487b908,0x4089799f6e6dc87e87c6c1c3168c43ab7677b82e84f99d373dfa68dfa4c6e211
229,500,0.182,0x48eaedfa6ab55f414a433f0778f55ed9b827e822,2017-09-04T23:17:25.000Z,0.000364,0x7ad39a275d22b15a40a399324391d5dcdbf012f9,sell,0xcbcc0f036ed4788f63fc0fee32873d6a7487b908,0x1f71c8ad8777d99223f4c25572a9cc3a2535d8bf9703012c4067b6532035234e
230,1376,0.499640736,0xff3e172375edafcceac3bb3acca29a67c9c3471b,2017-09-04T23:17:03.000Z,0.000363111,0x7ad39a275d22b15a40a399324391d5dcdbf012f9,sell,0xcbcc0f036ed4788f63fc0fee32873d6a7487b908,0x3b57d1f9728bc4f689ef22a52a69ebc1f7945a960ac76994a9cc7151390b4458
231,1000,0.39,0x270ae62787a8d5d85b332dc1fe6fc3734f4ba425,2017-09-04T23:16:31.000Z,0.00039,0x7ad39a275d22b15a40a399324391d5dcdbf012f9,sell,0xcbcc0f036ed4788f63fc0fee32873d6a7487b908,0x618dbcef87ee89c7d5554472d2baa6a805674f910e13017b032134d3bfde39bb
232,2010,0.8442,0xfb3c71bdf0af0efa63a57fd6030c57f3cbc846e1,2017-09-04T18:18:42.000Z,0.00042,0xbdf2937c8f736d3855b77214a07724120d9b4c5b,buy,0xcbcc0f036ed4788f63fc0fee32873d6a7487b908,0xd92ccd52157ad5d9f4a3ce9a5f97557b9281087704d9afda6437b64b886d2ded
233,500,0.21,0x79e4d8efcded0e65fe22adb7961c5fefb5b6dd7c,2017-09-04T16:31:26.000Z,0.00042,0xbdf2937c8f736d3855b77214a07724120d9b4c5b,buy,0xcbcc0f036ed4788f63fc0fee32873d6a7487b908,0xe17efa99690221cdd6fa1f91e2d4068f62cb9bccea986656f2638e945439bc9c
234,339.341,0.1696705,0xc3737cce5ff12cc717f22b46f29f4befa800685c,2017-09-03T19:14:00.000Z,0.0005,0x9e099d34653dcd295670c4b1633337311707dc96,buy,0xcbcc0f036ed4788f63fc0fee32873d6a7487b908,0xd0f1e9ea079ee33ef68f219acf85ba71adf4dfbb761d85cf4e69eaf65dd58e96
235,21.492,0.0100002276,0x4da4ee0ffa7dda1761d4d2ac0da11f382df2f23a,2017-09-03T15:27:56.000Z,0.0004653,0x31fce7fd6931f7b5a6a756a219496f1eb0fdc54e,buy,0xcbcc0f036ed4788f63fc0fee32873d6a7487b908,0x533800068d8983c4bdfd24b7b1a6d9cda547d6794ceef167fa0ad540cec03443
236,2911.768,1.500000196968,0xaf6e064bf1d7ab04054f3d027429c9fcaafb9ef6,2017-09-03T12:12:37.000Z,0.000515151,0x60cbf35fa1e54b0f34ce82e8bcc7404d3ede0f15,buy,0xcbcc0f036ed4788f63fc0fee32873d6a7487b908,0x616298f3743788de9eb436ab0b1c3ecf30960c4199d5faf74a9ceb93c907729f
237,469.402,0.2195862556,0xb9691cc2ad866130650d6c1314aab762e970d371,2017-09-03T11:07:27.000Z,0.0004678,0x31fce7fd6931f7b5a6a756a219496f1eb0fdc54e,buy,0xcbcc0f036ed4788f63fc0fee32873d6a7487b908,0xbeeb86d81e8beb957cc098e1c401f0bf8a3a867dd85fd5758aace5c05a4864b3
238,1852.229,0.99999991481,0x3c8e95020b8f6dfc275faad353fe471635cadf32,2017-09-02T16:33:38.000Z,0.00053989,0xb902ba6e3272e66c74035d7e30f4fa9279bd56f9,buy,0xcbcc0f036ed4788f63fc0fee32873d6a7487b908,0x92cd2263163e8af7e3d20a876f7531b87f9a4d3061858b5a9cf7e1e6d489e3bb
239,1852.229,0.99999991481,0x3c8e95020b8f6dfc275faad353fe471635cadf32,2017-09-02T15:20:41.000Z,0.00053989,0xb902ba6e3272e66c74035d7e30f4fa9279bd56f9,buy,0xcbcc0f036ed4788f63fc0fee32873d6a7487b908,0xddf8acd8cbc02615d03ba8415d27485008bd1ce0edd5af89e561cf7db26d913a
240,151,0.0800299849,0x762f6d7f75a5ee4632fabc6bf466bf086a85f29d,2017-09-02T14:29:57.000Z,0.0005299999,0x886174df0d6de4070013290992d2026d772c2b20,buy,0xcbcc0f036ed4788f63fc0fee32873d6a7487b908,0xfae6e041ab6a327a4f179c8db32166a86d9a0286f48770cc3f4033a8fab13804
241,298.99,0.15846499899,0xdf1a133b44cb6ffec99550fd4708df0224d5a0a5,2017-09-02T04:12:50.000Z,0.000530001,0x64e9ae412bb69c34193c8c5eacf00f00c42e58bd,buy,0xcbcc0f036ed4788f63fc0fee32873d6a7487b908,0x8a59df3d00b851e7cc7006362a0ec4257b8be5f116f9c15664cea75ebdcb30ad
242,101,0.053530101,0x63016b93b0416d553720b843a5b40039fee9788c,2017-09-01T21:25:06.000Z,0.000530001,0x64e9ae412bb69c34193c8c5eacf00f00c42e58bd,buy,0xcbcc0f036ed4788f63fc0fee32873d6a7487b908,0xb275c0e5ffa61d78e74ed35e2b6d728412d883eb8c0a4643cc418ee6192b7e5d
243,149,0.07897,0x63016b93b0416d553720b843a5b40039fee9788c,2017-09-01T21:22:06.000Z,0.00053,0x886174df0d6de4070013290992d2026d772c2b20,buy,0xcbcc0f036ed4788f63fc0fee32873d6a7487b908,0x63af2d398f51abaacfaae8ce0a8a39bf466893c4ca283e218ae5d5d2607ae32c
244,250,0.1325,0x63016b93b0416d553720b843a5b40039fee9788c,2017-09-01T21:08:50.000Z,0.00053,0x886174df0d6de4070013290992d2026d772c2b20,buy,0xcbcc0f036ed4788f63fc0fee32873d6a7487b908,0x5e953f27fba5c33d20acbf2c27766998021e351c3147422ae79b6fcad79fddfe
245,303.061,0.136984178122,0x762f6d7f75a5ee4632fabc6bf466bf086a85f29d,2017-09-01T20:26:50.000Z,0.000452002,0x4c12480f5082d4179279b7b3bca1ff9353b7d700,buy,0xcbcc0f036ed4788f63fc0fee32873d6a7487b908,0x6da542621faa8143c92a383b06b3ce271edc17d5465f7cdf83fc9eb88cab2212
246,89.98,0.031879914,0xeb19e912a51eb267cd423dcf0934d1a7f971ad66,2017-09-01T16:18:32.000Z,0.0003543,0x5d5c9b1338e2256992bf84b53463d90f65f7289d,buy,0xcbcc0f036ed4788f63fc0fee32873d6a7487b908,0x6a64b19aac8611cb50ec37a3816a677482a52f70ee001a4de9469115a4951362
247,89.98,0.031879914,0xeb19e912a51eb267cd423dcf0934d1a7f971ad66,2017-09-01T16:17:02.000Z,0.0003543,0x5d5c9b1338e2256992bf84b53463d90f65f7289d,buy,0xcbcc0f036ed4788f63fc0fee32873d6a7487b908,0x6a64b19aac8611cb50ec37a3816a677482a52f70ee001a4de9469115a4951362
248,83.793,0.0452398407,0xc9f48ec1bb172f34f69fa80ea75e9a2c3530de29,2017-09-01T12:42:59.000Z,0.0005399,0x254fb89e4cab71708eaab16e067ca8156a38e18a,buy,0xcbcc0f036ed4788f63fc0fee32873d6a7487b908,0x05a14748e79d36547996e5eb7388cce7f4f42085912800732e2c79cf0458f5b5
249,387.68417904,0.136503599439984,0xee004e564e2d0f6ead3613df41b7f69bb76a73e0,2017-09-01T07:30:09.000Z,0.0003521,0xc084485191e02ec96ae0323360d6775f5c4998d0,sell,0xcbcc0f036ed4788f63fc0fee32873d6a7487b908,0x6b81cea8bc25367039198b5e8d5ef111e91d93eb10e3895e524f0193b8e8a65a
250,1208.68978152,0.4677641541380215,0xeb19e912a51eb267cd423dcf0934d1a7f971ad66,2017-09-01T00:55:42.000Z,0.000387001,0xbbad0717600cbe5e51f79891fddcbece95f2b05c,sell,0xcbcc0f036ed4788f63fc0fee32873d6a7487b908,0x30c2cfce9d1edae862d3f9b502df35a149afad92fb527859ec50717daef60399
251,78.03654925,0.03901827462759258,0x762f6d7f75a5ee4632fabc6bf466bf086a85f29d,2017-08-31T04:07:03.000Z,0.0005000000000332227,0xce6e959f2691d4cf8b162e70c5e64b696800ffe9,buy,0xcbcc0f036ed4788f63fc0fee32873d6a7487b908,0x0604de444e3034b5c2f06e0ee7171bae66d3cb3ddac145b5a47489781b6db0cf
252,6,0.00223212,0xbf1e36feb9f38240cd321ef90f711822574e363f,2017-08-31T03:29:49.000Z,0.00037202,0xf603b731c162b4a9a3ee71dc945b51eb8ebe8467,sell,0xcbcc0f036ed4788f63fc0fee32873d6a7487b908,0xc21b7e0f49b18149d47bbbbad1557a2eb1de6c8dc0b61ae31953386c68dcff06
253,1432,0.542185272,0x6fd387b863ef1b46cb34a47853129112f38a8e69,2017-08-31T03:27:31.000Z,0.000378621,0xf603b731c162b4a9a3ee71dc945b51eb8ebe8467,sell,0xcbcc0f036ed4788f63fc0fee32873d6a7487b908,0x7af59618cac6208d12823555b8b72e10b21ab46eeaef425e942421e88329dab0
254,500,0.191607,0x6fd387b863ef1b46cb34a47853129112f38a8e69,2017-08-31T03:19:05.000Z,0.000383214,0xf603b731c162b4a9a3ee71dc945b51eb8ebe8467,sell,0xcbcc0f036ed4788f63fc0fee32873d6a7487b908,0x5bd8ad968e4d53e2315f9e2366517a3c4870dba9e01c8485d2d129a200d0cb26
255,7.10045074,0.00355022537240742,0xcc6281fc9b76cb24c0385f7f5841a9b16ecc7fb3,2017-08-31T02:55:31.000Z,0.0005000000003390517,0xce6e959f2691d4cf8b162e70c5e64b696800ffe9,buy,0xcbcc0f036ed4788f63fc0fee32873d6a7487b908,0xd1cf5a5cf275afd463799e829cb509f339fea02748864e2be3c3568a15da71e1
256,10102.16938128,5.612310710618835,0xcc6281fc9b76cb24c0385f7f5841a9b16ecc7fb3,2017-08-31T02:32:51.000Z,0.0005555550000001805,0xef58321032cf693fa7e39f31e45cbc32f2092cb3,buy,0xcbcc0f036ed4788f63fc0fee32873d6a7487b908,0x7757d93b9c802ff2f259104cad3b50f2f84ba5602da3758bf2d6022b586cde36
257,100,0.05,0x17e5ffd62fac2a0bdad0301fcf958254aa7f3f9c,2017-08-30T19:31:13.000Z,0.0005,0xce6e959f2691d4cf8b162e70c5e64b696800ffe9,buy,0xcbcc0f036ed4788f63fc0fee32873d6a7487b908,0xbb1ef552f2989c82a4043310af37722649cf55e8dadf6827cc713da2dd8d28e7
258,1948,0.972052,0x444c878d6e124a0e53dc342a6010b558fc2014c1,2017-08-30T18:31:38.000Z,0.000499,0xbdf2937c8f736d3855b77214a07724120d9b4c5b,buy,0xcbcc0f036ed4788f63fc0fee32873d6a7487b908,0x02ac60bbd751113dff72678076a70c47aac63f41580ec8e78bf09b68bf522d5d
259,0.05,0.000025,0x98f0deb428b74fb5302d250af5d55e77c8519f2a,2017-08-30T13:51:17.000Z,0.0005,0xce6e959f2691d4cf8b162e70c5e64b696800ffe9,buy,0xcbcc0f036ed4788f63fc0fee32873d6a7487b908,0xc54e7e493aa92f8e1b5a166ebb55e1709b58e868f0fe998793c46afb1d578937
260,10,0.005,0x7bd02d3903fa837426cd80f163efb5207f2b4195,2017-08-30T07:18:38.000Z,0.0005,0xce6e959f2691d4cf8b162e70c5e64b696800ffe9,buy,0xcbcc0f036ed4788f63fc0fee32873d6a7487b908,0xfd8b1b8b2399d6d1b296454ac06074c9b45965b7a7bce26a5400270de1278c88
261,0.32359825,0.000110185204125,0xce385eb7ec5eb29302050828f69fcff5e0a88d14,2017-08-29T22:02:05.000Z,0.0003405,0x03a1eeb08c6df9348956414192c16f00d206291f,sell,0xcbcc0f036ed4788f63fc0fee32873d6a7487b908,0x0252bfe04038c4ee6fd8269a5ca720e4b57bbb1e6a17b081db501053028cbdc5
262,3246.01400234,1.113726880286868,0x7b6b2f3c88ce2ecedc01c545f13faf36034d772f,2017-08-29T21:48:53.000Z,0.000343106,0x03a1eeb08c6df9348956414192c16f00d206291f,sell,0xcbcc0f036ed4788f63fc0fee32873d6a7487b908,0x8e5f76b3a17635c06c3b3f65b5b76437972a050192c50c1d8205d1c8e182807d
263,40.40893464,0.01499171475144,0x03779efad7c84eacaea6f3bb20c2f3d94033a2bd,2017-08-29T10:40:35.000Z,0.000371,0x3f7789ed9034beeb164eb332913888bb8a0bd030,sell,0xcbcc0f036ed4788f63fc0fee32873d6a7487b908,0x89a5ecebb7068e2a2b131bef180484664a97c0827d66c77aa314171143377456
264,484.721,0.288408995,0x5ad4afc20e97815b2b5aeadbf85d3bd68645ed18,2017-08-28T04:04:50.000Z,0.000595,0xff932a993361906bd0d7ec8e6233a7bfc32b3f85,buy,0xcbcc0f036ed4788f63fc0fee32873d6a7487b908,0x0322feb98fb3bbe2e5fc9e02fa364f49abd787f81e5ca2789a0d63ad2651c43f
265,33.613,0.019999735,0x714076e5f3b4ffad7846989dd16e4d58af37709c,2017-08-28T03:11:40.000Z,0.000595,0xff932a993361906bd0d7ec8e6233a7bfc32b3f85,buy,0xcbcc0f036ed4788f63fc0fee32873d6a7487b908,0xb9671f1d8bed9852d9bbd5dc68332a267a7d3aed4e2c20179d3f8c4991ac3d6e
266,206,0.122982,0x7ad39a275d22b15a40a399324391d5dcdbf012f9,2017-08-28T00:33:19.000Z,0.000597,0xce385eb7ec5eb29302050828f69fcff5e0a88d14,buy,0xcbcc0f036ed4788f63fc0fee32873d6a7487b908,0x8e2d353a610efad03158853c0cdb9602d61d34105d744fa981c78e90eef89c84
267,1000,0.597,0x7ad39a275d22b15a40a399324391d5dcdbf012f9,2017-08-28T00:28:06.000Z,0.000597,0xbdf2937c8f736d3855b77214a07724120d9b4c5b,buy,0xcbcc0f036ed4788f63fc0fee32873d6a7487b908,0x07e658c146d80a2c2c86c84a797d68fc7722c1bf7355d79d3bc550d93cb11050
268,2300,0.7820115,0xeb19e912a51eb267cd423dcf0934d1a7f971ad66,2017-08-27T20:51:02.000Z,0.000340005,0xa0a8f603b4f8914b35871555edfcd01b623bbfd7,sell,0xcbcc0f036ed4788f63fc0fee32873d6a7487b908,0x66fa0d03c3661ba409c733095229e6197d3dea082ef241405b7b9abf83172213
269,10000,3.40004,0x7b6b2f3c88ce2ecedc01c545f13faf36034d772f,2017-08-27T20:47:16.000Z,0.000340004,0xa0a8f603b4f8914b35871555edfcd01b623bbfd7,sell,0xcbcc0f036ed4788f63fc0fee32873d6a7487b908,0x36bd0baf1b23fdc17d4a8249c12a5980ae5ffad3fc6e77a27b7be84df9a114f7
270,1000,0.34,0xbdf2937c8f736d3855b77214a07724120d9b4c5b,2017-08-27T20:33:33.000Z,0.00034,0xa0a8f603b4f8914b35871555edfcd01b623bbfd7,sell,0xcbcc0f036ed4788f63fc0fee32873d6a7487b908,0x0c2c84d0b384fd45d707c0d632386a0c72f33bff8cf348f69e1fcbe274751ad7
271,19000,5.890209,0xb902ba6e3272e66c74035d7e30f4fa9279bd56f9,2017-08-27T20:25:56.000Z,0.000310011,0xa0a8f603b4f8914b35871555edfcd01b623bbfd7,sell,0xcbcc0f036ed4788f63fc0fee32873d6a7487b908,0x4007133c0b7349d3ce69320b2811af690968cb178b06183e705b655a3e8b7b51
272,1000,0.5968888,0xe103ce33b3e32194d075cb23e56c94c14f12704c,2017-08-27T19:42:58.000Z,0.0005968888,0xfd7997b32e69e101e1035d0d7530df1a79edf807,buy,0xcbcc0f036ed4788f63fc0fee32873d6a7487b908,0xd3f83ede96ae7a566062fdf830e6afba7c8c96f9a48eefa422d16adeb8b900cf
273,181,0.061540362,0x4c1503def4aa87fac66b786d3f3939ae70a34f49,2017-08-27T18:15:56.000Z,0.000340002,0xa0a8f603b4f8914b35871555edfcd01b623bbfd7,sell,0xcbcc0f036ed4788f63fc0fee32873d6a7487b908,0x908c062d539dae4b2e8fe3af31071fa44a1b5b432384e049748f60489b9c75bf
274,23.35188355,0.0139592188941565,0x714076e5f3b4ffad7846989dd16e4d58af37709c,2017-08-27T07:07:44.000Z,0.0005977770000551625,0xfd7997b32e69e101e1035d0d7530df1a79edf807,buy,0xcbcc0f036ed4788f63fc0fee32873d6a7487b908,0x0a45238eb0002aa93687afff5d99d2eb062d07f60847e2d1584219db00bc6f0d
275,525.65,0.31422148005,0x9db19310e90ee3396cd9f3a3bcc8ce6c35cc85d4,2017-08-27T06:20:54.000Z,0.000597777,0xfd7997b32e69e101e1035d0d7530df1a79edf807,buy,0xcbcc0f036ed4788f63fc0fee32873d6a7487b908,0x50478228e54cd4cb73b580dd61cb634f3b4bdb2dd5349c68d1f994abffae69e3
276,132.156,0.078999817212,0x7692e072155d09314fbdd7f3ae5c64f9b2fe4b62,2017-08-26T22:05:54.000Z,0.000597777,0xfd7997b32e69e101e1035d0d7530df1a79edf807,buy,0xcbcc0f036ed4788f63fc0fee32873d6a7487b908,0xcf16d9a8228a75d2ef7a9bf3fd5bf6b0e5002f46d2a9478f52bab207f9f97be2
277,13,0.007771101,0xdc34307606f4e518a6b2fce738d7dbcaaab0809d,2017-08-26T21:08:14.000Z,0.000597777,0xfd7997b32e69e101e1035d0d7530df1a79edf807,buy,0xcbcc0f036ed4788f63fc0fee32873d6a7487b908,0x8db1cb65271f2bcf04c7f5c67c8c47044dc32858e5f833812d9185753375d8af
278,76.58957233,0.038294786165,0x9db19310e90ee3396cd9f3a3bcc8ce6c35cc85d4,2017-08-26T19:25:25.000Z,0.0005,0xf7f2d269d825738577b0507aed428e2857c521bb,sell,0xcbcc0f036ed4788f63fc0fee32873d6a7487b908,0x50f165d3ad08e954a12886efeb97603399f556e2ac574adce75938f045edd645
279,0.000001,0.0000000005,0x9db19310e90ee3396cd9f3a3bcc8ce6c35cc85d4,2017-08-26T19:23:07.000Z,0.0005,0xf7f2d269d825738577b0507aed428e2857c521bb,sell,0xcbcc0f036ed4788f63fc0fee32873d6a7487b908,0x54c3ab3ee72e8f92b74af412dac73f1423d6dfb95611499f73f4ac7bade537e3
280,2695.158,0.835542102528,0x7b6b2f3c88ce2ecedc01c545f13faf36034d772f,2017-08-26T18:16:57.000Z,0.000310016,0xd1e44a5ae0ca2876bd113e04b408ec15dc1d58a2,sell,0xcbcc0f036ed4788f63fc0fee32873d6a7487b908,0x994388ba1fae220af2328d7b0524f31e3d54a935b0df205c293e97d12bfa5d3f
281,1229.72677016,0.7377130894227893,0x4df6bd95b5aefcf83b84f2ed0f90c9bf10cbf475,2017-08-26T01:29:38.000Z,0.0005999000000030944,0x5da840d1daf11619535d9130e1662db842ce0717,buy,0xcbcc0f036ed4788f63fc0fee32873d6a7487b908,0x660c6ee875a7ddfb4ae81d9c8793b509dc5496408390c8ec1180d179ebb84307
282,83.30144964,0.049878028492123076,0x39fee326ea0ee8eb19583f94199063d639248864,2017-08-25T20:51:13.000Z,0.0005987654321464828,0xfd7997b32e69e101e1035d0d7530df1a79edf807,buy,0xcbcc0f036ed4788f63fc0fee32873d6a7487b908,0xe232fcafa0fdfff20d83854099ac7f50271cbee1c0ad2d340af76a104d19f01e
283,1270.88,0.7231180112,0x7ad39a275d22b15a40a399324391d5dcdbf012f9,2017-08-25T18:06:08.000Z,0.00056899,0xb902ba6e3272e66c74035d7e30f4fa9279bd56f9,buy,0xcbcc0f036ed4788f63fc0fee32873d6a7487b908,0x2c8421d3b3c56505d43a21493eb5bf607f08ae1f680fe36dc1e01587c5bcd4fb
284,2763.439,1.572396791,0x7ad39a275d22b15a40a399324391d5dcdbf012f9,2017-08-25T18:06:08.000Z,0.000569,0xfd7997b32e69e101e1035d0d7530df1a79edf807,buy,0xcbcc0f036ed4788f63fc0fee32873d6a7487b908,0x78195d6c6a34e3f17d18a2dda71cc76eaf0f7167037f1810d2e7714ae57c4b1a
285,1052.739,0.597955752,0x7ad39a275d22b15a40a399324391d5dcdbf012f9,2017-08-25T18:06:08.000Z,0.000568,0xbdf2937c8f736d3855b77214a07724120d9b4c5b,buy,0xcbcc0f036ed4788f63fc0fee32873d6a7487b908,0x68401533ea6526d4fa10ebad28e0ba0e1575f0a7ff5f9235460739a66c373a6c
286,1,0.00057,0xbb325a2ee38566c7a03010b2c4929fd99861bf36,2017-08-25T12:08:34.000Z,0.00057,0xff932a993361906bd0d7ec8e6233a7bfc32b3f85,buy,0xcbcc0f036ed4788f63fc0fee32873d6a7487b908,0x9de74a1b7341b0b07ec5c64577872f9823f1df658f3003f13fb8af7ebca5af8d
287,1270.88011276,0.38127801350924034,0xb902ba6e3272e66c74035d7e30f4fa9279bd56f9,2017-08-25T10:37:52.000Z,0.000300011,0xc98e5e400ae3e4e913f2bc8d3b7b2750551f8b5d,sell,0xcbcc0f036ed4788f63fc0fee32873d6a7487b908,0x0d03b68fa3b131c932754b551eb9fa04ec60a0b56be2bed57ad19f2e4860cdb9
288,300,0.093333,0xb0d2ce3e2bfbc1a47dbfe5b3eef5335284dfeb49,2017-08-25T10:36:22.000Z,0.00031111,0xc98e5e400ae3e4e913f2bc8d3b7b2750551f8b5d,sell,0xcbcc0f036ed4788f63fc0fee32873d6a7487b908,0x7178151f5b16a71915beb5a4c051f59660ce908571e6b4784fa1f85fa33e80a6
289,700,0.1785,0xb0d2ce3e2bfbc1a47dbfe5b3eef5335284dfeb49,2017-08-25T10:36:22.000Z,0.000255,0xc98e5e400ae3e4e913f2bc8d3b7b2750551f8b5d,sell,0xcbcc0f036ed4788f63fc0fee32873d6a7487b908,0xc5356ebcd71802fc2841bd82d2f9f284b600ea0c574df606e95a4059f165a7cf
290,206.70791947,0.082683167788,0xce385eb7ec5eb29302050828f69fcff5e0a88d14,2017-08-25T10:32:56.000Z,0.0004,0xc98e5e400ae3e4e913f2bc8d3b7b2750551f8b5d,sell,0xcbcc0f036ed4788f63fc0fee32873d6a7487b908,0x82b6aac022b00b7d80030c433e45eb50fa55f70700a0774f3ac76f5d7cb7d9f2
291,1510.399,0.573953130399,0xeb19e912a51eb267cd423dcf0934d1a7f971ad66,2017-08-25T10:32:56.000Z,0.000380001,0xc98e5e400ae3e4e913f2bc8d3b7b2750551f8b5d,sell,0xcbcc0f036ed4788f63fc0fee32873d6a7487b908,0x63c9afcbad2e41aa977452089821070dd822ad882f4f230c2e9053c505f081bf
292,189.64496652,0.075857986608,0xce6e959f2691d4cf8b162e70c5e64b696800ffe9,2017-08-24T23:44:09.000Z,0.0004,0x9822d473b37741449b7e3b956c3e537792fbca46,sell,0xcbcc0f036ed4788f63fc0fee32873d6a7487b908,0x6d2db168a1aab5a32a07213fc19ad68d600e3fbefc262b8b9e355486bae4c987
293,5.07426976,0.002029707904,0xce6e959f2691d4cf8b162e70c5e64b696800ffe9,2017-08-24T22:16:58.000Z,0.0004,0x0006d50465bbd36394383345a4facc1a1064f18d,sell,0xcbcc0f036ed4788f63fc0fee32873d6a7487b908,0x65db4a113cf9f952c3b18e7418a3f73a79a0f56719bb765477a249af62839d98
294,16.181,0.009999858,0x6d3d0dfa885186833d6cf04f7890aab7d3b43cd1,2017-08-24T20:06:12.000Z,0.000618,0xbdf2937c8f736d3855b77214a07724120d9b4c5b,buy,0xcbcc0f036ed4788f63fc0fee32873d6a7487b908,0xaa008cefa03727bd3a00f259896474f9f4e4efe785d8b62360accd199c19e3a5
295,0.46812529,0.0001778876102,0xce6e959f2691d4cf8b162e70c5e64b696800ffe9,2017-08-24T16:44:41.000Z,0.00038,0xce385eb7ec5eb29302050828f69fcff5e0a88d14,sell,0xcbcc0f036ed4788f63fc0fee32873d6a7487b908,0xd9678713ec013d5b6b8c3f3b73c047d512b0a575c6cf5c4b09812e248cf258c4
296,660.65865615,0.4294281265021456,0x03a1eeb08c6df9348956414192c16f00d206291f,2017-08-24T10:57:57.000Z,0.0006500000000070318,0x9e099d34653dcd295670c4b1633337311707dc96,buy,0xcbcc0f036ed4788f63fc0fee32873d6a7487b908,0x094d803cb43b7cafe8ff0b8709b6f7faf3e016504259ebd6b0c31a6bf016b063
297,1033.9039896,0.651359513448,0x03a1eeb08c6df9348956414192c16f00d206291f,2017-08-24T10:51:23.000Z,0.00063,0xce6e959f2691d4cf8b162e70c5e64b696800ffe9,buy,0xcbcc0f036ed4788f63fc0fee32873d6a7487b908,0x5a2cf60521c7b7b32b38e428262568d78a35428a44be885aefb1f8b822b929e6
298,1561.514,0.91348569,0x03a1eeb08c6df9348956414192c16f00d206291f,2017-08-24T10:43:59.000Z,0.000585,0x1fdf047bf7a114b37e7936d01e9cad754ad18803,buy,0xcbcc0f036ed4788f63fc0fee32873d6a7487b908,0xdbe46b439216c571d71d2d3e3e9686a5039958e5a37f61b6cf09c7beb5be84a4
299,1750,1.0675,0x3a328ceeebdc1eec29dd141223245796cf8be074,2017-08-24T03:18:47.000Z,0.00061,0x4fe083c7f5889407adb23c5828205d6b2e9f0e56,buy,0xcbcc0f036ed4788f63fc0fee32873d6a7487b908,0x81daf2b409ee6d60c293d0f820bb5ed5e1b6a52f09e60090cc580dc14ec259e4
300,17.04628953,0.009972079379324402,0x714076e5f3b4ffad7846989dd16e4d58af37709c,2017-08-24T03:04:30.000Z,0.0005850000002507526,0x1fdf047bf7a114b37e7936d01e9cad754ad18803,buy,0xcbcc0f036ed4788f63fc0fee32873d6a7487b908,0x6529f5a245ee0e0ebe14b845766e5a5c134d044911b396337de8ff759ab94acd
301,1111,0.52217,0x6baec593fedbacb17dd0fdfb0642a36603ae98da,2017-08-23T23:45:21.000Z,0.00047,0x1df6d6f0a39ceb22b2d0b7e1ac3024e0959ba5bb,sell,0xcbcc0f036ed4788f63fc0fee32873d6a7487b908,0x46c469dd18470a8c5e03f2f0dd0ee86223fbaa98f3a437a480a2dc05d0e4a997
302,51.15940855,0.02992825400305776,0x714076e5f3b4ffad7846989dd16e4d58af37709c,2017-08-23T15:06:06.000Z,0.0005850000000255625,0x1fdf047bf7a114b37e7936d01e9cad754ad18803,buy,0xcbcc0f036ed4788f63fc0fee32873d6a7487b908,0xe25d5d6ec45c7d5251b34e7e523d2c5a33902a1db558e81fb61e1232ef18ab52
303,305,0.178425,0xbd0d7c678214a79f5d11fa10fe84f731d083dde4,2017-08-23T14:50:39.000Z,0.000585,0x1fdf047bf7a114b37e7936d01e9cad754ad18803,buy,0xcbcc0f036ed4788f63fc0fee32873d6a7487b908,0xa78948422253a7de4195a74f8df0889ceffe0f512cafd32409a407af1264fde2
304,40,0.0226,0xbd0d7c678214a79f5d11fa10fe84f731d083dde4,2017-08-23T14:50:03.000Z,0.000565,0xb236b907580361fd4f87b759de68ca5c206644af,buy,0xcbcc0f036ed4788f63fc0fee32873d6a7487b908,0xb37fee7417c983498f2a7a783de63b66242b679c033a502e9d3dbb30ffd4719d
305,20,0.01,0xbd0d7c678214a79f5d11fa10fe84f731d083dde4,2017-08-23T14:46:36.000Z,0.0005,0xce385eb7ec5eb29302050828f69fcff5e0a88d14,buy,0xcbcc0f036ed4788f63fc0fee32873d6a7487b908,0xca9878923069820ad58b1fbed08a93bd57e512a878601edee85712882043d405
306,920.05682384,0.368022729536,0x6baec593fedbacb17dd0fdfb0642a36603ae98da,2017-08-23T13:28:12.000Z,0.0004,0xb42d5a6d63776ffc60d6aa25ce08470cafe54e20,sell,0xcbcc0f036ed4788f63fc0fee32873d6a7487b908,0xf994600db04b7fa0d378c8e6752874ba92ed5c77ea5acc0947594eac9ffe0e5f
307,1425.673,0.853978127,0x840d7eac8dcd0481cff040db0092d50281f50318,2017-08-23T09:01:51.000Z,0.000599,0x9adce261bd078192e788fd87e0112fa50ae5b770,buy,0xcbcc0f036ed4788f63fc0fee32873d6a7487b908,0xa2d8ada94bbbd44b6e34721c24559353a323047c09a8ad1ab65df0119b3f5954
308,498.60147282,0.1720180067243728,0xeb19e912a51eb267cd423dcf0934d1a7f971ad66,2017-08-23T08:45:20.000Z,0.000345001,0x6bef37280ef6520d5f466607f9ebe84ba889a822,sell,0xcbcc0f036ed4788f63fc0fee32873d6a7487b908,0xe644b5ca3fb745f7e517504a90a59f61a9d8fd74d4b32e30ca1f631fc7278090
309,269.123,0.0896986959,0x6baec593fedbacb17dd0fdfb0642a36603ae98da,2017-08-23T01:37:48.000Z,0.0003333,0x209df30515dd3085d9134caa54cc109467d5eed7,sell,0xcbcc0f036ed4788f63fc0fee32873d6a7487b908,0x8eca572b01178d591d0b1c8d6bd90dd754104aed04a61e91e8135848751e9692
310,294.92474676,0.09829871301985477,0xeb19e912a51eb267cd423dcf0934d1a7f971ad66,2017-08-23T01:21:45.000Z,0.000333301,0x209df30515dd3085d9134caa54cc109467d5eed7,sell,0xcbcc0f036ed4788f63fc0fee32873d6a7487b908,0x67ccb12bcaab9c0b2d8e6496b39a7bf5d77172ccfc042c6a696e635d77365cdf
311,439.34962788,0.14677691317800629,0xff3e172375edafcceac3bb3acca29a67c9c3471b,2017-08-23T01:19:57.000Z,0.0003340777,0x209df30515dd3085d9134caa54cc109467d5eed7,sell,0xcbcc0f036ed4788f63fc0fee32873d6a7487b908,0xe927750f251786a75de5f71e422a084fd4dbb9c95f643ad43453b72d54d81fe0
312,760.65037212,0.2541163268219937,0xff3e172375edafcceac3bb3acca29a67c9c3471b,2017-08-22T23:45:06.000Z,0.0003340777,0x55b905ad7a1286a48fab40ff69885b15aba276f4,sell,0xcbcc0f036ed4788f63fc0fee32873d6a7487b908,0xe95ddc7991f10f4b0fec95be149f3fbacd905e4c2669b5aa218fdc5d7a11df59
313,1005.07525324,0.3349925869801452,0xeb19e912a51eb267cd423dcf0934d1a7f971ad66,2017-08-22T17:45:46.000Z,0.000333301,0x3d01b31cf2cd9bff5981b0257600384619fe65ab,sell,0xcbcc0f036ed4788f63fc0fee32873d6a7487b908,0x2f3fcd546b25d838d4709181d9f8aacad5d4aae92b767f79419e4b1dddbc1fda
314,42.79758721,0.014264435817093,0xb0d2ce3e2bfbc1a47dbfe5b3eef5335284dfeb49,2017-08-22T16:16:05.000Z,0.0003333,0xfbb31ef7efdeebba89bb3d2c878399bbae319f8a,sell,0xcbcc0f036ed4788f63fc0fee32873d6a7487b908,0x728509375e6f4f2b01af370073801ddf0fe50ae93fd0d79649b8a8c98b2a706f
315,20.46957648,0.007164351768,0xce385eb7ec5eb29302050828f69fcff5e0a88d14,2017-08-22T16:07:00.000Z,0.00035,0xfbb31ef7efdeebba89bb3d2c878399bbae319f8a,sell,0xcbcc0f036ed4788f63fc0fee32873d6a7487b908,0x64a5c5c90cb22d94ba76702e179a8119c412d53d8d0151e458d1111d55260d14
316,50.14511876,0.02507255938,0x63a012397d83eb74847da2d6978bcff90770f54f,2017-08-22T16:00:12.000Z,0.0005,0xfbb31ef7efdeebba89bb3d2c878399bbae319f8a,sell,0xcbcc0f036ed4788f63fc0fee32873d6a7487b908,0xdc42a0f57dd5990cbe9c26debabff6367d66a04aad10e80833d06db88ed323db
317,7149.85488124,3.57492744062,0x63a012397d83eb74847da2d6978bcff90770f54f,2017-08-22T15:25:17.000Z,0.0005,0x669f0ab96fd3beb68bc836bb874894bbb516331a,sell,0xcbcc0f036ed4788f63fc0fee32873d6a7487b908,0xe9cca247327d181b27a5de085e979a6ea2ffd26b85b7e13be0f7d608a0d119d8
318,190.21286121,0.1169809096464324,0x9822d473b37741449b7e3b956c3e537792fbca46,2017-08-22T09:09:54.000Z,0.0006150000000119992,0xce6e959f2691d4cf8b162e70c5e64b696800ffe9,buy,0xcbcc0f036ed4788f63fc0fee32873d6a7487b908,0x9e911147a7bf35373e613a4d82536737e11d5ddee769301014eb61d1116ca9e2
319,40,0.021,0xb236b907580361fd4f87b759de68ca5c206644af,2017-08-22T08:56:06.000Z,0.000525,0x3d01b31cf2cd9bff5981b0257600384619fe65ab,sell,0xcbcc0f036ed4788f63fc0fee32873d6a7487b908,0x255b3cb30cacf077f9e264423a71c894e6e1d1bdddbf662182ede03a1dfdf5ef
320,1425.67341239,0.6130395673277,0x9adce261bd078192e788fd87e0112fa50ae5b770,2017-08-22T08:31:24.000Z,0.00043,0x3d01b31cf2cd9bff5981b0257600384619fe65ab,sell,0xcbcc0f036ed4788f63fc0fee32873d6a7487b908,0xb7f3b90c7a700bf06903798dc03b247a23293301bce22416ac9ca6854086c138
321,1.3,0.0009737,0xff3e172375edafcceac3bb3acca29a67c9c3471b,2017-08-22T04:26:02.000Z,0.000749,0x1fdf047bf7a114b37e7936d01e9cad754ad18803,sell,0xcbcc0f036ed4788f63fc0fee32873d6a7487b908,0xee2ee4231163167b57166ae6ccce97e6852c365c651d62d27886942b3b369d12
322,3067.41881294,1.9938191606021334,0x03a1eeb08c6df9348956414192c16f00d206291f,2017-08-22T04:03:47.000Z,0.0006499989998728397,0x59b2880227e294011500b87d75f22ab23438573c,buy,0xcbcc0f036ed4788f63fc0fee32873d6a7487b908,0xb32ed26cccd7f75a09b26c7b5be2dd3bec5d4e6d9158182636b5e11048681d8c
323,200.00000003,0.1299998,0xc93930db732a25cdbf4be525c0109cb77ad22359,2017-08-22T03:49:49.000Z,0.0006499989999025001,0x59b2880227e294011500b87d75f22ab23438573c,buy,0xcbcc0f036ed4788f63fc0fee32873d6a7487b908,0x9681107098bc35e280a4ffe651f20313760e59da0c865d2e6bd6ede7d98c32bf
324,57,0.03705,0x4a139f1dba62180b10650a10f11d5d24aaac2615,2017-08-21T15:44:33.000Z,0.00065,0x1fdf047bf7a114b37e7936d01e9cad754ad18803,buy,0xcbcc0f036ed4788f63fc0fee32873d6a7487b908,0xb1bd48d0ebaf0c039a01cdaaab9b949be3ab3a6194a54486f35bdb29cf264b41
325,10,0.018,0x08b272a4699ce81e399c8a028b8bb904870f1826,2017-08-21T14:32:20.000Z,0.0018,0x8cfcb98d5585e08ba369b64447d2b7fbca26d313,buy,0xcbcc0f036ed4788f63fc0fee32873d6a7487b908,0x8014561378ee061ee1d3d6fe6b301f428a3eae45400f36c079eb94a1f6b5f1ad
326,200.04697894,0.0920216103124,0x83b14a15469abb65395e192227aeb38ad4c2f2ed,2017-08-21T12:31:14.000Z,0.00046,0x9822d473b37741449b7e3b956c3e537792fbca46,sell,0xcbcc0f036ed4788f63fc0fee32873d6a7487b908,0x1017c85dba965c4df10fa83dbe3c102fe53af1b3943c91939638554db2f4b9d4
327,707.00827434,0.3252238061964,0x83b14a15469abb65395e192227aeb38ad4c2f2ed,2017-08-21T12:27:43.000Z,0.00046,0xe5223bf873910455348b7bfb209ad26665a7c261,sell,0xcbcc0f036ed4788f63fc0fee32873d6a7487b908,0xc61ad4d25adf290d02f64f6c57c0fe799192725d45672e398bbdff41da4975bd
328,1,0.00065,0x9822d473b37741449b7e3b956c3e537792fbca46,2017-08-21T12:10:43.000Z,0.00065,0x1fdf047bf7a114b37e7936d01e9cad754ad18803,buy,0xcbcc0f036ed4788f63fc0fee32873d6a7487b908,0x4afecc893f8c84f5da0c557c3d08220b126590e5533825d62b1c2b03eab2babd
329,947.12935891,0.4356795050986,0x83b14a15469abb65395e192227aeb38ad4c2f2ed,2017-08-21T12:01:57.000Z,0.00046,0xa94be347513b1aafa02da1159676863ac8d9f431,sell,0xcbcc0f036ed4788f63fc0fee32873d6a7487b908,0x3d1909950dbdbe89b15f121964defd634bee6ab83e213393ab8797b9d3e6b563
330,200,0.1,0x719ed579c5e377cd69f02ce98dcbf8e40350152a,2017-08-21T11:52:49.000Z,0.0005,0x9822d473b37741449b7e3b956c3e537792fbca46,sell,0xcbcc0f036ed4788f63fc0fee32873d6a7487b908,0x1935dfd8a4d866b125a3c54e048f5d29dbea1d8d3923707b3881e5bac812c889
331,1994.03054284,1.0767764931336,0x1fdf047bf7a114b37e7936d01e9cad754ad18803,2017-08-21T11:46:59.000Z,0.00054,0x097501c95264ad3204159efaefdc5820783dbeae,sell,0xcbcc0f036ed4788f63fc0fee32873d6a7487b908,0x2bc1a62fc7e965dead88d882dca467adbe72c74ef65216376d1552b8dfe56721
332,1,0.000749,0xff3e172375edafcceac3bb3acca29a67c9c3471b,2017-08-21T06:11:08.000Z,0.000749,0xce6e959f2691d4cf8b162e70c5e64b696800ffe9,buy,0xcbcc0f036ed4788f63fc0fee32873d6a7487b908,0x53c2801c8143e173fc68b83a4eb686674767afe0344e0be429c841a5a1d12614
333,9,0.18,0xe105d9a941406c426ee79972ce9798be7ad24345,2017-08-21T03:28:08.000Z,0.02,0x8cfcb98d5585e08ba369b64447d2b7fbca26d313,buy,0xcbcc0f036ed4788f63fc0fee32873d6a7487b908,0x9f2a471b86903e26a514a8377deb90387d4f102423539ce187c07239edde516d
334,51.629,0.027982918,0x3349b88ed560bc33afac96e0c38c8c43fd77d7f1,2017-08-20T20:04:36.000Z,0.000542,0xaf85e7abc89f11a4001963fd9dfedeb7c98467ae,sell,0xcbcc0f036ed4788f63fc0fee32873d6a7487b908,0x826f72d4458b16ee3a7c1052df2e046281c75d46bc4d8e6167e2cfab21e744f5
335,151.831,0.08654367,0xce6e959f2691d4cf8b162e70c5e64b696800ffe9,2017-08-20T20:03:22.000Z,0.00057,0xaf85e7abc89f11a4001963fd9dfedeb7c98467ae,sell,0xcbcc0f036ed4788f63fc0fee32873d6a7487b908,0x0d9ee0d4834eed9f5990c31ede751f90a2146361aacf5bce2283d84ef4191d3d
336,52,0.029692,0xff3e172375edafcceac3bb3acca29a67c9c3471b,2017-08-20T20:03:22.000Z,0.000571,0xaf85e7abc89f11a4001963fd9dfedeb7c98467ae,sell,0xcbcc0f036ed4788f63fc0fee32873d6a7487b908,0x747f73bb1f354fd48be85e2de59210b5723084f5b49a345aa48cefc8a103afe2
337,400,0.22664,0xb0d2ce3e2bfbc1a47dbfe5b3eef5335284dfeb49,2017-08-20T19:58:20.000Z,0.0005666,0xaf85e7abc89f11a4001963fd9dfedeb7c98467ae,sell,0xcbcc0f036ed4788f63fc0fee32873d6a7487b908,0x9b9fcf70b4f5536730529ef3bd8254db2fc8a68ccb1505cd6faa1d712b035b94
338,598.16877573,0.3409562021661,0xce6e959f2691d4cf8b162e70c5e64b696800ffe9,2017-08-20T13:19:40.000Z,0.00057,0x14af12c11fa2fc702add3a5f65143bc1158871e4,sell,0xcbcc0f036ed4788f63fc0fee32873d6a7487b908,0xc354209af2f1e0786bf63eba46314cbc3f6a52b04492f2d0628e05f148cfca78
339,475.09722066,0.2945602768092,0xce6e959f2691d4cf8b162e70c5e64b696800ffe9,2017-08-20T11:05:56.000Z,0.00062,0xf71e48a86109f40405859ecefd78b4374e03f68d,sell,0xcbcc0f036ed4788f63fc0fee32873d6a7487b908,0x0b7dec8cd1da78bb380a4117189b37564a3a8ca6b35834ddf03e8415ad4baf41
340,400,0.24888,0xb0d2ce3e2bfbc1a47dbfe5b3eef5335284dfeb49,2017-08-20T11:04:17.000Z,0.0006222,0xf71e48a86109f40405859ecefd78b4374e03f68d,sell,0xcbcc0f036ed4788f63fc0fee32873d6a7487b908,0x12f48d9fca7fd7490859ab985edf2e4b56bf3e154754bafecf34374416031927
341,5.686,0.0040433146,0xb0d2ce3e2bfbc1a47dbfe5b3eef5335284dfeb49,2017-08-20T11:04:17.000Z,0.0007111,0xf71e48a86109f40405859ecefd78b4374e03f68d,sell,0xcbcc0f036ed4788f63fc0fee32873d6a7487b908,0x537b6e0d5a28d0e7152d21ca5f408a78a4b001b6d5ac4b7987ba74febd6f6439
342,194.31366319,0.138176445894409,0xb0d2ce3e2bfbc1a47dbfe5b3eef5335284dfeb49,2017-08-20T11:01:51.000Z,0.0007111,0x669f0ab96fd3beb68bc836bb874894bbb516331a,sell,0xcbcc0f036ed4788f63fc0fee32873d6a7487b908,0x4c88fbe5093149ad79f5b40d36bc026414afb37b79fa70b6a2b88a041259a771
343,1328.515,0.9299605,0x63a012397d83eb74847da2d6978bcff90770f54f,2017-08-20T11:00:15.000Z,0.0007,0x669f0ab96fd3beb68bc836bb874894bbb516331a,sell,0xcbcc0f036ed4788f63fc0fee32873d6a7487b908,0x5627bd503d1c4a88f456c6f2e6b853bf68acacfe1e5a1b3d6754b713235a9455
344,2155.8054504,1.50906381528,0x63a012397d83eb74847da2d6978bcff90770f54f,2017-08-20T10:51:43.000Z,0.0007,0x669f0ab96fd3beb68bc836bb874894bbb516331a,sell,0xcbcc0f036ed4788f63fc0fee32873d6a7487b908,0xf43316b2cc82ad27443049d68128693c30ab913519f49e6ef994420cefe71547
345,1734.47285872,1.214131001104,0x63a012397d83eb74847da2d6978bcff90770f54f,2017-08-20T10:41:02.000Z,0.0007,0x669f0ab96fd3beb68bc836bb874894bbb516331a,sell,0xcbcc0f036ed4788f63fc0fee32873d6a7487b908,0x4f1bf504cfdbfc6b2b482a472b863f485eb83ef46fd5ded9f831ad1db8b63c00
346,1300,0.988,0xaf43030082aa1a93350eec81c42ae48f417d6da6,2017-08-20T10:32:03.000Z,0.00076,0x3d01b31cf2cd9bff5981b0257600384619fe65ab,buy,0xcbcc0f036ed4788f63fc0fee32873d6a7487b908,0xcb45c083b2846dcedac91a918669372226943000ac1c9de3854fd372b93c6b28
347,1981.20644991,1.386844514937,0x63a012397d83eb74847da2d6978bcff90770f54f,2017-08-20T10:26:57.000Z,0.0007,0x669f0ab96fd3beb68bc836bb874894bbb516331a,sell,0xcbcc0f036ed4788f63fc0fee32873d6a7487b908,0xfb8c0034a89496077d1ca0192e5cf5a87fb61c48772687edbb3df377eab9d7e1
348,158.71849896,0.12062605921642906,0x409912f1883cf31b14716adef03fa05c344d4328,2017-08-20T10:21:40.000Z,0.0007600000000430263,0x3d01b31cf2cd9bff5981b0257600384619fe65ab,buy,0xcbcc0f036ed4788f63fc0fee32873d6a7487b908,0x32c6ae634423f28cb5c3254cf3e70244266438a9391e2378974ca152c9086fd1
349,200,0.26666,0xe105d9a941406c426ee79972ce9798be7ad24345,2017-08-20T09:28:35.000Z,0.0013333,0xb0d2ce3e2bfbc1a47dbfe5b3eef5335284dfeb49,buy,0xcbcc0f036ed4788f63fc0fee32873d6a7487b908,0xfd6d49c58bf411dfe6af8399f33095803ec9b3b74d2e954e850658935d3c5c81
350,907.72712055,0.689872611623428,0x1b49687feed3f190f93fe2a059a1c843d4e98e40,2017-08-20T07:04:16.000Z,0.0007600000000059797,0x3d01b31cf2cd9bff5981b0257600384619fe65ab,buy,0xcbcc0f036ed4788f63fc0fee32873d6a7487b908,0x3104bc464a36e6fc86bcd62aa8998083b7e179506fd7a16dae5b3a1594bffc2f
351,90.77762891,0.06899099797742363,0x53138ba1a43d3edd18a8420997b9fb4eb816dea1,2017-08-20T05:37:17.000Z,0.0007600000000641526,0x3d01b31cf2cd9bff5981b0257600384619fe65ab,buy,0xcbcc0f036ed4788f63fc0fee32873d6a7487b908,0x9a5c9424ec421658120d9966663b8ea3c8e56661f8a521ad1da7de1e15655390
352,195,0.1482,0x11032d1d3e8a653d3f10e2339a7efc751aca1b18,2017-08-20T04:10:33.000Z,0.00076,0x3d01b31cf2cd9bff5981b0257600384619fe65ab,buy,0xcbcc0f036ed4788f63fc0fee32873d6a7487b908,0xfa5579ab342ecd7b767abe832e521ea6c1ba6338a62b5601a1d216c208701ce8
353,105.65068756,0.07923801567341855,0x11032d1d3e8a653d3f10e2339a7efc751aca1b18,2017-08-20T04:08:22.000Z,0.0007500000000323572,0xce6e959f2691d4cf8b162e70c5e64b696800ffe9,buy,0xcbcc0f036ed4788f63fc0fee32873d6a7487b908,0x14522888cd94d75dafa252818823ac07ed4e8747da66277cbabd0a100e174536
354,138.34931243,0.10376198432658144,0x93e4c75ff6e0c7bc4bcfc7ca2f19e6733d6009eb,2017-08-20T03:46:45.000Z,0.000750000000029501,0xce6e959f2691d4cf8b162e70c5e64b696800ffe9,buy,0xcbcc0f036ed4788f63fc0fee32873d6a7487b908,0xa25890673c2a5a9607af5883e73472f3f422386cd585f3bbcec47178c5678081
355,300,0.225,0xcc3ecc32ca6e64fb02674de621e6727bc5358f8a,2017-08-19T22:39:41.000Z,0.00075,0xce6e959f2691d4cf8b162e70c5e64b696800ffe9,buy,0xcbcc0f036ed4788f63fc0fee32873d6a7487b908,0x168e508583071f7af3f9e16db53ebe1659dd8ad7adfb45d18905bcceb47fdc4e
356,300.224,0.225168,0xcc3ecc32ca6e64fb02674de621e6727bc5358f8a,2017-08-19T22:37:19.000Z,0.00075,0xce6e959f2691d4cf8b162e70c5e64b696800ffe9,buy,0xcbcc0f036ed4788f63fc0fee32873d6a7487b908,0x2e4370e05bb927b7649dd7abc260808a4af34250c68e9b4c542753b555f5d21e
357,16,0.012,0x4e68b33241858b3e4718af994e94ae11fbdc9b2d,2017-08-19T22:35:13.000Z,0.00075,0xce6e959f2691d4cf8b162e70c5e64b696800ffe9,buy,0xcbcc0f036ed4788f63fc0fee32873d6a7487b908,0x2fa5117d26beb0e74551ce45036af96b68998ca287e8a8b56f6cc5eb32778144
358,0.00038968,0.0000003000536,0x3d566eecbf492b5565d8e7a0bf950bf084116aa9,2017-08-19T18:42:33.000Z,0.00077,0x3d01b31cf2cd9bff5981b0257600384619fe65ab,sell,0xcbcc0f036ed4788f63fc0fee32873d6a7487b908,0x99d4f5932203c6bd9ee77f47b34575d48932161ba58f14753c1185c365beae72
359,389.61,0.2999997,0x3d566eecbf492b5565d8e7a0bf950bf084116aa9,2017-08-19T18:40:30.000Z,0.00077,0x3d01b31cf2cd9bff5981b0257600384619fe65ab,sell,0xcbcc0f036ed4788f63fc0fee32873d6a7487b908,0x89b0f29b8e967e334e1a2e98f8dccff66edbabe646e09423020a7676e1da3ee1
360,124.22211249,0.09440880549314529,0xb855512184923b9edb4e9a3cf780d1329fdcd606,2017-08-19T12:57:30.000Z,0.0007600000000059996,0xce6e959f2691d4cf8b162e70c5e64b696800ffe9,buy,0xcbcc0f036ed4788f63fc0fee32873d6a7487b908,0x31df7d6d09db63997f3e770a8d045a74f2558f70ccde2fcf23835873176ce3f4
361,16.99730834,0.00921254112028,0x3349b88ed560bc33afac96e0c38c8c43fd77d7f1,2017-08-19T06:05:27.000Z,0.000542,0xf732b16f5aee6cd2db5b30a7a3860764a48b19ff,sell,0xcbcc0f036ed4788f63fc0fee32873d6a7487b908,0x6d6890eb82bd0f6f7f2aca862463af890de06fea94bca2c5ab917acf52d322d5
362,480,0.2688,0xce6e959f2691d4cf8b162e70c5e64b696800ffe9,2017-08-19T06:04:15.000Z,0.00056,0xf732b16f5aee6cd2db5b30a7a3860764a48b19ff,sell,0xcbcc0f036ed4788f63fc0fee32873d6a7487b908,0x63bd02fa52016c739f8d9bcfffb55498fbfa8bade67aa61ff57dab6195ec17ee
363,500,0.281,0xce6e959f2691d4cf8b162e70c5e64b696800ffe9,2017-08-19T06:02:04.000Z,0.000562,0xf732b16f5aee6cd2db5b30a7a3860764a48b19ff,sell,0xcbcc0f036ed4788f63fc0fee32873d6a7487b908,0x77372d29ebfe51eaae2bcf987d111fd1389e8428fabccc14d316a1da48b1b5a8
364,455,0.35945,0x11032d1d3e8a653d3f10e2339a7efc751aca1b18,2017-08-19T04:39:44.000Z,0.00079,0xce6e959f2691d4cf8b162e70c5e64b696800ffe9,buy,0xcbcc0f036ed4788f63fc0fee32873d6a7487b908,0x7bc7823b4dcd077f9d98bf1f5378ffe47d356c1664997ea2991897ac17c35397
365,251.759,0.18881925,0x11032d1d3e8a653d3f10e2339a7efc751aca1b18,2017-08-19T04:35:03.000Z,0.00075,0xce6e959f2691d4cf8b162e70c5e64b696800ffe9,buy,0xcbcc0f036ed4788f63fc0fee32873d6a7487b908,0x969253310500bf191e25d419073ec70f5b8e743966d7d1720f84431ebd74c78a
366,710.80045442,0.38525384629564,0x3349b88ed560bc33afac96e0c38c8c43fd77d7f1,2017-08-19T02:48:43.000Z,0.000542,0xf71e48a86109f40405859ecefd78b4374e03f68d,sell,0xcbcc0f036ed4788f63fc0fee32873d6a7487b908,0x6f100704da650513a09857854d51dd0cd0c3323855fe5ecdc27fb62ec68edcf8
367,669.35816559,0.36279212574978,0x3349b88ed560bc33afac96e0c38c8c43fd77d7f1,2017-08-19T01:52:51.000Z,0.000542,0xf71e48a86109f40405859ecefd78b4374e03f68d,sell,0xcbcc0f036ed4788f63fc0fee32873d6a7487b908,0x93d67fa221cd1f383cebf255a26b01a2b163c3cfee78f6b151ee2deb6cdeac48
368,1251.21257534,0.67815721583428,0x3349b88ed560bc33afac96e0c38c8c43fd77d7f1,2017-08-19T01:34:55.000Z,0.000542,0xf08a705f554050e400a7a47ba626783f8af42fa1,sell,0xcbcc0f036ed4788f63fc0fee32873d6a7487b908,0xf9ea9c9c5eebc9969b2a89c8772a4fe279547472f362ecc82a4aff3bb2cabc28
369,379.62476524,0.2066715184443084,0x81a55cff4bcf51fb67b4ac508f9ecb7f958227f2,2017-08-19T01:32:23.000Z,0.00054441,0xf08a705f554050e400a7a47ba626783f8af42fa1,sell,0xcbcc0f036ed4788f63fc0fee32873d6a7487b908,0xdf09935150d6079076708bcb83b8787e653c4e69b3c6b5b6781a9a463e8c8857
370,400,0.21776,0xb0d2ce3e2bfbc1a47dbfe5b3eef5335284dfeb49,2017-08-19T01:32:23.000Z,0.0005444,0xf08a705f554050e400a7a47ba626783f8af42fa1,sell,0xcbcc0f036ed4788f63fc0fee32873d6a7487b908,0x1b1cf46fec0be9198da68217308d22095382bf257ced89d33c9bc14e042c3d80
371,147.0217587,0.082342476395109,0xff3e172375edafcceac3bb3acca29a67c9c3471b,2017-08-19T01:32:23.000Z,0.00056007,0xf08a705f554050e400a7a47ba626783f8af42fa1,sell,0xcbcc0f036ed4788f63fc0fee32873d6a7487b908,0x956d759c4a136ccaa31a1a93e67e95dc724a836d5d276a7de3ad558d29c5259b
372,477.9782413,0.267701273604891,0xff3e172375edafcceac3bb3acca29a67c9c3471b,2017-08-19T00:22:17.000Z,0.00056007,0xf08a705f554050e400a7a47ba626783f8af42fa1,sell,0xcbcc0f036ed4788f63fc0fee32873d6a7487b908,0x973b9edb5c804d6485a3a4b12fb51f4f425c6a2dcfffafa91e285d3413413b48
373,180,0.108,0xce6e959f2691d4cf8b162e70c5e64b696800ffe9,2017-08-19T00:19:14.000Z,0.0006,0xf08a705f554050e400a7a47ba626783f8af42fa1,sell,0xcbcc0f036ed4788f63fc0fee32873d6a7487b908,0x7d2a2bed1e798480f6f3c6f628f9b85cb8eb0bea37edef7052633ccc1aa0d825
374,71.75898084,0.0401850292704,0xce6e959f2691d4cf8b162e70c5e64b696800ffe9,2017-08-18T20:16:09.000Z,0.00056,0xf71e48a86109f40405859ecefd78b4374e03f68d,sell,0xcbcc0f036ed4788f63fc0fee32873d6a7487b908,0xc83487439960fe0a9694074fa73b0a41993f2f183d125f2caeb0673971019a5e
375,480.58867269,0.2739355434333,0x64ed404aae3327197583ba9a38e4e57b066bb453,2017-08-18T20:11:00.000Z,0.00057,0xf71e48a86109f40405859ecefd78b4374e03f68d,sell,0xcbcc0f036ed4788f63fc0fee32873d6a7487b908,0xd6170bc62bc0398e276c93da00d978468cb19bc3dbcc126eba4ef18d5be640f6
376,519.41132731,0.2960644565667,0x64ed404aae3327197583ba9a38e4e57b066bb453,2017-08-18T19:10:02.000Z,0.00057,0xf71e48a86109f40405859ecefd78b4374e03f68d,sell,0xcbcc0f036ed4788f63fc0fee32873d6a7487b908,0xee8d213ca43948cf51e1b1912bc72744de44e64c3be9d4ee0397dd6d3f216194
377,40.53420234,0.03202201984966135,0x3f7789ed9034beeb164eb332913888bb8a0bd030,2017-08-18T16:08:04.000Z,0.0007900000000261839,0xce6e959f2691d4cf8b162e70c5e64b696800ffe9,buy,0xcbcc0f036ed4788f63fc0fee32873d6a7487b908,0x7074464f8962413f49a62fba96d058e0ba853fa60aae637d41527a681b169282
378,2120.37523476,1.1543534815556915,0x81a55cff4bcf51fb67b4ac508f9ecb7f958227f2,2017-08-18T11:21:29.000Z,0.00054441,0x097501c95264ad3204159efaefdc5820783dbeae,sell,0xcbcc0f036ed4788f63fc0fee32873d6a7487b908,0x8b8937b0434243818271c5b55ab91a31482c931ce0143d03631f5078ad4f4ccc
379,976.074,0.54660144,0x56a74ca64241024f78ca72642716e2eb7a863cb6,2017-08-18T11:19:19.000Z,0.00056,0x097501c95264ad3204159efaefdc5820783dbeae,sell,0xcbcc0f036ed4788f63fc0fee32873d6a7487b908,0xd7263a5ec86b2085aee393cc95c2965829cac27b80b9f47313fc489c2a7dd0d6
380,399.8,0.25987,0xce6e959f2691d4cf8b162e70c5e64b696800ffe9,2017-08-18T11:17:27.000Z,0.00065,0x097501c95264ad3204159efaefdc5820783dbeae,sell,0xcbcc0f036ed4788f63fc0fee32873d6a7487b908,0xc39d008b435a37c47e336a13ea37c7516d56381e21cd8526ab2fbfe3de8f7e3e
