,amount,amountBase,buyer,date,price,seller,side,tokenAddr,txHash
0,2.517,0.00465672687,0x4ff2428c439e3623c9924ae520f16e459d1e6d99,2017-11-02T12:32:02.000Z,0.00185011,0x003ba7fcee6069f60e208c7b2b2e06cd029d8059,sell,0x56ba2ee7890461f463f7be02aac3099f6d5811a8,0xf97e5c5190a44d8ac0bf07d82a82ea4c66e29f3aea35a7822144022dffdbde52
1,12.730299604592377,0.024187569248725515,0xbf318bb2cdc8ea198d53d096ccea1d8de5d36afc,2017-11-02T12:29:36.000Z,0.0019,0x003ba7fcee6069f60e208c7b2b2e06cd029d8059,sell,0x56ba2ee7890461f463f7be02aac3099f6d5811a8,0x9585e86cf3f7340886bb8d149bf12542ce04c3610d08a3b98ec0d6a5f0af5a14
2,142,0.269942,0x287bb430d006914627be3a53b033d0d7b3c48ab8,2017-11-02T12:21:03.000Z,0.001901,0x003ba7fcee6069f60e208c7b2b2e06cd029d8059,sell,0x56ba2ee7890461f463f7be02aac3099f6d5811a8,0xb834f2a2ba5243cb969305b5f44f98b7f573bb7e0bc807762864cd6a5ee32a70
3,155,0.294655155,0xcdc95322054561dde9b80c2e5a22f8e09bcb80e7,2017-11-02T12:20:17.000Z,0.001901001,0x003ba7fcee6069f60e208c7b2b2e06cd029d8059,sell,0x56ba2ee7890461f463f7be02aac3099f6d5811a8,0xfa1344e97e5841661f7a5399332408f1d31a2bab21c2755f7eb550aae444fadc
4,34.723,0.06770985,0xbf318bb2cdc8ea198d53d096ccea1d8de5d36afc,2017-11-02T11:39:54.000Z,0.00195,0xe57f8364c4a07e8b586882c2337afc2c981b969e,sell,0x56ba2ee7890461f463f7be02aac3099f6d5811a8,0x6350f3aaacae23f490f08bbbb91ff79cc38680cc1c76aeeab48289086ddd4a22
5,1195.2769389516106,2.330790030955641,0xbf318bb2cdc8ea198d53d096ccea1d8de5d36afc,2017-11-02T11:21:58.000Z,0.00195,0xd692af32707a554ec0eb253a912a79dbe73ec06d,sell,0x56ba2ee7890461f463f7be02aac3099f6d5811a8,0xff14c331c82bdce8c6a800fef1e8c9d7e4b169f61607bf10801fcab40e441778
6,98.19559365965507,0.19148140763632737,0xbf318bb2cdc8ea198d53d096ccea1d8de5d36afc,2017-11-02T10:29:27.000Z,0.00195,0x656c42de1032536a62679e45ec396f68e2b84362,sell,0x56ba2ee7890461f463f7be02aac3099f6d5811a8,0x154f76e45cec8177db929d6f60bcc7b25ef52ef2098f61588353ff26dbcb460b
7,500,0.975005,0x4ff2428c439e3623c9924ae520f16e459d1e6d99,2017-11-02T10:26:47.000Z,0.00195001,0x656c42de1032536a62679e45ec396f68e2b84362,sell,0x56ba2ee7890461f463f7be02aac3099f6d5811a8,0xcbbfee40bd7506bd993205279dfa0c30620240b38c498137162d00d6bbc1e9a2
8,0.008663075448779482,0.000016899061277934,0x67c5cc9e50b6b4fda46589bf0d1aa3bcde3d74d8,2017-11-02T09:10:37.000Z,0.0019506999999999843,0xc89775051f35c7e6413e89a691ed64596cc7c859,sell,0x56ba2ee7890461f463f7be02aac3099f6d5811a8,0x3014e79b72e88691229ac5ac4e311dbfab6727e9dba8fce444a9dc579acac6ea
9,86.89930982670698,0.1695144836789573,0x67c5cc9e50b6b4fda46589bf0d1aa3bcde3d74d8,2017-11-02T09:08:40.000Z,0.0019507,0xc89775051f35c7e6413e89a691ed64596cc7c859,sell,0x56ba2ee7890461f463f7be02aac3099f6d5811a8,0xca1d399550cb51b9e5cfc2ad3104d1be335207d2f9052a3453627726fdb77a0f
10,0.2512564076665365,0.0005,0x3075f7f189912f4f425dd7021b9c396434197477,2017-11-02T08:39:39.000Z,0.001989999,0xed7f4d43a68a1353004159aa48fcf79e23b5b75f,buy,0x56ba2ee7890461f463f7be02aac3099f6d5811a8,0x3f48e10fb1ab5de812194e60904b4cabe632f35e0ad3a4c9dcecab93bd6a9573
11,0.2512564076665365,0.0005,0x4fda9e6bcd83af6c5cc771b5d20accc2b7720074,2017-11-02T08:37:18.000Z,0.001989999,0xed7f4d43a68a1353004159aa48fcf79e23b5b75f,buy,0x56ba2ee7890461f463f7be02aac3099f6d5811a8,0xefd69a8f4d39df703f9a2dc95d9f992c3f10d4bf3586143b8524e18b5b33fa34
12,423.68657162795336,0.8264434503040574,0xed7f4d43a68a1353004159aa48fcf79e23b5b75f,2017-11-02T07:11:00.000Z,0.001950601,0x24d528b8530db22c0949f28fbbbd3c1cce771633,sell,0x56ba2ee7890461f463f7be02aac3099f6d5811a8,0xd65fadf25de9b199ba2c9615c4273338dde3a137f76cbf98075327df24a764dd
13,199.88934303658658,0.38990435241650884,0xed7f4d43a68a1353004159aa48fcf79e23b5b75f,2017-11-02T07:09:11.000Z,0.001950601,0x0c4a1d04c581bc7659b3f11bf261e716debc6e9f,sell,0x56ba2ee7890461f463f7be02aac3099f6d5811a8,0x767a5ad32928e9ccff602ca16f650b193d77deffe0b47202779ec2e1e9a2f237
14,199.3819905125886,0.3889147100758459,0xed7f4d43a68a1353004159aa48fcf79e23b5b75f,2017-11-02T06:28:07.000Z,0.001950601,0x380eac4be24c66bd5f5e88f24d85690e83003325,sell,0x56ba2ee7890461f463f7be02aac3099f6d5811a8,0x601845ceb98281026805380dbc7480acf1678dca6f6ca51d34a9bf12b70fc1cd
15,1000,1.989999,0x5532655d5177bf9a57b3711ad3c5645eec9cd536,2017-11-02T05:15:40.000Z,0.001989999,0xed7f4d43a68a1353004159aa48fcf79e23b5b75f,buy,0x56ba2ee7890461f463f7be02aac3099f6d5811a8,0xfc9e8ee7a7cca327e7e2d61d2c67c6a0a9d4079a28c8bec46f4e2d0e3f0dee2e
16,1362.3965706409263,2.6574907506921908,0x4ff2428c439e3623c9924ae520f16e459d1e6d99,2017-11-02T04:55:27.000Z,0.0019506,0x3045d01fb05db35c2aae1280168cffa950a9cf26,sell,0x56ba2ee7890461f463f7be02aac3099f6d5811a8,0x8dcd5e666d8839423177e25f1e318a3ca413e98e66e3ee472078acd3d7a67809
17,99,0.1931094,0x4ff2428c439e3623c9924ae520f16e459d1e6d99,2017-11-02T04:32:47.000Z,0.0019506,0x0c4a1d04c581bc7659b3f11bf261e716debc6e9f,sell,0x56ba2ee7890461f463f7be02aac3099f6d5811a8,0xee398b1467f2ed04317caeee60b505291afffd101fd046c193fd0b5b6d75d634
18,218,0.4252308,0x4ff2428c439e3623c9924ae520f16e459d1e6d99,2017-11-02T04:31:31.000Z,0.0019506,0x0c4a1d04c581bc7659b3f11bf261e716debc6e9f,sell,0x56ba2ee7890461f463f7be02aac3099f6d5811a8,0xd24c5b2d3e7c29347c559b2d8b527ef8688eb3b141c2573cb21f5b75145f0001
19,345.92762436447015,0.674731831322899,0x009a12d4290630bc01fd82516ac57c1dc6a9bcfb,2017-11-02T04:02:55.000Z,0.0019505,0x0c6ead592dd190072e898e807f2fc68e98bcd8be,sell,0x56ba2ee7890461f463f7be02aac3099f6d5811a8,0xf55b6ea49fbddabd65361ce08c04b8e441ce300db668eaba8fa8c9706ea498eb
20,1000,1.950002,0xed7f4d43a68a1353004159aa48fcf79e23b5b75f,2017-11-02T03:09:30.000Z,0.001950002,0x0c6ead592dd190072e898e807f2fc68e98bcd8be,sell,0x56ba2ee7890461f463f7be02aac3099f6d5811a8,0x6cfd461bc84e8db139e2b9a793806444dac142b7237fae5567083b260f2a572f
21,119.629149636128,0.23327696141959925,0x67c5cc9e50b6b4fda46589bf0d1aa3bcde3d74d8,2017-11-02T02:13:01.000Z,0.001950001,0x47a95ec0ed7baae240459f2e541043abfc5982fc,sell,0x56ba2ee7890461f463f7be02aac3099f6d5811a8,0x32a166a71fdd2f2a4997e5b3ce82711c840a6266cd80d657f2eb95f3a529716d
22,180,0.36,0x6d3fe524679f622eae8c537aa30cf332bb197df8,2017-11-02T01:14:20.000Z,0.002,0x0c4a1d04c581bc7659b3f11bf261e716debc6e9f,sell,0x56ba2ee7890461f463f7be02aac3099f6d5811a8,0xaf3e0d16cd7e782b038416de18bc00f1586a1dd3cd9f93de92127a63569aadb3
23,61.26806898614296,0.11947279579104775,0x67c5cc9e50b6b4fda46589bf0d1aa3bcde3d74d8,2017-11-01T23:04:45.000Z,0.001950001,0x9160a5723aeed4e91a435cb52ad936298f15d425,sell,0x56ba2ee7890461f463f7be02aac3099f6d5811a8,0x7ceb3233f86867e734b24dcc6ae8f90f1db9e85c317fb4b46723cbcbc5201a05
24,45.87060113647692,0.08715414215930616,0xbf318bb2cdc8ea198d53d096ccea1d8de5d36afc,2017-11-01T20:59:24.000Z,0.0019,0x779c54bf4b41cb62c3f67b74d439918d18d6462d,sell,0x56ba2ee7890461f463f7be02aac3099f6d5811a8,0xebc86bf917e63538ee8446e85d05b473267f5940486a69e6e87c916676eb979f
25,6.427,0.011889982135,0x8198ddaeaba0775a1e7bcd3cf87c57b5eaf65958,2017-11-01T19:39:45.000Z,0.001850005,0xf5c1aa3d6525b335673897a1407f247886bd5f72,sell,0x56ba2ee7890461f463f7be02aac3099f6d5811a8,0x66172b55c3c7f94076c5c02fc505d6f66b2d674dca14102a974d273487377915
26,26.517794836008374,0.049058,0x8198ddaeaba0775a1e7bcd3cf87c57b5eaf65958,2017-11-01T18:56:13.000Z,0.001850003,0x3eaee5a61acd75d3af93cfea4a1361987c8fc97e,sell,0x56ba2ee7890461f463f7be02aac3099f6d5811a8,0xf6d0b82312caad80c30a834208cf37f521e455b8f7d1caa14b620b7314f91fd3
27,29.063384862248302,0.061033108210721436,0x1d5321e125f6c7079a716705541c7b371ca79e69,2017-11-01T18:41:41.000Z,0.0021,0xc11f32a3d45a3dc54b34234dd2b9f46292e69c02,buy,0x56ba2ee7890461f463f7be02aac3099f6d5811a8,0x46f3e7766f147975147ddb5ecce725d82f1882487e4e56b7aa26197c16d96840
28,28.97645549576102,0.062299379315886194,0xcdc95322054561dde9b80c2e5a22f8e09bcb80e7,2017-11-01T18:41:41.000Z,0.00215,0x1d5321e125f6c7079a716705541c7b371ca79e69,sell,0x56ba2ee7890461f463f7be02aac3099f6d5811a8,0x46f3e7766f147975147ddb5ecce725d82f1882487e4e56b7aa26197c16d96840
29,39.87638321204267,0.07377130894227893,0x5532655d5177bf9a57b3711ad3c5645eec9cd536,2017-11-01T17:21:47.000Z,0.00185,0x3ab9e5252a79123adcb3ee2f35ad64c3ea8c5bf3,sell,0x56ba2ee7890461f463f7be02aac3099f6d5811a8,0x82302ce9c2d14ea71f624111700fb5f52c08bb3143cb66f4dea910e0b67c1170
30,39.87638321204267,0.07377130894227893,0x5532655d5177bf9a57b3711ad3c5645eec9cd536,2017-11-01T17:21:15.000Z,0.00185,0x3ab9e5252a79123adcb3ee2f35ad64c3ea8c5bf3,sell,0x56ba2ee7890461f463f7be02aac3099f6d5811a8,0x82302ce9c2d14ea71f624111700fb5f52c08bb3143cb66f4dea910e0b67c1170
31,76.76203768318213,0.14200984647592463,0x8198ddaeaba0775a1e7bcd3cf87c57b5eaf65958,2017-11-01T17:14:23.000Z,0.001850001,0xf1fa5fdde239831b7dc811add739a121c96b1440,sell,0x56ba2ee7890461f463f7be02aac3099f6d5811a8,0x67672bc1c969f9da698680cdb27953360481dea8e6799ad0c485053852af54a3
32,239.07885554780182,0.4327332066992324,0x3899e2ab665ba12aea4ed526fed05a3de615d69c,2017-11-01T16:10:32.000Z,0.001810002,0x5750c3507f0a9645bdc388e49c5dbe6ad9453076,sell,0x56ba2ee7890461f463f7be02aac3099f6d5811a8,0x8db62830380c943fd42d93d9562c2fa6e76770a366eb3658c85b6bcd243e289f
33,60,0.11100012,0xc11f32a3d45a3dc54b34234dd2b9f46292e69c02,2017-11-01T16:08:02.000Z,0.001850002,0x5750c3507f0a9645bdc388e49c5dbe6ad9453076,sell,0x56ba2ee7890461f463f7be02aac3099f6d5811a8,0xcf9f4bfa869d37c74b69345108a168ed5bb8eb588a89535b69f4d850b7410f34
34,68.793,0.127267118793,0x8198ddaeaba0775a1e7bcd3cf87c57b5eaf65958,2017-11-01T15:10:49.000Z,0.001850001,0x273a5d3e6721b9f5c1a6474f560c1334c63dda01,sell,0x56ba2ee7890461f463f7be02aac3099f6d5811a8,0x32b7829a9338ef89585c27208fa618d683cfd32cc3c6342d8ae08f02a175f61e
35,69,0.12489,0x273a5d3e6721b9f5c1a6474f560c1334c63dda01,2017-11-01T15:10:49.000Z,0.00181,0xf9d7048ca90369e1b78edb9163f45dd162c8402b,buy,0x56ba2ee7890461f463f7be02aac3099f6d5811a8,0x32b7829a9338ef89585c27208fa618d683cfd32cc3c6342d8ae08f02a175f61e
36,48.33018030842289,0.08747762635824542,0x009a12d4290630bc01fd82516ac57c1dc6a9bcfb,2017-11-01T14:00:27.000Z,0.00181,0x5213eb52f6c58d7fc99bce3a762325f6ea499135,sell,0x56ba2ee7890461f463f7be02aac3099f6d5811a8,0x710eb6650850279d30f8db8e153f2f87f6df1d9d6300ddf0bae68db1b936750a
37,400,0.74,0x0006e4548aed4502ec8c844567840ce6ef1013f5,2017-11-01T13:59:16.000Z,0.00185,0x5213eb52f6c58d7fc99bce3a762325f6ea499135,sell,0x56ba2ee7890461f463f7be02aac3099f6d5811a8,0x8baf91d819980bf4389e0d46aa930dca427ebb37a058c4cba8a2e768bb5d1c87
38,550,1.0505,0x3899e2ab665ba12aea4ed526fed05a3de615d69c,2017-11-01T13:58:59.000Z,0.00191,0x5213eb52f6c58d7fc99bce3a762325f6ea499135,sell,0x56ba2ee7890461f463f7be02aac3099f6d5811a8,0x71cdf7c7c3c9aecd155bed204c23304675638fc5e5da924d832b161ad4f7e5c9
39,699,1.31412,0x0c4a1d04c581bc7659b3f11bf261e716debc6e9f,2017-11-01T13:57:47.000Z,0.00188,0x5213eb52f6c58d7fc99bce3a762325f6ea499135,sell,0x56ba2ee7890461f463f7be02aac3099f6d5811a8,0xdd320e89f0a1b151857d5e83c61c483822db0c1d8486a11ab7310e3e61f00e86
40,62.5,0.121875,0xc9c8e93d0a6e11aad06650e79ad535e8beeb9fb4,2017-11-01T13:57:47.000Z,0.00195,0x5213eb52f6c58d7fc99bce3a762325f6ea499135,sell,0x56ba2ee7890461f463f7be02aac3099f6d5811a8,0xfce1ac2c10833f821276018deb55fc44a31ce66426fc198aefdc77fd8c57913a
41,260,0.5018,0xa708496244c6b9648ea1680ff14f3e7d82280690,2017-11-01T13:57:47.000Z,0.00193,0x5213eb52f6c58d7fc99bce3a762325f6ea499135,sell,0x56ba2ee7890461f463f7be02aac3099f6d5811a8,0xe33a94fe3e4abe4def8d35fc6a4f8b1179e3360bfaacc77d589931da23549a76
42,310,0.62000031,0x24c6961d8a524d8170fd8976cd8923eecbe6a149,2017-11-01T13:57:31.000Z,0.002000001,0x5213eb52f6c58d7fc99bce3a762325f6ea499135,sell,0x56ba2ee7890461f463f7be02aac3099f6d5811a8,0x6fb827f9b13c5fa1be97b00dff6d36b7a8afc48c6526edbda8e9821343e302fb
43,864,1.728,0xe65b6eeafe34adb2e19e8b2ae9c517688771548e,2017-11-01T13:57:31.000Z,0.002,0x5213eb52f6c58d7fc99bce3a762325f6ea499135,sell,0x56ba2ee7890461f463f7be02aac3099f6d5811a8,0x43e35fe7d10b66bfaed619995de839d7599179cf0d331e58dc5c8710141d28c9
44,250,0.50000125,0x1804111464a198d8b0450bdbf7cb9fd65a903baf,2017-11-01T13:57:07.000Z,0.002000005,0x5213eb52f6c58d7fc99bce3a762325f6ea499135,sell,0x56ba2ee7890461f463f7be02aac3099f6d5811a8,0x16293b605090b9cfae3c48b33b1dfbe8ada9a315383d3f45bf6fad5aa24b4b19
45,1086.801,2.173602,0x005e2b5853720cf760387bb2fb25c2468091e4b1,2017-11-01T10:25:26.000Z,0.002,0x009a12d4290630bc01fd82516ac57c1dc6a9bcfb,sell,0x56ba2ee7890461f463f7be02aac3099f6d5811a8,0x38e405ad23f6e3e0873dc48457864c965630978574a0c26726f1e96d8a0220a9
46,0.041,0.000082,0x005e2b5853720cf760387bb2fb25c2468091e4b1,2017-11-01T08:08:41.000Z,0.002,0xee388e05afd6840ab385fd180c2363e986fce8a3,sell,0x56ba2ee7890461f463f7be02aac3099f6d5811a8,0xd4a6551e4a2fe384067b3b8b51040ab5e86debea65143aeba359b29d31be65a7
47,413.15774291389033,0.8263154858277807,0x005e2b5853720cf760387bb2fb25c2468091e4b1,2017-11-01T08:07:14.000Z,0.002,0xee388e05afd6840ab385fd180c2363e986fce8a3,sell,0x56ba2ee7890461f463f7be02aac3099f6d5811a8,0xa200c378985ef0de4a5508eb79cfd2f3f3aa00720730150354144388dd6c2168
48,32.3846033767247,0.06800766709112187,0xe0e8e77de471ebf9b4841725910c3273fe95b8eb,2017-11-01T08:05:50.000Z,0.0021,0xee388e05afd6840ab385fd180c2363e986fce8a3,sell,0x56ba2ee7890461f463f7be02aac3099f6d5811a8,0x2a840928e2ca415f0ffe36f8dc0390a39aa71a55a836f5b488a8068e0462cc73
49,62.89103778287309,0.13332900009969095,0xd3fe20b25156829c4859745e4fc978c838adcb02,2017-11-01T08:04:37.000Z,0.00212,0xee388e05afd6840ab385fd180c2363e986fce8a3,sell,0x56ba2ee7890461f463f7be02aac3099f6d5811a8,0xeb5d998d0bf67ec042e51b95c02c7476d69a19283631bad36e34611fdbd7223c
50,100,0.211,0xd3fe20b25156829c4859745e4fc978c838adcb02,2017-11-01T07:33:30.000Z,0.00211,0x39c122da4cca59f5a1caf9aafb8ab780656e6b50,sell,0x56ba2ee7890461f463f7be02aac3099f6d5811a8,0x7372ec98b17bb34d758bd8538ae5650f03da85a94a0969be9fdfcf36b9cbd0ab
51,37.10896221712691,0.07867099990030904,0xd3fe20b25156829c4859745e4fc978c838adcb02,2017-11-01T06:53:18.000Z,0.00212,0x59a3a66713cee707c48906ab0c1802239839d33a,sell,0x56ba2ee7890461f463f7be02aac3099f6d5811a8,0x78892b2d45d165474eb712513d5a0dbfd3bf7b58e341beb6feffc8f84a5dd533
52,3487.1124534654004,7.776260771227843,0x96eba5ade5d4d8a6a538fa10e483f4d5eccc0216,2017-11-01T06:47:10.000Z,0.00223,0x7f01a8b42a1243c705dbc74964125755833ef453,buy,0x56ba2ee7890461f463f7be02aac3099f6d5811a8,0x76cfa3785b75fa42477f5726f3736f37fc3093e027e16830f437f7de48c7d281
53,142.55806998305255,0.29937194696441033,0xe0e8e77de471ebf9b4841725910c3273fe95b8eb,2017-11-01T05:19:39.000Z,0.0021,0x04fa5c3869ded7d00f36f13597a2f46aee4c9220,sell,0x56ba2ee7890461f463f7be02aac3099f6d5811a8,0x83c2c6b97059a4d6d79665aec563c8d082388563d0ea64d2ec9d105820831fe6
54,200.4775196889642,0.42100279134682483,0xe0e8e77de471ebf9b4841725910c3273fe95b8eb,2017-11-01T02:47:24.000Z,0.0021,0xe53389b37c8817689756daa30ff7a004f572afdb,sell,0x56ba2ee7890461f463f7be02aac3099f6d5811a8,0x22d8ed58c73c802afae888182f991df2dc712272468681e4d13167224558f416
55,689,1.652911,0x190601df1d2e000ee87d604df8fc317d47c0cba0,2017-11-01T02:20:03.000Z,0.002399,0x0006e4548aed4502ec8c844567840ce6ef1013f5,buy,0x56ba2ee7890461f463f7be02aac3099f6d5811a8,0xa0ec99c7fd5bddf5ca6202e0178e23532628a9a7a2f6a508f28695cb3146d6d7
56,500,1.1994995,0x190601df1d2e000ee87d604df8fc317d47c0cba0,2017-11-01T02:16:12.000Z,0.002398999,0xed7f4d43a68a1353004159aa48fcf79e23b5b75f,buy,0x56ba2ee7890461f463f7be02aac3099f6d5811a8,0x9fb37f020093f4e3c82c04ddc00683ff6be15bdc13ad4c75fcb70e515ad91a4f
57,145,0.3335,0x190601df1d2e000ee87d604df8fc317d47c0cba0,2017-11-01T02:13:59.000Z,0.0023,0x19a195b92dc2f85ac6cfb077d35ce11d8b89fa06,buy,0x56ba2ee7890461f463f7be02aac3099f6d5811a8,0xc04d320e195083ddbe99171b5d33c0cc52dcf33e55fa65935c37f04d16d5a07b
58,56.096807075372254,0.12621781591958758,0x190601df1d2e000ee87d604df8fc317d47c0cba0,2017-11-01T02:09:56.000Z,0.00225,0x7e3d133519d9f83319315e058d622802f044b4e3,buy,0x56ba2ee7890461f463f7be02aac3099f6d5811a8,0xd15b253b818789c0005eb4980f629dad7b63140317472d0534c5f4a67befc169
59,328.980161499352,0.6908583391486393,0xe0e8e77de471ebf9b4841725910c3273fe95b8eb,2017-11-01T01:36:32.000Z,0.0021,0x4ad64328076e1220333a82a4e602b1aaddd215e3,sell,0x56ba2ee7890461f463f7be02aac3099f6d5811a8,0xf51eb5144f5db22f016e6b50ea10899bef422eaa6c30c01420130f6bf0ac7b01
60,110,0.230989,0x190601df1d2e000ee87d604df8fc317d47c0cba0,2017-11-01T01:34:29.000Z,0.0020999,0x1401a9ba5033026fc5a36b9a65b42a32a78649c7,buy,0x56ba2ee7890461f463f7be02aac3099f6d5811a8,0x63fb03c4452296cb22016241c942e77449a6747c0dc11e7a9ebd91ccdda7e57e
61,199.44411963201188,0.4188326512272249,0xe0e8e77de471ebf9b4841725910c3273fe95b8eb,2017-11-01T00:16:47.000Z,0.0021,0x14e942eab884e47a940768f4c7e5225089e51001,sell,0x56ba2ee7890461f463f7be02aac3099f6d5811a8,0x04cb9c76ce6c7d1dc52e062a36bb893d37cb6287e87533bfaabfc8eb52b8c14f
62,598.135779084837,1.2560851360781577,0xe0e8e77de471ebf9b4841725910c3273fe95b8eb,2017-11-01T00:13:13.000Z,0.0021,0xb00548770ea87482f024cd4292a975fea72e8f01,sell,0x56ba2ee7890461f463f7be02aac3099f6d5811a8,0xf110befa9e66131dd9daa0dd4d03bcfb04877a52f861733b2daafc9953ff319a
63,1345.8241535677641,2.8262307224923044,0xe0e8e77de471ebf9b4841725910c3273fe95b8eb,2017-10-31T22:41:41.000Z,0.0021,0xaf34a43c3b6e950f5e62660aaa637a220e36e460,sell,0x56ba2ee7890461f463f7be02aac3099f6d5811a8,0xa81c588bf01fc446ae6ffd292e36615211ce432e146a14752c798f49c3c46fad
64,49.845479015053336,0.104675505931612,0xe0e8e77de471ebf9b4841725910c3273fe95b8eb,2017-10-31T21:00:13.000Z,0.0021,0x527eee074b45bdc782075223df9d29aff1a64597,sell,0x56ba2ee7890461f463f7be02aac3099f6d5811a8,0xeeb7b25ebe6aa16bbd238bcac7c11ece395dd25e53c57d9cbc67b2d467a8cf92
65,106.20177449905293,0.22302372644801116,0xe0e8e77de471ebf9b4841725910c3273fe95b8eb,2017-10-31T19:51:04.000Z,0.0021,0xadaeab483608578c6287ae27b892f9e3bb0c8cfb,sell,0x56ba2ee7890461f463f7be02aac3099f6d5811a8,0xeaec340cc09d5019cdc0df73a40fc97117187e0474aaf5b250dcf4df4e187e94
66,488.48569434752267,1.0258199581297975,0xe0e8e77de471ebf9b4841725910c3273fe95b8eb,2017-10-31T18:37:35.000Z,0.0021,0xd3e0af2fd0be2b6148916ab295d365c8f6fea179,sell,0x56ba2ee7890461f463f7be02aac3099f6d5811a8,0xf1a51d56b6bf57c45fe55c521051b96b655b7de9080d06a42bed05fcb58b4de0
67,490,1.028951,0xd3e0af2fd0be2b6148916ab295d365c8f6fea179,2017-10-31T18:34:51.000Z,0.0020999,0x1401a9ba5033026fc5a36b9a65b42a32a78649c7,buy,0x56ba2ee7890461f463f7be02aac3099f6d5811a8,0xb1c49492079afb7a76b837a9963dfdc6aec4df1bf1bab366ea8f5dc7cef67c07
68,294.0883261888147,0.6175854849965108,0xe0e8e77de471ebf9b4841725910c3273fe95b8eb,2017-10-31T17:31:34.000Z,0.0021,0x9e13b2837c544694db97ad73445182ded131d2ad,sell,0x56ba2ee7890461f463f7be02aac3099f6d5811a8,0x66a563e8ee0c17c2026bedc38837c4cb06608ebf08093341273d2f48935dac8a
69,4787.047122184255,10.052798956586937,0xe0e8e77de471ebf9b4841725910c3273fe95b8eb,2017-10-31T16:38:17.000Z,0.0021,0x3cbe6e8ab4a15c2bff528436be62f55a81502f42,sell,0x56ba2ee7890461f463f7be02aac3099f6d5811a8,0x1413301972a3af159ab2f33979435396306c6493ebb5c7063da435420d8af022
70,785,1.727,0x5b2d7d6308eac9e326b9398baf8ba054b191783a,2017-10-31T16:29:20.000Z,0.0022,0x3cbe6e8ab4a15c2bff528436be62f55a81502f42,sell,0x56ba2ee7890461f463f7be02aac3099f6d5811a8,0x3db6c38e0948e254b88bb83e40811c99f2898c9bc53f45c860d3895aee463dbb
71,1426.5271969325947,2.9957071135584488,0xe0e8e77de471ebf9b4841725910c3273fe95b8eb,2017-10-31T16:13:00.000Z,0.0021,0xb52736956e326258c65fa33a2baccac25205d705,sell,0x56ba2ee7890461f463f7be02aac3099f6d5811a8,0x7b3b4037e6b4a4000925528d9726176c0e1636ff2a3e1462b586a7b2136fab4a
72,250,0.5000025,0x4dba08e2d4997ea7ffa5e5fd034519550f31005f,2017-10-31T14:11:41.000Z,0.00200001,0x70e6194ae475f682cee0fb3d174481b2e9616680,sell,0x56ba2ee7890461f463f7be02aac3099f6d5811a8,0x0a6553d0d5e40ab86e809b552d45a344ba8f555f667eb95899f242f79a53e4f2
73,1453.6686211486199,2.9073372422972397,0x3f1827827dd5cf78bb8c62d3e45d8f921196d325,2017-10-31T14:11:36.000Z,0.002,0x70e6194ae475f682cee0fb3d174481b2e9616680,sell,0x56ba2ee7890461f463f7be02aac3099f6d5811a8,0x261df9c71485fdd130651714f7d2823f4a1dc3d5b0e9eae1737fe08508a947d7
74,5000,10.025,0x009a12d4290630bc01fd82516ac57c1dc6a9bcfb,2017-10-31T14:10:45.000Z,0.002005,0x70e6194ae475f682cee0fb3d174481b2e9616680,sell,0x56ba2ee7890461f463f7be02aac3099f6d5811a8,0xf556ec48faaeab08fa4893eda347b313aaa25cb30026af3fada9a35d87d48d64
75,420,0.882,0xbee43e315be90b034c378894b16ec3eceb6818d0,2017-10-31T14:10:10.000Z,0.0021,0x70e6194ae475f682cee0fb3d174481b2e9616680,sell,0x56ba2ee7890461f463f7be02aac3099f6d5811a8,0xb6af9f995524fd0ed872b1bd9f69ca4a9c6aa091d9615564ce62b7e64ab02a11
76,346.33137885138024,0.6926627577027604,0x3f1827827dd5cf78bb8c62d3e45d8f921196d325,2017-10-31T11:56:22.000Z,0.002,0x95185f3e13f9930e9c2aafbd2e1cd7b58e4b622a,sell,0x56ba2ee7890461f463f7be02aac3099f6d5811a8,0xc33d5642a694c83d924108aef10cca224324baa9c37b9992f8d93615061d1717
77,4.087,0.00923662,0x000c1cac6fef87de3fb1e3b15bb1b5311020e1c3,2017-10-31T11:54:00.000Z,0.00226,0x95185f3e13f9930e9c2aafbd2e1cd7b58e4b622a,sell,0x56ba2ee7890461f463f7be02aac3099f6d5811a8,0x3df67fd2eac7fa90f32fd72a6907d3bc1edb4abe8641df1adda12bf95bbd8922
78,200,0.4,0x3f1827827dd5cf78bb8c62d3e45d8f921196d325,2017-10-31T11:54:00.000Z,0.002,0x95185f3e13f9930e9c2aafbd2e1cd7b58e4b622a,sell,0x56ba2ee7890461f463f7be02aac3099f6d5811a8,0x22c59befcd141bf01745f76f7cb9aec7f3a557f070ec901c78923c152eef3421
79,321.4387598444821,0.6445329293021633,0x3045d01fb05db35c2aae1280168cffa950a9cf26,2017-10-31T11:52:56.000Z,0.00200515,0x95185f3e13f9930e9c2aafbd2e1cd7b58e4b622a,sell,0x56ba2ee7890461f463f7be02aac3099f6d5811a8,0xa57b78eaab6448f62cb2c4132343c597962a0315afcf96e6dbb426143b3e1346
80,324,0.650916,0x2a3ac54431fe70441b8147c32c66ad675681656e,2017-10-31T11:52:54.000Z,0.002009,0x95185f3e13f9930e9c2aafbd2e1cd7b58e4b622a,sell,0x56ba2ee7890461f463f7be02aac3099f6d5811a8,0x5af054b30526391b04be5063c8ec041dfd4337dd8fa28ec60fece52fbbfceba9
81,1044.761240155518,2.094903000697837,0x3045d01fb05db35c2aae1280168cffa950a9cf26,2017-10-31T09:10:44.000Z,0.00200515,0xbd29e04ae135fdf24823c63ec07e148a5215995c,sell,0x56ba2ee7890461f463f7be02aac3099f6d5811a8,0xa89a2bcdc2fe713e84c59741bb8902e1cd82a8db6563cbf651cce6ef559fad5d
82,50.020935101186325,0.11129658060013957,0x492842125e4c3a7d10cda0e0291ea22788e4ad60,2017-10-31T09:06:09.000Z,0.002225,0x527e6009e17c7e85ca8c3912accd8f0e12b89e2b,sell,0x56ba2ee7890461f463f7be02aac3099f6d5811a8,0x8802b3efa4fe429c4feb7729f61a5bed08ceff628eb79c832371127fa4d5c18d
83,1198.9031929246278,2.6975321840804125,0xd692af32707a554ec0eb253a912a79dbe73ec06d,2017-10-31T06:44:40.000Z,0.00225,0x7e3d133519d9f83319315e058d622802f044b4e3,buy,0x56ba2ee7890461f463f7be02aac3099f6d5811a8,0xf3c4df3eb04f85bd01b80986f0470f36703c896ffea4a2b9be1ede857fa926dc
84,0.0370351197037192,0.000082958668136331,0xdddbf8158d94d2a6e4c5f9e1dc02ab2a0fadee51,2017-10-31T06:35:36.000Z,0.00224,0x48fb0d0f2a203ae587acc88032e4bda24097d5d5,buy,0x56ba2ee7890461f463f7be02aac3099f6d5811a8,0xbaabd734029c03c044e86e1a536a408082a59002b4cb24f57decb4f1c4eadc80
85,352.73762974816293,0.8959535795603338,0x711a95a08b9d03e0ced7c4cab0b465ce7bb557e0,2017-10-31T04:46:43.000Z,0.00254,0x573f117460813e30a00e46fb99dcbcaa73eb946f,buy,0x56ba2ee7890461f463f7be02aac3099f6d5811a8,0xe1737fb177bf546c5523ae7bd4814577e2a02ec0060d42d9c8dd2392673d111c
86,39.98762286860582,0.09996905717151454,0x711a95a08b9d03e0ced7c4cab0b465ce7bb557e0,2017-10-31T04:44:19.000Z,0.0025,0x1fb69492dcc763716b9990add464d009b10bf13e,buy,0x56ba2ee7890461f463f7be02aac3099f6d5811a8,0x293b42ef55da7d871d056fc4e527f2330a155fe6c144887f563a4575291cf7e9
87,0.1919539801849,0.000433815995217874,0x000c1cac6fef87de3fb1e3b15bb1b5311020e1c3,2017-10-31T04:03:18.000Z,0.00226,0xe444a40689f51f63bcd29910622035707d533d29,sell,0x56ba2ee7890461f463f7be02aac3099f6d5811a8,0xad8696b170672d4561a306ab48bf1fe7ea8c39422bce3abc34bb7e335703b72f
88,1430.6679926594647,3.204696303557201,0x1d5321e125f6c7079a716705541c7b371ca79e69,2017-10-31T01:35:18.000Z,0.00224,0x48fb0d0f2a203ae587acc88032e4bda24097d5d5,buy,0x56ba2ee7890461f463f7be02aac3099f6d5811a8,0xa5f7956a4de47a5adea48cb77cb855038fc82c2e8b6e953b48c4544cfaa66612
89,1426.3888261809218,3.2236387471688834,0x000c1cac6fef87de3fb1e3b15bb1b5311020e1c3,2017-10-31T01:35:18.000Z,0.00226,0x1d5321e125f6c7079a716705541c7b371ca79e69,sell,0x56ba2ee7890461f463f7be02aac3099f6d5811a8,0xa5f7956a4de47a5adea48cb77cb855038fc82c2e8b6e953b48c4544cfaa66612
90,119.39004468611664,0.26564284942660954,0x492842125e4c3a7d10cda0e0291ea22788e4ad60,2017-10-31T01:30:35.000Z,0.002225,0x9c5faed48240954efe9b5f666d1b6df1de3fa2ae,sell,0x56ba2ee7890461f463f7be02aac3099f6d5811a8,0x5998a8df21dcc1b15e3cda399501f037eccf189d7d6fa47e31291254a41b197a
91,423,0.95175,0x63c7dad3785a486e50d6527ec3c62a437cafaf0e,2017-10-31T01:28:41.000Z,0.00225,0x48fb0d0f2a203ae587acc88032e4bda24097d5d5,buy,0x56ba2ee7890461f463f7be02aac3099f6d5811a8,0xb031826b71a019619ac73f5d8f9c70cc6fc2c343213d90a488f3f36d1b9e0c88
92,775.4730335958528,1.7533445289602234,0x63c7dad3785a486e50d6527ec3c62a437cafaf0e,2017-10-31T00:30:26.000Z,0.002261,0x563da883073b260a75e325f32c86b22fc7b1cccc,sell,0x56ba2ee7890461f463f7be02aac3099f6d5811a8,0xb334a808a1298d58a872a4b6b87e738f1c21438ebfcf560c68f795bd6edb0bec
93,0.000000043730979821,0.000000000098875745,0x63c7dad3785a486e50d6527ec3c62a437cafaf0e,2017-10-30T23:33:05.000Z,0.002260999991418418,0x94c0ff95d626aad513a790f620a8865bf1ae0d67,sell,0x56ba2ee7890461f463f7be02aac3099f6d5811a8,0x2e746aa764ffe88621cde9764d2d40aaa42cb07f714b1a75b0106d7b944a06cb
94,0.000438665458581737,0.000000991822601853,0x63c7dad3785a486e50d6527ec3c62a437cafaf0e,2017-10-30T23:31:23.000Z,0.002260999999999299,0x94c0ff95d626aad513a790f620a8865bf1ae0d67,sell,0x56ba2ee7890461f463f7be02aac3099f6d5811a8,0x439b6e3111c7d249e9b23a883adf5e5a28e5bf1b063ae0be0ac4e683b205177e
95,362.279,0.81875054,0x668ef58a8edb28d24a2ec92b7cd37fb658a16217,2017-10-30T22:50:52.000Z,0.00226,0x19b2014c13fb196601a1c395c2817c4010198eb5,buy,0x56ba2ee7890461f463f7be02aac3099f6d5811a8,0xf0fb0760ab874ae2e4989296477d0aa60ace0a9dfd3dea1f20966bc2929a17a9
96,917.2061479491537,2.072885894365087,0x000c1cac6fef87de3fb1e3b15bb1b5311020e1c3,2017-10-30T22:43:34.000Z,0.00226,0x6fd623ab0dff084df49975986ad8af7c306bf8b8,sell,0x56ba2ee7890461f463f7be02aac3099f6d5811a8,0xed0712b1e5071235a2d6474384aec40e9b8c5b40c52d3b9a8acc52b19f7fbf9a
97,0.000000001311108849,0.000000000002963106,0x668ef58a8edb28d24a2ec92b7cd37fb658a16217,2017-10-30T22:43:34.000Z,0.0022600000009610184,0x19b2014c13fb196601a1c395c2817c4010198eb5,buy,0x56ba2ee7890461f463f7be02aac3099f6d5811a8,0x1df2f2e7e7c3821b1e38f5bf33ec326a8c0fc99f90905d109fe45786e9423be1
98,0.13192499815389602,0.000298150495827805,0x668ef58a8edb28d24a2ec92b7cd37fb658a16217,2017-10-30T22:38:58.000Z,0.00226,0x19b2014c13fb196601a1c395c2817c4010198eb5,buy,0x56ba2ee7890461f463f7be02aac3099f6d5811a8,0x59890f96675d4a9e68ee0076aa7bea2b329142a3835cfa578c9751228af23275
99,500,1.1375,0x000c1cac6fef87de3fb1e3b15bb1b5311020e1c3,2017-10-30T22:37:44.000Z,0.002275,0x3642337f3e5783803872921bbacf9f05b259c802,sell,0x56ba2ee7890461f463f7be02aac3099f6d5811a8,0xa26cadbb6476d55074788432c05d1df0bee47d16208e4bcc3b44c67d790a6f0e
100,500,1.13,0x3642337f3e5783803872921bbacf9f05b259c802,2017-10-30T22:37:09.000Z,0.00226,0x19b2014c13fb196601a1c395c2817c4010198eb5,buy,0x56ba2ee7890461f463f7be02aac3099f6d5811a8,0x48deee481249e63c9a3cd7f9e104d688c4adf7cba30ed62814f0e7a4779e7924
101,500,1.1375005,0xed7f4d43a68a1353004159aa48fcf79e23b5b75f,2017-10-30T22:36:46.000Z,0.002275001,0x3642337f3e5783803872921bbacf9f05b259c802,sell,0x56ba2ee7890461f463f7be02aac3099f6d5811a8,0x1f561df81bf3831d8a78e771903129de0aed11ba29e14132d1e5e07c74720ee6
102,248,0.564200248,0x37dd4e5111c436147b1ff6821983bcf81fb23352,2017-10-30T22:06:11.000Z,0.002275001,0x5ab6da6a1dee2b5415f3f8a19c9952aea1d66627,buy,0x56ba2ee7890461f463f7be02aac3099f6d5811a8,0xce174f32b8b416ed7b61832c4987ba720f5122654eaa6fcd0f46bc7abebe481b
103,0.01,0.000025,0x0c4085d8e714ca77ac5f46cd2b80a92d238a7cd3,2017-10-30T21:28:20.000Z,0.0025,0x1fb69492dcc763716b9990add464d009b10bf13e,buy,0x56ba2ee7890461f463f7be02aac3099f6d5811a8,0x233afe0b196876edf28ffbb18f3d27b1d946a8e4cfda7c7a2fe877621f01e3e3
104,247.4697710941656,0.5939274506259975,0x70efbe60529951adfb8ef692e0bcf7be8a7a7fd6,2017-10-30T21:12:34.000Z,0.0024,0xca9ce84a173bc70c64c7fff7193cffc3f6e70ce5,buy,0x56ba2ee7890461f463f7be02aac3099f6d5811a8,0x12b21192cca5e2e2fcc260e95156c79ad6925a09747d8a114ed4036e9f10f6e1
105,0.04794958422107667,0.000115079002130584,0x70efbe60529951adfb8ef692e0bcf7be8a7a7fd6,2017-10-30T21:10:53.000Z,0.0024000000000000002,0xca9ce84a173bc70c64c7fff7193cffc3f6e70ce5,buy,0x56ba2ee7890461f463f7be02aac3099f6d5811a8,0xe754ab67dbf0a8e3c26710289e72b5d46ae9a9ba60989916eb73b228dc73d1bd
106,480.9822793216133,1.154357470371872,0x70efbe60529951adfb8ef692e0bcf7be8a7a7fd6,2017-10-30T21:03:56.000Z,0.0024,0xca9ce84a173bc70c64c7fff7193cffc3f6e70ce5,buy,0x56ba2ee7890461f463f7be02aac3099f6d5811a8,0x3400b73f698565fbbc126b5c7b53f57a48bd79105f5f3ff9806210c7f06e324f
107,350,0.83999965,0x70efbe60529951adfb8ef692e0bcf7be8a7a7fd6,2017-10-30T21:02:58.000Z,0.002399999,0xed7f4d43a68a1353004159aa48fcf79e23b5b75f,buy,0x56ba2ee7890461f463f7be02aac3099f6d5811a8,0x33a1cda43bf3b02a5cdc8085e4337e7d10aefde1c550f71947244f5a411bd39a
108,50,0.115,0xdc89f0101aa9ad67854e05c4593a99532111f851,2017-10-30T20:33:45.000Z,0.0023,0x2808f0817a90eb096e76cb20a74e63a26274a472,sell,0x56ba2ee7890461f463f7be02aac3099f6d5811a8,0x67b382e0f3c6d39d65364c306db2b6048ed648e8ac3cf4868a29524151d77390
109,150,0.35999985,0x3f5a86104d20e0079c8758b805c84274f6f9a199,2017-10-30T19:53:47.000Z,0.002399999,0xed7f4d43a68a1353004159aa48fcf79e23b5b75f,buy,0x56ba2ee7890461f463f7be02aac3099f6d5811a8,0x90d5173a7190fef61793b08ff9e453cdbdb68b8731a7d44f2ddb9ae4687d84a1
110,124.999,0.29374765,0xd3fe20b25156829c4859745e4fc978c838adcb02,2017-10-30T19:51:41.000Z,0.00235,0x9ab0d78b1059c7c97a95ff69a9a281d37f6814b3,sell,0x56ba2ee7890461f463f7be02aac3099f6d5811a8,0x283e4f1241f3c0eab702ba38485a56faff719eb3e1b0732aacbad156502610c5
111,60.223702024491594,0.14219484531074938,0x5a4cfcf96fc479f6d053c2387fd07ea6365a84d4,2017-10-30T19:51:21.000Z,0.002361111,0x9ab0d78b1059c7c97a95ff69a9a281d37f6814b3,sell,0x56ba2ee7890461f463f7be02aac3099f6d5811a8,0x4ba9e5cbbff74ae3b5809ec0b09a35e0a77a2ce528f289f98b871219788cd623
112,51,0.120416661,0x7b663f5f0fd7c68d156d0426f6f940dd6ac308ca,2017-10-30T16:38:22.000Z,0.002361111,0x5682715f2d00eb75a5e123cf11cdc90a9c18b105,buy,0x56ba2ee7890461f463f7be02aac3099f6d5811a8,0x787619045630cd8cfeaa8ab878e2ca404736ed43d9baf46bc8916246257998db
113,124.999,0.29374765,0x7b663f5f0fd7c68d156d0426f6f940dd6ac308ca,2017-10-30T16:35:33.000Z,0.00235,0x5682715f2d00eb75a5e123cf11cdc90a9c18b105,buy,0x56ba2ee7890461f463f7be02aac3099f6d5811a8,0x2860e06569ca6ddcec6d031cff7eafab9ed454fec3a0c18bbbf8c4eb5da46daf
114,231.5,0.5556,0x8198ddaeaba0775a1e7bcd3cf87c57b5eaf65958,2017-10-30T15:02:27.000Z,0.0024,0xca9ce84a173bc70c64c7fff7193cffc3f6e70ce5,buy,0x56ba2ee7890461f463f7be02aac3099f6d5811a8,0xc4a439abdbae25b37976ee3a800765b8fe8d025372295bb91dafbc8cdf67b905
115,336.4739308144751,0.7974432160303061,0x4dba08e2d4997ea7ffa5e5fd034519550f31005f,2017-10-30T14:54:52.000Z,0.00237,0x998211182f8c7bc12725a25961eaff1f65ea08db,sell,0x56ba2ee7890461f463f7be02aac3099f6d5811a8,0x737754456300791bd965f51c3acf4134df9bad391170edb5839e5a51a25a8198
116,42.18885732542799,0.10922273272980051,0xf6c96b23feb18fb3a3b9e017ebf73ece6bcacec6,2017-10-30T14:36:22.000Z,0.0025889,0xec888892a77b0966d35b5ff9ba48ace9df837575,buy,0x56ba2ee7890461f463f7be02aac3099f6d5811a8,0xeb168fdf1c04ff4dc157dd6eed136fd3ecc96b54111c0440a1cd8d101524bdc9
117,0.0023771313941824,0.000005942828485456,0xd445f61ebca3d6b4c57eef1f39fdab6595ef8972,2017-10-30T14:01:09.000Z,0.0025,0x1fb69492dcc763716b9990add464d009b10bf13e,buy,0x56ba2ee7890461f463f7be02aac3099f6d5811a8,0xbbf021e4dfbb17e4099aef961b31845977c3a286eab145b8150833ae20e80565
118,0.002369999999999852,1.0072499999999371,0xf6c96b23feb18fb3a3b9e017ebf73ece6bcacec6,2017-10-30T14:01:09.000Z,425,0xd445f61ebca3d6b4c57eef1f39fdab6595ef8972,sell,0x56ba2ee7890461f463f7be02aac3099f6d5811a8,0xbbf021e4dfbb17e4099aef961b31845977c3a286eab145b8150833ae20e80565
119,140.5642508224504,0.3331374150134583,0x8198ddaeaba0775a1e7bcd3cf87c57b5eaf65958,2017-10-30T13:39:55.000Z,0.002370001,0x0c7200c61e91ea19e137eb0ed392f98769291d63,sell,0x56ba2ee7890461f463f7be02aac3099f6d5811a8,0x4cb98bec1e62ddf3a6048cf353bc139546fc8bf3f3e2fcd4623e7b4eec1cde5e
120,20,0.052,0x621fab0e57c8671fbda84ae1885369c80a2aff93,2017-10-30T12:51:19.000Z,0.0026,0x14f100cdd464d61a6feeb66d6c1d18fdfd91214b,buy,0x56ba2ee7890461f463f7be02aac3099f6d5811a8,0x9988f94de83a2a18dcdc162cbb9329aa7bcaa716d92b05d860b28c7da391a794
121,0.2026605766892,0.000478481621563201,0x3045d01fb05db35c2aae1280168cffa950a9cf26,2017-10-30T02:08:50.000Z,0.002360999999999999,0x16e5d97bbc92417e051e3b2cabfbf8ceea2acb9c,sell,0x56ba2ee7890461f463f7be02aac3099f6d5811a8,0x98320420e49433b7c9a503934696c9fcbef7e8a689fd0ef0e84e0d34fd86472a
122,0.2027265918124,0.000478637483269076,0x3045d01fb05db35c2aae1280168cffa950a9cf26,2017-10-30T02:06:33.000Z,0.002360999999999998,0x379374d13077e8867ef31803c37baf9785a17c00,sell,0x56ba2ee7890461f463f7be02aac3099f6d5811a8,0xf589f33a42ece0560fdc1a33ae29a8461a483f13549a14c97713a4fade277a2b
123,1127.9999104759097,2.663208916633533,0x3642337f3e5783803872921bbacf9f05b259c802,2017-10-30T01:21:42.000Z,0.002361001,0xb2f3f9b7014a026d06bbb59e89540734ad3f0729,sell,0x56ba2ee7890461f463f7be02aac3099f6d5811a8,0xe629cddebcb00836aa51b5569932d56fab996ef149156a0e0b3be32273a8af47
124,467.1019838500648,1.1028287180739706,0xed7f4d43a68a1353004159aa48fcf79e23b5b75f,2017-10-30T01:19:26.000Z,0.002361002,0xb2f3f9b7014a026d06bbb59e89540734ad3f0729,sell,0x56ba2ee7890461f463f7be02aac3099f6d5811a8,0x50d438cba2d3ab607d76ded4e882c58438edf63f207fb60e7b102f61cf61eb6e
125,32.8980161499352,0.0776722819260293,0xed7f4d43a68a1353004159aa48fcf79e23b5b75f,2017-10-30T01:17:00.000Z,0.002361002,0xed07da67b445a6a5b1e47873315882f525e5eb1b,sell,0x56ba2ee7890461f463f7be02aac3099f6d5811a8,0xc88b6ab39365e60540dcea33cd2e8af96eee9c404c80f6c9c219cba5d736c3ba
126,0.000811199796441649,0.000001915243530598,0x3642337f3e5783803872921bbacf9f05b259c802,2017-10-30T00:49:03.000Z,0.002361000999999347,0x368be9166c75c322ce9d60cccc9fe95995303485,sell,0x56ba2ee7890461f463f7be02aac3099f6d5811a8,0x54c32e9127362e09a597b0f8754473aa11299f53cefd834824648d881ec64977
127,360,0.84996036,0x3642337f3e5783803872921bbacf9f05b259c802,2017-10-29T23:10:57.000Z,0.002361001,0x9e13b2837c544694db97ad73445182ded131d2ad,sell,0x56ba2ee7890461f463f7be02aac3099f6d5811a8,0xe4d76935e5da4ab609759e2bcd3ae13bf6f1b4652e8bed402ae8791cfb03043b
128,93,0.220875,0xad577dcd25a1049fb10946766b255597dceee05f,2017-10-29T23:10:43.000Z,0.002375,0x9e13b2837c544694db97ad73445182ded131d2ad,sell,0x56ba2ee7890461f463f7be02aac3099f6d5811a8,0x04c030f23b82af80e8181683be12da5ca51b8fba44f1d242312fa6e3f66785f9
129,98.82382246939905,0.23322422102778173,0x4dba08e2d4997ea7ffa5e5fd034519550f31005f,2017-10-29T20:21:00.000Z,0.00236,0x8198ddaeaba0775a1e7bcd3cf87c57b5eaf65958,sell,0x56ba2ee7890461f463f7be02aac3099f6d5811a8,0x0646983a4f78c5c87ca22de693907fa4a529788540ed106e29ac1730449966de
130,35.8887448908384,0.08469743794237862,0x4dba08e2d4997ea7ffa5e5fd034519550f31005f,2017-10-29T20:09:18.000Z,0.00236,0x7e76036393c9bc6ffac3ad41a4f4da65013df39b,sell,0x56ba2ee7890461f463f7be02aac3099f6d5811a8,0x07c9d7615c3506a9a2c98e8616aeb2ef9c4aca9c5c4f563970a20e5712a3cbde
131,0.000993831907705881,0.000002335504983108,0xd3fe20b25156829c4859745e4fc978c838adcb02,2017-10-29T20:02:28.000Z,0.0023499999999991744,0xcff688026fcfb9bcc30f7413d80c21ecfde96a1f,sell,0x56ba2ee7890461f463f7be02aac3099f6d5811a8,0x85dc043be5da179a9a8dffea4c4fae19aea9675750daeaa0a9f25eebacc0d548
132,9.96912786619769,0.022928994092254688,0x0006e4548aed4502ec8c844567840ce6ef1013f5,2017-10-29T19:52:30.000Z,0.0023,0xcff688026fcfb9bcc30f7413d80c21ecfde96a1f,sell,0x56ba2ee7890461f463f7be02aac3099f6d5811a8,0x628da92e12f9ee79fd3dc2851b3689b5f184043f33ab0001d83e7ba9785aa177
133,110,0.2915,0xaf859c7dc477ae70ff8c1ee8a25d65d800a90d90,2017-10-29T19:07:08.000Z,0.00265,0xd3fe20b25156829c4859745e4fc978c838adcb02,buy,0x56ba2ee7890461f463f7be02aac3099f6d5811a8,0x60f4f4685be09680e4fb4779138550e636685fb41452cb9ca08d8156da82aa13
134,32.81268844483694,0.07415667588533147,0x000c1cac6fef87de3fb1e3b15bb1b5311020e1c3,2017-10-29T19:02:24.000Z,0.00226,0x7b75f70907a300672beb8137fe0f4e6535b9b03d,sell,0x56ba2ee7890461f463f7be02aac3099f6d5811a8,0x51920fec552056ec50739908fb214419e298615224dc4f32c03b68993704eab1
135,184.68128745104607,0.49845479483037336,0x03236093522cdcbac662ffbebd6a951349082b72,2017-10-29T18:02:12.000Z,0.002699,0x492842125e4c3a7d10cda0e0291ea22788e4ad60,buy,0x56ba2ee7890461f463f7be02aac3099f6d5811a8,0xfc6ad92c0cbfcabd75694024777cf312995c3848c063c653bf1b46b43ad2fdd9
136,188.09341702122055,0.5078522259572954,0x4db6e5132f08e2d6bf3b68a02b450fc563eabefb,2017-10-29T17:28:02.000Z,0.0027,0x000c1cac6fef87de3fb1e3b15bb1b5311020e1c3,buy,0x56ba2ee7890461f463f7be02aac3099f6d5811a8,0x00be0e0761b49e48d5bd17be5fe1823aeb05f7b3909e1949ca5f2ba9a5c6099a
137,50,0.135,0x4db6e5132f08e2d6bf3b68a02b450fc563eabefb,2017-10-29T17:25:00.000Z,0.0027,0x179db9068c45e6617c13176c4c5082c9e5e347fc,buy,0x56ba2ee7890461f463f7be02aac3099f6d5811a8,0x333426d38a9c825a7352e50d956e9c26ffe9b315cac690c1bcdb1a9475d09642
138,103,0.27707,0x4db6e5132f08e2d6bf3b68a02b450fc563eabefb,2017-10-29T17:24:45.000Z,0.00269,0xc9c8e93d0a6e11aad06650e79ad535e8beeb9fb4,buy,0x56ba2ee7890461f463f7be02aac3099f6d5811a8,0x7db51e8b1238c5cca8c2d94ed17fe8b8f7471d1befcf2d94364653de4ba88cac
139,586.858,1.5258308,0x4db6e5132f08e2d6bf3b68a02b450fc563eabefb,2017-10-29T17:23:43.000Z,0.0026,0x2c02292a41d14ccb2390c319c646807acb410c8d,buy,0x56ba2ee7890461f463f7be02aac3099f6d5811a8,0x688b789cb9fd5ca14733c8f7fe129a6df85da89f6a3535f5c1c56e9f4256e86d
140,891.9878180303853,2.3190791280971985,0x4db6e5132f08e2d6bf3b68a02b450fc563eabefb,2017-10-29T17:23:20.000Z,0.0025999,0xcec059742071b60375cc5f8c236768b25f85776d,buy,0x56ba2ee7890461f463f7be02aac3099f6d5811a8,0x9f12aec4560c2d9bfc64ef1707a8480b67947c6584ddab3dd0859b166fdfb802
141,300,0.6003,0x492842125e4c3a7d10cda0e0291ea22788e4ad60,2017-10-29T17:22:34.000Z,0.002001,0x4db6e5132f08e2d6bf3b68a02b450fc563eabefb,sell,0x56ba2ee7890461f463f7be02aac3099f6d5811a8,0x4d1de93cf1810bd2c6bccfea2e8a7262365e45beb6fe8cf745b41ecf1f39f6a8
142,110,0.28578,0x4db6e5132f08e2d6bf3b68a02b450fc563eabefb,2017-10-29T17:22:34.000Z,0.002598,0x3c2ad23ac1fd036cedb464883e5d2d42b7dc300a,buy,0x56ba2ee7890461f463f7be02aac3099f6d5811a8,0xb25cc938161a102ff5f0d8b3e6e237f6c47fa2410aa23a5946d96ae612e2a67a
143,172.934,0.449109598,0x4db6e5132f08e2d6bf3b68a02b450fc563eabefb,2017-10-29T17:21:30.000Z,0.002597,0x492842125e4c3a7d10cda0e0291ea22788e4ad60,buy,0x56ba2ee7890461f463f7be02aac3099f6d5811a8,0x259aa3b25ae6891ebae0a50aff14ad6b43bf1738c175c26e42a00f12e21c8d74
144,965,2.50514,0x4db6e5132f08e2d6bf3b68a02b450fc563eabefb,2017-10-29T17:20:56.000Z,0.002596,0xd692af32707a554ec0eb253a912a79dbe73ec06d,buy,0x56ba2ee7890461f463f7be02aac3099f6d5811a8,0x393fe5ed4ac00d0e6fbccc2f59352ef9b9fa2d58f42b445bfb6e5d66def6bcf4
145,124.25676105078583,0.32257055168784005,0x4db6e5132f08e2d6bf3b68a02b450fc563eabefb,2017-10-29T17:20:35.000Z,0.002596,0x9e13b2837c544694db97ad73445182ded131d2ad,buy,0x56ba2ee7890461f463f7be02aac3099f6d5811a8,0xcbf74d1e783e1ed6831fa588353deef65797585f39eb2fa25e2551c1c7e89d08
146,45.165,0.1165257,0x4db6e5132f08e2d6bf3b68a02b450fc563eabefb,2017-10-29T17:20:35.000Z,0.00258,0x99bc37ffa8c3b9e6f4792abf009cc294b34947bc,buy,0x56ba2ee7890461f463f7be02aac3099f6d5811a8,0xa99245dfaf98acd34e16969ce995d631ef6245e09fb64565f04c0dc48ea5917c
147,109,0.28013,0x4db6e5132f08e2d6bf3b68a02b450fc563eabefb,2017-10-29T17:20:35.000Z,0.00257,0xaf859c7dc477ae70ff8c1ee8a25d65d800a90d90,buy,0x56ba2ee7890461f463f7be02aac3099f6d5811a8,0x23a62554af16382f441603ab9fbdf36d69d15bb64c6f3bb5d81c55823075f4dc
148,0.017503569261279467,0.000037650177481012,0x967e39e4f6b6f861b9bfb52a16ab43c8cacae90c,2017-10-29T16:47:32.000Z,0.0021509999999999923,0xfc73413d8dcc28d271cde376835edf6690fa91a8,sell,0x56ba2ee7890461f463f7be02aac3099f6d5811a8,0x755de51b449bbae1a65aa1508cd084f4a141597dbc95bc301a08c8ea58ef05ca
149,0.0024,0.096,0xced05165068616f2f17b0681fc00f40ef8772a96,2017-10-29T16:47:12.000Z,40,0xd81179a077efdf7dba1e5b7c56e27199c7b41e35,sell,0x56ba2ee7890461f463f7be02aac3099f6d5811a8,0x00af13b7f3388a82d5670cbd1700e8226751f4327cb16d3dee083e5cd68705ea
150,175.57830325989434,0.38978418439357193,0x1ef37820e7b91cf263e10115d19d0253cd6e9802,2017-10-29T16:46:44.000Z,0.002220002,0xfc73413d8dcc28d271cde376835edf6690fa91a8,sell,0x56ba2ee7890461f463f7be02aac3099f6d5811a8,0x75b71dbb4a8f57e5c7f230f604eb1bbd72cd64b35cd1c5767ec9670566e906be
151,45.165,0.10035663,0x99bc37ffa8c3b9e6f4792abf009cc294b34947bc,2017-10-29T16:46:31.000Z,0.002222,0xfc73413d8dcc28d271cde376835edf6690fa91a8,sell,0x56ba2ee7890461f463f7be02aac3099f6d5811a8,0x78d58ea127181a2f9f00a9310a92f8ed37883059c323cdc99288c3dafbbb90f4
152,79.303,0.1864651439,0x118cd1da17c82558f17a7279ea3aec925bafdaec,2017-10-29T16:46:06.000Z,0.0023513,0xfc73413d8dcc28d271cde376835edf6690fa91a8,sell,0x56ba2ee7890461f463f7be02aac3099f6d5811a8,0xca50598500aab093a2eb32fdb10b9e088b991486790c6768f4a7a1b23e1255ea
153,425,0.9996,0x61273d3742394492727a734039786e04d6015e6f,2017-10-29T16:40:31.000Z,0.002352,0x73d8346efbb2cc234bfe4232cd39fb54bee411de,sell,0x56ba2ee7890461f463f7be02aac3099f6d5811a8,0x5198ea472cd9941e68ab4e15b25000044fc988bb4136a6734bae28bc48e986c4
154,425,0.9996425,0x24d528b8530db22c0949f28fbbbd3c1cce771633,2017-10-29T16:40:17.000Z,0.0023521,0x73d8346efbb2cc234bfe4232cd39fb54bee411de,sell,0x56ba2ee7890461f463f7be02aac3099f6d5811a8,0x38b5d2cabb31cd4d5509601908e6172835fa18c83e43a8ee84432430389e7870
155,110,0.25883,0xaf859c7dc477ae70ff8c1ee8a25d65d800a90d90,2017-10-29T16:40:12.000Z,0.002353,0x73d8346efbb2cc234bfe4232cd39fb54bee411de,sell,0x56ba2ee7890461f463f7be02aac3099f6d5811a8,0x0126ba6f547bbd9f7bda0c11acf2c0a7f3d97bbf3e2f2821619f7f369d4759e0
156,130,0.30615,0x492842125e4c3a7d10cda0e0291ea22788e4ad60,2017-10-29T16:40:12.000Z,0.002355,0x73d8346efbb2cc234bfe4232cd39fb54bee411de,sell,0x56ba2ee7890461f463f7be02aac3099f6d5811a8,0x72f9e9701315e2315b45f1604fedb607d755451c828fd25f17a3b4e2696c7766
157,210,0.545979,0xdf4f13ca69072752827ffd528cd736d0537b9191,2017-10-29T15:42:45.000Z,0.0025999,0xcec059742071b60375cc5f8c236768b25f85776d,buy,0x56ba2ee7890461f463f7be02aac3099f6d5811a8,0xea3c5e39a2e8793d30fc055a429503f3ef2ddf53b521cfe026b32735972ee089
158,1,0.002596,0x0b773d7819259d78757b26dc4148812d35676d8f,2017-10-29T15:30:57.000Z,0.002596,0x9e13b2837c544694db97ad73445182ded131d2ad,buy,0x56ba2ee7890461f463f7be02aac3099f6d5811a8,0x28a4126eda92e0b11157928369b6662cfb6890e19505dd6019b3c397d3459e1b
159,1397.0121819696146,3.6320919719028013,0xc7f73e8d9330aad9b03f8408ccd3c95afa360163,2017-10-29T15:08:14.000Z,0.0025999,0xcec059742071b60375cc5f8c236768b25f85776d,buy,0x56ba2ee7890461f463f7be02aac3099f6d5811a8,0x6251c68a0c9df056d856335724e5b26845e0dd7da4b93315d6e7b802defff904
160,38,0.098686,0x4caff56c378decef5febedd1854cda5fff4d6c83,2017-10-29T14:33:09.000Z,0.002597,0x492842125e4c3a7d10cda0e0291ea22788e4ad60,buy,0x56ba2ee7890461f463f7be02aac3099f6d5811a8,0xb6339d864e473a5deae3e8b885ebb59f22e19be920110551a061f59f24cf9dfd
161,100,0.2596,0x4caff56c378decef5febedd1854cda5fff4d6c83,2017-10-29T14:11:58.000Z,0.002596,0xaf859c7dc477ae70ff8c1ee8a25d65d800a90d90,buy,0x56ba2ee7890461f463f7be02aac3099f6d5811a8,0x5d54ce628ca92250707ee43b83e49631a3e080f3e11353018588fc01ff108a32
162,0.001800791256878706,0.000004676654894114,0x4caff56c378decef5febedd1854cda5fff4d6c83,2017-10-29T13:58:48.000Z,0.0025970000000000003,0x492842125e4c3a7d10cda0e0291ea22788e4ad60,buy,0x56ba2ee7890461f463f7be02aac3099f6d5811a8,0xc9e8ca5329087549f0ec2196f245dbbf9081865c817613c925483ae3a31d4240
163,18.063737097747925,0.04691152524285136,0x4caff56c378decef5febedd1854cda5fff4d6c83,2017-10-29T13:51:56.000Z,0.002597,0x492842125e4c3a7d10cda0e0291ea22788e4ad60,buy,0x56ba2ee7890461f463f7be02aac3099f6d5811a8,0x2a72f5c4395d4941826deb112aacf140e84285fb97fe7ea22d48ec4d5c63bb01
164,76,0.197372,0x7b663f5f0fd7c68d156d0426f6f940dd6ac308ca,2017-10-29T13:21:18.000Z,0.002597,0x492842125e4c3a7d10cda0e0291ea22788e4ad60,buy,0x56ba2ee7890461f463f7be02aac3099f6d5811a8,0x2533e5090c7c3e070aa4c8c54744f8f1e893f80544c630d1057698a8ca985d9a
165,0.12950214050575395,0.000304498382971179,0x118cd1da17c82558f17a7279ea3aec925bafdaec,2017-10-29T13:16:27.000Z,0.002351299999999998,0xb7fddd7a00e3d1a196fe12037688751bd13422d7,sell,0x56ba2ee7890461f463f7be02aac3099f6d5811a8,0xd49de95c826e1dfc3cb009871ed55a574b1b7a98a1df1e5db20a71d5836747d2
166,1299.0359714132178,2.8838624546092864,0x1ef37820e7b91cf263e10115d19d0253cd6e9802,2017-10-29T13:15:08.000Z,0.002220002,0xb7fddd7a00e3d1a196fe12037688751bd13422d7,sell,0x56ba2ee7890461f463f7be02aac3099f6d5811a8,0x4ae5b0fd9aa5eeb68bd192831c16a3ed19e905ea147a18965d9e6215cf45b709
167,382,0.898464382,0xe258d753a865f4dee0562ce335e32cb22ef513b9,2017-10-29T13:13:26.000Z,0.002352001,0xb7fddd7a00e3d1a196fe12037688751bd13422d7,sell,0x56ba2ee7890461f463f7be02aac3099f6d5811a8,0xc10d0b0939348c6613db99cada84538975537892ceac227550473ba363af529c
168,300,0.7059,0x492842125e4c3a7d10cda0e0291ea22788e4ad60,2017-10-29T13:12:30.000Z,0.002353,0xb7fddd7a00e3d1a196fe12037688751bd13422d7,sell,0x56ba2ee7890461f463f7be02aac3099f6d5811a8,0x769761f36297a6151e9ccdb557e6199fc21f91709f1f633af97fc84c534f3686
169,12.852,0.030330745704,0xe258d753a865f4dee0562ce335e32cb22ef513b9,2017-10-29T13:12:30.000Z,0.002360002,0xb7fddd7a00e3d1a196fe12037688751bd13422d7,sell,0x56ba2ee7890461f463f7be02aac3099f6d5811a8,0x081ee799933d2bc78bd66052b2f60fe1507a32fd36359593ff899c249128b21e
170,94.59191109524386,0.23175018218334748,0xd3fe20b25156829c4859745e4fc978c838adcb02,2017-10-29T12:01:06.000Z,0.00245,0x73d8346efbb2cc234bfe4232cd39fb54bee411de,sell,0x56ba2ee7890461f463f7be02aac3099f6d5811a8,0x41cd4a723cff6fdbc897b07885170a27d195f5ed0d8d64735372f440d0325244
171,730.0877655805224,1.7522106373932536,0x406b7af4140a794fc3d4184c6d21f71d508e2366,2017-10-29T12:00:10.000Z,0.0024,0x73d8346efbb2cc234bfe4232cd39fb54bee411de,sell,0x56ba2ee7890461f463f7be02aac3099f6d5811a8,0xcd1e013051760d24b80caaa342862a2887dd11c10778af4afa719be1d9468c72
172,50,0.1299,0x48ccb053d10eff2ea1f50466e194551e6bb356bb,2017-10-29T11:30:34.000Z,0.002598,0x3c2ad23ac1fd036cedb464883e5d2d42b7dc300a,buy,0x56ba2ee7890461f463f7be02aac3099f6d5811a8,0xede57bb05a5fa3d6a752403a4436e74256aa27329a30725624f870a46251a718
173,29.532444474765054,0.07235448896317438,0xd3fe20b25156829c4859745e4fc978c838adcb02,2017-10-29T06:26:39.000Z,0.00245,0x33aa550ac0b31c212a7c6fd41f313844ab5c67f8,sell,0x56ba2ee7890461f463f7be02aac3099f6d5811a8,0x3ac5fa7c6217b91608e0a5eb975f91841b8c3950cb383c52983af517da57b805
174,283.8756444299911,0.6954953288534782,0xd3fe20b25156829c4859745e4fc978c838adcb02,2017-10-29T04:57:12.000Z,0.00245,0x9778550d76b07ac9f5e57392f68ecdf6efc1774e,sell,0x56ba2ee7890461f463f7be02aac3099f6d5811a8,0x60aca89afc45248956709b9e16f0dad967c533e8db1c9b4c16dc7a4784b41e47
175,514.883860033895,1.3386980360881269,0x45c635e987e6077116d127e35e7b4b0cd9b27031,2017-10-29T04:56:44.000Z,0.0026,0x9778550d76b07ac9f5e57392f68ecdf6efc1774e,sell,0x56ba2ee7890461f463f7be02aac3099f6d5811a8,0x407fcaccafc9e8c858f19847525149826fe637cc1857112712c213444c0c4955
176,285.1161399661051,0.7413019639118732,0x45c635e987e6077116d127e35e7b4b0cd9b27031,2017-10-29T04:52:44.000Z,0.0026,0x0d4663255283d71f194601af08f152fe9a4d8f88,sell,0x56ba2ee7890461f463f7be02aac3099f6d5811a8,0xb574dc4eb8d03c0677068fb91e77b42c145fa75ca8eb01fb5960db0148a129db
177,286,0.74074,0x0d4663255283d71f194601af08f152fe9a4d8f88,2017-10-29T04:51:56.000Z,0.00259,0x47da3aadf6054de2aca0992e7560fb62c78afea8,buy,0x56ba2ee7890461f463f7be02aac3099f6d5811a8,0x5cf99be0466e1b2e609395f2ca5cc39e769e5bfe2e44b6fc53a653c7445ebb06
178,9.969095803010667,0.0239258299272256,0x406b7af4140a794fc3d4184c6d21f71d508e2366,2017-10-29T04:08:07.000Z,0.0024,0x24677967ad5f58190e49d969f6775850df3670d6,sell,0x56ba2ee7890461f463f7be02aac3099f6d5811a8,0x947991293c160eaafe642f70a3e92cd23389677993fe0dc69cc759f811f367cc
179,30,0.0777,0x2a4f5e8ba46c4f8f3c1c95d338a743838b774fad,2017-10-29T03:56:53.000Z,0.00259,0x47da3aadf6054de2aca0992e7560fb62c78afea8,buy,0x56ba2ee7890461f463f7be02aac3099f6d5811a8,0x4e8c02c12f13972200ef6b8fc6d4ed7184084568ca4eefff2fef3ae89153b2ae
180,281.7054172066594,0.6760930012959825,0x406b7af4140a794fc3d4184c6d21f71d508e2366,2017-10-29T01:19:10.000Z,0.0024,0x9778550d76b07ac9f5e57392f68ecdf6efc1774e,sell,0x56ba2ee7890461f463f7be02aac3099f6d5811a8,0xc4eb4ca2d3cb029f41ab49a6f7e34003243ce2f47ce5c663be7b62c9d2572db2
181,693.432,1.67117112,0x6fd623ab0dff084df49975986ad8af7c306bf8b8,2017-10-29T01:18:29.000Z,0.00241,0x9778550d76b07ac9f5e57392f68ecdf6efc1774e,sell,0x56ba2ee7890461f463f7be02aac3099f6d5811a8,0xa3ae0ff893ea644b6d7a1b3d438974eb4671580ad469dd172db17c13c18e9cc3
182,1,0.0025999,0x94b0bf6dd676f7b4884557735945b927535fd822,2017-10-29T00:43:40.000Z,0.0025999,0xcec059742071b60375cc5f8c236768b25f85776d,buy,0x56ba2ee7890461f463f7be02aac3099f6d5811a8,0x8ba373d305f1c7d8a607651a44a020a031e2d9ea771fcea53cadb65a955563a2
183,226.56764031502343,0.5460280131592065,0x6fd623ab0dff084df49975986ad8af7c306bf8b8,2017-10-29T00:22:58.000Z,0.00241,0xb5aac9986e8f303e913c7cc4f96277845db47ab5,sell,0x56ba2ee7890461f463f7be02aac3099f6d5811a8,0x779868eb4531852227feee4fba9d8156cd0726437b522e635984679527b25bcf
184,0.009958163687186413,0.000023899592849247,0x406b7af4140a794fc3d4184c6d21f71d508e2366,2017-10-28T22:14:04.000Z,0.0023999999999999608,0xb290e60a9526c22b353ea842e70bb73e985e660b,sell,0x56ba2ee7890461f463f7be02aac3099f6d5811a8,0xfb12f4dde9138396bcb7acb82cf7dbbfbd85acc87399b5823c6bbb0369550bf8
185,370.6300839321181,0.9636382182235071,0xf2f8963dc08974f397243bce2f6efdb93a79656a,2017-10-28T22:07:48.000Z,0.0026,0x2c02292a41d14ccb2390c319c646807acb410c8d,buy,0x56ba2ee7890461f463f7be02aac3099f6d5811a8,0x2c0b8f158656629ed7a81a7797baec1e0ab912148874c942fed26d98af15cb79
186,9.970915845618633,0.023930198029484716,0x406b7af4140a794fc3d4184c6d21f71d508e2366,2017-10-28T22:00:15.000Z,0.0024,0x1953d927044860d81b052a2f6751311b10a3ae55,sell,0x56ba2ee7890461f463f7be02aac3099f6d5811a8,0x467b93d8c1885835951a652edceba14396763884b084c5169da1c22572c115be
187,0.000002853153095185,0.000000007703513357,0x676673355a000bfbece32d046fbd252d3596b572,2017-10-28T21:58:17.000Z,0.0027000000000001754,0x000c1cac6fef87de3fb1e3b15bb1b5311020e1c3,buy,0x56ba2ee7890461f463f7be02aac3099f6d5811a8,0x9d8669c853dbd389123b684c27e6aebd550424903296b7b92e93ff62009c4e14
188,0.0309095769922452,0.000077273942480613,0x676673355a000bfbece32d046fbd252d3596b572,2017-10-28T21:57:44.000Z,0.0025,0x47da3aadf6054de2aca0992e7560fb62c78afea8,buy,0x56ba2ee7890461f463f7be02aac3099f6d5811a8,0x86b1fc5ffb2ccea9a4a73a00a5cbfa9dcece271d85c72a93ea6e195a4ef8000f
189,18.25684740050181,0.04381643376120435,0x406b7af4140a794fc3d4184c6d21f71d508e2366,2017-10-28T21:53:31.000Z,0.0024,0x1953d927044860d81b052a2f6751311b10a3ae55,sell,0x56ba2ee7890461f463f7be02aac3099f6d5811a8,0xe087aaebd43d6de18e568c78f09fcbdda77753c4f2d1a21fadc2441c41ffa836
190,133,0.3325,0x406b7af4140a794fc3d4184c6d21f71d508e2366,2017-10-28T21:16:57.000Z,0.0025,0x47da3aadf6054de2aca0992e7560fb62c78afea8,buy,0x56ba2ee7890461f463f7be02aac3099f6d5811a8,0x7588d9dc2fd25b348f83d9c6942be605f2b23e23bc005c81bf03801824a4ad66
191,0.002352001,1.799280765,0xe258d753a865f4dee0562ce335e32cb22ef513b9,2017-10-28T21:04:11.000Z,765,0x96373170538a83c7674ef92f41d195203a8abe09,sell,0x56ba2ee7890461f463f7be02aac3099f6d5811a8,0xacb17dc2fa429c3e99904372d394b5783ef374401976533df23b5381407e3a8c
192,42.51144675723278,0.11052976156880523,0x4db6e5132f08e2d6bf3b68a02b450fc563eabefb,2017-10-28T20:45:56.000Z,0.0026,0x2c02292a41d14ccb2390c319c646807acb410c8d,buy,0x56ba2ee7890461f463f7be02aac3099f6d5811a8,0x08beafb8789d02ecfbd1d500dd3e50c9ae59252ccef45cb760671b2be91fbebb
193,752.846,1.95530668812,0x4db6e5132f08e2d6bf3b68a02b450fc563eabefb,2017-10-28T20:43:25.000Z,0.00259722,0x200166c39876bcac54d913a1167da8a0f47c3a04,buy,0x56ba2ee7890461f463f7be02aac3099f6d5811a8,0x0cb442b0345a095ca410002481d0796ae99e6a41b3635f5f03f729df58ffce02
194,600,1.5594,0x4db6e5132f08e2d6bf3b68a02b450fc563eabefb,2017-10-28T20:43:25.000Z,0.002599,0xcec059742071b60375cc5f8c236768b25f85776d,buy,0x56ba2ee7890461f463f7be02aac3099f6d5811a8,0x27e9cfa90a63f869838dc4847cf6272b3deeafbef213a80ad565e30c4f1834a2
195,850,2.2076285,0x4db6e5132f08e2d6bf3b68a02b450fc563eabefb,2017-10-28T20:42:36.000Z,0.00259721,0xa875dddbf074b1ca4db9824b40a2f9f7a4d36a63,buy,0x56ba2ee7890461f463f7be02aac3099f6d5811a8,0xaea42bb79a56f4e6612a901febbb37067abaa63100d1701cb9d8ea0d7a8f651e
196,320,0.831104,0x4db6e5132f08e2d6bf3b68a02b450fc563eabefb,2017-10-28T20:41:41.000Z,0.0025972,0x5c701a678490f1c455e1d62607863623d1718ef6,buy,0x56ba2ee7890461f463f7be02aac3099f6d5811a8,0xec94b83933cd878a027bb08ca5ebde93d446feed2099e6e12a2a32e5bbc3364a
197,236.61494031574895,0.614489,0x4db6e5132f08e2d6bf3b68a02b450fc563eabefb,2017-10-28T20:40:17.000Z,0.002597,0xde0b52b339079efc4648c61433fe6d4e2e5c7f28,buy,0x56ba2ee7890461f463f7be02aac3099f6d5811a8,0xdd9fdf2641ff2dcfa7540373c2a874d156a4985e462cef2eb6dec7ea0042d533
198,30.592495528714924,0.07219838122525381,0xd4916cadfa73642ee8aa6f5290b3ecfc7be05cec,2017-10-28T20:35:50.000Z,0.002360003,0xab1c3fe36b581c61887229b60b65007a9b71d18b,sell,0x56ba2ee7890461f463f7be02aac3099f6d5811a8,0x6272b5cde6200734eb8b0dc4fcc65f52bf796b3665fa0da9f37a333a8662b5b7
199,25,0.059000125,0x8198ddaeaba0775a1e7bcd3cf87c57b5eaf65958,2017-10-28T20:28:00.000Z,0.002360005,0xab1c3fe36b581c61887229b60b65007a9b71d18b,sell,0x56ba2ee7890461f463f7be02aac3099f6d5811a8,0xdd227108db13958b84a051465695fa4b9a5f46fda71f90d2c0336b8211f7dac2
200,800,1.8880032,0x9e13b2837c544694db97ad73445182ded131d2ad,2017-10-28T20:27:53.000Z,0.002360004,0xab1c3fe36b581c61887229b60b65007a9b71d18b,sell,0x56ba2ee7890461f463f7be02aac3099f6d5811a8,0x4a88e36464f365bc44df0d1d4a0397046921bff58ff9c42e044cf231468d9104
201,0.19252984212552945,0.0005,0x34f9560c63078eb61872a4dc2ccd20e21c34feaf,2017-10-28T20:16:05.000Z,0.002597,0xde0b52b339079efc4648c61433fe6d4e2e5c7f28,buy,0x56ba2ee7890461f463f7be02aac3099f6d5811a8,0x1e6218ae73d7933a18a56608eb9bf22b6902fb173560fb48a71160117615c8ed
202,0.19252984212552945,0.0005,0xe444a40689f51f63bcd29910622035707d533d29,2017-10-28T20:14:27.000Z,0.002597,0xde0b52b339079efc4648c61433fe6d4e2e5c7f28,buy,0x56ba2ee7890461f463f7be02aac3099f6d5811a8,0x28b4798eac206a23c1fb775710cc9dabc068ce4377163bee01df7e7aea301fcb
203,14.953643704516,0.03529062904994517,0xe258d753a865f4dee0562ce335e32cb22ef513b9,2017-10-28T17:59:32.000Z,0.002360002,0xe3a576e1e3f0d8519b617c01191712d8658ec96a,sell,0x56ba2ee7890461f463f7be02aac3099f6d5811a8,0x046cbcee548a03475dea4a3dc1dae83c9eba20cb322c383778ace21ad45393e0
204,1.9942193205313832,0.004706361584892705,0xe258d753a865f4dee0562ce335e32cb22ef513b9,2017-10-28T17:05:07.000Z,0.002360002,0xb5cd39eee09b930e4a6c191bc6433201e2fca183,sell,0x56ba2ee7890461f463f7be02aac3099f6d5811a8,0xeeb0a1cbbd2dc44f69ee44f1f770d8431d30f11388fef6ca52d3420d451a5d6f
205,74.12020721372735,0.17492376314460376,0x8198ddaeaba0775a1e7bcd3cf87c57b5eaf65958,2017-10-28T16:39:42.000Z,0.002360001,0x1ed014aec47fae44c9e55bac7662c0b78ae61798,sell,0x56ba2ee7890461f463f7be02aac3099f6d5811a8,0xa8f2c41d749fd03e0de0ce23a32b083561656cfe8e56464db3851bc6a41c4cf5
206,99.74065095195172,0.23459001103899046,0x9e13b2837c544694db97ad73445182ded131d2ad,2017-10-28T14:49:00.000Z,0.002352,0x949ff303605d3404999997ee76a1ac8772bce2ad,sell,0x56ba2ee7890461f463f7be02aac3099f6d5811a8,0x53b5de79ad76b233636100b5c41f2abcea16eaae84e47a0a3cb16000d4212536
207,393.7996577075029,0.9293679797890223,0xe258d753a865f4dee0562ce335e32cb22ef513b9,2017-10-28T14:01:01.000Z,0.002360002,0xd3bc83033aad5466b16249f09aaf01ba6febebec,sell,0x56ba2ee7890461f463f7be02aac3099f6d5811a8,0xe043baacaf3a900c5a19fe105929f23063825cb55478151721b2f25f9b0fb059
208,900,2.3391,0x23d8a5d170d8b17506c02823c2e26d4d84f29ca3,2017-10-28T13:57:35.000Z,0.002599,0xcec059742071b60375cc5f8c236768b25f85776d,buy,0x56ba2ee7890461f463f7be02aac3099f6d5811a8,0x744eb2453102e91ecf9f512e205bc7b65369f55a451f6c095ef15ba6dafb1d67
209,38,0.098724,0x7a1e82a8554ccc29275f5cd010de3668578bbc9f,2017-10-28T13:30:09.000Z,0.002598,0xde0b52b339079efc4648c61433fe6d4e2e5c7f28,buy,0x56ba2ee7890461f463f7be02aac3099f6d5811a8,0x6561a3ccf083a4dbfa1515a6cea8cc0b72b89c6e591b69a3a2642fd01ea05b03
210,100.3,0.2707097,0x38801db28afe5f1f0d42063b928010f859ca0222,2017-10-28T11:43:55.000Z,0.002699,0x967e39e4f6b6f861b9bfb52a16ab43c8cacae90c,buy,0x56ba2ee7890461f463f7be02aac3099f6d5811a8,0x09ec33a9875e2118ff5e6397fad4271f29bba6d2ad1ddd842409158f5a7c3986
211,1734.035,4.45646995,0x9eac76768c79006891009f9454f1119fe91cf4ab,2017-10-28T11:08:12.000Z,0.00257,0x0f09eec8eaaf282b605f631f658de962f29a0732,buy,0x56ba2ee7890461f463f7be02aac3099f6d5811a8,0x6b0e5253427d19cffe7a6dca18b65c7e11a236130569618c93697fcbb5d00aaf
212,1042.784,2.69038272,0x9eac76768c79006891009f9454f1119fe91cf4ab,2017-10-28T11:08:12.000Z,0.00258,0xf4a0af465a084bd17cbd84deebe9d2ee134e5524,buy,0x56ba2ee7890461f463f7be02aac3099f6d5811a8,0xea93d641cdd1da45f5d184d3d5a26b85415a4f095759d0fd34b278fc27f0b437
213,249,0.63993,0x9eac76768c79006891009f9454f1119fe91cf4ab,2017-10-28T11:07:59.000Z,0.00257,0xf14597e4e63dd3b460fe7339724e786b32967b2f,buy,0x56ba2ee7890461f463f7be02aac3099f6d5811a8,0x8e74cb992be01c98ceefb6ada47c34485d7b4d1d701a0769bada58c32bbf03f6
214,700,1.792,0x9eac76768c79006891009f9454f1119fe91cf4ab,2017-10-28T11:07:59.000Z,0.00256,0x2635341bc96acecc74203018c0d29f07190e5f71,buy,0x56ba2ee7890461f463f7be02aac3099f6d5811a8,0x2b5ec6a6e50477e784e1df9f97f06d8017548ff26515e7460afde1f2748d6065
215,310.977,0.7960700223,0x9eac76768c79006891009f9454f1119fe91cf4ab,2017-10-28T11:07:49.000Z,0.0025599,0xcec059742071b60375cc5f8c236768b25f85776d,buy,0x56ba2ee7890461f463f7be02aac3099f6d5811a8,0x99febf0a4f638313c773e1c80eb0886eb86b59561013ad988395bbc84ef640a9
216,99.6910532682956,0.23447335728703125,0x9e13b2837c544694db97ad73445182ded131d2ad,2017-10-28T10:28:40.000Z,0.002352,0x8198ddaeaba0775a1e7bcd3cf87c57b5eaf65958,sell,0x56ba2ee7890461f463f7be02aac3099f6d5811a8,0xe6fda9f935511161cf11587c77ba1632bbb6f190f6f2254e32f7e9addebcf2bc
217,1189.0172039084766,3.043765140285309,0x4db6e5132f08e2d6bf3b68a02b450fc563eabefb,2017-10-28T10:10:00.000Z,0.0025599,0xcec059742071b60375cc5f8c236768b25f85776d,buy,0x56ba2ee7890461f463f7be02aac3099f6d5811a8,0x41788f9c6b9af43288e9b9c561cc6d4967196f137f6dafc793b8f4fec38335c0
218,329.99999945829165,0.8442663886141025,0x4db6e5132f08e2d6bf3b68a02b450fc563eabefb,2017-10-28T10:07:14.000Z,0.002558383,0x6b37731c95e252579f4af2b0be3e21b541a3d5b1,buy,0x56ba2ee7890461f463f7be02aac3099f6d5811a8,0x0a93a5473e9c0183066de1542d42e22b0613ef0ab79b256520ddccb48590ab1d
219,0.000000541708367746,0.000000001385897479,0x4db6e5132f08e2d6bf3b68a02b450fc563eabefb,2017-10-28T10:03:27.000Z,0.002558383000001634,0x6b37731c95e252579f4af2b0be3e21b541a3d5b1,buy,0x56ba2ee7890461f463f7be02aac3099f6d5811a8,0x2aa7c3ddb01b7a1989db219c0274c1e53e9e05eee33e7b5ae2736d9d235b230d
220,0.005430656515041603,0.000013901937612855,0x4db6e5132f08e2d6bf3b68a02b450fc563eabefb,2017-10-28T10:01:47.000Z,0.0025599,0xcec059742071b60375cc5f8c236768b25f85776d,buy,0x56ba2ee7890461f463f7be02aac3099f6d5811a8,0x27231e746e39ce02a0167dee5a596987a682cf720fa311fd1f905a16bbd2a9dc
221,6405.298734071088,15.052452025067057,0x70e6194ae475f682cee0fb3d174481b2e9616680,2017-10-28T09:02:44.000Z,0.00235,0x7e6601a0cb2b5ae129c09661846a053ea07223fb,sell,0x56ba2ee7890461f463f7be02aac3099f6d5811a8,0x55dd86719541222e2c33bad9639b222d921efcac6992b1fa7d6a2c8b405ccf17
222,0.000023321426110337,0.000000054835669213,0x118cd1da17c82558f17a7279ea3aec925bafdaec,2017-10-28T08:37:33.000Z,0.0023512999999899067,0x5b6d9d663b0c8bcf1835b8110ef3ebf476b4a382,sell,0x56ba2ee7890461f463f7be02aac3099f6d5811a8,0x5f7bf81e80b8fcfa8cb60808df2587804d642682b960d183ff6ccfbc2ebf1416
223,0.23393722531278596,0.000550056597877953,0x118cd1da17c82558f17a7279ea3aec925bafdaec,2017-10-28T08:36:57.000Z,0.0023512999999999976,0x5b6d9d663b0c8bcf1835b8110ef3ebf476b4a382,sell,0x56ba2ee7890461f463f7be02aac3099f6d5811a8,0x2da08bd1b7ca93d2b6bdc4400022e2a42276db42b3e7ddf4d649f2d12d5bbcc4
224,35.333466254610705,0.08307957920446615,0x118cd1da17c82558f17a7279ea3aec925bafdaec,2017-10-28T08:29:56.000Z,0.0023513,0x5efdca26e7cbb98c4f23a46d7a724c6c9148d0cf,sell,0x56ba2ee7890461f463f7be02aac3099f6d5811a8,0xef28db1d68ac05eb095e55be3a05c8197f18ed28ddea7466023c352114b036d6
225,3594.701265928912,8.447547974932943,0x70e6194ae475f682cee0fb3d174481b2e9616680,2017-10-28T06:46:56.000Z,0.00235,0x5bd9586e9073b075ea83dffc3c7c2fc0d2c2e858,sell,0x56ba2ee7890461f463f7be02aac3099f6d5811a8,0xa2ced541d65e67e9a0ad29086c61e0b972f937d59024830aa3a07041d6e69441
226,0.2718543247448165,0.000625264946913077,0x1716407edd41c461d7cb57189f3eb054dd58e432,2017-10-28T04:32:22.000Z,0.0022999999999999965,0xb79f77e4e935e99664923a116859335c7bc69069,sell,0x56ba2ee7890461f463f7be02aac3099f6d5811a8,0xd39bada3a5603f266157f21439dcf82f7da6ba107631dca8d5b65bfdc16b89e4
227,99.69095803010667,0.22928920346924533,0x1716407edd41c461d7cb57189f3eb054dd58e432,2017-10-28T04:22:27.000Z,0.0023,0x4efb789e4dc67e469799b91dca9ced6abd3c2414,sell,0x56ba2ee7890461f463f7be02aac3099f6d5811a8,0x1068d7b8bb3176df33c9cdd536a96a13ed3921c27c116599187a110f08b7b86e
228,18.14567234470923,0.0422794165631725,0x8914077d965fb07df742b0a085fb0e09a74249ca,2017-10-28T03:26:48.000Z,0.00233,0xd6a3a11548f82cdafd8bff454023ad65298821ca,sell,0x56ba2ee7890461f463f7be02aac3099f6d5811a8,0xbb00450db8ab9c429138fdac97b56aa7b5b0a561b73f683634dc43a7b2cd9549
229,50.655,0.12410475,0xad577dcd25a1049fb10946766b255597dceee05f,2017-10-28T01:41:30.000Z,0.00245,0xf14597e4e63dd3b460fe7339724e786b32967b2f,sell,0x56ba2ee7890461f463f7be02aac3099f6d5811a8,0x1ad24eb6b5f46d892fb118539e12bfeec5bd53493ed5031ba7bfbdfaf74417b8
230,130,0.3354,0x819748e466b011e1ee6a0ba6337c67cdbdc1d308,2017-10-27T22:52:59.000Z,0.00258,0xf4a0af465a084bd17cbd84deebe9d2ee134e5524,buy,0x56ba2ee7890461f463f7be02aac3099f6d5811a8,0x3724aa59db688a951f149b5ee5ea80da928862b1646f529bf88d790b171b13cb
231,280,0.7224,0x1ad9c2a8f21c89d4f88dc4b929c02e214880fee1,2017-10-27T21:37:05.000Z,0.00258,0xf4a0af465a084bd17cbd84deebe9d2ee134e5524,buy,0x56ba2ee7890461f463f7be02aac3099f6d5811a8,0xe1802906910d5c91c4c225cbd581799ef14dc70ffe35d3f1e05e62d270d78461
232,84,0.21756,0x1ad9c2a8f21c89d4f88dc4b929c02e214880fee1,2017-10-27T21:28:23.000Z,0.00259,0x807e5067db10fa555dd0190a2a77ada5c6e7379a,buy,0x56ba2ee7890461f463f7be02aac3099f6d5811a8,0x0cee6652b4cbe0ad751908ce5ccd442eebbc33ee289e5e7aa67400a8bfe4e438
233,2225,6.0075,0x8914077d965fb07df742b0a085fb0e09a74249ca,2017-10-27T20:13:55.000Z,0.0027,0x000c1cac6fef87de3fb1e3b15bb1b5311020e1c3,buy,0x56ba2ee7890461f463f7be02aac3099f6d5811a8,0x131434c9240c4148cbe846f4272f912f3ad553d4358b107e257d07015919a753
234,5284,13.7384,0x8914077d965fb07df742b0a085fb0e09a74249ca,2017-10-27T19:45:47.000Z,0.0026,0xb79f77e4e935e99664923a116859335c7bc69069,buy,0x56ba2ee7890461f463f7be02aac3099f6d5811a8,0x05d59340755045d85c8d99ff6b6575015f8e99de25ce51e69b9abfaaa04b1b8d
235,557,1.4481443,0x8914077d965fb07df742b0a085fb0e09a74249ca,2017-10-27T19:45:35.000Z,0.0025999,0xda896bd9e964386f7343414a646c8ef75d5ae009,buy,0x56ba2ee7890461f463f7be02aac3099f6d5811a8,0x0854c331194fd1bf20c158d65c68ed9ffec78a264c28c83ee8b88b3d1a1a5bf6
236,182,0.47138,0x8914077d965fb07df742b0a085fb0e09a74249ca,2017-10-27T19:45:11.000Z,0.00259,0x967e39e4f6b6f861b9bfb52a16ab43c8cacae90c,buy,0x56ba2ee7890461f463f7be02aac3099f6d5811a8,0x1a6613c669ddf1d2727ceaf8a21e8096d45d5b95aefd8323eab482fb2df50ba2
237,515.1545203825818,1.329098662587061,0x8914077d965fb07df742b0a085fb0e09a74249ca,2017-10-27T19:45:06.000Z,0.00258,0x99bc37ffa8c3b9e6f4792abf009cc294b34947bc,buy,0x56ba2ee7890461f463f7be02aac3099f6d5811a8,0x8c44ac565fc704db17f2a243ad9d950e2398ab93a0b64fc8c1a6b449b26665be
238,100,0.2575,0x8914077d965fb07df742b0a085fb0e09a74249ca,2017-10-27T19:45:02.000Z,0.002575,0xadc27bb0ce56467f2d81eef9257d079e75aab5c9,buy,0x56ba2ee7890461f463f7be02aac3099f6d5811a8,0x847ca1bf099b608ea0f722bd28a96e3190a46f04e26d36246f0e8fbc1e31336b
239,120,0.308976,0x8914077d965fb07df742b0a085fb0e09a74249ca,2017-10-27T19:45:02.000Z,0.0025748,0xe4bbba7bedcb7bab98a14e59a723d4338abc1e62,buy,0x56ba2ee7890461f463f7be02aac3099f6d5811a8,0x5901933bcb789b7127de47e0c4e33f6afcb3b7d74a655176a64b2b06a68a622e
240,84.362,0.2066869,0x8914077d965fb07df742b0a085fb0e09a74249ca,2017-10-27T19:41:56.000Z,0.00245,0x088f00f1a9e7b019c452b9265d1f4811e5fe89ce,buy,0x56ba2ee7890461f463f7be02aac3099f6d5811a8,0x708ec538106a951501bce8cfe146b512eab4c1c0eed71152449dd8b470e13ab2
241,2346.624307112556,5.467634635572255,0x8914077d965fb07df742b0a085fb0e09a74249ca,2017-10-27T19:21:41.000Z,0.00233,0x5b6d9d663b0c8bcf1835b8110ef3ebf476b4a382,sell,0x56ba2ee7890461f463f7be02aac3099f6d5811a8,0x95cb641505b1141edb25cf3d2f1744de707c2b40a921bd1ade70b793b5efe7d7
242,483.932814914375,1.064652192811625,0x009a12d4290630bc01fd82516ac57c1dc6a9bcfb,2017-10-27T18:24:16.000Z,0.0022,0x4fee8e8418ffc5c26d73a025654e17f6ff113056,sell,0x56ba2ee7890461f463f7be02aac3099f6d5811a8,0xb9fb3c8fb4693c7e02648637245454c1f5bb37219b8a054a7dfe3b809c135089
243,328.980161499352,0.7237563552985744,0x009a12d4290630bc01fd82516ac57c1dc6a9bcfb,2017-10-27T18:20:16.000Z,0.0022,0xbb34bd34499f075f7b2dbb97a6094fd560eb1e5b,sell,0x56ba2ee7890461f463f7be02aac3099f6d5811a8,0x078c21dca3f2e2cc36e3b2825d2b464b656dc4d1e6aba3c365c7a16b4f3bb18f
244,149.56625202538947,0.3290457544558568,0x009a12d4290630bc01fd82516ac57c1dc6a9bcfb,2017-10-27T16:56:30.000Z,0.0022,0xad5b3fbc469313e21efe4117627a658424091b0a,sell,0x56ba2ee7890461f463f7be02aac3099f6d5811a8,0x63b07175e16d679736b53b37402aa80ade3bcb6cf158d6147f7803ca12cc1c73
245,750,1.695,0x1716407edd41c461d7cb57189f3eb054dd58e432,2017-10-27T10:11:29.000Z,0.00226,0x5b6d9d663b0c8bcf1835b8110ef3ebf476b4a382,sell,0x56ba2ee7890461f463f7be02aac3099f6d5811a8,0x883f1d2c9fb414ffb67e8522c0a26bc5721636dbe5e21b34c85fcc4d269f46d1
246,825,1.85625,0x0c4a1d04c581bc7659b3f11bf261e716debc6e9f,2017-10-27T10:09:16.000Z,0.00225,0x5b6d9d663b0c8bcf1835b8110ef3ebf476b4a382,sell,0x56ba2ee7890461f463f7be02aac3099f6d5811a8,0x887929282a6a9f53080cee801c42118b4f84cfac06a271614572c3755b3db76d
247,50,0.1289995,0x1b1c185352e45359838a080260e1a08b98e1e8b7,2017-10-27T07:23:47.000Z,0.00257999,0xad5b3fbc469313e21efe4117627a658424091b0a,buy,0x56ba2ee7890461f463f7be02aac3099f6d5811a8,0x8f4ff5137090bbf9de7cbcc5b7ab914d701c99a0432d0aeb0d55aab67bbfe6c6
248,750,1.61250075,0xdb24a99e4fcf1f41d4b1222b3d0e93bcffb61ce5,2017-10-27T07:15:41.000Z,0.002150001,0x5b6d9d663b0c8bcf1835b8110ef3ebf476b4a382,sell,0x56ba2ee7890461f463f7be02aac3099f6d5811a8,0x8b43a2b00427e5b939ccfaaeee34268ac590ec5a48c46a8a216964af88ebe8fe
249,209.613,0.450877982226,0xcdc95322054561dde9b80c2e5a22f8e09bcb80e7,2017-10-27T07:15:20.000Z,0.002151002,0x5b6d9d663b0c8bcf1835b8110ef3ebf476b4a382,sell,0x56ba2ee7890461f463f7be02aac3099f6d5811a8,0x1741756ae1b5e341918d44c923cd6381fdcd2011bbb9e15322e55edd068540cd
250,103,0.221553,0xc9c8e93d0a6e11aad06650e79ad535e8beeb9fb4,2017-10-27T07:15:20.000Z,0.002151,0x5b6d9d663b0c8bcf1835b8110ef3ebf476b4a382,sell,0x56ba2ee7890461f463f7be02aac3099f6d5811a8,0x2a07d78f20da17b0f0b23d94ae290b571aa87c9a989489182554add448343717
251,0.573597742168726,0.001250443651525564,0x99bc37ffa8c3b9e6f4792abf009cc294b34947bc,2017-10-27T07:15:20.000Z,0.0021800009999999983,0x5b6d9d663b0c8bcf1835b8110ef3ebf476b4a382,sell,0x56ba2ee7890461f463f7be02aac3099f6d5811a8,0xc7c9b052f8a5f6f10a5596a950fabd352104f3c12f561a0c72524a8942db67a1
252,190.38666673616842,0.40952210092283176,0xcdc95322054561dde9b80c2e5a22f8e09bcb80e7,2017-10-27T07:00:45.000Z,0.002151002,0x786b43f2f4821cb8928f11dc03b1d27f20f4f504,sell,0x56ba2ee7890461f463f7be02aac3099f6d5811a8,0x185d7e40b625870677a4be5214fa5c9a7191c309dc703840ddeca21813ce1892
253,9,0.0207,0xe3d0a0d0fcdab0f65f97c5e29b3d413e827ca3ce,2017-10-27T06:15:01.000Z,0.0023,0x786b43f2f4821cb8928f11dc03b1d27f20f4f504,sell,0x56ba2ee7890461f463f7be02aac3099f6d5811a8,0xf284bda69823f5b81269db7266a56e942459b1aabd1b6e71a5afa2946227bd14
254,615.1160989500914,1.3286507737321975,0x5bd9586e9073b075ea83dffc3c7c2fc0d2c2e858,2017-10-27T03:03:03.000Z,0.00216,0x8bd19845157c3dce37b4c984c6de4976995c4f26,sell,0x56ba2ee7890461f463f7be02aac3099f6d5811a8,0x9961b89b7ab0956bff6f92b08f22daa9d04b7e33c4238e06c7fd7f24b16f152b
255,120,0.2604,0xe4bbba7bedcb7bab98a14e59a723d4338abc1e62,2017-10-27T03:00:53.000Z,0.00217,0x8bd19845157c3dce37b4c984c6de4976995c4f26,sell,0x56ba2ee7890461f463f7be02aac3099f6d5811a8,0xd725eb2f1e49f1f34fef9a0c128455f006e0de5a5e0b881a98e9a6184e931b3e
256,2990.7287409032,6.4599740803509125,0x5bd9586e9073b075ea83dffc3c7c2fc0d2c2e858,2017-10-27T01:54:38.000Z,0.00216,0x6255688613b3983b7454e806a3fac0475b5c65d8,sell,0x56ba2ee7890461f463f7be02aac3099f6d5811a8,0xae93c9367aab6074e38ac2bed89d624a6ff047d31f501d3ec5e73e32101ec6c3
257,82.44587534158443,0.2127103583812878,0x28ed0ada17bb25e719bfcd67f486c631cf901ffe,2017-10-27T01:39:16.000Z,0.00258,0x99bc37ffa8c3b9e6f4792abf009cc294b34947bc,buy,0x56ba2ee7890461f463f7be02aac3099f6d5811a8,0x7fbae941a62bfdc3cac36503c7273788de881627375b36882b4f1c86dff9314e
258,177.9539461648585,0.4275165602664561,0x28ed0ada17bb25e719bfcd67f486c631cf901ffe,2017-10-27T01:38:25.000Z,0.0024024,0x455a549fc6c64d0c1310a80775a712c80328146f,buy,0x56ba2ee7890461f463f7be02aac3099f6d5811a8,0xa976a1b16515f24ee09fecf7773521d4c8cab438ea0f40a372f0243f33e9ac25
259,996.9622532227654,2.104587316553258,0x009a12d4290630bc01fd82516ac57c1dc6a9bcfb,2017-10-27T01:09:49.000Z,0.002111,0x0644f32ac52b1496bf89cfc7a49ff8665473bfaf,sell,0x56ba2ee7890461f463f7be02aac3099f6d5811a8,0xc37eb1a0abb2bb23f96713a643b67c7c244dca811ffe8a6b05eae6b6946bf044
260,1071.0460538351415,2.5730810397335437,0x1716407edd41c461d7cb57189f3eb054dd58e432,2017-10-26T21:42:02.000Z,0.0024024,0x455a549fc6c64d0c1310a80775a712c80328146f,buy,0x56ba2ee7890461f463f7be02aac3099f6d5811a8,0xc9e5662245a80ec2b96c11199a467b310fac2df1432ed611e85e769df4b43b25
261,92.618,0.2222832,0x1716407edd41c461d7cb57189f3eb054dd58e432,2017-10-26T21:41:00.000Z,0.0024,0xc9c8e93d0a6e11aad06650e79ad535e8beeb9fb4,buy,0x56ba2ee7890461f463f7be02aac3099f6d5811a8,0xdbe25bc74d6894780185650c03aaa13dd1460cd699d6fc2b880e72e6a3c72e1b
262,100,0.235,0x1716407edd41c461d7cb57189f3eb054dd58e432,2017-10-26T21:40:01.000Z,0.00235,0x738191015fd26ca58a2aa7f59ef53bd9c859ff68,buy,0x56ba2ee7890461f463f7be02aac3099f6d5811a8,0x974b6732232722a58b98f7948558c71abd42ab0ea2f66392d79ae108ad2296e5
263,18.556543795460563,0.042661494185763836,0x1716407edd41c461d7cb57189f3eb054dd58e432,2017-10-26T21:39:51.000Z,0.002299,0x1804111464a198d8b0450bdbf7cb9fd65a903baf,buy,0x56ba2ee7890461f463f7be02aac3099f6d5811a8,0x9f90f5b029a4353e656200a7fc9a83b4ca5b4b2fade165d4f860a7c76cd027e3
264,97.75911539811689,0.20529414233604545,0x9eac76768c79006891009f9454f1119fe91cf4ab,2017-10-26T16:31:36.000Z,0.0021,0x890a8f7bcd19118f476fb8f2ccc06b8b868434d5,sell,0x56ba2ee7890461f463f7be02aac3099f6d5811a8,0x0e1549c31a9cd6181231c210733895d3c6bd209ac48b5bcc25f7695228275a55
265,66.5,0.142975,0x6b954cfcc0152c6752521be9810914573289b009,2017-10-26T16:29:37.000Z,0.00215,0x890a8f7bcd19118f476fb8f2ccc06b8b868434d5,sell,0x56ba2ee7890461f463f7be02aac3099f6d5811a8,0x3e2fccc95ea9c88e04de9a160773dcad4ccc6956a5c28223ac4e709076c2be59
266,9.433456204539436,0.021687515814236162,0x1a2b90677f6481f80a0fd9468214a29163a94fb9,2017-10-26T16:29:02.000Z,0.002299,0x1804111464a198d8b0450bdbf7cb9fd65a903baf,buy,0x56ba2ee7890461f463f7be02aac3099f6d5811a8,0xbfcdd4e53034a8bff6952a18d53ff42455a340d989baef4ddb7255cc3c1682bc
267,1600,4.144,0x9eac76768c79006891009f9454f1119fe91cf4ab,2017-10-26T16:20:22.000Z,0.00259,0xcec059742071b60375cc5f8c236768b25f85776d,buy,0x56ba2ee7890461f463f7be02aac3099f6d5811a8,0x274dbb8a329c9aa4fe88a4fa1a38042b8a7b160c9ac3d31b29bc0c991b8c266e
268,500,1.1875,0x9eac76768c79006891009f9454f1119fe91cf4ab,2017-10-26T16:19:37.000Z,0.002375,0x99bc37ffa8c3b9e6f4792abf009cc294b34947bc,buy,0x56ba2ee7890461f463f7be02aac3099f6d5811a8,0xe3ebdb870f98147892a56dafb3b89ff541b69dd60a94eab4b769d00a88c5dc30
269,153.727,0.364947898,0x9eac76768c79006891009f9454f1119fe91cf4ab,2017-10-26T16:19:37.000Z,0.002374,0x82bb6e67f8bab4926b5e5ad28a5b8d186b7cab3f,buy,0x56ba2ee7890461f463f7be02aac3099f6d5811a8,0x2f84e7e1397d2bdbaa62c24d71a8f17bf31d13c82486e1207f4b3b3c9555e78f
270,250.595,0.5763685,0x9eac76768c79006891009f9454f1119fe91cf4ab,2017-10-26T16:19:18.000Z,0.0023,0x368be9166c75c322ce9d60cccc9fe95995303485,buy,0x56ba2ee7890461f463f7be02aac3099f6d5811a8,0x7c208ec6044f0f02883c7175d5792365753bf4907f10792287c6d0f72ca0931f
271,149.526467949357,0.3140055826936497,0x9eac76768c79006891009f9454f1119fe91cf4ab,2017-10-26T15:46:38.000Z,0.0021,0x20ee98b307e9a3dd11451dc17df21b2466daa605,sell,0x56ba2ee7890461f463f7be02aac3099f6d5811a8,0x11d673cc80c76c2ba541b5358cc83e8fb1dffa86c1e1b33eee24eb71b11c7554
272,134.582793340644,0.2826238660153524,0x9eac76768c79006891009f9454f1119fe91cf4ab,2017-10-26T15:45:07.000Z,0.0021,0xe04dee69b3c494b9c2fb803263e32129c62bd1fc,sell,0x56ba2ee7890461f463f7be02aac3099f6d5811a8,0x10f87f3b5da4da7e0d10d77abf93fc1c5f4bb28c855e0b6acfb473a9552bbde4
273,803.7297165914727,1.848578348160387,0x9eac76768c79006891009f9454f1119fe91cf4ab,2017-10-26T15:32:32.000Z,0.0023,0x41875cef73bfc0cfea901d053fda6870adef0beb,buy,0x56ba2ee7890461f463f7be02aac3099f6d5811a8,0x4c44d6e3e8b3fdc4ed0df032fb9bde64db6d7edd1f0ddb54642c6c0862ddcaf2
274,143,0.3289,0x38c03b8176a3319078e95ac4c6f81df4b039344c,2017-10-26T13:53:49.000Z,0.0023,0x368be9166c75c322ce9d60cccc9fe95995303485,buy,0x56ba2ee7890461f463f7be02aac3099f6d5811a8,0xc4624aa47c08788a60b2bbd5bcf4d269a78fb8cc774c1eab75314ea44b41dda0
275,10.268168677100986,0.02156316449008075,0x1a2b90677f6481f80a0fd9468214a29163a94fb9,2017-10-26T13:45:14.000Z,0.0021000009999999998,0xb989a321368b8d6c1cde21db485589ec24ba8c6f,sell,0x56ba2ee7890461f463f7be02aac3099f6d5811a8,0xb3f2aef681157c0c83097257800853994dd076fc02f671f3bada9ab933c9064d
276,0.00000000000001,0.000000000000000023,0x38c03b8176a3319078e95ac4c6f81df4b039344c,2017-10-26T13:35:11.000Z,0.0023,0x368be9166c75c322ce9d60cccc9fe95995303485,buy,0x56ba2ee7890461f463f7be02aac3099f6d5811a8,0xdf87bfbe38c4fe02711212c51c213ae543b3f91afea6c55dc698c50c2f5f3ff9
277,0.00000000009734826,0.000000000000223901,0x38c03b8176a3319078e95ac4c6f81df4b039344c,2017-10-26T12:57:43.000Z,0.0023000000205447946,0x41875cef73bfc0cfea901d053fda6870adef0beb,buy,0x56ba2ee7890461f463f7be02aac3099f6d5811a8,0xcb36d25eae653a1b43cdea264cb4089dafd027adb6c021b9effe6097048cd77d
278,0.000000976499097391,0.000000002245947924,0x38c03b8176a3319078e95ac4c6f81df4b039344c,2017-10-26T12:53:34.000Z,0.002300000000000717,0x7cea503fd36694c94a0901361bdd4cc8b4387094,buy,0x56ba2ee7890461f463f7be02aac3099f6d5811a8,0x2ec345143974cce35ce6965fa56ac6c1dc90951eca550f5ee41c9fc6642b2152
279,0.009795262441816955,0.000022529103616179,0x38c03b8176a3319078e95ac4c6f81df4b039344c,2017-10-26T12:50:52.000Z,0.0023,0x7cea503fd36694c94a0901361bdd4cc8b4387094,buy,0x56ba2ee7890461f463f7be02aac3099f6d5811a8,0x7703e70285e0bf6790d93b2f9eaf64790d8c436cdb8d39f01c295ca757b94091
280,375,0.862125,0x89a03a29010c5929c3d2a7709ab162d166295b0c,2017-10-26T12:45:07.000Z,0.002299,0x1804111464a198d8b0450bdbf7cb9fd65a903baf,buy,0x56ba2ee7890461f463f7be02aac3099f6d5811a8,0x210f6915e381b14bced93ae03bde6d2216387a4007dc12782ae0669ee5c76e21
281,50,0.1125,0x89a03a29010c5929c3d2a7709ab162d166295b0c,2017-10-26T12:40:07.000Z,0.00225,0x7cea503fd36694c94a0901361bdd4cc8b4387094,buy,0x56ba2ee7890461f463f7be02aac3099f6d5811a8,0x1d6555cd3c4b011109a35173f22ced24dfdfa962d3dfefd827ba27dba768251b
282,50,0.11,0x89a03a29010c5929c3d2a7709ab162d166295b0c,2017-10-26T12:39:46.000Z,0.0022,0x7cea503fd36694c94a0901361bdd4cc8b4387094,buy,0x56ba2ee7890461f463f7be02aac3099f6d5811a8,0x5221cdd21b431f1f73fcb4d6646e4a0a8aef426c25d01b883baef22098cd02d9
283,63,0.13797,0x89a03a29010c5929c3d2a7709ab162d166295b0c,2017-10-26T12:38:32.000Z,0.00219,0x71014d0b1e6f11594d91e59bbbbbb658659dfc78,buy,0x56ba2ee7890461f463f7be02aac3099f6d5811a8,0xbba1a18e180a30168062f469207680b77280c4608af5aaaadae7e4f1ff0a6ee8
284,613,1.31795,0x0477465cdd89020399b37d9d5735374dcf8338b3,2017-10-26T12:20:08.000Z,0.00215,0x368be9166c75c322ce9d60cccc9fe95995303485,sell,0x56ba2ee7890461f463f7be02aac3099f6d5811a8,0x15fda5ed3e80fa98756b0744056b100550d93fbc18e120961215f8b159f3fe95
285,14,0.0301,0x0477465cdd89020399b37d9d5735374dcf8338b3,2017-10-26T12:09:18.000Z,0.00215,0x7cea503fd36694c94a0901361bdd4cc8b4387094,buy,0x56ba2ee7890461f463f7be02aac3099f6d5811a8,0xc8527eb81db6e8a046d7e774ae032b7b4ab7ce555add0719a910b2371d6a16f1
286,43,0.09116,0x0477465cdd89020399b37d9d5735374dcf8338b3,2017-10-26T12:09:18.000Z,0.00212,0x7ab42988b4e1c6031e487819028ea0f5c9a65750,buy,0x56ba2ee7890461f463f7be02aac3099f6d5811a8,0x804aa086c309c585c9f503c8b129b91c47726c81975c2815d6edc6361b3a4846
287,31,0.06572,0x54b59cbea68b581f1fa6ae1c3d5ea0643e8e2378,2017-10-26T11:59:48.000Z,0.00212,0x7ab42988b4e1c6031e487819028ea0f5c9a65750,buy,0x56ba2ee7890461f463f7be02aac3099f6d5811a8,0x0be8a237f3808b185b939e3f415b84ea2cde65270c2054e98c3051a12216a0d6
288,36,0.0774,0x5e87b43f8077f53fe5fb998a97ffacd299267323,2017-10-26T11:38:06.000Z,0.00215,0x7cea503fd36694c94a0901361bdd4cc8b4387094,buy,0x56ba2ee7890461f463f7be02aac3099f6d5811a8,0x9626417d8983f1667da52806caaf14dd9640bfa3ffd53f6e9a8a9f3305e7307c
289,90,0.19332,0x5e87b43f8077f53fe5fb998a97ffacd299267323,2017-10-26T11:36:08.000Z,0.002148,0x4c089456d94898f430ab5e2fb2b071eb1adf7864,buy,0x56ba2ee7890461f463f7be02aac3099f6d5811a8,0xd5756661b9b1bf872c9d060fff01815f37a22b95870ec76bbd9c42573d72e289
290,299.07287409032,0.6071179344033496,0x1716407edd41c461d7cb57189f3eb054dd58e432,2017-10-26T11:34:34.000Z,0.00203,0x5d6fdeab32ea14d9905f5a5e3e32b65c2cfac57e,sell,0x56ba2ee7890461f463f7be02aac3099f6d5811a8,0xd0131ee900bc50781351329ec3277b2ea76b696c5e1c7c76d660bb0276fb6c96
291,329.074,0.658148,0xdb24a99e4fcf1f41d4b1222b3d0e93bcffb61ce5,2017-10-26T10:38:53.000Z,0.002,0x6c4ef2c5a4cd3dfd78e8a198c05076cb6f00967e,buy,0x56ba2ee7890461f463f7be02aac3099f6d5811a8,0xfe92846ceca375101cfa2604a3b23795925a3deb460ff6923c0e7d395dd2b9db
292,63,0.126,0x71014d0b1e6f11594d91e59bbbbbb658659dfc78,2017-10-26T10:37:21.000Z,0.002,0x6c4ef2c5a4cd3dfd78e8a198c05076cb6f00967e,buy,0x56ba2ee7890461f463f7be02aac3099f6d5811a8,0xe5e9183e2cd0380c7ea0cbac24dc6d77f311a36725e664e7e10f4292ac6b3678
293,407.9259333181605,0.815851866636321,0xd2ea382e498316d91b9de8557670149b479721a0,2017-10-26T10:28:18.000Z,0.002,0x6c4ef2c5a4cd3dfd78e8a198c05076cb6f00967e,buy,0x56ba2ee7890461f463f7be02aac3099f6d5811a8,0x5c51eddd6bd5c71e5480ad866dafa59f2366847c34310a0be897ed27c9724bf2
294,406.70215551820604,0.8540745265882327,0xe035d7ace9bedde33b5fa52a23cddfb0e2be9c17,2017-10-26T10:28:18.000Z,0.0021,0xd2ea382e498316d91b9de8557670149b479721a0,sell,0x56ba2ee7890461f463f7be02aac3099f6d5811a8,0x5c51eddd6bd5c71e5480ad866dafa59f2366847c34310a0be897ed27c9724bf2
295,299.07406668183944,0.6280555400318629,0xe035d7ace9bedde33b5fa52a23cddfb0e2be9c17,2017-10-26T10:07:02.000Z,0.0021,0xad5b3fbc469313e21efe4117627a658424091b0a,sell,0x56ba2ee7890461f463f7be02aac3099f6d5811a8,0x34886710aaf657022bd060b0f9a8859fdb220d56c7c6c057ea77bf4470cbe990
296,99.69151560776686,0.20037994637161138,0x1716407edd41c461d7cb57189f3eb054dd58e432,2017-10-26T09:42:11.000Z,0.00201,0xc4c86220eec7ee8a4dca9478f1b4114d16ff090d,sell,0x56ba2ee7890461f463f7be02aac3099f6d5811a8,0xe401f747e0246aeb946916adba11524ae6ab77ec99b82e101a6faccd29c5712e
297,0.01,0.00003,0xc044ecd631253bebad1d84263faa7335fb1e0f99,2017-10-26T06:19:39.000Z,0.003,0x20ee98b307e9a3dd11451dc17df21b2466daa605,buy,0x56ba2ee7890461f463f7be02aac3099f6d5811a8,0xea2e0e7b0829e4fedabb052035592b528b8b3b126bd8ade5e111ec1bb6bf815d
298,300,0.60003,0xad5b3fbc469313e21efe4117627a658424091b0a,2017-10-26T05:57:13.000Z,0.0020001,0x5756d099f6fb21426d0803ebc76e3b3731823fff,sell,0x56ba2ee7890461f463f7be02aac3099f6d5811a8,0xa0f0490bc08c32259867ed96f047551c18a99f95c101813961f653dffa979d28
299,1100,2.53,0xc0ad0dae29b6a7d52b05a5bd4225f283423ecc87,2017-10-26T05:16:32.000Z,0.0023,0x20ee98b307e9a3dd11451dc17df21b2466daa605,buy,0x56ba2ee7890461f463f7be02aac3099f6d5811a8,0xe2f4109f1cf60b824a219cc1d7fd128eefc7451d9700204de841474285838d99
300,750,1.725,0xc0ad0dae29b6a7d52b05a5bd4225f283423ecc87,2017-10-26T05:06:14.000Z,0.0023,0x8b5583d7f53935e6d642816efa7014c51bcec5f9,buy,0x56ba2ee7890461f463f7be02aac3099f6d5811a8,0x62b5823272431c643c24100ac651046c413a29fa38fe7794ea77ba2310adea1a
301,263,0.6049,0xc0ad0dae29b6a7d52b05a5bd4225f283423ecc87,2017-10-26T05:05:40.000Z,0.0023,0x8fda6640f52631253521d4605969cb92ca7be94b,buy,0x56ba2ee7890461f463f7be02aac3099f6d5811a8,0xc95916d1c9169f0e77190f29cc0d43f14ab2d9b6e4c8bcf59c012b6844e60ff8
302,90,0.2052,0xc0ad0dae29b6a7d52b05a5bd4225f283423ecc87,2017-10-26T05:05:40.000Z,0.00228,0xc11f32a3d45a3dc54b34234dd2b9f46292e69c02,buy,0x56ba2ee7890461f463f7be02aac3099f6d5811a8,0xbde9997c1425451e611d6630f23f606b7073084689226afbe75ad2e3c27c241c
303,200,0.45,0xc0ad0dae29b6a7d52b05a5bd4225f283423ecc87,2017-10-26T05:04:12.000Z,0.00225,0x3c2ad23ac1fd036cedb464883e5d2d42b7dc300a,buy,0x56ba2ee7890461f463f7be02aac3099f6d5811a8,0x7001d6b2657c9b1763df02444e056b21a947e39e1e7c57adf69d72846d76c2b8
304,92.246,0.1983289,0xc0ad0dae29b6a7d52b05a5bd4225f283423ecc87,2017-10-26T05:03:31.000Z,0.00215,0x6ce1fdc407723855e97cf4c209ffb0d2e41c8ad3,buy,0x56ba2ee7890461f463f7be02aac3099f6d5811a8,0x5d46ec3c47b95cdd7299bf0a52d3761fc861c862164a5e0939e1740d9ba6ab89
305,120,0.25188,0xc0ad0dae29b6a7d52b05a5bd4225f283423ecc87,2017-10-26T05:01:38.000Z,0.002099,0x492842125e4c3a7d10cda0e0291ea22788e4ad60,buy,0x56ba2ee7890461f463f7be02aac3099f6d5811a8,0x546b1ee3a06989cb323b7ab5e19c7d36b0d80ee3b7baa65c9aaf7d2ef8690638
306,2.49,0.00522651,0xc0ad0dae29b6a7d52b05a5bd4225f283423ecc87,2017-10-26T05:01:38.000Z,0.002099,0x3ea8a88dc7c5930c6ee57228a7bfe43a4f876fd3,buy,0x56ba2ee7890461f463f7be02aac3099f6d5811a8,0x3f34b1a9c4bfb91a8e9001e82c6c8b8f6cc7f7fac42e7ba6b2b0de9bdac956b4
307,743.2,1.56072,0xc0ad0dae29b6a7d52b05a5bd4225f283423ecc87,2017-10-26T05:01:38.000Z,0.0021,0x8b3b31aea938fe8eecf969e6fb432aa989effec2,buy,0x56ba2ee7890461f463f7be02aac3099f6d5811a8,0x5825f3804f41a4e1a1ebc87edd43517b85c45d97cf2c4e7a2832598909f36617
308,59.37678540565415,0.11875357081130829,0x009a12d4290630bc01fd82516ac57c1dc6a9bcfb,2017-10-26T02:44:24.000Z,0.002,0xe6c92b9517a451e6479f307dc15998be0d221dab,sell,0x56ba2ee7890461f463f7be02aac3099f6d5811a8,0x93b2a64d6779c0b4bfe664254e427001f6d1e8c4aa0bbdafb06909a495bd5399
309,478.657,0.999914473,0xb15527e49534cd857216d6668909a1dfd3a4d96e,2017-10-26T02:41:11.000Z,0.002089,0x86ddab699a51ad96d7b27036783403a4f04ae1de,buy,0x56ba2ee7890461f463f7be02aac3099f6d5811a8,0x34baab02fc180af1e2d96d742e24b62b794feb98cb3716b7d6f66d7a52b43f27
310,274.5740414447442,0.5299278999883563,0x02a2c2e9cb07061420e2a7cea66abcd3f1bdca23,2017-10-26T00:02:43.000Z,0.00193,0x1ed014aec47fae44c9e55bac7662c0b78ae61798,sell,0x56ba2ee7890461f463f7be02aac3099f6d5811a8,0xe483f13d78171e2d67f6ad34531b15d5ac0afa2872ea85a5c4ab23fcfd0abf61
311,110,0.23089,0x7b663f5f0fd7c68d156d0426f6f940dd6ac308ca,2017-10-25T23:16:33.000Z,0.002099,0x492842125e4c3a7d10cda0e0291ea22788e4ad60,buy,0x56ba2ee7890461f463f7be02aac3099f6d5811a8,0x900bda0bbae34197d48020d79b746b37f5ffdf2059c2a110da17e57fa69386a2
312,30,0.0627,0x7b663f5f0fd7c68d156d0426f6f940dd6ac308ca,2017-10-25T23:12:32.000Z,0.00209,0xfbf7dc0756a9768d0c71aea5f8421f3b1eaee7d1,buy,0x56ba2ee7890461f463f7be02aac3099f6d5811a8,0x6a7ec2ec6fe22b6d73ed5ae1714748ca630233070e6e12f437eb98f8272e3301
313,150,0.31485,0x20ee98b307e9a3dd11451dc17df21b2466daa605,2017-10-25T22:42:41.000Z,0.002099,0x492842125e4c3a7d10cda0e0291ea22788e4ad60,buy,0x56ba2ee7890461f463f7be02aac3099f6d5811a8,0xc08756e1ba89a04fc2f2dc7047f00c5d0bccc6f2ddd73e5a1b3415e12af82ef3
314,60,0.1158528,0x200166c39876bcac54d913a1167da8a0f47c3a04,2017-10-25T21:09:12.000Z,0.00193088,0x20437fef1e3373b494e6717b7e4e06a3bd63ba18,sell,0x56ba2ee7890461f463f7be02aac3099f6d5811a8,0x1043eb6b48e76408493a33d5fa78adb656c42589e897cb02d968f085e4bb184c
315,500,0.969185,0x200166c39876bcac54d913a1167da8a0f47c3a04,2017-10-25T20:58:25.000Z,0.00193837,0x59478c47d713989bf4347ded91705ad90b5b5582,buy,0x56ba2ee7890461f463f7be02aac3099f6d5811a8,0x31b1e8751d68322e80758871bc34ed848433b1d80b3523c7edf383f5e080e91f
316,649.8269370036717,1.2588122510166626,0x039234951633cacf6971a68514414fb3c11b4e59,2017-10-25T20:52:31.000Z,0.00193715,0x59478c47d713989bf4347ded91705ad90b5b5582,buy,0x56ba2ee7890461f463f7be02aac3099f6d5811a8,0xf23e423b129f07920808cc851d13e51ec2b4e7aeeaffd39575e4bc3f73ed32d6
317,192.846,0.373571436054,0x200166c39876bcac54d913a1167da8a0f47c3a04,2017-10-25T20:06:18.000Z,0.001937149,0xed7f4d43a68a1353004159aa48fcf79e23b5b75f,buy,0x56ba2ee7890461f463f7be02aac3099f6d5811a8,0x46be9baecc5d1437be5e65d348f7024006856cd8344db48a83e71aca723506d7
318,40,0.07748596,0xe58ea8a73b6d7386fbb397d155b3e979d3c65187,2017-10-25T19:42:19.000Z,0.001937149,0xed7f4d43a68a1353004159aa48fcf79e23b5b75f,buy,0x56ba2ee7890461f463f7be02aac3099f6d5811a8,0x2ee008f012308093c79c6a770687acfe14153e2df705cfcbeda75f6f4c9056e5
319,49.845479015053336,0.09620177449905294,0x02a2c2e9cb07061420e2a7cea66abcd3f1bdca23,2017-10-25T19:31:57.000Z,0.00193,0x99daacbc6d3cc495519938b1b9ae913a94caa1c1,sell,0x56ba2ee7890461f463f7be02aac3099f6d5811a8,0x2d130e83ec62c6250b8694d821703c433538b1ed6ad870a18fcdfa922be3968b
320,350.1730629963283,0.6783377489833374,0x41875cef73bfc0cfea901d053fda6870adef0beb,2017-10-25T19:19:44.000Z,0.00193715,0x59478c47d713989bf4347ded91705ad90b5b5582,buy,0x56ba2ee7890461f463f7be02aac3099f6d5811a8,0xca6dd02323be934aff50a2013c7125bd6f66ba430e2ba0ff83719029860c9410
321,116.87833416409131,0.22557518493669623,0x02a2c2e9cb07061420e2a7cea66abcd3f1bdca23,2017-10-25T17:29:09.000Z,0.00193,0x16c94ae82eca91c7f9323ccf376846a0efe54f18,sell,0x56ba2ee7890461f463f7be02aac3099f6d5811a8,0x4e4dece7190853ef3725c0b4685fedffc42ce1e2bd494c84714b83e7fb2392a1
322,295.516,0.572458523884,0x2cf1bc72c2aa695e7f0dac1015cb8d108d43592e,2017-10-25T17:18:15.000Z,0.001937149,0xed7f4d43a68a1353004159aa48fcf79e23b5b75f,buy,0x56ba2ee7890461f463f7be02aac3099f6d5811a8,0xc2fadac49ac13cd1bf468c93ba14b23353e382960d7342721e2a0e63dcff3838
323,21.433555976472935,0.04136676303459276,0x02a2c2e9cb07061420e2a7cea66abcd3f1bdca23,2017-10-25T17:16:41.000Z,0.00193,0x321bf47fad06a910809d06a8f996f5865a312687,sell,0x56ba2ee7890461f463f7be02aac3099f6d5811a8,0x71b04739b333c17a85e9936c5d9dfb21aed395f4f285e36cf4f7e43ba6ee2082
324,29.907287409032,0.05772106469943176,0xfbf7dc0756a9768d0c71aea5f8421f3b1eaee7d1,2017-10-25T14:29:06.000Z,0.00193,0x14ea2099b491121b528b1fea2ae94406de0b5a89,sell,0x56ba2ee7890461f463f7be02aac3099f6d5811a8,0x4e3802a497bdea83434250765cf31dd960e1b353809dd534d7d92ec969d03c15
325,0.056712200197166586,0.00010888748109076,0x368be9166c75c322ce9d60cccc9fe95995303485,2017-10-25T12:54:09.000Z,0.001920000999999999,0xcef01dfe48077d5ea00cf1ffd949c62026af577e,sell,0x56ba2ee7890461f463f7be02aac3099f6d5811a8,0x1fd4b5591867a7e9df6cc1897dd495b3d4ea414335668a7c1241c320990158c5
326,568.880080177778,1.092250322821414,0x368be9166c75c322ce9d60cccc9fe95995303485,2017-10-25T11:50:07.000Z,0.001920001,0xcef01dfe48077d5ea00cf1ffd949c62026af577e,sell,0x56ba2ee7890461f463f7be02aac3099f6d5811a8,0x8f2de04b8731151943f1fa7cb5c29dc1c67d25e264376f1a13016607bd3611a4
327,528.3620775595654,1.0097004585784068,0xed7f4d43a68a1353004159aa48fcf79e23b5b75f,2017-10-25T08:49:46.000Z,0.001911001,0x0644f32ac52b1496bf89cfc7a49ff8665473bfaf,sell,0x56ba2ee7890461f463f7be02aac3099f6d5811a8,0x2e749c5fb850a5341d9ae57497108062110b6a2be0420a2fbc78ff42d34dd197
328,50,0.1075,0x99daacbc6d3cc495519938b1b9ae913a94caa1c1,2017-10-25T08:34:56.000Z,0.00215,0x6ce1fdc407723855e97cf4c209ffb0d2e41c8ad3,buy,0x56ba2ee7890461f463f7be02aac3099f6d5811a8,0x8469b7aaf3f82423b848ac6b182d65797151290371318acb4a2285c8975cbac9
329,14.192697738504126,0.03023044618301379,0xb36a9525d266a2c49bfb26130c0da2fce49252f9,2017-10-25T07:51:35.000Z,0.00213,0x4c089456d94898f430ab5e2fb2b071eb1adf7864,buy,0x56ba2ee7890461f463f7be02aac3099f6d5811a8,0x8c4acc3ae06c20154dbe56197e92f734f46bf04a0cbbe08546bd584ef4b90d40
330,295.0978068387254,0.6279681329528076,0xb36a9525d266a2c49bfb26130c0da2fce49252f9,2017-10-25T07:47:53.000Z,0.002128,0x71e12d78aad6cb31461fa173782b4a6b67384792,buy,0x56ba2ee7890461f463f7be02aac3099f6d5811a8,0xff971bdcc05727b436b9a6a471e478e33d498aa7458166e37e8363e1946d38c0
331,100.127,0.213070155873,0xb36a9525d266a2c49bfb26130c0da2fce49252f9,2017-10-25T07:47:41.000Z,0.002127999,0x5bb2a478386b25b9f8a7b1e97110d0f3989ecc30,buy,0x56ba2ee7890461f463f7be02aac3099f6d5811a8,0x9da373bfce859fabab7c59dfd3580d3a4f241bea5c26656f6e80c86e7374b8c3
332,0.000000052615210996,0.000000000111965169,0xb36a9525d266a2c49bfb26130c0da2fce49252f9,2017-10-25T07:44:09.000Z,0.002128000000009731,0x71e12d78aad6cb31461fa173782b4a6b67384792,buy,0x56ba2ee7890461f463f7be02aac3099f6d5811a8,0x098d3b68e83a70975f99b02a362e0ddd5989aa652b1cde8826f309cdc0ec8905
333,5.2941931086594,0.011266042935227202,0xb36a9525d266a2c49bfb26130c0da2fce49252f9,2017-10-25T07:39:37.000Z,0.002128,0x71e12d78aad6cb31461fa173782b4a6b67384792,buy,0x56ba2ee7890461f463f7be02aac3099f6d5811a8,0x7e10880d219d56015828cb9086205e9704c94239b0e3a0231cc7524cc90ed916
334,117.985,0.225469335,0x80f3c0ababdb3e1100cb79539c41c86578437f7d,2017-10-25T06:41:16.000Z,0.001911,0xc950a4c0dfb234f6571acd81f004d79f5a97b799,buy,0x56ba2ee7890461f463f7be02aac3099f6d5811a8,0x69c8a7120e516d35195f6e469da0a9cab1703fb08ab84d083edfe5c14947f32c
335,5,0.01065,0x5219ab76224ea59b44fcc5d7fcac1a8cd72861db,2017-10-25T06:27:06.000Z,0.00213,0xc950a4c0dfb234f6571acd81f004d79f5a97b799,sell,0x56ba2ee7890461f463f7be02aac3099f6d5811a8,0x14ee48e89063c9ea828189271cd6f0c734e414678fd9bbe335121cf0fb39b2bd
336,75.80730226149588,0.16146955381698622,0x9f11f3757414ed99d322db68842d0b14cc5a6b2c,2017-10-25T04:55:01.000Z,0.00213,0x4c089456d94898f430ab5e2fb2b071eb1adf7864,buy,0x56ba2ee7890461f463f7be02aac3099f6d5811a8,0x602a5a943d53c56b973aa2b508c7563491048733462ea1966bf4d5d3e220dcb3
337,1000,2.348999,0x32fb0f42b3df9eb374d013ec3fc5e0ce11eb0d71,2017-10-25T03:56:57.000Z,0.002348999,0x368be9166c75c322ce9d60cccc9fe95995303485,buy,0x56ba2ee7890461f463f7be02aac3099f6d5811a8,0xa8e9fac2e5d0f262f61d1fe32e592f750c322d4028df982950b2439f6ce2962b
338,299.0941610299037,0.5712698475671161,0x2cf1bc72c2aa695e7f0dac1015cb8d108d43592e,2017-10-24T23:36:13.000Z,0.00191,0xe2f7cc23f322b09ae8ea174f48fd8866840ed9d9,sell,0x56ba2ee7890461f463f7be02aac3099f6d5811a8,0xdf4f1c74df68f049cdadd75280796e5aada7eb88e92ea65172831cbf7198a784
339,299.731,0.57248621,0xe2f7cc23f322b09ae8ea174f48fd8866840ed9d9,2017-10-24T22:30:27.000Z,0.00191,0x03f263a70d0d5322b01a4d22506583ecf2935694,buy,0x56ba2ee7890461f463f7be02aac3099f6d5811a8,0x66afa690c704ec43772aaae50bea56983853845924567a772354dc03d3b13ed6
340,0.2585431913081487,0.000493817495398564,0x1ef37820e7b91cf263e10115d19d0253cd6e9802,2017-10-24T22:26:35.000Z,0.00191,0x03f263a70d0d5322b01a4d22506583ecf2935694,buy,0x56ba2ee7890461f463f7be02aac3099f6d5811a8,0x269f6cb07d00e45f1b0c7608be84edf3b715c3b338e2f706c0b8a3108a3f99f2
341,49.850501791768814,0.09521445842227844,0x2cf1bc72c2aa695e7f0dac1015cb8d108d43592e,2017-10-24T20:44:22.000Z,0.00191,0x179db9068c45e6617c13176c4c5082c9e5e347fc,sell,0x56ba2ee7890461f463f7be02aac3099f6d5811a8,0xe7e2af2aa4cdd9552b3506d16e002da82454fdb4900c9f147820394cfdefef9b
342,27.464858937294387,0.052457880570232276,0x2cf1bc72c2aa695e7f0dac1015cb8d108d43592e,2017-10-24T20:27:15.000Z,0.00191,0x6164a83559e086118689243e8fa9ba3a3a591922,sell,0x56ba2ee7890461f463f7be02aac3099f6d5811a8,0xc63b62e1be7cf720a01ceca294b65d1650ef04f59d5eb113db5eec1f98765806
343,35.07403222470184,0.06699140154918051,0x2cf1bc72c2aa695e7f0dac1015cb8d108d43592e,2017-10-24T19:39:47.000Z,0.00191,0x009a12d4290630bc01fd82516ac57c1dc6a9bcfb,sell,0x56ba2ee7890461f463f7be02aac3099f6d5811a8,0x7f8f41692edd144de4e3101445e4e225dd8acc4ab413b05226938b06b701f291
344,90,0.16488,0x4c089456d94898f430ab5e2fb2b071eb1adf7864,2017-10-24T19:36:53.000Z,0.001832,0x009a12d4290630bc01fd82516ac57c1dc6a9bcfb,sell,0x56ba2ee7890461f463f7be02aac3099f6d5811a8,0xe6f5eba4e2f1f3ea93291606e4ade7c41034565edfbf862168620bfd66f2d955
345,30.10080993591385,0.05719153887823632,0xadc27bb0ce56467f2d81eef9257d079e75aab5c9,2017-10-24T19:36:53.000Z,0.0019,0x009a12d4290630bc01fd82516ac57c1dc6a9bcfb,sell,0x56ba2ee7890461f463f7be02aac3099f6d5811a8,0xdb0ad196cd3b2f4966c4611d5ddca49cd76058106f50cc0b802d776f2b00d39f
346,90,0.16488,0x4c089456d94898f430ab5e2fb2b071eb1adf7864,2017-10-24T19:36:53.000Z,0.001832,0x009a12d4290630bc01fd82516ac57c1dc6a9bcfb,sell,0x56ba2ee7890461f463f7be02aac3099f6d5811a8,0xe6f5eba4e2f1f3ea93291606e4ade7c41034565edfbf862168620bfd66f2d955
347,30.10080993591385,0.05719153887823632,0xadc27bb0ce56467f2d81eef9257d079e75aab5c9,2017-10-24T19:36:53.000Z,0.0019,0x009a12d4290630bc01fd82516ac57c1dc6a9bcfb,sell,0x56ba2ee7890461f463f7be02aac3099f6d5811a8,0xdb0ad196cd3b2f4966c4611d5ddca49cd76058106f50cc0b802d776f2b00d39f
348,143,0.27885,0x7fcfb79ce9e823e3cb03c1ebdcb37bea1c6deb44,2017-10-24T19:36:21.000Z,0.00195,0x009a12d4290630bc01fd82516ac57c1dc6a9bcfb,sell,0x56ba2ee7890461f463f7be02aac3099f6d5811a8,0xdf8ace22a80db75ad823c41e598f631f5c1492881e68d5dcbf6b3ebf40a9a07c
349,299.07287409032,0.5476024324593759,0x009a12d4290630bc01fd82516ac57c1dc6a9bcfb,2017-10-24T17:29:06.000Z,0.001831,0xebc0f50408148885d65e4e4ab394316c4f070b03,sell,0x56ba2ee7890461f463f7be02aac3099f6d5811a8,0x69217e5da563d705dd8c5f7edcb01948621db4ee21db2cc7f5f4cb478c165649
350,69.89919006408616,0.13280846112176367,0xadc27bb0ce56467f2d81eef9257d079e75aab5c9,2017-10-24T17:20:36.000Z,0.0019,0x003ff9b49cc72c4c18b1d11bdda5677c80be0f6d,sell,0x56ba2ee7890461f463f7be02aac3099f6d5811a8,0x2befaade40d15f5eb5df9b8ae24f845f5c62d82317e3a9e68aa03ea0683bbba7
351,69.691,0.132412969691,0xc11f32a3d45a3dc54b34234dd2b9f46292e69c02,2017-10-24T17:19:58.000Z,0.001900001,0x003ff9b49cc72c4c18b1d11bdda5677c80be0f6d,sell,0x56ba2ee7890461f463f7be02aac3099f6d5811a8,0x85aba99d3e8353c2db23c49022341edab2d447c00797c0068adc35a6bfe5288f
352,71.123,0.1564706,0x6ce1fdc407723855e97cf4c209ffb0d2e41c8ad3,2017-10-24T16:39:52.000Z,0.0022,0x755dfe72cff68f68627b7a6ce5ef96ece2bfcfdc,sell,0x56ba2ee7890461f463f7be02aac3099f6d5811a8,0x19d7ea86d0837c7e2c6d98862acd38b8d5fc2d4cb9fde9cd9666f1bd1d3fe986
353,96.57668306576618,0.22598943837389285,0x38c03b8176a3319078e95ac4c6f81df4b039344c,2017-10-24T13:24:58.000Z,0.00234,0x6ce1fdc407723855e97cf4c209ffb0d2e41c8ad3,buy,0x56ba2ee7890461f463f7be02aac3099f6d5811a8,0x980a67e4b423f0c487613379e96d9f724a8295b7f807b30d04e0cf25546041c7
354,189,0.4347,0xdf7db12ba0a2f3116b4432f5d00c6d493e948534,2017-10-24T08:53:09.000Z,0.0023,0x8cd3bec93d81f900f4faef7f40259d392b616a7e,buy,0x56ba2ee7890461f463f7be02aac3099f6d5811a8,0x181c49f07665683d83c9296035048887e1e8cfe36d4ca9a5609f9b7eb153c4da
355,11,0.0253,0x80f3c0ababdb3e1100cb79539c41c86578437f7d,2017-10-24T07:31:26.000Z,0.0023,0x8cd3bec93d81f900f4faef7f40259d392b616a7e,buy,0x56ba2ee7890461f463f7be02aac3099f6d5811a8,0x6877eacc3af68da2c0a1d8ae695493d22b3bc206ee71792ab73ca5a5c93c4476
356,114.78,0.2743242,0xdf7db12ba0a2f3116b4432f5d00c6d493e948534,2017-10-24T07:18:42.000Z,0.00239,0x98e4406c3396a989398aabb57e392e5ed8660ca7,buy,0x56ba2ee7890461f463f7be02aac3099f6d5811a8,0x18398cd3833eaf8ba6f022f8527d8ceaf3934dac2e958c4cba611d0ba978017c
357,500,0.915,0x9eb87a971beabc2ad91fd67ea2bf8a5347a45531,2017-10-24T01:17:36.000Z,0.00183,0x044d1ba2289c5d04b9799d64b7be3b5c5c5f0f62,sell,0x56ba2ee7890461f463f7be02aac3099f6d5811a8,0x64a07954cd7007cd3c2d37466474d9561769e2587774001d2e82af520ec0a625
358,116.022,0.20999982,0x20437fef1e3373b494e6717b7e4e06a3bd63ba18,2017-10-24T01:17:36.000Z,0.00181,0x044d1ba2289c5d04b9799d64b7be3b5c5c5f0f62,sell,0x56ba2ee7890461f463f7be02aac3099f6d5811a8,0xd80995606d5edecf76474c029fdc29e184007b2275554a17b568893726069613
359,116.022,0.20999982,0x20437fef1e3373b494e6717b7e4e06a3bd63ba18,2017-10-24T01:17:32.000Z,0.00181,0x044d1ba2289c5d04b9799d64b7be3b5c5c5f0f62,sell,0x56ba2ee7890461f463f7be02aac3099f6d5811a8,0xd80995606d5edecf76474c029fdc29e184007b2275554a17b568893726069613
360,500,0.915,0x9eb87a971beabc2ad91fd67ea2bf8a5347a45531,2017-10-24T01:17:32.000Z,0.00183,0x044d1ba2289c5d04b9799d64b7be3b5c5c5f0f62,sell,0x56ba2ee7890461f463f7be02aac3099f6d5811a8,0x64a07954cd7007cd3c2d37466474d9561769e2587774001d2e82af520ec0a625
361,1644,3.613512,0xb2f3f9b7014a026d06bbb59e89540734ad3f0729,2017-10-23T23:33:31.000Z,0.002198,0x77d2807c9a96be24b291140b09869c0bdc3de040,buy,0x56ba2ee7890461f463f7be02aac3099f6d5811a8,0x1794c91fefb15d43defe238aed8bf786d9e281edd9c0c80df9c1b3490412fa5e
362,4,0.008,0xe32a3b9fb0085ea686f700364c38e9139d57e9be,2017-10-23T23:29:13.000Z,0.002,0xc4a86e01bf25b84fa3fde94115a6f678e2ed98bb,sell,0x56ba2ee7890461f463f7be02aac3099f6d5811a8,0x1a052500a33e6bae3b086c6593e3e502f3305711adca049f00594e4e74434d42
363,84.933,0.169866594531,0x7cea503fd36694c94a0901361bdd4cc8b4387094,2017-10-23T23:28:08.000Z,0.002000007,0xc4a86e01bf25b84fa3fde94115a6f678e2ed98bb,sell,0x56ba2ee7890461f463f7be02aac3099f6d5811a8,0x2fced202525717b428a66ea4d61290e699539ceedcb941067ecb8692bf0d0f91
364,1.994,0.003988013958,0x7cea503fd36694c94a0901361bdd4cc8b4387094,2017-10-23T23:23:05.000Z,0.002000007,0xd2ea382e498316d91b9de8557670149b479721a0,sell,0x56ba2ee7890461f463f7be02aac3099f6d5811a8,0xfa30a6be7102c2d2903c40a6ac747a248e1eba22b64253c1a8b81261d8970efd
365,2,0.0036,0xd2ea382e498316d91b9de8557670149b479721a0,2017-10-23T23:23:05.000Z,0.0018,0xcfd051af1ca385422346dbb8a542cedb34eaf7b0,buy,0x56ba2ee7890461f463f7be02aac3099f6d5811a8,0xfa30a6be7102c2d2903c40a6ac747a248e1eba22b64253c1a8b81261d8970efd
366,23.144,0.05346264,0xcfd051af1ca385422346dbb8a542cedb34eaf7b0,2017-10-23T23:12:59.000Z,0.00231,0x98e4406c3396a989398aabb57e392e5ed8660ca7,sell,0x56ba2ee7890461f463f7be02aac3099f6d5811a8,0x75d62ddf68e54029bb46cf4993ac08a45a453acb05b788bbec5294a6bb4e710c
367,48,0.1008,0x273a5d3e6721b9f5c1a6474f560c1334c63dda01,2017-10-23T23:11:52.000Z,0.0021,0x10f920ffad95f53168af567ecd635a6dd03a8b43,buy,0x56ba2ee7890461f463f7be02aac3099f6d5811a8,0x94dcec26181578ae1c874113fe67f3c5be2cb95a63bc14b0828759ec324f8ba8
368,47.856,0.11054736,0xcfd051af1ca385422346dbb8a542cedb34eaf7b0,2017-10-23T23:11:52.000Z,0.00231,0x273a5d3e6721b9f5c1a6474f560c1334c63dda01,sell,0x56ba2ee7890461f463f7be02aac3099f6d5811a8,0x94dcec26181578ae1c874113fe67f3c5be2cb95a63bc14b0828759ec324f8ba8
369,19.994,0.0399899994,0x08f8c3e8e29a409f2bdac488b1f07b138b989ca0,2017-10-23T23:10:59.000Z,0.0020001,0xc4a86e01bf25b84fa3fde94115a6f678e2ed98bb,sell,0x56ba2ee7890461f463f7be02aac3099f6d5811a8,0xd9df02634c4cd99edc7dacf5c5e42ebbebbcc4f41e4a61b8ffb3f89c18b03920
370,20,0.04002222,0xb0d2ce3e2bfbc1a47dbfe5b3eef5335284dfeb49,2017-10-23T23:09:09.000Z,0.002001111,0xc4a86e01bf25b84fa3fde94115a6f678e2ed98bb,sell,0x56ba2ee7890461f463f7be02aac3099f6d5811a8,0xb5a3d99039bf410832ce1b0449bd170c12fff25dbb15697bad0655f948e427b3
371,1242,2.484,0xeda2c8f4f6774cb76d301e496ab0e09a325bff05,2017-10-23T23:03:44.000Z,0.002,0xc4a86e01bf25b84fa3fde94115a6f678e2ed98bb,sell,0x56ba2ee7890461f463f7be02aac3099f6d5811a8,0xb7cc56d6bd4deff5c21269a50ac9a2047edfe87919b35e44e112d10c535b4578
372,33,0.0693,0x8589557a846bf4fdff3ef367956721a6c784d46e,2017-10-23T22:11:34.000Z,0.0021,0x10f920ffad95f53168af567ecd635a6dd03a8b43,buy,0x56ba2ee7890461f463f7be02aac3099f6d5811a8,0x03de16c8ac45438038e0fb6dd5321b1f798603ef3f90522e3f337f5e27d30031
373,100,0.21,0x1a2d336e035ad7ce32131ee411da2017e6c51b2c,2017-10-23T20:13:09.000Z,0.0021,0x8cd3bec93d81f900f4faef7f40259d392b616a7e,buy,0x56ba2ee7890461f463f7be02aac3099f6d5811a8,0xc38c2be1bc57556d006643687683df4851ab4cb3934946464c802b99513205d4
374,10,0.02001111,0xb0d2ce3e2bfbc1a47dbfe5b3eef5335284dfeb49,2017-10-23T19:36:44.000Z,0.002001111,0x3ea8a88dc7c5930c6ee57228a7bfe43a4f876fd3,sell,0x56ba2ee7890461f463f7be02aac3099f6d5811a8,0x6c4d6bd7aabeb7ce6325b426ce2aac55fce93f8618401045ee6d84cc657b45e4
375,322.35254372788347,0.6447050874557669,0xbc7ac1a623e7bebd29801bca3dff031f9d1c80b2,2017-10-23T19:11:41.000Z,0.002,0x0008631eea90043b262125c8de8d3191b1156c4e,sell,0x56ba2ee7890461f463f7be02aac3099f6d5811a8,0xad68a25bf4e94f51098ad9577b754f6287b4e7a65a2ea489d7a4af860bd58a98
376,20769.066,41.538132,0x543ad178c4e41fe985b7acbca24e8b10c7375883,2017-10-23T19:10:12.000Z,0.002,0x0008631eea90043b262125c8de8d3191b1156c4e,sell,0x56ba2ee7890461f463f7be02aac3099f6d5811a8,0x9d163300e5f9e3be7b7937fd228eae8f9d944c89fa8e483027f4be199287280b
