,amount,amountBase,buyer,date,price,seller,side,tokenAddr,txHash
0,987.03999999,0.926731855990611,0x652bf94db025def61d235c0a3eb986189c560a1f,2017-11-02T16:07:29.000Z,0.0009389,0x422d7c1f2f04e7582163d1381a436516f4de3c2a,sell,0x41e5560054824ea6b0732e656e3ad64e20e94e45,0x6942da596d1dc22a7babb122506bdaed6122a06d789d997910ccb12a2bc84738
1,995,0.71043,0x422d7c1f2f04e7582163d1381a436516f4de3c2a,2017-11-02T16:07:29.000Z,0.000714,0xfbf7dc0756a9768d0c71aea5f8421f3b1eaee7d1,buy,0x41e5560054824ea6b0732e656e3ad64e20e94e45,0x6942da596d1dc22a7babb122506bdaed6122a06d789d997910ccb12a2bc84738
2,994.9639336,0.9750736096034024,0xa3d7dedda551204ccb03bd79aa87824cc453b8de,2017-11-02T13:03:40.000Z,0.000980009,0xa32f766fb9f23512aa122cf91bdb4ed960875ccb,sell,0x41e5560054824ea6b0732e656e3ad64e20e94e45,0x069353d24fb338a4715555557ce37b7cd40783c191d7be77f5c3b9cda291c461
3,50,0.05,0x73ca63db611015808aacd9fe7d5499b97095a2d5,2017-11-02T13:02:15.000Z,0.001,0x8fd2515a5b29e61220ee080d484d1f2ea4c46e6b,sell,0x41e5560054824ea6b0732e656e3ad64e20e94e45,0xaab32b5838932280ac8c0e48b000dc4c2daf4c1d03ee28e884978b1215e83ddc
4,500,0.49915,0xeb4932499bf0785b6965f10e8ff9a395824502e1,2017-11-02T12:58:41.000Z,0.0009983,0x8fd2515a5b29e61220ee080d484d1f2ea4c46e6b,sell,0x41e5560054824ea6b0732e656e3ad64e20e94e45,0xcd44a61e00533596724e2deec6d93602a0dbf5e207f703a5fa7ec2f93d98ef0a
5,708.44,0.70773156,0x50687aff84edbd13b4f03403ff8a677d20a8c04b,2017-11-02T12:53:48.000Z,0.000999,0xa32f766fb9f23512aa122cf91bdb4ed960875ccb,sell,0x41e5560054824ea6b0732e656e3ad64e20e94e45,0xbb793a15e4eecae5d08f70f163236933b96f732148b15943c287047e02fdc92e
6,711,0.7117821,0x50687aff84edbd13b4f03403ff8a677d20a8c04b,2017-11-02T12:17:12.000Z,0.0010011,0x8fd2515a5b29e61220ee080d484d1f2ea4c46e6b,sell,0x41e5560054824ea6b0732e656e3ad64e20e94e45,0xb41ee775e4e76f32a5a949269df1a072a40887b09b8d654c1fb8211500de1033
7,995,0.995995,0x50687aff84edbd13b4f03403ff8a677d20a8c04b,2017-11-02T11:18:18.000Z,0.001001,0xa32f766fb9f23512aa122cf91bdb4ed960875ccb,sell,0x41e5560054824ea6b0732e656e3ad64e20e94e45,0xc97875e9bb30ee3df00d0bfeacff821d4686464895186167deb9433f2c68b2e0
8,2985,2.985032835,0xc11f32a3d45a3dc54b34234dd2b9f46292e69c02,2017-11-02T10:50:39.000Z,0.001000011,0xa32f766fb9f23512aa122cf91bdb4ed960875ccb,sell,0x41e5560054824ea6b0732e656e3ad64e20e94e45,0x6fd1faf2aabe82518e501571f1cde9b637530ec618e940ad97a41de8cd30c540
9,0.44642857,0.0005,0x3075f7f189912f4f425dd7021b9c396434197477,2017-11-02T09:18:09.000Z,0.001120000003584,0x1387f9e57202f430f07ca0c319d65ae5ef950182,buy,0x41e5560054824ea6b0732e656e3ad64e20e94e45,0x30a31736812e8cbc52f364ff87e33bfdf0ecd443e024ee1093f3e55b14505112
10,0.44642857,0.0005,0x4fda9e6bcd83af6c5cc771b5d20accc2b7720074,2017-11-02T09:16:26.000Z,0.001120000003584,0x1387f9e57202f430f07ca0c319d65ae5ef950182,buy,0x41e5560054824ea6b0732e656e3ad64e20e94e45,0xb966fa8db8f2c18a1740281600fdd5e4385a14edac26588e48c24a0b5ef46fd9
11,49.85,0.05907225,0x899888f5f43a4521dcb8163622853168b11c9f2f,2017-11-02T05:58:08.000Z,0.001185,0x273a5d3e6721b9f5c1a6474f560c1334c63dda01,sell,0x41e5560054824ea6b0732e656e3ad64e20e94e45,0xa6bae9ff3ba7631bfbaa75e1bbcc83325635ab68a45243e05582532e52e3faa2
12,50,0.05723605,0x273a5d3e6721b9f5c1a6474f560c1334c63dda01,2017-11-02T05:58:08.000Z,0.001144721,0xed7f4d43a68a1353004159aa48fcf79e23b5b75f,buy,0x41e5560054824ea6b0732e656e3ad64e20e94e45,0xa6bae9ff3ba7631bfbaa75e1bbcc83325635ab68a45243e05582532e52e3faa2
13,14.44552564,0.0171179478834,0x85340638f7fd12497c9e4f816dc3ef2557d2fc1c,2017-11-01T17:54:11.000Z,0.001185,0x0cdc9010e997542b7cd7c382316953a41e5461e8,buy,0x41e5560054824ea6b0732e656e3ad64e20e94e45,0xa515fc9cca0619922a64714a72e80990d02d07574b0a286e59ae12214108c432
14,1.01605561,0.001204025903530669,0x85340638f7fd12497c9e4f816dc3ef2557d2fc1c,2017-11-01T17:49:37.000Z,0.0011850000055909037,0x0cdc9010e997542b7cd7c382316953a41e5461e8,buy,0x41e5560054824ea6b0732e656e3ad64e20e94e45,0x4abe3e732d24493d09636e7f9630a5572752802aea84bca5864448bc2d474496
15,2.0187419,0.0020153120575119,0xdcdbb380953c9cfa4f51a8d9f80d88b9a362e707,2017-11-01T17:11:36.000Z,0.000998301,0xd191654db9f3194383ee2d9076947a85abb21655,sell,0x41e5560054824ea6b0732e656e3ad64e20e94e45,0x1a60ea76cf8dc201e5427b8959bf9f0d3a78cf1157c4a03728e1cdf074499598
16,402.975,0.402975,0xa32f766fb9f23512aa122cf91bdb4ed960875ccb,2017-11-01T16:51:20.000Z,0.001,0xd191654db9f3194383ee2d9076947a85abb21655,buy,0x41e5560054824ea6b0732e656e3ad64e20e94e45,0xc579a8965c49c05084cb16ad3e57acd9d4a4723890b6bf36ce5c672c51bbaedd
17,199.99999999,0.24327200000059723,0xde62454e1f6f7ef04a70a79edd44936aaa5259ae,2017-11-01T16:17:58.000Z,0.001216360000063804,0xa32f766fb9f23512aa122cf91bdb4ed960875ccb,buy,0x41e5560054824ea6b0732e656e3ad64e20e94e45,0x7e868294be856dd4735f18aa181a6739dbffba497fb70da39bc9224252c38185
18,700,0.7224,0x0cdc9010e997542b7cd7c382316953a41e5461e8,2017-11-01T15:10:25.000Z,0.001032,0x3573cbd6c159610e127028e2f81b0c0fe1ba4435,sell,0x41e5560054824ea6b0732e656e3ad64e20e94e45,0x0f7bb5a08a8dbc0cff9c71685c76c68cca5c6068ac1e413a2156c83f0a281b81
19,1953.143,1.97267443,0xf1791651f3a2a0a94f068ae122675aab7e434866,2017-11-01T15:10:25.000Z,0.00101,0x3573cbd6c159610e127028e2f81b0c0fe1ba4435,sell,0x41e5560054824ea6b0732e656e3ad64e20e94e45,0x5c08bb4e157a9e1bbaec938d03ceb15de620390c49da0750ee2e700d7d58d857
20,935.35083734,0.982118379207,0x9fd097d48245eba3bc515d6489239e8493dcb35f,2017-11-01T14:59:39.000Z,0.00105,0x3573cbd6c159610e127028e2f81b0c0fe1ba4435,sell,0x41e5560054824ea6b0732e656e3ad64e20e94e45,0x1f2cded27a6e835a82334ceb82e60fed837a45994c377b8af54cf11544ae5304
21,17.50616266,0.018381470793,0x9fd097d48245eba3bc515d6489239e8493dcb35f,2017-11-01T14:58:35.000Z,0.00105,0xf142f26d1cac4ba8a6e6d7974d243eda2fe5f4f9,sell,0x41e5560054824ea6b0732e656e3ad64e20e94e45,0x91848db27c4b37eab79862d8368a8261521276363e060805b718a279c0e0ef25
22,4.65,0.0049755,0x808615177b466b69ec6a99c728327e6574bdf490,2017-11-01T14:57:57.000Z,0.00107,0xf142f26d1cac4ba8a6e6d7974d243eda2fe5f4f9,sell,0x41e5560054824ea6b0732e656e3ad64e20e94e45,0xf4560514fd8d2f9d0e5ad702de0c42a1d41181c0f45798780fb0e952df197084
23,2.5,0.002775,0x24802cf659a5974b00989575b23532ab696f2df8,2017-11-01T14:52:54.000Z,0.00111,0xf142f26d1cac4ba8a6e6d7974d243eda2fe5f4f9,sell,0x41e5560054824ea6b0732e656e3ad64e20e94e45,0xbd7a57ce2ef5d2c8efd737591f06d34e06670375bc1c1cff490fbde6549302e1
24,10,0.011,0x38d48de493ec0af8f2ab8c4c8772e59d2e3357d8,2017-11-01T14:52:54.000Z,0.0011,0xf142f26d1cac4ba8a6e6d7974d243eda2fe5f4f9,sell,0x41e5560054824ea6b0732e656e3ad64e20e94e45,0xf347a1627041ad8b09d05cfad316a715792cb58f5f1776f73d6d101365d4dc04
25,4.63556381,0.00516865828371381,0x25cb0ecbc7f8b7844531df9d137dcb594080a311,2017-11-01T14:52:54.000Z,0.001115001,0xf142f26d1cac4ba8a6e6d7974d243eda2fe5f4f9,sell,0x41e5560054824ea6b0732e656e3ad64e20e94e45,0x0793219026854696beb0ab53ef1157f6834bfdd2e50bcabfe4a93b36ec2c90c0
26,2.236,0.0025714,0x1f686fd0890109346c9242ae8644985e18e1ee6d,2017-11-01T14:52:54.000Z,0.00115,0xf142f26d1cac4ba8a6e6d7974d243eda2fe5f4f9,sell,0x41e5560054824ea6b0732e656e3ad64e20e94e45,0x620655fde59dd9a22116830bad455049a5c5434fd72f7547bcf0c6df32ab8206
27,3.17461103,0.0035555643536,0xa7d3aa01d021c362143422e32c099a34d5fbe320,2017-11-01T14:52:54.000Z,0.00112,0xf142f26d1cac4ba8a6e6d7974d243eda2fe5f4f9,sell,0x41e5560054824ea6b0732e656e3ad64e20e94e45,0xd9c2bfcebc5afb1fded5affa947090b884790eae833b7ff8fd984a25e36292ba
28,20,0.023,0x1f686fd0890109346c9242ae8644985e18e1ee6d,2017-11-01T14:51:01.000Z,0.00115,0xf142f26d1cac4ba8a6e6d7974d243eda2fe5f4f9,sell,0x41e5560054824ea6b0732e656e3ad64e20e94e45,0xb84f3fc3247ddff68776479a49d1113a48f9e431f4e08d214ea4fd2a6971cf2f
29,185,0.205535,0x5c2502f79921358429051d256b20d8a5af8e3bf5,2017-11-01T14:47:03.000Z,0.001111,0xf142f26d1cac4ba8a6e6d7974d243eda2fe5f4f9,sell,0x41e5560054824ea6b0732e656e3ad64e20e94e45,0xcffbed4d1ccf173bc6125c0617afaadec92d80b29ae5e7c1b54fc3305ab55710
30,4516.99730834,4.742847173757,0x3573cbd6c159610e127028e2f81b0c0fe1ba4435,2017-11-01T14:39:59.000Z,0.00105,0x3df86cefaecfaa31be2f74f8f832cb4ef62b79f8,sell,0x41e5560054824ea6b0732e656e3ad64e20e94e45,0x4c7acb353c9f928695d49701925fdaa04b3eb1649deefe913243503022fcfa9c
31,4531.95119952,4.985146319472,0x3573cbd6c159610e127028e2f81b0c0fe1ba4435,2017-11-01T14:38:58.000Z,0.0011,0xf142f26d1cac4ba8a6e6d7974d243eda2fe5f4f9,sell,0x41e5560054824ea6b0732e656e3ad64e20e94e45,0x7aba80190db7d47e4ac1e45cf21668f03c27fcefb4d51e41f60ce893b04fd25f
32,925.35,0.9901245,0x808615177b466b69ec6a99c728327e6574bdf490,2017-11-01T14:29:15.000Z,0.00107,0xa32f766fb9f23512aa122cf91bdb4ed960875ccb,sell,0x41e5560054824ea6b0732e656e3ad64e20e94e45,0xfc8c0adf49243cde60b7b5d43b4e3f835e2b0147463d50f7fe61a350fe9fe28c
33,497.5,0.552225,0x24802cf659a5974b00989575b23532ab696f2df8,2017-11-01T10:38:52.000Z,0.00111,0xa32f766fb9f23512aa122cf91bdb4ed960875ccb,sell,0x41e5560054824ea6b0732e656e3ad64e20e94e45,0xc8c32a79712683c49acb715add50a89de8613cdc223466652e5edd26559dd6be
34,1495.36443619,1.6673328417162863,0x25cb0ecbc7f8b7844531df9d137dcb594080a311,2017-11-01T10:27:17.000Z,0.001115001,0xff684104992bd26b6326bca4620d733526c0ddb1,sell,0x41e5560054824ea6b0732e656e3ad64e20e94e45,0xe7a990d4cb581473d88c8e92fcefa70135210d5809fa7a5268757e0930c41576
35,995,1.109425,0xfbf7dc0756a9768d0c71aea5f8421f3b1eaee7d1,2017-11-01T10:02:03.000Z,0.001115,0xa32f766fb9f23512aa122cf91bdb4ed960875ccb,sell,0x41e5560054824ea6b0732e656e3ad64e20e94e45,0x507bbd406bb9207069ac2e9e6e5f6126476854ebd3b97abaf4aac1614225aedf
36,125,0.209875,0x210363a04747b50ed2f9b47efad122b0969aeea1,2017-11-01T05:55:12.000Z,0.001679,0x422d7c1f2f04e7582163d1381a436516f4de3c2a,sell,0x41e5560054824ea6b0732e656e3ad64e20e94e45,0xced04c713d9ba9e38c4a61342743354407d3de5eec7a4a50020199b83a09fc4d
37,125.49999999,0.15411261949999996,0x422d7c1f2f04e7582163d1381a436516f4de3c2a,2017-11-01T05:55:12.000Z,0.0012279890000978474,0x0020d65da5c26e824ee6d61a9064bf2bf51c57ca,buy,0x41e5560054824ea6b0732e656e3ad64e20e94e45,0xced04c713d9ba9e38c4a61342743354407d3de5eec7a4a50020199b83a09fc4d
38,45.52384046,0.05590277533153297,0x39a5359886f0647b93a269b3c5e24ed6102b5ddb,2017-11-01T05:05:01.000Z,0.0012279890001954587,0x0020d65da5c26e824ee6d61a9064bf2bf51c57ca,buy,0x41e5560054824ea6b0732e656e3ad64e20e94e45,0x1be877af42afec96336a0a581d5056c37b6cbd0e9b26cd06518049eae3220d0c
39,36.69685039,0.044035853504426,0x39a5359886f0647b93a269b3c5e24ed6102b5ddb,2017-11-01T04:55:14.000Z,0.0011999900001343413,0xacadb04c26e202f4ccad5851233f274239f3ce43,buy,0x41e5560054824ea6b0732e656e3ad64e20e94e45,0x5f5e386919258b1d1926126d85ffe0a461d913c22e207c8ba2e0b3a8b98db28f
40,13.2931496,0.015951646595574,0x0aabb81b2f75cf9918ecc7b7df93452dfd3cca4d,2017-11-01T04:38:29.000Z,0.001199990000531853,0xacadb04c26e202f4ccad5851233f274239f3ce43,buy,0x41e5560054824ea6b0732e656e3ad64e20e94e45,0xadc0f7412cd2d4b206e6a1618e59f016441d271a8536cbf78946ac14e79b2a22
41,1083.88848745,1.3249127704117236,0x60427f56119757c01a5f12b9a4bcaea8001667df,2017-11-01T04:12:07.000Z,0.0012223700000068892,0xa32f766fb9f23512aa122cf91bdb4ed960875ccb,buy,0x41e5560054824ea6b0732e656e3ad64e20e94e45,0x8bd5ade7c48530213dc4e32a83694c55564895ab07f759c9128efc69c5fa50cd
42,631.74759305,0.707557304216,0xa7d3aa01d021c362143422e32c099a34d5fbe320,2017-11-01T03:59:40.000Z,0.00112,0xa32f766fb9f23512aa122cf91bdb4ed960875ccb,sell,0x41e5560054824ea6b0732e656e3ad64e20e94e45,0x6211cc7bc453b99a918d466c614693de783f05bac2cda5a71ada588b9f40d8fb
43,2055.32672175,2.46,0x60427f56119757c01a5f12b9a4bcaea8001667df,2017-11-01T03:09:42.000Z,0.0011968900000022588,0xa32f766fb9f23512aa122cf91bdb4ed960875ccb,buy,0x41e5560054824ea6b0732e656e3ad64e20e94e45,0xb1527deb3b49d1330433f4f02480c48bf81d4c64953933256c1b54ae992be644
44,1000,1.2,0x60427f56119757c01a5f12b9a4bcaea8001667df,2017-11-01T03:05:50.000Z,0.0012,0xbc591ebbc0fb9a0933b018fe86e1e3f4debf5a6b,buy,0x41e5560054824ea6b0732e656e3ad64e20e94e45,0xe842ba66fb7a8447aa29531f5601bc57347fccd03f9e2d3ec54d83924fbb83d7
45,122.07779592,0.1367271314304,0xa7d3aa01d021c362143422e32c099a34d5fbe320,2017-11-01T02:01:42.000Z,0.00112,0x339d41bfeda98b0b726a0f2e071ebfe8509086a3,sell,0x41e5560054824ea6b0732e656e3ad64e20e94e45,0xf998805609fd1a13418955a1e397324f2c8463b0f6a690dd3fa3b1c98f70048e
46,154.771,0.175046001,0xfbc33062e4e1d2ab3b04fad8b6a5c82b4f92fd35,2017-11-01T01:59:53.000Z,0.001131,0x339d41bfeda98b0b726a0f2e071ebfe8509086a3,sell,0x41e5560054824ea6b0732e656e3ad64e20e94e45,0x6a1942754fb065160350826735e8ebd6eb42f416769554100330a2be3d9addac
47,243,0.27216,0xa7d3aa01d021c362143422e32c099a34d5fbe320,2017-11-01T00:19:40.000Z,0.00112,0x254b7ca28b2187527b2ec194fc5746e0dfafe0af,sell,0x41e5560054824ea6b0732e656e3ad64e20e94e45,0x320df7e2f4ad108bec137248bad040bd15f4b6c7ad10b9d037d217d480b5aeff
48,200,0.23,0xa75fcdf436c9713b3757819f1fb235918749c3ba,2017-10-31T22:55:42.000Z,0.00115,0x339d41bfeda98b0b726a0f2e071ebfe8509086a3,buy,0x41e5560054824ea6b0732e656e3ad64e20e94e45,0xb0d4edb87a9fa42c5017938d2087e89ee729ab05cb26ad32a856f14417e0a800
49,865.22898289,0.97857397964859,0xfbc33062e4e1d2ab3b04fad8b6a5c82b4f92fd35,2017-10-31T21:39:15.000Z,0.001131,0x0248cf74ed50adcf0c050a7ca4136dcb90520f84,sell,0x41e5560054824ea6b0732e656e3ad64e20e94e45,0x78192a6cf92f6bdf5bfd7742a22527186ae0031aa39efff73cc6cedf289703fd
50,268.84375812,0.3040894436532901,0x25cb0ecbc7f8b7844531df9d137dcb594080a311,2017-10-31T21:37:57.000Z,0.001131101,0x0248cf74ed50adcf0c050a7ca4136dcb90520f84,sell,0x41e5560054824ea6b0732e656e3ad64e20e94e45,0xdf33b0dc0a576644202e253f2317f6bb2f87686709e3113244b4201f19cc8682
51,80,0.0936,0xe927ff4e95a314af3d891728b3c9aead0c2b11d9,2017-10-31T20:23:53.000Z,0.00117,0x339d41bfeda98b0b726a0f2e071ebfe8509086a3,buy,0x41e5560054824ea6b0732e656e3ad64e20e94e45,0x36ce60d5b5f069f96125db3a019e476295d269327083717354471fff1ef11103
52,0.023,0.000026015323,0x25cb0ecbc7f8b7844531df9d137dcb594080a311,2017-10-31T17:50:54.000Z,0.001131101,0xb9fac6494b5a2fd5141f5b09ad0e61444c8d9d47,sell,0x41e5560054824ea6b0732e656e3ad64e20e94e45,0x95db091580386e1cbe556f9abab616fd7562f0d8d66f271f5ed3283c741faed4
53,231.13324188,0.2614350410237099,0x25cb0ecbc7f8b7844531df9d137dcb594080a311,2017-10-31T17:34:08.000Z,0.001131101,0xb9fac6494b5a2fd5141f5b09ad0e61444c8d9d47,sell,0x41e5560054824ea6b0732e656e3ad64e20e94e45,0x8e1ffe169862ff6eb8bfe62d84c9793f050e5eb4afce832220e83173e377589e
54,31.41,0.37692,0x4651dca516803abf3556d39ea8b448eea92eaff1,2017-10-31T17:25:03.000Z,0.012,0xd815bbdb973fcfae73f27ddc9a135e377028c1c5,sell,0x41e5560054824ea6b0732e656e3ad64e20e94e45,0xbeb470621766b125794d7999334ba4074c7681520692c9912d384af7b998c3fd
55,31.50423,0.037805076,0xd815bbdb973fcfae73f27ddc9a135e377028c1c5,2017-10-31T17:25:03.000Z,0.0012,0x339d41bfeda98b0b726a0f2e071ebfe8509086a3,buy,0x41e5560054824ea6b0732e656e3ad64e20e94e45,0xbeb470621766b125794d7999334ba4074c7681520692c9912d384af7b998c3fd
56,1,0.001211,0x8764e6ebd6585c21051af37ef6c983344b81445f,2017-10-31T16:26:16.000Z,0.001211,0x0cdc9010e997542b7cd7c382316953a41e5461e8,buy,0x41e5560054824ea6b0732e656e3ad64e20e94e45,0x10fcbb440c58a029d3dcf0173b1a810a3f135197a9890d70ad7fa71ec0bada31
57,50,0.0613899,0xe927ff4e95a314af3d891728b3c9aead0c2b11d9,2017-10-31T14:51:44.000Z,0.001227798,0xacadb04c26e202f4ccad5851233f274239f3ce43,buy,0x41e5560054824ea6b0732e656e3ad64e20e94e45,0x7bb437a188169348b37f96599e01a48e537793c32922a5037874b01b701290bf
58,1,0.001211,0x0b773d7819259d78757b26dc4148812d35676d8f,2017-10-31T14:37:06.000Z,0.001211,0x0cdc9010e997542b7cd7c382316953a41e5461e8,buy,0x41e5560054824ea6b0732e656e3ad64e20e94e45,0x15da6efe6e5a366cd091955cb4b245ab78044542e1675a83cbd4eec4976b5250
59,901.20626059,1.0219498753842424,0xa32f766fb9f23512aa122cf91bdb4ed960875ccb,2017-10-31T14:05:15.000Z,0.0011339800000004375,0x0f8e39777bcb0a52cb72042ceb5d67ce44b982d1,sell,0x41e5560054824ea6b0732e656e3ad64e20e94e45,0x9e1907da09888b5cfd2f66249faeb9f27ddbf91cfd36ffc9c04e946177007d76
60,0.00007566,0.000000091633840423,0xacb360682c5c74e38ff7c88671ba0c55a6283c1e,2017-10-31T12:53:22.000Z,0.0012111266246761828,0x0cdc9010e997542b7cd7c382316953a41e5461e8,buy,0x41e5560054824ea6b0732e656e3ad64e20e94e45,0xb9ff222e43ffc94bb475bd21d3dde5cef291f7344f49556754f8d50df2dd5eb5
61,0.75902481,0.000919179053274847,0xacb360682c5c74e38ff7c88671ba0c55a6283c1e,2017-10-31T12:49:20.000Z,0.0012110000110205185,0x0cdc9010e997542b7cd7c382316953a41e5461e8,buy,0x41e5560054824ea6b0732e656e3ad64e20e94e45,0x22867a6713f734a5bd9472375845eb737858b40ded2c7dc0cfba30d9ff4d894e
62,53,0.064183,0xacb360682c5c74e38ff7c88671ba0c55a6283c1e,2017-10-31T12:44:03.000Z,0.001211,0x0cdc9010e997542b7cd7c382316953a41e5461e8,buy,0x41e5560054824ea6b0732e656e3ad64e20e94e45,0xeb50102e627706b8e88da2fb11761e3ef5fe0db084ea1cc728bce374edede9ec
63,1900,2.3332,0xefab6ed74d12f51bb50fda0268e48b4fbc13d0cc,2017-10-31T10:24:41.000Z,0.001228,0x583b640795999aa2bb22c1a62a91336ff9d325bb,buy,0x41e5560054824ea6b0732e656e3ad64e20e94e45,0xb0fcac12bb18fd43f1e53cdd074da1757088b23b0088f0e3084cc67df85280ce
64,96.39888761,0.106805147527966,0xa32f766fb9f23512aa122cf91bdb4ed960875ccb,2017-10-31T08:26:17.000Z,0.0011079500000048391,0xe72da650dcf6061ba9079609f311392d5b13cb9c,sell,0x41e5560054824ea6b0732e656e3ad64e20e94e45,0x01db84bb3f320e2ef0ebcadcf6bf6522f74966d3f1bfc9c03086324aaad7af1b
65,150,0.184198284,0xf526aa94cf553fe938766ca221f459e2f49ca93c,2017-10-31T04:10:29.000Z,0.00122798856,0x00e9007f40668774f5c1f7a233d77b64ec29270a,buy,0x41e5560054824ea6b0732e656e3ad64e20e94e45,0x082d7c44fa872bc11656192122dfcac304a9cc030d5deb3100f351b8d7b85568
66,0.437,0.00049763812,0xa7a1043617ea81f06ff7cb55bbb70f9afe459c9a,2017-10-31T04:05:45.000Z,0.00113876,0xe444a40689f51f63bcd29910622035707d533d29,sell,0x41e5560054824ea6b0732e656e3ad64e20e94e45,0xb8c2d829a1f424a33e1df6570fd6f2be22406266f251a25036cecb73461eafe8
67,84.21915551,0.0959054055285676,0xa7a1043617ea81f06ff7cb55bbb70f9afe459c9a,2017-10-31T02:38:49.000Z,0.00113876,0x0265afc497b9dfc5a9648d66322e19b9edcd0faa,sell,0x41e5560054824ea6b0732e656e3ad64e20e94e45,0x5d7bb90bcd9d0025fe0caf6f37f75b5509de3a934ae6c67e924d687b7dff229e
68,18.21081245,0.02073776299637445,0xdaa6dbe69b63df377d4f92914883544426fd9081,2017-10-31T02:38:01.000Z,0.001138761,0x0265afc497b9dfc5a9648d66322e19b9edcd0faa,sell,0x41e5560054824ea6b0732e656e3ad64e20e94e45,0x1b55ad4d71e9aeb0a4eca2f69fd665fbfe5aecf040b58d0d7d9f3063794fcafe
69,300,0.3416283,0xdaa6dbe69b63df377d4f92914883544426fd9081,2017-10-31T02:36:43.000Z,0.001138761,0x0265afc497b9dfc5a9648d66322e19b9edcd0faa,sell,0x41e5560054824ea6b0732e656e3ad64e20e94e45,0x9f0a8aea7df71be2b00cafcd935c61d26e3946d185a136db0b2547e4c1182ec9
70,100,0.1138762,0x341b4cc7a3a23660f4de71c0b741eb5cde078b8a,2017-10-31T02:36:08.000Z,0.001138762,0x0265afc497b9dfc5a9648d66322e19b9edcd0faa,sell,0x41e5560054824ea6b0732e656e3ad64e20e94e45,0x6bbccb520c5e6107beff138fe29785fa3ccef59a06ea55e3179b3012411dbf3b
71,0.01,0.00001227988,0x0c4085d8e714ca77ac5f46cd2b80a92d238a7cd3,2017-10-31T00:57:57.000Z,0.001227988,0xacadb04c26e202f4ccad5851233f274239f3ce43,buy,0x41e5560054824ea6b0732e656e3ad64e20e94e45,0xb48384a1fcc444c82287c8cf6cd2edabd334b2564102bd7a6a5758adf3e0d7cc
72,50,0.069,0x3c43f82e0810edd0789425b8bc0ec8c11822b13d,2017-10-30T23:12:27.000Z,0.00138,0x7616bb991081160eb20ff62ba47da6e54f5c8728,buy,0x41e5560054824ea6b0732e656e3ad64e20e94e45,0x22cdf083ef029c4a11a4d5326aed0f7df664ca1adc387b394ecccbbf8c8c3870
73,188.41591067,0.20970690857571,0x12cc75b940932bb247dc96fe42136345436e015e,2017-10-30T22:25:09.000Z,0.001113,0xf9164115b47750b38f52d0de524d79163793b393,sell,0x41e5560054824ea6b0732e656e3ad64e20e94e45,0x399b5cc766cd1fe75e08e31227390f309e91a5f33289d4fadd1c7d3dda510b54
74,189,0.23146074,0xf9164115b47750b38f52d0de524d79163793b393,2017-10-30T21:49:39.000Z,0.00122466,0x2475fe4d7a9d7d2e7908baf6697b801596bf5148,buy,0x41e5560054824ea6b0732e656e3ad64e20e94e45,0xb4da57f5b9537d06a94694a1f50c3e12f9c4062a354782d911a6cd0da2e22baa
75,49.84559634,0.055373971430219056,0xa32f766fb9f23512aa122cf91bdb4ed960875ccb,2017-10-30T21:19:17.000Z,0.0011109100000030025,0xe6aa33b127ef8fe01a31ba076ed52483dc6e2fec,sell,0x41e5560054824ea6b0732e656e3ad64e20e94e45,0x1d80f2259b2d5a4e9176f7e9d3410820d5c06ec037920f0201110e812d61e71e
76,2,0.00231,0x1b137988fac9519835e4021113e53b5ee569da38,2017-10-30T21:13:32.000Z,0.001155,0xb68599528b69bd8030b08297207ab3f032b2f7b2,buy,0x41e5560054824ea6b0732e656e3ad64e20e94e45,0xabf247723a9117b07da977a54501cc82cdd2f2a678e7325e8f80ff292590cb28
77,10.04087329,0.0114465955506,0x52a561f94dded749051ee779dc0eaa020a4af74b,2017-10-30T20:42:23.000Z,0.00114,0x9b523cadad9e979617073e444c021bd326b74dbf,sell,0x41e5560054824ea6b0732e656e3ad64e20e94e45,0x0f9eecc736561e7f7774cacfa14504b9aae8014c1f0882a4eb80d5bf28fd53b1
78,188.55747183,0.2083578919468683,0x2475fe4d7a9d7d2e7908baf6697b801596bf5148,2017-10-30T18:38:06.000Z,0.00110501,0x01e5d52447d74fa40a21666f0240937b8e2265d1,sell,0x41e5560054824ea6b0732e656e3ad64e20e94e45,0xc9e84fc505315c1fce1749d331226ae24fb83ebff462254d8a452f6a5a3b1104
79,436,0.5014,0x52a561f94dded749051ee779dc0eaa020a4af74b,2017-10-30T18:36:55.000Z,0.00115,0x01e5d52447d74fa40a21666f0240937b8e2265d1,sell,0x41e5560054824ea6b0732e656e3ad64e20e94e45,0x8daf74f178e4ef427ef2b52541cf91135e46ad548c3890219c8e321ad96c2cca
80,599.95587942,0.6239541145968,0x5f2ce35dca6626c5c934fed00b0c1986156ee9ff,2017-10-30T15:11:39.000Z,0.00104,0x8a249cdb0dcb54e7ba0ab703b801f53900d28c05,sell,0x41e5560054824ea6b0732e656e3ad64e20e94e45,0xd76cc33c16860229560c9588f0592c9bbf666fb84d8eb9974920748c97d0d28a
81,21.03531025,0.0231390516281025,0x318acb24cf301a1582e41275fca45567fc7bcdb1,2017-10-30T14:42:13.000Z,0.00110001,0x05202bb8ecb44a77edf08b3d61cf65a299c246f0,sell,0x41e5560054824ea6b0732e656e3ad64e20e94e45,0x540e14fd56edc6fcd19adadf45b2a5802771aa6f1f507b98354c6b2986579696
82,100,0.1101001,0xacadb04c26e202f4ccad5851233f274239f3ce43,2017-10-30T14:40:16.000Z,0.001101001,0x05202bb8ecb44a77edf08b3d61cf65a299c246f0,sell,0x41e5560054824ea6b0732e656e3ad64e20e94e45,0x0a1a318b28124761f4a111ce53b4ee244f31590bfa2b56cf66e60e1b28231db9
83,1092.05718123,1.3467576776199135,0x7219524df0e8f5e8c63f0b055e9aa6515601da3a,2017-10-30T14:31:33.000Z,0.0012332300000106593,0xa32f766fb9f23512aa122cf91bdb4ed960875ccb,buy,0x41e5560054824ea6b0732e656e3ad64e20e94e45,0x9b8abd678a3a36ecd05a40eddec83e8d74dacdab35854ee6555c00bf982f21e2
84,3.87099989,0.0048387498625,0x9e192690c44493e5dc724b5adfc7099a8e3c324c,2017-10-30T13:39:55.000Z,0.00125,0x3e351848599f09b91a669836abe30a494901c93b,sell,0x41e5560054824ea6b0732e656e3ad64e20e94e45,0x04a4ddb0e3ffc7c2cef9bbd28f6be106f138021c95125117625207242f2d38a9
85,3.88299999,0.004788865070018209,0x3e351848599f09b91a669836abe30a494901c93b,2017-10-30T13:38:43.000Z,0.001233290003180816,0xa32f766fb9f23512aa122cf91bdb4ed960875ccb,buy,0x41e5560054824ea6b0732e656e3ad64e20e94e45,0xcbd2b92e0af4e99bb908ce5388c8e6493f2710948671655eb08be977a2bb920d
86,2847.56982006,3.1323552777642005,0x318acb24cf301a1582e41275fca45567fc7bcdb1,2017-10-30T10:50:28.000Z,0.00110001,0xa32f766fb9f23512aa122cf91bdb4ed960875ccb,sell,0x41e5560054824ea6b0732e656e3ad64e20e94e45,0x3e190369f23edec89e92ef513f69b14b5915a7c52cdf8b440a1a8a1bd8e1ca66
87,15,0.016515,0x0cdc9010e997542b7cd7c382316953a41e5461e8,2017-10-30T07:59:25.000Z,0.001101,0xc5ad5d7987a0c069311d9082e8470dbd834622fa,sell,0x41e5560054824ea6b0732e656e3ad64e20e94e45,0x28a4d516cbcce14d4b222b10e1f0e8bb59782b7bfc3a73cc7ac15e0344985b06
88,135.00357038,0.1645504517994218,0x557c7d3463923356bd362f91c13693fa649506bf,2017-10-30T06:33:17.000Z,0.0012188600000448506,0xa32f766fb9f23512aa122cf91bdb4ed960875ccb,buy,0x41e5560054824ea6b0732e656e3ad64e20e94e45,0xc440c78ad3c308155e513b8cd4de7007b7e922d1ad3d8da2011596c0d8d1d2ce
89,588.05904136,0.676267897564,0xff4482de17e729e19d75d70fc005f2e4ba75905f,2017-10-30T02:38:48.000Z,0.00115,0xa7d3aa01d021c362143422e32c099a34d5fbe320,buy,0x41e5560054824ea6b0732e656e3ad64e20e94e45,0xbc39b9864951408b96874852468ca1179717362cd4892b2ec1e9a844ba70d990
90,0.474,0.0005214,0x5da8365a7d67ec3d09d72bcea2cc4fa6f640d26c,2017-10-30T02:13:01.000Z,0.0011,0x16e5d97bbc92417e051e3b2cabfbf8ceea2acb9c,sell,0x41e5560054824ea6b0732e656e3ad64e20e94e45,0x206b976f52c5ebfce280a6dd33ff9986a9fe2321ab7f941b9aab2758f5f86201
91,0.452,0.0004972,0x5da8365a7d67ec3d09d72bcea2cc4fa6f640d26c,2017-10-30T02:09:51.000Z,0.0011,0x379374d13077e8867ef31803c37baf9785a17c00,sell,0x41e5560054824ea6b0732e656e3ad64e20e94e45,0x3208df12f424f33410a0f6162ed741c50113641628ece62a59bbeb55a8fc576f
92,995,1.0945,0x5da8365a7d67ec3d09d72bcea2cc4fa6f640d26c,2017-10-30T01:30:59.000Z,0.0011,0xa32f766fb9f23512aa122cf91bdb4ed960875ccb,sell,0x41e5560054824ea6b0732e656e3ad64e20e94e45,0x7aec43bd6aeff15f139256393412a01fd0193f84d2807fe0a4b1418b4fe73ac8
93,129.33001392,0.14872951601335474,0x220edf3781a3962250ee374b99a1d64c75b10047,2017-10-29T23:27:34.000Z,0.0011500000000414037,0xa7d3aa01d021c362143422e32c099a34d5fbe320,buy,0x41e5560054824ea6b0732e656e3ad64e20e94e45,0x805a32262f864e4329937623e17b436be8e1ec202a3029d7b656f9b51f403d53
94,717.38890009,0.7819539010981,0xa7d3aa01d021c362143422e32c099a34d5fbe320,2017-10-29T22:17:30.000Z,0.00109,0xa32f766fb9f23512aa122cf91bdb4ed960875ccb,sell,0x41e5560054824ea6b0732e656e3ad64e20e94e45,0xf31c684ece60a7c3502db89910281ad71f6ae5976cb670e02c717c7846514a55
95,106.99399999,0.13242754374051405,0x6b952fcc1779524d331445ccecd9d0798194785e,2017-10-29T20:13:44.000Z,0.0012377100001204847,0xa32f766fb9f23512aa122cf91bdb4ed960875ccb,buy,0x41e5560054824ea6b0732e656e3ad64e20e94e45,0x81d3b31ee253dd4991425b9e32a5fc7f56bcf5aaf552557038df7ec8c23d4ae4
96,93.006,0.1069569,0x6b952fcc1779524d331445ccecd9d0798194785e,2017-10-29T20:11:13.000Z,0.00115,0xa7d3aa01d021c362143422e32c099a34d5fbe320,buy,0x41e5560054824ea6b0732e656e3ad64e20e94e45,0x5c22a691aab9a7f5b164b839979246a9ffa585315dd9141593877358b5f2ede9
97,0.95446795,0.001049914745,0x254b7ca28b2187527b2ec194fc5746e0dfafe0af,2017-10-29T19:57:04.000Z,0.0011,0x9e92f848f811707bd7089406892b3f631a132ae9,sell,0x41e5560054824ea6b0732e656e3ad64e20e94e45,0x0100e3fe17d6678196101e505f3dcbab5b60c3c846b7dec28fb35dbecbea7fc0
98,86,0.0989,0x254b7ca28b2187527b2ec194fc5746e0dfafe0af,2017-10-29T18:34:20.000Z,0.00115,0xa7d3aa01d021c362143422e32c099a34d5fbe320,buy,0x41e5560054824ea6b0732e656e3ad64e20e94e45,0xc1fbbe8a74d889172603d46fcf794f4a4e2e1fda37ababaad033cef936619705
99,100,0.115,0x7616bb991081160eb20ff62ba47da6e54f5c8728,2017-10-29T14:21:59.000Z,0.00115,0xa7d3aa01d021c362143422e32c099a34d5fbe320,buy,0x41e5560054824ea6b0732e656e3ad64e20e94e45,0x9a70248136363dd6c0dd613c5eb684bdfac0828018928d0d89e8e30d3dfc4493
100,278.94613056,0.3040512823104,0xa7d3aa01d021c362143422e32c099a34d5fbe320,2017-10-29T14:09:49.000Z,0.00109,0x4caff56c378decef5febedd1854cda5fff4d6c83,sell,0x41e5560054824ea6b0732e656e3ad64e20e94e45,0xa42867aa1ddb9b986e2dc904b2af8eb93df98fa0d8a667a277b39cc184ef96cf
101,2.99980071,0.00321578936092071,0xc11f32a3d45a3dc54b34234dd2b9f46292e69c02,2017-10-29T14:08:35.000Z,0.001072001,0x4caff56c378decef5febedd1854cda5fff4d6c83,sell,0x41e5560054824ea6b0732e656e3ad64e20e94e45,0xd07e33fd2c05b2ae5ead1e3fcf5d366d0b08aca6ec17ce4b6b9f8587e90ae0fa
102,71.43018583,0.07721603088223,0x7de0ad86d760c305e8682f20f474206be7f53710,2017-10-29T14:05:06.000Z,0.001081,0x4caff56c378decef5febedd1854cda5fff4d6c83,sell,0x41e5560054824ea6b0732e656e3ad64e20e94e45,0x850ed8c6f172d50674846867c87a24d27d08cecf51ab7170f495e2416bb699c8
103,43.5309042,0.0470569509711042,0x5f2ce35dca6626c5c934fed00b0c1986156ee9ff,2017-10-29T13:43:26.000Z,0.001081001,0x4caff56c378decef5febedd1854cda5fff4d6c83,sell,0x41e5560054824ea6b0732e656e3ad64e20e94e45,0xfd926b35d5409212ebc23846f51c011bb5f890ec58a875d8660dc9e52ebe4ba8
104,50.5,0.0545905505,0x5f2ce35dca6626c5c934fed00b0c1986156ee9ff,2017-10-29T13:41:22.000Z,0.001081001,0xdbbae39c54992479faac890e81eb4d8579b951d6,sell,0x41e5560054824ea6b0732e656e3ad64e20e94e45,0xd6be4919016d825646192efcf213fe71f67c8da55ec103370f40bd93a0bd1d34
105,9.9690958,0.0107766025288958,0x5f2ce35dca6626c5c934fed00b0c1986156ee9ff,2017-10-29T13:19:19.000Z,0.001081001,0x4caff56c378decef5febedd1854cda5fff4d6c83,sell,0x41e5560054824ea6b0732e656e3ad64e20e94e45,0xda83d375256195d7344bbc1094dd9e2905a06ae601100095e4b8026f3bf56c8a
106,99.417995,0.12733953889575,0xe17488dbe43d43fa5684a66f39a10fffb4d44bc7,2017-10-29T13:13:26.000Z,0.00128085,0x583b640795999aa2bb22c1a62a91336ff9d325bb,sell,0x41e5560054824ea6b0732e656e3ad64e20e94e45,0x9728c17851f81ae4b79b682c50bf8a332baea8586f2ed6e21f3d2dd684a89d99
107,27.582005,0.03532841110425,0xe17488dbe43d43fa5684a66f39a10fffb4d44bc7,2017-10-29T12:51:56.000Z,0.00128085,0x273a5d3e6721b9f5c1a6474f560c1334c63dda01,sell,0x41e5560054824ea6b0732e656e3ad64e20e94e45,0xecde036c832d187da0107910039da9c790c677a120ebe47fa65775fdfc4afcda
108,27.665,0.033059675,0x273a5d3e6721b9f5c1a6474f560c1334c63dda01,2017-10-29T12:51:56.000Z,0.001195,0xb2259cf4a0e3468a3f8f07d75216df27372e1a91,buy,0x41e5560054824ea6b0732e656e3ad64e20e94e45,0xecde036c832d187da0107910039da9c790c677a120ebe47fa65775fdfc4afcda
109,100,0.1195,0x7a77d16b1314ad3d106c0ad564a044fc0fc86383,2017-10-29T12:23:27.000Z,0.001195,0xb2259cf4a0e3468a3f8f07d75216df27372e1a91,buy,0x41e5560054824ea6b0732e656e3ad64e20e94e45,0x3e46ae5535d5392eea520e92c8501f293a4ed52b9d8b83dedeb58eec450b81c4
110,100,0.1195,0x48ccb053d10eff2ea1f50466e194551e6bb356bb,2017-10-29T11:19:25.000Z,0.001195,0xb2259cf4a0e3468a3f8f07d75216df27372e1a91,buy,0x41e5560054824ea6b0732e656e3ad64e20e94e45,0x19fd4b18848053bfbbd59f6b20d4628fa506f3e23f003315b8319d0c07c1c9d8
111,200,0.228,0x0bbb57db57004f00d88a6d115689eb0b645a0f0e,2017-10-29T08:31:09.000Z,0.00114,0xb2259cf4a0e3468a3f8f07d75216df27372e1a91,sell,0x41e5560054824ea6b0732e656e3ad64e20e94e45,0xe329e3d8e660cfb8aa1fb7aa10916df44d629c94c76ff2ef5d7ccf6927d13f39
112,245,0.279300245,0xcb5af8f7e1c95aeb566cf675456f7be8965bd292,2017-10-29T08:30:16.000Z,0.001140001,0xb2259cf4a0e3468a3f8f07d75216df27372e1a91,sell,0x41e5560054824ea6b0732e656e3ad64e20e94e45,0x2fe7dd25739076fa217a078ade192b5a0392d70ba3dbe69dd2dc923a33a1623c
113,20.34255,0.02441099897235,0x254b7ca28b2187527b2ec194fc5746e0dfafe0af,2017-10-29T06:25:32.000Z,0.001199997,0xed7f4d43a68a1353004159aa48fcf79e23b5b75f,buy,0x41e5560054824ea6b0732e656e3ad64e20e94e45,0x4a8209afc04f7ec6c52425e100d1393df129a23e13bb0812e00f3653bbf6287e
114,855,1.025997435,0x0068e91105b0d2c52de69c6efb6329b66b1cdac5,2017-10-29T06:05:45.000Z,0.001199997,0xed7f4d43a68a1353004159aa48fcf79e23b5b75f,buy,0x41e5560054824ea6b0732e656e3ad64e20e94e45,0xb1dadc2837146ac5a078329970eb1fd8bf00dc29a1d2547bd827849e516fe292
115,2028.58155969,2.46,0xff4482de17e729e19d75d70fc005f2e4ba75905f,2017-10-29T05:59:13.000Z,0.0012126700000052882,0xa32f766fb9f23512aa122cf91bdb4ed960875ccb,buy,0x41e5560054824ea6b0732e656e3ad64e20e94e45,0x0b3f14ffb007ae70beb73c87f2e1d7855f639c77a1a478cd9dbd4a485f469a9f
116,810,0.972,0x0068e91105b0d2c52de69c6efb6329b66b1cdac5,2017-10-29T05:57:43.000Z,0.0012,0xbc591ebbc0fb9a0933b018fe86e1e3f4debf5a6b,buy,0x41e5560054824ea6b0732e656e3ad64e20e94e45,0xb8d9e63fd50d5c6eef971fb55d2359dce662a1b72a4adc3ca22a2b2620191175
117,75,0.09,0x515439183bb587d351b89455db6286864092bb6d,2017-10-29T05:52:00.000Z,0.0012,0xbc591ebbc0fb9a0933b018fe86e1e3f4debf5a6b,buy,0x41e5560054824ea6b0732e656e3ad64e20e94e45,0x7ae556e8f94d9fed6acd2bacac5967c2f0def7eb5a13e4c0fcc8c8a1fd2358da
118,100,0.12,0x515439183bb587d351b89455db6286864092bb6d,2017-10-29T05:50:58.000Z,0.0012,0xbc591ebbc0fb9a0933b018fe86e1e3f4debf5a6b,buy,0x41e5560054824ea6b0732e656e3ad64e20e94e45,0x900c2811f493527e2baf5973a5dee11039efae79318991279a3083776e00292f
119,115.478,0.131413964,0x515439183bb587d351b89455db6286864092bb6d,2017-10-29T05:49:46.000Z,0.001138,0xa7d3aa01d021c362143422e32c099a34d5fbe320,buy,0x41e5560054824ea6b0732e656e3ad64e20e94e45,0x187a66e5431be7ce746f09b50879894eb5a616016a87d99f3b4cd07959dd7481
120,261.1166918,0.29715079527415766,0xe2eabfc1e89a462bbd2ba188cd8a9591a9a0d04e,2017-10-29T05:47:01.000Z,0.00113800000002205,0xa7d3aa01d021c362143422e32c099a34d5fbe320,buy,0x41e5560054824ea6b0732e656e3ad64e20e94e45,0xb37a29c8f78d37e1ba43f33fccc74cf8edb9f64018ff85789568d8cf8ae92716
121,449,0.51186,0xff4482de17e729e19d75d70fc005f2e4ba75905f,2017-10-29T05:41:58.000Z,0.00114,0x46371f0751e243fef7b626031cffb8489d47e6c0,buy,0x41e5560054824ea6b0732e656e3ad64e20e94e45,0x50b3fea470838abb437cec5709e2345713687eb845dc627462509c750007fa55
122,3039.40503792,3.4588429331559176,0xa32f766fb9f23512aa122cf91bdb4ed960875ccb,2017-10-29T05:37:58.000Z,0.001138000000000973,0xa7d3aa01d021c362143422e32c099a34d5fbe320,buy,0x41e5560054824ea6b0732e656e3ad64e20e94e45,0x6648b7b1998b7b1010cbad94120b1858d1b80f3503f2504ce7039ac32c4b7450
123,995,1.0746,0xa7d3aa01d021c362143422e32c099a34d5fbe320,2017-10-29T03:24:30.000Z,0.00108,0xa32f766fb9f23512aa122cf91bdb4ed960875ccb,sell,0x41e5560054824ea6b0732e656e3ad64e20e94e45,0xa10a6afe7084322dfdb228f73c59abbf6ce76e68bdf17cdeadc0e3b1fbd47a9a
124,244.152,0.2563596,0x45caa4a8a14744c378673153020bfe09e9eb8811,2017-10-29T02:20:06.000Z,0.00105,0xa36334b0909ab194b9ddb9689bfde7f6b2332220,sell,0x41e5560054824ea6b0732e656e3ad64e20e94e45,0xa3e7e599b9a38817efe2df364ab2632eafd127412097370f2c2d26b07f7a2bd4
125,248,0.260400248,0x036c13cfa0f7f37f864872e10f32209944490c53,2017-10-29T02:19:30.000Z,0.001050001,0xa36334b0909ab194b9ddb9689bfde7f6b2332220,sell,0x41e5560054824ea6b0732e656e3ad64e20e94e45,0x5f84c829eba243040ff5a5fe5692000058f93ca0891158ebc0916fb5c21f8a48
126,70.44999999,0.0799987930001935,0x9de0b7d6cdda7da38b0a4e08cd4d9fdfe73b1922,2017-10-28T22:15:43.000Z,0.0011355400001639305,0xa32f766fb9f23512aa122cf91bdb4ed960875ccb,buy,0x41e5560054824ea6b0732e656e3ad64e20e94e45,0x258decbc2c6fcbb68825d1a0b093680bad39efc8e19aeb6a16809d354687a0c7
127,0.43973478,0.0005,0x34f9560c63078eb61872a4dc2ccd20e21c34feaf,2017-10-28T20:18:50.000Z,0.0011370490185015614,0xed7f4d43a68a1353004159aa48fcf79e23b5b75f,buy,0x41e5560054824ea6b0732e656e3ad64e20e94e45,0x7fdad45481d14c1c2f049b88d47ad694de7d864479a37bd8e0684c2269eb8441
128,99.22938889,0.10637390489008,0xdcdbb380953c9cfa4f51a8d9f80d88b9a362e707,2017-10-28T20:18:41.000Z,0.001072,0x01ac7aef192ee2637afa390c4fbcfc92a00604a6,sell,0x41e5560054824ea6b0732e656e3ad64e20e94e45,0xeac5eee130ad4c53b96a523ba192844ba74eb1c0775e1851d1b14eb47283688b
129,0.43973478,0.0005,0xe444a40689f51f63bcd29910622035707d533d29,2017-10-28T20:15:30.000Z,0.0011370490185015614,0xed7f4d43a68a1353004159aa48fcf79e23b5b75f,buy,0x41e5560054824ea6b0732e656e3ad64e20e94e45,0x5b8f32ef641e1229faf8c3c595df487d120bb23da74be5b73dd10300e5688ea5
130,185,0.19795,0xbf88f7d8b6a8f0bb08e37013f2f20c4c6723e724,2017-10-28T20:12:47.000Z,0.00107,0x01ac7aef192ee2637afa390c4fbcfc92a00604a6,sell,0x41e5560054824ea6b0732e656e3ad64e20e94e45,0x356b132afe7435653b8deeedbf135022a98f863fb2ef01cd2257d798d55e9631
131,928.33499999,0.99517511998928,0x3de3ab58abe047314c5ae4408c3a85e057dbeddc,2017-10-28T19:17:55.000Z,0.001072,0xa32f766fb9f23512aa122cf91bdb4ed960875ccb,sell,0x41e5560054824ea6b0732e656e3ad64e20e94e45,0x3a48bf477387f2ddb2ffb5822aa2d0cad5b34dab316f80248aca2936c37a3720
132,450,0.51299955,0xed6a80ffccb7f0b2004ea1f51507183c9cd4c678,2017-10-28T18:51:53.000Z,0.001139999,0xed7f4d43a68a1353004159aa48fcf79e23b5b75f,buy,0x41e5560054824ea6b0732e656e3ad64e20e94e45,0x0bda26f56a0f490dfd50f8f940a5b02c1f93a06db6dcf3f966d074937ba89805
133,500,0.5699995,0xcc0334c1b0f87627a003525b844b034def012eb3,2017-10-28T17:41:37.000Z,0.001139999,0xed7f4d43a68a1353004159aa48fcf79e23b5b75f,buy,0x41e5560054824ea6b0732e656e3ad64e20e94e45,0x6e848cf371615f34bef713aeb037dcf8a9d25ada7bced8a4b0b879969b26a616
134,524.99999999,0.5961742500030243,0x107d35bdbb393d33d6d9ce4127883b057b8e6187,2017-10-28T17:21:57.000Z,0.0011355700000273902,0xa32f766fb9f23512aa122cf91bdb4ed960875ccb,buy,0x41e5560054824ea6b0732e656e3ad64e20e94e45,0x33cac1f64a720c5e12a083bc9389f9c6b06c6b4fc4a3d696a6745f187850c0dd
135,76.90776187,0.08244512072464,0xdcdbb380953c9cfa4f51a8d9f80d88b9a362e707,2017-10-28T17:05:40.000Z,0.001072,0x1ed014aec47fae44c9e55bac7662c0b78ae61798,sell,0x41e5560054824ea6b0732e656e3ad64e20e94e45,0x41be8bd46024d5200b872842306caf1cde6177cc253f64afb8ebad4cbb4e3db4
136,299.99999999,0.34067700000113843,0xb6307dcae90864128cd46f3d33055981814373d6,2017-10-28T16:55:52.000Z,0.0011355900000416478,0xa32f766fb9f23512aa122cf91bdb4ed960875ccb,buy,0x41e5560054824ea6b0732e656e3ad64e20e94e45,0x75dce409d9ff15ddebd2761155553c323e07e7797eee3834fa37dd001a5f919f
137,425,0.484499575,0x99afc5404521d1ac21fbf1850c83b3837e77dcd6,2017-10-28T15:34:34.000Z,0.001139999,0xed7f4d43a68a1353004159aa48fcf79e23b5b75f,buy,0x41e5560054824ea6b0732e656e3ad64e20e94e45,0xfc08d8230026c1f2ea7edcf371876dd884ce31566ffeb289322a474f1528d3af
138,300,0.3419997,0x978aa22ef9b02190b90ebc276deb37e626a32f88,2017-10-28T15:16:22.000Z,0.001139999,0xed7f4d43a68a1353004159aa48fcf79e23b5b75f,buy,0x41e5560054824ea6b0732e656e3ad64e20e94e45,0x7a913a95f15a7574bdba2c58ce90a645517b493ca51184bef7f67fc39ddb1f02
139,966.99999999,1.0994693300037721,0x43713ddd3181102eb9af3c818be91b0f4932763b,2017-10-28T13:34:04.000Z,0.0011369900000156587,0xa32f766fb9f23512aa122cf91bdb4ed960875ccb,buy,0x41e5560054824ea6b0732e656e3ad64e20e94e45,0x2b7446850fb738e48f6659cb82233b57dfc4de8d01f1507d68614b24b4167be3
140,33,0.037455,0x43713ddd3181102eb9af3c818be91b0f4932763b,2017-10-28T13:26:12.000Z,0.001135,0xfbf7dc0756a9768d0c71aea5f8421f3b1eaee7d1,buy,0x41e5560054824ea6b0732e656e3ad64e20e94e45,0x7897f017acb8b08b134b34df647ce0fc4ecd413ba8478e10fe48f8e55faab4b4
141,5,0.005675,0xf00118adac77d70abb28b6b27cb8f18a6d62750c,2017-10-28T12:21:53.000Z,0.001135,0xfbf7dc0756a9768d0c71aea5f8421f3b1eaee7d1,buy,0x41e5560054824ea6b0732e656e3ad64e20e94e45,0x183f7a19562539ee022499f37505c4dd2fbb985ad7795cdbf065ebeff1faddb0
142,45.63657237,0.05188969552098866,0x0b7fd00a8290dbd03a18b1924a8c7ef40ae7068e,2017-10-28T11:22:36.000Z,0.001137020000106302,0xa32f766fb9f23512aa122cf91bdb4ed960875ccb,buy,0x41e5560054824ea6b0732e656e3ad64e20e94e45,0xd5dcea891fb1e9255555380f02ff8cdd5de02db3eef64e8323d92f0ab4a6d4d9
143,499.99999999,0.5685100000014297,0xb4af0f3caf35703a52b44ad40c043494adc7531c,2017-10-28T11:19:51.000Z,0.0011370200000255996,0xa32f766fb9f23512aa122cf91bdb4ed960875ccb,buy,0x41e5560054824ea6b0732e656e3ad64e20e94e45,0x599b21abc3f914cb78dea6c64364980c7bc0704361bdd11324024ebc67b73cd5
144,443.45281972,0.5055357710372619,0x0b7fd00a8290dbd03a18b1924a8c7ef40ae7068e,2017-10-28T11:18:28.000Z,0.0011399990000209304,0xed7f4d43a68a1353004159aa48fcf79e23b5b75f,buy,0x41e5560054824ea6b0732e656e3ad64e20e94e45,0xdbc51b1966148ee205b494b075bdc59cbbc26e6e96cf070865314973598ef6c8
145,100,0.114,0x4b098cf1624c09f41f3ba7a433fe0b669e4f188c,2017-10-28T04:31:17.000Z,0.00114,0x46371f0751e243fef7b626031cffb8489d47e6c0,buy,0x41e5560054824ea6b0732e656e3ad64e20e94e45,0x253036d2d49b8f67c3783343848f817e9df91cd1afb9d41a4b3a18a50013813a
146,282,0.33557718,0x8c5a957ae2c4a4998c9eca3dd287c3ee1d2aec68,2017-10-28T02:33:44.000Z,0.00118999,0xed7f4d43a68a1353004159aa48fcf79e23b5b75f,buy,0x41e5560054824ea6b0732e656e3ad64e20e94e45,0xe9ab36f647b277878d6648ae348b3b9e4077b70fbabeb4e69374301591d96f46
147,795.99999999,0.9487842399880806,0x3dcbeafd4507f5a241ee6832090c7e3921fde7c2,2017-10-28T01:25:39.000Z,0.00119194,0xa32f766fb9f23512aa122cf91bdb4ed960875ccb,sell,0x41e5560054824ea6b0732e656e3ad64e20e94e45,0xd944d82d7e047c2a86cf5887a9d1bf8f5c4ef6f53c3f1948d4d9ea3c0dff46ff
148,512.10036143,0.5325843758872,0x0b7fd00a8290dbd03a18b1924a8c7ef40ae7068e,2017-10-28T00:07:30.000Z,0.00104,0x9778550d76b07ac9f5e57392f68ecdf6efc1774e,sell,0x41e5560054824ea6b0732e656e3ad64e20e94e45,0x9a5dce2972c7bb35392fef30bef45be490041a5451fd10cc1aa744d459480678
149,2000,2.060204,0xed7f4d43a68a1353004159aa48fcf79e23b5b75f,2017-10-28T00:05:34.000Z,0.001030102,0x9778550d76b07ac9f5e57392f68ecdf6efc1774e,sell,0x41e5560054824ea6b0732e656e3ad64e20e94e45,0x9c05fea015f6c40701bae88f4be573f4d5f0a5c00ceb7722dd669da63147991c
150,1000,1.040001,0xed7f4d43a68a1353004159aa48fcf79e23b5b75f,2017-10-28T00:05:10.000Z,0.001040001,0x9778550d76b07ac9f5e57392f68ecdf6efc1774e,sell,0x41e5560054824ea6b0732e656e3ad64e20e94e45,0x11388402da7f15031abc317a24788e4ae4ea836026065fbed537f64ac5fa7974
151,2669.34975488,2.749737222748211,0x7b6b2f3c88ce2ecedc01c545f13faf36034d772f,2017-10-28T00:04:50.000Z,0.001030115,0x9778550d76b07ac9f5e57392f68ecdf6efc1774e,sell,0x41e5560054824ea6b0732e656e3ad64e20e94e45,0xe00fc2c589a52a3c1b4a03c41c1b4fe6a1783e48aa2408498fd9d5816582e313
152,1830.65024512,1.8857802772517889,0x7b6b2f3c88ce2ecedc01c545f13faf36034d772f,2017-10-27T23:57:37.000Z,0.001030115,0xa32f766fb9f23512aa122cf91bdb4ed960875ccb,sell,0x41e5560054824ea6b0732e656e3ad64e20e94e45,0xe3def6a1aaea77f44c578fbb1bc53e60e59b1bd0ceeeb45b565792faa69c2916
153,1499.99999999,1.7953350000060464,0x70d692072e72e1b4b26b01be1541cb46af42d8cb,2017-10-27T21:23:58.000Z,0.0011968900000120103,0xa32f766fb9f23512aa122cf91bdb4ed960875ccb,buy,0x41e5560054824ea6b0732e656e3ad64e20e94e45,0x703ec595216ec9671c0bedbb23f15abe9b3b0026bbf12d84d8190afb279e9ddb
154,4.99999999,0.005984450000020154,0xea992273ca8a3b2cd01451b1a02d76b701b10292,2017-10-27T21:21:03.000Z,0.0011968900023978108,0xa32f766fb9f23512aa122cf91bdb4ed960875ccb,buy,0x41e5560054824ea6b0732e656e3ad64e20e94e45,0x8fef646a516888bf06fb452047085c91ef7206d758b8bde193d72928239da9a1
155,5,0.006,0xea992273ca8a3b2cd01451b1a02d76b701b10292,2017-10-27T21:09:38.000Z,0.0012,0xbc591ebbc0fb9a0933b018fe86e1e3f4debf5a6b,buy,0x41e5560054824ea6b0732e656e3ad64e20e94e45,0x7dc902d4043dc6f6c3014e4eabbb77f4faca01dfecff7b000c0b3ce073247f02
156,10,0.012,0xea992273ca8a3b2cd01451b1a02d76b701b10292,2017-10-27T20:38:41.000Z,0.0012,0xbc591ebbc0fb9a0933b018fe86e1e3f4debf5a6b,buy,0x41e5560054824ea6b0732e656e3ad64e20e94e45,0x44dbbbe744d8deefc4a82733e08939790ea90c7a0db5320a4c0105b3024abbbc
157,1096.60053833,1.1294996510804383,0x7b6b2f3c88ce2ecedc01c545f13faf36034d772f,2017-10-27T20:23:42.000Z,0.001030001,0x3edc3d0f431cb4981b13a4334f37f15735dc84fb,sell,0x41e5560054824ea6b0732e656e3ad64e20e94e45,0x4160c43f7e7987c60e97def49458aaf1c54a95dc9b565016872f567e2647c20f
158,589.94514794,0.7029963366512432,0x7219524df0e8f5e8c63f0b055e9aa6515601da3a,2017-10-27T19:22:51.000Z,0.001191630000019495,0xa32f766fb9f23512aa122cf91bdb4ed960875ccb,buy,0x41e5560054824ea6b0732e656e3ad64e20e94e45,0x912b68b42ced6d810e06bc22074ba61f5c9c27e4da056ecc0fcf1299db59cc7d
159,105.6,0.12497232,0x7219524df0e8f5e8c63f0b055e9aa6515601da3a,2017-10-27T19:20:15.000Z,0.00118345,0xd5e34c7312a26fbe82f0cd0ec345dd87a7d09c25,buy,0x41e5560054824ea6b0732e656e3ad64e20e94e45,0x08399baf9ec8ec2a5057741452393afc111145725bcdef725fd393b914fab239
160,153.11497389,0.17868058108206328,0x7219524df0e8f5e8c63f0b055e9aa6515601da3a,2017-10-27T19:19:42.000Z,0.0011669700000107761,0x2475fe4d7a9d7d2e7908baf6697b801596bf5148,buy,0x41e5560054824ea6b0732e656e3ad64e20e94e45,0xfdc5d7c996334b7141a48468102eb6bc995af5a301cf7c318bc22771afa3fc65
161,3,0.00350091,0x3918f6c9366759dae887e9e60a280670706ef8a7,2017-10-27T18:02:51.000Z,0.00116697,0x2475fe4d7a9d7d2e7908baf6697b801596bf5148,buy,0x41e5560054824ea6b0732e656e3ad64e20e94e45,0xb5180c1ced052bdec72a85cc3efd9054cc97ea8088433a208faa31c665853c1c
162,0.001118,0.213538,0xbf88f7d8b6a8f0bb08e37013f2f20c4c6723e724,2017-10-27T17:59:48.000Z,191,0x3ac636ac5c3a2576156ac5f10066ca68abe0ad54,sell,0x41e5560054824ea6b0732e656e3ad64e20e94e45,0xadc43035772fdc65fb194b8a93dead7819e5380dfa63484381f88d4b39783720
163,590,0.59907479,0x7b6b2f3c88ce2ecedc01c545f13faf36034d772f,2017-10-27T17:48:19.000Z,0.001015381,0xfc73413d8dcc28d271cde376835edf6690fa91a8,sell,0x41e5560054824ea6b0732e656e3ad64e20e94e45,0x6e97ea4ea8f3662d0191285ec532ed1eee61800d182a02050aee9cfb69b1aab9
164,170.8850261,0.1994176989179367,0x6e6d1b292c2dff2c20128b6b3b5cc6131419855b,2017-10-27T16:27:39.000Z,0.0011669700000586341,0x2475fe4d7a9d7d2e7908baf6697b801596bf5148,buy,0x41e5560054824ea6b0732e656e3ad64e20e94e45,0x42b2d530f40f1766ca023a4a1525679bb40b5bfad3a39782e64e6eb8d0f88909
165,8.49609921,0.009855475092737315,0x947352ef6d6e1dcf602f3679ebb5ad1374901f05,2017-10-27T15:39:22.000Z,0.0011600000010754717,0xfbf7dc0756a9768d0c71aea5f8421f3b1eaee7d1,buy,0x41e5560054824ea6b0732e656e3ad64e20e94e45,0x6c94ff0aecefa243f37bae7aa4c5829afd23201c33a15dadcfdb7610e74a12e0
166,2.216,0.002437088104,0x947352ef6d6e1dcf602f3679ebb5ad1374901f05,2017-10-27T15:36:53.000Z,0.001099769,0x916967e76c7b77c77101073c5a6737e466b77ea1,buy,0x41e5560054824ea6b0732e656e3ad64e20e94e45,0xf1b8b42282d9c018df4ddce9a53c85446f49dea6344a4e40c669a9b1d6df5c1a
167,429.78808342,0.4985541767746253,0x530c354a6e7bd80d6f0bdc82e37381a17db25398,2017-10-27T09:18:42.000Z,0.0011600000000172768,0xfbf7dc0756a9768d0c71aea5f8421f3b1eaee7d1,buy,0x41e5560054824ea6b0732e656e3ad64e20e94e45,0x3df356b75220c8d8d58730d091e70427a6c974765b4276d22be796c53dc2c845
168,0.02704509,0.000029479153712771,0xac1ef807ee69a3ad43e6ec322eb8c21a0ae453ef,2017-10-27T08:30:18.000Z,0.0010900002075338259,0xfbf7dc0756a9768d0c71aea5f8421f3b1eaee7d1,buy,0x41e5560054824ea6b0732e656e3ad64e20e94e45,0x40881707619ca139ce1b13e0e6317a569fc19b855438838c98a94da667f9137a
169,1490,1.6386573,0xc7f440d4c45c1ce7a295c788d9cbea9ff627cf8a,2017-10-27T05:35:50.000Z,0.00109977,0x951571ecb267b433469ef2c50f4c7b74b1d631f7,buy,0x41e5560054824ea6b0732e656e3ad64e20e94e45,0x4b4e57ac7d6ab053a5e5953ad341d1acafbf888951420272bba989f9b5342be2
170,1000,1.0949,0xc7f440d4c45c1ce7a295c788d9cbea9ff627cf8a,2017-10-27T05:34:32.000Z,0.0010949,0x583b640795999aa2bb22c1a62a91336ff9d325bb,buy,0x41e5560054824ea6b0732e656e3ad64e20e94e45,0x61032a91e794557fa9e74f2ce03d5e4605249bf07bf45db5ca03da173bb362bd
171,46.85673794,0.0473253053194,0xf1791651f3a2a0a94f068ae122675aab7e434866,2017-10-27T03:38:39.000Z,0.00101,0xe2340e23971b386604c72f868681d9e871a99566,sell,0x41e5560054824ea6b0732e656e3ad64e20e94e45,0x65f9c6810532eef9244906ec938fc09f9c70dd4e252506ff49b46cba6f558c16
172,99.99999999,0.10921200000043488,0xe08c5c6d17be3ab837b421723e9215bb9902c9f1,2017-10-27T01:57:44.000Z,0.0010921200001135607,0xa32f766fb9f23512aa122cf91bdb4ed960875ccb,buy,0x41e5560054824ea6b0732e656e3ad64e20e94e45,0xf025e0a11dcb2608af9f3e67b8517626c32beefb12923ccafce5515e22988829
173,49.99999999,0.05460600000021743,0x73ca63db611015808aacd9fe7d5499b97095a2d5,2017-10-27T01:50:11.000Z,0.0010921200002227728,0xa32f766fb9f23512aa122cf91bdb4ed960875ccb,buy,0x41e5560054824ea6b0732e656e3ad64e20e94e45,0x36fd84129ec17a3559c8ed2e151419d3d662298f541d8e3a2ef4301741f177e6
174,100,0.1015,0x1dc1bae5532be5325536307d63515ca180a899ed,2017-10-26T23:02:18.000Z,0.001015,0x9e92f848f811707bd7089406892b3f631a132ae9,sell,0x41e5560054824ea6b0732e656e3ad64e20e94e45,0xba677b546667a893335bb906b05a2291ac5d295b51850e0ed0d44dc11521a13f
175,29.751,0.035314437,0xcdd727af7a8d3b6991410b6596b261caacfe9843,2017-10-26T23:00:43.000Z,0.001187,0x6ac6eebda32e60d0dd15dc24d55ff9128a75a34c,buy,0x41e5560054824ea6b0732e656e3ad64e20e94e45,0x5ca190176a6472bebdcd792ba203b76b0e9747c9f59f1e3d791c5f36fb10741f
176,3.25,0.003653325,0xe7667236100be89fd739c9f6f49f531c53002de7,2017-10-26T21:00:08.000Z,0.0011241,0x916967e76c7b77c77101073c5a6737e466b77ea1,sell,0x41e5560054824ea6b0732e656e3ad64e20e94e45,0xadba1ce00f36488a2c2069f671bdb20f22f5f79f9a338e3d7f7c9f505b1b1f3e
177,3.75,0.004215375,0xe7667236100be89fd739c9f6f49f531c53002de7,2017-10-26T20:59:59.000Z,0.0011241,0x916967e76c7b77c77101073c5a6737e466b77ea1,sell,0x41e5560054824ea6b0732e656e3ad64e20e94e45,0x68eabe4ebbb49a2a1ef9fd34d428e42b77870eee031fa2dab0696ce289d4370f
178,9.23734221,0.010158970318731931,0x916967e76c7b77c77101073c5a6737e466b77ea1,2017-10-26T20:59:19.000Z,0.0010997720001900775,0x951571ecb267b433469ef2c50f4c7b74b1d631f7,buy,0x41e5560054824ea6b0732e656e3ad64e20e94e45,0x5dc4301da2d55ade1178c6349ac2f2d83a2cf95ffa03429acc135254e02b9dbd
179,194.80689954,0.1971445825292869,0x520644d648da0a515d31a64fd18bc24af47fe13d,2017-10-26T20:18:25.000Z,0.001012000001,0x530e10078b1a5f33291c93dc3f0da9295d78c593,sell,0x41e5560054824ea6b0732e656e3ad64e20e94e45,0x69ff6753868f943a5bff3f68dbaae634b28d06adff27e81f1042d72b2d97b308
180,39.87638321,0.04035489984839638,0x520644d648da0a515d31a64fd18bc24af47fe13d,2017-10-26T20:02:58.000Z,0.001012000001,0x7bae1217553b3696086e0fad286cb52830f0c4a4,sell,0x41e5560054824ea6b0732e656e3ad64e20e94e45,0x1d797be0cf61dff68ccf123302daeded0722954a95fa4cac0487a142788de1c4
181,646.75,0.727011675,0xe7667236100be89fd739c9f6f49f531c53002de7,2017-10-26T19:33:47.000Z,0.0011241,0xa32f766fb9f23512aa122cf91bdb4ed960875ccb,sell,0x41e5560054824ea6b0732e656e3ad64e20e94e45,0xb8441481bf0d80be09413c13e0286fd67b5d31edd3f3a380145a386ae02f7c81
182,746.25,0.838859625,0xe7667236100be89fd739c9f6f49f531c53002de7,2017-10-26T19:31:22.000Z,0.0011241,0xa32f766fb9f23512aa122cf91bdb4ed960875ccb,sell,0x41e5560054824ea6b0732e656e3ad64e20e94e45,0x31b4d8d08484d6b1cda3e4bde96499aed696bfdfc0cfe71480bc5c3dfd59a3ba
183,855.1011129,0.8653623271099011,0x520644d648da0a515d31a64fd18bc24af47fe13d,2017-10-26T19:28:51.000Z,0.001012000001,0xb346cb7e28e2cabbeb361dc1f460a81c9df8f744,sell,0x41e5560054824ea6b0732e656e3ad64e20e94e45,0x7d75f864d628ce014a0f0a91125fdd13712dc2cf2cb9f81ef6f13560e0910eb4
184,768.85068808,0.778153781405768,0x583b640795999aa2bb22c1a62a91336ff9d325bb,2017-10-26T19:26:55.000Z,0.0010121,0xb346cb7e28e2cabbeb361dc1f460a81c9df8f744,sell,0x41e5560054824ea6b0732e656e3ad64e20e94e45,0x5b0cb36727c0521b564edb6dd7396c21f77dc39efb3c8dfd9916ad13599a4985
185,79.85356566,0.08089174186714566,0x5f2ce35dca6626c5c934fed00b0c1986156ee9ff,2017-10-26T19:26:45.000Z,0.001013001,0xb346cb7e28e2cabbeb361dc1f460a81c9df8f744,sell,0x41e5560054824ea6b0732e656e3ad64e20e94e45,0xc431aa8c756d21cb623ff39539fda34e42b2b01ec6b1455a604874cd0ce9c881
186,9.99999999,0.011669500000051113,0x322db3e2e805b17c902f54e5efec1a10b144f6f1,2017-10-26T19:07:26.000Z,0.0011669500011720613,0xa32f766fb9f23512aa122cf91bdb4ed960875ccb,buy,0x41e5560054824ea6b0732e656e3ad64e20e94e45,0xf808dbaec3911fc308e3df7020400f54f0aef91d66d650064d718bf4d14b0765
187,85.99999999,0.10036028000015201,0x7582b5c61ef0fcf29d8faec12115c919434e5023,2017-10-26T18:58:15.000Z,0.001166980000137463,0xa32f766fb9f23512aa122cf91bdb4ed960875ccb,buy,0x41e5560054824ea6b0732e656e3ad64e20e94e45,0x5d24544c4dede9c341d863a1fe58172aa2553b73ad1e75158f983a3e95faf512
188,331.14931192,0.335156218594232,0x583b640795999aa2bb22c1a62a91336ff9d325bb,2017-10-26T18:53:15.000Z,0.0010121,0xd227c0b8808fc71f0c50c16f40c0e29bc1e7dfd7,sell,0x41e5560054824ea6b0732e656e3ad64e20e94e45,0x999b5dce865bf2814cdca793edf6573d6c743e58d09f9b2a695477f5ac07e6f2
189,1258.74788157,1.2839228392014,0x951571ecb267b433469ef2c50f4c7b74b1d631f7,2017-10-26T18:50:11.000Z,0.00102,0xd227c0b8808fc71f0c50c16f40c0e29bc1e7dfd7,sell,0x41e5560054824ea6b0732e656e3ad64e20e94e45,0xcb2e18eba2bf41471d0a106dfc76c39499457d902f8dca532ae2cc39f952b787
190,100,0.103,0xb9ab2c6f961058ede691c08b73559457245baf23,2017-10-26T18:49:38.000Z,0.00103,0xd227c0b8808fc71f0c50c16f40c0e29bc1e7dfd7,sell,0x41e5560054824ea6b0732e656e3ad64e20e94e45,0x61a1a35cab0ad7e4b9ff4611d4c6a1f676ffb3fcda846f45ddcfabe9eea138df
191,241.25211843,0.2460771607986,0x951571ecb267b433469ef2c50f4c7b74b1d631f7,2017-10-26T16:02:11.000Z,0.00102,0x23ca50828542a820ed3f18acafddcd18432170e3,sell,0x41e5560054824ea6b0732e656e3ad64e20e94e45,0xe4cfee9511155c6f3aee0f0339368e0e7cd2ae27d69e922fc23c0806f469d2df
192,475.95553783,0.4854746485866,0xfbf7dc0756a9768d0c71aea5f8421f3b1eaee7d1,2017-10-26T12:35:35.000Z,0.00102,0x87671aa6df4bece2bcf812580ad6cc43ceab4740,sell,0x41e5560054824ea6b0732e656e3ad64e20e94e45,0x8fca1c1e40c88cf8d30bf09e7f17fda1ba2ac13cddd7b46fe825aacc4074bd3f
193,49.36911769,0.05805561395943422,0xe6aa33b127ef8fe01a31ba076ed52483dc6e2fec,2017-10-26T11:23:24.000Z,0.0011759500002406103,0xa32f766fb9f23512aa122cf91bdb4ed960875ccb,buy,0x41e5560054824ea6b0732e656e3ad64e20e94e45,0x99803a14ab8c1c316ba998aee0783e9a4ec2486b15f351b26858ded1987992cb
194,415,0.491131335,0x4445292834c734ded62ac0681d3de0ba39ed77a2,2017-10-26T07:36:11.000Z,0.001183449,0xed7f4d43a68a1353004159aa48fcf79e23b5b75f,buy,0x41e5560054824ea6b0732e656e3ad64e20e94e45,0xcb2e14c46b506d1e0c2ca5e086d1054ac80420b4cbca4037c60756bfda739025
195,835.32562803,0.9859924762437838,0x6e6d1b292c2dff2c20128b6b3b5cc6131419855b,2017-10-26T07:25:24.000Z,0.0011803690000139356,0xed7f4d43a68a1353004159aa48fcf79e23b5b75f,buy,0x41e5560054824ea6b0732e656e3ad64e20e94e45,0xe9e9b93b5e381946895326f0858a1381ebe3bcd6d3d593d51b9d9a1f8754a588
196,977.64017318,1.075404190498,0x4445292834c734ded62ac0681d3de0ba39ed77a2,2017-10-26T07:19:39.000Z,0.0011,0x8be9b4fc633014f520db96c4b75de38954ce6802,sell,0x41e5560054824ea6b0732e656e3ad64e20e94e45,0xbd729602ddff1411b479bbcdff3371bb5dd4c1321bf71b9930c77a4d3cb4c816
197,913.8187583,1.00520063413,0x4445292834c734ded62ac0681d3de0ba39ed77a2,2017-10-26T07:14:03.000Z,0.0011,0x3efd9b0bd8e4595bc494539aca584821950106ee,sell,0x41e5560054824ea6b0732e656e3ad64e20e94e45,0xf4f2e1cd6762c92ef51f02735a803ba83acad696ef5b0ff2a7fefb0fe79b4f90
198,889.67676509,0.978644441599,0x4445292834c734ded62ac0681d3de0ba39ed77a2,2017-10-26T06:52:02.000Z,0.0011,0x3efd9b0bd8e4595bc494539aca584821950106ee,sell,0x41e5560054824ea6b0732e656e3ad64e20e94e45,0x1f65d29392e4afe7e575c17c699b9d4747bc146b4af3b844b08db995d1467557
199,976.05888849,1.073664777339,0x4445292834c734ded62ac0681d3de0ba39ed77a2,2017-10-26T06:36:24.000Z,0.0011,0xa32f766fb9f23512aa122cf91bdb4ed960875ccb,sell,0x41e5560054824ea6b0732e656e3ad64e20e94e45,0xaf4b892611cc39502a55b6bae7ae815ba79f7e029c740626293ecc915fbe9dd9
200,1827.70790114,2.010478691254,0x4445292834c734ded62ac0681d3de0ba39ed77a2,2017-10-26T06:27:55.000Z,0.0011,0xa32f766fb9f23512aa122cf91bdb4ed960875ccb,sell,0x41e5560054824ea6b0732e656e3ad64e20e94e45,0xa61e9e640094e2aa4c154343bc611a0c3a1cb5ce2c915c18b743a47fb9c8b8e2
201,1492,1.509904001492,0x520644d648da0a515d31a64fd18bc24af47fe13d,2017-10-26T04:54:56.000Z,0.001012000001,0xf81074156d2444c72dc0ce13a8b271ef63c7b61a,sell,0x41e5560054824ea6b0732e656e3ad64e20e94e45,0xcdca0cb6daa6b4e33e6abf3f6cd84b8d44b8efef6ead22a1de9af2354396b76a
202,260,0.30732,0xe51f4988d11baeaae4e6a7580cd81a7585aff837,2017-10-26T04:23:32.000Z,0.001182,0x4277428beb344aa1ec2117db5f5578a931cafb68,buy,0x41e5560054824ea6b0732e656e3ad64e20e94e45,0x5993a3bf48e7243c666e24ee63108ec264940c9ac0102fa6cc93710dc832b19c
203,253,0.298633357,0x197901dccb9a95d73a1f5ead086af7f8670d1947,2017-10-26T04:10:41.000Z,0.001180369,0xed7f4d43a68a1353004159aa48fcf79e23b5b75f,buy,0x41e5560054824ea6b0732e656e3ad64e20e94e45,0x184c4bd64f2942b7df33afee473a97b9924ac8b53cb92a4a099f6b7ba0c0537f
204,989.99999999,1.1685465000026927,0x197901dccb9a95d73a1f5ead086af7f8670d1947,2017-10-26T03:30:48.000Z,0.0011803500000146425,0xa32f766fb9f23512aa122cf91bdb4ed960875ccb,buy,0x41e5560054824ea6b0732e656e3ad64e20e94e45,0x9d72c7928766b97ef371ab11c29a0ce968ebc0c5ea67a492f5ea66479caf7488
205,220,0.26035878,0x197901dccb9a95d73a1f5ead086af7f8670d1947,2017-10-26T03:21:54.000Z,0.001183449,0xed7f4d43a68a1353004159aa48fcf79e23b5b75f,buy,0x41e5560054824ea6b0732e656e3ad64e20e94e45,0x901813fa4c382a20a891859396aa4411a4e5e12c08a3ab7f8b1a238461aa1801
206,498.45479015,0.5044362481302548,0x520644d648da0a515d31a64fd18bc24af47fe13d,2017-10-26T02:55:37.000Z,0.001012000001,0xf81074156d2444c72dc0ce13a8b271ef63c7b61a,sell,0x41e5560054824ea6b0732e656e3ad64e20e94e45,0x3629e8091b363962ee94dbbc21772d00163a8c87836bc3cb85dd67445c03880f
207,30,0.0294003,0x273a5d3e6721b9f5c1a6474f560c1334c63dda01,2017-10-26T02:37:39.000Z,0.00098001,0xe146142131ba3daa2751d0346df4e381711c411b,buy,0x41e5560054824ea6b0732e656e3ad64e20e94e45,0x8fe296c242a946f41ec9592ea2bfb61bc21b0fa41d9aa4e4f52f39b5eab095e8
208,29.91,0.03026892002991,0x520644d648da0a515d31a64fd18bc24af47fe13d,2017-10-26T02:37:39.000Z,0.001012000001,0x273a5d3e6721b9f5c1a6474f560c1334c63dda01,sell,0x41e5560054824ea6b0732e656e3ad64e20e94e45,0x8fe296c242a946f41ec9592ea2bfb61bc21b0fa41d9aa4e4f52f39b5eab095e8
209,1.10095054,0.00111416194758095,0x520644d648da0a515d31a64fd18bc24af47fe13d,2017-10-26T02:11:20.000Z,0.0010120000009999994,0x717a6dcb1f178c83fe2ace641393fe1067501413,sell,0x41e5560054824ea6b0732e656e3ad64e20e94e45,0x8ab585c799f689ee4617dfe56bd91bc61fd990830b6a2588145f905d6b8e4872
210,1514.35431591,1.5325265692152743,0x520644d648da0a515d31a64fd18bc24af47fe13d,2017-10-26T01:20:00.000Z,0.001012000001,0x3147d9811afd712689b1925e80dd487eb6397af8,sell,0x41e5560054824ea6b0732e656e3ad64e20e94e45,0xfd9e844c1c1aa187f76c95de5d7c44e319de655d70b1aabd631352a027179bf3
211,199.99999999,0.23512400000095204,0xe5c5f7b4e7d4a86da73bb6a3e7fde89a9e8f1041,2017-10-26T00:17:23.000Z,0.0011756200000635412,0xa32f766fb9f23512aa122cf91bdb4ed960875ccb,buy,0x41e5560054824ea6b0732e656e3ad64e20e94e45,0x2cfaf188171fe32a1ed655e410324cde544c08afbdaf97a4d7e53c77e8950f03
212,200.82312227,0.20323299993806312,0x520644d648da0a515d31a64fd18bc24af47fe13d,2017-10-26T00:00:07.000Z,0.001012000001,0x1ed014aec47fae44c9e55bac7662c0b78ae61798,sell,0x41e5560054824ea6b0732e656e3ad64e20e94e45,0x542e0a2169f2e37390f0644bea6de93e0c600a1c4ebe79e7998a7b13f0d98d44
213,2.48230485,0.002512092510682304,0x520644d648da0a515d31a64fd18bc24af47fe13d,2017-10-25T23:59:30.000Z,0.0010120000009999997,0xf142f26d1cac4ba8a6e6d7974d243eda2fe5f4f9,sell,0x41e5560054824ea6b0732e656e3ad64e20e94e45,0x9e83e6cce88f77ca6c4628408a4b69d4844fb2c847a980d35bad52903407be1d
214,96.70022928,0.09786063212806023,0x520644d648da0a515d31a64fd18bc24af47fe13d,2017-10-25T22:00:49.000Z,0.001012000001,0xa1c30665787d54e0553e7709cb8805a749d7310d,sell,0x41e5560054824ea6b0732e656e3ad64e20e94e45,0x6c7e5b7d60e2ed355a69b6fb1eed164a94712243465d9d9198d07967a390e5bd
215,299.14057933,0.30246433030693565,0x5f2ce35dca6626c5c934fed00b0c1986156ee9ff,2017-10-25T21:53:43.000Z,0.001011111,0x9822d473b37741449b7e3b956c3e537792fbca46,sell,0x41e5560054824ea6b0732e656e3ad64e20e94e45,0x8372b3ebfb1ee6fab04d79fd330b55db9eeb48c5c4ab2d9b3c2930ee77ee2386
216,217.51669823,0.23056791764049822,0x5f2ce35dca6626c5c934fed00b0c1986156ee9ff,2017-10-25T18:43:18.000Z,0.001060001,0x1549fca6e9a20d919f590930d08a3646420dc27c,sell,0x41e5560054824ea6b0732e656e3ad64e20e94e45,0x7e0c88c8fb7b56fa7da6a11ec91ea84e3cc7bad07d52d2108387540b6a2a889c
217,500,0.531,0xb2e1862f5f6eda002185eee58ac196e10c0fe61f,2017-10-25T18:41:36.000Z,0.001062,0x1549fca6e9a20d919f590930d08a3646420dc27c,sell,0x41e5560054824ea6b0732e656e3ad64e20e94e45,0xc5b22e14300a3a27f87c286d72d5416a463ffd056502ba98b4310a0c12c06f3c
218,588.74999999,0.650511111363951,0xac69402d502f29f77d7f03cca25ea2ae01735351,2017-10-25T17:15:37.000Z,0.0011049021,0x69648cc97af9540c948e2f5d89f5a1498261ec7e,buy,0x41e5560054824ea6b0732e656e3ad64e20e94e45,0xed66367e985541d39aa58687755791a3563683d8ba9fe7c7ed8a66d9e33cc89b
219,299,0.3289,0xac69402d502f29f77d7f03cca25ea2ae01735351,2017-10-25T17:15:28.000Z,0.0011,0xfbf7dc0756a9768d0c71aea5f8421f3b1eaee7d1,buy,0x41e5560054824ea6b0732e656e3ad64e20e94e45,0x5b454950bf4960eba52a93cdf8fe4bdc83fa42dcd2e9aa0c9c13059f7bebcf43
220,299.07287409,0.31791446515767,0xfbf7dc0756a9768d0c71aea5f8421f3b1eaee7d1,2017-10-25T14:01:24.000Z,0.001063,0xf1083c2984e351c02e94ba4f19ae82c05db06f3c,sell,0x41e5560054824ea6b0732e656e3ad64e20e94e45,0xe08301fd52c176544dfc466a51be78000090e6d0b2ff96b0a25dab7975cdcf61
221,1.24626122,0.0014315927260262,0x687a70ec1c77d2f0d6d14c16b7fa87ed59d97e49,2017-10-25T13:54:05.000Z,0.00114871,0x1d5321e125f6c7079a716705541c7b371ca79e69,sell,0x41e5560054824ea6b0732e656e3ad64e20e94e45,0x92a7178bb1c5c080abb352c49acf8246cb8c56b99bcf83b84594bad8217d1980
222,1.25000001,0.001381127636049021,0x1d5321e125f6c7079a716705541c7b371ca79e69,2017-10-25T13:54:05.000Z,0.0011049021,0x69648cc97af9540c948e2f5d89f5a1498261ec7e,buy,0x41e5560054824ea6b0732e656e3ad64e20e94e45,0x92a7178bb1c5c080abb352c49acf8246cb8c56b99bcf83b84594bad8217d1980
223,0.0009027,0.000001072417251755,0x6dfca959b12f86c9d35c1acaf686bfd0828e7a0e,2017-10-25T09:50:01.000Z,0.0011880106920959344,0x61288825e371079a1e301037f2c1f18e59fb7c58,buy,0x41e5560054824ea6b0732e656e3ad64e20e94e45,0x9f5f14fc9aa372556c6f173c0073f3a8853b5c099218e4c128165804b6dc8da7
224,0.0009,0.18,0x5c36e393e7209f4e6c66b0fe59a818fe2aff0098,2017-10-25T09:49:47.000Z,200,0x0249924245a19aa2d7f5ddb0739a7132b7d094ab,sell,0x41e5560054824ea6b0732e656e3ad64e20e94e45,0x4112396b0c6f4aa670625d55ffd740a53a71f8b24480788ba097d4d60c3cba22
225,231.96330555,0.245881103883,0x520644d648da0a515d31a64fd18bc24af47fe13d,2017-10-25T08:33:57.000Z,0.00106,0x4b7ef3c467974c144121f7952d2769cb18bd8656,sell,0x41e5560054824ea6b0732e656e3ad64e20e94e45,0x18999b9f25964aa34f4c2c28c38e4828a4bcfc0a09d9d1058086b4a84bec54a4
226,2000,2.120002,0xed7f4d43a68a1353004159aa48fcf79e23b5b75f,2017-10-25T08:31:11.000Z,0.001060001,0x4b7ef3c467974c144121f7952d2769cb18bd8656,sell,0x41e5560054824ea6b0732e656e3ad64e20e94e45,0x672d8f8efb6051fcb6c050331910a6f9a1809b134344cd8ca52733b6ffc6ea8a
227,282.12354517,0.3061068677449017,0x2475fe4d7a9d7d2e7908baf6697b801596bf5148,2017-10-25T08:30:10.000Z,0.00108501,0x4b7ef3c467974c144121f7952d2769cb18bd8656,sell,0x41e5560054824ea6b0732e656e3ad64e20e94e45,0xf3e22a7dd64f9b40a5aff4f74923feca0592e7ef739640aa0575a82ca2572537
228,142,0.124818,0xd5e34c7312a26fbe82f0cd0ec345dd87a7d09c25,2017-10-25T07:55:44.000Z,0.000879,0x6ac6eebda32e60d0dd15dc24d55ff9128a75a34c,sell,0x41e5560054824ea6b0732e656e3ad64e20e94e45,0x1698ed392e8d53da24a8c589d10b4fae82a3b47f21b2fcfc3d56543fc2676904
229,45.74780382,0.04574780382,0xd2ea382e498316d91b9de8557670149b479721a0,2017-10-25T06:52:49.000Z,0.001,0xc950a4c0dfb234f6571acd81f004d79f5a97b799,buy,0x41e5560054824ea6b0732e656e3ad64e20e94e45,0x73398fdd4c97f42de698704a8f0e20715884883f45ff98c58be00b926955e2d3
230,45.6105604,0.049487914139604,0x2475fe4d7a9d7d2e7908baf6697b801596bf5148,2017-10-25T06:52:49.000Z,0.00108501,0xd2ea382e498316d91b9de8557670149b479721a0,sell,0x41e5560054824ea6b0732e656e3ad64e20e94e45,0x73398fdd4c97f42de698704a8f0e20715884883f45ff98c58be00b926955e2d3
231,149.55,0.158523,0xd98a3954353055ab642c9159c7f3b25dac2dc29b,2017-10-25T06:52:33.000Z,0.00106,0x273a5d3e6721b9f5c1a6474f560c1334c63dda01,sell,0x41e5560054824ea6b0732e656e3ad64e20e94e45,0x0a4caa424c6b7a2f44cf52fa480f0bc385e03d5a4a04e835e914ce2f01001df0
232,150,0.15,0x273a5d3e6721b9f5c1a6474f560c1334c63dda01,2017-10-25T06:52:33.000Z,0.001,0xc950a4c0dfb234f6571acd81f004d79f5a97b799,buy,0x41e5560054824ea6b0732e656e3ad64e20e94e45,0x0a4caa424c6b7a2f44cf52fa480f0bc385e03d5a4a04e835e914ce2f01001df0
233,496.97619617,0.49697619617,0xd2ea382e498316d91b9de8557670149b479721a0,2017-10-25T06:52:09.000Z,0.001,0xc950a4c0dfb234f6571acd81f004d79f5a97b799,buy,0x41e5560054824ea6b0732e656e3ad64e20e94e45,0x8632b000b52b9fa3eb52ffe1ecdd623b8568de712a641f47de551fe05c7e04eb
234,495.48526758,0.5382852849935604,0x4f1e07dcacbc47616e0934da45123fb5ffc57599,2017-10-25T06:52:09.000Z,0.00108638,0xd2ea382e498316d91b9de8557670149b479721a0,sell,0x41e5560054824ea6b0732e656e3ad64e20e94e45,0x8632b000b52b9fa3eb52ffe1ecdd623b8568de712a641f47de551fe05c7e04eb
235,0.0017493,0.000002256609385246,0xf29c876c5e3d3596dd853bab973f556a6dd2732f,2017-10-25T05:27:21.000Z,0.0012900070801154747,0x631977795532b6b3a6a6ce4419e8be852c05829e,buy,0x41e5560054824ea6b0732e656e3ad64e20e94e45,0x2575848910dd378b2830301780d12622c631beb4d4a3a100b61f1c44bec34234
236,19.05391308,0.0226360487433981,0xf29c876c5e3d3596dd853bab973f556a6dd2732f,2017-10-25T05:27:05.000Z,0.0011880000002287246,0x61288825e371079a1e301037f2c1f18e59fb7c58,buy,0x41e5560054824ea6b0732e656e3ad64e20e94e45,0xc0f37de4ce5ecdb6f12df240ddd330dd603eb5b4433279252526140f0b5dbdf8
237,135.87063901,0.15814934770023412,0xf29c876c5e3d3596dd853bab973f556a6dd2732f,2017-10-25T05:26:39.000Z,0.0011639700000865853,0xa32f766fb9f23512aa122cf91bdb4ed960875ccb,buy,0x41e5560054824ea6b0732e656e3ad64e20e94e45,0x45074d8851d4531911d973e7df4ab61017a1c0c71935f9e50c834b012bef6a34
238,602.84384265,0.69435553796427,0xf29c876c5e3d3596dd853bab973f556a6dd2732f,2017-10-25T05:25:34.000Z,0.0011518,0x2475fe4d7a9d7d2e7908baf6697b801596bf5148,buy,0x41e5560054824ea6b0732e656e3ad64e20e94e45,0xf12a438cbe51e7533146076e570ee1d09fec6d36bb4a448110a6c45ece131445
239,1797.35866422,2.07,0xf29c876c5e3d3596dd853bab973f556a6dd2732f,2017-10-25T05:24:42.000Z,0.0011516900000024858,0xa32f766fb9f23512aa122cf91bdb4ed960875ccb,buy,0x41e5560054824ea6b0732e656e3ad64e20e94e45,0xb8d167f70cd0f1b7fde18f88b1774a8f1397eaf489c01939cd8646cf30c46cb1
240,39.84,0.045883728,0xf29c876c5e3d3596dd853bab973f556a6dd2732f,2017-10-25T05:21:21.000Z,0.0011517,0x184f325b27657082b3f8063363b6f7189d300241,buy,0x41e5560054824ea6b0732e656e3ad64e20e94e45,0x1f34778b442f3e9180087a9129ee0228f306b5fa850bbba59639e58e3fd14c0a
241,100,0.11516,0xb8cd62791040159d17d184f122ac8fd1ed74d185,2017-10-25T05:15:18.000Z,0.0011516,0x5407440c855efee203bac302c775cf8cd982516b,buy,0x41e5560054824ea6b0732e656e3ad64e20e94e45,0xc2e427968976865974070467069cd7d6ebce41605df9530f354d896f57f469da
242,248.74999999,0.2857416124885129,0x687a70ec1c77d2f0d6d14c16b7fa87ed59d97e49,2017-10-25T04:00:57.000Z,0.00114871,0xa32f766fb9f23512aa122cf91bdb4ed960875ccb,sell,0x41e5560054824ea6b0732e656e3ad64e20e94e45,0xde566d4f117ae7af13c38d04503b85509ec34834ef080760e3a06969a0048959
243,236,0.2718012,0xcc6e0348016e9a0e7d02f400f0832d00698f0b65,2017-10-25T03:10:27.000Z,0.0011517,0x184f325b27657082b3f8063363b6f7189d300241,buy,0x41e5560054824ea6b0732e656e3ad64e20e94e45,0x7666a5fc14e1fab29dc2b556bd0e788bc2a0d4c1c5a7e727af07af30b2611a6e
244,456.76694163,0.4955966993379663,0x2475fe4d7a9d7d2e7908baf6697b801596bf5148,2017-10-25T02:31:52.000Z,0.00108501,0x9778550d76b07ac9f5e57392f68ecdf6efc1774e,sell,0x41e5560054824ea6b0732e656e3ad64e20e94e45,0x17c45de2787999ea54ae2eb93f2c611151876b41dbe88c4768bbf776227aa6db
245,500,0.545,0xdea025c3f2bc0f876f3649568e7c93d9396e6958,2017-10-25T02:31:23.000Z,0.00109,0x9778550d76b07ac9f5e57392f68ecdf6efc1774e,sell,0x41e5560054824ea6b0732e656e3ad64e20e94e45,0xc32a8f26136eca393abc871132f8932271864a07fd2d1b6dc0f1feeff6f60b01
246,20,0.023034,0x95eab0ed9c747af1e9b2d8762b7bed346aee5a6f,2017-10-24T23:16:27.000Z,0.0011517,0x184f325b27657082b3f8063363b6f7189d300241,buy,0x41e5560054824ea6b0732e656e3ad64e20e94e45,0x0e01ee6edb651318bb56b6db4add83c4b2cf46273813b13e49549a126afb5a3c
247,3.25,0.0036725,0x7c791600b86d43f692c126aecc75a66dd9019bbd,2017-10-24T23:01:27.000Z,0.00113,0x184f325b27657082b3f8063363b6f7189d300241,sell,0x41e5560054824ea6b0732e656e3ad64e20e94e45,0xf95cd890db153e9831ab38a194a3a96d541409cfc18b6c70c09312f25f89214f
248,145.4989528,0.157867818777528,0x2475fe4d7a9d7d2e7908baf6697b801596bf5148,2017-10-24T22:45:06.000Z,0.00108501,0x285fbcdd3582db1fe56b8704168bcf43aff59913,sell,0x41e5560054824ea6b0732e656e3ad64e20e94e45,0x7718fb26ac18e28a3a7c6643636c2ce8acbe288ea74c3178569cacb4268afecd
249,1350,1.485,0x04ae2ee109c03de9b6db4cc7956602de8fdd66d8,2017-10-24T22:43:06.000Z,0.0011,0x285fbcdd3582db1fe56b8704168bcf43aff59913,sell,0x41e5560054824ea6b0732e656e3ad64e20e94e45,0xe7576dd67da1f9bbf14f4257b3438959bb66838372f469072c515f940175795c
250,65.946,0.0791352,0xf39f04be3965fc5b60615f7435739be544e2645c,2017-10-24T20:58:31.000Z,0.0012,0xbc591ebbc0fb9a0933b018fe86e1e3f4debf5a6b,buy,0x41e5560054824ea6b0732e656e3ad64e20e94e45,0x37f0a958144461696406d2628f83c7d5b8d2bd8f305b00b886bae51c075a4ffb
251,415.39556386,0.4984746766333207,0x9d21dbca3b644aac7c565253754721cc8870fbf2,2017-10-24T19:23:58.000Z,0.0012000000000031794,0xbc591ebbc0fb9a0933b018fe86e1e3f4debf5a6b,buy,0x41e5560054824ea6b0732e656e3ad64e20e94e45,0x04efc392b90226e0030627c7c32ac16064183c6346ab34dbce411c3dd88addfe
252,50,0.0594,0x3655f0eb5edc49d7be2b3338a3fd641dbdc53798,2017-10-24T16:58:26.000Z,0.001188,0x61288825e371079a1e301037f2c1f18e59fb7c58,buy,0x41e5560054824ea6b0732e656e3ad64e20e94e45,0x1b45f9a255f886530a2773be33fc6b239b8b7fd58149193f07af919b159ec37a
253,462.74888584,0.4895271226785677,0xa082e14306d0cfa8286ef771f149896240fd65fc,2017-10-24T16:54:13.000Z,0.00105786775,0x00eb59d8d94684a24c12252d51bc18477579189a,buy,0x41e5560054824ea6b0732e656e3ad64e20e94e45,0xdbd8765c1a2439828693648f260ec8a28e6db367f240f3ab238d046975cb00c4
254,89.99999999,0.1075734000003497,0x6a82342937003d8b273d605bf78deaebdf756e12,2017-10-24T15:28:21.000Z,0.0011952600001366924,0xa32f766fb9f23512aa122cf91bdb4ed960875ccb,buy,0x41e5560054824ea6b0732e656e3ad64e20e94e45,0x43eeaefdf010ff67868594ef4e151d5901a1a2e41b7bb817a2d377bf526fa2a1
255,3590,3.9131,0x404bd467dfd855012c115adc63c70e12500bce00,2017-10-24T15:17:29.000Z,0.00109,0x03b82245483815300c14e8731e1ab6558a7f97cc,sell,0x41e5560054824ea6b0732e656e3ad64e20e94e45,0xc6b94b46657ceb8b3a81120d150fb982a4fd6a412e0fe8e6fac12212766b6bbb
256,400,0.452,0x9759ab21a1d72b3061a1108cb8826ce3c8a37f2d,2017-10-24T15:17:18.000Z,0.00113,0x03b82245483815300c14e8731e1ab6558a7f97cc,sell,0x41e5560054824ea6b0732e656e3ad64e20e94e45,0xe614dbbd89153c169046cd6c5601939baec5ab1740dc27ee0f8e40734cb5f7b6
257,646.75,0.7308275,0x7c791600b86d43f692c126aecc75a66dd9019bbd,2017-10-24T13:48:45.000Z,0.00113,0xa32f766fb9f23512aa122cf91bdb4ed960875ccb,sell,0x41e5560054824ea6b0732e656e3ad64e20e94e45,0x62d0f60738926c07ae53892b11454236454cfd88d2467b2d48283d5f0fa9d5a5
258,611.80557069,0.7005167666440566,0x6bad391397f5f6047d3b6752576ee1a4ae3d2927,2017-10-24T12:25:00.000Z,0.0011449990000156542,0xed7f4d43a68a1353004159aa48fcf79e23b5b75f,buy,0x41e5560054824ea6b0732e656e3ad64e20e94e45,0x69d64920a61b28fa8bbbcf982d2d348ee01ac0e0427888d8c2340abef555c92d
259,994,1.13813,0xff4482de17e729e19d75d70fc005f2e4ba75905f,2017-10-24T12:25:00.000Z,0.001145,0xfbf7dc0756a9768d0c71aea5f8421f3b1eaee7d1,buy,0x41e5560054824ea6b0732e656e3ad64e20e94e45,0xd28e31c107c4c5792750ee058e8a5682fa54ed3db94c983745ac14c12088fe76
260,1068.1944293,1.2230815533559434,0xa32f766fb9f23512aa122cf91bdb4ed960875ccb,2017-10-24T11:53:15.000Z,0.0011449990000017532,0xed7f4d43a68a1353004159aa48fcf79e23b5b75f,buy,0x41e5560054824ea6b0732e656e3ad64e20e94e45,0x02f0f515f7eceda32976ff167df6bb9de6242eea6d9d4afceaccb2462ee38e90
261,980.67,1.122769083,0x8be9b4fc633014f520db96c4b75de38954ce6802,2017-10-24T11:53:15.000Z,0.0011449,0x2475fe4d7a9d7d2e7908baf6697b801596bf5148,buy,0x41e5560054824ea6b0732e656e3ad64e20e94e45,0x3a0d3012fc88b9f3748d18148055825f00eb81d81e4b50a29d4944d1c4a400bd
262,910.32959161,1.042236349436924,0xa32f766fb9f23512aa122cf91bdb4ed960875ccb,2017-10-24T11:50:04.000Z,0.0011449000000028945,0x2475fe4d7a9d7d2e7908baf6697b801596bf5148,buy,0x41e5560054824ea6b0732e656e3ad64e20e94e45,0xee83c1e038196a30d42c635ce45893fdc13c337a82e4e7497e2c1ce933c99914
263,104.99999999,0.12055155000003154,0x6a82342937003d8b273d605bf78deaebdf756e12,2017-10-24T09:55:26.000Z,0.0011481100001096442,0xa32f766fb9f23512aa122cf91bdb4ed960875ccb,buy,0x41e5560054824ea6b0732e656e3ad64e20e94e45,0x6becb516e5292cf69d92e735e13f4e66615d857eb10b3645299c52792e219a28
264,117,0.133964883,0xf402241ae59336f93a308ec8955386670f8b481e,2017-10-24T07:23:23.000Z,0.001144999,0xed7f4d43a68a1353004159aa48fcf79e23b5b75f,buy,0x41e5560054824ea6b0732e656e3ad64e20e94e45,0xa98efe8638f04ca4a5b106ed7d1a0705341c9c6071f38f69b24f54c6d3371953
265,700,0.8014993,0x0248cf74ed50adcf0c050a7ca4136dcb90520f84,2017-10-24T06:29:46.000Z,0.001144999,0xed7f4d43a68a1353004159aa48fcf79e23b5b75f,buy,0x41e5560054824ea6b0732e656e3ad64e20e94e45,0x181a99d939c991f2ff08c30eb8d1ac8e3ada63c5b4a5e1ab4644875f538a7dbf
266,437.56148213,0.4916703350101958,0x0248cf74ed50adcf0c050a7ca4136dcb90520f84,2017-10-24T05:20:32.000Z,0.00112366,0xe2eabfc1e89a462bbd2ba188cd8a9591a9a0d04e,buy,0x41e5560054824ea6b0732e656e3ad64e20e94e45,0x91cc5b7af7dc5ac58b28bfac9ae11e0e25d23338c945567ac9f93266ef0419ab
267,10,0.0112366,0x3153b0e03e7544e72250188b06979f1a97a188d2,2017-10-24T05:04:41.000Z,0.00112366,0xe2eabfc1e89a462bbd2ba188cd8a9591a9a0d04e,buy,0x41e5560054824ea6b0732e656e3ad64e20e94e45,0x14877870dcc25967758d2b61d25c7a03f5e9c9ca19b81d4e84a1e43304cbfd1d
268,633.97215844,0.7111519290200379,0xcc6e0348016e9a0e7d02f400f0832d00698f0b65,2017-10-24T02:20:54.000Z,0.0011217400000182222,0xa32f766fb9f23512aa122cf91bdb4ed960875ccb,buy,0x41e5560054824ea6b0732e656e3ad64e20e94e45,0xe88e8d3b1a3c7a0165e0b3b914dba8daafdec072909cde093edad700134dba78
269,1.99401794,0.0023487637016157,0x00eb59d8d94684a24c12252d51bc18477579189a,2017-10-24T00:13:31.000Z,0.001177905,0x1d5321e125f6c7079a716705541c7b371ca79e69,sell,0x41e5560054824ea6b0732e656e3ad64e20e94e45,0xa4bd3c55c93baeb87c325930478cd166f42f2c4ad073c8bd52848436d035fc3a
270,2,0.00224,0x1d5321e125f6c7079a716705541c7b371ca79e69,2017-10-24T00:13:31.000Z,0.00112,0x366b9bdea87e37125ff660769ccc983adaf92634,buy,0x41e5560054824ea6b0732e656e3ad64e20e94e45,0xa4bd3c55c93baeb87c325930478cd166f42f2c4ad073c8bd52848436d035fc3a
271,55,0.06325,0xafb8cc48ca7c4aa79788912f564398434c8af68e,2017-10-23T23:31:15.000Z,0.00115,0x366b9bdea87e37125ff660769ccc983adaf92634,sell,0x41e5560054824ea6b0732e656e3ad64e20e94e45,0xcfc9a355a9bf46ff1a90ec40cdde0b09df843149fee0e5a9620e14e88aabc1ff
272,355,0.497,0x183c0e555551dd1c159d6f8ce494751aad13ab8a,2017-10-23T23:30:46.000Z,0.0014,0x6108fbac1ac70954c9973023bed7d5e00630f26b,buy,0x41e5560054824ea6b0732e656e3ad64e20e94e45,0x4d75f753aac69d3e76f2395aa24955bc58a0ec6be486bf6b2e871af2f0376e3f
273,681.02796861,0.7491648168694305,0xa3d7dedda551204ccb03bd79aa87824cc453b8de,2017-10-23T23:29:27.000Z,0.00110005,0x366b9bdea87e37125ff660769ccc983adaf92634,sell,0x41e5560054824ea6b0732e656e3ad64e20e94e45,0xbcbab2b29e1fbfb6ea3fb2fdc28b372d090936b7f97c1bfd429b9968f6120759
274,1615.82761347,1.777410374817,0xde7f305eb22e87c54fc7604933d52b7f2b393891,2017-10-23T23:29:13.000Z,0.0011,0x366b9bdea87e37125ff660769ccc983adaf92634,sell,0x41e5560054824ea6b0732e656e3ad64e20e94e45,0xf5e612c2313579015d87c69bad193e400f9959fff1ee8f2dc6ea4189a51b752a
275,508.49167582,0.5593413518936758,0xcd7ac50e622d55ad66d37cd9b444f400aaa75669,2017-10-23T23:29:13.000Z,0.001100001,0x366b9bdea87e37125ff660769ccc983adaf92634,sell,0x41e5560054824ea6b0732e656e3ad64e20e94e45,0x998ad21ece087c9d23ca480909a0c10546a564e5dfc668cd3f8e6f47fb6d2bb4
276,345.378,0.40677162025808444,0x00eb59d8d94684a24c12252d51bc18477579189a,2017-10-23T23:28:20.000Z,0.0011777577618090453,0x366b9bdea87e37125ff660769ccc983adaf92634,sell,0x41e5560054824ea6b0732e656e3ad64e20e94e45,0x1399955d374a1586a4514e784899258dd7fbea55fd228b44157296a8b1abe4f0
277,52.62187219,0.06197581841269604,0x00eb59d8d94684a24c12252d51bc18477579189a,2017-10-23T23:24:51.000Z,0.0011777577618090453,0xf81ab81ca1a6a19cc7b69b2c7876ff6543060598,sell,0x41e5560054824ea6b0732e656e3ad64e20e94e45,0x059a9833f17d75e5a8305eea54f9c3edf00865fe10a33c5f46947ae116fd6d8d
278,405,0.486,0xd191654db9f3194383ee2d9076947a85abb21655,2017-10-23T23:24:33.000Z,0.0012,0xf81ab81ca1a6a19cc7b69b2c7876ff6543060598,sell,0x41e5560054824ea6b0732e656e3ad64e20e94e45,0xba8dd7411868c39bd750e1953e0017e58c9e8b71c2c4efd9ec368f473415859e
279,1827.63282739,2.010396110129,0xde7f305eb22e87c54fc7604933d52b7f2b393891,2017-10-23T23:16:23.000Z,0.0011,0xa32f766fb9f23512aa122cf91bdb4ed960875ccb,sell,0x41e5560054824ea6b0732e656e3ad64e20e94e45,0x4d84e547211a4f8884408daef9975ddaa0abdab6bedc07c00f1d650dea5a36b0
280,398,0.493418515,0x5a601051f9ee619465e86323c9233fd08f3913a2,2017-10-23T23:16:08.000Z,0.001239745012562814,0x00eb59d8d94684a24c12252d51bc18477579189a,buy,0x41e5560054824ea6b0732e656e3ad64e20e94e45,0x0304e55fa591a7b9d8144c702c3a2bc2c8047f5f939268dd4faefbb7ea18f0c1
281,1556.53955914,1.712193515054,0xde7f305eb22e87c54fc7604933d52b7f2b393891,2017-10-23T23:05:12.000Z,0.0011,0xa32f766fb9f23512aa122cf91bdb4ed960875ccb,sell,0x41e5560054824ea6b0732e656e3ad64e20e94e45,0xc6ad462951f78a06886fad76cce0fde771b9b323104904b64f5e32ceba64c876
282,398,0.46880619,0x00eb59d8d94684a24c12252d51bc18477579189a,2017-10-23T22:57:21.000Z,0.001177905,0xa32f766fb9f23512aa122cf91bdb4ed960875ccb,sell,0x41e5560054824ea6b0732e656e3ad64e20e94e45,0x7c77295efec4362676faeb186790bdb609e4b637e29ae84ea5a42b367d7b7b7d
283,105,0.12075,0x552bc3092b781fc71b9464da55cc2be34875921c,2017-10-23T22:47:51.000Z,0.00115,0xdef0083fea701af025c19bdf0d328d5a44eac384,sell,0x41e5560054824ea6b0732e656e3ad64e20e94e45,0xffec48202f28ada287a52d5899aa132a2d0e0b21780abc3a08d1debbb6dafdfd
284,400,0.49596,0xdef0083fea701af025c19bdf0d328d5a44eac384,2017-10-23T22:47:51.000Z,0.0012399,0x00eb59d8d94684a24c12252d51bc18477579189a,buy,0x41e5560054824ea6b0732e656e3ad64e20e94e45,0x4358ffb7d8aefe487fcb9d292492d57da3701268783383b548307473cbc8b2b3
285,3.88287551,0.004655567740005981,0x9e192690c44493e5dc724b5adfc7099a8e3c324c,2017-10-23T22:01:45.000Z,0.0011990000009055096,0x366b9bdea87e37125ff660769ccc983adaf92634,buy,0x41e5560054824ea6b0732e656e3ad64e20e94e45,0x8398df4903f6e2efce24650f6bc53891bd9f8bb8c6eb8f913a6af198b69296b2
286,491.50832418,0.5406596481063242,0xcd7ac50e622d55ad66d37cd9b444f400aaa75669,2017-10-23T22:00:33.000Z,0.001100001,0xdef0083fea701af025c19bdf0d328d5a44eac384,sell,0x41e5560054824ea6b0732e656e3ad64e20e94e45,0x5bf6285fb300d2a259d2ed232b2c07be818c63bfd0d32f0bddb31964965f9c56
287,83.61765926,0.09657839644978686,0x6d77082645830f9f9288063c330e8530a01ee646,2017-10-23T21:41:10.000Z,0.0011550000000536591,0x366b9bdea87e37125ff660769ccc983adaf92634,buy,0x41e5560054824ea6b0732e656e3ad64e20e94e45,0x54a734d917712c84b9781d16719cb60279f38e7f31d8f0d25c426c5fac0da372
288,1318.97203139,1.4509351831305695,0xa3d7dedda551204ccb03bd79aa87824cc453b8de,2017-10-23T21:37:07.000Z,0.00110005,0x1cfb66cb98eecdeb6df0526f075ab5f54026844e,sell,0x41e5560054824ea6b0732e656e3ad64e20e94e45,0x2c4f7445b329f4d4958d26339aa39e39143ec2a6e23ac146fad5274a7fe730ab
289,1000,1.15,0xf5eaf1c5e1e16aa1a05364940722b8e501d3de26,2017-10-23T21:28:51.000Z,0.00115,0x366b9bdea87e37125ff660769ccc983adaf92634,buy,0x41e5560054824ea6b0732e656e3ad64e20e94e45,0xa56325135f16d584f7bf7ed01a68ad10e0e58ed281dedd3bae513ee9d3bcbc5e
290,2830,3.2828,0xde7f305eb22e87c54fc7604933d52b7f2b393891,2017-10-23T19:45:32.000Z,0.00116,0x366b9bdea87e37125ff660769ccc983adaf92634,buy,0x41e5560054824ea6b0732e656e3ad64e20e94e45,0x3044631fa9debef71516a6ae8abd76418aa219256abe8669beb9685a99f5107b
291,170,0.2006,0x48ccb053d10eff2ea1f50466e194551e6bb356bb,2017-10-23T19:23:53.000Z,0.00118,0x366b9bdea87e37125ff660769ccc983adaf92634,buy,0x41e5560054824ea6b0732e656e3ad64e20e94e45,0x92726ac1b31741f444285fbf57739a7f278bfeb6114f3d8d6ecfea8a2da700ab
292,0.00002507,0.00000002519537507,0x679a5d286ef5f9c921ac41bf1abd83c64dff94b3,2017-10-23T18:57:25.000Z,0.001005001,0x4a616b9a8e0c10c498933c92d985b5cbc233f9cb,sell,0x41e5560054824ea6b0732e656e3ad64e20e94e45,0xfe2c4b95b5d8c03e22dfde92688d4b96033cdc1bd59870ba0fb88cdc15b13649
293,0.25138594,0.00025264312108594,0x679a5d286ef5f9c921ac41bf1abd83c64dff94b3,2017-10-23T18:57:02.000Z,0.001005001,0x4a616b9a8e0c10c498933c92d985b5cbc233f9cb,sell,0x41e5560054824ea6b0732e656e3ad64e20e94e45,0xae53590d790a2b3709d00fdb09331be1289d6379b3838e67bd2bd994a792f326
294,888,1.2432,0x634d31118a7d5f4fbc3ee8b837daf7d246dc9580,2017-10-23T18:56:16.000Z,0.0014,0x634d31118a7d5f4fbc3ee8b837daf7d246dc9580,buy,0x41e5560054824ea6b0732e656e3ad64e20e94e45,0x72d41fdefb67330e432b19e3fde0c231367de50aad986b1a51ae3f6be2a3f19a
295,2521.6523076,2.534260569138,0x4b7ef3c467974c144121f7952d2769cb18bd8656,2017-10-23T18:56:16.000Z,0.001005,0x4a616b9a8e0c10c498933c92d985b5cbc233f9cb,sell,0x41e5560054824ea6b0732e656e3ad64e20e94e45,0x03cb5cd9aac1b15d770b5a37ac6d86c487123b02599d62fa3d7c0a49be46e828
296,620,0.8618,0x634d31118a7d5f4fbc3ee8b837daf7d246dc9580,2017-10-23T18:55:12.000Z,0.00139,0x634d31118a7d5f4fbc3ee8b837daf7d246dc9580,buy,0x41e5560054824ea6b0732e656e3ad64e20e94e45,0xa7a32b92582b9e0dd8c87e764a7fe2e1f45acd1ad7a646e844af2e90b2e543a4
297,1300,1.30663,0xa5c47c2500996a6aa03fa50a9550996d51c05813,2017-10-23T18:55:12.000Z,0.0010051,0x4a616b9a8e0c10c498933c92d985b5cbc233f9cb,sell,0x41e5560054824ea6b0732e656e3ad64e20e94e45,0xebd7a4b8eb0af76b073487af7d8197f402f77b08f32f3d1cdb778b3031b606e0
298,1969.084,2.0699995550058747,0xa32f766fb9f23512aa122cf91bdb4ed960875ccb,2017-10-23T18:55:02.000Z,0.0010512500000029834,0x4a616b9a8e0c10c498933c92d985b5cbc233f9cb,sell,0x41e5560054824ea6b0732e656e3ad64e20e94e45,0x65248e92f37739377c3b36b3d7a217c3b25604145ebdd042bcbcfee3baa10bf9
299,1000,1.38,0x634d31118a7d5f4fbc3ee8b837daf7d246dc9580,2017-10-23T18:54:06.000Z,0.00138,0x634d31118a7d5f4fbc3ee8b837daf7d246dc9580,buy,0x41e5560054824ea6b0732e656e3ad64e20e94e45,0xf31e904aa756c7a6e7914cdd7f98b5661f22e8303dec5f414b3eceb323c5e7c2
300,2000,2.22,0xefab6ed74d12f51bb50fda0268e48b4fbc13d0cc,2017-10-23T18:54:03.000Z,0.00111,0x4a616b9a8e0c10c498933c92d985b5cbc233f9cb,sell,0x41e5560054824ea6b0732e656e3ad64e20e94e45,0x43f72d89b9ce1815c1a6ecc4537e5476e0bddf7c14fa91772ef88bbda3e52cdd
301,500,0.685,0x634d31118a7d5f4fbc3ee8b837daf7d246dc9580,2017-10-23T18:52:22.000Z,0.00137,0x634d31118a7d5f4fbc3ee8b837daf7d246dc9580,buy,0x41e5560054824ea6b0732e656e3ad64e20e94e45,0xeb285e3445bb6c4bf35cb402968d1ff4a2329f3df950f6b1e7e7b56f4d7493df
302,837,1.13832,0x634d31118a7d5f4fbc3ee8b837daf7d246dc9580,2017-10-23T18:51:20.000Z,0.00136,0x634d31118a7d5f4fbc3ee8b837daf7d246dc9580,buy,0x41e5560054824ea6b0732e656e3ad64e20e94e45,0xf46146e70fc79d62067de11d93ef3cd739ed7600460bcffbaa1d005465d5b032
303,650,0.8775,0x634d31118a7d5f4fbc3ee8b837daf7d246dc9580,2017-10-23T18:48:02.000Z,0.00135,0x634d31118a7d5f4fbc3ee8b837daf7d246dc9580,buy,0x41e5560054824ea6b0732e656e3ad64e20e94e45,0x4a6310adbcf25506cff5e19786cd4137d1f82a12191d8c031db645aad799da6d
304,1178,1.57852,0x634d31118a7d5f4fbc3ee8b837daf7d246dc9580,2017-10-23T18:45:48.000Z,0.00134,0x634d31118a7d5f4fbc3ee8b837daf7d246dc9580,buy,0x41e5560054824ea6b0732e656e3ad64e20e94e45,0x40bf39fc7a903212baa56179e0bec124265776819238c7048c3ef1ec11e4818d
305,500,0.665,0x634d31118a7d5f4fbc3ee8b837daf7d246dc9580,2017-10-23T18:43:29.000Z,0.00133,0x634d31118a7d5f4fbc3ee8b837daf7d246dc9580,buy,0x41e5560054824ea6b0732e656e3ad64e20e94e45,0x5ad64aab4213018fb5f0ffb2c369a4784e9bb2f46ce25a14ebe154458b8f59e2
306,850,1.122,0x634d31118a7d5f4fbc3ee8b837daf7d246dc9580,2017-10-23T18:42:05.000Z,0.00132,0x634d31118a7d5f4fbc3ee8b837daf7d246dc9580,buy,0x41e5560054824ea6b0732e656e3ad64e20e94e45,0xbff671da7c2511bf02ae46f09146de553edc8ef2adbd3f26323d55fcf71a6974
307,1000,1.31,0x634d31118a7d5f4fbc3ee8b837daf7d246dc9580,2017-10-23T18:40:36.000Z,0.00131,0x634d31118a7d5f4fbc3ee8b837daf7d246dc9580,buy,0x41e5560054824ea6b0732e656e3ad64e20e94e45,0x812be6013db94a144aeac617de2f6906c9d951794c3ec20ae14a180024d63048
308,1064.04399999,1.3775007219653719,0xefab6ed74d12f51bb50fda0268e48b4fbc13d0cc,2017-10-23T18:00:17.000Z,0.0012945900000172152,0xa32f766fb9f23512aa122cf91bdb4ed960875ccb,buy,0x41e5560054824ea6b0732e656e3ad64e20e94e45,0x9211bca1528f72dcb87a284925e8833f4b9f799a4664802f39d6989e1811d473
309,275,0.3575,0xb33c00a0cc06500930dba43f37b931ccd862562a,2017-10-23T17:57:16.000Z,0.0013,0x4a616b9a8e0c10c498933c92d985b5cbc233f9cb,buy,0x41e5560054824ea6b0732e656e3ad64e20e94e45,0xcf61bfbf69a6ba7bcd2b724f600e6f519a6f805d063578a8ce8b5a04b8df1c6f
310,499.99999999,0.6472950000025243,0x1b1c368395f3db0a794abe201fd43a0effe25e19,2017-10-23T17:56:10.000Z,0.0012945900000309403,0xa32f766fb9f23512aa122cf91bdb4ed960875ccb,buy,0x41e5560054824ea6b0732e656e3ad64e20e94e45,0xc585b4d131442fbcfffb0d73da7ffa22655c2f22e67d87dc4e59a433f093eea8
311,99.0858511,0.1168222184527044,0x631977795532b6b3a6a6ce4419e8be852c05829e,2017-10-23T17:53:29.000Z,0.0011790000000585794,0x583b640795999aa2bb22c1a62a91336ff9d325bb,buy,0x41e5560054824ea6b0732e656e3ad64e20e94e45,0xd13effb14a3a7204d4e098d8f58256db56e8518ae9dddf161e7be2d764c238fd
312,5000,6,0xa082e14306d0cfa8286ef771f149896240fd65fc,2017-10-23T17:49:01.000Z,0.0012,0x4a616b9a8e0c10c498933c92d985b5cbc233f9cb,buy,0x41e5560054824ea6b0732e656e3ad64e20e94e45,0x260fd0718bb894d6781fbc7756dfebd32de23305186a3e89dc9783590d3edf5d
313,2000,2.398,0xb61947a7474694dbfc3722eac9af0af5de09a548,2017-10-23T17:47:47.000Z,0.001199,0x583b640795999aa2bb22c1a62a91336ff9d325bb,buy,0x41e5560054824ea6b0732e656e3ad64e20e94e45,0x8882477e31e9d2a888ae2df6a365b7dddd84b91a562a5a04453016ab2150ba1a
314,1900.91414889,2.2411777815472957,0xea3f1b409f5e9211eed087c9f5f621d1249b3e7b,2017-10-23T17:43:28.000Z,0.0011790000000031489,0x583b640795999aa2bb22c1a62a91336ff9d325bb,buy,0x41e5560054824ea6b0732e656e3ad64e20e94e45,0x1cd8c19c7707b580b73099575611672716fa11d4f9d320369b647ff0562838d2
315,932.262,0.9862099043505,0xea3f1b409f5e9211eed087c9f5f621d1249b3e7b,2017-10-23T17:42:27.000Z,0.00105786775,0x00eb59d8d94684a24c12252d51bc18477579189a,buy,0x41e5560054824ea6b0732e656e3ad64e20e94e45,0xcea7088ea4c65a580e3d5899c656dec9125e3504cf2f218a6e65e354866ef29c
316,250,0.2644669375,0x1b1c368395f3db0a794abe201fd43a0effe25e19,2017-10-23T16:40:44.000Z,0.00105786775,0x00eb59d8d94684a24c12252d51bc18477579189a,buy,0x41e5560054824ea6b0732e656e3ad64e20e94e45,0xc4fd4794ed26cd549283e7b2a4fbd43ad93a1066d4372dd5bf66b7133c04879c
317,500,0.52893,0x1b1c368395f3db0a794abe201fd43a0effe25e19,2017-10-23T16:40:22.000Z,0.00105786,0x2475fe4d7a9d7d2e7908baf6697b801596bf5148,buy,0x41e5560054824ea6b0732e656e3ad64e20e94e45,0x0de3f77c50f31020aefedf1c185773ab7f3841c2ade27bca5ba78e2d18160165
318,300,0.317358,0x6a82342937003d8b273d605bf78deaebdf756e12,2017-10-23T15:21:09.000Z,0.00105786,0x2475fe4d7a9d7d2e7908baf6697b801596bf5148,buy,0x41e5560054824ea6b0732e656e3ad64e20e94e45,0x948648153053e701bcbac645b361cf578aaf11e8f1f06bc87278bd3e6dfd2169
319,605.51386701,0.5934090392946031,0xa3d7dedda551204ccb03bd79aa87824cc453b8de,2017-10-23T14:34:21.000Z,0.000980009,0x724ff85cb0a7130e2d3d451a48ceb6dae442553c,sell,0x41e5560054824ea6b0732e656e3ad64e20e94e45,0x14f635685d191eb9bcec96b1b10573ba8801bf3e2530b40bbe6df354667d2279
320,137.68,0.14566544,0xf8778bb783ea1113dafdec50e4d23099b8978c82,2017-10-23T14:30:57.000Z,0.001058,0x724ff85cb0a7130e2d3d451a48ceb6dae442553c,sell,0x41e5560054824ea6b0732e656e3ad64e20e94e45,0xda4db254277f958b655903c3a062a50e15f065352abfde2f03f64e8fd5b584bf
321,1827.31998024,1.93330453909392,0xf8778bb783ea1113dafdec50e4d23099b8978c82,2017-10-23T13:42:06.000Z,0.001058,0xa32f766fb9f23512aa122cf91bdb4ed960875ccb,sell,0x41e5560054824ea6b0732e656e3ad64e20e94e45,0x691d7742120cd1d400eef7153701854e2785d033ae319aef39573b6625b79587
322,180.52238062,0.1769135577090256,0xa3d7dedda551204ccb03bd79aa87824cc453b8de,2017-10-23T13:07:41.000Z,0.000980009,0xbad61d23bd8f6b7f09d74f2fbe2a00d3c6ae80a2,sell,0x41e5560054824ea6b0732e656e3ad64e20e94e45,0x7f4f27e5e09eff8a133b5ba8b324e0db150380f948a60924b6bbd3f98942ca1a
323,400,0.423144,0x36b5e2f6b41d6810b57be39d7de23a021b3bfeb4,2017-10-23T11:41:22.000Z,0.00105786,0x2475fe4d7a9d7d2e7908baf6697b801596bf5148,buy,0x41e5560054824ea6b0732e656e3ad64e20e94e45,0x3a99d4164c046236aba6a1751e2c8bc813f0bcacf00a105cc06b790a5fbe6fde
324,100,0.105786,0x0265afc497b9dfc5a9648d66322e19b9edcd0faa,2017-10-23T07:02:45.000Z,0.00105786,0x2475fe4d7a9d7d2e7908baf6697b801596bf5148,buy,0x41e5560054824ea6b0732e656e3ad64e20e94e45,0xa839d888e06f907bf89b2d0b359985eabeb135c0fde19ed79f881af98cc7aa66
325,100,0.105786775,0x0265afc497b9dfc5a9648d66322e19b9edcd0faa,2017-10-23T06:09:49.000Z,0.00105786775,0x00eb59d8d94684a24c12252d51bc18477579189a,buy,0x41e5560054824ea6b0732e656e3ad64e20e94e45,0xeaee8e17643a657acd566b85190a0c93aadc2e3cb524b8abd27ec9b6d36a1b53
326,100,0.105786775,0x0265afc497b9dfc5a9648d66322e19b9edcd0faa,2017-10-23T04:46:29.000Z,0.00105786775,0x00eb59d8d94684a24c12252d51bc18477579189a,buy,0x41e5560054824ea6b0732e656e3ad64e20e94e45,0x3cf75ac5e44d92ae18bb962f7c6b4e90d64e0e42e1380c7833b52dd6a5621ae9
327,100,0.105786775,0x0265afc497b9dfc5a9648d66322e19b9edcd0faa,2017-10-23T04:44:52.000Z,0.00105786775,0x00eb59d8d94684a24c12252d51bc18477579189a,buy,0x41e5560054824ea6b0732e656e3ad64e20e94e45,0x405ba1983ac1775aea60aa11024cbc2ff641732b5a520df3caced469d7352c29
328,983.18320706,0.9394325375290371,0x2475fe4d7a9d7d2e7908baf6697b801596bf5148,2017-10-23T02:23:38.000Z,0.000955501,0x09ef3fdbc148aed882973b1a412589f3ce3c536b,sell,0x41e5560054824ea6b0732e656e3ad64e20e94e45,0xae77e34a93a30ee51be2b07c2e16c9e8f4fb552b13aaf6d2796ebee76eccacfb
329,317.25221322,0.3031348069839232,0x2475fe4d7a9d7d2e7908baf6697b801596bf5148,2017-10-22T22:05:13.000Z,0.000955501,0xf18521dc5c211dc0ed6c85b034d4f46d456950bb,sell,0x41e5560054824ea6b0732e656e3ad64e20e94e45,0x3c4613308d2d332e18dd0b56589d886da0c21ad41bc09af2dbcb87f317238953
330,19.88629751,0.019001357270805,0x695f7ca2b214b12912a8f74ab689907666cad96c,2017-10-22T19:36:15.000Z,0.0009555,0xa300e3aa8e5c53a93e598ba6e685a84a9cd1059c,sell,0x41e5560054824ea6b0732e656e3ad64e20e94e45,0xabc8552f0866d96d892dc11ed2b01700705d1b755de943559ae2c990953f505d
331,1,0.00105786775,0xe1fa699860444be91d366c21de8fef56e3dec77a,2017-10-22T18:21:13.000Z,0.00105786775,0x00eb59d8d94684a24c12252d51bc18477579189a,buy,0x41e5560054824ea6b0732e656e3ad64e20e94e45,0x844cfe96c0a3cc0af705202bb521428610868593df6b5b1981bf9ce7b88f156b
332,242,0.28770896,0x23ca50828542a820ed3f18acafddcd18432170e3,2017-10-22T17:32:46.000Z,0.00118888,0x4cd6aaf29c19187f8c7ed5c95313010c81f59298,buy,0x41e5560054824ea6b0732e656e3ad64e20e94e45,0xd96bd26765f466092d2d6b90a9a540ec91a9fd72869ca852300dd4ae26f94044
333,250,0.24252925,0x5557a30d864e438e7b21ef97df9d1034e7c16cf5,2017-10-22T16:48:24.000Z,0.000970117,0xf18521dc5c211dc0ed6c85b034d4f46d456950bb,sell,0x41e5560054824ea6b0732e656e3ad64e20e94e45,0x882ae4afe24e2cdf0d4d326d43ca62d614d1559a098bff321a40d41a2a120424
334,2250,2.19825,0x583b640795999aa2bb22c1a62a91336ff9d325bb,2017-10-22T16:45:57.000Z,0.000977,0xf18521dc5c211dc0ed6c85b034d4f46d456950bb,sell,0x41e5560054824ea6b0732e656e3ad64e20e94e45,0xb4479b9829c9533f82dc58bb41dbf2c79c41d976b1756b796b2a3a5275902493
335,8.48655909,0.00848655909,0x1a1984d1e67ed9e6f2a40bd855ed57765b6f346d,2017-10-22T16:36:14.000Z,0.001,0xf18521dc5c211dc0ed6c85b034d4f46d456950bb,sell,0x41e5560054824ea6b0732e656e3ad64e20e94e45,0x8a2cb7aace8340d2e5bba9e96f62cf34058a9e4f50852ca3d68bf356642f4baa
336,500,0.5005,0x937ef977341e686a42200d61e72b33405bf0c9c3,2017-10-22T16:34:24.000Z,0.001001,0xf18521dc5c211dc0ed6c85b034d4f46d456950bb,sell,0x41e5560054824ea6b0732e656e3ad64e20e94e45,0xe2501a77417a023e15fa38991b5fdd2d183084af515a5c9f90ba7df7d541823e
337,220,0.2232582,0xdcdbb380953c9cfa4f51a8d9f80d88b9a362e707,2017-10-22T16:33:31.000Z,0.00101481,0xf18521dc5c211dc0ed6c85b034d4f46d456950bb,sell,0x41e5560054824ea6b0732e656e3ad64e20e94e45,0x5e261d346a08be9406bc3644e851511918ecca0db120843152f30d9674b00872
338,165.41197265,0.16786188937691915,0x0020d65da5c26e824ee6d61a9064bf2bf51c57ca,2017-10-22T16:30:09.000Z,0.001014811,0xf18521dc5c211dc0ed6c85b034d4f46d456950bb,sell,0x41e5560054824ea6b0732e656e3ad64e20e94e45,0xcc0804d1350d13ea9afe91de47e32e2da763dfbbe3bdecf306d8ce8e7a3c9cbd
339,5,0.005074305,0xacdcba747f02a932d0e7e8a59c7f6a25d91ba6e5,2017-10-22T16:25:55.000Z,0.001014861,0xf18521dc5c211dc0ed6c85b034d4f46d456950bb,sell,0x41e5560054824ea6b0732e656e3ad64e20e94e45,0x64f71b78cca4b3f1f80655a02fcd20accd8f279ad1c0ff30e8bda900c7f34561
340,3.85,0.0040425,0xb24d100503c5f7cab3f9b0580b12c353cf88c755,2017-10-22T16:25:23.000Z,0.00105,0xf18521dc5c211dc0ed6c85b034d4f46d456950bb,sell,0x41e5560054824ea6b0732e656e3ad64e20e94e45,0xbec5f26c103945219042754c243518881a34ddf91b53bf055f40bdc2555d2cd8
341,2.49450001,0.002630450260545,0x00eb59d8d94684a24c12252d51bc18477579189a,2017-10-22T16:22:13.000Z,0.0010545,0xf18521dc5c211dc0ed6c85b034d4f46d456950bb,sell,0x41e5560054824ea6b0732e656e3ad64e20e94e45,0x43d4d24a0a59a0e8729c13684344d4ccbbe33992c7b75a509bb20a3fdc915d48
342,1.583,0.0016702233,0x00eb59d8d94684a24c12252d51bc18477579189a,2017-10-22T16:22:03.000Z,0.0010551,0xf18521dc5c211dc0ed6c85b034d4f46d456950bb,sell,0x41e5560054824ea6b0732e656e3ad64e20e94e45,0xc87c8c003cfe6313548cd28be2c16bdb07c1ed59bdd3a871b5f10502e56b7fdc
343,834.58802735,0.8469491106230809,0x0020d65da5c26e824ee6d61a9064bf2bf51c57ca,2017-10-22T15:49:16.000Z,0.001014811,0xa32f766fb9f23512aa122cf91bdb4ed960875ccb,sell,0x41e5560054824ea6b0732e656e3ad64e20e94e45,0xbf551c20ec4b6441ce0da5a0d8b0eff8ac3d828c262317da5e915e4af9e48457
344,995,1.009786695,0xacdcba747f02a932d0e7e8a59c7f6a25d91ba6e5,2017-10-22T15:46:05.000Z,0.001014861,0xa32f766fb9f23512aa122cf91bdb4ed960875ccb,sell,0x41e5560054824ea6b0732e656e3ad64e20e94e45,0x28b464cbf276705b68cb721804233442fb16b60343149f1df827964c38937a91
345,16.7376599,0.01770623062734523,0x254b7ca28b2187527b2ec194fc5746e0dfafe0af,2017-10-22T10:54:06.000Z,0.0010578677505178147,0x00eb59d8d94684a24c12252d51bc18477579189a,buy,0x41e5560054824ea6b0732e656e3ad64e20e94e45,0xc2646e9c2f54d3c6ac567ba1952027de89ad75543c78f698ae6ed259882572c2
346,1500,1.50765,0x00eb59d8d94684a24c12252d51bc18477579189a,2017-10-22T10:31:10.000Z,0.0010051,0x4d517d272ce8d879d8891518e70153b49d2cdb96,sell,0x41e5560054824ea6b0732e656e3ad64e20e94e45,0xc52d629fe58e01e82a04d476b50a0d22d56e21877691175194169b74fb9dbe3f
347,40.80853908,0.042848966034,0x04ae2ee109c03de9b6db4cc7956602de8fdd66d8,2017-10-22T10:31:10.000Z,0.00105,0x4d517d272ce8d879d8891518e70153b49d2cdb96,sell,0x41e5560054824ea6b0732e656e3ad64e20e94e45,0x70b5942006f4b792c31e1cec373bf1ca4f1e40a95c8c7471f790fd6c808f7db8
348,0.23144933,0.000253437024648695,0xc9f789fd5b9dde6849e49a9240fccc301d9e8eff,2017-10-22T10:28:36.000Z,0.0010950000358553424,0xfbf7dc0756a9768d0c71aea5f8421f3b1eaee7d1,buy,0x41e5560054824ea6b0732e656e3ad64e20e94e45,0x208b1adf50ef8a16257dbc1da179605e633fa07fe255018d139996f9ede09fd9
349,995,1.049725,0x5af1686b0b114e625282797b48f5f777f49a449b,2017-10-22T08:55:38.000Z,0.001055,0xa32f766fb9f23512aa122cf91bdb4ed960875ccb,sell,0x41e5560054824ea6b0732e656e3ad64e20e94e45,0x56392c3a7dda146d878538546588b0cc2d415d744282dab750420a4095ea3afd
350,237,0.28176456,0xa6611484565198f05b2819b689f685f08abc063c,2017-10-22T07:08:07.000Z,0.00118888,0x4cd6aaf29c19187f8c7ed5c95313010c81f59298,buy,0x41e5560054824ea6b0732e656e3ad64e20e94e45,0x06ddd0eccd0c9247885f484025b434d4f02addaf722d7d35dc39ee69f58b33f6
351,4459.19146092,4.682151033966,0x04ae2ee109c03de9b6db4cc7956602de8fdd66d8,2017-10-22T06:37:02.000Z,0.00105,0x9778550d76b07ac9f5e57392f68ecdf6efc1774e,sell,0x41e5560054824ea6b0732e656e3ad64e20e94e45,0xa06b1529faad4280c694c8a3cf4afa44e65247f0c89f51565c8bb4015acdf0ff
352,497.5,0.52735,0xfbf7dc0756a9768d0c71aea5f8421f3b1eaee7d1,2017-10-22T06:24:54.000Z,0.00106,0xa32f766fb9f23512aa122cf91bdb4ed960875ccb,sell,0x41e5560054824ea6b0732e656e3ad64e20e94e45,0x6d192fa17984e90eb057f1f0f7876400d9c8ae743a33f30c23ff60fb16f825ae
353,497.5,0.52735,0xfbf7dc0756a9768d0c71aea5f8421f3b1eaee7d1,2017-10-22T06:10:52.000Z,0.00106,0xa32f766fb9f23512aa122cf91bdb4ed960875ccb,sell,0x41e5560054824ea6b0732e656e3ad64e20e94e45,0xe52f0a9571c66dbbb55e16f2d26718caa4d8269d4c262f9889e323d23f2a2b6e
354,467.01284472,0.5557452852168,0x1cfb66cb98eecdeb6df0526f075ab5f54026844e,2017-10-22T02:03:24.000Z,0.00119,0x4cd6aaf29c19187f8c7ed5c95313010c81f59298,buy,0x41e5560054824ea6b0732e656e3ad64e20e94e45,0x956e04f54d14e89f9f336e0b7d464b27015eae26f80821824ea1153d44277893
355,236.33,0.2622607226,0x1cfb66cb98eecdeb6df0526f075ab5f54026844e,2017-10-22T02:02:37.000Z,0.0011097225176659755,0x00eb59d8d94684a24c12252d51bc18477579189a,buy,0x41e5560054824ea6b0732e656e3ad64e20e94e45,0x54fcff5ca89891e5a07b04dec9b45062d96594953a50d641e11b6ec641160951
356,236.33,0.24917883375186012,0x00eb59d8d94684a24c12252d51bc18477579189a,2017-10-22T01:20:35.000Z,0.001054368187499937,0x3dee4a4e076e8d82859d241db0baf46f112cfa23,sell,0x41e5560054824ea6b0732e656e3ad64e20e94e45,0xfa8522cc2755626d932e48bf6b157cd2b18e874029ada5b0f5fd6aa79e759729
357,5,0.0062,0xedf5de3807d23e5d85b0caa1e10d52b85c2a6965,2017-10-21T23:34:50.000Z,0.00124,0x4cd6aaf29c19187f8c7ed5c95313010c81f59298,buy,0x41e5560054824ea6b0732e656e3ad64e20e94e45,0xa53e664113dd0a8048d61ab3379da7cad1ef9d1179413f3b023c812798d02336
358,150,0.1875,0xada754b500d5b1f588a67c392e445f20beb5cb98,2017-10-21T21:42:57.000Z,0.00125,0xf6fb7a4de4bf4bc746783abc63000b0148dac855,buy,0x41e5560054824ea6b0732e656e3ad64e20e94e45,0x1dc84e9578b8e1b48c480d6576eef5969f91961808e974b3958197ac2774bf6d
359,99.69095803,0.1051109747282234,0x00eb59d8d94684a24c12252d51bc18477579189a,2017-10-21T21:08:11.000Z,0.001054368187499937,0x488049319c07a4a5f11151adbe786771d9f74770,sell,0x41e5560054824ea6b0732e656e3ad64e20e94e45,0x185745757167efbb49ce660a0b4351473da7bdd0f405e29c66cb7de452226ecb
360,1400,1.26014,0x3dee4a4e076e8d82859d241db0baf46f112cfa23,2017-10-21T21:05:56.000Z,0.0009001,0xaff9da856e4b723594fc951a6d1a20607d966ce6,sell,0x41e5560054824ea6b0732e656e3ad64e20e94e45,0x0e39b24a0fb72aa8ae34ed969153af62cb53129b41c40e505447b869a1635433
361,9.32575282,0.011964008294097963,0xbac4a6daf3b21723984dd35c4bcdc3eb51cbff62,2017-10-21T19:19:49.000Z,0.0012829000001415396,0x2475fe4d7a9d7d2e7908baf6697b801596bf5148,buy,0x41e5560054824ea6b0732e656e3ad64e20e94e45,0x7aca9ee1aa589bc0472af99fc85634d1e35e8dc0e2c9bd26914820cf17239296
362,100,0.2,0x8955107db89cb6478624bd99d155be51e023bc95,2017-10-21T19:16:03.000Z,0.002,0xd6d6b1c19041c8d29532a2e5a19582414fdf3297,buy,0x41e5560054824ea6b0732e656e3ad64e20e94e45,0x1f5e23805cad9cb5c8fef24397317a8c840b1804b02c1f7d54532eb62e85af63
363,100,0.15,0x8955107db89cb6478624bd99d155be51e023bc95,2017-10-21T19:16:03.000Z,0.0015,0xd6d6b1c19041c8d29532a2e5a19582414fdf3297,buy,0x41e5560054824ea6b0732e656e3ad64e20e94e45,0xcdb8af7b2f39eb915b82ced83c5d3ff52389600c4bb77af79efd391461ce8db5
364,24,0.0324,0x8955107db89cb6478624bd99d155be51e023bc95,2017-10-21T18:59:58.000Z,0.00135,0xbba1f993e59c2b0014d7f83f73b57a622bdd9dfc,buy,0x41e5560054824ea6b0732e656e3ad64e20e94e45,0x52df7ae0bf7d012fd4f6e017e7579d32a9fc0fb38773a27ba62ac5b8073c0882
365,299.74020969,0.38456369164017484,0xebbee0e3005acb845d268dfa42688a1c52e193e0,2017-10-21T18:15:58.000Z,0.001282990000033368,0xa32f766fb9f23512aa122cf91bdb4ed960875ccb,buy,0x41e5560054824ea6b0732e656e3ad64e20e94e45,0x35c4b108d40aa378a0baf95de77ceaa77b736b953c2340b431dbd37d60948e15
366,500,0.6444,0xbc5ecc8cdb94ede945beba4f51fa3b1af1e6da44,2017-10-21T16:44:01.000Z,0.0012888,0x5c71f7ca58238adbffcb03ce76fb2f8640a015c5,buy,0x41e5560054824ea6b0732e656e3ad64e20e94e45,0xc1c733799af970462c4aef908ac00ee0dc9766afc97168603c109b7eb50492fe
367,30,0.03855,0x94d8508fd0b40b94833c7a0480176d0bacd14cde,2017-10-21T16:06:09.000Z,0.001285,0xa7d3aa01d021c362143422e32c099a34d5fbe320,buy,0x41e5560054824ea6b0732e656e3ad64e20e94e45,0x102f3094bb8fdb12d448f0536641945231f7d538d0c7cec169ff2b814b70c454
368,2.04911817,0.00236673148635,0xb68599528b69bd8030b08297207ab3f032b2f7b2,2017-10-21T15:16:02.000Z,0.001155,0xf18521dc5c211dc0ed6c85b034d4f46d456950bb,sell,0x41e5560054824ea6b0732e656e3ad64e20e94e45,0x960f7bfeaeb463e1ddc90cc2eac6934a4dbd4ab592b3ca75b54c702c5b2f107f
369,134.5,0.14795,0xb2f149e8ec8e0fe8408fb7a16da875989eac1d8c,2017-10-21T15:12:15.000Z,0.0011,0xf18521dc5c211dc0ed6c85b034d4f46d456950bb,sell,0x41e5560054824ea6b0732e656e3ad64e20e94e45,0xc915d5b2e6cfdac4f6c76cfc8c3efe3d2e63a8685b87ada9d24800249da4bf00
370,17.74490728,0.0204953679084,0x43713ddd3181102eb9af3c818be91b0f4932763b,2017-10-21T15:10:44.000Z,0.001155,0xf18521dc5c211dc0ed6c85b034d4f46d456950bb,sell,0x41e5560054824ea6b0732e656e3ad64e20e94e45,0x2fd344c8ce1f562070218f82687e4d89c22971f212fef39a5b4413dfbf90bfa2
371,592.32435631,0.68413463153805,0x43713ddd3181102eb9af3c818be91b0f4932763b,2017-10-21T14:23:29.000Z,0.001155,0xf18521dc5c211dc0ed6c85b034d4f46d456950bb,sell,0x41e5560054824ea6b0732e656e3ad64e20e94e45,0x53c56cec39fda612946496193dcb3c8feef4e42101a2346c68e4c7bec1eadbe9
372,389.93073641,0.45037000055355,0x43713ddd3181102eb9af3c818be91b0f4932763b,2017-10-21T14:15:05.000Z,0.001155,0xf18521dc5c211dc0ed6c85b034d4f46d456950bb,sell,0x41e5560054824ea6b0732e656e3ad64e20e94e45,0xccecf461543c671ef564f0ce7a0783c2d6ca6eaa5ec3195498523210f8f47588
373,3.27266032,0.003763559368,0xa7d3aa01d021c362143422e32c099a34d5fbe320,2017-10-21T14:12:46.000Z,0.00115,0xf18521dc5c211dc0ed6c85b034d4f46d456950bb,sell,0x41e5560054824ea6b0732e656e3ad64e20e94e45,0x959b326f09a1cdca13ab611058afec00e9ee28690e0e635da9f6d455d84c7f08
374,1.49999999,0.002091255000005034,0x1352fd7ae127f80f4142b2230dd4c3bb3a5b406c,2017-10-21T13:31:42.000Z,0.0013941700092978226,0xa32f766fb9f23512aa122cf91bdb4ed960875ccb,buy,0x41e5560054824ea6b0732e656e3ad64e20e94e45,0xc3738cb490a770d5e89137edb4def48c68039a9c1329a016eae7738ec5d15759
375,160.38439763,0.1691042066324123,0x00eb59d8d94684a24c12252d51bc18477579189a,2017-10-21T12:52:07.000Z,0.001054368187499937,0x9e1477cd68e8e375705ccb3dcf5764fe901de3ef,sell,0x41e5560054824ea6b0732e656e3ad64e20e94e45,0xa6fb88896a5b2acb8f1f0df8e9f591002c090be0d3ac9f76735b08f99307869f
376,113.51560292,0.11975534127562322,0x00eb59d8d94684a24c12252d51bc18477579189a,2017-10-21T12:50:15.000Z,0.0010549681118288265,0x9e1477cd68e8e375705ccb3dcf5764fe901de3ef,sell,0x41e5560054824ea6b0732e656e3ad64e20e94e45,0xb6677d0c3b50aeb15be78524739576711a8156d9405da8202702c627f7f0d23e
377,44,0.0484,0xdd88b50d6b4f58274c3e5165d846649047829623,2017-10-21T12:49:54.000Z,0.0011,0x9e1477cd68e8e375705ccb3dcf5764fe901de3ef,sell,0x41e5560054824ea6b0732e656e3ad64e20e94e45,0x0b42a28e542837088a1d14ec43ef2195f9fd0874bc37a581da9ae7a2ff1083cd
378,617.026,0.650943302194,0x5f2ce35dca6626c5c934fed00b0c1986156ee9ff,2017-10-21T12:49:49.000Z,0.001054969,0x9e1477cd68e8e375705ccb3dcf5764fe901de3ef,sell,0x41e5560054824ea6b0732e656e3ad64e20e94e45,0xf1858edf5747e590fe328485917aaab277ddc566e0b053ea7e4dfefb2d15642a
