,amount,amountBase,buyer,date,price,seller,side,tokenAddr,txHash
0,199.99999999,0.339999999999998,0xa28be81f7236f93af905ed9ec6684d629391233c,2017-11-02T14:20:28.000Z,0.00170000000008499,0x5d755ef2efebd5fe534d930f32ed760c78f88d2a,buy,0x226bb599a12c826476e3a771454697ea52e9e220,0x9c93d98529246419d30cfc8feed80a6e98f4f83eb3c4b42f8ff8df9edb6ac290
1,0.29411764,0.0005,0x4fda9e6bcd83af6c5cc771b5d20accc2b7720074,2017-11-02T14:19:20.000Z,0.0017000000408000009,0x5d755ef2efebd5fe534d930f32ed760c78f88d2a,buy,0x226bb599a12c826476e3a771454697ea52e9e220,0x94a0300a82cad6127a5cf8e9a13e7fbe6f163840e9dbe45b18c344d00d3800f0
2,0.29411764,0.0005,0x3075f7f189912f4f425dd7021b9c396434197477,2017-11-02T14:05:00.000Z,0.0017000000408000009,0x5d755ef2efebd5fe534d930f32ed760c78f88d2a,buy,0x226bb599a12c826476e3a771454697ea52e9e220,0xf7d85a046c3420821ebc022ce46adda364e771f47ef33faf150037fed382ef03
3,469.3302753,0.4693302753,0xb6b043b649120bd227bdf0828b12dfcb7d1b988c,2017-11-02T14:04:11.000Z,0.001,0xb6b043b649120bd227bdf0828b12dfcb7d1b988c,sell,0x226bb599a12c826476e3a771454697ea52e9e220,0xd979bf000638acf1aed6ab998aaf7bdb7de96e826e23cc641daa97bf5a50102c
4,144.53,0.15667052,0xb6b043b649120bd227bdf0828b12dfcb7d1b988c,2017-11-02T13:37:55.000Z,0.001084,0x78c9c4fdeb0eb814747d18be65116a9348afed54,buy,0x226bb599a12c826476e3a771454697ea52e9e220,0xc27bfc48c37e7758d62be8466a3d0279e6584347d5848c5ec1b4626677f01005
5,326.25490963,0.3507240278577591,0xb6b043b649120bd227bdf0828b12dfcb7d1b988c,2017-11-02T13:37:48.000Z,0.0010750000000168858,0x4c1cf5314ab59c618808860735e0e8a54f159e22,buy,0x226bb599a12c826476e3a771454697ea52e9e220,0xa476c155daab785c0f875d175d0ae8cb0cf3dc8926d4910b8564767159c5a1a9
6,67.18736666,0.06006926828657296,0xf7c8850c080d7d86e12207128f54f48d6b4c26f0,2017-11-02T13:27:23.000Z,0.000894056,0xbb3d24900039279dda91d1713a2f30277ade8f97,sell,0x226bb599a12c826476e3a771454697ea52e9e220,0x79ede02e988a32cabf754cc1a32b6297761de60a90e9595935d1f76663b8eb91
7,3.8,0.0033974128,0xf7c8850c080d7d86e12207128f54f48d6b4c26f0,2017-11-02T13:19:50.000Z,0.000894056,0xdac59ec90895d084616b779f2dc305a137476a03,sell,0x226bb599a12c826476e3a771454697ea52e9e220,0xeefabf1409ada592a6af84ed3d28ab6eddcf022c957563ae4f27a63cc757e5d3
8,218.89272685,0.23530968136872596,0xdac59ec90895d084616b779f2dc305a137476a03,2017-11-02T13:16:31.000Z,0.0010750000000227323,0x4c1cf5314ab59c618808860735e0e8a54f159e22,buy,0x226bb599a12c826476e3a771454697ea52e9e220,0xaf7f8e410592dc3d1f996f9fe02695a32c5d71f6126ea3c73277c3243f9ae8ba
9,2681.831,2.397704414705,0x5d755ef2efebd5fe534d930f32ed760c78f88d2a,2017-11-02T12:04:49.000Z,0.000894055,0xe76f6b0765a2f25947c6900f50f90f1ebd7c9bad,buy,0x226bb599a12c826476e3a771454697ea52e9e220,0x96d86dc50cf0664f89e59695fb7ace84f02fd7f7ddbc599fb2f1c15588141e1b
10,92,0.0988999999999908,0xcbea0fcd5027a3bfdb4c8bc81c96b170fe5ed4d2,2017-11-02T11:09:24.000Z,0.0010749999999999,0xc488c12c23c896275becc241cf0e185d0240f8a9,buy,0x226bb599a12c826476e3a771454697ea52e9e220,0x49f3b04ca34556ee49835afd8e2a15edb8cab79c02e83208ba84701eb91c6cb5
11,954.85236351,1.026466290773515,0x3efd9b0bd8e4595bc494539aca584821950106ee,2017-11-02T10:17:53.000Z,0.0010750000000002776,0x4c1cf5314ab59c618808860735e0e8a54f159e22,buy,0x226bb599a12c826476e3a771454697ea52e9e220,0x03b2e4dcb95e310af83d7c8f50c0629725937a792559e06b2722241a4f14c171
12,14,0.01498,0xb8c4cc262547135160c2ab8270337082e4fec274,2017-11-02T04:04:40.000Z,0.00107,0xc9b30b13f82ebc646e85ac9e005a73b93c9f6f6c,buy,0x226bb599a12c826476e3a771454697ea52e9e220,0x32cc6903d9090fff5b8c29bbb277bc2834b479160da24be9bd673fa1cbc4e43b
13,287,0.307088565,0xb8c4cc262547135160c2ab8270337082e4fec274,2017-11-02T04:03:31.000Z,0.001069995,0x07af7e740936a86cd6a1037dfa013f7df9858e4a,buy,0x226bb599a12c826476e3a771454697ea52e9e220,0xb5b36ef94509d5a523959c6a53ab8ec0feb78dd4b9324f0fb8c461d49259f63e
14,118,0.10009586,0x88bfe9b06cf22a31d6bf7b93de3a0760422cf17f,2017-11-02T02:33:02.000Z,0.00084827,0xcea2d69a39485a84436cb245e0890e18fefe2801,sell,0x226bb599a12c826476e3a771454697ea52e9e220,0xa10cb9a4cd2d600e98437ed4b92ebbc4e64c8f73cd8680ac3656d7d0a65f5050
15,1400,1.2332642,0xf7c8850c080d7d86e12207128f54f48d6b4c26f0,2017-11-02T02:32:48.000Z,0.000880903,0xcea2d69a39485a84436cb245e0890e18fefe2801,sell,0x226bb599a12c826476e3a771454697ea52e9e220,0x30ce382eb816a1799958247fb07e1aa6f13c5c9e0e7a86c89ea027552b8d38e2
16,200,0.213999,0x5f2ce35dca6626c5c934fed00b0c1986156ee9ff,2017-11-02T02:17:01.000Z,0.001069995,0x07af7e740936a86cd6a1037dfa013f7df9858e4a,buy,0x226bb599a12c826476e3a771454697ea52e9e220,0x06702198aa5cd904c702a5b54254604f7e8a985ce423392ee0b608d90a60b783
17,375.7,0.4001205,0x4a2ece1f61457765fcc8b49c3e5969969680b588,2017-11-02T01:11:08.000Z,0.001065,0x4c1cf5314ab59c618808860735e0e8a54f159e22,buy,0x226bb599a12c826476e3a771454697ea52e9e220,0x0b544d791e99ab2a70d9f24a83cb169a63fe688289b1d559c0aeeb292d8c471a
18,757,0.80242,0x4a2ece1f61457765fcc8b49c3e5969969680b588,2017-11-02T01:04:54.000Z,0.00106,0xeacb51305214d1ca506226712f0fad684a5db7d2,buy,0x226bb599a12c826476e3a771454697ea52e9e220,0x68060a5cc0fb28f81b4be2985313e885811eaf067da37d058a08c4527c974294
19,2544.61170371,2.213845262179848,0x7b6b2f3c88ce2ecedc01c545f13faf36034d772f,2017-11-02T00:48:11.000Z,0.000870013,0x92be1a73d1f228333b4f15c34dcb73f2e19e614f,sell,0x226bb599a12c826476e3a771454697ea52e9e220,0x7c66190c4cc4fc505e1fec0943d01a17523c2bd607a1c6b7cf3ae47a058b6626
20,500,0.53,0x997067639dd9f90c9611e5675231062f7ce35580,2017-11-02T00:45:22.000Z,0.00106,0x92be1a73d1f228333b4f15c34dcb73f2e19e614f,sell,0x226bb599a12c826476e3a771454697ea52e9e220,0x05fe907e9dc031871df0c39c1f481c069019e299668a9f2762f93c897facf260
21,10.53,0.01053,0x78c9c4fdeb0eb814747d18be65116a9348afed54,2017-11-01T21:13:18.000Z,0.001,0xed0dea451afeaac5e2808fc9c15d609782d93b99,buy,0x226bb599a12c826476e3a771454697ea52e9e220,0x2dded553b9e102dcabda58fd7d1e3365b2b86f1be02fd63624009997bf25a97b
22,50,0.05,0xb775824a6898addd0d17844a460ccef1309f5dc4,2017-11-01T20:44:36.000Z,0.001,0xed0dea451afeaac5e2808fc9c15d609782d93b99,buy,0x226bb599a12c826476e3a771454697ea52e9e220,0xeaecb5adcbf6d2a14d8d53b47d6f5d607b54c7e7d56f00427847c66c6640c7d3
23,773.60183431,0.6661887668197252,0x0ce4b16411b408bc9f06d456175db3cc79b25299,2017-11-01T19:26:24.000Z,0.000861152,0x3ab9e5252a79123adcb3ee2f35ad64c3ea8c5bf3,sell,0x226bb599a12c826476e3a771454697ea52e9e220,0x3e17d938392232ac83538bb974855b763fbbee35f7cdae6070c0dcd82fc47ade
24,850,0.90525,0x3efd9b0bd8e4595bc494539aca584821950106ee,2017-11-01T19:12:21.000Z,0.001065,0x4c1cf5314ab59c618808860735e0e8a54f159e22,buy,0x226bb599a12c826476e3a771454697ea52e9e220,0x6b0bac6d94cb5561ac23e1d518fc4dd08094d104a945b7cdfac1e8cf5a1f0e77
25,289.62217125,0.2494023403285125,0xf7c8850c080d7d86e12207128f54f48d6b4c26f0,2017-11-01T17:32:13.000Z,0.00086113,0x9d4a2627eaca69ce74b4abc5cb22bcbd5bc26f1e,sell,0x226bb599a12c826476e3a771454697ea52e9e220,0xf1f519f898d097d5a9dbaac8169bf03cec76382ef7d82257db72598e6aeefa9a
26,3.40245239,0.0029299538266007,0xf7c8850c080d7d86e12207128f54f48d6b4c26f0,2017-11-01T17:27:21.000Z,0.00086113,0xf1fa5fdde239831b7dc811add739a121c96b1440,sell,0x226bb599a12c826476e3a771454697ea52e9e220,0xd94b38d0eb41a33f70b565f063fed3048e2cca0a0ae87aa24c212329bf4e8fe6
27,1087.76175837,1.0866631189940463,0x669f0ab96fd3beb68bc836bb874894bbb516331a,2017-11-01T16:06:21.000Z,0.00099899,0xecba73e96217cdb23afff854446dda91a103e7fd,buy,0x226bb599a12c826476e3a771454697ea52e9e220,0x503c90c68da8d7427cbc16c8c204038f6d43018443cdacb0f8053e9a95480ed3
28,1087.6283521,0.9353658209477606,0xecba73e96217cdb23afff854446dda91a103e7fd,2017-11-01T14:10:04.000Z,0.000860005,0xde0b43d00d9dbef5bbae0b68e458fa8725f588d7,sell,0x226bb599a12c826476e3a771454697ea52e9e220,0x928eec048e663efe9562c86991d53cc54ae1e5ddf709903ae900cb3d570f141b
29,536.95074527,0.4569504537322227,0x0ce4b16411b408bc9f06d456175db3cc79b25299,2017-11-01T10:00:40.000Z,0.00085101,0x009a12d4290630bc01fd82516ac57c1dc6a9bcfb,sell,0x226bb599a12c826476e3a771454697ea52e9e220,0x3f5f381a91aaa8b125699bf925c24a26b90a94eaa043818b66a9d2930cb99764
30,518,0.45584,0xf732b16f5aee6cd2db5b30a7a3860764a48b19ff,2017-11-01T08:26:50.000Z,0.00088,0x74f355aeddfe000c50701d15594e37af63fddaa4,buy,0x226bb599a12c826476e3a771454697ea52e9e220,0x15f596fedd804c33e969fefaf186c6a4209097e228cb040f40797eaedaf5b494
31,538.61529259,0.4578229987015,0x009a12d4290630bc01fd82516ac57c1dc6a9bcfb,2017-11-01T08:23:21.000Z,0.00085,0x03174ab3010e35565f6b7bdcc380684b90f2bd86,sell,0x226bb599a12c826476e3a771454697ea52e9e220,0xae826f030d3a5e7b1ce04332eb6b54120ce11f12d663dd66ffc205055ec0c1ef
32,2753.27480914,2.3403111205170912,0x0ce4b16411b408bc9f06d456175db3cc79b25299,2017-11-01T08:21:24.000Z,0.00085001,0x74f355aeddfe000c50701d15594e37af63fddaa4,sell,0x226bb599a12c826476e3a771454697ea52e9e220,0xe846d7a63ceff518d0897258e3121ef56bf97a9af7fa1cb923c8077fe5a52d81
33,2000,1.7002,0x3dee4a4e076e8d82859d241db0baf46f112cfa23,2017-11-01T08:19:13.000Z,0.0008501,0x03174ab3010e35565f6b7bdcc380684b90f2bd86,sell,0x226bb599a12c826476e3a771454697ea52e9e220,0x4cc6930f2709c1ab7f90f41dd0867b7969026f5fe58bbd83c51be367f9de140b
34,805,0.805,0xc86f06517348c730504c7e424446a866b79894f5,2017-11-01T08:19:06.000Z,0.001,0x03174ab3010e35565f6b7bdcc380684b90f2bd86,sell,0x226bb599a12c826476e3a771454697ea52e9e220,0xbdcbf871f4728ccacb3dd50eefd4b2dc29ff1e86dc39a7f876bac312c7e3e2fb
35,131,0.141349,0xc86f06517348c730504c7e424446a866b79894f5,2017-11-01T07:58:02.000Z,0.001079,0xaa10dc038b30b1ddb5309b9c9162323a80355cfc,buy,0x226bb599a12c826476e3a771454697ea52e9e220,0xd6889f9ac01a63c9c39550fd7821fad1fc45580b332692885a300e17e77a7fef
36,183,0.197457,0x1e4a7832a4f589fb9c12e88a5aa8fbfd7ed077aa,2017-11-01T07:28:36.000Z,0.001079,0xaa10dc038b30b1ddb5309b9c9162323a80355cfc,buy,0x226bb599a12c826476e3a771454697ea52e9e220,0x1eba057958cf439555a94028c5d0f7da5102db83de5f3823891c8c67772bd059
37,783,0.83781,0x1e4a7832a4f589fb9c12e88a5aa8fbfd7ed077aa,2017-11-01T07:26:46.000Z,0.00107,0xfbf7dc0756a9768d0c71aea5f8421f3b1eaee7d1,buy,0x226bb599a12c826476e3a771454697ea52e9e220,0x1184e4685e2ae5dddab29361e9586be942587d43ac821aa0ea1c73c8f2c1c3f2
38,200,0.166602,0x91bf3a2f3e98e51925711a15d578bb107513da4c,2017-11-01T07:05:20.000Z,0.00083301,0xd401b223b669b6807f744496f07225022db15337,sell,0x226bb599a12c826476e3a771454697ea52e9e220,0x1c1671474070dc3389d6e29d5a99546db78f103caadedddcc1221be08e891589
39,294.87189712,0.25012744570721696,0x3dee4a4e076e8d82859d241db0baf46f112cfa23,2017-11-01T07:05:20.000Z,0.000848258,0xd401b223b669b6807f744496f07225022db15337,sell,0x226bb599a12c826476e3a771454697ea52e9e220,0xa693e4bfea2adb512f2c6bdd298149e638a1e660e1c585587ddee518a34fc8d2
40,23.95687569,0.021082050612968566,0xf732b16f5aee6cd2db5b30a7a3860764a48b19ff,2017-11-01T02:58:03.000Z,0.0008800000002407896,0xbde166024b8e84042dd97dc292b130bf0cc715fa,buy,0x226bb599a12c826476e3a771454697ea52e9e220,0x3b55a595136c41bb69194882542b124c9010bcb99610fb0434ea598a59fc39e2
41,8.0431243,0.007077949387031433,0x8988156d003068f226aff6d4abaf8fc880a84c47,2017-11-01T02:40:25.000Z,0.0008800000003768974,0xbde166024b8e84042dd97dc292b130bf0cc715fa,buy,0x226bb599a12c826476e3a771454697ea52e9e220,0xb7adb740deda3d7b42366b5cd1ff8b0f34bc15400613b775cf49e12c4e4a8c1d
42,21.8323198,0.0185200512338628,0xf732b16f5aee6cd2db5b30a7a3860764a48b19ff,2017-11-01T02:23:54.000Z,0.000848286,0x993297f85da44df0256721eb98f191f37be2847c,sell,0x226bb599a12c826476e3a771454697ea52e9e220,0x8d11b699eb88a34826e7055a67ccd510966e699f98ea3a01f721fb85674a9713
43,243.81517296,0.20682499780954655,0xf732b16f5aee6cd2db5b30a7a3860764a48b19ff,2017-11-01T01:37:53.000Z,0.000848286,0xec94d42aeef9c958d188b4de1af206323618de0e,sell,0x226bb599a12c826476e3a771454697ea52e9e220,0xee66fd5785382885cbdae8e684143a8d6b90748be9aafbb2c44f7a88090e4a6a
44,277,0.23545,0xeacb51305214d1ca506226712f0fad684a5db7d2,2017-11-01T01:35:30.000Z,0.00085,0xec94d42aeef9c958d188b4de1af206323618de0e,sell,0x226bb599a12c826476e3a771454697ea52e9e220,0x05595697358650eefaf78d2ed303f7c8c5dce63f8dc7ec6d72ff5d6902fac545
45,0.21983134,0.00018647435229974,0xf7c8850c080d7d86e12207128f54f48d6b4c26f0,2017-10-31T20:45:46.000Z,0.000848261,0x8ee06f255c26971b501d8652fbdd7d8bcd4f14bb,sell,0x226bb599a12c826476e3a771454697ea52e9e220,0x9bcf12e45531767fe1e3c1099529f7ca138f9d49a00099c37d48a3ddd926eb5c
46,2205.12810288,1.870517554292783,0x3dee4a4e076e8d82859d241db0baf46f112cfa23,2017-10-31T20:44:01.000Z,0.000848258,0x8ee06f255c26971b501d8652fbdd7d8bcd4f14bb,sell,0x226bb599a12c826476e3a771454697ea52e9e220,0x8dd29dc5e7f6a70f0710022e08e9c13b9c33e3b6bd1e79bdae375969b9779a46
47,3000,2.544786,0x0ce4b16411b408bc9f06d456175db3cc79b25299,2017-10-31T20:42:13.000Z,0.000848262,0x8ee06f255c26971b501d8652fbdd7d8bcd4f14bb,sell,0x226bb599a12c826476e3a771454697ea52e9e220,0xbb9f4497fb181d15774cdfd401be8763588e13c0f423c56330a0bed71e1a9793
48,550,0.46654465,0xf7c8850c080d7d86e12207128f54f48d6b4c26f0,2017-10-31T20:42:13.000Z,0.000848263,0x8ee06f255c26971b501d8652fbdd7d8bcd4f14bb,sell,0x226bb599a12c826476e3a771454697ea52e9e220,0x825522202c3e5595bc5182e5d6127ac7fd379ca480fbaaad765d2dc431980cd5
49,19.98431359,0.022204790659784666,0x36513e2ee2751d2b679479424f0e9eb48695bfde,2017-10-31T18:53:26.000Z,0.0011111110001244065,0xeacb51305214d1ca506226712f0fad684a5db7d2,buy,0x226bb599a12c826476e3a771454697ea52e9e220,0xc30135be9c9507249f934167c74953ea58a7c6f14ac490fe4346586f4df4f422
50,770.02416875,0.65221047093125,0xfbf7dc0756a9768d0c71aea5f8421f3b1eaee7d1,2017-10-31T18:10:21.000Z,0.000847,0xa6611484565198f05b2819b689f685f08abc063c,sell,0x226bb599a12c826476e3a771454697ea52e9e220,0xa4168e98be38966ce37ef5ebf7debe07590b50657688f9a4e5280ba26b7cbef0
51,500,0.45,0xeacb51305214d1ca506226712f0fad684a5db7d2,2017-10-31T18:07:35.000Z,0.0009,0xa6611484565198f05b2819b689f685f08abc063c,sell,0x226bb599a12c826476e3a771454697ea52e9e220,0xfb67d80fb6f7c6b2923dbd76ada77d9a509c2aeb29d531b5a4e2093a52b37d2a
52,1700,1.462,0x3dee4a4e076e8d82859d241db0baf46f112cfa23,2017-10-31T18:07:35.000Z,0.00086,0xa6611484565198f05b2819b689f685f08abc063c,sell,0x226bb599a12c826476e3a771454697ea52e9e220,0x790a5ec27b80aa46361f3e2fda98ff6a362cfe74efcb14fdedbd2cf565c07176
53,7000,6.020007,0x7b6b2f3c88ce2ecedc01c545f13faf36034d772f,2017-10-31T18:07:20.000Z,0.000860001,0xa6611484565198f05b2819b689f685f08abc063c,sell,0x226bb599a12c826476e3a771454697ea52e9e220,0x3ae882bf80fe7e9e0708639df97a4af3b938531a3e3e36e3e5bbc7c35c2b2893
54,554,0.6207016,0x70d692072e72e1b4b26b01be1541cb46af42d8cb,2017-10-31T14:59:29.000Z,0.0011204,0x4c1cf5314ab59c618808860735e0e8a54f159e22,buy,0x226bb599a12c826476e3a771454697ea52e9e220,0x19f463707048044bed4ed79c022aff7c7b51e710647619ba8331d016d590315b
55,152.65,0.170968,0x70d692072e72e1b4b26b01be1541cb46af42d8cb,2017-10-31T14:57:57.000Z,0.00112,0xeacb51305214d1ca506226712f0fad684a5db7d2,buy,0x226bb599a12c826476e3a771454697ea52e9e220,0xd08ffd9294927727309db40e87479ca737d5ad6dd356a6f74eaa8c9e09cc3ffc
56,293.8,0.2938,0x70d692072e72e1b4b26b01be1541cb46af42d8cb,2017-10-31T14:57:36.000Z,0.001,0xa49fdb01b57e943999aade25262cca6fc7f1b94f,buy,0x226bb599a12c826476e3a771454697ea52e9e220,0xef1bd8aeaaf1c944ae4dad63133980d1645dcf94ec977d3fb005865a9136b97b
57,100.1,0.1001,0xfc2acd6ac8560d587a32b6261909fcde979bd3ee,2017-10-31T12:29:59.000Z,0.001,0xa49fdb01b57e943999aade25262cca6fc7f1b94f,buy,0x226bb599a12c826476e3a771454697ea52e9e220,0xb5990b47baa95fa7a8246e61f60434cf31741ae79f77dbc3a3b5403e9ec07afc
58,1334.06266769,1.2460412128758138,0x0ce4b16411b408bc9f06d456175db3cc79b25299,2017-10-31T06:30:09.000Z,0.00093402,0xecba73e96217cdb23afff854446dda91a103e7fd,sell,0x226bb599a12c826476e3a771454697ea52e9e220,0xa710f2ff1eb534f78106f85904723f4e1d7558a336f393237b7e97c2f8d6cfb4
59,1600,1.494448,0x3dee4a4e076e8d82859d241db0baf46f112cfa23,2017-10-31T06:26:48.000Z,0.00093403,0xecba73e96217cdb23afff854446dda91a103e7fd,sell,0x226bb599a12c826476e3a771454697ea52e9e220,0x73c09b1edc610c57e2ab449de20874a9f49f695c98b5080ebb148d99ecbc1cf0
60,0.385,0.0003595977,0x0ce4b16411b408bc9f06d456175db3cc79b25299,2017-10-31T05:19:18.000Z,0.00093402,0xe444a40689f51f63bcd29910622035707d533d29,sell,0x226bb599a12c826476e3a771454697ea52e9e220,0xbce51c5ac8c0f763ed1ba5737e0ad288b2652e0e5225141b1c2c405735c03a3b
61,60,0.0599394,0xc8a38ab0aa4f66af58d001354544323874e32acc,2017-10-31T03:06:56.000Z,0.00099899,0xecba73e96217cdb23afff854446dda91a103e7fd,buy,0x226bb599a12c826476e3a771454697ea52e9e220,0x1293d93911ab683f88508facf84fe3044c801d679158982b6657d4b943e87d90
62,454.60290764,0.42459911573576,0x0ce4b16411b408bc9f06d456175db3cc79b25299,2017-10-31T01:48:27.000Z,0.000934,0x11ebd432f4dd0324172ae8a59180d2c067b91ce9,sell,0x226bb599a12c826476e3a771454697ea52e9e220,0xcd1c2d25a733174f4e2517054707d33cc8cdfa3b9d8c333eeb62798a58c7a464
63,216.931,0.2072775705,0x3dee4a4e076e8d82859d241db0baf46f112cfa23,2017-10-31T01:45:02.000Z,0.0009555,0x11ebd432f4dd0324172ae8a59180d2c067b91ce9,sell,0x226bb599a12c826476e3a771454697ea52e9e220,0x07daec4e46c3d399cfaa44bf60bc01fc63fad6a67af015ab297b7c0881da3a57
64,19,0.01815469,0xf187eb34073c29ed27a39fb07f3cdd5ad75c99be,2017-10-31T01:45:02.000Z,0.00095551,0x11ebd432f4dd0324172ae8a59180d2c067b91ce9,sell,0x226bb599a12c826476e3a771454697ea52e9e220,0x00192f31256f70763c5a3579f0c0e0f92810c2e85b3e7866fad41992b3cea712
65,154.137,0.14797306137,0x3dee4a4e076e8d82859d241db0baf46f112cfa23,2017-10-31T01:44:51.000Z,0.00096001,0x11ebd432f4dd0324172ae8a59180d2c067b91ce9,sell,0x226bb599a12c826476e3a771454697ea52e9e220,0x36d6dc852575ea7718a6572dc6d05720e368623a6dc116d1a9df639bb5ca4f7e
66,1629.78661795,1.5222272203117717,0xecba73e96217cdb23afff854446dda91a103e7fd,2017-10-31T01:41:43.000Z,0.000934004,0x9c78b263182816c5789838f6560ab32b7c372c12,sell,0x226bb599a12c826476e3a771454697ea52e9e220,0x1da2994f4cdca0893757af58e418fae10cf8ecf41445c1559e7f26d87daa77ea
67,0.01,0.00000999,0x0c4085d8e714ca77ac5f46cd2b80a92d238a7cd3,2017-10-31T01:01:28.000Z,0.000999,0x11ebd432f4dd0324172ae8a59180d2c067b91ce9,buy,0x226bb599a12c826476e3a771454697ea52e9e220,0x9bd3faa3b6fe4f9ae45b6f7c160bbb75354b47cfa04480f727162c1a29f1b6ad
68,30,0.03,0x9c1b289210263135a61022624bd0d525d5befa12,2017-10-30T21:56:45.000Z,0.001,0xa49fdb01b57e943999aade25262cca6fc7f1b94f,buy,0x226bb599a12c826476e3a771454697ea52e9e220,0x9757ea21d41b67230ce8abfde5062fd021213642c8bdf001527719af436f0dbf
69,1069.38490678,1.02179727842829,0x3dee4a4e076e8d82859d241db0baf46f112cfa23,2017-10-30T20:08:10.000Z,0.0009555,0x1a2e43ca1455161466902e395790138da8b6c315,sell,0x226bb599a12c826476e3a771454697ea52e9e220,0xf5f6e401bc58643f2cf9b54fe71eaf6673f8a34692318bf552a0fe3a3a87342d
70,82,0.0918728,0x0f7130c8a23442d4099fbe86f7108831053d1065,2017-10-30T16:34:20.000Z,0.0011204,0xeacb51305214d1ca506226712f0fad684a5db7d2,sell,0x226bb599a12c826476e3a771454697ea52e9e220,0xa3096a20b1a5b1b82bc14e6f9312ce0a6599ac750f05eb830f63c08fa6497908
71,64.907,0.0727218028,0x0f7130c8a23442d4099fbe86f7108831053d1065,2017-10-30T15:24:40.000Z,0.0011204,0xeacb51305214d1ca506226712f0fad684a5db7d2,sell,0x226bb599a12c826476e3a771454697ea52e9e220,0x54643a762233a07309f75d7c4fa856c5efa0466e3a55e2399549d42d60064aa2
72,213.09282904,0.238749205656416,0x0f7130c8a23442d4099fbe86f7108831053d1065,2017-10-30T14:58:28.000Z,0.0011204,0x3dee4a4e076e8d82859d241db0baf46f112cfa23,sell,0x226bb599a12c826476e3a771454697ea52e9e220,0x110fd6fd6657fa99d28528543f58a1246896e2dcca566ed976c569cd5d2ce41f
73,300,0.33612,0x434e40416627289a5478ff2889785333c9e9b8c4,2017-10-30T14:19:14.000Z,0.0011204,0x4c1cf5314ab59c618808860735e0e8a54f159e22,buy,0x226bb599a12c826476e3a771454697ea52e9e220,0x6c537c12b9a13b2bd62c7f3b2d8fe834414f1e9390b90951ba8ac707ecdfba55
74,92,0.092,0xf79e28203e451d0306f4c0088f1813fa1aa1f192,2017-10-30T14:00:42.000Z,0.001,0xaaf9de3f76e943e2bb53ea078f1d040c01bcae06,buy,0x226bb599a12c826476e3a771454697ea52e9e220,0x50d817f3e06b63a385ca5cce8b03e440644b6df3a61f73d6b047904308077a36
75,213.68361439,0.204174693549645,0x3dee4a4e076e8d82859d241db0baf46f112cfa23,2017-10-30T11:19:30.000Z,0.0009555,0x796c635dbf6891cc1cfcd1b41384c6e4414ae6b5,sell,0x226bb599a12c826476e3a771454697ea52e9e220,0x1f89aff272a709f3c8fdfff62ec52e09572f7db0515bdc030464862e62faa54d
76,11.78261056,0.01132308874816,0xfbf7dc0756a9768d0c71aea5f8421f3b1eaee7d1,2017-10-30T11:11:04.000Z,0.000961,0x796c635dbf6891cc1cfcd1b41384c6e4414ae6b5,sell,0x226bb599a12c826476e3a771454697ea52e9e220,0xa1afa4df78064ed880c0f6fb538406b2798db97d85df24262bf2e983ff9e6cf8
77,996.94436432,0.9570765591908432,0x3dee4a4e076e8d82859d241db0baf46f112cfa23,2017-10-30T10:50:28.000Z,0.00096001,0xd1d36c423f450acf52b7c6172a7190a7949ba9e7,sell,0x226bb599a12c826476e3a771454697ea52e9e220,0x4ace3b73d42377c11db189feb0ee54bbdb0992a7e7d3a41f4ee74f29515423b2
78,348.9183531,0.334965108159531,0x3dee4a4e076e8d82859d241db0baf46f112cfa23,2017-10-30T09:48:10.000Z,0.00096001,0xd1d36c423f450acf52b7c6172a7190a7949ba9e7,sell,0x226bb599a12c826476e3a771454697ea52e9e220,0x3195f58df42ddc8afb9f51499bc995c9d0119776d00ca6314fd9891f7ba1cd18
79,65.83596948,0.072419566431679,0xbb3d24900039279dda91d1713a2f30277ade8f97,2017-10-30T09:45:41.000Z,0.0011000000000558814,0x796c635dbf6891cc1cfcd1b41384c6e4414ae6b5,buy,0x226bb599a12c826476e3a771454697ea52e9e220,0x0c91c4baa0cb0b3787f6018ca53269806e831d7e8b707f79e2fe0b526d7a50c1
80,432.66,0.4196802,0xf732b16f5aee6cd2db5b30a7a3860764a48b19ff,2017-10-30T06:02:48.000Z,0.00097,0xcbe6de482205462f6275c6d6c07b7c5a477d95c8,buy,0x226bb599a12c826476e3a771454697ea52e9e220,0x5d61dd8fecab2082cf2436c5986f184f11531e81e4e8cebeca166cd6de7158a2
81,49.85,0.0513459985,0xe146142131ba3daa2751d0346df4e381711c411b,2017-10-30T05:55:27.000Z,0.00103001,0xd2ea382e498316d91b9de8557670149b479721a0,sell,0x226bb599a12c826476e3a771454697ea52e9e220,0x03d678d8235646ed45440ac987c4e3472f10cb5a832dcca70969816dc70ff185
82,200,0.194,0x273a5d3e6721b9f5c1a6474f560c1334c63dda01,2017-10-30T05:55:27.000Z,0.00097,0xcbe6de482205462f6275c6d6c07b7c5a477d95c8,buy,0x226bb599a12c826476e3a771454697ea52e9e220,0x2f59c73a7dde4b843d9fffb336186b957d1c0a160587bdc0c707f0966ebbebed
83,199.4,0.1994,0x57b39e528a2e537b83b54b87df6bc64268a29627,2017-10-30T05:55:27.000Z,0.001,0x273a5d3e6721b9f5c1a6474f560c1334c63dda01,sell,0x226bb599a12c826476e3a771454697ea52e9e220,0x2f59c73a7dde4b843d9fffb336186b957d1c0a160587bdc0c707f0966ebbebed
84,50,0.0485,0xd2ea382e498316d91b9de8557670149b479721a0,2017-10-30T05:55:27.000Z,0.00097,0xcbe6de482205462f6275c6d6c07b7c5a477d95c8,buy,0x226bb599a12c826476e3a771454697ea52e9e220,0x03d678d8235646ed45440ac987c4e3472f10cb5a832dcca70969816dc70ff185
85,793.02464562,0.82553865609042,0x8619b431c8f9c530a21062e9b74d4c935722fe58,2017-10-30T05:43:10.000Z,0.001041,0xecba73e96217cdb23afff854446dda91a103e7fd,sell,0x226bb599a12c826476e3a771454697ea52e9e220,0x01ad91ad95f2a19ea52875ade67119d9df1887ffa2b1aa4391f19c792c4064d6
86,474.064,0.4977672,0x5ec1fe503b4ac3a5806496ae9090371f8d23d94e,2017-10-30T05:43:08.000Z,0.00105,0xecba73e96217cdb23afff854446dda91a103e7fd,sell,0x226bb599a12c826476e3a771454697ea52e9e220,0x5e8ad545d296a6ac2bb73f30196734e49b5306d1889fbcedaade126ea5cf1cc1
87,300,0.315,0xeacb51305214d1ca506226712f0fad684a5db7d2,2017-10-30T05:43:08.000Z,0.00105,0xecba73e96217cdb23afff854446dda91a103e7fd,sell,0x226bb599a12c826476e3a771454697ea52e9e220,0xd9b7846f7a60930348d045c732a7604a7c32890bffcb0ab4244e0c88dafa574a
88,0.51,0.0005355,0x5ec1fe503b4ac3a5806496ae9090371f8d23d94e,2017-10-30T02:54:00.000Z,0.00105,0x16e5d97bbc92417e051e3b2cabfbf8ceea2acb9c,sell,0x226bb599a12c826476e3a771454697ea52e9e220,0x1e71430958091f3ecf37257c47966482e0f69ab9271d9c0e7434a29958aef6c6
89,0.426,0.0004473,0x5ec1fe503b4ac3a5806496ae9090371f8d23d94e,2017-10-30T02:52:29.000Z,0.00105,0x379374d13077e8867ef31803c37baf9785a17c00,sell,0x226bb599a12c826476e3a771454697ea52e9e220,0xe6f284c7d3f88735e4e97dbf8fcb8001b890a248cc8a25f717024271862d24dc
90,45,0.051975,0xb72c63deadd58c97a7c2f2d00704b0c74352f05e,2017-10-30T00:57:41.000Z,0.001155,0xfbf7dc0756a9768d0c71aea5f8421f3b1eaee7d1,buy,0x226bb599a12c826476e3a771454697ea52e9e220,0x4979851a78bf952a5ddd878335babc31d26af0275f13973b513248cba52d532a
91,21.59034221,0.025152748679094807,0xab9f3d53bde3ed7b6a519d4c4cf52987537e8e74,2017-10-30T00:01:45.000Z,0.00116500000020587,0xfbf7dc0756a9768d0c71aea5f8421f3b1eaee7d1,buy,0x226bb599a12c826476e3a771454697ea52e9e220,0xd61c2cbe8960c6495d04bdcd726f25b7a86d9afec9202e8ec8b287709666b45e
92,555,0.649349445,0x36513e2ee2751d2b679479424f0e9eb48695bfde,2017-10-29T23:48:44.000Z,0.001169999,0xecba73e96217cdb23afff854446dda91a103e7fd,buy,0x226bb599a12c826476e3a771454697ea52e9e220,0x77e7f7e1364a4decf4c3e4b09acafa57604e5e7290fea7ed4ec867871f59a372
93,100,0.1100077,0x88bfe9b06cf22a31d6bf7b93de3a0760422cf17f,2017-10-29T19:17:29.000Z,0.001100077,0x7b75f70907a300672beb8137fe0f4e6535b9b03d,sell,0x226bb599a12c826476e3a771454697ea52e9e220,0xfbbb343337dae6cd0dc149a186372cdc37946ac8799f0ca4c38868f1baa469b7
94,40,0.0486,0xc1c59390f2aaa7def424605d96769ef7a7c64916,2017-10-29T15:08:24.000Z,0.001215,0xfbf7dc0756a9768d0c71aea5f8421f3b1eaee7d1,buy,0x226bb599a12c826476e3a771454697ea52e9e220,0xa611ffcb85ecd55a91720a55e37261fe0f77c3868ef5469c14e46c7e7e6ae552
95,73.58943274,0.07660659948234,0x8619b431c8f9c530a21062e9b74d4c935722fe58,2017-10-29T14:59:07.000Z,0.001041,0x3655f0eb5edc49d7be2b3338a3fd641dbdc53798,sell,0x226bb599a12c826476e3a771454697ea52e9e220,0xb85906b8cd6a97f18c6de92ddf8afc59aa1d3f291d3e44a75c8f027ca48675dd
96,133.38592164,0.13885474442724,0x8619b431c8f9c530a21062e9b74d4c935722fe58,2017-10-29T11:12:05.000Z,0.001041,0xbaab267210220428bd147691ae1403b559bf00d3,sell,0x226bb599a12c826476e3a771454697ea52e9e220,0x7386cf9237a5a4f53c7e633e061e2f291adbd3d9384457ad553b2f61cb37c064
97,2858.973,2.976222341703,0xecba73e96217cdb23afff854446dda91a103e7fd,2017-10-29T11:10:45.000Z,0.001041011,0x21d542b6403c2d4406494bdac9db0cbedcbe91da,sell,0x226bb599a12c826476e3a771454697ea52e9e220,0x63c97ef89c74af693c0827979c065af1fb955019add9553d128bc1d9e6a91762
98,2.194,0.002316864,0x1a3d06df3d3dc35e4fc154a10a108f8379721fae,2017-10-29T11:08:54.000Z,0.001056,0xbaab267210220428bd147691ae1403b559bf00d3,sell,0x226bb599a12c826476e3a771454697ea52e9e220,0xc6f7b32d4cad6e568db0fe89111ae9f3d58175c962ae748debb9a2fa0ff85cd9
99,101,0.105141,0xdc3da22dafa08fe4f555f649db7e49b6734ea370,2017-10-29T10:42:19.000Z,0.001041,0xc335eaa358f966b18e43511e8aec030c85f6d87f,buy,0x226bb599a12c826476e3a771454697ea52e9e220,0x3f8fb413a3c6a9b093a1dbb1fc42bc79fd129a4b5d105adfdff46735eeb923e7
100,641.02681686,0.6673159676462455,0xecba73e96217cdb23afff854446dda91a103e7fd,2017-10-29T09:09:22.000Z,0.001041011,0x74f355aeddfe000c50701d15594e37af63fddaa4,sell,0x226bb599a12c826476e3a771454697ea52e9e220,0x6b7fc1783927bba3dcae4541de70b24144c5db26242353c3ea2a414c408c38c8
101,181.184,0.19205504,0xf082e67d73561f40c30a9cd41a1b24999ef57362,2017-10-29T09:00:51.000Z,0.00106,0x095a14f3e0908dbf9035d7e78ddc1e892f45acfc,sell,0x226bb599a12c826476e3a771454697ea52e9e220,0x082dd54bd57789dd5e8fbb953cd7013546bb51839a406a3c3e62ff7caf10127a
102,1000,1.04101,0x3dee4a4e076e8d82859d241db0baf46f112cfa23,2017-10-29T08:54:06.000Z,0.00104101,0x095a14f3e0908dbf9035d7e78ddc1e892f45acfc,sell,0x226bb599a12c826476e3a771454697ea52e9e220,0x417bcc1a4f8ad55a6fe304830ab38a5375a8b8fb5e60a867c25b26f8adccfdf2
103,102.81592254,0.1089848778924,0xf082e67d73561f40c30a9cd41a1b24999ef57362,2017-10-29T06:31:03.000Z,0.00106,0xc67cc77dc99e0517b7a50ea2d778a6e8ba86144a,sell,0x226bb599a12c826476e3a771454697ea52e9e220,0x1b2c54ad831848f83cccbf65eef824a7f930d711628a2fca5793ac02830d9a6c
104,256.973,0.2826703,0x36513e2ee2751d2b679479424f0e9eb48695bfde,2017-10-29T06:10:14.000Z,0.0011,0xf339c5f3b1902620ff55a3a139c9c1613c7e2ad1,buy,0x226bb599a12c826476e3a771454697ea52e9e220,0x2e8f2a9ab5a17fdd572b782b772b52efad3bbaccca1f33b007f0b101f2585b34
105,80.43,0.09844632,0xb8c4cc262547135160c2ab8270337082e4fec274,2017-10-29T04:07:35.000Z,0.001224,0xc335eaa358f966b18e43511e8aec030c85f6d87f,buy,0x226bb599a12c826476e3a771454697ea52e9e220,0xbe29aa2dcba24ba68922c5eb7f5390950cd476c837ab3e09b0f7fde44eff9a2e
106,707.80580201,0.74744292692256,0x1a3d06df3d3dc35e4fc154a10a108f8379721fae,2017-10-29T04:01:01.000Z,0.001056,0x7501911766979e48fd33514efdff03c7b5074205,sell,0x226bb599a12c826476e3a771454697ea52e9e220,0x5db6b50fff56d816291c8691a036bcbb9ec406499efbc2825c751ffd7aaf6c04
107,20,0.0245,0x2c088fdb0eb32e6e83910c7c9e143906cf6d65f3,2017-10-29T03:58:13.000Z,0.001225,0x9b0ff208b9904d7769d36527695e27805180d79f,buy,0x226bb599a12c826476e3a771454697ea52e9e220,0xd55cd99e12ec0b6d400028422f845ae72d4727c371a8f1654bdf1b93ffd415e5
108,242.63502132,0.30669066694950753,0xd3bbbe9a5890f6ad14bb74da9da6376f35a9b613,2017-10-29T03:07:01.000Z,0.0012640000000042348,0x03307f0fbf063a28e30719474c3d637e5ce1be35,buy,0x226bb599a12c826476e3a771454697ea52e9e220,0x9119baae317a0c6fc7aa390549f5d3654d6f74525f9c4cfc89dba505a053d78c
109,106.92852158,0.1128095902669,0xfbf7dc0756a9768d0c71aea5f8421f3b1eaee7d1,2017-10-29T01:04:26.000Z,0.001055,0xd5d299c4bc8b09015e5d5784743e2e64de0f9fe3,sell,0x226bb599a12c826476e3a771454697ea52e9e220,0x92312797bc6810c5a85e4ab9e4748e6fcb029a08acbd1e35c4b99ebf5007c610
110,1126.00737714,1.1710589322993714,0x3dee4a4e076e8d82859d241db0baf46f112cfa23,2017-10-28T21:49:15.000Z,0.00104001,0xbc2269028bec5c0409d0530787a97d2540fc7c28,sell,0x226bb599a12c826476e3a771454697ea52e9e220,0x5915435eb152d1e3aa51428119b5583af37ba4438be000f91a6916897159d0ac
111,6,0.0077394,0xcf2acc7770d842620e00f8b72b59e2a7aa43bb64,2017-10-28T21:30:17.000Z,0.0012899,0xa54b88fcb5dc39e97d12e79aafaa28702204344f,buy,0x226bb599a12c826476e3a771454697ea52e9e220,0x3fa4b0fc1ec333587797bee9e3a962dd36d4767c701ee0f27343aec366b144a5
112,0.00000004,0.0000000000416004,0x3dee4a4e076e8d82859d241db0baf46f112cfa23,2017-10-28T21:20:31.000Z,0.00104001,0xbc2269028bec5c0409d0530787a97d2540fc7c28,sell,0x226bb599a12c826476e3a771454697ea52e9e220,0x5104e74777e57b084771558dfadc9887303af46967c9c5b9385d4925766b96ac
113,0.00045339,0.00000047153058729,0xd990b20677084e0ecc854a956cb15a401515dfe8,2017-10-28T20:55:56.000Z,0.001040011,0xbc2269028bec5c0409d0530787a97d2540fc7c28,sell,0x226bb599a12c826476e3a771454697ea52e9e220,0x827b38920394222f90a214d596aff00ba1362af8b94f328e8d18d68297d8474f
114,0.38762694,0.0005,0x34f9560c63078eb61872a4dc2ccd20e21c34feaf,2017-10-28T20:53:34.000Z,0.0012899000260405016,0xa54b88fcb5dc39e97d12e79aafaa28702204344f,buy,0x226bb599a12c826476e3a771454697ea52e9e220,0xffdbdc974b6f32c216472068604db3a5d2c74981b1c3670ce25dcbf6a0562c3a
115,0.38762694,0.0005,0xe444a40689f51f63bcd29910622035707d533d29,2017-10-28T20:52:40.000Z,0.0012899000260405016,0xa54b88fcb5dc39e97d12e79aafaa28702204344f,buy,0x226bb599a12c826476e3a771454697ea52e9e220,0xaedb36342211136cb633b6aa9ce6c1f2627a60c0019fe09b99f78a6cacd5d4ce
116,143,0.1573,0x5b4cab5aefc06dd1c1925a759cd3c9dbf4470381,2017-10-28T20:21:14.000Z,0.0011,0x801094a6cd826897d5aa589aab004893b3e7beaf,sell,0x226bb599a12c826476e3a771454697ea52e9e220,0x4006b0c5caaf3c4dddc083030877e8b27c6849026c30a9aa38ac7905d7872ef4
117,121.40174811,0.133554063095811,0x3dee4a4e076e8d82859d241db0baf46f112cfa23,2017-10-28T16:53:49.000Z,0.0011001,0x1ed014aec47fae44c9e55bac7662c0b78ae61798,sell,0x226bb599a12c826476e3a771454697ea52e9e220,0xdb4b1149d85ff700b9fe7598a660ffa99204943e6c9498b9a8b10d3a4702ae30
118,675.84737314,0.743499695191314,0x3dee4a4e076e8d82859d241db0baf46f112cfa23,2017-10-28T16:45:41.000Z,0.0011001,0x022a152ff6618ababd84b1061998b3d04c8710fd,sell,0x226bb599a12c826476e3a771454697ea52e9e220,0x91e08a95fdc88cf498115c4bda15acd8cc78a2d49123d9d18a776a0c5e7398ff
119,0.03590235,0.000039496175235,0x3dee4a4e076e8d82859d241db0baf46f112cfa23,2017-10-28T16:43:46.000Z,0.0011001,0x4377f0787428d47c675640ac8ee17f77b2e41303,sell,0x226bb599a12c826476e3a771454697ea52e9e220,0x44ede601cb26fbe857ba57bda532aba0aa17c8051820f680e7e393f7e1ae2ec0
120,360.13647059,0.396186131296059,0x3dee4a4e076e8d82859d241db0baf46f112cfa23,2017-10-28T16:41:11.000Z,0.0011001,0x4377f0787428d47c675640ac8ee17f77b2e41303,sell,0x226bb599a12c826476e3a771454697ea52e9e220,0x72f855703759169fc6d2519a3756b0d3d94f867fcd776c4696aa4d90d838138c
121,125,0.1437625,0x5e87b43f8077f53fe5fb998a97ffacd299267323,2017-10-28T16:39:42.000Z,0.0011501,0x4377f0787428d47c675640ac8ee17f77b2e41303,sell,0x226bb599a12c826476e3a771454697ea52e9e220,0x8922f63b945ac8555807fcc3a48615e2c9b1092822a3d7ce89b0a2bd2dacb47d
122,3000,3.11703,0x3dee4a4e076e8d82859d241db0baf46f112cfa23,2017-10-28T16:31:41.000Z,0.00103901,0x022a152ff6618ababd84b1061998b3d04c8710fd,sell,0x226bb599a12c826476e3a771454697ea52e9e220,0x7eaf83ec4d8884dc084beac1ce01c07461b0e51fe697038345914ce24ef2612d
123,14000,14.546154,0x7b6b2f3c88ce2ecedc01c545f13faf36034d772f,2017-10-28T16:30:35.000Z,0.001039011,0x022a152ff6618ababd84b1061998b3d04c8710fd,sell,0x226bb599a12c826476e3a771454697ea52e9e220,0x2a6d89bba656b73231790119559127d7f0acd70fb78db71d7fd480549b8a7132
124,700,0.812007,0x3dee4a4e076e8d82859d241db0baf46f112cfa23,2017-10-28T15:32:07.000Z,0.00116001,0xd12b3cc1543b6ab8000b5333cd8e43047144ff8b,sell,0x226bb599a12c826476e3a771454697ea52e9e220,0xc1f9dbac43c8fef640f10a0dc789c90b4e1090e20eb0d741e0a972eedd6b4ee5
125,1300,1.43013,0x3dee4a4e076e8d82859d241db0baf46f112cfa23,2017-10-28T15:29:50.000Z,0.0011001,0xd12b3cc1543b6ab8000b5333cd8e43047144ff8b,sell,0x226bb599a12c826476e3a771454697ea52e9e220,0x9f2ea7da30d34a191be51d8663318ae48793046c86880aaaf754a4306682bf1b
126,498.45479015,0.578207606419479,0x0ce4b16411b408bc9f06d456175db3cc79b25299,2017-10-28T15:00:18.000Z,0.0011600001,0x579790e999ed9e3c26ddbcf2ff66ca630bbb4571,sell,0x226bb599a12c826476e3a771454697ea52e9e220,0x0a7124ee0dee3c2d672abe0aa79ccc3b94e70e627fb1049697fd0063a58c9dac
127,2645.71954783,3.439435412189325,0xc45cb0cd2df62622a947b877076dbe2bb5dbeaee,2017-10-28T08:21:25.000Z,0.0013000000000039024,0xb79f77e4e935e99664923a116859335c7bc69069,buy,0x226bb599a12c826476e3a771454697ea52e9e220,0x057ea130a515d4d48e10e5b2bd6904685ad8748e000caeb896c409b2718a91b8
128,37.16301827,0.04682499422850663,0x64200c8f4b0ae1f002fcfe6c466ff73c3b71967c,2017-10-28T08:11:18.000Z,0.0012599890000405671,0x951571ecb267b433469ef2c50f4c7b74b1d631f7,buy,0x226bb599a12c826476e3a771454697ea52e9e220,0x41bfb28d5de2a55a5b056e39bf61a68941c7976b0d5d9597e2427eb298d953fe
129,0.012,0.0000138,0x5e87b43f8077f53fe5fb998a97ffacd299267323,2017-10-28T05:01:19.000Z,0.00115,0x398be52663955e50743c91e59499d36c7569dfea,sell,0x226bb599a12c826476e3a771454697ea52e9e220,0xec6f9db232f4f93e58521d3d2245978e1b071273811b5941c412f1f121656424
130,120.91774498,0.139055406727,0x5e87b43f8077f53fe5fb998a97ffacd299267323,2017-10-28T05:00:18.000Z,0.00115,0x398be52663955e50743c91e59499d36c7569dfea,sell,0x226bb599a12c826476e3a771454697ea52e9e220,0xc3e91d20b129b516c9898aae24555f33c593b69b09691ff8234d8393ec070850
131,700,0.80885,0x3dee4a4e076e8d82859d241db0baf46f112cfa23,2017-10-28T04:59:18.000Z,0.0011555,0x398be52663955e50743c91e59499d36c7569dfea,sell,0x226bb599a12c826476e3a771454697ea52e9e220,0x8ddc5f4b2fd36de72fa84a21dee452de3025df4a5a21920dae6fd210cee9f68a
132,850,0.9826,0x1716407edd41c461d7cb57189f3eb054dd58e432,2017-10-28T04:58:51.000Z,0.001156,0x398be52663955e50743c91e59499d36c7569dfea,sell,0x226bb599a12c826476e3a771454697ea52e9e220,0x2b1f8ce5cf6b888de1195a32d5e0c4b6de64a7698bb842020a13199ee56fe585
133,1154.89487986,1.5013633438270724,0xbbe8a82dc936ac8a7f188624e42a1253dbb279ec,2017-10-27T23:49:49.000Z,0.0013000000000078554,0xb79f77e4e935e99664923a116859335c7bc69069,buy,0x226bb599a12c826476e3a771454697ea52e9e220,0xa321182a6c78e17b4e6530ce64452fa3451ed918c3eb60d0eea4139abe974c35
134,135.15533027,0.1757019293620326,0xbbe8a82dc936ac8a7f188624e42a1253dbb279ec,2017-10-27T23:39:03.000Z,0.001300000000081629,0xc799a66887b6c91df640a2cf56cc0ec39f77d0d4,buy,0x226bb599a12c826476e3a771454697ea52e9e220,0xd4fc8304f683c4fa24c1fdea51c0e3ec5a13d3d8b454438d343d626dd70ed358
135,1000,1.2999999,0xbbe8a82dc936ac8a7f188624e42a1253dbb279ec,2017-10-27T23:38:13.000Z,0.0012999999,0x21d542b6403c2d4406494bdac9db0cbedcbe91da,buy,0x226bb599a12c826476e3a771454697ea52e9e220,0xc77739488586c2616017ebb085a7c33e6cd681b5b6981bbc55022cb02fe3871e
136,195.41,0.24211299,0xf732b16f5aee6cd2db5b30a7a3860764a48b19ff,2017-10-27T23:34:28.000Z,0.001239,0xefd013cadb82f28b92a49fda136d2123b71ba25d,buy,0x226bb599a12c826476e3a771454697ea52e9e220,0x03f0060cfbc25a0909e93d16c94c53d163ea5b42abb25c023d3467d1e4aba668
137,635.868,0.788348510532,0xf732b16f5aee6cd2db5b30a7a3860764a48b19ff,2017-10-27T23:30:01.000Z,0.001239799,0x3ceb8f7b0120a8ce4bd63d9783a38091b40de367,buy,0x226bb599a12c826476e3a771454697ea52e9e220,0xd2889975271880162ee8afc7bdbdbe30c96b08a02e8fde0a5ad158c46b88af7a
138,1990.68,2.46803909196,0xf732b16f5aee6cd2db5b30a7a3860764a48b19ff,2017-10-27T23:16:08.000Z,0.001239797,0xecba73e96217cdb23afff854446dda91a103e7fd,buy,0x226bb599a12c826476e3a771454697ea52e9e220,0x7b2031c80f69bbf48f0ca8770444ba5bf08021aac085b0f3cb96ba5530a8bbee
139,1000,1.239797,0xf732b16f5aee6cd2db5b30a7a3860764a48b19ff,2017-10-27T23:07:04.000Z,0.001239797,0xecba73e96217cdb23afff854446dda91a103e7fd,buy,0x226bb599a12c826476e3a771454697ea52e9e220,0x3cec6376efaf60692e2b62b7fd7bb1bfcf801527873f579f3ada2dd90151ca35
140,22.26497856,0.024491476416,0x5b4cab5aefc06dd1c1925a759cd3c9dbf4470381,2017-10-27T19:58:51.000Z,0.0011,0x26e686e2b3fd73dbafe8eea36b3bcfc2d67df2d7,sell,0x226bb599a12c826476e3a771454697ea52e9e220,0xbea2e1c96d3968638cd157ad6e245554909cb7908f2fd1970cb596c5554490af
141,0.15686888,0.000194485889154748,0x7692e072155d09314fbdd7f3ae5c64f9b2fe4b62,2017-10-27T18:47:28.000Z,0.0012397990548204845,0x3ceb8f7b0120a8ce4bd63d9783a38091b40de367,buy,0x226bb599a12c826476e3a771454697ea52e9e220,0x78c6dfcb14761b722c0da48e10f3363faae458b145345fd23fd3499cb77c0567
142,104.63514449,0.12973701101900625,0xc3cabef78d27b8c09e4677bba2b9881766615cc5,2017-10-27T12:54:39.000Z,0.0012398990000095547,0x21d542b6403c2d4406494bdac9db0cbedcbe91da,buy,0x226bb599a12c826476e3a771454697ea52e9e220,0x8733b8f173f3efe8dbe262334fe345a8642ee3f7ad6aa4a3ad8ad9211049d9b3
143,249.64105417,0.274605159587,0x5b4cab5aefc06dd1c1925a759cd3c9dbf4470381,2017-10-27T11:39:17.000Z,0.0011,0xb09ff029290a7a5aecb1b08cf61f50e5c1476262,sell,0x226bb599a12c826476e3a771454697ea52e9e220,0x53dd1f477f9c8326609bf5b443b0aac994819fa8709dce0510a2aa39223e7a6a
144,329.97707107,0.362974778177,0x5b4cab5aefc06dd1c1925a759cd3c9dbf4470381,2017-10-27T09:40:06.000Z,0.0011,0x9778550d76b07ac9f5e57392f68ecdf6efc1774e,sell,0x226bb599a12c826476e3a771454697ea52e9e220,0x5cc2fa33edd7c394161a1c20de109ed6844bf21481faad396229dd5ce76066da
145,249.41434425,0.274355778675,0x5b4cab5aefc06dd1c1925a759cd3c9dbf4470381,2017-10-27T09:39:06.000Z,0.0011,0xb09ff029290a7a5aecb1b08cf61f50e5c1476262,sell,0x226bb599a12c826476e3a771454697ea52e9e220,0x6700754f5b4d08830fb6f3d63c9640697f93f9ac30de533ae276d5715e294f8d
146,978.07181377,1.075878995147,0x43713ddd3181102eb9af3c818be91b0f4932763b,2017-10-27T03:22:04.000Z,0.0011,0xecba73e96217cdb23afff854446dda91a103e7fd,sell,0x226bb599a12c826476e3a771454697ea52e9e220,0x173ca0da15f5b7ea27b5c1d03b999ef87e58d704401b648b62d2ff5d12986daf
147,0.39594137,0.000435535507,0x43713ddd3181102eb9af3c818be91b0f4932763b,2017-10-27T02:59:30.000Z,0.0011,0x92edf76eb402a2147b008eb57b2a003b9c869c24,sell,0x226bb599a12c826476e3a771454697ea52e9e220,0x0e26bf8a30ebd97ad57659b584845f4f52c6bec838dcafc038a6ac7efbf2f920
148,21.53224486,0.023685469346,0x43713ddd3181102eb9af3c818be91b0f4932763b,2017-10-27T02:59:28.000Z,0.0011,0x2016dedc02912be50dbed8e8093d1e3ff528bf54,sell,0x226bb599a12c826476e3a771454697ea52e9e220,0x98e87d774fe13b693d7de2212f6f0b3f79af684e432e85d6abdf815e7990a1a5
149,3971.68776791,4.055109097787182,0xecba73e96217cdb23afff854446dda91a103e7fd,2017-10-27T02:55:55.000Z,0.001021004,0x92edf76eb402a2147b008eb57b2a003b9c869c24,sell,0x226bb599a12c826476e3a771454697ea52e9e220,0xb5be38bb7da636d067eb93d327b58c780fc394a6ac3226883ec520b4cafc9f62
150,39.44,0.0481168,0x88bfe9b06cf22a31d6bf7b93de3a0760422cf17f,2017-10-27T00:45:56.000Z,0.00122,0xeacb51305214d1ca506226712f0fad684a5db7d2,buy,0x226bb599a12c826476e3a771454697ea52e9e220,0x69108613f7afbb73513db48f15923c848cfec147130077d3bcf0d8da436e8ae1
151,1091,1.4183,0xde0b43d00d9dbef5bbae0b68e458fa8725f588d7,2017-10-26T23:18:31.000Z,0.0013,0xea3f1b409f5e9211eed087c9f5f621d1249b3e7b,buy,0x226bb599a12c826476e3a771454697ea52e9e220,0x20e8dd3a87823571d6ec372fe9c1506e915fff65fe1044173bf77180bcbfb69f
152,200,0.252,0x78c6f8fc69f47a4aa5fcea0880118684d42d1cda,2017-10-26T21:26:31.000Z,0.00126,0xeacb51305214d1ca506226712f0fad684a5db7d2,buy,0x226bb599a12c826476e3a771454697ea52e9e220,0x01b39cad6e6512501bc158ac3da2c6bf383206e4946a1dddd0c8f4c67df5dd40
153,123.41,0.1554953659,0xdb3d665c9054072911462b5cd9d1fa7760ba387e,2017-10-26T21:23:46.000Z,0.00125999,0xe6c92b9517a451e6479f307dc15998be0d221dab,buy,0x226bb599a12c826476e3a771454697ea52e9e220,0x09548c52f8c8f0138e96e6a6ce88b475d6149b31544000d71d5fd856224324df
154,1107.68698172,1.3956734124214933,0xdb3d665c9054072911462b5cd9d1fa7760ba387e,2017-10-26T21:20:51.000Z,0.001259989000010014,0x951571ecb267b433469ef2c50f4c7b74b1d631f7,buy,0x226bb599a12c826476e3a771454697ea52e9e220,0x37613f51ec0056edc4f0a5d6647256123807cfb015f38b46dd86ac4b4675b405
155,306,0.3213,0xf732b16f5aee6cd2db5b30a7a3860764a48b19ff,2017-10-26T20:31:44.000Z,0.00105,0x3cfeed39846961095f7bbe04ab9f3730f408224e,buy,0x226bb599a12c826476e3a771454697ea52e9e220,0x3fe05931106b109f6f3dd360e9c321360e3a270c6225e42c028772b11f0d223a
156,1008.27434951,1.0184649783604975,0x951571ecb267b433469ef2c50f4c7b74b1d631f7,2017-10-26T16:42:48.000Z,0.001010107,0xbb13c7f495a7c327b433a6ef8a964515109b6c6f,sell,0x226bb599a12c826476e3a771454697ea52e9e220,0x9e1c6e31082addf853c5281f1e62cecc1530239e85766680898b8710303a7906
157,136.5766125,0.1379569923225375,0x951571ecb267b433469ef2c50f4c7b74b1d631f7,2017-10-26T16:27:59.000Z,0.001010107,0x9d77fbb54521b01263764ff4cd339bffd533264f,sell,0x226bb599a12c826476e3a771454697ea52e9e220,0x4ae0acd1205b02e1c1ffba083a60c49b6e4112b0361e3c06cf11bc6982323b4b
158,56.69823198,0.05727122431238988,0x7b6b2f3c88ce2ecedc01c545f13faf36034d772f,2017-10-26T15:55:21.000Z,0.001010106,0xe4321372c368cd74539c923bc381328547e8aa09,sell,0x226bb599a12c826476e3a771454697ea52e9e220,0xbd4e567ea242e4d74d507d6374f170e86e1e05bfcda5f87e7a24ada6ed404058
159,64,0.06528,0x5e87b43f8077f53fe5fb998a97ffacd299267323,2017-10-26T15:54:23.000Z,0.00102,0xe4321372c368cd74539c923bc381328547e8aa09,sell,0x226bb599a12c826476e3a771454697ea52e9e220,0xdffffde303f49b34e70b2341646e51280663269a4a6b064f94360197285acdb1
160,731,0.9503,0x8d71cd37bc1c715f6d4e9b5d68aa17a8b42cac87,2017-10-26T15:39:07.000Z,0.0013,0xc799a66887b6c91df640a2cf56cc0ec39f77d0d4,buy,0x226bb599a12c826476e3a771454697ea52e9e220,0x92b2d76f887024e1d8ef1e14c152c029b0b861ef64aeeea9ae4d641b595307e1
161,725,0.9424275,0x36513e2ee2751d2b679479424f0e9eb48695bfde,2017-10-26T13:35:49.000Z,0.0012999,0xaa10dc038b30b1ddb5309b9c9162323a80355cfc,buy,0x226bb599a12c826476e3a771454697ea52e9e220,0xcb0d4b5af7e9a120d2207f8181208239759b8c7eb0a0811e73114cad99ba2f6c
162,50,0.064,0x36513e2ee2751d2b679479424f0e9eb48695bfde,2017-10-26T13:31:37.000Z,0.00128,0x5e87b43f8077f53fe5fb998a97ffacd299267323,buy,0x226bb599a12c826476e3a771454697ea52e9e220,0xfe6402af5c4f8c5d8e1f1bfb2dd8409b9a92d1cf38d66d012c9a4f0f89d50395
163,162.80710896,0.1628266458130752,0x3dee4a4e076e8d82859d241db0baf46f112cfa23,2017-10-26T12:07:12.000Z,0.00100012,0xc799a66887b6c91df640a2cf56cc0ec39f77d0d4,sell,0x226bb599a12c826476e3a771454697ea52e9e220,0x9f5dcf15f1395daac15fce239e22e302cb87b025f8f80429e910bd1feb3a82ac
164,937.063,1.00266678063,0x3dee4a4e076e8d82859d241db0baf46f112cfa23,2017-10-26T12:04:57.000Z,0.00107001,0xc799a66887b6c91df640a2cf56cc0ec39f77d0d4,sell,0x226bb599a12c826476e3a771454697ea52e9e220,0x9126064a4ad428284099f1da014d12090989b2ad1f1892c4ea1b61cab807af10
165,428,0.45796,0xae4f1f3f0eb0916c8580458d69fc712133ada64c,2017-10-26T12:04:57.000Z,0.00107,0xc799a66887b6c91df640a2cf56cc0ec39f77d0d4,sell,0x226bb599a12c826476e3a771454697ea52e9e220,0x35d52795e0f7210f6163404586a01f8debaa27dc02ab2bb4a20a8357423b438e
166,50.12162295,0.054131352786,0x5e87b43f8077f53fe5fb998a97ffacd299267323,2017-10-26T09:10:25.000Z,0.00108,0x02e703a057f0bbae8cfb7d0a0e50772593da1d5a,sell,0x226bb599a12c826476e3a771454697ea52e9e220,0x600b426530380edcb5ba2358e6567435bfaa2cbd424b23914bb98cb92393d60e
167,362.93688239,0.3883460935261239,0x3dee4a4e076e8d82859d241db0baf46f112cfa23,2017-10-26T08:56:49.000Z,0.00107001,0x3148839bfaaeee3f67ff28a5b8daa97277c34480,sell,0x226bb599a12c826476e3a771454697ea52e9e220,0x0c948ebd29ac0ecbd1c0f62041aff33886137dafd340c62eac0da9ca62f6ad02
168,279,0.34875,0x4ca1b37e8f8f2327e67ae47a24bc77375e227573,2017-10-26T08:46:57.000Z,0.00125,0x5e87b43f8077f53fe5fb998a97ffacd299267323,buy,0x226bb599a12c826476e3a771454697ea52e9e220,0x9128257e67be7daceab07361fa3bf8bf9316002851c4b44a2395a89a4d654a91
169,4270.61,5.4663808,0x4ca1b37e8f8f2327e67ae47a24bc77375e227573,2017-10-26T08:46:57.000Z,0.00128,0xb6c6f37cebff29932720e2acdd1cdee7e757e908,buy,0x226bb599a12c826476e3a771454697ea52e9e220,0x3b32d6b896ea03bca38f93d302fbd0a5fcf7c0efeeee6958c49542b05491a325
170,800,1.04,0xe1b2ad8de5db848f933c67a1f3f4b15e8d42ae77,2017-10-26T03:03:34.000Z,0.0013,0xea3f1b409f5e9211eed087c9f5f621d1249b3e7b,buy,0x226bb599a12c826476e3a771454697ea52e9e220,0x4ea8b92e0a4d438f2237d361370c73004a214eac8ddbb61e4f91f6e35cc4ec1a
171,307.42,0.3750524,0xe1b2ad8de5db848f933c67a1f3f4b15e8d42ae77,2017-10-26T03:01:12.000Z,0.00122,0xf5bedf0fdb48e812d91b352e5ffa9c402ce6bbf4,buy,0x226bb599a12c826476e3a771454697ea52e9e220,0x995c9aef2fd10df34c91fb4ae1dfa79f06ed53b40cd8b92b9c1e08825f043fce
172,966.848,1.1602176,0xe1b2ad8de5db848f933c67a1f3f4b15e8d42ae77,2017-10-26T03:00:44.000Z,0.0012,0x9b0ff208b9904d7769d36527695e27805180d79f,buy,0x226bb599a12c826476e3a771454697ea52e9e220,0x2d034e8527590c2bacf1405d72e4cb394c616508383c27a6abe68a4eb68e4bdb
173,794.08860024,0.7767067948693467,0x7b6b2f3c88ce2ecedc01c545f13faf36034d772f,2017-10-26T02:19:10.000Z,0.000978111,0xe1b2ad8de5db848f933c67a1f3f4b15e8d42ae77,sell,0x226bb599a12c826476e3a771454697ea52e9e220,0x1076614bd27af31efbe1aafe3d70cfa7f9a00506c77494ff96da513faf2ca70a
174,510,0.4988361,0x0e1a2266d167413b2328616617edaeac9cb520a8,2017-10-26T02:17:29.000Z,0.00097811,0xe1b2ad8de5db848f933c67a1f3f4b15e8d42ae77,sell,0x226bb599a12c826476e3a771454697ea52e9e220,0xc0b649128f178c58facb77143170e5302230e122fde590839aa5c014810339ae
175,99,0.10098,0x5e87b43f8077f53fe5fb998a97ffacd299267323,2017-10-26T02:16:43.000Z,0.00102,0xe1b2ad8de5db848f933c67a1f3f4b15e8d42ae77,sell,0x226bb599a12c826476e3a771454697ea52e9e220,0x33a3fb7955b5afa79bc552dc2a29fcd35369484ee15c181674b0920baae7e0e9
176,250,0.27,0x4a9150bb24aabf3e3c7d24b3aa6bc0a6d3b346b1,2017-10-26T02:14:57.000Z,0.00108,0xe1b2ad8de5db848f933c67a1f3f4b15e8d42ae77,sell,0x226bb599a12c826476e3a771454697ea52e9e220,0x64316a94fafe4d735d5fafb99e15111b77f05c9c116cf31caaf5051579344179
177,31.058,0.0388225,0x1bd69ae9b4e6d6128726b67573d7549561401f77,2017-10-26T01:20:49.000Z,0.00125,0x9b0ff208b9904d7769d36527695e27805180d79f,sell,0x226bb599a12c826476e3a771454697ea52e9e220,0xe4991f42c3b0548dafef82b97637536ccbeb0c9d545ca522eee42c004beab7f1
178,1038.73887827,1.0138216100580593,0x7b6b2f3c88ce2ecedc01c545f13faf36034d772f,2017-10-26T00:01:47.000Z,0.000976012,0x40063dd6cac140432ba6467e3b864062bd5a5714,sell,0x226bb599a12c826476e3a771454697ea52e9e220,0xec5d80432948e9ae97ffe8655b14113edd47ea9b578b2acc3e3119a9f6a45b18
179,471.53823148,0.46022697238325777,0x7b6b2f3c88ce2ecedc01c545f13faf36034d772f,2017-10-25T23:51:57.000Z,0.000976012,0x490918d708943ca767358ede0e7ff517a7d52471,sell,0x226bb599a12c826476e3a771454697ea52e9e220,0x4b800fcc8e846c12fbe862c13db81c22050233de688f3cd4ed513c1399125c12
180,180,0.1836,0x5e87b43f8077f53fe5fb998a97ffacd299267323,2017-10-25T23:34:26.000Z,0.00102,0x1ed014aec47fae44c9e55bac7662c0b78ae61798,sell,0x226bb599a12c826476e3a771454697ea52e9e220,0x120cf113ae8694033c0e80abab95cdf3d1e85d75c861b89e7af81bbdfbad88d1
181,421.83,0.42183,0x37393affab8cf2d6d58e55926886101ad18b6938,2017-10-25T23:34:26.000Z,0.001,0x1ed014aec47fae44c9e55bac7662c0b78ae61798,sell,0x226bb599a12c826476e3a771454697ea52e9e220,0xeddc7d72338feea7d69f58fd2a94fd11458959a1698ac69c5d3f08cb51c297ac
182,668,0.868397996,0x74b92fd97b477a7e2149e1ae9653ccbe8fcd98f4,2017-10-25T21:41:08.000Z,0.001299997,0x91ab10dba1a8338277aae1b723b739eefb7ea202,buy,0x226bb599a12c826476e3a771454697ea52e9e220,0x5486b07b4c6508c3514c02d4f149280866b48d6b43133351a03ab35c0d9a2243
183,1,0.00139,0x0b773d7819259d78757b26dc4148812d35676d8f,2017-10-25T19:49:49.000Z,0.00139,0xe6c92b9517a451e6479f307dc15998be0d221dab,buy,0x226bb599a12c826476e3a771454697ea52e9e220,0xbd55bb12c599df828cd5d838b4fb745c9a80051fe3590b0fe68ddce5a4d94e97
184,328.16967401,0.32816967401,0x37393affab8cf2d6d58e55926886101ad18b6938,2017-10-25T19:30:20.000Z,0.001,0x4ad64328076e1220333a82a4e602b1aaddd215e3,sell,0x226bb599a12c826476e3a771454697ea52e9e220,0xcbe7fb149010ddead11fbec8f317e53dcefdbd0f760421948d02b351bbaa0345
185,465.5489382,0.6978555306190578,0x3514c0f7c40ae34968971e8fead9827286f96d63,2017-10-25T18:10:09.000Z,0.001498995000004186,0x91ab10dba1a8338277aae1b723b739eefb7ea202,buy,0x226bb599a12c826476e3a771454697ea52e9e220,0xc56fe5692c84dbd02d4b8d8e76bf743b393617ccd3c2215d50afc1d21271dda1
186,490,0.52234,0x3a6570287acf68208c107f665ab2338ec80a8112,2017-10-25T16:15:15.000Z,0.001066,0x8b81d80e36e1c2069efb9abb145d434aa68f058b,sell,0x226bb599a12c826476e3a771454697ea52e9e220,0xe6f52026d4eadd0c9e1c77d3a52ca62d9b1c5e06567f5a416a85473619bc17eb
187,5208.063,5.208063,0x022a152ff6618ababd84b1061998b3d04c8710fd,2017-10-25T16:14:40.000Z,0.001,0x8b81d80e36e1c2069efb9abb145d434aa68f058b,sell,0x226bb599a12c826476e3a771454697ea52e9e220,0x713c2a2a9157ab4787371e1e8ce999ec416854adb3b760f09076554d5a0f651d
188,1300,1.4560182,0x3dee4a4e076e8d82859d241db0baf46f112cfa23,2017-10-25T16:13:52.000Z,0.001120014,0x8b81d80e36e1c2069efb9abb145d434aa68f058b,sell,0x226bb599a12c826476e3a771454697ea52e9e220,0x322c2c459066cbd704ef3007fbb27aaa8ab59e3bde5830bb709bffff1e6759fc
189,5000,5.625,0x009a12d4290630bc01fd82516ac57c1dc6a9bcfb,2017-10-25T16:13:52.000Z,0.001125,0x8b81d80e36e1c2069efb9abb145d434aa68f058b,sell,0x226bb599a12c826476e3a771454697ea52e9e220,0x3d4bb99e6f8469d3e8ee1138cb20a5fb0b91e4a84fb7d9363dc4534929e5731e
190,9000,10.080135,0x7b6b2f3c88ce2ecedc01c545f13faf36034d772f,2017-10-25T16:13:52.000Z,0.001120015,0x8b81d80e36e1c2069efb9abb145d434aa68f058b,sell,0x226bb599a12c826476e3a771454697ea52e9e220,0x09f76a87265555c3de738d60f86e213a5f192de09fc28e879185d75b29c3975f
191,450,0.5004,0x8d71cd37bc1c715f6d4e9b5d68aa17a8b42cac87,2017-10-25T16:13:52.000Z,0.001112,0x8b81d80e36e1c2069efb9abb145d434aa68f058b,sell,0x226bb599a12c826476e3a771454697ea52e9e220,0x29857b523a3fcc90b9c53b267032192c6d34cf0e6bf8d2922e6950abb387c218
192,1269.69,1.56298839,0xbbe8a82dc936ac8a7f188624e42a1253dbb279ec,2017-10-25T16:13:43.000Z,0.001231,0x8b81d80e36e1c2069efb9abb145d434aa68f058b,sell,0x226bb599a12c826476e3a771454697ea52e9e220,0x0006b505daa3840fefc024427f6512b05d66ebae8d14e114fb80ba7baf6db110
193,266.17490934,0.3273951384882,0x0febad916a5fd535c7b1ba392104b46c48f28d66,2017-10-25T15:05:44.000Z,0.00123,0x2e5d4bafaa4d2a5476ee423adbc7f5863e452f12,sell,0x226bb599a12c826476e3a771454697ea52e9e220,0x9cd0059c951660c7739f3e51292f4fd9a0c614597941eef4a6058cf4c4ef6542
194,644.19850132,0.7923641566236,0x0febad916a5fd535c7b1ba392104b46c48f28d66,2017-10-25T14:48:51.000Z,0.00123,0x36513e2ee2751d2b679479424f0e9eb48695bfde,sell,0x226bb599a12c826476e3a771454697ea52e9e220,0x97c23b56f8073774ad68c29f88a57291e27ad3b71deea7f69ab3e79717f26ff4
195,91.932,0.1131774852,0x8619b431c8f9c530a21062e9b74d4c935722fe58,2017-10-25T14:47:59.000Z,0.0012311,0x36513e2ee2751d2b679479424f0e9eb48695bfde,sell,0x226bb599a12c826476e3a771454697ea52e9e220,0x928b91048bb4e2280b17fce9f51e3161b1ae80b60f132942f2855a5b00b23243
196,1123,1.382530915,0x1a3d06df3d3dc35e4fc154a10a108f8379721fae,2017-10-25T14:46:59.000Z,0.001231105,0x36513e2ee2751d2b679479424f0e9eb48695bfde,sell,0x226bb599a12c826476e3a771454697ea52e9e220,0x6f97a2a62fdd035df77bf9ecbf024990c9ca7d6675097159f238c534f50e6e2e
197,98.69404844,0.12150332866901684,0x1a3d06df3d3dc35e4fc154a10a108f8379721fae,2017-10-25T14:27:36.000Z,0.001231111,0x5e87b43f8077f53fe5fb998a97ffacd299267323,sell,0x226bb599a12c826476e3a771454697ea52e9e220,0xeb4d8e4da0b81c83de1657e805200a829b306823a1aca86b5755b8d172daa02c
198,697.83670621,0.8591144452188993,0x1a3d06df3d3dc35e4fc154a10a108f8379721fae,2017-10-25T14:24:58.000Z,0.001231111,0x14ea2099b491121b528b1fea2ae94406de0b5a89,sell,0x226bb599a12c826476e3a771454697ea52e9e220,0xcc33ecc4d66d166f7b95b54b8c364480067d199f1370d48028bf1101d0f4bcf5
199,61,0.08967,0x6f3e188ca1da5685623b630a5fee3cebd0620796,2017-10-25T14:14:45.000Z,0.00147,0x5e87b43f8077f53fe5fb998a97ffacd299267323,buy,0x226bb599a12c826476e3a771454697ea52e9e220,0x96f00c51ff9110b9277f01fe97d8b0fce25ab23321fa64276737d8e44f11e55a
200,158.06798923,0.194597501541053,0x8619b431c8f9c530a21062e9b74d4c935722fe58,2017-10-25T13:31:43.000Z,0.0012311,0x9310929406050fcca085623b26611fedb1222cac,sell,0x226bb599a12c826476e3a771454697ea52e9e220,0x3a5f03134f0d294840da3dcf70dc1c8ae8ae9c1c462bf76355febbfa59308717
201,345,0.425385,0x5e87b43f8077f53fe5fb998a97ffacd299267323,2017-10-25T13:30:21.000Z,0.001233,0x9310929406050fcca085623b26611fedb1222cac,sell,0x226bb599a12c826476e3a771454697ea52e9e220,0x21856af1663a9d376f4b63ae7ab0aeb761819a726c8e7e947324e20ddafbed27
202,498.77726077,0.6134960307471,0x0febad916a5fd535c7b1ba392104b46c48f28d66,2017-10-25T12:32:12.000Z,0.00123,0x1943d4b6ef3e8b4cbf217a515483129832526f1c,sell,0x226bb599a12c826476e3a771454697ea52e9e220,0x33d267b684f5b28e09a0d07d01d235e55d003f17fe457022e09f1848d6eb33cb
203,145.70830425,0.1792212142275,0x0febad916a5fd535c7b1ba392104b46c48f28d66,2017-10-25T12:28:43.000Z,0.00123,0x15f2fcea05350bc3bd2851566d19af6ed1f59081,sell,0x226bb599a12c826476e3a771454697ea52e9e220,0x773565a7f5a788dff6f279ad03673662539947f57c82858849aa32a2201ca52d
204,280,0.3472,0x5e87b43f8077f53fe5fb998a97ffacd299267323,2017-10-25T12:27:27.000Z,0.00124,0x15f2fcea05350bc3bd2851566d19af6ed1f59081,sell,0x226bb599a12c826476e3a771454697ea52e9e220,0xce5c4d2110473cc793a5f606dfcc7339073547d147de8fa3aaf4e6f5b26f01f8
205,49,0.06076,0x5e87b43f8077f53fe5fb998a97ffacd299267323,2017-10-25T12:20:44.000Z,0.00124,0x1943d4b6ef3e8b4cbf217a515483129832526f1c,sell,0x226bb599a12c826476e3a771454697ea52e9e220,0xb03c6b0fd18cb529e9a2664fe60a25fc63ccaecb30ee2804e02c68a4e4be0395
206,298,0.3576,0x5e87b43f8077f53fe5fb998a97ffacd299267323,2017-10-25T11:15:47.000Z,0.0012,0x9310929406050fcca085623b26611fedb1222cac,sell,0x226bb599a12c826476e3a771454697ea52e9e220,0x4e4d24f0c4f15af1d10946a3d605a47cac11ec4a547fab13df2f5ddefd35f43f
207,1015,1.21801015,0x1a3d06df3d3dc35e4fc154a10a108f8379721fae,2017-10-25T11:14:24.000Z,0.00120001,0x9310929406050fcca085623b26611fedb1222cac,sell,0x226bb599a12c826476e3a771454697ea52e9e220,0xe29d4afca96a92dc08a7867d66c27086426c381c83fe448082005f078b7d5243
208,1500,1.6680015,0x7b6b2f3c88ce2ecedc01c545f13faf36034d772f,2017-10-25T10:15:12.000Z,0.001112001,0x9310929406050fcca085623b26611fedb1222cac,sell,0x226bb599a12c826476e3a771454697ea52e9e220,0x0727121d5276848b908422d0a3335140c7e68cc07f00c4e04f9e35c35c794ccb
209,656,0.7872,0x3efd9b0bd8e4595bc494539aca584821950106ee,2017-10-25T10:06:55.000Z,0.0012,0x9310929406050fcca085623b26611fedb1222cac,sell,0x226bb599a12c826476e3a771454697ea52e9e220,0xd4b2fa90bfc37ceb8b59f887b1643b2fbff32f3b14b5d099fdd501796194c368
210,870.80051839,0.9683310472501984,0x7b6b2f3c88ce2ecedc01c545f13faf36034d772f,2017-10-25T09:57:05.000Z,0.001112001,0xe1fd5cdd0c0b2804b32ab94e03346c78826980ae,sell,0x226bb599a12c826476e3a771454697ea52e9e220,0x77128bd804a06e028923ce9d4416ca4fe3ea06ba7d3971c7afc993707d1d50ef
211,996.9095803,1.09670022928803,0x3dee4a4e076e8d82859d241db0baf46f112cfa23,2017-10-25T06:57:31.000Z,0.0011001,0xe1b2ad8de5db848f933c67a1f3f4b15e8d42ae77,sell,0x226bb599a12c826476e3a771454697ea52e9e220,0x9352db0ca3b9ede63e2946c194d7465b06f6042ed1f3a82211039ad93952e467
212,56,0.09352,0xe15f8d91aee679130e9c3b7f24e30d17aa540f6d,2017-10-25T04:13:32.000Z,0.00167,0xc87182f6ddca9d4a898f111059d3f3ef8e709e0e,buy,0x226bb599a12c826476e3a771454697ea52e9e220,0x036d230b5586feff1e7d55dec139e0e0291c4d0428bc7100f34086e57f663886
213,28.913,0.0433695,0xe6c92b9517a451e6479f307dc15998be0d221dab,2017-10-25T04:09:44.000Z,0.0015,0xd2ea382e498316d91b9de8557670149b479721a0,sell,0x226bb599a12c826476e3a771454697ea52e9e220,0xbb9f68650daecf91f913cab8959d32c598ff51fcd981227fe3b636bf7548dfb4
214,29,0.0377,0xd2ea382e498316d91b9de8557670149b479721a0,2017-10-25T04:09:44.000Z,0.0013,0x66c58939568f8ac1815faa4ed7592a22f633e2ca,buy,0x226bb599a12c826476e3a771454697ea52e9e220,0xbb9f68650daecf91f913cab8959d32c598ff51fcd981227fe3b636bf7548dfb4
215,7,0.0112,0x9ee8f1835fdf6d454c80ccb0cf831772e167fb97,2017-10-24T23:49:57.000Z,0.0016,0xb3c74e8478cb91b17d0f78e3d0e3ea574c9fe2f8,sell,0x226bb599a12c826476e3a771454697ea52e9e220,0x11a872da98f9b4ae9e378b3c27fc5390e3967a5a482acb82ab16edefc75d5931
216,258.9998395,0.33669979135,0x5e87b43f8077f53fe5fb998a97ffacd299267323,2017-10-24T20:24:21.000Z,0.0013,0xd3c7d671e67549e54ff47ec38d3d78fb88b89b3a,sell,0x226bb599a12c826476e3a771454697ea52e9e220,0x1053b77cfb8554607977cdbc9a1682abd641f3f7918a26a621ce058a35a47a71
217,0.0001605,0.00000020865,0x5e87b43f8077f53fe5fb998a97ffacd299267323,2017-10-24T20:22:05.000Z,0.0013,0xd3c7d671e67549e54ff47ec38d3d78fb88b89b3a,sell,0x226bb599a12c826476e3a771454697ea52e9e220,0x60889ee9c36f157651fe5c02cdbeb44eca637fee75e78e7c67f04afc80b7ef27
218,300,0.6,0x3bb601f5b35ddd49157ac79d9aaab4aa2c2aa298,2017-10-24T20:02:45.000Z,0.002,0xd9b77a255e553c2bbf50b6a7048346ceaab4aa49,buy,0x226bb599a12c826476e3a771454697ea52e9e220,0x6bd6345d704867e76e3e78234effa323f7278d29777acbc46245f2a4028fef5b
219,399.603,0.799206,0xc8d7fc40dea9b2c8de8068313c5293964734df94,2017-10-24T20:02:18.000Z,0.002,0x36513e2ee2751d2b679479424f0e9eb48695bfde,sell,0x226bb599a12c826476e3a771454697ea52e9e220,0xc924c23b91a7c6ba7c56d09107180e3edfe152b55ae0041cd6d3400b2de90b25
220,537.70883548,1.07541767096,0x8a25f14e1413609da4a8a519f08e4b65ec35b63f,2017-10-24T19:59:52.000Z,0.002,0x593521d58729e384cf8e7d9a77b53b8a8c13e859,buy,0x226bb599a12c826476e3a771454697ea52e9e220,0xc2bcf0f2145e7053c12ac6667e74df864233d032f23363a56643ee58913f7f3b
221,200,0.4,0xc8d7fc40dea9b2c8de8068313c5293964734df94,2017-10-24T19:59:42.000Z,0.002,0xe4bbba7bedcb7bab98a14e59a723d4338abc1e62,sell,0x226bb599a12c826476e3a771454697ea52e9e220,0xb565621e7602306f2c6f85d49ab88cf538f25897d091bd57ddb33e1e27f24370
222,50.99954275,0.0943491540875,0x273a5d3e6721b9f5c1a6474f560c1334c63dda01,2017-10-24T19:51:36.000Z,0.00185,0x5e87b43f8077f53fe5fb998a97ffacd299267323,buy,0x226bb599a12c826476e3a771454697ea52e9e220,0x611c8ce4fda815a77df715a377d8fb12eea90bc638c7d66a918a6307d1118585
223,50.84654412,0.10169308824,0xc8d7fc40dea9b2c8de8068313c5293964734df94,2017-10-24T19:51:36.000Z,0.002,0x273a5d3e6721b9f5c1a6474f560c1334c63dda01,sell,0x226bb599a12c826476e3a771454697ea52e9e220,0x611c8ce4fda815a77df715a377d8fb12eea90bc638c7d66a918a6307d1118585
224,149.55,0.2991,0xc8d7fc40dea9b2c8de8068313c5293964734df94,2017-10-24T19:51:34.000Z,0.002,0x273a5d3e6721b9f5c1a6474f560c1334c63dda01,sell,0x226bb599a12c826476e3a771454697ea52e9e220,0x8d5520397a6ec8a81a02bbf282c89d9a9b5eddcef9a7c13f2e4ae1e47f301327
225,150,0.285,0x273a5d3e6721b9f5c1a6474f560c1334c63dda01,2017-10-24T19:51:34.000Z,0.0019,0xbc5dd58e0fb3c1c4e441699fdb326e68d288729f,buy,0x226bb599a12c826476e3a771454697ea52e9e220,0x8d5520397a6ec8a81a02bbf282c89d9a9b5eddcef9a7c13f2e4ae1e47f301327
226,128,0.2432,0x8a25f14e1413609da4a8a519f08e4b65ec35b63f,2017-10-24T19:47:55.000Z,0.0019,0x5e87b43f8077f53fe5fb998a97ffacd299267323,buy,0x226bb599a12c826476e3a771454697ea52e9e220,0x31bc8f75794eee00307766aa0a1947f3fc252e5bfb03d57de12be35b5c0873ed
227,14,0.0252,0x8a25f14e1413609da4a8a519f08e4b65ec35b63f,2017-10-24T19:47:55.000Z,0.0018,0x8988156d003068f226aff6d4abaf8fc880a84c47,buy,0x226bb599a12c826476e3a771454697ea52e9e220,0x329414b2391bedff1fad4b14cdbbb616b23855b26644d1dfe53f2bd69cd6cfb5
228,50,0.0575,0xde7727d184d3cfc47948d0955a5bdfa952a2b4e7,2017-10-24T19:21:41.000Z,0.00115,0xd3c7d671e67549e54ff47ec38d3d78fb88b89b3a,sell,0x226bb599a12c826476e3a771454697ea52e9e220,0xfe78dfd8c280e517429293a1300343a8595856f13438c54b1b6b0b644b6369c8
229,50.104,0.0601248,0x5e87b43f8077f53fe5fb998a97ffacd299267323,2017-10-24T19:20:22.000Z,0.0012,0xd3c7d671e67549e54ff47ec38d3d78fb88b89b3a,sell,0x226bb599a12c826476e3a771454697ea52e9e220,0x663f49dc9d93078cbe8914839370525d0e959f8e602e60296143456ec4a15cf2
230,0.89554275,0.0010746513,0x5e87b43f8077f53fe5fb998a97ffacd299267323,2017-10-24T19:16:30.000Z,0.0012,0x1d5321e125f6c7079a716705541c7b371ca79e69,sell,0x226bb599a12c826476e3a771454697ea52e9e220,0x70eebc6405db6951068af43afafa6be2730b8abf680a8d0b59567cae098e089a
231,0.89822938,0.000977812503068,0x1d5321e125f6c7079a716705541c7b371ca79e69,2017-10-24T19:16:30.000Z,0.0010886,0xddb3f5644c29e8b02200d19d4af3faab5243b1e9,buy,0x226bb599a12c826476e3a771454697ea52e9e220,0x70eebc6405db6951068af43afafa6be2730b8abf680a8d0b59567cae098e089a
232,50,0.1,0x87eb8e079ded802c2ee2b34af5641884ae5aec05,2017-10-24T18:57:45.000Z,0.002,0x593521d58729e384cf8e7d9a77b53b8a8c13e859,buy,0x226bb599a12c826476e3a771454697ea52e9e220,0x11c0c47ce4a427d80145d4638cc2960a68b26c8834a128c5b44f381d98805b5e
233,238.76,0.31834658708,0xeacb51305214d1ca506226712f0fad684a5db7d2,2017-10-24T18:56:21.000Z,0.001333333,0x5a4cfcf96fc479f6d053c2387fd07ea6365a84d4,buy,0x226bb599a12c826476e3a771454697ea52e9e220,0x9fb29ec4bc6f06d4c4adbd84ab877b48a4f6ffa48379ef441c884ab1d73beecd
234,329.93887679,0.3893272147344464,0x3dee4a4e076e8d82859d241db0baf46f112cfa23,2017-10-24T18:40:02.000Z,0.001179998,0xfde39d72b8a81abdeb7d0b4201f08d5e3bb2ca80,buy,0x226bb599a12c826476e3a771454697ea52e9e220,0x42552ab0065d4493b702f311fb12658f6ac3315ec25ae46d817024bffe56de60
235,233.624,0.2686676,0xf732b16f5aee6cd2db5b30a7a3860764a48b19ff,2017-10-24T18:38:03.000Z,0.00115,0x6a912f36057ff7149c41c9140a30d5fe7cd1d7ff,buy,0x226bb599a12c826476e3a771454697ea52e9e220,0xf1198917d6881a7441186ccab163fadcccfa1b31a0a64a69896029fa1ff99881
236,128.30295283,0.1475483957643516,0x5e87b43f8077f53fe5fb998a97ffacd299267323,2017-10-24T18:35:26.000Z,0.001150000000076784,0x6a912f36057ff7149c41c9140a30d5fe7cd1d7ff,buy,0x226bb599a12c826476e3a771454697ea52e9e220,0xaa94b24ec581c60f5747cba6133700a292b2e78d840131d405794041a76462fd
237,0.07287692,0.000083808468548583,0x87eb8e079ded802c2ee2b34af5641884ae5aec05,2017-10-24T18:25:02.000Z,0.0011500001447451813,0x6a912f36057ff7149c41c9140a30d5fe7cd1d7ff,buy,0x226bb599a12c826476e3a771454697ea52e9e220,0x482a5b4c59b8c96ad5c8e25baf783dbc25a7e06dc57dc136bf1c820bda45ef86
238,9,0.009,0x022a152ff6618ababd84b1061998b3d04c8710fd,2017-10-24T18:08:52.000Z,0.001,0x755dfe72cff68f68627b7a6ce5ef96ece2bfcfdc,sell,0x226bb599a12c826476e3a771454697ea52e9e220,0xc1ac3a46d8ff22c736d08c9db3264ac1cf6e4b2918881c7a5fdb98d5b73e26da
239,1500,1.9999995,0x022a152ff6618ababd84b1061998b3d04c8710fd,2017-10-24T17:47:18.000Z,0.001333333,0x5a4cfcf96fc479f6d053c2387fd07ea6365a84d4,buy,0x226bb599a12c826476e3a771454697ea52e9e220,0x508cff30155a0e8578a5d9393753c934a6a977b14bb4ff63dece3719141e00a6
240,1000,1.0888,0x022a152ff6618ababd84b1061998b3d04c8710fd,2017-10-24T17:44:19.000Z,0.0010888,0x5c71f7ca58238adbffcb03ce76fb2f8640a015c5,buy,0x226bb599a12c826476e3a771454697ea52e9e220,0xb7d669b0be2c3feed8975227c9879ee0b05620045cd84a3bdeba63c39e4f5ef1
241,638,0.6946544,0x12a7ad979c10130a2857a10212335e3072e4060a,2017-10-24T17:41:02.000Z,0.0010888,0x5c71f7ca58238adbffcb03ce76fb2f8640a015c5,buy,0x226bb599a12c826476e3a771454697ea52e9e220,0x0b7fd405cdecc69cb93435b3bd6ad92ac0784a00d9b047c2807038423365181a
242,5,0.00589999,0x36513e2ee2751d2b679479424f0e9eb48695bfde,2017-10-24T17:35:01.000Z,0.001179998,0xfde39d72b8a81abdeb7d0b4201f08d5e3bb2ca80,buy,0x226bb599a12c826476e3a771454697ea52e9e220,0xb59790e8e53e516002ffa214cf69601450db512638e80d09e59024ceb50089b8
243,196.7558748,0.21348012416470272,0xf142f26d1cac4ba8a6e6d7974d243eda2fe5f4f9,2017-10-24T16:46:02.000Z,0.001085000000034066,0xeacb51305214d1ca506226712f0fad684a5db7d2,buy,0x226bb599a12c826476e3a771454697ea52e9e220,0x93345abc08d710ffeba00ee62e2c303397711339f980f08fc20283e673e8301b
244,240.325,0.2605123,0xf142f26d1cac4ba8a6e6d7974d243eda2fe5f4f9,2017-10-24T16:45:15.000Z,0.001084,0xddb3f5644c29e8b02200d19d4af3faab5243b1e9,buy,0x226bb599a12c826476e3a771454697ea52e9e220,0xcc8f91b5a0b82234af29562ecd56c831c07846112dc89b35e58e7d41fd127159
245,1072.67491951,1.162779612751674,0x8cd3bec93d81f900f4faef7f40259d392b616a7e,2017-10-24T16:13:58.000Z,0.001084000000002642,0xddb3f5644c29e8b02200d19d4af3faab5243b1e9,buy,0x226bb599a12c826476e3a771454697ea52e9e220,0xa637d48f02c5787a8891dc71e9fe0c4c7125884051b9ccc84537011652db51fc
246,87,0.094308,0x086532727e823cc29f4bfab16fe9ebb371c4239b,2017-10-24T14:42:35.000Z,0.001084,0xddb3f5644c29e8b02200d19d4af3faab5243b1e9,buy,0x226bb599a12c826476e3a771454697ea52e9e220,0x0f7489813a37be54494674814f8f99e8a559964ed5f56d3550161f93c43e152f
247,541,0.586444,0xd3c7d671e67549e54ff47ec38d3d78fb88b89b3a,2017-10-24T13:03:55.000Z,0.001084,0xddb3f5644c29e8b02200d19d4af3faab5243b1e9,buy,0x226bb599a12c826476e3a771454697ea52e9e220,0xa2750111cbe8184e4378923d9f43529de6c36b9f5519915ce7a8333ecdd0431f
248,0.06539393,0.00006212501822716,0x3dee4a4e076e8d82859d241db0baf46f112cfa23,2017-10-24T11:24:35.000Z,0.000950012,0xbd645e3fec363c01adb65be42c29ec19269e6630,sell,0x226bb599a12c826476e3a771454697ea52e9e220,0xd3852d5aa93cb9c863464ff4695d1885c66a23a12f27e06cb57a84ebd2a9bd6e
249,655.96650383,0.623176050236546,0x3dee4a4e076e8d82859d241db0baf46f112cfa23,2017-10-24T11:22:37.000Z,0.000950012,0xbd645e3fec363c01adb65be42c29ec19269e6630,sell,0x226bb599a12c826476e3a771454697ea52e9e220,0x4bf595ec8be30f91ba275f2955a71708e45ab43aff3425411ba6627807cb58e2
250,500,0.59,0xd401b223b669b6807f744496f07225022db15337,2017-10-24T08:19:48.000Z,0.00118,0xc87182f6ddca9d4a898f111059d3f3ef8e709e0e,buy,0x226bb599a12c826476e3a771454697ea52e9e220,0x7eebfbe0a7b138fd7bb38bd699ef223f49a3b46decf1c8732ce32649b0b1d6e6
251,195,0.211575,0x6cbeca383d52578ebce059838040f45c62237d0e,2017-10-24T06:56:55.000Z,0.001085,0xeacb51305214d1ca506226712f0fad684a5db7d2,buy,0x226bb599a12c826476e3a771454697ea52e9e220,0xcfb21090e9c254ee2b2b5daf312ab19d90c6ba55df137c142bfc80d237e0bc79
252,510.41526267,0.4848996036891267,0x3a6570287acf68208c107f665ab2338ec80a8112,2017-10-24T05:58:25.000Z,0.00095001,0xd4efa0913c6af955356ff2ebb4841440e7e42b51,sell,0x226bb599a12c826476e3a771454697ea52e9e220,0xff74e8f93e3d4f6394c11263280f9a91283ed119a6533ecb2e32c3f388247c2b
253,500,0.5425,0xb94c753d56659428ff135369726c3084ec59858c,2017-10-24T05:04:29.000Z,0.001085,0xeacb51305214d1ca506226712f0fad684a5db7d2,buy,0x226bb599a12c826476e3a771454697ea52e9e220,0x92f5d5c61d9fc409d1bff6bf6552c469c145c7679eb56fa1be0ca463e24eed94
254,193.24412519,0.20966987583529728,0x8cd3bec93d81f900f4faef7f40259d392b616a7e,2017-10-24T03:08:18.000Z,0.0010850000000214614,0xeacb51305214d1ca506226712f0fad684a5db7d2,buy,0x226bb599a12c826476e3a771454697ea52e9e220,0x2ff677fcf0617d6472b044c376ec6b0632acb4ecafc3371bb9cee463bac4a152
255,0.10823292,0.00010173905303292,0x91ab10dba1a8338277aae1b723b739eefb7ea202,2017-10-24T02:01:03.000Z,0.000940001,0xead54315b670d3a71d7a65b5a993e1838e697aca,sell,0x226bb599a12c826476e3a771454697ea52e9e220,0xcc5d226a852c20bf1d880543e5a6a91e199c8e815dbe83e4f078c043a9efa7f1
256,1085.68437842,1.0205433157148,0xeacb51305214d1ca506226712f0fad684a5db7d2,2017-10-24T01:59:30.000Z,0.00094,0xead54315b670d3a71d7a65b5a993e1838e697aca,sell,0x226bb599a12c826476e3a771454697ea52e9e220,0x4089114ac33b89ab68d6ebc1f83b357d0c2bb8eab08e815ea0658a5d5581fbfd
257,291.48639218,0.2684592586841722,0x91ab10dba1a8338277aae1b723b739eefb7ea202,2017-10-24T01:32:59.000Z,0.000921001,0x830cc67eacd9b8cd9dd86032c130f9e3d562b9e2,sell,0x226bb599a12c826476e3a771454697ea52e9e220,0x77bd602ecce83010da9f770f4e4826620d7866f221ee94d97fd092fc644508e1
258,1000,1.0887,0xe2eabfc1e89a462bbd2ba188cd8a9591a9a0d04e,2017-10-24T01:23:42.000Z,0.0010887,0xead54315b670d3a71d7a65b5a993e1838e697aca,buy,0x226bb599a12c826476e3a771454697ea52e9e220,0xcfde8ec24a5adfb8b6a5ec1e6ef49e94fa217f9b5d3a78d239229bae099cf545
259,1000,1.0887,0xf4381d04158f4809ce2324f48c465fe2ba79a884,2017-10-24T00:57:54.000Z,0.0010887,0xead54315b670d3a71d7a65b5a993e1838e697aca,buy,0x226bb599a12c826476e3a771454697ea52e9e220,0x11b41747430352ecf45985b16f078d17f692bf17c6e3cf3e7624f31857e62031
260,117.111,0.138190511556,0x624091038337315d1984c3e2f01e3297818adf8f,2017-10-23T22:30:55.000Z,0.001179996,0xb3c74e8478cb91b17d0f78e3d0e3ea574c9fe2f8,sell,0x226bb599a12c826476e3a771454697ea52e9e220,0xaeb0d642d5bdc5137908b2a4ad5ef08ef61c9122649cb67326a61bcabb472eec
261,199.40179264,0.23529331770802944,0x624091038337315d1984c3e2f01e3297818adf8f,2017-10-23T22:25:50.000Z,0.001179996,0xb3c74e8478cb91b17d0f78e3d0e3ea574c9fe2f8,sell,0x226bb599a12c826476e3a771454697ea52e9e220,0xb8d54095843b9dbc2408d91d1429c114ac45f14bc445744497e18b5028cbf9b6
262,199.38191606,0.23526986342313577,0x624091038337315d1984c3e2f01e3297818adf8f,2017-10-23T22:20:44.000Z,0.001179996,0xb3c74e8478cb91b17d0f78e3d0e3ea574c9fe2f8,sell,0x226bb599a12c826476e3a771454697ea52e9e220,0xf75382f62d17b4098194f6b75ec51d4c11dfde5a74ffb9dced7fd76b611b9eab
263,16.15332613,0.0177684972097387,0x273a5d3e6721b9f5c1a6474f560c1334c63dda01,2017-10-23T22:16:24.000Z,0.00109999,0x8082308babb78607d6963b1174ae403e9587f440,buy,0x226bb599a12c826476e3a771454697ea52e9e220,0x70652c6482f4497d3415198fb2237e1846b945f2fd12d3a446a65e63e018c50d
264,16.10486615,0.0190036776375354,0x624091038337315d1984c3e2f01e3297818adf8f,2017-10-23T22:16:24.000Z,0.001179996,0x273a5d3e6721b9f5c1a6474f560c1334c63dda01,sell,0x226bb599a12c826476e3a771454697ea52e9e220,0x70652c6482f4497d3415198fb2237e1846b945f2fd12d3a446a65e63e018c50d
265,1034.63757468,1.1380909857798824,0xe47a86cbe958ecc5e53a1e9373f3de4debf85e51,2017-10-23T22:09:39.000Z,0.0010999900000073738,0x8082308babb78607d6963b1174ae403e9587f440,buy,0x226bb599a12c826476e3a771454697ea52e9e220,0xc5c8b89348818777ec5f781aa006d400aa29774f314129e4d0f040b35b262871
266,1000,1.07,0xe47a86cbe958ecc5e53a1e9373f3de4debf85e51,2017-10-23T22:00:33.000Z,0.00107,0xfbf7dc0756a9768d0c71aea5f8421f3b1eaee7d1,buy,0x226bb599a12c826476e3a771454697ea52e9e220,0x7e657b9b0b31531e943dde3585d0ba64e43912a34e1c52cdb80e802ef767f235
267,5000,5.345,0xe47a86cbe958ecc5e53a1e9373f3de4debf85e51,2017-10-23T21:44:15.000Z,0.001069,0xddb3f5644c29e8b02200d19d4af3faab5243b1e9,buy,0x226bb599a12c826476e3a771454697ea52e9e220,0xf409c0ead7ba3743804d9b1f8b8923c21c28ac1bf9d21b00cb33d1f311d98926
268,423.9,0.4531486761,0xe47a86cbe958ecc5e53a1e9373f3de4debf85e51,2017-10-23T21:44:07.000Z,0.001068999,0x6501147e3f48cbe70c62af710289ee5145228447,buy,0x226bb599a12c826476e3a771454697ea52e9e220,0x405f17aa4a681bedb6a794cc884c0a94c8567113c0f5e4e2ed2b04ba55f4c112
269,216.4,0.2313309508,0xe47a86cbe958ecc5e53a1e9373f3de4debf85e51,2017-10-23T21:44:07.000Z,0.001068997,0x61d662cf41841f3e5ef68a53a71e835b1dcad7bc,buy,0x226bb599a12c826476e3a771454697ea52e9e220,0x2e6db667d34d01662a238fa71f89bc6bb4e049b68cbf6ebecdbfa2079fd13962
270,204.799,0.2184181335,0xe47a86cbe958ecc5e53a1e9373f3de4debf85e51,2017-10-23T21:41:53.000Z,0.0010665,0xf5ec24e64d83f92c0bfe091bbb114ac626ba479a,buy,0x226bb599a12c826476e3a771454697ea52e9e220,0xb3d562c8352a17f1e874494aa283dace0e7cdf58dd825b8cad9dc48b9d9c0dbd
271,6,0.006402,0xe47a86cbe958ecc5e53a1e9373f3de4debf85e51,2017-10-23T21:41:53.000Z,0.001067,0x090f2609d2a71e5648fd029bc2b99e5238273751,buy,0x226bb599a12c826476e3a771454697ea52e9e220,0xa43d5d5862d941191b4e55d5aabeb58f335f24f5d676d4534ddc0f3fddd9e9ef
272,173.71,0.185279086,0xe47a86cbe958ecc5e53a1e9373f3de4debf85e51,2017-10-23T21:41:53.000Z,0.0010666,0x10f920ffad95f53168af567ecd635a6dd03a8b43,buy,0x226bb599a12c826476e3a771454697ea52e9e220,0x4ade3e386a0923e2d88270bb628ef2acaf7369897946e466d5ce6b47daacfd56
273,5000,5.335,0xe47a86cbe958ecc5e53a1e9373f3de4debf85e51,2017-10-23T21:41:53.000Z,0.001067,0xddb3f5644c29e8b02200d19d4af3faab5243b1e9,buy,0x226bb599a12c826476e3a771454697ea52e9e220,0x8c041525b743c6703a97192feb7c08ea2b178131bb977391d57b8a4bf3292441
274,1084,1.156084916,0xe47a86cbe958ecc5e53a1e9373f3de4debf85e51,2017-10-23T21:41:10.000Z,0.001066499,0x1a3d06df3d3dc35e4fc154a10a108f8379721fae,buy,0x226bb599a12c826476e3a771454697ea52e9e220,0x19460f499e33052580d1be1172654004649e12b8e9af21b77d2463d43189ac34
275,204.799,0.2184181335,0x624091038337315d1984c3e2f01e3297818adf8f,2017-10-23T21:21:09.000Z,0.0010665,0xd3c7d671e67549e54ff47ec38d3d78fb88b89b3a,sell,0x226bb599a12c826476e3a771454697ea52e9e220,0x007bc70289269dc2f9f138b1cf0a497e3da10ac6acf311dc857b39bec2ba2b27
276,173.71,0.185279086,0x624091038337315d1984c3e2f01e3297818adf8f,2017-10-23T21:20:54.000Z,0.0010666,0xd3c7d671e67549e54ff47ec38d3d78fb88b89b3a,sell,0x226bb599a12c826476e3a771454697ea52e9e220,0xbb96f275d2d3000a180023ea9e99fc88416b3e21af550cf1ea3f0122a8228d7c
277,1030,1.09901,0xf42ebe793eeefc86a97ad0692bb0fa762a7d2f56,2017-10-23T20:32:29.000Z,0.001067,0xddb3f5644c29e8b02200d19d4af3faab5243b1e9,sell,0x226bb599a12c826476e3a771454697ea52e9e220,0x9e4f84cd91ea0e27d63b58ca2a7f68873c1f0f1e31dea2da1910ba25c6c08550
278,937.09500548,0.9994108862494145,0x624091038337315d1984c3e2f01e3297818adf8f,2017-10-23T20:27:27.000Z,0.001066499,0x1a3d06df3d3dc35e4fc154a10a108f8379721fae,sell,0x226bb599a12c826476e3a771454697ea52e9e220,0xe60244057e25f2db0d05507d92f38cd2d4a1d1e31c398a5c3d1ccaabee3c7225
279,98,0.104516902,0xa28be81f7236f93af905ed9ec6684d629391233c,2017-10-23T20:19:51.000Z,0.001066499,0x1a3d06df3d3dc35e4fc154a10a108f8379721fae,buy,0x226bb599a12c826476e3a771454697ea52e9e220,0x064f5bd31c9fd7525d0ad72719c09acb8335e7d89e44095d48e7d5963da0aa26
280,471,0.513389058,0x36513e2ee2751d2b679479424f0e9eb48695bfde,2017-10-23T14:29:14.000Z,0.001089998,0x1a3d06df3d3dc35e4fc154a10a108f8379721fae,buy,0x226bb599a12c826476e3a771454697ea52e9e220,0x3904f51e3adb48cf131d157f195838a28d9caf9655aadb9503b85c2d4745c8c7
281,5000,4.99,0xe47a86cbe958ecc5e53a1e9373f3de4debf85e51,2017-10-23T14:02:48.000Z,0.000998,0xddb3f5644c29e8b02200d19d4af3faab5243b1e9,buy,0x226bb599a12c826476e3a771454697ea52e9e220,0xe0af2cb12a079f3c687c23cb878132d63c8686f3668f353057013efe55b8e1d9
282,198.714,0.17862004032,0x91ab10dba1a8338277aae1b723b739eefb7ea202,2017-10-23T12:58:49.000Z,0.00089888,0xd35cc4db1066b87373c5b83f2a033b4aabb8a1f2,buy,0x226bb599a12c826476e3a771454697ea52e9e220,0x4a7ea9be22a0cd2149a8b07282709c30c92ad7cc31fdd127b96d577675310b32
283,340.8433855,0.2931263340601565,0x91ab10dba1a8338277aae1b723b739eefb7ea202,2017-10-23T11:12:07.000Z,0.000860003,0x22c9568f8a6a0d19ac680ce79f0abad7e99af7b8,sell,0x226bb599a12c826476e3a771454697ea52e9e220,0xa325bce75dd6f6eff10ae962619c4f412e507d95b462fa796c9a714e83ee786b
284,1000,0.871,0xfbf7dc0756a9768d0c71aea5f8421f3b1eaee7d1,2017-10-23T11:10:41.000Z,0.000871,0x22c9568f8a6a0d19ac680ce79f0abad7e99af7b8,sell,0x226bb599a12c826476e3a771454697ea52e9e220,0xbc64b83c28f95da261ffe93598e1dcbb02222a4c3efeb082fbf225887d0d19b4
285,500,0.435,0xe8d354e910a3b9836f99ff22f16ff87cd7bef396,2017-10-23T11:10:41.000Z,0.00087,0x22c9568f8a6a0d19ac680ce79f0abad7e99af7b8,sell,0x226bb599a12c826476e3a771454697ea52e9e220,0xef7e876322955f6a6f3823b23dcc8fb946a5382b6b00ec833cd5b2181e4a40c3
286,1500,1.3065015,0x91ab10dba1a8338277aae1b723b739eefb7ea202,2017-10-23T11:10:36.000Z,0.000871001,0x22c9568f8a6a0d19ac680ce79f0abad7e99af7b8,sell,0x226bb599a12c826476e3a771454697ea52e9e220,0xebac5abf0993452ec51e13a2f9601f221d65d43c860cd4b291dce2a2a12e868f
287,2,0.00199998,0xb09ff029290a7a5aecb1b08cf61f50e5c1476262,2017-10-23T10:47:14.000Z,0.00099999,0xd35cc4db1066b87373c5b83f2a033b4aabb8a1f2,buy,0x226bb599a12c826476e3a771454697ea52e9e220,0xe7d5602d9fc9faa648e7560f50809a17a7d5da988f9d2619c4db5490e8e531a7
288,198.17352425,0.1882648480375,0xb09ff029290a7a5aecb1b08cf61f50e5c1476262,2017-10-23T10:35:50.000Z,0.00095,0xe2eabfc1e89a462bbd2ba188cd8a9591a9a0d04e,sell,0x226bb599a12c826476e3a771454697ea52e9e220,0xcf309f842949b4a238a34e10f054e156ec30ca3b35c4d1e934a544529103b8fe
289,0.01400447,0.0000133042465,0xb09ff029290a7a5aecb1b08cf61f50e5c1476262,2017-10-23T10:31:24.000Z,0.00095,0xe2eabfc1e89a462bbd2ba188cd8a9591a9a0d04e,sell,0x226bb599a12c826476e3a771454697ea52e9e220,0x9c258985dde7d2da67c2eff71cba756dbb2d5262a39e5ef893a701227e0cf8c9
290,4862,4.86190276,0xe47a86cbe958ecc5e53a1e9373f3de4debf85e51,2017-10-23T09:48:49.000Z,0.00099998,0xddb3f5644c29e8b02200d19d4af3faab5243b1e9,buy,0x226bb599a12c826476e3a771454697ea52e9e220,0xb9ece517d4b7e3e847676e5b0af95b88e312422dcf0f4742e91b20f26c103828
291,1830.601,1.828770399,0xe47a86cbe958ecc5e53a1e9373f3de4debf85e51,2017-10-23T09:47:22.000Z,0.000999,0x9ebce71785facafc68c7a38bb92d77ba6e6e6602,buy,0x226bb599a12c826476e3a771454697ea52e9e220,0x7ad696c5aceee3be155c96409e47fb470a9ab89d9750fe25c785ecaace4afcd3
292,0.00003933,0.000000039293436454,0xe47a86cbe958ecc5e53a1e9373f3de4debf85e51,2017-10-23T09:12:07.000Z,0.000999070339537249,0x9ebce71785facafc68c7a38bb92d77ba6e6e6602,buy,0x226bb599a12c826476e3a771454697ea52e9e220,0x99a0537e8ee4d9d3b661a32a25e31885d7b7272ab1696f23bc8779f9e8821b7b
293,0.394547,0.000394152461070967,0xe47a86cbe958ecc5e53a1e9373f3de4debf85e51,2017-10-23T09:07:17.000Z,0.0009990000204562878,0x9ebce71785facafc68c7a38bb92d77ba6e6e6602,buy,0x226bb599a12c826476e3a771454697ea52e9e220,0x6f4392de77cd4fc0f2418fd19bcc7c1305833d16d3f1a0af4dda3c112c9b4215
294,1.00001,0.001,0x4a57d0208164a1c1c63c75395dc444428a07b50a,2017-10-23T06:23:25.000Z,0.000999990000099999,0xd35cc4db1066b87373c5b83f2a033b4aabb8a1f2,buy,0x226bb599a12c826476e3a771454697ea52e9e220,0x94d65452e1a85be144245afa47bfb667e063648f439712f15020daa638cd931f
295,0.90909917,0.001,0x4a57d0208164a1c1c63c75395dc444428a07b50a,2017-10-23T05:41:56.000Z,0.00109999000439083,0x8082308babb78607d6963b1174ae403e9587f440,buy,0x226bb599a12c826476e3a771454697ea52e9e220,0x544bd50736c138ee8d1b999aef729c6525966104bda8e84ba50e9d3b2c0301af
296,152.52716578,0.135764430260778,0x89640b1f75bf7c5f33b5f581f659b7869b9cfd69,2017-10-23T05:07:13.000Z,0.0008901,0xf84899cfe0cebc5bca951cb878314f9f0c35d675,sell,0x226bb599a12c826476e3a771454697ea52e9e220,0xf742055ac8d4a2681b34065f6ae29c052e4d85fca56d7d706f9b8bd6d5d9fb3e
297,0.99690958,0.000887349217158,0x89640b1f75bf7c5f33b5f581f659b7869b9cfd69,2017-10-23T04:00:27.000Z,0.0008901,0x7d053385a05276eedcaf706325ae34ae544741a6,sell,0x226bb599a12c826476e3a771454697ea52e9e220,0x2ee711f536d1e1d3a1263c7ac29800b528e7551d51101f4d40fad5b91fe7a7f6
298,88,0.08799824,0xf73b818a719f3e2b9d90db5eb16e9e714d3f7d97,2017-10-23T02:54:04.000Z,0.00099998,0xddb3f5644c29e8b02200d19d4af3faab5243b1e9,buy,0x226bb599a12c826476e3a771454697ea52e9e220,0x308e5da33352571e9d11c7032d62aceb4c951b5265663592ae4a2d34b87089c7
299,50,0.049999,0x88bfe9b06cf22a31d6bf7b93de3a0760422cf17f,2017-10-23T02:53:45.000Z,0.00099998,0xddb3f5644c29e8b02200d19d4af3faab5243b1e9,buy,0x226bb599a12c826476e3a771454697ea52e9e220,0x7c4143de52c28826517a674dda8f56f2e09578cad2c6b964da3d5396e97c5865
300,49,0.04899951,0x9dbf4ed3a980f9b68648fc65b265f1a2c0f32018,2017-10-23T00:05:57.000Z,0.00099999,0xd35cc4db1066b87373c5b83f2a033b4aabb8a1f2,buy,0x226bb599a12c826476e3a771454697ea52e9e220,0xed92f619fe17a92b49ba1c277774062a54f91cc7fd1e4ed3c3ca0998238d2881
301,550,0.5499945,0x4ce68f6c36c57498ac73295f9a4a2a3c410aebfd,2017-10-22T21:17:21.000Z,0.00099999,0xd35cc4db1066b87373c5b83f2a033b4aabb8a1f2,buy,0x226bb599a12c826476e3a771454697ea52e9e220,0x6619ca0a187c3d4fac01fb9b5586c3ce2c42e0fc2894f6e6b8108ba7a2111cd2
302,300,0.299997,0x25aa82ff554f0e1bc3545c617c22f59d987ceedd,2017-10-22T20:32:08.000Z,0.00099999,0xd35cc4db1066b87373c5b83f2a033b4aabb8a1f2,buy,0x226bb599a12c826476e3a771454697ea52e9e220,0xdd22f145de385aabe0284971558db5494a947b9f321d9b88c2a06425b41c99f0
303,25,0.02205,0x91ab10dba1a8338277aae1b723b739eefb7ea202,2017-10-22T20:16:08.000Z,0.000882,0x56a28d74ea10a9591b6ec602fb37f6aae05aea4a,buy,0x226bb599a12c826476e3a771454697ea52e9e220,0xfa950c549b83662c915bee4f000940a3c9bc6985a24703db93dc27265fb2e16d
304,14.022,0.012367404,0x8988156d003068f226aff6d4abaf8fc880a84c47,2017-10-22T19:53:24.000Z,0.000882,0x40039054689b6f6714a1a0c9da7f8330f1b25c0c,buy,0x226bb599a12c826476e3a771454697ea52e9e220,0xf9843b1426fa319a4707e39de69ddf3bc0f76e79c86b3df40856ec15c0263142
305,999,1.187698113,0xd3c7d671e67549e54ff47ec38d3d78fb88b89b3a,2017-10-22T18:48:38.000Z,0.001188887,0x91ab10dba1a8338277aae1b723b739eefb7ea202,buy,0x226bb599a12c826476e3a771454697ea52e9e220,0xc9126b77d298b0c0f4c0d1696f4680dcd8be691a3ac74ac86aefb43f055f99ed
306,1379.96859733,1.2143723656504,0x8619b431c8f9c530a21062e9b74d4c935722fe58,2017-10-22T18:47:16.000Z,0.00088,0x123e084fc361a878aef966df784f6b3774084028,sell,0x226bb599a12c826476e3a771454697ea52e9e220,0xcd4aa28d928114fa225f51b383ae3f6aedafbf737a2398ab480b7b197a9d2cf0
307,178.5,0.157274208,0xd35cc4db1066b87373c5b83f2a033b4aabb8a1f2,2017-10-22T18:46:19.000Z,0.000881088,0x123e084fc361a878aef966df784f6b3774084028,sell,0x226bb599a12c826476e3a771454697ea52e9e220,0x60002ea07b8bd93d56000babcf4fe79adaee441339ac0153f6b6b65440403fdd
308,700,0.6181,0xd35cc4db1066b87373c5b83f2a033b4aabb8a1f2,2017-10-22T18:46:19.000Z,0.000883,0x123e084fc361a878aef966df784f6b3774084028,sell,0x226bb599a12c826476e3a771454697ea52e9e220,0x3fb0936040726204b26fc410de1c5fd607cd4e1b5eef15fea0e4c56e6ea851b5
309,1,0.001188887,0xe1fa699860444be91d366c21de8fef56e3dec77a,2017-10-22T18:20:15.000Z,0.001188887,0x91ab10dba1a8338277aae1b723b739eefb7ea202,buy,0x226bb599a12c826476e3a771454697ea52e9e220,0xa14759a82ea7b26b64a2869c728c3c8e294a197dfeceeaac9a80064eed57f8c9
310,99.285,0.11803874508,0x9dbf4ed3a980f9b68648fc65b265f1a2c0f32018,2017-10-22T17:42:46.000Z,0.001188888,0xd35cc4db1066b87373c5b83f2a033b4aabb8a1f2,buy,0x226bb599a12c826476e3a771454697ea52e9e220,0x4fab51c9707932a312cf5fb35ba14105b4130db6b89a92f875bc6adbeace006f
311,598,0.71162,0x2aff3281ba1c2f5b0fc7ef3583002ef2d62d173e,2017-10-22T17:15:23.000Z,0.00119,0xddb3f5644c29e8b02200d19d4af3faab5243b1e9,sell,0x226bb599a12c826476e3a771454697ea52e9e220,0x5f54c8c2db164b92fa03ee83a19f4f489da7d48bdf8acab42fd4e6a0b7fda56d
312,13.05976951,0.015541125721594159,0x64200c8f4b0ae1f002fcfe6c466ff73c3b71967c,2017-10-22T16:37:35.000Z,0.0011900000003594365,0xc87182f6ddca9d4a898f111059d3f3ef8e709e0e,buy,0x226bb599a12c826476e3a771454697ea52e9e220,0xa228d57b2eb853bab14a4a504742bde12035bd43f9605f167b7e1b57c1e55739
313,321.5,0.283269792,0xd35cc4db1066b87373c5b83f2a033b4aabb8a1f2,2017-10-22T16:15:27.000Z,0.000881088,0x70c7c7c51974fba2dfde14a861b572f2a73e77a9,sell,0x226bb599a12c826476e3a771454697ea52e9e220,0x8872ebf541c90043957ea99a1baf7db99a4c278f6723492163e591d2a75401ba
314,1000,0.96,0xd7f7f6409bb576c38d8bbfef95d4359f788a7c08,2017-10-22T15:31:44.000Z,0.00096,0xddb3f5644c29e8b02200d19d4af3faab5243b1e9,sell,0x226bb599a12c826476e3a771454697ea52e9e220,0xfcbb2ec5173d3baf98bd643034b84b1632e8d22898711fbb7678d3bc68325079
315,502.03369554,0.4422921878044355,0x91ab10dba1a8338277aae1b723b739eefb7ea202,2017-10-22T15:24:18.000Z,0.000881001,0x3f2076bb9c3d3e735ec4368bbd57096101eb081e,sell,0x226bb599a12c826476e3a771454697ea52e9e220,0xd783f14615dda437a09a03308541ddebd02ac3e5c53eb0412bf7a9ac8e8919ed
316,843.08060638,0.7427548573013864,0x91ab10dba1a8338277aae1b723b739eefb7ea202,2017-10-22T15:20:20.000Z,0.000881001,0x3e396820abd9b326685744f214c2bd16143187cb,sell,0x226bb599a12c826476e3a771454697ea52e9e220,0x21524cf68da1c362e553e579fd1e08d90b55c95d3d23e365ebcc0bc894b1d1ef
317,170,0.17204,0xfbb764b2f87314706851ae83ef03214c7db06e51,2017-10-22T15:01:07.000Z,0.001012,0x40039054689b6f6714a1a0c9da7f8330f1b25c0c,sell,0x226bb599a12c826476e3a771454697ea52e9e220,0x90a7693696966e907040ec8421f79c2d3687cda2b1b4f4f300dedd5e5a9bdf6d
318,32.287,0.032287,0xd3c7d671e67549e54ff47ec38d3d78fb88b89b3a,2017-10-22T12:33:26.000Z,0.001,0xdde2dd78aa09329914127ef65878a37f9e526ddf,buy,0x226bb599a12c826476e3a771454697ea52e9e220,0x99fb64523a29cf54b2ec5d079cccbc0154c9cac6352a9cc9fa6b239909bb4b9c
319,617,0.75891,0xd3c7d671e67549e54ff47ec38d3d78fb88b89b3a,2017-10-22T12:22:15.000Z,0.00123,0xfbf7dc0756a9768d0c71aea5f8421f3b1eaee7d1,buy,0x226bb599a12c826476e3a771454697ea52e9e220,0xca237bd1cb9375b5ee7632d43337940dfce48cd57cf2669a3e2e8410292e591e
320,70,0.0861,0xdf46ad6ac2c2a3df1577b255292b7a1a52572cef,2017-10-22T11:57:49.000Z,0.00123,0xfbf7dc0756a9768d0c71aea5f8421f3b1eaee7d1,buy,0x226bb599a12c826476e3a771454697ea52e9e220,0xb744977605e027d3e09a6f789670ed63a3a81eff4478e9ae09c05194e28ae50a
321,19.9381916,0.016349317112,0xb26be4d9ce4f9df16fd116fa2dff101228a48bd9,2017-10-22T06:28:24.000Z,0.00082,0x4c725e97432c5d571000d778b641f57c8105d1b1,sell,0x226bb599a12c826476e3a771454697ea52e9e220,0x666d82a75171600ea5db863c9be1276fe19f504442b5096d95863e6ae7dd84ba
322,42,0.041958,0x985974b63d263333aff783b3a03e3f5360022f85,2017-10-22T06:07:41.000Z,0.000999,0xfbf7dc0756a9768d0c71aea5f8421f3b1eaee7d1,buy,0x226bb599a12c826476e3a771454697ea52e9e220,0xbafb958193c1e5786966609a3d764e726e6bf897e2da658cacb71672d4c72d2a
323,48.60990988,0.0485612999709244,0x985974b63d263333aff783b3a03e3f5360022f85,2017-10-22T05:58:50.000Z,0.000999000000016548,0xfbf7dc0756a9768d0c71aea5f8421f3b1eaee7d1,buy,0x226bb599a12c826476e3a771454697ea52e9e220,0x89eb829e4c0395e3ad189e84615597e89756846afc086d5988530da03ffb6346
324,126,0.125874,0x985974b63d263333aff783b3a03e3f5360022f85,2017-10-22T05:28:55.000Z,0.000999,0xfbf7dc0756a9768d0c71aea5f8421f3b1eaee7d1,buy,0x226bb599a12c826476e3a771454697ea52e9e220,0x04f3f05d2f0495bacb12bfba4709a59cd6ea08b01627b27f3cdf4dd751d7a167
325,100,0.0999,0x985974b63d263333aff783b3a03e3f5360022f85,2017-10-22T05:06:03.000Z,0.000999,0xfbf7dc0756a9768d0c71aea5f8421f3b1eaee7d1,buy,0x226bb599a12c826476e3a771454697ea52e9e220,0x604fd816cb65b5278e18333b2f8f3472792b55b11aafb974c67ce2b1d24722b5
326,0.00000835,0.000000008342651286,0x985974b63d263333aff783b3a03e3f5360022f85,2017-10-22T03:35:33.000Z,0.000999119914491018,0xfbf7dc0756a9768d0c71aea5f8421f3b1eaee7d1,buy,0x226bb599a12c826476e3a771454697ea52e9e220,0x14e3f7355ea69ff3767b53e6d4c0546bd74c656cc5cd8789a9833f69400b19e5
327,1000,0.82,0xfbf7dc0756a9768d0c71aea5f8421f3b1eaee7d1,2017-10-22T02:34:11.000Z,0.00082,0x56a28d74ea10a9591b6ec602fb37f6aae05aea4a,sell,0x226bb599a12c826476e3a771454697ea52e9e220,0x72ac827e2dd8a40f7fcbf51aa36631cb32e849d4f14d41ef3521536c3368b085
328,107,0.0963,0xdd84b1707c467643a87171d62828da71f725b848,2017-10-22T02:34:11.000Z,0.0009,0x56a28d74ea10a9591b6ec602fb37f6aae05aea4a,sell,0x226bb599a12c826476e3a771454697ea52e9e220,0x4c328ef73fe35c987086a2f1932ce519fdd70542496f482be1b1419cfb820d47
329,552.33258269,0.5523325826903187,0x28a65ff3ee1109e0c07a3adee9c356ae7b097fa3,2017-10-22T02:23:19.000Z,0.001000000000000577,0xdde2dd78aa09329914127ef65878a37f9e526ddf,buy,0x226bb599a12c826476e3a771454697ea52e9e220,0x369e92ad0e3763793dbcbf1441d4530abd85da6b0306afadcb5789338263da33
330,3520,3.52,0x51e979f36b33883ee6b119296e28b73d294db028,2017-10-22T01:35:47.000Z,0.001,0xdde2dd78aa09329914127ef65878a37f9e526ddf,buy,0x226bb599a12c826476e3a771454697ea52e9e220,0xccba6f695e6493e19dc71ffa9c559e6153d7488b1dbd49571032b6f9777a7f02
331,2000,2,0x51e979f36b33883ee6b119296e28b73d294db028,2017-10-22T01:33:24.000Z,0.001,0xdde2dd78aa09329914127ef65878a37f9e526ddf,buy,0x226bb599a12c826476e3a771454697ea52e9e220,0x6636be7dca468eb06976c0763e22f5417be0309f3c9bc8a650ab5b01e32429e9
332,280,0.28,0x0f318d2b02d9bb1ec0117d6dacbc3ddea9571c9a,2017-10-22T01:28:39.000Z,0.001,0xdde2dd78aa09329914127ef65878a37f9e526ddf,buy,0x226bb599a12c826476e3a771454697ea52e9e220,0xe7cefe85cc73b6fa62cd5b8cc4b1b707f89dc269f7f7d328cb53d45bc5b0be57
333,1995.81497557,1.9938191606021334,0xa4b385ab07bc038dbe76bc115bc59555db00d099,2017-10-22T01:26:50.000Z,0.0009990000000038599,0xfbf7dc0756a9768d0c71aea5f8421f3b1eaee7d1,buy,0x226bb599a12c826476e3a771454697ea52e9e220,0x2213103b55c423dcc893d3312bcd2ead43ab5018d2ad761e96bb2892f5a0376a
334,0.08368513,0.000083685135036155,0x985974b63d263333aff783b3a03e3f5360022f85,2017-10-22T00:32:22.000Z,0.0010000000601798073,0xdde2dd78aa09329914127ef65878a37f9e526ddf,buy,0x226bb599a12c826476e3a771454697ea52e9e220,0x673e0399372e0a5593bd3969182c94afeb2b34e132aed2570776f81e10a2e580
335,341.0176265,0.34101762650384226,0xe655000fcc1d9692488dcde817db0d1fc7a6d825,2017-10-21T23:45:39.000Z,0.001000000000011267,0xdde2dd78aa09329914127ef65878a37f9e526ddf,buy,0x226bb599a12c826476e3a771454697ea52e9e220,0x0e1ee54aef4f1595d433fd506b73523172c2a8ab8dd6e616da9d796ec8bec028
336,605.51584255,0.7478114600419122,0xe655000fcc1d9692488dcde817db0d1fc7a6d825,2017-10-21T23:04:10.000Z,0.0012349990000140455,0x91ab10dba1a8338277aae1b723b739eefb7ea202,buy,0x226bb599a12c826476e3a771454697ea52e9e220,0xad5634e534008c7bd82141d3aefd61ea908afbdad8efedd72545a60d5f32203a
337,1054.27376804,1.2967556804212224,0xe655000fcc1d9692488dcde817db0d1fc7a6d825,2017-10-21T22:55:04.000Z,0.0012299990000054924,0x91ab10dba1a8338277aae1b723b739eefb7ea202,buy,0x226bb599a12c826476e3a771454697ea52e9e220,0xf070576ebc968469cb134db313b9422c23b10b736517756d68000d4b44528543
338,732,0.900351948,0xe655000fcc1d9692488dcde817db0d1fc7a6d825,2017-10-21T22:32:12.000Z,0.001229989,0x951571ecb267b433469ef2c50f4c7b74b1d631f7,buy,0x226bb599a12c826476e3a771454697ea52e9e220,0x4a6c0964155fe08ce276c04b4fa6508b6757a35116c4fc7ceff1ea4d1b3d82a6
339,232,0.28535768,0xe655000fcc1d9692488dcde817db0d1fc7a6d825,2017-10-21T22:32:12.000Z,0.00122999,0xad5b3fbc469313e21efe4117627a658424091b0a,buy,0x226bb599a12c826476e3a771454697ea52e9e220,0x143c7c1e89f448269e6e25031de8dd3865469a893f97ffff0abc2df4f64a422d
340,122,0.1281,0xe655000fcc1d9692488dcde817db0d1fc7a6d825,2017-10-21T22:31:50.000Z,0.00105,0x3dee4a4e076e8d82859d241db0baf46f112cfa23,buy,0x226bb599a12c826476e3a771454697ea52e9e220,0x1049aeaa460bd55d257a513e826d498e2b6611f538aa0b136b92275b41de1039
341,7.25747094,0.0062414250084,0xe655000fcc1d9692488dcde817db0d1fc7a6d825,2017-10-21T21:31:02.000Z,0.00086,0x488049319c07a4a5f11151adbe786771d9f74770,sell,0x226bb599a12c826476e3a771454697ea52e9e220,0x3d95c9790d5281073de2ff6bb0f44ff18c0353cb05d5b1b3ec66b781f9c17405
342,250,0.21433,0xe655000fcc1d9692488dcde817db0d1fc7a6d825,2017-10-21T21:26:01.000Z,0.00085732,0x989d715fef5c3c6c6371d31360ce0c9929e2b371,buy,0x226bb599a12c826476e3a771454697ea52e9e220,0x3cf5f41fe7f5a23c6f8dc95af49e414d257d3c38d22ce4d33ff08c99470717f5
343,219,0.18775308,0xd3c7d671e67549e54ff47ec38d3d78fb88b89b3a,2017-10-21T21:09:47.000Z,0.00085732,0x989d715fef5c3c6c6371d31360ce0c9929e2b371,buy,0x226bb599a12c826476e3a771454697ea52e9e220,0x1e38f6775c42ed3ef93ae64d3e23a1d08520477d53b82ce21b4928f9c0fde27b
344,1999.999866,2.37999984054,0xb679f03cc85b95ccfe5a6eee617b201ae1a28f04,2017-10-21T17:55:09.000Z,0.00119,0xc21131afe1d5a4c3e236b3274974383cc4843975,buy,0x226bb599a12c826476e3a771454697ea52e9e220,0x2bf6f8db58e08bc25110770e2360e40f8c48d73968016b81b1c8ec16a87d49e6
345,2293.527,2.70636186,0x95a95cdc4f948d40caf9fe827ac8402772616fb3,2017-10-21T17:18:09.000Z,0.00118,0xc21131afe1d5a4c3e236b3274974383cc4843975,buy,0x226bb599a12c826476e3a771454697ea52e9e220,0x4ec688b16d5610c0af954b89e0708336169851fd5098b9b940ade62ce1f95f15
346,0.06,0.0000492,0xcb3833a6a1dab47376c94ee9ca15bded513ca883,2017-10-21T16:47:31.000Z,0.00082,0x9abc6158bc80830c3ca4fb55ad815b52065154d4,sell,0x226bb599a12c826476e3a771454697ea52e9e220,0x960683b584b642b27164c21b6bf45e0f3d66b1a719f768e9c39be3a653361e44
347,152.729,0.12523778,0xcb3833a6a1dab47376c94ee9ca15bded513ca883,2017-10-21T16:39:00.000Z,0.00082,0x9abc6158bc80830c3ca4fb55ad815b52065154d4,sell,0x226bb599a12c826476e3a771454697ea52e9e220,0x996d2e26a1822a68a15c696b358e3dc66a87806a9a90641edd28a05c698a71bc
348,500,0.639995,0xa4b385ab07bc038dbe76bc115bc59555db00d099,2017-10-21T13:01:36.000Z,0.00127999,0x951571ecb267b433469ef2c50f4c7b74b1d631f7,buy,0x226bb599a12c826476e3a771454697ea52e9e220,0x8bbbb1a3dc69a3e7fdeb835788e7f1adecdeea4e8795a82a10c9c60e129f62f0
349,2800,2.38,0xad20c809d837af4de1b52c179e9d217d52eb1725,2017-10-21T12:35:07.000Z,0.00085,0xddb3f5644c29e8b02200d19d4af3faab5243b1e9,sell,0x226bb599a12c826476e3a771454697ea52e9e220,0x6a14f257c02b788d720743bf7fa431288bc5594562062ff19b1e2f28a2c72f6c
350,510,0.43350051,0x21d542b6403c2d4406494bdac9db0cbedcbe91da,2017-10-21T12:35:07.000Z,0.000850001,0xddb3f5644c29e8b02200d19d4af3faab5243b1e9,sell,0x226bb599a12c826476e3a771454697ea52e9e220,0xa204e5cd4b9faa461612221378309531154c0a212cc73cb844eaf41bf7541ac1
351,0.04,0.00005333332,0xb960e32c5dba46b1b208b78f06c5dc01668a8af3,2017-10-21T09:13:18.000Z,0.001333333,0x5a4cfcf96fc479f6d053c2387fd07ea6365a84d4,buy,0x226bb599a12c826476e3a771454697ea52e9e220,0x185cd147cfb48dd4b54dc037281b07972bd4affe5ca7f762662de1984da71e30
352,170.30688665,0.13890314828617326,0x951571ecb267b433469ef2c50f4c7b74b1d631f7,2017-10-21T05:45:38.000Z,0.000815605,0x860cc66aaeaa70668e319c7a2812078d406ecf85,sell,0x226bb599a12c826476e3a771454697ea52e9e220,0x2b48b7d7085dd7c6fb1fd69ee01ccc080fe95216c04720293a701b468f8b6170
353,337.054,0.2749349478,0xa5c47c2500996a6aa03fa50a9550996d51c05813,2017-10-21T05:42:26.000Z,0.0008157,0x860cc66aaeaa70668e319c7a2812078d406ecf85,sell,0x226bb599a12c826476e3a771454697ea52e9e220,0x7a49800e82c37097c137f6b7b28db203396621a925095f900c193899de2e8db7
354,0.09745699,0.00007948640832895,0x951571ecb267b433469ef2c50f4c7b74b1d631f7,2017-10-21T03:41:29.000Z,0.000815605,0xa6a6a6b81160aa1fe99272323fb3299dec254e16,sell,0x226bb599a12c826476e3a771454697ea52e9e220,0xef5bf29b2910de4708265f0af9ea367a294a26c4454b71428502b465d959f7d9
355,0.00836953,0.00000682623051565,0x951571ecb267b433469ef2c50f4c7b74b1d631f7,2017-10-21T03:40:03.000Z,0.000815605,0xbab13219c8f50f2cc18dfaf6b90e11e9432848a7,sell,0x226bb599a12c826476e3a771454697ea52e9e220,0x88ce571422719948e3407c9f973940676af002ec3a9b30226058678bfcd7426e
356,83.95472036,0.0684738896992178,0x951571ecb267b433469ef2c50f4c7b74b1d631f7,2017-10-21T03:39:32.000Z,0.000815605,0xbab13219c8f50f2cc18dfaf6b90e11e9432848a7,sell,0x226bb599a12c826476e3a771454697ea52e9e220,0xd3e8631e19a91524925f0e9653d3ba26937eb92c34afea492398d3aeea6d3972
357,977.59099202,0.7973281010464721,0x951571ecb267b433469ef2c50f4c7b74b1d631f7,2017-10-21T03:39:32.000Z,0.000815605,0xa6a6a6b81160aa1fe99272323fb3299dec254e16,sell,0x226bb599a12c826476e3a771454697ea52e9e220,0xc6cd9b5a5d63e1167535adc8a8d52ed5a3931b816d70d413a403eae02560fd4d
358,613.34,0.50024378404,0x50f11b25483250bd8b13bf26595ad5bf3afa91d9,2017-10-21T03:37:54.000Z,0.000815606,0xbab13219c8f50f2cc18dfaf6b90e11e9432848a7,sell,0x226bb599a12c826476e3a771454697ea52e9e220,0x5f5e28b857e83a7dbdcf591cc082d81b63bbadefac557ad4bb2c92b2e56bfa40
359,535,0.465452675,0x4c1cf5314ab59c618808860735e0e8a54f159e22,2017-10-21T03:36:36.000Z,0.000870005,0xbab13219c8f50f2cc18dfaf6b90e11e9432848a7,sell,0x226bb599a12c826476e3a771454697ea52e9e220,0x40b330d527cfc2b7ba52ee2e20e66920b3789518301634c176579d070374c96c
360,122.08294443,0.099522016299336,0x3dee4a4e076e8d82859d241db0baf46f112cfa23,2017-10-20T17:44:52.000Z,0.0008152,0xd1477471869cf305ef2b6c6a936523e56fd2570d,sell,0x226bb599a12c826476e3a771454697ea52e9e220,0x8b5ad6730839dbc1e6652adaa3fe95ed934343780fea3403654965c2da1eb37b
361,200,0.174,0x445598750201119e8c0df5998d04ace8796c0ae7,2017-10-20T17:43:21.000Z,0.00087,0xd1477471869cf305ef2b6c6a936523e56fd2570d,sell,0x226bb599a12c826476e3a771454697ea52e9e220,0x024fd3f78916d25c41c08b5568f69f197b8fb0b161ec5cf97cbe29e3f58158f6
362,18.21555179,0.016393996611,0x4c1cf5314ab59c618808860735e0e8a54f159e22,2017-10-20T17:40:01.000Z,0.0009,0xd1477471869cf305ef2b6c6a936523e56fd2570d,sell,0x226bb599a12c826476e3a771454697ea52e9e220,0x09a819a02dd3f1937f4d800a56fec1128dda257196f62d2b638cee9fc062796f
363,248.48444821,0.223636003389,0x4c1cf5314ab59c618808860735e0e8a54f159e22,2017-10-20T17:04:29.000Z,0.0009,0xf18521dc5c211dc0ed6c85b034d4f46d456950bb,sell,0x226bb599a12c826476e3a771454697ea52e9e220,0xd0846fa17881466740e8aa7216ea20309587ef92b621a7e58f480bf157a8aad0
364,487,0.4383,0x07af7e740936a86cd6a1037dfa013f7df9858e4a,2017-10-20T17:01:14.000Z,0.0009,0xf18521dc5c211dc0ed6c85b034d4f46d456950bb,sell,0x226bb599a12c826476e3a771454697ea52e9e220,0x1e92db152ba91adbff31cc16463857480de0655228a12c11290e728585fd803d
365,1200,1.104,0x154bb30af84ad7825bb9f413b6b36b0c4c93c68c,2017-10-20T16:58:34.000Z,0.00092,0xf18521dc5c211dc0ed6c85b034d4f46d456950bb,sell,0x226bb599a12c826476e3a771454697ea52e9e220,0xdb61a0962e5195874cd4d23dbb569ea6b746c756c133b5eb51cf9823e58f53c4
366,1000,0.93,0x6b083c1fb7eeb463bd75d458c6e9877a508764ff,2017-10-20T16:56:29.000Z,0.00093,0xf18521dc5c211dc0ed6c85b034d4f46d456950bb,sell,0x226bb599a12c826476e3a771454697ea52e9e220,0x9b02c3ca43aff9896d652bfde5145f76fe79076532ad50de34b4b3d88540a98a
367,2.32,0.0018560232,0xf4c8afc7816444991714c27cf2d1f4af7c2a329a,2017-10-20T13:55:34.000Z,0.00080001,0x588c8b5e8fb2bf4984fb7029ff595eafba470f59,sell,0x226bb599a12c826476e3a771454697ea52e9e220,0x0102de05250e4edf7068a87ada8e4644cb833d1fc9bba63ab5a15bf17858f565
368,132,0.1188,0x21d542b6403c2d4406494bdac9db0cbedcbe91da,2017-10-20T13:54:43.000Z,0.0009,0x588c8b5e8fb2bf4984fb7029ff595eafba470f59,sell,0x226bb599a12c826476e3a771454697ea52e9e220,0x5715152cf61ad560ae0ba6dd259cae0db4b796051c842800286c6286212fa415
369,50,0.04750005,0xe146142131ba3daa2751d0346df4e381711c411b,2017-10-20T12:52:11.000Z,0.000950001,0x588c8b5e8fb2bf4984fb7029ff595eafba470f59,sell,0x226bb599a12c826476e3a771454697ea52e9e220,0xf7ba19f4b3bd7f858b80a681471d56b7e972e18683bfb2388569372eefada6e1
370,33.4518395,0.0318126993645,0x957c22c11dfa83629144e281ef066378d5bd0c23,2017-10-20T12:51:00.000Z,0.000951,0x588c8b5e8fb2bf4984fb7029ff595eafba470f59,sell,0x226bb599a12c826476e3a771454697ea52e9e220,0xe4a4c58294bef398994da361cb6dd60598dbf6cd5d38185eda5b5a0959dd58a0
371,4.57,0.0043415,0xbde166024b8e84042dd97dc292b130bf0cc715fa,2017-10-20T12:51:00.000Z,0.00095,0x588c8b5e8fb2bf4984fb7029ff595eafba470f59,sell,0x226bb599a12c826476e3a771454697ea52e9e220,0x1dbddade7d780442e8b5068f7802b511aaa24e6429151a62391cfa1f260525c7
372,146.72369837,0.1408547504352,0x21d542b6403c2d4406494bdac9db0cbedcbe91da,2017-10-20T08:45:37.000Z,0.00096,0xf81ab81ca1a6a19cc7b69b2c7876ff6543060598,sell,0x226bb599a12c826476e3a771454697ea52e9e220,0xb6431cba2eacb87a3032462c5aab14515f5dbbcb2ddb291ef320de2ba37a7ad0
373,572.194,0.54930624,0xfbf7dc0756a9768d0c71aea5f8421f3b1eaee7d1,2017-10-20T08:44:29.000Z,0.00096,0xf81ab81ca1a6a19cc7b69b2c7876ff6543060598,sell,0x226bb599a12c826476e3a771454697ea52e9e220,0x7bf27feb0ce42ffb98e0dc19482d0ea2c07bdb6e7f80a0936593ebd3fe77ba6c
374,8.5481605,0.0081293006355,0x957c22c11dfa83629144e281ef066378d5bd0c23,2017-10-20T08:41:14.000Z,0.000951,0x21d542b6403c2d4406494bdac9db0cbedcbe91da,sell,0x226bb599a12c826476e3a771454697ea52e9e220,0xb2abdf031b38c09acac5fb0eda534200f1c907b4a037c952a20e93babc30835f
375,891.23827332,0.8555887423872,0xfbf7dc0756a9768d0c71aea5f8421f3b1eaee7d1,2017-10-20T08:32:57.000Z,0.00096,0xf81ab81ca1a6a19cc7b69b2c7876ff6543060598,sell,0x226bb599a12c826476e3a771454697ea52e9e220,0xcead1cd3b73e76a8b0057800d55fd01b62bfd65ea49bdce650acd4dadc4a4066
376,536.5676129,0.515104908384,0xfbf7dc0756a9768d0c71aea5f8421f3b1eaee7d1,2017-10-20T08:19:08.000Z,0.00096,0x1f4adb990573d37d3fe26b75a97e505a33985f4f,sell,0x226bb599a12c826476e3a771454697ea52e9e220,0x36111e5128d09ab7abee10b912dc601f003d7cbce39b9768411134f21d8dfe63
377,300,0.285,0xbfe73ec4abc26f298ffc2d2f00fd65fc6f952821,2017-10-20T01:14:31.000Z,0.00095,0xf1959e3d1c4b372953cd590e1a2261386631362c,sell,0x226bb599a12c826476e3a771454697ea52e9e220,0x99e040d197be1dc1702149dbb83bc0380ac6cc778400f6d07164282fa8b88860
378,560,0.5320056,0xd22264eac18c6eab7fbfdd9a9789a6ef2909f93a,2017-10-20T01:14:02.000Z,0.00095001,0xf1959e3d1c4b372953cd590e1a2261386631362c,sell,0x226bb599a12c826476e3a771454697ea52e9e220,0xe1fe05500a95f18f31a5409e8dc8f646eba684f6b2c1bb04ece6c4d51b3a7cd5
379,212.15041914,0.3160801515302562,0x75b3718711be4fce7125ab8e4dd09b965f728c62,2017-10-19T23:01:11.000Z,0.0014898870000425125,0x28a65ff3ee1109e0c07a3adee9c356ae7b097fa3,buy,0x226bb599a12c826476e3a771454697ea52e9e220,0x7c300d23fc15a1e218f1515ba4532d72ad40c4b8bd37a1114af1a926726295d5
380,15,0.01425,0x0b62779775e36b2edd068fa62b15b5208c942d84,2017-10-19T21:28:02.000Z,0.00095,0x593521d58729e384cf8e7d9a77b53b8a8c13e859,buy,0x226bb599a12c826476e3a771454697ea52e9e220,0x89c368433849315134e047689afc7f52a72fed945a1ab2710ff53dd63a75150f
381,167.7,0.2498542176,0x0b62779775e36b2edd068fa62b15b5208c942d84,2017-10-19T21:25:14.000Z,0.001489888,0xad5b3fbc469313e21efe4117627a658424091b0a,buy,0x226bb599a12c826476e3a771454697ea52e9e220,0xbd795e66489d7c4e5e0126810be6d655d0582daa2f656e90aad273c6fa1588aa
382,9.29116452,0.008826606294656135,0x36513e2ee2751d2b679479424f0e9eb48695bfde,2017-10-19T19:05:06.000Z,0.0009500000000706193,0x593521d58729e384cf8e7d9a77b53b8a8c13e859,buy,0x226bb599a12c826476e3a771454697ea52e9e220,0xf9352e979f2ca317a17720936d9f5fe824b0c5f5c57b314753fc726ac8047a3f
