,amount,amountBase,buyer,date,price,seller,side,tokenAddr,txHash
0,72,0.079128,0x462cdf194d12c5168e804fe7d91e639fb3bed21d,2017-11-02T12:00:21.000Z,0.001099,0x1eaa18a0e964d346f2b5182be3f97d7aab5145b9,sell,0x3d1ba9be9f66b8ee101911bc36d3fb562eac2244,0x8a50fda878a96422633bd908384b8bd011a0f0fa50d987dde4fb8bba16e3deca
1,54.948987057054865,0.06044388576276035,0x001873abd9b26447a7a6ab2e41ddd6a8da3be08a,2017-11-02T11:31:47.000Z,0.0011,0x1eaa18a0e964d346f2b5182be3f97d7aab5145b9,sell,0x3d1ba9be9f66b8ee101911bc36d3fb562eac2244,0xc9201f64bd2e04f57c561a9241d5dc7145f7b2fbf5bd50f25543b7b2780762dc
2,0.0510129429451336,0.000056114237239646,0x001873abd9b26447a7a6ab2e41ddd6a8da3be08a,2017-11-02T10:57:12.000Z,0.001099999999999981,0xee004e564e2d0f6ead3613df41b7f69bb76a73e0,sell,0x3d1ba9be9f66b8ee101911bc36d3fb562eac2244,0x72369038d1d4e3a9908a5a00d3b6542a456834c560e06b3a96ed67ba4bffcc7b
3,511.7108306826352,0.5117108306826352,0x477f7eeae14c4f83ee938c16d29824a53ca1accd,2017-11-02T10:49:52.000Z,0.001,0xee004e564e2d0f6ead3613df41b7f69bb76a73e0,sell,0x3d1ba9be9f66b8ee101911bc36d3fb562eac2244,0x1ba7fba5cfcc8f7e1172d70f3c9812bdd28ca425840b0938bdc4e34692433b02
4,219.3777622702991,0.21981651779483968,0xc25157fb6bf6985ac75754b660451de8ad0b9c31,2017-11-02T10:46:55.000Z,0.001002,0xee004e564e2d0f6ead3613df41b7f69bb76a73e0,sell,0x3d1ba9be9f66b8ee101911bc36d3fb562eac2244,0x99565cd5037c7bb571e6095adcea8fd2d4de607313c8ac89c9ff9a389ab1f044
5,500,0.55,0x2990bea3e01a7f42dbbfd4b370ef50c53cbf0e42,2017-11-02T08:18:42.000Z,0.0011,0x8bb9792b782bf594d26c8d3241752929549fa429,buy,0x3d1ba9be9f66b8ee101911bc36d3fb562eac2244,0xda1df938c52d09decb003bd057b7f6e648c265d305540e02c8f2ecf7b67c61fe
6,2500,2.75,0x2b6a6a045e13576cb950b5568b30b42bf3314588,2017-11-02T07:26:59.000Z,0.0011,0x8bb9792b782bf594d26c8d3241752929549fa429,buy,0x3d1ba9be9f66b8ee101911bc36d3fb562eac2244,0x9de224c1a86f034d3052b5fd0a9cabbced3f08c8e4f2aec6ce12acd3c488bde3
7,775.6222377297009,0.7771734822051604,0xc25157fb6bf6985ac75754b660451de8ad0b9c31,2017-11-02T06:37:52.000Z,0.001002,0x805c5971a2d2aa84b663218014717c5db800276d,sell,0x3d1ba9be9f66b8ee101911bc36d3fb562eac2244,0x7e2ba74a45cc95267093adb7cceb3d5c19df7f2fbcfae73c26e5fdbabfa9a490
8,400,0.40404,0x9ba6f2851c8afe6be654fbd4c3dc7e9e64cffe53,2017-11-02T06:36:21.000Z,0.0010101,0x805c5971a2d2aa84b663218014717c5db800276d,sell,0x3d1ba9be9f66b8ee101911bc36d3fb562eac2244,0x22a3681ff9171c2cf6942bd2955dfc88b87cc294b3263a8e8f46158f0331ad88
9,1000,1.1,0x84c2f4eeedd911667eb1833ecd0bfa74c0c46b9a,2017-11-02T06:35:23.000Z,0.0011,0x8bb9792b782bf594d26c8d3241752929549fa429,buy,0x3d1ba9be9f66b8ee101911bc36d3fb562eac2244,0x2aeb1f0545a4367318ebb9fcd1cd548cf3a4f2934fc426685e787861e3d6ba14
10,980,0.9996,0xdcdb53e8e1123baa64a0b7d3da13e360ca843797,2017-11-02T06:34:55.000Z,0.00102,0x805c5971a2d2aa84b663218014717c5db800276d,sell,0x3d1ba9be9f66b8ee101911bc36d3fb562eac2244,0x1cea09e3f9cb7265eb1523450279899e4ade6be5171056a3f533b5bde4baf998
11,200,0.206,0x9ba6f2851c8afe6be654fbd4c3dc7e9e64cffe53,2017-11-02T06:34:53.000Z,0.00103,0x805c5971a2d2aa84b663218014717c5db800276d,sell,0x3d1ba9be9f66b8ee101911bc36d3fb562eac2244,0x2dbb8c35490587d08041f6b16dc019ead0e880406f79161bbc81a99174257a00
12,400,0.4128,0x9ba6f2851c8afe6be654fbd4c3dc7e9e64cffe53,2017-11-02T06:34:24.000Z,0.001032,0x805c5971a2d2aa84b663218014717c5db800276d,sell,0x3d1ba9be9f66b8ee101911bc36d3fb562eac2244,0x1c8a855f53ab381ab9cfddb4d02f54692e1f2b3c622eb1b06e3d492ad996dc62
13,900,0.99,0xc25157fb6bf6985ac75754b660451de8ad0b9c31,2017-11-02T05:59:38.000Z,0.0011,0x805c5971a2d2aa84b663218014717c5db800276d,sell,0x3d1ba9be9f66b8ee101911bc36d3fb562eac2244,0x5f66e259537f0ef3d973e7236080caa08cade029e94ae2a9029dba11665f372e
14,1172.0075252423244,1.289208277766557,0x0644c1a6d61e0994c73c86febdf64ec8432b1013,2017-11-02T05:20:11.000Z,0.0011,0x8bb9792b782bf594d26c8d3241752929549fa429,buy,0x3d1ba9be9f66b8ee101911bc36d3fb562eac2244,0x91c936f856e1b680dc3c7b92ed8dac2ee42f4453d9b77e012f79d09a88527639
15,1000,1.1,0xc4974402c2940657203e7cf6851559924dedca69,2017-11-02T05:05:41.000Z,0.0011,0x8bb9792b782bf594d26c8d3241752929549fa429,buy,0x3d1ba9be9f66b8ee101911bc36d3fb562eac2244,0x388c65e3546b7592a3371f2255eef5d52ad285edf2bc54b88f3e40c8dacf922d
16,102.44481136205037,0.1126892924982554,0xb8c4cc262547135160c2ab8270337082e4fec274,2017-11-02T04:12:35.000Z,0.0011,0x8bb9792b782bf594d26c8d3241752929549fa429,buy,0x3d1ba9be9f66b8ee101911bc36d3fb562eac2244,0x0050588009a3d169898cce7be1198b28413c6d0555f3a130ccef028084772d42
17,0.003478400489536172,0.000003485357290515,0x001873abd9b26447a7a6ab2e41ddd6a8da3be08a,2017-11-02T02:54:11.000Z,0.0010019999999999298,0x00505d0a66a0646c85095bbfd75f57c4e1c431ba,sell,0x3d1ba9be9f66b8ee101911bc36d3fb562eac2244,0x974c3870a34790f176af0b5ed7169174041297809db3604a5ffbc81a465497d3
18,34.89183531053733,0.03496161898115841,0x001873abd9b26447a7a6ab2e41ddd6a8da3be08a,2017-11-02T02:52:04.000Z,0.001002,0x00505d0a66a0646c85095bbfd75f57c4e1c431ba,sell,0x3d1ba9be9f66b8ee101911bc36d3fb562eac2244,0x25bb7452d61d7cfd1d140d828f31ee8750af0fb935412a1d9c376a5c2af07a5f
19,1,0.0011,0x477f7eeae14c4f83ee938c16d29824a53ca1accd,2017-11-02T02:14:13.000Z,0.0011,0x8bb9792b782bf594d26c8d3241752929549fa429,buy,0x3d1ba9be9f66b8ee101911bc36d3fb562eac2244,0xd0d070679a4b43b62f886498ea5d8c9d59301578a4bd7fe52f4e35befc1ed40a
20,486.34766339562515,0.5349824297351877,0x37b8817bddb22eca13f183e55eca8b3589ac30cd,2017-11-02T02:08:13.000Z,0.0011,0x8bb9792b782bf594d26c8d3241752929549fa429,buy,0x3d1ba9be9f66b8ee101911bc36d3fb562eac2244,0x0073318310ef40b408888c1dcaf1fb5cfcf418e83d2931557ff480f0ae0c273f
21,0.2981486133888147,0.000298744910615592,0x001873abd9b26447a7a6ab2e41ddd6a8da3be08a,2017-11-02T01:34:02.000Z,0.001001999999999999,0xee004e564e2d0f6ead3613df41b7f69bb76a73e0,sell,0x3d1ba9be9f66b8ee101911bc36d3fb562eac2244,0xe096815b9b1b6a9467dd5df53fc10e0d7545f9fc9f31b7d9866ee2078a23aae1
22,15.986442029707906,0.01601841491376732,0x001873abd9b26447a7a6ab2e41ddd6a8da3be08a,2017-11-02T01:00:43.000Z,0.001002,0xa54ffa43d11698bc300d924781518b71dd10f0a8,sell,0x3d1ba9be9f66b8ee101911bc36d3fb562eac2244,0xbd347833673297e3ace6a9d096e33d16bd30728c04470a8bcf58acd929cbea4e
23,2990.7287409032,2.993719469644103,0xbc0945c667fadc26b9bf39e586b15eeb901e7d1c,2017-11-02T00:31:13.000Z,0.001001,0xee004e564e2d0f6ead3613df41b7f69bb76a73e0,sell,0x3d1ba9be9f66b8ee101911bc36d3fb562eac2244,0x2d13eb54b138fd875b787dc5065b9263771055511ead49afeefa9241d9dbaa91
24,365.5335127770574,0.36593559964111216,0x28a65ff3ee1109e0c07a3adee9c356ae7b097fa3,2017-11-01T23:08:52.000Z,0.0010011,0xca040fbf1b10d5f3bc0b3370737b627e813e0f3d,sell,0x3d1ba9be9f66b8ee101911bc36d3fb562eac2244,0x66654abde2c5ecf645ccf720647cd608458589d52263e432934c2b4d1b53c237
25,724.1129616220131,0.8182476466328747,0x6d2f27149fbf6c559008e95ede61ff20f3e4b847,2017-11-01T21:56:42.000Z,0.00113,0x1eaa18a0e964d346f2b5182be3f97d7aab5145b9,buy,0x3d1ba9be9f66b8ee101911bc36d3fb562eac2244,0x69398351b3b270647601b5f769e01cf91866783a74af3b6763fcf82fc227f51d
26,721.940622737147,0.997,0x99bc37ffa8c3b9e6f4792abf009cc294b34947bc,2017-11-01T21:56:42.000Z,0.001381,0x6d2f27149fbf6c559008e95ede61ff20f3e4b847,sell,0x3d1ba9be9f66b8ee101911bc36d3fb562eac2244,0x69398351b3b270647601b5f769e01cf91866783a74af3b6763fcf82fc227f51d
27,731.426706253433,1.0101002813359912,0x99bc37ffa8c3b9e6f4792abf009cc294b34947bc,2017-11-01T21:55:36.000Z,0.001381,0xc9d56287b414e1aa0963016aa721b527f095fd9c,sell,0x3d1ba9be9f66b8ee101911bc36d3fb562eac2244,0xfe9c8f8844b1aff1a148705c1dc6dcc6b62620bf73ccbeac35c973b70397b5bd
28,733.6209863721934,0.8289917146005785,0xc9d56287b414e1aa0963016aa721b527f095fd9c,2017-11-01T21:55:36.000Z,0.00113,0x1eaa18a0e964d346f2b5182be3f97d7aab5145b9,buy,0x3d1ba9be9f66b8ee101911bc36d3fb562eac2244,0xfe9c8f8844b1aff1a148705c1dc6dcc6b62620bf73ccbeac35c973b70397b5bd
29,349,0.39437,0x37b8817bddb22eca13f183e55eca8b3589ac30cd,2017-11-01T21:53:41.000Z,0.00113,0x1eaa18a0e964d346f2b5182be3f97d7aab5145b9,buy,0x3d1ba9be9f66b8ee101911bc36d3fb562eac2244,0xd1edaaf57b96603c86f633fe00f973c6616000dd9bab23f79418cb047743c911
30,145.74667281738215,0.14589241949019954,0xbc0945c667fadc26b9bf39e586b15eeb901e7d1c,2017-11-01T21:47:47.000Z,0.001001,0xba91a364ccd677ac72c1fe9844579f6eeadf5526,sell,0x3d1ba9be9f66b8ee101911bc36d3fb562eac2244,0x51a0c21c502041ff0cbf90d29bcbe1abec4884f68d2dcdc97377840b55350bae
31,100,0.1028001,0x9ba6f2851c8afe6be654fbd4c3dc7e9e64cffe53,2017-11-01T21:43:48.000Z,0.001028001,0xba91a364ccd677ac72c1fe9844579f6eeadf5526,sell,0x3d1ba9be9f66b8ee101911bc36d3fb562eac2244,0xac6ae26f912649f1e7f2c847a17093b21d45d2c4250f8ce3871a481a0876aeb6
32,332.20489780347356,0.34217204135227114,0xe1089b57bf22df59f18fc13765ceeb5f80bf5181,2017-11-01T21:42:23.000Z,0.001030003,0xba91a364ccd677ac72c1fe9844579f6eeadf5526,sell,0x3d1ba9be9f66b8ee101911bc36d3fb562eac2244,0xe32270567c48d793792edb2f2686a7f64bf2954b9c0d2b8df2a056b1f43a4ac7
33,100,0.1068001,0x9ba6f2851c8afe6be654fbd4c3dc7e9e64cffe53,2017-11-01T21:41:06.000Z,0.001068001,0xba91a364ccd677ac72c1fe9844579f6eeadf5526,sell,0x3d1ba9be9f66b8ee101911bc36d3fb562eac2244,0x0dd124394365e19088cc40edf3320f0a66fd2878917f02a22d92bc3d772a4bff
34,81.92886123812642,0.09257961319908284,0x2b6a6a045e13576cb950b5568b30b42bf3314588,2017-11-01T20:37:23.000Z,0.00113,0x1eaa18a0e964d346f2b5182be3f97d7aab5145b9,buy,0x3d1ba9be9f66b8ee101911bc36d3fb562eac2244,0x8893c8cc06c7acaf88571ced2485960a40b39059ad70804bda9574fdfed80786
35,1,0.00113,0x2b6a6a045e13576cb950b5568b30b42bf3314588,2017-11-01T20:33:03.000Z,0.00113,0x1eaa18a0e964d346f2b5182be3f97d7aab5145b9,buy,0x3d1ba9be9f66b8ee101911bc36d3fb562eac2244,0x5d5c74882dac23422b63b6ef1bcc320f379556ae9ad850d3f274053aace6c86a
36,4.22772353915893,0.00580044515117313,0xc2249c3dd3c18167a6f65c0cd8e0eccb6a0e29ab,2017-11-01T20:04:37.000Z,0.0013720019999999998,0x1d5321e125f6c7079a716705541c7b371ca79e69,sell,0x3d1ba9be9f66b8ee101911bc36d3fb562eac2244,0x64bb855694165c0a5b1259c04a35b3f85efda8b0beea09c4ca29eaf2d7a62b86
37,4.240406709776407,0.00479165958204734,0x1d5321e125f6c7079a716705541c7b371ca79e69,2017-11-01T20:04:37.000Z,0.00113,0x1eaa18a0e964d346f2b5182be3f97d7aab5145b9,buy,0x3d1ba9be9f66b8ee101911bc36d3fb562eac2244,0x64bb855694165c0a5b1259c04a35b3f85efda8b0beea09c4ca29eaf2d7a62b86
38,900,1.035,0xeb772f9b86bbbe88136ebc190170fc09b220b31a,2017-11-01T17:57:53.000Z,0.00115,0x1eaa18a0e964d346f2b5182be3f97d7aab5145b9,buy,0x3d1ba9be9f66b8ee101911bc36d3fb562eac2244,0xb0681479d4cd8385ea0c91df73ffeccd6ee3b74bccccfc7449fc232b4ec0db9d
39,2167.7951021965264,2.232835458647729,0xe1089b57bf22df59f18fc13765ceeb5f80bf5181,2017-11-01T17:56:22.000Z,0.001030003,0x9d4a2627eaca69ce74b4abc5cb22bcbd5bc26f1e,sell,0x3d1ba9be9f66b8ee101911bc36d3fb562eac2244,0xabd9e1f9810e47e16bb7fa13dd42063f018350162e63a93e66940bcb3e9fb85d
40,2500,2.575005,0x4bc06ac47c58edcf973ff3daaef26de4518e7fb5,2017-11-01T17:52:09.000Z,0.001030002,0x9d4a2627eaca69ce74b4abc5cb22bcbd5bc26f1e,sell,0x3d1ba9be9f66b8ee101911bc36d3fb562eac2244,0x72ff353a402094df307db3e42da4142b99aa96bf99e1a04893ae83a5c6b2fcba
41,2241.0565632967555,2.3082972244219113,0xe1089b57bf22df59f18fc13765ceeb5f80bf5181,2017-11-01T17:49:37.000Z,0.001030004,0x9d4a2627eaca69ce74b4abc5cb22bcbd5bc26f1e,sell,0x3d1ba9be9f66b8ee101911bc36d3fb562eac2244,0x487f4186017de945f9dd06dc6d08c1e56c316b3e5f3be2ebc61843d25305f15e
42,5000,5.15,0x1eaa18a0e964d346f2b5182be3f97d7aab5145b9,2017-11-01T17:49:37.000Z,0.00103,0x9d4a2627eaca69ce74b4abc5cb22bcbd5bc26f1e,sell,0x3d1ba9be9f66b8ee101911bc36d3fb562eac2244,0xa3a8d2aa8516a3079152e8dadb35c44403402e8ad31ad9629d8f1cb07b6141e4
43,3000,3.105,0x001873abd9b26447a7a6ab2e41ddd6a8da3be08a,2017-11-01T17:48:41.000Z,0.001035,0x9d4a2627eaca69ce74b4abc5cb22bcbd5bc26f1e,sell,0x3d1ba9be9f66b8ee101911bc36d3fb562eac2244,0x0d994582d4e6cc57a2d2044a1750110ab3b6a0df75ebb6aa472e90e32c8bda22
44,844.9434367032446,0.8702951195780888,0xe1089b57bf22df59f18fc13765ceeb5f80bf5181,2017-11-01T17:44:14.000Z,0.001030004,0x0988c9496f62bf5894913dd6e4f7b639516b3931,sell,0x3d1ba9be9f66b8ee101911bc36d3fb562eac2244,0xf792c66201956bd9ba12ac98d6de4c17673ec1440a33c3b7ee32e67aa9a317c9
45,1545,1.5915045,0xf0ddad1698eff75a3224765123bacde150fd825b,2017-11-01T17:28:12.000Z,0.0010301,0x0988c9496f62bf5894913dd6e4f7b639516b3931,sell,0x3d1ba9be9f66b8ee101911bc36d3fb562eac2244,0xf44594ec3a193df4c9aa21f7b9bf70deac33248faa6f05ee3968c1d627a0e66f
46,300,0.3105003,0x9ba6f2851c8afe6be654fbd4c3dc7e9e64cffe53,2017-11-01T17:27:21.000Z,0.001035001,0x0988c9496f62bf5894913dd6e4f7b639516b3931,sell,0x3d1ba9be9f66b8ee101911bc36d3fb562eac2244,0x0b513f13d7e8632a4642105440ad2b1cc0ae32943782b83bd7efc19e663ce1c5
47,200,0.2096002,0x9ba6f2851c8afe6be654fbd4c3dc7e9e64cffe53,2017-11-01T17:27:06.000Z,0.001048001,0x0988c9496f62bf5894913dd6e4f7b639516b3931,sell,0x3d1ba9be9f66b8ee101911bc36d3fb562eac2244,0x0ce731b94cd28b1669fb5c430751620fa19ac90471fe562073ad16f927d244dd
48,1500,1.695,0x001873abd9b26447a7a6ab2e41ddd6a8da3be08a,2017-11-01T17:24:15.000Z,0.00113,0x9d4a2627eaca69ce74b4abc5cb22bcbd5bc26f1e,sell,0x3d1ba9be9f66b8ee101911bc36d3fb562eac2244,0xdc4ef122aa45c3aa8b0ef8d63bc9276b6add72855b4c35f4abac8def2405dffe
49,1500,1.69500465,0x001873abd9b26447a7a6ab2e41ddd6a8da3be08a,2017-11-01T17:22:52.000Z,0.0011300031,0x9d4a2627eaca69ce74b4abc5cb22bcbd5bc26f1e,sell,0x3d1ba9be9f66b8ee101911bc36d3fb562eac2244,0x8b1e57cccd15dd4c88bb87aa5d4b1bca505795a60ceeea39ad332e77a0893f60
50,735,0.831856095,0x12d00b993bfd0422d6bde9aa63d96e0ab74fb636,2017-11-01T17:21:00.000Z,0.001131777,0x9d4a2627eaca69ce74b4abc5cb22bcbd5bc26f1e,sell,0x3d1ba9be9f66b8ee101911bc36d3fb562eac2244,0xe138b20e448bfc91f0b169ef79dc17139b30117ccbe3e2026bb39b7b6129d1b2
51,265,0.299920905,0x12d00b993bfd0422d6bde9aa63d96e0ab74fb636,2017-11-01T16:53:42.000Z,0.001131777,0x3ab9e5252a79123adcb3ee2f35ad64c3ea8c5bf3,sell,0x3d1ba9be9f66b8ee101911bc36d3fb562eac2244,0x286eb01e706d75e73adda5240924b6c3966d6de03fce66e8ab2113919a18eaa7
52,299.07287409032,0.3125314524972585,0x9ba6f2851c8afe6be654fbd4c3dc7e9e64cffe53,2017-11-01T15:43:10.000Z,0.001045001,0x018e1ad8eabe1d6c7d1dc712cf72925abfaa9700,sell,0x3d1ba9be9f66b8ee101911bc36d3fb562eac2244,0x6496d6df2baca53b3757d67e5adb3882410d7ba432f223d8b8e892312ef99ddf
53,1005,1.170825,0x31d807e1ed35f84248341461c6a2c44db722877b,2017-11-01T14:34:47.000Z,0.001165,0x66d509ac9cbf817162edf4bf124f22a1ffcc7171,buy,0x3d1ba9be9f66b8ee101911bc36d3fb562eac2244,0xea871d422e451c948659de52133e6ec87d253f6b69e9e43d2fd7547586bad078
54,1005,1.170825,0x31d807e1ed35f84248341461c6a2c44db722877b,2017-11-01T14:33:43.000Z,0.001165,0x66d509ac9cbf817162edf4bf124f22a1ffcc7171,buy,0x3d1ba9be9f66b8ee101911bc36d3fb562eac2244,0xea871d422e451c948659de52133e6ec87d253f6b69e9e43d2fd7547586bad078
55,2500,2.5750025,0x4bc06ac47c58edcf973ff3daaef26de4518e7fb5,2017-11-01T14:20:48.000Z,0.001030001,0x0988c9496f62bf5894913dd6e4f7b639516b3931,sell,0x3d1ba9be9f66b8ee101911bc36d3fb562eac2244,0x42a5a2e566afce8804bb8777d490c25d711222cf00a8b4474d9ad6a2093b6145
56,1100,1.2815,0x4a5400fb0e3b62317d3d58b647b0c0b902ba8573,2017-11-01T14:19:34.000Z,0.001165,0x66d509ac9cbf817162edf4bf124f22a1ffcc7171,buy,0x3d1ba9be9f66b8ee101911bc36d3fb562eac2244,0xa1e047dd5b998231ffd3512da9e39656a6072c71c70356581e5cc225d962e0ad
57,1500,1.650015,0x4bc06ac47c58edcf973ff3daaef26de4518e7fb5,2017-11-01T14:18:08.000Z,0.00110001,0x0988c9496f62bf5894913dd6e4f7b639516b3931,sell,0x3d1ba9be9f66b8ee101911bc36d3fb562eac2244,0x3cdfd8489e75b3a26a9e23ba2ab40677ad5da9185c2a9f190683d08e3f6d6695
58,100,0.11,0x9b366cef4df8ea0b19322cba32c377e73d69bcae,2017-11-01T14:18:08.000Z,0.0011,0x0988c9496f62bf5894913dd6e4f7b639516b3931,sell,0x3d1ba9be9f66b8ee101911bc36d3fb562eac2244,0x6efaeb214bdeac8e37fa1a126812f14dd1aa4b94b5afbebf0c336eb5df5239ff
59,2852.257,3.1374827,0x3cb319e3dc7432c795b70ffaa05e90ba46107305,2017-11-01T14:18:08.000Z,0.0011,0x0988c9496f62bf5894913dd6e4f7b639516b3931,sell,0x3d1ba9be9f66b8ee101911bc36d3fb562eac2244,0xf4119956d1dcdd2d01cadb49a48c730e9af36b0afa39fa666e0318c669897f37
60,156.26557436300223,0.1765805678269156,0xcc9746088d51b288f989c1d3e7779bbc2c067166,2017-11-01T14:18:08.000Z,0.001130003,0x0988c9496f62bf5894913dd6e4f7b639516b3931,sell,0x3d1ba9be9f66b8ee101911bc36d3fb562eac2244,0x75c5f083efe5b77b043678e34a2d703be062b0a163afe35e062c6c490cda0b38
61,900,0.9900108,0xc4c3f11db23126544b4bc14ab6a3e44abe90401e,2017-11-01T14:16:49.000Z,0.001100012,0x0988c9496f62bf5894913dd6e4f7b639516b3931,sell,0x3d1ba9be9f66b8ee101911bc36d3fb562eac2244,0x9f532dd644c8e35df16708afa57d430dcc428a9f441c1ee5ee5148bccd098ab9
62,500,0.5550005,0x4bc06ac47c58edcf973ff3daaef26de4518e7fb5,2017-11-01T14:16:49.000Z,0.001110001,0x0988c9496f62bf5894913dd6e4f7b639516b3931,sell,0x3d1ba9be9f66b8ee101911bc36d3fb562eac2244,0x300a1ccede392b566330dce58764ea45204dbae0aa1d60885b98f6699044fb64
63,1109.6748081324865,1.23173903702706,0x4bc06ac47c58edcf973ff3daaef26de4518e7fb5,2017-11-01T14:16:49.000Z,0.00111,0x0988c9496f62bf5894913dd6e4f7b639516b3931,sell,0x3d1ba9be9f66b8ee101911bc36d3fb562eac2244,0xfa86a219f50bf6f54cef3a35ae3de5e3e5f8334206323700aa0324830fde75c4
64,54.088,0.06111998088,0xcc9746088d51b288f989c1d3e7779bbc2c067166,2017-11-01T14:16:08.000Z,0.00113001,0x0988c9496f62bf5894913dd6e4f7b639516b3931,sell,0x3d1ba9be9f66b8ee101911bc36d3fb562eac2244,0x195035e92a50f6cdb07590fed07f2ad2f1bb8168e885ac19e76b0743eca536cc
65,424.46866885097376,0.49450599921138444,0x47a02f835f1fbdfbe45341dee9aa0b8da86d6a4b,2017-11-01T14:15:01.000Z,0.001165,0x66d509ac9cbf817162edf4bf124f22a1ffcc7171,buy,0x3d1ba9be9f66b8ee101911bc36d3fb562eac2244,0x43c1b8a2fa84d620c05e13db22178c88c80b420e58a107df7a081724b009d3c8
66,2331,2.61072,0x4bc06ac47c58edcf973ff3daaef26de4518e7fb5,2017-11-01T14:06:27.000Z,0.00112,0xc45dc49365b657bdc1a7ef760edc0ac6155106c2,buy,0x3d1ba9be9f66b8ee101911bc36d3fb562eac2244,0x3aee0575ae055c7a2308549179fab5359ed0884d29d58817919ba07a41ca1b03
67,1500,1.7475,0x4bc06ac47c58edcf973ff3daaef26de4518e7fb5,2017-11-01T14:00:36.000Z,0.001165,0x66d509ac9cbf817162edf4bf124f22a1ffcc7171,buy,0x3d1ba9be9f66b8ee101911bc36d3fb562eac2244,0xa5a2dfe8b5553f50b38c21f52ec12de4380eda043c81c4d71e3de144a0aae158
68,2600,3.029,0x4b7c1695c547062a0a52173053ed29a330c3a547,2017-11-01T13:57:07.000Z,0.001165,0x66d509ac9cbf817162edf4bf124f22a1ffcc7171,buy,0x3d1ba9be9f66b8ee101911bc36d3fb562eac2244,0x81993fe7c8bccdfb4d097cb72c02a38eba2decccb7e94756a4b7eccb38afbbfd
69,0.10579404743008755,0.000123250065256052,0x4a5400fb0e3b62317d3d58b647b0c0b902ba8573,2017-11-01T13:51:14.000Z,0.001165,0x66d509ac9cbf817162edf4bf124f22a1ffcc7171,buy,0x3d1ba9be9f66b8ee101911bc36d3fb562eac2244,0xc68334d106564f959864deb60eda3fe0b1d87093dad7b8b907beba31997ef097
70,1061.2200897711978,1.2363214045834454,0x4a5400fb0e3b62317d3d58b647b0c0b902ba8573,2017-11-01T13:50:08.000Z,0.001165,0x66d509ac9cbf817162edf4bf124f22a1ffcc7171,buy,0x3d1ba9be9f66b8ee101911bc36d3fb562eac2244,0x4b5d6b477745397f850b3b411d8da96ad2e3668c6578ffe179d18400ee5fa2b5
71,134.18268605810377,0.1563228292576909,0x21307819952639b45caaa70e12ab6b6a795ecfc9,2017-11-01T13:50:08.000Z,0.001165,0x66d509ac9cbf817162edf4bf124f22a1ffcc7171,buy,0x3d1ba9be9f66b8ee101911bc36d3fb562eac2244,0x92971cad3e8c6da3dd65d37de6abde44324852f1efd7e92e4708e44d97989800
72,1450,1.68925,0x001873abd9b26447a7a6ab2e41ddd6a8da3be08a,2017-11-01T13:01:52.000Z,0.001165,0x66d509ac9cbf817162edf4bf124f22a1ffcc7171,buy,0x3d1ba9be9f66b8ee101911bc36d3fb562eac2244,0x63e291b7cf0620bbc304f534634a0a4b59958fd6c389698d1b991b96b3a522bf
73,60,0.06936,0xf0ddad1698eff75a3224765123bacde150fd825b,2017-11-01T08:33:22.000Z,0.001156,0xce1c28560f17c2aa0b0a539019bbb4492f117e40,sell,0x3d1ba9be9f66b8ee101911bc36d3fb562eac2244,0xc7cfbb10e427f2914405978b790e781625bfea4bfa25612b708157a0b7910270
74,500,0.5760005,0x4bc06ac47c58edcf973ff3daaef26de4518e7fb5,2017-11-01T08:33:06.000Z,0.001152001,0xce1c28560f17c2aa0b0a539019bbb4492f117e40,sell,0x3d1ba9be9f66b8ee101911bc36d3fb562eac2244,0xc3f3b8c01850428872f098a13f31b1b6f997d2d3c66c77d0a5f56953a091c467
75,500,0.5775,0x9c232158b5e0f9a23bf9a399cd9197c7f131d13b,2017-11-01T08:31:48.000Z,0.001155,0x2daf797758a4372812bc67d6d166b3a387dcfd78,sell,0x3d1ba9be9f66b8ee101911bc36d3fb562eac2244,0xbe21379b779eb8d9d13f68e8d2537cdc01c594c7af5550df4a2ef704f881c7f3
76,1113.8841454736057,1.2876500721674882,0xf0ddad1698eff75a3224765123bacde150fd825b,2017-11-01T08:05:08.000Z,0.001156,0xbb9c827efd1f016415d18ca166ea67c9d5b34ae1,sell,0x3d1ba9be9f66b8ee101911bc36d3fb562eac2244,0x26907d3ddb59ca848c5a951062c97f5fed7c717fb7ea3c58a75353288a69aef6
77,1.044749049480853,0.001973426479564383,0x1a94d4d30519cc998073b21b18baafda7ff761ad,2017-11-01T03:27:23.000Z,0.0018889,0x841bd18409f4ea1422ac2728190fdb91e5bb5921,buy,0x3d1ba9be9f66b8ee101911bc36d3fb562eac2244,0x23fde83d89c14c2b26f165f10ca52210d87215500d23cde3d1bda1ada714b982
78,184.0115641511315,0.21198132190210348,0xf0ddad1698eff75a3224765123bacde150fd825b,2017-11-01T03:15:00.000Z,0.001152,0x3603576f910ac545006eadbfee5798202ed07a45,sell,0x3d1ba9be9f66b8ee101911bc36d3fb562eac2244,0xfaa01bc31de50771ec36d15e6b9b37caceb5de008d8c11ebcd4bc3c733eac70f
79,405.55055385805207,0.46710380027096565,0x12d00b993bfd0422d6bde9aa63d96e0ab74fb636,2017-11-01T02:26:07.000Z,0.001151777,0xb471e18431d922d65e11e04a95a9d426ca92dc08,sell,0x3d1ba9be9f66b8ee101911bc36d3fb562eac2244,0xa0e03f08ccf218f20c56782760dd65945ad71f893b1af1889c0c7efe061d98d6
80,3146,3.7752,0x7137d77fceb8905d18ad114611075149fcab91ff,2017-11-01T02:24:16.000Z,0.0012,0xb471e18431d922d65e11e04a95a9d426ca92dc08,sell,0x3d1ba9be9f66b8ee101911bc36d3fb562eac2244,0xbe39911145d149f4eac82cafba8046c261bc2b38e35af0377a0e83de8b583a90
81,200.15377816477564,0.24018473395150894,0x4bc06ac47c58edcf973ff3daaef26de4518e7fb5,2017-11-01T02:24:09.000Z,0.001200001,0xb471e18431d922d65e11e04a95a9d426ca92dc08,sell,0x3d1ba9be9f66b8ee101911bc36d3fb562eac2244,0x795ef1622c2e4298caa473f6c677a2324a3338820132fdc867bfeb88e173d5f3
82,0.000742820171022384,0.000000891384948047,0x4bc06ac47c58edcf973ff3daaef26de4518e7fb5,2017-11-01T02:22:40.000Z,0.001200000999999957,0xb471e18431d922d65e11e04a95a9d426ca92dc08,sell,0x3d1ba9be9f66b8ee101911bc36d3fb562eac2244,0x56f270191288759575d6c8ad564b18b5e14fd87097471e05d4bdf6406e600bf7
83,49.845479015053336,0.059814624663543016,0x4bc06ac47c58edcf973ff3daaef26de4518e7fb5,2017-11-01T01:59:53.000Z,0.001200001,0xbde166024b8e84042dd97dc292b130bf0cc715fa,sell,0x3d1ba9be9f66b8ee101911bc36d3fb562eac2244,0x256041a9c2d6117df735db60900d26f7bb9d83cc68f1f41899ddafa8c40cd014
84,500,0.7135,0x4bc06ac47c58edcf973ff3daaef26de4518e7fb5,2017-10-31T23:56:07.000Z,0.001427,0x364fcdc8081107b94993aaca3cfe3c8d0c3fe699,buy,0x3d1ba9be9f66b8ee101911bc36d3fb562eac2244,0x867b0d71a9f2bc1210b4a5da971097fe42eac603fec5357f319b9c8b50eef5a2
85,236.95692185280546,0.33808966218573916,0x4bc06ac47c58edcf973ff3daaef26de4518e7fb5,2017-10-31T23:53:43.000Z,0.001426798,0x364fcdc8081107b94993aaca3cfe3c8d0c3fe699,buy,0x3d1ba9be9f66b8ee101911bc36d3fb562eac2244,0xbbb73d6f2c1a77bdb2c6e90ba1e6adc818eabcd5d482ca52061646d6ea4345a3
86,514,0.59624,0x21307819952639b45caaa70e12ab6b6a795ecfc9,2017-10-31T23:13:32.000Z,0.00116,0x1eaa18a0e964d346f2b5182be3f97d7aab5145b9,buy,0x3d1ba9be9f66b8ee101911bc36d3fb562eac2244,0xff2f9f2c4e3ef23ac9bc8a8baaa27aefad4f73fcf023ffc12ebe92cf0f61e4e7
87,3709.990841553441,4.322139330409758,0x7137d77fceb8905d18ad114611075149fcab91ff,2017-10-31T23:12:19.000Z,0.001165,0x66d509ac9cbf817162edf4bf124f22a1ffcc7171,buy,0x3d1ba9be9f66b8ee101911bc36d3fb562eac2244,0xe59cb7796f1dd5c2441b731949b87f6a20bd2c9de06756c5d1a57b406a4f875d
88,24063,28.033395,0xb471e18431d922d65e11e04a95a9d426ca92dc08,2017-10-31T23:11:06.000Z,0.001165,0x66d509ac9cbf817162edf4bf124f22a1ffcc7171,buy,0x3d1ba9be9f66b8ee101911bc36d3fb562eac2244,0xf68752851b905b5e1d543311a1d85e657cfcf0d3fa06bd103836e31c721fe283
89,100,0.1165,0x4bc06ac47c58edcf973ff3daaef26de4518e7fb5,2017-10-31T22:45:16.000Z,0.001165,0x66d509ac9cbf817162edf4bf124f22a1ffcc7171,buy,0x3d1ba9be9f66b8ee101911bc36d3fb562eac2244,0xacae816645efa28bba23efb597a10587a68de4fb89d5b4d00707c049ca68258c
90,0.00915844655917854,0.000010669590241443,0xb471e18431d922d65e11e04a95a9d426ca92dc08,2017-10-31T22:36:35.000Z,0.001165,0x66d509ac9cbf817162edf4bf124f22a1ffcc7171,buy,0x3d1ba9be9f66b8ee101911bc36d3fb562eac2244,0x3791549caf9e7f0dd6c0a34c1caf7ddf336dafc6e4f91024e4ffa0bb58e472c6
91,49.845479015053336,0.05782075565746187,0x740d4b3119b956c1d19608da39730499dbce4c01,2017-10-31T21:28:10.000Z,0.00116,0x85ee6039bb972ca676393cb3752211cd244fe41d,sell,0x3d1ba9be9f66b8ee101911bc36d3fb562eac2244,0xbd3c21d8b56c09d5ee77a1e1d33baf8f8a6d94f6bbe082d9e8ffe978bd5db37f
92,147.74298350200928,0.1625172818522102,0x3cb319e3dc7432c795b70ffaa05e90ba46107305,2017-10-31T20:36:08.000Z,0.0011,0x8ee06f255c26971b501d8652fbdd7d8bcd4f14bb,sell,0x3d1ba9be9f66b8ee101911bc36d3fb562eac2244,0x9b161ad87b134907842cf203ed3f6891b00df71f196534c7dac778ba5daa29b6
93,420,0.47460042,0xb49fda420b9ce7334c6446af26f06225cbecb401,2017-10-31T20:33:56.000Z,0.001130001,0x8ee06f255c26971b501d8652fbdd7d8bcd4f14bb,sell,0x3d1ba9be9f66b8ee101911bc36d3fb562eac2244,0xdc387072cecb37ab2f3e38b9c15a9303854815d55575011d0d2a85a47d81aa11
94,514.445,0.5864673,0x1eaa18a0e964d346f2b5182be3f97d7aab5145b9,2017-10-31T20:33:34.000Z,0.00114,0x8ee06f255c26971b501d8652fbdd7d8bcd4f14bb,sell,0x3d1ba9be9f66b8ee101911bc36d3fb562eac2244,0x8c810e5fd024e492130f0ce1d939d95f9467dd0d1c7a8a7155eeba10e414a792
95,127,0.16256,0x4fec61a00bbeac3f053e9482b7e8f28f0664da7d,2017-10-31T20:32:25.000Z,0.00128,0x66d509ac9cbf817162edf4bf124f22a1ffcc7171,buy,0x3d1ba9be9f66b8ee101911bc36d3fb562eac2244,0xe8c0cc75f14c841f8955ba7c173b08f840637303598b382c0d83444439bc69cc
96,3000,3.375,0xa634623301491a5bf1335d22f4f9d76fc74c33ef,2017-10-31T20:31:11.000Z,0.001125,0x8ee06f255c26971b501d8652fbdd7d8bcd4f14bb,sell,0x3d1ba9be9f66b8ee101911bc36d3fb562eac2244,0x95133739f280fe1b72563ed6af1c4d114cd9a350423470ae16be95a933e7731c
97,1068.912,1.20788124912,0xcc9746088d51b288f989c1d3e7779bbc2c067166,2017-10-31T20:30:07.000Z,0.00113001,0x8ee06f255c26971b501d8652fbdd7d8bcd4f14bb,sell,0x3d1ba9be9f66b8ee101911bc36d3fb562eac2244,0xa4942bf91c05e14beaf2b8114410fc1e2857d5d4ab458ef753e7e05af1cbbbe6
98,1123.36,1.26378,0xc9d56287b414e1aa0963016aa721b527f095fd9c,2017-10-31T20:28:06.000Z,0.001125,0x8ee06f255c26971b501d8652fbdd7d8bcd4f14bb,buy,0x3d1ba9be9f66b8ee101911bc36d3fb562eac2244,0x9b17af866c3a6b79deca719cfa5a84efe1096fc02f0b7bbd584adf2b694bb941
99,1120,1.288,0x001873abd9b26447a7a6ab2e41ddd6a8da3be08a,2017-10-31T20:28:06.000Z,0.00115,0xc9d56287b414e1aa0963016aa721b527f095fd9c,sell,0x3d1ba9be9f66b8ee101911bc36d3fb562eac2244,0x9b17af866c3a6b79deca719cfa5a84efe1096fc02f0b7bbd584adf2b694bb941
100,107.217691,0.120619902375,0xc9d56287b414e1aa0963016aa721b527f095fd9c,2017-10-31T20:27:40.000Z,0.001125,0x8ee06f255c26971b501d8652fbdd7d8bcd4f14bb,buy,0x3d1ba9be9f66b8ee101911bc36d3fb562eac2244,0x59cc7a08d26527bdab2b763cdc0a8e70949a13674527dada14ba751c421a98a1
101,106.897,0.14324198,0x693de8556b4118333a571c4263c9b28698125f54,2017-10-31T20:27:40.000Z,0.00134,0xc9d56287b414e1aa0963016aa721b527f095fd9c,sell,0x3d1ba9be9f66b8ee101911bc36d3fb562eac2244,0x59cc7a08d26527bdab2b763cdc0a8e70949a13674527dada14ba751c421a98a1
102,202.247508722959,0.2528093859036988,0x7137d77fceb8905d18ad114611075149fcab91ff,2017-10-31T20:26:55.000Z,0.00125,0xc9d56287b414e1aa0963016aa721b527f095fd9c,sell,0x3d1ba9be9f66b8ee101911bc36d3fb562eac2244,0x07a48e90377d034af8bc3eb08dd7b707497d3e26035c22366d6ad7fc4436baeb
103,202.85425124912788,0.22821103265526888,0xc9d56287b414e1aa0963016aa721b527f095fd9c,2017-10-31T20:26:55.000Z,0.001125,0x8ee06f255c26971b501d8652fbdd7d8bcd4f14bb,buy,0x3d1ba9be9f66b8ee101911bc36d3fb562eac2244,0x07a48e90377d034af8bc3eb08dd7b707497d3e26035c22366d6ad7fc4436baeb
104,116.26601424007221,0.16588834911773503,0x8590244f1652da625e8251cc86c61903c6dc8b6b,2017-10-31T20:10:22.000Z,0.0014268,0xb105d96f87a1a4aa2ce523a86f4b200482aa14f0,buy,0x3d1ba9be9f66b8ee101911bc36d3fb562eac2244,0xda8efa8049f4751615291451d4d333a6b86f2d1f487cdff4cb65ff0f0ad8c1d3
105,785.0465286432755,0.9970090913769598,0xfbffcecdfa7820ebe6ccf3efbdc6217f03a20ea8,2017-10-31T19:49:26.000Z,0.00127,0xd21044e8cb94d4552dc786ba17e31ab31710be85,buy,0x3d1ba9be9f66b8ee101911bc36d3fb562eac2244,0x4d579455cdc62db4e0036cf9e0cac9ca82c856bed3882e7e6fbf13bdc69fa27b
106,180,0.2286,0xcd5d8d9a86d07df9ac8312bc08e84f8e261f713d,2017-10-31T19:47:09.000Z,0.00127,0xd21044e8cb94d4552dc786ba17e31ab31710be85,buy,0x3d1ba9be9f66b8ee101911bc36d3fb562eac2244,0x062a46b0d9fdf230d9f9bd8934c8ea6eddd2ceab8b50d0b01b51a0928914b3be
107,450,0.63,0x413c6460465a7a9ac34db94f9a10e08f0623604c,2017-10-31T18:56:31.000Z,0.0014,0x4a0424a7714ff91b10c5f22e3c316e030a65ee42,sell,0x3d1ba9be9f66b8ee101911bc36d3fb562eac2244,0x6335c9913b5e805c5752fe5c95fd53cb4d6d72f974502f27f81343a649ed7d73
108,1411.4217801814375,1.9618762744521983,0x413c6460465a7a9ac34db94f9a10e08f0623604c,2017-10-31T17:49:00.000Z,0.00139,0x1eaa18a0e964d346f2b5182be3f97d7aab5145b9,buy,0x3d1ba9be9f66b8ee101911bc36d3fb562eac2244,0x51ec496a4db4229736a2a3f8273be0f1b7e4dcd9505baa024681fb2155c90ed5
109,74.133,0.09563157,0x413c6460465a7a9ac34db94f9a10e08f0623604c,2017-10-31T17:47:21.000Z,0.00129,0x1eaa18a0e964d346f2b5182be3f97d7aab5145b9,buy,0x3d1ba9be9f66b8ee101911bc36d3fb562eac2244,0x18dd641b6c197a1c71abc32c03b0f527d249d3147060353662ef4b000f7c71b5
110,15.859160602133212,0.019823950752666512,0x7137d77fceb8905d18ad114611075149fcab91ff,2017-10-31T16:52:32.000Z,0.00125,0x70b0c089028ddfcd06797cc1db50ecfd01addc29,sell,0x3d1ba9be9f66b8ee101911bc36d3fb562eac2244,0xc9bcac602edc29018744d3d761c5cd21066c39d2d2aa7db975e039dc134c4fff
111,399.892,0.50386392,0x4eae5c71683cd699bee8e25baf331617f8211d63,2017-10-31T16:51:04.000Z,0.00126,0x70b0c089028ddfcd06797cc1db50ecfd01addc29,sell,0x3d1ba9be9f66b8ee101911bc36d3fb562eac2244,0x571e6a4bc03c3c9f798c1cbd3e785fb314f42762a5dca596484491872f054da4
112,1485.5547801814375,1.693532449406839,0x1eaa18a0e964d346f2b5182be3f97d7aab5145b9,2017-10-31T15:53:42.000Z,0.00114,0xfc36cf9684253b69bfb68b431e304adb66519e60,sell,0x3d1ba9be9f66b8ee101911bc36d3fb562eac2244,0x623930c057e32ce120f825e8cf230e0851cd5112cf3355a692e3b7025d46fd10
113,1969.8933306749077,2.4623666633436345,0x7137d77fceb8905d18ad114611075149fcab91ff,2017-10-31T13:42:19.000Z,0.00125,0x044a233289afee0ecc6f2c20212103f8c43a8c98,sell,0x3d1ba9be9f66b8ee101911bc36d3fb562eac2244,0x09e201f52547d77af3eabed6b6c3999eb69f5d735657c5fe1e50959c62c0887c
114,1,0.001426798,0x0b773d7819259d78757b26dc4148812d35676d8f,2017-10-31T13:18:30.000Z,0.001426798,0x364fcdc8081107b94993aaca3cfe3c8d0c3fe699,buy,0x3d1ba9be9f66b8ee101911bc36d3fb562eac2244,0xa2e4c7d7be155aa355ebaa95553916cc60c3d376a27009bfe02e7b961349319d
115,1000,1.42,0x7137d77fceb8905d18ad114611075149fcab91ff,2017-10-31T12:55:38.000Z,0.00142,0x364fcdc8081107b94993aaca3cfe3c8d0c3fe699,buy,0x3d1ba9be9f66b8ee101911bc36d3fb562eac2244,0x78812a39a8dc59b2bf91374f358efa15aebe8ae0cbac2dadadc03293e7be7b80
116,325.6575047353205,0.4494008433846476,0x7137d77fceb8905d18ad114611075149fcab91ff,2017-10-31T12:54:04.000Z,0.00137998,0xcc9746088d51b288f989c1d3e7779bbc2c067166,buy,0x3d1ba9be9f66b8ee101911bc36d3fb562eac2244,0xd5478ada09db5d8beed6d616dffc83de79109e52c0ef1bfbb0edaa426560e77e
117,1000,1.39999,0x7137d77fceb8905d18ad114611075149fcab91ff,2017-10-31T12:51:28.000Z,0.00139999,0x905312a807dc2daa2b7aa65839c7a8d6ef3e0ea2,buy,0x3d1ba9be9f66b8ee101911bc36d3fb562eac2244,0xcd266c5e06e277b7033539bd76e2414eeb0a73b5f909140b9c4fdf68d4d1d72c
118,1000,1.398,0x7137d77fceb8905d18ad114611075149fcab91ff,2017-10-31T12:49:52.000Z,0.001398,0x364fcdc8081107b94993aaca3cfe3c8d0c3fe699,buy,0x3d1ba9be9f66b8ee101911bc36d3fb562eac2244,0xa22c13497e0b2fb990b0b9b54e2b7000abd9727e798da59e6c753e494d38dd79
119,1000,1.38,0x7137d77fceb8905d18ad114611075149fcab91ff,2017-10-31T12:48:23.000Z,0.00138,0x364fcdc8081107b94993aaca3cfe3c8d0c3fe699,buy,0x3d1ba9be9f66b8ee101911bc36d3fb562eac2244,0x3da190445df07c7ab4b7d75d590abdac5c980023a9e05b634d44a9d302ac537d
120,500,0.68999,0x7137d77fceb8905d18ad114611075149fcab91ff,2017-10-31T12:46:56.000Z,0.00137998,0xcc9746088d51b288f989c1d3e7779bbc2c067166,buy,0x3d1ba9be9f66b8ee101911bc36d3fb562eac2244,0x0b2f0403924924d059efd3ef39e7a07243717b3ed2e271681eac0d4fae844095
121,366,0.505079634,0x7137d77fceb8905d18ad114611075149fcab91ff,2017-10-31T12:44:17.000Z,0.001379999,0xb49fda420b9ce7334c6446af26f06225cbecb401,buy,0x3d1ba9be9f66b8ee101911bc36d3fb562eac2244,0x6eff69196c03e7b1c064fd379d6d524fc36d0b36da45ad8d5ab7e981c137cc74
122,132.0921432259994,0.14926412184537932,0x3c16638ff6491ed866a45df77c326c3ff4465793,2017-10-31T12:22:43.000Z,0.00113,0xf017b2648063bc3d3e25da945c0ac4d15bd16bba,sell,0x3d1ba9be9f66b8ee101911bc36d3fb562eac2244,0xa5d3ede6760e7f29aced334ed5cb86736dc56aa757628659c547323e2b5172a9
123,46.85386692370656,0.04802526045066615,0x19a195b92dc2f85ac6cfb077d35ce11d8b89fa06,2017-10-31T08:50:08.000Z,0.001025001,0xe6aa33b127ef8fe01a31ba076ed52483dc6e2fec,sell,0x3d1ba9be9f66b8ee101911bc36d3fb562eac2244,0x7df704e85752b8b1c0ad71a62165ba44f8ebb36f8134f8a1889d3855ee199f03
124,207.85564749277242,0.2130522465357392,0x19a195b92dc2f85ac6cfb077d35ce11d8b89fa06,2017-10-31T08:46:36.000Z,0.001025001,0x105b5e3647ce8dded672844020ef7945e66c9125,sell,0x3d1ba9be9f66b8ee101911bc36d3fb562eac2244,0xc124633274ed5e7b4a80dba018b3134b11e433dc5ad626c90c8d7cf6c0196df1
125,500,0.512501,0xcc9746088d51b288f989c1d3e7779bbc2c067166,2017-10-31T08:44:47.000Z,0.001025002,0x105b5e3647ce8dded672844020ef7945e66c9125,sell,0x3d1ba9be9f66b8ee101911bc36d3fb562eac2244,0x09a574d5a8e7306f003d784e41bdf1865b8032f5058d46fbf0da24517a4fbd51
126,0.000003074748,0.001017741588,0x76b4f11b28342c59209f62433b43abef28412b1a,2017-10-31T07:28:36.000Z,331,0x273a5d3e6721b9f5c1a6474f560c1334c63dda01,sell,0x3d1ba9be9f66b8ee101911bc36d3fb562eac2244,0x42737b3e210cbce61b26bb30071a8fe57c0c41ee7f6d2c45bd25bd13c6979a2c
127,0.000003084,0.000000006168,0x273a5d3e6721b9f5c1a6474f560c1334c63dda01,2017-10-31T07:28:36.000Z,0.002,0xb5d0ae8422683dfb53a76a97238365a30e0e82c8,buy,0x3d1ba9be9f66b8ee101911bc36d3fb562eac2244,0x42737b3e210cbce61b26bb30071a8fe57c0c41ee7f6d2c45bd25bd13c6979a2c
128,0.001028,0.0000013364,0xf44072eda87ede9613b6ae1b812de8a60ade27a2,2017-10-31T07:27:47.000Z,0.0013,0xe6aa33b127ef8fe01a31ba076ed52483dc6e2fec,buy,0x3d1ba9be9f66b8ee101911bc36d3fb562eac2244,0x6c01e59c26bfa76f23bd8396c4d454cd33c8cac699d1f78d1513d9f9e6fe1e83
129,0.001024916,0.339247196,0x76b4f11b28342c59209f62433b43abef28412b1a,2017-10-31T07:27:47.000Z,331,0xf44072eda87ede9613b6ae1b812de8a60ade27a2,sell,0x3d1ba9be9f66b8ee101911bc36d3fb562eac2244,0x6c01e59c26bfa76f23bd8396c4d454cd33c8cac699d1f78d1513d9f9e6fe1e83
130,262.04307814719454,0.37388253981426084,0x65862c25a18b240b47315aa1722636bfad8992aa,2017-10-31T06:31:54.000Z,0.001426798,0x364fcdc8081107b94993aaca3cfe3c8d0c3fe699,buy,0x3d1ba9be9f66b8ee101911bc36d3fb562eac2244,0xbc9af25b8f5cbbe10aa94fb4e4d0aaff8a1acbb33c494c6eab1a392504997f0e
131,0.8668805136459767,0.00111827586260331,0xa33fb352503e99fca55533decab34d11de565c7e,2017-10-31T06:19:07.000Z,0.00129,0x1eaa18a0e964d346f2b5182be3f97d7aab5145b9,buy,0x3d1ba9be9f66b8ee101911bc36d3fb562eac2244,0x5f6d3b3fe8fe8ae854c4729d84d5c634df18ff3830c1a1f2a1a74ec3226acab1
132,4.788,0.009576,0xa33fb352503e99fca55533decab34d11de565c7e,2017-10-31T06:17:50.000Z,0.002,0xe350ff7da4eb736284900af29ee141742db52f90,buy,0x3d1ba9be9f66b8ee101911bc36d3fb562eac2244,0x722c7f1bfdd942b521c66d935719a026787c5853d7416cdd748dfe4ea3fe1c96
133,80.15567664768061,0.12247787391765597,0xa33fb352503e99fca55533decab34d11de565c7e,2017-10-31T06:13:42.000Z,0.001528,0xc9c8e93d0a6e11aad06650e79ad535e8beeb9fb4,buy,0x3d1ba9be9f66b8ee101911bc36d3fb562eac2244,0x417ec4e01c4188c75021f4622eb21ac917abba5dcb6ae2d02fe6b3d8e5899cb5
134,3255.0331610254834,3.320140334312315,0x65862c25a18b240b47315aa1722636bfad8992aa,2017-10-31T04:13:36.000Z,0.0010200019999999999,0x4ba3bc03df9924c0e7143ecc8ccad8109f5b1551,sell,0x3d1ba9be9f66b8ee101911bc36d3fb562eac2244,0x8204ac936d1c6bfcff03e16d9afcbf0ebb7d4824287b8cfef3c4c99d31236ef5
135,32.16138636851588,0.03696758394742689,0xec6bde7636fc058f0c842eda15772b93eaa572cc,2017-10-31T04:13:20.000Z,0.00114944,0x4ba3bc03df9924c0e7143ecc8ccad8109f5b1551,buy,0x3d1ba9be9f66b8ee101911bc36d3fb562eac2244,0xb0534f7adca4d97eabab1ae87cf223c3776eb4b7b1a434d522208fd78e60ee67
136,150,0.1545,0xf70668675f6fd6f6c3deddeba34a5e7d968fe349,2017-10-31T04:12:40.000Z,0.00103,0x4ba3bc03df9924c0e7143ecc8ccad8109f5b1551,sell,0x3d1ba9be9f66b8ee101911bc36d3fb562eac2244,0x5aba9b6f84cf6bbf0a02c15e4b4638d54cdc3ba2873bc44d5fda963674eed592
137,300,0.344832,0xec6bde7636fc058f0c842eda15772b93eaa572cc,2017-10-31T04:12:06.000Z,0.00114944,0x4ba3bc03df9924c0e7143ecc8ccad8109f5b1551,buy,0x3d1ba9be9f66b8ee101911bc36d3fb562eac2244,0xa8e721c4e80e86fa02928cca5a47ad422cc3ecf92c6d91b054cef09d7dfd1b7a
138,2000,2.06,0x65862c25a18b240b47315aa1722636bfad8992aa,2017-10-31T04:11:08.000Z,0.00103,0x4ba3bc03df9924c0e7143ecc8ccad8109f5b1551,sell,0x3d1ba9be9f66b8ee101911bc36d3fb562eac2244,0xd66f849aafbb719059b9e0cee96ef083cc9ecca9c23d642e21c0ef081880a40d
139,2000,2.0600002,0x65862c25a18b240b47315aa1722636bfad8992aa,2017-10-31T04:10:29.000Z,0.0010300001,0x4ba3bc03df9924c0e7143ecc8ccad8109f5b1551,sell,0x3d1ba9be9f66b8ee101911bc36d3fb562eac2244,0x17a49d63abbfdedf44ebab517c8eca31f63e3a7dedae696ffa0b5da91364cb02
140,1000,1.100001,0x65862c25a18b240b47315aa1722636bfad8992aa,2017-10-31T04:09:15.000Z,0.001100001,0x4ba3bc03df9924c0e7143ecc8ccad8109f5b1551,sell,0x3d1ba9be9f66b8ee101911bc36d3fb562eac2244,0x82379c40e1520e4742ada727391e4d4be4cb04802100626521c80208c6bfc291
141,1450.3847971289003,1.5954261776113847,0xeba6599608b82c30144ae577fd8f29829c0f500e,2017-10-31T04:08:00.000Z,0.001100002,0x4ba3bc03df9924c0e7143ecc8ccad8109f5b1551,sell,0x3d1ba9be9f66b8ee101911bc36d3fb562eac2244,0xae653f30062274e3e6c5d43c6c954764db4667e9f92031175150aa6696f4bf40
142,390.3251918675134,0.43326096297293987,0x4bc06ac47c58edcf973ff3daaef26de4518e7fb5,2017-10-31T04:06:21.000Z,0.00111,0x4ba3bc03df9924c0e7143ecc8ccad8109f5b1551,sell,0x3d1ba9be9f66b8ee101911bc36d3fb562eac2244,0x0986db60d0a5178e079b75a885e8a310e6630949d9e79f2c886490a5de2ee7fe
143,500,0.56,0x4bc06ac47c58edcf973ff3daaef26de4518e7fb5,2017-10-31T04:05:22.000Z,0.00112,0x4ba3bc03df9924c0e7143ecc8ccad8109f5b1551,sell,0x3d1ba9be9f66b8ee101911bc36d3fb562eac2244,0x9794457aec17fa9ec434424ceff15d705489b202a99cb264ed066c713fd62817
144,500,0.5625,0x4bc06ac47c58edcf973ff3daaef26de4518e7fb5,2017-10-31T04:04:08.000Z,0.001125,0x4ba3bc03df9924c0e7143ecc8ccad8109f5b1551,sell,0x3d1ba9be9f66b8ee101911bc36d3fb562eac2244,0x3378d2efd8b381b26a60b6a49ddac77fc337fd102ec3f32dc4f6b68fea3c360b
145,1000,1.13,0x4bc06ac47c58edcf973ff3daaef26de4518e7fb5,2017-10-31T04:03:18.000Z,0.00113,0x4ba3bc03df9924c0e7143ecc8ccad8109f5b1551,sell,0x3d1ba9be9f66b8ee101911bc36d3fb562eac2244,0x2aa03b49688703ed5bc484038834b125299ba3b9a3427faf4f2433607448ccc1
146,4364,4.988052,0xd0d1c35e385677437b308450533ba5120c216214,2017-10-31T04:01:36.000Z,0.001143,0x4ba3bc03df9924c0e7143ecc8ccad8109f5b1551,sell,0x3d1ba9be9f66b8ee101911bc36d3fb562eac2244,0x9dc0be48b4ca5e0be3256a1091a8c19bb5fb5bb9d00d6e8b00947554e018bade
147,394.046,0.452758854,0x98bc4edba4aaced9500b04e318af09c79438bc60,2017-10-31T04:01:36.000Z,0.001149,0x4ba3bc03df9924c0e7143ecc8ccad8109f5b1551,sell,0x3d1ba9be9f66b8ee101911bc36d3fb562eac2244,0x5bd0ce50a52ffa4047c754fbbdaae868a02f8c13134b559f83ae6c64a46311df
148,1000,1.14944,0x905312a807dc2daa2b7aa65839c7a8d6ef3e0ea2,2017-10-31T03:55:36.000Z,0.00114944,0x4ba3bc03df9924c0e7143ecc8ccad8109f5b1551,sell,0x3d1ba9be9f66b8ee101911bc36d3fb562eac2244,0xe94bb6a30f07696e91791e107435c61eb94c9c4116728cd9151529eb7a108b40
149,1604.897899145981,1.8447354460922554,0x6bd09ad951b1084c91aba206a03b36e9e6c7a9ac,2017-10-31T03:51:01.000Z,0.001149441,0x4ba3bc03df9924c0e7143ecc8ccad8109f5b1551,sell,0x3d1ba9be9f66b8ee101911bc36d3fb562eac2244,0x2486b80519a580eb5148ac16481f2f891f9eff978760dab87080eed9b7b0747f
150,95.10210085401911,0.10931425390774459,0x6bd09ad951b1084c91aba206a03b36e9e6c7a9ac,2017-10-31T02:58:25.000Z,0.001149441,0x17fbc5cd4b576e8947df8582dbd4f8055c3735d6,sell,0x3d1ba9be9f66b8ee101911bc36d3fb562eac2244,0x59787eefead3ba9c824156574d392631d724e9cb562f39faf1e3db816d1309fe
151,0.0688749583696709,0.000079137327166751,0x98bc4edba4aaced9500b04e318af09c79438bc60,2017-10-31T02:09:16.000Z,0.0011489999999999873,0x28845e6e3c5a350cfadf14bf263e00fd5ec42a61,sell,0x3d1ba9be9f66b8ee101911bc36d3fb562eac2244,0x02b002332abf092071c6fcc237673f696abb61931d14f8c584b9e3acca01e38d
152,690.8847074061689,0.7938265288096881,0x98bc4edba4aaced9500b04e318af09c79438bc60,2017-10-31T02:07:38.000Z,0.001149,0x28845e6e3c5a350cfadf14bf263e00fd5ec42a61,sell,0x3d1ba9be9f66b8ee101911bc36d3fb562eac2244,0x1ae20f3d83d7aab9a0fdf80df0dfb2960fe23512e0bb9f606c21bc66a83d70d4
153,100,0.114,0x462cdf194d12c5168e804fe7d91e639fb3bed21d,2017-10-31T01:50:27.000Z,0.00114,0x28845e6e3c5a350cfadf14bf263e00fd5ec42a61,sell,0x3d1ba9be9f66b8ee101911bc36d3fb562eac2244,0x1eb0e1d2d06555fa40f753fcbcdd00e1e28977b0af925d9d04ffddb5b544a298
154,750,0.9075,0x4bc06ac47c58edcf973ff3daaef26de4518e7fb5,2017-10-31T01:19:00.000Z,0.00121,0x28845e6e3c5a350cfadf14bf263e00fd5ec42a61,sell,0x3d1ba9be9f66b8ee101911bc36d3fb562eac2244,0xd9b39b6d003a27ce026ed08c2ef85b6209341dd89948d4d1e80153edeed4b1ef
155,167,0.2004,0x4bc06ac47c58edcf973ff3daaef26de4518e7fb5,2017-10-31T01:09:09.000Z,0.0012,0x28845e6e3c5a350cfadf14bf263e00fd5ec42a61,sell,0x3d1ba9be9f66b8ee101911bc36d3fb562eac2244,0x9beb90ae740ebb7828d38402aa9baa49dd5a48f4651b3510736403d4ee417d8a
156,100,0.12105,0x462cdf194d12c5168e804fe7d91e639fb3bed21d,2017-10-31T01:09:09.000Z,0.0012105,0x28845e6e3c5a350cfadf14bf263e00fd5ec42a61,sell,0x3d1ba9be9f66b8ee101911bc36d3fb562eac2244,0x950cdc5550a1173aa92b16d72a6f43ff6d3686923eff71816e39acd34efc2ac2
157,9.61520287109959,0.010576742388615293,0xeba6599608b82c30144ae577fd8f29829c0f500e,2017-10-31T00:59:24.000Z,0.0011000019999999999,0x35f48a13528d22e3c313366130f53fb2d7302b0c,sell,0x3d1ba9be9f66b8ee101911bc36d3fb562eac2244,0xfd484321e264ca0d1f28468aa2e26e7ba28b5967a8fcd4318a197db5e2310998
158,8.33,0.009996,0x4bc06ac47c58edcf973ff3daaef26de4518e7fb5,2017-10-31T00:57:57.000Z,0.0012,0x35f48a13528d22e3c313366130f53fb2d7302b0c,sell,0x3d1ba9be9f66b8ee101911bc36d3fb562eac2244,0x08bedbeb5d22a8514f5993be547b98887b77ffaef536add433234a6b99d1ee31
159,824,1.0094,0x4bc06ac47c58edcf973ff3daaef26de4518e7fb5,2017-10-31T00:55:51.000Z,0.001225,0x28845e6e3c5a350cfadf14bf263e00fd5ec42a61,sell,0x3d1ba9be9f66b8ee101911bc36d3fb562eac2244,0xf70ba2fb42b7069935a6b8554ed2d102b8105a59d31617b32c63e5c2f49c42bb
160,2500,3.125,0x4bc06ac47c58edcf973ff3daaef26de4518e7fb5,2017-10-31T00:55:51.000Z,0.00125,0x28845e6e3c5a350cfadf14bf263e00fd5ec42a61,sell,0x3d1ba9be9f66b8ee101911bc36d3fb562eac2244,0xa2c04955ff8be5b8afe6b5fe2cc08d38091035400e06ce6de5ba320be496ae3e
161,292.9719288644917,0.4130904196989333,0x4bc06ac47c58edcf973ff3daaef26de4518e7fb5,2017-10-31T00:54:36.000Z,0.00141,0x364fcdc8081107b94993aaca3cfe3c8d0c3fe699,buy,0x3d1ba9be9f66b8ee101911bc36d3fb562eac2244,0x5152a11f16a4bd939ce1085bf7a5c398a87986884fd33c1108105e4c89d67a05
162,707.0280711355083,0.9969095803010667,0x98bc4edba4aaced9500b04e318af09c79438bc60,2017-10-31T00:53:53.000Z,0.00141,0x364fcdc8081107b94993aaca3cfe3c8d0c3fe699,buy,0x3d1ba9be9f66b8ee101911bc36d3fb562eac2244,0x5a4cd96c4f2b2b10ca1bce80fa9948bc7d36a42b3f87911ac6529b3f303f00f4
163,327.55,0.461838949,0x4bc06ac47c58edcf973ff3daaef26de4518e7fb5,2017-10-31T00:52:32.000Z,0.00140998,0x6f32259c9deb25f94f7a7719d92d94e5bf0ac2fa,buy,0x3d1ba9be9f66b8ee101911bc36d3fb562eac2244,0xa293578ff29a339aa475083e78509df6d747aa73f68371bce4779868a094e331
164,915.3854779779533,1.1808463512060818,0x4bc06ac47c58edcf973ff3daaef26de4518e7fb5,2017-10-31T00:43:09.000Z,0.001289999,0x64340e540165af3f1a86ccf8548286e804400233,buy,0x3d1ba9be9f66b8ee101911bc36d3fb562eac2244,0xde794885cc240b3638cd29ee412d79b59f640b5e8b9315fd128fb34ea223637f
165,477,0.615329523,0xec6bde7636fc058f0c842eda15772b93eaa572cc,2017-10-31T00:37:27.000Z,0.001289999,0x64340e540165af3f1a86ccf8548286e804400233,buy,0x3d1ba9be9f66b8ee101911bc36d3fb562eac2244,0xe5770497b1a7f73dda936804493dbd8adf13e4df48948a83a525c1cea92f1221
166,0.07781145554446244,0.000100376699840901,0x4bc06ac47c58edcf973ff3daaef26de4518e7fb5,2017-10-31T00:32:53.000Z,0.001289999,0x64340e540165af3f1a86ccf8548286e804400233,buy,0x3d1ba9be9f66b8ee101911bc36d3fb562eac2244,0x727da001d859798a4cfeffadf27ac13db56ca2504b4881ad982eb7e3ac073039
167,780.5267105665023,1.0068786761040773,0x4bc06ac47c58edcf973ff3daaef26de4518e7fb5,2017-10-31T00:28:52.000Z,0.001289999,0x64340e540165af3f1a86ccf8548286e804400233,buy,0x3d1ba9be9f66b8ee101911bc36d3fb562eac2244,0x8a8b9bbfe451d5c3e807a45f2bcc1011d0696c2771e27141d702bfe49aeaa6f0
168,0.01,0.00001289999,0x0c4085d8e714ca77ac5f46cd2b80a92d238a7cd3,2017-10-31T00:26:05.000Z,0.001289999,0x64340e540165af3f1a86ccf8548286e804400233,buy,0x3d1ba9be9f66b8ee101911bc36d3fb562eac2244,0x458b2f5d6a2de8775e5833fb91b25bcee74ba2617d3c7ca0ca76a22c90e43158
169,901,1.16229,0x65862c25a18b240b47315aa1722636bfad8992aa,2017-10-30T23:53:40.000Z,0.00129,0x8bb9792b782bf594d26c8d3241752929549fa429,buy,0x3d1ba9be9f66b8ee101911bc36d3fb562eac2244,0x0f1d0e3e62897cb2370322038ec0bc18f9081efd50865314157ff34bb408fc09
170,75,0.096,0x65862c25a18b240b47315aa1722636bfad8992aa,2017-10-30T23:53:28.000Z,0.00128,0x1eaa18a0e964d346f2b5182be3f97d7aab5145b9,buy,0x3d1ba9be9f66b8ee101911bc36d3fb562eac2244,0x009cdbab4676115688fd2eb61e7b4331ccad328012acde768227512dc0229d52
171,8.025,0.00963,0x65862c25a18b240b47315aa1722636bfad8992aa,2017-10-30T23:53:28.000Z,0.0012,0x73807e288101c2ea92ba1c48a2eacdbc0e3b939b,buy,0x3d1ba9be9f66b8ee101911bc36d3fb562eac2244,0x295e654197d06cc61149abd577aa6d62aff9722a12c697a53363d5897660853c
172,99,0.12771,0x65862c25a18b240b47315aa1722636bfad8992aa,2017-10-30T23:53:28.000Z,0.00129,0x501f0ee9eb4f9d189f334c0785101f7c29f6d117,buy,0x3d1ba9be9f66b8ee101911bc36d3fb562eac2244,0x55ff0cc2e164233df8be847f1f31437f2ba7046331ae3841528426734527cfff
173,731.0666932509222,0.7391150064769215,0x64340e540165af3f1a86ccf8548286e804400233,2017-10-30T21:02:12.000Z,0.001011009,0xa5984a9482fdc40fba3fbfab61ebeb676c83bce1,sell,0x3d1ba9be9f66b8ee101911bc36d3fb562eac2244,0x1dca67256a930c33a3dcb920af00f96895e13a41f1fafff82381ed6780c953c8
174,93.602,0.143117458,0x8f173c2b73df9f91f484a39af4553e2b4d0b89a6,2017-10-30T20:31:00.000Z,0.001529,0xd94d5079b844f90b1991873a2f41a2f75cf3a9d9,buy,0x3d1ba9be9f66b8ee101911bc36d3fb562eac2244,0xb484eda1ac0d8a1f2be502a670d7c7ce97a0ff80389c795828225d394e67f645
175,36.6666666666666,0.05224999999999991,0x8f173c2b73df9f91f484a39af4553e2b4d0b89a6,2017-10-30T20:30:34.000Z,0.001425,0x1099b992dffe76b4bdface01f3516aaca6309544,buy,0x3d1ba9be9f66b8ee101911bc36d3fb562eac2244,0x95622869214204773d37c988d4e43523c43f03d41e2edcb3f2e80602b08ca036
176,0.31799347251694915,0.000453141016330125,0xf36990a2cb4d609e0a7d4f3bf884c0342d81fd3d,2017-10-30T20:06:41.000Z,0.0014250009999999997,0x1d5321e125f6c7079a716705541c7b371ca79e69,sell,0x3d1ba9be9f66b8ee101911bc36d3fb562eac2244,0x693ba12cbec3c831fb3c8a689f0dcb0fd3877cf94a5b43dd04a0664053251ee9
177,0.3189474529345,0.00041463168881485,0x1d5321e125f6c7079a716705541c7b371ca79e69,2017-10-30T20:06:41.000Z,0.0013,0x64340e540165af3f1a86ccf8548286e804400233,buy,0x3d1ba9be9f66b8ee101911bc36d3fb562eac2244,0x693ba12cbec3c831fb3c8a689f0dcb0fd3877cf94a5b43dd04a0664053251ee9
178,0.05252986257008617,0.000053107743588219,0x64340e540165af3f1a86ccf8548286e804400233,2017-10-30T19:17:55.000Z,0.0010110009999999869,0x1e91f21b3631a61c1c75e2a20c8f4364bd772de6,sell,0x3d1ba9be9f66b8ee101911bc36d3fb562eac2244,0xbb7ec4488a42ee1aa6b0b1ada12dae9bbab1701175593ccfeaec5b0a2bf7b6f3
179,526.9270514405343,0.5327237759334317,0x64340e540165af3f1a86ccf8548286e804400233,2017-10-30T19:16:07.000Z,0.001011001,0x1e91f21b3631a61c1c75e2a20c8f4364bd772de6,sell,0x3d1ba9be9f66b8ee101911bc36d3fb562eac2244,0x7e3cf334908661948d49ab2a070ef332350eb43bb18f7c85d3de987f747e6ff4
180,75.86676354374013,0.07594263030728388,0x1eaa18a0e964d346f2b5182be3f97d7aab5145b9,2017-10-30T18:49:52.000Z,0.001001,0xb471e18431d922d65e11e04a95a9d426ca92dc08,sell,0x3d1ba9be9f66b8ee101911bc36d3fb562eac2244,0x5acd6a1cc68048c86c4c7a4b906a7f428bb99c4e3c06d853a7075f3d07dcbd91
181,338,0.4394,0x35fe0458aaa928a43f2d3365904917d324afad6b,2017-10-30T18:48:20.000Z,0.0013,0xb471e18431d922d65e11e04a95a9d426ca92dc08,sell,0x3d1ba9be9f66b8ee101911bc36d3fb562eac2244,0xb14d4942c3300944098f242589efec591466a03b897bcf7fdb97fb937b9e48e8
182,1000,1.3,0x364fcdc8081107b94993aaca3cfe3c8d0c3fe699,2017-10-30T18:45:15.000Z,0.0013,0xb471e18431d922d65e11e04a95a9d426ca92dc08,sell,0x3d1ba9be9f66b8ee101911bc36d3fb562eac2244,0x607b4bcb828752b78c697e480924f8b9da3c5ea00f40c77853b64d6804fd0df4
183,768,0.998400768,0xb98992c45c85c6e72d25e67563ae69383b2a88f7,2017-10-30T18:45:15.000Z,0.001300001,0xb471e18431d922d65e11e04a95a9d426ca92dc08,sell,0x3d1ba9be9f66b8ee101911bc36d3fb562eac2244,0xbf7a2e617a54d6ca05f2a5e29a53febf109bdc0e405b70a1a1a0e43916230eec
184,3091.413518093909,4.123954907377828,0xeaa3c4a5914630143536f0593ecfa1035a7ba3e6,2017-10-30T18:44:18.000Z,0.001334003,0xb471e18431d922d65e11e04a95a9d426ca92dc08,sell,0x3d1ba9be9f66b8ee101911bc36d3fb562eac2244,0x3cdc1ac37a334614a62654028aa081d5de683040de1ddff9ccca05e853472370
185,1484,1.99598,0xc20597ee42aeba251f5f4a183df228f6cc201451,2017-10-30T18:44:16.000Z,0.001345,0xb471e18431d922d65e11e04a95a9d426ca92dc08,sell,0x3d1ba9be9f66b8ee101911bc36d3fb562eac2244,0xcf689042d68c8138dcc47985c5c4b44608d45222ebf919d37c8b50a4dd39be14
186,2000,2.720002,0xe1089b57bf22df59f18fc13765ceeb5f80bf5181,2017-10-30T18:44:08.000Z,0.001360001,0xb471e18431d922d65e11e04a95a9d426ca92dc08,sell,0x3d1ba9be9f66b8ee101911bc36d3fb562eac2244,0x440e21c115717bda38f41ce08ebeb109098966d9991c63bef78488dd1e27f0d1
187,1.959,0.00266424,0x4be92967187eae849754be4cc274ebf029030481,2017-10-30T18:44:08.000Z,0.00136,0xb471e18431d922d65e11e04a95a9d426ca92dc08,sell,0x3d1ba9be9f66b8ee101911bc36d3fb562eac2244,0xa7ac1f1f022c5d503ece0996ba75f2575d70dc2f9130c92a71a643fcd7a7169b
188,1370.9097645474412,1.8644372797845201,0x2ba9c731fee711cdae043b3856b7531ade0e4206,2017-10-30T18:44:08.000Z,0.00136,0xb471e18431d922d65e11e04a95a9d426ca92dc08,sell,0x3d1ba9be9f66b8ee101911bc36d3fb562eac2244,0xd41b951d3894e1cd593fcd80cc0ce0a0c335dc62ebbf332fe4b3713e16fadd20
189,552.64,0.75159150528,0xe1089b57bf22df59f18fc13765ceeb5f80bf5181,2017-10-30T18:43:35.000Z,0.001360002,0xb471e18431d922d65e11e04a95a9d426ca92dc08,sell,0x3d1ba9be9f66b8ee101911bc36d3fb562eac2244,0xed3e1838a190b3010f6c2ed386348d2c9135f7cf70f2b7f615f4249473f0d8d5
190,385,0.5313,0xf6fb36e1af626d2ef11ff745fbbf4e565e8b56a5,2017-10-30T18:43:33.000Z,0.00138,0xb471e18431d922d65e11e04a95a9d426ca92dc08,sell,0x3d1ba9be9f66b8ee101911bc36d3fb562eac2244,0xd0ccfb25e65fe7d39682513e7b6922718671262862d587f31df567962d8631bf
191,1931.2583979663045,2.62651528375097,0xe1089b57bf22df59f18fc13765ceeb5f80bf5181,2017-10-30T18:31:12.000Z,0.001360002,0x6ef6e0031e822a76777323c8cb3e5ed109b189a8,sell,0x3d1ba9be9f66b8ee101911bc36d3fb562eac2244,0x739645cbc7f64a3532127cccd63d6eeac9c01a57381be004e2b8a17f1312d3ae
192,62.567,0.08571679,0x4be92967187eae849754be4cc274ebf029030481,2017-10-30T18:24:55.000Z,0.00137,0x6ef6e0031e822a76777323c8cb3e5ed109b189a8,sell,0x3d1ba9be9f66b8ee101911bc36d3fb562eac2244,0x1661681c02821fec3588f8b0eada9f9fcc4ecdebcb52f62815e849067247fee6
193,19.43255619579304,0.026622601988236468,0x4be92967187eae849754be4cc274ebf029030481,2017-10-30T18:10:20.000Z,0.00137,0x4ced2b7d27ac74b0ecb2440d9857ba6c6407149f,sell,0x3d1ba9be9f66b8ee101911bc36d3fb562eac2244,0x43ea341b27981281358702d42dc87122e5a2767069f385adf3705fe6dfaf3001
194,0.10148442183755943,0.000138019016667924,0xe1089b57bf22df59f18fc13765ceeb5f80bf5181,2017-10-30T17:07:22.000Z,0.0013600019999999951,0x64340e540165af3f1a86ccf8548286e804400233,sell,0x3d1ba9be9f66b8ee101911bc36d3fb562eac2244,0x49ca0e86e8f5827d22234e21e3c3e7187322bfad7c559c0a69cda6d9d2f350d9
195,1017.9902354525586,1.3844667202154797,0x2ba9c731fee711cdae043b3856b7531ade0e4206,2017-10-30T15:40:36.000Z,0.00136,0x64340e540165af3f1a86ccf8548286e804400233,sell,0x3d1ba9be9f66b8ee101911bc36d3fb562eac2244,0x0b55b9598ed1b7240eff93b1b71d509f3091e7bb303b8672576a6a21aa529555
196,1000,1.38,0xb87cadbee58c3df08761c10dded305fe85639937,2017-10-30T14:44:46.000Z,0.00138,0x64340e540165af3f1a86ccf8548286e804400233,sell,0x3d1ba9be9f66b8ee101911bc36d3fb562eac2244,0xff9ca1acc86a6a5f0c9e025d3c1ec56536415ecfaedf5bb095d2f5b6dbd45176
197,200,0.2745,0x462cdf194d12c5168e804fe7d91e639fb3bed21d,2017-10-30T14:40:47.000Z,0.0013725,0x28845e6e3c5a350cfadf14bf263e00fd5ec42a61,sell,0x3d1ba9be9f66b8ee101911bc36d3fb562eac2244,0x302b749642d80f066c37043a11d525d5e8e87418d403739171e9c418fb9de320
198,3519.861,4.829252811861,0xeaa3c4a5914630143536f0593ecfa1035a7ba3e6,2017-10-30T14:40:47.000Z,0.001372001,0x28845e6e3c5a350cfadf14bf263e00fd5ec42a61,sell,0x3d1ba9be9f66b8ee101911bc36d3fb562eac2244,0xc12460a56a5765238a97146301defa8472ac149e89877054d94581c9a0502277
199,26.80775291589053,0.03678026380835472,0xeaa3c4a5914630143536f0593ecfa1035a7ba3e6,2017-10-30T14:03:48.000Z,0.001372001,0x71d25a7c7213932a77133135b89be476081258ae,sell,0x3d1ba9be9f66b8ee101911bc36d3fb562eac2244,0x60b589339b1056e03e7e5937f86387fcb8a6726de88ef86670eb68e014b7c038
200,1082.7736900379996,1.4898965974922875,0xfae9cdbb31856a1769532e0f52ef12521b886f1c,2017-10-30T14:01:58.000Z,0.001376,0x71d25a7c7213932a77133135b89be476081258ae,sell,0x3d1ba9be9f66b8ee101911bc36d3fb562eac2244,0x4f827541c18a2a3681243d712675dae0ce2398a0f822c29f22e313acbca1444a
201,136.72679702988603,0.1881362094399202,0xc09b0ad7fb5c958af1b8e4a35a90e15072ddcc3e,2017-10-30T13:58:38.000Z,0.001376001,0x71d25a7c7213932a77133135b89be476081258ae,sell,0x3d1ba9be9f66b8ee101911bc36d3fb562eac2244,0x6fc9837633a1507954381a4a617899c7542ebad72d8d982d36954825cb2f02fb
202,23.235486880669924,0.0319720531832887,0xc09b0ad7fb5c958af1b8e4a35a90e15072ddcc3e,2017-10-30T13:31:04.000Z,0.001376001,0x6bea560dba5ff41882c90eb7cde5afb489fe270b,sell,0x3d1ba9be9f66b8ee101911bc36d3fb562eac2244,0xf8e064d4dabbbb3642e2411d1f26c456fcb2a42937a2a426937427c10894b9dd
203,16907.58648190609,22.55477108962217,0xeaa3c4a5914630143536f0593ecfa1035a7ba3e6,2017-10-30T12:47:55.000Z,0.001334003,0x4cdd4f24776eaa45258bed5480efd6917f6eaa7f,sell,0x3d1ba9be9f66b8ee101911bc36d3fb562eac2244,0xdb3375cf60151a93f8d92ae98d5abf2725c456344f5bdd98088b944d688e0b89
204,1.5447851388907339,0.002204408393197077,0x9c232158b5e0f9a23bf9a399cd9197c7f131d13b,2017-10-30T10:11:56.000Z,0.0014269999999999999,0x28845e6e3c5a350cfadf14bf263e00fd5ec42a61,sell,0x3d1ba9be9f66b8ee101911bc36d3fb562eac2244,0xa9113b4599290923ef0a7ca712864dbbf9f020b29348d2984166dad3d9073cf4
205,2.099,0.0029386,0x244beb883da53d9f6169762af296e944aba5bb84,2017-10-30T10:11:56.000Z,0.0014,0x28845e6e3c5a350cfadf14bf263e00fd5ec42a61,sell,0x3d1ba9be9f66b8ee101911bc36d3fb562eac2244,0xa8d7093b5def5bccf7bece35ca0c0007f1d86492d99abc5e146c324d55c14fef
206,500,0.68825,0x9c232158b5e0f9a23bf9a399cd9197c7f131d13b,2017-10-30T10:05:15.000Z,0.0013765,0x28845e6e3c5a350cfadf14bf263e00fd5ec42a61,sell,0x3d1ba9be9f66b8ee101911bc36d3fb562eac2244,0x3b0f2ce6d378e6861d3295d89f1beb5473c5917f6f899130198be3dad5eaa7af
207,13119.331073671618,17.999735352408532,0xeaa3c4a5914630143536f0593ecfa1035a7ba3e6,2017-10-30T09:16:18.000Z,0.001372001,0x6d10f4bf2c48c5cd5fefdf5ca4cbb60e87c5b359,sell,0x3d1ba9be9f66b8ee101911bc36d3fb562eac2244,0x464de435e93f955f0cd10c48dce7865c26ac39486f694138817da87e97f7f7b7
208,520.0377160894441,0.7155724173767911,0xc09b0ad7fb5c958af1b8e4a35a90e15072ddcc3e,2017-10-30T09:03:42.000Z,0.001376001,0x9778550d76b07ac9f5e57392f68ecdf6efc1774e,sell,0x3d1ba9be9f66b8ee101911bc36d3fb562eac2244,0xa39e60ff709b3d7e27821e690c06e6665369415e6d06b850952f86b43939b2dd
209,463.491,0.6380417106,0x364fcdc8081107b94993aaca3cfe3c8d0c3fe699,2017-10-30T09:02:14.000Z,0.0013766,0x9778550d76b07ac9f5e57392f68ecdf6efc1774e,sell,0x3d1ba9be9f66b8ee101911bc36d3fb562eac2244,0x9ef7b891a1994c76e97a6f79454e042942967cbf7dda8cf21709ea2671c9d64f
210,30,0.04281,0xbfbdd7f780e8f8185051642cca63bdf74727e167,2017-10-30T08:17:37.000Z,0.001427,0x28845e6e3c5a350cfadf14bf263e00fd5ec42a61,sell,0x3d1ba9be9f66b8ee101911bc36d3fb562eac2244,0x2f2102571472124d1bf519e495253a0c94b012feb3211a2b8bfa627cc2df8190
211,36.50868665636527,0.050257858051152425,0x364fcdc8081107b94993aaca3cfe3c8d0c3fe699,2017-10-30T08:07:43.000Z,0.0013766,0x4c8b89be299d28341efa2cd5b70ca6db9bc991e0,sell,0x3d1ba9be9f66b8ee101911bc36d3fb562eac2244,0x8dd3763fc59f59fefb1fee31e2a7fd6f2aa58fdf384049a8c6bf57df32c65f73
212,270,0.485946,0x5c4fa72c0199ca949e1abb046710ea46902f2ee3,2017-10-30T03:28:27.000Z,0.0017998,0x4a0424a7714ff91b10c5f22e3c316e030a65ee42,buy,0x3d1ba9be9f66b8ee101911bc36d3fb562eac2244,0x3a93a7e2a338d0d7f16e4336fc2fb4b1c9d38dc5a6c7bc9fae389c3aa6730b65
213,420,0.64134,0x4a0424a7714ff91b10c5f22e3c316e030a65ee42,2017-10-30T03:25:26.000Z,0.001527,0x5c4fa72c0199ca949e1abb046710ea46902f2ee3,buy,0x3d1ba9be9f66b8ee101911bc36d3fb562eac2244,0xb502a283269ebc077061e37729e4b813e56be78f4403acfb46aedd73692d13cf
214,0.339580712902,0.000483902855466062,0xf36990a2cb4d609e0a7d4f3bf884c0342d81fd3d,2017-10-30T02:58:18.000Z,0.0014250009999999974,0x16e5d97bbc92417e051e3b2cabfbf8ceea2acb9c,sell,0x3d1ba9be9f66b8ee101911bc36d3fb562eac2244,0x75eeb3330adaaee6300f4af06e7d21eed4dd852f4aecc58cf33f50608b84c9b7
215,0.3414718341635,0.000486597705154821,0xf36990a2cb4d609e0a7d4f3bf884c0342d81fd3d,2017-10-30T02:56:29.000Z,0.001425000999999998,0x379374d13077e8867ef31803c37baf9785a17c00,sell,0x3d1ba9be9f66b8ee101911bc36d3fb562eac2244,0x2c1c617d811c5b004dfce5624593fd18b6085b32a8b8f9ebfa3e0cadd11b4569
216,500,0.71595,0xf74fccfc0497132279917ef932dacc650fdfa0bd,2017-10-30T02:29:54.000Z,0.0014319,0x364fcdc8081107b94993aaca3cfe3c8d0c3fe699,buy,0x3d1ba9be9f66b8ee101911bc36d3fb562eac2244,0x169b8e940a2668e0c9a0ca6f62c3fa8159befcc154ae38b439d5e435541f4686
217,2000,2.864,0xf74fccfc0497132279917ef932dacc650fdfa0bd,2017-10-30T02:25:32.000Z,0.001432,0x66d509ac9cbf817162edf4bf124f22a1ffcc7171,buy,0x3d1ba9be9f66b8ee101911bc36d3fb562eac2244,0xb73a033c2042f90d8e7ecc1bd430ac8b6a668c8c7c4823577c584eb4bda1b825
218,624.5288013474866,0.8942621661206647,0xf74fccfc0497132279917ef932dacc650fdfa0bd,2017-10-30T02:24:25.000Z,0.001431899,0xd990b20677084e0ecc854a956cb15a401515dfe8,buy,0x3d1ba9be9f66b8ee101911bc36d3fb562eac2244,0x29f868a503d29fc3c2e0787ab1803ec3dd52e07dafb6925140055bcc5a39994d
219,699.3511986525134,1.0014002819993353,0xf74fccfc0497132279917ef932dacc650fdfa0bd,2017-10-30T02:16:59.000Z,0.001431899,0xd990b20677084e0ecc854a956cb15a401515dfe8,buy,0x3d1ba9be9f66b8ee101911bc36d3fb562eac2244,0x70b342d5b6ece69a39a08bfd6b8ef3fd295fa19bfc9b3d3b0b534edf45910c1d
220,489,0.700198611,0xf74fccfc0497132279917ef932dacc650fdfa0bd,2017-10-30T02:13:20.000Z,0.001431899,0xd990b20677084e0ecc854a956cb15a401515dfe8,buy,0x3d1ba9be9f66b8ee101911bc36d3fb562eac2244,0x7d78022aab02da52ad15d2763c58bf81e3ec36819e44e4ecf5baf4f36b5d3e17
221,263.0600932132038,0.3619706882613684,0xfae9cdbb31856a1769532e0f52ef12521b886f1c,2017-10-30T01:47:25.000Z,0.001376,0x9778550d76b07ac9f5e57392f68ecdf6efc1774e,sell,0x3d1ba9be9f66b8ee101911bc36d3fb562eac2244,0xf3898fca67a2d245aec5e4f318654bfb9b4ea19c8ccef7e6ca775399e8069622
222,107.6662346725152,0.1481487389093809,0xfae9cdbb31856a1769532e0f52ef12521b886f1c,2017-10-30T01:35:33.000Z,0.001376,0x0a1666fe7f138403b04e980c9358182a08f911b7,sell,0x3d1ba9be9f66b8ee101911bc36d3fb562eac2244,0x1426928c3d26459ff04625577f49dd2b1569fc96ec269dca6cdea94946ddd9c9
223,138.75230630929428,0.1909231734815889,0xfae9cdbb31856a1769532e0f52ef12521b886f1c,2017-10-30T00:12:44.000Z,0.001376,0xa63a343a028d70606d7f0fddfc47b7bf5954e234,sell,0x3d1ba9be9f66b8ee101911bc36d3fb562eac2244,0x9c99843790a90129eaec0dd2ba4ec7896b51a5b63312ae52e82b60bfc1c133dc
224,128.97350812871372,0.18082098736996477,0x5efa158712f755094df88f85406ecb7949cfbda4,2017-10-30T00:10:19.000Z,0.001402001,0xa63a343a028d70606d7f0fddfc47b7bf5954e234,sell,0x3d1ba9be9f66b8ee101911bc36d3fb562eac2244,0xde818b693cb6d4079dd7b44d7f7638bb7935bc97886455569a11bf4601bfb434
225,500,0.70005,0x364fcdc8081107b94993aaca3cfe3c8d0c3fe699,2017-10-30T00:10:12.000Z,0.0014001,0xa63a343a028d70606d7f0fddfc47b7bf5954e234,sell,0x3d1ba9be9f66b8ee101911bc36d3fb562eac2244,0xc5839807b536109a84f9f4b4424cdda6c955abaae02d0a56bae60860a05ab924
226,302.39557372146345,0.4239588967530655,0x5efa158712f755094df88f85406ecb7949cfbda4,2017-10-30T00:09:26.000Z,0.001402001,0x99bff24ee00bb6a32ea54a98fbee3742c2eb0436,sell,0x3d1ba9be9f66b8ee101911bc36d3fb562eac2244,0x14dcded346d4430d01f16fcf02e442d2377cbe43a4376e97054d74d57e8014b2
227,183.333,0.261249525,0xf6fb36e1af626d2ef11ff745fbbf4e565e8b56a5,2017-10-29T23:58:59.000Z,0.001425,0xa49fdb01b57e943999aade25262cca6fc7f1b94f,buy,0x3d1ba9be9f66b8ee101911bc36d3fb562eac2244,0x904407a64eee50549eb3aedff2d39b087be62324e22c75b8a06f615c06aa00fc
228,325.6575047353205,0.45592376320449607,0xcc9746088d51b288f989c1d3e7779bbc2c067166,2017-10-29T21:56:44.000Z,0.00140001,0xe1b6c5d167a0681ed2e3bb1a8c8983ea0da4b224,sell,0x3d1ba9be9f66b8ee101911bc36d3fb562eac2244,0xbf0e59c2261509c94433a5dfbe0a982bc7939127ebcba24bb51a643caea2ed33
229,466.105,0.66466573,0x364fcdc8081107b94993aaca3cfe3c8d0c3fe699,2017-10-29T21:54:11.000Z,0.001426,0xe1b6c5d167a0681ed2e3bb1a8c8983ea0da4b224,sell,0x3d1ba9be9f66b8ee101911bc36d3fb562eac2244,0x26ebcc44ef67cf65a6c01bc511eebfdbfb7d0880485a322ee13fd0e966bc6cd4
230,205.214,0.292635369214,0x47a02f835f1fbdfbe45341dee9aa0b8da86d6a4b,2017-10-29T21:53:49.000Z,0.001426001,0xe1b6c5d167a0681ed2e3bb1a8c8983ea0da4b224,sell,0x3d1ba9be9f66b8ee101911bc36d3fb562eac2244,0x6523d72728b7b52c7a345dedac66fa27fe430c082d96b33beefa17d0b110386f
231,0.000018016922654689,0.000000025710148628,0x9c232158b5e0f9a23bf9a399cd9197c7f131d13b,2017-10-29T20:59:11.000Z,0.0014269999999866124,0xae62c1ac0af16b82eb2e9f506fcca5c61faccc6d,sell,0x3d1ba9be9f66b8ee101911bc36d3fb562eac2244,0x1ccc1b9fec2b66e88db6de7c00655587cd1f4b1916ff4a02276b41524727717b
232,0.18072775114918643,0.00025771795386649,0x47a02f835f1fbdfbe45341dee9aa0b8da86d6a4b,2017-10-29T20:58:44.000Z,0.0014260009999999945,0xae62c1ac0af16b82eb2e9f506fcca5c61faccc6d,sell,0x3d1ba9be9f66b8ee101911bc36d3fb562eac2244,0x1c96d665438b81cf5e1e0e5c3765bf4467a5cb78ff209e708a673538e2ed3569
233,1812.880071777489,2.543472553583889,0xd990b20677084e0ecc854a956cb15a401515dfe8,2017-10-29T20:57:57.000Z,0.001403001,0xae62c1ac0af16b82eb2e9f506fcca5c61faccc6d,sell,0x3d1ba9be9f66b8ee101911bc36d3fb562eac2244,0x42ae90e01256ab12b49c8b9e7f7d4822d217edb3915c90406c1cdbc423b95691
234,99.51032335231939,0.15205177408234405,0x3336c63be5a4e3573eb75b92e29a2ee7bafa0e4b,2017-10-29T18:29:36.000Z,0.001528,0xc9c8e93d0a6e11aad06650e79ad535e8beeb9fb4,buy,0x3d1ba9be9f66b8ee101911bc36d3fb562eac2244,0x361ea9022c1f468926dbe734fb1ab4f92e2746bbc2afcc25e85d093e61190e8b
235,88.70364908782773,0.12649149230289145,0x47a02f835f1fbdfbe45341dee9aa0b8da86d6a4b,2017-10-29T16:44:59.000Z,0.001426001,0x0af69da5a1557bd16f14e51e21749166eb5dd58a,sell,0x3d1ba9be9f66b8ee101911bc36d3fb562eac2244,0x2f8371979fc9f7ec5dc1cdc3d68d5d5a676d9f5fdf9dfe31e68e132cf5bff250
236,29,0.041354029,0x47a02f835f1fbdfbe45341dee9aa0b8da86d6a4b,2017-10-29T16:41:54.000Z,0.001426001,0x0af69da5a1557bd16f14e51e21749166eb5dd58a,sell,0x3d1ba9be9f66b8ee101911bc36d3fb562eac2244,0x0711e58ea0a218cab4731042f9cad2883ff9b7c2bd639cd4c4653693a44ee28e
237,376.9015564084667,0.5374619963400299,0x47a02f835f1fbdfbe45341dee9aa0b8da86d6a4b,2017-10-29T14:57:24.000Z,0.001426001,0x800b2daa2500de1828abd925c8d693476abe0932,sell,0x3d1ba9be9f66b8ee101911bc36d3fb562eac2244,0xf6d42094756ebdbee77a7737806372144669a498e37147503e6162cf0ee8903e
238,498.45479019107296,0.7112949856026611,0x9c232158b5e0f9a23bf9a399cd9197c7f131d13b,2017-10-29T12:35:32.000Z,0.0014269999999999999,0x71d25a7c7213932a77133135b89be476081258ae,sell,0x3d1ba9be9f66b8ee101911bc36d3fb562eac2244,0x2d25f67f6e527e94cc6049f45f3d992d1ba73944c7d299bd3ebfc943dde3d4fb
239,0.000406653113626334,0.000000580293993144,0x9c232158b5e0f9a23bf9a399cd9197c7f131d13b,2017-10-29T12:32:04.000Z,0.0014269999999980854,0x71d25a7c7213932a77133135b89be476081258ae,sell,0x3d1ba9be9f66b8ee101911bc36d3fb562eac2244,0xce8ba36c46d22ef04b09782f8696b5f79c1322a2f73e613aa72c65c3284eccc8
240,33.89492573023627,0.04833416409131692,0x364fcdc8081107b94993aaca3cfe3c8d0c3fe699,2017-10-29T11:05:11.000Z,0.001426,0xa3406b9ef2aab95b0f2431982fefdc0de4662313,sell,0x3d1ba9be9f66b8ee101911bc36d3fb562eac2244,0xa74c70f398500ec8716fb0b9e9a19dbd12c27b895341cf9ffb27167c4c70cf4b
241,841.6005159175405,1.2960479625026942,0xb44172eb7ef330b3bebda2d9167b3a23e84b271f,2017-10-29T06:53:22.000Z,0.00153998,0xf846beec879e4ee0508e8f66a9b8955bb44fe632,buy,0x3d1ba9be9f66b8ee101911bc36d3fb562eac2244,0x94a2194a7863d6d019992ac29ed1e7518e48bbc1e7d8b502dcb5ee98fedcdaea
242,62,0.09548,0x4fec61a00bbeac3f053e9482b7e8f28f0664da7d,2017-10-29T02:54:54.000Z,0.00154,0xa842db65486e996ca467833480b7e50f8a123443,buy,0x3d1ba9be9f66b8ee101911bc36d3fb562eac2244,0xdf2fefd248eb054935daf87d75edcfdabcb77aa53527998fd978b01d111131fc
243,0.12621851665900324,0.000194376515654865,0xe1089b57bf22df59f18fc13765ceeb5f80bf5181,2017-10-29T01:45:43.000Z,0.00154,0xa842db65486e996ca467833480b7e50f8a123443,buy,0x3d1ba9be9f66b8ee101911bc36d3fb562eac2244,0xc2aa5a0630e1309c4cbd01665b7fb2d638ad199a7b7becc93d43eb54c39c272f
244,1229.3763105510354,1.9497908285339423,0xe1089b57bf22df59f18fc13765ceeb5f80bf5181,2017-10-29T01:41:53.000Z,0.001586,0xa842db65486e996ca467833480b7e50f8a123443,buy,0x3d1ba9be9f66b8ee101911bc36d3fb562eac2244,0x581ede8fa37df86c572d0680986354ec6fe3c448d182418defc37750db5d6e51
245,3664,5.64252336,0xe1089b57bf22df59f18fc13765ceeb5f80bf5181,2017-10-29T01:40:47.000Z,0.00153999,0x64340e540165af3f1a86ccf8548286e804400233,buy,0x3d1ba9be9f66b8ee101911bc36d3fb562eac2244,0xaeca1419b0e1a1026b556d4cb7c95ed2b7b217187008ed6b09e6dbd19dd98fa8
246,725,1.102,0xe1089b57bf22df59f18fc13765ceeb5f80bf5181,2017-10-29T01:39:51.000Z,0.00152,0x9bd633da262128b96ca876185239c368fe0e9125,buy,0x3d1ba9be9f66b8ee101911bc36d3fb562eac2244,0xeb8e381f61e2cc37f30e523e59e157632da7fa6a52c4894936964a3f98823ffa
247,1240,1.8786,0xe1089b57bf22df59f18fc13765ceeb5f80bf5181,2017-10-29T01:38:40.000Z,0.001515,0xf818e5d9f3973ca1963d3695262171afd27ae4a1,buy,0x3d1ba9be9f66b8ee101911bc36d3fb562eac2244,0xf84727c4e0957829160876a855a5d2f3eaaaa2bc2ae854fb971fb9a3fab1be57
248,500,0.757,0xe1089b57bf22df59f18fc13765ceeb5f80bf5181,2017-10-29T01:38:20.000Z,0.001514,0x364fcdc8081107b94993aaca3cfe3c8d0c3fe699,buy,0x3d1ba9be9f66b8ee101911bc36d3fb562eac2244,0x7d0bb1e25fd7b4b7754255fe5607cfaaed752cd81c780e30a847454e8c5cdc0a
249,360,0.54,0xe1089b57bf22df59f18fc13765ceeb5f80bf5181,2017-10-29T01:37:58.000Z,0.0015,0x6e5ab10cb48232e95e871873d02d7aa38f8c0e27,buy,0x3d1ba9be9f66b8ee101911bc36d3fb562eac2244,0x47218e4f0fa372bb056e25ef0a2e5601078bf7aceaef49b265d4a0eeff180093
250,501.361,0.74201428,0xe1089b57bf22df59f18fc13765ceeb5f80bf5181,2017-10-29T01:37:50.000Z,0.00148,0x1eaa18a0e964d346f2b5182be3f97d7aab5145b9,buy,0x3d1ba9be9f66b8ee101911bc36d3fb562eac2244,0x6070bd5666585c35f47e10ec7d9c395309c48d4686dde65958b536a7614cdc06
251,500,0.745,0xe1089b57bf22df59f18fc13765ceeb5f80bf5181,2017-10-29T01:37:50.000Z,0.00149,0x364fcdc8081107b94993aaca3cfe3c8d0c3fe699,buy,0x3d1ba9be9f66b8ee101911bc36d3fb562eac2244,0x5fd35792fdd0d7d1d4cf681710a832f9960af1a919aab480e3e63e2b4a5a81e3
252,204,0.301716,0xe1089b57bf22df59f18fc13765ceeb5f80bf5181,2017-10-29T01:37:30.000Z,0.001479,0xfbf7dc0756a9768d0c71aea5f8421f3b1eaee7d1,buy,0x3d1ba9be9f66b8ee101911bc36d3fb562eac2244,0xe41db9256909d7c697e0b7fb249ff87a9153ee857f69f91602227572c464cdc6
253,296,0.43808,0x0b8f15c6c6c617cc5d5dbe7f8e0527f82a3685a9,2017-10-29T00:49:35.000Z,0.00148,0x1eaa18a0e964d346f2b5182be3f97d7aab5145b9,buy,0x3d1ba9be9f66b8ee101911bc36d3fb562eac2244,0x5f2b27cb539e15ef27c68ed983f5727dac4dfe3899eaef47b1cf6d1034e0b668
254,101,0.14948,0xb471e18431d922d65e11e04a95a9d426ca92dc08,2017-10-28T23:31:19.000Z,0.00148,0x1eaa18a0e964d346f2b5182be3f97d7aab5145b9,buy,0x3d1ba9be9f66b8ee101911bc36d3fb562eac2244,0xece68d1294563f74b3332f1d117b6b644126cf77e774b5c7eccba73d0a76d69a
255,500,0.735,0xb471e18431d922d65e11e04a95a9d426ca92dc08,2017-10-28T23:06:08.000Z,0.00147,0x364fcdc8081107b94993aaca3cfe3c8d0c3fe699,buy,0x3d1ba9be9f66b8ee101911bc36d3fb562eac2244,0xeef0f51c1062633185e181f5f16d7fd811b8ae630f309ddc69476253968fbca3
256,500,0.73,0xb471e18431d922d65e11e04a95a9d426ca92dc08,2017-10-28T23:05:35.000Z,0.00146,0x1eaa18a0e964d346f2b5182be3f97d7aab5145b9,buy,0x3d1ba9be9f66b8ee101911bc36d3fb562eac2244,0xbbe227026d5a75f416e79aff99fb7b507f8c943e8c2bdb96509a385766be6277
257,101.48959836947078,0.14462267767649586,0xfbffcecdfa7820ebe6ccf3efbdc6217f03a20ea8,2017-10-28T23:01:32.000Z,0.001425,0x9928735e58646b828be5a0ce02e939cd752adc8f,sell,0x3d1ba9be9f66b8ee101911bc36d3fb562eac2244,0x66bc9ec35db1336457839e964f738890894b4dd27708a5706fb3ae4d48745331
258,0.33783783783783783,0.0005,0x34f9560c63078eb61872a4dc2ccd20e21c34feaf,2017-10-28T20:57:54.000Z,0.00148,0x1eaa18a0e964d346f2b5182be3f97d7aab5145b9,buy,0x3d1ba9be9f66b8ee101911bc36d3fb562eac2244,0xa5404ee72a602d15b92a41f6f4bed025dd6bbe296639faef3fbdb399db197786
259,0.33783783783783783,0.0005,0xe444a40689f51f63bcd29910622035707d533d29,2017-10-28T20:57:40.000Z,0.00148,0x1eaa18a0e964d346f2b5182be3f97d7aab5145b9,buy,0x3d1ba9be9f66b8ee101911bc36d3fb562eac2244,0x9c4c454ae86f4023eda10075c10dd3c040f52ba91012d932660c29b2be02f00e
260,714,1.0004568,0xc20597ee42aeba251f5f4a183df228f6cc201451,2017-10-28T20:46:06.000Z,0.0014012,0x499c688f627b9f011add93cb6f45ec916a4d1f8d,sell,0x3d1ba9be9f66b8ee101911bc36d3fb562eac2244,0xb44a39abc6ebc683d82c14dad9fef66017c543b3d2be83c833ce06c7a634cd67
261,18.312232080550295,0.026094930714784168,0xfbffcecdfa7820ebe6ccf3efbdc6217f03a20ea8,2017-10-28T20:35:21.000Z,0.001425,0x888d1964bb7be8c18c4ad550ebdab83103e02fb0,sell,0x3d1ba9be9f66b8ee101911bc36d3fb562eac2244,0x02d3a9d36fe2ab963d4bc462ffd8e63d28ea1b39342462bb9ef3dc3f52237894
262,1194.9062082696196,1.6752585039940064,0x1eaa18a0e964d346f2b5182be3f97d7aab5145b9,2017-10-28T17:47:07.000Z,0.001402,0xf74e5bd5dde6f3e4373df7764a326952996dd365,sell,0x3d1ba9be9f66b8ee101911bc36d3fb562eac2244,0x08c7ea22a502c832b07845e239148447c9301ec0a200166d2215b1336f354a85
263,500,0.745,0xb6307dcae90864128cd46f3d33055981814373d6,2017-10-28T17:43:41.000Z,0.00149,0x364fcdc8081107b94993aaca3cfe3c8d0c3fe699,buy,0x3d1ba9be9f66b8ee101911bc36d3fb562eac2244,0xbcdb8da5088a8cde047b73df217df953d54df37f289bff4733c399c7958a057e
264,203.5836550840447,0.28522070077274664,0x1eaa18a0e964d346f2b5182be3f97d7aab5145b9,2017-10-28T16:48:52.000Z,0.001401,0x1ed014aec47fae44c9e55bac7662c0b78ae61798,sell,0x3d1ba9be9f66b8ee101911bc36d3fb562eac2244,0x6bc50031f14aac7089ac57723f5a04f3b1fa056666bfea516ca7bd19f4c0e6dd
265,500,0.757,0xb189865225b8af5b42779bd7e35a71517cd5211f,2017-10-28T15:20:36.000Z,0.001514,0x364fcdc8081107b94993aaca3cfe3c8d0c3fe699,buy,0x3d1ba9be9f66b8ee101911bc36d3fb562eac2244,0x3bc72e321ecd0243a7ef2c67a8586e932edad2da558d2cb11f3501d0392ac717
266,700,1.0605,0xa08d66ea768eb9a2c5e449a2571dae214114e702,2017-10-28T14:42:39.000Z,0.001515,0x5c4fa72c0199ca949e1abb046710ea46902f2ee3,sell,0x3d1ba9be9f66b8ee101911bc36d3fb562eac2244,0x3b93f1e0b4889d2ba0546af123f606cdbb606aaed855cbdfb646eec8a5fcf882
267,395.4552889710654,0.599114762791164,0x28a65ff3ee1109e0c07a3adee9c356ae7b097fa3,2017-10-28T13:59:45.000Z,0.001515,0xfbf7dc0756a9768d0c71aea5f8421f3b1eaee7d1,buy,0x3d1ba9be9f66b8ee101911bc36d3fb562eac2244,0x40fff0faeb0596b28fb688c2cd328e49cdd773c02fccbd103a529fcada1ab272
268,1994,2.7431458,0x364fcdc8081107b94993aaca3cfe3c8d0c3fe699,2017-10-28T13:01:44.000Z,0.0013757,0x273a5d3e6721b9f5c1a6474f560c1334c63dda01,sell,0x3d1ba9be9f66b8ee101911bc36d3fb562eac2244,0xfa1368016bf275f954303b5469f23d059415336ac076b56fe17ba46bb1e7fce0
269,2000,1.56,0x273a5d3e6721b9f5c1a6474f560c1334c63dda01,2017-10-28T13:01:44.000Z,0.00078,0x0088b7ae01d8ed6146ac858af2730327b0a868c0,buy,0x3d1ba9be9f66b8ee101911bc36d3fb562eac2244,0xfa1368016bf275f954303b5469f23d059415336ac076b56fe17ba46bb1e7fce0
270,3499,3.32405,0x273a5d3e6721b9f5c1a6474f560c1334c63dda01,2017-10-28T13:00:36.000Z,0.00095,0x0088b7ae01d8ed6146ac858af2730327b0a868c0,buy,0x3d1ba9be9f66b8ee101911bc36d3fb562eac2244,0x351a07c259da69f24162e4e5295ea44dd3842280a6e51bfc061dc3eaebd94d67
271,3488.503,4.84514693167,0xc09b0ad7fb5c958af1b8e4a35a90e15072ddcc3e,2017-10-28T13:00:36.000Z,0.00138889,0x273a5d3e6721b9f5c1a6474f560c1334c63dda01,sell,0x3d1ba9be9f66b8ee101911bc36d3fb562eac2244,0x351a07c259da69f24162e4e5295ea44dd3842280a6e51bfc061dc3eaebd94d67
272,400,0.606,0xb6307dcae90864128cd46f3d33055981814373d6,2017-10-28T12:42:06.000Z,0.001515,0xfbf7dc0756a9768d0c71aea5f8421f3b1eaee7d1,buy,0x3d1ba9be9f66b8ee101911bc36d3fb562eac2244,0xe1f86e504e320192720636647e23dbcb1153dfbe22b05739784d27fac35152ec
273,61.056,0.0854784,0xa08d66ea768eb9a2c5e449a2571dae214114e702,2017-10-28T12:24:08.000Z,0.0014,0xdf233f0f18f6ab1a5cc48b655e01f8094d182a39,buy,0x3d1ba9be9f66b8ee101911bc36d3fb562eac2244,0xa764f1e406c4b0e4e1b09ccf0c08a52d93d286755bebfb9b74f2ece217eafc8e
274,390.78855547801817,0.5471039776692254,0xa97e2cd65177a6b8bcd50ebb64724eeba1db54f7,2017-10-28T11:42:48.000Z,0.0014,0x68b0a4acbc21ff52de19cf9cb5e830443b5943a8,sell,0x3d1ba9be9f66b8ee101911bc36d3fb562eac2244,0x816dc733a6887e0a1e524df95610299a9bda63255bc461803ad09d44a47f0d0a
275,15.120941620974978,0.021169318269364967,0xa97e2cd65177a6b8bcd50ebb64724eeba1db54f7,2017-10-28T10:37:38.000Z,0.0014,0xa1f7d1c0d98190e1ef2052392dfcfe631ac56b00,sell,0x3d1ba9be9f66b8ee101911bc36d3fb562eac2244,0x189ce37149cd70d718164b66e93f5e2c672d01e51a72538b3c0b050aee503fc1
276,333.373,0.539064141,0xfb5dd49144b447bb38c5288f8eb765c2f8ff7fa9,2017-10-28T03:55:55.000Z,0.001617,0xdc5f5a9c3eb2f16db36c6c7f889f83dd232d71af,buy,0x3d1ba9be9f66b8ee101911bc36d3fb562eac2244,0xb90f9464e5a676aa0fd533b8157bd9b6622bf1d44d8ea804c1d1cbd9371b1197
277,380.8650416458512,0.5255975661216911,0xc09b0ad7fb5c958af1b8e4a35a90e15072ddcc3e,2017-10-28T00:22:22.000Z,0.00138001,0xa91c82a466f8649a739f1f7043bfe60bf9938412,sell,0x3d1ba9be9f66b8ee101911bc36d3fb562eac2244,0xe81d8d1c10a19cbe3cf53cf1668c51c326d59b6ed63b7dbfb0f07f23cb5657a8
278,17.900575000046548,0.025060805000065165,0x244beb883da53d9f6169762af296e944aba5bb84,2017-10-28T00:21:27.000Z,0.0014,0xa91c82a466f8649a739f1f7043bfe60bf9938412,sell,0x3d1ba9be9f66b8ee101911bc36d3fb562eac2244,0x17095397cee1fbd81da245dc04e8bfbf8a2a1128a1d114810f8185217ee93eb7
279,3190.1106569634135,4.402352706609511,0x64340e540165af3f1a86ccf8548286e804400233,2017-10-27T21:39:34.000Z,0.00138,0x9d9a658139b3615ce1c042bd7069e8e025edfc2e,sell,0x3d1ba9be9f66b8ee101911bc36d3fb562eac2244,0x6f898f547bd6d810b84991ed8bf2dc30631288459caca91b40ccd5509e0c8941
280,995.7,1.61851035,0xb471e18431d922d65e11e04a95a9d426ca92dc08,2017-10-27T20:53:51.000Z,0.0016255,0x7f01a8b42a1243c705dbc74964125755833ef453,buy,0x3d1ba9be9f66b8ee101911bc36d3fb562eac2244,0x2432b0df5195865cc454fe78497c195a23ead78ee0ed6b620964d1b3b36f7f2e
281,726.7470840394776,0.9971195284617685,0x41f65de5d66d3d08ca5bb79e4a9600bcaaa6c241,2017-10-27T20:43:06.000Z,0.001372031,0x7501911766979e48fd33514efdff03c7b5074205,sell,0x3d1ba9be9f66b8ee101911bc36d3fb562eac2244,0x930e41904771a63fead8bb077d8e1c8faceea1c145bb2aa9f254c19b20fa3e9e
282,3930,6.326907,0xb471e18431d922d65e11e04a95a9d426ca92dc08,2017-10-27T20:39:26.000Z,0.0016099,0xc09b0ad7fb5c958af1b8e4a35a90e15072ddcc3e,buy,0x3d1ba9be9f66b8ee101911bc36d3fb562eac2244,0xd4a9d35c122e2faf734fb666885e30b6ac66f98d74a713ddc169906d6acaea49
283,3892,6.18828,0xb471e18431d922d65e11e04a95a9d426ca92dc08,2017-10-27T20:38:41.000Z,0.00159,0x1eaa18a0e964d346f2b5182be3f97d7aab5145b9,buy,0x3d1ba9be9f66b8ee101911bc36d3fb562eac2244,0xe3bb9caf66a7e4beb58b10ee5c8c425238719674d82ce1530c66f3880f8755d6
284,182.3,0.289857,0xb471e18431d922d65e11e04a95a9d426ca92dc08,2017-10-27T20:38:23.000Z,0.00159,0xdcc5117232c928fad8e20c41e6701d79d42cfc2f,buy,0x3d1ba9be9f66b8ee101911bc36d3fb562eac2244,0x0589cafdfb73a92a6efff35ac2fecf9d7beb8de1ccdf288dea1ee824f63b134f
285,1000,1.58999,0xb471e18431d922d65e11e04a95a9d426ca92dc08,2017-10-27T20:38:23.000Z,0.00158999,0xbc0945c667fadc26b9bf39e586b15eeb901e7d1c,buy,0x3d1ba9be9f66b8ee101911bc36d3fb562eac2244,0x46a95a3d3508493bf7503c7d3016eb13fc550c44bbb137a9de943a47794d03f6
286,200,0.276,0x64340e540165af3f1a86ccf8548286e804400233,2017-10-27T19:45:02.000Z,0.00138,0xddc34b558f1e690755eb0d6e52225c990c4caad8,sell,0x3d1ba9be9f66b8ee101911bc36d3fb562eac2244,0x23aaa6f11674fca925ef1b5b6526ed559aa2de72ca35bdb705c9a232d9e9f733
287,990.067,1.391044135,0xfbf7dc0756a9768d0c71aea5f8421f3b1eaee7d1,2017-10-27T19:34:41.000Z,0.001405,0xddc34b558f1e690755eb0d6e52225c990c4caad8,sell,0x3d1ba9be9f66b8ee101911bc36d3fb562eac2244,0x89a71d3aa4184dff9142c787193dcccffa36a1739a3be43338c2b16eef9a242e
288,2350,3.302925,0xff3baeddc9d2fdfedf591adec76546365230b2e3,2017-10-27T19:34:16.000Z,0.0014055,0xddc34b558f1e690755eb0d6e52225c990c4caad8,sell,0x3d1ba9be9f66b8ee101911bc36d3fb562eac2244,0xb67d0b140b19eea78299c11a023ddac679e3fee13dca31618d968ba526f34818
289,9.932901362553674,0.01395572641438791,0xfbf7dc0756a9768d0c71aea5f8421f3b1eaee7d1,2017-10-27T18:14:28.000Z,0.001405,0xa66629220afb166cba1993138c15cbd96b6dc0ab,sell,0x3d1ba9be9f66b8ee101911bc36d3fb562eac2244,0xbb059cd1ec46118b38ef1170676ff0b99a152fe40a031fd6d9196606b83fa2c7
290,2,0.00319998,0x77c0016fea4b7c41cb7867518f23a5cde66f8cd4,2017-10-27T16:08:29.000Z,0.00159999,0x740d4b3119b956c1d19608da39730499dbce4c01,buy,0x3d1ba9be9f66b8ee101911bc36d3fb562eac2244,0x59b35598c836435ff12f15c1ab60acbe92ddb847f8145aea66742c6fa9bd230f
291,500,0.795,0x76d214efd13600411c64d388f6e31737f14ef416,2017-10-27T14:56:59.000Z,0.00159,0xf6fb36e1af626d2ef11ff745fbbf4e565e8b56a5,buy,0x3d1ba9be9f66b8ee101911bc36d3fb562eac2244,0xfb8064183e00841e02c7a7b096a0a61c0fb8ba16f5dcee2c2c6bb2d4eb7fb22f
292,9,0.01449,0x9e5bd5a8d6e3254f87986ec956727dd0839b48c0,2017-10-27T13:37:17.000Z,0.00161,0x1eaa18a0e964d346f2b5182be3f97d7aab5145b9,buy,0x3d1ba9be9f66b8ee101911bc36d3fb562eac2244,0x05a5230c59e5ec3182b7d23b837974575756c68a687906381626d407e4e178db
293,5,0.00805,0x9e5bd5a8d6e3254f87986ec956727dd0839b48c0,2017-10-27T13:32:33.000Z,0.00161,0x1eaa18a0e964d346f2b5182be3f97d7aab5145b9,buy,0x3d1ba9be9f66b8ee101911bc36d3fb562eac2244,0x7f271893b3f788186ef7c953453cae92fdd5b6af25fa00fecb74e32ef2d87a0a
294,0.438,0.00070518,0x9e5bd5a8d6e3254f87986ec956727dd0839b48c0,2017-10-27T13:31:13.000Z,0.00161,0x1eaa18a0e964d346f2b5182be3f97d7aab5145b9,buy,0x3d1ba9be9f66b8ee101911bc36d3fb562eac2244,0xd3e79049a7760bdaa29d0416e47a706b28c625540a0fe94cbf56b513db5b59de
295,3100,4.991,0x9e5bd5a8d6e3254f87986ec956727dd0839b48c0,2017-10-27T13:28:43.000Z,0.00161,0x1eaa18a0e964d346f2b5182be3f97d7aab5145b9,buy,0x3d1ba9be9f66b8ee101911bc36d3fb562eac2244,0x5feb33a833207edc4469ff328464bd07bd1cf926dde2907475f2637d84b4b209
296,37.562,0.05746986,0x9e5bd5a8d6e3254f87986ec956727dd0839b48c0,2017-10-27T13:18:14.000Z,0.00153,0x3dee4a4e076e8d82859d241db0baf46f112cfa23,buy,0x3d1ba9be9f66b8ee101911bc36d3fb562eac2244,0x9418c0585138052a56768ec39c75b700b29a1a530174d0d7158f53c9f60c06e6
297,592,0.85248,0x9e5bd5a8d6e3254f87986ec956727dd0839b48c0,2017-10-27T13:14:36.000Z,0.00144,0x3ceb8f7b0120a8ce4bd63d9783a38091b40de367,buy,0x3d1ba9be9f66b8ee101911bc36d3fb562eac2244,0xddd825a819f7f04eb37b00042d6902e3320a8489dbf4a6a35ae3932ac8971a05
298,1,0.00137,0x9e5bd5a8d6e3254f87986ec956727dd0839b48c0,2017-10-27T13:09:44.000Z,0.00137,0x6a1a3efc42337ed0d3d4feef339dff9ce1c94289,buy,0x3d1ba9be9f66b8ee101911bc36d3fb562eac2244,0x0b7ea275b1c82aa2989165aadba255f8a6e7f9ca4c9db7a919c097c563df7335
299,274.15013458279304,0.37832718572425444,0x64340e540165af3f1a86ccf8548286e804400233,2017-10-27T12:21:28.000Z,0.00138,0xb18fd5771e02a8e54c4dc73618e81ee52ffc4591,sell,0x3d1ba9be9f66b8ee101911bc36d3fb562eac2244,0x7538021d1f60b54fd29d915fcba68543cddd1795f41007d37a3ca3c7dfb0d3ac
300,36,0.0468,0xd2ea382e498316d91b9de8557670149b479721a0,2017-10-27T12:09:04.000Z,0.0013,0xb98772904df47732cf1161ea9ebb8fe162a5f7ea,buy,0x3d1ba9be9f66b8ee101911bc36d3fb562eac2244,0xd4f1aa837d2eaaeac60937278aa217a950451b6614ea30e8c203b92c9c9f3c4d
301,35.892,0.0493515,0x9c232158b5e0f9a23bf9a399cd9197c7f131d13b,2017-10-27T12:09:04.000Z,0.001375,0xd2ea382e498316d91b9de8557670149b479721a0,sell,0x3d1ba9be9f66b8ee101911bc36d3fb562eac2244,0xd4f1aa837d2eaaeac60937278aa217a950451b6614ea30e8c203b92c9c9f3c4d
302,6.00937095005483,0.008267692553085435,0xff3baeddc9d2fdfedf591adec76546365230b2e3,2017-10-27T08:43:34.000Z,0.0013758,0x2c7fee4b264223b95a121fae408d0fbd04df38a3,sell,0x3d1ba9be9f66b8ee101911bc36d3fb562eac2244,0x518114c86de03f6aa5e8a403adf4a916e0b3c4f17008008939f7441527d48971
303,148,0.21312,0x47a02f835f1fbdfbe45341dee9aa0b8da86d6a4b,2017-10-27T08:15:34.000Z,0.00144,0x3ceb8f7b0120a8ce4bd63d9783a38091b40de367,buy,0x3d1ba9be9f66b8ee101911bc36d3fb562eac2244,0x37cd7bd0fa36acd46cb790f9322d9429fd5dfe1670f2cdf17f724dfcb3f9d7be
304,1896.771408720366,2.6091987498357354,0xff3baeddc9d2fdfedf591adec76546365230b2e3,2017-10-27T07:33:31.000Z,0.0013756,0xf2d2e3e9899938d2c34b167fca6fa1e344e55785,sell,0x3d1ba9be9f66b8ee101911bc36d3fb562eac2244,0xf5004c5c10eacd3f8035dd8103c91525439266548bbea1787f9280b6077a57c3
305,450,0.63225,0x4b7c1695c547062a0a52173053ed29a330c3a547,2017-10-27T07:30:31.000Z,0.001405,0xf2d2e3e9899938d2c34b167fca6fa1e344e55785,sell,0x3d1ba9be9f66b8ee101911bc36d3fb562eac2244,0x8ebf2656a5dc235359b0ddcd6ed5f2ce20218c46a85541a5825d5a375739e3d9
306,34,0.048926,0x4b7c1695c547062a0a52173053ed29a330c3a547,2017-10-27T06:46:03.000Z,0.001439,0xbde166024b8e84042dd97dc292b130bf0cc715fa,buy,0x3d1ba9be9f66b8ee101911bc36d3fb562eac2244,0x7bf275b77010dfc3411e58a02160b4e8f53016355dbf272fa758ac07c1ce1a03
307,44.06140963014654,0.0605844382414515,0x9c232158b5e0f9a23bf9a399cd9197c7f131d13b,2017-10-27T06:07:07.000Z,0.001375,0x478214da3aad58c71b153b6fb1f11b8f986b350a,sell,0x3d1ba9be9f66b8ee101911bc36d3fb562eac2244,0xe0036bf12b300be78b0ac8844589dd5f1f167f57186965d7c7343370c39304d5
308,1500,2.0581665,0x6bd09ad951b1084c91aba206a03b36e9e6c7a9ac,2017-10-27T05:12:09.000Z,0.001372111,0xfc36cf9684253b69bfb68b431e304adb66519e60,sell,0x3d1ba9be9f66b8ee101911bc36d3fb562eac2244,0x9317ec02b9abcf69ff67d2dab4bfe831f397bb38bed26a2dd5d943bbc20d5cfe
309,23.85,0.03274605,0x47a02f835f1fbdfbe45341dee9aa0b8da86d6a4b,2017-10-27T04:47:20.000Z,0.001373,0x274465095cc25508a23025be1ecc080c2749590e,buy,0x3d1ba9be9f66b8ee101911bc36d3fb562eac2244,0xecec599cbfe7cf46fb983cc6fd657124574e4ca7a7e28af9e971ddf171a37e08
310,37.55956534742299,0.05156932078157711,0x3dee4a4e076e8d82859d241db0baf46f112cfa23,2017-10-27T04:16:08.000Z,0.001373001,0xbda83a3a533afed3456e92b4f09891ac6a3f9d5e,sell,0x3d1ba9be9f66b8ee101911bc36d3fb562eac2244,0x73951d997bd634086c1b7cf8fc67e105339cd86f4951e5b2c494c1a0b637ebdd
311,29.907287409032,0.04106270561260094,0x47a02f835f1fbdfbe45341dee9aa0b8da86d6a4b,2017-10-27T02:12:23.000Z,0.001373,0xbaa09ee35b761eeeab41bedb79e388814f45a0da,sell,0x3d1ba9be9f66b8ee101911bc36d3fb562eac2244,0xfd6f6ecfca976a6c1cc0cc299b0a8e24ad5a974f83a01d0f5e889eabbd81736a
312,62.16728142757452,0.08529978901405642,0xaf779d1eddb59f1035480dd377d8187c865c20da,2017-10-27T01:25:08.000Z,0.001372101,0x689107323fdd0062473b8ccb5cb0fc86705814a1,sell,0x3d1ba9be9f66b8ee101911bc36d3fb562eac2244,0xccffced737ad9c532d2f882cdff5cb0969ffd94ff82ea8ecc49614e98e776a06
313,60,0.0864,0x689107323fdd0062473b8ccb5cb0fc86705814a1,2017-10-27T01:08:16.000Z,0.00144,0x3ceb8f7b0120a8ce4bd63d9783a38091b40de367,buy,0x3d1ba9be9f66b8ee101911bc36d3fb562eac2244,0x70d372c27fb59fe9b0815f2c814d1bb7fb172cb35e16928ce93a9d388b6f0d77
314,2.36,0.003304,0x689107323fdd0062473b8ccb5cb0fc86705814a1,2017-10-27T01:05:19.000Z,0.0014,0xc46e7b991e9a92797ff6c669dd7b8454c5c2109b,buy,0x3d1ba9be9f66b8ee101911bc36d3fb562eac2244,0x209118e3a51e5ffb0bdbbd1448f882428736fb60313c93d7755a959619033483
315,0.23007134666503534,0.000315680894759094,0xa842db65486e996ca467833480b7e50f8a123443,2017-10-27T00:04:07.000Z,0.0013720999999999957,0x97e0ae66e9c4814acf138a5548e091d72d233972,sell,0x3d1ba9be9f66b8ee101911bc36d3fb562eac2244,0x10f8f22c7030865a1cefb6dd4d6fa1994d9fd0025f2713e84b6f590d29593700
316,2307.8456783969696,3.166595055328482,0xa842db65486e996ca467833480b7e50f8a123443,2017-10-27T00:03:35.000Z,0.0013721,0x97e0ae66e9c4814acf138a5548e091d72d233972,sell,0x3d1ba9be9f66b8ee101911bc36d3fb562eac2244,0x638edf0d397b74b2b0cc37ab9648555d7e1f3d41a24cad4cb671675d471dc1c7
317,80.65121315839224,0.11694425907966874,0x9b9086da6ed17b8becfda8cb0bb7b05626140db6,2017-10-26T21:42:02.000Z,0.00145,0xc46e7b991e9a92797ff6c669dd7b8454c5c2109b,buy,0x3d1ba9be9f66b8ee101911bc36d3fb562eac2244,0xb0aa52eaec09062a8274a3e8825ca441c689e1b19ed418a2bcfff6e125c9cd56
318,38.16269564350513,0.052363034692453396,0xa842db65486e996ca467833480b7e50f8a123443,2017-10-26T21:06:57.000Z,0.0013721,0xbe29e97b5d164d57692ab431fd45c8fa18da9bb9,sell,0x3d1ba9be9f66b8ee101911bc36d3fb562eac2244,0x45c2ea94d51268287fda007b487e4ca8daf67f291e17aecabff144e636604694
319,0.1293961856926293,0.000179213717184291,0x9b9086da6ed17b8becfda8cb0bb7b05626140db6,2017-10-26T20:54:29.000Z,0.0013849999999999954,0x5b6d9d663b0c8bcf1835b8110ef3ebf476b4a382,sell,0x3d1ba9be9f66b8ee101911bc36d3fb562eac2244,0xfe3b8a60b02170e02c135dbf210a7c05e7b47ae1fca7b40d1f618ba928fd5291
320,1297.9731386827648,1.7808580854669136,0xc2249c3dd3c18167a6f65c0cd8e0eccb6a0e29ab,2017-10-26T20:45:19.000Z,0.00137203,0x5b6d9d663b0c8bcf1835b8110ef3ebf476b4a382,sell,0x3d1ba9be9f66b8ee101911bc36d3fb562eac2244,0x62640214bd106eefd5ae78f7c093ab1aacd695126291ecff3d7533cd1b112b3e
321,7000,9.66,0x1eaa18a0e964d346f2b5182be3f97d7aab5145b9,2017-10-26T20:43:35.000Z,0.00138,0x5b6d9d663b0c8bcf1835b8110ef3ebf476b4a382,sell,0x3d1ba9be9f66b8ee101911bc36d3fb562eac2244,0x29a0ced35cb9455f8774cdf96e75bac2c783eab2b8f6ee6ab2a27d6375287403
322,1674.482764442897,2.310787889413962,0xe416166dbc2371d7a1a128e492ca6aa0a3f48bff,2017-10-26T20:43:23.000Z,0.001380001,0x5b6d9d663b0c8bcf1835b8110ef3ebf476b4a382,sell,0x3d1ba9be9f66b8ee101911bc36d3fb562eac2244,0xf568414784592201a0f6edd962e2d73f2c37aa24cb3450daef16c4e035eddb41
323,50.51598555810316,0.06971211058616793,0xe416166dbc2371d7a1a128e492ca6aa0a3f48bff,2017-10-26T19:49:40.000Z,0.001380001,0x21a10a6c29de03506945c314484af3d6d9ca19d5,sell,0x3d1ba9be9f66b8ee101911bc36d3fb562eac2244,0x03de1fc2841779c1d19bf338af5ff16c5896d4cee027c113c634e2761e913c50
324,94.103,0.12609802,0x693de8556b4118333a571c4263c9b28698125f54,2017-10-26T19:07:36.000Z,0.00134,0xc46e7b991e9a92797ff6c669dd7b8454c5c2109b,sell,0x3d1ba9be9f66b8ee101911bc36d3fb562eac2244,0xeb1bab49c24a223e5c09f7d7ff6f5d22cceeb8bda890816eec972efc76bcbcb5
325,70,0.1000489,0x5557a30d864e438e7b21ef97df9d1034e7c16cf5,2017-10-26T19:07:26.000Z,0.00142927,0xc46e7b991e9a92797ff6c669dd7b8454c5c2109b,sell,0x3d1ba9be9f66b8ee101911bc36d3fb562eac2244,0x84ab9007ca97bc9f47e44b9f78025271d8201919350c26d97e8c313869161007
326,600,0.8580066,0x3dee4a4e076e8d82859d241db0baf46f112cfa23,2017-10-26T18:48:09.000Z,0.001430011,0xc46e7b991e9a92797ff6c669dd7b8454c5c2109b,sell,0x3d1ba9be9f66b8ee101911bc36d3fb562eac2244,0x9245f80c789b8f0bdc9a2dcec6f1d814738e445ee50f3063dfa36c8efc8c4878
327,1500,2.1600015,0x6bd09ad951b1084c91aba206a03b36e9e6c7a9ac,2017-10-26T18:48:09.000Z,0.001440001,0xc46e7b991e9a92797ff6c669dd7b8454c5c2109b,sell,0x3d1ba9be9f66b8ee101911bc36d3fb562eac2244,0x33a87e88c50da409e1f42e5506c5b3b75155b82a71e44009498ccddf2f01ca7f
328,2771.112591694582,3.9909563545585374,0xc09b0ad7fb5c958af1b8e4a35a90e15072ddcc3e,2017-10-26T18:47:42.000Z,0.0014402,0xc46e7b991e9a92797ff6c669dd7b8454c5c2109b,sell,0x3d1ba9be9f66b8ee101911bc36d3fb562eac2244,0xa8d5033ff79d3bb879d69bd4d93795239f2772657a03e38a9d04f34a28ade6b6
329,100.88740830541775,0.14529804544146263,0xc09b0ad7fb5c958af1b8e4a35a90e15072ddcc3e,2017-10-26T18:22:48.000Z,0.0014402,0xde9537c698db8f2aa713bc80c4bd688014db1185,sell,0x3d1ba9be9f66b8ee101911bc36d3fb562eac2244,0xcc20b32bcd917113a5dbe4d8f8f42c5130d55f9e720cc1a12404d037f3916f9b
330,300,0.4335,0x9c232158b5e0f9a23bf9a399cd9197c7f131d13b,2017-10-26T18:20:36.000Z,0.001445,0xde9537c698db8f2aa713bc80c4bd688014db1185,sell,0x3d1ba9be9f66b8ee101911bc36d3fb562eac2244,0x1687fbc08e9d1bc0f9f82d881d1456de9baf7c6350185f12f5784ef6006a9d35
331,997,1.5952,0xfc36cf9684253b69bfb68b431e304adb66519e60,2017-10-26T17:02:59.000Z,0.0016,0x1eaa18a0e964d346f2b5182be3f97d7aab5145b9,buy,0x3d1ba9be9f66b8ee101911bc36d3fb562eac2244,0x442ed248a9d4bd296993c10207892f0e8a14b5863d464bc28403c395ed6f16dd
332,997,1.56529,0xfc36cf9684253b69bfb68b431e304adb66519e60,2017-10-26T17:02:51.000Z,0.00157,0x1eaa18a0e964d346f2b5182be3f97d7aab5145b9,buy,0x3d1ba9be9f66b8ee101911bc36d3fb562eac2244,0x12b76fc1613fc7f1c2b70f66a58fd12e63cfe3415bc7ebb7f9960abc948ceb3a
333,9002.810913710415,13.054165852989238,0xaf0c072c79c02cf191999f780be88a7323ec4342,2017-10-26T16:39:26.000Z,0.00145001,0xce95d314a9a18708b6a8575738d4ed4aef6cae25,sell,0x3d1ba9be9f66b8ee101911bc36d3fb562eac2244,0xb3f792f917d5381a655f9885e1a84ef7791436831ece3330d754ede1abff8085
334,966.537,1.40147865,0x1eaa18a0e964d346f2b5182be3f97d7aab5145b9,2017-10-26T15:28:02.000Z,0.00145,0xce95d314a9a18708b6a8575738d4ed4aef6cae25,sell,0x3d1ba9be9f66b8ee101911bc36d3fb562eac2244,0x805a4364093fe9a2de14031183bb306e6e09eaa7b5bb8e4e182325ebc427e991
335,36.553351277705744,0.05300235935267333,0x1eaa18a0e964d346f2b5182be3f97d7aab5145b9,2017-10-26T14:14:10.000Z,0.00145,0x02f755e9f6a7dd363a34315943a6bd7677c7b464,sell,0x3d1ba9be9f66b8ee101911bc36d3fb562eac2244,0xa29ee85f351696df4f09d94f8db009c3dfc7aa0c3c1b6401506da3f891217ffc
336,996.9095802977428,1.445518891431727,0x1eaa18a0e964d346f2b5182be3f97d7aab5145b9,2017-10-26T14:01:20.000Z,0.00145,0x4a0f9bb1bb8727149e5019ec619de3e490e819d9,sell,0x3d1ba9be9f66b8ee101911bc36d3fb562eac2244,0xfa782fdd2df635ddca07c33da8679015a68003314c4774ac3b5026fd4793bf82
337,47.49814191117005,0.07825318879865266,0xe6aa33b127ef8fe01a31ba076ed52483dc6e2fec,2017-10-26T12:02:16.000Z,0.0016475,0x7f01a8b42a1243c705dbc74964125755833ef453,buy,0x3d1ba9be9f66b8ee101911bc36d3fb562eac2244,0x5887c41323407106c0e6d9bf2d4b0318ad934acf6d4fae4bc54bc2e750df2011
338,193.7796201774499,0.2771242348157711,0xc09b0ad7fb5c958af1b8e4a35a90e15072ddcc3e,2017-10-26T11:50:35.000Z,0.0014301,0xa81d30697eaf18bc2d0b6a87ec5aa22e0506be42,sell,0x3d1ba9be9f66b8ee101911bc36d3fb562eac2244,0x04d795c2c72a4f604b55015c9bbdcfe9021e1400779325c8535f8910bf6e8eb9
339,865,1.2370365,0xc09b0ad7fb5c958af1b8e4a35a90e15072ddcc3e,2017-10-26T11:50:05.000Z,0.0014301,0xa81d30697eaf18bc2d0b6a87ec5aa22e0506be42,sell,0x3d1ba9be9f66b8ee101911bc36d3fb562eac2244,0x14f4008da43cd6bc66a912110cb2cd741b8bc305de09497911121e1516c1a044
340,176.082,0.2729271,0x2137f7e873d547e542384128d92c1d834735f65e,2017-10-26T11:50:01.000Z,0.00155,0xa81d30697eaf18bc2d0b6a87ec5aa22e0506be42,sell,0x3d1ba9be9f66b8ee101911bc36d3fb562eac2244,0x872a96f7be29108338daa36e72751c2361b52bd8c7be64f87814d2b9ade0dc90
341,150,0.24,0xcc6e0348016e9a0e7d02f400f0832d00698f0b65,2017-10-26T11:49:43.000Z,0.0016,0xa81d30697eaf18bc2d0b6a87ec5aa22e0506be42,sell,0x3d1ba9be9f66b8ee101911bc36d3fb562eac2244,0xfdefa77e7fa07a9fa653367cca8e3ccaa6a91d56d80fedaad17573afcce31026
342,275.139,0.4532915025,0xc875b446639ca898f1b3addccd107b9e1e2f09d4,2017-10-26T11:49:43.000Z,0.0016475,0xa81d30697eaf18bc2d0b6a87ec5aa22e0506be42,sell,0x3d1ba9be9f66b8ee101911bc36d3fb562eac2244,0xa3b21b0111f38faae6fe25ddcc540cb44d607b83371ebba2d83e3625ea529a89
343,936.8607719668018,1.543478121815306,0xc875b446639ca898f1b3addccd107b9e1e2f09d4,2017-10-26T11:27:13.000Z,0.0016475,0xc09b0ad7fb5c958af1b8e4a35a90e15072ddcc3e,sell,0x3d1ba9be9f66b8ee101911bc36d3fb562eac2244,0x6505fd2b84396c6a8938f93066cb0980c992398758f0940c94b86c443b940ffe
344,138,0.22356,0xcc6e0348016e9a0e7d02f400f0832d00698f0b65,2017-10-26T08:17:11.000Z,0.00162,0x64340e540165af3f1a86ccf8548286e804400233,buy,0x3d1ba9be9f66b8ee101911bc36d3fb562eac2244,0x4b48f14531b399782a507bf9fafd492bd549901f0f679e9bbe88879b8e2d686c
345,33,0.0543675,0x4fec61a00bbeac3f053e9482b7e8f28f0664da7d,2017-10-26T07:14:03.000Z,0.0016475,0x7f01a8b42a1243c705dbc74964125755833ef453,buy,0x3d1ba9be9f66b8ee101911bc36d3fb562eac2244,0x6154fca0c059b4b5df9abf6822a6f7863fb62ee82e0827895d91dadbb37e2a59
346,2600,4.108,0x7ebd855831f44abb31702f33c76a3b654d105f6a,2017-10-26T06:42:42.000Z,0.00158,0xc09b0ad7fb5c958af1b8e4a35a90e15072ddcc3e,sell,0x3d1ba9be9f66b8ee101911bc36d3fb562eac2244,0xd7b2253bfbf807a215d70c9d42957ea55412099c6ea62f7f1e5eea4f0319bfae
347,7035.252,11.2564032,0x42b4d5a807392b4aac58a766f6f5fe6fc35123ee,2017-10-26T05:47:39.000Z,0.0016,0x64340e540165af3f1a86ccf8548286e804400233,sell,0x3d1ba9be9f66b8ee101911bc36d3fb562eac2244,0x599c7ceaee2488c0d8eb55336cad6dbac6313d6db3e88a0db0da42604703c84a
348,731.0666932509222,1.1697067092014755,0x42b4d5a807392b4aac58a766f6f5fe6fc35123ee,2017-10-26T04:20:00.000Z,0.0016,0x701b6b491221b03dbd53b42dcf35dc5607391db8,sell,0x3d1ba9be9f66b8ee101911bc36d3fb562eac2244,0x705d53b1120c149d5d445879935e5e2f15ca8fadecb6c7f0f5642c288f59d03c
349,0.3663614672692303,0.000586178347630768,0x42b4d5a807392b4aac58a766f6f5fe6fc35123ee,2017-10-26T03:23:18.000Z,0.0015999999999999986,0x567aea70bbbeb4486ce5d40ea5e321af36dc4b62,sell,0x3d1ba9be9f66b8ee101911bc36d3fb562eac2244,0x6031579f162552bf7e719a71ba8b2a3ec020f766826651428e2d9d0342ddab2b
350,3674.971878177649,5.879955005084239,0x42b4d5a807392b4aac58a766f6f5fe6fc35123ee,2017-10-26T03:21:11.000Z,0.0016,0x567aea70bbbeb4486ce5d40ea5e321af36dc4b62,sell,0x3d1ba9be9f66b8ee101911bc36d3fb562eac2244,0x0941de950b14a0cbc355d23f521da478c71344ce80a5f25d3071f25eb7049792
351,910.903,1.50298995,0xfc36cf9684253b69bfb68b431e304adb66519e60,2017-10-26T03:20:08.000Z,0.00165,0x567aea70bbbeb4486ce5d40ea5e321af36dc4b62,sell,0x3d1ba9be9f66b8ee101911bc36d3fb562eac2244,0x252f0f6486457c83c656b900a9dd3c99bbfdc8f8e63545aa895acc5e8e5471d7
352,0.097,0.00016005,0xfc36cf9684253b69bfb68b431e304adb66519e60,2017-10-26T03:10:01.000Z,0.00165,0xb9a8e38ebc48f43f5f3465f2b4ef1cf14b173719,sell,0x3d1ba9be9f66b8ee101911bc36d3fb562eac2244,0xaee126b373bcdf29ba06b8ba665f6b3d1a2cf6eea4cf95dc32e2c4d2b2364b3f
353,89.66,0.1497322,0xfc36cf9684253b69bfb68b431e304adb66519e60,2017-10-26T02:42:25.000Z,0.00167,0x4fa2ddcf2e174b14c3d4a7aa5c35ea2f37ce565c,buy,0x3d1ba9be9f66b8ee101911bc36d3fb562eac2244,0x39b608086d33fca85067556aa115decadda74e4fa03c5541fbecc384b7cbd8a3
354,1330.2789608204716,2.1284463373127545,0x42b4d5a807392b4aac58a766f6f5fe6fc35123ee,2017-10-26T02:02:59.000Z,0.0016,0x7d98fa238c3bbf0f2bcd1bce19efa028474b4e07,sell,0x3d1ba9be9f66b8ee101911bc36d3fb562eac2244,0x8802105b1a5cbbaa86b96e69fc0c3b80c7209a98e3f451b5045fa79d16a86e49
355,1910.3396597198055,3.1902672317320753,0xc268e4e0d212b8c3679e3d1cd5b211d8ecc6843a,2017-10-26T02:02:16.000Z,0.00167,0x4fa2ddcf2e174b14c3d4a7aa5c35ea2f37ce565c,buy,0x3d1ba9be9f66b8ee101911bc36d3fb562eac2244,0x33cf9037c14945deee621e788043da617ef73c3f6ffd78b74e797196d33ba188
356,3.919,0.00630959,0x35dbcf147beedfb18752d1b5983f07577fd2307a,2017-10-26T01:59:07.000Z,0.00161,0x7d98fa238c3bbf0f2bcd1bce19efa028474b4e07,sell,0x3d1ba9be9f66b8ee101911bc36d3fb562eac2244,0x07b8125e3196607994212c427dded8b28d9cbbb5ebe23fa3043aec46b8f48193
357,350.57986907254144,0.5609277905160663,0x42b4d5a807392b4aac58a766f6f5fe6fc35123ee,2017-10-26T01:52:46.000Z,0.0016,0x3ccca137dbf0616549cc4a7143ba528b7cd2f4d1,sell,0x3d1ba9be9f66b8ee101911bc36d3fb562eac2244,0x2454a2f308e63da690cf621d55bfde3e2f63bc5154c13feccd7e68471d07600c
358,0.03776914405072471,0.000060808321921666,0x35dbcf147beedfb18752d1b5983f07577fd2307a,2017-10-26T01:41:00.000Z,0.0016099999999999793,0xf5bedf0fdb48e812d91b352e5ffa9c402ce6bbf4,sell,0x3d1ba9be9f66b8ee101911bc36d3fb562eac2244,0x495daf37b70ade166bcca1903a90cd1dfd0acf33885e2baf1d236afce5cf20fb
359,983.3057311487801,1.5732891698380482,0x42b4d5a807392b4aac58a766f6f5fe6fc35123ee,2017-10-26T01:22:07.000Z,0.0016,0xb9a8e38ebc48f43f5f3465f2b4ef1cf14b173719,sell,0x3d1ba9be9f66b8ee101911bc36d3fb562eac2244,0xdabf6653282c8f8b7941a261a6502ad06733e7c51395b33a928d8e97b5b11964
360,4,0.0064,0x4ea9c94c8b33ee7fa141c0d1fbc782b47ce22b13,2017-10-26T01:02:16.000Z,0.0016,0x3ccca137dbf0616549cc4a7143ba528b7cd2f4d1,buy,0x3d1ba9be9f66b8ee101911bc36d3fb562eac2244,0xf41186a88c09af73c29dcd6198e88a20dbdd2752279d92871b5ccc712c1d4752
361,3,0.00489,0xedf5de3807d23e5d85b0caa1e10d52b85c2a6965,2017-10-25T23:29:52.000Z,0.00163,0x7f01a8b42a1243c705dbc74964125755833ef453,buy,0x3d1ba9be9f66b8ee101911bc36d3fb562eac2244,0x9a982f930d011a1302833461ab3dafa6c55610bebdbd0269bcc277f967a02f4f
362,246.8799643671484,0.3950079429874374,0x42b4d5a807392b4aac58a766f6f5fe6fc35123ee,2017-10-25T23:27:58.000Z,0.0016,0x1ed014aec47fae44c9e55bac7662c0b78ae61798,sell,0x3d1ba9be9f66b8ee101911bc36d3fb562eac2244,0x2f4d7d5cc84d5e7dca563eab3171fb3a1ccade939199a9145cdacab4e10b9bed
363,13.64602108465867,0.022106554157147046,0x740d4b3119b956c1d19608da39730499dbce4c01,2017-10-25T22:50:14.000Z,0.00162,0xb9a8e38ebc48f43f5f3465f2b4ef1cf14b173719,buy,0x3d1ba9be9f66b8ee101911bc36d3fb562eac2244,0x34a2349a25d4d95dcb769907911a773d5737ab238125464a1837ebed7cfd752e
364,95,0.15485,0x9e5bd5a8d6e3254f87986ec956727dd0839b48c0,2017-10-25T21:27:21.000Z,0.00163,0x7f01a8b42a1243c705dbc74964125755833ef453,buy,0x3d1ba9be9f66b8ee101911bc36d3fb562eac2244,0x892e722436486e27744eca6f6f2523fe629406355b6175db89ae8f3e451ac838
365,429.69636255109515,0.6875141800817522,0x42b4d5a807392b4aac58a766f6f5fe6fc35123ee,2017-10-25T21:16:26.000Z,0.0016,0x64340e540165af3f1a86ccf8548286e804400233,sell,0x3d1ba9be9f66b8ee101911bc36d3fb562eac2244,0xa41f185ca9a7017fa8712a63eebc1fbc214eebf0fb4caa38d1222dd713543f0d
366,61.341,0.11102659659,0xa33fb352503e99fca55533decab34d11de565c7e,2017-10-25T21:16:26.000Z,0.00180999,0x4f63e42d058526ed0ed4d3430e20ddb0a7143955,buy,0x3d1ba9be9f66b8ee101911bc36d3fb562eac2244,0x57547ff201873ea5f8be16578f25d4a6b45052e2e5426a3585eee455e7efbc20
367,25.596,0.0435132,0xa33fb352503e99fca55533decab34d11de565c7e,2017-10-25T21:14:38.000Z,0.0017,0x4d518fed90f4e190c2c12c6c729fdcbee7e5347c,buy,0x3d1ba9be9f66b8ee101911bc36d3fb562eac2244,0x09bd7e53caa9a4cdedb13d02bdbe07244dca6d07242f467cde554a7f6ae8110a
368,275.356,0.4681052,0xa33fb352503e99fca55533decab34d11de565c7e,2017-10-25T21:13:27.000Z,0.0017,0x1ec0899822c626fe701f8e72f28692a073ec5a3f,buy,0x3d1ba9be9f66b8ee101911bc36d3fb562eac2244,0x42c2d2fdab6aa584391dd6d6d9dc8455cf98d13d4a5b561dcfde77e5cb2be557
369,38.089921244143156,0.06132477320307048,0x35dbcf147beedfb18752d1b5983f07577fd2307a,2017-10-25T20:37:35.000Z,0.0016099999999999999,0xa3438804f8ee626bdfc14b2727e9eb5fea04640a,sell,0x3d1ba9be9f66b8ee101911bc36d3fb562eac2244,0x965e1635fc65a32e260381ea24a416136242bbf259f511c3e936381ce6011937
370,299.07287409032,0.48150732728541523,0xa33fb352503e99fca55533decab34d11de565c7e,2017-10-25T20:24:32.000Z,0.0016099999999999999,0x84da012178f25c195b958e078c1e9184e7c2936a,sell,0x3d1ba9be9f66b8ee101911bc36d3fb562eac2244,0x08d76453bb9d63a75a38ecd8fb16efc81ff9330bb551759882c4e1cf66654b53
371,5.049347024224903,0.008129448709002092,0x35dbcf147beedfb18752d1b5983f07577fd2307a,2017-10-25T19:04:03.000Z,0.0016099999999999999,0x302b55b3e8bfff5d0ff9ac6837e1759f02afdd05,sell,0x3d1ba9be9f66b8ee101911bc36d3fb562eac2244,0x4961931dd0e1908db1c7011c11d637aa9686f3e9b2812fad4768abcf37cd1cf9
372,284.21275003565813,0.4547404000570531,0x42b4d5a807392b4aac58a766f6f5fe6fc35123ee,2017-10-25T18:24:40.000Z,0.0016,0x64340e540165af3f1a86ccf8548286e804400233,sell,0x3d1ba9be9f66b8ee101911bc36d3fb562eac2244,0x5dda42b8e59523b23a6fac117f8579a37ee67ab4adc061c1e3fb0f077f082adf
373,270.95,0.43352,0x7aa6e2506316f6d613277d4f2f4e4e1dc55e528e,2017-10-25T17:28:35.000Z,0.0016,0x1d3aae726b1967c2695f6340570ecfc574ea2cf9,buy,0x3d1ba9be9f66b8ee101911bc36d3fb562eac2244,0x0718fdc16fedc29510d24fec44865fd4db41828e1eb78cbb1d13be9b73455dbe
374,270.13715,0.4349208115,0x35dbcf147beedfb18752d1b5983f07577fd2307a,2017-10-25T17:28:35.000Z,0.00161,0x7aa6e2506316f6d613277d4f2f4e4e1dc55e528e,sell,0x3d1ba9be9f66b8ee101911bc36d3fb562eac2244,0x0718fdc16fedc29510d24fec44865fd4db41828e1eb78cbb1d13be9b73455dbe
375,182.76642408533547,0.2942539427773901,0x35dbcf147beedfb18752d1b5983f07577fd2307a,2017-10-25T17:28:09.000Z,0.0016099999999999999,0x9eb708e1c1b2345979d00203bb0044ce06317e8f,sell,0x3d1ba9be9f66b8ee101911bc36d3fb562eac2244,0x20f73ac5a71460a30a1d7590e958376f3abb6cbb4bc31954b3f57d4b318944ba
376,99.9,0.14985,0xd2ea382e498316d91b9de8557670149b479721a0,2017-10-25T14:56:16.000Z,0.0015,0x766a7857764d74c364f1644c6b0abe9f1dce148e,buy,0x3d1ba9be9f66b8ee101911bc36d3fb562eac2244,0x69fc239f0e28914ee3e5ae55eca163dada5801b3c27fba6959ee0df94dfb488d
377,99.6003,0.15936048,0xa33fb352503e99fca55533decab34d11de565c7e,2017-10-25T14:56:16.000Z,0.0016,0xd2ea382e498316d91b9de8557670149b479721a0,sell,0x3d1ba9be9f66b8ee101911bc36d3fb562eac2244,0x69fc239f0e28914ee3e5ae55eca163dada5801b3c27fba6959ee0df94dfb488d
