,amount,amountBase,buyer,date,price,seller,side,tokenAddr,txHash
0,3174.1601036785964,0.02539328082942877,0x107d35bdbb393d33d6d9ce4127883b057b8e6187,2017-11-02T17:00:42.000Z,0.00000799999999999999,0xaa85b24ac88a0a235f1977821194adce1cda9144,sell,0x5e4abe6419650ca839ce5bb7db422b881a6064bb,0x5ac843af57b9c5df56c177fc6c14997a4d05fb9be5398cf267839bade2a75cd7
1,21.008403361344538,0.0005,0x3075f7f189912f4f425dd7021b9c396434197477,2017-11-02T16:02:04.000Z,0.0000238,0x833438ee8ac5c23f579ec08142f2285b4a596b74,buy,0x5e4abe6419650ca839ce5bb7db422b881a6064bb,0x9d5a1601c5f967e28f61581b6798e8a5106b9041f83cde0f2d37cc491a3020f2
2,2046.2625859834513,0.018621194158708006,0x24418ab1b19550b380652432eac1ab37bf3d0fa9,2017-10-30T06:31:04.000Z,0.00000910009999999999,0x0d479199250a62931f4ccb5dec399235da1b6834,sell,0x5e4abe6419650ca839ce5bb7db422b881a6064bb,0x503b4589d0cdb76640f8feda5617adc84a0160cebf0fcdd2ef14f99f4b298806
3,25,0.0005,0x34f9560c63078eb61872a4dc2ccd20e21c34feaf,2017-10-28T21:09:06.000Z,0.00002,0x0d479199250a62931f4ccb5dec399235da1b6834,buy,0x5e4abe6419650ca839ce5bb7db422b881a6064bb,0xc6f9105dec545a27bcd1695b8196621f29bf103c4a23614673b9ddb875603430
4,25,0.0005,0xe444a40689f51f63bcd29910622035707d533d29,2017-10-28T21:09:06.000Z,0.00002,0x0d479199250a62931f4ccb5dec399235da1b6834,buy,0x5e4abe6419650ca839ce5bb7db422b881a6064bb,0x403f1cd4167866b249ba6550b330a23f3c328de85d81e069638d38c68b12c6aa
5,3935,0.0531225,0x107d35bdbb393d33d6d9ce4127883b057b8e6187,2017-10-27T05:50:22.000Z,0.0000135,0x008cd39b569505e006ec93689add83999e96ab12,sell,0x5e4abe6419650ca839ce5bb7db422b881a6064bb,0x7bebca810e3ff206e19b106c86a0d48e1e2d359223fa24693aaa1c911daad359
6,9500,0.4275,0xd5c72236ce19e1f55f37665d7aa76da0122148a8,2017-10-26T11:31:27.000Z,0.000045,0x106d3c9dbcd280742a03e52aba4e2e2a79a0d357,buy,0x5e4abe6419650ca839ce5bb7db422b881a6064bb,0xd42ccb8bcb6e79e00a5c184d9370e06474beaba622733e1915a7f3ad02c96a08
7,8000,0.352,0xd5c72236ce19e1f55f37665d7aa76da0122148a8,2017-10-26T11:30:07.000Z,0.000044,0x25c2937618e5510da507799bb09f2e83cca3f21b,buy,0x5e4abe6419650ca839ce5bb7db422b881a6064bb,0x439039ea2ef51f8ba824bdd620893a5d68067e4ce28cfa11f26badbd314bc5fa
8,3000,0.13197,0xd5c72236ce19e1f55f37665d7aa76da0122148a8,2017-10-26T11:28:28.000Z,0.00004399,0x24418ab1b19550b380652432eac1ab37bf3d0fa9,buy,0x5e4abe6419650ca839ce5bb7db422b881a6064bb,0xad1e4b77fd99acc032492bd6145f85abca95ef47d90e138eadd6cc0c2426dc1a
9,2608.1945967500747,0.016301216229687967,0xaa85b24ac88a0a235f1977821194adce1cda9144,2017-10-25T16:22:01.000Z,0.00000624999999999999,0x22e2a2bf31257f767870ff5effea52cd77ab7fc4,sell,0x5e4abe6419650ca839ce5bb7db422b881a6064bb,0x18a3df89aca79ba82f2441835841fe3c6e6d38dbad9d47067480059db71249fd
10,777,0.0231546,0x54b59cbea68b581f1fa6ae1c3d5ea0643e8e2378,2017-10-25T14:25:06.000Z,0.0000298,0x833438ee8ac5c23f579ec08142f2285b4a596b74,buy,0x5e4abe6419650ca839ce5bb7db422b881a6064bb,0x8b2d2acb3947941b1601adf41dcb2118a6de3e069bde4b91fbe34f6b1ad177dc
11,20880.435,0.62641305,0x13b34604ccc38b5d4b058dd6661c5ec3b13ef045,2017-10-25T04:00:13.000Z,0.00003,0x107d35bdbb393d33d6d9ce4127883b057b8e6187,buy,0x5e4abe6419650ca839ce5bb7db422b881a6064bb,0xc84eeb5c48d068e3a36b2b47b64878ea2f1dea0b9154644eadad59db98943b78
12,868.7697552182989,0.01142432228112063,0x833438ee8ac5c23f579ec08142f2285b4a596b74,2017-10-25T03:10:06.000Z,0.00001314999999999999,0x9776960c8c9f915dd578be65ca56c249c17e2b8b,sell,0x5e4abe6419650ca839ce5bb7db422b881a6064bb,0xe352c597d4e3b78f3cfce14a1a7ae628ffb3e26183dcae3038e4c60f4a3d02ec
13,6400,0.0864,0xeb7cdb2a92f38bc2d3f9530df94c170131bf989c,2017-10-25T03:06:21.000Z,0.0000135,0x9776960c8c9f915dd578be65ca56c249c17e2b8b,sell,0x5e4abe6419650ca839ce5bb7db422b881a6064bb,0x90c95a51e5d509fbd24870572f578660409198cd12e247f228b00b16d2dbf450
14,6964.154594756255,0.09671817901197488,0xfc815edabc20558352194f1a29a54fa91ab2f891,2017-10-25T03:04:07.000Z,0.00001388799999999999,0x9776960c8c9f915dd578be65ca56c249c17e2b8b,sell,0x5e4abe6419650ca839ce5bb7db422b881a6064bb,0xf26f66a2b581945f474503493accc77bc5033bf1de515482bb827480227eec78
15,12035.845405243745,0.16715382098802511,0xfc815edabc20558352194f1a29a54fa91ab2f891,2017-10-24T19:20:22.000Z,0.00001388799999999999,0x66fa1e1af25d7661001301ab556c1eff78e2dbf9,sell,0x5e4abe6419650ca839ce5bb7db422b881a6064bb,0xef4731a65452de314bdaaa0c3949ec0e4df9bfe4680e19badb6d8dd63fd23a20
16,1265.158,0.017641363152,0x056056ce86b7d8108f7c1febac70d637d60ea042,2017-10-24T19:18:45.000Z,0.000013944,0x66fa1e1af25d7661001301ab556c1eff78e2dbf9,sell,0x5e4abe6419650ca839ce5bb7db422b881a6064bb,0xf1591d18d6a1f6e56674c2d9e5b2ebed0b612aea21023f4e3b28d9224c734e29
17,393.97866613498155,0.005493638520586182,0x056056ce86b7d8108f7c1febac70d637d60ea042,2017-10-24T11:46:12.000Z,0.00001394399999999999,0xac3327da2c123c7f9aa64003a72c5548b01fb0ee,sell,0x5e4abe6419650ca839ce5bb7db422b881a6064bb,0x4679488288269669b442a0449a8def76ec65c54d60fdf2fe9575d3744bcd2b97
18,840.8633236965408,0.011724998185624563,0x056056ce86b7d8108f7c1febac70d637d60ea042,2017-10-24T08:42:02.000Z,0.00001394399999999999,0xa45efeea7341f815160473a6ec611ec0725ee373,sell,0x5e4abe6419650ca839ce5bb7db422b881a6064bb,0xb44a3dde2de8c853cf522e431e7e55341b0e800d36f70eaec068c2074e5e250f
19,16159.136676303458,0.2536984458179643,0x29b8eca0a380c562a00b7e5d1fbc624e5be736a5,2017-10-23T19:10:52.000Z,0.00001569999999999999,0x55554a9622ffe270ed08887f3ec3d393c27380b5,sell,0x5e4abe6419650ca839ce5bb7db422b881a6064bb,0xa6d7d46c26f3058da450b63705b95aab4d601700480785f8f109b2b82d0d001d
20,840.8633236965408,0.01320155418203569,0x29b8eca0a380c562a00b7e5d1fbc624e5be736a5,2017-10-23T17:21:07.000Z,0.00001569999999999999,0x0fd037d6ff6df7e462b36fb1793d6c2a53bb872a,sell,0x5e4abe6419650ca839ce5bb7db422b881a6064bb,0xd5cd940bf9837bafa3202df15ea2c1dba0a2ea7671d001b312cd8ec78efc6dc5
21,0.2251787279193249,0.000003134960767965,0x24418ab1b19550b380652432eac1ab37bf3d0fa9,2017-10-23T13:26:41.000Z,0.00001392209999999718,0x0f935f0343be7527facf5e4a3c547d25bdcb7942,sell,0x5e4abe6419650ca839ce5bb7db422b881a6064bb,0x63873ee226cf61d3d35a22f15624c544f900389f7c3e58eee87a9b57c7e7dc28
22,2258.767819758748,0.03144679146346326,0x24418ab1b19550b380652432eac1ab37bf3d0fa9,2017-10-23T13:24:42.000Z,0.00001392209999999999,0x0f935f0343be7527facf5e4a3c547d25bdcb7942,sell,0x5e4abe6419650ca839ce5bb7db422b881a6064bb,0x25d31c4a33a1ae67d4738b3f544edabc8c61801d3483f1a4cdc4a110d6b4fb4b
23,2258.767819758748,0.03144679146346326,0x24418ab1b19550b380652432eac1ab37bf3d0fa9,2017-10-23T13:16:54.000Z,0.00001392209999999999,0x5c868bfa7dda94e95a06780b163579eb712bf37c,sell,0x5e4abe6419650ca839ce5bb7db422b881a6064bb,0xec8334083ee3910e9d633afcfc7b902c8ed2520aedafb2b9c3d06f051691a2e8
24,8000,0.1199992,0x25c2937618e5510da507799bb09f2e83cca3f21b,2017-10-23T12:21:27.000Z,0.0000149999,0x64dcca9d2091012bd3e1e5235d703f72f4d65746,sell,0x5e4abe6419650ca839ce5bb7db422b881a6064bb,0xdeca1d7e182a99dd376853ed2ac28e69e63cba4cff5dd46518edfc177ba4dba2
25,0.000015,0.45,0x8eed95cae1320feda8650fde55af5260ef3cb663,2017-10-23T12:20:59.000Z,30000,0x3ac636ac5c3a2576156ac5f10066ca68abe0ad54,sell,0x5e4abe6419650ca839ce5bb7db422b881a6064bb,0x403e3a0cb6ad34df23c2005b6b88ef01d4e0fd92c28afecae53ae7285b117537
26,3987.837086946526,0.05401126550560375,0x056056ce86b7d8108f7c1febac70d637d60ea042,2017-10-22T16:30:50.000Z,0.00001354399999999999,0x041b9aca8fe6520cb928392f64aa6971ee636d7c,sell,0x5e4abe6419650ca839ce5bb7db422b881a6064bb,0xa79968c5edacb66974860da95ceeca3357281fe44978a65ab5723f216cbaabbe
27,1993.8191606021335,0.026717176752068587,0x107d35bdbb393d33d6d9ce4127883b057b8e6187,2017-10-22T09:02:22.000Z,0.00001339999999999999,0x041b9aca8fe6520cb928392f64aa6971ee636d7c,sell,0x5e4abe6419650ca839ce5bb7db422b881a6064bb,0x57af5666450dffc36d517c7bc3fa2f33e4265b6f8ab83af00f1c030d68418655
28,13958,0.66830904,0x64dcca9d2091012bd3e1e5235d703f72f4d65746,2017-10-21T15:51:17.000Z,0.00004788,0xd445f61ebca3d6b4c57eef1f39fdab6595ef8972,sell,0x5e4abe6419650ca839ce5bb7db422b881a6064bb,0x3075ba966d20143d481d36b678d6e102880ceac2467f1c72701dd2845006d0f8
29,14000,0.462,0xd445f61ebca3d6b4c57eef1f39fdab6595ef8972,2017-10-21T15:51:17.000Z,0.000033,0x106d3c9dbcd280742a03e52aba4e2e2a79a0d357,buy,0x5e4abe6419650ca839ce5bb7db422b881a6064bb,0x3075ba966d20143d481d36b678d6e102880ceac2467f1c72701dd2845006d0f8
30,406.96788673062224,0.005371976104844213,0xaa85b24ac88a0a235f1977821194adce1cda9144,2017-10-21T13:51:54.000Z,0.00001319999999999999,0xa42a317e1d9ad2a29ef0047b5dc307ee5988b0a8,sell,0x5e4abe6419650ca839ce5bb7db422b881a6064bb,0x595e6da7abb72a03374e16d4ae0092883f2e12b4bc027717db8bc7d80d77e4e3
31,100,0.0026,0x1352fd7ae127f80f4142b2230dd4c3bb3a5b406c,2017-10-21T13:03:54.000Z,0.000026,0xcb03f2d32ae27f69cd9950901aecb704560912bc,buy,0x5e4abe6419650ca839ce5bb7db422b881a6064bb,0x8f501b87c41fdee9036575f7d98b1e57a7f8db814ade427634fd77b81fd60a95
32,369.02,0.00479726,0xaa85b24ac88a0a235f1977821194adce1cda9144,2017-10-21T11:33:41.000Z,0.000013,0x1f17aaa3a33efec902607229644df77ffcfde102,buy,0x5e4abe6419650ca839ce5bb7db422b881a6064bb,0x64c0d2bc1edd0f0bd1c5c162ecc5dcaefa95d6017aa5c169c5981b0512817d97
33,1678.0081746585586,0.02214970790549297,0xaa85b24ac88a0a235f1977821194adce1cda9144,2017-10-21T10:51:06.000Z,0.00001319999999999999,0xc32490bae8e818287df24f9a294e80d2c526f0ec,sell,0x5e4abe6419650ca839ce5bb7db422b881a6064bb,0x06f63ab653b9dcb5241bee1ddac9427788f0ab9c4a119101c68f9b592d9c7757
34,0.1788891680332888,0.000002683337520499,0x107d35bdbb393d33d6d9ce4127883b057b8e6187,2017-10-20T23:38:41.000Z,0.00001499999999999814,0x8b182a4526944fa498970732a69a95d281c3c8a9,sell,0x5e4abe6419650ca839ce5bb7db422b881a6064bb,0x491818b1cf8e4a9daf2bd618b13c152a5fa8af511f26ab30f6b24abaeb2a736d
35,1794.43724454192,0.0269165586681288,0x107d35bdbb393d33d6d9ce4127883b057b8e6187,2017-10-20T23:34:26.000Z,0.00001499999999999999,0x8b182a4526944fa498970732a69a95d281c3c8a9,sell,0x5e4abe6419650ca839ce5bb7db422b881a6064bb,0x60f83c1192fbf32a4e32392729775182c0e5d7397a53d76b2c5637f00c43a3e8
36,1,0.000028,0x6cdea8e07bf82d7a07dbf36642d6e5be8623845c,2017-10-20T02:48:41.000Z,0.000028,0x7172a45f7bdea63ba057f2af5de9cf2cd2ad2bd9,buy,0x5e4abe6419650ca839ce5bb7db422b881a6064bb,0xc2625edbd9757c47698bea224eab6484b6fb93d8eb17f9177e7a5821b5f8f0f1
37,0.2981486133888147,0.000003920654266062,0x833438ee8ac5c23f579ec08142f2285b4a596b74,2017-10-19T22:51:23.000Z,0.00001314999999999693,0x035392de57aa4fe343d86494103dbe1b068a56c6,sell,0x5e4abe6419650ca839ce5bb7db422b881a6064bb,0xab4b7af8204f5d5bb113fc9b2e9e008be5bad32099750c0e8818e52afe752db4
38,2990.7287409032,0.03917884557870601,0x24418ab1b19550b380652432eac1ab37bf3d0fa9,2017-10-19T22:49:42.000Z,0.00001310009999999999,0x035392de57aa4fe343d86494103dbe1b068a56c6,sell,0x5e4abe6419650ca839ce5bb7db422b881a6064bb,0x3f878155574977c9b4691dd039af9cba4ef9dae66c8fcf42ca15f13a5b3753eb
39,1505,0.04214,0x9e1477cd68e8e375705ccb3dcf5764fe901de3ef,2017-10-19T11:52:47.000Z,0.000028,0x7172a45f7bdea63ba057f2af5de9cf2cd2ad2bd9,buy,0x5e4abe6419650ca839ce5bb7db422b881a6064bb,0xe9ebc3b03613d6dfb7b986cf8c90aed6494a7c4e839ff40263d5400439c71b64
40,1600,0.0464,0xc6660a835c352bf39d6b5b170c65d8e3f03a6b6a,2017-10-18T20:42:12.000Z,0.000029,0xac3327da2c123c7f9aa64003a72c5548b01fb0ee,sell,0x5e4abe6419650ca839ce5bb7db422b881a6064bb,0x397ee9190acb4081e9a3b29acf378fce7839f3b4b1810955faaa3413b91169ef
41,1,0.00003,0x3ac636ac5c3a2576156ac5f10066ca68abe0ad54,2017-10-18T20:15:57.000Z,0.00003,0xc32490bae8e818287df24f9a294e80d2c526f0ec,buy,0x5e4abe6419650ca839ce5bb7db422b881a6064bb,0x89bd8bad21f8d4086bd2cd95f8fcb9e0fc3fbc8a87d34725a86171725675ae1c
42,16.666666666666668,0.0005,0xf9695cd65d6dfdf257fab76a3eb0cb8f001971cc,2017-10-18T15:38:24.000Z,0.00003,0x7172a45f7bdea63ba057f2af5de9cf2cd2ad2bd9,buy,0x5e4abe6419650ca839ce5bb7db422b881a6064bb,0xd3fc1a6baa25e6f92f94d2770e64e46ee7c369d1a32ede7e9d36155cfa700a76
43,16.666666666666668,0.0005,0x379374d13077e8867ef31803c37baf9785a17c00,2017-10-18T15:37:18.000Z,0.00003,0x7172a45f7bdea63ba057f2af5de9cf2cd2ad2bd9,buy,0x5e4abe6419650ca839ce5bb7db422b881a6064bb,0xef03187009bd2d1a686e970d218d0ad59ca370be58265ab016c0c9a8c3a717ff
44,2540.221262979009,0.07620663788937027,0x7dac9edc0046ee01af8ea4a6d60823655b2ae2e6,2017-10-18T15:35:34.000Z,0.00003,0x7172a45f7bdea63ba057f2af5de9cf2cd2ad2bd9,buy,0x5e4abe6419650ca839ce5bb7db422b881a6064bb,0x68ae902ea36e099623e397d280756a139eb7ac5b3cd8f6f952ccdfe6019a07cb
45,13.159626266614028,0.0005,0x16e5d97bbc92417e051e3b2cabfbf8ceea2acb9c,2017-10-17T18:38:22.000Z,0.000037995,0x1e99737d62e293d6043f2407a24652d39b1ec372,buy,0x5e4abe6419650ca839ce5bb7db422b881a6064bb,0x76d96c3a1c6964922f7dd93b9bc70d327055d34cde6d7c1241d698491da69b90
46,13.158241006342273,0.0005,0x42c24a83bded723edfdf5883bc7efb30bc1a1bf3,2017-10-17T16:38:39.000Z,0.000037999,0xc85d3baba724711ce7b43e746acf9c6bf38e6ec5,buy,0x5e4abe6419650ca839ce5bb7db422b881a6064bb,0x3ded6437eb54ddf43a118476d7ca2daa7be189b79054c738bce46c3062fd4553
47,735.7491775495962,0.007136767022231083,0x29b8eca0a380c562a00b7e5d1fbc624e5be736a5,2017-10-17T13:00:43.000Z,0.00000969999999999999,0xaadb2c462a98fb6c4ddc055fa4a0bae6832076e1,sell,0x5e4abe6419650ca839ce5bb7db422b881a6064bb,0xf0cfe47976cf1a8bf4e35f41d7b8f0b4e8d42af2d6c9e57cbc69e8ee7709d047
48,12.820512820512821,0.0005,0xcd912af5286dc0b0a23edb30209734ecb60838b3,2017-10-17T06:16:59.000Z,0.000039,0xa42a317e1d9ad2a29ef0047b5dc307ee5988b0a8,buy,0x5e4abe6419650ca839ce5bb7db422b881a6064bb,0x968741a00301de4dda354cfc4d80097fd99a8c4c978c2c73068dfc98d24a7159
49,121,0.00363,0x97c5c53f8acac416f87a884f6f923ae063ebaacd,2017-10-17T05:36:43.000Z,0.00003,0x81df114b711dcf8e5c539870100367c5bc98c29d,buy,0x5e4abe6419650ca839ce5bb7db422b881a6064bb,0x7f558a2a8978764d6b71041bfd836e9000db86deb4e24b19ed4fd03b707ae7ef
50,10,0.000445,0x959c389ec4c8690db53271d92756a2b532551374,2017-10-16T19:43:01.000Z,0.0000445,0x9776960c8c9f915dd578be65ca56c249c17e2b8b,buy,0x5e4abe6419650ca839ce5bb7db422b881a6064bb,0x40bdbf95fcee1c6df002de13c91a1f943c1fc6ae33b556932d0d2e09c505d2f1
51,300,0.009,0x0d479199250a62931f4ccb5dec399235da1b6834,2017-10-16T19:38:27.000Z,0.00003,0x81df114b711dcf8e5c539870100367c5bc98c29d,buy,0x5e4abe6419650ca839ce5bb7db422b881a6064bb,0x86bbb30a25ed424fbfc0f74a824abdf3e98393607be19bca5fe27d7983d920c9
52,1500,0.075,0xda335761adceaa57fe02367340c2e33ba185175e,2017-10-16T17:15:17.000Z,0.00005,0xac3327da2c123c7f9aa64003a72c5548b01fb0ee,buy,0x5e4abe6419650ca839ce5bb7db422b881a6064bb,0x6f2a2af0c0558658a92bb61a63495f3ff9290998f0bc00ea57889914d645fe8f
53,4007.43,0.179933607,0xda335761adceaa57fe02367340c2e33ba185175e,2017-10-16T17:15:17.000Z,0.0000449,0xc3810547971da024517516051bb2d32fe3f2b225,buy,0x5e4abe6419650ca839ce5bb7db422b881a6064bb,0x3c1381e00b7769b97421428bb1ac13b4bb378bff66f9beb77452c2ae72f13300
54,1526.74,0.0458022,0xda335761adceaa57fe02367340c2e33ba185175e,2017-10-16T17:04:55.000Z,0.00003,0x834c6a2bb7ff4b457498b45af98409e710abbadb,buy,0x5e4abe6419650ca839ce5bb7db422b881a6064bb,0xab4823bae1fa1cf46c29de0363ed422eb784022ad4e0178311f0f3abd5f9ab12
55,2000,0.064,0xda335761adceaa57fe02367340c2e33ba185175e,2017-10-16T17:04:05.000Z,0.000032,0x106d3c9dbcd280742a03e52aba4e2e2a79a0d357,buy,0x5e4abe6419650ca839ce5bb7db422b881a6064bb,0x39f0b6e8043ae42072d698808cd10bd0e9178619202280b0d23e906ea883ab6a
56,5000,0.17,0xda335761adceaa57fe02367340c2e33ba185175e,2017-10-16T17:03:45.000Z,0.000034,0x106d3c9dbcd280742a03e52aba4e2e2a79a0d357,buy,0x5e4abe6419650ca839ce5bb7db422b881a6064bb,0xf791e300270d6a216ddfcc6896c8c6e19bce5ae1f583c1e8a82eeb7df33f75a9
57,6000,0.189,0xda335761adceaa57fe02367340c2e33ba185175e,2017-10-16T17:02:04.000Z,0.0000315,0x106d3c9dbcd280742a03e52aba4e2e2a79a0d357,buy,0x5e4abe6419650ca839ce5bb7db422b881a6064bb,0x31514e970f376b738e002a192bfe03772308e7571cfb1c83682d7ada6e7504b5
58,1000,0.0315,0x106d3c9dbcd280742a03e52aba4e2e2a79a0d357,2017-10-14T20:32:23.000Z,0.0000315,0x106d3c9dbcd280742a03e52aba4e2e2a79a0d357,buy,0x5e4abe6419650ca839ce5bb7db422b881a6064bb,0x998f8a2e309543b261376abf70b9d65184815624aa09ec9a733eba2eee54fea6
59,789.402382414515,0.003647039006755059,0x24418ab1b19550b380652432eac1ab37bf3d0fa9,2017-10-12T07:43:16.000Z,0.00000461999999999999,0xe90b78355521aa070eef673e17bab49a465f5f5d,sell,0x5e4abe6419650ca839ce5bb7db422b881a6064bb,0xf61d576efa6d8d6805e9a1bfea7c16f24390671d49cfe7773d7081716c9dfed3
60,200,0.008,0x45f625d1b4eaed944ab2af1d95d5ff1601a8199f,2017-10-11T06:23:17.000Z,0.00004,0xaa85b24ac88a0a235f1977821194adce1cda9144,buy,0x5e4abe6419650ca839ce5bb7db422b881a6064bb,0xf545aff80bad81828e944c050937543f10b1b76d955ceaf085f19442a007b029
61,1000,0.004607,0x035392de57aa4fe343d86494103dbe1b068a56c6,2017-10-10T10:08:12.000Z,0.000004607,0xc3810547971da024517516051bb2d32fe3f2b225,sell,0x5e4abe6419650ca839ce5bb7db422b881a6064bb,0xcec0283993b088989fc6a6c677e9df4308c9fbabc136a61ab050667d0e8a885e
62,2000,0.00922,0x035392de57aa4fe343d86494103dbe1b068a56c6,2017-10-10T10:02:23.000Z,0.00000461,0xc3810547971da024517516051bb2d32fe3f2b225,sell,0x5e4abe6419650ca839ce5bb7db422b881a6064bb,0xebc352e3f209f2e2baada513590f78a83d7567249583fdf46b1bb8e310e84d35
63,1500,0.007515,0x8b182a4526944fa498970732a69a95d281c3c8a9,2017-10-10T10:01:06.000Z,0.00000501,0xc3810547971da024517516051bb2d32fe3f2b225,sell,0x5e4abe6419650ca839ce5bb7db422b881a6064bb,0x1cfa2b1f4b5b21548b0d32f654329bb8fa0b8b13e077b2688e16ddd4ad5972f9
64,9969.096796839378,0.2791347103115026,0x53f64794758406c6e8355d22ee4d32926e75dcc6,2017-10-10T01:56:29.000Z,0.00002799999999999999,0x20061aae2570f2b1b45c697a03afcc152376db36,sell,0x5e4abe6419650ca839ce5bb7db422b881a6064bb,0xfdf43e0597e1f4a0cc808f468a25189ec266f6b74184596249ec3f5b8ccc5811
65,2383.7005283620774,0.0738947163792244,0x106d3c9dbcd280742a03e52aba4e2e2a79a0d357,2017-10-09T12:46:23.000Z,0.00003099999999999999,0xc6fc6835ce16679c89567c0b33604d1e9a71bf99,sell,0x5e4abe6419650ca839ce5bb7db422b881a6064bb,0x25ce247b4b219143e54f77a36653882a9cd14afb7c01ccab174a87c6de41f2dd
66,1800,0.0558,0x106d3c9dbcd280742a03e52aba4e2e2a79a0d357,2017-10-08T19:33:05.000Z,0.000031,0xaa231de57130612389ff76e44130a27f14dc486b,sell,0x5e4abe6419650ca839ce5bb7db422b881a6064bb,0x45099ff5a1931eb54513b3bfde889aa50c589d4899658f06261d04082db3367b
67,9.969095803010667,0.00030904196989333,0x106d3c9dbcd280742a03e52aba4e2e2a79a0d357,2017-10-08T17:54:16.000Z,0.00003099999999999993,0x20061aae2570f2b1b45c697a03afcc152376db36,sell,0x5e4abe6419650ca839ce5bb7db422b881a6064bb,0x941db319dd9df0749d1d6eccab8c44b0fac82e8b41d9d83cdb8e7a8942b2aa47
68,584.795,0.0166666575,0x5d5065b42bdee0274e394ba9042c21e1818c69cf,2017-10-08T10:09:12.000Z,0.0000285,0x8a685185f9143ffbbd562f635e35f4a5de3f7ee3,sell,0x5e4abe6419650ca839ce5bb7db422b881a6064bb,0xb221682506b611267987490b3b69664be410c69b776d086105728b612ebf1070
69,2447.004,0.0694949136,0x3e29e9266d163f6b28e119f7c1efabb683e76968,2017-10-08T10:07:45.000Z,0.0000284,0x8a685185f9143ffbbd562f635e35f4a5de3f7ee3,sell,0x5e4abe6419650ca839ce5bb7db422b881a6064bb,0xc3553d14f5b8beb872ae4935057046812c436a42b7868dfc75cb241d2a180806
70,9926.988,0.2809337604,0xa07643b4a26e0203a943ba272c773747573bfd70,2017-10-08T10:06:24.000Z,0.0000283,0x8a685185f9143ffbbd562f635e35f4a5de3f7ee3,sell,0x5e4abe6419650ca839ce5bb7db422b881a6064bb,0x96260f0b60a23f295fc4654d1eaa63a8e09d1ba4f802e73987546dd3df20fb12
71,9800.576,0.2763762432,0xaa85b24ac88a0a235f1977821194adce1cda9144,2017-10-08T10:06:18.000Z,0.0000282,0x8a685185f9143ffbbd562f635e35f4a5de3f7ee3,sell,0x5e4abe6419650ca839ce5bb7db422b881a6064bb,0x672da354b974e22185b93f0421d203175dee4c9107ed5d4168149ecea579aae3
72,4000,0.18,0x13b34604ccc38b5d4b058dd6661c5ec3b13ef045,2017-10-08T08:07:30.000Z,0.000045,0x36609b93a8c584d642d592e23c0f90344bf8a629,buy,0x5e4abe6419650ca839ce5bb7db422b881a6064bb,0xaf92375b6806b9392f223048d6f00e653fa62fcba4ff021dbf834ea2d9ba55f1
73,28.711992822251023,0.000812549396869703,0xa07643b4a26e0203a943ba272c773747573bfd70,2017-10-06T20:22:55.000Z,0.00002829999999999996,0xc6757a2b8e1fcda85dbaf0ed45133de95ab8a8c5,sell,0x5e4abe6419650ca839ce5bb7db422b881a6064bb,0x9e92e173a89c4c3162727b6b0e8b9569ec2889a3ca0ae8ba3ea154e430ef512a
74,44.3,0.00125369,0xa07643b4a26e0203a943ba272c773747573bfd70,2017-10-06T10:03:53.000Z,0.0000283,0x30ba5d3d3df3f6f661b82a19c9551e993713dbee,sell,0x5e4abe6419650ca839ce5bb7db422b881a6064bb,0xebbc5921e1c8153cb3288e78f4d9a8188b1f4923c404fbe10915d55a075b2f89
75,0.041961151911478964,0.000001183304483903,0xaa85b24ac88a0a235f1977821194adce1cda9144,2017-10-06T04:26:40.000Z,0.00002819999999998315,0xdb20b53318bb30ab68899041b2c89f03d57dfa0a,sell,0x5e4abe6419650ca839ce5bb7db422b881a6064bb,0xee86bf4214bd59cd0bd1dd56da6392e67f5c141172e37938b0fde80e33884a65
76,199.38191606021334,0.005622570032898016,0xaa85b24ac88a0a235f1977821194adce1cda9144,2017-10-06T03:39:54.000Z,0.00002819999999999999,0xf01a8001bb63886e8806642c8e3cfc587f534cfe,sell,0x5e4abe6419650ca839ce5bb7db422b881a6064bb,0x356ef49ef71dca98827856867db9a798f87175d716a111ec69dc91004a368b20
77,1500,0.0405,0xac3327da2c123c7f9aa64003a72c5548b01fb0ee,2017-10-05T16:45:44.000Z,0.000027,0xaa231de57130612389ff76e44130a27f14dc486b,sell,0x5e4abe6419650ca839ce5bb7db422b881a6064bb,0xd3f6b4be7e237dda8e7045667a71fab16f128c290ba0e747c6ee5fc25e6f52cd
78,1,0.0000544,0x0249924245a19aa2d7f5ddb0739a7132b7d094ab,2017-10-05T16:33:48.000Z,0.0000544,0xc4ce7d6b8b01d1ce6aec1e5295aa5c91d8f420fb,buy,0x5e4abe6419650ca839ce5bb7db422b881a6064bb,0x4fea791e6abdca3e93327397cc2f4727f74737f975ca4f03a076bd6b30ced035
79,10,0.00053,0xd8a62ad8a7efa8a3267932d2e478c026566fbe34,2017-10-05T12:36:04.000Z,0.000053,0xc4ce7d6b8b01d1ce6aec1e5295aa5c91d8f420fb,buy,0x5e4abe6419650ca839ce5bb7db422b881a6064bb,0x4c543e0ebf4748a81ed7572a923299c79bef8c2f3c062762befec3423c8edc46
80,549.0248184721961,0.021960992738887845,0x69bc96509a19ce70f5ddbbe2cdc736ca1fd615ee,2017-10-05T12:05:01.000Z,0.00003999999999999999,0x53f64794758406c6e8355d22ee4d32926e75dcc6,sell,0x5e4abe6419650ca839ce5bb7db422b881a6064bb,0x3c82750a578c31894636e00e8be39d2cac7f057c554169a6948044727ad0b298
81,350.9751815278039,0.014039007261112155,0x69bc96509a19ce70f5ddbbe2cdc736ca1fd615ee,2017-10-05T10:06:46.000Z,0.00003999999999999999,0x1f0d5b19643281db6454181686b97f429e0d087e,sell,0x5e4abe6419650ca839ce5bb7db422b881a6064bb,0xa0554392d89d387723c5c49cd0a0d2fbfe7b95c6f2b68ef518d76c1751dd222d
82,908.212158932662,0.026338152609047195,0x106d3c9dbcd280742a03e52aba4e2e2a79a0d357,2017-10-05T09:50:33.000Z,0.00002899999999999999,0x1f0d5b19643281db6454181686b97f429e0d087e,sell,0x5e4abe6419650ca839ce5bb7db422b881a6064bb,0xb1a94125b2035a99d62d0124a45ecf5dd125d0f11271f428f27780d52eee4103
83,39368.55,1.37789925,0x106d3c9dbcd280742a03e52aba4e2e2a79a0d357,2017-10-05T09:31:12.000Z,0.000035,0x53f64794758406c6e8355d22ee4d32926e75dcc6,sell,0x5e4abe6419650ca839ce5bb7db422b881a6064bb,0xb90fa4dab9dd1948b557639eef5faf55d81a7db3c9072c214024d59c521991b2
84,28440.203,1.109167917,0x106d3c9dbcd280742a03e52aba4e2e2a79a0d357,2017-10-05T07:30:22.000Z,0.000039,0x53f64794758406c6e8355d22ee4d32926e75dcc6,sell,0x5e4abe6419650ca839ce5bb7db422b881a6064bb,0x6e8434aec5c87de2aaf4e08ae260d7cc9d9c6b3a20acb4d3559fb8de1834de83
85,962.49,0.0481245,0x69bc96509a19ce70f5ddbbe2cdc736ca1fd615ee,2017-10-04T23:49:31.000Z,0.00005,0xac3327da2c123c7f9aa64003a72c5548b01fb0ee,buy,0x5e4abe6419650ca839ce5bb7db422b881a6064bb,0xc827cd479faa2037b923936249a0c0ae39ef4f4614dbca8726b5726d04b60675
86,300,0.0084003,0x8b182a4526944fa498970732a69a95d281c3c8a9,2017-10-04T21:24:30.000Z,0.000028001,0x94a1768148c40e5b9d10b86fc5f6d91f710d52d0,sell,0x5e4abe6419650ca839ce5bb7db422b881a6064bb,0xf1349a63cbae5024b3e34090a8b6c4dc3983ae59dba8f8c51f31a5daf042a70f
87,856.1724279166157,0.03339072468874801,0x106d3c9dbcd280742a03e52aba4e2e2a79a0d357,2017-10-04T20:13:17.000Z,0.00003899999999999999,0x4d4f1d5ab3847a73283190382b7b8cb9ee672048,sell,0x5e4abe6419650ca839ce5bb7db422b881a6064bb,0x6a0b90f47d92dd06953b9ff6341d388c1aff6b3c3713192aa25f6add275230bd
88,5038,0.196482,0x106d3c9dbcd280742a03e52aba4e2e2a79a0d357,2017-10-04T19:48:32.000Z,0.000039,0xd2a462c4747bcd2bbd72fd20bf4dddbb18e311a3,sell,0x5e4abe6419650ca839ce5bb7db422b881a6064bb,0xb39191901616749ad3d3b630c3c282c809aa45cd38c9c2a6228fab784d9bfa7c
89,665.6244315713,0.0259593528312807,0x106d3c9dbcd280742a03e52aba4e2e2a79a0d357,2017-10-04T19:41:14.000Z,0.00003899999999999999,0x4d4f1d5ab3847a73283190382b7b8cb9ee672048,sell,0x5e4abe6419650ca839ce5bb7db422b881a6064bb,0xb42105ad545db1fa5456d36471936ba7bd87b45473091528a46ce5c81cfd6176
90,0.000031802518761474,0.000000001113088156,0x106d3c9dbcd280742a03e52aba4e2e2a79a0d357,2017-10-04T18:26:29.000Z,0.00003499999997951137,0xd2a462c4747bcd2bbd72fd20bf4dddbb18e311a3,sell,0x5e4abe6419650ca839ce5bb7db422b881a6064bb,0x024f8c7039860a73ea2c5297eced145504bbd984bfe0fc56c83deaab6b668fac
91,0.31901106569634136,0.000011165387299371,0x106d3c9dbcd280742a03e52aba4e2e2a79a0d357,2017-10-04T18:13:56.000Z,0.00003499999999999703,0xd2a462c4747bcd2bbd72fd20bf4dddbb18e311a3,sell,0x5e4abe6419650ca839ce5bb7db422b881a6064bb,0xed0cb9c1b5976aee1ea2b039e0650520b3ff7745c7532b51793c24e8058c2bc8
92,420.91231482404544,0.014731931018841592,0x106d3c9dbcd280742a03e52aba4e2e2a79a0d357,2017-10-04T18:00:22.000Z,0.00003499999999999999,0xdb20b53318bb30ab68899041b2c89f03d57dfa0a,sell,0x5e4abe6419650ca839ce5bb7db422b881a6064bb,0x845e7cdd185471c9c637c33116b73091fae100514f0a3487c014dc9400213c6f
93,210.21832319808593,0.007357641311933007,0x106d3c9dbcd280742a03e52aba4e2e2a79a0d357,2017-10-04T17:33:11.000Z,0.00003499999999999999,0x47e9cfa8c920dd158260ceeedf0176cf01d225e1,sell,0x5e4abe6419650ca839ce5bb7db422b881a6064bb,0x609bf7b0d078fa791621bafb6bbcf92f06b6f7836a1d20e98ace1058edd98a36
94,833.47,0.0416735,0x13b34604ccc38b5d4b058dd6661c5ec3b13ef045,2017-10-04T00:53:02.000Z,0.00005,0x68201fdad7d443f57d5b5fc0fc46beca8708dc99,buy,0x5e4abe6419650ca839ce5bb7db422b881a6064bb,0x874a94e21fc38b733a7052a4396c006eeda1ba699553026cae27f14fbcf16b5d
95,3000,0.15,0x13b34604ccc38b5d4b058dd6661c5ec3b13ef045,2017-10-04T00:51:58.000Z,0.00005,0xaa85b24ac88a0a235f1977821194adce1cda9144,buy,0x5e4abe6419650ca839ce5bb7db422b881a6064bb,0xd713de2df378583b6ca6595bea0efbd38c55730ba49f486ee5ae1aaff4f95739
96,10,0.0005,0x0024a5046fd95c5eee6db19a69ef7ed3bacd50f1,2017-10-03T21:42:34.000Z,0.00005,0x68201fdad7d443f57d5b5fc0fc46beca8708dc99,buy,0x5e4abe6419650ca839ce5bb7db422b881a6064bb,0x6cde2703404b58262d3af0627fc4c9e4d87102072acb9f2236d47e122b575fe3
97,419.6989333067491,0.011751570132588974,0x3e29e9266d163f6b28e119f7c1efabb683e76968,2017-10-03T17:40:05.000Z,0.00002799999999999999,0x4dca30bcc9c9db4408141cd67b1515e689f546d8,sell,0x5e4abe6419650ca839ce5bb7db422b881a6064bb,0x3b135fdf640c013c050d492e760cbcf1d1fd49bf4e5f646b483dcf5aab23d02a
98,2258.767819758748,0.06324549895324494,0x3e29e9266d163f6b28e119f7c1efabb683e76968,2017-10-03T11:53:50.000Z,0.00002799999999999999,0xfe2bf579ef19a52709cfd1d43893584c4fb6a536,sell,0x5e4abe6419650ca839ce5bb7db422b881a6064bb,0xfb1fd33dd415b82a8be81be07f64b69d430f6b0290db7d7e904636f985033467
99,2775.0971986840796,0.07770272156315422,0x3e29e9266d163f6b28e119f7c1efabb683e76968,2017-10-03T10:06:25.000Z,0.00002799999999999999,0x7f40bc91ee6e0abbdc8904d326bbcc18d958d1fe,sell,0x5e4abe6419650ca839ce5bb7db422b881a6064bb,0x2055ae4406ab0579721e1e9f8250cbf9a3e76f77d8dc7302d3454fda96a081aa
100,2099.4317615392283,0.05878408932309839,0x3e29e9266d163f6b28e119f7c1efabb683e76968,2017-10-02T20:43:54.000Z,0.00002799999999999999,0xb6c4adb5be1630f85042693526d0e01a05005c33,sell,0x5e4abe6419650ca839ce5bb7db422b881a6064bb,0xe13ce6116ef8cb5b279a75da68213c77c8e8cf06e759eaffb6d726698ab97409
101,2500,0.185,0x450573f9ec383956e44d7a62b363107594d76c70,2017-10-02T11:10:58.000Z,0.000074,0x2f9f0012d81988ad746f795b7597ef3a2c10cda0,buy,0x5e4abe6419650ca839ce5bb7db422b881a6064bb,0x0c6db1f0479397cd1e8cdcd9443320b77d95d96274078f34504d53e360385483
102,2409.42,0.17588766,0x450573f9ec383956e44d7a62b363107594d76c70,2017-10-02T11:03:33.000Z,0.000073,0xa3438804f8ee626bdfc14b2727e9eb5fea04640a,buy,0x5e4abe6419650ca839ce5bb7db422b881a6064bb,0x6c96716c0779aa46e20ea35309bd73bd295919575e1331b70a2dca36c8711e0a
103,1500,0.1125,0x450573f9ec383956e44d7a62b363107594d76c70,2017-10-01T23:14:46.000Z,0.000075,0xa3438804f8ee626bdfc14b2727e9eb5fea04640a,buy,0x5e4abe6419650ca839ce5bb7db422b881a6064bb,0xbe33071c8c44b89e9232aa910ef29943ed139a0f63bf5ae7fa3941338ed59bd9
104,10000,0.77777,0xd0a232fb7e8147929868856ca13c348b763980eb,2017-10-01T14:28:59.000Z,0.000077777,0x53f64794758406c6e8355d22ee4d32926e75dcc6,buy,0x5e4abe6419650ca839ce5bb7db422b881a6064bb,0x3f1c2c372fd02ce76b32b6dd927f58a05aa365883231db953bbb2bf03993eb53
105,2630,0.19988,0xd0a232fb7e8147929868856ca13c348b763980eb,2017-10-01T14:26:38.000Z,0.000076,0xaa85b24ac88a0a235f1977821194adce1cda9144,buy,0x5e4abe6419650ca839ce5bb7db422b881a6064bb,0x9f6a76d8a3044e85e1f7bd0c06a82b53485a32196efd866af73e62138c8840fb
106,2575,0.229175,0xd536abfda7631d841379b04cc6a42e902f80ee9c,2017-10-01T00:41:28.000Z,0.000089,0xaa85b24ac88a0a235f1977821194adce1cda9144,buy,0x5e4abe6419650ca839ce5bb7db422b881a6064bb,0x06d500700cacb5302bb669c89c777f9b480cdddfe78b807c3c4df094f1c2ab4f
107,463.8108391295862,0.0371048671303669,0xd536abfda7631d841379b04cc6a42e902f80ee9c,2017-10-01T00:37:54.000Z,0.00008,0x4b940b4a7a9f73d6bf883dce46dc056b13a91c04,buy,0x5e4abe6419650ca839ce5bb7db422b881a6064bb,0x885f426658e2a6b18e159c9520d905cc231f274704fc3c4a073402f1a1c8f15b
108,8582.426,0.68659408,0xd536abfda7631d841379b04cc6a42e902f80ee9c,2017-10-01T00:34:38.000Z,0.00008,0x4b940b4a7a9f73d6bf883dce46dc056b13a91c04,buy,0x5e4abe6419650ca839ce5bb7db422b881a6064bb,0xbbb69874364c77715a1f93c7d5c542f583d5f662ec178328d3c1a86b6fc87989
109,5000,0.3995,0xd536abfda7631d841379b04cc6a42e902f80ee9c,2017-10-01T00:32:55.000Z,0.0000799,0x210a00b9b6bfe432ab2dfa2bc236448cb35c348e,buy,0x5e4abe6419650ca839ce5bb7db422b881a6064bb,0x4f1fb50e0ef128ff61dbb038a16b020057073228a4435afbad394b3e7b55cf03
110,270,0.01755,0xd536abfda7631d841379b04cc6a42e902f80ee9c,2017-10-01T00:29:15.000Z,0.000065,0xd441d0fb857aa5cf5bc1f556fd922cafeff55ab0,buy,0x5e4abe6419650ca839ce5bb7db422b881a6064bb,0x45ff515c1d1a7c38a6495b8fe369ff0d3fa3b9dc0e30ca6560eb1b61c9e7d606
111,1000,0.06,0xd536abfda7631d841379b04cc6a42e902f80ee9c,2017-10-01T00:28:00.000Z,0.00006,0xd95603cbd814f1dbc151bed44d743d15f51c6fa4,buy,0x5e4abe6419650ca839ce5bb7db422b881a6064bb,0xefbb72d0ca66f12cd16224c2d026ff02096137793c638f2b8516c12ea9802f9d
112,66.73,0.0026692,0xd536abfda7631d841379b04cc6a42e902f80ee9c,2017-10-01T00:22:29.000Z,0.00004,0xcc076a3dfe85c239e8b28ed75cce9959f8b3b360,buy,0x5e4abe6419650ca839ce5bb7db422b881a6064bb,0x6ded261292b2f1303adb03c4e76208ba5f376575d630c2a054b5aef6dcbb4305
113,1000,0.04,0xd95603cbd814f1dbc151bed44d743d15f51c6fa4,2017-09-30T00:55:11.000Z,0.00004,0xcc076a3dfe85c239e8b28ed75cce9959f8b3b360,buy,0x5e4abe6419650ca839ce5bb7db422b881a6064bb,0x64e4b1478b06e5f71bcc41871b4aae434679edfc188f21320b1f56333806337e
114,6250,0.4375,0xfff0905740ad6b68a5064359277c876d133252fa,2017-09-29T13:23:35.000Z,0.00007,0x84d7eb8872ed54dc213ec21c2f6b7142e1c35dfb,buy,0x5e4abe6419650ca839ce5bb7db422b881a6064bb,0x643b85876aca7aa5c1f56f7c19af32909d317d0b11daea2934f31396ecff32f2
115,30,0.00195,0xa0be78d2bac6a692adba423c7af50ec86a18bddf,2017-09-28T15:24:10.000Z,0.000065,0xd441d0fb857aa5cf5bc1f556fd922cafeff55ab0,buy,0x5e4abe6419650ca839ce5bb7db422b881a6064bb,0x79064e96426e0ed0a206b4cbe722be92e5dad68d2f360d4f5749bca8f59b033f
116,840.8633236965408,0.003531625959525471,0x66a4e99923ff534c41936d0b28a13980b0a942f0,2017-09-27T18:04:39.000Z,0.00000419999999999999,0x5facaadd40ae912dccf963096bcb530c413839ee,sell,0x5e4abe6419650ca839ce5bb7db422b881a6064bb,0xf052be8b5bb4a4213f693cfe1883452517f6b119cee33bbe60cab3e3c247943c
117,100,0.0035,0xf01a8001bb63886e8806642c8e3cfc587f534cfe,2017-09-26T06:06:07.000Z,0.000035,0xd2a462c4747bcd2bbd72fd20bf4dddbb18e311a3,sell,0x5e4abe6419650ca839ce5bb7db422b881a6064bb,0x3f287451ff8fc7ebce81f343006f680e0a3ab0a52a25d9eb3a69d876071a80cd
118,2158.010168477719,0.008632256474927723,0x33a8316094b5c0ea2c4cbae659c1c1b11ff8c06f,2017-09-24T23:28:37.000Z,0.00000400009999999999,0x1b8f0cb0970cbb165d58adaae7682929d5cb68d1,sell,0x5e4abe6419650ca839ce5bb7db422b881a6064bb,0x1bc1de6b83472ad4a0422406bd750d186b7d492971c0c12429dd4acb7e99b5af
119,100,0.004,0xf01a8001bb63886e8806642c8e3cfc587f534cfe,2017-09-24T23:19:03.000Z,0.00004,0x1b8f0cb0970cbb165d58adaae7682929d5cb68d1,sell,0x5e4abe6419650ca839ce5bb7db422b881a6064bb,0xc8b4c6eabe3ca4b8bc09408a6533414fb9e9481bfaf1844a1cb54374d543c975
120,463.8107005890618,0.018923476584033722,0x4b940b4a7a9f73d6bf883dce46dc056b13a91c04,2017-09-24T17:52:16.000Z,0.00004079999999999999,0x4d4f1d5ab3847a73283190382b7b8cb9ee672048,sell,0x5e4abe6419650ca839ce5bb7db422b881a6064bb,0x60c788b13fced796680b676438f753664c519109af8b55acc842bdacadf90050
121,2775.0971986840796,0.11322396570631044,0x4b940b4a7a9f73d6bf883dce46dc056b13a91c04,2017-09-23T21:46:31.000Z,0.00004079999999999999,0x36fef8678944d9fea67ea28f23fef98098de0995,sell,0x5e4abe6419650ca839ce5bb7db422b881a6064bb,0x2e5ecc71246272639c1ef779cb84492d713e6f2b51d802def0f0c7a0bd5f8196
122,1404.494,0.124999966,0x87eb8e079ded802c2ee2b34af5641884ae5aec05,2017-09-23T16:39:28.000Z,0.000089,0x36609b93a8c584d642d592e23c0f90344bf8a629,buy,0x5e4abe6419650ca839ce5bb7db422b881a6064bb,0x2b0d5c4b2f9c455e9bc376d20cc70e53acbfa1c7f47b0fe0dcbaf209eb329b3b
123,5807.328939856445,0.23693902074614295,0x4b940b4a7a9f73d6bf883dce46dc056b13a91c04,2017-09-23T06:33:48.000Z,0.00004079999999999999,0xf732b16f5aee6cd2db5b30a7a3860764a48b19ff,sell,0x5e4abe6419650ca839ce5bb7db422b881a6064bb,0x62d01760eb265357ee703a84fd69409df0cfd11e977a7bead95ea81375328be6
124,6230.684876881667,0.026168876482903,0x66a4e99923ff534c41936d0b28a13980b0a942f0,2017-09-22T18:37:40.000Z,0.00000419999999999999,0xbfb50b318ebd18975bd60b8d21488a8595debe74,sell,0x5e4abe6419650ca839ce5bb7db422b881a6064bb,0x330cded5452be566cc384e8ca9f33e660b281b728e20feec1fcdd963833959c6
