,amount,amountBase,buyer,date,price,seller,side,tokenAddr,txHash
0,1.1111111111111112,0.0005,0x4fda9e6bcd83af6c5cc771b5d20accc2b7720074,2017-11-02T09:28:54.000Z,0.00045,0x9e991aacfe62f4bf93c13343cf1f9711e90017d9,buy,0xcc4ef9eeaf656ac1a2ab886743e98e97e090ed38,0x288d2d554def12c826c0ff21783ef19791a22d0b6709b23516187ab71dfb49bb
1,1.1111111111111112,0.0005,0x3075f7f189912f4f425dd7021b9c396434197477,2017-11-02T09:27:00.000Z,0.00045,0x9e991aacfe62f4bf93c13343cf1f9711e90017d9,buy,0xcc4ef9eeaf656ac1a2ab886743e98e97e090ed38,0xc5b600136491455de698d51bea7c97ba0f53ef6725277acbd1e61b912f518ab5
2,314.45618582394576,0.06949481706709201,0xf9ac154b1c43a57228d8dd18175ce5c0386a3e8c,2017-11-02T03:15:35.000Z,0.00022099999999999998,0x39c122da4cca59f5a1caf9aafb8ab780656e6b50,sell,0xcc4ef9eeaf656ac1a2ab886743e98e97e090ed38,0xc9c2245b3af4fa1bc8523dddd41a77c3e57b14de7628bde7247ecd291b2b68aa
3,103,0.02369,0xb34f8e5c10cb528e2c3a42f0e7fb95d4a8fe1f8f,2017-11-01T21:13:09.000Z,0.00023,0x39c122da4cca59f5a1caf9aafb8ab780656e6b50,sell,0xcc4ef9eeaf656ac1a2ab886743e98e97e090ed38,0x0d9e8590ae48aac194b5244cea04e9bd42b1060cb6ec05b2fd91c937230c10eb
4,420,0.09912,0x90a29168953164a0bd48cba38098c7fdbac0714b,2017-11-01T20:39:59.000Z,0.000236,0x39c122da4cca59f5a1caf9aafb8ab780656e6b50,sell,0xcc4ef9eeaf656ac1a2ab886743e98e97e090ed38,0xd8b02f73899cca4331ecc7d7c7e613cfe8f9afd5182ccb2610c5eb1b91237440
5,1,0.0005,0x0b773d7819259d78757b26dc4148812d35676d8f,2017-10-31T14:35:41.000Z,0.0005,0xf9ac154b1c43a57228d8dd18175ce5c0386a3e8c,buy,0xcc4ef9eeaf656ac1a2ab886743e98e97e090ed38,0xcc8997947114b0f7f62273037fbe016abfc781705903e05f48a2cc67ccf28e59
6,2191.2072575017446,0.5039776692254012,0x8909e1a4f31fc2214ea6c4a917268b833b00c000,2017-10-29T08:51:33.000Z,0.00022999999999999998,0x6c3b9ca1061016b84f09dbe62405d5f28045f874,sell,0xcc4ef9eeaf656ac1a2ab886743e98e97e090ed38,0x5d98ace60f74555a4088fa003d58ff456a717fd9df033058168e458265a6d8ad
7,0.9000009000009,0.0005,0x34f9560c63078eb61872a4dc2ccd20e21c34feaf,2017-10-28T20:20:24.000Z,0.000555555,0xbc0945c667fadc26b9bf39e586b15eeb901e7d1c,buy,0xcc4ef9eeaf656ac1a2ab886743e98e97e090ed38,0xa4c192e23285db767749fc7b93cc9678fa5b94945bf93251f2b19be5128afe10
8,0.9000009000009,0.0005,0xe444a40689f51f63bcd29910622035707d533d29,2017-10-28T20:17:38.000Z,0.000555555,0xbc0945c667fadc26b9bf39e586b15eeb901e7d1c,buy,0xcc4ef9eeaf656ac1a2ab886743e98e97e090ed38,0x3466389cd00ebfc1f2623701d4b9a73da9aeebd598d301319b6d467e3f8cb471
9,255.00947064101285,0.05992725110158509,0x0ce4b16411b408bc9f06d456175db3cc79b25299,2017-10-26T04:02:16.000Z,0.0002350001,0x05076a8e1dfb79704b07cb855800865943425dae,sell,0xcc4ef9eeaf656ac1a2ab886743e98e97e090ed38,0x64e6cda320dd28e34056cb8881875ad62aa6225f54a7898bb829c12bd43884b1
10,695.7571134000339,0.16350361740612138,0x0ce4b16411b408bc9f06d456175db3cc79b25299,2017-10-25T15:17:51.000Z,0.00023500099999999998,0x6f9fcac7ac5e87ec747d47e81a42e8ca6b73e95a,sell,0xcc4ef9eeaf656ac1a2ab886743e98e97e090ed38,0x79e8873b5713a8e45c89dc09fd6bdbc72c0200e84b58619e61fe72453776dabf
11,624.0265515602455,0.1435335951774752,0x3dee4a4e076e8d82859d241db0baf46f112cfa23,2017-10-24T03:10:00.000Z,0.00023001199999999998,0xc83eb2af2460ca5ca4bff7ff11d5424784308a49,sell,0xcc4ef9eeaf656ac1a2ab886743e98e97e090ed38,0xea1993de4de28f4f496f546f50a32b73aa1b6a9087079da538235d35ba28753d
12,21.474542502410507,0.004941292229804657,0x43130148060f177c78825cbd5a0d0a18879b18bc,2017-10-24T03:06:31.000Z,0.00023009999999999996,0xc83eb2af2460ca5ca4bff7ff11d5424784308a49,sell,0xcc4ef9eeaf656ac1a2ab886743e98e97e090ed38,0x895d569a89be0d121bf384dd3635bcb6de514aae02114ba658170881d89c8037
13,0.06956810856897704,0.000016000664970864,0x6f9fcac7ac5e87ec747d47e81a42e8ca6b73e95a,2017-10-23T04:13:08.000Z,0.00022999999999998965,0x13ab1c941e549872b1b0fd92b8e5215df3f0397c,sell,0xcc4ef9eeaf656ac1a2ab886743e98e97e090ed38,0xb1472a91f7ad700bd5349c210d7bd82436a821e88f49aead766553d3a9b03dc8
14,697.8376970554086,0.16050267032274398,0x6f9fcac7ac5e87ec747d47e81a42e8ca6b73e95a,2017-10-23T04:06:26.000Z,0.00022999999999999998,0x13ab1c941e549872b1b0fd92b8e5215df3f0397c,sell,0xcc4ef9eeaf656ac1a2ab886743e98e97e090ed38,0x4139d5c2ac206e891a8b36222a9ded1ecd81f8cb8df52ff290203a11956bbe2a
15,418.1269869087437,0.08529790532938371,0x8909e1a4f31fc2214ea6c4a917268b833b00c000,2017-10-22T10:34:38.000Z,0.000204,0x4d517d272ce8d879d8891518e70153b49d2cdb96,sell,0xcc4ef9eeaf656ac1a2ab886743e98e97e090ed38,0x30034c5934b959b861a838dfc2d6c0bea1aea845f9f6c27cee522ccfa2d946bc
16,1993.8191606021335,0.40095703319708903,0xe1e1d0d73eeb29d0632bc4c7871bfc74dbed0741,2017-10-22T00:38:49.000Z,0.00020109999999999998,0x454aac0dc86a1f9e86f562a034f66de434dfe295,sell,0xcc4ef9eeaf656ac1a2ab886743e98e97e090ed38,0x01c8bde53ac27ab48031e2553c58d943bd9b0965461b2a37fa71c77d6dd7d57c
17,404.078,0.1818351,0xff40e811950bdf1ca9d0c18d489e6e273587e139,2017-10-21T01:08:02.000Z,0.00045,0xf9ac154b1c43a57228d8dd18175ce5c0386a3e8c,buy,0xcc4ef9eeaf656ac1a2ab886743e98e97e090ed38,0xda3d3742baf37577f68d9f2066fab02b994e1899ac97bc27ee305b24b1f17757
18,9.93916280446133,0.002484790701115332,0x0598d2c365a5661032a91da03ed74e298ceea67b,2017-10-19T03:15:28.000Z,0.00024999999999999995,0x13ab1c941e549872b1b0fd92b8e5215df3f0397c,sell,0xcc4ef9eeaf656ac1a2ab886743e98e97e090ed38,0x13a6be44593e4474daea9559ec3a5ada610ea572d2f5e99707355f9c2a9bddf9
19,1,0.0007222,0x3ac636ac5c3a2576156ac5f10066ca68abe0ad54,2017-10-18T16:16:04.000Z,0.0007222,0xd0e0fece8a16f36bc23e07f92f98b191624f331a,buy,0xcc4ef9eeaf656ac1a2ab886743e98e97e090ed38,0x721b7fcf42c8a1d552b0010b38bcbc741432525690681f761b68e69852446775
20,1.0050251256281406,0.0005,0x379374d13077e8867ef31803c37baf9785a17c00,2017-10-18T15:11:53.000Z,0.0004975,0x8dbd7b3258be2824df1b3f87430d508638408cc1,buy,0xcc4ef9eeaf656ac1a2ab886743e98e97e090ed38,0xc36b2c903a0842858972a179aa7b4534a20d1130550928fe5c79f18ca5b104a7
21,1.0050251256281406,0.0005,0xf9695cd65d6dfdf257fab76a3eb0cb8f001971cc,2017-10-18T15:06:36.000Z,0.0004975,0x8dbd7b3258be2824df1b3f87430d508638408cc1,buy,0xcc4ef9eeaf656ac1a2ab886743e98e97e090ed38,0xee14cc6b5d4ec0a077d30229d1e493bbafc33b2f85c61c1076873ccbc78a8a3a
22,1.5,0.00074625,0x359a434bcd08ddc98f2f0ecbf5990cf922e953e6,2017-10-18T00:35:38.000Z,0.0004975,0x8dbd7b3258be2824df1b3f87430d508638408cc1,buy,0xcc4ef9eeaf656ac1a2ab886743e98e97e090ed38,0xc6222ac6f2c67296308efa4cb96619b47c88f4c269789e964628e1af94dbd346
23,1,0.0005,0x16e5d97bbc92417e051e3b2cabfbf8ceea2acb9c,2017-10-17T17:25:10.000Z,0.0005,0x33e720b53fa8d9d3be89af59862bfbbb52788916,buy,0xcc4ef9eeaf656ac1a2ab886743e98e97e090ed38,0x13d06cbada788d33ea6b09308dfd10dc684fb13f8e603aaec15f406f582ab08c
24,1,0.0005,0xcd912af5286dc0b0a23edb30209734ecb60838b3,2017-10-17T05:07:11.000Z,0.0005,0x33e720b53fa8d9d3be89af59862bfbbb52788916,buy,0xcc4ef9eeaf656ac1a2ab886743e98e97e090ed38,0xd74a827c72ad3a51f665a0e9f6dd38b74c7a36bde0db586e714117cf06f3fa19
25,127.92202579084484,0.0867311334861928,0xff40e811950bdf1ca9d0c18d489e6e273587e139,2017-10-15T06:19:47.000Z,0.000678,0x13ab1c941e549872b1b0fd92b8e5215df3f0397c,buy,0xcc4ef9eeaf656ac1a2ab886743e98e97e090ed38,0xdf8b05a83db962cf86c71335498aba5926a53b4a162b3da02d50246ba5016085
26,468.44648738814215,0.12179608672091696,0x88650fdbfbb5c7933eb52008c4387050b963747d,2017-10-14T04:57:42.000Z,0.00026,0x3dee4a4e076e8d82859d241db0baf46f112cfa23,sell,0xcc4ef9eeaf656ac1a2ab886743e98e97e090ed38,0xe9a4892c83c97d1e3a4ff5b755efe15e8b3a97949f8793073072a6cce39bedac
27,250,0.08725,0xf732b16f5aee6cd2db5b30a7a3860764a48b19ff,2017-10-11T23:36:07.000Z,0.000349,0xc9087108b890f9aee9c5b878c6f062a2b0c730f3,buy,0xcc4ef9eeaf656ac1a2ab886743e98e97e090ed38,0x47be7f426fc9cf759694ff613f66474efcba74907f8b561bc083adc8da8002dd
28,714.99,0.2502465,0xf732b16f5aee6cd2db5b30a7a3860764a48b19ff,2017-10-11T22:24:24.000Z,0.00035,0x23a97235811b914c62a20f02e5ca467b26c0b491,buy,0xcc4ef9eeaf656ac1a2ab886743e98e97e090ed38,0xc7a34a50a072a2d493db294e383b64c1701702a924c53bf852922db2f939efd9
29,2285,0.79975,0xf732b16f5aee6cd2db5b30a7a3860764a48b19ff,2017-10-11T22:06:18.000Z,0.00035,0x23a97235811b914c62a20f02e5ca467b26c0b491,buy,0xcc4ef9eeaf656ac1a2ab886743e98e97e090ed38,0x4cd00c4fd6a02d2d2ce78ddf595ee2b09c29fa34b5d34697180854da865a30ed
30,239.258299272256,0.05527105971488386,0x3dee4a4e076e8d82859d241db0baf46f112cfa23,2017-10-11T11:15:22.000Z,0.00023101,0x3793583f5226a67942242a7af4cea7f5d813d017,sell,0xcc4ef9eeaf656ac1a2ab886743e98e97e090ed38,0xda7aea8d686145a8cf1d61018ae9e037d2fd05671f3ae3a97dacaccb241529e9
31,69.78367062107466,0.01612072575017446,0x3dee4a4e076e8d82859d241db0baf46f112cfa23,2017-10-09T06:58:03.000Z,0.00023101,0x57b070709b9baffa065ec5a284ebf26b98398dcc,sell,0xcc4ef9eeaf656ac1a2ab886743e98e97e090ed38,0x5854d466777ddf341047dbc8a2c20eca6ce865df4e08631c009a14f13a18fc5a
32,160,0.0320176,0x3dee4a4e076e8d82859d241db0baf46f112cfa23,2017-10-08T11:58:49.000Z,0.00020011,0x2a0b4c7251223fd0afc90fa5ecda42ee8c0b65bf,sell,0xcc4ef9eeaf656ac1a2ab886743e98e97e090ed38,0xfce689d07e40cf2db3f63e0a7aad266291580b5df2461cbd74fb746c41af570f
33,79.365,0.01666665,0x5d5065b42bdee0274e394ba9042c21e1818c69cf,2017-10-08T11:58:11.000Z,0.00021,0x2a0b4c7251223fd0afc90fa5ecda42ee8c0b65bf,sell,0xcc4ef9eeaf656ac1a2ab886743e98e97e090ed38,0xb300a24710c078e8fc10fca1de6f76a254cb9e9e92cbd6a2081f5bc8022c4e00
34,79.365,0.01666665,0x5d5065b42bdee0274e394ba9042c21e1818c69cf,2017-10-08T11:58:08.000Z,0.00021,0x2a0b4c7251223fd0afc90fa5ecda42ee8c0b65bf,sell,0xcc4ef9eeaf656ac1a2ab886743e98e97e090ed38,0xb300a24710c078e8fc10fca1de6f76a254cb9e9e92cbd6a2081f5bc8022c4e00
35,250,0.0525,0xc9087108b890f9aee9c5b878c6f062a2b0c730f3,2017-10-08T11:51:03.000Z,0.00021,0x2a0b4c7251223fd0afc90fa5ecda42ee8c0b65bf,sell,0xcc4ef9eeaf656ac1a2ab886743e98e97e090ed38,0x3d3f9991b5df0392148441ee4593d93f45942d4ee671550956759ca0d55949c9
36,1495.3643704516,0.29923736417106966,0x3dee4a4e076e8d82859d241db0baf46f112cfa23,2017-10-07T03:37:27.000Z,0.00020010999999999998,0x9ee08d2db90aa5af50163929a93c385cadd53e33,sell,0xcc4ef9eeaf656ac1a2ab886743e98e97e090ed38,0x34c0055de16f5dc1ee1c54692582da5133f1cb8ecb17b5edcd01803f68aff340
37,198,0.105732,0x6c3b9ca1061016b84f09dbe62405d5f28045f874,2017-10-05T11:56:56.000Z,0.000534,0x33a8316094b5c0ea2c4cbae659c1c1b11ff8c06f,buy,0xcc4ef9eeaf656ac1a2ab886743e98e97e090ed38,0x5740aee2a86c846526694bf90e91a03ef3f4e55077f5860d3284fb83ec9a7eb8
38,121.48018313580111,0.06244081413180177,0x3dee4a4e076e8d82859d241db0baf46f112cfa23,2017-10-05T11:15:52.000Z,0.000514,0x3dee4a4e076e8d82859d241db0baf46f112cfa23,sell,0xcc4ef9eeaf656ac1a2ab886743e98e97e090ed38,0x4a3859e1d96617119f51c633a8fa336a01b78685958c4494d2a1216a183905e3
39,100,0.0534,0x4b53a3494ea8643b5d0e2fcdb4451e1a5716e235,2017-10-04T18:17:51.000Z,0.000534,0x33a8316094b5c0ea2c4cbae659c1c1b11ff8c06f,buy,0xcc4ef9eeaf656ac1a2ab886743e98e97e090ed38,0x85526c15417c316882573db1ba9a58cd00a5383557bc8c904e799ebb51599ceb
40,100,0.0534,0x4b53a3494ea8643b5d0e2fcdb4451e1a5716e235,2017-10-04T18:16:21.000Z,0.000534,0x33a8316094b5c0ea2c4cbae659c1c1b11ff8c06f,buy,0xcc4ef9eeaf656ac1a2ab886743e98e97e090ed38,0x32412a94a283238ab4738468f278fd77feecad15f4cd9361be05bcba7f21dd69
41,150,0.0525,0xe5edf2ba13bfb6ed2e4ccb32fbd6d4b73c83277d,2017-10-03T15:23:56.000Z,0.00035,0x3dee4a4e076e8d82859d241db0baf46f112cfa23,sell,0xcc4ef9eeaf656ac1a2ab886743e98e97e090ed38,0xfd22a39d4e579ca80d929600f001a6f9ed5fa7fca4c0638ffe16804ad134e8a1
42,271.8502333723487,0.10330308868149252,0x3dee4a4e076e8d82859d241db0baf46f112cfa23,2017-10-03T01:28:11.000Z,0.00037999999999999997,0xff54308621eeddf887aa2d1470b480e2c0a195f5,sell,0xcc4ef9eeaf656ac1a2ab886743e98e97e090ed38,0x8bce6b5ff4d40a12543197803ca32d05767751df6363adfbc421f34b9a10c449
43,173.683,0.3299803317,0xff54308621eeddf887aa2d1470b480e2c0a195f5,2017-09-30T21:30:42.000Z,0.0018999,0x48eaedfa6ab55f414a433f0778f55ed9b827e822,buy,0xcc4ef9eeaf656ac1a2ab886743e98e97e090ed38,0x75d814c3e3f81714034ffb79ec37526f71d496654114bf6f2a7a89560834d581
44,99,0.068607,0xff54308621eeddf887aa2d1470b480e2c0a195f5,2017-09-30T21:25:58.000Z,0.000693,0x946151fa04270a2d81ff3abc7f0648f1767a0fce,buy,0xcc4ef9eeaf656ac1a2ab886743e98e97e090ed38,0x248bd3263ec2c6f3179011ac8b254f0db170e5dacbae811a90e3042f322c78b6
45,498.45479015053337,0.2098499651081647,0x3dee4a4e076e8d82859d241db0baf46f112cfa23,2017-09-30T14:47:39.000Z,0.000421001,0xce00b3cc19afe51798baa0299aaf912de12f3382,sell,0xcc4ef9eeaf656ac1a2ab886743e98e97e090ed38,0xfd7b466cecde737044b00baa1b5848bbdd1f9a48bc4f60aefae25624d796c4d1
46,1,0.000693,0x0249924245a19aa2d7f5ddb0739a7132b7d094ab,2017-09-29T23:12:56.000Z,0.000693,0x946151fa04270a2d81ff3abc7f0648f1767a0fce,buy,0xcc4ef9eeaf656ac1a2ab886743e98e97e090ed38,0x8fad0a010426f5570a4f4c390113c05a60808f528e37694b52d9ec284e8c574f
47,99.69095803010667,0.043864021533246936,0xe5edf2ba13bfb6ed2e4ccb32fbd6d4b73c83277d,2017-09-29T19:48:26.000Z,0.00044,0xff54308621eeddf887aa2d1470b480e2c0a195f5,sell,0xcc4ef9eeaf656ac1a2ab886743e98e97e090ed38,0x4250e977ca7841081772794d0b690be47cae54a67b9dd2cd33c3c274cc04a490
48,1472.446,0.82456976,0x3dee4a4e076e8d82859d241db0baf46f112cfa23,2017-09-29T03:44:13.000Z,0.00056,0x1ccb0927a54ecf90d082569f0f823e22c34c87fd,buy,0xcc4ef9eeaf656ac1a2ab886743e98e97e090ed38,0xb32a9335ca44cb0b627bdb28776af25a1026903356c3e51e32ffe921deebd26c
49,1518,0.6392298,0x1a6b3ff9c17ba22980281cf2a5fa829b994bbd20,2017-09-29T01:17:47.000Z,0.0004211,0x1ccb0927a54ecf90d082569f0f823e22c34c87fd,sell,0xcc4ef9eeaf656ac1a2ab886743e98e97e090ed38,0x15afb522ff59d603568ecab299447d04a2fc251a116162657f9215340895b00d
50,1,0.00069,0xa0be78d2bac6a692adba423c7af50ec86a18bddf,2017-09-28T05:17:15.000Z,0.00069,0x5524662fa37df94a7c1c8bb7bcf001defb00f57d,buy,0xcc4ef9eeaf656ac1a2ab886743e98e97e090ed38,0xa53cc16dd42c3c74c3f9a306a08a8f26d6975e92a3759b18e6d889fa2e28ddd3
51,598.14574818064,0.2518199581297976,0x3dee4a4e076e8d82859d241db0baf46f112cfa23,2017-09-27T16:59:15.000Z,0.000421001,0x5bc947356b9a75fdcb92f3eb550682941aca376b,sell,0xcc4ef9eeaf656ac1a2ab886743e98e97e090ed38,0x0e0fb65f0ce0c8374179235853f00c0bd861b17b7a06ec7dbc74fcd5a216c31b
52,234.09888136900324,0.16269872255145726,0xfabb4afd28cf81aa2e8da038f7dc1ff2c11bcb06,2017-09-26T12:15:46.000Z,0.000695,0x8dbd7b3258be2824df1b3f87430d508638408cc1,buy,0xcc4ef9eeaf656ac1a2ab886743e98e97e090ed38,0xb06c3244db81b92c30c669bcab524389cd78e34b864737770e6d2391ada2e9fd
53,2242.049646097099,0.8968198584388396,0x3dee4a4e076e8d82859d241db0baf46f112cfa23,2017-09-26T01:55:55.000Z,0.00039999999999999996,0x2d8a7a194a39fdb32e95a0b3beaf5cece3bf2c7a,sell,0xcc4ef9eeaf656ac1a2ab886743e98e97e090ed38,0x82c098f46636bcd9fe108833479cbfc5a5ca71f386ca90278e3be47f95a96abe
54,412.95,0.28700025,0x8537015b8b858dee79f7e324ce7e6c8d5a50af69,2017-09-25T05:19:47.000Z,0.000695,0x8dbd7b3258be2824df1b3f87430d508638408cc1,buy,0xcc4ef9eeaf656ac1a2ab886743e98e97e090ed38,0x61a2ded5e84857c0dbe23078ae329a652214a0ef9ed3143c67ec17d9c7cbbeab
55,1,0.00078888,0x636d925f140f761f7a0e600db2177dd068ddada1,2017-09-23T11:47:53.000Z,0.00078888,0xd0e0fece8a16f36bc23e07f92f98b191624f331a,buy,0xcc4ef9eeaf656ac1a2ab886743e98e97e090ed38,0xc978816f4e921fc999471e076f9d7aeba9b3716b06eea5a8c044621e58e91c4b
56,398.7638321204267,0.18741904097298376,0x33a8316094b5c0ea2c4cbae659c1c1b11ff8c06f,2017-09-22T18:15:35.000Z,0.00047000009999999997,0xbfb50b318ebd18975bd60b8d21488a8595debe74,sell,0xcc4ef9eeaf656ac1a2ab886743e98e97e090ed38,0x829780e60e3a3cd5c20071d8229e7306c390df4411b6aadc81ad5cf9aaa4ce09
57,3580.998,1.790499,0x8dbd7b3258be2824df1b3f87430d508638408cc1,2017-09-22T06:27:04.000Z,0.0005,0xfa7f59b9ec4ae8693866b67f55fc9280bb36f58f,buy,0xcc4ef9eeaf656ac1a2ab886743e98e97e090ed38,0xda802eacbc607b654f47709bbb9dc344224054231e903a079edbaf8e375e172d
58,3589.107435388736,1.7945537176943682,0x39b421eaf279c35f69afb85c8762d1d7a3511c98,2017-09-22T04:50:29.000Z,0.0005,0xfa7f59b9ec4ae8693866b67f55fc9280bb36f58f,buy,0xcc4ef9eeaf656ac1a2ab886743e98e97e090ed38,0xc25979193bf2dd93e624610b17fe00439dd6aed1f33f4b49c983cd25e5ae2111
59,6820,3.41,0x66a4e99923ff534c41936d0b28a13980b0a942f0,2017-09-22T01:23:07.000Z,0.0005,0xfa7f59b9ec4ae8693866b67f55fc9280bb36f58f,buy,0xcc4ef9eeaf656ac1a2ab886743e98e97e090ed38,0x6e3794ceb74280f98561400560a92a87e29628f8a5894a782de68b8ef357d93b
60,2336.6843844135774,1.1683421922067887,0x39b421eaf279c35f69afb85c8762d1d7a3511c98,2017-09-22T00:34:07.000Z,0.0005,0xfa7f59b9ec4ae8693866b67f55fc9280bb36f58f,buy,0xcc4ef9eeaf656ac1a2ab886743e98e97e090ed38,0x3f312e704bdbb39fc64c283c25e4162d471dbe510f6f6a6069f8e9d4d5cc3b71
61,1,0.0005,0xab13b657aff57ceee2955d2128c34b37932f6f3a,2017-09-21T23:40:52.000Z,0.0005,0xfa7f59b9ec4ae8693866b67f55fc9280bb36f58f,buy,0xcc4ef9eeaf656ac1a2ab886743e98e97e090ed38,0x6ad38eaafe044797a161655317b9633a89a8e74dd0b795c308f9e4b32a07c262
62,2,0.001,0x19b78488b79c6a45d4e060f05a2b35c4873f25c5,2017-09-21T22:51:44.000Z,0.0005,0xfa7f59b9ec4ae8693866b67f55fc9280bb36f58f,buy,0xcc4ef9eeaf656ac1a2ab886743e98e97e090ed38,0xa83a07e193f9f33edf8b58fedc117cbc913af524d4d58c9e8dbe822b4802c148
63,2200,1.1,0xf9ac154b1c43a57228d8dd18175ce5c0386a3e8c,2017-09-21T16:17:29.000Z,0.0005,0xfa7f59b9ec4ae8693866b67f55fc9280bb36f58f,buy,0xcc4ef9eeaf656ac1a2ab886743e98e97e090ed38,0xa0897654f5cddbf9bbd9c2c7f23a83fb0be8854c7d71fd3a43a1d9e3b495ccef
64,498.5044865220097,0.23429710866534456,0xf9ac154b1c43a57228d8dd18175ce5c0386a3e8c,2017-09-20T18:27:37.000Z,0.00047,0x36513e2ee2751d2b679479424f0e9eb48695bfde,sell,0xcc4ef9eeaf656ac1a2ab886743e98e97e090ed38,0x1f8054512b2b74bea51944d90d80b011ec47a5890609f8a86123556e569bca49
65,498.50430227916394,0.27417736625354017,0x4454847b528907f6819a6696491370060a37e5d0,2017-09-19T13:25:13.000Z,0.00055,0x36513e2ee2751d2b679479424f0e9eb48695bfde,sell,0xcc4ef9eeaf656ac1a2ab886743e98e97e090ed38,0xe7f837f89009b19613c8917b6470c5296f2ce1ebb72562c2fdf683ddcefacd44
66,496.6561622933595,0.27316088926134774,0x4454847b528907f6819a6696491370060a37e5d0,2017-09-19T12:56:40.000Z,0.00055,0x36513e2ee2751d2b679479424f0e9eb48695bfde,sell,0xcc4ef9eeaf656ac1a2ab886743e98e97e090ed38,0xe2d392230806bc9b56a0439e4ece8a91dab73ed677f33cb3aa69b27c9588a09b
67,249.23733336237964,0.11215680001307084,0xf9ac154b1c43a57228d8dd18175ce5c0386a3e8c,2017-09-19T04:44:54.000Z,0.00045,0x9c1b289210263135a61022624bd0d525d5befa12,sell,0xcc4ef9eeaf656ac1a2ab886743e98e97e090ed38,0x19b958db23edbbb39bd659410d7fb8860c17ffad721e973fa7d4ad2cd94cbb86
68,99.69095803010667,0.044860931113548004,0xf9ac154b1c43a57228d8dd18175ce5c0386a3e8c,2017-09-19T04:00:51.000Z,0.00045,0x9c1b289210263135a61022624bd0d525d5befa12,sell,0xcc4ef9eeaf656ac1a2ab886743e98e97e090ed38,0xae986ce8619b00924d7dd49786d8c3c8f08bb50b070ed0cffc2dbba0626ed10b
69,66.95287596356114,0.02815368434267746,0x8dbd7b3258be2824df1b3f87430d508638408cc1,2017-09-18T09:37:47.000Z,0.0004205,0x6f9fcac7ac5e87ec747d47e81a42e8ca6b73e95a,sell,0xcc4ef9eeaf656ac1a2ab886743e98e97e090ed38,0x38619cdda17c901515be62527cbd2109ae9793585f66c6b91ce5fc062790b3b5
70,3,0.0011736,0x78b0e4933f5b7d90102367e28efcde256998411e,2017-09-17T11:22:59.000Z,0.0003912,0x54b59cbea68b581f1fa6ae1c3d5ea0643e8e2378,sell,0xcc4ef9eeaf656ac1a2ab886743e98e97e090ed38,0x326fd7f5c30af938ea843ce5b598bcbd3c01bb12ffbf2fa4a9917ee47ee6d537
71,3,0.0011736,0x78b0e4933f5b7d90102367e28efcde256998411e,2017-09-17T09:53:21.000Z,0.0003912,0x54b59cbea68b581f1fa6ae1c3d5ea0643e8e2378,sell,0xcc4ef9eeaf656ac1a2ab886743e98e97e090ed38,0x13b367a40e1344e13686c11e9c6bcdf3f6ba4ef7743e983232999ae7e41897c1
72,0.005962972267776294,0.000003577789323638,0x714cf1e7d7ec9f915550faa450908aac31bc86f8,2017-09-16T18:19:51.000Z,0.0006000009999999926,0xece5dd8b1ee75e0b7cfc1a1ff5f9dde43d99535f,sell,0xcc4ef9eeaf656ac1a2ab886743e98e97e090ed38,0x1f7ce9e2bdf1543a81a08a207e4ff59dd8aa2a926f51ae764fb8f0db51dd88d0
73,0.128,0.000076800128,0x714cf1e7d7ec9f915550faa450908aac31bc86f8,2017-09-16T17:19:55.000Z,0.000600001,0x39b421eaf279c35f69afb85c8762d1d7a3511c98,sell,0xcc4ef9eeaf656ac1a2ab886743e98e97e090ed38,0xf2ac550762418c4d685068e42be25a4f1ad8dda2de6a8e56b1616e3a8f3f09fd
74,0.128,0.000076800128,0x714cf1e7d7ec9f915550faa450908aac31bc86f8,2017-09-16T17:18:15.000Z,0.000600001,0x39b421eaf279c35f69afb85c8762d1d7a3511c98,sell,0xcc4ef9eeaf656ac1a2ab886743e98e97e090ed38,0xf2ac550762418c4d685068e42be25a4f1ad8dda2de6a8e56b1616e3a8f3f09fd
75,0.5000000050000001,0.0005,0x42c24a83bded723edfdf5883bc7efb30bc1a1bf3,2017-09-16T17:12:23.000Z,0.00099999999,0xd0e0fece8a16f36bc23e07f92f98b191624f331a,buy,0xcc4ef9eeaf656ac1a2ab886743e98e97e090ed38,0x12457fb99b4be80599b6f8c7d9501d9a056e9c42142fcccf666bb4f57298e547
76,1284.6575615591667,0.7707958215930615,0x714cf1e7d7ec9f915550faa450908aac31bc86f8,2017-09-16T16:27:37.000Z,0.000600001,0x39b421eaf279c35f69afb85c8762d1d7a3511c98,sell,0xcc4ef9eeaf656ac1a2ab886743e98e97e090ed38,0xdaa9b06dced3fe8ce44005a5d6c9926cdebc8e19f941acfceb87d24ae91d0cdf
77,0.5000000050000001,0.0005,0x0f657c396dfcd6c59bb82b89fc3adbe5f90ce153,2017-09-16T15:37:50.000Z,0.00099999999,0xd0e0fece8a16f36bc23e07f92f98b191624f331a,buy,0xcc4ef9eeaf656ac1a2ab886743e98e97e090ed38,0xa807647837935471aac3fabc3effa7bf307b409218033660cbcd8cfe516743d4
78,0.5000000050000001,0.0005,0x1f8ac99600c61189d92c85cc760735b9e0067a60,2017-09-16T14:53:36.000Z,0.00099999999,0xd0e0fece8a16f36bc23e07f92f98b191624f331a,buy,0xcc4ef9eeaf656ac1a2ab886743e98e97e090ed38,0xc078b28943b8659831cdbcb00d7d18a550c6ce2e95c4ffdb1a069e16b27a8885
79,0.5000000050000001,0.0005,0x8b24d80c6dd6e1af5a000e03ca8f00886a05f6f5,2017-09-15T03:40:51.000Z,0.00099999999,0xd0e0fece8a16f36bc23e07f92f98b191624f331a,buy,0xcc4ef9eeaf656ac1a2ab886743e98e97e090ed38,0x7e9f56dd19df6b94fd46e2d2afb60b5a9fcc1c12e84a577a0d860af255470fc5
80,0.006694620203254405,0.000004016772121952,0x6f9fcac7ac5e87ec747d47e81a42e8ca6b73e95a,2017-09-14T01:33:45.000Z,0.000599999999999904,0x26554809c4c63ee939a78edb189d5c4508f8d4b1,sell,0xcc4ef9eeaf656ac1a2ab886743e98e97e090ed38,0xe7ac9e0fed84496c0d28f7fe20fd0e93addaf7e81d6c4abb1bec8d7fdd73f128
81,67.15373525884493,0.04029224115530696,0x6f9fcac7ac5e87ec747d47e81a42e8ca6b73e95a,2017-09-14T01:32:35.000Z,0.0006,0x26554809c4c63ee939a78edb189d5c4508f8d4b1,sell,0xcc4ef9eeaf656ac1a2ab886743e98e97e090ed38,0x3f663e94435f4f38c17557af98792b3324b79ce3811cd49556271e8f20065231
82,67.15373525884493,0.04029224115530696,0x6f9fcac7ac5e87ec747d47e81a42e8ca6b73e95a,2017-09-14T01:32:27.000Z,0.0006,0x26554809c4c63ee939a78edb189d5c4508f8d4b1,sell,0xcc4ef9eeaf656ac1a2ab886743e98e97e090ed38,0x3f663e94435f4f38c17557af98792b3324b79ce3811cd49556271e8f20065231
83,147.5,0.147499998525,0xc83eb2af2460ca5ca4bff7ff11d5424784308a49,2017-09-13T23:26:08.000Z,0.00099999999,0xd0e0fece8a16f36bc23e07f92f98b191624f331a,buy,0xcc4ef9eeaf656ac1a2ab886743e98e97e090ed38,0x046e712654b78a891a5d4702161944c69da3a69e9b6a9f498494a17cd4475665
84,500,0.499999995,0xc83eb2af2460ca5ca4bff7ff11d5424784308a49,2017-09-13T23:03:33.000Z,0.00099999999,0xd0e0fece8a16f36bc23e07f92f98b191624f331a,buy,0xcc4ef9eeaf656ac1a2ab886743e98e97e090ed38,0xf6f5286e9c3a1993dcf09359e61e079a340e43c37929d11316ad3e97abf25e35
85,0.5,0.0005,0x4c2fb430e95954bcfa54ce4741a9fc2ff6e415ad,2017-09-13T20:35:11.000Z,0.001,0xa2fee4bbe397f0178f72828d852484e0b5572259,buy,0xcc4ef9eeaf656ac1a2ab886743e98e97e090ed38,0x6d48f2b6acf9432beebfc80584702c94ab021bbe71ebb2ef9c351ba34c1191a6
86,26.317,0.0499996683,0x54b59cbea68b581f1fa6ae1c3d5ea0643e8e2378,2017-09-13T20:30:21.000Z,0.0018999,0x48eaedfa6ab55f414a433f0778f55ed9b827e822,buy,0xcc4ef9eeaf656ac1a2ab886743e98e97e090ed38,0x3fe0f82215799881e926c2a1438794d967e98384db970f55d56ae1f7527e4917
87,43.83825984146944,0.07890448388866084,0x36513e2ee2751d2b679479424f0e9eb48695bfde,2017-09-13T10:27:41.000Z,0.0017999,0xd0e0fece8a16f36bc23e07f92f98b191624f331a,buy,0xcc4ef9eeaf656ac1a2ab886743e98e97e090ed38,0xd0eea5296b01fe7b60503a9b6fae11a2692658d151a0eb4aa229ab08cf6be50a
88,848.4999499949995,0.8484151,0x36513e2ee2751d2b679479424f0e9eb48695bfde,2017-09-13T10:24:31.000Z,0.0009999,0xd0e0fece8a16f36bc23e07f92f98b191624f331a,buy,0xcc4ef9eeaf656ac1a2ab886743e98e97e090ed38,0xa2c9cd88d4232949bc9947ec8c0b4ec697383b87764ee7f9a7040fd1f1f988a5
89,1.234,0.0012338766,0xa3ffcd593710302e1b8fc593d8a2083f81ab439b,2017-09-13T00:49:03.000Z,0.0009999,0xd0e0fece8a16f36bc23e07f92f98b191624f331a,sell,0xcc4ef9eeaf656ac1a2ab886743e98e97e090ed38,0x7f546236d6e33b926775cecdcaf9f154d89d0c39f2fbf0432666ba210c875300
90,1,0.0009999,0x0024a5046fd95c5eee6db19a69ef7ed3bacd50f1,2017-09-11T19:34:25.000Z,0.0009999,0xd0e0fece8a16f36bc23e07f92f98b191624f331a,buy,0xcc4ef9eeaf656ac1a2ab886743e98e97e090ed38,0x0fbcf15f46dc728a29d8aa12399d7699a05ed6ad7d706eda216521c2e048c923
91,150,0.149985,0x98d7d86a36abf430d6311d8685e9760a85b222dd,2017-09-11T06:26:26.000Z,0.0009999,0xd0e0fece8a16f36bc23e07f92f98b191624f331a,buy,0xcc4ef9eeaf656ac1a2ab886743e98e97e090ed38,0x7fa486d5e0d9be06c210def982c23d41cea0a8a400d6605efe1dc0445f7ade5e
92,53,0.053,0x98d7d86a36abf430d6311d8685e9760a85b222dd,2017-09-11T06:15:18.000Z,0.001,0x98d7d86a36abf430d6311d8685e9760a85b222dd,buy,0xcc4ef9eeaf656ac1a2ab886743e98e97e090ed38,0x9f35979d03a331b9f0091de778adbc86a9dd617d041295380cc005aad2cb5d9c
93,6.7367896311066,0.003375131605184406,0x75f157da5b8fe9cc61c40e8f9ba22d99cebc55d2,2017-09-10T06:04:56.000Z,0.0005009999999999999,0x6d3d0dfa885186833d6cf04f7890aab7d3b43cd1,sell,0xcc4ef9eeaf656ac1a2ab886743e98e97e090ed38,0xd8d0b066faa4a744d638dc1c84e6c2f6fb6c8b45eff2013ddf6f76e051643dd4
94,0.5000500050005,0.0005,0x64b604630e055318093215b7ed41697ca4fb5de6,2017-09-10T04:03:28.000Z,0.0009999,0xd0e0fece8a16f36bc23e07f92f98b191624f331a,buy,0xcc4ef9eeaf656ac1a2ab886743e98e97e090ed38,0xa023b9d54a1b069ca438df4b952ec3cce45c3dc33aa8d57ab1c35e4f14748128
95,1313.751,0.719935548,0x714cf1e7d7ec9f915550faa450908aac31bc86f8,2017-09-09T21:23:10.000Z,0.000548,0x9733ae7ececa99c8b1db998a7e8e37bcb3f68ae2,buy,0xcc4ef9eeaf656ac1a2ab886743e98e97e090ed38,0x49db22a2d83ff0845480509fbca4893868db89c54e8776321f50ee88e7917f87
96,378,0.207144,0x714cf1e7d7ec9f915550faa450908aac31bc86f8,2017-09-09T21:22:53.000Z,0.000548,0x89a992323cbd5e0a207825ecb278f5b5cffad4c3,buy,0xcc4ef9eeaf656ac1a2ab886743e98e97e090ed38,0x1b3345644310edc50c33369387bbdd5319954e4916e5301047a5d1b9aeaec7c7
97,100,0.0548,0x155db1d2056577d84344b459abc5d5a1f6e3a518,2017-09-09T17:42:21.000Z,0.000548,0x89a992323cbd5e0a207825ecb278f5b5cffad4c3,buy,0xcc4ef9eeaf656ac1a2ab886743e98e97e090ed38,0x597eefef2cee050aa2fa1a4346a67147bc9f5a7c3216fb928f677cd9ad707952
98,353,0.1765,0x98d7d86a36abf430d6311d8685e9760a85b222dd,2017-09-09T17:29:18.000Z,0.0005,0x89432877c955ee1214904cd2eef4d43e7ddf6a68,buy,0xcc4ef9eeaf656ac1a2ab886743e98e97e090ed38,0x86f98ae1f6b5a1da0d1890ed6288db43c99828963a8d143590b07b7fd6e55b6a
99,145.24413156711444,0.07973902823034583,0x36513e2ee2751d2b679479424f0e9eb48695bfde,2017-09-07T21:16:20.000Z,0.000549,0x89432877c955ee1214904cd2eef4d43e7ddf6a68,buy,0xcc4ef9eeaf656ac1a2ab886743e98e97e090ed38,0x5062261b770bca791c39a51e977b03626fd66da27b80fab09800a9d8833e2fd5
100,999.81591514373,0.5498987533290515,0xdc28a281a79b880b09d2b1afd87f278b8d6d5c62,2017-09-06T16:18:31.000Z,0.00055,0xdc28a281a79b880b09d2b1afd87f278b8d6d5c62,buy,0xcc4ef9eeaf656ac1a2ab886743e98e97e090ed38,0x136ad57bd3b215fc07573ae3a73273dffcf934881c0a262cbe21c0451ff2f591
101,0.18408485627007637,0.000101246670948542,0xdc28a281a79b880b09d2b1afd87f278b8d6d5c62,2017-09-05T22:30:39.000Z,0.00055,0xdc28a281a79b880b09d2b1afd87f278b8d6d5c62,buy,0xcc4ef9eeaf656ac1a2ab886743e98e97e090ed38,0x97b2a02dff10064e392759c6f9ccb3cbd139ee817ad27971500d56b7d351ffed
102,59.814574818064,0.0239258299272256,0xd62154498b1e526f0cfbd89ef72fda86bd8a873e,2017-09-05T19:35:44.000Z,0.00039999999999999996,0xece5dd8b1ee75e0b7cfc1a1ff5f9dde43d99535f,sell,0xcc4ef9eeaf656ac1a2ab886743e98e97e090ed38,0xea2f1f30fb1e4306178daa8bd026bab1f4a41c1739a37260eee059075c2093b0
103,464.616,0.232308,0x36513e2ee2751d2b679479424f0e9eb48695bfde,2017-09-04T12:32:49.000Z,0.0005,0x5838ab653b06aa6fe4e3be9238486eecf1d86457,buy,0xcc4ef9eeaf656ac1a2ab886743e98e97e090ed38,0xe8ab4dc144654beed76ef3dd57cb9efb5e978a0befa2c641f9303f6d7690656f
104,1535.3838778786474,0.7676919389393237,0x4454847b528907f6819a6696491370060a37e5d0,2017-09-04T07:06:05.000Z,0.0005,0x5838ab653b06aa6fe4e3be9238486eecf1d86457,buy,0xcc4ef9eeaf656ac1a2ab886743e98e97e090ed38,0xf754f8d019f8a825578e207978edfbcc71bb95dff9b013083e0016a73135d8e7
105,25,0.015,0xc9b30b13f82ebc646e85ac9e005a73b93c9f6f6c,2017-09-02T08:28:26.000Z,0.0006,0x545f7942afa89daac11e52a2e5b67474ebcf4717,buy,0xcc4ef9eeaf656ac1a2ab886743e98e97e090ed38,0x18b9f83af556e7e8302ffe32fb22b33251fe6fefa0a74b75ef5f825ed6f0ac91
106,108.36040304618659,0.06934827402069241,0xa626212b12846e08cb3929ae57294eabbdf8e02f,2017-09-01T15:15:26.000Z,0.000639978,0xd0e0fece8a16f36bc23e07f92f98b191624f331a,buy,0xcc4ef9eeaf656ac1a2ab886743e98e97e090ed38,0x2deb942738ae128d2d9569629bbc645a4fcfff2fecd2e21bd9f8018430be2d6b
107,81.00168783248091,0.05183929817565547,0x155db1d2056577d84344b459abc5d5a1f6e3a518,2017-09-01T15:10:54.000Z,0.000639978,0xd0e0fece8a16f36bc23e07f92f98b191624f331a,buy,0xcc4ef9eeaf656ac1a2ab886743e98e97e090ed38,0xa0cbd51014758bb73474aa7e9fa11dc2462f8d207a9710e27e5b4e45518571ed
108,159.99391695238214,0.10239258698335162,0xb855512184923b9edb4e9a3cf780d1329fdcd606,2017-08-31T10:13:40.000Z,0.000639978,0xd0e0fece8a16f36bc23e07f92f98b191624f331a,buy,0xcc4ef9eeaf656ac1a2ab886743e98e97e090ed38,0xd848f242538b9733fb515c1491e230571c22619f59de8d5fb82a9d581eb49ac6
109,0.5,0.0003199945,0x98f0deb428b74fb5302d250af5d55e77c8519f2a,2017-08-30T13:46:53.000Z,0.000639989,0xd0e0fece8a16f36bc23e07f92f98b191624f331a,buy,0xcc4ef9eeaf656ac1a2ab886743e98e97e090ed38,0x319eb4f696a572e8984aaddfea0f5d9a3664f98e70072185a88c7bdfadc8858f
110,74.54993374170107,0.024825127935986454,0x00c41163564d69a784e45736e281c5f4323bfea3,2017-08-30T11:25:50.000Z,0.000333,0x36513e2ee2751d2b679479424f0e9eb48695bfde,sell,0xcc4ef9eeaf656ac1a2ab886743e98e97e090ed38,0xcac32ccf277db2b98c914e9527800f0cb69eb79fe969071e4d5828fb84559e9c
111,30,0.0129,0xece5dd8b1ee75e0b7cfc1a1ff5f9dde43d99535f,2017-08-30T11:22:04.000Z,0.00043,0x36513e2ee2751d2b679479424f0e9eb48695bfde,sell,0xcc4ef9eeaf656ac1a2ab886743e98e97e090ed38,0xc469ca53fe122f05f7be6843fd7bd9173e2b49512d0583bd4a6e2e15b41e8824
112,30,0.0129,0xece5dd8b1ee75e0b7cfc1a1ff5f9dde43d99535f,2017-08-30T11:19:23.000Z,0.00043,0x36513e2ee2751d2b679479424f0e9eb48695bfde,sell,0xcc4ef9eeaf656ac1a2ab886743e98e97e090ed38,0x0a66c9afa9dbf3c9b7efd1d141c530d3c35db53dd58be7ccbaaa353f73bc3e78
113,2650.4775288770684,0.771288960903227,0xd0e0fece8a16f36bc23e07f92f98b191624f331a,2017-08-30T11:16:46.000Z,0.000291,0x36513e2ee2751d2b679479424f0e9eb48695bfde,sell,0xcc4ef9eeaf656ac1a2ab886743e98e97e090ed38,0x7fb7356234476cb28027653124a5dc5826876d719fa90dd686d39314dfcabca9
114,200,0.078,0x00c41163564d69a784e45736e281c5f4323bfea3,2017-08-30T11:11:02.000Z,0.00039,0x36513e2ee2751d2b679479424f0e9eb48695bfde,sell,0xcc4ef9eeaf656ac1a2ab886743e98e97e090ed38,0xa6bab3c7b1e7bb01644a739e140c787642ed58933d76b2f682ba60b4463ed587
115,600,0.228,0x00c41163564d69a784e45736e281c5f4323bfea3,2017-08-30T11:11:02.000Z,0.00038,0x36513e2ee2751d2b679479424f0e9eb48695bfde,sell,0xcc4ef9eeaf656ac1a2ab886743e98e97e090ed38,0xcf01a1b32f760ce89827bae1d8b5e84d8e0cfcc884cf6e379b7d900e661135bb
116,100,0.042,0x00c41163564d69a784e45736e281c5f4323bfea3,2017-08-30T11:09:35.000Z,0.00042,0x36513e2ee2751d2b679479424f0e9eb48695bfde,sell,0xcc4ef9eeaf656ac1a2ab886743e98e97e090ed38,0x131b168b399a09af95c5f09f2825d67e53b569deccbfe5db8d717bcc48fb750e
117,150,0.06,0x00c41163564d69a784e45736e281c5f4323bfea3,2017-08-30T11:09:35.000Z,0.0004,0x36513e2ee2751d2b679479424f0e9eb48695bfde,sell,0xcc4ef9eeaf656ac1a2ab886743e98e97e090ed38,0x585964b8bd7bf09c0a2de601681bca96c4017c5512bbe786c872910d7957ae33
118,100,0.048,0x946151fa04270a2d81ff3abc7f0648f1767a0fce,2017-08-30T11:09:34.000Z,0.00048,0x36513e2ee2751d2b679479424f0e9eb48695bfde,sell,0xcc4ef9eeaf656ac1a2ab886743e98e97e090ed38,0xeffa99d5d17c4d57ade2aa787fc62670530c3a3b2f8c0dc3527e36460dbc378d
119,167.095779,0.334024462221,0x77fff7cb5b6be46e7f7a5f996af852696ac8232a,2017-08-29T11:22:22.000Z,0.001999,0x93bf27a3512f28a4ce66ebd0bc0fc8dfd0602448,buy,0xcc4ef9eeaf656ac1a2ab886743e98e97e090ed38,0x16df304df3a367e7a01793db38342a652a3378450590d94376792195f29032b2
120,250,0.36975,0x77fff7cb5b6be46e7f7a5f996af852696ac8232a,2017-08-29T11:21:54.000Z,0.001479,0x48eaedfa6ab55f414a433f0778f55ed9b827e822,buy,0xcc4ef9eeaf656ac1a2ab886743e98e97e090ed38,0x4a60283fb64c05c14a79598e85b2c30d844d6ea15d4ace16b501bbf18ea8c3e8
121,140,0.13986,0x77fff7cb5b6be46e7f7a5f996af852696ac8232a,2017-08-29T11:20:03.000Z,0.000999,0xd0e0fece8a16f36bc23e07f92f98b191624f331a,buy,0xcc4ef9eeaf656ac1a2ab886743e98e97e090ed38,0x91795e9e3f8a80acf93c4503c5d61f5b12d3f883f6aa62b0e665e4d0a308e28f
122,50,0.04995,0xbc43454e4b5c4cdbb2099449b76e11664307a1f2,2017-08-28T21:27:42.000Z,0.000999,0xd0e0fece8a16f36bc23e07f92f98b191624f331a,buy,0xcc4ef9eeaf656ac1a2ab886743e98e97e090ed38,0xd420a0ec1d2a107ac5be33e2606d5f7a004263849231ea482d1fb5361742ac39
123,399.79064898813675,0.13992672714584786,0x5104efc872d45dba3a97bf02aebe240dfc283321,2017-08-28T12:41:08.000Z,0.00035,0x75f157da5b8fe9cc61c40e8f9ba22d99cebc55d2,sell,0xcc4ef9eeaf656ac1a2ab886743e98e97e090ed38,0xe52d69f37a16f3731084479ed22379bb24443432f87d23bf57c3bf44f58c0bd2
124,10,0.00999,0x4da4ee0ffa7dda1761d4d2ac0da11f382df2f23a,2017-08-28T11:15:53.000Z,0.000999,0xd0e0fece8a16f36bc23e07f92f98b191624f331a,buy,0xcc4ef9eeaf656ac1a2ab886743e98e97e090ed38,0x92fad9b590c3d19e0f007ae24604614fbd42762a0cb7b0b24e7462dd0ae647e3
125,600,0.24,0x5104efc872d45dba3a97bf02aebe240dfc283321,2017-08-25T16:37:11.000Z,0.0004,0x93bf27a3512f28a4ce66ebd0bc0fc8dfd0602448,sell,0xcc4ef9eeaf656ac1a2ab886743e98e97e090ed38,0xd6cfa21ef13d0d08c17c886875876bea0c94ffd7adbdd83612d06e1dd42f4e7e
126,1000,0.511,0x5524662fa37df94a7c1c8bb7bcf001defb00f57d,2017-08-25T16:37:00.000Z,0.000511,0x93bf27a3512f28a4ce66ebd0bc0fc8dfd0602448,sell,0xcc4ef9eeaf656ac1a2ab886743e98e97e090ed38,0x94dba8051a1288cb666a2225d498da78a8d2fa07ebae248c9bbd1080aeb2b805
127,227.407,0.12507385,0xe5edf2ba13bfb6ed2e4ccb32fbd6d4b73c83277d,2017-08-25T16:35:58.000Z,0.00055,0x93bf27a3512f28a4ce66ebd0bc0fc8dfd0602448,sell,0xcc4ef9eeaf656ac1a2ab886743e98e97e090ed38,0x43ce35bbd773fffc1210b36f6a25e39ff1442fbd42026d21be6ad040507e1a03
128,42.59296181836307,0.02342612900009969,0xe5edf2ba13bfb6ed2e4ccb32fbd6d4b73c83277d,2017-08-25T13:29:12.000Z,0.00055,0xfcd20240e4eac2f59c5065687d21e930f5102c5a,sell,0xcc4ef9eeaf656ac1a2ab886743e98e97e090ed38,0xfff5ddd12d577f08cb1edd01e6e4605711bcf05deff5fc33c95e917b5fd49ee6
129,67.36191183814735,0.09969562952045807,0x26554809c4c63ee939a78edb189d5c4508f8d4b1,2017-08-25T07:29:40.000Z,0.00148,0x9733ae7ececa99c8b1db998a7e8e37bcb3f68ae2,buy,0xcc4ef9eeaf656ac1a2ab886743e98e97e090ed38,0xa2ae16091eb674f469bb6115fcb971b50c95a6142cfee4b113ea344e722d9bc9
130,6.757,0.01000036,0x6d3d0dfa885186833d6cf04f7890aab7d3b43cd1,2017-08-24T19:26:44.000Z,0.00148,0x9733ae7ececa99c8b1db998a7e8e37bcb3f68ae2,buy,0xcc4ef9eeaf656ac1a2ab886743e98e97e090ed38,0x923de4ba5167475932b30b09756dc53cc26ae508ef00c81b44bfcd3faafcf009
131,1,0.00148,0x2d7ad46c8c2128b37f7bbf1d70f81db34d1176ba,2017-08-24T16:49:59.000Z,0.00148,0x9733ae7ececa99c8b1db998a7e8e37bcb3f68ae2,buy,0xcc4ef9eeaf656ac1a2ab886743e98e97e090ed38,0x1e1d1649a681c2785923ab32a827b2e98e99b08ee5ee73c99fc2714312dcc0cf
132,5,0.002,0x93bf27a3512f28a4ce66ebd0bc0fc8dfd0602448,2017-08-24T11:04:41.000Z,0.0004,0x93bf27a3512f28a4ce66ebd0bc0fc8dfd0602448,sell,0xcc4ef9eeaf656ac1a2ab886743e98e97e090ed38,0xac58da7f336d62632b0bf98db8ae27834a82eb2cfbde25499ec669be9e85761c
